{"id":"gen9nationaldexubers-1989176744","p1":"Oakin64","p2":"DragonSoda42","format":"[Gen 9] National Dex Ubers","log":"|j|\u2606Oakin64\n|j|\u2606DragonSoda42\n|t:|1699820310\n|gametype|singles\n|player|p1|Oakin64|101|\n|player|p2|DragonSoda42|misty|\n|teamsize|p1|6\n|teamsize|p2|6\n|gen|9\n|tier|[Gen 9] National Dex Ubers\n|rule|HP Percentage Mod: HP is shown in percentages\n|rule|Endless Battle Clause: Forcing endless battles is banned\n|rule|OHKO Clause: OHKO moves are banned\n|rule|Evasion Moves Clause: Evasion moves are banned\n|rule|Evasion Items Clause: Evasion items are banned\n|rule|Species Clause: Limit one of each Pok\u00e9mon\n|rule|Sleep Clause Mod: Limit one foe put to sleep\n|rule|Mega Rayquaza Clause: You cannot mega evolve Rayquaza\n|clearpoke\n|poke|p1|Houndstone, M|\n|poke|p1|Latias, F|\n|poke|p1|Walrein, M|\n|poke|p1|Bombirdier, F|\n|poke|p1|Heracross, M|\n|poke|p1|Enamorus-Therian, F|\n|poke|p2|Beedrill, M|\n|poke|p2|Whimsicott, F|\n|poke|p2|Gliscor, M|\n|poke|p2|Latios, M|\n|poke|p2|Registeel|\n|poke|p2|Hitmontop, M|\n|teampreview\n|\n|t:|1699820347\n|start\n|switch|p1a: Francesca|Bombirdier, F|100\/100\n|switch|p2a: Gliscor|Gliscor, M|100\/100\n|turn|1\n|\n|t:|1699820353\n|move|p1a: Francesca|Knock Off|p2a: Gliscor\n|-damage|p2a: Gliscor|73\/100\n|-enditem|p2a: Gliscor|Toxic Orb|[from] move: Knock Off|[of] p1a: Francesca\n|move|p2a: Gliscor|Knock Off|p1a: Francesca\n|-resisted|p1a: Francesca\n|-damage|p1a: Francesca|84\/100\n|-enditem|p1a: Francesca|Focus Sash|[from] move: Knock Off|[of] p2a: Gliscor\n|\n|upkeep\n|turn|2\n|\n|t:|1699820361\n|move|p1a: Francesca|Stealth Rock|p2a: Gliscor\n|-sidestart|p2: DragonSoda42|move: Stealth Rock\n|move|p2a: Gliscor|Spikes|p1a: Francesca\n|-sidestart|p1: Oakin64|Spikes\n|\n|upkeep\n|turn|3\n|j| CalamityCentral\n|\n|t:|1699820388\n|switch|p1a: Gum|Heracross, M|100\/100\n|-damage|p1a: Gum|88\/100|[from] Spikes\n|move|p2a: Gliscor|Spikes|p1a: Gum\n|-sidestart|p1: Oakin64|Spikes\n|\n|upkeep\n|turn|4\n|\n|t:|1699820396\n|move|p1a: Gum|Trailblaze|p2a: Gliscor\n|-damage|p2a: Gliscor|63\/100\n|-boost|p1a: Gum|spe|1\n|move|p2a: Gliscor|Knock Off|p1a: Gum\n|-resisted|p1a: Gum\n|-crit|p1a: Gum\n|-damage|p1a: Gum|73\/100\n|\n|upkeep\n|turn|5\n|j| igphhangout\n|j| dcmrulz\n|\n|t:|1699820453\n|switch|p2a: Beedrill|Beedrill, M|100\/100\n|-damage|p2a: Beedrill|76\/100|[from] Stealth Rock\n|move|p1a: Gum|Bulk Up|p1a: Gum\n|-boost|p1a: Gum|atk|1\n|-boost|p1a: Gum|def|1\n|\n|upkeep\n|turn|6\n|\n|t:|1699820484\n|detailschange|p2a: Beedrill|Beedrill-Mega, M\n|-mega|p2a: Beedrill|Beedrill|Beedrillite\n|move|p2a: Beedrill|Poison Jab|p1a: Gum\n|-damage|p1a: Gum|16\/100\n|move|p1a: Gum|Trailblaze|p2a: Beedrill\n|-resisted|p2a: Beedrill\n|-damage|p2a: Beedrill|60\/100\n|-boost|p1a: Gum|spe|1\n|\n|upkeep\n|turn|7\n|l| igphhangout\n|\n|t:|1699820497\n|move|p1a: Gum|Aerial Ace|p2a: Beedrill\n|-supereffective|p2a: Beedrill\n|-crit|p2a: Beedrill\n|-damage|p2a: Beedrill|0 fnt\n|faint|p2a: Beedrill\n|\n|upkeep\n|\n|t:|1699820518\n|switch|p2a: Hitmontop|Hitmontop, M|100\/100\n|-damage|p2a: Hitmontop|94\/100|[from] Stealth Rock\n|-ability|p2a: Hitmontop|Intimidate|boost\n|-unboost|p1a: Gum|atk|1\n|turn|8\n|c|\u2606DragonSoda42|oop didnt mean for that nature\n|c|\u2606DragonSoda42|fuck it we ball\n|\n|t:|1699820573\n|detailschange|p1a: Gum|Heracross-Mega, M\n|-mega|p1a: Gum|Heracross|Heracronite\n|move|p1a: Gum|Aerial Ace|p2a: Hitmontop\n|-supereffective|p2a: Hitmontop\n|-damage|p2a: Hitmontop|12\/100\n|move|p2a: Hitmontop|Rapid Spin|p1a: Gum\n|-damage|p1a: Gum|7\/100\n|-boost|p2a: Hitmontop|spe|1\n|-sideend|p2: DragonSoda42|Stealth Rock|[from] move: Rapid Spin|[of] p2a: Hitmontop\n|\n|upkeep\n|turn|9\n|\n|t:|1699820585\n|move|p2a: Hitmontop|Mach Punch|p1a: Gum\n|-resisted|p1a: Gum\n|-damage|p1a: Gum|2\/100\n|move|p1a: Gum|Trailblaze|p2a: Hitmontop\n|-damage|p2a: Hitmontop|0 fnt\n|-boost|p1a: Gum|spe|1\n|faint|p2a: Hitmontop\n|\n|upkeep\n|\n|t:|1699820593\n|switch|p2a: Latios|Latios, M|100\/100\n|turn|10\n|\n|t:|1699820601\n|move|p1a: Gum|Pin Missile|p2a: Latios\n|-supereffective|p2a: Latios\n|-damage|p2a: Latios|55\/100\n|-supereffective|p2a: Latios\n|-damage|p2a: Latios|7\/100\n|-supereffective|p2a: Latios\n|-damage|p2a: Latios|0 fnt\n|faint|p2a: Latios\n|-hitcount|p2: Latios|3\n|\n|upkeep\n|\n|t:|1699820609\n|switch|p2a: Registeel|Registeel|100\/100\n|turn|11\n|\n|t:|1699820618\n|switch|p1a: Spooky-Doo|Houndstone, M|100\/100\n|-damage|p1a: Spooky-Doo|84\/100|[from] Spikes\n|move|p2a: Registeel|Body Press|p1a: Spooky-Doo\n|-immune|p1a: Spooky-Doo\n|\n|upkeep\n|turn|12\n|\n|t:|1699820630\n|move|p1a: Spooky-Doo|Poltergeist|p2a: Registeel\n|-activate|p2a: Registeel|move: Poltergeist|Leftovers\n|-damage|p2a: Registeel|76\/100\n|move|p2a: Registeel|Thunder Wave|p1a: Spooky-Doo\n|-status|p1a: Spooky-Doo|par\n|\n|-heal|p2a: Registeel|82\/100|[from] item: Leftovers\n|upkeep\n|turn|13\n|\n|t:|1699820638\n|switch|p1a: Gum|Heracross-Mega, M|2\/100\n|-damage|p1a: Gum|0 fnt|[from] Spikes\n|faint|p1a: Gum\n|move|p2a: Registeel|Stealth Rock|p1: Gum\n|-sidestart|p1: Oakin64|move: Stealth Rock\n|\n|-heal|p2a: Registeel|88\/100|[from] item: Leftovers\n|upkeep\n|\n|t:|1699820643\n|switch|p1a: Priscilla|Latias, F|100\/100\n|-damage|p1a: Priscilla|88\/100|[from] Stealth Rock\n|turn|14\n|\n|t:|1699820651\n|move|p1a: Priscilla|Defog|p2a: Registeel\n|-fail|p2a: Registeel|unboost|[from] ability: Clear Body|[of] p2a: Registeel\n|-sideend|p1: Oakin64|Spikes|[from] move: Defog|[of] p1a: Priscilla\n|-sideend|p1: Oakin64|Stealth Rock|[from] move: Defog|[of] p1a: Priscilla\n|move|p2a: Registeel|Thunder Wave|p1a: Priscilla\n|-status|p1a: Priscilla|par\n|\n|-heal|p2a: Registeel|94\/100|[from] item: Leftovers\n|upkeep\n|turn|15\n|\n|t:|1699820663\n|switch|p1a: Spooky-Doo|Houndstone, M|84\/100 par\n|move|p2a: Registeel|Stealth Rock|p1a: Spooky-Doo\n|-sidestart|p1: Oakin64|move: Stealth Rock\n|\n|-heal|p2a: Registeel|99\/100|[from] item: Leftovers\n|upkeep\n|turn|16\n|\n|t:|1699820670\n|switch|p2a: Gliscor|Gliscor, M|63\/100\n|cant|p1a: Spooky-Doo|par\n|\n|upkeep\n|turn|17\n|\n|t:|1699820682\n|switch|p1a: Big Canine|Walrein, M|100\/100\n|-damage|p1a: Big Canine|75\/100|[from] Stealth Rock\n|move|p2a: Gliscor|Knock Off|p1a: Big Canine\n|-damage|p1a: Big Canine|58\/100\n|-enditem|p1a: Big Canine|Lum Berry|[from] move: Knock Off|[of] p2a: Gliscor\n|\n|upkeep\n|turn|18\n|\n|t:|1699820690\n|switch|p2a: Registeel|Registeel|99\/100\n|move|p1a: Big Canine|Surf|p2a: Registeel\n|-damage|p2a: Registeel|81\/100\n|\n|-heal|p2a: Registeel|87\/100|[from] item: Leftovers\n|upkeep\n|turn|19\n|\n|t:|1699820698\n|switch|p1a: Priscilla|Latias, F|88\/100 par\n|-damage|p1a: Priscilla|76\/100 par|[from] Stealth Rock\n|move|p2a: Registeel|Earthquake|p1a: Priscilla\n|-immune|p1a: Priscilla|[from] ability: Levitate\n|\n|-heal|p2a: Registeel|93\/100|[from] item: Leftovers\n|upkeep\n|turn|20\n|\n|t:|1699820707\n|switch|p2a: Whimsicott|Whimsicott, F|100\/100\n|move|p1a: Priscilla|Trick|p2a: Whimsicott\n|-activate|p1a: Priscilla|move: Trick|[of] p2a: Whimsicott\n|-item|p2a: Whimsicott|Choice Scarf|[from] move: Trick\n|-item|p1a: Priscilla|Heavy-Duty Boots|[from] move: Trick\n|\n|upkeep\n|turn|21\n|\n|t:|1699820735\n|switch|p1a: Big Canine|Walrein, M|58\/100\n|-damage|p1a: Big Canine|33\/100|[from] Stealth Rock\n|move|p2a: Whimsicott|Moonblast|p1a: Big Canine\n|-damage|p1a: Big Canine|7\/100\n|\n|upkeep\n|turn|22\n|\n|t:|1699820741\n|move|p2a: Whimsicott|Moonblast|p1a: Big Canine\n|-damage|p1a: Big Canine|0 fnt\n|faint|p1a: Big Canine\n|\n|upkeep\n|\n|t:|1699820748\n|switch|p1a: Spooky-Doo|Houndstone, M|84\/100 par\n|-damage|p1a: Spooky-Doo|71\/100 par|[from] Stealth Rock\n|turn|23\n|\n|t:|1699820756\n|switch|p2a: Registeel|Registeel|93\/100\n|cant|p1a: Spooky-Doo|par\n|\n|-heal|p2a: Registeel|99\/100|[from] item: Leftovers\n|upkeep\n|turn|24\n|c| dcmrulz|that para being a menace\n|\n|t:|1699820768\n|switch|p1a: Jennika|Enamorus-Therian, F|100\/100\n|-damage|p1a: Jennika|75\/100|[from] Stealth Rock\n|move|p2a: Registeel|Body Press|p1a: Jennika\n|-resisted|p1a: Jennika\n|-damage|p1a: Jennika|68\/100\n|\n|-heal|p2a: Registeel|100\/100|[from] item: Leftovers\n|upkeep\n|turn|25\n|\n|t:|1699820784\n|switch|p2a: Whimsicott|Whimsicott, F|100\/100\n|move|p1a: Jennika|Mystical Fire|p2a: Whimsicott\n|-supereffective|p2a: Whimsicott\n|-damage|p2a: Whimsicott|26\/100\n|-unboost|p2a: Whimsicott|spa|1\n|\n|upkeep\n|turn|26\n|\n|t:|1699820805\n|move|p2a: Whimsicott|Moonblast|p1a: Jennika\n|-damage|p1a: Jennika|57\/100\n|-unboost|p1a: Jennika|spa|1\n|move|p1a: Jennika|Mystical Fire|p2a: Whimsicott\n|-supereffective|p2a: Whimsicott\n|-damage|p2a: Whimsicott|0 fnt\n|faint|p2a: Whimsicott\n|\n|upkeep\n|\n|t:|1699820812\n|switch|p2a: Gliscor|Gliscor, M|63\/100\n|turn|27\n|\n|t:|1699820823\n|move|p2a: Gliscor|Knock Off|p1a: Jennika\n|-resisted|p1a: Jennika\n|-damage|p1a: Jennika|47\/100\n|-enditem|p1a: Jennika|Assault Vest|[from] move: Knock Off|[of] p2a: Gliscor\n|move|p1a: Jennika|Moonblast|p2a: Gliscor\n|-damage|p2a: Gliscor|27\/100\n|-unboost|p2a: Gliscor|spa|1\n|\n|upkeep\n|turn|28\n|\n|t:|1699820832\n|move|p2a: Gliscor|Spikes|p1a: Jennika\n|-sidestart|p1: Oakin64|Spikes\n|move|p1a: Jennika|Moonblast|p2a: Gliscor\n|-damage|p2a: Gliscor|0 fnt\n|faint|p2a: Gliscor\n|\n|upkeep\n|\n|t:|1699820839\n|switch|p2a: Registeel|Registeel|100\/100\n|turn|29\n|\n|t:|1699820845\n|switch|p1a: Priscilla|Latias, F|76\/100 par\n|move|p2a: Registeel|Body Press|p1a: Priscilla\n|-resisted|p1a: Priscilla\n|-damage|p1a: Priscilla|54\/100 par\n|\n|upkeep\n|turn|30\n|\n|t:|1699820851\n|move|p1a: Priscilla|Defog|p2a: Registeel\n|-fail|p2a: Registeel|unboost|[from] ability: Clear Body|[of] p2a: Registeel\n|-sideend|p1: Oakin64|Spikes|[from] move: Defog|[of] p1a: Priscilla\n|-sideend|p1: Oakin64|Stealth Rock|[from] move: Defog|[of] p1a: Priscilla\n|move|p2a: Registeel|Body Press|p1a: Priscilla\n|-resisted|p1a: Priscilla\n|-damage|p1a: Priscilla|34\/100 par\n|\n|upkeep\n|turn|31\n|\n|t:|1699820863\n|switch|p1a: Jennika|Enamorus-Therian, F|47\/100\n|move|p2a: Registeel|Stealth Rock|p1a: Jennika\n|-sidestart|p1: Oakin64|move: Stealth Rock\n|\n|upkeep\n|turn|32\n|\n|t:|1699820867\n|move|p1a: Jennika|Earth Power|p2a: Registeel\n|-supereffective|p2a: Registeel\n|-damage|p2a: Registeel|63\/100\n|move|p2a: Registeel|Body Press|p1a: Jennika\n|-resisted|p1a: Jennika\n|-damage|p1a: Jennika|39\/100\n|\n|-heal|p2a: Registeel|69\/100|[from] item: Leftovers\n|upkeep\n|turn|33\n|\n|t:|1699820875\n|move|p1a: Jennika|Focus Blast|p2a: Registeel|[miss]\n|-miss|p1a: Jennika|p2a: Registeel\n|move|p2a: Registeel|Body Press|p1a: Jennika\n|-resisted|p1a: Jennika\n|-damage|p1a: Jennika|33\/100\n|\n|-heal|p2a: Registeel|75\/100|[from] item: Leftovers\n|upkeep\n|turn|34\n|\n|t:|1699820882\n|move|p1a: Jennika|Earth Power|p2a: Registeel\n|-supereffective|p2a: Registeel\n|-damage|p2a: Registeel|42\/100\n|move|p2a: Registeel|Body Press|p1a: Jennika\n|-resisted|p1a: Jennika\n|-damage|p1a: Jennika|25\/100\n|\n|-heal|p2a: Registeel|48\/100|[from] item: Leftovers\n|upkeep\n|turn|35\n|\n|t:|1699820890\n|move|p1a: Jennika|Earth Power|p2a: Registeel\n|-supereffective|p2a: Registeel\n|-damage|p2a: Registeel|11\/100\n|move|p2a: Registeel|Body Press|p1a: Jennika\n|-resisted|p1a: Jennika\n|-damage|p1a: Jennika|18\/100\n|\n|-heal|p2a: Registeel|17\/100|[from] item: Leftovers\n|upkeep\n|turn|36\n|\n|t:|1699820898\n|move|p1a: Jennika|Earth Power|p2a: Registeel\n|-supereffective|p2a: Registeel\n|-damage|p2a: Registeel|0 fnt\n|faint|p2a: Registeel\n|\n|win|Oakin64\n|l|\u2606DragonSoda42\n","uploadtime":1699820904,"views":27,"p1id":"oakin64","p2id":"dragonsoda42","formatid":"gen9nationaldexubers","rating":0,"private":0,"password":""}