{"id":"gen9nationaldexubers-1979297684","p1":"numba 1 ladderer","p2":"Ulvsblakk","format":"[Gen 9] National Dex Ubers","log":"|j|\u2606numba 1 ladderer\n|j|\u2606Ulvsblakk\n|t:|1698668116\n|gametype|singles\n|player|p1|numba 1 ladderer|rocker-gen3|1220\n|player|p2|Ulvsblakk|gentleman-gen4|1123\n|teamsize|p1|6\n|teamsize|p2|6\n|gen|9\n|tier|[Gen 9] National Dex Ubers\n|rated|\n|rule|HP Percentage Mod: HP is shown in percentages\n|rule|Endless Battle Clause: Forcing endless battles is banned\n|rule|OHKO Clause: OHKO moves are banned\n|rule|Evasion Moves Clause: Evasion moves are banned\n|rule|Evasion Items Clause: Evasion items are banned\n|rule|Species Clause: Limit one of each Pok\u00e9mon\n|rule|Sleep Clause Mod: Limit one foe put to sleep\n|rule|Mega Rayquaza Clause: You cannot mega evolve Rayquaza\n|clearpoke\n|poke|p1|Bibarel, M|\n|poke|p1|Flutter Mane|\n|poke|p1|Cyclizar, M|\n|poke|p1|Groudon|\n|poke|p1|Ho-Oh|\n|poke|p1|Chansey, F|\n|poke|p2|Charizard, F|\n|poke|p2|Espeon, F|\n|poke|p2|Venusaur, F|\n|poke|p2|Donphan, F|\n|poke|p2|Vaporeon, F|\n|poke|p2|Ninetales, F|\n|teampreview\n|inactive|Battle timer is ON: inactive players will automatically lose when time's up. (requested by numba 1 ladderer)\n|\n|t:|1698668126\n|start\n|switch|p1a: Boris|Cyclizar, M|100\/100\n|switch|p2a: Donphan|Donphan, F|100\/100\n|turn|1\n|\n|t:|1698668133\n|move|p1a: Boris|Shed Tail|p1a: Boris\n|-start|p1a: Boris|Substitute|[from] move: Shed Tail\n|-damage|p1a: Boris|50\/100\n|\n|t:|1698668138\n|switch|p1a: Caillou|Bibarel, M, shiny|100\/100|[from] Shed Tail\n|move|p2a: Donphan|Roar|p1a: Caillou\n|drag|p1a: Doris|Groudon|100\/100\n|detailschange|p1a: Doris|Groudon-Primal\n|-primal|p1a: Doris|Red Orb\n|-weather|DesolateLand|[from] ability: Desolate Land|[of] p1a: Doris\n|\n|-weather|DesolateLand|[upkeep]\n|upkeep\n|turn|2\n|\n|t:|1698668149\n|move|p1a: Doris|Lava Plume|p2a: Donphan\n|-damage|p2a: Donphan|27\/100\n|-status|p2a: Donphan|brn\n|move|p2a: Donphan|Earthquake|p1a: Doris\n|-supereffective|p1a: Doris\n|-damage|p1a: Doris|82\/100\n|\n|-weather|DesolateLand|[upkeep]\n|-heal|p2a: Donphan|33\/100 brn|[from] item: Leftovers\n|-damage|p2a: Donphan|27\/100 brn|[from] brn\n|upkeep\n|turn|3\n|c|\u2606numba 1 ladderer|deserved\n|\n|t:|1698668161\n|move|p1a: Doris|Stealth Rock|p2a: Donphan\n|-sidestart|p2: Ulvsblakk|move: Stealth Rock\n|move|p2a: Donphan|Earthquake|p1a: Doris\n|-supereffective|p1a: Doris\n|-damage|p1a: Doris|64\/100\n|\n|-weather|DesolateLand|[upkeep]\n|-heal|p2a: Donphan|33\/100 brn|[from] item: Leftovers\n|-damage|p2a: Donphan|27\/100 brn|[from] brn\n|upkeep\n|turn|4\n|\n|t:|1698668166\n|move|p1a: Doris|Lava Plume|p2a: Donphan\n|-damage|p2a: Donphan|0 fnt\n|faint|p2a: Donphan\n|\n|-weather|DesolateLand|[upkeep]\n|upkeep\n|\n|t:|1698668174\n|switch|p2a: Vaporeon|Vaporeon, F|100\/100\n|-damage|p2a: Vaporeon|88\/100|[from] Stealth Rock\n|turn|5\n|\n|t:|1698668176\n|move|p1a: Doris|Thunder Wave|p2a: Vaporeon\n|-status|p2a: Vaporeon|par\n|move|p2a: Vaporeon|Toxic|p1a: Doris\n|-status|p1a: Doris|tox\n|\n|-weather|DesolateLand|[upkeep]\n|-heal|p2a: Vaporeon|94\/100 par|[from] item: Leftovers\n|-damage|p1a: Doris|58\/100 tox|[from] psn\n|upkeep\n|turn|6\n|\n|t:|1698668189\n|-weather|none\n|switch|p1a: Dora|Chansey, F|100\/100\n|switch|p2a: Charizard|Charizard, F|100\/100\n|-damage|p2a: Charizard|51\/100|[from] Stealth Rock\n|\n|upkeep\n|turn|7\n|\n|t:|1698668205\n|move|p2a: Charizard|Roost|p2a: Charizard\n|-heal|p2a: Charizard|100\/100\n|-singleturn|p2a: Charizard|move: Roost\n|move|p1a: Dora|Heal Bell|p1a: Dora\n|-activate|p1a: Dora|move: Heal Bell\n|-curestatus|p1: Doris|tox|[msg]\n|\n|upkeep\n|turn|8\n|\n|t:|1698668213\n|switch|p2a: Espeon|Espeon, F|100\/100\n|-damage|p2a: Espeon|88\/100|[from] Stealth Rock\n|move|p1a: Dora|Wish|p1a: Dora\n|\n|upkeep\n|turn|9\n|\n|t:|1698668220\n|switch|p1a: Doris|Groudon-Primal|58\/100\n|-weather|DesolateLand|[from] ability: Desolate Land|[of] p1a: Doris\n|move|p2a: Espeon|Trick||[still]\n|-fail|p2a: Espeon\n|\n|-weather|DesolateLand|[upkeep]\n|-heal|p1a: Doris|100\/100|[from] move: Wish|[wisher] Dora\n|upkeep\n|turn|10\n|c|\u2606numba 1 ladderer|deserved\n|\n|t:|1698668231\n|switch|p2a: Vaporeon|Vaporeon, F|94\/100 par\n|-damage|p2a: Vaporeon|82\/100 par|[from] Stealth Rock\n|move|p1a: Doris|Earthquake|p2a: Vaporeon\n|-damage|p2a: Vaporeon|15\/100 par\n|\n|-weather|DesolateLand|[upkeep]\n|-heal|p2a: Vaporeon|21\/100 par|[from] item: Leftovers\n|upkeep\n|turn|11\n|\n|t:|1698668239\n|switch|p2a: Charizard|Charizard, F|100\/100\n|-damage|p2a: Charizard|51\/100|[from] Stealth Rock\n|move|p1a: Doris|Lava Plume|p2a: Charizard\n|-resisted|p2a: Charizard\n|-damage|p2a: Charizard|11\/100\n|\n|-weather|DesolateLand|[upkeep]\n|upkeep\n|turn|12\n|\n|t:|1698668247\n|detailschange|p2a: Charizard|Charizard-Mega-Y, F\n|-mega|p2a: Charizard|Charizard|Charizardite Y\n|-ability|p2a: Charizard|Drought|[from] desolateland|[fail]\n|move|p2a: Charizard|Air Slash|p1a: Doris|[miss]\n|-miss|p2a: Charizard|p1a: Doris\n|move|p1a: Doris|Thunder Wave|p2a: Charizard\n|-status|p2a: Charizard|par\n|\n|-weather|DesolateLand|[upkeep]\n|upkeep\n|turn|13\n|c|\u2606numba 1 ladderer|deserved\n|\n|t:|1698668259\n|move|p1a: Doris|Lava Plume|p2a: Charizard\n|-resisted|p2a: Charizard\n|-damage|p2a: Charizard|0 fnt\n|faint|p2a: Charizard\n|\n|-weather|DesolateLand|[upkeep]\n|upkeep\n|-message|Ulvsblakk forfeited.\n|\n|win|numba 1 ladderer\n|raw|numba 1 ladderer's rating: 1220 &rarr; <strong>1238<\/strong><br \/>(+18 for winning)\n|raw|Ulvsblakk's rating: 1123 &rarr; <strong>1105<\/strong><br \/>(-18 for losing)\n|l|\u2606Ulvsblakk\n","uploadtime":1698668267,"views":9,"p1id":"numba1ladderer","p2id":"ulvsblakk","formatid":"gen9nationaldexubers","rating":1105,"private":0,"password":""}