{"id":"gen9nationaldexubers-1983618056","p1":"herobrinennn","p2":"AceDecks767","format":"[Gen 9] National Dex Ubers","log":"|j|\u2606herobrinennn\n|j|\u2606AceDecks767\n|t:|1699150050\n|gametype|singles\n|player|p1|herobrinennn|swimmer-gen4dp|1176\n|player|p2|AceDecks767|102|1069\n|teamsize|p1|6\n|teamsize|p2|6\n|gen|9\n|tier|[Gen 9] National Dex Ubers\n|rated|\n|rule|HP Percentage Mod: HP is shown in percentages\n|rule|Endless Battle Clause: Forcing endless battles is banned\n|rule|OHKO Clause: OHKO moves are banned\n|rule|Evasion Moves Clause: Evasion moves are banned\n|rule|Evasion Items Clause: Evasion items are banned\n|rule|Species Clause: Limit one of each Pok\u00e9mon\n|rule|Sleep Clause Mod: Limit one foe put to sleep\n|rule|Mega Rayquaza Clause: You cannot mega evolve Rayquaza\n|clearpoke\n|poke|p1|Landorus-Therian, M|\n|poke|p1|Toxapex, F|\n|poke|p1|Lucario, F|\n|poke|p1|Greninja-*, F|\n|poke|p1|Ferrothorn, F|\n|poke|p1|Dragapult, F|\n|poke|p2|Darmanitan-Galar, M|\n|poke|p2|Flutter Mane|\n|poke|p2|Deoxys-Attack|\n|poke|p2|Lugia|\n|poke|p2|Toxapex, M|\n|poke|p2|Kingambit, M|\n|teampreview\n|\n|t:|1699150067\n|start\n|switch|p1a: Ferrothorn|Ferrothorn, F|100\/100\n|switch|p2a: Deoxys|Deoxys-Attack|100\/100\n|-ability|p2a: Deoxys|Pressure\n|turn|1\n|\n|t:|1699150076\n|move|p2a: Deoxys|Superpower|p1a: Ferrothorn\n|-supereffective|p1a: Ferrothorn\n|-damage|p1a: Ferrothorn|13\/100\n|-unboost|p2a: Deoxys|atk|1\n|-unboost|p2a: Deoxys|def|1\n|-damage|p2a: Deoxys|88\/100|[from] ability: Iron Barbs|[of] p1a: Ferrothorn\n|-damage|p2a: Deoxys|78\/100|[from] item: Life Orb\n|move|p1a: Ferrothorn|Leech Seed|p2a: Deoxys\n|-start|p2a: Deoxys|move: Leech Seed\n|\n|-heal|p1a: Ferrothorn|19\/100|[from] item: Leftovers\n|-damage|p2a: Deoxys|66\/100|[from] Leech Seed|[of] p1a: Ferrothorn\n|-heal|p1a: Ferrothorn|27\/100|[silent]\n|upkeep\n|turn|2\n|\n|t:|1699150093\n|move|p1a: Ferrothorn|Protect|p1a: Ferrothorn\n|-singleturn|p1a: Ferrothorn|Protect\n|move|p2a: Deoxys|Superpower|p1a: Ferrothorn\n|-activate|p1a: Ferrothorn|move: Protect\n|\n|-heal|p1a: Ferrothorn|34\/100|[from] item: Leftovers\n|-damage|p2a: Deoxys|53\/100|[from] Leech Seed|[of] p1a: Ferrothorn\n|-heal|p1a: Ferrothorn|42\/100|[silent]\n|upkeep\n|turn|3\n|\n|t:|1699150104\n|switch|p1a: Dragapult|Dragapult, F|100\/100\n|move|p2a: Deoxys|Superpower|p1a: Dragapult\n|-immune|p1a: Dragapult\n|\n|-damage|p2a: Deoxys|41\/100|[from] Leech Seed|[of] p1a: Dragapult\n|upkeep\n|turn|4\n|\n|t:|1699150119\n|move|p2a: Deoxys|Dark Pulse|p1a: Dragapult\n|-supereffective|p1a: Dragapult\n|-damage|p1a: Dragapult|0 fnt\n|faint|p1a: Dragapult\n|-damage|p2a: Deoxys|31\/100|[from] item: Life Orb\n|\n|upkeep\n|\n|t:|1699150137\n|switch|p1a: Toxapex|Toxapex, F|100\/100\n|turn|5\n|\n|t:|1699150142\n|move|p1a: Toxapex|Baneful Bunker|p1a: Toxapex\n|-singleturn|p1a: Toxapex|move: Protect\n|move|p2a: Deoxys|Psycho Boost|p1a: Toxapex\n|-activate|p1a: Toxapex|move: Protect\n|\n|-damage|p2a: Deoxys|18\/100|[from] Leech Seed|[of] p1a: Toxapex\n|upkeep\n|turn|6\n|\n|t:|1699150152\n|switch|p1a: Greninja|Greninja, F|100\/100\n|move|p2a: Deoxys|Psycho Boost|p1a: Greninja\n|-immune|p1a: Greninja\n|\n|-damage|p2a: Deoxys|6\/100|[from] Leech Seed|[of] p1a: Greninja\n|upkeep\n|turn|7\n|\n|t:|1699150166\n|switch|p2a: Lugia|Lugia|100\/100\n|switch|p1a: Toxapex|Toxapex, F|100\/100\n|\n|upkeep\n|turn|8\n|\n|t:|1699150186\n|switch|p2a: Darmanitan|Darmanitan-Galar, M|100\/100\n|move|p1a: Toxapex|Toxic|p2a: Darmanitan\n|-status|p2a: Darmanitan|tox\n|\n|-damage|p2a: Darmanitan|95\/100 tox|[from] psn\n|upkeep\n|turn|9\n|\n|t:|1699150196\n|move|p1a: Toxapex|Baneful Bunker|p1a: Toxapex\n|-singleturn|p1a: Toxapex|move: Protect\n|move|p2a: Darmanitan|Earthquake|p1a: Toxapex\n|-activate|p1a: Toxapex|move: Protect\n|\n|-damage|p2a: Darmanitan|83\/100 tox|[from] psn\n|upkeep\n|turn|10\n|\n|t:|1699150205\n|switch|p1a: Landorus|Landorus-Therian, M|100\/100\n|-ability|p1a: Landorus|Intimidate|boost\n|-unboost|p2a: Darmanitan|atk|1\n|move|p2a: Darmanitan|Earthquake|p1a: Landorus\n|-immune|p1a: Landorus\n|\n|-damage|p2a: Darmanitan|65\/100 tox|[from] psn\n|upkeep\n|turn|11\n|\n|t:|1699150219\n|switch|p2a: Lugia|Lugia|100\/100\n|move|p1a: Landorus|Earthquake|p2a: Lugia\n|-immune|p2a: Lugia\n|\n|upkeep\n|turn|12\n|\n|t:|1699150229\n|switch|p1a: Ferrothorn|Ferrothorn, F|42\/100\n|move|p2a: Lugia|Toxic|p1a: Ferrothorn\n|-immune|p1a: Ferrothorn\n|\n|-heal|p1a: Ferrothorn|49\/100|[from] item: Leftovers\n|upkeep\n|turn|13\n|\n|t:|1699150241\n|move|p2a: Lugia|Aeroblast|p1a: Ferrothorn\n|-damage|p1a: Ferrothorn|30\/100\n|move|p1a: Ferrothorn|Stealth Rock|p2a: Lugia\n|-sidestart|p2: AceDecks767|move: Stealth Rock\n|\n|-heal|p1a: Ferrothorn|37\/100|[from] item: Leftovers\n|upkeep\n|turn|14\n|\n|t:|1699150256\n|move|p2a: Lugia|Aeroblast|p1a: Ferrothorn\n|-damage|p1a: Ferrothorn|15\/100\n|move|p1a: Ferrothorn|Power Whip|p2a: Lugia\n|-resisted|p2a: Lugia\n|-damage|p2a: Lugia|95\/100\n|\n|-heal|p2a: Lugia|100\/100|[from] item: Leftovers\n|-heal|p1a: Ferrothorn|21\/100|[from] item: Leftovers\n|upkeep\n|turn|15\n|\n|t:|1699150269\n|move|p1a: Ferrothorn|Protect|p1a: Ferrothorn\n|-singleturn|p1a: Ferrothorn|Protect\n|move|p2a: Lugia|Aeroblast|p1a: Ferrothorn\n|-activate|p1a: Ferrothorn|move: Protect\n|\n|-heal|p1a: Ferrothorn|27\/100|[from] item: Leftovers\n|upkeep\n|turn|16\n|\n|t:|1699150278\n|switch|p1a: Toxapex|Toxapex, F|100\/100\n|move|p2a: Lugia|Aeroblast|p1a: Toxapex\n|-damage|p1a: Toxapex|76\/100\n|\n|-heal|p1a: Toxapex|82\/100|[from] item: Black Sludge\n|upkeep\n|turn|17\n|\n|t:|1699150297\n|switch|p2a: Deoxys|Deoxys-Attack|6\/100\n|-damage|p2a: Deoxys|0 fnt|[from] Stealth Rock\n|faint|p2a: Deoxys\n|move|p1a: Toxapex|Scald|p2: Deoxys|[notarget]\n|-fail|p1a: Toxapex\n|\n|-heal|p1a: Toxapex|88\/100|[from] item: Black Sludge\n|upkeep\n|\n|t:|1699150304\n|switch|p2a: Darmanitan|Darmanitan-Galar, M|65\/100 tox\n|-damage|p2a: Darmanitan|40\/100 tox|[from] Stealth Rock\n|turn|18\n|\n|t:|1699150312\n|move|p1a: Toxapex|Baneful Bunker|p1a: Toxapex\n|-singleturn|p1a: Toxapex|move: Protect\n|move|p2a: Darmanitan|Icicle Crash|p1a: Toxapex\n|-activate|p1a: Toxapex|move: Protect\n|\n|-heal|p1a: Toxapex|95\/100|[from] item: Black Sludge\n|-damage|p2a: Darmanitan|34\/100 tox|[from] psn\n|upkeep\n|turn|19\n|\n|t:|1699150325\n|switch|p1a: Ferrothorn|Ferrothorn, F|27\/100\n|move|p2a: Darmanitan|Icicle Crash|p1a: Ferrothorn\n|-damage|p1a: Ferrothorn|0 fnt\n|faint|p1a: Ferrothorn\n|\n|-damage|p2a: Darmanitan|22\/100 tox|[from] psn\n|upkeep\n|\n|t:|1699150338\n|switch|p1a: Lucario|Lucario, F|100\/100\n|turn|20\n|\n|t:|1699150343\n|detailschange|p1a: Lucario|Lucario-Mega, F\n|-mega|p1a: Lucario|Lucario|Lucarionite\n|move|p1a: Lucario|Extreme Speed|p2a: Darmanitan\n|-damage|p2a: Darmanitan|0 fnt\n|faint|p2a: Darmanitan\n|\n|upkeep\n|\n|t:|1699150353\n|switch|p2a: Flutter Mane|Flutter Mane|100\/100\n|-damage|p2a: Flutter Mane|88\/100|[from] Stealth Rock\n|-enditem|p2a: Flutter Mane|Booster Energy\n|-activate|p2a: Flutter Mane|ability: Protosynthesis|[fromitem]\n|-start|p2a: Flutter Mane|protosynthesisspe\n|turn|21\n|\n|t:|1699150384\n|switch|p1a: Toxapex|Toxapex, F|100\/100\n|move|p2a: Flutter Mane|Moonblast|p1a: Toxapex\n|-resisted|p1a: Toxapex\n|-damage|p1a: Toxapex|77\/100\n|\n|-heal|p1a: Toxapex|84\/100|[from] item: Black Sludge\n|upkeep\n|turn|22\n|\n|t:|1699150395\n|move|p2a: Flutter Mane|Psyshock|p1a: Toxapex\n|-supereffective|p1a: Toxapex\n|-damage|p1a: Toxapex|51\/100\n|move|p1a: Toxapex|Toxic|p2a: Flutter Mane\n|-status|p2a: Flutter Mane|tox\n|\n|-heal|p1a: Toxapex|58\/100|[from] item: Black Sludge\n|-damage|p2a: Flutter Mane|82\/100 tox|[from] psn\n|upkeep\n|turn|23\n|\n|t:|1699150406\n|move|p2a: Flutter Mane|Psyshock|p1a: Toxapex\n|-supereffective|p1a: Toxapex\n|-damage|p1a: Toxapex|26\/100\n|move|p1a: Toxapex|Recover|p1a: Toxapex\n|-heal|p1a: Toxapex|76\/100\n|\n|-heal|p1a: Toxapex|82\/100|[from] item: Black Sludge\n|-damage|p2a: Flutter Mane|70\/100 tox|[from] psn\n|upkeep\n|turn|24\n|\n|t:|1699150417\n|move|p2a: Flutter Mane|Psyshock|p1a: Toxapex\n|-supereffective|p1a: Toxapex\n|-damage|p1a: Toxapex|46\/100\n|move|p1a: Toxapex|Recover|p1a: Toxapex\n|-heal|p1a: Toxapex|96\/100\n|\n|-heal|p1a: Toxapex|100\/100|[from] item: Black Sludge\n|-damage|p2a: Flutter Mane|52\/100 tox|[from] psn\n|upkeep\n|turn|25\n|\n|t:|1699150429\n|move|p2a: Flutter Mane|Psyshock|p1a: Toxapex\n|-supereffective|p1a: Toxapex\n|-damage|p1a: Toxapex|68\/100\n|move|p1a: Toxapex|Scald|p2a: Flutter Mane\n|-damage|p2a: Flutter Mane|34\/100 tox\n|\n|-heal|p1a: Toxapex|74\/100|[from] item: Black Sludge\n|-damage|p2a: Flutter Mane|10\/100 tox|[from] psn\n|upkeep\n|turn|26\n|\n|t:|1699150443\n|move|p2a: Flutter Mane|Psyshock|p1a: Toxapex\n|-supereffective|p1a: Toxapex\n|-damage|p1a: Toxapex|38\/100\n|move|p1a: Toxapex|Recover|p1a: Toxapex\n|-heal|p1a: Toxapex|88\/100\n|\n|-heal|p1a: Toxapex|94\/100|[from] item: Black Sludge\n|-damage|p2a: Flutter Mane|0 fnt|[from] psn\n|faint|p2a: Flutter Mane\n|-end|p2a: Flutter Mane|Protosynthesis|[silent]\n|upkeep\n|\n|t:|1699150459\n|switch|p2a: Toxapex|Toxapex, M|100\/100\n|-damage|p2a: Toxapex|88\/100|[from] Stealth Rock\n|turn|27\n|\n|t:|1699150466\n|switch|p1a: Greninja|Greninja, F|100\/100\n|move|p2a: Toxapex|Infestation|p1a: Greninja\n|-supereffective|p1a: Greninja\n|-damage|p1a: Greninja|91\/100\n|-activate|p1a: Greninja|move: Infestation|[of] p2a: Toxapex\n|\n|-heal|p2a: Toxapex|94\/100|[from] item: Black Sludge\n|-damage|p1a: Greninja|79\/100|[from] move: Infestation|[partiallytrapped]\n|upkeep\n|turn|28\n|\n|t:|1699150485\n|move|p1a: Greninja|Dark Pulse|p2a: Toxapex\n|-start|p1a: Greninja|typechange|Dark|[from] ability: Protean\n|-damage|p2a: Toxapex|64\/100\n|-damage|p1a: Greninja|69\/100|[from] item: Life Orb\n|move|p2a: Toxapex|Substitute|p2a: Toxapex\n|-start|p2a: Toxapex|Substitute\n|-damage|p2a: Toxapex|39\/100\n|\n|-heal|p2a: Toxapex|46\/100|[from] item: Black Sludge\n|-damage|p1a: Greninja|57\/100|[from] move: Infestation|[partiallytrapped]\n|upkeep\n|turn|29\n|\n|t:|1699150512\n|move|p1a: Greninja|Extrasensory|p2a: Toxapex\n|-supereffective|p2a: Toxapex\n|-end|p2a: Toxapex|Substitute\n|-damage|p1a: Greninja|47\/100|[from] item: Life Orb\n|move|p2a: Toxapex|Recover|p2a: Toxapex\n|-heal|p2a: Toxapex|96\/100\n|\n|-heal|p2a: Toxapex|100\/100|[from] item: Black Sludge\n|-damage|p1a: Greninja|35\/100|[from] move: Infestation|[partiallytrapped]\n|upkeep\n|turn|30\n|\n|t:|1699150533\n|switch|p2a: Lugia|Lugia|100\/100\n|-damage|p2a: Lugia|75\/100|[from] Stealth Rock\n|move|p1a: Greninja|Extrasensory|p2a: Lugia\n|-resisted|p2a: Lugia\n|-damage|p2a: Lugia|67\/100\n|-damage|p1a: Greninja|25\/100|[from] item: Life Orb\n|\n|-heal|p2a: Lugia|73\/100|[from] item: Leftovers\n|-end|p1a: Greninja|Infestation|[partiallytrapped]|[silent]\n|upkeep\n|turn|31\n|\n|t:|1699150554\n|-terastallize|p2a: Lugia|Steel\n|move|p1a: Greninja|Dark Pulse|p2a: Lugia\n|-damage|p2a: Lugia|51\/100\n|-damage|p1a: Greninja|15\/100|[from] item: Life Orb\n|cant|p2a: Lugia|flinch\n|\n|-heal|p2a: Lugia|58\/100|[from] item: Leftovers\n|upkeep\n|turn|32\n|\n|t:|1699150567\n|move|p1a: Greninja|Dark Pulse|p2a: Lugia\n|-damage|p2a: Lugia|33\/100\n|-damage|p1a: Greninja|5\/100|[from] item: Life Orb\n|move|p2a: Lugia|Recover|p2a: Lugia\n|-heal|p2a: Lugia|83\/100\n|\n|-heal|p2a: Lugia|90\/100|[from] item: Leftovers\n|upkeep\n|turn|33\n|\n|t:|1699150580\n|switch|p1a: Toxapex|Toxapex, F|100\/100\n|move|p2a: Lugia|Recover|p2a: Lugia\n|-heal|p2a: Lugia|100\/100\n|\n|upkeep\n|turn|34\n|\n|t:|1699150591\n|switch|p2a: Toxapex|Toxapex, M|100\/100\n|-damage|p2a: Toxapex|88\/100|[from] Stealth Rock\n|move|p1a: Toxapex|Toxic|p2a: Toxapex\n|-immune|p2a: Toxapex\n|\n|-heal|p2a: Toxapex|94\/100|[from] item: Black Sludge\n|upkeep\n|turn|35\n|\n|t:|1699150601\n|switch|p1a: Lucario|Lucario-Mega, F|100\/100\n|move|p2a: Toxapex|Infestation|p1a: Lucario\n|-resisted|p1a: Lucario\n|-damage|p1a: Lucario|99\/100\n|-activate|p1a: Lucario|move: Infestation|[of] p2a: Toxapex\n|\n|-heal|p2a: Toxapex|100\/100|[from] item: Black Sludge\n|-damage|p1a: Lucario|87\/100|[from] move: Infestation|[partiallytrapped]\n|upkeep\n|turn|36\n|\n|t:|1699150611\n|move|p1a: Lucario|Swords Dance|p1a: Lucario\n|-boost|p1a: Lucario|atk|2\n|move|p2a: Toxapex|Substitute|p2a: Toxapex\n|-start|p2a: Toxapex|Substitute\n|-damage|p2a: Toxapex|75\/100\n|\n|-heal|p2a: Toxapex|82\/100|[from] item: Black Sludge\n|-damage|p1a: Lucario|75\/100|[from] move: Infestation|[partiallytrapped]\n|upkeep\n|turn|37\n|\n|t:|1699150624\n|move|p1a: Lucario|Meteor Mash|p2a: Toxapex\n|-resisted|p2a: Toxapex\n|-end|p2a: Toxapex|Substitute\n|move|p2a: Toxapex|Infestation|p1a: Lucario\n|-resisted|p1a: Lucario\n|-damage|p1a: Lucario|73\/100\n|\n|-heal|p2a: Toxapex|88\/100|[from] item: Black Sludge\n|-damage|p1a: Lucario|61\/100|[from] move: Infestation|[partiallytrapped]\n|upkeep\n|turn|38\n|\n|t:|1699150636\n|move|p1a: Lucario|Extreme Speed|p2a: Toxapex\n|-damage|p2a: Toxapex|43\/100\n|move|p2a: Toxapex|Recover|p2a: Toxapex\n|-heal|p2a: Toxapex|93\/100\n|\n|-heal|p2a: Toxapex|99\/100|[from] item: Black Sludge\n|-damage|p1a: Lucario|49\/100|[from] move: Infestation|[partiallytrapped]\n|upkeep\n|turn|39\n|\n|t:|1699150658\n|move|p1a: Lucario|Swords Dance|p1a: Lucario\n|-boost|p1a: Lucario|atk|2\n|move|p2a: Toxapex|Recover|p2a: Toxapex\n|-heal|p2a: Toxapex|100\/100\n|\n|-damage|p1a: Lucario|36\/100|[from] move: Infestation|[partiallytrapped]\n|upkeep\n|turn|40\n|\n|t:|1699150667\n|move|p1a: Lucario|Close Combat|p2a: Toxapex\n|-resisted|p2a: Toxapex\n|-damage|p2a: Toxapex|4\/100\n|-unboost|p1a: Lucario|def|1\n|-unboost|p1a: Lucario|spd|1\n|move|p2a: Toxapex|Infestation|p1a: Lucario\n|-resisted|p1a: Lucario\n|-damage|p1a: Lucario|34\/100\n|\n|-heal|p2a: Toxapex|11\/100|[from] item: Black Sludge\n|-end|p1a: Lucario|Infestation|[partiallytrapped]\n|upkeep\n|turn|41\n|\n|t:|1699150678\n|switch|p2a: Lugia|Lugia, tera:Steel|100\/100\n|-damage|p2a: Lugia|94\/100|[from] Stealth Rock\n|move|p1a: Lucario|Close Combat|p2a: Lugia\n|-supereffective|p2a: Lugia\n|-damage|p2a: Lugia|0 fnt\n|-unboost|p1a: Lucario|def|1\n|-unboost|p1a: Lucario|spd|1\n|faint|p2a: Lugia\n|\n|upkeep\n|\n|t:|1699150687\n|switch|p2a: Toxapex|Toxapex, M|44\/100\n|-damage|p2a: Toxapex|31\/100|[from] Stealth Rock\n|turn|42\n|\n|t:|1699150693\n|move|p1a: Lucario|Close Combat|p2a: Toxapex\n|-resisted|p2a: Toxapex\n|-damage|p2a: Toxapex|0 fnt\n|-unboost|p1a: Lucario|def|1\n|-unboost|p1a: Lucario|spd|1\n|faint|p2a: Toxapex\n|\n|upkeep\n|\n|t:|1699150699\n|switch|p2a: Kingambit|Kingambit, M|100\/100\n|-damage|p2a: Kingambit|94\/100|[from] Stealth Rock\n|-activate|p2a: Kingambit|ability: Supreme Overlord\n|-start|p2a: Kingambit|fallen5|[silent]\n|turn|43\n|\n|t:|1699150708\n|move|p1a: Lucario|Extreme Speed|p2a: Kingambit\n|-resisted|p2a: Kingambit\n|-damage|p2a: Kingambit|60\/100\n|move|p2a: Kingambit|Sucker Punch||[still]\n|-fail|p2a: Kingambit\n|\n|upkeep\n|turn|44\n|\n|t:|1699150723\n|move|p1a: Lucario|Close Combat|p2a: Kingambit\n|-supereffective|p2a: Kingambit\n|-damage|p2a: Kingambit|0 fnt\n|-unboost|p1a: Lucario|def|1\n|-unboost|p1a: Lucario|spd|1\n|faint|p2a: Kingambit\n|-end|p2a: Kingambit|fallen5|[silent]\n|\n|win|herobrinennn\n|raw|herobrinennn's rating: 1148 &rarr; <strong>1167<\/strong><br \/>(+19 for winning)\n|raw|AceDecks767's rating: 1069 &rarr; <strong>1053<\/strong><br \/>(-16 for losing)\n|l|\u2606AceDecks767\n","uploadtime":1699150740,"views":5,"p1id":"herobrinennn","p2id":"acedecks767","formatid":"gen9nationaldexubers","rating":1053,"private":0,"password":""}