{"id":"gen9nationaldexubers-1990896179","p1":"shadow shy man","p2":"vic_ketchum","format":"[Gen 9] National Dex Ubers","log":"|j|\u2606shadow shy man\n|j|\u2606vic_ketchum\n|t:|1700012529\n|gametype|singles\n|player|p1|shadow shy man|marlon|1059\n|player|p2|vic_ketchum|ash-sinnoh|1120\n|teamsize|p1|6\n|teamsize|p2|6\n|gen|9\n|tier|[Gen 9] National Dex Ubers\n|rated|\n|rule|HP Percentage Mod: HP is shown in percentages\n|rule|Endless Battle Clause: Forcing endless battles is banned\n|rule|OHKO Clause: OHKO moves are banned\n|rule|Evasion Moves Clause: Evasion moves are banned\n|rule|Evasion Items Clause: Evasion items are banned\n|rule|Species Clause: Limit one of each Pok\u00e9mon\n|rule|Sleep Clause Mod: Limit one foe put to sleep\n|rule|Mega Rayquaza Clause: You cannot mega evolve Rayquaza\n|clearpoke\n|poke|p1|Xurkitree|\n|poke|p1|Pawmot, M|\n|poke|p1|Toxtricity, F|\n|poke|p1|Rotom-Heat|\n|poke|p1|Heliolisk, M|\n|poke|p1|Vikavolt, M|\n|poke|p2|Mewtwo|\n|poke|p2|Pheromosa|\n|poke|p2|Deoxys|\n|poke|p2|Buzzwole|\n|poke|p2|Zoroark, M|\n|poke|p2|Scizor, M|\n|teampreview\n|inactive|Battle timer is ON: inactive players will automatically lose when time's up. (requested by vic_ketchum)\n|\n|t:|1700012543\n|start\n|switch|p1a: Rotom|Rotom-Heat|100\/100\n|switch|p2a: CELL|Pheromosa|100\/100\n|turn|1\n|\n|t:|1700012551\n|move|p2a: CELL|Poison Jab|p1a: Rotom\n|-damage|p1a: Rotom|65\/100\n|-status|p1a: Rotom|psn\n|move|p1a: Rotom|Hidden Power|p2a: CELL\n|-supereffective|p2a: CELL\n|-enditem|p2a: CELL|Focus Sash\n|-damage|p2a: CELL|1\/100\n|\n|-damage|p1a: Rotom|53\/100 psn|[from] psn\n|upkeep\n|turn|2\n|\n|t:|1700012568\n|move|p2a: CELL|Poison Jab|p1a: Rotom\n|-damage|p1a: Rotom|20\/100 psn\n|move|p1a: Rotom|Volt Switch|p2a: CELL\n|-damage|p2a: CELL|0 fnt\n|faint|p2a: CELL\n|\n|t:|1700012582\n|switch|p1a: Pawmot|Pawmot, M|100\/100|[from] Volt Switch\n|\n|upkeep\n|\n|t:|1700012587\n|switch|p2a: MAJIN BUU|Deoxys|100\/100\n|-ability|p2a: MAJIN BUU|Pressure\n|turn|3\n|\n|t:|1700012599\n|move|p2a: MAJIN BUU|Psychic|p1a: Pawmot\n|-supereffective|p1a: Pawmot\n|-crit|p1a: Pawmot\n|-damage|p1a: Pawmot|0 fnt\n|faint|p1a: Pawmot\n|\n|upkeep\n|\n|t:|1700012613\n|switch|p1a: Xurkitree|Xurkitree|100\/100\n|turn|4\n|\n|t:|1700012621\n|move|p2a: MAJIN BUU|Dark Pulse|p1a: Xurkitree\n|-damage|p1a: Xurkitree|58\/100\n|move|p1a: Xurkitree|Thunder|p2a: MAJIN BUU|[miss]\n|-miss|p1a: Xurkitree|p2a: MAJIN BUU\n|\n|upkeep\n|turn|5\n|\n|t:|1700012631\n|move|p2a: MAJIN BUU|Psychic|p1a: Xurkitree\n|-damage|p1a: Xurkitree|0 fnt\n|faint|p1a: Xurkitree\n|\n|upkeep\n|\n|t:|1700012637\n|switch|p1a: Heliolisk|Heliolisk, M|100\/100\n|turn|6\n|\n|t:|1700012644\n|move|p2a: MAJIN BUU|Psychic|p1a: Heliolisk\n|-damage|p1a: Heliolisk|33\/100\n|move|p1a: Heliolisk|Discharge|p2a: MAJIN BUU\n|-damage|p2a: MAJIN BUU|28\/100\n|\n|upkeep\n|turn|7\n|\n|t:|1700012655\n|move|p2a: MAJIN BUU|Dark Pulse|p1a: Heliolisk\n|-damage|p1a: Heliolisk|0 fnt\n|faint|p1a: Heliolisk\n|\n|upkeep\n|\n|t:|1700012661\n|switch|p1a: Rotom|Rotom-Heat|20\/100 psn\n|turn|8\n|\n|t:|1700012668\n|move|p2a: MAJIN BUU|Dark Pulse|p1a: Rotom\n|-damage|p1a: Rotom|0 fnt\n|faint|p1a: Rotom\n|\n|upkeep\n|\n|t:|1700012673\n|switch|p1a: Vikavolt|Vikavolt, M|100\/100\n|turn|9\n|\n|t:|1700012678\n|move|p2a: MAJIN BUU|Psychic|p1a: Vikavolt\n|-damage|p1a: Vikavolt|26\/100\n|move|p1a: Vikavolt|Bug Buzz|p2a: MAJIN BUU\n|-supereffective|p2a: MAJIN BUU\n|-crit|p2a: MAJIN BUU\n|-damage|p2a: MAJIN BUU|0 fnt\n|faint|p2a: MAJIN BUU\n|\n|upkeep\n|\n|t:|1700012686\n|switch|p2a: FREEZER|Mewtwo|100\/100\n|-ability|p2a: FREEZER|Pressure\n|turn|10\n|-message|shadow shy man forfeited.\n|\n|win|vic_ketchum\n|raw|shadow shy man's rating: 1059 &rarr; <strong>1043<\/strong><br \/>(-16 for losing)\n|raw|vic_ketchum's rating: 1120 &rarr; <strong>1141<\/strong><br \/>(+21 for winning)\n|l|\u2606shadow shy man\n","uploadtime":1700012702,"views":7,"p1id":"shadowshyman","p2id":"vicketchum","formatid":"gen9nationaldexubers","rating":1043,"private":0,"password":""}