{"id":"gen9nationaldexubers-1979145966","p1":"Jothis","p2":"KavinKM7","format":"[Gen 9] National Dex Ubers","log":"|j|\u2606Jothis\n|j|\u2606KavinKM7\n|t:|1698638718\n|gametype|singles\n|player|p1|Jothis|266|\n|player|p2|KavinKM7|265|\n|teamsize|p1|6\n|teamsize|p2|6\n|gen|9\n|tier|[Gen 9] National Dex Ubers\n|rule|HP Percentage Mod: HP is shown in percentages\n|rule|Endless Battle Clause: Forcing endless battles is banned\n|rule|OHKO Clause: OHKO moves are banned\n|rule|Evasion Moves Clause: Evasion moves are banned\n|rule|Evasion Items Clause: Evasion items are banned\n|rule|Species Clause: Limit one of each Pok\u00e9mon\n|rule|Sleep Clause Mod: Limit one foe put to sleep\n|rule|Mega Rayquaza Clause: You cannot mega evolve Rayquaza\n|clearpoke\n|poke|p1|Baxcalibur, F|\n|poke|p1|Cyclizar, F|\n|poke|p1|Lucario, M|\n|poke|p1|Darmanitan-Galar, F|\n|poke|p1|Alakazam, F|\n|poke|p1|Arceus-Ghost|\n|poke|p2|Diancie|\n|poke|p2|Kartana|\n|poke|p2|Kyurem|\n|poke|p2|Zamazenta-*|\n|poke|p2|Yveltal|\n|poke|p2|Xerneas-*|\n|teampreview\n|inactive|Battle timer is ON: inactive players will automatically lose when time's up. (requested by Jothis)\n|\n|t:|1698638738\n|start\n|switch|p1a: Baxcalibur|Baxcalibur, F|100\/100\n|switch|p2a: Diancie|Diancie, shiny|100\/100\n|turn|1\n|\n|t:|1698638753\n|detailschange|p2a: Diancie|Diancie-Mega, shiny\n|-mega|p2a: Diancie|Diancie|Diancite\n|move|p1a: Baxcalibur|Protect|p1a: Baxcalibur\n|-singleturn|p1a: Baxcalibur|Protect\n|move|p2a: Diancie|Moonblast|p1a: Baxcalibur\n|-activate|p1a: Baxcalibur|move: Protect\n|\n|upkeep\n|turn|2\n|\n|t:|1698638772\n|switch|p1a: Cyclizar|Cyclizar, F|100\/100\n|move|p2a: Diancie|Moonblast|p1a: Cyclizar\n|-supereffective|p1a: Cyclizar\n|-damage|p1a: Cyclizar|0 fnt\n|faint|p1a: Cyclizar\n|\n|upkeep\n|\n|t:|1698638778\n|switch|p1a: Darmanitan|Darmanitan-Galar, F|100\/100\n|turn|3\n|\n|t:|1698638782\n|move|p1a: Darmanitan|Iron Head|p2a: Diancie\n|-supereffective|p2a: Diancie\n|-damage|p2a: Diancie|0 fnt\n|faint|p2a: Diancie\n|\n|upkeep\n|\n|t:|1698638800\n|switch|p2a: Kartana|Kartana, shiny|100\/100\n|turn|4\n|\n|t:|1698638812\n|switch|p1a: Arceus|Arceus-Ghost|100\/100\n|move|p2a: Kartana|Smart Strike|p1a: Arceus\n|-damage|p1a: Arceus|63\/100\n|\n|upkeep\n|turn|5\n|inactive|KavinKM7 has 270 seconds left.\n|\n|t:|1698638843\n|-terastallize|p2a: Kartana|Grass\n|move|p1a: Arceus|Fire Blast|p2a: Kartana\n|-supereffective|p2a: Kartana\n|-damage|p2a: Kartana|0 fnt\n|faint|p2a: Kartana\n|\n|upkeep\n|inactive|KavinKM7 has 270 seconds left.\n|\n|t:|1698638859\n|switch|p2a: Yveltal|Yveltal|100\/100\n|-ability|p2a: Yveltal|Dark Aura\n|turn|6\n|\n|t:|1698638866\n|move|p1a: Arceus|Blizzard|p2a: Yveltal|[miss]\n|-miss|p1a: Arceus|p2a: Yveltal\n|move|p2a: Yveltal|Dark Pulse|p1a: Arceus\n|-supereffective|p1a: Arceus\n|-damage|p1a: Arceus|0 fnt\n|faint|p1a: Arceus\n|\n|upkeep\n|\n|t:|1698638873\n|switch|p1a: Darmanitan|Darmanitan-Galar, F|100\/100\n|turn|7\n|\n|t:|1698638883\n|switch|p2a: Kyurem|Kyurem, shiny|100\/100\n|-ability|p2a: Kyurem|Pressure\n|move|p1a: Darmanitan|Icicle Crash|p2a: Kyurem\n|-damage|p2a: Kyurem|36\/100\n|\n|upkeep\n|turn|8\n|inactive|KavinKM7 has 270 seconds left.\n|\n|t:|1698638898\n|move|p1a: Darmanitan|Icicle Crash|p2a: Kyurem\n|-damage|p2a: Kyurem|0 fnt\n|faint|p2a: Kyurem\n|\n|upkeep\n|inactive|KavinKM7 has 270 seconds left.\n|\n|t:|1698638904\n|switch|p2a: Zamazenta|Zamazenta-Crowned|100\/100\n|-ability|p2a: Zamazenta|Dauntless Shield|boost\n|-boost|p2a: Zamazenta|def|1\n|turn|9\n|\n|t:|1698638911\n|switch|p1a: Alakazam|Alakazam, F|100\/100\n|move|p2a: Zamazenta|Body Press|p1a: Alakazam\n|-resisted|p1a: Alakazam\n|-damage|p1a: Alakazam|25\/100\n|\n|upkeep\n|turn|10\n|\n|t:|1698638920\n|detailschange|p1a: Alakazam|Alakazam-Mega, F\n|-mega|p1a: Alakazam|Alakazam|Alakazite\n|-ability|p1a: Alakazam|Dauntless Shield|boost\n|-boost|p1a: Alakazam|def|1\n|-ability|p1a: Alakazam|Dauntless Shield|[from] ability: Trace|[of] p2a: Zamazenta\n|move|p1a: Alakazam|Psychic|p2a: Zamazenta\n|-damage|p2a: Zamazenta|62\/100\n|-unboost|p2a: Zamazenta|spd|1\n|move|p2a: Zamazenta|Body Press|p1a: Alakazam\n|-resisted|p1a: Alakazam\n|-damage|p1a: Alakazam|0 fnt\n|faint|p1a: Alakazam\n|\n|upkeep\n|\n|t:|1698638939\n|switch|p1a: Darmanitan|Darmanitan-Galar, F|100\/100\n|turn|11\n|\n|t:|1698638946\n|move|p1a: Darmanitan|Earthquake|p2a: Zamazenta\n|-supereffective|p2a: Zamazenta\n|-damage|p2a: Zamazenta|15\/100\n|move|p2a: Zamazenta|Body Press|p1a: Darmanitan\n|-supereffective|p1a: Darmanitan\n|-damage|p1a: Darmanitan|0 fnt\n|faint|p1a: Darmanitan\n|\n|upkeep\n|\n|t:|1698638949\n|switch|p1a: Lucario|Lucario, M|100\/100\n|turn|12\n|\n|t:|1698638959\n|move|p2a: Zamazenta|Body Press|p1a: Lucario\n|-supereffective|p1a: Lucario\n|-damage|p1a: Lucario|0 fnt\n|faint|p1a: Lucario\n|\n|upkeep\n|\n|t:|1698638963\n|switch|p1a: Baxcalibur|Baxcalibur, F|100\/100\n|turn|13\n|inactive|KavinKM7 has 270 seconds left.\n|\n|t:|1698639000\n|-terastallize|p1a: Baxcalibur|Dragon\n|move|p2a: Zamazenta|Crunch|p1a: Baxcalibur\n|-damage|p1a: Baxcalibur|78\/100\n|move|p1a: Baxcalibur|Scale Shot|p2a: Zamazenta\n|-resisted|p2a: Zamazenta\n|-damage|p2a: Zamazenta|11\/100\n|-resisted|p2a: Zamazenta\n|-damage|p2a: Zamazenta|7\/100\n|-resisted|p2a: Zamazenta\n|-damage|p2a: Zamazenta|2\/100\n|-resisted|p2a: Zamazenta\n|-damage|p2a: Zamazenta|0 fnt\n|faint|p2a: Zamazenta\n|-hitcount|p2: Zamazenta|4\n|-unboost|p1a: Baxcalibur|def|1\n|-boost|p1a: Baxcalibur|spe|1\n|\n|upkeep\n|\n|t:|1698639029\n|switch|p2a: Xerneas|Xerneas, shiny|100\/100\n|-ability|p2a: Xerneas|Fairy Aura\n|turn|14\n|\n|t:|1698639036\n|move|p1a: Baxcalibur|Icicle Spear|p2a: Xerneas\n|-damage|p2a: Xerneas|89\/100\n|-damage|p2a: Xerneas|78\/100\n|-damage|p2a: Xerneas|66\/100\n|-damage|p2a: Xerneas|54\/100\n|-damage|p2a: Xerneas|43\/100\n|-hitcount|p2a: Xerneas|5\n|move|p2a: Xerneas|Moonblast|p1a: Baxcalibur\n|-supereffective|p1a: Baxcalibur\n|-damage|p1a: Baxcalibur|0 fnt\n|faint|p1a: Baxcalibur\n|\n|win|KavinKM7\n|l|\u2606Jothis\n","uploadtime":1698639055,"views":17,"p1id":"jothis","p2id":"kavinkm7","formatid":"gen9nationaldexubers","rating":0,"private":0,"password":""}