{"id":"gen9nationaldexubers-1992687675","p1":"BlackieJackie69","p2":"JustMonika_CARR","format":"[Gen 9] National Dex Ubers","log":"|j|\u203dBlackieJackie69\n|j|\u2606JustMonika_CARR\n|t:|1700225339\n|gametype|singles\n|player|p1|BlackieJackie69|marlon|1285\n|player|p2|JustMonika_CARR|rosa|1446\n|teamsize|p1|6\n|teamsize|p2|6\n|gen|9\n|tier|[Gen 9] National Dex Ubers\n|rated|\n|rule|HP Percentage Mod: HP is shown in percentages\n|rule|Endless Battle Clause: Forcing endless battles is banned\n|rule|OHKO Clause: OHKO moves are banned\n|rule|Evasion Moves Clause: Evasion moves are banned\n|rule|Evasion Items Clause: Evasion items are banned\n|rule|Species Clause: Limit one of each Pok\u00e9mon\n|rule|Sleep Clause Mod: Limit one foe put to sleep\n|rule|Mega Rayquaza Clause: You cannot mega evolve Rayquaza\n|clearpoke\n|poke|p1|Garganacl, M|\n|poke|p1|Banette, F|\n|poke|p1|Ferrothorn, M|\n|poke|p1|Shaymin-Sky|\n|poke|p1|Dracovish|\n|poke|p1|Marshadow|\n|poke|p2|Marshadow|\n|poke|p2|Lopunny, F|\n|poke|p2|Eternatus|\n|poke|p2|Forretress, F|\n|poke|p2|Pheromosa|\n|poke|p2|Grimmsnarl, M|\n|teampreview\n|inactive|Battle timer is ON: inactive players will automatically lose when time's up. (requested by BlackieJackie69)\n|\n|t:|1700225346\n|start\n|switch|p1a: Banette|Banette, F|100\/100\n|switch|p2a: Forretress|Forretress, F, shiny|100\/100\n|turn|1\n|\n|t:|1700225352\n|detailschange|p1a: Banette|Banette-Mega, F\n|-mega|p1a: Banette|Banette|Banettite\n|move|p1a: Banette|Will-O-Wisp|p2a: Forretress|[miss]\n|-miss|p1a: Banette|p2a: Forretress\n|move|p2a: Forretress|Toxic Spikes|p1a: Banette\n|-sidestart|p1: BlackieJackie69|move: Toxic Spikes\n|\n|upkeep\n|turn|2\n|j| JigglysBOOF\n|\n|t:|1700225362\n|move|p1a: Banette|Will-O-Wisp|p2a: Forretress\n|-status|p2a: Forretress|brn\n|move|p2a: Forretress|Toxic Spikes|p1a: Banette\n|-sidestart|p1: BlackieJackie69|move: Toxic Spikes\n|\n|-damage|p2a: Forretress|94\/100 brn|[from] brn\n|upkeep\n|turn|3\n|\n|t:|1700225370\n|move|p1a: Banette|Cotton Guard|p1a: Banette\n|-boost|p1a: Banette|def|3\n|move|p2a: Forretress|Stealth Rock|p1a: Banette\n|-sidestart|p1: BlackieJackie69|move: Stealth Rock\n|\n|-damage|p2a: Forretress|88\/100 brn|[from] brn\n|upkeep\n|turn|4\n|\n|t:|1700225378\n|move|p1a: Banette|Cotton Guard|p1a: Banette\n|-boost|p1a: Banette|def|3\n|move|p2a: Forretress|Rapid Spin|p1a: Banette\n|-immune|p1a: Banette\n|\n|-damage|p2a: Forretress|82\/100 brn|[from] brn\n|upkeep\n|turn|5\n|\n|t:|1700225386\n|move|p1a: Banette|Sucker Punch|p2a: Forretress\n|-damage|p2a: Forretress|69\/100 brn\n|-enditem|p2a: Forretress|Red Card|[of] p1a: Banette\n|drag|p1a: Shaymin|Shaymin-Sky, shiny|100\/100\n|-damage|p1a: Shaymin|76\/100|[from] Stealth Rock\n|move|p2a: Forretress|Rapid Spin|p1a: Shaymin\n|-crit|p1a: Shaymin\n|-damage|p1a: Shaymin|65\/100\n|-boost|p2a: Forretress|spe|1\n|\n|-damage|p2a: Forretress|62\/100 brn|[from] brn\n|upkeep\n|turn|6\n|\n|t:|1700225399\n|move|p1a: Shaymin|Earth Power|p2a: Forretress\n|-damage|p2a: Forretress|16\/100 brn\n|move|p2a: Forretress|Rapid Spin|p1a: Shaymin\n|-damage|p1a: Shaymin|58\/100\n|-boost|p2a: Forretress|spe|1\n|\n|-damage|p2a: Forretress|10\/100 brn|[from] brn\n|upkeep\n|turn|7\n|l| JigglysBOOF\n|\n|t:|1700225409\n|move|p1a: Shaymin|Earth Power|p2a: Forretress\n|-damage|p2a: Forretress|0 fnt\n|faint|p2a: Forretress\n|\n|upkeep\n|\n|t:|1700225428\n|switch|p2a: Grimmsnarl|Grimmsnarl, M, shiny|100\/100\n|turn|8\n|\n|t:|1700225433\n|move|p2a: Grimmsnarl|Light Screen|p2a: Grimmsnarl\n|-sidestart|p2: JustMonika_CARR|move: Light Screen\n|move|p1a: Shaymin|Tailwind|p1a: Shaymin\n|-sidestart|p1: BlackieJackie69|move: Tailwind\n|\n|upkeep\n|turn|9\n|\n|t:|1700225438\n|move|p1a: Shaymin|Seed Flare|p2a: Grimmsnarl\n|-damage|p2a: Grimmsnarl|73\/100\n|-unboost|p2a: Grimmsnarl|spd|2\n|move|p2a: Grimmsnarl|Spirit Break|p1a: Shaymin\n|-damage|p1a: Shaymin|15\/100\n|-unboost|p1a: Shaymin|spa|1\n|\n|-heal|p2a: Grimmsnarl|79\/100|[from] item: Leftovers\n|upkeep\n|turn|10\n|\n|t:|1700225449\n|move|p2a: Grimmsnarl|Light Screen||[still]\n|-fail|p2a: Grimmsnarl\n|move|p1a: Shaymin|Air Slash|p2a: Grimmsnarl\n|-damage|p2a: Grimmsnarl|57\/100\n|\n|-heal|p2a: Grimmsnarl|63\/100|[from] item: Leftovers\n|upkeep\n|turn|11\n|\n|t:|1700225460\n|move|p1a: Shaymin|Seed Flare|p2a: Grimmsnarl\n|-damage|p2a: Grimmsnarl|27\/100\n|move|p2a: Grimmsnarl|Spirit Break|p1a: Shaymin\n|-damage|p1a: Shaymin|0 fnt\n|faint|p1a: Shaymin\n|\n|-heal|p2a: Grimmsnarl|33\/100|[from] item: Leftovers\n|-sideend|p1: BlackieJackie69|move: Tailwind\n|upkeep\n|\n|t:|1700225471\n|switch|p1a: Ferrothorn|Ferrothorn, M|100\/100\n|-damage|p1a: Ferrothorn|95\/100|[from] Stealth Rock\n|turn|12\n|\n|t:|1700225476\n|move|p2a: Grimmsnarl|Taunt|p1a: Ferrothorn\n|-start|p1a: Ferrothorn|move: Taunt\n|cant|p1a: Ferrothorn|move: Taunt|Toxic\n|\n|-heal|p2a: Grimmsnarl|39\/100|[from] item: Leftovers\n|-sideend|p2: JustMonika_CARR|move: Light Screen\n|upkeep\n|turn|13\n|\n|t:|1700225484\n|move|p2a: Grimmsnarl|Reflect|p2a: Grimmsnarl\n|-sidestart|p2: JustMonika_CARR|Reflect\n|move|p1a: Ferrothorn|Seed Bomb|p2a: Grimmsnarl\n|-damage|p2a: Grimmsnarl|27\/100\n|\n|-heal|p2a: Grimmsnarl|33\/100|[from] item: Leftovers\n|upkeep\n|turn|14\n|\n|t:|1700225497\n|move|p2a: Grimmsnarl|Light Screen|p2a: Grimmsnarl\n|-sidestart|p2: JustMonika_CARR|move: Light Screen\n|move|p1a: Ferrothorn|Seed Bomb|p2a: Grimmsnarl\n|-damage|p2a: Grimmsnarl|19\/100\n|\n|-heal|p2a: Grimmsnarl|25\/100|[from] item: Leftovers\n|-end|p1a: Ferrothorn|move: Taunt\n|upkeep\n|turn|15\n|\n|t:|1700225505\n|move|p2a: Grimmsnarl|Taunt|p1a: Ferrothorn\n|-start|p1a: Ferrothorn|move: Taunt\n|move|p1a: Ferrothorn|Seed Bomb|p2a: Grimmsnarl\n|-damage|p2a: Grimmsnarl|12\/100\n|\n|-heal|p2a: Grimmsnarl|19\/100|[from] item: Leftovers\n|upkeep\n|turn|16\n|\n|t:|1700225514\n|move|p2a: Grimmsnarl|Spirit Break|p1a: Ferrothorn\n|-resisted|p1a: Ferrothorn\n|-damage|p1a: Ferrothorn|84\/100\n|-unboost|p1a: Ferrothorn|spa|1\n|-damage|p2a: Grimmsnarl|6\/100|[from] ability: Iron Barbs|[of] p1a: Ferrothorn\n|-damage|p2a: Grimmsnarl|0 fnt|[from] item: Rocky Helmet|[of] p1a: Ferrothorn\n|faint|p2a: Grimmsnarl\n|move|p1a: Ferrothorn|Seed Bomb|p2: Grimmsnarl|[notarget]\n|-fail|p1a: Ferrothorn\n|\n|upkeep\n|\n|t:|1700225529\n|switch|p2a: Eternatus|Eternatus|100\/100\n|-ability|p2a: Eternatus|Pressure\n|turn|17\n|\n|t:|1700225541\n|-terastallize|p2a: Eternatus|Ground\n|move|p2a: Eternatus|Tera Blast|p1a: Ferrothorn|[anim] Tera Blast Ground\n|-damage|p1a: Ferrothorn|40\/100\n|move|p1a: Ferrothorn|Seed Bomb|p2a: Eternatus\n|-supereffective|p2a: Eternatus\n|-damage|p2a: Eternatus|78\/100\n|\n|-end|p1a: Ferrothorn|move: Taunt\n|-sideend|p2: JustMonika_CARR|Reflect\n|upkeep\n|turn|18\n|\n|t:|1700225553\n|move|p2a: Eternatus|Tera Blast|p1a: Ferrothorn|[anim] Tera Blast Ground\n|-damage|p1a: Ferrothorn|0 fnt\n|faint|p1a: Ferrothorn\n|\n|-sideend|p2: JustMonika_CARR|move: Light Screen\n|upkeep\n|\n|t:|1700225564\n|switch|p1a: Dracovish|Dracovish, shiny|100\/100\n|-status|p1a: Dracovish|tox\n|-damage|p1a: Dracovish|88\/100 tox|[from] Stealth Rock\n|turn|19\n|\n|t:|1700225570\n|move|p2a: Eternatus|Tera Blast|p1a: Dracovish|[anim] Tera Blast Ground\n|-damage|p1a: Dracovish|20\/100 tox\n|move|p1a: Dracovish|Fishious Rend|p2a: Eternatus\n|-supereffective|p2a: Eternatus\n|-damage|p2a: Eternatus|0 fnt\n|faint|p2a: Eternatus\n|\n|-damage|p1a: Dracovish|14\/100 tox|[from] psn\n|upkeep\n|\n|t:|1700225583\n|switch|p2a: Marshadow|Marshadow|100\/100\n|turn|20\n|\n|t:|1700225586\n|move|p2a: Marshadow|Shadow Sneak|p1a: Dracovish\n|-damage|p1a: Dracovish|0 fnt\n|faint|p1a: Dracovish\n|\n|upkeep\n|\n|t:|1700225591\n|switch|p1a: Banette|Banette-Mega, F|100\/100\n|-status|p1a: Banette|tox\n|-damage|p1a: Banette|88\/100 tox|[from] Stealth Rock\n|turn|21\n|\n|t:|1700225598\n|move|p1a: Banette|Sucker Punch|p2a: Marshadow\n|-damage|p2a: Marshadow|68\/100\n|move|p2a: Marshadow|Force Palm|p1a: Banette\n|-immune|p1a: Banette\n|\n|-damage|p1a: Banette|82\/100 tox|[from] psn\n|upkeep\n|turn|22\n|\n|t:|1700225607\n|move|p1a: Banette|Will-O-Wisp|p2a: Marshadow\n|-status|p2a: Marshadow|brn\n|move|p2a: Marshadow|Rock Tomb|p1a: Banette\n|-damage|p1a: Banette|63\/100 tox\n|-unboost|p1a: Banette|spe|1\n|\n|-damage|p1a: Banette|50\/100 tox|[from] psn\n|-damage|p2a: Marshadow|62\/100 brn|[from] brn\n|upkeep\n|turn|23\n|\n|t:|1700225618\n|move|p1a: Banette|Sucker Punch|p2a: Marshadow\n|-damage|p2a: Marshadow|30\/100 brn\n|move|p2a: Marshadow|Rock Tomb|p1a: Banette\n|-damage|p1a: Banette|32\/100 tox\n|-unboost|p1a: Banette|spe|1\n|\n|-damage|p1a: Banette|14\/100 tox|[from] psn\n|-damage|p2a: Marshadow|24\/100 brn|[from] brn\n|upkeep\n|turn|24\n|\n|t:|1700225630\n|move|p2a: Marshadow|Shadow Sneak|p1a: Banette\n|-supereffective|p1a: Banette\n|-damage|p1a: Banette|0 fnt\n|faint|p1a: Banette\n|\n|-damage|p2a: Marshadow|18\/100 brn|[from] brn\n|upkeep\n|\n|t:|1700225650\n|switch|p1a: Garganacl|Garganacl, M|100\/100\n|-damage|p1a: Garganacl|88\/100|[from] Stealth Rock\n|turn|25\n|inactive|BlackieJackie69 has 120 seconds left.\n|inactive|BlackieJackie69 has 90 seconds left.\n|inactive|BlackieJackie69 has 60 seconds left.\n|inactive|BlackieJackie69 has 30 seconds left.\n|inactive|BlackieJackie69 has 20 seconds left.\n|inactive|BlackieJackie69 has 15 seconds left.\n|inactive|BlackieJackie69 has 10 seconds left.\n|inactive|BlackieJackie69 has 5 seconds left.\n|-message|BlackieJackie69 lost due to inactivity.\n|\n|win|JustMonika_CARR\n|raw|BlackieJackie69's rating: 1285 &rarr; <strong>1271<\/strong><br \/>(-14 for losing)\n|raw|JustMonika_CARR's rating: 1446 &rarr; <strong>1457<\/strong><br \/>(+11 for winning)\n","uploadtime":1700225793,"views":8,"p1id":"blackiejackie69","p2id":"justmonikacarr","formatid":"gen9nationaldexubers","rating":1271,"private":0,"password":""}