{"id":"gen9nationaldexubers-1996042021","p1":"Nidokingbutbeter","p2":"satoshikuso","format":"[Gen 9] National Dex Ubers","log":"|j|\u2606Nidokingbutbeter\n|j|\u2606satoshikuso\n|t:|1700634081\n|gametype|singles\n|player|p1|Nidokingbutbeter|buck|1045\n|player|p2|satoshikuso|red|1066\n|teamsize|p1|6\n|teamsize|p2|6\n|gen|9\n|tier|[Gen 9] National Dex Ubers\n|rated|\n|rule|HP Percentage Mod: HP is shown in percentages\n|rule|Endless Battle Clause: Forcing endless battles is banned\n|rule|OHKO Clause: OHKO moves are banned\n|rule|Evasion Moves Clause: Evasion moves are banned\n|rule|Evasion Items Clause: Evasion items are banned\n|rule|Species Clause: Limit one of each Pok\u00e9mon\n|rule|Sleep Clause Mod: Limit one foe put to sleep\n|rule|Mega Rayquaza Clause: You cannot mega evolve Rayquaza\n|clearpoke\n|poke|p1|Arceus-Fire|\n|poke|p1|Solgaleo|\n|poke|p1|Alakazam, F|\n|poke|p1|Dialga|\n|poke|p1|Nidoking, M|\n|poke|p1|Groudon|\n|poke|p2|Pikachu, M|\n|poke|p2|Greninja-*, M|\n|poke|p2|Talonflame, F|\n|poke|p2|Hawlucha, M|\n|poke|p2|Noivern, M|\n|poke|p2|Goodra, M|\n|teampreview\n|inactive|Battle timer is ON: inactive players will automatically lose when time's up. (requested by Nidokingbutbeter)\n|c|\u2606satoshikuso|You r a sick fvck\n|\n|t:|1700634103\n|start\n|switch|p1a: Dialga|Dialga, shiny|100\/100\n|switch|p2a: Talonflame|Talonflame, F|100\/100\n|-ability|p1a: Dialga|Pressure\n|turn|1\n|\n|t:|1700634122\n|move|p2a: Talonflame|Flare Blitz|p1a: Dialga\n|-damage|p1a: Dialga|58\/100\n|-damage|p2a: Talonflame|84\/100|[from] Recoil\n|move|p1a: Dialga|Draco Meteor|p2a: Talonflame\n|-crit|p2a: Talonflame\n|-damage|p2a: Talonflame|0 fnt\n|-unboost|p1a: Dialga|spa|2\n|faint|p2a: Talonflame\n|\n|upkeep\n|\n|t:|1700634138\n|switch|p2a: Pikachu|Pikachu, M|100\/100\n|turn|2\n|\n|t:|1700634148\n|move|p2a: Pikachu|Charge Beam|p1a: Dialga\n|-resisted|p1a: Dialga\n|-damage|p1a: Dialga|51\/100\n|move|p1a: Dialga|Draco Meteor|p2a: Pikachu\n|-damage|p2a: Pikachu|0 fnt\n|-unboost|p1a: Dialga|spa|2\n|faint|p2a: Pikachu\n|\n|upkeep\n|\n|t:|1700634156\n|switch|p2a: Hawlucha|Hawlucha, M|100\/100\n|turn|3\n|\n|t:|1700634163\n|switch|p1a: Nidoking|Nidoking, M, shiny|100\/100\n|move|p2a: Hawlucha|Power-Up Punch|p1a: Nidoking\n|-resisted|p1a: Nidoking\n|-damage|p1a: Nidoking|89\/100\n|-boost|p2a: Hawlucha|atk|1\n|\n|upkeep\n|turn|4\n|\n|t:|1700634180\n|move|p2a: Hawlucha|Swords Dance|p2a: Hawlucha\n|-boost|p2a: Hawlucha|atk|2\n|move|p1a: Nidoking|Ice Punch|p2a: Hawlucha\n|-supereffective|p2a: Hawlucha\n|-enditem|p2a: Hawlucha|Focus Sash\n|-damage|p2a: Hawlucha|1\/100\n|\n|upkeep\n|turn|5\n|\n|t:|1700634196\n|move|p2a: Hawlucha|Acrobatics|p1a: Nidoking\n|-damage|p1a: Nidoking|0 fnt\n|faint|p1a: Nidoking\n|\n|upkeep\n|\n|t:|1700634208\n|switch|p1a: Dialga|Dialga, shiny|51\/100\n|-ability|p1a: Dialga|Pressure\n|turn|6\n|\n|t:|1700634211\n|move|p2a: Hawlucha|Flying Press|p1a: Dialga\n|-damage|p1a: Dialga|0 fnt\n|faint|p1a: Dialga\n|\n|upkeep\n|\n|t:|1700634217\n|switch|p1a: Groudon|Groudon, shiny|100\/100\n|detailschange|p1a: Groudon|Groudon-Primal, shiny\n|-primal|p1a: Groudon|Red Orb\n|-weather|DesolateLand|[from] ability: Desolate Land|[of] p1a: Groudon\n|turn|7\n|\n|t:|1700634225\n|move|p2a: Hawlucha|Acrobatics|p1a: Groudon\n|-damage|p1a: Groudon|27\/100\n|move|p1a: Groudon|Crunch|p2a: Hawlucha\n|-resisted|p2a: Hawlucha\n|-damage|p2a: Hawlucha|0 fnt\n|faint|p2a: Hawlucha\n|\n|-weather|DesolateLand|[upkeep]\n|upkeep\n|\n|t:|1700634230\n|switch|p2a: Noivern|Noivern, M|100\/100\n|turn|8\n|\n|t:|1700634238\n|move|p2a: Noivern|Boomburst|p1a: Groudon\n|-damage|p1a: Groudon|0 fnt\n|faint|p1a: Groudon\n|-weather|none\n|-enditem|p2a: Noivern|Throat Spray\n|-boost|p2a: Noivern|spa|1|[from] item: Throat Spray\n|\n|upkeep\n|\n|t:|1700634245\n|switch|p1a: Arceus|Arceus-Fire, shiny|100\/100\n|turn|9\n|\n|t:|1700634251\n|move|p2a: Noivern|Air Slash|p1a: Arceus\n|-damage|p1a: Arceus|58\/100\n|move|p1a: Arceus|Dragon Claw|p2a: Noivern\n|-supereffective|p2a: Noivern\n|-damage|p2a: Noivern|21\/100\n|\n|upkeep\n|turn|10\n|\n|t:|1700634261\n|move|p2a: Noivern|Dragon Pulse|p1a: Arceus\n|-damage|p1a: Arceus|10\/100\n|move|p1a: Arceus|Dragon Claw|p2a: Noivern\n|-supereffective|p2a: Noivern\n|-damage|p2a: Noivern|0 fnt\n|faint|p2a: Noivern\n|\n|upkeep\n|\n|t:|1700634265\n|switch|p2a: Goodra|Goodra, M|100\/100\n|turn|11\n|\n|t:|1700634273\n|move|p1a: Arceus|Dragon Claw|p2a: Goodra\n|-supereffective|p2a: Goodra\n|-damage|p2a: Goodra|12\/100\n|-ability|p2a: Goodra|Gooey\n|-unboost|p1a: Arceus|spe|1\n|move|p2a: Goodra|Toxic|p1a: Arceus\n|-status|p1a: Arceus|tox\n|\n|-heal|p2a: Goodra|18\/100|[from] item: Leftovers\n|-damage|p1a: Arceus|4\/100 tox|[from] psn\n|upkeep\n|turn|12\n|\n|t:|1700634287\n|move|p2a: Goodra|Protect|p2a: Goodra\n|-singleturn|p2a: Goodra|Protect\n|move|p1a: Arceus|Dragon Claw|p2a: Goodra\n|-activate|p2a: Goodra|move: Protect\n|\n|-heal|p2a: Goodra|24\/100|[from] item: Leftovers\n|-damage|p1a: Arceus|0 fnt|[from] psn\n|faint|p1a: Arceus\n|upkeep\n|\n|t:|1700634298\n|switch|p1a: Alakazam|Alakazam, F|100\/100\n|turn|13\n|\n|t:|1700634310\n|detailschange|p1a: Alakazam|Alakazam-Mega, F\n|-mega|p1a: Alakazam|Alakazam|Alakazite\n|-ability|p1a: Alakazam|Gooey|[from] ability: Trace|[of] p2a: Goodra\n|move|p1a: Alakazam|Psychic|p2a: Goodra\n|-damage|p2a: Goodra|0 fnt\n|faint|p2a: Goodra\n|\n|upkeep\n|\n|t:|1700634316\n|switch|p2a: Greninja|Greninja, M|100\/100\n|turn|14\n|\n|t:|1700634322\n|move|p1a: Alakazam|Psychic|p2a: Greninja\n|-immune|p2a: Greninja\n|move|p2a: Greninja|Dark Pulse|p1a: Alakazam\n|-supereffective|p1a: Alakazam\n|-damage|p1a: Alakazam|0 fnt\n|faint|p1a: Alakazam\n|-ability|p2a: Greninja|Battle Bond|boost\n|-boost|p2a: Greninja|atk|1\n|-boost|p2a: Greninja|spa|1\n|-boost|p2a: Greninja|spe|1\n|-activate|p2a: Greninja|ability: Battle Bond\n|\n|upkeep\n|c|\u2606satoshikuso|Morron\n|\n|t:|1700634333\n|switch|p1a: Solgaleo|Solgaleo, shiny|100\/100\n|turn|15\n|-message|Nidokingbutbeter forfeited.\n|\n|win|satoshikuso\n|raw|Nidokingbutbeter's rating: 1045 &rarr; <strong>1029<\/strong><br \/>(-16 for losing)\n|raw|satoshikuso's rating: 1066 &rarr; <strong>1094<\/strong><br \/>(+28 for winning)\n|l|\u2606Nidokingbutbeter\n|l|\u2606satoshikuso\n|j|@maroon\n|j|@ken\n|l|@ken\n|j|@maroon\n|c|@maroon|\/log satoshikuso was warned by maroon while offline. (don't be rude to your opponent)\n","uploadtime":1700634099,"views":0,"p1id":"nidokingbutbeter","p2id":"satoshikuso","formatid":"gen9nationaldexubers","rating":1029,"private":1,"password":""}