{"id":"gen9nationaldexubers-1980740902","p1":"XX_1nfinity_XX","p2":"Kramaltsyzer","format":"[Gen 9] National Dex Ubers","log":"|j|\u2606XX_1nfinity_XX\n|j|\u2606Kramaltsyzer\n|t:|1698823523\n|gametype|singles\n|player|p1|XX_1nfinity_XX|lucas|\n|player|p2|Kramaltsyzer|acetrainer|\n|teamsize|p1|6\n|teamsize|p2|6\n|gen|9\n|tier|[Gen 9] National Dex Ubers\n|rule|HP Percentage Mod: HP is shown in percentages\n|rule|Endless Battle Clause: Forcing endless battles is banned\n|rule|OHKO Clause: OHKO moves are banned\n|rule|Evasion Moves Clause: Evasion moves are banned\n|rule|Evasion Items Clause: Evasion items are banned\n|rule|Species Clause: Limit one of each Pok\u00e9mon\n|rule|Sleep Clause Mod: Limit one foe put to sleep\n|rule|Mega Rayquaza Clause: You cannot mega evolve Rayquaza\n|clearpoke\n|poke|p1|Medicham, F|\n|poke|p1|Ogerpon-Wellspring, F|\n|poke|p1|Alomomola, M|\n|poke|p1|Chansey, F|\n|poke|p1|Blacephalon|\n|poke|p1|Cinderace, F|\n|poke|p2|Darmanitan-Galar, F|\n|poke|p2|Ninetales-Alola, F|\n|poke|p2|Glastrier|\n|poke|p2|Weavile, F|\n|poke|p2|Arctozolt|\n|poke|p2|Cinderace, F|\n|teampreview\n|inactive|Battle timer is ON: inactive players will automatically lose when time's up. (requested by XX_1nfinity_XX)\n|c|\u2606XX_1nfinity_XX|yay glhf\n|\n|t:|1698823546\n|start\n|switch|p1a: Ace from OP|Cinderace, F|100\/100\n|switch|p2a: Gobou|Ninetales-Alola, F|100\/100\n|-weather|Snow|[from] ability: Snow Warning|[of] p2a: Gobou\n|turn|1\n|\n|t:|1698823556\n|-terastallize|p2a: Gobou|Fire\n|move|p1a: Ace from OP|Pyro Ball|p2a: Gobou\n|-resisted|p2a: Gobou\n|-damage|p2a: Gobou|60\/100\n|move|p2a: Gobou|Encore|p1a: Ace from OP\n|-start|p1a: Ace from OP|Encore\n|\n|-weather|Snow|[upkeep]\n|upkeep\n|turn|2\n|\n|t:|1698823563\n|move|p1a: Ace from OP|Pyro Ball|p2a: Gobou\n|-resisted|p2a: Gobou\n|-damage|p2a: Gobou|20\/100\n|move|p2a: Gobou|Aurora Veil|p2a: Gobou\n|-sidestart|p2: Kramaltsyzer|move: Aurora Veil\n|\n|-weather|Snow|[upkeep]\n|upkeep\n|turn|3\n|\n|t:|1698823590\n|switch|p2a: Kramalt.|Arctozolt|100\/100\n|move|p1a: Ace from OP|Pyro Ball|p2a: Kramalt.\n|-supereffective|p2a: Kramalt.\n|-damage|p2a: Kramalt.|58\/100\n|\n|-weather|Snow|[upkeep]\n|upkeep\n|turn|4\n|\n|t:|1698823601\n|move|p2a: Kramalt.|Bolt Beak|p1a: Ace from OP\n|-damage|p1a: Ace from OP|0 fnt\n|faint|p1a: Ace from OP\n|-damage|p2a: Kramalt.|48\/100|[from] item: Life Orb\n|\n|-weather|Snow|[upkeep]\n|upkeep\n|\n|t:|1698823617\n|switch|p1a: Medicham|Medicham, F|100\/100\n|turn|5\n|\n|t:|1698823624\n|move|p2a: Kramalt.|Bolt Beak|p1a: Medicham\n|-damage|p1a: Medicham|0 fnt\n|faint|p1a: Medicham\n|-damage|p2a: Kramalt.|38\/100|[from] item: Life Orb\n|\n|-weather|none\n|upkeep\n|\n|t:|1698823627\n|switch|p1a: Party|Blacephalon|100\/100\n|turn|6\n|\n|t:|1698823635\n|switch|p2a: Gobou|Ninetales-Alola, F, tera:Fire|20\/100\n|-weather|Snow|[from] ability: Snow Warning|[of] p2a: Gobou\n|move|p1a: Party|Flamethrower|p2a: Gobou\n|-resisted|p2a: Gobou\n|-damage|p2a: Gobou|6\/100\n|\n|-weather|Snow|[upkeep]\n|upkeep\n|turn|7\n|\n|t:|1698823650\n|move|p1a: Party|Flamethrower|p2a: Gobou\n|-resisted|p2a: Gobou\n|-damage|p2a: Gobou|0 fnt\n|faint|p2a: Gobou\n|-ability|p1a: Party|Beast Boost|boost\n|-boost|p1a: Party|spa|1\n|\n|-weather|Snow|[upkeep]\n|upkeep\n|\n|t:|1698823674\n|switch|p2a: Glastrier|Glastrier|100\/100\n|turn|8\n|\n|t:|1698823692\n|switch|p1a: Big Fesh|Alomomola, M|100\/100\n|move|p2a: Glastrier|Stomping Tantrum|p1a: Big Fesh\n|-damage|p1a: Big Fesh|78\/100\n|-damage|p2a: Glastrier|91\/100|[from] item: Life Orb\n|\n|-weather|Snow|[upkeep]\n|-heal|p1a: Big Fesh|85\/100|[from] item: Leftovers\n|upkeep\n|turn|9\n|\n|t:|1698823711\n|switch|p2a: Kramalt.|Arctozolt|38\/100\n|move|p1a: Big Fesh|Scald|p2a: Kramalt.\n|-damage|p2a: Kramalt.|29\/100\n|\n|-weather|Snow|[upkeep]\n|-heal|p1a: Big Fesh|91\/100|[from] item: Leftovers\n|-sideend|p2: Kramaltsyzer|move: Aurora Veil\n|upkeep\n|turn|10\n|\n|t:|1698823721\n|move|p1a: Big Fesh|Protect|p1a: Big Fesh\n|-singleturn|p1a: Big Fesh|Protect\n|move|p2a: Kramalt.|Bolt Beak|p1a: Big Fesh\n|-activate|p1a: Big Fesh|move: Protect\n|\n|-weather|none\n|-heal|p1a: Big Fesh|97\/100|[from] item: Leftovers\n|upkeep\n|turn|11\n|\n|t:|1698823727\n|switch|p1a: Zoa's Daughter|Ogerpon-Wellspring, F|100\/100\n|move|p2a: Kramalt.|Bolt Beak|p1a: Zoa's Daughter\n|-damage|p1a: Zoa's Daughter|0 fnt\n|faint|p1a: Zoa's Daughter\n|-damage|p2a: Kramalt.|19\/100|[from] item: Life Orb\n|\n|upkeep\n|\n|t:|1698823730\n|switch|p1a: Party|Blacephalon|100\/100\n|turn|12\n|\n|t:|1698823735\n|move|p1a: Party|Flamethrower|p2a: Kramalt.\n|-supereffective|p2a: Kramalt.\n|-damage|p2a: Kramalt.|0 fnt\n|faint|p2a: Kramalt.\n|-ability|p1a: Party|Beast Boost|boost\n|-boost|p1a: Party|spa|1\n|\n|upkeep\n|\n|t:|1698823745\n|switch|p2a: Zoa|Cinderace, F|100\/100\n|turn|13\n|\n|t:|1698823754\n|-terastallize|p1a: Party|Dark\n|move|p1a: Party|Flamethrower|p2a: Zoa\n|-resisted|p2a: Zoa\n|-crit|p2a: Zoa\n|-damage|p2a: Zoa|21\/100\n|move|p2a: Zoa|Pyro Ball|p1a: Party\n|-damage|p1a: Party|0 fnt\n|faint|p1a: Party\n|\n|upkeep\n|\n|t:|1698823759\n|switch|p1a: Big Fesh|Alomomola, M|100\/100\n|turn|14\n|\n|t:|1698823764\n|move|p2a: Zoa|High Jump Kick|p1a: Big Fesh\n|-start|p2a: Zoa|typechange|Fighting|[from] ability: Libero\n|-damage|p1a: Big Fesh|65\/100\n|move|p1a: Big Fesh|Flip Turn|p2a: Zoa\n|-damage|p2a: Zoa|0 fnt\n|faint|p2a: Zoa\n|\n|t:|1698823768\n|switch|p1a: Ball|Chansey, F|100\/100|[from] Flip Turn\n|\n|upkeep\n|c|\u2606Kramaltsyzer|And kids thats how you throw\n|c|\u2606XX_1nfinity_XX|true\n|inactive|Kramaltsyzer has 270 seconds left.\n|c|\u2606XX_1nfinity_XX|i still have alomomola\n|\n|t:|1698823811\n|switch|p2a: Glastrier|Glastrier|91\/100\n|turn|15\n|\n|t:|1698823814\n|switch|p1a: Big Fesh|Alomomola, M|99\/100\n|move|p2a: Glastrier|Close Combat|p1a: Big Fesh\n|-damage|p1a: Big Fesh|62\/100\n|-unboost|p2a: Glastrier|def|1\n|-unboost|p2a: Glastrier|spd|1\n|-damage|p2a: Glastrier|81\/100|[from] item: Life Orb\n|\n|-heal|p1a: Big Fesh|69\/100|[from] item: Leftovers\n|upkeep\n|turn|16\n|\n|t:|1698823818\n|switch|p2a: Gin.|Weavile, F|100\/100\n|move|p1a: Big Fesh|Wish|p1a: Big Fesh\n|\n|-heal|p1a: Big Fesh|75\/100|[from] item: Leftovers\n|upkeep\n|turn|17\n|\n|t:|1698823826\n|move|p2a: Gin.|Swords Dance|p2a: Gin.\n|-boost|p2a: Gin.|atk|2\n|move|p1a: Big Fesh|Scald|p2a: Gin.\n|-damage|p2a: Gin.|81\/100\n|-status|p2a: Gin.|brn\n|\n|-heal|p1a: Big Fesh|100\/100|[from] move: Wish|[wisher] Big Fesh\n|-damage|p2a: Gin.|75\/100 brn|[from] brn\n|upkeep\n|turn|18\n|\n|t:|1698823834\n|move|p2a: Gin.|Swords Dance|p2a: Gin.\n|-boost|p2a: Gin.|atk|2\n|move|p1a: Big Fesh|Scald|p2a: Gin.\n|-damage|p2a: Gin.|54\/100 brn\n|\n|-damage|p2a: Gin.|48\/100 brn|[from] brn\n|upkeep\n|turn|19\n|c|\u2606XX_1nfinity_XX|yes i can still win\n|\n|t:|1698823841\n|move|p2a: Gin.|Knock Off|p1a: Big Fesh\n|-damage|p1a: Big Fesh|61\/100\n|-enditem|p1a: Big Fesh|Leftovers|[from] move: Knock Off|[of] p2a: Gin.\n|move|p1a: Big Fesh|Scald|p2a: Gin.\n|-crit|p2a: Gin.\n|-damage|p2a: Gin.|22\/100 brn\n|\n|-damage|p2a: Gin.|16\/100 brn|[from] brn\n|upkeep\n|turn|20\n|\n|t:|1698823857\n|move|p2a: Gin.|Knock Off|p1a: Big Fesh\n|-damage|p1a: Big Fesh|36\/100\n|move|p1a: Big Fesh|Wish|p1a: Big Fesh\n|\n|-damage|p2a: Gin.|10\/100 brn|[from] brn\n|upkeep\n|turn|21\n|\n|t:|1698823862\n|move|p1a: Big Fesh|Protect|p1a: Big Fesh\n|-singleturn|p1a: Big Fesh|Protect\n|move|p2a: Gin.|Knock Off|p1a: Big Fesh\n|-activate|p1a: Big Fesh|move: Protect\n|\n|-heal|p1a: Big Fesh|86\/100|[from] move: Wish|[wisher] Big Fesh\n|-damage|p2a: Gin.|4\/100 brn|[from] brn\n|upkeep\n|turn|22\n|\n|t:|1698823865\n|switch|p1a: Ball|Chansey, F|100\/100\n|move|p2a: Gin.|Knock Off|p1a: Ball\n|-damage|p1a: Ball|0 fnt\n|-enditem|p1a: Ball|Eviolite|[from] move: Knock Off|[of] p2a: Gin.\n|faint|p1a: Ball\n|\n|-damage|p2a: Gin.|0 fnt|[from] brn\n|faint|p2a: Gin.\n|upkeep\n|c|\u2606XX_1nfinity_XX|sclad stall incoming\n|\n|t:|1698823879\n|switch|p2a: Glastrier|Glastrier|81\/100\n|switch|p1a: Big Fesh|Alomomola, M|100\/100\n|turn|23\n|inactive|Kramaltsyzer has 270 seconds left.\n|\n|t:|1698823924\n|move|p1a: Big Fesh|Scald|p2a: Glastrier\n|-damage|p2a: Glastrier|71\/100\n|-status|p2a: Glastrier|brn\n|move|p2a: Glastrier|Heavy Slam|p1a: Big Fesh\n|-resisted|p1a: Big Fesh\n|-damage|p1a: Big Fesh|92\/100\n|-damage|p2a: Glastrier|61\/100 brn|[from] item: Life Orb\n|\n|-damage|p2a: Glastrier|55\/100 brn|[from] brn\n|upkeep\n|turn|24\n|c|\u2606XX_1nfinity_XX|nice\n|\n|t:|1698823931\n|move|p1a: Big Fesh|Flip Turn|p2a: Glastrier\n|-damage|p2a: Glastrier|44\/100 brn\n|move|p2a: Glastrier|Close Combat|p1a: Big Fesh\n|-damage|p1a: Big Fesh|76\/100\n|-unboost|p2a: Glastrier|def|1\n|-unboost|p2a: Glastrier|spd|1\n|-damage|p2a: Glastrier|34\/100 brn|[from] item: Life Orb\n|\n|-damage|p2a: Glastrier|28\/100 brn|[from] brn\n|upkeep\n|turn|25\n|inactive|Kramaltsyzer has 270 seconds left.\n|\n|t:|1698823939\n|move|p1a: Big Fesh|Wish|p1a: Big Fesh\n|move|p2a: Glastrier|Close Combat|p1a: Big Fesh\n|-damage|p1a: Big Fesh|60\/100\n|-unboost|p2a: Glastrier|def|1\n|-unboost|p2a: Glastrier|spd|1\n|-damage|p2a: Glastrier|18\/100 brn|[from] item: Life Orb\n|\n|-damage|p2a: Glastrier|12\/100 brn|[from] brn\n|upkeep\n|turn|26\n|\n|t:|1698823942\n|move|p1a: Big Fesh|Flip Turn|p2a: Glastrier\n|-damage|p2a: Glastrier|0 fnt\n|faint|p2a: Glastrier\n|\n|-heal|p1a: Big Fesh|100\/100|[from] move: Wish|[wisher] Big Fesh\n|upkeep\n|\n|t:|1698823949\n|switch|p2a: Darmanitan|Darmanitan-Galar, F|100\/100\n|turn|27\n|\n|t:|1698823954\n|move|p2a: Darmanitan|Earthquake|p1a: Big Fesh\n|-damage|p1a: Big Fesh|71\/100\n|move|p1a: Big Fesh|Wish|p1a: Big Fesh\n|\n|upkeep\n|turn|28\n|c|\u2606Kramaltsyzer|Stop stalling\n|c|\u2606XX_1nfinity_XX|just ff\n|c|\u2606XX_1nfinity_XX|:]\n|c|\u2606Kramaltsyzer|Actully nvm i will not give you the badge\n|c|\u2606Kramaltsyzer|:)\n|inactive|Kramaltsyzer has 270 seconds left.\n|c|\u2606XX_1nfinity_XX|i can take it myself\n|c|\u2606XX_1nfinity_XX|:]\n|c|\u2606Kramaltsyzer|I will just take the gym leader role\n|c|\u2606Kramaltsyzer|:)\n|inactive|Kramaltsyzer has 240 seconds left.\n|\n|t:|1698824016\n|move|p2a: Darmanitan|Earthquake|p1a: Big Fesh\n|-damage|p1a: Big Fesh|44\/100\n|move|p1a: Big Fesh|Scald|p2a: Darmanitan\n|-damage|p2a: Darmanitan|81\/100\n|\n|-heal|p1a: Big Fesh|94\/100|[from] move: Wish|[wisher] Big Fesh\n|upkeep\n|turn|29\n|c|\u2606XX_1nfinity_XX|i will just complain to gin\n|\n|t:|1698824025\n|move|p1a: Big Fesh|Protect|p1a: Big Fesh\n|-singleturn|p1a: Big Fesh|Protect\n|move|p2a: Darmanitan|Earthquake|p1a: Big Fesh\n|-activate|p1a: Big Fesh|move: Protect\n|\n|upkeep\n|turn|30\n|c|\u2606XX_1nfinity_XX|:]\n|inactive|Kramaltsyzer has 240 seconds left.\n|\n|t:|1698824043\n|move|p2a: Darmanitan|Earthquake|p1a: Big Fesh\n|-damage|p1a: Big Fesh|64\/100\n|move|p1a: Big Fesh|Wish|p1a: Big Fesh\n|\n|upkeep\n|turn|31\n|\n|t:|1698824048\n|move|p2a: Darmanitan|Earthquake|p1a: Big Fesh\n|-damage|p1a: Big Fesh|35\/100\n|move|p1a: Big Fesh|Scald|p2a: Darmanitan\n|-damage|p2a: Darmanitan|59\/100\n|\n|-heal|p1a: Big Fesh|85\/100|[from] move: Wish|[wisher] Big Fesh\n|upkeep\n|turn|32\n|inactive|Kramaltsyzer has 240 seconds left.\n|c|\u2606XX_1nfinity_XX|this is what you get for using scarf+gorilla tactics darm\n|c|\u2606XX_1nfinity_XX|use band\n|inactive|Kramaltsyzer has 210 seconds left.\n|-message|Kramaltsyzer forfeited.\n|\n|win|XX_1nfinity_XX\n|l|\u2606Kramaltsyzer\n|c|\u2606XX_1nfinity_XX|ggs\n","uploadtime":1698824119,"views":14,"p1id":"xx1nfinityxx","p2id":"kramaltsyzer","formatid":"gen9nationaldexubers","rating":0,"private":0,"password":""}