{"id":"gen9nationaldexubers-1994364692","p1":"ah3nny","p2":"Tazz21","format":"[Gen 9] National Dex Ubers","log":"|j|\u2606ah3nny\n|j|\u2606Tazz21\n|t:|1700435549\n|gametype|singles\n|player|p1|ah3nny|2|\n|player|p2|Tazz21|265|\n|teamsize|p1|6\n|teamsize|p2|6\n|gen|9\n|tier|[Gen 9] National Dex Ubers\n|rule|HP Percentage Mod: HP is shown in percentages\n|rule|Endless Battle Clause: Forcing endless battles is banned\n|rule|OHKO Clause: OHKO moves are banned\n|rule|Evasion Moves Clause: Evasion moves are banned\n|rule|Evasion Items Clause: Evasion items are banned\n|rule|Species Clause: Limit one of each Pok\u00e9mon\n|rule|Sleep Clause Mod: Limit one foe put to sleep\n|rule|Mega Rayquaza Clause: You cannot mega evolve Rayquaza\n|clearpoke\n|poke|p1|Melmetal|\n|poke|p1|Heatran, F|\n|poke|p1|Urshifu-*, F|\n|poke|p1|Tyranitar, M|\n|poke|p1|Landorus-Therian, M|\n|poke|p1|Palkia-Origin|\n|poke|p2|Yveltal|\n|poke|p2|Kyurem-Black|\n|poke|p2|Gholdengo|\n|poke|p2|Deoxys|\n|poke|p2|Palkia|\n|poke|p2|Arceus-Poison|\n|teampreview\n|c|\u2606ah3nny|glhf\n|c|\u2606Tazz21|Same to you!\n|c|\u2606ah3nny|:)\n|\n|t:|1700435639\n|start\n|switch|p1a: Dorky|Urshifu, F|100\/100\n|switch|p2a: Palkia|Palkia|100\/100\n|-ability|p2a: Palkia|Pressure\n|turn|1\n|\n|t:|1700435749\n|move|p1a: Dorky|U-turn|p2a: Palkia\n|-damage|p2a: Palkia|76\/100\n|j| Zestrov\n|\n|t:|1700435778\n|switch|p1a: Thing 1|Melmetal|100\/100|[from] U-turn\n|move|p2a: Palkia|Draco Meteor|p1a: Thing 1\n|-resisted|p1a: Thing 1\n|-damage|p1a: Thing 1|69\/100\n|-unboost|p2a: Palkia|spa|2\n|-damage|p2a: Palkia|66\/100|[from] item: Life Orb\n|\n|upkeep\n|turn|2\n|\n|t:|1700435806\n|switch|p2a: Gholdengo|Gholdengo|100\/100\n|move|p1a: Thing 1|Double Iron Bash|p2a: Gholdengo\n|-resisted|p2a: Gholdengo\n|-damage|p2a: Gholdengo|80\/100\n|-resisted|p2a: Gholdengo\n|-damage|p2a: Gholdengo|60\/100\n|-hitcount|p2a: Gholdengo|2\n|\n|upkeep\n|turn|3\n|\n|t:|1700435817\n|move|p2a: Gholdengo|Thunder Wave|p1a: Thing 1\n|-status|p1a: Thing 1|par\n|cant|p1a: Thing 1|par\n|\n|upkeep\n|turn|4\n|\n|t:|1700435823\n|move|p2a: Gholdengo|Recover|p2a: Gholdengo\n|-heal|p2a: Gholdengo|100\/100\n|cant|p1a: Thing 1|par\n|\n|upkeep\n|turn|5\n|c|\u2606Tazz21|oh\n|c|\u2606Tazz21|you know i didnt get that far in my head\n|c|\u2606ah3nny|yellow magic strikes again\n|\n|t:|1700435857\n|switch|p2a: Palkia|Palkia|66\/100\n|-ability|p2a: Palkia|Pressure\n|move|p1a: Thing 1|Earthquake|p2a: Palkia\n|-damage|p2a: Palkia|23\/100\n|\n|upkeep\n|turn|6\n|\n|t:|1700435874\n|move|p2a: Palkia|Earth Power|p1a: Thing 1\n|-supereffective|p1a: Thing 1\n|-damage|p1a: Thing 1|10\/100 par\n|-damage|p2a: Palkia|13\/100|[from] item: Life Orb\n|cant|p1a: Thing 1|par\n|\n|upkeep\n|turn|7\n|c|\u2606Tazz21|WOW\n|c|\u2606Tazz21|im uhg\n|c|\u2606Tazz21|im sorry\n|\n|t:|1700435892\n|move|p2a: Palkia|Earth Power|p1a: Thing 1\n|-supereffective|p1a: Thing 1\n|-damage|p1a: Thing 1|0 fnt\n|faint|p1a: Thing 1\n|-damage|p2a: Palkia|3\/100|[from] item: Life Orb\n|\n|upkeep\n|\n|t:|1700435909\n|switch|p1a: Based Palkia|Palkia-Origin|100\/100\n|-ability|p1a: Based Palkia|Pressure\n|turn|8\n|\n|t:|1700435920\n|move|p1a: Based Palkia|Ice Beam|p2a: Palkia\n|-damage|p2a: Palkia|0 fnt\n|faint|p2a: Palkia\n|\n|upkeep\n|\n|t:|1700435927\n|switch|p2a: Arceus|Arceus-Poison|100\/100\n|turn|9\n|\n|t:|1700435936\n|move|p2a: Arceus|Toxic|p1a: Based Palkia\n|-status|p1a: Based Palkia|tox\n|move|p1a: Based Palkia|Earth Power|p2a: Arceus\n|-supereffective|p2a: Arceus\n|-damage|p2a: Arceus|54\/100\n|\n|-damage|p1a: Based Palkia|94\/100 tox|[from] psn\n|upkeep\n|turn|10\n|\n|t:|1700435944\n|switch|p1a: Thing 2|Heatran, F|100\/100\n|move|p2a: Arceus|Recover|p2a: Arceus\n|-heal|p2a: Arceus|100\/100\n|\n|upkeep\n|turn|11\n|\n|t:|1700435958\n|move|p2a: Arceus|Stealth Rock|p1a: Thing 2\n|-sidestart|p1: ah3nny|move: Stealth Rock\n|move|p1a: Thing 2|Will-O-Wisp|p2a: Arceus\n|-status|p2a: Arceus|brn\n|\n|-damage|p2a: Arceus|94\/100 brn|[from] brn\n|upkeep\n|turn|12\n|j| AshenAraquanid\n|\n|t:|1700435978\n|switch|p1a: My Beloved|Landorus-Therian, M|100\/100\n|-damage|p1a: My Beloved|88\/100|[from] Stealth Rock\n|-ability|p1a: My Beloved|Intimidate|boost\n|-unboost|p2a: Arceus|atk|1\n|move|p2a: Arceus|Dazzling Gleam|p1a: My Beloved\n|-damage|p1a: My Beloved|62\/100\n|\n|-damage|p2a: Arceus|88\/100 brn|[from] brn\n|upkeep\n|turn|13\n|\n|t:|1700435997\n|switch|p2a: Yveltal|Yveltal|100\/100\n|-ability|p2a: Yveltal|Dark Aura\n|move|p1a: My Beloved|Earthquake|p2a: Yveltal\n|-immune|p2a: Yveltal\n|\n|upkeep\n|turn|14\n|\n|t:|1700436006\n|move|p1a: My Beloved|U-turn|p2a: Yveltal\n|-damage|p2a: Yveltal|81\/100\n|\n|t:|1700436011\n|switch|p1a: No Mence?!?!|Tyranitar, M|100\/100|[from] U-turn\n|-damage|p1a: No Mence?!?!|88\/100|[from] Stealth Rock\n|-weather|Sandstorm|[from] ability: Sand Stream|[of] p1a: No Mence?!?!\n|move|p2a: Yveltal|Toxic|p1a: No Mence?!?!\n|-status|p1a: No Mence?!?!|tox\n|\n|-weather|Sandstorm|[upkeep]\n|-damage|p2a: Yveltal|75\/100|[from] Sandstorm\n|-damage|p1a: No Mence?!?!|82\/100 tox|[from] psn\n|upkeep\n|turn|15\n|\n|t:|1700436036\n|switch|p2a: Arceus|Arceus-Poison|88\/100 brn\n|detailschange|p1a: No Mence?!?!|Tyranitar-Mega, M\n|-mega|p1a: No Mence?!?!|Tyranitar|Tyranitarite\n|move|p1a: No Mence?!?!|Stone Edge|p2a: Arceus\n|-damage|p2a: Arceus|42\/100 brn\n|\n|-weather|Sandstorm|[upkeep]\n|-damage|p2a: Arceus|36\/100 brn|[from] Sandstorm\n|-damage|p1a: No Mence?!?!|69\/100 tox|[from] psn\n|-damage|p2a: Arceus|30\/100 brn|[from] brn\n|upkeep\n|turn|16\n|c| AshenAraquanid|the sala with no mence\n|\n|t:|1700436055\n|move|p2a: Arceus|Recover|p2a: Arceus\n|-heal|p2a: Arceus|80\/100 brn\n|move|p1a: No Mence?!?!|Stone Edge|p2a: Arceus\n|-damage|p2a: Arceus|32\/100 brn\n|\n|-weather|Sandstorm|[upkeep]\n|-damage|p2a: Arceus|25\/100 brn|[from] Sandstorm\n|-damage|p1a: No Mence?!?!|51\/100 tox|[from] psn\n|-damage|p2a: Arceus|19\/100 brn|[from] brn\n|upkeep\n|turn|17\n|\n|t:|1700436084\n|move|p2a: Arceus|Recover|p2a: Arceus\n|-heal|p2a: Arceus|69\/100 brn\n|move|p1a: No Mence?!?!|Knock Off|p2a: Arceus\n|-damage|p2a: Arceus|40\/100 brn\n|\n|-weather|Sandstorm|[upkeep]\n|-damage|p2a: Arceus|34\/100 brn|[from] Sandstorm\n|-damage|p1a: No Mence?!?!|26\/100 tox|[from] psn\n|-damage|p2a: Arceus|28\/100 brn|[from] brn\n|upkeep\n|turn|18\n|\n|t:|1700436094\n|switch|p1a: Thing 2|Heatran, F|100\/100\n|-damage|p1a: Thing 2|88\/100|[from] Stealth Rock\n|move|p2a: Arceus|Dazzling Gleam|p1a: Thing 2\n|-resisted|p1a: Thing 2\n|-damage|p1a: Thing 2|83\/100\n|\n|-weather|none\n|-damage|p2a: Arceus|21\/100 brn|[from] brn\n|upkeep\n|turn|19\n|\n|t:|1700436105\n|move|p2a: Arceus|Recover|p2a: Arceus\n|-heal|p2a: Arceus|71\/100 brn\n|move|p1a: Thing 2|Taunt|p2a: Arceus\n|-start|p2a: Arceus|move: Taunt\n|\n|-damage|p2a: Arceus|65\/100 brn|[from] brn\n|upkeep\n|turn|20\n|\n|t:|1700436127\n|switch|p2a: Yveltal|Yveltal|75\/100\n|-ability|p2a: Yveltal|Dark Aura\n|move|p1a: Thing 2|Lava Plume|p2a: Yveltal\n|-damage|p2a: Yveltal|54\/100\n|\n|upkeep\n|turn|21\n|\n|t:|1700436134\n|move|p2a: Yveltal|Roost|p2a: Yveltal\n|-heal|p2a: Yveltal|100\/100\n|-singleturn|p2a: Yveltal|move: Roost\n|move|p1a: Thing 2|Lava Plume|p2a: Yveltal\n|-damage|p2a: Yveltal|81\/100\n|-status|p2a: Yveltal|brn\n|\n|-damage|p2a: Yveltal|75\/100 brn|[from] brn\n|upkeep\n|turn|22\n|\n|t:|1700436144\n|move|p2a: Yveltal|U-turn|p1a: Thing 2\n|-resisted|p1a: Thing 2\n|-damage|p1a: Thing 2|82\/100\n|\n|t:|1700436148\n|switch|p2a: Deoxys|Deoxys|100\/100|[from] U-turn\n|-ability|p2a: Deoxys|Pressure\n|move|p1a: Thing 2|Taunt|p2a: Deoxys\n|-start|p2a: Deoxys|move: Taunt\n|\n|upkeep\n|turn|23\n|\n|t:|1700436165\n|switch|p1a: No Mence?!?!|Tyranitar-Mega, M|26\/100 tox\n|-damage|p1a: No Mence?!?!|13\/100 tox|[from] Stealth Rock\n|-weather|Sandstorm|[from] ability: Sand Stream|[of] p1a: No Mence?!?!\n|move|p2a: Deoxys|Focus Blast|p1a: No Mence?!?!|[miss]\n|-miss|p2a: Deoxys|p1a: No Mence?!?!\n|\n|-weather|Sandstorm|[upkeep]\n|-damage|p2a: Deoxys|94\/100|[from] Sandstorm\n|-damage|p1a: No Mence?!?!|7\/100 tox|[from] psn\n|upkeep\n|turn|24\n|\n|t:|1700436180\n|move|p2a: Deoxys|Focus Blast|p1a: No Mence?!?!\n|-supereffective|p1a: No Mence?!?!\n|-damage|p1a: No Mence?!?!|0 fnt\n|faint|p1a: No Mence?!?!\n|\n|-weather|Sandstorm|[upkeep]\n|-damage|p2a: Deoxys|88\/100|[from] Sandstorm\n|-end|p2a: Deoxys|move: Taunt\n|upkeep\n|\n|t:|1700436189\n|switch|p1a: Dorky|Urshifu, F|100\/100\n|-damage|p1a: Dorky|94\/100|[from] Stealth Rock\n|turn|25\n|j| Berryandon\n|\n|t:|1700436235\n|move|p2a: Deoxys|Focus Blast|p1a: Dorky\n|-supereffective|p1a: Dorky\n|-damage|p1a: Dorky|0 fnt\n|faint|p1a: Dorky\n|\n|-weather|Sandstorm|[upkeep]\n|-damage|p2a: Deoxys|82\/100|[from] Sandstorm\n|upkeep\n|\n|t:|1700436242\n|switch|p1a: Based Palkia|Palkia-Origin|94\/100 tox\n|-damage|p1a: Based Palkia|82\/100 tox|[from] Stealth Rock\n|-ability|p1a: Based Palkia|Pressure\n|turn|26\n|\n|t:|1700436254\n|switch|p2a: Gholdengo|Gholdengo|100\/100\n|move|p1a: Based Palkia|Spacial Rend|p2a: Gholdengo\n|-resisted|p2a: Gholdengo\n|-damage|p2a: Gholdengo|77\/100\n|\n|-weather|Sandstorm|[upkeep]\n|-damage|p1a: Based Palkia|76\/100 tox|[from] Sandstorm\n|-damage|p1a: Based Palkia|70\/100 tox|[from] psn\n|upkeep\n|turn|27\n|\n|t:|1700436269\n|move|p1a: Based Palkia|Earth Power|p2a: Gholdengo\n|-supereffective|p2a: Gholdengo\n|-damage|p2a: Gholdengo|28\/100\n|move|p2a: Gholdengo|Thunder Wave||[still]\n|-fail|p2a: Gholdengo\n|\n|-weather|none\n|-damage|p1a: Based Palkia|58\/100 tox|[from] psn\n|upkeep\n|turn|28\n|\n|t:|1700436286\n|move|p1a: Based Palkia|Fire Blast|p2a: Gholdengo\n|-supereffective|p2a: Gholdengo\n|-damage|p2a: Gholdengo|0 fnt\n|faint|p2a: Gholdengo\n|\n|-damage|p1a: Based Palkia|39\/100 tox|[from] psn\n|upkeep\n|\n|t:|1700436298\n|switch|p2a: Arceus|Arceus-Poison|65\/100 brn\n|turn|29\n|\n|t:|1700436303\n|move|p2a: Arceus|Dazzling Gleam|p1a: Based Palkia\n|-supereffective|p1a: Based Palkia\n|-damage|p1a: Based Palkia|1\/100 tox\n|move|p1a: Based Palkia|Earth Power|p2a: Arceus\n|-supereffective|p2a: Arceus\n|-damage|p2a: Arceus|19\/100 brn\n|\n|-damage|p1a: Based Palkia|0 fnt|[from] psn\n|faint|p1a: Based Palkia\n|-damage|p2a: Arceus|13\/100 brn|[from] brn\n|upkeep\n|\n|t:|1700436312\n|switch|p1a: My Beloved|Landorus-Therian, M|62\/100\n|-damage|p1a: My Beloved|50\/100|[from] Stealth Rock\n|-ability|p1a: My Beloved|Intimidate|boost\n|-unboost|p2a: Arceus|atk|1\n|turn|30\n|\n|t:|1700436319\n|move|p2a: Arceus|Recover|p2a: Arceus\n|-heal|p2a: Arceus|63\/100 brn\n|move|p1a: My Beloved|Earthquake|p2a: Arceus\n|-supereffective|p2a: Arceus\n|-damage|p2a: Arceus|0 fnt\n|faint|p2a: Arceus\n|\n|upkeep\n|\n|t:|1700436333\n|switch|p2a: Kyurem|Kyurem-Black|100\/100\n|-ability|p2a: Kyurem|Teravolt\n|turn|31\n|\n|t:|1700436341\n|move|p2a: Kyurem|Substitute|p2a: Kyurem\n|-start|p2a: Kyurem|Substitute\n|-damage|p2a: Kyurem|76\/100\n|move|p1a: My Beloved|Knock Off|p2a: Kyurem\n|-end|p2a: Kyurem|Substitute\n|\n|upkeep\n|turn|32\n|\n|t:|1700436348\n|move|p2a: Kyurem|Icicle Spear|p1a: My Beloved\n|-supereffective|p1a: My Beloved\n|-damage|p1a: My Beloved|0 fnt\n|faint|p1a: My Beloved\n|-hitcount|p1: My Beloved|1\n|\n|upkeep\n|\n|t:|1700436352\n|switch|p1a: Thing 2|Heatran, F|82\/100\n|-damage|p1a: Thing 2|69\/100|[from] Stealth Rock\n|turn|33\n|\n|t:|1700436362\n|move|p2a: Kyurem|Substitute|p2a: Kyurem\n|-start|p2a: Kyurem|Substitute\n|-damage|p2a: Kyurem|51\/100\n|move|p1a: Thing 2|Lava Plume|p2a: Kyurem\n|-end|p2a: Kyurem|Substitute\n|\n|upkeep\n|turn|34\n|c|\u2606ah3nny|man that hax made a huge difference oh well that's pokemon\n|\n|t:|1700436380\n|move|p2a: Kyurem|Dragon Claw|p1a: Thing 2\n|-resisted|p1a: Thing 2\n|-damage|p1a: Thing 2|56\/100\n|move|p1a: Thing 2|Lava Plume|p2a: Kyurem\n|-damage|p2a: Kyurem|21\/100\n|-status|p2a: Kyurem|brn\n|\n|-damage|p2a: Kyurem|15\/100 brn|[from] brn\n|upkeep\n|turn|35\n|\n|t:|1700436391\n|move|p2a: Kyurem|Dragon Claw|p1a: Thing 2\n|-resisted|p1a: Thing 2\n|-damage|p1a: Thing 2|49\/100\n|move|p1a: Thing 2|Lava Plume|p2a: Kyurem\n|-damage|p2a: Kyurem|0 fnt\n|faint|p2a: Kyurem\n|\n|upkeep\n|\n|t:|1700436400\n|switch|p2a: Deoxys|Deoxys|82\/100\n|-ability|p2a: Deoxys|Pressure\n|turn|36\n|\n|t:|1700436406\n|move|p2a: Deoxys|Focus Blast|p1a: Thing 2\n|-supereffective|p1a: Thing 2\n|-damage|p1a: Thing 2|0 fnt\n|faint|p1a: Thing 2\n|\n|win|Tazz21\n|c|\u2606ah3nny|ggs\n|c|\u2606Tazz21|ggs\n|l| AshenAraquanid\n|l| Zestrov\n|l|\u2606Tazz21\n","uploadtime":1700436418,"views":34,"p1id":"ah3nny","p2id":"tazz21","formatid":"gen9nationaldexubers","rating":0,"private":0,"password":""}