{"id":"gen9nationaldexubers-1985825839","p1":"Kantoboi11","p2":"ShriveledMonkey","format":"[Gen 9] National Dex Ubers","log":"|j|\u2606Kantoboi11\n|j|\u2606ShriveledMonkey\n|t:|1699410293\n|gametype|singles\n|player|p1|Kantoboi11|265|1092\n|player|p2|ShriveledMonkey|1|1067\n|teamsize|p1|6\n|teamsize|p2|6\n|gen|9\n|tier|[Gen 9] National Dex Ubers\n|rated|\n|rule|HP Percentage Mod: HP is shown in percentages\n|rule|Endless Battle Clause: Forcing endless battles is banned\n|rule|OHKO Clause: OHKO moves are banned\n|rule|Evasion Moves Clause: Evasion moves are banned\n|rule|Evasion Items Clause: Evasion items are banned\n|rule|Species Clause: Limit one of each Pok\u00e9mon\n|rule|Sleep Clause Mod: Limit one foe put to sleep\n|rule|Mega Rayquaza Clause: You cannot mega evolve Rayquaza\n|clearpoke\n|poke|p1|Kyogre|\n|poke|p1|Basculegion, M|\n|poke|p1|Lanturn, F|\n|poke|p1|Cramorant, M|\n|poke|p1|Gyarados, M|\n|poke|p1|Inteleon, F|\n|poke|p2|Kleavor, M|\n|poke|p2|Rabsca, M|\n|poke|p2|Gourgeist-*, F|\n|poke|p2|Ludicolo, F|\n|poke|p2|Lucario, M|\n|poke|p2|Torkoal, M|\n|teampreview\n|c|\u2606ShriveledMonkey|Nice water team\n|\n|t:|1699410307\n|start\n|switch|p1a: Cramorant|Cramorant, M|100\/100\n|switch|p2a: Torkoal|Torkoal, M|100\/100\n|-weather|SunnyDay|[from] ability: Drought|[of] p2a: Torkoal\n|turn|1\n|\n|t:|1699410318\n|move|p1a: Cramorant|Surf|p2a: Torkoal\n|-formechange|p1a: Cramorant|Cramorant-Gulping|\n|-supereffective|p2a: Torkoal\n|-damage|p2a: Torkoal|51\/100\n|move|p2a: Torkoal|Yawn|p1a: Cramorant\n|-start|p1a: Cramorant|move: Yawn|[of] p2a: Torkoal\n|\n|-weather|SunnyDay|[upkeep]\n|upkeep\n|turn|2\n|\n|t:|1699410335\n|switch|p1a: Gyarados|Gyarados, M|100\/100\n|-zpower|p2a: Torkoal\n|move|p2a: Torkoal|Bloom Doom|p1a: Gyarados|[zeffect]\n|-damage|p1a: Gyarados|41\/100\n|\n|-weather|SunnyDay|[upkeep]\n|upkeep\n|turn|3\n|\n|t:|1699410346\n|detailschange|p1a: Gyarados|Gyarados-Mega, M\n|-mega|p1a: Gyarados|Gyarados|Gyaradosite\n|-ability|p1a: Gyarados|Mold Breaker\n|move|p1a: Gyarados|Earthquake|p2a: Torkoal\n|-supereffective|p2a: Torkoal\n|-damage|p2a: Torkoal|0 fnt\n|faint|p2a: Torkoal\n|\n|-weather|SunnyDay|[upkeep]\n|upkeep\n|\n|t:|1699410354\n|switch|p2a: Kleavor|Kleavor, M|100\/100\n|turn|4\n|\n|t:|1699410365\n|-terastallize|p2a: Kleavor|Fighting\n|move|p2a: Kleavor|X-Scissor|p1a: Gyarados\n|-supereffective|p1a: Gyarados\n|-damage|p1a: Gyarados|0 fnt\n|faint|p1a: Gyarados\n|\n|-weather|SunnyDay|[upkeep]\n|upkeep\n|\n|t:|1699410387\n|switch|p1a: Kyogre|Kyogre|100\/100\n|-weather|RainDance|[from] ability: Drizzle|[of] p1a: Kyogre\n|turn|5\n|\n|t:|1699410394\n|move|p2a: Kleavor|X-Scissor|p1a: Kyogre\n|-damage|p1a: Kyogre|40\/100\n|move|p1a: Kyogre|Thunder|p2a: Kleavor\n|-damage|p2a: Kleavor|21\/100\n|\n|-weather|RainDance|[upkeep]\n|upkeep\n|turn|6\n|\n|t:|1699410412\n|switch|p1a: Cramorant|Cramorant, M|100\/100\n|move|p2a: Kleavor|X-Scissor|p1a: Cramorant\n|-resisted|p1a: Cramorant\n|-damage|p1a: Cramorant|34\/100\n|\n|-weather|RainDance|[upkeep]\n|upkeep\n|turn|7\n|\n|t:|1699410421\n|move|p2a: Kleavor|X-Scissor|p1a: Cramorant\n|-resisted|p1a: Cramorant\n|-damage|p1a: Cramorant|0 fnt\n|faint|p1a: Cramorant\n|\n|-weather|RainDance|[upkeep]\n|upkeep\n|\n|t:|1699410430\n|switch|p1a: Inteleon|Inteleon, F|100\/100\n|turn|8\n|\n|t:|1699410437\n|move|p2a: Kleavor|X-Scissor|p1a: Inteleon\n|-damage|p1a: Inteleon|0 fnt\n|faint|p1a: Inteleon\n|\n|-weather|RainDance|[upkeep]\n|upkeep\n|\n|t:|1699410446\n|switch|p1a: Basculegion|Basculegion, M|100\/100\n|turn|9\n|\n|t:|1699410469\n|move|p1a: Basculegion|Last Respects|p2a: Kleavor\n|-damage|p2a: Kleavor|0 fnt\n|faint|p2a: Kleavor\n|\n|-weather|RainDance|[upkeep]\n|upkeep\n|\n|t:|1699410478\n|switch|p2a: Gourgeist|Gourgeist-Small, F|100\/100\n|-item|p1a: Basculegion|Choice Scarf|[from] ability: Frisk|[of] p2a: Gourgeist|[identify]\n|turn|10\n|\n|t:|1699410497\n|move|p1a: Basculegion|Last Respects|p2a: Gourgeist\n|-supereffective|p2a: Gourgeist\n|-damage|p2a: Gourgeist|0 fnt\n|faint|p2a: Gourgeist\n|\n|-weather|RainDance|[upkeep]\n|upkeep\n|\n|t:|1699410503\n|switch|p2a: Ludicolo|Ludicolo, F|100\/100\n|turn|11\n|\n|t:|1699410506\n|move|p1a: Basculegion|Last Respects|p2a: Ludicolo\n|-damage|p2a: Ludicolo|0 fnt\n|faint|p2a: Ludicolo\n|\n|-weather|RainDance|[upkeep]\n|upkeep\n|\n|t:|1699410517\n|switch|p2a: Lucario|Lucario, M|100\/100\n|turn|12\n|\n|t:|1699410525\n|detailschange|p2a: Lucario|Lucario-Mega, M\n|-mega|p2a: Lucario|Lucario|Lucarionite\n|move|p1a: Basculegion|Last Respects|p2a: Lucario\n|-damage|p2a: Lucario|0 fnt\n|faint|p2a: Lucario\n|\n|-weather|none\n|upkeep\n|\n|t:|1699410531\n|switch|p2a: Rabsca|Rabsca, M|100\/100\n|turn|13\n|\n|t:|1699410537\n|switch|p1a: Kyogre|Kyogre|40\/100\n|-weather|RainDance|[from] ability: Drizzle|[of] p1a: Kyogre\n|move|p2a: Rabsca|Trick Room|p2a: Rabsca\n|-fieldstart|move: Trick Room|[of] p2a: Rabsca\n|\n|-weather|RainDance|[upkeep]\n|upkeep\n|turn|14\n|\n|t:|1699410556\n|move|p2a: Rabsca|Psyshock|p1a: Kyogre\n|-damage|p1a: Kyogre|0 fnt\n|faint|p1a: Kyogre\n|\n|-weather|RainDance|[upkeep]\n|upkeep\n|\n|t:|1699410565\n|switch|p1a: Lanturn|Lanturn, F|100\/100\n|-item|p1a: Lanturn|Air Balloon\n|turn|15\n|\n|t:|1699410570\n|move|p2a: Rabsca|Psyshock|p1a: Lanturn\n|-damage|p1a: Lanturn|41\/100\n|-enditem|p1a: Lanturn|Air Balloon\n|move|p1a: Lanturn|Discharge|p2a: Rabsca\n|-damage|p2a: Rabsca|69\/100\n|\n|-weather|RainDance|[upkeep]\n|upkeep\n|turn|16\n|\n|t:|1699410583\n|move|p2a: Rabsca|Earth Power|p1a: Lanturn\n|-supereffective|p1a: Lanturn\n|-damage|p1a: Lanturn|0 fnt\n|faint|p1a: Lanturn\n|\n|-weather|RainDance|[upkeep]\n|upkeep\n|\n|t:|1699410590\n|switch|p1a: Basculegion|Basculegion, M|100\/100\n|turn|17\n|\n|t:|1699410595\n|move|p2a: Rabsca|Psyshock|p1a: Basculegion\n|-damage|p1a: Basculegion|44\/100\n|move|p1a: Basculegion|Last Respects|p2a: Rabsca\n|-supereffective|p2a: Rabsca\n|-damage|p2a: Rabsca|0 fnt\n|faint|p2a: Rabsca\n|\n|win|Kantoboi11\n|raw|Kantoboi11's rating: 1092 &rarr; <strong>1116<\/strong><br \/>(+24 for winning)\n|raw|ShriveledMonkey's rating: 1067 &rarr; <strong>1048<\/strong><br \/>(-19 for losing)\n|c|\u2606ShriveledMonkey|gg\n|l|\u2606Kantoboi11\n","uploadtime":1699410607,"views":4,"p1id":"kantoboi11","p2id":"shriveledmonkey","formatid":"gen9nationaldexubers","rating":1048,"private":0,"password":""}