{"id":"gen9nationaldexubers-1983029509","p1":"TheGatorTamer","p2":"YouGetBlocked","format":"[Gen 9] National Dex Ubers","log":"|j|\u2606TheGatorTamer\n|j|\u2606YouGetBlocked\n|t:|1699072317\n|gametype|singles\n|player|p1|TheGatorTamer|pokemaniac|1329\n|player|p2|YouGetBlocked|102|1261\n|teamsize|p1|6\n|teamsize|p2|6\n|gen|9\n|tier|[Gen 9] National Dex Ubers\n|rated|\n|rule|HP Percentage Mod: HP is shown in percentages\n|rule|Endless Battle Clause: Forcing endless battles is banned\n|rule|OHKO Clause: OHKO moves are banned\n|rule|Evasion Moves Clause: Evasion moves are banned\n|rule|Evasion Items Clause: Evasion items are banned\n|rule|Species Clause: Limit one of each Pok\u00e9mon\n|rule|Sleep Clause Mod: Limit one foe put to sleep\n|rule|Mega Rayquaza Clause: You cannot mega evolve Rayquaza\n|clearpoke\n|poke|p1|Tyrantrum, F|\n|poke|p1|Galvantula, M|\n|poke|p1|Torterra, M|\n|poke|p1|Skeledirge, F|\n|poke|p1|Great Tusk|\n|poke|p1|Grimmsnarl, M|\n|poke|p2|Necrozma-Dusk-Mane|\n|poke|p2|Xerneas-*|\n|poke|p2|Arceus-Dark|\n|poke|p2|Groudon|\n|poke|p2|Yveltal|\n|poke|p2|Flutter Mane|\n|teampreview\n|inactive|Battle timer is ON: inactive players will automatically lose when time's up. (requested by TheGatorTamer)\n|\n|t:|1699072325\n|start\n|switch|p1a: Galvantula|Galvantula, M|100\/100\n|switch|p2a: Groudon|Groudon|100\/100\n|detailschange|p2a: Groudon|Groudon-Primal\n|-primal|p2a: Groudon|Red Orb\n|-weather|DesolateLand|[from] ability: Desolate Land|[of] p2a: Groudon\n|turn|1\n|\n|t:|1699072329\n|move|p1a: Galvantula|Sticky Web|p2a: Groudon\n|-sidestart|p2: YouGetBlocked|move: Sticky Web\n|move|p2a: Groudon|Heat Crash|p1a: Galvantula\n|-supereffective|p1a: Galvantula\n|-enditem|p1a: Galvantula|Focus Sash\n|-damage|p1a: Galvantula|1\/100\n|\n|-weather|DesolateLand|[upkeep]\n|upkeep\n|turn|2\n|c|\u2606YouGetBlocked|help\n|\n|t:|1699072335\n|move|p1a: Galvantula|Bug Buzz|p2a: Groudon\n|-resisted|p2a: Groudon\n|-damage|p2a: Groudon|84\/100\n|move|p2a: Groudon|Heat Crash|p1a: Galvantula\n|-supereffective|p1a: Galvantula\n|-damage|p1a: Galvantula|0 fnt\n|faint|p1a: Galvantula\n|\n|-weather|DesolateLand|[upkeep]\n|upkeep\n|c|\u2606YouGetBlocked|ive seen it all before\n|\n|t:|1699072346\n|switch|p1a: Grimmsnarl|Grimmsnarl, M|100\/100\n|turn|3\n|c|\u2606YouGetBlocked|you go into grimmsnarl and set up reflect\n|\n|t:|1699072352\n|move|p1a: Grimmsnarl|Reflect|p1a: Grimmsnarl\n|-sidestart|p1: TheGatorTamer|Reflect\n|move|p2a: Groudon|Heat Crash|p1a: Grimmsnarl\n|-damage|p1a: Grimmsnarl|25\/100\n|\n|-weather|DesolateLand|[upkeep]\n|upkeep\n|turn|4\n|c|\u2606YouGetBlocked|i heat crash through everything\n|\n|t:|1699072377\n|move|p1a: Grimmsnarl|Light Screen|p1a: Grimmsnarl\n|-sidestart|p1: TheGatorTamer|move: Light Screen\n|move|p2a: Groudon|Heat Crash|p1a: Grimmsnarl\n|-damage|p1a: Grimmsnarl|0 fnt\n|faint|p1a: Grimmsnarl\n|\n|-weather|DesolateLand|[upkeep]\n|upkeep\n|\n|t:|1699072381\n|switch|p1a: Torterra|Torterra, M|100\/100\n|turn|5\n|\n|t:|1699072393\n|-terastallize|p1a: Torterra|Rock\n|move|p2a: Groudon|Heat Crash|p1a: Torterra\n|-resisted|p1a: Torterra\n|-damage|p1a: Torterra|78\/100\n|move|p1a: Torterra|Shell Smash|p1a: Torterra\n|-unboost|p1a: Torterra|def|1\n|-unboost|p1a: Torterra|spd|1\n|-boost|p1a: Torterra|atk|2\n|-boost|p1a: Torterra|spa|2\n|-boost|p1a: Torterra|spe|2\n|\n|-weather|DesolateLand|[upkeep]\n|upkeep\n|turn|6\n|\n|t:|1699072398\n|move|p1a: Torterra|Earthquake|p2a: Groudon\n|-supereffective|p2a: Groudon\n|-damage|p2a: Groudon|0 fnt\n|faint|p2a: Groudon\n|-weather|none\n|\n|upkeep\n|c|\u2606TheGatorTamer|Did you pray today\n|c|\u2606YouGetBlocked|Nah\n|c|\u2606TheGatorTamer|!\n|\n|t:|1699072425\n|switch|p2a: Flutter Mane|Flutter Mane|100\/100\n|-activate|p2a: Flutter Mane|move: Sticky Web\n|-unboost|p2a: Flutter Mane|spe|1\n|-enditem|p2a: Flutter Mane|Booster Energy\n|-activate|p2a: Flutter Mane|ability: Protosynthesis|[fromitem]\n|-start|p2a: Flutter Mane|protosynthesisspa\n|turn|7\n|\n|t:|1699072434\n|-terastallize|p2a: Flutter Mane|Fairy\n|move|p1a: Torterra|Rock Blast|p2a: Flutter Mane\n|-damage|p2a: Flutter Mane|48\/100\n|-damage|p2a: Flutter Mane|0 fnt\n|faint|p2a: Flutter Mane\n|-end|p2a: Flutter Mane|Protosynthesis|[silent]\n|-hitcount|p2: Flutter Mane|2\n|\n|upkeep\n|\n|t:|1699072442\n|switch|p2a: Necrozma|Necrozma-Dusk-Mane|100\/100\n|-activate|p2a: Necrozma|move: Sticky Web\n|-unboost|p2a: Necrozma|spe|1\n|turn|8\n|\n|t:|1699072444\n|move|p1a: Torterra|Earthquake|p2a: Necrozma\n|-supereffective|p2a: Necrozma\n|-damage|p2a: Necrozma|16\/100\n|move|p2a: Necrozma|Earthquake|p1a: Torterra\n|-supereffective|p1a: Torterra\n|-damage|p1a: Torterra|26\/100\n|\n|-heal|p2a: Necrozma|22\/100|[from] item: Leftovers\n|upkeep\n|turn|9\n|c|\u2606YouGetBlocked|ahh i couldve sworn i outsped\n|c|\u2606TheGatorTamer|Sticky web\n|\n|t:|1699072459\n|switch|p2a: Yveltal|Yveltal|100\/100\n|-ability|p2a: Yveltal|Dark Aura\n|move|p1a: Torterra|Earthquake|p2a: Yveltal\n|-immune|p2a: Yveltal\n|\n|upkeep\n|turn|10\n|c|\u2606YouGetBlocked|yeah i know\n|\n|t:|1699072466\n|move|p1a: Torterra|Rock Blast|p2a: Yveltal\n|-supereffective|p2a: Yveltal\n|-damage|p2a: Yveltal|51\/100\n|-supereffective|p2a: Yveltal\n|-crit|p2a: Yveltal\n|-damage|p2a: Yveltal|0 fnt\n|faint|p2a: Yveltal\n|-hitcount|p2: Yveltal|2\n|\n|-sideend|p1: TheGatorTamer|Reflect\n|upkeep\n|\n|t:|1699072476\n|switch|p2a: Xerneas|Xerneas|100\/100\n|-activate|p2a: Xerneas|move: Sticky Web\n|-unboost|p2a: Xerneas|spe|1\n|-ability|p2a: Xerneas|Fairy Aura\n|turn|11\n|\n|t:|1699072480\n|move|p1a: Torterra|Rock Blast|p2a: Xerneas\n|-damage|p2a: Xerneas|82\/100\n|-damage|p2a: Xerneas|63\/100\n|-damage|p2a: Xerneas|42\/100\n|-damage|p2a: Xerneas|22\/100\n|-hitcount|p2a: Xerneas|4\n|move|p2a: Xerneas|Moonblast|p1a: Torterra\n|-damage|p1a: Torterra|0 fnt\n|faint|p1a: Torterra\n|\n|-sideend|p1: TheGatorTamer|move: Light Screen\n|upkeep\n|\n|t:|1699072493\n|switch|p1a: Great Tusk|Great Tusk|100\/100\n|turn|12\n|c|\u2606YouGetBlocked|well that took an awful while\n|\n|t:|1699072496\n|move|p1a: Great Tusk|Headlong Rush|p2a: Xerneas\n|-damage|p2a: Xerneas|0 fnt\n|-unboost|p1a: Great Tusk|def|1\n|-unboost|p1a: Great Tusk|spd|1\n|faint|p2a: Xerneas\n|\n|upkeep\n|\n|t:|1699072500\n|switch|p2a: Arceus|Arceus-Dark|100\/100\n|-activate|p2a: Arceus|move: Sticky Web\n|-unboost|p2a: Arceus|spe|1\n|turn|13\n|\n|t:|1699072514\n|-end|p1a: Great Tusk|Protosynthesis|[silent]\n|switch|p1a: Skeledirge|Skeledirge, F|100\/100\n|move|p2a: Arceus|Ice Beam|p1a: Skeledirge\n|-resisted|p1a: Skeledirge\n|-damage|p1a: Skeledirge|89\/100\n|\n|-heal|p1a: Skeledirge|95\/100|[from] item: Leftovers\n|upkeep\n|turn|14\n|\n|t:|1699072519\n|move|p2a: Arceus|Judgment|p1a: Skeledirge\n|-supereffective|p1a: Skeledirge\n|-damage|p1a: Skeledirge|0 fnt\n|faint|p1a: Skeledirge\n|\n|upkeep\n|\n|t:|1699072532\n|switch|p1a: Tyrantrum|Tyrantrum, F|100\/100\n|turn|15\n|\n|t:|1699072540\n|move|p2a: Arceus|Ice Beam|p1a: Tyrantrum\n|-supereffective|p1a: Tyrantrum\n|-damage|p1a: Tyrantrum|11\/100\n|move|p1a: Tyrantrum|Head Smash|p2a: Arceus\n|-damage|p2a: Arceus|44\/100\n|\n|upkeep\n|turn|16\n|\n|t:|1699072549\n|move|p2a: Arceus|Ice Beam|p1a: Tyrantrum\n|-supereffective|p1a: Tyrantrum\n|-damage|p1a: Tyrantrum|0 fnt\n|faint|p1a: Tyrantrum\n|\n|upkeep\n|\n|t:|1699072550\n|switch|p1a: Great Tusk|Great Tusk|100\/100\n|turn|17\n|\n|t:|1699072553\n|move|p1a: Great Tusk|Close Combat|p2a: Arceus\n|-supereffective|p2a: Arceus\n|-damage|p2a: Arceus|0 fnt\n|-unboost|p1a: Great Tusk|def|1\n|-unboost|p1a: Great Tusk|spd|1\n|faint|p2a: Arceus\n|\n|upkeep\n|\n|t:|1699072556\n|switch|p2a: Necrozma|Necrozma-Dusk-Mane|22\/100\n|-activate|p2a: Necrozma|move: Sticky Web\n|-unboost|p2a: Necrozma|spe|1\n|turn|18\n|c|\u2606TheGatorTamer|If you\u2019ve seen it all before\u2026\n|c|\u2606TheGatorTamer|then you should\u2019ve seen this coming\n|\n|t:|1699072569\n|move|p1a: Great Tusk|Close Combat|p2a: Necrozma\n|-damage|p2a: Necrozma|0 fnt\n|-unboost|p1a: Great Tusk|def|1\n|-unboost|p1a: Great Tusk|spd|1\n|faint|p2a: Necrozma\n|\n|win|TheGatorTamer\n|raw|TheGatorTamer's rating: 1329 &rarr; <strong>1345<\/strong><br \/>(+16 for winning)\n|raw|YouGetBlocked's rating: 1261 &rarr; <strong>1241<\/strong><br \/>(-20 for losing)\n|c|\u2606YouGetBlocked|rip\n|l|\u2606YouGetBlocked\n|c|\u2606TheGatorTamer|Gg tho\n","uploadtime":1699072584,"views":9,"p1id":"thegatortamer","p2id":"yougetblocked","formatid":"gen9nationaldexubers","rating":1241,"private":0,"password":""}