{"id":"gen9nationaldexubers-1995973390","p1":"ForeanGolisopod999","p2":"pokegirl457","format":"[Gen 9] National Dex Ubers","log":"|j|\u2606ForeanGolisopod999\n|j|\u2606pokegirl457\n|t:|1700623922\n|gametype|singles\n|player|p1|ForeanGolisopod999|acetrainer-gen4dp|\n|player|p2|pokegirl457|hapu|\n|teamsize|p1|6\n|teamsize|p2|6\n|gen|9\n|tier|[Gen 9] National Dex Ubers\n|rule|HP Percentage Mod: HP is shown in percentages\n|rule|Endless Battle Clause: Forcing endless battles is banned\n|rule|OHKO Clause: OHKO moves are banned\n|rule|Evasion Moves Clause: Evasion moves are banned\n|rule|Evasion Items Clause: Evasion items are banned\n|rule|Species Clause: Limit one of each Pok\u00e9mon\n|rule|Sleep Clause Mod: Limit one foe put to sleep\n|rule|Mega Rayquaza Clause: You cannot mega evolve Rayquaza\n|clearpoke\n|poke|p1|Great Tusk|\n|poke|p1|Whimsicott, M|\n|poke|p1|Magnezone|\n|poke|p1|Marowak-Alola, M|\n|poke|p1|Gyarados, M|\n|poke|p1|Baxcalibur, F|\n|poke|p2|Necrozma-Dusk-Mane|\n|poke|p2|Dracovish|\n|poke|p2|Groudon|\n|poke|p2|Xerneas-*|\n|poke|p2|Zacian-*|\n|poke|p2|Giratina-Origin|\n|teampreview\n|inactive|Battle timer is ON: inactive players will automatically lose when time's up. (requested by pokegirl457)\n|\n|t:|1700623939\n|start\n|switch|p1a: Marowak|Marowak-Alola, M|100\/100\n|switch|p2a: Giratina|Giratina-Origin, shiny|100\/100\n|turn|1\n|\n|t:|1700623950\n|move|p2a: Giratina|Poltergeist|p1a: Marowak\n|-activate|p1a: Marowak|move: Poltergeist|Life Orb\n|-supereffective|p1a: Marowak\n|-damage|p1a: Marowak|0 fnt\n|faint|p1a: Marowak\n|\n|upkeep\n|\n|t:|1700623963\n|switch|p1a: Baxcalibur|Baxcalibur, F|100\/100\n|turn|2\n|\n|t:|1700623969\n|move|p2a: Giratina|Poltergeist|p1a: Baxcalibur\n|-activate|p1a: Baxcalibur|move: Poltergeist|Assault Vest\n|-damage|p1a: Baxcalibur|51\/100\n|move|p1a: Baxcalibur|Glaive Rush|p2a: Giratina\n|-supereffective|p2a: Giratina\n|-damage|p2a: Giratina|0 fnt\n|-singlemove|p1a: Baxcalibur|Glaive Rush|[silent]\n|faint|p2a: Giratina\n|\n|upkeep\n|\n|t:|1700623985\n|switch|p2a: Zacian|Zacian-Crowned, shiny|100\/100\n|-ability|p2a: Zacian|Intrepid Sword|boost\n|-boost|p2a: Zacian|atk|1\n|turn|3\n|\n|t:|1700624000\n|move|p2a: Zacian|Moonblast|p1a: Baxcalibur\n|-supereffective|p1a: Baxcalibur\n|-damage|p1a: Baxcalibur|0 fnt\n|faint|p1a: Baxcalibur\n|\n|upkeep\n|\n|t:|1700624015\n|switch|p1a: Gyarados|Gyarados, M|100\/100\n|-ability|p1a: Gyarados|Intimidate|boost\n|-unboost|p2a: Zacian|atk|1\n|turn|4\n|inactive|pokegirl457 has 270 seconds left.\n|\n|t:|1700624054\n|switch|p2a: Xerneas|Xerneas|100\/100\n|-ability|p2a: Xerneas|Fairy Aura\n|move|p1a: Gyarados|Dragon Dance|p1a: Gyarados\n|-boost|p1a: Gyarados|atk|1\n|-boost|p1a: Gyarados|spe|1\n|\n|upkeep\n|turn|5\n|inactive|pokegirl457 has 270 seconds left.\n|\n|t:|1700624066\n|detailschange|p1a: Gyarados|Gyarados-Mega, M\n|-mega|p1a: Gyarados|Gyarados|Gyaradosite\n|-ability|p1a: Gyarados|Mold Breaker\n|move|p1a: Gyarados|Aqua Tail|p2a: Xerneas\n|-damage|p2a: Xerneas|27\/100\n|move|p2a: Xerneas|Geomancy||[still]\n|-prepare|p2a: Xerneas|Geomancy\n|-enditem|p2a: Xerneas|Power Herb\n|-anim|p2a: Xerneas|Geomancy|p2a: Xerneas\n|-boost|p2a: Xerneas|spa|2\n|-boost|p2a: Xerneas|spd|2\n|-boost|p2a: Xerneas|spe|2\n|\n|upkeep\n|turn|6\n|inactive|pokegirl457 has 270 seconds left.\n|\n|t:|1700624080\n|switch|p1a: Magnezone|Magnezone|100\/100\n|-terastallize|p2a: Xerneas|Fairy\n|move|p2a: Xerneas|Moonblast|p1a: Magnezone\n|-resisted|p1a: Magnezone\n|-damage|p1a: Magnezone|5\/100\n|\n|-heal|p1a: Magnezone|11\/100|[from] item: Leftovers\n|upkeep\n|turn|7\n|\n|t:|1700624089\n|move|p2a: Xerneas|Hidden Power|p1a: Magnezone\n|-supereffective|p1a: Magnezone\n|-damage|p1a: Magnezone|0 fnt\n|faint|p1a: Magnezone\n|\n|upkeep\n|\n|t:|1700624096\n|switch|p1a: Whimsicott|Whimsicott, M|100\/100\n|turn|8\n|\n|t:|1700624101\n|move|p1a: Whimsicott|Toxic|p2a: Xerneas\n|-status|p2a: Xerneas|tox\n|move|p2a: Xerneas|Thunder|p1a: Whimsicott|[miss]\n|-miss|p2a: Xerneas|p1a: Whimsicott\n|\n|-damage|p2a: Xerneas|20\/100 tox|[from] psn\n|upkeep\n|turn|9\n|\n|t:|1700624111\n|move|p1a: Whimsicott|Encore|p2a: Xerneas\n|-start|p2a: Xerneas|Encore\n|move|p2a: Xerneas|Thunder|p1a: Whimsicott\n|-resisted|p1a: Whimsicott\n|-damage|p1a: Whimsicott|35\/100\n|\n|-damage|p2a: Xerneas|8\/100 tox|[from] psn\n|upkeep\n|turn|10\n|\n|t:|1700624118\n|switch|p1a: Great Tusk|Great Tusk|100\/100\n|-enditem|p1a: Great Tusk|Booster Energy\n|-activate|p1a: Great Tusk|ability: Protosynthesis|[fromitem]\n|-start|p1a: Great Tusk|protosynthesisatk\n|move|p2a: Xerneas|Thunder|p1a: Great Tusk\n|-immune|p1a: Great Tusk\n|\n|-damage|p2a: Xerneas|0 fnt|[from] psn\n|faint|p2a: Xerneas\n|upkeep\n|\n|t:|1700624129\n|switch|p2a: Dracovish|Dracovish|100\/100\n|turn|11\n|\n|t:|1700624140\n|move|p1a: Great Tusk|Headlong Rush|p2a: Dracovish\n|-damage|p2a: Dracovish|31\/100\n|-unboost|p1a: Great Tusk|def|1\n|-unboost|p1a: Great Tusk|spd|1\n|move|p2a: Dracovish|Fishious Rend|p1a: Great Tusk\n|-supereffective|p1a: Great Tusk\n|-damage|p1a: Great Tusk|13\/100\n|\n|upkeep\n|turn|12\n|\n|t:|1700624152\n|move|p1a: Great Tusk|Close Combat|p2a: Dracovish\n|-damage|p2a: Dracovish|0 fnt\n|-unboost|p1a: Great Tusk|def|1\n|-unboost|p1a: Great Tusk|spd|1\n|faint|p2a: Dracovish\n|\n|upkeep\n|\n|t:|1700624157\n|switch|p2a: Zacian|Zacian-Crowned, shiny|100\/100\n|turn|13\n|\n|t:|1700624165\n|-end|p1a: Great Tusk|Protosynthesis|[silent]\n|switch|p1a: Whimsicott|Whimsicott, M|35\/100\n|move|p2a: Zacian|Close Combat|p1a: Whimsicott\n|-resisted|p1a: Whimsicott\n|-damage|p1a: Whimsicott|0 fnt\n|-unboost|p2a: Zacian|def|1\n|-unboost|p2a: Zacian|spd|1\n|faint|p1a: Whimsicott\n|\n|upkeep\n|\n|t:|1700624177\n|switch|p1a: Gyarados|Gyarados-Mega, M|100\/100\n|-ability|p1a: Gyarados|Mold Breaker\n|turn|14\n|\n|t:|1700624182\n|move|p2a: Zacian|Moonblast|p1a: Gyarados\n|-supereffective|p1a: Gyarados\n|-damage|p1a: Gyarados|57\/100\n|-unboost|p1a: Gyarados|spa|1\n|move|p1a: Gyarados|Earthquake|p2a: Zacian\n|-supereffective|p2a: Zacian\n|-damage|p2a: Zacian|0 fnt\n|faint|p2a: Zacian\n|\n|upkeep\n|\n|t:|1700624188\n|switch|p2a: Groudon|Groudon, shiny|100\/100\n|detailschange|p2a: Groudon|Groudon-Primal, shiny\n|-primal|p2a: Groudon|Red Orb\n|-weather|DesolateLand|[from] ability: Desolate Land|[of] p2a: Groudon\n|turn|15\n|\n|t:|1700624194\n|move|p2a: Groudon|Precipice Blades|p1a: Gyarados\n|-damage|p1a: Gyarados|0 fnt\n|faint|p1a: Gyarados\n|\n|-weather|DesolateLand|[upkeep]\n|upkeep\n|\n|t:|1700624199\n|switch|p1a: Great Tusk|Great Tusk|13\/100\n|turn|16\n|c|\u2606pokegirl457|Gg\n|\n|t:|1700624211\n|move|p2a: Groudon|Heavy Slam|p1a: Great Tusk\n|-damage|p1a: Great Tusk|0 fnt\n|faint|p1a: Great Tusk\n|-end|p1a: Great Tusk|Protosynthesis|[silent]\n|\n|win|pokegirl457\n|l|\u2606ForeanGolisopod999\n","uploadtime":1700624217,"views":0,"p1id":"foreangolisopod999","p2id":"pokegirl457","formatid":"gen9nationaldexubers","rating":0,"private":0,"password":""}