{"id":"gen9nationaldexubers-1980484871","p1":"macdnpoke2","p2":"ProjectAster","format":"[Gen 9] National Dex Ubers","log":"|j|\u2606macdnpoke2\n|j|\u2606ProjectAster\n|t:|1698789384\n|gametype|singles\n|player|p1|macdnpoke2|red|\n|player|p2|ProjectAster|101|\n|teamsize|p1|6\n|teamsize|p2|6\n|gen|9\n|tier|[Gen 9] National Dex Ubers\n|rule|HP Percentage Mod: HP is shown in percentages\n|rule|Endless Battle Clause: Forcing endless battles is banned\n|rule|OHKO Clause: OHKO moves are banned\n|rule|Evasion Moves Clause: Evasion moves are banned\n|rule|Evasion Items Clause: Evasion items are banned\n|rule|Species Clause: Limit one of each Pok\u00e9mon\n|rule|Sleep Clause Mod: Limit one foe put to sleep\n|rule|Mega Rayquaza Clause: You cannot mega evolve Rayquaza\n|clearpoke\n|poke|p1|Pelipper, F|\n|poke|p1|Swampert, F|\n|poke|p1|Palafin, M|\n|poke|p1|Dondozo, M|\n|poke|p1|Ribombee, F|\n|poke|p1|Gengar, M|\n|poke|p2|Polteageist|\n|poke|p2|Electrode-Hisui|\n|poke|p2|Necrozma-Dusk-Mane|\n|poke|p2|Lopunny, M|\n|poke|p2|Volcarona, F|\n|poke|p2|Gholdengo|\n|teampreview\n|\n|t:|1698789393\n|start\n|switch|p1a: Ribombee|Ribombee, F|100\/100\n|switch|p2a: BULLDOZER|Necrozma-Dusk-Mane, shiny|100\/100\n|turn|1\n|\n|t:|1698789402\n|move|p1a: Ribombee|Sticky Web|p2a: BULLDOZER\n|-sidestart|p2: ProjectAster|move: Sticky Web\n|move|p2a: BULLDOZER|Dragon Dance|p2a: BULLDOZER\n|-boost|p2a: BULLDOZER|atk|1\n|-boost|p2a: BULLDOZER|spe|1\n|\n|upkeep\n|turn|2\n|\n|t:|1698789409\n|move|p1a: Ribombee|U-turn|p2a: BULLDOZER\n|-damage|p2a: BULLDOZER|88\/100\n|c|\u2606macdnpoke2|How is ribombee faster-\n|c|\u2606ProjectAster|by 2 points\n|c|\u2606ProjectAster|its not speed nature\n|\n|t:|1698789450\n|switch|p1a: Pelipper|Pelipper, F|100\/100|[from] U-turn\n|-weather|RainDance|[from] ability: Drizzle|[of] p1a: Pelipper\n|move|p2a: BULLDOZER|Dragon Dance|p2a: BULLDOZER\n|-boost|p2a: BULLDOZER|atk|1\n|-boost|p2a: BULLDOZER|spe|1\n|\n|-weather|RainDance|[upkeep]\n|upkeep\n|turn|3\n|\n|t:|1698789464\n|move|p2a: BULLDOZER|Photon Geyser|p1a: Pelipper\n|-damage|p1a: Pelipper|0 fnt\n|faint|p1a: Pelipper\n|\n|-weather|RainDance|[upkeep]\n|upkeep\n|\n|t:|1698789473\n|switch|p1a: Gengar|Gengar, M|100\/100\n|turn|4\n|\n|t:|1698789491\n|move|p2a: BULLDOZER|Photon Geyser|p1a: Gengar\n|-supereffective|p1a: Gengar\n|-enditem|p1a: Gengar|Focus Sash\n|-damage|p1a: Gengar|1\/100\n|move|p1a: Gengar|Shadow Ball|p2a: BULLDOZER\n|-supereffective|p2a: BULLDOZER\n|-damage|p2a: BULLDOZER|18\/100\n|\n|-weather|RainDance|[upkeep]\n|upkeep\n|turn|5\n|c|\u2606ProjectAster|prism armor baby\n|\n|t:|1698789505\n|move|p2a: BULLDOZER|Earthquake|p1a: Gengar\n|-supereffective|p1a: Gengar\n|-damage|p1a: Gengar|0 fnt\n|faint|p1a: Gengar\n|\n|-weather|RainDance|[upkeep]\n|upkeep\n|c|\u2606ProjectAster|clutch up\n|\n|t:|1698789512\n|switch|p1a: Ribombee|Ribombee, F|100\/100\n|turn|6\n|\n|t:|1698789517\n|move|p2a: BULLDOZER|Photon Geyser|p1a: Ribombee\n|-enditem|p1a: Ribombee|Focus Sash\n|-damage|p1a: Ribombee|1\/100\n|move|p1a: Ribombee|Bug Buzz|p2a: BULLDOZER\n|-damage|p2a: BULLDOZER|0 fnt\n|faint|p2a: BULLDOZER\n|\n|-weather|RainDance|[upkeep]\n|upkeep\n|\n|t:|1698789525\n|switch|p2a: Cloaker|Polteageist, shiny|100\/100\n|-activate|p2a: Cloaker|move: Sticky Web\n|-unboost|p2a: Cloaker|spe|1\n|-enditem|p2a: Cloaker|White Herb\n|-clearnegativeboost|p2a: Cloaker|[silent]\n|turn|7\n|\n|t:|1698789535\n|move|p1a: Ribombee|U-turn|p2a: Cloaker\n|-resisted|p2a: Cloaker\n|-crit|p2a: Cloaker\n|-damage|p2a: Cloaker|82\/100\n|-ability|p2a: Cloaker|Weak Armor|boost\n|-unboost|p2a: Cloaker|def|1\n|-boost|p2a: Cloaker|spe|2\n|\n|t:|1698789550\n|switch|p1a: Dondozo|Dondozo, M|100\/100|[from] U-turn\n|move|p2a: Cloaker|Shell Smash|p2a: Cloaker\n|-unboost|p2a: Cloaker|def|1\n|-unboost|p2a: Cloaker|spd|1\n|-boost|p2a: Cloaker|atk|2\n|-boost|p2a: Cloaker|spa|2\n|-boost|p2a: Cloaker|spe|2\n|\n|-weather|RainDance|[upkeep]\n|upkeep\n|turn|8\n|\n|t:|1698789562\n|move|p2a: Cloaker|Stored Power|p1a: Dondozo\n|-damage|p1a: Dondozo|32\/100\n|move|p1a: Dondozo|Wave Crash|p2a: Cloaker\n|-damage|p2a: Cloaker|0 fnt\n|faint|p2a: Cloaker\n|-damage|p1a: Dondozo|18\/100|[from] Recoil\n|\n|-weather|RainDance|[upkeep]\n|-heal|p1a: Dondozo|24\/100|[from] item: Leftovers\n|upkeep\n|\n|t:|1698789570\n|switch|p2a: Electrode|Electrode-Hisui, shiny|100\/100\n|-activate|p2a: Electrode|move: Sticky Web\n|-unboost|p2a: Electrode|spe|1\n|turn|9\n|\n|t:|1698789585\n|switch|p1a: Ribombee|Ribombee, F|1\/100\n|move|p2a: Electrode|Chloroblast|p1a: Ribombee\n|-resisted|p1a: Ribombee\n|-damage|p1a: Ribombee|0 fnt\n|faint|p1a: Ribombee\n|-damage|p2a: Electrode|50\/100|[from] Recoil\n|\n|-weather|none\n|upkeep\n|\n|t:|1698789597\n|switch|p1a: Palafin|Palafin, M|100\/100\n|turn|10\n|\n|t:|1698789621\n|switch|p2a: Volcarona|Volcarona, F, shiny|100\/100\n|move|p1a: Palafin|Ice Punch|p2a: Volcarona\n|-resisted|p2a: Volcarona\n|-damage|p2a: Volcarona|82\/100\n|\n|upkeep\n|turn|11\n|\n|t:|1698789632\n|detailschange|p1a: Palafin|Palafin-Hero, M\n|switch|p1a: Dondozo|Dondozo, M|24\/100\n|move|p2a: Volcarona|Giga Drain|p1a: Dondozo\n|-supereffective|p1a: Dondozo\n|-damage|p1a: Dondozo|0 fnt\n|-heal|p2a: Volcarona|100\/100|[from] drain|[of] p1a: Dondozo\n|faint|p1a: Dondozo\n|\n|upkeep\n|\n|t:|1698789642\n|switch|p1a: Palafin|Palafin-Hero, M|100\/100\n|-activate|p1a: Palafin|ability: Zero to Hero\n|turn|12\n|\n|t:|1698789657\n|-terastallize|p1a: Palafin|Water\n|-terastallize|p2a: Volcarona|Bug\n|move|p1a: Palafin|Liquidation|p2a: Volcarona\n|-damage|p2a: Volcarona|0 fnt\n|faint|p2a: Volcarona\n|\n|upkeep\n|\n|t:|1698789665\n|switch|p2a: Gholdengo|Gholdengo|100\/100\n|-activate|p2a: Gholdengo|move: Sticky Web\n|-unboost|p2a: Gholdengo|spe|1\n|turn|13\n|\n|t:|1698789677\n|move|p1a: Palafin|Liquidation|p2a: Gholdengo\n|-damage|p2a: Gholdengo|0 fnt\n|faint|p2a: Gholdengo\n|\n|upkeep\n|\n|t:|1698789683\n|switch|p2a: Lopunny|Lopunny, M, shiny|100\/100\n|-activate|p2a: Lopunny|move: Sticky Web\n|-unboost|p2a: Lopunny|spe|1\n|turn|14\n|\n|t:|1698789689\n|detailschange|p2a: Lopunny|Lopunny-Mega, M, shiny\n|-mega|p2a: Lopunny|Lopunny|Lopunnite\n|move|p2a: Lopunny|Fake Out|p1a: Palafin\n|-damage|p1a: Palafin|78\/100\n|cant|p1a: Palafin|flinch\n|\n|upkeep\n|turn|15\n|c|\u2606ProjectAster|thats game\n|\n|t:|1698789697\n|move|p1a: Palafin|Liquidation|p2a: Lopunny\n|-damage|p2a: Lopunny|0 fnt\n|faint|p2a: Lopunny\n|\n|upkeep\n|c|\u2606ProjectAster|**you had to bring. 2 sash pokemon**\n|\n|t:|1698789704\n|switch|p2a: Electrode|Electrode-Hisui, shiny|50\/100\n|-activate|p2a: Electrode|move: Sticky Web\n|-unboost|p2a: Electrode|spe|1\n|turn|16\n|\n|t:|1698789710\n|switch|p1a: Swampert|Swampert, F|100\/100\n|move|p2a: Electrode|Discharge|p1a: Swampert\n|-immune|p1a: Swampert\n|\n|upkeep\n|turn|17\n|c|\u2606ProjectAster|disrespectful\n|\n|t:|1698789719\n|detailschange|p1a: Swampert|Swampert-Mega, F\n|-mega|p1a: Swampert|Swampert|Swampertite\n|move|p2a: Electrode|Discharge|p1a: Swampert\n|-immune|p1a: Swampert\n|move|p1a: Swampert|Ice Punch|p2a: Electrode\n|-supereffective|p2a: Electrode\n|-damage|p2a: Electrode|0 fnt\n|faint|p2a: Electrode\n|\n|win|macdnpoke2\n","uploadtime":1698789738,"views":11,"p1id":"macdnpoke2","p2id":"projectaster","formatid":"gen9nationaldexubers","rating":0,"private":0,"password":""}