{"id":"gen9nationaldexubers-1994911711","p1":"alloy69420","p2":"700club","format":"[Gen 9] National Dex Ubers","log":"|j|\u2606alloy69420\n|j|\u2606700club\n|t:|1700503999\n|gametype|singles\n|player|p1|alloy69420|steven|1377\n|player|p2|700club|shadowtriad|1397\n|teamsize|p1|6\n|teamsize|p2|6\n|gen|9\n|tier|[Gen 9] National Dex Ubers\n|rated|\n|rule|HP Percentage Mod: HP is shown in percentages\n|rule|Endless Battle Clause: Forcing endless battles is banned\n|rule|OHKO Clause: OHKO moves are banned\n|rule|Evasion Moves Clause: Evasion moves are banned\n|rule|Evasion Items Clause: Evasion items are banned\n|rule|Species Clause: Limit one of each Pok\u00e9mon\n|rule|Sleep Clause Mod: Limit one foe put to sleep\n|rule|Mega Rayquaza Clause: You cannot mega evolve Rayquaza\n|clearpoke\n|poke|p1|Salamence, M|\n|poke|p1|Kyogre|\n|poke|p1|Groudon|\n|poke|p1|Ho-Oh|\n|poke|p1|Arceus-Dark|\n|poke|p1|Zacian-*|\n|poke|p2|Ogerpon-Hearthflame, F|\n|poke|p2|Ditto|\n|poke|p2|Shuckle, F|\n|poke|p2|Mewtwo|\n|poke|p2|Necrozma-Dusk-Mane|\n|poke|p2|Zacian-*|\n|teampreview\n|inactive|Battle timer is ON: inactive players will automatically lose when time's up. (requested by alloy69420)\n|c|\u2606700club|hi\n|\n|t:|1700504009\n|start\n|switch|p1a: Arceus|Arceus-Dark|100\/100\n|switch|p2a: Shuckle|Shuckle, F|100\/100\n|turn|1\n|c|\u2606alloy69420|hi\n|\n|t:|1700504021\n|move|p1a: Arceus|Taunt|p2a: Shuckle\n|-start|p2a: Shuckle|move: Taunt\n|-enditem|p2a: Shuckle|Mental Herb\n|-end|p2a: Shuckle|move: Taunt\n|move|p2a: Shuckle|Sticky Web|p1a: Arceus\n|-sidestart|p1: alloy69420|move: Sticky Web\n|\n|upkeep\n|turn|2\n|\n|t:|1700504030\n|move|p1a: Arceus|Taunt|p2a: Shuckle\n|-start|p2a: Shuckle|move: Taunt\n|cant|p2a: Shuckle|move: Taunt|Encore\n|\n|upkeep\n|turn|3\n|c|\u2606700club|lol i do bad\n|\n|t:|1700504045\n|move|p1a: Arceus|Toxic|p2a: Shuckle|[miss]\n|-miss|p1a: Arceus|p2a: Shuckle\n|move|p2a: Shuckle|Final Gambit|p1a: Arceus\n|-damage|p1a: Arceus|46\/100\n|faint|p2a: Shuckle\n|\n|upkeep\n|\n|t:|1700504058\n|switch|p2a: Zacian|Zacian|100\/100\n|-ability|p2a: Zacian|Intrepid Sword|boost\n|-boost|p2a: Zacian|atk|1\n|turn|4\n|\n|t:|1700504072\n|-terastallize|p1a: Arceus|Poison\n|move|p2a: Zacian|Play Rough|p1a: Arceus|[miss]\n|-miss|p2a: Zacian|p1a: Arceus\n|move|p1a: Arceus|Recover|p1a: Arceus\n|-heal|p1a: Arceus|96\/100\n|\n|upkeep\n|turn|5\n|\n|t:|1700504089\n|switch|p2a: Necrozma|Necrozma-Dusk-Mane|100\/100\n|switch|p1a: Ho-Oh|Ho-Oh, shiny|100\/100\n|\n|upkeep\n|turn|6\n|\n|t:|1700504097\n|detailschange|p2a: Necrozma|Necrozma-Ultra\n|-burst|p2a: Necrozma|Necrozma|Ultranecrozium Z\n|move|p2a: Necrozma|Stone Edge|p1a: Ho-Oh\n|-supereffective|p1a: Ho-Oh\n|-damage|p1a: Ho-Oh|0 fnt\n|faint|p1a: Ho-Oh\n|\n|upkeep\n|inactive|alloy69420 has 120 seconds left.\n|\n|t:|1700504128\n|switch|p1a: Zacian|Zacian-Crowned|100\/100\n|-activate|p1a: Zacian|move: Sticky Web\n|-unboost|p1a: Zacian|spe|1\n|-ability|p1a: Zacian|Intrepid Sword|boost\n|-boost|p1a: Zacian|atk|1\n|turn|7\n|\n|t:|1700504138\n|move|p2a: Necrozma|Earthquake|p1a: Zacian\n|-supereffective|p1a: Zacian\n|-damage|p1a: Zacian|0 fnt\n|faint|p1a: Zacian\n|\n|upkeep\n|\n|t:|1700504145\n|switch|p1a: Salamence|Salamence, M|100\/100\n|-ability|p1a: Salamence|Intimidate|boost\n|-unboost|p2a: Necrozma|atk|1\n|turn|8\n|\n|t:|1700504160\n|detailschange|p1a: Salamence|Salamence-Mega, M\n|-mega|p1a: Salamence|Salamence|Salamencite\n|-zpower|p2a: Necrozma\n|move|p2a: Necrozma|Light That Burns the Sky|p1a: Salamence|[zeffect]\n|-damage|p1a: Salamence|0 fnt\n|faint|p1a: Salamence\n|\n|upkeep\n|-message|alloy69420 forfeited.\n|\n|win|700club\n|raw|alloy69420's rating: 1377 &rarr; <strong>1358<\/strong><br \/>(-19 for losing)\n|raw|700club's rating: 1397 &rarr; <strong>1416<\/strong><br \/>(+19 for winning)\n|l|\u2606alloy69420\n","uploadtime":1700504177,"views":4,"p1id":"alloy69420","p2id":"700club","formatid":"gen9nationaldexubers","rating":1358,"private":0,"password":""}