{"id":"gen9nationaldexubers-1983585911","p1":"Kian harding","p2":"Glenn the Janitor","format":"[Gen 9] National Dex Ubers","log":"|j|\u2606Kian harding\n|j|\u2606Glenn the Janitor\n|t:|1699146302\n|gametype|singles\n|player|p1|Kian harding|volkner|1198\n|player|p2|Glenn the Janitor|gambler|1103\n|teamsize|p1|6\n|teamsize|p2|6\n|gen|9\n|tier|[Gen 9] National Dex Ubers\n|rated|\n|rule|HP Percentage Mod: HP is shown in percentages\n|rule|Endless Battle Clause: Forcing endless battles is banned\n|rule|OHKO Clause: OHKO moves are banned\n|rule|Evasion Moves Clause: Evasion moves are banned\n|rule|Evasion Items Clause: Evasion items are banned\n|rule|Species Clause: Limit one of each Pok\u00e9mon\n|rule|Sleep Clause Mod: Limit one foe put to sleep\n|rule|Mega Rayquaza Clause: You cannot mega evolve Rayquaza\n|clearpoke\n|poke|p1|Landorus-Therian, M|\n|poke|p1|Mew|\n|poke|p1|Weezing-Galar, F|\n|poke|p1|Glalie, F|\n|poke|p1|Basculin-White-Striped, M|\n|poke|p1|Pyukumuku, F|\n|poke|p2|Zacian-*, L70|\n|poke|p2|Grimmsnarl, M|\n|poke|p2|Kartana|\n|poke|p2|Darmanitan-Galar, M|\n|poke|p2|Toxapex, F|\n|poke|p2|Ditto|\n|teampreview\n|inactive|Battle timer is ON: inactive players will automatically lose when time's up. (requested by Kian harding)\n|c|\u2606Glenn the Janitor|basculin my beloved <3\n|\n|t:|1699146326\n|start\n|switch|p1a: Mew|Mew|100\/100\n|switch|p2a: RNGesus|Grimmsnarl, M|100\/100\n|turn|1\n|\n|t:|1699146335\n|move|p2a: RNGesus|Metronome|p2a: RNGesus\n|move|p2a: RNGesus|Poison Gas|p1a: Mew|[from]move: Metronome\n|-status|p1a: Mew|psn\n|-activate|p1a: Mew|ability: Synchronize\n|-status|p2a: RNGesus|psn\n|move|p1a: Mew|Taunt|p2a: RNGesus\n|-start|p2a: RNGesus|move: Taunt\n|\n|-damage|p1a: Mew|88\/100 psn|[from] psn\n|-damage|p2a: RNGesus|88\/100 psn|[from] psn\n|upkeep\n|turn|2\n|\n|t:|1699146349\n|switch|p2a: Nepo Baby|Zacian-Crowned, L70|100\/100\n|-ability|p2a: Nepo Baby|Intrepid Sword|boost\n|-boost|p2a: Nepo Baby|atk|1\n|move|p1a: Mew|Stealth Rock|p2a: Nepo Baby\n|-sidestart|p2: Glenn the Janitor|move: Stealth Rock\n|\n|-damage|p1a: Mew|76\/100 psn|[from] psn\n|upkeep\n|turn|3\n|\n|t:|1699146353\n|move|p1a: Mew|Explosion|p2a: Nepo Baby\n|-resisted|p2a: Nepo Baby\n|-damage|p2a: Nepo Baby|30\/100\n|faint|p1a: Mew\n|move|p2a: Nepo Baby|Swords Dance|p2a: Nepo Baby\n|-boost|p2a: Nepo Baby|atk|2\n|\n|upkeep\n|\n|t:|1699146364\n|switch|p1a: Weezing|Weezing-Galar, F|100\/100\n|-fieldstart|move: Misty Terrain|[from] ability: Misty Surge|[of] p1a: Weezing\n|turn|4\n|\n|t:|1699146370\n|move|p1a: Weezing|Misty Explosion|p2a: Nepo Baby\n|-resisted|p2a: Nepo Baby\n|-damage|p2a: Nepo Baby|0 fnt\n|faint|p1a: Weezing\n|faint|p2a: Nepo Baby\n|\n|upkeep\n|\n|t:|1699146383\n|switch|p2a: Alice Cooper|Toxapex, F|100\/100\n|switch|p1a: Pyukumuku|Pyukumuku, F|100\/100\n|-damage|p2a: Alice Cooper|88\/100|[from] Stealth Rock\n|turn|5\n|\n|t:|1699146388\n|move|p2a: Alice Cooper|Toxic Spikes|p1a: Pyukumuku\n|-sidestart|p1: Kian harding|move: Toxic Spikes\n|move|p1a: Pyukumuku|Taunt|p2a: Alice Cooper\n|-start|p2a: Alice Cooper|move: Taunt\n|\n|-heal|p2a: Alice Cooper|94\/100|[from] item: Black Sludge\n|upkeep\n|turn|6\n|\n|t:|1699146398\n|switch|p2a: RNGesus|Grimmsnarl, M|88\/100 psn\n|-damage|p2a: RNGesus|76\/100 psn|[from] Stealth Rock\n|switch|p1a: Landorus|Landorus-Therian, M|100\/100\n|-ability|p1a: Landorus|Intimidate|boost\n|-unboost|p2a: RNGesus|atk|1\n|\n|-damage|p2a: RNGesus|63\/100 psn|[from] psn\n|upkeep\n|turn|7\n|\n|t:|1699146402\n|move|p2a: RNGesus|Parting Shot|p1a: Landorus\n|-unboost|p1a: Landorus|atk|1\n|-unboost|p1a: Landorus|spa|1\n|\n|t:|1699146408\n|switch|p2a: Special Ed|Darmanitan-Galar, M|100\/100|[from] Parting Shot\n|-damage|p2a: Special Ed|76\/100|[from] Stealth Rock\n|move|p1a: Landorus|Explosion|p2a: Special Ed\n|-damage|p2a: Special Ed|0 fnt\n|faint|p1a: Landorus\n|faint|p2a: Special Ed\n|\n|upkeep\n|\n|t:|1699146420\n|switch|p2a: Alice Cooper|Toxapex, F|94\/100\n|switch|p1a: Glalie|Glalie, F|100\/100\n|-damage|p2a: Alice Cooper|82\/100|[from] Stealth Rock\n|turn|8\n|\n|t:|1699146434\n|detailschange|p1a: Glalie|Glalie-Mega, F\n|-mega|p1a: Glalie|Glalie|Glalitite\n|move|p1a: Glalie|Explosion|p2a: Alice Cooper\n|-resisted|p2a: Alice Cooper\n|-damage|p2a: Alice Cooper|23\/100\n|faint|p1a: Glalie\n|move|p2a: Alice Cooper|Toxic Spikes|p1: Glalie\n|-sidestart|p1: Kian harding|move: Toxic Spikes\n|\n|-heal|p2a: Alice Cooper|29\/100|[from] item: Black Sludge\n|-fieldend|Misty Terrain\n|upkeep\n|\n|t:|1699146440\n|switch|p1a: Pyukumuku|Pyukumuku, F|100\/100\n|-status|p1a: Pyukumuku|tox\n|turn|9\n|\n|t:|1699146445\n|move|p2a: Alice Cooper|Baneful Bunker|p2a: Alice Cooper\n|-singleturn|p2a: Alice Cooper|move: Protect\n|move|p1a: Pyukumuku|Memento|p2a: Alice Cooper\n|-activate|p2a: Alice Cooper|move: Protect\n|\n|-heal|p2a: Alice Cooper|35\/100|[from] item: Black Sludge\n|-damage|p1a: Pyukumuku|95\/100 tox|[from] psn\n|upkeep\n|turn|10\n|\n|t:|1699146457\n|switch|p2a: RNGesus|Grimmsnarl, M|63\/100 psn\n|-damage|p2a: RNGesus|51\/100 psn|[from] Stealth Rock\n|move|p1a: Pyukumuku|Taunt|p2a: RNGesus\n|-start|p2a: RNGesus|move: Taunt\n|\n|-heal|p1a: Pyukumuku|100\/100 tox|[from] item: Leftovers\n|-damage|p2a: RNGesus|39\/100 psn|[from] psn\n|-damage|p1a: Pyukumuku|89\/100 tox|[from] psn\n|upkeep\n|turn|11\n|\n|t:|1699146464\n|switch|p2a: Struggles of Life|Kartana|100\/100\n|-damage|p2a: Struggles of Life|94\/100|[from] Stealth Rock\n|move|p1a: Pyukumuku|Memento|p2a: Struggles of Life\n|-unboost|p2a: Struggles of Life|atk|2\n|-unboost|p2a: Struggles of Life|spa|2\n|faint|p1a: Pyukumuku\n|\n|upkeep\n|\n|t:|1699146466\n|switch|p1a: Basculin|Basculin-White-Striped, M|100\/100\n|-status|p1a: Basculin|tox\n|turn|12\n|\n|t:|1699146472\n|-terastallize|p1a: Basculin|Ghost\n|move|p1a: Basculin|Last Respects|p2a: Struggles of Life\n|-damage|p2a: Struggles of Life|0 fnt\n|faint|p2a: Struggles of Life\n|\n|-damage|p1a: Basculin|94\/100 tox|[from] psn\n|upkeep\n|\n|t:|1699146485\n|switch|p2a: Raw|Ditto|100\/100\n|-damage|p2a: Raw|88\/100|[from] Stealth Rock\n|turn|13\n|\n|t:|1699146496\n|switch|p2a: RNGesus|Grimmsnarl, M|39\/100 psn\n|-damage|p2a: RNGesus|26\/100 psn|[from] Stealth Rock\n|move|p1a: Basculin|Last Respects|p2a: RNGesus\n|-resisted|p2a: RNGesus\n|-damage|p2a: RNGesus|0 fnt\n|faint|p2a: RNGesus\n|\n|-damage|p1a: Basculin|82\/100 tox|[from] psn\n|upkeep\n|\n|t:|1699146507\n|switch|p2a: Raw|Ditto|88\/100\n|-damage|p2a: Raw|76\/100|[from] Stealth Rock\n|turn|14\n|\n|t:|1699146513\n|move|p1a: Basculin|Last Respects|p2a: Raw\n|-immune|p2a: Raw\n|move|p2a: Raw|Transform|p1a: Basculin\n|-transform|p2a: Raw|p1a: Basculin\n|\n|-damage|p1a: Basculin|64\/100 tox|[from] psn\n|upkeep\n|-start|p2a: Raw|typechange|Water|[silent]\n|turn|15\n|\n|t:|1699146530\n|switch|p2a: Alice Cooper|Toxapex, F|35\/100\n|-damage|p2a: Alice Cooper|23\/100|[from] Stealth Rock\n|move|p1a: Basculin|Last Respects|p2a: Alice Cooper\n|-damage|p2a: Alice Cooper|0 fnt\n|faint|p2a: Alice Cooper\n|\n|-damage|p1a: Basculin|40\/100 tox|[from] psn\n|upkeep\n|\n|t:|1699146539\n|switch|p2a: Raw|Ditto|76\/100\n|-damage|p2a: Raw|63\/100|[from] Stealth Rock\n|turn|16\n|\n|t:|1699146543\n|move|p1a: Basculin|Last Respects|p2a: Raw\n|-immune|p2a: Raw\n|move|p2a: Raw|Transform|p1a: Basculin\n|-transform|p2a: Raw|p1a: Basculin\n|\n|-damage|p1a: Basculin|10\/100 tox|[from] psn\n|upkeep\n|-start|p2a: Raw|typechange|Water|[silent]\n|turn|17\n|\n|t:|1699146550\n|move|p2a: Raw|Aqua Jet|p1a: Basculin\n|-damage|p1a: Basculin|0 fnt\n|faint|p1a: Basculin\n|\n|win|Glenn the Janitor\n|raw|Kian harding's rating: 1198 &rarr; <strong>1166<\/strong><br \/>(-32 for losing)\n|raw|Glenn the Janitor's rating: 1103 &rarr; <strong>1135<\/strong><br \/>(+32 for winning)\n|c|\u2606Glenn the Janitor|gg\n|c|\u2606Kian harding|Gg\n|c|\u2606Glenn the Janitor|nice team\n|l|\u2606Kian harding\n","uploadtime":1699146574,"views":7,"p1id":"kianharding","p2id":"glennthejanitor","formatid":"gen9nationaldexubers","rating":1135,"private":0,"password":""}