{"id":"gen9nationaldexubers-1984023435","p1":"BriefStar","p2":"tbor2002","format":"[Gen 9] National Dex Ubers","log":"|j|\u2606BriefStar\n|j|\u2606tbor2002\n|t:|1699210820\n|gametype|singles\n|player|p1|BriefStar|benga|\n|player|p2|tbor2002|wattson|\n|teamsize|p1|6\n|teamsize|p2|6\n|gen|9\n|tier|[Gen 9] National Dex Ubers\n|rule|HP Percentage Mod: HP is shown in percentages\n|rule|Endless Battle Clause: Forcing endless battles is banned\n|rule|OHKO Clause: OHKO moves are banned\n|rule|Evasion Moves Clause: Evasion moves are banned\n|rule|Evasion Items Clause: Evasion items are banned\n|rule|Species Clause: Limit one of each Pok\u00e9mon\n|rule|Sleep Clause Mod: Limit one foe put to sleep\n|rule|Mega Rayquaza Clause: You cannot mega evolve Rayquaza\n|clearpoke\n|poke|p1|Torkoal, F|\n|poke|p1|Tinkaton, F|\n|poke|p1|Bellibolt, M|\n|poke|p1|Mismagius, M|\n|poke|p1|Spidops, M|\n|poke|p1|Fraxure, F|\n|poke|p2|Walking Wake|\n|poke|p2|Muk-Alola, M|\n|poke|p2|Jolteon, F|\n|poke|p2|Toxicroak, M|\n|poke|p2|Falinks|\n|poke|p2|Glimmet, M|\n|teampreview\n|\n|t:|1699210840\n|start\n|switch|p1a: Hey There|Fraxure, F|100\/100\n|switch|p2a: Glimmet|Glimmet, M|100\/100\n|-ability|p1a: Hey There|Mold Breaker\n|turn|1\n|\n|t:|1699210854\n|move|p1a: Hey There|Substitute|p1a: Hey There\n|-start|p1a: Hey There|Substitute\n|-damage|p1a: Hey There|76\/100\n|move|p2a: Glimmet|Stealth Rock|p1a: Hey There\n|-sidestart|p1: BriefStar|move: Stealth Rock\n|\n|upkeep\n|turn|2\n|\n|t:|1699210861\n|move|p1a: Hey There|Dragon Dance|p1a: Hey There\n|-boost|p1a: Hey There|atk|1\n|-boost|p1a: Hey There|spe|1\n|move|p2a: Glimmet|Spikes|p1a: Hey There\n|-sidestart|p1: BriefStar|Spikes\n|\n|upkeep\n|turn|3\n|\n|t:|1699210892\n|move|p1a: Hey There|Dragon Dance|p1a: Hey There\n|-boost|p1a: Hey There|atk|1\n|-boost|p1a: Hey There|spe|1\n|move|p2a: Glimmet|Spikes|p1a: Hey There\n|-sidestart|p1: BriefStar|Spikes\n|\n|upkeep\n|turn|4\n|\n|t:|1699210903\n|move|p1a: Hey There|Stomping Tantrum|p2a: Glimmet\n|-supereffective|p2a: Glimmet\n|-enditem|p2a: Glimmet|Focus Sash\n|-damage|p2a: Glimmet|1\/100\n|-activate|p2a: Glimmet|ability: Toxic Debris\n|-sidestart|p1: BriefStar|move: Toxic Spikes\n|move|p2a: Glimmet|Spikes|p1a: Hey There\n|-sidestart|p1: BriefStar|Spikes\n|\n|upkeep\n|turn|5\n|\n|t:|1699210912\n|move|p1a: Hey There|Stomping Tantrum|p2a: Glimmet\n|-supereffective|p2a: Glimmet\n|-damage|p2a: Glimmet|0 fnt\n|-activate|p2a: Glimmet|ability: Toxic Debris\n|-sidestart|p1: BriefStar|move: Toxic Spikes\n|faint|p2a: Glimmet\n|\n|upkeep\n|\n|t:|1699210929\n|switch|p2a: Jolteon|Jolteon, F|100\/100\n|turn|6\n|\n|t:|1699210935\n|-terastallize|p2a: Jolteon|Ice\n|move|p1a: Hey There|Stomping Tantrum|p2a: Jolteon\n|-damage|p2a: Jolteon|7\/100\n|move|p2a: Jolteon|Tera Blast|p1a: Hey There|[anim] Tera Blast Ice\n|-supereffective|p1a: Hey There\n|-end|p1a: Hey There|Substitute\n|\n|upkeep\n|turn|7\n|\n|t:|1699210945\n|move|p1a: Hey There|Stomping Tantrum|p2a: Jolteon\n|-damage|p2a: Jolteon|0 fnt\n|faint|p2a: Jolteon\n|\n|upkeep\n|\n|t:|1699210948\n|switch|p2a: Muk|Muk-Alola, M|100\/100\n|turn|8\n|\n|t:|1699210956\n|move|p1a: Hey There|Stomping Tantrum|p2a: Muk\n|-supereffective|p2a: Muk\n|-damage|p2a: Muk|0 fnt\n|faint|p2a: Muk\n|\n|upkeep\n|\n|t:|1699210966\n|switch|p2a: Toxicroak|Toxicroak, M|100\/100\n|turn|9\n|\n|t:|1699210974\n|move|p2a: Toxicroak|Sucker Punch|p1a: Hey There\n|-damage|p1a: Hey There|46\/100\n|-damage|p2a: Toxicroak|91\/100|[from] item: Life Orb\n|move|p1a: Hey There|Stomping Tantrum|p2a: Toxicroak\n|-supereffective|p2a: Toxicroak\n|-damage|p2a: Toxicroak|0 fnt\n|faint|p2a: Toxicroak\n|\n|upkeep\n|\n|t:|1699210982\n|switch|p2a: Walking Wake|Walking Wake|100\/100\n|turn|10\n|\n|t:|1699210991\n|move|p1a: Hey There|Outrage|p2a: Walking Wake\n|-supereffective|p2a: Walking Wake\n|-damage|p2a: Walking Wake|0 fnt\n|faint|p2a: Walking Wake\n|-end|p2a: Walking Wake|Protosynthesis|[silent]\n|\n|upkeep\n|\n|t:|1699210995\n|switch|p2a: Falinks|Falinks|100\/100\n|turn|11\n|\n|t:|1699210998\n|move|p1a: Hey There|Outrage|p2a: Falinks|[from]lockedmove\n|-damage|p2a: Falinks|0 fnt\n|faint|p2a: Falinks\n|-start|p1a: Hey There|confusion|[fatigue]\n|\n|win|BriefStar\n|l|\u2606tbor2002\n","uploadtime":1699211048,"views":4,"p1id":"briefstar","p2id":"tbor2002","formatid":"gen9nationaldexubers","rating":0,"private":0,"password":""}