{"id":"gen9nationaldexubers-1978274107","p1":"ItzLilMario","p2":"Sherlock4580","format":"[Gen 9] National Dex Ubers","log":"|j|\u2606ItzLilMario\n|j|\u2606Sherlock4580\n|t:|1698519669\n|gametype|singles\n|player|p1|ItzLilMario|nate|1171\n|player|p2|Sherlock4580|caitlin|1243\n|teamsize|p1|6\n|teamsize|p2|6\n|gen|9\n|tier|[Gen 9] National Dex Ubers\n|rated|\n|rule|HP Percentage Mod: HP is shown in percentages\n|rule|Endless Battle Clause: Forcing endless battles is banned\n|rule|OHKO Clause: OHKO moves are banned\n|rule|Evasion Moves Clause: Evasion moves are banned\n|rule|Evasion Items Clause: Evasion items are banned\n|rule|Species Clause: Limit one of each Pok\u00e9mon\n|rule|Sleep Clause Mod: Limit one foe put to sleep\n|rule|Mega Rayquaza Clause: You cannot mega evolve Rayquaza\n|clearpoke\n|poke|p1|Infernape, F|\n|poke|p1|Floatzel, F|\n|poke|p1|Staraptor, M|\n|poke|p1|Garchomp, F|\n|poke|p1|Weavile, M|\n|poke|p1|Porygon-Z|\n|poke|p2|Necrozma-Dawn-Wings|\n|poke|p2|Iron Bundle|\n|poke|p2|Victini|\n|poke|p2|Zygarde|\n|poke|p2|Dragapult, F|\n|poke|p2|Garganacl, M|\n|teampreview\n|j| sableker\n|l| sableker\n|inactive|Battle timer is ON: inactive players will automatically lose when time's up. (requested by ItzLilMario)\n|c|\u2606Sherlock4580|Hi\n|c|\u2606ItzLilMario|wazzup\n|\n|t:|1698519722\n|start\n|switch|p1a: Infernape|Infernape, F|100\/100\n|switch|p2a: Necrozma|Necrozma-Dawn-Wings, shiny|100\/100\n|turn|1\n|\n|t:|1698519731\n|move|p1a: Infernape|U-turn|p2a: Necrozma\n|-damage|p2a: Necrozma|71\/100\n|\n|t:|1698519735\n|switch|p1a: Weavile|Weavile, M|100\/100|[from] U-turn\n|move|p2a: Necrozma|Calm Mind|p2a: Necrozma\n|-boost|p2a: Necrozma|spa|1\n|-boost|p2a: Necrozma|spd|1\n|\n|upkeep\n|turn|2\n|\n|t:|1698519741\n|move|p1a: Weavile|Swords Dance|p1a: Weavile\n|-boost|p1a: Weavile|atk|2\n|move|p2a: Necrozma|Dragon Pulse|p1a: Weavile\n|-damage|p1a: Weavile|30\/100\n|\n|upkeep\n|turn|3\n|\n|t:|1698519747\n|detailschange|p2a: Necrozma|Necrozma-Ultra, shiny\n|-burst|p2a: Necrozma|Necrozma|Ultranecrozium Z\n|move|p2a: Necrozma|Dragon Pulse|p1a: Weavile\n|-damage|p1a: Weavile|0 fnt\n|faint|p1a: Weavile\n|\n|upkeep\n|c|\u2606ItzLilMario|fuck\n|\n|t:|1698519754\n|switch|p1a: Porygon-Z|Porygon-Z|100\/100\n|turn|4\n|\n|t:|1698519760\n|move|p1a: Porygon-Z|Ice Beam|p2a: Necrozma\n|-supereffective|p2a: Necrozma\n|-damage|p2a: Necrozma|25\/100\n|-status|p2a: Necrozma|frz\n|cant|p2a: Necrozma|frz\n|\n|upkeep\n|turn|5\n|c|\u2606ItzLilMario|HUGE\n|\n|t:|1698519769\n|move|p1a: Porygon-Z|Ice Beam|p2a: Necrozma\n|-supereffective|p2a: Necrozma\n|-damage|p2a: Necrozma|0 fnt\n|faint|p2a: Necrozma\n|\n|upkeep\n|\n|t:|1698519776\n|switch|p2a: Victini|Victini|100\/100\n|turn|6\n|\n|t:|1698519783\n|switch|p1a: Floatzel|Floatzel, F|100\/100\n|move|p2a: Victini|Final Gambit|p1a: Floatzel\n|-damage|p1a: Floatzel|0 fnt\n|faint|p2a: Victini\n|faint|p1a: Floatzel\n|\n|upkeep\n|\n|t:|1698519792\n|switch|p1a: Porygon-Z|Porygon-Z|100\/100\n|switch|p2a: Dragapult|Dragapult, F|100\/100\n|turn|7\n|\n|t:|1698519795\n|move|p1a: Porygon-Z|Shadow Ball|p2a: Dragapult\n|-supereffective|p2a: Dragapult\n|-damage|p2a: Dragapult|16\/100\n|move|p2a: Dragapult|Dragon Dance|p2a: Dragapult\n|-boost|p2a: Dragapult|atk|1\n|-boost|p2a: Dragapult|spe|1\n|\n|upkeep\n|turn|8\n|\n|t:|1698519804\n|move|p2a: Dragapult|Dragon Darts|p1a: Porygon-Z\n|-damage|p1a: Porygon-Z|44\/100\n|-anim|p2a: Dragapult|Dragon Darts|p1a: Porygon-Z\n|-damage|p1a: Porygon-Z|0 fnt\n|faint|p1a: Porygon-Z\n|\n|upkeep\n|\n|t:|1698519815\n|switch|p1a: Infernape|Infernape, F|100\/100\n|turn|9\n|\n|t:|1698519823\n|move|p2a: Dragapult|Dragon Darts|p1a: Infernape\n|-damage|p1a: Infernape|38\/100\n|-anim|p2a: Dragapult|Dragon Darts|p1a: Infernape\n|-damage|p1a: Infernape|0 fnt\n|faint|p1a: Infernape\n|\n|upkeep\n|\n|t:|1698519827\n|switch|p1a: Staraptor|Staraptor, M|100\/100\n|turn|10\n|\n|t:|1698519832\n|move|p2a: Dragapult|Dragon Darts|p1a: Staraptor\n|-damage|p1a: Staraptor|45\/100\n|-anim|p2a: Dragapult|Dragon Darts|p1a: Staraptor\n|-damage|p1a: Staraptor|0 fnt\n|faint|p1a: Staraptor\n|\n|upkeep\n|\n|t:|1698519835\n|switch|p1a: Garchomp|Garchomp, F|100\/100\n|turn|11\n|\n|t:|1698519838\n|detailschange|p1a: Garchomp|Garchomp-Mega, F\n|-mega|p1a: Garchomp|Garchomp|Garchompite\n|move|p2a: Dragapult|Dragon Darts|p1a: Garchomp\n|-supereffective|p1a: Garchomp\n|-damage|p1a: Garchomp|26\/100\n|-anim|p2a: Dragapult|Dragon Darts|p1a: Garchomp\n|-supereffective|p1a: Garchomp\n|-damage|p1a: Garchomp|0 fnt\n|faint|p1a: Garchomp\n|\n|win|Sherlock4580\n|raw|ItzLilMario's rating: 1171 &rarr; <strong>1151<\/strong><br \/>(-20 for losing)\n|raw|Sherlock4580's rating: 1243 &rarr; <strong>1263<\/strong><br \/>(+20 for winning)\n|l|\u2606ItzLilMario\n|c|\u2606Sherlock4580|Ez\n","uploadtime":1698519872,"views":10,"p1id":"itzlilmario","p2id":"sherlock4580","formatid":"gen9nationaldexubers","rating":1151,"private":0,"password":""}