{"id":"gen9nationaldexubers-1983792644","p1":"Kagetsuchi","p2":"Hrathen123","format":"[Gen 9] National Dex Ubers","log":"|j|\u2606Kagetsuchi\n|j|\u2606Hrathen123\n|t:|1699182076\n|gametype|singles\n|player|p1|Kagetsuchi|waiter-gen4dp|1152\n|player|p2|Hrathen123|102|1216\n|teamsize|p1|6\n|teamsize|p2|6\n|gen|9\n|tier|[Gen 9] National Dex Ubers\n|rated|\n|rule|HP Percentage Mod: HP is shown in percentages\n|rule|Endless Battle Clause: Forcing endless battles is banned\n|rule|OHKO Clause: OHKO moves are banned\n|rule|Evasion Moves Clause: Evasion moves are banned\n|rule|Evasion Items Clause: Evasion items are banned\n|rule|Species Clause: Limit one of each Pok\u00e9mon\n|rule|Sleep Clause Mod: Limit one foe put to sleep\n|rule|Mega Rayquaza Clause: You cannot mega evolve Rayquaza\n|clearpoke\n|poke|p1|Lucario, M|\n|poke|p1|Staraptor, M|\n|poke|p1|Samurott-Hisui, M|\n|poke|p1|Zebstrika, M|\n|poke|p1|Slowbro-Galar, M|\n|poke|p1|Zorua-Hisui, M|\n|poke|p2|Tyranitar, M|\n|poke|p2|Excadrill, M|\n|poke|p2|Beedrill, M|\n|poke|p2|Dragonite, M|\n|poke|p2|Blaziken, M|\n|poke|p2|Greninja-*, M|\n|teampreview\n|inactive|Battle timer is ON: inactive players will automatically lose when time's up. (requested by Kagetsuchi)\n|inactive|Hrathen123 has 120 seconds left.\n|\n|t:|1699182123\n|start\n|switch|p1a: Samuel|Samurott-Hisui, M, shiny|100\/100\n|switch|p2a: Greninja|Greninja, M|100\/100\n|turn|1\n|\n|t:|1699182130\n|move|p2a: Greninja|Grass Knot|p1a: Samuel\n|-start|p2a: Greninja|typechange|Grass|[from] ability: Protean\n|-supereffective|p1a: Samuel\n|-damage|p1a: Samuel|0 fnt\n|faint|p1a: Samuel\n|\n|upkeep\n|\n|t:|1699182151\n|switch|p1a: Cygnus|Staraptor, M, shiny|100\/100\n|turn|2\n|\n|t:|1699182157\n|switch|p2a: Tyranitar|Tyranitar, M|100\/100\n|-weather|Sandstorm|[from] ability: Sand Stream|[of] p2a: Tyranitar\n|move|p1a: Cygnus|Brave Bird|p2a: Tyranitar\n|-resisted|p2a: Tyranitar\n|-damage|p2a: Tyranitar|73\/100\n|-damage|p1a: Cygnus|90\/100|[from] Recoil\n|\n|-weather|Sandstorm|[upkeep]\n|-damage|p1a: Cygnus|83\/100|[from] Sandstorm\n|upkeep\n|turn|3\n|\n|t:|1699182169\n|-activate|p1a: Cygnus|move: Pursuit\n|move|p2a: Tyranitar|Pursuit|p1a: Cygnus|[from]Pursuit\n|-crit|p1a: Cygnus\n|-damage|p1a: Cygnus|0 fnt\n|faint|p1a: Cygnus\n|-hint|A Pokemon can't switch between when it runs out of HP and when it faints\n|\n|-weather|Sandstorm|[upkeep]\n|upkeep\n|\n|t:|1699182173\n|switch|p1a: Zebstrika|Zebstrika, M|100\/100\n|turn|4\n|\n|t:|1699182179\n|move|p1a: Zebstrika|Low Kick|p2a: Tyranitar\n|-supereffective|p2a: Tyranitar\n|-damage|p2a: Tyranitar|0 fnt\n|faint|p2a: Tyranitar\n|\n|-weather|Sandstorm|[upkeep]\n|-damage|p1a: Zebstrika|94\/100|[from] Sandstorm\n|upkeep\n|c|\u2606Kagetsuchi|that was cheeky\n|\n|t:|1699182186\n|switch|p2a: Excadrill|Excadrill, M|100\/100\n|-item|p2a: Excadrill|Air Balloon\n|turn|5\n|\n|t:|1699182193\n|move|p2a: Excadrill|Earthquake|p1a: Zebstrika\n|-supereffective|p1a: Zebstrika\n|-damage|p1a: Zebstrika|0 fnt\n|faint|p1a: Zebstrika\n|\n|-weather|Sandstorm|[upkeep]\n|upkeep\n|\n|t:|1699182200\n|switch|p1a: Slowbro|Slowbro-Galar, M|100\/100\n|turn|6\n|\n|t:|1699182203\n|move|p2a: Excadrill|Earthquake|p1a: Slowbro\n|-supereffective|p1a: Slowbro\n|-crit|p1a: Slowbro\n|-damage|p1a: Slowbro|0 fnt\n|faint|p1a: Slowbro\n|\n|-weather|none\n|upkeep\n|\n|t:|1699182208\n|switch|p1a: Luke|Lucario, M|100\/100\n|turn|7\n|\n|t:|1699182210\n|move|p2a: Excadrill|Earthquake|p1a: Luke\n|-enditem|p1a: Luke|Focus Sash\n|-damage|p1a: Luke|1\/100\n|replace|p1a: Zoro|Zorua-Hisui, M, shiny\n|-end|p1a: Zoro|Illusion\n|move|p1a: Zoro|Comeuppance|p2a: Excadrill\n|-damage|p2a: Excadrill|0 fnt\n|-enditem|p2a: Excadrill|Air Balloon\n|faint|p2a: Excadrill\n|\n|upkeep\n|\n|t:|1699182223\n|switch|p2a: Beedrill|Beedrill, M|100\/100\n|turn|8\n|\n|t:|1699182228\n|detailschange|p2a: Beedrill|Beedrill-Mega, M\n|-mega|p2a: Beedrill|Beedrill|Beedrillite\n|move|p2a: Beedrill|Fell Stinger|p1a: Zoro\n|-resisted|p1a: Zoro\n|-damage|p1a: Zoro|0 fnt\n|faint|p1a: Zoro\n|-boost|p2a: Beedrill|atk|3\n|\n|upkeep\n|\n|t:|1699182232\n|switch|p1a: Luke|Lucario, M|100\/100\n|turn|9\n|\n|t:|1699182238\n|detailschange|p1a: Luke|Lucario-Mega, M\n|-mega|p1a: Luke|Lucario|Lucarionite\n|move|p1a: Luke|Bullet Punch|p2a: Beedrill\n|-damage|p2a: Beedrill|26\/100\n|move|p2a: Beedrill|Drill Run|p1a: Luke\n|-supereffective|p1a: Luke\n|-damage|p1a: Luke|0 fnt\n|faint|p1a: Luke\n|\n|win|Hrathen123\n|raw|Kagetsuchi's rating: 1152 &rarr; <strong>1132<\/strong><br \/>(-20 for losing)\n|raw|Hrathen123's rating: 1216 &rarr; <strong>1236<\/strong><br \/>(+20 for winning)\n|l|\u2606Kagetsuchi\n","uploadtime":1699182251,"views":5,"p1id":"kagetsuchi","p2id":"hrathen123","formatid":"gen9nationaldexubers","rating":1132,"private":0,"password":""}