{"id":"gen9nationaldexubers-1987171378","p1":"Pkmaster448","p2":"DanTheNinja56","format":"[Gen 9] National Dex Ubers","log":"|j|\u2606Pkmaster448\n|j|\u2606DanTheNinja56\n|t:|1699562077\n|gametype|singles\n|player|p1|Pkmaster448|170|1629\n|player|p2|DanTheNinja56|hilbert-wonderlauncher|1431\n|teamsize|p1|6\n|teamsize|p2|6\n|gen|9\n|tier|[Gen 9] National Dex Ubers\n|rated|\n|rule|HP Percentage Mod: HP is shown in percentages\n|rule|Endless Battle Clause: Forcing endless battles is banned\n|rule|OHKO Clause: OHKO moves are banned\n|rule|Evasion Moves Clause: Evasion moves are banned\n|rule|Evasion Items Clause: Evasion items are banned\n|rule|Species Clause: Limit one of each Pok\u00e9mon\n|rule|Sleep Clause Mod: Limit one foe put to sleep\n|rule|Mega Rayquaza Clause: You cannot mega evolve Rayquaza\n|clearpoke\n|poke|p1|Meowscarada, F|\n|poke|p1|Darmanitan-Galar, F|\n|poke|p1|Palkia-Origin|\n|poke|p1|Diancie|\n|poke|p1|Corsola-Galar, F|\n|poke|p1|Chansey, F|\n|poke|p2|Kyogre|\n|poke|p2|Eternatus|\n|poke|p2|Zacian-*|\n|poke|p2|Marshadow|\n|poke|p2|Kommo-o, M|\n|poke|p2|Kingambit, M|\n|teampreview\n|inactive|Battle timer is ON: inactive players will automatically lose when time's up. (requested by Pkmaster448)\n|inactive|DanTheNinja56 has 120 seconds left.\n|\n|t:|1699562145\n|start\n|switch|p1a: Darmanitan|Darmanitan-Galar, F|100\/100\n|switch|p2a: Kommo-o|Kommo-o, M|100\/100\n|turn|1\n|\n|t:|1699562159\n|move|p1a: Darmanitan|Ice Punch|p2a: Kommo-o\n|-supereffective|p2a: Kommo-o\n|-damage|p2a: Kommo-o|0 fnt\n|faint|p2a: Kommo-o\n|\n|upkeep\n|\n|t:|1699562166\n|switch|p2a: Zacian|Zacian-Crowned, shiny|100\/100\n|-ability|p2a: Zacian|Intrepid Sword|boost\n|-boost|p2a: Zacian|atk|1\n|turn|2\n|\n|t:|1699562170\n|switch|p1a: Corsola|Corsola-Galar, F|100\/100\n|move|p2a: Zacian|Behemoth Blade|p1a: Corsola\n|-damage|p1a: Corsola|53\/100\n|-start|p2a: Zacian|Disable|Behemoth Blade|[from] ability: Cursed Body|[of] p1a: Corsola\n|\n|upkeep\n|turn|3\n|\n|t:|1699562178\n|move|p2a: Zacian|Play Rough|p1a: Corsola\n|-damage|p1a: Corsola|10\/100\n|move|p1a: Corsola|Strength Sap|p2a: Zacian\n|-unboost|p2a: Zacian|atk|1\n|-heal|p1a: Corsola|100\/100\n|\n|upkeep\n|turn|4\n|\n|t:|1699562186\n|move|p2a: Zacian|Swords Dance|p2a: Zacian\n|-boost|p2a: Zacian|atk|2\n|move|p1a: Corsola|Stealth Rock|p2a: Zacian\n|-sidestart|p2: DanTheNinja56|move: Stealth Rock\n|\n|upkeep\n|turn|5\n|\n|t:|1699562192\n|move|p2a: Zacian|Play Rough|p1a: Corsola\n|-damage|p1a: Corsola|46\/100\n|move|p1a: Corsola|Will-O-Wisp|p2a: Zacian\n|-status|p2a: Zacian|brn\n|\n|-damage|p2a: Zacian|94\/100 brn|[from] brn\n|-end|p2a: Zacian|Disable\n|upkeep\n|turn|6\n|\n|t:|1699562202\n|move|p2a: Zacian|Swords Dance|p2a: Zacian\n|-boost|p2a: Zacian|atk|2\n|move|p1a: Corsola|Strength Sap|p2a: Zacian\n|-unboost|p2a: Zacian|atk|1\n|-heal|p1a: Corsola|100\/100\n|\n|-damage|p2a: Zacian|88\/100 brn|[from] brn\n|upkeep\n|turn|7\n|inactive|DanTheNinja56 has 120 seconds left.\n|\n|t:|1699562237\n|move|p2a: Zacian|Swords Dance|p2a: Zacian\n|-boost|p2a: Zacian|atk|2\n|move|p1a: Corsola|Night Shade|p2a: Zacian\n|-damage|p2a: Zacian|57\/100 brn\n|\n|-damage|p2a: Zacian|51\/100 brn|[from] brn\n|upkeep\n|turn|8\n|\n|t:|1699562246\n|move|p2a: Zacian|Play Rough|p1a: Corsola\n|-damage|p1a: Corsola|52\/100\n|move|p1a: Corsola|Night Shade|p2a: Zacian\n|-damage|p2a: Zacian|20\/100 brn\n|\n|-damage|p2a: Zacian|14\/100 brn|[from] brn\n|upkeep\n|turn|9\n|\n|t:|1699562255\n|move|p2a: Zacian|Behemoth Blade|p1a: Corsola\n|-damage|p1a: Corsola|1\/100\n|move|p1a: Corsola|Strength Sap|p2a: Zacian\n|-unboost|p2a: Zacian|atk|1\n|-heal|p1a: Corsola|100\/100\n|\n|-damage|p2a: Zacian|8\/100 brn|[from] brn\n|upkeep\n|turn|10\n|\n|t:|1699562266\n|move|p2a: Zacian|Behemoth Blade|p1a: Corsola\n|-damage|p1a: Corsola|57\/100\n|-start|p2a: Zacian|Disable|Behemoth Blade|[from] ability: Cursed Body|[of] p1a: Corsola\n|move|p1a: Corsola|Strength Sap|p2a: Zacian\n|-unboost|p2a: Zacian|atk|1\n|-heal|p1a: Corsola|100\/100\n|\n|-damage|p2a: Zacian|2\/100 brn|[from] brn\n|upkeep\n|turn|11\n|c|\u2606DanTheNinja56|Be so fr\n|c|\u2606DanTheNinja56|Wtg\n|c|\u2606DanTheNinja56|Wtf\n|\n|t:|1699562281\n|move|p2a: Zacian|Play Rough|p1a: Corsola\n|-damage|p1a: Corsola|65\/100\n|move|p1a: Corsola|Strength Sap|p2a: Zacian\n|-unboost|p2a: Zacian|atk|1\n|-heal|p1a: Corsola|100\/100\n|\n|-damage|p2a: Zacian|0 fnt|[from] brn\n|faint|p2a: Zacian\n|upkeep\n|\n|t:|1699562287\n|switch|p2a: Kingambit|Kingambit, M|100\/100\n|-damage|p2a: Kingambit|94\/100|[from] Stealth Rock\n|-activate|p2a: Kingambit|ability: Supreme Overlord\n|-start|p2a: Kingambit|fallen2|[silent]\n|turn|12\n|\n|t:|1699562297\n|-terastallize|p1a: Corsola|Normal\n|move|p2a: Kingambit|Swords Dance|p2a: Kingambit\n|-boost|p2a: Kingambit|atk|2\n|move|p1a: Corsola|Will-O-Wisp|p2a: Kingambit|[miss]\n|-miss|p1a: Corsola|p2a: Kingambit\n|\n|upkeep\n|turn|13\n|\n|t:|1699562306\n|move|p2a: Kingambit|Kowtow Cleave|p1a: Corsola\n|-damage|p1a: Corsola|17\/100\n|-damage|p2a: Kingambit|84\/100|[from] item: Life Orb\n|move|p1a: Corsola|Will-O-Wisp|p2a: Kingambit\n|-status|p2a: Kingambit|brn\n|\n|-damage|p2a: Kingambit|78\/100 brn|[from] brn\n|upkeep\n|turn|14\n|\n|t:|1699562316\n|move|p2a: Kingambit|Kowtow Cleave|p1a: Corsola\n|-damage|p1a: Corsola|0 fnt\n|-start|p2a: Kingambit|Disable|Kowtow Cleave|[from] ability: Cursed Body|[of] p1a: Corsola\n|faint|p1a: Corsola\n|-damage|p2a: Kingambit|68\/100 brn|[from] item: Life Orb\n|\n|-damage|p2a: Kingambit|62\/100 brn|[from] brn\n|upkeep\n|c|\u2606DanTheNinja56|Sbro\n|c|\u2606DanTheNinja56|Bro stop using will o wisp\n|c|\u2606DanTheNinja56|U cringe asf\n|\n|t:|1699562332\n|switch|p1a: Darmanitan|Darmanitan-Galar, F|100\/100\n|turn|15\n|\n|t:|1699562337\n|move|p1a: Darmanitan|Earthquake|p2a: Kingambit\n|-supereffective|p2a: Kingambit\n|-damage|p2a: Kingambit|0 fnt\n|faint|p2a: Kingambit\n|-end|p2a: Kingambit|fallen2|[silent]\n|\n|upkeep\n|\n|t:|1699562344\n|switch|p2a: Kyogre|Kyogre, shiny|100\/100\n|-damage|p2a: Kyogre|88\/100|[from] Stealth Rock\n|detailschange|p2a: Kyogre|Kyogre-Primal, shiny\n|-primal|p2a: Kyogre|Blue Orb\n|-weather|PrimordialSea|[from] ability: Primordial Sea|[of] p2a: Kyogre\n|turn|16\n|\n|t:|1699562350\n|switch|p1a: Chansey|Chansey, F|100\/100\n|move|p2a: Kyogre|Earthquake|p1a: Chansey\n|-damage|p1a: Chansey|75\/100\n|\n|-weather|PrimordialSea|[upkeep]\n|upkeep\n|turn|17\n|\n|t:|1699562372\n|move|p2a: Kyogre|Thunder|p1a: Chansey\n|-damage|p1a: Chansey|63\/100\n|move|p1a: Chansey|Wish|p1a: Chansey\n|\n|-weather|PrimordialSea|[upkeep]\n|upkeep\n|turn|18\n|\n|t:|1699562379\n|move|p2a: Kyogre|Waterfall|p1a: Chansey\n|-damage|p1a: Chansey|22\/100\n|move|p1a: Chansey|Toxic|p2a: Kyogre\n|-status|p2a: Kyogre|tox\n|\n|-weather|PrimordialSea|[upkeep]\n|-heal|p1a: Chansey|72\/100|[from] move: Wish|[wisher] Chansey\n|-damage|p2a: Kyogre|82\/100 tox|[from] psn\n|upkeep\n|turn|19\n|\n|t:|1699562388\n|move|p1a: Chansey|Protect|p1a: Chansey\n|-singleturn|p1a: Chansey|Protect\n|move|p2a: Kyogre|Waterfall|p1a: Chansey\n|-activate|p1a: Chansey|move: Protect\n|\n|-weather|PrimordialSea|[upkeep]\n|-damage|p2a: Kyogre|70\/100 tox|[from] psn\n|upkeep\n|turn|20\n|\n|t:|1699562397\n|switch|p1a: Palkia|Palkia-Origin|100\/100\n|-ability|p1a: Palkia|Pressure\n|move|p2a: Kyogre|Waterfall|p1a: Palkia\n|-resisted|p1a: Palkia\n|-damage|p1a: Palkia|84\/100\n|\n|-weather|PrimordialSea|[upkeep]\n|-damage|p2a: Kyogre|51\/100 tox|[from] psn\n|upkeep\n|turn|21\n|\n|t:|1699562407\n|move|p1a: Palkia|Spacial Rend|p2a: Kyogre\n|-damage|p2a: Kyogre|2\/100 tox\n|move|p2a: Kyogre|Thunder|p1a: Palkia\n|-damage|p1a: Palkia|36\/100\n|\n|-weather|PrimordialSea|[upkeep]\n|-damage|p2a: Kyogre|0 fnt|[from] psn\n|faint|p2a: Kyogre\n|-weather|none\n|upkeep\n|\n|t:|1699562431\n|switch|p2a: Eternatus|Eternatus|100\/100\n|-damage|p2a: Eternatus|88\/100|[from] Stealth Rock\n|-ability|p2a: Eternatus|Pressure\n|turn|22\n|\n|t:|1699562436\n|move|p2a: Eternatus|Dynamax Cannon|p1a: Palkia\n|-supereffective|p1a: Palkia\n|-damage|p1a: Palkia|0 fnt\n|faint|p1a: Palkia\n|\n|upkeep\n|\n|t:|1699562442\n|switch|p1a: Darmanitan|Darmanitan-Galar, F|100\/100\n|turn|23\n|\n|t:|1699562451\n|-terastallize|p2a: Eternatus|Fire\n|move|p1a: Darmanitan|Ice Punch|p2a: Eternatus\n|-resisted|p2a: Eternatus\n|-damage|p2a: Eternatus|60\/100\n|move|p2a: Eternatus|Flamethrower|p1a: Darmanitan\n|-supereffective|p1a: Darmanitan\n|-damage|p1a: Darmanitan|0 fnt\n|faint|p1a: Darmanitan\n|\n|upkeep\n|\n|t:|1699562461\n|switch|p1a: Chansey|Chansey, F|72\/100\n|turn|24\n|\n|t:|1699562473\n|move|p2a: Eternatus|Flamethrower|p1a: Chansey\n|-damage|p1a: Chansey|60\/100\n|move|p1a: Chansey|Toxic|p2a: Eternatus|[miss]\n|-miss|p1a: Chansey|p2a: Eternatus\n|\n|upkeep\n|turn|25\n|\n|t:|1699562479\n|move|p2a: Eternatus|Sludge Bomb|p1a: Chansey\n|-damage|p1a: Chansey|48\/100\n|move|p1a: Chansey|Wish|p1a: Chansey\n|\n|upkeep\n|turn|26\n|\n|t:|1699562486\n|move|p2a: Eternatus|Dynamax Cannon|p1a: Chansey\n|-damage|p1a: Chansey|34\/100\n|move|p1a: Chansey|Toxic|p2a: Eternatus\n|-status|p2a: Eternatus|tox\n|\n|-heal|p1a: Chansey|84\/100|[from] move: Wish|[wisher] Chansey\n|-damage|p2a: Eternatus|53\/100 tox|[from] psn\n|upkeep\n|turn|27\n|\n|t:|1699562502\n|switch|p2a: Marshadow|Marshadow|100\/100\n|-damage|p2a: Marshadow|94\/100|[from] Stealth Rock\n|move|p1a: Chansey|Seismic Toss|p2a: Marshadow\n|-immune|p2a: Marshadow\n|\n|upkeep\n|turn|28\n|\n|t:|1699562510\n|switch|p1a: Meowscarada|Meowscarada, F|100\/100\n|move|p2a: Marshadow|Close Combat|p1a: Meowscarada\n|-supereffective|p1a: Meowscarada\n|-damage|p1a: Meowscarada|0 fnt\n|-unboost|p2a: Marshadow|def|1\n|-unboost|p2a: Marshadow|spd|1\n|faint|p1a: Meowscarada\n|\n|upkeep\n|\n|t:|1699562519\n|switch|p1a: Diancie|Diancie|100\/100\n|turn|29\n|\n|t:|1699562525\n|switch|p2a: Eternatus|Eternatus, tera:Fire|53\/100 tox\n|-damage|p2a: Eternatus|29\/100 tox|[from] Stealth Rock\n|-ability|p2a: Eternatus|Pressure\n|detailschange|p1a: Diancie|Diancie-Mega\n|-mega|p1a: Diancie|Diancie|Diancite\n|move|p1a: Diancie|Moonblast|p2a: Eternatus\n|-resisted|p2a: Eternatus\n|-damage|p2a: Eternatus|13\/100 tox\n|\n|-damage|p2a: Eternatus|7\/100 tox|[from] psn\n|upkeep\n|turn|30\n|\n|t:|1699562538\n|switch|p1a: Chansey|Chansey, F|84\/100\n|move|p2a: Eternatus|Sludge Bomb|p1a: Chansey\n|-damage|p1a: Chansey|71\/100\n|-status|p1a: Chansey|psn\n|\n|-damage|p2a: Eternatus|0 fnt|[from] psn\n|faint|p2a: Eternatus\n|-damage|p1a: Chansey|59\/100 psn|[from] psn\n|upkeep\n|\n|t:|1699562540\n|switch|p2a: Marshadow|Marshadow|94\/100\n|-damage|p2a: Marshadow|88\/100|[from] Stealth Rock\n|turn|31\n|\n|t:|1699562556\n|move|p2a: Marshadow|Spectral Thief|p1a: Chansey\n|-immune|p1a: Chansey\n|move|p1a: Chansey|Toxic|p2a: Marshadow\n|-status|p2a: Marshadow|tox\n|\n|-damage|p2a: Marshadow|82\/100 tox|[from] psn\n|-damage|p1a: Chansey|46\/100 psn|[from] psn\n|upkeep\n|turn|32\n|\n|t:|1699562567\n|move|p1a: Chansey|Protect|p1a: Chansey\n|-singleturn|p1a: Chansey|Protect\n|move|p2a: Marshadow|Close Combat|p1a: Chansey\n|-activate|p1a: Chansey|move: Protect\n|\n|-damage|p2a: Marshadow|69\/100 tox|[from] psn\n|-damage|p1a: Chansey|34\/100 psn|[from] psn\n|upkeep\n|turn|33\n|\n|t:|1699562580\n|move|p1a: Chansey|Protect||[still]\n|-fail|p1a: Chansey\n|move|p2a: Marshadow|Close Combat|p1a: Chansey\n|-supereffective|p1a: Chansey\n|-damage|p1a: Chansey|0 fnt\n|-unboost|p2a: Marshadow|def|1\n|-unboost|p2a: Marshadow|spd|1\n|faint|p1a: Chansey\n|\n|-damage|p2a: Marshadow|51\/100 tox|[from] psn\n|upkeep\n|\n|t:|1699562591\n|switch|p1a: Diancie|Diancie-Mega|100\/100\n|turn|34\n|\n|t:|1699562595\n|move|p2a: Marshadow|Close Combat|p1a: Diancie\n|-damage|p1a: Diancie|25\/100\n|-unboost|p2a: Marshadow|def|1\n|-unboost|p2a: Marshadow|spd|1\n|move|p1a: Diancie|Moonblast|p2a: Marshadow\n|-supereffective|p2a: Marshadow\n|-damage|p2a: Marshadow|0 fnt\n|faint|p2a: Marshadow\n|\n|win|Pkmaster448\n|raw|Pkmaster448's rating: 1629 &rarr; <strong>1639<\/strong><br \/>(+10 for winning)\n|raw|DanTheNinja56's rating: 1431 &rarr; <strong>1421<\/strong><br \/>(-10 for losing)\n|c|\u2606DanTheNinja56|Cri ge\n|c|\u2606DanTheNinja56|Cringr\n|c|\u2606DanTheNinja56|Get good\n|c|\u2606DanTheNinja56|Loser\n|l|\u2606DanTheNinja56\n","uploadtime":1699562620,"views":11,"p1id":"pkmaster448","p2id":"dantheninja56","formatid":"gen9nationaldexubers","rating":1421,"private":0,"password":""}