{"id":"gen9nationaldexubers-2000364897","p1":"Pollylopy","p2":"CallMeWeeaboo","format":"[Gen 9] National Dex Ubers","log":"|j|\u2606Pollylopy\n|j|\u2606CallMeWeeaboo\n|t:|1701188617\n|gametype|singles\n|player|p1|Pollylopy|waitress|1148\n|player|p2|CallMeWeeaboo|melony|1230\n|teamsize|p1|6\n|teamsize|p2|6\n|gen|9\n|tier|[Gen 9] National Dex Ubers\n|rated|\n|rule|HP Percentage Mod: HP is shown in percentages\n|rule|Endless Battle Clause: Forcing endless battles is banned\n|rule|OHKO Clause: OHKO moves are banned\n|rule|Evasion Moves Clause: Evasion moves are banned\n|rule|Evasion Items Clause: Evasion items are banned\n|rule|Species Clause: Limit one of each Pok\u00e9mon\n|rule|Sleep Clause Mod: Limit one foe put to sleep\n|rule|Mega Rayquaza Clause: You cannot mega evolve Rayquaza\n|clearpoke\n|poke|p1|Dusknoir, M|\n|poke|p1|Arcanine, M|\n|poke|p1|Marowak, M|\n|poke|p1|Exeggutor-Alola, M|\n|poke|p1|Corviknight, F|\n|poke|p1|Electrode|\n|poke|p2|Manaphy|\n|poke|p2|Palafin, F|\n|poke|p2|Volcarona, F|\n|poke|p2|Ogerpon-Hearthflame, F|\n|poke|p2|Ursaluna-Bloodmoon, M|\n|poke|p2|Kartana|\n|teampreview\n|\n|t:|1701188632\n|start\n|switch|p1a: Electrode|Electrode|100\/100\n|switch|p2a: Palafin|Palafin, F|100\/100\n|turn|1\n|inactive|Battle timer is ON: inactive players will automatically lose when time's up. (requested by Pollylopy)\n|\n|t:|1701188649\n|detailschange|p2a: Palafin|Palafin-Hero, F\n|switch|p2a: Ursaluna|Ursaluna-Bloodmoon, M|100\/100\n|move|p1a: Electrode|Reflect|p1a: Electrode\n|-sidestart|p1: Pollylopy|Reflect\n|\n|upkeep\n|turn|2\n|\n|t:|1701188660\n|move|p1a: Electrode|Taunt|p2a: Ursaluna\n|-start|p2a: Ursaluna|move: Taunt\n|cant|p2a: Ursaluna|move: Taunt|Calm Mind\n|\n|upkeep\n|turn|3\n|\n|t:|1701188667\n|move|p1a: Electrode|Light Screen|p1a: Electrode\n|-sidestart|p1: Pollylopy|move: Light Screen\n|move|p2a: Ursaluna|Earth Power|p1a: Electrode\n|-supereffective|p1a: Electrode\n|-damage|p1a: Electrode|35\/100\n|\n|upkeep\n|turn|4\n|\n|t:|1701188685\n|switch|p1a: Exeggutor|Exeggutor-Alola, M|100\/100\n|move|p2a: Ursaluna|Earth Power|p1a: Exeggutor\n|-resisted|p1a: Exeggutor\n|-damage|p1a: Exeggutor|87\/100\n|\n|-end|p2a: Ursaluna|move: Taunt\n|upkeep\n|turn|5\n|\n|t:|1701188700\n|move|p2a: Ursaluna|Protect|p2a: Ursaluna\n|-singleturn|p2a: Ursaluna|Protect\n|move|p1a: Exeggutor|Giga Drain|p2a: Ursaluna\n|-activate|p2a: Ursaluna|move: Protect\n|\n|-sideend|p1: Pollylopy|Reflect\n|upkeep\n|turn|6\n|\n|t:|1701188714\n|switch|p2a: Palafin|Palafin-Hero, F|100\/100\n|-activate|p2a: Palafin|ability: Zero to Hero\n|move|p1a: Exeggutor|Dragon Tail|p2a: Palafin\n|-damage|p2a: Palafin|77\/100\n|drag|p2a: Manaphy|Manaphy|100\/100\n|\n|upkeep\n|turn|7\n|\n|t:|1701188729\n|move|p2a: Manaphy|Ice Beam|p1a: Exeggutor\n|-supereffective|p1a: Exeggutor\n|-damage|p1a: Exeggutor|28\/100\n|-enditem|p1a: Exeggutor|Sitrus Berry|[eat]\n|-heal|p1a: Exeggutor|53\/100|[from] item: Sitrus Berry\n|move|p1a: Exeggutor|Leech Seed|p2a: Manaphy\n|-start|p2a: Manaphy|move: Leech Seed\n|\n|-damage|p2a: Manaphy|88\/100|[from] Leech Seed|[of] p1a: Exeggutor\n|-heal|p1a: Exeggutor|65\/100|[silent]\n|-sideend|p1: Pollylopy|move: Light Screen\n|-item|p1a: Exeggutor|Sitrus Berry|[from] ability: Harvest\n|upkeep\n|turn|8\n|\n|t:|1701188746\n|move|p1a: Exeggutor|Protect|p1a: Exeggutor\n|-singleturn|p1a: Exeggutor|Protect\n|move|p2a: Manaphy|Ice Beam|p1a: Exeggutor\n|-activate|p1a: Exeggutor|move: Protect\n|\n|-heal|p2a: Manaphy|94\/100|[from] item: Leftovers\n|-damage|p2a: Manaphy|82\/100|[from] Leech Seed|[of] p1a: Exeggutor\n|-heal|p1a: Exeggutor|78\/100|[silent]\n|upkeep\n|turn|9\n|\n|t:|1701188770\n|switch|p1a: Corviknight|Corviknight, F|100\/100\n|move|p2a: Manaphy|Ice Beam|p1a: Corviknight\n|-damage|p1a: Corviknight|70\/100\n|\n|-heal|p2a: Manaphy|88\/100|[from] item: Leftovers\n|-heal|p1a: Corviknight|77\/100|[from] item: Leftovers\n|-damage|p2a: Manaphy|76\/100|[from] Leech Seed|[of] p1a: Corviknight\n|-heal|p1a: Corviknight|89\/100|[silent]\n|upkeep\n|turn|10\n|\n|t:|1701188787\n|switch|p2a: Kartana|Kartana|100\/100\n|move|p1a: Corviknight|Brave Bird|p2a: Kartana\n|-damage|p2a: Kartana|64\/100\n|-damage|p1a: Corviknight|81\/100|[from] Recoil\n|\n|-heal|p1a: Corviknight|88\/100|[from] item: Leftovers\n|upkeep\n|turn|11\n|inactive|Pollylopy has 120 seconds left.\n|\n|t:|1701188813\n|move|p2a: Kartana|Sacred Sword|p1a: Corviknight\n|-damage|p1a: Corviknight|64\/100\n|move|p1a: Corviknight|Brave Bird|p2a: Kartana\n|-damage|p2a: Kartana|26\/100\n|-damage|p1a: Corviknight|56\/100|[from] Recoil\n|\n|-heal|p1a: Corviknight|62\/100|[from] item: Leftovers\n|upkeep\n|turn|12\n|inactive|Pollylopy has 120 seconds left.\n|\n|t:|1701188825\n|move|p2a: Kartana|Sacred Sword|p1a: Corviknight\n|-damage|p1a: Corviknight|39\/100\n|move|p1a: Corviknight|Roost|p1a: Corviknight\n|-heal|p1a: Corviknight|89\/100\n|-singleturn|p1a: Corviknight|move: Roost\n|\n|-heal|p1a: Corviknight|95\/100|[from] item: Leftovers\n|upkeep\n|turn|13\n|inactive|Pollylopy has 120 seconds left.\n|\n|t:|1701188838\n|move|p2a: Kartana|Swords Dance|p2a: Kartana\n|-boost|p2a: Kartana|atk|2\n|move|p1a: Corviknight|Body Press|p2a: Kartana\n|-supereffective|p2a: Kartana\n|-damage|p2a: Kartana|0 fnt\n|faint|p2a: Kartana\n|\n|-heal|p1a: Corviknight|100\/100|[from] item: Leftovers\n|upkeep\n|\n|t:|1701188848\n|switch|p2a: Ogerpon|Ogerpon-Hearthflame, F|100\/100\n|-ability|p2a: Ogerpon|Mold Breaker\n|turn|14\n|inactive|Pollylopy has 120 seconds left.\n|\n|t:|1701188861\n|switch|p1a: Electrode|Electrode|35\/100\n|move|p2a: Ogerpon|Ivy Cudgel|p1a: Electrode|[anim] Ivy Cudgel Fire\n|-damage|p1a: Electrode|0 fnt\n|faint|p1a: Electrode\n|\n|upkeep\n|inactive|Pollylopy has 120 seconds left.\n|\n|t:|1701188882\n|switch|p1a: Arcanine|Arcanine, M|100\/100\n|-ability|p1a: Arcanine|Intimidate|boost\n|-unboost|p2a: Ogerpon|atk|1\n|turn|15\n|\n|t:|1701188889\n|switch|p2a: Ursaluna|Ursaluna-Bloodmoon, M|100\/100\n|move|p1a: Arcanine|Flare Blitz|p2a: Ursaluna\n|-damage|p2a: Ursaluna|66\/100\n|-damage|p1a: Arcanine|85\/100|[from] Recoil\n|\n|-heal|p2a: Ursaluna|72\/100|[from] item: Leftovers\n|upkeep\n|turn|16\n|\n|t:|1701188902\n|switch|p1a: Dusknoir|Dusknoir, M|100\/100\n|-item|p2a: Ursaluna|Leftovers|[from] ability: Frisk|[of] p1a: Dusknoir|[identify]\n|move|p2a: Ursaluna|Earth Power|p1a: Dusknoir\n|-damage|p1a: Dusknoir|67\/100\n|\n|-heal|p2a: Ursaluna|78\/100|[from] item: Leftovers\n|-heal|p1a: Dusknoir|73\/100|[from] item: Leftovers\n|upkeep\n|turn|17\n|\n|t:|1701188913\n|move|p2a: Ursaluna|Blood Moon|p1a: Dusknoir\n|-damage|p1a: Dusknoir|12\/100\n|move|p1a: Dusknoir|Trick Room|p1a: Dusknoir\n|-fieldstart|move: Trick Room|[of] p1a: Dusknoir\n|\n|-heal|p1a: Dusknoir|19\/100|[from] item: Leftovers\n|-heal|p2a: Ursaluna|84\/100|[from] item: Leftovers\n|upkeep\n|turn|18\n|\n|t:|1701188925\n|move|p1a: Dusknoir|Toxic|p2a: Ursaluna|[miss]\n|-miss|p1a: Dusknoir|p2a: Ursaluna\n|move|p2a: Ursaluna|Earth Power|p1a: Dusknoir\n|-damage|p1a: Dusknoir|0 fnt\n|faint|p1a: Dusknoir\n|\n|-heal|p2a: Ursaluna|90\/100|[from] item: Leftovers\n|upkeep\n|\n|t:|1701188939\n|switch|p1a: Exeggutor|Exeggutor-Alola, M|78\/100\n|turn|19\n|\n|t:|1701188955\n|move|p1a: Exeggutor|Giga Drain|p2a: Ursaluna\n|-supereffective|p2a: Ursaluna\n|-damage|p2a: Ursaluna|21\/100\n|-heal|p1a: Exeggutor|100\/100|[from] drain|[of] p2a: Ursaluna\n|move|p2a: Ursaluna|Blood Moon|p1a: Exeggutor\n|-damage|p1a: Exeggutor|4\/100\n|-enditem|p1a: Exeggutor|Sitrus Berry|[eat]\n|-heal|p1a: Exeggutor|28\/100|[from] item: Sitrus Berry\n|\n|-heal|p2a: Ursaluna|27\/100|[from] item: Leftovers\n|upkeep\n|turn|20\n|\n|t:|1701188969\n|move|p2a: Ursaluna|Protect|p2a: Ursaluna\n|-singleturn|p2a: Ursaluna|Protect\n|move|p1a: Exeggutor|Giga Drain|p2a: Ursaluna\n|-activate|p2a: Ursaluna|move: Protect\n|\n|-heal|p2a: Ursaluna|34\/100|[from] item: Leftovers\n|upkeep\n|turn|21\n|\n|t:|1701188978\n|move|p2a: Ursaluna|Protect||[still]\n|-fail|p2a: Ursaluna\n|move|p1a: Exeggutor|Leech Seed|p2a: Ursaluna\n|-start|p2a: Ursaluna|move: Leech Seed\n|\n|-heal|p2a: Ursaluna|40\/100|[from] item: Leftovers\n|-damage|p2a: Ursaluna|27\/100|[from] Leech Seed|[of] p1a: Exeggutor\n|-heal|p1a: Exeggutor|42\/100|[silent]\n|-fieldend|move: Trick Room\n|-item|p1a: Exeggutor|Sitrus Berry|[from] ability: Harvest\n|upkeep\n|-enditem|p1a: Exeggutor|Sitrus Berry|[eat]\n|-heal|p1a: Exeggutor|67\/100|[from] item: Sitrus Berry\n|turn|22\n|\n|t:|1701188992\n|move|p1a: Exeggutor|Protect|p1a: Exeggutor\n|-singleturn|p1a: Exeggutor|Protect\n|move|p2a: Ursaluna|Blood Moon|p1a: Exeggutor\n|-activate|p1a: Exeggutor|move: Protect\n|\n|-heal|p2a: Ursaluna|33\/100|[from] item: Leftovers\n|-damage|p2a: Ursaluna|21\/100|[from] Leech Seed|[of] p1a: Exeggutor\n|-heal|p1a: Exeggutor|80\/100|[silent]\n|-item|p1a: Exeggutor|Sitrus Berry|[from] ability: Harvest\n|upkeep\n|turn|23\n|\n|t:|1701189011\n|move|p2a: Ursaluna|Calm Mind|p2a: Ursaluna\n|-boost|p2a: Ursaluna|spa|1\n|-boost|p2a: Ursaluna|spd|1\n|move|p1a: Exeggutor|Giga Drain|p2a: Ursaluna\n|-supereffective|p2a: Ursaluna\n|-damage|p2a: Ursaluna|0 fnt\n|-heal|p1a: Exeggutor|91\/100|[from] drain|[of] p2a: Ursaluna\n|faint|p2a: Ursaluna\n|\n|upkeep\n|\n|t:|1701189020\n|switch|p2a: Palafin|Palafin-Hero, F|77\/100\n|turn|24\n|\n|t:|1701189026\n|move|p1a: Exeggutor|Protect|p1a: Exeggutor\n|-singleturn|p1a: Exeggutor|Protect\n|move|p2a: Palafin|Ice Punch|p1a: Exeggutor\n|-activate|p1a: Exeggutor|move: Protect\n|\n|upkeep\n|turn|25\n|\n|t:|1701189041\n|switch|p1a: Arcanine|Arcanine, M|85\/100\n|-ability|p1a: Arcanine|Intimidate|boost\n|-unboost|p2a: Palafin|atk|1\n|move|p2a: Palafin|Ice Punch|p1a: Arcanine\n|-resisted|p1a: Arcanine\n|-damage|p1a: Arcanine|67\/100\n|\n|upkeep\n|turn|26\n|\n|t:|1701189055\n|switch|p2a: Manaphy|Manaphy|76\/100\n|switch|p1a: Exeggutor|Exeggutor-Alola, M|91\/100\n|\n|-heal|p2a: Manaphy|82\/100|[from] item: Leftovers\n|upkeep\n|turn|27\n|\n|t:|1701189074\n|switch|p1a: Corviknight|Corviknight, F|100\/100\n|move|p2a: Manaphy|Ice Beam|p1a: Corviknight\n|-damage|p1a: Corviknight|72\/100\n|\n|-heal|p2a: Manaphy|88\/100|[from] item: Leftovers\n|-heal|p1a: Corviknight|79\/100|[from] item: Leftovers\n|upkeep\n|turn|28\n|\n|t:|1701189084\n|move|p2a: Manaphy|Tail Glow|p2a: Manaphy\n|-boost|p2a: Manaphy|spa|3\n|move|p1a: Corviknight|Brave Bird|p2a: Manaphy\n|-damage|p2a: Manaphy|55\/100\n|-damage|p1a: Corviknight|67\/100|[from] Recoil\n|\n|-heal|p2a: Manaphy|61\/100|[from] item: Leftovers\n|-heal|p1a: Corviknight|74\/100|[from] item: Leftovers\n|upkeep\n|turn|29\n|\n|t:|1701189098\n|move|p2a: Manaphy|Scald|p1a: Corviknight\n|-damage|p1a: Corviknight|0 fnt\n|faint|p1a: Corviknight\n|\n|-heal|p2a: Manaphy|67\/100|[from] item: Leftovers\n|upkeep\n|\n|t:|1701189105\n|switch|p1a: Exeggutor|Exeggutor-Alola, M|91\/100\n|turn|30\n|\n|t:|1701189111\n|-terastallize|p1a: Exeggutor|Fire\n|move|p2a: Manaphy|Ice Beam|p1a: Exeggutor\n|-resisted|p1a: Exeggutor\n|-damage|p1a: Exeggutor|52\/100\n|-status|p1a: Exeggutor|frz\n|cant|p1a: Exeggutor|frz\n|\n|-heal|p2a: Manaphy|73\/100|[from] item: Leftovers\n|upkeep\n|turn|31\n|\n|t:|1701189127\n|move|p2a: Manaphy|Scald|p1a: Exeggutor\n|-supereffective|p1a: Exeggutor\n|-damage|p1a: Exeggutor|0 fnt\n|faint|p1a: Exeggutor\n|\n|-heal|p2a: Manaphy|79\/100|[from] item: Leftovers\n|upkeep\n|-message|Pollylopy forfeited.\n|\n|win|CallMeWeeaboo\n|raw|Pollylopy's rating: 1148 &rarr; <strong>1129<\/strong><br \/>(-19 for losing)\n|raw|CallMeWeeaboo's rating: 1230 &rarr; <strong>1249<\/strong><br \/>(+19 for winning)\n|l|\u2606Pollylopy\n|c|\u2606CallMeWeeaboo|gg\n","uploadtime":1701189148,"views":20,"p1id":"pollylopy","p2id":"callmeweeaboo","formatid":"gen9nationaldexubers","rating":1129,"private":0,"password":""}