{"id":"gen9nationaldexubers-1978596473","p1":"karma_akuma","p2":"Bow2urKing","format":"[Gen 9] National Dex Ubers","log":"|j|\u2606karma_akuma\n|j|\u2606Bow2urKing\n|t:|1698563187\n|gametype|singles\n|player|p1|karma_akuma|leon|1121\n|player|p2|Bow2urKing|ghetsis-gen5bw|1014\n|teamsize|p1|6\n|teamsize|p2|6\n|gen|9\n|tier|[Gen 9] National Dex Ubers\n|rated|\n|rule|HP Percentage Mod: HP is shown in percentages\n|rule|Endless Battle Clause: Forcing endless battles is banned\n|rule|OHKO Clause: OHKO moves are banned\n|rule|Evasion Moves Clause: Evasion moves are banned\n|rule|Evasion Items Clause: Evasion items are banned\n|rule|Species Clause: Limit one of each Pok\u00e9mon\n|rule|Sleep Clause Mod: Limit one foe put to sleep\n|rule|Mega Rayquaza Clause: You cannot mega evolve Rayquaza\n|clearpoke\n|poke|p1|Cinderace, M|\n|poke|p1|Quaquaval, M|\n|poke|p1|Exeggutor, F|\n|poke|p1|Zeraora|\n|poke|p1|Salamence, F|\n|poke|p1|Regice|\n|poke|p2|Pincurchin, M|\n|poke|p2|Raichu-Alola, F|\n|poke|p2|Magneton|\n|poke|p2|Iron Valiant|\n|poke|p2|Dondozo, M|\n|poke|p2|Rillaboom, F|\n|teampreview\n|c|\u2606karma_akuma|Glhf\n|\n|t:|1698563214\n|start\n|switch|p1a: Exeggutor|Exeggutor, F|100\/100\n|switch|p2a: Pincurchin|Pincurchin, M|100\/100\n|-fieldstart|move: Electric Terrain|[from] ability: Electric Surge|[of] p2a: Pincurchin\n|turn|1\n|\n|t:|1698563224\n|move|p1a: Exeggutor|Calm Mind|p1a: Exeggutor\n|-boost|p1a: Exeggutor|spa|1\n|-boost|p1a: Exeggutor|spd|1\n|move|p2a: Pincurchin|Spikes|p1a: Exeggutor\n|-sidestart|p1: karma_akuma|Spikes\n|\n|upkeep\n|turn|2\n|\n|t:|1698563231\n|move|p1a: Exeggutor|Calm Mind|p1a: Exeggutor\n|-boost|p1a: Exeggutor|spa|1\n|-boost|p1a: Exeggutor|spd|1\n|move|p2a: Pincurchin|Spikes|p1a: Exeggutor\n|-sidestart|p1: karma_akuma|Spikes\n|\n|upkeep\n|turn|3\n|\n|t:|1698563237\n|move|p1a: Exeggutor|Curse|p1a: Exeggutor\n|-unboost|p1a: Exeggutor|spe|1\n|-boost|p1a: Exeggutor|atk|1\n|-boost|p1a: Exeggutor|def|1\n|move|p2a: Pincurchin|Spikes|p1a: Exeggutor\n|-sidestart|p1: karma_akuma|Spikes\n|\n|upkeep\n|turn|4\n|\n|t:|1698563250\n|switch|p2a: Magneton|Magneton|100\/100\n|move|p1a: Exeggutor|Curse|p1a: Exeggutor\n|-unboost|p1a: Exeggutor|spe|1\n|-boost|p1a: Exeggutor|atk|1\n|-boost|p1a: Exeggutor|def|1\n|\n|upkeep\n|turn|5\n|\n|t:|1698563262\n|move|p2a: Magneton|Thunder Wave|p1a: Exeggutor\n|-status|p1a: Exeggutor|par\n|move|p1a: Exeggutor|Calm Mind|p1a: Exeggutor\n|-boost|p1a: Exeggutor|spa|1\n|-boost|p1a: Exeggutor|spd|1\n|\n|upkeep\n|turn|6\n|\n|t:|1698563270\n|move|p2a: Magneton|Reflect|p2a: Magneton\n|-sidestart|p2: Bow2urKing|Reflect\n|move|p1a: Exeggutor|Calm Mind|p1a: Exeggutor\n|-boost|p1a: Exeggutor|spa|1\n|-boost|p1a: Exeggutor|spd|1\n|\n|upkeep\n|turn|7\n|\n|t:|1698563289\n|switch|p2a: Rillaboom|Rillaboom, F|100\/100\n|-fieldstart|move: Grassy Terrain|[from] ability: Grassy Surge|[of] p2a: Rillaboom\n|move|p1a: Exeggutor|Energy Ball|p2a: Rillaboom\n|-resisted|p2a: Rillaboom\n|-damage|p2a: Rillaboom|0 fnt\n|faint|p2a: Rillaboom\n|\n|upkeep\n|\n|t:|1698563299\n|switch|p2a: Pincurchin|Pincurchin, M|100\/100\n|-fieldstart|move: Electric Terrain|[from] ability: Electric Surge|[of] p2a: Pincurchin\n|turn|8\n|\n|t:|1698563308\n|move|p2a: Pincurchin|Thunderbolt|p1a: Exeggutor\n|-resisted|p1a: Exeggutor\n|-damage|p1a: Exeggutor|91\/100 par\n|cant|p1a: Exeggutor|par\n|\n|upkeep\n|turn|9\n|\n|t:|1698563314\n|move|p2a: Pincurchin|Thunderbolt|p1a: Exeggutor\n|-resisted|p1a: Exeggutor\n|-damage|p1a: Exeggutor|81\/100 par\n|move|p1a: Exeggutor|Energy Ball|p2a: Pincurchin\n|-damage|p2a: Pincurchin|0 fnt\n|faint|p2a: Pincurchin\n|\n|upkeep\n|\n|t:|1698563328\n|switch|p2a: Raichu|Raichu-Alola, F|100\/100\n|turn|10\n|\n|t:|1698563337\n|move|p2a: Raichu|Volt Switch|p1a: Exeggutor\n|-resisted|p1a: Exeggutor\n|-damage|p1a: Exeggutor|73\/100 par\n|-damage|p2a: Raichu|91\/100|[from] item: Life Orb\n|\n|t:|1698563341\n|switch|p2a: Magneton|Magneton|100\/100|[from] Volt Switch\n|cant|p1a: Exeggutor|par\n|\n|-sideend|p2: Bow2urKing|Reflect\n|upkeep\n|turn|11\n|\n|t:|1698563349\n|move|p2a: Magneton|Light Screen|p2a: Magneton\n|-sidestart|p2: Bow2urKing|move: Light Screen\n|cant|p1a: Exeggutor|par\n|\n|upkeep\n|turn|12\n|\n|t:|1698563355\n|move|p2a: Magneton|Thunderbolt|p1a: Exeggutor\n|-resisted|p1a: Exeggutor\n|-crit|p1a: Exeggutor\n|-damage|p1a: Exeggutor|37\/100 par\n|move|p1a: Exeggutor|Energy Ball|p2a: Magneton\n|-resisted|p2a: Magneton\n|-damage|p2a: Magneton|66\/100\n|\n|upkeep\n|turn|13\n|\n|t:|1698563364\n|move|p2a: Magneton|Thunderbolt|p1a: Exeggutor\n|-resisted|p1a: Exeggutor\n|-damage|p1a: Exeggutor|28\/100 par\n|move|p1a: Exeggutor|Energy Ball|p2a: Magneton\n|-resisted|p2a: Magneton\n|-damage|p2a: Magneton|26\/100\n|\n|upkeep\n|turn|14\n|\n|t:|1698563373\n|move|p2a: Magneton|Thunderbolt|p1a: Exeggutor\n|-resisted|p1a: Exeggutor\n|-damage|p1a: Exeggutor|20\/100 par\n|-enditem|p1a: Exeggutor|Aguav Berry|[eat]\n|-heal|p1a: Exeggutor|53\/100 par|[from] item: Aguav Berry\n|move|p1a: Exeggutor|Energy Ball|p2a: Magneton\n|-resisted|p2a: Magneton\n|-damage|p2a: Magneton|0 fnt\n|faint|p2a: Magneton\n|\n|-item|p1a: Exeggutor|Aguav Berry|[from] ability: Harvest\n|upkeep\n|\n|t:|1698563386\n|switch|p2a: Iron Valiant|Iron Valiant|100\/100\n|-activate|p2a: Iron Valiant|ability: Quark Drive\n|-start|p2a: Iron Valiant|quarkdrivespe\n|turn|15\n|\n|t:|1698563396\n|move|p2a: Iron Valiant|Swords Dance|p2a: Iron Valiant\n|-boost|p2a: Iron Valiant|atk|2\n|move|p1a: Exeggutor|Extrasensory|p2a: Iron Valiant\n|-supereffective|p2a: Iron Valiant\n|-damage|p2a: Iron Valiant|0 fnt\n|faint|p2a: Iron Valiant\n|-end|p2a: Iron Valiant|Quark Drive|[silent]\n|\n|-sideend|p2: Bow2urKing|move: Light Screen\n|-fieldend|move: Electric Terrain\n|upkeep\n|\n|t:|1698563405\n|switch|p2a: Dondozo|Dondozo, M|100\/100\n|turn|16\n|\n|t:|1698563417\n|-terastallize|p2a: Dondozo|Grass\n|move|p2a: Dondozo|Liquidation|p1a: Exeggutor\n|-resisted|p1a: Exeggutor\n|-damage|p1a: Exeggutor|38\/100 par\n|move|p1a: Exeggutor|Energy Ball|p2a: Dondozo\n|-resisted|p2a: Dondozo\n|-damage|p2a: Dondozo|75\/100\n|\n|upkeep\n|turn|17\n|\n|t:|1698563428\n|move|p2a: Dondozo|Curse|p2a: Dondozo\n|-unboost|p2a: Dondozo|spe|1\n|-boost|p2a: Dondozo|atk|1\n|-boost|p2a: Dondozo|def|1\n|move|p1a: Exeggutor|Extrasensory|p2a: Dondozo\n|-damage|p2a: Dondozo|33\/100\n|\n|upkeep\n|turn|18\n|\n|t:|1698563437\n|move|p2a: Dondozo|Curse|p2a: Dondozo\n|-unboost|p2a: Dondozo|spe|1\n|-boost|p2a: Dondozo|atk|1\n|-boost|p2a: Dondozo|def|1\n|move|p1a: Exeggutor|Extrasensory|p2a: Dondozo\n|-damage|p2a: Dondozo|0 fnt\n|faint|p2a: Dondozo\n|\n|upkeep\n|\n|t:|1698563447\n|switch|p2a: Raichu|Raichu-Alola, F|91\/100\n|turn|19\n|\n|t:|1698563453\n|move|p2a: Raichu|Psychic|p1a: Exeggutor\n|-resisted|p1a: Exeggutor\n|-damage|p1a: Exeggutor|30\/100 par\n|-damage|p2a: Raichu|81\/100|[from] item: Life Orb\n|move|p1a: Exeggutor|Energy Ball|p2a: Raichu\n|-damage|p2a: Raichu|0 fnt\n|faint|p2a: Raichu\n|\n|win|karma_akuma\n|raw|karma_akuma's rating: 1121 &rarr; <strong>1139<\/strong><br \/>(+18 for winning)\n|raw|Bow2urKing's rating: 1014 &rarr; <strong>1006<\/strong><br \/>(-8 for losing)\n|c|\u2606karma_akuma|Gg\n","uploadtime":1698563463,"views":14,"p1id":"karmaakuma","p2id":"bow2urking","formatid":"gen9nationaldexubers","rating":1006,"private":0,"password":""}