{"id":"gen9nationaldexubers-1978947325","p1":"kingcyo","p2":"lrcanassa","format":"[Gen 9] National Dex Ubers","log":"|j|\u2606kingcyo\n|j|\u2606lrcanassa\n|t:|1698613389\n|gametype|singles\n|player|p1|kingcyo|266|1310\n|player|p2|lrcanassa|wattson|1262\n|teamsize|p1|6\n|teamsize|p2|6\n|gen|9\n|tier|[Gen 9] National Dex Ubers\n|rated|\n|rule|HP Percentage Mod: HP is shown in percentages\n|rule|Endless Battle Clause: Forcing endless battles is banned\n|rule|OHKO Clause: OHKO moves are banned\n|rule|Evasion Moves Clause: Evasion moves are banned\n|rule|Evasion Items Clause: Evasion items are banned\n|rule|Species Clause: Limit one of each Pok\u00e9mon\n|rule|Sleep Clause Mod: Limit one foe put to sleep\n|rule|Mega Rayquaza Clause: You cannot mega evolve Rayquaza\n|clearpoke\n|poke|p1|Necrozma-Dusk-Mane|\n|poke|p1|Groudon|\n|poke|p1|Zamazenta-*|\n|poke|p1|Kyogre|\n|poke|p1|Yveltal|\n|poke|p1|Kyurem-Black|\n|poke|p2|Mamoswine, F|\n|poke|p2|Groudon|\n|poke|p2|Drifblim, M|\n|poke|p2|Rotom-Wash|\n|poke|p2|Ferrothorn, F|\n|poke|p2|Sneasler, F|\n|teampreview\n|inactive|Battle timer is ON: inactive players will automatically lose when time's up. (requested by lrcanassa)\n|inactive|kingcyo has 120 seconds left.\n|inactive|kingcyo has 90 seconds left.\n|\n|t:|1698613464\n|start\n|switch|p1a: Groudon|Groudon|100\/100\n|switch|p2a: Ferrothorn|Ferrothorn, F|100\/100\n|detailschange|p1a: Groudon|Groudon-Primal\n|-primal|p1a: Groudon|Red Orb\n|-weather|DesolateLand|[from] ability: Desolate Land|[of] p1a: Groudon\n|turn|1\n|\n|t:|1698613476\n|move|p1a: Groudon|Swords Dance|p1a: Groudon\n|-boost|p1a: Groudon|atk|2\n|move|p2a: Ferrothorn|Power Whip|p1a: Groudon\n|-damage|p1a: Groudon|49\/100\n|\n|-weather|DesolateLand|[upkeep]\n|upkeep\n|turn|2\n|\n|t:|1698613481\n|switch|p2a: Drifblim|Drifblim, M|100\/100\n|move|p1a: Groudon|Precipice Blades|p2a: Drifblim\n|-immune|p2a: Drifblim\n|\n|-weather|DesolateLand|[upkeep]\n|upkeep\n|turn|3\n|\n|t:|1698613490\n|move|p2a: Drifblim|Calm Mind|p2a: Drifblim\n|-boost|p2a: Drifblim|spa|1\n|-boost|p2a: Drifblim|spd|1\n|move|p1a: Groudon|Rock Tomb|p2a: Drifblim\n|-supereffective|p2a: Drifblim\n|-enditem|p2a: Drifblim|Focus Sash\n|-damage|p2a: Drifblim|1\/100\n|-unboost|p2a: Drifblim|spe|1\n|\n|-weather|DesolateLand|[upkeep]\n|upkeep\n|turn|4\n|\n|t:|1698613498\n|move|p2a: Drifblim|Shadow Ball|p1a: Groudon\n|-crit|p1a: Groudon\n|-damage|p1a: Groudon|0 fnt\n|faint|p1a: Groudon\n|-weather|none\n|\n|upkeep\n|inactive|kingcyo has 120 seconds left.\n|\n|t:|1698613534\n|switch|p1a: Yveltal|Yveltal|100\/100\n|-ability|p1a: Yveltal|Dark Aura\n|turn|5\n|\n|t:|1698613542\n|move|p2a: Drifblim|Destiny Bond|p2a: Drifblim\n|-singlemove|p2a: Drifblim|Destiny Bond\n|move|p1a: Yveltal|Knock Off|p2a: Drifblim\n|-supereffective|p2a: Drifblim\n|-damage|p2a: Drifblim|0 fnt\n|faint|p2a: Drifblim\n|-activate|p2a: Drifblim|move: Destiny Bond\n|faint|p1a: Yveltal\n|\n|upkeep\n|inactive|kingcyo has 120 seconds left.\n|\n|t:|1698613577\n|switch|p1a: Kyogre|Kyogre|100\/100\n|switch|p2a: Ferrothorn|Ferrothorn, F|100\/100\n|detailschange|p1a: Kyogre|Kyogre-Primal\n|-primal|p1a: Kyogre|Blue Orb\n|-weather|PrimordialSea|[from] ability: Primordial Sea|[of] p1a: Kyogre\n|turn|6\n|\n|t:|1698613586\n|-weather|none\n|switch|p1a: Zamazenta|Zamazenta-Crowned|100\/100\n|-ability|p1a: Zamazenta|Dauntless Shield|boost\n|-boost|p1a: Zamazenta|def|1\n|move|p2a: Ferrothorn|Power Whip|p1a: Zamazenta|[miss]\n|-miss|p2a: Ferrothorn|p1a: Zamazenta\n|\n|upkeep\n|turn|7\n|\n|t:|1698613593\n|switch|p2a: Rotom|Rotom-Wash|100\/100\n|move|p1a: Zamazenta|Howl|p1a: Zamazenta\n|-boost|p1a: Zamazenta|atk|1\n|\n|upkeep\n|turn|8\n|inactive|kingcyo has 120 seconds left.\n|\n|t:|1698613603\n|move|p2a: Rotom|Will-O-Wisp|p1a: Zamazenta|[miss]\n|-miss|p2a: Rotom|p1a: Zamazenta\n|move|p1a: Zamazenta|Close Combat|p2a: Rotom\n|-damage|p2a: Rotom|7\/100\n|-unboost|p1a: Zamazenta|def|1\n|-unboost|p1a: Zamazenta|spd|1\n|\n|-heal|p2a: Rotom|13\/100|[from] item: Leftovers\n|upkeep\n|turn|9\n|\n|t:|1698613611\n|move|p2a: Rotom|Will-O-Wisp|p1a: Zamazenta\n|-status|p1a: Zamazenta|brn\n|move|p1a: Zamazenta|Close Combat|p2a: Rotom\n|-damage|p2a: Rotom|0 fnt\n|-unboost|p1a: Zamazenta|def|1\n|-unboost|p1a: Zamazenta|spd|1\n|faint|p2a: Rotom\n|\n|-damage|p1a: Zamazenta|94\/100 brn|[from] brn\n|upkeep\n|\n|t:|1698613620\n|switch|p2a: Mamoswine|Mamoswine, F|100\/100\n|turn|10\n|\n|t:|1698613625\n|move|p1a: Zamazenta|Close Combat|p2a: Mamoswine\n|-supereffective|p2a: Mamoswine\n|-damage|p2a: Mamoswine|16\/100\n|-unboost|p1a: Zamazenta|def|1\n|-unboost|p1a: Zamazenta|spd|1\n|move|p2a: Mamoswine|Earthquake|p1a: Zamazenta\n|-supereffective|p1a: Zamazenta\n|-damage|p1a: Zamazenta|0 fnt\n|faint|p1a: Zamazenta\n|\n|upkeep\n|\n|t:|1698613631\n|switch|p1a: Necrozma|Necrozma-Dusk-Mane|100\/100\n|turn|11\n|\n|t:|1698613652\n|move|p1a: Necrozma|Swords Dance|p1a: Necrozma\n|-boost|p1a: Necrozma|atk|2\n|move|p2a: Mamoswine|Earthquake|p1a: Necrozma\n|-supereffective|p1a: Necrozma\n|-damage|p1a: Necrozma|27\/100\n|\n|upkeep\n|turn|12\n|\n|t:|1698613659\n|detailschange|p1a: Necrozma|Necrozma-Ultra\n|-burst|p1a: Necrozma|Necrozma|Ultranecrozium Z\n|move|p1a: Necrozma|Photon Geyser|p2a: Mamoswine\n|-damage|p2a: Mamoswine|0 fnt\n|faint|p2a: Mamoswine\n|\n|upkeep\n|\n|t:|1698613663\n|switch|p2a: Ferrothorn|Ferrothorn, F|100\/100\n|turn|13\n|\n|t:|1698613671\n|-zpower|p1a: Necrozma\n|move|p1a: Necrozma|Light That Burns the Sky|p2a: Ferrothorn|[zeffect]\n|-resisted|p2a: Ferrothorn\n|-damage|p2a: Ferrothorn|0 fnt\n|faint|p2a: Ferrothorn\n|\n|upkeep\n|\n|t:|1698613675\n|switch|p2a: Sneasler|Sneasler, F|100\/100\n|turn|14\n|\n|t:|1698613678\n|move|p1a: Necrozma|Photon Geyser|p2a: Sneasler\n|-supereffective|p2a: Sneasler\n|-damage|p2a: Sneasler|0 fnt\n|faint|p2a: Sneasler\n|\n|upkeep\n|\n|t:|1698613681\n|switch|p2a: Groudon|Groudon|100\/100\n|detailschange|p2a: Groudon|Groudon-Primal\n|-primal|p2a: Groudon|Red Orb\n|-weather|DesolateLand|[from] ability: Desolate Land|[of] p2a: Groudon\n|turn|15\n|\n|t:|1698613684\n|move|p1a: Necrozma|Earthquake|p2a: Groudon\n|-supereffective|p2a: Groudon\n|-damage|p2a: Groudon|0 fnt\n|faint|p2a: Groudon\n|-weather|none\n|\n|win|kingcyo\n|raw|kingcyo's rating: 1310 &rarr; <strong>1327<\/strong><br \/>(+17 for winning)\n|raw|lrcanassa's rating: 1262 &rarr; <strong>1240<\/strong><br \/>(-22 for losing)\n","uploadtime":1698613689,"views":12,"p1id":"kingcyo","p2id":"lrcanassa","formatid":"gen9nationaldexubers","rating":1240,"private":0,"password":""}