{"id":"gen9nationaldexubers-1988178171","p1":"Just B3A$T","p2":"ANinjaDude","format":"[Gen 9] National Dex Ubers","log":"|j|\u2606Just B3A$T\n|j|\u2606ANinjaDude\n|t:|1699680168\n|gametype|singles\n|player|p1|Just B3A$T|dawn|\n|player|p2|ANinjaDude|volkner|\n|teamsize|p1|6\n|teamsize|p2|6\n|gen|9\n|tier|[Gen 9] National Dex Ubers\n|rule|HP Percentage Mod: HP is shown in percentages\n|rule|Endless Battle Clause: Forcing endless battles is banned\n|rule|OHKO Clause: OHKO moves are banned\n|rule|Evasion Moves Clause: Evasion moves are banned\n|rule|Evasion Items Clause: Evasion items are banned\n|rule|Species Clause: Limit one of each Pok\u00e9mon\n|rule|Sleep Clause Mod: Limit one foe put to sleep\n|rule|Mega Rayquaza Clause: You cannot mega evolve Rayquaza\n|clearpoke\n|poke|p1|Ogerpon-Wellspring, F|\n|poke|p1|Gallade, M|\n|poke|p1|Dragapult, M|\n|poke|p1|Heatran, M|\n|poke|p1|Ting-Lu|\n|poke|p1|Rotom-Fan|\n|poke|p2|Landorus-Therian, M|\n|poke|p2|Celesteela|\n|poke|p2|Thundurus-Therian, M|\n|poke|p2|Dragonite, M|\n|poke|p2|Shaymin-Sky|\n|poke|p2|Iron Valiant|\n|teampreview\n|inactive|Battle timer is ON: inactive players will automatically lose when time's up. (requested by Just B3A$T)\n|inactive|ANinjaDude also wants the timer to be on.\n|c|\u2606ANinjaDude|i have a different team this time\n|c|\u2606Just B3A$T|IVal now?\n|c|\u2606Just B3A$T|scary\n|c|\u2606Just B3A$T|guessing this is a boom Lando too\n|c|\u2606ANinjaDude|perhaps\n|inactive|Just B3A$T has 270 seconds left.\n|c|\u2606ANinjaDude|perhaps not\n|\n|t:|1699680203\n|start\n|switch|p1a: Steampunk|Heatran, M|100\/100\n|switch|p2a: Landorus|Landorus-Therian, M|100\/100\n|-ability|p2a: Landorus|Intimidate|boost\n|-unboost|p1a: Steampunk|atk|1\n|-item|p1a: Steampunk|Air Balloon\n|turn|1\n|c|\u2606ANinjaDude|you will never know\n|\n|t:|1699680215\n|move|p2a: Landorus|Imprison|p2a: Landorus\n|-start|p2a: Landorus|move: Imprison\n|move|p1a: Steampunk|Will-O-Wisp|p2a: Landorus\n|-status|p2a: Landorus|brn\n|\n|-damage|p2a: Landorus|95\/100 brn|[from] brn\n|upkeep\n|turn|2\n|\n|t:|1699680220\n|move|p2a: Landorus|Stealth Rock|p1a: Steampunk\n|-sidestart|p1: Just B3A$T|move: Stealth Rock\n|move|p1a: Steampunk|Taunt|p2a: Landorus\n|-start|p2a: Landorus|move: Taunt\n|\n|-damage|p2a: Landorus|89\/100 brn|[from] brn\n|upkeep\n|turn|3\n|\n|t:|1699680228\n|move|p2a: Landorus|Knock Off|p1a: Steampunk\n|-damage|p1a: Steampunk|85\/100\n|-enditem|p1a: Steampunk|Air Balloon\n|move|p1a: Steampunk|Lava Plume|p2a: Landorus\n|-damage|p2a: Landorus|44\/100 brn\n|\n|-damage|p2a: Landorus|38\/100 brn|[from] brn\n|upkeep\n|turn|4\n|c|\u2606Just B3A$T|go on\n|\n|t:|1699680237\n|move|p2a: Landorus|Knock Off|p1a: Steampunk\n|-damage|p1a: Steampunk|75\/100\n|move|p1a: Steampunk|Lava Plume|p2a: Landorus\n|-damage|p2a: Landorus|0 fnt\n|faint|p2a: Landorus\n|\n|upkeep\n|c|\u2606Just B3A$T|Explode\n|c|\u2606Just B3A$T|ok\n|c|\u2606ANinjaDude|i had swapped to no boom lol\n|c|\u2606ANinjaDude|just to mess with your mind\n|c|\u2606Just B3A$T|pain\n|\n|t:|1699680263\n|switch|p2a: Thundurus|Thundurus-Therian, M|100\/100\n|turn|5\n|\n|t:|1699680269\n|move|p2a: Thundurus|Substitute|p2a: Thundurus\n|-start|p2a: Thundurus|Substitute\n|-damage|p2a: Thundurus|76\/100\n|move|p1a: Steampunk|Lava Plume|p2a: Thundurus\n|-end|p2a: Thundurus|Substitute\n|\n|upkeep\n|turn|6\n|\n|t:|1699680275\n|move|p2a: Thundurus|Thunderbolt|p1a: Steampunk\n|-damage|p1a: Steampunk|39\/100\n|move|p1a: Steampunk|Lava Plume|p2a: Thundurus\n|-damage|p2a: Thundurus|26\/100\n|\n|upkeep\n|turn|7\n|\n|t:|1699680281\n|move|p2a: Thundurus|Thunderbolt|p1a: Steampunk\n|-damage|p1a: Steampunk|5\/100\n|move|p1a: Steampunk|Lava Plume|p2a: Thundurus\n|-damage|p2a: Thundurus|0 fnt\n|faint|p2a: Thundurus\n|\n|upkeep\n|\n|t:|1699680284\n|switch|p2a: Celesteela|Celesteela|100\/100\n|turn|8\n|c|\u2606Just B3A$T|Tran is doing work\n|\n|t:|1699680290\n|-terastallize|p2a: Celesteela|Dragon\n|move|p2a: Celesteela|Autotomize|p2a: Celesteela\n|-boost|p2a: Celesteela|spe|2\n|-start|p2a: Celesteela|Autotomize\n|move|p1a: Steampunk|Lava Plume|p2a: Celesteela\n|-resisted|p2a: Celesteela\n|-damage|p2a: Celesteela|83\/100\n|-status|p2a: Celesteela|brn\n|\n|-damage|p2a: Celesteela|77\/100 brn|[from] brn\n|upkeep\n|turn|9\n|\n|t:|1699680296\n|move|p2a: Celesteela|Air Slash|p1a: Steampunk\n|-resisted|p1a: Steampunk\n|-damage|p1a: Steampunk|0 fnt\n|faint|p1a: Steampunk\n|-ability|p2a: Celesteela|Beast Boost|boost\n|-boost|p2a: Celesteela|spa|1\n|\n|-damage|p2a: Celesteela|71\/100 brn|[from] brn\n|upkeep\n|\n|t:|1699680302\n|switch|p1a: cauldron bull|Ting-Lu|100\/100\n|-damage|p1a: cauldron bull|94\/100|[from] Stealth Rock\n|-ability|p1a: cauldron bull|Vessel of Ruin\n|turn|10\n|c|\u2606ANinjaDude|now it's the steela show though\n|\n|t:|1699680308\n|move|p2a: Celesteela|Air Slash|p1a: cauldron bull|[miss]\n|-miss|p2a: Celesteela|p1a: cauldron bull\n|move|p1a: cauldron bull|Whirlwind|p2a: Celesteela\n|drag|p2a: Dragonite|Dragonite, M|100\/100\n|\n|upkeep\n|turn|11\n|c|\u2606ANinjaDude|or i miss\n|c|\u2606ANinjaDude|unfort\n|\n|t:|1699680318\n|move|p2a: Dragonite|Earthquake|p1a: cauldron bull\n|-damage|p1a: cauldron bull|79\/100\n|move|p1a: cauldron bull|Stealth Rock|p2a: Dragonite\n|-sidestart|p2: ANinjaDude|move: Stealth Rock\n|\n|upkeep\n|turn|12\n|j| AlolanSandslashOU\n|c|\u2606Just B3A$T|I had Whirlwind anyway\n|\n|t:|1699680325\n|move|p2a: Dragonite|Earthquake|p1a: cauldron bull\n|-damage|p1a: cauldron bull|63\/100\n|move|p1a: cauldron bull|Ruination|p2a: Dragonite\n|-damage|p2a: Dragonite|51\/100\n|\n|upkeep\n|turn|13\n|c| AlolanSandslashOU|I'm next\n|\n|t:|1699680330\n|move|p2a: Dragonite|Dragon Dance|p2a: Dragonite\n|-boost|p2a: Dragonite|atk|1\n|-boost|p2a: Dragonite|spe|1\n|move|p1a: cauldron bull|Whirlwind|p2a: Dragonite\n|drag|p2a: Iron Valiant|Iron Valiant|100\/100\n|-damage|p2a: Iron Valiant|94\/100|[from] Stealth Rock\n|-enditem|p2a: Iron Valiant|Booster Energy\n|-activate|p2a: Iron Valiant|ability: Quark Drive|[fromitem]\n|-start|p2a: Iron Valiant|quarkdrivespe\n|\n|upkeep\n|turn|14\n|\n|t:|1699680336\n|move|p2a: Iron Valiant|Moonblast|p1a: cauldron bull\n|-supereffective|p1a: cauldron bull\n|-crit|p1a: cauldron bull\n|-damage|p1a: cauldron bull|0 fnt\n|faint|p1a: cauldron bull\n|\n|upkeep\n|l| AlolanSandslashOU\n|c|\u2606ANinjaDude|crit mattered\n|c|\u2606Just B3A$T|definitely mattered\n|c|\u2606Just B3A$T|dammit\n|c|\u2606ANinjaDude|we both immediately said it mattered lol\n|\n|t:|1699680354\n|switch|p1a: spinner!!!|Rotom-Fan|100\/100\n|turn|15\n|\n|t:|1699680359\n|move|p2a: Iron Valiant|Moonblast|p1a: spinner!!!\n|-damage|p1a: spinner!!!|51\/100\n|-unboost|p1a: spinner!!!|spa|1\n|move|p1a: spinner!!!|Pain Split|p2a: Iron Valiant\n|-sethp|p2a: Iron Valiant|74\/100|[from] move: Pain Split|[silent]\n|-sethp|p1a: spinner!!!|70\/100|[from] move: Pain Split\n|\n|upkeep\n|turn|16\n|c|\u2606ANinjaDude|this is not a spinner\n|\n|t:|1699680365\n|move|p2a: Iron Valiant|Encore|p1a: spinner!!!\n|-start|p1a: spinner!!!|Encore\n|move|p1a: spinner!!!|Pain Split|p2a: Iron Valiant\n|-sethp|p2a: Iron Valiant|74\/100|[from] move: Pain Split|[silent]\n|-sethp|p1a: spinner!!!|70\/100|[from] move: Pain Split\n|\n|upkeep\n|turn|17\n|\n|t:|1699680372\n|move|p2a: Iron Valiant|Calm Mind|p2a: Iron Valiant\n|-boost|p2a: Iron Valiant|spa|1\n|-boost|p2a: Iron Valiant|spd|1\n|move|p1a: spinner!!!|Pain Split|p2a: Iron Valiant\n|-sethp|p2a: Iron Valiant|74\/100|[from] move: Pain Split|[silent]\n|-sethp|p1a: spinner!!!|70\/100|[from] move: Pain Split\n|\n|upkeep\n|turn|18\n|\n|t:|1699680374\n|switch|p1a: Ronin|Gallade, M, shiny|100\/100\n|-damage|p1a: Ronin|94\/100|[from] Stealth Rock\n|move|p2a: Iron Valiant|Calm Mind|p2a: Iron Valiant\n|-boost|p2a: Iron Valiant|spa|1\n|-boost|p2a: Iron Valiant|spd|1\n|\n|upkeep\n|turn|19\n|c|\u2606Just B3A$T|OI OI OI\n|c|\u2606ANinjaDude|you like the tech?\n|\n|t:|1699680389\n|detailschange|p1a: Ronin|Gallade-Mega, M, shiny\n|-mega|p1a: Ronin|Gallade|Galladite\n|move|p1a: Ronin|Shadow Sneak|p2a: Iron Valiant\n|-damage|p2a: Iron Valiant|51\/100\n|move|p2a: Iron Valiant|Moonblast|p1a: Ronin\n|-supereffective|p1a: Ronin\n|-damage|p1a: Ronin|0 fnt\n|faint|p1a: Ronin\n|\n|upkeep\n|\n|t:|1699680396\n|switch|p1a: spinner!!!|Rotom-Fan|70\/100\n|turn|20\n|\n|t:|1699680400\n|move|p2a: Iron Valiant|Moonblast|p1a: spinner!!!\n|-damage|p1a: spinner!!!|0 fnt\n|faint|p1a: spinner!!!\n|\n|upkeep\n|\n|t:|1699680404\n|switch|p1a: It's Oger For You!|Ogerpon-Wellspring, F|100\/100\n|-damage|p1a: It's Oger For You!|88\/100|[from] Stealth Rock\n|turn|21\n|\n|t:|1699680407\n|-terastallize|p1a: It's Oger For You!|Water\n|detailschange|p1a: It's Oger For You!|Ogerpon-Wellspring-Tera, F, tera:Water\n|-ability|p1a: It's Oger For You!|Embody Aspect (Wellspring)|boost\n|-boost|p1a: It's Oger For You!|spd|1\n|move|p2a: Iron Valiant|Moonblast|p1a: It's Oger For You!\n|-damage|p1a: It's Oger For You!|14\/100\n|move|p1a: It's Oger For You!|Ivy Cudgel|p2a: Iron Valiant\n|-damage|p2a: Iron Valiant|0 fnt\n|faint|p2a: Iron Valiant\n|-end|p2a: Iron Valiant|Quark Drive|[silent]\n|\n|upkeep\n|\n|t:|1699680411\n|switch|p2a: Dragonite|Dragonite, M|51\/100\n|turn|22\n|\n|t:|1699680417\n|switch|p1a: child exploiter|Dragapult, M, shiny|100\/100\n|-damage|p1a: child exploiter|88\/100|[from] Stealth Rock\n|move|p2a: Dragonite|Extreme Speed|p1a: child exploiter\n|-immune|p1a: child exploiter\n|\n|upkeep\n|turn|23\n|\n|t:|1699680420\n|move|p1a: child exploiter|Shadow Ball|p2a: Dragonite\n|-damage|p2a: Dragonite|0 fnt\n|faint|p2a: Dragonite\n|\n|upkeep\n|\n|t:|1699680423\n|switch|p2a: Celesteela|Celesteela, tera:Dragon|71\/100 brn\n|-damage|p2a: Celesteela|59\/100 brn|[from] Stealth Rock\n|turn|24\n|\n|t:|1699680431\n|move|p1a: child exploiter|Shadow Ball|p2a: Celesteela\n|-damage|p2a: Celesteela|6\/100 brn\n|-unboost|p2a: Celesteela|spd|1\n|move|p2a: Celesteela|Autotomize|p2a: Celesteela\n|-boost|p2a: Celesteela|spe|2\n|-start|p2a: Celesteela|Autotomize\n|\n|-damage|p2a: Celesteela|0 fnt|[from] brn\n|faint|p2a: Celesteela\n|upkeep\n|\n|t:|1699680434\n|switch|p2a: Shaymin|Shaymin-Sky|100\/100\n|-damage|p2a: Shaymin|76\/100|[from] Stealth Rock\n|turn|25\n|c|\u2606Just B3A$T|I just might win\n|c|\u2606Just B3A$T|who knows?\n|c|\u2606Just B3A$T|or not\n|c|\u2606ANinjaDude|we will see\n|\n|t:|1699680447\n|switch|p1a: It's Oger For You!|Ogerpon-Wellspring-Tera, F, tera:Water|14\/100\n|-damage|p1a: It's Oger For You!|2\/100|[from] Stealth Rock\n|-ability|p1a: It's Oger For You!|Embody Aspect (Wellspring)|boost\n|-boost|p1a: It's Oger For You!|spd|1\n|move|p2a: Shaymin|Air Slash|p1a: It's Oger For You!\n|-damage|p1a: It's Oger For You!|0 fnt\n|faint|p1a: It's Oger For You!\n|\n|upkeep\n|\n|t:|1699680449\n|switch|p1a: child exploiter|Dragapult, M, shiny|88\/100\n|-damage|p1a: child exploiter|76\/100|[from] Stealth Rock\n|turn|26\n|\n|t:|1699680452\n|move|p2a: Shaymin|Air Slash|p1a: child exploiter\n|-damage|p1a: child exploiter|26\/100\n|move|p1a: child exploiter|Thunderbolt|p2a: Shaymin\n|-damage|p2a: Shaymin|29\/100\n|\n|upkeep\n|turn|27\n|c|\u2606ANinjaDude|ggs\n|c|\u2606Just B3A$T|should've Meteored\n|c|\u2606Just B3A$T|dammit\n|c|\u2606Just B3A$T|Gg\n|c|\u2606ANinjaDude|whatever happens, happens\n|c|\u2606Just B3A$T|unless this misses\n|c|\u2606ANinjaDude|WHY DIDNT YOU DRACO\n|\n|t:|1699680475\n|move|p2a: Shaymin|Air Slash|p1a: child exploiter\n|-damage|p1a: child exploiter|0 fnt\n|faint|p1a: child exploiter\n|\n|win|ANinjaDude\n","uploadtime":1699680480,"views":6,"p1id":"justb3at","p2id":"aninjadude","formatid":"gen9nationaldexubers","rating":0,"private":0,"password":""}