{"id":"gen9nationaldexubers-1981043624","p1":"Yannix BP","p2":"HuTao619","format":"[Gen 9] National Dex Ubers","log":"|j|\u2606Yannix BP\n|j|\u2606HuTao619\n|t:|1698859132\n|gametype|singles\n|player|p1|Yannix BP|hilbert|\n|player|p2|HuTao619|jupiter|\n|teamsize|p1|3\n|teamsize|p2|3\n|gen|9\n|tier|[Gen 9] National Dex Ubers\n|rule|HP Percentage Mod: HP is shown in percentages\n|rule|Endless Battle Clause: Forcing endless battles is banned\n|rule|OHKO Clause: OHKO moves are banned\n|rule|Evasion Moves Clause: Evasion moves are banned\n|rule|Evasion Items Clause: Evasion items are banned\n|rule|Species Clause: Limit one of each Pok\u00e9mon\n|rule|Sleep Clause Mod: Limit one foe put to sleep\n|rule|Mega Rayquaza Clause: You cannot mega evolve Rayquaza\n|clearpoke\n|poke|p1|Deerling, L15, F|\n|poke|p1|Grookey, L15, F|\n|poke|p1|Lombre, L15, F|\n|poke|p2|Lillipup, L15, F|\n|poke|p2|Snorunt, L15, F|\n|poke|p2|Joltik, L15, F|\n|teampreview\n|\n|t:|1698859143\n|start\n|switch|p1a: Deerling|Deerling, L15, F|100\/100\n|switch|p2a: Lillipup|Lillipup, L15, F|100\/100\n|turn|1\n|\n|t:|1698859154\n|move|p1a: Deerling|Headbutt|p2a: Lillipup\n|-damage|p2a: Lillipup|37\/100\n|move|p2a: Lillipup|Ice Fang|p1a: Deerling\n|-supereffective|p1a: Deerling\n|-damage|p1a: Deerling|54\/100\n|\n|upkeep\n|turn|2\n|\n|t:|1698859166\n|move|p1a: Deerling|Headbutt|p2a: Lillipup\n|-damage|p2a: Lillipup|0 fnt\n|faint|p2a: Lillipup\n|\n|upkeep\n|\n|t:|1698859172\n|switch|p2a: Snorunt|Snorunt, L15, F|100\/100\n|turn|3\n|\n|t:|1698859185\n|move|p1a: Deerling|Leech Seed|p2a: Snorunt\n|-start|p2a: Snorunt|move: Leech Seed\n|move|p2a: Snorunt|Frost Breath|p1a: Deerling\n|-supereffective|p1a: Deerling\n|-crit|p1a: Deerling\n|-damage|p1a: Deerling|0 fnt\n|faint|p1a: Deerling\n|\n|upkeep\n|\n|t:|1698859194\n|switch|p1a: Grookey|Grookey, L15, F|100\/100\n|-fieldstart|move: Grassy Terrain|[from] ability: Grassy Surge|[of] p1a: Grookey\n|turn|4\n|\n|t:|1698859224\n|move|p1a: Grookey|Knock Off|p2a: Snorunt\n|-damage|p2a: Snorunt|44\/100\n|-enditem|p2a: Snorunt|Never-Melt Ice|[from] move: Knock Off|[of] p1a: Grookey\n|move|p2a: Snorunt|Frost Breath|p1a: Grookey\n|-supereffective|p1a: Grookey\n|-crit|p1a: Grookey\n|-damage|p1a: Grookey|0 fnt\n|faint|p1a: Grookey\n|\n|-heal|p2a: Snorunt|48\/100|[from] Grassy Terrain\n|upkeep\n|\n|t:|1698859240\n|switch|p1a: Lombre|Lombre, L15, F|100\/100\n|turn|5\n|\n|t:|1698859281\n|move|p1a: Lombre|Rain Dance|p1a: Lombre\n|-weather|RainDance\n|move|p2a: Snorunt|Frost Breath|p1a: Lombre\n|-crit|p1a: Lombre\n|-damage|p1a: Lombre|49\/100\n|\n|-weather|RainDance|[upkeep]\n|-heal|p1a: Lombre|54\/100|[from] Grassy Terrain\n|-heal|p2a: Snorunt|53\/100|[from] Grassy Terrain\n|-damage|p2a: Snorunt|41\/100|[from] Leech Seed|[of] p1a: Lombre\n|-heal|p1a: Lombre|64\/100|[silent]\n|upkeep\n|turn|6\n|\n|t:|1698859291\n|move|p1a: Lombre|Magical Leaf|p2a: Snorunt\n|-damage|p2a: Snorunt|0 fnt\n|faint|p2a: Snorunt\n|\n|-weather|RainDance|[upkeep]\n|-heal|p1a: Lombre|69\/100|[from] Grassy Terrain\n|upkeep\n|\n|t:|1698859321\n|switch|p2a: Joltik|Joltik, L15, F|100\/100\n|turn|7\n|\n|t:|1698859339\n|move|p1a: Lombre|Water Pulse|p2a: Joltik\n|-damage|p2a: Joltik|5\/100\n|move|p2a: Joltik|Struggle Bug|p1a: Lombre\n|-supereffective|p1a: Lombre\n|-damage|p1a: Lombre|0 fnt\n|faint|p1a: Lombre\n|\n|win|HuTao619\n","uploadtime":1698859351,"views":6,"p1id":"yannixbp","p2id":"hutao619","formatid":"gen9nationaldexubers","rating":0,"private":0,"password":""}