{"id":"gen9nationaldexubers-1986739661","p1":"Just B3A$T","p2":"XX_1nfinity_XX","format":"[Gen 9] National Dex Ubers","log":"|j|\u2606Just B3A$T\n|j|\u2606XX_1nfinity_XX\n|t:|1699517318\n|gametype|singles\n|player|p1|Just B3A$T|noland|\n|player|p2|XX_1nfinity_XX|steven|\n|teamsize|p1|6\n|teamsize|p2|6\n|gen|9\n|tier|[Gen 9] National Dex Ubers\n|rule|HP Percentage Mod: HP is shown in percentages\n|rule|Endless Battle Clause: Forcing endless battles is banned\n|rule|OHKO Clause: OHKO moves are banned\n|rule|Evasion Moves Clause: Evasion moves are banned\n|rule|Evasion Items Clause: Evasion items are banned\n|rule|Species Clause: Limit one of each Pok\u00e9mon\n|rule|Sleep Clause Mod: Limit one foe put to sleep\n|rule|Mega Rayquaza Clause: You cannot mega evolve Rayquaza\n|clearpoke\n|poke|p1|Iron Valiant|\n|poke|p1|Gholdengo|\n|poke|p1|Sableye, M|\n|poke|p1|Conkeldurr, M|\n|poke|p1|Zapdos|\n|poke|p1|Toxapex, F|\n|poke|p2|Flutter Mane|\n|poke|p2|Skeledirge, M|\n|poke|p2|Golurk|\n|poke|p2|Corsola-Galar, F|\n|poke|p2|Sableye, F|\n|poke|p2|Mandibuzz, F|\n|teampreview\n|inactive|Battle timer is ON: inactive players will automatically lose when time's up. (requested by XX_1nfinity_XX)\n|inactive|Just B3A$T also wants the timer to be on.\n|c|\u2606Just B3A$T|I need to win this no matter what\n|c|\u2606XX_1nfinity_XX|nuh uh\n|c|\u2606Just B3A$T|every other gym's fucking tough\n|c|\u2606Just B3A$T|this is the only one I have hope in\n|c|\u2606Just B3A$T|!!!\n|inactive|Just B3A$T has 270 seconds left.\n|\n|t:|1699517351\n|start\n|switch|p1a: bolt beak!!!|Zapdos|100\/100\n|switch|p2a: Corsola|Corsola-Galar, F|100\/100\n|turn|1\n|j| AlolanSandslashOU\n|\n|t:|1699517357\n|move|p1a: bolt beak!!!|Discharge|p2a: Corsola\n|-damage|p2a: Corsola|83\/100\n|-status|p2a: Corsola|par\n|-start|p1a: bolt beak!!!|Disable|Discharge|[from] ability: Cursed Body|[of] p2a: Corsola\n|move|p2a: Corsola|Night Shade|p1a: bolt beak!!!\n|-damage|p1a: bolt beak!!!|74\/100\n|\n|upkeep\n|turn|2\n|c| AlolanSandslashOU|Can I spectate or nah\n|c|\u2606XX_1nfinity_XX|ok\n|\n|t:|1699517364\n|move|p1a: bolt beak!!!|Volt Switch|p2a: Corsola\n|-damage|p2a: Corsola|66\/100 par\n|\n|t:|1699517367\n|switch|p1a: Fear|Sableye, M|100\/100|[from] Volt Switch\n|move|p2a: Corsola|Night Shade|p1a: Fear\n|-damage|p1a: Fear|68\/100\n|\n|upkeep\n|turn|3\n|\n|t:|1699517376\n|switch|p2a: Sableye|Sableye, F|100\/100\n|move|p1a: Fear|Hex|p2a: Sableye\n|-damage|p2a: Sableye|84\/100\n|\n|upkeep\n|turn|4\n|\n|t:|1699517384\n|detailschange|p2a: Sableye|Sableye-Mega, F\n|-mega|p2a: Sableye|Sableye|Sablenite\n|move|p1a: Fear|Recover|p1a: Fear\n|-heal|p1a: Fear|100\/100\n|move|p2a: Sableye|Knock Off|p1a: Fear\n|-damage|p1a: Fear|83\/100\n|\n|upkeep\n|turn|5\n|\n|t:|1699517389\n|move|p1a: Fear|Thunder Wave|p2a: Sableye\n|move|p2a: Sableye|Thunder Wave|p1a: Fear|[from]ability: Magic Bounce\n|-status|p1a: Fear|par\n|move|p2a: Sableye|Knock Off|p1a: Fear\n|-damage|p1a: Fear|62\/100 par\n|\n|upkeep\n|turn|6\n|c|\u2606Just B3A$T|braincells\n|c|\u2606XX_1nfinity_XX|huh?\n|c| AlolanSandslashOU|You moron\n|\n|t:|1699517402\n|switch|p1a: bolt beak!!!|Zapdos|74\/100\n|move|p2a: Sableye|Knock Off|p1a: bolt beak!!!\n|-damage|p1a: bolt beak!!!|52\/100\n|-enditem|p1a: bolt beak!!!|Heavy-Duty Boots|[from] move: Knock Off|[of] p2a: Sableye\n|\n|upkeep\n|turn|7\n|\n|t:|1699517411\n|switch|p2a: Golurk|Golurk|100\/100\n|move|p1a: bolt beak!!!|Hurricane|p2a: Golurk\n|-damage|p2a: Golurk|41\/100\n|-start|p2a: Golurk|confusion\n|\n|-heal|p2a: Golurk|47\/100|[from] item: Leftovers\n|upkeep\n|turn|8\n|c|\u2606XX_1nfinity_XX|ahh yes hurricane hiting+confusion\n|\n|t:|1699517434\n|switch|p2a: Corsola|Corsola-Galar, F|66\/100 par\n|move|p1a: bolt beak!!!|Hurricane|p2a: Corsola\n|-damage|p2a: Corsola|41\/100 par\n|-start|p2a: Corsola|confusion\n|\n|upkeep\n|turn|9\n|\n|t:|1699517441\n|move|p1a: bolt beak!!!|Volt Switch|p2a: Corsola\n|-damage|p2a: Corsola|25\/100 par\n|\n|t:|1699517442\n|switch|p1a: Fear|Sableye, M|62\/100 par|[from] Volt Switch\n|-activate|p2a: Corsola|confusion\n|move|p2a: Corsola|Strength Sap|p1a: Fear\n|-unboost|p1a: Fear|atk|1\n|-heal|p2a: Corsola|68\/100 par\n|\n|upkeep\n|turn|10\n|\n|t:|1699517449\n|switch|p2a: Sableye|Sableye-Mega, F|84\/100\n|cant|p1a: Fear|par\n|\n|upkeep\n|turn|11\n|\n|t:|1699517452\n|cant|p1a: Fear|par\n|move|p2a: Sableye|Knock Off|p1a: Fear\n|-damage|p1a: Fear|43\/100 par\n|\n|upkeep\n|turn|12\n|\n|t:|1699517456\n|move|p1a: Fear|Recover|p1a: Fear\n|-heal|p1a: Fear|93\/100 par\n|move|p2a: Sableye|Knock Off|p1a: Fear\n|-damage|p1a: Fear|74\/100 par\n|\n|upkeep\n|turn|13\n|\n|t:|1699517460\n|switch|p1a: bolt beak!!!|Zapdos|52\/100\n|move|p2a: Sableye|Knock Off|p1a: bolt beak!!!\n|-damage|p1a: bolt beak!!!|35\/100\n|\n|upkeep\n|turn|14\n|\n|t:|1699517463\n|move|p1a: bolt beak!!!|Hurricane|p2a: Sableye\n|-damage|p2a: Sableye|46\/100\n|move|p2a: Sableye|Will-O-Wisp|p1a: bolt beak!!!\n|-status|p1a: bolt beak!!!|brn\n|\n|-damage|p1a: bolt beak!!!|29\/100 brn|[from] brn\n|upkeep\n|turn|15\n|\n|t:|1699517466\n|move|p1a: bolt beak!!!|Hurricane|p2a: Sableye\n|-damage|p2a: Sableye|9\/100\n|move|p2a: Sableye|Recover|p2a: Sableye\n|-heal|p2a: Sableye|59\/100\n|\n|-damage|p1a: bolt beak!!!|23\/100 brn|[from] brn\n|upkeep\n|turn|16\n|\n|t:|1699517472\n|move|p1a: bolt beak!!!|Hurricane|p2a: Sableye|[miss]\n|-miss|p1a: bolt beak!!!|p2a: Sableye\n|move|p2a: Sableye|Recover|p2a: Sableye\n|-heal|p2a: Sableye|100\/100\n|\n|-damage|p1a: bolt beak!!!|16\/100 brn|[from] brn\n|upkeep\n|turn|17\n|\n|t:|1699517478\n|switch|p2a: Flutter Mane|Flutter Mane|100\/100\n|move|p1a: bolt beak!!!|Discharge|p2a: Flutter Mane\n|-damage|p2a: Flutter Mane|66\/100\n|-status|p2a: Flutter Mane|par\n|\n|-damage|p1a: bolt beak!!!|10\/100 brn|[from] brn\n|upkeep\n|turn|18\n|c|\u2606XX_1nfinity_XX|dude fr\n|\n|t:|1699517484\n|move|p1a: bolt beak!!!|Hurricane|p2a: Flutter Mane\n|-damage|p2a: Flutter Mane|16\/100 par\n|move|p2a: Flutter Mane|Substitute|p2a: Flutter Mane\n|-fail|p2a: Flutter Mane|move: Substitute|[weak]\n|\n|-damage|p1a: bolt beak!!!|4\/100 brn|[from] brn\n|upkeep\n|turn|19\n|\n|t:|1699517494\n|-end|p2a: Flutter Mane|Protosynthesis|[silent]\n|switch|p2a: Sableye|Sableye-Mega, F|100\/100\n|move|p1a: bolt beak!!!|Volt Switch|p2a: Sableye\n|-damage|p2a: Sableye|79\/100\n|c|\u2606Just B3A$T|this is my EVERYTHING\n|\n|t:|1699517504\n|switch|p1a: Fear|Sableye, M|74\/100 par|[from] Volt Switch\n|\n|upkeep\n|turn|20\n|\n|t:|1699517507\n|move|p2a: Sableye|Knock Off|p1a: Fear\n|-crit|p1a: Fear\n|-damage|p1a: Fear|44\/100 par\n|move|p1a: Fear|Hex|p2a: Sableye\n|-damage|p2a: Sableye|66\/100\n|\n|upkeep\n|turn|21\n|\n|t:|1699517516\n|cant|p1a: Fear|par\n|move|p2a: Sableye|Recover|p2a: Sableye\n|-heal|p2a: Sableye|100\/100\n|\n|upkeep\n|turn|22\n|\n|t:|1699517518\n|move|p1a: Fear|Recover|p1a: Fear\n|-heal|p1a: Fear|94\/100 par\n|move|p2a: Sableye|Knock Off|p1a: Fear\n|-damage|p1a: Fear|73\/100 par\n|\n|upkeep\n|turn|23\n|\n|t:|1699517521\n|move|p2a: Sableye|Knock Off|p1a: Fear\n|-damage|p1a: Fear|55\/100 par\n|cant|p1a: Fear|par\n|\n|upkeep\n|turn|24\n|\n|t:|1699517524\n|move|p1a: Fear|Recover|p1a: Fear\n|-heal|p1a: Fear|100\/100 par\n|move|p2a: Sableye|Knock Off|p1a: Fear\n|-damage|p1a: Fear|81\/100 par\n|\n|upkeep\n|turn|25\n|\n|t:|1699517534\n|switch|p2a: Mandibuzz|Mandibuzz, F|100\/100\n|move|p1a: Fear|Hex|p2a: Mandibuzz\n|-resisted|p2a: Mandibuzz\n|-damage|p2a: Mandibuzz|94\/100\n|\n|upkeep\n|turn|26\n|\n|t:|1699517538\n|switch|p2a: Golurk|Golurk|47\/100\n|move|p1a: Fear|Thunder Wave|p2a: Golurk\n|-immune|p2a: Golurk\n|\n|-heal|p2a: Golurk|53\/100|[from] item: Leftovers\n|upkeep\n|turn|27\n|\n|t:|1699517541\n|move|p1a: Fear|Will-O-Wisp|p2a: Golurk\n|-status|p2a: Golurk|brn\n|move|p2a: Golurk|Rock Polish|p2a: Golurk\n|-boost|p2a: Golurk|spe|2\n|\n|-heal|p2a: Golurk|59\/100 brn|[from] item: Leftovers\n|-damage|p2a: Golurk|53\/100 brn|[from] brn\n|upkeep\n|turn|28\n|\n|t:|1699517546\n|move|p2a: Golurk|Poltergeist|p1a: Fear\n|-activate|p1a: Fear|move: Poltergeist|Sablenite\n|-damage|p1a: Fear|51\/100 par\n|move|p1a: Fear|Hex|p2a: Golurk\n|-supereffective|p2a: Golurk\n|-damage|p2a: Golurk|0 fnt\n|faint|p2a: Golurk\n|\n|upkeep\n|\n|t:|1699517554\n|switch|p2a: Sableye|Sableye-Mega, F|100\/100\n|turn|29\n|\n|t:|1699517559\n|move|p1a: Fear|Recover|p1a: Fear\n|-heal|p1a: Fear|100\/100 par\n|move|p2a: Sableye|Knock Off|p1a: Fear\n|-damage|p1a: Fear|80\/100 par\n|\n|upkeep\n|turn|30\n|c| AlolanSandslashOU|Insane no mega yet\n|\n|t:|1699517566\n|move|p2a: Sableye|Knock Off|p1a: Fear\n|-damage|p1a: Fear|61\/100 par\n|move|p1a: Fear|Hex|p2a: Sableye\n|-damage|p2a: Sableye|87\/100\n|\n|upkeep\n|turn|31\n|\n|t:|1699517575\n|switch|p2a: Mandibuzz|Mandibuzz, F|94\/100\n|switch|p1a: pest|Toxapex, F|100\/100\n|\n|upkeep\n|turn|32\n|\n|t:|1699517582\n|switch|p2a: Sableye|Sableye-Mega, F|87\/100\n|move|p1a: pest|Knock Off|p2a: Sableye\n|-damage|p2a: Sableye|77\/100\n|\n|upkeep\n|turn|33\n|\n|t:|1699517585\n|move|p1a: pest|Knock Off|p2a: Sableye\n|-damage|p2a: Sableye|67\/100\n|move|p2a: Sableye|Knock Off|p1a: pest\n|-damage|p1a: pest|82\/100\n|-enditem|p1a: pest|Black Sludge|[from] move: Knock Off|[of] p2a: Sableye\n|\n|upkeep\n|turn|34\n|\n|t:|1699517589\n|move|p1a: pest|Knock Off|p2a: Sableye\n|-damage|p2a: Sableye|57\/100\n|move|p2a: Sableye|Thunder Wave|p1a: pest\n|-status|p1a: pest|par\n|\n|upkeep\n|turn|35\n|\n|t:|1699517592\n|move|p2a: Sableye|Recover|p2a: Sableye\n|-heal|p2a: Sableye|100\/100\n|cant|p1a: pest|par\n|\n|upkeep\n|turn|36\n|\n|t:|1699517596\n|move|p2a: Sableye|Knock Off|p1a: pest\n|-damage|p1a: pest|69\/100 par\n|move|p1a: pest|Knock Off|p2a: Sableye\n|-damage|p2a: Sableye|91\/100\n|\n|upkeep\n|turn|37\n|\n|t:|1699517601\n|switch|p2a: Corsola|Corsola-Galar, F|68\/100 par\n|cant|p1a: pest|par\n|\n|upkeep\n|turn|38\n|\n|t:|1699517605\n|move|p1a: pest|Knock Off|p2a: Corsola\n|-supereffective|p2a: Corsola\n|-damage|p2a: Corsola|46\/100 par\n|-enditem|p2a: Corsola|Eviolite|[from] move: Knock Off|[of] p1a: pest\n|cant|p2a: Corsola|par\n|\n|upkeep\n|turn|39\n|\n|t:|1699517608\n|move|p1a: pest|Knock Off|p2a: Corsola\n|-supereffective|p2a: Corsola\n|-damage|p2a: Corsola|24\/100 par\n|cant|p2a: Corsola|par\n|\n|upkeep\n|turn|40\n|\n|t:|1699517612\n|cant|p1a: pest|par\n|move|p2a: Corsola|Strength Sap|p1a: pest\n|-unboost|p1a: pest|atk|1\n|-heal|p2a: Corsola|75\/100 par\n|\n|upkeep\n|turn|41\n|c| AlolanSandslashOU|It\u2019s the iconic double status\n|\n|t:|1699517616\n|move|p1a: pest|Knock Off|p2a: Corsola\n|-supereffective|p2a: Corsola\n|-damage|p2a: Corsola|61\/100 par\n|-start|p1a: pest|Disable|Knock Off|[from] ability: Cursed Body|[of] p2a: Corsola\n|move|p2a: Corsola|Night Shade|p1a: pest\n|-damage|p1a: pest|36\/100 par\n|\n|upkeep\n|turn|42\n|\n|t:|1699517622\n|switch|p1a: bolt beak!!!|Zapdos|4\/100 brn\n|move|p2a: Corsola|Night Shade|p1a: bolt beak!!!\n|-damage|p1a: bolt beak!!!|0 fnt\n|faint|p1a: bolt beak!!!\n|\n|upkeep\n|\n|t:|1699517630\n|switch|p1a: Profit!|Gholdengo|100\/100\n|-item|p1a: Profit!|Air Balloon\n|turn|43\n|c|\u2606XX_1nfinity_XX|only difference i am getting haxed\n|\n|t:|1699517633\n|move|p1a: Profit!|Shadow Ball|p2a: Corsola\n|-supereffective|p2a: Corsola\n|-damage|p2a: Corsola|0 fnt\n|faint|p2a: Corsola\n|\n|upkeep\n|\n|t:|1699517639\n|switch|p2a: Sableye|Sableye-Mega, F|91\/100\n|turn|44\n|\n|t:|1699517643\n|switch|p1a: Fear|Sableye, M|61\/100 par\n|move|p2a: Sableye|Knock Off|p1a: Fear\n|-damage|p1a: Fear|42\/100 par\n|\n|upkeep\n|turn|45\n|\n|t:|1699517650\n|move|p2a: Sableye|Knock Off|p1a: Fear\n|-damage|p1a: Fear|24\/100 par\n|cant|p1a: Fear|par\n|\n|upkeep\n|turn|46\n|c|\u2606Just B3A$T|so am I\n|c|\u2606XX_1nfinity_XX|stay para\n|\n|t:|1699517663\n|move|p1a: Fear|Recover|p1a: Fear\n|-heal|p1a: Fear|74\/100 par\n|move|p2a: Sableye|Knock Off|p1a: Fear\n|-damage|p1a: Fear|55\/100 par\n|\n|upkeep\n|turn|47\n|c|\u2606Just B3A$T|all the paras I got were Discharge ones\n|c|\u2606Just B3A$T|30% is high\n|c|\u2606Just B3A$T|af\n|\n|t:|1699517680\n|switch|p2a: Flutter Mane|Flutter Mane|16\/100 par\n|move|p1a: Fear|Recover|p1a: Fear\n|-heal|p1a: Fear|100\/100 par\n|\n|upkeep\n|turn|48\n|c|\u2606XX_1nfinity_XX|if you think 30% is high you got lucky with not missing hurricane\n|\n|t:|1699517705\n|move|p2a: Flutter Mane|Moonblast|p1a: Fear\n|-supereffective|p1a: Fear\n|-damage|p1a: Fear|0 fnt\n|faint|p1a: Fear\n|\n|upkeep\n|\n|t:|1699517711\n|switch|p1a: pest|Toxapex, F|69\/100 par\n|turn|49\n|\n|t:|1699517713\n|move|p2a: Flutter Mane|Hex|p1a: pest\n|-damage|p1a: pest|10\/100 par\n|move|p1a: pest|Knock Off|p2a: Flutter Mane\n|-damage|p2a: Flutter Mane|0 fnt\n|faint|p2a: Flutter Mane\n|-end|p2a: Flutter Mane|Protosynthesis|[silent]\n|\n|upkeep\n|\n|t:|1699517717\n|switch|p2a: Skeledirge|Skeledirge, M|100\/100\n|turn|50\n|c|\u2606Just B3A$T|tryr\n|c|\u2606Just B3A$T|*true\n|\n|t:|1699517724\n|switch|p1a: Test Your Might!|Conkeldurr, M|100\/100\n|move|p2a: Skeledirge|Torch Song|p1a: Test Your Might!\n|-damage|p1a: Test Your Might!|77\/100\n|-boost|p2a: Skeledirge|spa|1\n|\n|upkeep\n|turn|51\n|\n|t:|1699517729\n|move|p2a: Skeledirge|Will-O-Wisp|p1a: Test Your Might!\n|-status|p1a: Test Your Might!|brn\n|move|p1a: Test Your Might!|Knock Off|p2a: Skeledirge\n|-supereffective|p2a: Skeledirge\n|-damage|p2a: Skeledirge|69\/100\n|-enditem|p2a: Skeledirge|Heavy-Duty Boots|[from] move: Knock Off|[of] p1a: Test Your Might!\n|\n|-damage|p1a: Test Your Might!|71\/100 brn|[from] brn\n|upkeep\n|turn|52\n|\n|t:|1699517735\n|move|p2a: Skeledirge|Torch Song|p1a: Test Your Might!\n|-damage|p1a: Test Your Might!|34\/100 brn\n|-boost|p2a: Skeledirge|spa|1\n|move|p1a: Test Your Might!|Thunder Punch|p2a: Skeledirge\n|-damage|p2a: Skeledirge|53\/100\n|\n|-damage|p1a: Test Your Might!|28\/100 brn|[from] brn\n|upkeep\n|turn|53\n|\n|t:|1699517740\n|move|p2a: Skeledirge|Slack Off|p2a: Skeledirge\n|-heal|p2a: Skeledirge|100\/100\n|move|p1a: Test Your Might!|Thunder Punch|p2a: Skeledirge\n|-damage|p2a: Skeledirge|84\/100\n|\n|-damage|p1a: Test Your Might!|22\/100 brn|[from] brn\n|upkeep\n|turn|54\n|\n|t:|1699517742\n|move|p2a: Skeledirge|Hex|p1a: Test Your Might!\n|-damage|p1a: Test Your Might!|0 fnt\n|faint|p1a: Test Your Might!\n|\n|upkeep\n|\n|t:|1699517749\n|switch|p1a: Profit!|Gholdengo|100\/100\n|-item|p1a: Profit!|Air Balloon\n|turn|55\n|c| AlolanSandslashOU|It\u2019s probably joever\n|\n|t:|1699517754\n|-terastallize|p1a: Profit!|Water\n|-terastallize|p2a: Skeledirge|Fairy\n|move|p1a: Profit!|Nasty Plot|p1a: Profit!\n|-boost|p1a: Profit!|spa|2\n|move|p2a: Skeledirge|Torch Song|p1a: Profit!\n|-resisted|p1a: Profit!\n|-damage|p1a: Profit!|74\/100\n|-boost|p2a: Skeledirge|spa|1\n|-enditem|p1a: Profit!|Air Balloon\n|\n|upkeep\n|turn|56\n|\n|t:|1699517760\n|move|p1a: Profit!|Make It Rain|p2a: Skeledirge\n|-supereffective|p2a: Skeledirge\n|-damage|p2a: Skeledirge|0 fnt\n|-unboost|p1a: Profit!|spa|1\n|faint|p2a: Skeledirge\n|\n|upkeep\n|c|\u2606Just B3A$T|no\n|\n|t:|1699517764\n|switch|p2a: Sableye|Sableye-Mega, F|91\/100\n|turn|57\n|c|\u2606Just B3A$T|never\n|c|\u2606Just B3A$T|NEVER\n|\n|t:|1699517769\n|move|p1a: Profit!|Make It Rain|p2a: Sableye\n|-damage|p2a: Sableye|7\/100\n|-unboost|p1a: Profit!|spa|1\n|move|p2a: Sableye|Knock Off|p1a: Profit!\n|-damage|p1a: Profit!|54\/100\n|\n|upkeep\n|turn|58\n|\n|t:|1699517774\n|move|p1a: Profit!|Shadow Ball|p2a: Sableye\n|-damage|p2a: Sableye|0 fnt\n|faint|p2a: Sableye\n|\n|upkeep\n|c| AlolanSandslashOU|Beast\n|\n|t:|1699517777\n|switch|p2a: Mandibuzz|Mandibuzz, F|94\/100\n|turn|59\n|c| AlolanSandslashOU|unaware\n|c| AlolanSandslashOU|you dingus\n|\n|t:|1699517780\n|move|p1a: Profit!|Make It Rain|p2a: Mandibuzz\n|-damage|p2a: Mandibuzz|40\/100\n|-unboost|p1a: Profit!|spa|1\n|move|p2a: Mandibuzz|Foul Play|p1a: Profit!\n|-damage|p1a: Profit!|39\/100\n|\n|upkeep\n|turn|60\n|c|\u2606Just B3A$T|it was for Sableye\n|c|\u2606Just B3A$T|after Dirge dies\n|c| AlolanSandslashOU|Ah\n|\n|t:|1699517797\n|move|p1a: Profit!|Make It Rain|p2a: Mandibuzz\n|-damage|p2a: Mandibuzz|0 fnt\n|-unboost|p1a: Profit!|spa|1\n|faint|p2a: Mandibuzz\n|\n|win|Just B3A$T\n|c|\u2606Just B3A$T|anyways\n|c|\u2606Just B3A$T|I am the victor\n|c|\u2606XX_1nfinity_XX|i got haxed\n|c|\u2606Just B3A$T|we both did\n|c|\u2606Just B3A$T|I just got the better portion\n","uploadtime":1699517812,"views":9,"p1id":"justb3at","p2id":"xx1nfinityxx","formatid":"gen9nationaldexubers","rating":0,"private":0,"password":""}