{"id":"gen9nationaldexubers-1986255219","p1":"Neosouls","p2":"DrArkane15","format":"[Gen 9] National Dex Ubers","log":"|j|\u2606Neosouls\n|j|\u2606DrArkane15\n|t:|1699463781\n|gametype|singles\n|player|p1|Neosouls|marlon|\n|player|p2|DrArkane15|102|\n|teamsize|p1|6\n|teamsize|p2|3\n|gen|9\n|tier|[Gen 9] National Dex Ubers\n|rule|HP Percentage Mod: HP is shown in percentages\n|rule|Endless Battle Clause: Forcing endless battles is banned\n|rule|OHKO Clause: OHKO moves are banned\n|rule|Evasion Moves Clause: Evasion moves are banned\n|rule|Evasion Items Clause: Evasion items are banned\n|rule|Species Clause: Limit one of each Pok\u00e9mon\n|rule|Sleep Clause Mod: Limit one foe put to sleep\n|rule|Mega Rayquaza Clause: You cannot mega evolve Rayquaza\n|clearpoke\n|poke|p1|Charmeleon, L35, M|\n|poke|p1|Staraptor, L35, F|\n|poke|p1|Gyarados, L35, M|\n|poke|p1|Primeape, L35, M|\n|poke|p1|Pawniard, L35, F|\n|poke|p1|Lycanroc-Dusk, L34, F|\n|poke|p2|Golbat, L32, F|\n|poke|p2|Scrafty, L34, M|\n|poke|p2|Krokorok, L33, M|\n|teampreview\n|\n|t:|1699463794\n|start\n|switch|p1a: Starscreem|Staraptor, L35, F|100\/100\n|switch|p2a: Golbat|Golbat, L32, F|100\/100\n|-ability|p1a: Starscreem|Intimidate|boost\n|-fail|p2a: Golbat|unboost|Attack|[from] ability: Inner Focus|[of] p2a: Golbat\n|turn|1\n|\n|t:|1699463816\n|move|p1a: Starscreem|Aerial Ace|p2a: Golbat\n|-damage|p2a: Golbat|43\/100\n|move|p2a: Golbat|Hypnosis|p1a: Starscreem\n|-status|p1a: Starscreem|slp|[from] move: Hypnosis\n|\n|upkeep\n|turn|2\n|\n|t:|1699463827\n|switch|p1a: Rex|Lycanroc-Dusk, L34, F|100\/100\n|move|p2a: Golbat|Bite|p1a: Rex\n|-damage|p1a: Rex|80\/100\n|\n|upkeep\n|turn|3\n|\n|t:|1699463844\n|move|p2a: Golbat|Hypnosis|p1a: Rex|[miss]\n|-miss|p2a: Golbat|p1a: Rex\n|move|p1a: Rex|Counter||[still]\n|-fail|p1a: Rex\n|\n|upkeep\n|turn|4\n|\n|t:|1699463851\n|move|p1a: Rex|Rock Tomb|p2a: Golbat\n|-supereffective|p2a: Golbat\n|-damage|p2a: Golbat|0 fnt\n|faint|p2a: Golbat\n|\n|upkeep\n|\n|t:|1699463854\n|switch|p2a: Scrafty|Scrafty, L34, M|100\/100\n|turn|5\n|\n|t:|1699463861\n|move|p2a: Scrafty|Bulk Up|p2a: Scrafty\n|-boost|p2a: Scrafty|atk|1\n|-boost|p2a: Scrafty|def|1\n|move|p1a: Rex|Counter||[still]\n|-fail|p1a: Rex\n|\n|upkeep\n|turn|6\n|\n|t:|1699463869\n|move|p1a: Rex|Bite|p2a: Scrafty\n|-resisted|p2a: Scrafty\n|-damage|p2a: Scrafty|97\/100\n|move|p2a: Scrafty|Bulk Up|p2a: Scrafty\n|-boost|p2a: Scrafty|atk|1\n|-boost|p2a: Scrafty|def|1\n|\n|-heal|p2a: Scrafty|100\/100|[from] item: Leftovers\n|upkeep\n|turn|7\n|\n|t:|1699463888\n|switch|p1a: Wilder|Primeape, L35, M|100\/100\n|move|p2a: Scrafty|Drain Punch|p1a: Wilder\n|-damage|p1a: Wilder|16\/100\n|\n|upkeep\n|turn|8\n|\n|t:|1699463912\n|move|p1a: Wilder|Rage Fist|p2a: Scrafty\n|-resisted|p2a: Scrafty\n|-damage|p2a: Scrafty|94\/100\n|move|p2a: Scrafty|Drain Punch|p1a: Wilder\n|-damage|p1a: Wilder|0 fnt\n|-heal|p2a: Scrafty|100\/100|[from] drain|[of] p1a: Wilder\n|faint|p1a: Wilder\n|\n|upkeep\n|\n|t:|1699463925\n|switch|p1a: Gyarados|Gyarados, L35, M|100\/100\n|-ability|p1a: Gyarados|Intimidate|boost\n|-unboost|p2a: Scrafty|atk|1\n|turn|9\n|inactive|Battle timer is ON: inactive players will automatically lose when time's up. (requested by Neosouls)\n|\n|t:|1699463999\n|move|p1a: Gyarados|Aqua Tail|p2a: Scrafty\n|-damage|p2a: Scrafty|77\/100\n|move|p2a: Scrafty|Drain Punch|p1a: Gyarados\n|-resisted|p1a: Gyarados\n|-damage|p1a: Gyarados|80\/100\n|-heal|p2a: Scrafty|88\/100|[from] drain|[of] p1a: Gyarados\n|\n|-heal|p2a: Scrafty|94\/100|[from] item: Leftovers\n|upkeep\n|turn|10\n|\n|t:|1699464019\n|switch|p1a: Apollon|Charmeleon, L35, M|100\/100\n|move|p2a: Scrafty|Bulk Up|p2a: Scrafty\n|-boost|p2a: Scrafty|atk|1\n|-boost|p2a: Scrafty|def|1\n|\n|-heal|p2a: Scrafty|99\/100|[from] item: Leftovers\n|upkeep\n|turn|11\n|\n|t:|1699464030\n|move|p1a: Apollon|Flamethrower|p2a: Scrafty\n|-damage|p2a: Scrafty|70\/100\n|move|p2a: Scrafty|Bulk Up|p2a: Scrafty\n|-boost|p2a: Scrafty|atk|1\n|-boost|p2a: Scrafty|def|1\n|\n|-heal|p2a: Scrafty|75\/100|[from] item: Leftovers\n|upkeep\n|turn|12\n|\n|t:|1699464039\n|move|p1a: Apollon|Dragon Breath|p2a: Scrafty\n|-damage|p2a: Scrafty|63\/100\n|move|p2a: Scrafty|Drain Punch|p1a: Apollon\n|-damage|p1a: Apollon|0 fnt\n|-heal|p2a: Scrafty|100\/100|[from] drain|[of] p1a: Apollon\n|faint|p1a: Apollon\n|\n|upkeep\n|\n|t:|1699464053\n|switch|p1a: Starscreem|Staraptor, L35, F|100\/100 slp\n|-ability|p1a: Starscreem|Intimidate|boost\n|-unboost|p2a: Scrafty|atk|1\n|turn|13\n|\n|t:|1699464062\n|cant|p1a: Starscreem|slp\n|move|p2a: Scrafty|Drain Punch|p1a: Starscreem\n|-damage|p1a: Starscreem|33\/100 slp\n|\n|upkeep\n|turn|14\n|\n|t:|1699464069\n|cant|p1a: Starscreem|slp\n|move|p2a: Scrafty|Drain Punch|p1a: Starscreem\n|-damage|p1a: Starscreem|0 fnt\n|faint|p1a: Starscreem\n|\n|upkeep\n|\n|t:|1699464076\n|switch|p1a: Gyarados|Gyarados, L35, M|80\/100\n|-ability|p1a: Gyarados|Intimidate|boost\n|-unboost|p2a: Scrafty|atk|1\n|turn|15\n|\n|t:|1699464084\n|move|p1a: Gyarados|Aqua Tail|p2a: Scrafty\n|-damage|p2a: Scrafty|85\/100\n|move|p2a: Scrafty|Drain Punch|p1a: Gyarados\n|-resisted|p1a: Gyarados\n|-damage|p1a: Gyarados|58\/100\n|-heal|p2a: Scrafty|96\/100|[from] drain|[of] p1a: Gyarados\n|\n|-heal|p2a: Scrafty|100\/100|[from] item: Leftovers\n|upkeep\n|turn|16\n|\n|t:|1699464095\n|move|p1a: Gyarados|Crunch|p2a: Scrafty\n|-resisted|p2a: Scrafty\n|-damage|p2a: Scrafty|98\/100\n|move|p2a: Scrafty|Bulk Up|p2a: Scrafty\n|-boost|p2a: Scrafty|atk|1\n|-boost|p2a: Scrafty|def|1\n|\n|-heal|p2a: Scrafty|100\/100|[from] item: Leftovers\n|upkeep\n|turn|17\n|\n|t:|1699464107\n|move|p1a: Gyarados|Waterfall|p2a: Scrafty\n|-damage|p2a: Scrafty|90\/100\n|move|p2a: Scrafty|Bulk Up|p2a: Scrafty\n|-boost|p2a: Scrafty|atk|1\n|-boost|p2a: Scrafty|def|1\n|\n|-heal|p2a: Scrafty|95\/100|[from] item: Leftovers\n|upkeep\n|turn|18\n|\n|t:|1699464116\n|move|p1a: Gyarados|Waterfall|p2a: Scrafty\n|-damage|p2a: Scrafty|85\/100\n|cant|p2a: Scrafty|flinch\n|\n|-heal|p2a: Scrafty|90\/100|[from] item: Leftovers\n|upkeep\n|turn|19\n|\n|t:|1699464125\n|move|p1a: Gyarados|Waterfall|p2a: Scrafty\n|-damage|p2a: Scrafty|80\/100\n|move|p2a: Scrafty|Bulk Up|p2a: Scrafty\n|-boost|p2a: Scrafty|atk|1\n|-boost|p2a: Scrafty|def|0\n|\n|-heal|p2a: Scrafty|85\/100|[from] item: Leftovers\n|upkeep\n|turn|20\n|\n|t:|1699464134\n|move|p1a: Gyarados|Waterfall|p2a: Scrafty\n|-damage|p2a: Scrafty|75\/100\n|move|p2a: Scrafty|Drain Punch|p1a: Gyarados\n|-resisted|p1a: Gyarados\n|-damage|p1a: Gyarados|19\/100\n|-heal|p2a: Scrafty|95\/100|[from] drain|[of] p1a: Gyarados\n|\n|-heal|p2a: Scrafty|100\/100|[from] item: Leftovers\n|upkeep\n|turn|21\n|c|\u2606Neosouls|fr\u00e8re tu met les reste en plus ?\n|inactive|Neosouls has 270 seconds left.\n|\n|t:|1699464170\n|move|p1a: Gyarados|Waterfall|p2a: Scrafty\n|-damage|p2a: Scrafty|90\/100\n|move|p2a: Scrafty|Drain Punch|p1a: Gyarados\n|-resisted|p1a: Gyarados\n|-damage|p1a: Gyarados|0 fnt\n|-heal|p2a: Scrafty|99\/100|[from] drain|[of] p1a: Gyarados\n|faint|p1a: Gyarados\n|\n|-heal|p2a: Scrafty|100\/100|[from] item: Leftovers\n|upkeep\n|\n|t:|1699464183\n|switch|p1a: Rex|Lycanroc-Dusk, L34, F|80\/100\n|turn|22\n|\n|t:|1699464189\n|move|p2a: Scrafty|Drain Punch|p1a: Rex\n|-supereffective|p1a: Rex\n|-damage|p1a: Rex|0 fnt\n|faint|p1a: Rex\n|\n|upkeep\n|\n|t:|1699464193\n|switch|p1a: Tomoe|Pawniard, L35, F|100\/100\n|turn|23\n|\n|t:|1699464200\n|move|p2a: Scrafty|Brick Break|p1a: Tomoe\n|-supereffective|p1a: Tomoe\n|-damage|p1a: Tomoe|0 fnt\n|faint|p1a: Tomoe\n|\n|win|DrArkane15\n|l|\u2606DrArkane15\n","uploadtime":1699464207,"views":7,"p1id":"neosouls","p2id":"drarkane15","formatid":"gen9nationaldexubers","rating":0,"private":0,"password":""}