{"id":"gen9nationaldexubers-1978735121","p1":"Sagnik_Red_Mewtwo","p2":"siiuubangal","format":"[Gen 9] National Dex Ubers","log":"|j|\u2606Sagnik_Red_Mewtwo\n|j|\u2606siiuubangal\n|t:|1698588728\n|gametype|singles\n|player|p1|Sagnik_Red_Mewtwo|beauty-gen4dp|\n|player|p2|siiuubangal|beauty-gen4dp|\n|teamsize|p1|6\n|teamsize|p2|6\n|gen|9\n|tier|[Gen 9] National Dex Ubers\n|rule|HP Percentage Mod: HP is shown in percentages\n|rule|Endless Battle Clause: Forcing endless battles is banned\n|rule|OHKO Clause: OHKO moves are banned\n|rule|Evasion Moves Clause: Evasion moves are banned\n|rule|Evasion Items Clause: Evasion items are banned\n|rule|Species Clause: Limit one of each Pok\u00e9mon\n|rule|Sleep Clause Mod: Limit one foe put to sleep\n|rule|Mega Rayquaza Clause: You cannot mega evolve Rayquaza\n|clearpoke\n|poke|p1|Regieleki|\n|poke|p1|Eternatus|\n|poke|p1|Mewtwo|\n|poke|p1|Kyogre|\n|poke|p1|Zygarde|\n|poke|p1|Darkrai|\n|poke|p2|Kyogre|\n|poke|p2|Eternatus|\n|poke|p2|Mewtwo|\n|poke|p2|Abomasnow, M|\n|poke|p2|Lucario, M|\n|poke|p2|Dragapult, M|\n|teampreview\n|\n|t:|1698588738\n|start\n|switch|p1a: Kyogre|Kyogre|100\/100\n|switch|p2a: Dragapult|Dragapult, M|100\/100\n|detailschange|p1a: Kyogre|Kyogre-Primal\n|-primal|p1a: Kyogre|Blue Orb\n|-weather|PrimordialSea|[from] ability: Primordial Sea|[of] p1a: Kyogre\n|turn|1\n|\n|t:|1698588751\n|-terastallize|p2a: Dragapult|Fairy\n|move|p2a: Dragapult|Dragon Darts|p1a: Kyogre\n|-damage|p1a: Kyogre|81\/100\n|-anim|p2a: Dragapult|Dragon Darts|p1a: Kyogre\n|-damage|p1a: Kyogre|60\/100\n|move|p1a: Kyogre|Ice Beam|p2a: Dragapult\n|-damage|p2a: Dragapult|54\/100\n|-status|p2a: Dragapult|frz\n|\n|-weather|PrimordialSea|[upkeep]\n|upkeep\n|turn|2\n|\n|t:|1698588771\n|-curestatus|p2a: Dragapult|frz|[msg]\n|move|p2a: Dragapult|Phantom Force||[still]\n|-prepare|p2a: Dragapult|Phantom Force\n|move|p1a: Kyogre|Iron Head|p2a: Dragapult|[miss]\n|-miss|p1a: Kyogre|p2a: Dragapult\n|\n|-weather|PrimordialSea|[upkeep]\n|upkeep\n|turn|3\n|\n|t:|1698588789\n|move|p2a: Dragapult|Phantom Force|p1a: Kyogre|[from]lockedmove\n|-damage|p1a: Kyogre|26\/100\n|move|p1a: Kyogre|Thunder|p2a: Dragapult\n|-damage|p2a: Dragapult|0 fnt\n|faint|p2a: Dragapult\n|\n|-weather|PrimordialSea|[upkeep]\n|upkeep\n|\n|t:|1698588801\n|switch|p2a: Mewtwo|Mewtwo|100\/100\n|-ability|p2a: Mewtwo|Pressure\n|turn|4\n|\n|t:|1698588812\n|-weather|none\n|switch|p1a: Darkrai|Darkrai|100\/100\n|move|p2a: Mewtwo|Aura Sphere|p1a: Darkrai\n|-supereffective|p1a: Darkrai\n|-damage|p1a: Darkrai|8\/100\n|-enditem|p1a: Darkrai|Aguav Berry|[eat]\n|-heal|p1a: Darkrai|41\/100|[from] item: Aguav Berry\n|\n|upkeep\n|turn|5\n|\n|t:|1698588825\n|move|p1a: Darkrai|Sucker Punch|p2a: Mewtwo\n|-supereffective|p2a: Mewtwo\n|-damage|p2a: Mewtwo|57\/100\n|move|p2a: Mewtwo|Future Sight|p1a: Darkrai\n|-start|p2a: Mewtwo|move: Future Sight\n|\n|-heal|p2a: Mewtwo|64\/100|[from] item: Leftovers\n|upkeep\n|turn|6\n|\n|t:|1698588833\n|move|p2a: Mewtwo|Aura Sphere|p1a: Darkrai\n|-supereffective|p1a: Darkrai\n|-damage|p1a: Darkrai|0 fnt\n|faint|p1a: Darkrai\n|\n|-heal|p2a: Mewtwo|70\/100|[from] item: Leftovers\n|upkeep\n|\n|t:|1698588841\n|switch|p1a: Mewtwo|Mewtwo|100\/100\n|-ability|p1a: Mewtwo|Pressure\n|turn|7\n|\n|t:|1698588851\n|switch|p2a: Kyogre|Kyogre|100\/100\n|-weather|RainDance|[from] ability: Drizzle|[of] p2a: Kyogre\n|detailschange|p1a: Mewtwo|Mewtwo-Mega-Y\n|-mega|p1a: Mewtwo|Mewtwo|Mewtwonite Y\n|move|p1a: Mewtwo|Hex|p2a: Kyogre\n|-damage|p2a: Kyogre|80\/100\n|\n|-weather|RainDance|[upkeep]\n|-end|p1a: Mewtwo|move: Future Sight\n|-resisted|p1a: Mewtwo\n|-damage|p1a: Mewtwo|70\/100\n|upkeep\n|turn|8\n|\n|t:|1698588867\n|move|p1a: Mewtwo|Hurricane|p2a: Kyogre\n|-damage|p2a: Kyogre|46\/100\n|-zpower|p2a: Kyogre\n|move|p2a: Kyogre|Hydro Vortex|p1a: Mewtwo|[zeffect]\n|-damage|p1a: Mewtwo|0 fnt\n|faint|p1a: Mewtwo\n|\n|-weather|RainDance|[upkeep]\n|upkeep\n|\n|t:|1698588885\n|switch|p1a: Kyogre|Kyogre-Primal|26\/100\n|-weather|PrimordialSea|[from] ability: Primordial Sea|[of] p1a: Kyogre\n|turn|9\n|\n|t:|1698588891\n|move|p1a: Kyogre|Thunder|p2a: Kyogre\n|-supereffective|p2a: Kyogre\n|-damage|p2a: Kyogre|0 fnt\n|faint|p2a: Kyogre\n|\n|-weather|PrimordialSea|[upkeep]\n|upkeep\n|\n|t:|1698588899\n|switch|p2a: Lucario|Lucario, M|100\/100\n|turn|10\n|\n|t:|1698588903\n|move|p2a: Lucario|Extreme Speed|p1a: Kyogre\n|-damage|p1a: Kyogre|8\/100\n|move|p1a: Kyogre|Thunder|p2a: Lucario\n|-damage|p2a: Lucario|28\/100\n|-status|p2a: Lucario|par\n|\n|-weather|PrimordialSea|[upkeep]\n|upkeep\n|turn|11\n|\n|t:|1698588913\n|move|p2a: Lucario|Extreme Speed|p1a: Kyogre\n|-damage|p1a: Kyogre|0 fnt\n|faint|p1a: Kyogre\n|-weather|none\n|\n|upkeep\n|\n|t:|1698588920\n|switch|p1a: Sweep|Regieleki, shiny|100\/100\n|turn|12\n|\n|t:|1698588927\n|move|p2a: Lucario|Extreme Speed|p1a: Sweep\n|-damage|p1a: Sweep|61\/100\n|-damage|p2a: Lucario|11\/100 par|[from] item: Rocky Helmet|[of] p1a: Sweep\n|move|p1a: Sweep|Thunderbolt|p2a: Lucario\n|-damage|p2a: Lucario|0 fnt\n|faint|p2a: Lucario\n|\n|upkeep\n|\n|t:|1698588939\n|switch|p2a: Abomasnow|Abomasnow, M|100\/100\n|-weather|Snow|[from] ability: Snow Warning|[of] p2a: Abomasnow\n|turn|13\n|\n|t:|1698588952\n|switch|p1a: Eternatus|Eternatus|100\/100\n|-ability|p1a: Eternatus|Pressure\n|detailschange|p2a: Abomasnow|Abomasnow-Mega, M\n|-mega|p2a: Abomasnow|Abomasnow|Abomasite\n|move|p2a: Abomasnow|Blizzard|p1a: Eternatus\n|-supereffective|p1a: Eternatus\n|-damage|p1a: Eternatus|0 fnt\n|faint|p1a: Eternatus\n|\n|-weather|Snow|[upkeep]\n|upkeep\n|\n|t:|1698588967\n|switch|p1a: Zygarde|Zygarde|100\/100\n|turn|14\n|\n|t:|1698588995\n|-terastallize|p1a: Zygarde|Dragon\n|move|p1a: Zygarde|Core Enforcer|p2a: Abomasnow\n|-crit|p2a: Abomasnow\n|-damage|p2a: Abomasnow|38\/100\n|move|p2a: Abomasnow|Blizzard|p1a: Zygarde\n|-supereffective|p1a: Zygarde\n|-damage|p1a: Zygarde|23\/100\n|\n|-weather|Snow|[upkeep]\n|-activate|p1a: Zygarde|ability: Power Construct\n|detailschange|p1a: Zygarde|Zygarde-Complete, tera:Dragon\n|-heal|p1a: Zygarde|52\/100|[silent]\n|upkeep\n|turn|15\n|\n|t:|1698589015\n|move|p1a: Zygarde|Core Enforcer|p2a: Abomasnow\n|-damage|p2a: Abomasnow|0 fnt\n|faint|p2a: Abomasnow\n|\n|-weather|Snow|[upkeep]\n|upkeep\n|\n|t:|1698589025\n|switch|p2a: Eternatus|Eternatus|100\/100\n|-ability|p2a: Eternatus|Pressure\n|-item|p2a: Eternatus|Air Balloon\n|turn|16\n|\n|t:|1698589040\n|move|p2a: Eternatus|Dynamax Cannon|p1a: Zygarde\n|-supereffective|p1a: Zygarde\n|-damage|p1a: Zygarde|12\/100\n|move|p1a: Zygarde|Core Enforcer|p2a: Eternatus\n|-supereffective|p2a: Eternatus\n|-crit|p2a: Eternatus\n|-damage|p2a: Eternatus|0 fnt\n|-enditem|p2a: Eternatus|Air Balloon\n|faint|p2a: Eternatus\n|\n|-weather|Snow|[upkeep]\n|upkeep\n|\n|t:|1698589055\n|switch|p2a: Mewtwo|Mewtwo|70\/100\n|-ability|p2a: Mewtwo|Pressure\n|turn|17\n|\n|t:|1698589062\n|move|p2a: Mewtwo|Aura Sphere|p1a: Zygarde\n|-damage|p1a: Zygarde|0 fnt\n|faint|p1a: Zygarde\n|\n|-weather|none\n|-heal|p2a: Mewtwo|76\/100|[from] item: Leftovers\n|upkeep\n|\n|t:|1698589070\n|switch|p1a: Sweep|Regieleki, shiny|61\/100\n|turn|18\n|\n|t:|1698589078\n|move|p1a: Sweep|Thunderbolt|p2a: Mewtwo\n|-crit|p2a: Mewtwo\n|-damage|p2a: Mewtwo|17\/100\n|-status|p2a: Mewtwo|par\n|move|p2a: Mewtwo|Psystrike|p1a: Sweep\n|-damage|p1a: Sweep|0 fnt\n|faint|p1a: Sweep\n|\n|win|siiuubangal\n|l|\u2606Sagnik_Red_Mewtwo\n","uploadtime":1698589097,"views":14,"p1id":"sagnikredmewtwo","p2id":"siiuubangal","formatid":"gen9nationaldexubers","rating":0,"private":0,"password":""}