{"id":"gen9nationaldexubers-1990820246","p1":"Leafpapasita","p2":"Oukix","format":"[Gen 9] National Dex Ubers","log":"|j|\u2606Leafpapasita\n|j|\u2606Oukix\n|t:|1700004174\n|gametype|singles\n|player|p1|Leafpapasita|steven|\n|player|p2|Oukix|hilda|\n|teamsize|p1|2\n|teamsize|p2|3\n|gen|9\n|tier|[Gen 9] National Dex Ubers\n|rule|HP Percentage Mod: HP is shown in percentages\n|rule|Endless Battle Clause: Forcing endless battles is banned\n|rule|OHKO Clause: OHKO moves are banned\n|rule|Evasion Moves Clause: Evasion moves are banned\n|rule|Evasion Items Clause: Evasion items are banned\n|rule|Species Clause: Limit one of each Pok\u00e9mon\n|rule|Sleep Clause Mod: Limit one foe put to sleep\n|rule|Mega Rayquaza Clause: You cannot mega evolve Rayquaza\n|clearpoke\n|poke|p1|Chikorita, L14, M|\n|poke|p1|Eevee, L14, F|\n|poke|p2|Azurill, L12, F|\n|poke|p2|Pidove, L13, M|\n|poke|p2|Girafarig, L14, M|\n|teampreview\n|\n|t:|1700004179\n|start\n|switch|p1a: Chikorita|Chikorita, L14, M|100\/100\n|switch|p2a: Girafarig|Girafarig, L14, M|100\/100\n|turn|1\n|\n|t:|1700004186\n|move|p2a: Girafarig|Hidden Power|p1a: Chikorita\n|-damage|p1a: Chikorita|66\/100\n|move|p1a: Chikorita|Toxic|p2a: Girafarig\n|-status|p2a: Girafarig|tox\n|\n|-heal|p1a: Chikorita|71\/100|[from] item: Leftovers\n|-damage|p2a: Girafarig|95\/100 tox|[from] psn\n|upkeep\n|turn|2\n|\n|t:|1700004200\n|switch|p1a: Eevee|Eevee, L14, F|100\/100\n|move|p2a: Girafarig|Confusion|p1a: Eevee\n|-damage|p1a: Eevee|60\/100\n|\n|-damage|p2a: Girafarig|83\/100 tox|[from] psn\n|upkeep\n|turn|3\n|\n|t:|1700004221\n|-terastallize|p1a: Eevee|Fighting\n|move|p2a: Girafarig|Hidden Power|p1a: Eevee\n|-resisted|p1a: Eevee\n|-damage|p1a: Eevee|43\/100\n|move|p1a: Eevee|Hidden Power|p2a: Girafarig\n|-crit|p2a: Girafarig\n|-damage|p2a: Girafarig|49\/100 tox\n|\n|-damage|p2a: Girafarig|31\/100 tox|[from] psn\n|upkeep\n|turn|4\n|\n|t:|1700004231\n|move|p2a: Girafarig|Hidden Power|p1a: Eevee\n|-resisted|p1a: Eevee\n|-damage|p1a: Eevee|28\/100\n|move|p1a: Eevee|Hidden Power|p2a: Girafarig\n|-damage|p2a: Girafarig|8\/100 tox\n|\n|-damage|p2a: Girafarig|0 fnt|[from] psn\n|faint|p2a: Girafarig\n|upkeep\n|\n|t:|1700004240\n|switch|p2a: Azurill|Azurill, L12, F|100\/100\n|turn|5\n|\n|t:|1700004245\n|move|p1a: Eevee|Hidden Power|p2a: Azurill\n|-damage|p2a: Azurill|61\/100\n|move|p2a: Azurill|Draining Kiss|p1a: Eevee\n|-supereffective|p1a: Eevee\n|-damage|p1a: Eevee|0 fnt\n|-heal|p2a: Azurill|86\/100|[from] drain|[of] p1a: Eevee\n|faint|p1a: Eevee\n|\n|upkeep\n|\n|t:|1700004247\n|switch|p1a: Chikorita|Chikorita, L14, M|71\/100\n|turn|6\n|\n|t:|1700004256\n|move|p1a: Chikorita|Giga Drain|p2a: Azurill\n|-damage|p2a: Azurill|27\/100\n|-heal|p1a: Chikorita|98\/100|[from] drain|[of] p2a: Azurill\n|move|p2a: Azurill|Draining Kiss|p1a: Chikorita\n|-damage|p1a: Chikorita|75\/100\n|-heal|p2a: Azurill|47\/100|[from] drain|[of] p1a: Chikorita\n|\n|-heal|p1a: Chikorita|80\/100|[from] item: Leftovers\n|upkeep\n|turn|7\n|\n|t:|1700004265\n|move|p1a: Chikorita|Giga Drain|p2a: Azurill\n|-damage|p2a: Azurill|0 fnt\n|-heal|p1a: Chikorita|100\/100|[from] drain|[of] p2a: Azurill\n|faint|p2a: Azurill\n|\n|upkeep\n|\n|t:|1700004270\n|switch|p2a: Pidove|Pidove, L13, M|100\/100\n|turn|8\n|\n|t:|1700004279\n|-terastallize|p2a: Pidove|Normal\n|move|p1a: Chikorita|Giga Drain|p2a: Pidove\n|-damage|p2a: Pidove|41\/100\n|move|p2a: Pidove|Echoed Voice|p1a: Chikorita\n|-damage|p1a: Chikorita|73\/100\n|\n|-heal|p1a: Chikorita|78\/100|[from] item: Leftovers\n|upkeep\n|turn|9\n|\n|t:|1700004286\n|move|p1a: Chikorita|Giga Drain|p2a: Pidove\n|-crit|p2a: Pidove\n|-damage|p2a: Pidove|0 fnt\n|-heal|p1a: Chikorita|98\/100|[from] drain|[of] p2a: Pidove\n|faint|p2a: Pidove\n|\n|win|Leafpapasita\n","uploadtime":1700004314,"views":13,"p1id":"leafpapasita","p2id":"oukix","formatid":"gen9nationaldexubers","rating":0,"private":0,"password":""}