{"id":"gen9nationaldexubers-1986954910","p1":"xinnobu","p2":"Chen Yen","format":"[Gen 9] National Dex Ubers","log":"|j|\u2606xinnobu\n|j|\u2606Chen Yen\n|t:|1699544155\n|gametype|singles\n|player|p1|xinnobu|elesa-gen5bw2|1573\n|player|p2|Chen Yen|266|1619\n|teamsize|p1|6\n|teamsize|p2|6\n|gen|9\n|tier|[Gen 9] National Dex Ubers\n|rated|\n|rule|HP Percentage Mod: HP is shown in percentages\n|rule|Endless Battle Clause: Forcing endless battles is banned\n|rule|OHKO Clause: OHKO moves are banned\n|rule|Evasion Moves Clause: Evasion moves are banned\n|rule|Evasion Items Clause: Evasion items are banned\n|rule|Species Clause: Limit one of each Pok\u00e9mon\n|rule|Sleep Clause Mod: Limit one foe put to sleep\n|rule|Mega Rayquaza Clause: You cannot mega evolve Rayquaza\n|clearpoke\n|poke|p1|Chien-Pao|\n|poke|p1|Banette, M|\n|poke|p1|Kyogre|\n|poke|p1|Groudon|\n|poke|p1|Zacian-*|\n|poke|p1|Yveltal|\n|poke|p2|Groudon|\n|poke|p2|Dondozo, M|\n|poke|p2|Arceus-Dark|\n|poke|p2|Eternatus|\n|poke|p2|Ho-Oh|\n|poke|p2|Yveltal|\n|teampreview\n|inactive|Battle timer is ON: inactive players will automatically lose when time's up. (requested by xinnobu)\n|\n|t:|1699544185\n|start\n|switch|p1a: Yveltal|Yveltal|100\/100\n|switch|p2a: Groudon|Groudon|100\/100\n|-ability|p1a: Yveltal|Dark Aura\n|detailschange|p2a: Groudon|Groudon-Primal\n|-primal|p2a: Groudon|Red Orb\n|-weather|DesolateLand|[from] ability: Desolate Land|[of] p2a: Groudon\n|turn|1\n|\n|t:|1699544193\n|move|p1a: Yveltal|Oblivion Wing|p2a: Groudon\n|-damage|p2a: Groudon|68\/100\n|-damage|p1a: Yveltal|91\/100|[from] item: Life Orb\n|move|p2a: Groudon|Thunder Wave|p1a: Yveltal\n|-status|p1a: Yveltal|par\n|\n|-weather|DesolateLand|[upkeep]\n|upkeep\n|turn|2\n|\n|t:|1699544203\n|move|p2a: Groudon|Stone Edge|p1a: Yveltal\n|-supereffective|p1a: Yveltal\n|-damage|p1a: Yveltal|22\/100 par\n|move|p1a: Yveltal|Oblivion Wing|p2a: Groudon\n|-damage|p2a: Groudon|36\/100\n|-heal|p1a: Yveltal|47\/100 par|[from] drain|[of] p2a: Groudon\n|-damage|p1a: Yveltal|37\/100 par|[from] item: Life Orb\n|\n|-weather|DesolateLand|[upkeep]\n|upkeep\n|turn|3\n|\n|t:|1699544212\n|move|p1a: Yveltal|Sucker Punch||[still]\n|-fail|p1a: Yveltal\n|move|p2a: Groudon|Spikes|p1a: Yveltal\n|-sidestart|p1: xinnobu|Spikes\n|\n|-weather|DesolateLand|[upkeep]\n|upkeep\n|turn|4\n|\n|t:|1699544217\n|move|p1a: Yveltal|Sucker Punch|p2a: Groudon\n|-damage|p2a: Groudon|4\/100\n|-damage|p1a: Yveltal|27\/100 par|[from] item: Life Orb\n|move|p2a: Groudon|Stone Edge|p1a: Yveltal\n|-supereffective|p1a: Yveltal\n|-damage|p1a: Yveltal|0 fnt\n|faint|p1a: Yveltal\n|\n|-weather|DesolateLand|[upkeep]\n|upkeep\n|\n|t:|1699544228\n|switch|p1a: Chien-Pao|Chien-Pao|100\/100\n|-damage|p1a: Chien-Pao|88\/100|[from] Spikes\n|-ability|p1a: Chien-Pao|Sword of Ruin\n|turn|5\n|\n|t:|1699544234\n|-weather|none\n|switch|p2a: Ho-Oh|Ho-Oh|100\/100\n|move|p1a: Chien-Pao|Crunch|p2a: Ho-Oh\n|-damage|p2a: Ho-Oh|67\/100\n|\n|upkeep\n|turn|6\n|\n|t:|1699544242\n|move|p1a: Chien-Pao|Crunch|p2a: Ho-Oh\n|-damage|p2a: Ho-Oh|34\/100\n|move|p2a: Ho-Oh|Toxic|p1a: Chien-Pao\n|-status|p1a: Chien-Pao|tox\n|\n|-damage|p1a: Chien-Pao|82\/100 tox|[from] psn\n|upkeep\n|turn|7\n|\n|t:|1699544249\n|switch|p2a: Arceus|Arceus-Dark|100\/100\n|move|p1a: Chien-Pao|Crunch|p2a: Arceus\n|-resisted|p2a: Arceus\n|-damage|p2a: Arceus|84\/100\n|\n|-damage|p1a: Chien-Pao|70\/100 tox|[from] psn\n|upkeep\n|turn|8\n|\n|t:|1699544257\n|switch|p1a: Zacian|Zacian-Crowned|100\/100\n|-damage|p1a: Zacian|88\/100|[from] Spikes\n|-ability|p1a: Zacian|Intrepid Sword|boost\n|-boost|p1a: Zacian|atk|1\n|switch|p2a: Ho-Oh|Ho-Oh|68\/100\n|\n|upkeep\n|turn|9\n|\n|t:|1699544267\n|switch|p2a: Groudon|Groudon-Primal|4\/100\n|-weather|DesolateLand|[from] ability: Desolate Land|[of] p2a: Groudon\n|move|p1a: Zacian|Wild Charge|p2a: Groudon\n|-immune|p2a: Groudon\n|\n|-weather|DesolateLand|[upkeep]\n|upkeep\n|turn|10\n|\n|t:|1699544274\n|-weather|none\n|switch|p2a: Dondozo|Dondozo, M|100\/100\n|move|p1a: Zacian|Behemoth Blade|p2a: Dondozo\n|-resisted|p2a: Dondozo\n|-damage|p2a: Dondozo|88\/100\n|\n|-heal|p2a: Dondozo|95\/100|[from] item: Leftovers\n|upkeep\n|turn|11\n|\n|t:|1699544282\n|switch|p1a: Kyogre|Kyogre|100\/100\n|-damage|p1a: Kyogre|88\/100|[from] Spikes\n|detailschange|p1a: Kyogre|Kyogre-Primal\n|-primal|p1a: Kyogre|Blue Orb\n|-weather|PrimordialSea|[from] ability: Primordial Sea|[of] p1a: Kyogre\n|move|p2a: Dondozo|Yawn|p1a: Kyogre\n|-start|p1a: Kyogre|move: Yawn|[of] p2a: Dondozo\n|\n|-weather|PrimordialSea|[upkeep]\n|-heal|p2a: Dondozo|100\/100|[from] item: Leftovers\n|upkeep\n|turn|12\n|\n|t:|1699544294\n|switch|p2a: Eternatus|Eternatus|100\/100\n|-ability|p2a: Eternatus|Pressure\n|move|p1a: Kyogre|Thunder|p2a: Eternatus\n|-resisted|p2a: Eternatus\n|-damage|p2a: Eternatus|84\/100\n|\n|-weather|PrimordialSea|[upkeep]\n|-heal|p2a: Eternatus|90\/100|[from] item: Black Sludge\n|-end|p1a: Kyogre|move: Yawn|[silent]\n|-status|p1a: Kyogre|slp\n|upkeep\n|turn|13\n|\n|t:|1699544304\n|switch|p2a: Groudon|Groudon-Primal|4\/100\n|-weather|DesolateLand|[from] ability: Desolate Land|[of] p2a: Groudon\n|cant|p1a: Kyogre|slp\n|\n|-weather|DesolateLand|[upkeep]\n|upkeep\n|turn|14\n|\n|t:|1699544309\n|-curestatus|p1a: Kyogre|slp|[msg]\n|move|p1a: Kyogre|Ice Beam|p2a: Groudon\n|-damage|p2a: Groudon|0 fnt\n|faint|p2a: Groudon\n|-weather|none\n|\n|upkeep\n|\n|t:|1699544323\n|switch|p2a: Arceus|Arceus-Dark|84\/100\n|turn|15\n|\n|t:|1699544328\n|switch|p1a: Chien-Pao|Chien-Pao|70\/100 tox\n|-damage|p1a: Chien-Pao|58\/100 tox|[from] Spikes\n|-ability|p1a: Chien-Pao|Sword of Ruin\n|move|p2a: Arceus|Judgment|p1a: Chien-Pao\n|-resisted|p1a: Chien-Pao\n|-damage|p1a: Chien-Pao|23\/100 tox\n|\n|-damage|p1a: Chien-Pao|17\/100 tox|[from] psn\n|upkeep\n|turn|16\n|\n|t:|1699544338\n|switch|p2a: Ho-Oh|Ho-Oh|100\/100\n|move|p1a: Chien-Pao|Icicle Crash|p2a: Ho-Oh\n|-damage|p2a: Ho-Oh|65\/100\n|\n|-damage|p1a: Chien-Pao|5\/100 tox|[from] psn\n|upkeep\n|turn|17\n|\n|t:|1699544351\n|switch|p2a: Dondozo|Dondozo, M|100\/100\n|move|p1a: Chien-Pao|Icicle Crash|p2a: Dondozo|[miss]\n|-miss|p1a: Chien-Pao|p2a: Dondozo\n|\n|-damage|p1a: Chien-Pao|0 fnt|[from] psn\n|faint|p1a: Chien-Pao\n|upkeep\n|\n|t:|1699544354\n|switch|p1a: Kyogre|Kyogre-Primal|88\/100\n|-damage|p1a: Kyogre|76\/100|[from] Spikes\n|-weather|PrimordialSea|[from] ability: Primordial Sea|[of] p1a: Kyogre\n|turn|18\n|\n|t:|1699544367\n|switch|p2a: Ho-Oh|Ho-Oh|98\/100\n|move|p1a: Kyogre|Water Spout|p2a: Ho-Oh\n|-supereffective|p2a: Ho-Oh\n|-damage|p2a: Ho-Oh|0 fnt\n|faint|p2a: Ho-Oh\n|\n|-weather|PrimordialSea|[upkeep]\n|upkeep\n|\n|t:|1699544375\n|switch|p2a: Yveltal|Yveltal|100\/100\n|-ability|p2a: Yveltal|Dark Aura\n|turn|19\n|\n|t:|1699544379\n|move|p1a: Kyogre|Origin Pulse|p2a: Yveltal\n|-damage|p2a: Yveltal|44\/100\n|move|p2a: Yveltal|Knock Off|p1a: Kyogre\n|-damage|p1a: Kyogre|33\/100\n|\n|-weather|PrimordialSea|[upkeep]\n|-heal|p2a: Yveltal|50\/100|[from] item: Leftovers\n|upkeep\n|turn|20\n|\n|t:|1699544385\n|move|p2a: Yveltal|Sucker Punch|p1a: Kyogre\n|-damage|p1a: Kyogre|0 fnt\n|faint|p1a: Kyogre\n|-weather|none\n|\n|-heal|p2a: Yveltal|56\/100|[from] item: Leftovers\n|upkeep\n|\n|t:|1699544389\n|switch|p1a: Zacian|Zacian-Crowned|88\/100\n|-damage|p1a: Zacian|76\/100|[from] Spikes\n|turn|21\n|\n|t:|1699544396\n|switch|p2a: Dondozo|Dondozo, M|100\/100\n|move|p1a: Zacian|Behemoth Blade|p2a: Dondozo\n|-resisted|p2a: Dondozo\n|-damage|p2a: Dondozo|88\/100\n|\n|-heal|p2a: Dondozo|95\/100|[from] item: Leftovers\n|upkeep\n|turn|22\n|\n|t:|1699544403\n|switch|p1a: Banette|Banette, M|100\/100\n|-damage|p1a: Banette|88\/100|[from] Spikes\n|-item|p2a: Dondozo|Leftovers|[from] ability: Frisk|[of] p1a: Banette|[identify]\n|move|p2a: Dondozo|Yawn|p1a: Banette\n|-start|p1a: Banette|move: Yawn|[of] p2a: Dondozo\n|\n|-heal|p2a: Dondozo|100\/100|[from] item: Leftovers\n|upkeep\n|turn|23\n|\n|t:|1699544416\n|switch|p2a: Arceus|Arceus-Dark|84\/100\n|detailschange|p1a: Banette|Banette-Mega, M\n|-mega|p1a: Banette|Banette|Banettite\n|move|p1a: Banette|Infestation|p2a: Arceus\n|-supereffective|p2a: Arceus\n|-damage|p2a: Arceus|77\/100\n|-activate|p2a: Arceus|move: Infestation|[of] p1a: Banette\n|\n|-damage|p2a: Arceus|65\/100|[from] move: Infestation|[partiallytrapped]\n|-end|p1a: Banette|move: Yawn|[silent]\n|-status|p1a: Banette|slp\n|upkeep\n|turn|24\n|\n|t:|1699544429\n|switch|p1a: Zacian|Zacian-Crowned|76\/100\n|-damage|p1a: Zacian|64\/100|[from] Spikes\n|move|p2a: Arceus|Judgment|p1a: Zacian\n|-resisted|p1a: Zacian\n|-damage|p1a: Zacian|42\/100\n|\n|-end|p2a: Arceus|Infestation|[partiallytrapped]|[silent]\n|upkeep\n|turn|25\n|\n|t:|1699544437\n|switch|p2a: Dondozo|Dondozo, M|100\/100\n|move|p1a: Zacian|Behemoth Blade|p2a: Dondozo\n|-resisted|p2a: Dondozo\n|-damage|p2a: Dondozo|87\/100\n|\n|-heal|p2a: Dondozo|93\/100|[from] item: Leftovers\n|upkeep\n|turn|26\n|\n|t:|1699544447\n|switch|p1a: Banette|Banette-Mega, M|88\/100 slp\n|-damage|p1a: Banette|76\/100 slp|[from] Spikes\n|switch|p2a: Arceus|Arceus-Dark|65\/100\n|\n|upkeep\n|turn|27\n|\n|t:|1699544454\n|cant|p1a: Banette|slp\n|move|p2a: Arceus|Recover|p2a: Arceus\n|-heal|p2a: Arceus|100\/100\n|\n|upkeep\n|turn|28\n|\n|t:|1699544459\n|cant|p1a: Banette|slp\n|move|p2a: Arceus|Judgment|p1a: Banette\n|-supereffective|p1a: Banette\n|-damage|p1a: Banette|0 fnt\n|faint|p1a: Banette\n|\n|upkeep\n|-message|xinnobu forfeited.\n|\n|win|Chen Yen\n|raw|xinnobu's rating: 1573 &rarr; <strong>1556<\/strong><br \/>(-17 for losing)\n|raw|Chen Yen's rating: 1619 &rarr; <strong>1636<\/strong><br \/>(+17 for winning)\n|l|\u2606xinnobu\n","uploadtime":1699544487,"views":10,"p1id":"xinnobu","p2id":"chenyen","formatid":"gen9nationaldexubers","rating":1556,"private":0,"password":""}