{"id":"gen9nationaldexubers-1984119984","p1":"drossito pambisito","p2":"ashergr","format":"[Gen 9] National Dex Ubers","log":"|j|\u2606drossito pambisito\n|j|\u2606ashergr\n|t:|1699220749\n|gametype|singles\n|player|p1|drossito pambisito|169|1414\n|player|p2|ashergr|red|1396\n|teamsize|p1|6\n|teamsize|p2|6\n|gen|9\n|tier|[Gen 9] National Dex Ubers\n|rated|\n|rule|HP Percentage Mod: HP is shown in percentages\n|rule|Endless Battle Clause: Forcing endless battles is banned\n|rule|OHKO Clause: OHKO moves are banned\n|rule|Evasion Moves Clause: Evasion moves are banned\n|rule|Evasion Items Clause: Evasion items are banned\n|rule|Species Clause: Limit one of each Pok\u00e9mon\n|rule|Sleep Clause Mod: Limit one foe put to sleep\n|rule|Mega Rayquaza Clause: You cannot mega evolve Rayquaza\n|clearpoke\n|poke|p1|Salamence, M|\n|poke|p1|Deoxys-Attack|\n|poke|p1|Shaymin-Sky|\n|poke|p1|Kyogre|\n|poke|p1|Yveltal|\n|poke|p1|Clodsire, F|\n|poke|p2|Arceus|\n|poke|p2|Groudon|\n|poke|p2|Kyogre|\n|poke|p2|Zacian-*|\n|poke|p2|Metagross|\n|poke|p2|Dragapult, F|\n|teampreview\n|inactive|Battle timer is ON: inactive players will automatically lose when time's up. (requested by ashergr)\n|\n|t:|1699220787\n|start\n|switch|p1a: Deoxys|Deoxys-Attack|100\/100\n|switch|p2a: Dragapult|Dragapult, F|100\/100\n|-ability|p1a: Deoxys|Pressure\n|turn|1\n|\n|t:|1699220803\n|switch|p2a: Groudon|Groudon|100\/100\n|-weather|SunnyDay|[from] ability: Drought|[of] p2a: Groudon\n|move|p1a: Deoxys|Knock Off|p2a: Groudon\n|-damage|p2a: Groudon|80\/100\n|-enditem|p2a: Groudon|Leftovers|[from] move: Knock Off|[of] p1a: Deoxys\n|\n|-weather|SunnyDay|[upkeep]\n|upkeep\n|turn|2\n|inactive|drossito pambisito has 120 seconds left.\n|\n|t:|1699220863\n|move|p1a: Deoxys|Stealth Rock|p2a: Groudon\n|-sidestart|p2: ashergr|move: Stealth Rock\n|move|p2a: Groudon|Will-O-Wisp|p1a: Deoxys\n|-status|p1a: Deoxys|brn\n|\n|-weather|SunnyDay|[upkeep]\n|-damage|p1a: Deoxys|94\/100 brn|[from] brn\n|upkeep\n|turn|3\n|\n|t:|1699220880\n|move|p1a: Deoxys|Psycho Boost|p2a: Groudon\n|-damage|p2a: Groudon|1\/100\n|-unboost|p1a: Deoxys|spa|2\n|move|p2a: Groudon|Fire Punch|p1a: Deoxys\n|-damage|p1a: Deoxys|0 fnt\n|faint|p1a: Deoxys\n|\n|-weather|SunnyDay|[upkeep]\n|upkeep\n|\n|t:|1699220895\n|switch|p1a: Shaymin|Shaymin-Sky|100\/100\n|turn|4\n|inactive|ashergr has 120 seconds left.\n|\n|t:|1699220929\n|switch|p2a: Zacian|Zacian-Crowned|100\/100\n|-damage|p2a: Zacian|94\/100|[from] Stealth Rock\n|-ability|p2a: Zacian|Intrepid Sword|boost\n|-boost|p2a: Zacian|atk|1\n|move|p1a: Shaymin|Ominous Wind|p2a: Zacian\n|-damage|p2a: Zacian|82\/100\n|\n|-weather|SunnyDay|[upkeep]\n|upkeep\n|turn|5\n|\n|t:|1699220958\n|switch|p1a: Clodsire|Clodsire, F|100\/100\n|move|p2a: Zacian|Behemoth Blade|p1a: Clodsire\n|-damage|p1a: Clodsire|41\/100\n|-enditem|p1a: Clodsire|Red Card|[of] p2a: Zacian\n|drag|p2a: Dragapult|Dragapult, F|100\/100\n|-damage|p2a: Dragapult|88\/100|[from] Stealth Rock\n|\n|-weather|none\n|upkeep\n|turn|6\n|\n|t:|1699220968\n|move|p2a: Dragapult|Dragon Darts|p1a: Clodsire\n|-damage|p1a: Clodsire|0 fnt\n|faint|p1a: Clodsire\n|\n|upkeep\n|inactive|drossito pambisito has 90 seconds left.\n|\n|t:|1699220999\n|switch|p1a: Yveltal|Yveltal|100\/100\n|-ability|p1a: Yveltal|Dark Aura\n|turn|7\n|\n|t:|1699221016\n|switch|p2a: Groudon|Groudon|1\/100\n|-damage|p2a: Groudon|0 fnt|[from] Stealth Rock\n|faint|p2a: Groudon\n|move|p1a: Yveltal|Knock Off|p2: Groudon|[notarget]\n|-fail|p1a: Yveltal\n|\n|upkeep\n|\n|t:|1699221030\n|switch|p2a: Zacian|Zacian-Crowned|82\/100\n|-damage|p2a: Zacian|76\/100|[from] Stealth Rock\n|turn|8\n|inactive|drossito pambisito has 90 seconds left.\n|\n|t:|1699221053\n|move|p2a: Zacian|Play Rough|p1a: Yveltal\n|-supereffective|p1a: Yveltal\n|-damage|p1a: Yveltal|8\/100\n|move|p1a: Yveltal|Foul Play|p2a: Zacian\n|-resisted|p2a: Zacian\n|-damage|p2a: Zacian|47\/100\n|\n|upkeep\n|turn|9\n|\n|t:|1699221070\n|move|p1a: Yveltal|Sucker Punch|p2a: Zacian\n|-resisted|p2a: Zacian\n|-damage|p2a: Zacian|24\/100\n|move|p2a: Zacian|Behemoth Blade|p1a: Yveltal\n|-damage|p1a: Yveltal|0 fnt\n|faint|p1a: Yveltal\n|\n|upkeep\n|\n|t:|1699221075\n|switch|p1a: Shaymin|Shaymin-Sky|100\/100\n|turn|10\n|inactive|drossito pambisito has 90 seconds left.\n|\n|t:|1699221081\n|move|p1a: Shaymin|Ominous Wind|p2a: Zacian\n|-damage|p2a: Zacian|13\/100\n|move|p2a: Zacian|Behemoth Blade|p1a: Shaymin\n|-damage|p1a: Shaymin|39\/100\n|\n|upkeep\n|turn|11\n|\n|t:|1699221087\n|move|p1a: Shaymin|Ominous Wind|p2a: Zacian\n|-damage|p2a: Zacian|1\/100\n|-boost|p1a: Shaymin|atk|1\n|-boost|p1a: Shaymin|def|1\n|-boost|p1a: Shaymin|spa|1\n|-boost|p1a: Shaymin|spd|1\n|-boost|p1a: Shaymin|spe|1\n|move|p2a: Zacian|Behemoth Blade|p1a: Shaymin\n|-damage|p1a: Shaymin|0 fnt\n|faint|p1a: Shaymin\n|\n|upkeep\n|\n|t:|1699221098\n|switch|p1a: Kyogre|Kyogre|100\/100\n|detailschange|p1a: Kyogre|Kyogre-Primal\n|-primal|p1a: Kyogre|Blue Orb\n|-weather|PrimordialSea|[from] ability: Primordial Sea|[of] p1a: Kyogre\n|turn|12\n|inactive|ashergr has 120 seconds left.\n|\n|t:|1699221104\n|move|p2a: Zacian|Wild Charge|p1a: Kyogre\n|-supereffective|p1a: Kyogre\n|-damage|p1a: Kyogre|37\/100\n|-damage|p2a: Zacian|0 fnt|[from] Recoil\n|faint|p2a: Zacian\n|move|p1a: Kyogre|Surf|p2: Zacian|[notarget]\n|-fail|p1a: Kyogre\n|\n|-weather|PrimordialSea|[upkeep]\n|upkeep\n|inactive|ashergr has 120 seconds left.\n|\n|t:|1699221114\n|switch|p2a: Metagross|Metagross|100\/100\n|-damage|p2a: Metagross|95\/100|[from] Stealth Rock\n|turn|13\n|inactive|ashergr has 120 seconds left.\n|\n|t:|1699221120\n|detailschange|p2a: Metagross|Metagross-Mega\n|-mega|p2a: Metagross|Metagross|Metagrossite\n|move|p2a: Metagross|Meteor Mash|p1a: Kyogre\n|-resisted|p1a: Kyogre\n|-damage|p1a: Kyogre|0 fnt\n|faint|p1a: Kyogre\n|-weather|none\n|\n|upkeep\n|inactive|drossito pambisito has 120 seconds left.\n|\n|t:|1699221134\n|switch|p1a: Salamence|Salamence, M|100\/100\n|-ability|p1a: Salamence|Intimidate|boost\n|-unboost|p2a: Metagross|atk|1\n|turn|14\n|inactive|drossito pambisito has 120 seconds left.\n|\n|t:|1699221141\n|switch|p2a: Kyogre|Kyogre|100\/100\n|-damage|p2a: Kyogre|88\/100|[from] Stealth Rock\n|-weather|RainDance|[from] ability: Drizzle|[of] p2a: Kyogre\n|detailschange|p1a: Salamence|Salamence-Mega, M\n|-mega|p1a: Salamence|Salamence|Salamencite\n|move|p1a: Salamence|Dragon Dance|p1a: Salamence\n|-boost|p1a: Salamence|atk|1\n|-boost|p1a: Salamence|spe|1\n|\n|-weather|RainDance|[upkeep]\n|upkeep\n|turn|15\n|\n|t:|1699221154\n|move|p1a: Salamence|Frustration|p2a: Kyogre\n|-damage|p2a: Kyogre|0 fnt\n|faint|p2a: Kyogre\n|\n|-weather|RainDance|[upkeep]\n|upkeep\n|\n|t:|1699221168\n|switch|p2a: Arceus|Arceus|100\/100\n|-damage|p2a: Arceus|88\/100|[from] Stealth Rock\n|turn|16\n|\n|t:|1699221175\n|move|p1a: Salamence|Frustration|p2a: Arceus\n|-damage|p2a: Arceus|16\/100\n|move|p2a: Arceus|Swords Dance|p2a: Arceus\n|-boost|p2a: Arceus|atk|2\n|\n|-weather|RainDance|[upkeep]\n|upkeep\n|turn|17\n|\n|t:|1699221182\n|move|p2a: Arceus|Extreme Speed|p1a: Salamence\n|-damage|p1a: Salamence|16\/100\n|move|p1a: Salamence|Frustration|p2a: Arceus\n|-damage|p2a: Arceus|0 fnt\n|faint|p2a: Arceus\n|\n|-weather|RainDance|[upkeep]\n|upkeep\n|\n|t:|1699221190\n|switch|p2a: Metagross|Metagross-Mega|95\/100\n|-damage|p2a: Metagross|89\/100|[from] Stealth Rock\n|turn|18\n|\n|t:|1699221201\n|move|p1a: Salamence|Earthquake|p2a: Metagross\n|-supereffective|p2a: Metagross\n|-damage|p2a: Metagross|0 fnt\n|faint|p2a: Metagross\n|\n|-weather|none\n|upkeep\n|\n|t:|1699221205\n|switch|p2a: Dragapult|Dragapult, F|88\/100\n|-damage|p2a: Dragapult|76\/100|[from] Stealth Rock\n|turn|19\n|\n|t:|1699221213\n|move|p1a: Salamence|Frustration|p2a: Dragapult\n|-damage|p2a: Dragapult|0 fnt\n|faint|p2a: Dragapult\n|\n|win|drossito pambisito\n|raw|drossito pambisito's rating: 1414 &rarr; <strong>1433<\/strong><br \/>(+19 for winning)\n|raw|ashergr's rating: 1396 &rarr; <strong>1377<\/strong><br \/>(-19 for losing)\n","uploadtime":1699221218,"views":4,"p1id":"drossitopambisito","p2id":"ashergr","formatid":"gen9nationaldexubers","rating":1377,"private":0,"password":""}