{"id":"gen9nationaldexubers-1980608769","p1":"father_arnau","p2":"SrPorquet","format":"[Gen 9] National Dex Ubers","log":"|j|\u2606father_arnau\n|j|\u203dSrPorquet\n|t:|1698802826\n|gametype|singles\n|player|p1|father_arnau|acetrainer-gen4dp|\n|player|p2|SrPorquet|falkner|\n|teamsize|p1|6\n|teamsize|p2|6\n|gen|9\n|tier|[Gen 9] National Dex Ubers\n|rule|HP Percentage Mod: HP is shown in percentages\n|rule|Endless Battle Clause: Forcing endless battles is banned\n|rule|OHKO Clause: OHKO moves are banned\n|rule|Evasion Moves Clause: Evasion moves are banned\n|rule|Evasion Items Clause: Evasion items are banned\n|rule|Species Clause: Limit one of each Pok\u00e9mon\n|rule|Sleep Clause Mod: Limit one foe put to sleep\n|rule|Mega Rayquaza Clause: You cannot mega evolve Rayquaza\n|clearpoke\n|poke|p1|Torkoal, F|\n|poke|p1|Cloyster, F|\n|poke|p1|Mimikyu, M|\n|poke|p1|Amoonguss, M|\n|poke|p1|Pelipper, M|\n|poke|p1|Barraskewda, F|\n|poke|p2|Pidgeot, M|\n|poke|p2|Magmortar, M|\n|poke|p2|Raichu, F|\n|poke|p2|Clefable, M|\n|poke|p2|Vileplume, M|\n|poke|p2|Politoed, M|\n|teampreview\n|\n|t:|1698802867\n|start\n|switch|p1a: Pelipper|Pelipper, M|100\/100\n|switch|p2a: Raichu|Raichu, F|100\/100\n|-weather|RainDance|[from] ability: Drizzle|[of] p1a: Pelipper\n|turn|1\n|-activate|p1a: Pelipper|item: Quick Claw\n|\n|t:|1698802877\n|-terastallize|p1a: Pelipper|Dragon\n|move|p1a: Pelipper|Hurricane|p2a: Raichu\n|-resisted|p2a: Raichu\n|-damage|p2a: Raichu|59\/100\n|move|p2a: Raichu|Nuzzle|p1a: Pelipper\n|-resisted|p1a: Pelipper\n|-damage|p1a: Pelipper|95\/100\n|-status|p1a: Pelipper|par\n|-damage|p2a: Raichu|49\/100|[from] item: Life Orb\n|\n|-weather|RainDance|[upkeep]\n|upkeep\n|turn|2\n|\n|t:|1698802891\n|move|p2a: Raichu|Play Rough|p1a: Pelipper|[miss]\n|-miss|p2a: Raichu|p1a: Pelipper\n|move|p1a: Pelipper|Weather Ball|p2a: Raichu\n|-damage|p2a: Raichu|0 fnt\n|faint|p2a: Raichu\n|\n|-weather|RainDance|[upkeep]\n|upkeep\n|\n|t:|1698802896\n|switch|p2a: Clefable|Clefable, M|100\/100\n|turn|3\n|\n|t:|1698802909\n|switch|p1a: Mimikyu|Mimikyu, M|100\/100\n|move|p2a: Clefable|Calm Mind|p2a: Clefable\n|-boost|p2a: Clefable|spa|1\n|-boost|p2a: Clefable|spd|1\n|\n|-weather|RainDance|[upkeep]\n|upkeep\n|turn|4\n|\n|t:|1698802919\n|move|p1a: Mimikyu|Swords Dance|p1a: Mimikyu\n|-boost|p1a: Mimikyu|atk|2\n|move|p2a: Clefable|Moonblast|p1a: Mimikyu\n|-activate|p1a: Mimikyu|ability: Disguise\n|-damage|p1a: Mimikyu|100\/100\n|-unboost|p1a: Mimikyu|spa|1\n|detailschange|p1a: Mimikyu|Mimikyu-Busted, M\n|-damage|p1a: Mimikyu|88\/100|[from] pokemon: Mimikyu-Busted\n|\n|-weather|RainDance|[upkeep]\n|upkeep\n|turn|5\n|\n|t:|1698802932\n|move|p1a: Mimikyu|Shadow Sneak|p2a: Clefable\n|-damage|p2a: Clefable|67\/100\n|move|p2a: Clefable|Moonblast|p1a: Mimikyu\n|-damage|p1a: Mimikyu|11\/100\n|-unboost|p1a: Mimikyu|spa|1\n|\n|-weather|none\n|upkeep\n|turn|6\n|\n|t:|1698802941\n|switch|p2a: Pidgeot|Pidgeot, M|100\/100\n|move|p1a: Mimikyu|Shadow Sneak|p2a: Pidgeot\n|-immune|p2a: Pidgeot\n|\n|upkeep\n|turn|7\n|\n|t:|1698802950\n|detailschange|p2a: Pidgeot|Pidgeot-Mega, M\n|-mega|p2a: Pidgeot|Pidgeot|Pidgeotite\n|move|p2a: Pidgeot|Ominous Wind|p1a: Mimikyu\n|-supereffective|p1a: Mimikyu\n|-damage|p1a: Mimikyu|0 fnt\n|faint|p1a: Mimikyu\n|\n|upkeep\n|\n|t:|1698802960\n|switch|p1a: Cloyster|Cloyster, F|100\/100\n|turn|8\n|\n|t:|1698802964\n|move|p2a: Pidgeot|Hurricane|p1a: Cloyster\n|-enditem|p1a: Cloyster|Focus Sash\n|-damage|p1a: Cloyster|1\/100\n|move|p1a: Cloyster|Icicle Spear|p2a: Pidgeot\n|-supereffective|p2a: Pidgeot\n|-damage|p2a: Pidgeot|72\/100\n|-supereffective|p2a: Pidgeot\n|-damage|p2a: Pidgeot|43\/100\n|-supereffective|p2a: Pidgeot\n|-damage|p2a: Pidgeot|13\/100\n|-supereffective|p2a: Pidgeot\n|-damage|p2a: Pidgeot|0 fnt\n|faint|p2a: Pidgeot\n|-hitcount|p2: Pidgeot|4\n|\n|upkeep\n|\n|t:|1698802973\n|switch|p2a: Magmortar|Magmortar, M|100\/100\n|turn|9\n|\n|t:|1698802980\n|move|p2a: Magmortar|Flamethrower|p1a: Cloyster\n|-damage|p1a: Cloyster|0 fnt\n|faint|p1a: Cloyster\n|\n|upkeep\n|\n|t:|1698802986\n|switch|p1a: Pelipper|Pelipper, M, tera:Dragon|95\/100 par\n|-weather|RainDance|[from] ability: Drizzle|[of] p1a: Pelipper\n|turn|10\n|-activate|p1a: Pelipper|item: Quick Claw\n|\n|t:|1698802992\n|switch|p2a: Politoed|Politoed, M|100\/100\n|move|p1a: Pelipper|Weather Ball|p2a: Politoed\n|-immune|p2a: Politoed|[from] ability: Water Absorb\n|\n|-weather|RainDance|[upkeep]\n|upkeep\n|turn|11\n|\n|t:|1698803002\n|move|p2a: Politoed|Psychic|p1a: Pelipper\n|-damage|p1a: Pelipper|63\/100 par\n|move|p1a: Pelipper|Hurricane|p2a: Politoed\n|-damage|p2a: Politoed|55\/100\n|\n|-weather|RainDance|[upkeep]\n|-heal|p2a: Politoed|61\/100|[from] item: Leftovers\n|upkeep\n|turn|12\n|\n|t:|1698803011\n|move|p2a: Politoed|Ice Beam|p1a: Pelipper\n|-supereffective|p1a: Pelipper\n|-damage|p1a: Pelipper|0 fnt\n|faint|p1a: Pelipper\n|\n|-weather|RainDance|[upkeep]\n|-heal|p2a: Politoed|67\/100|[from] item: Leftovers\n|upkeep\n|\n|t:|1698803019\n|switch|p1a: Barraskewda|Barraskewda, F|100\/100\n|turn|13\n|\n|t:|1698803023\n|move|p1a: Barraskewda|Ice Beam|p2a: Politoed\n|-resisted|p2a: Politoed\n|-crit|p2a: Politoed\n|-damage|p2a: Politoed|55\/100\n|move|p2a: Politoed|Psychic|p1a: Barraskewda\n|-damage|p1a: Barraskewda|52\/100\n|\n|-weather|RainDance|[upkeep]\n|-heal|p2a: Politoed|61\/100|[from] item: Leftovers\n|upkeep\n|turn|14\n|\n|t:|1698803035\n|switch|p1a: Amoonguss|Amoonguss, M|100\/100\n|move|p2a: Politoed|Psychic|p1a: Amoonguss\n|-supereffective|p1a: Amoonguss\n|-crit|p1a: Amoonguss\n|-damage|p1a: Amoonguss|29\/100\n|-enditem|p1a: Amoonguss|Sitrus Berry|[eat]\n|-heal|p1a: Amoonguss|54\/100|[from] item: Sitrus Berry\n|\n|-weather|none\n|-heal|p2a: Politoed|67\/100|[from] item: Leftovers\n|upkeep\n|turn|15\n|\n|t:|1698803046\n|switch|p2a: Vileplume|Vileplume, M|100\/100\n|move|p1a: Amoonguss|Giga Drain|p2a: Vileplume\n|-resisted|p2a: Vileplume\n|-crit|p2a: Vileplume\n|-damage|p2a: Vileplume|88\/100\n|-heal|p1a: Amoonguss|60\/100|[from] drain|[of] p2a: Vileplume\n|\n|-heal|p2a: Vileplume|94\/100|[from] item: Leftovers\n|upkeep\n|turn|16\n|\n|t:|1698803058\n|move|p2a: Vileplume|Sludge Bomb|p1a: Amoonguss\n|-damage|p1a: Amoonguss|17\/100\n|move|p1a: Amoonguss|Sludge Bomb|p2a: Vileplume\n|-damage|p2a: Vileplume|53\/100\n|\n|-heal|p2a: Vileplume|59\/100|[from] item: Leftovers\n|upkeep\n|turn|17\n|\n|t:|1698803067\n|move|p2a: Vileplume|Sludge Bomb|p1a: Amoonguss\n|-damage|p1a: Amoonguss|0 fnt\n|faint|p1a: Amoonguss\n|\n|-heal|p2a: Vileplume|65\/100|[from] item: Leftovers\n|upkeep\n|\n|t:|1698803074\n|switch|p1a: Torkoal|Torkoal, F|100\/100\n|-weather|SunnyDay|[from] ability: Drought|[of] p1a: Torkoal\n|turn|18\n|\n|t:|1698803081\n|switch|p2a: Politoed|Politoed, M|67\/100\n|move|p1a: Torkoal|Lava Plume|p2a: Politoed\n|-resisted|p2a: Politoed\n|-damage|p2a: Politoed|50\/100\n|-status|p2a: Politoed|brn\n|\n|-weather|SunnyDay|[upkeep]\n|-heal|p2a: Politoed|56\/100 brn|[from] item: Leftovers\n|-damage|p2a: Politoed|50\/100 brn|[from] brn\n|upkeep\n|turn|19\n|\n|t:|1698803101\n|-terastallize|p2a: Politoed|Ground\n|move|p2a: Politoed|Earth Power|p1a: Torkoal\n|-supereffective|p1a: Torkoal\n|-damage|p1a: Torkoal|14\/100\n|move|p1a: Torkoal|Solar Beam||[still]\n|-prepare|p1a: Torkoal|Solar Beam\n|-anim|p1a: Torkoal|Solar Beam|p2a: Politoed\n|-supereffective|p2a: Politoed\n|-damage|p2a: Politoed|3\/100 brn\n|\n|-weather|SunnyDay|[upkeep]\n|-heal|p2a: Politoed|9\/100 brn|[from] item: Leftovers\n|-damage|p2a: Politoed|3\/100 brn|[from] brn\n|upkeep\n|turn|20\n|\n|t:|1698803117\n|move|p2a: Politoed|Earth Power|p1a: Torkoal\n|-supereffective|p1a: Torkoal\n|-damage|p1a: Torkoal|0 fnt\n|faint|p1a: Torkoal\n|\n|-weather|SunnyDay|[upkeep]\n|-heal|p2a: Politoed|9\/100 brn|[from] item: Leftovers\n|-damage|p2a: Politoed|3\/100 brn|[from] brn\n|upkeep\n|\n|t:|1698803154\n|switch|p1a: Barraskewda|Barraskewda, F|52\/100\n|turn|21\n|\n|t:|1698803159\n|move|p1a: Barraskewda|Ice Beam|p2a: Politoed\n|-supereffective|p2a: Politoed\n|-damage|p2a: Politoed|0 fnt\n|faint|p2a: Politoed\n|\n|-weather|SunnyDay|[upkeep]\n|upkeep\n|\n|t:|1698803163\n|switch|p2a: Magmortar|Magmortar, M|100\/100\n|turn|22\n|\n|t:|1698803169\n|move|p1a: Barraskewda|Waterfall|p2a: Magmortar\n|-supereffective|p2a: Magmortar\n|-damage|p2a: Magmortar|55\/100\n|move|p2a: Magmortar|Thunderbolt|p1a: Barraskewda\n|-supereffective|p1a: Barraskewda\n|-damage|p1a: Barraskewda|0 fnt\n|faint|p1a: Barraskewda\n|\n|win|SrPorquet\n|l|\u2606father_arnau\n","uploadtime":1698803187,"views":10,"p1id":"fatherarnau","p2id":"srporquet","formatid":"gen9nationaldexubers","rating":0,"private":0,"password":""}