{"id":"gen9nationaldexubers-1982159392","p1":"lelza","p2":"BoyzArbokInTown03","format":"[Gen 9] National Dex Ubers","log":"|j|\u2606lelza\n|j|\u2606BoyzArbokInTown03\n|t:|1698974004\n|gametype|singles\n|player|p1|lelza|worker|\n|player|p2|BoyzArbokInTown03|265|\n|teamsize|p1|6\n|teamsize|p2|6\n|gen|9\n|tier|[Gen 9] National Dex Ubers\n|rule|HP Percentage Mod: HP is shown in percentages\n|rule|Endless Battle Clause: Forcing endless battles is banned\n|rule|OHKO Clause: OHKO moves are banned\n|rule|Evasion Moves Clause: Evasion moves are banned\n|rule|Evasion Items Clause: Evasion items are banned\n|rule|Species Clause: Limit one of each Pok\u00e9mon\n|rule|Sleep Clause Mod: Limit one foe put to sleep\n|rule|Mega Rayquaza Clause: You cannot mega evolve Rayquaza\n|clearpoke\n|poke|p1|Latias, F|\n|poke|p1|Zapdos|\n|poke|p1|Keldeo|\n|poke|p1|Torterra, M|\n|poke|p1|Chien-Pao|\n|poke|p1|Sneasler, F|\n|poke|p2|Espathra, M|\n|poke|p2|Glimmora, F|\n|poke|p2|Volcarona, M|\n|poke|p2|Victini|\n|poke|p2|Zoroark-Hisui, M|\n|poke|p2|Sylveon, F|\n|teampreview\n|c|\u2606lelza|gl hf!!\n|j| PokeHaint\n|c|\u2606BoyzArbokInTown03|Glhf!\n|c| PokeHaint|VICTINI NOOOO\n|c| PokeHaint|It hurts so bad\n|c|\u2606BoyzArbokInTown03|Literally sending him out there to die\n|c|\u2606BoyzArbokInTown03|He's just gonna click celebration 64 times\n|\n|t:|1698974080\n|start\n|switch|p1a: whoa|Keldeo|100\/100\n|switch|p2a: Glimmora|Glimmora, F|100\/100\n|turn|1\n|\n|t:|1698974114\n|move|p1a: whoa|Flip Turn|p2a: Glimmora\n|-supereffective|p2a: Glimmora\n|-damage|p2a: Glimmora|50\/100\n|-activate|p2a: Glimmora|ability: Toxic Debris\n|-sidestart|p1: lelza|move: Toxic Spikes\n|\n|t:|1698974143\n|switch|p1a: static shock|Zapdos|100\/100|[from] Flip Turn\n|move|p2a: Glimmora|Stealth Rock|p1a: static shock\n|-sidestart|p1: lelza|move: Stealth Rock\n|\n|upkeep\n|turn|2\n|\n|t:|1698974186\n|move|p1a: static shock|Defog|p2a: Glimmora\n|-unboost|p2a: Glimmora|evasion|1\n|-sideend|p1: lelza|Toxic Spikes|[from] move: Defog|[of] p1a: static shock\n|-sideend|p1: lelza|Stealth Rock|[from] move: Defog|[of] p1a: static shock\n|move|p2a: Glimmora|Power Gem|p1a: static shock\n|-supereffective|p1a: static shock\n|-damage|p1a: static shock|7\/100\n|\n|upkeep\n|turn|3\n|\n|t:|1698974201\n|move|p1a: static shock|Volt Switch|p2a: Glimmora\n|-damage|p2a: Glimmora|8\/100\n|\n|t:|1698974219\n|switch|p1a: zoomies|Latias, F|100\/100|[from] Volt Switch\n|move|p2a: Glimmora|Earth Power|p1a: zoomies\n|-immune|p1a: zoomies|[from] ability: Levitate\n|\n|upkeep\n|turn|4\n|\n|t:|1698974249\n|detailschange|p1a: zoomies|Latias-Mega, F\n|-mega|p1a: zoomies|Latias|Latiasite\n|move|p2a: Glimmora|Toxic|p1a: zoomies\n|-status|p1a: zoomies|tox\n|move|p1a: zoomies|Calm Mind|p1a: zoomies\n|-boost|p1a: zoomies|spa|1\n|-boost|p1a: zoomies|spd|1\n|\n|-damage|p1a: zoomies|94\/100 tox|[from] psn\n|upkeep\n|turn|5\n|\n|t:|1698974274\n|move|p2a: Glimmora|Stealth Rock|p1a: zoomies\n|-sidestart|p1: lelza|move: Stealth Rock\n|move|p1a: zoomies|Psychic|p2a: Glimmora\n|-supereffective|p2a: Glimmora\n|-damage|p2a: Glimmora|0 fnt\n|faint|p2a: Glimmora\n|\n|-damage|p1a: zoomies|82\/100 tox|[from] psn\n|upkeep\n|\n|t:|1698974280\n|switch|p2a: Sylveon|Sylveon, F|100\/100\n|turn|6\n|\n|t:|1698974367\n|move|p2a: Sylveon|Shadow Ball|p1a: zoomies\n|-supereffective|p1a: zoomies\n|-damage|p1a: zoomies|26\/100 tox\n|move|p1a: zoomies|Psychic|p2a: Sylveon\n|-damage|p2a: Sylveon|0 fnt\n|replace|p2a: Zoroark|Zoroark-Hisui, M\n|-end|p2a: Zoroark|Illusion\n|faint|p2a: Zoroark\n|\n|-damage|p1a: zoomies|8\/100 tox|[from] psn\n|upkeep\n|\n|t:|1698974400\n|switch|p2a: Sylveon|Sylveon, F|100\/100\n|turn|7\n|\n|t:|1698974423\n|move|p2a: Sylveon|Protect|p2a: Sylveon\n|-singleturn|p2a: Sylveon|Protect\n|move|p1a: zoomies|Psychic|p2a: Sylveon\n|-activate|p2a: Sylveon|move: Protect\n|\n|-damage|p1a: zoomies|0 fnt|[from] psn\n|faint|p1a: zoomies\n|upkeep\n|\n|t:|1698974435\n|switch|p1a: dire claw go brrr|Sneasler, F|100\/100\n|-damage|p1a: dire claw go brrr|95\/100|[from] Stealth Rock\n|turn|8\n|\n|t:|1698974456\n|move|p1a: dire claw go brrr|Fake Out|p2a: Sylveon\n|-enditem|p1a: dire claw go brrr|Normal Gem|[from] gem\n|-damage|p2a: Sylveon|76\/100\n|cant|p2a: Sylveon|flinch\n|\n|-heal|p2a: Sylveon|82\/100|[from] item: Leftovers\n|upkeep\n|turn|9\n|\n|t:|1698974477\n|switch|p2a: Victini|Victini|100\/100\n|-terastallize|p1a: dire claw go brrr|Flying\n|move|p1a: dire claw go brrr|Acrobatics|p2a: Victini\n|-damage|p2a: Victini|32\/100\n|\n|upkeep\n|turn|10\n|\n|t:|1698974521\n|move|p1a: dire claw go brrr|Acrobatics|p2a: Victini\n|-damage|p2a: Victini|0 fnt\n|faint|p2a: Victini\n|\n|upkeep\n|\n|t:|1698974541\n|switch|p2a: Sylveon|Sylveon, F|82\/100\n|turn|11\n|\n|t:|1698974553\n|move|p1a: dire claw go brrr|Acrobatics|p2a: Sylveon\n|-damage|p2a: Sylveon|0 fnt\n|faint|p2a: Sylveon\n|\n|upkeep\n|\n|t:|1698974571\n|switch|p2a: Volcarona|Volcarona, M|100\/100\n|turn|12\n|\n|t:|1698974590\n|move|p1a: dire claw go brrr|Acrobatics|p2a: Volcarona\n|-supereffective|p2a: Volcarona\n|-damage|p2a: Volcarona|0 fnt\n|faint|p2a: Volcarona\n|\n|upkeep\n|\n|t:|1698974596\n|switch|p2a: Espathra|Espathra, M|100\/100\n|turn|13\n|\n|t:|1698974609\n|move|p1a: dire claw go brrr|Acrobatics|p2a: Espathra\n|-damage|p2a: Espathra|0 fnt\n|faint|p2a: Espathra\n|\n|win|lelza\n|c|\u2606lelza|ggs\n|c|\u2606BoyzArbokInTown03|That's a lotta damage\n|c|\u2606BoyzArbokInTown03|GG\n|l|\u2606BoyzArbokInTown03\n|c|\u2606lelza|i got replays\n","uploadtime":1698974615,"views":31,"p1id":"lelza","p2id":"boyzarbokintown03","formatid":"gen9nationaldexubers","rating":0,"private":0,"password":""}