{"id":"gen9nationaldexubers-1980816445","p1":"emilipdh","p2":"pikaloc","format":"[Gen 9] National Dex Ubers","log":"|j|\u2606emilipdh\n|j|\u2606pikaloc\n|t:|1698837853\n|gametype|singles\n|player|p1|emilipdh|larry|1047\n|player|p2|pikaloc|hiker|1036\n|teamsize|p1|6\n|teamsize|p2|6\n|gen|9\n|tier|[Gen 9] National Dex Ubers\n|rated|\n|rule|HP Percentage Mod: HP is shown in percentages\n|rule|Endless Battle Clause: Forcing endless battles is banned\n|rule|OHKO Clause: OHKO moves are banned\n|rule|Evasion Moves Clause: Evasion moves are banned\n|rule|Evasion Items Clause: Evasion items are banned\n|rule|Species Clause: Limit one of each Pok\u00e9mon\n|rule|Sleep Clause Mod: Limit one foe put to sleep\n|rule|Mega Rayquaza Clause: You cannot mega evolve Rayquaza\n|clearpoke\n|poke|p1|Slurpuff, L77, F|\n|poke|p1|Gigalith, M|\n|poke|p1|Landorus-Therian, M|\n|poke|p1|Golem-Alola, M|\n|poke|p1|Glalie, M|\n|poke|p1|Basculegion, M|\n|poke|p2|Greninja-*, M|\n|poke|p2|Mamoswine, M|\n|poke|p2|Pawmot, M|\n|poke|p2|Mimikyu, F|\n|poke|p2|Coalossal, M|\n|poke|p2|Metagross|\n|teampreview\n|inactive|Battle timer is ON: inactive players will automatically lose when time's up. (requested by emilipdh)\n|\n|t:|1698837865\n|start\n|switch|p1a: Slurpuff|Slurpuff, L77, F|100\/100\n|switch|p2a: Naruto|Greninja, M|100\/100\n|turn|1\n|\n|t:|1698837872\n|-terastallize|p2a: Naruto|Water\n|move|p2a: Naruto|Hydro Pump|p1a: Slurpuff|[miss]\n|-miss|p2a: Naruto|p1a: Slurpuff\n|move|p1a: Slurpuff|Sticky Web|p2a: Naruto\n|-sidestart|p2: pikaloc|move: Sticky Web\n|\n|upkeep\n|turn|2\n|\n|t:|1698837884\n|move|p1a: Slurpuff|Magic Coat|p1a: Slurpuff\n|-singleturn|p1a: Slurpuff|move: Magic Coat\n|move|p2a: Naruto|Hydro Pump|p1a: Slurpuff\n|-enditem|p1a: Slurpuff|Focus Sash\n|-damage|p1a: Slurpuff|1\/100\n|-damage|p2a: Naruto|91\/100|[from] item: Life Orb\n|\n|upkeep\n|turn|3\n|\n|t:|1698837894\n|move|p2a: Naruto|Water Shuriken|p1a: Slurpuff\n|-damage|p1a: Slurpuff|0 fnt\n|faint|p1a: Slurpuff\n|-ability|p2a: Naruto|Battle Bond|boost\n|-boost|p2a: Naruto|atk|1\n|-boost|p2a: Naruto|spa|1\n|-boost|p2a: Naruto|spe|1\n|-activate|p2a: Naruto|ability: Battle Bond\n|-hitcount|p1: Slurpuff|1\n|-damage|p2a: Naruto|81\/100|[from] item: Life Orb\n|\n|upkeep\n|inactive|emilipdh has 120 seconds left.\n|\n|t:|1698837921\n|switch|p1a: Landorus|Landorus-Therian, M|100\/100\n|-ability|p1a: Landorus|Intimidate|boost\n|-unboost|p2a: Naruto|atk|1\n|turn|4\n|inactive|emilipdh has 120 seconds left.\n|\n|t:|1698837933\n|-terastallize|p1a: Landorus|Normal\n|move|p2a: Naruto|Hydro Pump|p1a: Landorus|[miss]\n|-miss|p2a: Naruto|p1a: Landorus\n|move|p1a: Landorus|Explosion|p2a: Naruto\n|-enditem|p1a: Landorus|Normal Gem|[from] gem\n|-damage|p2a: Naruto|0 fnt\n|faint|p1a: Landorus\n|faint|p2a: Naruto\n|\n|upkeep\n|\n|t:|1698837949\n|switch|p2a: Menny|Mamoswine, M|100\/100\n|switch|p1a: Gigalith|Gigalith, M|100\/100\n|-activate|p2a: Menny|move: Sticky Web\n|-unboost|p2a: Menny|spe|1\n|turn|5\n|\n|t:|1698837955\n|move|p2a: Menny|Earthquake|p1a: Gigalith\n|-supereffective|p1a: Gigalith\n|-ability|p1a: Gigalith|Sturdy\n|-damage|p1a: Gigalith|1\/100\n|move|p1a: Gigalith|Curse|p1a: Gigalith\n|-unboost|p1a: Gigalith|spe|1\n|-boost|p1a: Gigalith|atk|1\n|-boost|p1a: Gigalith|def|1\n|\n|upkeep\n|turn|6\n|inactive|emilipdh has 120 seconds left.\n|-enditem|p1a: Gigalith|Custap Berry|[eat]\n|-activate|p1a: Gigalith|item: Custap Berry|[consumed]\n|\n|t:|1698837976\n|move|p1a: Gigalith|Explosion|p2a: Menny\n|-damage|p2a: Menny|0 fnt\n|faint|p1a: Gigalith\n|faint|p2a: Menny\n|\n|upkeep\n|\n|t:|1698837992\n|switch|p2a: optimus prime|Metagross|100\/100\n|switch|p1a: Golem|Golem-Alola, M|100\/100\n|-activate|p2a: optimus prime|move: Sticky Web\n|-fail|p2a: optimus prime|unboost|[from] ability: Clear Body|[of] p2a: optimus prime\n|turn|7\n|\n|t:|1698837998\n|detailschange|p2a: optimus prime|Metagross-Mega\n|-mega|p2a: optimus prime|Metagross|Metagrossite\n|move|p2a: optimus prime|Meteor Mash|p1a: Golem\n|-damage|p1a: Golem|57\/100\n|move|p1a: Golem|Explosion|p2a: optimus prime\n|-crit|p2a: optimus prime\n|-damage|p2a: optimus prime|0 fnt\n|faint|p1a: Golem\n|faint|p2a: optimus prime\n|\n|upkeep\n|\n|t:|1698838010\n|switch|p2a: Fornalha|Coalossal, M|100\/100\n|switch|p1a: Glalie|Glalie, M|100\/100\n|turn|8\n|\n|t:|1698838020\n|detailschange|p1a: Glalie|Glalie-Mega, M\n|-mega|p1a: Glalie|Glalie|Glalitite\n|move|p1a: Glalie|Explosion|p2a: Fornalha\n|-resisted|p2a: Fornalha\n|-damage|p2a: Fornalha|56\/100\n|faint|p1a: Glalie\n|move|p2a: Fornalha|Flamethrower|p1: Glalie|[notarget]\n|-fail|p2a: Fornalha\n|\n|upkeep\n|\n|t:|1698838024\n|switch|p1a: Basculegion|Basculegion, M, shiny|100\/100\n|turn|9\n|\n|t:|1698838032\n|switch|p2a: Miguel mouse|Pawmot, M|100\/100\n|-activate|p2a: Miguel mouse|move: Sticky Web\n|-unboost|p2a: Miguel mouse|spe|1\n|move|p1a: Basculegion|Last Respects|p2a: Miguel mouse\n|-damage|p2a: Miguel mouse|0 fnt\n|faint|p2a: Miguel mouse\n|\n|upkeep\n|\n|t:|1698838035\n|switch|p2a: Fantoche|Mimikyu, F|100\/100\n|-activate|p2a: Fantoche|move: Sticky Web\n|-unboost|p2a: Fantoche|spe|1\n|turn|10\n|\n|t:|1698838037\n|move|p1a: Basculegion|Last Respects|p2a: Fantoche\n|-activate|p2a: Fantoche|ability: Disguise\n|-damage|p2a: Fantoche|100\/100\n|detailschange|p2a: Fantoche|Mimikyu-Busted, F\n|-damage|p2a: Fantoche|88\/100|[from] pokemon: Mimikyu-Busted\n|move|p2a: Fantoche|Swords Dance|p2a: Fantoche\n|-boost|p2a: Fantoche|atk|2\n|\n|upkeep\n|turn|11\n|\n|t:|1698838045\n|move|p1a: Basculegion|Last Respects|p2a: Fantoche\n|-supereffective|p2a: Fantoche\n|-damage|p2a: Fantoche|0 fnt\n|faint|p2a: Fantoche\n|\n|upkeep\n|c|\u2606emilipdh|gg\n|\n|t:|1698838049\n|switch|p2a: Fornalha|Coalossal, M|56\/100\n|turn|12\n|\n|t:|1698838054\n|move|p1a: Basculegion|Last Respects|p2a: Fornalha\n|-damage|p2a: Fornalha|0 fnt\n|faint|p2a: Fornalha\n|\n|win|emilipdh\n|raw|emilipdh's rating: 1047 &rarr; <strong>1079<\/strong><br \/>(+32 for winning)\n|raw|pikaloc's rating: 1036 &rarr; <strong>1021<\/strong><br \/>(-15 for losing)\n|l|\u2606pikaloc\n","uploadtime":1698838060,"views":9,"p1id":"emilipdh","p2id":"pikaloc","formatid":"gen9nationaldexubers","rating":1021,"private":0,"password":""}