{"id":"gen9nationaldexubers-1993831230","p1":"Rhyfinn08","p2":"dangvu2k5D","format":"[Gen 9] National Dex Ubers","log":"|j|\u2606Rhyfinn08\n|j|\u2606dangvu2k5D\n|t:|1700362677\n|gametype|singles\n|player|p1|Rhyfinn08|ninjaboy|1239\n|player|p2|dangvu2k5D|101|1360\n|teamsize|p1|6\n|teamsize|p2|6\n|gen|9\n|tier|[Gen 9] National Dex Ubers\n|rated|\n|rule|HP Percentage Mod: HP is shown in percentages\n|rule|Endless Battle Clause: Forcing endless battles is banned\n|rule|OHKO Clause: OHKO moves are banned\n|rule|Evasion Moves Clause: Evasion moves are banned\n|rule|Evasion Items Clause: Evasion items are banned\n|rule|Species Clause: Limit one of each Pok\u00e9mon\n|rule|Sleep Clause Mod: Limit one foe put to sleep\n|rule|Mega Rayquaza Clause: You cannot mega evolve Rayquaza\n|clearpoke\n|poke|p1|Xerneas-*|\n|poke|p1|Marshadow|\n|poke|p1|Groudon|\n|poke|p1|Deoxys-Speed|\n|poke|p1|Necrozma-Dusk-Mane|\n|poke|p1|Pheromosa|\n|poke|p2|Beedrill, F|\n|poke|p2|Iron Bundle|\n|poke|p2|Moltres|\n|poke|p2|Registeel|\n|poke|p2|Groudon|\n|poke|p2|Murkrow, F|\n|teampreview\n|inactive|Battle timer is ON: inactive players will automatically lose when time's up. (requested by Rhyfinn08)\n|\n|t:|1700362690\n|start\n|switch|p1a: Deoxys|Deoxys-Speed, shiny|100\/100\n|switch|p2a: Groudon|Groudon|100\/100\n|-ability|p1a: Deoxys|Pressure\n|detailschange|p2a: Groudon|Groudon-Primal\n|-primal|p2a: Groudon|Red Orb\n|-weather|DesolateLand|[from] ability: Desolate Land|[of] p2a: Groudon\n|turn|1\n|\n|t:|1700362699\n|move|p1a: Deoxys|Taunt|p2a: Groudon\n|-start|p2a: Groudon|move: Taunt\n|move|p2a: Groudon|Heat Crash|p1a: Deoxys\n|-crit|p1a: Deoxys\n|-enditem|p1a: Deoxys|Focus Sash\n|-damage|p1a: Deoxys|1\/100\n|\n|-weather|DesolateLand|[upkeep]\n|upkeep\n|turn|2\n|\n|t:|1700362708\n|move|p1a: Deoxys|Stealth Rock|p2a: Groudon\n|-sidestart|p2: dangvu2k5D|move: Stealth Rock\n|move|p2a: Groudon|Heat Crash|p1a: Deoxys\n|-damage|p1a: Deoxys|0 fnt\n|faint|p1a: Deoxys\n|\n|-weather|DesolateLand|[upkeep]\n|upkeep\n|\n|t:|1700362713\n|switch|p1a: Groudon|Groudon, shiny|100\/100\n|detailschange|p1a: Groudon|Groudon-Primal, shiny\n|-primal|p1a: Groudon|Red Orb\n|turn|3\n|\n|t:|1700362718\n|move|p1a: Groudon|Earth Power|p2a: Groudon\n|-supereffective|p2a: Groudon\n|-damage|p2a: Groudon|0 fnt\n|faint|p2a: Groudon\n|\n|-weather|DesolateLand|[upkeep]\n|upkeep\n|\n|t:|1700362724\n|switch|p2a: Moltres|Moltres|100\/100\n|turn|4\n|\n|t:|1700362737\n|-weather|none\n|switch|p1a: Marshadow|Marshadow|100\/100\n|move|p2a: Moltres|Defog|p1a: Marshadow\n|-unboost|p1a: Marshadow|evasion|1\n|-sideend|p2: dangvu2k5D|Stealth Rock|[from] move: Defog|[of] p2a: Moltres\n|\n|upkeep\n|turn|5\n|\n|t:|1700362745\n|move|p1a: Marshadow|Rock Tomb|p2a: Moltres\n|-supereffective|p2a: Moltres\n|-damage|p2a: Moltres|0 fnt\n|faint|p2a: Moltres\n|\n|upkeep\n|\n|t:|1700362755\n|switch|p2a: Murkrow|Murkrow, F|100\/100\n|turn|6\n|\n|t:|1700362765\n|switch|p1a: Groudon|Groudon-Primal, shiny|100\/100\n|-weather|DesolateLand|[from] ability: Desolate Land|[of] p1a: Groudon\n|move|p2a: Murkrow|Foul Play|p1a: Groudon\n|-damage|p1a: Groudon|72\/100\n|\n|-weather|DesolateLand|[upkeep]\n|upkeep\n|turn|7\n|\n|t:|1700362775\n|move|p1a: Groudon|Rock Polish|p1a: Groudon\n|-boost|p1a: Groudon|spe|2\n|move|p2a: Murkrow|Foul Play|p1a: Groudon\n|-damage|p1a: Groudon|44\/100\n|\n|-weather|DesolateLand|[upkeep]\n|upkeep\n|turn|8\n|\n|t:|1700362781\n|move|p2a: Murkrow|Haze|p2a: Murkrow\n|-clearallboost\n|move|p1a: Groudon|Flamethrower|p2a: Murkrow\n|-damage|p2a: Murkrow|2\/100\n|\n|-weather|DesolateLand|[upkeep]\n|upkeep\n|turn|9\n|\n|t:|1700362789\n|move|p1a: Groudon|Flamethrower|p2a: Murkrow\n|-damage|p2a: Murkrow|0 fnt\n|faint|p2a: Murkrow\n|\n|-weather|DesolateLand|[upkeep]\n|upkeep\n|\n|t:|1700362794\n|switch|p2a: Iron Bundle|Iron Bundle|100\/100\n|-enditem|p2a: Iron Bundle|Booster Energy\n|-activate|p2a: Iron Bundle|ability: Quark Drive|[fromitem]\n|-start|p2a: Iron Bundle|quarkdrivespa\n|turn|10\n|\n|t:|1700362805\n|-terastallize|p2a: Iron Bundle|Ice\n|move|p2a: Iron Bundle|Ice Beam|p1a: Groudon\n|-crit|p1a: Groudon\n|-damage|p1a: Groudon|0 fnt\n|faint|p1a: Groudon\n|-weather|none\n|\n|upkeep\n|\n|t:|1700362809\n|switch|p1a: Pheromosa|Pheromosa, shiny|100\/100\n|turn|11\n|\n|t:|1700362816\n|move|p2a: Iron Bundle|Protect|p2a: Iron Bundle\n|-singleturn|p2a: Iron Bundle|Protect\n|move|p1a: Pheromosa|Close Combat|p2a: Iron Bundle\n|-activate|p2a: Iron Bundle|move: Protect\n|\n|upkeep\n|turn|12\n|\n|t:|1700362834\n|move|p1a: Pheromosa|Close Combat|p2a: Iron Bundle\n|-supereffective|p2a: Iron Bundle\n|-crit|p2a: Iron Bundle\n|-damage|p2a: Iron Bundle|0 fnt\n|-unboost|p1a: Pheromosa|def|1\n|-unboost|p1a: Pheromosa|spd|1\n|faint|p2a: Iron Bundle\n|-end|p2a: Iron Bundle|Quark Drive|[silent]\n|-ability|p1a: Pheromosa|Beast Boost|boost\n|-boost|p1a: Pheromosa|spe|1\n|-damage|p1a: Pheromosa|91\/100|[from] item: Life Orb\n|\n|upkeep\n|\n|t:|1700362843\n|switch|p2a: Beedrill|Beedrill, F|100\/100\n|turn|13\n|\n|t:|1700362851\n|detailschange|p2a: Beedrill|Beedrill-Mega, F\n|-mega|p2a: Beedrill|Beedrill|Beedrillite\n|move|p1a: Pheromosa|Ice Beam|p2a: Beedrill\n|-damage|p2a: Beedrill|34\/100\n|-damage|p1a: Pheromosa|81\/100|[from] item: Life Orb\n|move|p2a: Beedrill|Fell Stinger|p1a: Pheromosa\n|-resisted|p1a: Pheromosa\n|-damage|p1a: Pheromosa|0 fnt\n|faint|p1a: Pheromosa\n|-boost|p2a: Beedrill|atk|3\n|\n|upkeep\n|\n|t:|1700362857\n|switch|p1a: Marshadow|Marshadow|100\/100\n|turn|14\n|\n|t:|1700362865\n|move|p2a: Beedrill|Poison Jab|p1a: Marshadow\n|-resisted|p1a: Marshadow\n|-damage|p1a: Marshadow|3\/100\n|-status|p1a: Marshadow|psn\n|move|p1a: Marshadow|Spectral Thief||[still]\n|-clearpositiveboost|p2a: Beedrill|p1a: Marshadow|move: Spectral Thief\n|-boost|p1a: Marshadow|atk|3\n|-anim|p1a: Marshadow|Spectral Thief|p2a: Beedrill\n|-damage|p2a: Beedrill|0 fnt\n|faint|p2a: Beedrill\n|\n|-damage|p1a: Marshadow|0 fnt|[from] psn\n|faint|p1a: Marshadow\n|upkeep\n|\n|t:|1700362881\n|switch|p2a: Registeel|Registeel|100\/100\n|switch|p1a: Xerneas|Xerneas|100\/100\n|-ability|p1a: Xerneas|Fairy Aura\n|turn|15\n|\n|t:|1700362889\n|-terastallize|p1a: Xerneas|Fire\n|move|p1a: Xerneas|Geomancy||[still]\n|-prepare|p1a: Xerneas|Geomancy\n|-enditem|p1a: Xerneas|Power Herb\n|-anim|p1a: Xerneas|Geomancy|p1a: Xerneas\n|-boost|p1a: Xerneas|spa|2\n|-boost|p1a: Xerneas|spd|2\n|-boost|p1a: Xerneas|spe|2\n|move|p2a: Registeel|Substitute|p2a: Registeel\n|-start|p2a: Registeel|Substitute\n|-damage|p2a: Registeel|76\/100\n|\n|-heal|p2a: Registeel|82\/100|[from] item: Leftovers\n|upkeep\n|turn|16\n|\n|t:|1700362902\n|move|p1a: Xerneas|Hidden Power|p2a: Registeel\n|-supereffective|p2a: Registeel\n|-crit|p2a: Registeel\n|-end|p2a: Registeel|Substitute\n|move|p2a: Registeel|Iron Defense|p2a: Registeel\n|-boost|p2a: Registeel|def|2\n|\n|-heal|p2a: Registeel|88\/100|[from] item: Leftovers\n|upkeep\n|turn|17\n|\n|t:|1700362911\n|move|p1a: Xerneas|Hidden Power|p2a: Registeel\n|-supereffective|p2a: Registeel\n|-damage|p2a: Registeel|0 fnt\n|faint|p2a: Registeel\n|\n|win|Rhyfinn08\n|raw|Rhyfinn08's rating: 1239 &rarr; <strong>1272<\/strong><br \/>(+33 for winning)\n|raw|dangvu2k5D's rating: 1360 &rarr; <strong>1333<\/strong><br \/>(-27 for losing)\n","uploadtime":1700362917,"views":6,"p1id":"rhyfinn08","p2id":"dangvu2k5d","formatid":"gen9nationaldexubers","rating":1272,"private":0,"password":""}