{"id":"gen9nationaldexubers-1981374418","p1":"harmony6","p2":"asayake","format":"[Gen 9] National Dex Ubers","log":"|j|\u2606harmony6\n|j|\u2606asayake\n|t:|1698888883\n|gametype|singles\n|player|p1|harmony6|lass-gen4dp|\n|player|p2|asayake|caitlin|\n|teamsize|p1|6\n|teamsize|p2|6\n|gen|9\n|tier|[Gen 9] National Dex Ubers\n|rule|HP Percentage Mod: HP is shown in percentages\n|rule|Endless Battle Clause: Forcing endless battles is banned\n|rule|OHKO Clause: OHKO moves are banned\n|rule|Evasion Moves Clause: Evasion moves are banned\n|rule|Evasion Items Clause: Evasion items are banned\n|rule|Species Clause: Limit one of each Pok\u00e9mon\n|rule|Sleep Clause Mod: Limit one foe put to sleep\n|rule|Mega Rayquaza Clause: You cannot mega evolve Rayquaza\n|clearpoke\n|poke|p1|Lopunny, M|\n|poke|p1|Gastrodon, M|\n|poke|p1|Ferrothorn, M|\n|poke|p1|Tapu Fini|\n|poke|p1|Zapdos|\n|poke|p1|Meowscarada, M|\n|poke|p2|Gyarados, M|\n|poke|p2|Urshifu-*, M|\n|poke|p2|Pelipper, F|\n|poke|p2|Slowbro, M|\n|poke|p2|Walking Wake|\n|poke|p2|Dhelmise|\n|teampreview\n|c|\u2606harmony6|Send me your paste pls\n|c|\u2606asayake|https:\/\/pokepast.es\/181a06deaaca7b6a\n|\n|t:|1698888933\n|start\n|switch|p1a: Lopunny|Lopunny, M|100\/100\n|switch|p2a: Pelipper|Pelipper, F|100\/100\n|-weather|RainDance|[from] ability: Drizzle|[of] p2a: Pelipper\n|turn|1\n|\n|t:|1698888978\n|switch|p2a: Slowbro|Slowbro, M|100\/100\n|detailschange|p1a: Lopunny|Lopunny-Mega, M\n|-mega|p1a: Lopunny|Lopunny|Lopunnite\n|move|p1a: Lopunny|Fake Out|p2a: Slowbro\n|-damage|p2a: Slowbro|88\/100\n|\n|-weather|RainDance|[upkeep]\n|upkeep\n|turn|2\n|\n|t:|1698888988\n|move|p1a: Lopunny|U-turn|p2a: Slowbro\n|-supereffective|p2a: Slowbro\n|-damage|p2a: Slowbro|60\/100\n|\n|t:|1698888991\n|switch|p1a: Gastrodon|Gastrodon, M|100\/100|[from] U-turn\n|move|p2a: Slowbro|Teleport|p2a: Slowbro\n|j| The Rock Temple\n|\n|t:|1698889004\n|switch|p2a: Gyarados|Gyarados, M|100\/100|[from] Teleport\n|-ability|p2a: Gyarados|Intimidate|boost\n|-unboost|p1a: Gastrodon|atk|1\n|\n|-weather|RainDance|[upkeep]\n|upkeep\n|turn|3\n|n| k7eenex|therocktemple\n|\n|t:|1698889040\n|switch|p2a: Dhelmise|Dhelmise|100\/100\n|switch|p1a: Zapdos|Zapdos|100\/100\n|\n|-weather|RainDance|[upkeep]\n|upkeep\n|turn|4\n|\n|t:|1698889070\n|switch|p2a: Slowbro|Slowbro, M|93\/100\n|move|p1a: Zapdos|Hurricane|p2a: Slowbro\n|-damage|p2a: Slowbro|48\/100\n|\n|-weather|RainDance|[upkeep]\n|upkeep\n|turn|5\n|\n|t:|1698889089\n|switch|p2a: Walking Wake|Walking Wake|100\/100\n|-enditem|p2a: Walking Wake|Booster Energy\n|-activate|p2a: Walking Wake|ability: Protosynthesis|[fromitem]\n|-start|p2a: Walking Wake|protosynthesisspa\n|move|p1a: Zapdos|Hurricane|p2a: Walking Wake\n|-damage|p2a: Walking Wake|47\/100\n|\n|-weather|none\n|upkeep\n|turn|6\n|\n|t:|1698889119\n|move|p2a: Walking Wake|Hydro Pump|p1a: Zapdos\n|-damage|p1a: Zapdos|21\/100\n|move|p1a: Zapdos|Discharge|p2a: Walking Wake\n|-damage|p2a: Walking Wake|6\/100\n|\n|upkeep\n|turn|7\n|\n|t:|1698889128\n|switch|p1a: Tapu Fini|Tapu Fini|100\/100\n|-fieldstart|move: Misty Terrain|[from] ability: Misty Surge|[of] p1a: Tapu Fini\n|move|p2a: Walking Wake|Dragon Pulse|p1a: Tapu Fini\n|-immune|p1a: Tapu Fini\n|\n|upkeep\n|turn|8\n|j| Serise\n|\n|t:|1698889132\n|move|p2a: Walking Wake|Hydro Pump|p1a: Tapu Fini|[miss]\n|-miss|p2a: Walking Wake|p1a: Tapu Fini\n|move|p1a: Tapu Fini|Calm Mind|p1a: Tapu Fini\n|-boost|p1a: Tapu Fini|spa|1\n|-boost|p1a: Tapu Fini|spd|1\n|\n|upkeep\n|turn|9\n|\n|t:|1698889139\n|-end|p2a: Walking Wake|Protosynthesis|[silent]\n|switch|p2a: Dhelmise|Dhelmise|100\/100\n|move|p1a: Tapu Fini|Calm Mind|p1a: Tapu Fini\n|-boost|p1a: Tapu Fini|spa|1\n|-boost|p1a: Tapu Fini|spd|1\n|\n|upkeep\n|turn|10\n|\n|t:|1698889146\n|move|p1a: Tapu Fini|Moonblast|p2a: Dhelmise\n|-damage|p2a: Dhelmise|31\/100\n|move|p2a: Dhelmise|Steel Roller|p1a: Tapu Fini\n|-damage|p1a: Tapu Fini|45\/100\n|-fieldend|Misty Terrain\n|\n|-heal|p1a: Tapu Fini|51\/100|[from] item: Leftovers\n|-heal|p2a: Dhelmise|37\/100|[from] item: Leftovers\n|upkeep\n|turn|11\n|\n|t:|1698889151\n|move|p1a: Tapu Fini|Moonblast|p2a: Dhelmise\n|-damage|p2a: Dhelmise|0 fnt\n|faint|p2a: Dhelmise\n|\n|-heal|p1a: Tapu Fini|57\/100|[from] item: Leftovers\n|upkeep\n|\n|t:|1698889174\n|switch|p2a: Urshifu|Urshifu-Rapid-Strike, M|100\/100\n|turn|12\n|\n|t:|1698889177\n|move|p2a: Urshifu|Thunder Punch|p1a: Tapu Fini\n|-supereffective|p1a: Tapu Fini\n|-damage|p1a: Tapu Fini|0 fnt\n|faint|p1a: Tapu Fini\n|\n|upkeep\n|\n|t:|1698889189\n|switch|p1a: Meowscarada|Meowscarada, M|100\/100\n|turn|13\n|\n|t:|1698889193\n|switch|p2a: Walking Wake|Walking Wake|6\/100\n|move|p1a: Meowscarada|Flower Trick|p2a: Walking Wake\n|-start|p1a: Meowscarada|typechange|Grass|[from] ability: Protean\n|-crit|p2a: Walking Wake\n|-damage|p2a: Walking Wake|0 fnt\n|faint|p2a: Walking Wake\n|-end|p2a: Walking Wake|Protosynthesis|[silent]\n|\n|upkeep\n|c| Serise|I feel like Fini didn't have to die there\n|\n|t:|1698889196\n|switch|p2a: Pelipper|Pelipper, F|100\/100\n|-weather|RainDance|[from] ability: Drizzle|[of] p2a: Pelipper\n|turn|14\n|c| Serise|also crit mattered\n|\n|t:|1698889203\n|switch|p1a: Gastrodon|Gastrodon, M|100\/100\n|move|p2a: Pelipper|U-turn|p1a: Gastrodon\n|-damage|p1a: Gastrodon|92\/100\n|\n|t:|1698889206\n|switch|p2a: Gyarados|Gyarados, M|100\/100|[from] U-turn\n|-ability|p2a: Gyarados|Intimidate|boost\n|-unboost|p1a: Gastrodon|atk|1\n|\n|-weather|RainDance|[upkeep]\n|-heal|p1a: Gastrodon|98\/100|[from] item: Leftovers\n|upkeep\n|turn|15\n|c|\u2606harmony6|Fair\n|\n|t:|1698889229\n|move|p2a: Gyarados|Substitute|p2a: Gyarados\n|-start|p2a: Gyarados|Substitute\n|-damage|p2a: Gyarados|76\/100\n|move|p1a: Gastrodon|Clear Smog|p2a: Gyarados\n|-activate|p2a: Gyarados|move: Substitute|[damage]\n|\n|-weather|RainDance|[upkeep]\n|-heal|p1a: Gastrodon|100\/100|[from] item: Leftovers\n|upkeep\n|turn|16\n|\n|t:|1698889236\n|switch|p1a: Ferrothorn|Ferrothorn, M|100\/100\n|move|p2a: Gyarados|Dragon Dance|p2a: Gyarados\n|-boost|p2a: Gyarados|atk|1\n|-boost|p2a: Gyarados|spe|1\n|\n|-weather|RainDance|[upkeep]\n|upkeep\n|turn|17\n|\n|t:|1698889249\n|move|p2a: Gyarados|Dragon Dance|p2a: Gyarados\n|-boost|p2a: Gyarados|atk|1\n|-boost|p2a: Gyarados|spe|1\n|move|p1a: Ferrothorn|Gyro Ball|p2a: Gyarados\n|-resisted|p2a: Gyarados\n|-end|p2a: Gyarados|Substitute\n|\n|-weather|RainDance|[upkeep]\n|upkeep\n|turn|18\n|\n|t:|1698889277\n|detailschange|p2a: Gyarados|Gyarados-Mega, M\n|-mega|p2a: Gyarados|Gyarados|Gyaradosite\n|-ability|p2a: Gyarados|Mold Breaker\n|move|p2a: Gyarados|Substitute|p2a: Gyarados\n|-start|p2a: Gyarados|Substitute\n|-damage|p2a: Gyarados|51\/100\n|move|p1a: Ferrothorn|Leech Seed||[still]\n|-fail|p1a: Ferrothorn\n|\n|-weather|none\n|upkeep\n|turn|19\n|\n|t:|1698889287\n|move|p2a: Gyarados|Dragon Dance|p2a: Gyarados\n|-boost|p2a: Gyarados|atk|1\n|-boost|p2a: Gyarados|spe|1\n|move|p1a: Ferrothorn|Gyro Ball|p2a: Gyarados\n|-resisted|p2a: Gyarados\n|-activate|p2a: Gyarados|move: Substitute|[damage]\n|\n|upkeep\n|turn|20\n|\n|t:|1698889294\n|move|p2a: Gyarados|Dragon Dance|p2a: Gyarados\n|-boost|p2a: Gyarados|atk|1\n|-boost|p2a: Gyarados|spe|1\n|move|p1a: Ferrothorn|Gyro Ball|p2a: Gyarados\n|-resisted|p2a: Gyarados\n|-end|p2a: Gyarados|Substitute\n|\n|upkeep\n|turn|21\n|\n|t:|1698889308\n|move|p2a: Gyarados|Crunch|p1a: Ferrothorn\n|-damage|p1a: Ferrothorn|0 fnt\n|-damage|p2a: Gyarados|38\/100|[from] ability: Iron Barbs|[of] p1a: Ferrothorn\n|faint|p1a: Ferrothorn\n|\n|upkeep\n|\n|t:|1698889314\n|switch|p1a: Lopunny|Lopunny-Mega, M|100\/100\n|turn|22\n|\n|t:|1698889319\n|move|p1a: Lopunny|Fake Out|p2a: Gyarados\n|-damage|p2a: Gyarados|19\/100\n|cant|p2a: Gyarados|flinch\n|\n|upkeep\n|turn|23\n|\n|t:|1698889326\n|switch|p1a: Zapdos|Zapdos|21\/100\n|move|p2a: Gyarados|Crunch|p1a: Zapdos\n|-damage|p1a: Zapdos|0 fnt\n|faint|p1a: Zapdos\n|\n|upkeep\n|\n|t:|1698889329\n|switch|p1a: Lopunny|Lopunny-Mega, M|100\/100\n|turn|24\n|\n|t:|1698889332\n|move|p1a: Lopunny|Fake Out|p2a: Gyarados\n|-damage|p2a: Gyarados|0 fnt\n|faint|p2a: Gyarados\n|\n|upkeep\n|\n|t:|1698889342\n|switch|p2a: Urshifu|Urshifu-Rapid-Strike, M|100\/100\n|turn|25\n|\n|t:|1698889350\n|move|p1a: Lopunny|Return|p2a: Urshifu\n|-damage|p2a: Urshifu|42\/100\n|move|p2a: Urshifu|Drain Punch|p1a: Lopunny\n|-supereffective|p1a: Lopunny\n|-crit|p1a: Lopunny\n|-damage|p1a: Lopunny|0 fnt\n|-heal|p2a: Urshifu|82\/100|[from] drain|[of] p1a: Lopunny\n|faint|p1a: Lopunny\n|\n|upkeep\n|\n|t:|1698889356\n|switch|p1a: Meowscarada|Meowscarada, M|100\/100\n|turn|26\n|c| Serise|crit mattered\n|\n|t:|1698889364\n|switch|p2a: Slowbro|Slowbro, M|82\/100\n|move|p1a: Meowscarada|Thunder Punch|p2a: Slowbro\n|-start|p1a: Meowscarada|typechange|Electric|[from] ability: Protean\n|-supereffective|p2a: Slowbro\n|-damage|p2a: Slowbro|30\/100\n|\n|upkeep\n|turn|27\n|\n|t:|1698889371\n|move|p1a: Meowscarada|Thunder Punch|p2a: Slowbro\n|-supereffective|p2a: Slowbro\n|-damage|p2a: Slowbro|0 fnt\n|faint|p2a: Slowbro\n|\n|upkeep\n|\n|t:|1698889374\n|switch|p2a: Urshifu|Urshifu-Rapid-Strike, M|82\/100\n|turn|28\n|\n|t:|1698889379\n|move|p1a: Meowscarada|Thunder Punch|p2a: Urshifu\n|-supereffective|p2a: Urshifu\n|-damage|p2a: Urshifu|0 fnt\n|faint|p2a: Urshifu\n|\n|upkeep\n|\n|t:|1698889381\n|switch|p2a: Pelipper|Pelipper, F|100\/100\n|-weather|RainDance|[from] ability: Drizzle|[of] p2a: Pelipper\n|turn|29\n|c|\u2606harmony6|Ggs\n|\n|t:|1698889384\n|move|p1a: Meowscarada|Thunder Punch|p2a: Pelipper\n|-supereffective|p2a: Pelipper\n|-damage|p2a: Pelipper|0 fnt\n|faint|p2a: Pelipper\n|\n|win|harmony6\n|c|\u2606asayake|gg\n|c|\u2606harmony6|Wp\n","uploadtime":1698889389,"views":19,"p1id":"harmony6","p2id":"asayake","formatid":"gen9nationaldexubers","rating":0,"private":0,"password":""}