{"id":"gen9nationaldexubers-2000257366","p1":"No-retreating","p2":"aquiles meo","format":"[Gen 9] National Dex Ubers","log":"|j|\u2606No-retreating\n|j|\u2606aquiles meo\n|t:|1701178372\n|gametype|singles\n|player|p1|No-retreating|steven|1167\n|player|p2|aquiles meo|ethan|1087\n|teamsize|p1|6\n|teamsize|p2|6\n|gen|9\n|tier|[Gen 9] National Dex Ubers\n|rated|\n|rule|HP Percentage Mod: HP is shown in percentages\n|rule|Endless Battle Clause: Forcing endless battles is banned\n|rule|OHKO Clause: OHKO moves are banned\n|rule|Evasion Moves Clause: Evasion moves are banned\n|rule|Evasion Items Clause: Evasion items are banned\n|rule|Species Clause: Limit one of each Pok\u00e9mon\n|rule|Sleep Clause Mod: Limit one foe put to sleep\n|rule|Mega Rayquaza Clause: You cannot mega evolve Rayquaza\n|clearpoke\n|poke|p1|Lokix, M|\n|poke|p1|Gliscor, M|\n|poke|p1|Ogerpon-Hearthflame, F|\n|poke|p1|Cetitan, F|\n|poke|p1|Zekrom|\n|poke|p1|Arceus-Water|\n|poke|p2|Luxray, M|\n|poke|p2|Pidgeot, M|\n|poke|p2|Lucario, M|\n|poke|p2|Jirachi|\n|poke|p2|Rayquaza|\n|poke|p2|Ho-Oh|\n|teampreview\n|\n|t:|1701178382\n|start\n|switch|p1a: Gliscor|Gliscor, M|100\/100\n|switch|p2a: Ho-Oh|Ho-Oh|100\/100\n|turn|1\n|\n|t:|1701178388\n|move|p1a: Gliscor|Spikes|p2a: Ho-Oh\n|-sidestart|p2: aquiles meo|Spikes\n|move|p2a: Ho-Oh|Tailwind|p2a: Ho-Oh\n|-sidestart|p2: aquiles meo|move: Tailwind\n|\n|-status|p1a: Gliscor|tox|[from] item: Toxic Orb\n|upkeep\n|turn|2\n|inactive|Battle timer is ON: inactive players will automatically lose when time's up. (requested by No-retreating)\n|\n|t:|1701178414\n|switch|p2a: Rayquaza|Rayquaza|100\/100\n|-ability|p2a: Rayquaza|Air Lock\n|move|p1a: Gliscor|Spikes|p2a: Rayquaza\n|-sidestart|p2: aquiles meo|Spikes\n|\n|upkeep\n|turn|3\n|\n|t:|1701178421\n|move|p2a: Rayquaza|Ice Beam|p1a: Gliscor\n|-supereffective|p1a: Gliscor\n|-damage|p1a: Gliscor|0 fnt\n|faint|p1a: Gliscor\n|\n|upkeep\n|\n|t:|1701178427\n|switch|p1a: Lokix|Lokix, M|100\/100\n|turn|4\n|inactive|aquiles meo has 120 seconds left.\n|\n|t:|1701178464\n|switch|p2a: Ho-Oh|Ho-Oh|100\/100\n|move|p1a: Lokix|First Impression|p2a: Ho-Oh\n|-resisted|p2a: Ho-Oh\n|-damage|p2a: Ho-Oh|81\/100\n|\n|-sideend|p2: aquiles meo|move: Tailwind\n|upkeep\n|turn|5\n|inactive|aquiles meo has 120 seconds left.\n|\n|t:|1701178473\n|move|p1a: Lokix|Knock Off|p2a: Ho-Oh\n|-damage|p2a: Ho-Oh|39\/100\n|-enditem|p2a: Ho-Oh|Heavy-Duty Boots|[from] move: Knock Off|[of] p1a: Lokix\n|move|p2a: Ho-Oh|Burn Up|p1a: Lokix\n|-supereffective|p1a: Lokix\n|-damage|p1a: Lokix|0 fnt\n|-start|p2a: Ho-Oh|typechange|???\/Flying|[from] move: Burn Up\n|faint|p1a: Lokix\n|\n|upkeep\n|\n|t:|1701178486\n|switch|p1a: Zekrom|Zekrom|100\/100\n|-ability|p1a: Zekrom|Teravolt\n|turn|6\n|\n|t:|1701178500\n|switch|p2a: Jirachi|Jirachi|100\/100\n|-damage|p2a: Jirachi|84\/100|[from] Spikes\n|move|p1a: Zekrom|Bolt Strike|p2a: Jirachi|[miss]\n|-miss|p1a: Zekrom|p2a: Jirachi\n|\n|upkeep\n|turn|7\n|\n|t:|1701178510\n|move|p2a: Jirachi|Wish|p2a: Jirachi\n|move|p1a: Zekrom|Dragon Dance|p1a: Zekrom\n|-boost|p1a: Zekrom|atk|1\n|-boost|p1a: Zekrom|spe|1\n|\n|upkeep\n|turn|8\n|\n|t:|1701178515\n|move|p1a: Zekrom|Dragon Claw|p2a: Jirachi\n|-resisted|p2a: Jirachi\n|-damage|p2a: Jirachi|44\/100\n|-damage|p1a: Zekrom|91\/100|[from] item: Life Orb\n|move|p2a: Jirachi|Iron Head|p1a: Zekrom\n|-resisted|p1a: Zekrom\n|-damage|p1a: Zekrom|78\/100\n|\n|-heal|p2a: Jirachi|93\/100|[from] move: Wish|[wisher] Jirachi\n|upkeep\n|turn|9\n|\n|t:|1701178525\n|move|p1a: Zekrom|Dragon Claw|p2a: Jirachi\n|-resisted|p2a: Jirachi\n|-damage|p2a: Jirachi|52\/100\n|-damage|p1a: Zekrom|68\/100|[from] item: Life Orb\n|move|p2a: Jirachi|Ancient Power|p1a: Zekrom\n|-damage|p1a: Zekrom|52\/100\n|-boost|p2a: Jirachi|atk|1\n|-boost|p2a: Jirachi|def|1\n|-boost|p2a: Jirachi|spa|1\n|-boost|p2a: Jirachi|spd|1\n|-boost|p2a: Jirachi|spe|1\n|\n|upkeep\n|turn|10\n|\n|t:|1701178537\n|move|p2a: Jirachi|Iron Head|p1a: Zekrom\n|-resisted|p1a: Zekrom\n|-damage|p1a: Zekrom|34\/100\n|move|p1a: Zekrom|Bolt Strike|p2a: Jirachi\n|-damage|p2a: Jirachi|0 fnt\n|faint|p2a: Jirachi\n|-damage|p1a: Zekrom|24\/100|[from] item: Life Orb\n|\n|upkeep\n|inactive|aquiles meo has 120 seconds left.\n|\n|t:|1701178566\n|switch|p2a: Lucario|Lucario, M, shiny|100\/100\n|-damage|p2a: Lucario|84\/100|[from] Spikes\n|turn|11\n|\n|t:|1701178573\n|detailschange|p2a: Lucario|Lucario-Mega, M, shiny\n|-mega|p2a: Lucario|Lucario|Lucarionite\n|move|p1a: Zekrom|Bolt Strike|p2a: Lucario\n|-damage|p2a: Lucario|0 fnt\n|faint|p2a: Lucario\n|-damage|p1a: Zekrom|14\/100|[from] item: Life Orb\n|\n|upkeep\n|\n|t:|1701178580\n|switch|p2a: Rayquaza|Rayquaza|100\/100\n|-ability|p2a: Rayquaza|Air Lock\n|turn|12\n|\n|t:|1701178585\n|move|p2a: Rayquaza|Extreme Speed|p1a: Zekrom\n|-damage|p1a: Zekrom|0 fnt\n|faint|p1a: Zekrom\n|\n|upkeep\n|\n|t:|1701178590\n|switch|p1a: Cetitan|Cetitan, F|100\/100\n|turn|13\n|\n|t:|1701178608\n|switch|p2a: Ho-Oh|Ho-Oh|72\/100\n|move|p1a: Cetitan|Belly Drum|p1a: Cetitan\n|-damage|p1a: Cetitan|50\/100\n|-setboost|p1a: Cetitan|atk|6|[from] move: Belly Drum\n|-enditem|p1a: Cetitan|Sitrus Berry|[eat]\n|-heal|p1a: Cetitan|75\/100|[from] item: Sitrus Berry\n|\n|upkeep\n|turn|14\n|\n|t:|1701178622\n|switch|p2a: Luxray|Luxray, M, shiny|100\/100\n|-damage|p2a: Luxray|84\/100|[from] Spikes\n|move|p1a: Cetitan|Ice Shard|p2a: Luxray\n|-damage|p2a: Luxray|0 fnt\n|faint|p2a: Luxray\n|\n|upkeep\n|c|\u2606No-retreating|I wouldnt switch\n|c|\u2606aquiles meo|well I would\n|inactive|aquiles meo has 120 seconds left.\n|c|\u2606aquiles meo|because I did.\n|c|\u2606No-retreating|Well yeah\n|\n|t:|1701178663\n|switch|p2a: Pidgeot|Pidgeot, M|100\/100\n|turn|15\n|c|\u2606No-retreating|Last 3 cant tank a 1.4k dmg ice shard can they\n|\n|t:|1701178676\n|move|p1a: Cetitan|Ice Shard|p2a: Pidgeot\n|-supereffective|p2a: Pidgeot\n|-damage|p2a: Pidgeot|0 fnt\n|faint|p2a: Pidgeot\n|\n|upkeep\n|c|\u2606aquiles meo|We'll see about that just tell me\n|c|\u2606aquiles meo|Is that thing scarfed\n|c|\u2606No-retreating|No\n|inactive|aquiles meo has 90 seconds left.\n|c|\u2606No-retreating|Maybe\n|c|\u2606aquiles meo|because I wasnt expecting pidgeot to go down\n|c|\u2606aquiles meo|yeah its gotta be scarfed\n|inactive|aquiles meo has 60 seconds left.\n|c|\u2606No-retreating|Ice shard is +1 plus i have boosted attack plus stab\n|c|\u2606aquiles meo|Oh\n|c|\u2606aquiles meo|priority attack?\n|c|\u2606No-retreating|(Its not it had a sitrus)\n|c|\u2606No-retreating|Ye\n|c|\u2606aquiles meo|and its 4x\n|c|\u2606aquiles meo|Also yeah\n|c|\u2606aquiles meo|sitrus\n|c|\u2606aquiles meo|well okay then\n|\n|t:|1701178761\n|switch|p2a: Ho-Oh|Ho-Oh|100\/100\n|turn|16\n|\n|t:|1701178764\n|move|p1a: Cetitan|Ice Shard|p2a: Ho-Oh\n|-damage|p2a: Ho-Oh|15\/100\n|move|p2a: Ho-Oh|Burn Up|p1a: Cetitan\n|-supereffective|p1a: Cetitan\n|-damage|p1a: Cetitan|0 fnt\n|-start|p2a: Ho-Oh|typechange|???\/Flying|[from] move: Burn Up\n|faint|p1a: Cetitan\n|\n|upkeep\n|\n|t:|1701178773\n|switch|p1a: Arceus|Arceus-Water|100\/100\n|turn|17\n|\n|t:|1701178782\n|switch|p2a: Rayquaza|Rayquaza|100\/100\n|-ability|p2a: Rayquaza|Air Lock\n|move|p1a: Arceus|Judgment|p2a: Rayquaza\n|-resisted|p2a: Rayquaza\n|-damage|p2a: Rayquaza|74\/100\n|\n|-heal|p2a: Rayquaza|80\/100|[from] item: Leftovers\n|upkeep\n|turn|18\n|inactive|aquiles meo has 60 seconds left.\n|c|\u2606No-retreating|I chose same move on purpose\n|\n|t:|1701178811\n|move|p2a: Rayquaza|Dragon Dance|p2a: Rayquaza\n|-boost|p2a: Rayquaza|atk|1\n|-boost|p2a: Rayquaza|spe|1\n|move|p1a: Arceus|Toxic|p2a: Rayquaza\n|-status|p2a: Rayquaza|tox\n|\n|-heal|p2a: Rayquaza|86\/100 tox|[from] item: Leftovers\n|-damage|p2a: Rayquaza|80\/100 tox|[from] psn\n|upkeep\n|turn|19\n|\n|t:|1701178824\n|-terastallize|p2a: Rayquaza|Flying\n|move|p2a: Rayquaza|Dragon Ascent|p1a: Arceus\n|-damage|p1a: Arceus|45\/100\n|-unboost|p2a: Rayquaza|def|1\n|-unboost|p2a: Rayquaza|spd|1\n|move|p1a: Arceus|Judgment|p2a: Rayquaza\n|-damage|p2a: Rayquaza|0 fnt\n|faint|p2a: Rayquaza\n|\n|upkeep\n|\n|t:|1701178833\n|switch|p2a: Ho-Oh|Ho-Oh|48\/100\n|turn|20\n|c|\u2606aquiles meo|gg\n|\n|t:|1701178840\n|move|p1a: Arceus|Judgment|p2a: Ho-Oh\n|-supereffective|p2a: Ho-Oh\n|-damage|p2a: Ho-Oh|0 fnt\n|faint|p2a: Ho-Oh\n|\n|win|No-retreating\n|raw|No-retreating's rating: 1167 &rarr; <strong>1186<\/strong><br \/>(+19 for winning)\n|raw|aquiles meo's rating: 1087 &rarr; <strong>1069<\/strong><br \/>(-18 for losing)\n|c|\u2606No-retreating|gg\n|l|\u2606No-retreating\n","uploadtime":1701178913,"views":1,"p1id":"noretreating","p2id":"aquilesmeo","formatid":"gen9nationaldexubers","rating":1069,"private":0,"password":""}