{"id":"gen9nationaldexubers-1999579235","p1":"ReyOruga","p2":"Henti_Bakuretsu","format":"[Gen 9] National Dex Ubers","log":"|j|\u2606ReyOruga\n|j|\u2606Henti_Bakuretsu\n|t:|1701098061\n|gametype|singles\n|player|p1|ReyOruga|170|\n|player|p2|Henti_Bakuretsu|266|\n|teamsize|p1|6\n|teamsize|p2|6\n|gen|9\n|tier|[Gen 9] National Dex Ubers\n|rule|HP Percentage Mod: HP is shown in percentages\n|rule|Endless Battle Clause: Forcing endless battles is banned\n|rule|OHKO Clause: OHKO moves are banned\n|rule|Evasion Moves Clause: Evasion moves are banned\n|rule|Evasion Items Clause: Evasion items are banned\n|rule|Species Clause: Limit one of each Pok\u00e9mon\n|rule|Sleep Clause Mod: Limit one foe put to sleep\n|rule|Mega Rayquaza Clause: You cannot mega evolve Rayquaza\n|clearpoke\n|poke|p1|Vanilluxe, M|\n|poke|p1|Orthworm, F|\n|poke|p1|Cryogonal|\n|poke|p1|Salazzle, F|\n|poke|p1|Tornadus, M|\n|poke|p1|Pidgeot, M|\n|poke|p2|Wugtrio, F|\n|poke|p2|Bellibolt, F|\n|poke|p2|Groudon|\n|poke|p2|Inteleon, M|\n|poke|p2|Klawf, M|\n|poke|p2|Mismagius, F|\n|teampreview\n|\n|t:|1701098112\n|start\n|switch|p1a: Cryogonal|Cryogonal|100\/100\n|switch|p2a: Groudon|Groudon, shiny|100\/100\n|-weather|SunnyDay|[from] ability: Drought|[of] p2a: Groudon\n|turn|1\n|\n|t:|1701098167\n|move|p1a: Cryogonal|Freeze-Dry|p2a: Groudon\n|-supereffective|p2a: Groudon\n|-damage|p2a: Groudon|50\/100\n|move|p2a: Groudon|Spikes|p1a: Cryogonal\n|-sidestart|p1: ReyOruga|Spikes\n|\n|-weather|SunnyDay|[upkeep]\n|-heal|p2a: Groudon|56\/100|[from] item: Leftovers\n|upkeep\n|turn|2\n|\n|t:|1701098179\n|move|p2a: Groudon|Protect|p2a: Groudon\n|-singleturn|p2a: Groudon|Protect\n|move|p1a: Cryogonal|Freeze-Dry|p2a: Groudon\n|-activate|p2a: Groudon|move: Protect\n|\n|-weather|SunnyDay|[upkeep]\n|-heal|p2a: Groudon|62\/100|[from] item: Leftovers\n|upkeep\n|turn|3\n|j| Goldynn\n|\n|t:|1701098197\n|move|p1a: Cryogonal|Freeze-Dry|p2a: Groudon\n|-supereffective|p2a: Groudon\n|-damage|p2a: Groudon|8\/100\n|move|p2a: Groudon|Will-O-Wisp|p1a: Cryogonal\n|-status|p1a: Cryogonal|brn\n|\n|-weather|SunnyDay|[upkeep]\n|-heal|p2a: Groudon|14\/100|[from] item: Leftovers\n|-damage|p1a: Cryogonal|95\/100 brn|[from] brn\n|upkeep\n|turn|4\n|\n|t:|1701098206\n|move|p2a: Groudon|Protect|p2a: Groudon\n|-singleturn|p2a: Groudon|Protect\n|move|p1a: Cryogonal|Freeze-Dry|p2a: Groudon\n|-activate|p2a: Groudon|move: Protect\n|\n|-weather|SunnyDay|[upkeep]\n|-heal|p2a: Groudon|20\/100|[from] item: Leftovers\n|-damage|p1a: Cryogonal|89\/100 brn|[from] brn\n|upkeep\n|turn|5\n|\n|t:|1701098219\n|move|p1a: Cryogonal|Freeze-Dry|p2a: Groudon\n|-supereffective|p2a: Groudon\n|-damage|p2a: Groudon|0 fnt\n|faint|p2a: Groudon\n|\n|-weather|none\n|-damage|p1a: Cryogonal|83\/100 brn|[from] brn\n|upkeep\n|\n|t:|1701098244\n|switch|p2a: Mismagius|Mismagius, F|100\/100\n|turn|6\n|\n|t:|1701098255\n|move|p2a: Mismagius|Shadow Ball|p1a: Cryogonal\n|-damage|p1a: Cryogonal|53\/100 brn\n|move|p1a: Cryogonal|Freeze-Dry|p2a: Mismagius\n|-damage|p2a: Mismagius|67\/100\n|\n|-damage|p1a: Cryogonal|47\/100 brn|[from] brn\n|upkeep\n|turn|7\n|\n|t:|1701098269\n|move|p2a: Mismagius|Shadow Ball|p1a: Cryogonal\n|-damage|p1a: Cryogonal|16\/100 brn\n|move|p1a: Cryogonal|Recover|p1a: Cryogonal\n|-heal|p1a: Cryogonal|66\/100 brn\n|\n|-damage|p1a: Cryogonal|60\/100 brn|[from] brn\n|upkeep\n|turn|8\n|\n|t:|1701098276\n|move|p2a: Mismagius|Shadow Ball|p1a: Cryogonal\n|-damage|p1a: Cryogonal|31\/100 brn\n|move|p1a: Cryogonal|Recover|p1a: Cryogonal\n|-heal|p1a: Cryogonal|81\/100 brn\n|\n|-damage|p1a: Cryogonal|75\/100 brn|[from] brn\n|upkeep\n|turn|9\n|\n|t:|1701098289\n|move|p2a: Mismagius|Shadow Ball|p1a: Cryogonal\n|-damage|p1a: Cryogonal|44\/100 brn\n|move|p1a: Cryogonal|Freeze-Dry|p2a: Mismagius\n|-damage|p2a: Mismagius|27\/100\n|\n|-damage|p1a: Cryogonal|38\/100 brn|[from] brn\n|upkeep\n|turn|10\n|\n|t:|1701098296\n|move|p2a: Mismagius|Shadow Ball|p1a: Cryogonal\n|-damage|p1a: Cryogonal|9\/100 brn\n|move|p1a: Cryogonal|Recover|p1a: Cryogonal\n|-heal|p1a: Cryogonal|59\/100 brn\n|\n|-damage|p1a: Cryogonal|53\/100 brn|[from] brn\n|upkeep\n|turn|11\n|\n|t:|1701098304\n|move|p2a: Mismagius|Shadow Ball|p1a: Cryogonal\n|-damage|p1a: Cryogonal|23\/100 brn\n|move|p1a: Cryogonal|Freeze-Dry|p2a: Mismagius\n|-damage|p2a: Mismagius|0 fnt\n|faint|p2a: Mismagius\n|\n|-damage|p1a: Cryogonal|17\/100 brn|[from] brn\n|upkeep\n|\n|t:|1701098314\n|switch|p2a: Inteleon|Inteleon, M, shiny|100\/100\n|turn|12\n|\n|t:|1701098320\n|move|p2a: Inteleon|Dark Pulse|p1a: Cryogonal\n|-damage|p1a: Cryogonal|0 fnt\n|faint|p1a: Cryogonal\n|\n|upkeep\n|\n|t:|1701098333\n|switch|p1a: Tornadus|Tornadus, M|100\/100\n|turn|13\n|\n|t:|1701098356\n|move|p2a: Inteleon|Dark Pulse|p1a: Tornadus\n|-damage|p1a: Tornadus|49\/100\n|cant|p1a: Tornadus|flinch\n|\n|upkeep\n|turn|14\n|\n|t:|1701098439\n|switch|p1a: Salazzle|Salazzle, F|100\/100\n|-damage|p1a: Salazzle|88\/100|[from] Spikes\n|move|p2a: Inteleon|Dark Pulse|p1a: Salazzle\n|-damage|p1a: Salazzle|11\/100\n|\n|upkeep\n|turn|15\n|\n|t:|1701098448\n|move|p2a: Inteleon|Dark Pulse|p1a: Salazzle\n|-damage|p1a: Salazzle|0 fnt\n|faint|p1a: Salazzle\n|\n|upkeep\n|\n|t:|1701098472\n|switch|p1a: Pidgeot|Pidgeot, M|100\/100\n|turn|16\n|\n|t:|1701098482\n|move|p2a: Inteleon|Dark Pulse|p1a: Pidgeot\n|-damage|p1a: Pidgeot|38\/100\n|cant|p1a: Pidgeot|flinch\n|\n|upkeep\n|turn|17\n|\n|t:|1701098499\n|detailschange|p1a: Pidgeot|Pidgeot-Mega, M\n|-mega|p1a: Pidgeot|Pidgeot|Pidgeotite\n|move|p1a: Pidgeot|Hurricane|p2a: Inteleon\n|-damage|p2a: Inteleon|2\/100\n|-start|p2a: Inteleon|confusion\n|-activate|p2a: Inteleon|confusion\n|move|p2a: Inteleon|Dark Pulse|p1a: Pidgeot\n|-damage|p1a: Pidgeot|0 fnt\n|faint|p1a: Pidgeot\n|\n|upkeep\n|\n|t:|1701098518\n|switch|p1a: Orthworm|Orthworm, F|100\/100\n|-damage|p1a: Orthworm|88\/100|[from] Spikes\n|turn|18\n|\n|t:|1701098526\n|-activate|p2a: Inteleon|confusion\n|move|p2a: Inteleon|Dark Pulse|p1a: Orthworm\n|-crit|p1a: Orthworm\n|-damage|p1a: Orthworm|0 fnt\n|faint|p1a: Orthworm\n|\n|upkeep\n|\n|t:|1701098535\n|switch|p1a: Vanilluxe|Vanilluxe, M|100\/100\n|-damage|p1a: Vanilluxe|88\/100|[from] Spikes\n|-weather|Snow|[from] ability: Snow Warning|[of] p1a: Vanilluxe\n|turn|19\n|\n|t:|1701098547\n|move|p1a: Vanilluxe|Ice Shard|p2a: Inteleon\n|-resisted|p2a: Inteleon\n|-damage|p2a: Inteleon|0 fnt\n|faint|p2a: Inteleon\n|\n|-weather|Snow|[upkeep]\n|upkeep\n|\n|t:|1701098559\n|switch|p2a: Bellibolt|Bellibolt, F|100\/100\n|turn|20\n|\n|t:|1701098572\n|move|p1a: Vanilluxe|Blizzard|p2a: Bellibolt\n|-damage|p2a: Bellibolt|46\/100\n|move|p2a: Bellibolt|Toxic|p1a: Vanilluxe\n|-status|p1a: Vanilluxe|tox\n|\n|-weather|Snow|[upkeep]\n|-damage|p1a: Vanilluxe|82\/100 tox|[from] psn\n|upkeep\n|turn|21\n|\n|t:|1701098583\n|move|p1a: Vanilluxe|Blizzard|p2a: Bellibolt\n|-damage|p2a: Bellibolt|0 fnt\n|faint|p2a: Bellibolt\n|\n|-weather|Snow|[upkeep]\n|-damage|p1a: Vanilluxe|70\/100 tox|[from] psn\n|upkeep\n|\n|t:|1701098594\n|switch|p2a: Klawf|Klawf, M|100\/100\n|turn|22\n|\n|t:|1701098603\n|move|p1a: Vanilluxe|Blizzard|p2a: Klawf\n|-damage|p2a: Klawf|22\/100\n|move|p2a: Klawf|Stone Edge|p1a: Vanilluxe\n|-supereffective|p1a: Vanilluxe\n|-crit|p1a: Vanilluxe\n|-damage|p1a: Vanilluxe|0 fnt\n|faint|p1a: Vanilluxe\n|\n|-weather|Snow|[upkeep]\n|upkeep\n|\n|t:|1701098611\n|switch|p1a: Tornadus|Tornadus, M|49\/100\n|turn|23\n|\n|t:|1701098620\n|-terastallize|p1a: Tornadus|Ground\n|move|p1a: Tornadus|Superpower|p2a: Klawf\n|-supereffective|p2a: Klawf\n|-damage|p2a: Klawf|0 fnt\n|-unboost|p1a: Tornadus|atk|1\n|-unboost|p1a: Tornadus|def|1\n|faint|p2a: Klawf\n|-damage|p1a: Tornadus|39\/100|[from] item: Life Orb\n|\n|-weather|none\n|upkeep\n|\n|t:|1701098629\n|switch|p2a: Wugtrio|Wugtrio, F, shiny|100\/100\n|turn|24\n|\n|t:|1701098640\n|move|p2a: Wugtrio|Stomping Tantrum|p1a: Tornadus\n|-damage|p1a: Tornadus|0 fnt\n|faint|p1a: Tornadus\n|\n|win|Henti_Bakuretsu\n|l|\u2606ReyOruga\n|l|\u2606Henti_Bakuretsu\n","uploadtime":1701100089,"views":1,"p1id":"reyoruga","p2id":"hentibakuretsu","formatid":"gen9nationaldexubers","rating":0,"private":0,"password":""}