{"id":"gen9nationaldexubers-1978706039","p1":"700club","p2":"Dante Spardason","format":"[Gen 9] National Dex Ubers","log":"|j|\u2606700club\n|j|\u2606Dante Spardason\n|t:|1698584574\n|gametype|singles\n|player|p1|700club|shadowtriad|1280\n|player|p2|Dante Spardason|gambler|1354\n|teamsize|p1|6\n|teamsize|p2|6\n|gen|9\n|tier|[Gen 9] National Dex Ubers\n|rated|\n|rule|HP Percentage Mod: HP is shown in percentages\n|rule|Endless Battle Clause: Forcing endless battles is banned\n|rule|OHKO Clause: OHKO moves are banned\n|rule|Evasion Moves Clause: Evasion moves are banned\n|rule|Evasion Items Clause: Evasion items are banned\n|rule|Species Clause: Limit one of each Pok\u00e9mon\n|rule|Sleep Clause Mod: Limit one foe put to sleep\n|rule|Mega Rayquaza Clause: You cannot mega evolve Rayquaza\n|clearpoke\n|poke|p1|Deoxys-Speed|\n|poke|p1|Arceus|\n|poke|p1|Zacian-*|\n|poke|p1|Salamence, F|\n|poke|p1|Kyogre|\n|poke|p1|Ho-Oh|\n|poke|p2|Slither Wing|\n|poke|p2|Flutter Mane|\n|poke|p2|Dragapult, F|\n|poke|p2|Yveltal|\n|poke|p2|Samurott-Hisui, M|\n|poke|p2|Ho-Oh|\n|teampreview\n|inactive|Battle timer is ON: inactive players will automatically lose when time's up. (requested by Dante Spardason)\n|c|\u2606700club|hi\n|c|\u2606Dante Spardason|good luck, have fun\n|c|\u2606700club|u too!\n|\n|t:|1698584599\n|start\n|switch|p1a: Deoxys|Deoxys-Speed|100\/100\n|switch|p2a: Samurott|Samurott-Hisui, M, shiny|100\/100\n|-ability|p1a: Deoxys|Pressure\n|turn|1\n|c|\u2606Dante Spardason|thanks!\n|inactive|700club has 120 seconds left.\n|\n|t:|1698584632\n|move|p1a: Deoxys|Toxic|p2a: Samurott\n|-status|p2a: Samurott|tox\n|move|p2a: Samurott|Ceaseless Edge|p1a: Deoxys\n|-supereffective|p1a: Deoxys\n|-damage|p1a: Deoxys|0 fnt\n|-sidestart|p1: 700club|Spikes\n|faint|p1a: Deoxys\n|\n|-damage|p2a: Samurott|94\/100 tox|[from] psn\n|upkeep\n|inactive|700club has 120 seconds left.\n|inactive|700club has 90 seconds left.\n|\n|t:|1698584692\n|switch|p1a: Zacian|Zacian-Crowned, shiny|100\/100\n|-damage|p1a: Zacian|88\/100|[from] Spikes\n|-ability|p1a: Zacian|Intrepid Sword|boost\n|-boost|p1a: Zacian|atk|1\n|turn|2\n|inactive|700club has 60 seconds left.\n|\n|t:|1698584720\n|move|p2a: Samurott|Sucker Punch|p1a: Zacian\n|-resisted|p1a: Zacian\n|-damage|p1a: Zacian|69\/100\n|move|p1a: Zacian|Wild Charge|p2a: Samurott\n|-supereffective|p2a: Samurott\n|-damage|p2a: Samurott|0 fnt\n|faint|p2a: Samurott\n|-damage|p1a: Zacian|46\/100|[from] Recoil\n|\n|upkeep\n|\n|t:|1698584727\n|switch|p2a: Yveltal|Yveltal|100\/100\n|-ability|p2a: Yveltal|Dark Aura\n|turn|3\n|inactive|700club has 60 seconds left.\n|\n|t:|1698584740\n|-terastallize|p2a: Yveltal|Dark\n|move|p2a: Yveltal|Dark Pulse|p1a: Zacian\n|-resisted|p1a: Zacian\n|-damage|p1a: Zacian|7\/100\n|move|p1a: Zacian|Swords Dance|p1a: Zacian\n|-boost|p1a: Zacian|atk|2\n|\n|upkeep\n|turn|4\n|\n|t:|1698584747\n|move|p2a: Yveltal|Dark Pulse|p1a: Zacian\n|-resisted|p1a: Zacian\n|-damage|p1a: Zacian|0 fnt\n|faint|p1a: Zacian\n|\n|upkeep\n|inactive|700club has 60 seconds left.\n|\n|t:|1698584772\n|switch|p1a: Kyogre|Kyogre|100\/100\n|-damage|p1a: Kyogre|88\/100|[from] Spikes\n|detailschange|p1a: Kyogre|Kyogre-Primal\n|-primal|p1a: Kyogre|Blue Orb\n|-weather|PrimordialSea|[from] ability: Primordial Sea|[of] p1a: Kyogre\n|turn|5\n|\n|t:|1698584783\n|move|p2a: Yveltal|Dark Pulse|p1a: Kyogre\n|-damage|p1a: Kyogre|31\/100\n|move|p1a: Kyogre|Ice Beam|p2a: Yveltal\n|-damage|p2a: Yveltal|65\/100\n|\n|-weather|PrimordialSea|[upkeep]\n|upkeep\n|turn|6\n|\n|t:|1698584794\n|move|p2a: Yveltal|Dark Pulse|p1a: Kyogre\n|-damage|p1a: Kyogre|0 fnt\n|faint|p1a: Kyogre\n|-weather|none\n|\n|upkeep\n|\n|t:|1698584817\n|switch|p1a: Arceus|Arceus, shiny|100\/100\n|-damage|p1a: Arceus|88\/100|[from] Spikes\n|turn|7\n|inactive|700club has 30 seconds left.\n|\n|t:|1698584841\n|move|p1a: Arceus|Extreme Speed|p2a: Yveltal\n|-damage|p2a: Yveltal|16\/100\n|move|p2a: Yveltal|Dark Pulse|p1a: Arceus\n|-damage|p1a: Arceus|33\/100\n|\n|upkeep\n|turn|8\n|inactive|700club has 30 seconds left.\n|\n|t:|1698584848\n|switch|p2a: Flutter Mane|Flutter Mane, shiny|100\/100\n|-enditem|p2a: Flutter Mane|Booster Energy\n|-activate|p2a: Flutter Mane|ability: Protosynthesis|[fromitem]\n|-start|p2a: Flutter Mane|protosynthesisspe\n|move|p1a: Arceus|Extreme Speed|p2a: Flutter Mane\n|-immune|p2a: Flutter Mane\n|\n|upkeep\n|turn|9\n|\n|t:|1698584857\n|move|p2a: Flutter Mane|Shadow Ball|p1a: Arceus\n|-immune|p1a: Arceus\n|move|p1a: Arceus|Shadow Claw|p2a: Flutter Mane\n|-supereffective|p2a: Flutter Mane\n|-damage|p2a: Flutter Mane|0 fnt\n|faint|p2a: Flutter Mane\n|-end|p2a: Flutter Mane|Protosynthesis|[silent]\n|\n|upkeep\n|\n|t:|1698584860\n|switch|p2a: Slither Wing|Slither Wing, shiny|100\/100\n|-enditem|p2a: Slither Wing|Booster Energy\n|-activate|p2a: Slither Wing|ability: Protosynthesis|[fromitem]\n|-start|p2a: Slither Wing|protosynthesisatk\n|turn|10\n|inactive|700club has 30 seconds left.\n|inactive|700club has 20 seconds left.\n|\n|t:|1698584892\n|move|p2a: Slither Wing|First Impression|p1a: Arceus\n|-damage|p1a: Arceus|0 fnt\n|faint|p1a: Arceus\n|\n|upkeep\n|inactive|700club has 25 seconds left this turn.\n|inactive|700club has 20 seconds left.\n|inactive|700club has 15 seconds left.\n|\n|t:|1698584902\n|switch|p1a: Ho-Oh|Ho-Oh|100\/100\n|turn|11\n|inactive|700club has 25 seconds left this turn.\n|inactive|700club has 20 seconds left.\n|inactive|700club has 15 seconds left.\n|\n|t:|1698584913\n|move|p1a: Ho-Oh|Brave Bird|p2a: Slither Wing\n|-supereffective|p2a: Slither Wing\n|-damage|p2a: Slither Wing|0 fnt\n|faint|p2a: Slither Wing\n|-end|p2a: Slither Wing|Protosynthesis|[silent]\n|-damage|p1a: Ho-Oh|76\/100|[from] Recoil\n|\n|upkeep\n|inactive|700club has 20 seconds left this turn.\n|\n|t:|1698584920\n|switch|p2a: Yveltal|Yveltal, tera:Dark|16\/100\n|-ability|p2a: Yveltal|Dark Aura\n|turn|12\n|inactive|700club has 30 seconds left this turn.\n|inactive|700club has 20 seconds left.\n|inactive|700club has 15 seconds left.\n|\n|t:|1698584936\n|move|p2a: Yveltal|Dark Pulse|p1a: Ho-Oh\n|-damage|p1a: Ho-Oh|34\/100\n|move|p1a: Ho-Oh|Brave Bird|p2a: Yveltal\n|-damage|p2a: Yveltal|0 fnt\n|faint|p2a: Yveltal\n|-damage|p1a: Ho-Oh|29\/100|[from] Recoil\n|\n|upkeep\n|inactive|700club has 20 seconds left this turn.\n|\n|t:|1698584941\n|switch|p2a: Ho-Oh|Ho-Oh|100\/100\n|turn|13\n|inactive|700club has 30 seconds left this turn.\n|\n|t:|1698584951\n|move|p1a: Ho-Oh|Recover|p1a: Ho-Oh\n|-heal|p1a: Ho-Oh|80\/100\n|move|p2a: Ho-Oh|Sacred Fire|p1a: Ho-Oh\n|-resisted|p1a: Ho-Oh\n|-crit|p1a: Ho-Oh\n|-damage|p1a: Ho-Oh|60\/100\n|\n|upkeep\n|turn|14\n|inactive|700club has 30 seconds left.\n|\n|t:|1698584960\n|move|p1a: Ho-Oh|Recover|p1a: Ho-Oh\n|-heal|p1a: Ho-Oh|100\/100\n|move|p2a: Ho-Oh|Toxic|p1a: Ho-Oh|[miss]\n|-miss|p2a: Ho-Oh|p1a: Ho-Oh\n|\n|upkeep\n|turn|15\n|inactive|700club has 30 seconds left.\n|\n|t:|1698584971\n|move|p1a: Ho-Oh|Brave Bird|p2a: Ho-Oh\n|-damage|p2a: Ho-Oh|68\/100\n|-damage|p1a: Ho-Oh|90\/100|[from] Recoil\n|move|p2a: Ho-Oh|Toxic|p1a: Ho-Oh\n|-status|p1a: Ho-Oh|tox\n|\n|-damage|p1a: Ho-Oh|84\/100 tox|[from] psn\n|upkeep\n|turn|16\n|inactive|700club has 30 seconds left.\n|\n|t:|1698584988\n|move|p2a: Ho-Oh|Sacred Fire|p1a: Ho-Oh\n|-resisted|p1a: Ho-Oh\n|-damage|p1a: Ho-Oh|70\/100 tox\n|move|p1a: Ho-Oh|Brave Bird|p2a: Ho-Oh\n|-damage|p2a: Ho-Oh|36\/100\n|-damage|p1a: Ho-Oh|59\/100 tox|[from] Recoil\n|\n|-damage|p1a: Ho-Oh|47\/100 tox|[from] psn\n|upkeep\n|turn|17\n|inactive|700club has 30 seconds left.\n|\n|t:|1698585000\n|move|p2a: Ho-Oh|Earthquake|p1a: Ho-Oh\n|-immune|p1a: Ho-Oh\n|move|p1a: Ho-Oh|Brave Bird|p2a: Ho-Oh\n|-damage|p2a: Ho-Oh|3\/100\n|-damage|p1a: Ho-Oh|36\/100 tox|[from] Recoil\n|\n|-damage|p1a: Ho-Oh|18\/100 tox|[from] psn\n|upkeep\n|turn|18\n|inactive|700club has 30 seconds left.\n|inactive|700club has 20 seconds left.\n|\n|t:|1698585019\n|move|p2a: Ho-Oh|Sacred Fire|p1a: Ho-Oh\n|-resisted|p1a: Ho-Oh\n|-damage|p1a: Ho-Oh|3\/100 tox\n|move|p1a: Ho-Oh|Sacred Fire|p2a: Ho-Oh\n|-resisted|p2a: Ho-Oh\n|-damage|p2a: Ho-Oh|0 fnt\n|faint|p2a: Ho-Oh\n|\n|-damage|p1a: Ho-Oh|0 fnt|[from] psn\n|faint|p1a: Ho-Oh\n|upkeep\n|inactive|700club has 30 seconds left this turn.\n|inactive|700club has 20 seconds left.\n|inactive|700club has 15 seconds left.\n|\n|t:|1698585036\n|switch|p1a: Salamence|Salamence, F|100\/100\n|switch|p2a: Dragapult|Dragapult, F|100\/100\n|-ability|p1a: Salamence|Intimidate|boost\n|-unboost|p2a: Dragapult|atk|1\n|turn|19\n|inactive|700club has 25 seconds left this turn.\n|inactive|700club has 20 seconds left.\n|inactive|700club has 15 seconds left.\n|\n|t:|1698585049\n|detailschange|p1a: Salamence|Salamence-Mega, F\n|-mega|p1a: Salamence|Salamence|Salamencite\n|move|p2a: Dragapult|Dragon Dance|p2a: Dragapult\n|-boost|p2a: Dragapult|atk|1\n|-boost|p2a: Dragapult|spe|1\n|move|p1a: Salamence|Outrage|p2a: Dragapult\n|-supereffective|p2a: Dragapult\n|-damage|p2a: Dragapult|0 fnt\n|faint|p2a: Dragapult\n|\n|win|700club\n|inactive|700club has 20 seconds left this turn.\n|raw|700club's rating: 1280 &rarr; <strong>1310<\/strong><br \/>(+30 for winning)\n|raw|Dante Spardason's rating: 1354 &rarr; <strong>1330<\/strong><br \/>(-24 for losing)\n|c|\u2606Dante Spardason|ggwp\n|c|\u2606700club|same!\n","uploadtime":1698585062,"views":13,"p1id":"700club","p2id":"dantespardason","formatid":"gen9nationaldexubers","rating":1310,"private":0,"password":""}