{"id":"gen9nationaldexubers-1990935806","p1":"85792195wwww","p2":"Kin+ak(\u2727\u2207\u2727)","format":"[Gen 9] National Dex Ubers","log":"|j|\u260685792195wwww\n|j|\u2606Kin+ak(\u2727\u2207\u2727)\n|t:|1700017031\n|gametype|singles\n|player|p1|85792195wwww|mira|1683\n|player|p2|Kin+ak(\u2727\u2207\u2727)|wally|1409\n|teamsize|p1|6\n|teamsize|p2|6\n|gen|9\n|tier|[Gen 9] National Dex Ubers\n|rated|\n|rule|HP Percentage Mod: HP is shown in percentages\n|rule|Endless Battle Clause: Forcing endless battles is banned\n|rule|OHKO Clause: OHKO moves are banned\n|rule|Evasion Moves Clause: Evasion moves are banned\n|rule|Evasion Items Clause: Evasion items are banned\n|rule|Species Clause: Limit one of each Pok\u00e9mon\n|rule|Sleep Clause Mod: Limit one foe put to sleep\n|rule|Mega Rayquaza Clause: You cannot mega evolve Rayquaza\n|clearpoke\n|poke|p1|Xerneas-*|\n|poke|p1|Deoxys-Speed|\n|poke|p1|Zacian-*|\n|poke|p1|Arceus|\n|poke|p1|Groudon|\n|poke|p1|Zekrom|\n|poke|p2|Hatterene, F|\n|poke|p2|Porygon2|\n|poke|p2|Calyrex-Ice|\n|poke|p2|Melmetal|\n|poke|p2|Ursaluna, F|\n|poke|p2|Ampharos, M|\n|teampreview\n|\n|t:|1700017059\n|start\n|switch|p1a: Deoxys|Deoxys-Speed|100\/100\n|switch|p2a: Hatterene|Hatterene, F|100\/100\n|-ability|p1a: Deoxys|Pressure\n|turn|1\n|\n|t:|1700017095\n|move|p1a: Deoxys|Skill Swap|p2a: Hatterene\n|-activate|p1a: Deoxys|move: Skill Swap|Magic Bounce|Pressure|[of] p2a: Hatterene\n|-ability|p2a: Hatterene|Pressure\n|move|p2a: Hatterene|Trick Room|p2a: Hatterene\n|-fieldstart|move: Trick Room|[of] p2a: Hatterene\n|\n|upkeep\n|turn|2\n|\n|t:|1700017107\n|move|p2a: Hatterene|Misty Explosion|p1a: Deoxys\n|-damage|p1a: Deoxys|32\/100\n|faint|p2a: Hatterene\n|move|p1a: Deoxys|Stealth Rock|p2: Hatterene\n|-sidestart|p2: Kin+ak(\u2727\u2207\u2727)|move: Stealth Rock\n|\n|upkeep\n|\n|t:|1700017114\n|switch|p2a: Ursaluna|Ursaluna, F|100\/100\n|-damage|p2a: Ursaluna|94\/100|[from] Stealth Rock\n|turn|3\n|\n|t:|1700017134\n|move|p2a: Ursaluna|Swords Dance|p2a: Ursaluna\n|-boost|p2a: Ursaluna|atk|2\n|move|p1a: Deoxys|Skill Swap|p2a: Ursaluna\n|-activate|p1a: Deoxys|move: Skill Swap|Guts|Magic Bounce|[of] p2a: Ursaluna\n|\n|-status|p2a: Ursaluna|brn|[from] item: Flame Orb\n|upkeep\n|turn|4\n|\n|t:|1700017146\n|move|p2a: Ursaluna|Fire Punch|p1a: Deoxys\n|-damage|p1a: Deoxys|6\/100\n|-damage|p2a: Ursaluna|78\/100 brn|[from] item: Rocky Helmet|[of] p1a: Deoxys\n|move|p1a: Deoxys|Psycho Boost|p2a: Ursaluna|[miss]\n|-miss|p1a: Deoxys|p2a: Ursaluna\n|\n|-damage|p2a: Ursaluna|72\/100 brn|[from] brn\n|upkeep\n|turn|5\n|\n|t:|1700017156\n|move|p2a: Ursaluna|Fire Punch|p1a: Deoxys\n|-damage|p1a: Deoxys|0 fnt\n|-damage|p2a: Ursaluna|55\/100 brn|[from] item: Rocky Helmet|[of] p1a: Deoxys\n|faint|p1a: Deoxys\n|\n|-damage|p2a: Ursaluna|49\/100 brn|[from] brn\n|-fieldend|move: Trick Room\n|upkeep\n|\n|t:|1700017167\n|switch|p1a: Zekrom|Zekrom|100\/100\n|-ability|p1a: Zekrom|Teravolt\n|turn|6\n|\n|t:|1700017172\n|move|p1a: Zekrom|Substitute|p1a: Zekrom\n|-start|p1a: Zekrom|Substitute\n|-damage|p1a: Zekrom|76\/100\n|move|p2a: Ursaluna|Headlong Rush|p1a: Zekrom\n|-supereffective|p1a: Zekrom\n|-end|p1a: Zekrom|Substitute\n|-unboost|p2a: Ursaluna|def|1\n|-unboost|p2a: Ursaluna|spd|1\n|\n|-damage|p2a: Ursaluna|43\/100 brn|[from] brn\n|upkeep\n|turn|7\n|\n|t:|1700017185\n|-zpower|p1a: Zekrom\n|move|p1a: Zekrom|Devastating Drake|p2a: Ursaluna|[zeffect]\n|-damage|p2a: Ursaluna|0 fnt\n|faint|p2a: Ursaluna\n|\n|upkeep\n|\n|t:|1700017191\n|switch|p2a: Calyrex|Calyrex-Ice|100\/100\n|-ability|p2a: Calyrex|As One\n|-ability|p2a: Calyrex|Unnerve\n|turn|8\n|\n|t:|1700017203\n|move|p1a: Zekrom|Bolt Strike|p2a: Calyrex\n|-damage|p2a: Calyrex|49\/100\n|move|p2a: Calyrex|Trick Room|p2a: Calyrex\n|-fieldstart|move: Trick Room|[of] p2a: Calyrex\n|\n|upkeep\n|turn|9\n|\n|t:|1700017209\n|switch|p1a: Zacian|Zacian-Crowned|100\/100\n|-ability|p1a: Zacian|Intrepid Sword|boost\n|-boost|p1a: Zacian|atk|1\n|move|p2a: Calyrex|Glacial Lance|p1a: Zacian\n|-resisted|p1a: Zacian\n|-damage|p1a: Zacian|61\/100\n|\n|upkeep\n|turn|10\n|\n|t:|1700017227\n|-terastallize|p2a: Calyrex|Fire\n|move|p2a: Calyrex|Tera Blast|p1a: Zacian|[anim] Tera Blast Fire\n|-supereffective|p1a: Zacian\n|-crit|p1a: Zacian\n|-damage|p1a: Zacian|0 fnt\n|faint|p1a: Zacian\n|-ability|p2a: Calyrex|Chilling Neigh|boost\n|-boost|p2a: Calyrex|atk|1\n|\n|upkeep\n|\n|t:|1700017243\n|switch|p1a: Arceus|Arceus|100\/100\n|turn|11\n|\n|t:|1700017250\n|-terastallize|p1a: Arceus|Normal\n|move|p1a: Arceus|Extreme Speed|p2a: Calyrex\n|-damage|p2a: Calyrex|8\/100\n|-damage|p1a: Arceus|91\/100|[from] item: Life Orb\n|move|p2a: Calyrex|Glacial Lance|p1a: Arceus\n|-damage|p1a: Arceus|2\/100\n|\n|upkeep\n|turn|12\n|\n|t:|1700017261\n|move|p1a: Arceus|Extreme Speed|p2a: Calyrex\n|-damage|p2a: Calyrex|0 fnt\n|faint|p2a: Calyrex\n|-damage|p1a: Arceus|0 fnt|[from] item: Life Orb\n|faint|p1a: Arceus\n|\n|-fieldend|move: Trick Room\n|upkeep\n|\n|t:|1700017273\n|switch|p1a: Zekrom|Zekrom|76\/100\n|switch|p2a: Porygon2|Porygon2|100\/100\n|-ability|p1a: Zekrom|Teravolt\n|-damage|p2a: Porygon2|88\/100|[from] Stealth Rock\n|-ability|p2a: Porygon2|Teravolt\n|-ability|p2a: Porygon2|Teravolt|[from] ability: Trace|[of] p1a: Zekrom\n|turn|13\n|\n|t:|1700017284\n|move|p1a: Zekrom|Bolt Strike|p2a: Porygon2\n|-damage|p2a: Porygon2|51\/100\n|move|p2a: Porygon2|Trick Room|p2a: Porygon2\n|-fieldstart|move: Trick Room|[of] p2a: Porygon2\n|\n|upkeep\n|turn|14\n|\n|t:|1700017290\n|move|p2a: Porygon2|Tri Attack|p1a: Zekrom\n|-damage|p1a: Zekrom|45\/100\n|move|p1a: Zekrom|Substitute|p1a: Zekrom\n|-start|p1a: Zekrom|Substitute\n|-damage|p1a: Zekrom|20\/100\n|\n|upkeep\n|turn|15\n|\n|t:|1700017298\n|move|p2a: Porygon2|Tri Attack|p1a: Zekrom\n|-end|p1a: Zekrom|Substitute\n|move|p1a: Zekrom|Bolt Strike|p2a: Porygon2\n|-damage|p2a: Porygon2|10\/100\n|\n|upkeep\n|turn|16\n|\n|t:|1700017306\n|move|p2a: Porygon2|Recover|p2a: Porygon2\n|-heal|p2a: Porygon2|60\/100\n|move|p1a: Zekrom|Dragon Dance|p1a: Zekrom\n|-boost|p1a: Zekrom|atk|1\n|-boost|p1a: Zekrom|spe|1\n|\n|upkeep\n|turn|17\n|\n|t:|1700017314\n|move|p2a: Porygon2|Tri Attack|p1a: Zekrom\n|-damage|p1a: Zekrom|0 fnt\n|faint|p1a: Zekrom\n|\n|-fieldend|move: Trick Room\n|upkeep\n|\n|t:|1700017322\n|switch|p1a: Groudon|Groudon|100\/100\n|detailschange|p1a: Groudon|Groudon-Primal\n|-primal|p1a: Groudon|Red Orb\n|-weather|DesolateLand|[from] ability: Desolate Land|[of] p1a: Groudon\n|turn|18\n|\n|t:|1700017328\n|move|p1a: Groudon|Heat Crash|p2a: Porygon2\n|-damage|p2a: Porygon2|0 fnt\n|faint|p2a: Porygon2\n|\n|-weather|DesolateLand|[upkeep]\n|upkeep\n|c|\u2606Kin+ak(\u2727\u2207\u2727)|JNOOOOOOOOOOOO\n|\n|t:|1700017344\n|switch|p2a: Ampharos|Ampharos, M|100\/100\n|-damage|p2a: Ampharos|88\/100|[from] Stealth Rock\n|turn|19\n|\n|t:|1700017355\n|-weather|none\n|switch|p1a: Xerneas|Xerneas|100\/100\n|-ability|p1a: Xerneas|Fairy Aura\n|detailschange|p2a: Ampharos|Ampharos-Mega, M\n|-mega|p2a: Ampharos|Ampharos|Ampharosite\n|-ability|p2a: Ampharos|Mold Breaker\n|move|p2a: Ampharos|Dragon Pulse|p1a: Xerneas\n|-immune|p1a: Xerneas\n|\n|upkeep\n|turn|20\n|\n|t:|1700017367\n|move|p1a: Xerneas|Geomancy||[still]\n|-prepare|p1a: Xerneas|Geomancy\n|-enditem|p1a: Xerneas|Power Herb\n|-anim|p1a: Xerneas|Geomancy|p1a: Xerneas\n|-boost|p1a: Xerneas|spa|2\n|-boost|p1a: Xerneas|spd|2\n|-boost|p1a: Xerneas|spe|2\n|move|p2a: Ampharos|Volt Switch|p1a: Xerneas\n|-damage|p1a: Xerneas|80\/100\n|\n|t:|1700017379\n|switch|p2a: Melmetal|Melmetal|100\/100|[from] Volt Switch\n|-damage|p2a: Melmetal|94\/100|[from] Stealth Rock\n|\n|upkeep\n|turn|21\n|\n|t:|1700017386\n|move|p1a: Xerneas|Hidden Power|p2a: Melmetal\n|-supereffective|p2a: Melmetal\n|-damage|p2a: Melmetal|4\/100\n|move|p2a: Melmetal|Double Iron Bash|p1a: Xerneas\n|-supereffective|p1a: Xerneas\n|-damage|p1a: Xerneas|0 fnt\n|faint|p1a: Xerneas\n|-hitcount|p1: Xerneas|1\n|\n|upkeep\n|\n|t:|1700017395\n|switch|p1a: Groudon|Groudon-Primal|100\/100\n|-weather|DesolateLand|[from] ability: Desolate Land|[of] p1a: Groudon\n|turn|22\n|\n|t:|1700017401\n|move|p1a: Groudon|Heat Crash|p2a: Melmetal\n|-supereffective|p2a: Melmetal\n|-damage|p2a: Melmetal|0 fnt\n|faint|p2a: Melmetal\n|\n|-weather|DesolateLand|[upkeep]\n|upkeep\n|\n|t:|1700017403\n|switch|p2a: Ampharos|Ampharos-Mega, M|88\/100\n|-damage|p2a: Ampharos|76\/100|[from] Stealth Rock\n|-ability|p2a: Ampharos|Mold Breaker\n|turn|23\n|\n|t:|1700017413\n|move|p1a: Groudon|Heat Crash|p2a: Ampharos\n|-resisted|p2a: Ampharos\n|-damage|p2a: Ampharos|17\/100\n|move|p2a: Ampharos|Dragon Pulse|p1a: Groudon\n|-damage|p1a: Groudon|44\/100\n|\n|-weather|DesolateLand|[upkeep]\n|upkeep\n|turn|24\n|\n|t:|1700017423\n|move|p1a: Groudon|Heat Crash|p2a: Ampharos\n|-resisted|p2a: Ampharos\n|-damage|p2a: Ampharos|0 fnt\n|faint|p2a: Ampharos\n|\n|win|85792195wwww\n|raw|85792195wwww's rating: 1683 &rarr; <strong>1690<\/strong><br \/>(+7 for winning)\n|raw|Kin+ak(\u2727\u2207\u2727)'s rating: 1424 &rarr; <strong>1417<\/strong><br \/>(-7 for losing)\n|l|\u2606Kin+ak(\u2727\u2207\u2727)\n","uploadtime":1700017430,"views":7,"p1id":"85792195wwww","p2id":"kinak","formatid":"gen9nationaldexubers","rating":1417,"private":0,"password":""}