{"id":"gen9nationaldexubers-1984400149","p1":"KarmaNightraide","p2":"HOLY_BARK","format":"[Gen 9] National Dex Ubers","log":"|j|\u2606KarmaNightraide\n|j|\u2606HOLY_BARK\n|t:|1699256869\n|gametype|singles\n|player|p1|KarmaNightraide|unknown|1185\n|player|p2|HOLY_BARK|pokemaniac|1093\n|teamsize|p1|6\n|teamsize|p2|6\n|gen|9\n|tier|[Gen 9] National Dex Ubers\n|rated|\n|rule|HP Percentage Mod: HP is shown in percentages\n|rule|Endless Battle Clause: Forcing endless battles is banned\n|rule|OHKO Clause: OHKO moves are banned\n|rule|Evasion Moves Clause: Evasion moves are banned\n|rule|Evasion Items Clause: Evasion items are banned\n|rule|Species Clause: Limit one of each Pok\u00e9mon\n|rule|Sleep Clause Mod: Limit one foe put to sleep\n|rule|Mega Rayquaza Clause: You cannot mega evolve Rayquaza\n|clearpoke\n|poke|p1|Aegislash, F|\n|poke|p1|Ceruledge, F|\n|poke|p1|Basculegion, M|\n|poke|p1|Mimikyu, M|\n|poke|p1|Mismagius, F|\n|poke|p1|Gourgeist-*, F|\n|poke|p2|Scizor, M|\n|poke|p2|Kingambit, M|\n|poke|p2|Gholdengo|\n|poke|p2|Aggron, M|\n|poke|p2|Duraludon, M|\n|poke|p2|Lucario, M|\n|teampreview\n|\n|t:|1699256873\n|start\n|switch|p1a: Witch|Mismagius, F|100\/100\n|switch|p2a: Archaludon|Duraludon, M|100\/100\n|turn|1\n|\n|t:|1699256904\n|move|p1a: Witch|Nasty Plot|p1a: Witch\n|-boost|p1a: Witch|spa|2\n|move|p2a: Archaludon|Dark Pulse|p1a: Witch\n|-supereffective|p1a: Witch\n|-damage|p1a: Witch|39\/100\n|\n|upkeep\n|turn|2\n|\n|t:|1699256928\n|move|p1a: Witch|Thunderbolt|p2a: Archaludon\n|-resisted|p2a: Archaludon\n|-damage|p2a: Archaludon|55\/100\n|move|p2a: Archaludon|Dark Pulse|p1a: Witch\n|-supereffective|p1a: Witch\n|-damage|p1a: Witch|0 fnt\n|faint|p1a: Witch\n|\n|upkeep\n|\n|t:|1699256940\n|switch|p1a: Excalasey|Aegislash, F|100\/100\n|turn|3\n|\n|t:|1699256954\n|move|p1a: Excalasey|King's Shield|p1a: Excalasey\n|-singleturn|p1a: Excalasey|Protect\n|move|p2a: Archaludon|Dark Pulse|p1a: Excalasey\n|-activate|p1a: Excalasey|move: Protect\n|\n|upkeep\n|turn|4\n|\n|t:|1699256961\n|-terastallize|p1a: Excalasey|Dark\n|move|p2a: Archaludon|Dark Pulse|p1a: Excalasey\n|-resisted|p1a: Excalasey\n|-damage|p1a: Excalasey|88\/100\n|cant|p1a: Excalasey|flinch\n|\n|upkeep\n|turn|5\n|\n|t:|1699256971\n|move|p2a: Archaludon|Draco Meteor|p1a: Excalasey\n|-damage|p1a: Excalasey|29\/100\n|-unboost|p2a: Archaludon|spa|2\n|-formechange|p1a: Excalasey|Aegislash-Blade||[from] ability: Stance Change\n|move|p1a: Excalasey|Sacred Sword|p2a: Archaludon\n|-supereffective|p2a: Archaludon\n|-damage|p2a: Archaludon|0 fnt\n|-damage|p1a: Excalasey|12\/100|[from] item: Rocky Helmet|[of] p2a: Archaludon\n|faint|p2a: Archaludon\n|\n|upkeep\n|\n|t:|1699256985\n|switch|p2a: Rizzor|Scizor, M, shiny|100\/100\n|turn|6\n|\n|t:|1699257005\n|-formechange|p1a: Excalasey|Aegislash||[from] ability: Stance Change\n|move|p1a: Excalasey|King's Shield|p1a: Excalasey\n|-singleturn|p1a: Excalasey|Protect\n|move|p2a: Rizzor|Bullet Punch|p1a: Excalasey\n|-activate|p1a: Excalasey|move: Protect\n|-unboost|p2a: Rizzor|atk|1\n|\n|upkeep\n|turn|7\n|\n|t:|1699257017\n|move|p2a: Rizzor|Bullet Punch|p1a: Excalasey\n|-damage|p1a: Excalasey|0 fnt\n|faint|p1a: Excalasey\n|\n|upkeep\n|\n|t:|1699257022\n|switch|p1a: Widowmaker|Ceruledge, F|100\/100\n|turn|8\n|\n|t:|1699257033\n|switch|p2a: FINAL GAMBLE|Kingambit, M|100\/100\n|move|p1a: Widowmaker|Swords Dance|p1a: Widowmaker\n|-boost|p1a: Widowmaker|atk|2\n|\n|upkeep\n|turn|9\n|\n|t:|1699257057\n|move|p2a: FINAL GAMBLE|Sucker Punch|p1a: Widowmaker\n|-supereffective|p1a: Widowmaker\n|-enditem|p1a: Widowmaker|Focus Sash\n|-damage|p1a: Widowmaker|1\/100\n|-ability|p1a: Widowmaker|Weak Armor|boost\n|-unboost|p1a: Widowmaker|def|1\n|-boost|p1a: Widowmaker|spe|2\n|-damage|p2a: FINAL GAMBLE|90\/100|[from] item: Life Orb\n|move|p1a: Widowmaker|Bitter Blade|p2a: FINAL GAMBLE\n|-supereffective|p2a: FINAL GAMBLE\n|-damage|p2a: FINAL GAMBLE|0 fnt\n|-heal|p1a: Widowmaker|55\/100|[from] drain|[of] p2a: FINAL GAMBLE\n|faint|p2a: FINAL GAMBLE\n|\n|upkeep\n|\n|t:|1699257074\n|switch|p2a: Rizzor|Scizor, M, shiny|100\/100\n|turn|10\n|\n|t:|1699257078\n|move|p2a: Rizzor|Bullet Punch|p1a: Widowmaker\n|-resisted|p1a: Widowmaker\n|-damage|p1a: Widowmaker|17\/100\n|-ability|p1a: Widowmaker|Weak Armor|boost\n|-unboost|p1a: Widowmaker|def|1\n|-boost|p1a: Widowmaker|spe|2\n|move|p1a: Widowmaker|Bitter Blade|p2a: Rizzor\n|-supereffective|p2a: Rizzor\n|-damage|p2a: Rizzor|0 fnt\n|-heal|p1a: Widowmaker|70\/100|[from] drain|[of] p2a: Rizzor\n|faint|p2a: Rizzor\n|\n|upkeep\n|-message|HOLY_BARK forfeited.\n|\n|win|KarmaNightraide\n|raw|KarmaNightraide's rating: 1185 &rarr; <strong>1204<\/strong><br \/>(+19 for winning)\n|raw|HOLY_BARK's rating: 1093 &rarr; <strong>1075<\/strong><br \/>(-18 for losing)\n|l|\u2606HOLY_BARK\n","uploadtime":1699257092,"views":3,"p1id":"karmanightraide","p2id":"holybark","formatid":"gen9nationaldexubers","rating":1075,"private":0,"password":""}