{"id":"gen9nationaldexubers-1979803368","p1":"capncold","p2":"XX_1nfinity_XX","format":"[Gen 9] National Dex Ubers","log":"|j|\u2606capncold\n|j|\u2606XX_1nfinity_XX\n|t:|1698714863\n|gametype|singles\n|player|p1|capncold|lance|\n|player|p2|XX_1nfinity_XX|lucas|\n|teamsize|p1|6\n|teamsize|p2|6\n|gen|9\n|tier|[Gen 9] National Dex Ubers\n|rule|HP Percentage Mod: HP is shown in percentages\n|rule|Endless Battle Clause: Forcing endless battles is banned\n|rule|OHKO Clause: OHKO moves are banned\n|rule|Evasion Moves Clause: Evasion moves are banned\n|rule|Evasion Items Clause: Evasion items are banned\n|rule|Species Clause: Limit one of each Pok\u00e9mon\n|rule|Sleep Clause Mod: Limit one foe put to sleep\n|rule|Mega Rayquaza Clause: You cannot mega evolve Rayquaza\n|clearpoke\n|poke|p1|Roaring Moon|\n|poke|p1|Clefable, F|\n|poke|p1|Lopunny, F|\n|poke|p1|Gliscor, M|\n|poke|p1|Grafaiai, M|\n|poke|p1|Gholdengo|\n|poke|p2|Tapu Koko|\n|poke|p2|Tapu Lele|\n|poke|p2|Iron Valiant|\n|poke|p2|Tapu Bulu|\n|poke|p2|Magearna|\n|poke|p2|Altaria, M|\n|teampreview\n|inactive|Battle timer is ON: inactive players will automatically lose when time's up. (requested by XX_1nfinity_XX)\n|c|\u2606capncold|gl hf !\n|c|\u2606XX_1nfinity_XX|u2\n|inactive|capncold has 270 seconds left.\n|\n|t:|1698714920\n|start\n|switch|p1a: Syzoth|Gliscor, M, shiny|100\/100\n|switch|p2a: Tapu Koko|Tapu Koko|100\/100\n|-fieldstart|move: Electric Terrain|[from] ability: Electric Surge|[of] p2a: Tapu Koko\n|turn|1\n|\n|t:|1698714947\n|switch|p2a: Tapu Bulu|Tapu Bulu|100\/100\n|-fieldstart|move: Grassy Terrain|[from] ability: Grassy Surge|[of] p2a: Tapu Bulu\n|move|p1a: Syzoth|Toxic Spikes|p2a: Tapu Bulu\n|-sidestart|p2: XX_1nfinity_XX|move: Toxic Spikes\n|\n|-status|p1a: Syzoth|tox|[from] item: Toxic Orb\n|upkeep\n|turn|2\n|\n|t:|1698714960\n|move|p2a: Tapu Bulu|Swords Dance|p2a: Tapu Bulu\n|-boost|p2a: Tapu Bulu|atk|2\n|move|p1a: Syzoth|Poison Tail|p2a: Tapu Bulu\n|-supereffective|p2a: Tapu Bulu\n|-damage|p2a: Tapu Bulu|54\/100\n|\n|-heal|p2a: Tapu Bulu|60\/100|[from] Grassy Terrain\n|upkeep\n|turn|3\n|\n|t:|1698714970\n|move|p2a: Tapu Bulu|Horn Leech|p1a: Syzoth\n|-damage|p1a: Syzoth|5\/100 tox\n|-heal|p2a: Tapu Bulu|100\/100|[from] drain|[of] p1a: Syzoth\n|-damage|p2a: Tapu Bulu|91\/100|[from] item: Life Orb\n|move|p1a: Syzoth|Poison Tail|p2a: Tapu Bulu\n|-supereffective|p2a: Tapu Bulu\n|-damage|p2a: Tapu Bulu|44\/100\n|\n|-heal|p2a: Tapu Bulu|50\/100|[from] Grassy Terrain\n|-heal|p1a: Syzoth|17\/100 tox|[from] ability: Poison Heal\n|upkeep\n|turn|4\n|inactive|capncold has 270 seconds left.\n|\n|t:|1698715001\n|move|p2a: Tapu Bulu|Horn Leech|p1a: Syzoth\n|-damage|p1a: Syzoth|0 fnt\n|-heal|p2a: Tapu Bulu|60\/100|[from] drain|[of] p1a: Syzoth\n|faint|p1a: Syzoth\n|-damage|p2a: Tapu Bulu|50\/100|[from] item: Life Orb\n|\n|-heal|p2a: Tapu Bulu|56\/100|[from] Grassy Terrain\n|upkeep\n|\n|t:|1698715019\n|switch|p1a: Madam Bo|Clefable, F|100\/100\n|turn|5\n|\n|t:|1698715024\n|move|p2a: Tapu Bulu|Horn Leech|p1a: Madam Bo\n|-damage|p1a: Madam Bo|48\/100\n|-heal|p2a: Tapu Bulu|93\/100|[from] drain|[of] p1a: Madam Bo\n|-damage|p2a: Tapu Bulu|83\/100|[from] item: Life Orb\n|move|p1a: Madam Bo|Wish|p1a: Madam Bo\n|\n|-heal|p2a: Tapu Bulu|89\/100|[from] Grassy Terrain\n|-heal|p1a: Madam Bo|54\/100|[from] Grassy Terrain\n|-heal|p1a: Madam Bo|60\/100|[from] item: Leftovers\n|-fieldend|move: Grassy Terrain\n|upkeep\n|turn|6\n|\n|t:|1698715043\n|move|p2a: Tapu Bulu|Swords Dance|p2a: Tapu Bulu\n|-boost|p2a: Tapu Bulu|atk|2\n|move|p1a: Madam Bo|Moonblast|p2a: Tapu Bulu\n|-damage|p2a: Tapu Bulu|52\/100\n|\n|-heal|p1a: Madam Bo|100\/100|[from] move: Wish|[wisher] Madam Bo\n|upkeep\n|turn|7\n|\n|t:|1698715050\n|move|p2a: Tapu Bulu|Horn Leech|p1a: Madam Bo\n|-damage|p1a: Madam Bo|64\/100\n|-heal|p2a: Tapu Bulu|78\/100|[from] drain|[of] p1a: Madam Bo\n|-damage|p2a: Tapu Bulu|68\/100|[from] item: Life Orb\n|move|p1a: Madam Bo|Calm Mind|p1a: Madam Bo\n|-boost|p1a: Madam Bo|spa|1\n|-boost|p1a: Madam Bo|spd|1\n|\n|-heal|p1a: Madam Bo|71\/100|[from] item: Leftovers\n|upkeep\n|turn|8\n|\n|t:|1698715068\n|switch|p2a: Tapu Koko|Tapu Koko|100\/100\n|-status|p2a: Tapu Koko|psn\n|-fieldstart|move: Electric Terrain|[from] ability: Electric Surge|[of] p2a: Tapu Koko\n|move|p1a: Madam Bo|Wish|p1a: Madam Bo\n|\n|-heal|p1a: Madam Bo|77\/100|[from] item: Leftovers\n|-damage|p2a: Tapu Koko|88\/100 psn|[from] psn\n|upkeep\n|turn|9\n|inactive|capncold has 270 seconds left.\n|\n|t:|1698715081\n|move|p2a: Tapu Koko|Wild Charge|p1a: Madam Bo\n|-damage|p1a: Madam Bo|34\/100\n|-damage|p2a: Tapu Koko|73\/100 psn|[from] Recoil\n|move|p1a: Madam Bo|Calm Mind|p1a: Madam Bo\n|-boost|p1a: Madam Bo|spa|1\n|-boost|p1a: Madam Bo|spd|1\n|\n|-heal|p1a: Madam Bo|84\/100|[from] move: Wish|[wisher] Madam Bo\n|-heal|p1a: Madam Bo|90\/100|[from] item: Leftovers\n|-damage|p2a: Tapu Koko|61\/100 psn|[from] psn\n|upkeep\n|turn|10\n|inactive|capncold has 270 seconds left.\n|\n|t:|1698715091\n|-zpower|p2a: Tapu Koko\n|move|p2a: Tapu Koko|Gigavolt Havoc|p1a: Madam Bo|[zeffect]\n|-damage|p1a: Madam Bo|7\/100\n|move|p1a: Madam Bo|Wish|p1a: Madam Bo\n|\n|-heal|p1a: Madam Bo|13\/100|[from] item: Leftovers\n|-damage|p2a: Tapu Koko|48\/100 psn|[from] psn\n|upkeep\n|turn|11\n|inactive|capncold has 270 seconds left.\n|\n|t:|1698715119\n|move|p2a: Tapu Koko|Wild Charge|p1a: Madam Bo\n|-damage|p1a: Madam Bo|0 fnt\n|faint|p1a: Madam Bo\n|-damage|p2a: Tapu Koko|44\/100 psn|[from] Recoil\n|\n|-damage|p2a: Tapu Koko|31\/100 psn|[from] psn\n|upkeep\n|inactive|capncold has 240 seconds left.\n|\n|t:|1698715136\n|switch|p1a: Liu Kang|Roaring Moon, shiny|100\/100\n|turn|12\n|\n|t:|1698715139\n|move|p2a: Tapu Koko|Volt Switch|p1a: Liu Kang\n|-resisted|p1a: Liu Kang\n|-damage|p1a: Liu Kang|88\/100\n|\n|t:|1698715146\n|switch|p2a: Tapu Lele|Tapu Lele|100\/100|[from] Volt Switch\n|-status|p2a: Tapu Lele|psn\n|-fieldstart|move: Psychic Terrain|[from] ability: Psychic Surge|[of] p2a: Tapu Lele\n|move|p1a: Liu Kang|Dragon Dance|p1a: Liu Kang\n|-boost|p1a: Liu Kang|atk|1\n|-boost|p1a: Liu Kang|spe|1\n|\n|-damage|p2a: Tapu Lele|88\/100 psn|[from] psn\n|upkeep\n|turn|13\n|\n|t:|1698715156\n|move|p1a: Liu Kang|Iron Head|p2a: Tapu Lele\n|-supereffective|p2a: Tapu Lele\n|-crit|p2a: Tapu Lele\n|-damage|p2a: Tapu Lele|0 fnt\n|faint|p2a: Tapu Lele\n|\n|upkeep\n|\n|t:|1698715174\n|switch|p2a: Altaria|Altaria, M|100\/100\n|turn|14\n|inactive|capncold has 270 seconds left.\n|\n|t:|1698715186\n|move|p1a: Liu Kang|Iron Head|p2a: Altaria\n|-damage|p2a: Altaria|42\/100\n|cant|p2a: Altaria|flinch\n|\n|upkeep\n|turn|15\n|\n|t:|1698715191\n|move|p1a: Liu Kang|Iron Head|p2a: Altaria\n|-damage|p2a: Altaria|0 fnt\n|faint|p2a: Altaria\n|\n|upkeep\n|c|\u2606XX_1nfinity_XX|uhh\n|\n|t:|1698715195\n|switch|p2a: Tapu Koko|Tapu Koko|31\/100 psn\n|-fieldstart|move: Electric Terrain|[from] ability: Electric Surge|[of] p2a: Tapu Koko\n|turn|16\n|\n|t:|1698715199\n|move|p1a: Liu Kang|Iron Head|p2a: Tapu Koko\n|-damage|p2a: Tapu Koko|0 fnt\n|faint|p2a: Tapu Koko\n|\n|upkeep\n|\n|t:|1698715201\n|switch|p2a: Iron Valiant|Iron Valiant|100\/100\n|-status|p2a: Iron Valiant|psn\n|-activate|p2a: Iron Valiant|ability: Quark Drive\n|-start|p2a: Iron Valiant|quarkdrivespe\n|turn|17\n|\n|t:|1698715212\n|move|p2a: Iron Valiant|Moonblast|p1a: Liu Kang\n|-supereffective|p1a: Liu Kang\n|-damage|p1a: Liu Kang|0 fnt\n|faint|p1a: Liu Kang\n|-end|p1a: Liu Kang|Protosynthesis|[silent]\n|-damage|p2a: Iron Valiant|91\/100 psn|[from] item: Life Orb\n|\n|-damage|p2a: Iron Valiant|78\/100 psn|[from] psn\n|upkeep\n|\n|t:|1698715225\n|switch|p1a: Havik|Grafaiai, M, shiny|100\/100\n|turn|18\n|\n|t:|1698715230\n|move|p1a: Havik|Encore|p2a: Iron Valiant\n|-start|p2a: Iron Valiant|Encore\n|move|p2a: Iron Valiant|Moonblast|p1a: Havik\n|-resisted|p1a: Havik\n|-damage|p1a: Havik|65\/100\n|-damage|p2a: Iron Valiant|69\/100 psn|[from] item: Life Orb\n|\n|-damage|p2a: Iron Valiant|56\/100 psn|[from] psn\n|upkeep\n|turn|19\n|\n|t:|1698715239\n|-end|p2a: Iron Valiant|Quark Drive|[silent]\n|switch|p2a: Magearna|Magearna|100\/100\n|move|p1a: Havik|Poison Jab|p2a: Magearna\n|-immune|p2a: Magearna\n|\n|upkeep\n|turn|20\n|\n|t:|1698715248\n|switch|p2a: Tapu Bulu|Tapu Bulu|68\/100\n|-status|p2a: Tapu Bulu|psn\n|-fieldstart|move: Grassy Terrain|[from] ability: Grassy Surge|[of] p2a: Tapu Bulu\n|move|p1a: Havik|Parting Shot|p2a: Tapu Bulu\n|-unboost|p2a: Tapu Bulu|atk|1\n|-unboost|p2a: Tapu Bulu|spa|1\n|\n|t:|1698715262\n|switch|p1a: Kollector|Gholdengo|100\/100|[from] Parting Shot\n|\n|-heal|p2a: Tapu Bulu|74\/100 psn|[from] Grassy Terrain\n|-damage|p2a: Tapu Bulu|61\/100 psn|[from] psn\n|upkeep\n|turn|21\n|\n|t:|1698715272\n|-terastallize|p1a: Kollector|Steel\n|move|p1a: Kollector|Flash Cannon|p2a: Tapu Bulu\n|-supereffective|p2a: Tapu Bulu\n|-damage|p2a: Tapu Bulu|0 fnt\n|faint|p2a: Tapu Bulu\n|\n|upkeep\n|\n|t:|1698715278\n|switch|p2a: Iron Valiant|Iron Valiant|56\/100 psn\n|turn|22\n|\n|t:|1698715282\n|switch|p1a: Havik|Grafaiai, M, shiny|65\/100\n|move|p2a: Iron Valiant|Close Combat|p1a: Havik\n|-damage|p1a: Havik|0 fnt\n|-unboost|p2a: Iron Valiant|def|1\n|-unboost|p2a: Iron Valiant|spd|1\n|faint|p1a: Havik\n|-damage|p2a: Iron Valiant|47\/100 psn|[from] item: Life Orb\n|\n|-heal|p2a: Iron Valiant|53\/100 psn|[from] Grassy Terrain\n|-damage|p2a: Iron Valiant|40\/100 psn|[from] psn\n|upkeep\n|\n|t:|1698715304\n|switch|p1a: Kollector|Gholdengo, tera:Steel|100\/100\n|turn|23\n|\n|t:|1698715309\n|move|p2a: Iron Valiant|Close Combat|p1a: Kollector\n|-supereffective|p1a: Kollector\n|-damage|p1a: Kollector|0 fnt\n|-unboost|p2a: Iron Valiant|def|1\n|-unboost|p2a: Iron Valiant|spd|1\n|faint|p1a: Kollector\n|-damage|p2a: Iron Valiant|31\/100 psn|[from] item: Life Orb\n|\n|-heal|p2a: Iron Valiant|37\/100 psn|[from] Grassy Terrain\n|-damage|p2a: Iron Valiant|24\/100 psn|[from] psn\n|upkeep\n|c|\u2606capncold|yea that tera was a throw lol\n|\n|t:|1698715321\n|switch|p1a: Li Mei|Lopunny, F, shiny|100\/100\n|turn|24\n|c|\u2606capncold|gg\n|-message|capncold forfeited.\n|\n|win|XX_1nfinity_XX\n|l|\u2606XX_1nfinity_XX\n|j|\u2606XX_1nfinity_XX\n|player|p2|XX_1nfinity_XX|lucas\n","uploadtime":1698715336,"views":10,"p1id":"capncold","p2id":"xx1nfinityxx","formatid":"gen9nationaldexubers","rating":0,"private":0,"password":""}