{"id":"gen9nationaldexubers-1989098443","p1":"Riddged","p2":"KarmaKazama0","format":"[Gen 9] National Dex Ubers","log":"|j|\u2606Riddged\n|j|\u2606KarmaKazama0\n|t:|1699811968\n|gametype|singles\n|player|p1|Riddged|iris|1105\n|player|p2|KarmaKazama0|1|1187\n|teamsize|p1|6\n|teamsize|p2|6\n|gen|9\n|tier|[Gen 9] National Dex Ubers\n|rated|\n|rule|HP Percentage Mod: HP is shown in percentages\n|rule|Endless Battle Clause: Forcing endless battles is banned\n|rule|OHKO Clause: OHKO moves are banned\n|rule|Evasion Moves Clause: Evasion moves are banned\n|rule|Evasion Items Clause: Evasion items are banned\n|rule|Species Clause: Limit one of each Pok\u00e9mon\n|rule|Sleep Clause Mod: Limit one foe put to sleep\n|rule|Mega Rayquaza Clause: You cannot mega evolve Rayquaza\n|clearpoke\n|poke|p1|Goodra, F|\n|poke|p1|Garchomp, F|\n|poke|p1|Altaria, F|\n|poke|p1|Salamence, M|\n|poke|p1|Kommo-o, M|\n|poke|p1|Dragapult, F|\n|poke|p2|Salamence, M|\n|poke|p2|Zacian-*|\n|poke|p2|Giratina-Origin|\n|poke|p2|Kyogre|\n|poke|p2|Kingambit, M|\n|poke|p2|Groudon|\n|teampreview\n|c|\u2606Riddged|E\n|c|\u2606Riddged|That is very itimidating\n|inactive|Battle timer is ON: inactive players will automatically lose when time's up. (requested by KarmaKazama0)\n|\n|t:|1699812002\n|start\n|switch|p1a: Altaria|Altaria, F|100\/100\n|switch|p2a: Groudon|Groudon|100\/100\n|detailschange|p2a: Groudon|Groudon-Primal\n|-primal|p2a: Groudon|Red Orb\n|-weather|DesolateLand|[from] ability: Desolate Land|[of] p2a: Groudon\n|turn|1\n|\n|t:|1699812026\n|detailschange|p1a: Altaria|Altaria-Mega, F\n|-mega|p1a: Altaria|Altaria|Altarianite\n|move|p1a: Altaria|Cotton Guard|p1a: Altaria\n|-boost|p1a: Altaria|def|3\n|move|p2a: Groudon|Toxic|p1a: Altaria\n|-status|p1a: Altaria|tox\n|\n|-weather|DesolateLand|[upkeep]\n|-damage|p1a: Altaria|94\/100 tox|[from] psn\n|upkeep\n|turn|2\n|\n|t:|1699812033\n|move|p1a: Altaria|Dragon Pulse|p2a: Groudon\n|-damage|p2a: Groudon|76\/100\n|move|p2a: Groudon|Spikes|p1a: Altaria\n|-sidestart|p1: Riddged|Spikes\n|\n|-weather|DesolateLand|[upkeep]\n|-damage|p1a: Altaria|82\/100 tox|[from] psn\n|upkeep\n|turn|3\n|\n|t:|1699812051\n|-weather|none\n|switch|p2a: Zacian|Zacian-Crowned|100\/100\n|-ability|p2a: Zacian|Intrepid Sword|boost\n|-boost|p2a: Zacian|atk|1\n|move|p1a: Altaria|Cotton Guard|p1a: Altaria\n|-boost|p1a: Altaria|def|3\n|\n|-damage|p1a: Altaria|64\/100 tox|[from] psn\n|upkeep\n|turn|4\n|\n|t:|1699812072\n|switch|p1a: Garchomp|Garchomp, F|100\/100\n|-damage|p1a: Garchomp|88\/100|[from] Spikes\n|move|p2a: Zacian|Behemoth Blade|p1a: Garchomp\n|-damage|p1a: Garchomp|16\/100\n|-damage|p2a: Zacian|88\/100|[from] ability: Rough Skin|[of] p1a: Garchomp\n|\n|upkeep\n|turn|5\n|inactive|Riddged has 120 seconds left.\n|\n|t:|1699812100\n|switch|p2a: Groudon|Groudon-Primal|76\/100\n|-weather|DesolateLand|[from] ability: Desolate Land|[of] p2a: Groudon\n|move|p1a: Garchomp|Earthquake|p2a: Groudon\n|-supereffective|p2a: Groudon\n|-damage|p2a: Groudon|26\/100\n|\n|-weather|DesolateLand|[upkeep]\n|upkeep\n|turn|6\n|inactive|Riddged has 120 seconds left.\n|\n|t:|1699812114\n|-weather|none\n|switch|p2a: Salamence|Salamence, M|100\/100\n|-ability|p2a: Salamence|Intimidate|boost\n|-unboost|p1a: Garchomp|atk|1\n|move|p1a: Garchomp|Earthquake|p2a: Salamence\n|-immune|p2a: Salamence\n|\n|upkeep\n|turn|7\n|inactive|Riddged has 120 seconds left.\n|\n|t:|1699812120\n|move|p2a: Salamence|Dragon Dance|p2a: Salamence\n|-boost|p2a: Salamence|atk|1\n|-boost|p2a: Salamence|spe|1\n|-enditem|p1a: Garchomp|Mirror Herb\n|-boost|p1a: Garchomp|atk|1|[from] item: Mirror Herb\n|-boost|p1a: Garchomp|spe|1|[from] item: Mirror Herb\n|move|p1a: Garchomp|Dragon Rush|p2a: Salamence\n|-supereffective|p2a: Salamence\n|-damage|p2a: Salamence|0 fnt\n|faint|p2a: Salamence\n|\n|upkeep\n|\n|t:|1699812127\n|switch|p2a: Zacian|Zacian-Crowned|88\/100\n|turn|8\n|\n|t:|1699812132\n|move|p2a: Zacian|Play Rough|p1a: Garchomp\n|-supereffective|p1a: Garchomp\n|-damage|p1a: Garchomp|0 fnt\n|-damage|p2a: Zacian|76\/100|[from] ability: Rough Skin|[of] p1a: Garchomp\n|faint|p1a: Garchomp\n|\n|upkeep\n|inactive|Riddged has 120 seconds left.\n|c|\u2606Riddged|scary\n|\n|t:|1699812171\n|switch|p1a: Dragapult|Dragapult, F|100\/100\n|-damage|p1a: Dragapult|88\/100|[from] Spikes\n|turn|9\n|\n|t:|1699812185\n|switch|p2a: Kingambit|Kingambit, M|100\/100\n|-activate|p2a: Kingambit|ability: Supreme Overlord\n|-start|p2a: Kingambit|fallen1|[silent]\n|move|p1a: Dragapult|Phantom Force||[still]\n|-prepare|p1a: Dragapult|Phantom Force\n|\n|-heal|p1a: Dragapult|94\/100|[from] item: Leftovers\n|upkeep\n|turn|10\n|\n|t:|1699812192\n|move|p1a: Dragapult|Phantom Force|p2a: Kingambit|[from]lockedmove\n|-resisted|p2a: Kingambit\n|-damage|p2a: Kingambit|86\/100\n|move|p2a: Kingambit|Kowtow Cleave|p1a: Dragapult\n|-supereffective|p1a: Dragapult\n|-damage|p1a: Dragapult|0 fnt\n|-start|p2a: Kingambit|Disable|Kowtow Cleave|[from] ability: Cursed Body|[of] p1a: Dragapult\n|faint|p1a: Dragapult\n|\n|-heal|p2a: Kingambit|92\/100|[from] item: Leftovers\n|upkeep\n|\n|t:|1699812198\n|switch|p1a: Kommo-o|Kommo-o, M|100\/100\n|-damage|p1a: Kommo-o|88\/100|[from] Spikes\n|turn|11\n|\n|t:|1699812202\n|-end|p2a: Kingambit|fallen1|[silent]\n|switch|p2a: Groudon|Groudon-Primal|26\/100\n|-weather|DesolateLand|[from] ability: Desolate Land|[of] p2a: Groudon\n|move|p1a: Kommo-o|Clangorous Soul|p1a: Kommo-o\n|-boost|p1a: Kommo-o|atk|1\n|-boost|p1a: Kommo-o|def|1\n|-boost|p1a: Kommo-o|spa|1\n|-boost|p1a: Kommo-o|spd|1\n|-boost|p1a: Kommo-o|spe|1\n|-damage|p1a: Kommo-o|55\/100\n|\n|-weather|DesolateLand|[upkeep]\n|upkeep\n|turn|12\n|\n|t:|1699812211\n|move|p1a: Kommo-o|Drain Punch|p2a: Groudon\n|-damage|p2a: Groudon|0 fnt\n|-heal|p1a: Kommo-o|72\/100|[from] drain|[of] p2a: Groudon\n|faint|p2a: Groudon\n|-weather|none\n|\n|upkeep\n|inactive|KarmaKazama0 has 120 seconds left.\n|c|\u2606Riddged|telling u rn\n|c|\u2606Riddged|that Zacian can more than likely wipe my whole team\n|\n|t:|1699812264\n|switch|p2a: Kyogre|Kyogre|100\/100\n|detailschange|p2a: Kyogre|Kyogre-Primal\n|-primal|p2a: Kyogre|Blue Orb\n|-weather|PrimordialSea|[from] ability: Primordial Sea|[of] p2a: Kyogre\n|turn|13\n|\n|t:|1699812272\n|move|p1a: Kommo-o|Thunder Punch|p2a: Kyogre\n|-supereffective|p2a: Kyogre\n|-damage|p2a: Kyogre|22\/100\n|move|p2a: Kyogre|Ice Beam|p1a: Kommo-o\n|-supereffective|p1a: Kommo-o\n|-damage|p1a: Kommo-o|24\/100\n|\n|-weather|PrimordialSea|[upkeep]\n|upkeep\n|turn|14\n|\n|t:|1699812283\n|move|p1a: Kommo-o|Thunder Punch|p2a: Kyogre\n|-supereffective|p2a: Kyogre\n|-damage|p2a: Kyogre|0 fnt\n|faint|p2a: Kyogre\n|-weather|none\n|\n|upkeep\n|\n|t:|1699812297\n|switch|p2a: Giratina|Giratina-Origin, shiny|100\/100\n|turn|15\n|\n|t:|1699812306\n|-terastallize|p2a: Giratina|Ghost\n|move|p2a: Giratina|Shadow Sneak|p1a: Kommo-o\n|-damage|p1a: Kommo-o|11\/100\n|move|p1a: Kommo-o|Ice Punch|p2a: Giratina\n|-damage|p2a: Giratina|74\/100\n|\n|upkeep\n|turn|16\n|\n|t:|1699812322\n|move|p2a: Giratina|Shadow Sneak|p1a: Kommo-o\n|-damage|p1a: Kommo-o|0 fnt\n|faint|p1a: Kommo-o\n|\n|upkeep\n|\n|t:|1699812338\n|switch|p1a: Altaria|Altaria-Mega, F|64\/100 tox\n|-damage|p1a: Altaria|52\/100 tox|[from] Spikes\n|turn|17\n|\n|t:|1699812346\n|switch|p2a: Kingambit|Kingambit, M|92\/100\n|-activate|p2a: Kingambit|ability: Supreme Overlord\n|-start|p2a: Kingambit|fallen3|[silent]\n|move|p1a: Altaria|Moonblast|p2a: Kingambit\n|-damage|p2a: Kingambit|53\/100\n|\n|-heal|p2a: Kingambit|59\/100|[from] item: Leftovers\n|-damage|p1a: Altaria|46\/100 tox|[from] psn\n|upkeep\n|turn|18\n|\n|t:|1699812359\n|move|p1a: Altaria|Roost|p1a: Altaria\n|-heal|p1a: Altaria|96\/100 tox\n|-singleturn|p1a: Altaria|move: Roost\n|move|p2a: Kingambit|Iron Head|p1a: Altaria\n|-supereffective|p1a: Altaria\n|-damage|p1a: Altaria|0 fnt\n|faint|p1a: Altaria\n|\n|-heal|p2a: Kingambit|65\/100|[from] item: Leftovers\n|upkeep\n|\n|t:|1699812363\n|switch|p1a: Salamence|Salamence, M|100\/100\n|turn|19\n|\n|t:|1699812386\n|move|p2a: Kingambit|Sucker Punch|p1a: Salamence\n|-damage|p1a: Salamence|48\/100\n|move|p1a: Salamence|Dragon Rush|p2a: Kingambit\n|-resisted|p2a: Kingambit\n|-damage|p2a: Kingambit|47\/100\n|\n|-heal|p2a: Kingambit|53\/100|[from] item: Leftovers\n|upkeep\n|turn|20\n|\n|t:|1699812395\n|move|p2a: Kingambit|Sucker Punch|p1a: Salamence\n|-damage|p1a: Salamence|0 fnt\n|faint|p1a: Salamence\n|\n|-heal|p2a: Kingambit|59\/100|[from] item: Leftovers\n|upkeep\n|\n|t:|1699812398\n|switch|p1a: Goodra|Goodra, F|100\/100\n|-damage|p1a: Goodra|88\/100|[from] Spikes\n|turn|21\n|\n|t:|1699812406\n|-terastallize|p1a: Goodra|Dragon\n|move|p1a: Goodra|Thunder|p2a: Kingambit\n|-damage|p2a: Kingambit|29\/100\n|move|p2a: Kingambit|Iron Head|p1a: Goodra\n|-damage|p1a: Goodra|30\/100\n|-ability|p1a: Goodra|Gooey\n|-unboost|p2a: Kingambit|spe|1\n|\n|-heal|p2a: Kingambit|35\/100|[from] item: Leftovers\n|upkeep\n|turn|22\n|\n|t:|1699812416\n|move|p2a: Kingambit|Sucker Punch|p1a: Goodra\n|-damage|p1a: Goodra|0 fnt\n|-ability|p1a: Goodra|Gooey\n|-unboost|p2a: Kingambit|spe|1\n|faint|p1a: Goodra\n|\n|win|KarmaKazama0\n|raw|Riddged's rating: 1105 &rarr; <strong>1086<\/strong><br \/>(-19 for losing)\n|raw|KarmaKazama0's rating: 1187 &rarr; <strong>1206<\/strong><br \/>(+19 for winning)\n|l|\u2606Riddged\n","uploadtime":1699812424,"views":11,"p1id":"riddged","p2id":"karmakazama0","formatid":"gen9nationaldexubers","rating":1086,"private":0,"password":""}