{"id":"gen9nationaldexubers-1992510425","p1":"vespyyy","p2":"ninjamage13","format":"[Gen 9] National Dex Ubers","log":"|j|\u2606vespyyy\n|j|\u2606ninjamage13\n|t:|1700197145\n|gametype|singles\n|player|p1|vespyyy|juggler|\n|player|p2|ninjamage13|pokemonranger-gen6xy|\n|teamsize|p1|6\n|teamsize|p2|6\n|gen|9\n|tier|[Gen 9] National Dex Ubers\n|rule|HP Percentage Mod: HP is shown in percentages\n|rule|Endless Battle Clause: Forcing endless battles is banned\n|rule|OHKO Clause: OHKO moves are banned\n|rule|Evasion Moves Clause: Evasion moves are banned\n|rule|Evasion Items Clause: Evasion items are banned\n|rule|Species Clause: Limit one of each Pok\u00e9mon\n|rule|Sleep Clause Mod: Limit one foe put to sleep\n|rule|Mega Rayquaza Clause: You cannot mega evolve Rayquaza\n|clearpoke\n|poke|p1|Tapu Lele|\n|poke|p1|Scream Tail|\n|poke|p1|Lucario, M|\n|poke|p1|Mew|\n|poke|p1|Victini|\n|poke|p1|Latios, M|\n|poke|p2|Baxcalibur, M|\n|poke|p2|Kingambit, M|\n|poke|p2|Victini|\n|poke|p2|Ursaluna-Bloodmoon, M|\n|poke|p2|Zapdos|\n|poke|p2|Goodra-Hisui, M|\n|teampreview\n|\n|t:|1700197202\n|start\n|switch|p1a: Fusilli|Mew, shiny|100\/100\n|switch|p2a: KILL THE MOONLIGHT|Ursaluna-Bloodmoon, M|100\/100\n|turn|1\n|\n|t:|1700197236\n|switch|p2a: CAPALA|Zapdos|100\/100\n|move|p1a: Fusilli|Toxic|p2a: CAPALA\n|-status|p2a: CAPALA|tox\n|\n|-damage|p2a: CAPALA|94\/100 tox|[from] psn\n|upkeep\n|turn|2\n|\n|t:|1700197240\n|move|p2a: CAPALA|Volt Switch|p1a: Fusilli\n|-damage|p1a: Fusilli|77\/100\n|\n|t:|1700197255\n|switch|p2a: BAX IN BLACK|Baxcalibur, M|100\/100|[from] Volt Switch\n|move|p1a: Fusilli|Spikes|p2a: BAX IN BLACK\n|-sidestart|p2: ninjamage13|Spikes\n|\n|upkeep\n|turn|3\n|\n|t:|1700197260\n|move|p2a: BAX IN BLACK|Dragon Dance|p2a: BAX IN BLACK\n|-boost|p2a: BAX IN BLACK|atk|1\n|-boost|p2a: BAX IN BLACK|spe|1\n|move|p1a: Fusilli|Body Press|p2a: BAX IN BLACK\n|-supereffective|p2a: BAX IN BLACK\n|-damage|p2a: BAX IN BLACK|54\/100\n|\n|upkeep\n|turn|4\n|\n|t:|1700197269\n|move|p2a: BAX IN BLACK|Icicle Spear|p1a: Fusilli\n|-damage|p1a: Fusilli|63\/100\n|-damage|p1a: Fusilli|48\/100\n|-crit|p1a: Fusilli\n|-damage|p1a: Fusilli|26\/100\n|-damage|p1a: Fusilli|13\/100\n|-damage|p1a: Fusilli|0 fnt\n|faint|p1a: Fusilli\n|-hitcount|p1: Fusilli|5\n|\n|upkeep\n|c|\u2606vespyyy|:(\n|\n|t:|1700197278\n|switch|p1a: Shells|Tapu Lele|100\/100\n|-fieldstart|move: Psychic Terrain|[from] ability: Psychic Surge|[of] p1a: Shells\n|turn|5\n|c|\u2606ninjamage13|yea thats tuff\n|\n|t:|1700197300\n|switch|p2a: RAINY TAXI|Goodra-Hisui, M|100\/100\n|-damage|p2a: RAINY TAXI|88\/100|[from] Spikes\n|move|p1a: Shells|Moonblast|p2a: RAINY TAXI\n|-damage|p2a: RAINY TAXI|64\/100\n|-unboost|p2a: RAINY TAXI|spa|1\n|\n|upkeep\n|turn|6\n|\n|t:|1700197307\n|switch|p1a: Even Worse|Lucario, M|100\/100\n|move|p2a: RAINY TAXI|Flash Cannon|p1a: Even Worse\n|-resisted|p1a: Even Worse\n|-damage|p1a: Even Worse|83\/100\n|\n|upkeep\n|turn|7\n|\n|t:|1700197316\n|switch|p2a: CAPALA|Zapdos|94\/100 tox\n|-zpower|p1a: Even Worse\n|move|p1a: Even Worse|All-Out Pummeling|p2a: CAPALA|[zeffect]\n|-resisted|p2a: CAPALA\n|-damage|p2a: CAPALA|58\/100 tox\n|\n|-damage|p2a: CAPALA|52\/100 tox|[from] psn\n|upkeep\n|turn|8\n|\n|t:|1700197320\n|switch|p1a: Angel Hair|Scream Tail|100\/100\n|move|p2a: CAPALA|Defog|p1a: Angel Hair\n|-unboost|p1a: Angel Hair|evasion|1\n|-sideend|p2: ninjamage13|Spikes|[from] move: Defog|[of] p2a: CAPALA\n|-fieldend|move: Psychic Terrain\n|\n|-damage|p2a: CAPALA|39\/100 tox|[from] psn\n|upkeep\n|turn|9\n|\n|t:|1700197334\n|move|p2a: CAPALA|Volt Switch|p1a: Angel Hair\n|-damage|p1a: Angel Hair|82\/100\n|\n|t:|1700197345\n|switch|p2a: KILL THE MOONLIGHT|Ursaluna-Bloodmoon, M|100\/100|[from] Volt Switch\n|move|p1a: Angel Hair|Encore||[still]\n|-fail|p1a: Angel Hair\n|\n|-heal|p1a: Angel Hair|88\/100|[from] item: Leftovers\n|upkeep\n|turn|10\n|\n|t:|1700197356\n|move|p1a: Angel Hair|Wish|p1a: Angel Hair\n|move|p2a: KILL THE MOONLIGHT|Blood Moon|p1a: Angel Hair\n|-damage|p1a: Angel Hair|29\/100\n|\n|-heal|p1a: Angel Hair|35\/100|[from] item: Leftovers\n|upkeep\n|turn|11\n|\n|t:|1700197371\n|switch|p2a: HOT THOUGHTS|Victini|100\/100\n|move|p1a: Angel Hair|Protect||[still]\n|-fail|p1a: Angel Hair\n|\n|-heal|p1a: Angel Hair|85\/100|[from] move: Wish|[wisher] Angel Hair\n|-heal|p1a: Angel Hair|92\/100|[from] item: Leftovers\n|upkeep\n|turn|12\n|\n|t:|1700197384\n|switch|p2a: KILL THE MOONLIGHT|Ursaluna-Bloodmoon, M|100\/100\n|-end|p1a: Angel Hair|Protosynthesis|[silent]\n|switch|p1a: Ditalini|Latios, M, shiny|100\/100\n|\n|upkeep\n|turn|13\n|\n|t:|1700197433\n|switch|p2a: CAPALA|Zapdos|39\/100 tox\n|move|p1a: Ditalini|Draco Meteor|p2a: CAPALA\n|-damage|p2a: CAPALA|0 fnt\n|-unboost|p1a: Ditalini|spa|2\n|faint|p2a: CAPALA\n|-damage|p1a: Ditalini|91\/100|[from] item: Life Orb\n|\n|upkeep\n|\n|t:|1700197441\n|switch|p2a: KILL THE MOONLIGHT|Ursaluna-Bloodmoon, M|100\/100\n|turn|14\n|\n|t:|1700197455\n|move|p1a: Ditalini|Aura Sphere|p2a: KILL THE MOONLIGHT\n|-supereffective|p2a: KILL THE MOONLIGHT\n|-damage|p2a: KILL THE MOONLIGHT|53\/100\n|-damage|p1a: Ditalini|81\/100|[from] item: Life Orb\n|-zpower|p2a: KILL THE MOONLIGHT\n|move|p2a: KILL THE MOONLIGHT|Breakneck Blitz|p1a: Ditalini|[zeffect]\n|-damage|p1a: Ditalini|0 fnt\n|faint|p1a: Ditalini\n|\n|upkeep\n|\n|t:|1700197461\n|switch|p1a: Shells|Tapu Lele|100\/100\n|-fieldstart|move: Psychic Terrain|[from] ability: Psychic Surge|[of] p1a: Shells\n|turn|15\n|\n|t:|1700197466\n|switch|p2a: HOT THOUGHTS|Victini|100\/100\n|move|p1a: Shells|Moonblast|p2a: HOT THOUGHTS\n|-resisted|p2a: HOT THOUGHTS\n|-damage|p2a: HOT THOUGHTS|76\/100\n|\n|upkeep\n|turn|16\n|\n|t:|1700197481\n|switch|p1a: Angel Hair|Scream Tail|92\/100\n|move|p2a: HOT THOUGHTS|Bolt Strike|p1a: Angel Hair\n|-damage|p1a: Angel Hair|70\/100\n|\n|-heal|p1a: Angel Hair|76\/100|[from] item: Leftovers\n|upkeep\n|turn|17\n|\n|t:|1700197486\n|switch|p2a: KILL THE MOONLIGHT|Ursaluna-Bloodmoon, M|53\/100\n|move|p1a: Angel Hair|Wish|p1a: Angel Hair\n|\n|-heal|p1a: Angel Hair|83\/100|[from] item: Leftovers\n|upkeep\n|turn|18\n|\n|t:|1700197492\n|move|p1a: Angel Hair|Dazzling Gleam|p2a: KILL THE MOONLIGHT\n|-crit|p2a: KILL THE MOONLIGHT\n|-damage|p2a: KILL THE MOONLIGHT|13\/100\n|move|p2a: KILL THE MOONLIGHT|Earth Power|p1a: Angel Hair\n|-damage|p1a: Angel Hair|47\/100\n|-unboost|p1a: Angel Hair|spd|1\n|\n|-heal|p1a: Angel Hair|97\/100|[from] move: Wish|[wisher] Angel Hair\n|-heal|p1a: Angel Hair|100\/100|[from] item: Leftovers\n|upkeep\n|turn|19\n|\n|t:|1700197509\n|switch|p2a: HOT THOUGHTS|Victini|76\/100\n|move|p1a: Angel Hair|Dazzling Gleam|p2a: HOT THOUGHTS\n|-resisted|p2a: HOT THOUGHTS\n|-damage|p2a: HOT THOUGHTS|66\/100\n|\n|-fieldend|move: Psychic Terrain\n|upkeep\n|turn|20\n|\n|t:|1700197512\n|move|p1a: Angel Hair|Protect|p1a: Angel Hair\n|-singleturn|p1a: Angel Hair|Protect\n|move|p2a: HOT THOUGHTS|V-create|p1a: Angel Hair\n|-activate|p1a: Angel Hair|move: Protect\n|\n|upkeep\n|turn|21\n|\n|t:|1700197515\n|switch|p2a: KILL THE MOONLIGHT|Ursaluna-Bloodmoon, M|13\/100\n|move|p1a: Angel Hair|Wish|p1a: Angel Hair\n|\n|upkeep\n|turn|22\n|\n|t:|1700197519\n|move|p1a: Angel Hair|Dazzling Gleam|p2a: KILL THE MOONLIGHT\n|-damage|p2a: KILL THE MOONLIGHT|0 fnt\n|faint|p2a: KILL THE MOONLIGHT\n|\n|upkeep\n|\n|t:|1700197523\n|switch|p2a: PARASITE EVE|Kingambit, M|100\/100\n|-activate|p2a: PARASITE EVE|ability: Supreme Overlord\n|-start|p2a: PARASITE EVE|fallen2|[silent]\n|turn|23\n|\n|t:|1700197529\n|-end|p1a: Angel Hair|Protosynthesis|[silent]\n|switch|p1a: Even Worse|Lucario, M|83\/100\n|move|p2a: PARASITE EVE|Iron Head|p1a: Even Worse\n|-resisted|p1a: Even Worse\n|-damage|p1a: Even Worse|47\/100\n|\n|upkeep\n|turn|24\n|\n|t:|1700197551\n|-end|p2a: PARASITE EVE|fallen2|[silent]\n|switch|p2a: BAX IN BLACK|Baxcalibur, M|54\/100\n|move|p1a: Even Worse|Close Combat|p2a: BAX IN BLACK\n|-supereffective|p2a: BAX IN BLACK\n|-damage|p2a: BAX IN BLACK|0 fnt\n|-unboost|p1a: Even Worse|def|1\n|-unboost|p1a: Even Worse|spd|1\n|faint|p2a: BAX IN BLACK\n|\n|upkeep\n|\n|t:|1700197554\n|switch|p2a: HOT THOUGHTS|Victini|66\/100\n|turn|25\n|\n|t:|1700197559\n|switch|p1a: Angel Hair|Scream Tail|100\/100\n|move|p2a: HOT THOUGHTS|Bolt Strike|p1a: Angel Hair\n|-damage|p1a: Angel Hair|80\/100\n|\n|-heal|p1a: Angel Hair|86\/100|[from] item: Leftovers\n|upkeep\n|turn|26\n|\n|t:|1700197571\n|switch|p2a: PARASITE EVE|Kingambit, M|100\/100\n|-activate|p2a: PARASITE EVE|ability: Supreme Overlord\n|-start|p2a: PARASITE EVE|fallen3|[silent]\n|move|p1a: Angel Hair|Wish|p1a: Angel Hair\n|\n|-heal|p1a: Angel Hair|92\/100|[from] item: Leftovers\n|upkeep\n|turn|27\n|\n|t:|1700197579\n|-end|p1a: Angel Hair|Protosynthesis|[silent]\n|switch|p1a: Even Worse|Lucario, M|47\/100\n|move|p2a: PARASITE EVE|Knock Off|p1a: Even Worse\n|-resisted|p1a: Even Worse\n|-damage|p1a: Even Worse|8\/100\n|-ability|p1a: Even Worse|Justified|boost\n|-boost|p1a: Even Worse|atk|1\n|\n|-heal|p1a: Even Worse|71\/100|[from] move: Wish|[wisher] Angel Hair\n|upkeep\n|turn|28\n|\n|t:|1700197594\n|move|p1a: Even Worse|Earthquake|p2a: PARASITE EVE\n|-supereffective|p2a: PARASITE EVE\n|-damage|p2a: PARASITE EVE|18\/100\n|move|p2a: PARASITE EVE|Iron Head|p1a: Even Worse\n|-resisted|p1a: Even Worse\n|-damage|p1a: Even Worse|32\/100\n|\n|upkeep\n|turn|29\n|\n|t:|1700197608\n|move|p2a: PARASITE EVE|Sucker Punch|p1a: Even Worse\n|-resisted|p1a: Even Worse\n|-damage|p1a: Even Worse|0 fnt\n|faint|p1a: Even Worse\n|\n|upkeep\n|\n|t:|1700197610\n|switch|p1a: Shells|Tapu Lele|100\/100\n|-fieldstart|move: Psychic Terrain|[from] ability: Psychic Surge|[of] p1a: Shells\n|turn|30\n|\n|t:|1700197617\n|move|p1a: Shells|Moonblast|p2a: PARASITE EVE\n|-damage|p2a: PARASITE EVE|0 fnt\n|faint|p2a: PARASITE EVE\n|-end|p2a: PARASITE EVE|fallen3|[silent]\n|\n|upkeep\n|\n|t:|1700197620\n|switch|p2a: HOT THOUGHTS|Victini|66\/100\n|turn|31\n|\n|t:|1700197622\n|switch|p1a: Angel Hair|Scream Tail|92\/100\n|switch|p2a: RAINY TAXI|Goodra-Hisui, M|64\/100\n|\n|-heal|p1a: Angel Hair|98\/100|[from] item: Leftovers\n|upkeep\n|turn|32\n|\n|t:|1700197626\n|move|p1a: Angel Hair|Wish|p1a: Angel Hair\n|move|p2a: RAINY TAXI|Flash Cannon|p1a: Angel Hair\n|-supereffective|p1a: Angel Hair\n|-damage|p1a: Angel Hair|39\/100\n|\n|-heal|p1a: Angel Hair|45\/100|[from] item: Leftovers\n|upkeep\n|turn|33\n|\n|t:|1700197632\n|-end|p1a: Angel Hair|Protosynthesis|[silent]\n|switch|p1a: Rigatini|Victini|100\/100\n|move|p2a: RAINY TAXI|Draco Meteor|p1a: Rigatini\n|-damage|p1a: Rigatini|35\/100\n|-unboost|p2a: RAINY TAXI|spa|2\n|\n|-heal|p1a: Rigatini|99\/100|[from] move: Wish|[wisher] Angel Hair\n|upkeep\n|turn|34\n|\n|t:|1700197645\n|switch|p2a: HOT THOUGHTS|Victini|66\/100\n|move|p1a: Rigatini|Focus Blast|p2a: HOT THOUGHTS\n|-resisted|p2a: HOT THOUGHTS\n|-crit|p2a: HOT THOUGHTS\n|-damage|p2a: HOT THOUGHTS|40\/100\n|\n|-fieldend|move: Psychic Terrain\n|upkeep\n|turn|35\n|\n|t:|1700197650\n|switch|p1a: Shells|Tapu Lele|100\/100\n|-fieldstart|move: Psychic Terrain|[from] ability: Psychic Surge|[of] p1a: Shells\n|move|p2a: HOT THOUGHTS|Glaciate|p1a: Shells\n|-damage|p1a: Shells|84\/100\n|-unboost|p1a: Shells|spe|1\n|\n|upkeep\n|turn|36\n|\n|t:|1700197657\n|move|p2a: HOT THOUGHTS|V-create|p1a: Shells\n|-damage|p1a: Shells|0 fnt\n|-unboost|p2a: HOT THOUGHTS|spe|1\n|-unboost|p2a: HOT THOUGHTS|def|1\n|-unboost|p2a: HOT THOUGHTS|spd|1\n|faint|p1a: Shells\n|\n|upkeep\n|\n|t:|1700197659\n|switch|p1a: Angel Hair|Scream Tail|45\/100\n|turn|37\n|\n|t:|1700197667\n|move|p1a: Angel Hair|Wish|p1a: Angel Hair\n|move|p2a: HOT THOUGHTS|V-create|p1a: Angel Hair\n|-damage|p1a: Angel Hair|2\/100\n|-unboost|p2a: HOT THOUGHTS|spe|1\n|-unboost|p2a: HOT THOUGHTS|def|1\n|-unboost|p2a: HOT THOUGHTS|spd|1\n|\n|-heal|p1a: Angel Hair|9\/100|[from] item: Leftovers\n|upkeep\n|turn|38\n|\n|t:|1700197673\n|switch|p2a: RAINY TAXI|Goodra-Hisui, M|64\/100\n|move|p1a: Angel Hair|Protect||[still]\n|-fail|p1a: Angel Hair\n|\n|-heal|p1a: Angel Hair|59\/100|[from] move: Wish|[wisher] Angel Hair\n|-heal|p1a: Angel Hair|65\/100|[from] item: Leftovers\n|upkeep\n|turn|39\n|\n|t:|1700197678\n|-end|p1a: Angel Hair|Protosynthesis|[silent]\n|switch|p1a: Rigatini|Victini|99\/100\n|move|p2a: RAINY TAXI|Draco Meteor|p1a: Rigatini\n|-damage|p1a: Rigatini|37\/100\n|-unboost|p2a: RAINY TAXI|spa|2\n|\n|-fieldend|move: Psychic Terrain\n|upkeep\n|turn|40\n|c|\u2606vespyyy|I brought 2 zs\n|c|\u2606vespyyy|Lmfao\n|\n|t:|1700197693\n|switch|p2a: HOT THOUGHTS|Victini|40\/100\n|move|p1a: Rigatini|Focus Blast|p2a: HOT THOUGHTS|[miss]\n|-miss|p1a: Rigatini|p2a: HOT THOUGHTS\n|\n|upkeep\n|turn|41\n|\n|t:|1700197699\n|switch|p1a: Angel Hair|Scream Tail|65\/100\n|move|p2a: HOT THOUGHTS|Bolt Strike|p1a: Angel Hair\n|-damage|p1a: Angel Hair|42\/100\n|\n|-heal|p1a: Angel Hair|48\/100|[from] item: Leftovers\n|upkeep\n|turn|42\n|\n|t:|1700197705\n|move|p1a: Angel Hair|Protect|p1a: Angel Hair\n|-singleturn|p1a: Angel Hair|Protect\n|move|p2a: HOT THOUGHTS|Bolt Strike|p1a: Angel Hair\n|-activate|p1a: Angel Hair|move: Protect\n|\n|-heal|p1a: Angel Hair|55\/100|[from] item: Leftovers\n|upkeep\n|turn|43\n|\n|t:|1700197707\n|switch|p2a: RAINY TAXI|Goodra-Hisui, M|64\/100\n|move|p1a: Angel Hair|Wish|p1a: Angel Hair\n|\n|-heal|p1a: Angel Hair|61\/100|[from] item: Leftovers\n|upkeep\n|turn|44\n|\n|t:|1700197712\n|move|p1a: Angel Hair|Protect|p1a: Angel Hair\n|-singleturn|p1a: Angel Hair|Protect\n|move|p2a: RAINY TAXI|Flash Cannon|p1a: Angel Hair\n|-activate|p1a: Angel Hair|move: Protect\n|\n|-heal|p1a: Angel Hair|100\/100|[from] move: Wish|[wisher] Angel Hair\n|upkeep\n|turn|45\n|\n|t:|1700197717\n|move|p1a: Angel Hair|Wish|p1a: Angel Hair\n|move|p2a: RAINY TAXI|Flash Cannon|p1a: Angel Hair\n|-supereffective|p1a: Angel Hair\n|-damage|p1a: Angel Hair|45\/100\n|\n|-heal|p1a: Angel Hair|51\/100|[from] item: Leftovers\n|upkeep\n|turn|46\n|\n|t:|1700197722\n|move|p1a: Angel Hair|Protect|p1a: Angel Hair\n|-singleturn|p1a: Angel Hair|Protect\n|move|p2a: RAINY TAXI|Flash Cannon|p1a: Angel Hair\n|-activate|p1a: Angel Hair|move: Protect\n|\n|-heal|p1a: Angel Hair|100\/100|[from] move: Wish|[wisher] Angel Hair\n|upkeep\n|turn|47\n|\n|t:|1700197727\n|move|p1a: Angel Hair|Wish|p1a: Angel Hair\n|move|p2a: RAINY TAXI|Flash Cannon|p1a: Angel Hair\n|-supereffective|p1a: Angel Hair\n|-damage|p1a: Angel Hair|38\/100\n|\n|-heal|p1a: Angel Hair|45\/100|[from] item: Leftovers\n|upkeep\n|turn|48\n|\n|t:|1700197731\n|move|p1a: Angel Hair|Protect|p1a: Angel Hair\n|-singleturn|p1a: Angel Hair|Protect\n|move|p2a: RAINY TAXI|Draco Meteor|p1a: Angel Hair\n|-activate|p1a: Angel Hair|move: Protect\n|\n|-heal|p1a: Angel Hair|95\/100|[from] move: Wish|[wisher] Angel Hair\n|-heal|p1a: Angel Hair|100\/100|[from] item: Leftovers\n|upkeep\n|turn|49\n|\n|t:|1700197739\n|move|p1a: Angel Hair|Wish|p1a: Angel Hair\n|move|p2a: RAINY TAXI|Draco Meteor|p1a: Angel Hair\n|-immune|p1a: Angel Hair\n|\n|upkeep\n|turn|50\n|\n|t:|1700197743\n|-end|p1a: Angel Hair|Protosynthesis|[silent]\n|switch|p1a: Rigatini|Victini|37\/100\n|move|p2a: RAINY TAXI|Draco Meteor|p1a: Rigatini\n|-damage|p1a: Rigatini|0 fnt\n|-unboost|p2a: RAINY TAXI|spa|2\n|faint|p1a: Rigatini\n|\n|upkeep\n|\n|t:|1700197745\n|switch|p1a: Angel Hair|Scream Tail|100\/100\n|turn|51\n|\n|t:|1700197747\n|switch|p2a: HOT THOUGHTS|Victini|40\/100\n|move|p1a: Angel Hair|Dazzling Gleam|p2a: HOT THOUGHTS\n|-resisted|p2a: HOT THOUGHTS\n|-damage|p2a: HOT THOUGHTS|30\/100\n|\n|upkeep\n|turn|52\n|\n|t:|1700197759\n|move|p2a: HOT THOUGHTS|Glaciate|p1a: Angel Hair\n|-damage|p1a: Angel Hair|91\/100\n|-unboost|p1a: Angel Hair|spe|1\n|move|p1a: Angel Hair|Dazzling Gleam|p2a: HOT THOUGHTS\n|-resisted|p2a: HOT THOUGHTS\n|-damage|p2a: HOT THOUGHTS|20\/100\n|\n|-heal|p1a: Angel Hair|97\/100|[from] item: Leftovers\n|upkeep\n|turn|53\n|\n|t:|1700197762\n|move|p2a: HOT THOUGHTS|V-create|p1a: Angel Hair\n|-damage|p1a: Angel Hair|50\/100\n|-unboost|p2a: HOT THOUGHTS|spe|1\n|-unboost|p2a: HOT THOUGHTS|def|1\n|-unboost|p2a: HOT THOUGHTS|spd|1\n|move|p1a: Angel Hair|Dazzling Gleam|p2a: HOT THOUGHTS\n|-resisted|p2a: HOT THOUGHTS\n|-damage|p2a: HOT THOUGHTS|6\/100\n|\n|-heal|p1a: Angel Hair|56\/100|[from] item: Leftovers\n|upkeep\n|turn|54\n|\n|t:|1700197772\n|move|p2a: HOT THOUGHTS|Glaciate|p1a: Angel Hair\n|-damage|p1a: Angel Hair|46\/100\n|-unboost|p1a: Angel Hair|spe|1\n|move|p1a: Angel Hair|Wish|p1a: Angel Hair\n|\n|-heal|p1a: Angel Hair|52\/100|[from] item: Leftovers\n|upkeep\n|turn|55\n|\n|t:|1700197774\n|move|p1a: Angel Hair|Protect|p1a: Angel Hair\n|-singleturn|p1a: Angel Hair|Protect\n|move|p2a: HOT THOUGHTS|V-create|p1a: Angel Hair\n|-activate|p1a: Angel Hair|move: Protect\n|\n|-heal|p1a: Angel Hair|100\/100|[from] move: Wish|[wisher] Angel Hair\n|upkeep\n|turn|56\n|\n|t:|1700197777\n|move|p2a: HOT THOUGHTS|V-create|p1a: Angel Hair\n|-damage|p1a: Angel Hair|56\/100\n|-unboost|p2a: HOT THOUGHTS|spe|1\n|-unboost|p2a: HOT THOUGHTS|def|1\n|-unboost|p2a: HOT THOUGHTS|spd|1\n|move|p1a: Angel Hair|Dazzling Gleam|p2a: HOT THOUGHTS\n|-resisted|p2a: HOT THOUGHTS\n|-damage|p2a: HOT THOUGHTS|0 fnt\n|faint|p2a: HOT THOUGHTS\n|\n|-heal|p1a: Angel Hair|62\/100|[from] item: Leftovers\n|upkeep\n|\n|t:|1700197780\n|switch|p2a: RAINY TAXI|Goodra-Hisui, M|64\/100\n|turn|57\n|\n|t:|1700197783\n|move|p2a: RAINY TAXI|Flash Cannon|p1a: Angel Hair\n|-supereffective|p1a: Angel Hair\n|-damage|p1a: Angel Hair|1\/100\n|move|p1a: Angel Hair|Wish|p1a: Angel Hair\n|\n|-heal|p1a: Angel Hair|7\/100|[from] item: Leftovers\n|upkeep\n|turn|58\n|\n|t:|1700197789\n|move|p1a: Angel Hair|Protect|p1a: Angel Hair\n|-singleturn|p1a: Angel Hair|Protect\n|move|p2a: RAINY TAXI|Thunderbolt|p1a: Angel Hair\n|-activate|p1a: Angel Hair|move: Protect\n|\n|-heal|p1a: Angel Hair|57\/100|[from] move: Wish|[wisher] Angel Hair\n|-heal|p1a: Angel Hair|63\/100|[from] item: Leftovers\n|upkeep\n|turn|59\n|\n|t:|1700197797\n|move|p2a: RAINY TAXI|Flash Cannon|p1a: Angel Hair\n|-supereffective|p1a: Angel Hair\n|-damage|p1a: Angel Hair|7\/100\n|move|p1a: Angel Hair|Wish|p1a: Angel Hair\n|\n|-heal|p1a: Angel Hair|13\/100|[from] item: Leftovers\n|upkeep\n|turn|60\n|\n|t:|1700197804\n|move|p1a: Angel Hair|Protect|p1a: Angel Hair\n|-singleturn|p1a: Angel Hair|Protect\n|move|p2a: RAINY TAXI|Thunderbolt|p1a: Angel Hair\n|-activate|p1a: Angel Hair|move: Protect\n|\n|-heal|p1a: Angel Hair|63\/100|[from] move: Wish|[wisher] Angel Hair\n|-heal|p1a: Angel Hair|69\/100|[from] item: Leftovers\n|upkeep\n|turn|61\n|c|\u2606vespyyy|Ggs\n|c|\u2606ninjamage13|ggs\n|c|\u2606vespyyy|Man i cant believe i brought z tini\n|c|\u2606vespyyy|Im stupid\n|c|\u2606vespyyy|Lol\n|\n|t:|1700197829\n|move|p1a: Angel Hair|Protect||[still]\n|-fail|p1a: Angel Hair\n|move|p2a: RAINY TAXI|Flash Cannon|p1a: Angel Hair\n|-supereffective|p1a: Angel Hair\n|-damage|p1a: Angel Hair|15\/100\n|\n|-heal|p1a: Angel Hair|21\/100|[from] item: Leftovers\n|upkeep\n|turn|62\n|\n|t:|1700197838\n|move|p2a: RAINY TAXI|Fire Blast|p1a: Angel Hair\n|-damage|p1a: Angel Hair|0 fnt\n|faint|p1a: Angel Hair\n|-end|p1a: Angel Hair|Protosynthesis|[silent]\n|\n|win|ninjamage13\n|l|\u2606ninjamage13\n","uploadtime":1700197844,"views":15,"p1id":"vespyyy","p2id":"ninjamage13","formatid":"gen9nationaldexubers","rating":0,"private":0,"password":""}