{"id":"gen9nationaldexubers-1990484807","p1":"egg yolk(past)","p2":"ImAGirlNow","format":"[Gen 9] National Dex Ubers","log":"|j|\u2606egg yolk(past)\n|j|\u2606ImAGirlNow\n|t:|1699975225\n|gametype|singles\n|player|p1|egg yolk(past)|101|1320\n|player|p2|ImAGirlNow|may-contest|1267\n|teamsize|p1|6\n|teamsize|p2|6\n|gen|9\n|tier|[Gen 9] National Dex Ubers\n|rated|\n|rule|HP Percentage Mod: HP is shown in percentages\n|rule|Endless Battle Clause: Forcing endless battles is banned\n|rule|OHKO Clause: OHKO moves are banned\n|rule|Evasion Moves Clause: Evasion moves are banned\n|rule|Evasion Items Clause: Evasion items are banned\n|rule|Species Clause: Limit one of each Pok\u00e9mon\n|rule|Sleep Clause Mod: Limit one foe put to sleep\n|rule|Mega Rayquaza Clause: You cannot mega evolve Rayquaza\n|clearpoke\n|poke|p1|Kingambit, M|\n|poke|p1|Mewtwo|\n|poke|p1|Indeedee, M|\n|poke|p1|Ursaluna-Bloodmoon, M|\n|poke|p1|Cloyster, M|\n|poke|p1|Clefable, F|\n|poke|p2|Xerneas-*|\n|poke|p2|Lopunny, M|\n|poke|p2|Garganacl, F|\n|poke|p2|Skarmory, M|\n|poke|p2|Maushold-Four|\n|poke|p2|Ribombee, F|\n|teampreview\n|inactive|Battle timer is ON: inactive players will automatically lose when time's up. (requested by ImAGirlNow)\n|\n|t:|1699975231\n|start\n|switch|p1a: oh|Cloyster, M|100\/100\n|switch|p2a: Your Queen|Ribombee, F, shiny|100\/100\n|turn|1\n|\n|t:|1699975236\n|move|p2a: Your Queen|Sticky Web|p1a: oh\n|-sidestart|p1: egg yolk(past)|move: Sticky Web\n|move|p1a: oh|Shell Smash|p1a: oh\n|-unboost|p1a: oh|def|1\n|-unboost|p1a: oh|spd|1\n|-boost|p1a: oh|atk|2\n|-boost|p1a: oh|spa|2\n|-boost|p1a: oh|spe|2\n|\n|upkeep\n|turn|2\n|c|\u2606ImAGirlNow|ah this tomfoolery\n|c|\u2606ImAGirlNow|youre gonna hate this\n|\n|t:|1699975248\n|move|p1a: oh|Icicle Spear|p2a: Your Queen\n|-damage|p2a: Your Queen|66\/100\n|-damage|p2a: Your Queen|31\/100\n|-damage|p2a: Your Queen|0 fnt\n|faint|p2a: Your Queen\n|-hitcount|p2: Your Queen|3\n|\n|upkeep\n|\n|t:|1699975251\n|switch|p2a: Refferee|Skarmory, M, shiny|100\/100\n|turn|3\n|c|\u2606ImAGirlNow|me when i tomfoolery\n|c|\u2606egg yolk(past)|silly maximum\n|\n|t:|1699975269\n|move|p1a: oh|Icicle Spear|p2a: Refferee\n|-damage|p2a: Refferee|86\/100\n|-damage|p2a: Refferee|72\/100\n|-damage|p2a: Refferee|59\/100\n|-damage|p2a: Refferee|45\/100\n|-damage|p2a: Refferee|31\/100\n|-hitcount|p2a: Refferee|5\n|-enditem|p2a: Refferee|Red Card|[of] p1a: oh\n|drag|p1a: Ursaluna|Ursaluna-Bloodmoon, M|100\/100\n|-activate|p1a: Ursaluna|move: Sticky Web\n|-unboost|p1a: Ursaluna|spe|1\n|move|p2a: Refferee|Roost|p2a: Refferee\n|-heal|p2a: Refferee|81\/100\n|-singleturn|p2a: Refferee|move: Roost\n|\n|upkeep\n|turn|4\n|\n|t:|1699975282\n|switch|p1a: oh|Cloyster, M|100\/100\n|-activate|p1a: oh|move: Sticky Web\n|-unboost|p1a: oh|spe|1\n|move|p2a: Refferee|Toxic|p1a: oh\n|-status|p1a: oh|tox\n|\n|-damage|p1a: oh|94\/100 tox|[from] psn\n|upkeep\n|turn|5\n|c|\u2606ImAGirlNow|me when the foolery is tom\n|\n|t:|1699975294\n|move|p2a: Refferee|Brave Bird|p1a: oh\n|-damage|p1a: oh|66\/100 tox\n|-damage|p2a: Refferee|74\/100|[from] Recoil\n|move|p1a: oh|Shell Smash|p1a: oh\n|-unboost|p1a: oh|def|1\n|-unboost|p1a: oh|spd|1\n|-boost|p1a: oh|atk|2\n|-boost|p1a: oh|spa|2\n|-boost|p1a: oh|spe|2\n|\n|-damage|p1a: oh|53\/100 tox|[from] psn\n|upkeep\n|turn|6\n|c|\u2606egg yolk(past)|tom the foolery\n|\n|t:|1699975303\n|move|p1a: oh|Rock Blast|p2a: Refferee\n|-damage|p2a: Refferee|66\/100\n|-damage|p2a: Refferee|57\/100\n|-damage|p2a: Refferee|47\/100\n|-damage|p2a: Refferee|39\/100\n|-damage|p2a: Refferee|30\/100\n|-hitcount|p2a: Refferee|5\n|move|p2a: Refferee|Roost|p2a: Refferee\n|-heal|p2a: Refferee|80\/100\n|-singleturn|p2a: Refferee|move: Roost\n|\n|-damage|p1a: oh|35\/100 tox|[from] psn\n|upkeep\n|turn|7\n|c|\u2606ImAGirlNow|foolery of the tom variety\n|c|\u2606egg yolk(past)|hhhhhhhhhhhhhhhhh\n|\n|t:|1699975321\n|move|p1a: oh|Icicle Spear|p2a: Refferee\n|-damage|p2a: Refferee|66\/100\n|-damage|p2a: Refferee|53\/100\n|-damage|p2a: Refferee|40\/100\n|-damage|p2a: Refferee|27\/100\n|-damage|p2a: Refferee|12\/100\n|-hitcount|p2a: Refferee|5\n|move|p2a: Refferee|Roost|p2a: Refferee\n|-heal|p2a: Refferee|62\/100\n|-singleturn|p2a: Refferee|move: Roost\n|\n|-damage|p1a: oh|10\/100 tox|[from] psn\n|upkeep\n|turn|8\n|c|\u2606ImAGirlNow|fomtoolery\n|\n|t:|1699975336\n|move|p1a: oh|Icicle Spear|p2a: Refferee\n|-damage|p2a: Refferee|49\/100\n|-damage|p2a: Refferee|35\/100\n|-damage|p2a: Refferee|21\/100\n|-damage|p2a: Refferee|6\/100\n|-damage|p2a: Refferee|0 fnt\n|faint|p2a: Refferee\n|-hitcount|p2: Refferee|5\n|\n|-damage|p1a: oh|0 fnt|[from] psn\n|faint|p1a: oh\n|upkeep\n|c|\u2606ImAGirlNow|and now goes my tomfooler\n|c|\u2606egg yolk(past)|wabhba\n|\n|t:|1699975351\n|switch|p1a: Indeedee|Indeedee, M|100\/100\n|switch|p2a: Bnuuy :3|Lopunny, M, shiny|100\/100\n|-activate|p1a: Indeedee|move: Sticky Web\n|-unboost|p1a: Indeedee|spe|1\n|-fieldstart|move: Psychic Terrain|[from] ability: Psychic Surge|[of] p1a: Indeedee\n|turn|9\n|c|\u2606egg yolk(past)|indeed indeedee\n|c|\u2606ImAGirlNow|:(\n|c|\u2606ImAGirlNow|zad\n|c|\u2606egg yolk(past)|OMG BNUUY\n|\n|t:|1699975372\n|detailschange|p2a: Bnuuy :3|Lopunny-Mega, M, shiny\n|-mega|p2a: Bnuuy :3|Lopunny|Lopunnite\n|move|p2a: Bnuuy :3|Return|p1a: Indeedee\n|-damage|p1a: Indeedee|0 fnt\n|faint|p1a: Indeedee\n|\n|upkeep\n|c|\u2606egg yolk(past)|oh no\n|c|\u2606ImAGirlNow|i couldnt giga tomfool\n|\n|t:|1699975383\n|switch|p1a: Nugget|Mewtwo|100\/100\n|-activate|p1a: Nugget|move: Sticky Web\n|-unboost|p1a: Nugget|spe|1\n|-ability|p1a: Nugget|Pressure\n|turn|10\n|c|\u2606ImAGirlNow|NUGGET ??A??A?\n|c|\u2606ImAGirlNow|im sobbing\n|c|\u2606egg yolk(past)|nugget\n|c|\u2606ImAGirlNow|dont put me in the nugget cave please\n|c|\u2606ImAGirlNow|i beg\n|c|\u2606egg yolk(past)|ymega ftw\n|c|\u2606egg yolk(past)|nugget time\n|inactive|ImAGirlNow has 120 seconds left.\n|\n|t:|1699975411\n|detailschange|p1a: Nugget|Mewtwo-Mega-Y\n|-mega|p1a: Nugget|Mewtwo|Mewtwonite Y\n|move|p2a: Bnuuy :3|Return|p1a: Nugget\n|-damage|p1a: Nugget|24\/100\n|move|p1a: Nugget|Expanding Force|p2a: Bnuuy :3\n|-supereffective|p2a: Bnuuy :3\n|-damage|p2a: Bnuuy :3|0 fnt\n|faint|p2a: Bnuuy :3\n|\n|upkeep\n|inactive|ImAGirlNow has 120 seconds left.\n|c|\u2606ImAGirlNow|guhing out of my mind\n|\n|t:|1699975421\n|switch|p2a: Deer God|Xerneas, shiny|100\/100\n|-ability|p2a: Deer God|Fairy Aura\n|turn|11\n|\n|t:|1699975427\n|move|p1a: Nugget|Earth Power|p2a: Deer God\n|-damage|p2a: Deer God|66\/100\n|-zpower|p2a: Deer God\n|move|p2a: Deer God|Z-Geomancy||[anim]Geomancy|[still]\n|-boost|p2a: Deer God|atk|1|[zeffect]\n|-boost|p2a: Deer God|def|1|[zeffect]\n|-boost|p2a: Deer God|spa|1|[zeffect]\n|-boost|p2a: Deer God|spd|1|[zeffect]\n|-boost|p2a: Deer God|spe|1|[zeffect]\n|-prepare|p2a: Deer God|Geomancy\n|\n|upkeep\n|turn|12\n|c|\u2606egg yolk(past)|NO\n|c|\u2606egg yolk(past)|NONONONONOON\n|c|\u2606ImAGirlNow|me when i zeomancy\n|\n|t:|1699975442\n|move|p2a: Deer God|Geomancy|p2a: Deer God|[from]lockedmove\n|-boost|p2a: Deer God|spa|2\n|-boost|p2a: Deer God|spd|2\n|-boost|p2a: Deer God|spe|2\n|move|p1a: Nugget|Ice Beam|p2a: Deer God\n|-damage|p2a: Deer God|52\/100\n|\n|upkeep\n|turn|13\n|\n|t:|1699975448\n|move|p2a: Deer God|Rest|p2a: Deer God\n|-status|p2a: Deer God|slp|[from] move: Rest\n|-heal|p2a: Deer God|100\/100 slp|[silent]\n|move|p1a: Nugget|Expanding Force|p2a: Deer God\n|-damage|p2a: Deer God|65\/100 slp\n|\n|-fieldend|move: Psychic Terrain\n|upkeep\n|turn|14\n|c|\u2606ImAGirlNow|a mimir\n|\n|t:|1699975454\n|cant|p2a: Deer God|slp\n|move|p2a: Deer God|Snore|p1a: Nugget\n|-damage|p1a: Nugget|0 fnt\n|faint|p1a: Nugget\n|\n|upkeep\n|c|\u2606ImAGirlNow|honk mimimi\n|c|\u2606egg yolk(past)|hurhurhururur\n|\n|t:|1699975467\n|switch|p1a: Ursaluna|Ursaluna-Bloodmoon, M|100\/100\n|-activate|p1a: Ursaluna|move: Sticky Web\n|-unboost|p1a: Ursaluna|spe|1\n|turn|15\n|c|\u2606ImAGirlNow|zeomancy ftw\n|c|\u2606ImAGirlNow|FREPPL FABERA??!?!\n|c|\u2606egg yolk(past)|im stealing thta\n|\n|t:|1699975480\n|cant|p2a: Deer God|slp\n|move|p2a: Deer God|Snore|p1a: Ursaluna\n|-damage|p1a: Ursaluna|44\/100\n|cant|p1a: Ursaluna|flinch\n|\n|-heal|p1a: Ursaluna|50\/100|[from] item: Leftovers\n|upkeep\n|turn|16\n|c|\u2606ImAGirlNow|flinch moment\n|\n|t:|1699975491\n|move|p1a: Ursaluna|Vacuum Wave|p2a: Deer God\n|-resisted|p2a: Deer God\n|-crit|p2a: Deer God\n|-damage|p2a: Deer God|56\/100 slp\n|-curestatus|p2a: Deer God|slp|[msg]\n|move|p2a: Deer God|Moonblast|p1a: Ursaluna\n|-damage|p1a: Ursaluna|0 fnt\n|faint|p1a: Ursaluna\n|\n|upkeep\n|c|\u2606egg yolk(past)|grr\n|c|\u2606egg yolk(past)|ow\n|\n|t:|1699975499\n|switch|p1a: Clefable|Clefable, F|100\/100\n|-activate|p1a: Clefable|move: Sticky Web\n|-unboost|p1a: Clefable|spe|1\n|turn|17\n|c|\u2606ImAGirlNow|OH MY GOD grr JUST LIKE FREPPLE DAZGEAR\n|\n|t:|1699975509\n|move|p2a: Deer God|Moonblast|p1a: Clefable\n|-damage|p1a: Clefable|16\/100\n|move|p1a: Clefable|Cosmic Power|p1a: Clefable\n|-boost|p1a: Clefable|def|1\n|-boost|p1a: Clefable|spd|1\n|\n|-heal|p1a: Clefable|22\/100|[from] item: Leftovers\n|upkeep\n|turn|18\n|c|\u2606egg yolk(past)|RAH USA\n|\n|t:|1699975518\n|move|p2a: Deer God|Rest|p2a: Deer God\n|-status|p2a: Deer God|slp|[from] move: Rest\n|-heal|p2a: Deer God|100\/100 slp|[silent]\n|move|p1a: Clefable|Soft-Boiled|p1a: Clefable\n|-heal|p1a: Clefable|72\/100\n|\n|-heal|p1a: Clefable|78\/100|[from] item: Leftovers\n|upkeep\n|turn|19\n|c|\u2606ImAGirlNow|honking out of my mimimimi\n|\n|t:|1699975526\n|cant|p2a: Deer God|slp\n|move|p2a: Deer God|Snore|p1a: Clefable\n|-damage|p1a: Clefable|62\/100\n|move|p1a: Clefable|Cosmic Power|p1a: Clefable\n|-boost|p1a: Clefable|def|1\n|-boost|p1a: Clefable|spd|1\n|\n|-heal|p1a: Clefable|68\/100|[from] item: Leftovers\n|upkeep\n|turn|20\n|\n|t:|1699975532\n|cant|p2a: Deer God|slp\n|move|p2a: Deer God|Snore|p1a: Clefable\n|-damage|p1a: Clefable|57\/100\n|move|p1a: Clefable|Cosmic Power|p1a: Clefable\n|-boost|p1a: Clefable|def|1\n|-boost|p1a: Clefable|spd|1\n|\n|-heal|p1a: Clefable|63\/100|[from] item: Leftovers\n|upkeep\n|turn|21\n|\n|t:|1699975537\n|-curestatus|p2a: Deer God|slp|[msg]\n|move|p2a: Deer God|Moonblast|p1a: Clefable\n|-damage|p1a: Clefable|29\/100\n|move|p1a: Clefable|Soft-Boiled|p1a: Clefable\n|-heal|p1a: Clefable|79\/100\n|\n|-heal|p1a: Clefable|85\/100|[from] item: Leftovers\n|upkeep\n|turn|22\n|\n|t:|1699975544\n|move|p2a: Deer God|Geomancy||[still]\n|-prepare|p2a: Deer God|Geomancy\n|move|p1a: Clefable|Cosmic Power|p1a: Clefable\n|-boost|p1a: Clefable|def|1\n|-boost|p1a: Clefable|spd|1\n|\n|-heal|p1a: Clefable|91\/100|[from] item: Leftovers\n|upkeep\n|turn|23\n|\n|t:|1699975548\n|move|p2a: Deer God|Geomancy|p2a: Deer God|[from]lockedmove\n|-boost|p2a: Deer God|spa|2\n|-boost|p2a: Deer God|spd|2\n|-boost|p2a: Deer God|spe|2\n|move|p1a: Clefable|Psychic|p2a: Deer God\n|-damage|p2a: Deer God|83\/100\n|\n|-heal|p1a: Clefable|97\/100|[from] item: Leftovers\n|upkeep\n|turn|24\n|c|\u2606ImAGirlNow|RAAAAAAA\n|\n|t:|1699975553\n|move|p2a: Deer God|Moonblast|p1a: Clefable\n|-damage|p1a: Clefable|70\/100\n|move|p1a: Clefable|Psychic|p2a: Deer God\n|-damage|p2a: Deer God|63\/100\n|\n|-heal|p1a: Clefable|76\/100|[from] item: Leftovers\n|upkeep\n|turn|25\n|c|\u2606ImAGirlNow|unaware :desolate:\n|c|\u2606egg yolk(past)|wewe\n|\n|t:|1699975571\n|move|p2a: Deer God|Moonblast|p1a: Clefable\n|-damage|p1a: Clefable|49\/100\n|move|p1a: Clefable|Psychic|p2a: Deer God\n|-damage|p2a: Deer God|43\/100\n|\n|-heal|p1a: Clefable|55\/100|[from] item: Leftovers\n|upkeep\n|turn|26\n|\n|t:|1699975577\n|move|p2a: Deer God|Moonblast|p1a: Clefable\n|-damage|p1a: Clefable|25\/100\n|-unboost|p1a: Clefable|spa|1\n|move|p1a: Clefable|Psychic|p2a: Deer God\n|-damage|p2a: Deer God|29\/100\n|\n|-heal|p1a: Clefable|32\/100|[from] item: Leftovers\n|upkeep\n|turn|27\n|c|\u2606egg yolk(past)|oh no\n|\n|t:|1699975586\n|move|p2a: Deer God|Moonblast|p1a: Clefable\n|-damage|p1a: Clefable|6\/100\n|-unboost|p1a: Clefable|spa|1\n|move|p1a: Clefable|Soft-Boiled|p1a: Clefable\n|-heal|p1a: Clefable|56\/100\n|\n|-heal|p1a: Clefable|62\/100|[from] item: Leftovers\n|upkeep\n|turn|28\n|c|\u2606ImAGirlNow|im shreaking out rn\n|\n|t:|1699975598\n|move|p2a: Deer God|Moonblast|p1a: Clefable\n|-damage|p1a: Clefable|35\/100\n|move|p1a: Clefable|Soft-Boiled|p1a: Clefable\n|-heal|p1a: Clefable|85\/100\n|\n|-heal|p1a: Clefable|91\/100|[from] item: Leftovers\n|upkeep\n|turn|29\n|\n|t:|1699975603\n|move|p2a: Deer God|Rest|p2a: Deer God\n|-status|p2a: Deer God|slp|[from] move: Rest\n|-heal|p2a: Deer God|100\/100 slp|[silent]\n|move|p1a: Clefable|Draining Kiss|p2a: Deer God\n|-damage|p2a: Deer God|89\/100 slp\n|-heal|p1a: Clefable|100\/100|[from] drain|[of] p2a: Deer God\n|\n|upkeep\n|turn|30\n|c|\u2606egg yolk(past)|RAFTGSIUHWS\n|c|\u2606ImAGirlNow|honking out the mimimi\n|\n|t:|1699975612\n|cant|p2a: Deer God|slp\n|move|p2a: Deer God|Snore|p1a: Clefable\n|-damage|p1a: Clefable|93\/100\n|move|p1a: Clefable|Psychic|p2a: Deer God\n|-damage|p2a: Deer God|79\/100 slp\n|\n|-heal|p1a: Clefable|99\/100|[from] item: Leftovers\n|upkeep\n|turn|31\n|\n|t:|1699975618\n|cant|p2a: Deer God|slp\n|move|p2a: Deer God|Snore|p1a: Clefable\n|-damage|p1a: Clefable|91\/100\n|cant|p1a: Clefable|flinch\n|\n|-heal|p1a: Clefable|97\/100|[from] item: Leftovers\n|upkeep\n|turn|32\n|c|\u2606ImAGirlNow|halfed special attack\n|\n|t:|1699975628\n|-curestatus|p2a: Deer God|slp|[msg]\n|move|p2a: Deer God|Moonblast|p1a: Clefable\n|-damage|p1a: Clefable|71\/100\n|move|p1a: Clefable|Psychic|p2a: Deer God\n|-damage|p2a: Deer God|70\/100\n|\n|-heal|p1a: Clefable|77\/100|[from] item: Leftovers\n|upkeep\n|turn|33\n|c|\u2606ImAGirlNow|*halved\n|c|\u2606egg yolk(past)|hhudsnxjdajwehdnujdxwejnhowndhu\n|\n|t:|1699975642\n|move|p2a: Deer God|Moonblast|p1a: Clefable\n|-damage|p1a: Clefable|51\/100\n|move|p1a: Clefable|Draining Kiss|p2a: Deer God\n|-damage|p2a: Deer God|58\/100\n|-heal|p1a: Clefable|63\/100|[from] drain|[of] p2a: Deer God\n|\n|-heal|p1a: Clefable|69\/100|[from] item: Leftovers\n|upkeep\n|turn|34\n|c|\u2606ImAGirlNow|you good gamer...?\n|\n|t:|1699975650\n|move|p2a: Deer God|Moonblast|p1a: Clefable\n|-damage|p1a: Clefable|43\/100\n|move|p1a: Clefable|Draining Kiss|p2a: Deer God\n|-damage|p2a: Deer God|47\/100\n|-heal|p1a: Clefable|55\/100|[from] drain|[of] p2a: Deer God\n|\n|-heal|p1a: Clefable|61\/100|[from] item: Leftovers\n|upkeep\n|turn|35\n|c|\u2606egg yolk(past)|mager mmomebhdje\n|c|\u2606egg yolk(past)|i wish\n|\n|t:|1699975660\n|move|p2a: Deer God|Moonblast|p1a: Clefable\n|-damage|p1a: Clefable|35\/100\n|-unboost|p1a: Clefable|spa|1\n|move|p1a: Clefable|Draining Kiss|p2a: Deer God\n|-damage|p2a: Deer God|39\/100\n|-heal|p1a: Clefable|44\/100|[from] drain|[of] p2a: Deer God\n|\n|-heal|p1a: Clefable|50\/100|[from] item: Leftovers\n|upkeep\n|turn|36\n|c|\u2606ImAGirlNow|your kingambit is gonna LOVE my garganacl\n|\n|t:|1699975676\n|move|p2a: Deer God|Moonblast|p1a: Clefable\n|-damage|p1a: Clefable|21\/100\n|move|p1a: Clefable|Soft-Boiled|p1a: Clefable\n|-heal|p1a: Clefable|71\/100\n|\n|-heal|p1a: Clefable|77\/100|[from] item: Leftovers\n|upkeep\n|turn|37\n|c|\u2606ImAGirlNow|(youre going to sob)\n|\n|t:|1699975689\n|move|p2a: Deer God|Moonblast|p1a: Clefable\n|-damage|p1a: Clefable|51\/100\n|move|p1a: Clefable|Psychic|p2a: Deer God\n|-damage|p2a: Deer God|32\/100\n|-unboost|p2a: Deer God|spd|1\n|\n|-heal|p1a: Clefable|57\/100|[from] item: Leftovers\n|upkeep\n|turn|38\n|c|\u2606ImAGirlNow|honk mimimimi\n|c|\u2606egg yolk(past)|i alr ma\n|c|\u2606egg yolk(past)|am\n|\n|t:|1699975700\n|move|p2a: Deer God|Rest|p2a: Deer God\n|-status|p2a: Deer God|slp|[from] move: Rest\n|-heal|p2a: Deer God|100\/100 slp|[silent]\n|move|p1a: Clefable|Draining Kiss|p2a: Deer God\n|-damage|p2a: Deer God|91\/100 slp\n|-heal|p1a: Clefable|67\/100|[from] drain|[of] p2a: Deer God\n|\n|-heal|p1a: Clefable|73\/100|[from] item: Leftovers\n|upkeep\n|turn|39\n|\n|t:|1699975709\n|cant|p2a: Deer God|slp\n|move|p2a: Deer God|Snore|p1a: Clefable\n|-damage|p1a: Clefable|66\/100\n|move|p1a: Clefable|Cosmic Power|p1a: Clefable\n|-boost|p1a: Clefable|def|1\n|-boost|p1a: Clefable|spd|1\n|\n|-heal|p1a: Clefable|72\/100|[from] item: Leftovers\n|upkeep\n|turn|40\n|c|\u2606egg yolk(past)|.....\n|c|\u2606ImAGirlNow|the clefable stall is real\n|c|\u2606ImAGirlNow|THE CLEFF PIECE\n|c|\u2606ImAGirlNow|THE CLEFF PIECE IS REAL\n|\n|t:|1699975735\n|cant|p2a: Deer God|slp\n|move|p2a: Deer God|Snore|p1a: Clefable\n|-damage|p1a: Clefable|66\/100\n|move|p1a: Clefable|Psychic|p2a: Deer God\n|-damage|p2a: Deer God|83\/100 slp\n|\n|-heal|p1a: Clefable|72\/100|[from] item: Leftovers\n|upkeep\n|turn|41\n|c|\u2606egg yolk(past)|LORD PLS DIEIEIEE\n|c|\u2606ImAGirlNow|i keep forgetting i lowered your special attack\n|\n|t:|1699975755\n|-curestatus|p2a: Deer God|slp|[msg]\n|move|p2a: Deer God|Geomancy||[still]\n|-prepare|p2a: Deer God|Geomancy\n|move|p1a: Clefable|Psychic|p2a: Deer God\n|-damage|p2a: Deer God|75\/100\n|-unboost|p2a: Deer God|spd|1\n|\n|-heal|p1a: Clefable|78\/100|[from] item: Leftovers\n|upkeep\n|turn|42\n|\n|t:|1699975760\n|move|p2a: Deer God|Geomancy|p2a: Deer God|[from]lockedmove\n|-boost|p2a: Deer God|spa|1\n|-boost|p2a: Deer God|spd|2\n|-boost|p2a: Deer God|spe|1\n|move|p1a: Clefable|Psychic|p2a: Deer God\n|-damage|p2a: Deer God|67\/100\n|\n|-heal|p1a: Clefable|84\/100|[from] item: Leftovers\n|upkeep\n|turn|43\n|\n|t:|1699975766\n|move|p2a: Deer God|Moonblast|p1a: Clefable\n|-damage|p1a: Clefable|62\/100\n|move|p1a: Clefable|Psychic|p2a: Deer God\n|-damage|p2a: Deer God|58\/100\n|\n|-heal|p1a: Clefable|68\/100|[from] item: Leftovers\n|upkeep\n|turn|44\n|\n|t:|1699975771\n|move|p2a: Deer God|Moonblast|p1a: Clefable\n|-damage|p1a: Clefable|46\/100\n|move|p1a: Clefable|Draining Kiss|p2a: Deer God\n|-damage|p2a: Deer God|49\/100\n|-heal|p1a: Clefable|55\/100|[from] drain|[of] p2a: Deer God\n|\n|-heal|p1a: Clefable|61\/100|[from] item: Leftovers\n|upkeep\n|turn|45\n|\n|t:|1699975775\n|move|p2a: Deer God|Moonblast|p1a: Clefable\n|-damage|p1a: Clefable|37\/100\n|move|p1a: Clefable|Draining Kiss|p2a: Deer God\n|-damage|p2a: Deer God|40\/100\n|-heal|p1a: Clefable|46\/100|[from] drain|[of] p2a: Deer God\n|\n|-heal|p1a: Clefable|52\/100|[from] item: Leftovers\n|upkeep\n|turn|46\n|\n|t:|1699975783\n|move|p2a: Deer God|Moonblast|p1a: Clefable\n|-damage|p1a: Clefable|27\/100\n|move|p1a: Clefable|Draining Kiss|p2a: Deer God\n|-damage|p2a: Deer God|31\/100\n|-heal|p1a: Clefable|36\/100|[from] drain|[of] p2a: Deer God\n|\n|-heal|p1a: Clefable|42\/100|[from] item: Leftovers\n|upkeep\n|turn|47\n|\n|t:|1699975786\n|move|p2a: Deer God|Moonblast|p1a: Clefable\n|-damage|p1a: Clefable|18\/100\n|move|p1a: Clefable|Soft-Boiled|p1a: Clefable\n|-heal|p1a: Clefable|68\/100\n|\n|-heal|p1a: Clefable|74\/100|[from] item: Leftovers\n|upkeep\n|turn|48\n|c|\u2606ImAGirlNow|and i honk mimimimi\n|\n|t:|1699975796\n|move|p2a: Deer God|Rest|p2a: Deer God\n|-status|p2a: Deer God|slp|[from] move: Rest\n|-heal|p2a: Deer God|100\/100 slp|[silent]\n|move|p1a: Clefable|Draining Kiss|p2a: Deer God\n|-damage|p2a: Deer God|91\/100 slp\n|-heal|p1a: Clefable|84\/100|[from] drain|[of] p2a: Deer God\n|\n|-heal|p1a: Clefable|90\/100|[from] item: Leftovers\n|upkeep\n|turn|49\n|c|\u2606egg yolk(past)|aaaaaaaaaaaaaaaaaaa\n|inactive|ImAGirlNow has 120 seconds left.\n|\n|t:|1699975833\n|cant|p2a: Deer God|slp\n|move|p2a: Deer God|Snore|p1a: Clefable\n|-damage|p1a: Clefable|84\/100\n|move|p1a: Clefable|Psychic|p2a: Deer God\n|-damage|p2a: Deer God|83\/100 slp\n|\n|-heal|p1a: Clefable|90\/100|[from] item: Leftovers\n|upkeep\n|turn|50\n|inactive|ImAGirlNow has 120 seconds left.\n|\n|t:|1699975844\n|cant|p2a: Deer God|slp\n|move|p2a: Deer God|Snore|p1a: Clefable\n|-damage|p1a: Clefable|83\/100\n|move|p1a: Clefable|Cosmic Power|p1a: Clefable\n|-boost|p1a: Clefable|def|1\n|-boost|p1a: Clefable|spd|1\n|\n|-heal|p1a: Clefable|89\/100|[from] item: Leftovers\n|upkeep\n|turn|51\n|inactive|ImAGirlNow has 120 seconds left.\n|\n|t:|1699975854\n|-curestatus|p2a: Deer God|slp|[msg]\n|move|p2a: Deer God|Moonblast|p1a: Clefable\n|-damage|p1a: Clefable|67\/100\n|move|p1a: Clefable|Draining Kiss|p2a: Deer God\n|-damage|p2a: Deer God|75\/100\n|-heal|p1a: Clefable|75\/100|[from] drain|[of] p2a: Deer God\n|\n|-heal|p1a: Clefable|82\/100|[from] item: Leftovers\n|upkeep\n|turn|52\n|inactive|ImAGirlNow has 120 seconds left.\n|c|\u2606egg yolk(past)|HELP I GTG\n|c|\u2606egg yolk(past)|bywbyw ggs\n|-message|egg yolk(past) forfeited.\n|\n|win|ImAGirlNow\n|raw|egg yolk(past)'s rating: 1320 &rarr; <strong>1297<\/strong><br \/>(-23 for losing)\n|raw|ImAGirlNow's rating: 1267 &rarr; <strong>1296<\/strong><br \/>(+29 for winning)\n","uploadtime":1699975771,"views":8,"p1id":"eggyolkpast","p2id":"imagirlnow","formatid":"gen9nationaldexubers","rating":1296,"private":0,"password":""}