{"id":"gen9nationaldexubers-1989473858","p1":"AlolanSandslashOU","p2":"ANinjaDude","format":"[Gen 9] National Dex Ubers","log":"|j|\u2606AlolanSandslashOU\n|j|\u2606ANinjaDude\n|t:|1699856288\n|gametype|singles\n|player|p1|AlolanSandslashOU|volkner|\n|player|p2|ANinjaDude|volkner|\n|teamsize|p1|6\n|teamsize|p2|6\n|gen|9\n|tier|[Gen 9] National Dex Ubers\n|rule|HP Percentage Mod: HP is shown in percentages\n|rule|Endless Battle Clause: Forcing endless battles is banned\n|rule|OHKO Clause: OHKO moves are banned\n|rule|Evasion Moves Clause: Evasion moves are banned\n|rule|Evasion Items Clause: Evasion items are banned\n|rule|Species Clause: Limit one of each Pok\u00e9mon\n|rule|Sleep Clause Mod: Limit one foe put to sleep\n|rule|Mega Rayquaza Clause: You cannot mega evolve Rayquaza\n|clearpoke\n|poke|p1|Sneasler, M|\n|poke|p1|Greninja-*, M|\n|poke|p1|Zapdos|\n|poke|p1|Iron Moth|\n|poke|p1|Kartana|\n|poke|p1|Great Tusk|\n|poke|p2|Landorus-Therian, M|\n|poke|p2|Celesteela|\n|poke|p2|Thundurus-Therian, M|\n|poke|p2|Dragonite, F|\n|poke|p2|Shaymin-Sky|\n|poke|p2|Iron Valiant|\n|teampreview\n|inactive|Battle timer is ON: inactive players will automatically lose when time's up. (requested by ANinjaDude)\n|c|\u2606ANinjaDude|glhf\n|c|\u2606AlolanSandslashOU|Wait bruh my tusk has the wrong set\n|c|\u2606AlolanSandslashOU|sad\n|inactive|AlolanSandslashOU has 270 seconds left.\n|\n|t:|1699856324\n|start\n|switch|p1a: Zapdos|Zapdos|100\/100\n|switch|p2a: Landorus|Landorus-Therian, M|100\/100\n|-ability|p2a: Landorus|Intimidate|boost\n|-unboost|p1a: Zapdos|atk|1\n|turn|1\n|\n|t:|1699856347\n|switch|p1a: Great Tusk|Great Tusk, shiny|100\/100\n|move|p2a: Landorus|Stealth Rock|p1a: Great Tusk\n|-sidestart|p1: AlolanSandslashOU|move: Stealth Rock\n|\n|upkeep\n|turn|2\n|\n|t:|1699856352\n|move|p2a: Landorus|U-turn|p1a: Great Tusk\n|-resisted|p1a: Great Tusk\n|-damage|p1a: Great Tusk|92\/100\n|\n|t:|1699856356\n|switch|p2a: Shaymin|Shaymin-Sky|100\/100|[from] U-turn\n|move|p1a: Great Tusk|Rapid Spin|p2a: Shaymin\n|-damage|p2a: Shaymin|75\/100\n|-boost|p1a: Great Tusk|spe|1\n|-sideend|p1: AlolanSandslashOU|Stealth Rock|[from] move: Rapid Spin|[of] p1a: Great Tusk\n|\n|upkeep\n|turn|3\n|\n|t:|1699856361\n|-end|p1a: Great Tusk|Protosynthesis|[silent]\n|switch|p1a: Zapdos|Zapdos|100\/100\n|move|p2a: Shaymin|Air Slash|p1a: Zapdos\n|-resisted|p1a: Zapdos\n|-damage|p1a: Zapdos|85\/100\n|\n|-heal|p1a: Zapdos|91\/100|[from] item: Leftovers\n|upkeep\n|turn|4\n|c|\u2606ANinjaDude|speak to the skymon\n|\n|t:|1699856369\n|move|p2a: Shaymin|Air Slash|p1a: Zapdos\n|-resisted|p1a: Zapdos\n|-damage|p1a: Zapdos|74\/100\n|cant|p1a: Zapdos|flinch\n|\n|-heal|p1a: Zapdos|80\/100|[from] item: Leftovers\n|upkeep\n|turn|5\n|\n|t:|1699856376\n|move|p2a: Shaymin|Air Slash|p1a: Zapdos\n|-resisted|p1a: Zapdos\n|-damage|p1a: Zapdos|64\/100\n|move|p1a: Zapdos|Hurricane|p2a: Shaymin\n|-supereffective|p2a: Shaymin\n|-damage|p2a: Shaymin|0 fnt\n|faint|p2a: Shaymin\n|\n|-heal|p1a: Zapdos|70\/100|[from] item: Leftovers\n|upkeep\n|\n|t:|1699856381\n|switch|p2a: Landorus|Landorus-Therian, M|100\/100\n|-ability|p2a: Landorus|Intimidate|boost\n|-unboost|p1a: Zapdos|atk|1\n|turn|6\n|\n|t:|1699856383\n|switch|p1a: Great Tusk|Great Tusk, shiny|92\/100\n|move|p2a: Landorus|Stealth Rock|p1a: Great Tusk\n|-sidestart|p1: AlolanSandslashOU|move: Stealth Rock\n|\n|upkeep\n|turn|7\n|\n|t:|1699856389\n|move|p2a: Landorus|U-turn|p1a: Great Tusk\n|-resisted|p1a: Great Tusk\n|-damage|p1a: Great Tusk|84\/100\n|\n|t:|1699856392\n|switch|p2a: Iron Valiant|Iron Valiant|100\/100|[from] U-turn\n|-enditem|p2a: Iron Valiant|Booster Energy\n|-activate|p2a: Iron Valiant|ability: Quark Drive|[fromitem]\n|-start|p2a: Iron Valiant|quarkdrivespe\n|move|p1a: Great Tusk|Rapid Spin|p2a: Iron Valiant\n|-damage|p2a: Iron Valiant|76\/100\n|-boost|p1a: Great Tusk|spe|1\n|-sideend|p1: AlolanSandslashOU|Stealth Rock|[from] move: Rapid Spin|[of] p1a: Great Tusk\n|\n|upkeep\n|turn|8\n|\n|t:|1699856396\n|move|p2a: Iron Valiant|Encore|p1a: Great Tusk\n|-start|p1a: Great Tusk|Encore\n|move|p1a: Great Tusk|Rapid Spin|p2a: Iron Valiant\n|-damage|p2a: Iron Valiant|49\/100\n|-boost|p1a: Great Tusk|spe|1\n|\n|upkeep\n|turn|9\n|\n|t:|1699856401\n|move|p2a: Iron Valiant|Calm Mind|p2a: Iron Valiant\n|-boost|p2a: Iron Valiant|spa|1\n|-boost|p2a: Iron Valiant|spd|1\n|move|p1a: Great Tusk|Rapid Spin|p2a: Iron Valiant\n|-damage|p2a: Iron Valiant|25\/100\n|-boost|p1a: Great Tusk|spe|1\n|\n|upkeep\n|turn|10\n|\n|t:|1699856404\n|move|p2a: Iron Valiant|Moonblast|p1a: Great Tusk\n|-supereffective|p1a: Great Tusk\n|-damage|p1a: Great Tusk|0 fnt\n|faint|p1a: Great Tusk\n|-end|p1a: Great Tusk|Protosynthesis|[silent]\n|\n|upkeep\n|\n|t:|1699856411\n|switch|p1a: Zapdos|Zapdos|70\/100\n|turn|11\n|\n|t:|1699856415\n|move|p2a: Iron Valiant|Moonblast|p1a: Zapdos\n|-damage|p1a: Zapdos|9\/100\n|move|p1a: Zapdos|Volt Switch|p2a: Iron Valiant\n|-damage|p2a: Iron Valiant|0 fnt\n|faint|p2a: Iron Valiant\n|-end|p2a: Iron Valiant|Quark Drive|[silent]\n|\n|t:|1699856426\n|switch|p1a: Greninja|Greninja, M|100\/100|[from] Volt Switch\n|\n|upkeep\n|\n|t:|1699856431\n|switch|p2a: Celesteela|Celesteela|100\/100\n|turn|12\n|\n|t:|1699856438\n|switch|p1a: Zapdos|Zapdos|9\/100\n|move|p2a: Celesteela|Autotomize|p2a: Celesteela\n|-boost|p2a: Celesteela|spe|2\n|-start|p2a: Celesteela|Autotomize\n|\n|-heal|p1a: Zapdos|16\/100|[from] item: Leftovers\n|upkeep\n|turn|13\n|\n|t:|1699856442\n|move|p2a: Celesteela|Meteor Beam||[still]\n|-prepare|p2a: Celesteela|Meteor Beam\n|-boost|p2a: Celesteela|spa|1\n|-enditem|p2a: Celesteela|Power Herb\n|-anim|p2a: Celesteela|Meteor Beam|p1a: Zapdos\n|-supereffective|p1a: Zapdos\n|-damage|p1a: Zapdos|0 fnt\n|faint|p1a: Zapdos\n|-ability|p2a: Celesteela|Beast Boost|boost\n|-boost|p2a: Celesteela|spa|1\n|\n|upkeep\n|\n|t:|1699856451\n|switch|p1a: Iron Moth|Iron Moth, shiny|100\/100\n|-enditem|p1a: Iron Moth|Booster Energy\n|-activate|p1a: Iron Moth|ability: Quark Drive|[fromitem]\n|-start|p1a: Iron Moth|quarkdrivespe\n|turn|14\n|\n|t:|1699856461\n|-terastallize|p2a: Celesteela|Dragon\n|move|p1a: Iron Moth|Substitute|p1a: Iron Moth\n|-start|p1a: Iron Moth|Substitute\n|-damage|p1a: Iron Moth|76\/100\n|move|p2a: Celesteela|Air Slash|p1a: Iron Moth\n|-end|p1a: Iron Moth|Substitute\n|\n|upkeep\n|turn|15\n|\n|t:|1699856468\n|move|p1a: Iron Moth|Sludge Wave|p2a: Celesteela\n|-damage|p2a: Celesteela|52\/100\n|-status|p2a: Celesteela|psn\n|move|p2a: Celesteela|Air Slash|p1a: Iron Moth\n|-damage|p1a: Iron Moth|8\/100\n|\n|-damage|p2a: Celesteela|40\/100 psn|[from] psn\n|upkeep\n|turn|16\n|\n|t:|1699856472\n|move|p1a: Iron Moth|Sludge Wave|p2a: Celesteela\n|-damage|p2a: Celesteela|0 fnt\n|faint|p2a: Celesteela\n|\n|upkeep\n|\n|t:|1699856481\n|switch|p2a: Dragonite|Dragonite, F|100\/100\n|turn|17\n|c|\u2606AlolanSandslashOU|Sub was so clutch\n|\n|t:|1699856489\n|move|p1a: Iron Moth|Sludge Wave|p2a: Dragonite\n|-damage|p2a: Dragonite|75\/100\n|move|p2a: Dragonite|Dragon Dance|p2a: Dragonite\n|-boost|p2a: Dragonite|atk|1\n|-boost|p2a: Dragonite|spe|1\n|\n|upkeep\n|turn|18\n|c|\u2606ANinjaDude|yeah lol\n|\n|t:|1699856494\n|move|p2a: Dragonite|Extreme Speed|p1a: Iron Moth\n|-damage|p1a: Iron Moth|0 fnt\n|faint|p1a: Iron Moth\n|-end|p1a: Iron Moth|Quark Drive|[silent]\n|\n|upkeep\n|\n|t:|1699856497\n|switch|p1a: Kartana|Kartana, shiny|100\/100\n|turn|19\n|\n|t:|1699856503\n|move|p1a: Kartana|Knock Off|p2a: Dragonite\n|-crit|p2a: Dragonite\n|-damage|p2a: Dragonite|7\/100\n|-enditem|p2a: Dragonite|Heavy-Duty Boots|[from] move: Knock Off|[of] p1a: Kartana\n|move|p2a: Dragonite|Earthquake|p1a: Kartana\n|-damage|p1a: Kartana|40\/100\n|\n|upkeep\n|turn|20\n|\n|t:|1699856514\n|-terastallize|p1a: Kartana|Ghost\n|move|p2a: Dragonite|Extreme Speed|p1a: Kartana\n|-immune|p1a: Kartana\n|move|p1a: Kartana|Knock Off|p2a: Dragonite\n|-damage|p2a: Dragonite|0 fnt\n|faint|p2a: Dragonite\n|-ability|p1a: Kartana|Beast Boost|boost\n|-boost|p1a: Kartana|atk|1\n|\n|upkeep\n|\n|t:|1699856519\n|switch|p2a: Landorus|Landorus-Therian, M|100\/100\n|-ability|p2a: Landorus|Intimidate|boost\n|-unboost|p1a: Kartana|atk|1\n|turn|21\n|\n|t:|1699856522\n|switch|p1a: Sneasler|Sneasler, M|100\/100\n|move|p2a: Landorus|Knock Off|p1a: Sneasler\n|-resisted|p1a: Sneasler\n|-crit|p1a: Sneasler\n|-damage|p1a: Sneasler|54\/100\n|-enditem|p1a: Sneasler|Choice Band|[from] move: Knock Off|[of] p2a: Landorus\n|\n|upkeep\n|turn|22\n|\n|t:|1699856534\n|switch|p2a: Thundurus|Thundurus-Therian, M|100\/100\n|move|p1a: Sneasler|U-turn|p2a: Thundurus\n|-resisted|p2a: Thundurus\n|-damage|p2a: Thundurus|82\/100\n|\n|t:|1699856537\n|switch|p1a: Greninja|Greninja, M|100\/100|[from] U-turn\n|\n|upkeep\n|turn|23\n|\n|t:|1699856542\n|move|p1a: Greninja|Ice Beam|p2a: Thundurus\n|-supereffective|p2a: Thundurus\n|-damage|p2a: Thundurus|0 fnt\n|faint|p2a: Thundurus\n|-ability|p1a: Greninja|Battle Bond|boost\n|-boost|p1a: Greninja|atk|1\n|-boost|p1a: Greninja|spa|1\n|-boost|p1a: Greninja|spe|1\n|-activate|p1a: Greninja|ability: Battle Bond\n|-damage|p1a: Greninja|91\/100|[from] item: Life Orb\n|\n|upkeep\n|\n|t:|1699856544\n|switch|p2a: Landorus|Landorus-Therian, M|100\/100\n|-ability|p2a: Landorus|Intimidate|boost\n|-unboost|p1a: Greninja|atk|1\n|turn|24\n|\n|t:|1699856548\n|move|p1a: Greninja|Water Shuriken|p2a: Landorus\n|-supereffective|p2a: Landorus\n|-damage|p2a: Landorus|63\/100\n|-supereffective|p2a: Landorus\n|-damage|p2a: Landorus|26\/100\n|-supereffective|p2a: Landorus\n|-damage|p2a: Landorus|0 fnt\n|faint|p2a: Landorus\n|-hitcount|p2: Landorus|3\n|-damage|p1a: Greninja|81\/100|[from] item: Life Orb\n|\n|win|AlolanSandslashOU\n|c|\u2606ANinjaDude|ggs\n|c|\u2606AlolanSandslashOU|Ggs\n|c|\u2606ANinjaDude|the crit on dnite lol\n","uploadtime":1699856558,"views":10,"p1id":"alolansandslashou","p2id":"aninjadude","formatid":"gen9nationaldexubers","rating":0,"private":0,"password":""}