{"id":"gen9nationaldexubers-1991823857","p1":"emilipdh","p2":"Roland212121","format":"[Gen 9] National Dex Ubers","log":"|j|\u2606emilipdh\n|j|\u2606Roland212121\n|t:|1700123829\n|gametype|singles\n|player|p1|emilipdh|larry|\n|player|p2|Roland212121|ingo|\n|teamsize|p1|6\n|teamsize|p2|6\n|gen|9\n|tier|[Gen 9] National Dex Ubers\n|rule|HP Percentage Mod: HP is shown in percentages\n|rule|Endless Battle Clause: Forcing endless battles is banned\n|rule|OHKO Clause: OHKO moves are banned\n|rule|Evasion Moves Clause: Evasion moves are banned\n|rule|Evasion Items Clause: Evasion items are banned\n|rule|Species Clause: Limit one of each Pok\u00e9mon\n|rule|Sleep Clause Mod: Limit one foe put to sleep\n|rule|Mega Rayquaza Clause: You cannot mega evolve Rayquaza\n|clearpoke\n|poke|p1|Groudon|\n|poke|p1|Yveltal|\n|poke|p1|Arceus-Ground|\n|poke|p1|Zacian-*|\n|poke|p1|Eternatus|\n|poke|p1|Kyogre|\n|poke|p2|Yveltal|\n|poke|p2|Zygarde|\n|poke|p2|Necrozma-Dusk-Mane|\n|poke|p2|Zacian-*|\n|poke|p2|Eternatus|\n|poke|p2|Landorus-Therian, M|\n|teampreview\n|inactive|Battle timer is ON: inactive players will automatically lose when time's up. (requested by emilipdh)\n|c|\u2606emilipdh|el joc\n|inactive|emilipdh has 270 seconds left.\n|c|\u2606Roland212121|TUTU PA PA TUTU PAPA\n|\n|t:|1700123874\n|start\n|switch|p1a: Ging|Groudon, shiny|100\/100\n|switch|p2a: last words|Necrozma-Dusk-Mane|100\/100\n|detailschange|p1a: Ging|Groudon-Primal, shiny\n|-primal|p1a: Ging|Red Orb\n|-weather|DesolateLand|[from] ability: Desolate Land|[of] p1a: Ging\n|turn|1\n|\n|t:|1700123900\n|-terastallize|p2a: last words|Psychic\n|move|p1a: Ging|Spikes|p2a: last words\n|-sidestart|p2: Roland212121|Spikes\n|move|p2a: last words|Earthquake|p1a: Ging\n|-supereffective|p1a: Ging\n|-damage|p1a: Ging|67\/100\n|\n|-weather|DesolateLand|[upkeep]\n|upkeep\n|turn|2\n|c|\u2606Roland212121|JINGLE BELLS JINGLE BELLS JINGLE JINGLE BELLS\n|c|\u2606emilipdh|guau, terremoto\n|inactive|emilipdh has 270 seconds left.\n|c|\u2606emilipdh|no\n|c|\u2606Roland212121|ME PRESENTO SOU TUEU\n|c|\u2606emilipdh|es diu ging\n|c|\u2606Roland212121|SOU O SEI PAPAI NOEL\n|c|\u2606emilipdh|per un personatge de hxh\n|c|\u2606Roland212121|a\n|c|\u2606emilipdh|que es diu ging\n|c|\u2606Roland212121|un dandom\n|c|\u2606emilipdh|n1gg\n|c|\u2606Roland212121|random\n|inactive|emilipdh has 240 seconds left.\n|c|\u2606emilipdh|i com es negre...\n|\n|t:|1700123953\n|-weather|none\n|switch|p1a: Communist|Yveltal, shiny|100\/100\n|-ability|p1a: Communist|Dark Aura\n|move|p2a: last words|Stealth Rock|p1a: Communist\n|-sidestart|p1: emilipdh|move: Stealth Rock\n|\n|upkeep\n|turn|3\n|c|\u2606Roland212121|ets bo, eh\n|inactive|emilipdh has 240 seconds left.\n|\n|t:|1700123971\n|switch|p2a: voicemail|Zacian-Crowned|100\/100\n|-damage|p2a: voicemail|88\/100|[from] Spikes\n|-ability|p2a: voicemail|Intrepid Sword|boost\n|-boost|p2a: voicemail|atk|1\n|move|p1a: Communist|Foul Play|p2a: voicemail\n|-resisted|p2a: voicemail\n|-damage|p2a: voicemail|37\/100\n|\n|upkeep\n|turn|4\n|\n|t:|1700123982\n|move|p2a: voicemail|Play Rough|p1a: Communist\n|-supereffective|p1a: Communist\n|-damage|p1a: Communist|0 fnt\n|faint|p1a: Communist\n|\n|upkeep\n|c|\u2606emilipdh|noooooo\n|c|\u2606emilipdh|m'esperava l'swords dance\n|\n|t:|1700124006\n|switch|p1a: Ging|Groudon-Primal, shiny|67\/100\n|-damage|p1a: Ging|55\/100|[from] Stealth Rock\n|-weather|DesolateLand|[from] ability: Desolate Land|[of] p1a: Ging\n|turn|5\n|\n|t:|1700124031\n|move|p2a: voicemail|Close Combat|p1a: Ging\n|-damage|p1a: Ging|15\/100\n|-unboost|p2a: voicemail|def|1\n|-unboost|p2a: voicemail|spd|1\n|move|p1a: Ging|Precipice Blades|p2a: voicemail|[miss]\n|-miss|p1a: Ging|p2a: voicemail\n|\n|-weather|DesolateLand|[upkeep]\n|upkeep\n|turn|6\n|\n|t:|1700124047\n|move|p2a: voicemail|Close Combat|p1a: Ging\n|-damage|p1a: Ging|0 fnt\n|-unboost|p2a: voicemail|def|1\n|-unboost|p2a: voicemail|spd|1\n|faint|p1a: Ging\n|-weather|none\n|\n|upkeep\n|\n|t:|1700124056\n|switch|p1a: Moby D.|Kyogre|100\/100\n|-damage|p1a: Moby D.|88\/100|[from] Stealth Rock\n|-weather|RainDance|[from] ability: Drizzle|[of] p1a: Moby D.\n|turn|7\n|inactive|emilipdh has 210 seconds left.\n|inactive|emilipdh has 180 seconds left.\n|inactive|emilipdh has 150 seconds left.\n|\n|t:|1700124158\n|move|p1a: Moby D.|Water Spout|p2a: voicemail\n|-damage|p2a: voicemail|0 fnt\n|faint|p2a: voicemail\n|\n|-weather|RainDance|[upkeep]\n|upkeep\n|inactive|Roland212121 has 270 seconds left.\n|inactiveoff|Battle timer is now OFF.\n|\n|t:|1700124227\n|switch|p2a: empty|Eternatus|100\/100\n|-damage|p2a: empty|88\/100|[from] Spikes\n|-ability|p2a: empty|Pressure\n|turn|8\n|\n|t:|1700124258\n|switch|p1a: Salamander|Arceus-Ground|100\/100\n|-damage|p1a: Salamander|94\/100|[from] Stealth Rock\n|move|p2a: empty|Dynamax Cannon|p1a: Salamander\n|-damage|p1a: Salamander|66\/100\n|\n|-weather|RainDance|[upkeep]\n|-heal|p2a: empty|94\/100|[from] item: Black Sludge\n|upkeep\n|turn|9\n|\n|t:|1700124267\n|switch|p2a: so fragile|Landorus-Therian, M, shiny|100\/100\n|-ability|p2a: so fragile|Intimidate|boost\n|-unboost|p1a: Salamander|atk|1\n|move|p1a: Salamander|Judgment|p2a: so fragile\n|-immune|p2a: so fragile\n|\n|-weather|RainDance|[upkeep]\n|upkeep\n|turn|10\n|\n|t:|1700124279\n|move|p2a: so fragile|Earthquake|p1a: Salamander\n|-damage|p1a: Salamander|37\/100\n|move|p1a: Salamander|Recover|p1a: Salamander\n|-heal|p1a: Salamander|87\/100\n|\n|-weather|RainDance|[upkeep]\n|upkeep\n|turn|11\n|\n|t:|1700124287\n|move|p2a: so fragile|Earthquake|p1a: Salamander\n|-damage|p1a: Salamander|59\/100\n|move|p1a: Salamander|Calm Mind|p1a: Salamander\n|-boost|p1a: Salamander|spa|1\n|-boost|p1a: Salamander|spd|1\n|\n|-weather|none\n|upkeep\n|turn|12\n|\n|t:|1700124301\n|move|p2a: so fragile|Earthquake|p1a: Salamander\n|-damage|p1a: Salamander|31\/100\n|move|p1a: Salamander|Recover|p1a: Salamander\n|-heal|p1a: Salamander|81\/100\n|\n|upkeep\n|turn|13\n|\n|t:|1700124307\n|switch|p2a: we'll all be dead|Yveltal|100\/100\n|-ability|p2a: we'll all be dead|Dark Aura\n|move|p1a: Salamander|Calm Mind|p1a: Salamander\n|-boost|p1a: Salamander|spa|1\n|-boost|p1a: Salamander|spd|1\n|\n|upkeep\n|turn|14\n|\n|t:|1700124316\n|move|p2a: we'll all be dead|Oblivion Wing|p1a: Salamander\n|-damage|p1a: Salamander|69\/100\n|move|p1a: Salamander|Calm Mind|p1a: Salamander\n|-boost|p1a: Salamander|spa|1\n|-boost|p1a: Salamander|spd|1\n|\n|upkeep\n|turn|15\n|\n|t:|1700124331\n|switch|p2a: wishing well|Zygarde|100\/100\n|-damage|p2a: wishing well|88\/100|[from] Spikes\n|move|p1a: Salamander|Recover|p1a: Salamander\n|-heal|p1a: Salamander|100\/100\n|\n|-heal|p2a: wishing well|94\/100|[from] item: Leftovers\n|upkeep\n|turn|16\n|\n|t:|1700124341\n|move|p2a: wishing well|Glare|p1a: Salamander\n|-status|p1a: Salamander|par\n|move|p1a: Salamander|Ice Beam|p2a: wishing well\n|-supereffective|p2a: wishing well\n|-damage|p2a: wishing well|0 fnt\n|faint|p2a: wishing well\n|\n|upkeep\n|\n|t:|1700124381\n|switch|p2a: last words|Necrozma-Dusk-Mane, tera:Psychic|100\/100\n|-damage|p2a: last words|88\/100|[from] Spikes\n|turn|17\n|\n|t:|1700124396\n|move|p2a: last words|Sunsteel Strike|p1a: Salamander\n|-damage|p1a: Salamander|75\/100 par\n|move|p1a: Salamander|Judgment|p2a: last words\n|-damage|p2a: last words|0 fnt\n|faint|p2a: last words\n|\n|upkeep\n|\n|t:|1700124405\n|switch|p2a: so fragile|Landorus-Therian, M, shiny|100\/100\n|-ability|p2a: so fragile|Intimidate|boost\n|-unboost|p1a: Salamander|atk|1\n|turn|18\n|\n|t:|1700124415\n|move|p2a: so fragile|Earthquake|p1a: Salamander\n|-damage|p1a: Salamander|44\/100 par\n|cant|p1a: Salamander|par\n|\n|upkeep\n|turn|19\n|c|\u2606Roland212121|porfa dios en ti confio\n|c|\u2606Roland212121|para paralizar\n|\n|t:|1700124434\n|move|p2a: so fragile|Earthquake|p1a: Salamander\n|-damage|p1a: Salamander|12\/100 par\n|cant|p1a: Salamander|par\n|\n|upkeep\n|turn|20\n|\n|t:|1700124440\n|move|p2a: so fragile|Earthquake|p1a: Salamander\n|-damage|p1a: Salamander|0 fnt\n|faint|p1a: Salamander\n|\n|upkeep\n|\n|t:|1700124445\n|switch|p1a: The beast|Eternatus|100\/100\n|-damage|p1a: The beast|88\/100|[from] Stealth Rock\n|-ability|p1a: The beast|Pressure\n|turn|21\n|c|\u2606Roland212121|jingle bells jingle bells jinglejingle bells\n|\n|t:|1700124461\n|move|p2a: so fragile|Earthquake|p1a: The beast\n|-supereffective|p1a: The beast\n|-damage|p1a: The beast|0 fnt\n|faint|p1a: The beast\n|\n|upkeep\n|\n|t:|1700124465\n|switch|p1a: Moby D.|Kyogre|88\/100\n|-damage|p1a: Moby D.|76\/100|[from] Stealth Rock\n|-weather|RainDance|[from] ability: Drizzle|[of] p1a: Moby D.\n|turn|22\n|c|\u2606emilipdh|es que ha estat un missclick\n|\n|t:|1700124474\n|move|p2a: so fragile|Earthquake|p1a: Moby D.\n|-damage|p1a: Moby D.|12\/100\n|move|p1a: Moby D.|Ice Beam|p2a: so fragile\n|-supereffective|p2a: so fragile\n|-damage|p2a: so fragile|0 fnt\n|faint|p2a: so fragile\n|\n|-weather|RainDance|[upkeep]\n|upkeep\n|\n|t:|1700124480\n|switch|p2a: we'll all be dead|Yveltal|100\/100\n|-ability|p2a: we'll all be dead|Dark Aura\n|turn|23\n|c|\u2606Roland212121|no me mate\n|\n|t:|1700124542\n|move|p2a: we'll all be dead|Foul Play|p1a: Moby D.\n|-damage|p1a: Moby D.|0 fnt\n|faint|p1a: Moby D.\n|\n|-weather|RainDance|[upkeep]\n|upkeep\n|c|\u2606emilipdh|que cony\n|c|\u2606emilipdh|tens scarf\n|c|\u2606Roland212121|scarfy\n|c|\u2606emilipdh|en aquest mf\n|c|\u2606Roland212121|ieie\n|c|\u2606emilipdh|amb foul play\n|\n|t:|1700124562\n|switch|p1a: Bonk|Zacian-Crowned|100\/100\n|-damage|p1a: Bonk|94\/100|[from] Stealth Rock\n|-ability|p1a: Bonk|Intrepid Sword|boost\n|-boost|p1a: Bonk|atk|1\n|turn|24\n|c|\u2606Roland212121|mf be doing wild\n|\n|t:|1700124573\n|switch|p2a: empty|Eternatus|94\/100\n|-damage|p2a: empty|82\/100|[from] Spikes\n|-ability|p2a: empty|Pressure\n|move|p1a: Bonk|Swords Dance|p1a: Bonk\n|-boost|p1a: Bonk|atk|2\n|\n|-weather|RainDance|[upkeep]\n|-heal|p2a: empty|88\/100|[from] item: Black Sludge\n|upkeep\n|turn|25\n|\n|t:|1700124605\n|move|p1a: Bonk|Play Rough|p2a: empty\n|-damage|p2a: empty|1\/100\n|move|p2a: empty|Toxic|p1a: Bonk\n|-immune|p1a: Bonk\n|\n|-weather|RainDance|[upkeep]\n|-heal|p2a: empty|7\/100|[from] item: Black Sludge\n|upkeep\n|turn|26\n|c|\u2606emilipdh|ets imbecil\n|c|\u2606emilipdh|et quedas a 1ps\n|c|\u2606Roland212121|d'on ha sortit el steel\n|c|\u2606emilipdh|i fas un toxico\n|c|\u2606Roland212121|abans no hi era\n|c|\u2606emilipdh|dale dale anda\n|\n|t:|1700124701\n|move|p1a: Bonk|Behemoth Blade|p2a: empty\n|-damage|p2a: empty|0 fnt\n|faint|p2a: empty\n|\n|-weather|none\n|upkeep\n|\n|t:|1700124705\n|switch|p2a: we'll all be dead|Yveltal|100\/100\n|-ability|p2a: we'll all be dead|Dark Aura\n|turn|27\n|\n|t:|1700124710\n|move|p2a: we'll all be dead|Foul Play|p1a: Bonk\n|-resisted|p1a: Bonk\n|-crit|p1a: Bonk\n|-damage|p1a: Bonk|0 fnt\n|faint|p1a: Bonk\n|\n|win|Roland212121\n|c|\u2606emilipdh|gg\n|c|\u2606emilipdh|mira\n|c|\u2606Roland212121|ggs\n|c|\u2606emilipdh|vesten a prendre\n|c|\u2606emilipdh|que et folli un camell\n|c|\u2606Roland212121|wif free\n","uploadtime":1700124728,"views":8,"p1id":"emilipdh","p2id":"roland212121","formatid":"gen9nationaldexubers","rating":0,"private":0,"password":""}