{"id":"gen9nationaldexubers-1997882217","p1":"olivia rodrig","p2":"why dunspace why","format":"[Gen 9] National Dex Ubers","log":"|j|\u2606olivia rodrig\n|j|\u2606why dunspace why\n|t:|1700863245\n|gametype|singles\n|player|p1|olivia rodrig|lady|1152\n|player|p2|why dunspace why|1|1075\n|teamsize|p1|6\n|teamsize|p2|6\n|gen|9\n|tier|[Gen 9] National Dex Ubers\n|rated|\n|rule|HP Percentage Mod: HP is shown in percentages\n|rule|Endless Battle Clause: Forcing endless battles is banned\n|rule|OHKO Clause: OHKO moves are banned\n|rule|Evasion Moves Clause: Evasion moves are banned\n|rule|Evasion Items Clause: Evasion items are banned\n|rule|Species Clause: Limit one of each Pok\u00e9mon\n|rule|Sleep Clause Mod: Limit one foe put to sleep\n|rule|Mega Rayquaza Clause: You cannot mega evolve Rayquaza\n|clearpoke\n|poke|p1|Clefable, F|\n|poke|p1|Glimmora, M|\n|poke|p1|Glimmet, M|\n|poke|p1|Mew|\n|poke|p1|Latios, M|\n|poke|p1|Rotom-Heat|\n|poke|p2|Garchomp, F|\n|poke|p2|Tyranitar, M|\n|poke|p2|Metagross|\n|poke|p2|Kommo-o, M|\n|poke|p2|Gardevoir, M|\n|poke|p2|Haxorus, F|\n|teampreview\n|c|\u2606why dunspace why|aint no shot\n|\n|t:|1700863261\n|start\n|switch|p1a: Glimmet|Glimmet, M, shiny|100\/100\n|switch|p2a: Tyranitar|Tyranitar, M|100\/100\n|-weather|Sandstorm|[from] ability: Sand Stream|[of] p2a: Tyranitar\n|turn|1\n|\n|t:|1700863272\n|move|p2a: Tyranitar|Earthquake|p1a: Glimmet\n|-supereffective|p1a: Glimmet\n|-enditem|p1a: Glimmet|Focus Sash\n|-damage|p1a: Glimmet|1\/100\n|-activate|p1a: Glimmet|ability: Toxic Debris\n|-sidestart|p2: why dunspace why|move: Toxic Spikes\n|move|p1a: Glimmet|Reflect|p1a: Glimmet\n|-sidestart|p1: olivia rodrig|Reflect\n|\n|-weather|Sandstorm|[upkeep]\n|upkeep\n|turn|2\n|c|\u2606why dunspace why|well fancy seeing you again\n|c|\u2606olivia rodrig|u again?\n|c|\u2606why dunspace why|yep\n|c|\u2606olivia rodrig|i used the zamazenta\n|c|\u2606why dunspace why|yeah\n|c|\u2606why dunspace why|I rember\n|c|\u2606olivia rodrig|but here i dont have the team\n|c|\u2606olivia rodrig|its another computer\n|\n|t:|1700863309\n|move|p2a: Tyranitar|Earthquake|p1a: Glimmet\n|-supereffective|p1a: Glimmet\n|-damage|p1a: Glimmet|0 fnt\n|-activate|p1a: Glimmet|ability: Toxic Debris\n|-sidestart|p2: why dunspace why|move: Toxic Spikes\n|faint|p1a: Glimmet\n|\n|-weather|Sandstorm|[upkeep]\n|upkeep\n|\n|t:|1700863312\n|switch|p1a: Rotom|Rotom-Heat, shiny|100\/100\n|turn|3\n|\n|t:|1700863324\n|move|p1a: Rotom|Confuse Ray|p2a: Tyranitar\n|-start|p2a: Tyranitar|confusion\n|-activate|p2a: Tyranitar|confusion\n|-damage|p2a: Tyranitar|89\/100|[from] confusion\n|\n|-weather|Sandstorm|[upkeep]\n|-damage|p1a: Rotom|94\/100|[from] Sandstorm\n|-heal|p2a: Tyranitar|96\/100|[from] item: Leftovers\n|upkeep\n|turn|4\n|\n|t:|1700863333\n|move|p1a: Rotom|Will-O-Wisp|p2a: Tyranitar\n|-status|p2a: Tyranitar|brn\n|-activate|p2a: Tyranitar|confusion\n|move|p2a: Tyranitar|Earthquake|p1a: Rotom\n|-immune|p1a: Rotom|[from] ability: Levitate\n|\n|-weather|Sandstorm|[upkeep]\n|-damage|p1a: Rotom|88\/100|[from] Sandstorm\n|-heal|p2a: Tyranitar|100\/100 brn|[from] item: Leftovers\n|-damage|p2a: Tyranitar|94\/100 brn|[from] brn\n|upkeep\n|turn|5\n|c|\u2606olivia rodrig|it only can have levitate\n|inactive|Battle timer is ON: inactive players will automatically lose when time's up. (requested by olivia rodrig)\n|\n|t:|1700863365\n|switch|p1a: Clefable|Clefable, F, shiny|100\/100\n|-end|p2a: Tyranitar|confusion\n|move|p2a: Tyranitar|Flamethrower|p1a: Clefable\n|-crit|p1a: Clefable\n|-damage|p1a: Clefable|70\/100\n|\n|-weather|none\n|-heal|p2a: Tyranitar|100\/100 brn|[from] item: Leftovers\n|-heal|p1a: Clefable|76\/100|[from] item: Leftovers\n|-damage|p2a: Tyranitar|94\/100 brn|[from] brn\n|-sideend|p1: olivia rodrig|Reflect\n|upkeep\n|turn|6\n|\n|t:|1700863376\n|move|p2a: Tyranitar|Ice Beam|p1a: Clefable\n|-damage|p1a: Clefable|57\/100\n|move|p1a: Clefable|Soft-Boiled|p1a: Clefable\n|-heal|p1a: Clefable|100\/100\n|\n|-heal|p2a: Tyranitar|100\/100 brn|[from] item: Leftovers\n|-damage|p2a: Tyranitar|94\/100 brn|[from] brn\n|upkeep\n|turn|7\n|c|\u2606olivia rodrig|speccial tyranitar? wtf\n|\n|t:|1700863386\n|move|p2a: Tyranitar|Earthquake|p1a: Clefable\n|-damage|p1a: Clefable|84\/100\n|move|p1a: Clefable|Cosmic Power|p1a: Clefable\n|-boost|p1a: Clefable|def|1\n|-boost|p1a: Clefable|spd|1\n|\n|-heal|p2a: Tyranitar|100\/100 brn|[from] item: Leftovers\n|-heal|p1a: Clefable|90\/100|[from] item: Leftovers\n|-damage|p2a: Tyranitar|94\/100 brn|[from] brn\n|upkeep\n|turn|8\n|c|\u2606why dunspace why|nope\n|\n|t:|1700863400\n|move|p2a: Tyranitar|Thunderbolt|p1a: Clefable\n|-damage|p1a: Clefable|76\/100\n|move|p1a: Clefable|Cosmic Power|p1a: Clefable\n|-boost|p1a: Clefable|def|1\n|-boost|p1a: Clefable|spd|1\n|\n|-heal|p2a: Tyranitar|100\/100 brn|[from] item: Leftovers\n|-heal|p1a: Clefable|82\/100|[from] item: Leftovers\n|-damage|p2a: Tyranitar|94\/100 brn|[from] brn\n|upkeep\n|turn|9\n|\n|t:|1700863413\n|-terastallize|p2a: Tyranitar|Rock\n|move|p2a: Tyranitar|Earthquake|p1a: Clefable\n|-damage|p1a: Clefable|73\/100\n|move|p1a: Clefable|Cosmic Power|p1a: Clefable\n|-boost|p1a: Clefable|def|1\n|-boost|p1a: Clefable|spd|1\n|\n|-heal|p2a: Tyranitar|100\/100 brn|[from] item: Leftovers\n|-heal|p1a: Clefable|80\/100|[from] item: Leftovers\n|-damage|p2a: Tyranitar|94\/100 brn|[from] brn\n|upkeep\n|turn|10\n|\n|t:|1700863420\n|move|p2a: Tyranitar|Earthquake|p1a: Clefable\n|-damage|p1a: Clefable|73\/100\n|move|p1a: Clefable|Soft-Boiled|p1a: Clefable\n|-heal|p1a: Clefable|100\/100\n|\n|-heal|p2a: Tyranitar|100\/100 brn|[from] item: Leftovers\n|-damage|p2a: Tyranitar|94\/100 brn|[from] brn\n|upkeep\n|turn|11\n|c|\u2606why dunspace why|nah this clefable is unfair\n|\n|t:|1700863429\n|move|p2a: Tyranitar|Ice Beam|p1a: Clefable\n|-damage|p1a: Clefable|92\/100\n|move|p1a: Clefable|Cosmic Power|p1a: Clefable\n|-boost|p1a: Clefable|def|1\n|-boost|p1a: Clefable|spd|1\n|\n|-heal|p2a: Tyranitar|100\/100 brn|[from] item: Leftovers\n|-heal|p1a: Clefable|99\/100|[from] item: Leftovers\n|-damage|p2a: Tyranitar|94\/100 brn|[from] brn\n|upkeep\n|turn|12\n|c|\u2606olivia rodrig|u cant toxic me\n|\n|t:|1700863445\n|switch|p2a: Haxorus|Haxorus, F|100\/100\n|-status|p2a: Haxorus|tox\n|move|p1a: Clefable|Cosmic Power|p1a: Clefable\n|-boost|p1a: Clefable|def|1\n|-boost|p1a: Clefable|spd|1\n|\n|-heal|p1a: Clefable|100\/100|[from] item: Leftovers\n|-damage|p2a: Haxorus|95\/100 tox|[from] psn\n|upkeep\n|turn|13\n|c|\u2606olivia rodrig|im magic guard btw\n|c|\u2606why dunspace why|wasnt the plan\n|\n|t:|1700863461\n|move|p2a: Haxorus|Shadow Claw|p1a: Clefable\n|-crit|p1a: Clefable\n|-damage|p1a: Clefable|58\/100\n|move|p1a: Clefable|Cosmic Power|p1a: Clefable\n|-boost|p1a: Clefable|def|1\n|-boost|p1a: Clefable|spd|1\n|\n|-heal|p1a: Clefable|64\/100|[from] item: Leftovers\n|-damage|p2a: Haxorus|83\/100 tox|[from] psn\n|upkeep\n|turn|14\n|c|\u2606olivia rodrig|wow\n|\n|t:|1700863467\n|move|p2a: Haxorus|Shadow Claw|p1a: Clefable\n|-damage|p1a: Clefable|57\/100\n|move|p1a: Clefable|Soft-Boiled|p1a: Clefable\n|-heal|p1a: Clefable|100\/100\n|\n|-damage|p2a: Haxorus|65\/100 tox|[from] psn\n|upkeep\n|turn|15\n|\n|t:|1700863473\n|move|p2a: Haxorus|Shadow Claw|p1a: Clefable\n|-damage|p1a: Clefable|93\/100\n|move|p1a: Clefable|Stored Power|p2a: Haxorus\n|-damage|p2a: Haxorus|0 fnt\n|faint|p2a: Haxorus\n|\n|-heal|p1a: Clefable|99\/100|[from] item: Leftovers\n|upkeep\n|c|\u2606why dunspace why|da plan is to do as much as possible\n|\n|t:|1700863487\n|switch|p2a: Metagross|Metagross|100\/100\n|turn|16\n|\n|t:|1700863493\n|-terastallize|p1a: Clefable|Fire\n|move|p2a: Metagross|Meteor Mash|p1a: Clefable\n|-resisted|p1a: Clefable\n|-damage|p1a: Clefable|93\/100\n|-boost|p2a: Metagross|atk|1\n|move|p1a: Clefable|Moonblast|p2a: Metagross\n|-resisted|p2a: Metagross\n|-damage|p2a: Metagross|80\/100\n|\n|-heal|p1a: Clefable|99\/100|[from] item: Leftovers\n|upkeep\n|turn|17\n|\n|t:|1700863504\n|move|p2a: Metagross|Sludge Bomb|p1a: Clefable\n|-damage|p1a: Clefable|94\/100\n|-status|p1a: Clefable|psn\n|move|p1a: Clefable|Stored Power|p2a: Metagross\n|-resisted|p2a: Metagross\n|-damage|p2a: Metagross|62\/100\n|\n|-heal|p1a: Clefable|100\/100 psn|[from] item: Leftovers\n|upkeep\n|turn|18\n|c|\u2606why dunspace why|lets go\n|\n|t:|1700863516\n|move|p2a: Metagross|Expanding Force|p1a: Clefable\n|-damage|p1a: Clefable|94\/100 psn\n|move|p1a: Clefable|Stored Power|p2a: Metagross\n|-resisted|p2a: Metagross\n|-damage|p2a: Metagross|46\/100\n|\n|-heal|p1a: Clefable|99\/100 psn|[from] item: Leftovers\n|upkeep\n|turn|19\n|c|\u2606olivia rodrig|i dont take poison damage\n|\n|t:|1700863527\n|move|p2a: Metagross|Sludge Bomb|p1a: Clefable\n|-damage|p1a: Clefable|95\/100 psn\n|move|p1a: Clefable|Stored Power|p2a: Metagross\n|-resisted|p2a: Metagross\n|-damage|p2a: Metagross|29\/100\n|\n|-heal|p1a: Clefable|100\/100 psn|[from] item: Leftovers\n|upkeep\n|turn|20\n|c|\u2606why dunspace why|damnit\n|\n|t:|1700863535\n|move|p2a: Metagross|Sludge Bomb|p1a: Clefable\n|-damage|p1a: Clefable|96\/100 psn\n|move|p1a: Clefable|Stored Power|p2a: Metagross\n|-resisted|p2a: Metagross\n|-damage|p2a: Metagross|12\/100\n|\n|-heal|p1a: Clefable|100\/100 psn|[from] item: Leftovers\n|upkeep\n|turn|21\n|c|\u2606olivia rodrig|!dt magic guard\n|raw|<ul class=\"utilichart\"><li class=\"result\"><span class=\"col namecol\"><a href=\"https:\/\/dex.pokemonshowdown.com\/abilities\/magicguard\">Magic Guard<\/a><\/span> <span class=\"col abilitydesccol\">This Pokemon can only be damaged by direct attacks.<\/span> <\/li><li style=\"clear:both\"><\/li><\/ul>\n|raw|<font size=\"1\"><font color=\"#686868\">Gen:<\/font> 4<\/font>\n\n|\n|t:|1700863546\n|move|p2a: Metagross|Meteor Mash|p1a: Clefable\n|-resisted|p1a: Clefable\n|-damage|p1a: Clefable|92\/100 psn\n|-boost|p2a: Metagross|atk|1\n|move|p1a: Clefable|Stored Power|p2a: Metagross\n|-resisted|p2a: Metagross\n|-damage|p2a: Metagross|0 fnt\n|faint|p2a: Metagross\n|\n|-heal|p1a: Clefable|98\/100 psn|[from] item: Leftovers\n|upkeep\n|\n|t:|1700863555\n|switch|p2a: Kommo-o|Kommo-o, M|100\/100\n|-status|p2a: Kommo-o|tox\n|turn|22\n|\n|t:|1700863558\n|-zpower|p2a: Kommo-o\n|move|p2a: Kommo-o|Clangorous Soulblaze|p1a: Clefable|[zeffect]\n|-damage|p1a: Clefable|80\/100 psn\n|-boost|p2a: Kommo-o|atk|1\n|-boost|p2a: Kommo-o|def|1\n|-boost|p2a: Kommo-o|spa|1\n|-boost|p2a: Kommo-o|spd|1\n|-boost|p2a: Kommo-o|spe|1\n|move|p1a: Clefable|Stored Power|p2a: Kommo-o\n|-supereffective|p2a: Kommo-o\n|-damage|p2a: Kommo-o|11\/100 tox\n|\n|-heal|p1a: Clefable|86\/100 psn|[from] item: Leftovers\n|-damage|p2a: Kommo-o|5\/100 tox|[from] psn\n|upkeep\n|turn|23\n|c|\u2606why dunspace why|well gg\n|c|\u2606olivia rodrig|gg\n|\n|t:|1700863575\n|move|p2a: Kommo-o|Clanging Scales|p1a: Clefable\n|-damage|p1a: Clefable|72\/100 psn\n|-unboost|p2a: Kommo-o|def|1\n|move|p1a: Clefable|Soft-Boiled|p1a: Clefable\n|-heal|p1a: Clefable|100\/100 psn\n|\n|-damage|p2a: Kommo-o|0 fnt|[from] psn\n|faint|p2a: Kommo-o\n|upkeep\n|c|\u2606why dunspace why|cause theirs no way I win\n|\n|t:|1700863585\n|switch|p2a: Garchomp|Garchomp, F|100\/100\n|-status|p2a: Garchomp|tox\n|turn|24\n|\n|t:|1700863597\n|detailschange|p2a: Garchomp|Garchomp-Mega, F\n|-mega|p2a: Garchomp|Garchomp|Garchompite\n|move|p2a: Garchomp|Aqua Tail|p1a: Clefable\n|-supereffective|p1a: Clefable\n|-damage|p1a: Clefable|85\/100 psn\n|move|p1a: Clefable|Moonblast|p2a: Garchomp\n|-supereffective|p2a: Garchomp\n|-crit|p2a: Garchomp\n|-damage|p2a: Garchomp|8\/100 tox\n|-unboost|p2a: Garchomp|spa|1\n|\n|-heal|p1a: Clefable|91\/100 psn|[from] item: Leftovers\n|-damage|p2a: Garchomp|2\/100 tox|[from] psn\n|upkeep\n|turn|25\n|\n|t:|1700863608\n|move|p2a: Garchomp|Aqua Tail|p1a: Clefable\n|-supereffective|p1a: Clefable\n|-damage|p1a: Clefable|74\/100 psn\n|move|p1a: Clefable|Soft-Boiled|p1a: Clefable\n|-heal|p1a: Clefable|100\/100 psn\n|\n|-damage|p2a: Garchomp|0 fnt|[from] psn\n|faint|p2a: Garchomp\n|upkeep\n|\n|t:|1700863612\n|switch|p2a: Gardevoir|Gardevoir, M|100\/100\n|-status|p2a: Gardevoir|tox\n|turn|26\n|\n|t:|1700863616\n|move|p2a: Gardevoir|Calm Mind|p2a: Gardevoir\n|-boost|p2a: Gardevoir|spa|1\n|-boost|p2a: Gardevoir|spd|1\n|move|p1a: Clefable|Moonblast|p2a: Gardevoir\n|-damage|p2a: Gardevoir|75\/100 tox\n|-unboost|p2a: Gardevoir|spa|1\n|\n|-damage|p2a: Gardevoir|68\/100 tox|[from] psn\n|upkeep\n|turn|27\n|\n|t:|1700863620\n|move|p2a: Gardevoir|Calm Mind|p2a: Gardevoir\n|-boost|p2a: Gardevoir|spa|1\n|-boost|p2a: Gardevoir|spd|1\n|move|p1a: Clefable|Moonblast|p2a: Gardevoir\n|-damage|p2a: Gardevoir|47\/100 tox\n|\n|-damage|p2a: Gardevoir|35\/100 tox|[from] psn\n|upkeep\n|turn|28\n|\n|t:|1700863624\n|move|p2a: Gardevoir|Aura Sphere|p1a: Clefable\n|-damage|p1a: Clefable|92\/100 psn\n|move|p1a: Clefable|Moonblast|p2a: Gardevoir\n|-damage|p2a: Gardevoir|15\/100 tox\n|\n|-heal|p1a: Clefable|98\/100 psn|[from] item: Leftovers\n|-damage|p2a: Gardevoir|0 fnt|[from] psn\n|faint|p2a: Gardevoir\n|upkeep\n|\n|t:|1700863630\n|switch|p2a: Tyranitar|Tyranitar, M, tera:Rock|94\/100 brn\n|-weather|Sandstorm|[from] ability: Sand Stream|[of] p2a: Tyranitar\n|turn|29\n|\n|t:|1700863635\n|move|p2a: Tyranitar|Ice Beam|p1a: Clefable\n|-resisted|p1a: Clefable\n|-damage|p1a: Clefable|96\/100 psn\n|move|p1a: Clefable|Stored Power|p2a: Tyranitar\n|-damage|p2a: Tyranitar|52\/100 brn\n|\n|-weather|Sandstorm|[upkeep]\n|-heal|p2a: Tyranitar|58\/100 brn|[from] item: Leftovers\n|-heal|p1a: Clefable|100\/100 psn|[from] item: Leftovers\n|-damage|p2a: Tyranitar|52\/100 brn|[from] brn\n|upkeep\n|turn|30\n|\n|t:|1700863642\n|move|p2a: Tyranitar|Thunderbolt|p1a: Clefable\n|-damage|p1a: Clefable|95\/100 psn\n|move|p1a: Clefable|Moonblast|p2a: Tyranitar\n|-damage|p2a: Tyranitar|30\/100 brn\n|\n|-weather|Sandstorm|[upkeep]\n|-heal|p2a: Tyranitar|36\/100 brn|[from] item: Leftovers\n|-heal|p1a: Clefable|100\/100 psn|[from] item: Leftovers\n|-damage|p2a: Tyranitar|30\/100 brn|[from] brn\n|upkeep\n|turn|31\n|c|\u2606olivia rodrig|gg\n|\n|t:|1700863651\n|move|p2a: Tyranitar|Flamethrower|p1a: Clefable\n|-resisted|p1a: Clefable\n|-damage|p1a: Clefable|98\/100 psn\n|move|p1a: Clefable|Moonblast|p2a: Tyranitar\n|-damage|p2a: Tyranitar|9\/100 brn\n|\n|-weather|Sandstorm|[upkeep]\n|-heal|p2a: Tyranitar|15\/100 brn|[from] item: Leftovers\n|-heal|p1a: Clefable|100\/100 psn|[from] item: Leftovers\n|-damage|p2a: Tyranitar|9\/100 brn|[from] brn\n|upkeep\n|turn|32\n|c|\u2606why dunspace why|gg\n|\n|t:|1700863660\n|move|p2a: Tyranitar|Flamethrower|p1a: Clefable\n|-resisted|p1a: Clefable\n|-damage|p1a: Clefable|98\/100 psn\n|move|p1a: Clefable|Stored Power|p2a: Tyranitar\n|-damage|p2a: Tyranitar|0 fnt\n|faint|p2a: Tyranitar\n|\n|win|olivia rodrig\n|raw|olivia rodrig's rating: 1152 &rarr; <strong>1172<\/strong><br \/>(+20 for winning)\n|raw|why dunspace why's rating: 1075 &rarr; <strong>1058<\/strong><br \/>(-17 for losing)\n|l|\u2606why dunspace why\n","uploadtime":1700863674,"views":1,"p1id":"oliviarodrig","p2id":"whydunspacewhy","formatid":"gen9nationaldexubers","rating":1058,"private":0,"password":""}