{"id":"gen9nationaldexubers-1986870863","p1":"85792195wwww","p2":"xinnobu","format":"[Gen 9] National Dex Ubers","log":"|j|\u260685792195wwww\n|j|\u2606xinnobu\n|t:|1699536265\n|gametype|singles\n|player|p1|85792195wwww|mira|1763\n|player|p2|xinnobu|elesa-gen5bw2|1719\n|teamsize|p1|6\n|teamsize|p2|6\n|gen|9\n|tier|[Gen 9] National Dex Ubers\n|rated|\n|rule|HP Percentage Mod: HP is shown in percentages\n|rule|Endless Battle Clause: Forcing endless battles is banned\n|rule|OHKO Clause: OHKO moves are banned\n|rule|Evasion Moves Clause: Evasion moves are banned\n|rule|Evasion Items Clause: Evasion items are banned\n|rule|Species Clause: Limit one of each Pok\u00e9mon\n|rule|Sleep Clause Mod: Limit one foe put to sleep\n|rule|Mega Rayquaza Clause: You cannot mega evolve Rayquaza\n|clearpoke\n|poke|p1|Kyurem-Black|\n|poke|p1|Krookodile, M|\n|poke|p1|Gholdengo|\n|poke|p1|Groudon|\n|poke|p1|Arceus-Ground|\n|poke|p1|Ribombee, M|\n|poke|p2|Chien-Pao|\n|poke|p2|Banette, F|\n|poke|p2|Kyogre|\n|poke|p2|Groudon|\n|poke|p2|Zacian-*|\n|poke|p2|Yveltal|\n|teampreview\n|\n|t:|1699536287\n|start\n|switch|p1a: Ribombee|Ribombee, M|100\/100\n|switch|p2a: Groudon|Groudon|100\/100\n|detailschange|p2a: Groudon|Groudon-Primal\n|-primal|p2a: Groudon|Red Orb\n|-weather|DesolateLand|[from] ability: Desolate Land|[of] p2a: Groudon\n|turn|1\n|inactive|Battle timer is ON: inactive players will automatically lose when time's up. (requested by xinnobu)\n|\n|t:|1699536296\n|move|p1a: Ribombee|Sticky Web|p2a: Groudon\n|-sidestart|p2: xinnobu|move: Sticky Web\n|move|p2a: Groudon|Heat Crash|p1a: Ribombee\n|-supereffective|p1a: Ribombee\n|-enditem|p1a: Ribombee|Focus Sash\n|-damage|p1a: Ribombee|1\/100\n|\n|-weather|DesolateLand|[upkeep]\n|upkeep\n|turn|2\n|\n|t:|1699536309\n|move|p1a: Ribombee|Moonblast|p2a: Groudon\n|-resisted|p2a: Groudon\n|-damage|p2a: Groudon|83\/100\n|move|p2a: Groudon|Heat Crash|p1a: Ribombee\n|-supereffective|p1a: Ribombee\n|-damage|p1a: Ribombee|0 fnt\n|faint|p1a: Ribombee\n|\n|-weather|DesolateLand|[upkeep]\n|upkeep\n|\n|t:|1699536317\n|switch|p1a: Krookodile|Krookodile, M|100\/100\n|-ability|p1a: Krookodile|Intimidate|boost\n|-unboost|p2a: Groudon|atk|1\n|turn|3\n|\n|t:|1699536322\n|-weather|none\n|switch|p2a: Yveltal|Yveltal|100\/100\n|-ability|p2a: Yveltal|Dark Aura\n|move|p1a: Krookodile|Stealth Rock|p2a: Yveltal\n|-sidestart|p2: xinnobu|move: Stealth Rock\n|\n|upkeep\n|turn|4\n|\n|t:|1699536331\n|move|p1a: Krookodile|Taunt|p2a: Yveltal\n|-start|p2a: Yveltal|move: Taunt\n|move|p2a: Yveltal|Oblivion Wing|p1a: Krookodile\n|-crit|p1a: Krookodile\n|-enditem|p1a: Krookodile|Focus Sash\n|-damage|p1a: Krookodile|1\/100\n|-damage|p2a: Yveltal|91\/100|[from] item: Life Orb\n|\n|upkeep\n|turn|5\n|\n|t:|1699536347\n|switch|p1a: Kyurem|Kyurem-Black|100\/100\n|-ability|p1a: Kyurem|Teravolt\n|move|p2a: Yveltal|Oblivion Wing|p1a: Kyurem\n|-damage|p1a: Kyurem|52\/100\n|-heal|p2a: Yveltal|100\/100|[from] drain|[of] p1a: Kyurem\n|-damage|p2a: Yveltal|91\/100|[from] item: Life Orb\n|\n|upkeep\n|turn|6\n|\n|t:|1699536361\n|move|p1a: Kyurem|Icicle Spear|p2a: Yveltal\n|-supereffective|p2a: Yveltal\n|-damage|p2a: Yveltal|58\/100\n|-supereffective|p2a: Yveltal\n|-damage|p2a: Yveltal|21\/100\n|-supereffective|p2a: Yveltal\n|-damage|p2a: Yveltal|0 fnt\n|faint|p2a: Yveltal\n|-hitcount|p2: Yveltal|3\n|\n|upkeep\n|\n|t:|1699536370\n|switch|p2a: Zacian|Zacian-Crowned|100\/100\n|-activate|p2a: Zacian|move: Sticky Web\n|-unboost|p2a: Zacian|spe|1\n|-damage|p2a: Zacian|94\/100|[from] Stealth Rock\n|-ability|p2a: Zacian|Intrepid Sword|boost\n|-boost|p2a: Zacian|atk|1\n|turn|7\n|\n|t:|1699536382\n|switch|p1a: Krookodile|Krookodile, M|1\/100\n|-ability|p1a: Krookodile|Intimidate|boost\n|-unboost|p2a: Zacian|atk|1\n|move|p2a: Zacian|Behemoth Blade|p1a: Krookodile\n|-damage|p1a: Krookodile|0 fnt\n|faint|p1a: Krookodile\n|\n|upkeep\n|\n|t:|1699536393\n|switch|p1a: Arceus|Arceus-Ground|100\/100\n|turn|8\n|\n|t:|1699536403\n|move|p1a: Arceus|Earthquake|p2a: Zacian\n|-supereffective|p2a: Zacian\n|-damage|p2a: Zacian|0 fnt\n|faint|p2a: Zacian\n|\n|upkeep\n|\n|t:|1699536409\n|switch|p2a: Kyogre|Kyogre|100\/100\n|-activate|p2a: Kyogre|move: Sticky Web\n|-unboost|p2a: Kyogre|spe|1\n|-damage|p2a: Kyogre|88\/100|[from] Stealth Rock\n|detailschange|p2a: Kyogre|Kyogre-Primal\n|-primal|p2a: Kyogre|Blue Orb\n|-weather|PrimordialSea|[from] ability: Primordial Sea|[of] p2a: Kyogre\n|turn|9\n|\n|t:|1699536419\n|-zpower|p1a: Arceus\n|move|p1a: Arceus|Tectonic Rage|p2a: Kyogre|[zeffect]\n|-damage|p2a: Kyogre|0 fnt\n|faint|p2a: Kyogre\n|-weather|none\n|\n|upkeep\n|\n|t:|1699536423\n|switch|p2a: Banette|Banette, F|100\/100\n|-activate|p2a: Banette|move: Sticky Web\n|-unboost|p2a: Banette|spe|1\n|-damage|p2a: Banette|88\/100|[from] Stealth Rock\n|-item|p1a: Arceus|Groundium Z|[from] ability: Frisk|[of] p2a: Banette|[identify]\n|turn|10\n|\n|t:|1699536433\n|switch|p1a: Kyurem|Kyurem-Black|52\/100\n|-ability|p1a: Kyurem|Teravolt\n|detailschange|p2a: Banette|Banette-Mega, F\n|-mega|p2a: Banette|Banette|Banettite\n|move|p2a: Banette|Poltergeist|p1a: Kyurem\n|-activate|p1a: Kyurem|move: Poltergeist|Loaded Dice\n|-damage|p1a: Kyurem|0 fnt\n|faint|p1a: Kyurem\n|\n|upkeep\n|\n|t:|1699536446\n|switch|p1a: Gholdengo|Gholdengo|100\/100\n|turn|11\n|\n|t:|1699536458\n|switch|p2a: Groudon|Groudon-Primal|83\/100\n|-activate|p2a: Groudon|move: Sticky Web\n|-unboost|p2a: Groudon|spe|1\n|-damage|p2a: Groudon|70\/100|[from] Stealth Rock\n|-weather|DesolateLand|[from] ability: Desolate Land|[of] p2a: Groudon\n|move|p1a: Gholdengo|Shadow Ball|p2a: Groudon\n|-damage|p2a: Groudon|6\/100\n|\n|-weather|DesolateLand|[upkeep]\n|upkeep\n|turn|12\n|\n|t:|1699536469\n|move|p1a: Gholdengo|Shadow Ball|p2a: Groudon\n|-damage|p2a: Groudon|0 fnt\n|faint|p2a: Groudon\n|-weather|none\n|\n|upkeep\n|j| 1 em trach thu\n|\n|t:|1699536474\n|switch|p2a: Chien-Pao|Chien-Pao|100\/100\n|-activate|p2a: Chien-Pao|move: Sticky Web\n|-unboost|p2a: Chien-Pao|spe|1\n|-damage|p2a: Chien-Pao|76\/100|[from] Stealth Rock\n|-ability|p2a: Chien-Pao|Sword of Ruin\n|turn|13\n|\n|t:|1699536481\n|switch|p1a: Groudon|Groudon|100\/100\n|detailschange|p1a: Groudon|Groudon-Primal\n|-primal|p1a: Groudon|Red Orb\n|-weather|DesolateLand|[from] ability: Desolate Land|[of] p1a: Groudon\n|-terastallize|p2a: Chien-Pao|Dark\n|move|p2a: Chien-Pao|Crunch|p1a: Groudon\n|-damage|p1a: Groudon|54\/100\n|\n|-weather|DesolateLand|[upkeep]\n|upkeep\n|turn|14\n|\n|t:|1699536494\n|move|p2a: Chien-Pao|Sucker Punch|p1a: Groudon\n|-damage|p1a: Groudon|15\/100\n|move|p1a: Groudon|Earth Power|p2a: Chien-Pao\n|-damage|p2a: Chien-Pao|0 fnt\n|faint|p2a: Chien-Pao\n|\n|-weather|DesolateLand|[upkeep]\n|upkeep\n|-message|xinnobu forfeited.\n|\n|win|85792195wwww\n|raw|85792195wwww's rating: 1763 &rarr; <strong>1780<\/strong><br \/>(+17 for winning)\n|raw|xinnobu's rating: 1719 &rarr; <strong>1702<\/strong><br \/>(-17 for losing)\n|l|\u2606xinnobu\n","uploadtime":1699536504,"views":5,"p1id":"85792195wwww","p2id":"xinnobu","formatid":"gen9nationaldexubers","rating":1702,"private":0,"password":""}