{"id":"gen9nationaldexubers-1996034143","p1":"RaxarOrod","p2":"igphhangout","format":"[Gen 9] National Dex Ubers","log":"|j|\u2606RaxarOrod\n|j|\u2606igphhangout\n|t:|1700632708\n|gametype|singles\n|player|p1|RaxarOrod|caitlin-gen4|\n|player|p2|igphhangout|janitor|\n|teamsize|p1|6\n|teamsize|p2|6\n|gen|9\n|tier|[Gen 9] National Dex Ubers\n|rule|HP Percentage Mod: HP is shown in percentages\n|rule|Endless Battle Clause: Forcing endless battles is banned\n|rule|OHKO Clause: OHKO moves are banned\n|rule|Evasion Moves Clause: Evasion moves are banned\n|rule|Evasion Items Clause: Evasion items are banned\n|rule|Species Clause: Limit one of each Pok\u00e9mon\n|rule|Sleep Clause Mod: Limit one foe put to sleep\n|rule|Mega Rayquaza Clause: You cannot mega evolve Rayquaza\n|clearpoke\n|poke|p1|Magnezone|\n|poke|p1|Tapu Fini|\n|poke|p1|Shiftry, M|\n|poke|p1|Ninjask, M|\n|poke|p1|Cradily, F|\n|poke|p1|Iron Valiant|\n|poke|p2|Greninja-*, M|\n|poke|p2|Ambipom, M|\n|poke|p2|Banette, F|\n|poke|p2|Arcanine-Hisui, M|\n|poke|p2|Decidueye-Hisui, F|\n|poke|p2|Garchomp, M|\n|teampreview\n|j| Saradominphat\n|j| NiceAsMike\n|j| Vraptor249\n|j| BaraTheUmbraking\n|\n|t:|1700632785\n|start\n|switch|p1a: GivemeyourJuice|Cradily, F, shiny|100\/100\n|switch|p2a: Poke|Ambipom, M|100\/100\n|turn|1\n|\n|t:|1700632794\n|move|p1a: GivemeyourJuice|Protect|p1a: GivemeyourJuice\n|-singleturn|p1a: GivemeyourJuice|Protect\n|move|p2a: Poke|Fake Out|p1a: GivemeyourJuice\n|-activate|p1a: GivemeyourJuice|move: Protect\n|\n|upkeep\n|turn|2\n|j| VantaZack\n|\n|t:|1700632801\n|move|p2a: Poke|Knock Off|p1a: GivemeyourJuice\n|-damage|p1a: GivemeyourJuice|79\/100\n|-damage|p2a: Poke|84\/100|[from] item: Rocky Helmet|[of] p1a: GivemeyourJuice\n|-enditem|p1a: GivemeyourJuice|Rocky Helmet|[from] move: Knock Off|[of] p2a: Poke\n|move|p1a: GivemeyourJuice|Stealth Rock|p2a: Poke\n|-sidestart|p2: igphhangout|move: Stealth Rock\n|\n|upkeep\n|turn|3\n|\n|t:|1700632816\n|switch|p2a: Cukdoo|Decidueye-Hisui, F|100\/100\n|-damage|p2a: Cukdoo|94\/100|[from] Stealth Rock\n|move|p1a: GivemeyourJuice|Earth Power|p2a: Cukdoo\n|-resisted|p2a: Cukdoo\n|-damage|p2a: Cukdoo|86\/100\n|\n|upkeep\n|turn|4\n|\n|t:|1700632828\n|switch|p1a: Ninjask|Ninjask, M|100\/100\n|move|p2a: Cukdoo|Trailblaze|p1a: Ninjask\n|-resisted|p1a: Ninjask\n|-damage|p1a: Ninjask|85\/100\n|-boost|p2a: Cukdoo|spe|1\n|\n|upkeep\n|turn|5\n|\n|t:|1700632859\n|move|p1a: Ninjask|Dual Wingbeat|p2a: Cukdoo\n|-supereffective|p2a: Cukdoo\n|-damage|p2a: Cukdoo|16\/100\n|-supereffective|p2a: Cukdoo\n|-damage|p2a: Cukdoo|0 fnt\n|faint|p2a: Cukdoo\n|-hitcount|p2: Cukdoo|2\n|\n|-ability|p1a: Ninjask|Speed Boost|boost\n|-boost|p1a: Ninjask|spe|1\n|upkeep\n|j| CalamityCentral\n|\n|t:|1700632863\n|switch|p2a: Sick them!|Arcanine-Hisui, M|100\/100\n|-damage|p2a: Sick them!|76\/100|[from] Stealth Rock\n|turn|6\n|\n|t:|1700632872\n|move|p1a: Ninjask|U-turn|p2a: Sick them!\n|-resisted|p2a: Sick them!\n|-damage|p2a: Sick them!|59\/100\n|\n|t:|1700632876\n|switch|p1a: Mia|Tapu Fini, shiny|100\/100|[from] U-turn\n|-fieldstart|move: Misty Terrain|[from] ability: Misty Surge|[of] p1a: Mia\n|move|p2a: Sick them!|Head Smash|p1a: Mia\n|-damage|p1a: Mia|52\/100\n|\n|-heal|p1a: Mia|58\/100|[from] item: Leftovers\n|upkeep\n|turn|7\n|\n|t:|1700632886\n|switch|p2a: Poke|Ambipom, M|84\/100\n|-damage|p2a: Poke|72\/100|[from] Stealth Rock\n|move|p1a: Mia|Scald|p2a: Poke\n|-damage|p2a: Poke|28\/100\n|\n|-heal|p1a: Mia|64\/100|[from] item: Leftovers\n|upkeep\n|turn|8\n|\n|t:|1700632895\n|move|p2a: Poke|Fake Out|p1a: Mia\n|-damage|p1a: Mia|44\/100\n|cant|p1a: Mia|flinch\n|\n|-heal|p1a: Mia|50\/100|[from] item: Leftovers\n|upkeep\n|turn|9\n|\n|t:|1700632903\n|move|p2a: Poke|Gunk Shot|p1a: Mia\n|-supereffective|p1a: Mia\n|-damage|p1a: Mia|2\/100\n|move|p1a: Mia|Moonblast|p2a: Poke\n|-damage|p2a: Poke|0 fnt\n|faint|p2a: Poke\n|\n|-heal|p1a: Mia|8\/100|[from] item: Leftovers\n|upkeep\n|\n|t:|1700632915\n|switch|p2a: Plush|Banette, F|100\/100\n|-damage|p2a: Plush|88\/100|[from] Stealth Rock\n|turn|10\n|\n|t:|1700632921\n|detailschange|p2a: Plush|Banette-Mega, F\n|-mega|p2a: Plush|Banette|Banettite\n|move|p2a: Plush|Swords Dance|p2a: Plush\n|-boost|p2a: Plush|atk|2\n|move|p1a: Mia|Scald|p2a: Plush\n|-damage|p2a: Plush|57\/100\n|\n|-heal|p1a: Mia|14\/100|[from] item: Leftovers\n|-fieldend|Misty Terrain\n|upkeep\n|turn|11\n|\n|t:|1700632937\n|move|p2a: Plush|Sucker Punch|p1a: Mia\n|-resisted|p1a: Mia\n|-damage|p1a: Mia|0 fnt\n|faint|p1a: Mia\n|\n|upkeep\n|\n|t:|1700632947\n|switch|p1a: Shiftry|Shiftry, M|100\/100\n|turn|12\n|\n|t:|1700632952\n|move|p1a: Shiftry|Tailwind|p1a: Shiftry\n|-sidestart|p1: RaxarOrod|move: Tailwind\n|-ability|p1a: Shiftry|Wind Rider|boost\n|-boost|p1a: Shiftry|atk|1\n|move|p2a: Plush|Poltergeist|p1a: Shiftry\n|-activate|p1a: Shiftry|move: Poltergeist|Focus Sash\n|-resisted|p1a: Shiftry\n|-enditem|p1a: Shiftry|Focus Sash\n|-damage|p1a: Shiftry|1\/100\n|\n|upkeep\n|turn|13\n|\n|t:|1700632963\n|move|p1a: Shiftry|Sucker Punch|p2a: Plush\n|-supereffective|p2a: Plush\n|-damage|p2a: Plush|0 fnt\n|faint|p2a: Plush\n|\n|upkeep\n|\n|t:|1700632968\n|switch|p2a: Me|Garchomp, M|100\/100\n|-damage|p2a: Me|94\/100|[from] Stealth Rock\n|turn|14\n|\n|t:|1700632976\n|move|p1a: Shiftry|Rock Slide|p2a: Me\n|-resisted|p2a: Me\n|-damage|p2a: Me|75\/100\n|move|p2a: Me|Stealth Rock|p1a: Shiftry\n|-sidestart|p1: RaxarOrod|move: Stealth Rock\n|\n|upkeep\n|turn|15\n|\n|t:|1700632985\n|move|p1a: Shiftry|Sucker Punch|p2a: Me\n|-damage|p2a: Me|22\/100\n|-damage|p1a: Shiftry|0 fnt|[from] ability: Rough Skin|[of] p2a: Me\n|faint|p1a: Shiftry\n|move|p2a: Me|Scale Shot|p1: Shiftry|[notarget]\n|-fail|p2a: Me\n|\n|-sideend|p1: RaxarOrod|move: Tailwind\n|upkeep\n|\n|t:|1700632994\n|switch|p1a: Chara|Iron Valiant, shiny|100\/100\n|-damage|p1a: Chara|94\/100|[from] Stealth Rock\n|turn|16\n|j| Oakin64\n|\n|t:|1700633000\n|move|p1a: Chara|Ice Punch|p2a: Me\n|-supereffective|p2a: Me\n|-damage|p2a: Me|0 fnt\n|-damage|p1a: Chara|82\/100|[from] ability: Rough Skin|[of] p2a: Me\n|-damage|p1a: Chara|65\/100|[from] item: Rocky Helmet|[of] p2a: Me\n|faint|p2a: Me\n|\n|upkeep\n|\n|t:|1700633003\n|switch|p2a: Im here...|Greninja, M|100\/100\n|-damage|p2a: Im here...|88\/100|[from] Stealth Rock\n|turn|17\n|\n|t:|1700633014\n|-end|p1a: Chara|Quark Drive|[silent]\n|switch|p1a: Magnezone|Magnezone, shiny|100\/100\n|-damage|p1a: Magnezone|94\/100|[from] Stealth Rock\n|-item|p1a: Magnezone|Air Balloon\n|move|p2a: Im here...|Hydro Pump|p1a: Magnezone|[miss]\n|-miss|p2a: Im here...|p1a: Magnezone\n|\n|upkeep\n|turn|18\n|\n|t:|1700633028\n|switch|p2a: Sick them!|Arcanine-Hisui, M|59\/100\n|-damage|p2a: Sick them!|34\/100|[from] Stealth Rock\n|move|p1a: Magnezone|Thunder Wave|p2a: Sick them!\n|-status|p2a: Sick them!|par\n|\n|upkeep\n|turn|19\n|\n|t:|1700633035\n|move|p2a: Sick them!|Flare Blitz|p1a: Magnezone\n|-supereffective|p1a: Magnezone\n|-damage|p1a: Magnezone|0 fnt\n|-enditem|p1a: Magnezone|Air Balloon\n|faint|p1a: Magnezone\n|\n|upkeep\n|\n|t:|1700633042\n|switch|p1a: Chara|Iron Valiant, shiny|65\/100\n|-damage|p1a: Chara|59\/100|[from] Stealth Rock\n|turn|20\n|\n|t:|1700633050\n|move|p1a: Chara|Spirit Break|p2a: Sick them!\n|-resisted|p2a: Sick them!\n|-damage|p2a: Sick them!|10\/100 par\n|-unboost|p2a: Sick them!|spa|1\n|move|p2a: Sick them!|Flare Blitz|p1a: Chara\n|-damage|p1a: Chara|0 fnt\n|faint|p1a: Chara\n|-end|p1a: Chara|Quark Drive|[silent]\n|\n|upkeep\n|\n|t:|1700633062\n|switch|p1a: Ninjask|Ninjask, M|85\/100\n|-damage|p1a: Ninjask|35\/100|[from] Stealth Rock\n|turn|21\n|\n|t:|1700633072\n|move|p1a: Ninjask|Dual Wingbeat|p2a: Sick them!\n|-resisted|p2a: Sick them!\n|-damage|p2a: Sick them!|0 fnt\n|faint|p2a: Sick them!\n|-hitcount|p2: Sick them!|1\n|\n|-ability|p1a: Ninjask|Speed Boost|boost\n|-boost|p1a: Ninjask|spe|1\n|upkeep\n|\n|t:|1700633075\n|switch|p2a: Im here...|Greninja, M|88\/100\n|-damage|p2a: Im here...|76\/100|[from] Stealth Rock\n|turn|22\n|\n|t:|1700633085\n|move|p1a: Ninjask|Protect|p1a: Ninjask\n|-singleturn|p1a: Ninjask|Protect\n|move|p2a: Im here...|Ice Beam|p1a: Ninjask\n|-activate|p1a: Ninjask|move: Protect\n|\n|-ability|p1a: Ninjask|Speed Boost|boost\n|-boost|p1a: Ninjask|spe|1\n|upkeep\n|turn|23\n|\n|t:|1700633093\n|move|p1a: Ninjask|Dual Wingbeat|p2a: Im here...\n|-damage|p2a: Im here...|43\/100\n|-damage|p2a: Im here...|13\/100\n|-hitcount|p2a: Im here...|2\n|move|p2a: Im here...|Ice Beam|p1a: Ninjask\n|-supereffective|p1a: Ninjask\n|-damage|p1a: Ninjask|0 fnt\n|faint|p1a: Ninjask\n|-ability|p2a: Im here...|Battle Bond|boost\n|-boost|p2a: Im here...|atk|1\n|-boost|p2a: Im here...|spa|1\n|-boost|p2a: Im here...|spe|1\n|-activate|p2a: Im here...|ability: Battle Bond\n|\n|upkeep\n|\n|t:|1700633104\n|switch|p1a: GivemeyourJuice|Cradily, F, shiny|79\/100\n|-damage|p1a: GivemeyourJuice|67\/100|[from] Stealth Rock\n|turn|24\n|\n|t:|1700633110\n|move|p1a: GivemeyourJuice|Protect|p1a: GivemeyourJuice\n|-singleturn|p1a: GivemeyourJuice|Protect\n|move|p2a: Im here...|Ice Beam|p1a: GivemeyourJuice\n|-activate|p1a: GivemeyourJuice|move: Protect\n|\n|upkeep\n|turn|25\n|\n|t:|1700633116\n|move|p2a: Im here...|Ice Beam|p1a: GivemeyourJuice\n|-supereffective|p1a: GivemeyourJuice\n|-damage|p1a: GivemeyourJuice|10\/100\n|move|p1a: GivemeyourJuice|Earth Power|p2a: Im here...\n|-damage|p2a: Im here...|0 fnt\n|faint|p2a: Im here...\n|\n|win|RaxarOrod\n|l|\u2606RaxarOrod\n|l| VantaZack\n|l| Vraptor249\n","uploadtime":1700633134,"views":1,"p1id":"raxarorod","p2id":"igphhangout","formatid":"gen9nationaldexubers","rating":0,"private":0,"password":""}