{"id":"gen9nationaldexubers-1985538953","p1":"JjjjjjjjFd","p2":"kirbozoooooooo","format":"[Gen 9] National Dex Ubers","log":"|j|\u2606JjjjjjjjFd\n|j|\u2606kirbozoooooooo\n|t:|1699382914\n|gametype|singles\n|player|p1|JjjjjjjjFd|1|1143\n|player|p2|kirbozoooooooo|steven|1196\n|teamsize|p1|6\n|teamsize|p2|6\n|gen|9\n|tier|[Gen 9] National Dex Ubers\n|rated|\n|rule|HP Percentage Mod: HP is shown in percentages\n|rule|Endless Battle Clause: Forcing endless battles is banned\n|rule|OHKO Clause: OHKO moves are banned\n|rule|Evasion Moves Clause: Evasion moves are banned\n|rule|Evasion Items Clause: Evasion items are banned\n|rule|Species Clause: Limit one of each Pok\u00e9mon\n|rule|Sleep Clause Mod: Limit one foe put to sleep\n|rule|Mega Rayquaza Clause: You cannot mega evolve Rayquaza\n|clearpoke\n|poke|p1|Zygarde-10%|\n|poke|p1|Marshadow|\n|poke|p1|Garchomp, M|\n|poke|p1|Armarouge, M|\n|poke|p1|Scizor, M|\n|poke|p1|Dipplin, M|\n|poke|p2|Regieleki|\n|poke|p2|Garchomp, M|\n|poke|p2|Blaziken, M|\n|poke|p2|Groudon|\n|poke|p2|Melmetal|\n|poke|p2|Golurk|\n|teampreview\n|inactive|Battle timer is ON: inactive players will automatically lose when time's up. (requested by kirbozoooooooo)\n|\n|t:|1699382921\n|start\n|switch|p1a: Scizor|Scizor, M|100\/100\n|switch|p2a: The rock|Golurk, shiny|100\/100\n|turn|1\n|\n|t:|1699382931\n|-terastallize|p2a: The rock|Psychic\n|move|p2a: The rock|Dynamic Punch|p1a: Scizor\n|-damage|p1a: Scizor|65\/100\n|-start|p1a: Scizor|confusion\n|-activate|p1a: Scizor|confusion\n|move|p1a: Scizor|Dual Wingbeat|p2a: The rock\n|-damage|p2a: The rock|73\/100\n|-damage|p2a: The rock|48\/100\n|-hitcount|p2a: The rock|2\n|\n|-heal|p2a: The rock|53\/100|[from] item: Leftovers\n|upkeep\n|turn|2\n|\n|t:|1699382946\n|move|p2a: The rock|Mega Kick|p1a: Scizor\n|-resisted|p1a: Scizor\n|-damage|p1a: Scizor|44\/100\n|-end|p1a: Scizor|confusion\n|move|p1a: Scizor|X-Scissor|p2a: The rock\n|-supereffective|p2a: The rock\n|-damage|p2a: The rock|0 fnt\n|faint|p2a: The rock\n|\n|upkeep\n|\n|t:|1699382958\n|switch|p2a: thecoolerblaziken|Blaziken, M, shiny|100\/100\n|turn|3\n|\n|t:|1699382963\n|switch|p1a: Garchomp|Garchomp, M|100\/100\n|detailschange|p2a: thecoolerblaziken|Blaziken-Mega, M, shiny\n|-mega|p2a: thecoolerblaziken|Blaziken|Blazikenite\n|move|p2a: thecoolerblaziken|Blaze Kick|p1a: Garchomp\n|-resisted|p1a: Garchomp\n|-damage|p1a: Garchomp|75\/100\n|-damage|p2a: thecoolerblaziken|88\/100|[from] ability: Rough Skin|[of] p1a: Garchomp\n|\n|-ability|p2a: thecoolerblaziken|Speed Boost|boost\n|-boost|p2a: thecoolerblaziken|spe|1\n|upkeep\n|turn|4\n|\n|t:|1699382973\n|detailschange|p1a: Garchomp|Garchomp-Mega, M\n|-mega|p1a: Garchomp|Garchomp|Garchompite\n|move|p2a: thecoolerblaziken|High Jump Kick|p1a: Garchomp\n|-damage|p1a: Garchomp|6\/100\n|move|p1a: Garchomp|Earthquake|p2a: thecoolerblaziken\n|-supereffective|p2a: thecoolerblaziken\n|-damage|p2a: thecoolerblaziken|0 fnt\n|faint|p2a: thecoolerblaziken\n|\n|upkeep\n|\n|t:|1699382987\n|switch|p2a: Gar|Garchomp, M, shiny|100\/100\n|turn|5\n|\n|t:|1699382992\n|move|p2a: Gar|Dragon Claw|p1a: Garchomp\n|-supereffective|p1a: Garchomp\n|-damage|p1a: Garchomp|0 fnt\n|faint|p1a: Garchomp\n|\n|upkeep\n|\n|t:|1699382996\n|switch|p1a: Dipplin|Dipplin, M|100\/100\n|-ability|p1a: Dipplin|Supersweet Syrup\n|-ability|p1a: Dipplin|Supersweet Syrup|boost\n|-unboost|p2a: Gar|evasion|1\n|turn|6\n|\n|t:|1699383004\n|move|p2a: Gar|Fire Blast|p1a: Dipplin\n|-damage|p1a: Dipplin|77\/100\n|move|p1a: Dipplin|Dragon Pulse|p2a: Gar\n|-supereffective|p2a: Gar\n|-damage|p2a: Gar|3\/100\n|\n|upkeep\n|turn|7\n|\n|t:|1699383012\n|move|p2a: Gar|Dragon Claw|p1a: Dipplin\n|-supereffective|p1a: Dipplin\n|-damage|p1a: Dipplin|3\/100\n|move|p1a: Dipplin|Dragon Pulse|p2a: Gar\n|-supereffective|p2a: Gar\n|-damage|p2a: Gar|0 fnt\n|faint|p2a: Gar\n|\n|upkeep\n|\n|t:|1699383033\n|switch|p2a: got to go fast|Regieleki|100\/100\n|turn|8\n|\n|t:|1699383040\n|move|p2a: got to go fast|Extreme Speed|p1a: Dipplin\n|-damage|p1a: Dipplin|0 fnt\n|faint|p1a: Dipplin\n|\n|upkeep\n|\n|t:|1699383046\n|switch|p1a: Zygarde|Zygarde-10%|100\/100\n|turn|9\n|\n|t:|1699383052\n|switch|p2a: firey boi Primal|Groudon, shiny|100\/100\n|detailschange|p2a: firey boi Primal|Groudon-Primal, shiny\n|-primal|p2a: firey boi Primal|Red Orb\n|-weather|DesolateLand|[from] ability: Desolate Land|[of] p2a: firey boi Primal\n|move|p1a: Zygarde|Scorching Sands|p2a: firey boi Primal\n|-supereffective|p2a: firey boi Primal\n|-damage|p2a: firey boi Primal|44\/100\n|\n|-weather|DesolateLand|[upkeep]\n|upkeep\n|turn|10\n|\n|t:|1699383061\n|move|p2a: firey boi Primal|Precipice Blades|p1a: Zygarde\n|-damage|p1a: Zygarde|0 fnt\n|faint|p1a: Zygarde\n|\n|-weather|DesolateLand|[upkeep]\n|upkeep\n|\n|t:|1699383065\n|switch|p1a: Armarouge|Armarouge, M, shiny|100\/100\n|turn|11\n|\n|t:|1699383080\n|move|p2a: firey boi Primal|Precipice Blades|p1a: Armarouge|[miss]\n|-miss|p2a: firey boi Primal|p1a: Armarouge\n|move|p1a: Armarouge|Psychic|p2a: firey boi Primal\n|-damage|p2a: firey boi Primal|0 fnt\n|faint|p2a: firey boi Primal\n|-weather|none\n|\n|upkeep\n|\n|t:|1699383086\n|switch|p2a: got to go fast|Regieleki|100\/100\n|turn|12\n|\n|t:|1699383091\n|move|p2a: got to go fast|Thunderbolt|p1a: Armarouge\n|-damage|p1a: Armarouge|70\/100\n|-status|p1a: Armarouge|par\n|move|p1a: Armarouge|Armor Cannon|p2a: got to go fast\n|-crit|p2a: got to go fast\n|-enditem|p2a: got to go fast|Focus Sash\n|-damage|p2a: got to go fast|1\/100\n|-unboost|p1a: Armarouge|def|1\n|-unboost|p1a: Armarouge|spd|1\n|\n|upkeep\n|turn|13\n|\n|t:|1699383106\n|move|p2a: got to go fast|Light Screen|p2a: got to go fast\n|-sidestart|p2: kirbozoooooooo|move: Light Screen\n|move|p1a: Armarouge|Psychic|p2a: got to go fast\n|-damage|p2a: got to go fast|0 fnt\n|faint|p2a: got to go fast\n|\n|upkeep\n|\n|t:|1699383120\n|switch|p2a: metal boi|Melmetal|100\/100\n|turn|14\n|\n|t:|1699383125\n|move|p2a: metal boi|Double Iron Bash|p1a: Armarouge\n|-resisted|p1a: Armarouge\n|-damage|p1a: Armarouge|39\/100 par\n|-resisted|p1a: Armarouge\n|-damage|p1a: Armarouge|9\/100 par\n|-hitcount|p1a: Armarouge|2\n|cant|p1a: Armarouge|flinch\n|\n|upkeep\n|turn|15\n|\n|t:|1699383134\n|switch|p1a: Marshadow|Marshadow|100\/100\n|move|p2a: metal boi|Double Iron Bash|p1a: Marshadow\n|-damage|p1a: Marshadow|60\/100\n|-damage|p1a: Marshadow|17\/100\n|-hitcount|p1a: Marshadow|2\n|\n|upkeep\n|turn|16\n|\n|t:|1699383141\n|move|p1a: Marshadow|Drain Punch|p2a: metal boi\n|-supereffective|p2a: metal boi\n|-damage|p2a: metal boi|63\/100\n|-heal|p1a: Marshadow|45\/100|[from] drain|[of] p2a: metal boi\n|move|p2a: metal boi|Double Iron Bash|p1a: Marshadow\n|-damage|p1a: Marshadow|2\/100\n|-damage|p1a: Marshadow|0 fnt\n|faint|p1a: Marshadow\n|-hitcount|p1: Marshadow|2\n|\n|upkeep\n|\n|t:|1699383150\n|switch|p1a: Scizor|Scizor, M|44\/100\n|turn|17\n|\n|t:|1699383156\n|-terastallize|p1a: Scizor|Fighting\n|move|p1a: Scizor|Close Combat|p2a: metal boi\n|-supereffective|p2a: metal boi\n|-damage|p2a: metal boi|0 fnt\n|-unboost|p1a: Scizor|def|1\n|-unboost|p1a: Scizor|spd|1\n|faint|p2a: metal boi\n|\n|win|JjjjjjjjFd\n|raw|JjjjjjjjFd's rating: 1143 &rarr; <strong>1172<\/strong><br \/>(+29 for winning)\n|raw|kirbozoooooooo's rating: 1196 &rarr; <strong>1167<\/strong><br \/>(-29 for losing)\n|l|\u2606kirbozoooooooo\n","uploadtime":1699383165,"views":4,"p1id":"jjjjjjjjfd","p2id":"kirbozoooooooo","formatid":"gen9nationaldexubers","rating":1167,"private":0,"password":""}