{"id":"gen9nationaldexubers-1981170404","p1":"Ikefire","p2":"XCOLDSTAR47","format":"[Gen 9] National Dex Ubers","log":"|j|\u2606Ikefire\n|j|\u2606XCOLDSTAR47\n|t:|1698869329\n|gametype|singles\n|player|p1|Ikefire|guzma|\n|player|p2|XCOLDSTAR47|lyra-masters2|\n|teamsize|p1|6\n|teamsize|p2|6\n|gen|9\n|tier|[Gen 9] National Dex Ubers\n|rule|HP Percentage Mod: HP is shown in percentages\n|rule|Endless Battle Clause: Forcing endless battles is banned\n|rule|OHKO Clause: OHKO moves are banned\n|rule|Evasion Moves Clause: Evasion moves are banned\n|rule|Evasion Items Clause: Evasion items are banned\n|rule|Species Clause: Limit one of each Pok\u00e9mon\n|rule|Sleep Clause Mod: Limit one foe put to sleep\n|rule|Mega Rayquaza Clause: You cannot mega evolve Rayquaza\n|clearpoke\n|poke|p1|Urshifu-*, M|\n|poke|p1|Gardevoir, F|\n|poke|p1|Kartana|\n|poke|p1|Iron Treads|\n|poke|p1|Darmanitan-Galar, M|\n|poke|p1|Pawmot, M|\n|poke|p2|Dialga-Origin|\n|poke|p2|Shaymin|\n|poke|p2|Cobalion|\n|poke|p2|Golisopod, M|\n|poke|p2|Cresselia, F|\n|poke|p2|Kangaskhan, F|\n|teampreview\n|\n|t:|1698869356\n|start\n|switch|p1a: The Ape|Darmanitan-Galar, M, shiny|100\/100\n|switch|p2a: Cobalion|Cobalion|100\/100\n|turn|1\n|\n|t:|1698869364\n|move|p1a: The Ape|Flare Blitz|p2a: Cobalion\n|-supereffective|p2a: Cobalion\n|-damage|p2a: Cobalion|15\/100\n|-damage|p1a: The Ape|69\/100|[from] Recoil\n|-damage|p1a: The Ape|59\/100|[from] item: Life Orb\n|move|p2a: Cobalion|Thunder Wave|p1a: The Ape\n|-status|p1a: The Ape|par\n|\n|-heal|p2a: Cobalion|21\/100|[from] item: Leftovers\n|upkeep\n|turn|2\n|\n|t:|1698869373\n|move|p2a: Cobalion|Sacred Sword|p1a: The Ape\n|-supereffective|p1a: The Ape\n|-damage|p1a: The Ape|0 fnt\n|faint|p1a: The Ape\n|\n|-heal|p2a: Cobalion|27\/100|[from] item: Leftovers\n|upkeep\n|\n|t:|1698869391\n|switch|p1a: Anatrak|Kartana, shiny|100\/100\n|turn|3\n|\n|t:|1698869399\n|switch|p2a: Dialga|Dialga-Origin, shiny|100\/100\n|-ability|p2a: Dialga|Pressure\n|move|p1a: Anatrak|Psycho Cut|p2a: Dialga\n|-resisted|p2a: Dialga\n|-damage|p2a: Dialga|90\/100\n|\n|upkeep\n|turn|4\n|\n|t:|1698869418\n|switch|p1a: Tonka|Iron Treads, shiny|100\/100\n|move|p2a: Dialga|Flamethrower|p1a: Tonka\n|-supereffective|p1a: Tonka\n|-damage|p1a: Tonka|56\/100\n|\n|upkeep\n|turn|5\n|\n|t:|1698869428\n|move|p1a: Tonka|Earthquake|p2a: Dialga\n|-supereffective|p2a: Dialga\n|-damage|p2a: Dialga|38\/100\n|move|p2a: Dialga|Flamethrower|p1a: Tonka\n|-supereffective|p1a: Tonka\n|-damage|p1a: Tonka|14\/100\n|\n|upkeep\n|turn|6\n|\n|t:|1698869434\n|move|p1a: Tonka|Earthquake|p2a: Dialga\n|-supereffective|p2a: Dialga\n|-damage|p2a: Dialga|0 fnt\n|faint|p2a: Dialga\n|\n|upkeep\n|\n|t:|1698869440\n|switch|p2a: Golisopod|Golisopod, M|100\/100\n|turn|7\n|\n|t:|1698869445\n|move|p2a: Golisopod|Aqua Jet|p1a: Tonka\n|-supereffective|p1a: Tonka\n|-damage|p1a: Tonka|0 fnt\n|faint|p1a: Tonka\n|-end|p1a: Tonka|Quark Drive|[silent]\n|\n|upkeep\n|\n|t:|1698869460\n|switch|p1a: The Handler|Pawmot, M|100\/100\n|turn|8\n|\n|t:|1698869464\n|move|p1a: The Handler|Revival Blessing|p1a: The Handler\n|\n|t:|1698869466\n|-heal|p1: The Ape|50\/100|[from] move: Revival Blessing\n|move|p2a: Golisopod|Leech Life|p1a: The Handler\n|-resisted|p1a: The Handler\n|-damage|p1a: The Handler|64\/100\n|\n|upkeep\n|turn|9\n|\n|t:|1698869473\n|move|p1a: The Handler|Double Shock|p2a: Golisopod\n|-supereffective|p2a: Golisopod\n|-damage|p2a: Golisopod|19\/100\n|-start|p1a: The Handler|typechange|???\/Fighting|[from] move: Double Shock\n|-activate|p2a: Golisopod|ability: Emergency Exit\n|\n|t:|1698869476\n|switch|p2a: Shaymin|Shaymin|100\/100\n|\n|upkeep\n|turn|10\n|\n|t:|1698869482\n|move|p1a: The Handler|Knock Off|p2a: Shaymin\n|-damage|p2a: Shaymin|72\/100\n|-enditem|p2a: Shaymin|Choice Specs|[from] move: Knock Off|[of] p1a: The Handler\n|move|p2a: Shaymin|Seed Flare|p1a: The Handler\n|-damage|p1a: The Handler|0 fnt\n|faint|p1a: The Handler\n|\n|upkeep\n|\n|t:|1698869492\n|switch|p1a: The Ape|Darmanitan-Galar, M, shiny|50\/100\n|turn|11\n|\n|t:|1698869499\n|switch|p2a: Cresselia|Cresselia, F|100\/100\n|move|p1a: The Ape|U-turn|p2a: Cresselia\n|-supereffective|p2a: Cresselia\n|-damage|p2a: Cresselia|50\/100\n|-damage|p1a: The Ape|40\/100|[from] item: Life Orb\n|\n|t:|1698869520\n|switch|p1a: Kana|Gardevoir, F, shiny|100\/100|[from] U-turn\n|-ability|p1a: Kana|Levitate|[from] ability: Trace|[of] p2a: Cresselia\n|\n|-heal|p2a: Cresselia|56\/100|[from] item: Leftovers\n|upkeep\n|turn|12\n|\n|t:|1698869530\n|detailschange|p1a: Kana|Gardevoir-Mega, F, shiny\n|-mega|p1a: Kana|Gardevoir|Gardevoirite\n|move|p1a: Kana|Hyper Voice|p2a: Cresselia\n|-damage|p2a: Cresselia|25\/100\n|move|p2a: Cresselia|Toxic|p1a: Kana\n|-status|p1a: Kana|tox\n|\n|-heal|p2a: Cresselia|31\/100|[from] item: Leftovers\n|-damage|p1a: Kana|94\/100 tox|[from] psn\n|upkeep\n|turn|13\n|\n|t:|1698869541\n|move|p2a: Cresselia|Protect|p2a: Cresselia\n|-singleturn|p2a: Cresselia|Protect\n|move|p1a: Kana|Hyper Voice|p2a: Cresselia\n|-activate|p2a: Cresselia|move: Protect\n|\n|-heal|p2a: Cresselia|37\/100|[from] item: Leftovers\n|-damage|p1a: Kana|82\/100 tox|[from] psn\n|upkeep\n|turn|14\n|\n|t:|1698869549\n|move|p1a: Kana|Hyper Voice|p2a: Cresselia\n|-damage|p2a: Cresselia|7\/100\n|move|p2a: Cresselia|Moonlight|p2a: Cresselia\n|-heal|p2a: Cresselia|57\/100\n|\n|-heal|p2a: Cresselia|63\/100|[from] item: Leftovers\n|-damage|p1a: Kana|64\/100 tox|[from] psn\n|upkeep\n|turn|15\n|\n|t:|1698869562\n|switch|p1a: The Ape|Darmanitan-Galar, M, shiny|40\/100\n|move|p2a: Cresselia|Toxic|p1a: The Ape\n|-status|p1a: The Ape|tox\n|\n|-heal|p2a: Cresselia|69\/100|[from] item: Leftovers\n|-damage|p1a: The Ape|34\/100 tox|[from] psn\n|-formechange|p1a: The Ape|Darmanitan-Galar-Zen|\n|upkeep\n|turn|16\n|\n|t:|1698869572\n|move|p2a: Cresselia|Protect|p2a: Cresselia\n|-singleturn|p2a: Cresselia|Protect\n|move|p1a: The Ape|Flare Blitz|p2a: Cresselia\n|-activate|p2a: Cresselia|move: Protect\n|\n|-heal|p2a: Cresselia|75\/100|[from] item: Leftovers\n|-damage|p1a: The Ape|22\/100 tox|[from] psn\n|upkeep\n|turn|17\n|\n|t:|1698869585\n|move|p1a: The Ape|Flare Blitz|p2a: Cresselia\n|-damage|p2a: Cresselia|3\/100\n|-damage|p1a: The Ape|0 fnt|[from] Recoil\n|faint|p1a: The Ape\n|move|p2a: Cresselia|Moonlight|p2a: Cresselia\n|-heal|p2a: Cresselia|53\/100\n|\n|-heal|p2a: Cresselia|59\/100|[from] item: Leftovers\n|upkeep\n|c|\u2606Ikefire|God fucking damnit\n|\n|t:|1698869599\n|switch|p1a: Anatrak|Kartana, shiny|100\/100\n|turn|18\n|\n|t:|1698869608\n|move|p2a: Cresselia|Protect|p2a: Cresselia\n|-singleturn|p2a: Cresselia|Protect\n|move|p1a: Anatrak|Leaf Blade|p2a: Cresselia\n|-activate|p2a: Cresselia|move: Protect\n|\n|-heal|p2a: Cresselia|65\/100|[from] item: Leftovers\n|upkeep\n|turn|19\n|\n|t:|1698869617\n|move|p1a: Anatrak|Leaf Blade|p2a: Cresselia\n|-damage|p2a: Cresselia|20\/100\n|move|p2a: Cresselia|Lunar Dance|p2a: Cresselia\n|faint|p2a: Cresselia\n|\n|upkeep\n|\n|t:|1698869624\n|switch|p2a: Shaymin|Shaymin|72\/100\n|-heal|p2a: Shaymin|100\/100|[from] move: Lunar Dance\n|turn|20\n|\n|t:|1698869631\n|switch|p1a: Kana|Gardevoir-Mega, F, shiny|64\/100 tox\n|move|p2a: Shaymin|Seed Flare|p1a: Kana\n|-damage|p1a: Kana|14\/100 tox\n|\n|-damage|p1a: Kana|8\/100 tox|[from] psn\n|upkeep\n|turn|21\n|\n|t:|1698869643\n|switch|p2a: Cobalion|Cobalion|27\/100\n|move|p1a: Kana|Hyper Voice|p2a: Cobalion\n|-damage|p2a: Cobalion|0 fnt\n|faint|p2a: Cobalion\n|\n|-damage|p1a: Kana|0 fnt|[from] psn\n|faint|p1a: Kana\n|upkeep\n|\n|t:|1698869658\n|switch|p1a: Anatrak|Kartana, shiny|100\/100\n|switch|p2a: Golisopod|Golisopod, M|19\/100\n|turn|22\n|\n|t:|1698869680\n|move|p2a: Golisopod|Aqua Jet|p1a: Anatrak\n|-resisted|p1a: Anatrak\n|-damage|p1a: Anatrak|88\/100\n|move|p1a: Anatrak|Psycho Cut|p2a: Golisopod\n|-damage|p2a: Golisopod|0 fnt\n|faint|p2a: Golisopod\n|-ability|p1a: Anatrak|Beast Boost|boost\n|-boost|p1a: Anatrak|atk|1\n|\n|upkeep\n|\n|t:|1698869686\n|switch|p2a: Kangaskhan|Kangaskhan, F|100\/100\n|turn|23\n|\n|t:|1698869693\n|detailschange|p2a: Kangaskhan|Kangaskhan-Mega, F\n|-mega|p2a: Kangaskhan|Kangaskhan|Kangaskhanite\n|move|p1a: Anatrak|Psycho Cut|p2a: Kangaskhan\n|-damage|p2a: Kangaskhan|54\/100\n|move|p2a: Kangaskhan|Drain Punch|p1a: Anatrak\n|-supereffective|p1a: Anatrak\n|-damage|p1a: Anatrak|37\/100\n|-heal|p2a: Kangaskhan|73\/100|[from] drain|[of] p1a: Anatrak\n|-supereffective|p1a: Anatrak\n|-damage|p1a: Anatrak|24\/100\n|-heal|p2a: Kangaskhan|78\/100|[from] drain|[of] p1a: Anatrak\n|-hitcount|p1a: Anatrak|2\n|\n|upkeep\n|turn|24\n|\n|t:|1698869703\n|move|p1a: Anatrak|Psycho Cut|p2a: Kangaskhan\n|-damage|p2a: Kangaskhan|33\/100\n|move|p2a: Kangaskhan|Power-Up Punch|p1a: Anatrak\n|-supereffective|p1a: Anatrak\n|-damage|p1a: Anatrak|0 fnt\n|-boost|p2a: Kangaskhan|atk|1\n|faint|p1a: Anatrak\n|-hitcount|p1: Anatrak|1\n|\n|upkeep\n|\n|t:|1698869710\n|switch|p1a: Randle|Urshifu-Rapid-Strike, M|100\/100\n|turn|25\n|\n|t:|1698869721\n|move|p2a: Kangaskhan|Body Slam|p1a: Randle\n|-damage|p1a: Randle|39\/100\n|-status|p1a: Randle|par\n|-damage|p1a: Randle|22\/100 par\n|-hitcount|p1a: Randle|2\n|move|p1a: Randle|Surging Strikes|p2a: Kangaskhan\n|-crit|p2a: Kangaskhan\n|-damage|p2a: Kangaskhan|8\/100\n|-crit|p2a: Kangaskhan\n|-damage|p2a: Kangaskhan|0 fnt\n|faint|p2a: Kangaskhan\n|-hitcount|p2: Kangaskhan|2\n|\n|upkeep\n|\n|t:|1698869729\n|switch|p2a: Shaymin|Shaymin|100\/100\n|turn|26\n|c|\u2606Ikefire|Of course\n|c|\u2606Ikefire|Well gg\n|\n|t:|1698869739\n|move|p2a: Shaymin|Seed Flare|p1a: Randle\n|-supereffective|p1a: Randle\n|-damage|p1a: Randle|0 fnt\n|faint|p1a: Randle\n|\n|win|XCOLDSTAR47\n|l|\u2606XCOLDSTAR47\n|c|\u2606Ikefire|I brought ice spinner for that as well\n","uploadtime":1698869792,"views":12,"p1id":"ikefire","p2id":"xcoldstar47","formatid":"gen9nationaldexubers","rating":0,"private":0,"password":""}