{"id":"gen9nationaldexubers-1993490278","p1":"Xelemental 4ever","p2":"Peladiyo1","format":"[Gen 9] National Dex Ubers","log":"|j|\u2606Xelemental 4ever\n|j|\u2606Peladiyo1\n|t:|1700324126\n|gametype|singles\n|player|p1|Xelemental 4ever|1|\n|player|p2|Peladiyo1|102|\n|teamsize|p1|6\n|teamsize|p2|6\n|gen|9\n|tier|[Gen 9] National Dex Ubers\n|rule|HP Percentage Mod: HP is shown in percentages\n|rule|Endless Battle Clause: Forcing endless battles is banned\n|rule|OHKO Clause: OHKO moves are banned\n|rule|Evasion Moves Clause: Evasion moves are banned\n|rule|Evasion Items Clause: Evasion items are banned\n|rule|Species Clause: Limit one of each Pok\u00e9mon\n|rule|Sleep Clause Mod: Limit one foe put to sleep\n|rule|Mega Rayquaza Clause: You cannot mega evolve Rayquaza\n|clearpoke\n|poke|p1|Flutter Mane|\n|poke|p1|Vikavolt, F|\n|poke|p1|Absol, F|\n|poke|p1|Cherrim, M|\n|poke|p1|Sandy Shocks|\n|poke|p1|Mismagius, F|\n|poke|p2|Kartana|\n|poke|p2|Zangoose, M|\n|poke|p2|Vaporeon, F|\n|poke|p2|Obstagoon, M|\n|poke|p2|Lopunny, F|\n|poke|p2|Bouffalant, F|\n|teampreview\n|c|\u2606Peladiyo1|por si acaso y cuenta el combate buena suerte\n|c|\u2606Xelemental 4ever|Que gane el mejor y el m\u00e1s suertudo\n|\n|t:|1700324167\n|start\n|switch|p1a: Mismagius|Mismagius, F|100\/100\n|switch|p2a: Obstagoon|Obstagoon, M|100\/100\n|turn|1\n|\n|t:|1700324184\n|move|p1a: Mismagius|Thunder Wave|p2a: Obstagoon\n|-status|p2a: Obstagoon|par\n|move|p2a: Obstagoon|Knock Off|p1a: Mismagius\n|-supereffective|p1a: Mismagius\n|-enditem|p1a: Mismagius|Focus Sash\n|-damage|p1a: Mismagius|1\/100\n|\n|upkeep\n|turn|2\n|\n|t:|1700324199\n|move|p1a: Mismagius|Curse|p2a: Obstagoon\n|-start|p2a: Obstagoon|Curse|[of] p1a: Mismagius\n|-damage|p1a: Mismagius|0 fnt\n|faint|p1a: Mismagius\n|cant|p2a: Obstagoon|par\n|\n|-damage|p2a: Obstagoon|76\/100 par|[from] Curse\n|upkeep\n|\n|t:|1700324209\n|switch|p1a: Vikavolt|Vikavolt, F|100\/100\n|turn|3\n|\n|t:|1700324215\n|move|p2a: Obstagoon|Facade|p1a: Vikavolt\n|-damage|p1a: Vikavolt|12\/100\n|move|p1a: Vikavolt|Bug Buzz|p2a: Obstagoon\n|-supereffective|p2a: Obstagoon\n|-damage|p2a: Obstagoon|0 fnt\n|faint|p2a: Obstagoon\n|\n|upkeep\n|\n|t:|1700324223\n|switch|p2a: Lopunny|Lopunny, F|100\/100\n|turn|4\n|\n|t:|1700324231\n|detailschange|p2a: Lopunny|Lopunny-Mega, F\n|-mega|p2a: Lopunny|Lopunny|Lopunnite\n|move|p2a: Lopunny|Fake Out|p1a: Vikavolt\n|-damage|p1a: Vikavolt|0 fnt\n|faint|p1a: Vikavolt\n|\n|upkeep\n|\n|t:|1700324236\n|switch|p1a: Flutter Mane|Flutter Mane|100\/100\n|turn|5\n|\n|t:|1700324239\n|move|p1a: Flutter Mane|Moonblast|p2a: Lopunny\n|-supereffective|p2a: Lopunny\n|-damage|p2a: Lopunny|0 fnt\n|faint|p2a: Lopunny\n|\n|upkeep\n|\n|t:|1700324245\n|switch|p2a: Kartana|Kartana|100\/100\n|turn|6\n|\n|t:|1700324250\n|-end|p1a: Flutter Mane|Protosynthesis|[silent]\n|switch|p1a: Cherrim|Cherrim, M|100\/100\n|move|p2a: Kartana|Knock Off|p1a: Cherrim\n|-crit|p1a: Cherrim\n|-damage|p1a: Cherrim|3\/100\n|-enditem|p1a: Cherrim|Custap Berry|[from] move: Knock Off|[of] p2a: Kartana\n|\n|upkeep\n|turn|7\n|\n|t:|1700324260\n|move|p2a: Kartana|Knock Off|p1a: Cherrim\n|-damage|p1a: Cherrim|0 fnt\n|faint|p1a: Cherrim\n|-ability|p2a: Kartana|Beast Boost|boost\n|-boost|p2a: Kartana|atk|1\n|\n|upkeep\n|\n|t:|1700324275\n|switch|p1a: Absol|Absol, F|100\/100\n|-ability|p1a: Absol|Pressure\n|turn|8\n|\n|t:|1700324280\n|detailschange|p1a: Absol|Absol-Mega, F\n|-mega|p1a: Absol|Absol|Absolite\n|move|p1a: Absol|Flamethrower|p2a: Kartana\n|-supereffective|p2a: Kartana\n|-enditem|p2a: Kartana|Focus Sash\n|-damage|p2a: Kartana|1\/100\n|move|p2a: Kartana|Knock Off|p1a: Absol\n|-resisted|p1a: Absol\n|-damage|p1a: Absol|62\/100\n|\n|upkeep\n|turn|9\n|\n|t:|1700324293\n|move|p1a: Absol|Pursuit|p2a: Kartana\n|-damage|p2a: Kartana|0 fnt\n|faint|p2a: Kartana\n|\n|upkeep\n|\n|t:|1700324297\n|switch|p2a: Zangoose|Zangoose, M|100\/100\n|turn|10\n|\n|t:|1700324305\n|move|p2a: Zangoose|Protect|p2a: Zangoose\n|-singleturn|p2a: Zangoose|Protect\n|move|p1a: Absol|Close Combat|p2a: Zangoose\n|-activate|p2a: Zangoose|move: Protect\n|\n|-status|p2a: Zangoose|tox|[from] item: Toxic Orb\n|upkeep\n|turn|11\n|\n|t:|1700324315\n|switch|p1a: Flutter Mane|Flutter Mane|100\/100\n|-terastallize|p2a: Zangoose|Electric\n|move|p2a: Zangoose|Facade|p1a: Flutter Mane\n|-immune|p1a: Flutter Mane\n|\n|-damage|p2a: Zangoose|95\/100 tox|[from] psn\n|upkeep\n|turn|12\n|\n|t:|1700324323\n|switch|p2a: Bouffalant|Bouffalant, F|100\/100\n|move|p1a: Flutter Mane|Substitute|p1a: Flutter Mane\n|-start|p1a: Flutter Mane|Substitute\n|-damage|p1a: Flutter Mane|76\/100\n|\n|upkeep\n|turn|13\n|\n|t:|1700324333\n|-zpower|p1a: Flutter Mane\n|move|p1a: Flutter Mane|Continental Crush|p2a: Bouffalant|[zeffect]\n|-damage|p2a: Bouffalant|45\/100\n|move|p2a: Bouffalant|Wild Charge|p1a: Flutter Mane\n|-end|p1a: Flutter Mane|Substitute\n|-damage|p2a: Bouffalant|41\/100|[from] Recoil|[of] p1a: Flutter Mane\n|-damage|p2a: Bouffalant|31\/100|[from] item: Life Orb\n|\n|upkeep\n|turn|14\n|\n|t:|1700324345\n|-end|p1a: Flutter Mane|Protosynthesis|[silent]\n|switch|p1a: Sandy Shocks|Sandy Shocks|100\/100\n|switch|p2a: Vaporeon|Vaporeon, F|100\/100\n|\n|upkeep\n|turn|15\n|\n|t:|1700324353\n|switch|p2a: Zangoose|Zangoose, M, tera:Electric|95\/100 tox\n|move|p1a: Sandy Shocks|Discharge|p2a: Zangoose\n|-resisted|p2a: Zangoose\n|-damage|p2a: Zangoose|61\/100 tox\n|\n|-damage|p2a: Zangoose|55\/100 tox|[from] psn\n|upkeep\n|turn|16\n|\n|t:|1700324360\n|-end|p1a: Sandy Shocks|Protosynthesis|[silent]\n|switch|p1a: Flutter Mane|Flutter Mane|76\/100\n|move|p2a: Zangoose|Facade|p1a: Flutter Mane\n|-immune|p1a: Flutter Mane\n|\n|-damage|p2a: Zangoose|43\/100 tox|[from] psn\n|upkeep\n|turn|17\n|\n|t:|1700324369\n|switch|p2a: Vaporeon|Vaporeon, F|100\/100\n|move|p1a: Flutter Mane|Substitute|p1a: Flutter Mane\n|-start|p1a: Flutter Mane|Substitute\n|-damage|p1a: Flutter Mane|51\/100\n|\n|upkeep\n|turn|18\n|\n|t:|1700324374\n|move|p1a: Flutter Mane|Moonblast|p2a: Vaporeon\n|-crit|p2a: Vaporeon\n|-damage|p2a: Vaporeon|38\/100\n|-unboost|p2a: Vaporeon|spa|1\n|move|p2a: Vaporeon|Scald|p1a: Flutter Mane\n|-activate|p1a: Flutter Mane|move: Substitute|[damage]\n|\n|-heal|p2a: Vaporeon|44\/100|[from] item: Leftovers\n|upkeep\n|turn|19\n|\n|t:|1700324384\n|move|p2a: Vaporeon|Protect|p2a: Vaporeon\n|-singleturn|p2a: Vaporeon|Protect\n|move|p1a: Flutter Mane|Moonblast|p2a: Vaporeon\n|-activate|p2a: Vaporeon|move: Protect\n|\n|-heal|p2a: Vaporeon|50\/100|[from] item: Leftovers\n|upkeep\n|turn|20\n|\n|t:|1700324392\n|move|p1a: Flutter Mane|Moonblast|p2a: Vaporeon\n|-damage|p2a: Vaporeon|9\/100\n|move|p2a: Vaporeon|Wish|p2a: Vaporeon\n|\n|-heal|p2a: Vaporeon|15\/100|[from] item: Leftovers\n|upkeep\n|turn|21\n|\n|t:|1700324399\n|move|p2a: Vaporeon|Protect|p2a: Vaporeon\n|-singleturn|p2a: Vaporeon|Protect\n|move|p1a: Flutter Mane|Mystical Fire|p2a: Vaporeon\n|-activate|p2a: Vaporeon|move: Protect\n|\n|-heal|p2a: Vaporeon|65\/100|[from] move: Wish|[wisher] Vaporeon\n|-heal|p2a: Vaporeon|71\/100|[from] item: Leftovers\n|upkeep\n|turn|22\n|\n|t:|1700324407\n|move|p1a: Flutter Mane|Mystical Fire|p2a: Vaporeon\n|-resisted|p2a: Vaporeon\n|-damage|p2a: Vaporeon|60\/100\n|-unboost|p2a: Vaporeon|spa|1\n|move|p2a: Vaporeon|Scald|p1a: Flutter Mane\n|-end|p1a: Flutter Mane|Substitute\n|\n|-heal|p2a: Vaporeon|67\/100|[from] item: Leftovers\n|upkeep\n|turn|23\n|\n|t:|1700324416\n|move|p1a: Flutter Mane|Moonblast|p2a: Vaporeon\n|-damage|p2a: Vaporeon|30\/100\n|-unboost|p2a: Vaporeon|spa|1\n|move|p2a: Vaporeon|Wish|p2a: Vaporeon\n|\n|-heal|p2a: Vaporeon|36\/100|[from] item: Leftovers\n|upkeep\n|turn|24\n|\n|t:|1700324432\n|-end|p1a: Flutter Mane|Protosynthesis|[silent]\n|switch|p1a: Absol|Absol-Mega, F|62\/100\n|move|p2a: Vaporeon|Protect||[still]\n|-fail|p2a: Vaporeon\n|\n|-heal|p2a: Vaporeon|86\/100|[from] move: Wish|[wisher] Vaporeon\n|-heal|p2a: Vaporeon|92\/100|[from] item: Leftovers\n|upkeep\n|turn|25\n|\n|t:|1700324441\n|switch|p2a: Bouffalant|Bouffalant, F|31\/100\n|move|p1a: Absol|Knock Off|p2a: Bouffalant\n|-damage|p2a: Bouffalant|0 fnt\n|-enditem|p2a: Bouffalant|Life Orb|[from] move: Knock Off|[of] p1a: Absol\n|faint|p2a: Bouffalant\n|\n|upkeep\n|\n|t:|1700324451\n|switch|p2a: Zangoose|Zangoose, M, tera:Electric|43\/100 tox\n|turn|26\n|\n|t:|1700324459\n|switch|p2a: Vaporeon|Vaporeon, F|92\/100\n|move|p1a: Absol|Knock Off|p2a: Vaporeon\n|-damage|p2a: Vaporeon|50\/100\n|-enditem|p2a: Vaporeon|Leftovers|[from] move: Knock Off|[of] p1a: Absol\n|\n|upkeep\n|turn|27\n|\n|t:|1700324467\n|move|p1a: Absol|Pursuit|p2a: Vaporeon\n|-damage|p2a: Vaporeon|31\/100\n|move|p2a: Vaporeon|Scald|p1a: Absol\n|-damage|p1a: Absol|0 fnt\n|faint|p1a: Absol\n|\n|upkeep\n|\n|t:|1700324473\n|switch|p1a: Sandy Shocks|Sandy Shocks|100\/100\n|turn|28\n|\n|t:|1700324479\n|move|p2a: Vaporeon|Protect|p2a: Vaporeon\n|-singleturn|p2a: Vaporeon|Protect\n|move|p1a: Sandy Shocks|Earth Power|p2a: Vaporeon\n|-activate|p2a: Vaporeon|move: Protect\n|\n|upkeep\n|turn|29\n|\n|t:|1700324491\n|switch|p2a: Zangoose|Zangoose, M, tera:Electric|43\/100 tox\n|move|p1a: Sandy Shocks|Earth Power|p2a: Zangoose\n|-supereffective|p2a: Zangoose\n|-damage|p2a: Zangoose|0 fnt\n|faint|p2a: Zangoose\n|\n|upkeep\n|\n|t:|1700324497\n|switch|p2a: Vaporeon|Vaporeon, F|31\/100\n|turn|30\n|\n|t:|1700324500\n|-end|p1a: Sandy Shocks|Protosynthesis|[silent]\n|switch|p1a: Flutter Mane|Flutter Mane|51\/100\n|move|p2a: Vaporeon|Scald|p1a: Flutter Mane\n|-damage|p1a: Flutter Mane|18\/100\n|-status|p1a: Flutter Mane|brn\n|\n|-damage|p1a: Flutter Mane|12\/100 brn|[from] brn\n|upkeep\n|turn|31\n|\n|t:|1700324511\n|move|p1a: Flutter Mane|Moonblast|p2a: Vaporeon\n|-damage|p2a: Vaporeon|0 fnt\n|faint|p2a: Vaporeon\n|\n|win|Xelemental 4ever\n|c|\u2606Peladiyo1|gg\n|c|\u2606Xelemental 4ever|Buen combate\n|c|\u2606Peladiyo1|bien jugado\n|c|\u2606Xelemental 4ever|Lo mismo digo:D\n","uploadtime":1700324536,"views":9,"p1id":"xelemental4ever","p2id":"peladiyo1","formatid":"gen9nationaldexubers","rating":0,"private":0,"password":""}