{"id":"gen9nationaldexubers-1981720138","p1":"Malice Incarnate","p2":"standardbandard23","format":"[Gen 9] National Dex Ubers","log":"|j|\u2606Malice Incarnate\n|j|\u2606standardbandard23\n|t:|1698936429\n|gametype|singles\n|player|p1|Malice Incarnate|palmer|\n|player|p2|standardbandard23|steven|\n|teamsize|p1|6\n|teamsize|p2|6\n|gen|9\n|tier|[Gen 9] National Dex Ubers\n|rule|HP Percentage Mod: HP is shown in percentages\n|rule|Endless Battle Clause: Forcing endless battles is banned\n|rule|OHKO Clause: OHKO moves are banned\n|rule|Evasion Moves Clause: Evasion moves are banned\n|rule|Evasion Items Clause: Evasion items are banned\n|rule|Species Clause: Limit one of each Pok\u00e9mon\n|rule|Sleep Clause Mod: Limit one foe put to sleep\n|rule|Mega Rayquaza Clause: You cannot mega evolve Rayquaza\n|clearpoke\n|poke|p1|Ogerpon-Hearthflame, F|\n|poke|p1|Volcanion|\n|poke|p1|Arcanine-Hisui, F|\n|poke|p1|Cinderace, M|\n|poke|p1|Heatran, F|\n|poke|p1|Charizard, M|\n|poke|p2|Tapu Koko|\n|poke|p2|Sneasler, F|\n|poke|p2|Volcarona, M|\n|poke|p2|Iron Valiant|\n|poke|p2|Gliscor, F|\n|poke|p2|Charizard, M|\n|teampreview\n|inactive|Battle timer is ON: inactive players will automatically lose when time's up. (requested by Malice Incarnate)\n|c|\u2606standardbandard23|tera grass volc\n|c|\u2606Malice Incarnate|k\n|j| ArcticIzagi\n|\n|t:|1698936454\n|start\n|switch|p1a: Arcanine|Arcanine-Hisui, F|100\/100\n|switch|p2a: Die for you|Tapu Koko|100\/100\n|-fieldstart|move: Electric Terrain|[from] ability: Electric Surge|[of] p2a: Die for you\n|turn|1\n|\n|t:|1698936462\n|move|p1a: Arcanine|Head Smash|p2a: Die for you\n|-damage|p2a: Die for you|7\/100\n|move|p2a: Die for you|U-turn|p1a: Arcanine\n|-resisted|p1a: Arcanine\n|-damage|p1a: Arcanine|91\/100\n|\n|t:|1698936476\n|switch|p2a: Earthrise|Gliscor, F|100\/100|[from] U-turn\n|\n|-status|p2a: Earthrise|tox|[from] item: Toxic Orb\n|upkeep\n|turn|2\n|j| Destinum\n|\n|t:|1698936483\n|switch|p1a: Charizard|Charizard, M|100\/100\n|move|p2a: Earthrise|Knock Off|p1a: Charizard\n|-damage|p1a: Charizard|71\/100\n|\n|upkeep\n|turn|3\n|\n|t:|1698936491\n|detailschange|p1a: Charizard|Charizard-Mega-Y, M\n|-mega|p1a: Charizard|Charizard|Charizardite Y\n|-weather|SunnyDay|[from] ability: Drought|[of] p1a: Charizard\n|move|p1a: Charizard|Flamethrower|p2a: Earthrise\n|-damage|p2a: Earthrise|3\/100 tox\n|move|p2a: Earthrise|Earthquake|p1a: Charizard\n|-immune|p1a: Charizard\n|\n|-weather|SunnyDay|[upkeep]\n|-heal|p2a: Earthrise|15\/100 tox|[from] ability: Poison Heal\n|upkeep\n|turn|4\n|c|\u2606standardbandard23|forgot charizard has 2 megas\n|inactive|standardbandard23 has 270 seconds left.\n|j| ILikeSalads\n|j| Moonz_e\n|j| AhiruChan\n|inactive|standardbandard23 has 240 seconds left.\n|j| Astro Rifk\n|inactive|standardbandard23 has 210 seconds left.\n|\n|t:|1698936582\n|move|p1a: Charizard|Flamethrower|p2a: Earthrise\n|-damage|p2a: Earthrise|0 fnt\n|faint|p2a: Earthrise\n|\n|-weather|SunnyDay|[upkeep]\n|upkeep\n|inactive|standardbandard23 has 210 seconds left.\n|\n|t:|1698936591\n|switch|p2a: Let it Die|Sneasler, F|100\/100\n|-enditem|p2a: Let it Die|Electric Seed\n|-boost|p2a: Let it Die|def|1|[from] item: Electric Seed\n|turn|5\n|\n|t:|1698936596\n|switch|p1a: Heatran|Heatran, F|100\/100\n|-item|p1a: Heatran|Air Balloon\n|move|p2a: Let it Die|Rock Slide|p1a: Heatran\n|-damage|p1a: Heatran|79\/100\n|-enditem|p1a: Heatran|Air Balloon\n|\n|-weather|SunnyDay|[upkeep]\n|-fieldend|move: Electric Terrain\n|upkeep\n|turn|6\n|\n|t:|1698936607\n|move|p2a: Let it Die|Close Combat|p1a: Heatran\n|-supereffective|p1a: Heatran\n|-damage|p1a: Heatran|0 fnt\n|-unboost|p2a: Let it Die|def|1\n|-unboost|p2a: Let it Die|spd|1\n|faint|p1a: Heatran\n|\n|-weather|SunnyDay|[upkeep]\n|upkeep\n|\n|t:|1698936612\n|switch|p1a: Arcanine|Arcanine-Hisui, F|91\/100\n|turn|7\n|\n|t:|1698936617\n|move|p1a: Arcanine|Extreme Speed|p2a: Let it Die\n|-damage|p2a: Let it Die|58\/100\n|move|p2a: Let it Die|Close Combat|p1a: Arcanine\n|-supereffective|p1a: Arcanine\n|-damage|p1a: Arcanine|0 fnt\n|-unboost|p2a: Let it Die|def|1\n|-unboost|p2a: Let it Die|spd|1\n|faint|p1a: Arcanine\n|\n|-weather|none\n|upkeep\n|\n|t:|1698936621\n|switch|p1a: Volcanion|Volcanion|100\/100\n|turn|8\n|inactive|standardbandard23 has 240 seconds left.\n|c|\u2606Malice Incarnate|that was dumb as fuck\n|\n|t:|1698936644\n|move|p2a: Let it Die|Rock Slide|p1a: Volcanion\n|-supereffective|p1a: Volcanion\n|-damage|p1a: Volcanion|55\/100\n|move|p1a: Volcanion|Steam Eruption|p2a: Let it Die\n|-damage|p2a: Let it Die|0 fnt\n|faint|p2a: Let it Die\n|\n|-heal|p1a: Volcanion|61\/100|[from] item: Leftovers\n|upkeep\n|\n|t:|1698936653\n|switch|p2a: Die for you|Tapu Koko|7\/100\n|-fieldstart|move: Electric Terrain|[from] ability: Electric Surge|[of] p2a: Die for you\n|turn|9\n|\n|t:|1698936669\n|switch|p1a: Ogerpon|Ogerpon-Hearthflame, F|100\/100\n|-ability|p1a: Ogerpon|Mold Breaker\n|move|p2a: Die for you|Thunderbolt|p1a: Ogerpon\n|-resisted|p1a: Ogerpon\n|-damage|p1a: Ogerpon|70\/100\n|\n|upkeep\n|turn|10\n|\n|t:|1698936680\n|move|p2a: Die for you|U-turn|p1a: Ogerpon\n|-damage|p1a: Ogerpon|50\/100\n|\n|t:|1698936683\n|switch|p2a: Devolution|Charizard, M|100\/100|[from] U-turn\n|move|p1a: Ogerpon|Horn Leech|p2a: Devolution\n|-resisted|p2a: Devolution\n|-damage|p2a: Devolution|85\/100\n|-heal|p1a: Ogerpon|57\/100|[from] drain|[of] p2a: Devolution\n|\n|upkeep\n|turn|11\n|inactive|standardbandard23 has 240 seconds left.\n|inactive|standardbandard23 has 210 seconds left.\n|\n|t:|1698936727\n|detailschange|p2a: Devolution|Charizard-Mega-X, M\n|-mega|p2a: Devolution|Charizard|Charizardite X\n|-terastallize|p1a: Ogerpon|Fire\n|detailschange|p1a: Ogerpon|Ogerpon-Hearthflame-Tera, F, tera:Fire\n|-ability|p1a: Ogerpon|Embody Aspect (Hearthflame)|boost\n|-boost|p1a: Ogerpon|atk|1\n|move|p1a: Ogerpon|Ivy Cudgel|p2a: Devolution\n|-resisted|p2a: Devolution\n|-damage|p2a: Devolution|54\/100\n|move|p2a: Devolution|Dragon Dance|p2a: Devolution\n|-boost|p2a: Devolution|atk|1\n|-boost|p2a: Devolution|spe|1\n|\n|upkeep\n|turn|12\n|inactive|standardbandard23 has 210 seconds left.\n|\n|t:|1698936740\n|move|p2a: Devolution|Earthquake|p1a: Ogerpon\n|-supereffective|p1a: Ogerpon\n|-damage|p1a: Ogerpon|0 fnt\n|faint|p1a: Ogerpon\n|\n|upkeep\n|\n|t:|1698936745\n|switch|p1a: Charizard|Charizard-Mega-Y, M|71\/100\n|-weather|SunnyDay|[from] ability: Drought|[of] p1a: Charizard\n|turn|13\n|\n|t:|1698936755\n|move|p2a: Devolution|Outrage|p1a: Charizard\n|-damage|p1a: Charizard|0 fnt\n|faint|p1a: Charizard\n|\n|-weather|SunnyDay|[upkeep]\n|-fieldend|move: Electric Terrain\n|upkeep\n|\n|t:|1698936761\n|switch|p1a: Volcanion|Volcanion|61\/100\n|turn|14\n|\n|t:|1698936764\n|move|p2a: Devolution|Outrage|p1a: Volcanion|[from]lockedmove\n|-damage|p1a: Volcanion|0 fnt\n|faint|p1a: Volcanion\n|\n|-weather|SunnyDay|[upkeep]\n|upkeep\n|\n|t:|1698936767\n|switch|p1a: Cinderace|Cinderace, M|100\/100\n|turn|15\n|c|\u2606Malice Incarnate|gg\n|\n|t:|1698936770\n|move|p2a: Devolution|Outrage|p1a: Cinderace|[from]lockedmove\n|-damage|p1a: Cinderace|0 fnt\n|faint|p1a: Cinderace\n|-start|p2a: Devolution|confusion|[fatigue]\n|\n|win|standardbandard23\n|c|\u2606standardbandard23|gg\n|l|\u2606Malice Incarnate\n|l| Astro Rifk\n|l| Moonz_e\n|l| ArcticIzagi\n|l| Destinum\n|l| AhiruChan\n|j|\u2606Malice Incarnate\n|player|p1|Malice Incarnate|palmer\n","uploadtime":1698936793,"views":5,"p1id":"maliceincarnate","p2id":"standardbandard23","formatid":"gen9nationaldexubers","rating":0,"private":0,"password":""}