{"id":"gen9nationaldexubers-1999215784","p1":"Omega_Sautica","p2":"gokusan074","format":"[Gen 9] National Dex Ubers","log":"|j|\u2606Omega_Sautica\n|j|\u2606gokusan074\n|t:|1701046508\n|gametype|singles\n|player|p1|Omega_Sautica|plasmagrunt|\n|player|p2|gokusan074|266|\n|teamsize|p1|6\n|teamsize|p2|6\n|gen|9\n|tier|[Gen 9] National Dex Ubers\n|rule|HP Percentage Mod: HP is shown in percentages\n|rule|Endless Battle Clause: Forcing endless battles is banned\n|rule|OHKO Clause: OHKO moves are banned\n|rule|Evasion Moves Clause: Evasion moves are banned\n|rule|Evasion Items Clause: Evasion items are banned\n|rule|Species Clause: Limit one of each Pok\u00e9mon\n|rule|Sleep Clause Mod: Limit one foe put to sleep\n|rule|Mega Rayquaza Clause: You cannot mega evolve Rayquaza\n|clearpoke\n|poke|p1|Dragapult, F|\n|poke|p1|Toxapex, F|\n|poke|p1|Cinderace, M|\n|poke|p1|Corviknight, F|\n|poke|p1|Ferrothorn, M|\n|poke|p1|Togekiss, M|\n|poke|p2|Excadrill, M|\n|poke|p2|Dragapult, M|\n|poke|p2|Togekiss, M|\n|poke|p2|Ferrothorn, F|\n|poke|p2|Gengar, M|\n|poke|p2|Rotom-Wash|\n|teampreview\n|\n|t:|1701046537\n|start\n|switch|p1a: Homophobia|Ferrothorn, M|100\/100\n|switch|p2a: Excadrill|Excadrill, M|100\/100\n|turn|1\n|\n|t:|1701046548\n|move|p2a: Excadrill|Iron Head|p1a: Homophobia\n|-resisted|p1a: Homophobia\n|-damage|p1a: Homophobia|88\/100\n|-damage|p2a: Excadrill|88\/100|[from] ability: Iron Barbs|[of] p1a: Homophobia\n|move|p1a: Homophobia|Stealth Rock|p2a: Excadrill\n|-sidestart|p2: gokusan074|move: Stealth Rock\n|\n|-heal|p1a: Homophobia|94\/100|[from] item: Leftovers\n|upkeep\n|turn|2\n|\n|t:|1701046559\n|-terastallize|p2a: Excadrill|Ground\n|move|p2a: Excadrill|Earthquake|p1a: Homophobia\n|-damage|p1a: Homophobia|50\/100\n|move|p1a: Homophobia|Leech Seed|p2a: Excadrill\n|-start|p2a: Excadrill|move: Leech Seed\n|\n|-heal|p1a: Homophobia|56\/100|[from] item: Leftovers\n|-damage|p2a: Excadrill|76\/100|[from] Leech Seed|[of] p1a: Homophobia\n|-heal|p1a: Homophobia|69\/100|[silent]\n|upkeep\n|turn|3\n|\n|t:|1701046571\n|move|p1a: Homophobia|Protect|p1a: Homophobia\n|-singleturn|p1a: Homophobia|Protect\n|move|p2a: Excadrill|Earthquake|p1a: Homophobia\n|-activate|p1a: Homophobia|move: Protect\n|\n|-heal|p1a: Homophobia|75\/100|[from] item: Leftovers\n|-damage|p2a: Excadrill|63\/100|[from] Leech Seed|[of] p1a: Homophobia\n|-heal|p1a: Homophobia|88\/100|[silent]\n|upkeep\n|turn|4\n|\n|t:|1701046595\n|switch|p2a: Dragapult|Dragapult, M|100\/100\n|-damage|p2a: Dragapult|88\/100|[from] Stealth Rock\n|switch|p1a: the pex|Toxapex, F, shiny|100\/100\n|\n|upkeep\n|turn|5\n|\n|t:|1701046607\n|move|p2a: Dragapult|Psychic Fangs|p1a: the pex\n|-supereffective|p1a: the pex\n|-damage|p1a: the pex|64\/100\n|move|p1a: the pex|Toxic|p2a: Dragapult\n|-status|p2a: Dragapult|tox\n|\n|-heal|p1a: the pex|71\/100|[from] item: Black Sludge\n|-damage|p2a: Dragapult|82\/100 tox|[from] psn\n|upkeep\n|turn|6\n|\n|t:|1701046624\n|switch|p1a: Homophobia|Ferrothorn, M|88\/100\n|move|p2a: Dragapult|Psychic Fangs|p1a: Homophobia\n|-resisted|p1a: Homophobia\n|-damage|p1a: Homophobia|80\/100\n|-damage|p2a: Dragapult|70\/100 tox|[from] ability: Iron Barbs|[of] p1a: Homophobia\n|\n|-heal|p1a: Homophobia|86\/100|[from] item: Leftovers\n|-damage|p2a: Dragapult|58\/100 tox|[from] psn\n|upkeep\n|turn|7\n|\n|t:|1701046638\n|switch|p2a: Ferrothorn|Ferrothorn, F|100\/100\n|-damage|p2a: Ferrothorn|94\/100|[from] Stealth Rock\n|move|p1a: Homophobia|Leech Seed|p2a: Ferrothorn\n|-immune|p2a: Ferrothorn\n|\n|-heal|p2a: Ferrothorn|100\/100|[from] item: Leftovers\n|-heal|p1a: Homophobia|92\/100|[from] item: Leftovers\n|upkeep\n|turn|8\n|\n|t:|1701046648\n|switch|p1a: Messi|Cinderace, M|100\/100\n|move|p2a: Ferrothorn|Gyro Ball|p1a: Messi\n|-resisted|p1a: Messi\n|-damage|p1a: Messi|63\/100\n|\n|upkeep\n|turn|9\n|\n|t:|1701046657\n|move|p1a: Messi|Pyro Ball|p2a: Ferrothorn\n|-supereffective|p2a: Ferrothorn\n|-damage|p2a: Ferrothorn|0 fnt\n|faint|p2a: Ferrothorn\n|\n|upkeep\n|\n|t:|1701046664\n|switch|p2a: Togekiss|Togekiss, M|100\/100\n|-damage|p2a: Togekiss|76\/100|[from] Stealth Rock\n|turn|10\n|\n|t:|1701046669\n|move|p1a: Messi|Pyro Ball|p2a: Togekiss\n|-damage|p2a: Togekiss|0 fnt\n|faint|p2a: Togekiss\n|\n|upkeep\n|\n|t:|1701046673\n|switch|p2a: Gengar|Gengar, M|100\/100\n|-damage|p2a: Gengar|88\/100|[from] Stealth Rock\n|turn|11\n|\n|t:|1701046683\n|switch|p1a: Satan Itself|Togekiss, M|100\/100\n|move|p2a: Gengar|Thunderbolt|p1a: Satan Itself\n|-supereffective|p1a: Satan Itself\n|-damage|p1a: Satan Itself|8\/100\n|-status|p1a: Satan Itself|par\n|\n|upkeep\n|turn|12\n|\n|t:|1701046695\n|move|p2a: Gengar|Thunderbolt|p1a: Satan Itself\n|-supereffective|p1a: Satan Itself\n|-damage|p1a: Satan Itself|0 fnt\n|faint|p1a: Satan Itself\n|\n|upkeep\n|\n|t:|1701046703\n|switch|p1a: Bird da word|Corviknight, F, shiny|100\/100\n|-ability|p1a: Bird da word|Pressure\n|turn|13\n|\n|t:|1701046709\n|move|p2a: Gengar|Thunderbolt|p1a: Bird da word\n|-supereffective|p1a: Bird da word\n|-damage|p1a: Bird da word|14\/100\n|move|p1a: Bird da word|Brave Bird|p2a: Gengar\n|-crit|p2a: Gengar\n|-damage|p2a: Gengar|0 fnt\n|-start|p1a: Bird da word|Disable|Brave Bird|[from] ability: Cursed Body|[of] p2a: Gengar\n|faint|p2a: Gengar\n|-damage|p1a: Bird da word|0 fnt|[from] Recoil\n|faint|p1a: Bird da word\n|\n|upkeep\n|\n|t:|1701046721\n|switch|p2a: Rotom|Rotom-Wash|100\/100\n|switch|p1a: ARTILLERY RAAH|Dragapult, F|100\/100\n|-damage|p2a: Rotom|88\/100|[from] Stealth Rock\n|turn|14\n|\n|t:|1701046731\n|move|p1a: ARTILLERY RAAH|Dragon Darts|p2a: Rotom\n|-crit|p2a: Rotom\n|-damage|p2a: Rotom|53\/100\n|-anim|p1a: ARTILLERY RAAH|Dragon Darts|p2a: Rotom\n|-damage|p2a: Rotom|33\/100\n|-enditem|p2a: Rotom|Sitrus Berry|[eat]\n|-heal|p2a: Rotom|57\/100|[from] item: Sitrus Berry\n|move|p2a: Rotom|Will-O-Wisp|p1a: ARTILLERY RAAH\n|-status|p1a: ARTILLERY RAAH|brn\n|\n|-damage|p1a: ARTILLERY RAAH|95\/100 brn|[from] brn\n|upkeep\n|turn|15\n|\n|t:|1701046744\n|switch|p1a: Homophobia|Ferrothorn, M|92\/100\n|move|p2a: Rotom|Volt Switch|p1a: Homophobia\n|-resisted|p1a: Homophobia\n|-damage|p1a: Homophobia|78\/100\n|\n|t:|1701046757\n|switch|p2a: Excadrill|Excadrill, M, tera:Ground|63\/100|[from] Volt Switch\n|-damage|p2a: Excadrill|57\/100|[from] Stealth Rock\n|\n|-heal|p1a: Homophobia|84\/100|[from] item: Leftovers\n|upkeep\n|turn|16\n|\n|t:|1701046766\n|move|p2a: Excadrill|Swords Dance|p2a: Excadrill\n|-boost|p2a: Excadrill|atk|2\n|move|p1a: Homophobia|Leech Seed|p2a: Excadrill\n|-start|p2a: Excadrill|move: Leech Seed\n|\n|-heal|p1a: Homophobia|90\/100|[from] item: Leftovers\n|-damage|p2a: Excadrill|45\/100|[from] Leech Seed|[of] p1a: Homophobia\n|-heal|p1a: Homophobia|100\/100|[silent]\n|upkeep\n|turn|17\n|\n|t:|1701046778\n|switch|p1a: ARTILLERY RAAH|Dragapult, F|95\/100 brn\n|move|p2a: Excadrill|Earthquake|p1a: ARTILLERY RAAH\n|-damage|p1a: ARTILLERY RAAH|0 fnt\n|faint|p1a: ARTILLERY RAAH\n|\n|upkeep\n|\n|t:|1701046791\n|switch|p1a: Homophobia|Ferrothorn, M|100\/100\n|turn|18\n|\n|t:|1701046796\n|move|p1a: Homophobia|Protect|p1a: Homophobia\n|-singleturn|p1a: Homophobia|Protect\n|move|p2a: Excadrill|Earthquake|p1a: Homophobia\n|-activate|p1a: Homophobia|move: Protect\n|\n|-damage|p2a: Excadrill|32\/100|[from] Leech Seed|[of] p1a: Homophobia\n|upkeep\n|turn|19\n|\n|t:|1701046813\n|switch|p2a: Rotom|Rotom-Wash|57\/100\n|-damage|p2a: Rotom|45\/100|[from] Stealth Rock\n|move|p1a: Homophobia|Protect||[still]\n|-fail|p1a: Homophobia\n|\n|upkeep\n|turn|20\n|\n|t:|1701046820\n|move|p2a: Rotom|Will-O-Wisp|p1a: Homophobia\n|-status|p1a: Homophobia|brn\n|move|p1a: Homophobia|Leech Seed|p2a: Rotom\n|-start|p2a: Rotom|move: Leech Seed\n|\n|-damage|p2a: Rotom|33\/100|[from] Leech Seed|[of] p1a: Homophobia\n|-damage|p1a: Homophobia|94\/100 brn|[from] brn\n|upkeep\n|turn|21\n|\n|t:|1701046829\n|move|p2a: Rotom|Volt Switch|p1a: Homophobia\n|-resisted|p1a: Homophobia\n|-crit|p1a: Homophobia\n|-damage|p1a: Homophobia|73\/100 brn\n|\n|t:|1701046835\n|switch|p2a: Dragapult|Dragapult, M|58\/100 tox|[from] Volt Switch\n|-damage|p2a: Dragapult|46\/100 tox|[from] Stealth Rock\n|move|p1a: Homophobia|Gyro Ball|p2a: Dragapult\n|-damage|p2a: Dragapult|12\/100 tox\n|\n|-heal|p1a: Homophobia|79\/100 brn|[from] item: Leftovers\n|-damage|p2a: Dragapult|6\/100 tox|[from] psn\n|-damage|p1a: Homophobia|73\/100 brn|[from] brn\n|upkeep\n|turn|22\n|\n|t:|1701046846\n|move|p1a: Homophobia|Protect|p1a: Homophobia\n|-singleturn|p1a: Homophobia|Protect\n|move|p2a: Dragapult|Psychic Fangs|p1a: Homophobia\n|-activate|p1a: Homophobia|move: Protect\n|\n|-heal|p1a: Homophobia|79\/100 brn|[from] item: Leftovers\n|-damage|p2a: Dragapult|0 fnt|[from] psn\n|faint|p2a: Dragapult\n|-damage|p1a: Homophobia|73\/100 brn|[from] brn\n|upkeep\n|\n|t:|1701046856\n|switch|p2a: Excadrill|Excadrill, M, tera:Ground|32\/100\n|-damage|p2a: Excadrill|26\/100|[from] Stealth Rock\n|turn|23\n|\n|t:|1701046862\n|move|p2a: Excadrill|Swords Dance|p2a: Excadrill\n|-boost|p2a: Excadrill|atk|2\n|move|p1a: Homophobia|Gyro Ball|p2a: Excadrill\n|-damage|p2a: Excadrill|0 fnt\n|faint|p2a: Excadrill\n|\n|-heal|p1a: Homophobia|79\/100 brn|[from] item: Leftovers\n|-damage|p1a: Homophobia|73\/100 brn|[from] brn\n|upkeep\n|\n|t:|1701046874\n|switch|p2a: Rotom|Rotom-Wash|33\/100\n|-damage|p2a: Rotom|21\/100|[from] Stealth Rock\n|turn|24\n|\n|t:|1701046881\n|move|p1a: Homophobia|Protect|p1a: Homophobia\n|-singleturn|p1a: Homophobia|Protect\n|move|p2a: Rotom|Pain Split|p1a: Homophobia\n|-activate|p1a: Homophobia|move: Protect\n|\n|-heal|p1a: Homophobia|79\/100 brn|[from] item: Leftovers\n|-damage|p1a: Homophobia|73\/100 brn|[from] brn\n|upkeep\n|turn|25\n|\n|t:|1701046891\n|move|p2a: Rotom|Pain Split|p1a: Homophobia\n|-sethp|p1a: Homophobia|45\/100 brn|[from] move: Pain Split|[silent]\n|-sethp|p2a: Rotom|53\/100|[from] move: Pain Split\n|move|p1a: Homophobia|Leech Seed|p2a: Rotom\n|-start|p2a: Rotom|move: Leech Seed\n|\n|-heal|p1a: Homophobia|52\/100 brn|[from] item: Leftovers\n|-damage|p2a: Rotom|40\/100|[from] Leech Seed|[of] p1a: Homophobia\n|-heal|p1a: Homophobia|62\/100 brn|[silent]\n|-damage|p1a: Homophobia|56\/100 brn|[from] brn\n|upkeep\n|turn|26\n|\n|t:|1701046901\n|move|p1a: Homophobia|Protect|p1a: Homophobia\n|-singleturn|p1a: Homophobia|Protect\n|move|p2a: Rotom|Pain Split|p1a: Homophobia\n|-activate|p1a: Homophobia|move: Protect\n|\n|-heal|p1a: Homophobia|62\/100 brn|[from] item: Leftovers\n|-damage|p2a: Rotom|28\/100|[from] Leech Seed|[of] p1a: Homophobia\n|-heal|p1a: Homophobia|73\/100 brn|[silent]\n|-damage|p1a: Homophobia|66\/100 brn|[from] brn\n|upkeep\n|turn|27\n|\n|t:|1701046911\n|move|p2a: Rotom|Pain Split|p1a: Homophobia\n|-sethp|p1a: Homophobia|45\/100 brn|[from] move: Pain Split|[silent]\n|-sethp|p2a: Rotom|53\/100|[from] move: Pain Split\n|move|p1a: Homophobia|Gyro Ball|p2a: Rotom\n|-resisted|p2a: Rotom\n|-damage|p2a: Rotom|47\/100\n|\n|-heal|p1a: Homophobia|52\/100 brn|[from] item: Leftovers\n|-damage|p2a: Rotom|35\/100|[from] Leech Seed|[of] p1a: Homophobia\n|-heal|p1a: Homophobia|62\/100 brn|[silent]\n|-damage|p1a: Homophobia|56\/100 brn|[from] brn\n|upkeep\n|turn|28\n|\n|t:|1701046920\n|move|p1a: Homophobia|Protect|p1a: Homophobia\n|-singleturn|p1a: Homophobia|Protect\n|move|p2a: Rotom|Pain Split|p1a: Homophobia\n|-activate|p1a: Homophobia|move: Protect\n|\n|-heal|p1a: Homophobia|62\/100 brn|[from] item: Leftovers\n|-damage|p2a: Rotom|23\/100|[from] Leech Seed|[of] p1a: Homophobia\n|-heal|p1a: Homophobia|73\/100 brn|[silent]\n|-damage|p1a: Homophobia|66\/100 brn|[from] brn\n|upkeep\n|turn|29\n|\n|t:|1701046929\n|switch|p1a: Messi|Cinderace, M|63\/100\n|move|p2a: Rotom|Pain Split|p1a: Messi\n|-sethp|p1a: Messi|43\/100|[from] move: Pain Split|[silent]\n|-sethp|p2a: Rotom|43\/100|[from] move: Pain Split\n|\n|-damage|p2a: Rotom|31\/100|[from] Leech Seed|[of] p1a: Messi\n|-heal|p1a: Messi|55\/100|[silent]\n|upkeep\n|turn|30\n|\n|t:|1701046941\n|move|p1a: Messi|U-turn|p2a: Rotom\n|-start|p1a: Messi|typechange|Bug|[from] ability: Libero\n|-damage|p2a: Rotom|0 fnt\n|faint|p2a: Rotom\n|\n|win|Omega_Sautica\n|c|\u2606Omega_Sautica|GG\n|c|\u2606gokusan074|uncle tom\n|l|\u2606gokusan074\n","uploadtime":1701048716,"views":9,"p1id":"omegasautica","p2id":"gokusan074","formatid":"gen9nationaldexubers","rating":0,"private":0,"password":""}