{"id":"gen9nationaldexubers-1996047292","p1":"Metal-sonic-simp","p2":"AnomalousBeing","format":"[Gen 9] National Dex Ubers","log":"|j|\u2606Metal-sonic-simp\n|j|\u2606AnomalousBeing\n|t:|1700635008\n|gametype|singles\n|player|p1|Metal-sonic-simp|harlequin|1057\n|player|p2|AnomalousBeing|ethan|1212\n|teamsize|p1|6\n|teamsize|p2|6\n|gen|9\n|tier|[Gen 9] National Dex Ubers\n|rated|\n|rule|HP Percentage Mod: HP is shown in percentages\n|rule|Endless Battle Clause: Forcing endless battles is banned\n|rule|OHKO Clause: OHKO moves are banned\n|rule|Evasion Moves Clause: Evasion moves are banned\n|rule|Evasion Items Clause: Evasion items are banned\n|rule|Species Clause: Limit one of each Pok\u00e9mon\n|rule|Sleep Clause Mod: Limit one foe put to sleep\n|rule|Mega Rayquaza Clause: You cannot mega evolve Rayquaza\n|clearpoke\n|poke|p1|Porygon2|\n|poke|p1|Marshadow|\n|poke|p1|Blastoise, F|\n|poke|p1|Ogerpon-Hearthflame, F|\n|poke|p1|Clodsire, M|\n|poke|p1|Baxcalibur, M|\n|poke|p2|Darmanitan-Galar, M|\n|poke|p2|Ribombee, F|\n|poke|p2|Spectrier|\n|poke|p2|Groudon|\n|poke|p2|Gholdengo|\n|poke|p2|Deoxys-Attack|\n|teampreview\n|inactive|Battle timer is ON: inactive players will automatically lose when time's up. (requested by Metal-sonic-simp)\n|\n|t:|1700635015\n|start\n|switch|p1a: Poorygon|Porygon2, shiny|100\/100\n|switch|p2a: Bombee|Ribombee, F, shiny|100\/100\n|-ability|p1a: Poorygon|Download|boost\n|-boost|p1a: Poorygon|atk|1\n|turn|1\n|\n|t:|1700635027\n|move|p2a: Bombee|Sticky Web|p1a: Poorygon\n|-sidestart|p1: Metal-sonic-simp|move: Sticky Web\n|move|p1a: Poorygon|Ice Beam|p2a: Bombee\n|-damage|p2a: Bombee|63\/100\n|\n|upkeep\n|turn|2\n|\n|t:|1700635034\n|move|p2a: Bombee|Stun Spore|p1a: Poorygon\n|-status|p1a: Poorygon|par\n|move|p1a: Poorygon|Zen Headbutt|p2a: Bombee\n|-damage|p2a: Bombee|15\/100\n|\n|upkeep\n|turn|3\n|\n|t:|1700635040\n|move|p2a: Bombee|Draining Kiss|p1a: Poorygon\n|-damage|p1a: Poorygon|87\/100 par\n|-heal|p2a: Bombee|25\/100|[from] drain|[of] p1a: Poorygon\n|move|p1a: Poorygon|Zen Headbutt|p2a: Bombee\n|-damage|p2a: Bombee|0 fnt\n|faint|p2a: Bombee\n|\n|upkeep\n|\n|t:|1700635052\n|switch|p2a: Mandala|Groudon, shiny|100\/100\n|detailschange|p2a: Mandala|Groudon-Primal, shiny\n|-primal|p2a: Mandala|Red Orb\n|-weather|DesolateLand|[from] ability: Desolate Land|[of] p2a: Mandala\n|turn|4\n|\n|t:|1700635067\n|move|p2a: Mandala|Solar Beam||[still]\n|-prepare|p2a: Mandala|Solar Beam\n|-anim|p2a: Mandala|Solar Beam|p1a: Poorygon\n|-damage|p1a: Poorygon|54\/100 par\n|move|p1a: Poorygon|Ice Beam|p2a: Mandala\n|-damage|p2a: Mandala|66\/100\n|\n|-weather|DesolateLand|[upkeep]\n|upkeep\n|turn|5\n|\n|t:|1700635077\n|move|p2a: Mandala|Lava Plume|p1a: Poorygon\n|-damage|p1a: Poorygon|4\/100 par\n|move|p1a: Poorygon|Foul Play|p2a: Mandala\n|-damage|p2a: Mandala|42\/100\n|\n|-weather|DesolateLand|[upkeep]\n|upkeep\n|turn|6\n|\n|t:|1700635085\n|move|p2a: Mandala|Lava Plume|p1a: Poorygon\n|-damage|p1a: Poorygon|0 fnt\n|faint|p1a: Poorygon\n|\n|-weather|DesolateLand|[upkeep]\n|upkeep\n|\n|t:|1700635090\n|switch|p1a: B l a s t|Blastoise, F|100\/100\n|-activate|p1a: B l a s t|move: Sticky Web\n|-unboost|p1a: B l a s t|spe|1\n|turn|7\n|\n|t:|1700635096\n|detailschange|p1a: B l a s t|Blastoise-Mega, F\n|-mega|p1a: B l a s t|Blastoise|Blastoisinite\n|move|p2a: Mandala|Solar Beam||[still]\n|-prepare|p2a: Mandala|Solar Beam\n|-anim|p2a: Mandala|Solar Beam|p1a: B l a s t\n|-supereffective|p1a: B l a s t\n|-damage|p1a: B l a s t|29\/100\n|move|p1a: B l a s t|Dragon Pulse|p2a: Mandala\n|-damage|p2a: Mandala|0 fnt\n|faint|p2a: Mandala\n|-weather|none\n|\n|upkeep\n|\n|t:|1700635108\n|switch|p2a: Mydnite|Spectrier|100\/100\n|turn|8\n|\n|t:|1700635121\n|move|p2a: Mydnite|Psychic|p1a: B l a s t\n|-damage|p1a: B l a s t|3\/100\n|move|p1a: B l a s t|Dark Pulse|p2a: Mydnite\n|-supereffective|p2a: Mydnite\n|-damage|p2a: Mydnite|0 fnt\n|faint|p2a: Mydnite\n|\n|upkeep\n|\n|t:|1700635130\n|switch|p2a: Nemesis|Deoxys-Attack|100\/100\n|-ability|p2a: Nemesis|Pressure\n|turn|9\n|\n|t:|1700635136\n|switch|p1a: Random boi|Baxcalibur, M|100\/100\n|-activate|p1a: Random boi|move: Sticky Web\n|-unboost|p1a: Random boi|spe|1\n|move|p2a: Nemesis|Thunder Punch|p1a: Random boi\n|-resisted|p1a: Random boi\n|-damage|p1a: Random boi|90\/100\n|\n|-heal|p1a: Random boi|96\/100|[from] item: Leftovers\n|upkeep\n|turn|10\n|\n|t:|1700635148\n|move|p2a: Nemesis|Superpower|p1a: Random boi\n|-supereffective|p1a: Random boi\n|-damage|p1a: Random boi|26\/100\n|-unboost|p2a: Nemesis|atk|1\n|-unboost|p2a: Nemesis|def|1\n|move|p1a: Random boi|Glaive Rush|p2a: Nemesis\n|-enditem|p2a: Nemesis|Focus Sash\n|-damage|p2a: Nemesis|1\/100\n|-singlemove|p1a: Random boi|Glaive Rush|[silent]\n|\n|-heal|p1a: Random boi|32\/100|[from] item: Leftovers\n|upkeep\n|turn|11\n|c|\u2606AnomalousBeing|!dt Glaive Rush\n|raw|<ul class=\"utilichart\"><li class=\"result\"><span class=\"col movenamecol\"><a href=\"https:\/\/dex.pokemonshowdown.com\/moves\/glaiverush\">Glaive Rush<\/a><\/span> <span class=\"col typecol\"><img src=\"\/\/play.pokemonshowdown.com\/sprites\/types\/Dragon.png\" alt=\"Dragon\" width=\"32\" height=\"14\"><img src=\"\/\/play.pokemonshowdown.com\/sprites\/categories\/Physical.png\" alt=\"Physical\" width=\"32\" height=\"14\"><\/span> <span class=\"col labelcol\"><em>Power<\/em><br>120<\/span> <span class=\"col widelabelcol\"><em>Accuracy<\/em><br>100%<\/span> <span class=\"col pplabelcol\"><em>PP<\/em><br>8<\/span> <span class=\"col movedesccol\">User takes sure-hit 2x damage until its next turn.<\/span> <\/li><li style=\"clear:both\"><\/li><\/ul>\n|raw|<font size=\"1\"><font color=\"#686868\">Priority:<\/font> 0&nbsp;|&ThickSpace;<font color=\"#686868\">Gen:<\/font> 9&nbsp;|&ThickSpace;&#10003; Contact&nbsp;|&ThickSpace;<font color=\"#686868\">Z-Power:<\/font> 190&nbsp;|&ThickSpace;<font color=\"#686868\">Dynamax Power:<\/font> 140&nbsp;|&ThickSpace;<font color=\"#686868\">Target:<\/font> One Adjacent Pok\u00e9mon<\/font>\n\n|\n|t:|1700635175\n|move|p2a: Nemesis|Double-Edge|p1a: Random boi\n|-damage|p1a: Random boi|0 fnt\n|faint|p1a: Random boi\n|-damage|p2a: Nemesis|0 fnt|[from] Recoil\n|faint|p2a: Nemesis\n|\n|upkeep\n|\n|t:|1700635183\n|switch|p2a: Golden|Gholdengo|100\/100\n|switch|p1a: B l a s t|Blastoise-Mega, F|3\/100\n|-activate|p1a: B l a s t|move: Sticky Web\n|-unboost|p1a: B l a s t|spe|1\n|turn|12\n|\n|t:|1700635192\n|move|p2a: Golden|Shadow Ball|p1a: B l a s t\n|-damage|p1a: B l a s t|0 fnt\n|faint|p1a: B l a s t\n|\n|upkeep\n|\n|t:|1700635197\n|switch|p1a: Fire dance|Ogerpon-Hearthflame, F|100\/100\n|-activate|p1a: Fire dance|move: Sticky Web\n|-unboost|p1a: Fire dance|spe|1\n|-ability|p1a: Fire dance|Mold Breaker\n|turn|13\n|\n|t:|1700635205\n|move|p2a: Golden|Protect|p2a: Golden\n|-singleturn|p2a: Golden|Protect\n|move|p1a: Fire dance|Ivy Cudgel|p2a: Golden|[anim] Ivy Cudgel Fire\n|-activate|p2a: Golden|move: Protect\n|\n|upkeep\n|turn|14\n|\n|t:|1700635219\n|-terastallize|p2a: Golden|Flying\n|move|p2a: Golden|Shadow Ball|p1a: Fire dance\n|-damage|p1a: Fire dance|51\/100\n|move|p1a: Fire dance|Ivy Cudgel|p2a: Golden|[anim] Ivy Cudgel Fire\n|-damage|p2a: Golden|35\/100\n|\n|-heal|p2a: Golden|41\/100|[from] item: Leftovers\n|upkeep\n|turn|15\n|\n|t:|1700635230\n|move|p2a: Golden|Protect|p2a: Golden\n|-singleturn|p2a: Golden|Protect\n|move|p1a: Fire dance|Knock Off|p2a: Golden\n|-activate|p2a: Golden|move: Protect\n|\n|-heal|p2a: Golden|47\/100|[from] item: Leftovers\n|upkeep\n|turn|16\n|\n|t:|1700635238\n|move|p2a: Golden|Shadow Ball|p1a: Fire dance\n|-damage|p1a: Fire dance|4\/100\n|move|p1a: Fire dance|Knock Off|p2a: Golden\n|-damage|p2a: Golden|6\/100\n|-enditem|p2a: Golden|Leftovers|[from] move: Knock Off|[of] p1a: Fire dance\n|\n|upkeep\n|turn|17\n|\n|t:|1700635247\n|move|p2a: Golden|Shadow Ball|p1a: Fire dance\n|-damage|p1a: Fire dance|0 fnt\n|faint|p1a: Fire dance\n|\n|upkeep\n|\n|t:|1700635251\n|switch|p1a: Im really sry|Marshadow|100\/100\n|-activate|p1a: Im really sry|move: Sticky Web\n|-unboost|p1a: Im really sry|spe|1\n|turn|18\n|\n|t:|1700635260\n|-terastallize|p1a: Im really sry|Normal\n|move|p2a: Golden|Shadow Ball|p1a: Im really sry\n|-immune|p1a: Im really sry\n|move|p1a: Im really sry|Assurance|p2a: Golden\n|-damage|p2a: Golden|0 fnt\n|faint|p2a: Golden\n|\n|upkeep\n|\n|t:|1700635270\n|switch|p2a: Frosticuffs|Darmanitan-Galar, M|100\/100\n|turn|19\n|c|\u2606AnomalousBeing|!weakness Marshadow\n|c| AnomalousBeing|\/raw <div class=\"infobox\">Marshadow (ignoring abilities):<br \/><span class=\"message-effect-weak\">Weaknesses<\/span>: Fairy, Flying, Ghost, Psychic<br \/><span class=\"message-effect-resist\">Resistances<\/span>: <b>Bug<\/b>, Poison, Rock<br \/><span class=\"message-effect-immune\">Immunities<\/span>: Fighting, Normal, Trapping<\/div>\n|\n|t:|1700635290\n|move|p2a: Frosticuffs|Ice Punch|p1a: Im really sry\n|-damage|p1a: Im really sry|2\/100\n|move|p1a: Im really sry|Drain Punch|p2a: Frosticuffs\n|-supereffective|p2a: Frosticuffs\n|-damage|p2a: Frosticuffs|2\/100\n|-heal|p1a: Im really sry|56\/100|[from] drain|[of] p2a: Frosticuffs\n|\n|upkeep\n|turn|20\n|\n|t:|1700635303\n|move|p2a: Frosticuffs|Ice Punch|p1a: Im really sry\n|-damage|p1a: Im really sry|0 fnt\n|faint|p1a: Im really sry\n|\n|upkeep\n|\n|t:|1700635308\n|switch|p1a: Clodsire|Clodsire, M|100\/100\n|turn|21\n|\n|t:|1700635312\n|move|p2a: Frosticuffs|Ice Punch|p1a: Clodsire\n|-supereffective|p1a: Clodsire\n|-damage|p1a: Clodsire|0 fnt\n|faint|p1a: Clodsire\n|\n|win|AnomalousBeing\n|raw|Metal-sonic-simp's rating: 1057 &rarr; <strong>1046<\/strong><br \/>(-11 for losing)\n|raw|AnomalousBeing's rating: 1212 &rarr; <strong>1227<\/strong><br \/>(+15 for winning)\n|c|\u2606AnomalousBeing|Gg\n|l|\u2606Metal-sonic-simp\n","uploadtime":1700635321,"views":0,"p1id":"metalsonicsimp","p2id":"anomalousbeing","formatid":"gen9nationaldexubers","rating":1046,"private":0,"password":""}