{"id":"gen9nationaldexubers-1978698450","p1":"R1quelmee","p2":"micon01","format":"[Gen 9] National Dex Ubers","log":"|j|\u2606R1quelmee\n|j|\u2606micon01\n|t:|1698583412\n|gametype|singles\n|player|p1|R1quelmee|marnie-masters|\n|player|p2|micon01|101|\n|teamsize|p1|6\n|teamsize|p2|6\n|gen|9\n|tier|[Gen 9] National Dex Ubers\n|rule|HP Percentage Mod: HP is shown in percentages\n|rule|Endless Battle Clause: Forcing endless battles is banned\n|rule|OHKO Clause: OHKO moves are banned\n|rule|Evasion Moves Clause: Evasion moves are banned\n|rule|Evasion Items Clause: Evasion items are banned\n|rule|Species Clause: Limit one of each Pok\u00e9mon\n|rule|Sleep Clause Mod: Limit one foe put to sleep\n|rule|Mega Rayquaza Clause: You cannot mega evolve Rayquaza\n|clearpoke\n|poke|p1|Greninja-*, M|\n|poke|p1|Sylveon, F|\n|poke|p1|Melmetal|\n|poke|p1|Annihilape, M|\n|poke|p1|Charizard, M|\n|poke|p1|Haxorus, M|\n|poke|p2|Kommo-o, F|\n|poke|p2|Gyarados, F|\n|poke|p2|Alakazam, M|\n|poke|p2|Slither Wing|\n|poke|p2|Tyranitar, F|\n|poke|p2|Kingambit, F|\n|teampreview\n|\n|t:|1698583423\n|start\n|switch|p1a: Haxorus|Haxorus, M|100\/100\n|switch|p2a: Tyranitar|Tyranitar, F, shiny|100\/100\n|-ability|p1a: Haxorus|Mold Breaker\n|-weather|Sandstorm|[from] ability: Sand Stream|[of] p2a: Tyranitar\n|turn|1\n|\n|t:|1698583445\n|switch|p2a: Slither Wing|Slither Wing|100\/100\n|move|p1a: Haxorus|Outrage|p2a: Slither Wing\n|-damage|p2a: Slither Wing|12\/100\n|\n|-weather|Sandstorm|[upkeep]\n|-damage|p1a: Haxorus|94\/100|[from] Sandstorm\n|-damage|p2a: Slither Wing|6\/100|[from] Sandstorm\n|upkeep\n|turn|2\n|\n|t:|1698583455\n|move|p1a: Haxorus|Outrage|p2a: Slither Wing|[from]lockedmove\n|-damage|p2a: Slither Wing|0 fnt\n|faint|p2a: Slither Wing\n|-end|p2a: Slither Wing|Protosynthesis|[silent]\n|\n|-weather|Sandstorm|[upkeep]\n|-damage|p1a: Haxorus|88\/100|[from] Sandstorm\n|upkeep\n|inactive|Battle timer is ON: inactive players will automatically lose when time's up. (requested by R1quelmee)\n|\n|t:|1698583484\n|switch|p2a: Tyranitar|Tyranitar, F, shiny|100\/100\n|turn|3\n|\n|t:|1698583497\n|move|p1a: Haxorus|Outrage|p2a: Tyranitar|[from]lockedmove\n|-damage|p2a: Tyranitar|46\/100\n|-start|p1a: Haxorus|confusion|[fatigue]\n|move|p2a: Tyranitar|Stone Edge|p1a: Haxorus\n|-damage|p1a: Haxorus|18\/100\n|\n|-weather|Sandstorm|[upkeep]\n|-damage|p1a: Haxorus|12\/100|[from] Sandstorm\n|upkeep\n|turn|4\n|\n|t:|1698583509\n|-activate|p1a: Haxorus|confusion\n|-damage|p1a: Haxorus|0 fnt|[from] confusion\n|faint|p1a: Haxorus\n|move|p2a: Tyranitar|Crunch|p1: Haxorus|[notarget]\n|-fail|p2a: Tyranitar\n|\n|-weather|Sandstorm|[upkeep]\n|upkeep\n|\n|t:|1698583517\n|switch|p1a: Sylvie|Sylveon, F|100\/100\n|turn|5\n|\n|t:|1698583524\n|move|p2a: Tyranitar|Stone Edge|p1a: Sylvie\n|-crit|p1a: Sylvie\n|-damage|p1a: Sylvie|0 fnt\n|faint|p1a: Sylvie\n|\n|-weather|none\n|upkeep\n|\n|t:|1698583528\n|switch|p1a: Greninja|Greninja, M, shiny|100\/100\n|turn|6\n|\n|t:|1698583536\n|move|p1a: Greninja|Surf|p2a: Tyranitar\n|-start|p1a: Greninja|typechange|Water|[from] ability: Protean\n|-supereffective|p2a: Tyranitar\n|-damage|p2a: Tyranitar|0 fnt\n|faint|p2a: Tyranitar\n|\n|upkeep\n|\n|t:|1698583544\n|switch|p2a: Alakazam|Alakazam, M, shiny|100\/100\n|turn|7\n|\n|t:|1698583548\n|move|p1a: Greninja|Dark Pulse|p2a: Alakazam\n|-supereffective|p2a: Alakazam\n|-damage|p2a: Alakazam|32\/100\n|move|p2a: Alakazam|Energy Ball|p1a: Greninja\n|-supereffective|p1a: Greninja\n|-damage|p1a: Greninja|0 fnt\n|faint|p1a: Greninja\n|\n|upkeep\n|\n|t:|1698583565\n|switch|p1a: Charizard|Charizard, M|100\/100\n|turn|8\n|\n|t:|1698583581\n|switch|p2a: Gyarados|Gyarados, F, shiny|100\/100\n|-ability|p2a: Gyarados|Intimidate|boost\n|-unboost|p1a: Charizard|atk|1\n|detailschange|p1a: Charizard|Charizard-Mega-Y, M\n|-mega|p1a: Charizard|Charizard|Charizardite Y\n|-weather|SunnyDay|[from] ability: Drought|[of] p1a: Charizard\n|move|p1a: Charizard|Flamethrower|p2a: Gyarados\n|-resisted|p2a: Gyarados\n|-damage|p2a: Gyarados|57\/100\n|\n|-weather|SunnyDay|[upkeep]\n|upkeep\n|turn|9\n|\n|t:|1698583599\n|detailschange|p2a: Gyarados|Gyarados-Mega, F, shiny\n|-mega|p2a: Gyarados|Gyarados|Gyaradosite\n|-ability|p2a: Gyarados|Mold Breaker\n|move|p1a: Charizard|Solar Beam||[still]\n|-prepare|p1a: Charizard|Solar Beam\n|-anim|p1a: Charizard|Solar Beam|p2a: Gyarados\n|-supereffective|p2a: Gyarados\n|-damage|p2a: Gyarados|0 fnt\n|faint|p2a: Gyarados\n|\n|-weather|SunnyDay|[upkeep]\n|upkeep\n|\n|t:|1698583612\n|switch|p2a: Alakazam|Alakazam, M, shiny|32\/100\n|turn|10\n|\n|t:|1698583616\n|-terastallize|p2a: Alakazam|Psychic\n|move|p2a: Alakazam|Psychic|p1a: Charizard\n|-damage|p1a: Charizard|0 fnt\n|faint|p1a: Charizard\n|\n|-weather|SunnyDay|[upkeep]\n|upkeep\n|\n|t:|1698583630\n|switch|p1a: Melmetal|Melmetal, shiny|100\/100\n|turn|11\n|\n|t:|1698583641\n|move|p2a: Alakazam|Psychic|p1a: Melmetal\n|-resisted|p1a: Melmetal\n|-damage|p1a: Melmetal|57\/100\n|-unboost|p1a: Melmetal|spd|1\n|move|p1a: Melmetal|Ice Punch|p2a: Alakazam\n|-damage|p2a: Alakazam|0 fnt\n|faint|p2a: Alakazam\n|\n|-weather|SunnyDay|[upkeep]\n|-heal|p1a: Melmetal|63\/100|[from] item: Leftovers\n|upkeep\n|\n|t:|1698583652\n|switch|p2a: Kommo-o|Kommo-o, F|100\/100\n|turn|12\n|\n|t:|1698583661\n|-terastallize|p1a: Melmetal|Water\n|-zpower|p2a: Kommo-o\n|move|p2a: Kommo-o|Clangorous Soulblaze|p1a: Melmetal|[zeffect]\n|-damage|p1a: Melmetal|0 fnt\n|faint|p1a: Melmetal\n|-boost|p2a: Kommo-o|atk|1\n|-boost|p2a: Kommo-o|def|1\n|-boost|p2a: Kommo-o|spa|1\n|-boost|p2a: Kommo-o|spd|1\n|-boost|p2a: Kommo-o|spe|1\n|\n|-weather|none\n|upkeep\n|\n|t:|1698583675\n|switch|p1a: Annihilape|Annihilape, M|100\/100\n|turn|13\n|\n|t:|1698583683\n|move|p2a: Kommo-o|Clanging Scales|p1a: Annihilape\n|-damage|p1a: Annihilape|48\/100\n|-unboost|p2a: Kommo-o|def|1\n|move|p1a: Annihilape|Taunt|p2a: Kommo-o\n|-start|p2a: Kommo-o|move: Taunt\n|\n|-heal|p1a: Annihilape|54\/100|[from] item: Leftovers\n|upkeep\n|turn|14\n|\n|t:|1698583695\n|move|p2a: Kommo-o|Dragon Pulse|p1a: Annihilape\n|-damage|p1a: Annihilape|16\/100\n|move|p1a: Annihilape|Rage Fist|p2a: Kommo-o\n|-damage|p2a: Kommo-o|45\/100\n|\n|-heal|p1a: Annihilape|22\/100|[from] item: Leftovers\n|upkeep\n|turn|15\n|\n|t:|1698583705\n|move|p2a: Kommo-o|Dragon Pulse|p1a: Annihilape\n|-damage|p1a: Annihilape|0 fnt\n|faint|p1a: Annihilape\n|\n|win|micon01\n|l|\u2606R1quelmee\n","uploadtime":1698583719,"views":12,"p1id":"r1quelmee","p2id":"micon01","formatid":"gen9nationaldexubers","rating":0,"private":0,"password":""}