{"id":"gen9nationaldexubers-1999293879","p1":"CryAndComplain23","p2":"A$AP No Rocky","format":"[Gen 9] National Dex Ubers","log":"|j|\u2606CryAndComplain23\n|j|\u2606A$AP No Rocky\n|t:|1701056188\n|gametype|singles\n|player|p1|CryAndComplain23|guzma|\n|player|p2|A$AP No Rocky|101|\n|teamsize|p1|6\n|teamsize|p2|6\n|gen|9\n|tier|[Gen 9] National Dex Ubers\n|rule|HP Percentage Mod: HP is shown in percentages\n|rule|Endless Battle Clause: Forcing endless battles is banned\n|rule|OHKO Clause: OHKO moves are banned\n|rule|Evasion Moves Clause: Evasion moves are banned\n|rule|Evasion Items Clause: Evasion items are banned\n|rule|Species Clause: Limit one of each Pok\u00e9mon\n|rule|Sleep Clause Mod: Limit one foe put to sleep\n|rule|Mega Rayquaza Clause: You cannot mega evolve Rayquaza\n|clearpoke\n|poke|p1|Corviknight, M|\n|poke|p1|Blacephalon|\n|poke|p1|Great Tusk|\n|poke|p1|Kingambit, M|\n|poke|p1|Zapdos-Galar|\n|poke|p1|Slowking-Galar, M|\n|poke|p2|Weezing-Galar, F|\n|poke|p2|Diggersby, M|\n|poke|p2|Conkeldurr, F|\n|poke|p2|Milotic, F|\n|poke|p2|Infernape, F|\n|poke|p2|Thundurus, M|\n|teampreview\n|j| Hotpepper22\n|l|\u2606CryAndComplain23\n|player|p1|\n|j| Slumpyboocus\n|inactive|Battle timer is ON: inactive players will automatically lose when time's up. (requested by A$AP No Rocky)\n|j|\u2606CryAndComplain23\n|inactive|CryAndComplain23 reconnected and has 300 seconds left.\n|player|p1|CryAndComplain23|guzma\n|j| geeb69\n|inactive|CryAndComplain23 has 270 seconds left.\n|\n|t:|1701056265\n|start\n|switch|p1a: Weird and Gilly|Slowking-Galar, M|100\/100\n|switch|p2a: Thundurus|Thundurus, M|100\/100\n|turn|1\n|inactive|CryAndComplain23 has 270 seconds left.\n|\n|t:|1701056296\n|switch|p2a: Conkeldurr|Conkeldurr, F|100\/100\n|move|p1a: Weird and Gilly|Sludge Wave|p2a: Conkeldurr\n|-damage|p2a: Conkeldurr|76\/100\n|\n|upkeep\n|turn|2\n|inactive|CryAndComplain23 has 270 seconds left.\n|\n|t:|1701056313\n|switch|p1a: Under Pressure|Corviknight, M, shiny|100\/100\n|-ability|p1a: Under Pressure|Pressure\n|move|p2a: Conkeldurr|Knock Off|p1a: Under Pressure\n|-damage|p1a: Under Pressure|76\/100\n|-enditem|p1a: Under Pressure|Covert Cloak|[from] move: Knock Off|[of] p2a: Conkeldurr\n|\n|upkeep\n|turn|3\n|j| Coldramen57\n|inactive|CryAndComplain23 has 270 seconds left.\n|\n|t:|1701056333\n|move|p1a: Under Pressure|Spite|p2a: Conkeldurr\n|-activate|p2a: Conkeldurr|move: Spite|Knock Off|4\n|move|p2a: Conkeldurr|Drain Punch|p1a: Under Pressure\n|-damage|p1a: Under Pressure|47\/100\n|-heal|p2a: Conkeldurr|93\/100|[from] drain|[of] p1a: Under Pressure\n|\n|upkeep\n|turn|4\n|inactive|CryAndComplain23 has 270 seconds left.\n|\n|t:|1701056344\n|move|p1a: Under Pressure|Spite|p2a: Conkeldurr\n|-activate|p2a: Conkeldurr|move: Spite|Drain Punch|4\n|move|p2a: Conkeldurr|Drain Punch|p1a: Under Pressure\n|-damage|p1a: Under Pressure|20\/100\n|-heal|p2a: Conkeldurr|100\/100|[from] drain|[of] p1a: Under Pressure\n|\n|upkeep\n|turn|5\n|\n|t:|1701056352\n|switch|p1a: Groovy Bastard|Blacephalon|100\/100\n|move|p2a: Conkeldurr|Earthquake|p1a: Groovy Bastard\n|-supereffective|p1a: Groovy Bastard\n|-damage|p1a: Groovy Bastard|0 fnt\n|faint|p1a: Groovy Bastard\n|\n|upkeep\n|inactive|CryAndComplain23 has 270 seconds left.\n|\n|t:|1701056366\n|switch|p1a: Let\u2019s Dance|Zapdos-Galar|100\/100\n|turn|6\n|\n|t:|1701056372\n|switch|p2a: Milotic|Milotic, F|100\/100\n|move|p1a: Let\u2019s Dance|Brave Bird|p2a: Milotic\n|-damage|p2a: Milotic|42\/100\n|-damage|p1a: Let\u2019s Dance|81\/100|[from] Recoil\n|\n|-status|p2a: Milotic|brn|[from] item: Flame Orb\n|upkeep\n|turn|7\n|\n|t:|1701056380\n|move|p1a: Let\u2019s Dance|Brave Bird|p2a: Milotic\n|-damage|p2a: Milotic|3\/100 brn\n|-damage|p1a: Let\u2019s Dance|67\/100|[from] Recoil\n|move|p2a: Milotic|Recover|p2a: Milotic\n|-heal|p2a: Milotic|53\/100 brn\n|\n|-damage|p2a: Milotic|47\/100 brn|[from] brn\n|upkeep\n|turn|8\n|\n|t:|1701056391\n|switch|p1a: Weird and Gilly|Slowking-Galar, M|100\/100\n|move|p2a: Milotic|Recover|p2a: Milotic\n|-heal|p2a: Milotic|97\/100 brn\n|\n|-damage|p2a: Milotic|91\/100 brn|[from] brn\n|upkeep\n|turn|9\n|\n|t:|1701056408\n|switch|p2a: Conkeldurr|Conkeldurr, F|100\/100\n|move|p1a: Weird and Gilly|Future Sight|p2a: Conkeldurr\n|-start|p1a: Weird and Gilly|move: Future Sight\n|\n|upkeep\n|turn|10\n|\n|t:|1701056430\n|switch|p1a: Let\u2019s Dance|Zapdos-Galar|67\/100\n|move|p2a: Conkeldurr|Knock Off|p1a: Let\u2019s Dance\n|-resisted|p1a: Let\u2019s Dance\n|-damage|p1a: Let\u2019s Dance|45\/100\n|-enditem|p1a: Let\u2019s Dance|Choice Scarf|[from] move: Knock Off|[of] p2a: Conkeldurr\n|\n|upkeep\n|turn|11\n|\n|t:|1701056439\n|switch|p2a: Milotic|Milotic, F|91\/100 brn\n|move|p1a: Let\u2019s Dance|Brave Bird|p2a: Milotic\n|-damage|p2a: Milotic|50\/100 brn\n|-damage|p1a: Let\u2019s Dance|31\/100|[from] Recoil\n|\n|-end|p2a: Milotic|move: Future Sight\n|-damage|p2a: Milotic|20\/100 brn\n|-damage|p2a: Milotic|13\/100 brn|[from] brn\n|upkeep\n|turn|12\n|\n|t:|1701056466\n|move|p1a: Let\u2019s Dance|Knock Off|p2a: Milotic\n|-damage|p2a: Milotic|0 fnt\n|-enditem|p2a: Milotic|Flame Orb|[from] move: Knock Off|[of] p1a: Let\u2019s Dance\n|faint|p2a: Milotic\n|\n|upkeep\n|inactive|A$AP No Rocky has 270 seconds left.\n|\n|t:|1701056483\n|switch|p2a: Infernape|Infernape, F|100\/100\n|turn|13\n|\n|t:|1701056489\n|move|p2a: Infernape|Close Combat|p1a: Let\u2019s Dance\n|-resisted|p1a: Let\u2019s Dance\n|-damage|p1a: Let\u2019s Dance|0 fnt\n|-unboost|p2a: Infernape|def|1\n|-unboost|p2a: Infernape|spd|1\n|faint|p1a: Let\u2019s Dance\n|-damage|p2a: Infernape|91\/100|[from] item: Life Orb\n|\n|upkeep\n|inactive|CryAndComplain23 has 270 seconds left.\n|\n|t:|1701056517\n|switch|p1a: Weird and Gilly|Slowking-Galar, M|100\/100\n|turn|14\n|\n|t:|1701056523\n|move|p2a: Infernape|Earthquake|p1a: Weird and Gilly\n|-supereffective|p1a: Weird and Gilly\n|-damage|p1a: Weird and Gilly|14\/100\n|-damage|p2a: Infernape|81\/100|[from] item: Life Orb\n|move|p1a: Weird and Gilly|Future Sight|p2a: Infernape\n|-start|p1a: Weird and Gilly|move: Future Sight\n|\n|upkeep\n|turn|15\n|\n|t:|1701056535\n|switch|p1a: Under Pressure|Corviknight, M, shiny|20\/100\n|-ability|p1a: Under Pressure|Pressure\n|move|p2a: Infernape|Flare Blitz|p1a: Under Pressure\n|-supereffective|p1a: Under Pressure\n|-damage|p1a: Under Pressure|0 fnt\n|faint|p1a: Under Pressure\n|-damage|p2a: Infernape|72\/100|[from] Recoil\n|-damage|p2a: Infernape|62\/100|[from] item: Life Orb\n|\n|upkeep\n|inactive|CryAndComplain23 has 270 seconds left.\n|\n|t:|1701056561\n|switch|p1a: Weird and Gilly|Slowking-Galar, M|47\/100\n|turn|16\n|\n|t:|1701056567\n|move|p2a: Infernape|Flare Blitz|p1a: Weird and Gilly\n|-damage|p1a: Weird and Gilly|0 fnt\n|faint|p1a: Weird and Gilly\n|-damage|p2a: Infernape|41\/100|[from] Recoil\n|-damage|p2a: Infernape|31\/100|[from] item: Life Orb\n|\n|-end|p2a: Infernape|move: Future Sight\n|-supereffective|p2a: Infernape\n|-damage|p2a: Infernape|0 fnt\n|faint|p2a: Infernape\n|upkeep\n|\n|t:|1701056582\n|switch|p2a: Conkeldurr|Conkeldurr, F|100\/100\n|switch|p1a: Scary Monsters\u2026|Great Tusk|100\/100\n|-enditem|p1a: Scary Monsters\u2026|Booster Energy\n|-activate|p1a: Scary Monsters\u2026|ability: Protosynthesis|[fromitem]\n|-start|p1a: Scary Monsters\u2026|protosynthesisatk\n|turn|17\n|\n|t:|1701056594\n|move|p1a: Scary Monsters\u2026|Close Combat|p2a: Conkeldurr\n|-damage|p2a: Conkeldurr|16\/100\n|-unboost|p1a: Scary Monsters\u2026|def|1\n|-unboost|p1a: Scary Monsters\u2026|spd|1\n|move|p2a: Conkeldurr|Ice Punch|p1a: Scary Monsters\u2026\n|-supereffective|p1a: Scary Monsters\u2026\n|-damage|p1a: Scary Monsters\u2026|37\/100\n|\n|upkeep\n|turn|18\n|\n|t:|1701056605\n|move|p1a: Scary Monsters\u2026|Rapid Spin|p2a: Conkeldurr\n|-damage|p2a: Conkeldurr|0 fnt\n|-boost|p1a: Scary Monsters\u2026|spe|1\n|faint|p2a: Conkeldurr\n|\n|upkeep\n|\n|t:|1701056611\n|switch|p2a: Diggersby|Diggersby, M|100\/100\n|turn|19\n|\n|t:|1701056627\n|-end|p1a: Scary Monsters\u2026|Protosynthesis|[silent]\n|switch|p1a: Major Tom|Kingambit, M|100\/100\n|-activate|p1a: Major Tom|ability: Supreme Overlord\n|-start|p1a: Major Tom|fallen4|[silent]\n|move|p2a: Diggersby|Earthquake|p1a: Major Tom\n|-supereffective|p1a: Major Tom\n|-damage|p1a: Major Tom|1\/100\n|\n|upkeep\n|turn|20\n|\n|t:|1701056643\n|move|p1a: Major Tom|Sucker Punch|p2a: Diggersby\n|-damage|p2a: Diggersby|6\/100\n|move|p2a: Diggersby|U-turn|p1a: Major Tom\n|-damage|p1a: Major Tom|0 fnt\n|faint|p1a: Major Tom\n|-end|p1a: Major Tom|fallen4|[silent]\n|\n|t:|1701056653\n|switch|p2a: Thundurus|Thundurus, M|100\/100|[from] U-turn\n|\n|upkeep\n|\n|t:|1701056657\n|switch|p1a: Scary Monsters\u2026|Great Tusk|37\/100\n|turn|21\n|\n|t:|1701056662\n|move|p2a: Thundurus|Hidden Power|p1a: Scary Monsters\u2026\n|-supereffective|p1a: Scary Monsters\u2026\n|-damage|p1a: Scary Monsters\u2026|0 fnt\n|faint|p1a: Scary Monsters\u2026\n|-end|p1a: Scary Monsters\u2026|Protosynthesis|[silent]\n|-damage|p2a: Thundurus|91\/100|[from] item: Life Orb\n|\n|win|A$AP No Rocky\n|c|\u2606A$AP No Rocky|GG\n","uploadtime":1701056667,"views":24,"p1id":"cryandcomplain23","p2id":"aapnorocky","formatid":"gen9nationaldexubers","rating":0,"private":0,"password":""}