{"id":"gen9nationaldexubers-1992107037","p1":"bepsi-can","p2":"El!te 00f","format":"[Gen 9] National Dex Ubers","log":"|j|\u2606bepsi-can\n|j|\u2606El!te 00f\n|t:|1700155674\n|gametype|singles\n|player|p1|bepsi-can|elesa|\n|player|p2|El!te 00f|serena-masters2|\n|teamsize|p1|6\n|teamsize|p2|6\n|gen|9\n|tier|[Gen 9] National Dex Ubers\n|rule|HP Percentage Mod: HP is shown in percentages\n|rule|Endless Battle Clause: Forcing endless battles is banned\n|rule|OHKO Clause: OHKO moves are banned\n|rule|Evasion Moves Clause: Evasion moves are banned\n|rule|Evasion Items Clause: Evasion items are banned\n|rule|Species Clause: Limit one of each Pok\u00e9mon\n|rule|Sleep Clause Mod: Limit one foe put to sleep\n|rule|Mega Rayquaza Clause: You cannot mega evolve Rayquaza\n|clearpoke\n|poke|p1|Slowbro, F|\n|poke|p1|Camerupt, F|\n|poke|p1|Cofagrigus, M|\n|poke|p1|Crawdaunt, F|\n|poke|p1|Rampardos, F|\n|poke|p1|Bronzong|\n|poke|p2|Pelipper, M|\n|poke|p2|Cyclizar, F|\n|poke|p2|Kingdra, F|\n|poke|p2|Manectric, F|\n|poke|p2|Durant, F|\n|poke|p2|Amoonguss, M|\n|teampreview\n|inactive|Battle timer is ON: inactive players will automatically lose when time's up. (requested by bepsi-can)\n|\n|t:|1700155687\n|start\n|switch|p1a: Fnaf|Slowbro, F, shiny|100\/100\n|switch|p2a: \u00bfCom\u00f3 estas usted?|Durant, F|100\/100\n|turn|1\n|\n|t:|1700155692\n|switch|p1a: Umbreen|Camerupt, F, shiny|100\/100\n|move|p2a: \u00bfCom\u00f3 estas usted?|First Impression|p1a: Umbreen\n|-resisted|p1a: Umbreen\n|-damage|p1a: Umbreen|44\/100\n|\n|upkeep\n|turn|2\n|\n|t:|1700155698\n|detailschange|p1a: Umbreen|Camerupt-Mega, F, shiny\n|-mega|p1a: Umbreen|Camerupt|Cameruptite\n|move|p2a: \u00bfCom\u00f3 estas usted?|Stomping Tantrum|p1a: Umbreen|[miss]\n|-miss|p2a: \u00bfCom\u00f3 estas usted?|p1a: Umbreen\n|move|p1a: Umbreen|Flamethrower|p2a: \u00bfCom\u00f3 estas usted?\n|-supereffective|p2a: \u00bfCom\u00f3 estas usted?\n|-damage|p2a: \u00bfCom\u00f3 estas usted?|0 fnt\n|faint|p2a: \u00bfCom\u00f3 estas usted?\n|\n|upkeep\n|c|\u2606bepsi-can|you see\n|c|\u2606El!te 00f|I killed\n|c|\u2606bepsi-can|im simply better\n|c|\u2606bepsi-can|!dt stomping tantrum\n|raw|<ul class=\"utilichart\"><li class=\"result\"><span class=\"col movenamecol\"><a href=\"https:\/\/dex.pokemonshowdown.com\/moves\/stompingtantrum\">Stomping Tantrum<\/a><\/span> <span class=\"col typecol\"><img src=\"\/\/play.pokemonshowdown.com\/sprites\/types\/Ground.png\" alt=\"Ground\" width=\"32\" height=\"14\"><img src=\"\/\/play.pokemonshowdown.com\/sprites\/categories\/Physical.png\" alt=\"Physical\" width=\"32\" height=\"14\"><\/span> <span class=\"col labelcol\"><em>Power<\/em><br>75<\/span> <span class=\"col widelabelcol\"><em>Accuracy<\/em><br>100%<\/span> <span class=\"col pplabelcol\"><em>PP<\/em><br>16<\/span> <span class=\"col movedesccol\">Power doubles if the user's last move failed.<\/span> <\/li><li style=\"clear:both\"><\/li><\/ul>\n|raw|<font size=\"1\"><font color=\"#686868\">Priority:<\/font> 0&nbsp;|&ThickSpace;<font color=\"#686868\">Gen:<\/font> 7&nbsp;|&ThickSpace;&#10003; Contact&nbsp;|&ThickSpace;<font color=\"#686868\">Z-Power:<\/font> 140&nbsp;|&ThickSpace;<font color=\"#686868\">Dynamax Power:<\/font> 130&nbsp;|&ThickSpace;<font color=\"#686868\">Target:<\/font> One Adjacent Pok\u00e9mon<\/font>\n\n|c|\u2606bepsi-can|just\n|c|\u2606bepsi-can|hit it\n|\n|t:|1700155725\n|switch|p2a: Queendra|Kingdra, F, shiny|100\/100\n|turn|3\n|\n|t:|1700155732\n|switch|p1a: Fnaf|Slowbro, F, shiny|100\/100\n|move|p2a: Queendra|Hydro Pump|p1a: Fnaf\n|-resisted|p1a: Fnaf\n|-damage|p1a: Fnaf|64\/100\n|\n|-heal|p1a: Fnaf|70\/100|[from] item: Leftovers\n|upkeep\n|turn|4\n|\n|t:|1700155738\n|switch|p2a: I'm Boutta Vent|Amoonguss, M|100\/100\n|switch|p1a: Drippiest Bed|Cofagrigus, M, shiny|100\/100\n|\n|upkeep\n|turn|5\n|\n|t:|1700155745\n|move|p2a: I'm Boutta Vent|Spore|p1a: Drippiest Bed\n|-status|p1a: Drippiest Bed|slp|[from] move: Spore\n|cant|p1a: Drippiest Bed|slp\n|\n|upkeep\n|turn|6\n|c|\u2606bepsi-can|wp\n|\n|t:|1700155749\n|move|p2a: I'm Boutta Vent|Foul Play|p1a: Drippiest Bed\n|-supereffective|p1a: Drippiest Bed\n|-enditem|p1a: Drippiest Bed|Colbur Berry|[eat]\n|-enditem|p1a: Drippiest Bed|Colbur Berry|[weaken]\n|-damage|p1a: Drippiest Bed|93\/100 slp\n|-activate|p1a: Drippiest Bed|ability: Mummy|Regenerator|[of] p2a: I'm Boutta Vent\n|cant|p1a: Drippiest Bed|slp\n|\n|upkeep\n|turn|7\n|c|\u2606El!te 00f|nice berry\n|c|\u2606bepsi-can|ikr\n|c|\u2606bepsi-can|its really good with the set i chose\n|c|\u2606bepsi-can|i can absolutely destroy a dark type\n|inactive|El!te 00f has 270 seconds left.\n|c|\u2606bepsi-can|like rip them in 2\n|\n|t:|1700155785\n|switch|p2a: TheySeeMeRollin'|Cyclizar, F, shiny|100\/100\n|cant|p1a: Drippiest Bed|slp\n|\n|upkeep\n|turn|8\n|inactive|El!te 00f has 270 seconds left.\n|\n|t:|1700155790\n|move|p2a: TheySeeMeRollin'|Dragon Tail|p1a: Drippiest Bed\n|-damage|p1a: Drippiest Bed|78\/100 slp\n|-activate|p1a: Drippiest Bed|ability: Mummy|Regenerator|[of] p2a: TheySeeMeRollin'\n|drag|p1a: Umbreen|Camerupt-Mega, F, shiny|44\/100\n|\n|upkeep\n|turn|9\n|\n|t:|1700155797\n|move|p2a: TheySeeMeRollin'|Draco Meteor|p1a: Umbreen\n|-damage|p1a: Umbreen|5\/100\n|-unboost|p2a: TheySeeMeRollin'|spa|2\n|move|p1a: Umbreen|Earth Power|p2a: TheySeeMeRollin'\n|-damage|p2a: TheySeeMeRollin'|3\/100\n|\n|upkeep\n|turn|10\n|\n|t:|1700155804\n|move|p2a: TheySeeMeRollin'|Rapid Spin|p1a: Umbreen\n|-damage|p1a: Umbreen|0 fnt\n|-boost|p2a: TheySeeMeRollin'|spe|1\n|faint|p1a: Umbreen\n|\n|upkeep\n|\n|t:|1700155808\n|switch|p1a: Youngflyonthetrack|Bronzong, shiny|100\/100\n|turn|11\n|c|\u2606El!te 00f|I'm probably minus spatx\n|c|\u2606El!te 00f|I need to fix that\n|c|\u2606bepsi-can|you know what time it is\n|\n|t:|1700155822\n|move|p2a: TheySeeMeRollin'|Dragon Tail|p1a: Youngflyonthetrack\n|-resisted|p1a: Youngflyonthetrack\n|-damage|p1a: Youngflyonthetrack|92\/100\n|drag|p1a: RAHHH|Rampardos, F|100\/100\n|\n|upkeep\n|turn|12\n|c|\u2606bepsi-can|ooh\n|c|\u2606El!te 00f|no fun for you\n|c|\u2606bepsi-can|never mind\n|c|\u2606bepsi-can|its not that time\n|c|\u2606bepsi-can|trust me\n|\n|t:|1700155838\n|switch|p2a: BIRD-UP|Pelipper, M|100\/100\n|-weather|RainDance|[from] ability: Drizzle|[of] p2a: BIRD-UP\n|move|p1a: RAHHH|Rock Slide|p2a: BIRD-UP\n|-supereffective|p2a: BIRD-UP\n|-damage|p2a: BIRD-UP|0 fnt\n|faint|p2a: BIRD-UP\n|\n|-weather|RainDance|[upkeep]\n|upkeep\n|\n|t:|1700155849\n|switch|p2a: Goofy Lookin' MoFo|Manectric, F, shiny|100\/100\n|turn|13\n|c|\u2606bepsi-can|i was gonna say draco killed\n|\n|t:|1700155854\n|detailschange|p2a: Goofy Lookin' MoFo|Manectric-Mega, F, shiny\n|-mega|p2a: Goofy Lookin' MoFo|Manectric|Manectite\n|-ability|p2a: Goofy Lookin' MoFo|Intimidate|boost\n|-unboost|p1a: RAHHH|atk|1\n|move|p2a: Goofy Lookin' MoFo|Thunder|p1a: RAHHH\n|-crit|p1a: RAHHH\n|-damage|p1a: RAHHH|0 fnt\n|faint|p1a: RAHHH\n|\n|-weather|RainDance|[upkeep]\n|upkeep\n|\n|t:|1700155859\n|switch|p1a: Youngflyonthetrack|Bronzong, shiny|92\/100\n|turn|14\n|\n|t:|1700155865\n|move|p2a: Goofy Lookin' MoFo|Thunder|p1a: Youngflyonthetrack\n|-damage|p1a: Youngflyonthetrack|38\/100\n|move|p1a: Youngflyonthetrack|Trick Room|p1a: Youngflyonthetrack\n|-fieldstart|move: Trick Room|[of] p1a: Youngflyonthetrack\n|\n|-weather|RainDance|[upkeep]\n|upkeep\n|turn|15\n|c|\u2606bepsi-can|now is not the time for jokes\n|c|\u2606bepsi-can|i really want to test\n|\n|t:|1700155881\n|switch|p2a: I'm Boutta Vent|Amoonguss, M|100\/100\n|-terastallize|p1a: Youngflyonthetrack|Steel\n|move|p1a: Youngflyonthetrack|Gyro Ball|p2a: I'm Boutta Vent\n|-damage|p2a: I'm Boutta Vent|77\/100\n|-damage|p1a: Youngflyonthetrack|22\/100|[from] item: Rocky Helmet|[of] p2a: I'm Boutta Vent\n|-damage|p1a: Youngflyonthetrack|12\/100|[from] item: Life Orb\n|\n|-weather|RainDance|[upkeep]\n|upkeep\n|turn|16\n|\n|t:|1700155891\n|move|p1a: Youngflyonthetrack|Ice Spinner|p2a: I'm Boutta Vent\n|-supereffective|p2a: I'm Boutta Vent\n|-damage|p2a: I'm Boutta Vent|27\/100\n|-damage|p1a: Youngflyonthetrack|0 fnt|[from] item: Rocky Helmet|[of] p2a: I'm Boutta Vent\n|faint|p1a: Youngflyonthetrack\n|move|p2a: I'm Boutta Vent|Foul Play|p1: Youngflyonthetrack|[notarget]\n|-fail|p2a: I'm Boutta Vent\n|\n|-weather|RainDance|[upkeep]\n|upkeep\n|c|\u2606El!te 00f|amongus\n|\n|t:|1700155897\n|switch|p1a: Clawmeister|Crawdaunt, F|100\/100\n|turn|17\n|c|\u2606bepsi-can|2 turns of tr\n|c|\u2606bepsi-can|so 2 kills\n|c|\u2606bepsi-can|>:)\n|inactive|El!te 00f has 270 seconds left.\n|\n|t:|1700155934\n|move|p2a: I'm Boutta Vent|Spore|p1a: Clawmeister\n|-message|Sleep Clause Mod activated.\n|-hint|Sleep Clause Mod prevents players from putting more than one of their opponent's Pok\u00e9mon to sleep at a time\n|move|p1a: Clawmeister|Crabhammer|p2a: I'm Boutta Vent|[miss]\n|-miss|p1a: Clawmeister|p2a: I'm Boutta Vent\n|\n|-weather|RainDance|[upkeep]\n|upkeep\n|turn|18\n|c|\u2606bepsi-can|dumbass\n|\n|t:|1700155941\n|move|p2a: I'm Boutta Vent|Giga Drain|p1a: Clawmeister\n|-supereffective|p1a: Clawmeister\n|-damage|p1a: Clawmeister|20\/100\n|-heal|p2a: I'm Boutta Vent|58\/100|[from] drain|[of] p1a: Clawmeister\n|move|p1a: Clawmeister|Crabhammer|p2a: I'm Boutta Vent\n|-resisted|p2a: I'm Boutta Vent\n|-damage|p2a: I'm Boutta Vent|0 fnt\n|-damage|p1a: Clawmeister|4\/100|[from] item: Rocky Helmet|[of] p2a: I'm Boutta Vent\n|faint|p2a: I'm Boutta Vent\n|\n|-weather|RainDance|[upkeep]\n|-fieldend|move: Trick Room\n|upkeep\n|c|\u2606bepsi-can|i mean\n|c|\u2606bepsi-can|friend\n|inactive|El!te 00f has 270 seconds left.\n|\n|t:|1700155951\n|switch|p2a: Goofy Lookin' MoFo|Manectric-Mega, F, shiny|100\/100\n|-ability|p2a: Goofy Lookin' MoFo|Intimidate|boost\n|-unboost|p1a: Clawmeister|atk|1\n|turn|19\n|c|\u2606El!te 00f|gg ex\n|c|\u2606El!te 00f|z\n|\n|t:|1700155959\n|switch|p1a: Drippiest Bed|Cofagrigus, M, shiny|78\/100 slp\n|move|p2a: Goofy Lookin' MoFo|Thunder|p1a: Drippiest Bed\n|-crit|p1a: Drippiest Bed\n|-damage|p1a: Drippiest Bed|0 fnt\n|faint|p1a: Drippiest Bed\n|\n|-weather|none\n|upkeep\n|c|\u2606bepsi-can|e\n|c|\u2606bepsi-can|ex\n|c|\u2606bepsi-can|ex\n|c|\u2606bepsi-can|ex\n|c|\u2606bepsi-can|ex\n|c|\u2606bepsi-can|ex\n|c|\u2606bepsi-can|ex\n|c|\u2606bepsi-can|dont run sleep next time\n|c|\u2606bepsi-can|snort that copium harder\n|\n|t:|1700155972\n|switch|p1a: Fnaf|Slowbro, F, shiny|100\/100\n|turn|20\n|c|\u2606El!te 00f|cry about it pleb\n|\n|t:|1700155976\n|move|p2a: Goofy Lookin' MoFo|Volt Switch|p1a: Fnaf\n|-supereffective|p1a: Fnaf\n|-damage|p1a: Fnaf|15\/100\n|\n|t:|1700155979\n|switch|p2a: TheySeeMeRollin'|Cyclizar, F, shiny|3\/100|[from] Volt Switch\n|move|p1a: Fnaf|Trick Room|p1a: Fnaf\n|-fieldstart|move: Trick Room|[of] p1a: Fnaf\n|\n|-heal|p1a: Fnaf|21\/100|[from] item: Leftovers\n|upkeep\n|turn|21\n|c|\u2606bepsi-can|thats what i fucking thought\n|\n|t:|1700155985\n|move|p1a: Fnaf|Scald|p2a: TheySeeMeRollin'\n|-resisted|p2a: TheySeeMeRollin'\n|-crit|p2a: TheySeeMeRollin'\n|-damage|p2a: TheySeeMeRollin'|0 fnt\n|faint|p2a: TheySeeMeRollin'\n|\n|-heal|p1a: Fnaf|27\/100|[from] item: Leftovers\n|upkeep\n|\n|t:|1700155993\n|switch|p2a: Queendra|Kingdra, F, shiny|100\/100\n|turn|22\n|c|\u2606bepsi-can|g-g-g-g-get fucked\n|c|\u2606El!te 00f|intmidate\n|inactive|El!te 00f has 270 seconds left.\n|\n|t:|1700156024\n|move|p1a: Fnaf|Psychic|p2a: Queendra\n|-damage|p2a: Queendra|50\/100\n|-unboost|p2a: Queendra|spd|1\n|move|p2a: Queendra|Draco Meteor|p1a: Fnaf\n|-damage|p1a: Fnaf|0 fnt\n|-unboost|p2a: Queendra|spa|2\n|faint|p1a: Fnaf\n|\n|upkeep\n|\n|t:|1700156027\n|switch|p1a: Clawmeister|Crawdaunt, F|4\/100\n|turn|23\n|\n|t:|1700156038\n|move|p1a: Clawmeister|Crabhammer|p2a: Queendra\n|-resisted|p2a: Queendra\n|-damage|p2a: Queendra|18\/100\n|move|p2a: Queendra|Draco Meteor|p1a: Clawmeister\n|-damage|p1a: Clawmeister|0 fnt\n|-unboost|p2a: Queendra|spa|2\n|faint|p1a: Clawmeister\n|\n|win|El!te 00f\n|c|\u2606El!te 00f|get fucked\n|c|\u2606bepsi-can|gg\n|c|\u2606El!te 00f|gg\n|c|\u2606bepsi-can|sleep\n|c|\u2606El!te 00f|L\n|l|\u2606bepsi-can\n|c|\u2606El!te 00f|learn to stop amongus\n","uploadtime":1700156064,"views":26,"p1id":"bepsican","p2id":"elte00f","formatid":"gen9nationaldexubers","rating":0,"private":0,"password":""}