{"id":"gen9nationaldexubers-1994924300","p1":"ifdod","p2":"JustMonika_CARR","format":"[Gen 9] National Dex Ubers","log":"|j|\u203difdod\n|j|\u2606JustMonika_CARR\n|t:|1700505123\n|gametype|singles\n|player|p1|ifdod|policeman-gen4|1256\n|player|p2|JustMonika_CARR|dawn|1433\n|teamsize|p1|6\n|teamsize|p2|6\n|gen|9\n|tier|[Gen 9] National Dex Ubers\n|rated|\n|rule|HP Percentage Mod: HP is shown in percentages\n|rule|Endless Battle Clause: Forcing endless battles is banned\n|rule|OHKO Clause: OHKO moves are banned\n|rule|Evasion Moves Clause: Evasion moves are banned\n|rule|Evasion Items Clause: Evasion items are banned\n|rule|Species Clause: Limit one of each Pok\u00e9mon\n|rule|Sleep Clause Mod: Limit one foe put to sleep\n|rule|Mega Rayquaza Clause: You cannot mega evolve Rayquaza\n|clearpoke\n|poke|p1|Lunala|\n|poke|p1|Natu, F|\n|poke|p1|Skarmory, M|\n|poke|p1|Dracovish|\n|poke|p1|Regieleki|\n|poke|p1|Yveltal|\n|poke|p2|Yveltal|\n|poke|p2|Skarmory, F|\n|poke|p2|Gothitelle, F|\n|poke|p2|Deoxys-Speed|\n|poke|p2|Shuckle, M|\n|poke|p2|Durant, F|\n|teampreview\n|inactive|Battle timer is ON: inactive players will automatically lose when time's up. (requested by ifdod)\n|\n|t:|1700505127\n|start\n|switch|p1a: Yveltal|Yveltal, shiny|100\/100\n|switch|p2a: Skarmory|Skarmory, F, shiny|100\/100\n|-ability|p1a: Yveltal|Dark Aura\n|turn|1\n|\n|t:|1700505141\n|move|p1a: Yveltal|Dark Pulse|p2a: Skarmory\n|-damage|p2a: Skarmory|41\/100\n|move|p2a: Skarmory|Stealth Rock|p1a: Yveltal\n|-sidestart|p1: ifdod|move: Stealth Rock\n|\n|-heal|p2a: Skarmory|47\/100|[from] item: Leftovers\n|upkeep\n|turn|2\n|\n|t:|1700505150\n|move|p1a: Yveltal|Dark Pulse|p2a: Skarmory\n|-damage|p2a: Skarmory|0 fnt\n|faint|p2a: Skarmory\n|\n|upkeep\n|\n|t:|1700505156\n|switch|p2a: Durant|Durant, F, shiny|100\/100\n|turn|3\n|\n|t:|1700505166\n|move|p2a: Durant|Entrainment|p1a: Yveltal\n|-endability|p1a: Yveltal|Dark Aura|[from] move: Entrainment\n|-ability|p1a: Yveltal|Truant|[from] move: Entrainment\n|move|p1a: Yveltal|Dark Pulse|p2a: Durant\n|-damage|p2a: Durant|0 fnt\n|faint|p2a: Durant\n|\n|upkeep\n|\n|t:|1700505174\n|switch|p2a: Gothitelle|Gothitelle, F, shiny|100\/100\n|turn|4\n|\n|t:|1700505178\n|cant|p1a: Yveltal|ability: Truant\n|move|p2a: Gothitelle|Substitute|p2a: Gothitelle\n|-start|p2a: Gothitelle|Substitute\n|-damage|p2a: Gothitelle|75\/100\n|\n|upkeep\n|turn|5\n|\n|t:|1700505184\n|move|p1a: Yveltal|Dark Pulse|p2a: Gothitelle\n|-supereffective|p2a: Gothitelle\n|-end|p2a: Gothitelle|Substitute\n|move|p2a: Gothitelle|Substitute|p2a: Gothitelle\n|-start|p2a: Gothitelle|Substitute\n|-damage|p2a: Gothitelle|50\/100\n|\n|upkeep\n|turn|6\n|\n|t:|1700505198\n|cant|p1a: Yveltal|ability: Truant\n|move|p2a: Gothitelle|Dark Pulse|p1a: Yveltal\n|-resisted|p1a: Yveltal\n|-damage|p1a: Yveltal|90\/100\n|\n|upkeep\n|turn|7\n|\n|t:|1700505205\n|move|p1a: Yveltal|Dark Pulse|p2a: Gothitelle\n|-supereffective|p2a: Gothitelle\n|-end|p2a: Gothitelle|Substitute\n|move|p2a: Gothitelle|Substitute|p2a: Gothitelle\n|-start|p2a: Gothitelle|Substitute\n|-damage|p2a: Gothitelle|25\/100\n|-enditem|p2a: Gothitelle|Starf Berry|[eat]\n|-boost|p2a: Gothitelle|spa|2|[from] item: Starf Berry\n|\n|upkeep\n|turn|8\n|\n|t:|1700505213\n|cant|p1a: Yveltal|ability: Truant\n|move|p2a: Gothitelle|Recycle|p2a: Gothitelle\n|-item|p2a: Gothitelle|Starf Berry|[from] move: Recycle\n|-enditem|p2a: Gothitelle|Starf Berry|[eat]\n|-boost|p2a: Gothitelle|spd|2|[from] item: Starf Berry\n|\n|upkeep\n|turn|9\n|\n|t:|1700505220\n|move|p2a: Gothitelle|Protect|p2a: Gothitelle\n|-singleturn|p2a: Gothitelle|Protect\n|move|p1a: Yveltal|Dark Pulse|p2a: Gothitelle\n|-activate|p2a: Gothitelle|move: Protect\n|\n|upkeep\n|turn|10\n|\n|t:|1700505226\n|cant|p1a: Yveltal|ability: Truant\n|move|p2a: Gothitelle|Recycle|p2a: Gothitelle\n|-item|p2a: Gothitelle|Starf Berry|[from] move: Recycle\n|-enditem|p2a: Gothitelle|Starf Berry|[eat]\n|-boost|p2a: Gothitelle|spd|2|[from] item: Starf Berry\n|\n|upkeep\n|turn|11\n|\n|t:|1700505232\n|move|p2a: Gothitelle|Protect|p2a: Gothitelle\n|-singleturn|p2a: Gothitelle|Protect\n|move|p1a: Yveltal|Dark Pulse|p2a: Gothitelle\n|-activate|p2a: Gothitelle|move: Protect\n|\n|upkeep\n|turn|12\n|\n|t:|1700505238\n|cant|p1a: Yveltal|ability: Truant\n|move|p2a: Gothitelle|Recycle|p2a: Gothitelle\n|-item|p2a: Gothitelle|Starf Berry|[from] move: Recycle\n|-enditem|p2a: Gothitelle|Starf Berry|[eat]\n|-boost|p2a: Gothitelle|atk|2|[from] item: Starf Berry\n|\n|upkeep\n|turn|13\n|\n|t:|1700505245\n|move|p2a: Gothitelle|Protect|p2a: Gothitelle\n|-singleturn|p2a: Gothitelle|Protect\n|move|p1a: Yveltal|Dark Pulse|p2a: Gothitelle\n|-activate|p2a: Gothitelle|move: Protect\n|\n|upkeep\n|turn|14\n|\n|t:|1700505258\n|cant|p1a: Yveltal|ability: Truant\n|move|p2a: Gothitelle|Recycle|p2a: Gothitelle\n|-item|p2a: Gothitelle|Starf Berry|[from] move: Recycle\n|-enditem|p2a: Gothitelle|Starf Berry|[eat]\n|-boost|p2a: Gothitelle|spa|2|[from] item: Starf Berry\n|\n|upkeep\n|turn|15\n|\n|t:|1700505270\n|move|p2a: Gothitelle|Protect|p2a: Gothitelle\n|-singleturn|p2a: Gothitelle|Protect\n|move|p1a: Yveltal|Dark Pulse|p2a: Gothitelle\n|-activate|p2a: Gothitelle|move: Protect\n|\n|upkeep\n|turn|16\n|\n|t:|1700505277\n|cant|p1a: Yveltal|ability: Truant\n|move|p2a: Gothitelle|Recycle|p2a: Gothitelle\n|-item|p2a: Gothitelle|Starf Berry|[from] move: Recycle\n|-enditem|p2a: Gothitelle|Starf Berry|[eat]\n|-boost|p2a: Gothitelle|def|2|[from] item: Starf Berry\n|\n|upkeep\n|turn|17\n|\n|t:|1700505284\n|move|p2a: Gothitelle|Protect|p2a: Gothitelle\n|-singleturn|p2a: Gothitelle|Protect\n|move|p1a: Yveltal|Dark Pulse|p2a: Gothitelle\n|-activate|p2a: Gothitelle|move: Protect\n|\n|upkeep\n|turn|18\n|\n|t:|1700505295\n|cant|p1a: Yveltal|ability: Truant\n|move|p2a: Gothitelle|Recycle|p2a: Gothitelle\n|-item|p2a: Gothitelle|Starf Berry|[from] move: Recycle\n|-enditem|p2a: Gothitelle|Starf Berry|[eat]\n|-boost|p2a: Gothitelle|spd|2|[from] item: Starf Berry\n|\n|upkeep\n|turn|19\n|\n|t:|1700505302\n|move|p2a: Gothitelle|Protect|p2a: Gothitelle\n|-singleturn|p2a: Gothitelle|Protect\n|move|p1a: Yveltal|Dark Pulse|p2a: Gothitelle\n|-activate|p2a: Gothitelle|move: Protect\n|\n|upkeep\n|turn|20\n|\n|t:|1700505308\n|cant|p1a: Yveltal|ability: Truant\n|move|p2a: Gothitelle|Recycle|p2a: Gothitelle\n|-item|p2a: Gothitelle|Starf Berry|[from] move: Recycle\n|-enditem|p2a: Gothitelle|Starf Berry|[eat]\n|-boost|p2a: Gothitelle|spa|2|[from] item: Starf Berry\n|\n|upkeep\n|turn|21\n|\n|t:|1700505315\n|move|p2a: Gothitelle|Protect|p2a: Gothitelle\n|-singleturn|p2a: Gothitelle|Protect\n|move|p1a: Yveltal|Dark Pulse|p2a: Gothitelle\n|-activate|p2a: Gothitelle|move: Protect\n|\n|upkeep\n|turn|22\n|\n|t:|1700505321\n|cant|p1a: Yveltal|ability: Truant\n|move|p2a: Gothitelle|Recycle|p2a: Gothitelle\n|-item|p2a: Gothitelle|Starf Berry|[from] move: Recycle\n|-enditem|p2a: Gothitelle|Starf Berry|[eat]\n|-boost|p2a: Gothitelle|def|2|[from] item: Starf Berry\n|\n|upkeep\n|turn|23\n|\n|t:|1700505329\n|move|p2a: Gothitelle|Protect|p2a: Gothitelle\n|-singleturn|p2a: Gothitelle|Protect\n|move|p1a: Yveltal|Dark Pulse|p2a: Gothitelle\n|-activate|p2a: Gothitelle|move: Protect\n|\n|upkeep\n|turn|24\n|\n|t:|1700505335\n|cant|p1a: Yveltal|ability: Truant\n|move|p2a: Gothitelle|Recycle|p2a: Gothitelle\n|-item|p2a: Gothitelle|Starf Berry|[from] move: Recycle\n|-enditem|p2a: Gothitelle|Starf Berry|[eat]\n|-boost|p2a: Gothitelle|def|2|[from] item: Starf Berry\n|\n|upkeep\n|turn|25\n|\n|t:|1700505343\n|move|p2a: Gothitelle|Protect|p2a: Gothitelle\n|-singleturn|p2a: Gothitelle|Protect\n|move|p1a: Yveltal|Dark Pulse|p2a: Gothitelle\n|-activate|p2a: Gothitelle|move: Protect\n|\n|upkeep\n|turn|26\n|\n|t:|1700505349\n|cant|p1a: Yveltal|ability: Truant\n|move|p2a: Gothitelle|Recycle|p2a: Gothitelle\n|-item|p2a: Gothitelle|Starf Berry|[from] move: Recycle\n|-enditem|p2a: Gothitelle|Starf Berry|[eat]\n|-boost|p2a: Gothitelle|atk|2|[from] item: Starf Berry\n|\n|upkeep\n|turn|27\n|\n|t:|1700505375\n|move|p2a: Gothitelle|Protect|p2a: Gothitelle\n|-singleturn|p2a: Gothitelle|Protect\n|move|p1a: Yveltal|Dark Pulse|p2a: Gothitelle\n|-activate|p2a: Gothitelle|move: Protect\n|\n|upkeep\n|turn|28\n|\n|t:|1700505385\n|cant|p1a: Yveltal|ability: Truant\n|move|p2a: Gothitelle|Recycle|p2a: Gothitelle\n|-item|p2a: Gothitelle|Starf Berry|[from] move: Recycle\n|-enditem|p2a: Gothitelle|Starf Berry|[eat]\n|-boost|p2a: Gothitelle|spe|2|[from] item: Starf Berry\n|\n|upkeep\n|turn|29\n|\n|t:|1700505398\n|move|p2a: Gothitelle|Protect|p2a: Gothitelle\n|-singleturn|p2a: Gothitelle|Protect\n|move|p1a: Yveltal|Dark Pulse|p2a: Gothitelle\n|-activate|p2a: Gothitelle|move: Protect\n|\n|upkeep\n|turn|30\n|\n|t:|1700505407\n|cant|p1a: Yveltal|ability: Truant\n|move|p2a: Gothitelle|Recycle|p2a: Gothitelle\n|-item|p2a: Gothitelle|Starf Berry|[from] move: Recycle\n|-enditem|p2a: Gothitelle|Starf Berry|[eat]\n|-boost|p2a: Gothitelle|spe|2|[from] item: Starf Berry\n|\n|upkeep\n|turn|31\n|\n|t:|1700505413\n|move|p2a: Gothitelle|Protect|p2a: Gothitelle\n|-singleturn|p2a: Gothitelle|Protect\n|move|p1a: Yveltal|Dark Pulse|p2a: Gothitelle\n|-activate|p2a: Gothitelle|move: Protect\n|\n|upkeep\n|turn|32\n|\n|t:|1700505419\n|move|p2a: Gothitelle|Recycle|p2a: Gothitelle\n|-item|p2a: Gothitelle|Starf Berry|[from] move: Recycle\n|-enditem|p2a: Gothitelle|Starf Berry|[eat]\n|-boost|p2a: Gothitelle|atk|2|[from] item: Starf Berry\n|cant|p1a: Yveltal|ability: Truant\n|\n|upkeep\n|turn|33\n|\n|t:|1700505426\n|move|p2a: Gothitelle|Protect|p2a: Gothitelle\n|-singleturn|p2a: Gothitelle|Protect\n|move|p1a: Yveltal|Dark Pulse|p2a: Gothitelle\n|-activate|p2a: Gothitelle|move: Protect\n|\n|upkeep\n|turn|34\n|\n|t:|1700505432\n|move|p2a: Gothitelle|Recycle|p2a: Gothitelle\n|-item|p2a: Gothitelle|Starf Berry|[from] move: Recycle\n|-enditem|p2a: Gothitelle|Starf Berry|[eat]\n|-boost|p2a: Gothitelle|spe|2|[from] item: Starf Berry\n|cant|p1a: Yveltal|ability: Truant\n|\n|upkeep\n|turn|35\n|\n|t:|1700505440\n|move|p2a: Gothitelle|Protect|p2a: Gothitelle\n|-singleturn|p2a: Gothitelle|Protect\n|move|p1a: Yveltal|Dark Pulse|p2a: Gothitelle\n|-activate|p2a: Gothitelle|move: Protect\n|\n|upkeep\n|turn|36\n|\n|t:|1700505446\n|move|p2a: Gothitelle|Dark Pulse|p1a: Yveltal\n|-resisted|p1a: Yveltal\n|-damage|p1a: Yveltal|53\/100\n|cant|p1a: Yveltal|ability: Truant\n|\n|upkeep\n|turn|37\n|\n|t:|1700505453\n|move|p2a: Gothitelle|Protect|p2a: Gothitelle\n|-singleturn|p2a: Gothitelle|Protect\n|move|p1a: Yveltal|Dark Pulse|p2a: Gothitelle\n|-activate|p2a: Gothitelle|move: Protect\n|\n|upkeep\n|turn|38\n|\n|t:|1700505465\n|move|p2a: Gothitelle|Dark Pulse|p1a: Yveltal\n|-resisted|p1a: Yveltal\n|-damage|p1a: Yveltal|18\/100\n|cant|p1a: Yveltal|ability: Truant\n|\n|upkeep\n|turn|39\n|\n|t:|1700505476\n|move|p2a: Gothitelle|Dark Pulse|p1a: Yveltal\n|-resisted|p1a: Yveltal\n|-damage|p1a: Yveltal|0 fnt\n|faint|p1a: Yveltal\n|\n|upkeep\n|\n|t:|1700505488\n|switch|p1a: Lunala|Lunala|100\/100\n|-damage|p1a: Lunala|88\/100|[from] Stealth Rock\n|turn|40\n|\n|t:|1700505494\n|-terastallize|p2a: Gothitelle|Dark\n|move|p2a: Gothitelle|Dark Pulse|p1a: Lunala\n|-supereffective|p1a: Lunala\n|-damage|p1a: Lunala|0 fnt\n|faint|p1a: Lunala\n|\n|upkeep\n|\n|t:|1700505503\n|switch|p1a: Skarmory|Skarmory, M|100\/100\n|-damage|p1a: Skarmory|88\/100|[from] Stealth Rock\n|turn|41\n|\n|t:|1700505507\n|move|p2a: Gothitelle|Dark Pulse|p1a: Skarmory\n|-damage|p1a: Skarmory|0 fnt\n|faint|p1a: Skarmory\n|\n|upkeep\n|-message|ifdod forfeited.\n|\n|win|JustMonika_CARR\n|raw|ifdod's rating: 1278 &rarr; <strong>1263<\/strong><br \/>(-15 for losing)\n|raw|JustMonika_CARR's rating: 1433 &rarr; <strong>1445<\/strong><br \/>(+12 for winning)\n|l|\u203difdod\n","uploadtime":1700505518,"views":1,"p1id":"ifdod","p2id":"justmonikacarr","formatid":"gen9nationaldexubers","rating":1263,"private":0,"password":""}