{"id":"gen9nationaldexubers-1998683680","p1":"Critian Caceorte","p2":"alive!12","format":"[Gen 9] National Dex Ubers","log":"|j|\u2606Critian Caceorte\n|j|\u2606alive!12\n|t:|1700972076\n|gametype|singles\n|player|p1|Critian Caceorte|hilda|1088\n|player|p2|alive!12|cynthia-gen4|1119\n|teamsize|p1|6\n|teamsize|p2|6\n|gen|9\n|tier|[Gen 9] National Dex Ubers\n|rated|\n|rule|HP Percentage Mod: HP is shown in percentages\n|rule|Endless Battle Clause: Forcing endless battles is banned\n|rule|OHKO Clause: OHKO moves are banned\n|rule|Evasion Moves Clause: Evasion moves are banned\n|rule|Evasion Items Clause: Evasion items are banned\n|rule|Species Clause: Limit one of each Pok\u00e9mon\n|rule|Sleep Clause Mod: Limit one foe put to sleep\n|rule|Mega Rayquaza Clause: You cannot mega evolve Rayquaza\n|clearpoke\n|poke|p1|Dracovish|\n|poke|p1|Tyranitar, F|\n|poke|p1|Hippowdon, F|\n|poke|p1|Excadrill, F|\n|poke|p1|Houndstone, M|\n|poke|p1|Garganacl, F|\n|poke|p2|Spiritomb, F|\n|poke|p2|Roserade, M|\n|poke|p2|Togekiss, F|\n|poke|p2|Milotic, M|\n|poke|p2|Lucario, F|\n|poke|p2|Garchomp, F|\n|teampreview\n|\n|t:|1700972105\n|start\n|switch|p1a: Hippowdon|Hippowdon, F|100\/100\n|switch|p2a: Milotic|Milotic, M|100\/100\n|-weather|Sandstorm|[from] ability: Sand Stream|[of] p1a: Hippowdon\n|turn|1\n|c|\u2606Critian Caceorte|Huh, nice Cynthia team\n|\n|t:|1700972113\n|move|p2a: Milotic|Scald|p1a: Hippowdon\n|-supereffective|p1a: Hippowdon\n|-damage|p1a: Hippowdon|45\/100\n|move|p1a: Hippowdon|Toxic|p2a: Milotic\n|-status|p2a: Milotic|tox\n|\n|-weather|Sandstorm|[upkeep]\n|-damage|p2a: Milotic|94\/100 tox|[from] Sandstorm\n|-damage|p2a: Milotic|88\/100 tox|[from] psn\n|upkeep\n|turn|2\n|\n|t:|1700972129\n|switch|p1a: Dracovish|Dracovish|100\/100\n|move|p2a: Milotic|Scald|p1a: Dracovish\n|-resisted|p1a: Dracovish\n|-damage|p1a: Dracovish|91\/100\n|-status|p1a: Dracovish|brn\n|\n|-weather|Sandstorm|[upkeep]\n|-damage|p2a: Milotic|82\/100 tox|[from] Sandstorm\n|-damage|p2a: Milotic|70\/100 tox|[from] psn\n|-damage|p1a: Dracovish|85\/100 brn|[from] brn\n|upkeep\n|turn|3\n|inactive|Battle timer is ON: inactive players will automatically lose when time's up. (requested by Critian Caceorte)\n|\n|t:|1700972197\n|move|p1a: Dracovish|Fishious Rend|p2a: Milotic\n|-resisted|p2a: Milotic\n|-damage|p2a: Milotic|59\/100 tox\n|move|p2a: Milotic|Ice Beam|p1a: Dracovish\n|-damage|p1a: Dracovish|60\/100 brn\n|\n|-weather|Sandstorm|[upkeep]\n|-damage|p2a: Milotic|53\/100 tox|[from] Sandstorm\n|-damage|p2a: Milotic|34\/100 tox|[from] psn\n|-damage|p1a: Dracovish|53\/100 brn|[from] brn\n|upkeep\n|turn|4\n|\n|t:|1700972209\n|switch|p1a: Excadrill|Excadrill, F|100\/100\n|move|p2a: Milotic|Recover|p2a: Milotic\n|-heal|p2a: Milotic|84\/100 tox\n|\n|-weather|Sandstorm|[upkeep]\n|-damage|p2a: Milotic|78\/100 tox|[from] Sandstorm\n|-damage|p2a: Milotic|54\/100 tox|[from] psn\n|upkeep\n|turn|5\n|\n|t:|1700972229\n|switch|p2a: Spiritomb|Spiritomb, F|100\/100\n|move|p1a: Excadrill|X-Scissor|p2a: Spiritomb\n|-damage|p2a: Spiritomb|55\/100\n|-damage|p1a: Excadrill|91\/100|[from] item: Life Orb\n|\n|-weather|Sandstorm|[upkeep]\n|-damage|p2a: Spiritomb|49\/100|[from] Sandstorm\n|upkeep\n|turn|6\n|\n|t:|1700972242\n|move|p1a: Excadrill|Drill Run|p2a: Spiritomb\n|-crit|p2a: Spiritomb\n|-damage|p2a: Spiritomb|0 fnt\n|faint|p2a: Spiritomb\n|-damage|p1a: Excadrill|81\/100|[from] item: Life Orb\n|\n|-weather|Sandstorm|[upkeep]\n|upkeep\n|inactive|alive!12 has 120 seconds left.\n|\n|t:|1700972260\n|switch|p2a: Togekiss|Togekiss, F|100\/100\n|turn|7\n|\n|t:|1700972267\n|-terastallize|p2a: Togekiss|Fire\n|move|p1a: Excadrill|Iron Head|p2a: Togekiss\n|-resisted|p2a: Togekiss\n|-damage|p2a: Togekiss|73\/100\n|-damage|p1a: Excadrill|71\/100|[from] item: Life Orb\n|move|p2a: Togekiss|Flamethrower|p1a: Excadrill\n|-supereffective|p1a: Excadrill\n|-damage|p1a: Excadrill|0 fnt\n|faint|p1a: Excadrill\n|\n|-weather|Sandstorm|[upkeep]\n|-damage|p2a: Togekiss|67\/100|[from] Sandstorm\n|upkeep\n|\n|t:|1700972278\n|switch|p1a: Dracovish|Dracovish|53\/100 brn\n|turn|8\n|\n|t:|1700972290\n|move|p1a: Dracovish|Fishious Rend|p2a: Togekiss\n|-supereffective|p2a: Togekiss\n|-damage|p2a: Togekiss|0 fnt\n|faint|p2a: Togekiss\n|\n|-weather|none\n|-damage|p1a: Dracovish|47\/100 brn|[from] brn\n|upkeep\n|\n|t:|1700972297\n|switch|p2a: Milotic|Milotic, M|54\/100 tox\n|turn|9\n|\n|t:|1700972303\n|switch|p1a: Hippowdon|Hippowdon, F|45\/100\n|-weather|Sandstorm|[from] ability: Sand Stream|[of] p1a: Hippowdon\n|move|p2a: Milotic|Recover|p2a: Milotic\n|-heal|p2a: Milotic|100\/100 tox\n|\n|-weather|Sandstorm|[upkeep]\n|-damage|p2a: Milotic|94\/100 tox|[from] Sandstorm\n|-damage|p2a: Milotic|88\/100 tox|[from] psn\n|upkeep\n|turn|10\n|\n|t:|1700972316\n|switch|p1a: Dracovish|Dracovish|47\/100 brn\n|move|p2a: Milotic|Ice Beam|p1a: Dracovish\n|-crit|p1a: Dracovish\n|-damage|p1a: Dracovish|5\/100 brn\n|\n|-weather|Sandstorm|[upkeep]\n|-damage|p2a: Milotic|82\/100 tox|[from] Sandstorm\n|-damage|p2a: Milotic|70\/100 tox|[from] psn\n|-damage|p1a: Dracovish|0 fnt|[from] brn\n|faint|p1a: Dracovish\n|upkeep\n|\n|t:|1700972327\n|switch|p1a: Garganacl|Garganacl, F|100\/100\n|turn|11\n|\n|t:|1700972334\n|-terastallize|p1a: Garganacl|Ghost\n|move|p2a: Milotic|Scald|p1a: Garganacl\n|-damage|p1a: Garganacl|81\/100\n|move|p1a: Garganacl|Salt Cure|p2a: Milotic\n|-damage|p2a: Milotic|63\/100 tox\n|-start|p2a: Milotic|Salt Cure\n|\n|-weather|Sandstorm|[upkeep]\n|-damage|p2a: Milotic|57\/100 tox|[from] Sandstorm\n|-damage|p1a: Garganacl|75\/100|[from] Sandstorm\n|-heal|p1a: Garganacl|81\/100|[from] item: Leftovers\n|-damage|p2a: Milotic|39\/100 tox|[from] psn\n|-damage|p2a: Milotic|14\/100 tox|[from] Salt Cure\n|upkeep\n|turn|12\n|\n|t:|1700972361\n|move|p2a: Milotic|Scald|p1a: Garganacl\n|-damage|p1a: Garganacl|62\/100\n|move|p1a: Garganacl|Body Press|p2a: Milotic\n|-damage|p2a: Milotic|2\/100 tox\n|\n|-weather|Sandstorm|[upkeep]\n|-damage|p2a: Milotic|0 fnt|[from] Sandstorm\n|-damage|p1a: Garganacl|55\/100|[from] Sandstorm\n|faint|p2a: Milotic\n|-heal|p1a: Garganacl|62\/100|[from] item: Leftovers\n|upkeep\n|inactive|alive!12 has 120 seconds left.\n|\n|t:|1700972400\n|switch|p2a: Lucario|Lucario, F|100\/100\n|turn|13\n|\n|t:|1700972405\n|detailschange|p2a: Lucario|Lucario-Mega, F\n|-mega|p2a: Lucario|Lucario|Lucarionite\n|move|p2a: Lucario|Crunch|p1a: Garganacl\n|-supereffective|p1a: Garganacl\n|-damage|p1a: Garganacl|23\/100\n|move|p1a: Garganacl|Salt Cure|p2a: Lucario\n|-resisted|p2a: Lucario\n|-damage|p2a: Lucario|96\/100\n|-start|p2a: Lucario|Salt Cure\n|\n|-weather|Sandstorm|[upkeep]\n|-damage|p1a: Garganacl|17\/100|[from] Sandstorm\n|-heal|p1a: Garganacl|23\/100|[from] item: Leftovers\n|-damage|p2a: Lucario|71\/100|[from] Salt Cure\n|upkeep\n|turn|14\n|\n|t:|1700972422\n|move|p2a: Lucario|Crunch|p1a: Garganacl\n|-supereffective|p1a: Garganacl\n|-damage|p1a: Garganacl|0 fnt\n|faint|p1a: Garganacl\n|\n|-weather|Sandstorm|[upkeep]\n|-damage|p2a: Lucario|46\/100|[from] Salt Cure\n|upkeep\n|\n|t:|1700972429\n|switch|p1a: Tyranitar|Tyranitar, F|100\/100\n|turn|15\n|\n|t:|1700972436\n|detailschange|p1a: Tyranitar|Tyranitar-Mega, F\n|-mega|p1a: Tyranitar|Tyranitar|Tyranitarite\n|move|p2a: Lucario|Close Combat|p1a: Tyranitar\n|-supereffective|p1a: Tyranitar\n|-damage|p1a: Tyranitar|0 fnt\n|-unboost|p2a: Lucario|def|1\n|-unboost|p2a: Lucario|spd|1\n|faint|p1a: Tyranitar\n|\n|-weather|Sandstorm|[upkeep]\n|-damage|p2a: Lucario|21\/100|[from] Salt Cure\n|upkeep\n|\n|t:|1700972446\n|switch|p1a: Houndstone|Houndstone, M|100\/100\n|turn|16\n|inactive|alive!12 has 120 seconds left.\n|\n|t:|1700972458\n|move|p2a: Lucario|Bullet Punch|p1a: Houndstone\n|-damage|p1a: Houndstone|63\/100\n|move|p1a: Houndstone|Last Respects|p2a: Lucario\n|-damage|p2a: Lucario|0 fnt\n|faint|p2a: Lucario\n|\n|-weather|none\n|upkeep\n|\n|t:|1700972470\n|switch|p2a: Roserade|Roserade, M|100\/100\n|turn|17\n|\n|t:|1700972475\n|switch|p1a: Hippowdon|Hippowdon, F|45\/100\n|-weather|Sandstorm|[from] ability: Sand Stream|[of] p1a: Hippowdon\n|move|p2a: Roserade|Shadow Ball|p1a: Hippowdon\n|-damage|p1a: Hippowdon|18\/100\n|\n|-weather|Sandstorm|[upkeep]\n|-damage|p2a: Roserade|94\/100|[from] Sandstorm\n|upkeep\n|turn|18\n|inactive|alive!12 has 120 seconds left.\n|\n|t:|1700972490\n|move|p2a: Roserade|Shadow Ball|p1a: Hippowdon\n|-damage|p1a: Hippowdon|0 fnt\n|faint|p1a: Hippowdon\n|\n|-weather|Sandstorm|[upkeep]\n|-damage|p2a: Roserade|88\/100|[from] Sandstorm\n|upkeep\n|\n|t:|1700972496\n|switch|p1a: Houndstone|Houndstone, M|63\/100\n|turn|19\n|\n|t:|1700972501\n|move|p1a: Houndstone|Last Respects|p2a: Roserade\n|-crit|p2a: Roserade\n|-damage|p2a: Roserade|0 fnt\n|faint|p2a: Roserade\n|\n|-weather|Sandstorm|[upkeep]\n|upkeep\n|\n|t:|1700972507\n|switch|p2a: Garchomp|Garchomp, F|100\/100\n|turn|20\n|\n|t:|1700972518\n|move|p1a: Houndstone|Last Respects|p2a: Garchomp\n|-damage|p2a: Garchomp|0 fnt\n|faint|p2a: Garchomp\n|\n|win|Critian Caceorte\n|raw|Critian Caceorte's rating: 1088 &rarr; <strong>1117<\/strong><br \/>(+29 for winning)\n|raw|alive!12's rating: 1119 &rarr; <strong>1092<\/strong><br \/>(-27 for losing)\n|c|\u2606Critian Caceorte|gg\n","uploadtime":1700972529,"views":1,"p1id":"critiancaceorte","p2id":"alive12","formatid":"gen9nationaldexubers","rating":1092,"private":0,"password":""}