{"id":"gen9nationaldexubers-1996278398","p1":"Grayson7810","p2":"Xero Dracohart","format":"[Gen 9] National Dex Ubers","log":"|j|\u2606Grayson7810\n|j|\u2606Xero Dracohart\n|t:|1700666839\n|gametype|singles\n|player|p1|Grayson7810|wallace|1109\n|player|p2|Xero Dracohart|ingo|1227\n|teamsize|p1|6\n|teamsize|p2|6\n|gen|9\n|tier|[Gen 9] National Dex Ubers\n|rated|\n|rule|HP Percentage Mod: HP is shown in percentages\n|rule|Endless Battle Clause: Forcing endless battles is banned\n|rule|OHKO Clause: OHKO moves are banned\n|rule|Evasion Moves Clause: Evasion moves are banned\n|rule|Evasion Items Clause: Evasion items are banned\n|rule|Species Clause: Limit one of each Pok\u00e9mon\n|rule|Sleep Clause Mod: Limit one foe put to sleep\n|rule|Mega Rayquaza Clause: You cannot mega evolve Rayquaza\n|clearpoke\n|poke|p1|Arceus|\n|poke|p1|Aggron, L1, F|\n|poke|p1|Blaziken, M|\n|poke|p1|Groudon|\n|poke|p1|Charizard, F|\n|poke|p1|Ho-Oh|\n|poke|p2|Zekrom|\n|poke|p2|Aggron, M|\n|poke|p2|Torterra, M|\n|poke|p2|Sneasler, M|\n|poke|p2|Latios, M|\n|poke|p2|Boltund, F|\n|teampreview\n|c|\u2606Xero Dracohart|Well\n|c|\u2606Xero Dracohart|Level 1 Aggron is new to me\n|\n|t:|1700666886\n|start\n|switch|p1a: Aggron|Aggron, L1, F|100\/100\n|switch|p2a: Torterra|Torterra, M|100\/100\n|turn|1\n|\n|t:|1700666902\n|switch|p1a: Charizard|Charizard, F|100\/100\n|move|p2a: Torterra|Iron Head|p1a: Charizard\n|-resisted|p1a: Charizard\n|-damage|p1a: Charizard|87\/100\n|\n|upkeep\n|turn|2\n|\n|t:|1700666910\n|switch|p2a: Boltund|Boltund, F|100\/100\n|detailschange|p1a: Charizard|Charizard-Mega-Y, F\n|-mega|p1a: Charizard|Charizard|Charizardite Y\n|-weather|SunnyDay|[from] ability: Drought|[of] p1a: Charizard\n|move|p1a: Charizard|Blaze Kick|p2a: Boltund\n|-damage|p2a: Boltund|16\/100\n|\n|-weather|SunnyDay|[upkeep]\n|upkeep\n|turn|3\n|\n|t:|1700666923\n|move|p2a: Boltund|Thunder Fang|p1a: Charizard\n|-supereffective|p1a: Charizard\n|-damage|p1a: Charizard|0 fnt\n|faint|p1a: Charizard\n|\n|-weather|SunnyDay|[upkeep]\n|upkeep\n|\n|t:|1700666936\n|switch|p1a: Ho-Oh|Ho-Oh|100\/100\n|turn|4\n|\n|t:|1700666942\n|move|p2a: Boltund|Thunder Fang|p1a: Ho-Oh\n|-supereffective|p1a: Ho-Oh\n|-crit|p1a: Ho-Oh\n|-enditem|p1a: Ho-Oh|Focus Sash\n|-damage|p1a: Ho-Oh|1\/100\n|move|p1a: Ho-Oh|Solar Beam||[still]\n|-prepare|p1a: Ho-Oh|Solar Beam\n|-anim|p1a: Ho-Oh|Solar Beam|p2a: Boltund\n|-damage|p2a: Boltund|0 fnt\n|faint|p2a: Boltund\n|\n|-weather|SunnyDay|[upkeep]\n|upkeep\n|\n|t:|1700666962\n|switch|p2a: Zekrom|Zekrom|100\/100\n|-ability|p2a: Zekrom|Teravolt\n|turn|5\n|\n|t:|1700666969\n|move|p1a: Ho-Oh|Brave Bird|p2a: Zekrom\n|-resisted|p2a: Zekrom\n|-damage|p2a: Zekrom|77\/100\n|-damage|p1a: Ho-Oh|0 fnt|[from] Recoil\n|faint|p1a: Ho-Oh\n|move|p2a: Zekrom|Dragon Dance|p2a: Zekrom\n|-boost|p2a: Zekrom|atk|1\n|-boost|p2a: Zekrom|spe|1\n|\n|-weather|SunnyDay|[upkeep]\n|upkeep\n|\n|t:|1700666979\n|switch|p1a: Arceus|Arceus|100\/100\n|turn|6\n|inactive|Battle timer is ON: inactive players will automatically lose when time's up. (requested by Xero Dracohart)\n|\n|t:|1700666984\n|-terastallize|p2a: Zekrom|Dragon\n|move|p2a: Zekrom|Dragon Claw|p1a: Arceus\n|-damage|p1a: Arceus|34\/100\n|move|p1a: Arceus|Substitute|p1a: Arceus\n|-start|p1a: Arceus|Substitute\n|-damage|p1a: Arceus|9\/100\n|\n|-weather|none\n|-heal|p1a: Arceus|16\/100|[from] item: Leftovers\n|upkeep\n|turn|7\n|\n|t:|1700666995\n|move|p2a: Zekrom|Dragon Claw|p1a: Arceus\n|-end|p1a: Arceus|Substitute\n|move|p1a: Arceus|Recover|p1a: Arceus\n|-heal|p1a: Arceus|66\/100\n|\n|-heal|p1a: Arceus|72\/100|[from] item: Leftovers\n|upkeep\n|turn|8\n|\n|t:|1700667008\n|move|p1a: Arceus|Protect|p1a: Arceus\n|-singleturn|p1a: Arceus|Protect\n|move|p2a: Zekrom|Dragon Claw|p1a: Arceus\n|-activate|p1a: Arceus|move: Protect\n|\n|-heal|p1a: Arceus|78\/100|[from] item: Leftovers\n|upkeep\n|turn|9\n|\n|t:|1700667017\n|move|p2a: Zekrom|Dragon Claw|p1a: Arceus\n|-damage|p1a: Arceus|14\/100\n|move|p1a: Arceus|Shadow Force||[still]\n|-prepare|p1a: Arceus|Shadow Force\n|\n|-heal|p1a: Arceus|20\/100|[from] item: Leftovers\n|upkeep\n|turn|10\n|\n|t:|1700667024\n|move|p2a: Zekrom|Zen Headbutt|p1a: Arceus|[miss]\n|-miss|p2a: Zekrom|p1a: Arceus\n|move|p1a: Arceus|Shadow Force|p2a: Zekrom|[from]lockedmove\n|-damage|p2a: Zekrom|44\/100\n|\n|-heal|p1a: Arceus|26\/100|[from] item: Leftovers\n|upkeep\n|turn|11\n|\n|t:|1700667033\n|move|p1a: Arceus|Protect|p1a: Arceus\n|-singleturn|p1a: Arceus|Protect\n|move|p2a: Zekrom|Dragon Claw|p1a: Arceus\n|-activate|p1a: Arceus|move: Protect\n|\n|-heal|p1a: Arceus|32\/100|[from] item: Leftovers\n|upkeep\n|turn|12\n|\n|t:|1700667041\n|move|p2a: Zekrom|Dragon Claw|p1a: Arceus\n|-damage|p1a: Arceus|0 fnt\n|faint|p1a: Arceus\n|\n|upkeep\n|\n|t:|1700667052\n|switch|p1a: Blaziken|Blaziken, M|100\/100\n|turn|13\n|\n|t:|1700667059\n|move|p2a: Zekrom|Zen Headbutt|p1a: Blaziken\n|-supereffective|p1a: Blaziken\n|-damage|p1a: Blaziken|0 fnt\n|faint|p1a: Blaziken\n|\n|upkeep\n|\n|t:|1700667065\n|switch|p1a: Groudon|Groudon|100\/100\n|detailschange|p1a: Groudon|Groudon-Primal\n|-primal|p1a: Groudon|Red Orb\n|-weather|DesolateLand|[from] ability: Desolate Land|[of] p1a: Groudon\n|turn|14\n|\n|t:|1700667071\n|move|p2a: Zekrom|Dragon Claw|p1a: Groudon\n|-damage|p1a: Groudon|43\/100\n|move|p1a: Groudon|Dragon Claw|p2a: Zekrom\n|-supereffective|p2a: Zekrom\n|-crit|p2a: Zekrom\n|-damage|p2a: Zekrom|0 fnt\n|faint|p2a: Zekrom\n|\n|-weather|DesolateLand|[upkeep]\n|upkeep\n|\n|t:|1700667080\n|switch|p2a: Sneasler|Sneasler, M|100\/100\n|turn|15\n|\n|t:|1700667085\n|move|p2a: Sneasler|Dire Claw|p1a: Groudon\n|-resisted|p1a: Groudon\n|-damage|p1a: Groudon|29\/100\n|move|p1a: Groudon|Bulk Up|p1a: Groudon\n|-boost|p1a: Groudon|atk|1\n|-boost|p1a: Groudon|def|1\n|\n|-weather|DesolateLand|[upkeep]\n|upkeep\n|turn|16\n|\n|t:|1700667094\n|move|p2a: Sneasler|Close Combat|p1a: Groudon\n|-damage|p1a: Groudon|1\/100\n|-unboost|p2a: Sneasler|def|1\n|-unboost|p2a: Sneasler|spd|1\n|move|p1a: Groudon|Earthquake|p2a: Sneasler\n|-supereffective|p2a: Sneasler\n|-enditem|p2a: Sneasler|Focus Sash\n|-damage|p2a: Sneasler|1\/100\n|\n|-weather|DesolateLand|[upkeep]\n|upkeep\n|turn|17\n|\n|t:|1700667104\n|move|p2a: Sneasler|Facade|p1a: Groudon\n|-damage|p1a: Groudon|0 fnt\n|faint|p1a: Groudon\n|-weather|none\n|\n|upkeep\n|\n|t:|1700667110\n|switch|p1a: Aggron|Aggron, L1, F|100\/100\n|turn|18\n|\n|t:|1700667115\n|move|p2a: Sneasler|Close Combat|p1a: Aggron\n|-supereffective|p1a: Aggron\n|-ability|p1a: Aggron|Sturdy\n|-damage|p1a: Aggron|8\/100\n|-unboost|p2a: Sneasler|def|1\n|-unboost|p2a: Sneasler|spd|1\n|move|p1a: Aggron|Earthquake|p2a: Sneasler\n|-supereffective|p2a: Sneasler\n|-damage|p2a: Sneasler|0 fnt\n|faint|p2a: Sneasler\n|-heal|p1a: Aggron|16\/100|[from] item: Shell Bell|[of] p2: Sneasler\n|\n|upkeep\n|c|\u2606Xero Dracohart|I..\n|c|\u2606Xero Dracohart|Ok..\n|\n|t:|1700667139\n|switch|p2a: Latios|Latios, M|100\/100\n|turn|19\n|\n|t:|1700667147\n|move|p2a: Latios|Ice Beam|p1a: Aggron\n|-resisted|p1a: Aggron\n|-damage|p1a: Aggron|0 fnt\n|faint|p1a: Aggron\n|\n|win|Xero Dracohart\n|raw|Grayson7810's rating: 1109 &rarr; <strong>1092<\/strong><br \/>(-17 for losing)\n|raw|Xero Dracohart's rating: 1227 &rarr; <strong>1244<\/strong><br \/>(+17 for winning)\n|c|\u2606Xero Dracohart|Gg?\n|l|\u2606Grayson7810\n","uploadtime":1700667158,"views":5,"p1id":"grayson7810","p2id":"xerodracohart","formatid":"gen9nationaldexubers","rating":1092,"private":0,"password":""}