{"id":"gen9nationaldexubers-1991427407","p1":"vailorn","p2":"pakiavatar9434","format":"[Gen 9] National Dex Ubers","log":"|j|\u2606vailorn\n|j|\u2606pakiavatar9434\n|t:|1700076220\n|gametype|singles\n|player|p1|vailorn|2|1659\n|player|p2|pakiavatar9434|dragontamer|1631\n|teamsize|p1|6\n|teamsize|p2|6\n|gen|9\n|tier|[Gen 9] National Dex Ubers\n|rated|\n|rule|HP Percentage Mod: HP is shown in percentages\n|rule|Endless Battle Clause: Forcing endless battles is banned\n|rule|OHKO Clause: OHKO moves are banned\n|rule|Evasion Moves Clause: Evasion moves are banned\n|rule|Evasion Items Clause: Evasion items are banned\n|rule|Species Clause: Limit one of each Pok\u00e9mon\n|rule|Sleep Clause Mod: Limit one foe put to sleep\n|rule|Mega Rayquaza Clause: You cannot mega evolve Rayquaza\n|clearpoke\n|poke|p1|Giratina|\n|poke|p1|Dondozo, F|\n|poke|p1|Chansey, F|\n|poke|p1|Tyranitar, F|\n|poke|p1|Ho-Oh|\n|poke|p1|Mewtwo|\n|poke|p2|Melmetal|\n|poke|p2|Sharpedo, M|\n|poke|p2|Jellicent, M|\n|poke|p2|Blissey, F|\n|poke|p2|Xerneas-*|\n|poke|p2|Heatran, M|\n|teampreview\n|\n|t:|1700076227\n|start\n|switch|p1a: Erebus|Tyranitar, F, shiny|100\/100\n|switch|p2a: Melmetal|Melmetal|100\/100\n|-weather|Sandstorm|[from] ability: Sand Stream|[of] p1a: Erebus\n|turn|1\n|\n|t:|1700076238\n|switch|p1a: Helios|Ho-Oh, shiny|100\/100\n|move|p2a: Melmetal|Thunder Punch|p1a: Helios\n|-supereffective|p1a: Helios\n|-damage|p1a: Helios|54\/100\n|\n|-weather|Sandstorm|[upkeep]\n|-damage|p1a: Helios|48\/100|[from] Sandstorm\n|upkeep\n|turn|2\n|\n|t:|1700076242\n|-terastallize|p2a: Melmetal|Water\n|move|p1a: Helios|Sacred Fire|p2a: Melmetal\n|-resisted|p2a: Melmetal\n|-damage|p2a: Melmetal|89\/100\n|move|p2a: Melmetal|Thunder Punch|p1a: Helios\n|-supereffective|p1a: Helios\n|-damage|p1a: Helios|0 fnt\n|faint|p1a: Helios\n|\n|-weather|Sandstorm|[upkeep]\n|-damage|p2a: Melmetal|83\/100|[from] Sandstorm\n|upkeep\n|\n|t:|1700076244\n|switch|p1a: Hyperion|Mewtwo, shiny|100\/100\n|-ability|p1a: Hyperion|Pressure\n|turn|3\n|-activate|p2a: Melmetal|item: Quick Claw\n|\n|t:|1700076248\n|move|p2a: Melmetal|Double Iron Bash|p1a: Hyperion\n|-damage|p1a: Hyperion|60\/100\n|-damage|p2a: Melmetal|66\/100|[from] item: Rocky Helmet|[of] p1a: Hyperion\n|-damage|p1a: Hyperion|24\/100\n|-damage|p2a: Melmetal|50\/100|[from] item: Rocky Helmet|[of] p1a: Hyperion\n|-hitcount|p1a: Hyperion|2\n|cant|p1a: Hyperion|flinch\n|\n|-weather|Sandstorm|[upkeep]\n|-damage|p1a: Hyperion|17\/100|[from] Sandstorm\n|-damage|p2a: Melmetal|44\/100|[from] Sandstorm\n|upkeep\n|turn|4\n|\n|t:|1700076253\n|move|p1a: Hyperion|Will-O-Wisp|p2a: Melmetal\n|-status|p2a: Melmetal|brn\n|move|p2a: Melmetal|Double Iron Bash|p1a: Hyperion\n|-damage|p1a: Hyperion|0 fnt\n|-damage|p2a: Melmetal|27\/100 brn|[from] item: Rocky Helmet|[of] p1a: Hyperion\n|faint|p1a: Hyperion\n|-hitcount|p1: Hyperion|1\n|\n|-weather|Sandstorm|[upkeep]\n|-damage|p2a: Melmetal|21\/100 brn|[from] Sandstorm\n|-damage|p2a: Melmetal|15\/100 brn|[from] brn\n|upkeep\n|\n|t:|1700076257\n|switch|p1a: Erebus|Tyranitar, F, shiny|100\/100\n|turn|5\n|\n|t:|1700076263\n|detailschange|p1a: Erebus|Tyranitar-Mega, F, shiny\n|-mega|p1a: Erebus|Tyranitar|Tyranitarite\n|move|p1a: Erebus|Stealth Rock|p2a: Melmetal\n|-sidestart|p2: pakiavatar9434|move: Stealth Rock\n|move|p2a: Melmetal|Rest|p2a: Melmetal\n|-status|p2a: Melmetal|slp|[from] move: Rest\n|-heal|p2a: Melmetal|100\/100 slp|[silent]\n|\n|-weather|none\n|upkeep\n|turn|6\n|c|\u2606pakiavatar9434|oh man\n|c|\u2606vailorn|Zoinks\n|c|\u2606pakiavatar9434|ur in trouble\n|c|\u2606vailorn|Im in big trouble\n|c|\u2606pakiavatar9434|i was hoping you wouldnt attack\n|\n|t:|1700076283\n|switch|p1a: Chaos|Giratina, shiny|100\/100\n|-ability|p1a: Chaos|Pressure\n|switch|p2a: Xerneas|Xerneas|100\/100\n|-damage|p2a: Xerneas|88\/100|[from] Stealth Rock\n|-ability|p2a: Xerneas|Fairy Aura\n|\n|upkeep\n|turn|7\n|\n|t:|1700076288\n|move|p2a: Xerneas|Defog|p1a: Chaos\n|-unboost|p1a: Chaos|evasion|1\n|-sideend|p2: pakiavatar9434|Stealth Rock|[from] move: Defog|[of] p2a: Xerneas\n|move|p1a: Chaos|Toxic|p2a: Xerneas\n|-status|p2a: Xerneas|tox\n|\n|-damage|p2a: Xerneas|82\/100 tox|[from] psn\n|upkeep\n|turn|8\n|\n|t:|1700076291\n|switch|p1a: Erebus|Tyranitar-Mega, F, shiny|100\/100\n|-weather|Sandstorm|[from] ability: Sand Stream|[of] p1a: Erebus\n|move|p2a: Xerneas|Aromatherapy|p2a: Xerneas\n|-activate|p2a: Xerneas|move: Aromatherapy\n|-curestatus|p2a: Xerneas|tox|[msg]\n|-curestatus|p2: Melmetal|slp|[msg]\n|\n|-weather|Sandstorm|[upkeep]\n|-damage|p2a: Xerneas|76\/100|[from] Sandstorm\n|upkeep\n|turn|9\n|c|\u2606vailorn|Well this is no bueno\n|c|\u2606pakiavatar9434|yikesss\n|\n|t:|1700076300\n|switch|p1a: Epione|Chansey, F, shiny|100\/100\n|move|p2a: Xerneas|Geomancy||[still]\n|-prepare|p2a: Xerneas|Geomancy\n|-enditem|p2a: Xerneas|Power Herb\n|-anim|p2a: Xerneas|Geomancy|p2a: Xerneas\n|-boost|p2a: Xerneas|spa|2\n|-boost|p2a: Xerneas|spd|2\n|-boost|p2a: Xerneas|spe|2\n|\n|-weather|Sandstorm|[upkeep]\n|-damage|p2a: Xerneas|70\/100|[from] Sandstorm\n|-damage|p1a: Epione|94\/100|[from] Sandstorm\n|upkeep\n|turn|10\n|\n|t:|1700076306\n|move|p2a: Xerneas|Geomancy||[still]\n|-prepare|p2a: Xerneas|Geomancy\n|move|p1a: Epione|Seismic Toss|p2a: Xerneas\n|-damage|p2a: Xerneas|48\/100\n|\n|-weather|Sandstorm|[upkeep]\n|-damage|p2a: Xerneas|42\/100|[from] Sandstorm\n|-damage|p1a: Epione|88\/100|[from] Sandstorm\n|upkeep\n|turn|11\n|\n|t:|1700076311\n|move|p2a: Xerneas|Geomancy|p2a: Xerneas|[from]lockedmove\n|-boost|p2a: Xerneas|spa|2\n|-boost|p2a: Xerneas|spd|2\n|-boost|p2a: Xerneas|spe|2\n|move|p1a: Epione|Seismic Toss|p2a: Xerneas\n|-damage|p2a: Xerneas|20\/100\n|\n|-weather|Sandstorm|[upkeep]\n|-damage|p2a: Xerneas|13\/100|[from] Sandstorm\n|-damage|p1a: Epione|82\/100|[from] Sandstorm\n|upkeep\n|turn|12\n|\n|t:|1700076313\n|move|p2a: Xerneas|Moonblast|p1a: Epione\n|-damage|p1a: Epione|42\/100\n|move|p1a: Epione|Seismic Toss|p2a: Xerneas\n|-damage|p2a: Xerneas|0 fnt\n|faint|p2a: Xerneas\n|\n|-weather|none\n|upkeep\n|\n|t:|1700076318\n|switch|p2a: Melmetal|Melmetal, tera:Water|100\/100\n|turn|13\n|\n|t:|1700076327\n|switch|p1a: Triton|Dondozo, F, shiny|100\/100\n|move|p2a: Melmetal|Thunder Punch|p1a: Triton\n|-supereffective|p1a: Triton\n|-damage|p1a: Triton|70\/100\n|\n|-heal|p1a: Triton|76\/100|[from] item: Leftovers\n|upkeep\n|turn|14\n|\n|t:|1700076330\n|switch|p2a: Sharpedo|Sharpedo, M|100\/100\n|move|p1a: Triton|Curse|p1a: Triton\n|-unboost|p1a: Triton|spe|1\n|-boost|p1a: Triton|atk|1\n|-boost|p1a: Triton|def|1\n|\n|-heal|p1a: Triton|82\/100|[from] item: Leftovers\n|upkeep\n|turn|15\n|\n|t:|1700076335\n|move|p2a: Sharpedo|Waterfall|p1a: Triton\n|-resisted|p1a: Triton\n|-damage|p1a: Triton|76\/100\n|move|p1a: Triton|Curse|p1a: Triton\n|-unboost|p1a: Triton|spe|1\n|-boost|p1a: Triton|atk|1\n|-boost|p1a: Triton|def|1\n|\n|-heal|p1a: Triton|82\/100|[from] item: Leftovers\n|-ability|p2a: Sharpedo|Speed Boost|boost\n|-boost|p2a: Sharpedo|spe|1\n|upkeep\n|turn|16\n|c|\u2606pakiavatar9434|god\n|\n|t:|1700076340\n|move|p2a: Sharpedo|Waterfall|p1a: Triton\n|-resisted|p1a: Triton\n|-damage|p1a: Triton|77\/100\n|move|p1a: Triton|Liquidation|p2a: Sharpedo\n|-resisted|p2a: Sharpedo\n|-damage|p2a: Sharpedo|24\/100\n|\n|-heal|p1a: Triton|84\/100|[from] item: Leftovers\n|-ability|p2a: Sharpedo|Speed Boost|boost\n|-boost|p2a: Sharpedo|spe|1\n|upkeep\n|turn|17\n|\n|t:|1700076342\n|move|p2a: Sharpedo|Destiny Bond|p2a: Sharpedo\n|-singlemove|p2a: Sharpedo|Destiny Bond\n|move|p1a: Triton|Curse|p1a: Triton\n|-unboost|p1a: Triton|spe|1\n|-boost|p1a: Triton|atk|1\n|-boost|p1a: Triton|def|1\n|\n|-heal|p1a: Triton|90\/100|[from] item: Leftovers\n|-ability|p2a: Sharpedo|Speed Boost|boost\n|-boost|p2a: Sharpedo|spe|1\n|upkeep\n|turn|18\n|\n|t:|1700076347\n|move|p1a: Triton|Avalanche|p2a: Sharpedo\n|-resisted|p2a: Sharpedo\n|-damage|p2a: Sharpedo|0 fnt\n|faint|p2a: Sharpedo\n|-activate|p2a: Sharpedo|move: Destiny Bond\n|faint|p1a: Triton\n|\n|upkeep\n|c|\u2606pakiavatar9434|oh no\n|c|\u2606pakiavatar9434|i got u\n|c|\u2606vailorn|Oh is that how that works\n|c|\u2606pakiavatar9434|no\n|c|\u2606pakiavatar9434|i used roar\n|c|\u2606pakiavatar9434|to go last\n|c|\u2606vailorn|Hearddd\n|\n|t:|1700076371\n|switch|p2a: Heatran|Heatran, M|100\/100\n|switch|p1a: Erebus|Tyranitar-Mega, F, shiny|100\/100\n|-item|p2a: Heatran|Air Balloon\n|-weather|Sandstorm|[from] ability: Sand Stream|[of] p1a: Erebus\n|turn|19\n|c|\u2606vailorn|Im new to this meta\n|\n|t:|1700076377\n|switch|p1a: Epione|Chansey, F, shiny|42\/100\n|move|p2a: Heatran|Toxic|p1a: Epione\n|-status|p1a: Epione|tox\n|\n|-weather|Sandstorm|[upkeep]\n|-damage|p1a: Epione|35\/100 tox|[from] Sandstorm\n|-damage|p1a: Epione|29\/100 tox|[from] psn\n|upkeep\n|turn|20\n|c|\u2606pakiavatar9434|its not meta\n|j| Laizin\n|c|\u2606pakiavatar9434|its just my BS\n|c|\u2606vailorn|Oh ok\n|c|\u2606vailorn|Lol\n|\n|t:|1700076388\n|move|p2a: Heatran|Magma Storm|p1a: Epione\n|-damage|p1a: Epione|14\/100 tox\n|-activate|p1a: Epione|move: Magma Storm|[of] p2a: Heatran\n|move|p1a: Epione|Soft-Boiled|p1a: Epione\n|-heal|p1a: Epione|64\/100 tox\n|\n|-weather|Sandstorm|[upkeep]\n|-damage|p1a: Epione|58\/100 tox|[from] Sandstorm\n|-damage|p1a: Epione|46\/100 tox|[from] psn\n|-damage|p1a: Epione|33\/100 tox|[from] move: Magma Storm|[partiallytrapped]\n|upkeep\n|turn|21\n|\n|t:|1700076398\n|move|p2a: Heatran|Earth Power|p1a: Epione\n|-damage|p1a: Epione|24\/100 tox\n|move|p1a: Epione|Heal Bell|p1a: Epione\n|-activate|p1a: Epione|move: Heal Bell\n|-curestatus|p1a: Epione|tox|[msg]\n|\n|-weather|Sandstorm|[upkeep]\n|-damage|p1a: Epione|18\/100|[from] Sandstorm\n|-damage|p1a: Epione|5\/100|[from] move: Magma Storm|[partiallytrapped]\n|upkeep\n|turn|22\n|\n|t:|1700076403\n|move|p2a: Heatran|Earth Power|p1a: Epione\n|-crit|p1a: Epione\n|-damage|p1a: Epione|0 fnt\n|faint|p1a: Epione\n|\n|-weather|Sandstorm|[upkeep]\n|upkeep\n|\n|t:|1700076407\n|switch|p1a: Chaos|Giratina, shiny|100\/100\n|-ability|p1a: Chaos|Pressure\n|turn|23\n|\n|t:|1700076409\n|move|p2a: Heatran|Toxic|p1a: Chaos\n|-status|p1a: Chaos|tox\n|move|p1a: Chaos|Dragon Tail|p2a: Heatran\n|-resisted|p2a: Heatran\n|-damage|p2a: Heatran|92\/100\n|-enditem|p2a: Heatran|Air Balloon\n|drag|p2a: Melmetal|Melmetal, tera:Water|100\/100\n|\n|-weather|none\n|-damage|p1a: Chaos|94\/100 tox|[from] psn\n|upkeep\n|turn|24\n|\n|t:|1700076413\n|switch|p2a: Blissey|Blissey, F|100\/100\n|move|p1a: Chaos|Dragon Tail|p2a: Blissey\n|-damage|p2a: Blissey|84\/100\n|drag|p2a: Melmetal|Melmetal, tera:Water|100\/100\n|\n|-heal|p1a: Chaos|100\/100 tox|[from] item: Leftovers\n|-damage|p1a: Chaos|88\/100 tox|[from] psn\n|upkeep\n|turn|25\n|c|\u2606vailorn|Not lookin so good scoob\n|\n|t:|1700076423\n|switch|p2a: Blissey|Blissey, F|84\/100\n|move|p1a: Chaos|Toxic|p2a: Blissey\n|-status|p2a: Blissey|tox\n|\n|-heal|p1a: Chaos|94\/100 tox|[from] item: Leftovers\n|-heal|p2a: Blissey|90\/100 tox|[from] item: Leftovers\n|-damage|p1a: Chaos|76\/100 tox|[from] psn\n|-damage|p2a: Blissey|84\/100 tox|[from] psn\n|upkeep\n|turn|26\n|c|\u2606pakiavatar9434|jinkies\n|\n|t:|1700076430\n|switch|p1a: Erebus|Tyranitar-Mega, F, shiny|100\/100\n|-weather|Sandstorm|[from] ability: Sand Stream|[of] p1a: Erebus\n|move|p2a: Blissey|Wish|p2a: Blissey\n|\n|-weather|Sandstorm|[upkeep]\n|-damage|p2a: Blissey|78\/100 tox|[from] Sandstorm\n|-heal|p2a: Blissey|84\/100 tox|[from] item: Leftovers\n|-damage|p2a: Blissey|72\/100 tox|[from] psn\n|upkeep\n|turn|27\n|\n|t:|1700076432\n|move|p1a: Erebus|Knock Off|p2a: Blissey\n|-damage|p2a: Blissey|27\/100 tox\n|-enditem|p2a: Blissey|Leftovers|[from] move: Knock Off|[of] p1a: Erebus\n|move|p2a: Blissey|Thunder Wave|p1a: Erebus\n|-status|p1a: Erebus|par\n|\n|-weather|Sandstorm|[upkeep]\n|-damage|p2a: Blissey|21\/100 tox|[from] Sandstorm\n|-heal|p2a: Blissey|71\/100 tox|[from] move: Wish|[wisher] Blissey\n|-damage|p2a: Blissey|52\/100 tox|[from] psn\n|upkeep\n|turn|28\n|\n|t:|1700076438\n|move|p2a: Blissey|Wish|p2a: Blissey\n|move|p1a: Erebus|Stealth Rock|p2a: Blissey\n|-sidestart|p2: pakiavatar9434|move: Stealth Rock\n|\n|-weather|Sandstorm|[upkeep]\n|-damage|p2a: Blissey|46\/100 tox|[from] Sandstorm\n|-damage|p2a: Blissey|22\/100 tox|[from] psn\n|upkeep\n|turn|29\n|\n|t:|1700076444\n|-curestatus|p2a: Blissey|tox|[from] ability: Natural Cure\n|switch|p2a: Heatran|Heatran, M|92\/100\n|-damage|p2a: Heatran|80\/100|[from] Stealth Rock\n|move|p1a: Erebus|Knock Off|p2a: Heatran\n|-damage|p2a: Heatran|52\/100\n|\n|-weather|Sandstorm|[upkeep]\n|-heal|p2a: Heatran|100\/100|[from] move: Wish|[wisher] Blissey\n|upkeep\n|turn|30\n|\n|t:|1700076452\n|move|p2a: Heatran|Earth Power|p1a: Erebus\n|-supereffective|p1a: Erebus\n|-damage|p1a: Erebus|73\/100 par\n|move|p1a: Erebus|Knock Off|p2a: Heatran\n|-damage|p2a: Heatran|69\/100\n|\n|-weather|none\n|upkeep\n|turn|31\n|\n|t:|1700076456\n|switch|p1a: Chaos|Giratina, shiny|76\/100 tox\n|-ability|p1a: Chaos|Pressure\n|move|p2a: Heatran|Earth Power|p1a: Chaos\n|-damage|p1a: Chaos|55\/100 tox\n|\n|-heal|p1a: Chaos|61\/100 tox|[from] item: Leftovers\n|-damage|p1a: Chaos|55\/100 tox|[from] psn\n|upkeep\n|turn|32\n|\n|t:|1700076460\n|move|p2a: Heatran|Magma Storm|p1a: Chaos|[miss]\n|-miss|p2a: Heatran|p1a: Chaos\n|move|p1a: Chaos|Rest|p1a: Chaos\n|-status|p1a: Chaos|slp|[from] move: Rest\n|-heal|p1a: Chaos|100\/100 slp|[silent]\n|\n|upkeep\n|turn|33\n|c|\u2606pakiavatar9434|hmmmm\n|\n|t:|1700076470\n|switch|p2a: Melmetal|Melmetal, tera:Water|100\/100\n|-damage|p2a: Melmetal|88\/100|[from] Stealth Rock\n|switch|p1a: Erebus|Tyranitar-Mega, F, shiny|73\/100 par\n|-weather|Sandstorm|[from] ability: Sand Stream|[of] p1a: Erebus\n|\n|-weather|Sandstorm|[upkeep]\n|-damage|p2a: Melmetal|82\/100|[from] Sandstorm\n|upkeep\n|turn|34\n|j| Kidmental\n|c|\u2606pakiavatar9434|let me not choked\n|c|\u2606vailorn|Zoinks\n|c|\u2606pakiavatar9434|choke\n|\n|t:|1700076480\n|switch|p1a: Chaos|Giratina, shiny|100\/100 slp\n|-ability|p1a: Chaos|Pressure\n|move|p2a: Melmetal|Double Iron Bash|p1a: Chaos\n|-damage|p1a: Chaos|80\/100 slp\n|-damage|p1a: Chaos|62\/100 slp\n|-hitcount|p1a: Chaos|2\n|\n|-weather|Sandstorm|[upkeep]\n|-damage|p1a: Chaos|56\/100 slp|[from] Sandstorm\n|-damage|p2a: Melmetal|76\/100|[from] Sandstorm\n|-heal|p1a: Chaos|62\/100 slp|[from] item: Leftovers\n|upkeep\n|turn|35\n|\n|t:|1700076486\n|switch|p2a: Blissey|Blissey, F|22\/100\n|-damage|p2a: Blissey|9\/100|[from] Stealth Rock\n|cant|p1a: Chaos|slp\n|\n|-weather|Sandstorm|[upkeep]\n|-damage|p1a: Chaos|56\/100 slp|[from] Sandstorm\n|-damage|p2a: Blissey|3\/100|[from] Sandstorm\n|-heal|p1a: Chaos|62\/100 slp|[from] item: Leftovers\n|upkeep\n|turn|36\n|l| Laizin\n|\n|t:|1700076497\n|cant|p1a: Chaos|slp\n|move|p2a: Blissey|Soft-Boiled|p2a: Blissey\n|-heal|p2a: Blissey|53\/100\n|\n|-weather|Sandstorm|[upkeep]\n|-damage|p1a: Chaos|56\/100 slp|[from] Sandstorm\n|-damage|p2a: Blissey|47\/100|[from] Sandstorm\n|-heal|p1a: Chaos|62\/100 slp|[from] item: Leftovers\n|upkeep\n|turn|37\n|\n|t:|1700076502\n|-curestatus|p1a: Chaos|slp|[msg]\n|move|p1a: Chaos|Toxic|p2a: Blissey\n|-status|p2a: Blissey|tox\n|move|p2a: Blissey|Soft-Boiled|p2a: Blissey\n|-heal|p2a: Blissey|97\/100 tox\n|\n|-weather|none\n|-heal|p1a: Chaos|69\/100|[from] item: Leftovers\n|-damage|p2a: Blissey|91\/100 tox|[from] psn\n|upkeep\n|turn|38\n|\n|t:|1700076510\n|move|p1a: Chaos|Toxic|p2a: Blissey\n|-fail|p2a: Blissey|tox\n|move|p2a: Blissey|Wish|p2a: Blissey\n|\n|-heal|p1a: Chaos|75\/100|[from] item: Leftovers\n|-damage|p2a: Blissey|78\/100 tox|[from] psn\n|upkeep\n|turn|39\n|\n|t:|1700076514\n|-curestatus|p2a: Blissey|tox|[from] ability: Natural Cure\n|switch|p2a: Melmetal|Melmetal, tera:Water|76\/100\n|-damage|p2a: Melmetal|63\/100|[from] Stealth Rock\n|move|p1a: Chaos|Toxic|p2a: Melmetal\n|-status|p2a: Melmetal|tox\n|\n|-heal|p2a: Melmetal|100\/100 tox|[from] move: Wish|[wisher] Blissey\n|-heal|p1a: Chaos|81\/100|[from] item: Leftovers\n|-damage|p2a: Melmetal|94\/100 tox|[from] psn\n|upkeep\n|turn|40\n|\n|t:|1700076521\n|move|p2a: Melmetal|Thunder Punch|p1a: Chaos\n|-resisted|p1a: Chaos\n|-damage|p1a: Chaos|73\/100\n|move|p1a: Chaos|Dragon Tail|p2a: Melmetal\n|-damage|p2a: Melmetal|84\/100 tox\n|drag|p2a: Jellicent|Jellicent, M|100\/100\n|-damage|p2a: Jellicent|88\/100|[from] Stealth Rock\n|\n|-heal|p1a: Chaos|79\/100|[from] item: Leftovers\n|upkeep\n|turn|41\n|\n|t:|1700076529\n|switch|p1a: Erebus|Tyranitar-Mega, F, shiny|73\/100 par\n|-weather|Sandstorm|[from] ability: Sand Stream|[of] p1a: Erebus\n|move|p2a: Jellicent|Substitute|p2a: Jellicent\n|-start|p2a: Jellicent|Substitute\n|-damage|p2a: Jellicent|63\/100\n|\n|-weather|Sandstorm|[upkeep]\n|-damage|p2a: Jellicent|57\/100|[from] Sandstorm\n|upkeep\n|turn|42\n|\n|t:|1700076532\n|move|p2a: Jellicent|Strength Sap|p1a: Erebus\n|-unboost|p1a: Erebus|atk|1\n|-heal|p2a: Jellicent|100\/100\n|move|p1a: Erebus|Knock Off|p2a: Jellicent\n|-supereffective|p2a: Jellicent\n|-end|p2a: Jellicent|Substitute\n|\n|-weather|Sandstorm|[upkeep]\n|-damage|p2a: Jellicent|94\/100|[from] Sandstorm\n|upkeep\n|turn|43\n|\n|t:|1700076540\n|move|p2a: Jellicent|Substitute|p2a: Jellicent\n|-start|p2a: Jellicent|Substitute\n|-damage|p2a: Jellicent|69\/100\n|move|p1a: Erebus|Knock Off|p2a: Jellicent\n|-supereffective|p2a: Jellicent\n|-end|p2a: Jellicent|Substitute\n|\n|-weather|Sandstorm|[upkeep]\n|-damage|p2a: Jellicent|63\/100|[from] Sandstorm\n|upkeep\n|turn|44\n|c|\u2606pakiavatar9434|giratina will be a colossal pain to kill\n|c|\u2606vailorn|Para is fake\n|\n|t:|1700076553\n|move|p2a: Jellicent|Strength Sap|p1a: Erebus\n|-unboost|p1a: Erebus|atk|1\n|-heal|p2a: Jellicent|100\/100\n|cant|p1a: Erebus|par\n|\n|-weather|Sandstorm|[upkeep]\n|-damage|p2a: Jellicent|94\/100|[from] Sandstorm\n|upkeep\n|turn|45\n|c|\u2606vailorn|Ok well\n|\n|t:|1700076560\n|move|p2a: Jellicent|Substitute|p2a: Jellicent\n|-start|p2a: Jellicent|Substitute\n|-damage|p2a: Jellicent|69\/100\n|move|p1a: Erebus|Toxic||[still]\n|-fail|p1a: Erebus\n|\n|-weather|none\n|upkeep\n|turn|46\n|c|\u2606vailorn|Listen\n|\n|t:|1700076566\n|move|p2a: Jellicent|Strength Sap|p1a: Erebus\n|-unboost|p1a: Erebus|atk|1\n|-heal|p2a: Jellicent|100\/100\n|move|p1a: Erebus|Rest|p1a: Erebus\n|-status|p1a: Erebus|slp|[from] move: Rest\n|-heal|p1a: Erebus|100\/100 slp|[silent]\n|\n|upkeep\n|turn|47\n|c|\u2606vailorn|Nap time\n|\n|t:|1700076572\n|cant|p1a: Erebus|slp\n|move|p2a: Jellicent|Spite|p1a: Erebus\n|-activate|p1a: Erebus|move: Spite|Rest|4\n|\n|upkeep\n|turn|48\n|\n|t:|1700076579\n|cant|p1a: Erebus|slp\n|move|p2a: Jellicent|Spite|p1a: Erebus\n|-activate|p1a: Erebus|move: Spite|Rest|3\n|\n|upkeep\n|turn|49\n|c|\u2606pakiavatar9434|that was ur last nap\n|\n|t:|1700076587\n|-curestatus|p1a: Erebus|slp|[msg]\n|move|p1a: Erebus|Knock Off|p2a: Jellicent\n|-supereffective|p2a: Jellicent\n|-end|p2a: Jellicent|Substitute\n|move|p2a: Jellicent|Scald|p1a: Erebus\n|-supereffective|p1a: Erebus\n|-damage|p1a: Erebus|72\/100\n|\n|upkeep\n|turn|50\n|\n|t:|1700076595\n|switch|p1a: Chaos|Giratina, shiny|79\/100\n|-ability|p1a: Chaos|Pressure\n|move|p2a: Jellicent|Substitute|p2a: Jellicent\n|-start|p2a: Jellicent|Substitute\n|-damage|p2a: Jellicent|75\/100\n|\n|-heal|p1a: Chaos|86\/100|[from] item: Leftovers\n|upkeep\n|turn|51\n|\n|t:|1700076598\n|move|p2a: Jellicent|Strength Sap|p1a: Chaos\n|-unboost|p1a: Chaos|atk|1\n|-heal|p2a: Jellicent|100\/100\n|move|p1a: Chaos|Dragon Tail|p2a: Jellicent\n|-activate|p2a: Jellicent|move: Substitute|[damage]\n|\n|-heal|p1a: Chaos|92\/100|[from] item: Leftovers\n|upkeep\n|turn|52\n|\n|t:|1700076602\n|switch|p1a: Erebus|Tyranitar-Mega, F, shiny|72\/100\n|-weather|Sandstorm|[from] ability: Sand Stream|[of] p1a: Erebus\n|move|p2a: Jellicent|Scald|p1a: Erebus\n|-supereffective|p1a: Erebus\n|-damage|p1a: Erebus|54\/100\n|-status|p1a: Erebus|brn\n|\n|-weather|Sandstorm|[upkeep]\n|-damage|p2a: Jellicent|94\/100|[from] Sandstorm\n|-damage|p1a: Erebus|48\/100 brn|[from] brn\n|upkeep\n|turn|53\n|c|\u2606vailorn|Bruh moment\n|c|\u2606pakiavatar9434|and now ur burnt\n|\n|t:|1700076610\n|move|p1a: Erebus|Knock Off|p2a: Jellicent\n|-supereffective|p2a: Jellicent\n|-end|p2a: Jellicent|Substitute\n|move|p2a: Jellicent|Strength Sap|p1a: Erebus\n|-unboost|p1a: Erebus|atk|1\n|-heal|p2a: Jellicent|100\/100\n|\n|-weather|Sandstorm|[upkeep]\n|-damage|p2a: Jellicent|94\/100|[from] Sandstorm\n|-damage|p1a: Erebus|42\/100 brn|[from] brn\n|upkeep\n|turn|54\n|\n|t:|1700076612\n|move|p1a: Erebus|Knock Off|p2a: Jellicent\n|-supereffective|p2a: Jellicent\n|-enditem|p2a: Jellicent|Colbur Berry|[eat]\n|-enditem|p2a: Jellicent|Colbur Berry|[weaken]\n|-damage|p2a: Jellicent|81\/100\n|move|p2a: Jellicent|Substitute|p2a: Jellicent\n|-start|p2a: Jellicent|Substitute\n|-damage|p2a: Jellicent|56\/100\n|\n|-weather|Sandstorm|[upkeep]\n|-damage|p2a: Jellicent|50\/100|[from] Sandstorm\n|-damage|p1a: Erebus|35\/100 brn|[from] brn\n|upkeep\n|turn|55\n|\n|t:|1700076617\n|move|p1a: Erebus|Knock Off|p2a: Jellicent\n|-supereffective|p2a: Jellicent\n|-activate|p2a: Jellicent|move: Substitute|[damage]\n|move|p2a: Jellicent|Strength Sap|p1a: Erebus\n|-unboost|p1a: Erebus|atk|1\n|-heal|p2a: Jellicent|100\/100\n|\n|-weather|Sandstorm|[upkeep]\n|-damage|p2a: Jellicent|94\/100|[from] Sandstorm\n|-damage|p1a: Erebus|29\/100 brn|[from] brn\n|upkeep\n|turn|56\n|\n|t:|1700076621\n|move|p1a: Erebus|Knock Off|p2a: Jellicent\n|-supereffective|p2a: Jellicent\n|-end|p2a: Jellicent|Substitute\n|move|p2a: Jellicent|Scald|p1a: Erebus\n|-supereffective|p1a: Erebus\n|-damage|p1a: Erebus|13\/100 brn\n|\n|-weather|none\n|-damage|p1a: Erebus|7\/100 brn|[from] brn\n|upkeep\n|turn|57\n|c|\u2606vailorn|I didnt think that was how spite\/rest worked ngl\n|\n|t:|1700076632\n|switch|p1a: Chaos|Giratina, shiny|92\/100\n|-ability|p1a: Chaos|Pressure\n|move|p2a: Jellicent|Substitute|p2a: Jellicent\n|-start|p2a: Jellicent|Substitute\n|-damage|p2a: Jellicent|69\/100\n|\n|-heal|p1a: Chaos|98\/100|[from] item: Leftovers\n|upkeep\n|turn|58\n|c|\u2606pakiavatar9434|spite cuts any move by 4\n|c|\u2606pakiavatar9434|so if i use it at the right time\n|c|\u2606vailorn|Based on last move used, which i guess would be rest there\n|c|\u2606pakiavatar9434|u use 5 pp everytime\n|c|\u2606pakiavatar9434|yah\n|c|\u2606pakiavatar9434|i combo it w para\n|c|\u2606vailorn|Heard\n|c|\u2606pakiavatar9434|sometimes i can kill entire moves at once\n|\n|t:|1700076675\n|move|p2a: Jellicent|Strength Sap|p1a: Chaos\n|-unboost|p1a: Chaos|atk|1\n|-heal|p2a: Jellicent|100\/100\n|move|p1a: Chaos|Dragon Tail|p2a: Jellicent\n|-activate|p2a: Jellicent|move: Substitute|[damage]\n|\n|-heal|p1a: Chaos|100\/100|[from] item: Leftovers\n|upkeep\n|turn|59\n|\n|t:|1700076681\n|move|p1a: Chaos|Toxic||[still]\n|-fail|p1a: Chaos\n|move|p2a: Jellicent|Strength Sap|p1a: Chaos\n|-unboost|p1a: Chaos|atk|1\n|\n|upkeep\n|turn|60\n|\n|t:|1700076684\n|move|p2a: Jellicent|Spite|p1a: Chaos\n|-activate|p1a: Chaos|move: Spite|Toxic|4\n|move|p1a: Chaos|Dragon Tail|p2a: Jellicent|[miss]\n|-miss|p1a: Chaos|p2a: Jellicent\n|\n|upkeep\n|turn|61\n|\n|t:|1700076692\n|switch|p1a: Erebus|Tyranitar-Mega, F, shiny|7\/100 brn\n|-weather|Sandstorm|[from] ability: Sand Stream|[of] p1a: Erebus\n|move|p2a: Jellicent|Spite||[still]\n|-fail|p2a: Jellicent\n|\n|-weather|Sandstorm|[upkeep]\n|-damage|p2a: Jellicent|94\/100|[from] Sandstorm\n|-damage|p1a: Erebus|0 fnt|[from] brn\n|faint|p1a: Erebus\n|upkeep\n|\n|t:|1700076693\n|switch|p1a: Chaos|Giratina, shiny|100\/100\n|-ability|p1a: Chaos|Pressure\n|turn|62\n|\n|t:|1700076700\n|move|p1a: Chaos|Rest|p1a: Chaos\n|-fail|p1a: Chaos|heal\n|move|p2a: Jellicent|Strength Sap|p1a: Chaos\n|-unboost|p1a: Chaos|atk|1\n|-heal|p2a: Jellicent|100\/100\n|\n|-weather|Sandstorm|[upkeep]\n|-damage|p1a: Chaos|94\/100|[from] Sandstorm\n|-damage|p2a: Jellicent|94\/100|[from] Sandstorm\n|-heal|p1a: Chaos|100\/100|[from] item: Leftovers\n|upkeep\n|turn|63\n|\n|t:|1700076704\n|move|p2a: Jellicent|Spite|p1a: Chaos\n|-activate|p1a: Chaos|move: Spite|Rest|4\n|move|p1a: Chaos|Dragon Tail|p2a: Jellicent\n|-activate|p2a: Jellicent|move: Substitute|[damage]\n|\n|-weather|Sandstorm|[upkeep]\n|-damage|p1a: Chaos|94\/100|[from] Sandstorm\n|-damage|p2a: Jellicent|88\/100|[from] Sandstorm\n|-heal|p1a: Chaos|100\/100|[from] item: Leftovers\n|upkeep\n|turn|64\n|\n|t:|1700076715\n|move|p1a: Chaos|Rest|p1a: Chaos\n|-fail|p1a: Chaos|heal\n|move|p2a: Jellicent|Spite|p1a: Chaos\n|-activate|p1a: Chaos|move: Spite|Rest|1\n|\n|-weather|Sandstorm|[upkeep]\n|-damage|p1a: Chaos|94\/100|[from] Sandstorm\n|-damage|p2a: Jellicent|82\/100|[from] Sandstorm\n|-heal|p1a: Chaos|100\/100|[from] item: Leftovers\n|upkeep\n|turn|65\n|c|\u2606pakiavatar9434|no more rests\n|\n|t:|1700076722\n|move|p2a: Jellicent|Strength Sap|p1a: Chaos\n|-unboost|p1a: Chaos|atk|1\n|-heal|p2a: Jellicent|100\/100\n|move|p1a: Chaos|Dragon Tail|p2a: Jellicent\n|-end|p2a: Jellicent|Substitute\n|\n|-weather|none\n|upkeep\n|turn|66\n|c|\u2606pakiavatar9434|jellicent is physical wall\n|c|\u2606pakiavatar9434|and counter stall\n|c|\u2606vailorn|I like it\n|c|\u2606pakiavatar9434|out stalls stall mons\n|c|\u2606pakiavatar9434|kills heal bell\n|c|\u2606pakiavatar9434|soft boil\n|c|\u2606pakiavatar9434|recover\n|c|\u2606pakiavatar9434|roost\n|c|\u2606pakiavatar9434|rst\n|c|\u2606pakiavatar9434|no more healing against me\n|\n|t:|1700076751\n|move|p2a: Jellicent|Substitute|p2a: Jellicent\n|-start|p2a: Jellicent|Substitute\n|-damage|p2a: Jellicent|75\/100\n|move|p1a: Chaos|Dragon Tail|p2a: Jellicent|[miss]\n|-miss|p1a: Chaos|p2a: Jellicent\n|\n|upkeep\n|turn|67\n|\n|t:|1700076755\n|move|p1a: Chaos|Defog|p2a: Jellicent\n|-sideend|p2: pakiavatar9434|Stealth Rock|[from] move: Defog|[of] p1a: Chaos\n|move|p2a: Jellicent|Spite|p1a: Chaos\n|-activate|p1a: Chaos|move: Spite|Defog|4\n|\n|upkeep\n|turn|68\n|\n|t:|1700076760\n|move|p1a: Chaos|Defog||[still]\n|-fail|p1a: Chaos\n|move|p2a: Jellicent|Strength Sap|p1a: Chaos\n|-unboost|p1a: Chaos|atk|1\n|-heal|p2a: Jellicent|100\/100\n|\n|upkeep\n|turn|69\n|\n|t:|1700076769\n|switch|p2a: Heatran|Heatran, M|69\/100\n|move|p1a: Chaos|Dragon Tail|p2a: Heatran\n|-resisted|p2a: Heatran\n|-damage|p2a: Heatran|66\/100\n|drag|p2a: Jellicent|Jellicent, M|100\/100\n|\n|upkeep\n|turn|70\n|\n|t:|1700076772\n|move|p1a: Chaos|Toxic|p2a: Jellicent\n|-status|p2a: Jellicent|tox\n|move|p2a: Jellicent|Spite|p1a: Chaos\n|-activate|p1a: Chaos|move: Spite|Toxic|4\n|\n|-damage|p2a: Jellicent|94\/100 tox|[from] psn\n|upkeep\n|turn|71\n|c|\u2606vailorn|Its so joever now\n|c|\u2606pakiavatar9434|huh\n|c|\u2606pakiavatar9434|?\n|\n|t:|1700076786\n|move|p1a: Chaos|Defog|p2a: Jellicent\n|-unboost|p2a: Jellicent|evasion|1\n|move|p2a: Jellicent|Scald|p1a: Chaos\n|-resisted|p1a: Chaos\n|-damage|p1a: Chaos|94\/100\n|\n|-heal|p1a: Chaos|99\/100|[from] item: Leftovers\n|-damage|p2a: Jellicent|82\/100 tox|[from] psn\n|upkeep\n|turn|72\n|c|\u2606vailorn|Sarcasm\n|\n|t:|1700076793\n|move|p1a: Chaos|Defog|p2a: Jellicent\n|-unboost|p2a: Jellicent|evasion|1\n|move|p2a: Jellicent|Spite|p1a: Chaos\n|-activate|p1a: Chaos|move: Spite|Defog|4\n|\n|-heal|p1a: Chaos|100\/100|[from] item: Leftovers\n|-damage|p2a: Jellicent|63\/100 tox|[from] psn\n|upkeep\n|turn|73\n|\n|t:|1700076796\n|move|p1a: Chaos|Defog|p2a: Jellicent\n|-unboost|p2a: Jellicent|evasion|1\n|move|p2a: Jellicent|Scald|p1a: Chaos\n|-resisted|p1a: Chaos\n|-damage|p1a: Chaos|94\/100\n|\n|-heal|p1a: Chaos|99\/100|[from] item: Leftovers\n|-damage|p2a: Jellicent|39\/100 tox|[from] psn\n|upkeep\n|turn|74\n|\n|t:|1700076807\n|move|p2a: Jellicent|Spite|p1a: Chaos\n|-activate|p1a: Chaos|move: Spite|Defog|4\n|move|p1a: Chaos|Dragon Tail|p2a: Jellicent\n|-damage|p2a: Jellicent|32\/100 tox\n|drag|p2a: Melmetal|Melmetal, tera:Water|84\/100 tox\n|\n|-heal|p1a: Chaos|100\/100|[from] item: Leftovers\n|-damage|p2a: Melmetal|78\/100 tox|[from] psn\n|upkeep\n|turn|75\n|c|\u2606pakiavatar9434|i wasted my tera\n|c|\u2606pakiavatar9434|but\n|c|\u2606vailorn|Idk why i tailed there\n|c|\u2606pakiavatar9434|jellicent tera poison\n|c|\u2606vailorn|Was foolish\n|c|\u2606pakiavatar9434|to anti toxic\n|-activate|p2a: Melmetal|item: Quick Claw\n|\n|t:|1700076829\n|move|p2a: Melmetal|Double Iron Bash|p1a: Chaos\n|-damage|p1a: Chaos|81\/100\n|-damage|p1a: Chaos|62\/100\n|-hitcount|p1a: Chaos|2\n|cant|p1a: Chaos|flinch\n|\n|-heal|p1a: Chaos|68\/100|[from] item: Leftovers\n|-damage|p2a: Melmetal|66\/100 tox|[from] psn\n|upkeep\n|turn|76\n|\n|t:|1700076838\n|move|p1a: Chaos|Defog|p2a: Melmetal\n|-unboost|p2a: Melmetal|evasion|1\n|move|p2a: Melmetal|Rest|p2a: Melmetal\n|-status|p2a: Melmetal|slp|[from] move: Rest\n|-heal|p2a: Melmetal|100\/100 slp|[silent]\n|\n|-heal|p1a: Chaos|74\/100|[from] item: Leftovers\n|upkeep\n|turn|77\n|c|\u2606vailorn|Oh yeah this is rest haha\n|\n|t:|1700076847\n|cant|p2a: Melmetal|slp\n|move|p1a: Chaos|Dragon Tail|p2a: Melmetal\n|-damage|p2a: Melmetal|96\/100 slp\n|drag|p2a: Blissey|Blissey, F|78\/100\n|\n|-heal|p1a: Chaos|80\/100|[from] item: Leftovers\n|upkeep\n|turn|78\n|\n|t:|1700076853\n|move|p2a: Blissey|Wish|p2a: Blissey\n|move|p1a: Chaos|Dragon Tail|p2a: Blissey\n|-damage|p2a: Blissey|71\/100\n|drag|p2a: Melmetal|Melmetal, tera:Water|96\/100 slp\n|\n|-heal|p1a: Chaos|86\/100|[from] item: Leftovers\n|upkeep\n|turn|79\n|\n|t:|1700076868\n|cant|p2a: Melmetal|slp\n|move|p1a: Chaos|Dragon Tail|p2a: Melmetal\n|-damage|p2a: Melmetal|92\/100 slp\n|drag|p2a: Jellicent|Jellicent, M|32\/100 tox\n|\n|-heal|p2a: Jellicent|100\/100 tox|[from] move: Wish|[wisher] Blissey\n|-heal|p1a: Chaos|93\/100|[from] item: Leftovers\n|-damage|p2a: Jellicent|94\/100 tox|[from] psn\n|upkeep\n|turn|80\n|\n|t:|1700076880\n|move|p1a: Chaos|Defog|p2a: Jellicent\n|-unboost|p2a: Jellicent|evasion|1\n|move|p2a: Jellicent|Scald|p1a: Chaos\n|-resisted|p1a: Chaos\n|-damage|p1a: Chaos|85\/100\n|-status|p1a: Chaos|brn\n|\n|-heal|p1a: Chaos|91\/100 brn|[from] item: Leftovers\n|-damage|p2a: Jellicent|82\/100 tox|[from] psn\n|-damage|p1a: Chaos|85\/100 brn|[from] brn\n|upkeep\n|turn|81\n|\n|t:|1700076891\n|move|p1a: Chaos|Defog|p2a: Jellicent\n|-unboost|p2a: Jellicent|evasion|1\n|move|p2a: Jellicent|Scald|p1a: Chaos\n|-resisted|p1a: Chaos\n|-damage|p1a: Chaos|77\/100 brn\n|\n|-heal|p1a: Chaos|84\/100 brn|[from] item: Leftovers\n|-damage|p2a: Jellicent|63\/100 tox|[from] psn\n|-damage|p1a: Chaos|77\/100 brn|[from] brn\n|upkeep\n|turn|82\n|c|\u2606vailorn|Struggle to victory\n|c|\u2606pakiavatar9434|i dont have anyone who can kill giratina by attacking\n|c|\u2606vailorn|Yuh\n|c|\u2606pakiavatar9434|xerneas dead\n|\n|t:|1700076923\n|move|p2a: Jellicent|Scald|p1a: Chaos\n|-resisted|p1a: Chaos\n|-damage|p1a: Chaos|71\/100 brn\n|move|p1a: Chaos|Dragon Tail|p2a: Jellicent\n|-damage|p2a: Jellicent|60\/100 tox\n|drag|p2a: Heatran|Heatran, M|66\/100\n|\n|-heal|p1a: Chaos|77\/100 brn|[from] item: Leftovers\n|-damage|p1a: Chaos|71\/100 brn|[from] brn\n|upkeep\n|turn|83\n|\n|t:|1700076930\n|switch|p2a: Melmetal|Melmetal, tera:Water|92\/100 slp\n|move|p1a: Chaos|Dragon Tail|p2a: Melmetal\n|-damage|p2a: Melmetal|90\/100 slp\n|drag|p2a: Blissey|Blissey, F|71\/100\n|\n|-heal|p1a: Chaos|77\/100 brn|[from] item: Leftovers\n|-damage|p1a: Chaos|71\/100 brn|[from] brn\n|upkeep\n|turn|84\n|\n|t:|1700076934\n|move|p1a: Chaos|Toxic|p2a: Blissey\n|-status|p2a: Blissey|tox\n|move|p2a: Blissey|Wish|p2a: Blissey\n|\n|-heal|p1a: Chaos|77\/100 brn|[from] item: Leftovers\n|-damage|p2a: Blissey|65\/100 tox|[from] psn\n|-damage|p1a: Chaos|71\/100 brn|[from] brn\n|upkeep\n|turn|85\n|\n|t:|1700076937\n|-curestatus|p2a: Blissey|tox|[from] ability: Natural Cure\n|switch|p2a: Heatran|Heatran, M|66\/100\n|move|p1a: Chaos|Defog|p2a: Heatran\n|-unboost|p2a: Heatran|evasion|1\n|\n|-heal|p2a: Heatran|100\/100|[from] move: Wish|[wisher] Blissey\n|-heal|p1a: Chaos|77\/100 brn|[from] item: Leftovers\n|-damage|p1a: Chaos|71\/100 brn|[from] brn\n|upkeep\n|turn|86\n|\n|t:|1700076948\n|move|p2a: Heatran|Magma Storm|p1a: Chaos\n|-resisted|p1a: Chaos\n|-damage|p1a: Chaos|55\/100 brn\n|-activate|p1a: Chaos|move: Magma Storm|[of] p2a: Heatran\n|move|p1a: Chaos|Defog|p2a: Heatran\n|-unboost|p2a: Heatran|evasion|1\n|\n|-heal|p1a: Chaos|62\/100 brn|[from] item: Leftovers\n|-damage|p1a: Chaos|55\/100 brn|[from] brn\n|-damage|p1a: Chaos|43\/100 brn|[from] move: Magma Storm|[partiallytrapped]\n|upkeep\n|turn|87\n|c|\u2606vailorn|Ur in trouble now look out\n|\n|t:|1700076959\n|move|p2a: Heatran|Earth Power|p1a: Chaos\n|-damage|p1a: Chaos|25\/100 brn\n|move|p1a: Chaos|Defog|p2a: Heatran\n|-unboost|p2a: Heatran|evasion|1\n|\n|-heal|p1a: Chaos|31\/100 brn|[from] item: Leftovers\n|-damage|p1a: Chaos|25\/100 brn|[from] brn\n|-damage|p1a: Chaos|12\/100 brn|[from] move: Magma Storm|[partiallytrapped]\n|upkeep\n|turn|88\n|c|\u2606pakiavatar9434|!stats giratina\n|raw|<div class=\"message\"><ul class=\"utilichart\"><li class=\"result\"><span class=\"col numcol\">Uber<\/span> <span class=\"col iconcol\"><psicon pokemon=\"giratina\"\/><\/span> <span class=\"col pokemonnamecol\" style=\"white-space:nowrap\"><a href=\"https:\/\/dex.pokemonshowdown.com\/pokemon\/giratina\" target=\"_blank\">Giratina<\/a><\/span> <span class=\"col typecol\"><img src=\"https:\/\/play.pokemonshowdown.com\/sprites\/types\/Ghost.png\" alt=\"Ghost\" height=\"14\" width=\"32\"><img src=\"https:\/\/play.pokemonshowdown.com\/sprites\/types\/Dragon.png\" alt=\"Dragon\" height=\"14\" width=\"32\"><\/span> <span style=\"float:left;min-height:26px\"><span class=\"col abilitycol\">Pressure<\/span><span class=\"col abilitycol\"><em>Telepathy<\/em><\/span><\/span><span style=\"float:left;min-height:26px\"><span class=\"col statcol\"><em>HP<\/em><br \/>150<\/span> <span class=\"col statcol\"><em>Atk<\/em><br \/>100<\/span> <span class=\"col statcol\"><em>Def<\/em><br \/>120<\/span> <span class=\"col statcol\"><em>SpA<\/em><br \/>100<\/span> <span class=\"col statcol\"><em>SpD<\/em><br \/>120<\/span> <span class=\"col statcol\"><em>Spe<\/em><br \/>90<\/span> <span class=\"col bstcol\"><em>BST<br \/>680<\/em><\/span> <\/span><\/li><li style=\"clear:both\"><\/li><\/ul><\/div>\n\n|c|\u2606pakiavatar9434|def stat\n|c|\u2606pakiavatar9434|HP stat\n|c|\u2606pakiavatar9434|!stats melmetal\n|raw|<div class=\"message\"><ul class=\"utilichart\"><li class=\"result\"><span class=\"col numcol\">Uber<\/span> <span class=\"col iconcol\"><psicon pokemon=\"melmetal\"\/><\/span> <span class=\"col pokemonnamecol\" style=\"white-space:nowrap\"><a href=\"https:\/\/dex.pokemonshowdown.com\/pokemon\/melmetal\" target=\"_blank\">Melmetal<\/a><\/span> <span class=\"col typecol\"><img src=\"https:\/\/play.pokemonshowdown.com\/sprites\/types\/Steel.png\" alt=\"Steel\" height=\"14\" width=\"32\"><\/span> <span style=\"float:left;min-height:26px\"><span class=\"col abilitycol\">Iron Fist<\/span><span class=\"col abilitycol\"><\/span><\/span><span style=\"float:left;min-height:26px\"><span class=\"col statcol\"><em>HP<\/em><br \/>135<\/span> <span class=\"col statcol\"><em>Atk<\/em><br \/>143<\/span> <span class=\"col statcol\"><em>Def<\/em><br \/>143<\/span> <span class=\"col statcol\"><em>SpA<\/em><br \/>80<\/span> <span class=\"col statcol\"><em>SpD<\/em><br \/>65<\/span> <span class=\"col statcol\"><em>Spe<\/em><br \/>34<\/span> <span class=\"col bstcol\"><em>BST<br \/>600<\/em><\/span> <\/span><\/li><li style=\"clear:both\"><\/li><\/ul><\/div>\n\n|c|\u2606vailorn|Big\n|c|\u2606pakiavatar9434|big indeed\n|\n|t:|1700076995\n|move|p2a: Heatran|Earth Power|p1a: Chaos\n|-damage|p1a: Chaos|0 fnt\n|faint|p1a: Chaos\n|\n|win|pakiavatar9434\n|raw|vailorn's rating: 1659 &rarr; <strong>1637<\/strong><br \/>(-22 for losing)\n|raw|pakiavatar9434's rating: 1631 &rarr; <strong>1653<\/strong><br \/>(+22 for winning)\n|c|\u2606vailorn|Ggs\n|c|\u2606pakiavatar9434|gg\n","uploadtime":1700077001,"views":14,"p1id":"vailorn","p2id":"pakiavatar9434","formatid":"gen9nationaldexubers","rating":1637,"private":0,"password":""}