{"id":"gen9nationaldexubers-1981524720","p1":"zillygaming","p2":"s1owk1ng G4lar","format":"[Gen 9] National Dex Ubers","log":"|j|\u2606zillygaming\n|j|\u2606s1owk1ng G4lar\n|t:|1698912203\n|gametype|singles\n|player|p1|zillygaming|ingo|1205\n|player|p2|s1owk1ng G4lar|volo|1271\n|teamsize|p1|6\n|teamsize|p2|6\n|gen|9\n|tier|[Gen 9] National Dex Ubers\n|rated|\n|rule|HP Percentage Mod: HP is shown in percentages\n|rule|Endless Battle Clause: Forcing endless battles is banned\n|rule|OHKO Clause: OHKO moves are banned\n|rule|Evasion Moves Clause: Evasion moves are banned\n|rule|Evasion Items Clause: Evasion items are banned\n|rule|Species Clause: Limit one of each Pok\u00e9mon\n|rule|Sleep Clause Mod: Limit one foe put to sleep\n|rule|Mega Rayquaza Clause: You cannot mega evolve Rayquaza\n|clearpoke\n|poke|p1|Blaziken, M|\n|poke|p1|Kyogre|\n|poke|p1|Rillaboom, M|\n|poke|p1|Deoxys-Speed|\n|poke|p1|Dracovish|\n|poke|p1|Zacian-*|\n|poke|p2|Necrozma-Dusk-Mane|\n|poke|p2|Yveltal|\n|poke|p2|Xerneas-*|\n|poke|p2|Smeargle, M|\n|poke|p2|Salamence, F|\n|poke|p2|Marshadow|\n|teampreview\n|inactive|Battle timer is ON: inactive players will automatically lose when time's up. (requested by s1owk1ng G4lar)\n|\n|t:|1698912209\n|start\n|switch|p1a: Deoxys|Deoxys-Speed, shiny|100\/100\n|switch|p2a: Smeargle|Smeargle, M|100\/100\n|-ability|p1a: Deoxys|Pressure\n|turn|1\n|\n|t:|1698912217\n|move|p1a: Deoxys|Stealth Rock|p2a: Smeargle\n|-sidestart|p2: s1owk1ng G4lar|move: Stealth Rock\n|move|p2a: Smeargle|Sticky Web|p1a: Deoxys\n|-sidestart|p1: zillygaming|move: Sticky Web\n|\n|upkeep\n|turn|2\n|\n|t:|1698912226\n|move|p1a: Deoxys|Spikes|p2a: Smeargle\n|-sidestart|p2: s1owk1ng G4lar|Spikes\n|move|p2a: Smeargle|Nuzzle|p1a: Deoxys\n|-damage|p1a: Deoxys|98\/100\n|-status|p1a: Deoxys|par\n|\n|upkeep\n|turn|3\n|\n|t:|1698912234\n|move|p2a: Smeargle|Rapid Spin|p1a: Deoxys\n|-damage|p1a: Deoxys|90\/100 par\n|-boost|p2a: Smeargle|spe|1\n|-sideend|p2: s1owk1ng G4lar|Spikes|[from] move: Rapid Spin|[of] p2a: Smeargle\n|-sideend|p2: s1owk1ng G4lar|Stealth Rock|[from] move: Rapid Spin|[of] p2a: Smeargle\n|move|p1a: Deoxys|Spikes|p2a: Smeargle\n|-sidestart|p2: s1owk1ng G4lar|Spikes\n|\n|upkeep\n|turn|4\n|\n|t:|1698912241\n|move|p2a: Smeargle|Rapid Spin|p1a: Deoxys\n|-damage|p1a: Deoxys|81\/100 par\n|-boost|p2a: Smeargle|spe|1\n|-sideend|p2: s1owk1ng G4lar|Spikes|[from] move: Rapid Spin|[of] p2a: Smeargle\n|move|p1a: Deoxys|Psychic|p2a: Smeargle\n|-enditem|p2a: Smeargle|Focus Sash\n|-damage|p2a: Smeargle|1\/100\n|\n|upkeep\n|turn|5\n|\n|t:|1698912250\n|move|p2a: Smeargle|Taunt|p1a: Deoxys\n|-start|p1a: Deoxys|move: Taunt\n|move|p1a: Deoxys|Psychic|p2a: Smeargle\n|-damage|p2a: Smeargle|0 fnt\n|faint|p2a: Smeargle\n|\n|upkeep\n|\n|t:|1698912257\n|switch|p2a: Marshadow|Marshadow|100\/100\n|turn|6\n|\n|t:|1698912267\n|move|p2a: Marshadow|Spectral Thief|p1a: Deoxys\n|-supereffective|p1a: Deoxys\n|-damage|p1a: Deoxys|0 fnt\n|faint|p1a: Deoxys\n|\n|upkeep\n|\n|t:|1698912275\n|switch|p1a: Dracovish|Dracovish, shiny|100\/100\n|-activate|p1a: Dracovish|move: Sticky Web\n|-unboost|p1a: Dracovish|spe|1\n|turn|7\n|\n|t:|1698912286\n|move|p2a: Marshadow|Spectral Thief|p1a: Dracovish\n|-damage|p1a: Dracovish|43\/100\n|move|p1a: Dracovish|Fishious Rend|p2a: Marshadow\n|-damage|p2a: Marshadow|40\/100\n|\n|upkeep\n|turn|8\n|\n|t:|1698912295\n|move|p2a: Marshadow|Spectral Thief|p1a: Dracovish\n|-damage|p1a: Dracovish|0 fnt\n|faint|p1a: Dracovish\n|\n|upkeep\n|\n|t:|1698912302\n|switch|p1a: Rillaboom|Rillaboom, M, shiny|100\/100\n|-activate|p1a: Rillaboom|move: Sticky Web\n|-unboost|p1a: Rillaboom|spe|1\n|-fieldstart|move: Grassy Terrain|[from] ability: Grassy Surge|[of] p1a: Rillaboom\n|turn|9\n|\n|t:|1698912308\n|move|p2a: Marshadow|Shadow Sneak|p1a: Rillaboom\n|-damage|p1a: Rillaboom|71\/100\n|move|p1a: Rillaboom|Grassy Glide|p2a: Marshadow\n|-damage|p2a: Marshadow|0 fnt\n|faint|p2a: Marshadow\n|-damage|p1a: Rillaboom|61\/100|[from] item: Life Orb\n|\n|-heal|p1a: Rillaboom|67\/100|[from] Grassy Terrain\n|upkeep\n|\n|t:|1698912318\n|switch|p2a: Salamence|Salamence, F|100\/100\n|-ability|p2a: Salamence|Intimidate|boost\n|-unboost|p1a: Rillaboom|atk|1\n|turn|10\n|\n|t:|1698912336\n|switch|p1a: Zacian|Zacian-Crowned, shiny|100\/100\n|-activate|p1a: Zacian|move: Sticky Web\n|-unboost|p1a: Zacian|spe|1\n|-ability|p1a: Zacian|Intrepid Sword|boost\n|-boost|p1a: Zacian|atk|1\n|detailschange|p2a: Salamence|Salamence-Mega, F\n|-mega|p2a: Salamence|Salamence|Salamencite\n|move|p2a: Salamence|Dragon Dance|p2a: Salamence\n|-boost|p2a: Salamence|atk|1\n|-boost|p2a: Salamence|spe|1\n|\n|upkeep\n|turn|11\n|\n|t:|1698912349\n|move|p2a: Salamence|Dragon Dance|p2a: Salamence\n|-boost|p2a: Salamence|atk|1\n|-boost|p2a: Salamence|spe|1\n|move|p1a: Zacian|Play Rough|p2a: Salamence\n|-supereffective|p2a: Salamence\n|-damage|p2a: Salamence|0 fnt\n|faint|p2a: Salamence\n|\n|upkeep\n|\n|t:|1698912354\n|switch|p2a: Xerneas|Xerneas|100\/100\n|-ability|p2a: Xerneas|Fairy Aura\n|turn|12\n|\n|t:|1698912362\n|-terastallize|p2a: Xerneas|Electric\n|move|p2a: Xerneas|Geomancy||[still]\n|-prepare|p2a: Xerneas|Geomancy\n|-enditem|p2a: Xerneas|Power Herb\n|-anim|p2a: Xerneas|Geomancy|p2a: Xerneas\n|-boost|p2a: Xerneas|spa|2\n|-boost|p2a: Xerneas|spd|2\n|-boost|p2a: Xerneas|spe|2\n|move|p1a: Zacian|Behemoth Blade|p2a: Xerneas\n|-resisted|p2a: Xerneas\n|-damage|p2a: Xerneas|58\/100\n|\n|-heal|p2a: Xerneas|64\/100|[from] Grassy Terrain\n|upkeep\n|turn|13\n|\n|t:|1698912377\n|-terastallize|p1a: Zacian|Ground\n|move|p2a: Xerneas|Thunder|p1a: Zacian\n|-immune|p1a: Zacian\n|move|p1a: Zacian|Tera Blast|p2a: Xerneas|[anim] Tera Blast Ground\n|-supereffective|p2a: Xerneas\n|-damage|p2a: Xerneas|0 fnt\n|faint|p2a: Xerneas\n|\n|-fieldend|move: Grassy Terrain\n|upkeep\n|\n|t:|1698912388\n|switch|p2a: Yveltal|Yveltal|100\/100\n|-ability|p2a: Yveltal|Dark Aura\n|turn|14\n|-message|s1owk1ng G4lar forfeited.\n|\n|win|zillygaming\n|raw|zillygaming's rating: 1205 &rarr; <strong>1235<\/strong><br \/>(+30 for winning)\n|raw|s1owk1ng G4lar's rating: 1271 &rarr; <strong>1241<\/strong><br \/>(-30 for losing)\n|l|\u2606s1owk1ng G4lar\n","uploadtime":1698912397,"views":10,"p1id":"zillygaming","p2id":"s1owk1ngg4lar","formatid":"gen9nationaldexubers","rating":1235,"private":0,"password":""}