{"id":"gen9nationaldexubers-1999674599","p1":"aquiles meo","p2":"redredpanda2","format":"[Gen 9] National Dex Ubers","log":"|j|\u2606aquiles meo\n|j|\u2606redredpanda2\n|t:|1701106735\n|gametype|singles\n|player|p1|aquiles meo|ethan|1099\n|player|p2|redredpanda2|pokemonrangerf-gen4|1000\n|teamsize|p1|6\n|teamsize|p2|6\n|gen|9\n|tier|[Gen 9] National Dex Ubers\n|rated|\n|rule|HP Percentage Mod: HP is shown in percentages\n|rule|Endless Battle Clause: Forcing endless battles is banned\n|rule|OHKO Clause: OHKO moves are banned\n|rule|Evasion Moves Clause: Evasion moves are banned\n|rule|Evasion Items Clause: Evasion items are banned\n|rule|Species Clause: Limit one of each Pok\u00e9mon\n|rule|Sleep Clause Mod: Limit one foe put to sleep\n|rule|Mega Rayquaza Clause: You cannot mega evolve Rayquaza\n|clearpoke\n|poke|p1|Luxray, M|\n|poke|p1|Pidgeot, M|\n|poke|p1|Lucario, M|\n|poke|p1|Jirachi|\n|poke|p1|Rayquaza|\n|poke|p1|Ho-Oh|\n|poke|p2|Rayquaza|\n|poke|p2|Umbreon, F|\n|poke|p2|Corviknight, F|\n|poke|p2|Aegislash, M|\n|poke|p2|Scolipede, M|\n|poke|p2|Yveltal|\n|teampreview\n|\n|t:|1701106751\n|start\n|switch|p1a: Ho-Oh|Ho-Oh|100\/100\n|switch|p2a: Aegislash|Aegislash, M, shiny|100\/100\n|turn|1\n|\n|t:|1701106769\n|move|p1a: Ho-Oh|Tailwind|p1a: Ho-Oh\n|-sidestart|p1: aquiles meo|move: Tailwind\n|-formechange|p2a: Aegislash|Aegislash-Blade||[from] ability: Stance Change\n|move|p2a: Aegislash|Sacred Sword|p1a: Ho-Oh\n|-resisted|p1a: Ho-Oh\n|-damage|p1a: Ho-Oh|86\/100\n|\n|upkeep\n|turn|2\n|\n|t:|1701106785\n|switch|p1a: Rayquaza|Rayquaza|100\/100\n|-ability|p1a: Rayquaza|Air Lock\n|switch|p2a: Rayquaza|Rayquaza, shiny|100\/100\n|-ability|p2a: Rayquaza|Air Lock\n|\n|upkeep\n|turn|3\n|c|\u2606aquiles meo|I suggest you pull that rayquaza out\n|c|\u2606aquiles meo|at the time of now\n|\n|t:|1701106812\n|move|p1a: Rayquaza|Ice Beam|p2a: Rayquaza\n|-supereffective|p2a: Rayquaza\n|-damage|p2a: Rayquaza|0 fnt\n|faint|p2a: Rayquaza\n|\n|upkeep\n|\n|t:|1701106819\n|switch|p2a: Yveltal|Yveltal|100\/100\n|-ability|p2a: Yveltal|Dark Aura\n|turn|4\n|\n|t:|1701106837\n|move|p1a: Rayquaza|Ice Beam|p2a: Yveltal\n|-supereffective|p2a: Yveltal\n|-damage|p2a: Yveltal|53\/100\n|move|p2a: Yveltal|Dark Pulse|p1a: Rayquaza\n|-damage|p1a: Rayquaza|42\/100\n|\n|-heal|p1a: Rayquaza|48\/100|[from] item: Leftovers\n|-sideend|p1: aquiles meo|move: Tailwind\n|upkeep\n|turn|5\n|\n|t:|1701106865\n|switch|p1a: Ho-Oh|Ho-Oh|100\/100\n|switch|p2a: Aegislash|Aegislash, M, shiny|100\/100\n|\n|upkeep\n|turn|6\n|\n|t:|1701106879\n|move|p2a: Aegislash|King's Shield|p2a: Aegislash\n|-singleturn|p2a: Aegislash|Protect\n|move|p1a: Ho-Oh|Burn Up|p2a: Aegislash\n|-activate|p2a: Aegislash|move: Protect\n|\n|upkeep\n|turn|7\n|c|\u2606aquiles meo|good call\n|\n|t:|1701106891\n|switch|p2a: Umbreon|Umbreon, F, shiny|100\/100\n|move|p1a: Ho-Oh|Burn Up|p2a: Umbreon\n|-crit|p2a: Umbreon\n|-damage|p2a: Umbreon|19\/100\n|-start|p1a: Ho-Oh|typechange|???\/Flying|[from] move: Burn Up\n|\n|-heal|p2a: Umbreon|25\/100|[from] item: Leftovers\n|upkeep\n|turn|8\n|\n|t:|1701106902\n|move|p1a: Ho-Oh|Tailwind|p1a: Ho-Oh\n|-sidestart|p1: aquiles meo|move: Tailwind\n|move|p2a: Umbreon|Wish|p2a: Umbreon\n|\n|-heal|p2a: Umbreon|31\/100|[from] item: Leftovers\n|upkeep\n|turn|9\n|\n|t:|1701106916\n|switch|p1a: Luxray|Luxray, M, shiny|100\/100\n|move|p2a: Umbreon|Protect||[still]\n|-fail|p2a: Umbreon\n|\n|-heal|p2a: Umbreon|81\/100|[from] move: Wish|[wisher] Umbreon\n|-heal|p2a: Umbreon|87\/100|[from] item: Leftovers\n|upkeep\n|turn|10\n|\n|t:|1701106931\n|move|p1a: Luxray|Substitute|p1a: Luxray\n|-start|p1a: Luxray|Substitute\n|-damage|p1a: Luxray|76\/100\n|move|p2a: Umbreon|Foul Play|p1a: Luxray\n|-end|p1a: Luxray|Substitute\n|\n|-heal|p1a: Luxray|82\/100|[from] item: Leftovers\n|-heal|p2a: Umbreon|93\/100|[from] item: Leftovers\n|upkeep\n|turn|11\n|\n|t:|1701106959\n|move|p1a: Luxray|Wild Charge|p2a: Umbreon\n|-damage|p2a: Umbreon|52\/100\n|-damage|p1a: Luxray|71\/100|[from] Recoil\n|move|p2a: Umbreon|Foul Play|p1a: Luxray\n|-damage|p1a: Luxray|17\/100\n|\n|-heal|p1a: Luxray|23\/100|[from] item: Leftovers\n|-heal|p2a: Umbreon|58\/100|[from] item: Leftovers\n|-sideend|p1: aquiles meo|move: Tailwind\n|upkeep\n|turn|12\n|\n|t:|1701107002\n|switch|p1a: Ho-Oh|Ho-Oh|100\/100\n|move|p2a: Umbreon|Foul Play|p1a: Ho-Oh\n|-damage|p1a: Ho-Oh|63\/100\n|\n|-heal|p2a: Umbreon|64\/100|[from] item: Leftovers\n|upkeep\n|turn|13\n|\n|t:|1701107009\n|move|p1a: Ho-Oh|Tailwind|p1a: Ho-Oh\n|-sidestart|p1: aquiles meo|move: Tailwind\n|move|p2a: Umbreon|Toxic|p1a: Ho-Oh\n|-status|p1a: Ho-Oh|tox\n|\n|-heal|p2a: Umbreon|70\/100|[from] item: Leftovers\n|-damage|p1a: Ho-Oh|57\/100 tox|[from] psn\n|upkeep\n|turn|14\n|\n|t:|1701107021\n|switch|p1a: Lucario|Lucario, M, shiny|100\/100\n|move|p2a: Umbreon|Protect||[still]\n|-fail|p2a: Umbreon\n|\n|-heal|p2a: Umbreon|76\/100|[from] item: Leftovers\n|upkeep\n|turn|15\n|\n|t:|1701107045\n|detailschange|p1a: Lucario|Lucario-Mega, M, shiny\n|-mega|p1a: Lucario|Lucario|Lucarionite\n|move|p1a: Lucario|Aura Sphere|p2a: Umbreon\n|-supereffective|p2a: Umbreon\n|-crit|p2a: Umbreon\n|-damage|p2a: Umbreon|0 fnt\n|faint|p2a: Umbreon\n|\n|upkeep\n|\n|t:|1701107070\n|switch|p2a: Scolipede|Scolipede, M|100\/100\n|turn|16\n|inactive|Battle timer is ON: inactive players will automatically lose when time's up. (requested by aquiles meo)\n|\n|t:|1701107098\n|move|p1a: Lucario|Dig||[still]\n|-prepare|p1a: Lucario|Dig\n|move|p2a: Scolipede|Megahorn|p1a: Lucario|[miss]\n|-miss|p2a: Scolipede|p1a: Lucario\n|\n|-sideend|p1: aquiles meo|move: Tailwind\n|-ability|p2a: Scolipede|Speed Boost|boost\n|-boost|p2a: Scolipede|spe|1\n|upkeep\n|turn|17\n|\n|t:|1701107105\n|move|p2a: Scolipede|Protect|p2a: Scolipede\n|-singleturn|p2a: Scolipede|Protect\n|move|p1a: Lucario|Dig|p2a: Scolipede|[from]lockedmove\n|-activate|p2a: Scolipede|move: Protect\n|\n|-ability|p2a: Scolipede|Speed Boost|boost\n|-boost|p2a: Scolipede|spe|1\n|upkeep\n|turn|18\n|\n|t:|1701107134\n|switch|p1a: Jirachi|Jirachi|100\/100\n|move|p2a: Scolipede|Megahorn|p1a: Jirachi|[miss]\n|-miss|p2a: Scolipede|p1a: Jirachi\n|\n|-ability|p2a: Scolipede|Speed Boost|boost\n|-boost|p2a: Scolipede|spe|1\n|upkeep\n|turn|19\n|inactive|aquiles meo has 120 seconds left.\n|\n|t:|1701107151\n|move|p2a: Scolipede|Earthquake|p1a: Jirachi\n|-supereffective|p1a: Jirachi\n|-damage|p1a: Jirachi|59\/100\n|move|p1a: Jirachi|Wish|p1a: Jirachi\n|\n|-ability|p2a: Scolipede|Speed Boost|boost\n|-boost|p2a: Scolipede|spe|1\n|upkeep\n|turn|20\n|\n|t:|1701107157\n|move|p2a: Scolipede|Earthquake|p1a: Jirachi\n|-supereffective|p1a: Jirachi\n|-damage|p1a: Jirachi|16\/100\n|move|p1a: Jirachi|Ancient Power|p2a: Scolipede\n|-supereffective|p2a: Scolipede\n|-damage|p2a: Scolipede|59\/100\n|-boost|p1a: Jirachi|atk|1\n|-boost|p1a: Jirachi|def|1\n|-boost|p1a: Jirachi|spa|1\n|-boost|p1a: Jirachi|spd|1\n|-boost|p1a: Jirachi|spe|1\n|\n|-heal|p1a: Jirachi|66\/100|[from] move: Wish|[wisher] Jirachi\n|-heal|p2a: Scolipede|65\/100|[from] item: Black Sludge\n|-ability|p2a: Scolipede|Speed Boost|boost\n|-boost|p2a: Scolipede|spe|1\n|upkeep\n|turn|21\n|\n|t:|1701107170\n|move|p2a: Scolipede|Earthquake|p1a: Jirachi\n|-supereffective|p1a: Jirachi\n|-damage|p1a: Jirachi|38\/100\n|move|p1a: Jirachi|Wish|p1a: Jirachi\n|\n|-heal|p2a: Scolipede|71\/100|[from] item: Black Sludge\n|-ability|p2a: Scolipede|Speed Boost|boost\n|-boost|p2a: Scolipede|spe|1\n|upkeep\n|turn|22\n|\n|t:|1701107180\n|move|p2a: Scolipede|Earthquake|p1a: Jirachi\n|-supereffective|p1a: Jirachi\n|-damage|p1a: Jirachi|8\/100\n|move|p1a: Jirachi|Doom Desire|p2a: Scolipede\n|-start|p1a: Jirachi|Doom Desire\n|\n|-heal|p1a: Jirachi|58\/100|[from] move: Wish|[wisher] Jirachi\n|-heal|p2a: Scolipede|77\/100|[from] item: Black Sludge\n|upkeep\n|turn|23\n|\n|t:|1701107189\n|move|p2a: Scolipede|Poison Jab|p1a: Jirachi\n|-immune|p1a: Jirachi\n|move|p1a: Jirachi|Wish|p1a: Jirachi\n|\n|-heal|p2a: Scolipede|84\/100|[from] item: Black Sludge\n|upkeep\n|turn|24\n|\n|t:|1701107201\n|switch|p2a: Aegislash|Aegislash, M, shiny|100\/100\n|move|p1a: Jirachi|Iron Head|p2a: Aegislash\n|-resisted|p2a: Aegislash\n|-damage|p2a: Aegislash|81\/100\n|\n|-end|p2a: Aegislash|move: Doom Desire\n|-resisted|p2a: Aegislash\n|-damage|p2a: Aegislash|44\/100\n|-heal|p1a: Jirachi|100\/100|[from] move: Wish|[wisher] Jirachi\n|upkeep\n|turn|25\n|\n|t:|1701107230\n|move|p1a: Jirachi|Iron Head|p2a: Aegislash\n|-resisted|p2a: Aegislash\n|-damage|p2a: Aegislash|19\/100\n|cant|p2a: Aegislash|flinch\n|\n|upkeep\n|turn|26\n|\n|t:|1701107248\n|move|p1a: Jirachi|Ancient Power|p2a: Aegislash\n|-resisted|p2a: Aegislash\n|-damage|p2a: Aegislash|7\/100\n|-formechange|p2a: Aegislash|Aegislash-Blade||[from] ability: Stance Change\n|move|p2a: Aegislash|Sacred Sword|p1a: Jirachi\n|-damage|p1a: Jirachi|67\/100\n|\n|upkeep\n|turn|27\n|\n|t:|1701107259\n|switch|p2a: Scolipede|Scolipede, M|84\/100\n|move|p1a: Jirachi|Wish|p1a: Jirachi\n|\n|-heal|p2a: Scolipede|90\/100|[from] item: Black Sludge\n|upkeep\n|turn|28\n|\n|t:|1701107269\n|move|p1a: Jirachi|Iron Head|p2a: Scolipede\n|-damage|p2a: Scolipede|28\/100\n|cant|p2a: Scolipede|flinch\n|\n|-heal|p1a: Jirachi|100\/100|[from] move: Wish|[wisher] Jirachi\n|-heal|p2a: Scolipede|34\/100|[from] item: Black Sludge\n|-ability|p2a: Scolipede|Speed Boost|boost\n|-boost|p2a: Scolipede|spe|1\n|upkeep\n|turn|29\n|\n|t:|1701107279\n|move|p2a: Scolipede|Protect|p2a: Scolipede\n|-singleturn|p2a: Scolipede|Protect\n|move|p1a: Jirachi|Doom Desire|p2a: Scolipede\n|-start|p1a: Jirachi|Doom Desire\n|\n|-heal|p2a: Scolipede|40\/100|[from] item: Black Sludge\n|-ability|p2a: Scolipede|Speed Boost|boost\n|-boost|p2a: Scolipede|spe|1\n|upkeep\n|turn|30\n|\n|t:|1701107286\n|move|p2a: Scolipede|Protect||[still]\n|-fail|p2a: Scolipede\n|move|p1a: Jirachi|Ancient Power|p2a: Scolipede\n|-supereffective|p2a: Scolipede\n|-damage|p2a: Scolipede|0 fnt\n|faint|p2a: Scolipede\n|\n|upkeep\n|\n|t:|1701107291\n|switch|p2a: Corviknight|Corviknight, F|100\/100\n|-ability|p2a: Corviknight|Pressure\n|turn|31\n|\n|t:|1701107307\n|move|p1a: Jirachi|Wish|p1a: Jirachi\n|move|p2a: Corviknight|Brave Bird|p1a: Jirachi\n|-resisted|p1a: Jirachi\n|-damage|p1a: Jirachi|88\/100\n|-damage|p2a: Corviknight|96\/100|[from] Recoil\n|\n|-end|p2a: Corviknight|move: Doom Desire\n|-resisted|p2a: Corviknight\n|-damage|p2a: Corviknight|50\/100\n|upkeep\n|turn|32\n|\n|t:|1701107322\n|move|p1a: Jirachi|Ancient Power|p2a: Corviknight\n|-damage|p2a: Corviknight|25\/100\n|move|p2a: Corviknight|Iron Defense|p2a: Corviknight\n|-boost|p2a: Corviknight|def|2\n|\n|-heal|p1a: Jirachi|100\/100|[from] move: Wish|[wisher] Jirachi\n|upkeep\n|turn|33\n|\n|t:|1701107331\n|move|p1a: Jirachi|Ancient Power|p2a: Corviknight\n|-damage|p2a: Corviknight|0 fnt\n|faint|p2a: Corviknight\n|\n|upkeep\n|\n|t:|1701107339\n|switch|p2a: Yveltal|Yveltal|53\/100\n|-ability|p2a: Yveltal|Dark Aura\n|turn|34\n|\n|t:|1701107353\n|move|p1a: Jirachi|Iron Head|p2a: Yveltal\n|-damage|p2a: Yveltal|21\/100\n|cant|p2a: Yveltal|flinch\n|\n|upkeep\n|turn|35\n|\n|t:|1701107359\n|move|p1a: Jirachi|Ancient Power|p2a: Yveltal\n|-supereffective|p2a: Yveltal\n|-damage|p2a: Yveltal|0 fnt\n|faint|p2a: Yveltal\n|\n|upkeep\n|\n|t:|1701107371\n|switch|p2a: Aegislash|Aegislash, M, shiny|7\/100\n|turn|36\n|\n|t:|1701107384\n|move|p1a: Jirachi|Wish|p1a: Jirachi\n|-formechange|p2a: Aegislash|Aegislash-Blade||[from] ability: Stance Change\n|move|p2a: Aegislash|Sacred Sword|p1a: Jirachi\n|-crit|p1a: Jirachi\n|-damage|p1a: Jirachi|57\/100\n|\n|upkeep\n|turn|37\n|\n|t:|1701107394\n|switch|p1a: Luxray|Luxray, M, shiny|23\/100\n|move|p2a: Aegislash|Shadow Ball|p1a: Luxray\n|-damage|p1a: Luxray|0 fnt\n|faint|p1a: Luxray\n|\n|upkeep\n|\n|t:|1701107402\n|switch|p1a: Rayquaza|Rayquaza|48\/100\n|-ability|p1a: Rayquaza|Air Lock\n|turn|38\n|\n|t:|1701107410\n|move|p1a: Rayquaza|Ice Beam|p2a: Aegislash\n|-resisted|p2a: Aegislash\n|-damage|p2a: Aegislash|0 fnt\n|faint|p2a: Aegislash\n|\n|win|aquiles meo\n|raw|aquiles meo's rating: 1099 &rarr; <strong>1117<\/strong><br \/>(+18 for winning)\n|raw|redredpanda2's rating: 1000 &rarr; <strong>1000<\/strong><br \/>(+0 for losing)\n|l|\u2606redredpanda2\n","uploadtime":1701107421,"views":2,"p1id":"aquilesmeo","p2id":"redredpanda2","formatid":"gen9nationaldexubers","rating":1000,"private":0,"password":""}