{"id":"gen9nationaldexubers-1988139872","p1":"poulpws","p2":"Rhyfinn 03","format":"[Gen 9] National Dex Ubers","log":"|j|\u2606poulpws\n|j|\u2606Rhyfinn 03\n|t:|1699674586\n|gametype|singles\n|player|p1|poulpws|janitor|1250\n|player|p2|Rhyfinn 03|alder|1180\n|teamsize|p1|6\n|teamsize|p2|6\n|gen|9\n|tier|[Gen 9] National Dex Ubers\n|rated|\n|rule|HP Percentage Mod: HP is shown in percentages\n|rule|Endless Battle Clause: Forcing endless battles is banned\n|rule|OHKO Clause: OHKO moves are banned\n|rule|Evasion Moves Clause: Evasion moves are banned\n|rule|Evasion Items Clause: Evasion items are banned\n|rule|Species Clause: Limit one of each Pok\u00e9mon\n|rule|Sleep Clause Mod: Limit one foe put to sleep\n|rule|Mega Rayquaza Clause: You cannot mega evolve Rayquaza\n|clearpoke\n|poke|p1|Lugia|\n|poke|p1|Seismitoad, F|\n|poke|p1|Furfrou, M|\n|poke|p1|Ho-Oh|\n|poke|p1|Dialga|\n|poke|p1|Hoopa-Unbound|\n|poke|p2|Groudon|\n|poke|p2|Xerneas-*|\n|poke|p2|Marshadow|\n|poke|p2|Necrozma-Dusk-Mane|\n|poke|p2|Deoxys-Speed|\n|poke|p2|Rayquaza|\n|teampreview\n|inactive|Battle timer is ON: inactive players will automatically lose when time's up. (requested by Rhyfinn 03)\n|\n|t:|1699674597\n|start\n|switch|p1a: Hoopa|Hoopa-Unbound|100\/100\n|switch|p2a: Deoxys|Deoxys-Speed|100\/100\n|-ability|p2a: Deoxys|Pressure\n|turn|1\n|\n|t:|1699674607\n|move|p2a: Deoxys|Taunt|p1a: Hoopa\n|-start|p1a: Hoopa|move: Taunt\n|cant|p1a: Hoopa|move: Taunt|Substitute\n|\n|upkeep\n|turn|2\n|\n|t:|1699674613\n|move|p2a: Deoxys|Stealth Rock|p1a: Hoopa\n|-sidestart|p1: poulpws|move: Stealth Rock\n|move|p1a: Hoopa|Hyperspace Fury|p2a: Deoxys\n|-supereffective|p2a: Deoxys\n|-enditem|p2a: Deoxys|Focus Sash\n|-damage|p2a: Deoxys|1\/100\n|-unboost|p1a: Hoopa|def|1\n|\n|upkeep\n|turn|3\n|\n|t:|1699674627\n|move|p2a: Deoxys|Spikes|p1a: Hoopa\n|-sidestart|p1: poulpws|Spikes\n|move|p1a: Hoopa|Drain Punch|p2a: Deoxys\n|-resisted|p2a: Deoxys\n|-damage|p2a: Deoxys|0 fnt\n|faint|p2a: Deoxys\n|\n|-end|p1a: Hoopa|move: Taunt\n|upkeep\n|\n|t:|1699674642\n|switch|p2a: Rayquaza|Rayquaza|100\/100\n|-ability|p2a: Rayquaza|Air Lock\n|turn|4\n|\n|t:|1699674649\n|switch|p1a: Furfrou|Furfrou, M|100\/100\n|-damage|p1a: Furfrou|88\/100|[from] Stealth Rock\n|-damage|p1a: Furfrou|76\/100|[from] Spikes\n|move|p2a: Rayquaza|Dragon Ascent|p1a: Furfrou\n|-damage|p1a: Furfrou|45\/100\n|-unboost|p2a: Rayquaza|def|1\n|-unboost|p2a: Rayquaza|spd|1\n|\n|-heal|p1a: Furfrou|51\/100|[from] item: Leftovers\n|upkeep\n|turn|5\n|\n|t:|1699674664\n|switch|p2a: Groudon|Groudon, shiny|100\/100\n|detailschange|p2a: Groudon|Groudon-Primal, shiny\n|-primal|p2a: Groudon|Red Orb\n|-weather|DesolateLand|[from] ability: Desolate Land|[of] p2a: Groudon\n|move|p1a: Furfrou|Cotton Guard|p1a: Furfrou\n|-boost|p1a: Furfrou|def|3\n|\n|-weather|DesolateLand|[upkeep]\n|-heal|p1a: Furfrou|57\/100|[from] item: Leftovers\n|upkeep\n|turn|6\n|\n|t:|1699674675\n|move|p2a: Groudon|Flamethrower|p1a: Furfrou\n|-damage|p1a: Furfrou|0 fnt\n|faint|p1a: Furfrou\n|\n|-weather|DesolateLand|[upkeep]\n|upkeep\n|\n|t:|1699674685\n|switch|p1a: Ho-Oh|Ho-Oh|100\/100\n|turn|7\n|\n|t:|1699674693\n|-weather|none\n|switch|p2a: Rayquaza|Rayquaza|100\/100\n|-ability|p2a: Rayquaza|Air Lock\n|move|p1a: Ho-Oh|Defog|p2a: Rayquaza\n|-unboost|p2a: Rayquaza|evasion|1\n|-sideend|p1: poulpws|Spikes|[from] move: Defog|[of] p1a: Ho-Oh\n|-sideend|p1: poulpws|Stealth Rock|[from] move: Defog|[of] p1a: Ho-Oh\n|\n|upkeep\n|turn|8\n|\n|t:|1699674713\n|switch|p1a: Dialga|Dialga|100\/100\n|-ability|p1a: Dialga|Pressure\n|move|p2a: Rayquaza|Dragon Ascent|p1a: Dialga\n|-resisted|p1a: Dialga\n|-damage|p1a: Dialga|78\/100\n|-unboost|p2a: Rayquaza|def|1\n|-unboost|p2a: Rayquaza|spd|1\n|\n|-heal|p1a: Dialga|84\/100|[from] item: Leftovers\n|upkeep\n|turn|9\n|\n|t:|1699674727\n|switch|p2a: Necrozma|Necrozma-Dusk-Mane, shiny|100\/100\n|move|p1a: Dialga|Draco Meteor|p2a: Necrozma\n|-resisted|p2a: Necrozma\n|-damage|p2a: Necrozma|64\/100\n|-unboost|p1a: Dialga|spa|2\n|\n|-heal|p1a: Dialga|90\/100|[from] item: Leftovers\n|upkeep\n|turn|10\n|\n|t:|1699674747\n|move|p2a: Necrozma|Dragon Dance|p2a: Necrozma\n|-boost|p2a: Necrozma|atk|1\n|-boost|p2a: Necrozma|spe|1\n|move|p1a: Dialga|Thunder Wave|p2a: Necrozma\n|-status|p2a: Necrozma|par\n|\n|-heal|p1a: Dialga|96\/100|[from] item: Leftovers\n|upkeep\n|turn|11\n|\n|t:|1699674757\n|switch|p1a: Lugia|Lugia|100\/100\n|move|p2a: Necrozma|Earthquake|p1a: Lugia\n|-immune|p1a: Lugia\n|\n|upkeep\n|turn|12\n|\n|t:|1699674767\n|move|p1a: Lugia|Earthquake|p2a: Necrozma\n|-supereffective|p2a: Necrozma\n|-damage|p2a: Necrozma|40\/100 par\n|move|p2a: Necrozma|Sunsteel Strike|p1a: Lugia\n|-damage|p1a: Lugia|55\/100\n|\n|-heal|p1a: Lugia|61\/100|[from] item: Leftovers\n|upkeep\n|turn|13\n|\n|t:|1699674778\n|detailschange|p2a: Necrozma|Necrozma-Ultra, shiny\n|-burst|p2a: Necrozma|Necrozma|Ultranecrozium Z\n|move|p2a: Necrozma|Sunsteel Strike|p1a: Lugia\n|-damage|p1a: Lugia|27\/100\n|move|p1a: Lugia|Roost|p1a: Lugia\n|-heal|p1a: Lugia|77\/100\n|-singleturn|p1a: Lugia|move: Roost\n|\n|-heal|p1a: Lugia|83\/100|[from] item: Leftovers\n|upkeep\n|turn|14\n|\n|t:|1699674791\n|cant|p2a: Necrozma|par\n|move|p1a: Lugia|Roost|p1a: Lugia\n|-heal|p1a: Lugia|100\/100\n|-singleturn|p1a: Lugia|move: Roost\n|\n|upkeep\n|turn|15\n|\n|t:|1699674799\n|move|p2a: Necrozma|Sunsteel Strike|p1a: Lugia\n|-damage|p1a: Lugia|67\/100\n|move|p1a: Lugia|Curse|p1a: Lugia\n|-unboost|p1a: Lugia|spe|1\n|-boost|p1a: Lugia|atk|1\n|-boost|p1a: Lugia|def|1\n|\n|-heal|p1a: Lugia|73\/100|[from] item: Leftovers\n|upkeep\n|turn|16\n|\n|t:|1699674812\n|move|p2a: Necrozma|Dragon Dance|p2a: Necrozma\n|-boost|p2a: Necrozma|atk|1\n|-boost|p2a: Necrozma|spe|1\n|move|p1a: Lugia|Fly||[still]\n|-prepare|p1a: Lugia|Fly\n|\n|-heal|p1a: Lugia|79\/100|[from] item: Leftovers\n|upkeep\n|turn|17\n|\n|t:|1699674821\n|move|p2a: Necrozma|Dragon Dance|p2a: Necrozma\n|-boost|p2a: Necrozma|atk|1\n|-boost|p2a: Necrozma|spe|1\n|move|p1a: Lugia|Fly|p2a: Necrozma|[from]lockedmove\n|-damage|p2a: Necrozma|0 fnt\n|faint|p2a: Necrozma\n|\n|-heal|p1a: Lugia|86\/100|[from] item: Leftovers\n|upkeep\n|\n|t:|1699674826\n|switch|p2a: Marshadow|Marshadow|100\/100\n|turn|18\n|\n|t:|1699674848\n|switch|p1a: Seismitoad|Seismitoad, F|100\/100\n|move|p2a: Marshadow|Spectral Thief|p1a: Seismitoad\n|-damage|p1a: Seismitoad|68\/100\n|\n|-heal|p1a: Seismitoad|74\/100|[from] item: Leftovers\n|upkeep\n|turn|19\n|\n|t:|1699674860\n|switch|p2a: Groudon|Groudon-Primal, shiny|100\/100\n|-weather|DesolateLand|[from] ability: Desolate Land|[of] p2a: Groudon\n|move|p1a: Seismitoad|Scald||[still]\n|-fail|p1a: Seismitoad|Scald|[from] Desolate Land\n|\n|-weather|DesolateLand|[upkeep]\n|-heal|p1a: Seismitoad|80\/100|[from] item: Leftovers\n|upkeep\n|turn|20\n|\n|t:|1699674872\n|switch|p1a: Ho-Oh|Ho-Oh|100\/100\n|move|p2a: Groudon|Solar Beam||[still]\n|-prepare|p2a: Groudon|Solar Beam\n|-anim|p2a: Groudon|Solar Beam|p1a: Ho-Oh\n|-resisted|p1a: Ho-Oh\n|-damage|p1a: Ho-Oh|95\/100\n|\n|-weather|DesolateLand|[upkeep]\n|upkeep\n|turn|21\n|\n|t:|1699674883\n|-weather|none\n|switch|p2a: Rayquaza|Rayquaza|100\/100\n|-ability|p2a: Rayquaza|Air Lock\n|move|p1a: Ho-Oh|Sacred Fire|p2a: Rayquaza\n|-resisted|p2a: Rayquaza\n|-damage|p2a: Rayquaza|79\/100\n|\n|upkeep\n|turn|22\n|\n|t:|1699674901\n|switch|p1a: Dialga|Dialga|96\/100\n|-ability|p1a: Dialga|Pressure\n|move|p2a: Rayquaza|Waterfall|p1a: Dialga\n|-resisted|p1a: Dialga\n|-damage|p1a: Dialga|85\/100\n|\n|-heal|p1a: Dialga|91\/100|[from] item: Leftovers\n|upkeep\n|turn|23\n|\n|t:|1699674912\n|switch|p2a: Groudon|Groudon-Primal, shiny|100\/100\n|-weather|DesolateLand|[from] ability: Desolate Land|[of] p2a: Groudon\n|move|p1a: Dialga|Thunder Wave|p2a: Groudon\n|-immune|p2a: Groudon\n|\n|-weather|DesolateLand|[upkeep]\n|-heal|p1a: Dialga|97\/100|[from] item: Leftovers\n|upkeep\n|turn|24\n|\n|t:|1699674923\n|switch|p1a: Ho-Oh|Ho-Oh|100\/100\n|move|p2a: Groudon|Earth Power|p1a: Ho-Oh\n|-immune|p1a: Ho-Oh\n|\n|-weather|DesolateLand|[upkeep]\n|upkeep\n|turn|25\n|\n|t:|1699674931\n|-weather|none\n|switch|p2a: Rayquaza|Rayquaza|79\/100\n|-ability|p2a: Rayquaza|Air Lock\n|move|p1a: Ho-Oh|Sacred Fire|p2a: Rayquaza\n|-resisted|p2a: Rayquaza\n|-damage|p2a: Rayquaza|54\/100\n|\n|upkeep\n|turn|26\n|\n|t:|1699674948\n|switch|p1a: Seismitoad|Seismitoad, F|80\/100\n|move|p2a: Rayquaza|Earthquake|p1a: Seismitoad\n|-damage|p1a: Seismitoad|55\/100\n|\n|-heal|p1a: Seismitoad|61\/100|[from] item: Leftovers\n|upkeep\n|turn|27\n|\n|t:|1699674961\n|switch|p2a: Groudon|Groudon-Primal, shiny|100\/100\n|-weather|DesolateLand|[from] ability: Desolate Land|[of] p2a: Groudon\n|move|p1a: Seismitoad|Rest|p1a: Seismitoad\n|-status|p1a: Seismitoad|slp|[from] move: Rest\n|-heal|p1a: Seismitoad|100\/100 slp|[silent]\n|\n|-weather|DesolateLand|[upkeep]\n|upkeep\n|turn|28\n|\n|t:|1699674971\n|-weather|none\n|switch|p2a: Marshadow|Marshadow|100\/100\n|switch|p1a: Ho-Oh|Ho-Oh|100\/100\n|\n|upkeep\n|turn|29\n|\n|t:|1699674982\n|move|p2a: Marshadow|Rock Tomb|p1a: Ho-Oh\n|-supereffective|p1a: Ho-Oh\n|-damage|p1a: Ho-Oh|0 fnt\n|faint|p1a: Ho-Oh\n|\n|upkeep\n|\n|t:|1699674990\n|switch|p1a: Seismitoad|Seismitoad, F|100\/100 slp\n|turn|30\n|\n|t:|1699674994\n|move|p2a: Marshadow|Close Combat|p1a: Seismitoad\n|-damage|p1a: Seismitoad|55\/100 slp\n|-unboost|p2a: Marshadow|def|1\n|-unboost|p2a: Marshadow|spd|1\n|cant|p1a: Seismitoad|slp\n|move|p1a: Seismitoad|Sleep Talk|p1a: Seismitoad\n|move|p1a: Seismitoad|Earthquake|p2a: Marshadow|[from]move: Sleep Talk\n|-crit|p2a: Marshadow\n|-damage|p2a: Marshadow|8\/100\n|\n|-heal|p1a: Seismitoad|61\/100 slp|[from] item: Leftovers\n|upkeep\n|turn|31\n|\n|t:|1699675009\n|switch|p2a: Groudon|Groudon-Primal, shiny|100\/100\n|-weather|DesolateLand|[from] ability: Desolate Land|[of] p2a: Groudon\n|cant|p1a: Seismitoad|slp\n|move|p1a: Seismitoad|Sleep Talk|p1a: Seismitoad\n|move|p1a: Seismitoad|Rest||[from]move: Sleep Talk|[still]\n|-fail|p1a: Seismitoad\n|\n|-weather|DesolateLand|[upkeep]\n|-heal|p1a: Seismitoad|67\/100 slp|[from] item: Leftovers\n|upkeep\n|turn|32\n|\n|t:|1699675023\n|switch|p1a: Hoopa|Hoopa-Unbound|100\/100\n|move|p2a: Groudon|Solar Beam||[still]\n|-prepare|p2a: Groudon|Solar Beam\n|-anim|p2a: Groudon|Solar Beam|p1a: Hoopa\n|-damage|p1a: Hoopa|58\/100\n|\n|-weather|DesolateLand|[upkeep]\n|-heal|p1a: Hoopa|64\/100|[from] item: Leftovers\n|upkeep\n|turn|33\n|\n|t:|1699675044\n|move|p1a: Hoopa|Psychic|p2a: Groudon\n|-damage|p2a: Groudon|50\/100\n|move|p2a: Groudon|Flamethrower|p1a: Hoopa\n|-damage|p1a: Hoopa|0 fnt\n|faint|p1a: Hoopa\n|\n|-weather|DesolateLand|[upkeep]\n|upkeep\n|\n|t:|1699675055\n|switch|p1a: Dialga|Dialga|97\/100\n|-ability|p1a: Dialga|Pressure\n|turn|34\n|\n|t:|1699675063\n|move|p2a: Groudon|Earth Power|p1a: Dialga\n|-supereffective|p1a: Dialga\n|-damage|p1a: Dialga|0 fnt\n|faint|p1a: Dialga\n|\n|-weather|DesolateLand|[upkeep]\n|upkeep\n|\n|t:|1699675071\n|switch|p1a: Lugia|Lugia|86\/100\n|turn|35\n|\n|t:|1699675079\n|move|p2a: Groudon|Flamethrower|p1a: Lugia\n|-damage|p1a: Lugia|41\/100\n|move|p1a: Lugia|Earthquake|p2a: Groudon\n|-supereffective|p2a: Groudon\n|-damage|p2a: Groudon|22\/100\n|\n|-weather|DesolateLand|[upkeep]\n|-heal|p1a: Lugia|47\/100|[from] item: Leftovers\n|upkeep\n|turn|36\n|\n|t:|1699675089\n|move|p2a: Groudon|Flamethrower|p1a: Lugia\n|-damage|p1a: Lugia|0 fnt\n|faint|p1a: Lugia\n|\n|-weather|DesolateLand|[upkeep]\n|upkeep\n|-message|poulpws forfeited.\n|\n|win|Rhyfinn 03\n|raw|poulpws's rating: 1250 &rarr; <strong>1220<\/strong><br \/>(-30 for losing)\n|raw|Rhyfinn 03's rating: 1180 &rarr; <strong>1210<\/strong><br \/>(+30 for winning)\n|l|\u2606poulpws\n","uploadtime":1699675102,"views":4,"p1id":"poulpws","p2id":"rhyfinn03","formatid":"gen9nationaldexubers","rating":1210,"private":0,"password":""}