{"id":"gen9nationaldexubers-1994928167","p1":"iikata","p2":"Skxttle","format":"[Gen 9] National Dex Ubers","log":"|j|\u2606iikata\n|j|\u2606Skxttle\n|t:|1700505464\n|gametype|singles\n|player|p1|iikata|ghetsis|\n|player|p2|Skxttle|giovanni|\n|teamsize|p1|6\n|teamsize|p2|6\n|gen|9\n|tier|[Gen 9] National Dex Ubers\n|rule|HP Percentage Mod: HP is shown in percentages\n|rule|Endless Battle Clause: Forcing endless battles is banned\n|rule|OHKO Clause: OHKO moves are banned\n|rule|Evasion Moves Clause: Evasion moves are banned\n|rule|Evasion Items Clause: Evasion items are banned\n|rule|Species Clause: Limit one of each Pok\u00e9mon\n|rule|Sleep Clause Mod: Limit one foe put to sleep\n|rule|Mega Rayquaza Clause: You cannot mega evolve Rayquaza\n|clearpoke\n|poke|p1|Yveltal|\n|poke|p1|Glimmora, M|\n|poke|p1|Naganadel|\n|poke|p1|Palkia-Origin|\n|poke|p1|Gholdengo|\n|poke|p1|Ho-Oh|\n|poke|p2|Magearna|\n|poke|p2|Groudon|\n|poke|p2|Walking Wake|\n|poke|p2|Sandy Shocks|\n|poke|p2|Masquerain, F|\n|poke|p2|Kingambit, M|\n|teampreview\n|\n|t:|1700505476\n|start\n|switch|p1a: Glimmora|Glimmora, M, shiny|100\/100\n|switch|p2a: donwon|Masquerain, F, shiny|100\/100\n|-ability|p2a: donwon|Intimidate|boost\n|-unboost|p1a: Glimmora|atk|1\n|turn|1\n|\n|t:|1700505486\n|move|p1a: Glimmora|Stealth Rock|p2a: donwon\n|-sidestart|p2: Skxttle|move: Stealth Rock\n|move|p2a: donwon|Sticky Web|p1a: Glimmora\n|-sidestart|p1: iikata|move: Sticky Web\n|\n|upkeep\n|turn|2\n|\n|t:|1700505490\n|move|p1a: Glimmora|Mortal Spin|p2a: donwon\n|-damage|p2a: donwon|93\/100\n|-status|p2a: donwon|psn\n|-sideend|p1: iikata|Sticky Web|[from] move: Mortal Spin|[of] p1a: Glimmora\n|move|p2a: donwon|Tailwind|p2a: donwon\n|-sidestart|p2: Skxttle|move: Tailwind\n|\n|-damage|p2a: donwon|80\/100 psn|[from] psn\n|upkeep\n|turn|3\n|\n|t:|1700505501\n|switch|p2a: wonton|Magearna|100\/100\n|-damage|p2a: wonton|95\/100|[from] Stealth Rock\n|move|p1a: Glimmora|Spikes|p2a: wonton\n|-sidestart|p2: Skxttle|Spikes\n|\n|-heal|p2a: wonton|100\/100|[from] item: Leftovers\n|upkeep\n|turn|4\n|\n|t:|1700505508\n|move|p2a: wonton|Calm Mind|p2a: wonton\n|-boost|p2a: wonton|spa|1\n|-boost|p2a: wonton|spd|1\n|move|p1a: Glimmora|Memento|p2a: wonton\n|-unboost|p2a: wonton|atk|2\n|-unboost|p2a: wonton|spa|2\n|faint|p1a: Glimmora\n|-ability|p2a: wonton|Soul-Heart|boost\n|-boost|p2a: wonton|spa|1\n|\n|upkeep\n|\n|t:|1700505518\n|switch|p1a: Ho-Oh|Ho-Oh|100\/100\n|turn|5\n|\n|t:|1700505527\n|-terastallize|p2a: wonton|Water\n|move|p2a: wonton|Calm Mind|p2a: wonton\n|-boost|p2a: wonton|spa|1\n|-boost|p2a: wonton|spd|1\n|move|p1a: Ho-Oh|Earthquake|p2a: wonton\n|-damage|p2a: wonton|71\/100\n|\n|-heal|p2a: wonton|77\/100|[from] item: Leftovers\n|-sideend|p2: Skxttle|move: Tailwind\n|upkeep\n|turn|6\n|\n|t:|1700505538\n|switch|p1a: Palkia|Palkia-Origin|100\/100\n|-ability|p1a: Palkia|Pressure\n|move|p2a: wonton|Shift Gear|p2a: wonton\n|-boost|p2a: wonton|spe|2\n|-boost|p2a: wonton|atk|1\n|\n|-heal|p2a: wonton|83\/100|[from] item: Leftovers\n|upkeep\n|turn|7\n|\n|t:|1700505547\n|move|p2a: wonton|Calm Mind|p2a: wonton\n|-boost|p2a: wonton|spa|1\n|-boost|p2a: wonton|spd|1\n|move|p1a: Palkia|Spacial Rend|p2a: wonton\n|-crit|p2a: wonton\n|-damage|p2a: wonton|0 fnt\n|faint|p2a: wonton\n|\n|upkeep\n|\n|t:|1700505559\n|switch|p2a: donsean|Groudon, shiny|100\/100\n|-damage|p2a: donsean|94\/100|[from] Stealth Rock\n|-damage|p2a: donsean|82\/100|[from] Spikes\n|detailschange|p2a: donsean|Groudon-Primal, shiny\n|-primal|p2a: donsean|Red Orb\n|-weather|DesolateLand|[from] ability: Desolate Land|[of] p2a: donsean\n|turn|8\n|\n|t:|1700505567\n|move|p2a: donsean|Rock Polish|p2a: donsean\n|-boost|p2a: donsean|spe|2\n|move|p1a: Palkia|Earth Power|p2a: donsean\n|-supereffective|p2a: donsean\n|-damage|p2a: donsean|0 fnt\n|faint|p2a: donsean\n|-weather|none\n|\n|upkeep\n|\n|t:|1700505570\n|switch|p2a: sonjuan|Walking Wake|100\/100\n|-damage|p2a: sonjuan|88\/100|[from] Stealth Rock\n|-damage|p2a: sonjuan|76\/100|[from] Spikes\n|turn|9\n|\n|t:|1700505578\n|move|p2a: sonjuan|Dragon Pulse|p1a: Palkia\n|-supereffective|p1a: Palkia\n|-damage|p1a: Palkia|8\/100\n|move|p1a: Palkia|Spacial Rend|p2a: sonjuan\n|-supereffective|p2a: sonjuan\n|-damage|p2a: sonjuan|0 fnt\n|faint|p2a: sonjuan\n|-end|p2a: sonjuan|Protosynthesis|[silent]\n|\n|upkeep\n|\n|t:|1700505583\n|switch|p2a: quanvon|Sandy Shocks, shiny|100\/100\n|-damage|p2a: quanvon|94\/100|[from] Stealth Rock\n|-damage|p2a: quanvon|82\/100|[from] Spikes\n|turn|10\n|\n|t:|1700505588\n|move|p2a: quanvon|Earth Power|p1a: Palkia\n|-damage|p1a: Palkia|0 fnt\n|faint|p1a: Palkia\n|-damage|p2a: quanvon|72\/100|[from] item: Life Orb\n|\n|upkeep\n|\n|t:|1700505598\n|switch|p1a: Naganadel|Naganadel, shiny|100\/100\n|turn|11\n|\n|t:|1700505604\n|move|p1a: Naganadel|Dragon Pulse|p2a: quanvon\n|-damage|p2a: quanvon|0 fnt\n|faint|p2a: quanvon\n|-end|p2a: quanvon|Protosynthesis|[silent]\n|-ability|p1a: Naganadel|Beast Boost|boost\n|-boost|p1a: Naganadel|spe|1\n|\n|upkeep\n|\n|t:|1700505606\n|switch|p2a: donwon|Masquerain, F, shiny|80\/100 psn\n|-damage|p2a: donwon|30\/100 psn|[from] Stealth Rock\n|-ability|p2a: donwon|Intimidate|boost\n|-unboost|p1a: Naganadel|atk|1\n|turn|12\n|\n|t:|1700505613\n|move|p1a: Naganadel|Dragon Pulse|p2a: donwon\n|-damage|p2a: donwon|0 fnt\n|faint|p2a: donwon\n|-ability|p1a: Naganadel|Beast Boost|boost\n|-boost|p1a: Naganadel|spe|1\n|\n|upkeep\n|\n|t:|1700505614\n|switch|p2a: ronpon|Kingambit, M, shiny|100\/100\n|-damage|p2a: ronpon|94\/100|[from] Stealth Rock\n|-damage|p2a: ronpon|82\/100|[from] Spikes\n|-activate|p2a: ronpon|ability: Supreme Overlord\n|-start|p2a: ronpon|fallen5|[silent]\n|turn|13\n|\n|t:|1700505623\n|move|p1a: Naganadel|Dragon Pulse|p2a: ronpon\n|-resisted|p2a: ronpon\n|-damage|p2a: ronpon|60\/100\n|move|p2a: ronpon|Power-Up Punch|p1a: Naganadel\n|-resisted|p1a: Naganadel\n|-damage|p1a: Naganadel|82\/100\n|-boost|p2a: ronpon|atk|1\n|\n|upkeep\n|turn|14\n|\n|t:|1700505631\n|switch|p1a: Ho-Oh|Ho-Oh|100\/100\n|move|p2a: ronpon|Power-Up Punch|p1a: Ho-Oh\n|-resisted|p1a: Ho-Oh\n|-damage|p1a: Ho-Oh|85\/100\n|-boost|p2a: ronpon|atk|1\n|\n|upkeep\n|turn|15\n|\n|t:|1700505644\n|move|p1a: Ho-Oh|Will-O-Wisp|p2a: ronpon|[miss]\n|-miss|p1a: Ho-Oh|p2a: ronpon\n|move|p2a: ronpon|Kowtow Cleave|p1a: Ho-Oh\n|-damage|p1a: Ho-Oh|0 fnt\n|faint|p1a: Ho-Oh\n|\n|upkeep\n|\n|t:|1700505652\n|switch|p1a: Gholdengo|Gholdengo|100\/100\n|turn|16\n|\n|t:|1700505656\n|move|p2a: ronpon|Sucker Punch||[still]\n|-fail|p2a: ronpon\n|move|p1a: Gholdengo|Trick|p2a: ronpon\n|-activate|p1a: Gholdengo|move: Trick|[of] p2a: ronpon\n|-item|p2a: ronpon|Choice Scarf|[from] move: Trick\n|-item|p1a: Gholdengo|Assault Vest|[from] move: Trick\n|\n|upkeep\n|turn|17\n|\n|t:|1700505663\n|switch|p1a: Yveltal|Yveltal|100\/100\n|-ability|p1a: Yveltal|Dark Aura\n|move|p2a: ronpon|Sucker Punch||[still]\n|-fail|p2a: ronpon\n|\n|upkeep\n|turn|18\n|\n|t:|1700505670\n|move|p2a: ronpon|Sucker Punch||[still]\n|-fail|p2a: ronpon\n|move|p1a: Yveltal|Defog|p2a: ronpon\n|-unboost|p2a: ronpon|evasion|1\n|-sideend|p2: Skxttle|Spikes|[from] move: Defog|[of] p1a: Yveltal\n|-sideend|p2: Skxttle|Stealth Rock|[from] move: Defog|[of] p1a: Yveltal\n|\n|upkeep\n|turn|19\n|\n|t:|1700505683\n|move|p2a: ronpon|Sucker Punch|p1a: Yveltal\n|-resisted|p1a: Yveltal\n|-damage|p1a: Yveltal|40\/100\n|move|p1a: Yveltal|Knock Off|p2a: ronpon\n|-resisted|p2a: ronpon\n|-damage|p2a: ronpon|41\/100\n|-enditem|p2a: ronpon|Choice Scarf|[from] move: Knock Off|[of] p1a: Yveltal\n|\n|upkeep\n|turn|20\n|\n|t:|1700505691\n|move|p2a: ronpon|Sucker Punch||[still]\n|-fail|p2a: ronpon\n|move|p1a: Yveltal|Defog|p2a: ronpon\n|-unboost|p2a: ronpon|evasion|1\n|\n|upkeep\n|turn|21\n|\n|t:|1700505696\n|move|p2a: ronpon|Sucker Punch||[still]\n|-fail|p2a: ronpon\n|move|p1a: Yveltal|Defog|p2a: ronpon\n|-unboost|p2a: ronpon|evasion|1\n|\n|upkeep\n|turn|22\n|\n|t:|1700505704\n|move|p1a: Yveltal|Oblivion Wing|p2a: ronpon\n|-resisted|p2a: ronpon\n|-damage|p2a: ronpon|18\/100\n|-heal|p1a: Yveltal|53\/100|[from] drain|[of] p2a: ronpon\n|move|p2a: ronpon|Iron Head|p1a: Yveltal\n|-damage|p1a: Yveltal|0 fnt\n|faint|p1a: Yveltal\n|\n|upkeep\n|\n|t:|1700505718\n|switch|p1a: Gholdengo|Gholdengo|100\/100\n|turn|23\n|\n|t:|1700505726\n|-terastallize|p1a: Gholdengo|Steel\n|move|p2a: ronpon|Sucker Punch|p1a: Gholdengo\n|-damage|p1a: Gholdengo|0 fnt\n|faint|p1a: Gholdengo\n|\n|upkeep\n|\n|t:|1700505731\n|switch|p1a: Naganadel|Naganadel, shiny|82\/100\n|turn|24\n|\n|t:|1700505735\n|move|p2a: ronpon|Sucker Punch|p1a: Naganadel\n|-damage|p1a: Naganadel|0 fnt\n|faint|p1a: Naganadel\n|\n|win|Skxttle\n|l|\u2606iikata\n","uploadtime":1700505764,"views":1,"p1id":"iikata","p2id":"skxttle","formatid":"gen9nationaldexubers","rating":0,"private":0,"password":""}