{"id":"gen9nationaldexubers-1989642515","p1":"vailorn","p2":"cowking123","format":"[Gen 9] National Dex Ubers","log":"|j|\u2606vailorn\n|j|\u2606cowking123\n|t:|1699882366\n|gametype|singles\n|player|p1|vailorn|rood|1273\n|player|p2|cowking123|1|1272\n|teamsize|p1|6\n|teamsize|p2|6\n|gen|9\n|tier|[Gen 9] National Dex Ubers\n|rated|\n|rule|HP Percentage Mod: HP is shown in percentages\n|rule|Endless Battle Clause: Forcing endless battles is banned\n|rule|OHKO Clause: OHKO moves are banned\n|rule|Evasion Moves Clause: Evasion moves are banned\n|rule|Evasion Items Clause: Evasion items are banned\n|rule|Species Clause: Limit one of each Pok\u00e9mon\n|rule|Sleep Clause Mod: Limit one foe put to sleep\n|rule|Mega Rayquaza Clause: You cannot mega evolve Rayquaza\n|clearpoke\n|poke|p1|Giratina|\n|poke|p1|Dondozo, F|\n|poke|p1|Chansey, F|\n|poke|p1|Tyranitar, F|\n|poke|p1|Ho-Oh|\n|poke|p1|Mewtwo|\n|poke|p2|Hawlucha, F|\n|poke|p2|Hatterene, F|\n|poke|p2|Ditto|\n|poke|p2|Zekrom|\n|poke|p2|Zoroark-Hisui, M|\n|poke|p2|Necrozma-Dusk-Mane|\n|teampreview\n|\n|t:|1699882381\n|start\n|switch|p1a: Tyranitar|Tyranitar, F, shiny|100\/100\n|switch|p2a: expect|Hatterene, F|100\/100\n|-weather|Sandstorm|[from] ability: Sand Stream|[of] p1a: Tyranitar\n|turn|1\n|inactive|Battle timer is ON: inactive players will automatically lose when time's up. (requested by cowking123)\n|\n|t:|1699882386\n|detailschange|p1a: Tyranitar|Tyranitar-Mega, F, shiny\n|-mega|p1a: Tyranitar|Tyranitar|Tyranitarite\n|move|p1a: Tyranitar|Knock Off|p2a: expect\n|-damage|p2a: expect|43\/100\n|-enditem|p2a: expect|Leftovers|[from] move: Knock Off|[of] p1a: Tyranitar\n|move|p2a: expect|Draining Kiss|p1a: Tyranitar\n|-supereffective|p1a: Tyranitar\n|-damage|p1a: Tyranitar|77\/100\n|-heal|p2a: expect|66\/100|[from] drain|[of] p1a: Tyranitar\n|\n|-weather|Sandstorm|[upkeep]\n|-damage|p2a: expect|60\/100|[from] Sandstorm\n|upkeep\n|turn|2\n|\n|t:|1699882411\n|switch|p1a: Ho-Oh|Ho-Oh, shiny|100\/100\n|move|p2a: expect|Draining Kiss|p1a: Ho-Oh\n|-resisted|p1a: Ho-Oh\n|-damage|p1a: Ho-Oh|93\/100\n|-heal|p2a: expect|67\/100|[from] drain|[of] p1a: Ho-Oh\n|\n|-weather|Sandstorm|[upkeep]\n|-damage|p1a: Ho-Oh|87\/100|[from] Sandstorm\n|-damage|p2a: expect|62\/100|[from] Sandstorm\n|upkeep\n|turn|3\n|\n|t:|1699882415\n|move|p1a: Ho-Oh|Sacred Fire|p2a: expect\n|-damage|p2a: expect|14\/100\n|move|p2a: expect|Psyshock|p1a: Ho-Oh\n|-damage|p1a: Ho-Oh|57\/100\n|\n|-weather|Sandstorm|[upkeep]\n|-damage|p1a: Ho-Oh|51\/100|[from] Sandstorm\n|-damage|p2a: expect|8\/100|[from] Sandstorm\n|upkeep\n|turn|4\n|\n|t:|1699882420\n|move|p1a: Ho-Oh|Sacred Fire|p2a: expect\n|-damage|p2a: expect|0 fnt\n|faint|p2a: expect\n|\n|-weather|Sandstorm|[upkeep]\n|-damage|p1a: Ho-Oh|45\/100|[from] Sandstorm\n|upkeep\n|\n|t:|1699882432\n|switch|p2a: Hawlucha|Hawlucha, F|100\/100\n|turn|5\n|\n|t:|1699882440\n|switch|p1a: Giratina|Giratina, shiny|100\/100\n|-ability|p1a: Giratina|Pressure\n|move|p2a: Hawlucha|Swagger|p1a: Giratina|[miss]\n|-miss|p2a: Hawlucha|p1a: Giratina\n|\n|-weather|none\n|upkeep\n|turn|6\n|\n|t:|1699882444\n|move|p2a: Hawlucha|Swagger|p1a: Giratina|[miss]\n|-miss|p2a: Hawlucha|p1a: Giratina\n|move|p1a: Giratina|Toxic|p2a: Hawlucha\n|-status|p2a: Hawlucha|tox\n|\n|-damage|p2a: Hawlucha|94\/100 tox|[from] psn\n|upkeep\n|turn|7\n|\n|t:|1699882451\n|move|p2a: Hawlucha|Swagger|p1a: Giratina\n|-boost|p1a: Giratina|atk|2\n|-enditem|p2a: Hawlucha|Mirror Herb\n|-boost|p2a: Hawlucha|atk|2|[from] item: Mirror Herb\n|-start|p1a: Giratina|confusion\n|-activate|p1a: Giratina|confusion\n|move|p1a: Giratina|Dragon Tail|p2a: Hawlucha\n|-damage|p2a: Hawlucha|33\/100 tox\n|drag|p2a: Zekrom|Zekrom|100\/100\n|\n|upkeep\n|turn|8\n|\n|t:|1699882479\n|switch|p1a: Mewtwo|Mewtwo, shiny|100\/100\n|-ability|p1a: Mewtwo|Pressure\n|move|p2a: Zekrom|Shadow Ball|p1a: Mewtwo\n|-supereffective|p1a: Mewtwo\n|-damage|p1a: Mewtwo|25\/100\n|\n|upkeep\n|turn|9\n|\n|t:|1699882488\n|move|p1a: Mewtwo|Will-O-Wisp|p2a: Zekrom\n|-status|p2a: Zekrom|brn\n|move|p2a: Zekrom|Shadow Ball|p1a: Mewtwo\n|-supereffective|p1a: Mewtwo\n|-damage|p1a: Mewtwo|0 fnt\n|faint|p1a: Mewtwo\n|\n|-damage|p2a: Zekrom|95\/100 brn|[from] brn\n|upkeep\n|\n|t:|1699882493\n|switch|p1a: Dondozo|Dondozo, F, shiny|100\/100\n|turn|10\n|\n|t:|1699882502\n|switch|p2a: Zekrom|Zekrom|100\/100\n|-ability|p2a: Zekrom|Teravolt\n|move|p1a: Dondozo|Curse|p1a: Dondozo\n|-unboost|p1a: Dondozo|spe|1\n|-boost|p1a: Dondozo|atk|1\n|-boost|p1a: Dondozo|def|1\n|\n|upkeep\n|turn|11\n|\n|t:|1699882516\n|switch|p1a: Chansey|Chansey, F, shiny|100\/100\n|move|p2a: Zekrom|Bolt Strike|p1a: Chansey\n|-damage|p1a: Chansey|7\/100\n|\n|upkeep\n|turn|12\n|\n|t:|1699882529\n|switch|p2a: Hawlucha|Hawlucha, F|33\/100 tox\n|switch|p1a: Giratina|Giratina, shiny|100\/100\n|-ability|p1a: Giratina|Pressure\n|\n|-damage|p2a: Hawlucha|27\/100 tox|[from] psn\n|upkeep\n|turn|13\n|\n|t:|1699882535\n|switch|p1a: Chansey|Chansey, F, shiny|7\/100\n|move|p2a: Hawlucha|Acrobatics|p1a: Chansey\n|-damage|p1a: Chansey|0 fnt\n|faint|p1a: Chansey\n|\n|-damage|p2a: Hawlucha|15\/100 tox|[from] psn\n|upkeep\n|\n|t:|1699882538\n|switch|p1a: Tyranitar|Tyranitar-Mega, F, shiny|77\/100\n|-weather|Sandstorm|[from] ability: Sand Stream|[of] p1a: Tyranitar\n|turn|14\n|\n|t:|1699882540\n|switch|p1a: Giratina|Giratina, shiny|100\/100\n|-ability|p1a: Giratina|Pressure\n|move|p2a: Hawlucha|Close Combat|p1a: Giratina\n|-immune|p1a: Giratina\n|\n|-weather|Sandstorm|[upkeep]\n|-damage|p2a: Hawlucha|9\/100 tox|[from] Sandstorm\n|-damage|p1a: Giratina|94\/100|[from] Sandstorm\n|-heal|p1a: Giratina|100\/100|[from] item: Leftovers\n|-damage|p2a: Hawlucha|0 fnt|[from] psn\n|faint|p2a: Hawlucha\n|upkeep\n|\n|t:|1699882545\n|switch|p2a: Zekrom|Zekrom|100\/100\n|-ability|p2a: Zekrom|Teravolt\n|turn|15\n|\n|t:|1699882551\n|move|p2a: Zekrom|Outrage|p1a: Giratina\n|-supereffective|p1a: Giratina\n|-damage|p1a: Giratina|4\/100\n|move|p1a: Giratina|Toxic|p2a: Zekrom\n|-status|p2a: Zekrom|tox\n|\n|-weather|Sandstorm|[upkeep]\n|-damage|p2a: Zekrom|94\/100 tox|[from] Sandstorm\n|-damage|p1a: Giratina|0 fnt|[from] Sandstorm\n|faint|p1a: Giratina\n|-damage|p2a: Zekrom|88\/100 tox|[from] psn\n|upkeep\n|\n|t:|1699882555\n|switch|p1a: Dondozo|Dondozo, F, shiny|100\/100\n|turn|16\n|\n|t:|1699882559\n|-terastallize|p1a: Dondozo|Fairy\n|move|p2a: Zekrom|Outrage|p1a: Dondozo|[from]lockedmove\n|-immune|p1a: Dondozo\n|move|p1a: Dondozo|Curse|p1a: Dondozo\n|-unboost|p1a: Dondozo|spe|1\n|-boost|p1a: Dondozo|atk|1\n|-boost|p1a: Dondozo|def|1\n|\n|-weather|Sandstorm|[upkeep]\n|-damage|p2a: Zekrom|82\/100 tox|[from] Sandstorm\n|-damage|p1a: Dondozo|94\/100|[from] Sandstorm\n|-heal|p1a: Dondozo|100\/100|[from] item: Leftovers\n|-damage|p2a: Zekrom|70\/100 tox|[from] psn\n|upkeep\n|turn|17\n|\n|t:|1699882563\n|move|p2a: Zekrom|Outrage|p1a: Dondozo\n|-immune|p1a: Dondozo\n|move|p1a: Dondozo|Curse|p1a: Dondozo\n|-unboost|p1a: Dondozo|spe|1\n|-boost|p1a: Dondozo|atk|1\n|-boost|p1a: Dondozo|def|1\n|\n|-weather|Sandstorm|[upkeep]\n|-damage|p2a: Zekrom|64\/100 tox|[from] Sandstorm\n|-damage|p1a: Dondozo|94\/100|[from] Sandstorm\n|-heal|p1a: Dondozo|100\/100|[from] item: Leftovers\n|-damage|p2a: Zekrom|45\/100 tox|[from] psn\n|upkeep\n|turn|18\n|\n|t:|1699882570\n|move|p2a: Zekrom|Outrage|p1a: Dondozo\n|-immune|p1a: Dondozo\n|move|p1a: Dondozo|Avalanche|p2a: Zekrom\n|-supereffective|p2a: Zekrom\n|-damage|p2a: Zekrom|0 fnt\n|faint|p2a: Zekrom\n|\n|-weather|none\n|upkeep\n|\n|t:|1699882578\n|switch|p2a: Tim|Ditto, shiny|100\/100\n|-transform|p2a: Tim|p1a: Dondozo|[from] ability: Imposter\n|-start|p2a: Tim|typechange|Water|[silent]\n|turn|19\n|\n|t:|1699882583\n|move|p2a: Tim|Liquidation|p1a: Dondozo\n|-damage|p1a: Dondozo|88\/100\n|move|p1a: Dondozo|Curse|p1a: Dondozo\n|-unboost|p1a: Dondozo|spe|1\n|-boost|p1a: Dondozo|atk|1\n|-boost|p1a: Dondozo|def|1\n|\n|-heal|p1a: Dondozo|94\/100|[from] item: Leftovers\n|upkeep\n|turn|20\n|\n|t:|1699882589\n|switch|p2a: Tim|Ditto, shiny|95\/100 brn\n|move|p1a: Dondozo|Curse|p1a: Dondozo\n|-unboost|p1a: Dondozo|spe|1\n|-boost|p1a: Dondozo|atk|1\n|-boost|p1a: Dondozo|def|1\n|\n|-heal|p1a: Dondozo|99\/100|[from] item: Leftovers\n|-damage|p2a: Tim|89\/100 brn|[from] brn\n|upkeep\n|turn|21\n|\n|t:|1699882595\n|move|p2a: Tim|Comeuppance||[still]\n|-fail|p2a: Tim\n|move|p1a: Dondozo|Liquidation|p2a: Tim\n|-damage|p2a: Tim|0 fnt\n|replace|p2a: Zoroark|Zoroark-Hisui, M\n|-end|p2a: Zoroark|Illusion\n|faint|p2a: Zoroark\n|\n|-heal|p1a: Dondozo|100\/100|[from] item: Leftovers\n|upkeep\n|-message|cowking123 forfeited.\n|\n|win|vailorn\n|raw|vailorn's rating: 1273 &rarr; <strong>1298<\/strong><br \/>(+25 for winning)\n|raw|cowking123's rating: 1272 &rarr; <strong>1247<\/strong><br \/>(-25 for losing)\n|l|\u2606cowking123\n","uploadtime":1699882613,"views":16,"p1id":"vailorn","p2id":"cowking123","formatid":"gen9nationaldexubers","rating":1247,"private":0,"password":""}