{"id":"gen9nationaldexubers-1982481884","p1":"m0055","p2":"FuniPlagueMan","format":"[Gen 9] National Dex Ubers","log":"|j|\u2606m0055\n|j|\u2606FuniPlagueMan\n|t:|1699018977\n|gametype|singles\n|player|p1|m0055|brawly|1185\n|player|p2|FuniPlagueMan|roxie|1084\n|teamsize|p1|6\n|teamsize|p2|6\n|gen|9\n|tier|[Gen 9] National Dex Ubers\n|rated|\n|rule|HP Percentage Mod: HP is shown in percentages\n|rule|Endless Battle Clause: Forcing endless battles is banned\n|rule|OHKO Clause: OHKO moves are banned\n|rule|Evasion Moves Clause: Evasion moves are banned\n|rule|Evasion Items Clause: Evasion items are banned\n|rule|Species Clause: Limit one of each Pok\u00e9mon\n|rule|Sleep Clause Mod: Limit one foe put to sleep\n|rule|Mega Rayquaza Clause: You cannot mega evolve Rayquaza\n|clearpoke\n|poke|p1|Venusaur, M|\n|poke|p1|Lugia|\n|poke|p1|Quagsire, M|\n|poke|p1|Greninja-*, F|\n|poke|p1|Delphox, M|\n|poke|p1|Aegislash, M|\n|poke|p2|Alomomola, M|\n|poke|p2|Gholdengo|\n|poke|p2|Glimmora, F|\n|poke|p2|Cyclizar, M|\n|poke|p2|Blaziken, F|\n|poke|p2|Espathra, M|\n|teampreview\n|inactive|Battle timer is ON: inactive players will automatically lose when time's up. (requested by FuniPlagueMan)\n|inactive|m0055 also wants the timer to be on.\n|\n|t:|1699018991\n|start\n|switch|p1a: Greninja|Greninja, F|100\/100\n|switch|p2a: Alomomola|Alomomola, M|100\/100\n|turn|1\n|\n|t:|1699018998\n|move|p1a: Greninja|Toxic|p2a: Alomomola\n|-start|p1a: Greninja|typechange|Poison|[from] ability: Protean\n|-status|p2a: Alomomola|tox\n|move|p2a: Alomomola|Toxic|p1a: Greninja\n|-immune|p1a: Greninja\n|\n|-damage|p2a: Alomomola|94\/100 tox|[from] psn\n|upkeep\n|turn|2\n|\n|t:|1699019014\n|move|p1a: Greninja|Toxic Spikes|p2a: Alomomola\n|-sidestart|p2: FuniPlagueMan|move: Toxic Spikes\n|move|p2a: Alomomola|Flip Turn|p1a: Greninja\n|-damage|p1a: Greninja|75\/100\n|\n|t:|1699019018\n|switch|p2a: Glimmora|Glimmora, F|100\/100|[from] Flip Turn\n|-sideend|p2: FuniPlagueMan|move: Toxic Spikes|[of] p2a: Glimmora\n|\n|upkeep\n|turn|3\n|\n|t:|1699019025\n|move|p1a: Greninja|Spikes|p2a: Glimmora\n|-sidestart|p2: FuniPlagueMan|Spikes\n|move|p2a: Glimmora|Stealth Rock|p1a: Greninja\n|-sidestart|p1: m0055|move: Stealth Rock\n|\n|upkeep\n|turn|4\n|\n|t:|1699019032\n|move|p1a: Greninja|Spikes|p2a: Glimmora\n|-sidestart|p2: FuniPlagueMan|Spikes\n|move|p2a: Glimmora|Mortal Spin|p1a: Greninja\n|-resisted|p1a: Greninja\n|-damage|p1a: Greninja|69\/100\n|-sideend|p2: FuniPlagueMan|Spikes|[from] move: Mortal Spin|[of] p2a: Glimmora\n|\n|upkeep\n|turn|5\n|\n|t:|1699019039\n|move|p1a: Greninja|Hydro Pump|p2a: Glimmora\n|-supereffective|p2a: Glimmora\n|-damage|p2a: Glimmora|29\/100\n|move|p2a: Glimmora|Spikes|p1a: Greninja\n|-sidestart|p1: m0055|Spikes\n|\n|upkeep\n|turn|6\n|inactive|FuniPlagueMan has 120 seconds left.\n|\n|t:|1699019075\n|switch|p2a: Alomomola|Alomomola, M|100\/100 tox\n|move|p1a: Greninja|Hydro Pump|p2a: Alomomola|[miss]\n|-miss|p1a: Greninja|p2a: Alomomola\n|\n|-damage|p2a: Alomomola|94\/100 tox|[from] psn\n|upkeep\n|turn|7\n|inactive|FuniPlagueMan has 120 seconds left.\n|\n|t:|1699019084\n|move|p1a: Greninja|Spikes|p2a: Alomomola\n|-sidestart|p2: FuniPlagueMan|Spikes\n|move|p2a: Alomomola|Wish|p2a: Alomomola\n|\n|-heal|p2a: Alomomola|100\/100 tox|[from] item: Leftovers\n|-damage|p2a: Alomomola|88\/100 tox|[from] psn\n|upkeep\n|turn|8\n|inactive|FuniPlagueMan has 120 seconds left.\n|\n|t:|1699019101\n|move|p1a: Greninja|Spikes|p2a: Alomomola\n|-sidestart|p2: FuniPlagueMan|Spikes\n|move|p2a: Alomomola|Flip Turn|p1a: Greninja\n|-damage|p1a: Greninja|40\/100\n|\n|t:|1699019105\n|switch|p2a: Glimmora|Glimmora, F|29\/100|[from] Flip Turn\n|-damage|p2a: Glimmora|13\/100|[from] Spikes\n|\n|-heal|p2a: Glimmora|85\/100|[from] move: Wish|[wisher] Alomomola\n|upkeep\n|turn|9\n|\n|t:|1699019113\n|move|p1a: Greninja|Hydro Pump|p2a: Glimmora\n|-supereffective|p2a: Glimmora\n|-damage|p2a: Glimmora|13\/100\n|move|p2a: Glimmora|Mortal Spin|p1a: Greninja\n|-resisted|p1a: Greninja\n|-damage|p1a: Greninja|35\/100\n|-sideend|p2: FuniPlagueMan|Spikes|[from] move: Mortal Spin|[of] p2a: Glimmora\n|\n|upkeep\n|turn|10\n|inactive|FuniPlagueMan has 120 seconds left.\n|\n|t:|1699019135\n|switch|p2a: Gholdengo|Gholdengo|100\/100\n|move|p1a: Greninja|Hydro Pump|p2a: Gholdengo\n|-crit|p2a: Gholdengo\n|-damage|p2a: Gholdengo|42\/100\n|\n|upkeep\n|turn|11\n|inactive|FuniPlagueMan has 120 seconds left.\n|\n|t:|1699019142\n|move|p2a: Gholdengo|Make It Rain|p1a: Greninja\n|-damage|p1a: Greninja|0 fnt\n|-unboost|p2a: Gholdengo|spa|1\n|faint|p1a: Greninja\n|\n|upkeep\n|\n|t:|1699019150\n|switch|p1a: Delphox|Delphox, M|100\/100\n|turn|12\n|\n|t:|1699019157\n|switch|p2a: Alomomola|Alomomola, M|100\/100 tox\n|move|p1a: Delphox|Flamethrower|p2a: Alomomola\n|-resisted|p2a: Alomomola\n|-damage|p2a: Alomomola|77\/100 tox\n|\n|-heal|p2a: Alomomola|83\/100 tox|[from] item: Leftovers\n|-damage|p2a: Alomomola|77\/100 tox|[from] psn\n|upkeep\n|turn|13\n|\n|t:|1699019171\n|switch|p1a: Venusaur|Venusaur, M|100\/100\n|-damage|p1a: Venusaur|88\/100|[from] Stealth Rock\n|-damage|p1a: Venusaur|76\/100|[from] Spikes\n|move|p2a: Alomomola|Toxic|p1a: Venusaur\n|-immune|p1a: Venusaur\n|\n|-heal|p2a: Alomomola|83\/100 tox|[from] item: Leftovers\n|-damage|p2a: Alomomola|71\/100 tox|[from] psn\n|upkeep\n|turn|14\n|\n|t:|1699019187\n|switch|p2a: Blaziken|Blaziken, F|100\/100\n|detailschange|p1a: Venusaur|Venusaur-Mega, M\n|-mega|p1a: Venusaur|Venusaur|Venusaurite\n|move|p1a: Venusaur|Leech Seed|p2a: Blaziken\n|-start|p2a: Blaziken|move: Leech Seed\n|\n|-damage|p2a: Blaziken|88\/100|[from] Leech Seed|[of] p1a: Venusaur\n|-heal|p1a: Venusaur|86\/100|[silent]\n|upkeep\n|turn|15\n|\n|t:|1699019199\n|detailschange|p2a: Blaziken|Blaziken-Mega, F\n|-mega|p2a: Blaziken|Blaziken|Blazikenite\n|move|p2a: Blaziken|Blaze Kick|p1a: Venusaur\n|-supereffective|p1a: Venusaur\n|-damage|p1a: Venusaur|51\/100\n|-status|p1a: Venusaur|brn\n|move|p1a: Venusaur|Synthesis|p1a: Venusaur\n|-heal|p1a: Venusaur|100\/100 brn\n|\n|-damage|p2a: Blaziken|76\/100|[from] Leech Seed|[of] p1a: Venusaur\n|-damage|p1a: Venusaur|94\/100 brn|[from] brn\n|-ability|p2a: Blaziken|Speed Boost|boost\n|-boost|p2a: Blaziken|spe|1\n|upkeep\n|turn|16\n|\n|t:|1699019213\n|move|p2a: Blaziken|Power-Up Punch|p1a: Venusaur\n|-resisted|p1a: Venusaur\n|-damage|p1a: Venusaur|87\/100 brn\n|-boost|p2a: Blaziken|atk|1\n|move|p1a: Venusaur|Toxic|p2a: Blaziken\n|-status|p2a: Blaziken|tox\n|\n|-damage|p2a: Blaziken|64\/100 tox|[from] Leech Seed|[of] p1a: Venusaur\n|-heal|p1a: Venusaur|97\/100 brn|[silent]\n|-damage|p2a: Blaziken|58\/100 tox|[from] psn\n|-damage|p1a: Venusaur|91\/100 brn|[from] brn\n|-ability|p2a: Blaziken|Speed Boost|boost\n|-boost|p2a: Blaziken|spe|1\n|upkeep\n|turn|17\n|\n|t:|1699019233\n|move|p2a: Blaziken|Blaze Kick|p1a: Venusaur\n|-supereffective|p1a: Venusaur\n|-damage|p1a: Venusaur|45\/100 brn\n|move|p1a: Venusaur|Synthesis|p1a: Venusaur\n|-heal|p1a: Venusaur|95\/100 brn\n|\n|-damage|p2a: Blaziken|45\/100 tox|[from] Leech Seed|[of] p1a: Venusaur\n|-heal|p1a: Venusaur|100\/100 brn|[silent]\n|-damage|p2a: Blaziken|33\/100 tox|[from] psn\n|-damage|p1a: Venusaur|94\/100 brn|[from] brn\n|-ability|p2a: Blaziken|Speed Boost|boost\n|-boost|p2a: Blaziken|spe|1\n|upkeep\n|turn|18\n|\n|t:|1699019246\n|switch|p2a: Alomomola|Alomomola, M|100\/100 tox\n|move|p1a: Venusaur|Synthesis|p1a: Venusaur\n|-heal|p1a: Venusaur|100\/100 brn\n|\n|-damage|p2a: Alomomola|94\/100 tox|[from] psn\n|-damage|p1a: Venusaur|94\/100 brn|[from] brn\n|upkeep\n|turn|19\n|\n|t:|1699019257\n|move|p1a: Venusaur|Leech Seed|p2a: Alomomola|[miss]\n|-miss|p1a: Venusaur|p2a: Alomomola\n|move|p2a: Alomomola|Wish|p2a: Alomomola\n|\n|-heal|p2a: Alomomola|100\/100 tox|[from] item: Leftovers\n|-damage|p2a: Alomomola|88\/100 tox|[from] psn\n|-damage|p1a: Venusaur|88\/100 brn|[from] brn\n|upkeep\n|turn|20\n|\n|t:|1699019267\n|move|p1a: Venusaur|Leech Seed|p2a: Alomomola\n|-start|p2a: Alomomola|move: Leech Seed\n|move|p2a: Alomomola|Flip Turn|p1a: Venusaur\n|-resisted|p1a: Venusaur\n|-damage|p1a: Venusaur|84\/100 brn\n|\n|t:|1699019277\n|switch|p2a: Espathra|Espathra, M|100\/100|[from] Flip Turn\n|\n|-damage|p1a: Venusaur|78\/100 brn|[from] brn\n|upkeep\n|turn|21\n|\n|t:|1699019285\n|switch|p1a: Lugia|Lugia|100\/100\n|move|p2a: Espathra|Calm Mind|p2a: Espathra\n|-boost|p2a: Espathra|spa|1\n|-boost|p2a: Espathra|spd|1\n|\n|-ability|p2a: Espathra|Speed Boost|boost\n|-boost|p2a: Espathra|spe|1\n|upkeep\n|turn|22\n|\n|t:|1699019300\n|move|p2a: Espathra|Calm Mind|p2a: Espathra\n|-boost|p2a: Espathra|spa|1\n|-boost|p2a: Espathra|spd|1\n|move|p1a: Lugia|Toxic|p2a: Espathra|[miss]\n|-miss|p1a: Lugia|p2a: Espathra\n|\n|-ability|p2a: Espathra|Speed Boost|boost\n|-boost|p2a: Espathra|spe|1\n|upkeep\n|turn|23\n|\n|t:|1699019309\n|move|p2a: Espathra|Stored Power|p1a: Lugia\n|-resisted|p1a: Lugia\n|-damage|p1a: Lugia|76\/100\n|-damage|p2a: Espathra|91\/100|[from] item: Life Orb\n|move|p1a: Lugia|Recover|p1a: Lugia\n|-heal|p1a: Lugia|100\/100\n|\n|-ability|p2a: Espathra|Speed Boost|boost\n|-boost|p2a: Espathra|spe|1\n|upkeep\n|turn|24\n|\n|t:|1699019320\n|move|p2a: Espathra|Calm Mind|p2a: Espathra\n|-boost|p2a: Espathra|spa|1\n|-boost|p2a: Espathra|spd|1\n|move|p1a: Lugia|Toxic|p2a: Espathra\n|-status|p2a: Espathra|tox\n|\n|-damage|p2a: Espathra|84\/100 tox|[from] psn\n|-ability|p2a: Espathra|Speed Boost|boost\n|-boost|p2a: Espathra|spe|1\n|upkeep\n|turn|25\n|\n|t:|1699019331\n|move|p1a: Lugia|Protect|p1a: Lugia\n|-singleturn|p1a: Lugia|Protect\n|move|p2a: Espathra|Dazzling Gleam|p1a: Lugia\n|-activate|p1a: Lugia|move: Protect\n|\n|-damage|p2a: Espathra|72\/100 tox|[from] psn\n|-ability|p2a: Espathra|Speed Boost|boost\n|-boost|p2a: Espathra|spe|1\n|upkeep\n|turn|26\n|\n|t:|1699019354\n|move|p2a: Espathra|Dazzling Gleam|p1a: Lugia\n|-damage|p1a: Lugia|77\/100\n|-damage|p2a: Espathra|62\/100 tox|[from] item: Life Orb\n|move|p1a: Lugia|Recover|p1a: Lugia\n|-heal|p1a: Lugia|100\/100\n|\n|-damage|p2a: Espathra|44\/100 tox|[from] psn\n|-ability|p2a: Espathra|Speed Boost|boost\n|-boost|p2a: Espathra|spe|1\n|upkeep\n|turn|27\n|\n|t:|1699019366\n|move|p1a: Lugia|Protect|p1a: Lugia\n|-singleturn|p1a: Lugia|Protect\n|move|p2a: Espathra|Stored Power|p1a: Lugia\n|-activate|p1a: Lugia|move: Protect\n|\n|-damage|p2a: Espathra|20\/100 tox|[from] psn\n|upkeep\n|turn|28\n|\n|t:|1699019376\n|move|p2a: Espathra|Roost|p2a: Espathra\n|-heal|p2a: Espathra|70\/100 tox\n|-singleturn|p2a: Espathra|move: Roost\n|move|p1a: Lugia|Recover||[still]\n|-fail|p1a: Lugia|heal\n|\n|-damage|p2a: Espathra|40\/100 tox|[from] psn\n|upkeep\n|turn|29\n|\n|t:|1699019390\n|move|p2a: Espathra|Roost|p2a: Espathra\n|-heal|p2a: Espathra|90\/100 tox\n|-singleturn|p2a: Espathra|move: Roost\n|move|p1a: Lugia|Air Slash|p2a: Espathra\n|-damage|p2a: Espathra|76\/100 tox\n|\n|-damage|p2a: Espathra|39\/100 tox|[from] psn\n|upkeep\n|turn|30\n|\n|t:|1699019402\n|move|p2a: Espathra|Stored Power|p1a: Lugia\n|-resisted|p1a: Lugia\n|-damage|p1a: Lugia|47\/100\n|-damage|p2a: Espathra|30\/100 tox|[from] item: Life Orb\n|move|p1a: Lugia|Air Slash|p2a: Espathra\n|-damage|p2a: Espathra|13\/100 tox\n|\n|-damage|p2a: Espathra|0 fnt|[from] psn\n|faint|p2a: Espathra\n|upkeep\n|\n|t:|1699019414\n|switch|p2a: Gholdengo|Gholdengo|42\/100\n|turn|31\n|\n|t:|1699019423\n|move|p2a: Gholdengo|Trick|p1a: Lugia\n|-activate|p2a: Gholdengo|move: Trick|[of] p1a: Lugia\n|-item|p1a: Lugia|Choice Scarf|[from] move: Trick\n|-item|p2a: Gholdengo|Heavy-Duty Boots|[from] move: Trick\n|move|p1a: Lugia|Recover|p1a: Lugia\n|-heal|p1a: Lugia|97\/100\n|\n|upkeep\n|turn|32\n|\n|t:|1699019435\n|switch|p1a: Delphox|Delphox, M|100\/100\n|move|p2a: Gholdengo|Shadow Ball|p1a: Delphox\n|-supereffective|p1a: Delphox\n|-damage|p1a: Delphox|6\/100\n|\n|upkeep\n|turn|33\n|\n|t:|1699019449\n|move|p1a: Delphox|Flamethrower|p2a: Gholdengo\n|-supereffective|p2a: Gholdengo\n|-damage|p2a: Gholdengo|0 fnt\n|faint|p2a: Gholdengo\n|\n|upkeep\n|\n|t:|1699019457\n|switch|p2a: Alomomola|Alomomola, M|100\/100 tox\n|turn|34\n|\n|t:|1699019475\n|move|p1a: Delphox|Light Screen|p1a: Delphox\n|-sidestart|p1: m0055|move: Light Screen\n|move|p2a: Alomomola|Wish|p2a: Alomomola\n|\n|-damage|p2a: Alomomola|94\/100 tox|[from] psn\n|upkeep\n|turn|35\n|\n|t:|1699019481\n|move|p1a: Delphox|Psychic|p2a: Alomomola\n|-damage|p2a: Alomomola|45\/100 tox\n|move|p2a: Alomomola|Toxic|p1a: Delphox|[miss]\n|-miss|p2a: Alomomola|p1a: Delphox\n|\n|-heal|p2a: Alomomola|95\/100 tox|[from] move: Wish|[wisher] Alomomola\n|-heal|p2a: Alomomola|100\/100 tox|[from] item: Leftovers\n|-damage|p2a: Alomomola|88\/100 tox|[from] psn\n|upkeep\n|turn|36\n|\n|t:|1699019492\n|move|p1a: Delphox|Psychic|p2a: Alomomola\n|-damage|p2a: Alomomola|39\/100 tox\n|move|p2a: Alomomola|Wish|p2a: Alomomola\n|\n|-heal|p2a: Alomomola|45\/100 tox|[from] item: Leftovers\n|-damage|p2a: Alomomola|27\/100 tox|[from] psn\n|upkeep\n|turn|37\n|\n|t:|1699019502\n|move|p1a: Delphox|Psychic|p2a: Alomomola\n|-damage|p2a: Alomomola|0 fnt\n|faint|p2a: Alomomola\n|\n|upkeep\n|\n|t:|1699019507\n|switch|p2a: Glimmora|Glimmora, F|13\/100\n|turn|38\n|\n|t:|1699019512\n|move|p1a: Delphox|Psychic|p2a: Glimmora\n|-supereffective|p2a: Glimmora\n|-damage|p2a: Glimmora|0 fnt\n|faint|p2a: Glimmora\n|\n|-sideend|p1: m0055|move: Light Screen\n|upkeep\n|\n|t:|1699019517\n|switch|p2a: Cyclizar|Cyclizar, M|100\/100\n|turn|39\n|\n|t:|1699019524\n|move|p2a: Cyclizar|Rapid Spin|p1a: Delphox\n|-damage|p1a: Delphox|0 fnt\n|-boost|p2a: Cyclizar|spe|1\n|faint|p1a: Delphox\n|\n|upkeep\n|\n|t:|1699019533\n|switch|p1a: Aegislash|Aegislash, M|100\/100\n|-damage|p1a: Aegislash|94\/100|[from] Stealth Rock\n|-damage|p1a: Aegislash|82\/100|[from] Spikes\n|turn|40\n|\n|t:|1699019557\n|move|p1a: Aegislash|King's Shield|p1a: Aegislash\n|-singleturn|p1a: Aegislash|Protect\n|move|p2a: Cyclizar|Shed Tail|p2a: Cyclizar\n|-start|p2a: Cyclizar|Substitute|[from] move: Shed Tail\n|-damage|p2a: Cyclizar|50\/100\n|\n|t:|1699019565\n|switch|p2a: Blaziken|Blaziken-Mega, F|33\/100 tox|[from] Shed Tail\n|\n|-damage|p2a: Blaziken|27\/100 tox|[from] psn\n|upkeep\n|turn|41\n|\n|t:|1699019575\n|move|p2a: Blaziken|Blaze Kick|p1a: Aegislash\n|-supereffective|p1a: Aegislash\n|-crit|p1a: Aegislash\n|-damage|p1a: Aegislash|0 fnt\n|faint|p1a: Aegislash\n|\n|-damage|p2a: Blaziken|15\/100 tox|[from] psn\n|-ability|p2a: Blaziken|Speed Boost|boost\n|-boost|p2a: Blaziken|spe|1\n|upkeep\n|\n|t:|1699019585\n|switch|p1a: Lugia|Lugia|97\/100\n|-damage|p1a: Lugia|72\/100|[from] Stealth Rock\n|turn|42\n|\n|t:|1699019600\n|move|p1a: Lugia|Protect|p1a: Lugia\n|-singleturn|p1a: Lugia|Protect\n|move|p2a: Blaziken|Blaze Kick|p1a: Lugia\n|-activate|p1a: Lugia|move: Protect\n|\n|-damage|p2a: Blaziken|0 fnt|[from] psn\n|faint|p2a: Blaziken\n|upkeep\n|\n|t:|1699019602\n|switch|p2a: Cyclizar|Cyclizar, M|84\/100\n|turn|43\n|\n|t:|1699019613\n|-terastallize|p2a: Cyclizar|Dragon\n|move|p1a: Lugia|Protect||[still]\n|-fail|p1a: Lugia\n|move|p2a: Cyclizar|Outrage|p1a: Lugia\n|-damage|p1a: Lugia|28\/100\n|\n|-heal|p2a: Cyclizar|90\/100|[from] item: Leftovers\n|upkeep\n|turn|44\n|inactive|FuniPlagueMan has 120 seconds left.\n|\n|t:|1699019645\n|move|p1a: Lugia|Protect|p1a: Lugia\n|-singleturn|p1a: Lugia|Protect\n|move|p2a: Cyclizar|Outrage|p1a: Lugia|[from]lockedmove\n|-activate|p1a: Lugia|move: Protect\n|\n|-heal|p2a: Cyclizar|96\/100|[from] item: Leftovers\n|upkeep\n|turn|45\n|\n|t:|1699019655\n|move|p1a: Lugia|Protect||[still]\n|-fail|p1a: Lugia\n|move|p2a: Cyclizar|Outrage|p1a: Lugia\n|-damage|p1a: Lugia|0 fnt\n|faint|p1a: Lugia\n|\n|-heal|p2a: Cyclizar|100\/100|[from] item: Leftovers\n|upkeep\n|\n|t:|1699019664\n|switch|p1a: Venusaur|Venusaur-Mega, M|78\/100 brn\n|-damage|p1a: Venusaur|66\/100 brn|[from] Stealth Rock\n|-damage|p1a: Venusaur|53\/100 brn|[from] Spikes\n|turn|46\n|inactive|FuniPlagueMan has 120 seconds left.\n|\n|t:|1699019686\n|move|p2a: Cyclizar|Outrage|p1a: Venusaur|[from]lockedmove\n|-damage|p1a: Venusaur|11\/100 brn\n|move|p1a: Venusaur|Synthesis|p1a: Venusaur\n|-heal|p1a: Venusaur|61\/100 brn\n|\n|-damage|p1a: Venusaur|55\/100 brn|[from] brn\n|upkeep\n|turn|47\n|\n|t:|1699019699\n|move|p2a: Cyclizar|Outrage|p1a: Venusaur|[from]lockedmove\n|-damage|p1a: Venusaur|13\/100 brn\n|-start|p2a: Cyclizar|confusion|[fatigue]\n|move|p1a: Venusaur|Toxic|p2a: Cyclizar\n|-status|p2a: Cyclizar|tox\n|\n|-damage|p2a: Cyclizar|94\/100 tox|[from] psn\n|-damage|p1a: Venusaur|7\/100 brn|[from] brn\n|upkeep\n|turn|48\n|inactive|FuniPlagueMan has 120 seconds left.\n|\n|t:|1699019719\n|-activate|p2a: Cyclizar|confusion\n|-damage|p2a: Cyclizar|76\/100 tox|[from] confusion\n|move|p1a: Venusaur|Synthesis|p1a: Venusaur\n|-heal|p1a: Venusaur|57\/100 brn\n|\n|-heal|p2a: Cyclizar|82\/100 tox|[from] item: Leftovers\n|-damage|p2a: Cyclizar|70\/100 tox|[from] psn\n|-damage|p1a: Venusaur|51\/100 brn|[from] brn\n|upkeep\n|turn|49\n|inactive|FuniPlagueMan has 120 seconds left.\n|\n|t:|1699019731\n|-activate|p2a: Cyclizar|confusion\n|move|p2a: Cyclizar|Shift Gear|p2a: Cyclizar\n|-boost|p2a: Cyclizar|spe|2\n|-boost|p2a: Cyclizar|atk|1\n|move|p1a: Venusaur|Synthesis|p1a: Venusaur\n|-heal|p1a: Venusaur|100\/100 brn\n|\n|-heal|p2a: Cyclizar|76\/100 tox|[from] item: Leftovers\n|-damage|p2a: Cyclizar|58\/100 tox|[from] psn\n|-damage|p1a: Venusaur|94\/100 brn|[from] brn\n|upkeep\n|turn|50\n|\n|t:|1699019744\n|-end|p2a: Cyclizar|confusion\n|move|p2a: Cyclizar|Outrage|p1a: Venusaur\n|-damage|p1a: Venusaur|35\/100 brn\n|move|p1a: Venusaur|Leech Seed|p2a: Cyclizar\n|-start|p2a: Cyclizar|move: Leech Seed\n|\n|-heal|p2a: Cyclizar|64\/100 tox|[from] item: Leftovers\n|-damage|p2a: Cyclizar|52\/100 tox|[from] Leech Seed|[of] p1a: Venusaur\n|-heal|p1a: Venusaur|44\/100 brn|[silent]\n|-damage|p2a: Cyclizar|27\/100 tox|[from] psn\n|-damage|p1a: Venusaur|38\/100 brn|[from] brn\n|upkeep\n|turn|51\n|inactive|FuniPlagueMan has 120 seconds left.\n|\n|t:|1699019762\n|move|p2a: Cyclizar|Outrage|p1a: Venusaur|[from]lockedmove\n|-damage|p1a: Venusaur|0 fnt\n|faint|p1a: Venusaur\n|-start|p2a: Cyclizar|confusion|[fatigue]\n|\n|-heal|p2a: Cyclizar|33\/100 tox|[from] item: Leftovers\n|-damage|p2a: Cyclizar|3\/100 tox|[from] psn\n|upkeep\n|\n|t:|1699019772\n|switch|p1a: Quagsire|Quagsire, M|100\/100\n|-damage|p1a: Quagsire|94\/100|[from] Stealth Rock\n|-damage|p1a: Quagsire|82\/100|[from] Spikes\n|turn|52\n|\n|t:|1699019778\n|-activate|p2a: Cyclizar|confusion\n|move|p2a: Cyclizar|Outrage|p1a: Quagsire\n|-damage|p1a: Quagsire|0 fnt\n|faint|p1a: Quagsire\n|\n|win|FuniPlagueMan\n|raw|m0055's rating: 1185 &rarr; <strong>1153<\/strong><br \/>(-32 for losing)\n|raw|FuniPlagueMan's rating: 1084 &rarr; <strong>1119<\/strong><br \/>(+35 for winning)\n|l|\u2606m0055\n","uploadtime":1699019787,"views":11,"p1id":"m0055","p2id":"funiplagueman","formatid":"gen9nationaldexubers","rating":1119,"private":0,"password":""}