{"id":"gen9nationaldexubers-1979986786","p1":"D. Lawrenzz","p2":"Ginesect","format":"[Gen 9] National Dex Ubers","log":"|j|\u2606D. Lawrenzz\n|j|\u2606Ginesect\n|t:|1698742237\n|gametype|singles\n|player|p1|D. Lawrenzz|blue-masters|\n|player|p2|Ginesect|artist-gen4|\n|teamsize|p1|6\n|teamsize|p2|6\n|gen|9\n|tier|[Gen 9] National Dex Ubers\n|rule|HP Percentage Mod: HP is shown in percentages\n|rule|Endless Battle Clause: Forcing endless battles is banned\n|rule|OHKO Clause: OHKO moves are banned\n|rule|Evasion Moves Clause: Evasion moves are banned\n|rule|Evasion Items Clause: Evasion items are banned\n|rule|Species Clause: Limit one of each Pok\u00e9mon\n|rule|Sleep Clause Mod: Limit one foe put to sleep\n|rule|Mega Rayquaza Clause: You cannot mega evolve Rayquaza\n|clearpoke\n|poke|p1|Ribombee, M|\n|poke|p1|Medicham, F|\n|poke|p1|Great Tusk|\n|poke|p1|Ogerpon-Wellspring, F|\n|poke|p1|Gholdengo|\n|poke|p1|Iron Moth|\n|poke|p2|Chien-Pao|\n|poke|p2|Mandibuzz, F|\n|poke|p2|Mawile, M|\n|poke|p2|Grimmsnarl, M|\n|poke|p2|Greninja-*, M|\n|poke|p2|Ting-Lu|\n|teampreview\n|inactive|Battle timer is ON: inactive players will automatically lose when time's up. (requested by D. Lawrenzz)\n|c|\u2606D. Lawrenzz|hf\n|inactive|Ginesect has 270 seconds left.\n|\n|t:|1698742281\n|start\n|switch|p1a: Ribombee|Ribombee, M|100\/100\n|switch|p2a: Mawile|Mawile, M|100\/100\n|-ability|p2a: Mawile|Intimidate|boost\n|-unboost|p1a: Ribombee|atk|1\n|turn|1\n|\n|t:|1698742289\n|detailschange|p2a: Mawile|Mawile-Mega, M\n|-mega|p2a: Mawile|Mawile|Mawilite\n|move|p1a: Ribombee|Stun Spore|p2a: Mawile\n|-status|p2a: Mawile|par\n|move|p2a: Mawile|Swords Dance|p2a: Mawile\n|-boost|p2a: Mawile|atk|2\n|\n|upkeep\n|turn|2\n|\n|t:|1698742294\n|move|p1a: Ribombee|Sticky Web|p2a: Mawile\n|-sidestart|p2: Ginesect|move: Sticky Web\n|move|p2a: Mawile|Iron Head|p1a: Ribombee\n|-supereffective|p1a: Ribombee\n|-enditem|p1a: Ribombee|Focus Sash\n|-damage|p1a: Ribombee|1\/100\n|\n|upkeep\n|turn|3\n|\n|t:|1698742300\n|move|p1a: Ribombee|U-turn|p2a: Mawile\n|-resisted|p2a: Mawile\n|-damage|p2a: Mawile|98\/100 par\n|\n|t:|1698742314\n|switch|p1a: Gholdengo|Gholdengo|100\/100|[from] U-turn\n|-item|p1a: Gholdengo|Air Balloon\n|move|p2a: Mawile|Play Rough|p1a: Gholdengo\n|-resisted|p1a: Gholdengo\n|-damage|p1a: Gholdengo|0 fnt\n|-enditem|p1a: Gholdengo|Air Balloon\n|faint|p1a: Gholdengo\n|\n|upkeep\n|c|\u2606D. Lawrenzz|oh god\n|c|\u2606Ginesect|lol\n|\n|t:|1698742329\n|switch|p1a: Iron Moth|Iron Moth|100\/100\n|-enditem|p1a: Iron Moth|Booster Energy\n|-activate|p1a: Iron Moth|ability: Quark Drive|[fromitem]\n|-start|p1a: Iron Moth|quarkdrivespa\n|turn|4\n|\n|t:|1698742339\n|move|p2a: Mawile|Sucker Punch|p1a: Iron Moth\n|-damage|p1a: Iron Moth|0 fnt\n|faint|p1a: Iron Moth\n|-end|p1a: Iron Moth|Quark Drive|[silent]\n|\n|upkeep\n|c|\u2606D. Lawrenzz|oh my god\n|c|\u2606Ginesect|Lmao\n|\n|t:|1698742349\n|switch|p1a: Great Tusk|Great Tusk|100\/100\n|-enditem|p1a: Great Tusk|Booster Energy\n|-activate|p1a: Great Tusk|ability: Protosynthesis|[fromitem]\n|-start|p1a: Great Tusk|protosynthesisatk\n|turn|5\n|\n|t:|1698742364\n|move|p1a: Great Tusk|Earthquake|p2a: Mawile\n|-supereffective|p2a: Mawile\n|-damage|p2a: Mawile|0 fnt\n|faint|p2a: Mawile\n|\n|upkeep\n|\n|t:|1698742378\n|switch|p2a: Mandibuzz|Mandibuzz, F|100\/100\n|turn|6\n|\n|t:|1698742383\n|move|p1a: Great Tusk|Rapid Spin|p2a: Mandibuzz\n|-damage|p2a: Mandibuzz|87\/100\n|-boost|p1a: Great Tusk|spe|1\n|move|p2a: Mandibuzz|Defog|p1a: Great Tusk\n|-unboost|p1a: Great Tusk|evasion|1\n|-sideend|p2: Ginesect|Sticky Web|[from] move: Defog|[of] p2a: Mandibuzz\n|\n|upkeep\n|turn|7\n|\n|t:|1698742391\n|move|p1a: Great Tusk|Ice Spinner|p2a: Mandibuzz\n|-supereffective|p2a: Mandibuzz\n|-damage|p2a: Mandibuzz|45\/100\n|move|p2a: Mandibuzz|U-turn|p1a: Great Tusk\n|-resisted|p1a: Great Tusk\n|-crit|p1a: Great Tusk\n|-damage|p1a: Great Tusk|95\/100\n|\n|t:|1698742400\n|switch|p2a: Greninja|Greninja, M|100\/100|[from] U-turn\n|\n|upkeep\n|turn|8\n|inactive|D. Lawrenzz has 270 seconds left.\n|\n|t:|1698742448\n|move|p1a: Great Tusk|Close Combat|p2a: Greninja\n|-supereffective|p2a: Greninja\n|-enditem|p2a: Greninja|Focus Sash\n|-damage|p2a: Greninja|1\/100\n|-unboost|p1a: Great Tusk|def|1\n|-unboost|p1a: Great Tusk|spd|1\n|move|p2a: Greninja|Hydro Pump|p1a: Great Tusk\n|-supereffective|p1a: Great Tusk\n|-damage|p1a: Great Tusk|0 fnt\n|faint|p1a: Great Tusk\n|-end|p1a: Great Tusk|Protosynthesis|[silent]\n|-ability|p2a: Greninja|Battle Bond|boost\n|-boost|p2a: Greninja|atk|1\n|-boost|p2a: Greninja|spa|1\n|-boost|p2a: Greninja|spe|1\n|-activate|p2a: Greninja|ability: Battle Bond\n|\n|upkeep\n|c|\u2606D. Lawrenzz|sash\n|\n|t:|1698742456\n|switch|p1a: Medicham|Medicham, F|100\/100\n|turn|9\n|\n|t:|1698742464\n|switch|p2a: Grimmsnarl|Grimmsnarl, M|100\/100\n|detailschange|p1a: Medicham|Medicham-Mega, F\n|-mega|p1a: Medicham|Medicham|Medichamite\n|move|p1a: Medicham|Fake Out|p2a: Grimmsnarl\n|-damage|p2a: Grimmsnarl|74\/100\n|\n|upkeep\n|turn|10\n|c|\u2606D. Lawrenzz|who runs sash grenin\n|inactive|D. Lawrenzz has 270 seconds left.\n|\n|t:|1698742471\n|move|p2a: Grimmsnarl|Reflect|p2a: Grimmsnarl\n|-sidestart|p2: Ginesect|Reflect\n|move|p1a: Medicham|High Jump Kick|p2a: Grimmsnarl\n|-damage|p2a: Grimmsnarl|9\/100\n|\n|upkeep\n|turn|11\n|\n|t:|1698742478\n|move|p2a: Grimmsnarl|Thunder Wave|p1a: Medicham\n|-status|p1a: Medicham|par\n|cant|p1a: Medicham|par\n|\n|upkeep\n|turn|12\n|c|\u2606Ginesect|me\n|\n|t:|1698742485\n|move|p2a: Grimmsnarl|Parting Shot|p1a: Medicham\n|-unboost|p1a: Medicham|atk|1\n|-unboost|p1a: Medicham|spa|1\n|\n|t:|1698742495\n|switch|p2a: Ting-Lu|Ting-Lu|100\/100|[from] Parting Shot\n|-ability|p2a: Ting-Lu|Vessel of Ruin\n|move|p1a: Medicham|High Jump Kick|p2a: Ting-Lu|[miss]\n|-miss|p1a: Medicham|p2a: Ting-Lu\n|-damage|p1a: Medicham|51\/100 par|[from] highjumpkick\n|\n|upkeep\n|turn|13\n|\n|t:|1698742502\n|switch|p1a: Ribombee|Ribombee, M|1\/100\n|move|p2a: Ting-Lu|Stealth Rock|p1a: Ribombee\n|-sidestart|p1: D. Lawrenzz|move: Stealth Rock\n|\n|upkeep\n|turn|14\n|\n|t:|1698742507\n|move|p1a: Ribombee|Sticky Web|p2a: Ting-Lu\n|-sidestart|p2: Ginesect|move: Sticky Web\n|move|p2a: Ting-Lu|Whirlwind|p1a: Ribombee\n|drag|p1a: Medicham|Medicham-Mega, F|51\/100 par\n|-damage|p1a: Medicham|45\/100 par|[from] Stealth Rock\n|\n|upkeep\n|turn|15\n|\n|t:|1698742513\n|-terastallize|p2a: Ting-Lu|Water\n|cant|p1a: Medicham|par\n|move|p2a: Ting-Lu|Earthquake|p1a: Medicham\n|-damage|p1a: Medicham|0 fnt\n|faint|p1a: Medicham\n|\n|upkeep\n|\n|t:|1698742523\n|switch|p1a: Ogerpon|Ogerpon-Wellspring, F|100\/100\n|-damage|p1a: Ogerpon|88\/100|[from] Stealth Rock\n|turn|16\n|\n|t:|1698742526\n|move|p1a: Ogerpon|Swords Dance|p1a: Ogerpon\n|-boost|p1a: Ogerpon|atk|2\n|move|p2a: Ting-Lu|Whirlwind|p1a: Ogerpon\n|drag|p1a: Ribombee|Ribombee, M|1\/100\n|-damage|p1a: Ribombee|0 fnt|[from] Stealth Rock\n|faint|p1a: Ribombee\n|\n|upkeep\n|\n|t:|1698742530\n|switch|p1a: Ogerpon|Ogerpon-Wellspring, F|88\/100\n|-damage|p1a: Ogerpon|76\/100|[from] Stealth Rock\n|turn|17\n|\n|t:|1698742538\n|switch|p2a: Chien-Pao|Chien-Pao|100\/100\n|-activate|p2a: Chien-Pao|move: Sticky Web\n|-unboost|p2a: Chien-Pao|spe|1\n|-ability|p2a: Chien-Pao|Sword of Ruin\n|move|p1a: Ogerpon|Swords Dance|p1a: Ogerpon\n|-boost|p1a: Ogerpon|atk|2\n|\n|-sideend|p2: Ginesect|Reflect\n|upkeep\n|turn|18\n|\n|t:|1698742544\n|-terastallize|p1a: Ogerpon|Water\n|detailschange|p1a: Ogerpon|Ogerpon-Wellspring-Tera, F, tera:Water\n|-ability|p1a: Ogerpon|Embody Aspect (Wellspring)|boost\n|-boost|p1a: Ogerpon|spd|1\n|move|p2a: Chien-Pao|Sucker Punch|p1a: Ogerpon\n|-damage|p1a: Ogerpon|0 fnt\n|faint|p1a: Ogerpon\n|\n|win|Ginesect\n|c|\u2606Ginesect|gg\n|c|\u2606D. Lawrenzz|gg\n|c|\u2606D. Lawrenzz|shit\n","uploadtime":1698742558,"views":14,"p1id":"dlawrenzz","p2id":"ginesect","formatid":"gen9nationaldexubers","rating":0,"private":0,"password":""}