{"id":"gen9nationaldexubers-1982131189","p1":"Red-XD-God","p2":"hanagakiUBD","format":"[Gen 9] National Dex Ubers","log":"|j|\u2606Red-XD-God\n|j|\u2606hanagakiUBD\n|t:|1698971056\n|gametype|singles\n|player|p1|Red-XD-God|170|\n|player|p2|hanagakiUBD|iris-gen5bw2|\n|teamsize|p1|6\n|teamsize|p2|6\n|gen|9\n|tier|[Gen 9] National Dex Ubers\n|rule|HP Percentage Mod: HP is shown in percentages\n|rule|Endless Battle Clause: Forcing endless battles is banned\n|rule|OHKO Clause: OHKO moves are banned\n|rule|Evasion Moves Clause: Evasion moves are banned\n|rule|Evasion Items Clause: Evasion items are banned\n|rule|Species Clause: Limit one of each Pok\u00e9mon\n|rule|Sleep Clause Mod: Limit one foe put to sleep\n|rule|Mega Rayquaza Clause: You cannot mega evolve Rayquaza\n|clearpoke\n|poke|p1|Marshadow|\n|poke|p1|Gholdengo|\n|poke|p1|Volcarona, F|\n|poke|p1|Toxapex, M|\n|poke|p1|Zeraora|\n|poke|p1|Corviknight, F|\n|poke|p2|Landorus-Therian, M|\n|poke|p2|Charizard, F|\n|poke|p2|Rotom-Wash|\n|poke|p2|Grimmsnarl, M|\n|poke|p2|Sneasler, M|\n|poke|p2|Iron Valiant|\n|teampreview\n|inactive|Battle timer is ON: inactive players will automatically lose when time's up. (requested by hanagakiUBD)\n|c|\u2606hanagakiUBD|Un team ND xd\n|\n|t:|1698971070\n|start\n|switch|p1a: Gholdengo|Gholdengo|100\/100\n|switch|p2a: Charizard|Charizard, F, shiny|100\/100\n|turn|1\n|\n|t:|1698971078\n|detailschange|p2a: Charizard|Charizard-Mega-Y, F, shiny\n|-mega|p2a: Charizard|Charizard|Charizardite Y\n|-weather|SunnyDay|[from] ability: Drought|[of] p2a: Charizard\n|move|p1a: Gholdengo|Trick||[still]\n|-fail|p1a: Gholdengo\n|move|p2a: Charizard|Weather Ball|p1a: Gholdengo\n|-supereffective|p1a: Gholdengo\n|-damage|p1a: Gholdengo|0 fnt\n|faint|p1a: Gholdengo\n|\n|-weather|SunnyDay|[upkeep]\n|upkeep\n|\n|t:|1698971093\n|switch|p1a: Toxapex|Toxapex, M|100\/100\n|turn|2\n|\n|t:|1698971108\n|switch|p2a: Rotom|Rotom-Wash|100\/100\n|switch|p1a: Volcarona|Volcarona, F|100\/100\n|\n|-weather|SunnyDay|[upkeep]\n|upkeep\n|turn|3\n|\n|t:|1698971116\n|move|p1a: Volcarona|Quiver Dance|p1a: Volcarona\n|-boost|p1a: Volcarona|spa|1\n|-boost|p1a: Volcarona|spd|1\n|-boost|p1a: Volcarona|spe|1\n|move|p2a: Rotom|Volt Switch|p1a: Volcarona\n|-damage|p1a: Volcarona|80\/100\n|\n|t:|1698971118\n|switch|p2a: Landorus|Landorus-Therian, M|100\/100|[from] Volt Switch\n|-ability|p2a: Landorus|Intimidate|boost\n|-unboost|p1a: Volcarona|atk|1\n|\n|-weather|SunnyDay|[upkeep]\n|upkeep\n|turn|4\n|c|\u2606hanagakiUBD|Fe\n|\n|t:|1698971131\n|move|p1a: Volcarona|Giga Drain|p2a: Landorus\n|-damage|p2a: Landorus|72\/100\n|-heal|p1a: Volcarona|98\/100|[from] drain|[of] p2a: Landorus\n|move|p2a: Landorus|Rock Slide|p1a: Volcarona\n|-supereffective|p1a: Volcarona\n|-damage|p1a: Volcarona|0 fnt\n|faint|p1a: Volcarona\n|\n|-weather|SunnyDay|[upkeep]\n|upkeep\n|\n|t:|1698971144\n|switch|p1a: Toxapex|Toxapex, M|100\/100\n|turn|5\n|\n|t:|1698971152\n|switch|p1a: Marshadow|Marshadow|100\/100\n|move|p2a: Landorus|Earthquake|p1a: Marshadow\n|-damage|p1a: Marshadow|26\/100\n|\n|-weather|none\n|upkeep\n|turn|6\n|\n|t:|1698971161\n|move|p1a: Marshadow|Ice Punch|p2a: Landorus\n|-supereffective|p2a: Landorus\n|-damage|p2a: Landorus|0 fnt\n|faint|p2a: Landorus\n|\n|upkeep\n|\n|t:|1698971167\n|switch|p2a: Iron Valiant|Iron Valiant, shiny|100\/100\n|-enditem|p2a: Iron Valiant|Booster Energy\n|-activate|p2a: Iron Valiant|ability: Quark Drive|[fromitem]\n|-start|p2a: Iron Valiant|quarkdrivespe\n|turn|7\n|\n|t:|1698971174\n|move|p1a: Marshadow|Shadow Sneak|p2a: Iron Valiant\n|-damage|p2a: Iron Valiant|64\/100\n|move|p2a: Iron Valiant|Calm Mind|p2a: Iron Valiant\n|-boost|p2a: Iron Valiant|spa|1\n|-boost|p2a: Iron Valiant|spd|1\n|\n|upkeep\n|turn|8\n|\n|t:|1698971182\n|move|p1a: Marshadow|Shadow Sneak|p2a: Iron Valiant\n|-damage|p2a: Iron Valiant|24\/100\n|move|p2a: Iron Valiant|Moonblast|p1a: Marshadow\n|-supereffective|p1a: Marshadow\n|-damage|p1a: Marshadow|0 fnt\n|faint|p1a: Marshadow\n|\n|upkeep\n|\n|t:|1698971190\n|switch|p1a: Zeraora|Zeraora, shiny|100\/100\n|turn|9\n|\n|t:|1698971193\n|move|p2a: Iron Valiant|Moonblast|p1a: Zeraora\n|-damage|p1a: Zeraora|16\/100\n|move|p1a: Zeraora|Plasma Fists|p2a: Iron Valiant\n|-damage|p2a: Iron Valiant|0 fnt\n|-fieldactivate|move: Ion Deluge\n|-hint|Normal-type moves become Electric-type after using Plasma Fists.\n|faint|p2a: Iron Valiant\n|-end|p2a: Iron Valiant|Quark Drive|[silent]\n|\n|upkeep\n|\n|t:|1698971199\n|switch|p2a: Sneasler|Sneasler, M|100\/100\n|-item|p2a: Sneasler|Air Balloon\n|turn|10\n|\n|t:|1698971206\n|move|p1a: Zeraora|Plasma Fists|p2a: Sneasler\n|-damage|p2a: Sneasler|24\/100\n|-fieldactivate|move: Ion Deluge\n|-hint|Normal-type moves become Electric-type after using Plasma Fists.\n|-enditem|p2a: Sneasler|Air Balloon\n|move|p2a: Sneasler|Swords Dance|p2a: Sneasler\n|-boost|p2a: Sneasler|atk|2\n|\n|upkeep\n|turn|11\n|\n|t:|1698971215\n|move|p2a: Sneasler|Dire Claw|p1a: Zeraora\n|-damage|p1a: Zeraora|0 fnt\n|faint|p1a: Zeraora\n|\n|upkeep\n|\n|t:|1698971221\n|switch|p1a: Corviknight|Corviknight, F|100\/100\n|-ability|p1a: Corviknight|Pressure\n|turn|12\n|\n|t:|1698971227\n|move|p2a: Sneasler|Rock Slide|p1a: Corviknight\n|-damage|p1a: Corviknight|42\/100\n|move|p1a: Corviknight|Brave Bird|p2a: Sneasler\n|-supereffective|p2a: Sneasler\n|-damage|p2a: Sneasler|0 fnt\n|faint|p2a: Sneasler\n|-damage|p1a: Corviknight|35\/100|[from] Recoil\n|\n|upkeep\n|\n|t:|1698971235\n|switch|p2a: Charizard|Charizard-Mega-Y, F, shiny|100\/100\n|-weather|SunnyDay|[from] ability: Drought|[of] p2a: Charizard\n|turn|13\n|\n|t:|1698971243\n|move|p2a: Charizard|Weather Ball|p1a: Corviknight\n|-supereffective|p1a: Corviknight\n|-damage|p1a: Corviknight|0 fnt\n|faint|p1a: Corviknight\n|\n|-weather|SunnyDay|[upkeep]\n|upkeep\n|c|\u2606hanagakiUBD|Tiene haze?\n|\n|t:|1698971254\n|switch|p1a: Toxapex|Toxapex, M|100\/100\n|turn|14\n|\n|t:|1698971260\n|switch|p2a: Rotom|Rotom-Wash|100\/100\n|move|p1a: Toxapex|Hex|p2a: Rotom\n|-damage|p2a: Rotom|91\/100\n|\n|-weather|SunnyDay|[upkeep]\n|upkeep\n|turn|15\n|\n|t:|1698971270\n|move|p2a: Rotom|Volt Switch|p1a: Toxapex\n|-supereffective|p1a: Toxapex\n|-damage|p1a: Toxapex|72\/100\n|\n|t:|1698971273\n|switch|p2a: Grimmsnarl|Grimmsnarl, M, shiny|100\/100|[from] Volt Switch\n|move|p1a: Toxapex|Hex|p2a: Grimmsnarl\n|-resisted|p2a: Grimmsnarl\n|-damage|p2a: Grimmsnarl|96\/100\n|\n|-weather|SunnyDay|[upkeep]\n|upkeep\n|turn|16\n|\n|t:|1698971282\n|move|p2a: Grimmsnarl|Thunder Wave|p1a: Toxapex\n|-status|p1a: Toxapex|par\n|move|p1a: Toxapex|Hex|p2a: Grimmsnarl\n|-resisted|p2a: Grimmsnarl\n|-damage|p2a: Grimmsnarl|91\/100\n|\n|-weather|SunnyDay|[upkeep]\n|upkeep\n|turn|17\n|c|\u2606hanagakiUBD|Hex?\n|\n|t:|1698971293\n|-terastallize|p1a: Toxapex|Poison\n|move|p2a: Grimmsnarl|Light Screen|p2a: Grimmsnarl\n|-sidestart|p2: hanagakiUBD|move: Light Screen\n|cant|p1a: Toxapex|par\n|\n|-weather|none\n|upkeep\n|turn|18\n|\n|t:|1698971300\n|move|p2a: Grimmsnarl|Parting Shot|p1a: Toxapex\n|-unboost|p1a: Toxapex|atk|1\n|-unboost|p1a: Toxapex|spa|1\n|\n|t:|1698971302\n|switch|p2a: Rotom|Rotom-Wash|91\/100|[from] Parting Shot\n|move|p1a: Toxapex|Hex|p2a: Rotom\n|-damage|p2a: Rotom|88\/100\n|\n|upkeep\n|turn|19\n|\n|t:|1698971309\n|move|p2a: Rotom|Volt Switch|p1a: Toxapex\n|-damage|p1a: Toxapex|58\/100 par\n|\n|t:|1698971311\n|switch|p2a: Grimmsnarl|Grimmsnarl, M, shiny|91\/100|[from] Volt Switch\n|cant|p1a: Toxapex|par\n|\n|upkeep\n|turn|20\n|\n|t:|1698971318\n|move|p2a: Grimmsnarl|Parting Shot|p1a: Toxapex\n|-unboost|p1a: Toxapex|atk|1\n|-unboost|p1a: Toxapex|spa|1\n|\n|t:|1698971319\n|switch|p2a: Rotom|Rotom-Wash|88\/100|[from] Parting Shot\n|move|p1a: Toxapex|Hex|p2a: Rotom\n|-damage|p2a: Rotom|85\/100\n|\n|upkeep\n|turn|21\n|\n|t:|1698971332\n|move|p2a: Rotom|Volt Switch|p1a: Toxapex\n|-damage|p1a: Toxapex|44\/100 par\n|\n|t:|1698971334\n|switch|p2a: Grimmsnarl|Grimmsnarl, M, shiny|91\/100|[from] Volt Switch\n|move|p1a: Toxapex|Hex|p2a: Grimmsnarl\n|-resisted|p2a: Grimmsnarl\n|-damage|p2a: Grimmsnarl|90\/100\n|\n|upkeep\n|turn|22\n|\n|t:|1698971342\n|move|p2a: Grimmsnarl|Parting Shot|p1a: Toxapex\n|-unboost|p1a: Toxapex|atk|1\n|-unboost|p1a: Toxapex|spa|1\n|\n|t:|1698971344\n|switch|p2a: Rotom|Rotom-Wash|85\/100|[from] Parting Shot\n|move|p1a: Toxapex|Hex|p2a: Rotom\n|-damage|p2a: Rotom|83\/100\n|\n|upkeep\n|turn|23\n|-message|Red-XD-God forfeited.\n|\n|win|hanagakiUBD\n|l|\u2606Red-XD-God\n","uploadtime":1698971349,"views":9,"p1id":"redxdgod","p2id":"hanagakiubd","formatid":"gen9nationaldexubers","rating":0,"private":0,"password":""}