{"id":"gen9nationaldexubers-1987627129","p1":"Somebadguynoob","p2":"eshaan is awesom","format":"[Gen 9] National Dex Ubers","log":"|j|\u2606Somebadguynoob\n|j|\u2606eshaan is awesom\n|t:|1699621350\n|gametype|singles\n|player|p1|Somebadguynoob|102|1032\n|player|p2|eshaan is awesom|169|1151\n|teamsize|p1|6\n|teamsize|p2|6\n|gen|9\n|tier|[Gen 9] National Dex Ubers\n|rated|\n|rule|HP Percentage Mod: HP is shown in percentages\n|rule|Endless Battle Clause: Forcing endless battles is banned\n|rule|OHKO Clause: OHKO moves are banned\n|rule|Evasion Moves Clause: Evasion moves are banned\n|rule|Evasion Items Clause: Evasion items are banned\n|rule|Species Clause: Limit one of each Pok\u00e9mon\n|rule|Sleep Clause Mod: Limit one foe put to sleep\n|rule|Mega Rayquaza Clause: You cannot mega evolve Rayquaza\n|clearpoke\n|poke|p1|Typhlosion-Hisui, M|\n|poke|p1|Gyarados, M|\n|poke|p1|Palkia|\n|poke|p1|Galvantula, M|\n|poke|p1|Ferrothorn, M|\n|poke|p1|Cottonee, L1, F|\n|poke|p2|Umbreon, F|\n|poke|p2|Hydreigon, F|\n|poke|p2|Moltres|\n|poke|p2|Arcanine, F|\n|poke|p2|Alakazam, M|\n|poke|p2|Blastoise, M|\n|teampreview\n|\n|t:|1699621359\n|start\n|switch|p1a: Spider Spider|Galvantula, M|100\/100\n|switch|p2a: Moltres|Moltres|100\/100\n|-ability|p1a: Spider Spider|Unnerve\n|turn|1\n|\n|t:|1699621367\n|move|p1a: Spider Spider|Sticky Web|p2a: Moltres\n|-sidestart|p2: eshaan is awesom|move: Sticky Web\n|move|p2a: Moltres|Burn Up|p1a: Spider Spider\n|-supereffective|p1a: Spider Spider\n|-enditem|p1a: Spider Spider|Focus Sash\n|-damage|p1a: Spider Spider|1\/100\n|-start|p2a: Moltres|typechange|???\/Flying|[from] move: Burn Up\n|\n|upkeep\n|turn|2\n|\n|t:|1699621376\n|move|p1a: Spider Spider|Toxic|p2a: Moltres\n|-status|p2a: Moltres|tox\n|move|p2a: Moltres|Ancient Power|p1a: Spider Spider\n|-supereffective|p1a: Spider Spider\n|-damage|p1a: Spider Spider|0 fnt\n|faint|p1a: Spider Spider\n|\n|-damage|p2a: Moltres|94\/100 tox|[from] psn\n|upkeep\n|\n|t:|1699621388\n|switch|p1a: Quil|Typhlosion-Hisui, M|100\/100\n|turn|3\n|\n|t:|1699621400\n|move|p2a: Moltres|Ancient Power|p1a: Quil\n|-supereffective|p1a: Quil\n|-crit|p1a: Quil\n|-damage|p1a: Quil|16\/100\n|move|p1a: Quil|Flamethrower|p2a: Moltres\n|-damage|p2a: Moltres|42\/100 tox\n|\n|-damage|p2a: Moltres|29\/100 tox|[from] psn\n|upkeep\n|turn|4\n|\n|t:|1699621410\n|switch|p1a: Leech|Ferrothorn, M|100\/100\n|move|p2a: Moltres|Ancient Power|p1a: Leech\n|-resisted|p1a: Leech\n|-damage|p1a: Leech|93\/100\n|\n|-damage|p2a: Moltres|11\/100 tox|[from] psn\n|upkeep\n|turn|5\n|\n|t:|1699621418\n|move|p1a: Leech|Protect|p1a: Leech\n|-singleturn|p1a: Leech|Protect\n|move|p2a: Moltres|Flamethrower|p1a: Leech\n|-activate|p1a: Leech|move: Protect\n|\n|-damage|p2a: Moltres|0 fnt|[from] psn\n|faint|p2a: Moltres\n|upkeep\n|\n|t:|1699621433\n|switch|p2a: Umbreon|Umbreon, F|100\/100\n|-activate|p2a: Umbreon|move: Sticky Web\n|-unboost|p2a: Umbreon|spe|1\n|turn|6\n|\n|t:|1699621442\n|move|p2a: Umbreon|Protect|p2a: Umbreon\n|-singleturn|p2a: Umbreon|Protect\n|move|p1a: Leech|Leech Seed|p2a: Umbreon\n|-activate|p2a: Umbreon|move: Protect\n|\n|upkeep\n|turn|7\n|\n|t:|1699621451\n|switch|p1a: Gyarados|Gyarados, M|100\/100\n|move|p2a: Umbreon|Foul Play|p1a: Gyarados\n|-damage|p1a: Gyarados|34\/100\n|\n|upkeep\n|turn|8\n|\n|t:|1699621482\n|switch|p1a: Leech|Ferrothorn, M|93\/100\n|move|p2a: Umbreon|Foul Play|p1a: Leech\n|-damage|p1a: Leech|70\/100\n|-damage|p2a: Umbreon|88\/100|[from] ability: Iron Barbs|[of] p1a: Leech\n|-damage|p2a: Umbreon|72\/100|[from] item: Rocky Helmet|[of] p1a: Leech\n|\n|-heal|p2a: Umbreon|78\/100|[from] item: Leftovers\n|upkeep\n|turn|9\n|\n|t:|1699621495\n|move|p2a: Umbreon|Wish|p2a: Umbreon\n|move|p1a: Leech|Substitute|p1a: Leech\n|-start|p1a: Leech|Substitute\n|-damage|p1a: Leech|45\/100\n|\n|-heal|p2a: Umbreon|84\/100|[from] item: Leftovers\n|upkeep\n|turn|10\n|\n|t:|1699621510\n|switch|p2a: Blastoise|Blastoise, M|100\/100\n|-activate|p2a: Blastoise|move: Sticky Web\n|-unboost|p2a: Blastoise|spe|1\n|move|p1a: Leech|Leech Seed|p2a: Blastoise\n|-start|p2a: Blastoise|move: Leech Seed\n|\n|-damage|p2a: Blastoise|88\/100|[from] Leech Seed|[of] p1a: Leech\n|-heal|p1a: Leech|57\/100|[silent]\n|upkeep\n|turn|11\n|\n|t:|1699621519\n|move|p2a: Blastoise|Shell Smash|p2a: Blastoise\n|-unboost|p2a: Blastoise|def|1\n|-unboost|p2a: Blastoise|spd|1\n|-boost|p2a: Blastoise|atk|2\n|-boost|p2a: Blastoise|spa|2\n|-boost|p2a: Blastoise|spe|2\n|move|p1a: Leech|Leech Seed||[still]\n|-fail|p1a: Leech\n|\n|-damage|p2a: Blastoise|76\/100|[from] Leech Seed|[of] p1a: Leech\n|-heal|p1a: Leech|68\/100|[silent]\n|upkeep\n|turn|12\n|\n|t:|1699621529\n|move|p2a: Blastoise|Shell Smash|p2a: Blastoise\n|-unboost|p2a: Blastoise|def|1\n|-unboost|p2a: Blastoise|spd|1\n|-boost|p2a: Blastoise|atk|2\n|-boost|p2a: Blastoise|spa|2\n|-boost|p2a: Blastoise|spe|2\n|move|p1a: Leech|Power Whip|p2a: Blastoise\n|-supereffective|p2a: Blastoise\n|-damage|p2a: Blastoise|0 fnt\n|faint|p2a: Blastoise\n|\n|upkeep\n|\n|t:|1699621543\n|switch|p2a: Hydreigon|Hydreigon, F|100\/100\n|turn|13\n|\n|t:|1699621546\n|move|p2a: Hydreigon|Flamethrower|p1a: Leech\n|-supereffective|p1a: Leech\n|-end|p1a: Leech|Substitute\n|move|p1a: Leech|Leech Seed|p2a: Hydreigon\n|-start|p2a: Hydreigon|move: Leech Seed\n|\n|-damage|p2a: Hydreigon|88\/100|[from] Leech Seed|[of] p1a: Leech\n|-heal|p1a: Leech|80\/100|[silent]\n|upkeep\n|turn|14\n|\n|t:|1699621553\n|-terastallize|p1a: Leech|Rock\n|move|p2a: Hydreigon|Flamethrower|p1a: Leech\n|-resisted|p1a: Leech\n|-damage|p1a: Leech|68\/100\n|move|p1a: Leech|Substitute|p1a: Leech\n|-start|p1a: Leech|Substitute\n|-damage|p1a: Leech|43\/100\n|\n|-damage|p2a: Hydreigon|76\/100|[from] Leech Seed|[of] p1a: Leech\n|-heal|p1a: Leech|55\/100|[silent]\n|upkeep\n|turn|15\n|\n|t:|1699621565\n|move|p2a: Hydreigon|Surf|p1a: Leech\n|-supereffective|p1a: Leech\n|-end|p1a: Leech|Substitute\n|move|p1a: Leech|Leech Seed||[still]\n|-fail|p1a: Leech\n|\n|-damage|p2a: Hydreigon|64\/100|[from] Leech Seed|[of] p1a: Leech\n|-heal|p1a: Leech|67\/100|[silent]\n|upkeep\n|turn|16\n|\n|t:|1699621572\n|move|p1a: Leech|Protect|p1a: Leech\n|-singleturn|p1a: Leech|Protect\n|move|p2a: Hydreigon|Surf|p1a: Leech\n|-activate|p1a: Leech|move: Protect\n|\n|-damage|p2a: Hydreigon|51\/100|[from] Leech Seed|[of] p1a: Leech\n|-heal|p1a: Leech|79\/100|[silent]\n|upkeep\n|turn|17\n|\n|t:|1699621579\n|switch|p1a: Gyarados|Gyarados, M|34\/100\n|move|p2a: Hydreigon|Surf|p1a: Gyarados\n|-resisted|p1a: Gyarados\n|-damage|p1a: Gyarados|18\/100\n|\n|-damage|p2a: Hydreigon|39\/100|[from] Leech Seed|[of] p1a: Gyarados\n|-heal|p1a: Gyarados|30\/100|[silent]\n|upkeep\n|turn|18\n|\n|t:|1699621591\n|switch|p1a: Leech|Ferrothorn, M, tera:Rock|79\/100\n|move|p2a: Hydreigon|Dragon Pulse|p1a: Leech\n|-damage|p1a: Leech|47\/100\n|\n|-damage|p2a: Hydreigon|27\/100|[from] Leech Seed|[of] p1a: Leech\n|-heal|p1a: Leech|59\/100|[silent]\n|upkeep\n|turn|19\n|\n|t:|1699621606\n|move|p1a: Leech|Protect|p1a: Leech\n|-singleturn|p1a: Leech|Protect\n|move|p2a: Hydreigon|Surf|p1a: Leech\n|-activate|p1a: Leech|move: Protect\n|\n|-damage|p2a: Hydreigon|14\/100|[from] Leech Seed|[of] p1a: Leech\n|-heal|p1a: Leech|71\/100|[silent]\n|upkeep\n|turn|20\n|\n|t:|1699621633\n|switch|p1a: Paul|Palkia|100\/100\n|-ability|p1a: Paul|Pressure\n|move|p2a: Hydreigon|Dragon Pulse|p1a: Paul\n|-supereffective|p1a: Paul\n|-damage|p1a: Paul|21\/100\n|\n|-damage|p2a: Hydreigon|2\/100|[from] Leech Seed|[of] p1a: Paul\n|-heal|p1a: Paul|34\/100|[silent]\n|upkeep\n|turn|21\n|\n|t:|1699621650\n|move|p2a: Hydreigon|Dragon Pulse|p1a: Paul\n|-supereffective|p1a: Paul\n|-damage|p1a: Paul|0 fnt\n|faint|p1a: Paul\n|\n|upkeep\n|\n|t:|1699621655\n|switch|p1a: Leech|Ferrothorn, M, tera:Rock|71\/100\n|turn|22\n|\n|t:|1699621661\n|move|p1a: Leech|Protect|p1a: Leech\n|-singleturn|p1a: Leech|Protect\n|move|p2a: Hydreigon|Surf|p1a: Leech\n|-activate|p1a: Leech|move: Protect\n|\n|-damage|p2a: Hydreigon|0 fnt|[from] Leech Seed|[of] p1a: Leech\n|-heal|p1a: Leech|73\/100|[silent]\n|faint|p2a: Hydreigon\n|upkeep\n|\n|t:|1699621674\n|switch|p2a: Umbreon|Umbreon, F|84\/100\n|-activate|p2a: Umbreon|move: Sticky Web\n|-unboost|p2a: Umbreon|spe|1\n|turn|23\n|\n|t:|1699621681\n|move|p2a: Umbreon|Toxic|p1a: Leech\n|-status|p1a: Leech|tox\n|move|p1a: Leech|Leech Seed|p2a: Umbreon\n|-start|p2a: Umbreon|move: Leech Seed\n|\n|-heal|p2a: Umbreon|90\/100|[from] item: Leftovers\n|-damage|p2a: Umbreon|77\/100|[from] Leech Seed|[of] p1a: Leech\n|-heal|p1a: Leech|88\/100 tox|[silent]\n|-damage|p1a: Leech|82\/100 tox|[from] psn\n|upkeep\n|turn|24\n|\n|t:|1699621691\n|move|p2a: Umbreon|Wish|p2a: Umbreon\n|move|p1a: Leech|Power Whip|p2a: Umbreon\n|-damage|p2a: Umbreon|44\/100\n|\n|-heal|p2a: Umbreon|50\/100|[from] item: Leftovers\n|-damage|p2a: Umbreon|38\/100|[from] Leech Seed|[of] p1a: Leech\n|-heal|p1a: Leech|96\/100 tox|[silent]\n|-damage|p1a: Leech|84\/100 tox|[from] psn\n|upkeep\n|turn|25\n|\n|t:|1699621704\n|move|p2a: Umbreon|Protect|p2a: Umbreon\n|-singleturn|p2a: Umbreon|Protect\n|move|p1a: Leech|Power Whip|p2a: Umbreon\n|-activate|p2a: Umbreon|move: Protect\n|\n|-heal|p2a: Umbreon|88\/100|[from] move: Wish|[wisher] Umbreon\n|-heal|p2a: Umbreon|94\/100|[from] item: Leftovers\n|-damage|p2a: Umbreon|82\/100|[from] Leech Seed|[of] p1a: Leech\n|-heal|p1a: Leech|99\/100 tox|[silent]\n|-damage|p1a: Leech|81\/100 tox|[from] psn\n|upkeep\n|turn|26\n|\n|t:|1699621716\n|switch|p1a: sUKA|Cottonee, L1, F, shiny|100\/100\n|move|p2a: Umbreon|Wish|p2a: Umbreon\n|\n|-heal|p2a: Umbreon|88\/100|[from] item: Leftovers\n|-damage|p2a: Umbreon|75\/100|[from] Leech Seed|[of] p1a: sUKA\n|upkeep\n|turn|27\n|\n|t:|1699621727\n|switch|p2a: Arcanine|Arcanine, F|100\/100\n|-activate|p2a: Arcanine|move: Sticky Web\n|-unboost|p2a: Arcanine|spe|1\n|-ability|p2a: Arcanine|Intimidate|boost\n|-unboost|p1a: sUKA|atk|1\n|move|p1a: sUKA|Toxic|p2a: Arcanine\n|-status|p2a: Arcanine|tox\n|\n|-damage|p2a: Arcanine|94\/100 tox|[from] psn\n|upkeep\n|turn|28\n|\n|t:|1699621738\n|move|p1a: sUKA|Protect|p1a: sUKA\n|-singleturn|p1a: sUKA|Protect\n|move|p2a: Arcanine|Flare Blitz|p1a: sUKA\n|-activate|p1a: sUKA|move: Protect\n|\n|-damage|p2a: Arcanine|82\/100 tox|[from] psn\n|upkeep\n|turn|29\n|\n|t:|1699621747\n|move|p1a: sUKA|Leech Seed|p2a: Arcanine\n|-start|p2a: Arcanine|move: Leech Seed\n|move|p2a: Arcanine|Flare Blitz|p1a: sUKA\n|-supereffective|p1a: sUKA\n|-enditem|p1a: sUKA|Focus Sash\n|-damage|p1a: sUKA|9\/100\n|-damage|p2a: Arcanine|81\/100 tox|[from] Recoil\n|\n|-damage|p2a: Arcanine|68\/100 tox|[from] Leech Seed|[of] p1a: sUKA\n|-heal|p1a: sUKA|100\/100|[silent]\n|-damage|p2a: Arcanine|49\/100 tox|[from] psn\n|upkeep\n|turn|30\n|\n|t:|1699621759\n|move|p2a: Arcanine|Extreme Speed|p1a: sUKA\n|-damage|p1a: sUKA|0 fnt\n|faint|p1a: sUKA\n|\n|-damage|p2a: Arcanine|24\/100 tox|[from] psn\n|upkeep\n|\n|t:|1699621765\n|switch|p1a: Leech|Ferrothorn, M, tera:Rock|81\/100 tox\n|turn|31\n|\n|t:|1699621772\n|move|p2a: Arcanine|Close Combat|p1a: Leech\n|-supereffective|p1a: Leech\n|-damage|p1a: Leech|29\/100 tox\n|-unboost|p2a: Arcanine|def|1\n|-unboost|p2a: Arcanine|spd|1\n|-damage|p2a: Arcanine|12\/100 tox|[from] ability: Iron Barbs|[of] p1a: Leech\n|-damage|p2a: Arcanine|0 fnt|[from] item: Rocky Helmet|[of] p1a: Leech\n|faint|p2a: Arcanine\n|move|p1a: Leech|Power Whip|p2: Arcanine|[notarget]\n|-fail|p1a: Leech\n|\n|-damage|p1a: Leech|22\/100 tox|[from] psn\n|upkeep\n|\n|t:|1699621784\n|switch|p2a: Umbreon|Umbreon, F|75\/100\n|-activate|p2a: Umbreon|move: Sticky Web\n|-unboost|p2a: Umbreon|spe|1\n|turn|32\n|\n|t:|1699621790\n|move|p2a: Umbreon|Wish|p2a: Umbreon\n|move|p1a: Leech|Leech Seed|p2a: Umbreon\n|-start|p2a: Umbreon|move: Leech Seed\n|\n|-heal|p2a: Umbreon|81\/100|[from] item: Leftovers\n|-damage|p2a: Umbreon|69\/100|[from] Leech Seed|[of] p1a: Leech\n|-heal|p1a: Leech|37\/100 tox|[silent]\n|-damage|p1a: Leech|25\/100 tox|[from] psn\n|upkeep\n|turn|33\n|\n|t:|1699621803\n|move|p2a: Umbreon|Protect|p2a: Umbreon\n|-singleturn|p2a: Umbreon|Protect\n|move|p1a: Leech|Protect||[still]\n|-fail|p1a: Leech\n|\n|-heal|p2a: Umbreon|100\/100|[from] move: Wish|[wisher] Umbreon\n|-damage|p2a: Umbreon|88\/100|[from] Leech Seed|[of] p1a: Leech\n|-heal|p1a: Leech|40\/100 tox|[silent]\n|-damage|p1a: Leech|22\/100 tox|[from] psn\n|upkeep\n|turn|34\n|\n|t:|1699621817\n|move|p2a: Umbreon|Wish|p2a: Umbreon\n|move|p1a: Leech|Power Whip|p2a: Umbreon\n|-damage|p2a: Umbreon|57\/100\n|\n|-heal|p2a: Umbreon|63\/100|[from] item: Leftovers\n|-damage|p2a: Umbreon|50\/100|[from] Leech Seed|[of] p1a: Leech\n|-heal|p1a: Leech|37\/100 tox|[silent]\n|-damage|p1a: Leech|13\/100 tox|[from] psn\n|upkeep\n|turn|35\n|\n|t:|1699621830\n|switch|p1a: Gyarados|Gyarados, M|30\/100\n|move|p2a: Umbreon|Protect||[still]\n|-fail|p2a: Umbreon\n|\n|-heal|p2a: Umbreon|99\/100|[from] move: Wish|[wisher] Umbreon\n|-heal|p2a: Umbreon|100\/100|[from] item: Leftovers\n|-damage|p2a: Umbreon|88\/100|[from] Leech Seed|[of] p1a: Gyarados\n|-heal|p1a: Gyarados|45\/100|[silent]\n|upkeep\n|turn|36\n|\n|t:|1699621841\n|-zpower|p1a: Gyarados\n|move|p1a: Gyarados|Z-Celebrate|p1a: Gyarados|[anim]Celebrate\n|-boost|p1a: Gyarados|atk|1|[zeffect]\n|-boost|p1a: Gyarados|def|1|[zeffect]\n|-boost|p1a: Gyarados|spa|1|[zeffect]\n|-boost|p1a: Gyarados|spd|1|[zeffect]\n|-boost|p1a: Gyarados|spe|1|[zeffect]\n|-activate|p1a: Gyarados|move: Celebrate\n|move|p2a: Umbreon|Toxic|p1a: Gyarados\n|-status|p1a: Gyarados|tox\n|\n|-heal|p2a: Umbreon|94\/100|[from] item: Leftovers\n|-damage|p2a: Umbreon|82\/100|[from] Leech Seed|[of] p1a: Gyarados\n|-heal|p1a: Gyarados|59\/100 tox|[silent]\n|-damage|p1a: Gyarados|53\/100 tox|[from] psn\n|upkeep\n|turn|37\n|c|\u2606Somebadguynoob|you are cornered\n|\n|t:|1699621889\n|move|p1a: Gyarados|Earthquake|p2a: Umbreon\n|-damage|p2a: Umbreon|36\/100\n|move|p2a: Umbreon|Foul Play|p1a: Gyarados\n|-damage|p1a: Gyarados|0 fnt\n|faint|p1a: Gyarados\n|\n|-heal|p2a: Umbreon|42\/100|[from] item: Leftovers\n|upkeep\n|c|\u2606Somebadguynoob|ow\n|c|\u2606Somebadguynoob|umbreon has nuts defense\n|\n|t:|1699621912\n|switch|p1a: Leech|Ferrothorn, M, tera:Rock|13\/100 tox\n|turn|38\n|\n|t:|1699621918\n|move|p2a: Umbreon|Wish|p2a: Umbreon\n|move|p1a: Leech|Power Whip|p2a: Umbreon\n|-damage|p2a: Umbreon|9\/100\n|\n|-heal|p2a: Umbreon|15\/100|[from] item: Leftovers\n|-damage|p2a: Umbreon|3\/100|[from] Leech Seed|[of] p1a: Leech\n|-heal|p1a: Leech|27\/100 tox|[silent]\n|-damage|p1a: Leech|21\/100 tox|[from] psn\n|upkeep\n|turn|39\n|\n|t:|1699621938\n|move|p2a: Umbreon|Protect|p2a: Umbreon\n|-singleturn|p2a: Umbreon|Protect\n|move|p1a: Leech|Protect||[still]\n|-fail|p1a: Leech\n|\n|-heal|p2a: Umbreon|53\/100|[from] move: Wish|[wisher] Umbreon\n|-heal|p2a: Umbreon|59\/100|[from] item: Leftovers\n|-damage|p2a: Umbreon|46\/100|[from] Leech Seed|[of] p1a: Leech\n|-heal|p1a: Leech|36\/100 tox|[silent]\n|-damage|p1a: Leech|24\/100 tox|[from] psn\n|upkeep\n|turn|40\n|\n|t:|1699621953\n|switch|p1a: Quil|Typhlosion-Hisui, M|16\/100\n|-item|p2a: Umbreon|Leftovers|[from] ability: Frisk|[of] p1a: Quil|[identify]\n|move|p2a: Umbreon|Wish|p2a: Umbreon\n|\n|-heal|p2a: Umbreon|52\/100|[from] item: Leftovers\n|-damage|p2a: Umbreon|40\/100|[from] Leech Seed|[of] p1a: Quil\n|-heal|p1a: Quil|33\/100|[silent]\n|upkeep\n|turn|41\n|\n|t:|1699621963\n|move|p1a: Quil|Protect|p1a: Quil\n|-singleturn|p1a: Quil|Protect\n|move|p2a: Umbreon|Foul Play|p1a: Quil\n|-activate|p1a: Quil|move: Protect\n|\n|-heal|p2a: Umbreon|90\/100|[from] move: Wish|[wisher] Umbreon\n|-heal|p2a: Umbreon|96\/100|[from] item: Leftovers\n|-damage|p2a: Umbreon|83\/100|[from] Leech Seed|[of] p1a: Quil\n|-heal|p1a: Quil|50\/100|[silent]\n|upkeep\n|turn|42\n|\n|t:|1699621976\n|switch|p1a: Leech|Ferrothorn, M, tera:Rock|24\/100 tox\n|move|p2a: Umbreon|Foul Play|p1a: Leech\n|-damage|p1a: Leech|0 fnt\n|-damage|p2a: Umbreon|71\/100|[from] ability: Iron Barbs|[of] p1a: Leech\n|-damage|p2a: Umbreon|55\/100|[from] item: Rocky Helmet|[of] p1a: Leech\n|faint|p1a: Leech\n|\n|-heal|p2a: Umbreon|61\/100|[from] item: Leftovers\n|upkeep\n|\n|t:|1699621985\n|switch|p1a: Quil|Typhlosion-Hisui, M|50\/100\n|-item|p2a: Umbreon|Leftovers|[from] ability: Frisk|[of] p1a: Quil|[identify]\n|turn|43\n|c|\u2606eshaan is awesom|umbreon sweep?\n|\n|t:|1699621994\n|move|p1a: Quil|Protect|p1a: Quil\n|-singleturn|p1a: Quil|Protect\n|move|p2a: Umbreon|Foul Play|p1a: Quil\n|-activate|p1a: Quil|move: Protect\n|\n|-heal|p2a: Umbreon|67\/100|[from] item: Leftovers\n|-damage|p2a: Umbreon|54\/100|[from] Leech Seed|[of] p1a: Quil\n|-heal|p1a: Quil|67\/100|[silent]\n|upkeep\n|turn|44\n|c|\u2606Somebadguynoob|kinda\n|c|\u2606Somebadguynoob|gg\n|\n|t:|1699622004\n|move|p1a: Quil|Flamethrower|p2a: Umbreon\n|-crit|p2a: Umbreon\n|-damage|p2a: Umbreon|20\/100\n|move|p2a: Umbreon|Toxic|p1a: Quil\n|-status|p1a: Quil|tox\n|\n|-heal|p2a: Umbreon|26\/100|[from] item: Leftovers\n|-damage|p2a: Umbreon|13\/100|[from] Leech Seed|[of] p1a: Quil\n|-heal|p1a: Quil|84\/100 tox|[silent]\n|-damage|p1a: Quil|79\/100 tox|[from] psn\n|upkeep\n|turn|45\n|\n|t:|1699622018\n|move|p1a: Quil|Flamethrower|p2a: Umbreon\n|-damage|p2a: Umbreon|0 fnt\n|faint|p2a: Umbreon\n|\n|-damage|p1a: Quil|67\/100 tox|[from] psn\n|upkeep\n|\n|t:|1699622025\n|switch|p2a: Alakazam|Alakazam, M|100\/100\n|-activate|p2a: Alakazam|move: Sticky Web\n|-unboost|p2a: Alakazam|spe|1\n|turn|46\n|c|\u2606Somebadguynoob|well alakazam is to fast\n|c|\u2606Somebadguynoob|i lost\n|c|\u2606Somebadguynoob|gg\n|c|\u2606eshaan is awesom|gg\n|\n|t:|1699622055\n|detailschange|p2a: Alakazam|Alakazam-Mega, M\n|-mega|p2a: Alakazam|Alakazam|Alakazite\n|-item|p1a: Quil|Heavy-Duty Boots|[from] ability: Frisk|[of] p2a: Alakazam|[identify]\n|-ability|p2a: Alakazam|Frisk|[from] ability: Trace|[of] p1a: Quil\n|move|p2a: Alakazam|Shadow Ball|p1a: Quil\n|-supereffective|p1a: Quil\n|-damage|p1a: Quil|0 fnt\n|faint|p1a: Quil\n|\n|win|eshaan is awesom\n|raw|Somebadguynoob's rating: 1032 &rarr; <strong>1021<\/strong><br \/>(-11 for losing)\n|raw|eshaan is awesom's rating: 1133 &rarr; <strong>1151<\/strong><br \/>(+18 for winning)\n|l|\u2606Somebadguynoob\n|c|\u2606eshaan is awesom|good game\n","uploadtime":1699622076,"views":14,"p1id":"somebadguynoob","p2id":"eshaanisawesom","formatid":"gen9nationaldexubers","rating":1021,"private":0,"password":""}