{"id":"gen9nationaldexubers-1994385404","p1":"ash ketchum299","p2":"Sing & Play","format":"[Gen 9] National Dex Ubers","log":"|j|\u2606ash ketchum299\n|j|\u2606Sing & Play\n|t:|1700437882\n|gametype|singles\n|player|p1|ash ketchum299|ash|1165\n|player|p2|Sing & Play|veteranf|1074\n|teamsize|p1|6\n|teamsize|p2|6\n|gen|9\n|tier|[Gen 9] National Dex Ubers\n|rated|\n|rule|HP Percentage Mod: HP is shown in percentages\n|rule|Endless Battle Clause: Forcing endless battles is banned\n|rule|OHKO Clause: OHKO moves are banned\n|rule|Evasion Moves Clause: Evasion moves are banned\n|rule|Evasion Items Clause: Evasion items are banned\n|rule|Species Clause: Limit one of each Pok\u00e9mon\n|rule|Sleep Clause Mod: Limit one foe put to sleep\n|rule|Mega Rayquaza Clause: You cannot mega evolve Rayquaza\n|clearpoke\n|poke|p1|Greninja-*, M|\n|poke|p1|Charizard, M|\n|poke|p1|Krookodile, M|\n|poke|p1|Sceptile, M|\n|poke|p1|Infernape, M|\n|poke|p1|Lucario, M|\n|poke|p2|Hawlucha, M|\n|poke|p2|Clefable, F|\n|poke|p2|Amoonguss, F|\n|poke|p2|Chandelure, M|\n|poke|p2|Unfezant, F|\n|poke|p2|Seismitoad, M|\n|teampreview\n|\n|t:|1700437893\n|start\n|switch|p1a: Charizard|Charizard, M|100\/100\n|switch|p2a: Seismitoad|Seismitoad, M|100\/100\n|turn|1\n|inactive|Battle timer is ON: inactive players will automatically lose when time's up. (requested by ash ketchum299)\n|\n|t:|1700437912\n|switch|p1a: Sceptile|Sceptile, M|100\/100\n|move|p2a: Seismitoad|Stealth Rock|p1a: Sceptile\n|-sidestart|p1: ash ketchum299|move: Stealth Rock\n|\n|upkeep\n|turn|2\n|\n|t:|1700437933\n|switch|p2a: Hawlucha|Hawlucha, M|100\/100\n|-ability|p2a: Hawlucha|Mold Breaker\n|move|p1a: Sceptile|Swords Dance|p1a: Sceptile\n|-boost|p1a: Sceptile|atk|2\n|\n|upkeep\n|turn|3\n|\n|t:|1700437944\n|move|p1a: Sceptile|Leaf Blade|p2a: Hawlucha\n|-resisted|p2a: Hawlucha\n|-damage|p2a: Hawlucha|53\/100\n|move|p2a: Hawlucha|Brave Bird|p1a: Sceptile\n|-supereffective|p1a: Sceptile\n|-enditem|p1a: Sceptile|Focus Sash\n|-damage|p1a: Sceptile|1\/100\n|-damage|p2a: Hawlucha|22\/100|[from] Recoil\n|\n|upkeep\n|turn|4\n|inactive|Sing & Play has 120 seconds left.\n|\n|t:|1700437969\n|move|p1a: Sceptile|Thunder Punch|p2a: Hawlucha\n|-supereffective|p2a: Hawlucha\n|-damage|p2a: Hawlucha|0 fnt\n|faint|p2a: Hawlucha\n|\n|upkeep\n|inactive|Sing & Play has 120 seconds left.\n|\n|t:|1700437989\n|switch|p2a: Amoonguss|Amoonguss, F|100\/100\n|turn|5\n|\n|t:|1700437999\n|move|p1a: Sceptile|Earthquake|p2a: Amoonguss\n|-damage|p2a: Amoonguss|63\/100\n|move|p2a: Amoonguss|Sludge Bomb|p1a: Sceptile\n|-supereffective|p1a: Sceptile\n|-damage|p1a: Sceptile|0 fnt\n|faint|p1a: Sceptile\n|\n|-heal|p2a: Amoonguss|69\/100|[from] item: Leftovers\n|upkeep\n|\n|t:|1700438010\n|switch|p1a: Infernape|Infernape, M|100\/100\n|-damage|p1a: Infernape|88\/100|[from] Stealth Rock\n|turn|6\n|inactive|Sing & Play has 120 seconds left.\n|\n|t:|1700438024\n|-terastallize|p2a: Amoonguss|Water\n|move|p1a: Infernape|Flare Blitz|p2a: Amoonguss\n|-resisted|p2a: Amoonguss\n|-damage|p2a: Amoonguss|48\/100\n|-damage|p1a: Infernape|78\/100|[from] Recoil\n|move|p2a: Amoonguss|Spore|p1a: Infernape\n|-status|p1a: Infernape|slp|[from] move: Spore\n|\n|-heal|p2a: Amoonguss|54\/100|[from] item: Leftovers\n|upkeep\n|turn|7\n|inactive|Sing & Play has 120 seconds left.\n|\n|t:|1700438048\n|cant|p1a: Infernape|slp\n|move|p2a: Amoonguss|Synthesis|p2a: Amoonguss\n|-heal|p2a: Amoonguss|100\/100\n|\n|upkeep\n|turn|8\n|inactive|Sing & Play has 120 seconds left.\n|\n|t:|1700438053\n|cant|p1a: Infernape|slp\n|move|p2a: Amoonguss|Sludge Bomb|p1a: Infernape\n|-damage|p1a: Infernape|36\/100 slp\n|\n|upkeep\n|turn|9\n|\n|t:|1700438058\n|cant|p1a: Infernape|slp\n|move|p2a: Amoonguss|Sludge Bomb|p1a: Infernape\n|-damage|p1a: Infernape|0 fnt\n|faint|p1a: Infernape\n|\n|upkeep\n|\n|t:|1700438081\n|switch|p1a: Lucario|Lucario, M|100\/100\n|-damage|p1a: Lucario|98\/100|[from] Stealth Rock\n|turn|10\n|\n|t:|1700438096\n|detailschange|p1a: Lucario|Lucario-Mega, M\n|-mega|p1a: Lucario|Lucario|Lucarionite\n|move|p1a: Lucario|Swords Dance|p1a: Lucario\n|-boost|p1a: Lucario|atk|2\n|move|p2a: Amoonguss|Spore|p1a: Lucario\n|-status|p1a: Lucario|slp|[from] move: Spore\n|\n|upkeep\n|turn|11\n|\n|t:|1700438116\n|switch|p2a: Chandelure|Chandelure, M|100\/100\n|cant|p1a: Lucario|slp\n|\n|upkeep\n|turn|12\n|\n|t:|1700438124\n|switch|p1a: Krookodile|Krookodile, M|100\/100\n|-damage|p1a: Krookodile|94\/100|[from] Stealth Rock\n|-ability|p1a: Krookodile|Intimidate|boost\n|-unboost|p2a: Chandelure|atk|1\n|move|p2a: Chandelure|Substitute|p2a: Chandelure\n|-start|p2a: Chandelure|Substitute\n|-damage|p2a: Chandelure|76\/100\n|\n|upkeep\n|turn|13\n|\n|t:|1700438133\n|move|p2a: Chandelure|Energy Ball|p1a: Krookodile\n|-supereffective|p1a: Krookodile\n|-damage|p1a: Krookodile|11\/100\n|move|p1a: Krookodile|Earthquake|p2a: Chandelure\n|-supereffective|p2a: Chandelure\n|-end|p2a: Chandelure|Substitute\n|\n|upkeep\n|turn|14\n|\n|t:|1700438142\n|switch|p1a: Charizard|Charizard, M|100\/100\n|-damage|p1a: Charizard|50\/100|[from] Stealth Rock\n|move|p2a: Chandelure|Substitute|p2a: Chandelure\n|-start|p2a: Chandelure|Substitute\n|-damage|p2a: Chandelure|51\/100\n|\n|upkeep\n|turn|15\n|\n|t:|1700438150\n|move|p1a: Charizard|Scorching Sands|p2a: Chandelure\n|-supereffective|p2a: Chandelure\n|-end|p2a: Chandelure|Substitute\n|-damage|p1a: Charizard|41\/100|[from] item: Life Orb\n|move|p2a: Chandelure|Shadow Ball|p1a: Charizard\n|-damage|p1a: Charizard|0 fnt\n|faint|p1a: Charizard\n|\n|upkeep\n|\n|t:|1700438159\n|switch|p1a: Greninja|Greninja, M|100\/100\n|-damage|p1a: Greninja|88\/100|[from] Stealth Rock\n|turn|16\n|\n|t:|1700438174\n|switch|p2a: Amoonguss|Amoonguss, F, tera:Water|100\/100\n|move|p1a: Greninja|Waterfall|p2a: Amoonguss\n|-resisted|p2a: Amoonguss\n|-damage|p2a: Amoonguss|87\/100\n|\n|-heal|p2a: Amoonguss|94\/100|[from] item: Leftovers\n|upkeep\n|turn|17\n|\n|t:|1700438187\n|move|p1a: Greninja|U-turn|p2a: Amoonguss\n|-damage|p2a: Amoonguss|79\/100\n|\n|t:|1700438199\n|switch|p1a: Lucario|Lucario-Mega, M|98\/100 slp|[from] U-turn\n|-damage|p1a: Lucario|95\/100 slp|[from] Stealth Rock\n|move|p2a: Amoonguss|Energy Ball|p1a: Lucario\n|-resisted|p1a: Lucario\n|-damage|p1a: Lucario|73\/100 slp\n|\n|-heal|p2a: Amoonguss|85\/100|[from] item: Leftovers\n|upkeep\n|turn|18\n|\n|t:|1700438215\n|cant|p1a: Lucario|slp\n|move|p2a: Amoonguss|Energy Ball|p1a: Lucario\n|-resisted|p1a: Lucario\n|-damage|p1a: Lucario|52\/100 slp\n|\n|-heal|p2a: Amoonguss|91\/100|[from] item: Leftovers\n|upkeep\n|turn|19\n|\n|t:|1700438225\n|cant|p1a: Lucario|slp\n|move|p2a: Amoonguss|Energy Ball|p1a: Lucario\n|-resisted|p1a: Lucario\n|-damage|p1a: Lucario|29\/100 slp\n|\n|-heal|p2a: Amoonguss|97\/100|[from] item: Leftovers\n|upkeep\n|turn|20\n|\n|t:|1700438233\n|-curestatus|p1a: Lucario|slp|[msg]\n|move|p1a: Lucario|Swords Dance|p1a: Lucario\n|-boost|p1a: Lucario|atk|2\n|move|p2a: Amoonguss|Energy Ball|p1a: Lucario\n|-resisted|p1a: Lucario\n|-damage|p1a: Lucario|6\/100\n|\n|-heal|p2a: Amoonguss|100\/100|[from] item: Leftovers\n|upkeep\n|turn|21\n|\n|t:|1700438246\n|move|p1a: Lucario|Close Combat|p2a: Amoonguss\n|-damage|p2a: Amoonguss|0 fnt\n|-unboost|p1a: Lucario|def|1\n|-unboost|p1a: Lucario|spd|1\n|-status|p1a: Lucario|slp|[from] ability: Effect Spore|[of] p2a: Amoonguss\n|faint|p2a: Amoonguss\n|\n|upkeep\n|\n|t:|1700438260\n|switch|p2a: Chandelure|Chandelure, M|51\/100\n|turn|22\n|\n|t:|1700438267\n|cant|p1a: Lucario|slp\n|move|p2a: Chandelure|Substitute|p2a: Chandelure\n|-start|p2a: Chandelure|Substitute\n|-damage|p2a: Chandelure|26\/100\n|\n|upkeep\n|turn|23\n|\n|t:|1700438281\n|cant|p1a: Lucario|slp\n|move|p2a: Chandelure|Energy Ball|p1a: Lucario\n|-resisted|p1a: Lucario\n|-damage|p1a: Lucario|0 fnt\n|faint|p1a: Lucario\n|\n|upkeep\n|\n|t:|1700438290\n|switch|p1a: Greninja|Greninja, M|88\/100\n|-damage|p1a: Greninja|76\/100|[from] Stealth Rock\n|turn|24\n|\n|t:|1700438298\n|-terastallize|p1a: Greninja|Flying\n|move|p1a: Greninja|Aerial Ace|p2a: Chandelure\n|-end|p2a: Chandelure|Substitute\n|move|p2a: Chandelure|Energy Ball|p1a: Greninja\n|-resisted|p1a: Greninja\n|-damage|p1a: Greninja|48\/100\n|\n|upkeep\n|turn|25\n|inactive|Sing & Play has 120 seconds left.\n|inactive|Sing & Play has 90 seconds left.\n|\n|t:|1700438362\n|move|p1a: Greninja|Waterfall|p2a: Chandelure\n|-supereffective|p2a: Chandelure\n|-damage|p2a: Chandelure|0 fnt\n|faint|p2a: Chandelure\n|-ability|p1a: Greninja|Battle Bond|boost\n|-boost|p1a: Greninja|atk|1\n|-boost|p1a: Greninja|spa|1\n|-boost|p1a: Greninja|spe|1\n|-activate|p1a: Greninja|ability: Battle Bond\n|\n|upkeep\n|inactive|Sing & Play has 90 seconds left.\n|\n|t:|1700438382\n|switch|p2a: Seismitoad|Seismitoad, M|100\/100\n|turn|26\n|\n|t:|1700438392\n|move|p1a: Greninja|Waterfall|p2a: Seismitoad\n|-immune|p2a: Seismitoad|[from] ability: Water Absorb\n|move|p2a: Seismitoad|Scald|p1a: Greninja\n|-damage|p1a: Greninja|10\/100\n|-status|p1a: Greninja|brn\n|\n|-damage|p1a: Greninja|4\/100 brn|[from] brn\n|upkeep\n|turn|27\n|\n|t:|1700438403\n|move|p1a: Greninja|U-turn|p2a: Seismitoad\n|-damage|p2a: Seismitoad|88\/100\n|\n|t:|1700438406\n|switch|p1a: Krookodile|Krookodile, M|11\/100|[from] U-turn\n|-damage|p1a: Krookodile|5\/100|[from] Stealth Rock\n|-ability|p1a: Krookodile|Intimidate|boost\n|-unboost|p2a: Seismitoad|atk|1\n|move|p2a: Seismitoad|Scald|p1a: Krookodile\n|-supereffective|p1a: Krookodile\n|-damage|p1a: Krookodile|0 fnt\n|faint|p1a: Krookodile\n|\n|upkeep\n|\n|t:|1700438419\n|switch|p1a: Greninja|Greninja, M, tera:Flying|4\/100 brn\n|-damage|p1a: Greninja|0 fnt|[from] Stealth Rock\n|faint|p1a: Greninja\n|\n|win|Sing & Play\n|raw|ash ketchum299's rating: 1165 &rarr; <strong>1134<\/strong><br \/>(-31 for losing)\n|raw|Sing &amp; Play's rating: 1074 &rarr; <strong>1110<\/strong><br \/>(+36 for winning)\n","uploadtime":1700438426,"views":3,"p1id":"ashketchum299","p2id":"singplay","formatid":"gen9nationaldexubers","rating":1110,"private":0,"password":""}