{"id":"gen9nationaldexubers-2000559592","p1":"Halil66","p2":"Guj Genera","format":"[Gen 9] National Dex Ubers","log":"|j|\u2606Halil66\n|j|\u2606Guj Genera\n|t:|1701205316\n|gametype|singles\n|player|p1|Halil66|brock|1179\n|player|p2|Guj Genera|ash|1085\n|teamsize|p1|6\n|teamsize|p2|6\n|gen|9\n|tier|[Gen 9] National Dex Ubers\n|rated|\n|rule|HP Percentage Mod: HP is shown in percentages\n|rule|Endless Battle Clause: Forcing endless battles is banned\n|rule|OHKO Clause: OHKO moves are banned\n|rule|Evasion Moves Clause: Evasion moves are banned\n|rule|Evasion Items Clause: Evasion items are banned\n|rule|Species Clause: Limit one of each Pok\u00e9mon\n|rule|Sleep Clause Mod: Limit one foe put to sleep\n|rule|Mega Rayquaza Clause: You cannot mega evolve Rayquaza\n|clearpoke\n|poke|p1|Charizard, M|\n|poke|p1|Kyurem-Black|\n|poke|p1|Yveltal|\n|poke|p1|Lugia|\n|poke|p1|Melmetal|\n|poke|p1|Darkrai|\n|poke|p2|Melmetal|\n|poke|p2|Kleavor, M|\n|poke|p2|Garchomp, M|\n|poke|p2|Tapu Lele|\n|poke|p2|Regieleki|\n|poke|p2|Kingambit, F|\n|teampreview\n|inactive|Battle timer is ON: inactive players will automatically lose when time's up. (requested by Guj Genera)\n|\n|t:|1701205335\n|start\n|switch|p1a: Darkrai|Darkrai|100\/100\n|switch|p2a: Kleavor|Kleavor, M|100\/100\n|turn|1\n|\n|t:|1701205350\n|move|p2a: Kleavor|Stone Axe|p1a: Darkrai\n|-damage|p1a: Darkrai|32\/100\n|-sidestart|p1: Halil66|move: Stealth Rock\n|move|p1a: Darkrai|Ice Beam|p2a: Kleavor\n|-damage|p2a: Kleavor|50\/100\n|\n|upkeep\n|turn|2\n|\n|t:|1701205369\n|switch|p1a: Melmetal|Melmetal|100\/100\n|-damage|p1a: Melmetal|94\/100|[from] Stealth Rock\n|move|p2a: Kleavor|Stone Axe|p1a: Melmetal\n|-resisted|p1a: Melmetal\n|-damage|p1a: Melmetal|80\/100\n|\n|upkeep\n|turn|3\n|inactive|Halil66 has 120 seconds left.\n|\n|t:|1701205411\n|switch|p2a: Garchomp|Garchomp, M, shiny|100\/100\n|move|p1a: Melmetal|Double Iron Bash|p2a: Garchomp\n|-damage|p2a: Garchomp|52\/100\n|-damage|p1a: Melmetal|68\/100|[from] ability: Rough Skin|[of] p2a: Garchomp\n|-damage|p2a: Garchomp|7\/100\n|-damage|p1a: Melmetal|56\/100|[from] ability: Rough Skin|[of] p2a: Garchomp\n|-hitcount|p2a: Garchomp|2\n|\n|upkeep\n|turn|4\n|inactive|Halil66 has 90 seconds left.\n|\n|t:|1701205436\n|detailschange|p2a: Garchomp|Garchomp-Mega, M, shiny\n|-mega|p2a: Garchomp|Garchomp|Garchompite\n|move|p2a: Garchomp|Earthquake|p1a: Melmetal\n|-supereffective|p1a: Melmetal\n|-damage|p1a: Melmetal|0 fnt\n|faint|p1a: Melmetal\n|\n|upkeep\n|\n|t:|1701205445\n|switch|p1a: Yveltal|Yveltal|100\/100\n|-damage|p1a: Yveltal|76\/100|[from] Stealth Rock\n|-ability|p1a: Yveltal|Dark Aura\n|turn|5\n|inactive|Halil66 has 90 seconds left.\n|\n|t:|1701205451\n|move|p1a: Yveltal|Sucker Punch|p2a: Garchomp\n|-damage|p2a: Garchomp|0 fnt\n|faint|p2a: Garchomp\n|\n|-heal|p1a: Yveltal|82\/100|[from] item: Leftovers\n|upkeep\n|\n|t:|1701205454\n|switch|p2a: Kleavor|Kleavor, M|50\/100\n|turn|6\n|\n|t:|1701205461\n|move|p1a: Yveltal|Sucker Punch|p2a: Kleavor\n|-damage|p2a: Kleavor|0 fnt\n|faint|p2a: Kleavor\n|\n|-heal|p1a: Yveltal|88\/100|[from] item: Leftovers\n|upkeep\n|\n|t:|1701205467\n|switch|p2a: Tapu Lele|Tapu Lele, shiny|100\/100\n|-fieldstart|move: Psychic Terrain|[from] ability: Psychic Surge|[of] p2a: Tapu Lele\n|turn|7\n|inactive|Halil66 has 90 seconds left.\n|\n|t:|1701205510\n|move|p1a: Yveltal|Sucker Punch||[still]\n|-fail|p1a: Yveltal\n|move|p2a: Tapu Lele|Calm Mind|p2a: Tapu Lele\n|-boost|p2a: Tapu Lele|spa|1\n|-boost|p2a: Tapu Lele|spd|1\n|\n|-heal|p1a: Yveltal|94\/100|[from] item: Leftovers\n|upkeep\n|turn|8\n|\n|t:|1701205518\n|move|p1a: Yveltal|Knock Off|p2a: Tapu Lele\n|-damage|p2a: Tapu Lele|34\/100\n|move|p2a: Tapu Lele|Calm Mind|p2a: Tapu Lele\n|-boost|p2a: Tapu Lele|spa|1\n|-boost|p2a: Tapu Lele|spd|1\n|\n|-heal|p1a: Yveltal|99\/100|[from] item: Leftovers\n|upkeep\n|turn|9\n|\n|t:|1701205528\n|move|p1a: Yveltal|Knock Off|p2a: Tapu Lele\n|-damage|p2a: Tapu Lele|0 fnt\n|faint|p2a: Tapu Lele\n|\n|-heal|p1a: Yveltal|100\/100|[from] item: Leftovers\n|upkeep\n|\n|t:|1701205532\n|switch|p2a: Regieleki|Regieleki, shiny|100\/100\n|turn|10\n|inactive|Halil66 has 90 seconds left.\n|\n|t:|1701205548\n|move|p2a: Regieleki|Thunderbolt|p1a: Yveltal\n|-supereffective|p1a: Yveltal\n|-damage|p1a: Yveltal|0 fnt\n|faint|p1a: Yveltal\n|\n|upkeep\n|\n|t:|1701205568\n|switch|p1a: Kyurem|Kyurem-Black|100\/100\n|-damage|p1a: Kyurem|76\/100|[from] Stealth Rock\n|-ability|p1a: Kyurem|Teravolt\n|turn|11\n|\n|t:|1701205586\n|-terastallize|p1a: Kyurem|Electric\n|move|p2a: Regieleki|Thunderbolt|p1a: Kyurem\n|-resisted|p1a: Kyurem\n|-damage|p1a: Kyurem|38\/100\n|move|p1a: Kyurem|Dragon Claw|p2a: Regieleki\n|-damage|p2a: Regieleki|0 fnt\n|faint|p2a: Regieleki\n|\n|-fieldend|move: Psychic Terrain\n|upkeep\n|\n|t:|1701205593\n|switch|p2a: Melmetal|Melmetal, shiny|100\/100\n|turn|12\n|\n|t:|1701205603\n|move|p1a: Kyurem|Dragon Claw|p2a: Melmetal\n|-resisted|p2a: Melmetal\n|-damage|p2a: Melmetal|86\/100\n|move|p2a: Melmetal|Thunder Punch|p1a: Kyurem\n|-resisted|p1a: Kyurem\n|-damage|p1a: Kyurem|20\/100\n|\n|upkeep\n|turn|13\n|\n|t:|1701205620\n|move|p1a: Kyurem|Dragon Claw|p2a: Melmetal\n|-resisted|p2a: Melmetal\n|-damage|p2a: Melmetal|71\/100\n|move|p2a: Melmetal|Double Iron Bash|p1a: Kyurem\n|-resisted|p1a: Kyurem\n|-damage|p1a: Kyurem|0 fnt\n|faint|p1a: Kyurem\n|-hitcount|p1: Kyurem|1\n|\n|upkeep\n|inactive|Halil66 has 60 seconds left.\n|\n|t:|1701205649\n|switch|p1a: Charizard|Charizard, M|100\/100\n|-damage|p1a: Charizard|51\/100|[from] Stealth Rock\n|turn|14\n|inactive|Halil66 has 60 seconds left.\n|\n|t:|1701205655\n|detailschange|p1a: Charizard|Charizard-Mega-X, M\n|-mega|p1a: Charizard|Charizard|Charizardite X\n|move|p1a: Charizard|Flare Blitz|p2a: Melmetal\n|-supereffective|p2a: Melmetal\n|-damage|p2a: Melmetal|0 fnt\n|faint|p2a: Melmetal\n|-damage|p1a: Charizard|14\/100|[from] Recoil\n|\n|upkeep\n|\n|t:|1701205657\n|switch|p2a: Kingambit|Kingambit, F, shiny|100\/100\n|-activate|p2a: Kingambit|ability: Supreme Overlord\n|-start|p2a: Kingambit|fallen5|[silent]\n|turn|15\n|\n|t:|1701205669\n|move|p2a: Kingambit|Sucker Punch||[still]\n|-fail|p2a: Kingambit\n|move|p1a: Charizard|Roost|p1a: Charizard\n|-heal|p1a: Charizard|64\/100\n|-singleturn|p1a: Charizard|move: Roost\n|\n|upkeep\n|turn|16\n|\n|t:|1701205675\n|move|p2a: Kingambit|Sucker Punch||[still]\n|-fail|p2a: Kingambit\n|move|p1a: Charizard|Roost|p1a: Charizard\n|-heal|p1a: Charizard|100\/100\n|-singleturn|p1a: Charizard|move: Roost\n|\n|upkeep\n|turn|17\n|\n|t:|1701205683\n|move|p2a: Kingambit|Sucker Punch|p1a: Charizard\n|-damage|p1a: Charizard|19\/100\n|-damage|p2a: Kingambit|91\/100|[from] item: Life Orb\n|move|p1a: Charizard|Flare Blitz|p2a: Kingambit\n|-supereffective|p2a: Kingambit\n|-damage|p2a: Kingambit|0 fnt\n|faint|p2a: Kingambit\n|-end|p2a: Kingambit|fallen5|[silent]\n|-damage|p1a: Charizard|0 fnt|[from] Recoil\n|faint|p1a: Charizard\n|\n|win|Halil66\n|raw|Halil66's rating: 1179 &rarr; <strong>1197<\/strong><br \/>(+18 for winning)\n|raw|Guj Genera's rating: 1085 &rarr; <strong>1068<\/strong><br \/>(-17 for losing)\n|l|\u2606Guj Genera\n","uploadtime":1701205703,"views":1,"p1id":"halil66","p2id":"gujgenera","formatid":"gen9nationaldexubers","rating":1068,"private":0,"password":""}