{"id":"gen9nationaldexubers-1998311056","p1":"mateushhk","p2":"why so seriously","format":"[Gen 9] National Dex Ubers","log":"|j|\u2606mateushhk\n|j|\u2606why so seriously\n|t:|1700927937\n|gametype|singles\n|player|p1|mateushhk|hilbert|1092\n|player|p2|why so seriously|alec-anime|1080\n|teamsize|p1|6\n|teamsize|p2|6\n|gen|9\n|tier|[Gen 9] National Dex Ubers\n|rated|\n|rule|HP Percentage Mod: HP is shown in percentages\n|rule|Endless Battle Clause: Forcing endless battles is banned\n|rule|OHKO Clause: OHKO moves are banned\n|rule|Evasion Moves Clause: Evasion moves are banned\n|rule|Evasion Items Clause: Evasion items are banned\n|rule|Species Clause: Limit one of each Pok\u00e9mon\n|rule|Sleep Clause Mod: Limit one foe put to sleep\n|rule|Mega Rayquaza Clause: You cannot mega evolve Rayquaza\n|clearpoke\n|poke|p1|Darmanitan-Galar, M|\n|poke|p1|Dracovish|\n|poke|p1|Blaziken, F|\n|poke|p1|Butterfree, F|\n|poke|p1|Ferrothorn, M|\n|poke|p1|Darkrai|\n|poke|p2|Lucario, M|\n|poke|p2|Greninja-*, M|\n|poke|p2|Zeraora|\n|poke|p2|Darmanitan-Galar, M|\n|poke|p2|Pheromosa|\n|poke|p2|Shaymin-Sky|\n|teampreview\n|inactive|Battle timer is ON: inactive players will automatically lose when time's up. (requested by why so seriously)\n|\n|t:|1700927959\n|start\n|switch|p1a: Ferrothorn|Ferrothorn, M, shiny|100\/100\n|switch|p2a: Darmanitan|Darmanitan-Galar, M|100\/100\n|turn|1\n|\n|t:|1700927965\n|move|p2a: Darmanitan|Flare Blitz|p1a: Ferrothorn\n|-supereffective|p1a: Ferrothorn\n|-damage|p1a: Ferrothorn|0 fnt\n|-damage|p2a: Darmanitan|88\/100|[from] ability: Iron Barbs|[of] p1a: Ferrothorn\n|faint|p1a: Ferrothorn\n|-damage|p2a: Darmanitan|61\/100|[from] Recoil\n|\n|upkeep\n|\n|t:|1700927970\n|switch|p1a: Butterfree|Butterfree, F, shiny|100\/100\n|turn|2\n|\n|t:|1700927978\n|move|p2a: Darmanitan|Flare Blitz|p1a: Butterfree\n|-supereffective|p1a: Butterfree\n|-enditem|p1a: Butterfree|Focus Sash\n|-damage|p1a: Butterfree|1\/100\n|-damage|p2a: Darmanitan|36\/100|[from] Recoil\n|move|p1a: Butterfree|Sleep Powder|p2a: Darmanitan\n|-status|p2a: Darmanitan|slp|[from] move: Sleep Powder\n|\n|upkeep\n|turn|3\n|\n|t:|1700927986\n|cant|p2a: Darmanitan|slp\n|move|p1a: Butterfree|Quiver Dance|p1a: Butterfree\n|-boost|p1a: Butterfree|spa|1\n|-boost|p1a: Butterfree|spd|1\n|-boost|p1a: Butterfree|spe|1\n|\n|upkeep\n|turn|4\n|\n|t:|1700927992\n|move|p1a: Butterfree|Quiver Dance|p1a: Butterfree\n|-boost|p1a: Butterfree|spa|1\n|-boost|p1a: Butterfree|spd|1\n|-boost|p1a: Butterfree|spe|1\n|cant|p2a: Darmanitan|slp\n|\n|upkeep\n|turn|5\n|\n|t:|1700927997\n|move|p1a: Butterfree|Bug Buzz|p2a: Darmanitan\n|-damage|p2a: Darmanitan|0 fnt\n|faint|p2a: Darmanitan\n|\n|upkeep\n|\n|t:|1700928000\n|switch|p2a: Greninja|Greninja, M|100\/100\n|turn|6\n|\n|t:|1700928002\n|move|p2a: Greninja|Water Shuriken|p1a: Butterfree\n|-damage|p1a: Butterfree|0 fnt\n|faint|p1a: Butterfree\n|-ability|p2a: Greninja|Battle Bond|boost\n|-boost|p2a: Greninja|atk|1\n|-boost|p2a: Greninja|spa|1\n|-boost|p2a: Greninja|spe|1\n|-activate|p2a: Greninja|ability: Battle Bond\n|-hitcount|p1: Butterfree|1\n|-damage|p2a: Greninja|91\/100|[from] item: Life Orb\n|\n|upkeep\n|\n|t:|1700928009\n|switch|p1a: Darkrai|Darkrai, shiny|100\/100\n|turn|7\n|\n|t:|1700928014\n|move|p2a: Greninja|Hydro Pump|p1a: Darkrai\n|-damage|p1a: Darkrai|0 fnt\n|faint|p1a: Darkrai\n|-damage|p2a: Greninja|81\/100|[from] item: Life Orb\n|\n|upkeep\n|\n|t:|1700928019\n|switch|p1a: Darmanitan|Darmanitan-Galar, M|100\/100\n|turn|8\n|\n|t:|1700928026\n|-terastallize|p2a: Greninja|Water\n|move|p2a: Greninja|Hydro Pump|p1a: Darmanitan\n|-damage|p1a: Darmanitan|0 fnt\n|faint|p1a: Darmanitan\n|-damage|p2a: Greninja|71\/100|[from] item: Life Orb\n|\n|upkeep\n|\n|t:|1700928028\n|switch|p1a: Dracovish|Dracovish, shiny|100\/100\n|turn|9\n|\n|t:|1700928032\n|move|p2a: Greninja|Dark Pulse|p1a: Dracovish\n|-damage|p1a: Dracovish|19\/100\n|-damage|p2a: Greninja|61\/100|[from] item: Life Orb\n|cant|p1a: Dracovish|flinch\n|\n|upkeep\n|turn|10\n|\n|t:|1700928035\n|move|p2a: Greninja|Dark Pulse|p1a: Dracovish\n|-damage|p1a: Dracovish|0 fnt\n|faint|p1a: Dracovish\n|-damage|p2a: Greninja|51\/100|[from] item: Life Orb\n|\n|upkeep\n|\n|t:|1700928037\n|switch|p1a: Blaziken|Blaziken, F, shiny|100\/100\n|turn|11\n|\n|t:|1700928041\n|detailschange|p1a: Blaziken|Blaziken-Mega, F, shiny\n|-mega|p1a: Blaziken|Blaziken|Blazikenite\n|move|p2a: Greninja|Hydro Pump|p1a: Blaziken\n|-supereffective|p1a: Blaziken\n|-damage|p1a: Blaziken|0 fnt\n|faint|p1a: Blaziken\n|-damage|p2a: Greninja|42\/100|[from] item: Life Orb\n|\n|win|why so seriously\n|raw|mateushhk's rating: 1092 &rarr; <strong>1069<\/strong><br \/>(-23 for losing)\n|raw|why so seriously's rating: 1102 &rarr; <strong>1126<\/strong><br \/>(+24 for winning)\n|l|\u2606mateushhk\n","uploadtime":1700928053,"views":0,"p1id":"mateushhk","p2id":"whysoseriously","formatid":"gen9nationaldexubers","rating":1069,"private":0,"password":""}