{"id":"gen9nationaldexubers-1988634404","p1":"BugkeeperBimmy","p2":"kraibh","format":"[Gen 9] National Dex Ubers","log":"|j|\u2606BugkeeperBimmy\n|j|\u2606kraibh\n|t:|1699744422\n|gametype|singles\n|player|p1|BugkeeperBimmy|bugcatcher-gen4dp|\n|player|p2|kraibh|169|\n|teamsize|p1|6\n|teamsize|p2|6\n|gen|9\n|tier|[Gen 9] National Dex Ubers\n|rule|HP Percentage Mod: HP is shown in percentages\n|rule|Endless Battle Clause: Forcing endless battles is banned\n|rule|OHKO Clause: OHKO moves are banned\n|rule|Evasion Moves Clause: Evasion moves are banned\n|rule|Evasion Items Clause: Evasion items are banned\n|rule|Species Clause: Limit one of each Pok\u00e9mon\n|rule|Sleep Clause Mod: Limit one foe put to sleep\n|rule|Mega Rayquaza Clause: You cannot mega evolve Rayquaza\n|clearpoke\n|poke|p1|Raikou|\n|poke|p1|Kyurem|\n|poke|p1|Terrakion|\n|poke|p1|Landorus-Therian, M|\n|poke|p1|Oranguru, F|\n|poke|p1|Parasect, M|\n|poke|p2|Delphox, F|\n|poke|p2|Kyurem|\n|poke|p2|Terrakion|\n|poke|p2|Raikou|\n|poke|p2|Gourgeist-*, M|\n|poke|p2|Machamp, F|\n|teampreview\n|inactive|Battle timer is ON: inactive players will automatically lose when time's up. (requested by BugkeeperBimmy)\n|\n|t:|1699744437\n|start\n|switch|p1a: Shroomjak|Parasect, M, shiny|100\/100\n|switch|p2a: bad grandma|Delphox, F|100\/100\n|turn|1\n|j| sacredstar3\n|j| Pyos\n|j| LordChunkss\n|inactive|BugkeeperBimmy has 270 seconds left.\n|inactive|BugkeeperBimmy has 240 seconds left.\n|inactive|BugkeeperBimmy has 210 seconds left.\n|inactiveoff|Battle timer is now OFF.\n|j| Dephe\n|l| Dephe\n|\n|t:|1699744587\n|switch|p1a: Pupper|Raikou|100\/100\n|-ability|p1a: Pupper|Pressure\n|move|p2a: bad grandma|Flamethrower|p1a: Pupper\n|-damage|p1a: Pupper|61\/100\n|\n|upkeep\n|turn|2\n|\n|t:|1699744601\n|move|p1a: Pupper|Calm Mind|p1a: Pupper\n|-boost|p1a: Pupper|spa|1\n|-boost|p1a: Pupper|spd|1\n|move|p2a: bad grandma|Trick Room|p2a: bad grandma\n|-fieldstart|move: Trick Room|[of] p2a: bad grandma\n|\n|upkeep\n|turn|3\n|c|\u2606BugkeeperBimmy|parasect is my wincon I cant let it die\n|\n|t:|1699744611\n|move|p2a: bad grandma|Encore|p1a: Pupper\n|-start|p1a: Pupper|Encore\n|move|p1a: Pupper|Calm Mind|p1a: Pupper\n|-boost|p1a: Pupper|spa|1\n|-boost|p1a: Pupper|spd|1\n|\n|upkeep\n|turn|4\n|c|\u2606kraibh|that is really funny\n|\n|t:|1699744625\n|switch|p2a: the champ|Machamp, F|100\/100\n|move|p1a: Pupper|Calm Mind|p1a: Pupper\n|-boost|p1a: Pupper|spa|1\n|-boost|p1a: Pupper|spd|1\n|\n|upkeep\n|turn|5\n|c| sacredstar3|THE CHAMP\n|\n|t:|1699744636\n|switch|p1a: Garfield|Landorus-Therian, M|100\/100\n|-ability|p1a: Garfield|Intimidate|boost\n|-unboost|p2a: the champ|atk|1\n|move|p2a: the champ|Dynamic Punch|p1a: Garfield\n|-resisted|p1a: Garfield\n|-damage|p1a: Garfield|71\/100\n|-start|p1a: Garfield|confusion\n|-damage|p2a: the champ|91\/100|[from] item: Life Orb\n|\n|upkeep\n|turn|6\n|\n|t:|1699744646\n|switch|p1a: Pupper|Raikou|61\/100\n|-ability|p1a: Pupper|Pressure\n|move|p2a: the champ|Ice Punch|p1a: Pupper\n|-damage|p1a: Pupper|28\/100\n|-damage|p2a: the champ|81\/100|[from] item: Life Orb\n|\n|-fieldend|move: Trick Room\n|upkeep\n|turn|7\n|\n|t:|1699744665\n|switch|p2a: The Trickster|Gourgeist-Super, M|100\/100\n|-item|p1a: Pupper|Shuca Berry|[from] ability: Frisk|[of] p2a: The Trickster|[identify]\n|move|p1a: Pupper|Scald|p2a: The Trickster\n|-resisted|p2a: The Trickster\n|-damage|p2a: The Trickster|83\/100\n|\n|upkeep\n|turn|8\n|\n|t:|1699744676\n|move|p1a: Pupper|Scald|p2a: The Trickster\n|-resisted|p2a: The Trickster\n|-damage|p2a: The Trickster|66\/100\n|-status|p2a: The Trickster|brn\n|move|p2a: The Trickster|Will-O-Wisp|p1a: Pupper|[miss]\n|-miss|p2a: The Trickster|p1a: Pupper\n|\n|-damage|p2a: The Trickster|60\/100 brn|[from] brn\n|upkeep\n|turn|9\n|\n|t:|1699744684\n|move|p1a: Pupper|Calm Mind|p1a: Pupper\n|-boost|p1a: Pupper|spa|1\n|-boost|p1a: Pupper|spd|1\n|move|p2a: The Trickster|Will-O-Wisp|p1a: Pupper\n|-status|p1a: Pupper|brn\n|\n|-damage|p1a: Pupper|21\/100 brn|[from] brn\n|-damage|p2a: The Trickster|54\/100 brn|[from] brn\n|upkeep\n|turn|10\n|\n|t:|1699744692\n|move|p1a: Pupper|Thunderbolt|p2a: The Trickster\n|-resisted|p2a: The Trickster\n|-damage|p2a: The Trickster|12\/100 brn\n|move|p2a: The Trickster|Will-O-Wisp|p1a: Pupper|[miss]\n|-miss|p2a: The Trickster|p1a: Pupper\n|\n|-damage|p1a: Pupper|15\/100 brn|[from] brn\n|-damage|p2a: The Trickster|6\/100 brn|[from] brn\n|upkeep\n|turn|11\n|\n|t:|1699744699\n|move|p1a: Pupper|Thunderbolt|p2a: The Trickster\n|-resisted|p2a: The Trickster\n|-crit|p2a: The Trickster\n|-damage|p2a: The Trickster|0 fnt\n|faint|p2a: The Trickster\n|\n|-damage|p1a: Pupper|9\/100 brn|[from] brn\n|upkeep\n|\n|t:|1699744706\n|switch|p2a: Mon't Diss|Terrakion|100\/100\n|turn|12\n|\n|t:|1699744713\n|move|p2a: Mon't Diss|Earthquake|p1a: Pupper\n|-supereffective|p1a: Pupper\n|-enditem|p1a: Pupper|Shuca Berry|[eat]\n|-enditem|p1a: Pupper|Shuca Berry|[weaken]\n|-damage|p1a: Pupper|0 fnt\n|faint|p1a: Pupper\n|\n|upkeep\n|\n|t:|1699744723\n|switch|p1a: Garfield|Landorus-Therian, M|71\/100\n|-ability|p1a: Garfield|Intimidate|boost\n|-unboost|p2a: Mon't Diss|atk|1\n|turn|13\n|\n|t:|1699744754\n|switch|p2a: the champ|Machamp, F|81\/100\n|move|p1a: Garfield|Earthquake|p2a: the champ\n|-damage|p2a: the champ|11\/100\n|\n|upkeep\n|turn|14\n|j| Flungusdungus\n|\n|t:|1699744783\n|move|p1a: Garfield|Rock Polish|p1a: Garfield\n|-boost|p1a: Garfield|spe|2\n|move|p2a: the champ|Ice Punch|p1a: Garfield\n|-supereffective|p1a: Garfield\n|-enditem|p1a: Garfield|Yache Berry|[eat]\n|-enditem|p1a: Garfield|Yache Berry|[weaken]\n|-damage|p1a: Garfield|0 fnt\n|faint|p1a: Garfield\n|-damage|p2a: the champ|1\/100|[from] item: Life Orb\n|\n|upkeep\n|c| sacredstar3|ice punch dusknoir pre-mortem\n|c| LordChunkss|this was ice punch dusknoir before it died\n|\n|t:|1699744812\n|switch|p1a: Shroomjak|Parasect, M, shiny|100\/100\n|turn|15\n|c|\u2606kraibh|world champ difference\n|c|\u2606kraibh|dude that would be sucha  baller name\n|\n|t:|1699744826\n|move|p2a: the champ|Dynamic Punch|p1a: Shroomjak\n|-resisted|p1a: Shroomjak\n|-damage|p1a: Shroomjak|69\/100\n|-start|p1a: Shroomjak|confusion\n|-damage|p2a: the champ|0 fnt|[from] item: Life Orb\n|faint|p2a: the champ\n|-activate|p1a: Shroomjak|confusion\n|-damage|p1a: Shroomjak|62\/100|[from] confusion\n|\n|upkeep\n|c|\u2606BugkeeperBimmy|gaming\n|\n|t:|1699744847\n|switch|p2a: bad grandma|Delphox, F|100\/100\n|turn|16\n|\n|t:|1699744854\n|move|p2a: bad grandma|Flamethrower|p1a: Shroomjak\n|-supereffective|p1a: Shroomjak\n|-crit|p1a: Shroomjak\n|-damage|p1a: Shroomjak|0 fnt\n|faint|p1a: Shroomjak\n|\n|upkeep\n|\n|t:|1699744870\n|switch|p1a: Milf Pounder|Terrakion|100\/100\n|turn|17\n|\n|t:|1699744891\n|move|p1a: Milf Pounder|Stone Edge|p2a: bad grandma\n|-supereffective|p2a: bad grandma\n|-enditem|p2a: bad grandma|Focus Sash\n|-damage|p2a: bad grandma|1\/100\n|move|p2a: bad grandma|Trick Room|p2a: bad grandma\n|-fieldstart|move: Trick Room|[of] p2a: bad grandma\n|\n|upkeep\n|turn|18\n|\n|t:|1699744900\n|switch|p1a: Monke|Oranguru, F|100\/100\n|move|p2a: bad grandma|Dazzling Gleam|p1a: Monke\n|-damage|p1a: Monke|81\/100\n|-item|p2a: bad grandma|Light Clay|[from] ability: Magician|[of] p1a: Monke\n|\n|upkeep\n|turn|19\n|c| sacredstar3|big steal?\n|c|\u2606kraibh|yoink\n|\n|t:|1699744924\n|move|p1a: Monke|Light Screen|p1a: Monke\n|-sidestart|p1: BugkeeperBimmy|move: Light Screen\n|move|p2a: bad grandma|Encore|p1a: Monke\n|-start|p1a: Monke|Encore\n|\n|upkeep\n|turn|20\n|c|\u2606BugkeeperBimmy|this is just not my match huh\n|c| Flungusdungus|This delphox set is heat\n|\n|t:|1699744940\n|switch|p2a: Not a parasect|Kyurem|100\/100\n|-ability|p2a: Not a parasect|Pressure\n|move|p1a: Monke|Light Screen||[still]\n|-fail|p1a: Monke\n|\n|upkeep\n|turn|21\n|c| sacredstar3|lmfao that nickname\n|\n|t:|1699744979\n|move|p1a: Monke|Light Screen||[still]\n|-fail|p1a: Monke\n|move|p2a: Not a parasect|Earth Power|p1a: Monke\n|-damage|p1a: Monke|61\/100\n|-damage|p2a: Not a parasect|91\/100|[from] item: Life Orb\n|\n|-fieldend|move: Trick Room\n|upkeep\n|turn|22\n|j| Galaxie UMA\n|l| Galaxie UMA\n|\n|t:|1699744988\n|move|p2a: Not a parasect|Ice Beam|p1a: Monke\n|-damage|p1a: Monke|36\/100\n|-damage|p2a: Not a parasect|81\/100|[from] item: Life Orb\n|move|p1a: Monke|Light Screen||[still]\n|-fail|p1a: Monke\n|\n|-end|p1a: Monke|Encore\n|upkeep\n|turn|23\n|\n|t:|1699744995\n|move|p2a: Not a parasect|Ice Beam|p1a: Monke\n|-damage|p1a: Monke|8\/100\n|-damage|p2a: Not a parasect|71\/100|[from] item: Life Orb\n|move|p1a: Monke|Encore|p2a: Not a parasect\n|-start|p2a: Not a parasect|Encore\n|\n|-sideend|p1: BugkeeperBimmy|move: Light Screen\n|upkeep\n|turn|24\n|j| Galaxie UMA\n|\n|t:|1699745012\n|switch|p2a: bad grandma|Delphox, F|1\/100\n|move|p1a: Monke|Reflect|p1a: Monke\n|-sidestart|p1: BugkeeperBimmy|Reflect\n|\n|upkeep\n|turn|25\n|l| Galaxie UMA\n|\n|t:|1699745066\n|switch|p1a: Milf Pounder|Terrakion|100\/100\n|move|p2a: bad grandma|Trick Room|p2a: bad grandma\n|-fieldstart|move: Trick Room|[of] p2a: bad grandma\n|\n|upkeep\n|turn|26\n|\n|t:|1699745092\n|switch|p1a: Monke|Oranguru, F|8\/100\n|move|p2a: bad grandma|Dazzling Gleam|p1a: Monke\n|-damage|p1a: Monke|0 fnt\n|faint|p1a: Monke\n|\n|upkeep\n|\n|t:|1699745106\n|switch|p1a: Milf Pounder|Terrakion|100\/100\n|turn|27\n|\n|t:|1699745120\n|move|p2a: bad grandma|Dazzling Gleam|p1a: Milf Pounder\n|-supereffective|p1a: Milf Pounder\n|-damage|p1a: Milf Pounder|42\/100\n|move|p1a: Milf Pounder|Close Combat|p2a: bad grandma\n|-resisted|p2a: bad grandma\n|-damage|p2a: bad grandma|0 fnt\n|-unboost|p1a: Milf Pounder|def|1\n|-unboost|p1a: Milf Pounder|spd|1\n|faint|p2a: bad grandma\n|\n|upkeep\n|c|\u2606BugkeeperBimmy|gg\n|c|\u2606kraibh|ggs\n|\n|t:|1699745129\n|switch|p2a: Not a parasect|Kyurem|71\/100\n|-ability|p2a: Not a parasect|Pressure\n|turn|28\n|c| sacredstar3|will milf pounder become gilf pounder\n|\n|t:|1699745134\n|move|p2a: Not a parasect|Earth Power|p1a: Milf Pounder\n|-supereffective|p1a: Milf Pounder\n|-damage|p1a: Milf Pounder|0 fnt\n|faint|p1a: Milf Pounder\n|-damage|p2a: Not a parasect|61\/100|[from] item: Life Orb\n|\n|-sideend|p1: BugkeeperBimmy|Reflect\n|upkeep\n|\n|t:|1699745138\n|switch|p1a: We're so bax|Kyurem|100\/100\n|-ability|p1a: We're so bax|Pressure\n|turn|29\n|\n|t:|1699745149\n|move|p2a: Not a parasect|Draco Meteor|p1a: We're so bax\n|-supereffective|p1a: We're so bax\n|-crit|p1a: We're so bax\n|-damage|p1a: We're so bax|0 fnt\n|-unboost|p2a: Not a parasect|spa|2\n|faint|p1a: We're so bax\n|-damage|p2a: Not a parasect|51\/100|[from] item: Life Orb\n|\n|win|kraibh\n|l|\u2606BugkeeperBimmy\n|l| Flungusdungus\n|c|\u2606kraibh|wow with the crit\n|l| sacredstar3\n|l| LordChunkss\n|l| Pyos\n|j|\u2606BugkeeperBimmy\n|player|p1|BugkeeperBimmy|bugcatcher-gen4dp\n","uploadtime":1699745163,"views":15,"p1id":"bugkeeperbimmy","p2id":"kraibh","formatid":"gen9nationaldexubers","rating":0,"private":0,"password":""}