{"id":"gen9nationaldexubers-1991930101","p1":"DavBluDino","p2":"redxteamx","format":"[Gen 9] National Dex Ubers","log":"|j|\u2606DavBluDino\n|j|\u2606redxteamx\n|t:|1700139460\n|gametype|singles\n|player|p1|DavBluDino|1|1456\n|player|p2|redxteamx|102|1370\n|teamsize|p1|6\n|teamsize|p2|6\n|gen|9\n|tier|[Gen 9] National Dex Ubers\n|rated|\n|rule|HP Percentage Mod: HP is shown in percentages\n|rule|Endless Battle Clause: Forcing endless battles is banned\n|rule|OHKO Clause: OHKO moves are banned\n|rule|Evasion Moves Clause: Evasion moves are banned\n|rule|Evasion Items Clause: Evasion items are banned\n|rule|Species Clause: Limit one of each Pok\u00e9mon\n|rule|Sleep Clause Mod: Limit one foe put to sleep\n|rule|Mega Rayquaza Clause: You cannot mega evolve Rayquaza\n|clearpoke\n|poke|p1|Sableye, M|\n|poke|p1|Chansey, F|\n|poke|p1|Ferrothorn, F|\n|poke|p1|Toxapex, M|\n|poke|p1|Rotom-Wash|\n|poke|p1|Ditto|\n|poke|p2|Kleavor, M|\n|poke|p2|Groudon|\n|poke|p2|Kyogre|\n|poke|p2|Basculegion, M|\n|poke|p2|Chien-Pao|\n|poke|p2|Necrozma-Dawn-Wings|\n|teampreview\n|inactive|Battle timer is ON: inactive players will automatically lose when time's up. (requested by DavBluDino)\n|\n|t:|1700139464\n|start\n|switch|p1a: Chansey|Chansey, F|100\/100\n|switch|p2a: Kleavor|Kleavor, M|100\/100\n|turn|1\n|\n|t:|1700139467\n|move|p2a: Kleavor|Stone Axe|p1a: Chansey\n|-damage|p1a: Chansey|66\/100\n|-sidestart|p1: DavBluDino|move: Stealth Rock\n|move|p1a: Chansey|Stealth Rock|p2a: Kleavor\n|-sidestart|p2: redxteamx|move: Stealth Rock\n|\n|upkeep\n|turn|2\n|\n|t:|1700139473\n|switch|p1a: Rotom|Rotom-Wash|100\/100\n|-damage|p1a: Rotom|88\/100|[from] Stealth Rock\n|move|p2a: Kleavor|Swords Dance|p2a: Kleavor\n|-boost|p2a: Kleavor|atk|2\n|\n|upkeep\n|turn|3\n|\n|t:|1700139483\n|move|p1a: Rotom|Will-O-Wisp|p2a: Kleavor\n|-status|p2a: Kleavor|brn\n|move|p2a: Kleavor|X-Scissor|p1a: Rotom\n|-damage|p1a: Rotom|40\/100\n|\n|-damage|p2a: Kleavor|94\/100 brn|[from] brn\n|upkeep\n|turn|4\n|\n|t:|1700139489\n|switch|p1a: Sableye|Sableye, M|100\/100\n|-damage|p1a: Sableye|88\/100|[from] Stealth Rock\n|move|p2a: Kleavor|X-Scissor|p1a: Sableye\n|-damage|p1a: Sableye|21\/100\n|\n|-damage|p2a: Kleavor|88\/100 brn|[from] brn\n|upkeep\n|turn|5\n|\n|t:|1700139496\n|move|p1a: Sableye|Recover|p1a: Sableye\n|-heal|p1a: Sableye|71\/100\n|move|p2a: Kleavor|X-Scissor|p1a: Sableye\n|-damage|p1a: Sableye|11\/100\n|\n|-damage|p2a: Kleavor|82\/100 brn|[from] brn\n|upkeep\n|turn|6\n|\n|t:|1700139501\n|move|p1a: Sableye|Recover|p1a: Sableye\n|-heal|p1a: Sableye|62\/100\n|move|p2a: Kleavor|X-Scissor|p1a: Sableye\n|-damage|p1a: Sableye|0 fnt\n|faint|p1a: Sableye\n|\n|-damage|p2a: Kleavor|76\/100 brn|[from] brn\n|upkeep\n|\n|t:|1700139503\n|switch|p1a: Ditto|Ditto|100\/100\n|-damage|p1a: Ditto|88\/100|[from] Stealth Rock\n|-transform|p1a: Ditto|p2a: Kleavor|[from] ability: Imposter\n|turn|7\n|\n|t:|1700139510\n|move|p1a: Ditto|Stone Axe|p2a: Kleavor\n|-supereffective|p2a: Kleavor\n|-damage|p2a: Kleavor|0 fnt\n|faint|p2a: Kleavor\n|\n|upkeep\n|\n|t:|1700139514\n|switch|p2a: Groudon|Groudon|100\/100\n|-damage|p2a: Groudon|94\/100|[from] Stealth Rock\n|detailschange|p2a: Groudon|Groudon-Primal\n|-primal|p2a: Groudon|Red Orb\n|-weather|DesolateLand|[from] ability: Desolate Land|[of] p2a: Groudon\n|turn|8\n|\n|t:|1700139518\n|switch|p1a: Rotom|Rotom-Wash|40\/100\n|-damage|p1a: Rotom|28\/100|[from] Stealth Rock\n|move|p2a: Groudon|Precipice Blades|p1a: Rotom\n|-immune|p1a: Rotom|[from] ability: Levitate\n|\n|-weather|DesolateLand|[upkeep]\n|upkeep\n|turn|9\n|\n|t:|1700139526\n|move|p1a: Rotom|Toxic|p2a: Groudon\n|-status|p2a: Groudon|tox\n|move|p2a: Groudon|Rock Polish|p2a: Groudon\n|-boost|p2a: Groudon|spe|2\n|\n|-weather|DesolateLand|[upkeep]\n|-damage|p2a: Groudon|88\/100 tox|[from] psn\n|upkeep\n|turn|10\n|\n|t:|1700139531\n|switch|p1a: Toxapex|Toxapex, M|100\/100\n|-damage|p1a: Toxapex|88\/100|[from] Stealth Rock\n|move|p2a: Groudon|Power-Up Punch|p1a: Toxapex\n|-resisted|p1a: Toxapex\n|-damage|p1a: Toxapex|81\/100\n|-boost|p2a: Groudon|atk|1\n|\n|-weather|DesolateLand|[upkeep]\n|-heal|p1a: Toxapex|87\/100|[from] item: Leftovers\n|-damage|p2a: Groudon|76\/100 tox|[from] psn\n|upkeep\n|turn|11\n|\n|t:|1700139542\n|switch|p1a: Rotom|Rotom-Wash|28\/100\n|-damage|p1a: Rotom|15\/100|[from] Stealth Rock\n|move|p2a: Groudon|Precipice Blades|p1a: Rotom\n|-immune|p1a: Rotom|[from] ability: Levitate\n|\n|-weather|DesolateLand|[upkeep]\n|-damage|p2a: Groudon|57\/100 tox|[from] psn\n|upkeep\n|turn|12\n|\n|t:|1700139549\n|move|p2a: Groudon|Power-Up Punch|p1a: Rotom\n|-damage|p1a: Rotom|0 fnt\n|-boost|p2a: Groudon|atk|1\n|faint|p1a: Rotom\n|\n|-weather|DesolateLand|[upkeep]\n|-damage|p2a: Groudon|33\/100 tox|[from] psn\n|upkeep\n|\n|t:|1700139552\n|switch|p1a: Ditto|Ditto|88\/100\n|-damage|p1a: Ditto|76\/100|[from] Stealth Rock\n|-transform|p1a: Ditto|p2a: Groudon|[from] ability: Imposter\n|turn|13\n|\n|t:|1700139556\n|move|p1a: Ditto|Precipice Blades|p2a: Groudon\n|-supereffective|p2a: Groudon\n|-damage|p2a: Groudon|0 fnt\n|faint|p2a: Groudon\n|\n|-weather|DesolateLand|[upkeep]\n|upkeep\n|\n|t:|1700139559\n|switch|p2a: Kyogre|Kyogre|100\/100\n|-damage|p2a: Kyogre|88\/100|[from] Stealth Rock\n|-ability|p2a: Kyogre|Drizzle|[from] desolateland|[fail]\n|turn|14\n|\n|t:|1700139564\n|switch|p2a: Necrozma|Necrozma-Dawn-Wings|100\/100\n|-damage|p2a: Necrozma|88\/100|[from] Stealth Rock\n|move|p1a: Ditto|Precipice Blades|p2a: Necrozma\n|-damage|p2a: Necrozma|0 fnt\n|faint|p2a: Necrozma\n|\n|-weather|DesolateLand|[upkeep]\n|upkeep\n|\n|t:|1700139567\n|switch|p2a: Chien-Pao|Chien-Pao|100\/100\n|-damage|p2a: Chien-Pao|76\/100|[from] Stealth Rock\n|-ability|p2a: Chien-Pao|Sword of Ruin\n|turn|15\n|\n|t:|1700139569\n|move|p2a: Chien-Pao|Ice Shard|p1a: Ditto\n|-damage|p1a: Ditto|54\/100\n|move|p1a: Ditto|Precipice Blades|p2a: Chien-Pao\n|-damage|p2a: Chien-Pao|0 fnt\n|faint|p2a: Chien-Pao\n|\n|-weather|DesolateLand|[upkeep]\n|upkeep\n|\n|t:|1700139572\n|switch|p2a: Kyogre|Kyogre|88\/100\n|-damage|p2a: Kyogre|76\/100|[from] Stealth Rock\n|-ability|p2a: Kyogre|Drizzle|[from] desolateland|[fail]\n|turn|16\n|\n|t:|1700139576\n|move|p1a: Ditto|Precipice Blades|p2a: Kyogre|[miss]\n|-miss|p1a: Ditto|p2a: Kyogre\n|move|p2a: Kyogre|Ice Beam|p1a: Ditto\n|-damage|p1a: Ditto|11\/100\n|\n|-weather|DesolateLand|[upkeep]\n|upkeep\n|turn|17\n|\n|t:|1700139580\n|move|p1a: Ditto|Precipice Blades|p2a: Kyogre\n|-damage|p2a: Kyogre|0 fnt\n|faint|p2a: Kyogre\n|\n|-weather|DesolateLand|[upkeep]\n|upkeep\n|\n|t:|1700139582\n|switch|p2a: Basculegion|Basculegion, M|100\/100\n|-damage|p2a: Basculegion|88\/100|[from] Stealth Rock\n|turn|18\n|\n|t:|1700139588\n|-terastallize|p2a: Basculegion|Ghost\n|-activate|p1a: Ditto|move: Struggle\n|move|p1a: Ditto|Struggle|p2a: Basculegion\n|-crit|p2a: Basculegion\n|-damage|p2a: Basculegion|0 fnt\n|faint|p2a: Basculegion\n|-damage|p1a: Ditto|0 fnt|[from] recoil\n|faint|p1a: Ditto\n|-weather|none\n|\n|win|DavBluDino\n|raw|DavBluDino's rating: 1456 &rarr; <strong>1471<\/strong><br \/>(+15 for winning)\n|raw|redxteamx's rating: 1370 &rarr; <strong>1355<\/strong><br \/>(-15 for losing)\n|l|\u2606redxteamx\n|c|\u2606DavBluDino|LMAO how did struggle kill\n","uploadtime":1700139617,"views":45,"p1id":"davbludino","p2id":"redxteamx","formatid":"gen9nationaldexubers","rating":1355,"private":0,"password":""}