{"id":"gen9nationaldexubers-1996902002","p1":"SyntaxError614","p2":"t4fy2ft42","format":"[Gen 9] National Dex Ubers","log":"|j|\u2606SyntaxError614\n|j|\u2606t4fy2ft42\n|t:|1700742563\n|gametype|singles\n|player|p1|SyntaxError614|proton|1206\n|player|p2|t4fy2ft42|1|1144\n|teamsize|p1|6\n|teamsize|p2|6\n|gen|9\n|tier|[Gen 9] National Dex Ubers\n|rated|\n|rule|HP Percentage Mod: HP is shown in percentages\n|rule|Endless Battle Clause: Forcing endless battles is banned\n|rule|OHKO Clause: OHKO moves are banned\n|rule|Evasion Moves Clause: Evasion moves are banned\n|rule|Evasion Items Clause: Evasion items are banned\n|rule|Species Clause: Limit one of each Pok\u00e9mon\n|rule|Sleep Clause Mod: Limit one foe put to sleep\n|rule|Mega Rayquaza Clause: You cannot mega evolve Rayquaza\n|clearpoke\n|poke|p1|Deoxys-Speed|\n|poke|p1|Blastoise, F|\n|poke|p1|Ferrothorn, F|\n|poke|p1|Greninja-*, F|\n|poke|p1|Darmanitan-Galar, F|\n|poke|p1|Kingambit, F|\n|poke|p2|Blissey, F|\n|poke|p2|Lugia|\n|poke|p2|Ho-Oh|\n|poke|p2|Groudon|\n|poke|p2|Arceus-Fairy|\n|poke|p2|Skeledirge, M|\n|teampreview\n|\n|t:|1700742568\n|start\n|switch|p1a: Deoxys|Deoxys-Speed|100\/100\n|switch|p2a: girlboss|Arceus-Fairy|100\/100\n|-ability|p1a: Deoxys|Pressure\n|turn|1\n|\n|t:|1700742575\n|move|p2a: girlboss|Judgment|p1a: Deoxys\n|-damage|p1a: Deoxys|39\/100\n|move|p1a: Deoxys|Mirror Coat|p2a: girlboss\n|-damage|p2a: girlboss|17\/100\n|\n|upkeep\n|turn|2\n|\n|t:|1700742584\n|switch|p2a: pweas no tawnt uwu|Blissey, F|100\/100\n|move|p1a: Deoxys|Stealth Rock|p2a: pweas no tawnt uwu\n|-sidestart|p2: t4fy2ft42|move: Stealth Rock\n|\n|upkeep\n|turn|3\n|\n|t:|1700742590\n|move|p1a: Deoxys|Taunt|p2a: pweas no tawnt uwu\n|-start|p2a: pweas no tawnt uwu|move: Taunt\n|move|p2a: pweas no tawnt uwu|Seismic Toss|p1a: Deoxys\n|-damage|p1a: Deoxys|6\/100\n|\n|upkeep\n|turn|4\n|\n|t:|1700742607\n|switch|p2a: rock receiver|Ho-Oh|100\/100\n|move|p1a: Deoxys|Mirror Coat||[still]\n|-fail|p1a: Deoxys\n|\n|upkeep\n|turn|5\n|\n|t:|1700742614\n|move|p1a: Deoxys|Skill Swap|p2a: rock receiver\n|-activate|p1a: Deoxys|move: Skill Swap|Regenerator|Pressure|[of] p2a: rock receiver\n|-ability|p2a: rock receiver|Pressure\n|move|p2a: rock receiver|Sacred Fire|p1a: Deoxys\n|-damage|p1a: Deoxys|0 fnt\n|faint|p1a: Deoxys\n|\n|upkeep\n|\n|t:|1700742623\n|switch|p1a: Blastoise|Blastoise, F|100\/100\n|turn|6\n|\n|t:|1700742629\n|move|p2a: rock receiver|Reflect|p2a: rock receiver\n|-sidestart|p2: t4fy2ft42|Reflect\n|move|p1a: Blastoise|Shell Smash|p1a: Blastoise\n|-unboost|p1a: Blastoise|def|1\n|-unboost|p1a: Blastoise|spd|1\n|-boost|p1a: Blastoise|atk|2\n|-boost|p1a: Blastoise|spa|2\n|-boost|p1a: Blastoise|spe|2\n|\n|upkeep\n|turn|7\n|\n|t:|1700742640\n|switch|p2a: pweas no tawnt uwu|Blissey, F|100\/100\n|detailschange|p1a: Blastoise|Blastoise-Mega, F\n|-mega|p1a: Blastoise|Blastoise|Blastoisinite\n|move|p1a: Blastoise|Dark Pulse|p2a: pweas no tawnt uwu\n|-damage|p2a: pweas no tawnt uwu|78\/100\n|\n|upkeep\n|turn|8\n|\n|t:|1700742646\n|move|p1a: Blastoise|Aura Sphere|p2a: pweas no tawnt uwu\n|-supereffective|p2a: pweas no tawnt uwu\n|-damage|p2a: pweas no tawnt uwu|34\/100\n|move|p2a: pweas no tawnt uwu|Stealth Rock|p1a: Blastoise\n|-sidestart|p1: SyntaxError614|move: Stealth Rock\n|\n|upkeep\n|turn|9\n|\n|t:|1700742654\n|switch|p2a: unfun bs|Lugia|100\/100\n|move|p1a: Blastoise|Aura Sphere|p2a: unfun bs\n|-resisted|p2a: unfun bs\n|-damage|p2a: unfun bs|95\/100\n|\n|upkeep\n|turn|10\n|\n|t:|1700742658\n|move|p1a: Blastoise|Ice Beam|p2a: unfun bs\n|-supereffective|p2a: unfun bs\n|-damage|p2a: unfun bs|28\/100\n|move|p2a: unfun bs|Roost|p2a: unfun bs\n|-heal|p2a: unfun bs|78\/100\n|-singleturn|p2a: unfun bs|move: Roost\n|\n|-sideend|p2: t4fy2ft42|Reflect\n|upkeep\n|turn|11\n|\n|t:|1700742663\n|-terastallize|p2a: unfun bs|Normal\n|move|p1a: Blastoise|Dark Pulse|p2a: unfun bs\n|-damage|p2a: unfun bs|37\/100\n|cant|p2a: unfun bs|flinch\n|\n|upkeep\n|turn|12\n|-message|t4fy2ft42 forfeited.\n|\n|win|SyntaxError614\n|raw|SyntaxError614's rating: 1206 &rarr; <strong>1227<\/strong><br \/>(+21 for winning)\n|raw|t4fy2ft42's rating: 1144 &rarr; <strong>1123<\/strong><br \/>(-21 for losing)\n|l|\u2606t4fy2ft42\n","uploadtime":1700742685,"views":8,"p1id":"syntaxerror614","p2id":"t4fy2ft42","formatid":"gen9nationaldexubers","rating":1123,"private":0,"password":""}