{"id":"gen9nationaldexubers-1992175195","p1":"Mr.dinguery","p2":"Th3K1ng123","format":"[Gen 9] National Dex Ubers","log":"|j|\u2606Mr.dinguery\n|j|\u2606Th3K1ng123\n|t:|1700161232\n|gametype|singles\n|player|p1|Mr.dinguery|cynthia|1226\n|player|p2|Th3K1ng123|turo|1321\n|teamsize|p1|6\n|teamsize|p2|6\n|gen|9\n|tier|[Gen 9] National Dex Ubers\n|rated|\n|rule|HP Percentage Mod: HP is shown in percentages\n|rule|Endless Battle Clause: Forcing endless battles is banned\n|rule|OHKO Clause: OHKO moves are banned\n|rule|Evasion Moves Clause: Evasion moves are banned\n|rule|Evasion Items Clause: Evasion items are banned\n|rule|Species Clause: Limit one of each Pok\u00e9mon\n|rule|Sleep Clause Mod: Limit one foe put to sleep\n|rule|Mega Rayquaza Clause: You cannot mega evolve Rayquaza\n|clearpoke\n|poke|p1|Hatterene, F|\n|poke|p1|Indeedee, M|\n|poke|p1|Tapu Lele|\n|poke|p1|Deoxys-Attack|\n|poke|p1|Alakazam, M|\n|poke|p1|Calyrex-Ice|\n|poke|p2|Rayquaza|\n|poke|p2|Kyurem-Black|\n|poke|p2|Zekrom|\n|poke|p2|Reshiram|\n|poke|p2|Giratina-Origin|\n|poke|p2|Palkia-Origin|\n|teampreview\n|inactive|Battle timer is ON: inactive players will automatically lose when time's up. (requested by Th3K1ng123)\n|\n|t:|1700161246\n|start\n|switch|p1a: Hatterene|Hatterene, F|100\/100\n|switch|p2a: Aries|Reshiram, shiny|100\/100\n|-ability|p2a: Aries|Turboblaze\n|turn|1\n|\n|t:|1700161257\n|move|p2a: Aries|Fusion Flare|p1a: Hatterene\n|-damage|p1a: Hatterene|33\/100\n|move|p1a: Hatterene|Psychic Terrain|p1a: Hatterene\n|-fieldstart|move: Psychic Terrain\n|\n|upkeep\n|turn|2\n|\n|t:|1700161261\n|move|p2a: Aries|Fusion Flare|p1a: Hatterene\n|-damage|p1a: Hatterene|0 fnt\n|faint|p1a: Hatterene\n|\n|upkeep\n|\n|t:|1700161268\n|switch|p1a: Calyrex|Calyrex-Ice|100\/100\n|-ability|p1a: Calyrex|As One\n|-ability|p1a: Calyrex|Unnerve\n|turn|3\n|\n|t:|1700161273\n|move|p2a: Aries|Fusion Flare|p1a: Calyrex\n|-supereffective|p1a: Calyrex\n|-damage|p1a: Calyrex|21\/100\n|move|p1a: Calyrex|Glacial Lance|p2a: Aries\n|-damage|p2a: Aries|12\/100\n|\n|upkeep\n|turn|4\n|\n|t:|1700161290\n|move|p2a: Aries|Fusion Flare|p1a: Calyrex\n|-supereffective|p1a: Calyrex\n|-damage|p1a: Calyrex|0 fnt\n|faint|p1a: Calyrex\n|\n|upkeep\n|\n|t:|1700161295\n|switch|p1a: Deoxys|Deoxys-Attack|100\/100\n|-ability|p1a: Deoxys|Pressure\n|turn|5\n|\n|t:|1700161299\n|move|p1a: Deoxys|Low Kick|p2a: Aries\n|-damage|p2a: Aries|0 fnt\n|faint|p2a: Aries\n|\n|-fieldend|move: Psychic Terrain\n|upkeep\n|\n|t:|1700161308\n|switch|p2a: Slim Shady|Rayquaza, shiny|100\/100\n|-ability|p2a: Slim Shady|Air Lock\n|turn|6\n|\n|t:|1700161314\n|switch|p1a: Tapu Lele|Tapu Lele|100\/100\n|-fieldstart|move: Psychic Terrain|[from] ability: Psychic Surge|[of] p1a: Tapu Lele\n|move|p2a: Slim Shady|Dragon Claw|p1a: Tapu Lele\n|-immune|p1a: Tapu Lele\n|\n|upkeep\n|turn|7\n|\n|t:|1700161325\n|-terastallize|p2a: Slim Shady|Steel\n|move|p1a: Tapu Lele|Moonblast|p2a: Slim Shady\n|-resisted|p2a: Slim Shady\n|-damage|p2a: Slim Shady|74\/100\n|move|p2a: Slim Shady|Dragon Dance|p2a: Slim Shady\n|-boost|p2a: Slim Shady|atk|1\n|-boost|p2a: Slim Shady|spe|1\n|\n|upkeep\n|turn|8\n|\n|t:|1700161355\n|move|p1a: Tapu Lele|Moonblast|p2a: Slim Shady\n|-resisted|p2a: Slim Shady\n|-damage|p2a: Slim Shady|50\/100\n|move|p2a: Slim Shady|Earthquake|p1a: Tapu Lele\n|-damage|p1a: Tapu Lele|18\/100\n|\n|upkeep\n|turn|9\n|\n|t:|1700161362\n|move|p2a: Slim Shady|Earthquake|p1a: Tapu Lele\n|-damage|p1a: Tapu Lele|0 fnt\n|faint|p1a: Tapu Lele\n|\n|upkeep\n|\n|t:|1700161377\n|switch|p1a: Indeedee|Indeedee, M|100\/100\n|turn|10\n|\n|t:|1700161381\n|move|p2a: Slim Shady|Earthquake|p1a: Indeedee\n|-damage|p1a: Indeedee|4\/100\n|move|p1a: Indeedee|Trick Room|p1a: Indeedee\n|-fieldstart|move: Trick Room|[of] p1a: Indeedee\n|\n|-fieldend|move: Psychic Terrain\n|upkeep\n|turn|11\n|\n|t:|1700161389\n|move|p2a: Slim Shady|Extreme Speed|p1a: Indeedee\n|-damage|p1a: Indeedee|0 fnt\n|faint|p1a: Indeedee\n|\n|upkeep\n|-message|Mr.dinguery forfeited.\n|\n|win|Th3K1ng123\n|raw|Mr.dinguery's rating: 1226 &rarr; <strong>1208<\/strong><br \/>(-18 for losing)\n|raw|Th3K1ng123's rating: 1321 &rarr; <strong>1336<\/strong><br \/>(+15 for winning)\n|l|\u2606Mr.dinguery\n","uploadtime":1700161398,"views":7,"p1id":"mrdinguery","p2id":"th3k1ng123","formatid":"gen9nationaldexubers","rating":1208,"private":0,"password":""}