{"id":"gen9nationaldexubers-1978070991","p1":"yangwenyuxian","p2":"85792195wwww","format":"[Gen 9] National Dex Ubers","log":"|j|\u2606yangwenyuxian\n|j|\u260685792195wwww\n|t:|1698494923\n|gametype|singles\n|player|p1|yangwenyuxian|skierf-gen4dp|1599\n|player|p2|85792195wwww|lady|1827\n|teamsize|p1|6\n|teamsize|p2|6\n|gen|9\n|tier|[Gen 9] National Dex Ubers\n|rated|\n|rule|HP Percentage Mod: HP is shown in percentages\n|rule|Endless Battle Clause: Forcing endless battles is banned\n|rule|OHKO Clause: OHKO moves are banned\n|rule|Evasion Moves Clause: Evasion moves are banned\n|rule|Evasion Items Clause: Evasion items are banned\n|rule|Species Clause: Limit one of each Pok\u00e9mon\n|rule|Sleep Clause Mod: Limit one foe put to sleep\n|rule|Mega Rayquaza Clause: You cannot mega evolve Rayquaza\n|clearpoke\n|poke|p1|Yveltal|\n|poke|p1|Zacian-*|\n|poke|p1|Kyogre|\n|poke|p1|Arceus-Fairy|\n|poke|p1|Medicham, M|\n|poke|p1|Ho-Oh|\n|poke|p2|Xerneas-*|\n|poke|p2|Groudon|\n|poke|p2|Calyrex-Ice|\n|poke|p2|Krookodile, M|\n|poke|p2|Zacian-*|\n|poke|p2|Arceus|\n|teampreview\n|inactive|Battle timer is ON: inactive players will automatically lose when time's up. (requested by yangwenyuxian)\n|\n|t:|1698494938\n|start\n|switch|p1a: \u5927\u7ea2\u7684\u7231\u5764|Ho-Oh|100\/100\n|switch|p2a: Krookodile|Krookodile, M|100\/100\n|-ability|p2a: Krookodile|Intimidate|boost\n|-unboost|p1a: \u5927\u7ea2\u7684\u7231\u5764|atk|1\n|turn|1\n|\n|t:|1698494946\n|move|p2a: Krookodile|Knock Off|p1a: \u5927\u7ea2\u7684\u7231\u5764\n|-damage|p1a: \u5927\u7ea2\u7684\u7231\u5764|72\/100\n|-enditem|p1a: \u5927\u7ea2\u7684\u7231\u5764|Heavy-Duty Boots|[from] move: Knock Off|[of] p2a: Krookodile\n|move|p1a: \u5927\u7ea2\u7684\u7231\u5764|Sacred Fire|p2a: Krookodile\n|-damage|p2a: Krookodile|65\/100\n|-status|p2a: Krookodile|brn\n|\n|-damage|p2a: Krookodile|59\/100 brn|[from] brn\n|upkeep\n|turn|2\n|\n|t:|1698494962\n|switch|p1a: \u7c89\u8272\u7684\u53d8\u6001|Arceus-Fairy|100\/100\n|move|p2a: Krookodile|Stealth Rock|p1a: \u7c89\u8272\u7684\u53d8\u6001\n|-sidestart|p1: yangwenyuxian|move: Stealth Rock\n|\n|-damage|p2a: Krookodile|53\/100 brn|[from] brn\n|upkeep\n|turn|3\n|\n|t:|1698494971\n|move|p1a: \u7c89\u8272\u7684\u53d8\u6001|Calm Mind|p1a: \u7c89\u8272\u7684\u53d8\u6001\n|-boost|p1a: \u7c89\u8272\u7684\u53d8\u6001|spa|1\n|-boost|p1a: \u7c89\u8272\u7684\u53d8\u6001|spd|1\n|move|p2a: Krookodile|Bulldoze|p1a: \u7c89\u8272\u7684\u53d8\u6001\n|-damage|p1a: \u7c89\u8272\u7684\u53d8\u6001|92\/100\n|-unboost|p1a: \u7c89\u8272\u7684\u53d8\u6001|spe|1\n|\n|-damage|p2a: Krookodile|47\/100 brn|[from] brn\n|upkeep\n|turn|4\n|\n|t:|1698494983\n|move|p2a: Krookodile|Taunt|p1a: \u7c89\u8272\u7684\u53d8\u6001\n|-start|p1a: \u7c89\u8272\u7684\u53d8\u6001|move: Taunt\n|move|p1a: \u7c89\u8272\u7684\u53d8\u6001|Judgment|p2a: Krookodile\n|-supereffective|p2a: Krookodile\n|-damage|p2a: Krookodile|0 fnt\n|faint|p2a: Krookodile\n|\n|upkeep\n|\n|t:|1698494997\n|switch|p2a: Zacian|Zacian-Crowned|100\/100\n|-ability|p2a: Zacian|Intrepid Sword|boost\n|-boost|p2a: Zacian|atk|1\n|turn|5\n|\n|t:|1698495002\n|-terastallize|p1a: \u7c89\u8272\u7684\u53d8\u6001|Steel\n|move|p2a: Zacian|Swords Dance|p2a: Zacian\n|-boost|p2a: Zacian|atk|2\n|move|p1a: \u7c89\u8272\u7684\u53d8\u6001|Earth Power|p2a: Zacian\n|-supereffective|p2a: Zacian\n|-damage|p2a: Zacian|33\/100\n|\n|upkeep\n|turn|6\n|\n|t:|1698495017\n|-terastallize|p2a: Zacian|Ground\n|move|p2a: Zacian|Tera Blast|p1a: \u7c89\u8272\u7684\u53d8\u6001|[anim] Tera Blast Ground\n|-supereffective|p1a: \u7c89\u8272\u7684\u53d8\u6001\n|-damage|p1a: \u7c89\u8272\u7684\u53d8\u6001|0 fnt\n|faint|p1a: \u7c89\u8272\u7684\u53d8\u6001\n|\n|upkeep\n|\n|t:|1698495036\n|switch|p1a: \u82cd\u84dd\u7684\u51a4\u79cd|Zacian-Crowned, shiny|100\/100\n|-damage|p1a: \u82cd\u84dd\u7684\u51a4\u79cd|94\/100|[from] Stealth Rock\n|-ability|p1a: \u82cd\u84dd\u7684\u51a4\u79cd|Intrepid Sword|boost\n|-boost|p1a: \u82cd\u84dd\u7684\u51a4\u79cd|atk|1\n|turn|7\n|\n|t:|1698495044\n|move|p2a: Zacian|Behemoth Blade|p1a: \u82cd\u84dd\u7684\u51a4\u79cd\n|-damage|p1a: \u82cd\u84dd\u7684\u51a4\u79cd|0 fnt\n|faint|p1a: \u82cd\u84dd\u7684\u51a4\u79cd\n|\n|upkeep\n|-message|yangwenyuxian forfeited.\n|\n|win|85792195wwww\n|raw|yangwenyuxian's rating: 1599 &rarr; <strong>1591<\/strong><br \/>(-8 for losing)\n|raw|85792195wwww's rating: 1827 &rarr; <strong>1835<\/strong><br \/>(+8 for winning)\n|l|\u2606yangwenyuxian\n","uploadtime":1698495053,"views":10,"p1id":"yangwenyuxian","p2id":"85792195wwww","formatid":"gen9nationaldexubers","rating":1591,"private":0,"password":""}