{"id":"gen9nationaldexubers-1996623359","p1":"IncandescentCandle","p2":"GrundleGrimace","format":"[Gen 9] National Dex Ubers","log":"|j|\u2606IncandescentCandle\n|j|\u2606GrundleGrimace\n|t:|1700701872\n|gametype|singles\n|player|p1|IncandescentCandle|dawn|\n|player|p2|GrundleGrimace|zinzolin|\n|teamsize|p1|6\n|teamsize|p2|6\n|gen|9\n|tier|[Gen 9] National Dex Ubers\n|rule|HP Percentage Mod: HP is shown in percentages\n|rule|Endless Battle Clause: Forcing endless battles is banned\n|rule|OHKO Clause: OHKO moves are banned\n|rule|Evasion Moves Clause: Evasion moves are banned\n|rule|Evasion Items Clause: Evasion items are banned\n|rule|Species Clause: Limit one of each Pok\u00e9mon\n|rule|Sleep Clause Mod: Limit one foe put to sleep\n|rule|Mega Rayquaza Clause: You cannot mega evolve Rayquaza\n|clearpoke\n|poke|p1|Tapu Bulu|\n|poke|p1|Blissey, F|\n|poke|p1|Corviknight, F|\n|poke|p1|Weavile, F|\n|poke|p1|Latias, F|\n|poke|p1|Skeledirge, M|\n|poke|p2|Groudon|\n|poke|p2|Zygarde|\n|poke|p2|Clodsire, M|\n|poke|p2|Great Tusk|\n|poke|p2|Landorus, M|\n|poke|p2|Mamoswine, M|\n|teampreview\n|c|\u2606GrundleGrimace|glhf\n|c|\u2606IncandescentCandle|glhf\n|c|\u2606IncandescentCandle|ice weavile\n|c|\u2606GrundleGrimace|kill\n|c|\u2606IncandescentCandle|sowwy\n|\n|t:|1700701898\n|start\n|switch|p1a: Shield Of Body|Corviknight, F|100\/100\n|switch|p2a: Groudon|Groudon|100\/100\n|-ability|p1a: Shield Of Body|Pressure\n|detailschange|p2a: Groudon|Groudon-Primal\n|-primal|p2a: Groudon|Red Orb\n|-weather|DesolateLand|[from] ability: Desolate Land|[of] p2a: Groudon\n|turn|1\n|\n|t:|1700701906\n|switch|p1a: Eon Guardian|Latias, F|100\/100\n|move|p2a: Groudon|Lava Plume|p1a: Eon Guardian\n|-resisted|p1a: Eon Guardian\n|-damage|p1a: Eon Guardian|73\/100\n|\n|-weather|DesolateLand|[upkeep]\n|upkeep\n|turn|2\n|\n|t:|1700701927\n|-weather|none\n|switch|p2a: Mamoswine|Mamoswine, M|100\/100\n|detailschange|p1a: Eon Guardian|Latias-Mega, F\n|-mega|p1a: Eon Guardian|Latias|Latiasite\n|move|p1a: Eon Guardian|Psychic|p2a: Mamoswine\n|-damage|p2a: Mamoswine|41\/100\n|\n|upkeep\n|turn|3\n|\n|t:|1700701938\n|switch|p1a: Funeral March In D|Skeledirge, M|100\/100\n|move|p2a: Mamoswine|Ice Shard|p1a: Funeral March In D\n|-resisted|p1a: Funeral March In D\n|-damage|p1a: Funeral March In D|90\/100\n|\n|-heal|p1a: Funeral March In D|96\/100|[from] item: Leftovers\n|upkeep\n|turn|4\n|\n|t:|1700701948\n|switch|p2a: Groudon|Groudon-Primal|100\/100\n|-weather|DesolateLand|[from] ability: Desolate Land|[of] p2a: Groudon\n|switch|p1a: Eon Guardian|Latias-Mega, F|73\/100\n|\n|-weather|DesolateLand|[upkeep]\n|upkeep\n|turn|5\n|\n|t:|1700701996\n|-weather|none\n|switch|p2a: Landorus|Landorus, M|100\/100\n|move|p1a: Eon Guardian|Psychic|p2a: Landorus\n|-damage|p2a: Landorus|43\/100\n|\n|upkeep\n|turn|6\n|\n|t:|1700702005\n|move|p1a: Eon Guardian|Psychic|p2a: Landorus\n|-damage|p2a: Landorus|0 fnt\n|faint|p2a: Landorus\n|\n|upkeep\n|\n|t:|1700702009\n|switch|p2a: Zygarde|Zygarde|100\/100\n|turn|7\n|\n|t:|1700702011\n|move|p1a: Eon Guardian|Ice Beam|p2a: Zygarde\n|-supereffective|p2a: Zygarde\n|-damage|p2a: Zygarde|0 fnt\n|faint|p2a: Zygarde\n|\n|upkeep\n|j| AegiSwaggy\n|c|\u2606IncandescentCandle|absolutely not\n|\n|t:|1700702023\n|switch|p2a: Mamoswine|Mamoswine, M|41\/100\n|turn|8\n|\n|t:|1700702028\n|switch|p1a: Shield Of Body|Corviknight, F|100\/100\n|-ability|p1a: Shield Of Body|Pressure\n|move|p2a: Mamoswine|Ice Shard|p1a: Shield Of Body\n|-damage|p1a: Shield Of Body|80\/100\n|\n|-heal|p1a: Shield Of Body|86\/100|[from] item: Leftovers\n|upkeep\n|turn|9\n|\n|t:|1700702032\n|switch|p2a: Groudon|Groudon-Primal|100\/100\n|-weather|DesolateLand|[from] ability: Desolate Land|[of] p2a: Groudon\n|move|p1a: Shield Of Body|U-turn|p2a: Groudon\n|-resisted|p2a: Groudon\n|-damage|p2a: Groudon|95\/100\n|\n|t:|1700702054\n|switch|p1a: Eon Guardian|Latias-Mega, F|73\/100|[from] U-turn\n|\n|-weather|DesolateLand|[upkeep]\n|upkeep\n|turn|10\n|\n|t:|1700702056\n|move|p1a: Eon Guardian|Psychic|p2a: Groudon\n|-damage|p2a: Groudon|51\/100\n|move|p2a: Groudon|Stone Edge|p1a: Eon Guardian\n|-damage|p1a: Eon Guardian|45\/100\n|\n|-weather|DesolateLand|[upkeep]\n|upkeep\n|turn|11\n|\n|t:|1700702071\n|move|p1a: Eon Guardian|Roost|p1a: Eon Guardian\n|-heal|p1a: Eon Guardian|95\/100\n|-singleturn|p1a: Eon Guardian|move: Roost\n|move|p2a: Groudon|Stone Edge|p1a: Eon Guardian\n|-damage|p1a: Eon Guardian|66\/100\n|\n|-weather|DesolateLand|[upkeep]\n|upkeep\n|turn|12\n|\n|t:|1700702075\n|move|p1a: Eon Guardian|Psychic|p2a: Groudon\n|-damage|p2a: Groudon|2\/100\n|-unboost|p2a: Groudon|spd|1\n|move|p2a: Groudon|Stone Edge|p1a: Eon Guardian\n|-crit|p1a: Eon Guardian\n|-damage|p1a: Eon Guardian|15\/100\n|\n|-weather|DesolateLand|[upkeep]\n|upkeep\n|turn|13\n|\n|t:|1700702082\n|move|p1a: Eon Guardian|Roost|p1a: Eon Guardian\n|-heal|p1a: Eon Guardian|65\/100\n|-singleturn|p1a: Eon Guardian|move: Roost\n|move|p2a: Groudon|Stone Edge|p1a: Eon Guardian\n|-crit|p1a: Eon Guardian\n|-damage|p1a: Eon Guardian|16\/100\n|\n|-weather|DesolateLand|[upkeep]\n|upkeep\n|turn|14\n|c|\u2606IncandescentCandle|my live honest reaction to that information\n|\n|t:|1700702094\n|-weather|none\n|switch|p2a: Clodsire|Clodsire, M|100\/100\n|move|p1a: Eon Guardian|Psychic|p2a: Clodsire\n|-supereffective|p2a: Clodsire\n|-damage|p2a: Clodsire|57\/100\n|\n|-heal|p2a: Clodsire|64\/100|[from] item: Black Sludge\n|upkeep\n|turn|15\n|\n|t:|1700702099\n|switch|p1a: Shield Of Body|Corviknight, F|86\/100\n|-ability|p1a: Shield Of Body|Pressure\n|move|p2a: Clodsire|Toxic|p1a: Shield Of Body\n|-immune|p1a: Shield Of Body\n|\n|-heal|p1a: Shield Of Body|92\/100|[from] item: Leftovers\n|-heal|p2a: Clodsire|70\/100|[from] item: Black Sludge\n|upkeep\n|turn|16\n|\n|t:|1700702107\n|switch|p2a: Great Tusk|Great Tusk|100\/100\n|move|p1a: Shield Of Body|U-turn|p2a: Great Tusk\n|-resisted|p2a: Great Tusk\n|-damage|p2a: Great Tusk|97\/100\n|\n|t:|1700702112\n|switch|p1a: Fight The Swarm|Tapu Bulu|100\/100|[from] U-turn\n|-fieldstart|move: Grassy Terrain|[from] ability: Grassy Surge|[of] p1a: Fight The Swarm\n|\n|-heal|p2a: Great Tusk|100\/100|[from] Grassy Terrain\n|upkeep\n|turn|17\n|c|\u2606GrundleGrimace|Mega Latias and Corv just casually soloing my team\n|\n|t:|1700702126\n|move|p2a: Great Tusk|Knock Off|p1a: Fight The Swarm\n|-resisted|p1a: Fight The Swarm\n|-damage|p1a: Fight The Swarm|92\/100\n|-enditem|p1a: Fight The Swarm|Leftovers|[from] move: Knock Off|[of] p2a: Great Tusk\n|move|p1a: Fight The Swarm|Dazzling Gleam|p2a: Great Tusk\n|-supereffective|p2a: Great Tusk\n|-damage|p2a: Great Tusk|34\/100\n|\n|-heal|p2a: Great Tusk|40\/100|[from] Grassy Terrain\n|-heal|p2a: Great Tusk|46\/100|[from] item: Leftovers\n|-heal|p1a: Fight The Swarm|98\/100|[from] Grassy Terrain\n|upkeep\n|turn|18\n|\n|t:|1700702138\n|move|p2a: Great Tusk|Stealth Rock|p1a: Fight The Swarm\n|-sidestart|p1: IncandescentCandle|move: Stealth Rock\n|move|p1a: Fight The Swarm|Horn Leech|p2a: Great Tusk\n|-supereffective|p2a: Great Tusk\n|-damage|p2a: Great Tusk|9\/100\n|-heal|p1a: Fight The Swarm|100\/100|[from] drain|[of] p2a: Great Tusk\n|\n|-heal|p2a: Great Tusk|15\/100|[from] Grassy Terrain\n|-heal|p2a: Great Tusk|21\/100|[from] item: Leftovers\n|upkeep\n|turn|19\n|\n|t:|1700702143\n|-end|p2a: Great Tusk|Protosynthesis|[silent]\n|switch|p2a: Clodsire|Clodsire, M|70\/100\n|move|p1a: Fight The Swarm|Horn Leech|p2a: Clodsire\n|-damage|p2a: Clodsire|19\/100\n|\n|-heal|p2a: Clodsire|25\/100|[from] Grassy Terrain\n|-heal|p2a: Clodsire|32\/100|[from] item: Black Sludge\n|upkeep\n|turn|20\n|\n|t:|1700702146\n|move|p1a: Fight The Swarm|Horn Leech|p2a: Clodsire\n|-damage|p2a: Clodsire|0 fnt\n|faint|p2a: Clodsire\n|\n|-fieldend|move: Grassy Terrain\n|upkeep\n|\n|t:|1700702151\n|switch|p2a: Groudon|Groudon-Primal|2\/100\n|-weather|DesolateLand|[from] ability: Desolate Land|[of] p2a: Groudon\n|turn|21\n|\n|t:|1700702168\n|move|p2a: Groudon|Lava Plume|p1a: Fight The Swarm\n|-supereffective|p1a: Fight The Swarm\n|-damage|p1a: Fight The Swarm|0 fnt\n|faint|p1a: Fight The Swarm\n|\n|-weather|DesolateLand|[upkeep]\n|upkeep\n|\n|t:|1700702169\n|switch|p1a: Group Rascal|Weavile, F|100\/100\n|turn|22\n|\n|t:|1700702173\n|-weather|none\n|switch|p2a: Great Tusk|Great Tusk|21\/100\n|-terastallize|p1a: Group Rascal|Ice\n|move|p1a: Group Rascal|Ice Shard|p2a: Great Tusk\n|-supereffective|p2a: Great Tusk\n|-damage|p2a: Great Tusk|0 fnt\n|faint|p2a: Great Tusk\n|-end|p2a: Great Tusk|Protosynthesis|[silent]\n|\n|upkeep\n|\n|t:|1700702177\n|switch|p2a: Mamoswine|Mamoswine, M|41\/100\n|turn|23\n|\n|t:|1700702188\n|move|p1a: Group Rascal|Knock Off|p2a: Mamoswine\n|-damage|p2a: Mamoswine|0 fnt\n|-enditem|p2a: Mamoswine|Choice Band|[from] move: Knock Off|[of] p1a: Group Rascal\n|faint|p2a: Mamoswine\n|\n|upkeep\n|\n|t:|1700702192\n|switch|p2a: Groudon|Groudon-Primal|2\/100\n|-weather|DesolateLand|[from] ability: Desolate Land|[of] p2a: Groudon\n|turn|24\n|\n|t:|1700702194\n|move|p1a: Group Rascal|Ice Shard|p2a: Groudon\n|-damage|p2a: Groudon|0 fnt\n|faint|p2a: Groudon\n|-weather|none\n|\n|win|IncandescentCandle\n|c|\u2606IncandescentCandle|gg\n|c|\u2606GrundleGrimace|gg\n|l| AegiSwaggy\n","uploadtime":1700702200,"views":3,"p1id":"incandescentcandle","p2id":"grundlegrimace","formatid":"gen9nationaldexubers","rating":0,"private":0,"password":""}