{"id":"gen9nationaldexubers-1990774482","p1":"KJ.nyc","p2":"fkfjdjjdj","format":"[Gen 9] National Dex Ubers","log":"|j|\u2606KJ.nyc\n|j|\u2606fkfjdjjdj\n|t:|1699999573\n|gametype|singles\n|player|p1|KJ.nyc|hilbert|1192\n|player|p2|fkfjdjjdj|benga|1243\n|teamsize|p1|6\n|teamsize|p2|6\n|gen|9\n|tier|[Gen 9] National Dex Ubers\n|rated|\n|rule|HP Percentage Mod: HP is shown in percentages\n|rule|Endless Battle Clause: Forcing endless battles is banned\n|rule|OHKO Clause: OHKO moves are banned\n|rule|Evasion Moves Clause: Evasion moves are banned\n|rule|Evasion Items Clause: Evasion items are banned\n|rule|Species Clause: Limit one of each Pok\u00e9mon\n|rule|Sleep Clause Mod: Limit one foe put to sleep\n|rule|Mega Rayquaza Clause: You cannot mega evolve Rayquaza\n|clearpoke\n|poke|p1|Pikachu, M|\n|poke|p1|Dragonite, F|\n|poke|p1|Gengar, M|\n|poke|p1|Lucario, M|\n|poke|p1|Sirfetch\u2019d, M|\n|poke|p1|Dracovish|\n|poke|p2|Lucario, F|\n|poke|p2|Durant, M|\n|poke|p2|Aegislash, F|\n|poke|p2|Kingambit, F|\n|poke|p2|Ferrothorn, F|\n|poke|p2|Melmetal|\n|teampreview\n|c|\u2606KJ.nyc|glhf\n|inactive|Battle timer is ON: inactive players will automatically lose when time's up. (requested by KJ.nyc)\n|\n|t:|1699999586\n|start\n|switch|p1a: Dracovish|Dracovish|100\/100\n|switch|p2a: Melmetal|Melmetal|100\/100\n|turn|1\n|\n|t:|1699999599\n|move|p1a: Dracovish|Fishious Rend|p2a: Melmetal\n|-damage|p2a: Melmetal|13\/100\n|-damage|p1a: Dracovish|84\/100|[from] item: Rocky Helmet|[of] p2a: Melmetal\n|move|p2a: Melmetal|Darkest Lariat|p1a: Dracovish\n|-damage|p1a: Dracovish|54\/100\n|\n|upkeep\n|turn|2\n|\n|t:|1699999608\n|move|p1a: Dracovish|Fishious Rend|p2a: Melmetal\n|-damage|p2a: Melmetal|0 fnt\n|-damage|p1a: Dracovish|37\/100|[from] item: Rocky Helmet|[of] p2a: Melmetal\n|faint|p2a: Melmetal\n|\n|upkeep\n|\n|t:|1699999622\n|switch|p2a: Ferrothorn|Ferrothorn, F|100\/100\n|turn|3\n|\n|t:|1699999650\n|switch|p1a: Dragonite|Dragonite, F|100\/100\n|move|p2a: Ferrothorn|Body Press|p1a: Dragonite\n|-resisted|p1a: Dragonite\n|-damage|p1a: Dragonite|93\/100\n|\n|-heal|p1a: Dragonite|99\/100|[from] item: Leftovers\n|upkeep\n|turn|4\n|\n|t:|1699999655\n|move|p1a: Dragonite|Dragon Dance|p1a: Dragonite\n|-boost|p1a: Dragonite|atk|1\n|-boost|p1a: Dragonite|spe|1\n|move|p2a: Ferrothorn|Leech Seed|p1a: Dragonite\n|-start|p1a: Dragonite|move: Leech Seed\n|\n|-heal|p1a: Dragonite|100\/100|[from] item: Leftovers\n|-damage|p1a: Dragonite|88\/100|[from] Leech Seed|[of] p2a: Ferrothorn\n|upkeep\n|turn|5\n|\n|t:|1699999662\n|move|p1a: Dragonite|Dragon Dance|p1a: Dragonite\n|-boost|p1a: Dragonite|atk|1\n|-boost|p1a: Dragonite|spe|1\n|move|p2a: Ferrothorn|Ingrain|p2a: Ferrothorn\n|-start|p2a: Ferrothorn|move: Ingrain\n|\n|-heal|p1a: Dragonite|94\/100|[from] item: Leftovers\n|-damage|p1a: Dragonite|82\/100|[from] Leech Seed|[of] p2a: Ferrothorn\n|upkeep\n|turn|6\n|\n|t:|1699999666\n|move|p1a: Dragonite|Fire Punch|p2a: Ferrothorn\n|-supereffective|p2a: Ferrothorn\n|-damage|p2a: Ferrothorn|0 fnt\n|-damage|p1a: Dragonite|70\/100|[from] ability: Iron Barbs|[of] p2a: Ferrothorn\n|faint|p2a: Ferrothorn\n|\n|-heal|p1a: Dragonite|76\/100|[from] item: Leftovers\n|upkeep\n|\n|t:|1699999682\n|switch|p2a: Hormiga at\u00f3mica|Durant, M|100\/100\n|turn|7\n|\n|t:|1699999684\n|move|p2a: Hormiga at\u00f3mica|First Impression|p1a: Dragonite\n|-resisted|p1a: Dragonite\n|-damage|p1a: Dragonite|44\/100\n|move|p1a: Dragonite|Fire Punch|p2a: Hormiga at\u00f3mica\n|-supereffective|p2a: Hormiga at\u00f3mica\n|-damage|p2a: Hormiga at\u00f3mica|0 fnt\n|faint|p2a: Hormiga at\u00f3mica\n|\n|-heal|p1a: Dragonite|50\/100|[from] item: Leftovers\n|upkeep\n|\n|t:|1699999692\n|switch|p2a: Aegislash|Aegislash, F, shiny|100\/100\n|turn|8\n|\n|t:|1699999695\n|move|p2a: Aegislash|King's Shield|p2a: Aegislash\n|-singleturn|p2a: Aegislash|Protect\n|move|p1a: Dragonite|Fire Punch|p2a: Aegislash\n|-activate|p2a: Aegislash|move: Protect\n|-unboost|p1a: Dragonite|atk|1\n|\n|-heal|p1a: Dragonite|57\/100|[from] item: Leftovers\n|-damage|p1a: Dragonite|44\/100|[from] Leech Seed|[of] p2a: Aegislash\n|upkeep\n|turn|9\n|\n|t:|1699999707\n|move|p1a: Dragonite|Fire Punch|p2a: Aegislash\n|-supereffective|p2a: Aegislash\n|-damage|p2a: Aegislash|31\/100\n|-status|p2a: Aegislash|brn\n|-formechange|p2a: Aegislash|Aegislash-Blade||[from] ability: Stance Change\n|move|p2a: Aegislash|Shadow Claw|p1a: Dragonite\n|-damage|p1a: Dragonite|24\/100\n|\n|-heal|p1a: Dragonite|31\/100|[from] item: Leftovers\n|-heal|p2a: Aegislash|38\/100 brn|[from] item: Leftovers\n|-damage|p1a: Dragonite|18\/100|[from] Leech Seed|[of] p2a: Aegislash\n|-heal|p2a: Aegislash|52\/100 brn|[silent]\n|-damage|p2a: Aegislash|46\/100 brn|[from] brn\n|upkeep\n|turn|10\n|\n|t:|1699999722\n|switch|p1a: Pikachu|Pikachu, M|100\/100\n|move|p2a: Aegislash|Iron Head|p1a: Pikachu\n|-resisted|p1a: Pikachu\n|-damage|p1a: Pikachu|59\/100\n|\n|-heal|p2a: Aegislash|52\/100 brn|[from] item: Leftovers\n|-damage|p2a: Aegislash|46\/100 brn|[from] brn\n|upkeep\n|turn|11\n|\n|t:|1699999730\n|move|p1a: Pikachu|Thunderbolt|p2a: Aegislash\n|-damage|p2a: Aegislash|0 fnt\n|faint|p2a: Aegislash\n|\n|upkeep\n|\n|t:|1699999735\n|switch|p2a: Lucario|Lucario, F|100\/100\n|turn|12\n|\n|t:|1699999739\n|detailschange|p2a: Lucario|Lucario-Mega, F\n|-mega|p2a: Lucario|Lucario|Lucarionite\n|move|p2a: Lucario|Earthquake|p1a: Pikachu\n|-supereffective|p1a: Pikachu\n|-damage|p1a: Pikachu|0 fnt\n|faint|p1a: Pikachu\n|\n|upkeep\n|\n|t:|1699999749\n|switch|p1a: Gengar|Gengar, M|100\/100\n|turn|13\n|\n|t:|1699999754\n|move|p1a: Gengar|Icy Wind|p2a: Lucario\n|-resisted|p2a: Lucario\n|-damage|p2a: Lucario|85\/100\n|-unboost|p2a: Lucario|spe|1\n|move|p2a: Lucario|Earthquake|p1a: Gengar\n|-supereffective|p1a: Gengar\n|-enditem|p1a: Gengar|Focus Sash\n|-damage|p1a: Gengar|1\/100\n|\n|upkeep\n|turn|14\n|\n|t:|1699999763\n|move|p1a: Gengar|Shadow Ball|p2a: Lucario\n|-damage|p2a: Lucario|23\/100\n|move|p2a: Lucario|Blaze Kick|p1a: Gengar\n|-crit|p1a: Gengar\n|-damage|p1a: Gengar|0 fnt\n|faint|p1a: Gengar\n|\n|upkeep\n|\n|t:|1699999771\n|switch|p1a: Lucario|Lucario, M|100\/100\n|turn|15\n|\n|t:|1699999773\n|move|p1a: Lucario|Aura Sphere|p2a: Lucario\n|-supereffective|p2a: Lucario\n|-damage|p2a: Lucario|0 fnt\n|faint|p2a: Lucario\n|\n|upkeep\n|\n|t:|1699999776\n|switch|p2a: Kingambit|Kingambit, F|100\/100\n|-activate|p2a: Kingambit|ability: Supreme Overlord\n|-start|p2a: Kingambit|fallen5|[silent]\n|turn|16\n|\n|t:|1699999780\n|detailschange|p1a: Lucario|Lucario-Mega, M\n|-mega|p1a: Lucario|Lucario|Lucarionite\n|move|p2a: Kingambit|Sucker Punch|p1a: Lucario\n|-resisted|p1a: Lucario\n|-damage|p1a: Lucario|55\/100\n|move|p1a: Lucario|Aura Sphere|p2a: Kingambit\n|-supereffective|p2a: Kingambit\n|-damage|p2a: Kingambit|0 fnt\n|faint|p2a: Kingambit\n|-end|p2a: Kingambit|fallen5|[silent]\n|\n|win|KJ.nyc\n|raw|KJ.nyc's rating: 1192 &rarr; <strong>1221<\/strong><br \/>(+29 for winning)\n|raw|fkfjdjjdj's rating: 1243 &rarr; <strong>1214<\/strong><br \/>(-29 for losing)\n","uploadtime":1699999795,"views":6,"p1id":"kjnyc","p2id":"fkfjdjjdj","formatid":"gen9nationaldexubers","rating":1214,"private":0,"password":""}