{"id":"gen9nationaldexubers-1989278411","p1":"BloodPlum","p2":"SkechiArt","format":"[Gen 9] National Dex Ubers","log":"|j|\u2606BloodPlum\n|j|\u2606SkechiArt\n|t:|1699831113\n|gametype|singles\n|player|p1|BloodPlum|parasollady|\n|player|p2|SkechiArt|acetrainerf|\n|teamsize|p1|6\n|teamsize|p2|6\n|gen|9\n|tier|[Gen 9] National Dex Ubers\n|rule|HP Percentage Mod: HP is shown in percentages\n|rule|Endless Battle Clause: Forcing endless battles is banned\n|rule|OHKO Clause: OHKO moves are banned\n|rule|Evasion Moves Clause: Evasion moves are banned\n|rule|Evasion Items Clause: Evasion items are banned\n|rule|Species Clause: Limit one of each Pok\u00e9mon\n|rule|Sleep Clause Mod: Limit one foe put to sleep\n|rule|Mega Rayquaza Clause: You cannot mega evolve Rayquaza\n|clearpoke\n|poke|p1|Heracross, M|\n|poke|p1|Gliscor, F|\n|poke|p1|Hitmontop, M|\n|poke|p1|Azumarill, M|\n|poke|p1|Mismagius, F|\n|poke|p1|Slowking-Galar, F|\n|poke|p2|Melmetal|\n|poke|p2|Corviknight, F|\n|poke|p2|Ferrothorn, F|\n|poke|p2|Gholdengo|\n|poke|p2|Heatran, M|\n|poke|p2|Scizor, M|\n|teampreview\n|\n|t:|1699831128\n|start\n|switch|p1a: Slowking|Slowking-Galar, F|100\/100\n|switch|p2a: Meta Knight|Scizor, M|100\/100\n|turn|1\n|\n|t:|1699831134\n|detailschange|p2a: Meta Knight|Scizor-Mega, M\n|-mega|p2a: Meta Knight|Scizor|Scizorite\n|move|p2a: Meta Knight|Swords Dance|p2a: Meta Knight\n|-boost|p2a: Meta Knight|atk|2\n|move|p1a: Slowking|Yawn|p2a: Meta Knight\n|-start|p2a: Meta Knight|move: Yawn|[of] p1a: Slowking\n|\n|upkeep\n|turn|2\n|\n|t:|1699831141\n|move|p2a: Meta Knight|Bug Bite|p1a: Slowking\n|-damage|p1a: Slowking|0 fnt\n|faint|p1a: Slowking\n|\n|-end|p2a: Meta Knight|move: Yawn|[silent]\n|-status|p2a: Meta Knight|slp\n|upkeep\n|j| Destinum\n|\n|t:|1699831149\n|switch|p1a: Mismagius|Mismagius, F|100\/100\n|turn|3\n|\n|t:|1699831192\n|cant|p2a: Meta Knight|slp\n|move|p1a: Mismagius|Trick Room|p1a: Mismagius\n|-fieldstart|move: Trick Room|[of] p1a: Mismagius\n|\n|upkeep\n|turn|4\n|\n|t:|1699831196\n|-curestatus|p2a: Meta Knight|slp|[msg]\n|move|p2a: Meta Knight|Bullet Punch|p1a: Mismagius\n|-enditem|p1a: Mismagius|Focus Sash\n|-damage|p1a: Mismagius|1\/100\n|move|p1a: Mismagius|Shadow Ball|p2a: Meta Knight\n|-damage|p2a: Meta Knight|73\/100\n|\n|upkeep\n|turn|5\n|\n|t:|1699831205\n|switch|p1a: Hitmontop|Hitmontop, M|100\/100\n|move|p2a: Meta Knight|Bullet Punch|p1a: Hitmontop\n|-damage|p1a: Hitmontop|11\/100\n|\n|upkeep\n|turn|6\n|\n|t:|1699831208\n|move|p2a: Meta Knight|Bullet Punch|p1a: Hitmontop\n|-damage|p1a: Hitmontop|0 fnt\n|faint|p1a: Hitmontop\n|\n|upkeep\n|c|\u2606SkechiArt|ok\n|c|\u2606SkechiArt|i have to ask\n|\n|t:|1699831215\n|switch|p1a: Gliscor|Gliscor, F|100\/100\n|turn|7\n|c|\u2606SkechiArt|my scizor is slower then your entire team\n|\n|t:|1699831232\n|move|p2a: Meta Knight|Bullet Punch|p1a: Gliscor\n|-damage|p1a: Gliscor|32\/100\n|move|p1a: Gliscor|Fire Fang|p2a: Meta Knight\n|-supereffective|p2a: Meta Knight\n|-damage|p2a: Meta Knight|17\/100\n|\n|-fieldend|move: Trick Room\n|-status|p1a: Gliscor|tox|[from] item: Toxic Orb\n|upkeep\n|turn|8\n|\n|t:|1699831237\n|move|p2a: Meta Knight|Bullet Punch|p1a: Gliscor\n|-damage|p1a: Gliscor|0 fnt\n|faint|p1a: Gliscor\n|\n|upkeep\n|\n|t:|1699831239\n|switch|p1a: Heracross|Heracross, M|100\/100\n|turn|9\n|\n|t:|1699831243\n|detailschange|p1a: Heracross|Heracross-Mega, M\n|-mega|p1a: Heracross|Heracross|Heracronite\n|move|p2a: Meta Knight|Bullet Punch|p1a: Heracross\n|-damage|p1a: Heracross|40\/100\n|move|p1a: Heracross|Knock Off|p2a: Meta Knight\n|-damage|p2a: Meta Knight|0 fnt\n|faint|p2a: Meta Knight\n|\n|upkeep\n|c| Destinum|Doubt it's slower than Azumarill.\n|c|\u2606SkechiArt|yeah that and heracross are the exceptions\n|\n|t:|1699831259\n|switch|p2a: Pyribbit|Heatran, M|100\/100\n|turn|10\n|c|\u2606SkechiArt|gg\n|c|\u2606BloodPlum|It's not slower than Heracross or Hitmontop.\n|\n|t:|1699831272\n|move|p2a: Pyribbit|Flash Cannon|p1a: Heracross\n|-damage|p1a: Heracross|1\/100\n|move|p1a: Heracross|Close Combat|p2a: Pyribbit\n|-supereffective|p2a: Pyribbit\n|-damage|p2a: Pyribbit|0 fnt\n|-unboost|p1a: Heracross|def|1\n|-unboost|p1a: Heracross|spd|1\n|faint|p2a: Pyribbit\n|\n|upkeep\n|c|\u2606SkechiArt|showdex\n|c|\u2606SkechiArt|you bitch\n|c|\u2606SkechiArt|it said that killed\n|c|\u2606SkechiArt|bruh\n|c|\u2606SkechiArt|ugh\n|c|\u2606SkechiArt|what ever\n|\n|t:|1699831297\n|switch|p2a: Dynablade|Corviknight, F|100\/100\n|turn|11\n|\n|t:|1699831300\n|move|p1a: Heracross|Knock Off|p2a: Dynablade\n|-damage|p2a: Dynablade|74\/100\n|-enditem|p2a: Dynablade|Leftovers|[from] move: Knock Off|[of] p1a: Heracross\n|move|p2a: Dynablade|Body Press|p1a: Heracross\n|-resisted|p1a: Heracross\n|-damage|p1a: Heracross|0 fnt\n|faint|p1a: Heracross\n|\n|upkeep\n|\n|t:|1699831307\n|switch|p1a: Mismagius|Mismagius, F|1\/100\n|turn|12\n|\n|t:|1699831313\n|switch|p2a: Void Termina|Melmetal|100\/100\n|move|p1a: Mismagius|Destiny Bond|p1a: Mismagius\n|-singlemove|p1a: Mismagius|Destiny Bond\n|\n|upkeep\n|turn|13\n|\n|t:|1699831319\n|move|p1a: Mismagius|Will-O-Wisp|p2a: Void Termina\n|-status|p2a: Void Termina|brn\n|move|p2a: Void Termina|Facade|p1a: Mismagius\n|-immune|p1a: Mismagius\n|\n|-damage|p2a: Void Termina|94\/100 brn|[from] brn\n|upkeep\n|turn|14\n|\n|t:|1699831324\n|-terastallize|p2a: Void Termina|Steel\n|move|p2a: Void Termina|Double Iron Bash|p1a: Mismagius\n|-damage|p1a: Mismagius|0 fnt\n|faint|p1a: Mismagius\n|-hitcount|p1: Mismagius|1\n|\n|-damage|p2a: Void Termina|88\/100 brn|[from] brn\n|upkeep\n|\n|t:|1699831328\n|switch|p1a: Azumarill|Azumarill, M|100\/100\n|turn|15\n|\n|t:|1699831332\n|move|p1a: Azumarill|Belly Drum|p1a: Azumarill\n|-damage|p1a: Azumarill|51\/100\n|-setboost|p1a: Azumarill|atk|6|[from] move: Belly Drum\n|move|p2a: Void Termina|Double Iron Bash|p1a: Azumarill\n|-damage|p1a: Azumarill|18\/100\n|-damage|p1a: Azumarill|0 fnt\n|faint|p1a: Azumarill\n|-hitcount|p1: Azumarill|2\n|\n|win|SkechiArt\n|l|\u2606BloodPlum\n|c|\u2606SkechiArt|gg\n|l|\u2606SkechiArt\n","uploadtime":1699831346,"views":18,"p1id":"bloodplum","p2id":"skechiart","formatid":"gen9nationaldexubers","rating":0,"private":0,"password":""}