{"id":"gen9nationaldexubers-1992486821","p1":"sleepcooling","p2":"Cyniot","format":"[Gen 9] National Dex Ubers","log":"|j|\u2606sleepcooling\n|j|\u2606Cyniot\n|t:|1700193708\n|gametype|singles\n|player|p1|sleepcooling|bianca|1575\n|player|p2|Cyniot|ash|1651\n|teamsize|p1|6\n|teamsize|p2|6\n|gen|9\n|tier|[Gen 9] National Dex Ubers\n|rated|\n|rule|HP Percentage Mod: HP is shown in percentages\n|rule|Endless Battle Clause: Forcing endless battles is banned\n|rule|OHKO Clause: OHKO moves are banned\n|rule|Evasion Moves Clause: Evasion moves are banned\n|rule|Evasion Items Clause: Evasion items are banned\n|rule|Species Clause: Limit one of each Pok\u00e9mon\n|rule|Sleep Clause Mod: Limit one foe put to sleep\n|rule|Mega Rayquaza Clause: You cannot mega evolve Rayquaza\n|clearpoke\n|poke|p1|Rayquaza|\n|poke|p1|Diancie|\n|poke|p1|Flutter Mane|\n|poke|p1|Kyogre|\n|poke|p1|Zacian-*|\n|poke|p1|Zamazenta-*|\n|poke|p2|Deoxys-Speed|\n|poke|p2|Groudon|\n|poke|p2|Xerneas-*|\n|poke|p2|Arceus-Dark|\n|poke|p2|Zacian-*|\n|poke|p2|Lugia|\n|teampreview\n|inactive|Battle timer is ON: inactive players will automatically lose when time's up. (requested by Cyniot)\n|\n|t:|1700193714\n|start\n|switch|p1a: Diancie|Diancie|100\/100\n|switch|p2a: Deoxys|Deoxys-Speed|100\/100\n|-ability|p2a: Deoxys|Pressure\n|turn|1\n|\n|t:|1700193718\n|detailschange|p1a: Diancie|Diancie-Mega\n|-mega|p1a: Diancie|Diancie|Diancite\n|move|p2a: Deoxys|Magic Coat|p2a: Deoxys\n|-singleturn|p2a: Deoxys|move: Magic Coat\n|move|p1a: Diancie|Diamond Storm|p2a: Deoxys\n|-damage|p2a: Deoxys|41\/100\n|\n|upkeep\n|turn|2\n|\n|t:|1700193731\n|switch|p2a: Groudon|Groudon|100\/100\n|detailschange|p2a: Groudon|Groudon-Primal\n|-primal|p2a: Groudon|Red Orb\n|-weather|DesolateLand|[from] ability: Desolate Land|[of] p2a: Groudon\n|move|p1a: Diancie|Earth Power|p2a: Groudon\n|-supereffective|p2a: Groudon\n|-damage|p2a: Groudon|16\/100\n|\n|-weather|DesolateLand|[upkeep]\n|upkeep\n|turn|3\n|\n|t:|1700193747\n|move|p1a: Diancie|Diamond Storm|p2a: Groudon\n|-damage|p2a: Groudon|0 fnt\n|-boost|p1a: Diancie|def|2\n|faint|p2a: Groudon\n|-weather|none\n|\n|upkeep\n|\n|t:|1700193750\n|switch|p2a: Zacian|Zacian-Crowned|100\/100\n|-ability|p2a: Zacian|Intrepid Sword|boost\n|-boost|p2a: Zacian|atk|1\n|turn|4\n|\n|t:|1700193762\n|switch|p1a: Zamazenta|Zamazenta-Crowned|100\/100\n|-ability|p1a: Zamazenta|Dauntless Shield|boost\n|-boost|p1a: Zamazenta|def|1\n|move|p2a: Zacian|Behemoth Blade|p1a: Zamazenta\n|-resisted|p1a: Zamazenta\n|-damage|p1a: Zamazenta|80\/100\n|\n|upkeep\n|turn|5\n|\n|t:|1700193769\n|switch|p2a: Lugia|Lugia|100\/100\n|move|p1a: Zamazenta|Iron Defense|p1a: Zamazenta\n|-boost|p1a: Zamazenta|def|2\n|\n|upkeep\n|turn|6\n|\n|t:|1700193772\n|move|p1a: Zamazenta|Substitute|p1a: Zamazenta\n|-start|p1a: Zamazenta|Substitute\n|-damage|p1a: Zamazenta|55\/100\n|move|p2a: Lugia|Whirlwind|p1a: Zamazenta\n|drag|p1a: Kyogre|Kyogre|100\/100\n|detailschange|p1a: Kyogre|Kyogre-Primal\n|-primal|p1a: Kyogre|Blue Orb\n|-weather|PrimordialSea|[from] ability: Primordial Sea|[of] p1a: Kyogre\n|\n|-weather|PrimordialSea|[upkeep]\n|upkeep\n|turn|7\n|\n|t:|1700193779\n|move|p2a: Lugia|Toxic|p1a: Kyogre\n|-status|p1a: Kyogre|tox\n|move|p1a: Kyogre|Toxic|p2a: Lugia\n|-status|p2a: Lugia|tox\n|\n|-weather|PrimordialSea|[upkeep]\n|-damage|p2a: Lugia|94\/100 tox|[from] psn\n|-damage|p1a: Kyogre|94\/100 tox|[from] psn\n|upkeep\n|turn|8\n|\n|t:|1700193786\n|move|p1a: Kyogre|Origin Pulse|p2a: Lugia\n|-damage|p2a: Lugia|53\/100 tox\n|move|p2a: Lugia|Whirlwind|p1a: Kyogre\n|-weather|none\n|drag|p1a: Zacian|Zacian-Crowned|100\/100\n|-ability|p1a: Zacian|Intrepid Sword|boost\n|-boost|p1a: Zacian|atk|1\n|\n|-damage|p2a: Lugia|41\/100 tox|[from] psn\n|upkeep\n|turn|9\n|\n|t:|1700193796\n|move|p1a: Zacian|Behemoth Blade|p2a: Lugia\n|-damage|p2a: Lugia|0 fnt\n|faint|p2a: Lugia\n|\n|upkeep\n|\n|t:|1700193802\n|switch|p2a: Arceus|Arceus-Dark|100\/100\n|turn|10\n|\n|t:|1700193806\n|-terastallize|p2a: Arceus|Poison\n|move|p1a: Zacian|Swords Dance|p1a: Zacian\n|-boost|p1a: Zacian|atk|2\n|move|p2a: Arceus|Will-O-Wisp|p1a: Zacian\n|-status|p1a: Zacian|brn\n|\n|-damage|p1a: Zacian|94\/100 brn|[from] brn\n|upkeep\n|turn|11\n|\n|t:|1700193817\n|move|p1a: Zacian|Behemoth Blade|p2a: Arceus\n|-damage|p2a: Arceus|63\/100\n|move|p2a: Arceus|Foul Play|p1a: Zacian\n|-resisted|p1a: Zacian\n|-damage|p1a: Zacian|24\/100 brn\n|\n|-damage|p1a: Zacian|18\/100 brn|[from] brn\n|upkeep\n|turn|12\n|\n|t:|1700193825\n|move|p1a: Zacian|Behemoth Blade|p2a: Arceus\n|-damage|p2a: Arceus|24\/100\n|move|p2a: Arceus|Recover|p2a: Arceus\n|-heal|p2a: Arceus|74\/100\n|\n|-damage|p1a: Zacian|12\/100 brn|[from] brn\n|upkeep\n|turn|13\n|\n|t:|1700193831\n|move|p1a: Zacian|Behemoth Blade|p2a: Arceus\n|-damage|p2a: Arceus|34\/100\n|move|p2a: Arceus|Recover|p2a: Arceus\n|-heal|p2a: Arceus|84\/100\n|\n|-damage|p1a: Zacian|5\/100 brn|[from] brn\n|upkeep\n|turn|14\n|\n|t:|1700193838\n|move|p1a: Zacian|Behemoth Blade|p2a: Arceus\n|-damage|p2a: Arceus|47\/100\n|move|p2a: Arceus|Recover|p2a: Arceus\n|-heal|p2a: Arceus|97\/100\n|\n|-damage|p1a: Zacian|0 fnt|[from] brn\n|faint|p1a: Zacian\n|upkeep\n|\n|t:|1700193848\n|switch|p1a: Diancie|Diancie-Mega|100\/100\n|turn|15\n|\n|t:|1700193855\n|switch|p2a: Deoxys|Deoxys-Speed|41\/100\n|-ability|p2a: Deoxys|Pressure\n|move|p1a: Diancie|Stealth Rock|p2a: Deoxys\n|-sidestart|p2: Cyniot|move: Stealth Rock\n|\n|upkeep\n|turn|16\n|\n|t:|1700193864\n|move|p2a: Deoxys|Magic Coat|p2a: Deoxys\n|-singleturn|p2a: Deoxys|move: Magic Coat\n|move|p1a: Diancie|Earth Power|p2a: Deoxys\n|-damage|p2a: Deoxys|0 fnt\n|faint|p2a: Deoxys\n|\n|upkeep\n|\n|t:|1700193866\n|switch|p2a: Zacian|Zacian-Crowned|100\/100\n|-damage|p2a: Zacian|94\/100|[from] Stealth Rock\n|turn|17\n|\n|t:|1700193877\n|switch|p1a: Kyogre|Kyogre-Primal|94\/100 tox\n|-weather|PrimordialSea|[from] ability: Primordial Sea|[of] p1a: Kyogre\n|move|p2a: Zacian|Behemoth Blade|p1a: Kyogre\n|-resisted|p1a: Kyogre\n|-damage|p1a: Kyogre|75\/100 tox\n|\n|-weather|PrimordialSea|[upkeep]\n|-damage|p1a: Kyogre|68\/100 tox|[from] psn\n|upkeep\n|turn|18\n|\n|t:|1700193887\n|move|p2a: Zacian|Play Rough|p1a: Kyogre\n|-damage|p1a: Kyogre|33\/100 tox\n|move|p1a: Kyogre|Origin Pulse|p2a: Zacian\n|-damage|p2a: Zacian|3\/100\n|\n|-weather|PrimordialSea|[upkeep]\n|-damage|p1a: Kyogre|20\/100 tox|[from] psn\n|upkeep\n|turn|19\n|\n|t:|1700193894\n|move|p2a: Zacian|Play Rough|p1a: Kyogre\n|-damage|p1a: Kyogre|0 fnt\n|faint|p1a: Kyogre\n|-weather|none\n|\n|upkeep\n|\n|t:|1700193898\n|switch|p1a: Rayquaza|Rayquaza|100\/100\n|-ability|p1a: Rayquaza|Air Lock\n|turn|20\n|\n|t:|1700193904\n|move|p1a: Rayquaza|Extreme Speed|p2a: Zacian\n|-resisted|p2a: Zacian\n|-damage|p2a: Zacian|0 fnt\n|faint|p2a: Zacian\n|\n|upkeep\n|\n|t:|1700193905\n|switch|p2a: Arceus|Arceus-Dark, tera:Poison|97\/100\n|-damage|p2a: Arceus|85\/100|[from] Stealth Rock\n|turn|21\n|\n|t:|1700193911\n|move|p2a: Arceus|Foul Play|p1a: Rayquaza\n|-damage|p1a: Rayquaza|37\/100\n|-zpower|p1a: Rayquaza\n|move|p1a: Rayquaza|Supersonic Skystrike|p2a: Arceus|[zeffect]\n|-damage|p2a: Arceus|24\/100\n|\n|upkeep\n|turn|22\n|\n|t:|1700193929\n|move|p1a: Rayquaza|Extreme Speed|p2a: Arceus\n|-damage|p2a: Arceus|6\/100\n|move|p2a: Arceus|Foul Play|p1a: Rayquaza\n|-damage|p1a: Rayquaza|0 fnt\n|faint|p1a: Rayquaza\n|\n|upkeep\n|\n|t:|1700193935\n|switch|p1a: Flutter Mane|Flutter Mane|100\/100\n|turn|23\n|\n|t:|1700193941\n|move|p1a: Flutter Mane|Shadow Ball|p2a: Arceus\n|-damage|p2a: Arceus|0 fnt\n|faint|p2a: Arceus\n|-damage|p1a: Flutter Mane|91\/100|[from] item: Life Orb\n|\n|upkeep\n|\n|t:|1700193943\n|switch|p2a: Xerneas|Xerneas|100\/100\n|-damage|p2a: Xerneas|88\/100|[from] Stealth Rock\n|-ability|p2a: Xerneas|Fairy Aura\n|turn|24\n|\n|t:|1700193949\n|move|p1a: Flutter Mane|Thunder Wave|p2a: Xerneas\n|-status|p2a: Xerneas|par\n|cant|p2a: Xerneas|par\n|\n|upkeep\n|turn|25\n|\n|t:|1700193955\n|move|p1a: Flutter Mane|Moonblast|p2a: Xerneas\n|-crit|p2a: Xerneas\n|-damage|p2a: Xerneas|0 fnt\n|faint|p2a: Xerneas\n|-damage|p1a: Flutter Mane|81\/100|[from] item: Life Orb\n|\n|win|sleepcooling\n|raw|sleepcooling's rating: 1575 &rarr; <strong>1599<\/strong><br \/>(+24 for winning)\n|raw|Cyniot's rating: 1651 &rarr; <strong>1627<\/strong><br \/>(-24 for losing)\n|l|\u2606Cyniot\n","uploadtime":1700194003,"views":7,"p1id":"sleepcooling","p2id":"cyniot","formatid":"gen9nationaldexubers","rating":1599,"private":0,"password":""}