{"id":"gen9nationaldexubers-1995091599","p1":"NotMystery","p2":"straightoutta14BC","format":"[Gen 9] National Dex Ubers","log":"|j|\u2606NotMystery\n|j|\u2606straightoutta14BC\n|inactive|Battle timer is ON: inactive players will automatically lose when time's up.\n|t:|1700521596\n|gametype|singles\n|player|p1|NotMystery|skyla-masters2|\n|player|p2|straightoutta14BC|266|\n|teamsize|p1|6\n|teamsize|p2|6\n|gen|9\n|tier|[Gen 9] National Dex Ubers\n|rated|Tournament battle\n|rule|HP Percentage Mod: HP is shown in percentages\n|rule|Endless Battle Clause: Forcing endless battles is banned\n|rule|OHKO Clause: OHKO moves are banned\n|rule|Evasion Moves Clause: Evasion moves are banned\n|rule|Evasion Items Clause: Evasion items are banned\n|rule|Species Clause: Limit one of each Pok\u00e9mon\n|rule|Sleep Clause Mod: Limit one foe put to sleep\n|rule|Mega Rayquaza Clause: You cannot mega evolve Rayquaza\n|rule|Dynamax Clause: You cannot dynamax\n|rule|Terastal Clause: You cannot Terastallize\n|rule|Same Type Clause: Pok\u00e9mon in a team must share a type\n|clearpoke\n|poke|p1|Kangaskhan, F|\n|poke|p1|Zoroark-Hisui, F|\n|poke|p1|Ditto|\n|poke|p1|Arceus|\n|poke|p1|Blissey, F|\n|poke|p1|Staraptor, F|\n|poke|p2|Klinklang|\n|poke|p2|Bronzong|\n|poke|p2|Mawile, F|\n|poke|p2|Melmetal|\n|poke|p2|Stakataka|\n|poke|p2|Ferrothorn, F|\n|teampreview\n|inactive|NotMystery also wants the timer to be on.\n|c|\u2606NotMystery|you know\n|c|\u2606NotMystery|everyone expects you to use the same team\n|c|\u2606NotMystery|every time\n|inactive|NotMystery has 120 seconds left.\n|inactive|straightoutta14BC has 120 seconds left.\n|j| DerpyAchoque\n|j| Fixzation\n|inactive|straightoutta14BC has 90 seconds left.\n|\n|t:|1700521663\n|start\n|switch|p1a: Blissey|Blissey, F|100\/100\n|switch|p2a: Shenzhou|Klinklang|100\/100\n|turn|1\n|\n|t:|1700521669\n|move|p1a: Blissey|Thunder Wave|p2a: Shenzhou\n|-status|p2a: Shenzhou|par\n|move|p2a: Shenzhou|Trick Room|p2a: Shenzhou\n|-fieldstart|move: Trick Room|[of] p2a: Shenzhou\n|\n|upkeep\n|turn|2\n|\n|t:|1700521675\n|move|p2a: Shenzhou|Volt Switch|p1a: Blissey\n|-damage|p1a: Blissey|93\/100\n|inactive|straightoutta14BC has 120 seconds left.\n|c|\u2606NotMystery|next time remind me on my ditto to bring power belt\n|j| Franko159\n|\n|t:|1700521722\n|switch|p2a: Nova|Melmetal|100\/100|[from] Volt Switch\n|move|p1a: Blissey|Stealth Rock|p2a: Nova\n|-sidestart|p2: straightoutta14BC|move: Stealth Rock\n|\n|-heal|p1a: Blissey|99\/100|[from] item: Leftovers\n|upkeep\n|turn|3\n|l| Franko159\n|c|\u2606NotMystery|when facing ubers straight\n|\n|t:|1700521731\n|move|p2a: Nova|Double Iron Bash|p1a: Blissey\n|-damage|p1a: Blissey|42\/100\n|-crit|p1a: Blissey\n|-damage|p1a: Blissey|0 fnt\n|faint|p1a: Blissey\n|-hitcount|p1: Blissey|2\n|\n|upkeep\n|\n|t:|1700521735\n|switch|p1a: Kangaskhan|Kangaskhan, F|100\/100\n|turn|4\n|\n|t:|1700521743\n|detailschange|p1a: Kangaskhan|Kangaskhan-Mega, F\n|-mega|p1a: Kangaskhan|Kangaskhan|Kangaskhanite\n|move|p1a: Kangaskhan|Fake Out|p2a: Nova\n|-resisted|p2a: Nova\n|-damage|p2a: Nova|96\/100\n|-resisted|p2a: Nova\n|-damage|p2a: Nova|95\/100\n|-hitcount|p2a: Nova|2\n|cant|p2a: Nova|flinch\n|\n|upkeep\n|turn|5\n|l| Fixzation\n|\n|t:|1700521753\n|move|p1a: Kangaskhan|Protect|p1a: Kangaskhan\n|-singleturn|p1a: Kangaskhan|Protect\n|move|p2a: Nova|Double Iron Bash|p1a: Kangaskhan\n|-activate|p1a: Kangaskhan|move: Protect\n|\n|-fieldend|move: Trick Room\n|upkeep\n|turn|6\n|inactive|straightoutta14BC has 120 seconds left.\n|\n|t:|1700521794\n|move|p1a: Kangaskhan|Seismic Toss|p2a: Nova\n|-damage|p2a: Nova|74\/100\n|-damage|p2a: Nova|53\/100\n|-hitcount|p2a: Nova|2\n|move|p2a: Nova|Double Iron Bash|p1a: Kangaskhan\n|-damage|p1a: Kangaskhan|59\/100\n|-damage|p1a: Kangaskhan|21\/100\n|-hitcount|p1a: Kangaskhan|2\n|\n|upkeep\n|turn|7\n|\n|t:|1700521810\n|move|p1a: Kangaskhan|Seismic Toss|p2a: Nova\n|-damage|p2a: Nova|32\/100\n|-damage|p2a: Nova|11\/100\n|-hitcount|p2a: Nova|2\n|move|p2a: Nova|Double Iron Bash|p1a: Kangaskhan\n|-damage|p1a: Kangaskhan|0 fnt\n|faint|p1a: Kangaskhan\n|-hitcount|p1: Kangaskhan|1\n|\n|upkeep\n|\n|t:|1700521815\n|switch|p1a: Staraptor|Staraptor, F|100\/100\n|turn|8\n|\n|t:|1700521828\n|switch|p2a: Venera|Ferrothorn, F|100\/100\n|-damage|p2a: Venera|94\/100|[from] Stealth Rock\n|move|p1a: Staraptor|Dark Pulse|p2a: Venera\n|-damage|p2a: Venera|69\/100\n|\n|-heal|p2a: Venera|75\/100|[from] item: Leftovers\n|upkeep\n|turn|9\n|\n|t:|1700521848\n|move|p1a: Staraptor|Dark Pulse|p2a: Venera\n|-damage|p2a: Venera|52\/100\n|cant|p2a: Venera|flinch\n|\n|-heal|p2a: Venera|58\/100|[from] item: Leftovers\n|upkeep\n|turn|10\n|\n|t:|1700521851\n|move|p1a: Staraptor|Dark Pulse|p2a: Venera\n|-damage|p2a: Venera|35\/100\n|move|p2a: Venera|Power Whip|p1a: Staraptor\n|-damage|p1a: Staraptor|4\/100\n|replace|p1a: Zoroark|Zoroark-Hisui, F\n|-end|p1a: Zoroark|Illusion\n|\n|-heal|p2a: Venera|41\/100|[from] item: Leftovers\n|upkeep\n|turn|11\n|inactive|straightoutta14BC has 90 seconds left.\n|\n|t:|1700521882\n|switch|p2a: ISS|Stakataka|100\/100\n|-damage|p2a: ISS|94\/100|[from] Stealth Rock\n|move|p1a: Zoroark|Dark Pulse|p2a: ISS\n|-damage|p2a: ISS|68\/100\n|\n|upkeep\n|turn|12\n|\n|t:|1700521891\n|move|p1a: Zoroark|Dark Pulse|p2a: ISS\n|-damage|p2a: ISS|41\/100\n|move|p2a: ISS|Trick Room|p2a: ISS\n|-fieldstart|move: Trick Room|[of] p2a: ISS\n|\n|upkeep\n|turn|13\n|\n|t:|1700521900\n|move|p2a: ISS|Heat Crash|p1a: Zoroark\n|-damage|p1a: Zoroark|0 fnt\n|faint|p1a: Zoroark\n|-ability|p2a: ISS|Beast Boost|boost\n|-boost|p2a: ISS|atk|1\n|-damage|p2a: ISS|31\/100|[from] item: Life Orb\n|\n|upkeep\n|\n|t:|1700521903\n|switch|p1a: Arceus|Arceus|100\/100\n|turn|14\n|\n|t:|1700521907\n|move|p2a: ISS|Gyro Ball|p1a: Arceus\n|-damage|p1a: Arceus|0 fnt\n|faint|p1a: Arceus\n|-ability|p2a: ISS|Beast Boost|boost\n|-boost|p2a: ISS|atk|1\n|-damage|p2a: ISS|22\/100|[from] item: Life Orb\n|\n|upkeep\n|\n|t:|1700521912\n|switch|p1a: Ditto|Ditto|100\/100\n|-transform|p1a: Ditto|p2a: ISS|[from] ability: Imposter\n|turn|15\n|inactive|straightoutta14BC has 120 seconds left.\n|\n|t:|1700521930\n|move|p2a: ISS|Gyro Ball|p1a: Ditto\n|-damage|p1a: Ditto|63\/100\n|-damage|p2a: ISS|12\/100|[from] item: Life Orb\n|move|p1a: Ditto|Heat Crash|p2a: ISS\n|-damage|p2a: ISS|0 fnt\n|faint|p2a: ISS\n|-ability|p1a: Ditto|Beast Boost|boost\n|-boost|p1a: Ditto|atk|1\n|\n|upkeep\n|\n|t:|1700521941\n|switch|p2a: Nova|Melmetal|11\/100\n|-damage|p2a: Nova|5\/100|[from] Stealth Rock\n|turn|16\n|inactive|straightoutta14BC has 120 seconds left.\n|\n|t:|1700521949\n|move|p1a: Ditto|Heat Crash|p2a: Nova\n|-supereffective|p2a: Nova\n|-damage|p2a: Nova|0 fnt\n|faint|p2a: Nova\n|-ability|p1a: Ditto|Beast Boost|boost\n|-boost|p1a: Ditto|atk|1\n|\n|-fieldend|move: Trick Room\n|upkeep\n|inactive|straightoutta14BC has 120 seconds left.\n|\n|t:|1700521959\n|switch|p2a: Echo|Bronzong|100\/100\n|-damage|p2a: Echo|94\/100|[from] Stealth Rock\n|turn|17\n|\n|t:|1700521964\n|move|p1a: Ditto|Heat Crash|p2a: Echo\n|-supereffective|p2a: Echo\n|-damage|p2a: Echo|0 fnt\n|faint|p2a: Echo\n|-ability|p1a: Ditto|Beast Boost|boost\n|-boost|p1a: Ditto|atk|1\n|\n|upkeep\n|\n|t:|1700521977\n|switch|p2a: Venera|Ferrothorn, F|41\/100\n|-damage|p2a: Venera|35\/100|[from] Stealth Rock\n|turn|18\n|\n|t:|1700521982\n|move|p2a: Venera|Protect|p2a: Venera\n|-singleturn|p2a: Venera|Protect\n|move|p1a: Ditto|Heat Crash|p2a: Venera\n|-activate|p2a: Venera|move: Protect\n|\n|-heal|p2a: Venera|41\/100|[from] item: Leftovers\n|upkeep\n|turn|19\n|\n|t:|1700521984\n|move|p1a: Ditto|Heat Crash|p2a: Venera\n|-supereffective|p2a: Venera\n|-damage|p2a: Venera|0 fnt\n|-damage|p1a: Ditto|50\/100|[from] ability: Iron Barbs|[of] p2a: Venera\n|faint|p2a: Venera\n|-ability|p1a: Ditto|Beast Boost|boost\n|-boost|p1a: Ditto|atk|1\n|\n|upkeep\n|\n|t:|1700521993\n|switch|p2a: Shenzhou|Klinklang|100\/100 par\n|-damage|p2a: Shenzhou|94\/100 par|[from] Stealth Rock\n|turn|20\n|\n|t:|1700521997\n|-activate|p1a: Ditto|move: Struggle\n|move|p1a: Ditto|Struggle|p2a: Shenzhou\n|-damage|p2a: Shenzhou|24\/100 par\n|-damage|p1a: Ditto|25\/100|[from] recoil\n|move|p2a: Shenzhou|Trick Room|p2a: Shenzhou\n|-fieldstart|move: Trick Room|[of] p2a: Shenzhou\n|\n|upkeep\n|turn|21\n|\n|t:|1700522005\n|-activate|p1a: Ditto|move: Struggle\n|move|p1a: Ditto|Struggle|p2a: Shenzhou\n|-damage|p2a: Shenzhou|0 fnt\n|faint|p2a: Shenzhou\n|-damage|p1a: Ditto|0 fnt|[from] recoil\n|faint|p1a: Ditto\n|\n|upkeep\n|c|\u2606NotMystery|gg\n|\n|t:|1700522013\n|switch|p1a: Staraptor|Staraptor, F|100\/100\n|switch|p2a: Valentina|Mawile, F|100\/100\n|-damage|p2a: Valentina|94\/100|[from] Stealth Rock\n|-ability|p2a: Valentina|Intimidate|boost\n|-unboost|p1a: Staraptor|atk|1\n|turn|22\n|\n|t:|1700522021\n|detailschange|p2a: Valentina|Mawile-Mega, F\n|-mega|p2a: Valentina|Mawile|Mawilite\n|move|p2a: Valentina|Play Rough|p1a: Staraptor\n|-damage|p1a: Staraptor|0 fnt\n|faint|p1a: Staraptor\n|\n|win|straightoutta14BC\n|n|\u2606NotMystery|notmystery\n|n|\u2606straightoutta14BC|straightoutta14bc\n|n| DerpyAchoque|derpyachoque\n|l|\u2606NotMystery\n","uploadtime":1700522029,"views":1,"p1id":"notmystery","p2id":"straightoutta14bc","formatid":"gen9nationaldexubers","rating":0,"private":0,"password":""}