{"id":"gen9nationaldexubers-1996187198","p1":"Tran minh quan","p2":"6chaos9","format":"[Gen 9] National Dex Ubers","log":"|j|\u2606Tran minh quan\n|j|\u26066chaos9\n|t:|1700656726\n|gametype|singles\n|player|p1|Tran minh quan|lucas|1025\n|player|p2|6chaos9|169|1055\n|teamsize|p1|6\n|teamsize|p2|4\n|gen|9\n|tier|[Gen 9] National Dex Ubers\n|rated|\n|rule|HP Percentage Mod: HP is shown in percentages\n|rule|Endless Battle Clause: Forcing endless battles is banned\n|rule|OHKO Clause: OHKO moves are banned\n|rule|Evasion Moves Clause: Evasion moves are banned\n|rule|Evasion Items Clause: Evasion items are banned\n|rule|Species Clause: Limit one of each Pok\u00e9mon\n|rule|Sleep Clause Mod: Limit one foe put to sleep\n|rule|Mega Rayquaza Clause: You cannot mega evolve Rayquaza\n|clearpoke\n|poke|p1|Metagross|\n|poke|p1|Aggron, F|\n|poke|p1|Armaldo, M|\n|poke|p1|Claydol|\n|poke|p1|Cradily, F|\n|poke|p1|Skarmory, M|\n|poke|p2|Quagsire, M|\n|poke|p2|Dondozo, M|\n|poke|p2|Skeledirge, F|\n|poke|p2|Clefable, M|\n|teampreview\n|\n|t:|1700656743\n|start\n|switch|p1a: Claydol|Claydol|100\/100\n|switch|p2a: Skeledirge|Skeledirge, F|100\/100\n|turn|1\n|\n|t:|1700656750\n|move|p2a: Skeledirge|Will-O-Wisp|p1a: Claydol\n|-status|p1a: Claydol|brn\n|move|p1a: Claydol|Earthquake|p2a: Skeledirge\n|-supereffective|p2a: Skeledirge\n|-damage|p2a: Skeledirge|79\/100\n|\n|-damage|p1a: Claydol|94\/100 brn|[from] brn\n|upkeep\n|turn|2\n|\n|t:|1700656761\n|move|p2a: Skeledirge|Torch Song|p1a: Claydol\n|-damage|p1a: Claydol|71\/100 brn\n|-boost|p2a: Skeledirge|spa|1\n|move|p1a: Claydol|Ancient Power|p2a: Skeledirge\n|-supereffective|p2a: Skeledirge\n|-damage|p2a: Skeledirge|58\/100\n|\n|-damage|p1a: Claydol|65\/100 brn|[from] brn\n|upkeep\n|turn|3\n|\n|t:|1700656772\n|move|p2a: Skeledirge|Hex|p1a: Claydol\n|-supereffective|p1a: Claydol\n|-damage|p1a: Claydol|0 fnt\n|faint|p1a: Claydol\n|\n|upkeep\n|\n|t:|1700656784\n|switch|p1a: Armaldo|Armaldo, M|100\/100\n|turn|4\n|\n|t:|1700656789\n|move|p2a: Skeledirge|Will-O-Wisp|p1a: Armaldo\n|-status|p1a: Armaldo|brn\n|move|p1a: Armaldo|Ancient Power|p2a: Skeledirge\n|-supereffective|p2a: Skeledirge\n|-damage|p2a: Skeledirge|29\/100\n|\n|-damage|p1a: Armaldo|94\/100 brn|[from] brn\n|upkeep\n|turn|5\n|\n|t:|1700656799\n|move|p2a: Skeledirge|Hex|p1a: Armaldo\n|-damage|p1a: Armaldo|0 fnt\n|faint|p1a: Armaldo\n|\n|upkeep\n|\n|t:|1700656809\n|switch|p1a: Aggron|Aggron, F|100\/100\n|turn|6\n|\n|t:|1700656812\n|move|p1a: Aggron|Earthquake|p2a: Skeledirge\n|-supereffective|p2a: Skeledirge\n|-damage|p2a: Skeledirge|0 fnt\n|faint|p2a: Skeledirge\n|\n|upkeep\n|\n|t:|1700656818\n|switch|p2a: Quagsire|Quagsire, M|100\/100\n|turn|7\n|\n|t:|1700656828\n|move|p1a: Aggron|Earthquake|p2a: Quagsire\n|-damage|p2a: Quagsire|75\/100\n|move|p2a: Quagsire|Counter|p1a: Aggron\n|-damage|p1a: Aggron|42\/100\n|\n|-heal|p2a: Quagsire|81\/100|[from] item: Leftovers\n|upkeep\n|turn|8\n|\n|t:|1700656836\n|switch|p1a: Cradily|Cradily, F|100\/100\n|move|p2a: Quagsire|Recover|p2a: Quagsire\n|-heal|p2a: Quagsire|100\/100\n|\n|upkeep\n|turn|9\n|\n|t:|1700656843\n|switch|p2a: Clefable|Clefable, M|100\/100\n|move|p1a: Cradily|Giga Drain|p2a: Clefable\n|-damage|p2a: Clefable|75\/100\n|\n|-heal|p2a: Clefable|81\/100|[from] item: Leftovers\n|upkeep\n|turn|10\n|\n|t:|1700656854\n|switch|p1a: Aggron|Aggron, F|42\/100\n|move|p2a: Clefable|Wish|p2a: Clefable\n|\n|-heal|p2a: Clefable|87\/100|[from] item: Leftovers\n|upkeep\n|turn|11\n|\n|t:|1700656864\n|move|p1a: Aggron|Heavy Slam|p2a: Clefable\n|-supereffective|p2a: Clefable\n|-damage|p2a: Clefable|9\/100\n|move|p2a: Clefable|Drain Punch|p1a: Aggron\n|-supereffective|p1a: Aggron\n|-damage|p1a: Aggron|9\/100\n|-heal|p2a: Clefable|25\/100|[from] drain|[of] p1a: Aggron\n|\n|-heal|p2a: Clefable|75\/100|[from] move: Wish|[wisher] Clefable\n|-heal|p2a: Clefable|81\/100|[from] item: Leftovers\n|upkeep\n|turn|12\n|\n|t:|1700656878\n|switch|p2a: Dondozo|Dondozo, M|100\/100\n|move|p1a: Aggron|Heavy Slam|p2a: Dondozo\n|-resisted|p2a: Dondozo\n|-damage|p2a: Dondozo|95\/100\n|\n|-heal|p2a: Dondozo|100\/100|[from] item: Leftovers\n|upkeep\n|turn|13\n|\n|t:|1700656889\n|move|p1a: Aggron|Thunder Wave|p2a: Dondozo|[miss]\n|-miss|p1a: Aggron|p2a: Dondozo\n|move|p2a: Dondozo|Yawn|p1a: Aggron\n|-start|p1a: Aggron|move: Yawn|[of] p2a: Dondozo\n|\n|upkeep\n|turn|14\n|\n|t:|1700656896\n|move|p1a: Aggron|Thunder Wave|p2a: Dondozo\n|-status|p2a: Dondozo|par\n|move|p2a: Dondozo|Dive||[still]\n|-prepare|p2a: Dondozo|Dive\n|\n|-end|p1a: Aggron|move: Yawn|[silent]\n|-status|p1a: Aggron|slp\n|upkeep\n|turn|15\n|\n|t:|1700656904\n|cant|p1a: Aggron|slp\n|move|p2a: Dondozo|Dive|p1a: Aggron|[from]lockedmove\n|-supereffective|p1a: Aggron\n|-damage|p1a: Aggron|0 fnt\n|faint|p1a: Aggron\n|\n|upkeep\n|\n|t:|1700656912\n|switch|p1a: Cradily|Cradily, F|100\/100\n|turn|16\n|\n|t:|1700656918\n|move|p1a: Cradily|Giga Drain|p2a: Dondozo\n|-supereffective|p2a: Dondozo\n|-damage|p2a: Dondozo|57\/100 par\n|move|p2a: Dondozo|Yawn|p1a: Cradily\n|-start|p1a: Cradily|move: Yawn|[of] p2a: Dondozo\n|\n|-heal|p2a: Dondozo|63\/100 par|[from] item: Leftovers\n|upkeep\n|turn|17\n|\n|t:|1700656929\n|move|p1a: Cradily|Giga Drain|p2a: Dondozo\n|-supereffective|p2a: Dondozo\n|-damage|p2a: Dondozo|15\/100 par\n|move|p2a: Dondozo|Dive||[still]\n|-prepare|p2a: Dondozo|Dive\n|\n|-heal|p2a: Dondozo|21\/100 par|[from] item: Leftovers\n|-end|p1a: Cradily|move: Yawn|[silent]\n|-status|p1a: Cradily|slp\n|upkeep\n|turn|18\n|\n|t:|1700656938\n|cant|p1a: Cradily|slp\n|move|p2a: Dondozo|Dive|p1a: Cradily|[from]lockedmove\n|-damage|p1a: Cradily|68\/100 slp\n|\n|-heal|p2a: Dondozo|27\/100 par|[from] item: Leftovers\n|upkeep\n|turn|19\n|\n|t:|1700656946\n|cant|p1a: Cradily|slp\n|move|p2a: Dondozo|Rest|p2a: Dondozo\n|-status|p2a: Dondozo|slp|[from] move: Rest\n|-heal|p2a: Dondozo|100\/100 slp|[silent]\n|\n|upkeep\n|turn|20\n|\n|t:|1700656953\n|switch|p2a: Clefable|Clefable, M|81\/100\n|-curestatus|p1a: Cradily|slp|[msg]\n|move|p1a: Cradily|Giga Drain|p2a: Clefable\n|-damage|p2a: Clefable|54\/100\n|-heal|p1a: Cradily|82\/100|[from] drain|[of] p2a: Clefable\n|\n|-heal|p2a: Clefable|61\/100|[from] item: Leftovers\n|upkeep\n|turn|21\n|\n|t:|1700656968\n|move|p2a: Clefable|Wish|p2a: Clefable\n|move|p1a: Cradily|Sludge Bomb|p2a: Clefable\n|-supereffective|p2a: Clefable\n|-damage|p2a: Clefable|19\/100\n|\n|-heal|p2a: Clefable|25\/100|[from] item: Leftovers\n|upkeep\n|turn|22\n|\n|t:|1700656976\n|move|p2a: Clefable|Drain Punch|p1a: Cradily\n|-supereffective|p1a: Cradily\n|-damage|p1a: Cradily|57\/100\n|-heal|p2a: Clefable|37\/100|[from] drain|[of] p1a: Cradily\n|move|p1a: Cradily|Sludge Bomb|p2a: Clefable\n|-supereffective|p2a: Clefable\n|-damage|p2a: Clefable|0 fnt\n|faint|p2a: Clefable\n|\n|upkeep\n|\n|t:|1700656989\n|switch|p2a: Dondozo|Dondozo, M|100\/100 slp\n|turn|23\n|\n|t:|1700656994\n|move|p1a: Cradily|Giga Drain|p2a: Dondozo\n|-supereffective|p2a: Dondozo\n|-damage|p2a: Dondozo|57\/100 slp\n|-heal|p1a: Cradily|82\/100|[from] drain|[of] p2a: Dondozo\n|cant|p2a: Dondozo|slp\n|\n|-heal|p2a: Dondozo|63\/100 slp|[from] item: Leftovers\n|upkeep\n|turn|24\n|\n|t:|1700657003\n|move|p1a: Cradily|Giga Drain|p2a: Dondozo\n|-supereffective|p2a: Dondozo\n|-damage|p2a: Dondozo|20\/100 slp\n|-heal|p1a: Cradily|100\/100|[from] drain|[of] p2a: Dondozo\n|cant|p2a: Dondozo|slp\n|\n|-heal|p2a: Dondozo|26\/100 slp|[from] item: Leftovers\n|upkeep\n|turn|25\n|-message|6chaos9 forfeited.\n|\n|win|Tran minh quan\n|raw|Tran minh quan's rating: 1025 &rarr; <strong>1064<\/strong><br \/>(+39 for winning)\n|raw|6chaos9's rating: 1055 &rarr; <strong>1035<\/strong><br \/>(-20 for losing)\n|l|\u26066chaos9\n","uploadtime":1700657026,"views":0,"p1id":"tranminhquan","p2id":"6chaos9","formatid":"gen9nationaldexubers","rating":1035,"private":0,"password":""}