{"id":"gen9nationaldexubers-1992632850","p1":"kitsuneluvr","p2":"Rhyfinn 07","format":"[Gen 9] National Dex Ubers","log":"|j|\u2606kitsuneluvr\n|j|\u2606Rhyfinn 07\n|t:|1700217853\n|gametype|singles\n|player|p1|kitsuneluvr|madame-gen4dp|1113\n|player|p2|Rhyfinn 07|ninjaboy|1084\n|teamsize|p1|6\n|teamsize|p2|6\n|gen|9\n|tier|[Gen 9] National Dex Ubers\n|rated|\n|rule|HP Percentage Mod: HP is shown in percentages\n|rule|Endless Battle Clause: Forcing endless battles is banned\n|rule|OHKO Clause: OHKO moves are banned\n|rule|Evasion Moves Clause: Evasion moves are banned\n|rule|Evasion Items Clause: Evasion items are banned\n|rule|Species Clause: Limit one of each Pok\u00e9mon\n|rule|Sleep Clause Mod: Limit one foe put to sleep\n|rule|Mega Rayquaza Clause: You cannot mega evolve Rayquaza\n|clearpoke\n|poke|p1|Chi-Yu|\n|poke|p1|Shuckle, M|\n|poke|p1|Landorus, M|\n|poke|p1|Zacian-*|\n|poke|p1|Arceus-Ground|\n|poke|p1|Necrozma-Dusk-Mane|\n|poke|p2|Xerneas-*|\n|poke|p2|Marshadow|\n|poke|p2|Groudon|\n|poke|p2|Deoxys-Speed|\n|poke|p2|Necrozma-Dusk-Mane|\n|poke|p2|Pheromosa|\n|teampreview\n|inactive|Battle timer is ON: inactive players will automatically lose when time's up. (requested by Rhyfinn 07)\n|\n|t:|1700217860\n|start\n|switch|p1a: Shuckle|Shuckle, M, shiny|100\/100\n|switch|p2a: Deoxys|Deoxys-Speed, shiny|100\/100\n|-ability|p2a: Deoxys|Pressure\n|turn|1\n|\n|t:|1700217868\n|move|p2a: Deoxys|Magic Coat|p2a: Deoxys\n|-singleturn|p2a: Deoxys|move: Magic Coat\n|move|p1a: Shuckle|Encore|p2a: Deoxys\n|move|p2a: Deoxys|Encore||[from]Magic Coat|[still]\n|-fail|p2a: Deoxys\n|\n|upkeep\n|turn|2\n|\n|t:|1700217875\n|move|p2a: Deoxys|Magic Coat|p2a: Deoxys\n|-singleturn|p2a: Deoxys|move: Magic Coat\n|move|p1a: Shuckle|Encore|p2a: Deoxys\n|move|p2a: Deoxys|Encore||[from]Magic Coat|[still]\n|-fail|p2a: Deoxys\n|\n|upkeep\n|turn|3\n|\n|t:|1700217880\n|move|p2a: Deoxys|Taunt|p1a: Shuckle\n|-start|p1a: Shuckle|move: Taunt\n|-enditem|p1a: Shuckle|Mental Herb\n|-end|p1a: Shuckle|move: Taunt\n|move|p1a: Shuckle|Encore|p2a: Deoxys\n|-start|p2a: Deoxys|Encore\n|\n|upkeep\n|turn|4\n|\n|t:|1700217890\n|move|p2a: Deoxys|Taunt|p1a: Shuckle\n|-start|p1a: Shuckle|move: Taunt\n|move|p1a: Shuckle|Final Gambit|p2a: Deoxys\n|-damage|p2a: Deoxys|20\/100\n|faint|p1a: Shuckle\n|\n|upkeep\n|\n|t:|1700217910\n|switch|p1a: Chi-Yu|Chi-Yu|100\/100\n|-ability|p1a: Chi-Yu|Beads of Ruin\n|turn|5\n|\n|t:|1700217916\n|move|p2a: Deoxys|Taunt|p1a: Chi-Yu\n|-start|p1a: Chi-Yu|move: Taunt\n|move|p1a: Chi-Yu|Dark Pulse|p2a: Deoxys\n|-supereffective|p2a: Deoxys\n|-damage|p2a: Deoxys|0 fnt\n|faint|p2a: Deoxys\n|\n|upkeep\n|\n|t:|1700217921\n|switch|p2a: Pheromosa|Pheromosa, shiny|100\/100\n|turn|6\n|\n|t:|1700217946\n|switch|p1a: Zacian|Zacian-Crowned, shiny|100\/100\n|-ability|p1a: Zacian|Intrepid Sword|boost\n|-boost|p1a: Zacian|atk|1\n|move|p2a: Pheromosa|Close Combat|p1a: Zacian\n|-damage|p1a: Zacian|35\/100\n|-unboost|p2a: Pheromosa|def|1\n|-unboost|p2a: Pheromosa|spd|1\n|-damage|p2a: Pheromosa|91\/100|[from] item: Life Orb\n|\n|upkeep\n|turn|7\n|inactive|kitsuneluvr has 120 seconds left.\n|\n|t:|1700217966\n|move|p2a: Pheromosa|Close Combat|p1a: Zacian\n|-damage|p1a: Zacian|0 fnt\n|-unboost|p2a: Pheromosa|def|1\n|-unboost|p2a: Pheromosa|spd|1\n|faint|p1a: Zacian\n|-ability|p2a: Pheromosa|Beast Boost|boost\n|-boost|p2a: Pheromosa|spe|1\n|-damage|p2a: Pheromosa|81\/100|[from] item: Life Orb\n|\n|upkeep\n|inactive|kitsuneluvr has 120 seconds left.\n|\n|t:|1700217976\n|switch|p1a: Arceus|Arceus-Ground, shiny|100\/100\n|turn|8\n|\n|t:|1700218003\n|switch|p2a: Necrozma|Necrozma-Dusk-Mane, shiny|100\/100\n|move|p1a: Arceus|Extreme Speed|p2a: Necrozma\n|-resisted|p2a: Necrozma\n|-damage|p2a: Necrozma|90\/100\n|\n|upkeep\n|turn|9\n|\n|t:|1700218020\n|detailschange|p2a: Necrozma|Necrozma-Ultra, shiny\n|-burst|p2a: Necrozma|Necrozma|Ultranecrozium Z\n|move|p2a: Necrozma|Dragon Dance|p2a: Necrozma\n|-boost|p2a: Necrozma|atk|1\n|-boost|p2a: Necrozma|spe|1\n|move|p1a: Arceus|Dragon Dance|p1a: Arceus\n|-boost|p1a: Arceus|atk|1\n|-boost|p1a: Arceus|spe|1\n|\n|upkeep\n|turn|10\n|\n|t:|1700218033\n|move|p1a: Arceus|Extreme Speed|p2a: Necrozma\n|-damage|p2a: Necrozma|52\/100\n|-zpower|p2a: Necrozma\n|move|p2a: Necrozma|Light That Burns the Sky|p1a: Arceus|[zeffect]\n|-damage|p1a: Arceus|0 fnt\n|faint|p1a: Arceus\n|\n|upkeep\n|inactive|kitsuneluvr has 120 seconds left.\n|\n|t:|1700218050\n|switch|p1a: Necrozma|Necrozma-Dusk-Mane|100\/100\n|turn|11\n|inactive|kitsuneluvr has 120 seconds left.\n|\n|t:|1700218056\n|detailschange|p1a: Necrozma|Necrozma-Ultra\n|-burst|p1a: Necrozma|Necrozma|Ultranecrozium Z\n|move|p2a: Necrozma|Earthquake|p1a: Necrozma\n|-damage|p1a: Necrozma|34\/100\n|move|p1a: Necrozma|Earthquake|p2a: Necrozma\n|-damage|p2a: Necrozma|1\/100\n|\n|upkeep\n|turn|12\n|inactive|kitsuneluvr has 120 seconds left.\n|c|\u2606kitsuneluvr|gg\n|\n|t:|1700218070\n|move|p2a: Necrozma|Sunsteel Strike|p1a: Necrozma\n|-damage|p1a: Necrozma|0 fnt\n|faint|p1a: Necrozma\n|\n|upkeep\n|inactive|kitsuneluvr has 120 seconds left.\n|-message|kitsuneluvr forfeited.\n|\n|win|Rhyfinn 07\n|raw|kitsuneluvr's rating: 1113 &rarr; <strong>1086<\/strong><br \/>(-27 for losing)\n|raw|Rhyfinn 07's rating: 1084 &rarr; <strong>1114<\/strong><br \/>(+30 for winning)\n","uploadtime":1700218085,"views":7,"p1id":"kitsuneluvr","p2id":"rhyfinn07","formatid":"gen9nationaldexubers","rating":1086,"private":0,"password":""}