{"id":"gen9nationaldexubers-1998249900","p1":"Kenidur1561","p2":"JustADude10","format":"[Gen 9] National Dex Ubers","log":"|j|\u2606Kenidur1561\n|j|\u2606JustADude10\n|t:|1700919789\n|gametype|singles\n|player|p1|Kenidur1561|101|1111\n|player|p2|JustADude10|unknown|1047\n|teamsize|p1|6\n|teamsize|p2|6\n|gen|9\n|tier|[Gen 9] National Dex Ubers\n|rated|\n|rule|HP Percentage Mod: HP is shown in percentages\n|rule|Endless Battle Clause: Forcing endless battles is banned\n|rule|OHKO Clause: OHKO moves are banned\n|rule|Evasion Moves Clause: Evasion moves are banned\n|rule|Evasion Items Clause: Evasion items are banned\n|rule|Species Clause: Limit one of each Pok\u00e9mon\n|rule|Sleep Clause Mod: Limit one foe put to sleep\n|rule|Mega Rayquaza Clause: You cannot mega evolve Rayquaza\n|clearpoke\n|poke|p1|Zamazenta-*|\n|poke|p1|Deoxys-Defense|\n|poke|p1|Necrozma-Dawn-Wings|\n|poke|p1|Great Tusk|\n|poke|p1|Espathra, F|\n|poke|p1|Gyarados, F|\n|poke|p2|Mandibuzz, F|\n|poke|p2|Azumarill, M|\n|poke|p2|Metagross|\n|poke|p2|Aurorus, M|\n|poke|p2|Chandelure, M|\n|poke|p2|Ribombee, F|\n|teampreview\n|\n|t:|1700919797\n|start\n|switch|p1a: BULK CITY|Deoxys-Defense, shiny|100\/100\n|switch|p2a: Aurorus|Aurorus, M|100\/100\n|-ability|p1a: BULK CITY|Pressure\n|-weather|Snow|[from] ability: Snow Warning|[of] p2a: Aurorus\n|turn|1\n|\n|t:|1700919823\n|move|p1a: BULK CITY|Stealth Rock|p2a: Aurorus\n|-sidestart|p2: JustADude10|move: Stealth Rock\n|move|p2a: Aurorus|Aurora Veil|p2a: Aurorus\n|-sidestart|p2: JustADude10|move: Aurora Veil\n|\n|-weather|Snow|[upkeep]\n|upkeep\n|turn|2\n|\n|t:|1700919832\n|switch|p2a: Azumarill|Azumarill, M|100\/100\n|-damage|p2a: Azumarill|88\/100|[from] Stealth Rock\n|move|p1a: BULK CITY|Spikes|p2a: Azumarill\n|-sidestart|p2: JustADude10|Spikes\n|\n|-weather|Snow|[upkeep]\n|upkeep\n|turn|3\n|\n|t:|1700919839\n|move|p1a: BULK CITY|Spikes|p2a: Azumarill\n|-sidestart|p2: JustADude10|Spikes\n|move|p2a: Azumarill|Belly Drum|p2a: Azumarill\n|-damage|p2a: Azumarill|38\/100\n|-setboost|p2a: Azumarill|atk|6|[from] move: Belly Drum\n|\n|-weather|Snow|[upkeep]\n|upkeep\n|turn|4\n|\n|t:|1700919846\n|-terastallize|p2a: Azumarill|Water\n|move|p2a: Azumarill|Aqua Jet|p1a: BULK CITY\n|-damage|p1a: BULK CITY|4\/100\n|move|p1a: BULK CITY|Spikes|p2a: Azumarill\n|-sidestart|p2: JustADude10|Spikes\n|\n|-weather|Snow|[upkeep]\n|upkeep\n|turn|5\n|\n|t:|1700919853\n|move|p2a: Azumarill|Aqua Jet|p1a: BULK CITY\n|-damage|p1a: BULK CITY|0 fnt\n|faint|p1a: BULK CITY\n|\n|-weather|none\n|upkeep\n|\n|t:|1700919861\n|switch|p1a: Zami|Zamazenta-Crowned, shiny|100\/100\n|-ability|p1a: Zami|Dauntless Shield|boost\n|-boost|p1a: Zami|def|1\n|turn|6\n|\n|t:|1700919872\n|move|p2a: Azumarill|Aqua Jet|p1a: Zami\n|-damage|p1a: Zami|53\/100\n|move|p1a: Zami|Behemoth Bash|p2a: Azumarill\n|-resisted|p2a: Azumarill\n|-damage|p2a: Azumarill|25\/100\n|\n|upkeep\n|turn|7\n|\n|t:|1700919881\n|move|p2a: Azumarill|Aqua Jet|p1a: Zami\n|-damage|p1a: Zami|1\/100\n|move|p1a: Zami|Body Press|p2a: Azumarill\n|-damage|p2a: Azumarill|0 fnt\n|faint|p2a: Azumarill\n|\n|upkeep\n|\n|t:|1700919890\n|switch|p2a: Aurorus|Aurorus, M|100\/100\n|-damage|p2a: Aurorus|76\/100|[from] Stealth Rock\n|-damage|p2a: Aurorus|51\/100|[from] Spikes\n|-weather|Snow|[from] ability: Snow Warning|[of] p2a: Aurorus\n|turn|8\n|\n|t:|1700919897\n|switch|p2a: Metagross|Metagross|100\/100\n|-damage|p2a: Metagross|95\/100|[from] Stealth Rock\n|-damage|p2a: Metagross|70\/100|[from] Spikes\n|move|p1a: Zami|Behemoth Bash|p2a: Metagross\n|-resisted|p2a: Metagross\n|-damage|p2a: Metagross|61\/100\n|\n|-weather|Snow|[upkeep]\n|-sideend|p2: JustADude10|move: Aurora Veil\n|upkeep\n|turn|9\n|\n|t:|1700919908\n|detailschange|p2a: Metagross|Metagross-Mega\n|-mega|p2a: Metagross|Metagross|Metagrossite\n|move|p1a: Zami|Body Press|p2a: Metagross\n|-damage|p2a: Metagross|18\/100\n|move|p2a: Metagross|Iron Defense|p2a: Metagross\n|-boost|p2a: Metagross|def|2\n|\n|-weather|Snow|[upkeep]\n|upkeep\n|turn|10\n|\n|t:|1700919916\n|move|p2a: Metagross|Bullet Punch|p1a: Zami\n|-resisted|p1a: Zami\n|-damage|p1a: Zami|0 fnt\n|faint|p1a: Zami\n|\n|-weather|Snow|[upkeep]\n|upkeep\n|\n|t:|1700919923\n|switch|p1a: Gyarados|Gyarados, F|100\/100\n|turn|11\n|\n|t:|1700919930\n|switch|p2a: Aurorus|Aurorus, M|51\/100\n|-damage|p2a: Aurorus|26\/100|[from] Stealth Rock\n|-damage|p2a: Aurorus|1\/100|[from] Spikes\n|detailschange|p1a: Gyarados|Gyarados-Mega, F\n|-mega|p1a: Gyarados|Gyarados|Gyaradosite\n|-ability|p1a: Gyarados|Mold Breaker\n|move|p1a: Gyarados|Hidden Power|p2a: Aurorus\n|-resisted|p2a: Aurorus\n|-damage|p2a: Aurorus|0 fnt\n|faint|p2a: Aurorus\n|\n|-weather|Snow|[upkeep]\n|upkeep\n|\n|t:|1700919946\n|switch|p2a: Mandibuzz|Mandibuzz, F|100\/100\n|-damage|p2a: Mandibuzz|76\/100|[from] Stealth Rock\n|turn|12\n|\n|t:|1700919953\n|move|p1a: Gyarados|Outrage|p2a: Mandibuzz\n|-damage|p2a: Mandibuzz|40\/100\n|-damage|p1a: Gyarados|84\/100|[from] item: Rocky Helmet|[of] p2a: Mandibuzz\n|move|p2a: Mandibuzz|Defog|p1a: Gyarados\n|-unboost|p1a: Gyarados|evasion|1\n|-sideend|p2: JustADude10|Spikes|[from] move: Defog|[of] p2a: Mandibuzz\n|-sideend|p2: JustADude10|Stealth Rock|[from] move: Defog|[of] p2a: Mandibuzz\n|\n|-weather|none\n|upkeep\n|turn|13\n|\n|t:|1700919964\n|move|p1a: Gyarados|Outrage|p2a: Mandibuzz|[from]lockedmove\n|-damage|p2a: Mandibuzz|1\/100\n|-damage|p1a: Gyarados|67\/100|[from] item: Rocky Helmet|[of] p2a: Mandibuzz\n|-start|p1a: Gyarados|confusion|[fatigue]\n|move|p2a: Mandibuzz|Foul Play|p1a: Gyarados\n|-resisted|p1a: Gyarados\n|-crit|p1a: Gyarados\n|-damage|p1a: Gyarados|20\/100\n|\n|upkeep\n|turn|14\n|\n|t:|1700919972\n|-activate|p1a: Gyarados|confusion\n|-damage|p1a: Gyarados|1\/100|[from] confusion\n|move|p2a: Mandibuzz|Foul Play|p1a: Gyarados\n|-resisted|p1a: Gyarados\n|-damage|p1a: Gyarados|0 fnt\n|faint|p1a: Gyarados\n|\n|upkeep\n|\n|t:|1700919980\n|switch|p1a: THE MOON|Necrozma-Dawn-Wings|100\/100\n|turn|15\n|\n|t:|1700919985\n|move|p2a: Mandibuzz|Foul Play|p1a: THE MOON\n|-supereffective|p1a: THE MOON\n|-damage|p1a: THE MOON|16\/100\n|move|p1a: THE MOON|Dragon Pulse|p2a: Mandibuzz\n|-damage|p2a: Mandibuzz|0 fnt\n|faint|p2a: Mandibuzz\n|\n|upkeep\n|\n|t:|1700919993\n|switch|p2a: Chandelure|Chandelure, M|100\/100\n|turn|16\n|\n|t:|1700920000\n|move|p2a: Chandelure|Shadow Ball|p1a: THE MOON\n|-supereffective|p1a: THE MOON\n|-damage|p1a: THE MOON|0 fnt\n|faint|p1a: THE MOON\n|\n|upkeep\n|\n|t:|1700920006\n|switch|p1a: You spin m-|Great Tusk|100\/100\n|-enditem|p1a: You spin m-|Booster Energy\n|-activate|p1a: You spin m-|ability: Protosynthesis|[fromitem]\n|-start|p1a: You spin m-|protosynthesisdef\n|turn|17\n|\n|t:|1700920012\n|move|p1a: You spin m-|Knock Off|p2a: Chandelure\n|-supereffective|p2a: Chandelure\n|-damage|p2a: Chandelure|42\/100\n|-enditem|p2a: Chandelure|Charcoal|[from] move: Knock Off|[of] p1a: You spin m-\n|move|p2a: Chandelure|Calm Mind|p2a: Chandelure\n|-boost|p2a: Chandelure|spa|1\n|-boost|p2a: Chandelure|spd|1\n|\n|upkeep\n|turn|18\n|\n|t:|1700920023\n|move|p1a: You spin m-|Knock Off|p2a: Chandelure\n|-supereffective|p2a: Chandelure\n|-damage|p2a: Chandelure|2\/100\n|move|p2a: Chandelure|Flamethrower|p1a: You spin m-\n|-damage|p1a: You spin m-|6\/100\n|\n|upkeep\n|turn|19\n|\n|t:|1700920029\n|move|p1a: You spin m-|Knock Off|p2a: Chandelure\n|-supereffective|p2a: Chandelure\n|-damage|p2a: Chandelure|0 fnt\n|faint|p2a: Chandelure\n|\n|upkeep\n|\n|t:|1700920034\n|switch|p2a: Ribombee|Ribombee, F|100\/100\n|turn|20\n|\n|t:|1700920039\n|move|p2a: Ribombee|Quiver Dance|p2a: Ribombee\n|-boost|p2a: Ribombee|spa|1\n|-boost|p2a: Ribombee|spd|1\n|-boost|p2a: Ribombee|spe|1\n|move|p1a: You spin m-|Rapid Spin|p2a: Ribombee\n|-damage|p2a: Ribombee|81\/100\n|-boost|p1a: You spin m-|spe|1\n|\n|-heal|p2a: Ribombee|87\/100|[from] item: Leftovers\n|upkeep\n|turn|21\n|\n|t:|1700920048\n|move|p2a: Ribombee|Quiver Dance|p2a: Ribombee\n|-boost|p2a: Ribombee|spa|1\n|-boost|p2a: Ribombee|spd|1\n|-boost|p2a: Ribombee|spe|1\n|move|p1a: You spin m-|Body Press|p2a: Ribombee\n|-resisted|p2a: Ribombee\n|-damage|p2a: Ribombee|72\/100\n|\n|-heal|p2a: Ribombee|78\/100|[from] item: Leftovers\n|upkeep\n|turn|22\n|\n|t:|1700920060\n|move|p1a: You spin m-|Protect|p1a: You spin m-\n|-singleturn|p1a: You spin m-|Protect\n|move|p2a: Ribombee|Quiver Dance|p2a: Ribombee\n|-boost|p2a: Ribombee|spa|1\n|-boost|p2a: Ribombee|spd|1\n|-boost|p2a: Ribombee|spe|1\n|\n|-heal|p2a: Ribombee|84\/100|[from] item: Leftovers\n|upkeep\n|turn|23\n|\n|t:|1700920068\n|move|p2a: Ribombee|Quiver Dance|p2a: Ribombee\n|-boost|p2a: Ribombee|spa|1\n|-boost|p2a: Ribombee|spd|1\n|-boost|p2a: Ribombee|spe|1\n|move|p1a: You spin m-|Rapid Spin|p2a: Ribombee\n|-damage|p2a: Ribombee|66\/100\n|-boost|p1a: You spin m-|spe|1\n|\n|-heal|p2a: Ribombee|72\/100|[from] item: Leftovers\n|upkeep\n|turn|24\n|\n|t:|1700920077\n|move|p2a: Ribombee|Quiver Dance|p2a: Ribombee\n|-boost|p2a: Ribombee|spa|1\n|-boost|p2a: Ribombee|spd|1\n|-boost|p2a: Ribombee|spe|1\n|move|p1a: You spin m-|Rapid Spin|p2a: Ribombee\n|-damage|p2a: Ribombee|55\/100\n|-boost|p1a: You spin m-|spe|1\n|\n|-heal|p2a: Ribombee|61\/100|[from] item: Leftovers\n|upkeep\n|turn|25\n|\n|t:|1700920086\n|move|p2a: Ribombee|Moonblast|p1a: You spin m-\n|-supereffective|p1a: You spin m-\n|-damage|p1a: You spin m-|0 fnt\n|faint|p1a: You spin m-\n|-end|p1a: You spin m-|Protosynthesis|[silent]\n|\n|-heal|p2a: Ribombee|67\/100|[from] item: Leftovers\n|upkeep\n|\n|t:|1700920091\n|switch|p1a: Espathra|Espathra, F, shiny|100\/100\n|turn|26\n|\n|t:|1700920096\n|-terastallize|p1a: Espathra|Fairy\n|move|p2a: Ribombee|Bug Buzz|p1a: Espathra\n|-resisted|p1a: Espathra\n|-damage|p1a: Espathra|22\/100\n|-unboost|p1a: Espathra|spd|1\n|move|p1a: Espathra|Calm Mind|p1a: Espathra\n|-boost|p1a: Espathra|spa|1\n|-boost|p1a: Espathra|spd|1\n|\n|-heal|p2a: Ribombee|73\/100|[from] item: Leftovers\n|-ability|p1a: Espathra|Speed Boost|boost\n|-boost|p1a: Espathra|spe|1\n|upkeep\n|turn|27\n|\n|t:|1700920110\n|move|p2a: Ribombee|Energy Ball|p1a: Espathra\n|-damage|p1a: Espathra|0 fnt\n|faint|p1a: Espathra\n|\n|win|JustADude10\n|raw|Kenidur1561's rating: 1111 &rarr; <strong>1081<\/strong><br \/>(-30 for losing)\n|raw|JustADude10's rating: 1047 &rarr; <strong>1086<\/strong><br \/>(+39 for winning)\n|c|\u2606JustADude10|gg\n|c|\u2606Kenidur1561|gg\n|l|\u2606Kenidur1561\n","uploadtime":1700920119,"views":5,"p1id":"kenidur1561","p2id":"justadude10","formatid":"gen9nationaldexubers","rating":1081,"private":0,"password":""}