{"id":"gen9nationaldexubers-1978952676","p1":"Swankon","p2":"Bakitaladelbarrio","format":"[Gen 9] National Dex Ubers","log":"|j|\u2606Swankon\n|j|\u2606Bakitaladelbarrio\n|t:|1698613984\n|gametype|singles\n|player|p1|Swankon|iris|1170\n|player|p2|Bakitaladelbarrio|blue|1330\n|teamsize|p1|6\n|teamsize|p2|6\n|gen|9\n|tier|[Gen 9] National Dex Ubers\n|rated|\n|rule|HP Percentage Mod: HP is shown in percentages\n|rule|Endless Battle Clause: Forcing endless battles is banned\n|rule|OHKO Clause: OHKO moves are banned\n|rule|Evasion Moves Clause: Evasion moves are banned\n|rule|Evasion Items Clause: Evasion items are banned\n|rule|Species Clause: Limit one of each Pok\u00e9mon\n|rule|Sleep Clause Mod: Limit one foe put to sleep\n|rule|Mega Rayquaza Clause: You cannot mega evolve Rayquaza\n|clearpoke\n|poke|p1|Minior|\n|poke|p1|Infernape, M|\n|poke|p1|Empoleon, M|\n|poke|p1|Garchomp, F|\n|poke|p1|Venusaur, M|\n|poke|p1|Rotom-Wash|\n|poke|p2|Hatterene, F|\n|poke|p2|Melmetal|\n|poke|p2|Necrozma-Dawn-Wings|\n|poke|p2|Iron Hands|\n|poke|p2|Magearna|\n|poke|p2|Calyrex-Ice|\n|teampreview\n|inactive|Battle timer is ON: inactive players will automatically lose when time's up. (requested by Bakitaladelbarrio)\n|\n|t:|1698613989\n|start\n|switch|p1a: Minior|Minior, shiny|100\/100\n|switch|p2a: Hatterene|Hatterene, F|100\/100\n|-formechange|p1a: Minior|Minior-Meteor||[from] ability: Shields Down\n|turn|1\n|\n|t:|1698613997\n|move|p1a: Minior|Shell Smash|p1a: Minior\n|-unboost|p1a: Minior|def|1\n|-unboost|p1a: Minior|spd|1\n|-boost|p1a: Minior|atk|2\n|-boost|p1a: Minior|spa|2\n|-boost|p1a: Minior|spe|2\n|-enditem|p1a: Minior|White Herb\n|-clearnegativeboost|p1a: Minior|[silent]\n|move|p2a: Hatterene|Trick Room|p2a: Hatterene\n|-fieldstart|move: Trick Room|[of] p2a: Hatterene\n|\n|upkeep\n|turn|2\n|c|\u2606Swankon|damn\n|\n|t:|1698614006\n|move|p2a: Hatterene|Healing Wish|p2a: Hatterene\n|faint|p2a: Hatterene\n|move|p1a: Minior|Acrobatics|p2: Hatterene|[notarget]\n|-fail|p1a: Minior\n|\n|upkeep\n|\n|t:|1698614011\n|switch|p2a: Melmetal|Melmetal|100\/100\n|turn|3\n|\n|t:|1698614016\n|move|p2a: Melmetal|Double Iron Bash|p1a: Minior\n|-supereffective|p1a: Minior\n|-crit|p1a: Minior\n|-damage|p1a: Minior|0 fnt\n|faint|p1a: Minior\n|-hitcount|p1: Minior|1\n|\n|upkeep\n|inactive|Swankon has 120 seconds left.\n|\n|t:|1698614049\n|switch|p1a: Rotom|Rotom-Wash|100\/100\n|turn|4\n|\n|t:|1698614059\n|switch|p2a: Iron Hands|Iron Hands|100\/100\n|-enditem|p2a: Iron Hands|Booster Energy\n|-activate|p2a: Iron Hands|ability: Quark Drive|[fromitem]\n|-start|p2a: Iron Hands|quarkdriveatk\n|move|p1a: Rotom|Hydro Pump|p2a: Iron Hands\n|-damage|p2a: Iron Hands|59\/100\n|\n|upkeep\n|turn|5\n|inactive|Swankon has 120 seconds left.\n|\n|t:|1698614082\n|switch|p1a: Venusaur|Venusaur, M|100\/100\n|move|p2a: Iron Hands|Drain Punch|p1a: Venusaur\n|-resisted|p1a: Venusaur\n|-damage|p1a: Venusaur|76\/100\n|-heal|p2a: Iron Hands|67\/100|[from] drain|[of] p1a: Venusaur\n|\n|-fieldend|move: Trick Room\n|upkeep\n|turn|6\n|inactive|Swankon has 120 seconds left.\n|\n|t:|1698614093\n|detailschange|p1a: Venusaur|Venusaur-Mega, M\n|-mega|p1a: Venusaur|Venusaur|Venusaurite\n|move|p1a: Venusaur|Giga Drain|p2a: Iron Hands\n|-damage|p2a: Iron Hands|36\/100\n|-heal|p1a: Venusaur|99\/100|[from] drain|[of] p2a: Iron Hands\n|move|p2a: Iron Hands|Ice Punch|p1a: Venusaur\n|-supereffective|p1a: Venusaur\n|-damage|p1a: Venusaur|72\/100\n|\n|upkeep\n|turn|7\n|inactive|Swankon has 120 seconds left.\n|\n|t:|1698614103\n|move|p1a: Venusaur|Giga Drain|p2a: Iron Hands\n|-damage|p2a: Iron Hands|2\/100\n|-heal|p1a: Venusaur|97\/100|[from] drain|[of] p2a: Iron Hands\n|move|p2a: Iron Hands|Swords Dance|p2a: Iron Hands\n|-boost|p2a: Iron Hands|atk|2\n|\n|upkeep\n|turn|8\n|\n|t:|1698614113\n|move|p1a: Venusaur|Giga Drain|p2a: Iron Hands\n|-damage|p2a: Iron Hands|0 fnt\n|-heal|p1a: Venusaur|98\/100|[from] drain|[of] p2a: Iron Hands\n|faint|p2a: Iron Hands\n|-end|p2a: Iron Hands|Quark Drive|[silent]\n|\n|upkeep\n|\n|t:|1698614119\n|switch|p2a: Necrozma|Necrozma-Dawn-Wings|100\/100\n|turn|9\n|inactive|Swankon has 120 seconds left.\n|\n|t:|1698614139\n|switch|p1a: Empoleon|Empoleon, M|100\/100\n|move|p2a: Necrozma|Trick Room|p2a: Necrozma\n|-fieldstart|move: Trick Room|[of] p2a: Necrozma\n|\n|upkeep\n|turn|10\n|inactive|Swankon has 120 seconds left.\n|\n|t:|1698614155\n|move|p1a: Empoleon|Scald|p2a: Necrozma\n|-damage|p2a: Necrozma|73\/100\n|move|p2a: Necrozma|Meteor Beam||[still]\n|-prepare|p2a: Necrozma|Meteor Beam\n|-boost|p2a: Necrozma|spa|1\n|-enditem|p2a: Necrozma|Power Herb\n|-anim|p2a: Necrozma|Meteor Beam|p1a: Empoleon\n|-resisted|p1a: Empoleon\n|-damage|p1a: Empoleon|78\/100\n|\n|upkeep\n|turn|11\n|inactive|Swankon has 120 seconds left.\n|\n|t:|1698614166\n|move|p1a: Empoleon|Scald|p2a: Necrozma\n|-damage|p2a: Necrozma|42\/100\n|move|p2a: Necrozma|Moongeist Beam|p1a: Empoleon\n|-damage|p1a: Empoleon|22\/100\n|\n|upkeep\n|turn|12\n|inactive|Swankon has 120 seconds left.\n|\n|t:|1698614177\n|move|p1a: Empoleon|Scald|p2a: Necrozma\n|-damage|p2a: Necrozma|15\/100\n|move|p2a: Necrozma|Moongeist Beam|p1a: Empoleon\n|-damage|p1a: Empoleon|0 fnt\n|faint|p1a: Empoleon\n|\n|upkeep\n|inactive|Swankon has 120 seconds left.\n|inactive|Swankon has 90 seconds left.\n|\n|t:|1698614217\n|switch|p1a: Venusaur|Venusaur-Mega, M|98\/100\n|turn|13\n|inactive|Swankon has 90 seconds left.\n|\n|t:|1698614227\n|move|p2a: Necrozma|Moongeist Beam|p1a: Venusaur\n|-damage|p1a: Venusaur|10\/100\n|move|p1a: Venusaur|Light Screen|p1a: Venusaur\n|-sidestart|p1: Swankon|move: Light Screen\n|\n|-fieldend|move: Trick Room\n|upkeep\n|turn|14\n|\n|t:|1698614235\n|move|p1a: Venusaur|Giga Drain|p2a: Necrozma\n|-damage|p2a: Necrozma|0 fnt\n|-heal|p1a: Venusaur|18\/100|[from] drain|[of] p2a: Necrozma\n|faint|p2a: Necrozma\n|\n|upkeep\n|\n|t:|1698614241\n|switch|p2a: Magearna|Magearna|100\/100\n|turn|15\n|\n|t:|1698614244\n|move|p1a: Venusaur|Leech Seed|p2a: Magearna\n|-start|p2a: Magearna|move: Leech Seed\n|move|p2a: Magearna|Trick Room|p2a: Magearna\n|-fieldstart|move: Trick Room|[of] p2a: Magearna\n|\n|-damage|p2a: Magearna|88\/100|[from] Leech Seed|[of] p1a: Venusaur\n|-heal|p1a: Venusaur|31\/100|[silent]\n|upkeep\n|turn|16\n|\n|t:|1698614251\n|move|p1a: Venusaur|Giga Drain|p2a: Magearna\n|-resisted|p2a: Magearna\n|-damage|p2a: Magearna|73\/100\n|-heal|p1a: Venusaur|40\/100|[from] drain|[of] p2a: Magearna\n|move|p2a: Magearna|Trick Room|p2a: Magearna\n|-fieldend|move: Trick Room\n|\n|-damage|p2a: Magearna|60\/100|[from] Leech Seed|[of] p1a: Venusaur\n|-heal|p1a: Venusaur|53\/100|[silent]\n|upkeep\n|turn|17\n|inactive|Swankon has 120 seconds left.\n|\n|t:|1698614261\n|move|p1a: Venusaur|Giga Drain|p2a: Magearna\n|-resisted|p2a: Magearna\n|-damage|p2a: Magearna|45\/100\n|-heal|p1a: Venusaur|61\/100|[from] drain|[of] p2a: Magearna\n|move|p2a: Magearna|Trick Room|p2a: Magearna\n|-fieldstart|move: Trick Room|[of] p2a: Magearna\n|\n|-damage|p2a: Magearna|32\/100|[from] Leech Seed|[of] p1a: Venusaur\n|-heal|p1a: Venusaur|74\/100|[silent]\n|-sideend|p1: Swankon|move: Light Screen\n|upkeep\n|turn|18\n|c|\u2606Swankon|?? lol\n|inactive|Swankon has 120 seconds left.\n|\n|t:|1698614272\n|move|p2a: Magearna|Volt Switch|p1a: Venusaur\n|-resisted|p1a: Venusaur\n|-damage|p1a: Venusaur|63\/100\n|\n|t:|1698614276\n|switch|p2a: Melmetal|Melmetal|100\/100|[from] Volt Switch\n|move|p1a: Venusaur|Light Screen|p1a: Venusaur\n|-sidestart|p1: Swankon|move: Light Screen\n|\n|upkeep\n|turn|19\n|\n|t:|1698614282\n|-terastallize|p2a: Melmetal|Steel\n|move|p2a: Melmetal|Double Iron Bash|p1a: Venusaur\n|-damage|p1a: Venusaur|0 fnt\n|faint|p1a: Venusaur\n|-hitcount|p1: Venusaur|1\n|\n|upkeep\n|inactive|Swankon has 120 seconds left.\n|\n|t:|1698614299\n|switch|p1a: Rotom|Rotom-Wash|100\/100\n|turn|20\n|\n|t:|1698614304\n|move|p2a: Melmetal|Double Iron Bash|p1a: Rotom\n|-resisted|p1a: Rotom\n|-damage|p1a: Rotom|69\/100\n|-resisted|p1a: Rotom\n|-damage|p1a: Rotom|39\/100\n|-hitcount|p1a: Rotom|2\n|cant|p1a: Rotom|flinch\n|\n|upkeep\n|turn|21\n|\n|t:|1698614312\n|move|p2a: Melmetal|Double Iron Bash|p1a: Rotom\n|-resisted|p1a: Rotom\n|-damage|p1a: Rotom|7\/100\n|-resisted|p1a: Rotom\n|-damage|p1a: Rotom|0 fnt\n|faint|p1a: Rotom\n|-hitcount|p1: Rotom|2\n|\n|-fieldend|move: Trick Room\n|upkeep\n|\n|t:|1698614321\n|switch|p1a: Garchomp|Garchomp, F|100\/100\n|turn|22\n|\n|t:|1698614325\n|move|p1a: Garchomp|Earthquake|p2a: Melmetal\n|-supereffective|p2a: Melmetal\n|-damage|p2a: Melmetal|33\/100\n|-damage|p1a: Garchomp|91\/100|[from] item: Life Orb\n|move|p2a: Melmetal|Double Iron Bash|p1a: Garchomp\n|-crit|p1a: Garchomp\n|-damage|p1a: Garchomp|0 fnt\n|-damage|p2a: Melmetal|20\/100|[from] ability: Rough Skin|[of] p1a: Garchomp\n|faint|p1a: Garchomp\n|-hitcount|p1: Garchomp|1\n|\n|-sideend|p1: Swankon|move: Light Screen\n|upkeep\n|\n|t:|1698614335\n|switch|p1a: Infernape|Infernape, M|100\/100\n|turn|23\n|\n|t:|1698614340\n|switch|p2a: Calyrex|Calyrex-Ice|100\/100\n|-ability|p2a: Calyrex|As One\n|-ability|p2a: Calyrex|Unnerve\n|move|p1a: Infernape|Power-Up Punch|p2a: Calyrex\n|-damage|p2a: Calyrex|86\/100\n|-boost|p1a: Infernape|atk|1\n|\n|upkeep\n|turn|24\n|\n|t:|1698614354\n|-terastallize|p1a: Infernape|Electric\n|move|p1a: Infernape|Fire Punch|p2a: Calyrex\n|-supereffective|p2a: Calyrex\n|-damage|p2a: Calyrex|4\/100\n|move|p2a: Calyrex|Trick Room|p2a: Calyrex\n|-fieldstart|move: Trick Room|[of] p2a: Calyrex\n|\n|upkeep\n|turn|25\n|\n|t:|1698614368\n|move|p1a: Infernape|Mach Punch|p2a: Calyrex\n|-damage|p2a: Calyrex|0 fnt\n|faint|p2a: Calyrex\n|\n|upkeep\n|\n|t:|1698614374\n|switch|p2a: Melmetal|Melmetal, tera:Steel|20\/100\n|-heal|p2a: Melmetal|100\/100|[from] move: Healing Wish\n|turn|26\n|\n|t:|1698614388\n|move|p2a: Melmetal|Earthquake|p1a: Infernape\n|-supereffective|p1a: Infernape\n|-damage|p1a: Infernape|0 fnt\n|faint|p1a: Infernape\n|\n|win|Bakitaladelbarrio\n|raw|Swankon's rating: 1170 &rarr; <strong>1156<\/strong><br \/>(-14 for losing)\n|raw|Bakitaladelbarrio's rating: 1330 &rarr; <strong>1341<\/strong><br \/>(+11 for winning)\n|c|\u2606Swankon|damn gg\n","uploadtime":1698614399,"views":11,"p1id":"swankon","p2id":"bakitaladelbarrio","formatid":"gen9nationaldexubers","rating":1156,"private":0,"password":""}