{"id":"gen9nationaldexubers-1995013535","p1":"matatodos","p2":"Snivy387","format":"[Gen 9] National Dex Ubers","log":"|j|\u2606matatodos\n|j|\u203dSnivy387\n|t:|1700513401\n|gametype|singles\n|player|p1|matatodos|bugcatcher-gen4dp|1283\n|player|p2|Snivy387|170|1295\n|teamsize|p1|6\n|teamsize|p2|6\n|gen|9\n|tier|[Gen 9] National Dex Ubers\n|rated|\n|rule|HP Percentage Mod: HP is shown in percentages\n|rule|Endless Battle Clause: Forcing endless battles is banned\n|rule|OHKO Clause: OHKO moves are banned\n|rule|Evasion Moves Clause: Evasion moves are banned\n|rule|Evasion Items Clause: Evasion items are banned\n|rule|Species Clause: Limit one of each Pok\u00e9mon\n|rule|Sleep Clause Mod: Limit one foe put to sleep\n|rule|Mega Rayquaza Clause: You cannot mega evolve Rayquaza\n|clearpoke\n|poke|p1|Scizor, M|\n|poke|p1|Accelgor, M|\n|poke|p1|Volcarona, F|\n|poke|p1|Genesect-Chill|\n|poke|p1|Scolipede, F|\n|poke|p1|Armaldo, M|\n|poke|p2|Calyrex-Ice|\n|poke|p2|Ursaluna, M|\n|poke|p2|Kingambit, M|\n|poke|p2|Flutter Mane|\n|poke|p2|Revavroom, F|\n|poke|p2|Dragonite, M|\n|teampreview\n|\n|t:|1700513416\n|start\n|switch|p1a: Trilobite|Armaldo, M|100\/100\n|switch|p2a: Revavroom|Revavroom, F|100\/100\n|turn|1\n|\n|t:|1700513426\n|move|p2a: Revavroom|Shift Gear|p2a: Revavroom\n|-boost|p2a: Revavroom|spe|2\n|-boost|p2a: Revavroom|atk|1\n|move|p1a: Trilobite|Stealth Rock|p2a: Revavroom\n|-sidestart|p2: Snivy387|move: Stealth Rock\n|\n|upkeep\n|turn|2\n|\n|t:|1700513433\n|move|p2a: Revavroom|Iron Head|p1a: Trilobite\n|-supereffective|p1a: Trilobite\n|-damage|p1a: Trilobite|0 fnt\n|faint|p1a: Trilobite\n|\n|upkeep\n|\n|t:|1700513439\n|switch|p1a: Scolipede|Scolipede, F, shiny|100\/100\n|turn|3\n|\n|t:|1700513446\n|-terastallize|p1a: Scolipede|Ground\n|move|p2a: Revavroom|Shift Gear|p2a: Revavroom\n|-boost|p2a: Revavroom|spe|2\n|-boost|p2a: Revavroom|atk|1\n|move|p1a: Scolipede|Earthquake|p2a: Revavroom\n|-supereffective|p2a: Revavroom\n|-enditem|p2a: Revavroom|Focus Sash\n|-damage|p2a: Revavroom|1\/100\n|-damage|p1a: Scolipede|91\/100|[from] item: Life Orb\n|\n|-ability|p1a: Scolipede|Speed Boost|boost\n|-boost|p1a: Scolipede|spe|1\n|upkeep\n|turn|4\n|\n|t:|1700513458\n|move|p1a: Scolipede|Protect|p1a: Scolipede\n|-singleturn|p1a: Scolipede|Protect\n|move|p2a: Revavroom|Iron Head|p1a: Scolipede\n|-activate|p1a: Scolipede|move: Protect\n|\n|-ability|p1a: Scolipede|Speed Boost|boost\n|-boost|p1a: Scolipede|spe|1\n|upkeep\n|turn|5\n|\n|t:|1700513468\n|move|p1a: Scolipede|Protect||[still]\n|-fail|p1a: Scolipede\n|move|p2a: Revavroom|Iron Head|p1a: Scolipede\n|-damage|p1a: Scolipede|0 fnt\n|faint|p1a: Scolipede\n|\n|upkeep\n|\n|t:|1700513473\n|switch|p1a: Mestre Louva|Scizor, M, shiny|100\/100\n|turn|6\n|\n|t:|1700513479\n|move|p1a: Mestre Louva|Bullet Punch|p2a: Revavroom\n|-resisted|p2a: Revavroom\n|-damage|p2a: Revavroom|0 fnt\n|faint|p2a: Revavroom\n|\n|upkeep\n|\n|t:|1700513484\n|switch|p2a: Kingambit|Kingambit, M, shiny|100\/100\n|-damage|p2a: Kingambit|94\/100|[from] Stealth Rock\n|-activate|p2a: Kingambit|ability: Supreme Overlord\n|-start|p2a: Kingambit|fallen1|[silent]\n|turn|7\n|\n|t:|1700513491\n|switch|p1a: Volcarona|Volcarona, F|100\/100\n|-terastallize|p2a: Kingambit|Flying\n|move|p2a: Kingambit|Dark Pulse|p1a: Volcarona\n|-damage|p1a: Volcarona|59\/100\n|-damage|p2a: Kingambit|84\/100|[from] item: Life Orb\n|\n|upkeep\n|turn|8\n|\n|t:|1700513502\n|-end|p2a: Kingambit|fallen1|[silent]\n|switch|p2a: Dragonite|Dragonite, M|100\/100\n|-damage|p2a: Dragonite|75\/100|[from] Stealth Rock\n|move|p1a: Volcarona|Fiery Dance|p2a: Dragonite\n|-resisted|p2a: Dragonite\n|-damage|p2a: Dragonite|54\/100\n|-boost|p1a: Volcarona|spa|1\n|\n|-heal|p2a: Dragonite|61\/100|[from] item: Leftovers\n|upkeep\n|turn|9\n|inactive|Battle timer is ON: inactive players will automatically lose when time's up. (requested by matatodos)\n|\n|t:|1700513517\n|move|p1a: Volcarona|Psychic|p2a: Dragonite\n|-damage|p2a: Dragonite|6\/100\n|move|p2a: Dragonite|Dragon Dance|p2a: Dragonite\n|-boost|p2a: Dragonite|atk|1\n|-boost|p2a: Dragonite|spe|1\n|\n|-heal|p2a: Dragonite|12\/100|[from] item: Leftovers\n|upkeep\n|turn|10\n|\n|t:|1700513526\n|move|p2a: Dragonite|Extreme Speed|p1a: Volcarona\n|-damage|p1a: Volcarona|0 fnt\n|faint|p1a: Volcarona\n|\n|-heal|p2a: Dragonite|19\/100|[from] item: Leftovers\n|upkeep\n|\n|t:|1700513532\n|switch|p1a: Mestre Louva|Scizor, M, shiny|100\/100\n|turn|11\n|\n|t:|1700513539\n|detailschange|p1a: Mestre Louva|Scizor-Mega, M, shiny\n|-mega|p1a: Mestre Louva|Scizor|Scizorite\n|move|p2a: Dragonite|Extreme Speed|p1a: Mestre Louva\n|-resisted|p1a: Mestre Louva\n|-damage|p1a: Mestre Louva|86\/100\n|move|p1a: Mestre Louva|Bullet Punch|p2a: Dragonite\n|-crit|p2a: Dragonite\n|-damage|p2a: Dragonite|0 fnt\n|faint|p2a: Dragonite\n|\n|upkeep\n|\n|t:|1700513546\n|switch|p2a: Ursaluna|Ursaluna, M|100\/100\n|-damage|p2a: Ursaluna|94\/100|[from] Stealth Rock\n|turn|12\n|\n|t:|1700513554\n|move|p1a: Mestre Louva|U-turn|p2a: Ursaluna\n|-damage|p2a: Ursaluna|66\/100\n|\n|t:|1700513561\n|switch|p1a: DNA|Genesect-Chill|100\/100|[from] U-turn\n|-ability|p1a: DNA|Download|boost\n|-boost|p1a: DNA|spa|1\n|move|p2a: Ursaluna|Fire Punch|p1a: DNA\n|-supereffective|p1a: DNA\n|-damage|p1a: DNA|0 fnt\n|faint|p1a: DNA\n|\n|-status|p2a: Ursaluna|brn|[from] item: Flame Orb\n|upkeep\n|\n|t:|1700513571\n|switch|p1a: Gamahiro|Accelgor, M, shiny|100\/100\n|turn|13\n|\n|t:|1700513576\n|switch|p2a: Flutter Mane|Flutter Mane|100\/100\n|-damage|p2a: Flutter Mane|88\/100|[from] Stealth Rock\n|-enditem|p2a: Flutter Mane|Booster Energy\n|-activate|p2a: Flutter Mane|ability: Protosynthesis|[fromitem]\n|-start|p2a: Flutter Mane|protosynthesisspa\n|move|p1a: Gamahiro|Energy Ball|p2a: Flutter Mane\n|-damage|p2a: Flutter Mane|44\/100\n|\n|upkeep\n|turn|14\n|\n|t:|1700513592\n|switch|p1a: Mestre Louva|Scizor-Mega, M, shiny|86\/100\n|move|p2a: Flutter Mane|Shadow Ball|p1a: Mestre Louva\n|-damage|p1a: Mestre Louva|23\/100\n|\n|upkeep\n|turn|15\n|\n|t:|1700513601\n|move|p1a: Mestre Louva|Bullet Punch|p2a: Flutter Mane\n|-supereffective|p2a: Flutter Mane\n|-damage|p2a: Flutter Mane|0 fnt\n|faint|p2a: Flutter Mane\n|-end|p2a: Flutter Mane|Protosynthesis|[silent]\n|\n|upkeep\n|\n|t:|1700513605\n|switch|p2a: Kingambit|Kingambit, M, shiny, tera:Flying|84\/100\n|-damage|p2a: Kingambit|59\/100|[from] Stealth Rock\n|-activate|p2a: Kingambit|ability: Supreme Overlord\n|-start|p2a: Kingambit|fallen3|[silent]\n|turn|16\n|\n|t:|1700513613\n|move|p1a: Mestre Louva|Bullet Punch|p2a: Kingambit\n|-damage|p2a: Kingambit|35\/100\n|move|p2a: Kingambit|Dark Pulse|p1a: Mestre Louva\n|-damage|p1a: Mestre Louva|0 fnt\n|faint|p1a: Mestre Louva\n|-damage|p2a: Kingambit|25\/100|[from] item: Life Orb\n|\n|upkeep\n|\n|t:|1700513618\n|switch|p1a: Gamahiro|Accelgor, M, shiny|100\/100\n|turn|17\n|\n|t:|1700513636\n|move|p1a: Gamahiro|Focus Blast|p2a: Kingambit\n|-resisted|p2a: Kingambit\n|-damage|p2a: Kingambit|0 fnt\n|faint|p2a: Kingambit\n|-end|p2a: Kingambit|fallen3|[silent]\n|\n|upkeep\n|\n|t:|1700513642\n|switch|p2a: Calyrex|Calyrex-Ice|100\/100\n|-ability|p2a: Calyrex|As One\n|-ability|p2a: Calyrex|Unnerve\n|-damage|p2a: Calyrex|76\/100|[from] Stealth Rock\n|turn|18\n|\n|t:|1700513651\n|move|p1a: Gamahiro|Focus Blast|p2a: Calyrex\n|-damage|p2a: Calyrex|51\/100\n|move|p2a: Calyrex|Glacial Lance|p1a: Gamahiro\n|-damage|p1a: Gamahiro|0 fnt\n|faint|p1a: Gamahiro\n|\n|win|Snivy387\n|raw|matatodos's rating: 1283 &rarr; <strong>1259<\/strong><br \/>(-24 for losing)\n|raw|Snivy387's rating: 1295 &rarr; <strong>1319<\/strong><br \/>(+24 for winning)\n|l|\u2606matatodos\n","uploadtime":1700513666,"views":2,"p1id":"matatodos","p2id":"snivy387","formatid":"gen9nationaldexubers","rating":1259,"private":0,"password":""}