{"id":"gen9nationaldexubers-1994794964","p1":"WonderIsTheFool","p2":"SuperiorSilencer","format":"[Gen 9] National Dex Ubers","log":"|j|\u2606WonderIsTheFool\n|j|\u2606SuperiorSilencer\n|t:|1700493474\n|gametype|singles\n|player|p1|WonderIsTheFool|will|1103\n|player|p2|SuperiorSilencer|cynthia-gen4|1144\n|teamsize|p1|6\n|teamsize|p2|6\n|gen|9\n|tier|[Gen 9] National Dex Ubers\n|rated|\n|rule|HP Percentage Mod: HP is shown in percentages\n|rule|Endless Battle Clause: Forcing endless battles is banned\n|rule|OHKO Clause: OHKO moves are banned\n|rule|Evasion Moves Clause: Evasion moves are banned\n|rule|Evasion Items Clause: Evasion items are banned\n|rule|Species Clause: Limit one of each Pok\u00e9mon\n|rule|Sleep Clause Mod: Limit one foe put to sleep\n|rule|Mega Rayquaza Clause: You cannot mega evolve Rayquaza\n|clearpoke\n|poke|p1|Zamazenta-*|\n|poke|p1|Blaziken, F|\n|poke|p1|Marshadow|\n|poke|p1|Iron Valiant|\n|poke|p1|Urshifu-*, M|\n|poke|p1|Buzzwole|\n|poke|p2|Garchomp, F|\n|poke|p2|Spiritomb, F|\n|poke|p2|Milotic, F|\n|poke|p2|Lucario, F|\n|poke|p2|Togekiss, F|\n|poke|p2|Roserade, F|\n|teampreview\n|inactive|Battle timer is ON: inactive players will automatically lose when time's up. (requested by WonderIsTheFool)\n|\n|t:|1700493482\n|start\n|switch|p1a: Blaziken|Blaziken, F, shiny|100\/100\n|switch|p2a: Togekiss|Togekiss, F|100\/100\n|turn|1\n|\n|t:|1700493488\n|detailschange|p1a: Blaziken|Blaziken-Mega, F, shiny\n|-mega|p1a: Blaziken|Blaziken|Blazikenite\n|move|p1a: Blaziken|Protect|p1a: Blaziken\n|-singleturn|p1a: Blaziken|Protect\n|move|p2a: Togekiss|Thunder Wave|p1a: Blaziken\n|-activate|p1a: Blaziken|move: Protect\n|\n|-ability|p1a: Blaziken|Speed Boost|boost\n|-boost|p1a: Blaziken|spe|1\n|upkeep\n|turn|2\n|\n|t:|1700493498\n|move|p1a: Blaziken|Bulk Up|p1a: Blaziken\n|-boost|p1a: Blaziken|atk|1\n|-boost|p1a: Blaziken|def|1\n|move|p2a: Togekiss|Thunder Wave|p1a: Blaziken|[miss]\n|-miss|p2a: Togekiss|p1a: Blaziken\n|\n|-ability|p1a: Blaziken|Speed Boost|boost\n|-boost|p1a: Blaziken|spe|1\n|upkeep\n|turn|3\n|\n|t:|1700493507\n|move|p1a: Blaziken|Blaze Kick|p2a: Togekiss\n|-crit|p2a: Togekiss\n|-damage|p2a: Togekiss|0 fnt\n|faint|p2a: Togekiss\n|\n|-ability|p1a: Blaziken|Speed Boost|boost\n|-boost|p1a: Blaziken|spe|1\n|upkeep\n|\n|t:|1700493513\n|switch|p2a: Milotic|Milotic, F|100\/100\n|turn|4\n|\n|t:|1700493517\n|move|p1a: Blaziken|Bulk Up|p1a: Blaziken\n|-boost|p1a: Blaziken|atk|1\n|-boost|p1a: Blaziken|def|1\n|move|p2a: Milotic|Haze|p2a: Milotic\n|-clearallboost\n|\n|-ability|p1a: Blaziken|Speed Boost|boost\n|-boost|p1a: Blaziken|spe|1\n|upkeep\n|turn|5\n|n|!WonderIsTheFool|wonderisthefool\n|\n|t:|1700493530\n|move|p1a: Blaziken|Close Combat|p2a: Milotic\n|-damage|p2a: Milotic|13\/100\n|-unboost|p1a: Blaziken|def|1\n|-unboost|p1a: Blaziken|spd|1\n|move|p2a: Milotic|Scald|p1a: Blaziken\n|-supereffective|p1a: Blaziken\n|-damage|p1a: Blaziken|0 fnt\n|faint|p1a: Blaziken\n|\n|-heal|p2a: Milotic|20\/100|[from] item: Leftovers\n|upkeep\n|\n|t:|1700493541\n|switch|p1a: Marshadow|Marshadow|100\/100\n|turn|6\n|\n|t:|1700493545\n|move|p1a: Marshadow|Shadow Sneak|p2a: Milotic\n|-damage|p2a: Milotic|0 fnt\n|faint|p2a: Milotic\n|\n|upkeep\n|\n|t:|1700493550\n|switch|p2a: Roserade|Roserade, F|100\/100\n|turn|7\n|\n|t:|1700493556\n|switch|p1a: Zamazenta|Zamazenta-Crowned, shiny|100\/100\n|-ability|p1a: Zamazenta|Dauntless Shield|boost\n|-boost|p1a: Zamazenta|def|1\n|move|p2a: Roserade|Sludge Bomb|p1a: Zamazenta\n|-immune|p1a: Zamazenta\n|\n|upkeep\n|turn|8\n|\n|t:|1700493566\n|switch|p2a: Lucario|Lucario, F|100\/100\n|move|p1a: Zamazenta|Behemoth Bash|p2a: Lucario\n|-resisted|p2a: Lucario\n|-damage|p2a: Lucario|67\/100\n|\n|upkeep\n|turn|9\n|\n|t:|1700493576\n|move|p1a: Zamazenta|Body Press|p2a: Lucario\n|-supereffective|p2a: Lucario\n|-damage|p2a: Lucario|0 fnt\n|faint|p2a: Lucario\n|\n|upkeep\n|\n|t:|1700493580\n|switch|p2a: Garchomp|Garchomp, F|100\/100\n|turn|10\n|\n|t:|1700493587\n|move|p1a: Zamazenta|Iron Defense|p1a: Zamazenta\n|-boost|p1a: Zamazenta|def|2\n|move|p2a: Garchomp|Swords Dance|p2a: Garchomp\n|-boost|p2a: Garchomp|atk|2\n|\n|upkeep\n|turn|11\n|\n|t:|1700493593\n|move|p1a: Zamazenta|Iron Defense|p1a: Zamazenta\n|-boost|p1a: Zamazenta|def|2\n|move|p2a: Garchomp|Earthquake|p1a: Zamazenta\n|-supereffective|p1a: Zamazenta\n|-damage|p1a: Zamazenta|64\/100\n|\n|upkeep\n|turn|12\n|\n|t:|1700493598\n|move|p1a: Zamazenta|Iron Defense|p1a: Zamazenta\n|-boost|p1a: Zamazenta|def|1\n|move|p2a: Garchomp|Earthquake|p1a: Zamazenta\n|-supereffective|p1a: Zamazenta\n|-damage|p1a: Zamazenta|32\/100\n|\n|upkeep\n|turn|13\n|\n|t:|1700493604\n|move|p1a: Zamazenta|Body Press|p2a: Garchomp\n|-damage|p2a: Garchomp|0 fnt\n|-damage|p1a: Zamazenta|20\/100|[from] ability: Rough Skin|[of] p2a: Garchomp\n|faint|p2a: Garchomp\n|\n|upkeep\n|-message|SuperiorSilencer forfeited.\n|\n|win|WonderIsTheFool\n|raw|WonderIsTheFool's rating: 1103 &rarr; <strong>1131<\/strong><br \/>(+28 for winning)\n|raw|SuperiorSilencer's rating: 1144 &rarr; <strong>1116<\/strong><br \/>(-28 for losing)\n","uploadtime":1700493529,"views":13,"p1id":"wonderisthefool","p2id":"superiorsilencer","formatid":"gen9nationaldexubers","rating":1116,"private":0,"password":""}