{"id":"gen9nationaldexubers-1983389935","p1":"bobmcforman","p2":"Riverton Red Sawks","format":"[Gen 9] National Dex Ubers","log":"|j|\u2606bobmcforman\n|j|\u2606Riverton Red Sawks\n|t:|1699125056\n|gametype|singles\n|player|p1|bobmcforman|266|\n|player|p2|Riverton Red Sawks|misty|\n|teamsize|p1|6\n|teamsize|p2|6\n|gen|9\n|tier|[Gen 9] National Dex Ubers\n|rule|HP Percentage Mod: HP is shown in percentages\n|rule|Endless Battle Clause: Forcing endless battles is banned\n|rule|OHKO Clause: OHKO moves are banned\n|rule|Evasion Moves Clause: Evasion moves are banned\n|rule|Evasion Items Clause: Evasion items are banned\n|rule|Species Clause: Limit one of each Pok\u00e9mon\n|rule|Sleep Clause Mod: Limit one foe put to sleep\n|rule|Mega Rayquaza Clause: You cannot mega evolve Rayquaza\n|clearpoke\n|poke|p1|Annihilape, M|\n|poke|p1|Gholdengo|\n|poke|p1|Dondozo, F|\n|poke|p1|Ting-Lu|\n|poke|p1|Iron Moth|\n|poke|p1|Guzzlord|\n|poke|p2|Dialga-Origin|\n|poke|p2|Garganacl, M|\n|poke|p2|Mawile, F|\n|poke|p2|Tyranitar, M|\n|poke|p2|Tapu Fini|\n|poke|p2|Rotom-Mow|\n|teampreview\n|j| medi34\n|\n|t:|1699125094\n|start\n|switch|p1a: Tohnathan|Ting-Lu|100\/100\n|switch|p2a: Tapu Fini|Tapu Fini|100\/100\n|-fieldstart|move: Misty Terrain|[from] ability: Misty Surge|[of] p2a: Tapu Fini\n|-ability|p1a: Tohnathan|Vessel of Ruin\n|turn|1\n|\n|t:|1699125113\n|move|p2a: Tapu Fini|Moonblast|p1a: Tohnathan\n|-supereffective|p1a: Tohnathan\n|-damage|p1a: Tohnathan|71\/100\n|-unboost|p1a: Tohnathan|spa|1\n|-enditem|p1a: Tohnathan|Red Card|[of] p2a: Tapu Fini\n|drag|p2a: Tyranitar|Tyranitar, M|100\/100\n|-weather|Sandstorm|[from] ability: Sand Stream|[of] p2a: Tyranitar\n|move|p1a: Tohnathan|Stealth Rock|p2a: Tyranitar\n|-sidestart|p2: Riverton Red Sawks|move: Stealth Rock\n|\n|-weather|Sandstorm|[upkeep]\n|upkeep\n|turn|2\n|\n|t:|1699125128\n|move|p2a: Tyranitar|Ice Punch|p1a: Tohnathan\n|-supereffective|p1a: Tohnathan\n|-damage|p1a: Tohnathan|37\/100\n|move|p1a: Tohnathan|Earthquake|p2a: Tyranitar\n|-supereffective|p2a: Tyranitar\n|-damage|p2a: Tyranitar|27\/100\n|\n|-weather|Sandstorm|[upkeep]\n|upkeep\n|turn|3\n|\n|t:|1699125145\n|switch|p2a: Rotom|Rotom-Mow|100\/100\n|-damage|p2a: Rotom|88\/100|[from] Stealth Rock\n|move|p1a: Tohnathan|Ruination|p2a: Rotom|[miss]\n|-miss|p1a: Tohnathan|p2a: Rotom\n|\n|-weather|Sandstorm|[upkeep]\n|-damage|p2a: Rotom|82\/100|[from] Sandstorm\n|upkeep\n|turn|4\n|\n|t:|1699125160\n|switch|p1a: Guzzy|Guzzlord, shiny|100\/100\n|move|p2a: Rotom|Leaf Storm|p1a: Guzzy|[miss]\n|-miss|p2a: Rotom|p1a: Guzzy\n|\n|-weather|Sandstorm|[upkeep]\n|-damage|p2a: Rotom|76\/100|[from] Sandstorm\n|-damage|p1a: Guzzy|94\/100|[from] Sandstorm\n|upkeep\n|turn|5\n|\n|t:|1699125174\n|switch|p2a: Garganacl|Garganacl, M|100\/100\n|-damage|p2a: Garganacl|88\/100|[from] Stealth Rock\n|move|p1a: Guzzy|Fire Blast|p2a: Garganacl\n|-resisted|p2a: Garganacl\n|-damage|p2a: Garganacl|73\/100\n|\n|-weather|none\n|-heal|p2a: Garganacl|79\/100|[from] item: Leftovers\n|-fieldend|Misty Terrain\n|upkeep\n|turn|6\n|\n|t:|1699125199\n|switch|p1a: Tohnathan|Ting-Lu|37\/100\n|-ability|p1a: Tohnathan|Vessel of Ruin\n|move|p2a: Garganacl|Iron Defense|p2a: Garganacl\n|-boost|p2a: Garganacl|def|2\n|\n|-heal|p2a: Garganacl|85\/100|[from] item: Leftovers\n|upkeep\n|turn|7\n|\n|t:|1699125212\n|move|p1a: Tohnathan|Ruination|p2a: Garganacl\n|-damage|p2a: Garganacl|43\/100\n|move|p2a: Garganacl|Iron Defense|p2a: Garganacl\n|-boost|p2a: Garganacl|def|2\n|\n|-heal|p2a: Garganacl|49\/100|[from] item: Leftovers\n|upkeep\n|turn|8\n|\n|t:|1699125220\n|move|p1a: Tohnathan|Earthquake|p2a: Garganacl\n|-supereffective|p2a: Garganacl\n|-damage|p2a: Garganacl|36\/100\n|move|p2a: Garganacl|Recover|p2a: Garganacl\n|-heal|p2a: Garganacl|86\/100\n|\n|-heal|p2a: Garganacl|92\/100|[from] item: Leftovers\n|upkeep\n|turn|9\n|\n|t:|1699125231\n|move|p1a: Tohnathan|Ruination|p2a: Garganacl\n|-damage|p2a: Garganacl|46\/100\n|move|p2a: Garganacl|Iron Defense|p2a: Garganacl\n|-boost|p2a: Garganacl|def|2\n|\n|-heal|p2a: Garganacl|52\/100|[from] item: Leftovers\n|upkeep\n|turn|10\n|\n|t:|1699125239\n|move|p1a: Tohnathan|Ruination|p2a: Garganacl|[miss]\n|-miss|p1a: Tohnathan|p2a: Garganacl\n|move|p2a: Garganacl|Body Press|p1a: Tohnathan\n|-supereffective|p1a: Tohnathan\n|-damage|p1a: Tohnathan|0 fnt\n|faint|p1a: Tohnathan\n|\n|-heal|p2a: Garganacl|59\/100|[from] item: Leftovers\n|upkeep\n|\n|t:|1699125260\n|switch|p1a: Johnathan|Annihilape, M|100\/100\n|turn|11\n|\n|t:|1699125266\n|-terastallize|p2a: Garganacl|Water\n|move|p1a: Johnathan|Drain Punch|p2a: Garganacl\n|-damage|p2a: Garganacl|54\/100\n|move|p2a: Garganacl|Recover|p2a: Garganacl\n|-heal|p2a: Garganacl|100\/100\n|\n|upkeep\n|turn|12\n|\n|t:|1699125280\n|move|p1a: Johnathan|Drain Punch|p2a: Garganacl\n|-damage|p2a: Garganacl|96\/100\n|move|p2a: Garganacl|Salt Cure|p1a: Johnathan\n|-resisted|p1a: Johnathan\n|-damage|p1a: Johnathan|94\/100\n|-start|p1a: Johnathan|Salt Cure\n|\n|-heal|p1a: Johnathan|99\/100|[from] item: Leftovers\n|-heal|p2a: Garganacl|100\/100|[from] item: Leftovers\n|-damage|p1a: Johnathan|87\/100|[from] Salt Cure\n|upkeep\n|turn|13\n|c| medi34|chonk\n|\n|t:|1699125293\n|move|p1a: Johnathan|Drain Punch|p2a: Garganacl\n|-damage|p2a: Garganacl|97\/100\n|-heal|p1a: Johnathan|89\/100|[from] drain|[of] p2a: Garganacl\n|move|p2a: Garganacl|Salt Cure|p1a: Johnathan\n|-resisted|p1a: Johnathan\n|-damage|p1a: Johnathan|82\/100\n|\n|-heal|p1a: Johnathan|88\/100|[from] item: Leftovers\n|-heal|p2a: Garganacl|100\/100|[from] item: Leftovers\n|-damage|p1a: Johnathan|76\/100|[from] Salt Cure\n|upkeep\n|turn|14\n|\n|t:|1699125314\n|move|p1a: Johnathan|Bulk Up|p1a: Johnathan\n|-boost|p1a: Johnathan|atk|1\n|-boost|p1a: Johnathan|def|1\n|move|p2a: Garganacl|Salt Cure|p1a: Johnathan\n|-resisted|p1a: Johnathan\n|-damage|p1a: Johnathan|71\/100\n|\n|-heal|p1a: Johnathan|77\/100|[from] item: Leftovers\n|-damage|p1a: Johnathan|65\/100|[from] Salt Cure\n|upkeep\n|turn|15\n|\n|t:|1699125325\n|switch|p2a: Mawile|Mawile, F|100\/100\n|-damage|p2a: Mawile|95\/100|[from] Stealth Rock\n|-ability|p2a: Mawile|Intimidate|boost\n|-unboost|p1a: Johnathan|atk|1\n|-ability|p1a: Johnathan|Defiant|boost\n|-boost|p1a: Johnathan|atk|2\n|move|p1a: Johnathan|Bulk Up|p1a: Johnathan\n|-boost|p1a: Johnathan|atk|1\n|-boost|p1a: Johnathan|def|1\n|\n|-heal|p1a: Johnathan|71\/100|[from] item: Leftovers\n|-damage|p1a: Johnathan|59\/100|[from] Salt Cure\n|upkeep\n|turn|16\n|\n|t:|1699125354\n|detailschange|p2a: Mawile|Mawile-Mega, F\n|-mega|p2a: Mawile|Mawile|Mawilite\n|-terastallize|p1a: Johnathan|Fairy\n|move|p1a: Johnathan|Rage Fist|p2a: Mawile\n|-damage|p2a: Mawile|0 fnt\n|faint|p2a: Mawile\n|\n|-heal|p1a: Johnathan|65\/100|[from] item: Leftovers\n|-damage|p1a: Johnathan|53\/100|[from] Salt Cure\n|upkeep\n|c| medi34|:o\n|\n|t:|1699125384\n|switch|p2a: Tyranitar|Tyranitar, M|27\/100\n|-damage|p2a: Tyranitar|14\/100|[from] Stealth Rock\n|-weather|Sandstorm|[from] ability: Sand Stream|[of] p2a: Tyranitar\n|turn|17\n|\n|t:|1699125391\n|move|p2a: Tyranitar|Stone Edge|p1a: Johnathan|[miss]\n|-miss|p2a: Tyranitar|p1a: Johnathan\n|move|p1a: Johnathan|Rage Fist|p2a: Tyranitar\n|-resisted|p2a: Tyranitar\n|-damage|p2a: Tyranitar|0 fnt\n|faint|p2a: Tyranitar\n|\n|-weather|Sandstorm|[upkeep]\n|-damage|p1a: Johnathan|46\/100|[from] Sandstorm\n|-heal|p1a: Johnathan|53\/100|[from] item: Leftovers\n|-damage|p1a: Johnathan|40\/100|[from] Salt Cure\n|upkeep\n|\n|t:|1699125401\n|switch|p2a: Dialga|Dialga-Origin|100\/100\n|-damage|p2a: Dialga|94\/100|[from] Stealth Rock\n|-ability|p2a: Dialga|Pressure\n|turn|18\n|\n|t:|1699125408\n|move|p2a: Dialga|Steel Beam|p1a: Johnathan\n|-supereffective|p1a: Johnathan\n|-damage|p1a: Johnathan|0 fnt\n|-damage|p2a: Dialga|44\/100|[from] steelbeam\n|faint|p1a: Johnathan\n|\n|-weather|Sandstorm|[upkeep]\n|upkeep\n|\n|t:|1699125416\n|switch|p1a: Mohnathan|Iron Moth|100\/100\n|-enditem|p1a: Mohnathan|Booster Energy\n|-activate|p1a: Mohnathan|ability: Quark Drive|[fromitem]\n|-start|p1a: Mohnathan|quarkdrivespe\n|turn|19\n|\n|t:|1699125460\n|switch|p2a: Garganacl|Garganacl, M, tera:Water|100\/100\n|-damage|p2a: Garganacl|88\/100|[from] Stealth Rock\n|move|p1a: Mohnathan|Fiery Dance|p2a: Garganacl\n|-resisted|p2a: Garganacl\n|-damage|p2a: Garganacl|70\/100\n|-boost|p1a: Mohnathan|spa|1\n|\n|-weather|Sandstorm|[upkeep]\n|-damage|p1a: Mohnathan|95\/100|[from] Sandstorm\n|-damage|p2a: Garganacl|64\/100|[from] Sandstorm\n|-heal|p2a: Garganacl|70\/100|[from] item: Leftovers\n|upkeep\n|turn|20\n|\n|t:|1699125473\n|move|p1a: Mohnathan|Energy Ball|p2a: Garganacl\n|-supereffective|p2a: Garganacl\n|-damage|p2a: Garganacl|0 fnt\n|faint|p2a: Garganacl\n|\n|-weather|Sandstorm|[upkeep]\n|-damage|p1a: Mohnathan|89\/100|[from] Sandstorm\n|upkeep\n|\n|t:|1699125499\n|switch|p2a: Tapu Fini|Tapu Fini|100\/100\n|-damage|p2a: Tapu Fini|88\/100|[from] Stealth Rock\n|-fieldstart|move: Misty Terrain|[from] ability: Misty Surge|[of] p2a: Tapu Fini\n|turn|21\n|\n|t:|1699125506\n|move|p1a: Mohnathan|Energy Ball|p2a: Tapu Fini\n|-supereffective|p2a: Tapu Fini\n|-damage|p2a: Tapu Fini|18\/100\n|-zpower|p2a: Tapu Fini\n|move|p2a: Tapu Fini|Hydro Vortex|p1a: Mohnathan|[zeffect]\n|-supereffective|p1a: Mohnathan\n|-damage|p1a: Mohnathan|0 fnt\n|faint|p1a: Mohnathan\n|-end|p1a: Mohnathan|Quark Drive|[silent]\n|\n|-weather|none\n|upkeep\n|\n|t:|1699125522\n|switch|p1a: Gohnathan|Gholdengo|100\/100\n|turn|22\n|\n|t:|1699125534\n|switch|p2a: Rotom|Rotom-Mow|76\/100\n|-damage|p2a: Rotom|63\/100|[from] Stealth Rock\n|move|p1a: Gohnathan|Shadow Ball|p2a: Rotom\n|-damage|p2a: Rotom|2\/100\n|\n|upkeep\n|turn|23\n|\n|t:|1699125543\n|move|p2a: Rotom|Thunderbolt|p1a: Gohnathan\n|-damage|p1a: Gohnathan|53\/100\n|move|p1a: Gohnathan|Shadow Ball|p2a: Rotom\n|-crit|p2a: Rotom\n|-damage|p2a: Rotom|0 fnt\n|faint|p2a: Rotom\n|\n|upkeep\n|\n|t:|1699125551\n|switch|p2a: Dialga|Dialga-Origin|44\/100\n|-damage|p2a: Dialga|38\/100|[from] Stealth Rock\n|-ability|p2a: Dialga|Pressure\n|turn|24\n|\n|t:|1699125571\n|move|p2a: Dialga|Thunderbolt|p1a: Gohnathan\n|-damage|p1a: Gohnathan|21\/100\n|move|p1a: Gohnathan|Shadow Ball|p2a: Dialga\n|-damage|p2a: Dialga|5\/100\n|\n|upkeep\n|turn|25\n|\n|t:|1699125582\n|move|p2a: Dialga|Thunderbolt|p1a: Gohnathan\n|-crit|p1a: Gohnathan\n|-damage|p1a: Gohnathan|0 fnt\n|faint|p1a: Gohnathan\n|\n|-fieldend|Misty Terrain\n|upkeep\n|\n|t:|1699125590\n|switch|p1a: Dohnathan|Dondozo, F|100\/100\n|turn|26\n|\n|t:|1699125595\n|move|p2a: Dialga|Thunderbolt|p1a: Dohnathan\n|-supereffective|p1a: Dohnathan\n|-damage|p1a: Dohnathan|43\/100\n|move|p1a: Dohnathan|Body Press|p2a: Dialga\n|-supereffective|p2a: Dialga\n|-damage|p2a: Dialga|0 fnt\n|faint|p2a: Dialga\n|\n|upkeep\n|\n|t:|1699125602\n|switch|p2a: Tapu Fini|Tapu Fini|18\/100\n|-damage|p2a: Tapu Fini|6\/100|[from] Stealth Rock\n|-fieldstart|move: Misty Terrain|[from] ability: Misty Surge|[of] p2a: Tapu Fini\n|turn|27\n|\n|t:|1699125673\n|move|p2a: Tapu Fini|Moonblast|p1a: Dohnathan\n|-damage|p1a: Dohnathan|13\/100\n|move|p1a: Dohnathan|Body Press|p2a: Tapu Fini\n|-resisted|p2a: Tapu Fini\n|-damage|p2a: Tapu Fini|0 fnt\n|faint|p2a: Tapu Fini\n|\n|win|bobmcforman\n|c| medi34|ggs\n","uploadtime":1699125681,"views":11,"p1id":"bobmcforman","p2id":"rivertonredsawks","formatid":"gen9nationaldexubers","rating":0,"private":0,"password":""}