{"id":"gen9nationaldexubers-1991730130","p1":"juliuxbang","p2":"BrianLikesTrains","format":"[Gen 9] National Dex Ubers","log":"|j|\u2606juliuxbang\n|j|\u2606BrianLikesTrains\n|t:|1700108010\n|gametype|singles\n|player|p1|juliuxbang|hilbert-wonderlauncher|1025\n|player|p2|BrianLikesTrains|fisherman-gen4|1025\n|teamsize|p1|6\n|teamsize|p2|6\n|gen|9\n|tier|[Gen 9] National Dex Ubers\n|rated|\n|rule|HP Percentage Mod: HP is shown in percentages\n|rule|Endless Battle Clause: Forcing endless battles is banned\n|rule|OHKO Clause: OHKO moves are banned\n|rule|Evasion Moves Clause: Evasion moves are banned\n|rule|Evasion Items Clause: Evasion items are banned\n|rule|Species Clause: Limit one of each Pok\u00e9mon\n|rule|Sleep Clause Mod: Limit one foe put to sleep\n|rule|Mega Rayquaza Clause: You cannot mega evolve Rayquaza\n|clearpoke\n|poke|p1|Dracovish|\n|poke|p1|Landorus, M|\n|poke|p1|Metagross|\n|poke|p1|Salamence, F|\n|poke|p1|Grimmsnarl, M|\n|poke|p1|Charizard, M|\n|poke|p2|Polteageist|\n|poke|p2|Drednaw, M|\n|poke|p2|Gliscor, F|\n|poke|p2|Minior|\n|poke|p2|Arceus|\n|poke|p2|Lopunny, F|\n|teampreview\n|inactive|Battle timer is ON: inactive players will automatically lose when time's up. (requested by BrianLikesTrains)\n|\n|t:|1700108019\n|start\n|switch|p1a: Metagross|Metagross|100\/100\n|switch|p2a: Lopunny|Lopunny, F|100\/100\n|turn|1\n|\n|t:|1700108028\n|detailschange|p2a: Lopunny|Lopunny-Mega, F\n|-mega|p2a: Lopunny|Lopunny|Lopunnite\n|move|p2a: Lopunny|Fake Out|p1a: Metagross\n|-resisted|p1a: Metagross\n|-damage|p1a: Metagross|92\/100\n|cant|p1a: Metagross|flinch\n|\n|upkeep\n|turn|2\n|\n|t:|1700108038\n|switch|p2a: Gliscor|Gliscor, F|100\/100\n|move|p1a: Metagross|Stealth Rock|p2a: Gliscor\n|-sidestart|p2: BrianLikesTrains|move: Stealth Rock\n|\n|-status|p2a: Gliscor|tox|[from] item: Toxic Orb\n|upkeep\n|turn|3\n|\n|t:|1700108052\n|detailschange|p1a: Metagross|Metagross-Mega\n|-mega|p1a: Metagross|Metagross|Metagrossite\n|move|p1a: Metagross|Bullet Punch|p2a: Gliscor\n|-crit|p2a: Gliscor\n|-damage|p2a: Gliscor|66\/100 tox\n|move|p2a: Gliscor|Knock Off|p1a: Metagross\n|-supereffective|p1a: Metagross\n|-damage|p1a: Metagross|62\/100\n|\n|-heal|p2a: Gliscor|79\/100 tox|[from] ability: Poison Heal\n|upkeep\n|turn|4\n|\n|t:|1700108069\n|move|p2a: Gliscor|Knock Off|p1a: Metagross\n|-supereffective|p1a: Metagross\n|-damage|p1a: Metagross|35\/100\n|move|p1a: Metagross|Flash Cannon|p2a: Gliscor\n|-damage|p2a: Gliscor|27\/100 tox\n|\n|-heal|p2a: Gliscor|40\/100 tox|[from] ability: Poison Heal\n|upkeep\n|turn|5\n|\n|t:|1700108084\n|switch|p1a: Salamence|Salamence, F|100\/100\n|-ability|p1a: Salamence|Intimidate|boost\n|-unboost|p2a: Gliscor|atk|1\n|move|p2a: Gliscor|Knock Off|p1a: Salamence\n|-damage|p1a: Salamence|81\/100\n|-enditem|p1a: Salamence|Dragon Fang|[from] move: Knock Off|[of] p2a: Gliscor\n|\n|-heal|p2a: Gliscor|52\/100 tox|[from] ability: Poison Heal\n|upkeep\n|turn|6\n|\n|t:|1700108095\n|move|p2a: Gliscor|Fling|p1a: Salamence\n|-damage|p1a: Salamence|73\/100\n|-status|p1a: Salamence|tox\n|-enditem|p2a: Gliscor|Toxic Orb|[from] move: Fling\n|move|p1a: Salamence|Dragon Dance|p1a: Salamence\n|-boost|p1a: Salamence|atk|1\n|-boost|p1a: Salamence|spe|1\n|\n|-damage|p1a: Salamence|67\/100 tox|[from] psn\n|-heal|p2a: Gliscor|64\/100 tox|[from] ability: Poison Heal\n|upkeep\n|turn|7\n|\n|t:|1700108105\n|move|p1a: Salamence|Dragon Claw|p2a: Gliscor\n|-damage|p2a: Gliscor|9\/100 tox\n|move|p2a: Gliscor|Stealth Rock|p1a: Salamence\n|-sidestart|p1: juliuxbang|move: Stealth Rock\n|\n|-damage|p1a: Salamence|55\/100 tox|[from] psn\n|-heal|p2a: Gliscor|21\/100 tox|[from] ability: Poison Heal\n|upkeep\n|turn|8\n|\n|t:|1700108114\n|move|p2a: Gliscor|Knock Off|p1a: Salamence\n|-damage|p1a: Salamence|40\/100 tox\n|move|p1a: Salamence|Dragon Tail|p2a: Gliscor\n|-damage|p2a: Gliscor|0 fnt\n|faint|p2a: Gliscor\n|\n|-damage|p1a: Salamence|22\/100 tox|[from] psn\n|upkeep\n|\n|t:|1700108126\n|switch|p2a: Lopunny|Lopunny-Mega, F|100\/100\n|-damage|p2a: Lopunny|95\/100|[from] Stealth Rock\n|turn|9\n|\n|t:|1700108131\n|move|p2a: Lopunny|Fake Out|p1a: Salamence\n|-damage|p1a: Salamence|0 fnt\n|faint|p1a: Salamence\n|\n|upkeep\n|\n|t:|1700108143\n|switch|p1a: Charizard|Charizard, M|100\/100\n|-damage|p1a: Charizard|51\/100|[from] Stealth Rock\n|turn|10\n|\n|t:|1700108151\n|move|p2a: Lopunny|Last Resort|p1a: Charizard\n|-damage|p1a: Charizard|0 fnt\n|faint|p1a: Charizard\n|\n|upkeep\n|\n|t:|1700108158\n|switch|p1a: Grimmsnarl|Grimmsnarl, M|100\/100\n|-damage|p1a: Grimmsnarl|88\/100|[from] Stealth Rock\n|turn|11\n|\n|t:|1700108164\n|move|p2a: Lopunny|Last Resort|p1a: Grimmsnarl\n|-damage|p1a: Grimmsnarl|0 fnt\n|faint|p1a: Grimmsnarl\n|\n|upkeep\n|\n|t:|1700108168\n|switch|p1a: Dracovish|Dracovish|100\/100\n|-damage|p1a: Dracovish|88\/100|[from] Stealth Rock\n|turn|12\n|\n|t:|1700108173\n|move|p2a: Lopunny|Last Resort|p1a: Dracovish\n|-damage|p1a: Dracovish|12\/100\n|move|p1a: Dracovish|Fishious Rend|p2a: Lopunny\n|-damage|p2a: Lopunny|51\/100\n|\n|upkeep\n|turn|13\n|\n|t:|1700108181\n|move|p2a: Lopunny|Last Resort|p1a: Dracovish\n|-damage|p1a: Dracovish|0 fnt\n|faint|p1a: Dracovish\n|\n|upkeep\n|\n|t:|1700108185\n|switch|p1a: Metagross|Metagross-Mega|35\/100\n|-damage|p1a: Metagross|29\/100|[from] Stealth Rock\n|turn|14\n|\n|t:|1700108190\n|move|p1a: Metagross|Bullet Punch|p2a: Lopunny\n|-damage|p2a: Lopunny|17\/100\n|move|p2a: Lopunny|Last Resort|p1a: Metagross\n|-resisted|p1a: Metagross\n|-damage|p1a: Metagross|0 fnt\n|faint|p1a: Metagross\n|\n|upkeep\n|\n|t:|1700108197\n|switch|p1a: Landorus|Landorus, M|100\/100\n|-damage|p1a: Landorus|88\/100|[from] Stealth Rock\n|turn|15\n|\n|t:|1700108204\n|-terastallize|p1a: Landorus|Ground\n|move|p2a: Lopunny|Last Resort|p1a: Landorus\n|-damage|p1a: Landorus|5\/100\n|move|p1a: Landorus|Earthquake|p2a: Lopunny\n|-damage|p2a: Lopunny|0 fnt\n|faint|p2a: Lopunny\n|\n|upkeep\n|\n|t:|1700108211\n|switch|p2a: Arceus|Arceus|100\/100\n|-damage|p2a: Arceus|88\/100|[from] Stealth Rock\n|turn|16\n|\n|t:|1700108215\n|move|p2a: Arceus|Extreme Speed|p1a: Landorus\n|-damage|p1a: Landorus|0 fnt\n|faint|p1a: Landorus\n|-damage|p2a: Arceus|78\/100|[from] item: Life Orb\n|\n|win|BrianLikesTrains\n|raw|juliuxbang's rating: 1025 &rarr; <strong>1011<\/strong><br \/>(-14 for losing)\n|raw|BrianLikesTrains's rating: 1025 &rarr; <strong>1061<\/strong><br \/>(+36 for winning)\n|l|\u2606juliuxbang\n","uploadtime":1700108229,"views":16,"p1id":"juliuxbang","p2id":"brianlikestrains","formatid":"gen9nationaldexubers","rating":1011,"private":0,"password":""}