{"id":"gen9nationaldexubers-1993763045","p1":"grrrryeah","p2":"JellyBoostX","format":"[Gen 9] National Dex Ubers","log":"|j|\u2606grrrryeah\n|j|\u2606JellyBoostX\n|t:|1700354334\n|gametype|singles\n|player|p1|grrrryeah|102|\n|player|p2|JellyBoostX|boarder|\n|teamsize|p1|6\n|teamsize|p2|6\n|gen|9\n|tier|[Gen 9] National Dex Ubers\n|rule|HP Percentage Mod: HP is shown in percentages\n|rule|Endless Battle Clause: Forcing endless battles is banned\n|rule|OHKO Clause: OHKO moves are banned\n|rule|Evasion Moves Clause: Evasion moves are banned\n|rule|Evasion Items Clause: Evasion items are banned\n|rule|Species Clause: Limit one of each Pok\u00e9mon\n|rule|Sleep Clause Mod: Limit one foe put to sleep\n|rule|Mega Rayquaza Clause: You cannot mega evolve Rayquaza\n|clearpoke\n|poke|p1|Gliscor, F|\n|poke|p1|Ting-Lu|\n|poke|p1|Cinccino, M|\n|poke|p1|Volcarona, F|\n|poke|p1|Solgaleo|\n|poke|p1|Gholdengo|\n|poke|p2|Zekrom|\n|poke|p2|Tornadus-Therian, M|\n|poke|p2|Tapu Koko|\n|poke|p2|Sceptile, F|\n|poke|p2|Sableye, F|\n|poke|p2|Toxapex, M|\n|teampreview\n|c|\u2606JellyBoostX|hf\n|c|\u2606JellyBoostX|oh shit I built for the WRONG TEAM\n|c|\u2606JellyBoostX|but I want to keep playing lol\n|c|\u2606JellyBoostX|also idk where to share live link lmao\n|l|\u2606grrrryeah\n|player|p1|\n|j|\u2606grrrryeah\n|player|p1|grrrryeah|102\n|\n|t:|1700354407\n|start\n|switch|p1a: Gliscor|Gliscor, F|100\/100\n|switch|p2a: Toxapex|Toxapex, M|100\/100\n|turn|1\n|\n|t:|1700354414\n|move|p1a: Gliscor|Protect|p1a: Gliscor\n|-singleturn|p1a: Gliscor|Protect\n|move|p2a: Toxapex|Knock Off|p1a: Gliscor\n|-activate|p1a: Gliscor|move: Protect\n|\n|-status|p1a: Gliscor|tox|[from] item: Toxic Orb\n|upkeep\n|turn|2\n|\n|t:|1700354427\n|move|p1a: Gliscor|Rock Slide|p2a: Toxapex\n|-damage|p2a: Toxapex|88\/100\n|move|p2a: Toxapex|Toxic Spikes|p1a: Gliscor\n|-sidestart|p1: grrrryeah|move: Toxic Spikes\n|\n|upkeep\n|turn|3\n|\n|t:|1700354444\n|move|p1a: Gliscor|Earthquake|p2a: Toxapex\n|-supereffective|p2a: Toxapex\n|-damage|p2a: Toxapex|35\/100\n|move|p2a: Toxapex|Toxic Spikes|p1a: Gliscor\n|-sidestart|p1: grrrryeah|move: Toxic Spikes\n|\n|upkeep\n|turn|4\n|\n|t:|1700354461\n|switch|p2a: 18 pointer|Tornadus-Therian, M|100\/100\n|move|p1a: Gliscor|Earthquake|p2a: 18 pointer\n|-immune|p2a: 18 pointer\n|\n|upkeep\n|turn|5\n|\n|t:|1700354466\n|move|p2a: 18 pointer|Bleakwind Storm|p1a: Gliscor\n|-damage|p1a: Gliscor|55\/100 tox\n|-unboost|p1a: Gliscor|spe|1\n|move|p1a: Gliscor|Toxic|p2a: 18 pointer\n|-status|p2a: 18 pointer|tox\n|\n|-damage|p2a: 18 pointer|94\/100 tox|[from] psn\n|-heal|p1a: Gliscor|67\/100 tox|[from] ability: Poison Heal\n|upkeep\n|turn|6\n|\n|t:|1700354475\n|move|p1a: Gliscor|Protect|p1a: Gliscor\n|-singleturn|p1a: Gliscor|Protect\n|move|p2a: 18 pointer|Bleakwind Storm|p1a: Gliscor\n|-activate|p1a: Gliscor|move: Protect\n|\n|-damage|p2a: 18 pointer|82\/100 tox|[from] psn\n|-heal|p1a: Gliscor|80\/100 tox|[from] ability: Poison Heal\n|upkeep\n|turn|7\n|\n|t:|1700354481\n|switch|p1a: Solgaleo|Solgaleo|100\/100\n|move|p2a: 18 pointer|Bleakwind Storm|p1a: Solgaleo|[miss]\n|-miss|p2a: 18 pointer|p1a: Solgaleo\n|\n|-damage|p2a: 18 pointer|64\/100 tox|[from] psn\n|upkeep\n|turn|8\n|\n|t:|1700354487\n|move|p2a: 18 pointer|Knock Off|p1a: Solgaleo\n|-supereffective|p1a: Solgaleo\n|-damage|p1a: Solgaleo|71\/100\n|-enditem|p1a: Solgaleo|Weakness Policy\n|-boost|p1a: Solgaleo|atk|2|[from] item: Weakness Policy\n|-boost|p1a: Solgaleo|spa|2|[from] item: Weakness Policy\n|move|p1a: Solgaleo|Agility|p1a: Solgaleo\n|-boost|p1a: Solgaleo|spe|2\n|\n|-damage|p2a: 18 pointer|40\/100 tox|[from] psn\n|upkeep\n|turn|9\n|c|\u2606JellyBoostX|fuck lmao\n|\n|t:|1700354506\n|move|p1a: Solgaleo|Sunsteel Strike|p2a: 18 pointer\n|-damage|p2a: 18 pointer|0 fnt\n|faint|p2a: 18 pointer\n|\n|upkeep\n|c|\u2606JellyBoostX|damn I can't believe I built for the wrong team\n|j| Adrian3210\n|\n|t:|1700354526\n|switch|p2a: Tapu Koko|Tapu Koko|100\/100\n|-fieldstart|move: Electric Terrain|[from] ability: Electric Surge|[of] p2a: Tapu Koko\n|turn|10\n|\n|t:|1700354538\n|move|p1a: Solgaleo|Earthquake|p2a: Tapu Koko\n|-supereffective|p2a: Tapu Koko\n|-damage|p2a: Tapu Koko|0 fnt\n|faint|p2a: Tapu Koko\n|\n|upkeep\n|\n|t:|1700354541\n|switch|p2a: 3 pointer|Sceptile, F|100\/100\n|turn|11\n|\n|t:|1700354546\n|move|p1a: Solgaleo|Sunsteel Strike|p2a: 3 pointer\n|-damage|p2a: 3 pointer|0 fnt\n|faint|p2a: 3 pointer\n|\n|upkeep\n|\n|t:|1700354550\n|switch|p2a: Toxapex|Toxapex, M|69\/100\n|turn|12\n|\n|t:|1700354552\n|move|p1a: Solgaleo|Earthquake|p2a: Toxapex\n|-supereffective|p2a: Toxapex\n|-damage|p2a: Toxapex|0 fnt\n|faint|p2a: Toxapex\n|\n|upkeep\n|c|\u2606JellyBoostX|wow\n|c|\u2606JellyBoostX|lol nothing towards you good shit taking the W\n|c|\u2606JellyBoostX|but holy fuck I wasted an hour of my life drafting and prepping for the other groudon team lmao\n|\n|t:|1700354586\n|switch|p2a: Zekrom|Zekrom|100\/100\n|-ability|p2a: Zekrom|Teravolt\n|turn|13\n|c|\u2606grrrryeah|My team doesn\u2019t even have a groudon\n|\n|t:|1700354602\n|move|p1a: Solgaleo|Earthquake|p2a: Zekrom\n|-supereffective|p2a: Zekrom\n|-damage|p2a: Zekrom|0 fnt\n|faint|p2a: Zekrom\n|\n|upkeep\n|c|\u2606JellyBoostX|lol have you been reading my messages unfortunately I prepped for the wrong team\n|\n|t:|1700354617\n|switch|p2a: 92|Sableye, F|100\/100\n|turn|14\n|c|\u2606grrrryeah|OHHHH\n|c|\u2606JellyBoostX|yeah like it's BAD\n|\n|t:|1700354634\n|detailschange|p2a: 92|Sableye-Mega, F\n|-mega|p2a: 92|Sableye|Sablenite\n|move|p1a: Solgaleo|Sunsteel Strike|p2a: 92\n|-damage|p2a: 92|0 fnt\n|faint|p2a: 92\n|\n|win|grrrryeah\n|c|\u2606JellyBoostX|gg homie\n|c|\u2606JellyBoostX|have a good one\n|c|\u2606grrrryeah|Gg\n|l|\u2606grrrryeah\n|l|\u2606JellyBoostX\n|l| Adrian3210\n|j| Adrian3210\n","uploadtime":1700354967,"views":22,"p1id":"grrrryeah","p2id":"jellyboostx","formatid":"gen9nationaldexubers","rating":0,"private":0,"password":""}