{"id":"gen9nationaldexubers-1983585033","p1":"Slyguy46","p2":"ShinyMisty","format":"[Gen 9] National Dex Ubers","log":"|j|\u2606Slyguy46\n|j|\u2606ShinyMisty\n|t:|1699146204\n|gametype|singles\n|player|p1|Slyguy46|ethan|\n|player|p2|ShinyMisty|kris-masters|\n|teamsize|p1|6\n|teamsize|p2|6\n|gen|9\n|tier|[Gen 9] National Dex Ubers\n|rule|HP Percentage Mod: HP is shown in percentages\n|rule|Endless Battle Clause: Forcing endless battles is banned\n|rule|OHKO Clause: OHKO moves are banned\n|rule|Evasion Moves Clause: Evasion moves are banned\n|rule|Evasion Items Clause: Evasion items are banned\n|rule|Species Clause: Limit one of each Pok\u00e9mon\n|rule|Sleep Clause Mod: Limit one foe put to sleep\n|rule|Mega Rayquaza Clause: You cannot mega evolve Rayquaza\n|clearpoke\n|poke|p1|Scizor, F|\n|poke|p1|Salamence, M|\n|poke|p1|Quaquaval, M|\n|poke|p1|Gholdengo|\n|poke|p1|Azelf|\n|poke|p1|Landorus-Therian, M|\n|poke|p2|Crawdaunt, F|\n|poke|p2|Gholdengo|\n|poke|p2|Electrode|\n|poke|p2|Breloom, M|\n|poke|p2|Latias, F|\n|poke|p2|Klefki, M|\n|teampreview\n|j| HarmTurtle\n|j| Completeanimefan\n|c|\u2606ShinyMisty|Good luck. Have fun. <3\n|c| Completeanimefan|Round Three: FIGHT!\n|\n|t:|1699146241\n|start\n|switch|p1a: Azelf|Azelf|100\/100\n|switch|p2a: Boss Klefki|Klefki, M, shiny|100\/100\n|turn|1\n|\n|t:|1699146254\n|move|p2a: Boss Klefki|Reflect|p2a: Boss Klefki\n|-sidestart|p2: ShinyMisty|Reflect\n|move|p1a: Azelf|Taunt|p2a: Boss Klefki\n|-start|p2a: Boss Klefki|move: Taunt\n|\n|upkeep\n|turn|2\n|\n|t:|1699146262\n|switch|p2a: Mondo Cool|Gholdengo|100\/100\n|move|p1a: Azelf|Stealth Rock|p2a: Mondo Cool\n|-sidestart|p2: ShinyMisty|move: Stealth Rock\n|\n|upkeep\n|turn|3\n|\n|t:|1699146272\n|move|p1a: Azelf|Knock Off|p2a: Mondo Cool\n|-supereffective|p2a: Mondo Cool\n|-damage|p2a: Mondo Cool|63\/100\n|-enditem|p2a: Mondo Cool|Life Orb|[from] move: Knock Off|[of] p1a: Azelf\n|move|p2a: Mondo Cool|Nasty Plot|p2a: Mondo Cool\n|-boost|p2a: Mondo Cool|spa|2\n|\n|upkeep\n|turn|4\n|\n|t:|1699146300\n|switch|p1a: Gholdengo|Gholdengo|100\/100\n|move|p2a: Mondo Cool|Shadow Ball|p1a: Gholdengo\n|-supereffective|p1a: Gholdengo\n|-damage|p1a: Gholdengo|0 fnt\n|faint|p1a: Gholdengo\n|\n|upkeep\n|\n|t:|1699146304\n|switch|p1a: Landorus|Landorus-Therian, M|100\/100\n|-ability|p1a: Landorus|Intimidate|boost\n|-unboost|p2a: Mondo Cool|atk|1\n|turn|5\n|\n|t:|1699146327\n|switch|p2a: Quetzal|Latias, F, shiny|100\/100\n|-damage|p2a: Quetzal|88\/100|[from] Stealth Rock\n|move|p1a: Landorus|Earthquake|p2a: Quetzal\n|-immune|p2a: Quetzal|[from] ability: Levitate\n|\n|upkeep\n|turn|6\n|\n|t:|1699146348\n|move|p2a: Quetzal|Psychic|p1a: Landorus\n|-damage|p1a: Landorus|38\/100\n|-damage|p2a: Quetzal|78\/100|[from] item: Life Orb\n|move|p1a: Landorus|Defog|p2a: Quetzal\n|-unboost|p2a: Quetzal|evasion|1\n|-sideend|p2: ShinyMisty|Reflect\n|-sideend|p2: ShinyMisty|Stealth Rock|[from] move: Defog|[of] p1a: Landorus\n|\n|upkeep\n|turn|7\n|\n|t:|1699146367\n|switch|p1a: Scizor|Scizor, F, shiny|100\/100\n|move|p2a: Quetzal|Psychic|p1a: Scizor\n|-resisted|p1a: Scizor\n|-damage|p1a: Scizor|69\/100\n|-damage|p2a: Quetzal|68\/100|[from] item: Life Orb\n|\n|upkeep\n|turn|8\n|\n|t:|1699146379\n|switch|p2a: Boss Klefki|Klefki, M, shiny|100\/100\n|move|p1a: Scizor|U-turn|p2a: Boss Klefki\n|-resisted|p2a: Boss Klefki\n|-damage|p2a: Boss Klefki|88\/100\n|\n|t:|1699146390\n|switch|p1a: Azelf|Azelf|100\/100|[from] U-turn\n|\n|upkeep\n|turn|9\n|\n|t:|1699146396\n|move|p2a: Boss Klefki|Thunder Wave|p1a: Azelf\n|-status|p1a: Azelf|par\n|move|p1a: Azelf|Taunt|p2a: Boss Klefki\n|-start|p2a: Boss Klefki|move: Taunt\n|\n|upkeep\n|turn|10\n|\n|t:|1699146455\n|switch|p2a: GameSphere|Electrode|100\/100\n|-item|p2a: GameSphere|Air Balloon\n|move|p1a: Azelf|Knock Off|p2a: GameSphere\n|-damage|p2a: GameSphere|46\/100\n|-enditem|p2a: GameSphere|Air Balloon\n|\n|upkeep\n|turn|11\n|\n|t:|1699146484\n|move|p2a: GameSphere|Volt Switch|p1a: Azelf\n|-damage|p1a: Azelf|65\/100 par\n|\n|t:|1699146498\n|switch|p2a: Boss Klefki|Klefki, M, shiny|88\/100|[from] Volt Switch\n|move|p1a: Azelf|Explosion|p2a: Boss Klefki\n|-resisted|p2a: Boss Klefki\n|-damage|p2a: Boss Klefki|52\/100\n|faint|p1a: Azelf\n|\n|upkeep\n|\n|t:|1699146530\n|switch|p1a: Scizor|Scizor, F, shiny|69\/100\n|turn|12\n|\n|t:|1699146545\n|move|p2a: Boss Klefki|Reflect|p2a: Boss Klefki\n|-sidestart|p2: ShinyMisty|Reflect\n|move|p1a: Scizor|Close Combat|p2a: Boss Klefki\n|-crit|p2a: Boss Klefki\n|-damage|p2a: Boss Klefki|0 fnt\n|-unboost|p1a: Scizor|def|1\n|-unboost|p1a: Scizor|spd|1\n|faint|p2a: Boss Klefki\n|\n|upkeep\n|c|\u2606ShinyMisty|THE CRITS! They hate me! XD\n|\n|t:|1699146566\n|switch|p2a: GameSphere|Electrode|46\/100\n|turn|13\n|\n|t:|1699146572\n|switch|p1a: Landorus|Landorus-Therian, M|38\/100\n|-ability|p1a: Landorus|Intimidate|boost\n|-unboost|p2a: GameSphere|atk|1\n|move|p2a: GameSphere|Thunder Wave|p1a: Landorus\n|-immune|p1a: Landorus\n|\n|upkeep\n|turn|14\n|\n|t:|1699146582\n|move|p2a: GameSphere|Hidden Power|p1a: Landorus\n|-supereffective|p1a: Landorus\n|-damage|p1a: Landorus|8\/100\n|move|p1a: Landorus|U-turn|p2a: GameSphere\n|-damage|p2a: GameSphere|28\/100\n|\n|t:|1699146609\n|switch|p1a: Salamence|Salamence, M, shiny|100\/100|[from] U-turn\n|-ability|p1a: Salamence|Intimidate|boost\n|-unboost|p2a: GameSphere|atk|1\n|\n|upkeep\n|turn|15\n|\n|t:|1699146621\n|move|p2a: GameSphere|Thunder Wave|p1a: Salamence\n|-status|p1a: Salamence|par\n|move|p1a: Salamence|Flamethrower|p2a: GameSphere\n|-damage|p2a: GameSphere|0 fnt\n|faint|p2a: GameSphere\n|\n|upkeep\n|\n|t:|1699146644\n|switch|p2a: Quetzal|Latias, F, shiny|68\/100\n|turn|16\n|\n|t:|1699146666\n|switch|p1a: Scizor|Scizor, F, shiny|69\/100\n|move|p2a: Quetzal|Dragon Pulse|p1a: Scizor\n|-resisted|p1a: Scizor\n|-damage|p1a: Scizor|39\/100\n|-damage|p2a: Quetzal|58\/100|[from] item: Life Orb\n|\n|upkeep\n|turn|17\n|\n|t:|1699146710\n|switch|p2a: Mondo Cool|Gholdengo|63\/100\n|move|p1a: Scizor|U-turn|p2a: Mondo Cool\n|-resisted|p2a: Mondo Cool\n|-damage|p2a: Mondo Cool|54\/100\n|\n|t:|1699146718\n|switch|p1a: Salamence|Salamence, M, shiny|100\/100 par|[from] U-turn\n|-ability|p1a: Salamence|Intimidate|boost\n|-unboost|p2a: Mondo Cool|atk|1\n|\n|upkeep\n|turn|18\n|\n|t:|1699146729\n|-terastallize|p2a: Mondo Cool|Water\n|move|p2a: Mondo Cool|Nasty Plot|p2a: Mondo Cool\n|-boost|p2a: Mondo Cool|spa|2\n|move|p1a: Salamence|Wish|p1a: Salamence\n|\n|upkeep\n|turn|19\n|\n|t:|1699146765\n|move|p2a: Mondo Cool|Shadow Ball|p1a: Salamence\n|-damage|p1a: Salamence|2\/100 par\n|move|p1a: Salamence|Draco Meteor|p2a: Mondo Cool\n|-damage|p2a: Mondo Cool|0 fnt\n|-unboost|p1a: Salamence|spa|2\n|faint|p2a: Mondo Cool\n|\n|-heal|p1a: Salamence|52\/100 par|[from] move: Wish|[wisher] Salamence\n|-sideend|p2: ShinyMisty|Reflect\n|upkeep\n|\n|t:|1699146777\n|switch|p2a: Portabellas|Breloom, M, shiny|100\/100\n|turn|20\n|\n|t:|1699146785\n|move|p2a: Portabellas|Rock Tomb|p1a: Salamence\n|-supereffective|p1a: Salamence\n|-damage|p1a: Salamence|0 fnt\n|faint|p1a: Salamence\n|\n|upkeep\n|\n|t:|1699146797\n|switch|p1a: Scizor|Scizor, F, shiny|39\/100\n|turn|21\n|\n|t:|1699146825\n|-terastallize|p1a: Scizor|Steel\n|move|p2a: Portabellas|Spore|p1a: Scizor\n|-status|p1a: Scizor|slp|[from] move: Spore\n|cant|p1a: Scizor|slp\n|\n|upkeep\n|turn|22\n|\n|t:|1699146839\n|move|p2a: Portabellas|Bullet Seed|p1a: Scizor\n|-resisted|p1a: Scizor\n|-crit|p1a: Scizor\n|-damage|p1a: Scizor|24\/100 slp\n|-resisted|p1a: Scizor\n|-damage|p1a: Scizor|15\/100 slp\n|-resisted|p1a: Scizor\n|-damage|p1a: Scizor|7\/100 slp\n|-resisted|p1a: Scizor\n|-damage|p1a: Scizor|0 fnt\n|faint|p1a: Scizor\n|-hitcount|p1: Scizor|4\n|\n|upkeep\n|\n|t:|1699146851\n|switch|p1a: Quaquaval|Quaquaval, M|100\/100\n|turn|23\n|\n|t:|1699146868\n|move|p1a: Quaquaval|Aqua Step|p2a: Portabellas\n|-resisted|p2a: Portabellas\n|-damage|p2a: Portabellas|74\/100\n|-boost|p1a: Quaquaval|spe|1\n|move|p2a: Portabellas|Spore|p1a: Quaquaval\n|-status|p1a: Quaquaval|slp|[from] move: Spore\n|\n|upkeep\n|turn|24\n|\n|t:|1699146876\n|cant|p1a: Quaquaval|slp\n|move|p2a: Portabellas|Bullet Seed|p1a: Quaquaval\n|-supereffective|p1a: Quaquaval\n|-damage|p1a: Quaquaval|55\/100 slp\n|-supereffective|p1a: Quaquaval\n|-damage|p1a: Quaquaval|15\/100 slp\n|-supereffective|p1a: Quaquaval\n|-damage|p1a: Quaquaval|0 fnt\n|faint|p1a: Quaquaval\n|-hitcount|p1: Quaquaval|3\n|\n|upkeep\n|\n|t:|1699146879\n|switch|p1a: Landorus|Landorus-Therian, M|8\/100\n|-ability|p1a: Landorus|Intimidate|boost\n|-unboost|p2a: Portabellas|atk|1\n|turn|25\n|c|\u2606Slyguy46|gg\n|c|\u2606ShinyMisty|Sorry for the Spore spam. ;w;\n|\n|t:|1699146896\n|move|p2a: Portabellas|Spore|p1a: Landorus\n|-status|p1a: Landorus|slp|[from] move: Spore\n|cant|p1a: Landorus|slp\n|\n|upkeep\n|turn|26\n|\n|t:|1699146902\n|move|p2a: Portabellas|Mach Punch|p1a: Landorus\n|-resisted|p1a: Landorus\n|-damage|p1a: Landorus|0 fnt\n|-damage|p2a: Portabellas|57\/100|[from] item: Rocky Helmet|[of] p1a: Landorus\n|faint|p1a: Landorus\n|\n|win|ShinyMisty\n|c| HarmTurtle|I respect it\n|l|\u2606Slyguy46\n","uploadtime":1699146914,"views":7,"p1id":"slyguy46","p2id":"shinymisty","formatid":"gen9nationaldexubers","rating":0,"private":0,"password":""}