{"id":"gen9nationaldexubers-1995108138","p1":"JustMonika_CARR","p2":"Hayakawa00aki","format":"[Gen 9] National Dex Ubers","log":"|j|\u2606JustMonika_CARR\n|j|\u2606Hayakawa00aki\n|t:|1700523435\n|gametype|singles\n|player|p1|JustMonika_CARR|dawn|1448\n|player|p2|Hayakawa00aki|dawn|1554\n|teamsize|p1|6\n|teamsize|p2|6\n|gen|9\n|tier|[Gen 9] National Dex Ubers\n|rated|\n|rule|HP Percentage Mod: HP is shown in percentages\n|rule|Endless Battle Clause: Forcing endless battles is banned\n|rule|OHKO Clause: OHKO moves are banned\n|rule|Evasion Moves Clause: Evasion moves are banned\n|rule|Evasion Items Clause: Evasion items are banned\n|rule|Species Clause: Limit one of each Pok\u00e9mon\n|rule|Sleep Clause Mod: Limit one foe put to sleep\n|rule|Mega Rayquaza Clause: You cannot mega evolve Rayquaza\n|clearpoke\n|poke|p1|Shuckle, M|\n|poke|p1|Deoxys-Speed|\n|poke|p1|Arceus|\n|poke|p1|Forretress, M|\n|poke|p1|Magearna|\n|poke|p1|Pyukumuku, M|\n|poke|p2|Ceruledge, M|\n|poke|p2|Iron Bundle|\n|poke|p2|Mewtwo|\n|poke|p2|Groudon|\n|poke|p2|Glimmora, M|\n|poke|p2|Landorus, M|\n|teampreview\n|\n|t:|1700523443\n|start\n|switch|p1a: Forretress|Forretress, M, shiny|100\/100\n|switch|p2a: Glimmora|Glimmora, M|100\/100\n|turn|1\n|\n|t:|1700523448\n|move|p2a: Glimmora|Stealth Rock|p1a: Forretress\n|-sidestart|p1: JustMonika_CARR|move: Stealth Rock\n|move|p1a: Forretress|Toxic Spikes|p2a: Glimmora\n|-sidestart|p2: Hayakawa00aki|move: Toxic Spikes\n|\n|upkeep\n|turn|2\n|\n|t:|1700523454\n|move|p2a: Glimmora|Spikes|p1a: Forretress\n|-sidestart|p1: JustMonika_CARR|Spikes\n|move|p1a: Forretress|Toxic Spikes|p2a: Glimmora\n|-sidestart|p2: Hayakawa00aki|move: Toxic Spikes\n|\n|upkeep\n|turn|3\n|\n|t:|1700523456\n|move|p2a: Glimmora|Spikes|p1a: Forretress\n|-sidestart|p1: JustMonika_CARR|Spikes\n|move|p1a: Forretress|Stealth Rock|p2a: Glimmora\n|-sidestart|p2: Hayakawa00aki|move: Stealth Rock\n|\n|upkeep\n|turn|4\n|\n|t:|1700523460\n|move|p2a: Glimmora|Spikes|p1a: Forretress\n|-sidestart|p1: JustMonika_CARR|Spikes\n|move|p1a: Forretress|Rapid Spin|p2a: Glimmora\n|-resisted|p2a: Glimmora\n|-crit|p2a: Glimmora\n|-damage|p2a: Glimmora|94\/100\n|-boost|p1a: Forretress|spe|1\n|-activate|p2a: Glimmora|ability: Toxic Debris\n|-sidestart|p1: JustMonika_CARR|move: Toxic Spikes\n|-sideend|p1: JustMonika_CARR|Spikes|[from] move: Rapid Spin|[of] p1a: Forretress\n|-sideend|p1: JustMonika_CARR|Toxic Spikes|[from] move: Rapid Spin|[of] p1a: Forretress\n|-sideend|p1: JustMonika_CARR|Stealth Rock|[from] move: Rapid Spin|[of] p1a: Forretress\n|\n|upkeep\n|turn|5\n|\n|t:|1700523471\n|move|p2a: Glimmora|Mortal Spin|p1a: Forretress\n|-immune|p1a: Forretress\n|move|p1a: Forretress|Rapid Spin|p2a: Glimmora\n|-resisted|p2a: Glimmora\n|-damage|p2a: Glimmora|89\/100\n|-boost|p1a: Forretress|spe|1\n|-activate|p2a: Glimmora|ability: Toxic Debris\n|-sidestart|p1: JustMonika_CARR|move: Toxic Spikes\n|-sideend|p1: JustMonika_CARR|Toxic Spikes|[from] move: Rapid Spin|[of] p1a: Forretress\n|\n|upkeep\n|turn|6\n|\n|t:|1700523483\n|switch|p2a: Landorus|Landorus, M|100\/100\n|-damage|p2a: Landorus|88\/100|[from] Stealth Rock\n|move|p1a: Forretress|Rapid Spin|p2a: Landorus\n|-damage|p2a: Landorus|78\/100\n|-boost|p1a: Forretress|spe|1\n|\n|upkeep\n|turn|7\n|\n|t:|1700523491\n|move|p2a: Landorus|Earth Power|p1a: Forretress\n|-damage|p1a: Forretress|31\/100\n|move|p1a: Forretress|Rapid Spin|p2a: Landorus\n|-damage|p2a: Landorus|67\/100\n|-boost|p1a: Forretress|spe|1\n|\n|upkeep\n|turn|8\n|\n|t:|1700523506\n|move|p1a: Forretress|Endure|p1a: Forretress\n|-singleturn|p1a: Forretress|move: Endure\n|move|p2a: Landorus|Earth Power|p1a: Forretress\n|-activate|p1a: Forretress|move: Endure\n|-damage|p1a: Forretress|1\/100\n|\n|upkeep\n|turn|9\n|\n|t:|1700523517\n|move|p1a: Forretress|Rapid Spin|p2a: Landorus\n|-damage|p2a: Landorus|56\/100\n|-boost|p1a: Forretress|spe|1\n|move|p2a: Landorus|Earth Power|p1a: Forretress\n|-damage|p1a: Forretress|0 fnt\n|faint|p1a: Forretress\n|\n|upkeep\n|\n|t:|1700523526\n|switch|p1a: Deoxys|Deoxys-Speed, shiny|100\/100\n|-ability|p1a: Deoxys|Pressure\n|turn|10\n|\n|t:|1700523532\n|move|p1a: Deoxys|Light Screen|p1a: Deoxys\n|-sidestart|p1: JustMonika_CARR|move: Light Screen\n|move|p2a: Landorus|Earth Power|p1a: Deoxys\n|-damage|p1a: Deoxys|53\/100\n|\n|upkeep\n|turn|11\n|\n|t:|1700523537\n|move|p1a: Deoxys|Toxic|p2a: Landorus\n|-status|p2a: Landorus|tox\n|move|p2a: Landorus|Earth Power|p1a: Deoxys\n|-damage|p1a: Deoxys|3\/100\n|\n|-damage|p2a: Landorus|50\/100 tox|[from] psn\n|upkeep\n|turn|12\n|\n|t:|1700523542\n|move|p1a: Deoxys|Reflect|p1a: Deoxys\n|-sidestart|p1: JustMonika_CARR|Reflect\n|move|p2a: Landorus|Earth Power|p1a: Deoxys\n|-damage|p1a: Deoxys|0 fnt\n|faint|p1a: Deoxys\n|\n|-damage|p2a: Landorus|38\/100 tox|[from] psn\n|upkeep\n|\n|t:|1700523547\n|switch|p1a: Arceus|Arceus|100\/100\n|turn|13\n|inactive|Battle timer is ON: inactive players will automatically lose when time's up. (requested by JustMonika_CARR)\n|\n|t:|1700523567\n|move|p2a: Landorus|Focus Blast|p1a: Arceus\n|-supereffective|p1a: Arceus\n|-damage|p1a: Arceus|67\/100\n|move|p1a: Arceus|Cosmic Power|p1a: Arceus\n|-boost|p1a: Arceus|def|1\n|-boost|p1a: Arceus|spd|1\n|\n|-damage|p2a: Landorus|20\/100 tox|[from] psn\n|upkeep\n|turn|14\n|\n|t:|1700523573\n|move|p2a: Landorus|Focus Blast|p1a: Arceus|[miss]\n|-miss|p2a: Landorus|p1a: Arceus\n|move|p1a: Arceus|Cosmic Power|p1a: Arceus\n|-boost|p1a: Arceus|def|1\n|-boost|p1a: Arceus|spd|1\n|\n|-damage|p2a: Landorus|0 fnt|[from] psn\n|faint|p2a: Landorus\n|upkeep\n|\n|t:|1700523587\n|switch|p2a: Glimmora|Glimmora, M|89\/100\n|-sideend|p2: Hayakawa00aki|move: Toxic Spikes|[of] p2a: Glimmora\n|-damage|p2a: Glimmora|77\/100|[from] Stealth Rock\n|turn|15\n|\n|t:|1700523590\n|move|p2a: Glimmora|Mortal Spin|p1a: Arceus\n|-damage|p1a: Arceus|66\/100\n|-status|p1a: Arceus|psn\n|-sideend|p2: Hayakawa00aki|Stealth Rock|[from] move: Mortal Spin|[of] p2a: Glimmora\n|move|p1a: Arceus|Cosmic Power|p1a: Arceus\n|-boost|p1a: Arceus|def|1\n|-boost|p1a: Arceus|spd|1\n|\n|-damage|p1a: Arceus|54\/100 psn|[from] psn\n|upkeep\n|turn|16\n|\n|t:|1700523593\n|move|p2a: Glimmora|Stealth Rock|p1a: Arceus\n|-sidestart|p1: JustMonika_CARR|move: Stealth Rock\n|move|p1a: Arceus|Cosmic Power|p1a: Arceus\n|-boost|p1a: Arceus|def|1\n|-boost|p1a: Arceus|spd|1\n|\n|-damage|p1a: Arceus|41\/100 psn|[from] psn\n|upkeep\n|turn|17\n|\n|t:|1700523618\n|move|p2a: Glimmora|Mortal Spin|p1a: Arceus\n|-damage|p1a: Arceus|41\/100 psn\n|move|p1a: Arceus|Cosmic Power|p1a: Arceus\n|-boost|p1a: Arceus|def|1\n|-boost|p1a: Arceus|spd|1\n|\n|-damage|p1a: Arceus|28\/100 psn|[from] psn\n|-sideend|p1: JustMonika_CARR|move: Light Screen\n|upkeep\n|turn|18\n|\n|t:|1700523631\n|move|p2a: Glimmora|Power Gem|p1a: Arceus\n|-damage|p1a: Arceus|22\/100 psn\n|move|p1a: Arceus|Cosmic Power|p1a: Arceus\n|-boost|p1a: Arceus|def|1\n|-boost|p1a: Arceus|spd|1\n|\n|-damage|p1a: Arceus|10\/100 psn|[from] psn\n|upkeep\n|turn|19\n|\n|t:|1700523635\n|move|p2a: Glimmora|Power Gem|p1a: Arceus\n|-damage|p1a: Arceus|5\/100 psn\n|move|p1a: Arceus|Rest|p1a: Arceus\n|-status|p1a: Arceus|slp|[from] move: Rest\n|-heal|p1a: Arceus|100\/100 slp|[silent]\n|-enditem|p1a: Arceus|Chesto Berry|[eat]\n|-curestatus|p1a: Arceus|slp|[msg]\n|\n|-sideend|p1: JustMonika_CARR|Reflect\n|upkeep\n|turn|20\n|\n|t:|1700523643\n|move|p2a: Glimmora|Mortal Spin|p1a: Arceus\n|-damage|p1a: Arceus|99\/100\n|-status|p1a: Arceus|psn\n|move|p1a: Arceus|Stored Power|p2a: Glimmora\n|-supereffective|p2a: Glimmora\n|-damage|p2a: Glimmora|0 fnt\n|faint|p2a: Glimmora\n|\n|-damage|p1a: Arceus|87\/100 psn|[from] psn\n|upkeep\n|inactive|Hayakawa00aki has 120 seconds left.\n|\n|t:|1700523674\n|switch|p2a: Ceruledge|Ceruledge, M|100\/100\n|turn|21\n|\n|t:|1700523678\n|move|p2a: Ceruledge|Swords Dance|p2a: Ceruledge\n|-boost|p2a: Ceruledge|atk|2\n|move|p1a: Arceus|Charge Beam|p2a: Ceruledge\n|-damage|p2a: Ceruledge|84\/100\n|-boost|p1a: Arceus|spa|1\n|\n|-damage|p1a: Arceus|75\/100 psn|[from] psn\n|upkeep\n|turn|22\n|\n|t:|1700523688\n|move|p2a: Ceruledge|Close Combat|p1a: Arceus\n|-supereffective|p1a: Arceus\n|-damage|p1a: Arceus|50\/100 psn\n|-unboost|p2a: Ceruledge|def|1\n|-unboost|p2a: Ceruledge|spd|1\n|move|p1a: Arceus|Stored Power|p2a: Ceruledge\n|-damage|p2a: Ceruledge|0 fnt\n|faint|p2a: Ceruledge\n|\n|-damage|p1a: Arceus|37\/100 psn|[from] psn\n|upkeep\n|\n|t:|1700523692\n|switch|p2a: Mewtwo|Mewtwo|100\/100\n|-ability|p2a: Mewtwo|Pressure\n|turn|23\n|\n|t:|1700523696\n|detailschange|p2a: Mewtwo|Mewtwo-Mega-Y\n|-mega|p2a: Mewtwo|Mewtwo|Mewtwonite Y\n|move|p2a: Mewtwo|Focus Blast|p1a: Arceus\n|-supereffective|p1a: Arceus\n|-damage|p1a: Arceus|21\/100 psn\n|-unboost|p1a: Arceus|spd|1\n|move|p1a: Arceus|Rest|p1a: Arceus\n|-status|p1a: Arceus|slp|[from] move: Rest\n|-heal|p1a: Arceus|100\/100 slp|[silent]\n|\n|upkeep\n|turn|24\n|\n|t:|1700523702\n|move|p2a: Mewtwo|Focus Blast|p1a: Arceus\n|-supereffective|p1a: Arceus\n|-damage|p1a: Arceus|81\/100 slp\n|cant|p1a: Arceus|slp\n|\n|upkeep\n|turn|25\n|-message|Hayakawa00aki forfeited.\n|\n|win|JustMonika_CARR\n|raw|JustMonika_CARR's rating: 1448 &rarr; <strong>1474<\/strong><br \/>(+26 for winning)\n|raw|Hayakawa00aki's rating: 1554 &rarr; <strong>1528<\/strong><br \/>(-26 for losing)\n|l|\u2606Hayakawa00aki\n","uploadtime":1700523717,"views":1,"p1id":"justmonikacarr","p2id":"hayakawa00aki","formatid":"gen9nationaldexubers","rating":1474,"private":0,"password":""}