{"id":"gen9nationaldexubers-1981907467","p1":"HelhiemFiend","p2":"alexzapad","format":"[Gen 9] National Dex Ubers","log":"|j|\u2606HelhiemFiend\n|j|\u2606alexzapad\n|t:|1698950739\n|gametype|singles\n|player|p1|HelhiemFiend|1|1069\n|player|p2|alexzapad|265|1101\n|teamsize|p1|6\n|teamsize|p2|3\n|gen|9\n|tier|[Gen 9] National Dex Ubers\n|rated|\n|rule|HP Percentage Mod: HP is shown in percentages\n|rule|Endless Battle Clause: Forcing endless battles is banned\n|rule|OHKO Clause: OHKO moves are banned\n|rule|Evasion Moves Clause: Evasion moves are banned\n|rule|Evasion Items Clause: Evasion items are banned\n|rule|Species Clause: Limit one of each Pok\u00e9mon\n|rule|Sleep Clause Mod: Limit one foe put to sleep\n|rule|Mega Rayquaza Clause: You cannot mega evolve Rayquaza\n|clearpoke\n|poke|p1|Zacian-*|\n|poke|p1|Urshifu-*, F|\n|poke|p1|Galvantula, M|\n|poke|p1|Ninetales-Alola, F|\n|poke|p1|Darmanitan-Galar, M|\n|poke|p1|Dracovish|\n|poke|p2|Pyukumuku, F|\n|poke|p2|Serperior, M|\n|poke|p2|Volcarona, F|\n|teampreview\n|inactive|Battle timer is ON: inactive players will automatically lose when time's up. (requested by HelhiemFiend)\n|inactive|alexzapad has 120 seconds left.\n|inactive|alexzapad has 90 seconds left.\n|inactive|alexzapad has 60 seconds left.\n|inactive|alexzapad has 30 seconds left.\n|inactive|alexzapad has 20 seconds left.\n|inactive|alexzapad has 15 seconds left.\n|inactive|alexzapad has 10 seconds left.\n|\n|t:|1698950912\n|start\n|switch|p1a: Ninetales|Ninetales-Alola, F|100\/100\n|switch|p2a: Volcarona|Volcarona, F|100\/100\n|-weather|Snow|[from] ability: Snow Warning|[of] p1a: Ninetales\n|turn|1\n|\n|t:|1698950921\n|move|p1a: Ninetales|Aurora Veil|p1a: Ninetales\n|-sidestart|p1: HelhiemFiend|move: Aurora Veil\n|move|p2a: Volcarona|Quiver Dance|p2a: Volcarona\n|-boost|p2a: Volcarona|spa|1\n|-boost|p2a: Volcarona|spd|1\n|-boost|p2a: Volcarona|spe|1\n|\n|-weather|Snow|[upkeep]\n|upkeep\n|turn|2\n|\n|t:|1698950929\n|move|p2a: Volcarona|Quiver Dance|p2a: Volcarona\n|-boost|p2a: Volcarona|spa|1\n|-boost|p2a: Volcarona|spd|1\n|-boost|p2a: Volcarona|spe|1\n|move|p1a: Ninetales|Encore|p2a: Volcarona\n|-start|p2a: Volcarona|Encore\n|\n|-weather|Snow|[upkeep]\n|upkeep\n|turn|3\n|\n|t:|1698950940\n|switch|p1a: Urshifu|Urshifu-Rapid-Strike, F|100\/100\n|-zpower|p2a: Volcarona\n|move|p2a: Volcarona|Savage Spin-Out|p1a: Urshifu|[zeffect]\n|-resisted|p1a: Urshifu\n|-damage|p1a: Urshifu|29\/100\n|\n|-weather|Snow|[upkeep]\n|upkeep\n|turn|4\n|\n|t:|1698950953\n|switch|p2a: Serperior|Serperior, M|100\/100\n|move|p1a: Urshifu|Surging Strikes|p2a: Serperior\n|-resisted|p2a: Serperior\n|-crit|p2a: Serperior\n|-damage|p2a: Serperior|85\/100\n|-resisted|p2a: Serperior\n|-crit|p2a: Serperior\n|-damage|p2a: Serperior|70\/100\n|-resisted|p2a: Serperior\n|-crit|p2a: Serperior\n|-damage|p2a: Serperior|55\/100\n|-hitcount|p2a: Serperior|3\n|-damage|p1a: Urshifu|19\/100|[from] item: Life Orb\n|\n|-weather|Snow|[upkeep]\n|upkeep\n|turn|5\n|\n|t:|1698950965\n|move|p2a: Serperior|Leaf Storm|p1a: Urshifu|[miss]\n|-miss|p2a: Serperior|p1a: Urshifu\n|move|p1a: Urshifu|Fire Punch|p2a: Serperior\n|-supereffective|p2a: Serperior\n|-damage|p2a: Serperior|0 fnt\n|faint|p2a: Serperior\n|-damage|p1a: Urshifu|9\/100|[from] item: Life Orb\n|\n|-weather|none\n|upkeep\n|\n|t:|1698950974\n|switch|p2a: Pyukumuku|Pyukumuku, F|100\/100\n|turn|6\n|\n|t:|1698950978\n|move|p1a: Urshifu|Thunder Punch|p2a: Pyukumuku\n|-supereffective|p2a: Pyukumuku\n|-damage|p2a: Pyukumuku|57\/100\n|-damage|p1a: Urshifu|0 fnt|[from] item: Life Orb\n|faint|p1a: Urshifu\n|move|p2a: Pyukumuku|Toxic|p1: Urshifu|[notarget]\n|-fail|p2a: Pyukumuku\n|\n|-heal|p2a: Pyukumuku|63\/100|[from] item: Leftovers\n|upkeep\n|\n|t:|1698950983\n|switch|p1a: Galvantula|Galvantula, M|100\/100\n|turn|7\n|\n|t:|1698950997\n|move|p2a: Pyukumuku|Protect|p2a: Pyukumuku\n|-singleturn|p2a: Pyukumuku|Protect\n|move|p1a: Galvantula|Thunder|p2a: Pyukumuku\n|-activate|p2a: Pyukumuku|move: Protect\n|\n|-heal|p2a: Pyukumuku|69\/100|[from] item: Leftovers\n|upkeep\n|turn|8\n|inactive|alexzapad has 90 seconds left.\n|\n|t:|1698951014\n|move|p1a: Galvantula|Thunder|p2a: Pyukumuku\n|-supereffective|p2a: Pyukumuku\n|-damage|p2a: Pyukumuku|0 fnt\n|faint|p2a: Pyukumuku\n|\n|-sideend|p1: HelhiemFiend|move: Aurora Veil\n|upkeep\n|inactive|alexzapad has 90 seconds left.\n|\n|t:|1698951020\n|switch|p2a: Volcarona|Volcarona, F|100\/100\n|turn|9\n|\n|t:|1698951024\n|move|p1a: Galvantula|Thunder Wave|p2a: Volcarona\n|-status|p2a: Volcarona|par\n|move|p2a: Volcarona|Quiver Dance|p2a: Volcarona\n|-boost|p2a: Volcarona|spa|1\n|-boost|p2a: Volcarona|spd|1\n|-boost|p2a: Volcarona|spe|1\n|\n|upkeep\n|turn|10\n|\n|t:|1698951030\n|switch|p1a: Ninetales|Ninetales-Alola, F|100\/100\n|-weather|Snow|[from] ability: Snow Warning|[of] p1a: Ninetales\n|move|p2a: Volcarona|Quiver Dance|p2a: Volcarona\n|-boost|p2a: Volcarona|spa|1\n|-boost|p2a: Volcarona|spd|1\n|-boost|p2a: Volcarona|spe|1\n|\n|-weather|Snow|[upkeep]\n|upkeep\n|turn|11\n|\n|t:|1698951043\n|move|p1a: Ninetales|Encore|p2a: Volcarona\n|-start|p2a: Volcarona|Encore\n|cant|p2a: Volcarona|par\n|\n|-weather|Snow|[upkeep]\n|upkeep\n|turn|12\n|c|\u2606alexzapad|\u0442\u044b \u0442\u0432\u0430\u0440\u044c \u0442\u0443\u043f\u0430\u044f\n|n|\u203dalexzapad|alexzapad\n|c|&|\/log alexzapad was locked from talking by Artemis. (\u2606alexzapad: \u0442\u044b \u0442\u0432\u0430\u0440\u044c \u0442\u0443\u043f\u0430\u044f)\n|c|&|\/raw <small>This action was done automatically. Want to learn more about the AI? <a href=\"https:\/\/www.smogon.com\/forums\/threads\/3570628\/#post-9056769\">Visit the information thread<\/a>.<\/small>\n|\n|t:|1698951064\n|move|p1a: Ninetales|Aurora Veil|p1a: Ninetales\n|-sidestart|p1: HelhiemFiend|move: Aurora Veil\n|move|p2a: Volcarona|Quiver Dance|p2a: Volcarona\n|-boost|p2a: Volcarona|spa|1\n|-boost|p2a: Volcarona|spd|1\n|-boost|p2a: Volcarona|spe|1\n|\n|-weather|Snow|[upkeep]\n|upkeep\n|turn|13\n|\n|t:|1698951070\n|move|p2a: Volcarona|Quiver Dance|p2a: Volcarona\n|-boost|p2a: Volcarona|spa|1\n|-boost|p2a: Volcarona|spd|1\n|-boost|p2a: Volcarona|spe|1\n|move|p1a: Ninetales|Moonblast|p2a: Volcarona\n|-resisted|p2a: Volcarona\n|-damage|p2a: Volcarona|94\/100 par\n|\n|-weather|Snow|[upkeep]\n|-end|p2a: Volcarona|Encore\n|upkeep\n|turn|14\n|\n|t:|1698951080\n|move|p2a: Volcarona|Fiery Dance|p1a: Ninetales\n|-supereffective|p1a: Ninetales\n|-crit|p1a: Ninetales\n|-damage|p1a: Ninetales|0 fnt\n|-boost|p2a: Volcarona|spa|1\n|faint|p1a: Ninetales\n|\n|-weather|none\n|upkeep\n|\n|t:|1698951092\n|switch|p1a: Dracovish|Dracovish|100\/100\n|turn|15\n|\n|t:|1698951097\n|move|p2a: Volcarona|Bug Buzz|p1a: Dracovish\n|-damage|p1a: Dracovish|0 fnt\n|faint|p1a: Dracovish\n|\n|upkeep\n|c|\u2606HelhiemFiend|sorry i dont speak that language\n|c|\u2606HelhiemFiend|i speak english and Italian\n|\n|t:|1698951115\n|switch|p1a: Galvantula|Galvantula, M|100\/100\n|turn|16\n|inactive|alexzapad has 120 seconds left.\n|\n|t:|1698951126\n|cant|p2a: Volcarona|par\n|move|p1a: Galvantula|Thunder|p2a: Volcarona\n|-damage|p2a: Volcarona|76\/100 par\n|\n|upkeep\n|turn|17\n|\n|t:|1698951135\n|move|p2a: Volcarona|Fiery Dance|p1a: Galvantula\n|-supereffective|p1a: Galvantula\n|-enditem|p1a: Galvantula|Focus Sash\n|-damage|p1a: Galvantula|1\/100\n|-boost|p2a: Volcarona|spa|1\n|move|p1a: Galvantula|Thunder|p2a: Volcarona\n|-damage|p2a: Volcarona|60\/100 par\n|\n|upkeep\n|turn|18\n|\n|t:|1698951144\n|cant|p2a: Volcarona|par\n|move|p1a: Galvantula|Thunder|p2a: Volcarona\n|-damage|p2a: Volcarona|44\/100 par\n|\n|upkeep\n|turn|19\n|\n|t:|1698951150\n|move|p2a: Volcarona|Fiery Dance|p1a: Galvantula\n|-supereffective|p1a: Galvantula\n|-damage|p1a: Galvantula|0 fnt\n|faint|p1a: Galvantula\n|\n|-sideend|p1: HelhiemFiend|move: Aurora Veil\n|upkeep\n|\n|t:|1698951153\n|switch|p1a: Darmanitan|Darmanitan-Galar, M|100\/100\n|turn|20\n|\n|t:|1698951158\n|cant|p2a: Volcarona|par\n|move|p1a: Darmanitan|Earthquake|p2a: Volcarona\n|-damage|p2a: Volcarona|0 fnt\n|faint|p2a: Volcarona\n|\n|win|HelhiemFiend\n|raw|HelhiemFiend's rating: 1096 &rarr; <strong>1122<\/strong><br \/>(+26 for winning)\n|raw|alexzapad's rating: 1101 &rarr; <strong>1076<\/strong><br \/>(-25 for losing)\n","uploadtime":1698951056,"views":7,"p1id":"helhiemfiend","p2id":"alexzapad","formatid":"gen9nationaldexubers","rating":1076,"private":0,"password":""}