{"id":"gen9nationaldexubers-1989978090","p1":"Malice Incarnate","p2":"SkillzBP","format":"[Gen 9] National Dex Ubers","log":"|j|\u2606Malice Incarnate\n|j|\u2606SkillzBP\n|t:|1699911975\n|gametype|singles\n|player|p1|Malice Incarnate|palmer|\n|player|p2|SkillzBP|hau|\n|teamsize|p1|6\n|teamsize|p2|6\n|gen|9\n|tier|[Gen 9] National Dex Ubers\n|rule|HP Percentage Mod: HP is shown in percentages\n|rule|Endless Battle Clause: Forcing endless battles is banned\n|rule|OHKO Clause: OHKO moves are banned\n|rule|Evasion Moves Clause: Evasion moves are banned\n|rule|Evasion Items Clause: Evasion items are banned\n|rule|Species Clause: Limit one of each Pok\u00e9mon\n|rule|Sleep Clause Mod: Limit one foe put to sleep\n|rule|Mega Rayquaza Clause: You cannot mega evolve Rayquaza\n|clearpoke\n|poke|p1|Scizor, F|\n|poke|p1|Landorus-Therian, M|\n|poke|p1|Greninja-*, M|\n|poke|p1|Corviknight, M|\n|poke|p1|Blissey, F|\n|poke|p1|Conkeldurr, M|\n|poke|p2|Kyogre|\n|poke|p2|Slowbro, M|\n|poke|p2|Urshifu-*, F|\n|poke|p2|Palkia-Origin|\n|poke|p2|Crawdaunt, F|\n|poke|p2|Swampert, F|\n|teampreview\n|inactive|Battle timer is ON: inactive players will automatically lose when time's up. (requested by Malice Incarnate)\n|inactive|SkillzBP also wants the timer to be on.\n|inactive|SkillzBP no longer wants the timer on, but the timer is staying on because maliceincarnate still does.\n|inactiveoff|Battle timer is now OFF.\n|c|\u2606SkillzBP|oh wait you here\n|c|\u2606SkillzBP|kk chill\n|c|\u2606SkillzBP|glhf!\n|c|\u2606Malice Incarnate|hi\n|c|\u2606Malice Incarnate|u2\n|\n|t:|1699912011\n|start\n|switch|p1a: Tinkatrouble|Corviknight, M|100\/100\n|switch|p2a: bear(?)|Urshifu-Rapid-Strike, F|100\/100\n|-ability|p1a: Tinkatrouble|Pressure\n|turn|1\n|\n|t:|1699912017\n|switch|p2a: Kyogre|Kyogre|100\/100\n|-weather|RainDance|[from] ability: Drizzle|[of] p2a: Kyogre\n|-terastallize|p1a: Tinkatrouble|Dragon\n|move|p1a: Tinkatrouble|Body Press|p2a: Kyogre\n|-damage|p2a: Kyogre|71\/100\n|\n|-weather|RainDance|[upkeep]\n|-heal|p2a: Kyogre|77\/100|[from] item: Leftovers\n|upkeep\n|turn|2\n|\n|t:|1699912023\n|switch|p1a: Fat Fuck Friday|Blissey, F|100\/100\n|move|p2a: Kyogre|Ice Beam|p1a: Fat Fuck Friday\n|-damage|p1a: Fat Fuck Friday|90\/100\n|\n|-weather|RainDance|[upkeep]\n|-heal|p2a: Kyogre|83\/100|[from] item: Leftovers\n|upkeep\n|turn|3\n|\n|t:|1699912040\n|switch|p2a: That crab I hate|Crawdaunt, F|100\/100\n|move|p1a: Fat Fuck Friday|Toxic|p2a: That crab I hate\n|-status|p2a: That crab I hate|tox\n|\n|-weather|RainDance|[upkeep]\n|-damage|p2a: That crab I hate|95\/100 tox|[from] psn\n|upkeep\n|turn|4\n|\n|t:|1699912043\n|switch|p1a: Tinkatrouble|Corviknight, M, tera:Dragon|100\/100\n|-ability|p1a: Tinkatrouble|Pressure\n|move|p2a: That crab I hate|Knock Off|p1a: Tinkatrouble\n|-damage|p1a: Tinkatrouble|45\/100\n|-damage|p2a: That crab I hate|78\/100 tox|[from] item: Rocky Helmet|[of] p1a: Tinkatrouble\n|-enditem|p1a: Tinkatrouble|Rocky Helmet|[from] move: Knock Off|[of] p2a: That crab I hate\n|-damage|p2a: That crab I hate|68\/100 tox|[from] item: Life Orb\n|\n|-weather|RainDance|[upkeep]\n|-damage|p2a: That crab I hate|56\/100 tox|[from] psn\n|upkeep\n|turn|5\n|\n|t:|1699912052\n|switch|p2a: bear(?)|Urshifu-Rapid-Strike, F|100\/100\n|move|p1a: Tinkatrouble|Roost|p1a: Tinkatrouble\n|-heal|p1a: Tinkatrouble|95\/100\n|\n|-weather|none\n|upkeep\n|turn|6\n|\n|t:|1699912058\n|move|p2a: bear(?)|U-turn|p1a: Tinkatrouble\n|-damage|p1a: Tinkatrouble|80\/100\n|\n|t:|1699912066\n|switch|p2a: Palkia|Palkia-Origin|100\/100|[from] U-turn\n|-ability|p2a: Palkia|Pressure\n|move|p1a: Tinkatrouble|Iron Defense|p1a: Tinkatrouble\n|-boost|p1a: Tinkatrouble|def|2\n|\n|upkeep\n|turn|7\n|\n|t:|1699912077\n|switch|p1a: Fat Fuck Friday|Blissey, F|90\/100\n|move|p2a: Palkia|Spacial Rend|p1a: Fat Fuck Friday\n|-damage|p1a: Fat Fuck Friday|71\/100\n|\n|upkeep\n|turn|8\n|\n|t:|1699912094\n|switch|p2a: Kyogre|Kyogre|83\/100\n|-weather|RainDance|[from] ability: Drizzle|[of] p2a: Kyogre\n|move|p1a: Fat Fuck Friday|Soft-Boiled|p1a: Fat Fuck Friday\n|-heal|p1a: Fat Fuck Friday|100\/100\n|\n|-weather|RainDance|[upkeep]\n|-heal|p2a: Kyogre|89\/100|[from] item: Leftovers\n|upkeep\n|turn|9\n|\n|t:|1699912098\n|switch|p2a: That crab I hate|Crawdaunt, F|56\/100 tox\n|move|p1a: Fat Fuck Friday|Seismic Toss|p2a: That crab I hate\n|-damage|p2a: That crab I hate|19\/100 tox\n|\n|-weather|RainDance|[upkeep]\n|-damage|p2a: That crab I hate|13\/100 tox|[from] psn\n|upkeep\n|turn|10\n|\n|t:|1699912106\n|switch|p1a: Faberge|Scizor, F|100\/100\n|move|p2a: That crab I hate|Liquidation|p1a: Faberge\n|-damage|p1a: Faberge|18\/100\n|-damage|p2a: That crab I hate|3\/100 tox|[from] item: Life Orb\n|\n|-weather|RainDance|[upkeep]\n|-damage|p2a: That crab I hate|0 fnt|[from] psn\n|faint|p2a: That crab I hate\n|upkeep\n|\n|t:|1699912112\n|switch|p2a: Dwayne Johnson|Swampert, F|100\/100\n|turn|11\n|\n|t:|1699912115\n|detailschange|p2a: Dwayne Johnson|Swampert-Mega, F\n|-mega|p2a: Dwayne Johnson|Swampert|Swampertite\n|detailschange|p1a: Faberge|Scizor-Mega, F\n|-mega|p1a: Faberge|Scizor|Scizorite\n|move|p2a: Dwayne Johnson|Liquidation|p1a: Faberge\n|-damage|p1a: Faberge|0 fnt\n|faint|p1a: Faberge\n|\n|-weather|RainDance|[upkeep]\n|upkeep\n|\n|t:|1699912125\n|switch|p1a: Tinkatrouble|Corviknight, M, tera:Dragon|80\/100\n|-ability|p1a: Tinkatrouble|Pressure\n|turn|12\n|\n|t:|1699912130\n|move|p2a: Dwayne Johnson|Flip Turn|p1a: Tinkatrouble\n|-resisted|p1a: Tinkatrouble\n|-damage|p1a: Tinkatrouble|62\/100\n|\n|t:|1699912133\n|switch|p2a: Palkia|Palkia-Origin|100\/100|[from] Flip Turn\n|-ability|p2a: Palkia|Pressure\n|move|p1a: Tinkatrouble|Iron Defense|p1a: Tinkatrouble\n|-boost|p1a: Tinkatrouble|def|2\n|\n|-weather|none\n|upkeep\n|turn|13\n|\n|t:|1699912143\n|switch|p2a: Dwayne Johnson|Swampert-Mega, F|100\/100\n|switch|p1a: Fat Fuck Friday|Blissey, F|100\/100\n|\n|upkeep\n|turn|14\n|\n|t:|1699912148\n|switch|p1a: UUBL|Landorus-Therian, M|100\/100\n|-ability|p1a: UUBL|Intimidate|boost\n|-unboost|p2a: Dwayne Johnson|atk|1\n|move|p2a: Dwayne Johnson|Liquidation|p1a: UUBL\n|-supereffective|p1a: UUBL\n|-damage|p1a: UUBL|13\/100\n|\n|upkeep\n|turn|15\n|\n|t:|1699912152\n|move|p1a: UUBL|Stealth Rock|p2a: Dwayne Johnson\n|-sidestart|p2: SkillzBP|move: Stealth Rock\n|move|p2a: Dwayne Johnson|Flip Turn|p1a: UUBL\n|-supereffective|p1a: UUBL\n|-damage|p1a: UUBL|0 fnt\n|faint|p1a: UUBL\n|\n|t:|1699912162\n|switch|p2a: Palkia|Palkia-Origin|100\/100|[from] Flip Turn\n|-damage|p2a: Palkia|88\/100|[from] Stealth Rock\n|-ability|p2a: Palkia|Pressure\n|\n|upkeep\n|\n|t:|1699912167\n|switch|p1a: Fat Fuck Friday|Blissey, F|100\/100\n|turn|16\n|\n|t:|1699912183\n|switch|p2a: Dwayne Johnson|Swampert-Mega, F|100\/100\n|-damage|p2a: Dwayne Johnson|94\/100|[from] Stealth Rock\n|move|p1a: Fat Fuck Friday|Toxic|p2a: Dwayne Johnson\n|-status|p2a: Dwayne Johnson|tox\n|\n|-damage|p2a: Dwayne Johnson|88\/100 tox|[from] psn\n|upkeep\n|turn|17\n|\n|t:|1699912187\n|switch|p1a: Tinkatrouble|Corviknight, M, tera:Dragon|62\/100\n|-ability|p1a: Tinkatrouble|Pressure\n|move|p2a: Dwayne Johnson|Earthquake|p1a: Tinkatrouble\n|-damage|p1a: Tinkatrouble|27\/100\n|\n|-damage|p2a: Dwayne Johnson|76\/100 tox|[from] psn\n|upkeep\n|turn|18\n|\n|t:|1699912192\n|switch|p1a: Honkeldurr|Conkeldurr, M|100\/100\n|move|p2a: Dwayne Johnson|Earthquake|p1a: Honkeldurr\n|-damage|p1a: Honkeldurr|43\/100\n|\n|-damage|p2a: Dwayne Johnson|57\/100 tox|[from] psn\n|-status|p1a: Honkeldurr|brn|[from] item: Flame Orb\n|upkeep\n|turn|19\n|\n|t:|1699912200\n|switch|p2a: Single mother of 2|Slowbro, M|100\/100\n|-damage|p2a: Single mother of 2|88\/100|[from] Stealth Rock\n|move|p1a: Honkeldurr|Mach Punch|p2a: Single mother of 2\n|-resisted|p2a: Single mother of 2\n|-damage|p2a: Single mother of 2|78\/100\n|-damage|p1a: Honkeldurr|26\/100 brn|[from] item: Rocky Helmet|[of] p2a: Single mother of 2\n|\n|-damage|p1a: Honkeldurr|20\/100 brn|[from] brn\n|upkeep\n|turn|20\n|\n|t:|1699912203\n|move|p1a: Honkeldurr|Knock Off|p2a: Single mother of 2\n|-supereffective|p2a: Single mother of 2\n|-damage|p2a: Single mother of 2|5\/100\n|-damage|p1a: Honkeldurr|3\/100 brn|[from] item: Rocky Helmet|[of] p2a: Single mother of 2\n|-enditem|p2a: Single mother of 2|Rocky Helmet|[from] move: Knock Off|[of] p1a: Honkeldurr\n|move|p2a: Single mother of 2|Future Sight|p1a: Honkeldurr\n|-start|p2a: Single mother of 2|move: Future Sight\n|\n|-damage|p1a: Honkeldurr|0 fnt|[from] brn\n|faint|p1a: Honkeldurr\n|upkeep\n|\n|t:|1699912206\n|switch|p1a: Amphinobi|Greninja, M|100\/100\n|turn|21\n|\n|t:|1699912213\n|move|p1a: Amphinobi|Grass Knot|p2a: Single mother of 2\n|-supereffective|p2a: Single mother of 2\n|-damage|p2a: Single mother of 2|0 fnt\n|faint|p2a: Single mother of 2\n|-ability|p1a: Amphinobi|Battle Bond|boost\n|-boost|p1a: Amphinobi|atk|1\n|-boost|p1a: Amphinobi|spa|1\n|-boost|p1a: Amphinobi|spe|1\n|-activate|p1a: Amphinobi|ability: Battle Bond\n|-damage|p1a: Amphinobi|91\/100|[from] item: Life Orb\n|\n|upkeep\n|\n|t:|1699912219\n|switch|p2a: Kyogre|Kyogre|89\/100\n|-damage|p2a: Kyogre|77\/100|[from] Stealth Rock\n|-weather|RainDance|[from] ability: Drizzle|[of] p2a: Kyogre\n|turn|22\n|\n|t:|1699912228\n|move|p1a: Amphinobi|Grass Knot|p2a: Kyogre\n|-supereffective|p2a: Kyogre\n|-damage|p2a: Kyogre|0 fnt\n|faint|p2a: Kyogre\n|-damage|p1a: Amphinobi|81\/100|[from] item: Life Orb\n|\n|-weather|RainDance|[upkeep]\n|-end|p1a: Amphinobi|move: Future Sight\n|-immune|p1a: Amphinobi\n|upkeep\n|\n|t:|1699912230\n|switch|p2a: Palkia|Palkia-Origin|88\/100\n|-damage|p2a: Palkia|76\/100|[from] Stealth Rock\n|-ability|p2a: Palkia|Pressure\n|turn|23\n|\n|t:|1699912236\n|move|p1a: Amphinobi|Dark Pulse|p2a: Palkia\n|-damage|p2a: Palkia|17\/100\n|-damage|p1a: Amphinobi|71\/100|[from] item: Life Orb\n|move|p2a: Palkia|Spacial Rend|p1a: Amphinobi\n|-damage|p1a: Amphinobi|0 fnt\n|faint|p1a: Amphinobi\n|\n|-weather|RainDance|[upkeep]\n|upkeep\n|c|\u2606Malice Incarnate|dang\n|\n|t:|1699912244\n|switch|p1a: Fat Fuck Friday|Blissey, F|100\/100\n|turn|24\n|c|\u2606SkillzBP|dude i was PRAYINGGG\n|\n|t:|1699912252\n|switch|p2a: Dwayne Johnson|Swampert-Mega, F|57\/100 tox\n|-damage|p2a: Dwayne Johnson|51\/100 tox|[from] Stealth Rock\n|move|p1a: Fat Fuck Friday|Seismic Toss|p2a: Dwayne Johnson\n|-damage|p2a: Dwayne Johnson|22\/100 tox\n|\n|-weather|RainDance|[upkeep]\n|-damage|p2a: Dwayne Johnson|16\/100 tox|[from] psn\n|upkeep\n|turn|25\n|\n|t:|1699912258\n|move|p2a: Dwayne Johnson|Liquidation|p1a: Fat Fuck Friday\n|-damage|p1a: Fat Fuck Friday|0 fnt\n|faint|p1a: Fat Fuck Friday\n|\n|-weather|RainDance|[upkeep]\n|-damage|p2a: Dwayne Johnson|3\/100 tox|[from] psn\n|upkeep\n|\n|t:|1699912261\n|switch|p1a: Tinkatrouble|Corviknight, M, tera:Dragon|27\/100\n|-ability|p1a: Tinkatrouble|Pressure\n|turn|26\n|\n|t:|1699912263\n|move|p2a: Dwayne Johnson|Earthquake|p1a: Tinkatrouble\n|-damage|p1a: Tinkatrouble|0 fnt\n|faint|p1a: Tinkatrouble\n|\n|win|SkillzBP\n|c|\u2606SkillzBP|gg\n|c|\u2606Malice Incarnate|i was so close\n|c|\u2606Malice Incarnate|gg\n","uploadtime":1699912277,"views":22,"p1id":"maliceincarnate","p2id":"skillzbp","formatid":"gen9nationaldexubers","rating":0,"private":0,"password":""}