{"id":"gen9nationaldexubers-1994457090","p1":"skfdv","p2":"SeanboyQ","format":"[Gen 9] National Dex Ubers","log":"|j|\u2606skfdv\n|j|\u2606SeanboyQ\n|t:|1700446076\n|gametype|singles\n|player|p1|skfdv|1|1138\n|player|p2|SeanboyQ|266|1113\n|teamsize|p1|6\n|teamsize|p2|6\n|gen|9\n|tier|[Gen 9] National Dex Ubers\n|rated|\n|rule|HP Percentage Mod: HP is shown in percentages\n|rule|Endless Battle Clause: Forcing endless battles is banned\n|rule|OHKO Clause: OHKO moves are banned\n|rule|Evasion Moves Clause: Evasion moves are banned\n|rule|Evasion Items Clause: Evasion items are banned\n|rule|Species Clause: Limit one of each Pok\u00e9mon\n|rule|Sleep Clause Mod: Limit one foe put to sleep\n|rule|Mega Rayquaza Clause: You cannot mega evolve Rayquaza\n|clearpoke\n|poke|p1|Slowking, F|\n|poke|p1|Ursaluna-Bloodmoon, M|\n|poke|p1|Melmetal|\n|poke|p1|Calyrex-Ice|\n|poke|p1|Magearna|\n|poke|p1|Iron Bundle|\n|poke|p2|Guzzlord|\n|poke|p2|Mesprit|\n|poke|p2|Iron Valiant|\n|poke|p2|Zygarde-10%|\n|poke|p2|Banette, M|\n|poke|p2|Magnezone|\n|teampreview\n|\n|t:|1700446090\n|start\n|switch|p1a: Magearna|Magearna|100\/100\n|switch|p2a: Mesprit|Mesprit|100\/100\n|turn|1\n|\n|t:|1700446098\n|move|p1a: Magearna|Spikes|p2a: Mesprit\n|-sidestart|p2: SeanboyQ|Spikes\n|move|p2a: Mesprit|Trick Room|p2a: Mesprit\n|-fieldstart|move: Trick Room|[of] p2a: Mesprit\n|\n|upkeep\n|turn|2\n|\n|t:|1700446114\n|switch|p2a: Magnezone|Magnezone|100\/100\n|-item|p2a: Magnezone|Air Balloon\n|move|p1a: Magearna|Fleur Cannon|p2a: Magnezone\n|-resisted|p2a: Magnezone\n|-damage|p2a: Magnezone|70\/100\n|-unboost|p1a: Magearna|spa|2\n|-enditem|p1a: Magearna|Eject Pack\n|-enditem|p2a: Magnezone|Air Balloon\n|\n|t:|1700446124\n|switch|p1a: Calyrex|Calyrex-Ice|100\/100\n|-ability|p1a: Calyrex|As One\n|-ability|p1a: Calyrex|Unnerve\n|\n|upkeep\n|turn|3\n|\n|t:|1700446134\n|move|p1a: Calyrex|High Horsepower|p2a: Magnezone\n|-supereffective|p2a: Magnezone\n|-damage|p2a: Magnezone|0 fnt\n|faint|p2a: Magnezone\n|-ability|p1a: Calyrex|Chilling Neigh|boost\n|-boost|p1a: Calyrex|atk|1\n|\n|upkeep\n|\n|t:|1700446146\n|switch|p2a: Banette|Banette, M|100\/100\n|-damage|p2a: Banette|88\/100|[from] Spikes\n|-item|p1a: Calyrex|Heavy-Duty Boots|[from] ability: Frisk|[of] p2a: Banette|[identify]\n|turn|4\n|\n|t:|1700446163\n|detailschange|p2a: Banette|Banette-Mega, M\n|-mega|p2a: Banette|Banette|Banettite\n|move|p1a: Calyrex|Glacial Lance|p2a: Banette\n|-damage|p2a: Banette|0 fnt\n|faint|p2a: Banette\n|-ability|p1a: Calyrex|Chilling Neigh|boost\n|-boost|p1a: Calyrex|atk|1\n|\n|upkeep\n|\n|t:|1700446172\n|switch|p2a: Iron Valiant|Iron Valiant|100\/100\n|-damage|p2a: Iron Valiant|88\/100|[from] Spikes\n|-enditem|p2a: Iron Valiant|Booster Energy\n|-activate|p2a: Iron Valiant|ability: Quark Drive|[fromitem]\n|-start|p2a: Iron Valiant|quarkdrivespe\n|turn|5\n|\n|t:|1700446179\n|move|p1a: Calyrex|Glacial Lance|p2a: Iron Valiant\n|-damage|p2a: Iron Valiant|0 fnt\n|faint|p2a: Iron Valiant\n|-end|p2a: Iron Valiant|Quark Drive|[silent]\n|-ability|p1a: Calyrex|Chilling Neigh|boost\n|-boost|p1a: Calyrex|atk|1\n|\n|-fieldend|move: Trick Room\n|upkeep\n|-message|SeanboyQ forfeited.\n|\n|win|skfdv\n|raw|skfdv's rating: 1138 &rarr; <strong>1161<\/strong><br \/>(+23 for winning)\n|raw|SeanboyQ's rating: 1113 &rarr; <strong>1090<\/strong><br \/>(-23 for losing)\n","uploadtime":1700446202,"views":3,"p1id":"skfdv","p2id":"seanboyq","formatid":"gen9nationaldexubers","rating":1090,"private":0,"password":""}