{"id":"gen9nationaldexubers-1985816650","p1":"KingoftheTitans","p2":"Ufid","format":"[Gen 9] National Dex Ubers","log":"|j|\u2606KingoftheTitans\n|j|\u2606Ufid\n|t:|1699409278\n|gametype|singles\n|player|p1|KingoftheTitans|170|1321\n|player|p2|Ufid|169|1561\n|teamsize|p1|6\n|teamsize|p2|6\n|gen|9\n|tier|[Gen 9] National Dex Ubers\n|rated|\n|rule|HP Percentage Mod: HP is shown in percentages\n|rule|Endless Battle Clause: Forcing endless battles is banned\n|rule|OHKO Clause: OHKO moves are banned\n|rule|Evasion Moves Clause: Evasion moves are banned\n|rule|Evasion Items Clause: Evasion items are banned\n|rule|Species Clause: Limit one of each Pok\u00e9mon\n|rule|Sleep Clause Mod: Limit one foe put to sleep\n|rule|Mega Rayquaza Clause: You cannot mega evolve Rayquaza\n|clearpoke\n|poke|p1|Porygon-Z|\n|poke|p1|Absol, F|\n|poke|p1|Iron Valiant|\n|poke|p1|Heatran, M|\n|poke|p1|Genesect|\n|poke|p1|Rotom-Wash|\n|poke|p2|Murkrow, M|\n|poke|p2|Darmanitan-Galar, M|\n|poke|p2|Zacian-*|\n|poke|p2|Kangaskhan, F|\n|poke|p2|Groudon|\n|poke|p2|Marshadow|\n|teampreview\n|\n|t:|1699409285\n|start\n|switch|p1a: Genesect|Genesect, shiny|100\/100\n|switch|p2a: Darmanitan|Darmanitan-Galar, M|100\/100\n|-ability|p1a: Genesect|Download|boost\n|-boost|p1a: Genesect|spa|1\n|turn|1\n|\n|t:|1699409291\n|move|p1a: Genesect|Iron Head|p2a: Darmanitan\n|-supereffective|p2a: Darmanitan\n|-damage|p2a: Darmanitan|0 fnt\n|faint|p2a: Darmanitan\n|\n|upkeep\n|\n|t:|1699409299\n|switch|p2a: Groudon|Groudon|100\/100\n|detailschange|p2a: Groudon|Groudon-Primal\n|-primal|p2a: Groudon|Red Orb\n|-weather|DesolateLand|[from] ability: Desolate Land|[of] p2a: Groudon\n|turn|2\n|\n|t:|1699409305\n|switch|p1a: Heatran|Heatran, M|100\/100\n|-item|p1a: Heatran|Air Balloon\n|move|p2a: Groudon|Flamethrower|p1a: Heatran\n|-start|p1a: Heatran|ability: Flash Fire\n|\n|-weather|DesolateLand|[upkeep]\n|upkeep\n|turn|3\n|\n|t:|1699409313\n|move|p1a: Heatran|Earth Power|p2a: Groudon\n|-supereffective|p2a: Groudon\n|-damage|p2a: Groudon|36\/100\n|move|p2a: Groudon|Solar Beam||[still]\n|-prepare|p2a: Groudon|Solar Beam\n|-anim|p2a: Groudon|Solar Beam|p1a: Heatran\n|-resisted|p1a: Heatran\n|-damage|p1a: Heatran|89\/100\n|-enditem|p1a: Heatran|Air Balloon\n|\n|-weather|DesolateLand|[upkeep]\n|upkeep\n|turn|4\n|\n|t:|1699409321\n|-weather|none\n|switch|p2a: Murkrow|Murkrow, M|100\/100\n|move|p1a: Heatran|Earth Power|p2a: Murkrow\n|-immune|p2a: Murkrow\n|\n|upkeep\n|turn|5\n|\n|t:|1699409327\n|move|p2a: Murkrow|Defog|p1a: Heatran\n|-unboost|p1a: Heatran|evasion|1\n|move|p1a: Heatran|Magma Storm|p2a: Murkrow\n|-damage|p2a: Murkrow|0 fnt\n|faint|p2a: Murkrow\n|\n|upkeep\n|\n|t:|1699409339\n|switch|p2a: Zacian|Zacian-Crowned|100\/100\n|-ability|p2a: Zacian|Intrepid Sword|boost\n|-boost|p2a: Zacian|atk|1\n|turn|6\n|\n|t:|1699409343\n|move|p2a: Zacian|Close Combat|p1a: Heatran\n|-supereffective|p1a: Heatran\n|-damage|p1a: Heatran|0 fnt\n|-unboost|p2a: Zacian|def|1\n|-unboost|p2a: Zacian|spd|1\n|faint|p1a: Heatran\n|\n|upkeep\n|\n|t:|1699409352\n|switch|p1a: Rotom|Rotom-Wash|100\/100\n|turn|7\n|\n|t:|1699409358\n|move|p2a: Zacian|Behemoth Blade|p1a: Rotom\n|-resisted|p1a: Rotom\n|-damage|p1a: Rotom|74\/100\n|move|p1a: Rotom|Hydro Pump|p2a: Zacian\n|-damage|p2a: Zacian|27\/100\n|\n|-heal|p1a: Rotom|80\/100|[from] item: Leftovers\n|upkeep\n|turn|8\n|\n|t:|1699409366\n|switch|p2a: Groudon|Groudon-Primal|36\/100\n|-weather|DesolateLand|[from] ability: Desolate Land|[of] p2a: Groudon\n|move|p1a: Rotom|Thunderbolt|p2a: Groudon\n|-immune|p2a: Groudon\n|\n|-weather|DesolateLand|[upkeep]\n|-heal|p1a: Rotom|86\/100|[from] item: Leftovers\n|upkeep\n|turn|9\n|\n|t:|1699409377\n|move|p1a: Rotom|Defog|p2a: Groudon\n|-unboost|p2a: Groudon|evasion|1\n|move|p2a: Groudon|Solar Beam||[still]\n|-prepare|p2a: Groudon|Solar Beam\n|-anim|p2a: Groudon|Solar Beam|p1a: Rotom\n|-supereffective|p1a: Rotom\n|-damage|p1a: Rotom|0 fnt\n|faint|p1a: Rotom\n|\n|-weather|DesolateLand|[upkeep]\n|upkeep\n|\n|t:|1699409385\n|switch|p1a: Porygon-Z|Porygon-Z|100\/100\n|turn|10\n|\n|t:|1699409388\n|move|p1a: Porygon-Z|Tri Attack|p2a: Groudon\n|-damage|p2a: Groudon|0 fnt\n|faint|p2a: Groudon\n|-weather|none\n|-damage|p1a: Porygon-Z|91\/100|[from] item: Life Orb\n|\n|upkeep\n|\n|t:|1699409392\n|switch|p2a: Marshadow|Marshadow|100\/100\n|turn|11\n|\n|t:|1699409396\n|-terastallize|p1a: Porygon-Z|Psychic\n|move|p2a: Marshadow|Close Combat|p1a: Porygon-Z\n|-resisted|p1a: Porygon-Z\n|-crit|p1a: Porygon-Z\n|-damage|p1a: Porygon-Z|19\/100\n|-unboost|p2a: Marshadow|def|1\n|-unboost|p2a: Marshadow|spd|1\n|move|p1a: Porygon-Z|Psychic|p2a: Marshadow\n|-supereffective|p2a: Marshadow\n|-enditem|p2a: Marshadow|Focus Sash\n|-damage|p2a: Marshadow|1\/100\n|-damage|p1a: Porygon-Z|9\/100|[from] item: Life Orb\n|\n|upkeep\n|turn|12\n|\n|t:|1699409407\n|move|p2a: Marshadow|Shadow Sneak|p1a: Porygon-Z\n|-supereffective|p1a: Porygon-Z\n|-damage|p1a: Porygon-Z|0 fnt\n|faint|p1a: Porygon-Z\n|\n|upkeep\n|\n|t:|1699409411\n|switch|p1a: Absol|Absol, F|100\/100\n|turn|13\n|\n|t:|1699409416\n|switch|p2a: Kangaskhan|Kangaskhan, F|100\/100\n|detailschange|p1a: Absol|Absol-Mega, F\n|-mega|p1a: Absol|Absol|Absolite\n|move|p1a: Absol|Sucker Punch||[still]\n|-fail|p1a: Absol\n|\n|upkeep\n|turn|14\n|\n|t:|1699409422\n|detailschange|p2a: Kangaskhan|Kangaskhan-Mega, F\n|-mega|p2a: Kangaskhan|Kangaskhan|Kangaskhanite\n|move|p2a: Kangaskhan|Fake Out|p1a: Absol\n|-damage|p1a: Absol|57\/100\n|-damage|p1a: Absol|46\/100\n|-hitcount|p1a: Absol|2\n|cant|p1a: Absol|flinch\n|\n|upkeep\n|turn|15\n|\n|t:|1699409429\n|move|p1a: Absol|Superpower|p2a: Kangaskhan\n|-supereffective|p2a: Kangaskhan\n|-damage|p2a: Kangaskhan|20\/100\n|-unboost|p1a: Absol|atk|1\n|-unboost|p1a: Absol|def|1\n|move|p2a: Kangaskhan|Drain Punch|p1a: Absol\n|-supereffective|p1a: Absol\n|-damage|p1a: Absol|0 fnt\n|-heal|p2a: Kangaskhan|35\/100|[from] drain|[of] p1a: Absol\n|faint|p1a: Absol\n|-hitcount|p1: Absol|1\n|\n|upkeep\n|\n|t:|1699409439\n|switch|p1a: Genesect|Genesect, shiny|100\/100\n|-ability|p1a: Genesect|Download|boost\n|-boost|p1a: Genesect|spa|1\n|turn|16\n|\n|t:|1699409444\n|switch|p2a: Zacian|Zacian-Crowned|27\/100\n|move|p1a: Genesect|U-turn|p2a: Zacian\n|-resisted|p2a: Zacian\n|-damage|p2a: Zacian|19\/100\n|\n|t:|1699409449\n|switch|p1a: Iron Valiant|Iron Valiant|100\/100|[from] U-turn\n|-enditem|p1a: Iron Valiant|Booster Energy\n|-activate|p1a: Iron Valiant|ability: Quark Drive|[fromitem]\n|-start|p1a: Iron Valiant|quarkdrivespe\n|\n|upkeep\n|turn|17\n|\n|t:|1699409455\n|move|p2a: Zacian|Quick Attack|p1a: Iron Valiant\n|-damage|p1a: Iron Valiant|81\/100\n|move|p1a: Iron Valiant|Thunderbolt|p2a: Zacian\n|-damage|p2a: Zacian|0 fnt\n|faint|p2a: Zacian\n|\n|upkeep\n|\n|t:|1699409471\n|switch|p2a: Marshadow|Marshadow|1\/100\n|turn|18\n|\n|t:|1699409476\n|move|p2a: Marshadow|Shadow Sneak|p1a: Iron Valiant\n|-damage|p1a: Iron Valiant|42\/100\n|move|p1a: Iron Valiant|Thunderbolt|p2a: Marshadow\n|-damage|p2a: Marshadow|0 fnt\n|faint|p2a: Marshadow\n|\n|upkeep\n|\n|t:|1699409478\n|switch|p2a: Kangaskhan|Kangaskhan-Mega, F|35\/100\n|turn|19\n|\n|t:|1699409483\n|move|p2a: Kangaskhan|Fake Out|p1a: Iron Valiant\n|-damage|p1a: Iron Valiant|12\/100\n|-damage|p1a: Iron Valiant|6\/100\n|-hitcount|p1a: Iron Valiant|2\n|cant|p1a: Iron Valiant|flinch\n|\n|upkeep\n|turn|20\n|\n|t:|1699409488\n|move|p2a: Kangaskhan|Sucker Punch|p1a: Iron Valiant\n|-resisted|p1a: Iron Valiant\n|-damage|p1a: Iron Valiant|0 fnt\n|faint|p1a: Iron Valiant\n|-end|p1a: Iron Valiant|Quark Drive|[silent]\n|-hitcount|p1: Iron Valiant|1\n|\n|upkeep\n|\n|t:|1699409493\n|switch|p1a: Genesect|Genesect, shiny|100\/100\n|-ability|p1a: Genesect|Download|boost\n|-boost|p1a: Genesect|spa|1\n|turn|21\n|\n|t:|1699409496\n|move|p1a: Genesect|Iron Head|p2a: Kangaskhan\n|-damage|p2a: Kangaskhan|1\/100\n|move|p2a: Kangaskhan|Drain Punch|p1a: Genesect\n|-damage|p1a: Genesect|64\/100\n|-heal|p2a: Kangaskhan|13\/100|[from] drain|[of] p1a: Genesect\n|-damage|p1a: Genesect|56\/100\n|-heal|p2a: Kangaskhan|16\/100|[from] drain|[of] p1a: Genesect\n|-hitcount|p1a: Genesect|2\n|\n|upkeep\n|turn|22\n|\n|t:|1699409512\n|move|p2a: Kangaskhan|Sucker Punch|p1a: Genesect\n|-damage|p1a: Genesect|21\/100\n|-damage|p1a: Genesect|12\/100\n|-hitcount|p1a: Genesect|2\n|move|p1a: Genesect|Iron Head|p2a: Kangaskhan\n|-damage|p2a: Kangaskhan|0 fnt\n|faint|p2a: Kangaskhan\n|\n|win|KingoftheTitans\n|raw|KingoftheTitans's rating: 1321 &rarr; <strong>1353<\/strong><br \/>(+32 for winning)\n|raw|Ufid's rating: 1561 &rarr; <strong>1529<\/strong><br \/>(-32 for losing)\n|l|\u2606Ufid\n|c|\u2606KingoftheTitans|SO CLOSE\n|c|\u2606KingoftheTitans|gg\n","uploadtime":1699409522,"views":4,"p1id":"kingofthetitans","p2id":"ufid","formatid":"gen9nationaldexubers","rating":1353,"private":0,"password":""}