{"id":"gen9nationaldexubers-1978481277","p1":"Guj Genera","p2":"asayake","format":"[Gen 9] National Dex Ubers","log":"|j|\u2606Guj Genera\n|j|\u2606asayake\n|t:|1698544551\n|gametype|singles\n|player|p1|Guj Genera|169|\n|player|p2|asayake|caitlin|\n|teamsize|p1|6\n|teamsize|p2|6\n|gen|9\n|tier|[Gen 9] National Dex Ubers\n|rule|HP Percentage Mod: HP is shown in percentages\n|rule|Endless Battle Clause: Forcing endless battles is banned\n|rule|OHKO Clause: OHKO moves are banned\n|rule|Evasion Moves Clause: Evasion moves are banned\n|rule|Evasion Items Clause: Evasion items are banned\n|rule|Species Clause: Limit one of each Pok\u00e9mon\n|rule|Sleep Clause Mod: Limit one foe put to sleep\n|rule|Mega Rayquaza Clause: You cannot mega evolve Rayquaza\n|clearpoke\n|poke|p1|Zeraora|\n|poke|p1|Inteleon, F|\n|poke|p1|Diancie|\n|poke|p1|Kommo-o, M|\n|poke|p1|Kartana|\n|poke|p1|Cryogonal|\n|poke|p2|Azumarill, F|\n|poke|p2|Pelipper, F|\n|poke|p2|Swampert, F|\n|poke|p2|Dewgong, F|\n|poke|p2|Ogerpon-Wellspring, F|\n|poke|p2|Walking Wake|\n|teampreview\n|inactive|Battle timer is ON: inactive players will automatically lose when time's up. (requested by Guj Genera)\n|\n|t:|1698544560\n|start\n|switch|p1a: Kartana|Kartana, shiny|100\/100\n|switch|p2a: Ogerpon|Ogerpon-Wellspring, F|100\/100\n|turn|1\n|\n|t:|1698544570\n|move|p1a: Kartana|Leaf Blade|p2a: Ogerpon\n|-damage|p2a: Ogerpon|18\/100\n|move|p2a: Ogerpon|U-turn|p1a: Kartana\n|-damage|p1a: Kartana|72\/100\n|\n|t:|1698544575\n|switch|p2a: Pelipper|Pelipper, F|100\/100|[from] U-turn\n|-weather|RainDance|[from] ability: Drizzle|[of] p2a: Pelipper\n|\n|-weather|RainDance|[upkeep]\n|upkeep\n|turn|2\n|\n|t:|1698544577\n|move|p1a: Kartana|Leaf Blade|p2a: Pelipper\n|-damage|p2a: Pelipper|54\/100\n|move|p2a: Pelipper|U-turn|p1a: Kartana\n|-damage|p1a: Kartana|63\/100\n|\n|t:|1698544591\n|switch|p2a: Swampert|Swampert, F|100\/100|[from] U-turn\n|\n|-weather|RainDance|[upkeep]\n|upkeep\n|turn|3\n|\n|t:|1698544594\n|detailschange|p2a: Swampert|Swampert-Mega, F\n|-mega|p2a: Swampert|Swampert|Swampertite\n|move|p1a: Kartana|Leaf Blade|p2a: Swampert\n|-supereffective|p2a: Swampert\n|-damage|p2a: Swampert|0 fnt\n|faint|p2a: Swampert\n|-ability|p1a: Kartana|Beast Boost|boost\n|-boost|p1a: Kartana|atk|1\n|\n|-weather|RainDance|[upkeep]\n|upkeep\n|\n|t:|1698544599\n|switch|p2a: Azumarill|Azumarill, F|100\/100\n|turn|4\n|\n|t:|1698544602\n|move|p1a: Kartana|Leaf Blade|p2a: Azumarill\n|-ability|p2a: Azumarill|Sap Sipper|boost\n|-boost|p2a: Azumarill|atk|1\n|move|p2a: Azumarill|Whirlpool|p1a: Kartana|[miss]\n|-miss|p2a: Azumarill|p1a: Kartana\n|\n|-weather|RainDance|[upkeep]\n|upkeep\n|turn|5\n|\n|t:|1698544608\n|switch|p1a: Inteleon|Inteleon, F, shiny|100\/100\n|move|p2a: Azumarill|Whirlpool|p1a: Inteleon\n|-resisted|p1a: Inteleon\n|-damage|p1a: Inteleon|89\/100\n|-activate|p1a: Inteleon|move: Whirlpool|[of] p2a: Azumarill\n|\n|-weather|RainDance|[upkeep]\n|-damage|p1a: Inteleon|77\/100|[from] move: Whirlpool|[partiallytrapped]\n|upkeep\n|turn|6\n|c|\u2606Guj Genera|Uh oh. I messed up\n|\n|t:|1698544617\n|move|p2a: Azumarill|Protect|p2a: Azumarill\n|-singleturn|p2a: Azumarill|Protect\n|move|p1a: Inteleon|Snipe Shot|p2a: Azumarill\n|-activate|p2a: Azumarill|move: Protect\n|\n|-weather|RainDance|[upkeep]\n|-damage|p1a: Inteleon|65\/100|[from] move: Whirlpool|[partiallytrapped]\n|upkeep\n|turn|7\n|\n|t:|1698544624\n|move|p1a: Inteleon|Snipe Shot|p2a: Azumarill\n|-resisted|p2a: Azumarill\n|-crit|p2a: Azumarill\n|-damage|p2a: Azumarill|34\/100\n|move|p2a: Azumarill|Perish Song|p2a: Azumarill\n|-start|p1a: Inteleon|perish3|[silent]\n|-start|p2a: Azumarill|perish3|[silent]\n|-fieldactivate|move: Perish Song\n|\n|-weather|RainDance|[upkeep]\n|-heal|p2a: Azumarill|40\/100|[from] item: Leftovers\n|-damage|p1a: Inteleon|52\/100|[from] move: Whirlpool|[partiallytrapped]\n|-start|p1a: Inteleon|perish3\n|-start|p2a: Azumarill|perish3\n|upkeep\n|turn|8\n|\n|t:|1698544627\n|move|p2a: Azumarill|Protect|p2a: Azumarill\n|-singleturn|p2a: Azumarill|Protect\n|move|p1a: Inteleon|Snipe Shot|p2a: Azumarill\n|-activate|p2a: Azumarill|move: Protect\n|\n|-weather|none\n|-heal|p2a: Azumarill|46\/100|[from] item: Leftovers\n|-damage|p1a: Inteleon|40\/100|[from] move: Whirlpool|[partiallytrapped]\n|-start|p1a: Inteleon|perish2\n|-start|p2a: Azumarill|perish2\n|upkeep\n|turn|9\n|\n|t:|1698544633\n|move|p1a: Inteleon|Snipe Shot|p2a: Azumarill\n|-resisted|p2a: Azumarill\n|-damage|p2a: Azumarill|25\/100\n|move|p2a: Azumarill|Rest|p2a: Azumarill\n|-status|p2a: Azumarill|slp|[from] move: Rest\n|-heal|p2a: Azumarill|100\/100 slp|[silent]\n|\n|-damage|p1a: Inteleon|27\/100|[from] move: Whirlpool|[partiallytrapped]\n|-start|p1a: Inteleon|perish1\n|-start|p2a: Azumarill|perish1\n|upkeep\n|turn|10\n|\n|t:|1698544637\n|switch|p2a: Ogerpon|Ogerpon-Wellspring, F|18\/100\n|move|p1a: Inteleon|Snipe Shot|p2a: Ogerpon\n|-heal|p2a: Ogerpon|43\/100|[from] ability: Water Absorb|[of] p1a: Inteleon\n|\n|-end|p1a: Inteleon|Whirlpool|[partiallytrapped]\n|-start|p1a: Inteleon|perish0\n|upkeep\n|faint|p1a: Inteleon\n|\n|t:|1698544642\n|switch|p1a: Cryogonal|Cryogonal, shiny|100\/100\n|turn|11\n|\n|t:|1698544653\n|move|p2a: Ogerpon|Ivy Cudgel|p1a: Cryogonal\n|-damage|p1a: Cryogonal|10\/100\n|move|p1a: Cryogonal|Rapid Spin|p2a: Ogerpon\n|-damage|p2a: Ogerpon|35\/100\n|-boost|p1a: Cryogonal|spe|1\n|\n|upkeep\n|turn|12\n|\n|t:|1698544656\n|switch|p2a: Dewgong|Dewgong, F|100\/100\n|move|p1a: Cryogonal|Freeze-Dry|p2a: Dewgong\n|-damage|p2a: Dewgong|93\/100\n|\n|-heal|p2a: Dewgong|99\/100|[from] item: Leftovers\n|upkeep\n|turn|13\n|\n|t:|1698544660\n|move|p1a: Cryogonal|Recover|p1a: Cryogonal\n|-heal|p1a: Cryogonal|60\/100\n|move|p2a: Dewgong|Whirlpool|p1a: Cryogonal\n|-damage|p1a: Cryogonal|54\/100\n|-activate|p1a: Cryogonal|move: Whirlpool|[of] p2a: Dewgong\n|\n|-heal|p2a: Dewgong|100\/100|[from] item: Leftovers\n|-damage|p1a: Cryogonal|41\/100|[from] move: Whirlpool|[partiallytrapped]\n|upkeep\n|turn|14\n|\n|t:|1698544663\n|move|p2a: Dewgong|Protect|p2a: Dewgong\n|-singleturn|p2a: Dewgong|Protect\n|move|p1a: Cryogonal|Toxic|p2a: Dewgong\n|-activate|p2a: Dewgong|move: Protect\n|\n|-damage|p1a: Cryogonal|29\/100|[from] move: Whirlpool|[partiallytrapped]\n|upkeep\n|turn|15\n|\n|t:|1698544667\n|move|p1a: Cryogonal|Rapid Spin|p2a: Dewgong\n|-damage|p2a: Dewgong|94\/100\n|-boost|p1a: Cryogonal|spe|1\n|-end|p1a: Cryogonal|Whirlpool|[partiallytrapped]\n|move|p2a: Dewgong|Toxic|p1a: Cryogonal\n|-status|p1a: Cryogonal|tox\n|\n|-heal|p2a: Dewgong|99\/100|[from] item: Leftovers\n|-damage|p1a: Cryogonal|23\/100 tox|[from] psn\n|upkeep\n|turn|16\n|\n|t:|1698544670\n|move|p1a: Cryogonal|Toxic|p2a: Dewgong\n|-status|p2a: Dewgong|tox\n|move|p2a: Dewgong|Whirlpool|p1a: Cryogonal\n|-damage|p1a: Cryogonal|16\/100 tox\n|-activate|p1a: Cryogonal|move: Whirlpool|[of] p2a: Dewgong\n|\n|-heal|p2a: Dewgong|100\/100 tox|[from] item: Leftovers\n|-damage|p1a: Cryogonal|4\/100 tox|[from] psn\n|-damage|p2a: Dewgong|94\/100 tox|[from] psn\n|-damage|p1a: Cryogonal|0 fnt|[from] move: Whirlpool|[partiallytrapped]\n|faint|p1a: Cryogonal\n|upkeep\n|\n|t:|1698544675\n|switch|p1a: Zeraora|Zeraora, shiny|100\/100\n|turn|17\n|\n|t:|1698544678\n|move|p2a: Dewgong|Protect|p2a: Dewgong\n|-singleturn|p2a: Dewgong|Protect\n|move|p1a: Zeraora|Plasma Fists|p2a: Dewgong\n|-activate|p2a: Dewgong|move: Protect\n|\n|-heal|p2a: Dewgong|100\/100 tox|[from] item: Leftovers\n|-damage|p2a: Dewgong|88\/100 tox|[from] psn\n|upkeep\n|turn|18\n|\n|t:|1698544686\n|switch|p2a: Pelipper|Pelipper, F|54\/100\n|-weather|RainDance|[from] ability: Drizzle|[of] p2a: Pelipper\n|move|p1a: Zeraora|Plasma Fists|p2a: Pelipper\n|-supereffective|p2a: Pelipper\n|-damage|p2a: Pelipper|0 fnt\n|-fieldactivate|move: Ion Deluge\n|-hint|Normal-type moves become Electric-type after using Plasma Fists.\n|faint|p2a: Pelipper\n|\n|-weather|RainDance|[upkeep]\n|upkeep\n|\n|t:|1698544688\n|switch|p2a: Walking Wake|Walking Wake|100\/100\n|turn|19\n|\n|t:|1698544693\n|move|p2a: Walking Wake|Hydro Pump|p1a: Zeraora\n|-damage|p1a: Zeraora|0 fnt\n|faint|p1a: Zeraora\n|\n|-weather|RainDance|[upkeep]\n|upkeep\n|\n|t:|1698544703\n|switch|p1a: Kommo-o|Kommo-o, M, shiny|100\/100\n|turn|20\n|\n|t:|1698544707\n|-end|p2a: Walking Wake|Protosynthesis|[silent]\n|switch|p2a: Azumarill|Azumarill, F|100\/100 slp\n|-zpower|p1a: Kommo-o\n|move|p1a: Kommo-o|Clangorous Soulblaze|p2a: Azumarill|[zeffect]\n|-immune|p2a: Azumarill\n|\n|-weather|RainDance|[upkeep]\n|upkeep\n|turn|21\n|\n|t:|1698544714\n|move|p1a: Kommo-o|Earthquake|p2a: Azumarill\n|-damage|p2a: Azumarill|69\/100 slp\n|cant|p2a: Azumarill|slp\n|\n|-weather|RainDance|[upkeep]\n|-heal|p2a: Azumarill|75\/100 slp|[from] item: Leftovers\n|upkeep\n|turn|22\n|\n|t:|1698544721\n|move|p1a: Kommo-o|Earthquake|p2a: Azumarill\n|-damage|p2a: Azumarill|39\/100 slp\n|cant|p2a: Azumarill|slp\n|\n|-weather|RainDance|[upkeep]\n|-heal|p2a: Azumarill|46\/100 slp|[from] item: Leftovers\n|upkeep\n|turn|23\n|\n|t:|1698544724\n|-curestatus|p2a: Azumarill|slp|[msg]\n|move|p2a: Azumarill|Protect|p2a: Azumarill\n|-singleturn|p2a: Azumarill|Protect\n|move|p1a: Kommo-o|Earthquake|p2a: Azumarill\n|-activate|p2a: Azumarill|move: Protect\n|\n|-weather|RainDance|[upkeep]\n|-heal|p2a: Azumarill|52\/100|[from] item: Leftovers\n|upkeep\n|turn|24\n|\n|t:|1698544729\n|switch|p2a: Walking Wake|Walking Wake|100\/100\n|move|p1a: Kommo-o|Earthquake|p2a: Walking Wake\n|-damage|p2a: Walking Wake|66\/100\n|\n|-weather|RainDance|[upkeep]\n|upkeep\n|turn|25\n|\n|t:|1698544732\n|move|p2a: Walking Wake|Draco Meteor|p1a: Kommo-o|[miss]\n|-miss|p2a: Walking Wake|p1a: Kommo-o\n|move|p1a: Kommo-o|Dragon Claw|p2a: Walking Wake\n|-supereffective|p2a: Walking Wake\n|-damage|p2a: Walking Wake|0 fnt\n|faint|p2a: Walking Wake\n|-end|p2a: Walking Wake|Protosynthesis|[silent]\n|\n|-weather|none\n|upkeep\n|\n|t:|1698544748\n|switch|p2a: Azumarill|Azumarill, F|52\/100\n|turn|26\n|\n|t:|1698544764\n|move|p2a: Azumarill|Protect|p2a: Azumarill\n|-singleturn|p2a: Azumarill|Protect\n|move|p1a: Kommo-o|Earthquake|p2a: Azumarill\n|-activate|p2a: Azumarill|move: Protect\n|\n|-heal|p2a: Azumarill|58\/100|[from] item: Leftovers\n|upkeep\n|turn|27\n|\n|t:|1698544773\n|move|p1a: Kommo-o|Earthquake|p2a: Azumarill\n|-damage|p2a: Azumarill|22\/100\n|move|p2a: Azumarill|Whirlpool|p1a: Kommo-o|[miss]\n|-miss|p2a: Azumarill|p1a: Kommo-o\n|\n|-heal|p2a: Azumarill|28\/100|[from] item: Leftovers\n|upkeep\n|turn|28\n|\n|t:|1698544778\n|move|p2a: Azumarill|Protect|p2a: Azumarill\n|-singleturn|p2a: Azumarill|Protect\n|move|p1a: Kommo-o|Earthquake|p2a: Azumarill\n|-activate|p2a: Azumarill|move: Protect\n|\n|-heal|p2a: Azumarill|34\/100|[from] item: Leftovers\n|upkeep\n|turn|29\n|\n|t:|1698544790\n|switch|p2a: Dewgong|Dewgong, F|88\/100 tox\n|move|p1a: Kommo-o|Earthquake|p2a: Dewgong\n|-damage|p2a: Dewgong|51\/100 tox\n|\n|-heal|p2a: Dewgong|57\/100 tox|[from] item: Leftovers\n|-damage|p2a: Dewgong|51\/100 tox|[from] psn\n|upkeep\n|turn|30\n|\n|t:|1698544799\n|move|p1a: Kommo-o|Close Combat|p2a: Dewgong\n|-supereffective|p2a: Dewgong\n|-damage|p2a: Dewgong|0 fnt\n|-unboost|p1a: Kommo-o|def|1\n|-unboost|p1a: Kommo-o|spd|1\n|faint|p2a: Dewgong\n|\n|upkeep\n|\n|t:|1698544801\n|switch|p2a: Azumarill|Azumarill, F|34\/100\n|turn|31\n|\n|t:|1698544804\n|move|p2a: Azumarill|Protect|p2a: Azumarill\n|-singleturn|p2a: Azumarill|Protect\n|move|p1a: Kommo-o|Earthquake|p2a: Azumarill\n|-activate|p2a: Azumarill|move: Protect\n|\n|-heal|p2a: Azumarill|40\/100|[from] item: Leftovers\n|upkeep\n|turn|32\n|\n|t:|1698544811\n|move|p1a: Kommo-o|Earthquake|p2a: Azumarill\n|-damage|p2a: Azumarill|7\/100\n|move|p2a: Azumarill|Rest|p2a: Azumarill\n|-status|p2a: Azumarill|slp|[from] move: Rest\n|-heal|p2a: Azumarill|100\/100 slp|[silent]\n|\n|upkeep\n|turn|33\n|\n|t:|1698544815\n|cant|p2a: Azumarill|slp\n|move|p1a: Kommo-o|Close Combat|p2a: Azumarill\n|-resisted|p2a: Azumarill\n|-damage|p2a: Azumarill|67\/100 slp\n|-unboost|p1a: Kommo-o|def|1\n|-unboost|p1a: Kommo-o|spd|1\n|\n|-heal|p2a: Azumarill|74\/100 slp|[from] item: Leftovers\n|upkeep\n|turn|34\n|\n|t:|1698544823\n|move|p1a: Kommo-o|Earthquake|p2a: Azumarill\n|-damage|p2a: Azumarill|39\/100 slp\n|cant|p2a: Azumarill|slp\n|\n|-heal|p2a: Azumarill|45\/100 slp|[from] item: Leftovers\n|upkeep\n|turn|35\n|\n|t:|1698544826\n|-curestatus|p2a: Azumarill|slp|[msg]\n|move|p2a: Azumarill|Protect|p2a: Azumarill\n|-singleturn|p2a: Azumarill|Protect\n|move|p1a: Kommo-o|Earthquake|p2a: Azumarill\n|-activate|p2a: Azumarill|move: Protect\n|\n|-heal|p2a: Azumarill|51\/100|[from] item: Leftovers\n|upkeep\n|turn|36\n|\n|t:|1698544839\n|move|p1a: Kommo-o|Earthquake|p2a: Azumarill\n|-damage|p2a: Azumarill|17\/100\n|move|p2a: Azumarill|Rest|p2a: Azumarill\n|-status|p2a: Azumarill|slp|[from] move: Rest\n|-heal|p2a: Azumarill|100\/100 slp|[silent]\n|\n|upkeep\n|turn|37\n|\n|t:|1698544846\n|switch|p1a: Diancie|Diancie, shiny|100\/100\n|cant|p2a: Azumarill|slp\n|\n|upkeep\n|turn|38\n|\n|t:|1698544850\n|detailschange|p1a: Diancie|Diancie-Mega, shiny\n|-mega|p1a: Diancie|Diancie|Diancite\n|move|p1a: Diancie|Stealth Rock|p2a: Azumarill\n|-sidestart|p2: asayake|move: Stealth Rock\n|cant|p2a: Azumarill|slp\n|\n|upkeep\n|turn|39\n|\n|t:|1698544854\n|move|p1a: Diancie|Diamond Storm|p2a: Azumarill\n|-damage|p2a: Azumarill|51\/100 slp\n|-boost|p1a: Diancie|def|2\n|-curestatus|p2a: Azumarill|slp|[msg]\n|move|p2a: Azumarill|Whirlpool|p1a: Diancie\n|-supereffective|p1a: Diancie\n|-damage|p1a: Diancie|78\/100\n|-activate|p1a: Diancie|move: Whirlpool|[of] p2a: Azumarill\n|\n|-heal|p2a: Azumarill|57\/100|[from] item: Leftovers\n|-damage|p1a: Diancie|66\/100|[from] move: Whirlpool|[partiallytrapped]\n|upkeep\n|turn|40\n|\n|t:|1698544858\n|move|p2a: Azumarill|Protect|p2a: Azumarill\n|-singleturn|p2a: Azumarill|Protect\n|move|p1a: Diancie|Diamond Storm|p2a: Azumarill\n|-activate|p2a: Azumarill|move: Protect\n|\n|-heal|p2a: Azumarill|64\/100|[from] item: Leftovers\n|-damage|p1a: Diancie|53\/100|[from] move: Whirlpool|[partiallytrapped]\n|upkeep\n|turn|41\n|inactive|asayake has 270 seconds left.\n|\n|t:|1698544901\n|move|p1a: Diancie|Diamond Storm|p2a: Azumarill\n|-damage|p2a: Azumarill|11\/100\n|-boost|p1a: Diancie|def|2\n|move|p2a: Azumarill|Rest|p2a: Azumarill\n|-status|p2a: Azumarill|slp|[from] move: Rest\n|-heal|p2a: Azumarill|100\/100 slp|[silent]\n|\n|-damage|p1a: Diancie|41\/100|[from] move: Whirlpool|[partiallytrapped]\n|upkeep\n|turn|42\n|\n|t:|1698544905\n|cant|p2a: Azumarill|slp\n|move|p1a: Diancie|Diamond Storm|p2a: Azumarill\n|-damage|p2a: Azumarill|46\/100 slp\n|-boost|p1a: Diancie|def|2\n|\n|-heal|p2a: Azumarill|52\/100 slp|[from] item: Leftovers\n|-damage|p1a: Diancie|28\/100|[from] move: Whirlpool|[partiallytrapped]\n|upkeep\n|turn|43\n|\n|t:|1698544910\n|cant|p2a: Azumarill|slp\n|move|p1a: Diancie|Diamond Storm|p2a: Azumarill\n|-damage|p2a: Azumarill|0 fnt\n|faint|p2a: Azumarill\n|\n|-end|p1a: Diancie|Whirlpool|[partiallytrapped]|[silent]\n|upkeep\n|\n|t:|1698544912\n|switch|p2a: Ogerpon|Ogerpon-Wellspring, F|35\/100\n|-damage|p2a: Ogerpon|23\/100|[from] Stealth Rock\n|turn|44\n|\n|t:|1698544916\n|move|p2a: Ogerpon|Horn Leech|p1a: Diancie\n|-supereffective|p1a: Diancie\n|-damage|p1a: Diancie|0 fnt\n|-heal|p2a: Ogerpon|34\/100|[from] drain|[of] p1a: Diancie\n|faint|p1a: Diancie\n|\n|upkeep\n|\n|t:|1698544919\n|switch|p1a: Kartana|Kartana, shiny|63\/100\n|turn|45\n|\n|t:|1698544923\n|move|p1a: Kartana|Leaf Blade|p2a: Ogerpon\n|-damage|p2a: Ogerpon|0 fnt\n|faint|p2a: Ogerpon\n|\n|win|Guj Genera\n|c|\u2606asayake|cool\n|c|\u2606Guj Genera|ggwp\n|l|\u2606asayake\n|l|\u2606Guj Genera\n|j|\u2606asayake\n|player|p2|asayake|caitlin\n|l|\u2606asayake\n|player|p2|\n|j|\u2606Guj Genera\n|player|p1|Guj Genera|169\n","uploadtime":1698545080,"views":21,"p1id":"gujgenera","p2id":"asayake","formatid":"gen9nationaldexubers","rating":0,"private":0,"password":""}