{"id":"gen9nationaldexubers-1999422176","p1":"Four Assists","p2":"Th3Soci3ty","format":"[Gen 9] National Dex Ubers","log":"|j|\u203dFour Assists\n|j|\u2606Th3Soci3ty\n|t:|1701077889\n|gametype|singles\n|player|p1|Four Assists|101|1069\n|player|p2|Th3Soci3ty|zinzolin|1068\n|teamsize|p1|6\n|teamsize|p2|6\n|gen|9\n|tier|[Gen 9] National Dex Ubers\n|rated|\n|rule|HP Percentage Mod: HP is shown in percentages\n|rule|Endless Battle Clause: Forcing endless battles is banned\n|rule|OHKO Clause: OHKO moves are banned\n|rule|Evasion Moves Clause: Evasion moves are banned\n|rule|Evasion Items Clause: Evasion items are banned\n|rule|Species Clause: Limit one of each Pok\u00e9mon\n|rule|Sleep Clause Mod: Limit one foe put to sleep\n|rule|Mega Rayquaza Clause: You cannot mega evolve Rayquaza\n|clearpoke\n|poke|p1|Deoxys-Speed|\n|poke|p1|Ho-Oh|\n|poke|p1|Arceus-Fighting|\n|poke|p1|Giratina-Origin|\n|poke|p1|Xerneas-*|\n|poke|p1|Lugia|\n|poke|p2|Electrode|\n|poke|p2|Dugtrio, F|\n|poke|p2|Crobat, F|\n|poke|p2|Talonflame, M|\n|poke|p2|Weavile, M|\n|poke|p2|Alakazam, M|\n|teampreview\n|\n|t:|1701077907\n|start\n|switch|p1a: Deoxys|Deoxys-Speed|100\/100\n|switch|p2a: Electrode|Electrode|100\/100\n|-ability|p1a: Deoxys|Pressure\n|turn|1\n|\n|t:|1701077911\n|move|p1a: Deoxys|Stealth Rock|p2a: Electrode\n|-sidestart|p2: Th3Soci3ty|move: Stealth Rock\n|move|p2a: Electrode|Thunderbolt|p1a: Deoxys\n|-damage|p1a: Deoxys|70\/100\n|\n|upkeep\n|turn|2\n|\n|t:|1701077915\n|move|p1a: Deoxys|Spikes|p2a: Electrode\n|-sidestart|p2: Th3Soci3ty|Spikes\n|move|p2a: Electrode|Thunderbolt|p1a: Deoxys\n|-damage|p1a: Deoxys|39\/100\n|\n|upkeep\n|turn|3\n|\n|t:|1701077918\n|move|p1a: Deoxys|Taunt|p2a: Electrode\n|-start|p2a: Electrode|move: Taunt\n|move|p2a: Electrode|Thunderbolt|p1a: Deoxys\n|-damage|p1a: Deoxys|12\/100\n|-status|p1a: Deoxys|par\n|\n|upkeep\n|turn|4\n|\n|t:|1701077925\n|switch|p2a: Dugtrio|Dugtrio, F|100\/100\n|-damage|p2a: Dugtrio|94\/100|[from] Stealth Rock\n|-damage|p2a: Dugtrio|82\/100|[from] Spikes\n|switch|p1a: Giratina|Giratina-Origin|100\/100\n|\n|upkeep\n|turn|5\n|\n|t:|1701077933\n|-terastallize|p1a: Giratina|Ghost\n|move|p2a: Dugtrio|Swords Dance|p2a: Dugtrio\n|-boost|p2a: Dugtrio|atk|2\n|move|p1a: Giratina|Hex|p2a: Dugtrio\n|-damage|p2a: Dugtrio|0 fnt\n|faint|p2a: Dugtrio\n|\n|upkeep\n|\n|t:|1701077938\n|switch|p2a: Weavile|Weavile, M|100\/100\n|-damage|p2a: Weavile|76\/100|[from] Stealth Rock\n|-damage|p2a: Weavile|63\/100|[from] Spikes\n|-ability|p2a: Weavile|Pressure\n|turn|6\n|\n|t:|1701077944\n|move|p2a: Weavile|Knock Off|p1a: Giratina\n|-supereffective|p1a: Giratina\n|-damage|p1a: Giratina|55\/100\n|move|p1a: Giratina|Draco Meteor|p2a: Weavile|[miss]\n|-miss|p1a: Giratina|p2a: Weavile\n|\n|upkeep\n|turn|7\n|\n|t:|1701077949\n|-zpower|p2a: Weavile\n|move|p2a: Weavile|Subzero Slammer|p1a: Giratina|[zeffect]\n|-damage|p1a: Giratina|13\/100\n|move|p1a: Giratina|Draco Meteor|p2a: Weavile\n|-damage|p2a: Weavile|0 fnt\n|-unboost|p1a: Giratina|spa|2\n|faint|p2a: Weavile\n|\n|upkeep\n|\n|t:|1701077953\n|switch|p2a: Electrode|Electrode|100\/100\n|-damage|p2a: Electrode|88\/100|[from] Stealth Rock\n|-damage|p2a: Electrode|76\/100|[from] Spikes\n|turn|8\n|\n|t:|1701077959\n|switch|p1a: Deoxys|Deoxys-Speed|12\/100 par\n|-ability|p1a: Deoxys|Pressure\n|move|p2a: Electrode|Thunderbolt|p1a: Deoxys\n|-damage|p1a: Deoxys|0 fnt\n|faint|p1a: Deoxys\n|\n|upkeep\n|\n|t:|1701077967\n|switch|p1a: Arceus|Arceus-Fighting|100\/100\n|turn|9\n|\n|t:|1701077971\n|move|p2a: Electrode|Light Screen|p2a: Electrode\n|-sidestart|p2: Th3Soci3ty|move: Light Screen\n|move|p1a: Arceus|Cosmic Power|p1a: Arceus\n|-boost|p1a: Arceus|def|1\n|-boost|p1a: Arceus|spd|1\n|\n|upkeep\n|turn|10\n|\n|t:|1701077973\n|move|p2a: Electrode|Reflect|p2a: Electrode\n|-sidestart|p2: Th3Soci3ty|Reflect\n|move|p1a: Arceus|Cosmic Power|p1a: Arceus\n|-boost|p1a: Arceus|def|1\n|-boost|p1a: Arceus|spd|1\n|\n|upkeep\n|turn|11\n|\n|t:|1701077976\n|move|p2a: Electrode|Thunderbolt|p1a: Arceus\n|-damage|p1a: Arceus|92\/100\n|move|p1a: Arceus|Cosmic Power|p1a: Arceus\n|-boost|p1a: Arceus|def|1\n|-boost|p1a: Arceus|spd|1\n|\n|upkeep\n|turn|12\n|\n|t:|1701077979\n|move|p2a: Electrode|Thunderbolt|p1a: Arceus\n|-damage|p1a: Arceus|85\/100\n|move|p1a: Arceus|Cosmic Power|p1a: Arceus\n|-boost|p1a: Arceus|def|1\n|-boost|p1a: Arceus|spd|1\n|\n|upkeep\n|turn|13\n|\n|t:|1701077982\n|move|p2a: Electrode|Thunderbolt|p1a: Arceus\n|-damage|p1a: Arceus|80\/100\n|move|p1a: Arceus|Cosmic Power|p1a: Arceus\n|-boost|p1a: Arceus|def|1\n|-boost|p1a: Arceus|spd|1\n|\n|upkeep\n|turn|14\n|\n|t:|1701077985\n|move|p2a: Electrode|Thunderbolt|p1a: Arceus\n|-damage|p1a: Arceus|76\/100\n|move|p1a: Arceus|Recover|p1a: Arceus\n|-heal|p1a: Arceus|100\/100\n|\n|upkeep\n|turn|15\n|\n|t:|1701077987\n|move|p2a: Electrode|Thunderbolt|p1a: Arceus\n|-damage|p1a: Arceus|96\/100\n|move|p1a: Arceus|Cosmic Power|p1a: Arceus\n|-boost|p1a: Arceus|def|1\n|-boost|p1a: Arceus|spd|1\n|\n|upkeep\n|turn|16\n|\n|t:|1701077993\n|move|p2a: Electrode|Thunderbolt|p1a: Arceus\n|-damage|p1a: Arceus|92\/100\n|move|p1a: Arceus|Cosmic Power|p1a: Arceus\n|-boost|p1a: Arceus|def|0\n|-boost|p1a: Arceus|spd|0\n|\n|-sideend|p2: Th3Soci3ty|move: Light Screen\n|upkeep\n|turn|17\n|\n|t:|1701077997\n|move|p2a: Electrode|Light Screen|p2a: Electrode\n|-sidestart|p2: Th3Soci3ty|move: Light Screen\n|move|p1a: Arceus|Body Press|p2a: Electrode\n|-damage|p2a: Electrode|0 fnt\n|-damage|p1a: Arceus|67\/100|[from] ability: Aftermath|[of] p2a: Electrode\n|faint|p2a: Electrode\n|\n|-sideend|p2: Th3Soci3ty|Reflect\n|upkeep\n|\n|t:|1701078002\n|switch|p2a: Crobat|Crobat, F|100\/100\n|-damage|p2a: Crobat|76\/100|[from] Stealth Rock\n|turn|18\n|\n|t:|1701078006\n|move|p2a: Crobat|Super Fang|p1a: Arceus\n|-damage|p1a: Arceus|34\/100\n|move|p1a: Arceus|Body Press|p2a: Crobat\n|-resisted|p2a: Crobat\n|-damage|p2a: Crobat|17\/100\n|\n|-heal|p2a: Crobat|23\/100|[from] item: Black Sludge\n|upkeep\n|turn|19\n|\n|t:|1701078010\n|move|p2a: Crobat|Brave Bird|p1a: Arceus\n|-supereffective|p1a: Arceus\n|-damage|p1a: Arceus|20\/100\n|-damage|p2a: Crobat|16\/100|[from] Recoil\n|move|p1a: Arceus|Recover|p1a: Arceus\n|-heal|p1a: Arceus|70\/100\n|\n|-heal|p2a: Crobat|22\/100|[from] item: Black Sludge\n|upkeep\n|turn|20\n|\n|t:|1701078014\n|move|p2a: Crobat|Super Fang|p1a: Arceus\n|-damage|p1a: Arceus|35\/100\n|move|p1a: Arceus|Recover|p1a: Arceus\n|-heal|p1a: Arceus|85\/100\n|\n|-heal|p2a: Crobat|28\/100|[from] item: Black Sludge\n|upkeep\n|turn|21\n|\n|t:|1701078017\n|move|p2a: Crobat|Taunt|p1a: Arceus\n|-start|p1a: Arceus|move: Taunt\n|move|p1a: Arceus|Body Press|p2a: Crobat\n|-resisted|p2a: Crobat\n|-damage|p2a: Crobat|0 fnt\n|faint|p2a: Crobat\n|\n|upkeep\n|\n|t:|1701078022\n|switch|p2a: Talonflame|Talonflame, M|100\/100\n|turn|22\n|\n|t:|1701078028\n|move|p2a: Talonflame|Brave Bird|p1a: Arceus\n|-supereffective|p1a: Arceus\n|-damage|p1a: Arceus|73\/100\n|-damage|p2a: Talonflame|94\/100|[from] Recoil\n|move|p1a: Arceus|Stored Power|p2a: Talonflame\n|-damage|p2a: Talonflame|45\/100\n|\n|upkeep\n|turn|23\n|\n|t:|1701078036\n|move|p2a: Talonflame|Brave Bird|p1a: Arceus\n|-supereffective|p1a: Arceus\n|-damage|p1a: Arceus|60\/100\n|-damage|p2a: Talonflame|38\/100|[from] Recoil\n|move|p1a: Arceus|Body Press|p2a: Talonflame\n|-resisted|p2a: Talonflame\n|-damage|p2a: Talonflame|0 fnt\n|faint|p2a: Talonflame\n|\n|-end|p1a: Arceus|move: Taunt\n|upkeep\n|\n|t:|1701078039\n|switch|p2a: Alakazam|Alakazam, M|100\/100\n|turn|24\n|\n|t:|1701078043\n|detailschange|p2a: Alakazam|Alakazam-Mega, M\n|-mega|p2a: Alakazam|Alakazam|Alakazite\n|move|p2a: Alakazam|Psychic|p1a: Arceus\n|-supereffective|p1a: Arceus\n|-damage|p1a: Arceus|41\/100\n|move|p1a: Arceus|Body Press|p2a: Alakazam\n|-resisted|p2a: Alakazam\n|-damage|p2a: Alakazam|0 fnt\n|faint|p2a: Alakazam\n|\n|win|Four Assists\n|raw|Four Assists's rating: 1069 &rarr; <strong>1099<\/strong><br \/>(+30 for winning)\n|raw|Th3Soci3ty's rating: 1068 &rarr; <strong>1048<\/strong><br \/>(-20 for losing)\n","uploadtime":1701078047,"views":4,"p1id":"fourassists","p2id":"th3soci3ty","formatid":"gen9nationaldexubers","rating":1048,"private":0,"password":""}