{"id":"gen9nationaldexubers-1996844953","p1":"Ethezo","p2":"LukeOfPoke1107","format":"[Gen 9] National Dex Ubers","log":"|j|\u2606Ethezo\n|j|\u2606LukeOfPoke1107\n|t:|1700734430\n|gametype|singles\n|player|p1|Ethezo|gambler|1121\n|player|p2|LukeOfPoke1107|silver|1041\n|teamsize|p1|6\n|teamsize|p2|6\n|gen|9\n|tier|[Gen 9] National Dex Ubers\n|rated|\n|rule|HP Percentage Mod: HP is shown in percentages\n|rule|Endless Battle Clause: Forcing endless battles is banned\n|rule|OHKO Clause: OHKO moves are banned\n|rule|Evasion Moves Clause: Evasion moves are banned\n|rule|Evasion Items Clause: Evasion items are banned\n|rule|Species Clause: Limit one of each Pok\u00e9mon\n|rule|Sleep Clause Mod: Limit one foe put to sleep\n|rule|Mega Rayquaza Clause: You cannot mega evolve Rayquaza\n|clearpoke\n|poke|p1|Cloyster, F|\n|poke|p1|Ribombee, F|\n|poke|p1|Jirachi|\n|poke|p1|Kingambit, F|\n|poke|p1|Gardevoir, M|\n|poke|p1|Banette, F|\n|poke|p2|Zeraora|\n|poke|p2|Hoopa-Unbound|\n|poke|p2|Diancie|\n|poke|p2|Victini|\n|poke|p2|Darkrai|\n|poke|p2|Marshadow|\n|teampreview\n|\n|t:|1700734438\n|start\n|switch|p1a: Subraodi|Ribombee, F, shiny|100\/100\n|switch|p2a: Diancie|Diancie|100\/100\n|turn|1\n|\n|t:|1700734446\n|move|p1a: Subraodi|Sticky Web|p2a: Diancie\n|-sidestart|p2: LukeOfPoke1107|move: Sticky Web\n|move|p2a: Diancie|Diamond Storm|p1a: Subraodi\n|-supereffective|p1a: Subraodi\n|-enditem|p1a: Subraodi|Focus Sash\n|-damage|p1a: Subraodi|1\/100\n|-boost|p2a: Diancie|def|2\n|\n|upkeep\n|turn|2\n|\n|t:|1700734454\n|move|p1a: Subraodi|Stun Spore|p2a: Diancie|[miss]\n|-miss|p1a: Subraodi|p2a: Diancie\n|move|p2a: Diancie|Diamond Storm|p1a: Subraodi\n|-supereffective|p1a: Subraodi\n|-damage|p1a: Subraodi|0 fnt\n|-boost|p2a: Diancie|def|2\n|faint|p1a: Subraodi\n|\n|upkeep\n|\n|t:|1700734462\n|switch|p1a: Et\u00e9reo|Jirachi|100\/100\n|turn|3\n|\n|t:|1700734465\n|move|p1a: Et\u00e9reo|Iron Head|p2a: Diancie\n|-supereffective|p2a: Diancie\n|-damage|p2a: Diancie|44\/100\n|move|p2a: Diancie|Moonblast|p1a: Et\u00e9reo\n|-resisted|p1a: Et\u00e9reo\n|-damage|p1a: Et\u00e9reo|78\/100\n|-unboost|p1a: Et\u00e9reo|spa|1\n|\n|upkeep\n|turn|4\n|\n|t:|1700734474\n|switch|p2a: Victini|Victini|100\/100\n|-activate|p2a: Victini|move: Sticky Web\n|-unboost|p2a: Victini|spe|1\n|move|p1a: Et\u00e9reo|Iron Head|p2a: Victini\n|-resisted|p2a: Victini\n|-damage|p2a: Victini|79\/100\n|\n|upkeep\n|turn|5\n|\n|t:|1700734486\n|switch|p1a: Gardevoir|Gardevoir, M|100\/100\n|-ability|p1a: Gardevoir|Victory Star|[from] ability: Trace|[of] p2a: Victini\n|move|p2a: Victini|V-create|p1a: Gardevoir\n|-damage|p1a: Gardevoir|0 fnt\n|-unboost|p2a: Victini|spe|1\n|-unboost|p2a: Victini|def|1\n|-unboost|p2a: Victini|spd|1\n|faint|p1a: Gardevoir\n|\n|upkeep\n|\n|t:|1700734500\n|switch|p1a: Pendsk|Banette, F|100\/100\n|-item|p2a: Victini|Choice Specs|[from] ability: Frisk|[of] p1a: Pendsk|[identify]\n|turn|6\n|\n|t:|1700734511\n|switch|p2a: Marshadow|Marshadow|100\/100\n|-activate|p2a: Marshadow|move: Sticky Web\n|-unboost|p2a: Marshadow|spe|1\n|detailschange|p1a: Pendsk|Banette-Mega, F\n|-mega|p1a: Pendsk|Banette|Banettite\n|move|p1a: Pendsk|Poltergeist|p2a: Marshadow|[miss]\n|-miss|p1a: Pendsk|p2a: Marshadow\n|\n|upkeep\n|turn|7\n|\n|t:|1700734527\n|move|p1a: Pendsk|Destiny Bond|p1a: Pendsk\n|-singlemove|p1a: Pendsk|Destiny Bond\n|-zpower|p2a: Marshadow\n|move|p2a: Marshadow|Soul-Stealing 7-Star Strike|p1a: Pendsk|[zeffect]\n|-supereffective|p1a: Pendsk\n|-damage|p1a: Pendsk|0 fnt\n|faint|p1a: Pendsk\n|-activate|p1a: Pendsk|move: Destiny Bond\n|faint|p2a: Marshadow\n|\n|upkeep\n|\n|t:|1700734544\n|switch|p2a: Darkrai|Darkrai|100\/100\n|switch|p1a: Naboe|Cloyster, F|100\/100\n|-activate|p2a: Darkrai|move: Sticky Web\n|-unboost|p2a: Darkrai|spe|1\n|turn|8\n|\n|t:|1700734562\n|move|p1a: Naboe|Shell Smash|p1a: Naboe\n|-unboost|p1a: Naboe|def|1\n|-unboost|p1a: Naboe|spd|1\n|-boost|p1a: Naboe|atk|2\n|-boost|p1a: Naboe|spa|2\n|-boost|p1a: Naboe|spe|2\n|-enditem|p1a: Naboe|White Herb\n|-clearnegativeboost|p1a: Naboe|[silent]\n|move|p2a: Darkrai|Night Shade|p1a: Naboe\n|-damage|p1a: Naboe|59\/100\n|\n|upkeep\n|turn|9\n|\n|t:|1700734574\n|move|p1a: Naboe|Icicle Spear|p2a: Darkrai\n|-damage|p2a: Darkrai|70\/100\n|-damage|p2a: Darkrai|39\/100\n|-damage|p2a: Darkrai|12\/100\n|-damage|p2a: Darkrai|0 fnt\n|faint|p2a: Darkrai\n|-hitcount|p2: Darkrai|4\n|\n|upkeep\n|c|\u2606LukeOfPoke1107|you toxic bitch\n|\n|t:|1700734595\n|switch|p2a: Hoopa|Hoopa-Unbound|100\/100\n|-activate|p2a: Hoopa|move: Sticky Web\n|-unboost|p2a: Hoopa|spe|1\n|turn|10\n|\n|t:|1700734603\n|move|p1a: Naboe|Icicle Spear|p2a: Hoopa\n|-damage|p2a: Hoopa|60\/100\n|-damage|p2a: Hoopa|19\/100\n|-damage|p2a: Hoopa|0 fnt\n|faint|p2a: Hoopa\n|-hitcount|p2: Hoopa|3\n|\n|upkeep\n|\n|t:|1700734610\n|switch|p2a: Zeraora|Zeraora|100\/100\n|-activate|p2a: Zeraora|move: Sticky Web\n|-unboost|p2a: Zeraora|spe|1\n|turn|11\n|\n|t:|1700734618\n|-terastallize|p2a: Zeraora|Ice\n|move|p1a: Naboe|Rock Blast|p2a: Zeraora|[miss]\n|-miss|p1a: Naboe|p2a: Zeraora\n|move|p2a: Zeraora|Plasma Fists|p1a: Naboe\n|-supereffective|p1a: Naboe\n|-damage|p1a: Naboe|0 fnt\n|-fieldactivate|move: Ion Deluge\n|-hint|Normal-type moves become Electric-type after using Plasma Fists.\n|faint|p1a: Naboe\n|\n|upkeep\n|\n|t:|1700734633\n|switch|p1a: Et\u00e9reo|Jirachi|78\/100\n|turn|12\n|\n|t:|1700734637\n|move|p1a: Et\u00e9reo|Iron Head|p2a: Zeraora\n|-supereffective|p2a: Zeraora\n|-damage|p2a: Zeraora|0 fnt\n|faint|p2a: Zeraora\n|\n|upkeep\n|\n|t:|1700734640\n|switch|p2a: Victini|Victini|79\/100\n|-activate|p2a: Victini|move: Sticky Web\n|-unboost|p2a: Victini|spe|1\n|turn|13\n|-message|LukeOfPoke1107 forfeited.\n|\n|win|Ethezo\n|raw|Ethezo's rating: 1121 &rarr; <strong>1140<\/strong><br \/>(+19 for winning)\n|raw|LukeOfPoke1107's rating: 1041 &rarr; <strong>1029<\/strong><br \/>(-12 for losing)\n|l|\u2606LukeOfPoke1107\n","uploadtime":1700734592,"views":1,"p1id":"ethezo","p2id":"lukeofpoke1107","formatid":"gen9nationaldexubers","rating":1029,"private":0,"password":""}