{"id":"gen9nationaldexubers-1996080093","p1":"Shitskrieg7","p2":"saintsaffier","format":"[Gen 9] National Dex Ubers","log":"|j|\u2606Shitskrieg7\n|j|\u2606saintsaffier\n|t:|1700640809\n|gametype|singles\n|player|p1|Shitskrieg7|ninjaboy|1148\n|player|p2|saintsaffier|mallow-masters|1305\n|teamsize|p1|6\n|teamsize|p2|6\n|gen|9\n|tier|[Gen 9] National Dex Ubers\n|rated|\n|rule|HP Percentage Mod: HP is shown in percentages\n|rule|Endless Battle Clause: Forcing endless battles is banned\n|rule|OHKO Clause: OHKO moves are banned\n|rule|Evasion Moves Clause: Evasion moves are banned\n|rule|Evasion Items Clause: Evasion items are banned\n|rule|Species Clause: Limit one of each Pok\u00e9mon\n|rule|Sleep Clause Mod: Limit one foe put to sleep\n|rule|Mega Rayquaza Clause: You cannot mega evolve Rayquaza\n|clearpoke\n|poke|p1|Xerneas-*|\n|poke|p1|Marshadow|\n|poke|p1|Groudon|\n|poke|p1|Deoxys-Speed|\n|poke|p1|Necrozma-Dusk-Mane|\n|poke|p1|Pheromosa|\n|poke|p2|Marshadow|\n|poke|p2|Shaymin-Sky|\n|poke|p2|Alomomola, F|\n|poke|p2|Regieleki|\n|poke|p2|Ho-Oh|\n|poke|p2|Kangaskhan, F|\n|teampreview\n|inactive|Battle timer is ON: inactive players will automatically lose when time's up. (requested by saintsaffier)\n|inactive|Shitskrieg7 also wants the timer to be on.\n|inactive|saintsaffier has 120 seconds left.\n|\n|t:|1700640848\n|start\n|switch|p1a: Deoxys|Deoxys-Speed, shiny|100\/100\n|switch|p2a: Kangaskhan|Kangaskhan, F|100\/100\n|-ability|p1a: Deoxys|Pressure\n|turn|1\n|\n|t:|1700640853\n|detailschange|p2a: Kangaskhan|Kangaskhan-Mega, F\n|-mega|p2a: Kangaskhan|Kangaskhan|Kangaskhanite\n|move|p2a: Kangaskhan|Fake Out|p1a: Deoxys\n|-damage|p1a: Deoxys|78\/100\n|-damage|p1a: Deoxys|72\/100\n|-hitcount|p1a: Deoxys|2\n|cant|p1a: Deoxys|flinch\n|\n|upkeep\n|turn|2\n|\n|t:|1700640868\n|move|p1a: Deoxys|Stealth Rock|p2a: Kangaskhan\n|-sidestart|p2: saintsaffier|move: Stealth Rock\n|move|p2a: Kangaskhan|Shadow Claw|p1a: Deoxys\n|-supereffective|p1a: Deoxys\n|-damage|p1a: Deoxys|16\/100\n|-supereffective|p1a: Deoxys\n|-damage|p1a: Deoxys|1\/100\n|-hitcount|p1a: Deoxys|2\n|\n|upkeep\n|turn|3\n|\n|t:|1700640878\n|move|p1a: Deoxys|Spikes|p2a: Kangaskhan\n|-sidestart|p2: saintsaffier|Spikes\n|move|p2a: Kangaskhan|Body Slam|p1a: Deoxys\n|-damage|p1a: Deoxys|0 fnt\n|faint|p1a: Deoxys\n|-hitcount|p1: Deoxys|1\n|\n|upkeep\n|\n|t:|1700640895\n|switch|p1a: Pheromosa|Pheromosa, shiny|100\/100\n|turn|4\n|\n|t:|1700640902\n|switch|p2a: H - Dawg|Ho-Oh|100\/100\n|-damage|p2a: H - Dawg|50\/100|[from] Stealth Rock\n|move|p1a: Pheromosa|Close Combat|p2a: H - Dawg\n|-resisted|p2a: H - Dawg\n|-damage|p2a: H - Dawg|25\/100\n|-unboost|p1a: Pheromosa|def|1\n|-unboost|p1a: Pheromosa|spd|1\n|-damage|p1a: Pheromosa|91\/100|[from] item: Life Orb\n|\n|-heal|p2a: H - Dawg|32\/100|[from] item: Leftovers\n|upkeep\n|turn|5\n|\n|t:|1700640909\n|move|p1a: Pheromosa|Taunt|p2a: H - Dawg\n|-start|p2a: H - Dawg|move: Taunt\n|cant|p2a: H - Dawg|move: Taunt|Defog\n|\n|-heal|p2a: H - Dawg|38\/100|[from] item: Leftovers\n|upkeep\n|turn|6\n|\n|t:|1700640918\n|move|p1a: Pheromosa|Ice Beam|p2a: H - Dawg\n|-damage|p2a: H - Dawg|17\/100\n|-damage|p1a: Pheromosa|81\/100|[from] item: Life Orb\n|move|p2a: H - Dawg|Sacred Fire|p1a: Pheromosa\n|-supereffective|p1a: Pheromosa\n|-damage|p1a: Pheromosa|0 fnt\n|faint|p1a: Pheromosa\n|\n|-heal|p2a: H - Dawg|23\/100|[from] item: Leftovers\n|upkeep\n|\n|t:|1700640937\n|switch|p1a: Xerneas|Xerneas|100\/100\n|-ability|p1a: Xerneas|Fairy Aura\n|turn|7\n|\n|t:|1700640946\n|move|p1a: Xerneas|Geomancy||[still]\n|-prepare|p1a: Xerneas|Geomancy\n|-enditem|p1a: Xerneas|Power Herb\n|-anim|p1a: Xerneas|Geomancy|p1a: Xerneas\n|-boost|p1a: Xerneas|spa|2\n|-boost|p1a: Xerneas|spd|2\n|-boost|p1a: Xerneas|spe|2\n|move|p2a: H - Dawg|Sacred Fire|p1a: Xerneas\n|-crit|p1a: Xerneas\n|-damage|p1a: Xerneas|43\/100\n|-status|p1a: Xerneas|brn\n|\n|-heal|p2a: H - Dawg|29\/100|[from] item: Leftovers\n|-damage|p1a: Xerneas|37\/100 brn|[from] brn\n|-end|p2a: H - Dawg|move: Taunt\n|upkeep\n|turn|8\n|\n|t:|1700640959\n|move|p1a: Xerneas|Moonblast|p2a: H - Dawg\n|-resisted|p2a: H - Dawg\n|-crit|p2a: H - Dawg\n|-damage|p2a: H - Dawg|0 fnt\n|faint|p2a: H - Dawg\n|\n|-damage|p1a: Xerneas|31\/100 brn|[from] brn\n|upkeep\n|\n|t:|1700640964\n|switch|p2a: Kangaskhan|Kangaskhan-Mega, F|100\/100\n|-damage|p2a: Kangaskhan|88\/100|[from] Stealth Rock\n|-damage|p2a: Kangaskhan|76\/100|[from] Spikes\n|turn|9\n|\n|t:|1700640967\n|move|p2a: Kangaskhan|Fake Out|p1a: Xerneas\n|-damage|p1a: Xerneas|14\/100 brn\n|-damage|p1a: Xerneas|10\/100 brn\n|-hitcount|p1a: Xerneas|2\n|cant|p1a: Xerneas|flinch\n|\n|-damage|p1a: Xerneas|4\/100 brn|[from] brn\n|upkeep\n|turn|10\n|\n|t:|1700640982\n|switch|p2a: A - Dawg|Alomomola, F, shiny|100\/100\n|-damage|p2a: A - Dawg|88\/100|[from] Stealth Rock\n|-damage|p2a: A - Dawg|76\/100|[from] Spikes\n|move|p1a: Xerneas|Moonblast|p2a: A - Dawg\n|-damage|p2a: A - Dawg|0 fnt\n|faint|p2a: A - Dawg\n|\n|-damage|p1a: Xerneas|0 fnt|[from] brn\n|faint|p1a: Xerneas\n|upkeep\n|\n|t:|1700640989\n|switch|p1a: Groudon|Groudon, shiny|100\/100\n|switch|p2a: R - Dawg|Regieleki|100\/100\n|-damage|p2a: R - Dawg|88\/100|[from] Stealth Rock\n|-damage|p2a: R - Dawg|76\/100|[from] Spikes\n|detailschange|p1a: Groudon|Groudon-Primal, shiny\n|-primal|p1a: Groudon|Red Orb\n|-weather|DesolateLand|[from] ability: Desolate Land|[of] p1a: Groudon\n|turn|11\n|\n|t:|1700641008\n|move|p2a: R - Dawg|Rapid Spin|p1a: Groudon\n|-damage|p1a: Groudon|93\/100\n|-boost|p2a: R - Dawg|spe|1\n|-sideend|p2: saintsaffier|Spikes|[from] move: Rapid Spin|[of] p2a: R - Dawg\n|-sideend|p2: saintsaffier|Stealth Rock|[from] move: Rapid Spin|[of] p2a: R - Dawg\n|move|p1a: Groudon|Rock Polish|p1a: Groudon\n|-boost|p1a: Groudon|spe|2\n|\n|-weather|DesolateLand|[upkeep]\n|upkeep\n|turn|12\n|\n|t:|1700641016\n|-terastallize|p2a: R - Dawg|Ice\n|move|p2a: R - Dawg|Tera Blast|p1a: Groudon|[anim] Tera Blast Ice\n|-damage|p1a: Groudon|55\/100\n|move|p1a: Groudon|Flamethrower|p2a: R - Dawg\n|-supereffective|p2a: R - Dawg\n|-damage|p2a: R - Dawg|0 fnt\n|faint|p2a: R - Dawg\n|\n|-weather|DesolateLand|[upkeep]\n|upkeep\n|\n|t:|1700641030\n|switch|p2a: M - Dawg|Marshadow|100\/100\n|turn|13\n|\n|t:|1700641034\n|move|p1a: Groudon|Flamethrower|p2a: M - Dawg\n|-enditem|p2a: M - Dawg|Focus Sash\n|-damage|p2a: M - Dawg|1\/100\n|move|p2a: M - Dawg|Spectral Thief||[still]\n|-clearpositiveboost|p1a: Groudon|p2a: M - Dawg|move: Spectral Thief\n|-boost|p2a: M - Dawg|spe|2\n|-anim|p2a: M - Dawg|Spectral Thief|p1a: Groudon\n|-damage|p1a: Groudon|22\/100\n|\n|-weather|DesolateLand|[upkeep]\n|upkeep\n|turn|14\n|\n|t:|1700641042\n|move|p2a: M - Dawg|Spectral Thief|p1a: Groudon\n|-damage|p1a: Groudon|0 fnt\n|faint|p1a: Groudon\n|-weather|none\n|\n|upkeep\n|\n|t:|1700641054\n|switch|p1a: Necrozma|Necrozma-Dusk-Mane, shiny|100\/100\n|turn|15\n|\n|t:|1700641062\n|move|p2a: M - Dawg|Spectral Thief|p1a: Necrozma\n|-supereffective|p1a: Necrozma\n|-damage|p1a: Necrozma|48\/100\n|move|p1a: Necrozma|Photon Geyser|p2a: M - Dawg\n|-supereffective|p2a: M - Dawg\n|-damage|p2a: M - Dawg|0 fnt\n|faint|p2a: M - Dawg\n|\n|upkeep\n|\n|t:|1700641070\n|switch|p2a: Kangaskhan|Kangaskhan-Mega, F|76\/100\n|turn|16\n|\n|t:|1700641082\n|move|p2a: Kangaskhan|Shadow Claw|p1a: Necrozma\n|-supereffective|p1a: Necrozma\n|-damage|p1a: Necrozma|21\/100\n|-supereffective|p1a: Necrozma\n|-damage|p1a: Necrozma|15\/100\n|-hitcount|p1a: Necrozma|2\n|move|p1a: Necrozma|Dragon Dance|p1a: Necrozma\n|-boost|p1a: Necrozma|atk|1\n|-boost|p1a: Necrozma|spe|1\n|\n|upkeep\n|turn|17\n|\n|t:|1700641093\n|detailschange|p1a: Necrozma|Necrozma-Ultra, shiny\n|-burst|p1a: Necrozma|Necrozma|Ultranecrozium Z\n|move|p1a: Necrozma|Photon Geyser|p2a: Kangaskhan\n|-damage|p2a: Kangaskhan|0 fnt\n|faint|p2a: Kangaskhan\n|\n|upkeep\n|\n|t:|1700641100\n|switch|p2a: S - Dawg|Shaymin-Sky, shiny|100\/100\n|turn|18\n|\n|t:|1700641109\n|-zpower|p1a: Necrozma\n|move|p1a: Necrozma|Light That Burns the Sky|p2a: S - Dawg|[zeffect]\n|-damage|p2a: S - Dawg|0 fnt\n|faint|p2a: S - Dawg\n|\n|win|Shitskrieg7\n|raw|Shitskrieg7's rating: 1148 &rarr; <strong>1184<\/strong><br \/>(+36 for winning)\n|raw|saintsaffier's rating: 1305 &rarr; <strong>1277<\/strong><br \/>(-28 for losing)\n","uploadtime":1700641112,"views":0,"p1id":"shitskrieg7","p2id":"saintsaffier","formatid":"gen9nationaldexubers","rating":1184,"private":0,"password":""}