{"id":"gen9nationaldexubers-1987499400","p1":"DeparKS","p2":"G_egg177","format":"[Gen 9] National Dex Ubers","log":"|j|\u2606DeparKS\n|j|\u2606G_egg177\n|t:|1699602093\n|gametype|singles\n|player|p1|DeparKS|unknown|1059\n|player|p2|G_egg177|red|1062\n|teamsize|p1|6\n|teamsize|p2|6\n|gen|9\n|tier|[Gen 9] National Dex Ubers\n|rated|\n|rule|HP Percentage Mod: HP is shown in percentages\n|rule|Endless Battle Clause: Forcing endless battles is banned\n|rule|OHKO Clause: OHKO moves are banned\n|rule|Evasion Moves Clause: Evasion moves are banned\n|rule|Evasion Items Clause: Evasion items are banned\n|rule|Species Clause: Limit one of each Pok\u00e9mon\n|rule|Sleep Clause Mod: Limit one foe put to sleep\n|rule|Mega Rayquaza Clause: You cannot mega evolve Rayquaza\n|clearpoke\n|poke|p1|Ribombee, F|\n|poke|p1|Jirachi|\n|poke|p1|Blissey, F|\n|poke|p1|Shaymin-Sky|\n|poke|p1|Pelipper, M|\n|poke|p1|Ho-Oh|\n|poke|p2|Pikachu, F|\n|poke|p2|Venusaur, M|\n|poke|p2|Blastoise, F|\n|poke|p2|Charizard, M|\n|poke|p2|Snorlax, M|\n|poke|p2|Mewtwo|\n|teampreview\n|inactive|Battle timer is ON: inactive players will automatically lose when time's up. (requested by G_egg177)\n|inactive|DeparKS also wants the timer to be on.\n|\n|t:|1699602106\n|start\n|switch|p1a: Pelipper|Pelipper, M|100\/100\n|switch|p2a: Blastoise|Blastoise, F|100\/100\n|-weather|RainDance|[from] ability: Drizzle|[of] p1a: Pelipper\n|turn|1\n|\n|t:|1699602120\n|move|p2a: Blastoise|Shell Smash|p2a: Blastoise\n|-unboost|p2a: Blastoise|def|1\n|-unboost|p2a: Blastoise|spd|1\n|-boost|p2a: Blastoise|atk|2\n|-boost|p2a: Blastoise|spa|2\n|-boost|p2a: Blastoise|spe|2\n|move|p1a: Pelipper|U-turn|p2a: Blastoise\n|-damage|p2a: Blastoise|86\/100\n|\n|t:|1699602124\n|switch|p1a: Ribombee|Ribombee, F|100\/100|[from] U-turn\n|\n|-weather|RainDance|[upkeep]\n|upkeep\n|turn|2\n|\n|t:|1699602132\n|move|p2a: Blastoise|Waterfall|p1a: Ribombee\n|-enditem|p1a: Ribombee|Focus Sash\n|-damage|p1a: Ribombee|1\/100\n|move|p1a: Ribombee|Stun Spore|p2a: Blastoise\n|-status|p2a: Blastoise|par\n|\n|-weather|RainDance|[upkeep]\n|upkeep\n|turn|3\n|\n|t:|1699602140\n|move|p1a: Ribombee|Sticky Web|p2a: Blastoise\n|-sidestart|p2: G_egg177|move: Sticky Web\n|move|p2a: Blastoise|Waterfall|p1a: Ribombee\n|-crit|p1a: Ribombee\n|-damage|p1a: Ribombee|0 fnt\n|faint|p1a: Ribombee\n|\n|-weather|RainDance|[upkeep]\n|upkeep\n|\n|t:|1699602153\n|switch|p1a: Shaymin|Shaymin-Sky|100\/100\n|turn|4\n|\n|t:|1699602164\n|move|p1a: Shaymin|Air Slash|p2a: Blastoise\n|-damage|p2a: Blastoise|24\/100 par\n|cant|p2a: Blastoise|flinch\n|\n|-weather|RainDance|[upkeep]\n|upkeep\n|turn|5\n|\n|t:|1699602173\n|move|p1a: Shaymin|Air Slash|p2a: Blastoise\n|-damage|p2a: Blastoise|0 fnt\n|faint|p2a: Blastoise\n|\n|-weather|RainDance|[upkeep]\n|upkeep\n|c|\u2606G_egg177|you goddamn ni99aer person\n|inactive|G_egg177 has 120 seconds left.\n|\n|t:|1699602208\n|switch|p2a: Snorlax|Snorlax, M|100\/100\n|-activate|p2a: Snorlax|move: Sticky Web\n|-unboost|p2a: Snorlax|spe|1\n|turn|6\n|inactive|G_egg177 has 120 seconds left.\n|c|\u2606DeparKS|LOL\n|\n|t:|1699602220\n|switch|p1a: Yharon|Ho-Oh|100\/100\n|move|p2a: Snorlax|Facade|p1a: Yharon\n|-damage|p1a: Yharon|66\/100\n|\n|-weather|RainDance|[upkeep]\n|-status|p2a: Snorlax|brn|[from] item: Flame Orb\n|upkeep\n|turn|7\n|\n|t:|1699602231\n|move|p1a: Yharon|Brave Bird|p2a: Snorlax\n|-damage|p2a: Snorlax|41\/100 brn\n|-damage|p1a: Yharon|45\/100|[from] Recoil\n|move|p2a: Snorlax|Facade|p1a: Yharon\n|-damage|p1a: Yharon|0 fnt\n|faint|p1a: Yharon\n|\n|-weather|RainDance|[upkeep]\n|-damage|p2a: Snorlax|35\/100 brn|[from] brn\n|upkeep\n|\n|t:|1699602241\n|switch|p1a: Jirachi|Jirachi|100\/100\n|turn|8\n|\n|t:|1699602250\n|move|p1a: Jirachi|Ancient Power|p2a: Snorlax\n|-damage|p2a: Snorlax|27\/100 brn\n|-boost|p1a: Jirachi|atk|1\n|-boost|p1a: Jirachi|def|1\n|-boost|p1a: Jirachi|spa|1\n|-boost|p1a: Jirachi|spd|1\n|-boost|p1a: Jirachi|spe|1\n|move|p2a: Snorlax|Darkest Lariat|p1a: Jirachi\n|-supereffective|p1a: Jirachi\n|-damage|p1a: Jirachi|74\/100\n|\n|-weather|none\n|-damage|p2a: Snorlax|20\/100 brn|[from] brn\n|upkeep\n|turn|9\n|\n|t:|1699602262\n|move|p1a: Jirachi|Iron Head|p2a: Snorlax\n|-damage|p2a: Snorlax|0 fnt\n|faint|p2a: Snorlax\n|\n|upkeep\n|\n|t:|1699602267\n|switch|p2a: Charizard|Charizard, M|100\/100\n|turn|10\n|\n|t:|1699602275\n|-terastallize|p1a: Jirachi|Flying\n|move|p1a: Jirachi|Ancient Power|p2a: Charizard\n|-supereffective|p2a: Charizard\n|-damage|p2a: Charizard|0 fnt\n|faint|p2a: Charizard\n|\n|upkeep\n|\n|t:|1699602289\n|switch|p2a: Mewtwo|Mewtwo|100\/100\n|-activate|p2a: Mewtwo|move: Sticky Web\n|-unboost|p2a: Mewtwo|spe|1\n|-ability|p2a: Mewtwo|Pressure\n|turn|11\n|\n|t:|1699602296\n|move|p1a: Jirachi|Iron Head|p2a: Mewtwo\n|-damage|p2a: Mewtwo|44\/100\n|cant|p2a: Mewtwo|flinch\n|\n|upkeep\n|turn|12\n|-message|G_egg177 forfeited.\n|\n|win|DeparKS\n|raw|DeparKS's rating: 1059 &rarr; <strong>1090<\/strong><br \/>(+31 for winning)\n|raw|G_egg177's rating: 1062 &rarr; <strong>1043<\/strong><br \/>(-19 for losing)\n|l|\u2606G_egg177\n","uploadtime":1699602191,"views":6,"p1id":"deparks","p2id":"gegg177","formatid":"gen9nationaldexubers","rating":1043,"private":0,"password":""}