{"id":"gen9nationaldexubers-1988702257","p1":"CorajosoKK","p2":"Traygor","format":"[Gen 9] National Dex Ubers","log":"|j|\u2606CorajosoKK\n|j|\u2606Traygor\n|t:|1699752516\n|gametype|singles\n|player|p1|CorajosoKK|richboy|1027\n|player|p2|Traygor|265|1000\n|teamsize|p1|6\n|teamsize|p2|6\n|gen|9\n|tier|[Gen 9] National Dex Ubers\n|rated|\n|rule|HP Percentage Mod: HP is shown in percentages\n|rule|Endless Battle Clause: Forcing endless battles is banned\n|rule|OHKO Clause: OHKO moves are banned\n|rule|Evasion Moves Clause: Evasion moves are banned\n|rule|Evasion Items Clause: Evasion items are banned\n|rule|Species Clause: Limit one of each Pok\u00e9mon\n|rule|Sleep Clause Mod: Limit one foe put to sleep\n|rule|Mega Rayquaza Clause: You cannot mega evolve Rayquaza\n|clearpoke\n|poke|p1|Shuckle, F|\n|poke|p1|Dracovish|\n|poke|p1|Grimmsnarl, M|\n|poke|p1|Mimikyu, F|\n|poke|p1|Darmanitan-Galar, F|\n|poke|p1|Inteleon, M|\n|poke|p2|Volcarona, F|\n|poke|p2|Slither Wing|\n|poke|p2|Frosmoth, M|\n|poke|p2|Leavanny, M|\n|poke|p2|Centiskorch, M|\n|poke|p2|Scizor, F|\n|teampreview\n|\n|t:|1699752521\n|start\n|switch|p1a: Shuckle|Shuckle, F|100\/100\n|switch|p2a: Leavanny|Leavanny, M|100\/100\n|turn|1\n|\n|t:|1699752531\n|move|p2a: Leavanny|Sticky Web|p1a: Shuckle\n|-sidestart|p1: CorajosoKK|move: Sticky Web\n|move|p1a: Shuckle|Sticky Web|p2a: Leavanny\n|-sidestart|p2: Traygor|move: Sticky Web\n|\n|upkeep\n|turn|2\n|\n|t:|1699752536\n|move|p2a: Leavanny|Swords Dance|p2a: Leavanny\n|-boost|p2a: Leavanny|atk|2\n|move|p1a: Shuckle|Stealth Rock|p2a: Leavanny\n|-sidestart|p2: Traygor|move: Stealth Rock\n|\n|upkeep\n|turn|3\n|\n|t:|1699752542\n|move|p2a: Leavanny|Swords Dance|p2a: Leavanny\n|-boost|p2a: Leavanny|atk|2\n|move|p1a: Shuckle|Encore|p2a: Leavanny\n|-start|p2a: Leavanny|Encore\n|\n|upkeep\n|turn|4\n|\n|t:|1699752549\n|move|p2a: Leavanny|Swords Dance|p2a: Leavanny\n|-boost|p2a: Leavanny|atk|2\n|move|p1a: Shuckle|Toxic|p2a: Leavanny\n|-status|p2a: Leavanny|tox\n|\n|-damage|p2a: Leavanny|94\/100 tox|[from] psn\n|upkeep\n|turn|5\n|\n|t:|1699752567\n|move|p2a: Leavanny|Swords Dance|p2a: Leavanny\n|-boost|p2a: Leavanny|atk|0\n|move|p1a: Shuckle|Encore||[still]\n|-fail|p1a: Shuckle\n|\n|-heal|p2a: Leavanny|100\/100 tox|[from] item: Leftovers\n|-damage|p2a: Leavanny|88\/100 tox|[from] psn\n|upkeep\n|turn|6\n|\n|t:|1699752579\n|move|p2a: Leavanny|Swords Dance|p2a: Leavanny\n|-boost|p2a: Leavanny|atk|0\n|move|p1a: Shuckle|Encore||[still]\n|-fail|p1a: Shuckle\n|\n|-heal|p2a: Leavanny|94\/100 tox|[from] item: Leftovers\n|-damage|p2a: Leavanny|76\/100 tox|[from] psn\n|-end|p2a: Leavanny|Encore\n|upkeep\n|turn|7\n|\n|t:|1699752595\n|move|p2a: Leavanny|Knock Off|p1a: Shuckle\n|-damage|p1a: Shuckle|18\/100\n|-enditem|p1a: Shuckle|Mental Herb|[from] move: Knock Off|[of] p2a: Leavanny\n|move|p1a: Shuckle|Encore|p2a: Leavanny\n|-start|p2a: Leavanny|Encore\n|\n|-heal|p2a: Leavanny|82\/100 tox|[from] item: Leftovers\n|-damage|p2a: Leavanny|57\/100 tox|[from] psn\n|upkeep\n|turn|8\n|\n|t:|1699752615\n|switch|p1a: Darmanitan|Darmanitan-Galar, F|100\/100\n|-activate|p1a: Darmanitan|move: Sticky Web\n|-unboost|p1a: Darmanitan|spe|1\n|move|p2a: Leavanny|Knock Off|p1a: Darmanitan\n|-damage|p1a: Darmanitan|0 fnt\n|-enditem|p1a: Darmanitan|Choice Band|[from] move: Knock Off|[of] p2a: Leavanny\n|faint|p1a: Darmanitan\n|\n|-heal|p2a: Leavanny|64\/100 tox|[from] item: Leftovers\n|-damage|p2a: Leavanny|33\/100 tox|[from] psn\n|upkeep\n|\n|t:|1699752629\n|switch|p1a: Dracovish|Dracovish, shiny|100\/100\n|-activate|p1a: Dracovish|move: Sticky Web\n|-unboost|p1a: Dracovish|spe|1\n|turn|9\n|\n|t:|1699752644\n|move|p2a: Leavanny|Knock Off|p1a: Dracovish\n|-damage|p1a: Dracovish|0 fnt\n|-enditem|p1a: Dracovish|Choice Band|[from] move: Knock Off|[of] p2a: Leavanny\n|faint|p1a: Dracovish\n|\n|-heal|p2a: Leavanny|39\/100 tox|[from] item: Leftovers\n|-damage|p2a: Leavanny|2\/100 tox|[from] psn\n|upkeep\n|\n|t:|1699752655\n|switch|p1a: Shuckle|Shuckle, F|18\/100\n|-activate|p1a: Shuckle|move: Sticky Web\n|-unboost|p1a: Shuckle|spe|1\n|turn|10\n|\n|t:|1699752661\n|move|p2a: Leavanny|Knock Off|p1a: Shuckle\n|-crit|p1a: Shuckle\n|-damage|p1a: Shuckle|0 fnt\n|faint|p1a: Shuckle\n|\n|-heal|p2a: Leavanny|8\/100 tox|[from] item: Leftovers\n|-damage|p2a: Leavanny|0 fnt|[from] psn\n|faint|p2a: Leavanny\n|upkeep\n|\n|t:|1699752673\n|switch|p2a: Scizor|Scizor, F|100\/100\n|switch|p1a: Grimmsnarl|Grimmsnarl, M|100\/100\n|-activate|p2a: Scizor|move: Sticky Web\n|-unboost|p2a: Scizor|spe|1\n|-damage|p2a: Scizor|88\/100|[from] Stealth Rock\n|-activate|p1a: Grimmsnarl|move: Sticky Web\n|-unboost|p1a: Grimmsnarl|spe|1\n|turn|11\n|\n|t:|1699752688\n|detailschange|p2a: Scizor|Scizor-Mega, F\n|-mega|p2a: Scizor|Scizor|Scizorite\n|move|p2a: Scizor|Bullet Punch|p1a: Grimmsnarl\n|-supereffective|p1a: Grimmsnarl\n|-damage|p1a: Grimmsnarl|38\/100\n|move|p1a: Grimmsnarl|Reflect|p1a: Grimmsnarl\n|-sidestart|p1: CorajosoKK|Reflect\n|\n|upkeep\n|turn|12\n|\n|t:|1699752695\n|move|p1a: Grimmsnarl|Light Screen|p1a: Grimmsnarl\n|-sidestart|p1: CorajosoKK|move: Light Screen\n|move|p2a: Scizor|Swords Dance|p2a: Scizor\n|-boost|p2a: Scizor|atk|2\n|\n|upkeep\n|turn|13\n|\n|t:|1699752701\n|move|p1a: Grimmsnarl|Taunt|p2a: Scizor\n|-start|p2a: Scizor|move: Taunt\n|cant|p2a: Scizor|move: Taunt|Swords Dance\n|\n|upkeep\n|turn|14\n|\n|t:|1699752707\n|move|p2a: Scizor|Bullet Punch|p1a: Grimmsnarl\n|-supereffective|p1a: Grimmsnarl\n|-damage|p1a: Grimmsnarl|0 fnt\n|faint|p1a: Grimmsnarl\n|\n|upkeep\n|\n|t:|1699752720\n|switch|p1a: Inteleon|Inteleon, M|100\/100\n|-activate|p1a: Inteleon|move: Sticky Web\n|-unboost|p1a: Inteleon|spe|1\n|turn|15\n|-activate|p1a: Inteleon|item: Quick Claw\n|\n|t:|1699752731\n|move|p2a: Scizor|Bullet Punch|p1a: Inteleon\n|-resisted|p1a: Inteleon\n|-crit|p1a: Inteleon\n|-damage|p1a: Inteleon|4\/100\n|move|p1a: Inteleon|Ice Beam|p2a: Scizor\n|-resisted|p2a: Scizor\n|-damage|p2a: Scizor|71\/100\n|\n|-end|p2a: Scizor|move: Taunt\n|upkeep\n|turn|16\n|\n|t:|1699752743\n|move|p1a: Inteleon|Surf|p2a: Scizor\n|-damage|p2a: Scizor|0 fnt\n|faint|p2a: Scizor\n|\n|upkeep\n|\n|t:|1699752749\n|switch|p2a: Slither Wing|Slither Wing|100\/100\n|-activate|p2a: Slither Wing|move: Sticky Web\n|-unboost|p2a: Slither Wing|spe|1\n|-damage|p2a: Slither Wing|88\/100|[from] Stealth Rock\n|turn|17\n|-activate|p1a: Inteleon|item: Quick Claw\n|\n|t:|1699752760\n|move|p1a: Inteleon|Surf|p2a: Slither Wing\n|-damage|p2a: Slither Wing|20\/100\n|move|p2a: Slither Wing|Bulk Up|p2a: Slither Wing\n|-boost|p2a: Slither Wing|atk|1\n|-boost|p2a: Slither Wing|def|1\n|\n|-heal|p2a: Slither Wing|26\/100|[from] item: Leftovers\n|upkeep\n|turn|18\n|\n|t:|1699752771\n|move|p1a: Inteleon|Surf|p2a: Slither Wing\n|-damage|p2a: Slither Wing|0 fnt\n|faint|p2a: Slither Wing\n|-end|p2a: Slither Wing|Protosynthesis|[silent]\n|\n|-sideend|p1: CorajosoKK|Reflect\n|upkeep\n|\n|t:|1699752776\n|switch|p2a: Frosmoth|Frosmoth, M|100\/100\n|-activate|p2a: Frosmoth|move: Sticky Web\n|-unboost|p2a: Frosmoth|spe|1\n|-damage|p2a: Frosmoth|50\/100|[from] Stealth Rock\n|turn|19\n|\n|t:|1699752785\n|move|p1a: Inteleon|Surf|p2a: Frosmoth\n|-damage|p2a: Frosmoth|3\/100\n|move|p2a: Frosmoth|Giga Drain|p1a: Inteleon\n|-supereffective|p1a: Inteleon\n|-damage|p1a: Inteleon|0 fnt\n|-heal|p2a: Frosmoth|5\/100|[from] drain|[of] p1a: Inteleon\n|faint|p1a: Inteleon\n|\n|-heal|p2a: Frosmoth|11\/100|[from] item: Leftovers\n|-sideend|p1: CorajosoKK|move: Light Screen\n|upkeep\n|\n|t:|1699752796\n|switch|p1a: Mimikyu|Mimikyu, F, shiny|100\/100\n|-activate|p1a: Mimikyu|move: Sticky Web\n|-unboost|p1a: Mimikyu|spe|1\n|turn|20\n|\n|t:|1699752808\n|move|p1a: Mimikyu|Shadow Claw|p2a: Frosmoth\n|-damage|p2a: Frosmoth|0 fnt\n|faint|p2a: Frosmoth\n|\n|upkeep\n|\n|t:|1699752813\n|switch|p2a: Centiskorch|Centiskorch, M, shiny|100\/100\n|-activate|p2a: Centiskorch|move: Sticky Web\n|-unboost|p2a: Centiskorch|spe|1\n|-damage|p2a: Centiskorch|50\/100|[from] Stealth Rock\n|turn|21\n|\n|t:|1699752822\n|move|p1a: Mimikyu|Swords Dance|p1a: Mimikyu\n|-boost|p1a: Mimikyu|atk|2\n|move|p2a: Centiskorch|Coil|p2a: Centiskorch\n|-boost|p2a: Centiskorch|atk|1\n|-boost|p2a: Centiskorch|def|1\n|-boost|p2a: Centiskorch|accuracy|1\n|\n|-heal|p2a: Centiskorch|57\/100|[from] item: Leftovers\n|upkeep\n|turn|22\n|\n|t:|1699752835\n|move|p1a: Mimikyu|Shadow Claw|p2a: Centiskorch\n|-damage|p2a: Centiskorch|3\/100\n|move|p2a: Centiskorch|Leech Life|p1a: Mimikyu\n|-activate|p1a: Mimikyu|ability: Disguise\n|-damage|p1a: Mimikyu|100\/100\n|detailschange|p1a: Mimikyu|Mimikyu-Busted, F, shiny\n|-damage|p1a: Mimikyu|88\/100|[from] pokemon: Mimikyu-Busted\n|\n|-heal|p2a: Centiskorch|9\/100|[from] item: Leftovers\n|upkeep\n|turn|23\n|\n|t:|1699752847\n|move|p1a: Mimikyu|Shadow Claw|p2a: Centiskorch\n|-damage|p2a: Centiskorch|0 fnt\n|faint|p2a: Centiskorch\n|\n|upkeep\n|\n|t:|1699752851\n|switch|p2a: Volcarona|Volcarona, F|100\/100\n|-activate|p2a: Volcarona|move: Sticky Web\n|-unboost|p2a: Volcarona|spe|1\n|-damage|p2a: Volcarona|50\/100|[from] Stealth Rock\n|turn|24\n|\n|t:|1699752862\n|-zpower|p1a: Mimikyu\n|move|p1a: Mimikyu|Let's Snuggle Forever|p2a: Volcarona|[zeffect]\n|-resisted|p2a: Volcarona\n|-damage|p2a: Volcarona|0 fnt\n|faint|p2a: Volcarona\n|\n|win|CorajosoKK\n|raw|CorajosoKK's rating: 1027 &rarr; <strong>1060<\/strong><br \/>(+33 for winning)\n|raw|Traygor's rating: 1000 &rarr; <strong>1000<\/strong><br \/>(+0 for losing)\n|l|\u2606Traygor\n","uploadtime":1699752883,"views":7,"p1id":"corajosokk","p2id":"traygor","formatid":"gen9nationaldexubers","rating":1000,"private":0,"password":""}