{"id":"gen9nationaldexubers-1988649431","p1":"Sussymatd","p2":"Brittain1998","format":"[Gen 9] National Dex Ubers","log":"|j|\u2606Sussymatd\n|j|\u2606Brittain1998\n|t:|1699746156\n|gametype|singles\n|player|p1|Sussymatd|steven|\n|player|p2|Brittain1998|101|\n|teamsize|p1|4\n|teamsize|p2|4\n|gen|9\n|tier|[Gen 9] National Dex Ubers\n|rule|HP Percentage Mod: HP is shown in percentages\n|rule|Endless Battle Clause: Forcing endless battles is banned\n|rule|OHKO Clause: OHKO moves are banned\n|rule|Evasion Moves Clause: Evasion moves are banned\n|rule|Evasion Items Clause: Evasion items are banned\n|rule|Species Clause: Limit one of each Pok\u00e9mon\n|rule|Sleep Clause Mod: Limit one foe put to sleep\n|rule|Mega Rayquaza Clause: You cannot mega evolve Rayquaza\n|clearpoke\n|poke|p1|Mawile, M|\n|poke|p1|Greninja-*, F|\n|poke|p1|Zoroark-Hisui, F|\n|poke|p1|Gliscor, F|\n|poke|p2|Chandelure, F|\n|poke|p2|Mimikyu, F|\n|poke|p2|Aegislash, M|\n|poke|p2|Dragapult, F|\n|teampreview\n|c|\u2606Brittain1998|Same start?\n|c|\u2606Sussymatd|Gliscor again\n|c|\u2606Brittain1998|okay\n|\n|t:|1699746168\n|start\n|switch|p1a: Gliscor|Gliscor, F|100\/100\n|switch|p2a: Aegislash|Aegislash, M, shiny|100\/100\n|turn|1\n|\n|t:|1699746177\n|move|p2a: Aegislash|King's Shield|p2a: Aegislash\n|-singleturn|p2a: Aegislash|Protect\n|move|p1a: Gliscor|Knock Off|p2a: Aegislash\n|-activate|p2a: Aegislash|move: Protect\n|-unboost|p1a: Gliscor|atk|1\n|\n|-status|p1a: Gliscor|tox|[from] item: Toxic Orb\n|upkeep\n|turn|2\n|\n|t:|1699746186\n|move|p1a: Gliscor|Knock Off|p2a: Aegislash\n|-supereffective|p2a: Aegislash\n|-damage|p2a: Aegislash|68\/100\n|-enditem|p2a: Aegislash|Iron Ball|[from] move: Knock Off|[of] p1a: Gliscor\n|-formechange|p2a: Aegislash|Aegislash-Blade||[from] ability: Stance Change\n|move|p2a: Aegislash|Shadow Ball|p1a: Gliscor\n|-damage|p1a: Gliscor|51\/100 tox\n|-unboost|p1a: Gliscor|spd|1\n|\n|-heal|p1a: Gliscor|63\/100 tox|[from] ability: Poison Heal\n|upkeep\n|turn|3\n|c|\u2606Sussymatd|unfortunate\n|\n|t:|1699746215\n|switch|p2a: Mimikyu|Mimikyu, F, shiny|100\/100\n|move|p1a: Gliscor|Earthquake|p2a: Mimikyu\n|-activate|p2a: Mimikyu|ability: Disguise\n|-damage|p2a: Mimikyu|100\/100\n|detailschange|p2a: Mimikyu|Mimikyu-Busted, F, shiny\n|-damage|p2a: Mimikyu|88\/100|[from] pokemon: Mimikyu-Busted\n|\n|-heal|p1a: Gliscor|76\/100 tox|[from] ability: Poison Heal\n|upkeep\n|turn|4\n|\n|t:|1699746241\n|move|p2a: Mimikyu|Drain Punch|p1a: Gliscor\n|-resisted|p1a: Gliscor\n|-crit|p1a: Gliscor\n|-damage|p1a: Gliscor|58\/100 tox\n|-heal|p2a: Mimikyu|99\/100|[from] drain|[of] p1a: Gliscor\n|-damage|p2a: Mimikyu|90\/100|[from] item: Life Orb\n|move|p1a: Gliscor|Knock Off|p2a: Mimikyu\n|-damage|p2a: Mimikyu|59\/100\n|-enditem|p2a: Mimikyu|Life Orb|[from] move: Knock Off|[of] p1a: Gliscor\n|\n|-heal|p1a: Gliscor|70\/100 tox|[from] ability: Poison Heal\n|upkeep\n|turn|5\n|\n|t:|1699746256\n|move|p2a: Mimikyu|Play Rough|p1a: Gliscor\n|-damage|p1a: Gliscor|35\/100 tox\n|move|p1a: Gliscor|Dual Wingbeat|p2a: Mimikyu\n|-damage|p2a: Mimikyu|38\/100\n|-damage|p2a: Mimikyu|16\/100\n|-hitcount|p2a: Mimikyu|2\n|\n|-heal|p1a: Gliscor|48\/100 tox|[from] ability: Poison Heal\n|upkeep\n|turn|6\n|\n|t:|1699746265\n|move|p2a: Mimikyu|Play Rough|p1a: Gliscor\n|-damage|p1a: Gliscor|14\/100 tox\n|move|p1a: Gliscor|Roost|p1a: Gliscor\n|-heal|p1a: Gliscor|64\/100 tox\n|-singleturn|p1a: Gliscor|move: Roost\n|\n|-heal|p1a: Gliscor|76\/100 tox|[from] ability: Poison Heal\n|upkeep\n|turn|7\n|\n|t:|1699746276\n|move|p2a: Mimikyu|Drain Punch|p1a: Gliscor\n|-resisted|p1a: Gliscor\n|-damage|p1a: Gliscor|68\/100 tox\n|-heal|p2a: Mimikyu|22\/100|[from] drain|[of] p1a: Gliscor\n|move|p1a: Gliscor|Dual Wingbeat|p2a: Mimikyu\n|-damage|p2a: Mimikyu|2\/100\n|-damage|p2a: Mimikyu|0 fnt\n|faint|p2a: Mimikyu\n|-hitcount|p2: Mimikyu|2\n|\n|-heal|p1a: Gliscor|80\/100 tox|[from] ability: Poison Heal\n|upkeep\n|\n|t:|1699746296\n|switch|p2a: Chandelure|Chandelure, F, shiny|100\/100\n|turn|8\n|\n|t:|1699746307\n|move|p2a: Chandelure|Trick|p1a: Gliscor\n|-activate|p2a: Chandelure|move: Trick|[of] p1a: Gliscor\n|-item|p1a: Gliscor|Choice Scarf|[from] move: Trick\n|-item|p2a: Chandelure|Toxic Orb|[from] move: Trick\n|move|p1a: Gliscor|Earthquake|p2a: Chandelure\n|-supereffective|p2a: Chandelure\n|-damage|p2a: Chandelure|17\/100\n|\n|-heal|p1a: Gliscor|92\/100 tox|[from] ability: Poison Heal\n|-status|p2a: Chandelure|tox|[from] item: Toxic Orb\n|upkeep\n|turn|9\n|\n|t:|1699746330\n|switch|p2a: Aegislash|Aegislash, M, shiny|68\/100\n|move|p1a: Gliscor|Earthquake|p2a: Aegislash\n|-supereffective|p2a: Aegislash\n|-damage|p2a: Aegislash|16\/100\n|\n|-heal|p1a: Gliscor|100\/100 tox|[from] ability: Poison Heal\n|upkeep\n|turn|10\n|\n|t:|1699746341\n|move|p1a: Gliscor|Earthquake|p2a: Aegislash\n|-supereffective|p2a: Aegislash\n|-damage|p2a: Aegislash|0 fnt\n|faint|p2a: Aegislash\n|\n|upkeep\n|\n|t:|1699746344\n|switch|p2a: Dragapult|Dragapult, F, shiny|100\/100\n|turn|11\n|\n|t:|1699746348\n|move|p2a: Dragapult|Dragon Dance|p2a: Dragapult\n|-boost|p2a: Dragapult|atk|1\n|-boost|p2a: Dragapult|spe|1\n|move|p1a: Gliscor|Earthquake|p2a: Dragapult\n|-damage|p2a: Dragapult|52\/100\n|\n|upkeep\n|turn|12\n|\n|t:|1699746364\n|move|p2a: Dragapult|Phantom Force||[still]\n|-prepare|p2a: Dragapult|Phantom Force\n|move|p1a: Gliscor|Earthquake|p2a: Dragapult|[miss]\n|-miss|p1a: Gliscor|p2a: Dragapult\n|\n|upkeep\n|turn|13\n|\n|t:|1699746369\n|switch|p1a: Greninja|Greninja, F|100\/100\n|move|p2a: Dragapult|Phantom Force|p1a: Greninja|[from]lockedmove\n|-immune|p1a: Greninja\n|\n|upkeep\n|turn|14\n|\n|t:|1699746382\n|move|p2a: Dragapult|Dragon Darts|p1a: Greninja\n|-damage|p1a: Greninja|9\/100\n|replace|p1a: Zoroark|Zoroark-Hisui, F\n|-end|p1a: Zoroark|Illusion\n|-anim|p2a: Dragapult|Dragon Darts|p1a: Zoroark\n|-damage|p1a: Zoroark|0 fnt\n|faint|p1a: Zoroark\n|\n|upkeep\n|\n|t:|1699746390\n|switch|p1a: Mawile|Mawile, M|100\/100\n|turn|15\n|\n|t:|1699746400\n|detailschange|p1a: Mawile|Mawile-Mega, M\n|-mega|p1a: Mawile|Mawile|Mawilite\n|move|p2a: Dragapult|Flamethrower|p1a: Mawile\n|-supereffective|p1a: Mawile\n|-crit|p1a: Mawile\n|-damage|p1a: Mawile|21\/100\n|move|p1a: Mawile|Swords Dance|p1a: Mawile\n|-boost|p1a: Mawile|atk|2\n|\n|upkeep\n|turn|16\n|\n|t:|1699746407\n|move|p1a: Mawile|Sucker Punch|p2a: Dragapult\n|-supereffective|p2a: Dragapult\n|-damage|p2a: Dragapult|0 fnt\n|faint|p2a: Dragapult\n|\n|upkeep\n|\n|t:|1699746411\n|switch|p2a: Chandelure|Chandelure, F, shiny|17\/100 tox\n|turn|17\n|\n|t:|1699746414\n|move|p1a: Mawile|Sucker Punch|p2a: Chandelure\n|-supereffective|p2a: Chandelure\n|-damage|p2a: Chandelure|0 fnt\n|faint|p2a: Chandelure\n|\n|win|Sussymatd\n|c|\u2606Brittain1998|gg\n|c|\u2606Sussymatd|ggs\n|l|\u2606Brittain1998\n","uploadtime":1699746429,"views":24,"p1id":"sussymatd","p2id":"brittain1998","formatid":"gen9nationaldexubers","rating":0,"private":0,"password":""}