{"id":"gen9nationaldexubers-1978402935","p1":"Malice Incarnate","p2":"85792195wwww","format":"[Gen 9] National Dex Ubers","log":"|j|\u2606Malice Incarnate\n|j|\u260685792195wwww\n|t:|1698534420\n|gametype|singles\n|player|p1|Malice Incarnate|palmer|1582\n|player|p2|85792195wwww|lady|1826\n|teamsize|p1|6\n|teamsize|p2|6\n|gen|9\n|tier|[Gen 9] National Dex Ubers\n|rated|\n|rule|HP Percentage Mod: HP is shown in percentages\n|rule|Endless Battle Clause: Forcing endless battles is banned\n|rule|OHKO Clause: OHKO moves are banned\n|rule|Evasion Moves Clause: Evasion moves are banned\n|rule|Evasion Items Clause: Evasion items are banned\n|rule|Species Clause: Limit one of each Pok\u00e9mon\n|rule|Sleep Clause Mod: Limit one foe put to sleep\n|rule|Mega Rayquaza Clause: You cannot mega evolve Rayquaza\n|clearpoke\n|poke|p1|Xerneas-*|\n|poke|p1|Necrozma-Dusk-Mane|\n|poke|p1|Groudon|\n|poke|p1|Yveltal|\n|poke|p1|Zygarde|\n|poke|p1|Giratina-Origin|\n|poke|p2|Zacian-*|\n|poke|p2|Kyogre|\n|poke|p2|Xerneas-*|\n|poke|p2|Krookodile, F|\n|poke|p2|Groudon|\n|poke|p2|Arceus|\n|teampreview\n|inactive|Battle timer is ON: inactive players will automatically lose when time's up. (requested by Malice Incarnate)\n|\n|t:|1698534426\n|start\n|switch|p1a: Yveltal|Yveltal|100\/100\n|switch|p2a: Krookodile|Krookodile, F|100\/100\n|-ability|p1a: Yveltal|Dark Aura\n|-ability|p2a: Krookodile|Intimidate|boost\n|-unboost|p1a: Yveltal|atk|1\n|turn|1\n|\n|t:|1698534438\n|move|p1a: Yveltal|U-turn|p2a: Krookodile\n|-supereffective|p2a: Krookodile\n|-damage|p2a: Krookodile|51\/100\n|-damage|p1a: Yveltal|91\/100|[from] item: Life Orb\n|\n|t:|1698534444\n|switch|p1a: Zygarde|Zygarde|100\/100|[from] U-turn\n|move|p2a: Krookodile|Stealth Rock|p1a: Zygarde\n|-sidestart|p1: Malice Incarnate|move: Stealth Rock\n|\n|upkeep\n|turn|2\n|\n|t:|1698534451\n|move|p2a: Krookodile|Knock Off|p1a: Zygarde\n|-damage|p1a: Zygarde|67\/100\n|-enditem|p1a: Zygarde|Leftovers|[from] move: Knock Off|[of] p2a: Krookodile\n|move|p1a: Zygarde|Substitute|p1a: Zygarde\n|-start|p1a: Zygarde|Substitute\n|-damage|p1a: Zygarde|42\/100\n|\n|-activate|p1a: Zygarde|ability: Power Construct\n|detailschange|p1a: Zygarde|Zygarde-Complete\n|-heal|p1a: Zygarde|64\/100|[silent]\n|upkeep\n|turn|3\n|j| flamingwrench11234\n|\n|t:|1698534462\n|move|p2a: Krookodile|Taunt|p1a: Zygarde\n|-start|p1a: Zygarde|move: Taunt\n|cant|p1a: Zygarde|move: Taunt|Dragon Dance\n|\n|upkeep\n|turn|4\n|l| flamingwrench11234\n|\n|t:|1698534468\n|switch|p2a: Kyogre|Kyogre|100\/100\n|detailschange|p2a: Kyogre|Kyogre-Primal\n|-primal|p2a: Kyogre|Blue Orb\n|-weather|PrimordialSea|[from] ability: Primordial Sea|[of] p2a: Kyogre\n|move|p1a: Zygarde|Dragon Tail|p2a: Kyogre\n|-damage|p2a: Kyogre|74\/100\n|-weather|none\n|drag|p2a: Arceus|Arceus|100\/100\n|\n|upkeep\n|turn|5\n|l|\u260685792195wwww\n|inactive|85792195wwww disconnected and has a minute to reconnect!\n|player|p2|\n|j|\u260685792195wwww\n|inactive|85792195wwww reconnected and has 110 seconds left.\n|player|p2|85792195wwww|lady\n|\n|t:|1698534519\n|move|p2a: Arceus|Extreme Speed|p1a: Zygarde\n|-end|p1a: Zygarde|Substitute\n|-damage|p2a: Arceus|91\/100|[from] item: Life Orb\n|move|p1a: Zygarde|Dragon Tail|p2a: Arceus\n|-damage|p2a: Arceus|72\/100\n|drag|p2a: Xerneas|Xerneas|100\/100\n|-ability|p2a: Xerneas|Fairy Aura\n|\n|-end|p1a: Zygarde|move: Taunt\n|upkeep\n|turn|6\n|\n|t:|1698534531\n|switch|p1a: Necrozma|Necrozma-Dusk-Mane|100\/100\n|-damage|p1a: Necrozma|94\/100|[from] Stealth Rock\n|move|p2a: Xerneas|Moonblast|p1a: Necrozma\n|-resisted|p1a: Necrozma\n|-damage|p1a: Necrozma|72\/100\n|-unboost|p1a: Necrozma|spa|1\n|\n|-heal|p1a: Necrozma|78\/100|[from] item: Leftovers\n|upkeep\n|turn|7\n|\n|t:|1698534545\n|switch|p2a: Krookodile|Krookodile, F|51\/100\n|-ability|p2a: Krookodile|Intimidate|boost\n|-unboost|p1a: Necrozma|atk|1\n|move|p1a: Necrozma|Morning Sun|p1a: Necrozma\n|-heal|p1a: Necrozma|100\/100\n|\n|upkeep\n|turn|8\n|\n|t:|1698534554\n|switch|p2a: Kyogre|Kyogre-Primal|74\/100\n|-weather|PrimordialSea|[from] ability: Primordial Sea|[of] p2a: Kyogre\n|switch|p1a: Zygarde|Zygarde-Complete|64\/100\n|-damage|p1a: Zygarde|58\/100|[from] Stealth Rock\n|\n|-weather|PrimordialSea|[upkeep]\n|upkeep\n|turn|9\n|\n|t:|1698534562\n|switch|p1a: Groudon|Groudon|100\/100\n|-damage|p1a: Groudon|94\/100|[from] Stealth Rock\n|detailschange|p1a: Groudon|Groudon-Primal\n|-primal|p1a: Groudon|Red Orb\n|-weather|DesolateLand|[from] ability: Desolate Land|[of] p1a: Groudon\n|move|p2a: Kyogre|Ice Beam|p1a: Groudon\n|-damage|p1a: Groudon|61\/100\n|\n|-weather|DesolateLand|[upkeep]\n|upkeep\n|turn|10\n|\n|t:|1698534573\n|switch|p2a: Krookodile|Krookodile, F|51\/100\n|-ability|p2a: Krookodile|Intimidate|boost\n|-unboost|p1a: Groudon|atk|1\n|move|p1a: Groudon|Spikes|p2a: Krookodile\n|-sidestart|p2: 85792195wwww|Spikes\n|\n|-weather|DesolateLand|[upkeep]\n|upkeep\n|turn|11\n|\n|t:|1698534581\n|move|p2a: Krookodile|Knock Off|p1a: Groudon\n|-damage|p1a: Groudon|44\/100\n|move|p1a: Groudon|Spikes|p2a: Krookodile\n|-sidestart|p2: 85792195wwww|Spikes\n|\n|-weather|DesolateLand|[upkeep]\n|upkeep\n|turn|12\n|inactive|85792195wwww has 120 seconds left.\n|\n|t:|1698534588\n|move|p2a: Krookodile|Bulldoze|p1a: Groudon\n|-supereffective|p1a: Groudon\n|-damage|p1a: Groudon|13\/100\n|-unboost|p1a: Groudon|spe|1\n|move|p1a: Groudon|Spikes|p2a: Krookodile\n|-sidestart|p2: 85792195wwww|Spikes\n|\n|-weather|DesolateLand|[upkeep]\n|upkeep\n|turn|13\n|\n|t:|1698534595\n|move|p2a: Krookodile|Knock Off|p1a: Groudon\n|-damage|p1a: Groudon|0 fnt\n|faint|p1a: Groudon\n|-weather|none\n|\n|upkeep\n|\n|t:|1698534605\n|switch|p1a: Zygarde|Zygarde-Complete|58\/100\n|-damage|p1a: Zygarde|52\/100|[from] Stealth Rock\n|turn|14\n|\n|t:|1698534609\n|move|p2a: Krookodile|Taunt|p1a: Zygarde\n|-start|p1a: Zygarde|move: Taunt\n|cant|p1a: Zygarde|move: Taunt|Dragon Dance\n|\n|upkeep\n|turn|15\n|\n|t:|1698534616\n|move|p2a: Krookodile|Bulldoze|p1a: Zygarde\n|-damage|p1a: Zygarde|39\/100\n|-unboost|p1a: Zygarde|spe|1\n|move|p1a: Zygarde|Thousand Arrows|p2a: Krookodile\n|-damage|p2a: Krookodile|6\/100\n|\n|upkeep\n|turn|16\n|\n|t:|1698534625\n|move|p2a: Krookodile|Stealth Rock||[still]\n|-fail|p2a: Krookodile\n|move|p1a: Zygarde|Dragon Tail|p2a: Krookodile\n|-damage|p2a: Krookodile|0 fnt\n|faint|p2a: Krookodile\n|\n|-end|p1a: Zygarde|move: Taunt\n|upkeep\n|\n|t:|1698534651\n|switch|p2a: Zacian|Zacian-Crowned|100\/100\n|-damage|p2a: Zacian|76\/100|[from] Spikes\n|-ability|p2a: Zacian|Intrepid Sword|boost\n|-boost|p2a: Zacian|atk|1\n|turn|17\n|\n|t:|1698534667\n|move|p2a: Zacian|Swords Dance|p2a: Zacian\n|-boost|p2a: Zacian|atk|2\n|move|p1a: Zygarde|Thousand Arrows|p2a: Zacian\n|-supereffective|p2a: Zacian\n|-damage|p2a: Zacian|9\/100\n|\n|upkeep\n|turn|18\n|\n|t:|1698534674\n|move|p2a: Zacian|Behemoth Blade|p1a: Zygarde\n|-damage|p1a: Zygarde|0 fnt\n|faint|p1a: Zygarde\n|\n|upkeep\n|\n|t:|1698534676\n|switch|p1a: Yveltal|Yveltal|91\/100\n|-damage|p1a: Yveltal|66\/100|[from] Stealth Rock\n|-ability|p1a: Yveltal|Dark Aura\n|turn|19\n|\n|t:|1698534685\n|move|p1a: Yveltal|Sucker Punch|p2a: Zacian\n|-resisted|p2a: Zacian\n|-damage|p2a: Zacian|0 fnt\n|faint|p2a: Zacian\n|-damage|p1a: Yveltal|56\/100|[from] item: Life Orb\n|\n|upkeep\n|\n|t:|1698534697\n|switch|p2a: Xerneas|Xerneas|100\/100\n|-damage|p2a: Xerneas|76\/100|[from] Spikes\n|-ability|p2a: Xerneas|Fairy Aura\n|turn|20\n|\n|t:|1698534704\n|switch|p2a: Kyogre|Kyogre-Primal|74\/100\n|-damage|p2a: Kyogre|50\/100|[from] Spikes\n|-weather|PrimordialSea|[from] ability: Primordial Sea|[of] p2a: Kyogre\n|move|p1a: Yveltal|Oblivion Wing|p2a: Kyogre\n|-damage|p2a: Kyogre|22\/100\n|-heal|p1a: Yveltal|75\/100|[from] drain|[of] p2a: Kyogre\n|-damage|p1a: Yveltal|65\/100|[from] item: Life Orb\n|\n|-weather|PrimordialSea|[upkeep]\n|upkeep\n|turn|21\n|\n|t:|1698534715\n|move|p1a: Yveltal|Oblivion Wing|p2a: Kyogre\n|-damage|p2a: Kyogre|0 fnt\n|-heal|p1a: Yveltal|80\/100|[from] drain|[of] p2a: Kyogre\n|faint|p2a: Kyogre\n|-weather|none\n|-damage|p1a: Yveltal|70\/100|[from] item: Life Orb\n|\n|upkeep\n|\n|t:|1698534724\n|switch|p2a: Arceus|Arceus|72\/100\n|-damage|p2a: Arceus|47\/100|[from] Spikes\n|turn|22\n|\n|t:|1698534731\n|move|p2a: Arceus|Extreme Speed|p1a: Yveltal\n|-damage|p1a: Yveltal|10\/100\n|-damage|p2a: Arceus|37\/100|[from] item: Life Orb\n|move|p1a: Yveltal|Knock Off|p2a: Arceus\n|-damage|p2a: Arceus|0 fnt\n|-enditem|p2a: Arceus|Life Orb|[from] move: Knock Off|[of] p1a: Yveltal\n|faint|p2a: Arceus\n|-damage|p1a: Yveltal|0 fnt|[from] item: Life Orb\n|faint|p1a: Yveltal\n|\n|upkeep\n|\n|t:|1698534748\n|switch|p2a: Groudon|Groudon|100\/100\n|switch|p1a: Giratina|Giratina-Origin|100\/100\n|-damage|p2a: Groudon|76\/100|[from] Spikes\n|-damage|p1a: Giratina|88\/100|[from] Stealth Rock\n|detailschange|p2a: Groudon|Groudon-Primal\n|-primal|p2a: Groudon|Red Orb\n|-weather|DesolateLand|[from] ability: Desolate Land|[of] p2a: Groudon\n|turn|23\n|\n|t:|1698534763\n|move|p2a: Groudon|Swords Dance|p2a: Groudon\n|-boost|p2a: Groudon|atk|2\n|move|p1a: Giratina|Draco Meteor|p2a: Groudon\n|-damage|p2a: Groudon|1\/100\n|-unboost|p1a: Giratina|spa|2\n|\n|-weather|DesolateLand|[upkeep]\n|upkeep\n|turn|24\n|\n|t:|1698534771\n|move|p2a: Groudon|Heat Crash|p1a: Giratina\n|-resisted|p1a: Giratina\n|-damage|p1a: Giratina|57\/100\n|move|p1a: Giratina|Hex|p2a: Groudon\n|-damage|p2a: Groudon|0 fnt\n|faint|p2a: Groudon\n|-weather|none\n|\n|upkeep\n|\n|t:|1698534779\n|switch|p2a: Xerneas|Xerneas|76\/100\n|-damage|p2a: Xerneas|51\/100|[from] Spikes\n|-ability|p2a: Xerneas|Fairy Aura\n|turn|25\n|\n|t:|1698534785\n|move|p2a: Xerneas|Geomancy||[still]\n|-prepare|p2a: Xerneas|Geomancy\n|-enditem|p2a: Xerneas|Power Herb\n|-anim|p2a: Xerneas|Geomancy|p2a: Xerneas\n|-boost|p2a: Xerneas|spa|2\n|-boost|p2a: Xerneas|spd|2\n|-boost|p2a: Xerneas|spe|2\n|move|p1a: Giratina|Thunder Wave|p2a: Xerneas\n|-status|p2a: Xerneas|par\n|\n|upkeep\n|turn|26\n|\n|t:|1698534795\n|cant|p2a: Xerneas|par\n|move|p1a: Giratina|Hex|p2a: Xerneas\n|-crit|p2a: Xerneas\n|-damage|p2a: Xerneas|0 fnt\n|faint|p2a: Xerneas\n|\n|win|Malice Incarnate\n|raw|Malice Incarnate's rating: 1582 &rarr; <strong>1614<\/strong><br \/>(+32 for winning)\n|raw|85792195wwww's rating: 1826 &rarr; <strong>1794<\/strong><br \/>(-32 for losing)\n|l|\u260685792195wwww\n|c|\u2606Malice Incarnate|dang\n","uploadtime":1698534807,"views":17,"p1id":"maliceincarnate","p2id":"85792195wwww","formatid":"gen9nationaldexubers","rating":1614,"private":0,"password":""}