{"id":"gen9nationaldexubers-1996753851","p1":"PyroGaleZX","p2":"BriefStar","format":"[Gen 9] National Dex Ubers","log":"|j|\u2606PyroGaleZX\n|j|\u2606BriefStar\n|t:|1700719481\n|gametype|singles\n|player|p1|PyroGaleZX|grusha|\n|player|p2|BriefStar|benga|\n|teamsize|p1|6\n|teamsize|p2|6\n|gen|9\n|tier|[Gen 9] National Dex Ubers\n|rule|HP Percentage Mod: HP is shown in percentages\n|rule|Endless Battle Clause: Forcing endless battles is banned\n|rule|OHKO Clause: OHKO moves are banned\n|rule|Evasion Moves Clause: Evasion moves are banned\n|rule|Evasion Items Clause: Evasion items are banned\n|rule|Species Clause: Limit one of each Pok\u00e9mon\n|rule|Sleep Clause Mod: Limit one foe put to sleep\n|rule|Mega Rayquaza Clause: You cannot mega evolve Rayquaza\n|clearpoke\n|poke|p1|Enamorus-Therian, F|\n|poke|p1|Arcanine, F|\n|poke|p1|Spiritomb, F|\n|poke|p1|Pawmo, M|\n|poke|p1|Articuno-Galar|\n|poke|p1|Dragonite, M|\n|poke|p2|Baxcalibur, F|\n|poke|p2|Tinkaton, F|\n|poke|p2|Bellibolt, M|\n|poke|p2|Raichu, F|\n|poke|p2|Charizard, F|\n|poke|p2|Fraxure, F|\n|teampreview\n|\n|t:|1700719490\n|start\n|switch|p1a: Gun|Dragonite, M|100\/100\n|switch|p2a: Thy True Name|Baxcalibur, F|100\/100\n|turn|1\n|\n|t:|1700719503\n|-terastallize|p2a: Thy True Name|Fairy\n|-terastallize|p1a: Gun|Normal\n|move|p2a: Thy True Name|Icicle Spear|p1a: Gun\n|-damage|p1a: Gun|93\/100\n|-damage|p1a: Gun|78\/100\n|-damage|p1a: Gun|62\/100\n|-damage|p1a: Gun|45\/100\n|-damage|p1a: Gun|30\/100\n|-hitcount|p1a: Gun|5\n|move|p1a: Gun|Dragon Dance|p1a: Gun\n|-boost|p1a: Gun|atk|1\n|-boost|p1a: Gun|spe|1\n|\n|upkeep\n|turn|2\n|\n|t:|1700719520\n|move|p1a: Gun|Earthquake|p2a: Thy True Name\n|-crit|p2a: Thy True Name\n|-damage|p2a: Thy True Name|20\/100\n|move|p2a: Thy True Name|Icicle Spear|p1a: Gun\n|-damage|p1a: Gun|13\/100\n|-damage|p1a: Gun|0 fnt\n|faint|p1a: Gun\n|-hitcount|p1: Gun|2\n|\n|upkeep\n|\n|t:|1700719527\n|switch|p1a: Shameful Gun|Arcanine, F|100\/100\n|-ability|p1a: Shameful Gun|Intimidate|boost\n|-unboost|p2a: Thy True Name|atk|1\n|turn|3\n|\n|t:|1700719542\n|switch|p2a: Get in MY BELLY|Bellibolt, M|100\/100\n|move|p1a: Shameful Gun|Roar|p2a: Get in MY BELLY\n|drag|p2a: Thy True Name|Baxcalibur, F, tera:Fairy|20\/100\n|\n|upkeep\n|turn|4\n|\n|t:|1700719549\n|switch|p1a: Not Gun|Spiritomb, F, shiny|100\/100\n|-ability|p1a: Not Gun|Pressure\n|move|p2a: Thy True Name|Earthquake|p1a: Not Gun\n|-damage|p1a: Not Gun|64\/100\n|\n|upkeep\n|turn|5\n|\n|t:|1700719576\n|switch|p1a: Barely a gun|Enamorus-Therian, F|100\/100\n|move|p2a: Thy True Name|Icicle Spear|p1a: Barely a gun\n|-supereffective|p1a: Barely a gun\n|-damage|p1a: Barely a gun|73\/100\n|-supereffective|p1a: Barely a gun\n|-crit|p1a: Barely a gun\n|-damage|p1a: Barely a gun|32\/100\n|-supereffective|p1a: Barely a gun\n|-damage|p1a: Barely a gun|8\/100\n|-supereffective|p1a: Barely a gun\n|-damage|p1a: Barely a gun|0 fnt\n|faint|p1a: Barely a gun\n|-hitcount|p1: Barely a gun|4\n|\n|upkeep\n|\n|t:|1700719592\n|switch|p1a: Shameful Gun|Arcanine, F|100\/100\n|-ability|p1a: Shameful Gun|Intimidate|boost\n|-unboost|p2a: Thy True Name|atk|1\n|turn|6\n|\n|t:|1700719625\n|switch|p2a: Get in MY BELLY|Bellibolt, M|100\/100\n|move|p1a: Shameful Gun|Flare Blitz|p2a: Get in MY BELLY\n|-damage|p2a: Get in MY BELLY|69\/100\n|-start|p2a: Get in MY BELLY|Charge|Flare Blitz|[from] ability: Electromorphosis\n|-damage|p1a: Shameful Gun|86\/100|[from] Recoil\n|\n|-heal|p2a: Get in MY BELLY|75\/100|[from] item: Leftovers\n|upkeep\n|turn|7\n|\n|t:|1700719636\n|move|p1a: Shameful Gun|Flare Blitz|p2a: Get in MY BELLY\n|-damage|p2a: Get in MY BELLY|38\/100\n|-start|p2a: Get in MY BELLY|Charge|Flare Blitz|[from] ability: Electromorphosis\n|-damage|p1a: Shameful Gun|71\/100|[from] Recoil\n|move|p2a: Get in MY BELLY|Volt Switch|p1a: Shameful Gun\n|-damage|p1a: Shameful Gun|14\/100\n|-end|p2a: Get in MY BELLY|Charge|[silent]\n|\n|t:|1700719644\n|switch|p2a: Thy True Name|Baxcalibur, F, tera:Fairy|20\/100|[from] Volt Switch\n|\n|upkeep\n|turn|8\n|\n|t:|1700719654\n|move|p1a: Shameful Gun|Flare Blitz|p2a: Thy True Name\n|-damage|p2a: Thy True Name|0 fnt\n|faint|p2a: Thy True Name\n|-damage|p1a: Shameful Gun|7\/100|[from] Recoil\n|\n|upkeep\n|\n|t:|1700719693\n|switch|p2a: Charizard|Charizard, F, shiny|100\/100\n|turn|9\n|\n|t:|1700719707\n|move|p1a: Shameful Gun|Flare Blitz|p2a: Charizard\n|-resisted|p2a: Charizard\n|-damage|p2a: Charizard|63\/100\n|-damage|p1a: Shameful Gun|0 fnt|[from] Recoil\n|faint|p1a: Shameful Gun\n|move|p2a: Charizard|Flamethrower|p1: Shameful Gun|[notarget]\n|-fail|p2a: Charizard\n|\n|upkeep\n|\n|t:|1700719713\n|switch|p1a: Other Gun|Articuno-Galar|100\/100\n|turn|10\n|\n|t:|1700719717\n|move|p1a: Other Gun|Calm Mind|p1a: Other Gun\n|-boost|p1a: Other Gun|spa|1\n|-boost|p1a: Other Gun|spd|1\n|move|p2a: Charizard|Flamethrower|p1a: Other Gun\n|-damage|p1a: Other Gun|71\/100\n|\n|-heal|p1a: Other Gun|78\/100|[from] item: Leftovers\n|upkeep\n|turn|11\n|\n|t:|1700719725\n|move|p1a: Other Gun|Agility|p1a: Other Gun\n|-boost|p1a: Other Gun|spe|2\n|move|p2a: Charizard|Will-O-Wisp|p1a: Other Gun\n|-status|p1a: Other Gun|brn\n|\n|-heal|p1a: Other Gun|84\/100 brn|[from] item: Leftovers\n|-damage|p1a: Other Gun|78\/100 brn|[from] brn\n|upkeep\n|turn|12\n|\n|t:|1700719735\n|switch|p2a: Megaton|Tinkaton, F|100\/100\n|-ability|p2a: Megaton|Mold Breaker\n|move|p1a: Other Gun|Calm Mind|p1a: Other Gun\n|-boost|p1a: Other Gun|spa|1\n|-boost|p1a: Other Gun|spd|1\n|\n|-heal|p1a: Other Gun|84\/100 brn|[from] item: Leftovers\n|-damage|p1a: Other Gun|78\/100 brn|[from] brn\n|upkeep\n|turn|13\n|\n|t:|1700719749\n|move|p1a: Other Gun|Stored Power|p2a: Megaton\n|-resisted|p2a: Megaton\n|-damage|p2a: Megaton|70\/100\n|move|p2a: Megaton|Knock Off|p1a: Other Gun\n|-supereffective|p1a: Other Gun\n|-damage|p1a: Other Gun|25\/100 brn\n|-enditem|p1a: Other Gun|Leftovers|[from] move: Knock Off|[of] p2a: Megaton\n|\n|-damage|p1a: Other Gun|19\/100 brn|[from] brn\n|upkeep\n|turn|14\n|-message|PyroGaleZX forfeited.\n|\n|win|BriefStar\n|l|\u2606PyroGaleZX\n","uploadtime":1700719764,"views":1,"p1id":"pyrogalezx","p2id":"briefstar","formatid":"gen9nationaldexubers","rating":0,"private":0,"password":""}