{"id":"gen9nationaldexubers-1979187733","p1":"minecraftiscool23","p2":"sngm1103s","format":"[Gen 9] National Dex Ubers","log":"|j|\u2606minecraftiscool23\n|j|\u2606sngm1103s\n|t:|1698647145\n|gametype|singles\n|player|p1|minecraftiscool23|riley|1000\n|player|p2|sngm1103s|dawn-gen4pt|1052\n|teamsize|p1|6\n|teamsize|p2|6\n|gen|9\n|tier|[Gen 9] National Dex Ubers\n|rated|\n|rule|HP Percentage Mod: HP is shown in percentages\n|rule|Endless Battle Clause: Forcing endless battles is banned\n|rule|OHKO Clause: OHKO moves are banned\n|rule|Evasion Moves Clause: Evasion moves are banned\n|rule|Evasion Items Clause: Evasion items are banned\n|rule|Species Clause: Limit one of each Pok\u00e9mon\n|rule|Sleep Clause Mod: Limit one foe put to sleep\n|rule|Mega Rayquaza Clause: You cannot mega evolve Rayquaza\n|clearpoke\n|poke|p1|Chien-Pao|\n|poke|p1|Zacian-*|\n|poke|p1|Empoleon, F|\n|poke|p1|Iron Valiant|\n|poke|p1|Pelipper, M|\n|poke|p1|Swampert, M|\n|poke|p2|Eternatus|\n|poke|p2|Zacian-*|\n|poke|p2|Yveltal|\n|poke|p2|Groudon|\n|poke|p2|Urshifu-*, M|\n|poke|p2|Ho-Oh|\n|teampreview\n|\n|t:|1698647158\n|start\n|switch|p1a: 'Quack'|Pelipper, M|100\/100\n|switch|p2a: Yveltal|Yveltal|100\/100\n|-ability|p2a: Yveltal|Dark Aura\n|-weather|RainDance|[from] ability: Drizzle|[of] p1a: 'Quack'\n|turn|1\n|\n|t:|1698647172\n|move|p2a: Yveltal|Knock Off|p1a: 'Quack'\n|-damage|p1a: 'Quack'|0 fnt\n|-enditem|p1a: 'Quack'|Heavy-Duty Boots|[from] move: Knock Off|[of] p2a: Yveltal\n|faint|p1a: 'Quack'\n|\n|-weather|RainDance|[upkeep]\n|upkeep\n|\n|t:|1698647181\n|switch|p1a: Mac|Swampert, M|100\/100\n|turn|2\n|\n|t:|1698647186\n|switch|p2a: Groudon|Groudon|100\/100\n|detailschange|p2a: Groudon|Groudon-Primal\n|-primal|p2a: Groudon|Red Orb\n|-weather|DesolateLand|[from] ability: Desolate Land|[of] p2a: Groudon\n|detailschange|p1a: Mac|Swampert-Mega, M\n|-mega|p1a: Mac|Swampert|Swampertite\n|move|p1a: Mac|Ice Punch|p2a: Groudon\n|-damage|p2a: Groudon|84\/100\n|\n|-weather|DesolateLand|[upkeep]\n|upkeep\n|turn|3\n|\n|t:|1698647217\n|-weather|none\n|switch|p2a: Ho-Oh|Ho-Oh|100\/100\n|move|p1a: Mac|Earthquake|p2a: Ho-Oh\n|-immune|p2a: Ho-Oh\n|\n|upkeep\n|turn|4\n|inactive|Battle timer is ON: inactive players will automatically lose when time's up. (requested by minecraftiscool23)\n|inactive|sngm1103s also wants the timer to be on.\n|\n|t:|1698647225\n|move|p1a: Mac|Waterfall|p2a: Ho-Oh\n|-supereffective|p2a: Ho-Oh\n|-damage|p2a: Ho-Oh|32\/100\n|cant|p2a: Ho-Oh|flinch\n|\n|upkeep\n|turn|5\n|\n|t:|1698647238\n|switch|p2a: Eternatus|Eternatus|100\/100\n|-ability|p2a: Eternatus|Pressure\n|move|p1a: Mac|Waterfall|p2a: Eternatus\n|-resisted|p2a: Eternatus\n|-damage|p2a: Eternatus|81\/100\n|\n|upkeep\n|turn|6\n|\n|t:|1698647246\n|-zpower|p2a: Eternatus\n|move|p2a: Eternatus|Devastating Drake|p1a: Mac|[zeffect]\n|-damage|p1a: Mac|0 fnt\n|faint|p1a: Mac\n|\n|upkeep\n|\n|t:|1698647265\n|switch|p1a: Clifford|Zacian-Crowned|100\/100\n|-ability|p1a: Clifford|Intrepid Sword|boost\n|-boost|p1a: Clifford|atk|1\n|turn|7\n|\n|t:|1698647276\n|switch|p2a: Groudon|Groudon-Primal|84\/100\n|-weather|DesolateLand|[from] ability: Desolate Land|[of] p2a: Groudon\n|move|p1a: Clifford|Behemoth Blade|p2a: Groudon\n|-resisted|p2a: Groudon\n|-damage|p2a: Groudon|64\/100\n|\n|-weather|DesolateLand|[upkeep]\n|upkeep\n|turn|8\n|\n|t:|1698647289\n|move|p1a: Clifford|Swords Dance|p1a: Clifford\n|-boost|p1a: Clifford|atk|2\n|move|p2a: Groudon|Precipice Blades|p1a: Clifford\n|-supereffective|p1a: Clifford\n|-damage|p1a: Clifford|0 fnt\n|faint|p1a: Clifford\n|\n|-weather|DesolateLand|[upkeep]\n|upkeep\n|\n|t:|1698647298\n|switch|p1a: Batman|Iron Valiant|100\/100\n|-enditem|p1a: Batman|Booster Energy\n|-activate|p1a: Batman|ability: Quark Drive|[fromitem]\n|-start|p1a: Batman|quarkdriveatk\n|turn|9\n|\n|t:|1698647305\n|move|p1a: Batman|Close Combat|p2a: Groudon\n|-damage|p2a: Groudon|24\/100\n|-unboost|p1a: Batman|def|1\n|-unboost|p1a: Batman|spd|1\n|move|p2a: Groudon|Heat Crash|p1a: Batman\n|-damage|p1a: Batman|0 fnt\n|faint|p1a: Batman\n|-end|p1a: Batman|Quark Drive|[silent]\n|\n|-weather|DesolateLand|[upkeep]\n|upkeep\n|\n|t:|1698647309\n|switch|p1a: Saber|Chien-Pao|100\/100\n|-ability|p1a: Saber|Sword of Ruin\n|turn|10\n|-message|minecraftiscool23 forfeited.\n|\n|win|sngm1103s\n|raw|minecraftiscool23's rating: 1000 &rarr; <strong>1000<\/strong><br \/>(+0 for losing)\n|raw|sngm1103s's rating: 1052 &rarr; <strong>1079<\/strong><br \/>(+27 for winning)\n|l|\u2606minecraftiscool23\n","uploadtime":1698647320,"views":14,"p1id":"minecraftiscool23","p2id":"sngm1103s","formatid":"gen9nationaldexubers","rating":1000,"private":0,"password":""}