{"id":"gen9nationaldexubers-1983287791","p1":"Ink0588","p2":"0v4n","format":"[Gen 9] National Dex Ubers","log":"|j|\u2606Ink0588\n|j|\u26060v4n\n|t:|1699114442\n|gametype|singles\n|player|p1|Ink0588|artistf-gen6|\n|player|p2|0v4n|crasherwake|\n|teamsize|p1|6\n|teamsize|p2|6\n|gen|9\n|tier|[Gen 9] National Dex Ubers\n|rule|HP Percentage Mod: HP is shown in percentages\n|rule|Endless Battle Clause: Forcing endless battles is banned\n|rule|OHKO Clause: OHKO moves are banned\n|rule|Evasion Moves Clause: Evasion moves are banned\n|rule|Evasion Items Clause: Evasion items are banned\n|rule|Species Clause: Limit one of each Pok\u00e9mon\n|rule|Sleep Clause Mod: Limit one foe put to sleep\n|rule|Mega Rayquaza Clause: You cannot mega evolve Rayquaza\n|clearpoke\n|poke|p1|Minior-Violet|\n|poke|p1|Morpeko, M|\n|poke|p1|Araquanid, F|\n|poke|p1|Hitmonchan, M|\n|poke|p1|Mr. Rime, M|\n|poke|p1|Rotom|\n|poke|p2|Sneasel, M|\n|poke|p2|Incineroar, M|\n|poke|p2|Quagsire, F|\n|poke|p2|Vileplume, F|\n|poke|p2|Pinsir, F|\n|poke|p2|Hitmonchan, M|\n|teampreview\n|\n|t:|1699114449\n|start\n|switch|p1a: Smashing|Minior-Violet|100\/100\n|switch|p2a: Thar can be only 1|Pinsir, F|100\/100\n|-formechange|p1a: Smashing|Minior-Meteor||[from] ability: Shields Down\n|turn|1\n|\n|t:|1699114461\n|move|p2a: Thar can be only 1|Knock Off|p1a: Smashing\n|-damage|p1a: Smashing|60\/100\n|-enditem|p1a: Smashing|White Herb|[from] move: Knock Off|[of] p2a: Thar can be only 1\n|move|p1a: Smashing|Shell Smash|p1a: Smashing\n|-unboost|p1a: Smashing|def|1\n|-unboost|p1a: Smashing|spd|1\n|-boost|p1a: Smashing|atk|2\n|-boost|p1a: Smashing|spa|2\n|-boost|p1a: Smashing|spe|2\n|\n|upkeep\n|turn|2\n|\n|t:|1699114472\n|switch|p2a: Nope.|Quagsire, F|100\/100\n|move|p1a: Smashing|Acrobatics|p2a: Nope.\n|-damage|p2a: Nope.|72\/100\n|\n|-heal|p2a: Nope.|78\/100|[from] item: Leftovers\n|upkeep\n|turn|3\n|\n|t:|1699114479\n|move|p1a: Smashing|U-turn|p2a: Nope.\n|-damage|p2a: Nope.|66\/100\n|\n|t:|1699114481\n|switch|p1a: GhostInTheMachine|Rotom, shiny|100\/100|[from] U-turn\n|move|p2a: Nope.|Liquidation|p1a: GhostInTheMachine\n|-damage|p1a: GhostInTheMachine|61\/100\n|\n|-heal|p2a: Nope.|72\/100|[from] item: Leftovers\n|upkeep\n|turn|4\n|\n|t:|1699114501\n|switch|p2a: Madcap|Hitmonchan, M|100\/100\n|move|p1a: GhostInTheMachine|Volt Switch|p2a: Madcap\n|-damage|p2a: Madcap|65\/100\n|\n|t:|1699114510\n|switch|p1a: Dancin' Man|Mr. Rime, M|100\/100|[from] Volt Switch\n|\n|upkeep\n|turn|5\n|\n|t:|1699114519\n|move|p1a: Dancin' Man|Rapid Spin|p2a: Madcap\n|-damage|p2a: Madcap|51\/100\n|-boost|p1a: Dancin' Man|spe|1\n|move|p2a: Madcap|Throat Chop|p1a: Dancin' Man\n|-supereffective|p1a: Dancin' Man\n|-damage|p1a: Dancin' Man|4\/100\n|-start|p1a: Dancin' Man|Throat Chop|[silent]\n|-damage|p2a: Madcap|41\/100|[from] item: Life Orb\n|\n|upkeep\n|turn|6\n|\n|t:|1699114527\n|move|p2a: Madcap|Mach Punch|p1a: Dancin' Man\n|-damage|p1a: Dancin' Man|0 fnt\n|faint|p1a: Dancin' Man\n|-damage|p2a: Madcap|31\/100|[from] item: Life Orb\n|\n|upkeep\n|\n|t:|1699114534\n|switch|p1a: Super Punch Out!|Hitmonchan, M|100\/100\n|turn|7\n|\n|t:|1699114542\n|move|p1a: Super Punch Out!|Rapid Spin|p2a: Madcap\n|-damage|p2a: Madcap|3\/100\n|-boost|p1a: Super Punch Out!|spe|1\n|move|p2a: Madcap|Drain Punch|p1a: Super Punch Out!\n|-damage|p1a: Super Punch Out!|5\/100\n|-heal|p2a: Madcap|51\/100|[from] drain|[of] p1a: Super Punch Out!\n|-damage|p2a: Madcap|41\/100|[from] item: Life Orb\n|\n|upkeep\n|turn|8\n|\n|t:|1699114555\n|switch|p2a: PhD in Russian Lit|Vileplume, F|100\/100\n|move|p1a: Super Punch Out!|Mach Punch|p2a: PhD in Russian Lit\n|-resisted|p2a: PhD in Russian Lit\n|-damage|p2a: PhD in Russian Lit|91\/100\n|\n|-heal|p2a: PhD in Russian Lit|97\/100|[from] item: Black Sludge\n|upkeep\n|turn|9\n|\n|t:|1699114564\n|move|p1a: Super Punch Out!|Ice Punch|p2a: PhD in Russian Lit\n|-supereffective|p2a: PhD in Russian Lit\n|-damage|p2a: PhD in Russian Lit|41\/100\n|move|p2a: PhD in Russian Lit|Strength Sap|p1a: Super Punch Out!\n|-unboost|p1a: Super Punch Out!|atk|1\n|-heal|p2a: PhD in Russian Lit|100\/100\n|\n|upkeep\n|turn|10\n|\n|t:|1699114575\n|switch|p1a: GhostInTheMachine|Rotom, shiny|61\/100\n|move|p2a: PhD in Russian Lit|Sludge Bomb|p1a: GhostInTheMachine\n|-resisted|p1a: GhostInTheMachine\n|-damage|p1a: GhostInTheMachine|34\/100\n|\n|upkeep\n|turn|11\n|\n|t:|1699114589\n|move|p1a: GhostInTheMachine|Trick|p2a: PhD in Russian Lit\n|-activate|p1a: GhostInTheMachine|move: Trick|[of] p2a: PhD in Russian Lit\n|-item|p2a: PhD in Russian Lit|Choice Scarf|[from] move: Trick\n|-item|p1a: GhostInTheMachine|Black Sludge|[from] move: Trick\n|move|p2a: PhD in Russian Lit|Sleep Powder|p1a: GhostInTheMachine\n|-status|p1a: GhostInTheMachine|slp|[from] move: Sleep Powder\n|\n|-damage|p1a: GhostInTheMachine|21\/100 slp|[from] item: Black Sludge\n|upkeep\n|turn|12\n|\n|t:|1699114600\n|switch|p1a: Michael Bubly|Araquanid, F|100\/100\n|switch|p2a: Thar can be only 1|Pinsir, F|100\/100\n|\n|upkeep\n|turn|13\n|\n|t:|1699114608\n|move|p2a: Thar can be only 1|Stone Edge|p1a: Michael Bubly\n|-supereffective|p1a: Michael Bubly\n|-damage|p1a: Michael Bubly|46\/100\n|move|p1a: Michael Bubly|Toxic|p2a: Thar can be only 1\n|-status|p2a: Thar can be only 1|tox\n|\n|-heal|p1a: Michael Bubly|52\/100|[from] item: Leftovers\n|-damage|p2a: Thar can be only 1|95\/100 tox|[from] psn\n|upkeep\n|turn|14\n|\n|t:|1699114617\n|switch|p2a: PhD in Russian Lit|Vileplume, F|100\/100\n|move|p1a: Michael Bubly|Substitute|p1a: Michael Bubly\n|-start|p1a: Michael Bubly|Substitute\n|-damage|p1a: Michael Bubly|27\/100\n|\n|-heal|p1a: Michael Bubly|33\/100|[from] item: Leftovers\n|upkeep\n|turn|15\n|\n|t:|1699114627\n|move|p2a: PhD in Russian Lit|Sludge Bomb|p1a: Michael Bubly\n|-end|p1a: Michael Bubly|Substitute\n|move|p1a: Michael Bubly|Infestation|p2a: PhD in Russian Lit\n|-damage|p2a: PhD in Russian Lit|96\/100\n|-activate|p2a: PhD in Russian Lit|move: Infestation|[of] p1a: Michael Bubly\n|\n|-heal|p1a: Michael Bubly|39\/100|[from] item: Leftovers\n|-damage|p2a: PhD in Russian Lit|84\/100|[from] move: Infestation|[partiallytrapped]\n|upkeep\n|turn|16\n|\n|t:|1699114636\n|switch|p1a: GhostInTheMachine|Rotom, shiny|21\/100 slp\n|move|p2a: PhD in Russian Lit|Sludge Bomb|p1a: GhostInTheMachine\n|-resisted|p1a: GhostInTheMachine\n|-damage|p1a: GhostInTheMachine|0 fnt\n|faint|p1a: GhostInTheMachine\n|\n|-end|p2a: PhD in Russian Lit|Infestation|[partiallytrapped]|[silent]\n|upkeep\n|\n|t:|1699114643\n|switch|p1a: Smashing|Minior-Violet|60\/100\n|-formechange|p1a: Smashing|Minior-Meteor||[from] ability: Shields Down\n|turn|17\n|\n|t:|1699114653\n|move|p2a: PhD in Russian Lit|Sludge Bomb|p1a: Smashing\n|-resisted|p1a: Smashing\n|-damage|p1a: Smashing|42\/100\n|move|p1a: Smashing|Shell Smash|p1a: Smashing\n|-unboost|p1a: Smashing|def|1\n|-unboost|p1a: Smashing|spd|1\n|-boost|p1a: Smashing|atk|2\n|-boost|p1a: Smashing|spa|2\n|-boost|p1a: Smashing|spe|2\n|\n|-formechange|p1a: Smashing|Minior-Violet||[from] ability: Shields Down\n|upkeep\n|turn|18\n|\n|t:|1699114664\n|switch|p2a: Madcap|Hitmonchan, M|41\/100\n|move|p1a: Smashing|Acrobatics|p2a: Madcap\n|-supereffective|p2a: Madcap\n|-damage|p2a: Madcap|0 fnt\n|faint|p2a: Madcap\n|\n|upkeep\n|\n|t:|1699114670\n|switch|p2a: Nope.|Quagsire, F|72\/100\n|turn|19\n|\n|t:|1699114674\n|move|p1a: Smashing|Acrobatics|p2a: Nope.\n|-damage|p2a: Nope.|33\/100\n|move|p2a: Nope.|Stone Edge|p1a: Smashing\n|-supereffective|p1a: Smashing\n|-damage|p1a: Smashing|0 fnt\n|faint|p1a: Smashing\n|\n|-heal|p2a: Nope.|40\/100|[from] item: Leftovers\n|upkeep\n|\n|t:|1699114680\n|switch|p1a: Super Punch Out!|Hitmonchan, M|5\/100\n|turn|20\n|\n|t:|1699114686\n|move|p1a: Super Punch Out!|Drain Punch|p2a: Nope.\n|-damage|p2a: Nope.|6\/100\n|-heal|p1a: Super Punch Out!|31\/100|[from] drain|[of] p2a: Nope.\n|move|p2a: Nope.|Recover|p2a: Nope.\n|-heal|p2a: Nope.|56\/100\n|\n|-heal|p2a: Nope.|62\/100|[from] item: Leftovers\n|upkeep\n|turn|21\n|\n|t:|1699114699\n|switch|p2a: Thar can be only 1|Pinsir, F|95\/100 tox\n|move|p1a: Super Punch Out!|Drain Punch|p2a: Thar can be only 1\n|-resisted|p2a: Thar can be only 1\n|-damage|p2a: Thar can be only 1|62\/100 tox\n|-heal|p1a: Super Punch Out!|49\/100|[from] drain|[of] p2a: Thar can be only 1\n|\n|-damage|p2a: Thar can be only 1|57\/100 tox|[from] psn\n|upkeep\n|turn|22\n|\n|t:|1699114712\n|move|p2a: Thar can be only 1|Close Combat|p1a: Super Punch Out!\n|-crit|p1a: Super Punch Out!\n|-damage|p1a: Super Punch Out!|0 fnt\n|-unboost|p2a: Thar can be only 1|def|1\n|-unboost|p2a: Thar can be only 1|spd|1\n|faint|p1a: Super Punch Out!\n|-ability|p2a: Thar can be only 1|Moxie|boost\n|-boost|p2a: Thar can be only 1|atk|1\n|\n|-damage|p2a: Thar can be only 1|45\/100 tox|[from] psn\n|upkeep\n|\n|t:|1699114715\n|switch|p1a: Michael Bubly|Araquanid, F|39\/100\n|turn|23\n|\n|t:|1699114723\n|switch|p2a: PhD in Russian Lit|Vileplume, F|84\/100\n|move|p1a: Michael Bubly|Infestation|p2a: PhD in Russian Lit\n|-damage|p2a: PhD in Russian Lit|79\/100\n|-activate|p2a: PhD in Russian Lit|move: Infestation|[of] p1a: Michael Bubly\n|\n|-heal|p1a: Michael Bubly|46\/100|[from] item: Leftovers\n|-damage|p2a: PhD in Russian Lit|67\/100|[from] move: Infestation|[partiallytrapped]\n|upkeep\n|turn|24\n|\n|t:|1699114733\n|move|p2a: PhD in Russian Lit|Sludge Bomb|p1a: Michael Bubly\n|-damage|p1a: Michael Bubly|19\/100\n|move|p1a: Michael Bubly|Liquidation|p2a: PhD in Russian Lit\n|-resisted|p2a: PhD in Russian Lit\n|-damage|p2a: PhD in Russian Lit|49\/100\n|\n|-heal|p1a: Michael Bubly|25\/100|[from] item: Leftovers\n|-damage|p2a: PhD in Russian Lit|37\/100|[from] move: Infestation|[partiallytrapped]\n|upkeep\n|turn|25\n|\n|t:|1699114742\n|move|p2a: PhD in Russian Lit|Sludge Bomb|p1a: Michael Bubly\n|-damage|p1a: Michael Bubly|0 fnt\n|faint|p1a: Michael Bubly\n|\n|-end|p2a: PhD in Russian Lit|Infestation|[partiallytrapped]|[silent]\n|upkeep\n|\n|t:|1699114743\n|switch|p1a: Wheel n' Deal|Morpeko, M|100\/100\n|turn|26\n|\n|t:|1699114747\n|move|p1a: Wheel n' Deal|Aura Wheel|p2a: PhD in Russian Lit\n|-resisted|p2a: PhD in Russian Lit\n|-damage|p2a: PhD in Russian Lit|17\/100\n|-boost|p1a: Wheel n' Deal|spe|1\n|move|p2a: PhD in Russian Lit|Sludge Bomb|p1a: Wheel n' Deal\n|-damage|p1a: Wheel n' Deal|46\/100\n|\n|-formechange|p1a: Wheel n' Deal|Morpeko-Hangry||[from] ability: Hunger Switch\n|upkeep\n|turn|27\n|\n|t:|1699114756\n|move|p1a: Wheel n' Deal|Aura Wheel|p2a: PhD in Russian Lit\n|-damage|p2a: PhD in Russian Lit|0 fnt\n|-boost|p1a: Wheel n' Deal|spe|1\n|faint|p2a: PhD in Russian Lit\n|\n|-formechange|p1a: Wheel n' Deal|Morpeko||[from] ability: Hunger Switch\n|upkeep\n|\n|t:|1699114778\n|switch|p2a: Nope.|Quagsire, F|62\/100\n|turn|28\n|\n|t:|1699114782\n|move|p1a: Wheel n' Deal|Seed Bomb|p2a: Nope.\n|-supereffective|p2a: Nope.\n|-damage|p2a: Nope.|0 fnt\n|faint|p2a: Nope.\n|\n|-formechange|p1a: Wheel n' Deal|Morpeko-Hangry||[from] ability: Hunger Switch\n|upkeep\n|\n|t:|1699114788\n|switch|p2a: Thar can be only 1|Pinsir, F|45\/100 tox\n|turn|29\n|\n|t:|1699114791\n|move|p1a: Wheel n' Deal|Aura Wheel|p2a: Thar can be only 1\n|-damage|p2a: Thar can be only 1|0 fnt\n|-boost|p1a: Wheel n' Deal|spe|1\n|faint|p2a: Thar can be only 1\n|\n|-formechange|p1a: Wheel n' Deal|Morpeko||[from] ability: Hunger Switch\n|upkeep\n|\n|t:|1699114799\n|switch|p2a: Guys Spy is me|Sneasel, M|100\/100\n|turn|30\n|\n|t:|1699114802\n|move|p1a: Wheel n' Deal|Brick Break|p2a: Guys Spy is me\n|-supereffective|p2a: Guys Spy is me\n|-enditem|p2a: Guys Spy is me|Focus Sash\n|-damage|p2a: Guys Spy is me|1\/100\n|move|p2a: Guys Spy is me|Triple Axel|p1a: Wheel n' Deal\n|-damage|p1a: Wheel n' Deal|30\/100\n|-damage|p1a: Wheel n' Deal|0 fnt\n|faint|p1a: Wheel n' Deal\n|-hitcount|p1: Wheel n' Deal|2\n|\n|win|0v4n\n|c|\u2606Ink0588|rip\n|c|\u26060v4n|gg\n|c|\u2606Ink0588|gg\n|l|\u2606Ink0588\n|j|\u2606Ink0588\n|player|p1|Ink0588|artistf-gen6\n","uploadtime":1699114813,"views":35,"p1id":"ink0588","p2id":"0v4n","formatid":"gen9nationaldexubers","rating":0,"private":0,"password":""}