{"id":"gen9nationaldexubers-1984607570","p1":"Vario 64\u2606\u5f61","p2":"SkylarSoren","format":"[Gen 9] National Dex Ubers","log":"|j|\u2606Vario 64\u2606\u5f61\n|j|\u2606SkylarSoren\n|t:|1699284161\n|gametype|singles\n|player|p1|Vario 64\u2606\u5f61|ghetsis|\n|player|p2|SkylarSoren|ethan-masters|\n|teamsize|p1|6\n|teamsize|p2|6\n|gen|9\n|tier|[Gen 9] National Dex Ubers\n|rule|HP Percentage Mod: HP is shown in percentages\n|rule|Endless Battle Clause: Forcing endless battles is banned\n|rule|OHKO Clause: OHKO moves are banned\n|rule|Evasion Moves Clause: Evasion moves are banned\n|rule|Evasion Items Clause: Evasion items are banned\n|rule|Species Clause: Limit one of each Pok\u00e9mon\n|rule|Sleep Clause Mod: Limit one foe put to sleep\n|rule|Mega Rayquaza Clause: You cannot mega evolve Rayquaza\n|clearpoke\n|poke|p1|Ribombee, F|\n|poke|p1|Ogerpon-Wellspring, F|\n|poke|p1|Porygon-Z|\n|poke|p1|Eternatus|\n|poke|p1|Lopunny, F|\n|poke|p1|Kyurem|\n|poke|p2|Milotic, F|\n|poke|p2|Urshifu-*, F|\n|poke|p2|Palkia-Origin|\n|poke|p2|Gliscor, F|\n|poke|p2|Garchomp, M|\n|poke|p2|Yanmega, M|\n|teampreview\n|\n|t:|1699284172\n|start\n|switch|p1a: Wishing 4 Webz|Ribombee, F, shiny|100\/100\n|switch|p2a: Urshifu|Urshifu-Rapid-Strike, F|100\/100\n|turn|1\n|\n|t:|1699284184\n|move|p2a: Urshifu|Surging Strikes|p1a: Wishing 4 Webz\n|-crit|p1a: Wishing 4 Webz\n|-damage|p1a: Wishing 4 Webz|60\/100\n|-crit|p1a: Wishing 4 Webz\n|-damage|p1a: Wishing 4 Webz|22\/100\n|-crit|p1a: Wishing 4 Webz\n|-damage|p1a: Wishing 4 Webz|0 fnt\n|faint|p1a: Wishing 4 Webz\n|-hitcount|p1: Wishing 4 Webz|3\n|\n|upkeep\n|\n|t:|1699284191\n|switch|p1a: Major Cudgel|Ogerpon-Wellspring, F|100\/100\n|turn|2\n|\n|t:|1699284202\n|switch|p2a: Gliscor|Gliscor, F|100\/100\n|move|p1a: Major Cudgel|Swords Dance|p1a: Major Cudgel\n|-boost|p1a: Major Cudgel|atk|2\n|\n|-status|p2a: Gliscor|tox|[from] item: Toxic Orb\n|upkeep\n|turn|3\n|\n|t:|1699284216\n|move|p2a: Gliscor|Protect|p2a: Gliscor\n|-singleturn|p2a: Gliscor|Protect\n|move|p1a: Major Cudgel|Trailblaze|p2a: Gliscor\n|-activate|p2a: Gliscor|move: Protect\n|\n|upkeep\n|turn|4\n|\n|t:|1699284227\n|move|p1a: Major Cudgel|Ivy Cudgel|p2a: Gliscor\n|-supereffective|p2a: Gliscor\n|-damage|p2a: Gliscor|0 fnt\n|faint|p2a: Gliscor\n|\n|upkeep\n|\n|t:|1699284242\n|switch|p2a: Urshifu|Urshifu-Rapid-Strike, F|100\/100\n|turn|5\n|\n|t:|1699284252\n|move|p2a: Urshifu|U-turn|p1a: Major Cudgel\n|-supereffective|p1a: Major Cudgel\n|-damage|p1a: Major Cudgel|32\/100\n|j| RenzFlintrock\n|\n|t:|1699284258\n|switch|p2a: Palkia|Palkia-Origin|100\/100|[from] U-turn\n|-ability|p2a: Palkia|Pressure\n|move|p1a: Major Cudgel|Trailblaze|p2a: Palkia\n|-damage|p2a: Palkia|32\/100\n|-boost|p1a: Major Cudgel|spe|1\n|\n|upkeep\n|turn|6\n|\n|t:|1699284269\n|move|p1a: Major Cudgel|Trailblaze|p2a: Palkia\n|-damage|p2a: Palkia|0 fnt\n|-boost|p1a: Major Cudgel|spe|1\n|faint|p2a: Palkia\n|\n|upkeep\n|\n|t:|1699284276\n|switch|p2a: Milotic|Milotic, F, shiny|100\/100\n|turn|7\n|\n|t:|1699284283\n|move|p1a: Major Cudgel|Trailblaze|p2a: Milotic\n|-supereffective|p2a: Milotic\n|-damage|p2a: Milotic|0 fnt\n|-boost|p1a: Major Cudgel|spe|1\n|faint|p2a: Milotic\n|\n|upkeep\n|\n|t:|1699284297\n|switch|p2a: Garchomp|Garchomp, M|100\/100\n|turn|8\n|\n|t:|1699284305\n|move|p1a: Major Cudgel|Ivy Cudgel|p2a: Garchomp\n|-damage|p2a: Garchomp|0 fnt\n|faint|p2a: Garchomp\n|\n|upkeep\n|\n|t:|1699284312\n|switch|p2a: Urshifu|Urshifu-Rapid-Strike, F|100\/100\n|turn|9\n|\n|t:|1699284326\n|move|p2a: Urshifu|Aqua Jet|p1a: Major Cudgel\n|-heal|p1a: Major Cudgel|57\/100|[from] ability: Water Absorb|[of] p2a: Urshifu\n|move|p1a: Major Cudgel|Play Rough|p2a: Urshifu\n|-supereffective|p2a: Urshifu\n|-damage|p2a: Urshifu|0 fnt\n|faint|p2a: Urshifu\n|\n|upkeep\n|\n|t:|1699284334\n|switch|p2a: Yanmega|Yanmega, M, shiny|100\/100\n|turn|10\n|\n|t:|1699284339\n|-terastallize|p2a: Yanmega|Ground\n|move|p2a: Yanmega|Protect|p2a: Yanmega\n|-singleturn|p2a: Yanmega|Protect\n|move|p1a: Major Cudgel|Ivy Cudgel|p2a: Yanmega\n|-activate|p2a: Yanmega|move: Protect\n|\n|-ability|p2a: Yanmega|Speed Boost|boost\n|-boost|p2a: Yanmega|spe|1\n|upkeep\n|turn|11\n|\n|t:|1699284355\n|move|p2a: Yanmega|Protect||[still]\n|-fail|p2a: Yanmega\n|move|p1a: Major Cudgel|Ivy Cudgel|p2a: Yanmega\n|-supereffective|p2a: Yanmega\n|-damage|p2a: Yanmega|0 fnt\n|faint|p2a: Yanmega\n|\n|win|Vario 64\u2606\u5f61\n|l|\u2606Vario 64\u2606\u5f61\n","uploadtime":1699284366,"views":5,"p1id":"vario64","p2id":"skylarsoren","formatid":"gen9nationaldexubers","rating":0,"private":0,"password":""}