{"id":"gen9nationaldexubers-2000654973","p1":"Wikit","p2":"biden brane","format":"[Gen 9] National Dex Ubers","log":"|j|\u2606Wikit\n|j|\u2606biden brane\n|t:|1701215097\n|gametype|singles\n|player|p1|Wikit|2|\n|player|p2|biden brane|giovanni|\n|teamsize|p1|6\n|teamsize|p2|6\n|gen|9\n|tier|[Gen 9] National Dex Ubers\n|rule|HP Percentage Mod: HP is shown in percentages\n|rule|Endless Battle Clause: Forcing endless battles is banned\n|rule|OHKO Clause: OHKO moves are banned\n|rule|Evasion Moves Clause: Evasion moves are banned\n|rule|Evasion Items Clause: Evasion items are banned\n|rule|Species Clause: Limit one of each Pok\u00e9mon\n|rule|Sleep Clause Mod: Limit one foe put to sleep\n|rule|Mega Rayquaza Clause: You cannot mega evolve Rayquaza\n|clearpoke\n|poke|p1|Iron Valiant|\n|poke|p1|Tapu Koko|\n|poke|p1|Dracovish|\n|poke|p1|Lopunny, M|\n|poke|p1|Iron Treads|\n|poke|p1|Grimmsnarl, M|\n|poke|p2|Landorus-Therian, M|\n|poke|p2|Charizard, F|\n|poke|p2|Scizor, M|\n|poke|p2|Slowking-Galar, F|\n|poke|p2|Sandy Shocks|\n|poke|p2|Serperior, F|\n|teampreview\n|inactive|Battle timer is ON: inactive players will automatically lose when time's up. (requested by biden brane)\n|\n|t:|1701215105\n|start\n|switch|p1a: Dracovish|Dracovish|100\/100\n|switch|p2a: Landorus|Landorus-Therian, M|100\/100\n|-ability|p2a: Landorus|Intimidate|boost\n|-unboost|p1a: Dracovish|atk|1\n|turn|1\n|\n|t:|1701215112\n|switch|p2a: Serperior|Serperior, F|100\/100\n|move|p1a: Dracovish|Fishious Rend|p2a: Serperior\n|-resisted|p2a: Serperior\n|-damage|p2a: Serperior|54\/100\n|\n|upkeep\n|turn|2\n|\n|t:|1701215125\n|switch|p1a: Grimmsnarl|Grimmsnarl, M|100\/100\n|move|p2a: Serperior|Leaf Storm|p1a: Grimmsnarl\n|-damage|p1a: Grimmsnarl|68\/100\n|-boost|p2a: Serperior|spa|2\n|\n|upkeep\n|turn|3\n|\n|t:|1701215134\n|move|p1a: Grimmsnarl|Thunder Wave|p2a: Serperior|[miss]\n|-miss|p1a: Grimmsnarl|p2a: Serperior\n|move|p2a: Serperior|Leaf Storm|p1a: Grimmsnarl\n|-damage|p1a: Grimmsnarl|0 fnt\n|-boost|p2a: Serperior|spa|2\n|faint|p1a: Grimmsnarl\n|\n|upkeep\n|\n|t:|1701215146\n|switch|p1a: Lopunny|Lopunny, M|100\/100\n|turn|4\n|\n|t:|1701215149\n|detailschange|p1a: Lopunny|Lopunny-Mega, M\n|-mega|p1a: Lopunny|Lopunny|Lopunnite\n|move|p1a: Lopunny|Fake Out|p2a: Serperior\n|-damage|p2a: Serperior|20\/100\n|cant|p2a: Serperior|flinch\n|\n|upkeep\n|turn|5\n|\n|t:|1701215156\n|move|p1a: Lopunny|Quick Attack|p2a: Serperior\n|-damage|p2a: Serperior|0 fnt\n|faint|p2a: Serperior\n|\n|upkeep\n|\n|t:|1701215174\n|switch|p2a: Charizard|Charizard, F|100\/100\n|turn|6\n|inactive|Wikit has 270 seconds left.\n|\n|t:|1701215208\n|switch|p1a: Iron Treads|Iron Treads|100\/100\n|move|p2a: Charizard|Dragon Dance|p2a: Charizard\n|-boost|p2a: Charizard|atk|1\n|-boost|p2a: Charizard|spe|1\n|\n|upkeep\n|turn|7\n|inactive|Wikit has 270 seconds left.\n|\n|t:|1701215231\n|detailschange|p2a: Charizard|Charizard-Mega-X, F\n|-mega|p2a: Charizard|Charizard|Charizardite X\n|move|p2a: Charizard|Flare Blitz|p1a: Iron Treads\n|-supereffective|p1a: Iron Treads\n|-damage|p1a: Iron Treads|0 fnt\n|faint|p1a: Iron Treads\n|-end|p1a: Iron Treads|Quark Drive|[silent]\n|-damage|p2a: Charizard|65\/100|[from] Recoil\n|\n|upkeep\n|\n|t:|1701215256\n|switch|p1a: Lopunny|Lopunny-Mega, M|100\/100\n|turn|8\n|\n|t:|1701215260\n|move|p1a: Lopunny|Fake Out|p2a: Charizard\n|-damage|p2a: Charizard|41\/100\n|cant|p2a: Charizard|flinch\n|\n|upkeep\n|turn|9\n|\n|t:|1701215278\n|switch|p1a: Tapu Koko|Tapu Koko|100\/100\n|-fieldstart|move: Electric Terrain|[from] ability: Electric Surge|[of] p1a: Tapu Koko\n|move|p2a: Charizard|Roost|p2a: Charizard\n|-heal|p2a: Charizard|91\/100\n|-singleturn|p2a: Charizard|move: Roost\n|\n|upkeep\n|turn|10\n|\n|t:|1701215297\n|move|p2a: Charizard|Dragon Dance|p2a: Charizard\n|-boost|p2a: Charizard|atk|1\n|-boost|p2a: Charizard|spe|1\n|move|p1a: Tapu Koko|Dazzling Gleam|p2a: Charizard\n|-damage|p2a: Charizard|49\/100\n|\n|upkeep\n|turn|11\n|\n|t:|1701215304\n|move|p2a: Charizard|Flare Blitz|p1a: Tapu Koko\n|-damage|p1a: Tapu Koko|0 fnt\n|faint|p1a: Tapu Koko\n|-damage|p2a: Charizard|18\/100|[from] Recoil\n|\n|upkeep\n|\n|t:|1701215308\n|switch|p1a: Lopunny|Lopunny-Mega, M|100\/100\n|turn|12\n|\n|t:|1701215313\n|move|p1a: Lopunny|Fake Out|p2a: Charizard\n|-damage|p2a: Charizard|0 fnt\n|faint|p2a: Charizard\n|\n|upkeep\n|\n|t:|1701215325\n|switch|p2a: Slowking|Slowking-Galar, F|100\/100\n|turn|13\n|inactive|Wikit has 270 seconds left.\n|\n|t:|1701215352\n|switch|p1a: Dracovish|Dracovish|100\/100\n|move|p2a: Slowking|Future Sight|p1a: Dracovish\n|-start|p2a: Slowking|move: Future Sight\n|\n|upkeep\n|turn|14\n|\n|t:|1701215364\n|switch|p2a: Landorus|Landorus-Therian, M|100\/100\n|-ability|p2a: Landorus|Intimidate|boost\n|-unboost|p1a: Dracovish|atk|1\n|move|p1a: Dracovish|Fishious Rend|p2a: Landorus\n|-supereffective|p2a: Landorus\n|-damage|p2a: Landorus|11\/100\n|\n|-heal|p2a: Landorus|17\/100|[from] item: Leftovers\n|upkeep\n|turn|15\n|inactive|Wikit has 270 seconds left.\n|inactive|Wikit has 240 seconds left.\n|inactive|Wikit has 210 seconds left.\n|\n|t:|1701215450\n|switch|p1a: Iron Valiant|Iron Valiant|100\/100\n|-activate|p1a: Iron Valiant|ability: Quark Drive\n|-start|p1a: Iron Valiant|quarkdrivespe\n|move|p2a: Landorus|Stealth Rock|p1a: Iron Valiant\n|-sidestart|p1: Wikit|move: Stealth Rock\n|\n|-end|p1a: Iron Valiant|move: Future Sight\n|-supereffective|p1a: Iron Valiant\n|-damage|p1a: Iron Valiant|0 fnt\n|faint|p1a: Iron Valiant\n|-end|p1a: Iron Valiant|Quark Drive|[silent]\n|-heal|p2a: Landorus|23\/100|[from] item: Leftovers\n|upkeep\n|\n|t:|1701215461\n|switch|p1a: Dracovish|Dracovish|100\/100\n|-damage|p1a: Dracovish|88\/100|[from] Stealth Rock\n|turn|16\n|\n|t:|1701215479\n|move|p1a: Dracovish|Fishious Rend|p2a: Landorus\n|-supereffective|p2a: Landorus\n|-damage|p2a: Landorus|0 fnt\n|faint|p2a: Landorus\n|\n|-fieldend|move: Electric Terrain\n|upkeep\n|\n|t:|1701215485\n|switch|p2a: Sandy Shocks|Sandy Shocks|100\/100\n|turn|17\n|\n|t:|1701215489\n|move|p2a: Sandy Shocks|Earth Power|p1a: Dracovish\n|-damage|p1a: Dracovish|35\/100\n|move|p1a: Dracovish|Fishious Rend|p2a: Sandy Shocks\n|-supereffective|p2a: Sandy Shocks\n|-damage|p2a: Sandy Shocks|0 fnt\n|faint|p2a: Sandy Shocks\n|-end|p2a: Sandy Shocks|Protosynthesis|[silent]\n|\n|upkeep\n|\n|t:|1701215497\n|switch|p2a: Scizor|Scizor, M|100\/100\n|turn|18\n|inactive|Wikit has 210 seconds left.\n|\n|t:|1701215522\n|move|p2a: Scizor|Bullet Punch|p1a: Dracovish\n|-resisted|p1a: Dracovish\n|-damage|p1a: Dracovish|21\/100\n|move|p1a: Dracovish|Fishious Rend|p2a: Scizor\n|-damage|p2a: Scizor|66\/100\n|\n|upkeep\n|turn|19\n|\n|t:|1701215529\n|switch|p1a: Lopunny|Lopunny-Mega, M|100\/100\n|-damage|p1a: Lopunny|95\/100|[from] Stealth Rock\n|move|p2a: Scizor|Bullet Punch|p1a: Lopunny\n|-damage|p1a: Lopunny|63\/100\n|\n|upkeep\n|turn|20\n|inactive|Wikit has 210 seconds left.\n|\n|t:|1701215545\n|switch|p1a: Dracovish|Dracovish|21\/100\n|-damage|p1a: Dracovish|8\/100|[from] Stealth Rock\n|switch|p2a: Slowking|Slowking-Galar, F|100\/100\n|\n|upkeep\n|turn|21\n|\n|t:|1701215561\n|move|p1a: Dracovish|Fishious Rend|p2a: Slowking\n|-damage|p2a: Slowking|23\/100\n|move|p2a: Slowking|Psychic|p1a: Dracovish\n|-damage|p1a: Dracovish|0 fnt\n|faint|p1a: Dracovish\n|\n|upkeep\n|\n|t:|1701215567\n|switch|p1a: Lopunny|Lopunny-Mega, M|63\/100\n|-damage|p1a: Lopunny|57\/100|[from] Stealth Rock\n|turn|22\n|\n|t:|1701215578\n|switch|p2a: Scizor|Scizor, M|66\/100\n|move|p1a: Lopunny|Fake Out|p2a: Scizor\n|-resisted|p2a: Scizor\n|-damage|p2a: Scizor|57\/100\n|\n|upkeep\n|turn|23\n|\n|t:|1701215584\n|move|p1a: Lopunny|Close Combat|p2a: Scizor\n|-damage|p2a: Scizor|5\/100\n|-unboost|p1a: Lopunny|def|1\n|-unboost|p1a: Lopunny|spd|1\n|move|p2a: Scizor|Roost|p2a: Scizor\n|-heal|p2a: Scizor|55\/100\n|-singleturn|p2a: Scizor|move: Roost\n|\n|upkeep\n|turn|24\n|inactive|Wikit has 240 seconds left.\n|\n|t:|1701215597\n|move|p1a: Lopunny|Close Combat|p2a: Scizor\n|-damage|p2a: Scizor|7\/100\n|-unboost|p1a: Lopunny|def|1\n|-unboost|p1a: Lopunny|spd|1\n|move|p2a: Scizor|Roost|p2a: Scizor\n|-heal|p2a: Scizor|57\/100\n|-singleturn|p2a: Scizor|move: Roost\n|\n|upkeep\n|turn|25\n|\n|t:|1701215605\n|move|p1a: Lopunny|Close Combat|p2a: Scizor\n|-damage|p2a: Scizor|9\/100\n|-unboost|p1a: Lopunny|def|1\n|-unboost|p1a: Lopunny|spd|1\n|move|p2a: Scizor|Roost|p2a: Scizor\n|-heal|p2a: Scizor|59\/100\n|-singleturn|p2a: Scizor|move: Roost\n|\n|upkeep\n|turn|26\n|\n|t:|1701215618\n|move|p2a: Scizor|Bullet Punch|p1a: Lopunny\n|-damage|p1a: Lopunny|0 fnt\n|faint|p1a: Lopunny\n|\n|win|biden brane\n","uploadtime":1701215627,"views":1,"p1id":"wikit","p2id":"bidenbrane","formatid":"gen9nationaldexubers","rating":0,"private":0,"password":""}