{"id":"gen9nationaldexubers-1986226235","p1":"Ginesect","p2":"michael213","format":"[Gen 9] National Dex Ubers","log":"|j|\u2606Ginesect\n|j|\u2606michael213\n|t:|1699461421\n|gametype|singles\n|player|p1|Ginesect|workerice|\n|player|p2|michael213|akari|\n|teamsize|p1|6\n|teamsize|p2|6\n|gen|9\n|tier|[Gen 9] National Dex Ubers\n|rule|HP Percentage Mod: HP is shown in percentages\n|rule|Endless Battle Clause: Forcing endless battles is banned\n|rule|OHKO Clause: OHKO moves are banned\n|rule|Evasion Moves Clause: Evasion moves are banned\n|rule|Evasion Items Clause: Evasion items are banned\n|rule|Species Clause: Limit one of each Pok\u00e9mon\n|rule|Sleep Clause Mod: Limit one foe put to sleep\n|rule|Mega Rayquaza Clause: You cannot mega evolve Rayquaza\n|clearpoke\n|poke|p1|Chien-Pao|\n|poke|p1|Mandibuzz, F|\n|poke|p1|Mawile, F|\n|poke|p1|Grimmsnarl, M|\n|poke|p1|Greninja-*, M|\n|poke|p1|Ting-Lu|\n|poke|p2|Roaring Moon|\n|poke|p2|Clodsire, F|\n|poke|p2|Jirachi|\n|poke|p2|Samurott-Hisui, M|\n|poke|p2|Zapdos|\n|poke|p2|Medicham, M|\n|teampreview\n|inactive|Battle timer is ON: inactive players will automatically lose when time's up. (requested by michael213)\n|inactive|Ginesect has 270 seconds left.\n|inactive|Ginesect has 240 seconds left.\n|\n|t:|1699461484\n|start\n|switch|p1a: Ting-Lu|Ting-Lu|100\/100\n|switch|p2a: Jirachi|Jirachi, shiny|100\/100\n|-ability|p1a: Ting-Lu|Vessel of Ruin\n|turn|1\n|\n|t:|1699461493\n|move|p2a: Jirachi|U-turn|p1a: Ting-Lu\n|-supereffective|p1a: Ting-Lu\n|-damage|p1a: Ting-Lu|80\/100\n|\n|t:|1699461495\n|switch|p2a: Samurott|Samurott-Hisui, M, shiny|100\/100|[from] U-turn\n|move|p1a: Ting-Lu|Stealth Rock|p2a: Samurott\n|-sidestart|p2: michael213|move: Stealth Rock\n|\n|-heal|p1a: Ting-Lu|86\/100|[from] item: Leftovers\n|upkeep\n|turn|2\n|\n|t:|1699461506\n|move|p2a: Samurott|Swords Dance|p2a: Samurott\n|-boost|p2a: Samurott|atk|2\n|move|p1a: Ting-Lu|Whirlwind|p2a: Samurott\n|drag|p2a: Clodsire|Clodsire, F, shiny|100\/100\n|-damage|p2a: Clodsire|94\/100|[from] Stealth Rock\n|\n|-heal|p1a: Ting-Lu|93\/100|[from] item: Leftovers\n|-heal|p2a: Clodsire|100\/100|[from] item: Leftovers\n|upkeep\n|turn|3\n|\n|t:|1699461510\n|move|p1a: Ting-Lu|Earthquake|p2a: Clodsire\n|-supereffective|p2a: Clodsire\n|-damage|p2a: Clodsire|15\/100\n|move|p2a: Clodsire|Stealth Rock|p1a: Ting-Lu\n|-sidestart|p1: Ginesect|move: Stealth Rock\n|\n|-heal|p1a: Ting-Lu|99\/100|[from] item: Leftovers\n|-heal|p2a: Clodsire|21\/100|[from] item: Leftovers\n|upkeep\n|turn|4\n|\n|t:|1699461517\n|switch|p2a: Zapdos|Zapdos, shiny|100\/100\n|move|p1a: Ting-Lu|Whirlwind|p2a: Zapdos\n|drag|p2a: Medicham|Medicham, M, shiny|100\/100\n|-damage|p2a: Medicham|94\/100|[from] Stealth Rock\n|\n|-heal|p1a: Ting-Lu|100\/100|[from] item: Leftovers\n|upkeep\n|turn|5\n|\n|t:|1699461527\n|detailschange|p2a: Medicham|Medicham-Mega, M, shiny\n|-mega|p2a: Medicham|Medicham|Medichamite\n|move|p1a: Ting-Lu|Protect|p1a: Ting-Lu\n|-singleturn|p1a: Ting-Lu|Protect\n|move|p2a: Medicham|Close Combat|p1a: Ting-Lu\n|-activate|p1a: Ting-Lu|move: Protect\n|\n|upkeep\n|turn|6\n|\n|t:|1699461534\n|-terastallize|p1a: Ting-Lu|Fairy\n|move|p2a: Medicham|Close Combat|p1a: Ting-Lu\n|-resisted|p1a: Ting-Lu\n|-damage|p1a: Ting-Lu|77\/100\n|-unboost|p2a: Medicham|def|1\n|-unboost|p2a: Medicham|spd|1\n|move|p1a: Ting-Lu|Earthquake|p2a: Medicham\n|-damage|p2a: Medicham|10\/100\n|\n|-heal|p1a: Ting-Lu|83\/100|[from] item: Leftovers\n|upkeep\n|turn|7\n|\n|t:|1699461540\n|move|p2a: Medicham|Poison Jab|p1a: Ting-Lu\n|-supereffective|p1a: Ting-Lu\n|-damage|p1a: Ting-Lu|40\/100\n|-status|p1a: Ting-Lu|psn\n|move|p1a: Ting-Lu|Earthquake|p2a: Medicham\n|-damage|p2a: Medicham|0 fnt\n|faint|p2a: Medicham\n|\n|-heal|p1a: Ting-Lu|46\/100 psn|[from] item: Leftovers\n|-damage|p1a: Ting-Lu|33\/100 psn|[from] psn\n|upkeep\n|c|\u2606Ginesect|Oof\n|\n|t:|1699461555\n|switch|p2a: Zapdos|Zapdos, shiny|100\/100\n|turn|8\n|\n|t:|1699461567\n|move|p2a: Zapdos|Defog|p1a: Ting-Lu\n|-unboost|p1a: Ting-Lu|evasion|1\n|-sideend|p1: Ginesect|Stealth Rock|[from] move: Defog|[of] p2a: Zapdos\n|-sideend|p2: michael213|Stealth Rock|[from] move: Defog|[of] p2a: Zapdos\n|move|p1a: Ting-Lu|Stealth Rock|p2a: Zapdos\n|-sidestart|p2: michael213|move: Stealth Rock\n|\n|-heal|p1a: Ting-Lu|40\/100 psn|[from] item: Leftovers\n|-damage|p1a: Ting-Lu|27\/100 psn|[from] psn\n|upkeep\n|turn|9\n|\n|t:|1699461575\n|switch|p1a: Grimmsnarl|Grimmsnarl, M|100\/100\n|move|p2a: Zapdos|Defog|p1a: Grimmsnarl\n|-unboost|p1a: Grimmsnarl|evasion|1\n|-sideend|p2: michael213|Stealth Rock|[from] move: Defog|[of] p2a: Zapdos\n|\n|upkeep\n|turn|10\n|\n|t:|1699461577\n|move|p1a: Grimmsnarl|Light Screen|p1a: Grimmsnarl\n|-sidestart|p1: Ginesect|move: Light Screen\n|move|p2a: Zapdos|Volt Switch|p1a: Grimmsnarl\n|-damage|p1a: Grimmsnarl|89\/100\n|\n|t:|1699461580\n|switch|p2a: Clodsire|Clodsire, F, shiny|21\/100|[from] Volt Switch\n|\n|-heal|p2a: Clodsire|28\/100|[from] item: Leftovers\n|upkeep\n|turn|11\n|\n|t:|1699461590\n|move|p1a: Grimmsnarl|Reflect|p1a: Grimmsnarl\n|-sidestart|p1: Ginesect|Reflect\n|move|p2a: Clodsire|Recover|p2a: Clodsire\n|-heal|p2a: Clodsire|78\/100\n|\n|-heal|p2a: Clodsire|84\/100|[from] item: Leftovers\n|upkeep\n|turn|12\n|\n|t:|1699461594\n|move|p1a: Grimmsnarl|Parting Shot|p2a: Clodsire\n|-unboost|p2a: Clodsire|atk|1\n|-unboost|p2a: Clodsire|spa|1\n|\n|t:|1699461596\n|switch|p1a: Mawile|Mawile, F|100\/100|[from] Parting Shot\n|-ability|p1a: Mawile|Intimidate|boost\n|-unboost|p2a: Clodsire|atk|1\n|move|p2a: Clodsire|Toxic|p1a: Mawile\n|-immune|p1a: Mawile\n|\n|-heal|p2a: Clodsire|90\/100|[from] item: Leftovers\n|upkeep\n|turn|13\n|\n|t:|1699461599\n|switch|p2a: Zapdos|Zapdos, shiny|100\/100\n|detailschange|p1a: Mawile|Mawile-Mega, F\n|-mega|p1a: Mawile|Mawile|Mawilite\n|move|p1a: Mawile|Swords Dance|p1a: Mawile\n|-boost|p1a: Mawile|atk|2\n|\n|upkeep\n|turn|14\n|\n|t:|1699461605\n|move|p2a: Zapdos|Hurricane|p1a: Mawile\n|-resisted|p1a: Mawile\n|-damage|p1a: Mawile|84\/100\n|-start|p1a: Mawile|confusion\n|-activate|p1a: Mawile|confusion\n|move|p1a: Mawile|Play Rough|p2a: Zapdos\n|-damage|p2a: Zapdos|0 fnt\n|faint|p2a: Zapdos\n|\n|upkeep\n|\n|t:|1699461618\n|switch|p2a: Roaring Moon|Roaring Moon, shiny|100\/100\n|-enditem|p2a: Roaring Moon|Booster Energy\n|-activate|p2a: Roaring Moon|ability: Protosynthesis|[fromitem]\n|-start|p2a: Roaring Moon|protosynthesisatk\n|turn|15\n|\n|t:|1699461629\n|move|p2a: Roaring Moon|Brick Break|p1a: Mawile\n|-sideend|p1: Ginesect|Reflect\n|-sideend|p1: Ginesect|move: Light Screen\n|-damage|p1a: Mawile|50\/100\n|-activate|p1a: Mawile|confusion\n|move|p1a: Mawile|Play Rough|p2a: Roaring Moon\n|-supereffective|p2a: Roaring Moon\n|-damage|p2a: Roaring Moon|0 fnt\n|faint|p2a: Roaring Moon\n|-end|p2a: Roaring Moon|Protosynthesis|[silent]\n|\n|upkeep\n|\n|t:|1699461635\n|switch|p2a: Samurott|Samurott-Hisui, M, shiny|100\/100\n|turn|16\n|c|\u2606Ginesect|Damn\n|j| Kramaltsyzer\n|\n|t:|1699461642\n|-terastallize|p2a: Samurott|Fighting\n|move|p2a: Samurott|Sacred Sword|p1a: Mawile\n|-damage|p1a: Mawile|0 fnt\n|faint|p1a: Mawile\n|\n|upkeep\n|j| Yericky\n|c| Yericky|gin\n|\n|t:|1699461654\n|switch|p1a: Greninja|Greninja, M|100\/100\n|turn|17\n|c| Yericky|it might be ai making time\n|\n|t:|1699461663\n|move|p1a: Greninja|Extrasensory|p2a: Samurott\n|-supereffective|p2a: Samurott\n|-damage|p2a: Samurott|34\/100\n|move|p2a: Samurott|Sacred Sword|p1a: Greninja\n|-supereffective|p1a: Greninja\n|-crit|p1a: Greninja\n|-enditem|p1a: Greninja|Focus Sash\n|-damage|p1a: Greninja|1\/100\n|\n|upkeep\n|turn|18\n|c| Yericky|SAUCED\n|\n|t:|1699461667\n|move|p2a: Samurott|Aqua Jet|p1a: Greninja\n|-resisted|p1a: Greninja\n|-damage|p1a: Greninja|0 fnt\n|faint|p1a: Greninja\n|\n|upkeep\n|\n|t:|1699461677\n|switch|p1a: Chien-Pao|Chien-Pao|100\/100\n|-ability|p1a: Chien-Pao|Sword of Ruin\n|turn|19\n|\n|t:|1699461681\n|move|p2a: Samurott|Aqua Jet|p1a: Chien-Pao\n|-damage|p1a: Chien-Pao|73\/100\n|move|p1a: Chien-Pao|Crunch|p2a: Samurott\n|-resisted|p2a: Samurott\n|-damage|p2a: Samurott|0 fnt\n|faint|p2a: Samurott\n|\n|upkeep\n|\n|t:|1699461686\n|switch|p2a: Jirachi|Jirachi, shiny|100\/100\n|turn|20\n|\n|t:|1699461690\n|switch|p1a: Mandibuzz|Mandibuzz, F|100\/100\n|move|p2a: Jirachi|Iron Head|p1a: Mandibuzz\n|-damage|p1a: Mandibuzz|79\/100\n|\n|upkeep\n|turn|21\n|\n|t:|1699461695\n|switch|p2a: Clodsire|Clodsire, F, shiny|90\/100\n|move|p1a: Mandibuzz|Foul Play|p2a: Clodsire\n|-damage|p2a: Clodsire|59\/100\n|\n|-heal|p2a: Clodsire|65\/100|[from] item: Leftovers\n|upkeep\n|turn|22\n|\n|t:|1699461700\n|switch|p1a: Ting-Lu|Ting-Lu, tera:Fairy|27\/100 psn\n|-ability|p1a: Ting-Lu|Vessel of Ruin\n|move|p2a: Clodsire|Stealth Rock|p1a: Ting-Lu\n|-sidestart|p1: Ginesect|move: Stealth Rock\n|\n|-heal|p1a: Ting-Lu|33\/100 psn|[from] item: Leftovers\n|-heal|p2a: Clodsire|72\/100|[from] item: Leftovers\n|-damage|p1a: Ting-Lu|21\/100 psn|[from] psn\n|upkeep\n|turn|23\n|c| Kramaltsyzer|I joined\n|\n|t:|1699461706\n|move|p1a: Ting-Lu|Earthquake|p2a: Clodsire\n|-supereffective|p2a: Clodsire\n|-damage|p2a: Clodsire|0 fnt\n|faint|p2a: Clodsire\n|\n|-heal|p1a: Ting-Lu|27\/100 psn|[from] item: Leftovers\n|-damage|p1a: Ting-Lu|15\/100 psn|[from] psn\n|upkeep\n|\n|t:|1699461708\n|switch|p2a: Jirachi|Jirachi, shiny|100\/100\n|turn|24\n|c| Kramaltsyzer|If that makes you feel happy\n|c|\u2606Ginesect|gg\n|\n|t:|1699461712\n|move|p2a: Jirachi|Iron Head|p1a: Ting-Lu\n|-supereffective|p1a: Ting-Lu\n|-damage|p1a: Ting-Lu|0 fnt\n|faint|p1a: Ting-Lu\n|\n|upkeep\n|c| Yericky|gg breezy\n|j| Just B3A$T\n|\n|t:|1699461717\n|switch|p1a: Mandibuzz|Mandibuzz, F|79\/100\n|turn|25\n|\n|t:|1699461720\n|move|p2a: Jirachi|Iron Head|p1a: Mandibuzz\n|-crit|p1a: Mandibuzz\n|-damage|p1a: Mandibuzz|51\/100\n|move|p1a: Mandibuzz|Foul Play|p2a: Jirachi\n|-supereffective|p2a: Jirachi\n|-damage|p2a: Jirachi|21\/100\n|\n|upkeep\n|turn|26\n|c| Just B3A$T|here\n|\n|t:|1699461725\n|move|p2a: Jirachi|Iron Head|p1a: Mandibuzz\n|-damage|p1a: Mandibuzz|33\/100\n|cant|p1a: Mandibuzz|flinch\n|\n|upkeep\n|turn|27\n|\n|t:|1699461730\n|move|p2a: Jirachi|Iron Head|p1a: Mandibuzz\n|-damage|p1a: Mandibuzz|13\/100\n|cant|p1a: Mandibuzz|flinch\n|\n|upkeep\n|turn|28\n|c| Yericky|hey\n|\n|t:|1699461733\n|move|p2a: Jirachi|Iron Head|p1a: Mandibuzz\n|-damage|p1a: Mandibuzz|0 fnt\n|faint|p1a: Mandibuzz\n|\n|upkeep\n|\n|t:|1699461735\n|switch|p1a: Chien-Pao|Chien-Pao|73\/100\n|-damage|p1a: Chien-Pao|48\/100|[from] Stealth Rock\n|-ability|p1a: Chien-Pao|Sword of Ruin\n|turn|29\n|c| Yericky|WE STILL CAN FLINCH\n|\n|t:|1699461737\n|move|p1a: Chien-Pao|Sucker Punch|p2a: Jirachi\n|-supereffective|p2a: Jirachi\n|-damage|p2a: Jirachi|0 fnt\n|faint|p2a: Jirachi\n|\n|win|Ginesect\n|c|\u2606michael213|gg\n|c| Yericky|YESSIR\n|c|\u2606Ginesect|gg\n|l|\u2606michael213\n|c| Yericky|YESSIR\n|j|\u2606michael213\n|player|p2|michael213|akari\n|c| Kramaltsyzer|Gg\n|l|\u2606michael213\n|player|p2|\n|c| Yericky|sad\n|j|\u2606michael213\n|player|p2|michael213|akari\n|l|\u2606michael213\n|player|p2|\n|l| Yericky\n|l| Kramaltsyzer\n","uploadtime":1699461794,"views":8,"p1id":"ginesect","p2id":"michael213","formatid":"gen9nationaldexubers","rating":0,"private":0,"password":""}