{"id":"gen9nationaldexubers-1988745790","p1":"Drossito Pambisito","p2":"Rhyfinn 04","format":"[Gen 9] National Dex Ubers","log":"|j|\u2606Drossito Pambisito\n|j|\u2606Rhyfinn 04\n|t:|1699757792\n|gametype|singles\n|player|p1|Drossito Pambisito|2|1475\n|player|p2|Rhyfinn 04|alder|1258\n|teamsize|p1|6\n|teamsize|p2|6\n|gen|9\n|tier|[Gen 9] National Dex Ubers\n|rated|\n|rule|HP Percentage Mod: HP is shown in percentages\n|rule|Endless Battle Clause: Forcing endless battles is banned\n|rule|OHKO Clause: OHKO moves are banned\n|rule|Evasion Moves Clause: Evasion moves are banned\n|rule|Evasion Items Clause: Evasion items are banned\n|rule|Species Clause: Limit one of each Pok\u00e9mon\n|rule|Sleep Clause Mod: Limit one foe put to sleep\n|rule|Mega Rayquaza Clause: You cannot mega evolve Rayquaza\n|clearpoke\n|poke|p1|Metagross|\n|poke|p1|Kyurem-White|\n|poke|p1|Shuckle, F|\n|poke|p1|Xerneas-*|\n|poke|p1|Marshadow|\n|poke|p1|Palafin, F|\n|poke|p2|Groudon|\n|poke|p2|Xerneas-*|\n|poke|p2|Marshadow|\n|poke|p2|Necrozma-Dusk-Mane|\n|poke|p2|Deoxys-Speed|\n|poke|p2|Pheromosa|\n|teampreview\n|inactive|Battle timer is ON: inactive players will automatically lose when time's up. (requested by Rhyfinn 04)\n|\n|t:|1699757799\n|start\n|switch|p1a: Shuckle|Shuckle, F|100\/100\n|switch|p2a: Deoxys|Deoxys-Speed, shiny|100\/100\n|-ability|p2a: Deoxys|Pressure\n|turn|1\n|\n|t:|1699757812\n|move|p2a: Deoxys|Magic Coat|p2a: Deoxys\n|-singleturn|p2a: Deoxys|move: Magic Coat\n|move|p1a: Shuckle|Sticky Web|p2a: Deoxys\n|move|p2a: Deoxys|Sticky Web|p1a: Shuckle|[from]Magic Coat\n|-sidestart|p1: Drossito Pambisito|move: Sticky Web\n|\n|upkeep\n|turn|2\n|\n|t:|1699757828\n|move|p2a: Deoxys|Taunt|p1a: Shuckle\n|-start|p1a: Shuckle|move: Taunt\n|-enditem|p1a: Shuckle|Mental Herb\n|-end|p1a: Shuckle|move: Taunt\n|move|p1a: Shuckle|Sticky Web|p2a: Deoxys\n|-sidestart|p2: Rhyfinn 04|move: Sticky Web\n|\n|upkeep\n|turn|3\n|\n|t:|1699757835\n|move|p2a: Deoxys|Taunt|p1a: Shuckle\n|-start|p1a: Shuckle|move: Taunt\n|move|p1a: Shuckle|Infestation|p2a: Deoxys\n|-supereffective|p2a: Deoxys\n|-damage|p2a: Deoxys|96\/100\n|-activate|p2a: Deoxys|move: Infestation|[of] p1a: Shuckle\n|\n|-damage|p2a: Deoxys|84\/100|[from] move: Infestation|[partiallytrapped]\n|upkeep\n|turn|4\n|\n|t:|1699757845\n|move|p2a: Deoxys|Stealth Rock|p1a: Shuckle\n|-sidestart|p1: Drossito Pambisito|move: Stealth Rock\n|move|p1a: Shuckle|Infestation|p2a: Deoxys\n|-supereffective|p2a: Deoxys\n|-damage|p2a: Deoxys|79\/100\n|\n|-damage|p2a: Deoxys|67\/100|[from] move: Infestation|[partiallytrapped]\n|upkeep\n|turn|5\n|\n|t:|1699757861\n|move|p2a: Deoxys|Spikes|p1a: Shuckle\n|-sidestart|p1: Drossito Pambisito|Spikes\n|move|p1a: Shuckle|Infestation|p2a: Deoxys\n|-supereffective|p2a: Deoxys\n|-damage|p2a: Deoxys|62\/100\n|\n|-damage|p2a: Deoxys|50\/100|[from] move: Infestation|[partiallytrapped]\n|-end|p1a: Shuckle|move: Taunt\n|upkeep\n|turn|6\n|\n|t:|1699757871\n|move|p2a: Deoxys|Taunt|p1a: Shuckle\n|-start|p1a: Shuckle|move: Taunt\n|cant|p1a: Shuckle|move: Taunt|Stealth Rock\n|\n|-damage|p2a: Deoxys|38\/100|[from] move: Infestation|[partiallytrapped]\n|upkeep\n|turn|7\n|\n|t:|1699757896\n|move|p2a: Deoxys|Spikes|p1a: Shuckle\n|-sidestart|p1: Drossito Pambisito|Spikes\n|move|p1a: Shuckle|Infestation|p2a: Deoxys\n|-supereffective|p2a: Deoxys\n|-crit|p2a: Deoxys\n|-damage|p2a: Deoxys|30\/100\n|\n|-damage|p2a: Deoxys|18\/100|[from] move: Infestation|[partiallytrapped]\n|upkeep\n|turn|8\n|\n|t:|1699757904\n|move|p2a: Deoxys|Spikes|p1a: Shuckle\n|-sidestart|p1: Drossito Pambisito|Spikes\n|move|p1a: Shuckle|Infestation|p2a: Deoxys\n|-supereffective|p2a: Deoxys\n|-damage|p2a: Deoxys|13\/100\n|\n|-end|p2a: Deoxys|Infestation|[partiallytrapped]\n|-end|p1a: Shuckle|move: Taunt\n|upkeep\n|turn|9\n|\n|t:|1699757914\n|move|p2a: Deoxys|Taunt|p1a: Shuckle\n|-start|p1a: Shuckle|move: Taunt\n|move|p1a: Shuckle|Infestation|p2a: Deoxys\n|-supereffective|p2a: Deoxys\n|-damage|p2a: Deoxys|8\/100\n|-activate|p2a: Deoxys|move: Infestation|[of] p1a: Shuckle\n|\n|-damage|p2a: Deoxys|0 fnt|[from] move: Infestation|[partiallytrapped]\n|faint|p2a: Deoxys\n|upkeep\n|\n|t:|1699757940\n|switch|p2a: Necrozma|Necrozma-Dusk-Mane, shiny|100\/100\n|-activate|p2a: Necrozma|move: Sticky Web\n|-unboost|p2a: Necrozma|spe|1\n|turn|10\n|\n|t:|1699757945\n|move|p2a: Necrozma|Sunsteel Strike|p1a: Shuckle\n|-supereffective|p1a: Shuckle\n|-damage|p1a: Shuckle|16\/100\n|move|p1a: Shuckle|Infestation|p2a: Necrozma\n|-damage|p2a: Necrozma|99\/100\n|-activate|p2a: Necrozma|move: Infestation|[of] p1a: Shuckle\n|\n|-damage|p2a: Necrozma|86\/100|[from] move: Infestation|[partiallytrapped]\n|upkeep\n|turn|11\n|\n|t:|1699757961\n|move|p2a: Necrozma|Sunsteel Strike|p1a: Shuckle\n|-supereffective|p1a: Shuckle\n|-damage|p1a: Shuckle|0 fnt\n|faint|p1a: Shuckle\n|\n|-end|p2a: Necrozma|Infestation|[partiallytrapped]|[silent]\n|upkeep\n|\n|t:|1699757974\n|switch|p1a: Kyurem|Kyurem-White|100\/100\n|-activate|p1a: Kyurem|move: Sticky Web\n|-unboost|p1a: Kyurem|spe|1\n|-damage|p1a: Kyurem|76\/100|[from] Stealth Rock\n|-damage|p1a: Kyurem|51\/100|[from] Spikes\n|-ability|p1a: Kyurem|Turboblaze\n|turn|12\n|\n|t:|1699757989\n|detailschange|p2a: Necrozma|Necrozma-Ultra, shiny\n|-burst|p2a: Necrozma|Necrozma|Ultranecrozium Z\n|move|p2a: Necrozma|Dragon Dance|p2a: Necrozma\n|-boost|p2a: Necrozma|atk|1\n|-boost|p2a: Necrozma|spe|1\n|move|p1a: Kyurem|Fusion Flare|p2a: Necrozma\n|-resisted|p2a: Necrozma\n|-damage|p2a: Necrozma|52\/100\n|\n|upkeep\n|turn|13\n|\n|t:|1699758008\n|move|p2a: Necrozma|Sunsteel Strike|p1a: Kyurem\n|-supereffective|p1a: Kyurem\n|-damage|p1a: Kyurem|0 fnt\n|faint|p1a: Kyurem\n|\n|upkeep\n|\n|t:|1699758017\n|switch|p1a: Metagross|Metagross|100\/100\n|-activate|p1a: Metagross|move: Sticky Web\n|-fail|p1a: Metagross|unboost|[from] ability: Clear Body|[of] p1a: Metagross\n|-damage|p1a: Metagross|95\/100|[from] Stealth Rock\n|-damage|p1a: Metagross|70\/100|[from] Spikes\n|turn|14\n|\n|t:|1699758030\n|detailschange|p1a: Metagross|Metagross-Mega\n|-mega|p1a: Metagross|Metagross|Metagrossite\n|move|p2a: Necrozma|Earthquake|p1a: Metagross\n|-supereffective|p1a: Metagross\n|-damage|p1a: Metagross|0 fnt\n|faint|p1a: Metagross\n|\n|upkeep\n|-message|Drossito Pambisito forfeited.\n|\n|win|Rhyfinn 04\n|raw|Drossito Pambisito's rating: 1475 &rarr; <strong>1444<\/strong><br \/>(-31 for losing)\n|raw|Rhyfinn 04's rating: 1258 &rarr; <strong>1297<\/strong><br \/>(+39 for winning)\n|l|\u2606Drossito Pambisito\n","uploadtime":1699758044,"views":4,"p1id":"drossitopambisito","p2id":"rhyfinn04","formatid":"gen9nationaldexubers","rating":1297,"private":0,"password":""}