{"id":"gen9nationaldexubers-1989565096","p1":"Soumya9855","p2":"C0ld as Ice","format":"[Gen 9] National Dex Ubers","log":"|j|\u2606Soumya9855\n|j|\u2606C0ld as Ice\n|t:|1699872120\n|gametype|singles\n|player|p1|Soumya9855|265|1448\n|player|p2|C0ld as Ice|schoolkid-gen4dp|1620\n|teamsize|p1|6\n|teamsize|p2|6\n|gen|9\n|tier|[Gen 9] National Dex Ubers\n|rated|\n|rule|HP Percentage Mod: HP is shown in percentages\n|rule|Endless Battle Clause: Forcing endless battles is banned\n|rule|OHKO Clause: OHKO moves are banned\n|rule|Evasion Moves Clause: Evasion moves are banned\n|rule|Evasion Items Clause: Evasion items are banned\n|rule|Species Clause: Limit one of each Pok\u00e9mon\n|rule|Sleep Clause Mod: Limit one foe put to sleep\n|rule|Mega Rayquaza Clause: You cannot mega evolve Rayquaza\n|clearpoke\n|poke|p1|Hatterene, F|\n|poke|p1|Arceus-Ghost|\n|poke|p1|Cresselia, F|\n|poke|p1|Melmetal|\n|poke|p1|Kyogre|\n|poke|p1|Calyrex-Ice|\n|poke|p2|Zygarde|\n|poke|p2|Necrozma-Dusk-Mane|\n|poke|p2|Arceus|\n|poke|p2|Samurott-Hisui, F|\n|poke|p2|Flutter Mane|\n|poke|p2|Marshadow|\n|teampreview\n|inactive|Battle timer is ON: inactive players will automatically lose when time's up. (requested by C0ld as Ice)\n|\n|t:|1699872141\n|start\n|switch|p1a: Hatterene|Hatterene, F|100\/100\n|switch|p2a: Samurott|Samurott-Hisui, F, shiny|100\/100\n|turn|1\n|\n|t:|1699872149\n|move|p2a: Samurott|Ceaseless Edge|p1a: Hatterene\n|-damage|p1a: Hatterene|53\/100\n|-sidestart|p1: Soumya9855|Spikes\n|move|p1a: Hatterene|Trick Room|p1a: Hatterene\n|-fieldstart|move: Trick Room|[of] p1a: Hatterene\n|\n|upkeep\n|turn|2\n|\n|t:|1699872154\n|switch|p2a: Necrozma|Necrozma-Dusk-Mane, shiny|100\/100\n|move|p1a: Hatterene|Healing Wish|p1a: Hatterene\n|faint|p1a: Hatterene\n|\n|upkeep\n|\n|t:|1699872157\n|switch|p1a: Kyogre|Kyogre|100\/100\n|-damage|p1a: Kyogre|88\/100|[from] Spikes\n|detailschange|p1a: Kyogre|Kyogre-Primal\n|-primal|p1a: Kyogre|Blue Orb\n|-weather|PrimordialSea|[from] ability: Primordial Sea|[of] p1a: Kyogre\n|turn|3\n|\n|t:|1699872163\n|switch|p2a: Flutter Mane|Flutter Mane, shiny|100\/100\n|-enditem|p2a: Flutter Mane|Booster Energy\n|-activate|p2a: Flutter Mane|ability: Protosynthesis|[fromitem]\n|-start|p2a: Flutter Mane|protosynthesisspe\n|move|p1a: Kyogre|Water Spout|p2a: Flutter Mane\n|-damage|p2a: Flutter Mane|0 fnt\n|faint|p2a: Flutter Mane\n|-end|p2a: Flutter Mane|Protosynthesis|[silent]\n|\n|-weather|PrimordialSea|[upkeep]\n|upkeep\n|\n|t:|1699872166\n|switch|p2a: Samurott|Samurott-Hisui, F, shiny|100\/100\n|turn|4\n|\n|t:|1699872173\n|move|p1a: Kyogre|Thunder|p2a: Samurott\n|-supereffective|p2a: Samurott\n|-enditem|p2a: Samurott|Focus Sash\n|-damage|p2a: Samurott|1\/100\n|move|p2a: Samurott|Ceaseless Edge|p1a: Kyogre\n|-damage|p1a: Kyogre|50\/100\n|-sidestart|p1: Soumya9855|Spikes\n|\n|-weather|PrimordialSea|[upkeep]\n|upkeep\n|turn|5\n|\n|t:|1699872180\n|move|p1a: Kyogre|Thunder|p2a: Samurott\n|-supereffective|p2a: Samurott\n|-damage|p2a: Samurott|0 fnt\n|faint|p2a: Samurott\n|\n|-weather|PrimordialSea|[upkeep]\n|-fieldend|move: Trick Room\n|upkeep\n|\n|t:|1699872187\n|switch|p2a: Arceus|Arceus|100\/100\n|turn|6\n|\n|t:|1699872195\n|move|p2a: Arceus|Swords Dance|p2a: Arceus\n|-boost|p2a: Arceus|atk|2\n|move|p1a: Kyogre|Thunder|p2a: Arceus\n|-damage|p2a: Arceus|62\/100\n|\n|-weather|PrimordialSea|[upkeep]\n|upkeep\n|turn|7\n|\n|t:|1699872200\n|move|p2a: Arceus|Extreme Speed|p1a: Kyogre\n|-crit|p1a: Kyogre\n|-damage|p1a: Kyogre|0 fnt\n|faint|p1a: Kyogre\n|-weather|none\n|\n|upkeep\n|\n|t:|1699872203\n|switch|p1a: Arceus|Arceus-Ghost|100\/100\n|-damage|p1a: Arceus|84\/100|[from] Spikes\n|turn|8\n|\n|t:|1699872210\n|move|p2a: Arceus|Shadow Claw|p1a: Arceus\n|-supereffective|p1a: Arceus\n|-damage|p1a: Arceus|19\/100\n|move|p1a: Arceus|Trick Room|p1a: Arceus\n|-fieldstart|move: Trick Room|[of] p1a: Arceus\n|\n|upkeep\n|turn|9\n|\n|t:|1699872216\n|move|p1a: Arceus|Healing Wish|p1a: Arceus\n|faint|p1a: Arceus\n|move|p2a: Arceus|Shadow Claw|p1: Arceus|[notarget]\n|-fail|p2a: Arceus\n|\n|upkeep\n|\n|t:|1699872218\n|switch|p1a: Melmetal|Melmetal|100\/100\n|-damage|p1a: Melmetal|84\/100|[from] Spikes\n|turn|10\n|\n|t:|1699872221\n|-terastallize|p1a: Melmetal|Steel\n|move|p2a: Arceus|Extreme Speed|p1a: Melmetal\n|-resisted|p1a: Melmetal\n|-damage|p1a: Melmetal|62\/100\n|move|p1a: Melmetal|Double Iron Bash|p2a: Arceus\n|-damage|p2a: Arceus|8\/100\n|-damage|p2a: Arceus|0 fnt\n|faint|p2a: Arceus\n|-hitcount|p2: Arceus|2\n|\n|upkeep\n|\n|t:|1699872223\n|switch|p2a: Necrozma|Necrozma-Dusk-Mane, shiny|100\/100\n|turn|11\n|\n|t:|1699872227\n|move|p1a: Melmetal|Double Iron Bash|p2a: Necrozma\n|-resisted|p2a: Necrozma\n|-damage|p2a: Necrozma|67\/100\n|-resisted|p2a: Necrozma\n|-damage|p2a: Necrozma|31\/100\n|-hitcount|p2a: Necrozma|2\n|cant|p2a: Necrozma|flinch\n|\n|upkeep\n|turn|12\n|\n|t:|1699872233\n|move|p1a: Melmetal|Double Iron Bash|p2a: Necrozma\n|-resisted|p2a: Necrozma\n|-damage|p2a: Necrozma|0 fnt\n|faint|p2a: Necrozma\n|-hitcount|p2: Necrozma|1\n|\n|-fieldend|move: Trick Room\n|upkeep\n|\n|t:|1699872235\n|switch|p2a: Marshadow|Marshadow|100\/100\n|turn|13\n|\n|t:|1699872240\n|move|p2a: Marshadow|Low Kick|p1a: Melmetal\n|-supereffective|p1a: Melmetal\n|-damage|p1a: Melmetal|0 fnt\n|faint|p1a: Melmetal\n|-damage|p2a: Marshadow|91\/100|[from] item: Life Orb\n|\n|upkeep\n|\n|t:|1699872245\n|switch|p1a: Cresselia|Cresselia, F|100\/100\n|turn|14\n|\n|t:|1699872252\n|-terastallize|p2a: Marshadow|Ghost\n|move|p2a: Marshadow|Poltergeist|p1a: Cresselia\n|-activate|p1a: Cresselia|move: Poltergeist|Focus Sash\n|-supereffective|p1a: Cresselia\n|-enditem|p1a: Cresselia|Focus Sash\n|-damage|p1a: Cresselia|1\/100\n|-damage|p2a: Marshadow|81\/100|[from] item: Life Orb\n|move|p1a: Cresselia|Trick Room|p1a: Cresselia\n|-fieldstart|move: Trick Room|[of] p1a: Cresselia\n|\n|upkeep\n|turn|15\n|\n|t:|1699872259\n|move|p1a: Cresselia|Toxic|p2a: Marshadow\n|-status|p2a: Marshadow|tox\n|move|p2a: Marshadow|Bulk Up|p2a: Marshadow\n|-boost|p2a: Marshadow|atk|1\n|-boost|p2a: Marshadow|def|1\n|\n|-damage|p2a: Marshadow|74\/100 tox|[from] psn\n|upkeep\n|turn|16\n|\n|t:|1699872261\n|move|p2a: Marshadow|Bulk Up|p2a: Marshadow\n|-boost|p2a: Marshadow|atk|1\n|-boost|p2a: Marshadow|def|1\n|move|p1a: Cresselia|Trick Room|p1a: Cresselia\n|-fieldend|move: Trick Room\n|\n|-damage|p2a: Marshadow|62\/100 tox|[from] psn\n|upkeep\n|turn|17\n|\n|t:|1699872275\n|move|p2a: Marshadow|Shadow Sneak|p1a: Cresselia\n|-supereffective|p1a: Cresselia\n|-damage|p1a: Cresselia|0 fnt\n|faint|p1a: Cresselia\n|-damage|p2a: Marshadow|52\/100 tox|[from] item: Life Orb\n|\n|-damage|p2a: Marshadow|33\/100 tox|[from] psn\n|upkeep\n|\n|t:|1699872280\n|switch|p1a: Calyrex|Calyrex-Ice|100\/100\n|-ability|p1a: Calyrex|As One\n|-ability|p1a: Calyrex|Unnerve\n|-damage|p1a: Calyrex|84\/100|[from] Spikes\n|turn|18\n|-message|Soumya9855 forfeited.\n|\n|win|C0ld as Ice\n|raw|Soumya9855's rating: 1448 &rarr; <strong>1436<\/strong><br \/>(-12 for losing)\n|raw|C0ld as Ice's rating: 1601 &rarr; <strong>1613<\/strong><br \/>(+12 for winning)\n|l|\u2606Soumya9855\n|l|\u2606C0ld as Ice\n","uploadtime":1699872326,"views":5,"p1id":"soumya9855","p2id":"c0ldasice","formatid":"gen9nationaldexubers","rating":1436,"private":0,"password":""}