{"id":"gen9nationaldexubers-1980498537","p1":"von1233","p2":"BradyAka","format":"[Gen 9] National Dex Ubers","log":"|j|\u2606von1233\n|j|\u2606BradyAka\n|t:|1698790757\n|gametype|singles\n|player|p1|von1233|169|1049\n|player|p2|BradyAka|acetrainer-gen4dp|1027\n|teamsize|p1|6\n|teamsize|p2|4\n|gen|9\n|tier|[Gen 9] National Dex Ubers\n|rated|\n|rule|HP Percentage Mod: HP is shown in percentages\n|rule|Endless Battle Clause: Forcing endless battles is banned\n|rule|OHKO Clause: OHKO moves are banned\n|rule|Evasion Moves Clause: Evasion moves are banned\n|rule|Evasion Items Clause: Evasion items are banned\n|rule|Species Clause: Limit one of each Pok\u00e9mon\n|rule|Sleep Clause Mod: Limit one foe put to sleep\n|rule|Mega Rayquaza Clause: You cannot mega evolve Rayquaza\n|clearpoke\n|poke|p1|Dragonite, F|\n|poke|p1|Weavile, M|\n|poke|p1|Florges-White, F|\n|poke|p1|Gastrodon-East, M|\n|poke|p1|Landorus, M|\n|poke|p1|Heatran, F|\n|poke|p2|Kingambit, M|\n|poke|p2|Diancie|\n|poke|p2|Darkrai|\n|poke|p2|Zacian-*|\n|teampreview\n|\n|t:|1698790768\n|start\n|switch|p1a: Gray Ranger|Weavile, M|100\/100\n|switch|p2a: Zacian|Zacian-Crowned|100\/100\n|-ability|p2a: Zacian|Intrepid Sword|boost\n|-boost|p2a: Zacian|atk|1\n|-ability|p1a: Gray Ranger|Pressure\n|turn|1\n|\n|t:|1698790778\n|move|p2a: Zacian|Swords Dance|p2a: Zacian\n|-boost|p2a: Zacian|atk|2\n|move|p1a: Gray Ranger|Beat Up|p2a: Zacian\n|-resisted|p2a: Zacian\n|-damage|p2a: Zacian|96\/100\n|-resisted|p2a: Zacian\n|-damage|p2a: Zacian|92\/100\n|-resisted|p2a: Zacian\n|-damage|p2a: Zacian|89\/100\n|-resisted|p2a: Zacian\n|-damage|p2a: Zacian|85\/100\n|-resisted|p2a: Zacian\n|-damage|p2a: Zacian|81\/100\n|-resisted|p2a: Zacian\n|-damage|p2a: Zacian|77\/100\n|-hitcount|p2a: Zacian|6\n|\n|upkeep\n|turn|2\n|\n|t:|1698790793\n|move|p1a: Gray Ranger|Ice Shard|p2a: Zacian\n|-resisted|p2a: Zacian\n|-damage|p2a: Zacian|68\/100\n|move|p2a: Zacian|Sacred Sword|p1a: Gray Ranger\n|-supereffective|p1a: Gray Ranger\n|-damage|p1a: Gray Ranger|0 fnt\n|faint|p1a: Gray Ranger\n|\n|upkeep\n|\n|t:|1698790802\n|switch|p1a: Red Ranger|Heatran, F|100\/100\n|-item|p1a: Red Ranger|Air Balloon\n|turn|3\n|\n|t:|1698790807\n|move|p2a: Zacian|Sacred Sword|p1a: Red Ranger\n|-supereffective|p1a: Red Ranger\n|-damage|p1a: Red Ranger|0 fnt\n|-enditem|p1a: Red Ranger|Air Balloon\n|faint|p1a: Red Ranger\n|\n|upkeep\n|\n|t:|1698790815\n|switch|p1a: Green Ranger|Gastrodon-East, M|100\/100\n|turn|4\n|\n|t:|1698790822\n|-terastallize|p2a: Zacian|Fairy\n|move|p2a: Zacian|Behemoth Blade|p1a: Green Ranger\n|-resisted|p1a: Green Ranger\n|-damage|p1a: Green Ranger|28\/100\n|-damage|p2a: Zacian|51\/100|[from] item: Rocky Helmet|[of] p1a: Green Ranger\n|move|p1a: Green Ranger|Scald|p2a: Zacian\n|-damage|p2a: Zacian|18\/100\n|\n|upkeep\n|turn|5\n|\n|t:|1698790835\n|switch|p1a: Yellow Ranger|Dragonite, F|100\/100\n|move|p2a: Zacian|Sacred Sword|p1a: Yellow Ranger\n|-resisted|p1a: Yellow Ranger\n|-crit|p1a: Yellow Ranger\n|-damage|p1a: Yellow Ranger|65\/100\n|\n|upkeep\n|turn|6\n|\n|t:|1698790844\n|move|p2a: Zacian|Play Rough|p1a: Yellow Ranger\n|-supereffective|p1a: Yellow Ranger\n|-damage|p1a: Yellow Ranger|0 fnt\n|faint|p1a: Yellow Ranger\n|\n|upkeep\n|\n|t:|1698790849\n|switch|p1a: Orange Ranger|Landorus, M|100\/100\n|turn|7\n|\n|t:|1698790854\n|move|p2a: Zacian|Behemoth Blade|p1a: Orange Ranger\n|-damage|p1a: Orange Ranger|0 fnt\n|faint|p1a: Orange Ranger\n|\n|upkeep\n|\n|t:|1698790860\n|switch|p1a: Pink Ranger|Florges-White, F|100\/100\n|turn|8\n|\n|t:|1698790892\n|move|p1a: Pink Ranger|Protect|p1a: Pink Ranger\n|-singleturn|p1a: Pink Ranger|Protect\n|move|p2a: Zacian|Behemoth Blade|p1a: Pink Ranger\n|-activate|p1a: Pink Ranger|move: Protect\n|\n|upkeep\n|turn|9\n|\n|t:|1698790899\n|move|p2a: Zacian|Behemoth Blade|p1a: Pink Ranger\n|-supereffective|p1a: Pink Ranger\n|-damage|p1a: Pink Ranger|0 fnt\n|faint|p1a: Pink Ranger\n|\n|upkeep\n|\n|t:|1698790904\n|switch|p1a: Green Ranger|Gastrodon-East, M|28\/100\n|turn|10\n|\n|t:|1698790909\n|move|p2a: Zacian|Sacred Sword|p1a: Green Ranger\n|-damage|p1a: Green Ranger|0 fnt\n|-damage|p2a: Zacian|1\/100|[from] item: Rocky Helmet|[of] p1a: Green Ranger\n|faint|p1a: Green Ranger\n|\n|win|BradyAka\n|raw|von1233's rating: 1049 &rarr; <strong>1031<\/strong><br \/>(-18 for losing)\n|raw|BradyAka's rating: 1027 &rarr; <strong>1065<\/strong><br \/>(+38 for winning)\n|l|\u2606BradyAka\n","uploadtime":1698790917,"views":8,"p1id":"von1233","p2id":"bradyaka","formatid":"gen9nationaldexubers","rating":1031,"private":0,"password":""}