{"id":"gen9nationaldexubers-1984816215","p1":"Rip_Ryuga","p2":"zaw11","format":"[Gen 9] National Dex Ubers","log":"|j|\u2606Rip_Ryuga\n|j|\u2606zaw11\n|t:|1699301397\n|gametype|singles\n|player|p1|Rip_Ryuga|riley|1138\n|player|p2|zaw11|riley|1202\n|teamsize|p1|6\n|teamsize|p2|6\n|gen|9\n|tier|[Gen 9] National Dex Ubers\n|rated|\n|rule|HP Percentage Mod: HP is shown in percentages\n|rule|Endless Battle Clause: Forcing endless battles is banned\n|rule|OHKO Clause: OHKO moves are banned\n|rule|Evasion Moves Clause: Evasion moves are banned\n|rule|Evasion Items Clause: Evasion items are banned\n|rule|Species Clause: Limit one of each Pok\u00e9mon\n|rule|Sleep Clause Mod: Limit one foe put to sleep\n|rule|Mega Rayquaza Clause: You cannot mega evolve Rayquaza\n|clearpoke\n|poke|p1|Absol, M|\n|poke|p1|Rotom-Wash|\n|poke|p1|Gholdengo|\n|poke|p1|Chansey, F|\n|poke|p1|Landorus-Therian, M|\n|poke|p1|Hawlucha, M|\n|poke|p2|Entei|\n|poke|p2|Amoonguss, F|\n|poke|p2|Milotic, M|\n|poke|p2|Palossand, M|\n|poke|p2|Gallade, M|\n|poke|p2|Skuntank, F|\n|teampreview\n|c|\u2606Rip_Ryuga|sup\n|c|\u2606Rip_Ryuga|no tera son\n|\n|t:|1699301407\n|start\n|switch|p1a: Landorus|Landorus-Therian, M|100\/100\n|switch|p2a: Sandy Castle|Palossand, M|100\/100\n|-ability|p1a: Landorus|Intimidate|boost\n|-unboost|p2a: Sandy Castle|atk|1\n|turn|1\n|inactive|Battle timer is ON: inactive players will automatically lose when time's up. (requested by Rip_Ryuga)\n|\n|t:|1699301420\n|move|p1a: Landorus|Knock Off|p2a: Sandy Castle\n|-supereffective|p2a: Sandy Castle\n|-damage|p2a: Sandy Castle|61\/100\n|-damage|p1a: Landorus|84\/100|[from] item: Rocky Helmet|[of] p2a: Sandy Castle\n|-enditem|p2a: Sandy Castle|Rocky Helmet|[from] move: Knock Off|[of] p1a: Landorus\n|move|p2a: Sandy Castle|Stealth Rock|p1a: Landorus\n|-sidestart|p1: Rip_Ryuga|move: Stealth Rock\n|\n|upkeep\n|turn|2\n|\n|t:|1699301429\n|move|p1a: Landorus|Stealth Rock|p2a: Sandy Castle\n|-sidestart|p2: zaw11|move: Stealth Rock\n|move|p2a: Sandy Castle|Shore Up|p2a: Sandy Castle\n|-heal|p2a: Sandy Castle|100\/100\n|\n|upkeep\n|turn|3\n|\n|t:|1699301437\n|move|p1a: Landorus|Earthquake|p2a: Sandy Castle\n|-damage|p2a: Sandy Castle|67\/100\n|move|p2a: Sandy Castle|Shadow Ball|p1a: Landorus\n|-damage|p1a: Landorus|53\/100\n|\n|upkeep\n|turn|4\n|\n|t:|1699301444\n|move|p1a: Landorus|U-turn|p2a: Sandy Castle\n|-resisted|p2a: Sandy Castle\n|-damage|p2a: Sandy Castle|60\/100\n|\n|t:|1699301449\n|switch|p1a: Rotom|Rotom-Wash|100\/100|[from] U-turn\n|-damage|p1a: Rotom|88\/100|[from] Stealth Rock\n|move|p2a: Sandy Castle|Shore Up|p2a: Sandy Castle\n|-heal|p2a: Sandy Castle|100\/100\n|\n|-heal|p1a: Rotom|94\/100|[from] item: Leftovers\n|upkeep\n|turn|5\n|\n|t:|1699301465\n|switch|p2a: Amongus|Amoonguss, F, shiny|100\/100\n|-damage|p2a: Amongus|88\/100|[from] Stealth Rock\n|move|p1a: Rotom|Hydro Pump|p2a: Amongus\n|-resisted|p2a: Amongus\n|-damage|p2a: Amongus|71\/100\n|\n|-heal|p1a: Rotom|100\/100|[from] item: Leftovers\n|-heal|p2a: Amongus|78\/100|[from] item: Black Sludge\n|upkeep\n|turn|6\n|\n|t:|1699301474\n|move|p1a: Rotom|Volt Switch|p2a: Amongus\n|-resisted|p2a: Amongus\n|-damage|p2a: Amongus|68\/100\n|\n|t:|1699301478\n|switch|p1a: Gholdengo|Gholdengo|100\/100|[from] Volt Switch\n|-damage|p1a: Gholdengo|94\/100|[from] Stealth Rock\n|move|p2a: Amongus|Spore|p1a: Gholdengo\n|-immune|p1a: Gholdengo|[from] ability: Good as Gold\n|\n|-heal|p2a: Amongus|74\/100|[from] item: Black Sludge\n|upkeep\n|turn|7\n|\n|t:|1699301502\n|move|p1a: Gholdengo|Shadow Ball|p2a: Amongus\n|-damage|p2a: Amongus|39\/100\n|move|p2a: Amongus|Synthesis|p2a: Amongus\n|-heal|p2a: Amongus|89\/100\n|\n|-heal|p2a: Amongus|95\/100|[from] item: Black Sludge\n|upkeep\n|turn|8\n|\n|t:|1699301510\n|move|p1a: Gholdengo|Shadow Ball|p2a: Amongus\n|-damage|p2a: Amongus|63\/100\n|move|p2a: Amongus|Giga Drain|p1a: Gholdengo\n|-resisted|p1a: Gholdengo\n|-damage|p1a: Gholdengo|81\/100\n|-heal|p2a: Amongus|68\/100|[from] drain|[of] p1a: Gholdengo\n|\n|-heal|p2a: Amongus|74\/100|[from] item: Black Sludge\n|upkeep\n|turn|9\n|\n|t:|1699301518\n|move|p1a: Gholdengo|Shadow Ball|p2a: Amongus\n|-damage|p2a: Amongus|39\/100\n|move|p2a: Amongus|Giga Drain|p1a: Gholdengo\n|-resisted|p1a: Gholdengo\n|-crit|p1a: Gholdengo\n|-damage|p1a: Gholdengo|60\/100\n|-heal|p2a: Amongus|46\/100|[from] drain|[of] p1a: Gholdengo\n|\n|-heal|p2a: Amongus|52\/100|[from] item: Black Sludge\n|upkeep\n|turn|10\n|\n|t:|1699301527\n|move|p1a: Gholdengo|Shadow Ball|p2a: Amongus\n|-crit|p2a: Amongus\n|-damage|p2a: Amongus|1\/100\n|-unboost|p2a: Amongus|spd|1\n|move|p2a: Amongus|Synthesis|p2a: Amongus\n|-heal|p2a: Amongus|51\/100\n|\n|-heal|p2a: Amongus|57\/100|[from] item: Black Sludge\n|upkeep\n|turn|11\n|\n|t:|1699301539\n|switch|p2a: Car Bomb|Skuntank, F|100\/100\n|-damage|p2a: Car Bomb|88\/100|[from] Stealth Rock\n|move|p1a: Gholdengo|Shadow Ball|p2a: Car Bomb\n|-resisted|p2a: Car Bomb\n|-damage|p2a: Car Bomb|70\/100\n|\n|-heal|p2a: Car Bomb|77\/100|[from] item: Black Sludge\n|upkeep\n|turn|12\n|\n|t:|1699301556\n|switch|p1a: Rotom|Rotom-Wash|100\/100\n|-damage|p1a: Rotom|88\/100|[from] Stealth Rock\n|move|p2a: Car Bomb|Sucker Punch||[still]\n|-fail|p2a: Car Bomb\n|\n|-heal|p1a: Rotom|94\/100|[from] item: Leftovers\n|-heal|p2a: Car Bomb|83\/100|[from] item: Black Sludge\n|upkeep\n|turn|13\n|\n|t:|1699301567\n|move|p1a: Rotom|Defog|p2a: Car Bomb\n|-unboost|p2a: Car Bomb|evasion|1\n|-sideend|p2: zaw11|Stealth Rock|[from] move: Defog|[of] p1a: Rotom\n|-sideend|p1: Rip_Ryuga|Stealth Rock|[from] move: Defog|[of] p1a: Rotom\n|move|p2a: Car Bomb|Toxic Spikes|p1a: Rotom\n|-sidestart|p1: Rip_Ryuga|move: Toxic Spikes\n|\n|-heal|p1a: Rotom|100\/100|[from] item: Leftovers\n|-heal|p2a: Car Bomb|89\/100|[from] item: Black Sludge\n|upkeep\n|turn|14\n|\n|t:|1699301582\n|switch|p2a: Amongus|Amoonguss, F, shiny|91\/100\n|move|p1a: Rotom|Defog|p2a: Amongus\n|-unboost|p2a: Amongus|evasion|1\n|-sideend|p1: Rip_Ryuga|Toxic Spikes|[from] move: Defog|[of] p1a: Rotom\n|\n|-heal|p2a: Amongus|97\/100|[from] item: Black Sludge\n|upkeep\n|turn|15\n|\n|t:|1699301593\n|move|p1a: Rotom|Volt Switch|p2a: Amongus\n|-resisted|p2a: Amongus\n|-damage|p2a: Amongus|88\/100\n|\n|t:|1699301597\n|switch|p1a: Gholdengo|Gholdengo|60\/100|[from] Volt Switch\n|move|p2a: Amongus|Giga Drain|p1a: Gholdengo\n|-resisted|p1a: Gholdengo\n|-damage|p1a: Gholdengo|48\/100\n|-heal|p2a: Amongus|92\/100|[from] drain|[of] p1a: Gholdengo\n|\n|-heal|p2a: Amongus|98\/100|[from] item: Black Sludge\n|upkeep\n|turn|16\n|\n|t:|1699301605\n|move|p1a: Gholdengo|Trick|p2a: Amongus\n|-activate|p1a: Gholdengo|move: Trick|[of] p2a: Amongus\n|-item|p2a: Amongus|Choice Scarf|[from] move: Trick\n|-item|p1a: Gholdengo|Black Sludge|[from] move: Trick\n|move|p2a: Amongus|Giga Drain|p1a: Gholdengo\n|-resisted|p1a: Gholdengo\n|-damage|p1a: Gholdengo|34\/100\n|-heal|p2a: Amongus|100\/100|[from] drain|[of] p1a: Gholdengo\n|\n|-damage|p1a: Gholdengo|22\/100|[from] item: Black Sludge\n|upkeep\n|turn|17\n|\n|t:|1699301618\n|switch|p1a: Chansey|Chansey, F|100\/100\n|move|p2a: Amongus|Giga Drain|p1a: Chansey\n|-damage|p1a: Chansey|94\/100\n|\n|upkeep\n|turn|18\n|\n|t:|1699301633\n|switch|p2a: Fem Boy|Gallade, M|100\/100\n|move|p1a: Chansey|Seismic Toss|p2a: Fem Boy\n|-damage|p2a: Fem Boy|64\/100\n|\n|upkeep\n|turn|19\n|\n|t:|1699301645\n|switch|p1a: Landorus|Landorus-Therian, M|53\/100\n|-ability|p1a: Landorus|Intimidate|boost\n|-unboost|p2a: Fem Boy|atk|1\n|detailschange|p2a: Fem Boy|Gallade-Mega, M\n|-mega|p2a: Fem Boy|Gallade|Galladite\n|move|p2a: Fem Boy|Swords Dance|p2a: Fem Boy\n|-boost|p2a: Fem Boy|atk|2\n|\n|upkeep\n|turn|20\n|\n|t:|1699301655\n|switch|p1a: Rotom|Rotom-Wash|100\/100\n|move|p2a: Fem Boy|Zen Headbutt|p1a: Rotom\n|-damage|p1a: Rotom|40\/100\n|\n|-heal|p1a: Rotom|46\/100|[from] item: Leftovers\n|upkeep\n|turn|21\n|\n|t:|1699301664\n|switch|p1a: Landorus|Landorus-Therian, M|53\/100\n|-ability|p1a: Landorus|Intimidate|boost\n|-fail|p2a: Fem Boy|unboost|Attack|[from] ability: Inner Focus|[of] p2a: Fem Boy\n|move|p2a: Fem Boy|Close Combat|p1a: Landorus\n|-resisted|p1a: Landorus\n|-damage|p1a: Landorus|11\/100\n|-unboost|p2a: Fem Boy|def|1\n|-unboost|p2a: Fem Boy|spd|1\n|-damage|p2a: Fem Boy|48\/100|[from] item: Rocky Helmet|[of] p1a: Landorus\n|\n|upkeep\n|turn|22\n|\n|t:|1699301690\n|move|p2a: Fem Boy|Knock Off|p1a: Landorus\n|-crit|p1a: Landorus\n|-damage|p1a: Landorus|0 fnt\n|-damage|p2a: Fem Boy|31\/100|[from] item: Rocky Helmet|[of] p1a: Landorus\n|-enditem|p1a: Landorus|Rocky Helmet|[from] move: Knock Off|[of] p2a: Fem Boy\n|faint|p1a: Landorus\n|\n|upkeep\n|\n|t:|1699301696\n|switch|p1a: Absol|Absol, M|100\/100\n|-ability|p1a: Absol|Pressure\n|turn|23\n|\n|t:|1699301720\n|detailschange|p1a: Absol|Absol-Mega, M\n|-mega|p1a: Absol|Absol|Absolite\n|move|p1a: Absol|Play Rough|p2a: Fem Boy\n|-supereffective|p2a: Fem Boy\n|-damage|p2a: Fem Boy|0 fnt\n|faint|p2a: Fem Boy\n|\n|upkeep\n|inactive|zaw11 has 120 seconds left.\n|\n|t:|1699301737\n|switch|p2a: Amongus|Amoonguss, F, shiny|100\/100\n|turn|24\n|\n|t:|1699301748\n|move|p1a: Absol|Swords Dance|p1a: Absol\n|-boost|p1a: Absol|atk|2\n|move|p2a: Amongus|Sludge Bomb|p1a: Absol\n|-damage|p1a: Absol|50\/100\n|\n|upkeep\n|turn|25\n|\n|t:|1699301757\n|switch|p1a: Gholdengo|Gholdengo|22\/100\n|move|p2a: Amongus|Sludge Bomb|p1a: Gholdengo\n|-immune|p1a: Gholdengo\n|\n|-damage|p1a: Gholdengo|10\/100|[from] item: Black Sludge\n|upkeep\n|turn|26\n|\n|t:|1699301769\n|move|p1a: Gholdengo|Make It Rain|p2a: Amongus\n|-damage|p2a: Amongus|50\/100\n|-unboost|p1a: Gholdengo|spa|1\n|move|p2a: Amongus|Sludge Bomb|p1a: Gholdengo\n|-immune|p1a: Gholdengo\n|\n|-damage|p1a: Gholdengo|0 fnt|[from] item: Black Sludge\n|faint|p1a: Gholdengo\n|upkeep\n|\n|t:|1699301783\n|switch|p1a: Chansey|Chansey, F|94\/100\n|turn|27\n|\n|t:|1699301797\n|switch|p2a: Sandy Castle|Palossand, M|100\/100\n|move|p1a: Chansey|Seismic Toss|p2a: Sandy Castle\n|-immune|p2a: Sandy Castle\n|\n|upkeep\n|turn|28\n|\n|t:|1699301805\n|move|p1a: Chansey|Toxic|p2a: Sandy Castle\n|-status|p2a: Sandy Castle|tox\n|move|p2a: Sandy Castle|Stealth Rock|p1a: Chansey\n|-sidestart|p1: Rip_Ryuga|move: Stealth Rock\n|\n|-damage|p2a: Sandy Castle|94\/100 tox|[from] psn\n|upkeep\n|turn|29\n|\n|t:|1699301812\n|switch|p1a: Rotom|Rotom-Wash|46\/100\n|-damage|p1a: Rotom|34\/100|[from] Stealth Rock\n|move|p2a: Sandy Castle|Earth Power|p1a: Rotom\n|-immune|p1a: Rotom|[from] ability: Levitate\n|\n|-heal|p1a: Rotom|40\/100|[from] item: Leftovers\n|-damage|p2a: Sandy Castle|82\/100 tox|[from] psn\n|upkeep\n|turn|30\n|\n|t:|1699301826\n|switch|p2a: Amongus|Amoonguss, F, shiny|84\/100\n|move|p1a: Rotom|Defog|p2a: Amongus\n|-unboost|p2a: Amongus|evasion|1\n|-sideend|p1: Rip_Ryuga|Stealth Rock|[from] move: Defog|[of] p1a: Rotom\n|\n|-heal|p1a: Rotom|46\/100|[from] item: Leftovers\n|upkeep\n|turn|31\n|\n|t:|1699301839\n|move|p1a: Rotom|Volt Switch|p2a: Amongus\n|-resisted|p2a: Amongus\n|-damage|p2a: Amongus|73\/100\n|\n|t:|1699301842\n|switch|p1a: Chansey|Chansey, F|94\/100|[from] Volt Switch\n|move|p2a: Amongus|Giga Drain|p1a: Chansey\n|-damage|p1a: Chansey|87\/100\n|-heal|p2a: Amongus|79\/100|[from] drain|[of] p1a: Chansey\n|\n|upkeep\n|turn|32\n|\n|t:|1699301864\n|switch|p2a: Sandy Castle|Palossand, M|82\/100 tox\n|move|p1a: Chansey|Seismic Toss|p2a: Sandy Castle\n|-immune|p2a: Sandy Castle\n|\n|-damage|p2a: Sandy Castle|76\/100 tox|[from] psn\n|upkeep\n|turn|33\n|\n|t:|1699301874\n|switch|p1a: Absol|Absol-Mega, M|50\/100\n|move|p2a: Sandy Castle|Stealth Rock|p1a: Absol\n|move|p1a: Absol|Stealth Rock|p2a: Sandy Castle|[from]ability: Magic Bounce\n|-sidestart|p2: zaw11|move: Stealth Rock\n|\n|-damage|p2a: Sandy Castle|64\/100 tox|[from] psn\n|upkeep\n|turn|34\n|\n|t:|1699301885\n|move|p1a: Absol|Knock Off|p2a: Sandy Castle\n|-supereffective|p2a: Sandy Castle\n|-damage|p2a: Sandy Castle|13\/100 tox\n|move|p2a: Sandy Castle|Earth Power|p1a: Absol\n|-damage|p1a: Absol|0 fnt\n|faint|p1a: Absol\n|\n|-damage|p2a: Sandy Castle|0 fnt|[from] psn\n|faint|p2a: Sandy Castle\n|upkeep\n|c|\u2606Rip_Ryuga|how is it not dead\n|\n|t:|1699301901\n|switch|p1a: Hawlucha|Hawlucha, M|100\/100\n|switch|p2a: Mermaid|Milotic, M|100\/100\n|-damage|p2a: Mermaid|88\/100|[from] Stealth Rock\n|turn|35\n|\n|t:|1699301907\n|switch|p1a: Chansey|Chansey, F|87\/100\n|move|p2a: Mermaid|Ice Beam|p1a: Chansey\n|-damage|p1a: Chansey|80\/100\n|\n|-heal|p2a: Mermaid|94\/100|[from] item: Leftovers\n|upkeep\n|turn|36\n|\n|t:|1699301918\n|move|p2a: Mermaid|Scald|p1a: Chansey\n|-damage|p1a: Chansey|71\/100\n|move|p1a: Chansey|Seismic Toss|p2a: Mermaid\n|-damage|p2a: Mermaid|69\/100\n|\n|-heal|p2a: Mermaid|75\/100|[from] item: Leftovers\n|upkeep\n|turn|37\n|\n|t:|1699301926\n|move|p2a: Mermaid|Toxic|p1a: Chansey\n|-status|p1a: Chansey|tox\n|move|p1a: Chansey|Toxic|p2a: Mermaid\n|-status|p2a: Mermaid|tox\n|\n|-heal|p2a: Mermaid|81\/100 tox|[from] item: Leftovers\n|-damage|p2a: Mermaid|75\/100 tox|[from] psn\n|-damage|p1a: Chansey|65\/100 tox|[from] psn\n|upkeep\n|turn|38\n|\n|t:|1699301936\n|move|p2a: Mermaid|Recover|p2a: Mermaid\n|-heal|p2a: Mermaid|100\/100 tox\n|move|p1a: Chansey|Heal Bell|p1a: Chansey\n|-activate|p1a: Chansey|move: Heal Bell\n|-curestatus|p1a: Chansey|tox|[msg]\n|\n|-damage|p2a: Mermaid|88\/100 tox|[from] psn\n|upkeep\n|turn|39\n|\n|t:|1699301952\n|switch|p2a: Amongus|Amoonguss, F, shiny|100\/100\n|-damage|p2a: Amongus|88\/100|[from] Stealth Rock\n|move|p1a: Chansey|Seismic Toss|p2a: Amongus\n|-damage|p2a: Amongus|65\/100\n|\n|upkeep\n|turn|40\n|\n|t:|1699301959\n|move|p2a: Amongus|Spore|p1a: Chansey\n|-status|p1a: Chansey|slp|[from] move: Spore\n|cant|p1a: Chansey|slp\n|\n|upkeep\n|turn|41\n|\n|t:|1699301973\n|switch|p2a: Car Bomb|Skuntank, F|89\/100\n|-damage|p2a: Car Bomb|76\/100|[from] Stealth Rock\n|cant|p1a: Chansey|slp\n|\n|-heal|p2a: Car Bomb|82\/100|[from] item: Black Sludge\n|upkeep\n|turn|42\n|\n|t:|1699301981\n|-curestatus|p1a: Chansey|slp|[from] ability: Natural Cure\n|switch|p1a: Rotom|Rotom-Wash|46\/100\n|move|p2a: Car Bomb|Taunt|p1a: Rotom\n|-start|p1a: Rotom|move: Taunt\n|\n|-heal|p1a: Rotom|52\/100|[from] item: Leftovers\n|-heal|p2a: Car Bomb|89\/100|[from] item: Black Sludge\n|upkeep\n|turn|43\n|\n|t:|1699301993\n|move|p1a: Rotom|Hydro Pump|p2a: Car Bomb\n|-damage|p2a: Car Bomb|56\/100\n|move|p2a: Car Bomb|Toxic Spikes|p1a: Rotom\n|-sidestart|p1: Rip_Ryuga|move: Toxic Spikes\n|\n|-heal|p1a: Rotom|59\/100|[from] item: Leftovers\n|-heal|p2a: Car Bomb|62\/100|[from] item: Black Sludge\n|upkeep\n|turn|44\n|\n|t:|1699302000\n|move|p2a: Car Bomb|Sucker Punch|p1a: Rotom\n|-damage|p1a: Rotom|41\/100\n|move|p1a: Rotom|Hydro Pump|p2a: Car Bomb\n|-damage|p2a: Car Bomb|31\/100\n|\n|-heal|p1a: Rotom|47\/100|[from] item: Leftovers\n|-heal|p2a: Car Bomb|37\/100|[from] item: Black Sludge\n|-end|p1a: Rotom|move: Taunt\n|upkeep\n|turn|45\n|\n|t:|1699302010\n|move|p1a: Rotom|Volt Switch|p2a: Car Bomb\n|-damage|p2a: Car Bomb|15\/100\n|\n|t:|1699302014\n|switch|p1a: Chansey|Chansey, F|65\/100|[from] Volt Switch\n|-status|p1a: Chansey|psn\n|move|p2a: Car Bomb|Crunch|p1a: Chansey\n|-damage|p1a: Chansey|47\/100 psn\n|\n|-heal|p2a: Car Bomb|21\/100|[from] item: Black Sludge\n|-damage|p1a: Chansey|35\/100 psn|[from] psn\n|upkeep\n|turn|46\n|\n|t:|1699302030\n|move|p2a: Car Bomb|Taunt|p1a: Chansey\n|-start|p1a: Chansey|move: Taunt\n|cant|p1a: Chansey|move: Taunt|Soft-Boiled\n|\n|-heal|p2a: Car Bomb|27\/100|[from] item: Black Sludge\n|-damage|p1a: Chansey|22\/100 psn|[from] psn\n|upkeep\n|turn|47\n|\n|t:|1699302044\n|-curestatus|p1a: Chansey|psn|[from] ability: Natural Cure\n|switch|p1a: Rotom|Rotom-Wash|47\/100\n|move|p2a: Car Bomb|Crunch|p1a: Rotom\n|-damage|p1a: Rotom|27\/100\n|\n|-heal|p1a: Rotom|33\/100|[from] item: Leftovers\n|-heal|p2a: Car Bomb|33\/100|[from] item: Black Sludge\n|upkeep\n|turn|48\n|\n|t:|1699302062\n|move|p1a: Rotom|Will-O-Wisp|p2a: Car Bomb\n|-status|p2a: Car Bomb|brn\n|move|p2a: Car Bomb|Crunch|p1a: Rotom\n|-crit|p1a: Rotom\n|-damage|p1a: Rotom|19\/100\n|\n|-heal|p1a: Rotom|25\/100|[from] item: Leftovers\n|-heal|p2a: Car Bomb|39\/100 brn|[from] item: Black Sludge\n|-damage|p2a: Car Bomb|33\/100 brn|[from] brn\n|upkeep\n|turn|49\n|\n|t:|1699302073\n|switch|p2a: Amongus|Amoonguss, F, shiny|98\/100\n|-damage|p2a: Amongus|86\/100|[from] Stealth Rock\n|move|p1a: Rotom|Hydro Pump|p2a: Amongus|[miss]\n|-miss|p1a: Rotom|p2a: Amongus\n|\n|-heal|p1a: Rotom|31\/100|[from] item: Leftovers\n|upkeep\n|turn|50\n|\n|t:|1699302084\n|move|p1a: Rotom|Volt Switch|p2a: Amongus\n|-resisted|p2a: Amongus\n|-damage|p2a: Amongus|75\/100\n|\n|t:|1699302095\n|switch|p1a: Chansey|Chansey, F|22\/100|[from] Volt Switch\n|-status|p1a: Chansey|psn\n|move|p2a: Amongus|Giga Drain|p1a: Chansey\n|-damage|p1a: Chansey|16\/100 psn\n|-heal|p2a: Amongus|81\/100|[from] drain|[of] p1a: Chansey\n|\n|-damage|p1a: Chansey|3\/100 psn|[from] psn\n|upkeep\n|turn|51\n|\n|t:|1699302118\n|move|p2a: Amongus|Giga Drain|p1a: Chansey\n|-damage|p1a: Chansey|0 fnt\n|-heal|p2a: Amongus|83\/100|[from] drain|[of] p1a: Chansey\n|faint|p1a: Chansey\n|\n|upkeep\n|\n|t:|1699302124\n|switch|p1a: Rotom|Rotom-Wash|31\/100\n|turn|52\n|\n|t:|1699302131\n|move|p1a: Rotom|Defog|p2a: Amongus\n|-unboost|p2a: Amongus|evasion|1\n|-sideend|p2: zaw11|Stealth Rock|[from] move: Defog|[of] p1a: Rotom\n|-sideend|p1: Rip_Ryuga|Toxic Spikes|[from] move: Defog|[of] p1a: Rotom\n|move|p2a: Amongus|Giga Drain|p1a: Rotom\n|-supereffective|p1a: Rotom\n|-damage|p1a: Rotom|0 fnt\n|-heal|p2a: Amongus|94\/100|[from] drain|[of] p1a: Rotom\n|faint|p1a: Rotom\n|\n|upkeep\n|\n|t:|1699302139\n|switch|p1a: Hawlucha|Hawlucha, M|100\/100\n|turn|53\n|\n|t:|1699302145\n|switch|p2a: Mermaid|Milotic, M|88\/100 tox\n|move|p1a: Hawlucha|Substitute|p1a: Hawlucha\n|-start|p1a: Hawlucha|Substitute\n|-damage|p1a: Hawlucha|76\/100\n|\n|-heal|p2a: Mermaid|94\/100 tox|[from] item: Leftovers\n|-damage|p2a: Mermaid|88\/100 tox|[from] psn\n|upkeep\n|turn|54\n|\n|t:|1699302154\n|move|p1a: Hawlucha|Swords Dance|p1a: Hawlucha\n|-boost|p1a: Hawlucha|atk|2\n|move|p2a: Mermaid|Ice Beam|p1a: Hawlucha\n|-supereffective|p1a: Hawlucha\n|-end|p1a: Hawlucha|Substitute\n|\n|-heal|p2a: Mermaid|94\/100 tox|[from] item: Leftovers\n|-damage|p2a: Mermaid|82\/100 tox|[from] psn\n|upkeep\n|turn|55\n|\n|t:|1699302163\n|move|p1a: Hawlucha|Substitute|p1a: Hawlucha\n|-start|p1a: Hawlucha|Substitute\n|-damage|p1a: Hawlucha|51\/100\n|move|p2a: Mermaid|Ice Beam|p1a: Hawlucha\n|-supereffective|p1a: Hawlucha\n|-end|p1a: Hawlucha|Substitute\n|\n|-heal|p2a: Mermaid|88\/100 tox|[from] item: Leftovers\n|-damage|p2a: Mermaid|70\/100 tox|[from] psn\n|upkeep\n|turn|56\n|\n|t:|1699302172\n|move|p1a: Hawlucha|Substitute|p1a: Hawlucha\n|-start|p1a: Hawlucha|Substitute\n|-damage|p1a: Hawlucha|26\/100\n|-enditem|p1a: Hawlucha|Sitrus Berry|[eat]\n|-heal|p1a: Hawlucha|51\/100|[from] item: Sitrus Berry\n|move|p2a: Mermaid|Ice Beam|p1a: Hawlucha\n|-supereffective|p1a: Hawlucha\n|-end|p1a: Hawlucha|Substitute\n|\n|-heal|p2a: Mermaid|76\/100 tox|[from] item: Leftovers\n|-damage|p2a: Mermaid|52\/100 tox|[from] psn\n|upkeep\n|turn|57\n|\n|t:|1699302183\n|move|p1a: Hawlucha|Acrobatics|p2a: Mermaid\n|-damage|p2a: Mermaid|0 fnt\n|faint|p2a: Mermaid\n|\n|upkeep\n|\n|t:|1699302194\n|switch|p2a: Pup of Fire|Entei|100\/100\n|turn|58\n|\n|t:|1699302205\n|move|p1a: Hawlucha|High Jump Kick|p2a: Pup of Fire\n|-damage|p2a: Pup of Fire|0 fnt\n|faint|p2a: Pup of Fire\n|\n|upkeep\n|\n|t:|1699302210\n|switch|p2a: Car Bomb|Skuntank, F|33\/100 brn\n|turn|59\n|\n|t:|1699302215\n|move|p2a: Car Bomb|Sucker Punch||[still]\n|-fail|p2a: Car Bomb\n|move|p1a: Hawlucha|Substitute|p1a: Hawlucha\n|-start|p1a: Hawlucha|Substitute\n|-damage|p1a: Hawlucha|26\/100\n|\n|-heal|p2a: Car Bomb|39\/100 brn|[from] item: Black Sludge\n|-damage|p2a: Car Bomb|33\/100 brn|[from] brn\n|upkeep\n|turn|60\n|c|\u2606Rip_Ryuga|gg\n|\n|t:|1699302228\n|move|p1a: Hawlucha|Acrobatics|p2a: Car Bomb\n|-damage|p2a: Car Bomb|0 fnt\n|-damage|p1a: Hawlucha|1\/100|[from] ability: Aftermath|[of] p2a: Car Bomb\n|faint|p2a: Car Bomb\n|\n|upkeep\n|\n|t:|1699302234\n|switch|p2a: Amongus|Amoonguss, F, shiny|100\/100\n|turn|61\n|c|\u2606zaw11|bro you are so lucky\n|c|\u2606Rip_Ryuga|na\n|c|\u2606Rip_Ryuga|its just late game\n|c|\u2606Rip_Ryuga|i saved it\n|c|\u2606Rip_Ryuga|i knew what i was doing XD\n|inactive|zaw11 has 120 seconds left.\n|c|\u2606Rip_Ryuga|skill\n|\n|t:|1699302266\n|move|p1a: Hawlucha|Acrobatics|p2a: Amongus\n|-supereffective|p2a: Amongus\n|-damage|p2a: Amongus|0 fnt\n|faint|p2a: Amongus\n|\n|win|Rip_Ryuga\n|raw|Rip_Ryuga's rating: 1138 &rarr; <strong>1168<\/strong><br \/>(+30 for winning)\n|raw|zaw11's rating: 1202 &rarr; <strong>1172<\/strong><br \/>(-30 for losing)\n|c|\u2606Rip_Ryuga|gg tho\n|c|\u2606Rip_Ryuga|close match\n|c|\u2606zaw11|gg\n|l|\u2606zaw11\n","uploadtime":1699302297,"views":6,"p1id":"ripryuga","p2id":"zaw11","formatid":"gen9nationaldexubers","rating":1168,"private":0,"password":""}