{"id":"gen9nationaldexubers-1977860689","p1":"Koopstrooper","p2":"Zzalen","format":"[Gen 9] National Dex Ubers","log":"|j|\u2606Koopstrooper\n|j|\u2606Zzalen\n|t:|1698458588\n|gametype|singles\n|player|p1|Koopstrooper|steven|\n|player|p2|Zzalen|ghetsis|\n|teamsize|p1|6\n|teamsize|p2|6\n|gen|9\n|tier|[Gen 9] National Dex Ubers\n|rule|HP Percentage Mod: HP is shown in percentages\n|rule|Endless Battle Clause: Forcing endless battles is banned\n|rule|OHKO Clause: OHKO moves are banned\n|rule|Evasion Moves Clause: Evasion moves are banned\n|rule|Evasion Items Clause: Evasion items are banned\n|rule|Species Clause: Limit one of each Pok\u00e9mon\n|rule|Sleep Clause Mod: Limit one foe put to sleep\n|rule|Mega Rayquaza Clause: You cannot mega evolve Rayquaza\n|clearpoke\n|poke|p1|Tyranitar, F|\n|poke|p1|Mandibuzz, F|\n|poke|p1|Lokix, F|\n|poke|p1|Weavile, F|\n|poke|p1|Giratina|\n|poke|p1|Klefki, F|\n|poke|p2|Giratina|\n|poke|p2|Annihilape, M|\n|poke|p2|Mimikyu, F|\n|poke|p2|Mandibuzz, F|\n|poke|p2|Hydreigon, M|\n|poke|p2|Scizor, M|\n|teampreview\n|j| OneRandomMawile\n|j| LUWITE\n|c| OneRandomMawile|A matchup worthy of being the final fight\n|c| LUWITE|oh zzalen pls beat koops\n|\n|t:|1698458647\n|start\n|switch|p1a: Giratina|Giratina|100\/100\n|switch|p2a: Annihilape|Annihilape, M, shiny|100\/100\n|-ability|p1a: Giratina|Pressure\n|turn|1\n|\n|t:|1698458673\n|switch|p2a: Mandibuzz|Mandibuzz, F, shiny|100\/100\n|move|p1a: Giratina|Will-O-Wisp|p2a: Mandibuzz\n|-status|p2a: Mandibuzz|brn\n|\n|-damage|p2a: Mandibuzz|94\/100 brn|[from] brn\n|upkeep\n|turn|2\n|c| LUWITE|~~I was trying to willo mandi the whole time~~\n|c|\u2606Zzalen|ye but ur giratina wasnt spooky\n|c| LUWITE|wdym\n|\n|t:|1698458708\n|switch|p1a: Klefki|Klefki, F|100\/100\n|move|p2a: Mandibuzz|Toxic|p1a: Klefki\n|-immune|p1a: Klefki\n|\n|-damage|p2a: Mandibuzz|88\/100 brn|[from] brn\n|upkeep\n|turn|3\n|c| LUWITE|Its spooky\n|c| LUWITE|hex\n|c|\u2606Zzalen|it only had hex as an attack\n|c| LUWITE|defog op\n|c| LUWITE|trust me\n|c| OneRandomMawile|Zzalen bro wheres ur knock off\n|c| OneRandomMawile|smhmhmmh\n|\n|t:|1698458732\n|move|p1a: Klefki|Reflect|p1a: Klefki\n|-sidestart|p1: Koopstrooper|Reflect\n|move|p2a: Mandibuzz|Toxic|p1a: Klefki\n|-immune|p1a: Klefki\n|\n|-damage|p2a: Mandibuzz|82\/100 brn|[from] brn\n|upkeep\n|turn|4\n|c| LUWITE|he runs uturn mandi\n|\n|t:|1698458738\n|move|p2a: Mandibuzz|Defog|p1a: Klefki\n|-unboost|p1a: Klefki|evasion|1\n|-sideend|p1: Koopstrooper|Reflect\n|move|p1a: Klefki|Play Rough|p2a: Mandibuzz\n|-supereffective|p2a: Mandibuzz\n|-damage|p2a: Mandibuzz|52\/100 brn\n|-damage|p1a: Klefki|84\/100|[from] item: Rocky Helmet|[of] p2a: Mandibuzz\n|\n|-damage|p2a: Mandibuzz|46\/100 brn|[from] brn\n|upkeep\n|turn|5\n|\n|t:|1698458750\n|move|p1a: Klefki|Reflect|p1a: Klefki\n|-sidestart|p1: Koopstrooper|Reflect\n|move|p2a: Mandibuzz|Roost|p2a: Mandibuzz\n|-heal|p2a: Mandibuzz|96\/100 brn\n|-singleturn|p2a: Mandibuzz|move: Roost\n|\n|-damage|p2a: Mandibuzz|90\/100 brn|[from] brn\n|upkeep\n|turn|6\n|\n|t:|1698458765\n|switch|p2a: Scizor|Scizor, M, shiny|100\/100\n|move|p1a: Klefki|Spikes|p2a: Scizor\n|-sidestart|p2: Zzalen|Spikes\n|\n|upkeep\n|turn|7\n|\n|t:|1698458786\n|switch|p1a: Giratina|Giratina|100\/100\n|-ability|p1a: Giratina|Pressure\n|move|p2a: Scizor|Knock Off|p1a: Giratina\n|-supereffective|p1a: Giratina\n|-damage|p1a: Giratina|89\/100\n|-enditem|p1a: Giratina|Leftovers|[from] move: Knock Off|[of] p2a: Scizor\n|\n|upkeep\n|turn|8\n|\n|t:|1698458816\n|switch|p1a: Tyranitar|Tyranitar, F|100\/100\n|-weather|Sandstorm|[from] ability: Sand Stream|[of] p1a: Tyranitar\n|switch|p2a: Mandibuzz|Mandibuzz, F, shiny|90\/100 brn\n|\n|-weather|Sandstorm|[upkeep]\n|-damage|p2a: Mandibuzz|84\/100 brn|[from] brn\n|upkeep\n|turn|9\n|c| LUWITE|uturn on him\n|c| LUWITE|oh\n|c| LUWITE|sadge\n|\n|t:|1698458837\n|switch|p2a: Annihilape|Annihilape, M, shiny|100\/100\n|-damage|p2a: Annihilape|88\/100|[from] Spikes\n|detailschange|p1a: Tyranitar|Tyranitar-Mega, F\n|-mega|p1a: Tyranitar|Tyranitar|Tyranitarite\n|move|p1a: Tyranitar|Stone Edge|p2a: Annihilape|[miss]\n|-miss|p1a: Tyranitar|p2a: Annihilape\n|\n|-weather|Sandstorm|[upkeep]\n|-damage|p2a: Annihilape|82\/100|[from] Sandstorm\n|upkeep\n|turn|10\n|c| OneRandomMawile|I like that all of the people who used altered giratina hit top 3\n|\n|t:|1698458858\n|switch|p1a: Mandibuzz|Mandibuzz, F|100\/100\n|move|p2a: Annihilape|Rage Fist|p1a: Mandibuzz\n|-resisted|p1a: Mandibuzz\n|-damage|p1a: Mandibuzz|96\/100\n|\n|-weather|Sandstorm|[upkeep]\n|-damage|p2a: Annihilape|76\/100|[from] Sandstorm\n|upkeep\n|turn|11\n|c| LUWITE|where is koops ghost\/fighting resist\n|c| OneRandomMawile|Why would you want to hit annihilape tho\n|c| OneRandomMawile|with a resisted hit\n|\n|t:|1698458872\n|move|p2a: Annihilape|Taunt|p1a: Mandibuzz\n|-start|p1a: Mandibuzz|move: Taunt\n|cant|p1a: Mandibuzz|move: Taunt|Toxic\n|\n|-weather|Sandstorm|[upkeep]\n|-damage|p2a: Annihilape|70\/100|[from] Sandstorm\n|upkeep\n|turn|12\n|c| OneRandomMawile|thats just free rage fist\n|\n|t:|1698458884\n|switch|p1a: Giratina|Giratina|89\/100\n|-ability|p1a: Giratina|Pressure\n|move|p2a: Annihilape|Bulk Up|p2a: Annihilape\n|-boost|p2a: Annihilape|atk|1\n|-boost|p2a: Annihilape|def|1\n|\n|-weather|none\n|-sideend|p1: Koopstrooper|Reflect\n|upkeep\n|turn|13\n|c| LUWITE|speed tie\n|c| LUWITE|but gira wins 100%\n|c| LUWITE|actually koops in a good spot rn\n|\n|t:|1698458924\n|move|p2a: Annihilape|Taunt|p1a: Giratina\n|-start|p1a: Giratina|move: Taunt\n|move|p1a: Giratina|Hex|p2a: Annihilape\n|-supereffective|p2a: Annihilape\n|-enditem|p2a: Annihilape|Kasib Berry|[eat]\n|-enditem|p2a: Annihilape|Kasib Berry|[weaken]\n|-damage|p2a: Annihilape|49\/100\n|\n|upkeep\n|turn|14\n|c| LUWITE|wait bro isnt offensive ic\n|\n|t:|1698458962\n|switch|p1a: Mandibuzz|Mandibuzz, F|96\/100\n|move|p2a: Annihilape|Rage Fist|p1a: Mandibuzz\n|-resisted|p1a: Mandibuzz\n|-damage|p1a: Mandibuzz|64\/100\n|\n|upkeep\n|turn|15\n|\n|t:|1698458997\n|move|p2a: Annihilape|Drain Punch|p1a: Mandibuzz\n|-damage|p1a: Mandibuzz|16\/100\n|-heal|p2a: Annihilape|74\/100|[from] drain|[of] p1a: Mandibuzz\n|move|p1a: Mandibuzz|Toxic|p2a: Annihilape\n|-status|p2a: Annihilape|tox\n|\n|-damage|p2a: Annihilape|68\/100 tox|[from] psn\n|upkeep\n|turn|16\n|c| LUWITE|wait why did no one else run horoark tho\n|c|\u2606Zzalen|it was mid\n|c| LUWITE|it just walls this\n|c| OneRandomMawile|I forgot annihilape existed\n|c|\u2606Zzalen|skill issue\n|c| OneRandomMawile|lmao\n|c| OneRandomMawile|thats why\n|\n|t:|1698459051\n|move|p2a: Annihilape|Rage Fist|p1a: Mandibuzz\n|-resisted|p1a: Mandibuzz\n|-damage|p1a: Mandibuzz|0 fnt\n|faint|p1a: Mandibuzz\n|\n|-damage|p2a: Annihilape|56\/100 tox|[from] psn\n|upkeep\n|c| OneRandomMawile|Koops is in gamer mode rn\n|\n|t:|1698459054\n|switch|p1a: Klefki|Klefki, F|84\/100\n|turn|17\n|\n|t:|1698459104\n|move|p1a: Klefki|Reflect|p1a: Klefki\n|-sidestart|p1: Koopstrooper|Reflect\n|move|p2a: Annihilape|Rage Fist|p1a: Klefki\n|-damage|p1a: Klefki|54\/100\n|\n|-damage|p2a: Annihilape|37\/100 tox|[from] psn\n|upkeep\n|turn|18\n|\n|t:|1698459128\n|move|p2a: Annihilape|Rage Fist|p1a: Klefki\n|-damage|p1a: Klefki|21\/100\n|move|p1a: Klefki|Play Rough|p2a: Annihilape\n|-supereffective|p2a: Annihilape\n|-damage|p2a: Annihilape|1\/100 tox\n|-unboost|p2a: Annihilape|atk|1\n|-ability|p2a: Annihilape|Defiant|boost\n|-boost|p2a: Annihilape|atk|2\n|\n|-damage|p2a: Annihilape|0 fnt|[from] psn\n|faint|p2a: Annihilape\n|upkeep\n|\n|t:|1698459145\n|switch|p2a: Mandibuzz|Mandibuzz, F, shiny|84\/100 brn\n|turn|19\n|\n|t:|1698459151\n|switch|p1a: Weavile|Weavile, F|100\/100\n|-ability|p1a: Weavile|Pressure\n|move|p2a: Mandibuzz|Defog|p1a: Weavile\n|-unboost|p1a: Weavile|evasion|1\n|-sideend|p1: Koopstrooper|Reflect\n|-sideend|p2: Zzalen|Spikes|[from] move: Defog|[of] p2a: Mandibuzz\n|\n|-damage|p2a: Mandibuzz|78\/100 brn|[from] brn\n|upkeep\n|turn|20\n|\n|t:|1698459195\n|switch|p2a: Scizor|Scizor, M, shiny|100\/100\n|move|p1a: Weavile|Triple Axel|p2a: Scizor\n|-resisted|p2a: Scizor\n|-damage|p2a: Scizor|93\/100\n|-hitcount|p2a: Scizor|1\n|-damage|p1a: Weavile|91\/100|[from] item: Life Orb\n|\n|upkeep\n|turn|21\n|j| AuroraTempest\n|c| OneRandomMawile|Good chip, good chip\n|c| LUWITE|koops really rolls atk drops play rough twice\n|c| LUWITE|be fire blast mind blown\n|c| OneRandomMawile|Cant believe yall tryharded instead of trying to have fun \ud83e\udd71\n|c| LUWITE|tru\n|\n|t:|1698459294\n|switch|p1a: Giratina|Giratina|89\/100\n|-ability|p1a: Giratina|Pressure\n|detailschange|p2a: Scizor|Scizor-Mega, M, shiny\n|-mega|p2a: Scizor|Scizor|Scizorite\n|move|p2a: Scizor|Bullet Punch|p1a: Giratina\n|-damage|p1a: Giratina|77\/100\n|\n|upkeep\n|turn|22\n|c| LUWITE|If I try harded Id not run mono lose to t tar\n|c| OneRandomMawile|Bru you didnt mono lose to tyar r u high\n|c| LUWITE|tru\n|c| LUWITE|M t tar< t tar\n|\n|t:|1698459349\n|switch|p2a: Mandibuzz|Mandibuzz, F, shiny|78\/100 brn\n|move|p1a: Giratina|Will-O-Wisp|p2a: Mandibuzz\n|-fail|p2a: Mandibuzz|brn\n|\n|-damage|p2a: Mandibuzz|72\/100 brn|[from] brn\n|upkeep\n|turn|23\n|\n|t:|1698459371\n|switch|p1a: Klefki|Klefki, F|21\/100\n|move|p2a: Mandibuzz|Foul Play|p1a: Klefki\n|-resisted|p1a: Klefki\n|-damage|p1a: Klefki|16\/100\n|\n|-damage|p2a: Mandibuzz|66\/100 brn|[from] brn\n|upkeep\n|turn|24\n|c| OneRandomMawile|I can already smell the 40-turn game\n|c| LUWITE|oh I shouldve just run low kick.\n|l| AuroraTempest\n|\n|t:|1698459397\n|move|p1a: Klefki|Reflect|p1a: Klefki\n|-sidestart|p1: Koopstrooper|Reflect\n|move|p2a: Mandibuzz|Roost|p2a: Mandibuzz\n|-heal|p2a: Mandibuzz|100\/100 brn\n|-singleturn|p2a: Mandibuzz|move: Roost\n|\n|-damage|p2a: Mandibuzz|94\/100 brn|[from] brn\n|upkeep\n|turn|25\n|c| OneRandomMawile|Bru you had drain punch on annihilape\n|\n|t:|1698459415\n|switch|p1a: Tyranitar|Tyranitar-Mega, F|100\/100\n|-weather|Sandstorm|[from] ability: Sand Stream|[of] p1a: Tyranitar\n|move|p2a: Mandibuzz|Defog|p1a: Tyranitar\n|-unboost|p1a: Tyranitar|evasion|1\n|-sideend|p1: Koopstrooper|Reflect\n|\n|-weather|Sandstorm|[upkeep]\n|-damage|p2a: Mandibuzz|88\/100 brn|[from] brn\n|upkeep\n|turn|26\n|c| LUWITE|ye my only not die to t tar mon\n|\n|t:|1698459438\n|move|p1a: Tyranitar|Stone Edge|p2a: Mandibuzz\n|-supereffective|p2a: Mandibuzz\n|-damage|p2a: Mandibuzz|10\/100 brn\n|move|p2a: Mandibuzz|Toxic|p1a: Tyranitar\n|-status|p1a: Tyranitar|tox\n|\n|-weather|Sandstorm|[upkeep]\n|-damage|p1a: Tyranitar|94\/100 tox|[from] psn\n|-damage|p2a: Mandibuzz|4\/100 brn|[from] brn\n|upkeep\n|turn|27\n|\n|t:|1698459457\n|move|p1a: Tyranitar|Dragon Dance|p1a: Tyranitar\n|-boost|p1a: Tyranitar|atk|1\n|-boost|p1a: Tyranitar|spe|1\n|move|p2a: Mandibuzz|Roost|p2a: Mandibuzz\n|-heal|p2a: Mandibuzz|54\/100 brn\n|-singleturn|p2a: Mandibuzz|move: Roost\n|\n|-weather|Sandstorm|[upkeep]\n|-damage|p1a: Tyranitar|82\/100 tox|[from] psn\n|-damage|p2a: Mandibuzz|48\/100 brn|[from] brn\n|upkeep\n|turn|28\n|c| LUWITE|Its max def mandi\n|c| LUWITE|Already calced b4\n|c| LUWITE|fr\n|\n|t:|1698459472\n|move|p1a: Tyranitar|Stone Edge|p2a: Mandibuzz\n|-supereffective|p2a: Mandibuzz\n|-crit|p2a: Mandibuzz\n|-damage|p2a: Mandibuzz|0 fnt\n|faint|p2a: Mandibuzz\n|\n|-weather|Sandstorm|[upkeep]\n|-damage|p1a: Tyranitar|64\/100 tox|[from] psn\n|upkeep\n|c| LUWITE|110 and 105\n|c| LUWITE|bros so bulky\n|\n|t:|1698459494\n|switch|p2a: Mimikyu|Mimikyu, F, shiny|100\/100\n|turn|29\n|c| LUWITE|you got scarf..oh Ig this is a mon\n|\n|t:|1698459509\n|move|p1a: Tyranitar|Knock Off|p2a: Mimikyu\n|-activate|p2a: Mimikyu|ability: Disguise\n|-damage|p2a: Mimikyu|100\/100\n|-enditem|p2a: Mimikyu|Life Orb|[from] move: Knock Off|[of] p1a: Tyranitar\n|detailschange|p2a: Mimikyu|Mimikyu-Busted, F, shiny\n|-damage|p2a: Mimikyu|88\/100|[from] pokemon: Mimikyu-Busted\n|move|p2a: Mimikyu|Play Rough|p1a: Tyranitar\n|-supereffective|p1a: Tyranitar\n|-damage|p1a: Tyranitar|7\/100 tox\n|\n|-weather|none\n|-damage|p1a: Tyranitar|0 fnt|[from] psn\n|faint|p1a: Tyranitar\n|upkeep\n|c| OneRandomMawile|Let the voices take control\n|c| OneRandomMawile|go lokix\n|c| LUWITE|lokix sd\n|c| LUWITE|ez W\n|c| LUWITE|and dodge play rough ig\n|\n|t:|1698459588\n|switch|p1a: Weavile|Weavile, F|91\/100\n|-ability|p1a: Weavile|Pressure\n|turn|30\n|c| LUWITE|pressure\n|c| LUWITE|o\n|c| LUWITE|banded lorb\n|c| LUWITE|trust\n|\n|t:|1698459639\n|switch|p2a: Scizor|Scizor-Mega, M, shiny|93\/100\n|move|p1a: Weavile|Triple Axel|p2a: Scizor\n|-resisted|p2a: Scizor\n|-damage|p2a: Scizor|87\/100\n|-resisted|p2a: Scizor\n|-damage|p2a: Scizor|76\/100\n|-resisted|p2a: Scizor\n|-damage|p2a: Scizor|59\/100\n|-hitcount|p2a: Scizor|3\n|-damage|p1a: Weavile|81\/100|[from] item: Life Orb\n|\n|upkeep\n|turn|31\n|c| LUWITE|dynamic punch em rn\n|c| OneRandomMawile|True\n|\n|t:|1698459694\n|switch|p1a: Klefki|Klefki, F|16\/100\n|move|p2a: Scizor|Roost|p2a: Scizor\n|-heal|p2a: Scizor|100\/100\n|-singleturn|p2a: Scizor|move: Roost\n|\n|upkeep\n|turn|32\n|c| LUWITE|dang\n|c| OneRandomMawile|Why didnt he go gira and wisp\n|c| LUWITE|bp\n|c| LUWITE|totally scary\n|c| OneRandomMawile|Fair\n|c| OneRandomMawile|Doesnt koops have rest tho?\n|\n|t:|1698459760\n|move|p1a: Klefki|Reflect|p1a: Klefki\n|-sidestart|p1: Koopstrooper|Reflect\n|move|p2a: Scizor|Swords Dance|p2a: Scizor\n|-boost|p2a: Scizor|atk|2\n|\n|upkeep\n|turn|33\n|c| OneRandomMawile|i guess scizor can just sd past it\n|\n|t:|1698459788\n|switch|p1a: Giratina|Giratina|77\/100\n|-ability|p1a: Giratina|Pressure\n|move|p2a: Scizor|Knock Off|p1a: Giratina\n|-supereffective|p1a: Giratina\n|-damage|p1a: Giratina|58\/100\n|\n|upkeep\n|turn|34\n|c| LUWITE|No nicknames on either side\n|c| LUWITE|so sad\n|\n|t:|1698459798\n|switch|p2a: Giratina|Giratina, shiny|100\/100\n|-ability|p2a: Giratina|Pressure\n|move|p1a: Giratina|Will-O-Wisp|p2a: Giratina\n|-status|p2a: Giratina|brn\n|\n|-damage|p2a: Giratina|94\/100 brn|[from] brn\n|upkeep\n|turn|35\n|\n|t:|1698459810\n|move|p2a: Giratina|Draco Meteor|p1a: Giratina\n|-supereffective|p1a: Giratina\n|-damage|p1a: Giratina|0 fnt\n|-unboost|p2a: Giratina|spa|2\n|faint|p1a: Giratina\n|\n|-damage|p2a: Giratina|88\/100 brn|[from] brn\n|upkeep\n|c| OneRandomMawile|Yo he kept that draco in his pockey\n|c| LUWITE|no way zz\n|c| OneRandomMawile|Pocket*\n|c| LUWITE|I already knew that\n|\n|t:|1698459846\n|switch|p1a: Weavile|Weavile, F|81\/100\n|-ability|p1a: Weavile|Pressure\n|turn|36\n|\n|t:|1698459859\n|switch|p2a: Scizor|Scizor-Mega, M, shiny|100\/100\n|move|p1a: Weavile|Knock Off|p2a: Scizor\n|-damage|p2a: Scizor|64\/100\n|-damage|p1a: Weavile|71\/100|[from] item: Life Orb\n|\n|upkeep\n|turn|37\n|c| LUWITE|ice beam w-\n|\n|t:|1698459892\n|switch|p1a: Lokix|Lokix, F|100\/100\n|move|p2a: Scizor|Roost|p2a: Scizor\n|-heal|p2a: Scizor|100\/100\n|-singleturn|p2a: Scizor|move: Roost\n|\n|upkeep\n|turn|38\n|\n|t:|1698459904\n|move|p1a: Lokix|U-turn|p2a: Scizor\n|-resisted|p2a: Scizor\n|-damage|p2a: Scizor|80\/100\n|c| LUWITE|its m scizor\n|c| LUWITE|102 atk\n|c| LUWITE|is meh\n|c| OneRandomMawile|Koops you shoulda brought fire blast on your ttar fr\n|\n|t:|1698459951\n|switch|p1a: Weavile|Weavile, F|71\/100|[from] U-turn\n|-ability|p1a: Weavile|Pressure\n|move|p2a: Scizor|Swords Dance|p2a: Scizor\n|-boost|p2a: Scizor|atk|2\n|\n|upkeep\n|turn|39\n|c| OneRandomMawile|Its the strat\n|\n|t:|1698459958\n|move|p1a: Weavile|Knock Off|p2a: Scizor\n|-damage|p2a: Scizor|49\/100\n|-damage|p1a: Weavile|61\/100|[from] item: Life Orb\n|move|p2a: Scizor|Roost|p2a: Scizor\n|-heal|p2a: Scizor|99\/100\n|-singleturn|p2a: Scizor|move: Roost\n|\n|-sideend|p1: Koopstrooper|Reflect\n|upkeep\n|turn|40\n|-message|Koopstrooper forfeited.\n|\n|win|Zzalen\n|l|\u2606Koopstrooper\n|l| OneRandomMawile\n|j|\u2606Koopstrooper\n|player|p1|Koopstrooper|steven\n","uploadtime":1698459978,"views":14,"p1id":"koopstrooper","p2id":"zzalen","formatid":"gen9nationaldexubers","rating":0,"private":0,"password":""}