{"id":"gen9nationaldexubers-1999277962","p1":"KingoftheTitans","p2":"k1only","format":"[Gen 9] National Dex Ubers","log":"|j|\u2606KingoftheTitans\n|j|\u2606k1only\n|t:|1701054158\n|gametype|singles\n|player|p1|KingoftheTitans|1|1366\n|player|p2|k1only|hoopster|1284\n|teamsize|p1|6\n|teamsize|p2|6\n|gen|9\n|tier|[Gen 9] National Dex Ubers\n|rated|\n|rule|HP Percentage Mod: HP is shown in percentages\n|rule|Endless Battle Clause: Forcing endless battles is banned\n|rule|OHKO Clause: OHKO moves are banned\n|rule|Evasion Moves Clause: Evasion moves are banned\n|rule|Evasion Items Clause: Evasion items are banned\n|rule|Species Clause: Limit one of each Pok\u00e9mon\n|rule|Sleep Clause Mod: Limit one foe put to sleep\n|rule|Mega Rayquaza Clause: You cannot mega evolve Rayquaza\n|clearpoke\n|poke|p1|Tornadus, M|\n|poke|p1|Basculegion, M|\n|poke|p1|Druddigon, M|\n|poke|p1|Iron Thorns|\n|poke|p1|Torterra, M|\n|poke|p1|Aggron, M|\n|poke|p2|Necrozma-Dawn-Wings|\n|poke|p2|Machamp, M|\n|poke|p2|Zoroark-Hisui, M|\n|poke|p2|Coalossal, F|\n|poke|p2|Slowbro, M|\n|poke|p2|Tsareena, F|\n|teampreview\n|\n|t:|1701054173\n|start\n|switch|p1a: Druddigon|Druddigon, M, shiny|100\/100\n|switch|p2a: Machamp|Machamp, M|100\/100\n|turn|1\n|\n|t:|1701054180\n|move|p2a: Machamp|Dynamic Punch|p1a: Druddigon\n|-damage|p1a: Druddigon|37\/100\n|-start|p1a: Druddigon|confusion\n|-damage|p2a: Machamp|88\/100|[from] ability: Rough Skin|[of] p1a: Druddigon\n|-damage|p2a: Machamp|71\/100|[from] item: Rocky Helmet|[of] p1a: Druddigon\n|-activate|p1a: Druddigon|confusion\n|move|p1a: Druddigon|Glare|p2a: Machamp\n|-status|p2a: Machamp|par\n|\n|upkeep\n|turn|2\n|\n|t:|1701054191\n|-activate|p1a: Druddigon|confusion\n|-damage|p1a: Druddigon|22\/100|[from] confusion\n|cant|p2a: Machamp|par\n|\n|upkeep\n|turn|3\n|\n|t:|1701054195\n|move|p2a: Machamp|Bullet Punch|p1a: Druddigon\n|-damage|p1a: Druddigon|6\/100\n|-damage|p2a: Machamp|59\/100 par|[from] ability: Rough Skin|[of] p1a: Druddigon\n|-damage|p2a: Machamp|42\/100 par|[from] item: Rocky Helmet|[of] p1a: Druddigon\n|-activate|p1a: Druddigon|confusion\n|-damage|p1a: Druddigon|0 fnt|[from] confusion\n|faint|p1a: Druddigon\n|\n|upkeep\n|\n|t:|1701054209\n|switch|p1a: Torterra|Torterra, M|100\/100\n|turn|4\n|\n|t:|1701054212\n|move|p1a: Torterra|Shell Smash|p1a: Torterra\n|-unboost|p1a: Torterra|def|1\n|-unboost|p1a: Torterra|spd|1\n|-boost|p1a: Torterra|atk|2\n|-boost|p1a: Torterra|spa|2\n|-boost|p1a: Torterra|spe|2\n|move|p2a: Machamp|Dynamic Punch|p1a: Torterra\n|-damage|p1a: Torterra|23\/100\n|-start|p1a: Torterra|confusion\n|\n|upkeep\n|turn|5\n|\n|t:|1701054221\n|move|p2a: Machamp|Bullet Punch|p1a: Torterra\n|-damage|p1a: Torterra|0 fnt\n|faint|p1a: Torterra\n|\n|upkeep\n|\n|t:|1701054228\n|switch|p1a: Basculegion|Basculegion, M|100\/100\n|turn|6\n|\n|t:|1701054232\n|move|p1a: Basculegion|Flip Turn|p2a: Machamp\n|-damage|p2a: Machamp|0 fnt\n|faint|p2a: Machamp\n|\n|t:|1701054237\n|switch|p1a: Iron Thorns|Iron Thorns|100\/100|[from] Flip Turn\n|-item|p1a: Iron Thorns|Air Balloon\n|\n|upkeep\n|\n|t:|1701054252\n|switch|p2a: Slowbro|Slowbro, M|100\/100\n|turn|7\n|\n|t:|1701054256\n|move|p2a: Slowbro|Focus Blast|p1a: Iron Thorns\n|-supereffective|p1a: Iron Thorns\n|-damage|p1a: Iron Thorns|0 fnt\n|-enditem|p1a: Iron Thorns|Air Balloon\n|faint|p1a: Iron Thorns\n|-end|p1a: Iron Thorns|Quark Drive|[silent]\n|\n|upkeep\n|\n|t:|1701054269\n|switch|p1a: Tornadus|Tornadus, M|100\/100\n|turn|8\n|\n|t:|1701054273\n|move|p1a: Tornadus|Hurricane|p2a: Slowbro|[miss]\n|-miss|p1a: Tornadus|p2a: Slowbro\n|move|p2a: Slowbro|Bitter Malice|p1a: Tornadus\n|-damage|p1a: Tornadus|47\/100\n|-unboost|p1a: Tornadus|atk|1\n|\n|upkeep\n|turn|9\n|\n|t:|1701054282\n|move|p1a: Tornadus|Hurricane|p2a: Slowbro|[miss]\n|-miss|p1a: Tornadus|p2a: Slowbro\n|move|p2a: Slowbro|Bitter Malice|p1a: Tornadus\n|-damage|p1a: Tornadus|0 fnt\n|faint|p1a: Tornadus\n|\n|upkeep\n|c|\u2606KingoftheTitans|BRUH\n|\n|t:|1701054293\n|switch|p1a: Aggron|Aggron, M, shiny|100\/100\n|turn|10\n|\n|t:|1701054298\n|detailschange|p1a: Aggron|Aggron-Mega, M, shiny\n|-mega|p1a: Aggron|Aggron|Aggronite\n|move|p2a: Slowbro|Focus Blast|p1a: Aggron|[miss]\n|-miss|p2a: Slowbro|p1a: Aggron\n|move|p1a: Aggron|Heavy Slam|p2a: Slowbro\n|-enditem|p2a: Slowbro|Focus Sash\n|-damage|p2a: Slowbro|1\/100\n|replace|p2a: Zoroark|Zoroark-Hisui, M\n|-end|p2a: Zoroark|Illusion\n|\n|upkeep\n|turn|11\n|\n|t:|1701054307\n|move|p2a: Zoroark|Focus Blast|p1a: Aggron\n|-supereffective|p1a: Aggron\n|-damage|p1a: Aggron|23\/100\n|-unboost|p1a: Aggron|spd|1\n|move|p1a: Aggron|Ice Punch|p2a: Zoroark\n|-damage|p2a: Zoroark|0 fnt\n|faint|p2a: Zoroark\n|\n|upkeep\n|\n|t:|1701054317\n|switch|p2a: Tsareena|Tsareena, F|100\/100\n|turn|12\n|\n|t:|1701054324\n|move|p2a: Tsareena|High Jump Kick|p1a: Aggron\n|-supereffective|p1a: Aggron\n|-damage|p1a: Aggron|0 fnt\n|faint|p1a: Aggron\n|\n|upkeep\n|\n|t:|1701054328\n|switch|p1a: Basculegion|Basculegion, M|100\/100\n|turn|13\n|\n|t:|1701054331\n|move|p1a: Basculegion|Last Respects|p2a: Tsareena\n|-damage|p2a: Tsareena|0 fnt\n|faint|p2a: Tsareena\n|\n|upkeep\n|\n|t:|1701054347\n|switch|p2a: Coalossal|Coalossal, F|100\/100\n|turn|14\n|\n|t:|1701054354\n|move|p1a: Basculegion|Last Respects|p2a: Coalossal\n|-damage|p2a: Coalossal|0 fnt\n|faint|p2a: Coalossal\n|\n|upkeep\n|\n|t:|1701054359\n|switch|p2a: Necrozma|Necrozma-Dawn-Wings|100\/100\n|turn|15\n|\n|t:|1701054364\n|detailschange|p2a: Necrozma|Necrozma-Ultra\n|-burst|p2a: Necrozma|Necrozma|Ultranecrozium Z\n|move|p1a: Basculegion|Last Respects|p2a: Necrozma\n|-supereffective|p2a: Necrozma\n|-damage|p2a: Necrozma|0 fnt\n|faint|p2a: Necrozma\n|\n|upkeep\n|c|\u2606k1only|...\n|\n|t:|1701054373\n|switch|p2a: Slowbro|Slowbro, M|100\/100\n|turn|16\n|c|\u2606KingoftheTitans|FINALLY\n|\n|t:|1701054380\n|detailschange|p2a: Slowbro|Slowbro-Mega, M\n|-mega|p2a: Slowbro|Slowbro|Slowbronite\n|move|p1a: Basculegion|Last Respects|p2a: Slowbro\n|-supereffective|p2a: Slowbro\n|-damage|p2a: Slowbro|0 fnt\n|faint|p2a: Slowbro\n|\n|win|KingoftheTitans\n|raw|KingoftheTitans's rating: 1366 &rarr; <strong>1381<\/strong><br \/>(+15 for winning)\n|raw|k1only's rating: 1284 &rarr; <strong>1265<\/strong><br \/>(-19 for losing)\n|c|\u2606KingoftheTitans|gg\n|c|\u2606k1only|wow..\/\n","uploadtime":1701054388,"views":4,"p1id":"kingofthetitans","p2id":"k1only","formatid":"gen9nationaldexubers","rating":1265,"private":0,"password":""}