{"id":"gen9nationaldexubers-1981034999","p1":"AvatarOfGiratina","p2":"onaerybluer","format":"[Gen 9] National Dex Ubers","log":"|j|\u2606AvatarOfGiratina\n|j|\u2606onaerybluer\n|t:|1698858456\n|gametype|singles\n|player|p1|AvatarOfGiratina|lance|1163\n|player|p2|onaerybluer|bellelba|1346\n|teamsize|p1|6\n|teamsize|p2|6\n|gen|9\n|tier|[Gen 9] National Dex Ubers\n|rated|\n|rule|HP Percentage Mod: HP is shown in percentages\n|rule|Endless Battle Clause: Forcing endless battles is banned\n|rule|OHKO Clause: OHKO moves are banned\n|rule|Evasion Moves Clause: Evasion moves are banned\n|rule|Evasion Items Clause: Evasion items are banned\n|rule|Species Clause: Limit one of each Pok\u00e9mon\n|rule|Sleep Clause Mod: Limit one foe put to sleep\n|rule|Mega Rayquaza Clause: You cannot mega evolve Rayquaza\n|clearpoke\n|poke|p1|Xerneas-*|\n|poke|p1|Darmanitan-Galar, F|\n|poke|p1|Kangaskhan, F|\n|poke|p1|Marshadow|\n|poke|p1|Azumarill, F|\n|poke|p1|Glimmora, M|\n|poke|p2|Kangaskhan, F|\n|poke|p2|Blissey, F|\n|poke|p2|Gholdengo|\n|poke|p2|Chien-Pao|\n|poke|p2|Flutter Mane|\n|poke|p2|Kingambit, F|\n|teampreview\n|inactive|Battle timer is ON: inactive players will automatically lose when time's up. (requested by onaerybluer)\n|\n|t:|1698858458\n|start\n|switch|p1a: Glimmora|Glimmora, M|100\/100\n|switch|p2a: Gholdengo|Gholdengo|100\/100\n|turn|1\n|c|\u2606AvatarOfGiratina|glhf\n|\n|t:|1698858465\n|move|p2a: Gholdengo|Make It Rain|p1a: Glimmora\n|-supereffective|p1a: Glimmora\n|-damage|p1a: Glimmora|0 fnt\n|-unboost|p2a: Gholdengo|spa|1\n|faint|p1a: Glimmora\n|\n|upkeep\n|\n|t:|1698858475\n|switch|p1a: Kangaskhan|Kangaskhan, F|100\/100\n|turn|2\n|\n|t:|1698858483\n|move|p1a: Kangaskhan|Fake Out|p2a: Gholdengo\n|-resisted|p2a: Gholdengo\n|-damage|p2a: Gholdengo|91\/100\n|cant|p2a: Gholdengo|flinch\n|\n|upkeep\n|turn|3\n|\n|t:|1698858490\n|move|p1a: Kangaskhan|Sucker Punch|p2a: Gholdengo\n|-supereffective|p2a: Gholdengo\n|-damage|p2a: Gholdengo|48\/100\n|move|p2a: Gholdengo|Make It Rain|p1a: Kangaskhan\n|-damage|p1a: Kangaskhan|48\/100\n|-unboost|p2a: Gholdengo|spa|1\n|\n|upkeep\n|turn|4\n|\n|t:|1698858498\n|switch|p2a: Kangaskhan|Kangaskhan, F|100\/100\n|move|p1a: Kangaskhan|Sucker Punch||[still]\n|-fail|p1a: Kangaskhan\n|\n|upkeep\n|turn|5\n|\n|t:|1698858507\n|detailschange|p1a: Kangaskhan|Kangaskhan-Mega, F\n|-mega|p1a: Kangaskhan|Kangaskhan|Kangaskhanite\n|move|p2a: Kangaskhan|Fake Out|p1a: Kangaskhan\n|-damage|p1a: Kangaskhan|31\/100\n|cant|p1a: Kangaskhan|flinch\n|\n|upkeep\n|turn|6\n|l|\u2606onaerybluer\n|inactive|onaerybluer disconnected and has a minute to reconnect!\n|player|p2|\n|inactive|onaerybluer has 30 seconds to reconnect!\n|j|\u2606onaerybluer\n|inactive|onaerybluer reconnected and has 105 seconds left.\n|player|p2|onaerybluer|bellelba\n|\n|t:|1698858557\n|detailschange|p2a: Kangaskhan|Kangaskhan-Mega, F\n|-mega|p2a: Kangaskhan|Kangaskhan|Kangaskhanite\n|move|p1a: Kangaskhan|Drain Punch|p2a: Kangaskhan\n|-supereffective|p2a: Kangaskhan\n|-damage|p2a: Kangaskhan|57\/100\n|-heal|p1a: Kangaskhan|54\/100|[from] drain|[of] p2a: Kangaskhan\n|-supereffective|p2a: Kangaskhan\n|-damage|p2a: Kangaskhan|45\/100\n|-heal|p1a: Kangaskhan|60\/100|[from] drain|[of] p2a: Kangaskhan\n|-hitcount|p2a: Kangaskhan|2\n|move|p2a: Kangaskhan|Seismic Toss|p1a: Kangaskhan\n|-damage|p1a: Kangaskhan|32\/100\n|-damage|p1a: Kangaskhan|3\/100\n|-hitcount|p1a: Kangaskhan|2\n|\n|upkeep\n|turn|7\n|\n|t:|1698858580\n|switch|p2a: Flutter Mane|Flutter Mane|100\/100\n|move|p1a: Kangaskhan|Drain Punch|p2a: Flutter Mane\n|-immune|p2a: Flutter Mane\n|\n|upkeep\n|turn|8\n|\n|t:|1698858596\n|switch|p1a: Marshadow|Marshadow|100\/100\n|move|p2a: Flutter Mane|Calm Mind|p2a: Flutter Mane\n|-boost|p2a: Flutter Mane|spa|1\n|-boost|p2a: Flutter Mane|spd|1\n|\n|upkeep\n|turn|9\n|\n|t:|1698858607\n|-end|p2a: Flutter Mane|Protosynthesis|[silent]\n|switch|p2a: Blissey|Blissey, F|100\/100\n|move|p1a: Marshadow|Spectral Thief|p2a: Blissey\n|-immune|p2a: Blissey\n|\n|upkeep\n|turn|10\n|inactive|AvatarOfGiratina has 120 seconds left.\n|\n|t:|1698858626\n|move|p1a: Marshadow|Acrobatics|p2a: Blissey\n|-damage|p2a: Blissey|73\/100\n|move|p2a: Blissey|Thunder Wave|p1a: Marshadow\n|-status|p1a: Marshadow|par\n|\n|upkeep\n|turn|11\n|inactive|AvatarOfGiratina has 120 seconds left.\n|\n|t:|1698858642\n|switch|p1a: Darmanitan|Darmanitan-Galar, F|100\/100\n|switch|p2a: Gholdengo|Gholdengo|48\/100\n|\n|upkeep\n|turn|12\n|inactive|AvatarOfGiratina has 120 seconds left.\n|\n|t:|1698858665\n|move|p1a: Darmanitan|Flamethrower|p2a: Gholdengo\n|-supereffective|p2a: Gholdengo\n|-damage|p2a: Gholdengo|29\/100\n|-status|p2a: Gholdengo|brn\n|move|p2a: Gholdengo|Make It Rain|p1a: Darmanitan\n|-supereffective|p1a: Darmanitan\n|-damage|p1a: Darmanitan|0 fnt\n|-unboost|p2a: Gholdengo|spa|1\n|faint|p1a: Darmanitan\n|\n|-damage|p2a: Gholdengo|23\/100 brn|[from] brn\n|upkeep\n|inactive|AvatarOfGiratina has 90 seconds left.\n|\n|t:|1698858685\n|switch|p1a: Kangaskhan|Kangaskhan-Mega, F|3\/100\n|turn|13\n|\n|t:|1698858689\n|move|p1a: Kangaskhan|Sucker Punch|p2a: Gholdengo\n|-supereffective|p2a: Gholdengo\n|-damage|p2a: Gholdengo|0 fnt\n|faint|p2a: Gholdengo\n|-hitcount|p2: Gholdengo|1\n|\n|upkeep\n|\n|t:|1698858690\n|switch|p2a: Flutter Mane|Flutter Mane|100\/100\n|turn|14\n|\n|t:|1698858706\n|switch|p1a: Xerneas|Xerneas|100\/100\n|-ability|p1a: Xerneas|Fairy Aura\n|move|p2a: Flutter Mane|Calm Mind|p2a: Flutter Mane\n|-boost|p2a: Flutter Mane|spa|1\n|-boost|p2a: Flutter Mane|spd|1\n|\n|upkeep\n|turn|15\n|\n|t:|1698858718\n|-terastallize|p1a: Xerneas|Fairy\n|-zpower|p2a: Flutter Mane\n|move|p2a: Flutter Mane|Twinkle Tackle|p1a: Xerneas|[zeffect]\n|-damage|p1a: Xerneas|0 fnt\n|faint|p1a: Xerneas\n|\n|upkeep\n|inactive|AvatarOfGiratina has 90 seconds left.\n|\n|t:|1698858742\n|switch|p1a: Marshadow|Marshadow|100\/100 par\n|turn|16\n|\n|t:|1698858745\n|-end|p2a: Flutter Mane|Protosynthesis|[silent]\n|switch|p2a: Blissey|Blissey, F|73\/100\n|move|p1a: Marshadow|Spectral Thief|p2a: Blissey\n|-immune|p2a: Blissey\n|\n|upkeep\n|turn|17\n|inactive|AvatarOfGiratina has 90 seconds left.\n|\n|t:|1698858769\n|move|p1a: Marshadow|Bulk Up|p1a: Marshadow\n|-boost|p1a: Marshadow|atk|1\n|-boost|p1a: Marshadow|def|1\n|move|p2a: Blissey|Soft-Boiled|p2a: Blissey\n|-heal|p2a: Blissey|100\/100\n|\n|upkeep\n|turn|18\n|inactive|AvatarOfGiratina has 90 seconds left.\n|\n|t:|1698858779\n|switch|p2a: Kangaskhan|Kangaskhan-Mega, F|45\/100\n|move|p1a: Marshadow|Bulk Up|p1a: Marshadow\n|-boost|p1a: Marshadow|atk|1\n|-boost|p1a: Marshadow|def|1\n|\n|upkeep\n|turn|19\n|inactive|AvatarOfGiratina has 90 seconds left.\n|\n|t:|1698858789\n|move|p2a: Kangaskhan|Shadow Claw|p1a: Marshadow\n|-supereffective|p1a: Marshadow\n|-damage|p1a: Marshadow|71\/100 par\n|-supereffective|p1a: Marshadow\n|-damage|p1a: Marshadow|63\/100 par\n|-hitcount|p1a: Marshadow|2\n|move|p1a: Marshadow|Acrobatics|p2a: Kangaskhan\n|-damage|p2a: Kangaskhan|0 fnt\n|faint|p2a: Kangaskhan\n|\n|upkeep\n|\n|t:|1698858798\n|switch|p2a: Flutter Mane|Flutter Mane|100\/100\n|turn|20\n|inactive|AvatarOfGiratina has 90 seconds left.\n|\n|t:|1698858819\n|move|p2a: Flutter Mane|Moonblast|p1a: Marshadow\n|-supereffective|p1a: Marshadow\n|-damage|p1a: Marshadow|0 fnt\n|faint|p1a: Marshadow\n|\n|upkeep\n|\n|t:|1698858824\n|switch|p1a: Azumarill|Azumarill, F|100\/100\n|turn|21\n|\n|t:|1698858827\n|move|p2a: Flutter Mane|Moonblast|p1a: Azumarill\n|-damage|p1a: Azumarill|46\/100\n|-unboost|p1a: Azumarill|spa|1\n|-enditem|p1a: Azumarill|Sitrus Berry|[eat]\n|-heal|p1a: Azumarill|71\/100|[from] item: Sitrus Berry\n|move|p1a: Azumarill|Belly Drum|p1a: Azumarill\n|-damage|p1a: Azumarill|21\/100\n|-setboost|p1a: Azumarill|atk|6|[from] move: Belly Drum\n|\n|upkeep\n|turn|22\n|\n|t:|1698858836\n|move|p1a: Azumarill|Aqua Jet|p2a: Flutter Mane\n|-damage|p2a: Flutter Mane|0 fnt\n|faint|p2a: Flutter Mane\n|-end|p2a: Flutter Mane|Protosynthesis|[silent]\n|\n|upkeep\n|\n|t:|1698858843\n|switch|p2a: Blissey|Blissey, F|100\/100\n|turn|23\n|\n|t:|1698858847\n|move|p1a: Azumarill|Aqua Jet|p2a: Blissey\n|-damage|p2a: Blissey|4\/100\n|move|p2a: Blissey|Seismic Toss|p1a: Azumarill\n|-damage|p1a: Azumarill|0 fnt\n|faint|p1a: Azumarill\n|\n|upkeep\n|c|\u2606AvatarOfGiratina|ggs\n|\n|t:|1698858854\n|switch|p1a: Kangaskhan|Kangaskhan-Mega, F|3\/100\n|turn|24\n|c|\u2606onaerybluer|Gg\n|\n|t:|1698858860\n|move|p1a: Kangaskhan|Fake Out|p2a: Blissey\n|-damage|p2a: Blissey|0 fnt\n|faint|p2a: Blissey\n|-hitcount|p2: Blissey|1\n|\n|upkeep\n|\n|t:|1698858862\n|switch|p2a: Chien-Pao|Chien-Pao|100\/100\n|-ability|p2a: Chien-Pao|Sword of Ruin\n|turn|25\n|\n|t:|1698858869\n|move|p2a: Chien-Pao|Ice Shard|p1a: Kangaskhan\n|-damage|p1a: Kangaskhan|0 fnt\n|faint|p1a: Kangaskhan\n|\n|win|onaerybluer\n|raw|AvatarOfGiratina's rating: 1181 &rarr; <strong>1167<\/strong><br \/>(-14 for losing)\n|raw|onaerybluer's rating: 1346 &rarr; <strong>1357<\/strong><br \/>(+11 for winning)\n|l|\u2606AvatarOfGiratina\n","uploadtime":1698858877,"views":11,"p1id":"avatarofgiratina","p2id":"onaerybluer","formatid":"gen9nationaldexubers","rating":1167,"private":0,"password":""}