{"id":"gen9nationaldexubers-1982341832","p1":"KurumiTokisakilove","p2":"C0ld as Ice","format":"[Gen 9] National Dex Ubers","log":"|j|\u2606KurumiTokisakilove\n|j|\u2606C0ld as Ice\n|t:|1699000747\n|gametype|singles\n|player|p1|KurumiTokisakilove|sabrina-gen2|1967\n|player|p2|C0ld as Ice|schoolkid-gen4dp|1782\n|teamsize|p1|6\n|teamsize|p2|6\n|gen|9\n|tier|[Gen 9] National Dex Ubers\n|rated|\n|rule|HP Percentage Mod: HP is shown in percentages\n|rule|Endless Battle Clause: Forcing endless battles is banned\n|rule|OHKO Clause: OHKO moves are banned\n|rule|Evasion Moves Clause: Evasion moves are banned\n|rule|Evasion Items Clause: Evasion items are banned\n|rule|Species Clause: Limit one of each Pok\u00e9mon\n|rule|Sleep Clause Mod: Limit one foe put to sleep\n|rule|Mega Rayquaza Clause: You cannot mega evolve Rayquaza\n|clearpoke\n|poke|p1|Ho-Oh|\n|poke|p1|Yveltal|\n|poke|p1|Ditto|\n|poke|p1|Magearna|\n|poke|p1|Necrozma-Dusk-Mane|\n|poke|p1|Arceus-Ground|\n|poke|p2|Salamence, M|\n|poke|p2|Marshadow|\n|poke|p2|Zygarde|\n|poke|p2|Xerneas-*|\n|poke|p2|Necrozma-Dusk-Mane|\n|poke|p2|Donphan, M|\n|teampreview\n|inactive|Battle timer is ON: inactive players will automatically lose when time's up. (requested by C0ld as Ice)\n|inactive|KurumiTokisakilove also wants the timer to be on.\n|\n|t:|1699000765\n|start\n|switch|p1a: Arceus|Arceus-Ground|100\/100\n|switch|p2a: Donphan|Donphan, M, shiny|100\/100\n|turn|1\n|\n|t:|1699000776\n|move|p1a: Arceus|Taunt|p2a: Donphan\n|-start|p2a: Donphan|move: Taunt\n|move|p2a: Donphan|Bulldoze|p1a: Arceus\n|-damage|p1a: Arceus|86\/100\n|-unboost|p1a: Arceus|spe|1\n|\n|upkeep\n|turn|2\n|\n|t:|1699000785\n|switch|p2a: Salamence|Salamence, M|100\/100\n|-ability|p2a: Salamence|Intimidate|boost\n|-unboost|p1a: Arceus|atk|1\n|move|p1a: Arceus|Toxic|p2a: Salamence\n|-status|p2a: Salamence|tox\n|\n|-damage|p2a: Salamence|95\/100 tox|[from] psn\n|upkeep\n|turn|3\n|\n|t:|1699000801\n|switch|p1a: Ditto|Ditto, shiny|100\/100\n|-transform|p1a: Ditto|p2a: Salamence|[from] ability: Imposter\n|-ability|p1a: Ditto|Intimidate|boost\n|-unboost|p2a: Salamence|atk|1\n|detailschange|p2a: Salamence|Salamence-Mega, M\n|-mega|p2a: Salamence|Salamence|Salamencite\n|move|p2a: Salamence|Facade|p1a: Ditto\n|-damage|p1a: Ditto|15\/100\n|\n|-damage|p2a: Salamence|83\/100 tox|[from] psn\n|upkeep\n|turn|4\n|\n|t:|1699000819\n|switch|p1a: Necrozma|Necrozma-Dusk-Mane|100\/100\n|switch|p2a: Donphan|Donphan, M, shiny|100\/100\n|\n|upkeep\n|turn|5\n|\n|t:|1699000834\n|switch|p1a: Yveltal|Yveltal, shiny|100\/100\n|-ability|p1a: Yveltal|Dark Aura\n|move|p2a: Donphan|Stealth Rock|p1a: Yveltal\n|-sidestart|p1: KurumiTokisakilove|move: Stealth Rock\n|\n|upkeep\n|turn|6\n|\n|t:|1699000838\n|move|p1a: Yveltal|Defog|p2a: Donphan\n|-unboost|p2a: Donphan|evasion|1\n|-sideend|p1: KurumiTokisakilove|Stealth Rock|[from] move: Defog|[of] p1a: Yveltal\n|move|p2a: Donphan|Endeavor|p1a: Yveltal\n|-damage|p1a: Yveltal|75\/100\n|\n|upkeep\n|turn|7\n|\n|t:|1699000842\n|move|p1a: Yveltal|Toxic|p2a: Donphan\n|-status|p2a: Donphan|tox\n|move|p2a: Donphan|Stealth Rock|p1a: Yveltal\n|-sidestart|p1: KurumiTokisakilove|move: Stealth Rock\n|\n|-damage|p2a: Donphan|94\/100 tox|[from] psn\n|upkeep\n|turn|8\n|\n|t:|1699000853\n|switch|p2a: Salamence|Salamence-Mega, M|83\/100 tox\n|move|p1a: Yveltal|Defog|p2a: Salamence\n|-unboost|p2a: Salamence|evasion|1\n|-sideend|p1: KurumiTokisakilove|Stealth Rock|[from] move: Defog|[of] p1a: Yveltal\n|\n|-damage|p2a: Salamence|77\/100 tox|[from] psn\n|upkeep\n|turn|9\n|\n|t:|1699000863\n|switch|p1a: Necrozma|Necrozma-Dusk-Mane|100\/100\n|move|p2a: Salamence|Facade|p1a: Necrozma\n|-resisted|p1a: Necrozma\n|-damage|p1a: Necrozma|58\/100\n|\n|-damage|p2a: Salamence|65\/100 tox|[from] psn\n|upkeep\n|turn|10\n|\n|t:|1699000874\n|detailschange|p1a: Necrozma|Necrozma-Ultra\n|-burst|p1a: Necrozma|Necrozma|Ultranecrozium Z\n|move|p1a: Necrozma|Dragon Pulse|p2a: Salamence\n|-supereffective|p2a: Salamence\n|-damage|p2a: Salamence|0 fnt\n|faint|p2a: Salamence\n|\n|upkeep\n|\n|t:|1699000878\n|switch|p2a: Marshadow|Marshadow|100\/100\n|turn|11\n|\n|t:|1699000882\n|switch|p1a: Yveltal|Yveltal, shiny|75\/100\n|-ability|p1a: Yveltal|Dark Aura\n|move|p2a: Marshadow|Shadow Sneak|p1a: Yveltal\n|-resisted|p1a: Yveltal\n|-damage|p1a: Yveltal|62\/100\n|-damage|p2a: Marshadow|91\/100|[from] item: Life Orb\n|\n|upkeep\n|turn|12\n|\n|t:|1699000887\n|move|p2a: Marshadow|Close Combat|p1a: Yveltal\n|-damage|p1a: Yveltal|12\/100\n|-unboost|p2a: Marshadow|def|1\n|-unboost|p2a: Marshadow|spd|1\n|-damage|p2a: Marshadow|81\/100|[from] item: Life Orb\n|move|p1a: Yveltal|Foul Play|p2a: Marshadow\n|-damage|p2a: Marshadow|0 fnt\n|faint|p2a: Marshadow\n|\n|upkeep\n|\n|t:|1699000895\n|switch|p2a: Xerneas|Xerneas, shiny|100\/100\n|-ability|p2a: Xerneas|Fairy Aura\n|turn|13\n|\n|t:|1699000909\n|switch|p2a: Necrozma|Necrozma-Dusk-Mane, shiny|100\/100\n|switch|p1a: Magearna|Magearna|100\/100\n|\n|upkeep\n|turn|14\n|\n|t:|1699000924\n|switch|p1a: Ho-Oh|Ho-Oh|100\/100\n|move|p2a: Necrozma|Dragon Dance|p2a: Necrozma\n|-boost|p2a: Necrozma|atk|1\n|-boost|p2a: Necrozma|spe|1\n|\n|upkeep\n|turn|15\n|\n|t:|1699000929\n|switch|p2a: Donphan|Donphan, M, shiny|94\/100 tox\n|-terastallize|p1a: Ho-Oh|Ground\n|move|p1a: Ho-Oh|Earthquake|p2a: Donphan\n|-damage|p2a: Donphan|35\/100 tox\n|\n|-damage|p2a: Donphan|28\/100 tox|[from] psn\n|upkeep\n|turn|16\n|\n|t:|1699000946\n|move|p1a: Ho-Oh|Earthquake|p2a: Donphan\n|-damage|p2a: Donphan|0 fnt\n|faint|p2a: Donphan\n|\n|upkeep\n|\n|t:|1699000948\n|switch|p2a: Zygarde|Zygarde, shiny|100\/100\n|turn|17\n|\n|t:|1699000956\n|switch|p1a: Arceus|Arceus-Ground|86\/100\n|move|p2a: Zygarde|Substitute|p2a: Zygarde\n|-start|p2a: Zygarde|Substitute\n|-damage|p2a: Zygarde|76\/100\n|\n|-heal|p2a: Zygarde|82\/100|[from] item: Leftovers\n|upkeep\n|turn|18\n|\n|t:|1699000959\n|move|p1a: Arceus|Taunt|p2a: Zygarde\n|-start|p2a: Zygarde|move: Taunt\n|cant|p2a: Zygarde|move: Taunt|Dragon Dance\n|\n|-heal|p2a: Zygarde|88\/100|[from] item: Leftovers\n|upkeep\n|turn|19\n|\n|t:|1699000962\n|move|p1a: Arceus|Judgment|p2a: Zygarde\n|-end|p2a: Zygarde|Substitute\n|move|p2a: Zygarde|Dragon Tail|p1a: Arceus\n|-damage|p1a: Arceus|69\/100\n|drag|p1a: Magearna|Magearna|100\/100\n|\n|-heal|p2a: Zygarde|94\/100|[from] item: Leftovers\n|upkeep\n|turn|20\n|\n|t:|1699000968\n|switch|p2a: Necrozma|Necrozma-Dusk-Mane, shiny|100\/100\n|switch|p1a: Arceus|Arceus-Ground|69\/100\n|\n|upkeep\n|turn|21\n|\n|t:|1699000971\n|detailschange|p2a: Necrozma|Necrozma-Ultra, shiny\n|-burst|p2a: Necrozma|Necrozma|Ultranecrozium Z\n|move|p1a: Arceus|Taunt|p2a: Necrozma\n|-start|p2a: Necrozma|move: Taunt\n|move|p2a: Necrozma|Photon Geyser|p1a: Arceus\n|-damage|p1a: Arceus|27\/100\n|\n|upkeep\n|turn|22\n|\n|t:|1699000981\n|move|p1a: Arceus|Judgment|p2a: Necrozma\n|-damage|p2a: Necrozma|50\/100\n|move|p2a: Necrozma|Photon Geyser|p1a: Arceus\n|-crit|p1a: Arceus\n|-damage|p1a: Arceus|0 fnt\n|faint|p1a: Arceus\n|\n|upkeep\n|\n|t:|1699000984\n|switch|p1a: Necrozma|Necrozma-Ultra|58\/100\n|turn|23\n|\n|t:|1699000987\n|move|p1a: Necrozma|Dragon Pulse|p2a: Necrozma\n|-supereffective|p2a: Necrozma\n|-damage|p2a: Necrozma|0 fnt\n|faint|p2a: Necrozma\n|\n|upkeep\n|\n|t:|1699000989\n|switch|p2a: Xerneas|Xerneas, shiny|100\/100\n|-ability|p2a: Xerneas|Fairy Aura\n|turn|24\n|\n|t:|1699000993\n|switch|p1a: Magearna|Magearna|100\/100\n|move|p2a: Xerneas|Moonblast|p1a: Magearna\n|-resisted|p1a: Magearna\n|-damage|p1a: Magearna|77\/100\n|\n|upkeep\n|turn|25\n|\n|t:|1699001000\n|move|p2a: Xerneas|Thunder|p1a: Magearna|[miss]\n|-miss|p2a: Xerneas|p1a: Magearna\n|move|p1a: Magearna|Fleur Cannon|p2a: Xerneas\n|-damage|p2a: Xerneas|28\/100\n|-unboost|p1a: Magearna|spa|2\n|\n|upkeep\n|turn|26\n|\n|t:|1699001009\n|move|p2a: Xerneas|Moonblast|p1a: Magearna\n|-resisted|p1a: Magearna\n|-damage|p1a: Magearna|57\/100\n|move|p1a: Magearna|Fleur Cannon|p2a: Xerneas\n|-damage|p2a: Xerneas|0 fnt\n|-unboost|p1a: Magearna|spa|2\n|faint|p2a: Xerneas\n|-ability|p1a: Magearna|Soul-Heart|boost\n|-boost|p1a: Magearna|spa|1\n|\n|upkeep\n|\n|t:|1699001011\n|switch|p2a: Zygarde|Zygarde, shiny|94\/100\n|turn|27\n|\n|t:|1699001015\n|move|p2a: Zygarde|Substitute|p2a: Zygarde\n|-start|p2a: Zygarde|Substitute\n|-damage|p2a: Zygarde|69\/100\n|move|p1a: Magearna|Pain Split||[still]\n|-fail|p1a: Magearna\n|\n|-heal|p2a: Zygarde|75\/100|[from] item: Leftovers\n|upkeep\n|turn|28\n|\n|t:|1699001021\n|move|p2a: Zygarde|Dragon Dance|p2a: Zygarde\n|-boost|p2a: Zygarde|atk|1\n|-boost|p2a: Zygarde|spe|1\n|move|p1a: Magearna|Heart Swap|p2a: Zygarde\n|-swapboost|p1a: Magearna|p2a: Zygarde|[from] move: Heart Swap\n|\n|-heal|p2a: Zygarde|81\/100|[from] item: Leftovers\n|upkeep\n|turn|29\n|\n|t:|1699001039\n|move|p2a: Zygarde|Dragon Dance|p2a: Zygarde\n|-boost|p2a: Zygarde|atk|1\n|-boost|p2a: Zygarde|spe|1\n|move|p1a: Magearna|Fleur Cannon|p2a: Zygarde\n|-supereffective|p2a: Zygarde\n|-end|p2a: Zygarde|Substitute\n|-unboost|p1a: Magearna|spa|2\n|\n|-heal|p2a: Zygarde|87\/100|[from] item: Leftovers\n|upkeep\n|turn|30\n|\n|t:|1699001045\n|move|p2a: Zygarde|Substitute|p2a: Zygarde\n|-start|p2a: Zygarde|Substitute\n|-damage|p2a: Zygarde|62\/100\n|move|p1a: Magearna|Heal Bell||[still]\n|-activate|p1a: Magearna|move: Heal Bell\n|-fail|p1a: Magearna\n|\n|-heal|p2a: Zygarde|68\/100|[from] item: Leftovers\n|upkeep\n|turn|31\n|\n|t:|1699001051\n|move|p2a: Zygarde|Thousand Arrows|p1a: Magearna\n|-supereffective|p1a: Magearna\n|-damage|p1a: Magearna|0 fnt\n|faint|p1a: Magearna\n|\n|-heal|p2a: Zygarde|74\/100|[from] item: Leftovers\n|upkeep\n|\n|t:|1699001060\n|switch|p1a: Ho-Oh|Ho-Oh, tera:Ground|100\/100\n|turn|32\n|\n|t:|1699001064\n|-terastallize|p2a: Zygarde|Ground\n|move|p2a: Zygarde|Thousand Arrows|p1a: Ho-Oh\n|-damage|p1a: Ho-Oh|23\/100\n|move|p1a: Ho-Oh|Earthquake|p2a: Zygarde\n|-end|p2a: Zygarde|Substitute\n|\n|-heal|p2a: Zygarde|81\/100|[from] item: Leftovers\n|upkeep\n|turn|33\n|\n|t:|1699001072\n|move|p2a: Zygarde|Thousand Arrows|p1a: Ho-Oh\n|-damage|p1a: Ho-Oh|0 fnt\n|faint|p1a: Ho-Oh\n|\n|-heal|p2a: Zygarde|87\/100|[from] item: Leftovers\n|upkeep\n|\n|t:|1699001075\n|switch|p1a: Necrozma|Necrozma-Ultra|58\/100\n|turn|34\n|\n|t:|1699001078\n|move|p2a: Zygarde|Thousand Arrows|p1a: Necrozma\n|-damage|p1a: Necrozma|0 fnt\n|faint|p1a: Necrozma\n|\n|-heal|p2a: Zygarde|93\/100|[from] item: Leftovers\n|upkeep\n|\n|t:|1699001087\n|switch|p1a: Ditto|Ditto, shiny|15\/100\n|-transform|p1a: Ditto|p2a: Zygarde|[from] ability: Imposter\n|-start|p1a: Ditto|typechange|Dragon\/Ground|[silent]\n|turn|35\n|\n|t:|1699001089\n|move|p1a: Ditto|Thousand Arrows|p2a: Zygarde\n|-damage|p2a: Zygarde|49\/100\n|move|p2a: Zygarde|Thousand Arrows|p1a: Ditto\n|-damage|p1a: Ditto|0 fnt\n|faint|p1a: Ditto\n|\n|-heal|p2a: Zygarde|55\/100|[from] item: Leftovers\n|upkeep\n|\n|t:|1699001095\n|switch|p1a: Yveltal|Yveltal, shiny|12\/100\n|-ability|p1a: Yveltal|Dark Aura\n|turn|36\n|\n|t:|1699001097\n|move|p2a: Zygarde|Thousand Arrows|p1a: Yveltal\n|-damage|p1a: Yveltal|0 fnt\n|faint|p1a: Yveltal\n|\n|win|C0ld as Ice\n|raw|KurumiTokisakilove's rating: 1967 &rarr; <strong>1937<\/strong><br \/>(-30 for losing)\n|raw|C0ld as Ice's rating: 1782 &rarr; <strong>1812<\/strong><br \/>(+30 for winning)\n|l|\u2606KurumiTokisakilove\n","uploadtime":1699001106,"views":27,"p1id":"kurumitokisakilove","p2id":"c0ldasice","formatid":"gen9nationaldexubers","rating":1812,"private":0,"password":""}