{"id":"gen9nationaldexubers-1994459524","p1":"mas asido","p2":"tnhxnh","format":"[Gen 9] National Dex Ubers","log":"|j|\u2606mas asido\n|j|\u2606tnhxnh\n|t:|1700446362\n|gametype|singles\n|player|p1|mas asido|cynthia-gen4|1250\n|player|p2|tnhxnh|pokekid|1185\n|teamsize|p1|6\n|teamsize|p2|6\n|gen|9\n|tier|[Gen 9] National Dex Ubers\n|rated|\n|rule|HP Percentage Mod: HP is shown in percentages\n|rule|Endless Battle Clause: Forcing endless battles is banned\n|rule|OHKO Clause: OHKO moves are banned\n|rule|Evasion Moves Clause: Evasion moves are banned\n|rule|Evasion Items Clause: Evasion items are banned\n|rule|Species Clause: Limit one of each Pok\u00e9mon\n|rule|Sleep Clause Mod: Limit one foe put to sleep\n|rule|Mega Rayquaza Clause: You cannot mega evolve Rayquaza\n|clearpoke\n|poke|p1|Incineroar, M|\n|poke|p1|Groudon|\n|poke|p1|Blaziken, M|\n|poke|p1|Charizard, M|\n|poke|p1|Chi-Yu|\n|poke|p1|Cinderace, F|\n|poke|p2|Doublade, M|\n|poke|p2|Lurantis, F|\n|poke|p2|Marshadow|\n|poke|p2|Dipplin, M|\n|poke|p2|Omastar, M|\n|poke|p2|Ho-Oh|\n|teampreview\n|inactive|Battle timer is ON: inactive players will automatically lose when time's up. (requested by tnhxnh)\n|\n|t:|1700446374\n|start\n|switch|p1a: Blaziken|Blaziken, M|100\/100\n|switch|p2a: Omastar|Omastar, M, shiny|100\/100\n|turn|1\n|\n|t:|1700446380\n|move|p1a: Blaziken|Swords Dance|p1a: Blaziken\n|-boost|p1a: Blaziken|atk|2\n|move|p2a: Omastar|Shell Smash|p2a: Omastar\n|-unboost|p2a: Omastar|def|1\n|-unboost|p2a: Omastar|spd|1\n|-boost|p2a: Omastar|atk|2\n|-boost|p2a: Omastar|spa|2\n|-boost|p2a: Omastar|spe|2\n|-enditem|p2a: Omastar|White Herb\n|-clearnegativeboost|p2a: Omastar|[silent]\n|\n|-ability|p1a: Blaziken|Speed Boost|boost\n|-boost|p1a: Blaziken|spe|1\n|upkeep\n|turn|2\n|\n|t:|1700446391\n|move|p2a: Omastar|Earth Power|p1a: Blaziken\n|-supereffective|p1a: Blaziken\n|-enditem|p1a: Blaziken|Focus Sash\n|-damage|p1a: Blaziken|1\/100\n|-unboost|p1a: Blaziken|spd|1\n|move|p1a: Blaziken|Blaze Kick|p2a: Omastar\n|-resisted|p2a: Omastar\n|-damage|p2a: Omastar|76\/100\n|-ability|p2a: Omastar|Weak Armor|boost\n|-unboost|p2a: Omastar|def|1\n|-boost|p2a: Omastar|spe|2\n|\n|-ability|p1a: Blaziken|Speed Boost|boost\n|-boost|p1a: Blaziken|spe|1\n|upkeep\n|turn|3\n|\n|t:|1700446405\n|move|p1a: Blaziken|Endure|p1a: Blaziken\n|-singleturn|p1a: Blaziken|move: Endure\n|move|p2a: Omastar|Earth Power|p1a: Blaziken\n|-supereffective|p1a: Blaziken\n|-activate|p1a: Blaziken|move: Endure\n|-damage|p1a: Blaziken|1\/100\n|\n|-ability|p1a: Blaziken|Speed Boost|boost\n|-boost|p1a: Blaziken|spe|1\n|upkeep\n|turn|4\n|\n|t:|1700446417\n|move|p1a: Blaziken|Reversal|p2a: Omastar\n|-supereffective|p2a: Omastar\n|-damage|p2a: Omastar|0 fnt\n|faint|p2a: Omastar\n|\n|-ability|p1a: Blaziken|Speed Boost|boost\n|-boost|p1a: Blaziken|spe|1\n|upkeep\n|\n|t:|1700446422\n|switch|p2a: Marshadow|Marshadow|100\/100\n|turn|5\n|\n|t:|1700446430\n|switch|p1a: Incineroar|Incineroar, M|100\/100\n|-ability|p1a: Incineroar|Intimidate|boost\n|-unboost|p2a: Marshadow|atk|1\n|move|p2a: Marshadow|Spectral Thief|p1a: Incineroar\n|-resisted|p1a: Incineroar\n|-damage|p1a: Incineroar|89\/100\n|\n|upkeep\n|turn|6\n|\n|t:|1700446438\n|switch|p2a: Ho-Oh|Ho-Oh, shiny|100\/100\n|move|p1a: Incineroar|Knock Off|p2a: Ho-Oh\n|-damage|p2a: Ho-Oh|64\/100\n|-enditem|p2a: Ho-Oh|Heavy-Duty Boots|[from] move: Knock Off|[of] p1a: Incineroar\n|\n|upkeep\n|turn|7\n|inactive|tnhxnh has 120 seconds left.\n|\n|t:|1700446476\n|move|p2a: Ho-Oh|Thunder Wave|p1a: Incineroar\n|-status|p1a: Incineroar|par\n|move|p1a: Incineroar|U-turn|p2a: Ho-Oh\n|-resisted|p2a: Ho-Oh\n|-damage|p2a: Ho-Oh|61\/100\n|\n|t:|1700446491\n|switch|p1a: Chi-Yu|Chi-Yu|100\/100|[from] U-turn\n|-ability|p1a: Chi-Yu|Beads of Ruin\n|\n|upkeep\n|turn|8\n|inactive|tnhxnh has 120 seconds left.\n|\n|t:|1700446513\n|-terastallize|p1a: Chi-Yu|Dark\n|move|p1a: Chi-Yu|Dark Pulse|p2a: Ho-Oh\n|-damage|p2a: Ho-Oh|22\/100\n|move|p2a: Ho-Oh|Thunder Wave|p1a: Chi-Yu\n|-status|p1a: Chi-Yu|par\n|\n|upkeep\n|turn|9\n|\n|t:|1700446534\n|switch|p2a: Lurantis|Lurantis, F, shiny|100\/100\n|move|p1a: Chi-Yu|Dark Pulse|p2a: Lurantis\n|-damage|p2a: Lurantis|43\/100\n|\n|upkeep\n|turn|10\n|inactive|tnhxnh has 120 seconds left.\n|\n|t:|1700446550\n|move|p1a: Chi-Yu|Dark Pulse|p2a: Lurantis\n|-damage|p2a: Lurantis|0 fnt\n|faint|p2a: Lurantis\n|\n|upkeep\n|\n|t:|1700446558\n|switch|p2a: Marshadow|Marshadow|100\/100\n|turn|11\n|\n|t:|1700446565\n|-terastallize|p2a: Marshadow|Fighting\n|move|p2a: Marshadow|Close Combat|p1a: Chi-Yu\n|-supereffective|p1a: Chi-Yu\n|-damage|p1a: Chi-Yu|0 fnt\n|-unboost|p2a: Marshadow|def|1\n|-unboost|p2a: Marshadow|spd|1\n|faint|p1a: Chi-Yu\n|\n|upkeep\n|\n|t:|1700446575\n|switch|p1a: Groudon|Groudon, shiny|100\/100\n|detailschange|p1a: Groudon|Groudon-Primal, shiny\n|-primal|p1a: Groudon|Red Orb\n|-weather|DesolateLand|[from] ability: Desolate Land|[of] p1a: Groudon\n|turn|12\n|\n|t:|1700446589\n|switch|p2a: Ho-Oh|Ho-Oh, shiny|55\/100\n|move|p1a: Groudon|Rock Tomb|p2a: Ho-Oh\n|-supereffective|p2a: Ho-Oh\n|-damage|p2a: Ho-Oh|0 fnt\n|faint|p2a: Ho-Oh\n|\n|-weather|DesolateLand|[upkeep]\n|upkeep\n|\n|t:|1700446594\n|switch|p2a: Dipplin|Dipplin, M, shiny|100\/100\n|turn|13\n|\n|t:|1700446601\n|move|p1a: Groudon|Heat Crash|p2a: Dipplin\n|-damage|p2a: Dipplin|4\/100\n|move|p2a: Dipplin|Dragon Pulse|p1a: Groudon\n|-crit|p1a: Groudon\n|-damage|p1a: Groudon|42\/100\n|\n|-weather|DesolateLand|[upkeep]\n|upkeep\n|turn|14\n|\n|t:|1700446608\n|move|p1a: Groudon|Heat Crash|p2a: Dipplin\n|-damage|p2a: Dipplin|0 fnt\n|faint|p2a: Dipplin\n|\n|-weather|DesolateLand|[upkeep]\n|upkeep\n|\n|t:|1700446610\n|switch|p2a: Marshadow|Marshadow, tera:Fighting|100\/100\n|turn|15\n|\n|t:|1700446615\n|move|p2a: Marshadow|Close Combat|p1a: Groudon\n|-damage|p1a: Groudon|0 fnt\n|-unboost|p2a: Marshadow|def|1\n|-unboost|p2a: Marshadow|spd|1\n|faint|p1a: Groudon\n|-weather|none\n|\n|upkeep\n|\n|t:|1700446621\n|switch|p1a: Incineroar|Incineroar, M|89\/100 par\n|-ability|p1a: Incineroar|Intimidate|boost\n|-unboost|p2a: Marshadow|atk|1\n|turn|16\n|\n|t:|1700446625\n|switch|p2a: Doublade|Doublade, M, shiny|100\/100\n|move|p1a: Incineroar|Knock Off|p2a: Doublade\n|-supereffective|p2a: Doublade\n|-damage|p2a: Doublade|59\/100\n|-enditem|p2a: Doublade|Eviolite|[from] move: Knock Off|[of] p1a: Incineroar\n|\n|upkeep\n|turn|17\n|\n|t:|1700446634\n|move|p1a: Incineroar|U-turn|p2a: Doublade\n|-resisted|p2a: Doublade\n|-damage|p2a: Doublade|55\/100\n|\n|t:|1700446641\n|switch|p1a: Charizard|Charizard, M, shiny|100\/100|[from] U-turn\n|move|p2a: Doublade|Gyro Ball|p1a: Charizard\n|-resisted|p1a: Charizard\n|-crit|p1a: Charizard\n|-damage|p1a: Charizard|33\/100\n|\n|upkeep\n|turn|18\n|\n|t:|1700446660\n|detailschange|p1a: Charizard|Charizard-Mega-Y, M, shiny\n|-mega|p1a: Charizard|Charizard|Charizardite Y\n|-weather|SunnyDay|[from] ability: Drought|[of] p1a: Charizard\n|move|p1a: Charizard|Heat Wave|p2a: Doublade\n|-supereffective|p2a: Doublade\n|-damage|p2a: Doublade|0 fnt\n|faint|p2a: Doublade\n|\n|-weather|SunnyDay|[upkeep]\n|upkeep\n|\n|t:|1700446663\n|switch|p2a: Marshadow|Marshadow, tera:Fighting|100\/100\n|turn|19\n|\n|t:|1700446675\n|move|p2a: Marshadow|Spectral Thief|p1a: Charizard\n|-damage|p1a: Charizard|0 fnt\n|faint|p1a: Charizard\n|\n|-weather|SunnyDay|[upkeep]\n|upkeep\n|\n|t:|1700446681\n|switch|p1a: Incineroar|Incineroar, M|89\/100 par\n|-ability|p1a: Incineroar|Intimidate|boost\n|-unboost|p2a: Marshadow|atk|1\n|turn|20\n|inactive|tnhxnh has 120 seconds left.\n|\n|t:|1700446721\n|move|p2a: Marshadow|Close Combat|p1a: Incineroar\n|-supereffective|p1a: Incineroar\n|-damage|p1a: Incineroar|0 fnt\n|-unboost|p2a: Marshadow|def|1\n|-unboost|p2a: Marshadow|spd|1\n|faint|p1a: Incineroar\n|\n|-weather|SunnyDay|[upkeep]\n|upkeep\n|\n|t:|1700446731\n|switch|p1a: Blaziken|Blaziken, M|1\/100\n|turn|21\n|inactive|tnhxnh has 120 seconds left.\n|\n|t:|1700446736\n|move|p1a: Blaziken|Endure|p1a: Blaziken\n|-singleturn|p1a: Blaziken|move: Endure\n|move|p2a: Marshadow|Shadow Sneak|p1a: Blaziken\n|-activate|p1a: Blaziken|move: Endure\n|-damage|p1a: Blaziken|1\/100\n|\n|-weather|SunnyDay|[upkeep]\n|-ability|p1a: Blaziken|Speed Boost|boost\n|-boost|p1a: Blaziken|spe|1\n|upkeep\n|turn|22\n|\n|t:|1700446741\n|move|p2a: Marshadow|Shadow Sneak|p1a: Blaziken\n|-damage|p1a: Blaziken|0 fnt\n|faint|p1a: Blaziken\n|\n|-weather|none\n|upkeep\n|\n|t:|1700446745\n|switch|p1a: Cinderace|Cinderace, F|100\/100\n|turn|23\n|\n|t:|1700446748\n|move|p2a: Marshadow|Close Combat|p1a: Cinderace\n|-damage|p1a: Cinderace|19\/100\n|-unboost|p2a: Marshadow|def|1\n|-unboost|p2a: Marshadow|spd|1\n|move|p1a: Cinderace|Pyro Ball|p2a: Marshadow\n|-enditem|p2a: Marshadow|Focus Sash\n|-damage|p2a: Marshadow|1\/100\n|\n|upkeep\n|turn|24\n|\n|t:|1700446755\n|move|p2a: Marshadow|Shadow Sneak|p1a: Cinderace\n|-damage|p1a: Cinderace|0 fnt\n|faint|p1a: Cinderace\n|\n|win|tnhxnh\n|raw|mas asido's rating: 1250 &rarr; <strong>1220<\/strong><br \/>(-30 for losing)\n|raw|tnhxnh's rating: 1185 &rarr; <strong>1215<\/strong><br \/>(+30 for winning)\n|l|\u2606mas asido\n","uploadtime":1700446762,"views":9,"p1id":"masasido","p2id":"tnhxnh","formatid":"gen9nationaldexubers","rating":1215,"private":0,"password":""}