{"id":"gen9nationaldexubers-1990973310","p1":"Kookoopa","p2":"bgileguy","format":"[Gen 9] National Dex Ubers","log":"|j|\u2606Kookoopa\n|j|\u2606bgileguy\n|t:|1700021793\n|gametype|singles\n|player|p1|Kookoopa|riley|1302\n|player|p2|bgileguy|koga|1222\n|teamsize|p1|6\n|teamsize|p2|6\n|gen|9\n|tier|[Gen 9] National Dex Ubers\n|rated|\n|rule|HP Percentage Mod: HP is shown in percentages\n|rule|Endless Battle Clause: Forcing endless battles is banned\n|rule|OHKO Clause: OHKO moves are banned\n|rule|Evasion Moves Clause: Evasion moves are banned\n|rule|Evasion Items Clause: Evasion items are banned\n|rule|Species Clause: Limit one of each Pok\u00e9mon\n|rule|Sleep Clause Mod: Limit one foe put to sleep\n|rule|Mega Rayquaza Clause: You cannot mega evolve Rayquaza\n|clearpoke\n|poke|p1|Gyarados, M|\n|poke|p1|Azumarill, F|\n|poke|p1|Kyogre|\n|poke|p1|Toxapex, F|\n|poke|p1|Barbaracle, M|\n|poke|p1|Volcanion|\n|poke|p2|Barbaracle, M|\n|poke|p2|Polteageist|\n|poke|p2|Raticate, M|\n|poke|p2|Marshadow|\n|poke|p2|Cloyster, M|\n|poke|p2|Diancie|\n|teampreview\n|c|\u2606bgileguy|lol\n|\n|t:|1700021828\n|start\n|switch|p1a: Toxapex|Toxapex, F, shiny|100\/100\n|switch|p2a: Master Splinter|Raticate, M|100\/100\n|turn|1\n|\n|t:|1700021833\n|move|p2a: Master Splinter|Protect|p2a: Master Splinter\n|-singleturn|p2a: Master Splinter|Protect\n|move|p1a: Toxapex|Toxic Spikes|p2a: Master Splinter\n|-sidestart|p2: bgileguy|move: Toxic Spikes\n|\n|-status|p2a: Master Splinter|brn|[from] item: Flame Orb\n|upkeep\n|turn|2\n|\n|t:|1700021839\n|move|p2a: Master Splinter|Swords Dance|p2a: Master Splinter\n|-boost|p2a: Master Splinter|atk|2\n|move|p1a: Toxapex|Toxic Spikes|p2a: Master Splinter\n|-sidestart|p2: bgileguy|move: Toxic Spikes\n|\n|-damage|p2a: Master Splinter|95\/100 brn|[from] brn\n|upkeep\n|turn|3\n|\n|t:|1700021845\n|move|p2a: Master Splinter|Facade|p1a: Toxapex\n|-damage|p1a: Toxapex|5\/100\n|move|p1a: Toxapex|Haze|p1a: Toxapex\n|-clearallboost\n|\n|-heal|p1a: Toxapex|11\/100|[from] item: Black Sludge\n|-damage|p2a: Master Splinter|89\/100 brn|[from] brn\n|upkeep\n|turn|4\n|\n|t:|1700021854\n|move|p1a: Toxapex|Baneful Bunker|p1a: Toxapex\n|-singleturn|p1a: Toxapex|move: Protect\n|move|p2a: Master Splinter|Swords Dance|p2a: Master Splinter\n|-boost|p2a: Master Splinter|atk|2\n|\n|-heal|p1a: Toxapex|17\/100|[from] item: Black Sludge\n|-damage|p2a: Master Splinter|83\/100 brn|[from] brn\n|upkeep\n|turn|5\n|c|\u2606bgileguy|lol\n|\n|t:|1700021865\n|move|p2a: Master Splinter|Facade|p1a: Toxapex\n|-damage|p1a: Toxapex|0 fnt\n|faint|p1a: Toxapex\n|\n|-damage|p2a: Master Splinter|77\/100 brn|[from] brn\n|upkeep\n|\n|t:|1700021893\n|switch|p1a: Volcanion|Volcanion|100\/100\n|turn|6\n|c|\u2606bgileguy|ready to face arokosaki\n|\n|t:|1700021900\n|move|p2a: Master Splinter|Facade|p1a: Volcanion\n|-damage|p1a: Volcanion|0 fnt\n|faint|p1a: Volcanion\n|\n|-damage|p2a: Master Splinter|71\/100 brn|[from] brn\n|upkeep\n|\n|t:|1700021903\n|switch|p1a: Gyarados|Gyarados, M, shiny|100\/100\n|-ability|p1a: Gyarados|Intimidate|boost\n|-unboost|p2a: Master Splinter|atk|1\n|turn|7\n|\n|t:|1700021915\n|detailschange|p1a: Gyarados|Gyarados-Mega, M, shiny\n|-mega|p1a: Gyarados|Gyarados|Gyaradosite\n|-ability|p1a: Gyarados|Mold Breaker\n|move|p2a: Master Splinter|Facade|p1a: Gyarados\n|-damage|p1a: Gyarados|0 fnt\n|faint|p1a: Gyarados\n|\n|-damage|p2a: Master Splinter|65\/100 brn|[from] brn\n|upkeep\n|\n|t:|1700021920\n|switch|p1a: Azumarill|Azumarill, F, shiny|100\/100\n|turn|8\n|c|\u2606bgileguy|lol\n|\n|t:|1700021933\n|move|p2a: Master Splinter|Facade|p1a: Azumarill\n|-damage|p1a: Azumarill|0 fnt\n|faint|p1a: Azumarill\n|\n|-damage|p2a: Master Splinter|59\/100 brn|[from] brn\n|upkeep\n|\n|t:|1700021935\n|switch|p1a: Kyogre|Kyogre, shiny|100\/100\n|detailschange|p1a: Kyogre|Kyogre-Primal, shiny\n|-primal|p1a: Kyogre|Blue Orb\n|-weather|PrimordialSea|[from] ability: Primordial Sea|[of] p1a: Kyogre\n|turn|9\n|\n|t:|1700021942\n|move|p2a: Master Splinter|Facade|p1a: Kyogre\n|-damage|p1a: Kyogre|0 fnt\n|faint|p1a: Kyogre\n|-weather|none\n|\n|-damage|p2a: Master Splinter|53\/100 brn|[from] brn\n|upkeep\n|\n|t:|1700021944\n|switch|p1a: Barbaracle|Barbaracle, M, shiny|100\/100\n|turn|10\n|\n|t:|1700021962\n|move|p2a: Master Splinter|Swords Dance|p2a: Master Splinter\n|-boost|p2a: Master Splinter|atk|2\n|move|p1a: Barbaracle|Shell Smash|p1a: Barbaracle\n|-unboost|p1a: Barbaracle|def|1\n|-unboost|p1a: Barbaracle|spd|1\n|-boost|p1a: Barbaracle|atk|2\n|-boost|p1a: Barbaracle|spa|2\n|-boost|p1a: Barbaracle|spe|2\n|-enditem|p1a: Barbaracle|White Herb\n|-clearnegativeboost|p1a: Barbaracle|[silent]\n|\n|-damage|p2a: Master Splinter|47\/100 brn|[from] brn\n|upkeep\n|turn|11\n|c|\u2606bgileguy|978 attack lol\n|\n|t:|1700021981\n|-terastallize|p2a: Master Splinter|Dark\n|move|p2a: Master Splinter|Sucker Punch|p1a: Barbaracle\n|-damage|p1a: Barbaracle|1\/100\n|move|p1a: Barbaracle|Liquidation|p2a: Master Splinter\n|-damage|p2a: Master Splinter|0 fnt\n|faint|p2a: Master Splinter\n|\n|upkeep\n|\n|t:|1700022000\n|switch|p2a: Mr. Miyagi|Marshadow|100\/100\n|-status|p2a: Mr. Miyagi|tox\n|turn|12\n|\n|t:|1700022004\n|move|p2a: Mr. Miyagi|Shadow Sneak|p1a: Barbaracle\n|-damage|p1a: Barbaracle|0 fnt\n|faint|p1a: Barbaracle\n|\n|win|bgileguy\n|raw|Kookoopa's rating: 1302 &rarr; <strong>1277<\/strong><br \/>(-25 for losing)\n|raw|bgileguy's rating: 1222 &rarr; <strong>1253<\/strong><br \/>(+31 for winning)\n|l|\u2606Kookoopa\n","uploadtime":1700022015,"views":9,"p1id":"kookoopa","p2id":"bgileguy","formatid":"gen9nationaldexubers","rating":1253,"private":0,"password":""}