{"id":"gen9nationaldexubers-1983150735","p1":"Ginesect","p2":"AlolanSandslashOU","format":"[Gen 9] National Dex Ubers","log":"|j|\u2606Ginesect\n|j|\u2606AlolanSandslashOU\n|t:|1699096520\n|gametype|singles\n|player|p1|Ginesect|leon-masters|\n|player|p2|AlolanSandslashOU|volkner|\n|teamsize|p1|6\n|teamsize|p2|6\n|gen|9\n|tier|[Gen 9] National Dex Ubers\n|rule|HP Percentage Mod: HP is shown in percentages\n|rule|Endless Battle Clause: Forcing endless battles is banned\n|rule|OHKO Clause: OHKO moves are banned\n|rule|Evasion Moves Clause: Evasion moves are banned\n|rule|Evasion Items Clause: Evasion items are banned\n|rule|Species Clause: Limit one of each Pok\u00e9mon\n|rule|Sleep Clause Mod: Limit one foe put to sleep\n|rule|Mega Rayquaza Clause: You cannot mega evolve Rayquaza\n|clearpoke\n|poke|p1|Chien-Pao|\n|poke|p1|Heatran, F|\n|poke|p1|Samurott-Hisui, F|\n|poke|p1|Sableye, F|\n|poke|p1|Greninja-*, F|\n|poke|p1|Meowscarada, M|\n|poke|p2|Sneasler, M|\n|poke|p2|Greninja-*, M|\n|poke|p2|Zapdos|\n|poke|p2|Iron Moth|\n|poke|p2|Kartana|\n|poke|p2|Great Tusk|\n|teampreview\n|c|\u2606AlolanSandslashOU|Let\u2019s see how good you really are dark man\n|c|\u2606Ginesect|This is my first team btw\n|c|\u2606Ginesect|This team kinda sucks\n|c|\u2606AlolanSandslashOU|Cookin\n|c|\u2606AlolanSandslashOU|same\n|c|\u2606Ginesect|Can't bring my main team bcuz u saw it\n|\n|t:|1699096580\n|start\n|switch|p1a: Meowscarada|Meowscarada, M|100\/100\n|switch|p2a: Sneasler|Sneasler, M|100\/100\n|turn|1\n|c|\u2606AlolanSandslashOU|Mb\n|\n|t:|1699096588\n|move|p1a: Meowscarada|U-turn|p2a: Sneasler\n|-start|p1a: Meowscarada|typechange|Bug|[from] ability: Protean\n|-resisted|p2a: Sneasler\n|-damage|p2a: Sneasler|82\/100\n|-damage|p1a: Meowscarada|91\/100|[from] item: Life Orb\n|\n|t:|1699096595\n|switch|p1a: Sableye|Sableye, F|100\/100|[from] U-turn\n|move|p2a: Sneasler|U-turn|p1a: Sableye\n|-damage|p1a: Sableye|52\/100\n|c|\u2606AlolanSandslashOU|48 lmao\n|\n|t:|1699096610\n|switch|p2a: Zapdos|Zapdos|100\/100|[from] U-turn\n|\n|upkeep\n|turn|2\n|c|\u2606Ginesect|Yeah base sableye is weak\n|\n|t:|1699096628\n|move|p1a: Sableye|Recover|p1a: Sableye\n|-heal|p1a: Sableye|100\/100\n|move|p2a: Zapdos|Hurricane|p1a: Sableye|[miss]\n|-miss|p2a: Zapdos|p1a: Sableye\n|\n|upkeep\n|turn|3\n|\n|t:|1699096639\n|move|p1a: Sableye|Encore|p2a: Zapdos\n|-start|p2a: Zapdos|Encore\n|move|p2a: Zapdos|Hurricane|p1a: Sableye|[miss]\n|-miss|p2a: Zapdos|p1a: Sableye\n|\n|upkeep\n|turn|4\n|\n|t:|1699096646\n|switch|p1a: Heatran|Heatran, F|100\/100\n|-item|p1a: Heatran|Air Balloon\n|move|p2a: Zapdos|Hurricane|p1a: Heatran\n|-resisted|p1a: Heatran\n|-damage|p1a: Heatran|75\/100\n|-enditem|p1a: Heatran|Air Balloon\n|\n|upkeep\n|turn|5\n|\n|t:|1699096652\n|switch|p2a: Sneasler|Sneasler, M|82\/100\n|move|p1a: Heatran|Stealth Rock|p2a: Sneasler\n|-sidestart|p2: AlolanSandslashOU|move: Stealth Rock\n|\n|upkeep\n|turn|6\n|\n|t:|1699096657\n|-terastallize|p1a: Heatran|Grass\n|move|p2a: Sneasler|U-turn|p1a: Heatran\n|-supereffective|p1a: Heatran\n|-damage|p1a: Heatran|6\/100\n|-status|p1a: Heatran|psn|[from] ability: Poison Touch|[of] p2a: Sneasler\n|c|\u2606AlolanSandslashOU|LOL\n|c|\u2606Ginesect|wtff\n|c|\u2606Ginesect|Wtfff\n|c|\u2606Ginesect|What the actual.\n|c|\u2606Ginesect|Hell naw man\n|\n|t:|1699096681\n|switch|p2a: Zapdos|Zapdos|100\/100|[from] U-turn\n|-damage|p2a: Zapdos|75\/100|[from] Stealth Rock\n|move|p1a: Heatran|Will-O-Wisp|p2a: Zapdos\n|-status|p2a: Zapdos|brn\n|\n|-heal|p2a: Zapdos|82\/100 brn|[from] item: Leftovers\n|-damage|p1a: Heatran|0 fnt|[from] psn\n|faint|p1a: Heatran\n|-damage|p2a: Zapdos|75\/100 brn|[from] brn\n|upkeep\n|c|\u2606Ginesect|\ud83d\ude2d\ud83d\udc80\n|c|\u2606AlolanSandslashOU|I thought you would\u2019ve went back to sableye\n|\n|t:|1699096696\n|switch|p1a: Greninja|Greninja, F|100\/100\n|turn|7\n|\n|t:|1699096703\n|move|p1a: Greninja|Ice Beam|p2a: Zapdos\n|-start|p1a: Greninja|typechange|Ice|[from] ability: Protean\n|-supereffective|p2a: Zapdos\n|-damage|p2a: Zapdos|0 fnt\n|faint|p2a: Zapdos\n|-damage|p1a: Greninja|91\/100|[from] item: Life Orb\n|\n|upkeep\n|\n|t:|1699096714\n|switch|p2a: Great Tusk|Great Tusk|100\/100\n|turn|8\n|\n|t:|1699096724\n|-terastallize|p2a: Great Tusk|Water\n|move|p1a: Greninja|Hydro Pump|p2a: Great Tusk\n|-resisted|p2a: Great Tusk\n|-damage|p2a: Great Tusk|70\/100\n|-damage|p1a: Greninja|81\/100|[from] item: Life Orb\n|move|p2a: Great Tusk|Rapid Spin|p1a: Greninja\n|-damage|p1a: Greninja|49\/100\n|-boost|p2a: Great Tusk|spe|1\n|-sideend|p2: AlolanSandslashOU|Stealth Rock|[from] move: Rapid Spin|[of] p2a: Great Tusk\n|\n|upkeep\n|turn|9\n|c|\u2606AlolanSandslashOU|Did you know\n|c|\u2606AlolanSandslashOU|you gave me\n|c|\u2606AlolanSandslashOU|This\n|c|\u2606AlolanSandslashOU|tusk\n|c|\u2606Ginesect|Yes\n|\n|t:|1699096750\n|switch|p1a: Sableye|Sableye, F|100\/100\n|move|p2a: Great Tusk|Rapid Spin|p1a: Sableye\n|-immune|p1a: Sableye\n|\n|upkeep\n|turn|10\n|\n|t:|1699096759\n|-end|p2a: Great Tusk|Protosynthesis|[silent]\n|switch|p2a: Iron Moth|Iron Moth|100\/100\n|-enditem|p2a: Iron Moth|Booster Energy\n|-activate|p2a: Iron Moth|ability: Quark Drive|[fromitem]\n|-start|p2a: Iron Moth|quarkdrivespe\n|move|p1a: Sableye|Will-O-Wisp|p2a: Iron Moth\n|-immune|p2a: Iron Moth\n|\n|upkeep\n|turn|11\n|c|\u2606Ginesect|Expected\n|\n|t:|1699096777\n|switch|p1a: Samurott|Samurott-Hisui, F|100\/100\n|move|p2a: Iron Moth|Fiery Dance|p1a: Samurott\n|-resisted|p1a: Samurott\n|-damage|p1a: Samurott|69\/100\n|\n|upkeep\n|turn|12\n|\n|t:|1699096784\n|move|p2a: Iron Moth|Substitute|p2a: Iron Moth\n|-start|p2a: Iron Moth|Substitute\n|-damage|p2a: Iron Moth|76\/100\n|move|p1a: Samurott|Ceaseless Edge|p2a: Iron Moth\n|-end|p2a: Iron Moth|Substitute\n|-sidestart|p2: AlolanSandslashOU|Spikes\n|\n|upkeep\n|turn|13\n|\n|t:|1699096791\n|move|p2a: Iron Moth|Sludge Wave|p1a: Samurott\n|-damage|p1a: Samurott|0 fnt\n|faint|p1a: Samurott\n|\n|upkeep\n|c|\u2606Ginesect|Ig it's a gg\n|c|\u2606AlolanSandslashOU|Nope\n|c|\u2606Ginesect|yessir\n|c|\u2606AlolanSandslashOU|I don\u2019t auto win lmao\n|c|\u2606Ginesect|Sub moth beats me\n|\n|t:|1699096830\n|switch|p1a: Greninja|Greninja, F|49\/100\n|turn|14\n|c|\u2606AlolanSandslashOU|You made the wrong play\n|c|\u2606Ginesect|Maybe\n|c|\u2606AlolanSandslashOU|should\u2019ve went sableye into encore\n|\n|t:|1699096855\n|move|p2a: Iron Moth|Sludge Wave|p1a: Greninja\n|-damage|p1a: Greninja|0 fnt\n|faint|p1a: Greninja\n|\n|upkeep\n|\n|t:|1699096860\n|switch|p1a: Sableye|Sableye, F|100\/100\n|turn|15\n|c|\u2606AlolanSandslashOU|Shit he knows\n|\n|t:|1699096867\n|move|p2a: Iron Moth|Fiery Dance|p1a: Sableye\n|-damage|p1a: Sableye|45\/100\n|move|p1a: Sableye|Knock Off|p2a: Iron Moth\n|-crit|p2a: Iron Moth\n|-damage|p2a: Iron Moth|34\/100\n|\n|upkeep\n|turn|16\n|c|\u2606Ginesect|Ah man\n|c|\u2606AlolanSandslashOU|Where tf are my BOOSYS\n|\n|t:|1699096884\n|detailschange|p1a: Sableye|Sableye-Mega, F\n|-mega|p1a: Sableye|Sableye|Sablenite\n|move|p2a: Iron Moth|Fiery Dance|p1a: Sableye\n|-damage|p1a: Sableye|10\/100\n|move|p1a: Sableye|Recover|p1a: Sableye\n|-heal|p1a: Sableye|60\/100\n|\n|upkeep\n|turn|17\n|c|\u2606AlolanSandslashOU|BOOSTS\n|\n|t:|1699096890\n|move|p2a: Iron Moth|Fiery Dance|p1a: Sableye\n|-damage|p1a: Sableye|23\/100\n|-boost|p2a: Iron Moth|spa|1\n|move|p1a: Sableye|Recover|p1a: Sableye\n|-heal|p1a: Sableye|73\/100\n|\n|upkeep\n|turn|18\n|\n|t:|1699096893\n|move|p2a: Iron Moth|Fiery Dance|p1a: Sableye\n|-damage|p1a: Sableye|16\/100\n|-boost|p2a: Iron Moth|spa|1\n|move|p1a: Sableye|Knock Off|p2a: Iron Moth\n|-damage|p2a: Iron Moth|0 fnt\n|faint|p2a: Iron Moth\n|-end|p2a: Iron Moth|Quark Drive|[silent]\n|\n|upkeep\n|c|\u2606AlolanSandslashOU|Ohh shit\n|c|\u2606Ginesect|Yessir\n|\n|t:|1699096906\n|switch|p2a: Greninja|Greninja, M|100\/100\n|-damage|p2a: Greninja|88\/100|[from] Spikes\n|turn|19\n|\n|t:|1699096915\n|move|p2a: Greninja|Water Shuriken|p1a: Sableye\n|-start|p2a: Greninja|typechange|Water|[from] ability: Protean\n|-damage|p1a: Sableye|6\/100\n|-crit|p1a: Sableye\n|-damage|p1a: Sableye|0 fnt\n|faint|p1a: Sableye\n|-hitcount|p1: Sableye|2\n|\n|upkeep\n|\n|t:|1699096924\n|switch|p1a: Meowscarada|Meowscarada, M|91\/100\n|turn|20\n|\n|t:|1699096930\n|switch|p2a: Great Tusk|Great Tusk, tera:Water|70\/100\n|move|p1a: Meowscarada|U-turn|p2a: Great Tusk\n|-start|p1a: Meowscarada|typechange|Bug|[from] ability: Protean\n|-damage|p2a: Great Tusk|45\/100\n|-damage|p1a: Meowscarada|81\/100|[from] item: Life Orb\n|\n|t:|1699096934\n|switch|p1a: Chien-Pao|Chien-Pao|100\/100|[from] U-turn\n|-ability|p1a: Chien-Pao|Sword of Ruin\n|\n|upkeep\n|turn|21\n|\n|t:|1699096942\n|move|p1a: Chien-Pao|Crunch|p2a: Great Tusk\n|-damage|p2a: Great Tusk|0 fnt\n|faint|p2a: Great Tusk\n|-end|p2a: Great Tusk|Protosynthesis|[silent]\n|\n|upkeep\n|\n|t:|1699096945\n|switch|p2a: Kartana|Kartana|100\/100\n|-damage|p2a: Kartana|88\/100|[from] Spikes\n|turn|22\n|\n|t:|1699096949\n|move|p2a: Kartana|Sacred Sword|p1a: Chien-Pao\n|-supereffective|p1a: Chien-Pao\n|-damage|p1a: Chien-Pao|0 fnt\n|faint|p1a: Chien-Pao\n|-ability|p2a: Kartana|Beast Boost|boost\n|-boost|p2a: Kartana|atk|1\n|\n|upkeep\n|c|\u2606Ginesect|wow\n|c|\u2606Ginesect|gg\n|\n|t:|1699096958\n|switch|p1a: Meowscarada|Meowscarada, M|81\/100\n|turn|23\n|c|\u2606AlolanSandslashOU|Ggs\n|\n|t:|1699096962\n|move|p2a: Kartana|Sacred Sword|p1a: Meowscarada\n|-supereffective|p1a: Meowscarada\n|-damage|p1a: Meowscarada|0 fnt\n|faint|p1a: Meowscarada\n|\n|win|AlolanSandslashOU\n","uploadtime":1699096973,"views":7,"p1id":"ginesect","p2id":"alolansandslashou","formatid":"gen9nationaldexubers","rating":0,"private":0,"password":""}