{"id":"gen9nationaldexubers-1987263588","p1":"Blake-Mamba","p2":"elizabeth80085","format":"[Gen 9] National Dex Ubers","log":"|j|\u2606Blake-Mamba\n|j|\u2606elizabeth80085\n|t:|1699570838\n|gametype|singles\n|player|p1|Blake-Mamba|juan|1310\n|player|p2|elizabeth80085|mela|1349\n|teamsize|p1|6\n|teamsize|p2|6\n|gen|9\n|tier|[Gen 9] National Dex Ubers\n|rated|\n|rule|HP Percentage Mod: HP is shown in percentages\n|rule|Endless Battle Clause: Forcing endless battles is banned\n|rule|OHKO Clause: OHKO moves are banned\n|rule|Evasion Moves Clause: Evasion moves are banned\n|rule|Evasion Items Clause: Evasion items are banned\n|rule|Species Clause: Limit one of each Pok\u00e9mon\n|rule|Sleep Clause Mod: Limit one foe put to sleep\n|rule|Mega Rayquaza Clause: You cannot mega evolve Rayquaza\n|clearpoke\n|poke|p1|Regieleki|\n|poke|p1|Regidrago|\n|poke|p1|Regigigas|\n|poke|p1|Regirock|\n|poke|p1|Regice|\n|poke|p1|Registeel|\n|poke|p2|Ribombee, F|\n|poke|p2|Muk-Alola, M|\n|poke|p2|Blacephalon|\n|poke|p2|Salamence, F|\n|poke|p2|Pheromosa|\n|poke|p2|Marshadow|\n|teampreview\n|\n|t:|1699570847\n|start\n|switch|p1a: Regieleki|Regieleki|100\/100\n|switch|p2a: Marshadow|Marshadow|100\/100\n|turn|1\n|\n|t:|1699570853\n|move|p1a: Regieleki|Volt Switch|p2a: Marshadow\n|-damage|p2a: Marshadow|24\/100\n|\n|t:|1699570856\n|switch|p1a: Regirock|Regirock|100\/100|[from] Volt Switch\n|move|p2a: Marshadow|Swagger|p1a: Regirock\n|-boost|p1a: Regirock|atk|2\n|-enditem|p2a: Marshadow|Mirror Herb\n|-boost|p2a: Marshadow|atk|2|[from] item: Mirror Herb\n|-start|p1a: Regirock|confusion\n|\n|upkeep\n|turn|2\n|\n|t:|1699570868\n|-terastallize|p2a: Marshadow|Ghost\n|move|p2a: Marshadow|Spectral Thief||[still]\n|-clearpositiveboost|p1a: Regirock|p2a: Marshadow|move: Spectral Thief\n|-boost|p2a: Marshadow|atk|2\n|-anim|p2a: Marshadow|Spectral Thief|p1a: Regirock\n|-damage|p1a: Regirock|31\/100\n|-damage|p2a: Marshadow|7\/100|[from] item: Rocky Helmet|[of] p1a: Regirock\n|-activate|p1a: Regirock|confusion\n|move|p1a: Regirock|Toxic|p2a: Marshadow\n|-status|p2a: Marshadow|tox\n|\n|-damage|p2a: Marshadow|1\/100 tox|[from] psn\n|upkeep\n|turn|3\n|c|\u2606elizabeth80085|aw crud\n|\n|t:|1699570884\n|move|p2a: Marshadow|Close Combat|p1a: Regirock\n|-supereffective|p1a: Regirock\n|-crit|p1a: Regirock\n|-damage|p1a: Regirock|0 fnt\n|-unboost|p2a: Marshadow|def|1\n|-unboost|p2a: Marshadow|spd|1\n|-damage|p2a: Marshadow|0 fnt|[from] item: Rocky Helmet|[of] p1a: Regirock\n|faint|p1a: Regirock\n|faint|p2a: Marshadow\n|\n|upkeep\n|\n|t:|1699570895\n|switch|p2a: Muk|Muk-Alola, M|100\/100\n|switch|p1a: Regieleki|Regieleki|100\/100\n|turn|4\n|\n|t:|1699570900\n|move|p1a: Regieleki|Volt Switch|p2a: Muk\n|-damage|p2a: Muk|68\/100\n|\n|t:|1699570903\n|switch|p1a: Registeel|Registeel|100\/100|[from] Volt Switch\n|move|p2a: Muk|Knock Off|p1a: Registeel\n|-damage|p1a: Registeel|67\/100\n|-enditem|p1a: Registeel|Life Orb|[from] move: Knock Off|[of] p2a: Muk\n|\n|upkeep\n|turn|5\n|\n|t:|1699570911\n|move|p2a: Muk|Fire Punch|p1a: Registeel\n|-supereffective|p1a: Registeel\n|-damage|p1a: Registeel|32\/100\n|move|p1a: Registeel|Stealth Rock|p2a: Muk\n|-sidestart|p2: elizabeth80085|move: Stealth Rock\n|\n|upkeep\n|turn|6\n|\n|t:|1699570917\n|move|p2a: Muk|Fire Punch|p1a: Registeel\n|-supereffective|p1a: Registeel\n|-damage|p1a: Registeel|0 fnt\n|faint|p1a: Registeel\n|\n|upkeep\n|\n|t:|1699570926\n|switch|p1a: Regieleki|Regieleki|100\/100\n|turn|7\n|\n|t:|1699570932\n|move|p1a: Regieleki|Volt Switch|p2a: Muk\n|-damage|p2a: Muk|33\/100\n|\n|t:|1699570935\n|switch|p1a: Regigigas|Regigigas|100\/100|[from] Volt Switch\n|-start|p1a: Regigigas|ability: Slow Start\n|move|p2a: Muk|Knock Off|p1a: Regigigas\n|-damage|p1a: Regigigas|68\/100\n|-enditem|p1a: Regigigas|Leftovers|[from] move: Knock Off|[of] p2a: Muk\n|\n|upkeep\n|turn|8\n|\n|t:|1699570944\n|move|p2a: Muk|Gunk Shot|p1a: Regigigas\n|-damage|p1a: Regigigas|25\/100\n|-status|p1a: Regigigas|psn\n|move|p1a: Regigigas|Earthquake|p2a: Muk\n|-supereffective|p2a: Muk\n|-damage|p2a: Muk|0 fnt\n|faint|p2a: Muk\n|\n|-damage|p1a: Regigigas|13\/100 psn|[from] psn\n|upkeep\n|\n|t:|1699570952\n|switch|p2a: Blacephalon|Blacephalon|100\/100\n|-damage|p2a: Blacephalon|76\/100|[from] Stealth Rock\n|turn|9\n|\n|t:|1699570959\n|move|p2a: Blacephalon|Flamethrower|p1a: Regigigas\n|-damage|p1a: Regigigas|0 fnt\n|faint|p1a: Regigigas\n|-end|p1a: Regigigas|Slow Start|[silent]\n|-ability|p2a: Blacephalon|Beast Boost|boost\n|-boost|p2a: Blacephalon|spa|1\n|-damage|p2a: Blacephalon|66\/100|[from] item: Life Orb\n|\n|upkeep\n|\n|t:|1699570966\n|switch|p1a: Regieleki|Regieleki|100\/100\n|turn|10\n|\n|t:|1699570970\n|move|p1a: Regieleki|Volt Switch|p2a: Blacephalon\n|-damage|p2a: Blacephalon|0 fnt\n|faint|p2a: Blacephalon\n|\n|t:|1699570974\n|switch|p1a: Regidrago|Regidrago|100\/100|[from] Volt Switch\n|\n|upkeep\n|\n|t:|1699570977\n|switch|p2a: Ribombee|Ribombee, F|100\/100\n|-damage|p2a: Ribombee|76\/100|[from] Stealth Rock\n|turn|11\n|\n|t:|1699570982\n|move|p1a: Regidrago|Explosion|p2a: Ribombee\n|-damage|p2a: Ribombee|0 fnt\n|faint|p1a: Regidrago\n|faint|p2a: Ribombee\n|\n|upkeep\n|\n|t:|1699570988\n|switch|p2a: Salamence|Salamence, F|100\/100\n|switch|p1a: Regieleki|Regieleki|100\/100\n|-damage|p2a: Salamence|76\/100|[from] Stealth Rock\n|-ability|p2a: Salamence|Intimidate|boost\n|-unboost|p1a: Regieleki|atk|1\n|turn|12\n|\n|t:|1699570995\n|detailschange|p2a: Salamence|Salamence-Mega, F\n|-mega|p2a: Salamence|Salamence|Salamencite\n|-terastallize|p1a: Regieleki|Ice\n|move|p1a: Regieleki|Tera Blast|p2a: Salamence|[anim] Tera Blast Ice\n|-supereffective|p2a: Salamence\n|-damage|p2a: Salamence|0 fnt\n|faint|p2a: Salamence\n|\n|upkeep\n|\n|t:|1699571001\n|switch|p2a: Pheromosa|Pheromosa, shiny|100\/100\n|turn|13\n|\n|t:|1699571006\n|switch|p1a: Regice|Regice|100\/100\n|move|p2a: Pheromosa|Focus Blast|p1a: Regice\n|-supereffective|p1a: Regice\n|-damage|p1a: Regice|59\/100\n|\n|upkeep\n|turn|14\n|\n|t:|1699571013\n|move|p2a: Pheromosa|Focus Blast|p1a: Regice\n|-supereffective|p1a: Regice\n|-damage|p1a: Regice|18\/100\n|move|p1a: Regice|Ice Beam|p2a: Pheromosa\n|-damage|p2a: Pheromosa|0 fnt\n|faint|p2a: Pheromosa\n|\n|win|Blake-Mamba\n|raw|Blake-Mamba's rating: 1310 &rarr; <strong>1332<\/strong><br \/>(+22 for winning)\n|raw|elizabeth80085's rating: 1349 &rarr; <strong>1327<\/strong><br \/>(-22 for losing)\n|l|\u2606elizabeth80085\n|c|\u2606Blake-Mamba|Gg\n","uploadtime":1699571027,"views":5,"p1id":"blakemamba","p2id":"elizabeth80085","formatid":"gen9nationaldexubers","rating":1327,"private":0,"password":""}