{"id":"gen9nationaldexubers-1992619809","p1":"123Mika321","p2":"KarmaNightraide","format":"[Gen 9] National Dex Ubers","log":"|j|\u2606123Mika321\n|j|\u2606KarmaNightraide\n|t:|1700215843\n|gametype|singles\n|player|p1|123Mika321|nate|1127\n|player|p2|KarmaNightraide|unknown|1161\n|teamsize|p1|6\n|teamsize|p2|6\n|gen|9\n|tier|[Gen 9] National Dex Ubers\n|rated|\n|rule|HP Percentage Mod: HP is shown in percentages\n|rule|Endless Battle Clause: Forcing endless battles is banned\n|rule|OHKO Clause: OHKO moves are banned\n|rule|Evasion Moves Clause: Evasion moves are banned\n|rule|Evasion Items Clause: Evasion items are banned\n|rule|Species Clause: Limit one of each Pok\u00e9mon\n|rule|Sleep Clause Mod: Limit one foe put to sleep\n|rule|Mega Rayquaza Clause: You cannot mega evolve Rayquaza\n|clearpoke\n|poke|p1|Necrozma-Dawn-Wings|\n|poke|p1|Kangaskhan, F|\n|poke|p1|Rayquaza|\n|poke|p1|Urshifu-*, M|\n|poke|p1|Kyogre|\n|poke|p1|Xerneas-*|\n|poke|p2|Mimikyu, M|\n|poke|p2|Banette, F|\n|poke|p2|Polteageist-Antique|\n|poke|p2|Skeledirge, M|\n|poke|p2|Gourgeist-*, F|\n|poke|p2|Basculegion, M|\n|teampreview\n|\n|t:|1700215850\n|start\n|switch|p1a: Necrozma|Necrozma-Dawn-Wings, shiny|100\/100\n|switch|p2a: Go to sleep...|Banette, F|100\/100\n|turn|1\n|inactive|Battle timer is ON: inactive players will automatically lose when time's up. (requested by KarmaNightraide)\n|\n|t:|1700215867\n|detailschange|p1a: Necrozma|Necrozma-Ultra, shiny\n|-burst|p1a: Necrozma|Necrozma|Ultranecrozium Z\n|detailschange|p2a: Go to sleep...|Banette-Mega, F\n|-mega|p2a: Go to sleep...|Banette|Banettite\n|move|p2a: Go to sleep...|Destiny Bond|p2a: Go to sleep...\n|-singlemove|p2a: Go to sleep...|Destiny Bond\n|move|p1a: Necrozma|Moongeist Beam|p2a: Go to sleep...\n|-supereffective|p2a: Go to sleep...\n|-damage|p2a: Go to sleep...|0 fnt\n|faint|p2a: Go to sleep...\n|-activate|p2a: Go to sleep...|move: Destiny Bond\n|faint|p1a: Necrozma\n|\n|upkeep\n|\n|t:|1700215883\n|switch|p1a: Xerneas|Xerneas|100\/100\n|switch|p2a: Wanna sip?|Polteageist-Antique|100\/100\n|-ability|p1a: Xerneas|Fairy Aura\n|turn|2\n|\n|t:|1700215892\n|move|p1a: Xerneas|Geomancy||[still]\n|-prepare|p1a: Xerneas|Geomancy\n|-enditem|p1a: Xerneas|Power Herb\n|-anim|p1a: Xerneas|Geomancy|p1a: Xerneas\n|-boost|p1a: Xerneas|spa|2\n|-boost|p1a: Xerneas|spd|2\n|-boost|p1a: Xerneas|spe|2\n|move|p2a: Wanna sip?|Shell Smash|p2a: Wanna sip?\n|-unboost|p2a: Wanna sip?|def|1\n|-unboost|p2a: Wanna sip?|spd|1\n|-boost|p2a: Wanna sip?|atk|2\n|-boost|p2a: Wanna sip?|spa|2\n|-boost|p2a: Wanna sip?|spe|2\n|\n|upkeep\n|turn|3\n|\n|t:|1700215919\n|-terastallize|p1a: Xerneas|Fairy\n|move|p1a: Xerneas|Moonblast|p2a: Wanna sip?\n|-enditem|p2a: Wanna sip?|Focus Sash\n|-damage|p2a: Wanna sip?|1\/100\n|-unboost|p2a: Wanna sip?|spa|1\n|move|p2a: Wanna sip?|Stored Power|p1a: Xerneas\n|-damage|p1a: Xerneas|67\/100\n|\n|upkeep\n|turn|4\n|\n|t:|1700215930\n|move|p1a: Xerneas|Moonblast|p2a: Wanna sip?\n|-damage|p2a: Wanna sip?|0 fnt\n|faint|p2a: Wanna sip?\n|\n|upkeep\n|inactive|KarmaNightraide has 120 seconds left.\n|\n|t:|1700215955\n|switch|p2a: Dundy|Skeledirge, M|100\/100\n|turn|5\n|\n|t:|1700215972\n|-terastallize|p2a: Dundy|Fire\n|move|p1a: Xerneas|Moonblast|p2a: Dundy\n|-resisted|p2a: Dundy\n|-damage|p2a: Dundy|39\/100\n|move|p2a: Dundy|Torch Song|p1a: Xerneas\n|-damage|p1a: Xerneas|24\/100\n|-boost|p2a: Dundy|spa|1\n|\n|-heal|p2a: Dundy|45\/100|[from] item: Leftovers\n|upkeep\n|turn|6\n|\n|t:|1700215988\n|move|p1a: Xerneas|Moonblast|p2a: Dundy\n|-resisted|p2a: Dundy\n|-damage|p2a: Dundy|0 fnt\n|faint|p2a: Dundy\n|\n|upkeep\n|\n|t:|1700215994\n|switch|p2a: Lil guy my man|Mimikyu, M|100\/100\n|turn|7\n|\n|t:|1700216014\n|move|p1a: Xerneas|Draining Kiss|p2a: Lil guy my man\n|-activate|p2a: Lil guy my man|ability: Disguise\n|-damage|p2a: Lil guy my man|100\/100\n|detailschange|p2a: Lil guy my man|Mimikyu-Busted, M\n|-damage|p2a: Lil guy my man|88\/100|[from] pokemon: Mimikyu-Busted\n|move|p2a: Lil guy my man|Play Rough|p1a: Xerneas\n|-damage|p1a: Xerneas|0 fnt\n|faint|p1a: Xerneas\n|-damage|p2a: Lil guy my man|78\/100|[from] item: Life Orb\n|\n|upkeep\n|\n|t:|1700216040\n|switch|p1a: Urshifu|Urshifu-Rapid-Strike, M|100\/100\n|turn|8\n|\n|t:|1700216055\n|move|p2a: Lil guy my man|Play Rough|p1a: Urshifu\n|-supereffective|p1a: Urshifu\n|-damage|p1a: Urshifu|8\/100\n|-damage|p2a: Lil guy my man|68\/100|[from] item: Life Orb\n|move|p1a: Urshifu|Surging Strikes|p2a: Lil guy my man\n|-crit|p2a: Lil guy my man\n|-damage|p2a: Lil guy my man|27\/100\n|-crit|p2a: Lil guy my man\n|-damage|p2a: Lil guy my man|0 fnt\n|faint|p2a: Lil guy my man\n|-hitcount|p2: Lil guy my man|2\n|\n|upkeep\n|inactive|KarmaNightraide has 90 seconds left.\n|\n|t:|1700216067\n|switch|p2a: Pumpin|Gourgeist-Small, F|100\/100\n|turn|9\n|\n|t:|1700216071\n|-zpower|p2a: Pumpin\n|move|p2a: Pumpin|Z-Trick-or-Treat|p1a: Urshifu|[anim]Trick-or-Treat\n|-boost|p2a: Pumpin|atk|1|[zeffect]\n|-boost|p2a: Pumpin|def|1|[zeffect]\n|-boost|p2a: Pumpin|spa|1|[zeffect]\n|-boost|p2a: Pumpin|spd|1|[zeffect]\n|-boost|p2a: Pumpin|spe|1|[zeffect]\n|-start|p1a: Urshifu|typeadd|Ghost|[from] move: Trick-or-Treat\n|move|p1a: Urshifu|U-turn|p2a: Pumpin\n|-damage|p2a: Pumpin|78\/100\n|\n|t:|1700216084\n|switch|p1a: Rayquaza|Rayquaza|100\/100|[from] U-turn\n|-ability|p1a: Rayquaza|Air Lock\n|\n|upkeep\n|turn|10\n|\n|t:|1700216101\n|move|p2a: Pumpin|Poltergeist|p1a: Rayquaza\n|-activate|p1a: Rayquaza|move: Poltergeist|Choice Band\n|-damage|p1a: Rayquaza|40\/100\n|move|p1a: Rayquaza|Dragon Ascent|p2a: Pumpin\n|-supereffective|p2a: Pumpin\n|-damage|p2a: Pumpin|0 fnt\n|-unboost|p1a: Rayquaza|def|1\n|-unboost|p1a: Rayquaza|spd|1\n|faint|p2a: Pumpin\n|\n|upkeep\n|\n|t:|1700216111\n|switch|p2a: Fish|Basculegion, M|100\/100\n|turn|11\n|\n|t:|1700216117\n|move|p2a: Fish|Last Respects|p1a: Rayquaza\n|-damage|p1a: Rayquaza|0 fnt\n|faint|p1a: Rayquaza\n|\n|upkeep\n|\n|t:|1700216121\n|switch|p1a: Kangaskhan|Kangaskhan, F|100\/100\n|turn|12\n|\n|t:|1700216133\n|detailschange|p1a: Kangaskhan|Kangaskhan-Mega, F\n|-mega|p1a: Kangaskhan|Kangaskhan|Kangaskhanite\n|move|p1a: Kangaskhan|Fake Out|p2a: Fish\n|-immune|p2a: Fish\n|move|p2a: Fish|Rain Dance|p2a: Fish\n|-weather|RainDance\n|\n|-weather|RainDance|[upkeep]\n|upkeep\n|turn|13\n|\n|t:|1700216147\n|move|p2a: Fish|Scale Shot|p1a: Kangaskhan\n|-damage|p1a: Kangaskhan|93\/100\n|-damage|p1a: Kangaskhan|85\/100\n|-damage|p1a: Kangaskhan|78\/100\n|-hitcount|p1a: Kangaskhan|3\n|-unboost|p2a: Fish|def|1\n|-boost|p2a: Fish|spe|1\n|move|p1a: Kangaskhan|Double-Edge|p2a: Fish\n|-immune|p2a: Fish\n|\n|-weather|RainDance|[upkeep]\n|upkeep\n|turn|14\n|\n|t:|1700216162\n|switch|p1a: Urshifu|Urshifu-Rapid-Strike, M|8\/100\n|move|p2a: Fish|Liquidation|p1a: Urshifu\n|-resisted|p1a: Urshifu\n|-damage|p1a: Urshifu|0 fnt\n|faint|p1a: Urshifu\n|\n|-weather|RainDance|[upkeep]\n|upkeep\n|\n|t:|1700216169\n|switch|p1a: Kyogre|Kyogre|100\/100\n|detailschange|p1a: Kyogre|Kyogre-Primal\n|-primal|p1a: Kyogre|Blue Orb\n|-weather|PrimordialSea|[from] ability: Primordial Sea|[of] p1a: Kyogre\n|turn|15\n|inactive|KarmaNightraide has 120 seconds left.\n|\n|t:|1700216176\n|move|p2a: Fish|Last Respects|p1a: Kyogre\n|-crit|p1a: Kyogre\n|-damage|p1a: Kyogre|0 fnt\n|faint|p1a: Kyogre\n|-weather|none\n|\n|upkeep\n|\n|t:|1700216181\n|switch|p1a: Kangaskhan|Kangaskhan-Mega, F|78\/100\n|turn|16\n|\n|t:|1700216186\n|move|p2a: Fish|Liquidation|p1a: Kangaskhan\n|-damage|p1a: Kangaskhan|41\/100\n|move|p1a: Kangaskhan|Double-Edge|p2a: Fish\n|-immune|p2a: Fish\n|\n|upkeep\n|turn|17\n|\n|t:|1700216192\n|move|p2a: Fish|Liquidation|p1a: Kangaskhan\n|-damage|p1a: Kangaskhan|1\/100\n|move|p1a: Kangaskhan|Double-Edge|p2a: Fish\n|-immune|p2a: Fish\n|\n|upkeep\n|turn|18\n|\n|t:|1700216199\n|move|p2a: Fish|Liquidation|p1a: Kangaskhan\n|-damage|p1a: Kangaskhan|0 fnt\n|faint|p1a: Kangaskhan\n|\n|win|KarmaNightraide\n|raw|123Mika321's rating: 1127 &rarr; <strong>1104<\/strong><br \/>(-23 for losing)\n|raw|KarmaNightraide's rating: 1161 &rarr; <strong>1184<\/strong><br \/>(+23 for winning)\n|l|\u2606123Mika321\n","uploadtime":1700216215,"views":9,"p1id":"123mika321","p2id":"karmanightraide","formatid":"gen9nationaldexubers","rating":1104,"private":0,"password":""}