{"id":"gen9nationaldexubers-1983162871","p1":"Nosaka Dresseur","p2":"DrArkane15","format":"[Gen 9] National Dex Ubers","log":"|j|\u2606Nosaka Dresseur\n|j|\u2606DrArkane15\n|t:|1699098609\n|gametype|singles\n|player|p1|Nosaka Dresseur|lucas-gen4pt|\n|player|p2|DrArkane15|170|\n|teamsize|p1|5\n|teamsize|p2|2\n|gen|9\n|tier|[Gen 9] National Dex Ubers\n|rule|HP Percentage Mod: HP is shown in percentages\n|rule|Endless Battle Clause: Forcing endless battles is banned\n|rule|OHKO Clause: OHKO moves are banned\n|rule|Evasion Moves Clause: Evasion moves are banned\n|rule|Evasion Items Clause: Evasion items are banned\n|rule|Species Clause: Limit one of each Pok\u00e9mon\n|rule|Sleep Clause Mod: Limit one foe put to sleep\n|rule|Mega Rayquaza Clause: You cannot mega evolve Rayquaza\n|clearpoke\n|poke|p1|Froakie, L11, M|\n|poke|p1|Shinx, L11, M|\n|poke|p1|Fletchling, L15, M|\n|poke|p1|Woobat, L11, M|\n|poke|p1|Starly, L4, M|\n|poke|p2|Kubfu, L13, F|\n|poke|p2|Riolu, L15, M|\n|teampreview\n|\n|t:|1699098624\n|start\n|switch|p1a: Starly|Starly, L4, M|100\/100\n|switch|p2a: Kubfu|Kubfu, L13, F|100\/100\n|turn|1\n|\n|t:|1699098716\n|move|p1a: Starly|Quick Attack|p2a: Kubfu\n|-damage|p2a: Kubfu|93\/100\n|move|p2a: Kubfu|Rock Smash|p1a: Starly\n|-damage|p1a: Starly|0 fnt\n|faint|p1a: Starly\n|\n|upkeep\n|\n|t:|1699098727\n|switch|p1a: Froakie|Froakie, L11, M|100\/100\n|turn|2\n|\n|t:|1699098735\n|move|p1a: Froakie|Quick Attack|p2a: Kubfu\n|-damage|p2a: Kubfu|81\/100\n|move|p2a: Kubfu|Aerial Ace|p1a: Froakie\n|-damage|p1a: Froakie|40\/100\n|\n|upkeep\n|turn|3\n|\n|t:|1699098744\n|move|p2a: Kubfu|Rock Smash|p1a: Froakie\n|-damage|p1a: Froakie|0 fnt\n|faint|p1a: Froakie\n|\n|upkeep\n|\n|t:|1699098749\n|switch|p1a: Fletchling|Fletchling, L15, M|100\/100\n|turn|4\n|\n|t:|1699098757\n|move|p2a: Kubfu|Rock Smash|p1a: Fletchling\n|-damage|p1a: Fletchling|66\/100\n|move|p1a: Fletchling|Peck|p2a: Kubfu\n|-supereffective|p2a: Kubfu\n|-damage|p2a: Kubfu|34\/100\n|\n|upkeep\n|turn|5\n|\n|t:|1699098764\n|move|p2a: Kubfu|Aerial Ace|p1a: Fletchling\n|-damage|p1a: Fletchling|31\/100\n|move|p1a: Fletchling|Peck|p2a: Kubfu\n|-supereffective|p2a: Kubfu\n|-damage|p2a: Kubfu|0 fnt\n|faint|p2a: Kubfu\n|\n|upkeep\n|\n|t:|1699098766\n|switch|p2a: Riolu|Riolu, L15, M|100\/100\n|turn|6\n|\n|t:|1699098775\n|move|p2a: Riolu|Quick Attack|p1a: Fletchling\n|-damage|p1a: Fletchling|5\/100\n|move|p1a: Fletchling|Peck|p2a: Riolu\n|-supereffective|p2a: Riolu\n|-damage|p2a: Riolu|37\/100\n|\n|upkeep\n|turn|7\n|\n|t:|1699098782\n|move|p2a: Riolu|Quick Attack|p1a: Fletchling\n|-damage|p1a: Fletchling|0 fnt\n|faint|p1a: Fletchling\n|\n|upkeep\n|\n|t:|1699098788\n|switch|p1a: Shinx|Shinx, L11, M|100\/100\n|turn|8\n|\n|t:|1699098827\n|move|p2a: Riolu|Metal Claw|p1a: Shinx\n|-resisted|p1a: Shinx\n|-damage|p1a: Shinx|71\/100\n|move|p1a: Shinx|Thunder Shock|p2a: Riolu\n|-damage|p2a: Riolu|13\/100\n|\n|upkeep\n|turn|9\n|\n|t:|1699098834\n|move|p2a: Riolu|Quick Attack|p1a: Shinx\n|-damage|p1a: Shinx|24\/100\n|move|p1a: Shinx|Thunder Shock|p2a: Riolu\n|-damage|p2a: Riolu|0 fnt\n|faint|p2a: Riolu\n|\n|win|Nosaka Dresseur\n","uploadtime":1699098850,"views":32,"p1id":"nosakadresseur","p2id":"drarkane15","formatid":"gen9nationaldexubers","rating":0,"private":0,"password":""}