{"id":"gen9nationaldexubers-1992882126","p1":"JustMonika_CARR","p2":"another\u306eikun5","format":"[Gen 9] National Dex Ubers","log":"|j|\u2606JustMonika_CARR\n|j|\u2606another\u306eikun5\n|t:|1700243581\n|gametype|singles\n|player|p1|JustMonika_CARR|rosa|1386\n|player|p2|another\u306eikun5|brendan|1491\n|teamsize|p1|6\n|teamsize|p2|6\n|gen|9\n|tier|[Gen 9] National Dex Ubers\n|rated|\n|rule|HP Percentage Mod: HP is shown in percentages\n|rule|Endless Battle Clause: Forcing endless battles is banned\n|rule|OHKO Clause: OHKO moves are banned\n|rule|Evasion Moves Clause: Evasion moves are banned\n|rule|Evasion Items Clause: Evasion items are banned\n|rule|Species Clause: Limit one of each Pok\u00e9mon\n|rule|Sleep Clause Mod: Limit one foe put to sleep\n|rule|Mega Rayquaza Clause: You cannot mega evolve Rayquaza\n|clearpoke\n|poke|p1|Blaziken, F|\n|poke|p1|Pheromosa|\n|poke|p1|Gothitelle, F|\n|poke|p1|Deoxys-Speed|\n|poke|p1|Shuckle, M|\n|poke|p1|Durant, F|\n|poke|p2|Hatterene, F|\n|poke|p2|Calyrex-Ice|\n|poke|p2|Kyogre|\n|poke|p2|Ursaluna-Bloodmoon, M|\n|poke|p2|Cresselia, F|\n|poke|p2|Melmetal|\n|teampreview\n|\n|t:|1700243594\n|start\n|switch|p1a: Shuckle|Shuckle, M, shiny|100\/100\n|switch|p2a: \u5624\u5624\u5624|Hatterene, F|100\/100\n|turn|1\n|c|\u2606JustMonika_CARR|Glhf\n|\n|t:|1700243613\n|move|p1a: Shuckle|Infestation|p2a: \u5624\u5624\u5624\n|-damage|p2a: \u5624\u5624\u5624|99\/100\n|-activate|p2a: \u5624\u5624\u5624|move: Infestation|[of] p1a: Shuckle\n|move|p2a: \u5624\u5624\u5624|Trick Room|p2a: \u5624\u5624\u5624\n|-fieldstart|move: Trick Room|[of] p2a: \u5624\u5624\u5624\n|\n|-damage|p2a: \u5624\u5624\u5624|86\/100|[from] move: Infestation|[partiallytrapped]\n|upkeep\n|turn|2\n|\n|t:|1700243621\n|move|p1a: Shuckle|Shell Smash|p1a: Shuckle\n|-boost|p1a: Shuckle|def|1\n|-boost|p1a: Shuckle|spd|1\n|-unboost|p1a: Shuckle|atk|2\n|-unboost|p1a: Shuckle|spa|2\n|-unboost|p1a: Shuckle|spe|2\n|move|p2a: \u5624\u5624\u5624|Misty Explosion|p1a: Shuckle\n|-damage|p1a: Shuckle|74\/100\n|faint|p2a: \u5624\u5624\u5624\n|\n|upkeep\n|\n|t:|1700243624\n|switch|p2a: \u5956\u52b1\u54e5|Melmetal, shiny|100\/100\n|turn|3\n|\n|t:|1700243635\n|-terastallize|p1a: Shuckle|Steel\n|-terastallize|p2a: \u5956\u52b1\u54e5|Steel\n|move|p1a: Shuckle|Shell Smash|p1a: Shuckle\n|-boost|p1a: Shuckle|def|1\n|-boost|p1a: Shuckle|spd|1\n|-unboost|p1a: Shuckle|atk|2\n|-unboost|p1a: Shuckle|spa|2\n|-unboost|p1a: Shuckle|spe|2\n|move|p2a: \u5956\u52b1\u54e5|Double Iron Bash|p1a: Shuckle\n|-resisted|p1a: Shuckle\n|-damage|p1a: Shuckle|59\/100\n|-resisted|p1a: Shuckle\n|-damage|p1a: Shuckle|44\/100\n|-hitcount|p1a: Shuckle|2\n|\n|upkeep\n|turn|4\n|\n|t:|1700243650\n|switch|p2a: \u80f8\u5927\u6ca1\u70e6\u607c|Ursaluna-Bloodmoon, M|100\/100\n|move|p1a: Shuckle|Shell Smash|p1a: Shuckle\n|-boost|p1a: Shuckle|def|1\n|-boost|p1a: Shuckle|spd|1\n|-unboost|p1a: Shuckle|atk|2\n|-unboost|p1a: Shuckle|spa|2\n|-unboost|p1a: Shuckle|spe|2\n|\n|upkeep\n|turn|5\n|\n|t:|1700243663\n|move|p1a: Shuckle|Shell Smash|p1a: Shuckle\n|-boost|p1a: Shuckle|def|1\n|-boost|p1a: Shuckle|spd|1\n|-unboost|p1a: Shuckle|atk|0\n|-unboost|p1a: Shuckle|spa|0\n|-unboost|p1a: Shuckle|spe|0\n|-zpower|p2a: \u80f8\u5927\u6ca1\u70e6\u607c\n|move|p2a: \u80f8\u5927\u6ca1\u70e6\u607c|Tectonic Rage|p1a: Shuckle|[zeffect]\n|-supereffective|p1a: Shuckle\n|-damage|p1a: Shuckle|0 fnt\n|faint|p1a: Shuckle\n|\n|-fieldend|move: Trick Room\n|upkeep\n|\n|t:|1700243681\n|switch|p1a: Deoxys|Deoxys-Speed, shiny|100\/100\n|-ability|p1a: Deoxys|Pressure\n|turn|6\n|\n|t:|1700243691\n|move|p1a: Deoxys|Stealth Rock|p2a: \u80f8\u5927\u6ca1\u70e6\u607c\n|-sidestart|p2: another\u306eikun5|move: Stealth Rock\n|move|p2a: \u80f8\u5927\u6ca1\u70e6\u607c|Blood Moon|p1a: Deoxys\n|-damage|p1a: Deoxys|6\/100\n|\n|upkeep\n|turn|7\n|\n|t:|1700243701\n|move|p1a: Deoxys|Taunt|p2a: \u80f8\u5927\u6ca1\u70e6\u607c\n|-start|p2a: \u80f8\u5927\u6ca1\u70e6\u607c|move: Taunt\n|move|p2a: \u80f8\u5927\u6ca1\u70e6\u607c|Earth Power|p1a: Deoxys\n|-damage|p1a: Deoxys|0 fnt\n|faint|p1a: Deoxys\n|\n|upkeep\n|\n|t:|1700243710\n|switch|p1a: Durant|Durant, F, shiny|100\/100\n|turn|8\n|\n|t:|1700243719\n|move|p1a: Durant|Entrainment|p2a: \u80f8\u5927\u6ca1\u70e6\u607c\n|-endability|p2a: \u80f8\u5927\u6ca1\u70e6\u607c|Mind's Eye|[from] move: Entrainment\n|-ability|p2a: \u80f8\u5927\u6ca1\u70e6\u607c|Truant|[from] move: Entrainment\n|move|p2a: \u80f8\u5927\u6ca1\u70e6\u607c|Earth Power|p1a: Durant\n|-damage|p1a: Durant|0 fnt\n|faint|p1a: Durant\n|\n|upkeep\n|\n|t:|1700243729\n|switch|p1a: Gothitelle|Gothitelle, F, shiny|100\/100\n|turn|9\n|\n|t:|1700243734\n|move|p1a: Gothitelle|Substitute|p1a: Gothitelle\n|-start|p1a: Gothitelle|Substitute\n|-damage|p1a: Gothitelle|75\/100\n|cant|p2a: \u80f8\u5927\u6ca1\u70e6\u607c|ability: Truant\n|\n|-end|p2a: \u80f8\u5927\u6ca1\u70e6\u607c|move: Taunt\n|upkeep\n|turn|10\n|\n|t:|1700243742\n|move|p1a: Gothitelle|Substitute|p1a: Gothitelle\n|-fail|p1a: Gothitelle|move: Substitute\n|move|p2a: \u80f8\u5927\u6ca1\u70e6\u607c|Blood Moon|p1a: Gothitelle\n|-end|p1a: Gothitelle|Substitute\n|\n|upkeep\n|turn|11\n|\n|t:|1700243750\n|move|p1a: Gothitelle|Substitute|p1a: Gothitelle\n|-start|p1a: Gothitelle|Substitute\n|-damage|p1a: Gothitelle|50\/100\n|cant|p2a: \u80f8\u5927\u6ca1\u70e6\u607c|ability: Truant\n|\n|upkeep\n|turn|12\n|\n|t:|1700243757\n|move|p1a: Gothitelle|Substitute|p1a: Gothitelle\n|-fail|p1a: Gothitelle|move: Substitute\n|move|p2a: \u80f8\u5927\u6ca1\u70e6\u607c|Earth Power|p1a: Gothitelle\n|-end|p1a: Gothitelle|Substitute\n|\n|upkeep\n|turn|13\n|\n|t:|1700243764\n|move|p1a: Gothitelle|Substitute|p1a: Gothitelle\n|-start|p1a: Gothitelle|Substitute\n|-damage|p1a: Gothitelle|25\/100\n|-enditem|p1a: Gothitelle|Starf Berry|[eat]\n|-boost|p1a: Gothitelle|spa|2|[from] item: Starf Berry\n|cant|p2a: \u80f8\u5927\u6ca1\u70e6\u607c|ability: Truant\n|\n|upkeep\n|turn|14\n|\n|t:|1700243772\n|move|p1a: Gothitelle|Protect|p1a: Gothitelle\n|-singleturn|p1a: Gothitelle|Protect\n|move|p2a: \u80f8\u5927\u6ca1\u70e6\u607c|Blood Moon|p1a: Gothitelle\n|-activate|p1a: Gothitelle|move: Protect\n|\n|upkeep\n|turn|15\n|\n|t:|1700243774\n|move|p1a: Gothitelle|Recycle|p1a: Gothitelle\n|-item|p1a: Gothitelle|Starf Berry|[from] move: Recycle\n|-enditem|p1a: Gothitelle|Starf Berry|[eat]\n|-boost|p1a: Gothitelle|spd|2|[from] item: Starf Berry\n|cant|p2a: \u80f8\u5927\u6ca1\u70e6\u607c|ability: Truant\n|\n|upkeep\n|turn|16\n|\n|t:|1700243778\n|move|p1a: Gothitelle|Protect|p1a: Gothitelle\n|-singleturn|p1a: Gothitelle|Protect\n|move|p2a: \u80f8\u5927\u6ca1\u70e6\u607c|Earth Power|p1a: Gothitelle\n|-activate|p1a: Gothitelle|move: Protect\n|\n|upkeep\n|turn|17\n|\n|t:|1700243782\n|move|p1a: Gothitelle|Recycle|p1a: Gothitelle\n|-item|p1a: Gothitelle|Starf Berry|[from] move: Recycle\n|-enditem|p1a: Gothitelle|Starf Berry|[eat]\n|-boost|p1a: Gothitelle|atk|2|[from] item: Starf Berry\n|cant|p2a: \u80f8\u5927\u6ca1\u70e6\u607c|ability: Truant\n|\n|upkeep\n|turn|18\n|\n|t:|1700243785\n|move|p1a: Gothitelle|Protect|p1a: Gothitelle\n|-singleturn|p1a: Gothitelle|Protect\n|move|p2a: \u80f8\u5927\u6ca1\u70e6\u607c|Blood Moon|p1a: Gothitelle\n|-activate|p1a: Gothitelle|move: Protect\n|\n|upkeep\n|turn|19\n|\n|t:|1700243787\n|move|p1a: Gothitelle|Recycle|p1a: Gothitelle\n|-item|p1a: Gothitelle|Starf Berry|[from] move: Recycle\n|-enditem|p1a: Gothitelle|Starf Berry|[eat]\n|-boost|p1a: Gothitelle|def|2|[from] item: Starf Berry\n|cant|p2a: \u80f8\u5927\u6ca1\u70e6\u607c|ability: Truant\n|\n|upkeep\n|turn|20\n|\n|t:|1700243805\n|move|p1a: Gothitelle|Protect|p1a: Gothitelle\n|-singleturn|p1a: Gothitelle|Protect\n|move|p2a: \u80f8\u5927\u6ca1\u70e6\u607c|Earth Power|p1a: Gothitelle\n|-activate|p1a: Gothitelle|move: Protect\n|\n|upkeep\n|turn|21\n|\n|t:|1700243808\n|move|p1a: Gothitelle|Recycle|p1a: Gothitelle\n|-item|p1a: Gothitelle|Starf Berry|[from] move: Recycle\n|-enditem|p1a: Gothitelle|Starf Berry|[eat]\n|-boost|p1a: Gothitelle|spa|2|[from] item: Starf Berry\n|cant|p2a: \u80f8\u5927\u6ca1\u70e6\u607c|ability: Truant\n|\n|upkeep\n|turn|22\n|\n|t:|1700243810\n|move|p1a: Gothitelle|Protect|p1a: Gothitelle\n|-singleturn|p1a: Gothitelle|Protect\n|move|p2a: \u80f8\u5927\u6ca1\u70e6\u607c|Earth Power|p1a: Gothitelle\n|-activate|p1a: Gothitelle|move: Protect\n|\n|upkeep\n|turn|23\n|\n|t:|1700243812\n|move|p1a: Gothitelle|Recycle|p1a: Gothitelle\n|-item|p1a: Gothitelle|Starf Berry|[from] move: Recycle\n|-enditem|p1a: Gothitelle|Starf Berry|[eat]\n|-boost|p1a: Gothitelle|spa|2|[from] item: Starf Berry\n|cant|p2a: \u80f8\u5927\u6ca1\u70e6\u607c|ability: Truant\n|\n|upkeep\n|turn|24\n|\n|t:|1700243816\n|move|p1a: Gothitelle|Protect|p1a: Gothitelle\n|-singleturn|p1a: Gothitelle|Protect\n|move|p2a: \u80f8\u5927\u6ca1\u70e6\u607c|Blood Moon|p1a: Gothitelle\n|-activate|p1a: Gothitelle|move: Protect\n|\n|upkeep\n|turn|25\n|\n|t:|1700243820\n|move|p1a: Gothitelle|Recycle|p1a: Gothitelle\n|-item|p1a: Gothitelle|Starf Berry|[from] move: Recycle\n|-enditem|p1a: Gothitelle|Starf Berry|[eat]\n|-boost|p1a: Gothitelle|spd|2|[from] item: Starf Berry\n|cant|p2a: \u80f8\u5927\u6ca1\u70e6\u607c|ability: Truant\n|\n|upkeep\n|turn|26\n|\n|t:|1700243823\n|move|p1a: Gothitelle|Protect|p1a: Gothitelle\n|-singleturn|p1a: Gothitelle|Protect\n|move|p2a: \u80f8\u5927\u6ca1\u70e6\u607c|Hyper Beam|p1a: Gothitelle\n|-activate|p1a: Gothitelle|move: Protect\n|\n|upkeep\n|turn|27\n|\n|t:|1700243826\n|move|p1a: Gothitelle|Recycle|p1a: Gothitelle\n|-item|p1a: Gothitelle|Starf Berry|[from] move: Recycle\n|-enditem|p1a: Gothitelle|Starf Berry|[eat]\n|-boost|p1a: Gothitelle|spd|2|[from] item: Starf Berry\n|cant|p2a: \u80f8\u5927\u6ca1\u70e6\u607c|ability: Truant\n|\n|upkeep\n|turn|28\n|\n|t:|1700243829\n|move|p1a: Gothitelle|Protect|p1a: Gothitelle\n|-singleturn|p1a: Gothitelle|Protect\n|move|p2a: \u80f8\u5927\u6ca1\u70e6\u607c|Hyper Beam|p1a: Gothitelle\n|-activate|p1a: Gothitelle|move: Protect\n|\n|upkeep\n|turn|29\n|\n|t:|1700243831\n|move|p1a: Gothitelle|Recycle|p1a: Gothitelle\n|-item|p1a: Gothitelle|Starf Berry|[from] move: Recycle\n|-enditem|p1a: Gothitelle|Starf Berry|[eat]\n|-boost|p1a: Gothitelle|def|2|[from] item: Starf Berry\n|cant|p2a: \u80f8\u5927\u6ca1\u70e6\u607c|ability: Truant\n|\n|upkeep\n|turn|30\n|\n|t:|1700243833\n|move|p1a: Gothitelle|Protect|p1a: Gothitelle\n|-singleturn|p1a: Gothitelle|Protect\n|move|p2a: \u80f8\u5927\u6ca1\u70e6\u607c|Blood Moon|p1a: Gothitelle\n|-activate|p1a: Gothitelle|move: Protect\n|\n|upkeep\n|turn|31\n|\n|t:|1700243836\n|move|p1a: Gothitelle|Recycle|p1a: Gothitelle\n|-item|p1a: Gothitelle|Starf Berry|[from] move: Recycle\n|-enditem|p1a: Gothitelle|Starf Berry|[eat]\n|-boost|p1a: Gothitelle|spe|2|[from] item: Starf Berry\n|cant|p2a: \u80f8\u5927\u6ca1\u70e6\u607c|ability: Truant\n|\n|upkeep\n|turn|32\n|\n|t:|1700243838\n|move|p1a: Gothitelle|Protect|p1a: Gothitelle\n|-singleturn|p1a: Gothitelle|Protect\n|move|p2a: \u80f8\u5927\u6ca1\u70e6\u607c|Hyper Beam|p1a: Gothitelle\n|-activate|p1a: Gothitelle|move: Protect\n|\n|upkeep\n|turn|33\n|\n|t:|1700243846\n|move|p1a: Gothitelle|Recycle|p1a: Gothitelle\n|-item|p1a: Gothitelle|Starf Berry|[from] move: Recycle\n|-enditem|p1a: Gothitelle|Starf Berry|[eat]\n|-boost|p1a: Gothitelle|atk|2|[from] item: Starf Berry\n|cant|p2a: \u80f8\u5927\u6ca1\u70e6\u607c|ability: Truant\n|\n|upkeep\n|turn|34\n|\n|t:|1700243854\n|move|p1a: Gothitelle|Protect|p1a: Gothitelle\n|-singleturn|p1a: Gothitelle|Protect\n|move|p2a: \u80f8\u5927\u6ca1\u70e6\u607c|Blood Moon|p1a: Gothitelle\n|-activate|p1a: Gothitelle|move: Protect\n|\n|upkeep\n|turn|35\n|\n|t:|1700243858\n|move|p1a: Gothitelle|Recycle|p1a: Gothitelle\n|-item|p1a: Gothitelle|Starf Berry|[from] move: Recycle\n|-enditem|p1a: Gothitelle|Starf Berry|[eat]\n|-boost|p1a: Gothitelle|spe|2|[from] item: Starf Berry\n|cant|p2a: \u80f8\u5927\u6ca1\u70e6\u607c|ability: Truant\n|\n|upkeep\n|turn|36\n|\n|t:|1700243868\n|move|p1a: Gothitelle|Protect|p1a: Gothitelle\n|-singleturn|p1a: Gothitelle|Protect\n|move|p2a: \u80f8\u5927\u6ca1\u70e6\u607c|Earth Power|p1a: Gothitelle\n|-activate|p1a: Gothitelle|move: Protect\n|\n|upkeep\n|turn|37\n|\n|t:|1700243888\n|move|p1a: Gothitelle|Recycle|p1a: Gothitelle\n|-item|p1a: Gothitelle|Starf Berry|[from] move: Recycle\n|-enditem|p1a: Gothitelle|Starf Berry|[eat]\n|-boost|p1a: Gothitelle|atk|2|[from] item: Starf Berry\n|cant|p2a: \u80f8\u5927\u6ca1\u70e6\u607c|ability: Truant\n|\n|upkeep\n|turn|38\n|\n|t:|1700243897\n|move|p1a: Gothitelle|Protect|p1a: Gothitelle\n|-singleturn|p1a: Gothitelle|Protect\n|move|p2a: \u80f8\u5927\u6ca1\u70e6\u607c|Earth Power|p1a: Gothitelle\n|-activate|p1a: Gothitelle|move: Protect\n|\n|upkeep\n|turn|39\n|\n|t:|1700243901\n|move|p1a: Gothitelle|Recycle|p1a: Gothitelle\n|-item|p1a: Gothitelle|Starf Berry|[from] move: Recycle\n|-enditem|p1a: Gothitelle|Starf Berry|[eat]\n|-boost|p1a: Gothitelle|spe|2|[from] item: Starf Berry\n|cant|p2a: \u80f8\u5927\u6ca1\u70e6\u607c|ability: Truant\n|\n|upkeep\n|turn|40\n|\n|t:|1700243903\n|move|p1a: Gothitelle|Protect|p1a: Gothitelle\n|-singleturn|p1a: Gothitelle|Protect\n|move|p2a: \u80f8\u5927\u6ca1\u70e6\u607c|Earth Power|p1a: Gothitelle\n|-activate|p1a: Gothitelle|move: Protect\n|\n|upkeep\n|turn|41\n|\n|t:|1700243906\n|move|p1a: Gothitelle|Recycle|p1a: Gothitelle\n|-item|p1a: Gothitelle|Starf Berry|[from] move: Recycle\n|-enditem|p1a: Gothitelle|Starf Berry|[eat]\n|-boost|p1a: Gothitelle|def|2|[from] item: Starf Berry\n|cant|p2a: \u80f8\u5927\u6ca1\u70e6\u607c|ability: Truant\n|\n|upkeep\n|turn|42\n|\n|t:|1700243909\n|move|p1a: Gothitelle|Protect|p1a: Gothitelle\n|-singleturn|p1a: Gothitelle|Protect\n|move|p2a: \u80f8\u5927\u6ca1\u70e6\u607c|Earth Power|p1a: Gothitelle\n|-activate|p1a: Gothitelle|move: Protect\n|\n|upkeep\n|turn|43\n|\n|t:|1700243911\n|move|p1a: Gothitelle|Dark Pulse|p2a: \u80f8\u5927\u6ca1\u70e6\u607c\n|-damage|p2a: \u80f8\u5927\u6ca1\u70e6\u607c|0 fnt\n|faint|p2a: \u80f8\u5927\u6ca1\u70e6\u607c\n|\n|upkeep\n|\n|t:|1700243921\n|switch|p2a: \u5956\u52b1\u54e5|Melmetal, shiny, tera:Steel|100\/100\n|-damage|p2a: \u5956\u52b1\u54e5|94\/100|[from] Stealth Rock\n|turn|44\n|\n|t:|1700243926\n|move|p1a: Gothitelle|Dark Pulse|p2a: \u5956\u52b1\u54e5\n|-damage|p2a: \u5956\u52b1\u54e5|4\/100\n|move|p2a: \u5956\u52b1\u54e5|Double Iron Bash|p1a: Gothitelle\n|-activate|p1a: Gothitelle|move: Substitute|[damage]\n|-end|p1a: Gothitelle|Substitute\n|-hitcount|p1a: Gothitelle|2\n|\n|upkeep\n|turn|45\n|\n|t:|1700243934\n|move|p1a: Gothitelle|Dark Pulse|p2a: \u5956\u52b1\u54e5\n|-damage|p2a: \u5956\u52b1\u54e5|0 fnt\n|faint|p2a: \u5956\u52b1\u54e5\n|\n|upkeep\n|\n|t:|1700243937\n|switch|p2a: \u4f60\u5e72\u561b\u554a\u54ce\u5466|Cresselia, F|100\/100\n|-damage|p2a: \u4f60\u5e72\u561b\u554a\u54ce\u5466|88\/100|[from] Stealth Rock\n|turn|46\n|\n|t:|1700243943\n|move|p1a: Gothitelle|Dark Pulse|p2a: \u4f60\u5e72\u561b\u554a\u54ce\u5466\n|-supereffective|p2a: \u4f60\u5e72\u561b\u554a\u54ce\u5466\n|-damage|p2a: \u4f60\u5e72\u561b\u554a\u54ce\u5466|0 fnt\n|faint|p2a: \u4f60\u5e72\u561b\u554a\u54ce\u5466\n|\n|upkeep\n|-message|another\u306eikun5 forfeited.\n|\n|win|JustMonika_CARR\n|raw|JustMonika_CARR's rating: 1386 &rarr; <strong>1412<\/strong><br \/>(+26 for winning)\n|raw|another\u306eikun5's rating: 1491 &rarr; <strong>1465<\/strong><br \/>(-26 for losing)\n|l|\u2606another\u306eikun5\n","uploadtime":1700243951,"views":8,"p1id":"justmonikacarr","p2id":"anotherikun5","formatid":"gen9nationaldexubers","rating":1412,"private":0,"password":""}