{"id":"gen9nationaldexubers-1990941093","p1":"Red HGSS 2023","p2":"priestdeth","format":"[Gen 9] National Dex Ubers","log":"|j|\u2606Red HGSS 2023\n|j|\u2606priestdeth\n|t:|1700017655\n|gametype|singles\n|player|p1|Red HGSS 2023|lucas|1129\n|player|p2|priestdeth|1|1131\n|teamsize|p1|6\n|teamsize|p2|6\n|gen|9\n|tier|[Gen 9] National Dex Ubers\n|rated|\n|rule|HP Percentage Mod: HP is shown in percentages\n|rule|Endless Battle Clause: Forcing endless battles is banned\n|rule|OHKO Clause: OHKO moves are banned\n|rule|Evasion Moves Clause: Evasion moves are banned\n|rule|Evasion Items Clause: Evasion items are banned\n|rule|Species Clause: Limit one of each Pok\u00e9mon\n|rule|Sleep Clause Mod: Limit one foe put to sleep\n|rule|Mega Rayquaza Clause: You cannot mega evolve Rayquaza\n|clearpoke\n|poke|p1|Pikachu, F|\n|poke|p1|Venusaur, M|\n|poke|p1|Charizard, M|\n|poke|p1|Blastoise, M|\n|poke|p1|Snorlax, M|\n|poke|p1|Kingambit, M|\n|poke|p2|Pyukumuku, M|\n|poke|p2|Iron Bundle|\n|poke|p2|Basculegion, M|\n|poke|p2|Roaring Moon|\n|poke|p2|Lilligant-Hisui, F|\n|poke|p2|Cinderace, M|\n|teampreview\n|\n|t:|1700017679\n|start\n|switch|p1a: Pikachu|Pikachu, F|100\/100\n|switch|p2a: Cinderace|Cinderace, M, shiny|100\/100\n|turn|1\n|\n|t:|1700017685\n|move|p2a: Cinderace|Focus Energy|p2a: Cinderace\n|-start|p2a: Cinderace|typechange|Normal|[from] ability: Libero\n|-start|p2a: Cinderace|move: Focus Energy\n|move|p1a: Pikachu|Volt Tackle|p2a: Cinderace\n|-damage|p2a: Cinderace|0 fnt\n|faint|p2a: Cinderace\n|-damage|p1a: Pikachu|54\/100|[from] Recoil\n|\n|upkeep\n|\n|t:|1700017694\n|switch|p2a: Roaring Moon|Roaring Moon, shiny|100\/100\n|-enditem|p2a: Roaring Moon|Booster Energy\n|-activate|p2a: Roaring Moon|ability: Protosynthesis|[fromitem]\n|-start|p2a: Roaring Moon|protosynthesisatk\n|turn|2\n|\n|t:|1700017697\n|move|p2a: Roaring Moon|Dragon Dance|p2a: Roaring Moon\n|-boost|p2a: Roaring Moon|atk|1\n|-boost|p2a: Roaring Moon|spe|1\n|move|p1a: Pikachu|Play Rough|p2a: Roaring Moon\n|-supereffective|p2a: Roaring Moon\n|-damage|p2a: Roaring Moon|0 fnt\n|faint|p2a: Roaring Moon\n|-end|p2a: Roaring Moon|Protosynthesis|[silent]\n|\n|upkeep\n|\n|t:|1700017702\n|switch|p2a: Iron Bundle|Iron Bundle, shiny|100\/100\n|-enditem|p2a: Iron Bundle|Booster Energy\n|-activate|p2a: Iron Bundle|ability: Quark Drive|[fromitem]\n|-start|p2a: Iron Bundle|quarkdrivespe\n|turn|3\n|\n|t:|1700017705\n|move|p2a: Iron Bundle|Ice Beam|p1a: Pikachu\n|-damage|p1a: Pikachu|0 fnt\n|faint|p1a: Pikachu\n|\n|upkeep\n|\n|t:|1700017710\n|switch|p1a: Snorlax|Snorlax, M|100\/100\n|turn|4\n|\n|t:|1700017713\n|move|p2a: Iron Bundle|Substitute|p2a: Iron Bundle\n|-start|p2a: Iron Bundle|Substitute\n|-damage|p2a: Iron Bundle|76\/100\n|move|p1a: Snorlax|Body Slam|p2a: Iron Bundle\n|-end|p2a: Iron Bundle|Substitute\n|\n|upkeep\n|turn|5\n|\n|t:|1700017717\n|move|p2a: Iron Bundle|Chilling Water|p1a: Snorlax\n|-damage|p1a: Snorlax|83\/100\n|-unboost|p1a: Snorlax|atk|1\n|move|p1a: Snorlax|Crunch|p2a: Iron Bundle\n|-damage|p2a: Iron Bundle|54\/100\n|\n|upkeep\n|turn|6\n|\n|t:|1700017722\n|move|p2a: Iron Bundle|Chilling Water|p1a: Snorlax\n|-damage|p1a: Snorlax|67\/100\n|-unboost|p1a: Snorlax|atk|1\n|move|p1a: Snorlax|Body Slam|p2a: Iron Bundle\n|-crit|p2a: Iron Bundle\n|-damage|p2a: Iron Bundle|0 fnt\n|faint|p2a: Iron Bundle\n|-end|p2a: Iron Bundle|Quark Drive|[silent]\n|\n|upkeep\n|\n|t:|1700017728\n|switch|p2a: Lilligant|Lilligant-Hisui, F, shiny|100\/100\n|turn|7\n|\n|t:|1700017731\n|switch|p1a: Charizard|Charizard, M, shiny|100\/100\n|move|p2a: Lilligant|Victory Dance|p2a: Lilligant\n|-boost|p2a: Lilligant|atk|1\n|-boost|p2a: Lilligant|def|1\n|-boost|p2a: Lilligant|spe|1\n|\n|upkeep\n|turn|8\n|\n|t:|1700017737\n|move|p2a: Lilligant|Ice Spinner|p1a: Charizard|[miss]\n|-miss|p2a: Lilligant|p1a: Charizard\n|move|p1a: Charizard|Flare Blitz|p2a: Lilligant\n|-supereffective|p2a: Lilligant\n|-damage|p2a: Lilligant|0 fnt\n|faint|p2a: Lilligant\n|-damage|p1a: Charizard|69\/100|[from] Recoil\n|\n|upkeep\n|\n|t:|1700017742\n|switch|p2a: Basculegion|Basculegion, M, shiny|100\/100\n|turn|9\n|\n|t:|1700017746\n|detailschange|p1a: Charizard|Charizard-Mega-X, M, shiny\n|-mega|p1a: Charizard|Charizard|Charizardite X\n|move|p2a: Basculegion|Last Respects|p1a: Charizard\n|-damage|p1a: Charizard|0 fnt\n|faint|p1a: Charizard\n|\n|upkeep\n|\n|t:|1700017751\n|switch|p1a: Snorlax|Snorlax, M|67\/100\n|turn|10\n|\n|t:|1700017753\n|move|p2a: Basculegion|Last Respects|p1a: Snorlax\n|-immune|p1a: Snorlax\n|move|p1a: Snorlax|Body Slam|p2a: Basculegion\n|-immune|p2a: Basculegion\n|\n|upkeep\n|turn|11\n|\n|t:|1700017756\n|switch|p2a: Pyukumuku|Pyukumuku, M, shiny|100\/100\n|move|p1a: Snorlax|Crunch|p2a: Pyukumuku\n|-damage|p2a: Pyukumuku|82\/100\n|\n|-heal|p2a: Pyukumuku|88\/100|[from] item: Leftovers\n|upkeep\n|turn|12\n|\n|t:|1700017759\n|switch|p1a: Venusaur|Venusaur, M|100\/100\n|move|p2a: Pyukumuku|Toxic|p1a: Venusaur\n|-immune|p1a: Venusaur\n|\n|-heal|p2a: Pyukumuku|94\/100|[from] item: Leftovers\n|upkeep\n|turn|13\n|\n|t:|1700017794\n|switch|p2a: Basculegion|Basculegion, M, shiny|100\/100\n|move|p1a: Venusaur|Giga Drain|p2a: Basculegion\n|-supereffective|p2a: Basculegion\n|-damage|p2a: Basculegion|21\/100\n|\n|upkeep\n|turn|14\n|\n|t:|1700017800\n|move|p2a: Basculegion|Last Respects|p1a: Venusaur\n|-damage|p1a: Venusaur|0 fnt\n|faint|p1a: Venusaur\n|\n|upkeep\n|\n|t:|1700017805\n|switch|p1a: Snorlax|Snorlax, M|67\/100\n|turn|15\n|\n|t:|1700017810\n|switch|p2a: Pyukumuku|Pyukumuku, M, shiny|94\/100\n|switch|p1a: Blastoise|Blastoise, M|100\/100\n|\n|-heal|p2a: Pyukumuku|100\/100|[from] item: Leftovers\n|upkeep\n|turn|16\n|\n|t:|1700017815\n|move|p1a: Blastoise|Shell Smash|p1a: Blastoise\n|-unboost|p1a: Blastoise|def|1\n|-unboost|p1a: Blastoise|spd|1\n|-boost|p1a: Blastoise|atk|2\n|-boost|p1a: Blastoise|spa|2\n|-boost|p1a: Blastoise|spe|2\n|-enditem|p1a: Blastoise|White Herb\n|-clearnegativeboost|p1a: Blastoise|[silent]\n|move|p2a: Pyukumuku|Toxic|p1a: Blastoise\n|-status|p1a: Blastoise|tox\n|\n|-damage|p1a: Blastoise|94\/100 tox|[from] psn\n|upkeep\n|turn|17\n|\n|t:|1700017825\n|move|p1a: Blastoise|Aura Sphere|p2a: Pyukumuku\n|-damage|p2a: Pyukumuku|82\/100\n|move|p2a: Pyukumuku|Counter||[still]\n|-fail|p2a: Pyukumuku\n|\n|-heal|p2a: Pyukumuku|88\/100|[from] item: Leftovers\n|-damage|p1a: Blastoise|82\/100 tox|[from] psn\n|upkeep\n|turn|18\n|\n|t:|1700017829\n|move|p1a: Blastoise|Ice Beam|p2a: Pyukumuku\n|-resisted|p2a: Pyukumuku\n|-damage|p2a: Pyukumuku|79\/100\n|move|p2a: Pyukumuku|Mirror Coat|p1a: Blastoise\n|-damage|p1a: Blastoise|62\/100 tox\n|\n|-heal|p2a: Pyukumuku|85\/100|[from] item: Leftovers\n|-damage|p1a: Blastoise|44\/100 tox|[from] psn\n|upkeep\n|turn|19\n|\n|t:|1700017848\n|move|p1a: Blastoise|Surf|p2a: Pyukumuku\n|-resisted|p2a: Pyukumuku\n|-damage|p2a: Pyukumuku|69\/100\n|move|p2a: Pyukumuku|Mirror Coat|p1a: Blastoise\n|-damage|p1a: Blastoise|12\/100 tox\n|\n|-heal|p2a: Pyukumuku|75\/100|[from] item: Leftovers\n|-damage|p1a: Blastoise|0 fnt|[from] psn\n|faint|p1a: Blastoise\n|upkeep\n|\n|t:|1700017856\n|switch|p1a: Snorlax|Snorlax, M|67\/100\n|turn|20\n|\n|t:|1700017885\n|move|p1a: Snorlax|Body Slam|p2a: Pyukumuku\n|-damage|p2a: Pyukumuku|42\/100\n|move|p2a: Pyukumuku|Toxic|p1a: Snorlax\n|-status|p1a: Snorlax|tox\n|\n|-heal|p2a: Pyukumuku|48\/100|[from] item: Leftovers\n|-damage|p1a: Snorlax|61\/100 tox|[from] psn\n|upkeep\n|turn|21\n|\n|t:|1700017890\n|move|p1a: Snorlax|Body Slam|p2a: Pyukumuku\n|-damage|p2a: Pyukumuku|17\/100\n|-status|p2a: Pyukumuku|par\n|cant|p2a: Pyukumuku|par\n|\n|-heal|p2a: Pyukumuku|23\/100 par|[from] item: Leftovers\n|-damage|p1a: Snorlax|48\/100 tox|[from] psn\n|upkeep\n|turn|22\n|\n|t:|1700017910\n|move|p1a: Snorlax|Body Slam|p2a: Pyukumuku\n|-crit|p2a: Pyukumuku\n|-damage|p2a: Pyukumuku|0 fnt\n|faint|p2a: Pyukumuku\n|\n|-damage|p1a: Snorlax|30\/100 tox|[from] psn\n|upkeep\n|\n|t:|1700017914\n|switch|p2a: Basculegion|Basculegion, M, shiny|21\/100\n|turn|23\n|\n|t:|1700017918\n|move|p2a: Basculegion|Flip Turn|p1a: Snorlax\n|-damage|p1a: Snorlax|0 fnt\n|faint|p1a: Snorlax\n|\n|upkeep\n|\n|t:|1700017921\n|switch|p1a: Kingambit|Kingambit, M|100\/100\n|-activate|p1a: Kingambit|ability: Supreme Overlord\n|-start|p1a: Kingambit|fallen5|[silent]\n|turn|24\n|inactive|Battle timer is ON: inactive players will automatically lose when time's up. (requested by Red HGSS 2023)\n|c|\u2606Red HGSS 2023|GG\n|inactive|priestdeth has 120 seconds left.\n|\n|t:|1700017995\n|move|p2a: Basculegion|Flip Turn|p1a: Kingambit\n|-damage|p1a: Kingambit|68\/100\n|move|p1a: Kingambit|Swords Dance|p1a: Kingambit\n|-boost|p1a: Kingambit|atk|2\n|\n|-heal|p1a: Kingambit|75\/100|[from] item: Leftovers\n|upkeep\n|turn|25\n|\n|t:|1700018000\n|-terastallize|p2a: Basculegion|Normal\n|move|p2a: Basculegion|Flip Turn|p1a: Kingambit\n|-damage|p1a: Kingambit|53\/100\n|move|p1a: Kingambit|Kowtow Cleave|p2a: Basculegion\n|-damage|p2a: Basculegion|0 fnt\n|faint|p2a: Basculegion\n|\n|win|Red HGSS 2023\n|raw|Red HGSS 2023's rating: 1129 &rarr; <strong>1154<\/strong><br \/>(+25 for winning)\n|raw|priestdeth's rating: 1131 &rarr; <strong>1106<\/strong><br \/>(-25 for losing)\n","uploadtime":1700018007,"views":6,"p1id":"redhgss2023","p2id":"priestdeth","formatid":"gen9nationaldexubers","rating":1106,"private":0,"password":""}