{"id":"gen9nationaldexubers-1991657440","p1":"dangvu2k5D","p2":"EABL XD","format":"[Gen 9] National Dex Ubers","log":"|j|\u2606dangvu2k5D\n|j|\u2606EABL XD\n|t:|1700099272\n|gametype|singles\n|player|p1|dangvu2k5D|2|1317\n|player|p2|EABL XD|gambler|1240\n|teamsize|p1|6\n|teamsize|p2|6\n|gen|9\n|tier|[Gen 9] National Dex Ubers\n|rated|\n|rule|HP Percentage Mod: HP is shown in percentages\n|rule|Endless Battle Clause: Forcing endless battles is banned\n|rule|OHKO Clause: OHKO moves are banned\n|rule|Evasion Moves Clause: Evasion moves are banned\n|rule|Evasion Items Clause: Evasion items are banned\n|rule|Species Clause: Limit one of each Pok\u00e9mon\n|rule|Sleep Clause Mod: Limit one foe put to sleep\n|rule|Mega Rayquaza Clause: You cannot mega evolve Rayquaza\n|clearpoke\n|poke|p1|Beedrill, M|\n|poke|p1|Iron Bundle|\n|poke|p1|Moltres|\n|poke|p1|Registeel|\n|poke|p1|Groudon|\n|poke|p1|Murkrow, F|\n|poke|p2|Ho-Oh|\n|poke|p2|Arceus-Ghost|\n|poke|p2|Naganadel|\n|poke|p2|Galvantula, F|\n|poke|p2|Iron Treads|\n|poke|p2|Groudon|\n|teampreview\n|\n|t:|1700099276\n|start\n|switch|p1a: Groudon|Groudon|100\/100\n|switch|p2a: Tula|Galvantula, F|100\/100\n|detailschange|p1a: Groudon|Groudon-Primal\n|-primal|p1a: Groudon|Red Orb\n|-weather|DesolateLand|[from] ability: Desolate Land|[of] p1a: Groudon\n|turn|1\n|inactive|Battle timer is ON: inactive players will automatically lose when time's up. (requested by dangvu2k5D)\n|\n|t:|1700099290\n|move|p2a: Tula|Sticky Web|p1a: Groudon\n|-sidestart|p1: dangvu2k5D|move: Sticky Web\n|move|p1a: Groudon|Heat Crash|p2a: Tula\n|-supereffective|p2a: Tula\n|-enditem|p2a: Tula|Focus Sash\n|-damage|p2a: Tula|1\/100\n|\n|-weather|DesolateLand|[upkeep]\n|upkeep\n|turn|2\n|\n|t:|1700099303\n|move|p2a: Tula|Bug Buzz|p1a: Groudon\n|-resisted|p1a: Groudon\n|-damage|p1a: Groudon|82\/100\n|move|p1a: Groudon|Heat Crash|p2a: Tula\n|-supereffective|p2a: Tula\n|-damage|p2a: Tula|0 fnt\n|faint|p2a: Tula\n|\n|-weather|DesolateLand|[upkeep]\n|upkeep\n|\n|t:|1700099306\n|switch|p2a: Iron Treads|Iron Treads|100\/100\n|-enditem|p2a: Iron Treads|Booster Energy\n|-activate|p2a: Iron Treads|ability: Quark Drive|[fromitem]\n|-start|p2a: Iron Treads|quarkdriveatk\n|turn|3\n|\n|t:|1700099317\n|move|p2a: Iron Treads|Stealth Rock|p1a: Groudon\n|-sidestart|p1: dangvu2k5D|move: Stealth Rock\n|move|p1a: Groudon|Precipice Blades|p2a: Iron Treads\n|-supereffective|p2a: Iron Treads\n|-damage|p2a: Iron Treads|0 fnt\n|faint|p2a: Iron Treads\n|-end|p2a: Iron Treads|Quark Drive|[silent]\n|\n|-weather|DesolateLand|[upkeep]\n|upkeep\n|\n|t:|1700099343\n|switch|p2a: P\u00e1jaro Feo|Ho-Oh, shiny|100\/100\n|turn|4\n|\n|t:|1700099348\n|-zpower|p2a: P\u00e1jaro Feo\n|move|p2a: P\u00e1jaro Feo|Z-Celebrate|p2a: P\u00e1jaro Feo|[anim]Celebrate\n|-boost|p2a: P\u00e1jaro Feo|atk|1|[zeffect]\n|-boost|p2a: P\u00e1jaro Feo|def|1|[zeffect]\n|-boost|p2a: P\u00e1jaro Feo|spa|1|[zeffect]\n|-boost|p2a: P\u00e1jaro Feo|spd|1|[zeffect]\n|-boost|p2a: P\u00e1jaro Feo|spe|1|[zeffect]\n|-activate|p2a: P\u00e1jaro Feo|move: Celebrate\n|move|p1a: Groudon|Stone Edge|p2a: P\u00e1jaro Feo\n|-supereffective|p2a: P\u00e1jaro Feo\n|-damage|p2a: P\u00e1jaro Feo|0 fnt\n|faint|p2a: P\u00e1jaro Feo\n|\n|-weather|DesolateLand|[upkeep]\n|upkeep\n|inactive|EABL XD has 120 seconds left.\n|\n|t:|1700099386\n|switch|p2a: Don|Groudon, shiny|100\/100\n|detailschange|p2a: Don|Groudon-Primal, shiny\n|-primal|p2a: Don|Red Orb\n|turn|5\n|\n|t:|1700099392\n|move|p2a: Don|Earthquake|p1a: Groudon\n|-supereffective|p1a: Groudon\n|-damage|p1a: Groudon|4\/100\n|move|p1a: Groudon|Precipice Blades|p2a: Don\n|-supereffective|p2a: Don\n|-damage|p2a: Don|0 fnt\n|faint|p2a: Don\n|\n|-weather|DesolateLand|[upkeep]\n|upkeep\n|\n|t:|1700099397\n|switch|p2a: Wasp|Naganadel, shiny|100\/100\n|turn|6\n|\n|t:|1700099403\n|move|p2a: Wasp|Dragon Pulse|p1a: Groudon\n|-damage|p1a: Groudon|0 fnt\n|faint|p1a: Groudon\n|-weather|none\n|-ability|p2a: Wasp|Beast Boost|boost\n|-boost|p2a: Wasp|spa|1\n|\n|upkeep\n|\n|t:|1700099410\n|switch|p1a: Moltres|Moltres|100\/100\n|turn|7\n|inactive|EABL XD has 120 seconds left.\n|inactive|EABL XD has 90 seconds left.\n|\n|t:|1700099470\n|-terastallize|p2a: Wasp|Poison\n|move|p2a: Wasp|Sludge Bomb|p1a: Moltres\n|-damage|p1a: Moltres|0 fnt\n|faint|p1a: Moltres\n|-ability|p2a: Wasp|Beast Boost|boost\n|-boost|p2a: Wasp|spa|1\n|\n|upkeep\n|\n|t:|1700099489\n|switch|p1a: Murkrow|Murkrow, F|100\/100\n|-damage|p1a: Murkrow|76\/100|[from] Stealth Rock\n|turn|8\n|inactive|EABL XD has 90 seconds left.\n|\n|t:|1700099499\n|move|p1a: Murkrow|Haze|p1a: Murkrow\n|-clearallboost\n|move|p2a: Wasp|Sludge Bomb|p1a: Murkrow\n|-damage|p1a: Murkrow|1\/100\n|\n|upkeep\n|turn|9\n|\n|t:|1700099508\n|move|p1a: Murkrow|Thunder Wave|p2a: Wasp\n|-status|p2a: Wasp|par\n|move|p2a: Wasp|Sludge Bomb|p1a: Murkrow\n|-damage|p1a: Murkrow|0 fnt\n|faint|p1a: Murkrow\n|-ability|p2a: Wasp|Beast Boost|boost\n|-boost|p2a: Wasp|spa|1\n|\n|upkeep\n|\n|t:|1700099521\n|switch|p1a: Registeel|Registeel|100\/100\n|-activate|p1a: Registeel|move: Sticky Web\n|-fail|p1a: Registeel|unboost|[from] ability: Clear Body|[of] p1a: Registeel\n|-damage|p1a: Registeel|95\/100|[from] Stealth Rock\n|turn|10\n|\n|t:|1700099537\n|move|p2a: Wasp|Flamethrower|p1a: Registeel\n|-supereffective|p1a: Registeel\n|-damage|p1a: Registeel|30\/100\n|move|p1a: Registeel|Substitute|p1a: Registeel\n|-start|p1a: Registeel|Substitute\n|-damage|p1a: Registeel|5\/100\n|\n|-heal|p1a: Registeel|11\/100|[from] item: Leftovers\n|upkeep\n|turn|11\n|\n|t:|1700099548\n|-terastallize|p1a: Registeel|Fighting\n|move|p2a: Wasp|Flamethrower|p1a: Registeel\n|-end|p1a: Registeel|Substitute\n|move|p1a: Registeel|Body Press|p2a: Wasp\n|-resisted|p2a: Wasp\n|-damage|p2a: Wasp|63\/100 par\n|\n|-heal|p1a: Registeel|17\/100|[from] item: Leftovers\n|upkeep\n|turn|12\n|\n|t:|1700099559\n|cant|p2a: Wasp|par\n|move|p1a: Registeel|Body Press|p2a: Wasp\n|-resisted|p2a: Wasp\n|-damage|p2a: Wasp|23\/100 par\n|\n|-heal|p1a: Registeel|23\/100|[from] item: Leftovers\n|upkeep\n|turn|13\n|\n|t:|1700099568\n|cant|p2a: Wasp|par\n|move|p1a: Registeel|Body Press|p2a: Wasp\n|-resisted|p2a: Wasp\n|-damage|p2a: Wasp|0 fnt\n|faint|p2a: Wasp\n|\n|-heal|p1a: Registeel|29\/100|[from] item: Leftovers\n|upkeep\n|\n|t:|1700099570\n|switch|p2a: Arceus|Arceus-Ghost|100\/100\n|turn|14\n|\n|t:|1700099581\n|move|p2a: Arceus|Judgment|p1a: Registeel\n|-damage|p1a: Registeel|0 fnt\n|faint|p1a: Registeel\n|\n|upkeep\n|\n|t:|1700099586\n|switch|p1a: Iron Bundle|Iron Bundle|100\/100\n|-activate|p1a: Iron Bundle|move: Sticky Web\n|-unboost|p1a: Iron Bundle|spe|1\n|-damage|p1a: Iron Bundle|76\/100|[from] Stealth Rock\n|-enditem|p1a: Iron Bundle|Booster Energy\n|-activate|p1a: Iron Bundle|ability: Quark Drive|[fromitem]\n|-start|p1a: Iron Bundle|quarkdrivespa\n|turn|15\n|\n|t:|1700099596\n|move|p2a: Arceus|Aura Sphere|p1a: Iron Bundle\n|-supereffective|p1a: Iron Bundle\n|-damage|p1a: Iron Bundle|0 fnt\n|faint|p1a: Iron Bundle\n|-end|p1a: Iron Bundle|Quark Drive|[silent]\n|\n|upkeep\n|\n|t:|1700099601\n|switch|p1a: Beedrill|Beedrill, M|100\/100\n|-activate|p1a: Beedrill|move: Sticky Web\n|-unboost|p1a: Beedrill|spe|1\n|-damage|p1a: Beedrill|75\/100|[from] Stealth Rock\n|turn|16\n|\n|t:|1700099608\n|move|p2a: Arceus|Judgment|p1a: Beedrill\n|-damage|p1a: Beedrill|1\/100\n|move|p1a: Beedrill|X-Scissor|p2a: Arceus\n|-resisted|p2a: Arceus\n|-damage|p2a: Arceus|91\/100\n|\n|upkeep\n|turn|17\n|-message|dangvu2k5D forfeited.\n|\n|win|EABL XD\n|raw|dangvu2k5D's rating: 1317 &rarr; <strong>1293<\/strong><br \/>(-24 for losing)\n|raw|EABL XD's rating: 1240 &rarr; <strong>1270<\/strong><br \/>(+30 for winning)\n","uploadtime":1700099619,"views":9,"p1id":"dangvu2k5d","p2id":"eablxd","formatid":"gen9nationaldexubers","rating":1270,"private":0,"password":""}