{"id":"gen9nationaldexubers-1988623112","p1":"samthedingus","p2":"KingoftheTitans","format":"[Gen 9] National Dex Ubers","log":"|j|\u2606samthedingus\n|j|\u2606KingoftheTitans\n|t:|1699743113\n|gametype|singles\n|player|p1|samthedingus|acetrainer-gen4dp|1378\n|player|p2|KingoftheTitans|170|1312\n|teamsize|p1|6\n|teamsize|p2|6\n|gen|9\n|tier|[Gen 9] National Dex Ubers\n|rated|\n|rule|HP Percentage Mod: HP is shown in percentages\n|rule|Endless Battle Clause: Forcing endless battles is banned\n|rule|OHKO Clause: OHKO moves are banned\n|rule|Evasion Moves Clause: Evasion moves are banned\n|rule|Evasion Items Clause: Evasion items are banned\n|rule|Species Clause: Limit one of each Pok\u00e9mon\n|rule|Sleep Clause Mod: Limit one foe put to sleep\n|rule|Mega Rayquaza Clause: You cannot mega evolve Rayquaza\n|clearpoke\n|poke|p1|Kyogre|\n|poke|p1|Eternatus|\n|poke|p1|Arceus|\n|poke|p1|Melmetal|\n|poke|p1|Xerneas-*|\n|poke|p1|Kyurem-Black|\n|poke|p2|Dugtrio, M|\n|poke|p2|Latios, M|\n|poke|p2|Mawile, F|\n|poke|p2|Ogerpon-Hearthflame, F|\n|poke|p2|Tornadus-Therian, M|\n|poke|p2|Iron Hands|\n|teampreview\n|inactive|Battle timer is ON: inactive players will automatically lose when time's up. (requested by samthedingus)\n|\n|t:|1699743132\n|start\n|switch|p1a: Acceptance.|Xerneas|100\/100\n|switch|p2a: Dugtrio|Dugtrio, M|100\/100\n|-ability|p1a: Acceptance.|Fairy Aura\n|turn|1\n|\n|t:|1699743144\n|move|p2a: Dugtrio|Stealth Rock|p1a: Acceptance.\n|-sidestart|p1: samthedingus|move: Stealth Rock\n|move|p1a: Acceptance.|Geomancy||[still]\n|-prepare|p1a: Acceptance.|Geomancy\n|-enditem|p1a: Acceptance.|Power Herb\n|-anim|p1a: Acceptance.|Geomancy|p1a: Acceptance.\n|-boost|p1a: Acceptance.|spa|2\n|-boost|p1a: Acceptance.|spd|2\n|-boost|p1a: Acceptance.|spe|2\n|\n|upkeep\n|turn|2\n|\n|t:|1699743157\n|move|p1a: Acceptance.|Geomancy||[still]\n|-prepare|p1a: Acceptance.|Geomancy\n|move|p2a: Dugtrio|Memento|p1a: Acceptance.\n|-unboost|p1a: Acceptance.|atk|2\n|-unboost|p1a: Acceptance.|spa|2\n|faint|p2a: Dugtrio\n|\n|upkeep\n|\n|t:|1699743162\n|switch|p2a: Mawile|Mawile, F|100\/100\n|-ability|p2a: Mawile|Intimidate|boost\n|-unboost|p1a: Acceptance.|atk|1\n|turn|3\n|\n|t:|1699743167\n|detailschange|p2a: Mawile|Mawile-Mega, F\n|-mega|p2a: Mawile|Mawile|Mawilite\n|move|p1a: Acceptance.|Geomancy|p1a: Acceptance.|[from]lockedmove\n|-boost|p1a: Acceptance.|spa|2\n|-boost|p1a: Acceptance.|spd|2\n|-boost|p1a: Acceptance.|spe|2\n|move|p2a: Mawile|Iron Head|p1a: Acceptance.\n|-supereffective|p1a: Acceptance.\n|-damage|p1a: Acceptance.|0 fnt\n|faint|p1a: Acceptance.\n|\n|upkeep\n|c|\u2606samthedingus|haha I had to\n|c|\u2606KingoftheTitans|??????????\n|c|\u2606KingoftheTitans|Why?\n|c|\u2606samthedingus|fun\n|\n|t:|1699743190\n|switch|p1a: Ben|Melmetal|100\/100\n|-damage|p1a: Ben|94\/100|[from] Stealth Rock\n|turn|4\n|c|\u2606KingoftheTitans|Okay then...\n|c|\u2606samthedingus|I don't use x much\n|c|\u2606samthedingus|he kills me mostly\n|\n|t:|1699743206\n|switch|p2a: Tornadus|Tornadus-Therian, M|100\/100\n|move|p1a: Ben|Double Iron Bash|p2a: Tornadus\n|-damage|p2a: Tornadus|44\/100\n|-damage|p2a: Tornadus|0 fnt\n|faint|p2a: Tornadus\n|-hitcount|p2: Tornadus|2\n|\n|upkeep\n|\n|t:|1699743213\n|switch|p2a: Ogerpon|Ogerpon-Hearthflame, F|100\/100\n|-ability|p2a: Ogerpon|Mold Breaker\n|turn|5\n|\n|t:|1699743228\n|switch|p1a: Maybe|Eternatus|100\/100\n|-damage|p1a: Maybe|88\/100|[from] Stealth Rock\n|-ability|p1a: Maybe|Pressure\n|-terastallize|p2a: Ogerpon|Fire\n|detailschange|p2a: Ogerpon|Ogerpon-Hearthflame-Tera, F, tera:Fire\n|-ability|p2a: Ogerpon|Embody Aspect (Hearthflame)|boost\n|-boost|p2a: Ogerpon|atk|1\n|move|p2a: Ogerpon|Ivy Cudgel|p1a: Maybe\n|-resisted|p1a: Maybe\n|-damage|p1a: Maybe|43\/100\n|\n|upkeep\n|turn|6\n|\n|t:|1699743242\n|switch|p2a: Mawile|Mawile-Mega, F|100\/100\n|move|p1a: Maybe|Poison Jab|p2a: Mawile\n|-immune|p2a: Mawile\n|\n|upkeep\n|turn|7\n|\n|t:|1699743249\n|move|p1a: Maybe|Recover|p1a: Maybe\n|-heal|p1a: Maybe|93\/100\n|move|p2a: Mawile|Play Rough|p1a: Maybe\n|-damage|p1a: Maybe|32\/100\n|-damage|p2a: Mawile|84\/100|[from] item: Rocky Helmet|[of] p1a: Maybe\n|\n|upkeep\n|turn|8\n|c|\u2606KingoftheTitans|POISON JAB???\n|\n|t:|1699743257\n|move|p1a: Maybe|Toxic Spikes|p2a: Mawile\n|-sidestart|p2: KingoftheTitans|move: Toxic Spikes\n|move|p2a: Mawile|Iron Head|p1a: Maybe\n|-damage|p1a: Maybe|0 fnt\n|-damage|p2a: Mawile|67\/100|[from] item: Rocky Helmet|[of] p1a: Maybe\n|faint|p1a: Maybe\n|\n|upkeep\n|\n|t:|1699743272\n|switch|p1a: Ben|Melmetal|94\/100\n|-damage|p1a: Ben|88\/100|[from] Stealth Rock\n|turn|9\n|\n|t:|1699743286\n|move|p2a: Mawile|Play Rough|p1a: Ben\n|-resisted|p1a: Ben\n|-damage|p1a: Ben|66\/100\n|move|p1a: Ben|Earthquake|p2a: Mawile\n|-supereffective|p2a: Mawile\n|-damage|p2a: Mawile|0 fnt\n|faint|p2a: Mawile\n|\n|upkeep\n|c|\u2606samthedingus|haha\n|\n|t:|1699743293\n|switch|p2a: Latios|Latios, M|100\/100\n|turn|10\n|c|\u2606samthedingus|my whole team at this point is in thought of xerneas\n|c|\u2606samthedingus|always gets me\n|\n|t:|1699743310\n|move|p2a: Latios|Aura Sphere|p1a: Ben\n|-supereffective|p1a: Ben\n|-damage|p1a: Ben|13\/100\n|-damage|p2a: Latios|91\/100|[from] item: Life Orb\n|move|p1a: Ben|Double Iron Bash|p2a: Latios\n|-damage|p2a: Latios|25\/100\n|-damage|p2a: Latios|0 fnt\n|faint|p2a: Latios\n|-hitcount|p2: Latios|2\n|\n|upkeep\n|c|\u2606KingoftheTitans|Bruh\n|c|\u2606samthedingus|haha\n|c|\u2606KingoftheTitans|Did you max out on Sp Def?\n|\n|t:|1699743322\n|switch|p2a: Ogerpon|Ogerpon-Hearthflame-Tera, F, tera:Fire|100\/100\n|-status|p2a: Ogerpon|psn\n|-ability|p2a: Ogerpon|Embody Aspect (Hearthflame)|boost\n|-boost|p2a: Ogerpon|atk|1\n|turn|11\n|c|\u2606samthedingus|av\n|\n|t:|1699743329\n|move|p2a: Ogerpon|Horn Leech|p1a: Ben\n|-resisted|p1a: Ben\n|-damage|p1a: Ben|0 fnt\n|faint|p1a: Ben\n|\n|-damage|p2a: Ogerpon|88\/100 psn|[from] psn\n|upkeep\n|c|\u2606KingoftheTitans|Av?\n|\n|t:|1699743346\n|switch|p1a: Kenshi|Kyogre|100\/100\n|-damage|p1a: Kenshi|88\/100|[from] Stealth Rock\n|detailschange|p1a: Kenshi|Kyogre-Primal\n|-primal|p1a: Kenshi|Blue Orb\n|-weather|PrimordialSea|[from] ability: Primordial Sea|[of] p1a: Kenshi\n|turn|12\n|c|\u2606samthedingus|assault vest\n|c|\u2606KingoftheTitans|Oh\n|c|\u2606KingoftheTitans|Wait\n|c|\u2606KingoftheTitans|That makes sense\n|c|\u2606samthedingus|he a good fat boy\n|c|\u2606samthedingus|anti sub\n|inactive|samthedingus has 120 seconds left.\n|\n|t:|1699743371\n|move|p2a: Ogerpon|Horn Leech|p1a: Kenshi\n|-supereffective|p1a: Kenshi\n|-damage|p1a: Kenshi|0 fnt\n|-heal|p2a: Ogerpon|100\/100 psn|[from] drain|[of] p1a: Kenshi\n|faint|p1a: Kenshi\n|-weather|none\n|\n|-damage|p2a: Ogerpon|88\/100 psn|[from] psn\n|upkeep\n|inactive|samthedingus has 120 seconds left.\n|inactive|samthedingus has 90 seconds left.\n|\n|t:|1699743411\n|switch|p1a: IT GOT WORSE|Arceus, shiny|100\/100\n|-damage|p1a: IT GOT WORSE|88\/100|[from] Stealth Rock\n|turn|13\n|\n|t:|1699743418\n|-terastallize|p1a: IT GOT WORSE|Normal\n|move|p1a: IT GOT WORSE|Extreme Speed|p2a: Ogerpon\n|-damage|p2a: Ogerpon|0 fnt\n|faint|p2a: Ogerpon\n|\n|upkeep\n|\n|t:|1699743424\n|switch|p2a: Iron Hands|Iron Hands|100\/100\n|-status|p2a: Iron Hands|psn\n|-enditem|p2a: Iron Hands|Booster Energy\n|-activate|p2a: Iron Hands|ability: Quark Drive|[fromitem]\n|-start|p2a: Iron Hands|quarkdriveatk\n|turn|14\n|\n|t:|1699743436\n|move|p1a: IT GOT WORSE|Extreme Speed|p2a: Iron Hands\n|-damage|p2a: Iron Hands|60\/100 psn\n|move|p2a: Iron Hands|Drain Punch|p1a: IT GOT WORSE\n|-supereffective|p1a: IT GOT WORSE\n|-damage|p1a: IT GOT WORSE|10\/100\n|-heal|p2a: Iron Hands|94\/100 psn|[from] drain|[of] p1a: IT GOT WORSE\n|\n|-damage|p2a: Iron Hands|82\/100 psn|[from] psn\n|upkeep\n|turn|15\n|c|\u2606samthedingus|uh oh\n|\n|t:|1699743447\n|move|p1a: IT GOT WORSE|Earthquake|p2a: Iron Hands\n|-supereffective|p2a: Iron Hands\n|-damage|p2a: Iron Hands|34\/100 psn\n|move|p2a: Iron Hands|Drain Punch|p1a: IT GOT WORSE\n|-supereffective|p1a: IT GOT WORSE\n|-damage|p1a: IT GOT WORSE|0 fnt\n|-heal|p2a: Iron Hands|38\/100 psn|[from] drain|[of] p1a: IT GOT WORSE\n|faint|p1a: IT GOT WORSE\n|\n|-damage|p2a: Iron Hands|26\/100 psn|[from] psn\n|upkeep\n|\n|t:|1699743456\n|switch|p1a: Exo|Kyurem-Black|100\/100\n|-damage|p1a: Exo|76\/100|[from] Stealth Rock\n|-ability|p1a: Exo|Teravolt\n|turn|16\n|c|\u2606samthedingus|gg\n|c|\u2606KingoftheTitans|oh boi\n|c|\u2606KingoftheTitans|gg\n|\n|t:|1699743464\n|move|p1a: Exo|Outrage|p2a: Iron Hands\n|-crit|p2a: Iron Hands\n|-damage|p2a: Iron Hands|0 fnt\n|faint|p2a: Iron Hands\n|-end|p2a: Iron Hands|Quark Drive|[silent]\n|\n|win|samthedingus\n|raw|samthedingus's rating: 1378 &rarr; <strong>1394<\/strong><br \/>(+16 for winning)\n|raw|KingoftheTitans's rating: 1312 &rarr; <strong>1296<\/strong><br \/>(-16 for losing)\n|c|\u2606samthedingus|<3\n|c|\u2606KingoftheTitans|gg\n|l|\u2606samthedingus\n","uploadtime":1699743476,"views":18,"p1id":"samthedingus","p2id":"kingofthetitans","formatid":"gen9nationaldexubers","rating":1296,"private":0,"password":""}