{"id":"gen9nationaldexubers-1990167495","p1":"uog4hjlkfdjkg","p2":"ShriveledMonkey","format":"[Gen 9] National Dex Ubers","log":"|j|\u2606uog4hjlkfdjkg\n|j|\u2606ShriveledMonkey\n|t:|1699932066\n|gametype|singles\n|player|p1|uog4hjlkfdjkg|n|1036\n|player|p2|ShriveledMonkey|265|1086\n|teamsize|p1|6\n|teamsize|p2|6\n|gen|9\n|tier|[Gen 9] National Dex Ubers\n|rated|\n|rule|HP Percentage Mod: HP is shown in percentages\n|rule|Endless Battle Clause: Forcing endless battles is banned\n|rule|OHKO Clause: OHKO moves are banned\n|rule|Evasion Moves Clause: Evasion moves are banned\n|rule|Evasion Items Clause: Evasion items are banned\n|rule|Species Clause: Limit one of each Pok\u00e9mon\n|rule|Sleep Clause Mod: Limit one foe put to sleep\n|rule|Mega Rayquaza Clause: You cannot mega evolve Rayquaza\n|clearpoke\n|poke|p1|Xerneas-*|\n|poke|p1|Kyurem-White|\n|poke|p1|Annihilape, F|\n|poke|p1|Blaziken, F|\n|poke|p1|Alakazam, M|\n|poke|p1|Zygarde|\n|poke|p2|Raichu-Alola, F|\n|poke|p2|Corviknight, M|\n|poke|p2|Skeledirge, F|\n|poke|p2|Glimmora, F|\n|poke|p2|Lunala|\n|poke|p2|Copperajah, F|\n|teampreview\n|\n|t:|1699932075\n|start\n|switch|p1a: Annihilape|Annihilape, F|100\/100\n|switch|p2a: Corviknight|Corviknight, M|100\/100\n|-ability|p2a: Corviknight|Pressure\n|turn|1\n|\n|t:|1699932089\n|move|p1a: Annihilape|Rage Fist|p2a: Corviknight\n|-damage|p2a: Corviknight|76\/100\n|move|p2a: Corviknight|Brave Bird|p1a: Annihilape\n|-supereffective|p1a: Annihilape\n|-damage|p1a: Annihilape|11\/100\n|-damage|p2a: Corviknight|49\/100|[from] Recoil\n|\n|-heal|p2a: Corviknight|55\/100|[from] item: Leftovers\n|upkeep\n|turn|2\n|\n|t:|1699932099\n|move|p1a: Annihilape|Rage Fist|p2a: Corviknight\n|-damage|p2a: Corviknight|6\/100\n|move|p2a: Corviknight|Brave Bird|p1a: Annihilape\n|-supereffective|p1a: Annihilape\n|-crit|p1a: Annihilape\n|-damage|p1a: Annihilape|0 fnt\n|faint|p1a: Annihilape\n|-damage|p2a: Corviknight|3\/100|[from] Recoil\n|\n|-heal|p2a: Corviknight|9\/100|[from] item: Leftovers\n|upkeep\n|\n|t:|1699932115\n|switch|p1a: Blaziken|Blaziken, F|100\/100\n|turn|3\n|\n|t:|1699932120\n|move|p1a: Blaziken|Protect|p1a: Blaziken\n|-singleturn|p1a: Blaziken|Protect\n|move|p2a: Corviknight|Brave Bird|p1a: Blaziken\n|-activate|p1a: Blaziken|move: Protect\n|\n|-heal|p2a: Corviknight|16\/100|[from] item: Leftovers\n|-ability|p1a: Blaziken|Speed Boost|boost\n|-boost|p1a: Blaziken|spe|1\n|upkeep\n|turn|4\n|\n|t:|1699932136\n|detailschange|p1a: Blaziken|Blaziken-Mega, F\n|-mega|p1a: Blaziken|Blaziken|Blazikenite\n|move|p1a: Blaziken|High Jump Kick|p2a: Corviknight\n|-damage|p2a: Corviknight|0 fnt\n|faint|p2a: Corviknight\n|\n|-ability|p1a: Blaziken|Speed Boost|boost\n|-boost|p1a: Blaziken|spe|1\n|upkeep\n|\n|t:|1699932151\n|switch|p2a: Lunala|Lunala|100\/100\n|turn|5\n|inactive|Battle timer is ON: inactive players will automatically lose when time's up. (requested by uog4hjlkfdjkg)\n|\n|t:|1699932159\n|move|p1a: Blaziken|Blaze Kick|p2a: Lunala\n|-damage|p2a: Lunala|74\/100\n|move|p2a: Lunala|Psyshock|p1a: Blaziken\n|-supereffective|p1a: Blaziken\n|-damage|p1a: Blaziken|0 fnt\n|faint|p1a: Blaziken\n|\n|upkeep\n|\n|t:|1699932171\n|switch|p1a: Alakazam|Alakazam, M|100\/100\n|turn|6\n|\n|t:|1699932180\n|switch|p2a: Skeledirge|Skeledirge, F|100\/100\n|move|p1a: Alakazam|Shadow Ball|p2a: Skeledirge\n|-supereffective|p2a: Skeledirge\n|-damage|p2a: Skeledirge|62\/100\n|\n|upkeep\n|turn|7\n|\n|t:|1699932192\n|move|p1a: Alakazam|Shadow Ball|p2a: Skeledirge\n|-supereffective|p2a: Skeledirge\n|-damage|p2a: Skeledirge|20\/100\n|move|p2a: Skeledirge|Will-O-Wisp|p1a: Alakazam\n|-status|p1a: Alakazam|brn\n|\n|upkeep\n|turn|8\n|\n|t:|1699932202\n|move|p1a: Alakazam|Shadow Ball|p2a: Skeledirge\n|-supereffective|p2a: Skeledirge\n|-damage|p2a: Skeledirge|0 fnt\n|faint|p2a: Skeledirge\n|\n|upkeep\n|\n|t:|1699932218\n|switch|p2a: Copperajah|Copperajah, F|100\/100\n|turn|9\n|\n|t:|1699932224\n|move|p1a: Alakazam|Shadow Ball|p2a: Copperajah\n|-damage|p2a: Copperajah|75\/100\n|move|p2a: Copperajah|Stealth Rock|p1a: Alakazam\n|-sidestart|p1: uog4hjlkfdjkg|move: Stealth Rock\n|\n|-heal|p2a: Copperajah|81\/100|[from] item: Leftovers\n|upkeep\n|turn|10\n|\n|t:|1699932236\n|move|p1a: Alakazam|Calm Mind|p1a: Alakazam\n|-boost|p1a: Alakazam|spa|1\n|-boost|p1a: Alakazam|spd|1\n|move|p2a: Copperajah|Heavy Slam|p1a: Alakazam\n|-damage|p1a: Alakazam|0 fnt\n|faint|p1a: Alakazam\n|\n|-heal|p2a: Copperajah|87\/100|[from] item: Leftovers\n|upkeep\n|\n|t:|1699932245\n|switch|p1a: Zygarde|Zygarde|100\/100\n|-damage|p1a: Zygarde|94\/100|[from] Stealth Rock\n|turn|11\n|\n|t:|1699932257\n|-terastallize|p2a: Copperajah|Ground\n|move|p1a: Zygarde|Coil|p1a: Zygarde\n|-boost|p1a: Zygarde|atk|1\n|-boost|p1a: Zygarde|def|1\n|-boost|p1a: Zygarde|accuracy|1\n|move|p2a: Copperajah|Whirlwind|p1a: Zygarde\n|drag|p1a: Xerneas|Xerneas, shiny|100\/100\n|-damage|p1a: Xerneas|88\/100|[from] Stealth Rock\n|-ability|p1a: Xerneas|Fairy Aura\n|\n|-heal|p2a: Copperajah|93\/100|[from] item: Leftovers\n|upkeep\n|turn|12\n|\n|t:|1699932279\n|switch|p1a: Kyurem|Kyurem-White|100\/100\n|-damage|p1a: Kyurem|76\/100|[from] Stealth Rock\n|-ability|p1a: Kyurem|Turboblaze\n|move|p2a: Copperajah|Heavy Slam|p1a: Kyurem\n|-supereffective|p1a: Kyurem\n|-damage|p1a: Kyurem|0 fnt\n|faint|p1a: Kyurem\n|\n|-heal|p2a: Copperajah|99\/100|[from] item: Leftovers\n|upkeep\n|-message|uog4hjlkfdjkg forfeited.\n|\n|win|ShriveledMonkey\n|raw|uog4hjlkfdjkg's rating: 1036 &rarr; <strong>1023<\/strong><br \/>(-13 for losing)\n|raw|ShriveledMonkey's rating: 1086 &rarr; <strong>1109<\/strong><br \/>(+23 for winning)\n|l|\u2606uog4hjlkfdjkg\n","uploadtime":1699932294,"views":6,"p1id":"uog4hjlkfdjkg","p2id":"shriveledmonkey","formatid":"gen9nationaldexubers","rating":1023,"private":0,"password":""}