{"id":"gen9nationaldexubers-1988730441","p1":"Jayrox41","p2":"mvjr1113","format":"[Gen 9] National Dex Ubers","log":"|j|\u2606Jayrox41\n|j|\u2606mvjr1113\n|t:|1699755884\n|gametype|singles\n|player|p1|Jayrox41|morty-masters2|\n|player|p2|mvjr1113|riley|\n|teamsize|p1|6\n|teamsize|p2|6\n|gen|9\n|tier|[Gen 9] National Dex Ubers\n|rule|HP Percentage Mod: HP is shown in percentages\n|rule|Endless Battle Clause: Forcing endless battles is banned\n|rule|OHKO Clause: OHKO moves are banned\n|rule|Evasion Moves Clause: Evasion moves are banned\n|rule|Evasion Items Clause: Evasion items are banned\n|rule|Species Clause: Limit one of each Pok\u00e9mon\n|rule|Sleep Clause Mod: Limit one foe put to sleep\n|rule|Mega Rayquaza Clause: You cannot mega evolve Rayquaza\n|clearpoke\n|poke|p1|Espeon, F|\n|poke|p1|Entei|\n|poke|p1|Azumarill, F|\n|poke|p1|Skarmory, F|\n|poke|p1|Tyranitar, M|\n|poke|p1|Crobat, F|\n|poke|p2|Torkoal, F|\n|poke|p2|Shiftry, M|\n|poke|p2|Sableye, M|\n|poke|p2|Blaziken, M|\n|poke|p2|Medicham, F|\n|poke|p2|Jirachi|\n|teampreview\n|\n|t:|1699755918\n|start\n|switch|p1a: Our Lord|Azumarill, F|100\/100\n|switch|p2a: Sableye|Sableye, M|100\/100\n|turn|1\n|\n|t:|1699755945\n|switch|p1a: Elvis|Espeon, F|100\/100\n|move|p2a: Sableye|Will-O-Wisp|p1a: Elvis\n|move|p1a: Elvis|Will-O-Wisp|p2a: Sableye|[from]ability: Magic Bounce\n|-status|p2a: Sableye|brn\n|\n|-damage|p2a: Sableye|94\/100 brn|[from] brn\n|upkeep\n|turn|2\n|\n|t:|1699755965\n|switch|p2a: Torkoal|Torkoal, F|100\/100\n|-weather|SunnyDay|[from] ability: Drought|[of] p2a: Torkoal\n|move|p1a: Elvis|Dazzling Gleam|p2a: Torkoal\n|-resisted|p2a: Torkoal\n|-crit|p2a: Torkoal\n|-damage|p2a: Torkoal|70\/100\n|\n|-weather|SunnyDay|[upkeep]\n|upkeep\n|turn|3\n|\n|t:|1699756015\n|switch|p1a: Our Lord|Azumarill, F|100\/100\n|move|p2a: Torkoal|Solar Beam||[still]\n|-prepare|p2a: Torkoal|Solar Beam\n|-anim|p2a: Torkoal|Solar Beam|p1a: Our Lord\n|-ability|p1a: Our Lord|Sap Sipper|boost\n|-boost|p1a: Our Lord|atk|1\n|\n|-weather|SunnyDay|[upkeep]\n|upkeep\n|turn|4\n|\n|t:|1699756028\n|move|p1a: Our Lord|Whirlpool|p2a: Torkoal\n|-supereffective|p2a: Torkoal\n|-damage|p2a: Torkoal|63\/100\n|-activate|p2a: Torkoal|move: Whirlpool|[of] p1a: Our Lord\n|move|p2a: Torkoal|Will-O-Wisp|p1a: Our Lord\n|-status|p1a: Our Lord|brn\n|\n|-weather|SunnyDay|[upkeep]\n|-damage|p1a: Our Lord|94\/100 brn|[from] brn\n|-damage|p2a: Torkoal|50\/100|[from] move: Whirlpool|[partiallytrapped]\n|upkeep\n|turn|5\n|\n|t:|1699756038\n|move|p1a: Our Lord|Perish Song|p1a: Our Lord\n|-start|p1a: Our Lord|perish3|[silent]\n|-start|p2a: Torkoal|perish3|[silent]\n|-fieldactivate|move: Perish Song\n|move|p2a: Torkoal|Earth Power|p1a: Our Lord\n|-damage|p1a: Our Lord|75\/100 brn\n|\n|-weather|SunnyDay|[upkeep]\n|-heal|p1a: Our Lord|81\/100 brn|[from] item: Leftovers\n|-damage|p1a: Our Lord|75\/100 brn|[from] brn\n|-damage|p2a: Torkoal|38\/100|[from] move: Whirlpool|[partiallytrapped]\n|-start|p1a: Our Lord|perish3\n|-start|p2a: Torkoal|perish3\n|upkeep\n|turn|6\n|\n|t:|1699756050\n|move|p1a: Our Lord|Protect|p1a: Our Lord\n|-singleturn|p1a: Our Lord|Protect\n|move|p2a: Torkoal|Earth Power|p1a: Our Lord\n|-activate|p1a: Our Lord|move: Protect\n|\n|-weather|SunnyDay|[upkeep]\n|-heal|p1a: Our Lord|81\/100 brn|[from] item: Leftovers\n|-damage|p1a: Our Lord|75\/100 brn|[from] brn\n|-damage|p2a: Torkoal|25\/100|[from] move: Whirlpool|[partiallytrapped]\n|-start|p1a: Our Lord|perish2\n|-start|p2a: Torkoal|perish2\n|upkeep\n|turn|7\n|\n|t:|1699756068\n|move|p1a: Our Lord|Whirlpool|p2a: Torkoal\n|-supereffective|p2a: Torkoal\n|-damage|p2a: Torkoal|18\/100\n|move|p2a: Torkoal|Flamethrower|p1a: Our Lord\n|-resisted|p1a: Our Lord\n|-damage|p1a: Our Lord|54\/100 brn\n|\n|-weather|SunnyDay|[upkeep]\n|-heal|p1a: Our Lord|60\/100 brn|[from] item: Leftovers\n|-damage|p1a: Our Lord|54\/100 brn|[from] brn\n|-damage|p2a: Torkoal|5\/100|[from] move: Whirlpool|[partiallytrapped]\n|-start|p1a: Our Lord|perish1\n|-start|p2a: Torkoal|perish1\n|upkeep\n|turn|8\n|\n|t:|1699756096\n|switch|p1a: Killian Hayes|Entei, shiny|100\/100\n|move|p2a: Torkoal|Earth Power|p1a: Killian Hayes\n|-supereffective|p1a: Killian Hayes\n|-damage|p1a: Killian Hayes|53\/100\n|\n|-weather|SunnyDay|[upkeep]\n|-end|p2a: Torkoal|Whirlpool|[partiallytrapped]\n|-start|p2a: Torkoal|perish0\n|upkeep\n|faint|p2a: Torkoal\n|\n|t:|1699756129\n|switch|p2a: Medicham|Medicham, F|100\/100\n|turn|9\n|\n|t:|1699756150\n|detailschange|p2a: Medicham|Medicham-Mega, F\n|-mega|p2a: Medicham|Medicham|Medichamite\n|move|p2a: Medicham|Fake Out|p1a: Killian Hayes\n|-damage|p1a: Killian Hayes|29\/100\n|move|p1a: Killian Hayes|Sacred Fire|p2a: Medicham\n|-damage|p2a: Medicham|0 fnt\n|faint|p2a: Medicham\n|\n|-weather|none\n|upkeep\n|\n|t:|1699756210\n|switch|p2a: Blaziken|Blaziken, M|100\/100\n|turn|10\n|\n|t:|1699756233\n|move|p1a: Killian Hayes|Sacred Fire|p2a: Blaziken\n|-resisted|p2a: Blaziken\n|-damage|p2a: Blaziken|48\/100\n|move|p2a: Blaziken|Swords Dance|p2a: Blaziken\n|-boost|p2a: Blaziken|atk|2\n|\n|-heal|p2a: Blaziken|54\/100|[from] item: Leftovers\n|-ability|p2a: Blaziken|Speed Boost|boost\n|-boost|p2a: Blaziken|spe|1\n|upkeep\n|turn|11\n|\n|t:|1699756274\n|switch|p1a: Papa John|Tyranitar, M|100\/100\n|-weather|Sandstorm|[from] ability: Sand Stream|[of] p1a: Papa John\n|move|p2a: Blaziken|Knock Off|p1a: Papa John\n|-resisted|p1a: Papa John\n|-damage|p1a: Papa John|80\/100\n|\n|-weather|Sandstorm|[upkeep]\n|-damage|p2a: Blaziken|48\/100|[from] Sandstorm\n|-heal|p2a: Blaziken|54\/100|[from] item: Leftovers\n|-ability|p2a: Blaziken|Speed Boost|boost\n|-boost|p2a: Blaziken|spe|1\n|upkeep\n|turn|12\n|\n|t:|1699756321\n|switch|p1a: Bombagranite|Skarmory, F|100\/100\n|move|p2a: Blaziken|Fire Punch|p1a: Bombagranite\n|-supereffective|p1a: Bombagranite\n|-damage|p1a: Bombagranite|17\/100\n|-damage|p2a: Blaziken|37\/100|[from] item: Rocky Helmet|[of] p1a: Bombagranite\n|\n|-weather|Sandstorm|[upkeep]\n|-damage|p2a: Blaziken|31\/100|[from] Sandstorm\n|-heal|p2a: Blaziken|37\/100|[from] item: Leftovers\n|-ability|p2a: Blaziken|Speed Boost|boost\n|-boost|p2a: Blaziken|spe|1\n|upkeep\n|turn|13\n|\n|t:|1699756340\n|move|p2a: Blaziken|Fire Punch|p1a: Bombagranite\n|-supereffective|p1a: Bombagranite\n|-damage|p1a: Bombagranite|0 fnt\n|-damage|p2a: Blaziken|20\/100|[from] item: Rocky Helmet|[of] p1a: Bombagranite\n|faint|p1a: Bombagranite\n|\n|-weather|Sandstorm|[upkeep]\n|-damage|p2a: Blaziken|14\/100|[from] Sandstorm\n|-heal|p2a: Blaziken|20\/100|[from] item: Leftovers\n|-ability|p2a: Blaziken|Speed Boost|boost\n|-boost|p2a: Blaziken|spe|1\n|upkeep\n|\n|t:|1699756344\n|switch|p1a: Killian Hayes|Entei, shiny|29\/100\n|turn|14\n|\n|t:|1699756350\n|move|p1a: Killian Hayes|Extreme Speed|p2a: Blaziken\n|-damage|p2a: Blaziken|0 fnt\n|faint|p2a: Blaziken\n|\n|-weather|Sandstorm|[upkeep]\n|-damage|p1a: Killian Hayes|22\/100|[from] Sandstorm\n|upkeep\n|\n|t:|1699756356\n|switch|p2a: Jirachi|Jirachi, shiny|100\/100\n|turn|15\n|\n|t:|1699756398\n|switch|p1a: Our Lord|Azumarill, F|54\/100 brn\n|-zpower|p2a: Jirachi\n|move|p2a: Jirachi|Z-Happy Hour|p2a: Jirachi|[anim]Happy Hour\n|-boost|p2a: Jirachi|atk|1|[zeffect]\n|-boost|p2a: Jirachi|def|1|[zeffect]\n|-boost|p2a: Jirachi|spa|1|[zeffect]\n|-boost|p2a: Jirachi|spd|1|[zeffect]\n|-boost|p2a: Jirachi|spe|1|[zeffect]\n|\n|-weather|none\n|-heal|p1a: Our Lord|60\/100 brn|[from] item: Leftovers\n|-damage|p1a: Our Lord|54\/100 brn|[from] brn\n|upkeep\n|turn|16\n|\n|t:|1699756429\n|move|p2a: Jirachi|Iron Head|p1a: Our Lord\n|-damage|p1a: Our Lord|14\/100 brn\n|move|p1a: Our Lord|Perish Song|p1a: Our Lord\n|-start|p1a: Our Lord|perish3|[silent]\n|-start|p2a: Jirachi|perish3|[silent]\n|-fieldactivate|move: Perish Song\n|\n|-heal|p1a: Our Lord|21\/100 brn|[from] item: Leftovers\n|-damage|p1a: Our Lord|14\/100 brn|[from] brn\n|-start|p2a: Jirachi|perish3\n|-start|p1a: Our Lord|perish3\n|upkeep\n|turn|17\n|\n|t:|1699756438\n|move|p1a: Our Lord|Protect|p1a: Our Lord\n|-singleturn|p1a: Our Lord|Protect\n|move|p2a: Jirachi|Iron Head|p1a: Our Lord\n|-activate|p1a: Our Lord|move: Protect\n|\n|-heal|p1a: Our Lord|21\/100 brn|[from] item: Leftovers\n|-damage|p1a: Our Lord|14\/100 brn|[from] brn\n|-start|p2a: Jirachi|perish2\n|-start|p1a: Our Lord|perish2\n|upkeep\n|turn|18\n|\n|t:|1699756452\n|move|p1a: Our Lord|Protect||[still]\n|-fail|p1a: Our Lord\n|move|p2a: Jirachi|Iron Head|p1a: Our Lord\n|-damage|p1a: Our Lord|0 fnt\n|faint|p1a: Our Lord\n|\n|-start|p2a: Jirachi|perish1\n|upkeep\n|c|\u2606mvjr1113|??\n|c|\u2606mvjr1113|where you at\n|\n|t:|1699756560\n|switch|p1a: Sorry Josh|Crobat, F, shiny|100\/100\n|turn|19\n|\n|t:|1699756577\n|switch|p2a: Sableye|Sableye, M|94\/100 brn\n|move|p1a: Sorry Josh|Tailwind|p1a: Sorry Josh\n|-sidestart|p1: Jayrox41|move: Tailwind\n|\n|-heal|p2a: Sableye|100\/100 brn|[from] item: Leftovers\n|-damage|p2a: Sableye|94\/100 brn|[from] brn\n|upkeep\n|turn|20\n|\n|t:|1699756592\n|switch|p1a: Killian Hayes|Entei, shiny|22\/100\n|move|p2a: Sableye|Hex|p1a: Killian Hayes\n|-damage|p1a: Killian Hayes|5\/100\n|\n|-heal|p2a: Sableye|100\/100 brn|[from] item: Leftovers\n|-damage|p2a: Sableye|94\/100 brn|[from] brn\n|upkeep\n|turn|21\n|\n|t:|1699756613\n|move|p1a: Killian Hayes|Flare Blitz|p2a: Sableye\n|-damage|p2a: Sableye|16\/100 brn\n|-damage|p1a: Killian Hayes|0 fnt|[from] Recoil\n|faint|p1a: Killian Hayes\n|move|p2a: Sableye|Hex|p1: Killian Hayes|[notarget]\n|-fail|p2a: Sableye\n|\n|-heal|p2a: Sableye|23\/100 brn|[from] item: Leftovers\n|-damage|p2a: Sableye|16\/100 brn|[from] brn\n|upkeep\n|\n|t:|1699756625\n|switch|p1a: Elvis|Espeon, F|100\/100\n|turn|22\n|\n|t:|1699756658\n|switch|p2a: Shiftry|Shiftry, M|100\/100\n|move|p1a: Elvis|Shadow Ball|p2a: Shiftry\n|-resisted|p2a: Shiftry\n|-damage|p2a: Shiftry|68\/100\n|\n|-sideend|p1: Jayrox41|move: Tailwind\n|upkeep\n|turn|23\n|\n|t:|1699756692\n|switch|p1a: Sorry Josh|Crobat, F, shiny|100\/100\n|-terastallize|p2a: Shiftry|Flying\n|move|p2a: Shiftry|Air Slash|p1a: Sorry Josh\n|-damage|p1a: Sorry Josh|61\/100\n|\n|upkeep\n|turn|24\n|\n|t:|1699756716\n|move|p1a: Sorry Josh|U-turn|p2a: Shiftry\n|-resisted|p2a: Shiftry\n|-damage|p2a: Shiftry|56\/100\n|\n|t:|1699756725\n|switch|p1a: Papa John|Tyranitar, M|80\/100|[from] U-turn\n|-weather|Sandstorm|[from] ability: Sand Stream|[of] p1a: Papa John\n|move|p2a: Shiftry|Air Slash|p1a: Papa John\n|-resisted|p1a: Papa John\n|-damage|p1a: Papa John|69\/100\n|\n|-weather|Sandstorm|[upkeep]\n|-damage|p2a: Shiftry|49\/100|[from] Sandstorm\n|upkeep\n|turn|25\n|\n|t:|1699756733\n|detailschange|p1a: Papa John|Tyranitar-Mega, M\n|-mega|p1a: Papa John|Tyranitar|Tyranitarite\n|move|p1a: Papa John|Dragon Dance|p1a: Papa John\n|-boost|p1a: Papa John|atk|1\n|-boost|p1a: Papa John|spe|1\n|move|p2a: Shiftry|Solar Beam||[still]\n|-prepare|p2a: Shiftry|Solar Beam\n|\n|-weather|Sandstorm|[upkeep]\n|-damage|p2a: Shiftry|43\/100|[from] Sandstorm\n|upkeep\n|turn|26\n|\n|t:|1699756748\n|move|p1a: Papa John|Ice Punch|p2a: Shiftry\n|-supereffective|p2a: Shiftry\n|-damage|p2a: Shiftry|0 fnt\n|faint|p2a: Shiftry\n|\n|-weather|Sandstorm|[upkeep]\n|upkeep\n|\n|t:|1699756762\n|switch|p2a: Jirachi|Jirachi, shiny|100\/100\n|turn|27\n|\n|t:|1699756767\n|move|p1a: Papa John|Knock Off|p2a: Jirachi\n|-supereffective|p2a: Jirachi\n|-damage|p2a: Jirachi|0 fnt\n|faint|p2a: Jirachi\n|\n|-weather|Sandstorm|[upkeep]\n|upkeep\n|\n|t:|1699756771\n|switch|p2a: Sableye|Sableye, M|16\/100 brn\n|turn|28\n|\n|t:|1699756774\n|move|p2a: Sableye|Recover|p2a: Sableye\n|-heal|p2a: Sableye|66\/100 brn\n|move|p1a: Papa John|Knock Off|p2a: Sableye\n|-damage|p2a: Sableye|0 fnt\n|-enditem|p2a: Sableye|Leftovers|[from] move: Knock Off|[of] p1a: Papa John\n|faint|p2a: Sableye\n|\n|win|Jayrox41\n|c|\u2606Jayrox41|gg\n|c|\u2606mvjr1113|gg\n","uploadtime":1699756784,"views":14,"p1id":"jayrox41","p2id":"mvjr1113","formatid":"gen9nationaldexubers","rating":0,"private":0,"password":""}