{"id":"gen9nationaldexubers-1994830386","p1":"Underpaid Intrn","p2":"DRAGON-M0DE\u2695\ufe0f","format":"[Gen 9] National Dex Ubers","log":"|j|\u2606Underpaid Intrn\n|j|\u2606DRAGON-M0DE\u2695\ufe0f\n|t:|1700496747\n|gametype|singles\n|player|p1|Underpaid Intrn|gambler|1173\n|player|p2|DRAGON-M0DE\u2695\ufe0f|clair|1176\n|teamsize|p1|6\n|teamsize|p2|6\n|gen|9\n|tier|[Gen 9] National Dex Ubers\n|rated|\n|rule|HP Percentage Mod: HP is shown in percentages\n|rule|Endless Battle Clause: Forcing endless battles is banned\n|rule|OHKO Clause: OHKO moves are banned\n|rule|Evasion Moves Clause: Evasion moves are banned\n|rule|Evasion Items Clause: Evasion items are banned\n|rule|Species Clause: Limit one of each Pok\u00e9mon\n|rule|Sleep Clause Mod: Limit one foe put to sleep\n|rule|Mega Rayquaza Clause: You cannot mega evolve Rayquaza\n|clearpoke\n|poke|p1|Gliscor, M|\n|poke|p1|Drapion, M|\n|poke|p1|Flygon, M|\n|poke|p1|Gastrodon, F|\n|poke|p1|Crawdaunt, M|\n|poke|p1|Klawf, M|\n|poke|p2|Flygon, M|\n|poke|p2|Exeggutor-Alola, M|\n|poke|p2|Flapple, M|\n|poke|p2|Dracozolt|\n|poke|p2|Naganadel|\n|poke|p2|Guzzlord|\n|teampreview\n|inactive|Battle timer is ON: inactive players will automatically lose when time's up. (requested by Underpaid Intrn)\n|c|\u2606Underpaid Intrn|Glhf\n|\n|t:|1700496759\n|start\n|switch|p1a: Rave|Klawf, M|100\/100\n|switch|p2a: \u2695\ufe0f\ud83d\udc09DRAGOZOLT\ud83d\udc09\u2695\ufe0f|Dracozolt, shiny|100\/100\n|turn|1\n|\n|t:|1700496768\n|move|p2a: \u2695\ufe0f\ud83d\udc09DRAGOZOLT\ud83d\udc09\u2695\ufe0f|Bolt Beak|p1a: Rave\n|-damage|p1a: Rave|0 fnt\n|-damage|p2a: \u2695\ufe0f\ud83d\udc09DRAGOZOLT\ud83d\udc09\u2695\ufe0f|84\/100|[from] item: Rocky Helmet|[of] p1a: Rave\n|faint|p1a: Rave\n|\n|upkeep\n|\n|t:|1700496778\n|switch|p1a: Egg|Gastrodon, F|100\/100\n|turn|2\n|\n|t:|1700496783\n|move|p2a: \u2695\ufe0f\ud83d\udc09DRAGOZOLT\ud83d\udc09\u2695\ufe0f|Dragon Rush|p1a: Egg\n|-damage|p1a: Egg|19\/100\n|move|p1a: Egg|Earth Power|p2a: \u2695\ufe0f\ud83d\udc09DRAGOZOLT\ud83d\udc09\u2695\ufe0f\n|-supereffective|p2a: \u2695\ufe0f\ud83d\udc09DRAGOZOLT\ud83d\udc09\u2695\ufe0f\n|-crit|p2a: \u2695\ufe0f\ud83d\udc09DRAGOZOLT\ud83d\udc09\u2695\ufe0f\n|-damage|p2a: \u2695\ufe0f\ud83d\udc09DRAGOZOLT\ud83d\udc09\u2695\ufe0f|0 fnt\n|faint|p2a: \u2695\ufe0f\ud83d\udc09DRAGOZOLT\ud83d\udc09\u2695\ufe0f\n|\n|-heal|p1a: Egg|25\/100|[from] item: Leftovers\n|upkeep\n|\n|t:|1700496797\n|switch|p2a: \u2695\ufe0f\ud83d\udc09FLAPPLE\ud83d\udc09\u2695\ufe0f|Flapple, M|100\/100\n|turn|3\n|\n|t:|1700496804\n|switch|p1a: The Crimson|Drapion, M, shiny|100\/100\n|move|p2a: \u2695\ufe0f\ud83d\udc09FLAPPLE\ud83d\udc09\u2695\ufe0f|Grav Apple|p1a: The Crimson\n|-resisted|p1a: The Crimson\n|-damage|p1a: The Crimson|86\/100\n|-unboost|p1a: The Crimson|def|1\n|\n|-heal|p1a: The Crimson|92\/100|[from] item: Leftovers\n|upkeep\n|turn|4\n|\n|t:|1700496816\n|move|p2a: \u2695\ufe0f\ud83d\udc09FLAPPLE\ud83d\udc09\u2695\ufe0f|Dragon Dance|p2a: \u2695\ufe0f\ud83d\udc09FLAPPLE\ud83d\udc09\u2695\ufe0f\n|-boost|p2a: \u2695\ufe0f\ud83d\udc09FLAPPLE\ud83d\udc09\u2695\ufe0f|atk|1\n|-boost|p2a: \u2695\ufe0f\ud83d\udc09FLAPPLE\ud83d\udc09\u2695\ufe0f|spe|1\n|move|p1a: The Crimson|Leech Life|p2a: \u2695\ufe0f\ud83d\udc09FLAPPLE\ud83d\udc09\u2695\ufe0f\n|-supereffective|p2a: \u2695\ufe0f\ud83d\udc09FLAPPLE\ud83d\udc09\u2695\ufe0f\n|-damage|p2a: \u2695\ufe0f\ud83d\udc09FLAPPLE\ud83d\udc09\u2695\ufe0f|49\/100\n|-heal|p1a: The Crimson|100\/100|[from] drain|[of] p2a: \u2695\ufe0f\ud83d\udc09FLAPPLE\ud83d\udc09\u2695\ufe0f\n|-activate|p2a: \u2695\ufe0f\ud83d\udc09FLAPPLE\ud83d\udc09\u2695\ufe0f|ability: Ripen\n|-enditem|p2a: \u2695\ufe0f\ud83d\udc09FLAPPLE\ud83d\udc09\u2695\ufe0f|Sitrus Berry|[eat]\n|-heal|p2a: \u2695\ufe0f\ud83d\udc09FLAPPLE\ud83d\udc09\u2695\ufe0f|99\/100|[from] item: Sitrus Berry\n|\n|upkeep\n|turn|5\n|\n|t:|1700496833\n|move|p2a: \u2695\ufe0f\ud83d\udc09FLAPPLE\ud83d\udc09\u2695\ufe0f|Outrage|p1a: The Crimson\n|-damage|p1a: The Crimson|8\/100\n|move|p1a: The Crimson|Toxic|p2a: \u2695\ufe0f\ud83d\udc09FLAPPLE\ud83d\udc09\u2695\ufe0f\n|-status|p2a: \u2695\ufe0f\ud83d\udc09FLAPPLE\ud83d\udc09\u2695\ufe0f|tox\n|\n|-heal|p1a: The Crimson|14\/100|[from] item: Leftovers\n|-damage|p2a: \u2695\ufe0f\ud83d\udc09FLAPPLE\ud83d\udc09\u2695\ufe0f|93\/100 tox|[from] psn\n|upkeep\n|turn|6\n|\n|t:|1700496843\n|move|p1a: The Crimson|Protect|p1a: The Crimson\n|-singleturn|p1a: The Crimson|Protect\n|move|p2a: \u2695\ufe0f\ud83d\udc09FLAPPLE\ud83d\udc09\u2695\ufe0f|Outrage|p1a: The Crimson|[from]lockedmove\n|-activate|p1a: The Crimson|move: Protect\n|\n|-heal|p1a: The Crimson|20\/100|[from] item: Leftovers\n|-damage|p2a: \u2695\ufe0f\ud83d\udc09FLAPPLE\ud83d\udc09\u2695\ufe0f|81\/100 tox|[from] psn\n|upkeep\n|turn|7\n|\n|t:|1700496853\n|move|p2a: \u2695\ufe0f\ud83d\udc09FLAPPLE\ud83d\udc09\u2695\ufe0f|Grav Apple|p1a: The Crimson\n|-resisted|p1a: The Crimson\n|-damage|p1a: The Crimson|0 fnt\n|faint|p1a: The Crimson\n|\n|-damage|p2a: \u2695\ufe0f\ud83d\udc09FLAPPLE\ud83d\udc09\u2695\ufe0f|63\/100 tox|[from] psn\n|upkeep\n|\n|t:|1700496867\n|switch|p1a: Where Mega?|Flygon, M, shiny|100\/100\n|turn|8\n|\n|t:|1700496872\n|-terastallize|p1a: Where Mega?|Fairy\n|move|p2a: \u2695\ufe0f\ud83d\udc09FLAPPLE\ud83d\udc09\u2695\ufe0f|Outrage|p1a: Where Mega?\n|-immune|p1a: Where Mega?\n|move|p1a: Where Mega?|Dragon Claw|p2a: \u2695\ufe0f\ud83d\udc09FLAPPLE\ud83d\udc09\u2695\ufe0f\n|-supereffective|p2a: \u2695\ufe0f\ud83d\udc09FLAPPLE\ud83d\udc09\u2695\ufe0f\n|-damage|p2a: \u2695\ufe0f\ud83d\udc09FLAPPLE\ud83d\udc09\u2695\ufe0f|0 fnt\n|faint|p2a: \u2695\ufe0f\ud83d\udc09FLAPPLE\ud83d\udc09\u2695\ufe0f\n|-damage|p1a: Where Mega?|91\/100|[from] item: Life Orb\n|\n|upkeep\n|\n|t:|1700496885\n|switch|p2a: \u2695\ufe0f\ud83d\udc09NAGANADEL\ud83d\udc09\u2695\ufe0f|Naganadel, shiny|100\/100\n|turn|9\n|\n|t:|1700496889\n|move|p2a: \u2695\ufe0f\ud83d\udc09NAGANADEL\ud83d\udc09\u2695\ufe0f|Sludge Wave|p1a: Where Mega?\n|-supereffective|p1a: Where Mega?\n|-damage|p1a: Where Mega?|0 fnt\n|faint|p1a: Where Mega?\n|-ability|p2a: \u2695\ufe0f\ud83d\udc09NAGANADEL\ud83d\udc09\u2695\ufe0f|Beast Boost|boost\n|-boost|p2a: \u2695\ufe0f\ud83d\udc09NAGANADEL\ud83d\udc09\u2695\ufe0f|spa|1\n|\n|upkeep\n|\n|t:|1700496897\n|switch|p1a: Team Gly|Gliscor, M, shiny|100\/100\n|turn|10\n|\n|t:|1700496902\n|-terastallize|p2a: \u2695\ufe0f\ud83d\udc09NAGANADEL\ud83d\udc09\u2695\ufe0f|Dragon\n|move|p2a: \u2695\ufe0f\ud83d\udc09NAGANADEL\ud83d\udc09\u2695\ufe0f|Dragon Pulse|p1a: Team Gly\n|-damage|p1a: Team Gly|0 fnt\n|faint|p1a: Team Gly\n|-ability|p2a: \u2695\ufe0f\ud83d\udc09NAGANADEL\ud83d\udc09\u2695\ufe0f|Beast Boost|boost\n|-boost|p2a: \u2695\ufe0f\ud83d\udc09NAGANADEL\ud83d\udc09\u2695\ufe0f|spa|1\n|\n|upkeep\n|\n|t:|1700496914\n|switch|p1a: Crab Time|Crawdaunt, M|100\/100\n|turn|11\n|\n|t:|1700496918\n|move|p1a: Crab Time|Aqua Jet|p2a: \u2695\ufe0f\ud83d\udc09NAGANADEL\ud83d\udc09\u2695\ufe0f\n|-resisted|p2a: \u2695\ufe0f\ud83d\udc09NAGANADEL\ud83d\udc09\u2695\ufe0f\n|-damage|p2a: \u2695\ufe0f\ud83d\udc09NAGANADEL\ud83d\udc09\u2695\ufe0f|80\/100\n|move|p2a: \u2695\ufe0f\ud83d\udc09NAGANADEL\ud83d\udc09\u2695\ufe0f|Dragon Pulse|p1a: Crab Time\n|-damage|p1a: Crab Time|0 fnt\n|faint|p1a: Crab Time\n|-ability|p2a: \u2695\ufe0f\ud83d\udc09NAGANADEL\ud83d\udc09\u2695\ufe0f|Beast Boost|boost\n|-boost|p2a: \u2695\ufe0f\ud83d\udc09NAGANADEL\ud83d\udc09\u2695\ufe0f|spa|1\n|\n|upkeep\n|\n|t:|1700496927\n|switch|p1a: Egg|Gastrodon, F|25\/100\n|turn|12\n|\n|t:|1700496933\n|move|p2a: \u2695\ufe0f\ud83d\udc09NAGANADEL\ud83d\udc09\u2695\ufe0f|Dragon Pulse|p1a: Egg\n|-damage|p1a: Egg|0 fnt\n|faint|p1a: Egg\n|\n|win|DRAGON-M0DE\u2695\ufe0f\n|raw|Underpaid Intrn's rating: 1173 &rarr; <strong>1148<\/strong><br \/>(-25 for losing)\n|raw|DRAGON-M0DE\u2695\ufe0f's rating: 1176 &rarr; <strong>1201<\/strong><br \/>(+25 for winning)\n|l|\u2606Underpaid Intrn\n","uploadtime":1700497087,"views":1,"p1id":"underpaidintrn","p2id":"dragonm0de","formatid":"gen9nationaldexubers","rating":1148,"private":0,"password":""}