{"id":"gen9nationaldexubers-1985717854","p1":"FirstWasSilver2\u221a","p2":"ThatDumbo","format":"[Gen 9] National Dex Ubers","log":"|j|\u2606FirstWasSilver2\u221a\n|j|\u2606ThatDumbo\n|t:|1699398869\n|gametype|singles\n|player|p1|FirstWasSilver2\u221a|brock-masters|1335\n|player|p2|ThatDumbo|1|1292\n|teamsize|p1|6\n|teamsize|p2|6\n|gen|9\n|tier|[Gen 9] National Dex Ubers\n|rated|\n|rule|HP Percentage Mod: HP is shown in percentages\n|rule|Endless Battle Clause: Forcing endless battles is banned\n|rule|OHKO Clause: OHKO moves are banned\n|rule|Evasion Moves Clause: Evasion moves are banned\n|rule|Evasion Items Clause: Evasion items are banned\n|rule|Species Clause: Limit one of each Pok\u00e9mon\n|rule|Sleep Clause Mod: Limit one foe put to sleep\n|rule|Mega Rayquaza Clause: You cannot mega evolve Rayquaza\n|clearpoke\n|poke|p1|Necrozma-Dusk-Mane|\n|poke|p1|Arceus|\n|poke|p1|Deoxys-Speed|\n|poke|p1|Regieleki|\n|poke|p1|Ho-Oh|\n|poke|p1|Kyogre|\n|poke|p2|Ninjask, M|\n|poke|p2|Crawdaunt, F|\n|poke|p2|Lopunny, M|\n|poke|p2|Ferrothorn, M|\n|poke|p2|Dragapult, M|\n|poke|p2|Clefable, F|\n|teampreview\n|inactive|Battle timer is ON: inactive players will automatically lose when time's up. (requested by FirstWasSilver2\u221a)\n|j| KingoftheTitans\n|l| KingoftheTitans\n|\n|t:|1699398890\n|start\n|switch|p1a: Regieleki|Regieleki|100\/100\n|switch|p2a: Aquaria|Crawdaunt, F|100\/100\n|turn|1\n|\n|t:|1699398904\n|move|p1a: Regieleki|Thunderbolt|p2a: Aquaria\n|-supereffective|p2a: Aquaria\n|-enditem|p2a: Aquaria|Focus Sash\n|-damage|p2a: Aquaria|1\/100\n|move|p2a: Aquaria|Crabhammer|p1a: Regieleki\n|-damage|p1a: Regieleki|0 fnt\n|faint|p1a: Regieleki\n|\n|upkeep\n|\n|t:|1699398922\n|switch|p1a: Arceus|Arceus|100\/100\n|turn|2\n|\n|t:|1699398928\n|move|p1a: Arceus|Extreme Speed|p2a: Aquaria\n|-damage|p2a: Aquaria|0 fnt\n|faint|p2a: Aquaria\n|\n|upkeep\n|\n|t:|1699398932\n|switch|p2a: Fade|Dragapult, M|100\/100\n|turn|3\n|\n|t:|1699398935\n|move|p2a: Fade|Substitute|p2a: Fade\n|-start|p2a: Fade|Substitute\n|-damage|p2a: Fade|76\/100\n|move|p1a: Arceus|Shadow Force||[still]\n|-prepare|p1a: Arceus|Shadow Force\n|\n|-heal|p2a: Fade|82\/100|[from] item: Leftovers\n|upkeep\n|turn|4\n|\n|t:|1699398946\n|move|p2a: Fade|Dragon Dance|p2a: Fade\n|-boost|p2a: Fade|atk|1\n|-boost|p2a: Fade|spe|1\n|move|p1a: Arceus|Shadow Force|p2a: Fade|[from]lockedmove\n|-supereffective|p2a: Fade\n|-end|p2a: Fade|Substitute\n|\n|-heal|p2a: Fade|88\/100|[from] item: Leftovers\n|upkeep\n|turn|5\n|inactive|FirstWasSilver2\u221a has 120 seconds left.\n|\n|t:|1699398977\n|move|p2a: Fade|Substitute|p2a: Fade\n|-start|p2a: Fade|Substitute\n|-damage|p2a: Fade|63\/100\n|move|p1a: Arceus|Shadow Force||[still]\n|-prepare|p1a: Arceus|Shadow Force\n|\n|-heal|p2a: Fade|69\/100|[from] item: Leftovers\n|upkeep\n|turn|6\n|\n|t:|1699398983\n|move|p2a: Fade|Dragon Dance|p2a: Fade\n|-boost|p2a: Fade|atk|1\n|-boost|p2a: Fade|spe|1\n|move|p1a: Arceus|Shadow Force|p2a: Fade|[from]lockedmove\n|-supereffective|p2a: Fade\n|-end|p2a: Fade|Substitute\n|\n|-heal|p2a: Fade|75\/100|[from] item: Leftovers\n|upkeep\n|turn|7\n|\n|t:|1699398990\n|move|p2a: Fade|Substitute|p2a: Fade\n|-start|p2a: Fade|Substitute\n|-damage|p2a: Fade|50\/100\n|move|p1a: Arceus|Swords Dance|p1a: Arceus\n|-boost|p1a: Arceus|atk|2\n|\n|-heal|p2a: Fade|56\/100|[from] item: Leftovers\n|upkeep\n|turn|8\n|\n|t:|1699398996\n|move|p2a: Fade|Dragon Darts|p1a: Arceus\n|-damage|p1a: Arceus|60\/100\n|-anim|p2a: Fade|Dragon Darts|p1a: Arceus\n|-damage|p1a: Arceus|21\/100\n|move|p1a: Arceus|Shadow Force||[still]\n|-prepare|p1a: Arceus|Shadow Force\n|\n|-heal|p2a: Fade|62\/100|[from] item: Leftovers\n|-heal|p1a: Arceus|27\/100|[from] item: Leftovers\n|upkeep\n|turn|9\n|\n|t:|1699399003\n|move|p2a: Fade|Dragon Dance|p2a: Fade\n|-boost|p2a: Fade|atk|1\n|-boost|p2a: Fade|spe|1\n|move|p1a: Arceus|Shadow Force|p2a: Fade|[from]lockedmove\n|-supereffective|p2a: Fade\n|-end|p2a: Fade|Substitute\n|\n|-heal|p2a: Fade|68\/100|[from] item: Leftovers\n|-heal|p1a: Arceus|34\/100|[from] item: Leftovers\n|upkeep\n|turn|10\n|-message|FirstWasSilver2\u221a forfeited.\n|\n|win|ThatDumbo\n|raw|FirstWasSilver2\u221a's rating: 1335 &rarr; <strong>1313<\/strong><br \/>(-22 for losing)\n|raw|ThatDumbo's rating: 1292 &rarr; <strong>1320<\/strong><br \/>(+28 for winning)\n|l|\u2606FirstWasSilver2\u221a\n|l|\u2606ThatDumbo\n|j|\u2606ThatDumbo\n|player|p2|ThatDumbo|1\n","uploadtime":1699399011,"views":5,"p1id":"firstwassilver2","p2id":"thatdumbo","formatid":"gen9nationaldexubers","rating":1313,"private":0,"password":""}