{"id":"gen9nationaldexubers-1986449087","p1":"Dracko20Gms","p2":"AerixThorn","format":"[Gen 9] National Dex Ubers","log":"|j|\u2606Dracko20Gms\n|j|\u2606AerixThorn\n|t:|1699480232\n|gametype|singles\n|player|p1|Dracko20Gms|hilbert-wonderlauncher|1242\n|player|p2|AerixThorn|pryce|1126\n|teamsize|p1|6\n|teamsize|p2|6\n|gen|9\n|tier|[Gen 9] National Dex Ubers\n|rated|\n|rule|HP Percentage Mod: HP is shown in percentages\n|rule|Endless Battle Clause: Forcing endless battles is banned\n|rule|OHKO Clause: OHKO moves are banned\n|rule|Evasion Moves Clause: Evasion moves are banned\n|rule|Evasion Items Clause: Evasion items are banned\n|rule|Species Clause: Limit one of each Pok\u00e9mon\n|rule|Sleep Clause Mod: Limit one foe put to sleep\n|rule|Mega Rayquaza Clause: You cannot mega evolve Rayquaza\n|clearpoke\n|poke|p1|Pikachu, M|\n|poke|p1|Charizard, M|\n|poke|p1|Greninja-*, M|\n|poke|p1|Lycanroc-Dusk, M|\n|poke|p1|Infernape, M|\n|poke|p1|Lucario, M|\n|poke|p2|Munkidori, M|\n|poke|p2|Infernape, F|\n|poke|p2|Annihilape, M|\n|poke|p2|Darmanitan-Galar, F|\n|poke|p2|Zarude|\n|poke|p2|Ambipom, F|\n|teampreview\n|inactive|Battle timer is ON: inactive players will automatically lose when time's up. (requested by AerixThorn)\n|inactive|Dracko20Gms also wants the timer to be on.\n|\n|t:|1699480242\n|start\n|switch|p1a: Lucario|Lucario, M|100\/100\n|switch|p2a: M O N K E|Ambipom, F|100\/100\n|turn|1\n|\n|t:|1699480250\n|detailschange|p1a: Lucario|Lucario-Mega, M\n|-mega|p1a: Lucario|Lucario|Lucarionite\n|move|p2a: M O N K E|Power-Up Punch|p1a: Lucario\n|-supereffective|p1a: Lucario\n|-damage|p1a: Lucario|52\/100\n|-boost|p2a: M O N K E|atk|1\n|move|p1a: Lucario|Swords Dance|p1a: Lucario\n|-boost|p1a: Lucario|atk|2\n|\n|upkeep\n|turn|2\n|\n|t:|1699480259\n|move|p1a: Lucario|Bullet Punch|p2a: M O N K E\n|-crit|p2a: M O N K E\n|-damage|p2a: M O N K E|0 fnt\n|faint|p2a: M O N K E\n|\n|upkeep\n|\n|t:|1699480261\n|switch|p2a: M O N K E FIST|Infernape, F|100\/100\n|turn|3\n|\n|t:|1699480266\n|move|p2a: M O N K E FIST|Mach Punch|p1a: Lucario\n|-supereffective|p1a: Lucario\n|-damage|p1a: Lucario|0 fnt\n|faint|p1a: Lucario\n|\n|upkeep\n|\n|t:|1699480280\n|switch|p1a: Charizard|Charizard, M|100\/100\n|turn|4\n|\n|t:|1699480285\n|move|p2a: M O N K E FIST|Thunder Punch|p1a: Charizard\n|-supereffective|p1a: Charizard\n|-damage|p1a: Charizard|20\/100\n|move|p1a: Charizard|Dragon Dance|p1a: Charizard\n|-boost|p1a: Charizard|atk|1\n|-boost|p1a: Charizard|spe|1\n|\n|upkeep\n|turn|5\n|\n|t:|1699480293\n|move|p2a: M O N K E FIST|Mach Punch|p1a: Charizard\n|-resisted|p1a: Charizard\n|-damage|p1a: Charizard|2\/100\n|move|p1a: Charizard|Earthquake|p2a: M O N K E FIST\n|-supereffective|p2a: M O N K E FIST\n|-damage|p2a: M O N K E FIST|0 fnt\n|faint|p2a: M O N K E FIST\n|\n|upkeep\n|\n|t:|1699480304\n|switch|p2a: M O N K E YETI|Darmanitan-Galar, F|100\/100\n|turn|6\n|\n|t:|1699480314\n|move|p2a: M O N K E YETI|Brick Break|p1a: Charizard\n|-resisted|p1a: Charizard\n|-damage|p1a: Charizard|0 fnt\n|faint|p1a: Charizard\n|\n|upkeep\n|\n|t:|1699480318\n|switch|p1a: Lycanroc|Lycanroc-Dusk, M|100\/100\n|turn|7\n|\n|t:|1699480326\n|switch|p2a: M O N K E DAD|Zarude|100\/100\n|move|p1a: Lycanroc|Accelerock|p2a: M O N K E DAD\n|-damage|p2a: M O N K E DAD|72\/100\n|\n|upkeep\n|turn|8\n|\n|t:|1699480332\n|switch|p1a: Infernape|Infernape, M|100\/100\n|move|p2a: M O N K E DAD|Drain Punch|p1a: Infernape\n|-damage|p1a: Infernape|58\/100\n|-heal|p2a: M O N K E DAD|90\/100|[from] drain|[of] p1a: Infernape\n|\n|upkeep\n|turn|9\n|\n|t:|1699480342\n|move|p1a: Infernape|Fire Punch|p2a: M O N K E DAD\n|-supereffective|p2a: M O N K E DAD\n|-damage|p2a: M O N K E DAD|17\/100\n|move|p2a: M O N K E DAD|Drain Punch|p1a: Infernape\n|-damage|p1a: Infernape|15\/100\n|-heal|p2a: M O N K E DAD|35\/100|[from] drain|[of] p1a: Infernape\n|\n|upkeep\n|turn|10\n|\n|t:|1699480358\n|move|p1a: Infernape|Mach Punch|p2a: M O N K E DAD\n|-supereffective|p2a: M O N K E DAD\n|-damage|p2a: M O N K E DAD|0 fnt\n|faint|p2a: M O N K E DAD\n|\n|upkeep\n|\n|t:|1699480362\n|switch|p2a: M O N K E TIME|Munkidori, M|100\/100\n|turn|11\n|\n|t:|1699480368\n|switch|p1a: Greninja|Greninja, M|100\/100\n|move|p2a: M O N K E TIME|Sludge Bomb|p1a: Greninja\n|-damage|p1a: Greninja|25\/100\n|-status|p1a: Greninja|tox|[from] ability: Toxic Chain|[of] p2a: M O N K E TIME\n|\n|-damage|p1a: Greninja|19\/100 tox|[from] psn\n|upkeep\n|turn|12\n|\n|t:|1699480384\n|-terastallize|p2a: M O N K E TIME|Poison\n|move|p1a: Greninja|Dark Pulse|p2a: M O N K E TIME\n|-damage|p2a: M O N K E TIME|46\/100\n|-damage|p1a: Greninja|10\/100 tox|[from] item: Life Orb\n|move|p2a: M O N K E TIME|Calm Mind|p2a: M O N K E TIME\n|-boost|p2a: M O N K E TIME|spa|1\n|-boost|p2a: M O N K E TIME|spd|1\n|\n|-heal|p2a: M O N K E TIME|52\/100|[from] item: Leftovers\n|-damage|p1a: Greninja|0 fnt|[from] psn\n|faint|p1a: Greninja\n|upkeep\n|inactive|Dracko20Gms has 120 seconds left.\n|\n|t:|1699480425\n|switch|p1a: Lycanroc|Lycanroc-Dusk, M|100\/100\n|turn|13\n|\n|t:|1699480434\n|move|p1a: Lycanroc|Drill Run|p2a: M O N K E TIME\n|-supereffective|p2a: M O N K E TIME\n|-damage|p2a: M O N K E TIME|0 fnt\n|faint|p2a: M O N K E TIME\n|\n|upkeep\n|\n|t:|1699480438\n|switch|p2a: M O N K E YETI|Darmanitan-Galar, F|100\/100\n|turn|14\n|\n|t:|1699480443\n|switch|p1a: Infernape|Infernape, M|15\/100\n|move|p2a: M O N K E YETI|Brick Break|p1a: Infernape\n|-damage|p1a: Infernape|0 fnt\n|faint|p1a: Infernape\n|\n|upkeep\n|\n|t:|1699480448\n|switch|p1a: Lycanroc|Lycanroc-Dusk, M|100\/100\n|turn|15\n|\n|t:|1699480454\n|move|p1a: Lycanroc|Accelerock|p2a: M O N K E YETI\n|-supereffective|p2a: M O N K E YETI\n|-damage|p2a: M O N K E YETI|17\/100\n|move|p2a: M O N K E YETI|Brick Break|p1a: Lycanroc\n|-supereffective|p1a: Lycanroc\n|-damage|p1a: Lycanroc|0 fnt\n|faint|p1a: Lycanroc\n|\n|upkeep\n|\n|t:|1699480461\n|switch|p1a: Pikachu|Pikachu, M|100\/100\n|turn|16\n|\n|t:|1699480465\n|move|p1a: Pikachu|Fake Out|p2a: M O N K E YETI\n|-damage|p2a: M O N K E YETI|0 fnt\n|faint|p2a: M O N K E YETI\n|\n|upkeep\n|\n|t:|1699480467\n|switch|p2a: M O N K E GHOST|Annihilape, M|100\/100\n|turn|17\n|\n|t:|1699480472\n|-terastallize|p1a: Pikachu|Electric\n|move|p1a: Pikachu|Volt Tackle|p2a: M O N K E GHOST\n|-damage|p2a: M O N K E GHOST|9\/100\n|-damage|p1a: Pikachu|40\/100|[from] Recoil\n|move|p2a: M O N K E GHOST|Drain Punch|p1a: Pikachu\n|-damage|p1a: Pikachu|0 fnt\n|-heal|p2a: M O N K E GHOST|19\/100|[from] drain|[of] p1a: Pikachu\n|faint|p1a: Pikachu\n|\n|win|AerixThorn\n|raw|Dracko20Gms's rating: 1242 &rarr; <strong>1209<\/strong><br \/>(-33 for losing)\n|raw|AerixThorn's rating: 1126 &rarr; <strong>1159<\/strong><br \/>(+33 for winning)\n|l|\u2606Dracko20Gms\n","uploadtime":1699480488,"views":5,"p1id":"dracko20gms","p2id":"aerixthorn","formatid":"gen9nationaldexubers","rating":1159,"private":0,"password":""}