{"id":"gen9nationaldexubers-1986385754","p1":"Zanty-Chan","p2":"huevoperobaneado","format":"[Gen 9] National Dex Ubers","log":"|j|\u2606Zanty-Chan\n|j|\u2606huevoperobaneado\n|t:|1699474482\n|gametype|singles\n|player|p1|Zanty-Chan|red|\n|player|p2|huevoperobaneado|akari|\n|teamsize|p1|6\n|teamsize|p2|6\n|gen|9\n|tier|[Gen 9] National Dex Ubers\n|rule|HP Percentage Mod: HP is shown in percentages\n|rule|Endless Battle Clause: Forcing endless battles is banned\n|rule|OHKO Clause: OHKO moves are banned\n|rule|Evasion Moves Clause: Evasion moves are banned\n|rule|Evasion Items Clause: Evasion items are banned\n|rule|Species Clause: Limit one of each Pok\u00e9mon\n|rule|Sleep Clause Mod: Limit one foe put to sleep\n|rule|Mega Rayquaza Clause: You cannot mega evolve Rayquaza\n|clearpoke\n|poke|p1|Chansey, F|\n|poke|p1|Dondozo, M|\n|poke|p1|Porygon-Z|\n|poke|p1|Chandelure, F|\n|poke|p1|Blastoise, M|\n|poke|p1|Scizor, M|\n|poke|p2|Sableye, M|\n|poke|p2|Hydreigon, M|\n|poke|p2|Skeledirge, M|\n|poke|p2|Grimmsnarl, M|\n|poke|p2|Muk-Alola, M|\n|poke|p2|Kingambit, M|\n|teampreview\n|inactive|Battle timer is ON: inactive players will automatically lose when time's up. (requested by Zanty-Chan)\n|\n|t:|1699474489\n|start\n|switch|p1a: Chandelure|Chandelure, F|100\/100\n|switch|p2a: Mike|Sableye, M|100\/100\n|turn|1\n|\n|t:|1699474506\n|move|p2a: Mike|Toxic|p1a: Chandelure\n|-status|p1a: Chandelure|tox\n|move|p1a: Chandelure|Taunt|p2a: Mike\n|-start|p2a: Mike|move: Taunt\n|\n|-damage|p1a: Chandelure|94\/100 tox|[from] psn\n|upkeep\n|turn|2\n|\n|t:|1699474520\n|switch|p1a: Chansey|Chansey, F|100\/100\n|switch|p2a: Goliath|Muk-Alola, M|100\/100\n|\n|upkeep\n|turn|3\n|\n|t:|1699474528\n|move|p2a: Goliath|Knock Off|p1a: Chansey\n|-damage|p1a: Chansey|72\/100\n|-enditem|p1a: Chansey|Eviolite|[from] move: Knock Off|[of] p2a: Goliath\n|move|p1a: Chansey|Wish|p1a: Chansey\n|\n|upkeep\n|turn|4\n|\n|t:|1699474550\n|switch|p1a: Blastoise|Blastoise, M|100\/100\n|move|p2a: Goliath|Poison Jab|p1a: Blastoise\n|-damage|p1a: Blastoise|61\/100\n|-status|p1a: Blastoise|psn\n|\n|-heal|p1a: Blastoise|100\/100 psn|[from] move: Wish|[wisher] Chansey\n|-damage|p1a: Blastoise|88\/100 psn|[from] psn\n|upkeep\n|turn|5\n|\n|t:|1699474564\n|detailschange|p1a: Blastoise|Blastoise-Mega, M\n|-mega|p1a: Blastoise|Blastoise|Blastoisinite\n|move|p1a: Blastoise|Shell Smash|p1a: Blastoise\n|-unboost|p1a: Blastoise|def|1\n|-unboost|p1a: Blastoise|spd|1\n|-boost|p1a: Blastoise|atk|2\n|-boost|p1a: Blastoise|spa|2\n|-boost|p1a: Blastoise|spe|2\n|move|p2a: Goliath|Poison Jab|p1a: Blastoise\n|-damage|p1a: Blastoise|37\/100 psn\n|\n|-damage|p1a: Blastoise|25\/100 psn|[from] psn\n|upkeep\n|turn|6\n|\n|t:|1699474583\n|move|p2a: Goliath|Shadow Sneak|p1a: Blastoise\n|-damage|p1a: Blastoise|9\/100 psn\n|move|p1a: Blastoise|Water Pulse|p2a: Goliath\n|-damage|p2a: Goliath|62\/100\n|\n|-damage|p1a: Blastoise|0 fnt|[from] psn\n|faint|p1a: Blastoise\n|upkeep\n|\n|t:|1699474601\n|switch|p1a: Dondozo|Dondozo, M|100\/100\n|turn|7\n|\n|t:|1699474613\n|switch|p2a: General Tablos|Grimmsnarl, M, shiny|100\/100\n|move|p1a: Dondozo|Curse|p1a: Dondozo\n|-unboost|p1a: Dondozo|spe|1\n|-boost|p1a: Dondozo|atk|1\n|-boost|p1a: Dondozo|def|1\n|\n|upkeep\n|turn|8\n|\n|t:|1699474620\n|move|p2a: General Tablos|Reflect|p2a: General Tablos\n|-sidestart|p2: huevoperobaneado|Reflect\n|move|p1a: Dondozo|Liquidation|p2a: General Tablos\n|-damage|p2a: General Tablos|68\/100\n|\n|upkeep\n|turn|9\n|\n|t:|1699474630\n|move|p2a: General Tablos|Parting Shot|p1a: Dondozo\n|-unboost|p1a: Dondozo|atk|1\n|-unboost|p1a: Dondozo|spa|1\n|\n|t:|1699474636\n|switch|p2a: Mike|Sableye, M|100\/100|[from] Parting Shot\n|move|p1a: Dondozo|Body Press|p2a: Mike\n|-immune|p2a: Mike\n|\n|upkeep\n|turn|10\n|\n|t:|1699474643\n|move|p2a: Mike|Taunt|p1a: Dondozo\n|-start|p1a: Dondozo|move: Taunt\n|cant|p1a: Dondozo|move: Taunt|Curse\n|\n|upkeep\n|turn|11\n|\n|t:|1699474651\n|move|p2a: Mike|Toxic|p1a: Dondozo\n|-status|p1a: Dondozo|tox\n|move|p1a: Dondozo|Liquidation|p2a: Mike\n|-damage|p2a: Mike|80\/100\n|\n|-damage|p1a: Dondozo|94\/100 tox|[from] psn\n|upkeep\n|turn|12\n|\n|t:|1699474662\n|move|p2a: Mike|Will-O-Wisp||[still]\n|-fail|p2a: Mike\n|move|p1a: Dondozo|Liquidation|p2a: Mike\n|-damage|p2a: Mike|57\/100\n|-unboost|p2a: Mike|def|1\n|\n|-heal|p1a: Dondozo|100\/100 tox|[from] item: Leftovers\n|-damage|p1a: Dondozo|88\/100 tox|[from] psn\n|-end|p1a: Dondozo|move: Taunt\n|upkeep\n|turn|13\n|\n|t:|1699474671\n|move|p2a: Mike|Recover|p2a: Mike\n|-heal|p2a: Mike|100\/100\n|move|p1a: Dondozo|Rest|p1a: Dondozo\n|-status|p1a: Dondozo|slp|[from] move: Rest\n|-heal|p1a: Dondozo|100\/100 slp|[silent]\n|\n|upkeep\n|turn|14\n|l|\u2606Zanty-Chan\n|inactive|Zanty-Chan disconnected and has 300 seconds to reconnect!\n|player|p1|\n|j|\u2606Zanty-Chan\n|inactive|Zanty-Chan reconnected and has 285 seconds left.\n|player|p1|Zanty-Chan|red\n|\n|t:|1699474714\n|switch|p2a: Goliath|Muk-Alola, M|62\/100\n|cant|p1a: Dondozo|slp\n|\n|upkeep\n|turn|15\n|\n|t:|1699474721\n|move|p2a: Goliath|Knock Off|p1a: Dondozo\n|-damage|p1a: Dondozo|86\/100 slp\n|-enditem|p1a: Dondozo|Leftovers|[from] move: Knock Off|[of] p2a: Goliath\n|cant|p1a: Dondozo|slp\n|\n|-sideend|p2: huevoperobaneado|Reflect\n|upkeep\n|turn|16\n|\n|t:|1699474728\n|switch|p2a: Mike|Sableye, M|100\/100\n|-curestatus|p1a: Dondozo|slp|[msg]\n|move|p1a: Dondozo|Curse|p1a: Dondozo\n|-unboost|p1a: Dondozo|spe|1\n|-boost|p1a: Dondozo|atk|1\n|-boost|p1a: Dondozo|def|1\n|\n|upkeep\n|turn|17\n|\n|t:|1699474739\n|move|p2a: Mike|Taunt|p1a: Dondozo\n|-start|p1a: Dondozo|move: Taunt\n|move|p1a: Dondozo|Liquidation|p2a: Mike\n|-damage|p2a: Mike|39\/100\n|-unboost|p2a: Mike|def|1\n|\n|upkeep\n|turn|18\n|\n|t:|1699474755\n|move|p2a: Mike|Will-O-Wisp|p1a: Dondozo\n|-status|p1a: Dondozo|brn\n|move|p1a: Dondozo|Liquidation|p2a: Mike\n|-damage|p2a: Mike|8\/100\n|\n|-damage|p1a: Dondozo|79\/100 brn|[from] brn\n|upkeep\n|turn|19\n|\n|t:|1699474764\n|move|p2a: Mike|Recover|p2a: Mike\n|-heal|p2a: Mike|58\/100\n|move|p1a: Dondozo|Liquidation|p2a: Mike\n|-damage|p2a: Mike|23\/100\n|-unboost|p2a: Mike|def|1\n|\n|-damage|p1a: Dondozo|73\/100 brn|[from] brn\n|-end|p1a: Dondozo|move: Taunt\n|upkeep\n|turn|20\n|\n|t:|1699474774\n|switch|p2a: Hydra|Hydreigon, M|100\/100\n|move|p1a: Dondozo|Liquidation|p2a: Hydra\n|-resisted|p2a: Hydra\n|-damage|p2a: Hydra|87\/100\n|\n|-damage|p1a: Dondozo|67\/100 brn|[from] brn\n|upkeep\n|turn|21\n|\n|t:|1699474785\n|switch|p1a: Chansey|Chansey, F|72\/100\n|move|p2a: Hydra|Draco Meteor|p1a: Chansey\n|-damage|p1a: Chansey|46\/100\n|-unboost|p2a: Hydra|spa|2\n|\n|upkeep\n|turn|22\n|\n|t:|1699474801\n|switch|p2a: Mike|Sableye, M|23\/100\n|move|p1a: Chansey|Wish|p1a: Chansey\n|\n|upkeep\n|turn|23\n|\n|t:|1699474806\n|move|p2a: Mike|Recover|p2a: Mike\n|-heal|p2a: Mike|74\/100\n|move|p1a: Chansey|Toxic|p2a: Mike\n|-status|p2a: Mike|tox\n|\n|-heal|p1a: Chansey|96\/100|[from] move: Wish|[wisher] Chansey\n|-damage|p2a: Mike|67\/100 tox|[from] psn\n|upkeep\n|turn|24\n|\n|t:|1699474833\n|move|p2a: Mike|Taunt|p1a: Chansey\n|-start|p1a: Chansey|move: Taunt\n|cant|p1a: Chansey|move: Taunt|Wish\n|\n|-damage|p2a: Mike|55\/100 tox|[from] psn\n|upkeep\n|turn|25\n|\n|t:|1699474848\n|switch|p2a: Coco|Skeledirge, M|100\/100\n|switch|p1a: Dondozo|Dondozo, M|67\/100 brn\n|\n|-damage|p1a: Dondozo|61\/100 brn|[from] brn\n|upkeep\n|turn|26\n|\n|t:|1699474855\n|switch|p1a: Chansey|Chansey, F|96\/100\n|-terastallize|p2a: Coco|Dark\n|move|p2a: Coco|Torch Song|p1a: Chansey\n|-damage|p1a: Chansey|82\/100\n|-boost|p2a: Coco|spa|1\n|\n|upkeep\n|turn|27\n|\n|t:|1699474866\n|switch|p2a: Mike|Sableye, M|55\/100 tox\n|move|p1a: Chansey|Toxic|p2a: Mike\n|-fail|p2a: Mike|tox\n|\n|-damage|p2a: Mike|49\/100 tox|[from] psn\n|upkeep\n|turn|28\n|\n|t:|1699474871\n|switch|p1a: Dondozo|Dondozo, M|61\/100 brn\n|move|p2a: Mike|Recover|p2a: Mike\n|-heal|p2a: Mike|99\/100 tox\n|\n|-damage|p2a: Mike|86\/100 tox|[from] psn\n|-damage|p1a: Dondozo|54\/100 brn|[from] brn\n|upkeep\n|turn|29\n|\n|t:|1699474878\n|move|p2a: Mike|Taunt|p1a: Dondozo\n|-start|p1a: Dondozo|move: Taunt\n|cant|p1a: Dondozo|move: Taunt|Rest\n|\n|-damage|p2a: Mike|68\/100 tox|[from] psn\n|-damage|p1a: Dondozo|48\/100 brn|[from] brn\n|upkeep\n|turn|30\n|\n|t:|1699474888\n|switch|p2a: Coco|Skeledirge, M, tera:Dark|100\/100\n|switch|p1a: Chansey|Chansey, F|82\/100\n|\n|upkeep\n|turn|31\n|\n|t:|1699474894\n|switch|p2a: Mike|Sableye, M|68\/100 tox\n|move|p1a: Chansey|Wish|p1a: Chansey\n|\n|-damage|p2a: Mike|61\/100 tox|[from] psn\n|upkeep\n|turn|32\n|\n|t:|1699474901\n|switch|p1a: Dondozo|Dondozo, M|48\/100 brn\n|move|p2a: Mike|Recover|p2a: Mike\n|-heal|p2a: Mike|100\/100 tox\n|\n|-heal|p1a: Dondozo|100\/100 brn|[from] move: Wish|[wisher] Chansey\n|-damage|p2a: Mike|88\/100 tox|[from] psn\n|-damage|p1a: Dondozo|94\/100 brn|[from] brn\n|upkeep\n|turn|33\n|\n|t:|1699474917\n|move|p2a: Mike|Taunt|p1a: Dondozo\n|-start|p1a: Dondozo|move: Taunt\n|cant|p1a: Dondozo|move: Taunt|Curse\n|\n|-damage|p2a: Mike|69\/100 tox|[from] psn\n|-damage|p1a: Dondozo|88\/100 brn|[from] brn\n|upkeep\n|turn|34\n|inactive|huevoperobaneado has 270 seconds left.\n|\n|t:|1699474947\n|switch|p2a: Hydra|Hydreigon, M|87\/100\n|move|p1a: Dondozo|Liquidation|p2a: Hydra\n|-resisted|p2a: Hydra\n|-damage|p2a: Hydra|77\/100\n|\n|-damage|p1a: Dondozo|82\/100 brn|[from] brn\n|upkeep\n|turn|35\n|inactive|huevoperobaneado has 270 seconds left.\n|\n|t:|1699474959\n|switch|p2a: Blade|Kingambit, M|100\/100\n|switch|p1a: Chansey|Chansey, F|82\/100\n|\n|upkeep\n|turn|36\n|\n|t:|1699474967\n|switch|p1a: Dondozo|Dondozo, M|82\/100 brn\n|move|p2a: Blade|Kowtow Cleave|p1a: Dondozo\n|-damage|p1a: Dondozo|55\/100 brn\n|\n|-damage|p1a: Dondozo|49\/100 brn|[from] brn\n|upkeep\n|turn|37\n|\n|t:|1699474981\n|-end|p2a: Blade|fallenundefined|[silent]\n|switch|p2a: Hydra|Hydreigon, M|77\/100\n|move|p1a: Dondozo|Rest|p1a: Dondozo\n|-status|p1a: Dondozo|slp|[from] move: Rest\n|-heal|p1a: Dondozo|100\/100 slp|[silent]\n|\n|upkeep\n|turn|38\n|\n|t:|1699474989\n|switch|p2a: Mike|Sableye, M|69\/100 tox\n|switch|p1a: Chansey|Chansey, F|82\/100\n|\n|-damage|p2a: Mike|63\/100 tox|[from] psn\n|upkeep\n|turn|39\n|\n|t:|1699474994\n|switch|p1a: Dondozo|Dondozo, M|100\/100 slp\n|move|p2a: Mike|Taunt|p1a: Dondozo\n|-start|p1a: Dondozo|move: Taunt\n|\n|-damage|p2a: Mike|51\/100 tox|[from] psn\n|upkeep\n|turn|40\n|\n|t:|1699474999\n|move|p2a: Mike|Recover|p2a: Mike\n|-heal|p2a: Mike|100\/100 tox\n|cant|p1a: Dondozo|slp\n|\n|-damage|p2a: Mike|82\/100 tox|[from] psn\n|upkeep\n|turn|41\n|inactive|huevoperobaneado has 270 seconds left.\n|\n|t:|1699475029\n|switch|p2a: Goliath|Muk-Alola, M|62\/100\n|cant|p1a: Dondozo|slp\n|\n|-end|p1a: Dondozo|move: Taunt\n|upkeep\n|turn|42\n|inactive|huevoperobaneado has 270 seconds left.\n|\n|t:|1699475042\n|switch|p2a: Mike|Sableye, M|82\/100 tox\n|-curestatus|p1a: Dondozo|slp|[msg]\n|move|p1a: Dondozo|Curse|p1a: Dondozo\n|-unboost|p1a: Dondozo|spe|1\n|-boost|p1a: Dondozo|atk|1\n|-boost|p1a: Dondozo|def|1\n|\n|-damage|p2a: Mike|76\/100 tox|[from] psn\n|upkeep\n|turn|43\n|\n|t:|1699475049\n|move|p2a: Mike|Taunt|p1a: Dondozo\n|-start|p1a: Dondozo|move: Taunt\n|move|p1a: Dondozo|Liquidation|p2a: Mike\n|-damage|p2a: Mike|8\/100 tox\n|\n|-damage|p2a: Mike|0 fnt|[from] psn\n|faint|p2a: Mike\n|upkeep\n|inactive|huevoperobaneado has 270 seconds left.\n|\n|t:|1699475062\n|switch|p2a: Coco|Skeledirge, M, tera:Dark|100\/100\n|turn|44\n|\n|t:|1699475081\n|move|p2a: Coco|Torch Song|p1a: Dondozo\n|-resisted|p1a: Dondozo\n|-damage|p1a: Dondozo|86\/100\n|-boost|p2a: Coco|spa|1\n|move|p1a: Dondozo|Liquidation|p2a: Coco\n|-damage|p2a: Coco|82\/100\n|-damage|p1a: Dondozo|70\/100|[from] item: Rocky Helmet|[of] p2a: Coco\n|\n|upkeep\n|turn|45\n|\n|t:|1699475090\n|switch|p1a: Chansey|Chansey, F|82\/100\n|move|p2a: Coco|Tera Blast|p1a: Chansey|[anim] Tera Blast Dark\n|-crit|p1a: Chansey\n|-damage|p1a: Chansey|52\/100\n|\n|upkeep\n|turn|46\n|\n|t:|1699475100\n|move|p2a: Coco|Tera Blast|p1a: Chansey|[anim] Tera Blast Dark\n|-damage|p1a: Chansey|33\/100\n|move|p1a: Chansey|Soft-Boiled|p1a: Chansey\n|-heal|p1a: Chansey|83\/100\n|\n|upkeep\n|turn|47\n|\n|t:|1699475107\n|switch|p2a: Goliath|Muk-Alola, M|62\/100\n|move|p1a: Chansey|Toxic|p2a: Goliath\n|-immune|p2a: Goliath\n|\n|upkeep\n|turn|48\n|\n|t:|1699475134\n|switch|p1a: Chandelure|Chandelure, F|94\/100 tox\n|move|p2a: Goliath|Explosion|p1a: Chandelure\n|-immune|p1a: Chandelure\n|faint|p2a: Goliath\n|\n|-damage|p1a: Chandelure|88\/100 tox|[from] psn\n|upkeep\n|\n|t:|1699475142\n|switch|p2a: Hydra|Hydreigon, M|77\/100\n|turn|49\n|\n|t:|1699475157\n|switch|p1a: Chansey|Chansey, F|83\/100\n|move|p2a: Hydra|Dark Pulse|p1a: Chansey\n|-damage|p1a: Chansey|67\/100\n|\n|upkeep\n|turn|50\n|\n|t:|1699475165\n|move|p2a: Hydra|Dark Pulse|p1a: Chansey\n|-damage|p1a: Chansey|48\/100\n|move|p1a: Chansey|Toxic|p2a: Hydra\n|-status|p2a: Hydra|tox\n|\n|-damage|p2a: Hydra|71\/100 tox|[from] psn\n|upkeep\n|turn|51\n|\n|t:|1699475171\n|move|p2a: Hydra|Dark Pulse|p1a: Chansey\n|-crit|p1a: Chansey\n|-damage|p1a: Chansey|23\/100\n|move|p1a: Chansey|Wish|p1a: Chansey\n|\n|-damage|p2a: Hydra|59\/100 tox|[from] psn\n|upkeep\n|turn|52\n|\n|t:|1699475182\n|move|p2a: Hydra|Dark Pulse|p1a: Chansey\n|-damage|p1a: Chansey|5\/100\n|move|p1a: Chansey|Seismic Toss|p2a: Hydra\n|-damage|p2a: Hydra|28\/100 tox\n|\n|-heal|p1a: Chansey|55\/100|[from] move: Wish|[wisher] Chansey\n|-damage|p2a: Hydra|10\/100 tox|[from] psn\n|upkeep\n|turn|53\n|\n|t:|1699475192\n|move|p2a: Hydra|Dark Pulse|p1a: Chansey\n|-damage|p1a: Chansey|37\/100\n|move|p1a: Chansey|Wish|p1a: Chansey\n|\n|-damage|p2a: Hydra|0 fnt|[from] psn\n|faint|p2a: Hydra\n|upkeep\n|\n|t:|1699475201\n|switch|p2a: General Tablos|Grimmsnarl, M, shiny|68\/100\n|turn|54\n|\n|t:|1699475210\n|move|p2a: General Tablos|Reflect|p2a: General Tablos\n|-sidestart|p2: huevoperobaneado|Reflect\n|move|p1a: Chansey|Toxic|p2a: General Tablos\n|-status|p2a: General Tablos|tox\n|\n|-heal|p1a: Chansey|87\/100|[from] move: Wish|[wisher] Chansey\n|-damage|p2a: General Tablos|62\/100 tox|[from] psn\n|upkeep\n|turn|55\n|\n|t:|1699475216\n|move|p2a: General Tablos|Parting Shot|p1a: Chansey\n|-unboost|p1a: Chansey|atk|1\n|-unboost|p1a: Chansey|spa|1\n|\n|t:|1699475219\n|switch|p2a: Blade|Kingambit, M|100\/100|[from] Parting Shot\n|-activate|p2a: Blade|ability: Supreme Overlord\n|-start|p2a: Blade|fallen3|[silent]\n|move|p1a: Chansey|Seismic Toss|p2a: Blade\n|-damage|p2a: Blade|76\/100\n|\n|upkeep\n|turn|56\n|\n|t:|1699475227\n|switch|p1a: Dondozo|Dondozo, M|70\/100\n|move|p2a: Blade|Swords Dance|p2a: Blade\n|-boost|p2a: Blade|atk|2\n|\n|upkeep\n|turn|57\n|\n|t:|1699475236\n|move|p2a: Blade|Kowtow Cleave|p1a: Dondozo\n|-damage|p1a: Dondozo|31\/100\n|move|p1a: Dondozo|Rest|p1a: Dondozo\n|-status|p1a: Dondozo|slp|[from] move: Rest\n|-heal|p1a: Dondozo|100\/100 slp|[silent]\n|\n|upkeep\n|turn|58\n|\n|t:|1699475241\n|move|p2a: Blade|Kowtow Cleave|p1a: Dondozo\n|-damage|p1a: Dondozo|64\/100 slp\n|cant|p1a: Dondozo|slp\n|\n|upkeep\n|turn|59\n|inactive|Zanty-Chan has 270 seconds left.\n|inactive|Zanty-Chan has 240 seconds left.\n|\n|t:|1699475322\n|move|p2a: Blade|Kowtow Cleave|p1a: Dondozo\n|-damage|p1a: Dondozo|26\/100 slp\n|cant|p1a: Dondozo|slp\n|\n|upkeep\n|turn|60\n|\n|t:|1699475330\n|switch|p1a: Chansey|Chansey, F|87\/100\n|move|p2a: Blade|Kowtow Cleave|p1a: Chansey\n|-damage|p1a: Chansey|0 fnt\n|faint|p1a: Chansey\n|\n|upkeep\n|\n|t:|1699475336\n|switch|p1a: Chandelure|Chandelure, F|88\/100 tox\n|turn|61\n|\n|t:|1699475342\n|move|p2a: Blade|Sucker Punch||[still]\n|-fail|p2a: Blade\n|move|p1a: Chandelure|Trick|p2a: Blade\n|-activate|p1a: Chandelure|move: Trick|[of] p2a: Blade\n|-item|p2a: Blade|Choice Scarf|[from] move: Trick\n|-item|p1a: Chandelure|Black Glasses|[from] move: Trick\n|\n|-damage|p1a: Chandelure|82\/100 tox|[from] psn\n|-sideend|p2: huevoperobaneado|Reflect\n|upkeep\n|turn|62\n|inactive|Zanty-Chan has 240 seconds left.\n|\n|t:|1699475358\n|switch|p1a: Porygon-Z|Porygon-Z|100\/100\n|move|p2a: Blade|Sucker Punch||[still]\n|-fail|p2a: Blade\n|\n|upkeep\n|turn|63\n|\n|t:|1699475363\n|move|p2a: Blade|Sucker Punch||[still]\n|-fail|p2a: Blade\n|-zpower|p1a: Porygon-Z\n|move|p1a: Porygon-Z|Z-Conversion||[anim]Conversion|[still]\n|-boost|p1a: Porygon-Z|atk|1|[zeffect]\n|-boost|p1a: Porygon-Z|def|1|[zeffect]\n|-boost|p1a: Porygon-Z|spa|1|[zeffect]\n|-boost|p1a: Porygon-Z|spd|1|[zeffect]\n|-boost|p1a: Porygon-Z|spe|1|[zeffect]\n|-fail|p1a: Porygon-Z\n|\n|upkeep\n|turn|64\n|inactive|Zanty-Chan has 240 seconds left.\n|\n|t:|1699475377\n|move|p2a: Blade|Sucker Punch||[still]\n|-fail|p2a: Blade\n|move|p1a: Porygon-Z|Conversion||[still]\n|-fail|p1a: Porygon-Z\n|\n|upkeep\n|turn|65\n|inactive|Zanty-Chan has 240 seconds left.\n|\n|t:|1699475394\n|move|p2a: Blade|Sucker Punch||[still]\n|-fail|p2a: Blade\n|move|p1a: Porygon-Z|Conversion||[still]\n|-fail|p1a: Porygon-Z\n|\n|upkeep\n|turn|66\n|\n|t:|1699475398\n|move|p2a: Blade|Sucker Punch||[still]\n|-fail|p2a: Blade\n|move|p1a: Porygon-Z|Conversion||[still]\n|-fail|p1a: Porygon-Z\n|\n|upkeep\n|turn|67\n|\n|t:|1699475405\n|-end|p2a: Blade|fallen3|[silent]\n|switch|p2a: General Tablos|Grimmsnarl, M, shiny|62\/100 tox\n|move|p1a: Porygon-Z|Conversion||[still]\n|-fail|p1a: Porygon-Z\n|\n|-damage|p2a: General Tablos|56\/100 tox|[from] psn\n|upkeep\n|turn|68\n|\n|t:|1699475410\n|move|p2a: General Tablos|Light Screen|p2a: General Tablos\n|-sidestart|p2: huevoperobaneado|move: Light Screen\n|move|p1a: Porygon-Z|Tri Attack|p2a: General Tablos\n|-damage|p2a: General Tablos|9\/100 tox\n|\n|-damage|p2a: General Tablos|0 fnt|[from] psn\n|faint|p2a: General Tablos\n|upkeep\n|\n|t:|1699475423\n|switch|p2a: Coco|Skeledirge, M, tera:Dark|82\/100\n|turn|69\n|\n|t:|1699475437\n|move|p1a: Porygon-Z|Hidden Power|p2a: Coco\n|-supereffective|p2a: Coco\n|-damage|p2a: Coco|60\/100\n|move|p2a: Coco|Tera Blast|p1a: Porygon-Z|[anim] Tera Blast Dark\n|-damage|p1a: Porygon-Z|63\/100\n|\n|upkeep\n|turn|70\n|\n|t:|1699475447\n|move|p1a: Porygon-Z|Hidden Power|p2a: Coco\n|-supereffective|p2a: Coco\n|-damage|p2a: Coco|37\/100\n|move|p2a: Coco|Torch Song|p1a: Porygon-Z\n|-damage|p1a: Porygon-Z|18\/100\n|-boost|p2a: Coco|spa|1\n|\n|upkeep\n|turn|71\n|\n|t:|1699475456\n|move|p1a: Porygon-Z|Hidden Power|p2a: Coco\n|-supereffective|p2a: Coco\n|-damage|p2a: Coco|16\/100\n|move|p2a: Coco|Slack Off|p2a: Coco\n|-heal|p2a: Coco|66\/100\n|\n|upkeep\n|turn|72\n|\n|t:|1699475464\n|move|p1a: Porygon-Z|Hidden Power|p2a: Coco\n|-supereffective|p2a: Coco\n|-damage|p2a: Coco|44\/100\n|move|p2a: Coco|Slack Off|p2a: Coco\n|-heal|p2a: Coco|94\/100\n|\n|upkeep\n|turn|73\n|\n|t:|1699475475\n|move|p1a: Porygon-Z|Hidden Power|p2a: Coco\n|-supereffective|p2a: Coco\n|-damage|p2a: Coco|73\/100\n|move|p2a: Coco|Tera Blast|p1a: Porygon-Z|[anim] Tera Blast Dark\n|-damage|p1a: Porygon-Z|0 fnt\n|faint|p1a: Porygon-Z\n|\n|upkeep\n|\n|t:|1699475489\n|switch|p1a: Scizor|Scizor, M|100\/100\n|turn|74\n|\n|t:|1699475496\n|switch|p1a: Chandelure|Chandelure, F|82\/100 tox\n|move|p2a: Coco|Tera Blast|p1a: Chandelure|[anim] Tera Blast Dark\n|-supereffective|p1a: Chandelure\n|-damage|p1a: Chandelure|0 fnt\n|faint|p1a: Chandelure\n|\n|upkeep\n|\n|t:|1699475515\n|switch|p1a: Scizor|Scizor, M|100\/100\n|turn|75\n|\n|t:|1699475526\n|move|p1a: Scizor|U-turn|p2a: Coco\n|-supereffective|p2a: Coco\n|-damage|p2a: Coco|18\/100\n|-damage|p1a: Scizor|84\/100|[from] item: Rocky Helmet|[of] p2a: Coco\n|-damage|p1a: Scizor|74\/100|[from] item: Life Orb\n|\n|t:|1699475529\n|switch|p1a: Dondozo|Dondozo, M|26\/100 slp|[from] U-turn\n|move|p2a: Coco|Torch Song|p1a: Dondozo\n|-resisted|p1a: Dondozo\n|-damage|p1a: Dondozo|13\/100 slp\n|-boost|p2a: Coco|spa|1\n|\n|-sideend|p2: huevoperobaneado|move: Light Screen\n|upkeep\n|turn|76\n|\n|t:|1699475537\n|move|p2a: Coco|Tera Blast|p1a: Dondozo|[anim] Tera Blast Dark\n|-damage|p1a: Dondozo|0 fnt\n|faint|p1a: Dondozo\n|\n|upkeep\n|\n|t:|1699475540\n|switch|p1a: Scizor|Scizor, M|74\/100\n|turn|77\n|\n|t:|1699475547\n|move|p1a: Scizor|U-turn|p2a: Coco\n|-supereffective|p2a: Coco\n|-damage|p2a: Coco|0 fnt\n|-damage|p1a: Scizor|58\/100|[from] item: Rocky Helmet|[of] p2a: Coco\n|faint|p2a: Coco\n|-damage|p1a: Scizor|48\/100|[from] item: Life Orb\n|\n|upkeep\n|\n|t:|1699475555\n|switch|p2a: Blade|Kingambit, M|76\/100\n|-activate|p2a: Blade|ability: Supreme Overlord\n|-start|p2a: Blade|fallen5|[silent]\n|turn|78\n|\n|t:|1699475564\n|move|p1a: Scizor|Roost|p1a: Scizor\n|-heal|p1a: Scizor|98\/100\n|-singleturn|p1a: Scizor|move: Roost\n|move|p2a: Blade|Kowtow Cleave|p1a: Scizor\n|-damage|p1a: Scizor|13\/100\n|\n|upkeep\n|turn|79\n|\n|t:|1699475572\n|move|p1a: Scizor|Close Combat|p2a: Blade\n|-supereffective|p2a: Blade\n|-crit|p2a: Blade\n|-damage|p2a: Blade|0 fnt\n|-unboost|p1a: Scizor|def|1\n|-unboost|p1a: Scizor|spd|1\n|faint|p2a: Blade\n|-end|p2a: Blade|fallen5|[silent]\n|-damage|p1a: Scizor|3\/100|[from] item: Life Orb\n|\n|win|Zanty-Chan\n","uploadtime":1699475592,"views":5,"p1id":"zantychan","p2id":"huevoperobaneado","formatid":"gen9nationaldexubers","rating":0,"private":0,"password":""}