{"id":"gen9nationaldexubers-1993537652","p1":"eusha786","p2":"Honningborgen","format":"[Gen 9] National Dex Ubers","log":"|j|\u2606eusha786\n|j|\u2606Honningborgen\n|t:|1700329350\n|gametype|singles\n|player|p1|eusha786|101|1171\n|player|p2|Honningborgen|pokekid|1313\n|teamsize|p1|6\n|teamsize|p2|6\n|gen|9\n|tier|[Gen 9] National Dex Ubers\n|rated|\n|rule|HP Percentage Mod: HP is shown in percentages\n|rule|Endless Battle Clause: Forcing endless battles is banned\n|rule|OHKO Clause: OHKO moves are banned\n|rule|Evasion Moves Clause: Evasion moves are banned\n|rule|Evasion Items Clause: Evasion items are banned\n|rule|Species Clause: Limit one of each Pok\u00e9mon\n|rule|Sleep Clause Mod: Limit one foe put to sleep\n|rule|Mega Rayquaza Clause: You cannot mega evolve Rayquaza\n|clearpoke\n|poke|p1|Rayquaza|\n|poke|p1|Basculegion, M|\n|poke|p1|Groudon|\n|poke|p1|Ribombee, F|\n|poke|p1|Alakazam, M|\n|poke|p1|Regieleki|\n|poke|p2|Gengar, M|\n|poke|p2|Clefable, M|\n|poke|p2|Ho-Oh|\n|poke|p2|Fearow, M|\n|poke|p2|Snorlax, F|\n|poke|p2|Great Tusk|\n|teampreview\n|inactive|Battle timer is ON: inactive players will automatically lose when time's up. (requested by Honningborgen)\n|\n|t:|1700329386\n|start\n|switch|p1a: Ribombee|Ribombee, F|100\/100\n|switch|p2a: Fearow|Fearow, M|100\/100\n|turn|1\n|\n|t:|1700329394\n|move|p1a: Ribombee|Sticky Web|p2a: Fearow\n|-sidestart|p2: Honningborgen|move: Sticky Web\n|move|p2a: Fearow|Sky Attack||[still]\n|-prepare|p2a: Fearow|Sky Attack\n|-enditem|p2a: Fearow|Power Herb\n|-anim|p2a: Fearow|Sky Attack|p1a: Ribombee\n|-supereffective|p1a: Ribombee\n|-enditem|p1a: Ribombee|Focus Sash\n|-damage|p1a: Ribombee|1\/100\n|\n|upkeep\n|turn|2\n|\n|t:|1700329405\n|move|p2a: Fearow|Quick Attack|p1a: Ribombee\n|-damage|p1a: Ribombee|0 fnt\n|faint|p1a: Ribombee\n|\n|upkeep\n|\n|t:|1700329413\n|switch|p1a: Regieleki|Regieleki|100\/100\n|turn|3\n|\n|t:|1700329420\n|-terastallize|p2a: Fearow|Ground\n|move|p1a: Regieleki|Electroweb|p2a: Fearow\n|-immune|p2a: Fearow\n|move|p2a: Fearow|Return|p1a: Regieleki\n|-damage|p1a: Regieleki|16\/100\n|\n|upkeep\n|turn|4\n|\n|t:|1700329433\n|move|p2a: Fearow|Quick Attack|p1a: Regieleki\n|-damage|p1a: Regieleki|0 fnt\n|faint|p1a: Regieleki\n|\n|upkeep\n|\n|t:|1700329440\n|switch|p1a: Groudon|Groudon, shiny|100\/100\n|detailschange|p1a: Groudon|Groudon-Primal, shiny\n|-primal|p1a: Groudon|Red Orb\n|-weather|DesolateLand|[from] ability: Desolate Land|[of] p1a: Groudon\n|turn|5\n|\n|t:|1700329449\n|move|p2a: Fearow|Sky Attack||[still]\n|-prepare|p2a: Fearow|Sky Attack\n|move|p1a: Groudon|Swords Dance|p1a: Groudon\n|-boost|p1a: Groudon|atk|2\n|\n|-weather|DesolateLand|[upkeep]\n|upkeep\n|turn|6\n|\n|t:|1700329453\n|move|p2a: Fearow|Sky Attack|p1a: Groudon|[from]lockedmove\n|-damage|p1a: Groudon|64\/100\n|cant|p1a: Groudon|flinch\n|\n|-weather|DesolateLand|[upkeep]\n|upkeep\n|turn|7\n|\n|t:|1700329462\n|move|p2a: Fearow|Return|p1a: Groudon\n|-damage|p1a: Groudon|39\/100\n|move|p1a: Groudon|Heat Crash|p2a: Fearow\n|-damage|p2a: Fearow|0 fnt\n|faint|p2a: Fearow\n|\n|-weather|DesolateLand|[upkeep]\n|upkeep\n|\n|t:|1700329468\n|switch|p2a: Ho-Oh|Ho-Oh|100\/100\n|turn|8\n|\n|t:|1700329473\n|move|p1a: Groudon|Thunder Wave|p2a: Ho-Oh\n|-status|p2a: Ho-Oh|par\n|move|p2a: Ho-Oh|Defog|p1a: Groudon\n|-unboost|p1a: Groudon|evasion|1\n|-sideend|p2: Honningborgen|Sticky Web|[from] move: Defog|[of] p2a: Ho-Oh\n|\n|-weather|DesolateLand|[upkeep]\n|upkeep\n|turn|9\n|\n|t:|1700329482\n|move|p1a: Groudon|Heat Crash|p2a: Ho-Oh\n|-resisted|p2a: Ho-Oh\n|-damage|p2a: Ho-Oh|14\/100 par\n|move|p2a: Ho-Oh|Toxic|p1a: Groudon\n|-status|p1a: Groudon|tox\n|\n|-weather|DesolateLand|[upkeep]\n|-damage|p1a: Groudon|33\/100 tox|[from] psn\n|upkeep\n|turn|10\n|\n|t:|1700329491\n|switch|p2a: Clefable|Clefable, M|100\/100\n|move|p1a: Groudon|Heat Crash|p2a: Clefable\n|-damage|p2a: Clefable|4\/100\n|\n|-weather|DesolateLand|[upkeep]\n|-heal|p2a: Clefable|10\/100|[from] item: Leftovers\n|-damage|p1a: Groudon|21\/100 tox|[from] psn\n|upkeep\n|turn|11\n|\n|t:|1700329503\n|switch|p2a: Ho-Oh|Ho-Oh|47\/100 par\n|move|p1a: Groudon|Heat Crash|p2a: Ho-Oh\n|-resisted|p2a: Ho-Oh\n|-crit|p2a: Ho-Oh\n|-damage|p2a: Ho-Oh|0 fnt\n|faint|p2a: Ho-Oh\n|\n|-weather|DesolateLand|[upkeep]\n|-damage|p1a: Groudon|2\/100 tox|[from] psn\n|upkeep\n|\n|t:|1700329510\n|switch|p2a: Gengar|Gengar, M|100\/100\n|turn|12\n|\n|t:|1700329514\n|move|p2a: Gengar|Shadow Ball|p1a: Groudon\n|-damage|p1a: Groudon|0 fnt\n|faint|p1a: Groudon\n|-weather|none\n|\n|upkeep\n|\n|t:|1700329521\n|switch|p1a: Alakazam|Alakazam, M|100\/100\n|turn|13\n|\n|t:|1700329533\n|switch|p2a: Snorlax|Snorlax, F|100\/100\n|detailschange|p1a: Alakazam|Alakazam-Mega, M\n|-mega|p1a: Alakazam|Alakazam|Alakazite\n|-ability|p1a: Alakazam|Thick Fat|[from] ability: Trace|[of] p2a: Snorlax\n|move|p1a: Alakazam|Psychic|p2a: Snorlax\n|-damage|p2a: Snorlax|73\/100\n|-unboost|p2a: Snorlax|spd|1\n|\n|upkeep\n|turn|14\n|\n|t:|1700329550\n|switch|p1a: Basculegion|Basculegion, M, shiny|100\/100\n|switch|p2a: Clefable|Clefable, M|10\/100\n|\n|-heal|p2a: Clefable|16\/100|[from] item: Leftovers\n|upkeep\n|turn|15\n|\n|t:|1700329561\n|move|p1a: Basculegion|Last Respects|p2a: Clefable\n|-damage|p2a: Clefable|0 fnt\n|faint|p2a: Clefable\n|\n|upkeep\n|\n|t:|1700329565\n|switch|p2a: Snorlax|Snorlax, F|73\/100\n|turn|16\n|\n|t:|1700329570\n|switch|p1a: Rayquaza|Rayquaza, shiny|100\/100\n|-ability|p1a: Rayquaza|Air Lock\n|move|p2a: Snorlax|Curse|p2a: Snorlax\n|-unboost|p2a: Snorlax|spe|1\n|-boost|p2a: Snorlax|atk|1\n|-boost|p2a: Snorlax|def|1\n|\n|upkeep\n|turn|17\n|\n|t:|1700329581\n|move|p1a: Rayquaza|Earthquake|p2a: Snorlax\n|-damage|p2a: Snorlax|45\/100\n|move|p2a: Snorlax|Rest|p2a: Snorlax\n|-status|p2a: Snorlax|slp|[from] move: Rest\n|-heal|p2a: Snorlax|100\/100 slp|[silent]\n|-enditem|p2a: Snorlax|Chesto Berry|[eat]\n|-curestatus|p2a: Snorlax|slp|[msg]\n|\n|upkeep\n|turn|18\n|\n|t:|1700329589\n|move|p1a: Rayquaza|Earthquake|p2a: Snorlax\n|-damage|p2a: Snorlax|73\/100\n|move|p2a: Snorlax|Curse|p2a: Snorlax\n|-unboost|p2a: Snorlax|spe|1\n|-boost|p2a: Snorlax|atk|1\n|-boost|p2a: Snorlax|def|1\n|\n|upkeep\n|turn|19\n|\n|t:|1700329607\n|move|p1a: Rayquaza|Earthquake|p2a: Snorlax\n|-damage|p2a: Snorlax|55\/100\n|move|p2a: Snorlax|Curse|p2a: Snorlax\n|-unboost|p2a: Snorlax|spe|1\n|-boost|p2a: Snorlax|atk|1\n|-boost|p2a: Snorlax|def|1\n|\n|upkeep\n|turn|20\n|\n|t:|1700329617\n|move|p1a: Rayquaza|Earthquake|p2a: Snorlax\n|-damage|p2a: Snorlax|40\/100\n|move|p2a: Snorlax|Rest|p2a: Snorlax\n|-status|p2a: Snorlax|slp|[from] move: Rest\n|-heal|p2a: Snorlax|100\/100 slp|[silent]\n|\n|upkeep\n|turn|21\n|\n|t:|1700329625\n|move|p1a: Rayquaza|Earthquake|p2a: Snorlax\n|-damage|p2a: Snorlax|85\/100 slp\n|cant|p2a: Snorlax|slp\n|\n|upkeep\n|turn|22\n|\n|t:|1700329630\n|move|p1a: Rayquaza|Earthquake|p2a: Snorlax\n|-damage|p2a: Snorlax|68\/100 slp\n|cant|p2a: Snorlax|slp\n|\n|upkeep\n|turn|23\n|\n|t:|1700329635\n|move|p1a: Rayquaza|Earthquake|p2a: Snorlax\n|-damage|p2a: Snorlax|53\/100 slp\n|-curestatus|p2a: Snorlax|slp|[msg]\n|move|p2a: Snorlax|Body Slam|p1a: Rayquaza\n|-damage|p1a: Rayquaza|23\/100\n|-status|p1a: Rayquaza|par\n|\n|upkeep\n|turn|24\n|\n|t:|1700329642\n|move|p1a: Rayquaza|Earthquake|p2a: Snorlax\n|-damage|p2a: Snorlax|37\/100\n|move|p2a: Snorlax|Body Slam|p1a: Rayquaza\n|-damage|p1a: Rayquaza|0 fnt\n|faint|p1a: Rayquaza\n|\n|upkeep\n|\n|t:|1700329650\n|switch|p1a: Alakazam|Alakazam-Mega, M|100\/100\n|-ability|p1a: Alakazam|Thick Fat|[from] ability: Trace|[of] p2a: Snorlax\n|turn|25\n|\n|t:|1700329655\n|move|p1a: Alakazam|Psychic|p2a: Snorlax\n|-damage|p2a: Snorlax|12\/100\n|move|p2a: Snorlax|Crunch|p1a: Alakazam\n|-supereffective|p1a: Alakazam\n|-damage|p1a: Alakazam|0 fnt\n|faint|p1a: Alakazam\n|\n|upkeep\n|\n|t:|1700329663\n|switch|p1a: Basculegion|Basculegion, M, shiny|100\/100\n|turn|26\n|\n|t:|1700329670\n|move|p1a: Basculegion|Wave Crash|p2a: Snorlax\n|-crit|p2a: Snorlax\n|-damage|p2a: Snorlax|0 fnt\n|faint|p2a: Snorlax\n|-damage|p1a: Basculegion|95\/100|[from] Recoil\n|\n|upkeep\n|\n|t:|1700329674\n|switch|p2a: Gengar|Gengar, M|100\/100\n|turn|27\n|\n|t:|1700329678\n|move|p1a: Basculegion|Wave Crash|p2a: Gengar\n|-damage|p2a: Gengar|0 fnt\n|-start|p1a: Basculegion|Disable|Wave Crash|[from] ability: Cursed Body|[of] p2a: Gengar\n|faint|p2a: Gengar\n|-damage|p1a: Basculegion|73\/100|[from] Recoil\n|\n|upkeep\n|\n|t:|1700329681\n|switch|p2a: Great Tusk|Great Tusk|100\/100\n|-enditem|p2a: Great Tusk|Booster Energy\n|-activate|p2a: Great Tusk|ability: Protosynthesis|[fromitem]\n|-start|p2a: Great Tusk|protosynthesisspe\n|turn|28\n|c|\u2606Honningborgen|gg\n|\n|t:|1700329689\n|move|p2a: Great Tusk|Headlong Rush|p1a: Basculegion\n|-damage|p1a: Basculegion|8\/100\n|-unboost|p2a: Great Tusk|def|1\n|-unboost|p2a: Great Tusk|spd|1\n|-activate|p1a: Basculegion|move: Struggle\n|move|p1a: Basculegion|Struggle|p2a: Great Tusk\n|-damage|p2a: Great Tusk|86\/100\n|-damage|p1a: Basculegion|0 fnt|[from] recoil\n|faint|p1a: Basculegion\n|\n|win|Honningborgen\n|raw|eusha786's rating: 1171 &rarr; <strong>1156<\/strong><br \/>(-15 for losing)\n|raw|Honningborgen's rating: 1313 &rarr; <strong>1325<\/strong><br \/>(+12 for winning)\n|l|\u2606eusha786\n","uploadtime":1700329700,"views":15,"p1id":"eusha786","p2id":"honningborgen","formatid":"gen9nationaldexubers","rating":1156,"private":0,"password":""}