{"id":"gen9nationaldexubers-1992065119","p1":"Kdisue","p2":"randomguyforlife","format":"[Gen 9] National Dex Ubers","log":"|j|\u2606Kdisue\n|j|\u2606randomguyforlife\n|t:|1700152148\n|gametype|singles\n|player|p1|Kdisue|101|1254\n|player|p2|randomguyforlife|102|1287\n|teamsize|p1|6\n|teamsize|p2|6\n|gen|9\n|tier|[Gen 9] National Dex Ubers\n|rated|\n|rule|HP Percentage Mod: HP is shown in percentages\n|rule|Endless Battle Clause: Forcing endless battles is banned\n|rule|OHKO Clause: OHKO moves are banned\n|rule|Evasion Moves Clause: Evasion moves are banned\n|rule|Evasion Items Clause: Evasion items are banned\n|rule|Species Clause: Limit one of each Pok\u00e9mon\n|rule|Sleep Clause Mod: Limit one foe put to sleep\n|rule|Mega Rayquaza Clause: You cannot mega evolve Rayquaza\n|clearpoke\n|poke|p1|Arceus-Bug|\n|poke|p1|Genesect|\n|poke|p1|Beedrill, F|\n|poke|p1|Kleavor, F|\n|poke|p1|Volcarona, F|\n|poke|p1|Ursaluna-Bloodmoon, M|\n|poke|p2|Regieleki|\n|poke|p2|Chi-Yu|\n|poke|p2|Chien-Pao|\n|poke|p2|Slowking-Galar, M|\n|poke|p2|Dracovish|\n|poke|p2|Slowbro, M|\n|teampreview\n|\n|t:|1700152157\n|start\n|switch|p1a: Truck ; ;|Kleavor, F|100\/100\n|switch|p2a: Regieleki|Regieleki|100\/100\n|turn|1\n|\n|t:|1700152167\n|move|p2a: Regieleki|Thunderbolt|p1a: Truck ; ;\n|-damage|p1a: Truck ; ;|12\/100\n|move|p1a: Truck ; ;|Stone Axe|p2a: Regieleki\n|-damage|p2a: Regieleki|0 fnt\n|-sidestart|p2: randomguyforlife|move: Stealth Rock\n|faint|p2a: Regieleki\n|\n|upkeep\n|inactive|Battle timer is ON: inactive players will automatically lose when time's up. (requested by Kdisue)\n|\n|t:|1700152187\n|switch|p2a: Chien-Pao|Chien-Pao|100\/100\n|-damage|p2a: Chien-Pao|76\/100|[from] Stealth Rock\n|-ability|p2a: Chien-Pao|Sword of Ruin\n|turn|2\n|\n|t:|1700152193\n|move|p1a: Truck ; ;|Stone Axe|p2a: Chien-Pao\n|-supereffective|p2a: Chien-Pao\n|-damage|p2a: Chien-Pao|0 fnt\n|faint|p2a: Chien-Pao\n|\n|upkeep\n|\n|t:|1700152199\n|switch|p2a: Slowking|Slowking-Galar, M|100\/100\n|turn|3\n|\n|t:|1700152204\n|move|p1a: Truck ; ;|Stone Axe|p2a: Slowking\n|-damage|p2a: Slowking|62\/100\n|move|p2a: Slowking|Scald|p1a: Truck ; ;\n|-supereffective|p1a: Truck ; ;\n|-damage|p1a: Truck ; ;|0 fnt\n|faint|p1a: Truck ; ;\n|\n|upkeep\n|\n|t:|1700152213\n|switch|p1a: Truck :v:|Genesect, shiny|100\/100\n|-ability|p1a: Truck :v:|Download|boost\n|-boost|p1a: Truck :v:|spa|1\n|turn|4\n|\n|t:|1700152225\n|move|p1a: Truck :v:|U-turn|p2a: Slowking\n|-damage|p2a: Slowking|37\/100\n|\n|t:|1700152233\n|switch|p1a: Truck :.:|Beedrill, F, shiny|100\/100|[from] U-turn\n|move|p2a: Slowking|Thunder Wave|p1a: Truck :.:\n|-status|p1a: Truck :.:|par\n|\n|upkeep\n|turn|5\n|inactive|Kdisue has 120 seconds left.\n|\n|t:|1700152267\n|detailschange|p1a: Truck :.:|Beedrill-Mega, F, shiny\n|-mega|p1a: Truck :.:|Beedrill|Beedrillite\n|move|p1a: Truck :.:|U-turn|p2a: Slowking\n|-damage|p2a: Slowking|0 fnt\n|faint|p2a: Slowking\n|inactive|Kdisue has 120 seconds left.\n|\n|t:|1700152275\n|switch|p1a: Articulated Lorry|Volcarona, F|100\/100|[from] U-turn\n|\n|upkeep\n|\n|t:|1700152277\n|switch|p2a: Dracovish|Dracovish|100\/100\n|-damage|p2a: Dracovish|88\/100|[from] Stealth Rock\n|turn|6\n|\n|t:|1700152285\n|-terastallize|p2a: Dracovish|Water\n|move|p2a: Dracovish|Fishious Rend|p1a: Articulated Lorry\n|-supereffective|p1a: Articulated Lorry\n|-damage|p1a: Articulated Lorry|0 fnt\n|faint|p1a: Articulated Lorry\n|\n|upkeep\n|\n|t:|1700152293\n|switch|p1a: Truck :v:|Genesect, shiny|100\/100\n|-ability|p1a: Truck :v:|Download|boost\n|-boost|p1a: Truck :v:|spa|1\n|turn|7\n|\n|t:|1700152297\n|move|p1a: Truck :v:|U-turn|p2a: Dracovish\n|-damage|p2a: Dracovish|53\/100\n|\n|t:|1700152301\n|switch|p1a: Truck :.:|Beedrill-Mega, F, shiny|100\/100 par|[from] U-turn\n|move|p2a: Dracovish|Fishious Rend|p1a: Truck :.:\n|-damage|p1a: Truck :.:|0 fnt\n|faint|p1a: Truck :.:\n|\n|upkeep\n|\n|t:|1700152309\n|switch|p1a: Truck :v:|Genesect, shiny|100\/100\n|-ability|p1a: Truck :v:|Download|boost\n|-boost|p1a: Truck :v:|spa|1\n|turn|8\n|\n|t:|1700152315\n|switch|p2a: Slowbro|Slowbro, M|100\/100\n|move|p1a: Truck :v:|U-turn|p2a: Slowbro\n|-supereffective|p2a: Slowbro\n|-damage|p2a: Slowbro|40\/100\n|\n|t:|1700152321\n|switch|p1a: Truck ;.;|Arceus-Bug, shiny|100\/100|[from] U-turn\n|\n|upkeep\n|turn|9\n|\n|t:|1700152326\n|move|p1a: Truck ;.;|Judgment|p2a: Slowbro\n|-supereffective|p2a: Slowbro\n|-damage|p2a: Slowbro|0 fnt\n|faint|p2a: Slowbro\n|\n|upkeep\n|\n|t:|1700152330\n|switch|p2a: Dracovish|Dracovish, tera:Water|53\/100\n|-damage|p2a: Dracovish|40\/100|[from] Stealth Rock\n|turn|10\n|\n|t:|1700152337\n|move|p2a: Dracovish|Fishious Rend|p1a: Truck ;.;\n|-damage|p1a: Truck ;.;|10\/100\n|move|p1a: Truck ;.;|Judgment|p2a: Dracovish\n|-damage|p2a: Dracovish|0 fnt\n|faint|p2a: Dracovish\n|\n|upkeep\n|\n|t:|1700152340\n|switch|p2a: Chi-Yu|Chi-Yu|100\/100\n|-damage|p2a: Chi-Yu|76\/100|[from] Stealth Rock\n|-ability|p2a: Chi-Yu|Beads of Ruin\n|turn|11\n|\n|t:|1700152355\n|move|p1a: Truck ;.;|Hydro Pump|p2a: Chi-Yu\n|-supereffective|p2a: Chi-Yu\n|-damage|p2a: Chi-Yu|6\/100\n|move|p2a: Chi-Yu|Flamethrower|p1a: Truck ;.;\n|-supereffective|p1a: Truck ;.;\n|-damage|p1a: Truck ;.;|0 fnt\n|faint|p1a: Truck ;.;\n|\n|upkeep\n|\n|t:|1700152364\n|switch|p1a: Truck :v:|Genesect, shiny|100\/100\n|-ability|p1a: Truck :v:|Download|boost\n|-boost|p1a: Truck :v:|atk|1\n|turn|12\n|-message|randomguyforlife forfeited.\n|\n|win|Kdisue\n|raw|Kdisue's rating: 1254 &rarr; <strong>1281<\/strong><br \/>(+27 for winning)\n|raw|randomguyforlife's rating: 1287 &rarr; <strong>1260<\/strong><br \/>(-27 for losing)\n|l|\u2606randomguyforlife\n","uploadtime":1700152371,"views":13,"p1id":"kdisue","p2id":"randomguyforlife","formatid":"gen9nationaldexubers","rating":1260,"private":0,"password":""}