{"id":"gen9nationaldexubers-1991480242","p1":"Vary Aries","p2":"Kdisue","format":"[Gen 9] National Dex Ubers","log":"|j|\u2606Vary Aries\n|j|\u2606Kdisue\n|t:|1700080803\n|gametype|singles\n|player|p1|Vary Aries|cynthia|1261\n|player|p2|Kdisue|101|1249\n|teamsize|p1|6\n|teamsize|p2|6\n|gen|9\n|tier|[Gen 9] National Dex Ubers\n|rated|\n|rule|HP Percentage Mod: HP is shown in percentages\n|rule|Endless Battle Clause: Forcing endless battles is banned\n|rule|OHKO Clause: OHKO moves are banned\n|rule|Evasion Moves Clause: Evasion moves are banned\n|rule|Evasion Items Clause: Evasion items are banned\n|rule|Species Clause: Limit one of each Pok\u00e9mon\n|rule|Sleep Clause Mod: Limit one foe put to sleep\n|rule|Mega Rayquaza Clause: You cannot mega evolve Rayquaza\n|clearpoke\n|poke|p1|Shaymin-Sky|\n|poke|p1|Lucario, M|\n|poke|p1|Darmanitan-Galar, M|\n|poke|p1|Urshifu-*, M|\n|poke|p1|Dracovish|\n|poke|p1|Marshadow|\n|poke|p2|Arceus-Bug|\n|poke|p2|Genesect|\n|poke|p2|Beedrill, F|\n|poke|p2|Kleavor, F|\n|poke|p2|Volcarona, M|\n|poke|p2|Ursaluna-Bloodmoon, M|\n|teampreview\n|inactive|Battle timer is ON: inactive players will automatically lose when time's up. (requested by Vary Aries)\n|\n|t:|1700080819\n|start\n|switch|p1a: Dracovish|Dracovish|100\/100\n|switch|p2a: Truck ; ;|Kleavor, F|100\/100\n|turn|1\n|\n|t:|1700080828\n|move|p2a: Truck ; ;|Stone Axe|p1a: Dracovish\n|-damage|p1a: Dracovish|45\/100\n|-sidestart|p1: Vary Aries|move: Stealth Rock\n|move|p1a: Dracovish|Fishious Rend|p2a: Truck ; ;\n|-supereffective|p2a: Truck ; ;\n|-damage|p2a: Truck ; ;|0 fnt\n|faint|p2a: Truck ; ;\n|\n|upkeep\n|\n|t:|1700080836\n|switch|p2a: Truck :.:|Beedrill, F, shiny|100\/100\n|turn|2\n|\n|t:|1700080844\n|detailschange|p2a: Truck :.:|Beedrill-Mega, F, shiny\n|-mega|p2a: Truck :.:|Beedrill|Beedrillite\n|move|p2a: Truck :.:|U-turn|p1a: Dracovish\n|-damage|p1a: Dracovish|0 fnt\n|faint|p1a: Dracovish\n|\n|t:|1700080855\n|switch|p2a: Truck ;.;|Arceus-Bug, shiny|100\/100|[from] U-turn\n|\n|upkeep\n|\n|t:|1700080875\n|switch|p1a: Shaymin|Shaymin-Sky|100\/100\n|-damage|p1a: Shaymin|76\/100|[from] Stealth Rock\n|turn|3\n|\n|t:|1700080882\n|move|p1a: Shaymin|Air Slash|p2a: Truck ;.;\n|-supereffective|p2a: Truck ;.;\n|-damage|p2a: Truck ;.;|55\/100\n|cant|p2a: Truck ;.;|flinch\n|\n|upkeep\n|turn|4\n|\n|t:|1700080889\n|move|p1a: Shaymin|Air Slash|p2a: Truck ;.;\n|-supereffective|p2a: Truck ;.;\n|-damage|p2a: Truck ;.;|4\/100\n|move|p2a: Truck ;.;|Judgment|p1a: Shaymin\n|-damage|p1a: Shaymin|16\/100\n|\n|upkeep\n|turn|5\n|\n|t:|1700080897\n|move|p1a: Shaymin|Air Slash|p2a: Truck ;.;\n|-supereffective|p2a: Truck ;.;\n|-damage|p2a: Truck ;.;|0 fnt\n|faint|p2a: Truck ;.;\n|\n|upkeep\n|\n|t:|1700080909\n|switch|p2a: Truck :v:|Genesect, shiny|100\/100\n|-ability|p2a: Truck :v:|Download|boost\n|-boost|p2a: Truck :v:|atk|1\n|turn|6\n|\n|t:|1700080920\n|move|p2a: Truck :v:|Iron Head|p1a: Shaymin\n|-damage|p1a: Shaymin|0 fnt\n|faint|p1a: Shaymin\n|\n|upkeep\n|\n|t:|1700080942\n|switch|p1a: Urshifu|Urshifu, M|100\/100\n|-damage|p1a: Urshifu|94\/100|[from] Stealth Rock\n|turn|7\n|inactive|Vary Aries has 120 seconds left.\n|\n|t:|1700080962\n|move|p2a: Truck :v:|Iron Head|p1a: Urshifu\n|-damage|p1a: Urshifu|35\/100\n|cant|p1a: Urshifu|flinch\n|\n|upkeep\n|turn|8\n|\n|t:|1700080975\n|move|p2a: Truck :v:|Iron Head|p1a: Urshifu\n|-damage|p1a: Urshifu|0 fnt\n|faint|p1a: Urshifu\n|\n|upkeep\n|inactive|Vary Aries has 120 seconds left.\n|\n|t:|1700080988\n|switch|p1a: Darmanitan|Darmanitan-Galar, M|100\/100\n|-damage|p1a: Darmanitan|75\/100|[from] Stealth Rock\n|turn|9\n|\n|t:|1700080994\n|-terastallize|p1a: Darmanitan|Ground\n|move|p2a: Truck :v:|Iron Head|p1a: Darmanitan\n|-damage|p1a: Darmanitan|0 fnt\n|faint|p1a: Darmanitan\n|\n|upkeep\n|\n|t:|1700081004\n|switch|p1a: Lucario|Lucario, M|100\/100\n|-damage|p1a: Lucario|98\/100|[from] Stealth Rock\n|turn|10\n|\n|t:|1700081011\n|detailschange|p1a: Lucario|Lucario-Mega, M\n|-mega|p1a: Lucario|Lucario|Lucarionite\n|move|p2a: Truck :v:|Iron Head|p1a: Lucario\n|-resisted|p1a: Lucario\n|-damage|p1a: Lucario|58\/100\n|move|p1a: Lucario|Drain Punch|p2a: Truck :v:\n|-crit|p2a: Truck :v:\n|-damage|p2a: Truck :v:|0 fnt\n|-heal|p1a: Lucario|100\/100|[from] drain|[of] p2a: Truck :v:\n|faint|p2a: Truck :v:\n|\n|upkeep\n|\n|t:|1700081025\n|switch|p2a: Articulated Lorry|Volcarona, M|100\/100\n|turn|11\n|\n|t:|1700081038\n|move|p1a: Lucario|Extreme Speed|p2a: Articulated Lorry\n|-damage|p2a: Articulated Lorry|68\/100\n|-status|p1a: Lucario|brn|[from] ability: Flame Body|[of] p2a: Articulated Lorry\n|move|p2a: Articulated Lorry|Fiery Dance|p1a: Lucario\n|-supereffective|p1a: Lucario\n|-damage|p1a: Lucario|0 fnt\n|-boost|p2a: Articulated Lorry|spa|1\n|faint|p1a: Lucario\n|\n|upkeep\n|\n|t:|1700081047\n|switch|p1a: Marshadow|Marshadow|100\/100\n|-damage|p1a: Marshadow|94\/100|[from] Stealth Rock\n|turn|12\n|\n|t:|1700081058\n|-zpower|p1a: Marshadow\n|move|p1a: Marshadow|Soul-Stealing 7-Star Strike|p2a: Articulated Lorry|[zeffect]\n|-damage|p2a: Articulated Lorry|0 fnt\n|faint|p2a: Articulated Lorry\n|\n|upkeep\n|\n|t:|1700081072\n|switch|p2a: Truck :.:|Beedrill-Mega, F, shiny|100\/100\n|turn|13\n|\n|t:|1700081092\n|move|p2a: Truck :.:|Knock Off|p1a: Marshadow\n|-damage|p1a: Marshadow|60\/100\n|move|p1a: Marshadow|Pursuit|p2a: Truck :.:\n|-damage|p2a: Truck :.:|50\/100\n|\n|upkeep\n|turn|14\n|\n|t:|1700081107\n|move|p1a: Marshadow|Shadow Sneak|p2a: Truck :.:\n|-damage|p2a: Truck :.:|0 fnt\n|faint|p2a: Truck :.:\n|\n|upkeep\n|\n|t:|1700081117\n|switch|p2a: Flora|Ursaluna-Bloodmoon, M|100\/100\n|turn|15\n|\n|t:|1700081124\n|-terastallize|p2a: Flora|Bug\n|move|p1a: Marshadow|Force Palm|p2a: Flora\n|-resisted|p2a: Flora\n|-damage|p2a: Flora|85\/100\n|move|p2a: Flora|Blood Moon|p1a: Marshadow\n|-damage|p1a: Marshadow|0 fnt\n|faint|p1a: Marshadow\n|\n|win|Kdisue\n|raw|Vary Aries's rating: 1261 &rarr; <strong>1235<\/strong><br \/>(-26 for losing)\n|raw|Kdisue's rating: 1249 &rarr; <strong>1275<\/strong><br \/>(+26 for winning)\n|l|\u2606Vary Aries\n","uploadtime":1700081138,"views":7,"p1id":"varyaries","p2id":"kdisue","formatid":"gen9nationaldexubers","rating":1235,"private":0,"password":""}