{"id":"gen9nationaldexubers-1995096982","p1":"Rodrigod2002","p2":"JustMonika_CARR","format":"[Gen 9] National Dex Ubers","log":"|j|\u2606Rodrigod2002\n|j|\u2606JustMonika_CARR\n|t:|1700522187\n|gametype|singles\n|player|p1|Rodrigod2002|101|1294\n|player|p2|JustMonika_CARR|dawn|1385\n|teamsize|p1|6\n|teamsize|p2|6\n|gen|9\n|tier|[Gen 9] National Dex Ubers\n|rated|\n|rule|HP Percentage Mod: HP is shown in percentages\n|rule|Endless Battle Clause: Forcing endless battles is banned\n|rule|OHKO Clause: OHKO moves are banned\n|rule|Evasion Moves Clause: Evasion moves are banned\n|rule|Evasion Items Clause: Evasion items are banned\n|rule|Species Clause: Limit one of each Pok\u00e9mon\n|rule|Sleep Clause Mod: Limit one foe put to sleep\n|rule|Mega Rayquaza Clause: You cannot mega evolve Rayquaza\n|clearpoke\n|poke|p1|Groudon|\n|poke|p1|Excadrill, M|\n|poke|p1|Salamence, M|\n|poke|p1|Arceus|\n|poke|p1|Xerneas-*|\n|poke|p1|Lunala|\n|poke|p2|Shuckle, F|\n|poke|p2|Deoxys-Speed|\n|poke|p2|Arceus|\n|poke|p2|Forretress, M|\n|poke|p2|Magearna|\n|poke|p2|Pyukumuku, F|\n|teampreview\n|\n|t:|1700522202\n|start\n|switch|p1a: Excadrill|Excadrill, M|100\/100\n|switch|p2a: Forretress|Forretress, M, shiny|100\/100\n|-ability|p1a: Excadrill|Mold Breaker\n|turn|1\n|\n|t:|1700522211\n|move|p1a: Excadrill|Stealth Rock|p2a: Forretress\n|-sidestart|p2: JustMonika_CARR|move: Stealth Rock\n|move|p2a: Forretress|Stealth Rock|p1a: Excadrill\n|-sidestart|p1: Rodrigod2002|move: Stealth Rock\n|\n|upkeep\n|turn|2\n|\n|t:|1700522223\n|move|p1a: Excadrill|Earthquake|p2a: Forretress\n|-damage|p2a: Forretress|65\/100\n|-enditem|p2a: Forretress|Red Card|[of] p1a: Excadrill\n|drag|p1a: Groudon|Groudon, shiny|100\/100\n|-damage|p1a: Groudon|94\/100|[from] Stealth Rock\n|detailschange|p1a: Groudon|Groudon-Primal, shiny\n|-primal|p1a: Groudon|Red Orb\n|-weather|DesolateLand|[from] ability: Desolate Land|[of] p1a: Groudon\n|move|p2a: Forretress|Toxic Spikes|p1a: Groudon\n|-sidestart|p1: Rodrigod2002|move: Toxic Spikes\n|\n|-weather|DesolateLand|[upkeep]\n|upkeep\n|turn|3\n|\n|t:|1700522235\n|-terastallize|p2a: Forretress|Dragon\n|move|p1a: Groudon|Precipice Blades|p2a: Forretress\n|-damage|p2a: Forretress|6\/100\n|move|p2a: Forretress|Rapid Spin|p1a: Groudon\n|-damage|p1a: Groudon|88\/100\n|-boost|p2a: Forretress|spe|1\n|-sideend|p2: JustMonika_CARR|Stealth Rock|[from] move: Rapid Spin|[of] p2a: Forretress\n|\n|-weather|DesolateLand|[upkeep]\n|upkeep\n|turn|4\n|\n|t:|1700522245\n|move|p1a: Groudon|Precipice Blades|p2a: Forretress\n|-damage|p2a: Forretress|0 fnt\n|faint|p2a: Forretress\n|\n|-weather|DesolateLand|[upkeep]\n|upkeep\n|\n|t:|1700522252\n|switch|p2a: Deoxys|Deoxys-Speed, shiny|100\/100\n|-ability|p2a: Deoxys|Pressure\n|turn|5\n|\n|t:|1700522258\n|move|p2a: Deoxys|Reflect|p2a: Deoxys\n|-sidestart|p2: JustMonika_CARR|Reflect\n|move|p1a: Groudon|Precipice Blades|p2a: Deoxys\n|-damage|p2a: Deoxys|46\/100\n|\n|-weather|DesolateLand|[upkeep]\n|upkeep\n|turn|6\n|\n|t:|1700522267\n|move|p2a: Deoxys|Mud-Slap|p1a: Groudon\n|-supereffective|p1a: Groudon\n|-damage|p1a: Groudon|78\/100\n|-unboost|p1a: Groudon|accuracy|1\n|move|p1a: Groudon|Precipice Blades|p2a: Deoxys\n|-damage|p2a: Deoxys|0 fnt\n|faint|p2a: Deoxys\n|\n|-weather|DesolateLand|[upkeep]\n|upkeep\n|\n|t:|1700522277\n|switch|p2a: Arceus|Arceus|100\/100\n|turn|7\n|\n|t:|1700522284\n|move|p1a: Groudon|Rock Polish|p1a: Groudon\n|-boost|p1a: Groudon|spe|2\n|move|p2a: Arceus|Cosmic Power|p2a: Arceus\n|-boost|p2a: Arceus|def|1\n|-boost|p2a: Arceus|spd|1\n|\n|-weather|DesolateLand|[upkeep]\n|upkeep\n|turn|8\n|\n|t:|1700522291\n|move|p1a: Groudon|Precipice Blades|p2a: Arceus|[miss]\n|-miss|p1a: Groudon|p2a: Arceus\n|move|p2a: Arceus|Cosmic Power|p2a: Arceus\n|-boost|p2a: Arceus|def|1\n|-boost|p2a: Arceus|spd|1\n|\n|-weather|DesolateLand|[upkeep]\n|upkeep\n|turn|9\n|\n|t:|1700522300\n|move|p1a: Groudon|Precipice Blades|p2a: Arceus\n|-damage|p2a: Arceus|88\/100\n|move|p2a: Arceus|Cosmic Power|p2a: Arceus\n|-boost|p2a: Arceus|def|1\n|-boost|p2a: Arceus|spd|1\n|\n|-weather|DesolateLand|[upkeep]\n|upkeep\n|turn|10\n|\n|t:|1700522307\n|move|p1a: Groudon|Precipice Blades|p2a: Arceus\n|-damage|p2a: Arceus|78\/100\n|move|p2a: Arceus|Cosmic Power|p2a: Arceus\n|-boost|p2a: Arceus|def|1\n|-boost|p2a: Arceus|spd|1\n|\n|-weather|DesolateLand|[upkeep]\n|upkeep\n|turn|11\n|\n|t:|1700522316\n|move|p1a: Groudon|Precipice Blades|p2a: Arceus|[miss]\n|-miss|p1a: Groudon|p2a: Arceus\n|move|p2a: Arceus|Cosmic Power|p2a: Arceus\n|-boost|p2a: Arceus|def|1\n|-boost|p2a: Arceus|spd|1\n|\n|-weather|DesolateLand|[upkeep]\n|upkeep\n|turn|12\n|\n|t:|1700522322\n|move|p1a: Groudon|Precipice Blades|p2a: Arceus\n|-damage|p2a: Arceus|70\/100\n|move|p2a: Arceus|Cosmic Power|p2a: Arceus\n|-boost|p2a: Arceus|def|1\n|-boost|p2a: Arceus|spd|1\n|\n|-weather|DesolateLand|[upkeep]\n|-sideend|p2: JustMonika_CARR|Reflect\n|upkeep\n|turn|13\n|\n|t:|1700522328\n|move|p1a: Groudon|Precipice Blades|p2a: Arceus|[miss]\n|-miss|p1a: Groudon|p2a: Arceus\n|move|p2a: Arceus|Stored Power|p1a: Groudon\n|-damage|p1a: Groudon|2\/100\n|\n|-weather|DesolateLand|[upkeep]\n|upkeep\n|turn|14\n|\n|t:|1700522336\n|move|p1a: Groudon|Precipice Blades|p2a: Arceus\n|-damage|p2a: Arceus|58\/100\n|move|p2a: Arceus|Stored Power|p1a: Groudon\n|-damage|p1a: Groudon|0 fnt\n|faint|p1a: Groudon\n|-weather|none\n|\n|upkeep\n|\n|t:|1700522343\n|switch|p1a: Lunala|Lunala|100\/100\n|-damage|p1a: Lunala|88\/100|[from] Stealth Rock\n|-status|p1a: Lunala|psn\n|turn|15\n|\n|t:|1700522349\n|move|p1a: Lunala|Focus Blast|p2a: Arceus\n|-supereffective|p2a: Arceus\n|-damage|p2a: Arceus|44\/100\n|move|p2a: Arceus|Charge Beam|p1a: Lunala\n|-damage|p1a: Lunala|78\/100 psn\n|-boost|p2a: Arceus|spa|1\n|\n|-damage|p1a: Lunala|66\/100 psn|[from] psn\n|upkeep\n|turn|16\n|\n|t:|1700522361\n|move|p1a: Lunala|Focus Blast|p2a: Arceus|[miss]\n|-miss|p1a: Lunala|p2a: Arceus\n|move|p2a: Arceus|Rest|p2a: Arceus\n|-status|p2a: Arceus|slp|[from] move: Rest\n|-heal|p2a: Arceus|100\/100 slp|[silent]\n|-enditem|p2a: Arceus|Chesto Berry|[eat]\n|-curestatus|p2a: Arceus|slp|[msg]\n|\n|-damage|p1a: Lunala|53\/100 psn|[from] psn\n|upkeep\n|turn|17\n|\n|t:|1700522371\n|move|p1a: Lunala|Focus Blast|p2a: Arceus\n|-supereffective|p2a: Arceus\n|-damage|p2a: Arceus|86\/100\n|move|p2a: Arceus|Charge Beam|p1a: Lunala\n|-damage|p1a: Lunala|37\/100 psn\n|-boost|p2a: Arceus|spa|1\n|\n|-damage|p1a: Lunala|25\/100 psn|[from] psn\n|upkeep\n|turn|18\n|\n|t:|1700522381\n|move|p1a: Lunala|Focus Blast|p2a: Arceus\n|-supereffective|p2a: Arceus\n|-damage|p2a: Arceus|73\/100\n|-unboost|p2a: Arceus|spd|1\n|move|p2a: Arceus|Charge Beam|p1a: Lunala\n|-damage|p1a: Lunala|4\/100 psn\n|-boost|p2a: Arceus|spa|1\n|\n|-damage|p1a: Lunala|0 fnt|[from] psn\n|faint|p1a: Lunala\n|upkeep\n|\n|t:|1700522392\n|switch|p1a: Xerneas|Xerneas, shiny|100\/100\n|-damage|p1a: Xerneas|88\/100|[from] Stealth Rock\n|-status|p1a: Xerneas|psn\n|-ability|p1a: Xerneas|Fairy Aura\n|turn|19\n|\n|t:|1700522402\n|move|p2a: Arceus|Stored Power|p1a: Xerneas\n|-damage|p1a: Xerneas|0 fnt\n|faint|p1a: Xerneas\n|\n|upkeep\n|\n|t:|1700522406\n|switch|p1a: Excadrill|Excadrill, M|100\/100\n|-damage|p1a: Excadrill|97\/100|[from] Stealth Rock\n|-ability|p1a: Excadrill|Mold Breaker\n|turn|20\n|\n|t:|1700522412\n|move|p1a: Excadrill|Rapid Spin|p2a: Arceus\n|-damage|p2a: Arceus|70\/100\n|-boost|p1a: Excadrill|spe|1\n|-sideend|p1: Rodrigod2002|Toxic Spikes|[from] move: Rapid Spin|[of] p1a: Excadrill\n|-sideend|p1: Rodrigod2002|Stealth Rock|[from] move: Rapid Spin|[of] p1a: Excadrill\n|move|p2a: Arceus|Stored Power|p1a: Excadrill\n|-resisted|p1a: Excadrill\n|-damage|p1a: Excadrill|0 fnt\n|faint|p1a: Excadrill\n|\n|upkeep\n|\n|t:|1700522423\n|switch|p1a: Arceus|Arceus|100\/100\n|turn|21\n|\n|t:|1700522430\n|move|p1a: Arceus|Extreme Speed|p2a: Arceus\n|-damage|p2a: Arceus|62\/100\n|-damage|p1a: Arceus|91\/100|[from] item: Life Orb\n|move|p2a: Arceus|Stored Power|p1a: Arceus\n|-damage|p1a: Arceus|0 fnt\n|faint|p1a: Arceus\n|\n|upkeep\n|-message|Rodrigod2002 forfeited.\n|\n|win|JustMonika_CARR\n|raw|Rodrigod2002's rating: 1294 &rarr; <strong>1275<\/strong><br \/>(-19 for losing)\n|raw|JustMonika_CARR's rating: 1385 &rarr; <strong>1400<\/strong><br \/>(+15 for winning)\n|l|\u2606Rodrigod2002\n","uploadtime":1700522442,"views":1,"p1id":"rodrigod2002","p2id":"justmonikacarr","formatid":"gen9nationaldexubers","rating":1275,"private":0,"password":""}