{"id":"gen9nationaldexubers-1982529834","p1":"jojjdadvadva","p2":"TikToy","format":"[Gen 9] National Dex Ubers","log":"|j|\u2606jojjdadvadva\n|j|\u2606TikToy\n|t:|1699023132\n|gametype|singles\n|player|p1|jojjdadvadva|steven|1000\n|player|p2|TikToy|nate|1136\n|teamsize|p1|6\n|teamsize|p2|6\n|gen|9\n|tier|[Gen 9] National Dex Ubers\n|rated|\n|rule|HP Percentage Mod: HP is shown in percentages\n|rule|Endless Battle Clause: Forcing endless battles is banned\n|rule|OHKO Clause: OHKO moves are banned\n|rule|Evasion Moves Clause: Evasion moves are banned\n|rule|Evasion Items Clause: Evasion items are banned\n|rule|Species Clause: Limit one of each Pok\u00e9mon\n|rule|Sleep Clause Mod: Limit one foe put to sleep\n|rule|Mega Rayquaza Clause: You cannot mega evolve Rayquaza\n|clearpoke\n|poke|p1|Skarmory, M|\n|poke|p1|Claydol|\n|poke|p1|Aggron, F|\n|poke|p1|Carbink|\n|poke|p1|Aerodactyl, M|\n|poke|p1|Metagross|\n|poke|p2|Inteleon, M|\n|poke|p2|Cinderace, M|\n|poke|p2|Zeraora|\n|poke|p2|Urshifu-*, M|\n|poke|p2|Dragapult, M|\n|poke|p2|Zacian-*|\n|teampreview\n|inactive|Battle timer is ON: inactive players will automatically lose when time's up. (requested by jojjdadvadva)\n|\n|t:|1699023149\n|start\n|switch|p1a: Skarmory|Skarmory, M|100\/100\n|switch|p2a: Cinderace|Cinderace, M|100\/100\n|turn|1\n|\n|t:|1699023159\n|move|p2a: Cinderace|Pyro Ball|p1a: Skarmory\n|-supereffective|p1a: Skarmory\n|-damage|p1a: Skarmory|35\/100\n|-status|p1a: Skarmory|brn\n|move|p1a: Skarmory|Spikes|p2a: Cinderace\n|-sidestart|p2: TikToy|Spikes\n|\n|-damage|p1a: Skarmory|29\/100 brn|[from] brn\n|upkeep\n|turn|2\n|\n|t:|1699023170\n|move|p2a: Cinderace|Pyro Ball|p1a: Skarmory\n|-supereffective|p1a: Skarmory\n|-damage|p1a: Skarmory|0 fnt\n|faint|p1a: Skarmory\n|\n|upkeep\n|\n|t:|1699023183\n|switch|p1a: Claydol|Claydol|100\/100\n|turn|3\n|\n|t:|1699023197\n|move|p2a: Cinderace|Court Change|p2a: Cinderace\n|-start|p2a: Cinderace|typechange|Normal|[from] ability: Libero\n|-swapsideconditions\n|-activate|p2a: Cinderace|move: Court Change\n|move|p1a: Claydol|Stealth Rock|p2a: Cinderace\n|-sidestart|p2: TikToy|move: Stealth Rock\n|\n|upkeep\n|turn|4\n|\n|t:|1699023205\n|move|p2a: Cinderace|Court Change|p2a: Cinderace\n|-swapsideconditions\n|-activate|p2a: Cinderace|move: Court Change\n|move|p1a: Claydol|Toxic|p2a: Cinderace\n|-status|p2a: Cinderace|tox\n|\n|-damage|p2a: Cinderace|95\/100 tox|[from] psn\n|upkeep\n|turn|5\n|\n|t:|1699023215\n|move|p2a: Cinderace|Pyro Ball|p1a: Claydol\n|-damage|p1a: Claydol|71\/100\n|move|p1a: Claydol|Psychic|p2a: Cinderace\n|-damage|p2a: Cinderace|58\/100 tox\n|\n|-damage|p2a: Cinderace|46\/100 tox|[from] psn\n|upkeep\n|turn|6\n|\n|t:|1699023224\n|move|p2a: Cinderace|Sucker Punch||[still]\n|-fail|p2a: Cinderace\n|move|p1a: Claydol|Teleport|p1a: Claydol\n|\n|t:|1699023229\n|switch|p1a: Aerodactyl|Aerodactyl, M|100\/100|[from] Teleport\n|-ability|p1a: Aerodactyl|Unnerve\n|-damage|p1a: Aerodactyl|76\/100|[from] Stealth Rock\n|\n|-damage|p2a: Cinderace|28\/100 tox|[from] psn\n|upkeep\n|turn|7\n|\n|t:|1699023243\n|move|p2a: Cinderace|Sucker Punch||[still]\n|-fail|p2a: Cinderace\n|move|p1a: Aerodactyl|Dragon Dance|p1a: Aerodactyl\n|-boost|p1a: Aerodactyl|atk|1\n|-boost|p1a: Aerodactyl|spe|1\n|\n|-damage|p2a: Cinderace|4\/100 tox|[from] psn\n|upkeep\n|turn|8\n|\n|t:|1699023254\n|move|p2a: Cinderace|Sucker Punch||[still]\n|-fail|p2a: Cinderace\n|move|p1a: Aerodactyl|Dragon Dance|p1a: Aerodactyl\n|-boost|p1a: Aerodactyl|atk|1\n|-boost|p1a: Aerodactyl|spe|1\n|\n|-damage|p2a: Cinderace|0 fnt|[from] psn\n|faint|p2a: Cinderace\n|upkeep\n|\n|t:|1699023276\n|switch|p2a: Urshifu|Urshifu, M|100\/100\n|-damage|p2a: Urshifu|88\/100|[from] Spikes\n|turn|9\n|\n|t:|1699023289\n|-terastallize|p2a: Urshifu|Steel\n|move|p2a: Urshifu|Sucker Punch|p1a: Aerodactyl\n|-crit|p1a: Aerodactyl\n|-damage|p1a: Aerodactyl|0 fnt\n|faint|p1a: Aerodactyl\n|\n|upkeep\n|\n|t:|1699023295\n|switch|p1a: Aggron|Aggron, F|100\/100\n|-damage|p1a: Aggron|94\/100|[from] Stealth Rock\n|turn|10\n|\n|t:|1699023307\n|switch|p2a: Snipzz|Inteleon, M|100\/100\n|-damage|p2a: Snipzz|88\/100|[from] Spikes\n|move|p1a: Aggron|Earthquake|p2a: Snipzz\n|-damage|p2a: Snipzz|8\/100\n|\n|upkeep\n|turn|11\n|\n|t:|1699023326\n|move|p2a: Snipzz|Snipe Shot|p1a: Aggron\n|-supereffective|p1a: Aggron\n|-crit|p1a: Aggron\n|-damage|p1a: Aggron|0 fnt\n|faint|p1a: Aggron\n|\n|upkeep\n|\n|t:|1699023333\n|switch|p1a: Carbink|Carbink|100\/100\n|turn|12\n|\n|t:|1699023340\n|move|p2a: Snipzz|Snipe Shot|p1a: Carbink\n|-supereffective|p1a: Carbink\n|-damage|p1a: Carbink|49\/100\n|move|p1a: Carbink|Power Gem|p2a: Snipzz\n|-crit|p2a: Snipzz\n|-damage|p2a: Snipzz|0 fnt\n|faint|p2a: Snipzz\n|\n|upkeep\n|\n|t:|1699023353\n|switch|p2a: Urshifu|Urshifu, M, tera:Steel|88\/100\n|-damage|p2a: Urshifu|76\/100|[from] Spikes\n|turn|13\n|\n|t:|1699023368\n|move|p2a: Urshifu|Wicked Blow|p1a: Carbink\n|-resisted|p1a: Carbink\n|-crit|p1a: Carbink\n|-damage|p1a: Carbink|14\/100\n|move|p1a: Carbink|Body Press|p2a: Urshifu\n|-supereffective|p2a: Urshifu\n|-damage|p2a: Urshifu|24\/100\n|\n|upkeep\n|turn|14\n|\n|t:|1699023377\n|move|p2a: Urshifu|Wicked Blow|p1a: Carbink\n|-resisted|p1a: Carbink\n|-crit|p1a: Carbink\n|-damage|p1a: Carbink|0 fnt\n|faint|p1a: Carbink\n|\n|upkeep\n|\n|t:|1699023382\n|switch|p1a: Claydol|Claydol|71\/100\n|-damage|p1a: Claydol|65\/100|[from] Stealth Rock\n|turn|15\n|\n|t:|1699023387\n|move|p2a: Urshifu|Wicked Blow|p1a: Claydol\n|-supereffective|p1a: Claydol\n|-crit|p1a: Claydol\n|-enditem|p1a: Claydol|Colbur Berry|[eat]\n|-enditem|p1a: Claydol|Colbur Berry|[weaken]\n|-damage|p1a: Claydol|0 fnt\n|faint|p1a: Claydol\n|\n|upkeep\n|\n|t:|1699023394\n|switch|p1a: Metagross|Metagross, shiny|100\/100\n|-damage|p1a: Metagross|94\/100|[from] Stealth Rock\n|turn|16\n|\n|t:|1699023401\n|detailschange|p1a: Metagross|Metagross-Mega, shiny\n|-mega|p1a: Metagross|Metagross|Metagrossite\n|move|p1a: Metagross|Rock Slide|p2a: Urshifu\n|-resisted|p2a: Urshifu\n|-damage|p2a: Urshifu|12\/100\n|move|p2a: Urshifu|Wicked Blow|p1a: Metagross\n|-supereffective|p1a: Metagross\n|-crit|p1a: Metagross\n|-damage|p1a: Metagross|0 fnt\n|faint|p1a: Metagross\n|\n|win|TikToy\n|raw|jojjdadvadva's rating: 1000 &rarr; <strong>1000<\/strong><br \/>(+0 for losing)\n|raw|TikToy's rating: 1136 &rarr; <strong>1152<\/strong><br \/>(+16 for winning)\n|l|\u2606jojjdadvadva\n","uploadtime":1699023416,"views":8,"p1id":"jojjdadvadva","p2id":"tiktoy","formatid":"gen9nationaldexubers","rating":1000,"private":0,"password":""}