{"id":"gen9nationaldexubers-1999298649","p1":"Pks wayment","p2":"Twin cities t-tars","format":"[Gen 9] National Dex Ubers","log":"|j|\u2606Pks wayment\n|j|\u2606Twin cities t-tars\n|t:|1701056813\n|gametype|singles\n|player|p1|Pks wayment|266|\n|player|p2|Twin cities t-tars|pokemonbreeder|\n|teamsize|p1|6\n|teamsize|p2|6\n|gen|9\n|tier|[Gen 9] National Dex Ubers\n|rule|HP Percentage Mod: HP is shown in percentages\n|rule|Endless Battle Clause: Forcing endless battles is banned\n|rule|OHKO Clause: OHKO moves are banned\n|rule|Evasion Moves Clause: Evasion moves are banned\n|rule|Evasion Items Clause: Evasion items are banned\n|rule|Species Clause: Limit one of each Pok\u00e9mon\n|rule|Sleep Clause Mod: Limit one foe put to sleep\n|rule|Mega Rayquaza Clause: You cannot mega evolve Rayquaza\n|clearpoke\n|poke|p1|Sneasler, F|\n|poke|p1|Tapu Lele|\n|poke|p1|Alakazam, F|\n|poke|p1|Volcarona, F|\n|poke|p1|Samurott-Hisui, M|\n|poke|p1|Haxorus, M|\n|poke|p2|Carbink|\n|poke|p2|Venusaur, M|\n|poke|p2|Dragonite, M|\n|poke|p2|Skarmory, M|\n|poke|p2|Skeledirge, M|\n|poke|p2|Iron Bundle|\n|teampreview\n|c|\u2606Twin cities t-tars|Glhf\n|\n|t:|1701056852\n|start\n|switch|p1a: Volcarona|Volcarona, F|100\/100\n|switch|p2a: Steven|Carbink, shiny|100\/100\n|turn|1\n|\n|t:|1701056869\n|switch|p1a: Samurott|Samurott-Hisui, M|100\/100\n|move|p2a: Steven|Stealth Rock|p1a: Samurott\n|-sidestart|p1: Pks wayment|move: Stealth Rock\n|\n|upkeep\n|turn|2\n|j| Reggiemaster24\n|\n|t:|1701056880\n|move|p1a: Samurott|Ceaseless Edge|p2a: Steven\n|-resisted|p2a: Steven\n|-damage|p2a: Steven|81\/100\n|-sidestart|p2: Twin cities t-tars|Spikes\n|move|p2a: Steven|Reflect|p2a: Steven\n|-sidestart|p2: Twin cities t-tars|Reflect\n|\n|upkeep\n|turn|3\n|\n|t:|1701056907\n|switch|p2a: Caesar|Venusaur, M, shiny|100\/100\n|-damage|p2a: Caesar|88\/100|[from] Spikes\n|move|p1a: Samurott|Ceaseless Edge|p2a: Caesar|[miss]\n|-miss|p1a: Samurott|p2a: Caesar\n|\n|upkeep\n|turn|4\n|\n|t:|1701056918\n|detailschange|p2a: Caesar|Venusaur-Mega, M, shiny\n|-mega|p2a: Caesar|Venusaur|Venusaurite\n|move|p2a: Caesar|Substitute|p2a: Caesar\n|-start|p2a: Caesar|Substitute\n|-damage|p2a: Caesar|63\/100\n|move|p1a: Samurott|Ceaseless Edge|p2a: Caesar\n|-activate|p2a: Caesar|move: Substitute|[damage]\n|-sidestart|p2: Twin cities t-tars|Spikes\n|\n|upkeep\n|turn|5\n|\n|t:|1701056928\n|move|p2a: Caesar|Leech Seed|p1a: Samurott\n|-start|p1a: Samurott|move: Leech Seed\n|move|p1a: Samurott|Ceaseless Edge|p2a: Caesar\n|-end|p2a: Caesar|Substitute\n|-sidestart|p2: Twin cities t-tars|Spikes\n|\n|-damage|p1a: Samurott|88\/100|[from] Leech Seed|[of] p2a: Caesar\n|-heal|p2a: Caesar|74\/100|[silent]\n|upkeep\n|turn|6\n|\n|t:|1701056938\n|switch|p1a: Volcarona|Volcarona, F|100\/100\n|move|p2a: Caesar|Giga Drain|p1a: Volcarona\n|-resisted|p1a: Volcarona\n|-damage|p1a: Volcarona|93\/100\n|-heal|p2a: Caesar|78\/100|[from] drain|[of] p1a: Volcarona\n|\n|upkeep\n|turn|7\n|\n|t:|1701056959\n|switch|p1a: Samurott|Samurott-Hisui, M|88\/100\n|-damage|p1a: Samurott|76\/100|[from] Stealth Rock\n|move|p2a: Caesar|Knock Off|p1a: Samurott\n|-resisted|p1a: Samurott\n|-damage|p1a: Samurott|62\/100\n|-enditem|p1a: Samurott|Assault Vest|[from] move: Knock Off|[of] p2a: Caesar\n|\n|upkeep\n|turn|8\n|\n|t:|1701056967\n|switch|p1a: Volcarona|Volcarona, F|93\/100\n|move|p2a: Caesar|Giga Drain|p1a: Volcarona\n|-resisted|p1a: Volcarona\n|-damage|p1a: Volcarona|87\/100\n|-heal|p2a: Caesar|81\/100|[from] drain|[of] p1a: Volcarona\n|\n|upkeep\n|turn|9\n|\n|t:|1701056985\n|move|p1a: Volcarona|Fiery Dance|p2a: Caesar\n|-supereffective|p2a: Caesar\n|-damage|p2a: Caesar|46\/100\n|move|p2a: Caesar|Giga Drain|p1a: Volcarona\n|-resisted|p1a: Volcarona\n|-damage|p1a: Volcarona|79\/100\n|-heal|p2a: Caesar|49\/100|[from] drain|[of] p1a: Volcarona\n|\n|-sideend|p2: Twin cities t-tars|Reflect\n|upkeep\n|turn|10\n|\n|t:|1701057005\n|switch|p2a: Capsaicin|Skeledirge, M, shiny|100\/100\n|move|p1a: Volcarona|Fiery Dance|p2a: Capsaicin\n|-resisted|p2a: Capsaicin\n|-damage|p2a: Capsaicin|84\/100\n|-boost|p1a: Volcarona|spa|1\n|\n|upkeep\n|turn|11\n|\n|t:|1701057018\n|switch|p1a: Samurott|Samurott-Hisui, M|62\/100\n|-damage|p1a: Samurott|49\/100|[from] Stealth Rock\n|move|p2a: Capsaicin|Torch Song|p1a: Samurott\n|-resisted|p1a: Samurott\n|-damage|p1a: Samurott|26\/100\n|-boost|p2a: Capsaicin|spa|1\n|\n|upkeep\n|turn|12\n|\n|t:|1701057028\n|move|p1a: Samurott|Razor Shell|p2a: Capsaicin\n|-supereffective|p2a: Capsaicin\n|-damage|p2a: Capsaicin|0 fnt\n|faint|p2a: Capsaicin\n|\n|upkeep\n|\n|t:|1701057040\n|switch|p2a: Deliborg|Iron Bundle, shiny|100\/100\n|-damage|p2a: Deliborg|76\/100|[from] Spikes\n|turn|13\n|\n|t:|1701057054\n|move|p2a: Deliborg|Freeze-Dry|p1a: Samurott\n|-supereffective|p1a: Samurott\n|-damage|p1a: Samurott|0 fnt\n|faint|p1a: Samurott\n|\n|upkeep\n|\n|t:|1701057064\n|switch|p1a: Tapu Lele|Tapu Lele|100\/100\n|-damage|p1a: Tapu Lele|88\/100|[from] Stealth Rock\n|-fieldstart|move: Psychic Terrain|[from] ability: Psychic Surge|[of] p1a: Tapu Lele\n|turn|14\n|\n|t:|1701057071\n|move|p1a: Tapu Lele|Psychic|p2a: Deliborg\n|-crit|p2a: Deliborg\n|-damage|p2a: Deliborg|0 fnt\n|faint|p2a: Deliborg\n|-end|p2a: Deliborg|Quark Drive|[silent]\n|\n|upkeep\n|j| VI Victini's\n|\n|t:|1701057079\n|switch|p2a: Damascus|Skarmory, M, shiny|100\/100\n|turn|15\n|\n|t:|1701057086\n|switch|p1a: Volcarona|Volcarona, F|79\/100\n|move|p2a: Damascus|Iron Head|p1a: Volcarona\n|-resisted|p1a: Volcarona\n|-damage|p1a: Volcarona|62\/100\n|\n|upkeep\n|turn|16\n|\n|t:|1701057105\n|switch|p2a: Mango|Dragonite, M|100\/100\n|move|p1a: Volcarona|Fiery Dance|p2a: Mango\n|-resisted|p2a: Mango\n|-damage|p2a: Mango|89\/100\n|-boost|p1a: Volcarona|spa|1\n|\n|upkeep\n|turn|17\n|\n|t:|1701057120\n|switch|p1a: Sneasler|Sneasler, F|100\/100\n|-damage|p1a: Sneasler|94\/100|[from] Stealth Rock\n|move|p2a: Mango|Dragon Dance|p2a: Mango\n|-boost|p2a: Mango|atk|1\n|-boost|p2a: Mango|spe|1\n|\n|upkeep\n|turn|18\n|\n|t:|1701057134\n|move|p2a: Mango|Outrage|p1a: Sneasler\n|-damage|p1a: Sneasler|0 fnt\n|faint|p1a: Sneasler\n|\n|-fieldend|move: Psychic Terrain\n|upkeep\n|\n|t:|1701057141\n|switch|p1a: Tapu Lele|Tapu Lele|88\/100\n|-damage|p1a: Tapu Lele|76\/100|[from] Stealth Rock\n|-fieldstart|move: Psychic Terrain|[from] ability: Psychic Surge|[of] p1a: Tapu Lele\n|turn|19\n|\n|t:|1701057152\n|move|p1a: Tapu Lele|Moonblast|p2a: Mango\n|-supereffective|p2a: Mango\n|-damage|p2a: Mango|0 fnt\n|faint|p2a: Mango\n|\n|upkeep\n|\n|t:|1701057158\n|switch|p2a: Damascus|Skarmory, M, shiny|100\/100\n|turn|20\n|\n|t:|1701057163\n|switch|p1a: Volcarona|Volcarona, F|62\/100\n|move|p2a: Damascus|Iron Head|p1a: Volcarona\n|-resisted|p1a: Volcarona\n|-damage|p1a: Volcarona|45\/100\n|\n|upkeep\n|turn|21\n|\n|t:|1701057170\n|switch|p2a: Steven|Carbink, shiny|81\/100\n|-damage|p2a: Steven|56\/100|[from] Spikes\n|move|p1a: Volcarona|Morning Sun|p1a: Volcarona\n|-heal|p1a: Volcarona|95\/100\n|\n|upkeep\n|turn|22\n|\n|t:|1701057182\n|switch|p1a: Alakazam|Alakazam, F|100\/100\n|-damage|p1a: Alakazam|88\/100|[from] Stealth Rock\n|move|p2a: Steven|Gyro Ball|p1a: Alakazam\n|-damage|p1a: Alakazam|58\/100\n|\n|upkeep\n|turn|23\n|\n|t:|1701057190\n|move|p1a: Alakazam|Nasty Plot|p1a: Alakazam\n|-boost|p1a: Alakazam|spa|2\n|move|p2a: Steven|Gyro Ball|p1a: Alakazam\n|-damage|p1a: Alakazam|28\/100\n|\n|-fieldend|move: Psychic Terrain\n|upkeep\n|turn|24\n|\n|t:|1701057198\n|detailschange|p1a: Alakazam|Alakazam-Mega, F\n|-mega|p1a: Alakazam|Alakazam|Alakazite\n|-ability|p1a: Alakazam|Sturdy|[from] ability: Trace|[of] p2a: Steven\n|move|p1a: Alakazam|Psychic|p2a: Steven\n|-damage|p2a: Steven|0 fnt\n|faint|p2a: Steven\n|\n|upkeep\n|\n|t:|1701057208\n|switch|p2a: Damascus|Skarmory, M, shiny|100\/100\n|turn|25\n|\n|t:|1701057211\n|move|p1a: Alakazam|Shadow Ball|p2a: Damascus\n|-damage|p2a: Damascus|3\/100\n|move|p2a: Damascus|Iron Head|p1a: Alakazam\n|-damage|p1a: Alakazam|0 fnt\n|faint|p1a: Alakazam\n|\n|upkeep\n|\n|t:|1701057216\n|switch|p1a: Tapu Lele|Tapu Lele|76\/100\n|-damage|p1a: Tapu Lele|63\/100|[from] Stealth Rock\n|-fieldstart|move: Psychic Terrain|[from] ability: Psychic Surge|[of] p1a: Tapu Lele\n|turn|26\n|\n|t:|1701057223\n|move|p1a: Tapu Lele|Psychic|p2a: Damascus\n|-resisted|p2a: Damascus\n|-damage|p2a: Damascus|0 fnt\n|faint|p2a: Damascus\n|\n|upkeep\n|c|\u2606Twin cities t-tars|GG\n|\n|t:|1701057234\n|switch|p2a: Caesar|Venusaur-Mega, M, shiny|49\/100\n|-damage|p2a: Caesar|24\/100|[from] Spikes\n|turn|27\n|c|\u2606Pks wayment|Gg!\n|\n|t:|1701057240\n|move|p1a: Tapu Lele|Psychic|p2a: Caesar\n|-supereffective|p2a: Caesar\n|-damage|p2a: Caesar|0 fnt\n|faint|p2a: Caesar\n|\n|win|Pks wayment\n|l| VI Victini's\n","uploadtime":1701057243,"views":42,"p1id":"pkswayment","p2id":"twincitiesttars","formatid":"gen9nationaldexubers","rating":0,"private":0,"password":""}