{"id":"gen9nationaldexubers-1981677142","p1":"yierer","p2":"KingoftheTitans","format":"[Gen 9] National Dex Ubers","log":"|j|\u2606yierer\n|j|\u2606KingoftheTitans\n|t:|1698932813\n|gametype|singles\n|player|p1|yierer|rosa|1300\n|player|p2|KingoftheTitans|170|1313\n|teamsize|p1|6\n|teamsize|p2|6\n|gen|9\n|tier|[Gen 9] National Dex Ubers\n|rated|\n|rule|HP Percentage Mod: HP is shown in percentages\n|rule|Endless Battle Clause: Forcing endless battles is banned\n|rule|OHKO Clause: OHKO moves are banned\n|rule|Evasion Moves Clause: Evasion moves are banned\n|rule|Evasion Items Clause: Evasion items are banned\n|rule|Species Clause: Limit one of each Pok\u00e9mon\n|rule|Sleep Clause Mod: Limit one foe put to sleep\n|rule|Mega Rayquaza Clause: You cannot mega evolve Rayquaza\n|clearpoke\n|poke|p1|Lucario, M|\n|poke|p1|Groudon|\n|poke|p1|Xerneas-*|\n|poke|p1|Arceus-Dark|\n|poke|p1|Yveltal|\n|poke|p1|Marshadow|\n|poke|p2|Deoxys-Speed|\n|poke|p2|Mewtwo|\n|poke|p2|Calyrex-Ice|\n|poke|p2|Ho-Oh|\n|poke|p2|Dragapult, M|\n|poke|p2|Kyurem-Black|\n|teampreview\n|inactive|Battle timer is ON: inactive players will automatically lose when time's up. (requested by yierer)\n|\n|t:|1698932823\n|start\n|switch|p1a: Marshadow|Marshadow|100\/100\n|switch|p2a: Deoxys|Deoxys-Speed, shiny|100\/100\n|-ability|p2a: Deoxys|Pressure\n|turn|1\n|\n|t:|1698932829\n|move|p2a: Deoxys|Stealth Rock|p1a: Marshadow\n|-sidestart|p1: yierer|move: Stealth Rock\n|move|p1a: Marshadow|Poltergeist|p2a: Deoxys\n|-activate|p2a: Deoxys|move: Poltergeist|Focus Sash\n|-supereffective|p2a: Deoxys\n|-enditem|p2a: Deoxys|Focus Sash\n|-damage|p2a: Deoxys|1\/100\n|\n|upkeep\n|turn|2\n|\n|t:|1698932838\n|move|p1a: Marshadow|Sucker Punch||[still]\n|-fail|p1a: Marshadow\n|move|p2a: Deoxys|Spikes|p1a: Marshadow\n|-sidestart|p1: yierer|Spikes\n|\n|upkeep\n|turn|3\n|\n|t:|1698932842\n|move|p2a: Deoxys|Spikes|p1a: Marshadow\n|-sidestart|p1: yierer|Spikes\n|move|p1a: Marshadow|Spectral Thief|p2a: Deoxys\n|-supereffective|p2a: Deoxys\n|-damage|p2a: Deoxys|0 fnt\n|faint|p2a: Deoxys\n|\n|upkeep\n|inactive|KingoftheTitans has 120 seconds left.\n|\n|t:|1698932873\n|switch|p2a: Calyrex|Calyrex-Ice|100\/100\n|-ability|p2a: Calyrex|As One\n|-ability|p2a: Calyrex|Unnerve\n|turn|4\n|\n|t:|1698932887\n|-zpower|p1a: Marshadow\n|move|p1a: Marshadow|Soul-Stealing 7-Star Strike|p2a: Calyrex|[zeffect]\n|-supereffective|p2a: Calyrex\n|-damage|p2a: Calyrex|0 fnt\n|faint|p2a: Calyrex\n|\n|upkeep\n|inactive|KingoftheTitans has 120 seconds left.\n|\n|t:|1698932898\n|switch|p2a: Ho-Oh|Ho-Oh|100\/100\n|turn|5\n|inactive|KingoftheTitans has 120 seconds left.\n|\n|t:|1698932935\n|move|p1a: Marshadow|Poltergeist|p2a: Ho-Oh\n|-activate|p2a: Ho-Oh|move: Poltergeist|Heavy-Duty Boots\n|-damage|p2a: Ho-Oh|66\/100\n|move|p2a: Ho-Oh|Sacred Fire|p1a: Marshadow\n|-damage|p1a: Marshadow|43\/100\n|\n|upkeep\n|turn|6\n|\n|t:|1698932945\n|move|p1a: Marshadow|Poltergeist|p2a: Ho-Oh|[miss]\n|-miss|p1a: Marshadow|p2a: Ho-Oh\n|move|p2a: Ho-Oh|Sacred Fire|p1a: Marshadow\n|-damage|p1a: Marshadow|0 fnt\n|faint|p1a: Marshadow\n|\n|upkeep\n|\n|t:|1698932949\n|switch|p1a: Groudon|Groudon|100\/100\n|-damage|p1a: Groudon|94\/100|[from] Stealth Rock\n|-damage|p1a: Groudon|78\/100|[from] Spikes\n|detailschange|p1a: Groudon|Groudon-Primal\n|-primal|p1a: Groudon|Red Orb\n|-weather|DesolateLand|[from] ability: Desolate Land|[of] p1a: Groudon\n|turn|7\n|\n|t:|1698932960\n|move|p1a: Groudon|Stone Edge|p2a: Ho-Oh\n|-supereffective|p2a: Ho-Oh\n|-damage|p2a: Ho-Oh|0 fnt\n|faint|p2a: Ho-Oh\n|\n|-weather|DesolateLand|[upkeep]\n|upkeep\n|\n|t:|1698932969\n|switch|p2a: Dragapult|Dragapult, M, shiny|100\/100\n|turn|8\n|\n|t:|1698932985\n|move|p2a: Dragapult|Draco Meteor|p1a: Groudon\n|-damage|p1a: Groudon|0 fnt\n|-unboost|p2a: Dragapult|spa|2\n|faint|p1a: Groudon\n|-weather|none\n|\n|upkeep\n|\n|t:|1698932989\n|switch|p1a: Yveltal|Yveltal|100\/100\n|-ability|p1a: Yveltal|Dark Aura\n|turn|9\n|\n|t:|1698933002\n|move|p2a: Dragapult|Draco Meteor|p1a: Yveltal\n|-damage|p1a: Yveltal|77\/100\n|-unboost|p2a: Dragapult|spa|2\n|move|p1a: Yveltal|Knock Off|p2a: Dragapult\n|-supereffective|p2a: Dragapult\n|-damage|p2a: Dragapult|0 fnt\n|-enditem|p2a: Dragapult|Choice Specs|[from] move: Knock Off|[of] p1a: Yveltal\n|faint|p2a: Dragapult\n|\n|upkeep\n|\n|t:|1698933009\n|switch|p2a: Kyurem|Kyurem-Black, shiny|100\/100\n|-ability|p2a: Kyurem|Teravolt\n|turn|10\n|\n|t:|1698933017\n|move|p2a: Kyurem|Dragon Dance|p2a: Kyurem\n|-boost|p2a: Kyurem|atk|1\n|-boost|p2a: Kyurem|spe|1\n|move|p1a: Yveltal|Toxic|p2a: Kyurem\n|-status|p2a: Kyurem|tox\n|\n|-damage|p2a: Kyurem|94\/100 tox|[from] psn\n|upkeep\n|turn|11\n|\n|t:|1698933024\n|move|p2a: Kyurem|Icicle Spear|p1a: Yveltal\n|-supereffective|p1a: Yveltal\n|-damage|p1a: Yveltal|33\/100\n|-supereffective|p1a: Yveltal\n|-damage|p1a: Yveltal|0 fnt\n|faint|p1a: Yveltal\n|-hitcount|p1: Yveltal|2\n|\n|-damage|p2a: Kyurem|82\/100 tox|[from] psn\n|upkeep\n|\n|t:|1698933030\n|switch|p1a: Lucario|Lucario, M|100\/100\n|-damage|p1a: Lucario|98\/100|[from] Stealth Rock\n|-damage|p1a: Lucario|81\/100|[from] Spikes\n|turn|12\n|\n|t:|1698933035\n|detailschange|p1a: Lucario|Lucario-Mega, M\n|-mega|p1a: Lucario|Lucario|Lucarionite\n|-terastallize|p2a: Kyurem|Electric\n|move|p1a: Lucario|Bullet Punch|p2a: Kyurem\n|-resisted|p2a: Kyurem\n|-damage|p2a: Kyurem|70\/100 tox\n|move|p2a: Kyurem|Fusion Bolt|p1a: Lucario\n|-damage|p1a: Lucario|0 fnt\n|faint|p1a: Lucario\n|\n|-damage|p2a: Kyurem|51\/100 tox|[from] psn\n|upkeep\n|\n|t:|1698933050\n|switch|p1a: Xerneas|Xerneas|100\/100\n|-damage|p1a: Xerneas|88\/100|[from] Stealth Rock\n|-damage|p1a: Xerneas|72\/100|[from] Spikes\n|-ability|p1a: Xerneas|Fairy Aura\n|turn|13\n|\n|t:|1698933056\n|-terastallize|p1a: Xerneas|Fairy\n|move|p2a: Kyurem|Icicle Spear|p1a: Xerneas\n|-damage|p1a: Xerneas|54\/100\n|-damage|p1a: Xerneas|36\/100\n|-damage|p1a: Xerneas|16\/100\n|-damage|p1a: Xerneas|0 fnt\n|faint|p1a: Xerneas\n|-hitcount|p1: Xerneas|4\n|\n|-damage|p2a: Kyurem|27\/100 tox|[from] psn\n|upkeep\n|\n|t:|1698933063\n|switch|p1a: Arceus|Arceus-Dark|100\/100\n|-damage|p1a: Arceus|88\/100|[from] Stealth Rock\n|-damage|p1a: Arceus|71\/100|[from] Spikes\n|turn|14\n|\n|t:|1698933069\n|move|p2a: Kyurem|Icicle Spear|p1a: Arceus\n|-damage|p1a: Arceus|55\/100\n|-damage|p1a: Arceus|39\/100\n|-damage|p1a: Arceus|24\/100\n|-damage|p1a: Arceus|7\/100\n|-hitcount|p1a: Arceus|4\n|move|p1a: Arceus|Recover|p1a: Arceus\n|-heal|p1a: Arceus|57\/100\n|\n|-damage|p2a: Kyurem|0 fnt|[from] psn\n|faint|p2a: Kyurem\n|upkeep\n|\n|t:|1698933079\n|switch|p2a: Mewtwo|Mewtwo, shiny|100\/100\n|-ability|p2a: Mewtwo|Pressure\n|turn|15\n|\n|t:|1698933085\n|detailschange|p2a: Mewtwo|Mewtwo-Mega-Y, shiny\n|-mega|p2a: Mewtwo|Mewtwo|Mewtwonite Y\n|move|p2a: Mewtwo|Nasty Plot|p2a: Mewtwo\n|-boost|p2a: Mewtwo|spa|2\n|move|p1a: Arceus|Recover|p1a: Arceus\n|-heal|p1a: Arceus|100\/100\n|\n|upkeep\n|turn|16\n|\n|t:|1698933093\n|move|p2a: Mewtwo|Fire Blast|p1a: Arceus\n|-damage|p1a: Arceus|27\/100\n|move|p1a: Arceus|Judgment|p2a: Mewtwo\n|-supereffective|p2a: Mewtwo\n|-damage|p2a: Mewtwo|25\/100\n|\n|upkeep\n|turn|17\n|\n|t:|1698933102\n|move|p2a: Mewtwo|Ice Beam|p1a: Arceus\n|-damage|p1a: Arceus|0 fnt\n|faint|p1a: Arceus\n|\n|win|KingoftheTitans\n|raw|yierer's rating: 1300 &rarr; <strong>1276<\/strong><br \/>(-24 for losing)\n|raw|KingoftheTitans's rating: 1313 &rarr; <strong>1332<\/strong><br \/>(+19 for winning)\n|l|\u2606yierer\n","uploadtime":1698933107,"views":10,"p1id":"yierer","p2id":"kingofthetitans","formatid":"gen9nationaldexubers","rating":1276,"private":0,"password":""}