{"id":"gen9nationaldexubers-1986429417","p1":"GEO-M0DE\ufe0f\ufe0f\ufe0f\ufe0f\ufe0f\u2734\ufe0f","p2":"ZhongHuaMinGuo","format":"[Gen 9] National Dex Ubers","log":"|j|\u2606GEO-M0DE\ufe0f\ufe0f\ufe0f\ufe0f\ufe0f\u2734\ufe0f\n|j|\u2606ZhongHuaMinGuo\n|t:|1699478389\n|gametype|singles\n|player|p1|GEO-M0DE\ufe0f\ufe0f\ufe0f\ufe0f\ufe0f\u2734\ufe0f|backpackerf|1026\n|player|p2|ZhongHuaMinGuo|1|1086\n|teamsize|p1|6\n|teamsize|p2|6\n|gen|9\n|tier|[Gen 9] National Dex Ubers\n|rated|\n|rule|HP Percentage Mod: HP is shown in percentages\n|rule|Endless Battle Clause: Forcing endless battles is banned\n|rule|OHKO Clause: OHKO moves are banned\n|rule|Evasion Moves Clause: Evasion moves are banned\n|rule|Evasion Items Clause: Evasion items are banned\n|rule|Species Clause: Limit one of each Pok\u00e9mon\n|rule|Sleep Clause Mod: Limit one foe put to sleep\n|rule|Mega Rayquaza Clause: You cannot mega evolve Rayquaza\n|clearpoke\n|poke|p1|Lycanroc, M|\n|poke|p1|Mudsdale, M|\n|poke|p1|Aerodactyl, M|\n|poke|p1|Garganacl, M|\n|poke|p1|Dugtrio-Alola, F|\n|poke|p1|Gigalith, M|\n|poke|p2|Alakazam, M|\n|poke|p2|Galvantula, F|\n|poke|p2|Cyclizar, F|\n|poke|p2|Landorus-Therian, M|\n|poke|p2|Linoone, M|\n|poke|p2|Ceruledge, F|\n|teampreview\n|\n|t:|1699478426\n|start\n|switch|p1a: \ud83e\udea8\ud83e\udea8GIGALITH\ud83e\udea8\ud83e\udea8|Gigalith, M, shiny|100\/100\n|switch|p2a: Galvantula|Galvantula, F|100\/100\n|-weather|Sandstorm|[from] ability: Sand Stream|[of] p1a: \ud83e\udea8\ud83e\udea8GIGALITH\ud83e\udea8\ud83e\udea8\n|turn|1\n|\n|t:|1699478441\n|switch|p1a: \u26f0\ufe0fTRIO TRIO TRIO\u26f0\ufe0f|Dugtrio-Alola, F, shiny|100\/100\n|move|p2a: Galvantula|Sticky Web|p1a: \u26f0\ufe0fTRIO TRIO TRIO\u26f0\ufe0f\n|-sidestart|p1: GEO-M0DE\ufe0f\ufe0f\ufe0f\ufe0f\ufe0f\u2734\ufe0f|move: Sticky Web\n|\n|-weather|Sandstorm|[upkeep]\n|-damage|p2a: Galvantula|94\/100|[from] Sandstorm\n|upkeep\n|turn|2\n|\n|t:|1699478478\n|switch|p2a: Landorus|Landorus-Therian, M|100\/100\n|-ability|p2a: Landorus|Intimidate|boost\n|-unboost|p1a: \u26f0\ufe0fTRIO TRIO TRIO\u26f0\ufe0f|atk|1\n|move|p1a: \u26f0\ufe0fTRIO TRIO TRIO\u26f0\ufe0f|Earthquake|p2a: Landorus\n|-immune|p2a: Landorus\n|\n|-weather|Sandstorm|[upkeep]\n|upkeep\n|turn|3\n|\n|t:|1699478495\n|move|p1a: \u26f0\ufe0fTRIO TRIO TRIO\u26f0\ufe0f|Iron Head|p2a: Landorus\n|-damage|p2a: Landorus|67\/100\n|cant|p2a: Landorus|flinch\n|\n|-weather|Sandstorm|[upkeep]\n|upkeep\n|turn|4\n|\n|t:|1699478504\n|move|p1a: \u26f0\ufe0fTRIO TRIO TRIO\u26f0\ufe0f|Iron Head|p2a: Landorus\n|-damage|p2a: Landorus|32\/100\n|move|p2a: Landorus|Earthquake|p1a: \u26f0\ufe0fTRIO TRIO TRIO\u26f0\ufe0f\n|-supereffective|p1a: \u26f0\ufe0fTRIO TRIO TRIO\u26f0\ufe0f\n|-damage|p1a: \u26f0\ufe0fTRIO TRIO TRIO\u26f0\ufe0f|0 fnt\n|faint|p1a: \u26f0\ufe0fTRIO TRIO TRIO\u26f0\ufe0f\n|\n|-weather|Sandstorm|[upkeep]\n|upkeep\n|\n|t:|1699478518\n|switch|p1a: \ud83e\udea8AERODACTYL\ud83e\udea8|Aerodactyl, M|100\/100\n|turn|5\n|\n|t:|1699478535\n|detailschange|p1a: \ud83e\udea8AERODACTYL\ud83e\udea8|Aerodactyl-Mega, M\n|-mega|p1a: \ud83e\udea8AERODACTYL\ud83e\udea8|Aerodactyl|Aerodactylite\n|move|p1a: \ud83e\udea8AERODACTYL\ud83e\udea8|Hone Claws|p1a: \ud83e\udea8AERODACTYL\ud83e\udea8\n|-boost|p1a: \ud83e\udea8AERODACTYL\ud83e\udea8|atk|1\n|-boost|p1a: \ud83e\udea8AERODACTYL\ud83e\udea8|accuracy|1\n|move|p2a: Landorus|Knock Off|p1a: \ud83e\udea8AERODACTYL\ud83e\udea8\n|-damage|p1a: \ud83e\udea8AERODACTYL\ud83e\udea8|71\/100\n|\n|-weather|Sandstorm|[upkeep]\n|upkeep\n|turn|6\n|\n|t:|1699478545\n|move|p1a: \ud83e\udea8AERODACTYL\ud83e\udea8|Stone Edge|p2a: Landorus\n|-crit|p2a: Landorus\n|-damage|p2a: Landorus|0 fnt\n|faint|p2a: Landorus\n|\n|-weather|Sandstorm|[upkeep]\n|upkeep\n|c|\u2606ZhongHuaMinGuo|oh no\n|c|\u2606ZhongHuaMinGuo|im dead\n|\n|t:|1699478588\n|switch|p2a: Ceruledge|Ceruledge, F|100\/100\n|turn|7\n|\n|t:|1699478592\n|move|p2a: Ceruledge|Shadow Sneak|p1a: \ud83e\udea8AERODACTYL\ud83e\udea8\n|-damage|p1a: \ud83e\udea8AERODACTYL\ud83e\udea8|38\/100\n|-damage|p2a: Ceruledge|91\/100|[from] item: Life Orb\n|move|p1a: \ud83e\udea8AERODACTYL\ud83e\udea8|Stone Edge|p2a: Ceruledge\n|-supereffective|p2a: Ceruledge\n|-damage|p2a: Ceruledge|0 fnt\n|faint|p2a: Ceruledge\n|\n|-weather|Sandstorm|[upkeep]\n|upkeep\n|c|\u2606ZhongHuaMinGuo|nvm\n|\n|t:|1699478599\n|switch|p2a: Linoone|Linoone, M, shiny|100\/100\n|turn|8\n|\n|t:|1699478605\n|-terastallize|p2a: Linoone|Normal\n|move|p2a: Linoone|Extreme Speed|p1a: \ud83e\udea8AERODACTYL\ud83e\udea8\n|-resisted|p1a: \ud83e\udea8AERODACTYL\ud83e\udea8\n|-damage|p1a: \ud83e\udea8AERODACTYL\ud83e\udea8|14\/100\n|move|p1a: \ud83e\udea8AERODACTYL\ud83e\udea8|Stone Edge|p2a: Linoone\n|-crit|p2a: Linoone\n|-damage|p2a: Linoone|0 fnt\n|faint|p2a: Linoone\n|\n|-weather|none\n|upkeep\n|c|\u2606ZhongHuaMinGuo|nvm\n|c|\u2606ZhongHuaMinGuo|2x\n|\n|t:|1699478627\n|switch|p2a: Alakazam|Alakazam, M, shiny|100\/100\n|turn|9\n|\n|t:|1699478640\n|move|p1a: \ud83e\udea8AERODACTYL\ud83e\udea8|Stone Edge|p2a: Alakazam\n|-damage|p2a: Alakazam|0 fnt\n|faint|p2a: Alakazam\n|\n|upkeep\n|\n|t:|1699478657\n|switch|p2a: Cyclizar|Cyclizar, F|100\/100\n|turn|10\n|\n|t:|1699478666\n|move|p1a: \ud83e\udea8AERODACTYL\ud83e\udea8|Stone Edge|p2a: Cyclizar\n|-damage|p2a: Cyclizar|0 fnt\n|faint|p2a: Cyclizar\n|\n|upkeep\n|\n|t:|1699478668\n|switch|p2a: Galvantula|Galvantula, F|94\/100\n|turn|11\n|\n|t:|1699478674\n|move|p1a: \ud83e\udea8AERODACTYL\ud83e\udea8|Stone Edge|p2a: Galvantula\n|-supereffective|p2a: Galvantula\n|-damage|p2a: Galvantula|0 fnt\n|faint|p2a: Galvantula\n|\n|win|GEO-M0DE\ufe0f\ufe0f\ufe0f\ufe0f\ufe0f\u2734\ufe0f\n|raw|GEO-M0DE\ufe0f\ufe0f\ufe0f\ufe0f\ufe0f\u2734\ufe0f's rating: 1026 &rarr; <strong>1072<\/strong><br \/>(+46 for winning)\n|raw|ZhongHuaMinGuo's rating: 1122 &rarr; <strong>1090<\/strong><br \/>(-32 for losing)\n|c|\u2606GEO-M0DE\ufe0f\ufe0f\ufe0f\ufe0f\ufe0f\u2734\ufe0f|Stone death!\n|c|\u2606ZhongHuaMinGuo|sob\n|c|\u2606ZhongHuaMinGuo|you didnt miss any\n|c|\u2606GEO-M0DE\ufe0f\ufe0f\ufe0f\ufe0f\ufe0f\u2734\ufe0f|\ud83e\udea8\n|l|\u2606ZhongHuaMinGuo\n","uploadtime":1699478946,"views":5,"p1id":"geom0de","p2id":"zhonghuaminguo","formatid":"gen9nationaldexubers","rating":1072,"private":0,"password":""}