{"id":"gen9nationaldexubers-1984839114","p1":"85792195wwww","p2":"BlackStar150520","format":"[Gen 9] National Dex Ubers","log":"|j|\u260685792195wwww\n|j|\u2606BlackStar150520\n|t:|1699303362\n|gametype|singles\n|player|p1|85792195wwww|mira|1831\n|player|p2|BlackStar150520|unknown|1756\n|teamsize|p1|6\n|teamsize|p2|6\n|gen|9\n|tier|[Gen 9] National Dex Ubers\n|rated|\n|rule|HP Percentage Mod: HP is shown in percentages\n|rule|Endless Battle Clause: Forcing endless battles is banned\n|rule|OHKO Clause: OHKO moves are banned\n|rule|Evasion Moves Clause: Evasion moves are banned\n|rule|Evasion Items Clause: Evasion items are banned\n|rule|Species Clause: Limit one of each Pok\u00e9mon\n|rule|Sleep Clause Mod: Limit one foe put to sleep\n|rule|Mega Rayquaza Clause: You cannot mega evolve Rayquaza\n|clearpoke\n|poke|p1|Zacian-*|\n|poke|p1|Groudon|\n|poke|p1|Krookodile, F|\n|poke|p1|Mewtwo|\n|poke|p1|Xerneas-*|\n|poke|p1|Arceus|\n|poke|p2|Ditto|\n|poke|p2|Dondozo, F|\n|poke|p2|Magearna|\n|poke|p2|Eternatus|\n|poke|p2|Arceus-Dark|\n|poke|p2|Groudon|\n|teampreview\n|inactive|Battle timer is ON: inactive players will automatically lose when time's up. (requested by BlackStar150520)\n|inactive|BlackStar150520 has 120 seconds left.\n|\n|t:|1699303405\n|start\n|switch|p1a: Xerneas|Xerneas|100\/100\n|switch|p2a: Arceus|Arceus-Dark|100\/100\n|-ability|p1a: Xerneas|Fairy Aura\n|turn|1\n|\n|t:|1699303412\n|move|p2a: Arceus|Toxic|p1a: Xerneas\n|-status|p1a: Xerneas|tox\n|move|p1a: Xerneas|Moonblast|p2a: Arceus\n|-supereffective|p2a: Arceus\n|-damage|p2a: Arceus|5\/100\n|-unboost|p2a: Arceus|spa|1\n|\n|-damage|p1a: Xerneas|94\/100 tox|[from] psn\n|upkeep\n|turn|2\n|\n|t:|1699303424\n|-terastallize|p2a: Arceus|Poison\n|move|p2a: Arceus|Recover|p2a: Arceus\n|-heal|p2a: Arceus|55\/100\n|move|p1a: Xerneas|Moonblast|p2a: Arceus\n|-resisted|p2a: Arceus\n|-damage|p2a: Arceus|30\/100\n|-unboost|p2a: Arceus|spa|1\n|\n|-damage|p1a: Xerneas|82\/100 tox|[from] psn\n|upkeep\n|turn|3\n|\n|t:|1699303436\n|switch|p1a: Zacian|Zacian-Crowned|100\/100\n|-ability|p1a: Zacian|Intrepid Sword|boost\n|-boost|p1a: Zacian|atk|1\n|move|p2a: Arceus|Recover|p2a: Arceus\n|-heal|p2a: Arceus|80\/100\n|\n|upkeep\n|turn|4\n|\n|t:|1699303446\n|switch|p2a: Dondozo|Dondozo, F|100\/100\n|move|p1a: Zacian|Wild Charge|p2a: Dondozo\n|-supereffective|p2a: Dondozo\n|-damage|p2a: Dondozo|69\/100\n|-damage|p1a: Zacian|88\/100|[from] Recoil\n|\n|-heal|p2a: Dondozo|75\/100|[from] item: Leftovers\n|upkeep\n|turn|5\n|\n|t:|1699303458\n|move|p1a: Zacian|Wild Charge|p2a: Dondozo\n|-supereffective|p2a: Dondozo\n|-damage|p2a: Dondozo|43\/100\n|-damage|p1a: Zacian|76\/100|[from] Recoil\n|move|p2a: Dondozo|Liquidation|p1a: Zacian\n|-damage|p1a: Zacian|50\/100\n|\n|-heal|p2a: Dondozo|49\/100|[from] item: Leftovers\n|upkeep\n|turn|6\n|\n|t:|1699303469\n|switch|p1a: Krookodile|Krookodile, F|100\/100\n|-ability|p1a: Krookodile|Intimidate|boost\n|-unboost|p2a: Dondozo|atk|1\n|move|p2a: Dondozo|Rest|p2a: Dondozo\n|-status|p2a: Dondozo|slp|[from] move: Rest\n|-heal|p2a: Dondozo|100\/100 slp|[silent]\n|\n|upkeep\n|turn|7\n|\n|t:|1699303494\n|switch|p2a: Arceus|Arceus-Dark, tera:Poison|80\/100\n|move|p1a: Krookodile|Stealth Rock|p2a: Arceus\n|-sidestart|p2: BlackStar150520|move: Stealth Rock\n|\n|upkeep\n|turn|8\n|\n|t:|1699303500\n|move|p2a: Arceus|Toxic|p1a: Krookodile\n|-status|p1a: Krookodile|tox\n|move|p1a: Krookodile|Bulldoze|p2a: Arceus\n|-supereffective|p2a: Arceus\n|-damage|p2a: Arceus|40\/100\n|-unboost|p2a: Arceus|spe|1\n|\n|-damage|p1a: Krookodile|94\/100 tox|[from] psn\n|upkeep\n|turn|9\n|\n|t:|1699303510\n|move|p1a: Krookodile|Taunt|p2a: Arceus\n|-start|p2a: Arceus|move: Taunt\n|cant|p2a: Arceus|move: Taunt|Recover\n|\n|-damage|p1a: Krookodile|82\/100 tox|[from] psn\n|upkeep\n|turn|10\n|\n|t:|1699303518\n|move|p1a: Krookodile|Bulldoze|p2a: Arceus\n|-supereffective|p2a: Arceus\n|-damage|p2a: Arceus|3\/100\n|-unboost|p2a: Arceus|spe|1\n|move|p2a: Arceus|Foul Play|p1a: Krookodile\n|-resisted|p1a: Krookodile\n|-damage|p1a: Krookodile|49\/100 tox\n|\n|-damage|p1a: Krookodile|31\/100 tox|[from] psn\n|upkeep\n|turn|11\n|\n|t:|1699303528\n|move|p1a: Krookodile|Knock Off|p2a: Arceus\n|-damage|p2a: Arceus|0 fnt\n|faint|p2a: Arceus\n|\n|-damage|p1a: Krookodile|7\/100 tox|[from] psn\n|upkeep\n|\n|t:|1699303533\n|switch|p2a: Ditto|Ditto, shiny|100\/100\n|-damage|p2a: Ditto|88\/100|[from] Stealth Rock\n|-transform|p2a: Ditto|p1a: Krookodile|[from] ability: Imposter\n|-ability|p2a: Ditto|Intimidate|boost\n|-unboost|p1a: Krookodile|atk|1\n|turn|12\n|\n|t:|1699303542\n|switch|p1a: Zacian|Zacian-Crowned|50\/100\n|move|p2a: Ditto|Knock Off|p1a: Zacian\n|-resisted|p1a: Zacian\n|-damage|p1a: Zacian|36\/100\n|\n|upkeep\n|turn|13\n|\n|t:|1699303553\n|switch|p2a: Dondozo|Dondozo, F|100\/100 slp\n|-damage|p2a: Dondozo|88\/100 slp|[from] Stealth Rock\n|switch|p1a: Krookodile|Krookodile, F|7\/100 tox\n|-ability|p1a: Krookodile|Intimidate|boost\n|-unboost|p2a: Dondozo|atk|1\n|\n|-heal|p2a: Dondozo|94\/100 slp|[from] item: Leftovers\n|-damage|p1a: Krookodile|0 fnt|[from] psn\n|faint|p1a: Krookodile\n|upkeep\n|\n|t:|1699303578\n|switch|p1a: Groudon|Groudon|100\/100\n|detailschange|p1a: Groudon|Groudon-Primal\n|-primal|p1a: Groudon|Red Orb\n|-weather|DesolateLand|[from] ability: Desolate Land|[of] p1a: Groudon\n|turn|14\n|\n|t:|1699303589\n|move|p1a: Groudon|Precipice Blades|p2a: Dondozo\n|-damage|p2a: Dondozo|55\/100 slp\n|cant|p2a: Dondozo|slp\n|\n|-weather|DesolateLand|[upkeep]\n|-heal|p2a: Dondozo|61\/100 slp|[from] item: Leftovers\n|upkeep\n|turn|15\n|\n|t:|1699303607\n|switch|p2a: Magearna|Magearna|100\/100\n|-damage|p2a: Magearna|94\/100|[from] Stealth Rock\n|move|p1a: Groudon|Precipice Blades|p2a: Magearna\n|-supereffective|p2a: Magearna\n|-damage|p2a: Magearna|0 fnt\n|faint|p2a: Magearna\n|\n|-weather|DesolateLand|[upkeep]\n|upkeep\n|\n|t:|1699303609\n|switch|p2a: Groudon|Groudon|100\/100\n|-damage|p2a: Groudon|94\/100|[from] Stealth Rock\n|detailschange|p2a: Groudon|Groudon-Primal\n|-primal|p2a: Groudon|Red Orb\n|turn|16\n|\n|t:|1699303622\n|switch|p1a: Zacian|Zacian-Crowned|36\/100\n|move|p2a: Groudon|Earth Power|p1a: Zacian\n|-supereffective|p1a: Zacian\n|-damage|p1a: Zacian|0 fnt\n|faint|p1a: Zacian\n|\n|-weather|DesolateLand|[upkeep]\n|upkeep\n|\n|t:|1699303635\n|switch|p1a: Mewtwo|Mewtwo|100\/100\n|-ability|p1a: Mewtwo|Pressure\n|turn|17\n|\n|t:|1699303644\n|-weather|none\n|switch|p2a: Eternatus|Eternatus|100\/100\n|-damage|p2a: Eternatus|88\/100|[from] Stealth Rock\n|-ability|p2a: Eternatus|Pressure\n|move|p1a: Mewtwo|Earth Power|p2a: Eternatus\n|-supereffective|p2a: Eternatus\n|-damage|p2a: Eternatus|20\/100\n|-damage|p1a: Mewtwo|91\/100|[from] item: Life Orb\n|\n|-heal|p2a: Eternatus|27\/100|[from] item: Leftovers\n|upkeep\n|turn|18\n|\n|t:|1699303658\n|move|p2a: Eternatus|Sludge Bomb|p1a: Mewtwo\n|-damage|p1a: Mewtwo|45\/100\n|move|p1a: Mewtwo|Psystrike|p2a: Eternatus\n|-supereffective|p2a: Eternatus\n|-damage|p2a: Eternatus|0 fnt\n|faint|p2a: Eternatus\n|-damage|p1a: Mewtwo|35\/100|[from] item: Life Orb\n|\n|upkeep\n|\n|t:|1699303663\n|switch|p2a: Ditto|Ditto, shiny|88\/100\n|-damage|p2a: Ditto|76\/100|[from] Stealth Rock\n|-transform|p2a: Ditto|p1a: Mewtwo|[from] ability: Imposter\n|-ability|p2a: Ditto|Pressure\n|turn|19\n|\n|t:|1699303675\n|switch|p1a: Arceus|Arceus|100\/100\n|move|p2a: Ditto|Psystrike|p1a: Arceus\n|-damage|p1a: Arceus|56\/100\n|\n|upkeep\n|turn|20\n|\n|t:|1699303691\n|switch|p2a: Dondozo|Dondozo, F|61\/100 slp\n|-damage|p2a: Dondozo|49\/100 slp|[from] Stealth Rock\n|-terastallize|p1a: Arceus|Normal\n|move|p1a: Arceus|Extreme Speed|p2a: Dondozo\n|-damage|p2a: Dondozo|17\/100 slp\n|-damage|p1a: Arceus|47\/100|[from] item: Life Orb\n|\n|-heal|p2a: Dondozo|23\/100 slp|[from] item: Leftovers\n|upkeep\n|turn|21\n|\n|t:|1699303704\n|move|p1a: Arceus|Extreme Speed|p2a: Dondozo\n|-damage|p2a: Dondozo|0 fnt\n|faint|p2a: Dondozo\n|-damage|p1a: Arceus|37\/100|[from] item: Life Orb\n|\n|upkeep\n|\n|t:|1699303727\n|switch|p2a: Ditto|Ditto, shiny|76\/100\n|-damage|p2a: Ditto|63\/100|[from] Stealth Rock\n|-transform|p2a: Ditto|p1a: Arceus|[from] ability: Imposter\n|turn|22\n|\n|t:|1699303743\n|switch|p1a: Groudon|Groudon-Primal|100\/100\n|-weather|DesolateLand|[from] ability: Desolate Land|[of] p1a: Groudon\n|move|p2a: Ditto|Extreme Speed|p1a: Groudon\n|-damage|p1a: Groudon|73\/100\n|\n|-weather|DesolateLand|[upkeep]\n|upkeep\n|turn|23\n|\n|t:|1699303758\n|switch|p2a: Groudon|Groudon-Primal|94\/100\n|-damage|p2a: Groudon|82\/100|[from] Stealth Rock\n|move|p1a: Groudon|Precipice Blades|p2a: Groudon\n|-supereffective|p2a: Groudon\n|-crit|p2a: Groudon\n|-damage|p2a: Groudon|0 fnt\n|faint|p2a: Groudon\n|\n|-weather|DesolateLand|[upkeep]\n|upkeep\n|\n|t:|1699303760\n|switch|p2a: Ditto|Ditto, shiny|63\/100\n|-damage|p2a: Ditto|51\/100|[from] Stealth Rock\n|-transform|p2a: Ditto|p1a: Groudon|[from] ability: Imposter\n|turn|24\n|\n|t:|1699303773\n|move|p2a: Ditto|Precipice Blades|p1a: Groudon|[miss]\n|-miss|p2a: Ditto|p1a: Groudon\n|move|p1a: Groudon|Precipice Blades|p2a: Ditto\n|-supereffective|p2a: Ditto\n|-damage|p2a: Ditto|0 fnt\n|faint|p2a: Ditto\n|\n|win|85792195wwww\n|raw|85792195wwww's rating: 1831 &rarr; <strong>1847<\/strong><br \/>(+16 for winning)\n|raw|BlackStar150520's rating: 1756 &rarr; <strong>1740<\/strong><br \/>(-16 for losing)\n|l|\u2606BlackStar150520\n","uploadtime":1699303782,"views":6,"p1id":"85792195wwww","p2id":"blackstar150520","formatid":"gen9nationaldexubers","rating":1740,"private":0,"password":""}