{"id":"gen9nationaldexubers-1998903048","p1":"WeirdHamster","p2":"R8","format":"[Gen 9] National Dex Ubers","log":"|j|\u2606WeirdHamster\n|j|\u2606R8@!\n|t:|1701010972\n|gametype|singles\n|player|p1|WeirdHamster|plasmagrunt-gen5bw|\n|player|p2|R8|#r8|\n|teamsize|p1|6\n|teamsize|p2|6\n|gen|9\n|tier|[Gen 9] National Dex Ubers\n|rule|HP Percentage Mod: HP is shown in percentages\n|rule|Endless Battle Clause: Forcing endless battles is banned\n|rule|OHKO Clause: OHKO moves are banned\n|rule|Evasion Moves Clause: Evasion moves are banned\n|rule|Evasion Items Clause: Evasion items are banned\n|rule|Species Clause: Limit one of each Pok\u00e9mon\n|rule|Sleep Clause Mod: Limit one foe put to sleep\n|rule|Mega Rayquaza Clause: You cannot mega evolve Rayquaza\n|clearpoke\n|poke|p1|Ditto|\n|poke|p1|Zygarde|\n|poke|p1|Ho-Oh|\n|poke|p1|Arceus-Dark|\n|poke|p1|Eternatus|\n|poke|p1|Magearna|\n|poke|p2|Groudon|\n|poke|p2|Yveltal|\n|poke|p2|Alomomola, M|\n|poke|p2|Ho-Oh|\n|poke|p2|Arceus-Ground|\n|poke|p2|Marshadow|\n|teampreview\n|inactive|Battle timer is ON: inactive players will automatically lose when time's up. (requested by R8)\n|inactive|WeirdHamster also wants the timer to be on.\n|c|\u2606R8|Alright, let's have a great game\n|c|\u2606R8|gl hf\n|j|+adem\n|j| SnookumsRex\n|inactive|WeirdHamster has 270 seconds left.\n|inactive|R8 has 270 seconds left.\n|c|\u2606WeirdHamster|u2\n|j| amstan\n|j| Kinzo Ketchum\n|inactive|WeirdHamster has 240 seconds left.\n|inactive|R8 has 240 seconds left.\n|j| Slowpoke Gachikoi\n|inactive|WeirdHamster has 210 seconds left.\n|j| Oculars\u2655\n|inactive|R8 has 210 seconds left.\n|j| Velcroc\n|j|+Wildfiree\n|j| Lameflame\n|j| Dragongemex\n|inactive|WeirdHamster has 180 seconds left.\n|j|+hidin\n|j| qsns\n|j| Alpha1013\n|inactive|R8 has 180 seconds left.\n|j| Runo\n|c|+adem|the flight is booked.\n|j| 3MoreMinutes\n|c| Alpha1013|lgi r8\n|l| SnookumsRex\n|inactive|WeirdHamster has 150 seconds left.\n|\n|t:|1701011124\n|start\n|switch|p1a: Ditto|Ditto|100\/100\n|switch|p2a: Alomomola|Alomomola, M|100\/100\n|-transform|p1a: Ditto|p2a: Alomomola|[from] ability: Imposter\n|turn|1\n|j| lupla\n|c| Runo|R8 remember what is at stake here\n|inactive|WeirdHamster has 210 seconds left.\n|c|\u2606R8|Worry not, I do\n|c| lupla|> the big match\n|c|+hidin|one goat on one side, a noob on the other\n|c| lupla|> two molas on screen\n|c|\u2606WeirdHamster|Wish prot flip turn toxic\n|c| lupla|ik one is a ditto\n|c| lupla|But i find it funny regardless\n|\n|t:|1701011155\n|-terastallize|p2a: Alomomola|Poison\n|move|p1a: Ditto|Flip Turn|p2a: Alomomola\n|-damage|p2a: Alomomola|87\/100\n|c| Oculars\u2655|shamoneamola\n|j| Aziz Le Bledart\n|\n|t:|1701011163\n|switch|p1a: Eternatus|Eternatus|100\/100|[from] Flip Turn\n|-ability|p1a: Eternatus|Pressure\n|move|p2a: Alomomola|Flip Turn|p1a: Eternatus\n|-resisted|p1a: Eternatus\n|-damage|p1a: Eternatus|95\/100\n|inactive|R8 has 240 seconds left.\n|\n|t:|1701011168\n|switch|p2a: Groudon|Groudon|100\/100|[from] Flip Turn\n|detailschange|p2a: Groudon|Groudon-Primal\n|-primal|p2a: Groudon|Red Orb\n|-weather|DesolateLand|[from] ability: Desolate Land|[of] p2a: Groudon\n|\n|-weather|DesolateLand|[upkeep]\n|-heal|p1a: Eternatus|100\/100|[from] item: Leftovers\n|upkeep\n|turn|2\n|c|+adem|Ok stfu people let them play\n|inactive|R8 has 240 seconds left.\n|c| 3MoreMinutes|mb\n|\n|t:|1701011189\n|switch|p1a: Zygarde|Zygarde|100\/100\n|move|p2a: Groudon|Spikes|p1a: Zygarde\n|-sidestart|p1: WeirdHamster|Spikes\n|\n|-weather|DesolateLand|[upkeep]\n|upkeep\n|turn|3\n|j| Daepiquejt\n|j| Guapenheimer\n|\n|t:|1701011202\n|-weather|none\n|switch|p2a: Yveltal|Yveltal|100\/100\n|-ability|p2a: Yveltal|Dark Aura\n|move|p1a: Zygarde|Glare|p2a: Yveltal\n|-status|p2a: Yveltal|par\n|\n|upkeep\n|turn|4\n|\n|t:|1701011208\n|switch|p1a: Magearna|Magearna|100\/100\n|-damage|p1a: Magearna|88\/100|[from] Spikes\n|move|p2a: Yveltal|Knock Off|p1a: Magearna\n|-resisted|p1a: Magearna\n|-damage|p1a: Magearna|66\/100\n|-enditem|p1a: Magearna|Leftovers|[from] move: Knock Off|[of] p2a: Yveltal\n|\n|upkeep\n|turn|5\n|j| sealoo\n|l| sealoo\n|l| Aziz Le Bledart\n|inactive|R8 has 240 seconds left.\n|j| looking 4 horizons\n|inactive|WeirdHamster has 210 seconds left.\n|j| sealoo\n|inactive|R8 has 210 seconds left.\n|l| sealoo\n|inactive|WeirdHamster has 180 seconds left.\n|l| Guapenheimer\n|\n|t:|1701011274\n|switch|p2a: Groudon|Groudon-Primal|100\/100\n|-weather|DesolateLand|[from] ability: Desolate Land|[of] p2a: Groudon\n|move|p1a: Magearna|Pain Split|p2a: Groudon\n|-sethp|p2a: Groudon|80\/100|[from] move: Pain Split|[silent]\n|-sethp|p1a: Magearna|89\/100|[from] move: Pain Split\n|\n|-weather|DesolateLand|[upkeep]\n|upkeep\n|turn|6\n|\n|t:|1701011287\n|switch|p1a: Zygarde|Zygarde|100\/100\n|-damage|p1a: Zygarde|88\/100|[from] Spikes\n|move|p2a: Groudon|Toxic|p1a: Zygarde\n|-status|p1a: Zygarde|tox\n|\n|-weather|DesolateLand|[upkeep]\n|-heal|p1a: Zygarde|94\/100 tox|[from] item: Leftovers\n|-damage|p1a: Zygarde|88\/100 tox|[from] psn\n|upkeep\n|turn|7\n|\n|t:|1701011292\n|switch|p1a: Ho-Oh|Ho-Oh|100\/100\n|-weather|none\n|switch|p2a: Yveltal|Yveltal|100\/100 par\n|-ability|p2a: Yveltal|Dark Aura\n|\n|upkeep\n|turn|8\n|j| Guapenheimer\n|\n|t:|1701011297\n|move|p1a: Ho-Oh|Defog|p2a: Yveltal\n|-unboost|p2a: Yveltal|evasion|1\n|-sideend|p1: WeirdHamster|Spikes|[from] move: Defog|[of] p1a: Ho-Oh\n|cant|p2a: Yveltal|par\n|\n|upkeep\n|turn|9\n|\n|t:|1701011303\n|switch|p1a: Magearna|Magearna|89\/100\n|move|p2a: Yveltal|U-turn|p1a: Magearna\n|-resisted|p1a: Magearna\n|-damage|p1a: Magearna|85\/100\n|\n|t:|1701011306\n|switch|p2a: Groudon|Groudon-Primal|80\/100|[from] U-turn\n|-weather|DesolateLand|[from] ability: Desolate Land|[of] p2a: Groudon\n|\n|-weather|DesolateLand|[upkeep]\n|upkeep\n|turn|10\n|inactive|R8 has 210 seconds left.\n|\n|t:|1701011316\n|-weather|none\n|switch|p2a: Yveltal|Yveltal|100\/100 par\n|-ability|p2a: Yveltal|Dark Aura\n|switch|p1a: Zygarde|Zygarde|88\/100 tox\n|\n|-heal|p1a: Zygarde|94\/100 tox|[from] item: Leftovers\n|-damage|p1a: Zygarde|88\/100 tox|[from] psn\n|upkeep\n|turn|11\n|\n|t:|1701011322\n|switch|p1a: Magearna|Magearna|85\/100\n|cant|p2a: Yveltal|par\n|\n|upkeep\n|turn|12\n|\n|t:|1701011327\n|switch|p2a: Alomomola|Alomomola, M, tera:Poison|100\/100\n|move|p1a: Magearna|Fleur Cannon|p2a: Alomomola\n|-resisted|p2a: Alomomola\n|-damage|p2a: Alomomola|79\/100\n|-unboost|p1a: Magearna|spa|2\n|\n|upkeep\n|turn|13\n|\n|t:|1701011335\n|switch|p1a: Eternatus|Eternatus|100\/100\n|-ability|p1a: Eternatus|Pressure\n|switch|p2a: Groudon|Groudon-Primal|80\/100\n|-weather|DesolateLand|[from] ability: Desolate Land|[of] p2a: Groudon\n|\n|-weather|DesolateLand|[upkeep]\n|upkeep\n|turn|14\n|\n|t:|1701011339\n|switch|p1a: Zygarde|Zygarde|88\/100 tox\n|-weather|none\n|switch|p2a: Alomomola|Alomomola, M, tera:Poison|100\/100\n|\n|-heal|p1a: Zygarde|94\/100 tox|[from] item: Leftovers\n|-damage|p1a: Zygarde|88\/100 tox|[from] psn\n|upkeep\n|turn|15\n|\n|t:|1701011342\n|move|p1a: Zygarde|Glare|p2a: Alomomola\n|-status|p2a: Alomomola|par\n|move|p2a: Alomomola|Flip Turn|p1a: Zygarde\n|-damage|p1a: Zygarde|80\/100 tox\n|j| New_Laukinis\n|\n|t:|1701011348\n|switch|p2a: Groudon|Groudon-Primal|80\/100|[from] Flip Turn\n|-weather|DesolateLand|[from] ability: Desolate Land|[of] p2a: Groudon\n|\n|-weather|DesolateLand|[upkeep]\n|-heal|p1a: Zygarde|86\/100 tox|[from] item: Leftovers\n|-damage|p1a: Zygarde|74\/100 tox|[from] psn\n|upkeep\n|turn|16\n|\n|t:|1701011353\n|-weather|none\n|switch|p2a: Yveltal|Yveltal|100\/100 par\n|-ability|p2a: Yveltal|Dark Aura\n|move|p1a: Zygarde|Glare|p2a: Yveltal\n|-fail|p2a: Yveltal|par\n|\n|-heal|p1a: Zygarde|80\/100 tox|[from] item: Leftovers\n|-damage|p1a: Zygarde|62\/100 tox|[from] psn\n|upkeep\n|turn|17\n|\n|t:|1701011358\n|switch|p1a: Arceus|Arceus-Dark|100\/100\n|move|p2a: Yveltal|U-turn|p1a: Arceus\n|-supereffective|p1a: Arceus\n|-damage|p1a: Arceus|79\/100\n|\n|t:|1701011363\n|switch|p2a: Marshadow|Marshadow|100\/100|[from] U-turn\n|\n|upkeep\n|turn|18\n|l| looking 4 horizons\n|\n|t:|1701011368\n|switch|p2a: Alomomola|Alomomola, M, tera:Poison|100\/100 par\n|switch|p1a: Ho-Oh|Ho-Oh|100\/100\n|\n|upkeep\n|turn|19\n|j| TBIC106\n|j| looking 4 horizons\n|j| dracul mihawk\n|\n|t:|1701011380\n|switch|p1a: Zygarde|Zygarde|62\/100 tox\n|switch|p2a: Arceus|Arceus-Ground|100\/100\n|\n|-heal|p1a: Zygarde|68\/100 tox|[from] item: Leftovers\n|-damage|p1a: Zygarde|62\/100 tox|[from] psn\n|upkeep\n|turn|20\n|\n|t:|1701011385\n|switch|p2a: Yveltal|Yveltal|100\/100 par\n|-ability|p2a: Yveltal|Dark Aura\n|switch|p1a: Ditto|Ditto|100\/100\n|-transform|p1a: Ditto|p2a: Yveltal|[from] ability: Imposter\n|-ability|p1a: Ditto|Dark Aura\n|\n|upkeep\n|turn|21\n|c|\u2606WeirdHamster|knock uturn roost toxic\n|\n|t:|1701011402\n|switch|p2a: Arceus|Arceus-Ground|100\/100\n|move|p1a: Ditto|U-turn|p2a: Arceus\n|-damage|p2a: Arceus|90\/100\n|\n|t:|1701011413\n|switch|p1a: Arceus|Arceus-Dark|79\/100|[from] U-turn\n|\n|upkeep\n|turn|22\n|\n|t:|1701011416\n|switch|p1a: Ditto|Ditto|100\/100\n|-transform|p1a: Ditto|p2a: Arceus|[from] ability: Imposter\n|switch|p2a: Alomomola|Alomomola, M, tera:Poison|100\/100 par\n|\n|upkeep\n|turn|23\n|c|\u2606WeirdHamster|refresh recover power gem judgement\n|inactive|WeirdHamster has 270 seconds left.\n|\n|t:|1701011450\n|switch|p1a: Zygarde|Zygarde|62\/100 tox\n|switch|p2a: Ho-No|Ho-Oh|100\/100\n|\n|-heal|p1a: Zygarde|68\/100 tox|[from] item: Leftovers\n|-damage|p1a: Zygarde|62\/100 tox|[from] psn\n|upkeep\n|turn|24\n|\n|t:|1701011454\n|switch|p2a: Yveltal|Yveltal|100\/100 par\n|-ability|p2a: Yveltal|Dark Aura\n|move|p1a: Zygarde|Thousand Arrows|p2a: Yveltal\n|-damage|p2a: Yveltal|84\/100 par\n|-start|p2a: Yveltal|Smack Down\n|\n|-heal|p1a: Zygarde|68\/100 tox|[from] item: Leftovers\n|-damage|p1a: Zygarde|55\/100 tox|[from] psn\n|upkeep\n|turn|25\n|\n|t:|1701011458\n|switch|p1a: Magearna|Magearna|85\/100\n|cant|p2a: Yveltal|par\n|\n|upkeep\n|turn|26\n|\n|t:|1701011467\n|switch|p1a: Arceus|Arceus-Dark|79\/100\n|switch|p2a: Groudon|Groudon-Primal|80\/100\n|-weather|DesolateLand|[from] ability: Desolate Land|[of] p2a: Groudon\n|\n|-weather|DesolateLand|[upkeep]\n|upkeep\n|turn|27\n|\n|t:|1701011471\n|-weather|none\n|switch|p2a: Alomomola|Alomomola, M, tera:Poison|100\/100 par\n|move|p1a: Arceus|Taunt|p2a: Alomomola\n|-start|p2a: Alomomola|move: Taunt\n|\n|upkeep\n|turn|28\n|\n|t:|1701011477\n|switch|p1a: Zygarde|Zygarde|55\/100 tox\n|move|p2a: Alomomola|Flip Turn|p1a: Zygarde\n|-damage|p1a: Zygarde|47\/100 tox\n|l| Kinzo Ketchum\n|\n|t:|1701011483\n|switch|p2a: Yveltal|Yveltal|84\/100 par|[from] Flip Turn\n|-ability|p2a: Yveltal|Dark Aura\n|\n|-heal|p1a: Zygarde|53\/100 tox|[from] item: Leftovers\n|-damage|p1a: Zygarde|47\/100 tox|[from] psn\n|-activate|p1a: Zygarde|ability: Power Construct\n|detailschange|p1a: Zygarde|Zygarde-Complete\n|-heal|p1a: Zygarde|66\/100 tox|[silent]\n|upkeep\n|turn|29\n|\n|t:|1701011487\n|switch|p1a: Magearna|Magearna|85\/100\n|cant|p2a: Yveltal|par\n|\n|upkeep\n|turn|30\n|\n|t:|1701011489\n|switch|p2a: Groudon|Groudon-Primal|80\/100\n|-weather|DesolateLand|[from] ability: Desolate Land|[of] p2a: Groudon\n|move|p1a: Magearna|Heal Bell|p1a: Magearna\n|-activate|p1a: Magearna|move: Heal Bell\n|-curestatus|p1: Zygarde|tox|[msg]\n|\n|-weather|DesolateLand|[upkeep]\n|upkeep\n|turn|31\n|\n|t:|1701011491\n|switch|p1a: Zygarde|Zygarde-Complete|66\/100\n|move|p2a: Groudon|Spikes|p1a: Zygarde\n|-sidestart|p1: WeirdHamster|Spikes\n|\n|-weather|DesolateLand|[upkeep]\n|-heal|p1a: Zygarde|72\/100|[from] item: Leftovers\n|upkeep\n|turn|32\n|\n|t:|1701011496\n|-weather|none\n|switch|p2a: Yveltal|Yveltal|84\/100 par\n|-ability|p2a: Yveltal|Dark Aura\n|move|p1a: Zygarde|Thousand Arrows|p2a: Yveltal\n|-damage|p2a: Yveltal|64\/100 par\n|-start|p2a: Yveltal|Smack Down\n|\n|-heal|p1a: Zygarde|78\/100|[from] item: Leftovers\n|upkeep\n|turn|33\n|\n|t:|1701011500\n|switch|p1a: Ho-Oh|Ho-Oh|100\/100\n|move|p2a: Yveltal|Roost|p2a: Yveltal\n|-heal|p2a: Yveltal|100\/100 par\n|-singleturn|p2a: Yveltal|move: Roost\n|\n|upkeep\n|turn|34\n|\n|t:|1701011509\n|move|p1a: Ho-Oh|Defog|p2a: Yveltal\n|-unboost|p2a: Yveltal|evasion|1\n|-sideend|p1: WeirdHamster|Spikes|[from] move: Defog|[of] p1a: Ho-Oh\n|move|p2a: Yveltal|Toxic|p1a: Ho-Oh\n|-status|p1a: Ho-Oh|tox\n|\n|-damage|p1a: Ho-Oh|94\/100 tox|[from] psn\n|upkeep\n|turn|35\n|l| New_Laukinis\n|\n|t:|1701011514\n|switch|p1a: Magearna|Magearna|85\/100\n|switch|p2a: Arceus|Arceus-Ground|90\/100\n|\n|upkeep\n|turn|36\n|\n|t:|1701011527\n|switch|p2a: Alomomola|Alomomola, M, tera:Poison|100\/100 par\n|switch|p1a: Zygarde|Zygarde-Complete|78\/100\n|\n|-heal|p1a: Zygarde|84\/100|[from] item: Leftovers\n|upkeep\n|turn|37\n|\n|t:|1701011530\n|switch|p1a: Eternatus|Eternatus|100\/100\n|-ability|p1a: Eternatus|Pressure\n|switch|p2a: Yveltal|Yveltal|100\/100 par\n|-ability|p2a: Yveltal|Dark Aura\n|\n|upkeep\n|turn|38\n|\n|t:|1701011540\n|switch|p2a: Arceus|Arceus-Ground|90\/100\n|move|p1a: Eternatus|Sludge Bomb|p2a: Arceus\n|-resisted|p2a: Arceus\n|-damage|p2a: Arceus|75\/100\n|\n|upkeep\n|turn|39\n|\n|t:|1701011543\n|switch|p1a: Zygarde|Zygarde-Complete|84\/100\n|switch|p2a: Alomomola|Alomomola, M, tera:Poison|100\/100 par\n|\n|-heal|p1a: Zygarde|91\/100|[from] item: Leftovers\n|upkeep\n|turn|40\n|\n|t:|1701011546\n|switch|p1a: Eternatus|Eternatus|100\/100\n|-ability|p1a: Eternatus|Pressure\n|switch|p2a: Yveltal|Yveltal|100\/100 par\n|-ability|p2a: Yveltal|Dark Aura\n|\n|upkeep\n|turn|41\n|\n|t:|1701011552\n|switch|p1a: Arceus|Arceus-Dark|79\/100\n|switch|p2a: Alomomola|Alomomola, M, tera:Poison|100\/100 par\n|\n|upkeep\n|turn|42\n|j| Kinzo Ketchum\n|\n|t:|1701011558\n|switch|p2a: Yveltal|Yveltal|100\/100 par\n|-ability|p2a: Yveltal|Dark Aura\n|move|p1a: Arceus|Taunt|p2a: Yveltal\n|-start|p2a: Yveltal|move: Taunt\n|\n|upkeep\n|turn|43\n|\n|t:|1701011563\n|switch|p1a: Ditto|Ditto|100\/100\n|-transform|p1a: Ditto|p2a: Yveltal|[from] ability: Imposter\n|-ability|p1a: Ditto|Dark Aura\n|switch|p2a: Alomomola|Alomomola, M, tera:Poison|100\/100 par\n|\n|upkeep\n|turn|44\n|l| looking 4 horizons\n|\n|t:|1701011569\n|switch|p2a: Arceus|Arceus-Ground|75\/100\n|move|p1a: Ditto|Knock Off|p2a: Arceus\n|-damage|p2a: Arceus|57\/100\n|\n|upkeep\n|turn|45\n|j| looking 4 horizons\n|\n|t:|1701011577\n|switch|p1a: Zygarde|Zygarde-Complete|91\/100\n|move|p2a: Arceus|Judgment|p1a: Zygarde\n|-damage|p1a: Zygarde|62\/100\n|\n|-heal|p1a: Zygarde|68\/100|[from] item: Leftovers\n|upkeep\n|turn|46\n|l| dracul mihawk\n|j| dracul mihawk\n|l| 3MoreMinutes\n|\n|t:|1701011601\n|switch|p2a: Yveltal|Yveltal|100\/100 par\n|-ability|p2a: Yveltal|Dark Aura\n|move|p1a: Zygarde|Glare|p2a: Yveltal\n|-fail|p2a: Yveltal|par\n|\n|-heal|p1a: Zygarde|75\/100|[from] item: Leftovers\n|upkeep\n|turn|47\n|j| NDSNEZ AGC khrsn\n|\n|t:|1701011608\n|switch|p1a: Magearna|Magearna|85\/100\n|switch|p2a: Alomomola|Alomomola, M, tera:Poison|100\/100 par\n|\n|upkeep\n|turn|48\n|\n|t:|1701011615\n|switch|p1a: Ditto|Ditto|100\/100\n|-transform|p1a: Ditto|p2a: Alomomola|[from] ability: Imposter\n|switch|p2a: Groudon|Groudon-Primal|80\/100\n|-weather|DesolateLand|[from] ability: Desolate Land|[of] p2a: Groudon\n|\n|-weather|DesolateLand|[upkeep]\n|upkeep\n|turn|49\n|l| Guapenheimer\n|\n|t:|1701011623\n|-weather|none\n|switch|p2a: Alomomola|Alomomola, M, tera:Poison|100\/100 par\n|move|p1a: Ditto|Toxic||[still]\n|-fail|p1a: Ditto\n|\n|upkeep\n|turn|50\n|\n|t:|1701011634\n|switch|p1a: Ho-Oh|Ho-Oh|100\/100 tox\n|switch|p2a: Arceus|Arceus-Ground|57\/100\n|\n|-damage|p1a: Ho-Oh|94\/100 tox|[from] psn\n|upkeep\n|turn|51\n|l| Runo\n|j| Runo\n|\n|t:|1701011643\n|switch|p2a: Alomomola|Alomomola, M, tera:Poison|100\/100 par\n|switch|p1a: Zygarde|Zygarde-Complete|75\/100\n|\n|-heal|p1a: Zygarde|81\/100|[from] item: Leftovers\n|upkeep\n|turn|52\n|\n|t:|1701011649\n|switch|p1a: Eternatus|Eternatus|100\/100\n|-ability|p1a: Eternatus|Pressure\n|switch|p2a: Yveltal|Yveltal|100\/100 par\n|-ability|p2a: Yveltal|Dark Aura\n|\n|upkeep\n|turn|53\n|\n|t:|1701011652\n|switch|p1a: Ditto|Ditto|100\/100\n|-transform|p1a: Ditto|p2a: Yveltal|[from] ability: Imposter\n|-ability|p1a: Ditto|Dark Aura\n|switch|p2a: Alomomola|Alomomola, M, tera:Poison|100\/100 par\n|\n|upkeep\n|turn|54\n|\n|t:|1701011658\n|switch|p2a: Arceus|Arceus-Ground|57\/100\n|move|p1a: Ditto|Knock Off|p2a: Arceus\n|-damage|p2a: Arceus|38\/100\n|\n|upkeep\n|turn|55\n|l| Dragongemex\n|\n|t:|1701011662\n|move|p1a: Ditto|Knock Off|p2a: Arceus\n|-damage|p2a: Arceus|21\/100\n|move|p2a: Arceus|Recover|p2a: Arceus\n|-heal|p2a: Arceus|71\/100\n|\n|upkeep\n|turn|56\n|\n|t:|1701011665\n|switch|p1a: Zygarde|Zygarde-Complete|81\/100\n|switch|p2a: Groudon|Groudon-Primal|80\/100\n|-weather|DesolateLand|[from] ability: Desolate Land|[of] p2a: Groudon\n|\n|-weather|DesolateLand|[upkeep]\n|-heal|p1a: Zygarde|87\/100|[from] item: Leftovers\n|upkeep\n|turn|57\n|\n|t:|1701011673\n|-weather|none\n|switch|p2a: Alomomola|Alomomola, M, tera:Poison|100\/100 par\n|switch|p1a: Ditto|Ditto|100\/100\n|-transform|p1a: Ditto|p2a: Alomomola|[from] ability: Imposter\n|\n|upkeep\n|turn|58\n|\n|t:|1701011678\n|move|p1a: Ditto|Flip Turn|p2a: Alomomola\n|-damage|p2a: Alomomola|88\/100 par\n|\n|t:|1701011680\n|switch|p1a: Eternatus|Eternatus|100\/100|[from] Flip Turn\n|-ability|p1a: Eternatus|Pressure\n|move|p2a: Alomomola|Flip Turn|p1a: Eternatus\n|-resisted|p1a: Eternatus\n|-damage|p1a: Eternatus|94\/100\n|l| dracul mihawk\n|\n|t:|1701011682\n|switch|p2a: Groudon|Groudon-Primal|80\/100|[from] Flip Turn\n|-weather|DesolateLand|[from] ability: Desolate Land|[of] p2a: Groudon\n|\n|-weather|DesolateLand|[upkeep]\n|-heal|p1a: Eternatus|100\/100|[from] item: Leftovers\n|upkeep\n|turn|59\n|\n|t:|1701011685\n|switch|p1a: Zygarde|Zygarde-Complete|87\/100\n|move|p2a: Groudon|Spikes|p1a: Zygarde\n|-sidestart|p1: WeirdHamster|Spikes\n|\n|-weather|DesolateLand|[upkeep]\n|-heal|p1a: Zygarde|93\/100|[from] item: Leftovers\n|upkeep\n|turn|60\n|j| dracul mihawk\n|\n|t:|1701011692\n|-weather|none\n|switch|p2a: Alomomola|Alomomola, M, tera:Poison|100\/100 par\n|move|p1a: Zygarde|Glare|p2a: Alomomola\n|-fail|p2a: Alomomola|par\n|\n|-heal|p1a: Zygarde|99\/100|[from] item: Leftovers\n|upkeep\n|turn|61\n|\n|t:|1701011696\n|switch|p1a: Ho-Oh|Ho-Oh|100\/100 tox\n|switch|p2a: Yveltal|Yveltal|100\/100 par\n|-ability|p2a: Yveltal|Dark Aura\n|\n|-damage|p1a: Ho-Oh|94\/100 tox|[from] psn\n|upkeep\n|turn|62\n|\n|t:|1701011700\n|switch|p2a: Alomomola|Alomomola, M, tera:Poison|100\/100 par\n|move|p1a: Ho-Oh|Defog|p2a: Alomomola\n|-unboost|p2a: Alomomola|evasion|1\n|-sideend|p1: WeirdHamster|Spikes|[from] move: Defog|[of] p1a: Ho-Oh\n|\n|-damage|p1a: Ho-Oh|82\/100 tox|[from] psn\n|upkeep\n|turn|63\n|j| 3MoreMinutes\n|\n|t:|1701011713\n|switch|p1a: Eternatus|Eternatus|100\/100\n|-ability|p1a: Eternatus|Pressure\n|switch|p2a: Groudon|Groudon-Primal|80\/100\n|-weather|DesolateLand|[from] ability: Desolate Land|[of] p2a: Groudon\n|\n|-weather|DesolateLand|[upkeep]\n|upkeep\n|turn|64\n|\n|t:|1701011717\n|switch|p1a: Zygarde|Zygarde-Complete|99\/100\n|move|p2a: Groudon|Toxic|p1a: Zygarde\n|-status|p1a: Zygarde|tox\n|\n|-weather|DesolateLand|[upkeep]\n|-heal|p1a: Zygarde|100\/100 tox|[from] item: Leftovers\n|-damage|p1a: Zygarde|94\/100 tox|[from] psn\n|upkeep\n|turn|65\n|\n|t:|1701011725\n|move|p2a: Groudon|Spikes|p1a: Zygarde\n|-sidestart|p1: WeirdHamster|Spikes\n|move|p1a: Zygarde|Glare|p2a: Groudon\n|-status|p2a: Groudon|par\n|\n|-weather|DesolateLand|[upkeep]\n|-heal|p1a: Zygarde|100\/100 tox|[from] item: Leftovers\n|-damage|p1a: Zygarde|88\/100 tox|[from] psn\n|upkeep\n|turn|66\n|\n|t:|1701011733\n|-weather|none\n|switch|p2a: Yveltal|Yveltal|100\/100 par\n|-ability|p2a: Yveltal|Dark Aura\n|move|p1a: Zygarde|Thousand Arrows|p2a: Yveltal\n|-damage|p2a: Yveltal|81\/100 par\n|-start|p2a: Yveltal|Smack Down\n|\n|-heal|p1a: Zygarde|94\/100 tox|[from] item: Leftovers\n|-damage|p1a: Zygarde|75\/100 tox|[from] psn\n|upkeep\n|turn|67\n|\n|t:|1701011738\n|switch|p1a: Ho-Oh|Ho-Oh|100\/100 tox\n|switch|p2a: Alomomola|Alomomola, M, tera:Poison|100\/100 par\n|\n|-damage|p1a: Ho-Oh|94\/100 tox|[from] psn\n|upkeep\n|turn|68\n|\n|t:|1701011744\n|switch|p2a: Groudon|Groudon-Primal|80\/100 par\n|-weather|DesolateLand|[from] ability: Desolate Land|[of] p2a: Groudon\n|move|p1a: Ho-Oh|Defog|p2a: Groudon\n|-unboost|p2a: Groudon|evasion|1\n|-sideend|p1: WeirdHamster|Spikes|[from] move: Defog|[of] p1a: Ho-Oh\n|\n|-weather|DesolateLand|[upkeep]\n|-damage|p1a: Ho-Oh|82\/100 tox|[from] psn\n|upkeep\n|turn|69\n|\n|t:|1701011748\n|switch|p1a: Zygarde|Zygarde-Complete|75\/100 tox\n|move|p2a: Groudon|Spikes|p1a: Zygarde\n|-sidestart|p1: WeirdHamster|Spikes\n|\n|-weather|DesolateLand|[upkeep]\n|-heal|p1a: Zygarde|82\/100 tox|[from] item: Leftovers\n|-damage|p1a: Zygarde|75\/100 tox|[from] psn\n|upkeep\n|turn|70\n|\n|t:|1701011752\n|switch|p1a: Magearna|Magearna|85\/100\n|-damage|p1a: Magearna|72\/100|[from] Spikes\n|-weather|none\n|switch|p2a: Alomomola|Alomomola, M, tera:Poison|100\/100 par\n|\n|upkeep\n|turn|71\n|\n|t:|1701011756\n|switch|p2a: Groudon|Groudon-Primal|80\/100 par\n|-weather|DesolateLand|[from] ability: Desolate Land|[of] p2a: Groudon\n|move|p1a: Magearna|Heal Bell|p1a: Magearna\n|-activate|p1a: Magearna|move: Heal Bell\n|-curestatus|p1: Ho-Oh|tox|[msg]\n|-curestatus|p1: Zygarde|tox|[msg]\n|\n|-weather|DesolateLand|[upkeep]\n|upkeep\n|turn|72\n|l| Kinzo Ketchum\n|\n|t:|1701011761\n|switch|p1a: Zygarde|Zygarde-Complete|75\/100\n|-damage|p1a: Zygarde|63\/100|[from] Spikes\n|move|p2a: Groudon|Toxic|p1a: Zygarde\n|-status|p1a: Zygarde|tox\n|\n|-weather|DesolateLand|[upkeep]\n|-heal|p1a: Zygarde|69\/100 tox|[from] item: Leftovers\n|-damage|p1a: Zygarde|63\/100 tox|[from] psn\n|upkeep\n|turn|73\n|\n|t:|1701011768\n|-weather|none\n|switch|p2a: Alomomola|Alomomola, M, tera:Poison|100\/100 par\n|move|p1a: Zygarde|Thousand Arrows|p2a: Alomomola\n|-supereffective|p2a: Alomomola\n|-damage|p2a: Alomomola|50\/100 par\n|\n|-heal|p1a: Zygarde|69\/100 tox|[from] item: Leftovers\n|-damage|p1a: Zygarde|57\/100 tox|[from] psn\n|upkeep\n|turn|74\n|\n|t:|1701011780\n|switch|p1a: Ho-Oh|Ho-Oh|100\/100\n|switch|p2a: Arceus|Arceus-Ground|71\/100\n|\n|upkeep\n|turn|75\n|j| StompBox\n|l| StompBox\n|j| mifune fumiko\n|\n|t:|1701011801\n|switch|p2a: Groudon|Groudon-Primal|80\/100 par\n|-weather|DesolateLand|[from] ability: Desolate Land|[of] p2a: Groudon\n|-terastallize|p1a: Ho-Oh|Grass\n|move|p1a: Ho-Oh|Defog|p2a: Groudon\n|-unboost|p2a: Groudon|evasion|1\n|-sideend|p1: WeirdHamster|Spikes|[from] move: Defog|[of] p1a: Ho-Oh\n|\n|-weather|DesolateLand|[upkeep]\n|upkeep\n|turn|76\n|\n|t:|1701011809\n|switch|p1a: Zygarde|Zygarde-Complete|57\/100 tox\n|move|p2a: Groudon|Spikes|p1a: Zygarde\n|-sidestart|p1: WeirdHamster|Spikes\n|\n|-weather|DesolateLand|[upkeep]\n|-heal|p1a: Zygarde|63\/100 tox|[from] item: Leftovers\n|-damage|p1a: Zygarde|57\/100 tox|[from] psn\n|upkeep\n|turn|77\n|\n|t:|1701011817\n|-weather|none\n|switch|p2a: Yveltal|Yveltal|81\/100 par\n|-ability|p2a: Yveltal|Dark Aura\n|move|p1a: Zygarde|Rest|p1a: Zygarde\n|-status|p1a: Zygarde|slp|[from] move: Rest\n|-heal|p1a: Zygarde|100\/100 slp|[silent]\n|\n|upkeep\n|turn|78\n|\n|t:|1701011819\n|switch|p1a: Ho-Oh|Ho-Oh, tera:Grass|100\/100\n|move|p2a: Yveltal|U-turn|p1a: Ho-Oh\n|-supereffective|p1a: Ho-Oh\n|-damage|p1a: Ho-Oh|74\/100\n|l| 3MoreMinutes\n|\n|t:|1701011837\n|switch|p2a: Groudon|Groudon-Primal|80\/100 par|[from] U-turn\n|-weather|DesolateLand|[from] ability: Desolate Land|[of] p2a: Groudon\n|\n|-weather|DesolateLand|[upkeep]\n|upkeep\n|turn|79\n|\n|t:|1701011839\n|switch|p1a: Zygarde|Zygarde-Complete|100\/100 slp\n|-damage|p1a: Zygarde|88\/100 slp|[from] Spikes\n|move|p2a: Groudon|Toxic||[still]\n|-fail|p2a: Groudon\n|\n|-weather|DesolateLand|[upkeep]\n|-heal|p1a: Zygarde|94\/100 slp|[from] item: Leftovers\n|upkeep\n|turn|80\n|\n|t:|1701011846\n|-weather|none\n|switch|p2a: Alomomola|Alomomola, M, tera:Poison|83\/100 par\n|cant|p1a: Zygarde|slp\n|\n|-heal|p1a: Zygarde|100\/100 slp|[from] item: Leftovers\n|upkeep\n|turn|81\n|\n|t:|1701011849\n|switch|p1a: Ho-Oh|Ho-Oh, tera:Grass|100\/100\n|switch|p2a: Yveltal|Yveltal|81\/100 par\n|-ability|p2a: Yveltal|Dark Aura\n|\n|upkeep\n|turn|82\n|\n|t:|1701011852\n|move|p1a: Ho-Oh|Defog|p2a: Yveltal\n|-unboost|p2a: Yveltal|evasion|1\n|-sideend|p1: WeirdHamster|Spikes|[from] move: Defog|[of] p1a: Ho-Oh\n|move|p2a: Yveltal|Knock Off|p1a: Ho-Oh\n|-damage|p1a: Ho-Oh|69\/100\n|-enditem|p1a: Ho-Oh|Heavy-Duty Boots|[from] move: Knock Off|[of] p2a: Yveltal\n|\n|upkeep\n|turn|83\n|\n|t:|1701011855\n|switch|p1a: Ditto|Ditto|100\/100\n|-transform|p1a: Ditto|p2a: Yveltal|[from] ability: Imposter\n|-ability|p1a: Ditto|Dark Aura\n|switch|p2a: Groudon|Groudon-Primal|80\/100 par\n|-weather|DesolateLand|[from] ability: Desolate Land|[of] p2a: Groudon\n|\n|-weather|DesolateLand|[upkeep]\n|upkeep\n|turn|84\n|\n|t:|1701011859\n|move|p1a: Ditto|U-turn|p2a: Groudon\n|-resisted|p2a: Groudon\n|-damage|p2a: Groudon|75\/100 par\n|\n|t:|1701011861\n|switch|p1a: Zygarde|Zygarde-Complete|100\/100 slp|[from] U-turn\n|move|p2a: Groudon|Spikes|p1a: Zygarde\n|-sidestart|p1: WeirdHamster|Spikes\n|\n|-weather|DesolateLand|[upkeep]\n|upkeep\n|turn|85\n|\n|t:|1701011885\n|-weather|none\n|switch|p2a: Ho-No|Ho-Oh|100\/100\n|cant|p1a: Zygarde|slp\n|\n|upkeep\n|turn|86\n|\n|t:|1701011890\n|switch|p1a: Eternatus|Eternatus|100\/100\n|-damage|p1a: Eternatus|88\/100|[from] Spikes\n|-ability|p1a: Eternatus|Pressure\n|switch|p2a: Alomomola|Alomomola, M, tera:Poison|100\/100 par\n|\n|-heal|p1a: Eternatus|94\/100|[from] item: Leftovers\n|upkeep\n|turn|87\n|\n|t:|1701011898\n|move|p1a: Eternatus|Dynamax Cannon|p2a: Alomomola\n|-damage|p2a: Alomomola|69\/100 par\n|move|p2a: Alomomola|Wish|p2a: Alomomola\n|\n|-heal|p1a: Eternatus|100\/100|[from] item: Leftovers\n|upkeep\n|turn|88\n|\n|t:|1701011903\n|switch|p2a: Groudon|Groudon-Primal|75\/100 par\n|-weather|DesolateLand|[from] ability: Desolate Land|[of] p2a: Groudon\n|move|p1a: Eternatus|Toxic Spikes|p2a: Groudon\n|-sidestart|p2: R8|move: Toxic Spikes\n|\n|-weather|DesolateLand|[upkeep]\n|-heal|p2a: Groudon|100\/100 par|[from] move: Wish|[wisher] Alomomola\n|upkeep\n|turn|89\n|j| Kinzo Ketchum\n|\n|t:|1701011909\n|switch|p1a: Ho-Oh|Ho-Oh, tera:Grass|100\/100\n|-damage|p1a: Ho-Oh|88\/100|[from] Spikes\n|-weather|none\n|switch|p2a: Alomomola|Alomomola, M, tera:Poison|100\/100 par\n|-sideend|p2: R8|move: Toxic Spikes|[of] p2a: Alomomola\n|\n|upkeep\n|turn|90\n|\n|t:|1701011915\n|switch|p2a: Groudon|Groudon-Primal|100\/100 par\n|-weather|DesolateLand|[from] ability: Desolate Land|[of] p2a: Groudon\n|move|p1a: Ho-Oh|Defog|p2a: Groudon\n|-unboost|p2a: Groudon|evasion|1\n|-sideend|p1: WeirdHamster|Spikes|[from] move: Defog|[of] p1a: Ho-Oh\n|\n|-weather|DesolateLand|[upkeep]\n|upkeep\n|turn|91\n|l| looking 4 horizons\n|l| dracul mihawk\n|j| dracul mihawk\n|j| 3MoreMinutes\n|\n|t:|1701011931\n|switch|p1a: Zygarde|Zygarde-Complete|100\/100 slp\n|move|p2a: Groudon|Spikes|p1a: Zygarde\n|-sidestart|p1: WeirdHamster|Spikes\n|\n|-weather|DesolateLand|[upkeep]\n|upkeep\n|turn|92\n|l| Kinzo Ketchum\n|\n|t:|1701011939\n|switch|p1a: Ditto|Ditto|100\/100\n|-damage|p1a: Ditto|88\/100|[from] Spikes\n|-transform|p1a: Ditto|p2a: Groudon|[from] ability: Imposter\n|switch|p2a: Alomomola|Alomomola, M, tera:Poison|100\/100 par\n|\n|-weather|DesolateLand|[upkeep]\n|upkeep\n|turn|93\n|c|\u2606WeirdHamster|pblades rock tomb\n|j| Kinzo Ketchum\n|inactive|R8 has 270 seconds left.\n|\n|t:|1701011974\n|switch|p2a: Yveltal|Yveltal|81\/100 par\n|-ability|p2a: Yveltal|Dark Aura\n|move|p1a: Ditto|Spikes|p2a: Yveltal\n|-sidestart|p2: R8|Spikes\n|\n|-weather|DesolateLand|[upkeep]\n|upkeep\n|turn|94\n|l| 3MoreMinutes\n|\n|t:|1701011981\n|-weather|none\n|switch|p1a: Arceus|Arceus-Dark|79\/100\n|-damage|p1a: Arceus|66\/100|[from] Spikes\n|move|p2a: Yveltal|U-turn|p1a: Arceus\n|-supereffective|p1a: Arceus\n|-damage|p1a: Arceus|45\/100\n|l|+Wildfiree\n|\n|t:|1701011987\n|switch|p2a: Marshadow|Marshadow|100\/100|[from] U-turn\n|-damage|p2a: Marshadow|88\/100|[from] Spikes\n|\n|upkeep\n|turn|95\n|j| glimmeraqua\n|j|+Wildfiree\n|\n|t:|1701011999\n|switch|p1a: Zygarde|Zygarde-Complete|100\/100 slp\n|-damage|p1a: Zygarde|88\/100 slp|[from] Spikes\n|move|p2a: Marshadow|Poltergeist|p1a: Zygarde|[miss]\n|-miss|p2a: Marshadow|p1a: Zygarde\n|\n|-heal|p1a: Zygarde|94\/100 slp|[from] item: Leftovers\n|upkeep\n|turn|96\n|\n|t:|1701012007\n|switch|p2a: Alomomola|Alomomola, M, tera:Poison|100\/100 par\n|-curestatus|p1a: Zygarde|slp|[msg]\n|move|p1a: Zygarde|Coil|p1a: Zygarde\n|-boost|p1a: Zygarde|atk|1\n|-boost|p1a: Zygarde|def|1\n|-boost|p1a: Zygarde|accuracy|1\n|\n|-heal|p1a: Zygarde|100\/100|[from] item: Leftovers\n|upkeep\n|turn|97\n|\n|t:|1701012024\n|move|p1a: Zygarde|Coil|p1a: Zygarde\n|-boost|p1a: Zygarde|atk|1\n|-boost|p1a: Zygarde|def|1\n|-boost|p1a: Zygarde|accuracy|1\n|move|p2a: Alomomola|Toxic|p1a: Zygarde\n|-status|p1a: Zygarde|tox\n|\n|-damage|p1a: Zygarde|94\/100 tox|[from] psn\n|upkeep\n|turn|98\n|\n|t:|1701012031\n|switch|p2a: Arceus|Arceus-Ground|71\/100\n|-damage|p2a: Arceus|59\/100|[from] Spikes\n|move|p1a: Zygarde|Thousand Arrows|p2a: Arceus\n|-damage|p2a: Arceus|25\/100\n|\n|-heal|p1a: Zygarde|100\/100 tox|[from] item: Leftovers\n|-damage|p1a: Zygarde|88\/100 tox|[from] psn\n|upkeep\n|turn|99\n|\n|t:|1701012036\n|move|p2a: Arceus|Recover|p2a: Arceus\n|-heal|p2a: Arceus|75\/100\n|move|p1a: Zygarde|Glare|p2a: Arceus\n|-status|p2a: Arceus|par\n|\n|-heal|p1a: Zygarde|94\/100 tox|[from] item: Leftovers\n|-damage|p1a: Zygarde|75\/100 tox|[from] psn\n|upkeep\n|turn|100\n|\n|t:|1701012040\n|move|p1a: Zygarde|Rest|p1a: Zygarde\n|-status|p1a: Zygarde|slp|[from] move: Rest\n|-heal|p1a: Zygarde|100\/100 slp|[silent]\n|move|p2a: Arceus|Refresh|p2a: Arceus\n|-curestatus|p2a: Arceus|par|[msg]\n|\n|upkeep\n|turn|101\n|\n|t:|1701012043\n|switch|p2a: Ho-No|Ho-Oh|100\/100\n|cant|p1a: Zygarde|slp\n|\n|upkeep\n|turn|102\n|\n|t:|1701012045\n|cant|p1a: Zygarde|slp\n|move|p2a: Ho-No|Whirlwind|p1a: Zygarde\n|drag|p1a: Magearna|Magearna|72\/100\n|-damage|p1a: Magearna|60\/100|[from] Spikes\n|\n|upkeep\n|turn|103\n|\n|t:|1701012049\n|switch|p1a: Eternatus|Eternatus|100\/100\n|-damage|p1a: Eternatus|88\/100|[from] Spikes\n|-ability|p1a: Eternatus|Pressure\n|move|p2a: Ho-No|Whirlwind|p1a: Eternatus\n|drag|p1a: Zygarde|Zygarde-Complete|100\/100 slp\n|-damage|p1a: Zygarde|88\/100 slp|[from] Spikes\n|\n|-heal|p1a: Zygarde|94\/100 slp|[from] item: Leftovers\n|upkeep\n|turn|104\n|l| Lameflame\n|\n|t:|1701012059\n|switch|p2a: Yveltal|Yveltal|81\/100 par\n|-ability|p2a: Yveltal|Dark Aura\n|-curestatus|p1a: Zygarde|slp|[msg]\n|move|p1a: Zygarde|Glare|p2a: Yveltal\n|-fail|p2a: Yveltal|par\n|\n|-heal|p1a: Zygarde|100\/100|[from] item: Leftovers\n|upkeep\n|turn|105\n|\n|t:|1701012062\n|switch|p1a: Ho-Oh|Ho-Oh, tera:Grass|100\/100\n|-damage|p1a: Ho-Oh|88\/100|[from] Spikes\n|cant|p2a: Yveltal|par\n|\n|upkeep\n|turn|106\n|\n|t:|1701012065\n|cant|p2a: Yveltal|par\n|move|p1a: Ho-Oh|Whirlwind|p2a: Yveltal\n|drag|p2a: Alomomola|Alomomola, M, tera:Poison|100\/100 par\n|\n|upkeep\n|turn|107\n|\n|t:|1701012068\n|move|p2a: Alomomola|Toxic|p1a: Ho-Oh\n|-status|p1a: Ho-Oh|tox\n|move|p1a: Ho-Oh|Whirlwind|p2a: Alomomola\n|drag|p2a: Yveltal|Yveltal|81\/100 par\n|-ability|p2a: Yveltal|Dark Aura\n|\n|-damage|p1a: Ho-Oh|82\/100 tox|[from] psn\n|upkeep\n|turn|108\n|\n|t:|1701012071\n|switch|p1a: Magearna|Magearna|60\/100\n|-damage|p1a: Magearna|48\/100|[from] Spikes\n|move|p2a: Yveltal|U-turn|p1a: Magearna\n|-resisted|p1a: Magearna\n|-damage|p1a: Magearna|44\/100\n|\n|t:|1701012077\n|switch|p2a: Ho-No|Ho-Oh|100\/100|[from] U-turn\n|\n|upkeep\n|turn|109\n|\n|t:|1701012083\n|switch|p1a: Eternatus|Eternatus|88\/100\n|-damage|p1a: Eternatus|76\/100|[from] Spikes\n|-ability|p1a: Eternatus|Pressure\n|move|p2a: Ho-No|Sacred Fire|p1a: Eternatus\n|-resisted|p1a: Eternatus\n|-damage|p1a: Eternatus|60\/100\n|-status|p1a: Eternatus|brn\n|\n|-heal|p1a: Eternatus|66\/100 brn|[from] item: Leftovers\n|-damage|p1a: Eternatus|60\/100 brn|[from] brn\n|upkeep\n|turn|110\n|j| 3MoreMinutes\n|l| Slowpoke Gachikoi\n|\n|t:|1701012092\n|switch|p2a: Alomomola|Alomomola, M, tera:Poison|100\/100 par\n|move|p1a: Eternatus|Toxic Spikes|p2a: Alomomola\n|-sidestart|p2: R8|move: Toxic Spikes\n|\n|-heal|p1a: Eternatus|66\/100 brn|[from] item: Leftovers\n|-damage|p1a: Eternatus|60\/100 brn|[from] brn\n|upkeep\n|turn|111\n|\n|t:|1701012102\n|move|p1a: Eternatus|Sludge Bomb|p2a: Alomomola\n|-resisted|p2a: Alomomola\n|-damage|p2a: Alomomola|84\/100 par\n|move|p2a: Alomomola|Flip Turn|p1a: Eternatus\n|-resisted|p1a: Eternatus\n|-damage|p1a: Eternatus|54\/100 brn\n|\n|t:|1701012108\n|switch|p2a: Yveltal|Yveltal|81\/100 par|[from] Flip Turn\n|-ability|p2a: Yveltal|Dark Aura\n|\n|-heal|p1a: Eternatus|60\/100 brn|[from] item: Leftovers\n|-damage|p1a: Eternatus|54\/100 brn|[from] brn\n|upkeep\n|turn|112\n|\n|t:|1701012115\n|switch|p1a: Ho-Oh|Ho-Oh, tera:Grass|100\/100 tox\n|-damage|p1a: Ho-Oh|88\/100 tox|[from] Spikes\n|switch|p2a: Alomomola|Alomomola, M, tera:Poison|100\/100 par\n|-sideend|p2: R8|move: Toxic Spikes|[of] p2a: Alomomola\n|\n|-damage|p1a: Ho-Oh|82\/100 tox|[from] psn\n|upkeep\n|turn|113\n|\n|t:|1701012128\n|switch|p2a: Groudon|Groudon-Primal|100\/100 par\n|-damage|p2a: Groudon|88\/100 par|[from] Spikes\n|-weather|DesolateLand|[from] ability: Desolate Land|[of] p2a: Groudon\n|move|p1a: Ho-Oh|Defog|p2a: Groudon\n|-unboost|p2a: Groudon|evasion|1\n|-sideend|p2: R8|Spikes|[from] move: Defog|[of] p1a: Ho-Oh\n|-sideend|p1: WeirdHamster|Spikes|[from] move: Defog|[of] p1a: Ho-Oh\n|\n|-weather|DesolateLand|[upkeep]\n|-damage|p1a: Ho-Oh|70\/100 tox|[from] psn\n|upkeep\n|turn|114\n|j| YoshiXP2002\n|\n|t:|1701012136\n|switch|p1a: Zygarde|Zygarde-Complete|100\/100\n|move|p2a: Groudon|Spikes|p1a: Zygarde\n|-sidestart|p1: WeirdHamster|Spikes\n|\n|-weather|DesolateLand|[upkeep]\n|upkeep\n|turn|115\n|\n|t:|1701012139\n|-weather|none\n|switch|p2a: Yveltal|Yveltal|81\/100 par\n|-ability|p2a: Yveltal|Dark Aura\n|move|p1a: Zygarde|Coil|p1a: Zygarde\n|-boost|p1a: Zygarde|atk|1\n|-boost|p1a: Zygarde|def|1\n|-boost|p1a: Zygarde|accuracy|1\n|\n|upkeep\n|turn|116\n|\n|t:|1701012143\n|move|p1a: Zygarde|Coil|p1a: Zygarde\n|-boost|p1a: Zygarde|atk|1\n|-boost|p1a: Zygarde|def|1\n|-boost|p1a: Zygarde|accuracy|1\n|cant|p2a: Yveltal|par\n|\n|upkeep\n|turn|117\n|\n|t:|1701012145\n|move|p1a: Zygarde|Thousand Arrows|p2a: Yveltal\n|-damage|p2a: Yveltal|46\/100 par\n|-start|p2a: Yveltal|Smack Down\n|move|p2a: Yveltal|Toxic|p1a: Zygarde\n|-status|p1a: Zygarde|tox\n|\n|-damage|p1a: Zygarde|94\/100 tox|[from] psn\n|upkeep\n|turn|118\n|l| YoshiXP2002\n|j| YoshiXP2002\n|l| 3MoreMinutes\n|\n|t:|1701012154\n|move|p1a: Zygarde|Coil|p1a: Zygarde\n|-boost|p1a: Zygarde|atk|1\n|-boost|p1a: Zygarde|def|1\n|-boost|p1a: Zygarde|accuracy|1\n|move|p2a: Yveltal|Roost|p2a: Yveltal\n|-heal|p2a: Yveltal|96\/100 par\n|-singleturn|p2a: Yveltal|move: Roost\n|\n|-heal|p1a: Zygarde|100\/100 tox|[from] item: Leftovers\n|-damage|p1a: Zygarde|88\/100 tox|[from] psn\n|upkeep\n|turn|119\n|\n|t:|1701012161\n|switch|p1a: Magearna|Magearna|44\/100\n|-damage|p1a: Magearna|31\/100|[from] Spikes\n|cant|p2a: Yveltal|par\n|\n|upkeep\n|turn|120\n|\n|t:|1701012166\n|switch|p2a: Ho-No|Ho-Oh|100\/100\n|move|p1a: Magearna|Pain Split|p2a: Ho-No\n|-sethp|p2a: Ho-No|64\/100|[from] move: Pain Split|[silent]\n|-sethp|p1a: Magearna|73\/100|[from] move: Pain Split\n|\n|upkeep\n|turn|121\n|\n|t:|1701012176\n|switch|p1a: Eternatus|Eternatus|54\/100 brn\n|-damage|p1a: Eternatus|42\/100 brn|[from] Spikes\n|-ability|p1a: Eternatus|Pressure\n|move|p2a: Ho-No|Whirlwind|p1a: Eternatus\n|drag|p1a: Ho-Oh|Ho-Oh, tera:Grass|100\/100 tox\n|-damage|p1a: Ho-Oh|88\/100 tox|[from] Spikes\n|\n|-damage|p1a: Ho-Oh|82\/100 tox|[from] psn\n|upkeep\n|turn|122\n|j| 3MoreMinutes\n|\n|t:|1701012197\n|switch|p2a: Groudon|Groudon-Primal|88\/100 par\n|-weather|DesolateLand|[from] ability: Desolate Land|[of] p2a: Groudon\n|move|p1a: Ho-Oh|Defog|p2a: Groudon\n|-unboost|p2a: Groudon|evasion|1\n|-sideend|p1: WeirdHamster|Spikes|[from] move: Defog|[of] p1a: Ho-Oh\n|\n|-weather|DesolateLand|[upkeep]\n|-damage|p1a: Ho-Oh|70\/100 tox|[from] psn\n|upkeep\n|turn|123\n|\n|t:|1701012211\n|switch|p1a: Zygarde|Zygarde-Complete|88\/100 tox\n|move|p2a: Groudon|Spikes|p1a: Zygarde\n|-sidestart|p1: WeirdHamster|Spikes\n|\n|-weather|DesolateLand|[upkeep]\n|-heal|p1a: Zygarde|94\/100 tox|[from] item: Leftovers\n|-damage|p1a: Zygarde|88\/100 tox|[from] psn\n|upkeep\n|turn|124\n|\n|t:|1701012226\n|switch|p1a: Magearna|Magearna|73\/100\n|-damage|p1a: Magearna|61\/100|[from] Spikes\n|-weather|none\n|switch|p2a: Alomomola|Alomomola, M, tera:Poison|100\/100 par\n|\n|upkeep\n|turn|125\n|l| Daepiquejt\n|\n|t:|1701012232\n|switch|p2a: Groudon|Groudon-Primal|88\/100 par\n|-weather|DesolateLand|[from] ability: Desolate Land|[of] p2a: Groudon\n|move|p1a: Magearna|Heal Bell|p1a: Magearna\n|-activate|p1a: Magearna|move: Heal Bell\n|-curestatus|p1: Ho-Oh|tox|[msg]\n|-curestatus|p1: Eternatus|brn|[msg]\n|-curestatus|p1: Zygarde|tox|[msg]\n|\n|-weather|DesolateLand|[upkeep]\n|upkeep\n|turn|126\n|\n|t:|1701012244\n|switch|p1a: Ho-Oh|Ho-Oh, tera:Grass|100\/100\n|-damage|p1a: Ho-Oh|88\/100|[from] Spikes\n|-weather|none\n|switch|p2a: Ho-No|Ho-Oh|97\/100\n|\n|upkeep\n|turn|127\n|\n|t:|1701012248\n|switch|p2a: Groudon|Groudon-Primal|88\/100 par\n|-weather|DesolateLand|[from] ability: Desolate Land|[of] p2a: Groudon\n|switch|p1a: Eternatus|Eternatus|42\/100\n|-damage|p1a: Eternatus|29\/100|[from] Spikes\n|-ability|p1a: Eternatus|Pressure\n|\n|-weather|DesolateLand|[upkeep]\n|-heal|p1a: Eternatus|36\/100|[from] item: Leftovers\n|upkeep\n|turn|128\n|l| 3MoreMinutes\n|\n|t:|1701012251\n|switch|p1a: Ho-Oh|Ho-Oh, tera:Grass|100\/100\n|-damage|p1a: Ho-Oh|88\/100|[from] Spikes\n|move|p2a: Groudon|Precipice Blades|p1a: Ho-Oh\n|-resisted|p1a: Ho-Oh\n|-damage|p1a: Ho-Oh|65\/100\n|\n|-weather|DesolateLand|[upkeep]\n|upkeep\n|turn|129\n|\n|t:|1701012254\n|move|p1a: Ho-Oh|Defog|p2a: Groudon\n|-unboost|p2a: Groudon|evasion|1\n|-sideend|p1: WeirdHamster|Spikes|[from] move: Defog|[of] p1a: Ho-Oh\n|move|p2a: Groudon|Toxic|p1a: Ho-Oh\n|-status|p1a: Ho-Oh|tox\n|\n|-weather|DesolateLand|[upkeep]\n|-damage|p1a: Ho-Oh|59\/100 tox|[from] psn\n|upkeep\n|turn|130\n|\n|t:|1701012261\n|switch|p1a: Arceus|Arceus-Dark|45\/100\n|cant|p2a: Groudon|par\n|\n|-weather|DesolateLand|[upkeep]\n|upkeep\n|turn|131\n|j| 3MoreMinutes\n|\n|t:|1701012271\n|-weather|none\n|switch|p2a: Yveltal|Yveltal|96\/100 par\n|-ability|p2a: Yveltal|Dark Aura\n|move|p1a: Arceus|Recover|p1a: Arceus\n|-heal|p1a: Arceus|95\/100\n|\n|upkeep\n|turn|132\n|\n|t:|1701012274\n|move|p1a: Arceus|Taunt|p2a: Yveltal\n|-start|p2a: Yveltal|move: Taunt\n|move|p2a: Yveltal|U-turn|p1a: Arceus\n|-supereffective|p1a: Arceus\n|-damage|p1a: Arceus|75\/100\n|\n|t:|1701012279\n|switch|p2a: Marshadow|Marshadow|88\/100|[from] U-turn\n|\n|upkeep\n|turn|133\n|\n|t:|1701012286\n|switch|p2a: Yveltal|Yveltal|96\/100 par\n|-ability|p2a: Yveltal|Dark Aura\n|switch|p1a: Zygarde|Zygarde-Complete|88\/100\n|\n|-heal|p1a: Zygarde|94\/100|[from] item: Leftovers\n|upkeep\n|turn|134\n|\n|t:|1701012294\n|move|p1a: Zygarde|Thousand Arrows|p2a: Yveltal\n|-damage|p2a: Yveltal|78\/100 par\n|-start|p2a: Yveltal|Smack Down\n|move|p2a: Yveltal|U-turn|p1a: Zygarde\n|-damage|p1a: Zygarde|87\/100\n|\n|t:|1701012302\n|switch|p2a: Alomomola|Alomomola, M, tera:Poison|100\/100 par|[from] U-turn\n|\n|-heal|p1a: Zygarde|94\/100|[from] item: Leftovers\n|upkeep\n|turn|135\n|\n|t:|1701012305\n|switch|p1a: Ditto|Ditto|88\/100\n|-transform|p1a: Ditto|p2a: Alomomola|[from] ability: Imposter\n|move|p2a: Alomomola|Toxic|p1a: Ditto\n|-status|p1a: Ditto|tox\n|\n|-damage|p1a: Ditto|82\/100 tox|[from] psn\n|upkeep\n|turn|136\n|\n|t:|1701012313\n|switch|p2a: Groudon|Groudon-Primal|88\/100 par\n|-weather|DesolateLand|[from] ability: Desolate Land|[of] p2a: Groudon\n|move|p1a: Ditto|Wish|p1a: Ditto\n|\n|-weather|DesolateLand|[upkeep]\n|-damage|p1a: Ditto|70\/100 tox|[from] psn\n|upkeep\n|turn|137\n|\n|t:|1701012324\n|switch|p1a: Arceus|Arceus-Dark|75\/100\n|move|p2a: Groudon|Spikes|p1a: Arceus\n|-sidestart|p1: WeirdHamster|Spikes\n|\n|-weather|DesolateLand|[upkeep]\n|-heal|p1a: Arceus|100\/100|[from] move: Wish|[wisher] Ditto\n|upkeep\n|turn|138\n|\n|t:|1701012330\n|switch|p1a: Ho-Oh|Ho-Oh, tera:Grass|92\/100 tox\n|-damage|p1a: Ho-Oh|80\/100 tox|[from] Spikes\n|cant|p2a: Groudon|par\n|\n|-weather|DesolateLand|[upkeep]\n|-damage|p1a: Ho-Oh|74\/100 tox|[from] psn\n|upkeep\n|turn|139\n|\n|t:|1701012334\n|move|p1a: Ho-Oh|Defog|p2a: Groudon\n|-unboost|p2a: Groudon|evasion|1\n|-sideend|p1: WeirdHamster|Spikes|[from] move: Defog|[of] p1a: Ho-Oh\n|move|p2a: Groudon|Spikes|p1a: Ho-Oh\n|-sidestart|p1: WeirdHamster|Spikes\n|\n|-weather|DesolateLand|[upkeep]\n|-damage|p1a: Ho-Oh|61\/100 tox|[from] psn\n|upkeep\n|turn|140\n|\n|t:|1701012339\n|switch|p1a: Arceus|Arceus-Dark|100\/100\n|-damage|p1a: Arceus|88\/100|[from] Spikes\n|move|p2a: Groudon|Rock Tomb|p1a: Arceus\n|-damage|p1a: Arceus|74\/100\n|-unboost|p1a: Arceus|spe|1\n|\n|-weather|DesolateLand|[upkeep]\n|upkeep\n|turn|141\n|\n|t:|1701012361\n|-weather|none\n|switch|p2a: Alomomola|Alomomola, M, tera:Poison|100\/100 par\n|move|p1a: Arceus|Foul Play|p2a: Alomomola\n|-damage|p2a: Alomomola|75\/100 par\n|\n|upkeep\n|turn|142\n|\n|t:|1701012368\n|switch|p2a: Yveltal|Yveltal|78\/100 par\n|-ability|p2a: Yveltal|Dark Aura\n|move|p1a: Arceus|Taunt|p2a: Yveltal\n|-start|p2a: Yveltal|move: Taunt\n|\n|upkeep\n|turn|143\n|\n|t:|1701012371\n|switch|p2a: Alomomola|Alomomola, M, tera:Poison|100\/100 par\n|move|p1a: Arceus|Foul Play|p2a: Alomomola\n|-damage|p2a: Alomomola|79\/100 par\n|\n|upkeep\n|turn|144\n|j| looking 4 horizons\n|\n|t:|1701012373\n|switch|p2a: Yveltal|Yveltal|78\/100 par\n|-ability|p2a: Yveltal|Dark Aura\n|move|p1a: Arceus|Foul Play|p2a: Yveltal\n|-resisted|p2a: Yveltal\n|-damage|p2a: Yveltal|59\/100 par\n|\n|upkeep\n|turn|145\n|\n|t:|1701012376\n|switch|p2a: Alomomola|Alomomola, M, tera:Poison|100\/100 par\n|move|p1a: Arceus|Taunt|p2a: Alomomola\n|-start|p2a: Alomomola|move: Taunt\n|\n|upkeep\n|turn|146\n|l| TBIC106\n|\n|t:|1701012381\n|move|p1a: Arceus|Will-O-Wisp||[still]\n|-fail|p1a: Arceus\n|move|p2a: Alomomola|Flip Turn|p1a: Arceus\n|-damage|p1a: Arceus|64\/100\n|\n|t:|1701012383\n|switch|p2a: Yveltal|Yveltal|59\/100 par|[from] Flip Turn\n|-ability|p2a: Yveltal|Dark Aura\n|\n|upkeep\n|turn|147\n|\n|t:|1701012388\n|move|p1a: Arceus|Taunt|p2a: Yveltal\n|-start|p2a: Yveltal|move: Taunt\n|move|p2a: Yveltal|U-turn|p1a: Arceus\n|-supereffective|p1a: Arceus\n|-damage|p1a: Arceus|44\/100\n|\n|t:|1701012390\n|switch|p2a: Marshadow|Marshadow|88\/100|[from] U-turn\n|\n|upkeep\n|turn|148\n|\n|t:|1701012396\n|switch|p2a: Yveltal|Yveltal|59\/100 par\n|-ability|p2a: Yveltal|Dark Aura\n|switch|p1a: Zygarde|Zygarde-Complete|94\/100\n|-damage|p1a: Zygarde|81\/100|[from] Spikes\n|\n|-heal|p1a: Zygarde|87\/100|[from] item: Leftovers\n|upkeep\n|turn|149\n|j|+awyp\n|\n|t:|1701012399\n|switch|p1a: Magearna|Magearna|61\/100\n|-damage|p1a: Magearna|48\/100|[from] Spikes\n|cant|p2a: Yveltal|par\n|\n|upkeep\n|turn|150\n|c|+awyp|oh shit this game still going\n|\n|t:|1701012408\n|switch|p2a: Groudon|Groudon-Primal|88\/100 par\n|-weather|DesolateLand|[from] ability: Desolate Land|[of] p2a: Groudon\n|move|p1a: Magearna|Pain Split|p2a: Groudon\n|-sethp|p2a: Groudon|66\/100 par|[from] move: Pain Split|[silent]\n|-sethp|p1a: Magearna|73\/100|[from] move: Pain Split\n|\n|-weather|DesolateLand|[upkeep]\n|upkeep\n|turn|151\n|\n|t:|1701012418\n|switch|p1a: Ho-Oh|Ho-Oh, tera:Grass|95\/100 tox\n|-damage|p1a: Ho-Oh|82\/100 tox|[from] Spikes\n|-weather|none\n|switch|p2a: Alomomola|Alomomola, M, tera:Poison|100\/100 par\n|\n|-damage|p1a: Ho-Oh|76\/100 tox|[from] psn\n|upkeep\n|turn|152\n|\n|t:|1701012424\n|switch|p2a: Groudon|Groudon-Primal|66\/100 par\n|-weather|DesolateLand|[from] ability: Desolate Land|[of] p2a: Groudon\n|move|p1a: Ho-Oh|Defog|p2a: Groudon\n|-unboost|p2a: Groudon|evasion|1\n|-sideend|p1: WeirdHamster|Spikes|[from] move: Defog|[of] p1a: Ho-Oh\n|\n|-weather|DesolateLand|[upkeep]\n|-damage|p1a: Ho-Oh|64\/100 tox|[from] psn\n|upkeep\n|turn|153\n|\n|t:|1701012428\n|switch|p1a: Eternatus|Eternatus|36\/100\n|-ability|p1a: Eternatus|Pressure\n|move|p2a: Groudon|Spikes|p1a: Eternatus\n|-sidestart|p1: WeirdHamster|Spikes\n|\n|-weather|DesolateLand|[upkeep]\n|-heal|p1a: Eternatus|42\/100|[from] item: Leftovers\n|upkeep\n|turn|154\n|\n|t:|1701012431\n|switch|p1a: Zygarde|Zygarde-Complete|87\/100\n|-damage|p1a: Zygarde|75\/100|[from] Spikes\n|move|p2a: Groudon|Precipice Blades|p1a: Zygarde\n|-damage|p1a: Zygarde|51\/100\n|\n|-weather|DesolateLand|[upkeep]\n|-heal|p1a: Zygarde|57\/100|[from] item: Leftovers\n|upkeep\n|turn|155\n|\n|t:|1701012436\n|switch|p1a: Ho-Oh|Ho-Oh, tera:Grass|98\/100 tox\n|-damage|p1a: Ho-Oh|85\/100 tox|[from] Spikes\n|-weather|none\n|switch|p2a: Alomomola|Alomomola, M, tera:Poison|100\/100 par\n|\n|-damage|p1a: Ho-Oh|79\/100 tox|[from] psn\n|upkeep\n|turn|156\n|\n|t:|1701012441\n|switch|p2a: Groudon|Groudon-Primal|66\/100 par\n|-weather|DesolateLand|[from] ability: Desolate Land|[of] p2a: Groudon\n|move|p1a: Ho-Oh|Defog|p2a: Groudon\n|-unboost|p2a: Groudon|evasion|1\n|-sideend|p1: WeirdHamster|Spikes|[from] move: Defog|[of] p1a: Ho-Oh\n|\n|-weather|DesolateLand|[upkeep]\n|-damage|p1a: Ho-Oh|67\/100 tox|[from] psn\n|upkeep\n|turn|157\n|\n|t:|1701012445\n|switch|p1a: Arceus|Arceus-Dark|44\/100\n|move|p2a: Groudon|Spikes|p1a: Arceus\n|-sidestart|p1: WeirdHamster|Spikes\n|\n|-weather|DesolateLand|[upkeep]\n|upkeep\n|turn|158\n|l| Kinzo Ketchum\n|\n|t:|1701012453\n|-weather|none\n|switch|p2a: Yveltal|Yveltal|59\/100 par\n|-ability|p2a: Yveltal|Dark Aura\n|move|p1a: Arceus|Recover|p1a: Arceus\n|-heal|p1a: Arceus|94\/100\n|\n|upkeep\n|turn|159\n|\n|t:|1701012457\n|switch|p1a: Ho-Oh|Ho-Oh, tera:Grass|100\/100 tox\n|-damage|p1a: Ho-Oh|88\/100 tox|[from] Spikes\n|switch|p2a: Alomomola|Alomomola, M, tera:Poison|100\/100 par\n|\n|-damage|p1a: Ho-Oh|82\/100 tox|[from] psn\n|upkeep\n|turn|160\n|\n|t:|1701012459\n|switch|p2a: Groudon|Groudon-Primal|66\/100 par\n|-weather|DesolateLand|[from] ability: Desolate Land|[of] p2a: Groudon\n|move|p1a: Ho-Oh|Defog|p2a: Groudon\n|-unboost|p2a: Groudon|evasion|1\n|-sideend|p1: WeirdHamster|Spikes|[from] move: Defog|[of] p1a: Ho-Oh\n|\n|-weather|DesolateLand|[upkeep]\n|-damage|p1a: Ho-Oh|70\/100 tox|[from] psn\n|upkeep\n|turn|161\n|\n|t:|1701012465\n|switch|p1a: Zygarde|Zygarde-Complete|57\/100\n|move|p2a: Groudon|Spikes|p1a: Zygarde\n|-sidestart|p1: WeirdHamster|Spikes\n|\n|-weather|DesolateLand|[upkeep]\n|-heal|p1a: Zygarde|63\/100|[from] item: Leftovers\n|upkeep\n|turn|162\n|\n|t:|1701012471\n|switch|p1a: Ho-Oh|Ho-Oh, tera:Grass|100\/100 tox\n|-damage|p1a: Ho-Oh|88\/100 tox|[from] Spikes\n|-weather|none\n|switch|p2a: Alomomola|Alomomola, M, tera:Poison|100\/100 par\n|\n|-damage|p1a: Ho-Oh|82\/100 tox|[from] psn\n|upkeep\n|turn|163\n|\n|t:|1701012472\n|switch|p2a: Groudon|Groudon-Primal|66\/100 par\n|-weather|DesolateLand|[from] ability: Desolate Land|[of] p2a: Groudon\n|move|p1a: Ho-Oh|Defog|p2a: Groudon\n|-unboost|p2a: Groudon|evasion|1\n|-sideend|p1: WeirdHamster|Spikes|[from] move: Defog|[of] p1a: Ho-Oh\n|\n|-weather|DesolateLand|[upkeep]\n|-damage|p1a: Ho-Oh|70\/100 tox|[from] psn\n|upkeep\n|turn|164\n|\n|t:|1701012474\n|switch|p1a: Eternatus|Eternatus|42\/100\n|-ability|p1a: Eternatus|Pressure\n|cant|p2a: Groudon|par\n|\n|-weather|DesolateLand|[upkeep]\n|-heal|p1a: Eternatus|48\/100|[from] item: Leftovers\n|upkeep\n|turn|165\n|\n|t:|1701012483\n|switch|p1a: Ho-Oh|Ho-Oh, tera:Grass|100\/100 tox\n|-weather|none\n|switch|p2a: Alomomola|Alomomola, M, tera:Poison|100\/100 par\n|\n|-damage|p1a: Ho-Oh|94\/100 tox|[from] psn\n|upkeep\n|turn|166\n|\n|t:|1701012485\n|switch|p1a: Eternatus|Eternatus|48\/100\n|-ability|p1a: Eternatus|Pressure\n|move|p2a: Alomomola|Wish|p2a: Alomomola\n|\n|-heal|p1a: Eternatus|54\/100|[from] item: Leftovers\n|upkeep\n|turn|167\n|\n|t:|1701012491\n|switch|p2a: Groudon|Groudon-Primal|66\/100 par\n|-weather|DesolateLand|[from] ability: Desolate Land|[of] p2a: Groudon\n|move|p1a: Eternatus|Dynamax Cannon|p2a: Groudon\n|-damage|p2a: Groudon|35\/100 par\n|\n|-weather|DesolateLand|[upkeep]\n|-heal|p2a: Groudon|100\/100 par|[from] move: Wish|[wisher] Alomomola\n|-heal|p1a: Eternatus|60\/100|[from] item: Leftovers\n|upkeep\n|turn|168\n|\n|t:|1701012496\n|switch|p1a: Zygarde|Zygarde-Complete|63\/100\n|cant|p2a: Groudon|par\n|\n|-weather|DesolateLand|[upkeep]\n|-heal|p1a: Zygarde|70\/100|[from] item: Leftovers\n|upkeep\n|turn|169\n|\n|t:|1701012506\n|switch|p1a: Ditto|Ditto|100\/100 tox\n|-transform|p1a: Ditto|p2a: Groudon|[from] ability: Imposter\n|move|p2a: Groudon|Spikes|p1a: Ditto\n|-sidestart|p1: WeirdHamster|Spikes\n|\n|-weather|DesolateLand|[upkeep]\n|-damage|p1a: Ditto|94\/100 tox|[from] psn\n|upkeep\n|turn|170\n|\n|t:|1701012512\n|switch|p2a: Alomomola|Alomomola, M, tera:Poison|100\/100 par\n|move|p1a: Ditto|Spikes|p2a: Alomomola\n|-sidestart|p2: R8|Spikes\n|\n|-weather|DesolateLand|[upkeep]\n|-damage|p1a: Ditto|82\/100 tox|[from] psn\n|upkeep\n|turn|171\n|\n|t:|1701012515\n|-weather|none\n|switch|p1a: Eternatus|Eternatus|60\/100\n|-damage|p1a: Eternatus|48\/100|[from] Spikes\n|-ability|p1a: Eternatus|Pressure\n|move|p2a: Alomomola|Flip Turn|p1a: Eternatus\n|-resisted|p1a: Eternatus\n|-damage|p1a: Eternatus|42\/100\n|\n|t:|1701012522\n|switch|p2a: Arceus|Arceus-Ground|75\/100|[from] Flip Turn\n|-damage|p2a: Arceus|62\/100|[from] Spikes\n|\n|-heal|p1a: Eternatus|48\/100|[from] item: Leftovers\n|upkeep\n|turn|172\n|\n|t:|1701012525\n|move|p1a: Eternatus|Recover|p1a: Eternatus\n|-heal|p1a: Eternatus|98\/100\n|move|p2a: Arceus|Judgment|p1a: Eternatus\n|-supereffective|p1a: Eternatus\n|-damage|p1a: Eternatus|40\/100\n|\n|-heal|p1a: Eternatus|46\/100|[from] item: Leftovers\n|upkeep\n|turn|173\n|\n|t:|1701012527\n|move|p1a: Eternatus|Recover|p1a: Eternatus\n|-heal|p1a: Eternatus|96\/100\n|move|p2a: Arceus|Judgment|p1a: Eternatus\n|-supereffective|p1a: Eternatus\n|-damage|p1a: Eternatus|41\/100\n|\n|-heal|p1a: Eternatus|48\/100|[from] item: Leftovers\n|upkeep\n|turn|174\n|\n|t:|1701012529\n|move|p1a: Eternatus|Recover|p1a: Eternatus\n|-heal|p1a: Eternatus|98\/100\n|move|p2a: Arceus|Judgment|p1a: Eternatus\n|-supereffective|p1a: Eternatus\n|-damage|p1a: Eternatus|39\/100\n|\n|-heal|p1a: Eternatus|45\/100|[from] item: Leftovers\n|upkeep\n|turn|175\n|\n|t:|1701012531\n|move|p1a: Eternatus|Recover|p1a: Eternatus\n|-heal|p1a: Eternatus|95\/100\n|move|p2a: Arceus|Judgment|p1a: Eternatus\n|-supereffective|p1a: Eternatus\n|-damage|p1a: Eternatus|34\/100\n|\n|-heal|p1a: Eternatus|41\/100|[from] item: Leftovers\n|upkeep\n|turn|176\n|\n|t:|1701012534\n|move|p1a: Eternatus|Recover|p1a: Eternatus\n|-heal|p1a: Eternatus|91\/100\n|move|p2a: Arceus|Judgment|p1a: Eternatus\n|-supereffective|p1a: Eternatus\n|-damage|p1a: Eternatus|37\/100\n|\n|-heal|p1a: Eternatus|43\/100|[from] item: Leftovers\n|upkeep\n|turn|177\n|\n|t:|1701012554\n|move|p1a: Eternatus|Recover|p1a: Eternatus\n|-heal|p1a: Eternatus|93\/100\n|move|p2a: Arceus|Recover|p2a: Arceus\n|-heal|p2a: Arceus|100\/100\n|\n|-heal|p1a: Eternatus|99\/100|[from] item: Leftovers\n|upkeep\n|turn|178\n|\n|t:|1701012557\n|switch|p2a: Alomomola|Alomomola, M, tera:Poison|100\/100 par\n|move|p1a: Eternatus|Sludge Bomb|p2a: Alomomola\n|-resisted|p2a: Alomomola\n|-damage|p2a: Alomomola|85\/100 par\n|\n|-heal|p1a: Eternatus|100\/100|[from] item: Leftovers\n|upkeep\n|turn|179\n|\n|t:|1701012564\n|move|p1a: Eternatus|Toxic Spikes|p2a: Alomomola\n|-sidestart|p2: R8|move: Toxic Spikes\n|move|p2a: Alomomola|Wish|p2a: Alomomola\n|\n|upkeep\n|turn|180\n|\n|t:|1701012566\n|switch|p1a: Ditto|Ditto|82\/100 tox\n|-damage|p1a: Ditto|70\/100 tox|[from] Spikes\n|-transform|p1a: Ditto|p2a: Alomomola|[from] ability: Imposter\n|switch|p2a: Yveltal|Yveltal|59\/100 par\n|-ability|p2a: Yveltal|Dark Aura\n|\n|-heal|p2a: Yveltal|100\/100 par|[from] move: Wish|[wisher] Alomomola\n|-damage|p1a: Ditto|64\/100 tox|[from] psn\n|upkeep\n|turn|181\n|\n|t:|1701012574\n|switch|p1a: Magearna|Magearna|73\/100\n|-damage|p1a: Magearna|61\/100|[from] Spikes\n|switch|p2a: Alomomola|Alomomola, M, tera:Poison|100\/100 par\n|-sideend|p2: R8|move: Toxic Spikes|[of] p2a: Alomomola\n|\n|upkeep\n|turn|182\n|\n|t:|1701012585\n|switch|p2a: Ho-No|Ho-Oh|100\/100\n|move|p1a: Magearna|Pain Split|p2a: Ho-No\n|-sethp|p2a: Ho-No|77\/100|[from] move: Pain Split|[silent]\n|-sethp|p1a: Magearna|88\/100|[from] move: Pain Split\n|\n|upkeep\n|turn|183\n|j| Kinzo Ketchum\n|\n|t:|1701012592\n|switch|p1a: Ditto|Ditto|97\/100 tox\n|-damage|p1a: Ditto|85\/100 tox|[from] Spikes\n|-transform|p1a: Ditto|p2a: Ho-No|[from] ability: Imposter\n|move|p2a: Ho-No|Whirlwind|p1a: Ditto\n|drag|p1a: Arceus|Arceus-Dark|94\/100\n|-damage|p1a: Arceus|82\/100|[from] Spikes\n|\n|upkeep\n|turn|184\n|\n|t:|1701012599\n|switch|p1a: Ditto|Ditto|100\/100 tox\n|-damage|p1a: Ditto|88\/100 tox|[from] Spikes\n|-transform|p1a: Ditto|p2a: Ho-No|[from] ability: Imposter\n|move|p2a: Ho-No|Toxic|p1a: Ditto\n|-fail|p1a: Ditto|tox\n|\n|-damage|p1a: Ditto|82\/100 tox|[from] psn\n|upkeep\n|turn|185\n|\n|t:|1701012605\n|move|p1a: Ditto|Defog|p2a: Ho-No\n|-unboost|p2a: Ho-No|evasion|1\n|-sideend|p2: R8|Spikes|[from] move: Defog|[of] p1a: Ditto\n|-sideend|p1: WeirdHamster|Spikes|[from] move: Defog|[of] p1a: Ditto\n|move|p2a: Ho-No|Toxic|p1a: Ditto\n|-fail|p1a: Ditto|tox\n|\n|-damage|p1a: Ditto|70\/100 tox|[from] psn\n|upkeep\n|turn|186\n|c|\u2606R8|oops\n|\n|t:|1701012616\n|switch|p1a: Eternatus|Eternatus|100\/100\n|-ability|p1a: Eternatus|Pressure\n|switch|p2a: Groudon|Groudon-Primal|100\/100 par\n|-weather|DesolateLand|[from] ability: Desolate Land|[of] p2a: Groudon\n|\n|-weather|DesolateLand|[upkeep]\n|upkeep\n|turn|187\n|\n|t:|1701012623\n|switch|p1a: Zygarde|Zygarde-Complete|70\/100\n|move|p2a: Groudon|Spikes|p1a: Zygarde\n|-sidestart|p1: WeirdHamster|Spikes\n|\n|-weather|DesolateLand|[upkeep]\n|-heal|p1a: Zygarde|76\/100|[from] item: Leftovers\n|upkeep\n|turn|188\n|\n|t:|1701012632\n|switch|p1a: Ho-Oh|Ho-Oh, tera:Grass|100\/100 tox\n|-damage|p1a: Ho-Oh|88\/100 tox|[from] Spikes\n|-weather|none\n|switch|p2a: Yveltal|Yveltal|100\/100 par\n|-ability|p2a: Yveltal|Dark Aura\n|\n|-damage|p1a: Ho-Oh|82\/100 tox|[from] psn\n|upkeep\n|turn|189\n|\n|t:|1701012634\n|switch|p2a: Groudon|Groudon-Primal|100\/100 par\n|-weather|DesolateLand|[from] ability: Desolate Land|[of] p2a: Groudon\n|move|p1a: Ho-Oh|Defog|p2a: Groudon\n|-unboost|p2a: Groudon|evasion|1\n|-sideend|p1: WeirdHamster|Spikes|[from] move: Defog|[of] p1a: Ho-Oh\n|\n|-weather|DesolateLand|[upkeep]\n|-damage|p1a: Ho-Oh|70\/100 tox|[from] psn\n|upkeep\n|turn|190\n|\n|t:|1701012636\n|switch|p1a: Eternatus|Eternatus|100\/100\n|-ability|p1a: Eternatus|Pressure\n|cant|p2a: Groudon|par\n|\n|-weather|DesolateLand|[upkeep]\n|upkeep\n|turn|191\n|\n|t:|1701012640\n|switch|p1a: Arceus|Arceus-Dark|82\/100\n|move|p2a: Groudon|Spikes|p1a: Arceus\n|-sidestart|p1: WeirdHamster|Spikes\n|\n|-weather|DesolateLand|[upkeep]\n|upkeep\n|turn|192\n|\n|t:|1701012646\n|switch|p1a: Ho-Oh|Ho-Oh, tera:Grass|100\/100 tox\n|-damage|p1a: Ho-Oh|88\/100 tox|[from] Spikes\n|-weather|none\n|switch|p2a: Alomomola|Alomomola, M, tera:Poison|100\/100 par\n|\n|-damage|p1a: Ho-Oh|82\/100 tox|[from] psn\n|upkeep\n|turn|193\n|\n|t:|1701012648\n|switch|p2a: Groudon|Groudon-Primal|100\/100 par\n|-weather|DesolateLand|[from] ability: Desolate Land|[of] p2a: Groudon\n|move|p1a: Ho-Oh|Defog|p2a: Groudon\n|-unboost|p2a: Groudon|evasion|1\n|-sideend|p1: WeirdHamster|Spikes|[from] move: Defog|[of] p1a: Ho-Oh\n|\n|-weather|DesolateLand|[upkeep]\n|-damage|p1a: Ho-Oh|70\/100 tox|[from] psn\n|upkeep\n|turn|194\n|\n|t:|1701012652\n|switch|p1a: Arceus|Arceus-Dark|82\/100\n|move|p2a: Groudon|Spikes|p1a: Arceus\n|-sidestart|p1: WeirdHamster|Spikes\n|\n|-weather|DesolateLand|[upkeep]\n|upkeep\n|turn|195\n|j| promasterXXXX\n|\n|t:|1701012655\n|switch|p1a: Ho-Oh|Ho-Oh, tera:Grass|100\/100 tox\n|-damage|p1a: Ho-Oh|88\/100 tox|[from] Spikes\n|-weather|none\n|switch|p2a: Alomomola|Alomomola, M, tera:Poison|100\/100 par\n|\n|-damage|p1a: Ho-Oh|82\/100 tox|[from] psn\n|upkeep\n|turn|196\n|\n|t:|1701012656\n|switch|p2a: Groudon|Groudon-Primal|100\/100 par\n|-weather|DesolateLand|[from] ability: Desolate Land|[of] p2a: Groudon\n|move|p1a: Ho-Oh|Defog|p2a: Groudon\n|-unboost|p2a: Groudon|evasion|1\n|-sideend|p1: WeirdHamster|Spikes|[from] move: Defog|[of] p1a: Ho-Oh\n|\n|-weather|DesolateLand|[upkeep]\n|-damage|p1a: Ho-Oh|70\/100 tox|[from] psn\n|upkeep\n|turn|197\n|l| promasterXXXX\n|\n|t:|1701012667\n|switch|p1a: Eternatus|Eternatus|100\/100\n|-ability|p1a: Eternatus|Pressure\n|cant|p2a: Groudon|par\n|\n|-weather|DesolateLand|[upkeep]\n|upkeep\n|turn|198\n|\n|t:|1701012672\n|move|p1a: Eternatus|Toxic Spikes|p2a: Groudon\n|-sidestart|p2: R8|move: Toxic Spikes\n|move|p2a: Groudon|Spikes|p1a: Eternatus\n|-sidestart|p1: WeirdHamster|Spikes\n|\n|-weather|DesolateLand|[upkeep]\n|upkeep\n|turn|199\n|\n|t:|1701012677\n|switch|p1a: Ho-Oh|Ho-Oh, tera:Grass|100\/100 tox\n|-damage|p1a: Ho-Oh|88\/100 tox|[from] Spikes\n|move|p2a: Groudon|Rock Tomb|p1a: Ho-Oh\n|-damage|p1a: Ho-Oh|74\/100 tox\n|-unboost|p1a: Ho-Oh|spe|1\n|\n|-weather|DesolateLand|[upkeep]\n|-damage|p1a: Ho-Oh|68\/100 tox|[from] psn\n|upkeep\n|turn|200\n|\n|t:|1701012682\n|move|p1a: Ho-Oh|Defog|p2a: Groudon\n|-unboost|p2a: Groudon|evasion|1\n|-sideend|p2: R8|Toxic Spikes|[from] move: Defog|[of] p1a: Ho-Oh\n|-sideend|p1: WeirdHamster|Spikes|[from] move: Defog|[of] p1a: Ho-Oh\n|move|p2a: Groudon|Rock Tomb|p1a: Ho-Oh\n|-damage|p1a: Ho-Oh|53\/100 tox\n|-unboost|p1a: Ho-Oh|spe|1\n|\n|-weather|DesolateLand|[upkeep]\n|-damage|p1a: Ho-Oh|41\/100 tox|[from] psn\n|upkeep\n|turn|201\n|\n|t:|1701012685\n|switch|p1a: Eternatus|Eternatus|100\/100\n|-ability|p1a: Eternatus|Pressure\n|move|p2a: Groudon|Rock Tomb|p1a: Eternatus\n|-damage|p1a: Eternatus|83\/100\n|-unboost|p1a: Eternatus|spe|1\n|\n|-weather|DesolateLand|[upkeep]\n|-heal|p1a: Eternatus|90\/100|[from] item: Leftovers\n|upkeep\n|turn|202\n|\n|t:|1701012692\n|switch|p1a: Arceus|Arceus-Dark|82\/100\n|move|p2a: Groudon|Rock Tomb|p1a: Arceus\n|-damage|p1a: Arceus|68\/100\n|-unboost|p1a: Arceus|spe|1\n|\n|-weather|DesolateLand|[upkeep]\n|upkeep\n|turn|203\n|\n|t:|1701012696\n|move|p1a: Arceus|Taunt|p2a: Groudon\n|-start|p2a: Groudon|move: Taunt\n|cant|p2a: Groudon|move: Taunt|Spikes\n|\n|-weather|DesolateLand|[upkeep]\n|upkeep\n|turn|204\n|\n|t:|1701012703\n|switch|p1a: Ho-Oh|Ho-Oh, tera:Grass|74\/100 tox\n|move|p2a: Groudon|Rock Tomb|p1a: Ho-Oh\n|-damage|p1a: Ho-Oh|60\/100 tox\n|-unboost|p1a: Ho-Oh|spe|1\n|\n|-weather|DesolateLand|[upkeep]\n|-damage|p1a: Ho-Oh|54\/100 tox|[from] psn\n|upkeep\n|turn|205\n|\n|t:|1701012708\n|switch|p1a: Zygarde|Zygarde-Complete|76\/100\n|move|p2a: Groudon|Precipice Blades|p1a: Zygarde\n|-damage|p1a: Zygarde|53\/100\n|\n|-weather|DesolateLand|[upkeep]\n|-heal|p1a: Zygarde|59\/100|[from] item: Leftovers\n|-end|p2a: Groudon|move: Taunt\n|upkeep\n|turn|206\n|\n|t:|1701012713\n|switch|p1a: Eternatus|Eternatus|90\/100\n|-ability|p1a: Eternatus|Pressure\n|cant|p2a: Groudon|par\n|\n|-weather|DesolateLand|[upkeep]\n|-heal|p1a: Eternatus|96\/100|[from] item: Leftovers\n|upkeep\n|turn|207\n|\n|t:|1701012717\n|switch|p1a: Ho-Oh|Ho-Oh, tera:Grass|87\/100 tox\n|move|p2a: Groudon|Spikes|p1a: Ho-Oh\n|-sidestart|p1: WeirdHamster|Spikes\n|\n|-weather|DesolateLand|[upkeep]\n|-damage|p1a: Ho-Oh|81\/100 tox|[from] psn\n|upkeep\n|turn|208\n|\n|t:|1701012726\n|move|p2a: Groudon|Rock Tomb|p1a: Ho-Oh\n|-damage|p1a: Ho-Oh|66\/100 tox\n|-unboost|p1a: Ho-Oh|spe|1\n|move|p1a: Ho-Oh|Whirlwind|p2a: Groudon\n|-weather|none\n|drag|p2a: Ho-No|Ho-Oh|100\/100\n|\n|-damage|p1a: Ho-Oh|54\/100 tox|[from] psn\n|upkeep\n|turn|209\n|\n|t:|1701012736\n|switch|p2a: Marshadow|Marshadow|88\/100\n|switch|p1a: Ditto|Ditto|100\/100 tox\n|-damage|p1a: Ditto|88\/100 tox|[from] Spikes\n|-transform|p1a: Ditto|p2a: Marshadow|[from] ability: Imposter\n|\n|-damage|p1a: Ditto|82\/100 tox|[from] psn\n|upkeep\n|turn|210\n|c|\u2606R8|oh I got the order wrong\n|j| Daepiquejt\n|\n|t:|1701012753\n|switch|p1a: Ho-Oh|Ho-Oh, tera:Grass|87\/100 tox\n|-damage|p1a: Ho-Oh|75\/100 tox|[from] Spikes\n|switch|p2a: Yveltal|Yveltal|100\/100 par\n|-ability|p2a: Yveltal|Dark Aura\n|\n|-damage|p1a: Ho-Oh|69\/100 tox|[from] psn\n|upkeep\n|turn|211\n|\n|t:|1701012761\n|switch|p1a: Magearna|Magearna|88\/100\n|-damage|p1a: Magearna|75\/100|[from] Spikes\n|switch|p2a: Groudon|Groudon-Primal|100\/100 par\n|-weather|DesolateLand|[from] ability: Desolate Land|[of] p2a: Groudon\n|\n|-weather|DesolateLand|[upkeep]\n|upkeep\n|turn|212\n|\n|t:|1701012768\n|switch|p1a: Ho-Oh|Ho-Oh, tera:Grass|100\/100 tox\n|-damage|p1a: Ho-Oh|88\/100 tox|[from] Spikes\n|-weather|none\n|switch|p2a: Arceus|Arceus-Ground|100\/100\n|\n|-damage|p1a: Ho-Oh|82\/100 tox|[from] psn\n|upkeep\n|turn|213\n|\n|t:|1701012775\n|switch|p2a: Groudon|Groudon-Primal|100\/100 par\n|-weather|DesolateLand|[from] ability: Desolate Land|[of] p2a: Groudon\n|switch|p1a: Ditto|Ditto|82\/100 tox\n|-damage|p1a: Ditto|70\/100 tox|[from] Spikes\n|-transform|p1a: Ditto|p2a: Groudon|[from] ability: Imposter\n|\n|-weather|DesolateLand|[upkeep]\n|-damage|p1a: Ditto|64\/100 tox|[from] psn\n|upkeep\n|turn|214\n|\n|t:|1701012785\n|move|p1a: Ditto|Precipice Blades|p2a: Groudon\n|-supereffective|p2a: Groudon\n|-damage|p2a: Groudon|20\/100 par\n|move|p2a: Groudon|Precipice Blades|p1a: Ditto\n|-supereffective|p1a: Ditto\n|-crit|p1a: Ditto\n|-damage|p1a: Ditto|0 fnt\n|faint|p1a: Ditto\n|\n|-weather|DesolateLand|[upkeep]\n|upkeep\n|c| Daepiquejt|Omg the first KO\n|c|+awyp|first progress\n|c|+awyp|of game\n|c|+awyp|holy shit\n|c| Oculars\u2655|instant shamone\n|c| lupla|\ud83d\udd25\n|c|+hidin|Goodbye\n|inactive|WeirdHamster has 270 seconds left.\n|c|\u2606R8|there was a lot of progress done beforehand\n|\n|t:|1701012820\n|switch|p1a: Ho-Oh|Ho-Oh, tera:Grass|100\/100 tox\n|-damage|p1a: Ho-Oh|88\/100 tox|[from] Spikes\n|turn|215\n|\n|t:|1701012823\n|-weather|none\n|switch|p2a: Alomomola|Alomomola, M, tera:Poison|100\/100 par\n|move|p1a: Ho-Oh|Defog|p2a: Alomomola\n|-unboost|p2a: Alomomola|evasion|1\n|-sideend|p1: WeirdHamster|Spikes|[from] move: Defog|[of] p1a: Ho-Oh\n|\n|-damage|p1a: Ho-Oh|82\/100 tox|[from] psn\n|upkeep\n|turn|216\n|c|\u2606R8|on both sides\n|c|\u2606R8|tbh\n|c|+awyp|tru\n|\n|t:|1701012833\n|switch|p1a: Eternatus|Eternatus|96\/100\n|-ability|p1a: Eternatus|Pressure\n|move|p2a: Alomomola|Wish|p2a: Alomomola\n|\n|-heal|p1a: Eternatus|100\/100|[from] item: Leftovers\n|upkeep\n|turn|217\n|c| lupla|Yeah\n|\n|t:|1701012838\n|move|p1a: Eternatus|Dynamax Cannon|p2a: Alomomola\n|-damage|p2a: Alomomola|68\/100 par\n|move|p2a: Alomomola|Flip Turn|p1a: Eternatus\n|-resisted|p1a: Eternatus\n|-damage|p1a: Eternatus|95\/100\n|c| lupla|Altho this is pleasing for the eye\n|\n|t:|1701012840\n|switch|p2a: Groudon|Groudon-Primal|20\/100 par|[from] Flip Turn\n|-weather|DesolateLand|[from] ability: Desolate Land|[of] p2a: Groudon\n|\n|-weather|DesolateLand|[upkeep]\n|-heal|p2a: Groudon|86\/100 par|[from] move: Wish|[wisher] Alomomola\n|-heal|p1a: Eternatus|100\/100|[from] item: Leftovers\n|upkeep\n|turn|218\n|c| Oculars\u2655|basically instant\n|c| lupla|\ud83d\uddff\n|c|\u2606WeirdHamster|i forgot about that \ud83e\udd26\u200d\u2642\ufe0f\n|c|\u2606R8|surprised y'all kept up so far lol\n|c|+adem|i could never leave this\n|\n|t:|1701012868\n|switch|p1a: Arceus|Arceus-Dark|68\/100\n|move|p2a: Groudon|Spikes|p1a: Arceus\n|-sidestart|p1: WeirdHamster|Spikes\n|\n|-weather|DesolateLand|[upkeep]\n|upkeep\n|turn|219\n|c| lupla|it's R8 gaming\n|c| Oculars\u2655|I believe in you\n|c| 3MoreMinutes|I am glued to my screen\n|c| Kinzo Ketchum|Blundeeerrr\n|inactive|R8 has 270 seconds left.\n|c|\u2606R8|we all touch some grass after this game\n|c| Runo|This game is too good to leave\n|c|\u2606R8|should*\n|c| lupla|i already touched grass\n|c| lupla|(Went out to get a haircut)\n|c|\u2606R8|ok whatever\n|j| hantengu\n|c|\u2606R8|lets focus again\n|c| amstan|im watching in grass\n|c| lupla|aight\n|n| i love lvkl|hantengu\n|inactive|R8 has 240 seconds left.\n|c|+adem|ok STFU PEOPLE\n|j| Lifeismyth\n|c| Daepiquejt|Nah\n|l| Lifeismyth\n|j| Lifeismyth\n|c| i love lvkl|Gordon Ramsay \ud83e\uddd1\u200d\ud83c\udf73\n|\n|t:|1701012937\n|move|p1a: Arceus|Foul Play|p2a: Groudon\n|-damage|p2a: Groudon|52\/100 par\n|move|p2a: Groudon|Precipice Blades|p1a: Arceus\n|-damage|p1a: Arceus|28\/100\n|\n|-weather|DesolateLand|[upkeep]\n|upkeep\n|turn|220\n|\n|t:|1701012944\n|move|p1a: Arceus|Recover|p1a: Arceus\n|-heal|p1a: Arceus|78\/100\n|move|p2a: Groudon|Toxic|p1a: Arceus\n|-status|p1a: Arceus|tox\n|\n|-weather|DesolateLand|[upkeep]\n|-damage|p1a: Arceus|71\/100 tox|[from] psn\n|upkeep\n|turn|221\n|\n|t:|1701012948\n|switch|p1a: Ho-Oh|Ho-Oh, tera:Grass|100\/100 tox\n|-damage|p1a: Ho-Oh|88\/100 tox|[from] Spikes\n|-weather|none\n|switch|p2a: Alomomola|Alomomola, M, tera:Poison|100\/100 par\n|\n|-damage|p1a: Ho-Oh|82\/100 tox|[from] psn\n|upkeep\n|turn|222\n|inactive|R8 has 240 seconds left.\n|\n|t:|1701012955\n|move|p1a: Ho-Oh|Defog|p2a: Alomomola\n|-unboost|p2a: Alomomola|evasion|1\n|-sideend|p1: WeirdHamster|Spikes|[from] move: Defog|[of] p1a: Ho-Oh\n|move|p2a: Alomomola|Wish|p2a: Alomomola\n|\n|-damage|p1a: Ho-Oh|70\/100 tox|[from] psn\n|upkeep\n|turn|223\n|\n|t:|1701012958\n|switch|p2a: Groudon|Groudon-Primal|52\/100 par\n|-weather|DesolateLand|[from] ability: Desolate Land|[of] p2a: Groudon\n|move|p1a: Ho-Oh|Whirlwind|p2a: Groudon\n|-weather|none\n|drag|p2a: Yveltal|Yveltal|100\/100 par\n|-ability|p2a: Yveltal|Dark Aura\n|\n|-damage|p1a: Ho-Oh|52\/100 tox|[from] psn\n|upkeep\n|turn|224\n|c|\u2606R8|oh right\n|c|\u2606R8|LOL\n|\n|t:|1701012968\n|switch|p1a: Magearna|Magearna|75\/100\n|switch|p2a: Groudon|Groudon-Primal|52\/100 par\n|-weather|DesolateLand|[from] ability: Desolate Land|[of] p2a: Groudon\n|\n|-weather|DesolateLand|[upkeep]\n|upkeep\n|turn|225\n|c| Lifeismyth|U can do it r8 I believe in you\n|\n|t:|1701012971\n|switch|p1a: Zygarde|Zygarde-Complete|59\/100\n|cant|p2a: Groudon|par\n|\n|-weather|DesolateLand|[upkeep]\n|-heal|p1a: Zygarde|66\/100|[from] item: Leftovers\n|upkeep\n|turn|226\n|\n|t:|1701012976\n|switch|p1a: Eternatus|Eternatus|100\/100\n|-ability|p1a: Eternatus|Pressure\n|-weather|none\n|switch|p2a: Alomomola|Alomomola, M, tera:Poison|100\/100 par\n|\n|upkeep\n|turn|227\n|c|+hidin|well look how woke up kinzo ketchum\n|inactive|R8 has 270 seconds left.\n|c|+hidin|missing ur ndru game\n|c|+hidin|realll classy\n|\n|t:|1701012995\n|switch|p1a: Magearna|Magearna|75\/100\n|switch|p2a: Groudon|Groudon-Primal|52\/100 par\n|-weather|DesolateLand|[from] ability: Desolate Land|[of] p2a: Groudon\n|\n|-weather|DesolateLand|[upkeep]\n|upkeep\n|turn|228\n|\n|t:|1701012999\n|switch|p1a: Eternatus|Eternatus|100\/100\n|-ability|p1a: Eternatus|Pressure\n|move|p2a: Groudon|Spikes|p1a: Eternatus\n|-sidestart|p1: WeirdHamster|Spikes\n|\n|-weather|DesolateLand|[upkeep]\n|upkeep\n|turn|229\n|\n|t:|1701013005\n|switch|p1a: Ho-Oh|Ho-Oh, tera:Grass|85\/100 tox\n|-damage|p1a: Ho-Oh|73\/100 tox|[from] Spikes\n|move|p2a: Groudon|Toxic|p1a: Ho-Oh\n|-fail|p1a: Ho-Oh|tox\n|\n|-weather|DesolateLand|[upkeep]\n|-damage|p1a: Ho-Oh|67\/100 tox|[from] psn\n|upkeep\n|turn|230\n|l| Runo\n|c| Oculars\u2655|sub didnt know what a ground type was and still won tho\n|\n|t:|1701013008\n|move|p1a: Ho-Oh|Defog|p2a: Groudon\n|-unboost|p2a: Groudon|evasion|1\n|-sideend|p1: WeirdHamster|Spikes|[from] move: Defog|[of] p1a: Ho-Oh\n|move|p2a: Groudon|Spikes|p1a: Ho-Oh\n|-sidestart|p1: WeirdHamster|Spikes\n|\n|-weather|DesolateLand|[upkeep]\n|-damage|p1a: Ho-Oh|55\/100 tox|[from] psn\n|upkeep\n|turn|231\n|\n|t:|1701013013\n|move|p1a: Ho-Oh|Defog|p2a: Groudon\n|-unboost|p2a: Groudon|evasion|1\n|-sideend|p1: WeirdHamster|Spikes|[from] move: Defog|[of] p1a: Ho-Oh\n|move|p2a: Groudon|Rock Tomb|p1a: Ho-Oh\n|-damage|p1a: Ho-Oh|40\/100 tox\n|-unboost|p1a: Ho-Oh|spe|1\n|\n|-weather|DesolateLand|[upkeep]\n|-damage|p1a: Ho-Oh|22\/100 tox|[from] psn\n|upkeep\n|turn|232\n|\n|t:|1701013019\n|switch|p1a: Eternatus|Eternatus|100\/100\n|-ability|p1a: Eternatus|Pressure\n|cant|p2a: Groudon|par\n|\n|-weather|DesolateLand|[upkeep]\n|upkeep\n|turn|233\n|\n|t:|1701013023\n|move|p1a: Eternatus|Dynamax Cannon|p2a: Groudon\n|-damage|p2a: Groudon|20\/100 par\n|move|p2a: Groudon|Spikes|p1a: Eternatus\n|-sidestart|p1: WeirdHamster|Spikes\n|\n|-weather|DesolateLand|[upkeep]\n|upkeep\n|turn|234\n|j| guess my avatar\n|j| Runo\n|l| dracul mihawk\n|\n|t:|1701013034\n|switch|p1a: Ho-Oh|Ho-Oh, tera:Grass|55\/100 tox\n|-damage|p1a: Ho-Oh|43\/100 tox|[from] Spikes\n|-weather|none\n|switch|p2a: Marshadow|Marshadow|88\/100\n|\n|-damage|p1a: Ho-Oh|37\/100 tox|[from] psn\n|upkeep\n|turn|235\n|l| Daepiquejt\n|\n|t:|1701013049\n|switch|p1a: Eternatus|Eternatus|100\/100\n|-damage|p1a: Eternatus|88\/100|[from] Spikes\n|-ability|p1a: Eternatus|Pressure\n|move|p2a: Marshadow|Poltergeist|p1a: Eternatus\n|-activate|p1a: Eternatus|move: Poltergeist|Leftovers\n|-damage|p1a: Eternatus|17\/100\n|\n|-heal|p1a: Eternatus|24\/100|[from] item: Leftovers\n|upkeep\n|turn|236\n|\n|t:|1701013055\n|switch|p2a: Alomomola|Alomomola, M, tera:Poison|100\/100 par\n|move|p1a: Eternatus|Recover|p1a: Eternatus\n|-heal|p1a: Eternatus|74\/100\n|\n|-heal|p1a: Eternatus|80\/100|[from] item: Leftovers\n|upkeep\n|turn|237\n|c| NDSNEZ AGC khrsn|i went to do suspect quals and came back and its only 6-5 \ud83d\udc80\n|\n|t:|1701013068\n|switch|p1a: Ho-Oh|Ho-Oh, tera:Grass|70\/100 tox\n|-damage|p1a: Ho-Oh|58\/100 tox|[from] Spikes\n|move|p2a: Alomomola|Wish|p2a: Alomomola\n|\n|-damage|p1a: Ho-Oh|52\/100 tox|[from] psn\n|upkeep\n|turn|238\n|\n|t:|1701013075\n|switch|p2a: Marshadow|Marshadow|88\/100\n|move|p1a: Ho-Oh|Whirlwind|p2a: Marshadow\n|drag|p2a: Alomomola|Alomomola, M, tera:Poison|100\/100 par\n|\n|-damage|p1a: Ho-Oh|40\/100 tox|[from] psn\n|upkeep\n|turn|239\n|\n|t:|1701013077\n|move|p1a: Ho-Oh|Defog|p2a: Alomomola\n|-unboost|p2a: Alomomola|evasion|1\n|-sideend|p1: WeirdHamster|Spikes|[from] move: Defog|[of] p1a: Ho-Oh\n|move|p2a: Alomomola|Wish|p2a: Alomomola\n|\n|-damage|p1a: Ho-Oh|22\/100 tox|[from] psn\n|upkeep\n|turn|240\n|\n|t:|1701013082\n|switch|p2a: Groudon|Groudon-Primal|20\/100 par\n|-weather|DesolateLand|[from] ability: Desolate Land|[of] p2a: Groudon\n|move|p1a: Ho-Oh|Sacred Fire|p2a: Groudon\n|-resisted|p2a: Groudon\n|-damage|p2a: Groudon|1\/100 par\n|\n|-weather|DesolateLand|[upkeep]\n|-heal|p2a: Groudon|67\/100 par|[from] move: Wish|[wisher] Alomomola\n|-damage|p1a: Ho-Oh|0 fnt|[from] psn\n|faint|p1a: Ho-Oh\n|upkeep\n|j| Daepiquejt\n|l| Lifeismyth\n|c|\u2606WeirdHamster|\ud83d\ude2d\n|c| Oculars\u2655|bro this is the game of the century\n|c| looking 4 horizons|this is what happens when you load stall vs stall\n|\n|t:|1701013095\n|switch|p1a: Arceus|Arceus-Dark|71\/100 tox\n|turn|241\n|c| Oculars\u2655|of course its still going\n|\n|t:|1701013100\n|switch|p1a: Eternatus|Eternatus|80\/100\n|-ability|p1a: Eternatus|Pressure\n|move|p2a: Groudon|Spikes|p1a: Eternatus\n|-sidestart|p1: WeirdHamster|Spikes\n|\n|-weather|DesolateLand|[upkeep]\n|-heal|p1a: Eternatus|86\/100|[from] item: Leftovers\n|upkeep\n|turn|242\n|c| NDSNEZ AGC khrsn|tragic roll\n|\n|t:|1701013106\n|-weather|none\n|switch|p2a: Alomomola|Alomomola, M, tera:Poison|100\/100 par\n|move|p1a: Eternatus|Dynamax Cannon|p2a: Alomomola\n|-damage|p2a: Alomomola|63\/100 par\n|\n|-heal|p1a: Eternatus|92\/100|[from] item: Leftovers\n|upkeep\n|turn|243\n|c|+Wildfiree|Big stall wins all\n|c|+awyp|idk nd ubers is stall v stall common?\n|c| Oculars\u2655|This is exactly what I wanted when i said to load stallier stall that out stalls the other stalls\n|\n|t:|1701013120\n|switch|p1a: Magearna|Magearna|75\/100\n|-damage|p1a: Magearna|63\/100|[from] Spikes\n|move|p2a: Alomomola|Wish|p2a: Alomomola\n|\n|upkeep\n|turn|244\n|c| lupla|R8 the goat\n|\n|t:|1701013126\n|switch|p2a: Groudon|Groudon-Primal|67\/100 par\n|-weather|DesolateLand|[from] ability: Desolate Land|[of] p2a: Groudon\n|move|p1a: Magearna|Heal Bell|p1a: Magearna\n|-activate|p1a: Magearna|move: Heal Bell\n|-curestatus|p1: Arceus|tox|[msg]\n|\n|-weather|DesolateLand|[upkeep]\n|-heal|p2a: Groudon|100\/100 par|[from] move: Wish|[wisher] Alomomola\n|upkeep\n|turn|245\n|\n|t:|1701013131\n|move|p1a: Magearna|Pain Split|p2a: Groudon\n|-sethp|p2a: Groudon|78\/100 par|[from] move: Pain Split|[silent]\n|-sethp|p1a: Magearna|87\/100|[from] move: Pain Split\n|move|p2a: Groudon|Toxic|p1a: Magearna\n|-immune|p1a: Magearna\n|\n|-weather|DesolateLand|[upkeep]\n|upkeep\n|turn|246\n|c| lupla|\u0d9e\n|\n|t:|1701013135\n|switch|p1a: Arceus|Arceus-Dark|71\/100\n|-damage|p1a: Arceus|59\/100|[from] Spikes\n|cant|p2a: Groudon|par\n|\n|-weather|DesolateLand|[upkeep]\n|upkeep\n|turn|247\n|c|+Wildfiree|Wild\n|\n|t:|1701013140\n|move|p1a: Arceus|Taunt|p2a: Groudon\n|-start|p2a: Groudon|move: Taunt\n|cant|p2a: Groudon|move: Taunt|Toxic\n|\n|-weather|DesolateLand|[upkeep]\n|upkeep\n|turn|248\n|c| looking 4 horizons|can we tie this\n|\n|t:|1701013146\n|-weather|none\n|switch|p2a: Alomomola|Alomomola, M, tera:Poison|97\/100 par\n|move|p1a: Arceus|Recover|p1a: Arceus\n|-heal|p1a: Arceus|100\/100\n|\n|upkeep\n|turn|249\n|c| lupla|no\n|\n|t:|1701013153\n|switch|p2a: Yveltal|Yveltal|100\/100 par\n|-ability|p2a: Yveltal|Dark Aura\n|move|p1a: Arceus|Taunt|p2a: Yveltal\n|-start|p2a: Yveltal|move: Taunt\n|\n|upkeep\n|turn|250\n|j| StompBox\n|\n|t:|1701013162\n|switch|p1a: Eternatus|Eternatus|92\/100\n|-damage|p1a: Eternatus|80\/100|[from] Spikes\n|-ability|p1a: Eternatus|Pressure\n|switch|p2a: Alomomola|Alomomola, M, tera:Poison|100\/100 par\n|\n|-heal|p1a: Eternatus|86\/100|[from] item: Leftovers\n|upkeep\n|turn|251\n|\n|t:|1701013164\n|move|p1a: Eternatus|Toxic Spikes|p2a: Alomomola\n|-sidestart|p2: R8|move: Toxic Spikes\n|move|p2a: Alomomola|Flip Turn|p1a: Eternatus\n|-resisted|p1a: Eternatus\n|-damage|p1a: Eternatus|80\/100\n|\n|t:|1701013166\n|switch|p2a: Groudon|Groudon-Primal|78\/100 par|[from] Flip Turn\n|-weather|DesolateLand|[from] ability: Desolate Land|[of] p2a: Groudon\n|\n|-weather|DesolateLand|[upkeep]\n|-heal|p1a: Eternatus|87\/100|[from] item: Leftovers\n|upkeep\n|turn|252\n|\n|t:|1701013170\n|move|p1a: Eternatus|Dynamax Cannon|p2a: Groudon\n|-damage|p2a: Groudon|48\/100 par\n|move|p2a: Groudon|Precipice Blades|p1a: Eternatus\n|-supereffective|p1a: Eternatus\n|-damage|p1a: Eternatus|0 fnt\n|faint|p1a: Eternatus\n|\n|-weather|DesolateLand|[upkeep]\n|upkeep\n|\n|t:|1701013172\n|switch|p1a: Arceus|Arceus-Dark|100\/100\n|-damage|p1a: Arceus|88\/100|[from] Spikes\n|turn|253\n|\n|t:|1701013174\n|-weather|none\n|switch|p2a: Alomomola|Alomomola, M, tera:Poison|100\/100 par\n|-sideend|p2: R8|move: Toxic Spikes|[of] p2a: Alomomola\n|move|p1a: Arceus|Taunt|p2a: Alomomola\n|-start|p2a: Alomomola|move: Taunt\n|\n|upkeep\n|turn|254\n|\n|t:|1701013179\n|switch|p2a: Ho-No|Ho-Oh|100\/100\n|move|p1a: Arceus|Foul Play|p2a: Ho-No\n|-damage|p2a: Ho-No|65\/100\n|\n|upkeep\n|turn|255\n|\n|t:|1701013181\n|switch|p2a: Alomomola|Alomomola, M, tera:Poison|100\/100 par\n|move|p1a: Arceus|Taunt|p2a: Alomomola\n|-start|p2a: Alomomola|move: Taunt\n|\n|upkeep\n|turn|256\n|\n|t:|1701013185\n|switch|p1a: Magearna|Magearna|87\/100\n|-damage|p1a: Magearna|75\/100|[from] Spikes\n|switch|p2a: Yveltal|Yveltal|100\/100 par\n|-ability|p2a: Yveltal|Dark Aura\n|\n|upkeep\n|turn|257\n|c| Velcroc|I missed all the highlights man\n|\n|t:|1701013192\n|switch|p1a: Arceus|Arceus-Dark|88\/100\n|-damage|p1a: Arceus|76\/100|[from] Spikes\n|switch|p2a: Alomomola|Alomomola, M, tera:Poison|100\/100 par\n|\n|upkeep\n|turn|258\n|\n|t:|1701013198\n|switch|p1a: Magearna|Magearna|75\/100\n|-damage|p1a: Magearna|62\/100|[from] Spikes\n|switch|p2a: Ho-No|Ho-Oh|98\/100\n|\n|upkeep\n|turn|259\n|\n|t:|1701013199\n|switch|p2a: Alomomola|Alomomola, M, tera:Poison|100\/100 par\n|switch|p1a: Arceus|Arceus-Dark|76\/100\n|-damage|p1a: Arceus|63\/100|[from] Spikes\n|\n|upkeep\n|turn|260\n|\n|t:|1701013201\n|switch|p1a: Magearna|Magearna|62\/100\n|-damage|p1a: Magearna|50\/100|[from] Spikes\n|move|p2a: Alomomola|Wish|p2a: Alomomola\n|\n|upkeep\n|turn|261\n|\n|t:|1701013203\n|switch|p1a: Arceus|Arceus-Dark|63\/100\n|-damage|p1a: Arceus|51\/100|[from] Spikes\n|switch|p2a: Groudon|Groudon-Primal|48\/100 par\n|-weather|DesolateLand|[from] ability: Desolate Land|[of] p2a: Groudon\n|\n|-weather|DesolateLand|[upkeep]\n|-heal|p2a: Groudon|100\/100 par|[from] move: Wish|[wisher] Alomomola\n|upkeep\n|turn|262\n|\n|t:|1701013207\n|move|p1a: Arceus|Taunt|p2a: Groudon\n|-start|p2a: Groudon|move: Taunt\n|move|p2a: Groudon|Precipice Blades|p1a: Arceus\n|-damage|p1a: Arceus|14\/100\n|\n|-weather|DesolateLand|[upkeep]\n|upkeep\n|turn|263\n|\n|t:|1701013209\n|switch|p1a: Magearna|Magearna|50\/100\n|-damage|p1a: Magearna|38\/100|[from] Spikes\n|move|p2a: Groudon|Rock Tomb|p1a: Magearna\n|-resisted|p1a: Magearna\n|-damage|p1a: Magearna|28\/100\n|-unboost|p1a: Magearna|spe|1\n|\n|-weather|DesolateLand|[upkeep]\n|upkeep\n|turn|264\n|\n|t:|1701013212\n|move|p2a: Groudon|Precipice Blades|p1a: Magearna\n|-supereffective|p1a: Magearna\n|-damage|p1a: Magearna|0 fnt\n|faint|p1a: Magearna\n|\n|-weather|DesolateLand|[upkeep]\n|-end|p2a: Groudon|move: Taunt\n|upkeep\n|\n|t:|1701013214\n|switch|p1a: Arceus|Arceus-Dark|14\/100\n|-damage|p1a: Arceus|2\/100|[from] Spikes\n|turn|265\n|j| Red Vs Showdown\n|\n|t:|1701013216\n|move|p1a: Arceus|Taunt|p2a: Groudon\n|-start|p2a: Groudon|move: Taunt\n|cant|p2a: Groudon|move: Taunt|Spikes\n|\n|-weather|DesolateLand|[upkeep]\n|upkeep\n|turn|266\n|\n|t:|1701013225\n|-weather|none\n|switch|p2a: Marshadow|Marshadow|88\/100\n|move|p1a: Arceus|Will-O-Wisp|p2a: Marshadow\n|-status|p2a: Marshadow|brn\n|\n|-damage|p2a: Marshadow|82\/100 brn|[from] brn\n|upkeep\n|turn|267\n|\n|t:|1701013232\n|move|p2a: Marshadow|Low Kick|p1a: Arceus\n|-supereffective|p1a: Arceus\n|-damage|p1a: Arceus|0 fnt\n|faint|p1a: Arceus\n|\n|-damage|p2a: Marshadow|76\/100 brn|[from] brn\n|upkeep\n|\n|t:|1701013234\n|switch|p1a: Zygarde|Zygarde-Complete|66\/100\n|-damage|p1a: Zygarde|53\/100|[from] Spikes\n|turn|268\n|c|\u2606R8|wait.\n|l|+adem\n|c|\u2606WeirdHamster|One man army\n|\n|t:|1701013247\n|switch|p2a: Yveltal|Yveltal|100\/100 par\n|-ability|p2a: Yveltal|Dark Aura\n|move|p1a: Zygarde|Coil|p1a: Zygarde\n|-boost|p1a: Zygarde|atk|1\n|-boost|p1a: Zygarde|def|1\n|-boost|p1a: Zygarde|accuracy|1\n|\n|-heal|p1a: Zygarde|59\/100|[from] item: Leftovers\n|upkeep\n|turn|269\n|\n|t:|1701013249\n|move|p1a: Zygarde|Coil|p1a: Zygarde\n|-boost|p1a: Zygarde|atk|1\n|-boost|p1a: Zygarde|def|1\n|-boost|p1a: Zygarde|accuracy|1\n|cant|p2a: Yveltal|par\n|\n|-heal|p1a: Zygarde|66\/100|[from] item: Leftovers\n|upkeep\n|turn|270\n|\n|t:|1701013252\n|move|p1a: Zygarde|Coil|p1a: Zygarde\n|-boost|p1a: Zygarde|atk|1\n|-boost|p1a: Zygarde|def|1\n|-boost|p1a: Zygarde|accuracy|1\n|move|p2a: Yveltal|Toxic|p1a: Zygarde\n|-status|p1a: Zygarde|tox\n|\n|-heal|p1a: Zygarde|72\/100 tox|[from] item: Leftovers\n|-damage|p1a: Zygarde|66\/100 tox|[from] psn\n|upkeep\n|turn|271\n|\n|t:|1701013254\n|move|p1a: Zygarde|Coil|p1a: Zygarde\n|-boost|p1a: Zygarde|atk|1\n|-boost|p1a: Zygarde|def|1\n|-boost|p1a: Zygarde|accuracy|1\n|cant|p2a: Yveltal|par\n|\n|-heal|p1a: Zygarde|72\/100 tox|[from] item: Leftovers\n|-damage|p1a: Zygarde|59\/100 tox|[from] psn\n|upkeep\n|turn|272\n|c| lupla|Final boss music now\n|\n|t:|1701013259\n|switch|p2a: Arceus|Arceus-Ground|100\/100\n|move|p1a: Zygarde|Rest|p1a: Zygarde\n|-status|p1a: Zygarde|slp|[from] move: Rest\n|-heal|p1a: Zygarde|100\/100 slp|[silent]\n|\n|upkeep\n|turn|273\n|\n|t:|1701013261\n|move|p2a: Arceus|Judgment|p1a: Zygarde\n|-damage|p1a: Zygarde|72\/100 slp\n|cant|p1a: Zygarde|slp\n|\n|-heal|p1a: Zygarde|78\/100 slp|[from] item: Leftovers\n|upkeep\n|turn|274\n|\n|t:|1701013264\n|move|p2a: Arceus|Judgment|p1a: Zygarde\n|-damage|p1a: Zygarde|52\/100 slp\n|cant|p1a: Zygarde|slp\n|\n|-heal|p1a: Zygarde|59\/100 slp|[from] item: Leftovers\n|upkeep\n|turn|275\n|\n|t:|1701013266\n|move|p2a: Arceus|Judgment|p1a: Zygarde\n|-damage|p1a: Zygarde|31\/100 slp\n|-curestatus|p1a: Zygarde|slp|[msg]\n|move|p1a: Zygarde|Rest|p1a: Zygarde\n|-status|p1a: Zygarde|slp|[from] move: Rest\n|-heal|p1a: Zygarde|100\/100 slp|[silent]\n|\n|upkeep\n|turn|276\n|j|+adem\n|c| guess my avatar|guys why is a llama stuck in a fence the god of all pkemon?\n|c|+hidin|oh my days\n|\n|t:|1701013281\n|switch|p2a: Yveltal|Yveltal|100\/100 par\n|-ability|p2a: Yveltal|Dark Aura\n|cant|p1a: Zygarde|slp\n|\n|upkeep\n|turn|277\n|c| Velcroc|giga garde god\n|\n|t:|1701013283\n|cant|p1a: Zygarde|slp\n|move|p2a: Yveltal|Knock Off|p1a: Zygarde\n|-damage|p1a: Zygarde|95\/100 slp\n|-enditem|p1a: Zygarde|Leftovers|[from] move: Knock Off|[of] p2a: Yveltal\n|\n|upkeep\n|turn|278\n|\n|t:|1701013285\n|-curestatus|p1a: Zygarde|slp|[msg]\n|move|p1a: Zygarde|Coil|p1a: Zygarde\n|-boost|p1a: Zygarde|atk|1\n|-boost|p1a: Zygarde|def|1\n|-boost|p1a: Zygarde|accuracy|1\n|move|p2a: Yveltal|Toxic|p1a: Zygarde\n|-status|p1a: Zygarde|tox\n|\n|-damage|p1a: Zygarde|88\/100 tox|[from] psn\n|upkeep\n|turn|279\n|l| looking 4 horizons\n|\n|t:|1701013291\n|switch|p2a: Marshadow|Marshadow|76\/100 brn\n|move|p1a: Zygarde|Coil|p1a: Zygarde\n|-boost|p1a: Zygarde|atk|1\n|-boost|p1a: Zygarde|def|1\n|-boost|p1a: Zygarde|accuracy|1\n|\n|-damage|p1a: Zygarde|76\/100 tox|[from] psn\n|-damage|p2a: Marshadow|69\/100 brn|[from] brn\n|upkeep\n|turn|280\n|\n|t:|1701013298\n|move|p2a: Marshadow|Low Kick|p1a: Zygarde\n|-damage|p1a: Zygarde|71\/100 tox\n|move|p1a: Zygarde|Thousand Arrows|p2a: Marshadow\n|-damage|p2a: Marshadow|0 fnt\n|faint|p2a: Marshadow\n|\n|-damage|p1a: Zygarde|53\/100 tox|[from] psn\n|upkeep\n|c| Runo|Screens not even saying R8 anymore...its just player\n|\n|t:|1701013306\n|switch|p2a: Arceus|Arceus-Ground|100\/100\n|turn|281\n|\n|t:|1701013308\n|move|p2a: Arceus|Judgment|p1a: Zygarde\n|-damage|p1a: Zygarde|24\/100 tox\n|move|p1a: Zygarde|Rest|p1a: Zygarde\n|-status|p1a: Zygarde|slp|[from] move: Rest\n|-heal|p1a: Zygarde|100\/100 slp|[silent]\n|\n|upkeep\n|turn|282\n|\n|t:|1701013311\n|switch|p2a: Yveltal|Yveltal|100\/100 par\n|-ability|p2a: Yveltal|Dark Aura\n|cant|p1a: Zygarde|slp\n|\n|upkeep\n|turn|283\n|\n|t:|1701013313\n|cant|p1a: Zygarde|slp\n|cant|p2a: Yveltal|par\n|\n|upkeep\n|turn|284\n|\n|t:|1701013316\n|-curestatus|p1a: Zygarde|slp|[msg]\n|move|p1a: Zygarde|Thousand Arrows|p2a: Yveltal\n|-damage|p2a: Yveltal|31\/100 par\n|-start|p2a: Yveltal|Smack Down\n|move|p2a: Yveltal|Toxic|p1a: Zygarde\n|-status|p1a: Zygarde|tox\n|\n|-damage|p1a: Zygarde|94\/100 tox|[from] psn\n|upkeep\n|turn|285\n|\n|t:|1701013320\n|switch|p2a: Ho-No|Ho-Oh|100\/100\n|move|p1a: Zygarde|Thousand Arrows|p2a: Ho-No\n|-damage|p2a: Ho-No|22\/100\n|-start|p2a: Ho-No|Smack Down\n|\n|-damage|p1a: Zygarde|82\/100 tox|[from] psn\n|upkeep\n|turn|286\n|j| looking 4 horizons\n|\n|t:|1701013337\n|switch|p2a: Groudon|Groudon-Primal|100\/100 par\n|-weather|DesolateLand|[from] ability: Desolate Land|[of] p2a: Groudon\n|move|p1a: Zygarde|Thousand Arrows|p2a: Groudon\n|-supereffective|p2a: Groudon\n|-damage|p2a: Groudon|0 fnt\n|faint|p2a: Groudon\n|-weather|none\n|\n|-damage|p1a: Zygarde|63\/100 tox|[from] psn\n|upkeep\n|c| looking 4 horizons|was this a throw?\n|c| Daepiquejt|Do marshadows run spectral thief in this tier?\n|\n|t:|1701013354\n|switch|p2a: Ho-No|Ho-Oh|55\/100\n|turn|287\n|c| Runo|Yes\n|c| Velcroc|they do\n|\n|t:|1701013361\n|switch|p2a: Arceus|Arceus-Ground|100\/100\n|move|p1a: Zygarde|Thousand Arrows|p2a: Arceus\n|-damage|p2a: Arceus|29\/100\n|\n|-damage|p1a: Zygarde|38\/100 tox|[from] psn\n|upkeep\n|turn|288\n|\n|t:|1701013367\n|move|p2a: Arceus|Judgment|p1a: Zygarde\n|-damage|p1a: Zygarde|11\/100 tox\n|move|p1a: Zygarde|Rest|p1a: Zygarde\n|-status|p1a: Zygarde|slp|[from] move: Rest\n|-heal|p1a: Zygarde|100\/100 slp|[silent]\n|\n|upkeep\n|turn|289\n|\n|t:|1701013370\n|move|p2a: Arceus|Recover|p2a: Arceus\n|-heal|p2a: Arceus|79\/100\n|cant|p1a: Zygarde|slp\n|\n|upkeep\n|turn|290\n|\n|t:|1701013373\n|switch|p2a: Ho-No|Ho-Oh|88\/100\n|cant|p1a: Zygarde|slp\n|\n|upkeep\n|turn|291\n|j| eroticbarber\n|c| looking 4 horizons|nvm it\u2019s over\n|\n|t:|1701013382\n|switch|p2a: Yveltal|Yveltal|31\/100 par\n|-ability|p2a: Yveltal|Dark Aura\n|-curestatus|p1a: Zygarde|slp|[msg]\n|move|p1a: Zygarde|Glare|p2a: Yveltal\n|-fail|p2a: Yveltal|par\n|\n|upkeep\n|turn|292\n|c| lupla|It's still really close\n|l| eroticbarber\n|\n|t:|1701013388\n|switch|p2a: Ho-No|Ho-Oh|100\/100\n|move|p1a: Zygarde|Glare|p2a: Ho-No\n|-status|p2a: Ho-No|par\n|\n|upkeep\n|turn|293\n|c| Runo|I love zygod\n|\n|t:|1701013392\n|move|p1a: Zygarde|Coil|p1a: Zygarde\n|-boost|p1a: Zygarde|atk|0\n|-boost|p1a: Zygarde|def|0\n|-boost|p1a: Zygarde|accuracy|0\n|cant|p2a: Ho-No|par\n|\n|upkeep\n|turn|294\n|l| Daepiquejt\n|\n|t:|1701013395\n|move|p1a: Zygarde|Coil|p1a: Zygarde\n|-boost|p1a: Zygarde|atk|0\n|-boost|p1a: Zygarde|def|0\n|-boost|p1a: Zygarde|accuracy|0\n|cant|p2a: Ho-No|par\n|\n|upkeep\n|turn|295\n|\n|t:|1701013397\n|move|p1a: Zygarde|Coil|p1a: Zygarde\n|-boost|p1a: Zygarde|atk|0\n|-boost|p1a: Zygarde|def|0\n|-boost|p1a: Zygarde|accuracy|0\n|cant|p2a: Ho-No|par\n|\n|upkeep\n|turn|296\n|j| NoName6293\n|j| XXMurdrXX\n|\n|t:|1701013399\n|move|p1a: Zygarde|Coil|p1a: Zygarde\n|-boost|p1a: Zygarde|atk|0\n|-boost|p1a: Zygarde|def|0\n|-boost|p1a: Zygarde|accuracy|0\n|move|p2a: Ho-No|Toxic|p1a: Zygarde\n|-status|p1a: Zygarde|tox\n|\n|-damage|p1a: Zygarde|94\/100 tox|[from] psn\n|upkeep\n|turn|297\n|\n|t:|1701013401\n|move|p1a: Zygarde|Coil|p1a: Zygarde\n|-boost|p1a: Zygarde|atk|0\n|-boost|p1a: Zygarde|def|0\n|-boost|p1a: Zygarde|accuracy|0\n|cant|p2a: Ho-No|par\n|\n|-damage|p1a: Zygarde|82\/100 tox|[from] psn\n|upkeep\n|turn|298\n|\n|t:|1701013403\n|move|p1a: Zygarde|Coil|p1a: Zygarde\n|-boost|p1a: Zygarde|atk|0\n|-boost|p1a: Zygarde|def|0\n|-boost|p1a: Zygarde|accuracy|0\n|move|p2a: Ho-No|Defog|p1a: Zygarde\n|-unboost|p1a: Zygarde|evasion|1\n|-sideend|p1: WeirdHamster|Spikes|[from] move: Defog|[of] p2a: Ho-No\n|\n|-damage|p1a: Zygarde|63\/100 tox|[from] psn\n|upkeep\n|turn|299\n|c| looking 4 horizons|You don\u2019t have the PP idt\n|\n|t:|1701013405\n|move|p1a: Zygarde|Coil|p1a: Zygarde\n|-boost|p1a: Zygarde|atk|0\n|-boost|p1a: Zygarde|def|0\n|-boost|p1a: Zygarde|accuracy|0\n|move|p2a: Ho-No|Defog|p1a: Zygarde\n|-unboost|p1a: Zygarde|evasion|1\n|\n|-damage|p1a: Zygarde|38\/100 tox|[from] psn\n|upkeep\n|turn|300\n|j| Vermillion Gangsta\n|c| 3MoreMinutes|oh em gee\n|\n|t:|1701013410\n|move|p1a: Zygarde|Coil|p1a: Zygarde\n|-boost|p1a: Zygarde|atk|0\n|-boost|p1a: Zygarde|def|0\n|-boost|p1a: Zygarde|accuracy|0\n|move|p2a: Ho-No|Defog|p1a: Zygarde\n|-unboost|p1a: Zygarde|evasion|1\n|\n|-damage|p1a: Zygarde|7\/100 tox|[from] psn\n|upkeep\n|turn|301\n|\n|t:|1701013412\n|switch|p2a: Yveltal|Yveltal|31\/100 par\n|-ability|p2a: Yveltal|Dark Aura\n|move|p1a: Zygarde|Rest|p1a: Zygarde\n|-status|p1a: Zygarde|slp|[from] move: Rest\n|-heal|p1a: Zygarde|100\/100 slp|[silent]\n|\n|upkeep\n|turn|302\n|\n|t:|1701013414\n|cant|p1a: Zygarde|slp\n|cant|p2a: Yveltal|par\n|\n|upkeep\n|turn|303\n|\n|t:|1701013418\n|cant|p1a: Zygarde|slp\n|move|p2a: Yveltal|Roost|p2a: Yveltal\n|-heal|p2a: Yveltal|81\/100 par\n|-singleturn|p2a: Yveltal|move: Roost\n|\n|upkeep\n|turn|304\n|l| XXMurdrXX\n|\n|t:|1701013423\n|switch|p2a: Ho-No|Ho-Oh|100\/100 par\n|-curestatus|p1a: Zygarde|slp|[msg]\n|move|p1a: Zygarde|Thousand Arrows|p2a: Ho-No\n|-damage|p2a: Ho-No|19\/100 par\n|-start|p2a: Ho-No|Smack Down\n|\n|upkeep\n|turn|305\n|j| TBIC106\n|\n|t:|1701013432\n|switch|p2a: Arceus|Arceus-Ground|79\/100\n|move|p1a: Zygarde|Thousand Arrows|p2a: Arceus\n|-damage|p2a: Arceus|14\/100\n|\n|upkeep\n|turn|306\n|\n|t:|1701013436\n|move|p2a: Arceus|Recover|p2a: Arceus\n|-heal|p2a: Arceus|65\/100\n|move|p1a: Zygarde|Thousand Arrows|p2a: Arceus\n|-damage|p2a: Arceus|0 fnt\n|faint|p2a: Arceus\n|\n|upkeep\n|\n|t:|1701013438\n|switch|p2a: Ho-No|Ho-Oh|52\/100 par\n|turn|307\n|c| lupla|damn\n|\n|t:|1701013442\n|switch|p2a: Alomomola|Alomomola, M, tera:Poison|100\/100 par\n|move|p1a: Zygarde|Glare|p2a: Alomomola\n|-fail|p2a: Alomomola|par\n|\n|upkeep\n|turn|308\n|\n|t:|1701013446\n|switch|p2a: Yveltal|Yveltal|81\/100 par\n|-ability|p2a: Yveltal|Dark Aura\n|move|p1a: Zygarde|Glare|p2a: Yveltal\n|-fail|p2a: Yveltal|par\n|\n|upkeep\n|turn|309\n|\n|t:|1701013448\n|switch|p2a: Alomomola|Alomomola, M, tera:Poison|100\/100 par\n|move|p1a: Zygarde|Glare|p2a: Alomomola\n|-fail|p2a: Alomomola|par\n|\n|upkeep\n|turn|310\n|j| eroticbarber\n|\n|t:|1701013450\n|switch|p2a: Yveltal|Yveltal|81\/100 par\n|-ability|p2a: Yveltal|Dark Aura\n|move|p1a: Zygarde|Glare|p2a: Yveltal\n|-fail|p2a: Yveltal|par\n|\n|upkeep\n|turn|311\n|j| ryan on crack\n|\n|t:|1701013451\n|switch|p2a: Alomomola|Alomomola, M, tera:Poison|100\/100 par\n|move|p1a: Zygarde|Glare|p2a: Alomomola\n|-fail|p2a: Alomomola|par\n|\n|upkeep\n|turn|312\n|\n|t:|1701013453\n|move|p1a: Zygarde|Glare|p2a: Alomomola\n|-fail|p2a: Alomomola|par\n|move|p2a: Alomomola|Toxic|p1a: Zygarde\n|-status|p1a: Zygarde|tox\n|\n|-damage|p1a: Zygarde|94\/100 tox|[from] psn\n|upkeep\n|turn|313\n|l| eroticbarber\n|\n|t:|1701013455\n|switch|p2a: Yveltal|Yveltal|81\/100 par\n|-ability|p2a: Yveltal|Dark Aura\n|move|p1a: Zygarde|Glare|p2a: Yveltal\n|-fail|p2a: Yveltal|par\n|\n|-damage|p1a: Zygarde|82\/100 tox|[from] psn\n|upkeep\n|turn|314\n|\n|t:|1701013457\n|switch|p2a: Alomomola|Alomomola, M, tera:Poison|100\/100 par\n|move|p1a: Zygarde|Glare|p2a: Alomomola\n|-fail|p2a: Alomomola|par\n|\n|-damage|p1a: Zygarde|63\/100 tox|[from] psn\n|upkeep\n|turn|315\n|c| looking 4 horizons|it\u2019s joever\n|\n|t:|1701013459\n|switch|p2a: Yveltal|Yveltal|81\/100 par\n|-ability|p2a: Yveltal|Dark Aura\n|move|p1a: Zygarde|Glare|p2a: Yveltal\n|-fail|p2a: Yveltal|par\n|\n|-damage|p1a: Zygarde|38\/100 tox|[from] psn\n|upkeep\n|turn|316\n|j| Daepiquejt\n|\n|t:|1701013461\n|switch|p2a: Alomomola|Alomomola, M, tera:Poison|100\/100 par\n|move|p1a: Zygarde|Glare|p2a: Alomomola\n|-fail|p2a: Alomomola|par\n|\n|-damage|p1a: Zygarde|7\/100 tox|[from] psn\n|upkeep\n|turn|317\n|\n|t:|1701013463\n|switch|p2a: Yveltal|Yveltal|81\/100 par\n|-ability|p2a: Yveltal|Dark Aura\n|move|p1a: Zygarde|Coil|p1a: Zygarde\n|-boost|p1a: Zygarde|atk|0\n|-boost|p1a: Zygarde|def|0\n|-boost|p1a: Zygarde|accuracy|0\n|\n|-damage|p1a: Zygarde|0 fnt|[from] psn\n|faint|p1a: Zygarde\n|\n|win|R8\n|upkeep\n|c|\u2606R8|woah\n|c|\u2606WeirdHamster|gg\n|c| Oculars\u2655|its all ogre now\n|c|\u2606WeirdHamster|sorry team\n|l| Red Vs Showdown\n|c|+adem|i love you r8\n|l| StompBox\n|c| Kinzo Ketchum|Zygarde too weak\n|c| lupla|fire game\n|c|\u2606R8|gg\n|c| Velcroc|wow\n|c|+adem|you are the best ubers play\n|l| Alpha1013\n|c|+adem|er\n|j| eroticbarber\n|c|+adem|in this tier\n|c| looking 4 horizons|let\u2019s go R8\n|l| ryan on crack\n|c| Oculars\u2655|this is why i picked r8\n|c|+adem|THIS IS WHY WE SUBBED YOU IN\n|c| Oculars\u2655|who tf doubting now\n|c| eroticbarber|gg\n|c| Runo|Gift card will be sent r8\n|c|+adem|BEST UBERS PLAYER IN THE POOL WHO?\n|c|+adem|THATS R8 ALL RIGHT.\n|c| Oculars\u2655|instant shamone\n|c| looking 4 horizons|did anyone doubt\n|c|+Wildfiree|Ok yea\n|j| StompBox\n|c|\u2606R8|it was intense\n|c|+Wildfiree|it\u2019s over\n|l|+hidin\n|c|+adem|BELGIUM FLIGHT BOOKED\n|l| Kinzo Ketchum\n|c| Velcroc|love how this turned out\n|c| looking 4 horizons|congrats adem\n|c| Daepiquejt|Rest had 1pp left?\n|c|+adem|HIGH FIVE AND HUG IS COMING\n|c| looking 4 horizons|have fun in belgium\n|l| eroticbarber\n|c| Runo|Adem wtf u lied to me fuck you\n|c|+adem|\ud83d\udc38\ud83d\udc38\ud83d\udc38\ud83d\udc38\n|c| lupla|Daepiquejt it was over anyway\n|c|+adem|about what\n|c| Oculars\u2655|who tf getting bolded now\n|c| looking 4 horizons|time to build another stall team\n|l| amstan\n|c|+adem|WHO WOULD YOU SLOT\n|l| TBIC106\n|c| lupla|Zyg-C only had 1 TArrows left\n|c|+adem|FATW OF THE WORLD ON THE LINE\n|l| Runo\n|c|+adem|MARTIANS HAVE THE DEAFH BEAM POINTED AT EARTH\n|c|+adem|WHOS PLAYING NDUBERS?\n|j| RunicPower419\n|c| looking 4 horizons|if only I could play\n|c|+adem|R88888888888\n|l| RunicPower419\n|l| 3MoreMinutes\n|l| guess my avatar\n|l|+Wildfiree\n|l| StompBox\n|l| YoshiXP2002\n|l|\u2606WeirdHamster\n|l| Vermillion Gangsta\n|l| Velcroc\n","uploadtime":1701013473,"views":200,"p1id":"weirdhamster","p2id":"r8","formatid":"gen9nationaldexubers","rating":0,"private":0,"password":""}