{"id":"gen9nationaldexubers-1993834754","p1":"C0ld as Ice","p2":"85792195wwww","format":"[Gen 9] National Dex Ubers","log":"|j|\u2606C0ld as Ice\n|j|\u260685792195wwww\n|t:|1700363121\n|gametype|singles\n|player|p1|C0ld as Ice|101|1882\n|player|p2|85792195wwww|mira|1558\n|teamsize|p1|6\n|teamsize|p2|6\n|gen|9\n|tier|[Gen 9] National Dex Ubers\n|rated|\n|rule|HP Percentage Mod: HP is shown in percentages\n|rule|Endless Battle Clause: Forcing endless battles is banned\n|rule|OHKO Clause: OHKO moves are banned\n|rule|Evasion Moves Clause: Evasion moves are banned\n|rule|Evasion Items Clause: Evasion items are banned\n|rule|Species Clause: Limit one of each Pok\u00e9mon\n|rule|Sleep Clause Mod: Limit one foe put to sleep\n|rule|Mega Rayquaza Clause: You cannot mega evolve Rayquaza\n|clearpoke\n|poke|p1|Marshadow|\n|poke|p1|Ho-Oh|\n|poke|p1|Necrozma-Dusk-Mane|\n|poke|p1|Groudon, L99|\n|poke|p1|Arceus-Ground|\n|poke|p1|Yveltal|\n|poke|p2|Arceus|\n|poke|p2|Zacian-*|\n|poke|p2|Xerneas-*|\n|poke|p2|Mewtwo|\n|poke|p2|Diancie|\n|poke|p2|Groudon|\n|teampreview\n|inactive|Battle timer is ON: inactive players will automatically lose when time's up. (requested by C0ld as Ice)\n|\n|t:|1700363145\n|start\n|switch|p1a: Groudon|Groudon, L99, shiny|100\/100\n|switch|p2a: Mewtwo|Mewtwo|100\/100\n|-ability|p2a: Mewtwo|Pressure\n|detailschange|p1a: Groudon|Groudon-Primal, L99, shiny\n|-primal|p1a: Groudon|Red Orb\n|-weather|DesolateLand|[from] ability: Desolate Land|[of] p1a: Groudon\n|turn|1\n|\n|t:|1700363158\n|-weather|none\n|switch|p1a: Ho-Oh|Ho-Oh, shiny|100\/100\n|move|p2a: Mewtwo|Earth Power|p1a: Ho-Oh\n|-immune|p1a: Ho-Oh\n|\n|upkeep\n|turn|2\n|\n|t:|1700363167\n|switch|p2a: Diancie|Diancie|100\/100\n|move|p1a: Ho-Oh|Brave Bird|p2a: Diancie\n|-resisted|p2a: Diancie\n|-damage|p2a: Diancie|56\/100\n|-damage|p1a: Ho-Oh|92\/100|[from] Recoil\n|\n|upkeep\n|turn|3\n|\n|t:|1700363192\n|switch|p1a: Marshadow|Marshadow|100\/100\n|detailschange|p2a: Diancie|Diancie-Mega\n|-mega|p2a: Diancie|Diancie|Diancite\n|move|p2a: Diancie|Stealth Rock|p1a: Marshadow\n|-sidestart|p1: C0ld as Ice|move: Stealth Rock\n|\n|upkeep\n|turn|4\n|\n|t:|1700363210\n|switch|p2a: Arceus|Arceus|100\/100\n|move|p1a: Marshadow|Shadow Sneak|p2a: Arceus\n|-immune|p2a: Arceus\n|\n|upkeep\n|turn|5\n|\n|t:|1700363217\n|switch|p1a: Yveltal|Yveltal, shiny|100\/100\n|-ability|p1a: Yveltal|Dark Aura\n|switch|p2a: Diancie|Diancie-Mega|56\/100\n|\n|upkeep\n|turn|6\n|\n|t:|1700363235\n|switch|p1a: Necrozma|Necrozma-Dusk-Mane, shiny|100\/100\n|-damage|p1a: Necrozma|94\/100|[from] Stealth Rock\n|move|p2a: Diancie|Earth Power|p1a: Necrozma\n|-supereffective|p1a: Necrozma\n|-damage|p1a: Necrozma|57\/100\n|\n|upkeep\n|turn|7\n|\n|t:|1700363243\n|move|p2a: Diancie|Earth Power|p1a: Necrozma\n|-supereffective|p1a: Necrozma\n|-damage|p1a: Necrozma|22\/100\n|move|p1a: Necrozma|Moonlight|p1a: Necrozma\n|-heal|p1a: Necrozma|72\/100\n|\n|upkeep\n|turn|8\n|\n|t:|1700363251\n|move|p2a: Diancie|Earth Power|p1a: Necrozma\n|-supereffective|p1a: Necrozma\n|-damage|p1a: Necrozma|37\/100\n|move|p1a: Necrozma|Sunsteel Strike|p2a: Diancie\n|-supereffective|p2a: Diancie\n|-damage|p2a: Diancie|0 fnt\n|faint|p2a: Diancie\n|\n|upkeep\n|\n|t:|1700363264\n|switch|p2a: Zacian|Zacian-Crowned|100\/100\n|-ability|p2a: Zacian|Intrepid Sword|boost\n|-boost|p2a: Zacian|atk|1\n|turn|9\n|\n|t:|1700363269\n|move|p2a: Zacian|Swords Dance|p2a: Zacian\n|-boost|p2a: Zacian|atk|2\n|-zpower|p1a: Necrozma\n|move|p1a: Necrozma|Searing Sunraze Smash|p2a: Zacian|[zeffect]\n|-damage|p2a: Zacian|0 fnt\n|faint|p2a: Zacian\n|\n|upkeep\n|\n|t:|1700363283\n|switch|p2a: Groudon|Groudon|100\/100\n|detailschange|p2a: Groudon|Groudon-Primal\n|-primal|p2a: Groudon|Red Orb\n|-weather|DesolateLand|[from] ability: Desolate Land|[of] p2a: Groudon\n|turn|10\n|\n|t:|1700363291\n|switch|p1a: Arceus|Arceus-Ground, shiny|100\/100\n|-damage|p1a: Arceus|94\/100|[from] Stealth Rock\n|move|p2a: Groudon|Rock Polish|p2a: Groudon\n|-boost|p2a: Groudon|spe|2\n|\n|-weather|DesolateLand|[upkeep]\n|upkeep\n|turn|11\n|\n|t:|1700363299\n|move|p2a: Groudon|Swords Dance|p2a: Groudon\n|-boost|p2a: Groudon|atk|2\n|move|p1a: Arceus|Judgment|p2a: Groudon\n|-supereffective|p2a: Groudon\n|-damage|p2a: Groudon|17\/100\n|\n|-weather|DesolateLand|[upkeep]\n|upkeep\n|turn|12\n|\n|t:|1700363313\n|switch|p1a: Necrozma|Necrozma-Dusk-Mane, shiny|37\/100\n|-damage|p1a: Necrozma|31\/100|[from] Stealth Rock\n|move|p2a: Groudon|Heat Crash|p1a: Necrozma\n|-supereffective|p1a: Necrozma\n|-damage|p1a: Necrozma|0 fnt\n|faint|p1a: Necrozma\n|\n|-weather|DesolateLand|[upkeep]\n|upkeep\n|\n|t:|1700363314\n|switch|p1a: Marshadow|Marshadow|100\/100\n|-damage|p1a: Marshadow|94\/100|[from] Stealth Rock\n|turn|13\n|\n|t:|1700363326\n|move|p1a: Marshadow|Shadow Sneak|p2a: Groudon\n|-damage|p2a: Groudon|0 fnt\n|faint|p2a: Groudon\n|-weather|none\n|\n|upkeep\n|\n|t:|1700363333\n|switch|p2a: Xerneas|Xerneas|100\/100\n|-ability|p2a: Xerneas|Fairy Aura\n|turn|14\n|\n|t:|1700363341\n|switch|p1a: Groudon|Groudon-Primal, L99, shiny|100\/100\n|-damage|p1a: Groudon|88\/100|[from] Stealth Rock\n|-weather|DesolateLand|[from] ability: Desolate Land|[of] p1a: Groudon\n|move|p2a: Xerneas|Geomancy||[still]\n|-prepare|p2a: Xerneas|Geomancy\n|-enditem|p2a: Xerneas|Power Herb\n|-anim|p2a: Xerneas|Geomancy|p2a: Xerneas\n|-boost|p2a: Xerneas|spa|2\n|-boost|p2a: Xerneas|spd|2\n|-boost|p2a: Xerneas|spe|2\n|\n|-weather|DesolateLand|[upkeep]\n|upkeep\n|turn|15\n|\n|t:|1700363355\n|move|p2a: Xerneas|Moonblast|p1a: Groudon\n|-resisted|p1a: Groudon\n|-damage|p1a: Groudon|27\/100\n|move|p1a: Groudon|Precipice Blades|p2a: Xerneas\n|-crit|p2a: Xerneas\n|-damage|p2a: Xerneas|28\/100\n|\n|-weather|DesolateLand|[upkeep]\n|upkeep\n|turn|16\n|inactive|C0ld as Ice has 120 seconds left.\n|\n|t:|1700363395\n|move|p2a: Xerneas|Moonblast|p1a: Groudon\n|-resisted|p1a: Groudon\n|-damage|p1a: Groudon|0 fnt\n|faint|p1a: Groudon\n|-weather|none\n|\n|upkeep\n|\n|t:|1700363418\n|switch|p1a: Marshadow|Marshadow|94\/100\n|-damage|p1a: Marshadow|88\/100|[from] Stealth Rock\n|turn|17\n|\n|t:|1700363423\n|move|p1a: Marshadow|Shadow Sneak|p2a: Xerneas\n|-damage|p2a: Xerneas|0 fnt\n|faint|p2a: Xerneas\n|\n|upkeep\n|\n|t:|1700363429\n|switch|p2a: Mewtwo|Mewtwo|100\/100\n|-ability|p2a: Mewtwo|Pressure\n|turn|18\n|inactive|C0ld as Ice has 120 seconds left.\n|\n|t:|1700363448\n|switch|p1a: Ho-Oh|Ho-Oh, shiny|100\/100\n|-damage|p1a: Ho-Oh|51\/100|[from] Stealth Rock\n|-terastallize|p2a: Mewtwo|Dark\n|move|p2a: Mewtwo|Nasty Plot|p2a: Mewtwo\n|-boost|p2a: Mewtwo|spa|2\n|\n|upkeep\n|turn|19\n|\n|t:|1700363460\n|move|p2a: Mewtwo|Psystrike|p1a: Ho-Oh\n|-damage|p1a: Ho-Oh|0 fnt\n|faint|p1a: Ho-Oh\n|-damage|p2a: Mewtwo|91\/100|[from] item: Life Orb\n|\n|upkeep\n|\n|t:|1700363471\n|switch|p1a: Arceus|Arceus-Ground, shiny|94\/100\n|-damage|p1a: Arceus|88\/100|[from] Stealth Rock\n|turn|20\n|\n|t:|1700363479\n|move|p2a: Mewtwo|Ice Beam|p1a: Arceus\n|-supereffective|p1a: Arceus\n|-damage|p1a: Arceus|0 fnt\n|faint|p1a: Arceus\n|-damage|p2a: Mewtwo|81\/100|[from] item: Life Orb\n|\n|upkeep\n|inactive|C0ld as Ice has 120 seconds left.\n|\n|t:|1700363484\n|switch|p1a: Yveltal|Yveltal, shiny|100\/100\n|-ability|p1a: Yveltal|Dark Aura\n|turn|21\n|\n|t:|1700363491\n|-terastallize|p1a: Yveltal|Fire\n|move|p2a: Mewtwo|Ice Beam|p1a: Yveltal\n|-resisted|p1a: Yveltal\n|-damage|p1a: Yveltal|71\/100\n|-status|p1a: Yveltal|frz\n|-damage|p2a: Mewtwo|71\/100|[from] item: Life Orb\n|-curestatus|p1a: Yveltal|frz|[msg]\n|move|p1a: Yveltal|U-turn|p2a: Mewtwo\n|-supereffective|p2a: Mewtwo\n|-damage|p2a: Mewtwo|32\/100\n|\n|t:|1700363493\n|switch|p1a: Marshadow|Marshadow|88\/100|[from] U-turn\n|-damage|p1a: Marshadow|82\/100|[from] Stealth Rock\n|\n|upkeep\n|turn|22\n|\n|t:|1700363510\n|move|p1a: Marshadow|Shadow Sneak|p2a: Mewtwo\n|-resisted|p2a: Mewtwo\n|-damage|p2a: Mewtwo|8\/100\n|move|p2a: Mewtwo|Psystrike|p1a: Marshadow\n|-supereffective|p1a: Marshadow\n|-damage|p1a: Marshadow|0 fnt\n|faint|p1a: Marshadow\n|-damage|p2a: Mewtwo|0 fnt|[from] item: Life Orb\n|faint|p2a: Mewtwo\n|\n|upkeep\n|\n|t:|1700363521\n|switch|p2a: Arceus|Arceus|100\/100\n|switch|p1a: Yveltal|Yveltal, shiny, tera:Fire|71\/100\n|-ability|p1a: Yveltal|Dark Aura\n|turn|23\n|\n|t:|1700363529\n|move|p2a: Arceus|Earthquake|p1a: Yveltal\n|-supereffective|p1a: Yveltal\n|-damage|p1a: Yveltal|2\/100\n|-damage|p2a: Arceus|91\/100|[from] item: Life Orb\n|move|p1a: Yveltal|Roost|p1a: Yveltal\n|-heal|p1a: Yveltal|52\/100\n|\n|upkeep\n|turn|24\n|\n|t:|1700363537\n|move|p2a: Arceus|Earthquake|p1a: Yveltal\n|-supereffective|p1a: Yveltal\n|-damage|p1a: Yveltal|0 fnt\n|faint|p1a: Yveltal\n|-damage|p2a: Arceus|81\/100|[from] item: Life Orb\n|\n|win|85792195wwww\n|raw|C0ld as Ice's rating: 1887 &rarr; <strong>1852<\/strong><br \/>(-35 for losing)\n|raw|85792195wwww's rating: 1558 &rarr; <strong>1593<\/strong><br \/>(+35 for winning)\n","uploadtime":1700363545,"views":6,"p1id":"c0ldasice","p2id":"85792195wwww","formatid":"gen9nationaldexubers","rating":1593,"private":0,"password":""}