{"id":"gen9nationaldexubers-1990147716","p1":"Guj Genera","p2":"Cold Finally","format":"[Gen 9] National Dex Ubers","log":"|j|\u2606Guj Genera\n|j|\u2606Cold Finally\n|t:|1699929775\n|gametype|singles\n|player|p1|Guj Genera|red|\n|player|p2|Cold Finally|iris-masters|\n|teamsize|p1|6\n|teamsize|p2|6\n|gen|9\n|tier|[Gen 9] National Dex Ubers\n|rule|HP Percentage Mod: HP is shown in percentages\n|rule|Endless Battle Clause: Forcing endless battles is banned\n|rule|OHKO Clause: OHKO moves are banned\n|rule|Evasion Moves Clause: Evasion moves are banned\n|rule|Evasion Items Clause: Evasion items are banned\n|rule|Species Clause: Limit one of each Pok\u00e9mon\n|rule|Sleep Clause Mod: Limit one foe put to sleep\n|rule|Mega Rayquaza Clause: You cannot mega evolve Rayquaza\n|clearpoke\n|poke|p1|Cinderace, M|\n|poke|p1|Landorus-Therian, M|\n|poke|p1|Inteleon, M|\n|poke|p1|Diancie|\n|poke|p1|Zeraora|\n|poke|p1|Kartana|\n|poke|p2|Tapu Bulu|\n|poke|p2|Grimmsnarl, M|\n|poke|p2|Mawile, F|\n|poke|p2|Delphox, F|\n|poke|p2|Enamorus, F|\n|poke|p2|Tapu Koko|\n|teampreview\n|inactive|Battle timer is ON: inactive players will automatically lose when time's up. (requested by Guj Genera)\n|\n|t:|1699929796\n|start\n|switch|p1a: Diancie|Diancie, shiny|100\/100\n|switch|p2a: ass goblin|Grimmsnarl, M, shiny|100\/100\n|turn|1\n|\n|t:|1699929803\n|detailschange|p1a: Diancie|Diancie-Mega, shiny\n|-mega|p1a: Diancie|Diancie|Diancite\n|move|p2a: ass goblin|Parting Shot|p1a: Diancie\n|move|p1a: Diancie|Parting Shot|p2a: ass goblin|[from]ability: Magic Bounce\n|-unboost|p2a: ass goblin|atk|1\n|-unboost|p2a: ass goblin|spa|1\n|\n|t:|1699929807\n|switch|p1a: Landorus|Landorus-Therian, M, shiny|100\/100|[from] Parting Shot\n|-ability|p1a: Landorus|Intimidate|boost\n|-unboost|p2a: ass goblin|atk|1\n|\n|upkeep\n|turn|2\n|\n|t:|1699929829\n|switch|p1a: Diancie|Diancie-Mega, shiny|100\/100\n|move|p2a: ass goblin|Reflect|p2a: ass goblin\n|-sidestart|p2: Cold Finally|Reflect\n|\n|upkeep\n|turn|3\n|\n|t:|1699929834\n|move|p2a: ass goblin|Parting Shot|p1a: Diancie\n|move|p1a: Diancie|Parting Shot|p2a: ass goblin|[from]ability: Magic Bounce\n|-unboost|p2a: ass goblin|atk|1\n|-unboost|p2a: ass goblin|spa|1\n|\n|t:|1699929839\n|switch|p1a: Landorus|Landorus-Therian, M, shiny|100\/100|[from] Parting Shot\n|-ability|p1a: Landorus|Intimidate|boost\n|-unboost|p2a: ass goblin|atk|1\n|\n|upkeep\n|turn|4\n|\n|t:|1699929851\n|move|p2a: ass goblin|Light Screen|p2a: ass goblin\n|-sidestart|p2: Cold Finally|move: Light Screen\n|move|p1a: Landorus|Stealth Rock|p2a: ass goblin\n|-sidestart|p2: Cold Finally|move: Stealth Rock\n|\n|upkeep\n|turn|5\n|\n|t:|1699929855\n|switch|p1a: Diancie|Diancie-Mega, shiny|100\/100\n|move|p2a: ass goblin|Parting Shot|p1a: Diancie\n|move|p1a: Diancie|Parting Shot|p2a: ass goblin|[from]ability: Magic Bounce\n|-unboost|p2a: ass goblin|atk|1\n|-unboost|p2a: ass goblin|spa|1\n|\n|t:|1699929857\n|switch|p1a: Landorus|Landorus-Therian, M, shiny|100\/100|[from] Parting Shot\n|-ability|p1a: Landorus|Intimidate|boost\n|-unboost|p2a: ass goblin|atk|1\n|\n|upkeep\n|turn|6\n|j| Somalian killah\n|\n|t:|1699929873\n|switch|p1a: Diancie|Diancie-Mega, shiny|100\/100\n|switch|p2a: the Beast|Tapu Bulu, shiny|100\/100\n|-damage|p2a: the Beast|88\/100|[from] Stealth Rock\n|-fieldstart|move: Grassy Terrain|[from] ability: Grassy Surge|[of] p2a: the Beast\n|\n|-heal|p2a: the Beast|94\/100|[from] Grassy Terrain\n|upkeep\n|turn|7\n|inactive|Cold Finally has 270 seconds left.\n|\n|t:|1699929912\n|switch|p1a: Landorus|Landorus-Therian, M, shiny|100\/100\n|-ability|p1a: Landorus|Intimidate|boost\n|-unboost|p2a: the Beast|atk|1\n|move|p2a: the Beast|Close Combat|p1a: Landorus\n|-resisted|p1a: Landorus\n|-damage|p1a: Landorus|90\/100\n|-unboost|p2a: the Beast|def|1\n|-unboost|p2a: the Beast|spd|1\n|-damage|p2a: the Beast|78\/100|[from] item: Rocky Helmet|[of] p1a: Landorus\n|\n|-heal|p2a: the Beast|84\/100|[from] Grassy Terrain\n|upkeep\n|turn|8\n|\n|t:|1699929918\n|switch|p2a: ass goblin|Grimmsnarl, M, shiny|100\/100\n|-damage|p2a: ass goblin|88\/100|[from] Stealth Rock\n|move|p1a: Landorus|Toxic|p2a: ass goblin\n|-status|p2a: ass goblin|tox\n|\n|-heal|p2a: ass goblin|94\/100 tox|[from] Grassy Terrain\n|-damage|p2a: ass goblin|88\/100 tox|[from] psn\n|upkeep\n|turn|9\n|\n|t:|1699929925\n|switch|p1a: Diancie|Diancie-Mega, shiny|100\/100\n|move|p2a: ass goblin|Spirit Break|p1a: Diancie\n|-damage|p1a: Diancie|57\/100\n|-unboost|p1a: Diancie|spa|1\n|\n|-heal|p1a: Diancie|63\/100|[from] Grassy Terrain\n|-heal|p2a: ass goblin|94\/100 tox|[from] Grassy Terrain\n|-damage|p2a: ass goblin|82\/100 tox|[from] psn\n|-sideend|p2: Cold Finally|Reflect\n|upkeep\n|turn|10\n|\n|t:|1699929931\n|move|p2a: ass goblin|Reflect|p2a: ass goblin\n|-sidestart|p2: Cold Finally|Reflect\n|move|p1a: Diancie|Diamond Storm|p2a: ass goblin\n|-damage|p2a: ass goblin|53\/100 tox\n|\n|-heal|p1a: Diancie|69\/100|[from] Grassy Terrain\n|-heal|p2a: ass goblin|59\/100 tox|[from] Grassy Terrain\n|-damage|p2a: ass goblin|41\/100 tox|[from] psn\n|-fieldend|move: Grassy Terrain\n|upkeep\n|turn|11\n|\n|t:|1699929944\n|switch|p2a: the Beast|Tapu Bulu, shiny|84\/100\n|-damage|p2a: the Beast|71\/100|[from] Stealth Rock\n|-fieldstart|move: Grassy Terrain|[from] ability: Grassy Surge|[of] p2a: the Beast\n|move|p1a: Diancie|Diamond Storm|p2a: the Beast\n|-damage|p2a: the Beast|42\/100\n|\n|-heal|p2a: the Beast|48\/100|[from] Grassy Terrain\n|-heal|p1a: Diancie|75\/100|[from] Grassy Terrain\n|-sideend|p2: Cold Finally|move: Light Screen\n|upkeep\n|turn|12\n|\n|t:|1699929950\n|switch|p1a: Landorus|Landorus-Therian, M, shiny|90\/100\n|-ability|p1a: Landorus|Intimidate|boost\n|-unboost|p2a: the Beast|atk|1\n|move|p2a: the Beast|Horn Leech|p1a: Landorus\n|-damage|p1a: Landorus|63\/100\n|-heal|p2a: the Beast|66\/100|[from] drain|[of] p1a: Landorus\n|-damage|p2a: the Beast|50\/100|[from] item: Rocky Helmet|[of] p1a: Landorus\n|\n|-heal|p2a: the Beast|56\/100|[from] Grassy Terrain\n|upkeep\n|turn|13\n|\n|t:|1699929979\n|switch|p2a: Wicked Witch|Enamorus, F|100\/100\n|move|p1a: Landorus|U-turn|p2a: Wicked Witch\n|-resisted|p2a: Wicked Witch\n|-damage|p2a: Wicked Witch|96\/100\n|\n|t:|1699929987\n|switch|p1a: Zeraora|Zeraora, shiny|100\/100|[from] U-turn\n|\n|upkeep\n|turn|14\n|\n|t:|1699930002\n|switch|p2a: Hot Koko|Tapu Koko, shiny|100\/100\n|-damage|p2a: Hot Koko|88\/100|[from] Stealth Rock\n|-fieldstart|move: Electric Terrain|[from] ability: Electric Surge|[of] p2a: Hot Koko\n|move|p1a: Zeraora|Plasma Fists|p2a: Hot Koko\n|-resisted|p2a: Hot Koko\n|-damage|p2a: Hot Koko|66\/100\n|-fieldactivate|move: Ion Deluge\n|-hint|Normal-type moves become Electric-type after using Plasma Fists.\n|\n|upkeep\n|turn|15\n|\n|t:|1699930015\n|move|p1a: Zeraora|Plasma Fists|p2a: Hot Koko\n|-resisted|p2a: Hot Koko\n|-damage|p2a: Hot Koko|46\/100\n|-fieldactivate|move: Ion Deluge\n|-hint|Normal-type moves become Electric-type after using Plasma Fists.\n|move|p2a: Hot Koko|Dazzling Gleam|p1a: Zeraora\n|-damage|p1a: Zeraora|41\/100\n|\n|upkeep\n|turn|16\n|\n|t:|1699930023\n|switch|p1a: Kartana|Kartana, shiny|100\/100\n|move|p2a: Hot Koko|Dazzling Gleam|p1a: Kartana\n|-resisted|p1a: Kartana\n|-damage|p1a: Kartana|26\/100\n|\n|upkeep\n|turn|17\n|inactive|Cold Finally has 270 seconds left.\n|\n|t:|1699930046\n|move|p1a: Kartana|Knock Off|p2a: Hot Koko\n|-resisted|p2a: Hot Koko\n|-damage|p2a: Hot Koko|31\/100\n|-enditem|p2a: Hot Koko|Choice Specs|[from] move: Knock Off|[of] p1a: Kartana\n|move|p2a: Hot Koko|Dazzling Gleam|p1a: Kartana\n|-resisted|p1a: Kartana\n|-damage|p1a: Kartana|0 fnt\n|faint|p1a: Kartana\n|\n|-sideend|p2: Cold Finally|Reflect\n|upkeep\n|\n|t:|1699930055\n|switch|p1a: Cinderace|Cinderace, M, shiny|100\/100\n|turn|18\n|l| Somalian killah\n|inactive|Cold Finally has 270 seconds left.\n|\n|t:|1699930081\n|move|p2a: Hot Koko|Thunderbolt|p1a: Cinderace\n|-damage|p1a: Cinderace|31\/100\n|move|p1a: Cinderace|Double-Edge|p2a: Hot Koko\n|-start|p1a: Cinderace|typechange|Normal|[from] ability: Libero\n|-damage|p2a: Hot Koko|0 fnt\n|faint|p2a: Hot Koko\n|-damage|p1a: Cinderace|21\/100|[from] Recoil\n|\n|-fieldend|move: Electric Terrain\n|upkeep\n|\n|t:|1699930099\n|switch|p2a: ass goblin|Grimmsnarl, M, shiny|41\/100 tox\n|-damage|p2a: ass goblin|28\/100 tox|[from] Stealth Rock\n|turn|19\n|\n|t:|1699930103\n|switch|p1a: Diancie|Diancie-Mega, shiny|75\/100\n|move|p2a: ass goblin|Reflect|p2a: ass goblin\n|-sidestart|p2: Cold Finally|Reflect\n|\n|-damage|p2a: ass goblin|22\/100 tox|[from] psn\n|upkeep\n|turn|20\n|\n|t:|1699930109\n|move|p2a: ass goblin|Light Screen|p2a: ass goblin\n|-sidestart|p2: Cold Finally|move: Light Screen\n|move|p1a: Diancie|Diamond Storm|p2a: ass goblin\n|-damage|p2a: ass goblin|0 fnt\n|-boost|p1a: Diancie|def|2\n|faint|p2a: ass goblin\n|\n|upkeep\n|inactive|Cold Finally has 270 seconds left.\n|\n|t:|1699930120\n|switch|p2a: Wicked Witch|Enamorus, F|96\/100\n|turn|21\n|\n|t:|1699930123\n|move|p1a: Diancie|Diamond Storm|p2a: Wicked Witch\n|-supereffective|p2a: Wicked Witch\n|-damage|p2a: Wicked Witch|15\/100\n|-boost|p1a: Diancie|def|2\n|move|p2a: Wicked Witch|Earth Power|p1a: Diancie\n|-supereffective|p1a: Diancie\n|-damage|p1a: Diancie|0 fnt\n|faint|p1a: Diancie\n|\n|upkeep\n|\n|t:|1699930130\n|switch|p1a: Zeraora|Zeraora, shiny|41\/100\n|turn|22\n|\n|t:|1699930141\n|move|p1a: Zeraora|Plasma Fists|p2a: Wicked Witch\n|-supereffective|p2a: Wicked Witch\n|-damage|p2a: Wicked Witch|0 fnt\n|-fieldactivate|move: Ion Deluge\n|-hint|Normal-type moves become Electric-type after using Plasma Fists.\n|faint|p2a: Wicked Witch\n|\n|upkeep\n|\n|t:|1699930152\n|switch|p2a: Gothmo|Mawile, F|100\/100\n|-damage|p2a: Gothmo|94\/100|[from] Stealth Rock\n|-ability|p2a: Gothmo|Intimidate|boost\n|-unboost|p1a: Zeraora|atk|1\n|turn|23\n|\n|t:|1699930161\n|switch|p1a: Landorus|Landorus-Therian, M, shiny|63\/100\n|-ability|p1a: Landorus|Intimidate|boost\n|-unboost|p2a: Gothmo|atk|1\n|detailschange|p2a: Gothmo|Mawile-Mega, F\n|-mega|p2a: Gothmo|Mawile|Mawilite\n|move|p2a: Gothmo|Swords Dance|p2a: Gothmo\n|-boost|p2a: Gothmo|atk|2\n|\n|upkeep\n|turn|24\n|\n|t:|1699930177\n|move|p2a: Gothmo|Sucker Punch|p1a: Landorus\n|-crit|p1a: Landorus\n|-damage|p1a: Landorus|0 fnt\n|-damage|p2a: Gothmo|78\/100|[from] item: Rocky Helmet|[of] p1a: Landorus\n|faint|p1a: Landorus\n|\n|upkeep\n|\n|t:|1699930180\n|switch|p1a: Zeraora|Zeraora, shiny|41\/100\n|turn|25\n|inactive|Cold Finally has 270 seconds left.\n|c|\u2606Guj Genera|Mawile is complete cringe\n|\n|t:|1699930226\n|move|p2a: Gothmo|Sucker Punch|p1a: Zeraora\n|-damage|p1a: Zeraora|0 fnt\n|faint|p1a: Zeraora\n|\n|upkeep\n|\n|t:|1699930236\n|switch|p1a: Inteleon|Inteleon, M, shiny|100\/100\n|turn|26\n|c|\u2606Cold Finally|bro you litterally have inteleon on your team\n|\n|t:|1699930250\n|move|p2a: Gothmo|Sucker Punch|p1a: Inteleon\n|-damage|p1a: Inteleon|0 fnt\n|faint|p1a: Inteleon\n|\n|-sideend|p2: Cold Finally|Reflect\n|upkeep\n|\n|t:|1699930253\n|switch|p1a: Cinderace|Cinderace, M, shiny|21\/100\n|turn|27\n|\n|t:|1699930259\n|move|p2a: Gothmo|Sucker Punch|p1a: Cinderace\n|-damage|p1a: Cinderace|0 fnt\n|faint|p1a: Cinderace\n|\n|win|Cold Finally\n|l|\u2606Guj Genera\n|c|\u2606Cold Finally|gg\n","uploadtime":1699930352,"views":25,"p1id":"gujgenera","p2id":"coldfinally","formatid":"gen9nationaldexubers","rating":0,"private":0,"password":""}