{"id":"gen9nationaldexubers-1984491968","p1":"TorchOrphan","p2":"Glifoman","format":"[Gen 9] National Dex Ubers","log":"|j|\u2606TorchOrphan\n|j|\u2606Glifoman\n|t:|1699271969\n|gametype|singles\n|player|p1|TorchOrphan|102|1233\n|player|p2|Glifoman|lucas-gen4pt|1216\n|teamsize|p1|6\n|teamsize|p2|6\n|gen|9\n|tier|[Gen 9] National Dex Ubers\n|rated|\n|rule|HP Percentage Mod: HP is shown in percentages\n|rule|Endless Battle Clause: Forcing endless battles is banned\n|rule|OHKO Clause: OHKO moves are banned\n|rule|Evasion Moves Clause: Evasion moves are banned\n|rule|Evasion Items Clause: Evasion items are banned\n|rule|Species Clause: Limit one of each Pok\u00e9mon\n|rule|Sleep Clause Mod: Limit one foe put to sleep\n|rule|Mega Rayquaza Clause: You cannot mega evolve Rayquaza\n|clearpoke\n|poke|p1|Marshadow|\n|poke|p1|Swampert, M|\n|poke|p1|Ogerpon, F|\n|poke|p1|Lopunny, F|\n|poke|p1|Pheromosa|\n|poke|p1|Landorus-Therian, M|\n|poke|p2|Abomasnow, M|\n|poke|p2|Mamoswine, M|\n|poke|p2|Froslass, F|\n|poke|p2|Ninetales-Alola, F|\n|poke|p2|Darmanitan-Galar, M|\n|poke|p2|Baxcalibur, M|\n|teampreview\n|\n|t:|1699271975\n|start\n|switch|p1a: Lopunny|Lopunny, F|100\/100\n|switch|p2a: Darmanitan|Darmanitan-Galar, M|100\/100\n|turn|1\n|\n|t:|1699271980\n|switch|p2a: Froslass|Froslass, F|100\/100\n|detailschange|p1a: Lopunny|Lopunny-Mega, F\n|-mega|p1a: Lopunny|Lopunny|Lopunnite\n|move|p1a: Lopunny|Fake Out|p2a: Froslass\n|-damage|p2a: Froslass|64\/100\n|\n|upkeep\n|turn|2\n|\n|t:|1699271987\n|move|p1a: Lopunny|Power-Up Punch|p2a: Froslass\n|-supereffective|p2a: Froslass\n|-damage|p2a: Froslass|0 fnt\n|-boost|p1a: Lopunny|atk|1\n|faint|p2a: Froslass\n|\n|upkeep\n|\n|t:|1699271993\n|switch|p2a: Ninetales|Ninetales-Alola, F|100\/100\n|-weather|Snow|[from] ability: Snow Warning|[of] p2a: Ninetales\n|turn|3\n|\n|t:|1699271997\n|move|p1a: Lopunny|Close Combat|p2a: Ninetales\n|-damage|p2a: Ninetales|11\/100\n|-unboost|p1a: Lopunny|def|1\n|-unboost|p1a: Lopunny|spd|1\n|move|p2a: Ninetales|Aurora Veil|p2a: Ninetales\n|-sidestart|p2: Glifoman|move: Aurora Veil\n|\n|-weather|Snow|[upkeep]\n|upkeep\n|turn|4\n|\n|t:|1699272003\n|move|p1a: Lopunny|Power-Up Punch|p2a: Ninetales\n|-damage|p2a: Ninetales|0 fnt\n|-boost|p1a: Lopunny|atk|1\n|faint|p2a: Ninetales\n|\n|-weather|Snow|[upkeep]\n|upkeep\n|\n|t:|1699272010\n|switch|p2a: Mamoswine|Mamoswine, M|100\/100\n|turn|5\n|\n|t:|1699272012\n|move|p1a: Lopunny|Close Combat|p2a: Mamoswine\n|-supereffective|p2a: Mamoswine\n|-damage|p2a: Mamoswine|19\/100\n|-unboost|p1a: Lopunny|def|1\n|-unboost|p1a: Lopunny|spd|1\n|-enditem|p2a: Mamoswine|Weakness Policy\n|-boost|p2a: Mamoswine|atk|2|[from] item: Weakness Policy\n|-boost|p2a: Mamoswine|spa|2|[from] item: Weakness Policy\n|move|p2a: Mamoswine|Earthquake|p1a: Lopunny\n|-damage|p1a: Lopunny|0 fnt\n|faint|p1a: Lopunny\n|\n|-weather|Snow|[upkeep]\n|upkeep\n|\n|t:|1699272022\n|switch|p1a: Marshadow|Marshadow|100\/100\n|turn|6\n|\n|t:|1699272032\n|move|p1a: Marshadow|Spectral Thief||[still]\n|-clearpositiveboost|p2a: Mamoswine|p1a: Marshadow|move: Spectral Thief\n|-boost|p1a: Marshadow|atk|2\n|-boost|p1a: Marshadow|spa|2\n|-anim|p1a: Marshadow|Spectral Thief|p2a: Mamoswine\n|-damage|p2a: Mamoswine|0 fnt\n|faint|p2a: Mamoswine\n|\n|-weather|Snow|[upkeep]\n|upkeep\n|\n|t:|1699272036\n|switch|p2a: Darmanitan|Darmanitan-Galar, M|100\/100\n|turn|7\n|\n|t:|1699272043\n|-terastallize|p2a: Darmanitan|Fire\n|move|p2a: Darmanitan|Flare Blitz|p1a: Marshadow\n|-enditem|p1a: Marshadow|Focus Sash\n|-damage|p1a: Marshadow|1\/100\n|-damage|p2a: Darmanitan|70\/100|[from] Recoil\n|move|p1a: Marshadow|Drain Punch|p2a: Darmanitan\n|-damage|p2a: Darmanitan|16\/100\n|-heal|p1a: Marshadow|31\/100|[from] drain|[of] p2a: Darmanitan\n|\n|-weather|none\n|upkeep\n|turn|8\n|\n|t:|1699272053\n|move|p1a: Marshadow|Shadow Sneak|p2a: Darmanitan\n|-damage|p2a: Darmanitan|0 fnt\n|faint|p2a: Darmanitan\n|\n|upkeep\n|\n|t:|1699272056\n|switch|p2a: Abomasnow|Abomasnow, M, shiny|100\/100\n|-weather|Snow|[from] ability: Snow Warning|[of] p2a: Abomasnow\n|turn|9\n|\n|t:|1699272059\n|detailschange|p2a: Abomasnow|Abomasnow-Mega, M, shiny\n|-mega|p2a: Abomasnow|Abomasnow|Abomasite\n|move|p2a: Abomasnow|Ice Shard|p1a: Marshadow\n|-crit|p1a: Marshadow\n|-damage|p1a: Marshadow|0 fnt\n|faint|p1a: Marshadow\n|\n|-weather|Snow|[upkeep]\n|upkeep\n|\n|t:|1699272066\n|switch|p1a: Pheromosa|Pheromosa|100\/100\n|turn|10\n|\n|t:|1699272070\n|move|p1a: Pheromosa|Close Combat|p2a: Abomasnow\n|-supereffective|p2a: Abomasnow\n|-damage|p2a: Abomasnow|37\/100\n|-unboost|p1a: Pheromosa|def|1\n|-unboost|p1a: Pheromosa|spd|1\n|move|p2a: Abomasnow|Blizzard|p1a: Pheromosa\n|-damage|p1a: Pheromosa|0 fnt\n|faint|p1a: Pheromosa\n|\n|-weather|Snow|[upkeep]\n|-sideend|p2: Glifoman|move: Aurora Veil\n|upkeep\n|\n|t:|1699272080\n|switch|p1a: Swampert|Swampert, M|100\/100\n|turn|11\n|\n|t:|1699272085\n|move|p1a: Swampert|Power-Up Punch|p2a: Abomasnow\n|-supereffective|p2a: Abomasnow\n|-damage|p2a: Abomasnow|23\/100\n|-boost|p1a: Swampert|atk|1\n|move|p2a: Abomasnow|Giga Drain|p1a: Swampert\n|-supereffective|p1a: Swampert\n|-damage|p1a: Swampert|0 fnt\n|-heal|p2a: Abomasnow|85\/100|[from] drain|[of] p1a: Swampert\n|faint|p1a: Swampert\n|\n|-weather|Snow|[upkeep]\n|upkeep\n|\n|t:|1699272096\n|switch|p1a: Ogerpon|Ogerpon, F|100\/100\n|turn|12\n|\n|t:|1699272100\n|-terastallize|p1a: Ogerpon|Grass\n|detailschange|p1a: Ogerpon|Ogerpon-Teal-Tera, F, tera:Grass\n|-ability|p1a: Ogerpon|Embody Aspect (Teal)|boost\n|-boost|p1a: Ogerpon|spe|1\n|move|p1a: Ogerpon|Ivy Cudgel|p2a: Abomasnow\n|-resisted|p2a: Abomasnow\n|-damage|p2a: Abomasnow|61\/100\n|move|p2a: Abomasnow|Blizzard|p1a: Ogerpon\n|-supereffective|p1a: Ogerpon\n|-damage|p1a: Ogerpon|0 fnt\n|faint|p1a: Ogerpon\n|\n|-weather|Snow|[upkeep]\n|upkeep\n|-message|TorchOrphan forfeited.\n|\n|win|Glifoman\n|raw|TorchOrphan's rating: 1233 &rarr; <strong>1206<\/strong><br \/>(-27 for losing)\n|raw|Glifoman's rating: 1206 &rarr; <strong>1233<\/strong><br \/>(+27 for winning)\n|l|\u2606TorchOrphan\n|c|\u2606Glifoman|xD\n","uploadtime":1699272124,"views":7,"p1id":"torchorphan","p2id":"glifoman","formatid":"gen9nationaldexubers","rating":1206,"private":0,"password":""}