{"id":"gen9nationaldexubers-1988175266","p1":"Grifin3","p2":"Ivan9plus","format":"[Gen 9] National Dex Ubers","log":"|j|\u2606Grifin3\n|j|\u2606Ivan9plus\n|t:|1699679717\n|gametype|singles\n|player|p1|Grifin3|marlon|\n|player|p2|Ivan9plus|lucas|\n|teamsize|p1|6\n|teamsize|p2|6\n|gen|9\n|tier|[Gen 9] National Dex Ubers\n|rule|HP Percentage Mod: HP is shown in percentages\n|rule|Endless Battle Clause: Forcing endless battles is banned\n|rule|OHKO Clause: OHKO moves are banned\n|rule|Evasion Moves Clause: Evasion moves are banned\n|rule|Evasion Items Clause: Evasion items are banned\n|rule|Species Clause: Limit one of each Pok\u00e9mon\n|rule|Sleep Clause Mod: Limit one foe put to sleep\n|rule|Mega Rayquaza Clause: You cannot mega evolve Rayquaza\n|clearpoke\n|poke|p1|Pikachu-Sinnoh, M|\n|poke|p1|Staraptor, M|\n|poke|p1|Torterra, M|\n|poke|p1|Infernape, F|\n|poke|p1|Gliscor, M|\n|poke|p1|Buizel, M|\n|poke|p2|Melmetal|\n|poke|p2|Naganadel|\n|poke|p2|Rowlet, F|\n|poke|p2|Pikachu-Alola, M|\n|poke|p2|Lycanroc-Dusk, M|\n|poke|p2|Incineroar, F|\n|teampreview\n|\n|t:|1699679746\n|start\n|switch|p1a: Gliscor|Gliscor, M|100\/100\n|switch|p2a: Lycanroc|Lycanroc-Dusk, M|100\/100\n|turn|1\n|c|\u2606Ivan9plus|Gliscor GOD amigo\n|\n|t:|1699679767\n|move|p2a: Lycanroc|Stealth Rock|p1a: Gliscor\n|-sidestart|p1: Grifin3|move: Stealth Rock\n|move|p1a: Gliscor|Toxic Spikes|p2a: Lycanroc\n|-sidestart|p2: Ivan9plus|move: Toxic Spikes\n|\n|-damage|p1a: Gliscor|88\/100|[from] item: Black Sludge\n|upkeep\n|turn|2\n|\n|t:|1699679782\n|move|p2a: Lycanroc|Stone Edge|p1a: Gliscor|[miss]\n|-miss|p2a: Lycanroc|p1a: Gliscor\n|move|p1a: Gliscor|Toxic Spikes|p2a: Lycanroc\n|-sidestart|p2: Ivan9plus|move: Toxic Spikes\n|\n|-damage|p1a: Gliscor|76\/100|[from] item: Black Sludge\n|upkeep\n|turn|3\n|\n|t:|1699679818\n|move|p2a: Lycanroc|Drill Run|p1a: Gliscor\n|-immune|p1a: Gliscor\n|move|p1a: Gliscor|Brick Break|p2a: Lycanroc\n|-supereffective|p2a: Lycanroc\n|-damage|p2a: Lycanroc|43\/100\n|\n|-heal|p2a: Lycanroc|50\/100|[from] item: Leftovers\n|-damage|p1a: Gliscor|63\/100|[from] item: Black Sludge\n|upkeep\n|turn|4\n|\n|t:|1699679848\n|move|p2a: Lycanroc|Stone Edge|p1a: Gliscor\n|-damage|p1a: Gliscor|28\/100\n|move|p1a: Gliscor|Brick Break|p2a: Lycanroc\n|-supereffective|p2a: Lycanroc\n|-damage|p2a: Lycanroc|0 fnt\n|faint|p2a: Lycanroc\n|\n|-damage|p1a: Gliscor|16\/100|[from] item: Black Sludge\n|upkeep\n|\n|t:|1699679862\n|switch|p2a: Melmetal|Melmetal|100\/100\n|turn|5\n|\n|t:|1699679873\n|move|p1a: Gliscor|Earthquake|p2a: Melmetal\n|-supereffective|p2a: Melmetal\n|-damage|p2a: Melmetal|65\/100\n|move|p2a: Melmetal|Ice Punch|p1a: Gliscor\n|-supereffective|p1a: Gliscor\n|-damage|p1a: Gliscor|0 fnt\n|faint|p1a: Gliscor\n|\n|upkeep\n|\n|t:|1699679905\n|switch|p1a: Torterra|Torterra, M|100\/100\n|-damage|p1a: Torterra|94\/100|[from] Stealth Rock\n|turn|6\n|\n|t:|1699679918\n|-terastallize|p2a: Melmetal|Flying\n|move|p1a: Torterra|Stealth Rock|p2a: Melmetal\n|-sidestart|p2: Ivan9plus|move: Stealth Rock\n|move|p2a: Melmetal|Ice Punch|p1a: Torterra\n|-supereffective|p1a: Torterra\n|-damage|p1a: Torterra|12\/100\n|\n|-heal|p1a: Torterra|18\/100|[from] item: Leftovers\n|upkeep\n|turn|7\n|l|\u2606Grifin3\n|player|p1|\n|j|\u2606Grifin3\n|player|p1|Grifin3|marlon\n|\n|t:|1699679963\n|switch|p1a: Buizel|Buizel, M|100\/100\n|-damage|p1a: Buizel|88\/100|[from] Stealth Rock\n|move|p2a: Melmetal|Earthquake|p1a: Buizel\n|-damage|p1a: Buizel|42\/100\n|\n|upkeep\n|turn|8\n|\n|t:|1699679983\n|move|p1a: Buizel|Aqua Tail|p2a: Melmetal\n|-damage|p2a: Melmetal|52\/100\n|move|p2a: Melmetal|Thunder Punch|p1a: Buizel\n|-supereffective|p1a: Buizel\n|-damage|p1a: Buizel|0 fnt\n|faint|p1a: Buizel\n|\n|upkeep\n|\n|t:|1699679993\n|switch|p1a: Pikachu|Pikachu-Sinnoh, M|100\/100\n|-damage|p1a: Pikachu|88\/100|[from] Stealth Rock\n|turn|9\n|\n|t:|1699680020\n|move|p1a: Pikachu|Volt Tackle|p2a: Melmetal\n|-supereffective|p2a: Melmetal\n|-damage|p2a: Melmetal|14\/100\n|-damage|p1a: Pikachu|62\/100|[from] Recoil\n|move|p2a: Melmetal|Double Iron Bash|p1a: Pikachu\n|-resisted|p1a: Pikachu\n|-damage|p1a: Pikachu|2\/100\n|-status|p2a: Melmetal|par|[from] ability: Static|[of] p1a: Pikachu\n|-resisted|p1a: Pikachu\n|-damage|p1a: Pikachu|0 fnt\n|faint|p1a: Pikachu\n|-hitcount|p1: Pikachu|2\n|\n|upkeep\n|\n|t:|1699680048\n|switch|p1a: Staraptor|Staraptor, M|100\/100\n|-damage|p1a: Staraptor|75\/100|[from] Stealth Rock\n|-ability|p1a: Staraptor|Intimidate|boost\n|-unboost|p2a: Melmetal|atk|1\n|turn|10\n|\n|t:|1699680057\n|move|p1a: Staraptor|U-turn|p2a: Melmetal\n|-resisted|p2a: Melmetal\n|-damage|p2a: Melmetal|7\/100 par\n|\n|t:|1699680063\n|switch|p1a: Infernape|Infernape, F|100\/100|[from] U-turn\n|-damage|p1a: Infernape|88\/100|[from] Stealth Rock\n|move|p2a: Melmetal|Thunder Punch|p1a: Infernape\n|-damage|p1a: Infernape|56\/100\n|\n|upkeep\n|turn|11\n|\n|t:|1699680085\n|move|p1a: Infernape|Fire Punch|p2a: Melmetal\n|-damage|p2a: Melmetal|0 fnt\n|faint|p2a: Melmetal\n|\n|upkeep\n|\n|t:|1699680098\n|switch|p2a: Naganadel|Naganadel|100\/100\n|-sideend|p2: Ivan9plus|move: Toxic Spikes|[of] p2a: Naganadel\n|-damage|p2a: Naganadel|88\/100|[from] Stealth Rock\n|turn|12\n|\n|t:|1699680120\n|move|p2a: Naganadel|Nasty Plot|p2a: Naganadel\n|-boost|p2a: Naganadel|spa|2\n|move|p1a: Infernape|Fire Punch|p2a: Naganadel\n|-resisted|p2a: Naganadel\n|-damage|p2a: Naganadel|62\/100\n|\n|upkeep\n|turn|13\n|\n|t:|1699680137\n|-zpower|p2a: Naganadel\n|move|p2a: Naganadel|Devastating Drake|p1a: Infernape|[zeffect]\n|-damage|p1a: Infernape|0 fnt\n|faint|p1a: Infernape\n|-ability|p2a: Naganadel|Beast Boost|boost\n|-boost|p2a: Naganadel|spe|1\n|\n|upkeep\n|\n|t:|1699680152\n|switch|p1a: Torterra|Torterra, M|18\/100\n|-damage|p1a: Torterra|12\/100|[from] Stealth Rock\n|turn|14\n|\n|t:|1699680162\n|move|p2a: Naganadel|Sludge Wave|p1a: Torterra\n|-damage|p1a: Torterra|0 fnt\n|faint|p1a: Torterra\n|-ability|p2a: Naganadel|Beast Boost|boost\n|-boost|p2a: Naganadel|spe|1\n|\n|upkeep\n|\n|t:|1699680169\n|switch|p1a: Staraptor|Staraptor, M|75\/100\n|-damage|p1a: Staraptor|50\/100|[from] Stealth Rock\n|-ability|p1a: Staraptor|Intimidate|boost\n|-unboost|p2a: Naganadel|atk|1\n|turn|15\n|\n|t:|1699680183\n|-terastallize|p1a: Staraptor|Normal\n|move|p2a: Naganadel|Draco Meteor|p1a: Staraptor\n|-damage|p1a: Staraptor|0 fnt\n|-unboost|p2a: Naganadel|spa|2\n|faint|p1a: Staraptor\n|\n|win|Ivan9plus\n|c|\u2606Ivan9plus|GG\n","uploadtime":1699680222,"views":5,"p1id":"grifin3","p2id":"ivan9plus","formatid":"gen9nationaldexubers","rating":0,"private":0,"password":""}