{"id":"gen9nationaldexubers-1994612785","p1":"dreepy airlines","p2":"ANinjaDude","format":"[Gen 9] National Dex Ubers","log":"|j|\u2606dreepy airlines\n|j|\u2606ANinjaDude\n|t:|1700469356\n|gametype|singles\n|player|p1|dreepy airlines|waitress-gen6|\n|player|p2|ANinjaDude|volkner|\n|teamsize|p1|6\n|teamsize|p2|6\n|gen|9\n|tier|[Gen 9] National Dex Ubers\n|rule|HP Percentage Mod: HP is shown in percentages\n|rule|Endless Battle Clause: Forcing endless battles is banned\n|rule|OHKO Clause: OHKO moves are banned\n|rule|Evasion Moves Clause: Evasion moves are banned\n|rule|Evasion Items Clause: Evasion items are banned\n|rule|Species Clause: Limit one of each Pok\u00e9mon\n|rule|Sleep Clause Mod: Limit one foe put to sleep\n|rule|Mega Rayquaza Clause: You cannot mega evolve Rayquaza\n|clearpoke\n|poke|p1|Tapu Koko|\n|poke|p1|Ting-Lu|\n|poke|p1|Gholdengo|\n|poke|p1|Regieleki|\n|poke|p1|Toxapex, M|\n|poke|p1|Corviknight, M|\n|poke|p2|Landorus-Therian, M|\n|poke|p2|Celesteela|\n|poke|p2|Thundurus-Therian, M|\n|poke|p2|Dragonite, M|\n|poke|p2|Shaymin-Sky|\n|poke|p2|Iron Valiant|\n|teampreview\n|inactive|Battle timer is ON: inactive players will automatically lose when time's up. (requested by dreepy airlines)\n|inactive|ANinjaDude also wants the timer to be on.\n|c|\u2606dreepy airlines|oh ur flying still lmao\n|c|\u2606ANinjaDude|lol\n|\n|t:|1700469380\n|start\n|switch|p1a: Ting-Lu|Ting-Lu|100\/100\n|switch|p2a: Landorus|Landorus-Therian, M|100\/100\n|-ability|p2a: Landorus|Intimidate|boost\n|-unboost|p1a: Ting-Lu|atk|1\n|-ability|p1a: Ting-Lu|Vessel of Ruin\n|turn|1\n|c|\u2606ANinjaDude|i might have forgotten to change\n|\n|t:|1700469386\n|move|p2a: Landorus|Imprison|p2a: Landorus\n|-start|p2a: Landorus|move: Imprison\n|cant|p1a: Ting-Lu|move: Imprison|Stealth Rock\n|\n|upkeep\n|turn|2\n|c|\u2606dreepy airlines|wtf\n|c|\u2606ANinjaDude|no rocks for you\n|c|\u2606ANinjaDude|bad dead child\n|c|\u2606dreepy airlines|its fine i have spikes B)\n|\n|t:|1700469404\n|switch|p1a: Corviknight|Corviknight, M|100\/100\n|-ability|p1a: Corviknight|Pressure\n|move|p2a: Landorus|Stealth Rock|p1a: Corviknight\n|-sidestart|p1: dreepy airlines|move: Stealth Rock\n|\n|upkeep\n|turn|3\n|\n|t:|1700469407\n|move|p2a: Landorus|Knock Off|p1a: Corviknight\n|-damage|p1a: Corviknight|77\/100\n|-damage|p2a: Landorus|84\/100|[from] item: Rocky Helmet|[of] p1a: Corviknight\n|-enditem|p1a: Corviknight|Rocky Helmet|[from] move: Knock Off|[of] p2a: Landorus\n|move|p1a: Corviknight|Defog|p2a: Landorus\n|-unboost|p2a: Landorus|evasion|1\n|-sideend|p1: dreepy airlines|Stealth Rock|[from] move: Defog|[of] p1a: Corviknight\n|\n|upkeep\n|turn|4\n|\n|t:|1700469413\n|move|p2a: Landorus|Stealth Rock|p1a: Corviknight\n|-sidestart|p1: dreepy airlines|move: Stealth Rock\n|move|p1a: Corviknight|Brave Bird|p2a: Landorus\n|-damage|p2a: Landorus|39\/100\n|-damage|p1a: Corviknight|65\/100|[from] Recoil\n|\n|upkeep\n|turn|5\n|\n|t:|1700469418\n|move|p2a: Landorus|Explosion|p1a: Corviknight\n|-resisted|p1a: Corviknight\n|-damage|p1a: Corviknight|36\/100\n|faint|p2a: Landorus\n|move|p1a: Corviknight|Roost|p1a: Corviknight\n|-heal|p1a: Corviknight|86\/100\n|-singleturn|p1a: Corviknight|move: Roost\n|\n|upkeep\n|\n|t:|1700469428\n|switch|p2a: Iron Valiant|Iron Valiant|100\/100\n|-enditem|p2a: Iron Valiant|Booster Energy\n|-activate|p2a: Iron Valiant|ability: Quark Drive|[fromitem]\n|-start|p2a: Iron Valiant|quarkdrivespe\n|turn|6\n|\n|t:|1700469434\n|move|p2a: Iron Valiant|Encore|p1a: Corviknight\n|-start|p1a: Corviknight|Encore\n|move|p1a: Corviknight|Roost|p1a: Corviknight\n|-heal|p1a: Corviknight|100\/100\n|-singleturn|p1a: Corviknight|move: Roost\n|\n|upkeep\n|turn|7\n|\n|t:|1700469439\n|switch|p1a: Toxapex|Toxapex, M|100\/100\n|move|p2a: Iron Valiant|Calm Mind|p2a: Iron Valiant\n|-boost|p2a: Iron Valiant|spa|1\n|-boost|p2a: Iron Valiant|spd|1\n|\n|upkeep\n|turn|8\n|c|\u2606ANinjaDude|dont mind the cooking\n|\n|t:|1700469449\n|move|p2a: Iron Valiant|Moonblast|p1a: Toxapex\n|-resisted|p1a: Toxapex\n|-damage|p1a: Toxapex|72\/100\n|move|p1a: Toxapex|Haze|p1a: Toxapex\n|-clearallboost\n|\n|upkeep\n|turn|9\n|\n|t:|1700469454\n|switch|p1a: Gholdengo|Gholdengo|100\/100\n|-damage|p1a: Gholdengo|94\/100|[from] Stealth Rock\n|-item|p1a: Gholdengo|Air Balloon\n|move|p2a: Iron Valiant|Encore|p1a: Gholdengo\n|-immune|p1a: Gholdengo|[from] ability: Good as Gold\n|\n|upkeep\n|turn|10\n|\n|t:|1700469457\n|move|p2a: Iron Valiant|Moonblast|p1a: Gholdengo\n|-resisted|p1a: Gholdengo\n|-damage|p1a: Gholdengo|72\/100\n|-enditem|p1a: Gholdengo|Air Balloon\n|move|p1a: Gholdengo|Make It Rain|p2a: Iron Valiant\n|-supereffective|p2a: Iron Valiant\n|-damage|p2a: Iron Valiant|0 fnt\n|-unboost|p1a: Gholdengo|spa|1\n|faint|p2a: Iron Valiant\n|-end|p2a: Iron Valiant|Quark Drive|[silent]\n|\n|upkeep\n|\n|t:|1700469461\n|switch|p2a: Celesteela|Celesteela|100\/100\n|turn|11\n|\n|t:|1700469468\n|switch|p1a: Ting-Lu|Ting-Lu|100\/100\n|-damage|p1a: Ting-Lu|94\/100|[from] Stealth Rock\n|-ability|p1a: Ting-Lu|Vessel of Ruin\n|move|p2a: Celesteela|Fire Blast|p1a: Ting-Lu\n|-damage|p1a: Ting-Lu|79\/100\n|\n|-heal|p1a: Ting-Lu|85\/100|[from] item: Leftovers\n|upkeep\n|turn|12\n|\n|t:|1700469472\n|move|p2a: Celesteela|Air Slash|p1a: Ting-Lu\n|-damage|p1a: Ting-Lu|71\/100\n|move|p1a: Ting-Lu|Stealth Rock|p2a: Celesteela\n|-sidestart|p2: ANinjaDude|move: Stealth Rock\n|\n|-heal|p1a: Ting-Lu|77\/100|[from] item: Leftovers\n|upkeep\n|turn|13\n|c|\u2606ANinjaDude|you should use spikes\n|c|\u2606ANinjaDude|trust\n|c|\u2606dreepy airlines|bet\n|\n|t:|1700469486\n|move|p2a: Celesteela|Air Slash|p1a: Ting-Lu\n|-damage|p1a: Ting-Lu|63\/100\n|move|p1a: Ting-Lu|Spikes|p2a: Celesteela\n|-sidestart|p2: ANinjaDude|Spikes\n|\n|-heal|p1a: Ting-Lu|70\/100|[from] item: Leftovers\n|upkeep\n|turn|14\n|\n|t:|1700469490\n|move|p2a: Celesteela|Meteor Beam||[still]\n|-prepare|p2a: Celesteela|Meteor Beam\n|-boost|p2a: Celesteela|spa|1\n|-enditem|p2a: Celesteela|Power Herb\n|-anim|p2a: Celesteela|Meteor Beam|p1a: Ting-Lu\n|-resisted|p1a: Ting-Lu\n|-damage|p1a: Ting-Lu|58\/100\n|move|p1a: Ting-Lu|Ruination|p2a: Celesteela\n|-damage|p2a: Celesteela|51\/100\n|\n|-heal|p1a: Ting-Lu|65\/100|[from] item: Leftovers\n|upkeep\n|turn|15\n|\n|t:|1700469498\n|switch|p1a: Tapu Koko|Tapu Koko|100\/100\n|-fieldstart|move: Electric Terrain|[from] ability: Electric Surge|[of] p1a: Tapu Koko\n|move|p2a: Celesteela|Air Slash|p1a: Tapu Koko|[miss]\n|-miss|p2a: Celesteela|p1a: Tapu Koko\n|\n|upkeep\n|turn|16\n|c|\u2606ANinjaDude|you should flinch yourself, now\n|c|\u2606dreepy airlines|no\n|\n|t:|1700469519\n|-terastallize|p2a: Celesteela|Dragon\n|move|p1a: Tapu Koko|Thunderbolt|p2a: Celesteela\n|-resisted|p2a: Celesteela\n|-damage|p2a: Celesteela|25\/100\n|move|p2a: Celesteela|Fire Blast|p1a: Tapu Koko\n|-damage|p1a: Tapu Koko|26\/100\n|\n|upkeep\n|turn|17\n|\n|t:|1700469524\n|move|p1a: Tapu Koko|Dazzling Gleam|p2a: Celesteela\n|-supereffective|p2a: Celesteela\n|-damage|p2a: Celesteela|0 fnt\n|faint|p2a: Celesteela\n|\n|upkeep\n|\n|t:|1700469527\n|switch|p2a: Thundurus|Thundurus-Therian, M|100\/100\n|turn|18\n|c|\u2606dreepy airlines|just autotomize\n|\n|t:|1700469559\n|move|p1a: Tapu Koko|Dazzling Gleam|p2a: Thundurus\n|-damage|p2a: Thundurus|50\/100\n|move|p2a: Thundurus|Substitute|p2a: Thundurus\n|-start|p2a: Thundurus|Substitute\n|-damage|p2a: Thundurus|26\/100\n|\n|upkeep\n|turn|19\n|\n|t:|1700469565\n|move|p1a: Tapu Koko|Dazzling Gleam|p2a: Thundurus\n|-end|p2a: Thundurus|Substitute\n|move|p2a: Thundurus|Thunderbolt|p1a: Tapu Koko\n|-resisted|p1a: Tapu Koko\n|-damage|p1a: Tapu Koko|0 fnt\n|faint|p1a: Tapu Koko\n|\n|-fieldend|move: Electric Terrain\n|upkeep\n|\n|t:|1700469575\n|switch|p1a: Regieleki|Regieleki|100\/100\n|-damage|p1a: Regieleki|88\/100|[from] Stealth Rock\n|turn|20\n|\n|t:|1700469579\n|move|p1a: Regieleki|Ancient Power|p2a: Thundurus\n|-supereffective|p2a: Thundurus\n|-damage|p2a: Thundurus|0 fnt\n|faint|p2a: Thundurus\n|\n|upkeep\n|\n|t:|1700469595\n|switch|p2a: Dragonite|Dragonite, M|100\/100\n|turn|21\n|\n|t:|1700469599\n|move|p1a: Regieleki|Ancient Power|p2a: Dragonite\n|-supereffective|p2a: Dragonite\n|-damage|p2a: Dragonite|75\/100\n|move|p2a: Dragonite|Earthquake|p1a: Regieleki\n|-supereffective|p1a: Regieleki\n|-damage|p1a: Regieleki|0 fnt\n|faint|p1a: Regieleki\n|\n|upkeep\n|\n|t:|1700469608\n|switch|p1a: Toxapex|Toxapex, M|100\/100\n|turn|22\n|\n|t:|1700469611\n|move|p2a: Dragonite|Earthquake|p1a: Toxapex\n|-supereffective|p1a: Toxapex\n|-damage|p1a: Toxapex|53\/100\n|move|p1a: Toxapex|Toxic|p2a: Dragonite\n|-status|p2a: Dragonite|tox\n|\n|-damage|p2a: Dragonite|69\/100 tox|[from] psn\n|upkeep\n|turn|23\n|\n|t:|1700469614\n|switch|p1a: Corviknight|Corviknight, M|100\/100\n|-damage|p1a: Corviknight|88\/100|[from] Stealth Rock\n|-ability|p1a: Corviknight|Pressure\n|move|p2a: Dragonite|Dragon Dance|p2a: Dragonite\n|-boost|p2a: Dragonite|atk|1\n|-boost|p2a: Dragonite|spe|1\n|\n|-damage|p2a: Dragonite|57\/100 tox|[from] psn\n|upkeep\n|turn|24\n|\n|t:|1700469621\n|move|p2a: Dragonite|Roost|p2a: Dragonite\n|-heal|p2a: Dragonite|100\/100 tox\n|-singleturn|p2a: Dragonite|move: Roost\n|move|p1a: Corviknight|Brave Bird|p2a: Dragonite\n|-damage|p2a: Dragonite|80\/100 tox\n|-damage|p1a: Corviknight|82\/100|[from] Recoil\n|\n|-damage|p2a: Dragonite|61\/100 tox|[from] psn\n|upkeep\n|turn|25\n|\n|t:|1700469624\n|move|p2a: Dragonite|Extreme Speed|p1a: Corviknight\n|-resisted|p1a: Corviknight\n|-damage|p1a: Corviknight|68\/100\n|move|p1a: Corviknight|Brave Bird|p2a: Dragonite\n|-damage|p2a: Dragonite|18\/100 tox\n|-damage|p1a: Corviknight|57\/100|[from] Recoil\n|\n|-damage|p2a: Dragonite|0 fnt|[from] psn\n|faint|p2a: Dragonite\n|upkeep\n|\n|t:|1700469628\n|switch|p2a: Shaymin|Shaymin-Sky|100\/100\n|-damage|p2a: Shaymin|76\/100|[from] Stealth Rock\n|turn|26\n|c|\u2606dreepy airlines|wait are z moves legal\n|c|\u2606ANinjaDude|no\n|c|\u2606ANinjaDude|why\n|c|\u2606dreepy airlines|phew\n|c|\u2606dreepy airlines|thought z celeb\n|\n|t:|1700469642\n|move|p2a: Shaymin|Air Slash|p1a: Corviknight\n|-resisted|p1a: Corviknight\n|-damage|p1a: Corviknight|39\/100\n|cant|p1a: Corviknight|flinch\n|\n|upkeep\n|turn|27\n|c|\u2606ANinjaDude|fair\n|\n|t:|1700469648\n|move|p2a: Shaymin|Air Slash|p1a: Corviknight\n|-resisted|p1a: Corviknight\n|-damage|p1a: Corviknight|22\/100\n|move|p1a: Corviknight|Roost|p1a: Corviknight\n|-heal|p1a: Corviknight|72\/100\n|-singleturn|p1a: Corviknight|move: Roost\n|\n|upkeep\n|turn|28\n|\n|t:|1700469653\n|move|p2a: Shaymin|Air Slash|p1a: Corviknight\n|-resisted|p1a: Corviknight\n|-damage|p1a: Corviknight|56\/100\n|cant|p1a: Corviknight|flinch\n|\n|upkeep\n|turn|29\n|\n|t:|1700469658\n|move|p2a: Shaymin|Air Slash|p1a: Corviknight\n|-resisted|p1a: Corviknight\n|-damage|p1a: Corviknight|37\/100\n|move|p1a: Corviknight|Roost|p1a: Corviknight\n|-heal|p1a: Corviknight|87\/100\n|-singleturn|p1a: Corviknight|move: Roost\n|\n|upkeep\n|turn|30\n|\n|t:|1700469660\n|move|p2a: Shaymin|Air Slash|p1a: Corviknight\n|-resisted|p1a: Corviknight\n|-damage|p1a: Corviknight|71\/100\n|move|p1a: Corviknight|Brave Bird|p2a: Shaymin\n|-supereffective|p2a: Shaymin\n|-damage|p2a: Shaymin|0 fnt\n|faint|p2a: Shaymin\n|-damage|p1a: Corviknight|50\/100|[from] Recoil\n|\n|win|dreepy airlines\n|c|\u2606dreepy airlines|gg\n|c|\u2606ANinjaDude|ggs\n|c|\u2606ANinjaDude|0-3 rn\n|c|\u2606ANinjaDude|idk what to do ngl\n","uploadtime":1700469664,"views":4,"p1id":"dreepyairlines","p2id":"aninjadude","formatid":"gen9nationaldexubers","rating":0,"private":0,"password":""}