{"id":"gen9nationaldexubers-1990812471","p1":"Oinkman","p2":"Yami Tayori","format":"[Gen 9] National Dex Ubers","log":"|j|\u2606Oinkman\n|j|\u2606Yami Tayori\n|t:|1700003367\n|gametype|singles\n|player|p1|Oinkman|sage|1145\n|player|p2|Yami Tayori|steven|1144\n|teamsize|p1|6\n|teamsize|p2|6\n|gen|9\n|tier|[Gen 9] National Dex Ubers\n|rated|\n|rule|HP Percentage Mod: HP is shown in percentages\n|rule|Endless Battle Clause: Forcing endless battles is banned\n|rule|OHKO Clause: OHKO moves are banned\n|rule|Evasion Moves Clause: Evasion moves are banned\n|rule|Evasion Items Clause: Evasion items are banned\n|rule|Species Clause: Limit one of each Pok\u00e9mon\n|rule|Sleep Clause Mod: Limit one foe put to sleep\n|rule|Mega Rayquaza Clause: You cannot mega evolve Rayquaza\n|clearpoke\n|poke|p1|Glimmora, F|\n|poke|p1|Grimmsnarl, M|\n|poke|p1|Gliscor, F|\n|poke|p1|Metagross|\n|poke|p1|Serperior, F|\n|poke|p1|Skeledirge, M|\n|poke|p2|Cyclizar, M|\n|poke|p2|Kommo-o, F|\n|poke|p2|Baxcalibur, M|\n|poke|p2|Dragapult, F|\n|poke|p2|Altaria, F|\n|poke|p2|Goodra-Hisui, M|\n|teampreview\n|c|\u2606Oinkman|hi\n|\n|t:|1700003387\n|start\n|switch|p1a: Glimmora|Glimmora, F|100\/100\n|switch|p2a: Cyclizar|Cyclizar, M|100\/100\n|turn|1\n|\n|t:|1700003392\n|move|p2a: Cyclizar|Shed Tail|p2a: Cyclizar\n|-start|p2a: Cyclizar|Substitute|[from] move: Shed Tail\n|-damage|p2a: Cyclizar|50\/100\n|\n|t:|1700003403\n|switch|p2a: Fairy|Altaria, F|100\/100|[from] Shed Tail\n|move|p1a: Glimmora|Stealth Rock|p2a: Fairy\n|-sidestart|p2: Yami Tayori|move: Stealth Rock\n|\n|upkeep\n|turn|2\n|\n|t:|1700003409\n|detailschange|p2a: Fairy|Altaria-Mega, F\n|-mega|p2a: Fairy|Altaria|Altarianite\n|move|p2a: Fairy|Dragon Dance|p2a: Fairy\n|-boost|p2a: Fairy|atk|1\n|-boost|p2a: Fairy|spe|1\n|move|p1a: Glimmora|Power Gem|p2a: Fairy\n|-end|p2a: Fairy|Substitute\n|\n|upkeep\n|turn|3\n|inactive|Battle timer is ON: inactive players will automatically lose when time's up. (requested by Oinkman)\n|\n|t:|1700003472\n|move|p2a: Fairy|Earthquake|p1a: Glimmora\n|-supereffective|p1a: Glimmora\n|-crit|p1a: Glimmora\n|-enditem|p1a: Glimmora|Focus Sash\n|-damage|p1a: Glimmora|1\/100\n|-activate|p1a: Glimmora|ability: Toxic Debris\n|-sidestart|p2: Yami Tayori|move: Toxic Spikes\n|move|p1a: Glimmora|Rock Polish|p1a: Glimmora\n|-boost|p1a: Glimmora|spe|2\n|\n|upkeep\n|turn|4\n|\n|t:|1700003481\n|move|p1a: Glimmora|Sludge Wave|p2a: Fairy\n|-supereffective|p2a: Fairy\n|-damage|p2a: Fairy|0 fnt\n|faint|p2a: Fairy\n|\n|upkeep\n|c|\u2606Yami Tayori|Oh hello!\n|c|\u2606Yami Tayori|Ididnt't see you in the chat!\n|c|\u2606Oinkman|np^^\n|c|\u2606Yami Tayori|How you going? : )\n|inactive|Yami Tayori has 120 seconds left.\n|c|\u2606Oinkman|fine so far, but pre last match today^^\n|\n|t:|1700003522\n|switch|p2a: Cyclizar|Cyclizar, M|84\/100\n|-damage|p2a: Cyclizar|71\/100|[from] Stealth Rock\n|-status|p2a: Cyclizar|psn\n|turn|5\n|c|\u2606Oinkman|and you?\n|\n|t:|1700003529\n|move|p2a: Cyclizar|Rapid Spin|p1a: Glimmora\n|-resisted|p1a: Glimmora\n|-damage|p1a: Glimmora|0 fnt\n|-boost|p2a: Cyclizar|spe|1\n|-activate|p1a: Glimmora|ability: Toxic Debris\n|-sidestart|p2: Yami Tayori|move: Toxic Spikes\n|-sideend|p2: Yami Tayori|Toxic Spikes|[from] move: Rapid Spin|[of] p2a: Cyclizar\n|-sideend|p2: Yami Tayori|Stealth Rock|[from] move: Rapid Spin|[of] p2a: Cyclizar\n|faint|p1a: Glimmora\n|\n|-damage|p2a: Cyclizar|59\/100 psn|[from] psn\n|upkeep\n|\n|t:|1700003540\n|switch|p1a: Grimmsnarl|Grimmsnarl, M|100\/100\n|turn|6\n|\n|t:|1700003545\n|switch|p2a: Goodra|Goodra-Hisui, M|100\/100\n|move|p1a: Grimmsnarl|Reflect|p1a: Grimmsnarl\n|-sidestart|p1: Oinkman|Reflect\n|\n|upkeep\n|turn|7\n|c|\u2606Yami Tayori|Just liosing lol\n|\n|t:|1700003555\n|move|p1a: Grimmsnarl|Light Screen|p1a: Grimmsnarl\n|-sidestart|p1: Oinkman|move: Light Screen\n|move|p2a: Goodra|Flash Cannon|p1a: Grimmsnarl\n|-supereffective|p1a: Grimmsnarl\n|-damage|p1a: Grimmsnarl|68\/100\n|\n|upkeep\n|turn|8\n|\n|t:|1700003561\n|switch|p1a: Skeledirge|Skeledirge, M|100\/100\n|move|p2a: Goodra|Flash Cannon|p1a: Skeledirge\n|-resisted|p1a: Skeledirge\n|-damage|p1a: Skeledirge|91\/100\n|\n|-heal|p1a: Skeledirge|97\/100|[from] item: Leftovers\n|upkeep\n|turn|9\n|\n|t:|1700003568\n|move|p1a: Skeledirge|Torch Song|p2a: Goodra\n|-damage|p2a: Goodra|85\/100\n|-boost|p1a: Skeledirge|spa|1\n|move|p2a: Goodra|Thunderbolt|p1a: Skeledirge\n|-damage|p1a: Skeledirge|84\/100\n|\n|-heal|p1a: Skeledirge|90\/100|[from] item: Leftovers\n|upkeep\n|turn|10\n|\n|t:|1700003577\n|move|p1a: Skeledirge|Torch Song|p2a: Goodra\n|-damage|p2a: Goodra|60\/100\n|-boost|p1a: Skeledirge|spa|1\n|move|p2a: Goodra|Thunderbolt|p1a: Skeledirge\n|-damage|p1a: Skeledirge|78\/100\n|\n|-heal|p1a: Skeledirge|84\/100|[from] item: Leftovers\n|upkeep\n|turn|11\n|c|\u2606Yami Tayori|I never beat Skeledirge\n|\n|t:|1700003590\n|move|p1a: Skeledirge|Will-O-Wisp|p2a: Goodra\n|-status|p2a: Goodra|brn\n|move|p2a: Goodra|Thunderbolt|p1a: Skeledirge\n|-damage|p1a: Skeledirge|72\/100\n|-status|p1a: Skeledirge|par\n|\n|-heal|p1a: Skeledirge|78\/100 par|[from] item: Leftovers\n|-damage|p2a: Goodra|54\/100 brn|[from] brn\n|upkeep\n|turn|12\n|\n|t:|1700003602\n|move|p2a: Goodra|Thunderbolt|p1a: Skeledirge\n|-damage|p1a: Skeledirge|67\/100 par\n|move|p1a: Skeledirge|Hex|p2a: Goodra\n|-crit|p2a: Goodra\n|-damage|p2a: Goodra|0 fnt\n|faint|p2a: Goodra\n|\n|-heal|p1a: Skeledirge|73\/100 par|[from] item: Leftovers\n|upkeep\n|\n|t:|1700003606\n|switch|p2a: Cyclizar|Cyclizar, M|92\/100 psn\n|turn|13\n|c|\u2606Oinkman|ye its kinda evil not gonna lie\n|\n|t:|1700003623\n|move|p2a: Cyclizar|Shed Tail|p2a: Cyclizar\n|-start|p2a: Cyclizar|Substitute|[from] move: Shed Tail\n|-damage|p2a: Cyclizar|42\/100 psn\n|\n|t:|1700003626\n|switch|p2a: Kommo-o|Kommo-o, F|100\/100|[from] Shed Tail\n|move|p1a: Skeledirge|Torch Song|p2a: Kommo-o\n|-immune|p2a: Kommo-o|[from] ability: Soundproof\n|\n|-heal|p1a: Skeledirge|79\/100 par|[from] item: Leftovers\n|-sideend|p1: Oinkman|Reflect\n|upkeep\n|turn|14\n|\n|t:|1700003646\n|move|p2a: Kommo-o|Clangorous Soul|p2a: Kommo-o\n|-boost|p2a: Kommo-o|atk|1\n|-boost|p2a: Kommo-o|def|1\n|-boost|p2a: Kommo-o|spa|1\n|-boost|p2a: Kommo-o|spd|1\n|-boost|p2a: Kommo-o|spe|1\n|-damage|p2a: Kommo-o|68\/100\n|cant|p1a: Skeledirge|par\n|\n|-heal|p2a: Kommo-o|74\/100|[from] item: Leftovers\n|-heal|p1a: Skeledirge|85\/100 par|[from] item: Leftovers\n|-sideend|p1: Oinkman|move: Light Screen\n|upkeep\n|turn|15\n|\n|t:|1700003663\n|move|p2a: Kommo-o|Breaking Swipe|p1a: Skeledirge\n|-damage|p1a: Skeledirge|65\/100 par\n|-unboost|p1a: Skeledirge|atk|1\n|move|p1a: Skeledirge|Hex|p2a: Kommo-o\n|-end|p2a: Kommo-o|Substitute\n|\n|-heal|p2a: Kommo-o|80\/100|[from] item: Leftovers\n|-heal|p1a: Skeledirge|71\/100 par|[from] item: Leftovers\n|upkeep\n|turn|16\n|\n|t:|1700003673\n|move|p2a: Kommo-o|Breaking Swipe|p1a: Skeledirge\n|-damage|p1a: Skeledirge|49\/100 par\n|-unboost|p1a: Skeledirge|atk|1\n|move|p1a: Skeledirge|Will-O-Wisp|p2a: Kommo-o\n|-status|p2a: Kommo-o|brn\n|\n|-heal|p2a: Kommo-o|86\/100 brn|[from] item: Leftovers\n|-heal|p1a: Skeledirge|56\/100 par|[from] item: Leftovers\n|-damage|p2a: Kommo-o|80\/100 brn|[from] brn\n|upkeep\n|turn|17\n|c|\u2606Oinkman|ye the thing is it has unaware, so your buffs are a waste of effort against it\n|c|\u2606Yami Tayori|Imma just die here ya know\n|inactive|Oinkman has 120 seconds left.\n|\n|t:|1700003698\n|move|p1a: Skeledirge|Protect|p1a: Skeledirge\n|-singleturn|p1a: Skeledirge|Protect\n|move|p2a: Kommo-o|Thunder Punch|p1a: Skeledirge\n|-activate|p1a: Skeledirge|move: Protect\n|\n|-heal|p2a: Kommo-o|86\/100 brn|[from] item: Leftovers\n|-heal|p1a: Skeledirge|62\/100 par|[from] item: Leftovers\n|-damage|p2a: Kommo-o|80\/100 brn|[from] brn\n|upkeep\n|turn|18\n|\n|t:|1700003712\n|move|p2a: Kommo-o|Clangorous Soul|p2a: Kommo-o\n|-boost|p2a: Kommo-o|atk|1\n|-boost|p2a: Kommo-o|def|1\n|-boost|p2a: Kommo-o|spa|1\n|-boost|p2a: Kommo-o|spd|1\n|-boost|p2a: Kommo-o|spe|1\n|-damage|p2a: Kommo-o|47\/100 brn\n|cant|p1a: Skeledirge|par\n|\n|-heal|p2a: Kommo-o|53\/100 brn|[from] item: Leftovers\n|-heal|p1a: Skeledirge|68\/100 par|[from] item: Leftovers\n|-damage|p2a: Kommo-o|47\/100 brn|[from] brn\n|upkeep\n|turn|19\n|\n|t:|1700003724\n|move|p2a: Kommo-o|Breaking Swipe|p1a: Skeledirge\n|-damage|p1a: Skeledirge|58\/100 par\n|-unboost|p1a: Skeledirge|atk|1\n|move|p1a: Skeledirge|Hex|p2a: Kommo-o\n|-damage|p2a: Kommo-o|0 fnt\n|faint|p2a: Kommo-o\n|\n|-heal|p1a: Skeledirge|64\/100 par|[from] item: Leftovers\n|upkeep\n|c|\u2606Yami Tayori|The way is beat it up\n|\n|t:|1700003733\n|switch|p2a: Miss Phantom|Dragapult, F|100\/100\n|turn|20\n|c|\u2606Oinkman|yep, garchomp for example can be dankgerous\n|inactive|Oinkman has 120 seconds left.\n|\n|t:|1700003753\n|move|p2a: Miss Phantom|Beat Up|p1a: Skeledirge\n|-supereffective|p1a: Skeledirge\n|-damage|p1a: Skeledirge|55\/100 par\n|-supereffective|p1a: Skeledirge\n|-damage|p1a: Skeledirge|45\/100 par\n|-hitcount|p1a: Skeledirge|2\n|cant|p1a: Skeledirge|par\n|\n|-heal|p1a: Skeledirge|51\/100 par|[from] item: Leftovers\n|upkeep\n|turn|21\n|c|\u2606Yami Tayori|I should have started the game with this one\n|inactive|Oinkman has 120 seconds left.\n|\n|t:|1700003764\n|move|p2a: Miss Phantom|Beat Up|p1a: Skeledirge\n|-supereffective|p1a: Skeledirge\n|-damage|p1a: Skeledirge|43\/100 par\n|-supereffective|p1a: Skeledirge\n|-damage|p1a: Skeledirge|33\/100 par\n|-hitcount|p1a: Skeledirge|2\n|cant|p1a: Skeledirge|par\n|\n|-heal|p1a: Skeledirge|39\/100 par|[from] item: Leftovers\n|upkeep\n|turn|22\n|\n|t:|1700003772\n|move|p2a: Miss Phantom|Beat Up|p1a: Skeledirge\n|-supereffective|p1a: Skeledirge\n|-damage|p1a: Skeledirge|31\/100 par\n|-supereffective|p1a: Skeledirge\n|-damage|p1a: Skeledirge|22\/100 par\n|-hitcount|p1a: Skeledirge|2\n|move|p1a: Skeledirge|Will-O-Wisp|p2a: Miss Phantom\n|-status|p2a: Miss Phantom|brn\n|\n|-heal|p1a: Skeledirge|28\/100 par|[from] item: Leftovers\n|-damage|p2a: Miss Phantom|95\/100 brn|[from] brn\n|upkeep\n|turn|23\n|\n|t:|1700003785\n|move|p1a: Skeledirge|Protect|p1a: Skeledirge\n|-singleturn|p1a: Skeledirge|Protect\n|move|p2a: Miss Phantom|Beat Up|p1a: Skeledirge\n|-activate|p1a: Skeledirge|move: Protect\n|\n|-heal|p1a: Skeledirge|34\/100 par|[from] item: Leftovers\n|-damage|p2a: Miss Phantom|89\/100 brn|[from] brn\n|upkeep\n|turn|24\n|\n|t:|1700003793\n|move|p2a: Miss Phantom|Beat Up|p1a: Skeledirge\n|-supereffective|p1a: Skeledirge\n|-damage|p1a: Skeledirge|29\/100 par\n|-supereffective|p1a: Skeledirge\n|-damage|p1a: Skeledirge|25\/100 par\n|-hitcount|p1a: Skeledirge|2\n|cant|p1a: Skeledirge|par\n|\n|-heal|p1a: Skeledirge|31\/100 par|[from] item: Leftovers\n|-damage|p2a: Miss Phantom|83\/100 brn|[from] brn\n|upkeep\n|turn|25\n|\n|t:|1700003801\n|cant|p1a: Skeledirge|par\n|move|p2a: Miss Phantom|Dragon Darts|p1a: Skeledirge\n|-damage|p1a: Skeledirge|22\/100 par\n|-anim|p2a: Miss Phantom|Dragon Darts|p1a: Skeledirge\n|-damage|p1a: Skeledirge|13\/100 par\n|\n|-heal|p1a: Skeledirge|19\/100 par|[from] item: Leftovers\n|-damage|p2a: Miss Phantom|77\/100 brn|[from] brn\n|upkeep\n|turn|26\n|\n|t:|1700003810\n|move|p2a: Miss Phantom|Dragon Darts|p1a: Skeledirge\n|-damage|p1a: Skeledirge|10\/100 par\n|-anim|p2a: Miss Phantom|Dragon Darts|p1a: Skeledirge\n|-damage|p1a: Skeledirge|2\/100 par\n|move|p1a: Skeledirge|Hex|p2a: Miss Phantom\n|-supereffective|p2a: Miss Phantom\n|-damage|p2a: Miss Phantom|0 fnt\n|faint|p2a: Miss Phantom\n|\n|-heal|p1a: Skeledirge|8\/100 par|[from] item: Leftovers\n|upkeep\n|c|\u2606Yami Tayori|PLIIIIIIS\n|c|\u2606Oinkman|dang\n|\n|t:|1700003820\n|switch|p2a: Mister Fridge|Baxcalibur, M|100\/100\n|turn|27\n|\n|t:|1700003832\n|-terastallize|p2a: Mister Fridge|Dragon\n|move|p2a: Mister Fridge|Earthquake|p1a: Skeledirge\n|-supereffective|p1a: Skeledirge\n|-damage|p1a: Skeledirge|0 fnt\n|faint|p1a: Skeledirge\n|\n|upkeep\n|c|\u2606Oinkman|gz\n|\n|t:|1700003842\n|switch|p1a: Grimmsnarl|Grimmsnarl, M|68\/100\n|turn|28\n|\n|t:|1700003852\n|move|p1a: Grimmsnarl|Reflect|p1a: Grimmsnarl\n|-sidestart|p1: Oinkman|Reflect\n|move|p2a: Mister Fridge|Dragon Dance|p2a: Mister Fridge\n|-boost|p2a: Mister Fridge|atk|1\n|-boost|p2a: Mister Fridge|spe|1\n|\n|upkeep\n|turn|29\n|\n|t:|1700003857\n|move|p1a: Grimmsnarl|Taunt|p2a: Mister Fridge\n|-start|p2a: Mister Fridge|move: Taunt\n|move|p2a: Mister Fridge|Icicle Spear|p1a: Grimmsnarl\n|-damage|p1a: Grimmsnarl|57\/100\n|-damage|p1a: Grimmsnarl|45\/100\n|-damage|p1a: Grimmsnarl|35\/100\n|-damage|p1a: Grimmsnarl|23\/100\n|-damage|p1a: Grimmsnarl|12\/100\n|-hitcount|p1a: Grimmsnarl|5\n|\n|upkeep\n|turn|30\n|\n|t:|1700003868\n|move|p2a: Mister Fridge|Icicle Spear|p1a: Grimmsnarl\n|-damage|p1a: Grimmsnarl|0 fnt\n|faint|p1a: Grimmsnarl\n|-hitcount|p1: Grimmsnarl|1\n|\n|upkeep\n|c|\u2606Yami Tayori|YES\n|\n|t:|1700003879\n|switch|p1a: Serperior|Serperior, F|100\/100\n|turn|31\n|c|\u2606Yami Tayori|GO BAAAAAAAX!\n|\n|t:|1700003888\n|move|p2a: Mister Fridge|Icicle Spear|p1a: Serperior\n|-supereffective|p1a: Serperior\n|-damage|p1a: Serperior|74\/100\n|-supereffective|p1a: Serperior\n|-crit|p1a: Serperior\n|-damage|p1a: Serperior|0 fnt\n|faint|p1a: Serperior\n|-hitcount|p1: Serperior|2\n|\n|-end|p2a: Mister Fridge|move: Taunt\n|upkeep\n|c|\u2606Oinkman|nooo its mr fridge xO\n|\n|t:|1700003902\n|switch|p1a: Gliscor|Gliscor, F|100\/100\n|turn|32\n|\n|t:|1700003909\n|move|p1a: Gliscor|Protect|p1a: Gliscor\n|-singleturn|p1a: Gliscor|Protect\n|move|p2a: Mister Fridge|Icicle Spear|p1a: Gliscor\n|-activate|p1a: Gliscor|move: Protect\n|\n|-status|p1a: Gliscor|tox|[from] item: Toxic Orb\n|upkeep\n|turn|33\n|\n|t:|1700003915\n|move|p2a: Mister Fridge|Icicle Spear|p1a: Gliscor\n|-supereffective|p1a: Gliscor\n|-damage|p1a: Gliscor|61\/100 tox\n|-supereffective|p1a: Gliscor\n|-damage|p1a: Gliscor|20\/100 tox\n|-supereffective|p1a: Gliscor\n|-damage|p1a: Gliscor|0 fnt\n|faint|p1a: Gliscor\n|-hitcount|p1: Gliscor|3\n|\n|upkeep\n|c|\u2606Yami Tayori|Mr Fridge aka Bax\n|\n|t:|1700003922\n|switch|p1a: Metagross|Metagross|100\/100\n|turn|34\n|\n|t:|1700003928\n|detailschange|p1a: Metagross|Metagross-Mega\n|-mega|p1a: Metagross|Metagross|Metagrossite\n|move|p2a: Mister Fridge|Earthquake|p1a: Metagross\n|-supereffective|p1a: Metagross\n|-damage|p1a: Metagross|53\/100\n|move|p1a: Metagross|Power-Up Punch|p2a: Mister Fridge\n|-damage|p2a: Mister Fridge|81\/100\n|-boost|p1a: Metagross|atk|1\n|\n|-heal|p2a: Mister Fridge|87\/100|[from] item: Leftovers\n|upkeep\n|turn|35\n|\n|t:|1700003940\n|move|p2a: Mister Fridge|Earthquake|p1a: Metagross\n|-supereffective|p1a: Metagross\n|-damage|p1a: Metagross|5\/100\n|move|p1a: Metagross|Psycho Cut|p2a: Mister Fridge\n|-damage|p2a: Mister Fridge|27\/100\n|\n|-heal|p2a: Mister Fridge|34\/100|[from] item: Leftovers\n|-sideend|p1: Oinkman|Reflect\n|upkeep\n|turn|36\n|c|\u2606Yami Tayori|PLEASE MISTER FRIDGE!\n|c|\u2606Yami Tayori|AHAHAHAHAHAHAHA\n|\n|t:|1700003955\n|move|p1a: Metagross|Bullet Punch|p2a: Mister Fridge\n|-damage|p2a: Mister Fridge|0 fnt\n|faint|p2a: Mister Fridge\n|\n|upkeep\n|c|\u2606Oinkman|what a match xD\n|c|\u2606Oinkman|gg\n|\n|t:|1700003959\n|switch|p2a: Cyclizar|Cyclizar, M|75\/100 psn\n|turn|37\n|c|\u2606Yami Tayori|Yeah\n|c|\u2606Yami Tayori|Gg\n|\n|t:|1700003969\n|move|p1a: Metagross|Bullet Punch|p2a: Cyclizar\n|-damage|p2a: Cyclizar|11\/100 psn\n|move|p2a: Cyclizar|Outrage|p1a: Metagross\n|-resisted|p1a: Metagross\n|-damage|p1a: Metagross|0 fnt\n|faint|p1a: Metagross\n|\n|win|Yami Tayori\n|raw|Oinkman's rating: 1145 &rarr; <strong>1120<\/strong><br \/>(-25 for losing)\n|raw|Yami Tayori's rating: 1144 &rarr; <strong>1169<\/strong><br \/>(+25 for winning)\n|c|\u2606Oinkman|dang i forgot that one\n|c|\u2606Oinkman|xD\n|c|\u2606Yami Tayori|NOOOO FUCKING WAAAAY!\n|c|\u2606Yami Tayori|AHAHAHAHAHAHAHAHAHAHHAHA\n|c|\u2606Oinkman|xD\n|c|\u2606Yami Tayori|CAN'T BELIEVE I DID IT!\n|c|\u2606Yami Tayori|CYCLIZAR SURVIIIIIIIIIVALL\n|c|\u2606Yami Tayori|This is my byke\n|c|\u2606Oinkman|very nice battle, was fun af^^\n|c|\u2606Yami Tayori|Really nice\n|c|\u2606Oinkman|have a good one^^ cya^^\n|c|\u2606Yami Tayori|Thank you for the battle, honorable miss or mister\n|l|\u2606Oinkman\n|c|\u2606Yami Tayori|Byeee\n","uploadtime":1700004051,"views":11,"p1id":"oinkman","p2id":"yamitayori","formatid":"gen9nationaldexubers","rating":1120,"private":0,"password":""}