{"id":"gen9nationaldexubers-1992285267","p1":"Wally Nix","p2":"hhhjdhkocdhmmm","format":"[Gen 9] National Dex Ubers","log":"|j|\u2606Wally Nix\n|j|\u2606hhhjdhkocdhmmm\n|t:|1700170922\n|gametype|singles\n|player|p1|Wally Nix|steven|1123\n|player|p2|hhhjdhkocdhmmm|iris-gen5bw2|1124\n|teamsize|p1|6\n|teamsize|p2|6\n|gen|9\n|tier|[Gen 9] National Dex Ubers\n|rated|\n|rule|HP Percentage Mod: HP is shown in percentages\n|rule|Endless Battle Clause: Forcing endless battles is banned\n|rule|OHKO Clause: OHKO moves are banned\n|rule|Evasion Moves Clause: Evasion moves are banned\n|rule|Evasion Items Clause: Evasion items are banned\n|rule|Species Clause: Limit one of each Pok\u00e9mon\n|rule|Sleep Clause Mod: Limit one foe put to sleep\n|rule|Mega Rayquaza Clause: You cannot mega evolve Rayquaza\n|clearpoke\n|poke|p1|Slowking-Galar, F|\n|poke|p1|Avalugg, M|\n|poke|p1|Mawile, M|\n|poke|p1|Ogerpon, F|\n|poke|p1|Regidrago|\n|poke|p1|Gholdengo|\n|poke|p2|Genesect|\n|poke|p2|Pheromosa|\n|poke|p2|Beedrill, F|\n|poke|p2|Slither Wing|\n|poke|p2|Lokix, M|\n|poke|p2|Araquanid, M|\n|teampreview\n|\n|t:|1700170932\n|start\n|switch|p1a: Rita Repulsa|Slowking-Galar, F|100\/100\n|switch|p2a: Araquanid|Araquanid, M|100\/100\n|turn|1\n|\n|t:|1700170938\n|move|p2a: Araquanid|Sticky Web|p1a: Rita Repulsa\n|-sidestart|p1: Wally Nix|move: Sticky Web\n|move|p1a: Rita Repulsa|Chilly Reception|p1a: Rita Repulsa\n|-weather|Snow\n|\n|t:|1700170943\n|switch|p1a: BabyItsColdOutside|Avalugg, M, shiny|100\/100|[from] Chilly Reception\n|-activate|p1a: BabyItsColdOutside|move: Sticky Web\n|-unboost|p1a: BabyItsColdOutside|spe|1\n|\n|-weather|Snow|[upkeep]\n|upkeep\n|turn|2\n|inactive|Battle timer is ON: inactive players will automatically lose when time's up. (requested by hhhjdhkocdhmmm)\n|\n|t:|1700171008\n|move|p2a: Araquanid|Lunge|p1a: BabyItsColdOutside\n|-damage|p1a: BabyItsColdOutside|90\/100\n|-unboost|p1a: BabyItsColdOutside|atk|1\n|move|p1a: BabyItsColdOutside|Avalanche|p2a: Araquanid\n|-resisted|p2a: Araquanid\n|-damage|p2a: Araquanid|73\/100\n|\n|-weather|Snow|[upkeep]\n|-heal|p1a: BabyItsColdOutside|96\/100|[from] ability: Ice Body\n|-heal|p1a: BabyItsColdOutside|100\/100|[from] item: Leftovers\n|upkeep\n|turn|3\n|\n|t:|1700171020\n|move|p2a: Araquanid|Lunge|p1a: BabyItsColdOutside\n|-damage|p1a: BabyItsColdOutside|89\/100\n|-unboost|p1a: BabyItsColdOutside|atk|1\n|move|p1a: BabyItsColdOutside|Body Press|p2a: Araquanid\n|-resisted|p2a: Araquanid\n|-damage|p2a: Araquanid|52\/100\n|\n|-weather|Snow|[upkeep]\n|-heal|p1a: BabyItsColdOutside|95\/100|[from] ability: Ice Body\n|-heal|p1a: BabyItsColdOutside|100\/100|[from] item: Leftovers\n|upkeep\n|turn|4\n|\n|t:|1700171035\n|switch|p1a: Golden Shower|Gholdengo|100\/100\n|-activate|p1a: Golden Shower|move: Sticky Web\n|-unboost|p1a: Golden Shower|spe|1\n|move|p2a: Araquanid|Lunge|p1a: Golden Shower\n|-resisted|p1a: Golden Shower\n|-damage|p1a: Golden Shower|94\/100\n|\n|-weather|Snow|[upkeep]\n|upkeep\n|turn|5\n|\n|t:|1700171049\n|move|p1a: Golden Shower|Nasty Plot|p1a: Golden Shower\n|-boost|p1a: Golden Shower|spa|2\n|move|p2a: Araquanid|Mirror Coat||[still]\n|-fail|p2a: Araquanid\n|\n|-weather|Snow|[upkeep]\n|upkeep\n|turn|6\n|\n|t:|1700171060\n|move|p1a: Golden Shower|Make It Rain|p2a: Araquanid\n|-resisted|p2a: Araquanid\n|-damage|p2a: Araquanid|0 fnt\n|-unboost|p1a: Golden Shower|spa|1\n|faint|p2a: Araquanid\n|\n|-weather|Snow|[upkeep]\n|upkeep\n|\n|t:|1700171064\n|switch|p2a: Lokix|Lokix, M|100\/100\n|turn|7\n|\n|t:|1700171072\n|move|p2a: Lokix|Knock Off|p1a: Golden Shower\n|-supereffective|p1a: Golden Shower\n|-damage|p1a: Golden Shower|0 fnt\n|-enditem|p1a: Golden Shower|Covert Cloak|[from] move: Knock Off|[of] p2a: Lokix\n|faint|p1a: Golden Shower\n|-damage|p2a: Lokix|91\/100|[from] item: Life Orb\n|\n|-weather|Snow|[upkeep]\n|upkeep\n|\n|t:|1700171098\n|switch|p1a: BabyItsColdOutside|Avalugg, M, shiny|100\/100\n|-activate|p1a: BabyItsColdOutside|move: Sticky Web\n|-unboost|p1a: BabyItsColdOutside|spe|1\n|turn|8\n|\n|t:|1700171113\n|move|p2a: Lokix|Knock Off|p1a: BabyItsColdOutside\n|-damage|p1a: BabyItsColdOutside|80\/100\n|-enditem|p1a: BabyItsColdOutside|Leftovers|[from] move: Knock Off|[of] p2a: Lokix\n|-damage|p2a: Lokix|81\/100|[from] item: Life Orb\n|move|p1a: BabyItsColdOutside|Gyro Ball|p2a: Lokix\n|-damage|p2a: Lokix|7\/100\n|\n|-weather|none\n|upkeep\n|turn|9\n|\n|t:|1700171127\n|switch|p2a: Genesect|Genesect, shiny|100\/100\n|-ability|p2a: Genesect|Download|boost\n|-boost|p2a: Genesect|spa|1\n|move|p1a: BabyItsColdOutside|Curse|p1a: BabyItsColdOutside\n|-unboost|p1a: BabyItsColdOutside|spe|1\n|-boost|p1a: BabyItsColdOutside|atk|1\n|-boost|p1a: BabyItsColdOutside|def|1\n|\n|upkeep\n|turn|10\n|inactive|Wally Nix has 120 seconds left.\n|\n|t:|1700171143\n|-terastallize|p1a: BabyItsColdOutside|Fighting\n|move|p2a: Genesect|Iron Head|p1a: BabyItsColdOutside\n|-damage|p1a: BabyItsColdOutside|59\/100\n|move|p1a: BabyItsColdOutside|Body Press|p2a: Genesect\n|-damage|p2a: Genesect|18\/100\n|\n|upkeep\n|turn|11\n|\n|t:|1700171166\n|switch|p2a: Slither Wing|Slither Wing|100\/100\n|-enditem|p2a: Slither Wing|Booster Energy\n|-activate|p2a: Slither Wing|ability: Protosynthesis|[fromitem]\n|-start|p2a: Slither Wing|protosynthesisatk\n|move|p1a: BabyItsColdOutside|Body Press|p2a: Slither Wing\n|-resisted|p2a: Slither Wing\n|-damage|p2a: Slither Wing|51\/100\n|\n|upkeep\n|turn|12\n|inactive|Wally Nix has 120 seconds left.\n|\n|t:|1700171208\n|move|p2a: Slither Wing|Close Combat|p1a: BabyItsColdOutside\n|-damage|p1a: BabyItsColdOutside|31\/100\n|-unboost|p2a: Slither Wing|def|1\n|-unboost|p2a: Slither Wing|spd|1\n|move|p1a: BabyItsColdOutside|Avalanche|p2a: Slither Wing\n|-crit|p2a: Slither Wing\n|-damage|p2a: Slither Wing|0 fnt\n|faint|p2a: Slither Wing\n|-end|p2a: Slither Wing|Protosynthesis|[silent]\n|\n|upkeep\n|\n|t:|1700171217\n|switch|p2a: Pheromosa|Pheromosa|100\/100\n|turn|13\n|\n|t:|1700171233\n|move|p2a: Pheromosa|Ice Beam|p1a: BabyItsColdOutside\n|-damage|p1a: BabyItsColdOutside|0 fnt\n|faint|p1a: BabyItsColdOutside\n|-ability|p2a: Pheromosa|Beast Boost|boost\n|-boost|p2a: Pheromosa|spe|1\n|-damage|p2a: Pheromosa|91\/100|[from] item: Life Orb\n|\n|upkeep\n|inactive|Wally Nix has 90 seconds left.\n|\n|t:|1700171255\n|switch|p1a: Sherane|Mawile, M|100\/100\n|-activate|p1a: Sherane|move: Sticky Web\n|-unboost|p1a: Sherane|spe|1\n|-ability|p1a: Sherane|Intimidate|boost\n|-unboost|p2a: Pheromosa|atk|1\n|turn|14\n|inactive|Wally Nix has 90 seconds left.\n|\n|t:|1700171274\n|detailschange|p1a: Sherane|Mawile-Mega, M\n|-mega|p1a: Sherane|Mawile|Mawilite\n|move|p2a: Pheromosa|U-turn|p1a: Sherane\n|-resisted|p1a: Sherane\n|-damage|p1a: Sherane|94\/100\n|-damage|p2a: Pheromosa|81\/100|[from] item: Life Orb\n|\n|t:|1700171287\n|switch|p2a: Lokix|Lokix, M|7\/100|[from] U-turn\n|move|p1a: Sherane|Play Rough|p2a: Lokix\n|-supereffective|p2a: Lokix\n|-crit|p2a: Lokix\n|-damage|p2a: Lokix|0 fnt\n|faint|p2a: Lokix\n|\n|upkeep\n|\n|t:|1700171301\n|switch|p2a: Pheromosa|Pheromosa|81\/100\n|turn|15\n|inactive|Wally Nix has 90 seconds left.\n|\n|t:|1700171326\n|move|p2a: Pheromosa|Close Combat|p1a: Sherane\n|-damage|p1a: Sherane|25\/100\n|-unboost|p2a: Pheromosa|def|1\n|-unboost|p2a: Pheromosa|spd|1\n|-damage|p2a: Pheromosa|71\/100|[from] item: Life Orb\n|move|p1a: Sherane|Iron Head|p2a: Pheromosa\n|-damage|p2a: Pheromosa|0 fnt\n|faint|p2a: Pheromosa\n|\n|upkeep\n|\n|t:|1700171343\n|switch|p2a: Beedrill|Beedrill, F|100\/100\n|turn|16\n|\n|t:|1700171350\n|detailschange|p2a: Beedrill|Beedrill-Mega, F\n|-mega|p2a: Beedrill|Beedrill|Beedrillite\n|move|p1a: Sherane|Sucker Punch|p2a: Beedrill\n|-damage|p2a: Beedrill|0 fnt\n|faint|p2a: Beedrill\n|\n|upkeep\n|\n|t:|1700171354\n|switch|p2a: Genesect|Genesect, shiny|18\/100\n|-ability|p2a: Genesect|Download|boost\n|-boost|p2a: Genesect|spa|1\n|turn|17\n|\n|t:|1700171359\n|-terastallize|p2a: Genesect|Normal\n|move|p2a: Genesect|Extreme Speed|p1a: Sherane\n|-resisted|p1a: Sherane\n|-damage|p1a: Sherane|0 fnt\n|faint|p1a: Sherane\n|\n|upkeep\n|\n|t:|1700171372\n|switch|p1a: Pomegranate|Regidrago|100\/100\n|-activate|p1a: Pomegranate|move: Sticky Web\n|-unboost|p1a: Pomegranate|spe|1\n|turn|18\n|\n|t:|1700171382\n|move|p2a: Genesect|Extreme Speed|p1a: Pomegranate\n|-damage|p1a: Pomegranate|41\/100\n|move|p1a: Pomegranate|Dragon Pulse|p2a: Genesect\n|-damage|p2a: Genesect|0 fnt\n|faint|p2a: Genesect\n|\n|win|Wally Nix\n|raw|Wally Nix's rating: 1123 &rarr; <strong>1148<\/strong><br \/>(+25 for winning)\n|raw|hhhjdhkocdhmmm's rating: 1124 &rarr; <strong>1099<\/strong><br \/>(-25 for losing)\n","uploadtime":1700171393,"views":15,"p1id":"wallynix","p2id":"hhhjdhkocdhmmm","formatid":"gen9nationaldexubers","rating":1099,"private":0,"password":""}