{"id":"gen9nationaldexubers-1988000756","p1":"Adidas Los Menelos","p2":"Snxrf","format":"[Gen 9] National Dex Ubers","log":"|j|\u2606Adidas Los Menelos\n|j|\u2606Snxrf\n|t:|1699657731\n|gametype|singles\n|player|p1|Adidas Los Menelos|red|1111\n|player|p2|Snxrf|aaron|1000\n|teamsize|p1|6\n|teamsize|p2|6\n|gen|9\n|tier|[Gen 9] National Dex Ubers\n|rated|\n|rule|HP Percentage Mod: HP is shown in percentages\n|rule|Endless Battle Clause: Forcing endless battles is banned\n|rule|OHKO Clause: OHKO moves are banned\n|rule|Evasion Moves Clause: Evasion moves are banned\n|rule|Evasion Items Clause: Evasion items are banned\n|rule|Species Clause: Limit one of each Pok\u00e9mon\n|rule|Sleep Clause Mod: Limit one foe put to sleep\n|rule|Mega Rayquaza Clause: You cannot mega evolve Rayquaza\n|clearpoke\n|poke|p1|Xerneas-*|\n|poke|p1|Genesect|\n|poke|p1|Kangaskhan, F|\n|poke|p1|Ferroseed, M|\n|poke|p1|Mimikyu, M|\n|poke|p1|Banette, F|\n|poke|p2|Roaring Moon|\n|poke|p2|Krookodile, F|\n|poke|p2|Kingambit, M|\n|poke|p2|Umbreon, F|\n|poke|p2|Sableye, M|\n|poke|p2|Weavile, F|\n|teampreview\n|\n|t:|1699657742\n|start\n|switch|p1a: Ferroseed|Ferroseed, M|100\/100\n|switch|p2a: Sableye|Sableye, M, shiny|100\/100\n|turn|1\n|\n|t:|1699657748\n|detailschange|p2a: Sableye|Sableye-Mega, M, shiny\n|-mega|p2a: Sableye|Sableye|Sablenite\n|move|p2a: Sableye|Knock Off|p1a: Ferroseed\n|-damage|p1a: Ferroseed|74\/100\n|-damage|p2a: Sableye|88\/100|[from] ability: Iron Barbs|[of] p1a: Ferroseed\n|-enditem|p1a: Ferroseed|Eviolite|[from] move: Knock Off|[of] p2a: Sableye\n|move|p1a: Ferroseed|Leech Seed|p2a: Sableye\n|move|p2a: Sableye|Leech Seed|p1a: Ferroseed|[from]ability: Magic Bounce\n|-immune|p1a: Ferroseed\n|\n|upkeep\n|turn|2\n|\n|t:|1699657762\n|move|p2a: Sableye|Will-O-Wisp|p1a: Ferroseed\n|-status|p1a: Ferroseed|brn\n|move|p1a: Ferroseed|Toxic|p2a: Sableye\n|move|p2a: Sableye|Toxic||[from]ability: Magic Bounce|[still]\n|-fail|p2a: Sableye\n|\n|-damage|p1a: Ferroseed|68\/100 brn|[from] brn\n|upkeep\n|turn|3\n|\n|t:|1699657774\n|switch|p2a: Kingambit|Kingambit, M, shiny|100\/100\n|switch|p1a: Banette|Banette, F|100\/100\n|\n|upkeep\n|turn|4\n|\n|t:|1699657781\n|detailschange|p1a: Banette|Banette-Mega, F\n|-mega|p1a: Banette|Banette|Banettite\n|move|p1a: Banette|Taunt|p2a: Kingambit\n|-hint|Since gen 7, Dark is immune to Prankster moves.\n|-immune|p2a: Kingambit\n|move|p2a: Kingambit|Swords Dance|p2a: Kingambit\n|-boost|p2a: Kingambit|atk|2\n|\n|upkeep\n|turn|5\n|\n|t:|1699657791\n|move|p1a: Banette|Destiny Bond|p1a: Banette\n|-singlemove|p1a: Banette|Destiny Bond\n|move|p2a: Kingambit|Kowtow Cleave|p1a: Banette\n|-supereffective|p1a: Banette\n|-damage|p1a: Banette|0 fnt\n|faint|p1a: Banette\n|-activate|p1a: Banette|move: Destiny Bond\n|faint|p2a: Kingambit\n|-end|p2a: Kingambit|fallenundefined|[silent]\n|\n|upkeep\n|c|\u2606Snxrf|nice\n|c|\u2606Snxrf|was not expecting destiny bond\n|\n|t:|1699657815\n|switch|p1a: Mimikyu|Mimikyu, M|100\/100\n|switch|p2a: Sableye|Sableye-Mega, M, shiny|88\/100\n|turn|6\n|\n|t:|1699657822\n|-zpower|p1a: Mimikyu\n|move|p1a: Mimikyu|Let's Snuggle Forever|p2a: Sableye|[zeffect]\n|-supereffective|p2a: Sableye\n|-damage|p2a: Sableye|0 fnt\n|faint|p2a: Sableye\n|\n|upkeep\n|\n|t:|1699657836\n|switch|p2a: Krookodile|Krookodile, F|100\/100\n|turn|7\n|\n|t:|1699657842\n|-terastallize|p2a: Krookodile|Ground\n|move|p2a: Krookodile|Knock Off|p1a: Mimikyu\n|-activate|p1a: Mimikyu|ability: Disguise\n|-damage|p1a: Mimikyu|100\/100\n|detailschange|p1a: Mimikyu|Mimikyu-Busted, M\n|-damage|p1a: Mimikyu|88\/100|[from] pokemon: Mimikyu-Busted\n|move|p1a: Mimikyu|Swords Dance|p1a: Mimikyu\n|-boost|p1a: Mimikyu|atk|2\n|\n|upkeep\n|turn|8\n|\n|t:|1699657856\n|move|p2a: Krookodile|Knock Off|p1a: Mimikyu\n|-damage|p1a: Mimikyu|35\/100\n|move|p1a: Mimikyu|Play Rough|p2a: Krookodile\n|-damage|p2a: Krookodile|11\/100\n|\n|upkeep\n|turn|9\n|\n|t:|1699657861\n|move|p1a: Mimikyu|Shadow Sneak|p2a: Krookodile\n|-damage|p2a: Krookodile|0 fnt\n|faint|p2a: Krookodile\n|\n|upkeep\n|\n|t:|1699657865\n|switch|p2a: Weavile|Weavile, F, shiny|100\/100\n|-ability|p2a: Weavile|Pressure\n|turn|10\n|\n|t:|1699657872\n|move|p2a: Weavile|Pursuit|p1a: Mimikyu\n|-damage|p1a: Mimikyu|0 fnt\n|faint|p1a: Mimikyu\n|-damage|p2a: Weavile|91\/100|[from] item: Life Orb\n|\n|upkeep\n|\n|t:|1699657877\n|switch|p1a: Genesect|Genesect, shiny|100\/100\n|-ability|p1a: Genesect|Download|boost\n|-boost|p1a: Genesect|atk|1\n|turn|11\n|\n|t:|1699657883\n|move|p2a: Weavile|Knock Off|p1a: Genesect\n|-damage|p1a: Genesect|49\/100\n|-damage|p2a: Weavile|81\/100|[from] item: Life Orb\n|move|p1a: Genesect|Shift Gear|p1a: Genesect\n|-boost|p1a: Genesect|spe|2\n|-boost|p1a: Genesect|atk|1\n|\n|upkeep\n|turn|12\n|\n|t:|1699657895\n|move|p1a: Genesect|Iron Head|p2a: Weavile\n|-supereffective|p2a: Weavile\n|-damage|p2a: Weavile|0 fnt\n|faint|p2a: Weavile\n|\n|upkeep\n|\n|t:|1699657899\n|switch|p2a: Umbreon|Umbreon, F, shiny|100\/100\n|turn|13\n|\n|t:|1699657905\n|move|p1a: Genesect|U-turn|p2a: Umbreon\n|-supereffective|p2a: Umbreon\n|-damage|p2a: Umbreon|0 fnt\n|faint|p2a: Umbreon\n|\n|t:|1699657909\n|switch|p1a: Kangaskhan|Kangaskhan, F|100\/100|[from] U-turn\n|\n|upkeep\n|\n|t:|1699657913\n|switch|p2a: Roaring Moon|Roaring Moon|100\/100\n|turn|14\n|\n|t:|1699657924\n|move|p2a: Roaring Moon|Earthquake|p1a: Kangaskhan\n|-damage|p1a: Kangaskhan|27\/100\n|move|p1a: Kangaskhan|Power-Up Punch|p2a: Roaring Moon\n|-supereffective|p2a: Roaring Moon\n|-damage|p2a: Roaring Moon|66\/100\n|-boost|p1a: Kangaskhan|atk|1\n|\n|upkeep\n|turn|15\n|\n|t:|1699657930\n|move|p2a: Roaring Moon|Earthquake|p1a: Kangaskhan\n|-damage|p1a: Kangaskhan|0 fnt\n|faint|p1a: Kangaskhan\n|\n|upkeep\n|\n|t:|1699657934\n|switch|p1a: Ferroseed|Ferroseed, M|68\/100 brn\n|turn|16\n|\n|t:|1699657937\n|move|p2a: Roaring Moon|Earthquake|p1a: Ferroseed\n|-damage|p1a: Ferroseed|0 fnt\n|faint|p1a: Ferroseed\n|\n|upkeep\n|\n|t:|1699657942\n|switch|p1a: Genesect|Genesect, shiny|49\/100\n|-ability|p1a: Genesect|Download|boost\n|-boost|p1a: Genesect|atk|1\n|turn|17\n|\n|t:|1699657946\n|move|p2a: Roaring Moon|Earthquake|p1a: Genesect\n|-damage|p1a: Genesect|0 fnt\n|faint|p1a: Genesect\n|\n|upkeep\n|\n|t:|1699657948\n|switch|p1a: Xerneas|Xerneas, shiny|100\/100\n|-ability|p1a: Xerneas|Fairy Aura\n|turn|18\n|\n|t:|1699657952\n|-terastallize|p1a: Xerneas|Fairy\n|move|p2a: Roaring Moon|Earthquake|p1a: Xerneas\n|-damage|p1a: Xerneas|44\/100\n|move|p1a: Xerneas|Geomancy||[still]\n|-prepare|p1a: Xerneas|Geomancy\n|-enditem|p1a: Xerneas|Power Herb\n|-anim|p1a: Xerneas|Geomancy|p1a: Xerneas\n|-boost|p1a: Xerneas|spa|2\n|-boost|p1a: Xerneas|spd|2\n|-boost|p1a: Xerneas|spe|2\n|\n|upkeep\n|turn|19\n|c|\u2606Snxrf|gg\n|\n|t:|1699657967\n|move|p1a: Xerneas|Moonblast|p2a: Roaring Moon\n|-supereffective|p2a: Roaring Moon\n|-damage|p2a: Roaring Moon|0 fnt\n|faint|p2a: Roaring Moon\n|-end|p2a: Roaring Moon|Protosynthesis|[silent]\n|\n|win|Adidas Los Menelos\n|raw|Adidas Los Menelos's rating: 1111 &rarr; <strong>1128<\/strong><br \/>(+17 for winning)\n|raw|Snxrf's rating: 1000 &rarr; <strong>1000<\/strong><br \/>(+0 for losing)\n|c|\u2606Adidas Los Menelos|gg\n|l|\u2606Snxrf\n","uploadtime":1699657981,"views":5,"p1id":"adidaslosmenelos","p2id":"snxrf","formatid":"gen9nationaldexubers","rating":1000,"private":0,"password":""}