{"id":"gen9nationaldexubers-1989106960","p1":"3o2o2o2o2o","p2":"Incredible Gassy","format":"[Gen 9] National Dex Ubers","log":"|j|\u26063o2o2o2o2o\n|j|\u2606Incredible Gassy\n|t:|1699812932\n|gametype|singles\n|player|p1|3o2o2o2o2o|guitarist-gen3|1464\n|player|p2|Incredible Gassy|kieran|1741\n|teamsize|p1|6\n|teamsize|p2|6\n|gen|9\n|tier|[Gen 9] National Dex Ubers\n|rated|\n|rule|HP Percentage Mod: HP is shown in percentages\n|rule|Endless Battle Clause: Forcing endless battles is banned\n|rule|OHKO Clause: OHKO moves are banned\n|rule|Evasion Moves Clause: Evasion moves are banned\n|rule|Evasion Items Clause: Evasion items are banned\n|rule|Species Clause: Limit one of each Pok\u00e9mon\n|rule|Sleep Clause Mod: Limit one foe put to sleep\n|rule|Mega Rayquaza Clause: You cannot mega evolve Rayquaza\n|clearpoke\n|poke|p1|Necrozma-Dusk-Mane|\n|poke|p1|Groudon|\n|poke|p1|Marshadow|\n|poke|p1|Deoxys-Attack|\n|poke|p1|Zacian-*|\n|poke|p1|Farfetch\u2019d, M|\n|poke|p2|Rayquaza|\n|poke|p2|Hatterene, F|\n|poke|p2|Melmetal|\n|poke|p2|Kyogre|\n|poke|p2|Calyrex-Ice|\n|poke|p2|Arceus|\n|teampreview\n|inactive|Battle timer is ON: inactive players will automatically lose when time's up. (requested by Incredible Gassy)\n|inactive|3o2o2o2o2o also wants the timer to be on.\n|\n|t:|1699812939\n|start\n|switch|p1a: Fetching souls|Farfetch\u2019d, M, shiny|100\/100\n|switch|p2a: Drumstick|Hatterene, F|100\/100\n|turn|1\n|\n|t:|1699812952\n|switch|p1a: Sweep mf|Necrozma-Dusk-Mane, shiny|100\/100\n|move|p2a: Drumstick|Trick Room|p2a: Drumstick\n|-fieldstart|move: Trick Room|[of] p2a: Drumstick\n|\n|upkeep\n|turn|2\n|\n|t:|1699812961\n|move|p2a: Drumstick|Misty Explosion|p1a: Sweep mf\n|-resisted|p1a: Sweep mf\n|-damage|p1a: Sweep mf|69\/100\n|faint|p2a: Drumstick\n|move|p1a: Sweep mf|Sunsteel Strike|p2: Drumstick|[notarget]\n|-fail|p1a: Sweep mf\n|\n|upkeep\n|\n|t:|1699812963\n|switch|p2a: Freezie|Calyrex-Ice|100\/100\n|-ability|p2a: Freezie|As One\n|-ability|p2a: Freezie|Unnerve\n|turn|3\n|\n|t:|1699812979\n|switch|p1a: Fetching souls|Farfetch\u2019d, M, shiny|100\/100\n|-zpower|p2a: Freezie\n|move|p2a: Freezie|Tectonic Rage|p1a: Fetching souls|[zeffect]\n|-immune|p1a: Fetching souls\n|\n|upkeep\n|turn|4\n|inactive|3o2o2o2o2o has 120 seconds left.\n|c|\u26063o2o2o2o2o|Farfetch'd is OP (0% \ud83d\ude31\ud83d\ude31)\n|\n|t:|1699813011\n|move|p2a: Freezie|Glacial Lance|p1a: Fetching souls\n|-supereffective|p1a: Fetching souls\n|-enditem|p1a: Fetching souls|Focus Sash\n|-damage|p1a: Fetching souls|1\/100\n|move|p1a: Fetching souls|Close Combat|p2a: Freezie\n|-damage|p2a: Freezie|80\/100\n|-unboost|p1a: Fetching souls|def|1\n|-unboost|p1a: Fetching souls|spd|1\n|\n|upkeep\n|turn|5\n|c|\u2606Incredible Gassy|we get it\n|c|\u2606Incredible Gassy|play the game\n|inactive|3o2o2o2o2o has 120 seconds left.\n|\n|t:|1699813021\n|move|p2a: Freezie|Glacial Lance|p1a: Fetching souls\n|-supereffective|p1a: Fetching souls\n|-damage|p1a: Fetching souls|0 fnt\n|faint|p1a: Fetching souls\n|-ability|p2a: Freezie|Chilling Neigh|boost\n|-boost|p2a: Freezie|atk|1\n|\n|-fieldend|move: Trick Room\n|upkeep\n|\n|t:|1699813025\n|switch|p1a: Strong mf|Deoxys-Attack, shiny|100\/100\n|-ability|p1a: Strong mf|Pressure\n|turn|6\n|\n|t:|1699813031\n|switch|p2a: The Biggest One|Arceus|100\/100\n|move|p1a: Strong mf|Superpower|p2a: The Biggest One\n|-supereffective|p2a: The Biggest One\n|-enditem|p2a: The Biggest One|Chople Berry|[eat]\n|-enditem|p2a: The Biggest One|Chople Berry|[weaken]\n|-damage|p2a: The Biggest One|58\/100\n|-unboost|p1a: Strong mf|atk|1\n|-unboost|p1a: Strong mf|def|1\n|-damage|p1a: Strong mf|91\/100|[from] item: Life Orb\n|\n|upkeep\n|turn|7\n|\n|t:|1699813039\n|-terastallize|p1a: Strong mf|Ghost\n|move|p2a: The Biggest One|Extreme Speed|p1a: Strong mf\n|-immune|p1a: Strong mf\n|move|p1a: Strong mf|Superpower|p2a: The Biggest One\n|-supereffective|p2a: The Biggest One\n|-damage|p2a: The Biggest One|0 fnt\n|-unboost|p1a: Strong mf|atk|1\n|-unboost|p1a: Strong mf|def|1\n|faint|p2a: The Biggest One\n|-damage|p1a: Strong mf|81\/100|[from] item: Life Orb\n|\n|upkeep\n|\n|t:|1699813042\n|switch|p2a: Freezie|Calyrex-Ice|80\/100\n|-ability|p2a: Freezie|As One\n|-ability|p2a: Freezie|Unnerve\n|turn|8\n|\n|t:|1699813045\n|switch|p1a: Sword mf|Zacian-Crowned, shiny|100\/100\n|-ability|p1a: Sword mf|Intrepid Sword|boost\n|-boost|p1a: Sword mf|atk|1\n|move|p2a: Freezie|Trick Room|p2a: Freezie\n|-fieldstart|move: Trick Room|[of] p2a: Freezie\n|\n|upkeep\n|turn|9\n|\n|t:|1699813050\n|switch|p2a: Big Blue|Kyogre|100\/100\n|detailschange|p2a: Big Blue|Kyogre-Primal\n|-primal|p2a: Big Blue|Blue Orb\n|-weather|PrimordialSea|[from] ability: Primordial Sea|[of] p2a: Big Blue\n|move|p1a: Sword mf|Behemoth Blade|p2a: Big Blue\n|-resisted|p2a: Big Blue\n|-damage|p2a: Big Blue|60\/100\n|\n|-weather|PrimordialSea|[upkeep]\n|upkeep\n|turn|10\n|\n|t:|1699813053\n|-weather|none\n|switch|p2a: Emerald|Rayquaza|100\/100\n|-ability|p2a: Emerald|Air Lock\n|switch|p1a: Mf mf|Groudon, shiny|100\/100\n|detailschange|p1a: Mf mf|Groudon-Primal, shiny\n|-primal|p1a: Mf mf|Red Orb\n|-weather|DesolateLand|[from] ability: Desolate Land|[of] p1a: Mf mf\n|\n|-weather|DesolateLand|[upkeep]\n|upkeep\n|turn|11\n|\n|t:|1699813066\n|-weather|none\n|switch|p1a: Sword mf|Zacian-Crowned, shiny|100\/100\n|move|p2a: Emerald|Surf|p1a: Sword mf\n|-damage|p1a: Sword mf|63\/100\n|-damage|p2a: Emerald|91\/100|[from] item: Life Orb\n|\n|upkeep\n|turn|12\n|\n|t:|1699813073\n|move|p2a: Emerald|V-create|p1a: Sword mf\n|-supereffective|p1a: Sword mf\n|-damage|p1a: Sword mf|0 fnt\n|-unboost|p2a: Emerald|spe|1\n|-unboost|p2a: Emerald|def|1\n|-unboost|p2a: Emerald|spd|1\n|faint|p1a: Sword mf\n|-damage|p2a: Emerald|81\/100|[from] item: Life Orb\n|\n|-fieldend|move: Trick Room\n|upkeep\n|\n|t:|1699813079\n|switch|p1a: Strong mf|Deoxys-Attack, shiny, tera:Ghost|81\/100\n|-ability|p1a: Strong mf|Pressure\n|turn|13\n|\n|t:|1699813087\n|switch|p2a: Big Blue|Kyogre-Primal|60\/100\n|-weather|PrimordialSea|[from] ability: Primordial Sea|[of] p2a: Big Blue\n|move|p1a: Strong mf|Ice Beam|p2a: Big Blue\n|-resisted|p2a: Big Blue\n|-damage|p2a: Big Blue|49\/100\n|-damage|p1a: Strong mf|71\/100|[from] item: Life Orb\n|\n|-weather|PrimordialSea|[upkeep]\n|upkeep\n|turn|14\n|\n|t:|1699813091\n|move|p1a: Strong mf|Superpower|p2a: Big Blue\n|-damage|p2a: Big Blue|0 fnt\n|-unboost|p1a: Strong mf|atk|1\n|-unboost|p1a: Strong mf|def|1\n|faint|p2a: Big Blue\n|-weather|none\n|-damage|p1a: Strong mf|61\/100|[from] item: Life Orb\n|\n|upkeep\n|\n|t:|1699813093\n|switch|p2a: Freezie|Calyrex-Ice|80\/100\n|-ability|p2a: Freezie|As One\n|-ability|p2a: Freezie|Unnerve\n|turn|15\n|\n|t:|1699813104\n|switch|p1a: Sweep mf|Necrozma-Dusk-Mane, shiny|69\/100\n|move|p2a: Freezie|Trick Room|p2a: Freezie\n|-fieldstart|move: Trick Room|[of] p2a: Freezie\n|\n|upkeep\n|turn|16\n|\n|t:|1699813108\n|detailschange|p1a: Sweep mf|Necrozma-Ultra, shiny\n|-burst|p1a: Sweep mf|Necrozma|Ultranecrozium Z\n|move|p2a: Freezie|High Horsepower|p1a: Sweep mf\n|-damage|p1a: Sweep mf|25\/100\n|move|p1a: Sweep mf|Sunsteel Strike|p2a: Freezie\n|-supereffective|p2a: Freezie\n|-damage|p2a: Freezie|16\/100\n|\n|upkeep\n|turn|17\n|\n|t:|1699813117\n|move|p2a: Freezie|Glacial Lance|p1a: Sweep mf\n|-supereffective|p1a: Sweep mf\n|-damage|p1a: Sweep mf|0 fnt\n|faint|p1a: Sweep mf\n|-ability|p2a: Freezie|Chilling Neigh|boost\n|-boost|p2a: Freezie|atk|1\n|\n|upkeep\n|\n|t:|1699813118\n|switch|p1a: Elvis mf|Marshadow|100\/100\n|turn|18\n|\n|t:|1699813120\n|switch|p2a: Femme Metale|Melmetal, shiny|100\/100\n|move|p1a: Elvis mf|Shadow Sneak|p2a: Femme Metale\n|-crit|p2a: Femme Metale\n|-damage|p2a: Femme Metale|78\/100\n|\n|upkeep\n|turn|19\n|\n|t:|1699813124\n|switch|p1a: Mf mf|Groudon-Primal, shiny|100\/100\n|-weather|DesolateLand|[from] ability: Desolate Land|[of] p1a: Mf mf\n|move|p2a: Femme Metale|Earthquake|p1a: Mf mf\n|-supereffective|p1a: Mf mf\n|-damage|p1a: Mf mf|17\/100\n|\n|-weather|DesolateLand|[upkeep]\n|-fieldend|move: Trick Room\n|upkeep\n|turn|20\n|\n|t:|1699813132\n|switch|p2a: Freezie|Calyrex-Ice|16\/100\n|-ability|p2a: Freezie|As One\n|-ability|p2a: Freezie|Unnerve\n|move|p1a: Mf mf|Precipice Blades|p2a: Freezie\n|-damage|p2a: Freezie|0 fnt\n|faint|p2a: Freezie\n|\n|-weather|DesolateLand|[upkeep]\n|upkeep\n|\n|t:|1699813133\n|switch|p2a: Emerald|Rayquaza|81\/100\n|-ability|p2a: Emerald|Air Lock\n|turn|21\n|\n|t:|1699813139\n|move|p1a: Mf mf|Rock Slide|p2a: Emerald|[miss]\n|-miss|p1a: Mf mf|p2a: Emerald\n|move|p2a: Emerald|Dragon Ascent|p1a: Mf mf\n|-damage|p1a: Mf mf|0 fnt\n|-unboost|p2a: Emerald|def|1\n|-unboost|p2a: Emerald|spd|1\n|faint|p1a: Mf mf\n|-weather|none\n|-damage|p2a: Emerald|71\/100|[from] item: Life Orb\n|\n|upkeep\n|\n|t:|1699813142\n|switch|p1a: Strong mf|Deoxys-Attack, shiny, tera:Ghost|61\/100\n|-ability|p1a: Strong mf|Pressure\n|turn|22\n|\n|t:|1699813150\n|-terastallize|p2a: Emerald|Normal\n|move|p1a: Strong mf|Ice Beam|p2a: Emerald\n|-damage|p2a: Emerald|7\/100\n|-damage|p1a: Strong mf|51\/100|[from] item: Life Orb\n|move|p2a: Emerald|Surf|p1a: Strong mf\n|-damage|p1a: Strong mf|0 fnt\n|faint|p1a: Strong mf\n|-damage|p2a: Emerald|0 fnt|[from] item: Life Orb\n|faint|p2a: Emerald\n|\n|upkeep\n|\n|t:|1699813156\n|switch|p1a: Elvis mf|Marshadow|100\/100\n|switch|p2a: Femme Metale|Melmetal, shiny|78\/100\n|turn|23\n|\n|t:|1699813158\n|move|p1a: Elvis mf|Close Combat|p2a: Femme Metale\n|-supereffective|p2a: Femme Metale\n|-damage|p2a: Femme Metale|15\/100\n|-unboost|p1a: Elvis mf|def|1\n|-unboost|p1a: Elvis mf|spd|1\n|move|p2a: Femme Metale|Double Iron Bash|p1a: Elvis mf\n|-enditem|p1a: Elvis mf|Focus Sash\n|-damage|p1a: Elvis mf|1\/100\n|-damage|p1a: Elvis mf|0 fnt\n|faint|p1a: Elvis mf\n|-hitcount|p1: Elvis mf|2\n|\n|win|Incredible Gassy\n|raw|3o2o2o2o2o's rating: 1464 &rarr; <strong>1457<\/strong><br \/>(-7 for losing)\n|raw|Incredible Gassy's rating: 1741 &rarr; <strong>1748<\/strong><br \/>(+7 for winning)\n|l|\u2606Incredible Gassy\n|l|\u26063o2o2o2o2o\n|j|\u2606Incredible Gassy\n|player|p2|Incredible Gassy|kieran\n","uploadtime":1699813362,"views":11,"p1id":"3o2o2o2o2o","p2id":"incrediblegassy","formatid":"gen9nationaldexubers","rating":1457,"private":0,"password":""}