{"id":"gen9nationaldexubers-1995169557","p1":"olivia rodrig","p2":"Replica1","format":"[Gen 9] National Dex Ubers","log":"|j|\u2606olivia rodrig\n|j|\u2606Replica1\n|t:|1700530365\n|gametype|singles\n|player|p1|olivia rodrig|lady|1149\n|player|p2|Replica1|266|1000\n|teamsize|p1|6\n|teamsize|p2|6\n|gen|9\n|tier|[Gen 9] National Dex Ubers\n|rated|\n|rule|HP Percentage Mod: HP is shown in percentages\n|rule|Endless Battle Clause: Forcing endless battles is banned\n|rule|OHKO Clause: OHKO moves are banned\n|rule|Evasion Moves Clause: Evasion moves are banned\n|rule|Evasion Items Clause: Evasion items are banned\n|rule|Species Clause: Limit one of each Pok\u00e9mon\n|rule|Sleep Clause Mod: Limit one foe put to sleep\n|rule|Mega Rayquaza Clause: You cannot mega evolve Rayquaza\n|clearpoke\n|poke|p1|Murkrow, F|\n|poke|p1|Gothorita, F|\n|poke|p1|Slowbro, F|\n|poke|p1|Deoxys-Speed|\n|poke|p1|Zamazenta-*|\n|poke|p1|Alcremie-Ruby-Swirl, F|\n|poke|p2|Deoxys-Defense|\n|poke|p2|Slowbro-Galar, F|\n|poke|p2|Chansey, F|\n|poke|p2|Pyukumuku, F|\n|poke|p2|Sableye, F|\n|poke|p2|Gastrodon, M|\n|teampreview\n|inactive|Battle timer is ON: inactive players will automatically lose when time's up. (requested by Replica1)\n|c|\u2606olivia rodrig|stall?\n|c|\u2606olivia rodrig|oh god\n|c|\u2606olivia rodrig|oh\n|inactive|Replica1 has 120 seconds left.\n|c|\u2606olivia rodrig|slowbro its nor stall\n|c|\u2606olivia rodrig|not**\n|inactive|Replica1 has 90 seconds left.\n|\n|t:|1700530440\n|start\n|switch|p1a: Alcremie|Alcremie-Ruby-Swirl, F|100\/100\n|switch|p2a: Deoxys|Deoxys-Defense|100\/100\n|-ability|p2a: Deoxys|Pressure\n|turn|1\n|\n|t:|1700530450\n|move|p2a: Deoxys|Stealth Rock|p1a: Alcremie\n|-sidestart|p1: olivia rodrig|move: Stealth Rock\n|move|p1a: Alcremie|Sweet Kiss|p2a: Deoxys\n|-start|p2a: Deoxys|confusion\n|\n|upkeep\n|turn|2\n|c|\u2606Replica1|why does everyone think this team is stall\n|c|\u2606olivia rodrig|cause its stall mons\n|inactive|Replica1 has 120 seconds left.\n|c|\u2606olivia rodrig|psycho boost?\n|c|\u2606Replica1|literately a random dude gave me this team and told me its was not stall and to just be agressive\n|c|\u2606Replica1|but everyone thinks its stall\n|c|\u2606olivia rodrig|um ok?\n|inactive|Replica1 has 90 seconds left.\n|\n|t:|1700530511\n|switch|p1a: Murkrow|Murkrow, F|100\/100\n|-damage|p1a: Murkrow|76\/100|[from] Stealth Rock\n|-activate|p2a: Deoxys|confusion\n|-damage|p2a: Deoxys|96\/100|[from] confusion\n|\n|upkeep\n|turn|3\n|\n|t:|1700530520\n|move|p1a: Murkrow|Thunder Wave|p2a: Deoxys\n|-status|p2a: Deoxys|par\n|-activate|p2a: Deoxys|confusion\n|move|p2a: Deoxys|Spikes|p1a: Murkrow\n|-sidestart|p1: olivia rodrig|Spikes\n|\n|upkeep\n|turn|4\n|\n|t:|1700530526\n|switch|p1a: Alcremie|Alcremie-Ruby-Swirl, F|100\/100\n|-damage|p1a: Alcremie|88\/100|[from] Stealth Rock\n|-damage|p1a: Alcremie|76\/100|[from] Spikes\n|-activate|p2a: Deoxys|confusion\n|move|p2a: Deoxys|Spikes|p1a: Alcremie\n|-sidestart|p1: olivia rodrig|Spikes\n|\n|upkeep\n|turn|5\n|c|\u2606olivia rodrig|that stall\n|\n|t:|1700530539\n|-zpower|p1a: Alcremie\n|move|p1a: Alcremie|Z-Celebrate|p1a: Alcremie|[anim]Celebrate\n|-boost|p1a: Alcremie|atk|1|[zeffect]\n|-boost|p1a: Alcremie|def|1|[zeffect]\n|-boost|p1a: Alcremie|spa|1|[zeffect]\n|-boost|p1a: Alcremie|spd|1|[zeffect]\n|-boost|p1a: Alcremie|spe|1|[zeffect]\n|-activate|p1a: Alcremie|move: Celebrate\n|-end|p2a: Deoxys|confusion\n|cant|p2a: Deoxys|par\n|\n|upkeep\n|turn|6\n|inactive|Replica1 has 120 seconds left.\n|c|\u2606Replica1|just because it has hazzard doesnt mean its stall\n|c|\u2606Replica1|bruh\n|\n|t:|1700530557\n|move|p1a: Alcremie|Sweet Kiss|p2a: Deoxys\n|-start|p2a: Deoxys|confusion\n|-activate|p2a: Deoxys|confusion\n|move|p2a: Deoxys|Spikes|p1a: Alcremie\n|-sidestart|p1: olivia rodrig|Spikes\n|\n|upkeep\n|turn|7\n|inactive|Replica1 has 120 seconds left.\n|c|\u2606olivia rodrig|hazzard defence deoxys\n|c|\u2606olivia rodrig|thats stall dont lie to me lmao\n|c|\u2606Replica1|its only 2 hazzards...\n|c|\u2606Replica1|chill\n|inactive|Replica1 has 90 seconds left.\n|c|\u2606Replica1|what about ur paralyze+confuse bs\n|c|\u2606olivia rodrig|deoxys can only learn 3 hazzards...\n|c|\u2606olivia rodrig|2**\n|\n|t:|1700530616\n|move|p1a: Alcremie|Draining Kiss|p2a: Deoxys\n|-damage|p2a: Deoxys|63\/100 par\n|-heal|p1a: Alcremie|94\/100|[from] drain|[of] p2a: Deoxys\n|-end|p2a: Deoxys|confusion\n|move|p2a: Deoxys|Psycho Boost|p1a: Alcremie\n|-damage|p1a: Alcremie|53\/100\n|-unboost|p2a: Deoxys|spa|2\n|-damage|p2a: Deoxys|53\/100 par|[from] item: Life Orb\n|\n|upkeep\n|turn|8\n|c|\u2606olivia rodrig|confuse its by alceamie\n|c|\u2606olivia rodrig|and murchow its prankster\n|inactive|olivia rodrig has 120 seconds left.\n|\n|t:|1700530637\n|move|p1a: Alcremie|Draining Kiss|p2a: Deoxys\n|-damage|p2a: Deoxys|18\/100 par\n|-heal|p1a: Alcremie|73\/100|[from] drain|[of] p2a: Deoxys\n|move|p2a: Deoxys|Psycho Boost|p1a: Alcremie\n|-damage|p1a: Alcremie|55\/100\n|-unboost|p2a: Deoxys|spa|2\n|-damage|p2a: Deoxys|8\/100 par|[from] item: Life Orb\n|\n|upkeep\n|turn|9\n|\n|t:|1700530645\n|move|p1a: Alcremie|Draining Kiss|p2a: Deoxys\n|-damage|p2a: Deoxys|0 fnt\n|-heal|p1a: Alcremie|59\/100|[from] drain|[of] p2a: Deoxys\n|faint|p2a: Deoxys\n|\n|upkeep\n|c|\u2606olivia rodrig|life orb?\n|\n|t:|1700530656\n|switch|p2a: Slowbro|Slowbro-Galar, F|100\/100\n|turn|10\n|c|\u2606olivia rodrig|oh so its fake stall\n|\n|t:|1700530661\n|move|p1a: Alcremie|Psychic|p2a: Slowbro\n|-damage|p2a: Slowbro|44\/100\n|move|p2a: Slowbro|Nasty Plot|p2a: Slowbro\n|-boost|p2a: Slowbro|spa|2\n|\n|upkeep\n|turn|11\n|\n|t:|1700530668\n|move|p1a: Alcremie|Psychic|p2a: Slowbro\n|-damage|p2a: Slowbro|0 fnt\n|faint|p2a: Slowbro\n|\n|upkeep\n|c|\u2606Replica1|I mean im still learning about this team\n|c|\u2606Replica1|idk how to play it too much\n|c|\u2606olivia rodrig|quick draw quick claw?\n|inactive|Replica1 has 90 seconds left.\n|\n|t:|1700530688\n|switch|p2a: Sableye|Sableye, F|100\/100\n|turn|12\n|c|\u2606olivia rodrig|bro using temp6t teams\n|\n|t:|1700530697\n|move|p1a: Alcremie|Draining Kiss|p2a: Sableye\n|-supereffective|p2a: Sableye\n|-damage|p2a: Sableye|0 fnt\n|-heal|p1a: Alcremie|100\/100|[from] drain|[of] p2a: Sableye\n|faint|p2a: Sableye\n|\n|upkeep\n|inactive|Replica1 has 90 seconds left.\n|c|\u2606Replica1|is temp6 a youtuber...this dude mentioned him\/her too\n|\n|t:|1700530726\n|switch|p2a: Chansey|Chansey, F|100\/100\n|turn|13\n|\n|t:|1700530734\n|move|p1a: Alcremie|Sweet Kiss|p2a: Chansey\n|-start|p2a: Chansey|confusion\n|-activate|p2a: Chansey|confusion\n|move|p2a: Chansey|Ice Punch|p1a: Alcremie\n|-damage|p1a: Alcremie|93\/100\n|\n|upkeep\n|turn|14\n|inactive|Replica1 has 90 seconds left.\n|\n|t:|1700530744\n|move|p1a: Alcremie|Psychic|p2a: Chansey\n|-damage|p2a: Chansey|78\/100\n|-activate|p2a: Chansey|confusion\n|-damage|p2a: Chansey|72\/100|[from] confusion\n|\n|upkeep\n|turn|15\n|\n|t:|1700530750\n|move|p1a: Alcremie|Psychic|p2a: Chansey\n|-damage|p2a: Chansey|48\/100\n|-activate|p2a: Chansey|confusion\n|move|p2a: Chansey|Ice Punch|p1a: Alcremie\n|-crit|p1a: Alcremie\n|-damage|p1a: Alcremie|77\/100\n|\n|upkeep\n|turn|16\n|\n|t:|1700530757\n|move|p1a: Alcremie|Psychic|p2a: Chansey\n|-damage|p2a: Chansey|25\/100\n|-activate|p2a: Chansey|confusion\n|move|p2a: Chansey|Ice Punch|p1a: Alcremie\n|-damage|p1a: Alcremie|69\/100\n|\n|upkeep\n|turn|17\n|\n|t:|1700530764\n|move|p1a: Alcremie|Psychic|p2a: Chansey\n|-damage|p2a: Chansey|0 fnt\n|faint|p2a: Chansey\n|\n|upkeep\n|\n|t:|1700530768\n|switch|p2a: Gastrodon|Gastrodon, M|100\/100\n|turn|18\n|\n|t:|1700530773\n|move|p1a: Alcremie|Draining Kiss|p2a: Gastrodon\n|-damage|p2a: Gastrodon|64\/100\n|-heal|p1a: Alcremie|100\/100|[from] drain|[of] p2a: Gastrodon\n|move|p2a: Gastrodon|Memento|p1a: Alcremie\n|-unboost|p1a: Alcremie|atk|2\n|-unboost|p1a: Alcremie|spa|2\n|faint|p2a: Gastrodon\n|\n|upkeep\n|\n|t:|1700530784\n|switch|p2a: Pyukumuku|Pyukumuku, F|100\/100\n|turn|19\n|c|\u2606olivia rodrig|gg?\n|\n|t:|1700530789\n|move|p1a: Alcremie|Sweet Kiss|p2a: Pyukumuku\n|-start|p2a: Pyukumuku|confusion\n|-activate|p2a: Pyukumuku|confusion\n|move|p2a: Pyukumuku|Memento|p1a: Alcremie\n|-unboost|p1a: Alcremie|atk|2\n|-unboost|p1a: Alcremie|spa|2\n|faint|p2a: Pyukumuku\n|\n|win|olivia rodrig\n|raw|olivia rodrig's rating: 1149 &rarr; <strong>1164<\/strong><br \/>(+15 for winning)\n|raw|Replica1's rating: 1000 &rarr; <strong>1000<\/strong><br \/>(+0 for losing)\n|c|\u2606olivia rodrig|bruh\n|c|\u2606Replica1|yeah, i didnt know that killed u\n|c|\u2606Replica1|lol\n","uploadtime":1700530811,"views":1,"p1id":"oliviarodrig","p2id":"replica1","formatid":"gen9nationaldexubers","rating":1000,"private":0,"password":""}