{"id":"gen9nationaldexubers-1997002728","p1":"KarmaKazama0","p2":"Go Birds EAGLES","format":"[Gen 9] National Dex Ubers","log":"|j|\u2606KarmaKazama0\n|j|\u2606Go Birds EAGLES\n|t:|1700754521\n|gametype|singles\n|player|p1|KarmaKazama0|169|1531\n|player|p2|Go Birds EAGLES|hanbei-conquest|1533\n|teamsize|p1|6\n|teamsize|p2|6\n|gen|9\n|tier|[Gen 9] National Dex Ubers\n|rated|\n|rule|HP Percentage Mod: HP is shown in percentages\n|rule|Endless Battle Clause: Forcing endless battles is banned\n|rule|OHKO Clause: OHKO moves are banned\n|rule|Evasion Moves Clause: Evasion moves are banned\n|rule|Evasion Items Clause: Evasion items are banned\n|rule|Species Clause: Limit one of each Pok\u00e9mon\n|rule|Sleep Clause Mod: Limit one foe put to sleep\n|rule|Mega Rayquaza Clause: You cannot mega evolve Rayquaza\n|clearpoke\n|poke|p1|Ho-Oh|\n|poke|p1|Zacian-*|\n|poke|p1|Arceus-Dark|\n|poke|p1|Zygarde|\n|poke|p1|Necrozma-Dusk-Mane|\n|poke|p1|Groudon|\n|poke|p2|Mewtwo|\n|poke|p2|Ho-Oh|\n|poke|p2|Eternatus|\n|poke|p2|Dondozo, F|\n|poke|p2|Yveltal|\n|poke|p2|Groudon|\n|teampreview\n|inactive|Battle timer is ON: inactive players will automatically lose when time's up. (requested by Go Birds EAGLES)\n|\n|t:|1700754534\n|start\n|switch|p1a: Groudon|Groudon|100\/100\n|switch|p2a: Yveltal|Yveltal|100\/100\n|-ability|p2a: Yveltal|Dark Aura\n|detailschange|p1a: Groudon|Groudon-Primal\n|-primal|p1a: Groudon|Red Orb\n|-weather|DesolateLand|[from] ability: Desolate Land|[of] p1a: Groudon\n|turn|1\n|\n|t:|1700754541\n|move|p2a: Yveltal|Toxic|p1a: Groudon\n|-status|p1a: Groudon|tox\n|move|p1a: Groudon|Stealth Rock|p2a: Yveltal\n|-sidestart|p2: Go Birds EAGLES|move: Stealth Rock\n|\n|-weather|DesolateLand|[upkeep]\n|-damage|p1a: Groudon|94\/100 tox|[from] psn\n|upkeep\n|turn|2\n|\n|t:|1700754544\n|move|p2a: Yveltal|Defog|p1a: Groudon\n|-unboost|p1a: Groudon|evasion|1\n|-sideend|p2: Go Birds EAGLES|Stealth Rock|[from] move: Defog|[of] p2a: Yveltal\n|move|p1a: Groudon|Swords Dance|p1a: Groudon\n|-boost|p1a: Groudon|atk|2\n|\n|-weather|DesolateLand|[upkeep]\n|-damage|p1a: Groudon|82\/100 tox|[from] psn\n|upkeep\n|turn|3\n|\n|t:|1700754548\n|switch|p2a: Creamsicle Molly|Dondozo, F, shiny|100\/100\n|move|p1a: Groudon|Rock Tomb|p2a: Creamsicle Molly\n|-damage|p2a: Creamsicle Molly|89\/100\n|-unboost|p2a: Creamsicle Molly|spe|1\n|\n|-weather|DesolateLand|[upkeep]\n|-heal|p2a: Creamsicle Molly|95\/100|[from] item: Leftovers\n|-damage|p1a: Groudon|64\/100 tox|[from] psn\n|upkeep\n|turn|4\n|\n|t:|1700754556\n|-weather|none\n|switch|p1a: Arceus|Arceus-Dark|100\/100\n|move|p2a: Creamsicle Molly|Curse|p2a: Creamsicle Molly\n|-unboost|p2a: Creamsicle Molly|spe|1\n|-boost|p2a: Creamsicle Molly|atk|1\n|-boost|p2a: Creamsicle Molly|def|1\n|\n|-heal|p2a: Creamsicle Molly|100\/100|[from] item: Leftovers\n|upkeep\n|turn|5\n|\n|t:|1700754561\n|switch|p2a: Yveltal|Yveltal|100\/100\n|-ability|p2a: Yveltal|Dark Aura\n|move|p1a: Arceus|Taunt|p2a: Yveltal\n|-start|p2a: Yveltal|move: Taunt\n|\n|upkeep\n|turn|6\n|\n|t:|1700754567\n|move|p1a: Arceus|Toxic|p2a: Yveltal\n|-status|p2a: Yveltal|tox\n|move|p2a: Yveltal|Foul Play|p1a: Arceus\n|-resisted|p1a: Arceus\n|-damage|p1a: Arceus|89\/100\n|\n|-damage|p2a: Yveltal|94\/100 tox|[from] psn\n|upkeep\n|turn|7\n|\n|t:|1700754574\n|switch|p2a: Eternatus|Eternatus|100\/100\n|-ability|p2a: Eternatus|Pressure\n|move|p1a: Arceus|Judgment|p2a: Eternatus\n|-damage|p2a: Eternatus|69\/100\n|\n|-heal|p2a: Eternatus|75\/100|[from] item: Leftovers\n|upkeep\n|turn|8\n|\n|t:|1700754585\n|move|p2a: Eternatus|Toxic Spikes|p1a: Arceus\n|-sidestart|p1: KarmaKazama0|move: Toxic Spikes\n|move|p1a: Arceus|Taunt|p2a: Eternatus\n|-start|p2a: Eternatus|move: Taunt\n|\n|-heal|p2a: Eternatus|82\/100|[from] item: Leftovers\n|upkeep\n|turn|9\n|\n|t:|1700754590\n|switch|p1a: Ho-Oh|Ho-Oh|100\/100\n|move|p2a: Eternatus|Sludge Bomb|p1a: Ho-Oh\n|-damage|p1a: Ho-Oh|76\/100\n|-status|p1a: Ho-Oh|psn\n|\n|-heal|p2a: Eternatus|88\/100|[from] item: Leftovers\n|-damage|p1a: Ho-Oh|63\/100 psn|[from] psn\n|upkeep\n|turn|10\n|\n|t:|1700754599\n|move|p2a: Eternatus|Sludge Bomb|p1a: Ho-Oh\n|-damage|p1a: Ho-Oh|40\/100 psn\n|move|p1a: Ho-Oh|Whirlwind|p2a: Eternatus\n|drag|p2a: Creamsicle Molly|Dondozo, F, shiny|100\/100\n|\n|-damage|p1a: Ho-Oh|28\/100 psn|[from] psn\n|upkeep\n|turn|11\n|\n|t:|1700754605\n|move|p1a: Ho-Oh|Toxic|p2a: Creamsicle Molly\n|-status|p2a: Creamsicle Molly|tox\n|move|p2a: Creamsicle Molly|Waterfall|p1a: Ho-Oh\n|-supereffective|p1a: Ho-Oh\n|-damage|p1a: Ho-Oh|0 fnt\n|faint|p1a: Ho-Oh\n|\n|-damage|p2a: Creamsicle Molly|94\/100 tox|[from] psn\n|upkeep\n|\n|t:|1700754609\n|switch|p1a: Groudon|Groudon-Primal|64\/100 tox\n|-weather|DesolateLand|[from] ability: Desolate Land|[of] p1a: Groudon\n|turn|12\n|\n|t:|1700754614\n|move|p1a: Groudon|Precipice Blades|p2a: Creamsicle Molly\n|-damage|p2a: Creamsicle Molly|59\/100 tox\n|move|p2a: Creamsicle Molly|Curse|p2a: Creamsicle Molly\n|-unboost|p2a: Creamsicle Molly|spe|1\n|-boost|p2a: Creamsicle Molly|atk|1\n|-boost|p2a: Creamsicle Molly|def|1\n|\n|-weather|DesolateLand|[upkeep]\n|-heal|p2a: Creamsicle Molly|65\/100 tox|[from] item: Leftovers\n|-damage|p1a: Groudon|58\/100 tox|[from] psn\n|-damage|p2a: Creamsicle Molly|53\/100 tox|[from] psn\n|upkeep\n|turn|13\n|\n|t:|1700754623\n|move|p1a: Groudon|Stealth Rock|p2a: Creamsicle Molly\n|-sidestart|p2: Go Birds EAGLES|move: Stealth Rock\n|move|p2a: Creamsicle Molly|Rest|p2a: Creamsicle Molly\n|-status|p2a: Creamsicle Molly|slp|[from] move: Rest\n|-heal|p2a: Creamsicle Molly|100\/100 slp|[silent]\n|\n|-weather|DesolateLand|[upkeep]\n|-damage|p1a: Groudon|45\/100 tox|[from] psn\n|upkeep\n|turn|14\n|\n|t:|1700754631\n|-weather|none\n|switch|p1a: Zygarde|Zygarde, shiny|100\/100\n|-status|p1a: Zygarde|psn\n|cant|p2a: Creamsicle Molly|slp\n|\n|-damage|p1a: Zygarde|88\/100 psn|[from] psn\n|upkeep\n|turn|15\n|\n|t:|1700754635\n|move|p1a: Zygarde|Thousand Waves|p2a: Creamsicle Molly\n|-damage|p2a: Creamsicle Molly|87\/100 slp\n|-activate|p2a: Creamsicle Molly|trapped\n|cant|p2a: Creamsicle Molly|slp\n|\n|-heal|p1a: Zygarde|94\/100 psn|[from] item: Leftovers\n|-heal|p2a: Creamsicle Molly|93\/100 slp|[from] item: Leftovers\n|-damage|p1a: Zygarde|82\/100 psn|[from] psn\n|upkeep\n|turn|16\n|\n|t:|1700754645\n|move|p1a: Zygarde|Thousand Arrows|p2a: Creamsicle Molly\n|-damage|p2a: Creamsicle Molly|80\/100 slp\n|-curestatus|p2a: Creamsicle Molly|slp|[msg]\n|move|p2a: Creamsicle Molly|Waterfall|p1a: Zygarde\n|-damage|p1a: Zygarde|53\/100 psn\n|\n|-heal|p1a: Zygarde|59\/100 psn|[from] item: Leftovers\n|-heal|p2a: Creamsicle Molly|86\/100|[from] item: Leftovers\n|-damage|p1a: Zygarde|47\/100 psn|[from] psn\n|-activate|p1a: Zygarde|ability: Power Construct\n|detailschange|p1a: Zygarde|Zygarde-Complete, shiny\n|-heal|p1a: Zygarde|66\/100 psn|[silent]\n|upkeep\n|turn|17\n|\n|t:|1700754650\n|move|p1a: Zygarde|Thousand Arrows|p2a: Creamsicle Molly\n|-damage|p2a: Creamsicle Molly|74\/100\n|move|p2a: Creamsicle Molly|Waterfall|p1a: Zygarde\n|-damage|p1a: Zygarde|50\/100 psn\n|\n|-heal|p1a: Zygarde|57\/100 psn|[from] item: Leftovers\n|-heal|p2a: Creamsicle Molly|80\/100|[from] item: Leftovers\n|-damage|p1a: Zygarde|44\/100 psn|[from] psn\n|upkeep\n|turn|18\n|\n|t:|1700754656\n|move|p1a: Zygarde|Rest|p1a: Zygarde\n|-status|p1a: Zygarde|slp|[from] move: Rest\n|-heal|p1a: Zygarde|100\/100 slp|[silent]\n|move|p2a: Creamsicle Molly|Curse|p2a: Creamsicle Molly\n|-unboost|p2a: Creamsicle Molly|spe|1\n|-boost|p2a: Creamsicle Molly|atk|1\n|-boost|p2a: Creamsicle Molly|def|1\n|\n|-heal|p2a: Creamsicle Molly|87\/100|[from] item: Leftovers\n|upkeep\n|turn|19\n|\n|t:|1700754660\n|cant|p1a: Zygarde|slp\n|move|p2a: Creamsicle Molly|Curse|p2a: Creamsicle Molly\n|-unboost|p2a: Creamsicle Molly|spe|1\n|-boost|p2a: Creamsicle Molly|atk|1\n|-boost|p2a: Creamsicle Molly|def|1\n|\n|-heal|p2a: Creamsicle Molly|93\/100|[from] item: Leftovers\n|upkeep\n|turn|20\n|\n|t:|1700754668\n|cant|p1a: Zygarde|slp\n|move|p2a: Creamsicle Molly|Waterfall|p1a: Zygarde\n|-damage|p1a: Zygarde|72\/100 slp\n|\n|-heal|p1a: Zygarde|78\/100 slp|[from] item: Leftovers\n|-heal|p2a: Creamsicle Molly|99\/100|[from] item: Leftovers\n|upkeep\n|turn|21\n|\n|t:|1700754676\n|-curestatus|p1a: Zygarde|slp|[msg]\n|move|p1a: Zygarde|Thousand Arrows|p2a: Creamsicle Molly\n|-damage|p2a: Creamsicle Molly|92\/100\n|move|p2a: Creamsicle Molly|Curse|p2a: Creamsicle Molly\n|-unboost|p2a: Creamsicle Molly|spe|1\n|-boost|p2a: Creamsicle Molly|atk|1\n|-boost|p2a: Creamsicle Molly|def|1\n|\n|-heal|p1a: Zygarde|84\/100|[from] item: Leftovers\n|-heal|p2a: Creamsicle Molly|98\/100|[from] item: Leftovers\n|upkeep\n|turn|22\n|\n|t:|1700754681\n|move|p1a: Zygarde|Thousand Waves|p2a: Creamsicle Molly\n|-damage|p2a: Creamsicle Molly|91\/100\n|move|p2a: Creamsicle Molly|Curse|p2a: Creamsicle Molly\n|-unboost|p2a: Creamsicle Molly|spe|1\n|-boost|p2a: Creamsicle Molly|atk|1\n|-boost|p2a: Creamsicle Molly|def|1\n|\n|-heal|p1a: Zygarde|90\/100|[from] item: Leftovers\n|-heal|p2a: Creamsicle Molly|97\/100|[from] item: Leftovers\n|upkeep\n|turn|23\n|\n|t:|1700754697\n|switch|p1a: Arceus|Arceus-Dark|89\/100\n|-status|p1a: Arceus|psn\n|move|p2a: Creamsicle Molly|Curse|p2a: Creamsicle Molly\n|-unboost|p2a: Creamsicle Molly|spe|1\n|-boost|p2a: Creamsicle Molly|atk|1\n|-boost|p2a: Creamsicle Molly|def|1\n|\n|-heal|p2a: Creamsicle Molly|100\/100|[from] item: Leftovers\n|-damage|p1a: Arceus|77\/100 psn|[from] psn\n|upkeep\n|turn|24\n|\n|t:|1700754702\n|move|p1a: Arceus|Taunt|p2a: Creamsicle Molly\n|-start|p2a: Creamsicle Molly|move: Taunt\n|move|p2a: Creamsicle Molly|Waterfall|p1a: Arceus\n|-damage|p1a: Arceus|18\/100 psn\n|\n|-damage|p1a: Arceus|6\/100 psn|[from] psn\n|upkeep\n|turn|25\n|\n|t:|1700754708\n|move|p1a: Arceus|Toxic|p2a: Creamsicle Molly|[miss]\n|-miss|p1a: Arceus|p2a: Creamsicle Molly\n|move|p2a: Creamsicle Molly|Waterfall|p1a: Arceus\n|-damage|p1a: Arceus|0 fnt\n|faint|p1a: Arceus\n|\n|upkeep\n|-message|KarmaKazama0 forfeited.\n|\n|win|Go Birds EAGLES\n|raw|KarmaKazama0's rating: 1531 &rarr; <strong>1511<\/strong><br \/>(-20 for losing)\n|raw|Go Birds EAGLES's rating: 1533 &rarr; <strong>1553<\/strong><br \/>(+20 for winning)\n|l|\u2606KarmaKazama0\n","uploadtime":1700754728,"views":6,"p1id":"karmakazama0","p2id":"gobirdseagles","formatid":"gen9nationaldexubers","rating":1511,"private":0,"password":""}