{"id":"gen9nationaldexubers-1998524180","p1":"vorpal main","p2":"Dalosha","format":"[Gen 9] National Dex Ubers","log":"|j|\u2606vorpal main\n|j|\u2606Dalosha\n|t:|1700952117\n|gametype|singles\n|player|p1|vorpal main|1|\n|player|p2|Dalosha|266|\n|teamsize|p1|6\n|teamsize|p2|6\n|gen|9\n|tier|[Gen 9] National Dex Ubers\n|rule|HP Percentage Mod: HP is shown in percentages\n|rule|Endless Battle Clause: Forcing endless battles is banned\n|rule|OHKO Clause: OHKO moves are banned\n|rule|Evasion Moves Clause: Evasion moves are banned\n|rule|Evasion Items Clause: Evasion items are banned\n|rule|Species Clause: Limit one of each Pok\u00e9mon\n|rule|Sleep Clause Mod: Limit one foe put to sleep\n|rule|Mega Rayquaza Clause: You cannot mega evolve Rayquaza\n|clearpoke\n|poke|p1|Heatran, F|\n|poke|p1|Conkeldurr, M|\n|poke|p1|Zapdos|\n|poke|p1|Rillaboom, F|\n|poke|p1|Cofagrigus, M|\n|poke|p1|Primarina, F|\n|poke|p2|Victini|\n|poke|p2|Muk-Alola, F|\n|poke|p2|Gliscor, M|\n|poke|p2|Volcanion|\n|poke|p2|Meloetta|\n|poke|p2|Ribombee, F|\n|teampreview\n|c|\u2606Dalosha|glhf\n|\n|t:|1700952139\n|start\n|switch|p1a: Rayo Makakaking|Rillaboom, F|100\/100\n|switch|p2a: Victini|Victini|100\/100\n|-fieldstart|move: Grassy Terrain|[from] ability: Grassy Surge|[of] p1a: Rayo Makakaking\n|turn|1\n|\n|t:|1700952155\n|switch|p1a: Luperta|Zapdos|100\/100\n|move|p2a: Victini|U-turn|p1a: Luperta\n|-resisted|p1a: Luperta\n|-damage|p1a: Luperta|91\/100\n|-status|p2a: Victini|par|[from] ability: Static|[of] p1a: Luperta\n|-damage|p2a: Victini|91\/100 par|[from] item: Life Orb\n|c|\u2606Dalosha|ok\n|c|\u2606vorpal main|:D\n|\n|t:|1700952191\n|switch|p2a: Ribombee|Ribombee, F|100\/100|[from] U-turn\n|\n|upkeep\n|turn|2\n|\n|t:|1700952201\n|move|p2a: Ribombee|Moonblast|p1a: Luperta\n|-damage|p1a: Luperta|50\/100\n|move|p1a: Luperta|Volt Switch|p2a: Ribombee\n|-damage|p2a: Ribombee|56\/100\n|\n|t:|1700952209\n|switch|p1a: Pluto|Heatran, F|100\/100|[from] Volt Switch\n|\n|-heal|p2a: Ribombee|61\/100|[from] Grassy Terrain\n|upkeep\n|turn|3\n|\n|t:|1700952219\n|move|p2a: Ribombee|Sticky Web|p1a: Pluto\n|-sidestart|p1: vorpal main|move: Sticky Web\n|move|p1a: Pluto|Stealth Rock|p2a: Ribombee\n|-sidestart|p2: Dalosha|move: Stealth Rock\n|\n|-heal|p2a: Ribombee|67\/100|[from] Grassy Terrain\n|upkeep\n|turn|4\n|\n|t:|1700952228\n|switch|p2a: Muk|Muk-Alola, F|100\/100\n|-damage|p2a: Muk|88\/100|[from] Stealth Rock\n|move|p1a: Pluto|Magma Storm|p2a: Muk\n|-damage|p2a: Muk|69\/100\n|-activate|p2a: Muk|move: Magma Storm|[of] p1a: Pluto\n|\n|-heal|p2a: Muk|75\/100|[from] Grassy Terrain\n|-damage|p2a: Muk|63\/100|[from] move: Magma Storm|[partiallytrapped]\n|upkeep\n|turn|5\n|\n|t:|1700952240\n|move|p1a: Pluto|Earth Power|p2a: Muk\n|-supereffective|p2a: Muk\n|-damage|p2a: Muk|43\/100\n|move|p2a: Muk|Knock Off|p1a: Pluto\n|-damage|p1a: Pluto|72\/100\n|-enditem|p1a: Pluto|Leftovers|[from] move: Knock Off|[of] p2a: Muk\n|\n|-heal|p1a: Pluto|79\/100|[from] Grassy Terrain\n|-heal|p2a: Muk|49\/100|[from] Grassy Terrain\n|-damage|p2a: Muk|37\/100|[from] move: Magma Storm|[partiallytrapped]\n|-fieldend|move: Grassy Terrain\n|upkeep\n|turn|6\n|\n|t:|1700952251\n|move|p1a: Pluto|Earth Power|p2a: Muk\n|-supereffective|p2a: Muk\n|-damage|p2a: Muk|15\/100\n|move|p2a: Muk|Drain Punch|p1a: Pluto\n|-supereffective|p1a: Pluto\n|-damage|p1a: Pluto|49\/100\n|-heal|p2a: Muk|29\/100|[from] drain|[of] p1a: Pluto\n|\n|-damage|p2a: Muk|16\/100|[from] move: Magma Storm|[partiallytrapped]\n|upkeep\n|turn|7\n|\n|t:|1700952263\n|move|p1a: Pluto|Earth Power|p2a: Muk\n|-supereffective|p2a: Muk\n|-damage|p2a: Muk|0 fnt\n|faint|p2a: Muk\n|\n|upkeep\n|\n|t:|1700952288\n|switch|p2a: Gliscor|Gliscor, M|100\/100\n|-damage|p2a: Gliscor|88\/100|[from] Stealth Rock\n|turn|8\n|\n|t:|1700952297\n|switch|p1a: Luperta|Zapdos|50\/100\n|move|p2a: Gliscor|Earthquake|p1a: Luperta\n|-immune|p1a: Luperta\n|\n|-status|p2a: Gliscor|tox|[from] item: Toxic Orb\n|upkeep\n|turn|9\n|\n|t:|1700952308\n|move|p1a: Luperta|Roost|p1a: Luperta\n|-heal|p1a: Luperta|99\/100\n|-singleturn|p1a: Luperta|move: Roost\n|move|p2a: Gliscor|Substitute|p2a: Gliscor\n|-start|p2a: Gliscor|Substitute\n|-damage|p2a: Gliscor|63\/100 tox\n|\n|-heal|p2a: Gliscor|76\/100 tox|[from] ability: Poison Heal\n|upkeep\n|turn|10\n|\n|t:|1700952320\n|move|p1a: Luperta|Hidden Power|p2a: Gliscor\n|-supereffective|p2a: Gliscor\n|-end|p2a: Gliscor|Substitute\n|move|p2a: Gliscor|Crabhammer|p1a: Luperta\n|-crit|p1a: Luperta\n|-damage|p1a: Luperta|74\/100\n|\n|-heal|p2a: Gliscor|88\/100 tox|[from] ability: Poison Heal\n|upkeep\n|turn|11\n|\n|t:|1700952354\n|switch|p2a: Meloetta|Meloetta|100\/100\n|-damage|p2a: Meloetta|88\/100|[from] Stealth Rock\n|move|p1a: Luperta|Volt Switch|p2a: Meloetta\n|-damage|p2a: Meloetta|63\/100\n|\n|t:|1700952360\n|switch|p1a: Josele|Conkeldurr, M|100\/100|[from] Volt Switch\n|-activate|p1a: Josele|move: Sticky Web\n|-unboost|p1a: Josele|spe|1\n|\n|-heal|p2a: Meloetta|70\/100|[from] item: Leftovers\n|-status|p1a: Josele|brn|[from] item: Flame Orb\n|upkeep\n|turn|12\n|\n|t:|1700952375\n|switch|p1a: Pluto|Heatran, F|49\/100\n|-activate|p1a: Pluto|move: Sticky Web\n|-unboost|p1a: Pluto|spe|1\n|move|p2a: Meloetta|Substitute|p2a: Meloetta\n|-start|p2a: Meloetta|Substitute\n|-damage|p2a: Meloetta|45\/100\n|\n|-heal|p2a: Meloetta|51\/100|[from] item: Leftovers\n|upkeep\n|turn|13\n|\n|t:|1700952385\n|move|p2a: Meloetta|Calm Mind|p2a: Meloetta\n|-boost|p2a: Meloetta|spa|1\n|-boost|p2a: Meloetta|spd|1\n|move|p1a: Pluto|Magma Storm|p2a: Meloetta\n|-activate|p2a: Meloetta|move: Substitute|[damage]\n|\n|-heal|p2a: Meloetta|57\/100|[from] item: Leftovers\n|upkeep\n|turn|14\n|\n|t:|1700952395\n|move|p2a: Meloetta|Focus Blast|p1a: Pluto\n|-supereffective|p1a: Pluto\n|-damage|p1a: Pluto|0 fnt\n|faint|p1a: Pluto\n|\n|-heal|p2a: Meloetta|63\/100|[from] item: Leftovers\n|upkeep\n|\n|t:|1700952406\n|switch|p1a: Rayo Makakaking|Rillaboom, F|100\/100\n|-activate|p1a: Rayo Makakaking|move: Sticky Web\n|-unboost|p1a: Rayo Makakaking|spe|1\n|-fieldstart|move: Grassy Terrain|[from] ability: Grassy Surge|[of] p1a: Rayo Makakaking\n|turn|15\n|\n|t:|1700952416\n|move|p1a: Rayo Makakaking|Grassy Glide|p2a: Meloetta\n|-end|p2a: Meloetta|Substitute\n|move|p2a: Meloetta|Psyshock|p1a: Rayo Makakaking\n|-damage|p1a: Rayo Makakaking|31\/100\n|\n|-heal|p2a: Meloetta|70\/100|[from] Grassy Terrain\n|-heal|p2a: Meloetta|76\/100|[from] item: Leftovers\n|-heal|p1a: Rayo Makakaking|37\/100|[from] Grassy Terrain\n|upkeep\n|turn|16\n|\n|t:|1700952428\n|move|p1a: Rayo Makakaking|Grassy Glide|p2a: Meloetta\n|-damage|p2a: Meloetta|0 fnt\n|faint|p2a: Meloetta\n|\n|-heal|p1a: Rayo Makakaking|43\/100|[from] Grassy Terrain\n|upkeep\n|\n|t:|1700952460\n|switch|p2a: Gliscor|Gliscor, M|88\/100 tox\n|-damage|p2a: Gliscor|76\/100 tox|[from] Stealth Rock\n|turn|17\n|\n|t:|1700952467\n|switch|p1a: Luperta|Zapdos|74\/100\n|move|p2a: Gliscor|Substitute|p2a: Gliscor\n|-start|p2a: Gliscor|Substitute\n|-damage|p2a: Gliscor|51\/100 tox\n|\n|-heal|p2a: Gliscor|63\/100 tox|[from] ability: Poison Heal\n|upkeep\n|turn|18\n|\n|t:|1700952479\n|move|p1a: Luperta|Hidden Power|p2a: Gliscor\n|-supereffective|p2a: Gliscor\n|-end|p2a: Gliscor|Substitute\n|move|p2a: Gliscor|Taunt|p1a: Luperta\n|-start|p1a: Luperta|move: Taunt\n|\n|-heal|p2a: Gliscor|76\/100 tox|[from] ability: Poison Heal\n|upkeep\n|turn|19\n|\n|t:|1700952505\n|switch|p2a: Victini|Victini|91\/100 par\n|-damage|p2a: Victini|66\/100 par|[from] Stealth Rock\n|move|p1a: Luperta|Hidden Power|p2a: Victini\n|-resisted|p2a: Victini\n|-damage|p2a: Victini|57\/100 par\n|\n|-heal|p2a: Victini|63\/100 par|[from] Grassy Terrain\n|-fieldend|move: Grassy Terrain\n|upkeep\n|turn|20\n|\n|t:|1700952526\n|move|p1a: Luperta|Volt Switch|p2a: Victini\n|-damage|p2a: Victini|35\/100 par\n|\n|t:|1700952531\n|switch|p1a: Rodrigo|Cofagrigus, M|100\/100|[from] Volt Switch\n|-activate|p1a: Rodrigo|move: Sticky Web\n|-unboost|p1a: Rodrigo|spe|1\n|move|p2a: Victini|V-create|p1a: Rodrigo\n|-damage|p1a: Rodrigo|26\/100\n|-unboost|p2a: Victini|spe|1\n|-unboost|p2a: Victini|def|1\n|-unboost|p2a: Victini|spd|1\n|-activate|p1a: Rodrigo|ability: Mummy|Victory Star|[of] p2a: Victini\n|-damage|p2a: Victini|25\/100 par|[from] item: Life Orb\n|\n|upkeep\n|turn|21\n|\n|t:|1700952551\n|move|p2a: Victini|V-create|p1a: Rodrigo\n|-damage|p1a: Rodrigo|0 fnt\n|-unboost|p2a: Victini|spe|1\n|-unboost|p2a: Victini|def|1\n|-unboost|p2a: Victini|spd|1\n|faint|p1a: Rodrigo\n|-damage|p2a: Victini|15\/100 par|[from] item: Life Orb\n|\n|upkeep\n|\n|t:|1700952558\n|switch|p1a: Luperta|Zapdos|74\/100\n|turn|22\n|\n|t:|1700952566\n|move|p2a: Victini|Quick Attack|p1a: Luperta\n|-damage|p1a: Luperta|61\/100\n|-damage|p2a: Victini|5\/100 par|[from] item: Life Orb\n|move|p1a: Luperta|Volt Switch|p2a: Victini\n|-damage|p2a: Victini|0 fnt\n|faint|p2a: Victini\n|\n|t:|1700952576\n|switch|p1a: Josele|Conkeldurr, M|100\/100 brn|[from] Volt Switch\n|-activate|p1a: Josele|move: Sticky Web\n|-unboost|p1a: Josele|spe|1\n|\n|-damage|p1a: Josele|94\/100 brn|[from] brn\n|upkeep\n|\n|t:|1700952600\n|switch|p2a: Ribombee|Ribombee, F|67\/100\n|-damage|p2a: Ribombee|42\/100|[from] Stealth Rock\n|turn|23\n|\n|t:|1700952617\n|switch|p1a: Tuki Rumba|Primarina, F|100\/100\n|-activate|p1a: Tuki Rumba|move: Sticky Web\n|-unboost|p1a: Tuki Rumba|spe|1\n|move|p2a: Ribombee|Moonblast|p1a: Tuki Rumba\n|-damage|p1a: Tuki Rumba|78\/100\n|\n|upkeep\n|turn|24\n|\n|t:|1700952630\n|move|p2a: Ribombee|Defog|p1a: Tuki Rumba\n|-unboost|p1a: Tuki Rumba|evasion|1\n|-sideend|p1: vorpal main|Sticky Web|[from] move: Defog|[of] p2a: Ribombee\n|-sideend|p2: Dalosha|Stealth Rock|[from] move: Defog|[of] p2a: Ribombee\n|move|p1a: Tuki Rumba|Shadow Ball|p2a: Ribombee\n|-damage|p2a: Ribombee|0 fnt\n|faint|p2a: Ribombee\n|\n|upkeep\n|\n|t:|1700952642\n|switch|p2a: Volcanion|Volcanion|100\/100\n|turn|25\n|\n|t:|1700952651\n|move|p2a: Volcanion|Steam Eruption|p1a: Tuki Rumba\n|-resisted|p1a: Tuki Rumba\n|-damage|p1a: Tuki Rumba|62\/100\n|-status|p1a: Tuki Rumba|brn\n|move|p1a: Tuki Rumba|Shadow Ball|p2a: Volcanion\n|-damage|p2a: Volcanion|82\/100\n|\n|-damage|p1a: Tuki Rumba|56\/100 brn|[from] brn\n|upkeep\n|turn|26\n|\n|t:|1700952668\n|move|p2a: Volcanion|Flash Cannon|p1a: Tuki Rumba\n|-damage|p1a: Tuki Rumba|41\/100 brn\n|move|p1a: Tuki Rumba|Shadow Ball|p2a: Volcanion\n|-damage|p2a: Volcanion|65\/100\n|\n|-damage|p1a: Tuki Rumba|35\/100 brn|[from] brn\n|upkeep\n|turn|27\n|\n|t:|1700952678\n|move|p2a: Volcanion|Steam Eruption|p1a: Tuki Rumba\n|-resisted|p1a: Tuki Rumba\n|-damage|p1a: Tuki Rumba|20\/100 brn\n|move|p1a: Tuki Rumba|Shadow Ball|p2a: Volcanion\n|-damage|p2a: Volcanion|45\/100\n|-unboost|p2a: Volcanion|spd|1\n|\n|-damage|p1a: Tuki Rumba|14\/100 brn|[from] brn\n|upkeep\n|turn|28\n|\n|t:|1700952689\n|move|p2a: Volcanion|Steam Eruption|p1a: Tuki Rumba\n|-resisted|p1a: Tuki Rumba\n|-damage|p1a: Tuki Rumba|0 fnt\n|faint|p1a: Tuki Rumba\n|\n|upkeep\n|\n|t:|1700952708\n|switch|p1a: Josele|Conkeldurr, M|94\/100 brn\n|turn|29\n|\n|t:|1700952717\n|move|p2a: Volcanion|Steam Eruption|p1a: Josele\n|-damage|p1a: Josele|31\/100 brn\n|move|p1a: Josele|Facade|p2a: Volcanion\n|-damage|p2a: Volcanion|0 fnt\n|faint|p2a: Volcanion\n|\n|-damage|p1a: Josele|24\/100 brn|[from] brn\n|upkeep\n|\n|t:|1700952725\n|switch|p2a: Gliscor|Gliscor, M|76\/100 tox\n|turn|30\n|\n|t:|1700952732\n|move|p2a: Gliscor|Earthquake|p1a: Josele\n|-damage|p1a: Josele|0 fnt\n|faint|p1a: Josele\n|\n|-heal|p2a: Gliscor|88\/100 tox|[from] ability: Poison Heal\n|upkeep\n|\n|t:|1700952738\n|switch|p1a: Luperta|Zapdos|61\/100\n|turn|31\n|c|\u2606Dalosha|gg\n|\n|t:|1700952746\n|move|p1a: Luperta|Hidden Power|p2a: Gliscor\n|-supereffective|p2a: Gliscor\n|-damage|p2a: Gliscor|3\/100 tox\n|move|p2a: Gliscor|Crabhammer|p1a: Luperta\n|-damage|p1a: Luperta|44\/100\n|\n|-heal|p2a: Gliscor|16\/100 tox|[from] ability: Poison Heal\n|upkeep\n|turn|32\n|\n|t:|1700952753\n|move|p1a: Luperta|Hidden Power|p2a: Gliscor\n|-supereffective|p2a: Gliscor\n|-damage|p2a: Gliscor|0 fnt\n|faint|p2a: Gliscor\n|\n|win|vorpal main\n|c|\u2606vorpal main|gg\n|l|\u2606Dalosha\n","uploadtime":1700952760,"views":25,"p1id":"vorpalmain","p2id":"dalosha","formatid":"gen9nationaldexubers","rating":0,"private":0,"password":""}