{"id":"gen9nationaldexubers-1988742642","p1":"joon30","p2":"Rhyfinn 04","format":"[Gen 9] National Dex Ubers","log":"|j|\u2606joon30\n|j|\u2606Rhyfinn 04\n|t:|1699757395\n|gametype|singles\n|player|p1|joon30|maid|1276\n|player|p2|Rhyfinn 04|alder|1222\n|teamsize|p1|6\n|teamsize|p2|6\n|gen|9\n|tier|[Gen 9] National Dex Ubers\n|rated|\n|rule|HP Percentage Mod: HP is shown in percentages\n|rule|Endless Battle Clause: Forcing endless battles is banned\n|rule|OHKO Clause: OHKO moves are banned\n|rule|Evasion Moves Clause: Evasion moves are banned\n|rule|Evasion Items Clause: Evasion items are banned\n|rule|Species Clause: Limit one of each Pok\u00e9mon\n|rule|Sleep Clause Mod: Limit one foe put to sleep\n|rule|Mega Rayquaza Clause: You cannot mega evolve Rayquaza\n|clearpoke\n|poke|p1|Charizard, M|\n|poke|p1|Zacian-*|\n|poke|p1|Kyogre|\n|poke|p1|Groudon|\n|poke|p1|Necrozma-Dawn-Wings|\n|poke|p1|Maushold-Four|\n|poke|p2|Groudon|\n|poke|p2|Xerneas-*|\n|poke|p2|Marshadow|\n|poke|p2|Necrozma-Dusk-Mane|\n|poke|p2|Deoxys-Speed|\n|poke|p2|Pheromosa|\n|teampreview\n|inactive|Battle timer is ON: inactive players will automatically lose when time's up. (requested by Rhyfinn 04)\n|\n|t:|1699757402\n|start\n|switch|p1a: Maushold|Maushold-Four, shiny|100\/100\n|switch|p2a: Deoxys|Deoxys-Speed, shiny|100\/100\n|-ability|p2a: Deoxys|Pressure\n|turn|1\n|\n|t:|1699757411\n|move|p2a: Deoxys|Taunt|p1a: Maushold\n|-start|p1a: Maushold|move: Taunt\n|cant|p1a: Maushold|move: Taunt|Tidy Up\n|\n|upkeep\n|turn|2\n|\n|t:|1699757417\n|move|p2a: Deoxys|Stealth Rock|p1a: Maushold\n|-sidestart|p1: joon30|move: Stealth Rock\n|move|p1a: Maushold|Population Bomb|p2a: Deoxys\n|-damage|p2a: Deoxys|87\/100\n|-damage|p2a: Deoxys|71\/100\n|-damage|p2a: Deoxys|55\/100\n|-damage|p2a: Deoxys|39\/100\n|-hitcount|p2a: Deoxys|4\n|\n|upkeep\n|turn|3\n|\n|t:|1699757436\n|move|p2a: Deoxys|Spikes|p1a: Maushold\n|-sidestart|p1: joon30|Spikes\n|move|p1a: Maushold|Bullet Seed|p2a: Deoxys\n|-damage|p2a: Deoxys|27\/100\n|-damage|p2a: Deoxys|16\/100\n|-damage|p2a: Deoxys|4\/100\n|-damage|p2a: Deoxys|0 fnt\n|faint|p2a: Deoxys\n|-hitcount|p2: Deoxys|4\n|\n|-end|p1a: Maushold|move: Taunt\n|upkeep\n|\n|t:|1699757445\n|switch|p2a: Pheromosa|Pheromosa|100\/100\n|turn|4\n|\n|t:|1699757453\n|move|p2a: Pheromosa|Close Combat|p1a: Maushold\n|-supereffective|p1a: Maushold\n|-enditem|p1a: Maushold|Focus Sash\n|-damage|p1a: Maushold|1\/100\n|-unboost|p2a: Pheromosa|def|1\n|-unboost|p2a: Pheromosa|spd|1\n|-damage|p2a: Pheromosa|91\/100|[from] item: Life Orb\n|move|p1a: Maushold|U-turn|p2a: Pheromosa\n|-resisted|p2a: Pheromosa\n|-damage|p2a: Pheromosa|55\/100\n|\n|t:|1699757464\n|switch|p1a: Charizard|Charizard, M, shiny|100\/100|[from] U-turn\n|-damage|p1a: Charizard|51\/100|[from] Stealth Rock\n|\n|upkeep\n|turn|5\n|\n|t:|1699757471\n|move|p2a: Pheromosa|Triple Axel|p1a: Charizard\n|-crit|p1a: Charizard\n|-damage|p1a: Charizard|32\/100\n|-damage|p1a: Charizard|5\/100\n|-damage|p1a: Charizard|0 fnt\n|faint|p1a: Charizard\n|-ability|p2a: Pheromosa|Beast Boost|boost\n|-boost|p2a: Pheromosa|spe|1\n|-hitcount|p1: Charizard|3\n|-damage|p2a: Pheromosa|45\/100|[from] item: Life Orb\n|\n|upkeep\n|\n|t:|1699757481\n|switch|p1a: Groudon|Groudon, shiny|100\/100\n|-damage|p1a: Groudon|94\/100|[from] Stealth Rock\n|-damage|p1a: Groudon|82\/100|[from] Spikes\n|detailschange|p1a: Groudon|Groudon-Primal, shiny\n|-primal|p1a: Groudon|Red Orb\n|-weather|DesolateLand|[from] ability: Desolate Land|[of] p1a: Groudon\n|turn|6\n|\n|t:|1699757489\n|move|p2a: Pheromosa|Close Combat|p1a: Groudon\n|-damage|p1a: Groudon|29\/100\n|-unboost|p2a: Pheromosa|def|1\n|-unboost|p2a: Pheromosa|spd|1\n|-damage|p2a: Pheromosa|35\/100|[from] item: Life Orb\n|move|p1a: Groudon|Fire Punch|p2a: Pheromosa\n|-supereffective|p2a: Pheromosa\n|-damage|p2a: Pheromosa|0 fnt\n|faint|p2a: Pheromosa\n|\n|-weather|DesolateLand|[upkeep]\n|upkeep\n|\n|t:|1699757508\n|switch|p2a: Necrozma|Necrozma-Dusk-Mane, shiny|100\/100\n|turn|7\n|\n|t:|1699757512\n|detailschange|p2a: Necrozma|Necrozma-Ultra, shiny\n|-burst|p2a: Necrozma|Necrozma|Ultranecrozium Z\n|move|p2a: Necrozma|Dragon Dance|p2a: Necrozma\n|-boost|p2a: Necrozma|atk|1\n|-boost|p2a: Necrozma|spe|1\n|move|p1a: Groudon|Precipice Blades|p2a: Necrozma\n|-damage|p2a: Necrozma|12\/100\n|\n|-weather|DesolateLand|[upkeep]\n|upkeep\n|turn|8\n|\n|t:|1699757528\n|move|p2a: Necrozma|Earthquake|p1a: Groudon\n|-supereffective|p1a: Groudon\n|-damage|p1a: Groudon|0 fnt\n|faint|p1a: Groudon\n|-weather|none\n|\n|upkeep\n|\n|t:|1699757536\n|switch|p1a: Kyogre|Kyogre, shiny|100\/100\n|-damage|p1a: Kyogre|88\/100|[from] Stealth Rock\n|-damage|p1a: Kyogre|76\/100|[from] Spikes\n|detailschange|p1a: Kyogre|Kyogre-Primal, shiny\n|-primal|p1a: Kyogre|Blue Orb\n|-weather|PrimordialSea|[from] ability: Primordial Sea|[of] p1a: Kyogre\n|turn|9\n|\n|t:|1699757548\n|move|p2a: Necrozma|Photon Geyser|p1a: Kyogre\n|-damage|p1a: Kyogre|0 fnt\n|faint|p1a: Kyogre\n|-weather|none\n|\n|upkeep\n|\n|t:|1699757555\n|switch|p1a: Zacian|Zacian-Crowned, shiny|100\/100\n|-damage|p1a: Zacian|94\/100|[from] Stealth Rock\n|-damage|p1a: Zacian|82\/100|[from] Spikes\n|-ability|p1a: Zacian|Intrepid Sword|boost\n|-boost|p1a: Zacian|atk|1\n|turn|10\n|\n|t:|1699757563\n|move|p2a: Necrozma|Earthquake|p1a: Zacian\n|-supereffective|p1a: Zacian\n|-damage|p1a: Zacian|0 fnt\n|faint|p1a: Zacian\n|\n|upkeep\n|\n|t:|1699757568\n|switch|p1a: Maushold|Maushold-Four, shiny|1\/100\n|-damage|p1a: Maushold|0 fnt|[from] Stealth Rock\n|faint|p1a: Maushold\n|\n|t:|1699757571\n|switch|p1a: Necrozma|Necrozma-Dawn-Wings, shiny|100\/100\n|-damage|p1a: Necrozma|88\/100|[from] Stealth Rock\n|-damage|p1a: Necrozma|76\/100|[from] Spikes\n|turn|11\n|-message|joon30 forfeited.\n|\n|win|Rhyfinn 04\n|raw|joon30's rating: 1276 &rarr; <strong>1247<\/strong><br \/>(-29 for losing)\n|raw|Rhyfinn 04's rating: 1222 &rarr; <strong>1251<\/strong><br \/>(+29 for winning)\n|l|\u2606joon30\n","uploadtime":1699757594,"views":5,"p1id":"joon30","p2id":"rhyfinn04","formatid":"gen9nationaldexubers","rating":1247,"private":0,"password":""}