{"id":"gen9nationaldexubers-1979148431","p1":"Steven Stone 007","p2":"ANinjaDude","format":"[Gen 9] National Dex Ubers","log":"|j|\u2606Steven Stone 007\n|j|\u2606ANinjaDude\n|t:|1698639123\n|gametype|singles\n|player|p1|Steven Stone 007|steven|\n|player|p2|ANinjaDude|volkner|\n|teamsize|p1|6\n|teamsize|p2|6\n|gen|9\n|tier|[Gen 9] National Dex Ubers\n|rule|HP Percentage Mod: HP is shown in percentages\n|rule|Endless Battle Clause: Forcing endless battles is banned\n|rule|OHKO Clause: OHKO moves are banned\n|rule|Evasion Moves Clause: Evasion moves are banned\n|rule|Evasion Items Clause: Evasion items are banned\n|rule|Species Clause: Limit one of each Pok\u00e9mon\n|rule|Sleep Clause Mod: Limit one foe put to sleep\n|rule|Mega Rayquaza Clause: You cannot mega evolve Rayquaza\n|clearpoke\n|poke|p1|Mamoswine, M|\n|poke|p1|Dragapult, M|\n|poke|p1|Cresselia, F|\n|poke|p1|Ferrothorn, M|\n|poke|p1|Milotic, M|\n|poke|p1|Lopunny, F|\n|poke|p2|Landorus-Therian, M|\n|poke|p2|Celesteela|\n|poke|p2|Thundurus-Therian, M|\n|poke|p2|Dragonite, M|\n|poke|p2|Rayquaza|\n|poke|p2|Scizor, M|\n|teampreview\n|inactive|Battle timer is ON: inactive players will automatically lose when time's up. (requested by ANinjaDude)\n|c|\u2606ANinjaDude|glhf\n|c|\u2606Steven Stone 007|GL\n|\n|t:|1698639131\n|start\n|switch|p1a: Lopunny|Lopunny, F|100\/100\n|switch|p2a: Landorus|Landorus-Therian, M|100\/100\n|-ability|p2a: Landorus|Intimidate|boost\n|-unboost|p1a: Lopunny|atk|1\n|turn|1\n|\n|t:|1698639136\n|switch|p2a: Scizor|Scizor, M|100\/100\n|detailschange|p1a: Lopunny|Lopunny-Mega, F\n|-mega|p1a: Lopunny|Lopunny|Lopunnite\n|move|p1a: Lopunny|Fake Out|p2a: Scizor\n|-resisted|p2a: Scizor\n|-damage|p2a: Scizor|92\/100\n|\n|upkeep\n|turn|2\n|\n|t:|1698639139\n|switch|p1a: Ferrothorn|Ferrothorn, M|100\/100\n|detailschange|p2a: Scizor|Scizor-Mega, M\n|-mega|p2a: Scizor|Scizor|Scizorite\n|move|p2a: Scizor|Swords Dance|p2a: Scizor\n|-boost|p2a: Scizor|atk|2\n|\n|upkeep\n|turn|3\n|\n|t:|1698639145\n|move|p2a: Scizor|Swords Dance|p2a: Scizor\n|-boost|p2a: Scizor|atk|2\n|move|p1a: Ferrothorn|Leech Seed|p2a: Scizor\n|-start|p2a: Scizor|move: Leech Seed\n|\n|-damage|p2a: Scizor|80\/100|[from] Leech Seed|[of] p1a: Ferrothorn\n|upkeep\n|turn|4\n|\n|t:|1698639150\n|move|p2a: Scizor|Swords Dance|p2a: Scizor\n|-boost|p2a: Scizor|atk|2\n|move|p1a: Ferrothorn|Gyro Ball|p2a: Scizor\n|-resisted|p2a: Scizor\n|-damage|p2a: Scizor|57\/100\n|\n|-damage|p2a: Scizor|44\/100|[from] Leech Seed|[of] p1a: Ferrothorn\n|upkeep\n|turn|5\n|\n|t:|1698639154\n|move|p2a: Scizor|Knock Off|p1a: Ferrothorn\n|-damage|p1a: Ferrothorn|20\/100\n|-damage|p2a: Scizor|32\/100|[from] ability: Iron Barbs|[of] p1a: Ferrothorn\n|-enditem|p1a: Ferrothorn|Leftovers|[from] move: Knock Off|[of] p2a: Scizor\n|move|p1a: Ferrothorn|Gyro Ball|p2a: Scizor\n|-resisted|p2a: Scizor\n|-damage|p2a: Scizor|9\/100\n|\n|-damage|p2a: Scizor|0 fnt|[from] Leech Seed|[of] p1a: Ferrothorn\n|-heal|p1a: Ferrothorn|27\/100|[silent]\n|faint|p2a: Scizor\n|upkeep\n|\n|t:|1698639170\n|switch|p2a: Rayquaza|Rayquaza|100\/100\n|-ability|p2a: Rayquaza|Air Lock\n|turn|6\n|\n|t:|1698639175\n|move|p2a: Rayquaza|Swords Dance|p2a: Rayquaza\n|-boost|p2a: Rayquaza|atk|2\n|move|p1a: Ferrothorn|Toxic|p2a: Rayquaza\n|-status|p2a: Rayquaza|tox\n|\n|-damage|p2a: Rayquaza|95\/100 tox|[from] psn\n|upkeep\n|turn|7\n|\n|t:|1698639179\n|move|p2a: Rayquaza|Scale Shot|p1a: Ferrothorn\n|-resisted|p1a: Ferrothorn\n|-crit|p1a: Ferrothorn\n|-damage|p1a: Ferrothorn|14\/100\n|-resisted|p1a: Ferrothorn\n|-damage|p1a: Ferrothorn|6\/100\n|-resisted|p1a: Ferrothorn\n|-crit|p1a: Ferrothorn\n|-damage|p1a: Ferrothorn|0 fnt\n|faint|p1a: Ferrothorn\n|-hitcount|p1: Ferrothorn|3\n|-unboost|p2a: Rayquaza|def|1\n|-boost|p2a: Rayquaza|spe|1\n|\n|-damage|p2a: Rayquaza|83\/100 tox|[from] psn\n|upkeep\n|\n|t:|1698639183\n|switch|p1a: Mamoswine|Mamoswine, M|100\/100\n|turn|8\n|\n|t:|1698639191\n|-terastallize|p2a: Rayquaza|Steel\n|move|p1a: Mamoswine|Ice Shard|p2a: Rayquaza\n|-resisted|p2a: Rayquaza\n|-damage|p2a: Rayquaza|67\/100 tox\n|move|p2a: Rayquaza|Dragon Ascent|p1a: Mamoswine\n|-damage|p1a: Mamoswine|0 fnt\n|-unboost|p2a: Rayquaza|def|1\n|-unboost|p2a: Rayquaza|spd|1\n|faint|p1a: Mamoswine\n|\n|-damage|p2a: Rayquaza|49\/100 tox|[from] psn\n|upkeep\n|\n|t:|1698639201\n|switch|p1a: Lopunny|Lopunny-Mega, F|100\/100\n|turn|9\n|\n|t:|1698639205\n|move|p1a: Lopunny|Fake Out|p2a: Rayquaza\n|-resisted|p2a: Rayquaza\n|-damage|p2a: Rayquaza|24\/100 tox\n|cant|p2a: Rayquaza|flinch\n|\n|-damage|p2a: Rayquaza|0 fnt|[from] psn\n|faint|p2a: Rayquaza\n|upkeep\n|\n|t:|1698639210\n|switch|p2a: Thundurus|Thundurus-Therian, M|100\/100\n|turn|10\n|\n|t:|1698639215\n|switch|p1a: Cresselia|Cresselia, F, shiny|100\/100\n|move|p2a: Thundurus|Substitute|p2a: Thundurus\n|-start|p2a: Thundurus|Substitute\n|-damage|p2a: Thundurus|76\/100\n|\n|upkeep\n|turn|11\n|\n|t:|1698639219\n|move|p2a: Thundurus|Nasty Plot|p2a: Thundurus\n|-boost|p2a: Thundurus|spa|2\n|move|p1a: Cresselia|Calm Mind|p1a: Cresselia\n|-boost|p1a: Cresselia|spa|1\n|-boost|p1a: Cresselia|spd|1\n|\n|upkeep\n|turn|12\n|\n|t:|1698639225\n|move|p2a: Thundurus|Thunderbolt|p1a: Cresselia\n|-damage|p1a: Cresselia|61\/100\n|-status|p1a: Cresselia|par\n|move|p1a: Cresselia|Calm Mind|p1a: Cresselia\n|-boost|p1a: Cresselia|spa|1\n|-boost|p1a: Cresselia|spd|1\n|\n|upkeep\n|turn|13\n|\n|t:|1698639231\n|move|p2a: Thundurus|Nasty Plot|p2a: Thundurus\n|-boost|p2a: Thundurus|spa|2\n|move|p1a: Cresselia|Calm Mind|p1a: Cresselia\n|-boost|p1a: Cresselia|spa|1\n|-boost|p1a: Cresselia|spd|1\n|\n|upkeep\n|turn|14\n|c|\u2606ANinjaDude|big para\n|\n|t:|1698639234\n|move|p2a: Thundurus|Nasty Plot|p2a: Thundurus\n|-boost|p2a: Thundurus|spa|2\n|cant|p1a: Cresselia|par\n|\n|upkeep\n|turn|15\n|\n|t:|1698639237\n|move|p2a: Thundurus|Thunderbolt|p1a: Cresselia\n|-damage|p1a: Cresselia|10\/100 par\n|move|p1a: Cresselia|Moonlight|p1a: Cresselia\n|-heal|p1a: Cresselia|60\/100 par\n|\n|upkeep\n|turn|16\n|\n|t:|1698639241\n|move|p2a: Thundurus|Thunderbolt|p1a: Cresselia\n|-damage|p1a: Cresselia|14\/100 par\n|move|p1a: Cresselia|Stored Power|p2a: Thundurus\n|-end|p2a: Thundurus|Substitute\n|\n|upkeep\n|turn|17\n|\n|t:|1698639245\n|move|p2a: Thundurus|Thunderbolt|p1a: Cresselia\n|-damage|p1a: Cresselia|0 fnt\n|faint|p1a: Cresselia\n|\n|upkeep\n|\n|t:|1698639250\n|switch|p1a: Dragapult|Dragapult, M|100\/100\n|turn|18\n|\n|t:|1698639254\n|move|p1a: Dragapult|Substitute|p1a: Dragapult\n|-start|p1a: Dragapult|Substitute\n|-damage|p1a: Dragapult|76\/100\n|move|p2a: Thundurus|Thunderbolt|p1a: Dragapult\n|-resisted|p1a: Dragapult\n|-end|p1a: Dragapult|Substitute\n|\n|-heal|p1a: Dragapult|82\/100|[from] item: Leftovers\n|upkeep\n|turn|19\n|\n|t:|1698639260\n|move|p1a: Dragapult|Dragon Darts|p2a: Thundurus\n|-damage|p2a: Thundurus|38\/100\n|-anim|p1a: Dragapult|Dragon Darts|p2a: Thundurus\n|-damage|p2a: Thundurus|0 fnt\n|faint|p2a: Thundurus\n|\n|-heal|p1a: Dragapult|88\/100|[from] item: Leftovers\n|upkeep\n|\n|t:|1698639267\n|switch|p2a: Celesteela|Celesteela|100\/100\n|turn|20\n|\n|t:|1698639269\n|move|p1a: Dragapult|Substitute|p1a: Dragapult\n|-start|p1a: Dragapult|Substitute\n|-damage|p1a: Dragapult|63\/100\n|move|p2a: Celesteela|Autotomize|p2a: Celesteela\n|-boost|p2a: Celesteela|spe|2\n|-start|p2a: Celesteela|Autotomize\n|\n|-heal|p1a: Dragapult|69\/100|[from] item: Leftovers\n|upkeep\n|turn|21\n|\n|t:|1698639273\n|move|p2a: Celesteela|Flash Cannon|p1a: Dragapult\n|-crit|p1a: Dragapult\n|-end|p1a: Dragapult|Substitute\n|move|p1a: Dragapult|Dragon Dance|p1a: Dragapult\n|-boost|p1a: Dragapult|atk|1\n|-boost|p1a: Dragapult|spe|1\n|\n|-heal|p1a: Dragapult|75\/100|[from] item: Leftovers\n|upkeep\n|turn|22\n|\n|t:|1698639279\n|-terastallize|p1a: Dragapult|Ghost\n|move|p1a: Dragapult|Tera Blast|p2a: Celesteela|[anim] Tera Blast Ghost\n|-damage|p2a: Celesteela|12\/100\n|move|p2a: Celesteela|Flash Cannon|p1a: Dragapult\n|-damage|p1a: Dragapult|23\/100\n|\n|-heal|p1a: Dragapult|29\/100|[from] item: Leftovers\n|upkeep\n|turn|23\n|\n|t:|1698639284\n|move|p1a: Dragapult|Tera Blast|p2a: Celesteela|[anim] Tera Blast Ghost\n|-damage|p2a: Celesteela|0 fnt\n|faint|p2a: Celesteela\n|\n|-heal|p1a: Dragapult|35\/100|[from] item: Leftovers\n|upkeep\n|\n|t:|1698639286\n|switch|p2a: Landorus|Landorus-Therian, M|100\/100\n|-ability|p2a: Landorus|Intimidate|boost\n|-unboost|p1a: Dragapult|atk|1\n|turn|24\n|\n|t:|1698639291\n|move|p1a: Dragapult|Tera Blast|p2a: Landorus|[anim] Tera Blast Ghost\n|-damage|p2a: Landorus|37\/100\n|move|p2a: Landorus|Earthquake|p1a: Dragapult\n|-damage|p1a: Dragapult|0 fnt\n|faint|p1a: Dragapult\n|\n|upkeep\n|\n|t:|1698639297\n|switch|p1a: Milotic|Milotic, M|100\/100\n|turn|25\n|\n|t:|1698639304\n|move|p2a: Landorus|Explosion|p1a: Milotic\n|-damage|p1a: Milotic|16\/100\n|faint|p2a: Landorus\n|move|p1a: Milotic|Scald|p2: Landorus|[notarget]\n|-fail|p1a: Milotic\n|\n|upkeep\n|\n|t:|1698639308\n|switch|p2a: Dragonite|Dragonite, M|100\/100\n|turn|26\n|\n|t:|1698639311\n|move|p2a: Dragonite|Dragon Dance|p2a: Dragonite\n|-boost|p2a: Dragonite|atk|1\n|-boost|p2a: Dragonite|spe|1\n|move|p1a: Milotic|Toxic|p2a: Dragonite\n|-status|p2a: Dragonite|tox\n|\n|-damage|p2a: Dragonite|94\/100 tox|[from] psn\n|upkeep\n|turn|27\n|\n|t:|1698639315\n|move|p2a: Dragonite|Extreme Speed|p1a: Milotic\n|-damage|p1a: Milotic|0 fnt\n|faint|p1a: Milotic\n|\n|-damage|p2a: Dragonite|82\/100 tox|[from] psn\n|upkeep\n|\n|t:|1698639318\n|switch|p1a: Lopunny|Lopunny-Mega, F|100\/100\n|turn|28\n|c|\u2606Steven Stone 007|GG\n|c|\u2606ANinjaDude|ggs\n|\n|t:|1698639331\n|move|p1a: Lopunny|Fake Out|p2a: Dragonite\n|-damage|p2a: Dragonite|57\/100 tox\n|cant|p2a: Dragonite|flinch\n|\n|-damage|p2a: Dragonite|38\/100 tox|[from] psn\n|upkeep\n|turn|29\n|\n|t:|1698639334\n|move|p2a: Dragonite|Extreme Speed|p1a: Lopunny\n|-damage|p1a: Lopunny|44\/100\n|move|p1a: Lopunny|Frustration|p2a: Dragonite\n|-crit|p2a: Dragonite\n|-damage|p2a: Dragonite|0 fnt\n|faint|p2a: Dragonite\n|\n|win|Steven Stone 007\n|l|\u2606ANinjaDude\n","uploadtime":1698639344,"views":17,"p1id":"stevenstone007","p2id":"aninjadude","formatid":"gen9nationaldexubers","rating":0,"private":0,"password":""}