{"id":"gen9nationaldexubers-1993036391","p1":"VEN0M-MODE\u2716\ufe0f","p2":"Husali","format":"[Gen 9] National Dex Ubers","log":"|j|\u2606VEN0M-MODE\u2716\ufe0f\n|j|\u2606Husali\n|t:|1700257794\n|gametype|singles\n|player|p1|VEN0M-MODE\u2716\ufe0f|janine|1089\n|player|p2|Husali|1|1000\n|teamsize|p1|6\n|teamsize|p2|6\n|gen|9\n|tier|[Gen 9] National Dex Ubers\n|rated|\n|rule|HP Percentage Mod: HP is shown in percentages\n|rule|Endless Battle Clause: Forcing endless battles is banned\n|rule|OHKO Clause: OHKO moves are banned\n|rule|Evasion Moves Clause: Evasion moves are banned\n|rule|Evasion Items Clause: Evasion items are banned\n|rule|Species Clause: Limit one of each Pok\u00e9mon\n|rule|Sleep Clause Mod: Limit one foe put to sleep\n|rule|Mega Rayquaza Clause: You cannot mega evolve Rayquaza\n|clearpoke\n|poke|p1|Sneasler, M|\n|poke|p1|Revavroom, M|\n|poke|p1|Salazzle, F|\n|poke|p1|Crobat, M|\n|poke|p1|Drapion, M|\n|poke|p1|Eternatus|\n|poke|p2|Heracross, F|\n|poke|p2|Talonflame, F|\n|poke|p2|Heatran, M|\n|poke|p2|Crawdaunt, M|\n|poke|p2|Krookodile, M|\n|poke|p2|Latios, M|\n|teampreview\n|\n|t:|1700257844\n|start\n|switch|p1a: \ud83d\udfea\u2623\ufe0eSNEASLER\u2623\ufe0e\ud83d\udfea|Sneasler, M|100\/100\n|switch|p2a: Latios|Latios, M|100\/100\n|turn|1\n|\n|t:|1700257853\n|-terastallize|p1a: \ud83d\udfea\u2623\ufe0eSNEASLER\u2623\ufe0e\ud83d\udfea|Poison\n|move|p1a: \ud83d\udfea\u2623\ufe0eSNEASLER\u2623\ufe0e\ud83d\udfea|Dire Claw|p2a: Latios\n|-crit|p2a: Latios\n|-damage|p2a: Latios|0 fnt\n|faint|p2a: Latios\n|\n|upkeep\n|\n|t:|1700257866\n|switch|p2a: Crawdaunt|Crawdaunt, M|100\/100\n|turn|2\n|\n|t:|1700257873\n|move|p2a: Crawdaunt|Aqua Jet|p1a: \ud83d\udfea\u2623\ufe0eSNEASLER\u2623\ufe0e\ud83d\udfea\n|-damage|p1a: \ud83d\udfea\u2623\ufe0eSNEASLER\u2623\ufe0e\ud83d\udfea|57\/100\n|move|p1a: \ud83d\udfea\u2623\ufe0eSNEASLER\u2623\ufe0e\ud83d\udfea|Dire Claw|p2a: Crawdaunt\n|-damage|p2a: Crawdaunt|3\/100\n|-status|p2a: Crawdaunt|slp\n|\n|upkeep\n|turn|3\n|\n|t:|1700257891\n|switch|p2a: Talonflame|Talonflame, F|100\/100\n|move|p1a: \ud83d\udfea\u2623\ufe0eSNEASLER\u2623\ufe0e\ud83d\udfea|Gunk Shot|p2a: Talonflame\n|-damage|p2a: Talonflame|0 fnt\n|faint|p2a: Talonflame\n|\n|upkeep\n|\n|t:|1700257899\n|switch|p2a: Krookodile|Krookodile, M|100\/100\n|-ability|p2a: Krookodile|Intimidate|boost\n|-unboost|p1a: \ud83d\udfea\u2623\ufe0eSNEASLER\u2623\ufe0e\ud83d\udfea|atk|1\n|turn|4\n|\n|t:|1700257908\n|move|p2a: Krookodile|Earthquake|p1a: \ud83d\udfea\u2623\ufe0eSNEASLER\u2623\ufe0e\ud83d\udfea\n|-supereffective|p1a: \ud83d\udfea\u2623\ufe0eSNEASLER\u2623\ufe0e\ud83d\udfea\n|-damage|p1a: \ud83d\udfea\u2623\ufe0eSNEASLER\u2623\ufe0e\ud83d\udfea|0 fnt\n|faint|p1a: \ud83d\udfea\u2623\ufe0eSNEASLER\u2623\ufe0e\ud83d\udfea\n|\n|upkeep\n|\n|t:|1700257913\n|switch|p1a: \ud83d\udfea\u2623\ufe0eCROBAT\u2623\ufe0e\ud83d\udfea|Crobat, M|100\/100\n|turn|5\n|\n|t:|1700257921\n|switch|p2a: Heatran|Heatran, M|100\/100\n|move|p1a: \ud83d\udfea\u2623\ufe0eCROBAT\u2623\ufe0e\ud83d\udfea|Poison Fang|p2a: Heatran\n|-immune|p2a: Heatran\n|\n|upkeep\n|turn|6\n|\n|t:|1700257929\n|switch|p1a: \ud83d\udfea\u2623\ufe0eSALAZZLE\u2623\ufe0e\ud83d\udfea|Salazzle, F|100\/100\n|move|p2a: Heatran|Flash Cannon|p1a: \ud83d\udfea\u2623\ufe0eSALAZZLE\u2623\ufe0e\ud83d\udfea\n|-resisted|p1a: \ud83d\udfea\u2623\ufe0eSALAZZLE\u2623\ufe0e\ud83d\udfea\n|-damage|p1a: \ud83d\udfea\u2623\ufe0eSALAZZLE\u2623\ufe0e\ud83d\udfea|61\/100\n|\n|upkeep\n|turn|7\n|\n|t:|1700257945\n|switch|p2a: Krookodile|Krookodile, M|100\/100\n|-ability|p2a: Krookodile|Intimidate|boost\n|-unboost|p1a: \ud83d\udfea\u2623\ufe0eSALAZZLE\u2623\ufe0e\ud83d\udfea|atk|1\n|move|p1a: \ud83d\udfea\u2623\ufe0eSALAZZLE\u2623\ufe0e\ud83d\udfea|Toxic|p2a: Krookodile\n|-status|p2a: Krookodile|tox\n|\n|-damage|p2a: Krookodile|94\/100 tox|[from] psn\n|upkeep\n|turn|8\n|\n|t:|1700257960\n|switch|p1a: \ud83d\udfea\u2623\ufe0eCROBAT\u2623\ufe0e\ud83d\udfea|Crobat, M|100\/100\n|move|p2a: Krookodile|Earthquake|p1a: \ud83d\udfea\u2623\ufe0eCROBAT\u2623\ufe0e\ud83d\udfea\n|-immune|p1a: \ud83d\udfea\u2623\ufe0eCROBAT\u2623\ufe0e\ud83d\udfea\n|\n|-damage|p2a: Krookodile|82\/100 tox|[from] psn\n|upkeep\n|turn|9\n|\n|t:|1700257973\n|switch|p2a: Heatran|Heatran, M|100\/100\n|move|p1a: \ud83d\udfea\u2623\ufe0eCROBAT\u2623\ufe0e\ud83d\udfea|Protect||[still]\n|-fail|p1a: \ud83d\udfea\u2623\ufe0eCROBAT\u2623\ufe0e\ud83d\udfea\n|\n|upkeep\n|turn|10\n|\n|t:|1700257984\n|move|p1a: \ud83d\udfea\u2623\ufe0eCROBAT\u2623\ufe0e\ud83d\udfea|Protect|p1a: \ud83d\udfea\u2623\ufe0eCROBAT\u2623\ufe0e\ud83d\udfea\n|-singleturn|p1a: \ud83d\udfea\u2623\ufe0eCROBAT\u2623\ufe0e\ud83d\udfea|Protect\n|move|p2a: Heatran|Magma Storm|p1a: \ud83d\udfea\u2623\ufe0eCROBAT\u2623\ufe0e\ud83d\udfea\n|-activate|p1a: \ud83d\udfea\u2623\ufe0eCROBAT\u2623\ufe0e\ud83d\udfea|move: Protect\n|\n|upkeep\n|turn|11\n|\n|t:|1700257999\n|switch|p1a: \ud83d\udfea\u2623\ufe0eDRAPION\u2623\ufe0e\ud83d\udfea|Drapion, M|100\/100\n|move|p2a: Heatran|Stealth Rock|p1a: \ud83d\udfea\u2623\ufe0eDRAPION\u2623\ufe0e\ud83d\udfea\n|-sidestart|p1: VEN0M-MODE\u2716\ufe0f|move: Stealth Rock\n|\n|upkeep\n|turn|12\n|\n|t:|1700258011\n|move|p1a: \ud83d\udfea\u2623\ufe0eDRAPION\u2623\ufe0e\ud83d\udfea|Knock Off|p2a: Heatran\n|-damage|p2a: Heatran|66\/100\n|-enditem|p2a: Heatran|Leftovers|[from] move: Knock Off|[of] p1a: \ud83d\udfea\u2623\ufe0eDRAPION\u2623\ufe0e\ud83d\udfea\n|move|p2a: Heatran|Flash Cannon|p1a: \ud83d\udfea\u2623\ufe0eDRAPION\u2623\ufe0e\ud83d\udfea\n|-damage|p1a: \ud83d\udfea\u2623\ufe0eDRAPION\u2623\ufe0e\ud83d\udfea|48\/100\n|\n|upkeep\n|turn|13\n|\n|t:|1700258020\n|move|p1a: \ud83d\udfea\u2623\ufe0eDRAPION\u2623\ufe0e\ud83d\udfea|Toxic Spikes|p2a: Heatran\n|-sidestart|p2: Husali|move: Toxic Spikes\n|move|p2a: Heatran|Flash Cannon|p1a: \ud83d\udfea\u2623\ufe0eDRAPION\u2623\ufe0e\ud83d\udfea\n|-damage|p1a: \ud83d\udfea\u2623\ufe0eDRAPION\u2623\ufe0e\ud83d\udfea|0 fnt\n|faint|p1a: \ud83d\udfea\u2623\ufe0eDRAPION\u2623\ufe0e\ud83d\udfea\n|\n|upkeep\n|\n|t:|1700258031\n|switch|p1a: \ud83d\udfea\u2623\ufe0eSALAZZLE\u2623\ufe0e\ud83d\udfea|Salazzle, F|61\/100\n|-damage|p1a: \ud83d\udfea\u2623\ufe0eSALAZZLE\u2623\ufe0e\ud83d\udfea|36\/100|[from] Stealth Rock\n|turn|14\n|\n|t:|1700258043\n|switch|p2a: Krookodile|Krookodile, M|82\/100 tox\n|-ability|p2a: Krookodile|Intimidate|boost\n|-unboost|p1a: \ud83d\udfea\u2623\ufe0eSALAZZLE\u2623\ufe0e\ud83d\udfea|atk|1\n|move|p1a: \ud83d\udfea\u2623\ufe0eSALAZZLE\u2623\ufe0e\ud83d\udfea|Toxic|p2a: Krookodile\n|-fail|p2a: Krookodile|tox\n|\n|-damage|p2a: Krookodile|76\/100 tox|[from] psn\n|upkeep\n|turn|15\n|\n|t:|1700258058\n|switch|p1a: \ud83d\udfea\u2623\ufe0eCROBAT\u2623\ufe0e\ud83d\udfea|Crobat, M|100\/100\n|-damage|p1a: \ud83d\udfea\u2623\ufe0eCROBAT\u2623\ufe0e\ud83d\udfea|76\/100|[from] Stealth Rock\n|move|p2a: Krookodile|Earthquake|p1a: \ud83d\udfea\u2623\ufe0eCROBAT\u2623\ufe0e\ud83d\udfea\n|-immune|p1a: \ud83d\udfea\u2623\ufe0eCROBAT\u2623\ufe0e\ud83d\udfea\n|\n|-heal|p1a: \ud83d\udfea\u2623\ufe0eCROBAT\u2623\ufe0e\ud83d\udfea|82\/100|[from] item: Black Sludge\n|-damage|p2a: Krookodile|64\/100 tox|[from] psn\n|upkeep\n|turn|16\n|\n|t:|1700258076\n|switch|p2a: Crawdaunt|Crawdaunt, M|3\/100 slp\n|switch|p1a: \ud83d\udfea\u2623\ufe0eSALAZZLE\u2623\ufe0e\ud83d\udfea|Salazzle, F|36\/100\n|-damage|p1a: \ud83d\udfea\u2623\ufe0eSALAZZLE\u2623\ufe0e\ud83d\udfea|11\/100|[from] Stealth Rock\n|\n|upkeep\n|turn|17\n|\n|t:|1700258087\n|cant|p2a: Crawdaunt|slp\n|move|p1a: \ud83d\udfea\u2623\ufe0eSALAZZLE\u2623\ufe0e\ud83d\udfea|Sludge Wave|p2a: Crawdaunt\n|-damage|p2a: Crawdaunt|0 fnt\n|faint|p2a: Crawdaunt\n|\n|upkeep\n|\n|t:|1700258094\n|switch|p2a: Krookodile|Krookodile, M|64\/100 tox\n|-ability|p2a: Krookodile|Intimidate|boost\n|-unboost|p1a: \ud83d\udfea\u2623\ufe0eSALAZZLE\u2623\ufe0e\ud83d\udfea|atk|1\n|turn|18\n|\n|t:|1700258101\n|move|p2a: Krookodile|Knock Off|p1a: \ud83d\udfea\u2623\ufe0eSALAZZLE\u2623\ufe0e\ud83d\udfea\n|-damage|p1a: \ud83d\udfea\u2623\ufe0eSALAZZLE\u2623\ufe0e\ud83d\udfea|0 fnt\n|-enditem|p1a: \ud83d\udfea\u2623\ufe0eSALAZZLE\u2623\ufe0e\ud83d\udfea|Toxic Plate|[from] move: Knock Off|[of] p2a: Krookodile\n|faint|p1a: \ud83d\udfea\u2623\ufe0eSALAZZLE\u2623\ufe0e\ud83d\udfea\n|\n|-damage|p2a: Krookodile|58\/100 tox|[from] psn\n|upkeep\n|\n|t:|1700258109\n|switch|p1a: \ud83d\udfea\u2623\ufe0eETERNATUS\u2623\ufe0e\ud83d\udfea|Eternatus|100\/100\n|-damage|p1a: \ud83d\udfea\u2623\ufe0eETERNATUS\u2623\ufe0e\ud83d\udfea|88\/100|[from] Stealth Rock\n|-ability|p1a: \ud83d\udfea\u2623\ufe0eETERNATUS\u2623\ufe0e\ud83d\udfea|Pressure\n|turn|19\n|\n|t:|1700258124\n|move|p2a: Krookodile|Knock Off|p1a: \ud83d\udfea\u2623\ufe0eETERNATUS\u2623\ufe0e\ud83d\udfea\n|-damage|p1a: \ud83d\udfea\u2623\ufe0eETERNATUS\u2623\ufe0e\ud83d\udfea|48\/100\n|-enditem|p1a: \ud83d\udfea\u2623\ufe0eETERNATUS\u2623\ufe0e\ud83d\udfea|Toxic Plate|[from] move: Knock Off|[of] p2a: Krookodile\n|move|p1a: \ud83d\udfea\u2623\ufe0eETERNATUS\u2623\ufe0e\ud83d\udfea|Dynamax Cannon|p2a: Krookodile\n|-damage|p2a: Krookodile|0 fnt\n|faint|p2a: Krookodile\n|\n|upkeep\n|\n|t:|1700258133\n|switch|p2a: Heatran|Heatran, M|66\/100\n|turn|20\n|\n|t:|1700258141\n|move|p1a: \ud83d\udfea\u2623\ufe0eETERNATUS\u2623\ufe0e\ud83d\udfea|Dynamax Cannon|p2a: Heatran\n|-resisted|p2a: Heatran\n|-damage|p2a: Heatran|35\/100\n|move|p2a: Heatran|Flash Cannon|p1a: \ud83d\udfea\u2623\ufe0eETERNATUS\u2623\ufe0e\ud83d\udfea\n|-damage|p1a: \ud83d\udfea\u2623\ufe0eETERNATUS\u2623\ufe0e\ud83d\udfea|11\/100\n|\n|upkeep\n|turn|21\n|\n|t:|1700258148\n|switch|p2a: Heracross|Heracross, F|100\/100\n|-status|p2a: Heracross|psn\n|move|p1a: \ud83d\udfea\u2623\ufe0eETERNATUS\u2623\ufe0e\ud83d\udfea|Dynamax Cannon|p2a: Heracross\n|-damage|p2a: Heracross|27\/100 psn\n|\n|-damage|p2a: Heracross|14\/100 psn|[from] psn\n|upkeep\n|turn|22\n|\n|t:|1700258164\n|move|p1a: \ud83d\udfea\u2623\ufe0eETERNATUS\u2623\ufe0e\ud83d\udfea|Sludge Wave|p2a: Heracross\n|-damage|p2a: Heracross|0 fnt\n|faint|p2a: Heracross\n|\n|upkeep\n|\n|t:|1700258169\n|switch|p2a: Heatran|Heatran, M|35\/100\n|turn|23\n|\n|t:|1700258176\n|move|p1a: \ud83d\udfea\u2623\ufe0eETERNATUS\u2623\ufe0e\ud83d\udfea|Dynamax Cannon|p2a: Heatran\n|-resisted|p2a: Heatran\n|-damage|p2a: Heatran|2\/100\n|move|p2a: Heatran|Flash Cannon|p1a: \ud83d\udfea\u2623\ufe0eETERNATUS\u2623\ufe0e\ud83d\udfea\n|-damage|p1a: \ud83d\udfea\u2623\ufe0eETERNATUS\u2623\ufe0e\ud83d\udfea|0 fnt\n|faint|p1a: \ud83d\udfea\u2623\ufe0eETERNATUS\u2623\ufe0e\ud83d\udfea\n|\n|upkeep\n|\n|t:|1700258185\n|switch|p1a: \ud83d\udfea\u2623\ufe0eCROBAT\u2623\ufe0e\ud83d\udfea|Crobat, M|82\/100\n|-damage|p1a: \ud83d\udfea\u2623\ufe0eCROBAT\u2623\ufe0e\ud83d\udfea|57\/100|[from] Stealth Rock\n|turn|24\n|\n|t:|1700258195\n|move|p1a: \ud83d\udfea\u2623\ufe0eCROBAT\u2623\ufe0e\ud83d\udfea|Brave Bird|p2a: Heatran\n|-resisted|p2a: Heatran\n|-damage|p2a: Heatran|0 fnt\n|faint|p2a: Heatran\n|-damage|p1a: \ud83d\udfea\u2623\ufe0eCROBAT\u2623\ufe0e\ud83d\udfea|56\/100|[from] Recoil\n|\n|win|VEN0M-MODE\u2716\ufe0f\n|raw|VEN0M-MODE\u2716\ufe0f's rating: 1089 &rarr; <strong>1109<\/strong><br \/>(+20 for winning)\n|raw|Husali's rating: 1000 &rarr; <strong>1000<\/strong><br \/>(+0 for losing)\n|l|\u2606Husali\n|c|\u2606VEN0M-MODE\u2716\ufe0f|Noob\n","uploadtime":1700258622,"views":10,"p1id":"ven0mmode","p2id":"husali","formatid":"gen9nationaldexubers","rating":1000,"private":0,"password":""}