{"id":"gen9nationaldexubers-1987322190","p1":"axelzzz09","p2":"alcatel999","format":"[Gen 9] National Dex Ubers","log":"|j|\u2606axelzzz09\n|j|\u2606alcatel999\n|t:|1699577344\n|gametype|singles\n|player|p1|axelzzz09|lance|\n|player|p2|alcatel999|rocketgrunt|\n|teamsize|p1|6\n|teamsize|p2|6\n|gen|9\n|tier|[Gen 9] National Dex Ubers\n|rule|HP Percentage Mod: HP is shown in percentages\n|rule|Endless Battle Clause: Forcing endless battles is banned\n|rule|OHKO Clause: OHKO moves are banned\n|rule|Evasion Moves Clause: Evasion moves are banned\n|rule|Evasion Items Clause: Evasion items are banned\n|rule|Species Clause: Limit one of each Pok\u00e9mon\n|rule|Sleep Clause Mod: Limit one foe put to sleep\n|rule|Mega Rayquaza Clause: You cannot mega evolve Rayquaza\n|clearpoke\n|poke|p1|Volcarona, M|\n|poke|p1|Ceruledge, F|\n|poke|p1|Kommo-o, F|\n|poke|p1|Sneasler, M|\n|poke|p1|Meowscarada, F|\n|poke|p1|Rillaboom, F|\n|poke|p2|Diancie|\n|poke|p2|Klefki, F|\n|poke|p2|Mimikyu, F|\n|poke|p2|Tapu Fini|\n|poke|p2|Tapu Bulu|\n|poke|p2|Tapu Lele|\n|teampreview\n|c|\u2606alcatel999|waos\n|c|\u2606alcatel999|Gl Hf\n|j| DiosPanzer\n|c| DiosPanzer|Waos\n|c| DiosPanzer|Ya se que equipo usar\n|\n|t:|1699577374\n|start\n|switch|p1a: Sneasler|Sneasler, M|100\/100\n|switch|p2a: Di-Vi-Na|Diancie|100\/100\n|turn|1\n|c| DiosPanzer|Vas a caer axel\n|\n|t:|1699577383\n|detailschange|p2a: Di-Vi-Na|Diancie-Mega\n|-mega|p2a: Di-Vi-Na|Diancie|Diancite\n|move|p1a: Sneasler|Fake Out|p2a: Di-Vi-Na\n|-resisted|p2a: Di-Vi-Na\n|-damage|p2a: Di-Vi-Na|92\/100\n|cant|p2a: Di-Vi-Na|flinch\n|\n|upkeep\n|turn|2\n|\n|t:|1699577389\n|move|p1a: Sneasler|Dire Claw|p2a: Di-Vi-Na\n|-damage|p2a: Di-Vi-Na|34\/100\n|-status|p2a: Di-Vi-Na|psn|[from] ability: Poison Touch|[of] p1a: Sneasler\n|move|p2a: Di-Vi-Na|Earth Power|p1a: Sneasler\n|-supereffective|p1a: Sneasler\n|-damage|p1a: Sneasler|0 fnt\n|faint|p1a: Sneasler\n|\n|-damage|p2a: Di-Vi-Na|21\/100 psn|[from] psn\n|upkeep\n|c|\u2606axelzzz09|xddd\n|c|\u2606axelzzz09|la envenene igual\n|\n|t:|1699577407\n|switch|p1a: Meowscarada|Meowscarada, F|100\/100\n|turn|3\n|c| DiosPanzer|Waos\n|inactive|Battle timer is ON: inactive players will automatically lose when time's up. (requested by axelzzz09)\n|\n|t:|1699577417\n|move|p1a: Meowscarada|Flower Trick|p2a: Di-Vi-Na\n|-start|p1a: Meowscarada|typechange|Grass|[from] ability: Protean\n|-supereffective|p2a: Di-Vi-Na\n|-crit|p2a: Di-Vi-Na\n|-damage|p2a: Di-Vi-Na|0 fnt\n|faint|p2a: Di-Vi-Na\n|\n|upkeep\n|c| DiosPanzer|(mega diancie no aguanta un choto)\n|\n|t:|1699577436\n|switch|p2a: LaLlaveDeTuCorazon|Klefki, F|100\/100\n|turn|4\n|c| DiosPanzer|Porque chota espathra es uber?\n|c|\u2606axelzzz09|yo creo que el podra poner a mega altaria\n|\n|t:|1699577456\n|move|p2a: LaLlaveDeTuCorazon|Reflect|p2a: LaLlaveDeTuCorazon\n|-sidestart|p2: alcatel999|Reflect\n|move|p1a: Meowscarada|Knock Off|p2a: LaLlaveDeTuCorazon\n|-resisted|p2a: LaLlaveDeTuCorazon\n|-damage|p2a: LaLlaveDeTuCorazon|94\/100\n|-enditem|p2a: LaLlaveDeTuCorazon|Light Clay|[from] move: Knock Off|[of] p1a: Meowscarada\n|\n|upkeep\n|turn|5\n|\n|t:|1699577463\n|move|p2a: LaLlaveDeTuCorazon|Spikes|p1a: Meowscarada\n|-sidestart|p1: axelzzz09|Spikes\n|move|p1a: Meowscarada|U-turn|p2a: LaLlaveDeTuCorazon\n|-resisted|p2a: LaLlaveDeTuCorazon\n|-damage|p2a: LaLlaveDeTuCorazon|92\/100\n|\n|t:|1699577469\n|switch|p1a: Volcarona|Volcarona, M|100\/100|[from] U-turn\n|\n|upkeep\n|turn|6\n|\n|t:|1699577473\n|move|p2a: LaLlaveDeTuCorazon|Toxic|p1a: Volcarona\n|-status|p1a: Volcarona|tox\n|move|p1a: Volcarona|Quiver Dance|p1a: Volcarona\n|-boost|p1a: Volcarona|spa|1\n|-boost|p1a: Volcarona|spd|1\n|-boost|p1a: Volcarona|spe|1\n|\n|-damage|p1a: Volcarona|94\/100 tox|[from] psn\n|upkeep\n|turn|7\n|\n|t:|1699577482\n|move|p2a: LaLlaveDeTuCorazon|Light Screen|p2a: LaLlaveDeTuCorazon\n|-sidestart|p2: alcatel999|move: Light Screen\n|move|p1a: Volcarona|Fiery Dance|p2a: LaLlaveDeTuCorazon\n|-supereffective|p2a: LaLlaveDeTuCorazon\n|-damage|p2a: LaLlaveDeTuCorazon|13\/100\n|-boost|p1a: Volcarona|spa|1\n|\n|-damage|p1a: Volcarona|82\/100 tox|[from] psn\n|upkeep\n|turn|8\n|c|\u2606axelzzz09|ptm\n|\n|t:|1699577492\n|move|p2a: LaLlaveDeTuCorazon|Spikes|p1a: Volcarona\n|-sidestart|p1: axelzzz09|Spikes\n|move|p1a: Volcarona|Fiery Dance|p2a: LaLlaveDeTuCorazon\n|-supereffective|p2a: LaLlaveDeTuCorazon\n|-damage|p2a: LaLlaveDeTuCorazon|0 fnt\n|-boost|p1a: Volcarona|spa|1\n|faint|p2a: LaLlaveDeTuCorazon\n|\n|-damage|p1a: Volcarona|64\/100 tox|[from] psn\n|upkeep\n|\n|t:|1699577499\n|switch|p2a: FinoSe\u00f1ores|Tapu Fini|100\/100\n|-fieldstart|move: Misty Terrain|[from] ability: Misty Surge|[of] p2a: FinoSe\u00f1ores\n|turn|9\n|c|\u2606axelzzz09|xd se subio el ataque especial\n|\n|t:|1699577509\n|move|p1a: Volcarona|Hidden Power|p2a: FinoSe\u00f1ores\n|-supereffective|p2a: FinoSe\u00f1ores\n|-crit|p2a: FinoSe\u00f1ores\n|-damage|p2a: FinoSe\u00f1ores|13\/100\n|move|p2a: FinoSe\u00f1ores|Calm Mind|p2a: FinoSe\u00f1ores\n|-boost|p2a: FinoSe\u00f1ores|spa|1\n|-boost|p2a: FinoSe\u00f1ores|spd|1\n|\n|-heal|p2a: FinoSe\u00f1ores|19\/100|[from] item: Leftovers\n|-damage|p1a: Volcarona|40\/100 tox|[from] psn\n|upkeep\n|turn|10\n|c|\u2606alcatel999|waos\n|\n|t:|1699577520\n|move|p1a: Volcarona|Hidden Power|p2a: FinoSe\u00f1ores\n|-supereffective|p2a: FinoSe\u00f1ores\n|-damage|p2a: FinoSe\u00f1ores|0 fnt\n|faint|p2a: FinoSe\u00f1ores\n|\n|-damage|p1a: Volcarona|9\/100 tox|[from] psn\n|upkeep\n|c|\u2606axelzzz09|tengo armas contra ti\n|c| DiosPanzer|Igual el volca ya no hace nada\n|c|\u2606alcatel999|El critico me cago\n|c|\u2606axelzzz09|no\n|c|\u2606axelzzz09|ya esta dead\n|inactive|alcatel999 has 270 seconds left.\n|\n|t:|1699577547\n|switch|p2a: LelePancha|Tapu Lele|100\/100\n|-fieldstart|move: Psychic Terrain|[from] ability: Psychic Surge|[of] p2a: LelePancha\n|turn|11\n|c|\u2606axelzzz09|xd la cago\n|inactive|alcatel999 has 270 seconds left.\n|\n|t:|1699577561\n|move|p1a: Volcarona|Hidden Power|p2a: LelePancha\n|-supereffective|p2a: LelePancha\n|-damage|p2a: LelePancha|42\/100\n|move|p2a: LelePancha|Thunderbolt|p1a: Volcarona\n|-crit|p1a: Volcarona\n|-damage|p1a: Volcarona|0 fnt\n|faint|p1a: Volcarona\n|\n|-sideend|p2: alcatel999|Reflect\n|-sideend|p2: alcatel999|move: Light Screen\n|upkeep\n|c| DiosPanzer|Que gil eres\n|c|\u2606axelzzz09|mimikyu le salia mejor\n|c| DiosPanzer|Mejor mimikyu\n|c|\u2606alcatel999|a si cierto\n|c| DiosPanzer|Danza espada de a gratis\n|j| Dio_Brando275\n|\n|t:|1699577582\n|switch|p1a: Ceruledge|Ceruledge, F|100\/100\n|-damage|p1a: Ceruledge|84\/100|[from] Spikes\n|turn|12\n|\n|t:|1699577587\n|move|p1a: Ceruledge|Shadow Sneak|p2a: LelePancha\n|-activate|p2a: LelePancha|move: Psychic Terrain\n|move|p2a: LelePancha|Thunderbolt|p1a: Ceruledge\n|-damage|p1a: Ceruledge|45\/100\n|\n|upkeep\n|turn|13\n|c| Dio_Brando275|Hola causas\n|c| DiosPanzer|Que pendejo\n|\n|t:|1699577595\n|move|p1a: Ceruledge|Shadow Sneak|p2a: LelePancha\n|-activate|p2a: LelePancha|move: Psychic Terrain\n|move|p2a: LelePancha|Thunderbolt|p1a: Ceruledge\n|-damage|p1a: Ceruledge|5\/100\n|-status|p1a: Ceruledge|par\n|\n|upkeep\n|turn|14\n|c|\u2606alcatel999|XD\n|c|\u2606axelzzz09|le estoy regalando\n|\n|t:|1699577604\n|cant|p1a: Ceruledge|par\n|move|p2a: LelePancha|Thunderbolt|p1a: Ceruledge\n|-damage|p1a: Ceruledge|0 fnt\n|faint|p1a: Ceruledge\n|\n|upkeep\n|c|\u2606alcatel999|as no gracias\n|\n|t:|1699577612\n|switch|p1a: Kommo-o|Kommo-o, F|100\/100\n|-damage|p1a: Kommo-o|84\/100|[from] Spikes\n|turn|15\n|c| DiosPanzer|*pierde*\n|\n|t:|1699577622\n|switch|p2a: Mimigod|Mimikyu, F|100\/100\n|move|p1a: Kommo-o|Earthquake|p2a: Mimigod\n|-activate|p2a: Mimigod|ability: Disguise\n|-damage|p2a: Mimigod|100\/100\n|detailschange|p2a: Mimigod|Mimikyu-Busted, F\n|-damage|p2a: Mimigod|88\/100|[from] pokemon: Mimikyu-Busted\n|\n|-fieldend|move: Psychic Terrain\n|upkeep\n|turn|16\n|c|\u2606axelzzz09|uff que rico\n|\n|t:|1699577633\n|move|p2a: Mimigod|Play Rough|p1a: Kommo-o\n|-supereffective|p1a: Kommo-o\n|-damage|p1a: Kommo-o|0 fnt\n|faint|p1a: Kommo-o\n|-damage|p2a: Mimigod|78\/100|[from] item: Life Orb\n|\n|upkeep\n|c| DiosPanzer|Waos\n|c|\u2606alcatel999|waos\n|\n|t:|1699577642\n|switch|p1a: Meowscarada|Meowscarada, F|100\/100\n|-damage|p1a: Meowscarada|84\/100|[from] Spikes\n|turn|17\n|c|\u2606axelzzz09|cambiara?\n|\n|t:|1699577659\n|move|p1a: Meowscarada|Knock Off|p2a: Mimigod\n|-start|p1a: Meowscarada|typechange|Dark|[from] ability: Protean\n|-damage|p2a: Mimigod|0 fnt\n|-enditem|p2a: Mimigod|Life Orb|[from] move: Knock Off|[of] p1a: Meowscarada\n|faint|p2a: Mimigod\n|\n|upkeep\n|c| DiosPanzer|No\n|c|\u2606axelzzz09|o lo deja dead\n|\n|t:|1699577666\n|switch|p2a: LelePancha|Tapu Lele|42\/100\n|-fieldstart|move: Psychic Terrain|[from] ability: Psychic Surge|[of] p2a: LelePancha\n|turn|18\n|\n|t:|1699577675\n|switch|p1a: Rillaboom|Rillaboom, F|100\/100\n|-damage|p1a: Rillaboom|84\/100|[from] Spikes\n|-fieldstart|move: Grassy Terrain|[from] ability: Grassy Surge|[of] p1a: Rillaboom\n|move|p2a: LelePancha|Moonblast|p1a: Rillaboom\n|-damage|p1a: Rillaboom|9\/100\n|\n|-heal|p2a: LelePancha|49\/100|[from] Grassy Terrain\n|-heal|p1a: Rillaboom|15\/100|[from] Grassy Terrain\n|upkeep\n|turn|19\n|c| DiosPanzer|Waos\n|\n|t:|1699577687\n|move|p2a: LelePancha|Moonblast|p1a: Rillaboom\n|-damage|p1a: Rillaboom|0 fnt\n|faint|p1a: Rillaboom\n|\n|-heal|p2a: LelePancha|55\/100|[from] Grassy Terrain\n|upkeep\n|\n|t:|1699577695\n|switch|p1a: Meowscarada|Meowscarada, F|84\/100\n|-damage|p1a: Meowscarada|68\/100|[from] Spikes\n|turn|20\n|c|\u2606axelzzz09|me sale mejor\n|\n|t:|1699577706\n|-terastallize|p2a: LelePancha|Poison\n|move|p2a: LelePancha|Moonblast|p1a: Meowscarada\n|-supereffective|p1a: Meowscarada\n|-damage|p1a: Meowscarada|0 fnt\n|faint|p1a: Meowscarada\n|\n|win|alcatel999\n|c|\u2606alcatel999|Gg\n","uploadtime":1699577717,"views":5,"p1id":"axelzzz09","p2id":"alcatel999","formatid":"gen9nationaldexubers","rating":0,"private":0,"password":""}