{"id":"gen9nationaldexubers-1995625269","p1":"Drgresaur","p2":"OmerDarkFire","format":"[Gen 9] National Dex Ubers","log":"|j|\u2606Drgresaur\n|j|\u2606OmerDarkFire\n|t:|1700588585\n|gametype|singles\n|player|p1|Drgresaur|red|1052\n|player|p2|OmerDarkFire|leon-masters|1044\n|teamsize|p1|6\n|teamsize|p2|6\n|gen|9\n|tier|[Gen 9] National Dex Ubers\n|rated|\n|rule|HP Percentage Mod: HP is shown in percentages\n|rule|Endless Battle Clause: Forcing endless battles is banned\n|rule|OHKO Clause: OHKO moves are banned\n|rule|Evasion Moves Clause: Evasion moves are banned\n|rule|Evasion Items Clause: Evasion items are banned\n|rule|Species Clause: Limit one of each Pok\u00e9mon\n|rule|Sleep Clause Mod: Limit one foe put to sleep\n|rule|Mega Rayquaza Clause: You cannot mega evolve Rayquaza\n|clearpoke\n|poke|p1|Dragapult, F|\n|poke|p1|Excadrill, F|\n|poke|p1|Sceptile, M|\n|poke|p1|Lucario, M|\n|poke|p1|Naganadel|\n|poke|p1|Charizard, M|\n|poke|p2|Gholdengo|\n|poke|p2|Charizard, F|\n|poke|p2|Ogerpon-Hearthflame, F|\n|poke|p2|Lilligant, F|\n|poke|p2|Houndstone, M|\n|poke|p2|Walking Wake|\n|teampreview\n|\n|t:|1700588600\n|start\n|switch|p1a: Naganadel|Naganadel|100\/100\n|switch|p2a: Charizard|Charizard, F, shiny|100\/100\n|turn|1\n|\n|t:|1700588616\n|detailschange|p2a: Charizard|Charizard-Mega-Y, F, shiny\n|-mega|p2a: Charizard|Charizard|Charizardite Y\n|-weather|SunnyDay|[from] ability: Drought|[of] p2a: Charizard\n|move|p1a: Naganadel|Dragon Dance|p1a: Naganadel\n|-boost|p1a: Naganadel|atk|1\n|-boost|p1a: Naganadel|spe|1\n|move|p2a: Charizard|Dragon Pulse|p1a: Naganadel\n|-supereffective|p1a: Naganadel\n|-enditem|p1a: Naganadel|Haban Berry|[eat]\n|-enditem|p1a: Naganadel|Haban Berry|[weaken]\n|-damage|p1a: Naganadel|58\/100\n|\n|-weather|SunnyDay|[upkeep]\n|upkeep\n|turn|2\n|\n|t:|1700588649\n|move|p1a: Naganadel|Dragon Claw|p2a: Charizard\n|-damage|p2a: Charizard|50\/100\n|move|p2a: Charizard|Dragon Pulse|p1a: Naganadel\n|-supereffective|p1a: Naganadel\n|-damage|p1a: Naganadel|0 fnt\n|faint|p1a: Naganadel\n|\n|-weather|SunnyDay|[upkeep]\n|upkeep\n|\n|t:|1700588657\n|switch|p1a: Charizard|Charizard, M|100\/100\n|turn|3\n|\n|t:|1700588683\n|move|p2a: Charizard|Air Slash|p1a: Charizard\n|-damage|p1a: Charizard|46\/100\n|move|p1a: Charizard|Ancient Power|p2a: Charizard\n|-supereffective|p2a: Charizard\n|-damage|p2a: Charizard|0 fnt\n|faint|p2a: Charizard\n|\n|-weather|SunnyDay|[upkeep]\n|upkeep\n|\n|t:|1700588694\n|switch|p2a: Gholdengo|Gholdengo|100\/100\n|turn|4\n|\n|t:|1700588701\n|-terastallize|p2a: Gholdengo|Water\n|move|p1a: Charizard|Fire Blast|p2a: Gholdengo\n|-resisted|p2a: Gholdengo\n|-damage|p2a: Gholdengo|61\/100\n|move|p2a: Gholdengo|Make It Rain|p1a: Charizard\n|-resisted|p1a: Charizard\n|-damage|p1a: Charizard|0 fnt\n|-unboost|p2a: Gholdengo|spa|1\n|faint|p1a: Charizard\n|\n|-weather|SunnyDay|[upkeep]\n|upkeep\n|\n|t:|1700588714\n|switch|p1a: Sceptile|Sceptile, M|100\/100\n|turn|5\n|\n|t:|1700588718\n|move|p1a: Sceptile|Leaf Blade|p2a: Gholdengo\n|-supereffective|p2a: Gholdengo\n|-damage|p2a: Gholdengo|0 fnt\n|faint|p2a: Gholdengo\n|\n|-weather|none\n|upkeep\n|\n|t:|1700588726\n|switch|p2a: Ogerpon|Ogerpon-Hearthflame, F|100\/100\n|-ability|p2a: Ogerpon|Mold Breaker\n|turn|6\n|\n|t:|1700588732\n|move|p2a: Ogerpon|Ivy Cudgel|p1a: Sceptile|[anim] Ivy Cudgel Fire\n|-supereffective|p1a: Sceptile\n|-damage|p1a: Sceptile|0 fnt\n|faint|p1a: Sceptile\n|\n|upkeep\n|\n|t:|1700588738\n|switch|p1a: Dragapult|Dragapult, F|100\/100\n|turn|7\n|\n|t:|1700588743\n|move|p2a: Ogerpon|Horn Leech|p1a: Dragapult\n|-resisted|p1a: Dragapult\n|-damage|p1a: Dragapult|76\/100\n|move|p1a: Dragapult|Dragon Darts|p2a: Ogerpon\n|-damage|p2a: Ogerpon|71\/100\n|-anim|p1a: Dragapult|Dragon Darts|p2a: Ogerpon\n|-damage|p2a: Ogerpon|43\/100\n|\n|upkeep\n|turn|8\n|\n|t:|1700588752\n|move|p2a: Ogerpon|Ivy Cudgel|p1a: Dragapult|[anim] Ivy Cudgel Fire\n|-resisted|p1a: Dragapult\n|-damage|p1a: Dragapult|44\/100\n|move|p1a: Dragapult|Dragon Darts|p2a: Ogerpon\n|-crit|p2a: Ogerpon\n|-damage|p2a: Ogerpon|0 fnt\n|faint|p2a: Ogerpon\n|\n|upkeep\n|\n|t:|1700588762\n|switch|p2a: Lilligant|Lilligant, F|100\/100\n|turn|9\n|\n|t:|1700588765\n|switch|p1a: Excadrill|Excadrill, F|100\/100\n|move|p2a: Lilligant|Sleep Powder|p1a: Excadrill|[miss]\n|-miss|p2a: Lilligant|p1a: Excadrill\n|\n|upkeep\n|turn|10\n|\n|t:|1700588771\n|move|p1a: Excadrill|Iron Head|p2a: Lilligant\n|-damage|p2a: Lilligant|56\/100\n|move|p2a: Lilligant|Sleep Powder|p1a: Excadrill\n|-status|p1a: Excadrill|slp|[from] move: Sleep Powder\n|\n|-heal|p2a: Lilligant|62\/100|[from] item: Leftovers\n|upkeep\n|turn|11\n|\n|t:|1700588778\n|cant|p1a: Excadrill|slp\n|move|p2a: Lilligant|Quiver Dance|p2a: Lilligant\n|-boost|p2a: Lilligant|spa|1\n|-boost|p2a: Lilligant|spd|1\n|-boost|p2a: Lilligant|spe|1\n|\n|-heal|p2a: Lilligant|68\/100|[from] item: Leftovers\n|upkeep\n|turn|12\n|\n|t:|1700588784\n|move|p2a: Lilligant|Quiver Dance|p2a: Lilligant\n|-boost|p2a: Lilligant|spa|1\n|-boost|p2a: Lilligant|spd|1\n|-boost|p2a: Lilligant|spe|1\n|cant|p1a: Excadrill|slp\n|\n|-heal|p2a: Lilligant|74\/100|[from] item: Leftovers\n|upkeep\n|turn|13\n|\n|t:|1700588791\n|move|p2a: Lilligant|Quiver Dance|p2a: Lilligant\n|-boost|p2a: Lilligant|spa|1\n|-boost|p2a: Lilligant|spd|1\n|-boost|p2a: Lilligant|spe|1\n|cant|p1a: Excadrill|slp\n|\n|-heal|p2a: Lilligant|80\/100|[from] item: Leftovers\n|upkeep\n|turn|14\n|\n|t:|1700588797\n|move|p2a: Lilligant|Quiver Dance|p2a: Lilligant\n|-boost|p2a: Lilligant|spa|1\n|-boost|p2a: Lilligant|spd|1\n|-boost|p2a: Lilligant|spe|1\n|-curestatus|p1a: Excadrill|slp|[msg]\n|move|p1a: Excadrill|Iron Head|p2a: Lilligant\n|-damage|p2a: Lilligant|36\/100\n|\n|-heal|p2a: Lilligant|42\/100|[from] item: Leftovers\n|upkeep\n|turn|15\n|\n|t:|1700588806\n|move|p2a: Lilligant|Giga Drain|p1a: Excadrill\n|-damage|p1a: Excadrill|0 fnt\n|-heal|p2a: Lilligant|97\/100|[from] drain|[of] p1a: Excadrill\n|faint|p1a: Excadrill\n|\n|-heal|p2a: Lilligant|100\/100|[from] item: Leftovers\n|upkeep\n|-message|Drgresaur forfeited.\n|\n|win|OmerDarkFire\n|raw|Drgresaur's rating: 1052 &rarr; <strong>1034<\/strong><br \/>(-18 for losing)\n|raw|OmerDarkFire's rating: 1044 &rarr; <strong>1078<\/strong><br \/>(+34 for winning)\n|l|\u2606Drgresaur\n","uploadtime":1700588850,"views":1,"p1id":"drgresaur","p2id":"omerdarkfire","formatid":"gen9nationaldexubers","rating":1034,"private":0,"password":""}