{"id":"gen9nationaldexubers-1984886703","p1":"VampPhantom","p2":"RowletTheAnimator","format":"[Gen 9] National Dex Ubers","log":"|j|\u2606VampPhantom\n|j|\u2606RowletTheAnimator\n|t:|1699307651\n|gametype|singles\n|player|p1|VampPhantom|n|\n|player|p2|RowletTheAnimator|emmet|\n|teamsize|p1|6\n|teamsize|p2|6\n|gen|9\n|tier|[Gen 9] National Dex Ubers\n|rule|HP Percentage Mod: HP is shown in percentages\n|rule|Endless Battle Clause: Forcing endless battles is banned\n|rule|OHKO Clause: OHKO moves are banned\n|rule|Evasion Moves Clause: Evasion moves are banned\n|rule|Evasion Items Clause: Evasion items are banned\n|rule|Species Clause: Limit one of each Pok\u00e9mon\n|rule|Sleep Clause Mod: Limit one foe put to sleep\n|rule|Mega Rayquaza Clause: You cannot mega evolve Rayquaza\n|clearpoke\n|poke|p1|Piloswine, M|\n|poke|p1|Quagsire, M|\n|poke|p1|Arboliva, F|\n|poke|p1|Clodsire, F|\n|poke|p1|Cloyster, F|\n|poke|p1|Sinistcha-Masterpiece|\n|poke|p2|Tinkaton, F|\n|poke|p2|Chi-Yu|\n|poke|p2|Flutter Mane|\n|poke|p2|Ogerpon-Cornerstone, F|\n|poke|p2|Lapras, M|\n|poke|p2|Whimsicott, F|\n|teampreview\n|\n|t:|1699307667\n|start\n|switch|p1a: matcha gotcha|Sinistcha-Masterpiece, shiny|100\/100\n|switch|p2a: Whimsii|Whimsicott, F|100\/100\n|turn|1\n|\n|t:|1699307675\n|-terastallize|p1a: matcha gotcha|Steel\n|move|p2a: Whimsii|Tailwind|p2a: Whimsii\n|-sidestart|p2: RowletTheAnimator|move: Tailwind\n|move|p1a: matcha gotcha|Calm Mind|p1a: matcha gotcha\n|-boost|p1a: matcha gotcha|spa|1\n|-boost|p1a: matcha gotcha|spd|1\n|\n|upkeep\n|turn|2\n|\n|t:|1699307681\n|move|p2a: Whimsii|Light Screen|p2a: Whimsii\n|-sidestart|p2: RowletTheAnimator|move: Light Screen\n|move|p1a: matcha gotcha|Calm Mind|p1a: matcha gotcha\n|-boost|p1a: matcha gotcha|spa|1\n|-boost|p1a: matcha gotcha|spd|1\n|\n|upkeep\n|turn|3\n|\n|t:|1699307692\n|switch|p2a: grrrr faka|Ogerpon-Cornerstone, F|100\/100\n|move|p1a: matcha gotcha|Calm Mind|p1a: matcha gotcha\n|-boost|p1a: matcha gotcha|spa|1\n|-boost|p1a: matcha gotcha|spd|1\n|\n|upkeep\n|turn|4\n|\n|t:|1699307703\n|move|p2a: grrrr faka|Ivy Cudgel|p1a: matcha gotcha\n|-resisted|p1a: matcha gotcha\n|-damage|p1a: matcha gotcha|67\/100\n|move|p1a: matcha gotcha|Tera Blast|p2a: grrrr faka|[anim] Tera Blast Steel\n|-supereffective|p2a: grrrr faka\n|-ability|p2a: grrrr faka|Sturdy\n|-damage|p2a: grrrr faka|1\/100\n|\n|-sideend|p2: RowletTheAnimator|move: Tailwind\n|upkeep\n|turn|5\n|\n|t:|1699307716\n|-terastallize|p2a: grrrr faka|Rock\n|detailschange|p2a: grrrr faka|Ogerpon-Cornerstone-Tera, F, tera:Rock\n|-ability|p2a: grrrr faka|Embody Aspect (Cornerstone)|boost\n|-boost|p2a: grrrr faka|def|1\n|move|p2a: grrrr faka|Ivy Cudgel|p1a: matcha gotcha\n|-resisted|p1a: matcha gotcha\n|-damage|p1a: matcha gotcha|19\/100\n|move|p1a: matcha gotcha|Shadow Ball|p2a: grrrr faka\n|-damage|p2a: grrrr faka|0 fnt\n|faint|p2a: grrrr faka\n|\n|upkeep\n|\n|t:|1699307726\n|switch|p2a: Lapras|Lapras, M|100\/100\n|turn|6\n|\n|t:|1699307750\n|move|p1a: matcha gotcha|Matcha Gotcha|p2a: Lapras\n|-supereffective|p2a: Lapras\n|-damage|p2a: Lapras|0 fnt\n|-heal|p1a: matcha gotcha|90\/100|[from] drain|[of] p2a: Lapras\n|faint|p2a: Lapras\n|\n|upkeep\n|\n|t:|1699307764\n|switch|p2a: Nemo|Chi-Yu|100\/100\n|-ability|p2a: Nemo|Beads of Ruin\n|turn|7\n|\n|t:|1699307771\n|move|p2a: Nemo|Overheat|p1a: matcha gotcha\n|-supereffective|p1a: matcha gotcha\n|-damage|p1a: matcha gotcha|20\/100\n|-unboost|p2a: Nemo|spa|2\n|move|p1a: matcha gotcha|Shadow Ball|p2a: Nemo\n|-resisted|p2a: Nemo\n|-damage|p2a: Nemo|75\/100\n|\n|upkeep\n|turn|8\n|\n|t:|1699307795\n|switch|p1a: BABY LAND FEESH|Clodsire, F|100\/100\n|move|p2a: Nemo|Overheat|p1a: BABY LAND FEESH\n|-damage|p1a: BABY LAND FEESH|48\/100\n|-unboost|p2a: Nemo|spa|2\n|\n|upkeep\n|turn|9\n|\n|t:|1699307803\n|move|p2a: Nemo|Overheat|p1a: BABY LAND FEESH\n|-damage|p1a: BABY LAND FEESH|14\/100\n|-unboost|p2a: Nemo|spa|2\n|-enditem|p1a: BABY LAND FEESH|Aguav Berry|[eat]\n|-heal|p1a: BABY LAND FEESH|47\/100|[from] item: Aguav Berry\n|move|p1a: BABY LAND FEESH|High Horsepower|p2a: Nemo\n|-supereffective|p2a: Nemo\n|-damage|p2a: Nemo|0 fnt\n|faint|p2a: Nemo\n|\n|-sideend|p2: RowletTheAnimator|move: Light Screen\n|upkeep\n|\n|t:|1699307808\n|switch|p2a: Smash.|Tinkaton, F|100\/100\n|-ability|p2a: Smash.|Mold Breaker\n|turn|10\n|\n|t:|1699307821\n|move|p2a: Smash.|Gigaton Hammer|p1a: BABY LAND FEESH\n|-damage|p1a: BABY LAND FEESH|0 fnt\n|faint|p1a: BABY LAND FEESH\n|-damage|p2a: Smash.|91\/100|[from] item: Life Orb\n|\n|upkeep\n|\n|t:|1699307827\n|switch|p1a: sleepy boi|Piloswine, M|100\/100\n|turn|11\n|\n|t:|1699307833\n|move|p2a: Smash.|Play Rough|p1a: sleepy boi|[miss]\n|-miss|p2a: Smash.|p1a: sleepy boi\n|move|p1a: sleepy boi|Superpower|p2a: Smash.\n|-damage|p2a: Smash.|42\/100\n|-unboost|p1a: sleepy boi|atk|1\n|-unboost|p1a: sleepy boi|def|1\n|\n|upkeep\n|turn|12\n|\n|t:|1699307843\n|move|p2a: Smash.|Play Rough|p1a: sleepy boi\n|-damage|p1a: sleepy boi|58\/100\n|-damage|p2a: Smash.|32\/100|[from] item: Life Orb\n|move|p1a: sleepy boi|Superpower|p2a: Smash.\n|-damage|p2a: Smash.|1\/100\n|-unboost|p1a: sleepy boi|atk|1\n|-unboost|p1a: sleepy boi|def|1\n|\n|upkeep\n|turn|13\n|\n|t:|1699307854\n|move|p2a: Smash.|Gigaton Hammer|p1a: sleepy boi\n|-supereffective|p1a: sleepy boi\n|-damage|p1a: sleepy boi|0 fnt\n|faint|p1a: sleepy boi\n|-damage|p2a: Smash.|0 fnt|[from] item: Life Orb\n|faint|p2a: Smash.\n|\n|upkeep\n|\n|t:|1699307866\n|switch|p2a: Moon|Flutter Mane|100\/100\n|switch|p1a: he he he haw|Cloyster, F|100\/100\n|-enditem|p2a: Moon|Booster Energy\n|-activate|p2a: Moon|ability: Protosynthesis|[fromitem]\n|-start|p2a: Moon|protosynthesisspe\n|turn|14\n|\n|t:|1699307880\n|move|p2a: Moon|Moonblast|p1a: he he he haw\n|-damage|p1a: he he he haw|0 fnt\n|faint|p1a: he he he haw\n|\n|upkeep\n|\n|t:|1699307886\n|switch|p1a: LAND FEESH|Quagsire, M|100\/100\n|turn|15\n|\n|t:|1699307895\n|move|p2a: Moon|Calm Mind|p2a: Moon\n|-boost|p2a: Moon|spa|1\n|-boost|p2a: Moon|spd|1\n|move|p1a: LAND FEESH|Sludge Bomb|p2a: Moon\n|-damage|p2a: Moon|85\/100\n|\n|upkeep\n|turn|16\n|\n|t:|1699307902\n|move|p2a: Moon|Calm Mind|p2a: Moon\n|-boost|p2a: Moon|spa|1\n|-boost|p2a: Moon|spd|1\n|move|p1a: LAND FEESH|Sludge Bomb|p2a: Moon\n|-damage|p2a: Moon|68\/100\n|\n|upkeep\n|turn|17\n|\n|t:|1699307910\n|move|p2a: Moon|Moonblast|p1a: LAND FEESH\n|-damage|p1a: LAND FEESH|34\/100\n|move|p1a: LAND FEESH|Sludge Bomb|p2a: Moon\n|-damage|p2a: Moon|50\/100\n|\n|upkeep\n|turn|18\n|\n|t:|1699307917\n|move|p2a: Moon|Moonblast|p1a: LAND FEESH\n|-damage|p1a: LAND FEESH|0 fnt\n|faint|p1a: LAND FEESH\n|\n|upkeep\n|\n|t:|1699307923\n|switch|p1a: matcha gotcha|Sinistcha-Masterpiece, shiny, tera:Steel|20\/100\n|turn|19\n|\n|t:|1699307927\n|move|p2a: Moon|Moonblast|p1a: matcha gotcha\n|-resisted|p1a: matcha gotcha\n|-damage|p1a: matcha gotcha|0 fnt\n|faint|p1a: matcha gotcha\n|\n|upkeep\n|\n|t:|1699307933\n|switch|p1a: Mago|Arboliva, F|100\/100\n|turn|20\n|\n|t:|1699307942\n|move|p2a: Moon|Calm Mind|p2a: Moon\n|-boost|p2a: Moon|spa|1\n|-boost|p2a: Moon|spd|1\n|move|p1a: Mago|Earth Power|p2a: Moon\n|-damage|p2a: Moon|39\/100\n|\n|upkeep\n|turn|21\n|\n|t:|1699307949\n|move|p2a: Moon|Moonblast|p1a: Mago\n|-damage|p1a: Mago|0 fnt\n|faint|p1a: Mago\n|\n|win|RowletTheAnimator\n|l|\u2606VampPhantom\n","uploadtime":1699307969,"views":6,"p1id":"vampphantom","p2id":"rowlettheanimator","formatid":"gen9nationaldexubers","rating":0,"private":0,"password":""}