{"id":"gen9nationaldexubers-1985056232","p1":"Soup56168","p2":"tyhanssb","format":"[Gen 9] National Dex Ubers","log":"|j|\u2606Soup56168\n|j|\u2606tyhanssb\n|t:|1699325428\n|gametype|singles\n|player|p1|Soup56168|fisherman-gen4|\n|player|p2|tyhanssb|doubleteam|\n|teamsize|p1|6\n|teamsize|p2|6\n|gen|9\n|tier|[Gen 9] National Dex Ubers\n|rule|HP Percentage Mod: HP is shown in percentages\n|rule|Endless Battle Clause: Forcing endless battles is banned\n|rule|OHKO Clause: OHKO moves are banned\n|rule|Evasion Moves Clause: Evasion moves are banned\n|rule|Evasion Items Clause: Evasion items are banned\n|rule|Species Clause: Limit one of each Pok\u00e9mon\n|rule|Sleep Clause Mod: Limit one foe put to sleep\n|rule|Mega Rayquaza Clause: You cannot mega evolve Rayquaza\n|clearpoke\n|poke|p1|Magikarp, M|\n|poke|p1|Hatterene, F|\n|poke|p1|Mewtwo|\n|poke|p1|Gengar, F|\n|poke|p1|Arcanine-Hisui, F|\n|poke|p1|Blaziken, M|\n|poke|p2|Scovillain, M|\n|poke|p2|Scizor, F|\n|poke|p2|Necrozma-Dawn-Wings|\n|poke|p2|Dragapult, F|\n|poke|p2|Blissey, F|\n|poke|p2|Annihilape, M|\n|teampreview\n|\n|t:|1699325435\n|start\n|switch|p1a: Dwag|Arcanine-Hisui, F|100\/100\n|switch|p2a: Blissey|Blissey, F|100\/100\n|turn|1\n|\n|t:|1699325440\n|move|p1a: Dwag|Close Combat|p2a: Blissey\n|-supereffective|p2a: Blissey\n|-damage|p2a: Blissey|0 fnt\n|-unboost|p1a: Dwag|def|1\n|-unboost|p1a: Dwag|spd|1\n|faint|p2a: Blissey\n|\n|upkeep\n|\n|t:|1699325447\n|switch|p2a: Annihilape|Annihilape, M|100\/100\n|turn|2\n|\n|t:|1699325454\n|-terastallize|p2a: Annihilape|Ghost\n|move|p2a: Annihilape|Encore|p1a: Dwag\n|-start|p1a: Dwag|Encore\n|move|p1a: Dwag|Close Combat|p2a: Annihilape\n|-immune|p2a: Annihilape\n|\n|upkeep\n|turn|3\n|\n|t:|1699325461\n|switch|p1a: gwop|Gengar, F|100\/100\n|move|p2a: Annihilape|Power-Up Punch|p1a: gwop\n|-immune|p1a: gwop\n|\n|upkeep\n|turn|4\n|\n|t:|1699325471\n|move|p2a: Annihilape|Rage Fist|p1a: gwop\n|-supereffective|p1a: gwop\n|-damage|p1a: gwop|0 fnt\n|faint|p1a: gwop\n|\n|upkeep\n|\n|t:|1699325479\n|switch|p1a: meow|Mewtwo|100\/100\n|-ability|p1a: meow|Pressure\n|turn|5\n|\n|t:|1699325486\n|detailschange|p1a: meow|Mewtwo-Mega-Y\n|-mega|p1a: meow|Mewtwo|Mewtwonite Y\n|move|p2a: Annihilape|Encore||[still]\n|-fail|p2a: Annihilape\n|move|p1a: meow|Avalanche|p2a: Annihilape\n|-damage|p2a: Annihilape|79\/100\n|\n|upkeep\n|turn|6\n|\n|t:|1699325495\n|move|p2a: Annihilape|Power-Up Punch|p1a: meow\n|-resisted|p1a: meow\n|-damage|p1a: meow|92\/100\n|-boost|p2a: Annihilape|atk|1\n|move|p1a: meow|Avalanche|p2a: Annihilape\n|-damage|p2a: Annihilape|40\/100\n|\n|upkeep\n|turn|7\n|\n|t:|1699325502\n|move|p2a: Annihilape|Rage Fist|p1a: meow\n|-supereffective|p1a: meow\n|-damage|p1a: meow|0 fnt\n|faint|p1a: meow\n|\n|upkeep\n|\n|t:|1699325510\n|switch|p1a: Dwag|Arcanine-Hisui, F|100\/100\n|turn|8\n|\n|t:|1699325513\n|move|p2a: Annihilape|Rage Fist|p1a: Dwag\n|-damage|p1a: Dwag|0 fnt\n|faint|p1a: Dwag\n|\n|upkeep\n|\n|t:|1699325526\n|switch|p1a: kick|Blaziken, M|100\/100\n|turn|9\n|\n|t:|1699325535\n|-terastallize|p1a: kick|Fire\n|move|p2a: Annihilape|Rage Fist|p1a: kick\n|-damage|p1a: kick|0 fnt\n|faint|p1a: kick\n|\n|upkeep\n|\n|t:|1699325543\n|switch|p1a: GYAT|Hatterene, F|100\/100\n|turn|10\n|\n|t:|1699325548\n|move|p2a: Annihilape|Rage Fist|p1a: GYAT\n|-supereffective|p1a: GYAT\n|-damage|p1a: GYAT|0 fnt\n|faint|p1a: GYAT\n|\n|upkeep\n|\n|t:|1699325552\n|switch|p1a: feesh|Magikarp, M|100\/100\n|turn|11\n|\n|t:|1699325556\n|move|p2a: Annihilape|Encore||[still]\n|-fail|p2a: Annihilape\n|move|p1a: feesh|Bounce||[still]\n|-prepare|p1a: feesh|Bounce\n|\n|upkeep\n|turn|12\n|\n|t:|1699325560\n|move|p2a: Annihilape|Encore|p1a: feesh|[miss]\n|-miss|p2a: Annihilape|p1a: feesh\n|move|p1a: feesh|Bounce|p2a: Annihilape|[from]lockedmove\n|-damage|p2a: Annihilape|34\/100\n|\n|upkeep\n|turn|13\n|\n|t:|1699325566\n|move|p2a: Annihilape|Fire Punch|p1a: feesh\n|-resisted|p1a: feesh\n|-damage|p1a: feesh|74\/100\n|move|p1a: feesh|Bounce||[still]\n|-prepare|p1a: feesh|Bounce\n|\n|upkeep\n|turn|14\n|\n|t:|1699325571\n|move|p2a: Annihilape|Fire Punch|p1a: feesh|[miss]\n|-miss|p2a: Annihilape|p1a: feesh\n|move|p1a: feesh|Bounce|p2a: Annihilape|[from]lockedmove|[miss]\n|-miss|p1a: feesh|p2a: Annihilape\n|\n|upkeep\n|turn|15\n|\n|t:|1699325577\n|move|p2a: Annihilape|Fire Punch|p1a: feesh\n|-resisted|p1a: feesh\n|-damage|p1a: feesh|47\/100\n|-status|p1a: feesh|brn\n|move|p1a: feesh|Hydro Pump|p2a: Annihilape|[miss]\n|-miss|p1a: feesh|p2a: Annihilape\n|\n|-damage|p1a: feesh|40\/100 brn|[from] brn\n|upkeep\n|turn|16\n|\n|t:|1699325590\n|move|p2a: Annihilape|Power-Up Punch|p1a: feesh\n|-damage|p1a: feesh|0 fnt\n|-boost|p2a: Annihilape|atk|1\n|faint|p1a: feesh\n|\n|win|tyhanssb\n|l|\u2606Soup56168\n","uploadtime":1699325598,"views":5,"p1id":"soup56168","p2id":"tyhanssb","formatid":"gen9nationaldexubers","rating":0,"private":0,"password":""}