{"id":"gen9nationaldexubers-1989910842","p1":"ORDINARY-MODE\u25fb\ufe0f","p2":"toxsistea","format":"[Gen 9] National Dex Ubers","log":"|j|\u2606ORDINARY-MODE\u25fb\ufe0f\n|j|\u2606toxsistea\n|t:|1699906006\n|gametype|singles\n|player|p1|ORDINARY-MODE\u25fb\ufe0f|wicke|1035\n|player|p2|toxsistea|clair|1169\n|teamsize|p1|6\n|teamsize|p2|6\n|gen|9\n|tier|[Gen 9] National Dex Ubers\n|rated|\n|rule|HP Percentage Mod: HP is shown in percentages\n|rule|Endless Battle Clause: Forcing endless battles is banned\n|rule|OHKO Clause: OHKO moves are banned\n|rule|Evasion Moves Clause: Evasion moves are banned\n|rule|Evasion Items Clause: Evasion items are banned\n|rule|Species Clause: Limit one of each Pok\u00e9mon\n|rule|Sleep Clause Mod: Limit one foe put to sleep\n|rule|Mega Rayquaza Clause: You cannot mega evolve Rayquaza\n|clearpoke\n|poke|p1|Lickilicky, M|\n|poke|p1|Zoroark-Hisui, M|\n|poke|p1|Audino, F|\n|poke|p1|Diggersby, M|\n|poke|p1|Dudunsparce-*, M|\n|poke|p1|Maushold-Four|\n|poke|p2|Pheromosa|\n|poke|p2|Milotic, F|\n|poke|p2|Kyogre|\n|poke|p2|Altaria, F|\n|poke|p2|Goodra-Hisui, M|\n|poke|p2|Tsareena, F|\n|teampreview\n|inactive|Battle timer is ON: inactive players will automatically lose when time's up. (requested by toxsistea)\n|\n|t:|1699906051\n|start\n|switch|p1a: \u2728\ufe0f\u26aa\ufe0fDUDUNSPARCE\u26aa\ufe0f|Dudunsparce-Three-Segment, M, shiny|100\/100\n|switch|p2a: Altaria|Altaria, F|100\/100\n|-ability|p2a: Altaria|Cloud Nine\n|turn|1\n|\n|t:|1699906065\n|detailschange|p2a: Altaria|Altaria-Mega, F\n|-mega|p2a: Altaria|Altaria|Altarianite\n|move|p1a: \u2728\ufe0f\u26aa\ufe0fDUDUNSPARCE\u26aa\ufe0f|Glare|p2a: Altaria\n|-status|p2a: Altaria|par\n|move|p2a: Altaria|Tailwind|p2a: Altaria\n|-sidestart|p2: toxsistea|move: Tailwind\n|\n|upkeep\n|turn|2\n|\n|t:|1699906076\n|switch|p2a: Pheromosa|Pheromosa, shiny|100\/100\n|move|p1a: \u2728\ufe0f\u26aa\ufe0fDUDUNSPARCE\u26aa\ufe0f|Calm Mind|p1a: \u2728\ufe0f\u26aa\ufe0fDUDUNSPARCE\u26aa\ufe0f\n|-boost|p1a: \u2728\ufe0f\u26aa\ufe0fDUDUNSPARCE\u26aa\ufe0f|spa|1\n|-boost|p1a: \u2728\ufe0f\u26aa\ufe0fDUDUNSPARCE\u26aa\ufe0f|spd|1\n|\n|upkeep\n|turn|3\n|\n|t:|1699906086\n|move|p2a: Pheromosa|Low Kick|p1a: \u2728\ufe0f\u26aa\ufe0fDUDUNSPARCE\u26aa\ufe0f\n|-supereffective|p1a: \u2728\ufe0f\u26aa\ufe0fDUDUNSPARCE\u26aa\ufe0f\n|-damage|p1a: \u2728\ufe0f\u26aa\ufe0fDUDUNSPARCE\u26aa\ufe0f|19\/100\n|-damage|p2a: Pheromosa|91\/100|[from] item: Life Orb\n|move|p1a: \u2728\ufe0f\u26aa\ufe0fDUDUNSPARCE\u26aa\ufe0f|Glare|p2a: Pheromosa\n|-status|p2a: Pheromosa|par\n|\n|upkeep\n|turn|4\n|\n|t:|1699906100\n|move|p2a: Pheromosa|Low Kick|p1a: \u2728\ufe0f\u26aa\ufe0fDUDUNSPARCE\u26aa\ufe0f\n|-supereffective|p1a: \u2728\ufe0f\u26aa\ufe0fDUDUNSPARCE\u26aa\ufe0f\n|-damage|p1a: \u2728\ufe0f\u26aa\ufe0fDUDUNSPARCE\u26aa\ufe0f|0 fnt\n|faint|p1a: \u2728\ufe0f\u26aa\ufe0fDUDUNSPARCE\u26aa\ufe0f\n|-ability|p2a: Pheromosa|Beast Boost|boost\n|-boost|p2a: Pheromosa|spe|1\n|-damage|p2a: Pheromosa|81\/100 par|[from] item: Life Orb\n|\n|-sideend|p2: toxsistea|move: Tailwind\n|upkeep\n|\n|t:|1699906115\n|switch|p1a: \u2728\ufe0f\u26aa\ufe0fAUDINO\u26aa\ufe0f\u2728\ufe0f|Audino, F, shiny|100\/100\n|turn|5\n|\n|t:|1699906137\n|move|p1a: \u2728\ufe0f\u26aa\ufe0fAUDINO\u26aa\ufe0f\u2728\ufe0f|Hyper Voice|p2a: Pheromosa\n|-damage|p2a: Pheromosa|0 fnt\n|faint|p2a: Pheromosa\n|\n|upkeep\n|\n|t:|1699906142\n|switch|p2a: Tsareena|Tsareena, F, shiny|100\/100\n|turn|6\n|\n|t:|1699906147\n|move|p1a: \u2728\ufe0f\u26aa\ufe0fAUDINO\u26aa\ufe0f\u2728\ufe0f|Nasty Plot|p1a: \u2728\ufe0f\u26aa\ufe0fAUDINO\u26aa\ufe0f\u2728\ufe0f\n|-boost|p1a: \u2728\ufe0f\u26aa\ufe0fAUDINO\u26aa\ufe0f\u2728\ufe0f|spa|2\n|move|p2a: Tsareena|High Jump Kick|p1a: \u2728\ufe0f\u26aa\ufe0fAUDINO\u26aa\ufe0f\u2728\ufe0f\n|-immune|p1a: \u2728\ufe0f\u26aa\ufe0fAUDINO\u26aa\ufe0f\u2728\ufe0f\n|-damage|p2a: Tsareena|50\/100|[from] highjumpkick\n|\n|upkeep\n|turn|7\n|\n|t:|1699906163\n|move|p1a: \u2728\ufe0f\u26aa\ufe0fAUDINO\u26aa\ufe0f\u2728\ufe0f|Hyper Voice|p2a: Tsareena\n|-damage|p2a: Tsareena|0 fnt\n|faint|p2a: Tsareena\n|\n|upkeep\n|\n|t:|1699906177\n|switch|p2a: Milotic|Milotic, F, shiny|100\/100\n|turn|8\n|\n|t:|1699906182\n|move|p1a: \u2728\ufe0f\u26aa\ufe0fAUDINO\u26aa\ufe0f\u2728\ufe0f|Nasty Plot|p1a: \u2728\ufe0f\u26aa\ufe0fAUDINO\u26aa\ufe0f\u2728\ufe0f\n|-boost|p1a: \u2728\ufe0f\u26aa\ufe0fAUDINO\u26aa\ufe0f\u2728\ufe0f|spa|2\n|move|p2a: Milotic|Toxic|p1a: \u2728\ufe0f\u26aa\ufe0fAUDINO\u26aa\ufe0f\u2728\ufe0f\n|-status|p1a: \u2728\ufe0f\u26aa\ufe0fAUDINO\u26aa\ufe0f\u2728\ufe0f|tox\n|\n|-damage|p1a: \u2728\ufe0f\u26aa\ufe0fAUDINO\u26aa\ufe0f\u2728\ufe0f|95\/100 tox|[from] psn\n|upkeep\n|turn|9\n|\n|t:|1699906195\n|move|p1a: \u2728\ufe0f\u26aa\ufe0fAUDINO\u26aa\ufe0f\u2728\ufe0f|Hyper Voice|p2a: Milotic\n|-damage|p2a: Milotic|4\/100\n|move|p2a: Milotic|Substitute|p2a: Milotic\n|-fail|p2a: Milotic|move: Substitute|[weak]\n|\n|-heal|p2a: Milotic|10\/100|[from] item: Leftovers\n|-damage|p1a: \u2728\ufe0f\u26aa\ufe0fAUDINO\u26aa\ufe0f\u2728\ufe0f|83\/100 tox|[from] psn\n|upkeep\n|turn|10\n|\n|t:|1699906204\n|move|p1a: \u2728\ufe0f\u26aa\ufe0fAUDINO\u26aa\ufe0f\u2728\ufe0f|Hyper Voice|p2a: Milotic\n|-damage|p2a: Milotic|0 fnt\n|faint|p2a: Milotic\n|\n|-damage|p1a: \u2728\ufe0f\u26aa\ufe0fAUDINO\u26aa\ufe0f\u2728\ufe0f|65\/100 tox|[from] psn\n|upkeep\n|\n|t:|1699906210\n|switch|p2a: Kyogre|Kyogre, shiny|100\/100\n|detailschange|p2a: Kyogre|Kyogre-Primal, shiny\n|-primal|p2a: Kyogre|Blue Orb\n|-weather|PrimordialSea|[from] ability: Primordial Sea|[of] p2a: Kyogre\n|turn|11\n|\n|t:|1699906225\n|-terastallize|p1a: \u2728\ufe0f\u26aa\ufe0fAUDINO\u26aa\ufe0f\u2728\ufe0f|Normal\n|move|p1a: \u2728\ufe0f\u26aa\ufe0fAUDINO\u26aa\ufe0f\u2728\ufe0f|Hyper Voice|p2a: Kyogre\n|-damage|p2a: Kyogre|0 fnt\n|faint|p2a: Kyogre\n|-weather|none\n|\n|-damage|p1a: \u2728\ufe0f\u26aa\ufe0fAUDINO\u26aa\ufe0f\u2728\ufe0f|41\/100 tox|[from] psn\n|upkeep\n|\n|t:|1699906232\n|switch|p2a: Goodra|Goodra-Hisui, M, shiny|100\/100\n|turn|12\n|\n|t:|1699906241\n|move|p1a: \u2728\ufe0f\u26aa\ufe0fAUDINO\u26aa\ufe0f\u2728\ufe0f|Bitter Malice|p2a: Goodra\n|-damage|p2a: Goodra|24\/100\n|-unboost|p2a: Goodra|atk|1\n|move|p2a: Goodra|Flash Cannon|p1a: \u2728\ufe0f\u26aa\ufe0fAUDINO\u26aa\ufe0f\u2728\ufe0f\n|-damage|p1a: \u2728\ufe0f\u26aa\ufe0fAUDINO\u26aa\ufe0f\u2728\ufe0f|0 fnt\n|replace|p1a: \ud83c\udc04\u26aa\ufe0fZORAOARK\u26aa\ufe0f\ud83c\udc04|Zoroark-Hisui, M\n|-end|p1a: \ud83c\udc04\u26aa\ufe0fZORAOARK\u26aa\ufe0f\ud83c\udc04|Illusion\n|faint|p1a: \ud83c\udc04\u26aa\ufe0fZORAOARK\u26aa\ufe0f\ud83c\udc04\n|\n|upkeep\n|\n|t:|1699906263\n|switch|p1a: \ud83d\udc30\u26aa\ufe0fDIGGERSBY\u26aa\ufe0f\ud83d\udc30|Diggersby, M, shiny|100\/100\n|turn|13\n|\n|t:|1699906272\n|move|p1a: \ud83d\udc30\u26aa\ufe0fDIGGERSBY\u26aa\ufe0f\ud83d\udc30|Swords Dance|p1a: \ud83d\udc30\u26aa\ufe0fDIGGERSBY\u26aa\ufe0f\ud83d\udc30\n|-boost|p1a: \ud83d\udc30\u26aa\ufe0fDIGGERSBY\u26aa\ufe0f\ud83d\udc30|atk|2\n|move|p2a: Goodra|Flash Cannon|p1a: \ud83d\udc30\u26aa\ufe0fDIGGERSBY\u26aa\ufe0f\ud83d\udc30\n|-crit|p1a: \ud83d\udc30\u26aa\ufe0fDIGGERSBY\u26aa\ufe0f\ud83d\udc30\n|-damage|p1a: \ud83d\udc30\u26aa\ufe0fDIGGERSBY\u26aa\ufe0f\ud83d\udc30|13\/100\n|\n|upkeep\n|turn|14\n|\n|t:|1699906280\n|move|p1a: \ud83d\udc30\u26aa\ufe0fDIGGERSBY\u26aa\ufe0f\ud83d\udc30|Bulldoze|p2a: Goodra\n|-supereffective|p2a: Goodra\n|-damage|p2a: Goodra|0 fnt\n|faint|p2a: Goodra\n|\n|upkeep\n|\n|t:|1699906284\n|switch|p2a: Altaria|Altaria-Mega, F|100\/100 par\n|turn|15\n|\n|t:|1699906289\n|move|p1a: \ud83d\udc30\u26aa\ufe0fDIGGERSBY\u26aa\ufe0f\ud83d\udc30|Body Slam|p2a: Altaria\n|-damage|p2a: Altaria|21\/100 par\n|cant|p2a: Altaria|par\n|\n|upkeep\n|turn|16\n|\n|t:|1699906301\n|move|p1a: \ud83d\udc30\u26aa\ufe0fDIGGERSBY\u26aa\ufe0f\ud83d\udc30|Body Slam|p2a: Altaria\n|-damage|p2a: Altaria|0 fnt\n|faint|p2a: Altaria\n|\n|win|ORDINARY-MODE\u25fb\ufe0f\n|raw|ORDINARY-MODE\u25fb\ufe0f's rating: 1035 &rarr; <strong>1083<\/strong><br \/>(+48 for winning)\n|raw|toxsistea's rating: 1169 &rarr; <strong>1135<\/strong><br \/>(-34 for losing)\n|c|\u2606ORDINARY-MODE\u25fb\ufe0f|Noob\n|c|\u2606toxsistea|haha ral\n|c|\u2606toxsistea|real\n|l|\u2606toxsistea\n","uploadtime":1699906367,"views":6,"p1id":"ordinarymode","p2id":"toxsistea","formatid":"gen9nationaldexubers","rating":1083,"private":0,"password":""}