{"id":"gen9nationaldexubers-1989729243","p1":"JimmyJohto","p2":"SylverOmega","format":"[Gen 9] National Dex Ubers","log":"|j|\u2606JimmyJohto\n|j|\u2606SylverOmega\n|t:|1699890728\n|gametype|singles\n|player|p1|JimmyJohto|170|\n|player|p2|SylverOmega|palmer|\n|teamsize|p1|6\n|teamsize|p2|6\n|gen|9\n|tier|[Gen 9] National Dex Ubers\n|rule|HP Percentage Mod: HP is shown in percentages\n|rule|Endless Battle Clause: Forcing endless battles is banned\n|rule|OHKO Clause: OHKO moves are banned\n|rule|Evasion Moves Clause: Evasion moves are banned\n|rule|Evasion Items Clause: Evasion items are banned\n|rule|Species Clause: Limit one of each Pok\u00e9mon\n|rule|Sleep Clause Mod: Limit one foe put to sleep\n|rule|Mega Rayquaza Clause: You cannot mega evolve Rayquaza\n|clearpoke\n|poke|p1|Greninja-*, M|\n|poke|p1|Dragonite, F|\n|poke|p1|Ninetales-Alola, F|\n|poke|p1|Hatterene, F|\n|poke|p1|Blaziken, M|\n|poke|p1|Corviknight, F|\n|poke|p2|Cinderace, M|\n|poke|p2|Greninja-*, M|\n|poke|p2|Corviknight, F|\n|poke|p2|Rillaboom, F|\n|poke|p2|Dragonite, F|\n|poke|p2|Zoroark-Hisui, F|\n|teampreview\n|inactive|Battle timer is ON: inactive players will automatically lose when time's up. (requested by SylverOmega)\n|c|\u2606SylverOmega|Hf\n|c|\u2606JimmyJohto|gl\n|\n|t:|1699890740\n|start\n|switch|p1a: Blaziken|Blaziken, M|100\/100\n|switch|p2a: Dragonite|Dragonite, F|100\/100\n|turn|1\n|\n|t:|1699890749\n|move|p1a: Blaziken|Flare Blitz|p2a: Dragonite\n|-resisted|p2a: Dragonite\n|-damage|p2a: Dragonite|87\/100\n|-damage|p1a: Blaziken|95\/100|[from] Recoil\n|move|p2a: Dragonite|Earthquake|p1a: Blaziken\n|-supereffective|p1a: Blaziken\n|-damage|p1a: Blaziken|0 fnt\n|faint|p1a: Blaziken\n|\n|-heal|p2a: Dragonite|93\/100|[from] item: Leftovers\n|upkeep\n|\n|t:|1699890759\n|switch|p1a: Greninja|Greninja, M|100\/100\n|turn|2\n|\n|t:|1699890768\n|switch|p2a: Narutito|Greninja, M|100\/100\n|move|p1a: Greninja|Ice Beam|p2a: Narutito\n|-resisted|p2a: Narutito\n|-damage|p2a: Narutito|81\/100\n|\n|upkeep\n|turn|3\n|\n|t:|1699890778\n|move|p1a: Greninja|Dark Pulse|p2a: Narutito\n|-resisted|p2a: Narutito\n|-damage|p2a: Narutito|53\/100\n|move|p2a: Narutito|Scald|p1a: Greninja\n|-resisted|p1a: Greninja\n|-damage|p1a: Greninja|71\/100\n|\n|upkeep\n|turn|4\n|\n|t:|1699890787\n|switch|p2a: Rillaboom|Rillaboom, F|100\/100\n|-fieldstart|move: Grassy Terrain|[from] ability: Grassy Surge|[of] p2a: Rillaboom\n|move|p1a: Greninja|Dark Pulse|p2a: Rillaboom\n|-damage|p2a: Rillaboom|58\/100\n|\n|-heal|p1a: Greninja|77\/100|[from] Grassy Terrain\n|-heal|p2a: Rillaboom|64\/100|[from] Grassy Terrain\n|upkeep\n|turn|5\n|\n|t:|1699890800\n|switch|p1a: Corviknight|Corviknight, F|100\/100\n|-ability|p1a: Corviknight|Pressure\n|move|p2a: Rillaboom|Swords Dance|p2a: Rillaboom\n|-boost|p2a: Rillaboom|atk|2\n|\n|-heal|p2a: Rillaboom|71\/100|[from] Grassy Terrain\n|upkeep\n|turn|6\n|\n|t:|1699890810\n|move|p2a: Rillaboom|Knock Off|p1a: Corviknight\n|-damage|p1a: Corviknight|54\/100\n|-damage|p2a: Rillaboom|54\/100|[from] item: Rocky Helmet|[of] p1a: Corviknight\n|-enditem|p1a: Corviknight|Rocky Helmet|[from] move: Knock Off|[of] p2a: Rillaboom\n|move|p1a: Corviknight|Brave Bird|p2a: Rillaboom\n|-supereffective|p2a: Rillaboom\n|-damage|p2a: Rillaboom|0 fnt\n|faint|p2a: Rillaboom\n|-damage|p1a: Corviknight|37\/100|[from] Recoil\n|\n|upkeep\n|\n|t:|1699890823\n|switch|p2a: Narutito|Greninja, M|53\/100\n|turn|7\n|\n|t:|1699890832\n|switch|p1a: Hatterene|Hatterene, F|100\/100\n|move|p2a: Narutito|Scald|p1a: Hatterene\n|-damage|p1a: Hatterene|73\/100\n|-enditem|p1a: Hatterene|Eject Button\n|\n|t:|1699890839\n|switch|p1a: Greninja|Greninja, M|77\/100\n|\n|-heal|p2a: Narutito|59\/100|[from] Grassy Terrain\n|-heal|p1a: Greninja|83\/100|[from] Grassy Terrain\n|upkeep\n|turn|8\n|\n|t:|1699890848\n|move|p1a: Greninja|Dark Pulse|p2a: Narutito\n|-resisted|p2a: Narutito\n|-damage|p2a: Narutito|31\/100\n|move|p2a: Narutito|Dark Pulse|p1a: Greninja\n|-resisted|p1a: Greninja\n|-damage|p1a: Greninja|55\/100\n|\n|-heal|p2a: Narutito|37\/100|[from] Grassy Terrain\n|-heal|p1a: Greninja|61\/100|[from] Grassy Terrain\n|-fieldend|move: Grassy Terrain\n|upkeep\n|turn|9\n|c|\u2606SylverOmega|Porque siempre ganas el speed tie\n|c|\u2606SylverOmega|No eres scarf\n|c|\u2606JimmyJohto|ni idea xdd\n|inactive|SylverOmega has 270 seconds left.\n|\n|t:|1699890879\n|move|p1a: Greninja|Dark Pulse|p2a: Narutito\n|-resisted|p2a: Narutito\n|-damage|p2a: Narutito|10\/100\n|move|p2a: Narutito|Scald|p1a: Greninja\n|-resisted|p1a: Greninja\n|-damage|p1a: Greninja|31\/100\n|\n|upkeep\n|turn|10\n|inactive|SylverOmega has 270 seconds left.\n|\n|t:|1699890890\n|switch|p2a: Caballera|Corviknight, F, shiny|100\/100\n|move|p1a: Greninja|Water Shuriken|p2a: Caballera\n|-damage|p2a: Caballera|96\/100\n|-damage|p2a: Caballera|90\/100\n|-damage|p2a: Caballera|85\/100\n|-hitcount|p2a: Caballera|3\n|\n|upkeep\n|turn|11\n|inactive|SylverOmega has 270 seconds left.\n|\n|t:|1699890905\n|move|p1a: Greninja|Dark Pulse|p2a: Caballera\n|-damage|p2a: Caballera|58\/100\n|move|p2a: Caballera|Bulk Up|p2a: Caballera\n|-boost|p2a: Caballera|atk|1\n|-boost|p2a: Caballera|def|1\n|\n|upkeep\n|turn|12\n|\n|t:|1699890912\n|-terastallize|p1a: Greninja|Water\n|move|p1a: Greninja|Scald|p2a: Caballera\n|-damage|p2a: Caballera|25\/100\n|move|p2a: Caballera|Roost|p2a: Caballera\n|-heal|p2a: Caballera|75\/100\n|-singleturn|p2a: Caballera|move: Roost\n|\n|upkeep\n|turn|13\n|\n|t:|1699890924\n|move|p1a: Greninja|Dark Pulse|p2a: Caballera\n|-damage|p2a: Caballera|50\/100\n|move|p2a: Caballera|Body Press|p1a: Greninja\n|-damage|p1a: Greninja|0 fnt\n|faint|p1a: Greninja\n|\n|upkeep\n|\n|t:|1699890934\n|switch|p1a: Dragonite|Dragonite, F|100\/100\n|turn|14\n|\n|t:|1699890938\n|move|p1a: Dragonite|Dragon Dance|p1a: Dragonite\n|-boost|p1a: Dragonite|atk|1\n|-boost|p1a: Dragonite|spe|1\n|move|p2a: Caballera|Roost|p2a: Caballera\n|-heal|p2a: Caballera|99\/100\n|-singleturn|p2a: Caballera|move: Roost\n|\n|upkeep\n|turn|15\n|\n|t:|1699890948\n|move|p1a: Dragonite|Dragon Dance|p1a: Dragonite\n|-boost|p1a: Dragonite|atk|1\n|-boost|p1a: Dragonite|spe|1\n|move|p2a: Caballera|Bulk Up|p2a: Caballera\n|-boost|p2a: Caballera|atk|1\n|-boost|p2a: Caballera|def|1\n|\n|upkeep\n|turn|16\n|\n|t:|1699890956\n|move|p1a: Dragonite|Dragon Dance|p1a: Dragonite\n|-boost|p1a: Dragonite|atk|1\n|-boost|p1a: Dragonite|spe|1\n|move|p2a: Caballera|Bulk Up|p2a: Caballera\n|-boost|p2a: Caballera|atk|1\n|-boost|p2a: Caballera|def|1\n|\n|upkeep\n|turn|17\n|\n|t:|1699890963\n|move|p1a: Dragonite|Fire Punch|p2a: Caballera\n|-supereffective|p2a: Caballera\n|-damage|p2a: Caballera|54\/100\n|-damage|p1a: Dragonite|84\/100|[from] item: Rocky Helmet|[of] p2a: Caballera\n|move|p2a: Caballera|Bulk Up|p2a: Caballera\n|-boost|p2a: Caballera|atk|1\n|-boost|p2a: Caballera|def|1\n|\n|upkeep\n|turn|18\n|\n|t:|1699890973\n|move|p1a: Dragonite|Fire Punch|p2a: Caballera\n|-supereffective|p2a: Caballera\n|-damage|p2a: Caballera|15\/100\n|-damage|p1a: Dragonite|68\/100|[from] item: Rocky Helmet|[of] p2a: Caballera\n|move|p2a: Caballera|Bulk Up|p2a: Caballera\n|-boost|p2a: Caballera|atk|1\n|-boost|p2a: Caballera|def|1\n|\n|upkeep\n|turn|19\n|\n|t:|1699890984\n|move|p1a: Dragonite|Fire Punch|p2a: Caballera\n|-supereffective|p2a: Caballera\n|-damage|p2a: Caballera|0 fnt\n|-damage|p1a: Dragonite|51\/100|[from] item: Rocky Helmet|[of] p2a: Caballera\n|faint|p2a: Caballera\n|\n|upkeep\n|\n|t:|1699890993\n|switch|p2a: Alex Zabel|Cinderace, M, shiny|100\/100\n|turn|20\n|\n|t:|1699890997\n|move|p1a: Dragonite|Extreme Speed|p2a: Alex Zabel\n|-immune|p2a: Alex Zabel\n|move|p2a: Alex Zabel|Icy Wind|p1a: Dragonite\n|-supereffective|p1a: Dragonite\n|-damage|p1a: Dragonite|0 fnt\n|faint|p1a: Dragonite\n|\n|upkeep\n|c|\u2606JimmyJohto|ostia puta\n|c|\u2606JimmyJohto|jsjs\n|\n|t:|1699891011\n|switch|p1a: Hatterene|Hatterene, F|73\/100\n|turn|21\n|\n|t:|1699891016\n|move|p2a: Alex Zabel|Bitter Malice|p1a: Hatterene\n|-supereffective|p1a: Hatterene\n|-damage|p1a: Hatterene|18\/100\n|-unboost|p1a: Hatterene|atk|1\n|move|p1a: Hatterene|Nuzzle|p2a: Alex Zabel\n|-damage|p2a: Alex Zabel|95\/100\n|-status|p2a: Alex Zabel|par\n|replace|p2a: Zoroark|Zoroark-Hisui, F\n|-end|p2a: Zoroark|Illusion\n|\n|upkeep\n|turn|22\n|\n|t:|1699891030\n|move|p2a: Zoroark|Bitter Malice|p1a: Hatterene\n|-supereffective|p1a: Hatterene\n|-damage|p1a: Hatterene|0 fnt\n|faint|p1a: Hatterene\n|\n|upkeep\n|\n|t:|1699891038\n|switch|p1a: Corviknight|Corviknight, F|37\/100\n|-ability|p1a: Corviknight|Pressure\n|turn|23\n|\n|t:|1699891044\n|move|p2a: Zoroark|Bitter Malice|p1a: Corviknight\n|-damage|p1a: Corviknight|0 fnt\n|faint|p1a: Corviknight\n|\n|upkeep\n|\n|t:|1699891049\n|switch|p1a: Ninetales|Ninetales-Alola, F|100\/100\n|-weather|Snow|[from] ability: Snow Warning|[of] p1a: Ninetales\n|turn|24\n|c|\u2606SylverOmega|Gg\n|\n|t:|1699891059\n|move|p1a: Ninetales|Aurora Veil|p1a: Ninetales\n|-sidestart|p1: JimmyJohto|move: Aurora Veil\n|move|p2a: Zoroark|Nasty Plot|p2a: Zoroark\n|-boost|p2a: Zoroark|spa|2\n|\n|-weather|Snow|[upkeep]\n|upkeep\n|turn|25\n|\n|t:|1699891066\n|move|p1a: Ninetales|Blizzard|p2a: Zoroark\n|-damage|p2a: Zoroark|2\/100 par\n|cant|p2a: Zoroark|par\n|\n|-weather|Snow|[upkeep]\n|upkeep\n|turn|26\n|\n|t:|1699891083\n|move|p1a: Ninetales|Blizzard|p2a: Zoroark\n|-damage|p2a: Zoroark|0 fnt\n|faint|p2a: Zoroark\n|\n|-weather|Snow|[upkeep]\n|upkeep\n|\n|t:|1699891092\n|switch|p2a: Alex Zabel|Cinderace, M, shiny|100\/100\n|turn|27\n|\n|t:|1699891097\n|move|p2a: Alex Zabel|Court Change|p2a: Alex Zabel\n|-start|p2a: Alex Zabel|typechange|Normal|[from] ability: Libero\n|-swapsideconditions\n|-activate|p2a: Alex Zabel|move: Court Change\n|move|p1a: Ninetales|Extrasensory|p2a: Alex Zabel\n|-damage|p2a: Alex Zabel|85\/100\n|\n|-weather|Snow|[upkeep]\n|upkeep\n|turn|28\n|\n|t:|1699891108\n|-terastallize|p2a: Alex Zabel|Fire\n|move|p2a: Alex Zabel|Pyro Ball|p1a: Ninetales|[miss]\n|-miss|p2a: Alex Zabel|p1a: Ninetales\n|move|p1a: Ninetales|Blizzard|p2a: Alex Zabel\n|-resisted|p2a: Alex Zabel\n|-damage|p2a: Alex Zabel|69\/100\n|\n|-weather|none\n|upkeep\n|turn|29\n|c|\u2606JimmyJohto|gg\n|\n|t:|1699891118\n|move|p2a: Alex Zabel|Pyro Ball|p1a: Ninetales\n|-supereffective|p1a: Ninetales\n|-damage|p1a: Ninetales|0 fnt\n|faint|p1a: Ninetales\n|\n|win|SylverOmega\n","uploadtime":1699891125,"views":5,"p1id":"jimmyjohto","p2id":"sylveromega","formatid":"gen9nationaldexubers","rating":0,"private":0,"password":""}