{"id":"gen9nationaldexubers-1980414403","p1":"Careca Safadinha","p2":"aquiles meo","format":"[Gen 9] National Dex Ubers","log":"|j|\u2606Careca Safadinha\n|j|\u2606aquiles meo\n|t:|1698782835\n|gametype|singles\n|player|p1|Careca Safadinha|265|\n|player|p2|aquiles meo|ethan|\n|teamsize|p1|6\n|teamsize|p2|6\n|gen|9\n|tier|[Gen 9] National Dex Ubers\n|rule|HP Percentage Mod: HP is shown in percentages\n|rule|Endless Battle Clause: Forcing endless battles is banned\n|rule|OHKO Clause: OHKO moves are banned\n|rule|Evasion Moves Clause: Evasion moves are banned\n|rule|Evasion Items Clause: Evasion items are banned\n|rule|Species Clause: Limit one of each Pok\u00e9mon\n|rule|Sleep Clause Mod: Limit one foe put to sleep\n|rule|Mega Rayquaza Clause: You cannot mega evolve Rayquaza\n|clearpoke\n|poke|p1|Baxcalibur, F|\n|poke|p1|Gliscor, F|\n|poke|p1|Umbreon, M|\n|poke|p1|Alakazam, M|\n|poke|p1|Grimmsnarl, M|\n|poke|p1|Darmanitan-Galar, M|\n|poke|p2|Jirachi|\n|poke|p2|Ho-Oh|\n|poke|p2|Rayquaza|\n|poke|p2|Pidgeot, M|\n|poke|p2|Lucario, M|\n|poke|p2|Luxray, M|\n|teampreview\n|c|\u2606Careca Safadinha|serios please jkkkk\n|\n|t:|1698782872\n|start\n|switch|p1a: Grimmsnarl|Grimmsnarl, M|100\/100\n|switch|p2a: Jirachi|Jirachi, shiny|100\/100\n|turn|1\n|c|\u2606Careca Safadinha|I'm learning from the best\n|\n|t:|1698782891\n|move|p1a: Grimmsnarl|Reflect|p1a: Grimmsnarl\n|-sidestart|p1: Careca Safadinha|Reflect\n|move|p2a: Jirachi|Doom Desire|p1a: Grimmsnarl\n|-start|p2a: Jirachi|Doom Desire\n|\n|upkeep\n|turn|2\n|c|\u2606aquiles meo|really?\n|c|\u2606aquiles meo|who\n|\n|t:|1698782909\n|switch|p2a: Rayquaza|Rayquaza, shiny|100\/100\n|-ability|p2a: Rayquaza|Air Lock\n|move|p1a: Grimmsnarl|Thunder Wave|p2a: Rayquaza|[miss]\n|-miss|p1a: Grimmsnarl|p2a: Rayquaza\n|\n|upkeep\n|turn|3\n|c|\u2606Careca Safadinha|yes bro\n|\n|t:|1698782934\n|switch|p2a: Luxray|Luxray, M, shiny|100\/100\n|move|p1a: Grimmsnarl|Thunder Wave|p2a: Luxray\n|-immune|p2a: Luxray\n|\n|-end|p1a: Grimmsnarl|move: Doom Desire\n|-supereffective|p1a: Grimmsnarl\n|-damage|p1a: Grimmsnarl|3\/100\n|upkeep\n|turn|4\n|\n|t:|1698782947\n|move|p1a: Grimmsnarl|Light Screen|p1a: Grimmsnarl\n|-sidestart|p1: Careca Safadinha|move: Light Screen\n|move|p2a: Luxray|Crunch|p1a: Grimmsnarl\n|-resisted|p1a: Grimmsnarl\n|-damage|p1a: Grimmsnarl|0 fnt\n|faint|p1a: Grimmsnarl\n|\n|upkeep\n|\n|t:|1698782963\n|switch|p1a: Gliscor|Gliscor, F|100\/100\n|turn|5\n|\n|t:|1698782987\n|switch|p2a: Ho-Oh|Ho-Oh, shiny|100\/100\n|move|p1a: Gliscor|Earthquake|p2a: Ho-Oh\n|-immune|p2a: Ho-Oh\n|\n|-status|p1a: Gliscor|tox|[from] item: Toxic Orb\n|upkeep\n|turn|6\n|\n|t:|1698782996\n|move|p1a: Gliscor|Knock Off|p2a: Ho-Oh\n|-damage|p2a: Ho-Oh|81\/100\n|-enditem|p2a: Ho-Oh|Clear Amulet|[from] move: Knock Off|[of] p1a: Gliscor\n|move|p2a: Ho-Oh|Calm Mind|p2a: Ho-Oh\n|-boost|p2a: Ho-Oh|spa|1\n|-boost|p2a: Ho-Oh|spd|1\n|\n|upkeep\n|turn|7\n|\n|t:|1698783007\n|switch|p1a: Baxcalibur|Baxcalibur, F|100\/100\n|move|p2a: Ho-Oh|Ancient Power|p1a: Baxcalibur\n|-supereffective|p1a: Baxcalibur\n|-damage|p1a: Baxcalibur|67\/100\n|-boost|p2a: Ho-Oh|atk|1\n|-boost|p2a: Ho-Oh|def|1\n|-boost|p2a: Ho-Oh|spa|1\n|-boost|p2a: Ho-Oh|spd|1\n|-boost|p2a: Ho-Oh|spe|1\n|\n|upkeep\n|turn|8\n|\n|t:|1698783026\n|move|p2a: Ho-Oh|Ancient Power|p1a: Baxcalibur\n|-supereffective|p1a: Baxcalibur\n|-damage|p1a: Baxcalibur|23\/100\n|move|p1a: Baxcalibur|Dragon Dance|p1a: Baxcalibur\n|-boost|p1a: Baxcalibur|atk|1\n|-boost|p1a: Baxcalibur|spe|1\n|\n|-sideend|p1: Careca Safadinha|Reflect\n|upkeep\n|turn|9\n|\n|t:|1698783040\n|move|p1a: Baxcalibur|Scale Shot|p2a: Ho-Oh\n|-damage|p2a: Ho-Oh|68\/100\n|-damage|p2a: Ho-Oh|54\/100\n|-damage|p2a: Ho-Oh|42\/100\n|-damage|p2a: Ho-Oh|30\/100\n|-damage|p2a: Ho-Oh|17\/100\n|-hitcount|p2a: Ho-Oh|5\n|-unboost|p1a: Baxcalibur|def|1\n|-boost|p1a: Baxcalibur|spe|1\n|move|p2a: Ho-Oh|Ancient Power|p1a: Baxcalibur\n|-supereffective|p1a: Baxcalibur\n|-damage|p1a: Baxcalibur|0 fnt\n|faint|p1a: Baxcalibur\n|\n|upkeep\n|\n|t:|1698783054\n|switch|p1a: Darmanitan|Darmanitan-Galar, M|100\/100\n|turn|10\n|\n|t:|1698783070\n|move|p2a: Ho-Oh|Burn Up|p1a: Darmanitan\n|-supereffective|p1a: Darmanitan\n|-damage|p1a: Darmanitan|0 fnt\n|-start|p2a: Ho-Oh|typechange|???\/Flying|[from] move: Burn Up\n|faint|p1a: Darmanitan\n|\n|upkeep\n|\n|t:|1698783078\n|switch|p1a: Alakazam|Alakazam, M|100\/100\n|turn|11\n|\n|t:|1698783087\n|detailschange|p1a: Alakazam|Alakazam-Mega, M\n|-mega|p1a: Alakazam|Alakazam|Alakazite\n|-ability|p1a: Alakazam|Regenerator|[from] ability: Trace|[of] p2a: Ho-Oh\n|move|p1a: Alakazam|Psyshock|p2a: Ho-Oh\n|-damage|p2a: Ho-Oh|0 fnt\n|faint|p2a: Ho-Oh\n|\n|-sideend|p1: Careca Safadinha|move: Light Screen\n|upkeep\n|\n|t:|1698783096\n|switch|p2a: Rayquaza|Rayquaza, shiny|100\/100\n|-ability|p2a: Rayquaza|Air Lock\n|turn|12\n|\n|t:|1698783110\n|-terastallize|p2a: Rayquaza|Flying\n|move|p1a: Alakazam|Calm Mind|p1a: Alakazam\n|-boost|p1a: Alakazam|spa|1\n|-boost|p1a: Alakazam|spd|1\n|move|p2a: Rayquaza|Dragon Ascent|p1a: Alakazam\n|-damage|p1a: Alakazam|0 fnt\n|-unboost|p2a: Rayquaza|def|1\n|-unboost|p2a: Rayquaza|spd|1\n|faint|p1a: Alakazam\n|\n|upkeep\n|\n|t:|1698783121\n|switch|p1a: Gliscor|Gliscor, F|100\/100 tox\n|turn|13\n|\n|t:|1698783135\n|switch|p2a: Jirachi|Jirachi, shiny|100\/100\n|move|p1a: Gliscor|Knock Off|p2a: Jirachi\n|-supereffective|p2a: Jirachi\n|-damage|p2a: Jirachi|61\/100\n|-enditem|p2a: Jirachi|Leftovers|[from] move: Knock Off|[of] p1a: Gliscor\n|\n|upkeep\n|turn|14\n|\n|t:|1698783151\n|move|p2a: Jirachi|Iron Head|p1a: Gliscor\n|-damage|p1a: Gliscor|81\/100 tox\n|cant|p1a: Gliscor|flinch\n|\n|-heal|p1a: Gliscor|93\/100 tox|[from] ability: Poison Heal\n|upkeep\n|turn|15\n|\n|t:|1698783158\n|move|p2a: Jirachi|Doom Desire|p1a: Gliscor\n|-start|p2a: Jirachi|Doom Desire\n|move|p1a: Gliscor|Earthquake|p2a: Jirachi\n|-supereffective|p2a: Jirachi\n|-damage|p2a: Jirachi|0 fnt\n|faint|p2a: Jirachi\n|\n|-heal|p1a: Gliscor|100\/100 tox|[from] ability: Poison Heal\n|upkeep\n|\n|t:|1698783166\n|switch|p2a: Rayquaza|Rayquaza, shiny, tera:Flying|100\/100\n|-ability|p2a: Rayquaza|Air Lock\n|turn|16\n|\n|t:|1698783173\n|move|p2a: Rayquaza|Dragon Ascent|p1a: Gliscor\n|-damage|p1a: Gliscor|45\/100 tox\n|-unboost|p2a: Rayquaza|def|1\n|-unboost|p2a: Rayquaza|spd|1\n|move|p1a: Gliscor|Roost|p1a: Gliscor\n|-heal|p1a: Gliscor|95\/100 tox\n|-singleturn|p1a: Gliscor|move: Roost\n|\n|-heal|p1a: Gliscor|100\/100 tox|[from] ability: Poison Heal\n|upkeep\n|turn|17\n|\n|t:|1698783192\n|move|p2a: Rayquaza|Dragon Dance|p2a: Rayquaza\n|-boost|p2a: Rayquaza|atk|1\n|-boost|p2a: Rayquaza|spe|1\n|move|p1a: Gliscor|Roost||[still]\n|-fail|p1a: Gliscor|heal\n|\n|-end|p1a: Gliscor|move: Doom Desire\n|-damage|p1a: Gliscor|53\/100 tox\n|-heal|p1a: Gliscor|65\/100 tox|[from] ability: Poison Heal\n|upkeep\n|turn|18\n|\n|t:|1698783208\n|move|p2a: Rayquaza|Dragon Ascent|p1a: Gliscor\n|-damage|p1a: Gliscor|0 fnt\n|-unboost|p2a: Rayquaza|def|1\n|-unboost|p2a: Rayquaza|spd|1\n|faint|p1a: Gliscor\n|\n|upkeep\n|\n|t:|1698783215\n|switch|p1a: Umbreon|Umbreon, M|100\/100\n|turn|19\n|\n|t:|1698783222\n|move|p2a: Rayquaza|Dragon Dance|p2a: Rayquaza\n|-boost|p2a: Rayquaza|atk|1\n|-boost|p2a: Rayquaza|spe|1\n|move|p1a: Umbreon|Wish|p1a: Umbreon\n|\n|upkeep\n|turn|20\n|\n|t:|1698783230\n|move|p2a: Rayquaza|Dragon Dance|p2a: Rayquaza\n|-boost|p2a: Rayquaza|atk|1\n|-boost|p2a: Rayquaza|spe|1\n|move|p1a: Umbreon|Foul Play|p2a: Rayquaza\n|-damage|p2a: Rayquaza|0 fnt\n|faint|p2a: Rayquaza\n|\n|upkeep\n|\n|t:|1698783238\n|switch|p2a: Pidgeot|Pidgeot, M, shiny|100\/100\n|turn|21\n|\n|t:|1698783256\n|move|p2a: Pidgeot|Tailwind|p2a: Pidgeot\n|-sidestart|p2: aquiles meo|move: Tailwind\n|move|p1a: Umbreon|Wish|p1a: Umbreon\n|\n|upkeep\n|turn|22\n|\n|t:|1698783264\n|switch|p2a: Lucario|Lucario, M, shiny|100\/100\n|move|p1a: Umbreon|Toxic|p2a: Lucario\n|-immune|p2a: Lucario\n|\n|upkeep\n|turn|23\n|\n|t:|1698783279\n|detailschange|p2a: Lucario|Lucario-Mega, M, shiny\n|-mega|p2a: Lucario|Lucario|Lucarionite\n|move|p2a: Lucario|Bone Rush|p1a: Umbreon\n|-damage|p1a: Umbreon|92\/100\n|-damage|p1a: Umbreon|85\/100\n|-damage|p1a: Umbreon|78\/100\n|-hitcount|p1a: Umbreon|3\n|move|p1a: Umbreon|Foul Play|p2a: Lucario\n|-resisted|p2a: Lucario\n|-damage|p2a: Lucario|57\/100\n|\n|-heal|p1a: Umbreon|84\/100|[from] item: Leftovers\n|upkeep\n|turn|24\n|\n|t:|1698783297\n|switch|p2a: Pidgeot|Pidgeot, M, shiny|100\/100\n|move|p1a: Umbreon|Wish|p1a: Umbreon\n|\n|-heal|p1a: Umbreon|90\/100|[from] item: Leftovers\n|-sideend|p2: aquiles meo|move: Tailwind\n|upkeep\n|turn|25\n|\n|t:|1698783305\n|move|p2a: Pidgeot|Tailwind|p2a: Pidgeot\n|-sidestart|p2: aquiles meo|move: Tailwind\n|move|p1a: Umbreon|Foul Play|p2a: Pidgeot\n|-damage|p2a: Pidgeot|68\/100\n|\n|-heal|p1a: Umbreon|100\/100|[from] move: Wish|[wisher] Umbreon\n|upkeep\n|turn|26\n|\n|t:|1698783326\n|switch|p2a: Lucario|Lucario-Mega, M, shiny|57\/100\n|move|p1a: Umbreon|Wish|p1a: Umbreon\n|\n|upkeep\n|turn|27\n|\n|t:|1698783342\n|move|p2a: Lucario|Aura Sphere|p1a: Umbreon\n|-supereffective|p1a: Umbreon\n|-damage|p1a: Umbreon|50\/100\n|move|p1a: Umbreon|Foul Play|p2a: Lucario\n|-resisted|p2a: Lucario\n|-damage|p2a: Lucario|15\/100\n|\n|-heal|p1a: Umbreon|99\/100|[from] move: Wish|[wisher] Umbreon\n|-heal|p1a: Umbreon|100\/100|[from] item: Leftovers\n|upkeep\n|turn|28\n|\n|t:|1698783354\n|move|p2a: Lucario|Drain Punch|p1a: Umbreon\n|-supereffective|p1a: Umbreon\n|-damage|p1a: Umbreon|5\/100\n|-heal|p2a: Lucario|82\/100|[from] drain|[of] p1a: Umbreon\n|move|p1a: Umbreon|Wish|p1a: Umbreon\n|\n|-heal|p1a: Umbreon|11\/100|[from] item: Leftovers\n|-sideend|p2: aquiles meo|move: Tailwind\n|upkeep\n|turn|29\n|\n|t:|1698783365\n|move|p1a: Umbreon|Protect|p1a: Umbreon\n|-singleturn|p1a: Umbreon|Protect\n|move|p2a: Lucario|Bone Rush|p1a: Umbreon\n|-activate|p1a: Umbreon|move: Protect\n|\n|-heal|p1a: Umbreon|61\/100|[from] move: Wish|[wisher] Umbreon\n|-heal|p1a: Umbreon|67\/100|[from] item: Leftovers\n|upkeep\n|turn|30\n|\n|t:|1698783375\n|move|p2a: Lucario|Drain Punch|p1a: Umbreon\n|-supereffective|p1a: Umbreon\n|-damage|p1a: Umbreon|0 fnt\n|-heal|p2a: Lucario|100\/100|[from] drain|[of] p1a: Umbreon\n|faint|p1a: Umbreon\n|\n|win|aquiles meo\n|c|\u2606Careca Safadinha|good\n|c|\u2606aquiles meo|good game\n|c|\u2606Careca Safadinha|im stop hahaha\n|c|\u2606Careca Safadinha|im leave\n|c|\u2606aquiles meo|okay\n|c|\u2606aquiles meo|bye\n|c|\u2606Careca Safadinha|bye\n|l|\u2606Careca Safadinha\n","uploadtime":1698783416,"views":9,"p1id":"carecasafadinha","p2id":"aquilesmeo","formatid":"gen9nationaldexubers","rating":0,"private":0,"password":""}