{"id":"gen9nationaldexubers-1979779413","p1":"RetlawDB","p2":"Pikablue Fan","format":"[Gen 9] National Dex Ubers","log":"|j|\u2606RetlawDB\n|j|\u2606Pikablue Fan\n|t:|1698712418\n|gametype|singles\n|player|p1|RetlawDB|wattson|1147\n|player|p2|Pikablue Fan|gambler|1192\n|teamsize|p1|6\n|teamsize|p2|6\n|gen|9\n|tier|[Gen 9] National Dex Ubers\n|rated|\n|rule|HP Percentage Mod: HP is shown in percentages\n|rule|Endless Battle Clause: Forcing endless battles is banned\n|rule|OHKO Clause: OHKO moves are banned\n|rule|Evasion Moves Clause: Evasion moves are banned\n|rule|Evasion Items Clause: Evasion items are banned\n|rule|Species Clause: Limit one of each Pok\u00e9mon\n|rule|Sleep Clause Mod: Limit one foe put to sleep\n|rule|Mega Rayquaza Clause: You cannot mega evolve Rayquaza\n|clearpoke\n|poke|p1|Vikavolt, F|\n|poke|p1|Stakataka|\n|poke|p1|Muk-Alola, M|\n|poke|p1|Turtonator, F|\n|poke|p1|Cradily, F|\n|poke|p1|Cloyster, M|\n|poke|p2|Whiscash, M|\n|poke|p2|Barraskewda, M|\n|poke|p2|Pelipper, M|\n|poke|p2|Gyarados, M|\n|poke|p2|Quagsire, M|\n|poke|p2|Ludicolo, F|\n|teampreview\n|inactive|Battle timer is ON: inactive players will automatically lose when time's up. (requested by Pikablue Fan)\n|\n|t:|1698712440\n|start\n|switch|p1a: Cramberry|Cradily, F, shiny|100\/100\n|switch|p2a: Gyarados|Gyarados, M|100\/100\n|-ability|p2a: Gyarados|Intimidate|boost\n|-unboost|p1a: Cramberry|atk|1\n|turn|1\n|\n|t:|1698712445\n|move|p2a: Gyarados|Dragon Dance|p2a: Gyarados\n|-boost|p2a: Gyarados|atk|1\n|-boost|p2a: Gyarados|spe|1\n|move|p1a: Cramberry|Stealth Rock|p2a: Gyarados\n|-sidestart|p2: Pikablue Fan|move: Stealth Rock\n|\n|upkeep\n|turn|2\n|\n|t:|1698712472\n|move|p2a: Gyarados|Waterfall|p1a: Cramberry\n|-ability|p1a: Cramberry|Storm Drain|boost\n|-boost|p1a: Cramberry|spa|1\n|move|p1a: Cramberry|Rock Slide|p2a: Gyarados\n|-supereffective|p2a: Gyarados\n|-damage|p2a: Gyarados|67\/100\n|\n|upkeep\n|turn|3\n|\n|t:|1698712478\n|-terastallize|p2a: Gyarados|Steel\n|move|p2a: Gyarados|Ice Fang|p1a: Cramberry\n|-supereffective|p1a: Cramberry\n|-damage|p1a: Cramberry|33\/100\n|-status|p1a: Cramberry|frz\n|cant|p1a: Cramberry|frz\n|\n|-heal|p1a: Cramberry|40\/100 frz|[from] item: Leftovers\n|upkeep\n|turn|4\n|\n|t:|1698712485\n|move|p2a: Gyarados|Ice Fang|p1a: Cramberry|[miss]\n|-miss|p2a: Gyarados|p1a: Cramberry\n|-curestatus|p1a: Cramberry|frz|[msg]\n|move|p1a: Cramberry|Giga Drain|p2a: Gyarados\n|-resisted|p2a: Gyarados\n|-damage|p2a: Gyarados|52\/100\n|-heal|p1a: Cramberry|47\/100|[from] drain|[of] p2a: Gyarados\n|\n|-heal|p1a: Cramberry|53\/100|[from] item: Leftovers\n|upkeep\n|turn|5\n|inactive|RetlawDB has 120 seconds left.\n|\n|t:|1698712525\n|move|p2a: Gyarados|Ice Fang|p1a: Cramberry\n|-supereffective|p1a: Cramberry\n|-damage|p1a: Cramberry|0 fnt\n|faint|p1a: Cramberry\n|\n|upkeep\n|inactive|RetlawDB has 90 seconds left.\n|\n|t:|1698712568\n|switch|p1a: Larreta|Muk-Alola, M, shiny|100\/100\n|turn|6\n|\n|t:|1698712582\n|move|p2a: Gyarados|Waterfall|p1a: Larreta\n|-damage|p1a: Larreta|24\/100\n|move|p1a: Larreta|Knock Off|p2a: Gyarados\n|-damage|p2a: Gyarados|0 fnt\n|-enditem|p2a: Gyarados|Heavy-Duty Boots|[from] move: Knock Off|[of] p1a: Larreta\n|faint|p2a: Gyarados\n|\n|upkeep\n|\n|t:|1698712595\n|switch|p2a: Ludicolo|Ludicolo, F|100\/100\n|-damage|p2a: Ludicolo|88\/100|[from] Stealth Rock\n|turn|7\n|inactive|RetlawDB has 90 seconds left.\n|\n|t:|1698712608\n|move|p2a: Ludicolo|Fake Out|p1a: Larreta\n|-damage|p1a: Larreta|17\/100\n|cant|p1a: Larreta|flinch\n|\n|upkeep\n|turn|8\n|\n|t:|1698712617\n|move|p2a: Ludicolo|Hydro Pump|p1a: Larreta|[miss]\n|-miss|p2a: Ludicolo|p1a: Larreta\n|move|p1a: Larreta|Poison Jab|p2a: Ludicolo\n|-supereffective|p2a: Ludicolo\n|-damage|p2a: Ludicolo|6\/100\n|-status|p2a: Ludicolo|psn\n|\n|-damage|p2a: Ludicolo|0 fnt|[from] psn\n|faint|p2a: Ludicolo\n|upkeep\n|c|\u2606Pikablue Fan|my luck\n|\n|t:|1698712632\n|switch|p2a: Pelipper|Pelipper, M|100\/100\n|-damage|p2a: Pelipper|76\/100|[from] Stealth Rock\n|-weather|RainDance|[from] ability: Drizzle|[of] p2a: Pelipper\n|turn|9\n|\n|t:|1698712639\n|move|p2a: Pelipper|Hydro Pump|p1a: Larreta|[miss]\n|-miss|p2a: Pelipper|p1a: Larreta\n|move|p1a: Larreta|Knock Off|p2a: Pelipper\n|-damage|p2a: Pelipper|28\/100\n|-enditem|p2a: Pelipper|Damp Rock|[from] move: Knock Off|[of] p1a: Larreta\n|\n|-weather|RainDance|[upkeep]\n|upkeep\n|turn|10\n|\n|t:|1698712644\n|move|p2a: Pelipper|Hydro Pump|p1a: Larreta\n|-crit|p1a: Larreta\n|-damage|p1a: Larreta|0 fnt\n|faint|p1a: Larreta\n|\n|-weather|RainDance|[upkeep]\n|upkeep\n|inactive|RetlawDB has 120 seconds left.\n|\n|t:|1698712651\n|switch|p1a: Boyster|Cloyster, M, shiny|100\/100\n|turn|11\n|\n|t:|1698712655\n|move|p1a: Boyster|Shell Smash|p1a: Boyster\n|-unboost|p1a: Boyster|def|1\n|-unboost|p1a: Boyster|spd|1\n|-boost|p1a: Boyster|atk|2\n|-boost|p1a: Boyster|spa|2\n|-boost|p1a: Boyster|spe|2\n|move|p2a: Pelipper|Tailwind|p2a: Pelipper\n|-sidestart|p2: Pikablue Fan|move: Tailwind\n|\n|-weather|RainDance|[upkeep]\n|upkeep\n|turn|12\n|\n|t:|1698712657\n|move|p1a: Boyster|Icicle Spear|p2a: Pelipper\n|-damage|p2a: Pelipper|7\/100\n|-damage|p2a: Pelipper|0 fnt\n|faint|p2a: Pelipper\n|-hitcount|p2: Pelipper|2\n|\n|-weather|RainDance|[upkeep]\n|upkeep\n|\n|t:|1698712661\n|switch|p2a: Barraskewda|Barraskewda, M|100\/100\n|-damage|p2a: Barraskewda|88\/100|[from] Stealth Rock\n|turn|13\n|\n|t:|1698712666\n|move|p2a: Barraskewda|Crunch|p1a: Boyster\n|-damage|p1a: Boyster|45\/100\n|move|p1a: Boyster|Icicle Spear|p2a: Barraskewda\n|-resisted|p2a: Barraskewda\n|-damage|p2a: Barraskewda|69\/100\n|-resisted|p2a: Barraskewda\n|-damage|p2a: Barraskewda|49\/100\n|-resisted|p2a: Barraskewda\n|-damage|p2a: Barraskewda|27\/100\n|-resisted|p2a: Barraskewda\n|-damage|p2a: Barraskewda|5\/100\n|-resisted|p2a: Barraskewda\n|-damage|p2a: Barraskewda|0 fnt\n|faint|p2a: Barraskewda\n|-hitcount|p2: Barraskewda|5\n|\n|-weather|RainDance|[upkeep]\n|upkeep\n|\n|t:|1698712671\n|switch|p2a: Whiscash|Whiscash, M|100\/100\n|-damage|p2a: Whiscash|94\/100|[from] Stealth Rock\n|turn|14\n|\n|t:|1698712675\n|move|p1a: Boyster|Icicle Spear|p2a: Whiscash\n|-damage|p2a: Whiscash|71\/100\n|-damage|p2a: Whiscash|49\/100\n|-damage|p2a: Whiscash|27\/100\n|-damage|p2a: Whiscash|4\/100\n|-damage|p2a: Whiscash|0 fnt\n|faint|p2a: Whiscash\n|-hitcount|p2: Whiscash|5\n|\n|-weather|RainDance|[upkeep]\n|-sideend|p2: Pikablue Fan|move: Tailwind\n|upkeep\n|\n|t:|1698712677\n|switch|p2a: Quagsire|Quagsire, M|100\/100\n|-damage|p2a: Quagsire|94\/100|[from] Stealth Rock\n|turn|15\n|\n|t:|1698712681\n|move|p1a: Boyster|Icicle Spear|p2a: Quagsire\n|-damage|p2a: Quagsire|87\/100\n|-damage|p2a: Quagsire|80\/100\n|-damage|p2a: Quagsire|73\/100\n|-damage|p2a: Quagsire|65\/100\n|-damage|p2a: Quagsire|58\/100\n|-hitcount|p2a: Quagsire|5\n|move|p2a: Quagsire|Earthquake|p1a: Boyster\n|-damage|p1a: Boyster|20\/100\n|\n|-weather|RainDance|[upkeep]\n|-heal|p2a: Quagsire|64\/100|[from] item: Leftovers\n|upkeep\n|turn|16\n|\n|t:|1698712691\n|move|p1a: Boyster|Icicle Spear|p2a: Quagsire\n|-damage|p2a: Quagsire|55\/100\n|-damage|p2a: Quagsire|49\/100\n|-crit|p2a: Quagsire\n|-damage|p2a: Quagsire|38\/100\n|-damage|p2a: Quagsire|30\/100\n|-damage|p2a: Quagsire|22\/100\n|-hitcount|p2a: Quagsire|5\n|cant|p2a: Quagsire|flinch\n|\n|-weather|none\n|-heal|p2a: Quagsire|28\/100|[from] item: Leftovers\n|upkeep\n|turn|17\n|\n|t:|1698712700\n|move|p1a: Boyster|Icicle Spear|p2a: Quagsire\n|-damage|p2a: Quagsire|21\/100\n|-damage|p2a: Quagsire|13\/100\n|-damage|p2a: Quagsire|5\/100\n|-damage|p2a: Quagsire|0 fnt\n|faint|p2a: Quagsire\n|-hitcount|p2: Quagsire|4\n|\n|win|RetlawDB\n|raw|RetlawDB's rating: 1147 &rarr; <strong>1175<\/strong><br \/>(+28 for winning)\n|raw|Pikablue Fan's rating: 1192 &rarr; <strong>1164<\/strong><br \/>(-28 for losing)\n","uploadtime":1698712703,"views":10,"p1id":"retlawdb","p2id":"pikabluefan","formatid":"gen9nationaldexubers","rating":1164,"private":0,"password":""}