{"id":"gen9nationaldexubers-1978793436","p1":"Pachimi","p2":"XJohnson","format":"[Gen 9] National Dex Ubers","log":"|j|\u2606Pachimi\n|j|\u2606XJohnson\n|t:|1698595934\n|gametype|singles\n|player|p1|Pachimi|korrina|1067\n|player|p2|XJohnson|mallow|1153\n|teamsize|p1|6\n|teamsize|p2|6\n|gen|9\n|tier|[Gen 9] National Dex Ubers\n|rated|\n|rule|HP Percentage Mod: HP is shown in percentages\n|rule|Endless Battle Clause: Forcing endless battles is banned\n|rule|OHKO Clause: OHKO moves are banned\n|rule|Evasion Moves Clause: Evasion moves are banned\n|rule|Evasion Items Clause: Evasion items are banned\n|rule|Species Clause: Limit one of each Pok\u00e9mon\n|rule|Sleep Clause Mod: Limit one foe put to sleep\n|rule|Mega Rayquaza Clause: You cannot mega evolve Rayquaza\n|clearpoke\n|poke|p1|Sceptile, M|\n|poke|p1|Kingambit, M|\n|poke|p1|Dragonite, F|\n|poke|p1|Swampert, M|\n|poke|p1|Aegislash, M|\n|poke|p1|Cinderace, F|\n|poke|p2|Shaymin|\n|poke|p2|Tapu Lele|\n|poke|p2|Iron Leaves|\n|poke|p2|Whimsicott, F|\n|poke|p2|Mewtwo|\n|poke|p2|Garchomp, M|\n|teampreview\n|inactive|Battle timer is ON: inactive players will automatically lose when time's up. (requested by Pachimi)\n|\n|t:|1698595944\n|start\n|switch|p1a: Sceptile|Sceptile, M|100\/100\n|switch|p2a: Former Threat|Garchomp, M|100\/100\n|turn|1\n|\n|t:|1698595951\n|switch|p2a: Uku Lele|Tapu Lele|100\/100\n|-fieldstart|move: Psychic Terrain|[from] ability: Psychic Surge|[of] p2a: Uku Lele\n|detailschange|p1a: Sceptile|Sceptile-Mega, M\n|-mega|p1a: Sceptile|Sceptile|Sceptilite\n|move|p1a: Sceptile|Dragon Pulse|p2a: Uku Lele\n|-immune|p2a: Uku Lele\n|\n|upkeep\n|turn|2\n|\n|t:|1698595959\n|switch|p1a: Aegislash|Aegislash, M|100\/100\n|move|p2a: Uku Lele|Reflect|p2a: Uku Lele\n|-sidestart|p2: XJohnson|Reflect\n|\n|upkeep\n|turn|3\n|\n|t:|1698595966\n|switch|p2a: Former Threat|Garchomp, M|100\/100\n|move|p1a: Aegislash|Swords Dance|p1a: Aegislash\n|-boost|p1a: Aegislash|atk|2\n|\n|upkeep\n|turn|4\n|\n|t:|1698595972\n|move|p2a: Former Threat|Substitute|p2a: Former Threat\n|-start|p2a: Former Threat|Substitute\n|-damage|p2a: Former Threat|76\/100\n|-formechange|p1a: Aegislash|Aegislash-Blade||[from] ability: Stance Change\n|move|p1a: Aegislash|Shadow Claw|p2a: Former Threat\n|-crit|p2a: Former Threat\n|-end|p2a: Former Threat|Substitute\n|\n|upkeep\n|turn|5\n|\n|t:|1698595974\n|move|p2a: Former Threat|Earthquake|p1a: Aegislash\n|-supereffective|p1a: Aegislash\n|-damage|p1a: Aegislash|0 fnt\n|faint|p1a: Aegislash\n|\n|upkeep\n|\n|t:|1698595979\n|switch|p1a: Cinderace|Cinderace, F|100\/100\n|turn|6\n|\n|t:|1698595986\n|move|p1a: Cinderace|High Jump Kick|p2a: Former Threat\n|-start|p1a: Cinderace|typechange|Fighting|[from] ability: Libero\n|-damage|p2a: Former Threat|34\/100\n|-damage|p1a: Cinderace|88\/100|[from] ability: Rough Skin|[of] p2a: Former Threat\n|-damage|p1a: Cinderace|78\/100|[from] item: Life Orb\n|move|p2a: Former Threat|Substitute|p2a: Former Threat\n|-start|p2a: Former Threat|Substitute\n|-damage|p2a: Former Threat|9\/100\n|\n|-sideend|p2: XJohnson|Reflect\n|upkeep\n|turn|7\n|\n|t:|1698595991\n|move|p1a: Cinderace|Pyro Ball|p2a: Former Threat\n|-resisted|p2a: Former Threat\n|-activate|p2a: Former Threat|move: Substitute|[damage]\n|-damage|p1a: Cinderace|68\/100|[from] item: Life Orb\n|move|p2a: Former Threat|Scale Shot|p1a: Cinderace|[miss]\n|-miss|p2a: Former Threat|p1a: Cinderace\n|\n|upkeep\n|turn|8\n|\n|t:|1698595995\n|move|p1a: Cinderace|Pyro Ball|p2a: Former Threat|[miss]\n|-miss|p1a: Cinderace|p2a: Former Threat\n|move|p2a: Former Threat|Scale Shot|p1a: Cinderace\n|-crit|p1a: Cinderace\n|-damage|p1a: Cinderace|37\/100\n|-damage|p1a: Cinderace|17\/100\n|-damage|p1a: Cinderace|0 fnt\n|faint|p1a: Cinderace\n|-hitcount|p1: Cinderace|3\n|-unboost|p2a: Former Threat|def|1\n|-boost|p2a: Former Threat|spe|1\n|\n|-fieldend|move: Psychic Terrain\n|upkeep\n|\n|t:|1698595999\n|switch|p1a: Dragonite|Dragonite, F|100\/100\n|turn|9\n|\n|t:|1698596002\n|move|p1a: Dragonite|Extreme Speed|p2a: Former Threat\n|-end|p2a: Former Threat|Substitute\n|move|p2a: Former Threat|Scale Shot|p1a: Dragonite\n|-supereffective|p1a: Dragonite\n|-damage|p1a: Dragonite|86\/100\n|-supereffective|p1a: Dragonite\n|-damage|p1a: Dragonite|58\/100\n|-supereffective|p1a: Dragonite\n|-damage|p1a: Dragonite|30\/100\n|-supereffective|p1a: Dragonite\n|-damage|p1a: Dragonite|0 fnt\n|faint|p1a: Dragonite\n|-hitcount|p1: Dragonite|4\n|-unboost|p2a: Former Threat|def|1\n|-boost|p2a: Former Threat|spe|1\n|\n|upkeep\n|\n|t:|1698596005\n|switch|p1a: Sceptile|Sceptile-Mega, M|100\/100\n|turn|10\n|\n|t:|1698596009\n|move|p2a: Former Threat|Scale Shot|p1a: Sceptile\n|-supereffective|p1a: Sceptile\n|-damage|p1a: Sceptile|58\/100\n|-supereffective|p1a: Sceptile\n|-crit|p1a: Sceptile\n|-damage|p1a: Sceptile|0 fnt\n|faint|p1a: Sceptile\n|-hitcount|p1: Sceptile|2\n|-unboost|p2a: Former Threat|def|1\n|-boost|p2a: Former Threat|spe|1\n|\n|upkeep\n|\n|t:|1698596012\n|switch|p1a: Swampert|Swampert, M|100\/100\n|turn|11\n|\n|t:|1698596018\n|move|p2a: Former Threat|Scale Shot|p1a: Swampert\n|-damage|p1a: Swampert|89\/100\n|-damage|p1a: Swampert|78\/100\n|-damage|p1a: Swampert|65\/100\n|-damage|p1a: Swampert|51\/100\n|-hitcount|p1a: Swampert|4\n|-unboost|p2a: Former Threat|def|1\n|-boost|p2a: Former Threat|spe|1\n|move|p1a: Swampert|Ice Punch|p2a: Former Threat\n|-supereffective|p2a: Former Threat\n|-damage|p2a: Former Threat|0 fnt\n|-damage|p1a: Swampert|39\/100|[from] ability: Rough Skin|[of] p2a: Former Threat\n|faint|p2a: Former Threat\n|\n|-heal|p1a: Swampert|45\/100|[from] item: Leftovers\n|upkeep\n|\n|t:|1698596023\n|switch|p2a: Whimsicott|Whimsicott, F, shiny|100\/100\n|turn|12\n|\n|t:|1698596029\n|move|p2a: Whimsicott|Memento|p1a: Swampert\n|-unboost|p1a: Swampert|atk|2\n|-unboost|p1a: Swampert|spa|2\n|faint|p2a: Whimsicott\n|move|p1a: Swampert|Ice Punch|p2: Whimsicott|[notarget]\n|-fail|p1a: Swampert\n|\n|-heal|p1a: Swampert|51\/100|[from] item: Leftovers\n|upkeep\n|\n|t:|1698596033\n|switch|p2a: Uku Lele|Tapu Lele|100\/100\n|-fieldstart|move: Psychic Terrain|[from] ability: Psychic Surge|[of] p2a: Uku Lele\n|turn|13\n|\n|t:|1698596039\n|move|p2a: Uku Lele|Reflect|p2a: Uku Lele\n|-sidestart|p2: XJohnson|Reflect\n|move|p1a: Swampert|Bulk Up|p1a: Swampert\n|-boost|p1a: Swampert|atk|1\n|-boost|p1a: Swampert|def|1\n|\n|-heal|p1a: Swampert|58\/100|[from] item: Leftovers\n|upkeep\n|turn|14\n|\n|t:|1698596045\n|switch|p2a: Bush whacker|Iron Leaves|100\/100\n|-enditem|p2a: Bush whacker|Booster Energy\n|-activate|p2a: Bush whacker|ability: Quark Drive|[fromitem]\n|-start|p2a: Bush whacker|quarkdriveatk\n|move|p1a: Swampert|Bulk Up|p1a: Swampert\n|-boost|p1a: Swampert|atk|1\n|-boost|p1a: Swampert|def|1\n|\n|-heal|p1a: Swampert|64\/100|[from] item: Leftovers\n|upkeep\n|turn|15\n|\n|t:|1698596053\n|move|p2a: Bush whacker|Trailblaze|p1a: Swampert\n|-supereffective|p1a: Swampert\n|-damage|p1a: Swampert|0 fnt\n|-boost|p2a: Bush whacker|spe|1\n|faint|p1a: Swampert\n|\n|upkeep\n|\n|t:|1698596055\n|switch|p1a: Kingambit|Kingambit, M|100\/100\n|-activate|p1a: Kingambit|ability: Supreme Overlord\n|-start|p1a: Kingambit|fallen5|[silent]\n|turn|16\n|\n|t:|1698596061\n|-terastallize|p2a: Bush whacker|Fighting\n|move|p2a: Bush whacker|Close Combat|p1a: Kingambit\n|-supereffective|p1a: Kingambit\n|-damage|p1a: Kingambit|0 fnt\n|-unboost|p2a: Bush whacker|def|1\n|-unboost|p2a: Bush whacker|spd|1\n|faint|p1a: Kingambit\n|-end|p1a: Kingambit|fallen5|[silent]\n|\n|win|XJohnson\n|raw|Pachimi's rating: 1067 &rarr; <strong>1052<\/strong><br \/>(-15 for losing)\n|raw|XJohnson's rating: 1153 &rarr; <strong>1172<\/strong><br \/>(+19 for winning)\n|l|\u2606Pachimi\n","uploadtime":1698596084,"views":10,"p1id":"pachimi","p2id":"xjohnson","formatid":"gen9nationaldexubers","rating":1052,"private":0,"password":""}