{"id":"gen9nationaldexubers-1981847930","p1":"Dinna Double D","p2":"lionecio","format":"[Gen 9] National Dex Ubers","log":"|j|\u2606Dinna Double D\n|j|\u2606lionecio\n|t:|1698946155\n|gametype|singles\n|player|p1|Dinna Double D|170|1100\n|player|p2|lionecio|steven|1173\n|teamsize|p1|6\n|teamsize|p2|6\n|gen|9\n|tier|[Gen 9] National Dex Ubers\n|rated|\n|rule|HP Percentage Mod: HP is shown in percentages\n|rule|Endless Battle Clause: Forcing endless battles is banned\n|rule|OHKO Clause: OHKO moves are banned\n|rule|Evasion Moves Clause: Evasion moves are banned\n|rule|Evasion Items Clause: Evasion items are banned\n|rule|Species Clause: Limit one of each Pok\u00e9mon\n|rule|Sleep Clause Mod: Limit one foe put to sleep\n|rule|Mega Rayquaza Clause: You cannot mega evolve Rayquaza\n|clearpoke\n|poke|p1|Zygarde|\n|poke|p1|Tyranitar, M|\n|poke|p1|Aggron, M|\n|poke|p1|Flutter Mane|\n|poke|p1|Manaphy|\n|poke|p1|Serperior, M|\n|poke|p2|Dragapult, M|\n|poke|p2|Umbreon, M|\n|poke|p2|Zapdos|\n|poke|p2|Scizor, F|\n|poke|p2|Weezing-Galar, F|\n|poke|p2|Excadrill, F|\n|teampreview\n|\n|t:|1698946171\n|start\n|switch|p1a: Zygarde|Zygarde|100\/100\n|switch|p2a: Scizor|Scizor, F|100\/100\n|turn|1\n|\n|t:|1698946183\n|detailschange|p2a: Scizor|Scizor-Mega, F\n|-mega|p2a: Scizor|Scizor|Scizorite\n|move|p1a: Zygarde|Dragon Dance|p1a: Zygarde\n|-boost|p1a: Zygarde|atk|1\n|-boost|p1a: Zygarde|spe|1\n|move|p2a: Scizor|U-turn|p1a: Zygarde\n|-damage|p1a: Zygarde|73\/100\n|\n|t:|1698946202\n|switch|p2a: Weezing|Weezing-Galar, F|100\/100|[from] U-turn\n|\n|-heal|p1a: Zygarde|79\/100|[from] item: Leftovers\n|upkeep\n|turn|2\n|\n|t:|1698946213\n|move|p1a: Zygarde|Thousand Arrows|p2a: Weezing\n|-supereffective|p2a: Weezing\n|-damage|p2a: Weezing|19\/100\n|-start|p2a: Weezing|Smack Down\n|move|p2a: Weezing|Strange Steam|p1a: Zygarde\n|-supereffective|p1a: Zygarde\n|-damage|p1a: Zygarde|25\/100\n|-start|p1a: Zygarde|confusion\n|\n|-heal|p1a: Zygarde|31\/100|[from] item: Leftovers\n|-heal|p2a: Weezing|25\/100|[from] item: Black Sludge\n|-activate|p1a: Zygarde|ability: Power Construct\n|detailschange|p1a: Zygarde|Zygarde-Complete\n|-heal|p1a: Zygarde|57\/100|[silent]\n|upkeep\n|turn|3\n|inactive|Battle timer is ON: inactive players will automatically lose when time's up. (requested by Dinna Double D)\n|\n|t:|1698946247\n|-activate|p1a: Zygarde|confusion\n|move|p1a: Zygarde|Thousand Arrows|p2a: Weezing\n|-supereffective|p2a: Weezing\n|-damage|p2a: Weezing|0 fnt\n|faint|p2a: Weezing\n|\n|-heal|p1a: Zygarde|64\/100|[from] item: Leftovers\n|upkeep\n|\n|t:|1698946254\n|switch|p2a: Dragapult|Dragapult, M|100\/100\n|turn|4\n|\n|t:|1698946259\n|move|p2a: Dragapult|Draco Meteor|p1a: Zygarde\n|-supereffective|p1a: Zygarde\n|-damage|p1a: Zygarde|0 fnt\n|-unboost|p2a: Dragapult|spa|2\n|faint|p1a: Zygarde\n|\n|upkeep\n|\n|t:|1698946270\n|switch|p1a: Aggron|Aggron, M|100\/100\n|turn|5\n|\n|t:|1698946277\n|switch|p2a: Excadrill|Excadrill, F|100\/100\n|-ability|p2a: Excadrill|Mold Breaker\n|detailschange|p1a: Aggron|Aggron-Mega, M\n|-mega|p1a: Aggron|Aggron|Aggronite\n|move|p1a: Aggron|Iron Defense|p1a: Aggron\n|-boost|p1a: Aggron|def|2\n|\n|upkeep\n|turn|6\n|\n|t:|1698946284\n|-zpower|p2a: Excadrill\n|move|p2a: Excadrill|Tectonic Rage|p1a: Aggron|[zeffect]\n|-supereffective|p1a: Aggron\n|-damage|p1a: Aggron|52\/100\n|move|p1a: Aggron|Body Press|p2a: Excadrill\n|-supereffective|p2a: Excadrill\n|-damage|p2a: Excadrill|0 fnt\n|faint|p2a: Excadrill\n|\n|upkeep\n|\n|t:|1698946288\n|switch|p2a: Zapdos|Zapdos|100\/100\n|-ability|p2a: Zapdos|Pressure\n|turn|7\n|\n|t:|1698946299\n|move|p2a: Zapdos|Heat Wave|p1a: Aggron\n|-supereffective|p1a: Aggron\n|-crit|p1a: Aggron\n|-damage|p1a: Aggron|0 fnt\n|faint|p1a: Aggron\n|\n|upkeep\n|\n|t:|1698946316\n|switch|p1a: Manaphy|Manaphy|100\/100\n|turn|8\n|\n|t:|1698946322\n|move|p2a: Zapdos|Hidden Power|p1a: Manaphy\n|-supereffective|p1a: Manaphy\n|-damage|p1a: Manaphy|67\/100\n|move|p1a: Manaphy|Ice Beam|p2a: Zapdos\n|-supereffective|p2a: Zapdos\n|-damage|p2a: Zapdos|33\/100\n|\n|upkeep\n|turn|9\n|\n|t:|1698946329\n|switch|p1a: Tyranitar|Tyranitar, M|100\/100\n|-weather|Sandstorm|[from] ability: Sand Stream|[of] p1a: Tyranitar\n|move|p2a: Zapdos|Volt Switch|p1a: Tyranitar\n|-damage|p1a: Tyranitar|79\/100\n|\n|t:|1698946351\n|switch|p2a: Scizor|Scizor-Mega, F|100\/100|[from] Volt Switch\n|\n|-weather|Sandstorm|[upkeep]\n|upkeep\n|turn|10\n|\n|t:|1698946365\n|move|p2a: Scizor|Swords Dance|p2a: Scizor\n|-boost|p2a: Scizor|atk|2\n|move|p1a: Tyranitar|Brick Break|p2a: Scizor\n|-damage|p2a: Scizor|73\/100\n|\n|-weather|Sandstorm|[upkeep]\n|upkeep\n|turn|11\n|\n|t:|1698946375\n|move|p2a: Scizor|Bullet Punch|p1a: Tyranitar\n|-supereffective|p1a: Tyranitar\n|-damage|p1a: Tyranitar|0 fnt\n|faint|p1a: Tyranitar\n|\n|-weather|Sandstorm|[upkeep]\n|upkeep\n|\n|t:|1698946383\n|switch|p1a: Manaphy|Manaphy|67\/100\n|turn|12\n|\n|t:|1698946390\n|-zpower|p1a: Manaphy\n|move|p1a: Manaphy|Hydro Vortex|p2a: Scizor|[zeffect]\n|-damage|p2a: Scizor|1\/100\n|move|p2a: Scizor|U-turn|p1a: Manaphy\n|-damage|p1a: Manaphy|5\/100\n|\n|t:|1698946401\n|switch|p2a: Dragapult|Dragapult, M|100\/100|[from] U-turn\n|\n|-weather|Sandstorm|[upkeep]\n|-damage|p2a: Dragapult|95\/100|[from] Sandstorm\n|-damage|p1a: Manaphy|0 fnt|[from] Sandstorm\n|faint|p1a: Manaphy\n|upkeep\n|\n|t:|1698946410\n|switch|p1a: Flutter Mane|Flutter Mane|100\/100\n|-enditem|p1a: Flutter Mane|Booster Energy\n|-activate|p1a: Flutter Mane|ability: Protosynthesis|[fromitem]\n|-start|p1a: Flutter Mane|protosynthesisspe\n|turn|13\n|\n|t:|1698946424\n|switch|p2a: Zapdos|Zapdos|33\/100\n|-ability|p2a: Zapdos|Pressure\n|move|p1a: Flutter Mane|Shadow Ball|p2a: Zapdos\n|-damage|p2a: Zapdos|0 fnt\n|faint|p2a: Zapdos\n|\n|-weather|none\n|upkeep\n|\n|t:|1698946426\n|switch|p2a: Scizor|Scizor-Mega, F|1\/100\n|turn|14\n|\n|t:|1698946442\n|move|p2a: Scizor|Bullet Punch|p1a: Flutter Mane\n|-supereffective|p1a: Flutter Mane\n|-damage|p1a: Flutter Mane|0 fnt\n|faint|p1a: Flutter Mane\n|-end|p1a: Flutter Mane|Protosynthesis|[silent]\n|\n|upkeep\n|\n|t:|1698946446\n|switch|p1a: Serperior|Serperior, M|100\/100\n|turn|15\n|\n|t:|1698946455\n|move|p1a: Serperior|Leaf Storm|p2a: Scizor\n|-resisted|p2a: Scizor\n|-damage|p2a: Scizor|0 fnt\n|-boost|p1a: Serperior|spa|2\n|faint|p2a: Scizor\n|\n|upkeep\n|\n|t:|1698946458\n|switch|p2a: Dragapult|Dragapult, M|95\/100\n|turn|16\n|\n|t:|1698946462\n|move|p1a: Serperior|Leaf Storm|p2a: Dragapult\n|-resisted|p2a: Dragapult\n|-damage|p2a: Dragapult|48\/100\n|-boost|p1a: Serperior|spa|2\n|move|p2a: Dragapult|Flamethrower|p1a: Serperior\n|-supereffective|p1a: Serperior\n|-crit|p1a: Serperior\n|-damage|p1a: Serperior|0 fnt\n|faint|p1a: Serperior\n|\n|win|lionecio\n|raw|Dinna Double D's rating: 1100 &rarr; <strong>1080<\/strong><br \/>(-20 for losing)\n|raw|lionecio's rating: 1173 &rarr; <strong>1193<\/strong><br \/>(+20 for winning)\n|l|\u2606Dinna Double D\n","uploadtime":1698946493,"views":6,"p1id":"dinnadoubled","p2id":"lionecio","formatid":"gen9nationaldexubers","rating":1080,"private":0,"password":""}