{"id":"gen9nationaldexubers-1982547281","p1":"sandman42","p2":"Burrgurr","format":"[Gen 9] National Dex Ubers","log":"|j|\u2606sandman42\n|j|\u2606Burrgurr\n|t:|1699024553\n|gametype|singles\n|player|p1|sandman42|psychicf-gen4|\n|player|p2|Burrgurr|2|\n|teamsize|p1|6\n|teamsize|p2|6\n|gen|9\n|tier|[Gen 9] National Dex Ubers\n|rule|HP Percentage Mod: HP is shown in percentages\n|rule|Endless Battle Clause: Forcing endless battles is banned\n|rule|OHKO Clause: OHKO moves are banned\n|rule|Evasion Moves Clause: Evasion moves are banned\n|rule|Evasion Items Clause: Evasion items are banned\n|rule|Species Clause: Limit one of each Pok\u00e9mon\n|rule|Sleep Clause Mod: Limit one foe put to sleep\n|rule|Mega Rayquaza Clause: You cannot mega evolve Rayquaza\n|clearpoke\n|poke|p1|Landorus, M|\n|poke|p1|Ogerpon-Wellspring, F|\n|poke|p1|Tyranitar, M|\n|poke|p1|Regieleki|\n|poke|p1|Keldeo|\n|poke|p1|Banette, F|\n|poke|p2|Volcarona, F|\n|poke|p2|Corviknight, M|\n|poke|p2|Landorus-Therian, M|\n|poke|p2|Gallade, M|\n|poke|p2|Dragapult, M|\n|poke|p2|Foongus, F|\n|teampreview\n|c|\u2606Burrgurr|gl hf\n|c|\u2606sandman42|does that say foongus\n|c|\u2606Burrgurr|perhaps\n|c|\u2606sandman42|well that certainly wasnt on the bingo card\n|\n|t:|1699024684\n|start\n|switch|p1a: Keldeo|Keldeo|100\/100\n|switch|p2a: Landorus|Landorus-Therian, M|100\/100\n|-ability|p2a: Landorus|Intimidate|boost\n|-unboost|p1a: Keldeo|atk|1\n|turn|1\n|\n|t:|1699024814\n|switch|p2a: Corviknight|Corviknight, M|100\/100\n|-ability|p2a: Corviknight|Pressure\n|move|p1a: Keldeo|Surf|p2a: Corviknight\n|-damage|p2a: Corviknight|65\/100\n|\n|-heal|p2a: Corviknight|71\/100|[from] item: Leftovers\n|upkeep\n|turn|2\n|\n|t:|1699024897\n|switch|p1a: Splendini|Landorus, M, shiny|100\/100\n|move|p2a: Corviknight|Body Press|p1a: Splendini\n|-resisted|p1a: Splendini\n|-damage|p1a: Splendini|92\/100\n|\n|-heal|p2a: Corviknight|77\/100|[from] item: Leftovers\n|upkeep\n|turn|3\n|\n|t:|1699024946\n|move|p1a: Splendini|Gravity|p1a: Splendini\n|-fieldstart|move: Gravity\n|move|p2a: Corviknight|Brave Bird|p1a: Splendini\n|-damage|p1a: Splendini|58\/100\n|-damage|p2a: Corviknight|67\/100|[from] Recoil\n|\n|-heal|p2a: Corviknight|73\/100|[from] item: Leftovers\n|upkeep\n|turn|4\n|c|\u2606Burrgurr|oh no\n|c|\u2606Burrgurr|that was not on my bingo card\n|j| silverchairpt2\n|c|\u2606sandman42|the bowl im sitting on is currently clogged. this whole battle has gone to shit\n|\n|t:|1699025016\n|switch|p2a: Landorus|Landorus-Therian, M|100\/100\n|-ability|p2a: Landorus|Intimidate|boost\n|-unboost|p1a: Splendini|atk|1\n|move|p1a: Splendini|Earth Power|p2a: Landorus\n|-damage|p2a: Landorus|55\/100\n|\n|upkeep\n|turn|5\n|\n|t:|1699025111\n|move|p1a: Splendini|Earth Power|p2a: Landorus\n|-damage|p2a: Landorus|8\/100\n|move|p2a: Landorus|Earthquake|p1a: Splendini\n|-damage|p1a: Splendini|9\/100\n|\n|upkeep\n|turn|6\n|c|\u2606sandman42|nothing like 2 landos EQing each other\n|j| mannysshadow\n|c|\u2606Burrgurr|true\n|\n|t:|1699025185\n|move|p1a: Splendini|Earth Power|p2a: Landorus\n|-damage|p2a: Landorus|0 fnt\n|faint|p2a: Landorus\n|\n|upkeep\n|c|\u2606sandman42|am i on drugs or was that a max spedef aV lando t\n|c|\u2606Burrgurr|96+spdef max hp\n|\n|t:|1699025313\n|switch|p2a: Gallade|Gallade, M|100\/100\n|turn|7\n|\n|t:|1699025432\n|switch|p1a: Keldeo|Keldeo|100\/100\n|detailschange|p2a: Gallade|Gallade-Mega, M\n|-mega|p2a: Gallade|Gallade|Galladite\n|move|p2a: Gallade|Knock Off|p1a: Keldeo\n|-resisted|p1a: Keldeo\n|-damage|p1a: Keldeo|80\/100\n|-ability|p1a: Keldeo|Justified|boost\n|-boost|p1a: Keldeo|atk|1\n|-enditem|p1a: Keldeo|Choice Scarf|[from] move: Knock Off|[of] p2a: Gallade\n|\n|-fieldend|move: Gravity\n|upkeep\n|turn|8\n|c|\u2606sandman42|hey that's cheating\n|c|\u2606Burrgurr|you probably run liquidation or something anyway right?\n|c|\u2606Burrgurr|to abuse knock off\n|c|\u2606sandman42|possibly\n|\n|t:|1699025537\n|switch|p2a: Corviknight|Corviknight, M|73\/100\n|-ability|p2a: Corviknight|Pressure\n|move|p1a: Keldeo|Surf|p2a: Corviknight\n|-damage|p2a: Corviknight|38\/100\n|\n|-heal|p2a: Corviknight|44\/100|[from] item: Leftovers\n|upkeep\n|turn|9\n|\n|t:|1699025551\n|move|p1a: Keldeo|Hydro Pump|p2a: Corviknight\n|-damage|p2a: Corviknight|4\/100\n|move|p2a: Corviknight|Roost|p2a: Corviknight\n|-heal|p2a: Corviknight|54\/100\n|-singleturn|p2a: Corviknight|move: Roost\n|\n|-heal|p2a: Corviknight|60\/100|[from] item: Leftovers\n|upkeep\n|turn|10\n|c|\u2606Burrgurr|goated bird\n|c|\u2606sandman42|oh\n|c|\u2606Burrgurr|that was probably a low roll tho\n|c|\u2606sandman42|very\n|\n|t:|1699025607\n|move|p1a: Keldeo|Flip Turn|p2a: Corviknight\n|-damage|p2a: Corviknight|44\/100\n|\n|t:|1699025623\n|switch|p1a: Splendente|Regieleki, shiny|100\/100|[from] Flip Turn\n|move|p2a: Corviknight|Roost|p2a: Corviknight\n|-heal|p2a: Corviknight|94\/100\n|-singleturn|p2a: Corviknight|move: Roost\n|\n|-heal|p2a: Corviknight|99\/100|[from] item: Leftovers\n|upkeep\n|turn|11\n|\n|t:|1699025640\n|switch|p2a: Foongus|Foongus, F|100\/100\n|move|p1a: Splendente|Volt Switch|p2a: Foongus\n|-resisted|p2a: Foongus\n|-damage|p2a: Foongus|65\/100\n|c|\u2606Burrgurr|as expected after seeing gravity lando\n|c|\u2606Burrgurr|wearing the fancy glasses\n|c|\u2606sandman42|magnet boi no good?\n|c|\u2606Burrgurr|why run that when you can go scarf with electro ball, honestly the nerve of some people\n|\n|t:|1699025798\n|switch|p1a: Splendini|Landorus, M, shiny|9\/100|[from] Volt Switch\n|\n|upkeep\n|turn|12\n|j| Daviasd\n|j| circleButton\n|c| circleButton|Corv stays winning\n|l| silverchairpt2\n|\n|t:|1699025922\n|switch|p2a: Volcarona|Volcarona, F|100\/100\n|move|p1a: Splendini|Earth Power|p2a: Volcarona\n|-damage|p2a: Volcarona|34\/100\n|\n|upkeep\n|turn|13\n|c| Daviasd|Why do i see a foongus\n|c|\u2606Burrgurr|sad no gravity\n|c|\u2606sandman42|oh\n|c|\u2606Burrgurr|you see a foongus because it is a good mon?\n|j| Airchomp\n|\n|t:|1699026060\n|switch|p1a: Blarita|Tyranitar, M, shiny|100\/100\n|-weather|Sandstorm|[from] ability: Sand Stream|[of] p1a: Blarita\n|move|p2a: Volcarona|Giga Drain|p1a: Blarita\n|-supereffective|p1a: Blarita\n|-damage|p1a: Blarita|77\/100\n|-heal|p2a: Volcarona|46\/100|[from] drain|[of] p1a: Blarita\n|\n|-weather|Sandstorm|[upkeep]\n|-damage|p2a: Volcarona|40\/100|[from] Sandstorm\n|-heal|p1a: Blarita|83\/100|[from] item: Leftovers\n|upkeep\n|turn|14\n|l| Daviasd\n|j| Daviasd\n|c| Airchomp|A ttar in 2023??\n|c| Airchomp|Get with the times old man\n|c|\u2606sandman42|the past is the future\n|\n|t:|1699026198\n|switch|p2a: Foongus|Foongus, F|99\/100\n|move|p1a: Blarita|Stealth Rock|p2a: Foongus\n|-sidestart|p2: Burrgurr|move: Stealth Rock\n|\n|-weather|Sandstorm|[upkeep]\n|-damage|p2a: Foongus|93\/100|[from] Sandstorm\n|-heal|p1a: Blarita|90\/100|[from] item: Leftovers\n|upkeep\n|turn|15\n|\n|t:|1699026215\n|move|p1a: Blarita|Thunder Wave|p2a: Foongus\n|-status|p2a: Foongus|par\n|move|p2a: Foongus|Spore|p1a: Blarita\n|-status|p1a: Blarita|slp|[from] move: Spore\n|\n|-weather|Sandstorm|[upkeep]\n|-damage|p2a: Foongus|86\/100 par|[from] Sandstorm\n|-heal|p1a: Blarita|96\/100 slp|[from] item: Leftovers\n|upkeep\n|turn|16\n|c| Airchomp|What is going on\n|\n|t:|1699026260\n|switch|p1a: Splendente|Regieleki, shiny|100\/100\n|switch|p2a: Dragapult|Dragapult, M|100\/100\n|-damage|p2a: Dragapult|88\/100|[from] Stealth Rock\n|\n|-weather|Sandstorm|[upkeep]\n|-damage|p1a: Splendente|94\/100|[from] Sandstorm\n|-damage|p2a: Dragapult|82\/100|[from] Sandstorm\n|upkeep\n|turn|17\n|l| circleButton\n|c|\u2606sandman42|oooh naughty naughty\n|\n|t:|1699026286\n|move|p1a: Splendente|Volt Switch|p2a: Dragapult\n|-resisted|p2a: Dragapult\n|-damage|p2a: Dragapult|42\/100\n|\n|t:|1699026291\n|switch|p1a: Blarita|Tyranitar, M, shiny|96\/100 slp|[from] Volt Switch\n|move|p2a: Dragapult|Dragon Darts|p1a: Blarita\n|-damage|p1a: Blarita|66\/100 slp\n|-anim|p2a: Dragapult|Dragon Darts|p1a: Blarita\n|-damage|p1a: Blarita|40\/100 slp\n|-damage|p2a: Dragapult|32\/100|[from] item: Life Orb\n|\n|-weather|none\n|-heal|p1a: Blarita|46\/100 slp|[from] item: Leftovers\n|upkeep\n|turn|18\n|c| Airchomp|Proud of you that you brought gravity nick\n|\n|t:|1699026327\n|move|p2a: Dragapult|Dragon Darts|p1a: Blarita\n|-damage|p1a: Blarita|21\/100 slp\n|-anim|p2a: Dragapult|Dragon Darts|p1a: Blarita\n|-damage|p1a: Blarita|0 fnt\n|faint|p1a: Blarita\n|-damage|p2a: Dragapult|22\/100|[from] item: Life Orb\n|\n|upkeep\n|c| Airchomp|Thats an expensive rocks setter\n|\n|t:|1699026384\n|switch|p1a: Splendente|Regieleki, shiny|94\/100\n|turn|19\n|j| Lou2697\n|c|\u2606sandman42|sleeping on the job tbh\n|\n|t:|1699026445\n|switch|p2a: Foongus|Foongus, F|100\/100 par\n|-damage|p2a: Foongus|88\/100 par|[from] Stealth Rock\n|move|p1a: Splendente|Volt Switch|p2a: Foongus\n|-resisted|p2a: Foongus\n|-damage|p2a: Foongus|51\/100 par\n|c| Lou2697|Is that a mushroom?\n|l| Lou2697\n|j| Lou2697\n|\n|t:|1699026484\n|switch|p1a: Alluvione|Ogerpon-Wellspring, F|100\/100|[from] Volt Switch\n|\n|upkeep\n|turn|20\n|c| Lou2697|Look at this little porcini\n|\n|t:|1699026511\n|move|p1a: Alluvione|Swords Dance|p1a: Alluvione\n|-boost|p1a: Alluvione|atk|2\n|cant|p2a: Foongus|par\n|\n|upkeep\n|turn|21\n|c|\u2606Burrgurr|well\n|c|\u2606sandman42|there it is\n|c|\u2606sandman42|yellow magic\n|\n|t:|1699026522\n|move|p1a: Alluvione|Ivy Cudgel|p2a: Foongus\n|-resisted|p2a: Foongus\n|-damage|p2a: Foongus|9\/100 par\n|move|p2a: Foongus|Spore|p1a: Alluvione\n|-immune|p1a: Alluvione\n|\n|upkeep\n|turn|22\n|c|\u2606Burrgurr|oh my god\n|c|\u2606Burrgurr|lol\n|c|\u2606Burrgurr|ggs\n|c|\u2606Burrgurr|meant to click foul play there\n|c| Lou2697|Later porcini\n|\n|t:|1699026557\n|move|p1a: Alluvione|Trailblaze|p2a: Foongus\n|-resisted|p2a: Foongus\n|-damage|p2a: Foongus|0 fnt\n|-boost|p1a: Alluvione|spe|1\n|faint|p2a: Foongus\n|\n|upkeep\n|\n|t:|1699026566\n|switch|p2a: Corviknight|Corviknight, M|99\/100\n|-damage|p2a: Corviknight|88\/100|[from] Stealth Rock\n|-ability|p2a: Corviknight|Pressure\n|turn|23\n|j| circleButton\n|\n|t:|1699026621\n|move|p1a: Alluvione|Ivy Cudgel|p2a: Corviknight\n|-damage|p2a: Corviknight|0 fnt\n|faint|p2a: Corviknight\n|\n|upkeep\n|\n|t:|1699026629\n|switch|p2a: Gallade|Gallade-Mega, M|100\/100\n|-damage|p2a: Gallade|94\/100|[from] Stealth Rock\n|turn|24\n|\n|t:|1699026642\n|move|p1a: Alluvione|Ivy Cudgel|p2a: Gallade\n|-damage|p2a: Gallade|0 fnt\n|faint|p2a: Gallade\n|\n|upkeep\n|c|\u2606sandman42|let the rain fall down\n|\n|t:|1699026651\n|switch|p2a: Volcarona|Volcarona, F|40\/100\n|-damage|p2a: Volcarona|0 fnt|[from] Stealth Rock\n|faint|p2a: Volcarona\n|\n|t:|1699026652\n|switch|p2a: Dragapult|Dragapult, M|22\/100\n|-damage|p2a: Dragapult|10\/100|[from] Stealth Rock\n|turn|25\n|\n|t:|1699026658\n|move|p1a: Alluvione|Ivy Cudgel|p2a: Dragapult\n|-resisted|p2a: Dragapult\n|-damage|p2a: Dragapult|0 fnt\n|faint|p2a: Dragapult\n|\n|win|sandman42\n|c| mannysshadow|(:\n|c|\u2606sandman42|gg\n|c|\u2606Burrgurr|gg :(\n|l| circleButton\n|c| Airchomp|Nick without tera is competent\n|c| Airchomp|wow\n|l| Lou2697\n|c|\u2606Burrgurr|how much def does your ogerpon have?\n|l| Airchomp\n|c|\u2606sandman42|0\n|c|\u2606Burrgurr|shit\n|c|\u2606sandman42|i think i take 88 from foul play\n|c|\u2606Burrgurr|foulplay into shadow sneak from gallade kills 10%\n|c|\u2606Burrgurr|100%\n|c|\u2606Burrgurr|well\n|c|\u2606Burrgurr|no shot i was winning that anyways\n|c|\u2606Burrgurr|eleki too stronk\n|c|\u2606sandman42|well played my friend\n|c|\u2606Burrgurr|wp to you\n|l|\u2606Burrgurr\n|l| Daviasd\n|j| someone23\n","uploadtime":1699026739,"views":31,"p1id":"sandman42","p2id":"burrgurr","formatid":"gen9nationaldexubers","rating":0,"private":0,"password":""}