{"id":"gen9nationaldexubers-1988489913","p1":"Kimi'sWorld","p2":"kiwiiShockszone","format":"[Gen 9] National Dex Ubers","log":"|j|\u2606Kimi'sWorld\n|j|\u2606kiwiiShockszone\n|t:|1699728487\n|gametype|singles\n|player|p1|Kimi'sWorld|101|1053\n|player|p2|kiwiiShockszone|marnie-masters2|1000\n|teamsize|p1|6\n|teamsize|p2|6\n|gen|9\n|tier|[Gen 9] National Dex Ubers\n|rated|\n|rule|HP Percentage Mod: HP is shown in percentages\n|rule|Endless Battle Clause: Forcing endless battles is banned\n|rule|OHKO Clause: OHKO moves are banned\n|rule|Evasion Moves Clause: Evasion moves are banned\n|rule|Evasion Items Clause: Evasion items are banned\n|rule|Species Clause: Limit one of each Pok\u00e9mon\n|rule|Sleep Clause Mod: Limit one foe put to sleep\n|rule|Mega Rayquaza Clause: You cannot mega evolve Rayquaza\n|clearpoke\n|poke|p1|Zapdos|\n|poke|p1|Muk-Alola, F|\n|poke|p1|Iron Hands|\n|poke|p1|Blissey, F|\n|poke|p1|Ursaluna-Bloodmoon, M|\n|poke|p1|Iron Bundle|\n|poke|p2|Golbat, M|\n|poke|p2|Brute Bonnet|\n|poke|p2|Arceus-Psychic|\n|poke|p2|Landorus, M|\n|poke|p2|Cinccino, M|\n|poke|p2|Conkeldurr, F|\n|teampreview\n|inactive|Battle timer is ON: inactive players will automatically lose when time's up. (requested by kiwiiShockszone)\n|\n|t:|1699728506\n|start\n|switch|p1a: Iron Bundle|Iron Bundle|100\/100\n|switch|p2a: Arceus|Arceus-Psychic|100\/100\n|turn|1\n|\n|t:|1699728527\n|move|p1a: Iron Bundle|Flip Turn|p2a: Arceus\n|-damage|p2a: Arceus|90\/100\n|\n|t:|1699728535\n|-end|p1a: Iron Bundle|Quark Drive|[silent]\n|switch|p1a: Muk|Muk-Alola, F|100\/100|[from] Flip Turn\n|move|p2a: Arceus|Cosmic Power|p2a: Arceus\n|-boost|p2a: Arceus|def|1\n|-boost|p2a: Arceus|spd|1\n|\n|upkeep\n|turn|2\n|\n|t:|1699728544\n|-terastallize|p2a: Arceus|Steel\n|move|p2a: Arceus|Cosmic Power|p2a: Arceus\n|-boost|p2a: Arceus|def|1\n|-boost|p2a: Arceus|spd|1\n|move|p1a: Muk|Knock Off|p2a: Arceus\n|-damage|p2a: Arceus|80\/100\n|\n|upkeep\n|turn|3\n|\n|t:|1699728552\n|move|p2a: Arceus|Cosmic Power|p2a: Arceus\n|-boost|p2a: Arceus|def|1\n|-boost|p2a: Arceus|spd|1\n|move|p1a: Muk|Power-Up Punch|p2a: Arceus\n|-supereffective|p2a: Arceus\n|-damage|p2a: Arceus|73\/100\n|-boost|p1a: Muk|atk|1\n|\n|upkeep\n|turn|4\n|\n|t:|1699728557\n|move|p2a: Arceus|Cosmic Power|p2a: Arceus\n|-boost|p2a: Arceus|def|1\n|-boost|p2a: Arceus|spd|1\n|move|p1a: Muk|Power-Up Punch|p2a: Arceus\n|-supereffective|p2a: Arceus\n|-damage|p2a: Arceus|66\/100\n|-boost|p1a: Muk|atk|1\n|\n|upkeep\n|turn|5\n|\n|t:|1699728576\n|switch|p1a: Zapdos|Zapdos, shiny|100\/100\n|move|p2a: Arceus|Cosmic Power|p2a: Arceus\n|-boost|p2a: Arceus|def|1\n|-boost|p2a: Arceus|spd|1\n|\n|upkeep\n|turn|6\n|\n|t:|1699728585\n|move|p2a: Arceus|Stored Power|p1a: Zapdos\n|-damage|p1a: Zapdos|5\/100\n|move|p1a: Zapdos|Heat Wave|p2a: Arceus\n|-supereffective|p2a: Arceus\n|-damage|p2a: Arceus|53\/100\n|\n|upkeep\n|turn|7\n|\n|t:|1699728596\n|move|p2a: Arceus|Stored Power|p1a: Zapdos\n|-damage|p1a: Zapdos|0 fnt\n|faint|p1a: Zapdos\n|\n|upkeep\n|\n|t:|1699728600\n|switch|p1a: Muk|Muk-Alola, F|100\/100\n|turn|8\n|\n|t:|1699728605\n|move|p2a: Arceus|Recover|p2a: Arceus\n|-heal|p2a: Arceus|100\/100\n|move|p1a: Muk|Power-Up Punch|p2a: Arceus\n|-supereffective|p2a: Arceus\n|-damage|p2a: Arceus|96\/100\n|-boost|p1a: Muk|atk|1\n|\n|upkeep\n|turn|9\n|\n|t:|1699728609\n|move|p2a: Arceus|Cosmic Power|p2a: Arceus\n|-boost|p2a: Arceus|def|1\n|-boost|p2a: Arceus|spd|1\n|move|p1a: Muk|Power-Up Punch|p2a: Arceus\n|-supereffective|p2a: Arceus\n|-damage|p2a: Arceus|90\/100\n|-boost|p1a: Muk|atk|1\n|\n|upkeep\n|turn|10\n|\n|t:|1699728619\n|move|p2a: Arceus|Body Press|p1a: Muk\n|-damage|p1a: Muk|0 fnt\n|faint|p1a: Muk\n|\n|upkeep\n|\n|t:|1699728637\n|switch|p1a: Iron Bundle|Iron Bundle|100\/100\n|turn|11\n|\n|t:|1699728641\n|move|p1a: Iron Bundle|Hydro Pump|p2a: Arceus\n|-damage|p2a: Arceus|76\/100\n|move|p2a: Arceus|Body Press|p1a: Iron Bundle\n|-supereffective|p1a: Iron Bundle\n|-damage|p1a: Iron Bundle|0 fnt\n|faint|p1a: Iron Bundle\n|-end|p1a: Iron Bundle|Quark Drive|[silent]\n|\n|upkeep\n|\n|t:|1699728643\n|switch|p1a: Ursaluna|Ursaluna-Bloodmoon, M|100\/100\n|turn|12\n|\n|t:|1699728649\n|move|p2a: Arceus|Stored Power|p1a: Ursaluna\n|-damage|p1a: Ursaluna|0 fnt\n|faint|p1a: Ursaluna\n|\n|upkeep\n|-message|Kimi'sWorld forfeited.\n|\n|win|kiwiiShockszone\n|raw|Kimi&apos;sWorld's rating: 1053 &rarr; <strong>1032<\/strong><br \/>(-21 for losing)\n|raw|kiwiiShockszone's rating: 1000 &rarr; <strong>1046<\/strong><br \/>(+46 for winning)\n|l|\u2606Kimi'sWorld\n","uploadtime":1699728658,"views":7,"p1id":"kimisworld","p2id":"kiwiishockszone","formatid":"gen9nationaldexubers","rating":1032,"private":0,"password":""}