{"id":"gen9nationaldexubers-1988024058","p1":"cradily moment","p2":"Be happy every","format":"[Gen 9] National Dex Ubers","log":"|j|\u2606cradily moment\n|j|\u2606Be happy every\n|t:|1699660383\n|gametype|singles\n|player|p1|cradily moment|rocker-gen3|1138\n|player|p2|Be happy every|irida|1048\n|teamsize|p1|6\n|teamsize|p2|6\n|gen|9\n|tier|[Gen 9] National Dex Ubers\n|rated|\n|rule|HP Percentage Mod: HP is shown in percentages\n|rule|Endless Battle Clause: Forcing endless battles is banned\n|rule|OHKO Clause: OHKO moves are banned\n|rule|Evasion Moves Clause: Evasion moves are banned\n|rule|Evasion Items Clause: Evasion items are banned\n|rule|Species Clause: Limit one of each Pok\u00e9mon\n|rule|Sleep Clause Mod: Limit one foe put to sleep\n|rule|Mega Rayquaza Clause: You cannot mega evolve Rayquaza\n|clearpoke\n|poke|p1|Ho-Oh|\n|poke|p1|Arceus|\n|poke|p1|Parasect, M|\n|poke|p1|Garganacl, M|\n|poke|p1|Clefable, F|\n|poke|p1|Landorus-Therian, M|\n|poke|p2|Blastoise, F|\n|poke|p2|Ogerpon-Cornerstone, F|\n|poke|p2|Porygon-Z|\n|poke|p2|Ceruledge, F|\n|poke|p2|Necrozma-Dawn-Wings|\n|poke|p2|Landorus-Therian, M|\n|teampreview\n|inactive|Battle timer is ON: inactive players will automatically lose when time's up. (requested by cradily moment)\n|inactive|Be happy every also wants the timer to be on.\n|c|\u2606cradily moment|Lapras-Therian\n|inactive|cradily moment has 120 seconds left.\n|\n|t:|1699660424\n|start\n|switch|p1a: twerklord|Landorus-Therian, M|100\/100\n|switch|p2a: Ogerpon|Ogerpon-Cornerstone, F|100\/100\n|-ability|p1a: twerklord|Intimidate|boost\n|-unboost|p2a: Ogerpon|atk|1\n|turn|1\n|inactive|cradily moment has 120 seconds left.\n|\n|t:|1699660462\n|switch|p2a: Porygon-Z|Porygon-Z|100\/100\n|move|p1a: twerklord|U-turn|p2a: Porygon-Z\n|-damage|p2a: Porygon-Z|67\/100\n|\n|t:|1699660474\n|switch|p1a: queer|Garganacl, M|100\/100|[from] U-turn\n|\n|upkeep\n|turn|2\n|\n|t:|1699660481\n|move|p2a: Porygon-Z|Tri Attack|p1a: queer\n|-resisted|p1a: queer\n|-damage|p1a: queer|80\/100\n|move|p1a: queer|Salt Cure|p2a: Porygon-Z\n|-damage|p2a: Porygon-Z|47\/100\n|-start|p2a: Porygon-Z|Salt Cure\n|\n|-heal|p1a: queer|86\/100|[from] item: Leftovers\n|-damage|p2a: Porygon-Z|34\/100|[from] Salt Cure\n|upkeep\n|turn|3\n|inactive|cradily moment has 120 seconds left.\n|\n|t:|1699660489\n|switch|p2a: Ceruledge|Ceruledge, F|100\/100\n|move|p1a: queer|Salt Cure|p2a: Ceruledge\n|-supereffective|p2a: Ceruledge\n|-damage|p2a: Ceruledge|63\/100\n|-start|p2a: Ceruledge|Salt Cure\n|-ability|p2a: Ceruledge|Weak Armor|boost\n|-unboost|p2a: Ceruledge|def|1\n|-boost|p2a: Ceruledge|spe|2\n|-enditem|p2a: Ceruledge|Weakness Policy\n|-boost|p2a: Ceruledge|atk|2|[from] item: Weakness Policy\n|-boost|p2a: Ceruledge|spa|2|[from] item: Weakness Policy\n|\n|-heal|p1a: queer|93\/100|[from] item: Leftovers\n|-damage|p2a: Ceruledge|51\/100|[from] Salt Cure\n|upkeep\n|turn|4\n|inactive|cradily moment has 120 seconds left.\n|\n|t:|1699660506\n|move|p2a: Ceruledge|Close Combat|p1a: queer\n|-supereffective|p1a: queer\n|-damage|p1a: queer|0 fnt\n|-unboost|p2a: Ceruledge|def|1\n|-unboost|p2a: Ceruledge|spd|1\n|faint|p1a: queer\n|\n|-damage|p2a: Ceruledge|39\/100|[from] Salt Cure\n|upkeep\n|\n|t:|1699660518\n|switch|p1a: hoe ass|Ho-Oh, shiny|100\/100\n|turn|5\n|\n|t:|1699660525\n|move|p2a: Ceruledge|Poltergeist|p1a: hoe ass\n|-activate|p1a: hoe ass|move: Poltergeist|Heavy-Duty Boots\n|-damage|p1a: hoe ass|29\/100\n|move|p1a: hoe ass|Air Slash|p2a: Ceruledge\n|-damage|p2a: Ceruledge|0 fnt\n|faint|p2a: Ceruledge\n|\n|upkeep\n|\n|t:|1699660535\n|switch|p2a: Landorus|Landorus-Therian, M|100\/100\n|-ability|p2a: Landorus|Intimidate|boost\n|-unboost|p1a: hoe ass|atk|1\n|turn|6\n|\n|t:|1699660542\n|switch|p1a: twerklord|Landorus-Therian, M|100\/100\n|-ability|p1a: twerklord|Intimidate|boost\n|-unboost|p2a: Landorus|atk|1\n|move|p2a: Landorus|Knock Off|p1a: twerklord\n|-damage|p1a: twerklord|80\/100\n|-damage|p2a: Landorus|84\/100|[from] item: Rocky Helmet|[of] p1a: twerklord\n|-enditem|p1a: twerklord|Rocky Helmet|[from] move: Knock Off|[of] p2a: Landorus\n|\n|upkeep\n|turn|7\n|\n|t:|1699660552\n|move|p2a: Landorus|U-turn|p1a: twerklord\n|-resisted|p1a: twerklord\n|-damage|p1a: twerklord|74\/100\n|\n|t:|1699660560\n|switch|p2a: \u6570\u636e\u602a|Necrozma-Dawn-Wings, shiny|100\/100|[from] U-turn\n|move|p1a: twerklord|Stealth Rock|p2a: \u6570\u636e\u602a\n|-sidestart|p2: Be happy every|move: Stealth Rock\n|\n|upkeep\n|turn|8\n|\n|t:|1699660577\n|move|p1a: twerklord|U-turn|p2a: \u6570\u636e\u602a\n|-damage|p2a: \u6570\u636e\u602a|78\/100\n|inactive|cradily moment has 120 seconds left.\n|\n|t:|1699660595\n|switch|p1a: hoe ass|Ho-Oh, shiny|62\/100|[from] U-turn\n|move|p2a: \u6570\u636e\u602a|Moongeist Beam|p1a: hoe ass\n|-damage|p1a: hoe ass|6\/100\n|\n|upkeep\n|turn|9\n|inactive|cradily moment has 120 seconds left.\n|\n|t:|1699660615\n|switch|p1a: big daddy|Arceus|100\/100\n|move|p2a: \u6570\u636e\u602a|Moongeist Beam|p1a: big daddy\n|-immune|p1a: big daddy\n|\n|upkeep\n|turn|10\n|\n|t:|1699660626\n|switch|p2a: Landorus|Landorus-Therian, M|84\/100\n|-damage|p2a: Landorus|72\/100|[from] Stealth Rock\n|-ability|p2a: Landorus|Intimidate|boost\n|-unboost|p1a: big daddy|atk|1\n|move|p1a: big daddy|Swords Dance|p1a: big daddy\n|-boost|p1a: big daddy|atk|2\n|\n|upkeep\n|turn|11\n|\n|t:|1699660635\n|move|p1a: big daddy|Swords Dance|p1a: big daddy\n|-boost|p1a: big daddy|atk|2\n|move|p2a: Landorus|Knock Off|p1a: big daddy\n|-damage|p1a: big daddy|72\/100\n|-enditem|p1a: big daddy|Lum Berry|[from] move: Knock Off|[of] p2a: Landorus\n|\n|upkeep\n|turn|12\n|\n|t:|1699660640\n|move|p1a: big daddy|Extreme Speed|p2a: Landorus\n|-damage|p2a: Landorus|0 fnt\n|faint|p2a: Landorus\n|\n|upkeep\n|\n|t:|1699660645\n|switch|p2a: Porygon-Z|Porygon-Z|34\/100\n|-damage|p2a: Porygon-Z|22\/100|[from] Stealth Rock\n|turn|13\n|\n|t:|1699660654\n|switch|p2a: \u6570\u636e\u602a|Necrozma-Dawn-Wings, shiny|78\/100\n|-damage|p2a: \u6570\u636e\u602a|65\/100|[from] Stealth Rock\n|-terastallize|p1a: big daddy|Ghost\n|move|p1a: big daddy|Shadow Claw|p2a: \u6570\u636e\u602a\n|-supereffective|p2a: \u6570\u636e\u602a\n|-damage|p2a: \u6570\u636e\u602a|0 fnt\n|faint|p2a: \u6570\u636e\u602a\n|\n|upkeep\n|\n|t:|1699660663\n|switch|p2a: Porygon-Z|Porygon-Z|22\/100\n|-damage|p2a: Porygon-Z|9\/100|[from] Stealth Rock\n|turn|14\n|-message|Be happy every forfeited.\n|\n|win|cradily moment\n|raw|cradily moment's rating: 1162 &rarr; <strong>1179<\/strong><br \/>(+17 for winning)\n|raw|Be happy every's rating: 1048 &rarr; <strong>1036<\/strong><br \/>(-12 for losing)\n|l|\u2606Be happy every\n","uploadtime":1699660675,"views":8,"p1id":"cradilymoment","p2id":"behappyevery","formatid":"gen9nationaldexubers","rating":1036,"private":0,"password":""}