{"id":"gen9nationaldexubers-1985506300","p1":"aguinaldo124","p2":"asdfg666","format":"[Gen 9] National Dex Ubers","log":"|j|\u2606aguinaldo124\n|j|\u2606asdfg666\n|t:|1699380260\n|gametype|singles\n|player|p1|aguinaldo124|bruno|1265\n|player|p2|asdfg666|170|1117\n|teamsize|p1|6\n|teamsize|p2|6\n|gen|9\n|tier|[Gen 9] National Dex Ubers\n|rated|\n|rule|HP Percentage Mod: HP is shown in percentages\n|rule|Endless Battle Clause: Forcing endless battles is banned\n|rule|OHKO Clause: OHKO moves are banned\n|rule|Evasion Moves Clause: Evasion moves are banned\n|rule|Evasion Items Clause: Evasion items are banned\n|rule|Species Clause: Limit one of each Pok\u00e9mon\n|rule|Sleep Clause Mod: Limit one foe put to sleep\n|rule|Mega Rayquaza Clause: You cannot mega evolve Rayquaza\n|clearpoke\n|poke|p1|Pelipper, F|\n|poke|p1|Talonflame, F|\n|poke|p1|Drednaw, F|\n|poke|p1|Goodra, F|\n|poke|p1|Overqwil, F|\n|poke|p1|Floatzel, F|\n|poke|p2|Necrozma-Dusk-Mane|\n|poke|p2|Dragonair, F|\n|poke|p2|Volcarona, M|\n|poke|p2|Celebi|\n|poke|p2|Quaquaval, F|\n|poke|p2|Gardevoir, F|\n|teampreview\n|inactive|Battle timer is ON: inactive players will automatically lose when time's up. (requested by asdfg666)\n|c|\u2606asdfg666|glhf\n|\n|t:|1699380268\n|start\n|switch|p1a: Pelipper|Pelipper, F|100\/100\n|switch|p2a: Dragonair|Dragonair, F, shiny|100\/100\n|-weather|RainDance|[from] ability: Drizzle|[of] p1a: Pelipper\n|turn|1\n|c|\u2606aguinaldo124|Glhf\n|\n|t:|1699380280\n|move|p2a: Dragonair|Thunder Wave|p1a: Pelipper|[miss]\n|-miss|p2a: Dragonair|p1a: Pelipper\n|move|p1a: Pelipper|U-turn|p2a: Dragonair\n|-damage|p2a: Dragonair|93\/100\n|\n|t:|1699380289\n|switch|p1a: Goodra|Goodra, F|100\/100|[from] U-turn\n|\n|-weather|RainDance|[upkeep]\n|upkeep\n|turn|2\n|\n|t:|1699380297\n|switch|p2a: Necrozma|Necrozma-Dusk-Mane, shiny|100\/100\n|move|p1a: Goodra|Dragon Pulse|p2a: Necrozma\n|-resisted|p2a: Necrozma\n|-damage|p2a: Necrozma|83\/100\n|\n|-weather|RainDance|[upkeep]\n|upkeep\n|turn|3\n|\n|t:|1699380308\n|switch|p1a: Floatzel|Floatzel, F|100\/100\n|move|p2a: Necrozma|Dragon Dance|p2a: Necrozma\n|-boost|p2a: Necrozma|atk|1\n|-boost|p2a: Necrozma|spe|1\n|\n|-weather|RainDance|[upkeep]\n|upkeep\n|turn|4\n|\n|t:|1699380317\n|move|p1a: Floatzel|Waterfall|p2a: Necrozma\n|-damage|p2a: Necrozma|22\/100\n|move|p2a: Necrozma|Dragon Dance|p2a: Necrozma\n|-boost|p2a: Necrozma|atk|1\n|-boost|p2a: Necrozma|spe|1\n|\n|-weather|RainDance|[upkeep]\n|upkeep\n|turn|5\n|\n|t:|1699380328\n|move|p1a: Floatzel|Waterfall|p2a: Necrozma\n|-damage|p2a: Necrozma|0 fnt\n|faint|p2a: Necrozma\n|\n|-weather|RainDance|[upkeep]\n|upkeep\n|\n|t:|1699380332\n|switch|p2a: Dragonair|Dragonair, F, shiny|93\/100\n|turn|6\n|\n|t:|1699380341\n|switch|p1a: Goodra|Goodra, F|100\/100\n|move|p2a: Dragonair|Thunder Wave|p1a: Goodra\n|-status|p1a: Goodra|par\n|\n|-weather|RainDance|[upkeep]\n|upkeep\n|turn|7\n|c|\u2606aguinaldo124|Oh shit\n|c|\u2606aguinaldo124|I forgot to put hydration\n|c|\u2606asdfg666|lmao\n|c|\u2606aguinaldo124|Omg\n|\n|t:|1699380359\n|switch|p2a: Gardevoir|Gardevoir, F, shiny|100\/100\n|-ability|p2a: Gardevoir|Sap Sipper|[from] ability: Trace|[of] p1a: Goodra\n|move|p1a: Goodra|Dragon Pulse|p2a: Gardevoir\n|-immune|p2a: Gardevoir\n|\n|-weather|RainDance|[upkeep]\n|upkeep\n|turn|8\n|\n|t:|1699380371\n|switch|p1a: Drednaw|Drednaw, F|100\/100\n|detailschange|p2a: Gardevoir|Gardevoir-Mega, F, shiny\n|-mega|p2a: Gardevoir|Gardevoir|Gardevoirite\n|move|p2a: Gardevoir|Moonblast|p1a: Drednaw\n|-damage|p1a: Drednaw|14\/100\n|\n|-weather|none\n|upkeep\n|turn|9\n|\n|t:|1699380384\n|move|p2a: Gardevoir|Moonblast|p1a: Drednaw\n|-crit|p1a: Drednaw\n|-damage|p1a: Drednaw|0 fnt\n|faint|p1a: Drednaw\n|\n|upkeep\n|\n|t:|1699380391\n|switch|p1a: Pelipper|Pelipper, F|100\/100\n|-weather|RainDance|[from] ability: Drizzle|[of] p1a: Pelipper\n|turn|10\n|\n|t:|1699380398\n|move|p2a: Gardevoir|Thunderbolt|p1a: Pelipper\n|-supereffective|p1a: Pelipper\n|-damage|p1a: Pelipper|0 fnt\n|faint|p1a: Pelipper\n|\n|-weather|RainDance|[upkeep]\n|upkeep\n|\n|t:|1699380404\n|switch|p1a: Overqwil|Overqwil, F|100\/100\n|turn|11\n|\n|t:|1699380409\n|move|p1a: Overqwil|Barb Barrage|p2a: Gardevoir\n|-supereffective|p2a: Gardevoir\n|-damage|p2a: Gardevoir|0 fnt\n|faint|p2a: Gardevoir\n|\n|-weather|RainDance|[upkeep]\n|upkeep\n|c|\u2606asdfg666|HOLY SHIT\n|c|\u2606asdfg666|Y DID THAT DO SO MUCH?!?!?!\n|c|\u2606aguinaldo124|Celebi is a problem\n|c|\u2606asdfg666|banded??\\\n|c|\u2606aguinaldo124|Nop\n|\n|t:|1699380436\n|switch|p2a: Quaquaval|Quaquaval, F, shiny|100\/100\n|turn|12\n|\n|t:|1699380444\n|move|p1a: Overqwil|Barb Barrage|p2a: Quaquaval\n|-damage|p2a: Quaquaval|62\/100\n|-status|p2a: Quaquaval|psn\n|move|p2a: Quaquaval|Aqua Step|p1a: Overqwil\n|-damage|p1a: Overqwil|19\/100\n|-boost|p2a: Quaquaval|spe|1\n|-damage|p2a: Quaquaval|52\/100 psn|[from] item: Life Orb\n|\n|-weather|RainDance|[upkeep]\n|-heal|p1a: Overqwil|25\/100|[from] item: Leftovers\n|-damage|p2a: Quaquaval|40\/100 psn|[from] psn\n|upkeep\n|turn|13\n|\n|t:|1699380457\n|move|p1a: Overqwil|Barb Barrage|p2a: Quaquaval\n|-crit|p2a: Quaquaval\n|-damage|p2a: Quaquaval|0 fnt\n|faint|p2a: Quaquaval\n|\n|-weather|RainDance|[upkeep]\n|-heal|p1a: Overqwil|32\/100|[from] item: Leftovers\n|upkeep\n|c|\u2606asdfg666|o\n|c|\u2606asdfg666|swift swim\n|\n|t:|1699380470\n|switch|p2a: Dragonair|Dragonair, F, shiny|93\/100\n|turn|14\n|\n|t:|1699380475\n|switch|p1a: Goodra|Goodra, F|100\/100 par\n|move|p2a: Dragonair|Dragon Dance|p2a: Dragonair\n|-boost|p2a: Dragonair|atk|1\n|-boost|p2a: Dragonair|spe|1\n|\n|-weather|RainDance|[upkeep]\n|upkeep\n|turn|15\n|\n|t:|1699380485\n|switch|p2a: Celebi|Celebi, shiny|100\/100\n|move|p1a: Goodra|Dragon Pulse|p2a: Celebi\n|-damage|p2a: Celebi|65\/100\n|\n|-weather|RainDance|[upkeep]\n|upkeep\n|turn|16\n|\n|t:|1699380496\n|switch|p1a: Overqwil|Overqwil, F|32\/100\n|move|p2a: Celebi|Recover|p2a: Celebi\n|-heal|p2a: Celebi|100\/100\n|\n|-weather|RainDance|[upkeep]\n|-heal|p1a: Overqwil|38\/100|[from] item: Leftovers\n|upkeep\n|turn|17\n|c|\u2606aguinaldo124|Oh no\n|c|\u2606aguinaldo124|Dude im freaked\n|\n|t:|1699380513\n|-terastallize|p2a: Celebi|Fighting\n|move|p1a: Overqwil|Fell Stinger|p2a: Celebi\n|-resisted|p2a: Celebi\n|-damage|p2a: Celebi|95\/100\n|-damage|p1a: Overqwil|21\/100|[from] item: Rocky Helmet|[of] p2a: Celebi\n|move|p2a: Celebi|Energy Ball|p1a: Overqwil\n|-resisted|p1a: Overqwil\n|-crit|p1a: Overqwil\n|-damage|p1a: Overqwil|0 fnt\n|faint|p1a: Overqwil\n|\n|-weather|none\n|upkeep\n|c|\u2606aguinaldo124|Rain ended\n|c|\u2606asdfg666|a small pixie leaf should not b this menacing\n|c|\u2606aguinaldo124|Talon flame\n|c|\u2606aguinaldo124|I beg you\n|inactive|aguinaldo124 has 120 seconds left.\n|c|\u2606aguinaldo124|You need to do this\n|\n|t:|1699380541\n|switch|p1a: Talonflame|Talonflame, F|100\/100\n|turn|18\n|inactive|aguinaldo124 has 120 seconds left.\n|\n|t:|1699380551\n|move|p1a: Talonflame|Hurricane|p2a: Celebi\n|-supereffective|p2a: Celebi\n|-damage|p2a: Celebi|0 fnt\n|faint|p2a: Celebi\n|\n|upkeep\n|c|\u2606aguinaldo124|YES\n|c|\u2606asdfg666|UR SPECAIL??!?!?!\n|c|\u2606aguinaldo124|OK ONE MORE\n|c|\u2606aguinaldo124|WE CAN DO THIS\n|\n|t:|1699380568\n|switch|p2a: Dragonair|Dragonair, F, shiny|93\/100\n|turn|19\n|\n|t:|1699380574\n|move|p1a: Talonflame|Hurricane|p2a: Dragonair\n|-damage|p2a: Dragonair|42\/100\n|move|p2a: Dragonair|Thunder Wave|p1a: Talonflame\n|-status|p1a: Talonflame|par\n|\n|upkeep\n|turn|20\n|c|\u2606aguinaldo124|Oh no\n|\n|t:|1699380584\n|cant|p1a: Talonflame|par\n|move|p2a: Dragonair|Waterfall|p1a: Talonflame\n|-supereffective|p1a: Talonflame\n|-damage|p1a: Talonflame|53\/100 par\n|\n|upkeep\n|turn|21\n|\n|t:|1699380591\n|move|p1a: Talonflame|Hurricane|p2a: Dragonair\n|-damage|p2a: Dragonair|0 fnt\n|faint|p2a: Dragonair\n|\n|upkeep\n|\n|t:|1699380593\n|switch|p2a: Volcarona|Volcarona, M, shiny|100\/100\n|turn|22\n|c|\u2606aguinaldo124|LETS GOOO\n|l|\u2606aguinaldo124\n|inactive|aguinaldo124 disconnected and has a minute to reconnect!\n|player|p1|\n|\n|t:|1699380617\n|move|p2a: Volcarona|Quiver Dance|p2a: Volcarona\n|-boost|p2a: Volcarona|spa|1\n|-boost|p2a: Volcarona|spd|1\n|-boost|p2a: Volcarona|spe|1\n|move|p1a: Talonflame|Hurricane|p2a: Volcarona\n|-supereffective|p2a: Volcarona\n|-damage|p2a: Volcarona|11\/100\n|\n|upkeep\n|turn|23\n|c|\u2606asdfg666|plz fire bug\n|c|\u2606asdfg666|PLZ KILL\n|c|\u2606asdfg666|o shit\n|c|\u2606asdfg666|u have a full health goodra in the back\n|inactive|aguinaldo124 has 30 seconds to reconnect!\n|inactive|asdfg666 has 120 seconds left.\n|c|\u2606asdfg666|and a aqua jeter\n|inactive|aguinaldo124 has 20 seconds to reconnect!\n|inactive|aguinaldo124 has 15 seconds to reconnect!\n|c|\u2606asdfg666|ggwp\n|inactive|aguinaldo124 has 10 seconds to reconnect!\n|j|\u2606aguinaldo124\n|inactive|aguinaldo124 reconnected and has 90 seconds left.\n|player|p1|aguinaldo124|bruno\n|c|\u2606aguinaldo124|IM BACK\n|c|\u2606asdfg666|LETS GOOOOO\n|\n|t:|1699380683\n|move|p2a: Volcarona|Fiery Dance|p1a: Talonflame\n|-resisted|p1a: Talonflame\n|-damage|p1a: Talonflame|0 fnt\n|-boost|p2a: Volcarona|spa|1\n|faint|p1a: Talonflame\n|\n|upkeep\n|\n|t:|1699380690\n|switch|p1a: Floatzel|Floatzel, F|100\/100\n|turn|24\n|c|\u2606aguinaldo124|Ggwp\n|c|\u2606asdfg666|i got the kill and spa buff\n|inactive|asdfg666 has 120 seconds left.\n|c|\u2606asdfg666|i might b able to kill goodra\n|c|\u2606aguinaldo124|I got aqua jet\n|\n|t:|1699380711\n|move|p1a: Floatzel|Aqua Jet|p2a: Volcarona\n|-supereffective|p2a: Volcarona\n|-damage|p2a: Volcarona|0 fnt\n|faint|p2a: Volcarona\n|\n|win|aguinaldo124\n|raw|aguinaldo124's rating: 1265 &rarr; <strong>1280<\/strong><br \/>(+15 for winning)\n|raw|asdfg666's rating: 1117 &rarr; <strong>1102<\/strong><br \/>(-15 for losing)\n|c|\u2606asdfg666|gg\n|c|\u2606asdfg666|wp\n|c|\u2606aguinaldo124|Gg\n|c|\u2606aguinaldo124|Wp\n|c|\u2606asdfg666|i gtg\n|c|\u2606asdfg666|school\n|c|\u2606aguinaldo124|K\n|c|\u2606asdfg666|bye\n|c|\u2606aguinaldo124|Bye\n|l|\u2606asdfg666\n","uploadtime":1699380738,"views":5,"p1id":"aguinaldo124","p2id":"asdfg666","formatid":"gen9nationaldexubers","rating":1102,"private":0,"password":""}