{"id":"gen9nationaldexubers-1997631947","p1":"JustMonika_CARR","p2":"ParanoidWizard","format":"[Gen 9] National Dex Ubers","log":"|j|\u2606JustMonika_CARR\n|j|\u2606ParanoidWizard\n|t:|1700835356\n|gametype|singles\n|player|p1|JustMonika_CARR|rosa|1433\n|player|p2|ParanoidWizard|wallace|1371\n|teamsize|p1|6\n|teamsize|p2|6\n|gen|9\n|tier|[Gen 9] National Dex Ubers\n|rated|\n|rule|HP Percentage Mod: HP is shown in percentages\n|rule|Endless Battle Clause: Forcing endless battles is banned\n|rule|OHKO Clause: OHKO moves are banned\n|rule|Evasion Moves Clause: Evasion moves are banned\n|rule|Evasion Items Clause: Evasion items are banned\n|rule|Species Clause: Limit one of each Pok\u00e9mon\n|rule|Sleep Clause Mod: Limit one foe put to sleep\n|rule|Mega Rayquaza Clause: You cannot mega evolve Rayquaza\n|clearpoke\n|poke|p1|Blaziken, M|\n|poke|p1|Pheromosa|\n|poke|p1|Gothitelle, F|\n|poke|p1|Deoxys-Speed|\n|poke|p1|Arceus|\n|poke|p1|Durant, F|\n|poke|p2|Zacian-*|\n|poke|p2|Kyurem-Black|\n|poke|p2|Dragonite, M|\n|poke|p2|Ho-Oh|\n|poke|p2|Cyclizar, F|\n|poke|p2|Arceus|\n|teampreview\n|inactive|Battle timer is ON: inactive players will automatically lose when time's up. (requested by ParanoidWizard)\n|\n|t:|1700835368\n|start\n|switch|p1a: Deoxys|Deoxys-Speed, shiny|100\/100\n|switch|p2a: Zapdoh|Ho-Oh, shiny|100\/100\n|-ability|p1a: Deoxys|Pressure\n|turn|1\n|\n|t:|1700835378\n|move|p1a: Deoxys|Reflect|p1a: Deoxys\n|-sidestart|p1: JustMonika_CARR|Reflect\n|move|p2a: Zapdoh|Fire Blast|p1a: Deoxys\n|-damage|p1a: Deoxys|41\/100\n|\n|upkeep\n|turn|2\n|\n|t:|1700835386\n|move|p1a: Deoxys|Light Screen|p1a: Deoxys\n|-sidestart|p1: JustMonika_CARR|move: Light Screen\n|move|p2a: Zapdoh|Fire Blast|p1a: Deoxys\n|-damage|p1a: Deoxys|10\/100\n|-status|p1a: Deoxys|brn\n|\n|-damage|p1a: Deoxys|4\/100 brn|[from] brn\n|upkeep\n|turn|3\n|\n|t:|1700835397\n|move|p1a: Deoxys|Stealth Rock|p2a: Zapdoh\n|-sidestart|p2: ParanoidWizard|move: Stealth Rock\n|move|p2a: Zapdoh|Air Slash|p1a: Deoxys\n|-damage|p1a: Deoxys|0 fnt\n|faint|p1a: Deoxys\n|\n|upkeep\n|\n|t:|1700835404\n|switch|p1a: Durant|Durant, F, shiny|100\/100\n|turn|4\n|\n|t:|1700835408\n|move|p1a: Durant|Entrainment|p2a: Zapdoh\n|-endability|p2a: Zapdoh|Regenerator|[from] move: Entrainment\n|-ability|p2a: Zapdoh|Truant|[from] move: Entrainment\n|move|p2a: Zapdoh|Fire Blast|p1a: Durant\n|-supereffective|p1a: Durant\n|-damage|p1a: Durant|0 fnt\n|faint|p1a: Durant\n|\n|upkeep\n|\n|t:|1700835411\n|switch|p1a: Gothitelle|Gothitelle, F, shiny|100\/100\n|turn|5\n|\n|t:|1700835429\n|cant|p2a: Zapdoh|ability: Truant\n|move|p1a: Gothitelle|Substitute|p1a: Gothitelle\n|-start|p1a: Gothitelle|Substitute\n|-damage|p1a: Gothitelle|75\/100\n|\n|upkeep\n|turn|6\n|c|\u2606JustMonika_CARR|Whirlwind, I assume?\n|\n|t:|1700835453\n|move|p2a: Zapdoh|Air Slash|p1a: Gothitelle\n|-activate|p1a: Gothitelle|move: Substitute|[damage]\n|move|p1a: Gothitelle|Substitute|p1a: Gothitelle\n|-fail|p1a: Gothitelle|move: Substitute\n|\n|upkeep\n|turn|7\n|\n|t:|1700835462\n|cant|p2a: Zapdoh|ability: Truant\n|move|p1a: Gothitelle|Dark Pulse|p2a: Zapdoh\n|-damage|p2a: Zapdoh|86\/100\n|\n|upkeep\n|turn|8\n|\n|t:|1700835469\n|move|p2a: Zapdoh|Air Slash|p1a: Gothitelle\n|-end|p1a: Gothitelle|Substitute\n|move|p1a: Gothitelle|Substitute|p1a: Gothitelle\n|-start|p1a: Gothitelle|Substitute\n|-damage|p1a: Gothitelle|50\/100\n|\n|-sideend|p1: JustMonika_CARR|Reflect\n|upkeep\n|turn|9\n|\n|t:|1700835480\n|cant|p2a: Zapdoh|ability: Truant\n|move|p1a: Gothitelle|Dark Pulse|p2a: Zapdoh\n|-damage|p2a: Zapdoh|72\/100\n|\n|-sideend|p1: JustMonika_CARR|move: Light Screen\n|upkeep\n|turn|10\n|\n|t:|1700835497\n|move|p2a: Zapdoh|Fire Blast|p1a: Gothitelle\n|-end|p1a: Gothitelle|Substitute\n|move|p1a: Gothitelle|Substitute|p1a: Gothitelle\n|-start|p1a: Gothitelle|Substitute\n|-damage|p1a: Gothitelle|25\/100\n|-enditem|p1a: Gothitelle|Starf Berry|[eat]\n|-boost|p1a: Gothitelle|spa|2|[from] item: Starf Berry\n|\n|upkeep\n|turn|11\n|\n|t:|1700835507\n|cant|p2a: Zapdoh|ability: Truant\n|move|p1a: Gothitelle|Recycle|p1a: Gothitelle\n|-item|p1a: Gothitelle|Starf Berry|[from] move: Recycle\n|-enditem|p1a: Gothitelle|Starf Berry|[eat]\n|-boost|p1a: Gothitelle|spe|2|[from] item: Starf Berry\n|\n|upkeep\n|turn|12\n|\n|t:|1700835515\n|move|p1a: Gothitelle|Protect|p1a: Gothitelle\n|-singleturn|p1a: Gothitelle|Protect\n|move|p2a: Zapdoh|Fire Blast|p1a: Gothitelle\n|-activate|p1a: Gothitelle|move: Protect\n|\n|upkeep\n|turn|13\n|\n|t:|1700835524\n|move|p1a: Gothitelle|Recycle|p1a: Gothitelle\n|-item|p1a: Gothitelle|Starf Berry|[from] move: Recycle\n|-enditem|p1a: Gothitelle|Starf Berry|[eat]\n|-boost|p1a: Gothitelle|spd|2|[from] item: Starf Berry\n|cant|p2a: Zapdoh|ability: Truant\n|\n|upkeep\n|turn|14\n|\n|t:|1700835532\n|move|p1a: Gothitelle|Protect|p1a: Gothitelle\n|-singleturn|p1a: Gothitelle|Protect\n|move|p2a: Zapdoh|Air Slash|p1a: Gothitelle\n|-activate|p1a: Gothitelle|move: Protect\n|\n|upkeep\n|turn|15\n|c|\u2606JustMonika_CARR|Huh\n|c|\u2606JustMonika_CARR|No whirlwind?\n|c|\u2606JustMonika_CARR|Maybe later?\n|\n|t:|1700835552\n|move|p1a: Gothitelle|Recycle|p1a: Gothitelle\n|-item|p1a: Gothitelle|Starf Berry|[from] move: Recycle\n|-enditem|p1a: Gothitelle|Starf Berry|[eat]\n|-boost|p1a: Gothitelle|atk|2|[from] item: Starf Berry\n|cant|p2a: Zapdoh|ability: Truant\n|\n|upkeep\n|turn|16\n|\n|t:|1700835563\n|move|p1a: Gothitelle|Protect|p1a: Gothitelle\n|-singleturn|p1a: Gothitelle|Protect\n|move|p2a: Zapdoh|Air Slash|p1a: Gothitelle\n|-activate|p1a: Gothitelle|move: Protect\n|\n|upkeep\n|turn|17\n|inactive|JustMonika_CARR has 120 seconds left.\n|inactive|JustMonika_CARR has 90 seconds left.\n|c|\u2606JustMonika_CARR|If ya ain't gonna use Whirlwind, please skip the next few turns to make this faster for both of us\n|\n|t:|1700835628\n|move|p1a: Gothitelle|Recycle|p1a: Gothitelle\n|-item|p1a: Gothitelle|Starf Berry|[from] move: Recycle\n|-enditem|p1a: Gothitelle|Starf Berry|[eat]\n|-boost|p1a: Gothitelle|spa|2|[from] item: Starf Berry\n|cant|p2a: Zapdoh|ability: Truant\n|\n|upkeep\n|turn|18\n|\n|t:|1700835637\n|move|p1a: Gothitelle|Protect|p1a: Gothitelle\n|-singleturn|p1a: Gothitelle|Protect\n|move|p2a: Zapdoh|Air Slash|p1a: Gothitelle\n|-activate|p1a: Gothitelle|move: Protect\n|\n|upkeep\n|turn|19\n|\n|t:|1700835646\n|move|p1a: Gothitelle|Recycle|p1a: Gothitelle\n|-item|p1a: Gothitelle|Starf Berry|[from] move: Recycle\n|-enditem|p1a: Gothitelle|Starf Berry|[eat]\n|-boost|p1a: Gothitelle|spa|2|[from] item: Starf Berry\n|cant|p2a: Zapdoh|ability: Truant\n|\n|upkeep\n|turn|20\n|\n|t:|1700835650\n|move|p1a: Gothitelle|Protect|p1a: Gothitelle\n|-singleturn|p1a: Gothitelle|Protect\n|move|p2a: Zapdoh|Air Slash|p1a: Gothitelle\n|-activate|p1a: Gothitelle|move: Protect\n|\n|upkeep\n|turn|21\n|\n|t:|1700835656\n|move|p1a: Gothitelle|Recycle|p1a: Gothitelle\n|-item|p1a: Gothitelle|Starf Berry|[from] move: Recycle\n|-enditem|p1a: Gothitelle|Starf Berry|[eat]\n|-boost|p1a: Gothitelle|atk|2|[from] item: Starf Berry\n|cant|p2a: Zapdoh|ability: Truant\n|\n|upkeep\n|turn|22\n|\n|t:|1700835663\n|move|p1a: Gothitelle|Protect|p1a: Gothitelle\n|-singleturn|p1a: Gothitelle|Protect\n|move|p2a: Zapdoh|Air Slash|p1a: Gothitelle\n|-activate|p1a: Gothitelle|move: Protect\n|\n|upkeep\n|turn|23\n|\n|t:|1700835669\n|move|p1a: Gothitelle|Recycle|p1a: Gothitelle\n|-item|p1a: Gothitelle|Starf Berry|[from] move: Recycle\n|-enditem|p1a: Gothitelle|Starf Berry|[eat]\n|-boost|p1a: Gothitelle|spe|2|[from] item: Starf Berry\n|cant|p2a: Zapdoh|ability: Truant\n|\n|upkeep\n|turn|24\n|\n|t:|1700835674\n|move|p1a: Gothitelle|Protect|p1a: Gothitelle\n|-singleturn|p1a: Gothitelle|Protect\n|move|p2a: Zapdoh|Air Slash|p1a: Gothitelle\n|-activate|p1a: Gothitelle|move: Protect\n|\n|upkeep\n|turn|25\n|\n|t:|1700835679\n|move|p1a: Gothitelle|Recycle|p1a: Gothitelle\n|-item|p1a: Gothitelle|Starf Berry|[from] move: Recycle\n|-enditem|p1a: Gothitelle|Starf Berry|[eat]\n|-boost|p1a: Gothitelle|atk|2|[from] item: Starf Berry\n|cant|p2a: Zapdoh|ability: Truant\n|\n|upkeep\n|turn|26\n|\n|t:|1700835685\n|move|p1a: Gothitelle|Protect|p1a: Gothitelle\n|-singleturn|p1a: Gothitelle|Protect\n|move|p2a: Zapdoh|Air Slash|p1a: Gothitelle\n|-activate|p1a: Gothitelle|move: Protect\n|\n|upkeep\n|turn|27\n|\n|t:|1700835690\n|move|p1a: Gothitelle|Recycle|p1a: Gothitelle\n|-item|p1a: Gothitelle|Starf Berry|[from] move: Recycle\n|-enditem|p1a: Gothitelle|Starf Berry|[eat]\n|-boost|p1a: Gothitelle|spe|2|[from] item: Starf Berry\n|cant|p2a: Zapdoh|ability: Truant\n|\n|upkeep\n|turn|28\n|\n|t:|1700835707\n|move|p1a: Gothitelle|Protect|p1a: Gothitelle\n|-singleturn|p1a: Gothitelle|Protect\n|move|p2a: Zapdoh|Air Slash|p1a: Gothitelle\n|-activate|p1a: Gothitelle|move: Protect\n|\n|upkeep\n|turn|29\n|\n|t:|1700835721\n|move|p1a: Gothitelle|Recycle|p1a: Gothitelle\n|-item|p1a: Gothitelle|Starf Berry|[from] move: Recycle\n|-enditem|p1a: Gothitelle|Starf Berry|[eat]\n|-boost|p1a: Gothitelle|def|2|[from] item: Starf Berry\n|cant|p2a: Zapdoh|ability: Truant\n|\n|upkeep\n|turn|30\n|\n|t:|1700835733\n|move|p1a: Gothitelle|Protect|p1a: Gothitelle\n|-singleturn|p1a: Gothitelle|Protect\n|move|p2a: Zapdoh|Air Slash|p1a: Gothitelle\n|-activate|p1a: Gothitelle|move: Protect\n|\n|upkeep\n|turn|31\n|\n|t:|1700835740\n|move|p1a: Gothitelle|Recycle|p1a: Gothitelle\n|-item|p1a: Gothitelle|Starf Berry|[from] move: Recycle\n|-enditem|p1a: Gothitelle|Starf Berry|[eat]\n|-boost|p1a: Gothitelle|def|2|[from] item: Starf Berry\n|cant|p2a: Zapdoh|ability: Truant\n|\n|upkeep\n|turn|32\n|\n|t:|1700835746\n|move|p1a: Gothitelle|Protect|p1a: Gothitelle\n|-singleturn|p1a: Gothitelle|Protect\n|move|p2a: Zapdoh|Air Slash|p1a: Gothitelle\n|-activate|p1a: Gothitelle|move: Protect\n|\n|upkeep\n|turn|33\n|\n|t:|1700835753\n|move|p1a: Gothitelle|Recycle|p1a: Gothitelle\n|-item|p1a: Gothitelle|Starf Berry|[from] move: Recycle\n|-enditem|p1a: Gothitelle|Starf Berry|[eat]\n|-boost|p1a: Gothitelle|def|2|[from] item: Starf Berry\n|cant|p2a: Zapdoh|ability: Truant\n|\n|upkeep\n|turn|34\n|\n|t:|1700835762\n|move|p1a: Gothitelle|Protect|p1a: Gothitelle\n|-singleturn|p1a: Gothitelle|Protect\n|move|p2a: Zapdoh|Air Slash|p1a: Gothitelle\n|-activate|p1a: Gothitelle|move: Protect\n|\n|upkeep\n|turn|35\n|\n|t:|1700835770\n|move|p1a: Gothitelle|Recycle|p1a: Gothitelle\n|-item|p1a: Gothitelle|Starf Berry|[from] move: Recycle\n|-enditem|p1a: Gothitelle|Starf Berry|[eat]\n|-boost|p1a: Gothitelle|spd|2|[from] item: Starf Berry\n|cant|p2a: Zapdoh|ability: Truant\n|\n|upkeep\n|turn|36\n|\n|t:|1700835792\n|move|p1a: Gothitelle|Dark Pulse|p2a: Zapdoh\n|-damage|p2a: Zapdoh|13\/100\n|move|p2a: Zapdoh|Air Slash|p1a: Gothitelle\n|-activate|p1a: Gothitelle|move: Substitute|[damage]\n|\n|upkeep\n|turn|37\n|\n|t:|1700835800\n|move|p1a: Gothitelle|Dark Pulse|p2a: Zapdoh\n|-damage|p2a: Zapdoh|0 fnt\n|faint|p2a: Zapdoh\n|\n|upkeep\n|\n|t:|1700835826\n|switch|p2a: Dragonite|Dragonite, M|100\/100\n|-damage|p2a: Dragonite|75\/100|[from] Stealth Rock\n|turn|38\n|\n|t:|1700835833\n|-terastallize|p2a: Dragonite|Normal\n|move|p2a: Dragonite|Extreme Speed|p1a: Gothitelle\n|-end|p1a: Gothitelle|Substitute\n|-damage|p2a: Dragonite|66\/100|[from] item: Life Orb\n|move|p1a: Gothitelle|Dark Pulse|p2a: Dragonite\n|-damage|p2a: Dragonite|0 fnt\n|faint|p2a: Dragonite\n|\n|upkeep\n|\n|t:|1700835844\n|switch|p2a: Cyclizar|Cyclizar, F|100\/100\n|-damage|p2a: Cyclizar|88\/100|[from] Stealth Rock\n|turn|39\n|\n|t:|1700835850\n|move|p1a: Gothitelle|Dark Pulse|p2a: Cyclizar\n|-damage|p2a: Cyclizar|0 fnt\n|faint|p2a: Cyclizar\n|\n|upkeep\n|\n|t:|1700835862\n|switch|p2a: Arceus|Arceus|100\/100\n|-damage|p2a: Arceus|88\/100|[from] Stealth Rock\n|turn|40\n|\n|t:|1700835867\n|-terastallize|p1a: Gothitelle|Dark\n|move|p1a: Gothitelle|Dark Pulse|p2a: Arceus\n|-damage|p2a: Arceus|10\/100\n|move|p2a: Arceus|Toxic|p1a: Gothitelle\n|-status|p1a: Gothitelle|tox\n|\n|-heal|p2a: Arceus|16\/100|[from] item: Leftovers\n|-damage|p1a: Gothitelle|19\/100 tox|[from] psn\n|upkeep\n|turn|41\n|\n|t:|1700835882\n|move|p1a: Gothitelle|Dark Pulse|p2a: Arceus\n|-damage|p2a: Arceus|0 fnt\n|faint|p2a: Arceus\n|\n|-damage|p1a: Gothitelle|7\/100 tox|[from] psn\n|upkeep\n|\n|t:|1700835891\n|switch|p2a: Zacian|Zacian-Crowned|100\/100\n|-damage|p2a: Zacian|94\/100|[from] Stealth Rock\n|-ability|p2a: Zacian|Intrepid Sword|boost\n|-boost|p2a: Zacian|atk|1\n|turn|42\n|\n|t:|1700835899\n|move|p1a: Gothitelle|Dark Pulse|p2a: Zacian\n|-resisted|p2a: Zacian\n|-damage|p2a: Zacian|29\/100\n|move|p2a: Zacian|Behemoth Blade|p1a: Gothitelle\n|-damage|p1a: Gothitelle|0 fnt\n|faint|p1a: Gothitelle\n|\n|upkeep\n|\n|t:|1700835905\n|switch|p1a: Blaziken|Blaziken, M, shiny|100\/100\n|turn|43\n|c|\u2606ParanoidWizard|Neat stat\n|c|\u2606ParanoidWizard|strat\n|c|\u2606ParanoidWizard|kinda annoying tho\n|c|\u2606JustMonika_CARR|Ikr\n|\n|t:|1700835929\n|detailschange|p1a: Blaziken|Blaziken-Mega, M, shiny\n|-mega|p1a: Blaziken|Blaziken|Blazikenite\n|move|p1a: Blaziken|Protect|p1a: Blaziken\n|-singleturn|p1a: Blaziken|Protect\n|move|p2a: Zacian|Dig||[still]\n|-prepare|p2a: Zacian|Dig\n|\n|-ability|p1a: Blaziken|Speed Boost|boost\n|-boost|p1a: Blaziken|spe|1\n|upkeep\n|turn|44\n|c|\u2606JustMonika_CARR|That's why i always ask fot the opponent to skip\n|\n|t:|1700835947\n|move|p1a: Blaziken|Protect||[still]\n|-fail|p1a: Blaziken\n|move|p2a: Zacian|Dig|p1a: Blaziken|[from]lockedmove\n|-supereffective|p1a: Blaziken\n|-damage|p1a: Blaziken|0 fnt\n|faint|p1a: Blaziken\n|\n|upkeep\n|\n|t:|1700835951\n|switch|p1a: Pheromosa|Pheromosa, shiny|100\/100\n|turn|45\n|\n|t:|1700835963\n|move|p2a: Zacian|Fire Fang|p1a: Pheromosa\n|-supereffective|p1a: Pheromosa\n|-enditem|p1a: Pheromosa|Focus Sash\n|-damage|p1a: Pheromosa|1\/100\n|move|p1a: Pheromosa|Rapid Spin|p2a: Zacian\n|-resisted|p2a: Zacian\n|-damage|p2a: Zacian|22\/100\n|-boost|p1a: Pheromosa|spe|1\n|\n|upkeep\n|turn|46\n|\n|t:|1700835976\n|move|p1a: Pheromosa|Close Combat|p2a: Zacian\n|-damage|p2a: Zacian|0 fnt\n|-unboost|p1a: Pheromosa|def|1\n|-unboost|p1a: Pheromosa|spd|1\n|faint|p2a: Zacian\n|-ability|p1a: Pheromosa|Beast Boost|boost\n|-boost|p1a: Pheromosa|spa|1\n|\n|upkeep\n|\n|t:|1700835985\n|switch|p2a: Kyurem|Kyurem-Black|100\/100\n|-damage|p2a: Kyurem|76\/100|[from] Stealth Rock\n|-ability|p2a: Kyurem|Teravolt\n|turn|47\n|\n|t:|1700835993\n|move|p1a: Pheromosa|Bug Buzz|p2a: Kyurem\n|-damage|p2a: Kyurem|0 fnt\n|faint|p2a: Kyurem\n|\n|win|JustMonika_CARR\n|raw|JustMonika_CARR's rating: 1433 &rarr; <strong>1449<\/strong><br \/>(+16 for winning)\n|raw|ParanoidWizard's rating: 1371 &rarr; <strong>1355<\/strong><br \/>(-16 for losing)\n|c|\u2606JustMonika_CARR|Gg\n","uploadtime":1700836003,"views":3,"p1id":"justmonikacarr","p2id":"paranoidwizard","formatid":"gen9nationaldexubers","rating":1355,"private":0,"password":""}