{"id":"gen9nationaldexubers-1982466490","p1":"bepsi-can","p2":"Gtg g u2","format":"[Gen 9] National Dex Ubers","log":"|j|\u2606bepsi-can\n|j|\u2606Gtg g u2\n|t:|1699017535\n|gametype|singles\n|player|p1|bepsi-can|elesa|1000\n|player|p2|Gtg g u2|red-masters|1084\n|teamsize|p1|6\n|teamsize|p2|6\n|gen|9\n|tier|[Gen 9] National Dex Ubers\n|rated|\n|rule|HP Percentage Mod: HP is shown in percentages\n|rule|Endless Battle Clause: Forcing endless battles is banned\n|rule|OHKO Clause: OHKO moves are banned\n|rule|Evasion Moves Clause: Evasion moves are banned\n|rule|Evasion Items Clause: Evasion items are banned\n|rule|Species Clause: Limit one of each Pok\u00e9mon\n|rule|Sleep Clause Mod: Limit one foe put to sleep\n|rule|Mega Rayquaza Clause: You cannot mega evolve Rayquaza\n|clearpoke\n|poke|p1|Annihilape, F|\n|poke|p1|Pelipper, F|\n|poke|p1|Tentacruel, M|\n|poke|p1|Lanturn, M|\n|poke|p1|Miltank, F|\n|poke|p1|Greninja-*, M|\n|poke|p2|Pikachu, M|\n|poke|p2|Rillaboom, M|\n|poke|p2|Cramorant, M|\n|poke|p2|Grapploct, M|\n|poke|p2|Centiskorch, M|\n|poke|p2|Runerigus, F|\n|teampreview\n|inactive|Battle timer is ON: inactive players will automatically lose when time's up. (requested by bepsi-can)\n|\n|t:|1699017539\n|start\n|switch|p1a: Costco Kyogre|Pelipper, F|100\/100\n|switch|p2a: Rillaboom|Rillaboom, M|100\/100\n|-fieldstart|move: Grassy Terrain|[from] ability: Grassy Surge|[of] p2a: Rillaboom\n|-weather|RainDance|[from] ability: Drizzle|[of] p1a: Costco Kyogre\n|turn|1\n|\n|t:|1699017545\n|switch|p2a: Pikachu|Pikachu, M|100\/100\n|move|p1a: Costco Kyogre|Toxic|p2a: Pikachu\n|-status|p2a: Pikachu|tox\n|\n|-weather|RainDance|[upkeep]\n|-damage|p2a: Pikachu|94\/100 tox|[from] psn\n|upkeep\n|turn|2\n|\n|t:|1699017553\n|switch|p1a: The Orb Shaker|Lanturn, M|100\/100\n|move|p2a: Pikachu|Thunderbolt|p1a: The Orb Shaker\n|-immune|p1a: The Orb Shaker|[from] ability: Volt Absorb\n|\n|-weather|RainDance|[upkeep]\n|-heal|p2a: Pikachu|100\/100 tox|[from] Grassy Terrain\n|-damage|p2a: Pikachu|88\/100 tox|[from] psn\n|upkeep\n|turn|3\n|\n|t:|1699017559\n|switch|p2a: Grapploct|Grapploct, M|100\/100\n|move|p1a: The Orb Shaker|Hydro Pump|p2a: Grapploct\n|-damage|p2a: Grapploct|32\/100\n|\n|-weather|RainDance|[upkeep]\n|-heal|p2a: Grapploct|38\/100|[from] Grassy Terrain\n|-heal|p2a: Grapploct|44\/100|[from] item: Leftovers\n|upkeep\n|turn|4\n|\n|t:|1699017566\n|move|p1a: The Orb Shaker|Thunder Wave|p2a: Grapploct\n|-status|p2a: Grapploct|par\n|cant|p2a: Grapploct|par\n|\n|-weather|RainDance|[upkeep]\n|-heal|p2a: Grapploct|50\/100 par|[from] Grassy Terrain\n|-heal|p2a: Grapploct|56\/100 par|[from] item: Leftovers\n|upkeep\n|turn|5\n|\n|t:|1699017571\n|move|p1a: The Orb Shaker|Hydro Pump|p2a: Grapploct\n|-damage|p2a: Grapploct|0 fnt\n|faint|p2a: Grapploct\n|\n|-weather|RainDance|[upkeep]\n|-fieldend|move: Grassy Terrain\n|upkeep\n|\n|t:|1699017579\n|switch|p2a: Rillaboom|Rillaboom, M|100\/100\n|-fieldstart|move: Grassy Terrain|[from] ability: Grassy Surge|[of] p2a: Rillaboom\n|turn|6\n|\n|t:|1699017588\n|switch|p1a: Mankey Mk II|Annihilape, F|100\/100\n|move|p2a: Rillaboom|Grassy Glide|p1a: Mankey Mk II\n|-damage|p1a: Mankey Mk II|53\/100\n|-damage|p2a: Rillaboom|91\/100|[from] item: Life Orb\n|\n|-weather|RainDance|[upkeep]\n|-heal|p2a: Rillaboom|97\/100|[from] Grassy Terrain\n|-heal|p1a: Mankey Mk II|59\/100|[from] Grassy Terrain\n|-heal|p1a: Mankey Mk II|66\/100|[from] item: Leftovers\n|upkeep\n|turn|7\n|\n|t:|1699017595\n|switch|p2a: Cramorant|Cramorant, M|100\/100\n|move|p1a: Mankey Mk II|Substitute|p1a: Mankey Mk II\n|-start|p1a: Mankey Mk II|Substitute\n|-damage|p1a: Mankey Mk II|41\/100\n|\n|-weather|RainDance|[upkeep]\n|-heal|p1a: Mankey Mk II|47\/100|[from] Grassy Terrain\n|-heal|p1a: Mankey Mk II|53\/100|[from] item: Leftovers\n|upkeep\n|turn|8\n|\n|t:|1699017599\n|move|p2a: Cramorant|Hurricane|p1a: Mankey Mk II\n|-supereffective|p1a: Mankey Mk II\n|-end|p1a: Mankey Mk II|Substitute\n|move|p1a: Mankey Mk II|Bulk Up|p1a: Mankey Mk II\n|-boost|p1a: Mankey Mk II|atk|1\n|-boost|p1a: Mankey Mk II|def|1\n|\n|-weather|none\n|-heal|p1a: Mankey Mk II|59\/100|[from] Grassy Terrain\n|-heal|p1a: Mankey Mk II|65\/100|[from] item: Leftovers\n|upkeep\n|turn|9\n|\n|t:|1699017608\n|move|p2a: Cramorant|Surf|p1a: Mankey Mk II\n|-formechange|p2a: Cramorant|Cramorant-Gulping|\n|-damage|p1a: Mankey Mk II|33\/100\n|move|p1a: Mankey Mk II|Rage Fist|p2a: Cramorant\n|-crit|p2a: Cramorant\n|-damage|p2a: Cramorant|0 fnt\n|-damage|p1a: Mankey Mk II|8\/100|[from] ability: Gulp Missile|[of] p2a: Cramorant\n|-unboost|p1a: Mankey Mk II|def|1\n|-formechange|p2a: Cramorant|Cramorant|\n|faint|p2a: Cramorant\n|\n|-heal|p1a: Mankey Mk II|14\/100|[from] Grassy Terrain\n|-heal|p1a: Mankey Mk II|21\/100|[from] item: Leftovers\n|upkeep\n|\n|t:|1699017612\n|switch|p2a: Rillaboom|Rillaboom, M|97\/100\n|turn|10\n|\n|t:|1699017617\n|move|p2a: Rillaboom|Grassy Glide|p1a: Mankey Mk II\n|-damage|p1a: Mankey Mk II|0 fnt\n|faint|p1a: Mankey Mk II\n|-damage|p2a: Rillaboom|87\/100|[from] item: Life Orb\n|\n|-heal|p2a: Rillaboom|93\/100|[from] Grassy Terrain\n|-fieldend|move: Grassy Terrain\n|upkeep\n|\n|t:|1699017620\n|switch|p1a: Costco Kyogre|Pelipper, F|100\/100\n|-weather|RainDance|[from] ability: Drizzle|[of] p1a: Costco Kyogre\n|turn|11\n|\n|t:|1699017625\n|switch|p2a: Pikachu|Pikachu, M|88\/100 tox\n|move|p1a: Costco Kyogre|Toxic|p2a: Pikachu\n|-fail|p2a: Pikachu|tox\n|\n|-weather|RainDance|[upkeep]\n|-damage|p2a: Pikachu|82\/100 tox|[from] psn\n|upkeep\n|turn|12\n|\n|t:|1699017632\n|switch|p2a: Rillaboom|Rillaboom, M|93\/100\n|-fieldstart|move: Grassy Terrain|[from] ability: Grassy Surge|[of] p2a: Rillaboom\n|switch|p1a: The Orb Shaker|Lanturn, M|100\/100\n|\n|-weather|RainDance|[upkeep]\n|-heal|p2a: Rillaboom|99\/100|[from] Grassy Terrain\n|upkeep\n|turn|13\n|\n|t:|1699017636\n|switch|p1a: Gyatt!!!!|Miltank, F|100\/100\n|move|p2a: Rillaboom|Grassy Glide|p1a: Gyatt!!!!\n|-ability|p1a: Gyatt!!!!|Sap Sipper|boost\n|-boost|p1a: Gyatt!!!!|atk|1\n|\n|-weather|RainDance|[upkeep]\n|-heal|p2a: Rillaboom|100\/100|[from] Grassy Terrain\n|upkeep\n|turn|14\n|\n|t:|1699017644\n|switch|p2a: Runerigus|Runerigus, F, shiny|100\/100\n|move|p1a: Gyatt!!!!|Toxic|p2a: Runerigus\n|-status|p2a: Runerigus|tox\n|\n|-weather|RainDance|[upkeep]\n|-damage|p2a: Runerigus|94\/100 tox|[from] psn\n|upkeep\n|turn|15\n|\n|t:|1699017651\n|move|p1a: Gyatt!!!!|Protect|p1a: Gyatt!!!!\n|-singleturn|p1a: Gyatt!!!!|Protect\n|move|p2a: Runerigus|Will-O-Wisp|p1a: Gyatt!!!!\n|-activate|p1a: Gyatt!!!!|move: Protect\n|\n|-weather|RainDance|[upkeep]\n|-heal|p2a: Runerigus|100\/100 tox|[from] Grassy Terrain\n|-damage|p2a: Runerigus|88\/100 tox|[from] psn\n|upkeep\n|turn|16\n|\n|t:|1699017661\n|move|p1a: Gyatt!!!!|Milk Drink||[still]\n|-fail|p1a: Gyatt!!!!|heal\n|move|p2a: Runerigus|Stone Edge|p1a: Gyatt!!!!\n|-damage|p1a: Gyatt!!!!|82\/100\n|\n|-weather|RainDance|[upkeep]\n|-heal|p1a: Gyatt!!!!|88\/100|[from] Grassy Terrain\n|-heal|p1a: Gyatt!!!!|94\/100|[from] item: Leftovers\n|-heal|p2a: Runerigus|94\/100 tox|[from] Grassy Terrain\n|-heal|p2a: Runerigus|100\/100 tox|[from] item: Leftovers\n|-damage|p2a: Runerigus|82\/100 tox|[from] psn\n|-fieldend|move: Grassy Terrain\n|upkeep\n|turn|17\n|\n|t:|1699017666\n|move|p1a: Gyatt!!!!|Protect|p1a: Gyatt!!!!\n|-singleturn|p1a: Gyatt!!!!|Protect\n|move|p2a: Runerigus|Will-O-Wisp|p1a: Gyatt!!!!\n|-activate|p1a: Gyatt!!!!|move: Protect\n|\n|-weather|RainDance|[upkeep]\n|-heal|p1a: Gyatt!!!!|99\/100|[from] item: Leftovers\n|-heal|p2a: Runerigus|88\/100 tox|[from] item: Leftovers\n|-damage|p2a: Runerigus|63\/100 tox|[from] psn\n|upkeep\n|turn|18\n|\n|t:|1699017679\n|switch|p2a: Centiskorch|Centiskorch, M|100\/100\n|move|p1a: Gyatt!!!!|Protect||[still]\n|-fail|p1a: Gyatt!!!!\n|\n|-weather|none\n|-heal|p1a: Gyatt!!!!|100\/100|[from] item: Leftovers\n|upkeep\n|turn|19\n|\n|t:|1699017682\n|move|p1a: Gyatt!!!!|Toxic|p2a: Centiskorch\n|-status|p2a: Centiskorch|tox\n|move|p2a: Centiskorch|Fire Lash|p1a: Gyatt!!!!\n|-damage|p1a: Gyatt!!!!|75\/100\n|-unboost|p1a: Gyatt!!!!|def|1\n|\n|-heal|p1a: Gyatt!!!!|81\/100|[from] item: Leftovers\n|-damage|p2a: Centiskorch|94\/100 tox|[from] psn\n|upkeep\n|turn|20\n|\n|t:|1699017688\n|move|p1a: Gyatt!!!!|Body Slam|p2a: Centiskorch\n|-damage|p2a: Centiskorch|52\/100 tox\n|move|p2a: Centiskorch|Coil|p2a: Centiskorch\n|-boost|p2a: Centiskorch|atk|1\n|-boost|p2a: Centiskorch|def|1\n|-boost|p2a: Centiskorch|accuracy|1\n|\n|-heal|p1a: Gyatt!!!!|87\/100|[from] item: Leftovers\n|-damage|p2a: Centiskorch|40\/100 tox|[from] psn\n|upkeep\n|turn|21\n|\n|t:|1699017693\n|move|p1a: Gyatt!!!!|Body Slam|p2a: Centiskorch\n|-damage|p2a: Centiskorch|10\/100 tox\n|move|p2a: Centiskorch|Leech Life|p1a: Gyatt!!!!\n|-damage|p1a: Gyatt!!!!|35\/100\n|-heal|p2a: Centiskorch|35\/100 tox|[from] drain|[of] p1a: Gyatt!!!!\n|\n|-heal|p1a: Gyatt!!!!|41\/100|[from] item: Leftovers\n|-damage|p2a: Centiskorch|17\/100 tox|[from] psn\n|upkeep\n|turn|22\n|\n|t:|1699017700\n|move|p1a: Gyatt!!!!|Body Slam|p2a: Centiskorch\n|-damage|p2a: Centiskorch|0 fnt\n|faint|p2a: Centiskorch\n|\n|-heal|p1a: Gyatt!!!!|47\/100|[from] item: Leftovers\n|upkeep\n|\n|t:|1699017702\n|switch|p2a: Rillaboom|Rillaboom, M|100\/100\n|-fieldstart|move: Grassy Terrain|[from] ability: Grassy Surge|[of] p2a: Rillaboom\n|turn|23\n|\n|t:|1699017705\n|move|p2a: Rillaboom|Drain Punch|p1a: Gyatt!!!!\n|-supereffective|p1a: Gyatt!!!!\n|-damage|p1a: Gyatt!!!!|0 fnt\n|faint|p1a: Gyatt!!!!\n|-damage|p2a: Rillaboom|91\/100|[from] item: Life Orb\n|\n|-heal|p2a: Rillaboom|97\/100|[from] Grassy Terrain\n|upkeep\n|\n|t:|1699017712\n|switch|p1a: Costco Kyogre|Pelipper, F|100\/100\n|-weather|RainDance|[from] ability: Drizzle|[of] p1a: Costco Kyogre\n|turn|24\n|\n|t:|1699017718\n|-terastallize|p2a: Rillaboom|Grass\n|move|p2a: Rillaboom|Grassy Glide|p1a: Costco Kyogre\n|-crit|p1a: Costco Kyogre\n|-damage|p1a: Costco Kyogre|21\/100\n|-damage|p2a: Rillaboom|87\/100|[from] item: Life Orb\n|move|p1a: Costco Kyogre|Hydro Pump|p2a: Rillaboom\n|-resisted|p2a: Rillaboom\n|-damage|p2a: Rillaboom|49\/100\n|\n|-weather|RainDance|[upkeep]\n|-heal|p2a: Rillaboom|55\/100|[from] Grassy Terrain\n|upkeep\n|turn|25\n|\n|t:|1699017726\n|move|p2a: Rillaboom|Grassy Glide|p1a: Costco Kyogre\n|-damage|p1a: Costco Kyogre|0 fnt\n|faint|p1a: Costco Kyogre\n|-damage|p2a: Rillaboom|45\/100|[from] item: Life Orb\n|\n|-weather|RainDance|[upkeep]\n|-heal|p2a: Rillaboom|52\/100|[from] Grassy Terrain\n|upkeep\n|\n|t:|1699017732\n|switch|p1a: Edgelord|Greninja, M|100\/100\n|turn|26\n|\n|t:|1699017737\n|move|p1a: Edgelord|Water Shuriken|p2a: Rillaboom\n|-resisted|p2a: Rillaboom\n|-damage|p2a: Rillaboom|42\/100\n|-resisted|p2a: Rillaboom\n|-damage|p2a: Rillaboom|33\/100\n|-hitcount|p2a: Rillaboom|2\n|-damage|p1a: Edgelord|91\/100|[from] item: Life Orb\n|move|p2a: Rillaboom|Grassy Glide|p1a: Edgelord\n|-supereffective|p1a: Edgelord\n|-damage|p1a: Edgelord|0 fnt\n|faint|p1a: Edgelord\n|-damage|p2a: Rillaboom|23\/100|[from] item: Life Orb\n|\n|-weather|RainDance|[upkeep]\n|-heal|p2a: Rillaboom|30\/100|[from] Grassy Terrain\n|upkeep\n|\n|t:|1699017747\n|switch|p1a: Sleeper Pick|Tentacruel, M|100\/100\n|turn|27\n|\n|t:|1699017753\n|switch|p2a: Runerigus|Runerigus, F, shiny|63\/100 tox\n|move|p1a: Sleeper Pick|Rapid Spin|p2a: Runerigus\n|-immune|p2a: Runerigus\n|\n|-weather|RainDance|[upkeep]\n|-heal|p2a: Runerigus|69\/100 tox|[from] Grassy Terrain\n|-heal|p2a: Runerigus|75\/100 tox|[from] item: Leftovers\n|-damage|p2a: Runerigus|69\/100 tox|[from] psn\n|-fieldend|move: Grassy Terrain\n|upkeep\n|turn|28\n|\n|t:|1699017756\n|move|p1a: Sleeper Pick|Whirlpool|p2a: Runerigus\n|-supereffective|p2a: Runerigus\n|-damage|p2a: Runerigus|35\/100 tox\n|-activate|p2a: Runerigus|move: Whirlpool|[of] p1a: Sleeper Pick\n|move|p2a: Runerigus|Earthquake|p1a: Sleeper Pick\n|-supereffective|p1a: Sleeper Pick\n|-damage|p1a: Sleeper Pick|0 fnt\n|faint|p1a: Sleeper Pick\n|\n|-weather|RainDance|[upkeep]\n|-heal|p2a: Runerigus|42\/100 tox|[from] item: Leftovers\n|-damage|p2a: Runerigus|29\/100 tox|[from] psn\n|-end|p2a: Runerigus|Whirlpool|[partiallytrapped]|[silent]\n|upkeep\n|\n|t:|1699017760\n|switch|p1a: The Orb Shaker|Lanturn, M|100\/100\n|turn|29\n|\n|t:|1699017764\n|move|p1a: The Orb Shaker|Hydro Pump|p2a: Runerigus\n|-supereffective|p2a: Runerigus\n|-damage|p2a: Runerigus|0 fnt\n|faint|p2a: Runerigus\n|\n|-weather|RainDance|[upkeep]\n|upkeep\n|\n|t:|1699017766\n|switch|p2a: Pikachu|Pikachu, M|82\/100 tox\n|turn|30\n|\n|t:|1699017780\n|move|p2a: Pikachu|Play Rough|p1a: The Orb Shaker\n|-damage|p1a: The Orb Shaker|54\/100\n|move|p1a: The Orb Shaker|Hydro Pump|p2a: Pikachu\n|-damage|p2a: Pikachu|0 fnt\n|faint|p2a: Pikachu\n|\n|-weather|RainDance|[upkeep]\n|upkeep\n|\n|t:|1699017783\n|switch|p2a: Rillaboom|Rillaboom, M, tera:Grass|30\/100\n|-fieldstart|move: Grassy Terrain|[from] ability: Grassy Surge|[of] p2a: Rillaboom\n|turn|31\n|\n|t:|1699017790\n|move|p2a: Rillaboom|Grassy Glide|p1a: The Orb Shaker\n|-supereffective|p1a: The Orb Shaker\n|-damage|p1a: The Orb Shaker|0 fnt\n|faint|p1a: The Orb Shaker\n|-damage|p2a: Rillaboom|20\/100|[from] item: Life Orb\n|\n|win|Gtg g u2\n|raw|bepsi-can's rating: 1000 &rarr; <strong>1000<\/strong><br \/>(+0 for losing)\n|raw|Gtg g u2's rating: 1084 &rarr; <strong>1105<\/strong><br \/>(+21 for winning)\n","uploadtime":1699017793,"views":8,"p1id":"bepsican","p2id":"gtggu2","formatid":"gen9nationaldexubers","rating":1000,"private":0,"password":""}