{"id":"gen9nationaldexubers-1983949557","p1":"elou2000","p2":"Player_Delta","format":"[Gen 9] National Dex Ubers","log":"|j|\u2606elou2000\n|j|\u2606Player_Delta\n|t:|1699203215\n|gametype|singles\n|player|p1|elou2000|sada-ai|\n|player|p2|Player_Delta|lucas-gen4pt|\n|teamsize|p1|6\n|teamsize|p2|6\n|gen|9\n|tier|[Gen 9] National Dex Ubers\n|rule|HP Percentage Mod: HP is shown in percentages\n|rule|Endless Battle Clause: Forcing endless battles is banned\n|rule|OHKO Clause: OHKO moves are banned\n|rule|Evasion Moves Clause: Evasion moves are banned\n|rule|Evasion Items Clause: Evasion items are banned\n|rule|Species Clause: Limit one of each Pok\u00e9mon\n|rule|Sleep Clause Mod: Limit one foe put to sleep\n|rule|Mega Rayquaza Clause: You cannot mega evolve Rayquaza\n|clearpoke\n|poke|p1|Tapu Koko|\n|poke|p1|Iron Valiant|\n|poke|p1|Hawlucha, M|\n|poke|p1|Iron Moth|\n|poke|p1|Landorus-Therian, M|\n|poke|p1|Scizor, M|\n|poke|p2|Gengar, M|\n|poke|p2|Cinderace, F|\n|poke|p2|Meowscarada, F|\n|poke|p2|Corviknight, M|\n|poke|p2|Dragapult, M|\n|poke|p2|Greninja-*, M|\n|teampreview\n|c|\u2606elou2000|Glhf\n|inactive|Battle timer is ON: inactive players will automatically lose when time's up. (requested by Player_Delta)\n|\n|t:|1699203251\n|start\n|switch|p1a: Tapu Koko|Tapu Koko|100\/100\n|switch|p2a: Guizmo|Meowscarada, F|100\/100\n|-fieldstart|move: Electric Terrain|[from] ability: Electric Surge|[of] p1a: Tapu Koko\n|turn|1\n|\n|t:|1699203257\n|move|p2a: Guizmo|U-turn|p1a: Tapu Koko\n|-start|p2a: Guizmo|typechange|Bug|[from] ability: Protean\n|-resisted|p1a: Tapu Koko\n|-damage|p1a: Tapu Koko|74\/100\n|\n|t:|1699203271\n|switch|p2a: Libero|Cinderace, F|100\/100|[from] U-turn\n|move|p1a: Tapu Koko|U-turn|p2a: Libero\n|-resisted|p2a: Libero\n|-damage|p2a: Libero|89\/100\n|\n|t:|1699203281\n|switch|p1a: Iron Moth|Iron Moth|100\/100|[from] U-turn\n|-activate|p1a: Iron Moth|ability: Quark Drive\n|-start|p1a: Iron Moth|quarkdrivespe\n|\n|upkeep\n|turn|2\n|\n|t:|1699203299\n|move|p2a: Libero|Sucker Punch|p1a: Iron Moth\n|-start|p2a: Libero|typechange|Dark|[from] ability: Libero\n|-damage|p1a: Iron Moth|46\/100\n|move|p1a: Iron Moth|Sludge Wave|p2a: Libero\n|-damage|p2a: Libero|17\/100\n|\n|upkeep\n|turn|3\n|\n|t:|1699203317\n|-end|p1a: Iron Moth|Quark Drive|[silent]\n|switch|p1a: Scizor|Scizor, M|100\/100\n|move|p2a: Libero|Sucker Punch||[still]\n|-fail|p2a: Libero\n|\n|upkeep\n|turn|4\n|\n|t:|1699203323\n|switch|p2a: Corvi|Corviknight, M, shiny|100\/100\n|-ability|p2a: Corvi|Pressure\n|detailschange|p1a: Scizor|Scizor-Mega, M\n|-mega|p1a: Scizor|Scizor|Scizorite\n|move|p1a: Scizor|Bullet Punch|p2a: Corvi\n|-resisted|p2a: Corvi\n|-damage|p2a: Corvi|84\/100\n|\n|-heal|p2a: Corvi|91\/100|[from] item: Leftovers\n|upkeep\n|turn|5\n|\n|t:|1699203349\n|switch|p1a: Tapu Koko|Tapu Koko|74\/100\n|move|p2a: Corvi|Bulk Up|p2a: Corvi\n|-boost|p2a: Corvi|atk|1\n|-boost|p2a: Corvi|def|1\n|\n|-heal|p2a: Corvi|97\/100|[from] item: Leftovers\n|upkeep\n|turn|6\n|\n|t:|1699203362\n|switch|p2a: Specter|Gengar, M|100\/100\n|move|p1a: Tapu Koko|Thunderbolt|p2a: Specter\n|-damage|p2a: Specter|25\/100\n|\n|upkeep\n|turn|7\n|inactive|Player_Delta has 270 seconds left.\n|\n|t:|1699203391\n|switch|p2a: Libero|Cinderace, F|17\/100\n|move|p1a: Tapu Koko|Thunderbolt|p2a: Libero\n|-damage|p2a: Libero|0 fnt\n|faint|p2a: Libero\n|\n|upkeep\n|\n|t:|1699203402\n|switch|p2a: Guizmo|Meowscarada, F|100\/100\n|turn|8\n|\n|t:|1699203406\n|switch|p1a: Scizor|Scizor-Mega, M|100\/100\n|move|p2a: Guizmo|Flower Trick|p1a: Scizor\n|-start|p2a: Guizmo|typechange|Grass|[from] ability: Protean\n|-resisted|p1a: Scizor\n|-crit|p1a: Scizor\n|-damage|p1a: Scizor|89\/100\n|\n|-fieldend|move: Electric Terrain\n|upkeep\n|turn|9\n|inactive|Player_Delta has 270 seconds left.\n|\n|t:|1699203415\n|switch|p2a: Corvi|Corviknight, M, shiny|97\/100\n|-ability|p2a: Corvi|Pressure\n|move|p1a: Scizor|Close Combat|p2a: Corvi\n|-damage|p2a: Corvi|58\/100\n|-unboost|p1a: Scizor|def|1\n|-unboost|p1a: Scizor|spd|1\n|\n|-heal|p2a: Corvi|64\/100|[from] item: Leftovers\n|upkeep\n|turn|10\n|\n|t:|1699203425\n|switch|p1a: Tapu Koko|Tapu Koko|74\/100\n|-fieldstart|move: Electric Terrain|[from] ability: Electric Surge|[of] p1a: Tapu Koko\n|move|p2a: Corvi|Roost|p2a: Corvi\n|-heal|p2a: Corvi|100\/100\n|-singleturn|p2a: Corvi|move: Roost\n|\n|upkeep\n|turn|11\n|inactive|Player_Delta has 270 seconds left.\n|\n|t:|1699203446\n|-terastallize|p2a: Corvi|Dragon\n|move|p1a: Tapu Koko|Thunderbolt|p2a: Corvi\n|-resisted|p2a: Corvi\n|-damage|p2a: Corvi|84\/100\n|move|p2a: Corvi|Bulk Up|p2a: Corvi\n|-boost|p2a: Corvi|atk|1\n|-boost|p2a: Corvi|def|1\n|\n|-heal|p2a: Corvi|90\/100|[from] item: Leftovers\n|upkeep\n|turn|12\n|inactive|Player_Delta has 270 seconds left.\n|\n|t:|1699203460\n|move|p1a: Tapu Koko|U-turn|p2a: Corvi\n|-damage|p2a: Corvi|81\/100\n|\n|t:|1699203463\n|switch|p1a: Iron Valiant|Iron Valiant|100\/100|[from] U-turn\n|-activate|p1a: Iron Valiant|ability: Quark Drive\n|-start|p1a: Iron Valiant|quarkdrivespe\n|move|p2a: Corvi|Brave Bird|p1a: Iron Valiant\n|-supereffective|p1a: Iron Valiant\n|-damage|p1a: Iron Valiant|0 fnt\n|faint|p1a: Iron Valiant\n|-end|p1a: Iron Valiant|Quark Drive|[silent]\n|-damage|p2a: Corvi|57\/100|[from] Recoil\n|\n|-heal|p2a: Corvi|64\/100|[from] item: Leftovers\n|upkeep\n|\n|t:|1699203467\n|switch|p1a: Iron Moth|Iron Moth|46\/100\n|-activate|p1a: Iron Moth|ability: Quark Drive\n|-start|p1a: Iron Moth|quarkdrivespe\n|turn|13\n|c|\u2606Player_Delta|HA YES\n|\n|t:|1699203480\n|move|p1a: Iron Moth|Sludge Wave|p2a: Corvi\n|-damage|p2a: Corvi|29\/100\n|move|p2a: Corvi|Brave Bird|p1a: Iron Moth\n|-damage|p1a: Iron Moth|0 fnt\n|faint|p1a: Iron Moth\n|-end|p1a: Iron Moth|Quark Drive|[silent]\n|-damage|p2a: Corvi|17\/100|[from] Recoil\n|\n|-heal|p2a: Corvi|23\/100|[from] item: Leftovers\n|upkeep\n|\n|t:|1699203486\n|switch|p1a: Tapu Koko|Tapu Koko|74\/100\n|turn|14\n|\n|t:|1699203494\n|move|p1a: Tapu Koko|Dazzling Gleam|p2a: Corvi\n|-supereffective|p2a: Corvi\n|-damage|p2a: Corvi|0 fnt\n|faint|p2a: Corvi\n|\n|upkeep\n|c|\u2606elou2000|Je suis d\u00e9bile\n|c|\u2606Player_Delta|X)\n|\n|t:|1699203508\n|switch|p2a: Guizmo|Meowscarada, F|100\/100\n|turn|15\n|c|\u2606elou2000|Ca m'apprendra a prendre une tema au pif en jouant sur tel mdrr\n|c|\u2606Player_Delta|duh\n|\n|t:|1699203522\n|switch|p1a: Scizor|Scizor-Mega, M|89\/100\n|move|p2a: Guizmo|Thunder Punch|p1a: Scizor\n|-start|p2a: Guizmo|typechange|Electric|[from] ability: Protean\n|-damage|p1a: Scizor|44\/100\n|\n|upkeep\n|turn|16\n|\n|t:|1699203530\n|switch|p1a: Landorus|Landorus-Therian, M|100\/100\n|-ability|p1a: Landorus|Intimidate|boost\n|-unboost|p2a: Guizmo|atk|1\n|move|p2a: Guizmo|Thunder Punch|p1a: Landorus\n|-immune|p1a: Landorus\n|\n|upkeep\n|turn|17\n|\n|t:|1699203539\n|switch|p2a: Byana|Greninja, M|100\/100\n|move|p1a: Landorus|U-turn|p2a: Byana\n|-supereffective|p2a: Byana\n|-damage|p2a: Byana|29\/100\n|c|\u2606Player_Delta|oof\n|c|\u2606Player_Delta|emotional damage\n|\n|t:|1699203555\n|switch|p1a: Hawlucha|Hawlucha, M|100\/100|[from] U-turn\n|-enditem|p1a: Hawlucha|Electric Seed\n|-boost|p1a: Hawlucha|def|1|[from] item: Electric Seed\n|\n|-fieldend|move: Electric Terrain\n|upkeep\n|turn|18\n|\n|t:|1699203564\n|move|p1a: Hawlucha|Acrobatics|p2a: Byana\n|-damage|p2a: Byana|0 fnt\n|faint|p2a: Byana\n|\n|upkeep\n|c|\u2606Player_Delta|\u00b0<\u00b0\n|c|\u2606Player_Delta|nyeh\n|c|\u2606Player_Delta|comment ?\n|\n|t:|1699203587\n|switch|p2a: Guizmo|Meowscarada, F|100\/100\n|turn|19\n|\n|t:|1699203592\n|move|p1a: Hawlucha|Acrobatics|p2a: Guizmo\n|-supereffective|p2a: Guizmo\n|-damage|p2a: Guizmo|0 fnt\n|faint|p2a: Guizmo\n|\n|upkeep\n|c|\u2606Player_Delta|MAIS WUT\n|c|\u2606elou2000|Ahhahahaha\n|c|\u2606elou2000|Son talent\n|inactive|Player_Delta has 270 seconds left.\n|c|\u2606elou2000|!dt unburden\n|raw|<ul class=\"utilichart\"><li class=\"result\"><span class=\"col namecol\"><a href=\"https:\/\/dex.pokemonshowdown.com\/abilities\/unburden\">Unburden<\/a><\/span> <span class=\"col abilitydesccol\">Speed is doubled on held item loss; boost is lost if it switches, gets new item\/Ability.<\/span> <\/li><li style=\"clear:both\"><\/li><\/ul>\n|raw|<font size=\"1\"><font color=\"#686868\">Gen:<\/font> 4<\/font>\n\n|c|\u2606Player_Delta|BRUH\n|\n|t:|1699203629\n|switch|p2a: Dusty|Dragapult, M, shiny|100\/100\n|turn|20\n|\n|t:|1699203640\n|move|p1a: Hawlucha|Acrobatics|p2a: Dusty\n|-damage|p2a: Dusty|27\/100\n|move|p2a: Dusty|Dragon Darts|p1a: Hawlucha\n|-damage|p1a: Hawlucha|78\/100\n|-anim|p2a: Dusty|Dragon Darts|p1a: Hawlucha\n|-damage|p1a: Hawlucha|53\/100\n|\n|upkeep\n|turn|21\n|\n|t:|1699203647\n|move|p2a: Dusty|Sucker Punch|p1a: Hawlucha\n|-resisted|p1a: Hawlucha\n|-damage|p1a: Hawlucha|43\/100\n|move|p1a: Hawlucha|Acrobatics|p2a: Dusty\n|-damage|p2a: Dusty|0 fnt\n|faint|p2a: Dusty\n|\n|upkeep\n|c|\u2606elou2000|Gg\n|c|\u2606Player_Delta|j'y crois pas\n|c|\u2606Player_Delta|gg\n|\n|t:|1699203656\n|switch|p2a: Specter|Gengar, M|25\/100\n|turn|22\n|inactive|Player_Delta has 270 seconds left.\n|\n|t:|1699203663\n|move|p1a: Hawlucha|Acrobatics|p2a: Specter\n|-damage|p2a: Specter|0 fnt\n|faint|p2a: Specter\n|\n|win|elou2000\n|c|\u2606elou2000|J'ai tu\u00e9 2 pok\u00e9mon pour rien mdrr\n|c|\u2606Player_Delta|TnT\n|c|\u2606Player_Delta|i regret everything\n|l|\u2606Player_Delta\n","uploadtime":1699203709,"views":7,"p1id":"elou2000","p2id":"playerdelta","formatid":"gen9nationaldexubers","rating":0,"private":0,"password":""}