{"id":"gen9nationaldexubers-1987621782","p1":"Blake-Mamba","p2":"Lalicorne12","format":"[Gen 9] National Dex Ubers","log":"|j|\u2606Blake-Mamba\n|j|\u2606Lalicorne12\n|t:|1699620700\n|gametype|singles\n|player|p1|Blake-Mamba|juan|1300\n|player|p2|Lalicorne12|lucian|1288\n|teamsize|p1|6\n|teamsize|p2|6\n|gen|9\n|tier|[Gen 9] National Dex Ubers\n|rated|\n|rule|HP Percentage Mod: HP is shown in percentages\n|rule|Endless Battle Clause: Forcing endless battles is banned\n|rule|OHKO Clause: OHKO moves are banned\n|rule|Evasion Moves Clause: Evasion moves are banned\n|rule|Evasion Items Clause: Evasion items are banned\n|rule|Species Clause: Limit one of each Pok\u00e9mon\n|rule|Sleep Clause Mod: Limit one foe put to sleep\n|rule|Mega Rayquaza Clause: You cannot mega evolve Rayquaza\n|clearpoke\n|poke|p1|Regieleki|\n|poke|p1|Regidrago|\n|poke|p1|Regigigas|\n|poke|p1|Regirock|\n|poke|p1|Regice|\n|poke|p1|Registeel|\n|poke|p2|Kyurem-Black|\n|poke|p2|Zygarde|\n|poke|p2|Salamence, M|\n|poke|p2|Groudon|\n|poke|p2|Zacian-*|\n|poke|p2|Melmetal|\n|teampreview\n|inactive|Battle timer is ON: inactive players will automatically lose when time's up. (requested by Lalicorne12)\n|\n|t:|1699620709\n|start\n|switch|p1a: Regidrago|Regidrago|100\/100\n|switch|p2a: Melmetal|Melmetal|100\/100\n|turn|1\n|\n|t:|1699620717\n|switch|p1a: Registeel|Registeel|100\/100\n|move|p2a: Melmetal|Double Iron Bash|p1a: Registeel\n|-resisted|p1a: Registeel\n|-damage|p1a: Registeel|87\/100\n|-resisted|p1a: Registeel\n|-damage|p1a: Registeel|73\/100\n|-hitcount|p1a: Registeel|2\n|\n|upkeep\n|turn|2\n|\n|t:|1699620725\n|move|p1a: Registeel|Stealth Rock|p2a: Melmetal\n|-sidestart|p2: Lalicorne12|move: Stealth Rock\n|-zpower|p2a: Melmetal\n|move|p2a: Melmetal|Tectonic Rage|p1a: Registeel|[zeffect]\n|-supereffective|p1a: Registeel\n|-damage|p1a: Registeel|0 fnt\n|faint|p1a: Registeel\n|\n|upkeep\n|\n|t:|1699620738\n|switch|p1a: Regirock|Regirock|100\/100\n|turn|3\n|\n|t:|1699620743\n|-terastallize|p1a: Regirock|Fighting\n|move|p1a: Regirock|Iron Defense|p1a: Regirock\n|-boost|p1a: Regirock|def|2\n|move|p2a: Melmetal|Double Iron Bash|p1a: Regirock\n|-damage|p1a: Regirock|92\/100\n|-damage|p2a: Melmetal|84\/100|[from] item: Rocky Helmet|[of] p1a: Regirock\n|-damage|p1a: Regirock|82\/100\n|-damage|p2a: Melmetal|67\/100|[from] item: Rocky Helmet|[of] p1a: Regirock\n|-hitcount|p1a: Regirock|2\n|\n|upkeep\n|turn|4\n|\n|t:|1699620767\n|switch|p2a: Salamence|Salamence, M|100\/100\n|-damage|p2a: Salamence|76\/100|[from] Stealth Rock\n|-ability|p2a: Salamence|Intimidate|boost\n|-fail|p1a: Regirock|unboost|[from] ability: Clear Body|[of] p1a: Regirock\n|move|p1a: Regirock|Iron Defense|p1a: Regirock\n|-boost|p1a: Regirock|def|2\n|\n|upkeep\n|turn|5\n|\n|t:|1699620776\n|detailschange|p2a: Salamence|Salamence-Mega, M\n|-mega|p2a: Salamence|Salamence|Salamencite\n|move|p2a: Salamence|Return|p1a: Regirock\n|-supereffective|p1a: Regirock\n|-damage|p1a: Regirock|62\/100\n|-damage|p2a: Salamence|59\/100|[from] item: Rocky Helmet|[of] p1a: Regirock\n|move|p1a: Regirock|Body Press|p2a: Salamence\n|-resisted|p2a: Salamence\n|-damage|p2a: Salamence|0 fnt\n|faint|p2a: Salamence\n|\n|upkeep\n|\n|t:|1699620789\n|switch|p2a: Zygarde|Zygarde|100\/100\n|-damage|p2a: Zygarde|94\/100|[from] Stealth Rock\n|turn|6\n|\n|t:|1699620794\n|move|p2a: Zygarde|Coil|p2a: Zygarde\n|-boost|p2a: Zygarde|atk|1\n|-boost|p2a: Zygarde|def|1\n|-boost|p2a: Zygarde|accuracy|1\n|move|p1a: Regirock|Iron Defense|p1a: Regirock\n|-boost|p1a: Regirock|def|2\n|\n|upkeep\n|turn|7\n|\n|t:|1699620800\n|move|p2a: Zygarde|Coil|p2a: Zygarde\n|-boost|p2a: Zygarde|atk|1\n|-boost|p2a: Zygarde|def|1\n|-boost|p2a: Zygarde|accuracy|1\n|move|p1a: Regirock|Toxic|p2a: Zygarde\n|-status|p2a: Zygarde|tox\n|\n|-damage|p2a: Zygarde|88\/100 tox|[from] psn\n|upkeep\n|turn|8\n|\n|t:|1699620810\n|move|p2a: Zygarde|Glare|p1a: Regirock\n|-status|p1a: Regirock|par\n|cant|p1a: Regirock|par\n|\n|-damage|p2a: Zygarde|76\/100 tox|[from] psn\n|upkeep\n|turn|9\n|\n|t:|1699620818\n|move|p2a: Zygarde|Thousand Arrows|p1a: Regirock\n|-damage|p1a: Regirock|53\/100 par\n|move|p1a: Regirock|Body Press|p2a: Zygarde\n|-damage|p2a: Zygarde|0 fnt\n|faint|p2a: Zygarde\n|\n|upkeep\n|\n|t:|1699620829\n|switch|p2a: Groudon|Groudon|100\/100\n|-damage|p2a: Groudon|94\/100|[from] Stealth Rock\n|detailschange|p2a: Groudon|Groudon-Primal\n|-primal|p2a: Groudon|Red Orb\n|-weather|DesolateLand|[from] ability: Desolate Land|[of] p2a: Groudon\n|turn|10\n|\n|t:|1699620836\n|move|p2a: Groudon|Earthquake|p1a: Regirock\n|-damage|p1a: Regirock|45\/100 par\n|cant|p1a: Regirock|par\n|\n|-weather|DesolateLand|[upkeep]\n|upkeep\n|turn|11\n|\n|t:|1699620854\n|move|p2a: Groudon|Earthquake|p1a: Regirock\n|-damage|p1a: Regirock|38\/100 par\n|move|p1a: Regirock|Rest|p1a: Regirock\n|-status|p1a: Regirock|slp|[from] move: Rest\n|-heal|p1a: Regirock|100\/100 slp|[silent]\n|\n|-weather|DesolateLand|[upkeep]\n|upkeep\n|turn|12\n|inactive|Lalicorne12 has 120 seconds left.\n|-message|Lalicorne12 forfeited.\n|\n|win|Blake-Mamba\n|raw|Blake-Mamba's rating: 1300 &rarr; <strong>1324<\/strong><br \/>(+24 for winning)\n|raw|Lalicorne12's rating: 1288 &rarr; <strong>1264<\/strong><br \/>(-24 for losing)\n|l|\u2606Lalicorne12\n","uploadtime":1699620888,"views":15,"p1id":"blakemamba","p2id":"lalicorne12","formatid":"gen9nationaldexubers","rating":1264,"private":0,"password":""}