{"id":"gen9nationaldexubers-1979566537","p1":"I like bug alots","p2":"DeepStrider2","format":"[Gen 9] National Dex Ubers","log":"|j|\u2606I like bug alots\n|j|\u2606DeepStrider2\n|t:|1698692848\n|gametype|singles\n|player|p1|I like bug alots|bugcatcher-gen4dp|\n|player|p2|DeepStrider2|grimsley|\n|teamsize|p1|6\n|teamsize|p2|6\n|gen|9\n|tier|[Gen 9] National Dex Ubers\n|rule|HP Percentage Mod: HP is shown in percentages\n|rule|Endless Battle Clause: Forcing endless battles is banned\n|rule|OHKO Clause: OHKO moves are banned\n|rule|Evasion Moves Clause: Evasion moves are banned\n|rule|Evasion Items Clause: Evasion items are banned\n|rule|Species Clause: Limit one of each Pok\u00e9mon\n|rule|Sleep Clause Mod: Limit one foe put to sleep\n|rule|Mega Rayquaza Clause: You cannot mega evolve Rayquaza\n|clearpoke\n|poke|p1|Yveltal|\n|poke|p1|Flutter Mane|\n|poke|p1|Fezandipiti, M|\n|poke|p1|Skeledirge, M|\n|poke|p1|Sneasler, M|\n|poke|p1|Samurott-Hisui, F|\n|poke|p2|Dragapult, F|\n|poke|p2|Toxapex, M|\n|poke|p2|Chandelure, F|\n|poke|p2|Shiftry, M|\n|poke|p2|Glimmora, F|\n|poke|p2|Greninja-*, M|\n|teampreview\n|\n|t:|1698692865\n|start\n|switch|p1a: Samurott|Samurott-Hisui, F|100\/100\n|switch|p2a: Glimmora|Glimmora, F|100\/100\n|-item|p2a: Glimmora|Air Balloon\n|turn|1\n|\n|t:|1698692874\n|move|p1a: Samurott|Ceaseless Edge|p2a: Glimmora\n|-damage|p2a: Glimmora|54\/100\n|-activate|p2a: Glimmora|ability: Toxic Debris\n|-sidestart|p1: I like bug alots|move: Toxic Spikes\n|-enditem|p2a: Glimmora|Air Balloon\n|-sidestart|p2: DeepStrider2|Spikes\n|move|p2a: Glimmora|Stealth Rock|p1a: Samurott\n|-sidestart|p1: I like bug alots|move: Stealth Rock\n|\n|upkeep\n|turn|2\n|\n|t:|1698692882\n|move|p1a: Samurott|Ceaseless Edge|p2a: Glimmora|[miss]\n|-miss|p1a: Samurott|p2a: Glimmora\n|move|p2a: Glimmora|Mortal Spin|p1a: Samurott\n|-damage|p1a: Samurott|92\/100\n|-status|p1a: Samurott|psn\n|-sideend|p2: DeepStrider2|Spikes|[from] move: Mortal Spin|[of] p2a: Glimmora\n|\n|-damage|p1a: Samurott|79\/100 psn|[from] psn\n|upkeep\n|turn|3\n|\n|t:|1698692893\n|move|p1a: Samurott|Ceaseless Edge|p2a: Glimmora\n|-damage|p2a: Glimmora|6\/100\n|-activate|p2a: Glimmora|ability: Toxic Debris\n|-sidestart|p1: I like bug alots|move: Toxic Spikes\n|-sidestart|p2: DeepStrider2|Spikes\n|move|p2a: Glimmora|Spikes|p1a: Samurott\n|-sidestart|p1: I like bug alots|Spikes\n|\n|-damage|p1a: Samurott|67\/100 psn|[from] psn\n|upkeep\n|turn|4\n|\n|t:|1698692901\n|move|p1a: Samurott|Ceaseless Edge|p2a: Glimmora\n|-damage|p2a: Glimmora|0 fnt\n|-sidestart|p2: DeepStrider2|Spikes\n|faint|p2a: Glimmora\n|\n|-damage|p1a: Samurott|54\/100 psn|[from] psn\n|upkeep\n|\n|t:|1698692908\n|switch|p2a: Chandelure|Chandelure, F|100\/100\n|-damage|p2a: Chandelure|84\/100|[from] Spikes\n|turn|5\n|\n|t:|1698692914\n|move|p1a: Samurott|Aqua Jet|p2a: Chandelure\n|-supereffective|p2a: Chandelure\n|-damage|p2a: Chandelure|29\/100\n|move|p2a: Chandelure|Energy Ball|p1a: Samurott\n|-supereffective|p1a: Samurott\n|-damage|p1a: Samurott|0 fnt\n|faint|p1a: Samurott\n|-damage|p2a: Chandelure|19\/100|[from] item: Life Orb\n|\n|upkeep\n|\n|t:|1698692919\n|switch|p1a: Sneasler|Sneasler, M|100\/100\n|-sideend|p1: I like bug alots|move: Toxic Spikes|[of] p1a: Sneasler\n|turn|6\n|\n|t:|1698692933\n|move|p1a: Sneasler|Dire Claw|p2a: Chandelure\n|-resisted|p2a: Chandelure\n|-damage|p2a: Chandelure|0 fnt\n|faint|p2a: Chandelure\n|\n|upkeep\n|\n|t:|1698692947\n|switch|p2a: Greninja|Greninja, M|100\/100\n|-damage|p2a: Greninja|84\/100|[from] Spikes\n|turn|7\n|\n|t:|1698692958\n|switch|p1a: Fezandipiti|Fezandipiti, M|100\/100\n|-damage|p1a: Fezandipiti|88\/100|[from] Stealth Rock\n|-damage|p1a: Fezandipiti|76\/100|[from] Spikes\n|move|p2a: Greninja|Ice Punch|p1a: Fezandipiti\n|-start|p2a: Greninja|typechange|Ice|[from] ability: Protean\n|-damage|p1a: Fezandipiti|43\/100\n|-damage|p2a: Greninja|74\/100|[from] item: Life Orb\n|\n|-heal|p1a: Fezandipiti|49\/100|[from] item: Black Sludge\n|upkeep\n|turn|8\n|\n|t:|1698692972\n|move|p2a: Greninja|Liquidation|p1a: Fezandipiti\n|-damage|p1a: Fezandipiti|26\/100\n|-damage|p2a: Greninja|64\/100|[from] item: Life Orb\n|move|p1a: Fezandipiti|Icy Wind|p2a: Greninja\n|-resisted|p2a: Greninja\n|-damage|p2a: Greninja|57\/100\n|-unboost|p2a: Greninja|spe|1\n|\n|-heal|p1a: Fezandipiti|32\/100|[from] item: Black Sludge\n|upkeep\n|turn|9\n|\n|t:|1698692982\n|move|p2a: Greninja|Liquidation|p1a: Fezandipiti\n|-damage|p1a: Fezandipiti|7\/100\n|-damage|p2a: Greninja|47\/100|[from] item: Life Orb\n|move|p1a: Fezandipiti|Roost|p1a: Fezandipiti\n|-heal|p1a: Fezandipiti|57\/100\n|-singleturn|p1a: Fezandipiti|move: Roost\n|\n|-heal|p1a: Fezandipiti|63\/100|[from] item: Black Sludge\n|upkeep\n|turn|10\n|\n|t:|1698692993\n|move|p2a: Greninja|U-turn|p1a: Fezandipiti\n|-resisted|p1a: Fezandipiti\n|-crit|p1a: Fezandipiti\n|-damage|p1a: Fezandipiti|56\/100\n|-damage|p2a: Greninja|37\/100|[from] item: Life Orb\n|\n|t:|1698692997\n|switch|p2a: Dragapult|Dragapult, F|100\/100|[from] U-turn\n|-damage|p2a: Dragapult|84\/100|[from] Spikes\n|move|p1a: Fezandipiti|Moonblast|p2a: Dragapult\n|-supereffective|p2a: Dragapult\n|-damage|p2a: Dragapult|22\/100\n|\n|-heal|p1a: Fezandipiti|62\/100|[from] item: Black Sludge\n|upkeep\n|turn|11\n|\n|t:|1698693008\n|move|p2a: Dragapult|Sucker Punch|p1a: Fezandipiti\n|-resisted|p1a: Fezandipiti\n|-damage|p1a: Fezandipiti|48\/100\n|-damage|p2a: Dragapult|12\/100|[from] item: Life Orb\n|move|p1a: Fezandipiti|Icy Wind|p2a: Dragapult\n|-supereffective|p2a: Dragapult\n|-damage|p2a: Dragapult|0 fnt\n|faint|p2a: Dragapult\n|\n|-heal|p1a: Fezandipiti|54\/100|[from] item: Black Sludge\n|upkeep\n|\n|t:|1698693018\n|switch|p2a: Shiftry|Shiftry, M|100\/100\n|-damage|p2a: Shiftry|84\/100|[from] Spikes\n|turn|12\n|\n|t:|1698693023\n|move|p2a: Shiftry|Tailwind|p2a: Shiftry\n|-sidestart|p2: DeepStrider2|move: Tailwind\n|-ability|p2a: Shiftry|Wind Rider|boost\n|-boost|p2a: Shiftry|atk|1\n|move|p1a: Fezandipiti|Moonblast|p2a: Shiftry\n|-supereffective|p2a: Shiftry\n|-damage|p2a: Shiftry|19\/100\n|\n|-heal|p2a: Shiftry|25\/100|[from] item: Leftovers\n|-heal|p1a: Fezandipiti|60\/100|[from] item: Black Sludge\n|upkeep\n|turn|13\n|\n|t:|1698693035\n|move|p2a: Shiftry|Foul Play|p1a: Fezandipiti\n|-resisted|p1a: Fezandipiti\n|-damage|p1a: Fezandipiti|48\/100\n|move|p1a: Fezandipiti|U-turn|p2a: Shiftry\n|-supereffective|p2a: Shiftry\n|-damage|p2a: Shiftry|0 fnt\n|faint|p2a: Shiftry\n|\n|t:|1698693052\n|switch|p1a: Flutter Mane|Flutter Mane|100\/100|[from] U-turn\n|-damage|p1a: Flutter Mane|88\/100|[from] Stealth Rock\n|-damage|p1a: Flutter Mane|76\/100|[from] Spikes\n|\n|upkeep\n|\n|t:|1698693066\n|switch|p2a: Toxapex|Toxapex, M|100\/100\n|-damage|p2a: Toxapex|84\/100|[from] Spikes\n|turn|14\n|\n|t:|1698693072\n|move|p2a: Toxapex|Baneful Bunker|p2a: Toxapex\n|-singleturn|p2a: Toxapex|move: Protect\n|move|p1a: Flutter Mane|Psyshock|p2a: Toxapex\n|-activate|p2a: Toxapex|move: Protect\n|\n|upkeep\n|turn|15\n|\n|t:|1698693080\n|-end|p1a: Flutter Mane|Protosynthesis|[silent]\n|switch|p1a: Fezandipiti|Fezandipiti, M|48\/100\n|-damage|p1a: Fezandipiti|35\/100|[from] Stealth Rock\n|-damage|p1a: Fezandipiti|23\/100|[from] Spikes\n|move|p2a: Toxapex|Liquidation|p1a: Fezandipiti\n|-damage|p1a: Fezandipiti|8\/100\n|-unboost|p1a: Fezandipiti|def|1\n|\n|-heal|p1a: Fezandipiti|14\/100|[from] item: Black Sludge\n|-sideend|p2: DeepStrider2|move: Tailwind\n|upkeep\n|turn|16\n|\n|t:|1698693090\n|move|p1a: Fezandipiti|Roost|p1a: Fezandipiti\n|-heal|p1a: Fezandipiti|64\/100\n|-singleturn|p1a: Fezandipiti|move: Roost\n|move|p2a: Toxapex|Liquidation|p1a: Fezandipiti\n|-damage|p1a: Fezandipiti|42\/100\n|\n|-heal|p1a: Fezandipiti|48\/100|[from] item: Black Sludge\n|upkeep\n|turn|17\n|\n|t:|1698693096\n|move|p1a: Fezandipiti|Roost|p1a: Fezandipiti\n|-heal|p1a: Fezandipiti|98\/100\n|-singleturn|p1a: Fezandipiti|move: Roost\n|move|p2a: Toxapex|Liquidation|p1a: Fezandipiti\n|-damage|p1a: Fezandipiti|76\/100\n|-unboost|p1a: Fezandipiti|def|1\n|\n|-heal|p1a: Fezandipiti|82\/100|[from] item: Black Sludge\n|upkeep\n|turn|18\n|\n|t:|1698693104\n|move|p1a: Fezandipiti|U-turn|p2a: Toxapex\n|-resisted|p2a: Toxapex\n|-damage|p2a: Toxapex|80\/100\n|-enditem|p2a: Toxapex|Red Card|[of] p1a: Fezandipiti\n|drag|p1a: Yveltal|Yveltal|100\/100\n|-damage|p1a: Yveltal|76\/100|[from] Stealth Rock\n|-ability|p1a: Yveltal|Dark Aura\n|move|p2a: Toxapex|Liquidation|p1a: Yveltal\n|-damage|p1a: Yveltal|60\/100\n|-unboost|p1a: Yveltal|def|1\n|\n|-heal|p1a: Yveltal|67\/100|[from] item: Leftovers\n|upkeep\n|turn|19\n|\n|t:|1698693116\n|move|p1a: Yveltal|Dark Pulse|p2a: Toxapex\n|-damage|p2a: Toxapex|33\/100\n|move|p2a: Toxapex|Liquidation|p1a: Yveltal\n|-damage|p1a: Yveltal|43\/100\n|-unboost|p1a: Yveltal|def|1\n|\n|-heal|p1a: Yveltal|49\/100|[from] item: Leftovers\n|upkeep\n|turn|20\n|\n|t:|1698693124\n|move|p1a: Yveltal|Oblivion Wing|p2a: Toxapex\n|-damage|p2a: Toxapex|0 fnt\n|-heal|p1a: Yveltal|67\/100|[from] drain|[of] p2a: Toxapex\n|faint|p2a: Toxapex\n|\n|-heal|p1a: Yveltal|73\/100|[from] item: Leftovers\n|upkeep\n|\n|t:|1698693131\n|switch|p2a: Greninja|Greninja, M|37\/100\n|-damage|p2a: Greninja|21\/100|[from] Spikes\n|turn|21\n|\n|t:|1698693138\n|move|p2a: Greninja|Ice Punch|p1a: Yveltal\n|-start|p2a: Greninja|typechange|Ice|[from] ability: Protean\n|-supereffective|p1a: Yveltal\n|-damage|p1a: Yveltal|0 fnt\n|faint|p1a: Yveltal\n|-damage|p2a: Greninja|11\/100|[from] item: Life Orb\n|\n|upkeep\n|\n|t:|1698693144\n|switch|p1a: Sneasler|Sneasler, M|100\/100\n|turn|22\n|\n|t:|1698693147\n|move|p1a: Sneasler|Fake Out|p2a: Greninja\n|-damage|p2a: Greninja|0 fnt\n|faint|p2a: Greninja\n|\n|win|I like bug alots\n|l|\u2606DeepStrider2\n|c|\u2606I like bug alots|gg\n","uploadtime":1698693156,"views":10,"p1id":"ilikebugalots","p2id":"deepstrider2","formatid":"gen9nationaldexubers","rating":0,"private":0,"password":""}