{"id":"gen9nationaldexubers-1998033213","p1":"I'm namelesssss","p2":"aquiles meo","format":"[Gen 9] National Dex Ubers","log":"|j|\u2606I'm namelesssss\n|j|\u2606aquiles meo\n|t:|1700881524\n|gametype|singles\n|player|p1|I'm namelesssss|cynthia|1073\n|player|p2|aquiles meo|ethan|1076\n|teamsize|p1|6\n|teamsize|p2|6\n|gen|9\n|tier|[Gen 9] National Dex Ubers\n|rated|\n|rule|HP Percentage Mod: HP is shown in percentages\n|rule|Endless Battle Clause: Forcing endless battles is banned\n|rule|OHKO Clause: OHKO moves are banned\n|rule|Evasion Moves Clause: Evasion moves are banned\n|rule|Evasion Items Clause: Evasion items are banned\n|rule|Species Clause: Limit one of each Pok\u00e9mon\n|rule|Sleep Clause Mod: Limit one foe put to sleep\n|rule|Mega Rayquaza Clause: You cannot mega evolve Rayquaza\n|clearpoke\n|poke|p1|Spiritomb, F|\n|poke|p1|Roserade, F|\n|poke|p1|Gastrodon, F|\n|poke|p1|Togekiss, M|\n|poke|p1|Lucario, M|\n|poke|p1|Garchomp, F|\n|poke|p2|Luxray, M|\n|poke|p2|Pidgeot, M|\n|poke|p2|Lucario, M|\n|poke|p2|Jirachi|\n|poke|p2|Rayquaza|\n|poke|p2|Ho-Oh|\n|teampreview\n|\n|t:|1700881533\n|start\n|switch|p1a: Lucario|Lucario, M|100\/100\n|switch|p2a: Jirachi|Jirachi|100\/100\n|turn|1\n|inactive|Battle timer is ON: inactive players will automatically lose when time's up. (requested by I'm namelesssss)\n|\n|t:|1700881541\n|move|p2a: Jirachi|Iron Head|p1a: Lucario\n|-resisted|p1a: Lucario\n|-crit|p1a: Lucario\n|-damage|p1a: Lucario|64\/100\n|move|p1a: Lucario|Swords Dance|p1a: Lucario\n|-boost|p1a: Lucario|atk|2\n|\n|upkeep\n|turn|2\n|\n|t:|1700881549\n|detailschange|p1a: Lucario|Lucario-Mega, M\n|-mega|p1a: Lucario|Lucario|Lucarionite\n|move|p1a: Lucario|Close Combat|p2a: Jirachi\n|-damage|p2a: Jirachi|0 fnt\n|-unboost|p1a: Lucario|def|1\n|-unboost|p1a: Lucario|spd|1\n|faint|p2a: Jirachi\n|\n|upkeep\n|\n|t:|1700881566\n|switch|p2a: Pidgeot|Pidgeot, M|100\/100\n|turn|3\n|\n|t:|1700881573\n|detailschange|p2a: Pidgeot|Pidgeot-Mega, M\n|-mega|p2a: Pidgeot|Pidgeot|Pidgeotite\n|move|p1a: Lucario|Bullet Punch|p2a: Pidgeot\n|-damage|p2a: Pidgeot|31\/100\n|move|p2a: Pidgeot|Hurricane|p1a: Lucario\n|-damage|p1a: Lucario|0 fnt\n|faint|p1a: Lucario\n|\n|upkeep\n|\n|t:|1700881589\n|switch|p1a: Gastrodon|Gastrodon, F|100\/100\n|turn|4\n|\n|t:|1700881607\n|move|p2a: Pidgeot|Hyper Beam|p1a: Gastrodon\n|-damage|p1a: Gastrodon|36\/100\n|-mustrecharge|p2a: Pidgeot\n|move|p1a: Gastrodon|Ice Beam|p2a: Pidgeot\n|-supereffective|p2a: Pidgeot\n|-damage|p2a: Pidgeot|0 fnt\n|faint|p2a: Pidgeot\n|\n|upkeep\n|\n|t:|1700881615\n|switch|p2a: Lucario|Lucario, M, shiny|100\/100\n|turn|5\n|\n|t:|1700881621\n|move|p2a: Lucario|Bullet Punch|p1a: Gastrodon\n|-resisted|p1a: Gastrodon\n|-damage|p1a: Gastrodon|29\/100\n|move|p1a: Gastrodon|Earth Power|p2a: Lucario\n|-supereffective|p2a: Lucario\n|-damage|p2a: Lucario|2\/100\n|-unboost|p2a: Lucario|spd|1\n|\n|upkeep\n|turn|6\n|\n|t:|1700881633\n|move|p2a: Lucario|Dig||[still]\n|-prepare|p2a: Lucario|Dig\n|move|p1a: Gastrodon|Muddy Water|p2a: Lucario|[miss]\n|-miss|p1a: Gastrodon|p2a: Lucario\n|\n|upkeep\n|turn|7\n|\n|t:|1700881640\n|move|p2a: Lucario|Dig|p1a: Gastrodon|[from]lockedmove\n|-damage|p1a: Gastrodon|11\/100\n|move|p1a: Gastrodon|Recover|p1a: Gastrodon\n|-heal|p1a: Gastrodon|61\/100\n|\n|upkeep\n|turn|8\n|\n|t:|1700881650\n|switch|p2a: Ho-Oh|Ho-Oh|100\/100\n|move|p1a: Gastrodon|Recover|p1a: Gastrodon\n|-heal|p1a: Gastrodon|100\/100\n|\n|upkeep\n|turn|9\n|\n|t:|1700881659\n|move|p2a: Ho-Oh|Burn Up|p1a: Gastrodon\n|-resisted|p1a: Gastrodon\n|-damage|p1a: Gastrodon|72\/100\n|-start|p2a: Ho-Oh|typechange|???\/Flying|[from] move: Burn Up\n|move|p1a: Gastrodon|Muddy Water|p2a: Ho-Oh\n|-damage|p2a: Ho-Oh|82\/100\n|\n|upkeep\n|turn|10\n|\n|t:|1700881668\n|move|p2a: Ho-Oh|Tailwind|p2a: Ho-Oh\n|-sidestart|p2: aquiles meo|move: Tailwind\n|move|p1a: Gastrodon|Ice Beam|p2a: Ho-Oh\n|-supereffective|p2a: Ho-Oh\n|-damage|p2a: Ho-Oh|53\/100\n|\n|upkeep\n|turn|11\n|\n|t:|1700881692\n|switch|p2a: Luxray|Luxray, M, shiny|100\/100\n|move|p1a: Gastrodon|Ice Beam|p2a: Luxray\n|-damage|p2a: Luxray|75\/100\n|\n|-heal|p2a: Luxray|81\/100|[from] item: Leftovers\n|upkeep\n|turn|12\n|\n|t:|1700881702\n|move|p2a: Luxray|Substitute|p2a: Luxray\n|-start|p2a: Luxray|Substitute\n|-damage|p2a: Luxray|56\/100\n|move|p1a: Gastrodon|Earth Power|p2a: Luxray\n|-supereffective|p2a: Luxray\n|-end|p2a: Luxray|Substitute\n|\n|-heal|p2a: Luxray|62\/100|[from] item: Leftovers\n|upkeep\n|turn|13\n|\n|t:|1700881721\n|switch|p2a: Ho-Oh|Ho-Oh|86\/100\n|move|p1a: Gastrodon|Earth Power|p2a: Ho-Oh\n|-immune|p2a: Ho-Oh\n|\n|-sideend|p2: aquiles meo|move: Tailwind\n|upkeep\n|turn|14\n|\n|t:|1700881733\n|move|p2a: Ho-Oh|Burn Up|p1a: Gastrodon\n|-resisted|p1a: Gastrodon\n|-damage|p1a: Gastrodon|44\/100\n|-start|p2a: Ho-Oh|typechange|???\/Flying|[from] move: Burn Up\n|move|p1a: Gastrodon|Muddy Water|p2a: Ho-Oh\n|-damage|p2a: Ho-Oh|65\/100\n|\n|upkeep\n|turn|15\n|\n|t:|1700881743\n|move|p2a: Ho-Oh|Tailwind|p2a: Ho-Oh\n|-sidestart|p2: aquiles meo|move: Tailwind\n|move|p1a: Gastrodon|Ice Beam|p2a: Ho-Oh\n|-supereffective|p2a: Ho-Oh\n|-damage|p2a: Ho-Oh|41\/100\n|\n|upkeep\n|turn|16\n|\n|t:|1700881752\n|switch|p2a: Luxray|Luxray, M, shiny|62\/100\n|move|p1a: Gastrodon|Ice Beam|p2a: Luxray\n|-damage|p2a: Luxray|34\/100\n|\n|-heal|p2a: Luxray|40\/100|[from] item: Leftovers\n|upkeep\n|turn|17\n|\n|t:|1700881761\n|switch|p2a: Rayquaza|Rayquaza|100\/100\n|-ability|p2a: Rayquaza|Air Lock\n|move|p1a: Gastrodon|Earth Power|p2a: Rayquaza\n|-immune|p2a: Rayquaza\n|\n|upkeep\n|turn|18\n|\n|t:|1700881771\n|-terastallize|p2a: Rayquaza|Flying\n|move|p2a: Rayquaza|Dragon Ascent|p1a: Gastrodon\n|-damage|p1a: Gastrodon|0 fnt\n|-unboost|p2a: Rayquaza|def|1\n|-unboost|p2a: Rayquaza|spd|1\n|faint|p1a: Gastrodon\n|\n|-sideend|p2: aquiles meo|move: Tailwind\n|upkeep\n|\n|t:|1700881790\n|switch|p1a: Spiritomb|Spiritomb, F|100\/100\n|turn|19\n|\n|t:|1700881803\n|switch|p2a: Ho-Oh|Ho-Oh|74\/100\n|move|p1a: Spiritomb|Phantom Force||[still]\n|-prepare|p1a: Spiritomb|Phantom Force\n|\n|upkeep\n|turn|20\n|\n|t:|1700881828\n|move|p2a: Ho-Oh|Tailwind|p2a: Ho-Oh\n|-sidestart|p2: aquiles meo|move: Tailwind\n|move|p1a: Spiritomb|Phantom Force|p2a: Ho-Oh|[from]lockedmove\n|-damage|p2a: Ho-Oh|44\/100\n|\n|upkeep\n|turn|21\n|\n|t:|1700881838\n|move|p2a: Ho-Oh|Burn Up|p1a: Spiritomb\n|-crit|p1a: Spiritomb\n|-damage|p1a: Spiritomb|0 fnt\n|-start|p2a: Ho-Oh|typechange|???\/Flying|[from] move: Burn Up\n|faint|p1a: Spiritomb\n|\n|upkeep\n|\n|t:|1700881847\n|switch|p1a: Garchomp|Garchomp, F|100\/100\n|turn|22\n|\n|t:|1700881871\n|switch|p2a: Luxray|Luxray, M, shiny|40\/100\n|move|p1a: Garchomp|Swords Dance|p1a: Garchomp\n|-boost|p1a: Garchomp|atk|2\n|\n|-heal|p2a: Luxray|46\/100|[from] item: Leftovers\n|upkeep\n|turn|23\n|\n|t:|1700881882\n|move|p2a: Luxray|Psychic Fangs|p1a: Garchomp\n|-damage|p1a: Garchomp|75\/100\n|-damage|p2a: Luxray|34\/100|[from] ability: Rough Skin|[of] p1a: Garchomp\n|move|p1a: Garchomp|Scale Shot|p2a: Luxray\n|-damage|p2a: Luxray|6\/100\n|-damage|p2a: Luxray|0 fnt\n|faint|p2a: Luxray\n|-hitcount|p2: Luxray|2\n|-unboost|p1a: Garchomp|def|1\n|-boost|p1a: Garchomp|spe|1\n|\n|-sideend|p2: aquiles meo|move: Tailwind\n|upkeep\n|\n|t:|1700881895\n|switch|p2a: Rayquaza|Rayquaza, tera:Flying|100\/100\n|-ability|p2a: Rayquaza|Air Lock\n|turn|24\n|\n|t:|1700881907\n|-terastallize|p1a: Garchomp|Dragon\n|move|p1a: Garchomp|Scale Shot|p2a: Rayquaza\n|-damage|p2a: Rayquaza|70\/100\n|-damage|p2a: Rayquaza|38\/100\n|-damage|p2a: Rayquaza|6\/100\n|-damage|p2a: Rayquaza|0 fnt\n|faint|p2a: Rayquaza\n|-hitcount|p2: Rayquaza|4\n|-unboost|p1a: Garchomp|def|1\n|-boost|p1a: Garchomp|spe|1\n|\n|upkeep\n|inactive|aquiles meo has 120 seconds left.\n|inactive|aquiles meo has 90 seconds left.\n|\n|t:|1700881956\n|switch|p2a: Lucario|Lucario, M, shiny|2\/100\n|turn|25\n|inactive|aquiles meo has 90 seconds left.\n|\n|t:|1700881964\n|move|p2a: Lucario|Bullet Punch|p1a: Garchomp\n|-damage|p1a: Garchomp|39\/100\n|-damage|p2a: Lucario|0 fnt|[from] ability: Rough Skin|[of] p1a: Garchomp\n|faint|p2a: Lucario\n|move|p1a: Garchomp|Earthquake|p2: Lucario|[notarget]\n|-fail|p1a: Garchomp\n|\n|upkeep\n|inactive|aquiles meo has 90 seconds left.\n|\n|t:|1700881971\n|switch|p2a: Ho-Oh|Ho-Oh|77\/100\n|turn|26\n|inactive|aquiles meo has 90 seconds left.\n|\n|t:|1700881981\n|move|p1a: Garchomp|Stone Edge|p2a: Ho-Oh\n|-supereffective|p2a: Ho-Oh\n|-damage|p2a: Ho-Oh|0 fnt\n|faint|p2a: Ho-Oh\n|\n|win|I'm namelesssss\n|raw|I&apos;m namelesssss's rating: 1073 &rarr; <strong>1102<\/strong><br \/>(+29 for winning)\n|raw|aquiles meo's rating: 1076 &rarr; <strong>1054<\/strong><br \/>(-22 for losing)\n|l|\u2606I'm namelesssss\n","uploadtime":1700881992,"views":3,"p1id":"imnamelesssss","p2id":"aquilesmeo","formatid":"gen9nationaldexubers","rating":1054,"private":0,"password":""}