{"id":"gen9nationaldexubers-1980901047","p1":"EpicGamer069420","p2":"KurumiTokisakilove","format":"[Gen 9] National Dex Ubers","log":"|j|\u2606EpicGamer069420\n|j|\u2606KurumiTokisakilove\n|t:|1698847344\n|gametype|singles\n|player|p1|EpicGamer069420|lucas|1633\n|player|p2|KurumiTokisakilove|sabrina-gen2|1954\n|teamsize|p1|6\n|teamsize|p2|6\n|gen|9\n|tier|[Gen 9] National Dex Ubers\n|rated|\n|rule|HP Percentage Mod: HP is shown in percentages\n|rule|Endless Battle Clause: Forcing endless battles is banned\n|rule|OHKO Clause: OHKO moves are banned\n|rule|Evasion Moves Clause: Evasion moves are banned\n|rule|Evasion Items Clause: Evasion items are banned\n|rule|Species Clause: Limit one of each Pok\u00e9mon\n|rule|Sleep Clause Mod: Limit one foe put to sleep\n|rule|Mega Rayquaza Clause: You cannot mega evolve Rayquaza\n|clearpoke\n|poke|p1|Heatran, F|\n|poke|p1|Necrozma-Dusk-Mane|\n|poke|p1|Xerneas-*|\n|poke|p1|Groudon|\n|poke|p1|Lugia|\n|poke|p1|Arceus-Ground|\n|poke|p2|Giratina-Origin|\n|poke|p2|Magearna|\n|poke|p2|Ditto|\n|poke|p2|Arceus-Dark|\n|poke|p2|Necrozma-Dusk-Mane|\n|poke|p2|Kingambit, F|\n|teampreview\n|inactive|Battle timer is ON: inactive players will automatically lose when time's up. (requested by KurumiTokisakilove)\n|inactive|EpicGamer069420 also wants the timer to be on.\n|j| Contest hater\n|l| Contest hater\n|\n|t:|1698847368\n|start\n|switch|p1a: Necrozma|Necrozma-Dusk-Mane|100\/100\n|switch|p2a: Arceus|Arceus-Dark|100\/100\n|turn|1\n|\n|t:|1698847377\n|move|p2a: Arceus|Taunt|p1a: Necrozma\n|-start|p1a: Necrozma|move: Taunt\n|cant|p1a: Necrozma|move: Taunt|Toxic\n|\n|upkeep\n|turn|2\n|\n|t:|1698847382\n|switch|p1a: Xerneas|Xerneas|100\/100\n|-ability|p1a: Xerneas|Fairy Aura\n|move|p2a: Arceus|Toxic|p1a: Xerneas\n|-status|p1a: Xerneas|tox\n|\n|-damage|p1a: Xerneas|94\/100 tox|[from] psn\n|upkeep\n|turn|3\n|\n|t:|1698847385\n|move|p2a: Arceus|Taunt|p1a: Xerneas\n|-start|p1a: Xerneas|move: Taunt\n|cant|p1a: Xerneas|move: Taunt|Aromatherapy\n|\n|-heal|p1a: Xerneas|100\/100 tox|[from] item: Leftovers\n|-damage|p1a: Xerneas|88\/100 tox|[from] psn\n|upkeep\n|turn|4\n|\n|t:|1698847391\n|switch|p2a: Necrozma|Necrozma-Dusk-Mane|100\/100\n|move|p1a: Xerneas|Moonblast|p2a: Necrozma\n|-resisted|p2a: Necrozma\n|-damage|p2a: Necrozma|74\/100\n|-unboost|p2a: Necrozma|spa|1\n|\n|-heal|p1a: Xerneas|94\/100 tox|[from] item: Leftovers\n|-damage|p1a: Xerneas|76\/100 tox|[from] psn\n|upkeep\n|turn|5\n|\n|t:|1698847397\n|switch|p1a: Necrozma|Necrozma-Dusk-Mane|100\/100\n|move|p2a: Necrozma|Stealth Rock|p1a: Necrozma\n|-sidestart|p1: EpicGamer069420|move: Stealth Rock\n|\n|upkeep\n|turn|6\n|\n|t:|1698847403\n|switch|p2a: Arceus|Arceus-Dark|100\/100\n|move|p1a: Necrozma|Toxic|p2a: Arceus|[miss]\n|-miss|p1a: Necrozma|p2a: Arceus\n|\n|upkeep\n|turn|7\n|\n|t:|1698847414\n|switch|p1a: Arceus|Arceus-Ground|100\/100\n|-damage|p1a: Arceus|94\/100|[from] Stealth Rock\n|move|p2a: Arceus|Taunt|p1a: Arceus\n|-start|p1a: Arceus|move: Taunt\n|\n|upkeep\n|turn|8\n|\n|t:|1698847418\n|switch|p1a: Necrozma|Necrozma-Dusk-Mane|100\/100\n|-damage|p1a: Necrozma|94\/100|[from] Stealth Rock\n|move|p2a: Arceus|Toxic|p1a: Necrozma\n|-immune|p1a: Necrozma\n|\n|-heal|p1a: Necrozma|100\/100|[from] item: Leftovers\n|upkeep\n|turn|9\n|\n|t:|1698847426\n|move|p2a: Arceus|Taunt|p1a: Necrozma\n|-start|p1a: Necrozma|move: Taunt\n|move|p1a: Necrozma|Earthquake|p2a: Arceus\n|-damage|p2a: Arceus|78\/100\n|\n|upkeep\n|turn|10\n|\n|t:|1698847434\n|switch|p1a: Xerneas|Xerneas|76\/100 tox\n|-damage|p1a: Xerneas|63\/100 tox|[from] Stealth Rock\n|-ability|p1a: Xerneas|Fairy Aura\n|move|p2a: Arceus|Taunt|p1a: Xerneas\n|-start|p1a: Xerneas|move: Taunt\n|\n|-heal|p1a: Xerneas|70\/100 tox|[from] item: Leftovers\n|-damage|p1a: Xerneas|63\/100 tox|[from] psn\n|upkeep\n|turn|11\n|\n|t:|1698847441\n|switch|p2a: Necrozma|Necrozma-Dusk-Mane|74\/100\n|switch|p1a: Arceus|Arceus-Ground|94\/100\n|-damage|p1a: Arceus|88\/100|[from] Stealth Rock\n|\n|upkeep\n|turn|12\n|\n|t:|1698847464\n|detailschange|p2a: Necrozma|Necrozma-Ultra\n|-burst|p2a: Necrozma|Necrozma|Ultranecrozium Z\n|move|p2a: Necrozma|Photon Geyser|p1a: Arceus\n|-damage|p1a: Arceus|48\/100\n|move|p1a: Arceus|Judgment|p2a: Necrozma\n|-damage|p2a: Necrozma|25\/100\n|\n|upkeep\n|turn|13\n|\n|t:|1698847478\n|switch|p1a: Necrozma|Necrozma-Dusk-Mane|100\/100\n|-damage|p1a: Necrozma|94\/100|[from] Stealth Rock\n|move|p2a: Necrozma|Photon Geyser|p1a: Necrozma\n|-resisted|p1a: Necrozma\n|-damage|p1a: Necrozma|82\/100\n|\n|-heal|p1a: Necrozma|88\/100|[from] item: Leftovers\n|upkeep\n|turn|14\n|\n|t:|1698847488\n|move|p2a: Necrozma|Earth Power|p1a: Necrozma\n|-supereffective|p1a: Necrozma\n|-damage|p1a: Necrozma|32\/100\n|move|p1a: Necrozma|Earthquake|p2a: Necrozma\n|-damage|p2a: Necrozma|0 fnt\n|faint|p2a: Necrozma\n|\n|-heal|p1a: Necrozma|38\/100|[from] item: Leftovers\n|upkeep\n|\n|t:|1698847495\n|switch|p2a: Arceus|Arceus-Dark|78\/100\n|turn|15\n|\n|t:|1698847499\n|switch|p1a: Xerneas|Xerneas|63\/100 tox\n|-damage|p1a: Xerneas|51\/100 tox|[from] Stealth Rock\n|-ability|p1a: Xerneas|Fairy Aura\n|move|p2a: Arceus|Taunt|p1a: Xerneas\n|-start|p1a: Xerneas|move: Taunt\n|\n|-heal|p1a: Xerneas|57\/100 tox|[from] item: Leftovers\n|-damage|p1a: Xerneas|51\/100 tox|[from] psn\n|upkeep\n|turn|16\n|\n|t:|1698847504\n|switch|p2a: Magearna|Magearna|100\/100\n|move|p1a: Xerneas|Moonblast|p2a: Magearna\n|-resisted|p2a: Magearna\n|-damage|p2a: Magearna|85\/100\n|\n|-heal|p1a: Xerneas|57\/100 tox|[from] item: Leftovers\n|-damage|p1a: Xerneas|45\/100 tox|[from] psn\n|upkeep\n|turn|17\n|\n|t:|1698847524\n|switch|p1a: Groudon|Groudon|100\/100\n|-damage|p1a: Groudon|94\/100|[from] Stealth Rock\n|detailschange|p1a: Groudon|Groudon-Primal\n|-primal|p1a: Groudon|Red Orb\n|-weather|DesolateLand|[from] ability: Desolate Land|[of] p1a: Groudon\n|move|p2a: Magearna|Fleur Cannon|p1a: Groudon\n|-resisted|p1a: Groudon\n|-damage|p1a: Groudon|67\/100\n|-unboost|p2a: Magearna|spa|2\n|\n|-weather|DesolateLand|[upkeep]\n|upkeep\n|turn|18\n|\n|t:|1698847531\n|-weather|none\n|switch|p1a: Xerneas|Xerneas|45\/100 tox\n|-damage|p1a: Xerneas|32\/100 tox|[from] Stealth Rock\n|-ability|p1a: Xerneas|Fairy Aura\n|switch|p2a: Giratina|Giratina-Origin|100\/100\n|\n|-heal|p1a: Xerneas|38\/100 tox|[from] item: Leftovers\n|-damage|p1a: Xerneas|32\/100 tox|[from] psn\n|upkeep\n|turn|19\n|\n|t:|1698847537\n|move|p2a: Giratina|Poltergeist|p1a: Xerneas\n|-activate|p1a: Xerneas|move: Poltergeist|Leftovers\n|-damage|p1a: Xerneas|0 fnt\n|faint|p1a: Xerneas\n|\n|upkeep\n|\n|t:|1698847547\n|switch|p1a: Lugia|Lugia|100\/100\n|turn|20\n|\n|t:|1698847562\n|-terastallize|p1a: Lugia|Normal\n|move|p2a: Giratina|Hone Claws|p2a: Giratina\n|-boost|p2a: Giratina|atk|1\n|-boost|p2a: Giratina|accuracy|1\n|move|p1a: Lugia|Toxic|p2a: Giratina\n|-status|p2a: Giratina|tox\n|\n|-damage|p2a: Giratina|94\/100 tox|[from] psn\n|upkeep\n|turn|21\n|\n|t:|1698847567\n|switch|p2a: Magearna|Magearna|85\/100\n|move|p1a: Lugia|Defog|p2a: Magearna\n|-unboost|p2a: Magearna|evasion|1\n|-sideend|p1: EpicGamer069420|Stealth Rock|[from] move: Defog|[of] p1a: Lugia\n|\n|upkeep\n|turn|22\n|\n|t:|1698847578\n|switch|p1a: Arceus|Arceus-Ground|48\/100\n|move|p2a: Magearna|Heal Bell|p2a: Magearna\n|-activate|p2a: Magearna|move: Heal Bell\n|-curestatus|p2: Giratina|tox|[msg]\n|\n|upkeep\n|turn|23\n|\n|t:|1698847588\n|switch|p2a: Arceus|Arceus-Dark|78\/100\n|move|p1a: Arceus|Recover|p1a: Arceus\n|-heal|p1a: Arceus|98\/100\n|\n|upkeep\n|turn|24\n|\n|t:|1698847593\n|switch|p1a: Heatran|Heatran, F|100\/100\n|-item|p1a: Heatran|Air Balloon\n|move|p2a: Arceus|Toxic|p1a: Heatran\n|-immune|p1a: Heatran\n|\n|upkeep\n|turn|25\n|\n|t:|1698847598\n|move|p2a: Arceus|Taunt|p1a: Heatran\n|-start|p1a: Heatran|move: Taunt\n|move|p1a: Heatran|Magma Storm|p2a: Arceus\n|-damage|p2a: Arceus|39\/100\n|-activate|p2a: Arceus|move: Magma Storm|[of] p1a: Heatran\n|\n|-damage|p2a: Arceus|26\/100|[from] move: Magma Storm|[partiallytrapped]\n|upkeep\n|turn|26\n|\n|t:|1698847601\n|move|p2a: Arceus|Recover|p2a: Arceus\n|-heal|p2a: Arceus|76\/100\n|move|p1a: Heatran|Earth Power|p2a: Arceus\n|-damage|p2a: Arceus|55\/100\n|\n|-damage|p2a: Arceus|43\/100|[from] move: Magma Storm|[partiallytrapped]\n|upkeep\n|turn|27\n|\n|t:|1698847607\n|move|p2a: Arceus|Recover|p2a: Arceus\n|-heal|p2a: Arceus|93\/100\n|move|p1a: Heatran|Magma Storm|p2a: Arceus\n|-damage|p2a: Arceus|57\/100\n|\n|-damage|p2a: Arceus|45\/100|[from] move: Magma Storm|[partiallytrapped]\n|-end|p1a: Heatran|move: Taunt\n|upkeep\n|turn|28\n|\n|t:|1698847614\n|move|p2a: Arceus|Recover|p2a: Arceus\n|-heal|p2a: Arceus|95\/100\n|move|p1a: Heatran|Toxic|p2a: Arceus\n|-status|p2a: Arceus|tox\n|\n|-damage|p2a: Arceus|89\/100 tox|[from] psn\n|-damage|p2a: Arceus|76\/100 tox|[from] move: Magma Storm|[partiallytrapped]\n|upkeep\n|turn|29\n|\n|t:|1698847621\n|move|p2a: Arceus|Recover|p2a: Arceus\n|-heal|p2a: Arceus|100\/100 tox\n|move|p1a: Heatran|Stealth Rock|p2a: Arceus\n|-sidestart|p2: KurumiTokisakilove|move: Stealth Rock\n|\n|-damage|p2a: Arceus|88\/100 tox|[from] psn\n|-damage|p2a: Arceus|76\/100 tox|[from] move: Magma Storm|[partiallytrapped]\n|upkeep\n|turn|30\n|\n|t:|1698847627\n|move|p2a: Arceus|Recover|p2a: Arceus\n|-heal|p2a: Arceus|100\/100 tox\n|move|p1a: Heatran|Magma Storm|p2a: Arceus|[miss]\n|-miss|p1a: Heatran|p2a: Arceus\n|\n|-damage|p2a: Arceus|82\/100 tox|[from] psn\n|-end|p2a: Arceus|Magma Storm|[partiallytrapped]\n|upkeep\n|turn|31\n|\n|t:|1698847636\n|switch|p2a: Giratina|Giratina-Origin|94\/100\n|-damage|p2a: Giratina|82\/100|[from] Stealth Rock\n|move|p1a: Heatran|Magma Storm|p2a: Giratina\n|-resisted|p2a: Giratina\n|-damage|p2a: Giratina|62\/100\n|-activate|p2a: Giratina|move: Magma Storm|[of] p1a: Heatran\n|\n|-damage|p2a: Giratina|49\/100|[from] move: Magma Storm|[partiallytrapped]\n|upkeep\n|turn|32\n|\n|t:|1698847642\n|move|p2a: Giratina|Poltergeist|p1a: Heatran|[miss]\n|-miss|p2a: Giratina|p1a: Heatran\n|move|p1a: Heatran|Toxic|p2a: Giratina\n|-status|p2a: Giratina|tox\n|\n|-damage|p2a: Giratina|43\/100 tox|[from] psn\n|-damage|p2a: Giratina|31\/100 tox|[from] move: Magma Storm|[partiallytrapped]\n|upkeep\n|turn|33\n|\n|t:|1698847649\n|switch|p1a: Lugia|Lugia, tera:Normal|100\/100\n|move|p2a: Giratina|Poltergeist|p1a: Lugia\n|-immune|p1a: Lugia\n|\n|-damage|p2a: Giratina|18\/100 tox|[from] psn\n|-end|p2a: Giratina|Magma Storm|[partiallytrapped]|[silent]\n|upkeep\n|turn|34\n|\n|t:|1698847652\n|switch|p2a: Magearna|Magearna|85\/100\n|-damage|p2a: Magearna|79\/100|[from] Stealth Rock\n|move|p1a: Lugia|Aeroblast|p2a: Magearna\n|-resisted|p2a: Magearna\n|-damage|p2a: Magearna|69\/100\n|\n|upkeep\n|turn|35\n|\n|t:|1698847658\n|switch|p1a: Heatran|Heatran, F|100\/100\n|-item|p1a: Heatran|Air Balloon\n|move|p2a: Magearna|Heal Bell|p2a: Magearna\n|-activate|p2a: Magearna|move: Heal Bell\n|-curestatus|p2: Giratina|tox|[msg]\n|-curestatus|p2: Arceus|tox|[msg]\n|\n|upkeep\n|turn|36\n|\n|t:|1698847662\n|switch|p2a: Ditto|Ditto, shiny|100\/100\n|-damage|p2a: Ditto|88\/100|[from] Stealth Rock\n|-transform|p2a: Ditto|p1a: Heatran|[from] ability: Imposter\n|move|p1a: Heatran|Magma Storm|p2a: Ditto\n|-start|p2a: Ditto|ability: Flash Fire\n|\n|upkeep\n|turn|37\n|\n|t:|1698847667\n|move|p2a: Ditto|Earth Power|p1a: Heatran\n|-immune|p1a: Heatran\n|move|p1a: Heatran|Earth Power|p2a: Ditto\n|-supereffective|p2a: Ditto\n|-damage|p2a: Ditto|0 fnt\n|faint|p2a: Ditto\n|\n|upkeep\n|\n|t:|1698847675\n|switch|p2a: Giratina|Giratina-Origin|18\/100\n|-damage|p2a: Giratina|6\/100|[from] Stealth Rock\n|turn|38\n|\n|t:|1698847683\n|switch|p1a: Arceus|Arceus-Ground|98\/100\n|move|p2a: Giratina|Poltergeist|p1a: Arceus\n|-activate|p1a: Arceus|move: Poltergeist|Earth Plate\n|-damage|p1a: Arceus|64\/100\n|\n|upkeep\n|turn|39\n|\n|t:|1698847687\n|move|p1a: Arceus|Ice Beam|p2a: Giratina\n|-supereffective|p2a: Giratina\n|-damage|p2a: Giratina|0 fnt\n|faint|p2a: Giratina\n|\n|upkeep\n|\n|t:|1698847690\n|switch|p2a: Arceus|Arceus-Dark|82\/100\n|-damage|p2a: Arceus|70\/100|[from] Stealth Rock\n|turn|40\n|\n|t:|1698847699\n|switch|p1a: Necrozma|Necrozma-Dusk-Mane|38\/100\n|move|p2a: Arceus|Foul Play|p1a: Necrozma\n|-supereffective|p1a: Necrozma\n|-damage|p1a: Necrozma|0 fnt\n|faint|p1a: Necrozma\n|\n|upkeep\n|\n|t:|1698847720\n|switch|p1a: Heatran|Heatran, F|100\/100\n|-item|p1a: Heatran|Air Balloon\n|turn|41\n|\n|t:|1698847723\n|move|p2a: Arceus|Taunt|p1a: Heatran\n|-start|p1a: Heatran|move: Taunt\n|move|p1a: Heatran|Magma Storm|p2a: Arceus|[miss]\n|-miss|p1a: Heatran|p2a: Arceus\n|\n|upkeep\n|turn|42\n|\n|t:|1698847729\n|move|p2a: Arceus|Foul Play|p1a: Heatran\n|-damage|p1a: Heatran|74\/100\n|-enditem|p1a: Heatran|Air Balloon\n|move|p1a: Heatran|Magma Storm|p2a: Arceus\n|-damage|p2a: Arceus|32\/100\n|-activate|p2a: Arceus|move: Magma Storm|[of] p1a: Heatran\n|\n|-damage|p2a: Arceus|20\/100|[from] move: Magma Storm|[partiallytrapped]\n|upkeep\n|turn|43\n|\n|t:|1698847733\n|move|p2a: Arceus|Recover|p2a: Arceus\n|-heal|p2a: Arceus|70\/100\n|move|p1a: Heatran|Earth Power|p2a: Arceus\n|-damage|p2a: Arceus|47\/100\n|\n|-damage|p2a: Arceus|35\/100|[from] move: Magma Storm|[partiallytrapped]\n|-end|p1a: Heatran|move: Taunt\n|upkeep\n|turn|44\n|\n|t:|1698847739\n|move|p2a: Arceus|Taunt|p1a: Heatran\n|-start|p1a: Heatran|move: Taunt\n|cant|p1a: Heatran|move: Taunt|Toxic\n|\n|-damage|p2a: Arceus|22\/100|[from] move: Magma Storm|[partiallytrapped]\n|upkeep\n|turn|45\n|\n|t:|1698847744\n|move|p2a: Arceus|Recover|p2a: Arceus\n|-heal|p2a: Arceus|72\/100\n|move|p1a: Heatran|Magma Storm|p2a: Arceus\n|-damage|p2a: Arceus|37\/100\n|\n|-damage|p2a: Arceus|24\/100|[from] move: Magma Storm|[partiallytrapped]\n|upkeep\n|turn|46\n|\n|t:|1698847750\n|move|p2a: Arceus|Recover|p2a: Arceus\n|-heal|p2a: Arceus|74\/100\n|move|p1a: Heatran|Earth Power|p2a: Arceus\n|-damage|p2a: Arceus|51\/100\n|\n|-damage|p2a: Arceus|39\/100|[from] move: Magma Storm|[partiallytrapped]\n|-end|p1a: Heatran|move: Taunt\n|upkeep\n|turn|47\n|\n|t:|1698847754\n|move|p2a: Arceus|Taunt|p1a: Heatran\n|-start|p1a: Heatran|move: Taunt\n|move|p1a: Heatran|Earth Power|p2a: Arceus\n|-damage|p2a: Arceus|16\/100\n|\n|-end|p2a: Arceus|Magma Storm|[partiallytrapped]\n|upkeep\n|turn|48\n|\n|t:|1698847762\n|move|p2a: Arceus|Foul Play|p1a: Heatran\n|-damage|p1a: Heatran|47\/100\n|move|p1a: Heatran|Earth Power|p2a: Arceus\n|-damage|p2a: Arceus|0 fnt\n|faint|p2a: Arceus\n|\n|upkeep\n|\n|t:|1698847777\n|switch|p2a: Magearna|Magearna|69\/100\n|-damage|p2a: Magearna|63\/100|[from] Stealth Rock\n|turn|49\n|\n|t:|1698847785\n|move|p1a: Heatran|Earth Power|p2a: Magearna\n|-supereffective|p2a: Magearna\n|-damage|p2a: Magearna|20\/100\n|move|p2a: Magearna|Fleur Cannon|p1a: Heatran\n|-resisted|p1a: Heatran\n|-damage|p1a: Heatran|33\/100\n|-unboost|p2a: Magearna|spa|2\n|\n|-end|p1a: Heatran|move: Taunt\n|upkeep\n|turn|50\n|\n|t:|1698847792\n|switch|p1a: Arceus|Arceus-Ground|64\/100\n|move|p2a: Magearna|Heart Swap|p1a: Arceus\n|-swapboost|p2a: Magearna|p1a: Arceus|[from] move: Heart Swap\n|\n|upkeep\n|turn|51\n|\n|t:|1698847799\n|move|p1a: Arceus|Judgment|p2a: Magearna\n|-supereffective|p2a: Magearna\n|-damage|p2a: Magearna|0 fnt\n|faint|p2a: Magearna\n|\n|upkeep\n|\n|t:|1698847801\n|switch|p2a: Kingambit|Kingambit, F|100\/100\n|-damage|p2a: Kingambit|94\/100|[from] Stealth Rock\n|-activate|p2a: Kingambit|ability: Supreme Overlord\n|-start|p2a: Kingambit|fallen5|[silent]\n|turn|52\n|\n|t:|1698847809\n|switch|p1a: Groudon|Groudon-Primal|67\/100\n|-weather|DesolateLand|[from] ability: Desolate Land|[of] p1a: Groudon\n|move|p2a: Kingambit|Swords Dance|p2a: Kingambit\n|-boost|p2a: Kingambit|atk|2\n|\n|-weather|DesolateLand|[upkeep]\n|upkeep\n|turn|53\n|\n|t:|1698847812\n|move|p2a: Kingambit|Sucker Punch|p1a: Groudon\n|-damage|p1a: Groudon|0 fnt\n|faint|p1a: Groudon\n|-weather|none\n|\n|upkeep\n|\n|t:|1698847818\n|switch|p1a: Arceus|Arceus-Ground|64\/100\n|turn|54\n|\n|t:|1698847822\n|move|p2a: Kingambit|Sucker Punch|p1a: Arceus\n|-damage|p1a: Arceus|0 fnt\n|faint|p1a: Arceus\n|\n|upkeep\n|\n|t:|1698847826\n|switch|p1a: Heatran|Heatran, F|33\/100\n|turn|55\n|\n|t:|1698847829\n|move|p2a: Kingambit|Sucker Punch||[still]\n|-fail|p2a: Kingambit\n|move|p1a: Heatran|Stealth Rock||[still]\n|-fail|p1a: Heatran\n|\n|upkeep\n|turn|56\n|\n|t:|1698847835\n|move|p2a: Kingambit|Sucker Punch|p1a: Heatran\n|-damage|p1a: Heatran|0 fnt\n|faint|p1a: Heatran\n|\n|upkeep\n|\n|t:|1698847837\n|switch|p1a: Lugia|Lugia, tera:Normal|100\/100\n|turn|57\n|\n|t:|1698847842\n|move|p1a: Lugia|Aeroblast|p2a: Kingambit\n|-resisted|p2a: Kingambit\n|-damage|p2a: Kingambit|79\/100\n|move|p2a: Kingambit|Knock Off|p1a: Lugia\n|-damage|p1a: Lugia|45\/100\n|-enditem|p1a: Lugia|Heavy-Duty Boots|[from] move: Knock Off|[of] p2a: Kingambit\n|\n|upkeep\n|turn|58\n|\n|t:|1698847845\n|move|p1a: Lugia|Roost|p1a: Lugia\n|-heal|p1a: Lugia|95\/100\n|move|p2a: Kingambit|Knock Off|p1a: Lugia\n|-damage|p1a: Lugia|23\/100\n|\n|upkeep\n|turn|59\n|\n|t:|1698847849\n|move|p1a: Lugia|Roost|p1a: Lugia\n|-heal|p1a: Lugia|73\/100\n|move|p2a: Kingambit|Knock Off|p1a: Lugia\n|-damage|p1a: Lugia|1\/100\n|\n|upkeep\n|turn|60\n|c|\u2606EpicGamer069420|gg\n|-message|EpicGamer069420 forfeited.\n|\n|win|KurumiTokisakilove\n|raw|EpicGamer069420's rating: 1633 &rarr; <strong>1628<\/strong><br \/>(-5 for losing)\n|raw|KurumiTokisakilove's rating: 1954 &rarr; <strong>1959<\/strong><br \/>(+5 for winning)\n|c|\u2606KurumiTokisakilove|Gg\n|l|\u2606EpicGamer069420\n","uploadtime":1698847866,"views":15,"p1id":"epicgamer069420","p2id":"kurumitokisakilove","formatid":"gen9nationaldexubers","rating":1628,"private":0,"password":""}