{"id":"gen9nationaldexubers-1993808316","p1":"insanejokester","p2":"2007jaylen","format":"[Gen 9] National Dex Ubers","log":"|j|\u2606insanejokester\n|j|\u26062007jaylen\n|t:|1700359819\n|gametype|singles\n|player|p1|insanejokester|flannery|1304\n|player|p2|2007jaylen|265|1369\n|teamsize|p1|6\n|teamsize|p2|6\n|gen|9\n|tier|[Gen 9] National Dex Ubers\n|rated|\n|rule|HP Percentage Mod: HP is shown in percentages\n|rule|Endless Battle Clause: Forcing endless battles is banned\n|rule|OHKO Clause: OHKO moves are banned\n|rule|Evasion Moves Clause: Evasion moves are banned\n|rule|Evasion Items Clause: Evasion items are banned\n|rule|Species Clause: Limit one of each Pok\u00e9mon\n|rule|Sleep Clause Mod: Limit one foe put to sleep\n|rule|Mega Rayquaza Clause: You cannot mega evolve Rayquaza\n|clearpoke\n|poke|p1|Darmanitan-Galar, F|\n|poke|p1|Corsola-Galar, F|\n|poke|p1|Chansey, F|\n|poke|p1|Shaymin-Sky|\n|poke|p1|Arceus-Steel|\n|poke|p1|Charizard, F|\n|poke|p2|Groudon|\n|poke|p2|Salamence, M|\n|poke|p2|Zacian-*|\n|poke|p2|Marshadow|\n|poke|p2|Slurpuff, M|\n|poke|p2|Ho-Oh|\n|teampreview\n|inactive|Battle timer is ON: inactive players will automatically lose when time's up. (requested by 2007jaylen)\n|\n|t:|1700359840\n|start\n|switch|p1a: Darmanitan|Darmanitan-Galar, F|100\/100\n|switch|p2a: Slurpuff|Slurpuff, M|100\/100\n|turn|1\n|\n|t:|1700359846\n|move|p1a: Darmanitan|Icicle Crash|p2a: Slurpuff\n|-damage|p2a: Slurpuff|15\/100\n|cant|p2a: Slurpuff|flinch\n|\n|upkeep\n|turn|2\n|\n|t:|1700359852\n|move|p1a: Darmanitan|Icicle Crash|p2a: Slurpuff\n|-damage|p2a: Slurpuff|0 fnt\n|faint|p2a: Slurpuff\n|\n|upkeep\n|\n|t:|1700359856\n|switch|p2a: Ho-Oh|Ho-Oh|100\/100\n|turn|3\n|\n|t:|1700359866\n|switch|p1a: Corsola|Corsola-Galar, F|100\/100\n|move|p2a: Ho-Oh|Sacred Fire|p1a: Corsola\n|-damage|p1a: Corsola|80\/100\n|-status|p1a: Corsola|brn\n|\n|-damage|p1a: Corsola|74\/100 brn|[from] brn\n|upkeep\n|turn|4\n|\n|t:|1700359893\n|move|p2a: Ho-Oh|Sacred Fire|p1a: Corsola\n|-damage|p1a: Corsola|51\/100 brn\n|-start|p2a: Ho-Oh|Disable|Sacred Fire|[from] ability: Cursed Body|[of] p1a: Corsola\n|move|p1a: Corsola|Strength Sap|p2a: Ho-Oh\n|-unboost|p2a: Ho-Oh|atk|1\n|-heal|p1a: Corsola|100\/100 brn\n|\n|-damage|p1a: Corsola|94\/100 brn|[from] brn\n|upkeep\n|turn|5\n|inactive|2007jaylen has 120 seconds left.\n|inactive|2007jaylen has 90 seconds left.\n|inactive|2007jaylen has 60 seconds left.\n|\n|t:|1700359969\n|switch|p1a: Darmanitan|Darmanitan-Galar, F|100\/100\n|move|p2a: Ho-Oh|Dual Wingbeat|p1a: Darmanitan\n|-damage|p1a: Darmanitan|82\/100\n|-damage|p1a: Darmanitan|65\/100\n|-hitcount|p1a: Darmanitan|2\n|\n|upkeep\n|turn|6\n|\n|t:|1700359980\n|move|p1a: Darmanitan|Icicle Crash|p2a: Ho-Oh\n|-damage|p2a: Ho-Oh|37\/100\n|cant|p2a: Ho-Oh|flinch\n|\n|-heal|p2a: Ho-Oh|43\/100|[from] item: Leftovers\n|upkeep\n|turn|7\n|inactive|2007jaylen has 60 seconds left.\n|c|\u26062007jaylen|ur luck is craz\n|\n|t:|1700360004\n|move|p1a: Darmanitan|Icicle Crash|p2a: Ho-Oh\n|-damage|p2a: Ho-Oh|0 fnt\n|faint|p2a: Ho-Oh\n|\n|upkeep\n|\n|t:|1700360012\n|switch|p2a: Zacian|Zacian-Crowned|100\/100\n|-ability|p2a: Zacian|Intrepid Sword|boost\n|-boost|p2a: Zacian|atk|1\n|turn|8\n|inactive|2007jaylen has 60 seconds left.\n|\n|t:|1700360029\n|switch|p1a: Chansey|Chansey, F|100\/100\n|move|p2a: Zacian|Behemoth Blade|p1a: Chansey\n|-damage|p1a: Chansey|0 fnt\n|faint|p1a: Chansey\n|\n|upkeep\n|c|\u2606insanejokester|omg misclickk\n|\n|t:|1700360047\n|switch|p1a: Corsola|Corsola-Galar, F|94\/100 brn\n|turn|9\n|\n|t:|1700360053\n|move|p2a: Zacian|Swords Dance|p2a: Zacian\n|-boost|p2a: Zacian|atk|2\n|move|p1a: Corsola|Will-O-Wisp|p2a: Zacian\n|-status|p2a: Zacian|brn\n|\n|-damage|p2a: Zacian|94\/100 brn|[from] brn\n|-damage|p1a: Corsola|88\/100 brn|[from] brn\n|upkeep\n|turn|10\n|\n|t:|1700360061\n|move|p2a: Zacian|Swords Dance|p2a: Zacian\n|-boost|p2a: Zacian|atk|2\n|move|p1a: Corsola|Strength Sap|p2a: Zacian\n|-unboost|p2a: Zacian|atk|1\n|-heal|p1a: Corsola|100\/100 brn\n|\n|-damage|p2a: Zacian|88\/100 brn|[from] brn\n|-damage|p1a: Corsola|94\/100 brn|[from] brn\n|upkeep\n|turn|11\n|\n|t:|1700360070\n|move|p2a: Zacian|Swords Dance|p2a: Zacian\n|-boost|p2a: Zacian|atk|2\n|move|p1a: Corsola|Haze|p1a: Corsola\n|-clearallboost\n|\n|-damage|p2a: Zacian|82\/100 brn|[from] brn\n|-damage|p1a: Corsola|88\/100 brn|[from] brn\n|upkeep\n|turn|12\n|\n|t:|1700360078\n|move|p2a: Zacian|Behemoth Blade|p1a: Corsola\n|-damage|p1a: Corsola|74\/100 brn\n|move|p1a: Corsola|Night Shade|p2a: Zacian\n|-damage|p2a: Zacian|51\/100 brn\n|\n|-damage|p2a: Zacian|45\/100 brn|[from] brn\n|-damage|p1a: Corsola|68\/100 brn|[from] brn\n|upkeep\n|turn|13\n|\n|t:|1700360089\n|move|p2a: Zacian|Behemoth Blade|p1a: Corsola\n|-damage|p1a: Corsola|52\/100 brn\n|move|p1a: Corsola|Night Shade|p2a: Zacian\n|-damage|p2a: Zacian|14\/100 brn\n|\n|-damage|p2a: Zacian|8\/100 brn|[from] brn\n|-damage|p1a: Corsola|46\/100 brn|[from] brn\n|upkeep\n|turn|14\n|\n|t:|1700360097\n|move|p2a: Zacian|Behemoth Blade|p1a: Corsola\n|-damage|p1a: Corsola|31\/100 brn\n|move|p1a: Corsola|Strength Sap|p2a: Zacian\n|-unboost|p2a: Zacian|atk|1\n|-heal|p1a: Corsola|100\/100 brn\n|\n|-damage|p2a: Zacian|2\/100 brn|[from] brn\n|-damage|p1a: Corsola|94\/100 brn|[from] brn\n|upkeep\n|turn|15\n|\n|t:|1700360114\n|switch|p1a: Arceus|Arceus-Steel|100\/100\n|move|p2a: Zacian|Behemoth Blade|p1a: Arceus\n|-resisted|p1a: Arceus\n|-damage|p1a: Arceus|96\/100\n|\n|-damage|p2a: Zacian|0 fnt|[from] brn\n|faint|p2a: Zacian\n|upkeep\n|\n|t:|1700360131\n|switch|p2a: Groudon|Groudon|100\/100\n|detailschange|p2a: Groudon|Groudon-Primal\n|-primal|p2a: Groudon|Red Orb\n|-weather|DesolateLand|[from] ability: Desolate Land|[of] p2a: Groudon\n|turn|16\n|\n|t:|1700360143\n|move|p2a: Groudon|Swords Dance|p2a: Groudon\n|-boost|p2a: Groudon|atk|2\n|move|p1a: Arceus|Iron Defense|p1a: Arceus\n|-boost|p1a: Arceus|def|2\n|\n|-weather|DesolateLand|[upkeep]\n|upkeep\n|turn|17\n|\n|t:|1700360155\n|move|p2a: Groudon|Precipice Blades|p1a: Arceus\n|-supereffective|p1a: Arceus\n|-damage|p1a: Arceus|16\/100\n|move|p1a: Arceus|Iron Defense|p1a: Arceus\n|-boost|p1a: Arceus|def|2\n|\n|-weather|DesolateLand|[upkeep]\n|upkeep\n|turn|18\n|\n|t:|1700360162\n|move|p2a: Groudon|Rock Polish|p2a: Groudon\n|-boost|p2a: Groudon|spe|2\n|move|p1a: Arceus|Toxic|p2a: Groudon\n|-status|p2a: Groudon|tox\n|\n|-weather|DesolateLand|[upkeep]\n|-damage|p2a: Groudon|94\/100 tox|[from] psn\n|upkeep\n|turn|19\n|\n|t:|1700360170\n|move|p2a: Groudon|Precipice Blades|p1a: Arceus\n|-supereffective|p1a: Arceus\n|-damage|p1a: Arceus|0 fnt\n|faint|p1a: Arceus\n|\n|-weather|DesolateLand|[upkeep]\n|-damage|p2a: Groudon|82\/100 tox|[from] psn\n|upkeep\n|\n|t:|1700360177\n|switch|p1a: Corsola|Corsola-Galar, F|94\/100 brn\n|turn|20\n|inactive|2007jaylen has 120 seconds left.\n|\n|t:|1700360185\n|move|p2a: Groudon|Precipice Blades|p1a: Corsola\n|-damage|p1a: Corsola|6\/100 brn\n|-start|p2a: Groudon|Disable|Precipice Blades|[from] ability: Cursed Body|[of] p1a: Corsola\n|move|p1a: Corsola|Strength Sap|p2a: Groudon\n|-unboost|p2a: Groudon|atk|1\n|-heal|p1a: Corsola|100\/100 brn\n|\n|-weather|DesolateLand|[upkeep]\n|-damage|p2a: Groudon|64\/100 tox|[from] psn\n|-damage|p1a: Corsola|94\/100 brn|[from] brn\n|upkeep\n|turn|21\n|\n|t:|1700360197\n|move|p2a: Groudon|Swords Dance|p2a: Groudon\n|-boost|p2a: Groudon|atk|2\n|move|p1a: Corsola|Haze|p1a: Corsola\n|-clearallboost\n|\n|-weather|DesolateLand|[upkeep]\n|-damage|p2a: Groudon|39\/100 tox|[from] psn\n|-damage|p1a: Corsola|88\/100 brn|[from] brn\n|upkeep\n|turn|22\n|\n|t:|1700360206\n|move|p2a: Groudon|Rock Slide|p1a: Corsola\n|-damage|p1a: Corsola|71\/100 brn\n|move|p1a: Corsola|Night Shade|p2a: Groudon\n|-damage|p2a: Groudon|10\/100 tox\n|\n|-weather|DesolateLand|[upkeep]\n|-damage|p2a: Groudon|0 fnt|[from] psn\n|faint|p2a: Groudon\n|-weather|none\n|-damage|p1a: Corsola|65\/100 brn|[from] brn\n|upkeep\n|\n|t:|1700360215\n|switch|p2a: Marshadow|Marshadow|100\/100\n|turn|23\n|\n|t:|1700360230\n|move|p2a: Marshadow|Spectral Thief|p1a: Corsola\n|-supereffective|p1a: Corsola\n|-damage|p1a: Corsola|23\/100 brn\n|move|p1a: Corsola|Strength Sap|p2a: Marshadow\n|-unboost|p2a: Marshadow|atk|1\n|-heal|p1a: Corsola|100\/100 brn\n|\n|-damage|p1a: Corsola|94\/100 brn|[from] brn\n|upkeep\n|turn|24\n|\n|t:|1700360246\n|switch|p2a: Salamence|Salamence, M|100\/100\n|-ability|p2a: Salamence|Intimidate|boost\n|-unboost|p1a: Corsola|atk|1\n|move|p1a: Corsola|Will-O-Wisp|p2a: Salamence|[miss]\n|-miss|p1a: Corsola|p2a: Salamence\n|\n|-damage|p1a: Corsola|88\/100 brn|[from] brn\n|upkeep\n|turn|25\n|\n|t:|1700360257\n|switch|p2a: Marshadow|Marshadow|100\/100\n|move|p1a: Corsola|Will-O-Wisp|p2a: Marshadow\n|-status|p2a: Marshadow|brn\n|\n|-damage|p2a: Marshadow|94\/100 brn|[from] brn\n|-damage|p1a: Corsola|82\/100 brn|[from] brn\n|upkeep\n|turn|26\n|c|\u26062007jaylen|l mon\n|-message|2007jaylen forfeited.\n|\n|win|insanejokester\n|raw|insanejokester's rating: 1304 &rarr; <strong>1328<\/strong><br \/>(+24 for winning)\n|raw|2007jaylen's rating: 1369 &rarr; <strong>1345<\/strong><br \/>(-24 for losing)\n|l|\u26062007jaylen\n","uploadtime":1700360279,"views":6,"p1id":"insanejokester","p2id":"2007jaylen","formatid":"gen9nationaldexubers","rating":1328,"private":0,"password":""}