{"id":"gen9nationaldexubers-1990446365","p1":"iamatree98","p2":"85792195wwww","format":"[Gen 9] National Dex Ubers","log":"|j|\u2606iamatree98\n|j|\u260685792195wwww\n|t:|1699971765\n|gametype|singles\n|player|p1|iamatree98|2|1604\n|player|p2|85792195wwww|mira|1507\n|teamsize|p1|6\n|teamsize|p2|6\n|gen|9\n|tier|[Gen 9] National Dex Ubers\n|rated|\n|rule|HP Percentage Mod: HP is shown in percentages\n|rule|Endless Battle Clause: Forcing endless battles is banned\n|rule|OHKO Clause: OHKO moves are banned\n|rule|Evasion Moves Clause: Evasion moves are banned\n|rule|Evasion Items Clause: Evasion items are banned\n|rule|Species Clause: Limit one of each Pok\u00e9mon\n|rule|Sleep Clause Mod: Limit one foe put to sleep\n|rule|Mega Rayquaza Clause: You cannot mega evolve Rayquaza\n|clearpoke\n|poke|p1|Magearna|\n|poke|p1|Cresselia, F|\n|poke|p1|Rayquaza|\n|poke|p1|Porygon2|\n|poke|p1|Melmetal|\n|poke|p1|Kyogre|\n|poke|p2|Zacian-*|\n|poke|p2|Arceus-Ground|\n|poke|p2|Deoxys-Speed|\n|poke|p2|Landorus, M|\n|poke|p2|Groudon|\n|poke|p2|Kyurem-Black|\n|teampreview\n|inactive|Battle timer is ON: inactive players will automatically lose when time's up. (requested by iamatree98)\n|\n|t:|1699971773\n|start\n|switch|p1a: Porygon2|Porygon2|100\/100\n|switch|p2a: Deoxys|Deoxys-Speed|100\/100\n|-ability|p2a: Deoxys|Pressure\n|-ability|p1a: Porygon2|Pressure\n|-ability|p1a: Porygon2|Pressure|[from] ability: Trace|[of] p2a: Deoxys\n|turn|1\n|\n|t:|1699971784\n|move|p1a: Porygon2|Magic Coat|p1a: Porygon2\n|-singleturn|p1a: Porygon2|move: Magic Coat\n|move|p2a: Deoxys|Spikes|p1a: Porygon2\n|move|p1a: Porygon2|Spikes|p2a: Deoxys|[from]Magic Coat\n|-sidestart|p2: 85792195wwww|Spikes\n|\n|upkeep\n|turn|2\n|\n|t:|1699971796\n|move|p1a: Porygon2|Magic Coat|p1a: Porygon2\n|-singleturn|p1a: Porygon2|move: Magic Coat\n|move|p2a: Deoxys|Psycho Boost|p1a: Porygon2\n|-damage|p1a: Porygon2|74\/100\n|-unboost|p2a: Deoxys|spa|2\n|\n|upkeep\n|turn|3\n|\n|t:|1699971805\n|move|p1a: Porygon2|Magic Coat|p1a: Porygon2\n|-singleturn|p1a: Porygon2|move: Magic Coat\n|move|p2a: Deoxys|Psycho Boost|p1a: Porygon2\n|-damage|p1a: Porygon2|61\/100\n|-unboost|p2a: Deoxys|spa|2\n|\n|upkeep\n|turn|4\n|\n|t:|1699971814\n|move|p2a: Deoxys|Psycho Boost|p1a: Porygon2\n|-damage|p1a: Porygon2|51\/100\n|-unboost|p2a: Deoxys|spa|2\n|move|p1a: Porygon2|Recover|p1a: Porygon2\n|-heal|p1a: Porygon2|100\/100\n|\n|upkeep\n|turn|5\n|\n|t:|1699971823\n|switch|p2a: Groudon|Groudon|100\/100\n|-damage|p2a: Groudon|88\/100|[from] Spikes\n|detailschange|p2a: Groudon|Groudon-Primal\n|-primal|p2a: Groudon|Red Orb\n|-weather|DesolateLand|[from] ability: Desolate Land|[of] p2a: Groudon\n|move|p1a: Porygon2|Magic Coat|p1a: Porygon2\n|-singleturn|p1a: Porygon2|move: Magic Coat\n|\n|-weather|DesolateLand|[upkeep]\n|upkeep\n|turn|6\n|\n|t:|1699971833\n|move|p2a: Groudon|Heat Crash|p1a: Porygon2\n|-damage|p1a: Porygon2|17\/100\n|move|p1a: Porygon2|Trick Room|p1a: Porygon2\n|-fieldstart|move: Trick Room|[of] p1a: Porygon2\n|\n|-weather|DesolateLand|[upkeep]\n|upkeep\n|turn|7\n|\n|t:|1699971839\n|switch|p1a: Rayquaza|Rayquaza|100\/100\n|-ability|p1a: Rayquaza|Air Lock\n|move|p2a: Groudon|Heat Crash|p1a: Rayquaza\n|-resisted|p1a: Rayquaza\n|-damage|p1a: Rayquaza|65\/100\n|\n|-weather|DesolateLand|[upkeep]\n|upkeep\n|turn|8\n|\n|t:|1699971849\n|-weather|none\n|switch|p2a: Kyurem|Kyurem-Black|100\/100\n|-damage|p2a: Kyurem|88\/100|[from] Spikes\n|-ability|p2a: Kyurem|Teravolt\n|move|p1a: Rayquaza|Dragon Ascent|p2a: Kyurem\n|-crit|p2a: Kyurem\n|-damage|p2a: Kyurem|0 fnt\n|-unboost|p1a: Rayquaza|def|1\n|-unboost|p1a: Rayquaza|spd|1\n|faint|p2a: Kyurem\n|\n|upkeep\n|j| EpicGamer069420\n|\n|t:|1699971868\n|switch|p2a: Deoxys|Deoxys-Speed|100\/100\n|-damage|p2a: Deoxys|88\/100|[from] Spikes\n|-ability|p2a: Deoxys|Pressure\n|turn|9\n|\n|t:|1699971877\n|move|p1a: Rayquaza|Dragon Ascent|p2a: Deoxys\n|-damage|p2a: Deoxys|0 fnt\n|-unboost|p1a: Rayquaza|def|1\n|-unboost|p1a: Rayquaza|spd|1\n|faint|p2a: Deoxys\n|\n|upkeep\n|inactive|85792195wwww has 120 seconds left.\n|\n|t:|1699971904\n|switch|p2a: Arceus|Arceus-Ground|100\/100\n|-damage|p2a: Arceus|88\/100|[from] Spikes\n|turn|10\n|inactive|85792195wwww has 120 seconds left.\n|\n|t:|1699971910\n|switch|p1a: Porygon2|Porygon2|17\/100\n|move|p2a: Arceus|Dragon Dance|p2a: Arceus\n|-boost|p2a: Arceus|atk|1\n|-boost|p2a: Arceus|spe|1\n|\n|-fieldend|move: Trick Room\n|upkeep\n|turn|11\n|\n|t:|1699971918\n|move|p2a: Arceus|Earthquake|p1a: Porygon2\n|-damage|p1a: Porygon2|0 fnt\n|faint|p1a: Porygon2\n|\n|upkeep\n|\n|t:|1699971920\n|switch|p1a: Cresselia|Cresselia, F|100\/100\n|turn|12\n|\n|t:|1699971926\n|move|p2a: Arceus|Taunt|p1a: Cresselia\n|-start|p1a: Cresselia|move: Taunt\n|-enditem|p1a: Cresselia|Mental Herb\n|-end|p1a: Cresselia|move: Taunt\n|move|p1a: Cresselia|Trick Room|p1a: Cresselia\n|-fieldstart|move: Trick Room|[of] p1a: Cresselia\n|\n|upkeep\n|turn|13\n|\n|t:|1699971943\n|switch|p1a: Melmetal|Melmetal|100\/100\n|move|p2a: Arceus|Earthquake|p1a: Melmetal\n|-supereffective|p1a: Melmetal\n|-damage|p1a: Melmetal|21\/100\n|\n|upkeep\n|turn|14\n|\n|t:|1699971956\n|switch|p2a: Zacian|Zacian-Crowned|100\/100\n|-damage|p2a: Zacian|88\/100|[from] Spikes\n|-ability|p2a: Zacian|Intrepid Sword|boost\n|-boost|p2a: Zacian|atk|1\n|-terastallize|p1a: Melmetal|Steel\n|move|p1a: Melmetal|Double Iron Bash|p2a: Zacian\n|-damage|p2a: Zacian|6\/100\n|-damage|p2a: Zacian|0 fnt\n|faint|p2a: Zacian\n|-hitcount|p2: Zacian|2\n|\n|upkeep\n|inactive|85792195wwww has 120 seconds left.\n|\n|t:|1699971973\n|switch|p2a: Landorus|Landorus, M|100\/100\n|turn|15\n|inactive|85792195wwww has 120 seconds left.\n|-message|85792195wwww forfeited.\n|\n|win|iamatree98\n|raw|iamatree98's rating: 1604 &rarr; <strong>1619<\/strong><br \/>(+15 for winning)\n|raw|85792195wwww's rating: 1507 &rarr; <strong>1492<\/strong><br \/>(-15 for losing)\n|l|\u260685792195wwww\n|l| EpicGamer069420\n","uploadtime":1699972014,"views":7,"p1id":"iamatree98","p2id":"85792195wwww","formatid":"gen9nationaldexubers","rating":1492,"private":0,"password":""}