{"id":"gen9nationaldexubers-1982146876","p1":"Epic99","p2":"ThatDumbo","format":"[Gen 9] National Dex Ubers","log":"|j|\u2606Epic99\n|j|\u2606ThatDumbo\n|t:|1698972682\n|gametype|singles\n|player|p1|Epic99|benga|1070\n|player|p2|ThatDumbo|170|1194\n|teamsize|p1|6\n|teamsize|p2|6\n|gen|9\n|tier|[Gen 9] National Dex Ubers\n|rated|\n|rule|HP Percentage Mod: HP is shown in percentages\n|rule|Endless Battle Clause: Forcing endless battles is banned\n|rule|OHKO Clause: OHKO moves are banned\n|rule|Evasion Moves Clause: Evasion moves are banned\n|rule|Evasion Items Clause: Evasion items are banned\n|rule|Species Clause: Limit one of each Pok\u00e9mon\n|rule|Sleep Clause Mod: Limit one foe put to sleep\n|rule|Mega Rayquaza Clause: You cannot mega evolve Rayquaza\n|clearpoke\n|poke|p1|Xerneas-*|\n|poke|p1|Zygarde|\n|poke|p1|Necrozma-Dusk-Mane|\n|poke|p1|Blaziken, M|\n|poke|p1|Chien-Pao|\n|poke|p1|Gliscor, M|\n|poke|p2|Avalugg-Hisui, M|\n|poke|p2|Ninjask, M|\n|poke|p2|Crawdaunt, F|\n|poke|p2|Lopunny, M|\n|poke|p2|Ferrothorn, F|\n|poke|p2|Dragapult, F|\n|teampreview\n|inactive|Battle timer is ON: inactive players will automatically lose when time's up. (requested by Epic99)\n|\n|t:|1698972692\n|start\n|switch|p1a: Gliscor|Gliscor, M|100\/100\n|switch|p2a: Ferrothorn|Ferrothorn, F|100\/100\n|turn|1\n|\n|t:|1698972698\n|move|p1a: Gliscor|Swords Dance|p1a: Gliscor\n|-boost|p1a: Gliscor|atk|2\n|move|p2a: Ferrothorn|Leech Seed|p1a: Gliscor\n|-start|p1a: Gliscor|move: Leech Seed\n|\n|-damage|p1a: Gliscor|88\/100|[from] Leech Seed|[of] p2a: Ferrothorn\n|-status|p1a: Gliscor|tox|[from] item: Toxic Orb\n|upkeep\n|turn|2\n|\n|t:|1698972706\n|move|p1a: Gliscor|Crabhammer|p2a: Ferrothorn|[miss]\n|-miss|p1a: Gliscor|p2a: Ferrothorn\n|move|p2a: Ferrothorn|Curse|p2a: Ferrothorn\n|-unboost|p2a: Ferrothorn|spe|1\n|-boost|p2a: Ferrothorn|atk|1\n|-boost|p2a: Ferrothorn|def|1\n|\n|-damage|p1a: Gliscor|76\/100 tox|[from] Leech Seed|[of] p2a: Ferrothorn\n|-heal|p1a: Gliscor|88\/100 tox|[from] ability: Poison Heal\n|upkeep\n|turn|3\n|\n|t:|1698972713\n|move|p1a: Gliscor|Crabhammer|p2a: Ferrothorn\n|-resisted|p2a: Ferrothorn\n|-damage|p2a: Ferrothorn|89\/100\n|-damage|p1a: Gliscor|76\/100 tox|[from] ability: Iron Barbs|[of] p2a: Ferrothorn\n|-damage|p1a: Gliscor|59\/100 tox|[from] item: Rocky Helmet|[of] p2a: Ferrothorn\n|move|p2a: Ferrothorn|Curse|p2a: Ferrothorn\n|-unboost|p2a: Ferrothorn|spe|1\n|-boost|p2a: Ferrothorn|atk|1\n|-boost|p2a: Ferrothorn|def|1\n|\n|-damage|p1a: Gliscor|47\/100 tox|[from] Leech Seed|[of] p2a: Ferrothorn\n|-heal|p2a: Ferrothorn|100\/100|[silent]\n|-heal|p1a: Gliscor|59\/100 tox|[from] ability: Poison Heal\n|upkeep\n|turn|4\n|\n|t:|1698972729\n|move|p1a: Gliscor|Swords Dance|p1a: Gliscor\n|-boost|p1a: Gliscor|atk|2\n|move|p2a: Ferrothorn|Curse|p2a: Ferrothorn\n|-unboost|p2a: Ferrothorn|spe|1\n|-boost|p2a: Ferrothorn|atk|1\n|-boost|p2a: Ferrothorn|def|1\n|\n|-damage|p1a: Gliscor|47\/100 tox|[from] Leech Seed|[of] p2a: Ferrothorn\n|-heal|p1a: Gliscor|59\/100 tox|[from] ability: Poison Heal\n|upkeep\n|turn|5\n|\n|t:|1698972740\n|move|p1a: Gliscor|Swords Dance|p1a: Gliscor\n|-boost|p1a: Gliscor|atk|2\n|move|p2a: Ferrothorn|Curse|p2a: Ferrothorn\n|-unboost|p2a: Ferrothorn|spe|1\n|-boost|p2a: Ferrothorn|atk|1\n|-boost|p2a: Ferrothorn|def|1\n|\n|-damage|p1a: Gliscor|47\/100 tox|[from] Leech Seed|[of] p2a: Ferrothorn\n|-heal|p1a: Gliscor|59\/100 tox|[from] ability: Poison Heal\n|upkeep\n|turn|6\n|\n|t:|1698972751\n|move|p1a: Gliscor|Crabhammer|p2a: Ferrothorn\n|-resisted|p2a: Ferrothorn\n|-damage|p2a: Ferrothorn|88\/100\n|-damage|p1a: Gliscor|47\/100 tox|[from] ability: Iron Barbs|[of] p2a: Ferrothorn\n|-damage|p1a: Gliscor|30\/100 tox|[from] item: Rocky Helmet|[of] p2a: Ferrothorn\n|move|p2a: Ferrothorn|Curse|p2a: Ferrothorn\n|-unboost|p2a: Ferrothorn|spe|1\n|-boost|p2a: Ferrothorn|atk|1\n|-boost|p2a: Ferrothorn|def|1\n|\n|-damage|p1a: Gliscor|17\/100 tox|[from] Leech Seed|[of] p2a: Ferrothorn\n|-heal|p2a: Ferrothorn|100\/100|[silent]\n|-heal|p1a: Gliscor|30\/100 tox|[from] ability: Poison Heal\n|upkeep\n|turn|7\n|\n|t:|1698972767\n|move|p1a: Gliscor|Dark Pulse|p2a: Ferrothorn\n|-damage|p2a: Ferrothorn|94\/100\n|move|p2a: Ferrothorn|Curse|p2a: Ferrothorn\n|-unboost|p2a: Ferrothorn|spe|1\n|-boost|p2a: Ferrothorn|atk|1\n|-boost|p2a: Ferrothorn|def|1\n|\n|-damage|p1a: Gliscor|17\/100 tox|[from] Leech Seed|[of] p2a: Ferrothorn\n|-heal|p2a: Ferrothorn|100\/100|[silent]\n|-heal|p1a: Gliscor|30\/100 tox|[from] ability: Poison Heal\n|upkeep\n|turn|8\n|\n|t:|1698972778\n|move|p1a: Gliscor|Dark Pulse|p2a: Ferrothorn\n|-damage|p2a: Ferrothorn|94\/100\n|move|p2a: Ferrothorn|Power Whip|p1a: Gliscor\n|-damage|p1a: Gliscor|0 fnt\n|faint|p1a: Gliscor\n|\n|upkeep\n|-message|Epic99 forfeited.\n|\n|win|ThatDumbo\n|raw|Epic99's rating: 1070 &rarr; <strong>1057<\/strong><br \/>(-13 for losing)\n|raw|ThatDumbo's rating: 1194 &rarr; <strong>1210<\/strong><br \/>(+16 for winning)\n|l|\u2606Epic99\n","uploadtime":1698972792,"views":10,"p1id":"epic99","p2id":"thatdumbo","formatid":"gen9nationaldexubers","rating":1057,"private":0,"password":""}