{"id":"gen9nationaldexubers-1995073135","p1":"ArcheonOfWinter","p2":"TheDart31","format":"[Gen 9] National Dex Ubers","log":"|j|\u2606ArcheonOfWinter\n|j|\u2606TheDart31\n|t:|1700519609\n|gametype|singles\n|player|p1|ArcheonOfWinter|riley|\n|player|p2|TheDart31|petrel|\n|teamsize|p1|6\n|teamsize|p2|6\n|gen|9\n|tier|[Gen 9] National Dex Ubers\n|rule|HP Percentage Mod: HP is shown in percentages\n|rule|Endless Battle Clause: Forcing endless battles is banned\n|rule|OHKO Clause: OHKO moves are banned\n|rule|Evasion Moves Clause: Evasion moves are banned\n|rule|Evasion Items Clause: Evasion items are banned\n|rule|Species Clause: Limit one of each Pok\u00e9mon\n|rule|Sleep Clause Mod: Limit one foe put to sleep\n|rule|Mega Rayquaza Clause: You cannot mega evolve Rayquaza\n|clearpoke\n|poke|p1|Hatterene, F|\n|poke|p1|Abomasnow, F|\n|poke|p1|Golurk|\n|poke|p1|Slowking, F|\n|poke|p1|Roaring Moon|\n|poke|p1|Ursaluna, F|\n|poke|p2|Zeraora|\n|poke|p2|Bisharp, M|\n|poke|p2|Galvantula, F|\n|poke|p2|Diancie|\n|poke|p2|Slowbro, F|\n|poke|p2|Skarmory, M|\n|teampreview\n|j| birdnie\n|j| PCGReno\n|j| PorygonTheBot\n|c| PorygonTheBot|y'all are stupid\n|j| Captain_118\n|c|\u2606ArcheonOfWinter|gl hf!\n|c|\u2606TheDart31|You too!\n|j| ClipperMurray\n|c| Captain_118|yoo clipper\n|\n|t:|1700519679\n|start\n|switch|p1a: Slowking|Slowking, F|100\/100\n|switch|p2a: Patrick|Slowbro, F|100\/100\n|turn|1\n|c| birdnie|clipper join season 6\n|c| Captain_118|come back to us\n|c|\u2606ArcheonOfWinter|BROTHER!\n|c| PCGReno|clipper gang!\n|c| ClipperMurray|lol\n|c| birdnie|SLOW FACEOFF\n|c|\u2606TheDart31|Hey Clip\n|c| ClipperMurray|hullo\n|\n|t:|1700519736\n|switch|p2a: Owain|Zeraora|100\/100\n|move|p1a: Slowking|Trick Room|p1a: Slowking\n|-fieldstart|move: Trick Room|[of] p1a: Slowking\n|\n|upkeep\n|turn|2\n|\n|t:|1700519754\n|switch|p1a: Golurk|Golurk|100\/100\n|move|p2a: Owain|Knock Off|p1a: Golurk\n|-supereffective|p1a: Golurk\n|-damage|p1a: Golurk|33\/100\n|-enditem|p1a: Golurk|Life Orb|[from] move: Knock Off|[of] p2a: Owain\n|\n|upkeep\n|turn|3\n|c| birdnie|OOOOO\n|\n|t:|1700519765\n|switch|p2a: Strato|Skarmory, M|100\/100\n|move|p1a: Golurk|Earthquake|p2a: Strato\n|-immune|p2a: Strato\n|\n|upkeep\n|turn|4\n|\n|t:|1700519800\n|switch|p1a: Hatterene|Hatterene, F|100\/100\n|move|p2a: Strato|Toxic|p1a: Hatterene\n|move|p1a: Hatterene|Toxic|p2a: Strato|[from]ability: Magic Bounce\n|-immune|p2a: Strato\n|\n|upkeep\n|turn|5\n|c|\u2606TheDart31|well then\n|c|\u2606ArcheonOfWinter|lmao\n|\n|t:|1700519813\n|move|p1a: Hatterene|Gravity|p1a: Hatterene\n|-fieldstart|move: Gravity\n|move|p2a: Strato|Stealth Rock|p1a: Hatterene\n|move|p1a: Hatterene|Stealth Rock|p2a: Strato|[from]ability: Magic Bounce\n|-sidestart|p2: TheDart31|move: Stealth Rock\n|\n|-fieldend|move: Trick Room\n|upkeep\n|turn|6\n|c| PCGReno|hard hitting coemntary\n|c|\u2606TheDart31|I'm stupid\n|c| Captain_118|my brother\n|c| ClipperMurray|oof\n|c| PCGReno|thats a reno move\n|c| PCGReno|okay thats mean dart is smarter than me\n|c| birdnie|ive done that\n|\n|t:|1700519858\n|switch|p2a: Ronin|Bisharp, M, shiny|100\/100\n|-damage|p2a: Ronin|95\/100|[from] Stealth Rock\n|move|p1a: Hatterene|Trick Room|p1a: Hatterene\n|-fieldstart|move: Trick Room|[of] p1a: Hatterene\n|\n|upkeep\n|turn|7\n|\n|t:|1700519877\n|switch|p1a: Ursaluna|Ursaluna, F|100\/100\n|move|p2a: Ronin|Stone Edge|p1a: Ursaluna\n|-resisted|p1a: Ursaluna\n|-damage|p1a: Ursaluna|88\/100\n|\n|-status|p1a: Ursaluna|brn|[from] item: Flame Orb\n|upkeep\n|turn|8\n|j| AndohRuruka\n|\n|t:|1700519890\n|switch|p2a: Patrick|Slowbro, F|100\/100\n|-damage|p2a: Patrick|88\/100|[from] Stealth Rock\n|move|p1a: Ursaluna|Headlong Rush|p2a: Patrick\n|-crit|p2a: Patrick\n|-damage|p2a: Patrick|0 fnt\n|-unboost|p1a: Ursaluna|def|1\n|-unboost|p1a: Ursaluna|spd|1\n|faint|p2a: Patrick\n|\n|-damage|p1a: Ursaluna|82\/100 brn|[from] brn\n|upkeep\n|c| PCGReno|[boss music intensifies]\n|c| birdnie|not the crit\n|\n|t:|1700519935\n|switch|p2a: Strato|Skarmory, M|100\/100\n|-damage|p2a: Strato|88\/100|[from] Stealth Rock\n|turn|9\n|\n|t:|1700519951\n|switch|p2a: Owain|Zeraora|100\/100\n|move|p1a: Ursaluna|Headlong Rush|p2a: Owain\n|-supereffective|p2a: Owain\n|-damage|p2a: Owain|0 fnt\n|-unboost|p1a: Ursaluna|def|1\n|-unboost|p1a: Ursaluna|spd|1\n|faint|p2a: Owain\n|\n|-damage|p1a: Ursaluna|75\/100 brn|[from] brn\n|-fieldend|move: Gravity\n|upkeep\n|\n|t:|1700519971\n|switch|p2a: Arachne|Galvantula, F|100\/100\n|-damage|p2a: Arachne|76\/100|[from] Stealth Rock\n|turn|10\n|c|\u2606TheDart31|I lost about 5 turns a go\n|l| birdnie\n|\n|t:|1700520025\n|move|p1a: Ursaluna|Headlong Rush|p2a: Arachne\n|-damage|p2a: Arachne|0 fnt\n|-unboost|p1a: Ursaluna|def|1\n|-unboost|p1a: Ursaluna|spd|1\n|faint|p2a: Arachne\n|\n|-damage|p1a: Ursaluna|69\/100 brn|[from] brn\n|-fieldend|move: Trick Room\n|upkeep\n|\n|t:|1700520036\n|switch|p2a: Amethyst|Diancie|100\/100\n|-damage|p2a: Amethyst|88\/100|[from] Stealth Rock\n|turn|11\n|\n|t:|1700520048\n|switch|p1a: Slowking|Slowking, F|100\/100\n|move|p2a: Amethyst|Moonblast|p1a: Slowking\n|-damage|p1a: Slowking|67\/100\n|\n|upkeep\n|turn|12\n|\n|t:|1700520057\n|move|p2a: Amethyst|Calm Mind|p2a: Amethyst\n|-boost|p2a: Amethyst|spa|1\n|-boost|p2a: Amethyst|spd|1\n|move|p1a: Slowking|Trick Room|p1a: Slowking\n|-fieldstart|move: Trick Room|[of] p1a: Slowking\n|\n|upkeep\n|turn|13\n|\n|t:|1700520063\n|move|p2a: Amethyst|Calm Mind|p2a: Amethyst\n|-boost|p2a: Amethyst|spa|1\n|-boost|p2a: Amethyst|spd|1\n|move|p1a: Slowking|Teleport|p1a: Slowking\n|\n|t:|1700520083\n|switch|p1a: Golurk|Golurk|33\/100|[from] Teleport\n|\n|upkeep\n|turn|14\n|\n|t:|1700520103\n|move|p2a: Amethyst|Moonblast|p1a: Golurk\n|-damage|p1a: Golurk|0 fnt\n|faint|p1a: Golurk\n|\n|upkeep\n|\n|t:|1700520121\n|switch|p1a: Abomasnow|Abomasnow, F, shiny|100\/100\n|-weather|Snow|[from] ability: Snow Warning|[of] p1a: Abomasnow\n|turn|15\n|\n|t:|1700520132\n|detailschange|p1a: Abomasnow|Abomasnow-Mega, F, shiny\n|-mega|p1a: Abomasnow|Abomasnow|Abomasite\n|move|p1a: Abomasnow|Wood Hammer|p2a: Amethyst\n|-supereffective|p2a: Amethyst\n|-damage|p2a: Amethyst|3\/100\n|-damage|p1a: Abomasnow|78\/100|[from] Recoil\n|-enditem|p2a: Amethyst|Red Card|[of] p1a: Abomasnow\n|drag|p1a: Ursaluna|Ursaluna, F|69\/100 brn\n|move|p2a: Amethyst|Mystical Fire|p1a: Ursaluna\n|-damage|p1a: Ursaluna|27\/100 brn\n|-unboost|p1a: Ursaluna|spa|1\n|\n|-weather|Snow|[upkeep]\n|-damage|p1a: Ursaluna|20\/100 brn|[from] brn\n|upkeep\n|turn|16\n|\n|t:|1700520165\n|switch|p1a: Slowking|Slowking, F|99\/100\n|move|p2a: Amethyst|Moonblast|p1a: Slowking\n|-damage|p1a: Slowking|32\/100\n|\n|-weather|Snow|[upkeep]\n|-fieldend|move: Trick Room\n|upkeep\n|turn|17\n|\n|t:|1700520179\n|move|p2a: Amethyst|Moonblast|p1a: Slowking\n|-damage|p1a: Slowking|0 fnt\n|faint|p1a: Slowking\n|\n|-weather|Snow|[upkeep]\n|upkeep\n|\n|t:|1700520184\n|switch|p1a: Roaring Moon|Roaring Moon|100\/100\n|-enditem|p1a: Roaring Moon|Booster Energy\n|-activate|p1a: Roaring Moon|ability: Protosynthesis|[fromitem]\n|-start|p1a: Roaring Moon|protosynthesisspe\n|turn|18\n|\n|t:|1700520200\n|move|p1a: Roaring Moon|Knock Off|p2a: Amethyst\n|-resisted|p2a: Amethyst\n|-damage|p2a: Amethyst|0 fnt\n|faint|p2a: Amethyst\n|\n|-weather|Snow|[upkeep]\n|upkeep\n|\n|t:|1700520219\n|switch|p2a: Strato|Skarmory, M|88\/100\n|-damage|p2a: Strato|76\/100|[from] Stealth Rock\n|turn|19\n|\n|t:|1700520238\n|move|p1a: Roaring Moon|Dragon Dance|p1a: Roaring Moon\n|-boost|p1a: Roaring Moon|atk|1\n|-boost|p1a: Roaring Moon|spe|1\n|move|p2a: Strato|Toxic|p1a: Roaring Moon\n|-status|p1a: Roaring Moon|tox\n|\n|-weather|none\n|-heal|p2a: Strato|82\/100|[from] item: Leftovers\n|-damage|p1a: Roaring Moon|94\/100 tox|[from] psn\n|upkeep\n|turn|20\n|\n|t:|1700520248\n|move|p1a: Roaring Moon|Knock Off|p2a: Strato\n|-damage|p2a: Strato|36\/100\n|-enditem|p2a: Strato|Leftovers|[from] move: Knock Off|[of] p1a: Roaring Moon\n|move|p2a: Strato|Body Press|p1a: Roaring Moon\n|-supereffective|p1a: Roaring Moon\n|-damage|p1a: Roaring Moon|13\/100 tox\n|\n|-damage|p1a: Roaring Moon|1\/100 tox|[from] psn\n|upkeep\n|turn|21\n|\n|t:|1700520259\n|move|p1a: Roaring Moon|Crunch|p2a: Strato\n|-damage|p2a: Strato|0 fnt\n|faint|p2a: Strato\n|\n|-damage|p1a: Roaring Moon|0 fnt|[from] psn\n|faint|p1a: Roaring Moon\n|-end|p1a: Roaring Moon|Protosynthesis|[silent]\n|upkeep\n|\n|t:|1700520267\n|switch|p1a: Hatterene|Hatterene, F|100\/100\n|switch|p2a: Ronin|Bisharp, M, shiny|95\/100\n|-damage|p2a: Ronin|89\/100|[from] Stealth Rock\n|turn|22\n|\n|t:|1700520276\n|move|p2a: Ronin|Night Slash|p1a: Hatterene\n|-damage|p1a: Hatterene|62\/100\n|move|p1a: Hatterene|Trick Room|p1a: Hatterene\n|-fieldstart|move: Trick Room|[of] p1a: Hatterene\n|\n|-heal|p1a: Hatterene|68\/100|[from] item: Leftovers\n|upkeep\n|turn|23\n|\n|t:|1700520309\n|move|p1a: Hatterene|Healing Wish|p1a: Hatterene\n|faint|p1a: Hatterene\n|move|p2a: Ronin|Night Slash|p1: Hatterene|[notarget]\n|-fail|p2a: Ronin\n|\n|upkeep\n|\n|t:|1700520321\n|switch|p1a: Ursaluna|Ursaluna, F|20\/100 brn\n|-heal|p1a: Ursaluna|100\/100|[from] move: Healing Wish\n|turn|24\n|\n|t:|1700520338\n|move|p2a: Ronin|Sucker Punch|p1a: Ursaluna\n|-damage|p1a: Ursaluna|71\/100\n|move|p1a: Ursaluna|Close Combat|p2a: Ronin\n|-supereffective|p2a: Ronin\n|-damage|p2a: Ronin|0 fnt\n|-unboost|p1a: Ursaluna|def|1\n|-unboost|p1a: Ursaluna|spd|1\n|faint|p2a: Ronin\n|\n|win|ArcheonOfWinter\n|l| PorygonTheBot\n|c|\u2606TheDart31|GG\n|l| PCGReno\n|l|\u2606TheDart31\n|c|\u2606ArcheonOfWinter|gg!\n|l| Captain_118\n","uploadtime":1700520339,"views":10,"p1id":"archeonofwinter","p2id":"thedart31","formatid":"gen9nationaldexubers","rating":0,"private":0,"password":""}