{"id":"gen9nationaldexubers-1986332830","p1":"kyogre1114","p2":"Shido464","format":"[Gen 9] National Dex Ubers","log":"|j|\u2606kyogre1114\n|j|\u2606Shido464\n|t:|1699470045\n|gametype|singles\n|player|p1|kyogre1114|102|1000\n|player|p2|Shido464|shadowtriad|1059\n|teamsize|p1|4\n|teamsize|p2|6\n|gen|9\n|tier|[Gen 9] National Dex Ubers\n|rated|\n|rule|HP Percentage Mod: HP is shown in percentages\n|rule|Endless Battle Clause: Forcing endless battles is banned\n|rule|OHKO Clause: OHKO moves are banned\n|rule|Evasion Moves Clause: Evasion moves are banned\n|rule|Evasion Items Clause: Evasion items are banned\n|rule|Species Clause: Limit one of each Pok\u00e9mon\n|rule|Sleep Clause Mod: Limit one foe put to sleep\n|rule|Mega Rayquaza Clause: You cannot mega evolve Rayquaza\n|clearpoke\n|poke|p1|Accelgor, F|\n|poke|p1|Abomasnow, F|\n|poke|p1|Calyrex-Ice|\n|poke|p1|Alcremie, F|\n|poke|p2|Shuckle, M|\n|poke|p2|Sneasler, M|\n|poke|p2|Swellow, M|\n|poke|p2|Spectrier|\n|poke|p2|Scizor, M|\n|poke|p2|Samurott-Hisui, M|\n|teampreview\n|inactive|Battle timer is ON: inactive players will automatically lose when time's up. (requested by Shido464)\n|c|\u2606Shido464|Lol\n|\n|t:|1699470061\n|start\n|switch|p1a: Abomasnow|Abomasnow, F|100\/100\n|switch|p2a: Swellow|Swellow, M|100\/100\n|-weather|Snow|[from] ability: Snow Warning|[of] p1a: Abomasnow\n|turn|1\n|\n|t:|1699470076\n|-terastallize|p2a: Swellow|Normal\n|move|p2a: Swellow|Work Up|p2a: Swellow\n|-boost|p2a: Swellow|atk|1\n|-boost|p2a: Swellow|spa|1\n|move|p1a: Abomasnow|Aurora Veil|p1a: Abomasnow\n|-sidestart|p1: kyogre1114|move: Aurora Veil\n|\n|-weather|Snow|[upkeep]\n|upkeep\n|turn|2\n|\n|t:|1699470092\n|switch|p1a: Calyrex|Calyrex-Ice|100\/100\n|-ability|p1a: Calyrex|As One\n|-ability|p1a: Calyrex|Unnerve\n|move|p2a: Swellow|Boomburst|p1a: Calyrex\n|-damage|p1a: Calyrex|69\/100\n|-enditem|p2a: Swellow|Throat Spray\n|-boost|p2a: Swellow|spa|1|[from] item: Throat Spray\n|\n|-weather|Snow|[upkeep]\n|upkeep\n|turn|3\n|\n|t:|1699470106\n|move|p2a: Swellow|Boomburst|p1a: Calyrex\n|-damage|p1a: Calyrex|24\/100\n|move|p1a: Calyrex|Speed Swap|p2a: Swellow\n|-activate|p1a: Calyrex|move: Speed Swap|[of] p2a: Swellow\n|\n|-weather|Snow|[upkeep]\n|upkeep\n|turn|4\n|\n|t:|1699470118\n|move|p1a: Calyrex|Glacial Lance|p2a: Swellow\n|-damage|p2a: Swellow|0 fnt\n|faint|p2a: Swellow\n|-ability|p1a: Calyrex|Chilling Neigh|boost\n|-boost|p1a: Calyrex|atk|1\n|\n|-weather|Snow|[upkeep]\n|upkeep\n|\n|t:|1699470125\n|switch|p2a: Spectrier|Spectrier|100\/100\n|turn|5\n|\n|t:|1699470131\n|move|p2a: Spectrier|Shadow Ball|p1a: Calyrex\n|-supereffective|p1a: Calyrex\n|-damage|p1a: Calyrex|0 fnt\n|faint|p1a: Calyrex\n|-ability|p2a: Spectrier|Grim Neigh|boost\n|-boost|p2a: Spectrier|spa|1\n|\n|-weather|none\n|-sideend|p1: kyogre1114|move: Aurora Veil\n|upkeep\n|\n|t:|1699470144\n|switch|p1a: Abomasnow|Abomasnow, F|100\/100\n|-weather|Snow|[from] ability: Snow Warning|[of] p1a: Abomasnow\n|turn|6\n|\n|t:|1699470151\n|-zpower|p2a: Spectrier\n|move|p2a: Spectrier|Black Hole Eclipse|p1a: Abomasnow|[zeffect]\n|-damage|p1a: Abomasnow|10\/100\n|-enditem|p1a: Abomasnow|Red Card|[of] p2a: Spectrier\n|drag|p2a: Shuckle|Shuckle, M|100\/100\n|move|p1a: Abomasnow|Aurora Veil|p1a: Abomasnow\n|-sidestart|p1: kyogre1114|move: Aurora Veil\n|\n|-weather|Snow|[upkeep]\n|upkeep\n|turn|7\n|\n|t:|1699470167\n|move|p1a: Abomasnow|Brick Break|p2a: Shuckle\n|-damage|p2a: Shuckle|87\/100\n|-damage|p1a: Abomasnow|0 fnt|[from] item: Rocky Helmet|[of] p2a: Shuckle\n|faint|p1a: Abomasnow\n|move|p2a: Shuckle|Shell Smash|p2a: Shuckle\n|-boost|p2a: Shuckle|def|1\n|-boost|p2a: Shuckle|spd|1\n|-unboost|p2a: Shuckle|atk|2\n|-unboost|p2a: Shuckle|spa|2\n|-unboost|p2a: Shuckle|spe|2\n|\n|-weather|Snow|[upkeep]\n|upkeep\n|\n|t:|1699470180\n|switch|p1a: Accelgor|Accelgor, F|100\/100\n|turn|8\n|inactive|Shido464 has 120 seconds left.\n|l|\u2606Shido464\n|inactive|Shido464 disconnected and has a minute to reconnect!\n|player|p2|\n|inactive|Shido464 has 30 seconds to reconnect!\n|inactive|Shido464 has 20 seconds to reconnect!\n|j|\u2606Shido464\n|inactive|Shido464 reconnected and has 65 seconds left.\n|player|p2|Shido464|shadowtriad\n|inactive|Shido464 has 60 seconds left.\n|\n|t:|1699470274\n|move|p1a: Accelgor|Bug Buzz|p2a: Shuckle\n|-damage|p2a: Shuckle|71\/100\n|-boost|p2a: Shuckle|spd|1\n|move|p2a: Shuckle|Shell Smash|p2a: Shuckle\n|-boost|p2a: Shuckle|def|1\n|-boost|p2a: Shuckle|spd|1\n|-unboost|p2a: Shuckle|atk|2\n|-unboost|p2a: Shuckle|spa|2\n|-unboost|p2a: Shuckle|spe|2\n|\n|-weather|Snow|[upkeep]\n|upkeep\n|turn|9\n|\n|t:|1699470287\n|move|p1a: Accelgor|Leech Life|p2a: Shuckle\n|-damage|p2a: Shuckle|63\/100\n|-damage|p1a: Accelgor|84\/100|[from] item: Rocky Helmet|[of] p2a: Shuckle\n|move|p2a: Shuckle|Shell Smash|p2a: Shuckle\n|-boost|p2a: Shuckle|def|1\n|-boost|p2a: Shuckle|spd|1\n|-unboost|p2a: Shuckle|atk|2\n|-unboost|p2a: Shuckle|spa|2\n|-unboost|p2a: Shuckle|spe|2\n|\n|-weather|Snow|[upkeep]\n|upkeep\n|turn|10\n|inactive|kyogre1114 has 120 seconds left.\n|-message|kyogre1114 forfeited by changing their name.\n|l|kyogre1114\n|\n|win|Shido464\n|raw|kyogre1114's rating: 1000 &rarr; <strong>1000<\/strong><br \/>(+0 for losing)\n|raw|Shido464's rating: 1059 &rarr; <strong>1085<\/strong><br \/>(+26 for winning)\n|j| kyogre1144\n|l|\u2606Shido464\n","uploadtime":1699470422,"views":5,"p1id":"kyogre1114","p2id":"shido464","formatid":"gen9nationaldexubers","rating":1000,"private":0,"password":""}