{"id":"gen9nationaldexubers-1992474471","p1":"deleter191","p2":"jmmannar27","format":"[Gen 9] National Dex Ubers","log":"|j|\u2606deleter191\n|j|\u2606jmmannar27\n|t:|1700192064\n|gametype|singles\n|player|p1|deleter191|giovanni|\n|player|p2|jmmannar27|biker-gen4|\n|teamsize|p1|6\n|teamsize|p2|6\n|gen|9\n|tier|[Gen 9] National Dex Ubers\n|rule|HP Percentage Mod: HP is shown in percentages\n|rule|Endless Battle Clause: Forcing endless battles is banned\n|rule|OHKO Clause: OHKO moves are banned\n|rule|Evasion Moves Clause: Evasion moves are banned\n|rule|Evasion Items Clause: Evasion items are banned\n|rule|Species Clause: Limit one of each Pok\u00e9mon\n|rule|Sleep Clause Mod: Limit one foe put to sleep\n|rule|Mega Rayquaza Clause: You cannot mega evolve Rayquaza\n|clearpoke\n|poke|p1|Serperior, M|\n|poke|p1|Haxorus, M|\n|poke|p1|Gigalith, F|\n|poke|p1|Victini|\n|poke|p1|Genesect-Shock|\n|poke|p1|Zoroark-Hisui, F|\n|poke|p2|Clodsire, F|\n|poke|p2|Cyclizar, F|\n|poke|p2|Espathra, M|\n|poke|p2|Gholdengo|\n|poke|p2|Baxcalibur, M|\n|poke|p2|Meowscarada, F|\n|teampreview\n|\n|t:|1700192088\n|start\n|switch|p1a: Giga-balls|Gigalith, F|100\/100\n|switch|p2a: Cyclizar|Cyclizar, F, shiny|100\/100\n|-weather|Sandstorm|[from] ability: Sand Stream|[of] p1a: Giga-balls\n|turn|1\n|\n|t:|1700192097\n|move|p2a: Cyclizar|Shed Tail|p2a: Cyclizar\n|-start|p2a: Cyclizar|Substitute|[from] move: Shed Tail\n|-damage|p2a: Cyclizar|50\/100\n|-enditem|p2a: Cyclizar|Sitrus Berry|[eat]\n|-heal|p2a: Cyclizar|75\/100|[from] item: Sitrus Berry\n|\n|t:|1700192105\n|switch|p2a: Meowscarada|Meowscarada, F|100\/100|[from] Shed Tail\n|move|p1a: Giga-balls|Stealth Rock|p2a: Meowscarada\n|-sidestart|p2: jmmannar27|move: Stealth Rock\n|\n|-weather|Sandstorm|[upkeep]\n|-damage|p2a: Meowscarada|94\/100|[from] Sandstorm\n|upkeep\n|turn|2\n|\n|t:|1700192128\n|switch|p1a: MeinKraft Killer|Haxorus, M|100\/100\n|move|p2a: Meowscarada|Flower Trick|p1a: MeinKraft Killer\n|-start|p2a: Meowscarada|typechange|Grass|[from] ability: Protean\n|-crit|p1a: MeinKraft Killer\n|-damage|p1a: MeinKraft Killer|0 fnt\n|replace|p1a: Not Zoroark|Zoroark-Hisui, F\n|-end|p1a: Not Zoroark|Illusion\n|faint|p1a: Not Zoroark\n|\n|-weather|Sandstorm|[upkeep]\n|-damage|p2a: Meowscarada|88\/100|[from] Sandstorm\n|upkeep\n|\n|t:|1700192145\n|switch|p1a: Genesect|Genesect-Shock, shiny|100\/100\n|-ability|p1a: Genesect|Download|boost\n|-boost|p1a: Genesect|atk|1\n|turn|3\n|\n|t:|1700192157\n|switch|p2a: Clodsire|Clodsire, F, shiny|100\/100\n|-damage|p2a: Clodsire|94\/100|[from] Stealth Rock\n|move|p1a: Genesect|Extreme Speed|p2a: Clodsire\n|-damage|p2a: Clodsire|64\/100\n|\n|-weather|Sandstorm|[upkeep]\n|upkeep\n|turn|4\n|\n|t:|1700192183\n|move|p1a: Genesect|U-turn|p2a: Clodsire\n|-resisted|p2a: Clodsire\n|-damage|p2a: Clodsire|44\/100\n|\n|t:|1700192197\n|switch|p1a: Giga-balls|Gigalith, F|100\/100|[from] U-turn\n|-zpower|p2a: Clodsire\n|move|p2a: Clodsire|Z-Stockpile|p2a: Clodsire|[anim]Stockpile\n|-heal|p2a: Clodsire|100\/100|[zeffect]\n|-start|p2a: Clodsire|stockpile1\n|-boost|p2a: Clodsire|def|1\n|-boost|p2a: Clodsire|spd|1\n|\n|-weather|Sandstorm|[upkeep]\n|upkeep\n|turn|5\n|\n|t:|1700192209\n|move|p1a: Giga-balls|Earthquake|p2a: Clodsire\n|-supereffective|p2a: Clodsire\n|-damage|p2a: Clodsire|62\/100\n|move|p2a: Clodsire|Stockpile|p2a: Clodsire\n|-start|p2a: Clodsire|stockpile2\n|-boost|p2a: Clodsire|def|1\n|-boost|p2a: Clodsire|spd|1\n|\n|-weather|none\n|upkeep\n|turn|6\n|\n|t:|1700192222\n|move|p1a: Giga-balls|Earthquake|p2a: Clodsire\n|-supereffective|p2a: Clodsire\n|-crit|p2a: Clodsire\n|-damage|p2a: Clodsire|0 fnt\n|faint|p2a: Clodsire\n|\n|upkeep\n|\n|t:|1700192238\n|switch|p2a: Meowscarada|Meowscarada, F|88\/100\n|-damage|p2a: Meowscarada|76\/100|[from] Stealth Rock\n|turn|7\n|\n|t:|1700192246\n|move|p1a: Giga-balls|Protect|p1a: Giga-balls\n|-singleturn|p1a: Giga-balls|Protect\n|move|p2a: Meowscarada|Flower Trick|p1a: Giga-balls\n|-start|p2a: Meowscarada|typechange|Grass|[from] ability: Protean\n|-activate|p1a: Giga-balls|move: Protect\n|\n|upkeep\n|turn|8\n|\n|t:|1700192275\n|move|p2a: Meowscarada|Flower Trick|p1a: Giga-balls\n|-supereffective|p1a: Giga-balls\n|-crit|p1a: Giga-balls\n|-damage|p1a: Giga-balls|0 fnt\n|faint|p1a: Giga-balls\n|\n|upkeep\n|\n|t:|1700192286\n|switch|p1a: Genesect|Genesect-Shock, shiny|100\/100\n|-ability|p1a: Genesect|Download|boost\n|-boost|p1a: Genesect|atk|1\n|turn|9\n|\n|t:|1700192312\n|switch|p2a: Cyclizar|Cyclizar, F, shiny|100\/100\n|-damage|p2a: Cyclizar|88\/100|[from] Stealth Rock\n|move|p1a: Genesect|Ice Beam|p2a: Cyclizar\n|-supereffective|p2a: Cyclizar\n|-damage|p2a: Cyclizar|8\/100\n|\n|upkeep\n|turn|10\n|\n|t:|1700192326\n|move|p1a: Genesect|Extreme Speed|p2a: Cyclizar\n|-damage|p2a: Cyclizar|0 fnt\n|faint|p2a: Cyclizar\n|\n|upkeep\n|\n|t:|1700192334\n|switch|p2a: Bax streets bax|Baxcalibur, M|100\/100\n|-damage|p2a: Bax streets bax|76\/100|[from] Stealth Rock\n|turn|11\n|\n|t:|1700192373\n|move|p2a: Bax streets bax|Earthquake|p1a: Genesect\n|-damage|p1a: Genesect|55\/100\n|move|p1a: Genesect|U-turn|p2a: Bax streets bax\n|-damage|p2a: Bax streets bax|33\/100\n|\n|t:|1700192382\n|switch|p1a: Vic-Tiny|Victini|100\/100|[from] U-turn\n|\n|upkeep\n|turn|12\n|\n|t:|1700192403\n|-terastallize|p2a: Bax streets bax|Dragon\n|move|p1a: Vic-Tiny|U-turn|p2a: Bax streets bax\n|-damage|p2a: Bax streets bax|13\/100\n|\n|t:|1700192411\n|switch|p1a: Genesect|Genesect-Shock, shiny|55\/100|[from] U-turn\n|-ability|p1a: Genesect|Download|boost\n|-boost|p1a: Genesect|spa|1\n|move|p2a: Bax streets bax|Scale Shot|p1a: Genesect\n|-resisted|p1a: Genesect\n|-damage|p1a: Genesect|44\/100\n|-resisted|p1a: Genesect\n|-damage|p1a: Genesect|32\/100\n|-resisted|p1a: Genesect\n|-damage|p1a: Genesect|20\/100\n|-resisted|p1a: Genesect\n|-damage|p1a: Genesect|7\/100\n|-hitcount|p1a: Genesect|4\n|-unboost|p2a: Bax streets bax|def|1\n|-boost|p2a: Bax streets bax|spe|1\n|\n|upkeep\n|turn|13\n|\n|t:|1700192443\n|move|p1a: Genesect|Extreme Speed|p2a: Bax streets bax\n|-damage|p2a: Bax streets bax|0 fnt\n|faint|p2a: Bax streets bax\n|\n|upkeep\n|\n|t:|1700192452\n|switch|p2a: Meowscarada|Meowscarada, F|76\/100\n|-damage|p2a: Meowscarada|64\/100|[from] Stealth Rock\n|turn|14\n|\n|t:|1700192462\n|move|p1a: Genesect|Extreme Speed|p2a: Meowscarada\n|-damage|p2a: Meowscarada|30\/100\n|move|p2a: Meowscarada|Sucker Punch||[still]\n|-fail|p2a: Meowscarada\n|\n|upkeep\n|turn|15\n|\n|t:|1700192482\n|switch|p2a: Espathra|Espathra, M, shiny|100\/100\n|-damage|p2a: Espathra|88\/100|[from] Stealth Rock\n|move|p1a: Genesect|Extreme Speed|p2a: Espathra\n|-damage|p2a: Espathra|68\/100\n|\n|-heal|p2a: Espathra|74\/100|[from] item: Leftovers\n|upkeep\n|turn|16\n|\n|t:|1700192495\n|move|p2a: Espathra|Protect|p2a: Espathra\n|-singleturn|p2a: Espathra|Protect\n|move|p1a: Genesect|Extreme Speed|p2a: Espathra\n|-activate|p2a: Espathra|move: Protect\n|\n|-heal|p2a: Espathra|80\/100|[from] item: Leftovers\n|-ability|p2a: Espathra|Speed Boost|boost\n|-boost|p2a: Espathra|spe|1\n|upkeep\n|turn|17\n|\n|t:|1700192507\n|move|p1a: Genesect|Extreme Speed|p2a: Espathra\n|-damage|p2a: Espathra|61\/100\n|move|p2a: Espathra|Calm Mind|p2a: Espathra\n|-boost|p2a: Espathra|spa|1\n|-boost|p2a: Espathra|spd|1\n|\n|-heal|p2a: Espathra|67\/100|[from] item: Leftovers\n|-ability|p2a: Espathra|Speed Boost|boost\n|-boost|p2a: Espathra|spe|1\n|upkeep\n|turn|18\n|\n|t:|1700192516\n|move|p2a: Espathra|Protect|p2a: Espathra\n|-singleturn|p2a: Espathra|Protect\n|move|p1a: Genesect|U-turn|p2a: Espathra\n|-activate|p2a: Espathra|move: Protect\n|\n|-heal|p2a: Espathra|73\/100|[from] item: Leftovers\n|-ability|p2a: Espathra|Speed Boost|boost\n|-boost|p2a: Espathra|spe|1\n|upkeep\n|turn|19\n|\n|t:|1700192531\n|move|p2a: Espathra|Stored Power|p1a: Genesect\n|-resisted|p1a: Genesect\n|-damage|p1a: Genesect|0 fnt\n|faint|p1a: Genesect\n|\n|-heal|p2a: Espathra|80\/100|[from] item: Leftovers\n|-ability|p2a: Espathra|Speed Boost|boost\n|-boost|p2a: Espathra|spe|1\n|upkeep\n|\n|t:|1700192543\n|switch|p1a: MeinKraft Killer|Haxorus, M|100\/100\n|-ability|p1a: MeinKraft Killer|Mold Breaker\n|turn|20\n|\n|t:|1700192556\n|move|p2a: Espathra|Protect|p2a: Espathra\n|-singleturn|p2a: Espathra|Protect\n|move|p1a: MeinKraft Killer|Swords Dance|p1a: MeinKraft Killer\n|-boost|p1a: MeinKraft Killer|atk|2\n|\n|-heal|p2a: Espathra|86\/100|[from] item: Leftovers\n|-ability|p2a: Espathra|Speed Boost|boost\n|-boost|p2a: Espathra|spe|1\n|upkeep\n|turn|21\n|\n|t:|1700192573\n|move|p2a: Espathra|Stored Power|p1a: MeinKraft Killer\n|-damage|p1a: MeinKraft Killer|0 fnt\n|faint|p1a: MeinKraft Killer\n|\n|-heal|p2a: Espathra|92\/100|[from] item: Leftovers\n|-ability|p2a: Espathra|Speed Boost|boost\n|-boost|p2a: Espathra|spe|1\n|upkeep\n|\n|t:|1700192580\n|switch|p1a: Vic-Tiny|Victini|100\/100\n|turn|22\n|\n|t:|1700192588\n|move|p2a: Espathra|Stored Power|p1a: Vic-Tiny\n|-resisted|p1a: Vic-Tiny\n|-damage|p1a: Vic-Tiny|55\/100\n|move|p1a: Vic-Tiny|Bolt Strike|p2a: Espathra\n|-damage|p2a: Espathra|54\/100\n|\n|-heal|p2a: Espathra|61\/100|[from] item: Leftovers\n|upkeep\n|turn|23\n|\n|t:|1700192597\n|move|p2a: Espathra|Roost|p2a: Espathra\n|-heal|p2a: Espathra|100\/100\n|-singleturn|p2a: Espathra|move: Roost\n|move|p1a: Vic-Tiny|U-turn|p2a: Espathra\n|-supereffective|p2a: Espathra\n|-damage|p2a: Espathra|60\/100\n|\n|t:|1700192602\n|switch|p1a: Sweeper|Serperior, M|100\/100|[from] U-turn\n|\n|-heal|p2a: Espathra|67\/100|[from] item: Leftovers\n|upkeep\n|turn|24\n|\n|t:|1700192610\n|move|p2a: Espathra|Stored Power|p1a: Sweeper\n|-damage|p1a: Sweeper|0 fnt\n|faint|p1a: Sweeper\n|\n|-heal|p2a: Espathra|73\/100|[from] item: Leftovers\n|upkeep\n|\n|t:|1700192615\n|switch|p1a: Vic-Tiny|Victini|55\/100\n|turn|25\n|\n|t:|1700192619\n|move|p2a: Espathra|Stored Power|p1a: Vic-Tiny\n|-resisted|p1a: Vic-Tiny\n|-damage|p1a: Vic-Tiny|5\/100\n|move|p1a: Vic-Tiny|V-create|p2a: Espathra\n|-damage|p2a: Espathra|6\/100\n|-unboost|p1a: Vic-Tiny|spe|1\n|-unboost|p1a: Vic-Tiny|def|1\n|-unboost|p1a: Vic-Tiny|spd|1\n|\n|-heal|p2a: Espathra|12\/100|[from] item: Leftovers\n|upkeep\n|turn|26\n|\n|t:|1700192630\n|move|p2a: Espathra|Stored Power|p1a: Vic-Tiny\n|-resisted|p1a: Vic-Tiny\n|-damage|p1a: Vic-Tiny|0 fnt\n|faint|p1a: Vic-Tiny\n|\n|win|jmmannar27\n","uploadtime":1700192652,"views":25,"p1id":"deleter191","p2id":"jmmannar27","formatid":"gen9nationaldexubers","rating":0,"private":0,"password":""}