{"id":"gen9nationaldexubers-1998790537","p1":"elementalization","p2":"qazserfvgyujnko","format":"[Gen 9] National Dex Ubers","log":"|j|\u2606elementalization\n|j|\u2606qazserfvgyujnko\n|t:|1700991514\n|gametype|singles\n|player|p1|elementalization|265|1262\n|player|p2|qazserfvgyujnko|janine|1143\n|teamsize|p1|6\n|teamsize|p2|6\n|gen|9\n|tier|[Gen 9] National Dex Ubers\n|rated|\n|rule|HP Percentage Mod: HP is shown in percentages\n|rule|Endless Battle Clause: Forcing endless battles is banned\n|rule|OHKO Clause: OHKO moves are banned\n|rule|Evasion Moves Clause: Evasion moves are banned\n|rule|Evasion Items Clause: Evasion items are banned\n|rule|Species Clause: Limit one of each Pok\u00e9mon\n|rule|Sleep Clause Mod: Limit one foe put to sleep\n|rule|Mega Rayquaza Clause: You cannot mega evolve Rayquaza\n|clearpoke\n|poke|p1|Deoxys-Speed|\n|poke|p1|Zygarde|\n|poke|p1|Mawile, F|\n|poke|p1|Ribombee, F|\n|poke|p1|Eternatus|\n|poke|p1|Gholdengo|\n|poke|p2|Baxcalibur, F|\n|poke|p2|Ogerpon-Hearthflame, F|\n|poke|p2|Ferrothorn, F|\n|poke|p2|Toxapex, F|\n|poke|p2|Lucario, F|\n|poke|p2|Ninetales-Alola, M|\n|teampreview\n|inactive|Battle timer is ON: inactive players will automatically lose when time's up. (requested by elementalization)\n|\n|t:|1700991539\n|start\n|switch|p1a: Deoxys|Deoxys-Speed, shiny|100\/100\n|switch|p2a: Baxcalibur|Baxcalibur, F|100\/100\n|-ability|p1a: Deoxys|Pressure\n|turn|1\n|\n|t:|1700991548\n|move|p1a: Deoxys|Taunt|p2a: Baxcalibur\n|-start|p2a: Baxcalibur|move: Taunt\n|cant|p2a: Baxcalibur|move: Taunt|Dragon Dance\n|\n|upkeep\n|turn|2\n|\n|t:|1700991553\n|move|p1a: Deoxys|Stealth Rock|p2a: Baxcalibur\n|-sidestart|p2: qazserfvgyujnko|move: Stealth Rock\n|move|p2a: Baxcalibur|Scale Shot|p1a: Deoxys\n|-damage|p1a: Deoxys|83\/100\n|-damage|p1a: Deoxys|67\/100\n|-damage|p1a: Deoxys|49\/100\n|-damage|p1a: Deoxys|31\/100\n|-hitcount|p1a: Deoxys|4\n|-unboost|p2a: Baxcalibur|def|1\n|-boost|p2a: Baxcalibur|spe|1\n|\n|upkeep\n|turn|3\n|\n|t:|1700991564\n|move|p1a: Deoxys|Spikes|p2a: Baxcalibur\n|-sidestart|p2: qazserfvgyujnko|Spikes\n|move|p2a: Baxcalibur|Icicle Spear|p1a: Deoxys\n|-damage|p1a: Deoxys|12\/100\n|-damage|p1a: Deoxys|0 fnt\n|faint|p1a: Deoxys\n|-hitcount|p1: Deoxys|2\n|\n|-end|p2a: Baxcalibur|move: Taunt\n|upkeep\n|\n|t:|1700991573\n|switch|p1a: Ribombee|Ribombee, F, shiny|100\/100\n|turn|4\n|\n|t:|1700991578\n|move|p2a: Baxcalibur|Icicle Spear|p1a: Ribombee\n|-crit|p1a: Ribombee\n|-damage|p1a: Ribombee|63\/100\n|-damage|p1a: Ribombee|42\/100\n|-damage|p1a: Ribombee|20\/100\n|-damage|p1a: Ribombee|0 fnt\n|faint|p1a: Ribombee\n|-hitcount|p1: Ribombee|4\n|\n|upkeep\n|\n|t:|1700991588\n|switch|p1a: Eternatus|Eternatus|100\/100\n|-ability|p1a: Eternatus|Pressure\n|turn|5\n|\n|t:|1700991598\n|-terastallize|p2a: Baxcalibur|Dragon\n|-terastallize|p1a: Eternatus|Bug\n|move|p2a: Baxcalibur|Scale Shot|p1a: Eternatus\n|-damage|p1a: Eternatus|84\/100\n|-damage|p1a: Eternatus|68\/100\n|-damage|p1a: Eternatus|51\/100\n|-damage|p1a: Eternatus|33\/100\n|-damage|p1a: Eternatus|17\/100\n|-hitcount|p1a: Eternatus|5\n|-unboost|p2a: Baxcalibur|def|1\n|-boost|p2a: Baxcalibur|spe|1\n|move|p1a: Eternatus|Dragon Tail|p2a: Baxcalibur\n|-supereffective|p2a: Baxcalibur\n|-damage|p2a: Baxcalibur|37\/100\n|drag|p2a: Ogerpon|Ogerpon-Hearthflame, F|100\/100\n|-damage|p2a: Ogerpon|76\/100|[from] Stealth Rock\n|-damage|p2a: Ogerpon|63\/100|[from] Spikes\n|-ability|p2a: Ogerpon|Mold Breaker\n|\n|-heal|p1a: Eternatus|23\/100|[from] item: Leftovers\n|upkeep\n|turn|6\n|\n|t:|1700991616\n|move|p1a: Eternatus|Toxic Spikes|p2a: Ogerpon\n|-sidestart|p2: qazserfvgyujnko|move: Toxic Spikes\n|move|p2a: Ogerpon|Ivy Cudgel|p1a: Eternatus|[anim] Ivy Cudgel Fire\n|-supereffective|p1a: Eternatus\n|-damage|p1a: Eternatus|0 fnt\n|faint|p1a: Eternatus\n|\n|upkeep\n|\n|t:|1700991624\n|switch|p1a: Gholdengo|Gholdengo, shiny|100\/100\n|turn|7\n|\n|t:|1700991633\n|move|p2a: Ogerpon|Ivy Cudgel|p1a: Gholdengo|[anim] Ivy Cudgel Fire\n|-supereffective|p1a: Gholdengo\n|-damage|p1a: Gholdengo|0 fnt\n|faint|p1a: Gholdengo\n|\n|upkeep\n|\n|t:|1700991637\n|switch|p1a: Zygarde|Zygarde, shiny|100\/100\n|turn|8\n|\n|t:|1700991645\n|switch|p2a: Ninetales|Ninetales-Alola, M|100\/100\n|-damage|p2a: Ninetales|76\/100|[from] Stealth Rock\n|-damage|p2a: Ninetales|64\/100|[from] Spikes\n|-status|p2a: Ninetales|psn\n|-weather|Snow|[from] ability: Snow Warning|[of] p2a: Ninetales\n|move|p1a: Zygarde|Dragon Dance|p1a: Zygarde\n|-boost|p1a: Zygarde|atk|1\n|-boost|p1a: Zygarde|spe|1\n|\n|-weather|Snow|[upkeep]\n|-damage|p2a: Ninetales|51\/100 psn|[from] psn\n|upkeep\n|turn|9\n|\n|t:|1700991658\n|move|p2a: Ninetales|Blizzard|p1a: Zygarde\n|-supereffective|p1a: Zygarde\n|-damage|p1a: Zygarde|0 fnt\n|faint|p1a: Zygarde\n|\n|-weather|Snow|[upkeep]\n|-damage|p2a: Ninetales|39\/100 psn|[from] psn\n|upkeep\n|\n|t:|1700991661\n|switch|p1a: Mawile|Mawile, F, shiny|100\/100\n|-ability|p1a: Mawile|Intimidate|boost\n|-unboost|p2a: Ninetales|atk|1\n|turn|10\n|\n|t:|1700991666\n|switch|p2a: Toxapex|Toxapex, F|100\/100\n|-damage|p2a: Toxapex|88\/100|[from] Stealth Rock\n|-damage|p2a: Toxapex|75\/100|[from] Spikes\n|-sideend|p2: qazserfvgyujnko|move: Toxic Spikes|[of] p2a: Toxapex\n|detailschange|p1a: Mawile|Mawile-Mega, F, shiny\n|-mega|p1a: Mawile|Mawile|Mawilite\n|move|p1a: Mawile|Swords Dance|p1a: Mawile\n|-boost|p1a: Mawile|atk|2\n|\n|-weather|Snow|[upkeep]\n|-heal|p2a: Toxapex|82\/100|[from] item: Black Sludge\n|upkeep\n|turn|11\n|\n|t:|1700991677\n|switch|p2a: Ferrothorn|Ferrothorn, F|100\/100\n|-damage|p2a: Ferrothorn|94\/100|[from] Stealth Rock\n|-damage|p2a: Ferrothorn|82\/100|[from] Spikes\n|move|p1a: Mawile|Thunder Punch|p2a: Ferrothorn\n|-resisted|p2a: Ferrothorn\n|-damage|p2a: Ferrothorn|48\/100\n|-damage|p1a: Mawile|88\/100|[from] ability: Iron Barbs|[of] p2a: Ferrothorn\n|\n|-weather|Snow|[upkeep]\n|-heal|p2a: Ferrothorn|54\/100|[from] item: Leftovers\n|upkeep\n|turn|12\n|\n|t:|1700991688\n|move|p2a: Ferrothorn|Protect|p2a: Ferrothorn\n|-singleturn|p2a: Ferrothorn|Protect\n|move|p1a: Mawile|Sucker Punch||[still]\n|-fail|p1a: Mawile\n|\n|-weather|none\n|-heal|p2a: Ferrothorn|60\/100|[from] item: Leftovers\n|upkeep\n|turn|13\n|\n|t:|1700991692\n|move|p1a: Mawile|Sucker Punch||[still]\n|-fail|p1a: Mawile\n|move|p2a: Ferrothorn|Leech Seed|p1a: Mawile\n|-start|p1a: Mawile|move: Leech Seed\n|\n|-heal|p2a: Ferrothorn|67\/100|[from] item: Leftovers\n|-damage|p1a: Mawile|75\/100|[from] Leech Seed|[of] p2a: Ferrothorn\n|-heal|p2a: Ferrothorn|76\/100|[silent]\n|upkeep\n|turn|14\n|\n|t:|1700991698\n|move|p2a: Ferrothorn|Protect|p2a: Ferrothorn\n|-singleturn|p2a: Ferrothorn|Protect\n|move|p1a: Mawile|Play Rough|p2a: Ferrothorn\n|-activate|p2a: Ferrothorn|move: Protect\n|\n|-heal|p2a: Ferrothorn|82\/100|[from] item: Leftovers\n|-damage|p1a: Mawile|63\/100|[from] Leech Seed|[of] p2a: Ferrothorn\n|-heal|p2a: Ferrothorn|92\/100|[silent]\n|upkeep\n|turn|15\n|\n|t:|1700991703\n|move|p1a: Mawile|Swords Dance|p1a: Mawile\n|-boost|p1a: Mawile|atk|2\n|move|p2a: Ferrothorn|Body Press|p1a: Mawile\n|-damage|p1a: Mawile|35\/100\n|\n|-heal|p2a: Ferrothorn|98\/100|[from] item: Leftovers\n|-damage|p1a: Mawile|23\/100|[from] Leech Seed|[of] p2a: Ferrothorn\n|-heal|p2a: Ferrothorn|100\/100|[silent]\n|upkeep\n|turn|16\n|\n|t:|1700991710\n|move|p2a: Ferrothorn|Protect|p2a: Ferrothorn\n|-singleturn|p2a: Ferrothorn|Protect\n|move|p1a: Mawile|Swords Dance|p1a: Mawile\n|-boost|p1a: Mawile|atk|2\n|\n|-damage|p1a: Mawile|10\/100|[from] Leech Seed|[of] p2a: Ferrothorn\n|upkeep\n|turn|17\n|\n|t:|1700991720\n|move|p1a: Mawile|Play Rough|p2a: Ferrothorn|[miss]\n|-miss|p1a: Mawile|p2a: Ferrothorn\n|move|p2a: Ferrothorn|Body Press|p1a: Mawile\n|-damage|p1a: Mawile|0 fnt\n|faint|p1a: Mawile\n|\n|win|qazserfvgyujnko\n|raw|elementalization's rating: 1262 &rarr; <strong>1229<\/strong><br \/>(-33 for losing)\n|raw|qazserfvgyujnko's rating: 1143 &rarr; <strong>1176<\/strong><br \/>(+33 for winning)\n|c|\u2606elementalization|gg\n|l|\u2606elementalization\n","uploadtime":1700991733,"views":1,"p1id":"elementalization","p2id":"qazserfvgyujnko","formatid":"gen9nationaldexubers","rating":1176,"private":0,"password":""}