{"id":"gen9nationaldexubers-1999227245","p1":"Skullmonkey","p2":"Iak111","format":"[Gen 9] National Dex Ubers","log":"|j|\u2606Skullmonkey\n|j|\u2606Iak111\n|t:|1701047927\n|gametype|singles\n|player|p1|Skullmonkey|li|1439\n|player|p2|Iak111|lady|1425\n|teamsize|p1|6\n|teamsize|p2|6\n|gen|9\n|tier|[Gen 9] National Dex Ubers\n|rated|\n|rule|HP Percentage Mod: HP is shown in percentages\n|rule|Endless Battle Clause: Forcing endless battles is banned\n|rule|OHKO Clause: OHKO moves are banned\n|rule|Evasion Moves Clause: Evasion moves are banned\n|rule|Evasion Items Clause: Evasion items are banned\n|rule|Species Clause: Limit one of each Pok\u00e9mon\n|rule|Sleep Clause Mod: Limit one foe put to sleep\n|rule|Mega Rayquaza Clause: You cannot mega evolve Rayquaza\n|clearpoke\n|poke|p1|Darmanitan-Galar, F|\n|poke|p1|Groudon|\n|poke|p1|Kyogre|\n|poke|p1|Ho-Oh|\n|poke|p1|Lucario, F|\n|poke|p1|Arceus|\n|poke|p2|Zacian-*|\n|poke|p2|Groudon|\n|poke|p2|Naganadel|\n|poke|p2|Necrozma-Dusk-Mane|\n|poke|p2|Kyogre|\n|poke|p2|Regieleki|\n|teampreview\n|inactive|Battle timer is ON: inactive players will automatically lose when time's up. (requested by Iak111)\n|\n|t:|1701047931\n|start\n|switch|p1a: Groudon|Groudon, shiny|100\/100\n|switch|p2a: Naganadel|Naganadel, shiny|100\/100\n|detailschange|p1a: Groudon|Groudon-Primal, shiny\n|-primal|p1a: Groudon|Red Orb\n|-weather|DesolateLand|[from] ability: Desolate Land|[of] p1a: Groudon\n|turn|1\n|\n|t:|1701047938\n|move|p2a: Naganadel|Dragon Pulse|p1a: Groudon\n|-damage|p1a: Groudon|56\/100\n|move|p1a: Groudon|Stealth Rock|p2a: Naganadel\n|-sidestart|p2: Iak111|move: Stealth Rock\n|\n|-weather|DesolateLand|[upkeep]\n|upkeep\n|turn|2\n|\n|t:|1701047946\n|move|p2a: Naganadel|Dragon Pulse|p1a: Groudon\n|-damage|p1a: Groudon|10\/100\n|move|p1a: Groudon|Precipice Blades|p2a: Naganadel\n|-supereffective|p2a: Naganadel\n|-crit|p2a: Naganadel\n|-damage|p2a: Naganadel|0 fnt\n|faint|p2a: Naganadel\n|\n|-weather|DesolateLand|[upkeep]\n|upkeep\n|\n|t:|1701047963\n|switch|p2a: Regieleki|Regieleki, shiny|100\/100\n|-damage|p2a: Regieleki|88\/100|[from] Stealth Rock\n|turn|3\n|\n|t:|1701047968\n|move|p2a: Regieleki|Extreme Speed|p1a: Groudon\n|-crit|p1a: Groudon\n|-damage|p1a: Groudon|0 fnt\n|faint|p1a: Groudon\n|-weather|none\n|\n|upkeep\n|\n|t:|1701047974\n|switch|p1a: Arceus|Arceus|100\/100\n|turn|4\n|\n|t:|1701047977\n|move|p2a: Regieleki|Rapid Spin|p1a: Arceus\n|-damage|p1a: Arceus|91\/100\n|-boost|p2a: Regieleki|spe|1\n|-sideend|p2: Iak111|Stealth Rock|[from] move: Rapid Spin|[of] p2a: Regieleki\n|move|p1a: Arceus|Swords Dance|p1a: Arceus\n|-boost|p1a: Arceus|atk|2\n|\n|-heal|p1a: Arceus|97\/100|[from] item: Leftovers\n|upkeep\n|turn|5\n|\n|t:|1701047985\n|move|p2a: Regieleki|Volt Switch|p1a: Arceus\n|-damage|p1a: Arceus|74\/100\n|\n|t:|1701047991\n|switch|p2a: Necrozma|Necrozma-Dusk-Mane|100\/100|[from] Volt Switch\n|move|p1a: Arceus|Shadow Claw|p2a: Necrozma\n|-supereffective|p2a: Necrozma\n|-damage|p2a: Necrozma|34\/100\n|\n|-heal|p1a: Arceus|80\/100|[from] item: Leftovers\n|upkeep\n|turn|6\n|\n|t:|1701048000\n|detailschange|p2a: Necrozma|Necrozma-Ultra\n|-burst|p2a: Necrozma|Necrozma|Ultranecrozium Z\n|move|p2a: Necrozma|Sunsteel Strike|p1a: Arceus\n|-damage|p1a: Arceus|51\/100\n|move|p1a: Arceus|Shadow Claw|p2a: Necrozma\n|-supereffective|p2a: Necrozma\n|-damage|p2a: Necrozma|0 fnt\n|faint|p2a: Necrozma\n|\n|-heal|p1a: Arceus|57\/100|[from] item: Leftovers\n|upkeep\n|\n|t:|1701048010\n|switch|p2a: Zacian|Zacian-Crowned, shiny|100\/100\n|-ability|p2a: Zacian|Intrepid Sword|boost\n|-boost|p2a: Zacian|atk|1\n|turn|7\n|\n|t:|1701048016\n|-terastallize|p1a: Arceus|Ghost\n|move|p2a: Zacian|Close Combat|p1a: Arceus\n|-immune|p1a: Arceus\n|move|p1a: Arceus|Earthquake|p2a: Zacian\n|-supereffective|p2a: Zacian\n|-damage|p2a: Zacian|0 fnt\n|faint|p2a: Zacian\n|\n|-heal|p1a: Arceus|63\/100|[from] item: Leftovers\n|upkeep\n|\n|t:|1701048020\n|switch|p2a: Groudon|Groudon, shiny|100\/100\n|detailschange|p2a: Groudon|Groudon-Primal, shiny\n|-primal|p2a: Groudon|Red Orb\n|-weather|DesolateLand|[from] ability: Desolate Land|[of] p2a: Groudon\n|turn|8\n|\n|t:|1701048031\n|switch|p1a: Ho-Oh|Ho-Oh|100\/100\n|move|p2a: Groudon|Precipice Blades|p1a: Ho-Oh\n|-immune|p1a: Ho-Oh\n|\n|-weather|DesolateLand|[upkeep]\n|upkeep\n|turn|9\n|\n|t:|1701048039\n|move|p2a: Groudon|Rock Polish|p2a: Groudon\n|-boost|p2a: Groudon|spe|2\n|move|p1a: Ho-Oh|Toxic|p2a: Groudon\n|-status|p2a: Groudon|tox\n|\n|-weather|DesolateLand|[upkeep]\n|-damage|p2a: Groudon|94\/100 tox|[from] psn\n|upkeep\n|turn|10\n|\n|t:|1701048046\n|move|p2a: Groudon|Stone Edge|p1a: Ho-Oh|[miss]\n|-miss|p2a: Groudon|p1a: Ho-Oh\n|move|p1a: Ho-Oh|Roar|p2a: Groudon\n|-weather|none\n|drag|p2a: Regieleki|Regieleki, shiny|88\/100\n|\n|upkeep\n|turn|11\n|\n|t:|1701048059\n|switch|p1a: Darmanitan|Darmanitan-Galar, F|100\/100\n|move|p2a: Regieleki|Wild Charge|p1a: Darmanitan\n|-damage|p1a: Darmanitan|12\/100\n|-damage|p2a: Regieleki|63\/100|[from] Recoil\n|\n|upkeep\n|turn|12\n|\n|t:|1701048065\n|move|p2a: Regieleki|Extreme Speed|p1a: Darmanitan\n|-damage|p1a: Darmanitan|0 fnt\n|faint|p1a: Darmanitan\n|\n|upkeep\n|\n|t:|1701048070\n|switch|p1a: Lucario|Lucario, F|100\/100\n|turn|13\n|\n|t:|1701048076\n|detailschange|p1a: Lucario|Lucario-Mega, F\n|-mega|p1a: Lucario|Lucario|Lucarionite\n|-terastallize|p2a: Regieleki|Electric\n|move|p2a: Regieleki|Wild Charge|p1a: Lucario\n|-damage|p1a: Lucario|0 fnt\n|faint|p1a: Lucario\n|-damage|p2a: Regieleki|39\/100|[from] Recoil\n|\n|upkeep\n|\n|t:|1701048083\n|switch|p1a: Arceus|Arceus, tera:Ghost|63\/100\n|turn|14\n|\n|t:|1701048086\n|move|p1a: Arceus|Extreme Speed|p2a: Regieleki\n|-damage|p2a: Regieleki|0 fnt\n|faint|p2a: Regieleki\n|\n|-heal|p1a: Arceus|69\/100|[from] item: Leftovers\n|upkeep\n|\n|t:|1701048090\n|switch|p2a: Kyogre|Kyogre, shiny|100\/100\n|detailschange|p2a: Kyogre|Kyogre-Primal, shiny\n|-primal|p2a: Kyogre|Blue Orb\n|-weather|PrimordialSea|[from] ability: Primordial Sea|[of] p2a: Kyogre\n|turn|15\n|\n|t:|1701048104\n|move|p2a: Kyogre|Hydro Pump|p1a: Arceus\n|-damage|p1a: Arceus|2\/100\n|move|p1a: Arceus|Swords Dance|p1a: Arceus\n|-boost|p1a: Arceus|atk|2\n|\n|-weather|PrimordialSea|[upkeep]\n|-heal|p1a: Arceus|8\/100|[from] item: Leftovers\n|upkeep\n|turn|16\n|\n|t:|1701048111\n|move|p1a: Arceus|Extreme Speed|p2a: Kyogre\n|-damage|p2a: Kyogre|0 fnt\n|faint|p2a: Kyogre\n|-weather|none\n|\n|-heal|p1a: Arceus|14\/100|[from] item: Leftovers\n|upkeep\n|\n|t:|1701048113\n|switch|p2a: Groudon|Groudon-Primal, shiny|94\/100 tox\n|-weather|DesolateLand|[from] ability: Desolate Land|[of] p2a: Groudon\n|turn|17\n|\n|t:|1701048120\n|move|p1a: Arceus|Extreme Speed|p2a: Groudon\n|-damage|p2a: Groudon|34\/100 tox\n|move|p2a: Groudon|Fire Punch|p1a: Arceus\n|-damage|p1a: Arceus|0 fnt\n|faint|p1a: Arceus\n|\n|-weather|DesolateLand|[upkeep]\n|-damage|p2a: Groudon|28\/100 tox|[from] psn\n|upkeep\n|\n|t:|1701048127\n|switch|p1a: Kyogre|Kyogre, shiny|100\/100\n|detailschange|p1a: Kyogre|Kyogre-Primal, shiny\n|-primal|p1a: Kyogre|Blue Orb\n|-weather|PrimordialSea|[from] ability: Primordial Sea|[of] p1a: Kyogre\n|turn|18\n|\n|t:|1701048133\n|move|p2a: Groudon|Precipice Blades|p1a: Kyogre\n|-damage|p1a: Kyogre|26\/100\n|move|p1a: Kyogre|Ice Beam|p2a: Groudon\n|-damage|p2a: Groudon|0 fnt\n|faint|p2a: Groudon\n|\n|win|Skullmonkey\n|raw|Skullmonkey's rating: 1439 &rarr; <strong>1458<\/strong><br \/>(+19 for winning)\n|raw|Iak111's rating: 1425 &rarr; <strong>1406<\/strong><br \/>(-19 for losing)\n|c|\u2606Skullmonkey|GG\n|l|\u2606Iak111\n","uploadtime":1701048140,"views":1,"p1id":"skullmonkey","p2id":"iak111","formatid":"gen9nationaldexubers","rating":1406,"private":0,"password":""}