{"id":"gen9nationaldexubers-1993873617","p1":"Penter","p2":"XxBlazefirexX","format":"[Gen 9] National Dex Ubers","log":"|j|\u2606Penter\n|j|\u2606XxBlazefirexX\n|t:|1700368321\n|gametype|singles\n|player|p1|Penter|n|\n|player|p2|XxBlazefirexX|ash|\n|teamsize|p1|6\n|teamsize|p2|6\n|gen|9\n|tier|[Gen 9] National Dex Ubers\n|rated|Tournament battle\n|rule|HP Percentage Mod: HP is shown in percentages\n|rule|Endless Battle Clause: Forcing endless battles is banned\n|rule|OHKO Clause: OHKO moves are banned\n|rule|Evasion Moves Clause: Evasion moves are banned\n|rule|Evasion Items Clause: Evasion items are banned\n|rule|Species Clause: Limit one of each Pok\u00e9mon\n|rule|Sleep Clause Mod: Limit one foe put to sleep\n|rule|Mega Rayquaza Clause: You cannot mega evolve Rayquaza\n|clearpoke\n|poke|p1|Xerneas-*|\n|poke|p1|Kyogre|\n|poke|p1|Kangaskhan, F|\n|poke|p1|Necrozma-Dusk-Mane|\n|poke|p1|Arceus-Ground|\n|poke|p1|Yveltal|\n|poke|p2|Giratina|\n|poke|p2|Dondozo, M|\n|poke|p2|Chansey, F|\n|poke|p2|Arceus-Fairy|\n|poke|p2|Ho-Oh|\n|poke|p2|Mewtwo|\n|teampreview\n|j| whitebeard solos\n|inactive|Battle timer is ON: inactive players will automatically lose when time's up. (requested by XxBlazefirexX)\n|\n|t:|1700368365\n|start\n|switch|p1a: Necrozma|Necrozma-Dusk-Mane|100\/100\n|switch|p2a: Athena|Arceus-Fairy, shiny|100\/100\n|turn|1\n|\n|t:|1700368372\n|move|p2a: Athena|Stealth Rock|p1a: Necrozma\n|-sidestart|p1: Penter|move: Stealth Rock\n|move|p1a: Necrozma|Toxic|p2a: Athena|[miss]\n|-miss|p1a: Necrozma|p2a: Athena\n|\n|upkeep\n|turn|2\n|j| Arcanine Numbers\n|\n|t:|1700368381\n|move|p2a: Athena|Judgment|p1a: Necrozma\n|-resisted|p1a: Necrozma\n|-damage|p1a: Necrozma|86\/100\n|move|p1a: Necrozma|Toxic|p2a: Athena\n|-status|p2a: Athena|tox\n|\n|-heal|p1a: Necrozma|92\/100|[from] item: Leftovers\n|-damage|p2a: Athena|94\/100 tox|[from] psn\n|upkeep\n|turn|3\n|\n|t:|1700368390\n|move|p2a: Athena|Refresh|p2a: Athena\n|-curestatus|p2a: Athena|tox|[msg]\n|move|p1a: Necrozma|Stealth Rock|p2a: Athena\n|-sidestart|p2: XxBlazefirexX|move: Stealth Rock\n|\n|-heal|p1a: Necrozma|98\/100|[from] item: Leftovers\n|upkeep\n|turn|4\n|j| juriasuk\n|\n|t:|1700368415\n|move|p2a: Athena|Judgment|p1a: Necrozma\n|-resisted|p1a: Necrozma\n|-damage|p1a: Necrozma|83\/100\n|move|p1a: Necrozma|Sunsteel Strike|p2a: Athena\n|-supereffective|p2a: Athena\n|-damage|p2a: Athena|35\/100\n|\n|-heal|p1a: Necrozma|89\/100|[from] item: Leftovers\n|upkeep\n|turn|5\n|c| whitebeard solos|bro why are you using judgement\n|c| juriasuk|prediction\n|c|\u2606XxBlazefirexX|you never told me how to use it\n|inactive|Penter has 120 seconds left.\n|c| whitebeard solos|go to ho oh\n|inactive|XxBlazefirexX has 120 seconds left.\n|c|\u2606XxBlazefirexX|alr\n|\n|t:|1700368471\n|switch|p2a: Helios|Ho-Oh, shiny|100\/100\n|move|p1a: Necrozma|Sunsteel Strike|p2a: Helios\n|-resisted|p2a: Helios\n|-damage|p2a: Helios|84\/100\n|\n|-heal|p1a: Necrozma|95\/100|[from] item: Leftovers\n|upkeep\n|turn|6\n|c|\u2606XxBlazefirexX|now what do i do\n|inactive|XxBlazefirexX has 120 seconds left.\n|c| whitebeard solos|whirlwind or sacred fire\n|c| juriasuk|defog\n|\n|t:|1700368495\n|move|p1a: Necrozma|Toxic|p2a: Helios|[miss]\n|-miss|p1a: Necrozma|p2a: Helios\n|move|p2a: Helios|Whirlwind|p1a: Necrozma\n|drag|p1a: Xerneas|Xerneas|100\/100\n|-damage|p1a: Xerneas|88\/100|[from] Stealth Rock\n|-ability|p1a: Xerneas|Fairy Aura\n|\n|upkeep\n|turn|7\n|c| whitebeard solos|toxic\n|c| juriasuk|whirlwind\n|c| juriasuk|dont toxic\n|c| whitebeard solos|yes toxic\n|c| juriasuk|free geomancy\n|c| whitebeard solos|he has chansey\n|\n|t:|1700368519\n|switch|p1a: Necrozma|Necrozma-Dusk-Mane|95\/100\n|-damage|p1a: Necrozma|89\/100|[from] Stealth Rock\n|move|p2a: Helios|Toxic|p1a: Necrozma\n|-immune|p1a: Necrozma\n|\n|-heal|p1a: Necrozma|95\/100|[from] item: Leftovers\n|upkeep\n|turn|8\n|c|\u2606XxBlazefirexX|dangit\n|c| juriasuk|bruh\n|c| whitebeard solos|ill tell you in pms\n|c|\u2606XxBlazefirexX|alr\n|c| juriasuk|scred fire\n|inactive|XxBlazefirexX has 90 seconds left.\n|\n|t:|1700368551\n|move|p1a: Necrozma|Toxic|p2a: Helios\n|-status|p2a: Helios|tox\n|move|p2a: Helios|Sacred Fire|p1a: Necrozma\n|-supereffective|p1a: Necrozma\n|-damage|p1a: Necrozma|48\/100\n|-status|p1a: Necrozma|brn\n|\n|-heal|p1a: Necrozma|54\/100 brn|[from] item: Leftovers\n|-damage|p2a: Helios|78\/100 tox|[from] psn\n|-damage|p1a: Necrozma|48\/100 brn|[from] brn\n|upkeep\n|turn|9\n|c| juriasuk|worth\n|inactive|XxBlazefirexX has 90 seconds left.\n|c| juriasuk|switch here\n|c| juriasuk|predict his switch\n|\n|t:|1700368571\n|switch|p1a: Kyogre|Kyogre|100\/100\n|-damage|p1a: Kyogre|88\/100|[from] Stealth Rock\n|detailschange|p1a: Kyogre|Kyogre-Primal\n|-primal|p1a: Kyogre|Blue Orb\n|-weather|PrimordialSea|[from] ability: Primordial Sea|[of] p1a: Kyogre\n|move|p2a: Helios|Whirlwind|p1a: Kyogre\n|-weather|none\n|drag|p1a: Arceus|Arceus-Ground|100\/100\n|-damage|p1a: Arceus|94\/100|[from] Stealth Rock\n|\n|-damage|p2a: Helios|66\/100 tox|[from] psn\n|upkeep\n|turn|10\n|inactive|XxBlazefirexX has 90 seconds left.\n|\n|t:|1700368593\n|switch|p1a: Kyogre|Kyogre-Primal|88\/100\n|-damage|p1a: Kyogre|76\/100|[from] Stealth Rock\n|-weather|PrimordialSea|[from] ability: Primordial Sea|[of] p1a: Kyogre\n|move|p2a: Helios|Toxic|p1a: Kyogre\n|-status|p1a: Kyogre|tox\n|\n|-weather|PrimordialSea|[upkeep]\n|-damage|p2a: Helios|48\/100 tox|[from] psn\n|-damage|p1a: Kyogre|70\/100 tox|[from] psn\n|upkeep\n|turn|11\n|c| juriasuk|boring ah\n|\n|t:|1700368613\n|switch|p2a: Epione|Chansey, F, shiny|100\/100\n|-damage|p2a: Epione|88\/100|[from] Stealth Rock\n|move|p1a: Kyogre|Origin Pulse|p2a: Epione\n|-damage|p2a: Epione|64\/100\n|\n|-weather|PrimordialSea|[upkeep]\n|-damage|p1a: Kyogre|57\/100 tox|[from] psn\n|upkeep\n|turn|12\n|\n|t:|1700368628\n|move|p1a: Kyogre|Ice Beam|p2a: Epione\n|-damage|p2a: Epione|55\/100\n|move|p2a: Epione|Soft-Boiled|p2a: Epione\n|-heal|p2a: Epione|100\/100\n|\n|-weather|PrimordialSea|[upkeep]\n|-damage|p1a: Kyogre|39\/100 tox|[from] psn\n|upkeep\n|turn|13\n|inactive|XxBlazefirexX has 60 seconds left.\n|inactiveoff|Battle timer is now OFF.\n|\n|t:|1700368654\n|switch|p2a: Hyperion|Mewtwo, shiny|100\/100\n|-damage|p2a: Hyperion|88\/100|[from] Stealth Rock\n|-ability|p2a: Hyperion|Pressure\n|move|p1a: Kyogre|Rest|p1a: Kyogre\n|-status|p1a: Kyogre|slp|[from] move: Rest\n|-heal|p1a: Kyogre|100\/100 slp|[silent]\n|\n|-weather|PrimordialSea|[upkeep]\n|upkeep\n|turn|14\n|\n|t:|1700368677\n|detailschange|p2a: Hyperion|Mewtwo-Mega-Y, shiny\n|-mega|p2a: Hyperion|Mewtwo|Mewtwonite Y\n|move|p2a: Hyperion|Psystrike|p1a: Kyogre\n|-damage|p1a: Kyogre|59\/100 slp\n|cant|p1a: Kyogre|slp\n|move|p1a: Kyogre|Sleep Talk|p1a: Kyogre\n|move|p1a: Kyogre|Origin Pulse|p2a: Hyperion|[from]move: Sleep Talk\n|-damage|p2a: Hyperion|10\/100\n|\n|-weather|PrimordialSea|[upkeep]\n|upkeep\n|turn|15\n|c| juriasuk|take the gamble\n|c| juriasuk|rest talk sucks\n|\n|t:|1700368724\n|switch|p2a: Epione|Chansey, F, shiny|100\/100\n|-damage|p2a: Epione|88\/100|[from] Stealth Rock\n|cant|p1a: Kyogre|slp\n|move|p1a: Kyogre|Sleep Talk|p1a: Kyogre\n|move|p1a: Kyogre|Ice Beam|p2a: Epione|[from]move: Sleep Talk\n|-damage|p2a: Epione|78\/100\n|\n|-weather|PrimordialSea|[upkeep]\n|upkeep\n|turn|16\n|\n|t:|1700368740\n|-curestatus|p1a: Kyogre|slp|[msg]\n|move|p1a: Kyogre|Origin Pulse|p2a: Epione\n|-damage|p2a: Epione|52\/100\n|move|p2a: Epione|Seismic Toss|p1a: Kyogre\n|-damage|p1a: Kyogre|34\/100\n|\n|-weather|PrimordialSea|[upkeep]\n|upkeep\n|turn|17\n|\n|t:|1700368787\n|move|p1a: Kyogre|Rest|p1a: Kyogre\n|-status|p1a: Kyogre|slp|[from] move: Rest\n|-heal|p1a: Kyogre|100\/100 slp|[silent]\n|move|p2a: Epione|Soft-Boiled|p2a: Epione\n|-heal|p2a: Epione|100\/100\n|\n|-weather|PrimordialSea|[upkeep]\n|upkeep\n|turn|18\n|\n|t:|1700368811\n|-weather|none\n|switch|p1a: Necrozma|Necrozma-Dusk-Mane|48\/100 brn\n|-damage|p1a: Necrozma|42\/100 brn|[from] Stealth Rock\n|move|p2a: Epione|Confide|p1a: Necrozma\n|-unboost|p1a: Necrozma|spa|1\n|\n|-heal|p1a: Necrozma|48\/100 brn|[from] item: Leftovers\n|-damage|p1a: Necrozma|42\/100 brn|[from] brn\n|upkeep\n|turn|19\n|\n|t:|1700368827\n|switch|p2a: Helios|Ho-Oh, shiny|81\/100 tox\n|move|p1a: Necrozma|Moonlight|p1a: Necrozma\n|-heal|p1a: Necrozma|92\/100 brn\n|\n|-heal|p1a: Necrozma|98\/100 brn|[from] item: Leftovers\n|-damage|p2a: Helios|75\/100 tox|[from] psn\n|-damage|p1a: Necrozma|92\/100 brn|[from] brn\n|upkeep\n|turn|20\n|\n|t:|1700368854\n|switch|p1a: Kyogre|Kyogre-Primal|100\/100 slp\n|-damage|p1a: Kyogre|88\/100 slp|[from] Stealth Rock\n|-weather|PrimordialSea|[from] ability: Primordial Sea|[of] p1a: Kyogre\n|move|p2a: Helios|Defog|p1a: Kyogre\n|-unboost|p1a: Kyogre|evasion|1\n|-sideend|p1: Penter|Stealth Rock|[from] move: Defog|[of] p2a: Helios\n|-sideend|p2: XxBlazefirexX|Stealth Rock|[from] move: Defog|[of] p2a: Helios\n|\n|-weather|PrimordialSea|[upkeep]\n|-damage|p2a: Helios|63\/100 tox|[from] psn\n|upkeep\n|turn|21\n|\n|t:|1700368871\n|-weather|none\n|switch|p1a: Necrozma|Necrozma-Dusk-Mane|92\/100 brn\n|switch|p2a: Epione|Chansey, F, shiny|100\/100\n|\n|-heal|p1a: Necrozma|98\/100 brn|[from] item: Leftovers\n|-damage|p1a: Necrozma|92\/100 brn|[from] brn\n|upkeep\n|turn|22\n|\n|t:|1700368905\n|move|p1a: Necrozma|Stealth Rock|p2a: Epione\n|-sidestart|p2: XxBlazefirexX|move: Stealth Rock\n|move|p2a: Epione|Heal Bell|p2a: Epione\n|-activate|p2a: Epione|move: Heal Bell\n|-curestatus|p2: Helios|tox|[msg]\n|\n|-heal|p1a: Necrozma|98\/100 brn|[from] item: Leftovers\n|-damage|p1a: Necrozma|92\/100 brn|[from] brn\n|upkeep\n|turn|23\n|j| 3ofaPerfectPair\n|\n|t:|1700368924\n|switch|p2a: Helios|Ho-Oh, shiny|96\/100\n|move|p1a: Necrozma|Toxic|p2a: Helios\n|-status|p2a: Helios|tox\n|\n|-heal|p1a: Necrozma|98\/100 brn|[from] item: Leftovers\n|-damage|p2a: Helios|90\/100 tox|[from] psn\n|-damage|p1a: Necrozma|92\/100 brn|[from] brn\n|upkeep\n|turn|24\n|\n|t:|1700368943\n|move|p1a: Necrozma|Moonlight|p1a: Necrozma\n|-heal|p1a: Necrozma|100\/100 brn\n|move|p2a: Helios|Defog|p1a: Necrozma\n|-unboost|p1a: Necrozma|evasion|1\n|-sideend|p2: XxBlazefirexX|Stealth Rock|[from] move: Defog|[of] p2a: Helios\n|\n|-damage|p2a: Helios|78\/100 tox|[from] psn\n|-damage|p1a: Necrozma|94\/100 brn|[from] brn\n|upkeep\n|turn|25\n|\n|t:|1700368966\n|switch|p2a: Hyperion|Mewtwo-Mega-Y, shiny|10\/100\n|move|p1a: Necrozma|Stealth Rock|p2a: Hyperion\n|-sidestart|p2: XxBlazefirexX|move: Stealth Rock\n|\n|-heal|p1a: Necrozma|100\/100 brn|[from] item: Leftovers\n|-damage|p1a: Necrozma|94\/100 brn|[from] brn\n|upkeep\n|turn|26\n|\n|t:|1700368980\n|move|p2a: Hyperion|Recover|p2a: Hyperion\n|-heal|p2a: Hyperion|60\/100\n|move|p1a: Necrozma|Sunsteel Strike|p2a: Hyperion\n|-damage|p2a: Hyperion|30\/100\n|\n|-heal|p1a: Necrozma|100\/100 brn|[from] item: Leftovers\n|-damage|p1a: Necrozma|94\/100 brn|[from] brn\n|upkeep\n|turn|27\n|l| 3ofaPerfectPair\n|\n|t:|1700368999\n|move|p2a: Hyperion|Recover|p2a: Hyperion\n|-heal|p2a: Hyperion|80\/100\n|move|p1a: Necrozma|Toxic|p2a: Hyperion\n|-status|p2a: Hyperion|tox\n|\n|-heal|p1a: Necrozma|100\/100 brn|[from] item: Leftovers\n|-damage|p2a: Hyperion|73\/100 tox|[from] psn\n|-damage|p1a: Necrozma|94\/100 brn|[from] brn\n|upkeep\n|turn|28\n|\n|t:|1700369014\n|switch|p1a: Yveltal|Yveltal|100\/100\n|-ability|p1a: Yveltal|Dark Aura\n|move|p2a: Hyperion|Foul Play|p1a: Yveltal\n|-resisted|p1a: Yveltal\n|-damage|p1a: Yveltal|82\/100\n|\n|-damage|p2a: Hyperion|61\/100 tox|[from] psn\n|upkeep\n|turn|29\n|\n|t:|1700369040\n|move|p2a: Hyperion|Will-O-Wisp|p1a: Yveltal\n|-status|p1a: Yveltal|brn\n|move|p1a: Yveltal|Knock Off|p2a: Hyperion\n|-supereffective|p2a: Hyperion\n|-damage|p2a: Hyperion|15\/100 tox\n|\n|-damage|p2a: Hyperion|0 fnt|[from] psn\n|faint|p2a: Hyperion\n|-damage|p1a: Yveltal|76\/100 brn|[from] brn\n|upkeep\n|\n|t:|1700369054\n|switch|p2a: Athena|Arceus-Fairy, shiny|35\/100\n|-damage|p2a: Athena|22\/100|[from] Stealth Rock\n|turn|30\n|\n|t:|1700369095\n|switch|p1a: Necrozma|Necrozma-Dusk-Mane|94\/100 brn\n|move|p2a: Athena|Recover|p2a: Athena\n|-heal|p2a: Athena|72\/100\n|\n|-heal|p1a: Necrozma|100\/100 brn|[from] item: Leftovers\n|-damage|p1a: Necrozma|94\/100 brn|[from] brn\n|upkeep\n|turn|31\n|\n|t:|1700369124\n|switch|p2a: Helios|Ho-Oh, shiny|100\/100 tox\n|move|p1a: Necrozma|Toxic|p2a: Helios\n|-fail|p2a: Helios|tox\n|\n|-heal|p1a: Necrozma|100\/100 brn|[from] item: Leftovers\n|-damage|p2a: Helios|94\/100 tox|[from] psn\n|-damage|p1a: Necrozma|94\/100 brn|[from] brn\n|upkeep\n|turn|32\n|\n|t:|1700369168\n|move|p1a: Necrozma|Sunsteel Strike|p2a: Helios\n|-resisted|p2a: Helios\n|-damage|p2a: Helios|86\/100 tox\n|move|p2a: Helios|Sacred Fire|p1a: Necrozma\n|-supereffective|p1a: Necrozma\n|-damage|p1a: Necrozma|49\/100 brn\n|\n|-heal|p1a: Necrozma|55\/100 brn|[from] item: Leftovers\n|-damage|p2a: Helios|74\/100 tox|[from] psn\n|-damage|p1a: Necrozma|49\/100 brn|[from] brn\n|upkeep\n|turn|33\n|\n|t:|1700369226\n|switch|p1a: Kyogre|Kyogre-Primal|88\/100 slp\n|-weather|PrimordialSea|[from] ability: Primordial Sea|[of] p1a: Kyogre\n|switch|p2a: Epione|Chansey, F, shiny|100\/100\n|-damage|p2a: Epione|88\/100|[from] Stealth Rock\n|\n|-weather|PrimordialSea|[upkeep]\n|upkeep\n|turn|34\n|\n|t:|1700369249\n|-weather|none\n|switch|p1a: Yveltal|Yveltal|76\/100 brn\n|-ability|p1a: Yveltal|Dark Aura\n|switch|p2a: Athena|Arceus-Fairy, shiny|72\/100\n|-damage|p2a: Athena|60\/100|[from] Stealth Rock\n|\n|-damage|p1a: Yveltal|70\/100 brn|[from] brn\n|upkeep\n|turn|35\n|c| whitebeard solos|less goo i knew it\n|\n|t:|1700369278\n|switch|p1a: Kangaskhan|Kangaskhan, F|100\/100\n|move|p2a: Athena|Judgment|p1a: Kangaskhan\n|-damage|p1a: Kangaskhan|53\/100\n|\n|upkeep\n|turn|36\n|\n|t:|1700369294\n|switch|p2a: Helios|Ho-Oh, shiny|100\/100 tox\n|detailschange|p1a: Kangaskhan|Kangaskhan-Mega, F\n|-mega|p1a: Kangaskhan|Kangaskhan|Kangaskhanite\n|move|p1a: Kangaskhan|Fake Out|p2a: Helios\n|-damage|p2a: Helios|89\/100 tox\n|-damage|p2a: Helios|86\/100 tox\n|-hitcount|p2a: Helios|2\n|\n|-damage|p2a: Helios|80\/100 tox|[from] psn\n|upkeep\n|turn|37\n|\n|t:|1700369338\n|switch|p1a: Yveltal|Yveltal|70\/100 brn\n|-ability|p1a: Yveltal|Dark Aura\n|move|p2a: Helios|Defog|p1a: Yveltal\n|-unboost|p1a: Yveltal|evasion|1\n|-sideend|p2: XxBlazefirexX|Stealth Rock|[from] move: Defog|[of] p2a: Helios\n|\n|-damage|p2a: Helios|68\/100 tox|[from] psn\n|-damage|p1a: Yveltal|64\/100 brn|[from] brn\n|upkeep\n|turn|38\n|\n|t:|1700369360\n|switch|p2a: Athena|Arceus-Fairy, shiny|60\/100\n|move|p1a: Yveltal|Knock Off|p2a: Athena\n|-resisted|p2a: Athena\n|-damage|p2a: Athena|54\/100\n|\n|-damage|p1a: Yveltal|58\/100 brn|[from] brn\n|upkeep\n|turn|39\n|\n|t:|1700369418\n|switch|p1a: Necrozma|Necrozma-Dusk-Mane|49\/100 brn\n|move|p2a: Athena|Stealth Rock|p1a: Necrozma\n|-sidestart|p1: Penter|move: Stealth Rock\n|\n|-heal|p1a: Necrozma|55\/100 brn|[from] item: Leftovers\n|-damage|p1a: Necrozma|49\/100 brn|[from] brn\n|upkeep\n|turn|40\n|\n|t:|1700369439\n|switch|p2a: Helios|Ho-Oh, shiny|100\/100 tox\n|move|p1a: Necrozma|Stealth Rock|p2a: Helios\n|-sidestart|p2: XxBlazefirexX|move: Stealth Rock\n|\n|-heal|p1a: Necrozma|55\/100 brn|[from] item: Leftovers\n|-damage|p2a: Helios|94\/100 tox|[from] psn\n|-damage|p1a: Necrozma|49\/100 brn|[from] brn\n|upkeep\n|turn|41\n|c|\u2606XxBlazefirexX|feeling bored yet penter?\n|c|\u2606Penter|yes\n|\n|t:|1700369458\n|switch|p1a: Kyogre|Kyogre-Primal|88\/100 slp\n|-damage|p1a: Kyogre|76\/100 slp|[from] Stealth Rock\n|-weather|PrimordialSea|[from] ability: Primordial Sea|[of] p1a: Kyogre\n|move|p2a: Helios|Whirlwind|p1a: Kyogre\n|-weather|none\n|drag|p1a: Necrozma|Necrozma-Dusk-Mane|49\/100 brn\n|-damage|p1a: Necrozma|43\/100 brn|[from] Stealth Rock\n|\n|-heal|p1a: Necrozma|49\/100 brn|[from] item: Leftovers\n|-damage|p2a: Helios|82\/100 tox|[from] psn\n|-damage|p1a: Necrozma|43\/100 brn|[from] brn\n|upkeep\n|turn|42\n|c| juriasuk|this boring\n|c| juriasuk|yall focusing too much on the rocks\n|\n|t:|1700369499\n|switch|p1a: Kyogre|Kyogre-Primal|76\/100 slp\n|-damage|p1a: Kyogre|63\/100 slp|[from] Stealth Rock\n|-weather|PrimordialSea|[from] ability: Primordial Sea|[of] p1a: Kyogre\n|move|p2a: Helios|Whirlwind|p1a: Kyogre\n|-weather|none\n|drag|p1a: Yveltal|Yveltal|58\/100 brn\n|-ability|p1a: Yveltal|Dark Aura\n|\n|-damage|p2a: Helios|64\/100 tox|[from] psn\n|-damage|p1a: Yveltal|52\/100 brn|[from] brn\n|upkeep\n|turn|43\n|c| whitebeard solos|nah rocks is key\n|c| juriasuk|but so predictable\n|c| juriasuk|wish this bozos used that against each other\n|\n|t:|1700369525\n|switch|p2a: Athena|Arceus-Fairy, shiny|54\/100\n|-damage|p2a: Athena|41\/100|[from] Stealth Rock\n|move|p1a: Yveltal|Roost|p1a: Yveltal\n|-heal|p1a: Yveltal|100\/100 brn\n|-singleturn|p1a: Yveltal|move: Roost\n|\n|-damage|p1a: Yveltal|94\/100 brn|[from] brn\n|upkeep\n|turn|44\n|\n|t:|1700369556\n|switch|p1a: Necrozma|Necrozma-Dusk-Mane|43\/100 brn\n|-damage|p1a: Necrozma|37\/100 brn|[from] Stealth Rock\n|move|p2a: Athena|Recover|p2a: Athena\n|-heal|p2a: Athena|91\/100\n|\n|-heal|p1a: Necrozma|43\/100 brn|[from] item: Leftovers\n|-damage|p1a: Necrozma|37\/100 brn|[from] brn\n|upkeep\n|turn|45\n|inactive|Battle timer is ON: inactive players will automatically lose when time's up. (requested by Penter)\n|\n|t:|1700369578\n|switch|p2a: Helios|Ho-Oh, shiny|98\/100 tox\n|move|p1a: Necrozma|Moonlight|p1a: Necrozma\n|-heal|p1a: Necrozma|87\/100 brn\n|\n|-heal|p1a: Necrozma|93\/100 brn|[from] item: Leftovers\n|-damage|p2a: Helios|92\/100 tox|[from] psn\n|-damage|p1a: Necrozma|87\/100 brn|[from] brn\n|upkeep\n|turn|46\n|inactive|XxBlazefirexX has 60 seconds left.\n|\n|t:|1700369598\n|switch|p1a: Kyogre|Kyogre-Primal|63\/100 slp\n|-damage|p1a: Kyogre|51\/100 slp|[from] Stealth Rock\n|-weather|PrimordialSea|[from] ability: Primordial Sea|[of] p1a: Kyogre\n|move|p2a: Helios|Sacred Fire||[still]\n|-fail|p2a: Helios|Sacred Fire|[from] Primordial Sea\n|\n|-weather|PrimordialSea|[upkeep]\n|-damage|p2a: Helios|80\/100 tox|[from] psn\n|upkeep\n|turn|47\n|inactive|XxBlazefirexX has 60 seconds left.\n|\n|t:|1700369617\n|switch|p2a: Epione|Chansey, F, shiny|88\/100\n|-damage|p2a: Epione|76\/100|[from] Stealth Rock\n|cant|p1a: Kyogre|slp\n|move|p1a: Kyogre|Sleep Talk|p1a: Kyogre\n|move|p1a: Kyogre|Ice Beam|p2a: Epione|[from]move: Sleep Talk\n|-damage|p2a: Epione|67\/100\n|\n|-weather|PrimordialSea|[upkeep]\n|upkeep\n|turn|48\n|inactive|XxBlazefirexX has 60 seconds left.\n|l| juriasuk\n|\n|t:|1700369640\n|-weather|none\n|switch|p1a: Kangaskhan|Kangaskhan-Mega, F|53\/100\n|-damage|p1a: Kangaskhan|41\/100|[from] Stealth Rock\n|move|p2a: Epione|Seismic Toss|p1a: Kangaskhan\n|-damage|p1a: Kangaskhan|17\/100\n|\n|upkeep\n|turn|49\n|inactive|XxBlazefirexX has 30 seconds left.\n|\n|t:|1700369675\n|switch|p2a: Athena|Arceus-Fairy, shiny|91\/100\n|-damage|p2a: Athena|79\/100|[from] Stealth Rock\n|move|p1a: Kangaskhan|Fake Out|p2a: Athena\n|-damage|p2a: Athena|69\/100\n|-damage|p2a: Athena|67\/100\n|-hitcount|p2a: Athena|2\n|\n|upkeep\n|turn|50\n|inactive|XxBlazefirexX has 30 seconds left.\n|inactive|XxBlazefirexX has 20 seconds left.\n|\n|t:|1700369691\n|switch|p1a: Kyogre|Kyogre-Primal|51\/100 slp\n|-damage|p1a: Kyogre|39\/100 slp|[from] Stealth Rock\n|-weather|PrimordialSea|[from] ability: Primordial Sea|[of] p1a: Kyogre\n|move|p2a: Athena|Judgment|p1a: Kyogre\n|-damage|p1a: Kyogre|11\/100 slp\n|\n|-weather|PrimordialSea|[upkeep]\n|upkeep\n|turn|51\n|inactive|XxBlazefirexX has 30 seconds left this turn.\n|inactive|XxBlazefirexX has 20 seconds left.\n|\n|t:|1700369704\n|-weather|none\n|switch|p1a: Necrozma|Necrozma-Dusk-Mane|87\/100 brn\n|-damage|p1a: Necrozma|81\/100 brn|[from] Stealth Rock\n|move|p2a: Athena|Judgment|p1a: Necrozma\n|-resisted|p1a: Necrozma\n|-damage|p1a: Necrozma|65\/100 brn\n|\n|-heal|p1a: Necrozma|71\/100 brn|[from] item: Leftovers\n|-damage|p1a: Necrozma|65\/100 brn|[from] brn\n|upkeep\n|turn|52\n|inactive|XxBlazefirexX has 30 seconds left this turn.\n|inactive|XxBlazefirexX has 20 seconds left.\n|\n|t:|1700369718\n|move|p2a: Athena|Judgment|p1a: Necrozma\n|-resisted|p1a: Necrozma\n|-damage|p1a: Necrozma|51\/100 brn\n|move|p1a: Necrozma|Toxic|p2a: Athena\n|-status|p2a: Athena|tox\n|\n|-heal|p1a: Necrozma|57\/100 brn|[from] item: Leftovers\n|-damage|p2a: Athena|61\/100 tox|[from] psn\n|-damage|p1a: Necrozma|51\/100 brn|[from] brn\n|upkeep\n|turn|53\n|inactive|XxBlazefirexX has 30 seconds left this turn.\n|inactive|XxBlazefirexX has 20 seconds left.\n|\n|t:|1700369731\n|switch|p2a: Helios|Ho-Oh, shiny|100\/100 tox\n|move|p1a: Necrozma|Sunsteel Strike|p2a: Helios\n|-resisted|p2a: Helios\n|-damage|p2a: Helios|92\/100 tox\n|\n|-heal|p1a: Necrozma|57\/100 brn|[from] item: Leftovers\n|-damage|p2a: Helios|86\/100 tox|[from] psn\n|-damage|p1a: Necrozma|51\/100 brn|[from] brn\n|upkeep\n|turn|54\n|inactive|XxBlazefirexX has 30 seconds left this turn.\n|inactive|Penter has 120 seconds left.\n|inactive|XxBlazefirexX has 20 seconds left.\n|inactive|XxBlazefirexX has 15 seconds left.\n|\n|t:|1700369751\n|switch|p1a: Yveltal|Yveltal|94\/100 brn\n|-ability|p1a: Yveltal|Dark Aura\n|move|p2a: Helios|Whirlwind|p1a: Yveltal\n|drag|p1a: Xerneas|Xerneas|88\/100\n|-damage|p1a: Xerneas|76\/100|[from] Stealth Rock\n|-ability|p1a: Xerneas|Fairy Aura\n|\n|-damage|p2a: Helios|74\/100 tox|[from] psn\n|upkeep\n|turn|55\n|inactive|XxBlazefirexX has 25 seconds left this turn.\n|inactive|XxBlazefirexX has 20 seconds left.\n|inactive|XxBlazefirexX has 15 seconds left.\n|\n|t:|1700369764\n|switch|p1a: Yveltal|Yveltal|94\/100 brn\n|-ability|p1a: Yveltal|Dark Aura\n|move|p2a: Helios|Toxic||[still]\n|-fail|p2a: Helios\n|\n|-damage|p2a: Helios|56\/100 tox|[from] psn\n|-damage|p1a: Yveltal|88\/100 brn|[from] brn\n|upkeep\n|turn|56\n|inactive|XxBlazefirexX has 25 seconds left this turn.\n|inactive|XxBlazefirexX has 20 seconds left.\n|inactive|XxBlazefirexX has 15 seconds left.\n|\n|t:|1700369778\n|switch|p2a: Athena|Arceus-Fairy, shiny|61\/100 tox\n|-damage|p2a: Athena|48\/100 tox|[from] Stealth Rock\n|move|p1a: Yveltal|Defog|p2a: Athena\n|-unboost|p2a: Athena|evasion|1\n|-sideend|p2: XxBlazefirexX|Stealth Rock|[from] move: Defog|[of] p1a: Yveltal\n|-sideend|p1: Penter|Stealth Rock|[from] move: Defog|[of] p1a: Yveltal\n|\n|-damage|p2a: Athena|42\/100 tox|[from] psn\n|-damage|p1a: Yveltal|82\/100 brn|[from] brn\n|upkeep\n|turn|57\n|inactive|XxBlazefirexX has 25 seconds left this turn.\n|inactive|XxBlazefirexX has 20 seconds left.\n|inactive|Penter has 120 seconds left.\n|inactive|XxBlazefirexX has 15 seconds left.\n|\n|t:|1700369790\n|switch|p1a: Xerneas|Xerneas|76\/100\n|-ability|p1a: Xerneas|Fairy Aura\n|move|p2a: Athena|Recover|p2a: Athena\n|-heal|p2a: Athena|92\/100 tox\n|\n|-damage|p2a: Athena|80\/100 tox|[from] psn\n|upkeep\n|turn|58\n|inactive|XxBlazefirexX has 25 seconds left this turn.\n|inactive|XxBlazefirexX has 20 seconds left.\n|inactive|Penter has 120 seconds left.\n|inactive|XxBlazefirexX has 15 seconds left.\n|\n|t:|1700369806\n|switch|p2a: Epione|Chansey, F, shiny|67\/100\n|switch|p1a: Necrozma|Necrozma-Dusk-Mane|51\/100 brn\n|\n|-heal|p1a: Necrozma|57\/100 brn|[from] item: Leftovers\n|-damage|p1a: Necrozma|51\/100 brn|[from] brn\n|upkeep\n|turn|59\n|inactive|XxBlazefirexX has 25 seconds left this turn.\n|inactive|Penter has 120 seconds left.\n|inactive|XxBlazefirexX has 20 seconds left.\n|inactive|XxBlazefirexX has 15 seconds left.\n|\n|t:|1700369819\n|move|p1a: Necrozma|Stealth Rock|p2a: Epione\n|-sidestart|p2: XxBlazefirexX|move: Stealth Rock\n|move|p2a: Epione|Seismic Toss|p1a: Necrozma\n|-damage|p1a: Necrozma|26\/100 brn\n|\n|-heal|p1a: Necrozma|32\/100 brn|[from] item: Leftovers\n|-damage|p1a: Necrozma|26\/100 brn|[from] brn\n|upkeep\n|turn|60\n|inactive|XxBlazefirexX has 25 seconds left this turn.\n|inactive|XxBlazefirexX has 20 seconds left.\n|inactive|XxBlazefirexX has 15 seconds left.\n|\n|t:|1700369831\n|move|p1a: Necrozma|Moonlight|p1a: Necrozma\n|-heal|p1a: Necrozma|76\/100 brn\n|move|p2a: Epione|Seismic Toss|p1a: Necrozma\n|-damage|p1a: Necrozma|51\/100 brn\n|\n|-heal|p1a: Necrozma|57\/100 brn|[from] item: Leftovers\n|-damage|p1a: Necrozma|51\/100 brn|[from] brn\n|upkeep\n|turn|61\n|inactive|XxBlazefirexX has 25 seconds left this turn.\n|inactive|XxBlazefirexX has 20 seconds left.\n|inactive|XxBlazefirexX has 15 seconds left.\n|inactive|XxBlazefirexX has 10 seconds left.\n|\n|t:|1700369848\n|switch|p1a: Arceus|Arceus-Ground|94\/100\n|move|p2a: Epione|Soft-Boiled|p2a: Epione\n|-heal|p2a: Epione|100\/100\n|\n|upkeep\n|turn|62\n|inactive|XxBlazefirexX has 20 seconds left this turn.\n|inactive|XxBlazefirexX has 15 seconds left.\n|inactive|XxBlazefirexX has 10 seconds left.\n|\n|t:|1700369860\n|move|p1a: Arceus|Calm Mind|p1a: Arceus\n|-boost|p1a: Arceus|spa|1\n|-boost|p1a: Arceus|spd|1\n|move|p2a: Epione|Seismic Toss|p1a: Arceus\n|-damage|p1a: Arceus|72\/100\n|\n|upkeep\n|turn|63\n|inactive|XxBlazefirexX has 20 seconds left this turn.\n|inactive|XxBlazefirexX has 15 seconds left.\n|inactive|XxBlazefirexX has 10 seconds left.\n|\n|t:|1700369871\n|move|p1a: Arceus|Calm Mind|p1a: Arceus\n|-boost|p1a: Arceus|spa|1\n|-boost|p1a: Arceus|spd|1\n|move|p2a: Epione|Confide|p1a: Arceus\n|-unboost|p1a: Arceus|spa|1\n|\n|upkeep\n|turn|64\n|inactive|XxBlazefirexX has 20 seconds left this turn.\n|inactive|XxBlazefirexX has 15 seconds left.\n|inactive|XxBlazefirexX has 10 seconds left.\n|\n|t:|1700369883\n|move|p1a: Arceus|Ice Beam|p2a: Epione\n|-damage|p2a: Epione|91\/100\n|move|p2a: Epione|Confide|p1a: Arceus\n|-unboost|p1a: Arceus|spa|1\n|\n|upkeep\n|turn|65\n|inactive|XxBlazefirexX has 20 seconds left this turn.\n|inactive|XxBlazefirexX has 15 seconds left.\n|inactive|XxBlazefirexX has 10 seconds left.\n|\n|t:|1700369894\n|move|p1a: Arceus|Calm Mind|p1a: Arceus\n|-boost|p1a: Arceus|spa|1\n|-boost|p1a: Arceus|spd|1\n|move|p2a: Epione|Seismic Toss|p1a: Arceus\n|-damage|p1a: Arceus|49\/100\n|\n|upkeep\n|turn|66\n|inactive|XxBlazefirexX has 20 seconds left this turn.\n|inactive|XxBlazefirexX has 15 seconds left.\n|inactive|XxBlazefirexX has 10 seconds left.\n|\n|t:|1700369906\n|move|p1a: Arceus|Recover|p1a: Arceus\n|-heal|p1a: Arceus|99\/100\n|move|p2a: Epione|Seismic Toss|p1a: Arceus\n|-damage|p1a: Arceus|77\/100\n|\n|upkeep\n|turn|67\n|inactive|XxBlazefirexX has 20 seconds left this turn.\n|inactive|XxBlazefirexX has 15 seconds left.\n|inactive|XxBlazefirexX has 10 seconds left.\n|\n|t:|1700369917\n|switch|p1a: Yveltal|Yveltal|82\/100 brn\n|-ability|p1a: Yveltal|Dark Aura\n|move|p2a: Epione|Seismic Toss|p1a: Yveltal\n|-damage|p1a: Yveltal|57\/100 brn\n|\n|-damage|p1a: Yveltal|51\/100 brn|[from] brn\n|upkeep\n|turn|68\n|inactive|XxBlazefirexX has 20 seconds left this turn.\n|inactive|XxBlazefirexX has 15 seconds left.\n|inactive|XxBlazefirexX has 10 seconds left.\n|\n|t:|1700369931\n|switch|p2a: Athena|Arceus-Fairy, shiny|80\/100 tox\n|-damage|p2a: Athena|68\/100 tox|[from] Stealth Rock\n|move|p1a: Yveltal|Roost|p1a: Yveltal\n|-heal|p1a: Yveltal|100\/100 brn\n|-singleturn|p1a: Yveltal|move: Roost\n|\n|-damage|p2a: Athena|61\/100 tox|[from] psn\n|-damage|p1a: Yveltal|94\/100 brn|[from] brn\n|upkeep\n|turn|69\n|inactive|XxBlazefirexX has 20 seconds left this turn.\n|inactive|XxBlazefirexX has 15 seconds left.\n|inactive|XxBlazefirexX has 10 seconds left.\n|\n|t:|1700369945\n|switch|p1a: Necrozma|Necrozma-Dusk-Mane|51\/100 brn\n|move|p2a: Athena|Refresh|p2a: Athena\n|-curestatus|p2a: Athena|tox|[msg]\n|\n|-heal|p1a: Necrozma|57\/100 brn|[from] item: Leftovers\n|-damage|p1a: Necrozma|51\/100 brn|[from] brn\n|upkeep\n|turn|70\n|inactive|XxBlazefirexX has 20 seconds left this turn.\n|inactive|XxBlazefirexX has 15 seconds left.\n|inactive|XxBlazefirexX has 10 seconds left.\n|\n|t:|1700369960\n|switch|p2a: Helios|Ho-Oh, shiny|89\/100 tox\n|move|p1a: Necrozma|Moonlight|p1a: Necrozma\n|-heal|p1a: Necrozma|100\/100 brn\n|\n|-damage|p2a: Helios|83\/100 tox|[from] psn\n|-damage|p1a: Necrozma|94\/100 brn|[from] brn\n|upkeep\n|turn|71\n|inactive|XxBlazefirexX has 20 seconds left this turn.\n|inactive|XxBlazefirexX has 15 seconds left.\n|inactive|XxBlazefirexX has 10 seconds left.\n|\n|t:|1700369972\n|switch|p1a: Kyogre|Kyogre-Primal|11\/100 slp\n|-weather|PrimordialSea|[from] ability: Primordial Sea|[of] p1a: Kyogre\n|move|p2a: Helios|Whirlwind|p1a: Kyogre\n|-weather|none\n|drag|p1a: Necrozma|Necrozma-Dusk-Mane|94\/100 brn\n|\n|-heal|p1a: Necrozma|100\/100 brn|[from] item: Leftovers\n|-damage|p2a: Helios|71\/100 tox|[from] psn\n|-damage|p1a: Necrozma|94\/100 brn|[from] brn\n|upkeep\n|turn|72\n|inactive|XxBlazefirexX has 20 seconds left this turn.\n|inactive|XxBlazefirexX has 15 seconds left.\n|inactive|XxBlazefirexX has 10 seconds left.\n|inactive|XxBlazefirexX has 5 seconds left.\n|\n|t:|1700369987\n|switch|p1a: Kyogre|Kyogre-Primal|11\/100 slp\n|-weather|PrimordialSea|[from] ability: Primordial Sea|[of] p1a: Kyogre\n|move|p2a: Helios|Defog|p1a: Kyogre\n|-unboost|p1a: Kyogre|evasion|1\n|-sideend|p2: XxBlazefirexX|Stealth Rock|[from] move: Defog|[of] p2a: Helios\n|\n|-weather|PrimordialSea|[upkeep]\n|-damage|p2a: Helios|53\/100 tox|[from] psn\n|upkeep\n|turn|73\n|inactive|XxBlazefirexX has 15 seconds left this turn.\n|inactive|XxBlazefirexX has 10 seconds left.\n|inactive|XxBlazefirexX has 5 seconds left.\n|\n|t:|1700370002\n|switch|p2a: Epione|Chansey, F, shiny|91\/100\n|cant|p1a: Kyogre|slp\n|move|p1a: Kyogre|Sleep Talk|p1a: Kyogre\n|move|p1a: Kyogre|Origin Pulse|p2a: Epione|[from]move: Sleep Talk\n|-damage|p2a: Epione|64\/100\n|\n|-weather|PrimordialSea|[upkeep]\n|upkeep\n|turn|74\n|inactive|XxBlazefirexX has 15 seconds left this turn.\n|inactive|XxBlazefirexX has 10 seconds left.\n|inactive|XxBlazefirexX has 5 seconds left.\n|-message|XxBlazefirexX lost due to inactivity.\n|\n|win|Penter\n|n|\u2606Penter|penter\n|n|\u2606XxBlazefirexX|xxblazefirexx\n|n| whitebeard solos|whitebeardsolos\n|n| Arcanine Numbers|arcaninenumbers\n","uploadtime":1700370020,"views":7,"p1id":"penter","p2id":"xxblazefirexx","formatid":"gen9nationaldexubers","rating":0,"private":0,"password":""}