{"id":"gen9nationaldexubers-1978539038","p1":"poipolok","p2":"Angel Karma","format":"[Gen 9] National Dex Ubers","log":"|j|\u2606poipolok\n|j|\u2606Angel Karma\n|t:|1698552612\n|gametype|singles\n|player|p1|poipolok|266|1400\n|player|p2|Angel Karma|unknown|1507\n|teamsize|p1|6\n|teamsize|p2|6\n|gen|9\n|tier|[Gen 9] National Dex Ubers\n|rated|\n|rule|HP Percentage Mod: HP is shown in percentages\n|rule|Endless Battle Clause: Forcing endless battles is banned\n|rule|OHKO Clause: OHKO moves are banned\n|rule|Evasion Moves Clause: Evasion moves are banned\n|rule|Evasion Items Clause: Evasion items are banned\n|rule|Species Clause: Limit one of each Pok\u00e9mon\n|rule|Sleep Clause Mod: Limit one foe put to sleep\n|rule|Mega Rayquaza Clause: You cannot mega evolve Rayquaza\n|clearpoke\n|poke|p1|Groudon|\n|poke|p1|Necrozma-Dusk-Mane|\n|poke|p1|Yveltal|\n|poke|p1|Ho-Oh|\n|poke|p1|Arceus-Water|\n|poke|p1|Zygarde|\n|poke|p2|Haxorus, M|\n|poke|p2|Groudon|\n|poke|p2|Skarmory, M|\n|poke|p2|Yveltal|\n|poke|p2|Flutter Mane|\n|poke|p2|Lucario, F|\n|teampreview\n|\n|t:|1698552638\n|start\n|switch|p1a: Groudon|Groudon|100\/100\n|switch|p2a: Yveltal|Yveltal|100\/100\n|-ability|p2a: Yveltal|Dark Aura\n|detailschange|p1a: Groudon|Groudon-Primal\n|-primal|p1a: Groudon|Red Orb\n|-weather|DesolateLand|[from] ability: Desolate Land|[of] p1a: Groudon\n|turn|1\n|inactive|Battle timer is ON: inactive players will automatically lose when time's up. (requested by poipolok)\n|\n|t:|1698552654\n|move|p2a: Yveltal|Dark Pulse|p1a: Groudon\n|-damage|p1a: Groudon|47\/100\n|move|p1a: Groudon|Stealth Rock|p2a: Yveltal\n|-sidestart|p2: Angel Karma|move: Stealth Rock\n|\n|-weather|DesolateLand|[upkeep]\n|upkeep\n|turn|2\n|\n|t:|1698552662\n|-weather|none\n|switch|p1a: Ho-Oh|Ho-Oh|100\/100\n|-ability|p1a: Ho-Oh|Pressure\n|move|p2a: Yveltal|Dark Pulse|p1a: Ho-Oh\n|-damage|p1a: Ho-Oh|73\/100\n|\n|upkeep\n|turn|3\n|\n|t:|1698552676\n|switch|p2a: Skarmory|Skarmory, M|100\/100\n|-damage|p2a: Skarmory|88\/100|[from] Stealth Rock\n|move|p1a: Ho-Oh|Roost|p1a: Ho-Oh\n|-heal|p1a: Ho-Oh|100\/100\n|-singleturn|p1a: Ho-Oh|move: Roost\n|\n|upkeep\n|turn|4\n|\n|t:|1698552688\n|move|p2a: Skarmory|Defog|p1a: Ho-Oh\n|-unboost|p1a: Ho-Oh|evasion|1\n|-sideend|p2: Angel Karma|Stealth Rock|[from] move: Defog|[of] p2a: Skarmory\n|move|p1a: Ho-Oh|Sacred Fire|p2a: Skarmory\n|-supereffective|p2a: Skarmory\n|-damage|p2a: Skarmory|20\/100\n|-ability|p2a: Skarmory|Weak Armor|boost\n|-unboost|p2a: Skarmory|def|1\n|-boost|p2a: Skarmory|spe|2\n|-enditem|p2a: Skarmory|Salac Berry|[eat]\n|-boost|p2a: Skarmory|spe|1|[from] item: Salac Berry\n|\n|upkeep\n|turn|5\n|\n|t:|1698552701\n|move|p2a: Skarmory|Brave Bird|p1a: Ho-Oh\n|-damage|p1a: Ho-Oh|67\/100\n|-damage|p2a: Skarmory|3\/100|[from] Recoil\n|move|p1a: Ho-Oh|Sacred Fire|p2a: Skarmory\n|-supereffective|p2a: Skarmory\n|-damage|p2a: Skarmory|0 fnt\n|faint|p2a: Skarmory\n|\n|upkeep\n|\n|t:|1698552713\n|switch|p2a: Lucario|Lucario, F, shiny|100\/100\n|turn|6\n|\n|t:|1698552718\n|detailschange|p2a: Lucario|Lucario-Mega, F, shiny\n|-mega|p2a: Lucario|Lucario|Lucarionite\n|move|p2a: Lucario|Stone Edge|p1a: Ho-Oh\n|-supereffective|p1a: Ho-Oh\n|-damage|p1a: Ho-Oh|0 fnt\n|faint|p1a: Ho-Oh\n|\n|upkeep\n|\n|t:|1698552725\n|switch|p1a: Groudon|Groudon-Primal|47\/100\n|-weather|DesolateLand|[from] ability: Desolate Land|[of] p1a: Groudon\n|turn|7\n|\n|t:|1698552730\n|move|p2a: Lucario|High Jump Kick|p1a: Groudon\n|-damage|p1a: Groudon|5\/100\n|move|p1a: Groudon|Stealth Rock|p2a: Lucario\n|-sidestart|p2: Angel Karma|move: Stealth Rock\n|\n|-weather|DesolateLand|[upkeep]\n|upkeep\n|turn|8\n|\n|t:|1698552737\n|move|p2a: Lucario|Bullet Punch|p1a: Groudon\n|-resisted|p1a: Groudon\n|-damage|p1a: Groudon|0 fnt\n|faint|p1a: Groudon\n|-weather|none\n|\n|upkeep\n|\n|t:|1698552739\n|switch|p1a: Zygarde|Zygarde|100\/100\n|turn|9\n|\n|t:|1698552746\n|switch|p2a: Haxorus|Haxorus, M|100\/100\n|-damage|p2a: Haxorus|88\/100|[from] Stealth Rock\n|-ability|p2a: Haxorus|Mold Breaker\n|move|p1a: Zygarde|Glare|p2a: Haxorus\n|-status|p2a: Haxorus|par\n|\n|upkeep\n|turn|10\n|\n|t:|1698552756\n|move|p1a: Zygarde|Coil|p1a: Zygarde\n|-boost|p1a: Zygarde|atk|1\n|-boost|p1a: Zygarde|def|1\n|-boost|p1a: Zygarde|accuracy|1\n|-enditem|p2a: Haxorus|Mirror Herb\n|-boost|p2a: Haxorus|atk|1|[from] item: Mirror Herb\n|-boost|p2a: Haxorus|def|1|[from] item: Mirror Herb\n|-boost|p2a: Haxorus|accuracy|1|[from] item: Mirror Herb\n|move|p2a: Haxorus|Dragon Dance|p2a: Haxorus\n|-boost|p2a: Haxorus|atk|1\n|-boost|p2a: Haxorus|spe|1\n|\n|upkeep\n|turn|11\n|\n|t:|1698552773\n|-terastallize|p2a: Haxorus|Steel\n|cant|p2a: Haxorus|par\n|move|p1a: Zygarde|Thousand Arrows|p2a: Haxorus\n|-supereffective|p2a: Haxorus\n|-damage|p2a: Haxorus|11\/100 par\n|\n|upkeep\n|turn|12\n|\n|t:|1698552781\n|switch|p1a: Necrozma|Necrozma-Dusk-Mane|100\/100\n|cant|p2a: Haxorus|par\n|\n|upkeep\n|turn|13\n|\n|t:|1698552791\n|move|p2a: Haxorus|Earthquake|p1a: Necrozma\n|-supereffective|p1a: Necrozma\n|-damage|p1a: Necrozma|16\/100\n|move|p1a: Necrozma|Moonlight|p1a: Necrozma\n|-heal|p1a: Necrozma|66\/100\n|\n|upkeep\n|turn|14\n|\n|t:|1698552802\n|switch|p1a: Yveltal|Yveltal|100\/100\n|-ability|p1a: Yveltal|Dark Aura\n|move|p2a: Haxorus|Iron Head|p1a: Yveltal\n|-damage|p1a: Yveltal|14\/100\n|\n|upkeep\n|turn|15\n|\n|t:|1698552811\n|move|p1a: Yveltal|Oblivion Wing|p2a: Haxorus\n|-resisted|p2a: Haxorus\n|-damage|p2a: Haxorus|0 fnt\n|-heal|p1a: Yveltal|20\/100|[from] drain|[of] p2a: Haxorus\n|faint|p2a: Haxorus\n|-damage|p1a: Yveltal|10\/100|[from] item: Life Orb\n|\n|upkeep\n|\n|t:|1698552821\n|switch|p2a: Yveltal|Yveltal|100\/100\n|-damage|p2a: Yveltal|76\/100|[from] Stealth Rock\n|-ability|p2a: Yveltal|Dark Aura\n|turn|16\n|\n|t:|1698552831\n|move|p2a: Yveltal|Dark Pulse|p1a: Yveltal\n|-resisted|p1a: Yveltal\n|-damage|p1a: Yveltal|0 fnt\n|faint|p1a: Yveltal\n|\n|upkeep\n|\n|t:|1698552837\n|switch|p1a: Arceus|Arceus-Water|100\/100\n|turn|17\n|\n|t:|1698552841\n|switch|p2a: Groudon|Groudon, shiny|100\/100\n|-damage|p2a: Groudon|94\/100|[from] Stealth Rock\n|detailschange|p2a: Groudon|Groudon-Primal, shiny\n|-primal|p2a: Groudon|Red Orb\n|-weather|DesolateLand|[from] ability: Desolate Land|[of] p2a: Groudon\n|move|p1a: Arceus|Whirlpool||[still]\n|-fail|p1a: Arceus|Whirlpool|[from] Desolate Land\n|\n|-weather|DesolateLand|[upkeep]\n|upkeep\n|turn|18\n|\n|t:|1698552852\n|move|p2a: Groudon|Rock Polish|p2a: Groudon\n|-boost|p2a: Groudon|spe|2\n|move|p1a: Arceus|Perish Song|p1a: Arceus\n|-start|p1a: Arceus|perish3|[silent]\n|-start|p2a: Groudon|perish3|[silent]\n|-fieldactivate|move: Perish Song\n|\n|-weather|DesolateLand|[upkeep]\n|-start|p2a: Groudon|perish3\n|-start|p1a: Arceus|perish3\n|upkeep\n|turn|19\n|\n|t:|1698552863\n|move|p2a: Groudon|Swords Dance|p2a: Groudon\n|-boost|p2a: Groudon|atk|2\n|move|p1a: Arceus|Recover||[still]\n|-fail|p1a: Arceus|heal\n|\n|-weather|DesolateLand|[upkeep]\n|-start|p2a: Groudon|perish2\n|-start|p1a: Arceus|perish2\n|upkeep\n|turn|20\n|\n|t:|1698552873\n|move|p1a: Arceus|Protect|p1a: Arceus\n|-singleturn|p1a: Arceus|Protect\n|move|p2a: Groudon|Precipice Blades|p1a: Arceus\n|-activate|p1a: Arceus|move: Protect\n|\n|-weather|DesolateLand|[upkeep]\n|-start|p2a: Groudon|perish1\n|-start|p1a: Arceus|perish1\n|upkeep\n|turn|21\n|\n|t:|1698552887\n|-weather|none\n|switch|p2a: Yveltal|Yveltal|76\/100\n|-damage|p2a: Yveltal|51\/100|[from] Stealth Rock\n|-ability|p2a: Yveltal|Dark Aura\n|switch|p1a: Zygarde|Zygarde|100\/100\n|\n|upkeep\n|turn|22\n|\n|t:|1698552905\n|move|p2a: Yveltal|Dark Pulse|p1a: Zygarde\n|-damage|p1a: Zygarde|45\/100\n|move|p1a: Zygarde|Thousand Arrows|p2a: Yveltal\n|-damage|p2a: Yveltal|23\/100\n|-start|p2a: Yveltal|Smack Down\n|\n|-activate|p1a: Zygarde|ability: Power Construct\n|detailschange|p1a: Zygarde|Zygarde-Complete\n|-heal|p1a: Zygarde|64\/100|[silent]\n|upkeep\n|turn|23\n|\n|t:|1698552919\n|move|p2a: Yveltal|Dark Pulse|p1a: Zygarde\n|-damage|p1a: Zygarde|33\/100\n|cant|p1a: Zygarde|flinch\n|\n|upkeep\n|turn|24\n|\n|t:|1698552927\n|move|p2a: Yveltal|Dark Pulse|p1a: Zygarde\n|-damage|p1a: Zygarde|0 fnt\n|faint|p1a: Zygarde\n|\n|upkeep\n|\n|t:|1698552930\n|switch|p1a: Arceus|Arceus-Water|100\/100\n|turn|25\n|-message|poipolok forfeited.\n|\n|win|Angel Karma\n|raw|poipolok's rating: 1400 &rarr; <strong>1386<\/strong><br \/>(-14 for losing)\n|raw|Angel Karma's rating: 1507 &rarr; <strong>1521<\/strong><br \/>(+14 for winning)\n|l|\u2606poipolok\n","uploadtime":1698552938,"views":14,"p1id":"poipolok","p2id":"angelkarma","formatid":"gen9nationaldexubers","rating":1386,"private":0,"password":""}