{"id":"gen9nationaldexubers-1994365515","p1":"lucasgostosao","p2":"COMBAT-MODE\u26a0\ufe0f","format":"[Gen 9] National Dex Ubers","log":"|j|\u2606lucasgostosao\n|j|\u2606COMBAT-MODE\u26a0\ufe0f\n|t:|1700435640\n|gametype|singles\n|player|p1|lucasgostosao|hilbert|1064\n|player|p2|COMBAT-MODE\u26a0\ufe0f|battlegirl-gen6|1163\n|teamsize|p1|4\n|teamsize|p2|6\n|gen|9\n|tier|[Gen 9] National Dex Ubers\n|rated|\n|rule|HP Percentage Mod: HP is shown in percentages\n|rule|Endless Battle Clause: Forcing endless battles is banned\n|rule|OHKO Clause: OHKO moves are banned\n|rule|Evasion Moves Clause: Evasion moves are banned\n|rule|Evasion Items Clause: Evasion items are banned\n|rule|Species Clause: Limit one of each Pok\u00e9mon\n|rule|Sleep Clause Mod: Limit one foe put to sleep\n|rule|Mega Rayquaza Clause: You cannot mega evolve Rayquaza\n|clearpoke\n|poke|p1|Groudon|\n|poke|p1|Torkoal, M|\n|poke|p1|Trevenant, F|\n|poke|p1|Victreebel, F|\n|poke|p2|Quaquaval, M|\n|poke|p2|Tauros-Paldea-Combat, M|\n|poke|p2|Passimian, M|\n|poke|p2|Urshifu-*, M|\n|poke|p2|Sneasler, M|\n|poke|p2|Hariyama, M|\n|teampreview\n|inactive|Battle timer is ON: inactive players will automatically lose when time's up. (requested by lucasgostosao)\n|\n|t:|1700435668\n|start\n|switch|p1a: Torkoal|Torkoal, M|100\/100\n|switch|p2a: \ud83d\udca2SNEASLER\ud83d\udca2\ud83d\udc4a|Sneasler, M, shiny|100\/100\n|-weather|SunnyDay|[from] ability: Drought|[of] p1a: Torkoal\n|turn|1\n|\n|t:|1700435678\n|switch|p1a: Victreebel|Victreebel, F|100\/100\n|move|p2a: \ud83d\udca2SNEASLER\ud83d\udca2\ud83d\udc4a|Fake Out|p1a: Victreebel\n|-damage|p1a: Victreebel|77\/100\n|\n|-weather|SunnyDay|[upkeep]\n|upkeep\n|turn|2\n|\n|t:|1700435696\n|move|p1a: Victreebel|Swords Dance|p1a: Victreebel\n|-boost|p1a: Victreebel|atk|2\n|move|p2a: \ud83d\udca2SNEASLER\ud83d\udca2\ud83d\udc4a|Dire Claw|p1a: Victreebel\n|-damage|p1a: Victreebel|5\/100\n|\n|-weather|SunnyDay|[upkeep]\n|upkeep\n|turn|3\n|\n|t:|1700435709\n|move|p1a: Victreebel|Leaf Blade|p2a: \ud83d\udca2SNEASLER\ud83d\udca2\ud83d\udc4a\n|-resisted|p2a: \ud83d\udca2SNEASLER\ud83d\udca2\ud83d\udc4a\n|-damage|p2a: \ud83d\udca2SNEASLER\ud83d\udca2\ud83d\udc4a|29\/100\n|move|p2a: \ud83d\udca2SNEASLER\ud83d\udca2\ud83d\udc4a|Dire Claw|p1a: Victreebel\n|-damage|p1a: Victreebel|0 fnt\n|faint|p1a: Victreebel\n|\n|-weather|SunnyDay|[upkeep]\n|upkeep\n|\n|t:|1700435719\n|switch|p1a: Trevenant|Trevenant, F|100\/100\n|turn|4\n|\n|t:|1700435723\n|move|p1a: Trevenant|Endure|p1a: Trevenant\n|-singleturn|p1a: Trevenant|move: Endure\n|move|p2a: \ud83d\udca2SNEASLER\ud83d\udca2\ud83d\udc4a|Dire Claw|p1a: Trevenant\n|-damage|p1a: Trevenant|57\/100\n|-status|p1a: Trevenant|psn|[from] ability: Poison Touch|[of] p2a: \ud83d\udca2SNEASLER\ud83d\udca2\ud83d\udc4a\n|\n|-weather|SunnyDay|[upkeep]\n|-damage|p1a: Trevenant|45\/100 psn|[from] psn\n|upkeep\n|turn|5\n|\n|t:|1700435735\n|move|p1a: Trevenant|Sucker Punch|p2a: \ud83d\udca2SNEASLER\ud83d\udca2\ud83d\udc4a\n|-resisted|p2a: \ud83d\udca2SNEASLER\ud83d\udca2\ud83d\udc4a\n|-damage|p2a: \ud83d\udca2SNEASLER\ud83d\udca2\ud83d\udc4a|11\/100\n|move|p2a: \ud83d\udca2SNEASLER\ud83d\udca2\ud83d\udc4a|Dire Claw|p1a: Trevenant\n|-damage|p1a: Trevenant|0 fnt\n|faint|p1a: Trevenant\n|\n|-weather|SunnyDay|[upkeep]\n|upkeep\n|-message|lucasgostosao forfeited.\n|\n|win|COMBAT-MODE\u26a0\ufe0f\n|raw|lucasgostosao's rating: 1064 &rarr; <strong>1050<\/strong><br \/>(-14 for losing)\n|raw|COMBAT-MODE\u26a0\ufe0f's rating: 1163 &rarr; <strong>1181<\/strong><br \/>(+18 for winning)\n|l|\u2606lucasgostosao\n|c|\u2606COMBAT-MODE\u26a0\ufe0f|Bye noob\n|l|\u2606COMBAT-MODE\u26a0\ufe0f\n|j|\u2606COMBAT-MODE\u26a0\ufe0f\n|player|p2|COMBAT-MODE\u26a0\ufe0f|battlegirl-gen6\n","uploadtime":1700435846,"views":14,"p1id":"lucasgostosao","p2id":"combatmode","formatid":"gen9nationaldexubers","rating":1050,"private":0,"password":""}