{"id":"gen9nationaldexubers-1984530581","p1":"uhbjhjh","p2":"sanzhigao","format":"[Gen 9] National Dex Ubers","log":"|j|\u2606uhbjhjh\n|j|\u2606sanzhigao\n|t:|1699276740\n|gametype|singles\n|player|p1|uhbjhjh|blackbelt-gen4dp|1086\n|player|p2|sanzhigao|cynthia|1037\n|teamsize|p1|6\n|teamsize|p2|6\n|gen|9\n|tier|[Gen 9] National Dex Ubers\n|rated|\n|rule|HP Percentage Mod: HP is shown in percentages\n|rule|Endless Battle Clause: Forcing endless battles is banned\n|rule|OHKO Clause: OHKO moves are banned\n|rule|Evasion Moves Clause: Evasion moves are banned\n|rule|Evasion Items Clause: Evasion items are banned\n|rule|Species Clause: Limit one of each Pok\u00e9mon\n|rule|Sleep Clause Mod: Limit one foe put to sleep\n|rule|Mega Rayquaza Clause: You cannot mega evolve Rayquaza\n|clearpoke\n|poke|p1|Pheromosa|\n|poke|p1|Gardevoir, F|\n|poke|p1|Ogerpon-Hearthflame, F|\n|poke|p1|Deoxys-Defense|\n|poke|p1|Raichu-Alola, M|\n|poke|p1|Palafin, F|\n|poke|p2|Blissey, F|\n|poke|p2|Toxapex, F|\n|poke|p2|Celesteela|\n|poke|p2|Clodsire, F|\n|poke|p2|Garganacl, F|\n|poke|p2|Skarmory, F|\n|teampreview\n|inactive|Battle timer is ON: inactive players will automatically lose when time's up. (requested by uhbjhjh)\n|inactive|sanzhigao also wants the timer to be on.\n|\n|t:|1699276749\n|start\n|switch|p1a: Gardevoir|Gardevoir, F, shiny|100\/100\n|switch|p2a: Blissey|Blissey, F, shiny|100\/100\n|-ability|p1a: Gardevoir|Natural Cure|[from] ability: Trace|[of] p2a: Blissey\n|turn|1\n|\n|t:|1699276767\n|switch|p1a: Pheromosa|Pheromosa, shiny|100\/100\n|move|p2a: Blissey|Toxic|p1a: Pheromosa\n|-status|p1a: Pheromosa|tox\n|\n|-damage|p1a: Pheromosa|94\/100 tox|[from] psn\n|upkeep\n|turn|2\n|\n|t:|1699276775\n|move|p1a: Pheromosa|High Jump Kick|p2a: Blissey\n|-supereffective|p2a: Blissey\n|-damage|p2a: Blissey|0 fnt\n|faint|p2a: Blissey\n|-ability|p1a: Pheromosa|Beast Boost|boost\n|-boost|p1a: Pheromosa|atk|1\n|\n|-heal|p1a: Pheromosa|100\/100 tox|[from] item: Leftovers\n|-damage|p1a: Pheromosa|88\/100 tox|[from] psn\n|upkeep\n|\n|t:|1699276790\n|switch|p2a: Toxapex|Toxapex, F, shiny|100\/100\n|turn|3\n|\n|t:|1699276796\n|move|p1a: Pheromosa|Triple Axel|p2a: Toxapex\n|-resisted|p2a: Toxapex\n|-damage|p2a: Toxapex|97\/100\n|-resisted|p2a: Toxapex\n|-damage|p2a: Toxapex|89\/100\n|-resisted|p2a: Toxapex\n|-damage|p2a: Toxapex|78\/100\n|-hitcount|p2a: Toxapex|3\n|move|p2a: Toxapex|Haze|p2a: Toxapex\n|-clearallboost\n|\n|-heal|p1a: Pheromosa|94\/100 tox|[from] item: Leftovers\n|-heal|p2a: Toxapex|85\/100|[from] item: Black Sludge\n|-damage|p1a: Pheromosa|76\/100 tox|[from] psn\n|upkeep\n|turn|4\n|\n|t:|1699276811\n|move|p1a: Pheromosa|Lunge|p2a: Toxapex\n|-resisted|p2a: Toxapex\n|-damage|p2a: Toxapex|69\/100\n|-unboost|p2a: Toxapex|atk|1\n|move|p2a: Toxapex|Scald|p1a: Pheromosa\n|-damage|p1a: Pheromosa|36\/100 tox\n|\n|-heal|p1a: Pheromosa|42\/100 tox|[from] item: Leftovers\n|-heal|p2a: Toxapex|75\/100|[from] item: Black Sludge\n|-damage|p1a: Pheromosa|18\/100 tox|[from] psn\n|upkeep\n|turn|5\n|\n|t:|1699276830\n|move|p1a: Pheromosa|High Jump Kick|p2a: Toxapex\n|-resisted|p2a: Toxapex\n|-crit|p2a: Toxapex\n|-damage|p2a: Toxapex|38\/100\n|move|p2a: Toxapex|Scald|p1a: Pheromosa\n|-damage|p1a: Pheromosa|0 fnt\n|faint|p1a: Pheromosa\n|\n|-heal|p2a: Toxapex|44\/100|[from] item: Black Sludge\n|upkeep\n|\n|t:|1699276839\n|switch|p1a: Deoxys|Deoxys-Defense, shiny|100\/100\n|-ability|p1a: Deoxys|Pressure\n|turn|6\n|\n|t:|1699276844\n|move|p1a: Deoxys|Taunt|p2a: Toxapex\n|-start|p2a: Toxapex|move: Taunt\n|cant|p2a: Toxapex|move: Taunt|Recover\n|\n|-heal|p2a: Toxapex|50\/100|[from] item: Black Sludge\n|upkeep\n|turn|7\n|\n|t:|1699276854\n|switch|p2a: Celesteela|Celesteela, shiny|100\/100\n|move|p1a: Deoxys|Cosmic Power|p1a: Deoxys\n|-boost|p1a: Deoxys|def|1\n|-boost|p1a: Deoxys|spd|1\n|\n|upkeep\n|turn|8\n|\n|t:|1699276861\n|move|p1a: Deoxys|Cosmic Power|p1a: Deoxys\n|-boost|p1a: Deoxys|def|1\n|-boost|p1a: Deoxys|spd|1\n|move|p2a: Celesteela|Leech Seed|p1a: Deoxys\n|-start|p1a: Deoxys|move: Leech Seed\n|\n|-damage|p1a: Deoxys|88\/100|[from] Leech Seed|[of] p2a: Celesteela\n|upkeep\n|turn|9\n|\n|t:|1699276876\n|switch|p1a: Gardevoir|Gardevoir, F, shiny|100\/100\n|-ability|p1a: Gardevoir|Beast Boost|[from] ability: Trace|[of] p2a: Celesteela\n|move|p2a: Celesteela|Heavy Slam|p1a: Gardevoir\n|-supereffective|p1a: Gardevoir\n|-damage|p1a: Gardevoir|0 fnt\n|faint|p1a: Gardevoir\n|-ability|p2a: Celesteela|Beast Boost|boost\n|-boost|p2a: Celesteela|def|1\n|\n|upkeep\n|\n|t:|1699276888\n|switch|p1a: Raichu|Raichu-Alola, M, shiny|100\/100\n|turn|10\n|\n|t:|1699276896\n|move|p1a: Raichu|Electric Terrain|p1a: Raichu\n|-fieldstart|move: Electric Terrain\n|move|p2a: Celesteela|Heavy Slam|p1a: Raichu\n|-resisted|p1a: Raichu\n|-damage|p1a: Raichu|48\/100\n|\n|upkeep\n|turn|11\n|\n|t:|1699276902\n|move|p1a: Raichu|Rising Voltage|p2a: Celesteela\n|-supereffective|p2a: Celesteela\n|-damage|p2a: Celesteela|37\/100\n|move|p2a: Celesteela|Heavy Slam|p1a: Raichu\n|-resisted|p1a: Raichu\n|-damage|p1a: Raichu|0 fnt\n|faint|p1a: Raichu\n|-ability|p2a: Celesteela|Beast Boost|boost\n|-boost|p2a: Celesteela|def|1\n|\n|-heal|p2a: Celesteela|43\/100|[from] item: Leftovers\n|upkeep\n|\n|t:|1699276919\n|switch|p1a: Palafin|Palafin, F, shiny|100\/100\n|turn|12\n|\n|t:|1699276925\n|detailschange|p1a: Palafin|Palafin-Hero, F, shiny\n|switch|p1a: Ogerpon|Ogerpon-Hearthflame, F|100\/100\n|-ability|p1a: Ogerpon|Mold Breaker\n|move|p2a: Celesteela|Leech Seed|p1a: Ogerpon\n|-immune|p1a: Ogerpon\n|\n|-heal|p2a: Celesteela|49\/100|[from] item: Leftovers\n|upkeep\n|turn|13\n|\n|t:|1699276935\n|move|p2a: Celesteela|Protect|p2a: Celesteela\n|-singleturn|p2a: Celesteela|Protect\n|move|p1a: Ogerpon|Ivy Cudgel|p2a: Celesteela\n|-activate|p2a: Celesteela|move: Protect\n|\n|-heal|p2a: Celesteela|55\/100|[from] item: Leftovers\n|upkeep\n|turn|14\n|\n|t:|1699276942\n|move|p1a: Ogerpon|Ivy Cudgel|p2a: Celesteela\n|-supereffective|p2a: Celesteela\n|-damage|p2a: Celesteela|14\/100\n|move|p2a: Celesteela|Toxic|p1a: Ogerpon\n|-status|p1a: Ogerpon|tox\n|\n|-heal|p2a: Celesteela|20\/100|[from] item: Leftovers\n|-damage|p1a: Ogerpon|95\/100 tox|[from] psn\n|-fieldend|move: Electric Terrain\n|upkeep\n|turn|15\n|\n|t:|1699276952\n|move|p2a: Celesteela|Protect|p2a: Celesteela\n|-singleturn|p2a: Celesteela|Protect\n|move|p1a: Ogerpon|Ivy Cudgel|p2a: Celesteela\n|-activate|p2a: Celesteela|move: Protect\n|\n|-heal|p2a: Celesteela|26\/100|[from] item: Leftovers\n|-damage|p1a: Ogerpon|83\/100 tox|[from] psn\n|upkeep\n|turn|16\n|\n|t:|1699276965\n|move|p1a: Ogerpon|Ivy Cudgel|p2a: Celesteela\n|-supereffective|p2a: Celesteela\n|-damage|p2a: Celesteela|0 fnt\n|faint|p2a: Celesteela\n|\n|-damage|p1a: Ogerpon|65\/100 tox|[from] psn\n|upkeep\n|\n|t:|1699276973\n|switch|p2a: Garganacl|Garganacl, F, shiny|100\/100\n|turn|17\n|\n|t:|1699276979\n|move|p1a: Ogerpon|Wood Hammer|p2a: Garganacl\n|-supereffective|p2a: Garganacl\n|-damage|p2a: Garganacl|0 fnt\n|faint|p2a: Garganacl\n|-damage|p1a: Ogerpon|21\/100 tox|[from] Recoil\n|\n|-damage|p1a: Ogerpon|0 fnt|[from] psn\n|faint|p1a: Ogerpon\n|upkeep\n|\n|t:|1699277000\n|switch|p1a: Palafin|Palafin-Hero, F, shiny|100\/100\n|switch|p2a: Clodsire|Clodsire, F, shiny|100\/100\n|-activate|p1a: Palafin|ability: Zero to Hero\n|turn|18\n|\n|t:|1699277007\n|move|p1a: Palafin|Bulk Up|p1a: Palafin\n|-boost|p1a: Palafin|atk|1\n|-boost|p1a: Palafin|def|1\n|move|p2a: Clodsire|Toxic|p1a: Palafin\n|-status|p1a: Palafin|tox\n|\n|-damage|p1a: Palafin|94\/100 tox|[from] psn\n|upkeep\n|turn|19\n|\n|t:|1699277018\n|move|p1a: Palafin|Bulk Up|p1a: Palafin\n|-boost|p1a: Palafin|atk|1\n|-boost|p1a: Palafin|def|1\n|move|p2a: Clodsire|Stealth Rock|p1a: Palafin\n|-sidestart|p1: uhbjhjh|move: Stealth Rock\n|\n|-heal|p1a: Palafin|100\/100 tox|[from] item: Leftovers\n|-damage|p1a: Palafin|88\/100 tox|[from] psn\n|upkeep\n|turn|20\n|\n|t:|1699277026\n|move|p1a: Palafin|Bulk Up|p1a: Palafin\n|-boost|p1a: Palafin|atk|1\n|-boost|p1a: Palafin|def|1\n|move|p2a: Clodsire|Earthquake|p1a: Palafin\n|-damage|p1a: Palafin|59\/100 tox\n|\n|-heal|p1a: Palafin|65\/100 tox|[from] item: Leftovers\n|-damage|p1a: Palafin|47\/100 tox|[from] psn\n|upkeep\n|turn|21\n|\n|t:|1699277035\n|move|p1a: Palafin|Drain Punch|p2a: Clodsire\n|-resisted|p2a: Clodsire\n|-damage|p2a: Clodsire|83\/100\n|-heal|p1a: Palafin|59\/100 tox|[from] drain|[of] p2a: Clodsire\n|move|p2a: Clodsire|Earthquake|p1a: Palafin\n|-damage|p1a: Palafin|34\/100 tox\n|\n|-heal|p1a: Palafin|40\/100 tox|[from] item: Leftovers\n|-heal|p2a: Clodsire|89\/100|[from] item: Black Sludge\n|-damage|p1a: Palafin|15\/100 tox|[from] psn\n|upkeep\n|turn|22\n|\n|t:|1699277045\n|move|p1a: Palafin|Drain Punch|p2a: Clodsire\n|-resisted|p2a: Clodsire\n|-damage|p2a: Clodsire|73\/100\n|-heal|p1a: Palafin|26\/100 tox|[from] drain|[of] p2a: Clodsire\n|move|p2a: Clodsire|Earthquake|p1a: Palafin\n|-damage|p1a: Palafin|0 fnt\n|faint|p1a: Palafin\n|\n|-heal|p2a: Clodsire|80\/100|[from] item: Black Sludge\n|upkeep\n|\n|t:|1699277055\n|switch|p1a: Deoxys|Deoxys-Defense, shiny|88\/100\n|-damage|p1a: Deoxys|76\/100|[from] Stealth Rock\n|-ability|p1a: Deoxys|Pressure\n|turn|23\n|\n|t:|1699277071\n|move|p1a: Deoxys|Taunt|p2a: Clodsire\n|-start|p2a: Clodsire|move: Taunt\n|move|p2a: Clodsire|Earthquake|p1a: Deoxys\n|-damage|p1a: Deoxys|55\/100\n|\n|-heal|p2a: Clodsire|86\/100|[from] item: Black Sludge\n|upkeep\n|turn|24\n|\n|t:|1699277081\n|move|p1a: Deoxys|Cosmic Power|p1a: Deoxys\n|-boost|p1a: Deoxys|def|1\n|-boost|p1a: Deoxys|spd|1\n|move|p2a: Clodsire|Earthquake|p1a: Deoxys\n|-damage|p1a: Deoxys|35\/100\n|\n|-heal|p2a: Clodsire|92\/100|[from] item: Black Sludge\n|upkeep\n|turn|25\n|\n|t:|1699277091\n|move|p1a: Deoxys|Cosmic Power|p1a: Deoxys\n|-boost|p1a: Deoxys|def|1\n|-boost|p1a: Deoxys|spd|1\n|move|p2a: Clodsire|Earthquake|p1a: Deoxys\n|-damage|p1a: Deoxys|11\/100\n|\n|-heal|p2a: Clodsire|98\/100|[from] item: Black Sludge\n|-end|p2a: Clodsire|move: Taunt\n|upkeep\n|turn|26\n|\n|t:|1699277102\n|-terastallize|p1a: Deoxys|Steel\n|move|p1a: Deoxys|Recover|p1a: Deoxys\n|-heal|p1a: Deoxys|61\/100\n|move|p2a: Clodsire|Earthquake|p1a: Deoxys\n|-supereffective|p1a: Deoxys\n|-damage|p1a: Deoxys|19\/100\n|\n|-heal|p2a: Clodsire|100\/100|[from] item: Black Sludge\n|upkeep\n|turn|27\n|-message|uhbjhjh forfeited.\n|\n|win|sanzhigao\n|raw|uhbjhjh's rating: 1086 &rarr; <strong>1060<\/strong><br \/>(-26 for losing)\n|raw|sanzhigao's rating: 1037 &rarr; <strong>1076<\/strong><br \/>(+39 for winning)\n|l|\u2606uhbjhjh\n","uploadtime":1699277119,"views":9,"p1id":"uhbjhjh","p2id":"sanzhigao","formatid":"gen9nationaldexubers","rating":1060,"private":0,"password":""}