{"id":"gen9nationaldexubers-1983198023","p1":"lkjgames","p2":"psychictrainerario","format":"[Gen 9] National Dex Ubers","log":"|j|\u2606lkjgames\n|j|\u2606psychictrainerario\n|t:|1699103979\n|gametype|singles\n|player|p1|lkjgames|steven|1297\n|player|p2|psychictrainerario|psychic-gen4|1429\n|teamsize|p1|6\n|teamsize|p2|6\n|gen|9\n|tier|[Gen 9] National Dex Ubers\n|rated|\n|rule|HP Percentage Mod: HP is shown in percentages\n|rule|Endless Battle Clause: Forcing endless battles is banned\n|rule|OHKO Clause: OHKO moves are banned\n|rule|Evasion Moves Clause: Evasion moves are banned\n|rule|Evasion Items Clause: Evasion items are banned\n|rule|Species Clause: Limit one of each Pok\u00e9mon\n|rule|Sleep Clause Mod: Limit one foe put to sleep\n|rule|Mega Rayquaza Clause: You cannot mega evolve Rayquaza\n|clearpoke\n|poke|p1|Cloyster, F|\n|poke|p1|Zacian-*|\n|poke|p1|Zygarde|\n|poke|p1|Marshadow|\n|poke|p1|Celesteela|\n|poke|p1|Kyogre|\n|poke|p2|Chi-Yu|\n|poke|p2|Dondozo, M|\n|poke|p2|Metagross|\n|poke|p2|Baxcalibur, M|\n|poke|p2|Breloom, F|\n|poke|p2|Dragapult, M|\n|teampreview\n|\n|t:|1699103998\n|start\n|switch|p1a: Hakari Kinji|Zygarde, shiny|100\/100\n|switch|p2a: Brooml|Breloom, F|100\/100\n|turn|1\n|\n|t:|1699104005\n|move|p2a: Brooml|Bullet Seed|p1a: Hakari Kinji\n|-damage|p1a: Hakari Kinji|86\/100\n|-damage|p1a: Hakari Kinji|72\/100\n|-hitcount|p1a: Hakari Kinji|2\n|move|p1a: Hakari Kinji|Coil|p1a: Hakari Kinji\n|-boost|p1a: Hakari Kinji|atk|1\n|-boost|p1a: Hakari Kinji|def|1\n|-boost|p1a: Hakari Kinji|accuracy|1\n|\n|upkeep\n|turn|2\n|\n|t:|1699104012\n|move|p2a: Brooml|Spore|p1a: Hakari Kinji\n|-status|p1a: Hakari Kinji|slp|[from] move: Spore\n|cant|p1a: Hakari Kinji|slp\n|\n|upkeep\n|turn|3\n|\n|t:|1699104017\n|switch|p2a: This is a dinosaur|Baxcalibur, M|100\/100\n|cant|p1a: Hakari Kinji|slp\n|move|p1a: Hakari Kinji|Sleep Talk|p1a: Hakari Kinji\n|move|p1a: Hakari Kinji|Rest||[from]move: Sleep Talk|[still]\n|-fail|p1a: Hakari Kinji\n|\n|upkeep\n|turn|4\n|\n|t:|1699104024\n|-terastallize|p1a: Hakari Kinji|Water\n|move|p2a: This is a dinosaur|Scale Shot|p1a: Hakari Kinji\n|-damage|p1a: Hakari Kinji|65\/100 slp\n|-damage|p1a: Hakari Kinji|59\/100 slp\n|-damage|p1a: Hakari Kinji|51\/100 slp\n|-damage|p1a: Hakari Kinji|45\/100 slp\n|-hitcount|p1a: Hakari Kinji|4\n|-unboost|p2a: This is a dinosaur|def|1\n|-boost|p2a: This is a dinosaur|spe|1\n|-curestatus|p1a: Hakari Kinji|slp|[msg]\n|move|p1a: Hakari Kinji|Sleep Talk||[still]\n|-fail|p1a: Hakari Kinji\n|\n|-activate|p1a: Hakari Kinji|ability: Power Construct\n|detailschange|p1a: Hakari Kinji|Zygarde-Complete, shiny, tera:Water\n|-heal|p1a: Hakari Kinji|64\/100|[silent]\n|upkeep\n|turn|5\n|\n|t:|1699104046\n|move|p2a: This is a dinosaur|Earthquake|p1a: Hakari Kinji\n|-damage|p1a: Hakari Kinji|53\/100\n|move|p1a: Hakari Kinji|Thousand Arrows|p2a: This is a dinosaur\n|-damage|p2a: This is a dinosaur|0 fnt\n|faint|p2a: This is a dinosaur\n|-damage|p1a: Hakari Kinji|43\/100|[from] item: Life Orb\n|\n|upkeep\n|\n|t:|1699104052\n|switch|p2a: Brooml|Breloom, F|100\/100\n|turn|6\n|\n|t:|1699104060\n|switch|p1a: Sukuna|Celesteela|100\/100\n|move|p2a: Brooml|Bullet Seed|p1a: Sukuna\n|-resisted|p1a: Sukuna\n|-damage|p1a: Sukuna|98\/100\n|-resisted|p1a: Sukuna\n|-damage|p1a: Sukuna|95\/100\n|-resisted|p1a: Sukuna\n|-damage|p1a: Sukuna|92\/100\n|-resisted|p1a: Sukuna\n|-damage|p1a: Sukuna|89\/100\n|-resisted|p1a: Sukuna\n|-damage|p1a: Sukuna|86\/100\n|-hitcount|p1a: Sukuna|5\n|\n|-heal|p1a: Sukuna|92\/100|[from] item: Leftovers\n|upkeep\n|turn|7\n|\n|t:|1699104066\n|move|p2a: Brooml|Spore|p1a: Sukuna\n|-status|p1a: Sukuna|slp|[from] move: Spore\n|cant|p1a: Sukuna|slp\n|\n|-heal|p1a: Sukuna|98\/100 slp|[from] item: Leftovers\n|upkeep\n|turn|8\n|\n|t:|1699104079\n|switch|p2a: Dondozo|Dondozo, M|100\/100\n|-curestatus|p1a: Sukuna|slp|[msg]\n|move|p1a: Sukuna|Flamethrower|p2a: Dondozo\n|-resisted|p2a: Dondozo\n|-damage|p2a: Dondozo|90\/100\n|\n|-heal|p1a: Sukuna|100\/100|[from] item: Leftovers\n|-heal|p2a: Dondozo|96\/100|[from] item: Leftovers\n|upkeep\n|turn|9\n|\n|t:|1699104088\n|move|p1a: Sukuna|Leech Seed|p2a: Dondozo\n|-start|p2a: Dondozo|move: Leech Seed\n|move|p2a: Dondozo|Curse|p2a: Dondozo\n|-unboost|p2a: Dondozo|spe|1\n|-boost|p2a: Dondozo|atk|1\n|-boost|p2a: Dondozo|def|1\n|\n|-heal|p2a: Dondozo|100\/100|[from] item: Leftovers\n|-damage|p2a: Dondozo|88\/100|[from] Leech Seed|[of] p1a: Sukuna\n|upkeep\n|turn|10\n|\n|t:|1699104093\n|switch|p1a: Zoro-Wano|Zacian-Crowned, shiny|100\/100\n|-ability|p1a: Zoro-Wano|Intrepid Sword|boost\n|-boost|p1a: Zoro-Wano|atk|1\n|move|p2a: Dondozo|Curse|p2a: Dondozo\n|-unboost|p2a: Dondozo|spe|1\n|-boost|p2a: Dondozo|atk|1\n|-boost|p2a: Dondozo|def|1\n|\n|-heal|p2a: Dondozo|94\/100|[from] item: Leftovers\n|-damage|p2a: Dondozo|82\/100|[from] Leech Seed|[of] p1a: Zoro-Wano\n|upkeep\n|turn|11\n|\n|t:|1699104116\n|move|p1a: Zoro-Wano|Trailblaze|p2a: Dondozo\n|-supereffective|p2a: Dondozo\n|-damage|p2a: Dondozo|69\/100\n|-boost|p1a: Zoro-Wano|spe|1\n|move|p2a: Dondozo|Earthquake|p1a: Zoro-Wano\n|-supereffective|p1a: Zoro-Wano\n|-damage|p1a: Zoro-Wano|0 fnt\n|faint|p1a: Zoro-Wano\n|\n|-heal|p2a: Dondozo|75\/100|[from] item: Leftovers\n|upkeep\n|\n|t:|1699104131\n|switch|p1a: Uraume|Cloyster, F, shiny|100\/100\n|turn|12\n|\n|t:|1699104134\n|move|p1a: Uraume|Shell Smash|p1a: Uraume\n|-unboost|p1a: Uraume|def|1\n|-unboost|p1a: Uraume|spd|1\n|-boost|p1a: Uraume|atk|2\n|-boost|p1a: Uraume|spa|2\n|-boost|p1a: Uraume|spe|2\n|move|p2a: Dondozo|Earthquake|p1a: Uraume\n|-damage|p1a: Uraume|48\/100\n|\n|-heal|p2a: Dondozo|82\/100|[from] item: Leftovers\n|-damage|p2a: Dondozo|69\/100|[from] Leech Seed|[of] p1a: Uraume\n|-heal|p1a: Uraume|74\/100|[silent]\n|upkeep\n|turn|13\n|\n|t:|1699104140\n|move|p1a: Uraume|Liquidation|p2a: Dondozo\n|-resisted|p2a: Dondozo\n|-damage|p2a: Dondozo|64\/100\n|move|p2a: Dondozo|Earthquake|p1a: Uraume\n|-damage|p1a: Uraume|23\/100\n|\n|-heal|p2a: Dondozo|70\/100|[from] item: Leftovers\n|-damage|p2a: Dondozo|58\/100|[from] Leech Seed|[of] p1a: Uraume\n|-heal|p1a: Uraume|49\/100|[silent]\n|upkeep\n|turn|14\n|\n|t:|1699104148\n|move|p1a: Uraume|Explosion|p2a: Dondozo\n|-damage|p2a: Dondozo|35\/100\n|faint|p1a: Uraume\n|move|p2a: Dondozo|Curse|p2a: Dondozo\n|-unboost|p2a: Dondozo|spe|1\n|-boost|p2a: Dondozo|atk|1\n|-boost|p2a: Dondozo|def|1\n|\n|-heal|p2a: Dondozo|41\/100|[from] item: Leftovers\n|upkeep\n|\n|t:|1699104153\n|switch|p1a: gojou|Kyogre|100\/100\n|detailschange|p1a: gojou|Kyogre-Primal\n|-primal|p1a: gojou|Blue Orb\n|-weather|PrimordialSea|[from] ability: Primordial Sea|[of] p1a: gojou\n|turn|15\n|\n|t:|1699104160\n|-terastallize|p2a: Dondozo|Ground\n|move|p1a: gojou|Thunderbolt|p2a: Dondozo\n|-immune|p2a: Dondozo\n|move|p2a: Dondozo|Earthquake|p1a: gojou\n|-damage|p1a: gojou|0 fnt\n|faint|p1a: gojou\n|-weather|none\n|\n|-heal|p2a: Dondozo|47\/100|[from] item: Leftovers\n|upkeep\n|c|\u2606psychictrainerario|Real fish\n|c|\u2606psychictrainerario|Fish realed\n|c|\u2606lkjgames|bro unaware\n|c|\u2606lkjgames|trash....\n|\n|t:|1699104196\n|switch|p1a: Fushiguro Megume|Marshadow|100\/100\n|turn|16\n|c|\u2606psychictrainerario|Unaware is definitely a balanced ability fr\n|\n|t:|1699104213\n|move|p1a: Fushiguro Megume|Close Combat|p2a: Dondozo\n|-damage|p2a: Dondozo|33\/100\n|-unboost|p1a: Fushiguro Megume|def|1\n|-unboost|p1a: Fushiguro Megume|spd|1\n|move|p2a: Dondozo|Liquidation|p1a: Fushiguro Megume\n|-enditem|p1a: Fushiguro Megume|Focus Sash\n|-damage|p1a: Fushiguro Megume|1\/100\n|\n|-heal|p2a: Dondozo|39\/100|[from] item: Leftovers\n|-damage|p2a: Dondozo|26\/100|[from] Leech Seed|[of] p1a: Fushiguro Megume\n|-heal|p1a: Fushiguro Megume|20\/100|[silent]\n|upkeep\n|turn|17\n|c|\u2606lkjgames|no is balanced\n|c|\u2606lkjgames|is steal\n|\n|t:|1699104225\n|move|p1a: Fushiguro Megume|Close Combat|p2a: Dondozo\n|-damage|p2a: Dondozo|12\/100\n|-unboost|p1a: Fushiguro Megume|def|1\n|-unboost|p1a: Fushiguro Megume|spd|1\n|move|p2a: Dondozo|Liquidation|p1a: Fushiguro Megume\n|-damage|p1a: Fushiguro Megume|0 fnt\n|faint|p1a: Fushiguro Megume\n|\n|-heal|p2a: Dondozo|19\/100|[from] item: Leftovers\n|upkeep\n|\n|t:|1699104235\n|switch|p1a: Sukuna|Celesteela|100\/100\n|turn|18\n|c|\u2606psychictrainerario|Wait can't you just Spectral Thief...\n|c|\u2606psychictrainerario|Or do you not have it\n|\n|t:|1699104245\n|move|p1a: Sukuna|Protect|p1a: Sukuna\n|-singleturn|p1a: Sukuna|Protect\n|move|p2a: Dondozo|Rest|p2a: Dondozo\n|-status|p2a: Dondozo|slp|[from] move: Rest\n|-heal|p2a: Dondozo|100\/100 slp|[silent]\n|\n|-damage|p2a: Dondozo|88\/100 slp|[from] Leech Seed|[of] p1a: Sukuna\n|upkeep\n|turn|19\n|c|\u2606lkjgames|i not using spectral thief\n|c|\u2606lkjgames|unaware bro...\n|\n|t:|1699104282\n|move|p1a: Sukuna|Air Slash|p2a: Dondozo\n|-damage|p2a: Dondozo|61\/100 slp\n|cant|p2a: Dondozo|slp\n|\n|-heal|p2a: Dondozo|67\/100 slp|[from] item: Leftovers\n|-damage|p2a: Dondozo|54\/100 slp|[from] Leech Seed|[of] p1a: Sukuna\n|upkeep\n|turn|20\n|\n|t:|1699104286\n|move|p1a: Sukuna|Air Slash|p2a: Dondozo\n|-damage|p2a: Dondozo|26\/100 slp\n|cant|p2a: Dondozo|slp\n|\n|-heal|p2a: Dondozo|33\/100 slp|[from] item: Leftovers\n|-damage|p2a: Dondozo|20\/100 slp|[from] Leech Seed|[of] p1a: Sukuna\n|upkeep\n|turn|21\n|\n|t:|1699104291\n|move|p1a: Sukuna|Air Slash|p2a: Dondozo\n|-damage|p2a: Dondozo|0 fnt\n|faint|p2a: Dondozo\n|-ability|p1a: Sukuna|Beast Boost|boost\n|-boost|p1a: Sukuna|def|1\n|\n|upkeep\n|\n|t:|1699104294\n|switch|p2a: Remilia Scarlet|Chi-Yu|100\/100\n|-ability|p2a: Remilia Scarlet|Beads of Ruin\n|turn|22\n|\n|t:|1699104322\n|move|p1a: Sukuna|Protect|p1a: Sukuna\n|-singleturn|p1a: Sukuna|Protect\n|move|p2a: Remilia Scarlet|Nasty Plot|p2a: Remilia Scarlet\n|-boost|p2a: Remilia Scarlet|spa|2\n|\n|upkeep\n|turn|23\n|\n|t:|1699104331\n|switch|p1a: Hakari Kinji|Zygarde-Complete, shiny, tera:Water|43\/100\n|move|p2a: Remilia Scarlet|Dark Pulse|p1a: Hakari Kinji\n|-damage|p1a: Hakari Kinji|0 fnt\n|faint|p1a: Hakari Kinji\n|\n|upkeep\n|\n|t:|1699104336\n|switch|p1a: Sukuna|Celesteela|100\/100\n|turn|24\n|\n|t:|1699104367\n|move|p2a: Remilia Scarlet|Overheat|p1a: Sukuna|[miss]\n|-miss|p2a: Remilia Scarlet|p1a: Sukuna\n|move|p1a: Sukuna|Leech Seed|p2a: Remilia Scarlet\n|-start|p2a: Remilia Scarlet|move: Leech Seed\n|\n|-damage|p2a: Remilia Scarlet|88\/100|[from] Leech Seed|[of] p1a: Sukuna\n|upkeep\n|turn|25\n|\n|t:|1699104378\n|move|p2a: Remilia Scarlet|Nasty Plot|p2a: Remilia Scarlet\n|-boost|p2a: Remilia Scarlet|spa|2\n|move|p1a: Sukuna|Air Slash|p2a: Remilia Scarlet\n|-damage|p2a: Remilia Scarlet|57\/100\n|\n|-damage|p2a: Remilia Scarlet|44\/100|[from] Leech Seed|[of] p1a: Sukuna\n|upkeep\n|turn|26\n|\n|t:|1699104434\n|move|p1a: Sukuna|Protect|p1a: Sukuna\n|-singleturn|p1a: Sukuna|Protect\n|move|p2a: Remilia Scarlet|Dark Pulse|p1a: Sukuna\n|-activate|p1a: Sukuna|move: Protect\n|\n|-damage|p2a: Remilia Scarlet|32\/100|[from] Leech Seed|[of] p1a: Sukuna\n|upkeep\n|turn|27\n|\n|t:|1699104462\n|move|p2a: Remilia Scarlet|Overheat|p1a: Sukuna\n|-supereffective|p1a: Sukuna\n|-damage|p1a: Sukuna|0 fnt\n|-unboost|p2a: Remilia Scarlet|spa|2\n|faint|p1a: Sukuna\n|\n|win|psychictrainerario\n|raw|lkjgames's rating: 1297 &rarr; <strong>1281<\/strong><br \/>(-16 for losing)\n|raw|psychictrainerario's rating: 1429 &rarr; <strong>1442<\/strong><br \/>(+13 for winning)\n|l|\u2606lkjgames\n","uploadtime":1699104473,"views":4,"p1id":"lkjgames","p2id":"psychictrainerario","formatid":"gen9nationaldexubers","rating":1281,"private":0,"password":""}