{"id":"gen9nationaldexubers-1991044160","p1":"Blake-Mamba","p2":"dais1234","format":"[Gen 9] National Dex Ubers","log":"|j|\u2606Blake-Mamba\n|j|\u2606dais1234\n|t:|1700033607\n|gametype|singles\n|player|p1|Blake-Mamba|juan|1300\n|player|p2|dais1234|red|1428\n|teamsize|p1|6\n|teamsize|p2|6\n|gen|9\n|tier|[Gen 9] National Dex Ubers\n|rated|\n|rule|HP Percentage Mod: HP is shown in percentages\n|rule|Endless Battle Clause: Forcing endless battles is banned\n|rule|OHKO Clause: OHKO moves are banned\n|rule|Evasion Moves Clause: Evasion moves are banned\n|rule|Evasion Items Clause: Evasion items are banned\n|rule|Species Clause: Limit one of each Pok\u00e9mon\n|rule|Sleep Clause Mod: Limit one foe put to sleep\n|rule|Mega Rayquaza Clause: You cannot mega evolve Rayquaza\n|clearpoke\n|poke|p1|Regieleki|\n|poke|p1|Regidrago|\n|poke|p1|Regigigas|\n|poke|p1|Regirock|\n|poke|p1|Regice|\n|poke|p1|Registeel|\n|poke|p2|Iron Bundle|\n|poke|p2|Groudon|\n|poke|p2|Necrozma-Dusk-Mane|\n|poke|p2|Zacian-*|\n|poke|p2|Grimmsnarl, M|\n|poke|p2|Arceus|\n|teampreview\n|inactive|Battle timer is ON: inactive players will automatically lose when time's up. (requested by dais1234)\n|\n|t:|1700033618\n|start\n|switch|p1a: Regieleki|Regieleki|100\/100\n|switch|p2a: Grimmsnarl|Grimmsnarl, M|100\/100\n|turn|1\n|\n|t:|1700033624\n|move|p2a: Grimmsnarl|Taunt|p1a: Regieleki\n|-start|p1a: Regieleki|move: Taunt\n|move|p1a: Regieleki|Volt Switch|p2a: Grimmsnarl\n|-damage|p2a: Grimmsnarl|32\/100\n|\n|t:|1700033631\n|switch|p1a: Registeel|Registeel|100\/100|[from] Volt Switch\n|\n|upkeep\n|turn|2\n|\n|t:|1700033635\n|move|p2a: Grimmsnarl|Reflect|p2a: Grimmsnarl\n|-sidestart|p2: dais1234|Reflect\n|move|p1a: Registeel|Stealth Rock|p2a: Grimmsnarl\n|-sidestart|p2: dais1234|move: Stealth Rock\n|\n|upkeep\n|turn|3\n|\n|t:|1700033640\n|move|p2a: Grimmsnarl|Light Screen|p2a: Grimmsnarl\n|-sidestart|p2: dais1234|move: Light Screen\n|move|p1a: Registeel|Steel Beam|p2a: Grimmsnarl\n|-supereffective|p2a: Grimmsnarl\n|-damage|p2a: Grimmsnarl|0 fnt\n|-damage|p1a: Registeel|50\/100|[from] steelbeam\n|faint|p2a: Grimmsnarl\n|-damage|p1a: Registeel|41\/100|[from] item: Life Orb\n|\n|upkeep\n|\n|t:|1700033653\n|switch|p2a: Arceus|Arceus|100\/100\n|-damage|p2a: Arceus|88\/100|[from] Stealth Rock\n|turn|4\n|\n|t:|1700033657\n|move|p2a: Arceus|Swords Dance|p2a: Arceus\n|-boost|p2a: Arceus|atk|2\n|move|p1a: Registeel|Steel Beam|p2a: Arceus\n|-damage|p2a: Arceus|66\/100\n|-damage|p1a: Registeel|0 fnt|[from] steelbeam\n|faint|p1a: Registeel\n|\n|upkeep\n|\n|t:|1700033666\n|switch|p1a: Regirock|Regirock|100\/100\n|turn|5\n|\n|t:|1700033670\n|move|p2a: Arceus|Earthquake|p1a: Regirock\n|-supereffective|p1a: Regirock\n|-damage|p1a: Regirock|25\/100\n|-damage|p2a: Arceus|56\/100|[from] item: Life Orb\n|move|p1a: Regirock|Iron Defense|p1a: Regirock\n|-boost|p1a: Regirock|def|2\n|\n|upkeep\n|turn|6\n|\n|t:|1700033678\n|-terastallize|p2a: Arceus|Normal\n|-terastallize|p1a: Regirock|Fighting\n|move|p2a: Arceus|Extreme Speed|p1a: Regirock\n|-damage|p1a: Regirock|0 fnt\n|-damage|p2a: Arceus|39\/100|[from] item: Rocky Helmet|[of] p1a: Regirock\n|faint|p1a: Regirock\n|-damage|p2a: Arceus|29\/100|[from] item: Life Orb\n|\n|upkeep\n|\n|t:|1700033689\n|switch|p1a: Regigigas|Regigigas|100\/100\n|-start|p1a: Regigigas|ability: Slow Start\n|turn|7\n|\n|t:|1700033693\n|move|p2a: Arceus|Extreme Speed|p1a: Regigigas\n|-damage|p1a: Regigigas|0 fnt\n|faint|p1a: Regigigas\n|-end|p1a: Regigigas|Slow Start|[silent]\n|-damage|p2a: Arceus|20\/100|[from] item: Life Orb\n|\n|upkeep\n|\n|t:|1700033700\n|switch|p1a: Regidrago|Regidrago|100\/100\n|turn|8\n|\n|t:|1700033703\n|move|p2a: Arceus|Extreme Speed|p1a: Regidrago\n|-damage|p1a: Regidrago|0 fnt\n|faint|p1a: Regidrago\n|-damage|p2a: Arceus|10\/100|[from] item: Life Orb\n|\n|upkeep\n|-message|Blake-Mamba forfeited.\n|\n|win|dais1234\n|raw|Blake-Mamba's rating: 1300 &rarr; <strong>1284<\/strong><br \/>(-16 for losing)\n|raw|dais1234's rating: 1428 &rarr; <strong>1441<\/strong><br \/>(+13 for winning)\n|l|\u2606Blake-Mamba\n","uploadtime":1700033714,"views":10,"p1id":"blakemamba","p2id":"dais1234","formatid":"gen9nationaldexubers","rating":1284,"private":0,"password":""}