{"id":"gen9nationaldexubers-1984077477","p1":"babbona","p2":"ImNotJorgito","format":"[Gen 9] National Dex Ubers","log":"|j|\u2606babbona\n|j|\u2606ImNotJorgito\n|t:|1699216351\n|gametype|singles\n|player|p1|babbona|1|1328\n|player|p2|ImNotJorgito|266|1428\n|teamsize|p1|6\n|teamsize|p2|6\n|gen|9\n|tier|[Gen 9] National Dex Ubers\n|rated|\n|rule|HP Percentage Mod: HP is shown in percentages\n|rule|Endless Battle Clause: Forcing endless battles is banned\n|rule|OHKO Clause: OHKO moves are banned\n|rule|Evasion Moves Clause: Evasion moves are banned\n|rule|Evasion Items Clause: Evasion items are banned\n|rule|Species Clause: Limit one of each Pok\u00e9mon\n|rule|Sleep Clause Mod: Limit one foe put to sleep\n|rule|Mega Rayquaza Clause: You cannot mega evolve Rayquaza\n|clearpoke\n|poke|p1|Zygarde|\n|poke|p1|Marshadow|\n|poke|p1|Mewtwo|\n|poke|p1|Necrozma-Dusk-Mane|\n|poke|p1|Solgaleo|\n|poke|p1|Shuckle, M|\n|poke|p2|Grimmsnarl, M|\n|poke|p2|Groudon|\n|poke|p2|Necrozma-Dusk-Mane|\n|poke|p2|Xerneas-*|\n|poke|p2|Arceus-Ground|\n|poke|p2|Marshadow|\n|teampreview\n|\n|t:|1699216355\n|start\n|switch|p1a: Shuckle|Shuckle, M|100\/100\n|switch|p2a: Grimmsnarl|Grimmsnarl, M, shiny|100\/100\n|turn|1\n|\n|t:|1699216384\n|switch|p1a: Solgaleo|Solgaleo|100\/100\n|move|p2a: Grimmsnarl|Taunt|p1a: Solgaleo\n|-start|p1a: Solgaleo|move: Taunt\n|\n|upkeep\n|turn|2\n|\n|t:|1699216410\n|move|p2a: Grimmsnarl|Parting Shot|p1a: Solgaleo\n|-fail|p1a: Solgaleo|unboost|[from] ability: Full Metal Body|[of] p1a: Solgaleo\n|move|p1a: Solgaleo|Flame Charge|p2a: Grimmsnarl\n|-damage|p2a: Grimmsnarl|87\/100\n|-boost|p1a: Solgaleo|spe|1\n|\n|upkeep\n|turn|3\n|\n|t:|1699216424\n|switch|p2a: Groudon|Groudon|100\/100\n|detailschange|p2a: Groudon|Groudon-Primal\n|-primal|p2a: Groudon|Red Orb\n|-weather|DesolateLand|[from] ability: Desolate Land|[of] p2a: Groudon\n|move|p1a: Solgaleo|Flame Charge|p2a: Groudon\n|-resisted|p2a: Groudon\n|-damage|p2a: Groudon|92\/100\n|-boost|p1a: Solgaleo|spe|1\n|\n|-weather|DesolateLand|[upkeep]\n|-end|p1a: Solgaleo|move: Taunt\n|upkeep\n|turn|4\n|\n|t:|1699216433\n|move|p1a: Solgaleo|Earthquake|p2a: Groudon\n|-supereffective|p2a: Groudon\n|-damage|p2a: Groudon|42\/100\n|move|p2a: Groudon|Stealth Rock|p1a: Solgaleo\n|-sidestart|p1: babbona|move: Stealth Rock\n|\n|-weather|DesolateLand|[upkeep]\n|upkeep\n|turn|5\n|\n|t:|1699216439\n|move|p1a: Solgaleo|Earthquake|p2a: Groudon\n|-supereffective|p2a: Groudon\n|-damage|p2a: Groudon|0 fnt\n|faint|p2a: Groudon\n|-weather|none\n|\n|upkeep\n|\n|t:|1699216441\n|switch|p2a: Arceus|Arceus-Ground|100\/100\n|turn|6\n|\n|t:|1699216450\n|move|p1a: Solgaleo|Sunsteel Strike|p2a: Arceus\n|-damage|p2a: Arceus|63\/100\n|move|p2a: Arceus|Judgment|p1a: Solgaleo\n|-supereffective|p1a: Solgaleo\n|-damage|p1a: Solgaleo|0 fnt\n|faint|p1a: Solgaleo\n|\n|upkeep\n|\n|t:|1699216457\n|switch|p1a: Mewtwo|Mewtwo, shiny|100\/100\n|-damage|p1a: Mewtwo|88\/100|[from] Stealth Rock\n|-ability|p1a: Mewtwo|Pressure\n|turn|7\n|\n|t:|1699216462\n|switch|p2a: Grimmsnarl|Grimmsnarl, M, shiny|87\/100\n|move|p1a: Mewtwo|Nasty Plot|p1a: Mewtwo\n|-boost|p1a: Mewtwo|spa|2\n|\n|upkeep\n|turn|8\n|\n|t:|1699216468\n|detailschange|p1a: Mewtwo|Mewtwo-Mega-Y, shiny\n|-mega|p1a: Mewtwo|Mewtwo|Mewtwonite Y\n|move|p2a: Grimmsnarl|Light Screen|p2a: Grimmsnarl\n|-sidestart|p2: ImNotJorgito|move: Light Screen\n|move|p1a: Mewtwo|Ice Beam|p2a: Grimmsnarl\n|-damage|p2a: Grimmsnarl|39\/100\n|-status|p2a: Grimmsnarl|frz\n|\n|upkeep\n|turn|9\n|\n|t:|1699216474\n|cant|p2a: Grimmsnarl|frz\n|move|p1a: Mewtwo|Ice Beam|p2a: Grimmsnarl\n|-damage|p2a: Grimmsnarl|0 fnt\n|faint|p2a: Grimmsnarl\n|\n|upkeep\n|inactive|Battle timer is ON: inactive players will automatically lose when time's up. (requested by babbona)\n|\n|t:|1699216503\n|switch|p2a: Marshadow|Marshadow|100\/100\n|turn|10\n|\n|t:|1699216513\n|switch|p1a: Shuckle|Shuckle, M|100\/100\n|-damage|p1a: Shuckle|76\/100|[from] Stealth Rock\n|-terastallize|p2a: Marshadow|Ghost\n|move|p2a: Marshadow|Shadow Sneak|p1a: Shuckle\n|-crit|p1a: Shuckle\n|-damage|p1a: Shuckle|31\/100\n|-enditem|p1a: Shuckle|Red Card|[of] p2a: Marshadow\n|drag|p2a: Xerneas|Xerneas, shiny|100\/100\n|-ability|p2a: Xerneas|Fairy Aura\n|\n|upkeep\n|turn|11\n|\n|t:|1699216528\n|move|p2a: Xerneas|Moonblast|p1a: Shuckle\n|-damage|p1a: Shuckle|0 fnt\n|faint|p1a: Shuckle\n|\n|upkeep\n|\n|t:|1699216535\n|switch|p1a: Necrozma|Necrozma-Dusk-Mane|100\/100\n|-damage|p1a: Necrozma|95\/100|[from] Stealth Rock\n|turn|12\n|\n|t:|1699216550\n|switch|p2a: Arceus|Arceus-Ground|63\/100\n|move|p1a: Necrozma|Dragon Dance|p1a: Necrozma\n|-boost|p1a: Necrozma|atk|1\n|-boost|p1a: Necrozma|spe|1\n|\n|upkeep\n|turn|13\n|\n|t:|1699216567\n|detailschange|p1a: Necrozma|Necrozma-Ultra\n|-burst|p1a: Necrozma|Necrozma|Ultranecrozium Z\n|move|p1a: Necrozma|Photon Geyser|p2a: Arceus\n|-damage|p2a: Arceus|0 fnt\n|faint|p2a: Arceus\n|\n|upkeep\n|\n|t:|1699216581\n|switch|p2a: Xerneas|Xerneas, shiny|100\/100\n|-ability|p2a: Xerneas|Fairy Aura\n|turn|14\n|\n|t:|1699216585\n|move|p1a: Necrozma|Sunsteel Strike|p2a: Xerneas\n|-supereffective|p2a: Xerneas\n|-crit|p2a: Xerneas\n|-damage|p2a: Xerneas|0 fnt\n|faint|p2a: Xerneas\n|\n|upkeep\n|\n|t:|1699216589\n|switch|p2a: Marshadow|Marshadow, tera:Ghost|100\/100\n|turn|15\n|\n|t:|1699216594\n|move|p2a: Marshadow|Shadow Sneak|p1a: Necrozma\n|-supereffective|p1a: Necrozma\n|-damage|p1a: Necrozma|9\/100\n|-zpower|p1a: Necrozma\n|move|p1a: Necrozma|Light That Burns the Sky|p2a: Marshadow|[zeffect]\n|-damage|p2a: Marshadow|0 fnt\n|faint|p2a: Marshadow\n|\n|-sideend|p2: ImNotJorgito|move: Light Screen\n|upkeep\n|\n|t:|1699216605\n|switch|p2a: Necrozma|Necrozma-Dusk-Mane|100\/100\n|turn|16\n|\n|t:|1699216609\n|move|p1a: Necrozma|Earthquake|p2a: Necrozma\n|-supereffective|p2a: Necrozma\n|-damage|p2a: Necrozma|2\/100\n|-enditem|p2a: Necrozma|Weakness Policy\n|-boost|p2a: Necrozma|atk|2|[from] item: Weakness Policy\n|-boost|p2a: Necrozma|spa|2|[from] item: Weakness Policy\n|move|p2a: Necrozma|Sunsteel Strike|p1a: Necrozma\n|-damage|p1a: Necrozma|0 fnt\n|faint|p1a: Necrozma\n|\n|upkeep\n|\n|t:|1699216614\n|switch|p1a: Zygarde|Zygarde, shiny|100\/100\n|-damage|p1a: Zygarde|94\/100|[from] Stealth Rock\n|turn|17\n|\n|t:|1699216620\n|move|p1a: Zygarde|Extreme Speed|p2a: Necrozma\n|-resisted|p2a: Necrozma\n|-damage|p2a: Necrozma|0 fnt\n|faint|p2a: Necrozma\n|\n|win|babbona\n|raw|babbona's rating: 1328 &rarr; <strong>1354<\/strong><br \/>(+26 for winning)\n|raw|ImNotJorgito's rating: 1428 &rarr; <strong>1402<\/strong><br \/>(-26 for losing)\n|c|\u2606babbona|gg\n|c|\u2606ImNotJorgito|Gg\n","uploadtime":1699216638,"views":4,"p1id":"babbona","p2id":"imnotjorgito","formatid":"gen9nationaldexubers","rating":1354,"private":0,"password":""}