{"id":"gen9nationaldexubers-1993639312","p1":"The power of ROCK","p2":"ThePowerOfElectric","format":"[Gen 9] National Dex Ubers","log":"|j|\u2606The power of ROCK\n|j|\u2606ThePowerOfElectric\n|t:|1700340367\n|gametype|singles\n|player|p1|The power of ROCK|roark|\n|player|p2|ThePowerOfElectric|volkner|\n|teamsize|p1|6\n|teamsize|p2|6\n|gen|9\n|tier|[Gen 9] National Dex Ubers\n|rule|HP Percentage Mod: HP is shown in percentages\n|rule|Endless Battle Clause: Forcing endless battles is banned\n|rule|OHKO Clause: OHKO moves are banned\n|rule|Evasion Moves Clause: Evasion moves are banned\n|rule|Evasion Items Clause: Evasion items are banned\n|rule|Species Clause: Limit one of each Pok\u00e9mon\n|rule|Sleep Clause Mod: Limit one foe put to sleep\n|rule|Mega Rayquaza Clause: You cannot mega evolve Rayquaza\n|clearpoke\n|poke|p1|Tyranitar, F|\n|poke|p1|Garganacl, M|\n|poke|p1|Aggron, M|\n|poke|p1|Glimmora, F|\n|poke|p1|Probopass, L1, F|\n|poke|p1|Nosepass, L1, F|\n|poke|p2|Zapdos|\n|poke|p2|Rotom-Wash|\n|poke|p2|Magnezone|\n|poke|p2|Iron Hands|\n|poke|p2|Regieleki|\n|poke|p2|Sandy Shocks|\n|teampreview\n|j| Ineros\n|j| Carrotfromkanto\n|j| Siddharth42c\n|\n|t:|1700340389\n|start\n|switch|p1a: Child baby|Nosepass, L1, F|100\/100\n|switch|p2a: Sandy Shocks|Sandy Shocks|100\/100\n|turn|1\n|c| Carrotfromkanto|For the birds\n|c| Carrotfromkanto|Nosepass\n|\n|t:|1700340395\n|move|p2a: Sandy Shocks|Stealth Rock|p1a: Child baby\n|-sidestart|p1: The power of ROCK|move: Stealth Rock\n|move|p1a: Child baby|Pain Split|p2a: Sandy Shocks\n|-sethp|p2a: Sandy Shocks|52\/100|[from] move: Pain Split|[silent]\n|-sethp|p1a: Child baby|100\/100|[from] move: Pain Split\n|\n|upkeep\n|turn|2\n|c|\u2606The power of ROCK|Welcome to the ROCK gym\n|c| Ineros|Where da cradily :(\n|c| Carrotfromkanto|Instant crush on The Power of ROCK\n|c|\u2606The power of ROCK|cradily is not good in ubers\n|c|\u2606The power of ROCK|but child baby is\n|\n|t:|1700340423\n|move|p2a: Sandy Shocks|Earth Power|p1a: Child baby\n|-supereffective|p1a: Child baby\n|-ability|p1a: Child baby|Sturdy\n|-damage|p1a: Child baby|10\/100\n|move|p1a: Child baby|Pain Split|p2a: Sandy Shocks\n|-sethp|p2a: Sandy Shocks|27\/100|[from] move: Pain Split|[silent]\n|-sethp|p1a: Child baby|100\/100|[from] move: Pain Split\n|\n|upkeep\n|turn|3\n|c| Carrotfromkanto|ok girl you got this\n|c| Carrotfromkanto|pop off on em\n|c| Carrotfromkanto|periodttttttttttttttttttttt\n|\n|t:|1700340436\n|move|p2a: Sandy Shocks|Earth Power|p1a: Child baby\n|-supereffective|p1a: Child baby\n|-ability|p1a: Child baby|Sturdy\n|-damage|p1a: Child baby|10\/100\n|move|p1a: Child baby|Pain Split|p2a: Sandy Shocks\n|-sethp|p2a: Sandy Shocks|14\/100|[from] move: Pain Split|[silent]\n|-sethp|p1a: Child baby|100\/100|[from] move: Pain Split\n|\n|upkeep\n|turn|4\n|\n|t:|1700340440\n|move|p2a: Sandy Shocks|Earth Power|p1a: Child baby\n|-supereffective|p1a: Child baby\n|-ability|p1a: Child baby|Sturdy\n|-damage|p1a: Child baby|10\/100\n|move|p1a: Child baby|Pain Split|p2a: Sandy Shocks\n|-sethp|p2a: Sandy Shocks|7\/100|[from] move: Pain Split|[silent]\n|-sethp|p1a: Child baby|100\/100|[from] move: Pain Split\n|\n|upkeep\n|turn|5\n|\n|t:|1700340450\n|move|p2a: Sandy Shocks|Earth Power|p1a: Child baby\n|-supereffective|p1a: Child baby\n|-ability|p1a: Child baby|Sturdy\n|-damage|p1a: Child baby|10\/100\n|-unboost|p1a: Child baby|spd|1\n|move|p1a: Child baby|Stealth Rock|p2a: Sandy Shocks\n|-sidestart|p2: ThePowerOfElectric|move: Stealth Rock\n|\n|upkeep\n|turn|6\n|j| Potatofromsinnoh\n|-enditem|p1a: Child baby|Custap Berry|[eat]\n|-activate|p1a: Child baby|item: Custap Berry|[consumed]\n|\n|t:|1700340457\n|move|p1a: Child baby|Toxic|p2a: Sandy Shocks\n|-status|p2a: Sandy Shocks|tox\n|move|p2a: Sandy Shocks|Volt Switch|p1a: Child baby\n|-damage|p1a: Child baby|0 fnt\n|faint|p1a: Child baby\n|\n|t:|1700340469\n|-end|p2a: Sandy Shocks|Protosynthesis|[silent]\n|switch|p2a: Rotom|Rotom-Wash|100\/100|[from] Volt Switch\n|-damage|p2a: Rotom|88\/100|[from] Stealth Rock\n|\n|-heal|p2a: Rotom|94\/100|[from] item: Leftovers\n|upkeep\n|c| Carrotfromkanto|okay periodt\n|c|\u2606The power of ROCK|its such a good baby\n|c| Carrotfromkanto|Hi brother Potatofromsinnoh it is so good to see you here enjoying this gym battle\n|\n|t:|1700340481\n|switch|p1a: Garganacl|Garganacl, M|100\/100\n|-damage|p1a: Garganacl|88\/100|[from] Stealth Rock\n|turn|7\n|\n|t:|1700340486\n|-terastallize|p1a: Garganacl|Ghost\n|move|p2a: Rotom|Volt Switch|p1a: Garganacl\n|-damage|p1a: Garganacl|73\/100\n|-enditem|p1a: Garganacl|Maranga Berry|[eat]\n|-boost|p1a: Garganacl|spd|1|[from] item: Maranga Berry\n|c| Ineros|Ooooooh\n|c| Carrotfromkanto|care to sit next to me and comment on the ensuing crisis\n|\n|t:|1700340495\n|switch|p2a: Iron Hands|Iron Hands|100\/100|[from] Volt Switch\n|-damage|p2a: Iron Hands|94\/100|[from] Stealth Rock\n|move|p1a: Garganacl|Salt Cure|p2a: Iron Hands\n|-resisted|p2a: Iron Hands\n|-damage|p2a: Iron Hands|90\/100\n|-start|p2a: Iron Hands|Salt Cure\n|\n|-damage|p2a: Iron Hands|77\/100|[from] Salt Cure\n|upkeep\n|turn|8\n|c| Siddharth42c|another garg sweep\n|c| Ineros|thats an instant win for ROCK\n|\n|t:|1700340504\n|move|p2a: Iron Hands|Swords Dance|p2a: Iron Hands\n|-boost|p2a: Iron Hands|atk|2\n|move|p1a: Garganacl|Iron Defense|p1a: Garganacl\n|-boost|p1a: Garganacl|def|2\n|\n|-damage|p2a: Iron Hands|65\/100|[from] Salt Cure\n|upkeep\n|turn|9\n|c|\u2606The power of ROCK|no\n|\n|t:|1700340512\n|move|p2a: Iron Hands|Thunder Punch|p1a: Garganacl\n|-damage|p1a: Garganacl|41\/100\n|move|p1a: Garganacl|Recover|p1a: Garganacl\n|-heal|p1a: Garganacl|91\/100\n|\n|-damage|p2a: Iron Hands|52\/100|[from] Salt Cure\n|upkeep\n|turn|10\n|c| Ineros|I mean you can get crit\n|\n|t:|1700340524\n|move|p2a: Iron Hands|Swords Dance|p2a: Iron Hands\n|-boost|p2a: Iron Hands|atk|2\n|move|p1a: Garganacl|Iron Defense|p1a: Garganacl\n|-boost|p1a: Garganacl|def|2\n|\n|-damage|p2a: Iron Hands|40\/100|[from] Salt Cure\n|upkeep\n|turn|11\n|\n|t:|1700340528\n|move|p2a: Iron Hands|Thunder Punch|p1a: Garganacl\n|-damage|p1a: Garganacl|57\/100\n|move|p1a: Garganacl|Iron Defense|p1a: Garganacl\n|-boost|p1a: Garganacl|def|2\n|\n|-damage|p2a: Iron Hands|27\/100|[from] Salt Cure\n|upkeep\n|turn|12\n|\n|t:|1700340533\n|move|p2a: Iron Hands|Swords Dance|p2a: Iron Hands\n|-boost|p2a: Iron Hands|atk|2\n|move|p1a: Garganacl|Recover|p1a: Garganacl\n|-heal|p1a: Garganacl|100\/100\n|\n|-damage|p2a: Iron Hands|15\/100|[from] Salt Cure\n|upkeep\n|turn|13\n|\n|t:|1700340536\n|move|p2a: Iron Hands|Thunder Punch|p1a: Garganacl\n|-damage|p1a: Garganacl|64\/100\n|move|p1a: Garganacl|Recover|p1a: Garganacl\n|-heal|p1a: Garganacl|100\/100\n|\n|-damage|p2a: Iron Hands|2\/100|[from] Salt Cure\n|upkeep\n|turn|14\n|\n|t:|1700340544\n|move|p2a: Iron Hands|Thunder Punch|p1a: Garganacl\n|-damage|p1a: Garganacl|67\/100\n|move|p1a: Garganacl|Recover|p1a: Garganacl\n|-heal|p1a: Garganacl|100\/100\n|\n|-damage|p2a: Iron Hands|0 fnt|[from] Salt Cure\n|faint|p2a: Iron Hands\n|-end|p2a: Iron Hands|Quark Drive|[silent]\n|upkeep\n|\n|t:|1700340548\n|switch|p2a: Regieleki|Regieleki|100\/100\n|-damage|p2a: Regieleki|88\/100|[from] Stealth Rock\n|turn|15\n|\n|t:|1700340552\n|-terastallize|p2a: Regieleki|Electric\n|move|p2a: Regieleki|Volt Switch|p1a: Garganacl\n|-damage|p1a: Garganacl|65\/100\n|\n|t:|1700340558\n|switch|p2a: Sandy Shocks|Sandy Shocks|7\/100 tox|[from] Volt Switch\n|-damage|p2a: Sandy Shocks|1\/100 tox|[from] Stealth Rock\n|move|p1a: Garganacl|Body Press|p2a: Sandy Shocks\n|-damage|p2a: Sandy Shocks|0 fnt\n|faint|p2a: Sandy Shocks\n|-end|p2a: Sandy Shocks|Protosynthesis|[silent]\n|\n|upkeep\n|\n|t:|1700340569\n|switch|p2a: Regieleki|Regieleki, tera:Electric|88\/100\n|-damage|p2a: Regieleki|76\/100|[from] Stealth Rock\n|turn|16\n|\n|t:|1700340573\n|switch|p1a: Aggron|Aggron, M|100\/100\n|-damage|p1a: Aggron|94\/100|[from] Stealth Rock\n|move|p2a: Regieleki|Electro Ball|p1a: Aggron\n|-damage|p1a: Aggron|0 fnt\n|faint|p1a: Aggron\n|\n|upkeep\n|\n|t:|1700340576\n|switch|p1a: Tyranitar|Tyranitar, F|100\/100\n|-damage|p1a: Tyranitar|88\/100|[from] Stealth Rock\n|-weather|Sandstorm|[from] ability: Sand Stream|[of] p1a: Tyranitar\n|turn|17\n|c|\u2606The power of ROCK|free damage\n|c| Carrotfromkanto|Lord\n|\n|t:|1700340585\n|move|p2a: Regieleki|Electro Ball|p1a: Tyranitar\n|-damage|p1a: Tyranitar|49\/100\n|move|p1a: Tyranitar|Pursuit|p2a: Regieleki\n|-damage|p2a: Regieleki|41\/100\n|\n|-weather|Sandstorm|[upkeep]\n|-damage|p2a: Regieleki|35\/100|[from] Sandstorm\n|upkeep\n|turn|18\n|\n|t:|1700340590\n|move|p2a: Regieleki|Electro Ball|p1a: Tyranitar\n|-damage|p1a: Tyranitar|11\/100\n|move|p1a: Tyranitar|Pursuit|p2a: Regieleki\n|-crit|p2a: Regieleki\n|-damage|p2a: Regieleki|0 fnt\n|faint|p2a: Regieleki\n|\n|-weather|Sandstorm|[upkeep]\n|upkeep\n|c| Carrotfromkanto|Lord give them strength\n|\n|t:|1700340597\n|switch|p2a: Magnezone|Magnezone|100\/100\n|-damage|p2a: Magnezone|94\/100|[from] Stealth Rock\n|turn|19\n|\n|t:|1700340601\n|move|p2a: Magnezone|Flash Cannon|p1a: Tyranitar\n|-supereffective|p1a: Tyranitar\n|-damage|p1a: Tyranitar|0 fnt\n|faint|p1a: Tyranitar\n|\n|-weather|Sandstorm|[upkeep]\n|upkeep\n|\n|t:|1700340605\n|switch|p1a: The Dad|Probopass, L1, F|100\/100\n|turn|20\n|\n|t:|1700340611\n|move|p2a: Magnezone|Volt Switch|p1a: The Dad\n|-ability|p1a: The Dad|Sturdy\n|-damage|p1a: The Dad|9\/100\n|\n|t:|1700340617\n|switch|p2a: Zapdos|Zapdos|100\/100|[from] Volt Switch\n|move|p1a: The Dad|Pain Split|p2a: Zapdos\n|-sethp|p2a: Zapdos|51\/100|[from] move: Pain Split|[silent]\n|-sethp|p1a: The Dad|100\/100|[from] move: Pain Split\n|\n|-weather|Sandstorm|[upkeep]\n|-damage|p2a: Zapdos|45\/100|[from] Sandstorm\n|upkeep\n|turn|21\n|\n|t:|1700340629\n|move|p2a: Zapdos|Discharge|p1a: The Dad\n|-ability|p1a: The Dad|Sturdy\n|-damage|p1a: The Dad|9\/100\n|move|p1a: The Dad|Toxic|p2a: Zapdos\n|-status|p2a: Zapdos|tox\n|\n|-weather|none\n|-damage|p2a: Zapdos|39\/100 tox|[from] psn\n|upkeep\n|turn|22\n|\n|t:|1700340633\n|move|p1a: The Dad|Protect|p1a: The Dad\n|-singleturn|p1a: The Dad|Protect\n|move|p2a: Zapdos|Discharge|p1a: The Dad\n|-activate|p1a: The Dad|move: Protect\n|\n|-damage|p2a: Zapdos|27\/100 tox|[from] psn\n|upkeep\n|turn|23\n|\n|t:|1700340637\n|move|p2a: Zapdos|Discharge|p1a: The Dad\n|-damage|p1a: The Dad|0 fnt\n|faint|p1a: The Dad\n|\n|-damage|p2a: Zapdos|9\/100 tox|[from] psn\n|upkeep\n|\n|t:|1700340639\n|switch|p1a: Garganacl|Garganacl, M, tera:Ghost|65\/100\n|-damage|p1a: Garganacl|52\/100|[from] Stealth Rock\n|turn|24\n|\n|t:|1700340642\n|switch|p2a: Magnezone|Magnezone|94\/100\n|-damage|p2a: Magnezone|88\/100|[from] Stealth Rock\n|move|p1a: Garganacl|Recover|p1a: Garganacl\n|-heal|p1a: Garganacl|100\/100\n|\n|upkeep\n|turn|25\n|c| Ineros|Wait a minute\n|\n|t:|1700340648\n|move|p2a: Magnezone|Flash Cannon|p1a: Garganacl\n|-damage|p1a: Garganacl|70\/100\n|move|p1a: Garganacl|Salt Cure|p2a: Magnezone\n|-resisted|p2a: Magnezone\n|-damage|p2a: Magnezone|82\/100\n|-start|p2a: Magnezone|Salt Cure\n|\n|-damage|p2a: Magnezone|57\/100|[from] Salt Cure\n|upkeep\n|turn|26\n|\n|t:|1700340652\n|move|p2a: Magnezone|Flash Cannon|p1a: Garganacl\n|-damage|p1a: Garganacl|42\/100\n|move|p1a: Garganacl|Recover|p1a: Garganacl\n|-heal|p1a: Garganacl|92\/100\n|\n|-damage|p2a: Magnezone|32\/100|[from] Salt Cure\n|upkeep\n|turn|27\n|\n|t:|1700340667\n|move|p2a: Magnezone|Flash Cannon|p1a: Garganacl\n|-damage|p1a: Garganacl|65\/100\n|move|p1a: Garganacl|Body Press|p2a: Magnezone\n|-supereffective|p2a: Magnezone\n|-damage|p2a: Magnezone|0 fnt\n|faint|p2a: Magnezone\n|\n|upkeep\n|\n|t:|1700340672\n|switch|p2a: Rotom|Rotom-Wash|94\/100\n|-damage|p2a: Rotom|82\/100|[from] Stealth Rock\n|turn|28\n|c|\u2606The power of ROCK|whats wrong ineros\n|\n|t:|1700340677\n|move|p2a: Rotom|Hydro Pump|p1a: Garganacl\n|-damage|p1a: Garganacl|37\/100\n|move|p1a: Garganacl|Recover|p1a: Garganacl\n|-heal|p1a: Garganacl|87\/100\n|\n|-heal|p2a: Rotom|88\/100|[from] item: Leftovers\n|upkeep\n|turn|29\n|\n|t:|1700340685\n|move|p2a: Rotom|Hydro Pump|p1a: Garganacl|[miss]\n|-miss|p2a: Rotom|p1a: Garganacl\n|move|p1a: Garganacl|Salt Cure|p2a: Rotom\n|-crit|p2a: Rotom\n|-damage|p2a: Rotom|71\/100\n|-start|p2a: Rotom|Salt Cure\n|\n|-heal|p2a: Rotom|77\/100|[from] item: Leftovers\n|-damage|p2a: Rotom|52\/100|[from] Salt Cure\n|upkeep\n|turn|30\n|c| Carrotfromkanto|just one recover\n|-message|ThePowerOfElectric forfeited.\n|\n|win|The power of ROCK\n|c| Carrotfromkanto|please kill garganacl\n|c|\u2606The power of ROCK|gg : )\n|c|\u2606ThePowerOfElectric|gg\n|c| Carrotfromkanto|that was\n|c|\u2606The power of ROCK|no let garg live xD\n|c| Carrotfromkanto|dissapointing\n|l| Carrotfromkanto\n|l| Potatofromsinnoh\n|l| Ineros\n","uploadtime":1700340706,"views":6,"p1id":"thepowerofrock","p2id":"thepowerofelectric","formatid":"gen9nationaldexubers","rating":0,"private":0,"password":""}