{"id":"gen9nationaldexubers-1983113924","p1":"AlolanSandslashOU","p2":"Steven Stone 007","format":"[Gen 9] National Dex Ubers","log":"|j|\u2606AlolanSandslashOU\n|j|\u2606Steven Stone 007\n|t:|1699089159\n|gametype|singles\n|player|p1|AlolanSandslashOU|volkner|\n|player|p2|Steven Stone 007|steven|\n|teamsize|p1|6\n|teamsize|p2|6\n|gen|9\n|tier|[Gen 9] National Dex Ubers\n|rule|HP Percentage Mod: HP is shown in percentages\n|rule|Endless Battle Clause: Forcing endless battles is banned\n|rule|OHKO Clause: OHKO moves are banned\n|rule|Evasion Moves Clause: Evasion moves are banned\n|rule|Evasion Items Clause: Evasion items are banned\n|rule|Species Clause: Limit one of each Pok\u00e9mon\n|rule|Sleep Clause Mod: Limit one foe put to sleep\n|rule|Mega Rayquaza Clause: You cannot mega evolve Rayquaza\n|clearpoke\n|poke|p1|Darmanitan-Galar, M|\n|poke|p1|Ribombee, M|\n|poke|p1|Sandslash-Alola, M|\n|poke|p1|Ninetales-Alola, M|\n|poke|p1|Kyurem|\n|poke|p1|Arctozolt|\n|poke|p2|Dragapult, M|\n|poke|p2|Cresselia, F|\n|poke|p2|Ferrothorn, M|\n|poke|p2|Milotic, F|\n|poke|p2|Lopunny, F|\n|poke|p2|Ninetales-Alola, F|\n|teampreview\n|c|\u2606Steven Stone 007|GL\n|c|\u2606AlolanSandslashOU|You as well\n|\n|t:|1699089192\n|start\n|switch|p1a: Ribombee|Ribombee, M, shiny|100\/100\n|switch|p2a: Dragapult|Dragapult, M|100\/100\n|turn|1\n|\n|t:|1699089204\n|move|p2a: Dragapult|Substitute|p2a: Dragapult\n|-start|p2a: Dragapult|Substitute\n|-damage|p2a: Dragapult|76\/100\n|move|p1a: Ribombee|Moonblast|p2a: Dragapult\n|-supereffective|p2a: Dragapult\n|-end|p2a: Dragapult|Substitute\n|\n|-heal|p2a: Dragapult|82\/100|[from] item: Leftovers\n|upkeep\n|turn|2\n|\n|t:|1699089209\n|move|p2a: Dragapult|Substitute|p2a: Dragapult\n|-start|p2a: Dragapult|Substitute\n|-damage|p2a: Dragapult|57\/100\n|move|p1a: Ribombee|Sticky Web|p2a: Dragapult\n|-sidestart|p2: Steven Stone 007|move: Sticky Web\n|\n|-heal|p2a: Dragapult|63\/100|[from] item: Leftovers\n|upkeep\n|turn|3\n|\n|t:|1699089213\n|move|p2a: Dragapult|Dragon Dance|p2a: Dragapult\n|-boost|p2a: Dragapult|atk|1\n|-boost|p2a: Dragapult|spe|1\n|move|p1a: Ribombee|Moonblast|p2a: Dragapult\n|-supereffective|p2a: Dragapult\n|-end|p2a: Dragapult|Substitute\n|\n|-heal|p2a: Dragapult|69\/100|[from] item: Leftovers\n|upkeep\n|turn|4\n|\n|t:|1699089217\n|-terastallize|p2a: Dragapult|Ghost\n|move|p2a: Dragapult|Tera Blast|p1a: Ribombee|[anim] Tera Blast Ghost\n|-enditem|p1a: Ribombee|Focus Sash\n|-damage|p1a: Ribombee|1\/100\n|move|p1a: Ribombee|Moonblast|p2a: Dragapult\n|-damage|p2a: Dragapult|12\/100\n|-unboost|p2a: Dragapult|spa|1\n|\n|-heal|p2a: Dragapult|18\/100|[from] item: Leftovers\n|upkeep\n|turn|5\n|\n|t:|1699089227\n|move|p2a: Dragapult|Tera Blast|p1a: Ribombee|[anim] Tera Blast Ghost\n|-damage|p1a: Ribombee|0 fnt\n|faint|p1a: Ribombee\n|\n|-heal|p2a: Dragapult|24\/100|[from] item: Leftovers\n|upkeep\n|\n|t:|1699089230\n|switch|p1a: Ninetales|Ninetales-Alola, M, shiny|100\/100\n|-weather|Snow|[from] ability: Snow Warning|[of] p1a: Ninetales\n|turn|6\n|\n|t:|1699089235\n|move|p2a: Dragapult|Tera Blast|p1a: Ninetales|[anim] Tera Blast Ghost\n|-damage|p1a: Ninetales|20\/100\n|move|p1a: Ninetales|Aurora Veil|p1a: Ninetales\n|-sidestart|p1: AlolanSandslashOU|move: Aurora Veil\n|\n|-weather|Snow|[upkeep]\n|-heal|p2a: Dragapult|30\/100|[from] item: Leftovers\n|upkeep\n|turn|7\n|\n|t:|1699089241\n|move|p2a: Dragapult|Tera Blast|p1a: Ninetales|[anim] Tera Blast Ghost\n|-damage|p1a: Ninetales|0 fnt\n|faint|p1a: Ninetales\n|\n|-weather|Snow|[upkeep]\n|-heal|p2a: Dragapult|36\/100|[from] item: Leftovers\n|upkeep\n|\n|t:|1699089253\n|switch|p1a: Sandslash|Sandslash-Alola, M|100\/100\n|turn|8\n|\n|t:|1699089259\n|move|p2a: Dragapult|Tera Blast|p1a: Sandslash|[anim] Tera Blast Ghost\n|-damage|p1a: Sandslash|46\/100\n|move|p1a: Sandslash|Earthquake|p2a: Dragapult\n|-damage|p2a: Dragapult|0 fnt\n|faint|p2a: Dragapult\n|\n|-weather|Snow|[upkeep]\n|upkeep\n|\n|t:|1699089266\n|switch|p2a: Ferrothorn|Ferrothorn, M|100\/100\n|-activate|p2a: Ferrothorn|move: Sticky Web\n|-unboost|p2a: Ferrothorn|spe|1\n|turn|9\n|\n|t:|1699089271\n|move|p1a: Sandslash|Swords Dance|p1a: Sandslash\n|-boost|p1a: Sandslash|atk|2\n|move|p2a: Ferrothorn|Iron Defense|p2a: Ferrothorn\n|-boost|p2a: Ferrothorn|def|2\n|\n|-weather|Snow|[upkeep]\n|upkeep\n|turn|10\n|\n|t:|1699089275\n|move|p1a: Sandslash|Triple Axel|p2a: Ferrothorn\n|-damage|p2a: Ferrothorn|95\/100\n|-damage|p1a: Sandslash|34\/100|[from] ability: Iron Barbs|[of] p2a: Ferrothorn\n|-crit|p2a: Ferrothorn\n|-damage|p2a: Ferrothorn|64\/100\n|-damage|p1a: Sandslash|21\/100|[from] ability: Iron Barbs|[of] p2a: Ferrothorn\n|-damage|p2a: Ferrothorn|49\/100\n|-damage|p1a: Sandslash|9\/100|[from] ability: Iron Barbs|[of] p2a: Ferrothorn\n|-hitcount|p2a: Ferrothorn|3\n|move|p2a: Ferrothorn|Iron Defense|p2a: Ferrothorn\n|-boost|p2a: Ferrothorn|def|2\n|\n|-weather|Snow|[upkeep]\n|-heal|p2a: Ferrothorn|56\/100|[from] item: Leftovers\n|-sideend|p1: AlolanSandslashOU|move: Aurora Veil\n|upkeep\n|turn|11\n|\n|t:|1699089280\n|move|p1a: Sandslash|Triple Axel|p2a: Ferrothorn\n|-damage|p2a: Ferrothorn|52\/100\n|-damage|p1a: Sandslash|0 fnt|[from] ability: Iron Barbs|[of] p2a: Ferrothorn\n|faint|p1a: Sandslash\n|-hitcount|p2a: Ferrothorn|1\n|move|p2a: Ferrothorn|Iron Defense|p2a: Ferrothorn\n|-boost|p2a: Ferrothorn|def|2\n|\n|-weather|Snow|[upkeep]\n|-heal|p2a: Ferrothorn|58\/100|[from] item: Leftovers\n|upkeep\n|\n|t:|1699089286\n|switch|p1a: Kyurem|Kyurem|100\/100\n|-ability|p1a: Kyurem|Pressure\n|turn|12\n|\n|t:|1699089295\n|move|p1a: Kyurem|Ice Beam|p2a: Ferrothorn\n|-damage|p2a: Ferrothorn|0 fnt\n|faint|p2a: Ferrothorn\n|\n|-weather|Snow|[upkeep]\n|upkeep\n|\n|t:|1699089304\n|switch|p2a: Ninetales|Ninetales-Alola, F|100\/100\n|-activate|p2a: Ninetales|move: Sticky Web\n|-unboost|p2a: Ninetales|spe|1\n|turn|13\n|\n|t:|1699089311\n|switch|p1a: Darmanitan|Darmanitan-Galar, M|100\/100\n|move|p2a: Ninetales|Aurora Veil|p2a: Ninetales\n|-sidestart|p2: Steven Stone 007|move: Aurora Veil\n|\n|-weather|none\n|upkeep\n|turn|14\n|\n|t:|1699089319\n|move|p1a: Darmanitan|U-turn|p2a: Ninetales\n|-resisted|p2a: Ninetales\n|-damage|p2a: Ninetales|80\/100\n|\n|t:|1699089323\n|switch|p1a: Arctozolt|Arctozolt|100\/100|[from] U-turn\n|move|p2a: Ninetales|Moonblast|p1a: Arctozolt\n|-damage|p1a: Arctozolt|57\/100\n|\n|upkeep\n|turn|15\n|\n|t:|1699089328\n|move|p2a: Ninetales|Moonblast|p1a: Arctozolt\n|-damage|p1a: Arctozolt|12\/100\n|move|p1a: Arctozolt|Bolt Beak|p2a: Ninetales\n|-damage|p2a: Ninetales|32\/100\n|\n|upkeep\n|turn|16\n|\n|t:|1699089332\n|switch|p1a: Darmanitan|Darmanitan-Galar, M|100\/100\n|move|p2a: Ninetales|Moonblast|p1a: Darmanitan\n|-damage|p1a: Darmanitan|40\/100\n|-unboost|p1a: Darmanitan|spa|1\n|\n|upkeep\n|turn|17\n|\n|t:|1699089336\n|move|p1a: Darmanitan|Flare Blitz|p2a: Ninetales\n|-supereffective|p2a: Ninetales\n|-damage|p2a: Ninetales|0 fnt\n|faint|p2a: Ninetales\n|-damage|p1a: Darmanitan|31\/100|[from] Recoil\n|\n|upkeep\n|\n|t:|1699089339\n|switch|p2a: Cresselia|Cresselia, F, shiny|100\/100\n|turn|18\n|\n|t:|1699089344\n|switch|p1a: Arctozolt|Arctozolt|12\/100\n|move|p2a: Cresselia|Calm Mind|p2a: Cresselia\n|-boost|p2a: Cresselia|spa|1\n|-boost|p2a: Cresselia|spd|1\n|\n|upkeep\n|turn|19\n|\n|t:|1699089349\n|move|p1a: Arctozolt|Bolt Beak|p2a: Cresselia\n|-damage|p2a: Cresselia|65\/100\n|move|p2a: Cresselia|Moonblast|p1a: Arctozolt\n|-damage|p1a: Arctozolt|0 fnt\n|faint|p1a: Arctozolt\n|\n|upkeep\n|\n|t:|1699089352\n|switch|p1a: Darmanitan|Darmanitan-Galar, M|31\/100\n|turn|20\n|\n|t:|1699089357\n|move|p1a: Darmanitan|Icicle Crash|p2a: Cresselia\n|-damage|p2a: Cresselia|36\/100\n|move|p2a: Cresselia|Moonblast|p1a: Darmanitan\n|-damage|p1a: Darmanitan|0 fnt\n|faint|p1a: Darmanitan\n|\n|-sideend|p2: Steven Stone 007|move: Aurora Veil\n|upkeep\n|\n|t:|1699089359\n|switch|p1a: Kyurem|Kyurem|100\/100\n|-ability|p1a: Kyurem|Pressure\n|turn|21\n|c|\u2606Steven Stone 007|GG\n|c|\u2606Steven Stone 007|specs kyurem\n|\n|t:|1699089373\n|-terastallize|p1a: Kyurem|Poison\n|move|p1a: Kyurem|Ice Beam|p2a: Cresselia\n|-damage|p2a: Cresselia|8\/100\n|move|p2a: Cresselia|Moonlight|p2a: Cresselia\n|-heal|p2a: Cresselia|58\/100\n|\n|upkeep\n|turn|22\n|\n|t:|1699089378\n|move|p1a: Kyurem|Ice Beam|p2a: Cresselia\n|-damage|p2a: Cresselia|30\/100\n|move|p2a: Cresselia|Moonlight|p2a: Cresselia\n|-heal|p2a: Cresselia|80\/100\n|\n|upkeep\n|turn|23\n|\n|t:|1699089380\n|move|p1a: Kyurem|Ice Beam|p2a: Cresselia\n|-damage|p2a: Cresselia|53\/100\n|move|p2a: Cresselia|Calm Mind|p2a: Cresselia\n|-boost|p2a: Cresselia|spa|1\n|-boost|p2a: Cresselia|spd|1\n|\n|upkeep\n|turn|24\n|\n|t:|1699089382\n|move|p1a: Kyurem|Ice Beam|p2a: Cresselia\n|-damage|p2a: Cresselia|30\/100\n|move|p2a: Cresselia|Stored Power|p1a: Kyurem\n|-supereffective|p1a: Kyurem\n|-damage|p1a: Kyurem|0 fnt\n|faint|p1a: Kyurem\n|\n|win|Steven Stone 007\n","uploadtime":1699089386,"views":10,"p1id":"alolansandslashou","p2id":"stevenstone007","formatid":"gen9nationaldexubers","rating":0,"private":0,"password":""}