{"id":"gen9nationaldexubers-1984458990","p1":"C0ld as Ice","p2":"Irfanayan","format":"[Gen 9] National Dex Ubers","log":"|j|\u2606C0ld as Ice\n|j|\u2606Irfanayan\n|t:|1699267148\n|gametype|singles\n|player|p1|C0ld as Ice|schoolkid-gen4dp|1803\n|player|p2|Irfanayan|1|1678\n|teamsize|p1|6\n|teamsize|p2|6\n|gen|9\n|tier|[Gen 9] National Dex Ubers\n|rated|\n|rule|HP Percentage Mod: HP is shown in percentages\n|rule|Endless Battle Clause: Forcing endless battles is banned\n|rule|OHKO Clause: OHKO moves are banned\n|rule|Evasion Moves Clause: Evasion moves are banned\n|rule|Evasion Items Clause: Evasion items are banned\n|rule|Species Clause: Limit one of each Pok\u00e9mon\n|rule|Sleep Clause Mod: Limit one foe put to sleep\n|rule|Mega Rayquaza Clause: You cannot mega evolve Rayquaza\n|clearpoke\n|poke|p1|Necrozma-Dusk-Mane|\n|poke|p1|Arceus-Grass|\n|poke|p1|Groudon|\n|poke|p1|Eternatus|\n|poke|p1|Zygarde|\n|poke|p1|Marshadow|\n|poke|p2|Groudon|\n|poke|p2|Xerneas-*|\n|poke|p2|Arceus|\n|poke|p2|Necrozma-Dusk-Mane|\n|poke|p2|Zygarde|\n|poke|p2|Lugia|\n|teampreview\n|inactive|Battle timer is ON: inactive players will automatically lose when time's up. (requested by C0ld as Ice)\n|\n|t:|1699267162\n|start\n|switch|p1a: Arceus|Arceus-Grass|100\/100\n|switch|p2a: Necrozma|Necrozma-Dusk-Mane|100\/100\n|turn|1\n|inactive|C0ld as Ice has 120 seconds left.\n|\n|t:|1699267199\n|detailschange|p2a: Necrozma|Necrozma-Ultra\n|-burst|p2a: Necrozma|Necrozma|Ultranecrozium Z\n|move|p2a: Necrozma|Photon Geyser|p1a: Arceus\n|-damage|p1a: Arceus|60\/100\n|move|p1a: Arceus|Thunder Wave|p2a: Necrozma\n|-status|p2a: Necrozma|par\n|\n|upkeep\n|turn|2\n|inactive|C0ld as Ice has 120 seconds left.\n|\n|t:|1699267217\n|switch|p1a: Necrozma|Necrozma-Dusk-Mane, shiny|100\/100\n|cant|p2a: Necrozma|par\n|\n|upkeep\n|turn|3\n|inactive|C0ld as Ice has 120 seconds left.\n|\n|t:|1699267234\n|switch|p2a: Lugia|Lugia|100\/100\n|move|p1a: Necrozma|Iron Head|p2a: Lugia\n|-damage|p2a: Lugia|91\/100\n|\n|-heal|p2a: Lugia|97\/100|[from] item: Leftovers\n|upkeep\n|turn|4\n|\n|t:|1699267243\n|move|p2a: Lugia|Whirlpool|p1a: Necrozma\n|-damage|p1a: Necrozma|96\/100\n|-activate|p1a: Necrozma|move: Whirlpool|[of] p2a: Lugia\n|move|p1a: Necrozma|Thunder Wave|p2a: Lugia\n|-status|p2a: Lugia|par\n|\n|-heal|p1a: Necrozma|100\/100|[from] item: Leftovers\n|-heal|p2a: Lugia|100\/100 par|[from] item: Leftovers\n|-damage|p1a: Necrozma|88\/100|[from] move: Whirlpool|[partiallytrapped]\n|upkeep\n|turn|5\n|inactive|C0ld as Ice has 120 seconds left.\n|inactive|C0ld as Ice has 90 seconds left.\n|\n|t:|1699267287\n|move|p1a: Necrozma|Iron Head|p2a: Lugia\n|-damage|p2a: Lugia|91\/100 par\n|cant|p2a: Lugia|flinch\n|\n|-heal|p1a: Necrozma|94\/100|[from] item: Leftovers\n|-heal|p2a: Lugia|97\/100 par|[from] item: Leftovers\n|-damage|p1a: Necrozma|82\/100|[from] move: Whirlpool|[partiallytrapped]\n|upkeep\n|turn|6\n|\n|t:|1699267298\n|move|p1a: Necrozma|Iron Head|p2a: Lugia\n|-damage|p2a: Lugia|77\/100 par\n|move|p2a: Lugia|Whirlpool|p1a: Necrozma\n|-damage|p1a: Necrozma|77\/100\n|\n|-heal|p1a: Necrozma|83\/100|[from] item: Leftovers\n|-heal|p2a: Lugia|83\/100 par|[from] item: Leftovers\n|-damage|p1a: Necrozma|71\/100|[from] move: Whirlpool|[partiallytrapped]\n|upkeep\n|turn|7\n|\n|t:|1699267312\n|move|p1a: Necrozma|Stealth Rock|p2a: Lugia\n|-sidestart|p2: Irfanayan|move: Stealth Rock\n|move|p2a: Lugia|Whirlpool|p1a: Necrozma\n|-damage|p1a: Necrozma|66\/100\n|\n|-heal|p1a: Necrozma|72\/100|[from] item: Leftovers\n|-heal|p2a: Lugia|89\/100 par|[from] item: Leftovers\n|-damage|p1a: Necrozma|60\/100|[from] move: Whirlpool|[partiallytrapped]\n|upkeep\n|turn|8\n|\n|t:|1699267323\n|move|p1a: Necrozma|Moonlight|p1a: Necrozma\n|-heal|p1a: Necrozma|100\/100\n|move|p2a: Lugia|Roost|p2a: Lugia\n|-heal|p2a: Lugia|100\/100 par\n|-singleturn|p2a: Lugia|move: Roost\n|\n|-end|p1a: Necrozma|Whirlpool|[partiallytrapped]\n|upkeep\n|turn|9\n|inactive|C0ld as Ice has 90 seconds left.\n|\n|t:|1699267367\n|move|p1a: Necrozma|Iron Head|p2a: Lugia\n|-crit|p2a: Lugia\n|-damage|p2a: Lugia|85\/100 par\n|cant|p2a: Lugia|flinch\n|\n|-heal|p2a: Lugia|92\/100 par|[from] item: Leftovers\n|upkeep\n|turn|10\n|\n|t:|1699267378\n|move|p1a: Necrozma|Iron Head|p2a: Lugia\n|-damage|p2a: Lugia|70\/100 par\n|move|p2a: Lugia|Whirlwind|p1a: Necrozma\n|drag|p1a: Arceus|Arceus-Grass|60\/100\n|\n|-heal|p2a: Lugia|77\/100 par|[from] item: Leftovers\n|upkeep\n|turn|11\n|inactive|C0ld as Ice has 90 seconds left.\n|\n|t:|1699267387\n|switch|p1a: Necrozma|Necrozma-Dusk-Mane, shiny|100\/100\n|move|p2a: Lugia|Toxic|p1a: Necrozma\n|-immune|p1a: Necrozma\n|\n|-heal|p2a: Lugia|83\/100 par|[from] item: Leftovers\n|upkeep\n|turn|12\n|inactive|C0ld as Ice has 90 seconds left.\n|\n|t:|1699267424\n|move|p1a: Necrozma|Iron Head|p2a: Lugia\n|-damage|p2a: Lugia|62\/100 par\n|move|p2a: Lugia|Whirlwind|p1a: Necrozma\n|drag|p1a: Zygarde|Zygarde|100\/100\n|\n|-heal|p2a: Lugia|68\/100 par|[from] item: Leftovers\n|upkeep\n|turn|13\n|\n|t:|1699267434\n|switch|p1a: Necrozma|Necrozma-Dusk-Mane, shiny|100\/100\n|move|p2a: Lugia|Whirlpool|p1a: Necrozma\n|-damage|p1a: Necrozma|95\/100\n|-activate|p1a: Necrozma|move: Whirlpool|[of] p2a: Lugia\n|\n|-heal|p1a: Necrozma|100\/100|[from] item: Leftovers\n|-heal|p2a: Lugia|75\/100 par|[from] item: Leftovers\n|-damage|p1a: Necrozma|88\/100|[from] move: Whirlpool|[partiallytrapped]\n|upkeep\n|turn|14\n|\n|t:|1699267458\n|move|p1a: Necrozma|Iron Head|p2a: Lugia\n|-damage|p2a: Lugia|55\/100 par\n|cant|p2a: Lugia|flinch\n|\n|-heal|p1a: Necrozma|94\/100|[from] item: Leftovers\n|-heal|p2a: Lugia|61\/100 par|[from] item: Leftovers\n|-damage|p1a: Necrozma|82\/100|[from] move: Whirlpool|[partiallytrapped]\n|upkeep\n|turn|15\n|\n|t:|1699267468\n|move|p1a: Necrozma|Iron Head|p2a: Lugia\n|-damage|p2a: Lugia|42\/100 par\n|move|p2a: Lugia|Roost|p2a: Lugia\n|-heal|p2a: Lugia|92\/100 par\n|-singleturn|p2a: Lugia|move: Roost\n|\n|-heal|p1a: Necrozma|88\/100|[from] item: Leftovers\n|-heal|p2a: Lugia|99\/100 par|[from] item: Leftovers\n|-damage|p1a: Necrozma|75\/100|[from] move: Whirlpool|[partiallytrapped]\n|upkeep\n|turn|16\n|\n|t:|1699267481\n|switch|p2a: Groudon|Groudon|100\/100\n|-damage|p2a: Groudon|94\/100|[from] Stealth Rock\n|detailschange|p2a: Groudon|Groudon-Primal\n|-primal|p2a: Groudon|Red Orb\n|-weather|DesolateLand|[from] ability: Desolate Land|[of] p2a: Groudon\n|move|p1a: Necrozma|Moonlight|p1a: Necrozma\n|-heal|p1a: Necrozma|100\/100\n|\n|-weather|DesolateLand|[upkeep]\n|-end|p1a: Necrozma|Whirlpool|[partiallytrapped]|[silent]\n|upkeep\n|turn|17\n|\n|t:|1699267492\n|switch|p1a: Zygarde|Zygarde|100\/100\n|move|p2a: Groudon|Swords Dance|p2a: Groudon\n|-boost|p2a: Groudon|atk|2\n|\n|-weather|DesolateLand|[upkeep]\n|upkeep\n|turn|18\n|\n|t:|1699267501\n|move|p1a: Zygarde|Glare|p2a: Groudon\n|-status|p2a: Groudon|par\n|move|p2a: Groudon|Precipice Blades|p1a: Zygarde\n|-damage|p1a: Zygarde|12\/100\n|\n|-weather|DesolateLand|[upkeep]\n|-heal|p1a: Zygarde|18\/100|[from] item: Leftovers\n|-activate|p1a: Zygarde|ability: Power Construct\n|detailschange|p1a: Zygarde|Zygarde-Complete\n|-heal|p1a: Zygarde|46\/100|[silent]\n|upkeep\n|turn|19\n|\n|t:|1699267513\n|move|p1a: Zygarde|Haze|p1a: Zygarde\n|-clearallboost\n|cant|p2a: Groudon|par\n|\n|-weather|DesolateLand|[upkeep]\n|-heal|p1a: Zygarde|53\/100|[from] item: Leftovers\n|upkeep\n|turn|20\n|inactive|C0ld as Ice has 120 seconds left.\n|\n|t:|1699267521\n|move|p1a: Zygarde|Thousand Arrows|p2a: Groudon\n|-supereffective|p2a: Groudon\n|-damage|p2a: Groudon|62\/100 par\n|move|p2a: Groudon|Precipice Blades|p1a: Zygarde\n|-damage|p1a: Zygarde|24\/100\n|\n|-weather|DesolateLand|[upkeep]\n|-heal|p1a: Zygarde|30\/100|[from] item: Leftovers\n|upkeep\n|turn|21\n|\n|t:|1699267531\n|move|p1a: Zygarde|Rest|p1a: Zygarde\n|-status|p1a: Zygarde|slp|[from] move: Rest\n|-heal|p1a: Zygarde|100\/100 slp|[silent]\n|move|p2a: Groudon|Precipice Blades|p1a: Zygarde\n|-damage|p1a: Zygarde|70\/100 slp\n|\n|-weather|DesolateLand|[upkeep]\n|-heal|p1a: Zygarde|76\/100 slp|[from] item: Leftovers\n|upkeep\n|turn|22\n|\n|t:|1699267540\n|cant|p1a: Zygarde|slp\n|cant|p2a: Groudon|par\n|\n|-weather|DesolateLand|[upkeep]\n|-heal|p1a: Zygarde|83\/100 slp|[from] item: Leftovers\n|upkeep\n|turn|23\n|\n|t:|1699267549\n|cant|p1a: Zygarde|slp\n|cant|p2a: Groudon|par\n|\n|-weather|DesolateLand|[upkeep]\n|-heal|p1a: Zygarde|89\/100 slp|[from] item: Leftovers\n|upkeep\n|turn|24\n|\n|t:|1699267562\n|-weather|none\n|switch|p2a: Necrozma|Necrozma-Ultra|100\/100 par\n|-damage|p2a: Necrozma|88\/100 par|[from] Stealth Rock\n|-curestatus|p1a: Zygarde|slp|[msg]\n|move|p1a: Zygarde|Thousand Arrows|p2a: Necrozma\n|-damage|p2a: Necrozma|58\/100 par\n|\n|-heal|p1a: Zygarde|95\/100|[from] item: Leftovers\n|upkeep\n|turn|25\n|\n|t:|1699267584\n|move|p1a: Zygarde|Thousand Arrows|p2a: Necrozma\n|-damage|p2a: Necrozma|23\/100 par\n|-zpower|p2a: Necrozma\n|move|p2a: Necrozma|Light That Burns the Sky|p1a: Zygarde|[zeffect]\n|-damage|p1a: Zygarde|29\/100\n|\n|-heal|p1a: Zygarde|35\/100|[from] item: Leftovers\n|upkeep\n|turn|26\n|\n|t:|1699267605\n|move|p1a: Zygarde|Thousand Arrows|p2a: Necrozma\n|-damage|p2a: Necrozma|0 fnt\n|faint|p2a: Necrozma\n|\n|-heal|p1a: Zygarde|41\/100|[from] item: Leftovers\n|upkeep\n|inactive|Irfanayan has 120 seconds left.\n|\n|t:|1699267620\n|switch|p2a: Arceus|Arceus|100\/100\n|-damage|p2a: Arceus|88\/100|[from] Stealth Rock\n|turn|27\n|inactive|C0ld as Ice has 120 seconds left.\n|\n|t:|1699267666\n|move|p2a: Arceus|Taunt|p1a: Zygarde\n|-start|p1a: Zygarde|move: Taunt\n|cant|p1a: Zygarde|move: Taunt|Glare\n|\n|-heal|p1a: Zygarde|47\/100|[from] item: Leftovers\n|upkeep\n|turn|28\n|\n|t:|1699267675\n|switch|p1a: Marshadow|Marshadow|100\/100\n|move|p2a: Arceus|Swords Dance|p2a: Arceus\n|-boost|p2a: Arceus|atk|2\n|\n|upkeep\n|turn|29\n|inactive|C0ld as Ice has 120 seconds left.\n|\n|t:|1699267688\n|switch|p1a: Zygarde|Zygarde-Complete|47\/100\n|move|p2a: Arceus|Earthquake|p1a: Zygarde\n|-damage|p1a: Zygarde|14\/100\n|-damage|p2a: Arceus|78\/100|[from] item: Life Orb\n|\n|-heal|p1a: Zygarde|20\/100|[from] item: Leftovers\n|upkeep\n|turn|30\n|inactive|C0ld as Ice has 120 seconds left.\n|inactive|C0ld as Ice has 90 seconds left.\n|\n|t:|1699267729\n|switch|p1a: Arceus|Arceus-Grass|60\/100\n|move|p2a: Arceus|Earthquake|p1a: Arceus\n|-resisted|p1a: Arceus\n|-damage|p1a: Arceus|33\/100\n|-damage|p2a: Arceus|68\/100|[from] item: Life Orb\n|\n|upkeep\n|turn|31\n|\n|t:|1699267738\n|switch|p1a: Marshadow|Marshadow|100\/100\n|move|p2a: Arceus|Earthquake|p1a: Marshadow\n|-damage|p1a: Marshadow|0 fnt\n|faint|p1a: Marshadow\n|-damage|p2a: Arceus|58\/100|[from] item: Life Orb\n|\n|upkeep\n|\n|t:|1699267743\n|switch|p1a: Necrozma|Necrozma-Dusk-Mane, shiny|100\/100\n|turn|32\n|\n|t:|1699267750\n|-terastallize|p1a: Necrozma|Bug\n|move|p2a: Arceus|Earthquake|p1a: Necrozma\n|-resisted|p1a: Necrozma\n|-damage|p1a: Necrozma|69\/100\n|-damage|p2a: Arceus|48\/100|[from] item: Life Orb\n|move|p1a: Necrozma|Thunder Wave|p2a: Arceus\n|-status|p2a: Arceus|par\n|\n|-heal|p1a: Necrozma|75\/100|[from] item: Leftovers\n|upkeep\n|turn|33\n|\n|t:|1699267765\n|move|p2a: Arceus|Extreme Speed|p1a: Necrozma\n|-damage|p1a: Necrozma|0 fnt\n|faint|p1a: Necrozma\n|-damage|p2a: Arceus|38\/100 par|[from] item: Life Orb\n|\n|upkeep\n|-message|C0ld as Ice forfeited.\n|\n|win|Irfanayan\n|raw|C0ld as Ice's rating: 1790 &rarr; <strong>1764<\/strong><br \/>(-26 for losing)\n|raw|Irfanayan's rating: 1678 &rarr; <strong>1704<\/strong><br \/>(+26 for winning)\n|l|\u2606C0ld as Ice\n|l|\u2606Irfanayan\n|j|\u2606C0ld as Ice\n|player|p1|C0ld as Ice|schoolkid-gen4dp\n","uploadtime":1699267936,"views":5,"p1id":"c0ldasice","p2id":"irfanayan","formatid":"gen9nationaldexubers","rating":1704,"private":0,"password":""}