{"id":"gen9nationaldexubers-2000644405","p1":"catomic756","p2":"MrBest2023","format":"[Gen 9] National Dex Ubers","log":"|j|\u2606catomic756\n|j|\u2606MrBest2023\n|t:|1701213903\n|gametype|singles\n|player|p1|catomic756|cynthia-gen4|1396\n|player|p2|MrBest2023|unknown|1350\n|teamsize|p1|6\n|teamsize|p2|6\n|gen|9\n|tier|[Gen 9] National Dex Ubers\n|rated|\n|rule|HP Percentage Mod: HP is shown in percentages\n|rule|Endless Battle Clause: Forcing endless battles is banned\n|rule|OHKO Clause: OHKO moves are banned\n|rule|Evasion Moves Clause: Evasion moves are banned\n|rule|Evasion Items Clause: Evasion items are banned\n|rule|Species Clause: Limit one of each Pok\u00e9mon\n|rule|Sleep Clause Mod: Limit one foe put to sleep\n|rule|Mega Rayquaza Clause: You cannot mega evolve Rayquaza\n|clearpoke\n|poke|p1|Salamence, F|\n|poke|p1|Arceus-Water|\n|poke|p1|Groudon|\n|poke|p1|Kommo-o, F|\n|poke|p1|Zacian-*|\n|poke|p1|Zygarde|\n|poke|p2|Dondozo, F|\n|poke|p2|Zygarde|\n|poke|p2|Ho-Oh|\n|poke|p2|Arceus|\n|poke|p2|Lugia|\n|poke|p2|Goodra-Hisui, F|\n|teampreview\n|inactive|Battle timer is ON: inactive players will automatically lose when time's up. (requested by catomic756)\n|\n|t:|1701213915\n|start\n|switch|p1a: Eater of Worlds|Groudon, shiny|100\/100\n|switch|p2a: Snek|Zygarde|100\/100\n|detailschange|p1a: Eater of Worlds|Groudon-Primal, shiny\n|-primal|p1a: Eater of Worlds|Red Orb\n|-weather|DesolateLand|[from] ability: Desolate Land|[of] p1a: Eater of Worlds\n|turn|1\n|\n|t:|1701213932\n|-weather|none\n|switch|p1a: Kommo-o|Kommo-o, F|100\/100\n|move|p2a: Snek|Coil|p2a: Snek\n|-boost|p2a: Snek|atk|1\n|-boost|p2a: Snek|def|1\n|-boost|p2a: Snek|accuracy|1\n|\n|upkeep\n|turn|2\n|\n|t:|1701213943\n|-terastallize|p2a: Snek|Water\n|-zpower|p1a: Kommo-o\n|move|p1a: Kommo-o|Clangorous Soulblaze|p2a: Snek|[zeffect]\n|-damage|p2a: Snek|20\/100\n|-boost|p1a: Kommo-o|atk|1\n|-boost|p1a: Kommo-o|def|1\n|-boost|p1a: Kommo-o|spa|1\n|-boost|p1a: Kommo-o|spd|1\n|-boost|p1a: Kommo-o|spe|1\n|move|p2a: Snek|Coil|p2a: Snek\n|-boost|p2a: Snek|atk|1\n|-boost|p2a: Snek|def|1\n|-boost|p2a: Snek|accuracy|1\n|\n|-heal|p2a: Snek|26\/100|[from] item: Leftovers\n|-activate|p2a: Snek|ability: Power Construct\n|detailschange|p2a: Snek|Zygarde-Complete, tera:Water\n|-heal|p2a: Snek|51\/100|[silent]\n|upkeep\n|turn|3\n|\n|t:|1701213970\n|move|p1a: Kommo-o|Clanging Scales|p2a: Snek\n|-damage|p2a: Snek|7\/100\n|-unboost|p1a: Kommo-o|def|1\n|move|p2a: Snek|Rest|p2a: Snek\n|-status|p2a: Snek|slp|[from] move: Rest\n|-heal|p2a: Snek|100\/100 slp|[silent]\n|\n|upkeep\n|turn|4\n|c|\u2606MrBest2023|oh man\n|inactive|MrBest2023 has 120 seconds left.\n|c|\u2606MrBest2023|my computer might die before this ends\n|\n|t:|1701213992\n|move|p1a: Kommo-o|Boomburst|p2a: Snek\n|-damage|p2a: Snek|64\/100 slp\n|cant|p2a: Snek|slp\n|move|p2a: Snek|Sleep Talk|p2a: Snek\n|move|p2a: Snek|Coil|p2a: Snek|[from]move: Sleep Talk\n|-boost|p2a: Snek|atk|1\n|-boost|p2a: Snek|def|1\n|-boost|p2a: Snek|accuracy|1\n|\n|-heal|p2a: Snek|70\/100 slp|[from] item: Leftovers\n|upkeep\n|turn|5\n|inactive|MrBest2023 has 120 seconds left.\n|\n|t:|1701214008\n|move|p1a: Kommo-o|Aura Sphere|p2a: Snek\n|-damage|p2a: Snek|37\/100 slp\n|cant|p2a: Snek|slp\n|move|p2a: Snek|Sleep Talk|p2a: Snek\n|move|p2a: Snek|Rest||[from]move: Sleep Talk|[still]\n|-fail|p2a: Snek\n|\n|-heal|p2a: Snek|43\/100 slp|[from] item: Leftovers\n|upkeep\n|turn|6\n|c|\u2606catomic756|uh oh\n|c|\u2606catomic756|well this will murder my whole team\n|c|\u2606catomic756|sorry to say I'm not rooting for you\n|inactive|catomic756 has 120 seconds left.\n|c|\u2606MrBest2023|if i can get through kommo-o\n|\n|t:|1701214044\n|move|p1a: Kommo-o|Clanging Scales|p2a: Snek\n|-damage|p2a: Snek|1\/100 slp\n|-unboost|p1a: Kommo-o|def|1\n|-curestatus|p2a: Snek|slp|[msg]\n|move|p2a: Snek|Rest|p2a: Snek\n|-status|p2a: Snek|slp|[from] move: Rest\n|-heal|p2a: Snek|100\/100 slp|[silent]\n|\n|upkeep\n|turn|7\n|c|\u2606MrBest2023|wow\n|inactive|catomic756 has 120 seconds left.\n|c|\u2606MrBest2023|that sucks\n|\n|t:|1701214057\n|move|p1a: Kommo-o|Boomburst|p2a: Snek\n|-damage|p2a: Snek|64\/100 slp\n|cant|p2a: Snek|slp\n|move|p2a: Snek|Sleep Talk|p2a: Snek\n|move|p2a: Snek|Rest||[from]move: Sleep Talk|[still]\n|-fail|p2a: Snek\n|\n|-heal|p2a: Snek|70\/100 slp|[from] item: Leftovers\n|upkeep\n|turn|8\n|c|\u2606MrBest2023|im so sorry my friend\n|\n|t:|1701214071\n|move|p1a: Kommo-o|Clanging Scales|p2a: Snek\n|-damage|p2a: Snek|23\/100 slp\n|-unboost|p1a: Kommo-o|def|1\n|cant|p2a: Snek|slp\n|move|p2a: Snek|Sleep Talk|p2a: Snek\n|move|p2a: Snek|Coil|p2a: Snek|[from]move: Sleep Talk\n|-boost|p2a: Snek|atk|1\n|-boost|p2a: Snek|def|1\n|-boost|p2a: Snek|accuracy|1\n|\n|-heal|p2a: Snek|29\/100 slp|[from] item: Leftovers\n|upkeep\n|turn|9\n|c|\u2606catomic756|rip\n|c|\u2606MrBest2023|god damn it\n|\n|t:|1701214094\n|switch|p2a: TUB OF LARD|Dondozo, F|100\/100\n|move|p1a: Kommo-o|Clanging Scales|p2a: TUB OF LARD\n|-damage|p2a: TUB OF LARD|50\/100\n|-unboost|p1a: Kommo-o|def|1\n|\n|-heal|p2a: TUB OF LARD|57\/100|[from] item: Leftovers\n|upkeep\n|turn|10\n|\n|t:|1701214109\n|move|p1a: Kommo-o|Clanging Scales|p2a: TUB OF LARD\n|-crit|p2a: TUB OF LARD\n|-damage|p2a: TUB OF LARD|0 fnt\n|faint|p2a: TUB OF LARD\n|-unboost|p1a: Kommo-o|def|1\n|\n|upkeep\n|c|\u2606MrBest2023|aw not the crit\n|c|\u2606catomic756|that crit is crazy\n|inactive|MrBest2023 has 90 seconds left.\n|\n|t:|1701214119\n|switch|p2a: Rainbow|Ho-Oh|100\/100\n|turn|11\n|\n|t:|1701214124\n|move|p1a: Kommo-o|Clanging Scales|p2a: Rainbow\n|-damage|p2a: Rainbow|58\/100\n|-unboost|p1a: Kommo-o|def|1\n|move|p2a: Rainbow|Dual Wingbeat|p1a: Kommo-o\n|-supereffective|p1a: Kommo-o\n|-damage|p1a: Kommo-o|0 fnt\n|faint|p1a: Kommo-o\n|-hitcount|p1: Kommo-o|1\n|\n|upkeep\n|c|\u2606MrBest2023|oh thank god\n|c|\u2606MrBest2023|i tanked\n|\n|t:|1701214138\n|switch|p1a: Peace Keeper|Zygarde, shiny|100\/100\n|turn|12\n|\n|t:|1701214147\n|switch|p2a: Goodra|Goodra-Hisui, F|100\/100\n|move|p1a: Peace Keeper|Thousand Arrows|p2a: Goodra\n|-supereffective|p2a: Goodra\n|-damage|p2a: Goodra|33\/100\n|\n|upkeep\n|turn|13\n|-activate|p2a: Goodra|item: Quick Claw\n|\n|t:|1701214156\n|move|p2a: Goodra|Ice Beam|p1a: Peace Keeper\n|-supereffective|p1a: Peace Keeper\n|-damage|p1a: Peace Keeper|0 fnt\n|faint|p1a: Peace Keeper\n|\n|upkeep\n|c|\u2606MrBest2023|yay\n|c|\u2606catomic756|quick claw goes kinda crazy\n|c|\u2606MrBest2023|indeed\n|c|\u2606MrBest2023|so does a 350 spA\n|\n|t:|1701214182\n|switch|p1a: Doggo|Zacian-Crowned, shiny|100\/100\n|-ability|p1a: Doggo|Intrepid Sword|boost\n|-boost|p1a: Doggo|atk|1\n|turn|14\n|\n|t:|1701214186\n|move|p1a: Doggo|Close Combat|p2a: Goodra\n|-supereffective|p2a: Goodra\n|-crit|p2a: Goodra\n|-damage|p2a: Goodra|0 fnt\n|-unboost|p1a: Doggo|def|1\n|-unboost|p1a: Doggo|spd|1\n|-ability|p2a: Goodra|Gooey\n|-unboost|p1a: Doggo|spe|1\n|faint|p2a: Goodra\n|\n|upkeep\n|c|\u2606catomic756|lol\n|c|\u2606MrBest2023|you fool\n|c|\u2606MrBest2023|youve fallen for my trap card\n|c|\u2606MrBest2023|lol\n|inactive|MrBest2023 has 120 seconds left.\n|\n|t:|1701214202\n|switch|p2a: Rainbow|Ho-Oh|91\/100\n|turn|15\n|inactive|MrBest2023 has 120 seconds left.\n|c|\u2606MrBest2023|i think you still outspeed him\n|\n|t:|1701214216\n|switch|p1a: Eater of Worlds|Groudon-Primal, shiny|100\/100\n|-weather|DesolateLand|[from] ability: Desolate Land|[of] p1a: Eater of Worlds\n|move|p2a: Rainbow|Sacred Fire|p1a: Eater of Worlds\n|-resisted|p1a: Eater of Worlds\n|-damage|p1a: Eater of Worlds|80\/100\n|\n|-weather|DesolateLand|[upkeep]\n|upkeep\n|turn|16\n|inactive|MrBest2023 has 120 seconds left.\n|\n|t:|1701214235\n|switch|p2a: DONDOZO KILLER|Arceus|100\/100\n|move|p1a: Eater of Worlds|Thunder Wave|p2a: DONDOZO KILLER\n|-status|p2a: DONDOZO KILLER|par\n|\n|-weather|DesolateLand|[upkeep]\n|upkeep\n|turn|17\n|c|\u2606catomic756|I actually don't have a rock move\n|inactive|MrBest2023 has 120 seconds left.\n|c|\u2606MrBest2023|oh\n|\n|t:|1701214248\n|move|p1a: Eater of Worlds|Stealth Rock|p2a: DONDOZO KILLER\n|-sidestart|p2: MrBest2023|move: Stealth Rock\n|move|p2a: DONDOZO KILLER|Refresh|p2a: DONDOZO KILLER\n|-curestatus|p2a: DONDOZO KILLER|par|[msg]\n|\n|-weather|DesolateLand|[upkeep]\n|upkeep\n|turn|18\n|c|\u2606MrBest2023|i might have to put him back in then\n|\n|t:|1701214255\n|move|p2a: DONDOZO KILLER|Extreme Speed|p1a: Eater of Worlds\n|-damage|p1a: Eater of Worlds|62\/100\n|move|p1a: Eater of Worlds|Thunder Wave|p2a: DONDOZO KILLER\n|-status|p2a: DONDOZO KILLER|par\n|\n|-weather|DesolateLand|[upkeep]\n|upkeep\n|turn|19\n|inactive|MrBest2023 has 120 seconds left.\n|\n|t:|1701214271\n|move|p2a: DONDOZO KILLER|Extreme Speed|p1a: Eater of Worlds\n|-crit|p1a: Eater of Worlds\n|-damage|p1a: Eater of Worlds|34\/100\n|move|p1a: Eater of Worlds|Earthquake|p2a: DONDOZO KILLER\n|-damage|p2a: DONDOZO KILLER|48\/100 par\n|\n|-weather|DesolateLand|[upkeep]\n|-heal|p2a: DONDOZO KILLER|55\/100 par|[from] item: Leftovers\n|upkeep\n|turn|20\n|inactive|MrBest2023 has 120 seconds left.\n|\n|t:|1701214286\n|move|p2a: DONDOZO KILLER|Extreme Speed|p1a: Eater of Worlds\n|-damage|p1a: Eater of Worlds|15\/100\n|move|p1a: Eater of Worlds|Earthquake|p2a: DONDOZO KILLER\n|-damage|p2a: DONDOZO KILLER|0 fnt\n|faint|p2a: DONDOZO KILLER\n|\n|-weather|DesolateLand|[upkeep]\n|upkeep\n|inactive|MrBest2023 has 120 seconds left.\n|\n|t:|1701214295\n|switch|p2a: Rainbow|Ho-Oh|100\/100\n|turn|21\n|\n|t:|1701214298\n|move|p2a: Rainbow|Defog|p1a: Eater of Worlds\n|-unboost|p1a: Eater of Worlds|evasion|1\n|-sideend|p2: MrBest2023|Stealth Rock|[from] move: Defog|[of] p2a: Rainbow\n|move|p1a: Eater of Worlds|Thunder Wave|p2a: Rainbow\n|-status|p2a: Rainbow|par\n|\n|-weather|DesolateLand|[upkeep]\n|upkeep\n|turn|22\n|c|\u2606MrBest2023|can you like respectully\n|c|\u2606MrBest2023|miss once\n|\n|t:|1701214314\n|move|p1a: Eater of Worlds|Stealth Rock|p2a: Rainbow\n|-sidestart|p2: MrBest2023|move: Stealth Rock\n|move|p2a: Rainbow|Dual Wingbeat|p1a: Eater of Worlds\n|-damage|p1a: Eater of Worlds|4\/100\n|-damage|p1a: Eater of Worlds|0 fnt\n|faint|p1a: Eater of Worlds\n|-weather|none\n|-hitcount|p1: Eater of Worlds|2\n|\n|upkeep\n|c|\u2606catomic756|nuh uh\n|\n|t:|1701214324\n|switch|p1a: Ky-no-gre|Arceus-Water|100\/100\n|turn|23\n|c|\u2606catomic756|I'm going to set up\n|c|\u2606catomic756|more\n|c|\u2606MrBest2023|love the name\n|\n|t:|1701214339\n|move|p1a: Ky-no-gre|Cosmic Power|p1a: Ky-no-gre\n|-boost|p1a: Ky-no-gre|def|1\n|-boost|p1a: Ky-no-gre|spd|1\n|move|p2a: Rainbow|Defog|p1a: Ky-no-gre\n|-unboost|p1a: Ky-no-gre|evasion|1\n|-sideend|p2: MrBest2023|Stealth Rock|[from] move: Defog|[of] p2a: Rainbow\n|\n|upkeep\n|turn|24\n|c|\u2606catomic756|thanks\n|inactive|MrBest2023 has 120 seconds left.\n|\n|t:|1701214357\n|switch|p2a: Snek|Zygarde-Complete, tera:Water|29\/100 slp\n|move|p1a: Ky-no-gre|Cosmic Power|p1a: Ky-no-gre\n|-boost|p1a: Ky-no-gre|def|1\n|-boost|p1a: Ky-no-gre|spd|1\n|\n|-heal|p2a: Snek|36\/100 slp|[from] item: Leftovers\n|upkeep\n|turn|25\n|inactive|MrBest2023 has 120 seconds left.\n|\n|t:|1701214369\n|move|p1a: Ky-no-gre|Cosmic Power|p1a: Ky-no-gre\n|-boost|p1a: Ky-no-gre|def|1\n|-boost|p1a: Ky-no-gre|spd|1\n|-curestatus|p2a: Snek|slp|[msg]\n|move|p2a: Snek|Rest|p2a: Snek\n|-status|p2a: Snek|slp|[from] move: Rest\n|-heal|p2a: Snek|100\/100 slp|[silent]\n|\n|upkeep\n|turn|26\n|c|\u2606MrBest2023|huzzah\n|\n|t:|1701214379\n|move|p1a: Ky-no-gre|Cosmic Power|p1a: Ky-no-gre\n|-boost|p1a: Ky-no-gre|def|1\n|-boost|p1a: Ky-no-gre|spd|1\n|cant|p2a: Snek|slp\n|move|p2a: Snek|Sleep Talk|p2a: Snek\n|move|p2a: Snek|Thousand Arrows|p1a: Ky-no-gre|[from]move: Sleep Talk\n|-damage|p1a: Ky-no-gre|92\/100\n|\n|upkeep\n|turn|27\n|c|\u2606catomic756|big damage\n|inactive|MrBest2023 has 120 seconds left.\n|\n|t:|1701214397\n|move|p1a: Ky-no-gre|Cosmic Power|p1a: Ky-no-gre\n|-boost|p1a: Ky-no-gre|def|1\n|-boost|p1a: Ky-no-gre|spd|1\n|cant|p2a: Snek|slp\n|move|p2a: Snek|Sleep Talk|p2a: Snek\n|move|p2a: Snek|Thousand Arrows|p1a: Ky-no-gre|[from]move: Sleep Talk\n|-damage|p1a: Ky-no-gre|84\/100\n|\n|upkeep\n|turn|28\n|inactive|MrBest2023 has 120 seconds left.\n|c|\u2606MrBest2023|wait is this one of those stored power set ups\n|\n|t:|1701214410\n|move|p1a: Ky-no-gre|Cosmic Power|p1a: Ky-no-gre\n|-boost|p1a: Ky-no-gre|def|1\n|-boost|p1a: Ky-no-gre|spd|1\n|-curestatus|p2a: Snek|slp|[msg]\n|move|p2a: Snek|Coil|p2a: Snek\n|-boost|p2a: Snek|atk|1\n|-boost|p2a: Snek|def|1\n|-boost|p2a: Snek|accuracy|1\n|\n|upkeep\n|turn|29\n|c|\u2606catomic756|maybe\n|inactive|MrBest2023 has 120 seconds left.\n|c|\u2606MrBest2023|aw fuck\n|c|\u2606catomic756|JK I only have this\n|\n|t:|1701214424\n|move|p1a: Ky-no-gre|Stored Power|p2a: Snek\n|-damage|p2a: Snek|62\/100\n|move|p2a: Snek|Coil|p2a: Snek\n|-boost|p2a: Snek|atk|1\n|-boost|p2a: Snek|def|1\n|-boost|p2a: Snek|accuracy|1\n|\n|-heal|p2a: Snek|68\/100|[from] item: Leftovers\n|upkeep\n|turn|30\n|c|\u2606MrBest2023|oh\n|inactive|MrBest2023 has 120 seconds left.\n|c|\u2606MrBest2023|that did less than I thought\n|\n|t:|1701214437\n|move|p1a: Ky-no-gre|Body Press|p2a: Snek\n|-damage|p2a: Snek|44\/100\n|move|p2a: Snek|Coil|p2a: Snek\n|-boost|p2a: Snek|atk|1\n|-boost|p2a: Snek|def|1\n|-boost|p2a: Snek|accuracy|1\n|\n|-heal|p2a: Snek|50\/100|[from] item: Leftovers\n|upkeep\n|turn|31\n|c|\u2606catomic756|I'll show my full set\n|inactive|MrBest2023 has 120 seconds left.\n|c|\u2606catomic756|I also have recover\n|c|\u2606MrBest2023|cool\n|\n|t:|1701214459\n|move|p1a: Ky-no-gre|Stored Power|p2a: Snek\n|-damage|p2a: Snek|11\/100\n|move|p2a: Snek|Rest|p2a: Snek\n|-status|p2a: Snek|slp|[from] move: Rest\n|-heal|p2a: Snek|100\/100 slp|[silent]\n|\n|upkeep\n|turn|32\n|c|\u2606catomic756|please die now\n|c|\u2606MrBest2023|never\n|\n|t:|1701214474\n|move|p1a: Ky-no-gre|Stored Power|p2a: Snek\n|-damage|p2a: Snek|62\/100 slp\n|cant|p2a: Snek|slp\n|move|p2a: Snek|Sleep Talk|p2a: Snek\n|move|p2a: Snek|Thousand Arrows|p1a: Ky-no-gre|[from]move: Sleep Talk\n|-damage|p1a: Ky-no-gre|66\/100\n|\n|-heal|p2a: Snek|69\/100 slp|[from] item: Leftovers\n|upkeep\n|turn|33\n|c|\u2606catomic756|my phone is now also on low battery\n|c|\u2606MrBest2023|my computer has been on low power this whole game\n|\n|t:|1701214494\n|move|p1a: Ky-no-gre|Stored Power|p2a: Snek\n|-damage|p2a: Snek|31\/100 slp\n|cant|p2a: Snek|slp\n|move|p2a: Snek|Sleep Talk|p2a: Snek\n|move|p2a: Snek|Coil|p2a: Snek|[from]move: Sleep Talk\n|-boost|p2a: Snek|atk|1\n|-boost|p2a: Snek|def|1\n|-boost|p2a: Snek|accuracy|1\n|\n|-heal|p2a: Snek|37\/100 slp|[from] item: Leftovers\n|upkeep\n|turn|34\n|c|\u2606catomic756|real\n|inactive|MrBest2023 has 90 seconds left.\n|c|\u2606MrBest2023|hmmmmmm\n|c|\u2606MrBest2023|do i tank another stored power\/\n|c|\u2606MrBest2023|doesn't seem like it\n|\n|t:|1701214537\n|switch|p2a: Rainbow|Ho-Oh|100\/100 par\n|move|p1a: Ky-no-gre|Stored Power|p2a: Rainbow\n|-damage|p2a: Rainbow|59\/100 par\n|\n|upkeep\n|turn|35\n|c|\u2606catomic756|probably not\n|c|\u2606catomic756|you need a low roll\n|\n|t:|1701214550\n|-terastallize|p1a: Ky-no-gre|Psychic\n|move|p1a: Ky-no-gre|Stored Power|p2a: Rainbow\n|-damage|p2a: Rainbow|0 fnt\n|faint|p2a: Rainbow\n|\n|upkeep\n|c|\u2606MrBest2023|damn\n|n|!MrBest2023|mrbest2023\n|c|\u2606catomic756|I don't know why I didn't do that earlier\n|inactive|MrBest2023 has 60 seconds left.\n|inactive|MrBest2023 has 30 seconds left.\n|\n|t:|1701214604\n|switch|p2a: Fat bird|Lugia|100\/100\n|turn|36\n|\n|t:|1701214624\n|move|p1a: Ky-no-gre|Stored Power|p2a: Fat bird\n|-resisted|p2a: Fat bird\n|-damage|p2a: Fat bird|85\/100\n|move|p2a: Fat bird|Calm Mind|p2a: Fat bird\n|-boost|p2a: Fat bird|spa|1\n|-boost|p2a: Fat bird|spd|1\n|\n|-heal|p2a: Fat bird|91\/100|[from] item: Leftovers\n|upkeep\n|turn|37\n|c|\u2606catomic756|hey wait\n|\n|t:|1701214635\n|move|p1a: Ky-no-gre|Stored Power|p2a: Fat bird\n|-resisted|p2a: Fat bird\n|-damage|p2a: Fat bird|73\/100\n|move|p2a: Fat bird|Calm Mind|p2a: Fat bird\n|-boost|p2a: Fat bird|spa|1\n|-boost|p2a: Fat bird|spd|1\n|\n|-heal|p2a: Fat bird|79\/100|[from] item: Leftovers\n|upkeep\n|turn|38\n|c|\u2606catomic756|this beats me\n|\n|t:|1701214647\n|move|p1a: Ky-no-gre|Body Press|p2a: Fat bird\n|-resisted|p2a: Fat bird\n|-damage|p2a: Fat bird|67\/100\n|move|p2a: Fat bird|Calm Mind|p2a: Fat bird\n|-boost|p2a: Fat bird|spa|1\n|-boost|p2a: Fat bird|spd|1\n|\n|-heal|p2a: Fat bird|74\/100|[from] item: Leftovers\n|upkeep\n|turn|39\n|inactive|MrBest2023 has 30 seconds left.\n|\n|t:|1701214668\n|move|p1a: Ky-no-gre|Stored Power|p2a: Fat bird\n|-resisted|p2a: Fat bird\n|-damage|p2a: Fat bird|61\/100\n|move|p2a: Fat bird|Calm Mind|p2a: Fat bird\n|-boost|p2a: Fat bird|spa|1\n|-boost|p2a: Fat bird|spd|1\n|\n|-heal|p2a: Fat bird|68\/100|[from] item: Leftovers\n|upkeep\n|turn|40\n|inactive|MrBest2023 has 30 seconds left.\n|inactive|MrBest2023 has 20 seconds left.\n|\n|t:|1701214685\n|move|p1a: Ky-no-gre|Stored Power|p2a: Fat bird\n|-resisted|p2a: Fat bird\n|-damage|p2a: Fat bird|58\/100\n|move|p2a: Fat bird|Roost|p2a: Fat bird\n|-heal|p2a: Fat bird|100\/100\n|-singleturn|p2a: Fat bird|move: Roost\n|\n|upkeep\n|turn|41\n|inactive|MrBest2023 has 30 seconds left this turn.\n|\n|t:|1701214695\n|move|p1a: Ky-no-gre|Stored Power|p2a: Fat bird\n|-resisted|p2a: Fat bird\n|-damage|p2a: Fat bird|95\/100\n|move|p2a: Fat bird|Calm Mind|p2a: Fat bird\n|-boost|p2a: Fat bird|spa|1\n|-boost|p2a: Fat bird|spd|1\n|\n|-heal|p2a: Fat bird|100\/100|[from] item: Leftovers\n|upkeep\n|turn|42\n|inactive|MrBest2023 has 30 seconds left.\n|\n|t:|1701214705\n|move|p1a: Ky-no-gre|Stored Power|p2a: Fat bird\n|-resisted|p2a: Fat bird\n|-damage|p2a: Fat bird|96\/100\n|move|p2a: Fat bird|Calm Mind|p2a: Fat bird\n|-boost|p2a: Fat bird|spa|1\n|-boost|p2a: Fat bird|spd|1\n|\n|-heal|p2a: Fat bird|100\/100|[from] item: Leftovers\n|upkeep\n|turn|43\n|inactive|MrBest2023 has 30 seconds left.\n|\n|t:|1701214718\n|move|p1a: Ky-no-gre|Stored Power|p2a: Fat bird\n|-resisted|p2a: Fat bird\n|-damage|p2a: Fat bird|97\/100\n|move|p2a: Fat bird|Aeroblast|p1a: Ky-no-gre\n|-damage|p1a: Ky-no-gre|47\/100\n|\n|-heal|p2a: Fat bird|100\/100|[from] item: Leftovers\n|upkeep\n|turn|44\n|inactive|MrBest2023 has 30 seconds left.\n|\n|t:|1701214731\n|move|p1a: Ky-no-gre|Recover|p1a: Ky-no-gre\n|-heal|p1a: Ky-no-gre|97\/100\n|move|p2a: Fat bird|Aeroblast|p1a: Ky-no-gre\n|-damage|p1a: Ky-no-gre|79\/100\n|\n|upkeep\n|turn|45\n|inactive|MrBest2023 has 30 seconds left.\n|\n|t:|1701214737\n|move|p1a: Ky-no-gre|Body Press|p2a: Fat bird\n|-resisted|p2a: Fat bird\n|-damage|p2a: Fat bird|94\/100\n|move|p2a: Fat bird|Aeroblast|p1a: Ky-no-gre\n|-damage|p1a: Ky-no-gre|63\/100\n|\n|-heal|p2a: Fat bird|99\/100|[from] item: Leftovers\n|upkeep\n|turn|46\n|inactive|MrBest2023 has 30 seconds left.\n|inactive|MrBest2023 has 20 seconds left.\n|\n|t:|1701214762\n|move|p1a: Ky-no-gre|Body Press|p2a: Fat bird\n|-resisted|p2a: Fat bird\n|-damage|p2a: Fat bird|88\/100\n|move|p2a: Fat bird|Aeroblast|p1a: Ky-no-gre\n|-damage|p1a: Ky-no-gre|45\/100\n|\n|-heal|p2a: Fat bird|94\/100|[from] item: Leftovers\n|upkeep\n|turn|47\n|inactive|MrBest2023 has 30 seconds left this turn.\n|inactive|MrBest2023 has 20 seconds left.\n|\n|t:|1701214773\n|move|p1a: Ky-no-gre|Recover|p1a: Ky-no-gre\n|-heal|p1a: Ky-no-gre|95\/100\n|move|p2a: Fat bird|Aeroblast|p1a: Ky-no-gre\n|-damage|p1a: Ky-no-gre|77\/100\n|\n|-heal|p2a: Fat bird|99\/100|[from] item: Leftovers\n|upkeep\n|turn|48\n|inactive|MrBest2023 has 30 seconds left this turn.\n|\n|t:|1701214783\n|move|p1a: Ky-no-gre|Stored Power|p2a: Fat bird\n|-resisted|p2a: Fat bird\n|-damage|p2a: Fat bird|93\/100\n|move|p2a: Fat bird|Psyshock|p1a: Ky-no-gre\n|-resisted|p1a: Ky-no-gre\n|-damage|p1a: Ky-no-gre|69\/100\n|\n|-heal|p2a: Fat bird|99\/100|[from] item: Leftovers\n|upkeep\n|turn|49\n|inactive|MrBest2023 has 30 seconds left.\n|\n|t:|1701214796\n|move|p1a: Ky-no-gre|Body Press|p2a: Fat bird\n|-resisted|p2a: Fat bird\n|-damage|p2a: Fat bird|86\/100\n|move|p2a: Fat bird|Psyshock|p1a: Ky-no-gre\n|-resisted|p1a: Ky-no-gre\n|-damage|p1a: Ky-no-gre|60\/100\n|\n|-heal|p2a: Fat bird|92\/100|[from] item: Leftovers\n|upkeep\n|turn|50\n|inactive|MrBest2023 has 30 seconds left.\n|inactive|MrBest2023 has 20 seconds left.\n|\n|t:|1701214811\n|move|p1a: Ky-no-gre|Body Press|p2a: Fat bird\n|-resisted|p2a: Fat bird\n|-damage|p2a: Fat bird|80\/100\n|move|p2a: Fat bird|Psyshock|p1a: Ky-no-gre\n|-resisted|p1a: Ky-no-gre\n|-damage|p1a: Ky-no-gre|53\/100\n|\n|-heal|p2a: Fat bird|86\/100|[from] item: Leftovers\n|upkeep\n|turn|51\n|inactive|MrBest2023 has 30 seconds left this turn.\n|inactive|MrBest2023 has 20 seconds left.\n|inactive|catomic756 has 120 seconds left.\n|\n|t:|1701214846\n|move|p1a: Ky-no-gre|Stored Power|p2a: Fat bird\n|-resisted|p2a: Fat bird\n|-damage|p2a: Fat bird|78\/100\n|move|p2a: Fat bird|Psyshock|p1a: Ky-no-gre\n|-resisted|p1a: Ky-no-gre\n|-damage|p1a: Ky-no-gre|45\/100\n|\n|-heal|p2a: Fat bird|84\/100|[from] item: Leftovers\n|upkeep\n|turn|52\n|inactive|MrBest2023 has 30 seconds left this turn.\n|inactive|catomic756 has 120 seconds left.\n|inactive|MrBest2023 has 20 seconds left.\n|inactive|MrBest2023 has 15 seconds left.\n|inactive|MrBest2023 has 10 seconds left.\n|\n|t:|1701214868\n|move|p1a: Ky-no-gre|Body Press|p2a: Fat bird\n|-resisted|p2a: Fat bird\n|-damage|p2a: Fat bird|71\/100\n|move|p2a: Fat bird|Aeroblast|p1a: Ky-no-gre\n|-damage|p1a: Ky-no-gre|27\/100\n|\n|-heal|p2a: Fat bird|77\/100|[from] item: Leftovers\n|upkeep\n|turn|53\n|inactive|MrBest2023 has 20 seconds left this turn.\n|inactive|MrBest2023 has 15 seconds left.\n|inactive|MrBest2023 has 10 seconds left.\n|\n|t:|1701214879\n|move|p1a: Ky-no-gre|Recover|p1a: Ky-no-gre\n|-heal|p1a: Ky-no-gre|77\/100\n|move|p2a: Fat bird|Aeroblast|p1a: Ky-no-gre\n|-damage|p1a: Ky-no-gre|60\/100\n|\n|-heal|p2a: Fat bird|84\/100|[from] item: Leftovers\n|upkeep\n|turn|54\n|inactive|MrBest2023 has 20 seconds left this turn.\n|inactive|MrBest2023 has 15 seconds left.\n|inactive|MrBest2023 has 10 seconds left.\n|inactive|MrBest2023 has 5 seconds left.\n|-message|MrBest2023 lost due to inactivity.\n|\n|win|catomic756\n|raw|catomic756's rating: 1396 &rarr; <strong>1413<\/strong><br \/>(+17 for winning)\n|raw|MrBest2023's rating: 1350 &rarr; <strong>1333<\/strong><br \/>(-17 for losing)\n","uploadtime":1701214562,"views":0,"p1id":"catomic756","p2id":"mrbest2023","formatid":"gen9nationaldexubers","rating":1333,"private":0,"password":""}