{"id":"gen9nationaldexubers-1988380610","p1":"Foopus Muhammad","p2":"ElevatedGodlyness","format":"[Gen 9] National Dex Ubers","log":"|j|\u2606Foopus Muhammad\n|j|\u2606ElevatedGodlyness\n|t:|1699716392\n|gametype|singles\n|player|p1|Foopus Muhammad|worker-gen4|\n|player|p2|ElevatedGodlyness|lance|\n|teamsize|p1|6\n|teamsize|p2|6\n|gen|9\n|tier|[Gen 9] National Dex Ubers\n|rule|HP Percentage Mod: HP is shown in percentages\n|rule|Endless Battle Clause: Forcing endless battles is banned\n|rule|OHKO Clause: OHKO moves are banned\n|rule|Evasion Moves Clause: Evasion moves are banned\n|rule|Evasion Items Clause: Evasion items are banned\n|rule|Species Clause: Limit one of each Pok\u00e9mon\n|rule|Sleep Clause Mod: Limit one foe put to sleep\n|rule|Mega Rayquaza Clause: You cannot mega evolve Rayquaza\n|clearpoke\n|poke|p1|Tapu Koko|\n|poke|p1|Tangrowth, M|\n|poke|p1|Fletchinder, M|\n|poke|p1|Palkia|\n|poke|p1|Necrozma-Dawn-Wings|\n|poke|p1|Trapinch, F|\n|poke|p2|Yveltal|\n|poke|p2|Deoxys-Attack|\n|poke|p2|Landorus-Therian, M|\n|poke|p2|Palafin, M|\n|poke|p2|Slowking-Galar, M|\n|poke|p2|Scizor, M|\n|teampreview\n|c|\u2606ElevatedGodlyness|hf\n|\n|t:|1699716421\n|start\n|switch|p1a: Necrozma|Necrozma-Dawn-Wings|100\/100\n|switch|p2a: Palafin|Palafin, M|100\/100\n|turn|1\n|\n|t:|1699716429\n|detailschange|p2a: Palafin|Palafin-Hero, M\n|switch|p2a: Yveltal|Yveltal|100\/100\n|-ability|p2a: Yveltal|Dark Aura\n|move|p1a: Necrozma|Autotomize|p1a: Necrozma\n|-boost|p1a: Necrozma|spe|2\n|-start|p1a: Necrozma|Autotomize\n|\n|upkeep\n|turn|2\n|\n|t:|1699716449\n|move|p1a: Necrozma|Substitute|p1a: Necrozma\n|-start|p1a: Necrozma|Substitute\n|-damage|p1a: Necrozma|76\/100\n|move|p2a: Yveltal|Dark Pulse|p1a: Necrozma\n|-supereffective|p1a: Necrozma\n|-end|p1a: Necrozma|Substitute\n|\n|upkeep\n|turn|3\n|\n|t:|1699716457\n|move|p1a: Necrozma|Meteor Beam||[still]\n|-prepare|p1a: Necrozma|Meteor Beam\n|-boost|p1a: Necrozma|spa|1\n|-enditem|p1a: Necrozma|Power Herb\n|-anim|p1a: Necrozma|Meteor Beam|p2a: Yveltal\n|-supereffective|p2a: Yveltal\n|-damage|p2a: Yveltal|0 fnt\n|faint|p2a: Yveltal\n|\n|upkeep\n|\n|t:|1699716482\n|switch|p2a: Scizor|Scizor, M|100\/100\n|turn|4\n|\n|t:|1699716486\n|detailschange|p2a: Scizor|Scizor-Mega, M\n|-mega|p2a: Scizor|Scizor|Scizorite\n|move|p2a: Scizor|Bullet Punch|p1a: Necrozma\n|-damage|p1a: Necrozma|50\/100\n|move|p1a: Necrozma|Moongeist Beam|p2a: Scizor\n|-damage|p2a: Scizor|10\/100\n|\n|upkeep\n|turn|5\n|\n|t:|1699716495\n|move|p2a: Scizor|Bullet Punch|p1a: Necrozma\n|-damage|p1a: Necrozma|23\/100\n|move|p1a: Necrozma|Moongeist Beam|p2a: Scizor\n|-damage|p2a: Scizor|0 fnt\n|faint|p2a: Scizor\n|\n|upkeep\n|\n|t:|1699716500\n|switch|p2a: Palafin|Palafin-Hero, M|100\/100\n|-activate|p2a: Palafin|ability: Zero to Hero\n|turn|6\n|\n|t:|1699716503\n|switch|p1a: Tangrowth|Tangrowth, M|100\/100\n|move|p2a: Palafin|Jet Punch|p1a: Tangrowth\n|-resisted|p1a: Tangrowth\n|-damage|p1a: Tangrowth|87\/100\n|-damage|p2a: Palafin|91\/100|[from] item: Life Orb\n|\n|upkeep\n|turn|7\n|\n|t:|1699716512\n|switch|p2a: Slowking|Slowking-Galar, M|100\/100\n|move|p1a: Tangrowth|Sleep Powder|p2a: Slowking|[miss]\n|-miss|p1a: Tangrowth|p2a: Slowking\n|\n|upkeep\n|turn|8\n|\n|t:|1699716527\n|switch|p1a: Necrozma|Necrozma-Dawn-Wings|23\/100\n|move|p2a: Slowking|Chilly Reception|p2a: Slowking\n|-weather|Snow\n|\n|t:|1699716535\n|switch|p2a: Deoxys|Deoxys-Attack|100\/100|[from] Chilly Reception\n|-ability|p2a: Deoxys|Pressure\n|\n|-weather|Snow|[upkeep]\n|upkeep\n|turn|9\n|\n|t:|1699716540\n|move|p2a: Deoxys|Ice Beam|p1a: Necrozma\n|-damage|p1a: Necrozma|0 fnt\n|faint|p1a: Necrozma\n|-damage|p2a: Deoxys|91\/100|[from] item: Life Orb\n|\n|-weather|Snow|[upkeep]\n|upkeep\n|\n|t:|1699716545\n|switch|p1a: Trapinch|Trapinch, F|100\/100\n|turn|10\n|j| The Generates\n|\n|t:|1699716554\n|move|p2a: Deoxys|Protect|p2a: Deoxys\n|-singleturn|p2a: Deoxys|Protect\n|move|p1a: Trapinch|First Impression|p2a: Deoxys\n|-activate|p2a: Deoxys|move: Protect\n|\n|-weather|Snow|[upkeep]\n|upkeep\n|turn|11\n|\n|t:|1699716563\n|-terastallize|p1a: Trapinch|Normal\n|move|p2a: Deoxys|Psycho Boost|p1a: Trapinch\n|-enditem|p1a: Trapinch|Focus Sash\n|-damage|p1a: Trapinch|1\/100\n|-unboost|p2a: Deoxys|spa|2\n|-damage|p2a: Deoxys|81\/100|[from] item: Life Orb\n|move|p1a: Trapinch|Flail|p2a: Deoxys\n|-damage|p2a: Deoxys|0 fnt\n|faint|p2a: Deoxys\n|\n|-weather|Snow|[upkeep]\n|upkeep\n|\n|t:|1699716569\n|switch|p2a: Landorus|Landorus-Therian, M|100\/100\n|-ability|p2a: Landorus|Intimidate|boost\n|-unboost|p1a: Trapinch|atk|1\n|turn|12\n|\n|t:|1699716579\n|switch|p1a: Fletchinder|Fletchinder, M|100\/100\n|move|p2a: Landorus|U-turn|p1a: Fletchinder\n|-resisted|p1a: Fletchinder\n|-damage|p1a: Fletchinder|89\/100\n|\n|t:|1699716582\n|switch|p2a: Palafin|Palafin-Hero, M|91\/100|[from] U-turn\n|\n|-weather|none\n|upkeep\n|turn|13\n|\n|t:|1699716589\n|switch|p1a: Tangrowth|Tangrowth, M|100\/100\n|move|p2a: Palafin|Ice Beam|p1a: Tangrowth\n|-supereffective|p1a: Tangrowth\n|-damage|p1a: Tangrowth|19\/100\n|-status|p1a: Tangrowth|frz\n|-damage|p2a: Palafin|81\/100|[from] item: Life Orb\n|\n|upkeep\n|turn|14\n|\n|t:|1699716599\n|move|p2a: Palafin|Drain Punch|p1a: Tangrowth\n|-damage|p1a: Tangrowth|0 fnt\n|-heal|p2a: Palafin|92\/100|[from] drain|[of] p1a: Tangrowth\n|faint|p1a: Tangrowth\n|-damage|p2a: Palafin|82\/100|[from] item: Life Orb\n|\n|upkeep\n|\n|t:|1699716604\n|switch|p1a: Palkia|Palkia|100\/100\n|-ability|p1a: Palkia|Pressure\n|turn|15\n|\n|t:|1699716609\n|switch|p2a: Slowking|Slowking-Galar, M|100\/100\n|move|p1a: Palkia|Bulk Up|p1a: Palkia\n|-boost|p1a: Palkia|atk|1\n|-boost|p1a: Palkia|def|1\n|\n|upkeep\n|turn|16\n|c| The Generates|what just happened\n|\n|t:|1699716613\n|move|p1a: Palkia|Substitute|p1a: Palkia\n|-start|p1a: Palkia|Substitute\n|-damage|p1a: Palkia|76\/100\n|move|p2a: Slowking|Sludge Bomb|p1a: Palkia\n|-activate|p1a: Palkia|move: Substitute|[damage]\n|\n|-heal|p1a: Palkia|82\/100|[from] item: Leftovers\n|upkeep\n|turn|17\n|\n|t:|1699716618\n|move|p1a: Palkia|Bulk Up|p1a: Palkia\n|-boost|p1a: Palkia|atk|1\n|-boost|p1a: Palkia|def|1\n|move|p2a: Slowking|Sludge Bomb|p1a: Palkia\n|-end|p1a: Palkia|Substitute\n|\n|-heal|p1a: Palkia|88\/100|[from] item: Leftovers\n|upkeep\n|turn|18\n|c|\u2606ElevatedGodlyness|i got cooked\n|c|\u2606ElevatedGodlyness|welp\n|c|\u2606ElevatedGodlyness|didnt expect sash\n|c|\u2606Foopus Muhammad|thank grod no rocks\n|\n|t:|1699716658\n|move|p1a: Palkia|Substitute|p1a: Palkia\n|-start|p1a: Palkia|Substitute\n|-damage|p1a: Palkia|63\/100\n|move|p2a: Slowking|Chilly Reception|p2a: Slowking\n|-weather|Snow\n|\n|t:|1699716661\n|switch|p2a: Landorus|Landorus-Therian, M|100\/100|[from] Chilly Reception\n|-ability|p2a: Landorus|Intimidate|boost\n|-immune|p1a: Palkia\n|\n|-weather|Snow|[upkeep]\n|-heal|p1a: Palkia|69\/100|[from] item: Leftovers\n|upkeep\n|turn|19\n|\n|t:|1699716669\n|move|p1a: Palkia|Liquidation|p2a: Landorus\n|-supereffective|p2a: Landorus\n|-damage|p2a: Landorus|0 fnt\n|faint|p2a: Landorus\n|\n|-weather|Snow|[upkeep]\n|-heal|p1a: Palkia|75\/100|[from] item: Leftovers\n|upkeep\n|\n|t:|1699716673\n|switch|p2a: Palafin|Palafin-Hero, M|82\/100\n|turn|20\n|\n|t:|1699716676\n|move|p2a: Palafin|Bulk Up|p2a: Palafin\n|-boost|p2a: Palafin|atk|1\n|-boost|p2a: Palafin|def|1\n|move|p1a: Palkia|Earthquake|p2a: Palafin\n|-damage|p2a: Palafin|38\/100\n|\n|-weather|Snow|[upkeep]\n|-heal|p1a: Palkia|81\/100|[from] item: Leftovers\n|upkeep\n|turn|21\n|\n|t:|1699716682\n|move|p2a: Palafin|Drain Punch|p1a: Palkia\n|-end|p1a: Palkia|Substitute\n|-heal|p2a: Palafin|52\/100|[from] drain|[of] p1a: Palkia\n|-damage|p2a: Palafin|42\/100|[from] item: Life Orb\n|move|p1a: Palkia|Bulk Up|p1a: Palkia\n|-boost|p1a: Palkia|atk|1\n|-boost|p1a: Palkia|def|1\n|\n|-weather|Snow|[upkeep]\n|-heal|p1a: Palkia|87\/100|[from] item: Leftovers\n|upkeep\n|turn|22\n|\n|t:|1699716687\n|move|p2a: Palafin|Bulk Up|p2a: Palafin\n|-boost|p2a: Palafin|atk|1\n|-boost|p2a: Palafin|def|1\n|move|p1a: Palkia|Earthquake|p2a: Palafin\n|-damage|p2a: Palafin|3\/100\n|\n|-weather|none\n|-heal|p1a: Palkia|93\/100|[from] item: Leftovers\n|upkeep\n|turn|23\n|\n|t:|1699716692\n|move|p2a: Palafin|Drain Punch|p1a: Palkia\n|-damage|p1a: Palkia|63\/100\n|-heal|p2a: Palafin|20\/100|[from] drain|[of] p1a: Palkia\n|-damage|p2a: Palafin|10\/100|[from] item: Life Orb\n|move|p1a: Palkia|Earthquake|p2a: Palafin\n|-damage|p2a: Palafin|0 fnt\n|faint|p2a: Palafin\n|\n|-heal|p1a: Palkia|69\/100|[from] item: Leftovers\n|upkeep\n|\n|t:|1699716696\n|switch|p2a: Slowking|Slowking-Galar, M|100\/100\n|turn|24\n|\n|t:|1699716700\n|move|p1a: Palkia|Earthquake|p2a: Slowking\n|-supereffective|p2a: Slowking\n|-damage|p2a: Slowking|0 fnt\n|faint|p2a: Slowking\n|\n|win|Foopus Muhammad\n|c|\u2606Foopus Muhammad|gg\n|c|\u2606ElevatedGodlyness|gg\n","uploadtime":1699716706,"views":62,"p1id":"foopusmuhammad","p2id":"elevatedgodlyness","formatid":"gen9nationaldexubers","rating":0,"private":0,"password":""}