{"id":"gen9nationaldexubers-1995923388","p1":"Abhinav1038","p2":"Therealplayerred","format":"[Gen 9] National Dex Ubers","log":"|j|\u2606Abhinav1038\n|j|\u2606Therealplayerred\n|t:|1700617876\n|gametype|singles\n|player|p1|Abhinav1038|265|1093\n|player|p2|Therealplayerred|red|1103\n|teamsize|p1|6\n|teamsize|p2|6\n|gen|9\n|tier|[Gen 9] National Dex Ubers\n|rated|\n|rule|HP Percentage Mod: HP is shown in percentages\n|rule|Endless Battle Clause: Forcing endless battles is banned\n|rule|OHKO Clause: OHKO moves are banned\n|rule|Evasion Moves Clause: Evasion moves are banned\n|rule|Evasion Items Clause: Evasion items are banned\n|rule|Species Clause: Limit one of each Pok\u00e9mon\n|rule|Sleep Clause Mod: Limit one foe put to sleep\n|rule|Mega Rayquaza Clause: You cannot mega evolve Rayquaza\n|clearpoke\n|poke|p1|Necrozma-Dusk-Mane|\n|poke|p1|Xerneas-*|\n|poke|p1|Arceus-Ground|\n|poke|p1|Marshadow|\n|poke|p1|Grimmsnarl, M|\n|poke|p1|Toxapex, F|\n|poke|p2|Amoonguss, M|\n|poke|p2|Greninja-*, M|\n|poke|p2|Kingambit, M|\n|poke|p2|Iron Valiant|\n|poke|p2|Baxcalibur, M|\n|poke|p2|Scizor, M|\n|teampreview\n|\n|t:|1700617884\n|start\n|switch|p1a: Toxapex|Toxapex, F|100\/100\n|switch|p2a: Sailor Jupitor|Iron Valiant, shiny|100\/100\n|-enditem|p2a: Sailor Jupitor|Booster Energy\n|-activate|p2a: Sailor Jupitor|ability: Quark Drive|[fromitem]\n|-start|p2a: Sailor Jupitor|quarkdrivespe\n|turn|1\n|\n|t:|1700617892\n|move|p2a: Sailor Jupitor|Thunderbolt|p1a: Toxapex\n|-supereffective|p1a: Toxapex\n|-damage|p1a: Toxapex|50\/100\n|move|p1a: Toxapex|Toxic Spikes|p2a: Sailor Jupitor\n|-sidestart|p2: Therealplayerred|move: Toxic Spikes\n|\n|-heal|p1a: Toxapex|56\/100|[from] item: Leftovers\n|upkeep\n|turn|2\n|\n|t:|1700617903\n|move|p1a: Toxapex|Baneful Bunker|p1a: Toxapex\n|-singleturn|p1a: Toxapex|move: Protect\n|move|p2a: Sailor Jupitor|Encore|p1a: Toxapex\n|-activate|p1a: Toxapex|move: Protect\n|\n|-heal|p1a: Toxapex|62\/100|[from] item: Leftovers\n|upkeep\n|turn|3\n|\n|t:|1700617912\n|move|p2a: Sailor Jupitor|Thunderbolt|p1a: Toxapex\n|-supereffective|p1a: Toxapex\n|-damage|p1a: Toxapex|11\/100\n|move|p1a: Toxapex|Toxic Spikes|p2a: Sailor Jupitor\n|-sidestart|p2: Therealplayerred|move: Toxic Spikes\n|\n|-heal|p1a: Toxapex|17\/100|[from] item: Leftovers\n|upkeep\n|turn|4\n|\n|t:|1700617923\n|switch|p1a: Grimmsnarl|Grimmsnarl, M, shiny|100\/100\n|move|p2a: Sailor Jupitor|Thunderbolt|p1a: Grimmsnarl\n|-damage|p1a: Grimmsnarl|68\/100\n|\n|upkeep\n|turn|5\n|\n|t:|1700617929\n|move|p1a: Grimmsnarl|Light Screen|p1a: Grimmsnarl\n|-sidestart|p1: Abhinav1038|move: Light Screen\n|move|p2a: Sailor Jupitor|Moonblast|p1a: Grimmsnarl\n|-supereffective|p1a: Grimmsnarl\n|-damage|p1a: Grimmsnarl|12\/100\n|-unboost|p1a: Grimmsnarl|spa|1\n|\n|upkeep\n|turn|6\n|\n|t:|1700617947\n|move|p1a: Grimmsnarl|Parting Shot|p2a: Sailor Jupitor\n|-unboost|p2a: Sailor Jupitor|atk|1\n|-unboost|p2a: Sailor Jupitor|spa|1\n|\n|t:|1700617952\n|switch|p1a: Marshadow|Marshadow|100\/100|[from] Parting Shot\n|move|p2a: Sailor Jupitor|Encore||[still]\n|-fail|p2a: Sailor Jupitor\n|\n|upkeep\n|turn|7\n|\n|t:|1700617966\n|move|p2a: Sailor Jupitor|Moonblast|p1a: Marshadow\n|-supereffective|p1a: Marshadow\n|-damage|p1a: Marshadow|61\/100\n|-unboost|p1a: Marshadow|spa|1\n|move|p1a: Marshadow|Swagger|p2a: Sailor Jupitor\n|-boost|p2a: Sailor Jupitor|atk|2\n|-enditem|p1a: Marshadow|Mirror Herb\n|-boost|p1a: Marshadow|atk|2|[from] item: Mirror Herb\n|-start|p2a: Sailor Jupitor|confusion\n|\n|upkeep\n|turn|8\n|\n|t:|1700617981\n|-activate|p2a: Sailor Jupitor|confusion\n|move|p2a: Sailor Jupitor|Encore|p1a: Marshadow\n|-start|p1a: Marshadow|Encore\n|move|p1a: Marshadow|Swagger|p2a: Sailor Jupitor\n|-boost|p2a: Sailor Jupitor|atk|2\n|\n|upkeep\n|turn|9\n|\n|t:|1700617996\n|-end|p2a: Sailor Jupitor|Quark Drive|[silent]\n|switch|p2a: Kingpin|Kingambit, M, shiny|100\/100\n|switch|p1a: Necrozma|Necrozma-Dusk-Mane, shiny|100\/100\n|\n|upkeep\n|turn|10\n|\n|t:|1700618025\n|move|p2a: Kingpin|Sucker Punch|p1a: Necrozma\n|-supereffective|p1a: Necrozma\n|-damage|p1a: Necrozma|52\/100\n|-enditem|p1a: Necrozma|Weakness Policy\n|-boost|p1a: Necrozma|atk|2|[from] item: Weakness Policy\n|-boost|p1a: Necrozma|spa|2|[from] item: Weakness Policy\n|move|p1a: Necrozma|Earthquake|p2a: Kingpin\n|-supereffective|p2a: Kingpin\n|-damage|p2a: Kingpin|0 fnt\n|faint|p2a: Kingpin\n|-end|p2a: Kingpin|fallenundefined|[silent]\n|\n|upkeep\n|inactive|Battle timer is ON: inactive players will automatically lose when time's up. (requested by Abhinav1038)\n|\n|t:|1700618071\n|switch|p2a: Smoke|Greninja, M, shiny|100\/100\n|-status|p2a: Smoke|tox\n|turn|11\n|n|\u2606Abhinav1038|abhinav1038\n|inactive|Abhinav1038 has 120 seconds left.\n|\n|t:|1700618104\n|move|p2a: Smoke|Dark Pulse|p1a: Necrozma\n|-start|p2a: Smoke|typechange|Dark|[from] ability: Protean\n|-supereffective|p1a: Necrozma\n|-damage|p1a: Necrozma|22\/100\n|-damage|p2a: Smoke|91\/100 tox|[from] item: Life Orb\n|move|p1a: Necrozma|Sunsteel Strike|p2a: Smoke\n|-damage|p2a: Smoke|0 fnt\n|faint|p2a: Smoke\n|\n|upkeep\n|\n|t:|1700618117\n|switch|p2a: Wock|Amoonguss, M, shiny|100\/100\n|-sideend|p2: Therealplayerred|move: Toxic Spikes|[of] p2a: Wock\n|turn|12\n|\n|t:|1700618125\n|move|p1a: Necrozma|Photon Geyser|p2a: Wock\n|-supereffective|p2a: Wock\n|-damage|p2a: Wock|0 fnt\n|faint|p2a: Wock\n|\n|-sideend|p1: Abhinav1038|move: Light Screen\n|upkeep\n|\n|t:|1700618135\n|switch|p2a: Icey|Baxcalibur, M, shiny|100\/100\n|turn|13\n|\n|t:|1700618141\n|move|p2a: Icey|Ice Shard|p1a: Necrozma\n|-resisted|p1a: Necrozma\n|-damage|p1a: Necrozma|9\/100\n|-damage|p2a: Icey|91\/100|[from] item: Life Orb\n|move|p1a: Necrozma|Earthquake|p2a: Icey\n|-damage|p2a: Icey|15\/100\n|\n|upkeep\n|turn|14\n|\n|t:|1700618152\n|move|p2a: Icey|Ice Shard|p1a: Necrozma\n|-resisted|p1a: Necrozma\n|-crit|p1a: Necrozma\n|-damage|p1a: Necrozma|0 fnt\n|faint|p1a: Necrozma\n|-damage|p2a: Icey|5\/100|[from] item: Life Orb\n|\n|upkeep\n|\n|t:|1700618163\n|switch|p1a: Xerneas|Xerneas, shiny|100\/100\n|-ability|p1a: Xerneas|Fairy Aura\n|turn|15\n|l|\u2606Abhinav1038\n|inactive|Abhinav1038 disconnected and has a minute to reconnect!\n|player|p1|\n|\n|t:|1700618177\n|move|p2a: Icey|Iron Head|p1a: Xerneas\n|-supereffective|p1a: Xerneas\n|-damage|p1a: Xerneas|43\/100\n|-damage|p2a: Icey|0 fnt|[from] item: Life Orb\n|faint|p2a: Icey\n|cant|p1a: Xerneas|flinch\n|\n|upkeep\n|\n|t:|1700618184\n|switch|p2a: Glock45|Scizor, M, shiny|100\/100\n|turn|16\n|j|\u2606Abhinav1038\n|inactive|Abhinav1038 reconnected and has 145 seconds left.\n|player|p1|Abhinav1038|265\n|\n|t:|1700618200\n|detailschange|p2a: Glock45|Scizor-Mega, M, shiny\n|-mega|p2a: Glock45|Scizor|Scizorite\n|move|p2a: Glock45|Bullet Punch|p1a: Xerneas\n|-supereffective|p1a: Xerneas\n|-damage|p1a: Xerneas|0 fnt\n|faint|p1a: Xerneas\n|\n|upkeep\n|\n|t:|1700618210\n|switch|p1a: Marshadow|Marshadow|61\/100\n|turn|17\n|\n|t:|1700618218\n|move|p1a: Marshadow|Swagger|p2a: Glock45\n|-boost|p2a: Glock45|atk|2\n|-start|p2a: Glock45|confusion\n|-activate|p2a: Glock45|confusion\n|-damage|p2a: Glock45|73\/100|[from] confusion\n|\n|upkeep\n|turn|18\n|\n|t:|1700618226\n|move|p1a: Marshadow|Spectral Thief||[still]\n|-clearpositiveboost|p2a: Glock45|p1a: Marshadow|move: Spectral Thief\n|-boost|p1a: Marshadow|atk|2\n|-anim|p1a: Marshadow|Spectral Thief|p2a: Glock45\n|-damage|p2a: Glock45|10\/100\n|-activate|p2a: Glock45|confusion\n|move|p2a: Glock45|Dual Wingbeat|p1a: Marshadow\n|-supereffective|p1a: Marshadow\n|-damage|p1a: Marshadow|0 fnt\n|faint|p1a: Marshadow\n|-hitcount|p1: Marshadow|1\n|\n|upkeep\n|\n|t:|1700618240\n|switch|p1a: Arceus|Arceus-Ground, shiny|100\/100\n|turn|19\n|\n|t:|1700618246\n|-end|p2a: Glock45|confusion\n|move|p2a: Glock45|Bullet Punch|p1a: Arceus\n|-damage|p1a: Arceus|73\/100\n|move|p1a: Arceus|Judgment|p2a: Glock45\n|-damage|p2a: Glock45|0 fnt\n|faint|p2a: Glock45\n|\n|upkeep\n|\n|t:|1700618254\n|switch|p2a: Sailor Jupitor|Iron Valiant, shiny|100\/100\n|turn|20\n|inactive|Therealplayerred has 120 seconds left.\n|\n|t:|1700618285\n|move|p2a: Sailor Jupitor|Moonblast|p1a: Arceus\n|-damage|p1a: Arceus|35\/100\n|move|p1a: Arceus|Judgment|p2a: Sailor Jupitor\n|-damage|p2a: Sailor Jupitor|2\/100\n|\n|upkeep\n|turn|21\n|inactive|Therealplayerred has 120 seconds left.\n|\n|t:|1700618303\n|move|p2a: Sailor Jupitor|Moonblast|p1a: Arceus\n|-damage|p1a: Arceus|0 fnt\n|faint|p1a: Arceus\n|\n|upkeep\n|\n|t:|1700618308\n|switch|p1a: Toxapex|Toxapex, F|50\/100\n|turn|22\n|\n|t:|1700618314\n|-terastallize|p2a: Sailor Jupitor|Electric\n|move|p2a: Sailor Jupitor|Thunderbolt|p1a: Toxapex\n|-supereffective|p1a: Toxapex\n|-damage|p1a: Toxapex|0 fnt\n|faint|p1a: Toxapex\n|\n|upkeep\n|\n|t:|1700618322\n|switch|p1a: Grimmsnarl|Grimmsnarl, M, shiny|12\/100\n|turn|23\n|\n|t:|1700618333\n|move|p2a: Sailor Jupitor|Moonblast|p1a: Grimmsnarl\n|-supereffective|p1a: Grimmsnarl\n|-damage|p1a: Grimmsnarl|0 fnt\n|faint|p1a: Grimmsnarl\n|\n|win|Therealplayerred\n|raw|Abhinav1038's rating: 1093 &rarr; <strong>1070<\/strong><br \/>(-23 for losing)\n|raw|Therealplayerred's rating: 1103 &rarr; <strong>1127<\/strong><br \/>(+24 for winning)\n|c|\u2606Therealplayerred|sucker punch\n|l|\u2606Abhinav1038\n|c|\u2606Therealplayerred|gg\n","uploadtime":1700618350,"views":1,"p1id":"abhinav1038","p2id":"therealplayerred","formatid":"gen9nationaldexubers","rating":1070,"private":0,"password":""}