{"id":"gen9nationaldexubers-1983591201","p1":"Gabriel PN","p2":"Altcher56","format":"[Gen 9] National Dex Ubers","log":"|j|\u2606Gabriel PN\n|j|\u2606Altcher56\n|t:|1699146913\n|gametype|singles\n|player|p1|Gabriel PN|n|1057\n|player|p2|Altcher56|170|1000\n|teamsize|p1|6\n|teamsize|p2|6\n|gen|9\n|tier|[Gen 9] National Dex Ubers\n|rated|\n|rule|HP Percentage Mod: HP is shown in percentages\n|rule|Endless Battle Clause: Forcing endless battles is banned\n|rule|OHKO Clause: OHKO moves are banned\n|rule|Evasion Moves Clause: Evasion moves are banned\n|rule|Evasion Items Clause: Evasion items are banned\n|rule|Species Clause: Limit one of each Pok\u00e9mon\n|rule|Sleep Clause Mod: Limit one foe put to sleep\n|rule|Mega Rayquaza Clause: You cannot mega evolve Rayquaza\n|clearpoke\n|poke|p1|Gallade, M|\n|poke|p1|Swellow, M|\n|poke|p1|Nidoking, M|\n|poke|p1|Marshadow|\n|poke|p1|Decidueye-Hisui, M|\n|poke|p1|Shaymin-Sky|\n|poke|p2|Rotom-Heat|\n|poke|p2|Iron Moth|\n|poke|p2|Ogerpon-Hearthflame, F|\n|poke|p2|Charizard, F|\n|poke|p2|Delphox, F|\n|poke|p2|Blacephalon|\n|teampreview\n|\n|t:|1699146945\n|start\n|switch|p1a: Nidoking|Nidoking, M|100\/100\n|switch|p2a: Rotom|Rotom-Heat|100\/100\n|turn|1\n|inactive|Battle timer is ON: inactive players will automatically lose when time's up. (requested by Altcher56)\n|\n|t:|1699146965\n|move|p2a: Rotom|Electric Terrain|p2a: Rotom\n|-fieldstart|move: Electric Terrain\n|move|p1a: Nidoking|Sludge Bomb|p2a: Rotom\n|-damage|p2a: Rotom|73\/100\n|\n|upkeep\n|turn|2\n|\n|t:|1699146973\n|move|p2a: Rotom|Overheat|p1a: Nidoking\n|-damage|p1a: Nidoking|46\/100\n|-unboost|p2a: Rotom|spa|2\n|move|p1a: Nidoking|Sludge Bomb|p2a: Rotom\n|-damage|p2a: Rotom|46\/100\n|\n|upkeep\n|turn|3\n|\n|t:|1699146982\n|move|p2a: Rotom|Overheat|p1a: Nidoking\n|-damage|p1a: Nidoking|19\/100\n|-unboost|p2a: Rotom|spa|2\n|move|p1a: Nidoking|Sludge Bomb|p2a: Rotom\n|-damage|p2a: Rotom|17\/100\n|\n|upkeep\n|turn|4\n|\n|t:|1699146990\n|move|p2a: Rotom|Overheat|p1a: Nidoking|[miss]\n|-miss|p2a: Rotom|p1a: Nidoking\n|move|p1a: Nidoking|Sludge Bomb|p2a: Rotom\n|-damage|p2a: Rotom|0 fnt\n|faint|p2a: Rotom\n|\n|upkeep\n|\n|t:|1699146993\n|switch|p2a: Iron Moth|Iron Moth|100\/100\n|-activate|p2a: Iron Moth|ability: Quark Drive\n|-start|p2a: Iron Moth|quarkdrivespa\n|turn|5\n|\n|t:|1699147001\n|move|p2a: Iron Moth|Bug Buzz|p1a: Nidoking\n|-resisted|p1a: Nidoking\n|-damage|p1a: Nidoking|0 fnt\n|faint|p1a: Nidoking\n|\n|-fieldend|move: Electric Terrain\n|-end|p2a: Iron Moth|Quark Drive\n|upkeep\n|\n|t:|1699147012\n|switch|p1a: Marshadow|Marshadow|100\/100\n|turn|6\n|\n|t:|1699147018\n|move|p1a: Marshadow|Shadow Sneak|p2a: Iron Moth\n|-damage|p2a: Iron Moth|48\/100\n|move|p2a: Iron Moth|Bug Buzz|p1a: Marshadow\n|-resisted|p1a: Marshadow\n|-damage|p1a: Marshadow|90\/100\n|\n|upkeep\n|turn|7\n|\n|t:|1699147028\n|-end|p2a: Iron Moth|Quark Drive|[silent]\n|switch|p2a: Ogerpon|Ogerpon-Hearthflame, F|100\/100\n|-ability|p2a: Ogerpon|Mold Breaker\n|move|p1a: Marshadow|Shadow Sneak|p2a: Ogerpon\n|-damage|p2a: Ogerpon|57\/100\n|\n|upkeep\n|turn|8\n|\n|t:|1699147038\n|move|p2a: Ogerpon|Horn Leech|p1a: Marshadow\n|-damage|p1a: Marshadow|37\/100\n|-heal|p2a: Ogerpon|86\/100|[from] drain|[of] p1a: Marshadow\n|move|p1a: Marshadow|Blaze Kick|p2a: Ogerpon\n|-damage|p2a: Ogerpon|42\/100\n|\n|upkeep\n|turn|9\n|\n|t:|1699147046\n|move|p1a: Marshadow|Shadow Sneak|p2a: Ogerpon\n|-damage|p2a: Ogerpon|0 fnt\n|faint|p2a: Ogerpon\n|\n|upkeep\n|\n|t:|1699147056\n|switch|p2a: Charizard|Charizard, F, shiny|100\/100\n|turn|10\n|\n|t:|1699147063\n|move|p1a: Marshadow|Shadow Sneak|p2a: Charizard\n|-damage|p2a: Charizard|51\/100\n|move|p2a: Charizard|Air Slash|p1a: Marshadow\n|-supereffective|p1a: Marshadow\n|-damage|p1a: Marshadow|0 fnt\n|faint|p1a: Marshadow\n|\n|upkeep\n|\n|t:|1699147070\n|switch|p1a: Swellow|Swellow, M|100\/100\n|turn|11\n|\n|t:|1699147076\n|move|p1a: Swellow|Boomburst|p2a: Charizard\n|-damage|p2a: Charizard|0 fnt\n|faint|p2a: Charizard\n|\n|upkeep\n|\n|t:|1699147082\n|switch|p2a: Iron Moth|Iron Moth|48\/100\n|turn|12\n|\n|t:|1699147086\n|move|p2a: Iron Moth|Fiery Dance|p1a: Swellow\n|-enditem|p1a: Swellow|Focus Sash\n|-damage|p1a: Swellow|1\/100\n|-boost|p2a: Iron Moth|spa|1\n|move|p1a: Swellow|Boomburst|p2a: Iron Moth\n|-damage|p2a: Iron Moth|5\/100\n|\n|upkeep\n|turn|13\n|\n|t:|1699147097\n|move|p2a: Iron Moth|Fiery Dance|p1a: Swellow\n|-crit|p1a: Swellow\n|-damage|p1a: Swellow|0 fnt\n|faint|p1a: Swellow\n|\n|upkeep\n|\n|t:|1699147108\n|switch|p1a: Shaymin|Shaymin-Sky|100\/100\n|turn|14\n|\n|t:|1699147118\n|move|p2a: Iron Moth|Fiery Dance|p1a: Shaymin\n|-supereffective|p1a: Shaymin\n|-enditem|p1a: Shaymin|Focus Sash\n|-damage|p1a: Shaymin|1\/100\n|-boost|p2a: Iron Moth|spa|1\n|move|p1a: Shaymin|Air Slash|p2a: Iron Moth\n|-damage|p2a: Iron Moth|0 fnt\n|faint|p2a: Iron Moth\n|-end|p2a: Iron Moth|Quark Drive|[silent]\n|\n|upkeep\n|\n|t:|1699147127\n|switch|p2a: Delphox|Delphox, F, shiny|100\/100\n|turn|15\n|\n|t:|1699147135\n|move|p1a: Shaymin|Air Slash|p2a: Delphox\n|-damage|p2a: Delphox|50\/100\n|cant|p2a: Delphox|flinch\n|\n|upkeep\n|turn|16\n|\n|t:|1699147140\n|move|p1a: Shaymin|Air Slash|p2a: Delphox\n|-damage|p2a: Delphox|0 fnt\n|faint|p2a: Delphox\n|\n|upkeep\n|\n|t:|1699147145\n|switch|p2a: Blacephalon|Blacephalon, shiny|100\/100\n|turn|17\n|\n|t:|1699147150\n|move|p1a: Shaymin|Air Slash|p2a: Blacephalon\n|-damage|p2a: Blacephalon|36\/100\n|cant|p2a: Blacephalon|flinch\n|\n|upkeep\n|turn|18\n|\n|t:|1699147155\n|move|p1a: Shaymin|Air Slash|p2a: Blacephalon\n|-damage|p2a: Blacephalon|0 fnt\n|faint|p2a: Blacephalon\n|\n|win|Gabriel PN\n|raw|Gabriel PN's rating: 1057 &rarr; <strong>1083<\/strong><br \/>(+26 for winning)\n|raw|Altcher56's rating: 1000 &rarr; <strong>1000<\/strong><br \/>(+0 for losing)\n|l|\u2606Altcher56\n|c|\u2606Gabriel PN|Grass > fire\n","uploadtime":1699147173,"views":13,"p1id":"gabrielpn","p2id":"altcher56","formatid":"gen9nationaldexubers","rating":1000,"private":0,"password":""}