{"id":"gen9nationaldexubers-1993631658","p1":"Lima568","p2":"Isaacprogodhacker","format":"[Gen 9] National Dex Ubers","log":"|j|\u2606Lima568\n|j|\u2606Isaacprogodhacker\n|t:|1700339531\n|gametype|singles\n|player|p1|Lima568|dancer|\n|player|p2|Isaacprogodhacker|lucas-gen4pt|\n|teamsize|p1|6\n|teamsize|p2|6\n|gen|9\n|tier|[Gen 9] National Dex Ubers\n|rule|HP Percentage Mod: HP is shown in percentages\n|rule|Endless Battle Clause: Forcing endless battles is banned\n|rule|OHKO Clause: OHKO moves are banned\n|rule|Evasion Moves Clause: Evasion moves are banned\n|rule|Evasion Items Clause: Evasion items are banned\n|rule|Species Clause: Limit one of each Pok\u00e9mon\n|rule|Sleep Clause Mod: Limit one foe put to sleep\n|rule|Mega Rayquaza Clause: You cannot mega evolve Rayquaza\n|clearpoke\n|poke|p1|Kommo-o, M|\n|poke|p1|Dragapult, F|\n|poke|p1|Roaring Moon|\n|poke|p1|Cyclizar, F|\n|poke|p1|Dracovish|\n|poke|p1|Dragonite, M|\n|poke|p2|Sharpedo, M|\n|poke|p2|Nihilego|\n|poke|p2|Mimikyu, F|\n|poke|p2|Zoroark-Hisui, M|\n|poke|p2|Yveltal|\n|poke|p2|Darkrai|\n|teampreview\n|\n|t:|1700339543\n|start\n|switch|p1a: Lunita|Roaring Moon|100\/100\n|switch|p2a: Yveltal|Yveltal|100\/100\n|-ability|p2a: Yveltal|Dark Aura\n|-enditem|p1a: Lunita|Booster Energy\n|-activate|p1a: Lunita|ability: Protosynthesis|[fromitem]\n|-start|p1a: Lunita|protosynthesisatk\n|turn|1\n|\n|t:|1700339566\n|-terastallize|p2a: Yveltal|Flying\n|move|p1a: Lunita|Dragon Dance|p1a: Lunita\n|-boost|p1a: Lunita|atk|1\n|-boost|p1a: Lunita|spe|1\n|move|p2a: Yveltal|Oblivion Wing|p1a: Lunita\n|-damage|p1a: Lunita|42\/100\n|\n|upkeep\n|turn|2\n|\n|t:|1700339577\n|move|p1a: Lunita|Acrobatics|p2a: Yveltal\n|-damage|p2a: Yveltal|36\/100\n|move|p2a: Yveltal|Oblivion Wing|p1a: Lunita\n|-damage|p1a: Lunita|0 fnt\n|-heal|p2a: Yveltal|60\/100|[from] drain|[of] p1a: Lunita\n|faint|p1a: Lunita\n|-end|p1a: Lunita|Protosynthesis|[silent]\n|-heal|p2a: Yveltal|64\/100|[from] item: Shell Bell|[of] p1: Lunita\n|\n|upkeep\n|\n|t:|1700339583\n|switch|p1a: Motomami|Cyclizar, F|100\/100\n|turn|3\n|\n|t:|1700339592\n|move|p1a: Motomami|Shed Tail|p1a: Motomami\n|-start|p1a: Motomami|Substitute|[from] move: Shed Tail\n|-damage|p1a: Motomami|50\/100\n|-enditem|p1a: Motomami|Sitrus Berry|[eat]\n|-heal|p1a: Motomami|75\/100|[from] item: Sitrus Berry\n|\n|t:|1700339593\n|switch|p1a: Kommo-o|Kommo-o, M|100\/100|[from] Shed Tail\n|move|p2a: Yveltal|Oblivion Wing|p1a: Kommo-o\n|-supereffective|p1a: Kommo-o\n|-end|p1a: Kommo-o|Substitute\n|-heal|p2a: Yveltal|75\/100|[from] drain|[of] p1a: Kommo-o\n|\n|upkeep\n|turn|4\n|\n|t:|1700339606\n|-zpower|p1a: Kommo-o\n|move|p1a: Kommo-o|Clangorous Soulblaze|p2a: Yveltal|[zeffect]\n|-damage|p2a: Yveltal|9\/100\n|-boost|p1a: Kommo-o|atk|1\n|-boost|p1a: Kommo-o|def|1\n|-boost|p1a: Kommo-o|spa|1\n|-boost|p1a: Kommo-o|spd|1\n|-boost|p1a: Kommo-o|spe|1\n|move|p2a: Yveltal|Oblivion Wing|p1a: Kommo-o\n|-supereffective|p1a: Kommo-o\n|-damage|p1a: Kommo-o|13\/100\n|-heal|p2a: Yveltal|52\/100|[from] drain|[of] p1a: Kommo-o\n|-heal|p2a: Yveltal|59\/100|[from] item: Shell Bell|[of] p1a: Kommo-o\n|\n|upkeep\n|turn|5\n|\n|t:|1700339624\n|move|p1a: Kommo-o|Boomburst|p2a: Yveltal\n|-crit|p2a: Yveltal\n|-damage|p2a: Yveltal|0 fnt\n|faint|p2a: Yveltal\n|\n|upkeep\n|\n|t:|1700339633\n|switch|p2a: Mimikyu|Mimikyu, F|100\/100\n|turn|6\n|\n|t:|1700339638\n|move|p1a: Kommo-o|Flash Cannon|p2a: Mimikyu\n|-activate|p2a: Mimikyu|ability: Disguise\n|-damage|p2a: Mimikyu|100\/100\n|detailschange|p2a: Mimikyu|Mimikyu-Busted, F\n|-damage|p2a: Mimikyu|88\/100|[from] pokemon: Mimikyu-Busted\n|move|p2a: Mimikyu|Play Rough|p1a: Kommo-o\n|-supereffective|p1a: Kommo-o\n|-damage|p1a: Kommo-o|0 fnt\n|faint|p1a: Kommo-o\n|-damage|p2a: Mimikyu|78\/100|[from] item: Life Orb\n|\n|upkeep\n|\n|t:|1700339645\n|switch|p1a: Motomami|Cyclizar, F|100\/100\n|turn|7\n|\n|t:|1700339656\n|move|p1a: Motomami|Shed Tail|p1a: Motomami\n|-start|p1a: Motomami|Substitute|[from] move: Shed Tail\n|-damage|p1a: Motomami|50\/100\n|\n|t:|1700339662\n|switch|p1a: barny|Dragonite, M|100\/100|[from] Shed Tail\n|move|p2a: Mimikyu|Swords Dance|p2a: Mimikyu\n|-boost|p2a: Mimikyu|atk|2\n|\n|upkeep\n|turn|8\n|\n|t:|1700339670\n|move|p2a: Mimikyu|Play Rough|p1a: barny\n|-supereffective|p1a: barny\n|-end|p1a: barny|Substitute\n|-damage|p2a: Mimikyu|68\/100|[from] item: Life Orb\n|move|p1a: barny|Dragon Dance|p1a: barny\n|-boost|p1a: barny|atk|1\n|-boost|p1a: barny|spe|1\n|\n|upkeep\n|turn|9\n|\n|t:|1700339682\n|move|p1a: barny|Earthquake|p2a: Mimikyu\n|-damage|p2a: Mimikyu|0 fnt\n|faint|p2a: Mimikyu\n|\n|upkeep\n|\n|t:|1700339706\n|switch|p2a: Nihilego|Nihilego, shiny|100\/100\n|turn|10\n|\n|t:|1700339712\n|move|p1a: barny|Earthquake|p2a: Nihilego\n|-supereffective|p2a: Nihilego\n|-damage|p2a: Nihilego|0 fnt\n|faint|p2a: Nihilego\n|\n|upkeep\n|\n|t:|1700339724\n|switch|p2a: Tiburoncin|Sharpedo, M, shiny|100\/100\n|turn|11\n|\n|t:|1700339749\n|move|p2a: Tiburoncin|Protect|p2a: Tiburoncin\n|-singleturn|p2a: Tiburoncin|Protect\n|move|p1a: barny|Dragon Dance|p1a: barny\n|-boost|p1a: barny|atk|1\n|-boost|p1a: barny|spe|1\n|\n|-ability|p2a: Tiburoncin|Speed Boost|boost\n|-boost|p2a: Tiburoncin|spe|1\n|upkeep\n|turn|12\n|\n|t:|1700339765\n|-terastallize|p1a: barny|Normal\n|move|p1a: barny|Extreme Speed|p2a: Tiburoncin\n|-damage|p2a: Tiburoncin|0 fnt\n|faint|p2a: Tiburoncin\n|\n|upkeep\n|\n|t:|1700339778\n|switch|p2a: Darkrai|Darkrai|100\/100\n|turn|13\n|\n|t:|1700339794\n|move|p1a: barny|Earthquake|p2a: Darkrai\n|-damage|p2a: Darkrai|0 fnt\n|replace|p2a: Illusion|Zoroark-Hisui, M\n|-end|p2a: Illusion|Illusion\n|faint|p2a: Illusion\n|\n|upkeep\n|\n|t:|1700339802\n|switch|p2a: Darkrai|Darkrai|100\/100\n|turn|14\n|\n|t:|1700339814\n|move|p2a: Darkrai|Trick|p1a: barny\n|-activate|p2a: Darkrai|move: Trick|[of] p1a: barny\n|-item|p1a: barny|Choice Scarf|[from] move: Trick\n|-item|p2a: Darkrai|Weakness Policy|[from] move: Trick\n|move|p1a: barny|Brick Break|p2a: Darkrai\n|-supereffective|p2a: Darkrai\n|-damage|p2a: Darkrai|0 fnt\n|faint|p2a: Darkrai\n|\n|win|Lima568\n|c|\u2606Lima568|gg\n|c|\u2606Isaacprogodhacker|gg\n|l|\u2606Isaacprogodhacker\n","uploadtime":1700339839,"views":6,"p1id":"lima568","p2id":"isaacprogodhacker","formatid":"gen9nationaldexubers","rating":0,"private":0,"password":""}