{"id":"gen9nationaldexubers-1987313042","p1":"axelzzz09","p2":"alcatel999","format":"[Gen 9] National Dex Ubers","log":"|j|\u2606axelzzz09\n|j|\u2606alcatel999\n|t:|1699576320\n|gametype|singles\n|player|p1|axelzzz09|lance|\n|player|p2|alcatel999|rocketgrunt|\n|teamsize|p1|6\n|teamsize|p2|6\n|gen|9\n|tier|[Gen 9] National Dex Ubers\n|rule|HP Percentage Mod: HP is shown in percentages\n|rule|Endless Battle Clause: Forcing endless battles is banned\n|rule|OHKO Clause: OHKO moves are banned\n|rule|Evasion Moves Clause: Evasion moves are banned\n|rule|Evasion Items Clause: Evasion items are banned\n|rule|Species Clause: Limit one of each Pok\u00e9mon\n|rule|Sleep Clause Mod: Limit one foe put to sleep\n|rule|Mega Rayquaza Clause: You cannot mega evolve Rayquaza\n|clearpoke\n|poke|p1|Volcarona, F|\n|poke|p1|Ursaluna-Bloodmoon, M|\n|poke|p1|Ceruledge, M|\n|poke|p1|Kommo-o, M|\n|poke|p1|Charizard, M|\n|poke|p1|Sneasler, M|\n|poke|p2|Diancie|\n|poke|p2|Klefki, F|\n|poke|p2|Mimikyu, F|\n|poke|p2|Tapu Fini|\n|poke|p2|Tapu Bulu|\n|poke|p2|Tapu Lele|\n|teampreview\n|c|\u2606alcatel999|GL HF\n|\n|t:|1699576347\n|start\n|switch|p1a: Charizard|Charizard, M|100\/100\n|switch|p2a: LaLlaveDeTuCorazon|Klefki, F|100\/100\n|turn|1\n|j| DiosPanzer\n|\n|t:|1699576355\n|detailschange|p1a: Charizard|Charizard-Mega-Y, M\n|-mega|p1a: Charizard|Charizard|Charizardite Y\n|-weather|SunnyDay|[from] ability: Drought|[of] p1a: Charizard\n|move|p2a: LaLlaveDeTuCorazon|Light Screen|p2a: LaLlaveDeTuCorazon\n|-sidestart|p2: alcatel999|move: Light Screen\n|move|p1a: Charizard|Flamethrower|p2a: LaLlaveDeTuCorazon\n|-supereffective|p2a: LaLlaveDeTuCorazon\n|-damage|p2a: LaLlaveDeTuCorazon|3\/100\n|\n|-weather|SunnyDay|[upkeep]\n|upkeep\n|turn|2\n|c| DiosPanzer|Hola papus\n|j| Dio_Brando275\n|\n|t:|1699576368\n|move|p2a: LaLlaveDeTuCorazon|Spikes|p1a: Charizard\n|-sidestart|p1: axelzzz09|Spikes\n|move|p1a: Charizard|Flamethrower|p2a: LaLlaveDeTuCorazon\n|-supereffective|p2a: LaLlaveDeTuCorazon\n|-damage|p2a: LaLlaveDeTuCorazon|0 fnt\n|faint|p2a: LaLlaveDeTuCorazon\n|\n|-weather|SunnyDay|[upkeep]\n|upkeep\n|\n|t:|1699576382\n|switch|p2a: FinoSe\u00f1ores|Tapu Fini|100\/100\n|-fieldstart|move: Misty Terrain|[from] ability: Misty Surge|[of] p2a: FinoSe\u00f1ores\n|turn|3\n|c| DiosPanzer|Axel\n|\n|t:|1699576386\n|move|p1a: Charizard|Flamethrower|p2a: FinoSe\u00f1ores\n|-resisted|p2a: FinoSe\u00f1ores\n|-damage|p2a: FinoSe\u00f1ores|89\/100\n|move|p2a: FinoSe\u00f1ores|Calm Mind|p2a: FinoSe\u00f1ores\n|-boost|p2a: FinoSe\u00f1ores|spa|1\n|-boost|p2a: FinoSe\u00f1ores|spd|1\n|\n|-weather|SunnyDay|[upkeep]\n|-heal|p2a: FinoSe\u00f1ores|95\/100|[from] item: Leftovers\n|upkeep\n|turn|4\n|c|\u2606axelzzz09|?\n|c| DiosPanzer|Bursaluna (ursaluna bloodmoon) es uber\n|c| DiosPanzer|Lo subieron hoy\n|c|\u2606alcatel999|Es de chill igual\n|c|\u2606axelzzz09|no jodas\n|c|\u2606axelzzz09|bueno tendre que cambiar team\n|c| DiosPanzer|No mas le aviso\n|c| DiosPanzer|Pa que sepa\n|\n|t:|1699576419\n|move|p1a: Charizard|Air Slash|p2a: FinoSe\u00f1ores\n|-crit|p2a: FinoSe\u00f1ores\n|-damage|p2a: FinoSe\u00f1ores|52\/100\n|cant|p2a: FinoSe\u00f1ores|flinch\n|\n|-weather|SunnyDay|[upkeep]\n|-heal|p2a: FinoSe\u00f1ores|58\/100|[from] item: Leftovers\n|upkeep\n|turn|5\n|\n|t:|1699576428\n|move|p1a: Charizard|Air Slash|p2a: FinoSe\u00f1ores\n|-damage|p2a: FinoSe\u00f1ores|50\/100\n|move|p2a: FinoSe\u00f1ores|Calm Mind|p2a: FinoSe\u00f1ores\n|-boost|p2a: FinoSe\u00f1ores|spa|1\n|-boost|p2a: FinoSe\u00f1ores|spd|1\n|\n|-weather|none\n|-heal|p2a: FinoSe\u00f1ores|56\/100|[from] item: Leftovers\n|upkeep\n|turn|6\n|c| DiosPanzer|Waos\n|\n|t:|1699576437\n|move|p1a: Charizard|Air Slash|p2a: FinoSe\u00f1ores\n|-damage|p2a: FinoSe\u00f1ores|49\/100\n|move|p2a: FinoSe\u00f1ores|Draining Kiss|p1a: Charizard\n|-resisted|p1a: Charizard\n|-damage|p1a: Charizard|83\/100\n|-heal|p2a: FinoSe\u00f1ores|60\/100|[from] drain|[of] p1a: Charizard\n|\n|-heal|p2a: FinoSe\u00f1ores|66\/100|[from] item: Leftovers\n|upkeep\n|turn|7\n|c| DiosPanzer|El fino se\u00f1ores\n|\n|t:|1699576448\n|move|p1a: Charizard|Hidden Power|p2a: FinoSe\u00f1ores\n|-resisted|p2a: FinoSe\u00f1ores\n|-damage|p2a: FinoSe\u00f1ores|64\/100\n|move|p2a: FinoSe\u00f1ores|Scald|p1a: Charizard\n|-supereffective|p1a: Charizard\n|-damage|p1a: Charizard|0 fnt\n|faint|p1a: Charizard\n|\n|-heal|p2a: FinoSe\u00f1ores|71\/100|[from] item: Leftovers\n|-fieldend|Misty Terrain\n|upkeep\n|c| DiosPanzer|Axel\n|c|\u2606axelzzz09|c congela\n|c| DiosPanzer|El charizard no tiene rayo solar?\n|c|\u2606axelzzz09|no\n|\n|t:|1699576468\n|switch|p1a: Sneasler|Sneasler, M|100\/100\n|turn|8\n|c| DiosPanzer|Ponlo en lugar de poder oculto o tajo aereo\n|\n|t:|1699576473\n|switch|p2a: LelePancha|Tapu Lele|100\/100\n|-fieldstart|move: Psychic Terrain|[from] ability: Psychic Surge|[of] p2a: LelePancha\n|move|p1a: Sneasler|Fake Out|p2a: LelePancha\n|-activate|p2a: LelePancha|move: Psychic Terrain\n|\n|-sideend|p2: alcatel999|move: Light Screen\n|upkeep\n|turn|9\n|c| DiosPanzer|Para cubir a los agua\/tierra\/roca\n|\n|t:|1699576485\n|move|p2a: LelePancha|Psychic|p1a: Sneasler\n|-supereffective|p1a: Sneasler\n|-damage|p1a: Sneasler|0 fnt\n|faint|p1a: Sneasler\n|\n|upkeep\n|c| DiosPanzer|Waos\n|c| DiosPanzer|Waos\n|c| DiosPanzer|Waps\n|c| DiosPanzer|*waos\n|c|\u2606axelzzz09|no lo se algo me dice que es scaft\n|\n|t:|1699576506\n|switch|p1a: Volcarona|Volcarona, F|100\/100\n|turn|10\n|\n|t:|1699576514\n|switch|p2a: Di-Vi-Na|Diancie|100\/100\n|move|p1a: Volcarona|Quiver Dance|p1a: Volcarona\n|-boost|p1a: Volcarona|spa|1\n|-boost|p1a: Volcarona|spd|1\n|-boost|p1a: Volcarona|spe|1\n|\n|upkeep\n|turn|11\n|c| DiosPanzer|Yo digo que diancie gana\n|\n|t:|1699576523\n|detailschange|p2a: Di-Vi-Na|Diancie-Mega\n|-mega|p2a: Di-Vi-Na|Diancie|Diancite\n|-terastallize|p1a: Volcarona|Steel\n|move|p1a: Volcarona|Quiver Dance|p1a: Volcarona\n|-boost|p1a: Volcarona|spa|1\n|-boost|p1a: Volcarona|spd|1\n|-boost|p1a: Volcarona|spe|1\n|move|p2a: Di-Vi-Na|Earth Power|p1a: Volcarona\n|-supereffective|p1a: Volcarona\n|-damage|p1a: Volcarona|61\/100\n|\n|upkeep\n|turn|12\n|c|\u2606axelzzz09|seguro?\n|c| DiosPanzer|Waos\n|\n|t:|1699576532\n|move|p1a: Volcarona|Fiery Dance|p2a: Di-Vi-Na\n|-resisted|p2a: Di-Vi-Na\n|-damage|p2a: Di-Vi-Na|43\/100\n|-boost|p1a: Volcarona|spa|1\n|move|p2a: Di-Vi-Na|Earth Power|p1a: Volcarona\n|-supereffective|p1a: Volcarona\n|-damage|p1a: Volcarona|22\/100\n|\n|-fieldend|move: Psychic Terrain\n|upkeep\n|turn|13\n|c| DiosPanzer|Predict\n|\n|t:|1699576542\n|move|p1a: Volcarona|Fiery Dance|p2a: Di-Vi-Na\n|-resisted|p2a: Di-Vi-Na\n|-damage|p2a: Di-Vi-Na|0 fnt\n|faint|p2a: Di-Vi-Na\n|\n|upkeep\n|\n|t:|1699576545\n|switch|p2a: Mimigod|Mimikyu, F|100\/100\n|turn|14\n|c| DiosPanzer|Waos\n|c| DiosPanzer|Waos\n|c|\u2606axelzzz09|no es predit\n|c| DiosPanzer|Waos\n|c| DiosPanzer|Waos\n|\n|t:|1699576552\n|move|p2a: Mimigod|Shadow Sneak|p1a: Volcarona\n|-damage|p1a: Volcarona|0 fnt\n|faint|p1a: Volcarona\n|-damage|p2a: Mimigod|91\/100|[from] item: Life Orb\n|\n|upkeep\n|c| DiosPanzer|Waos\n|c| DiosPanzer|Pendejo no dura nada\n|c|\u2606axelzzz09|igual hiba a ser debil a la tierra\n|\n|t:|1699576574\n|switch|p1a: Ursaluna|Ursaluna-Bloodmoon, M|100\/100\n|-damage|p1a: Ursaluna|88\/100|[from] Spikes\n|turn|15\n|c|\u2606alcatel999|no\n|c| DiosPanzer|No idiota\n|c| DiosPanzer|El bicho resiste el tierra\n|c|\u2606axelzzz09|si\n|c| DiosPanzer|Era da\u00f1o neutro\n|c|\u2606axelzzz09|por el fuego\n|c|\u2606alcatel999|Es neutro\n|c| DiosPanzer|Puto idiota de mierda\n|\n|t:|1699576594\n|move|p2a: Mimigod|Swords Dance|p2a: Mimigod\n|-boost|p2a: Mimigod|atk|2\n|move|p1a: Ursaluna|Earth Power|p2a: Mimigod\n|-activate|p2a: Mimigod|ability: Disguise\n|-damage|p2a: Mimigod|91\/100\n|detailschange|p2a: Mimigod|Mimikyu-Busted, F\n|-damage|p2a: Mimigod|78\/100|[from] pokemon: Mimikyu-Busted\n|\n|-heal|p1a: Ursaluna|94\/100|[from] item: Leftovers\n|upkeep\n|turn|16\n|c| DiosPanzer|Pinche estupido de cagada\n|j| Dio_Brando275\n|c| DiosPanzer|Aprendete la puta tabla de tipos\n|\n|t:|1699576610\n|move|p2a: Mimigod|Drain Punch|p1a: Ursaluna\n|-supereffective|p1a: Ursaluna\n|-damage|p1a: Ursaluna|40\/100\n|-heal|p2a: Mimigod|100\/100|[from] drain|[of] p1a: Ursaluna\n|-damage|p2a: Mimigod|91\/100|[from] item: Life Orb\n|move|p1a: Ursaluna|Earth Power|p2a: Mimigod\n|-damage|p2a: Mimigod|41\/100\n|\n|-heal|p1a: Ursaluna|47\/100|[from] item: Leftovers\n|upkeep\n|turn|17\n|c| DiosPanzer|Waos\n|\n|t:|1699576620\n|move|p2a: Mimigod|Drain Punch|p1a: Ursaluna\n|-supereffective|p1a: Ursaluna\n|-damage|p1a: Ursaluna|0 fnt\n|-heal|p2a: Mimigod|81\/100|[from] drain|[of] p1a: Ursaluna\n|faint|p1a: Ursaluna\n|-damage|p2a: Mimigod|71\/100|[from] item: Life Orb\n|\n|upkeep\n|\n|t:|1699576627\n|switch|p1a: Kommo-o|Kommo-o, M|100\/100\n|-damage|p1a: Kommo-o|88\/100|[from] Spikes\n|turn|18\n|c| DiosPanzer|Con razon se llama mimigod\n|\n|t:|1699576635\n|move|p2a: Mimigod|Play Rough|p1a: Kommo-o\n|-supereffective|p1a: Kommo-o\n|-damage|p1a: Kommo-o|0 fnt\n|faint|p1a: Kommo-o\n|-damage|p2a: Mimigod|61\/100|[from] item: Life Orb\n|\n|upkeep\n|c| DiosPanzer|Waos\n|c|\u2606alcatel999|Xd\n|\n|t:|1699576641\n|switch|p1a: Ceruledge|Ceruledge, M|100\/100\n|-damage|p1a: Ceruledge|88\/100|[from] Spikes\n|turn|19\n|c| Dio_Brando275|Wea\n|c| DiosPanzer|No sash\n|\n|t:|1699576648\n|move|p2a: Mimigod|Shadow Sneak|p1a: Ceruledge\n|-supereffective|p1a: Ceruledge\n|-damage|p1a: Ceruledge|0 fnt\n|faint|p1a: Ceruledge\n|-damage|p2a: Mimigod|51\/100|[from] item: Life Orb\n|\n|win|alcatel999\n|c|\u2606axelzzz09|ptm\n|c| DiosPanzer|Waos\n|c|\u2606axelzzz09|me violo\n|c| DiosPanzer|Waos\n|c| DiosPanzer|Waos\n|c| DiosPanzer|Waos\n|l|\u2606axelzzz09\n|l| DiosPanzer\n","uploadtime":1699576664,"views":6,"p1id":"axelzzz09","p2id":"alcatel999","formatid":"gen9nationaldexubers","rating":0,"private":0,"password":""}