{"id":"gen9nationaldexubers-1988843718","p1":"SapphireSayainUU","p2":"DPPtBro","format":"[Gen 9] National Dex Ubers","log":"|j|\u2606SapphireSayainUU\n|j|\u2606DPPtBro\n|t:|1699772144\n|gametype|singles\n|player|p1|SapphireSayainUU|riley|\n|player|p2|DPPtBro|ghetsis|\n|teamsize|p1|6\n|teamsize|p2|6\n|gen|9\n|tier|[Gen 9] National Dex Ubers\n|rule|HP Percentage Mod: HP is shown in percentages\n|rule|Endless Battle Clause: Forcing endless battles is banned\n|rule|OHKO Clause: OHKO moves are banned\n|rule|Evasion Moves Clause: Evasion moves are banned\n|rule|Evasion Items Clause: Evasion items are banned\n|rule|Species Clause: Limit one of each Pok\u00e9mon\n|rule|Sleep Clause Mod: Limit one foe put to sleep\n|rule|Mega Rayquaza Clause: You cannot mega evolve Rayquaza\n|clearpoke\n|poke|p1|Azelf|\n|poke|p1|Charizard, M|\n|poke|p1|Orthworm, F|\n|poke|p1|Regieleki|\n|poke|p1|Grimmsnarl, M|\n|poke|p1|Golisopod, F|\n|poke|p2|Kangaskhan, F|\n|poke|p2|Mewtwo|\n|poke|p2|Landorus, M|\n|poke|p2|Regieleki|\n|poke|p2|Goodra-Hisui, M|\n|poke|p2|Tapu Lele|\n|teampreview\n|\n|t:|1699772157\n|start\n|switch|p1a: Gotenks|Regieleki|100\/100\n|switch|p2a: Tapu Lele|Tapu Lele|100\/100\n|-fieldstart|move: Psychic Terrain|[from] ability: Psychic Surge|[of] p2a: Tapu Lele\n|turn|1\n|\n|t:|1699772173\n|move|p1a: Gotenks|Volt Switch|p2a: Tapu Lele\n|-damage|p2a: Tapu Lele|60\/100\n|\n|t:|1699772185\n|switch|p1a: Cell Max|Golisopod, F|100\/100|[from] Volt Switch\n|move|p2a: Tapu Lele|Moonblast|p1a: Cell Max\n|-damage|p1a: Cell Max|69\/100\n|\n|upkeep\n|turn|2\n|\n|t:|1699772196\n|switch|p2a: Goodra|Goodra-Hisui, M|100\/100\n|move|p1a: Cell Max|First Impression|p2a: Goodra\n|-activate|p2a: Goodra|move: Psychic Terrain\n|\n|upkeep\n|turn|3\n|\n|t:|1699772205\n|move|p2a: Goodra|Acid Armor|p2a: Goodra\n|-boost|p2a: Goodra|def|2\n|move|p1a: Cell Max|Close Combat|p2a: Goodra\n|-supereffective|p2a: Goodra\n|-damage|p2a: Goodra|56\/100\n|-unboost|p1a: Cell Max|def|1\n|-unboost|p1a: Cell Max|spd|1\n|-ability|p2a: Goodra|Gooey\n|-unboost|p1a: Cell Max|spe|1\n|\n|-heal|p2a: Goodra|62\/100|[from] item: Leftovers\n|upkeep\n|turn|4\n|\n|t:|1699772211\n|move|p2a: Goodra|Thunderbolt|p1a: Cell Max\n|-supereffective|p1a: Cell Max\n|-damage|p1a: Cell Max|11\/100\n|-activate|p1a: Cell Max|ability: Emergency Exit\n|\n|t:|1699772218\n|switch|p1a: Whis|Azelf|100\/100\n|\n|-heal|p2a: Goodra|68\/100|[from] item: Leftovers\n|upkeep\n|turn|5\n|\n|t:|1699772225\n|-terastallize|p1a: Whis|Fairy\n|move|p1a: Whis|Stealth Rock|p2a: Goodra\n|-sidestart|p2: DPPtBro|move: Stealth Rock\n|move|p2a: Goodra|Dragon Pulse|p1a: Whis\n|-immune|p1a: Whis\n|\n|-heal|p2a: Goodra|74\/100|[from] item: Leftovers\n|-fieldend|move: Psychic Terrain\n|upkeep\n|turn|6\n|\n|t:|1699772237\n|move|p1a: Whis|U-turn|p2a: Goodra\n|-resisted|p2a: Goodra\n|-damage|p2a: Goodra|70\/100\n|-ability|p2a: Goodra|Gooey\n|-unboost|p1a: Whis|spe|1\n|\n|t:|1699772243\n|switch|p1a: Babidi|Grimmsnarl, M, shiny|100\/100|[from] U-turn\n|move|p2a: Goodra|Chilling Water|p1a: Babidi\n|-damage|p1a: Babidi|84\/100\n|-unboost|p1a: Babidi|atk|1\n|\n|-heal|p2a: Goodra|76\/100|[from] item: Leftovers\n|upkeep\n|turn|7\n|\n|t:|1699772249\n|switch|p2a: Tapu Lele|Tapu Lele|60\/100\n|-damage|p2a: Tapu Lele|47\/100|[from] Stealth Rock\n|-fieldstart|move: Psychic Terrain|[from] ability: Psychic Surge|[of] p2a: Tapu Lele\n|move|p1a: Babidi|Light Screen|p1a: Babidi\n|-sidestart|p1: SapphireSayainUU|move: Light Screen\n|\n|upkeep\n|turn|8\n|\n|t:|1699772254\n|move|p1a: Babidi|Reflect|p1a: Babidi\n|-sidestart|p1: SapphireSayainUU|Reflect\n|move|p2a: Tapu Lele|Draining Kiss|p1a: Babidi\n|-supereffective|p1a: Babidi\n|-damage|p1a: Babidi|59\/100\n|-heal|p2a: Tapu Lele|73\/100|[from] drain|[of] p1a: Babidi\n|\n|upkeep\n|turn|9\n|\n|t:|1699772262\n|switch|p1a: Cell Max|Golisopod, F|11\/100\n|move|p2a: Tapu Lele|Draining Kiss|p1a: Cell Max\n|-damage|p1a: Cell Max|2\/100\n|-heal|p2a: Tapu Lele|81\/100|[from] drain|[of] p1a: Cell Max\n|\n|upkeep\n|turn|10\n|\n|t:|1699772270\n|switch|p2a: Mewtwo|Mewtwo|100\/100\n|-damage|p2a: Mewtwo|88\/100|[from] Stealth Rock\n|-ability|p2a: Mewtwo|Pressure\n|move|p1a: Cell Max|Leech Life|p2a: Mewtwo\n|-supereffective|p2a: Mewtwo\n|-damage|p2a: Mewtwo|0 fnt\n|-heal|p1a: Cell Max|51\/100|[from] drain|[of] p2a: Mewtwo\n|faint|p2a: Mewtwo\n|\n|upkeep\n|\n|t:|1699772291\n|switch|p2a: Regieleki|Regieleki|100\/100\n|-damage|p2a: Regieleki|88\/100|[from] Stealth Rock\n|turn|11\n|\n|t:|1699772312\n|move|p2a: Regieleki|Rapid Spin|p1a: Cell Max\n|-damage|p1a: Cell Max|47\/100\n|-boost|p2a: Regieleki|spe|1\n|-sideend|p2: DPPtBro|Stealth Rock|[from] move: Rapid Spin|[of] p2a: Regieleki\n|-activate|p1a: Cell Max|ability: Emergency Exit\n|\n|t:|1699772327\n|switch|p1a: Whis|Azelf, tera:Fairy|100\/100\n|\n|-fieldend|move: Psychic Terrain\n|upkeep\n|turn|12\n|\n|t:|1699772334\n|move|p2a: Regieleki|Thunder Cage|p1a: Whis\n|-damage|p1a: Whis|60\/100\n|-activate|p1a: Whis|move: Thunder Cage|[of] p2a: Regieleki\n|move|p1a: Whis|Dazzling Gleam|p2a: Regieleki\n|-damage|p2a: Regieleki|6\/100\n|\n|-damage|p1a: Whis|47\/100|[from] move: Thunder Cage|[partiallytrapped]\n|upkeep\n|turn|13\n|\n|t:|1699772348\n|move|p2a: Regieleki|Volt Switch|p1a: Whis\n|-damage|p1a: Whis|16\/100\n|\n|t:|1699772352\n|switch|p2a: Landorus|Landorus, M|100\/100|[from] Volt Switch\n|move|p1a: Whis|Dazzling Gleam|p2a: Landorus\n|-damage|p2a: Landorus|40\/100\n|\n|-end|p1a: Whis|Thunder Cage|[partiallytrapped]|[silent]\n|upkeep\n|turn|14\n|\n|t:|1699772356\n|move|p2a: Landorus|Sludge Wave|p1a: Whis\n|-supereffective|p1a: Whis\n|-damage|p1a: Whis|0 fnt\n|faint|p1a: Whis\n|\n|-sideend|p1: SapphireSayainUU|move: Light Screen\n|upkeep\n|\n|t:|1699772369\n|switch|p1a: Cell Max|Golisopod, F|47\/100\n|turn|15\n|\n|t:|1699772378\n|-terastallize|p2a: Landorus|Steel\n|move|p2a: Landorus|Sludge Wave|p1a: Cell Max\n|-damage|p1a: Cell Max|15\/100\n|move|p1a: Cell Max|Leech Life|p2a: Landorus\n|-resisted|p2a: Landorus\n|-damage|p2a: Landorus|14\/100\n|-heal|p1a: Cell Max|28\/100|[from] drain|[of] p2a: Landorus\n|\n|-sideend|p1: SapphireSayainUU|Reflect\n|upkeep\n|turn|16\n|\n|t:|1699772386\n|move|p1a: Cell Max|Aqua Jet|p2a: Landorus\n|-damage|p2a: Landorus|0 fnt\n|faint|p2a: Landorus\n|\n|upkeep\n|\n|t:|1699772388\n|switch|p2a: Tapu Lele|Tapu Lele|81\/100\n|-fieldstart|move: Psychic Terrain|[from] ability: Psychic Surge|[of] p2a: Tapu Lele\n|turn|17\n|\n|t:|1699772394\n|move|p2a: Tapu Lele|Energy Ball|p1a: Cell Max\n|-damage|p1a: Cell Max|7\/100\n|-unboost|p1a: Cell Max|spd|1\n|move|p1a: Cell Max|Leech Life|p2a: Tapu Lele\n|-damage|p2a: Tapu Lele|14\/100\n|-heal|p1a: Cell Max|37\/100|[from] drain|[of] p2a: Tapu Lele\n|\n|upkeep\n|turn|18\n|\n|t:|1699772402\n|switch|p1a: Babidi|Grimmsnarl, M, shiny|59\/100\n|move|p2a: Tapu Lele|Draining Kiss|p1a: Babidi\n|-supereffective|p1a: Babidi\n|-damage|p1a: Babidi|15\/100\n|-heal|p2a: Tapu Lele|61\/100|[from] drain|[of] p1a: Babidi\n|\n|upkeep\n|turn|19\n|\n|t:|1699772405\n|move|p1a: Babidi|Light Screen|p1a: Babidi\n|-sidestart|p1: SapphireSayainUU|move: Light Screen\n|move|p2a: Tapu Lele|Draining Kiss|p1a: Babidi\n|-supereffective|p1a: Babidi\n|-damage|p1a: Babidi|0 fnt\n|-heal|p2a: Tapu Lele|76\/100|[from] drain|[of] p1a: Babidi\n|faint|p1a: Babidi\n|\n|upkeep\n|\n|t:|1699772410\n|switch|p1a: Android 16|Orthworm, F, shiny|100\/100\n|turn|20\n|\n|t:|1699772414\n|move|p2a: Tapu Lele|Focus Blast|p1a: Android 16\n|-supereffective|p1a: Android 16\n|-damage|p1a: Android 16|59\/100\n|-unboost|p1a: Android 16|spd|1\n|move|p1a: Android 16|Shed Tail|p1a: Android 16\n|-start|p1a: Android 16|Substitute|[from] move: Shed Tail\n|-damage|p1a: Android 16|9\/100\n|\n|t:|1699772424\n|switch|p1a: Porunga|Charizard, M|100\/100|[from] Shed Tail\n|\n|upkeep\n|turn|21\n|\n|t:|1699772430\n|detailschange|p1a: Porunga|Charizard-Mega-X, M\n|-mega|p1a: Porunga|Charizard|Charizardite X\n|move|p1a: Porunga|Belly Drum|p1a: Porunga\n|-damage|p1a: Porunga|51\/100\n|-setboost|p1a: Porunga|atk|6|[from] move: Belly Drum\n|move|p2a: Tapu Lele|Moonblast|p1a: Porunga\n|-activate|p1a: Porunga|move: Substitute|[damage]\n|\n|-fieldend|move: Psychic Terrain\n|upkeep\n|turn|22\n|\n|t:|1699772441\n|switch|p2a: Goodra|Goodra-Hisui, M|76\/100\n|move|p1a: Porunga|Quick Attack|p2a: Goodra\n|-resisted|p2a: Goodra\n|-damage|p2a: Goodra|41\/100\n|-ability|p2a: Goodra|Gooey\n|-unboost|p1a: Porunga|spe|1\n|\n|-heal|p2a: Goodra|47\/100|[from] item: Leftovers\n|upkeep\n|turn|23\n|\n|t:|1699772446\n|move|p1a: Porunga|Flame Charge|p2a: Goodra\n|-damage|p2a: Goodra|0 fnt\n|-boost|p1a: Porunga|spe|1\n|-ability|p2a: Goodra|Gooey\n|-unboost|p1a: Porunga|spe|1\n|faint|p2a: Goodra\n|\n|upkeep\n|\n|t:|1699772456\n|switch|p2a: Kangaskhan|Kangaskhan, F|100\/100\n|turn|24\n|\n|t:|1699772459\n|detailschange|p2a: Kangaskhan|Kangaskhan-Mega, F\n|-mega|p2a: Kangaskhan|Kangaskhan|Kangaskhanite\n|move|p2a: Kangaskhan|Fake Out|p1a: Porunga\n|-end|p1a: Porunga|Substitute\n|-damage|p1a: Porunga|45\/100\n|-hitcount|p1a: Porunga|2\n|cant|p1a: Porunga|flinch\n|\n|upkeep\n|turn|25\n|\n|t:|1699772475\n|move|p2a: Kangaskhan|Sucker Punch|p1a: Porunga\n|-damage|p1a: Porunga|19\/100\n|-damage|p1a: Porunga|13\/100\n|-hitcount|p1a: Porunga|2\n|move|p1a: Porunga|Flame Charge|p2a: Kangaskhan\n|-damage|p2a: Kangaskhan|0 fnt\n|-boost|p1a: Porunga|spe|1\n|faint|p2a: Kangaskhan\n|\n|upkeep\n|\n|t:|1699772481\n|switch|p2a: Regieleki|Regieleki|6\/100\n|turn|26\n|\n|t:|1699772485\n|move|p1a: Porunga|Quick Attack|p2a: Regieleki\n|-damage|p2a: Regieleki|0 fnt\n|faint|p2a: Regieleki\n|\n|-sideend|p1: SapphireSayainUU|move: Light Screen\n|upkeep\n|\n|t:|1699772488\n|switch|p2a: Tapu Lele|Tapu Lele|76\/100\n|-fieldstart|move: Psychic Terrain|[from] ability: Psychic Surge|[of] p2a: Tapu Lele\n|turn|27\n|\n|t:|1699772493\n|move|p1a: Porunga|Flame Charge|p2a: Tapu Lele\n|-damage|p2a: Tapu Lele|0 fnt\n|-boost|p1a: Porunga|spe|1\n|faint|p2a: Tapu Lele\n|\n|win|SapphireSayainUU\n|l|\u2606DPPtBro\n","uploadtime":1699772509,"views":8,"p1id":"sapphiresayainuu","p2id":"dpptbro","formatid":"gen9nationaldexubers","rating":0,"private":0,"password":""}