{"id":"gen9nationaldexubers-1985026902","p1":"Malice Incarnate","p2":"85792195wwww","format":"[Gen 9] National Dex Ubers","log":"|j|\u2606Malice Incarnate\n|j|\u260685792195wwww\n|t:|1699322173\n|gametype|singles\n|player|p1|Malice Incarnate|palmer|1592\n|player|p2|85792195wwww|mira|1801\n|teamsize|p1|6\n|teamsize|p2|6\n|gen|9\n|tier|[Gen 9] National Dex Ubers\n|rated|\n|rule|HP Percentage Mod: HP is shown in percentages\n|rule|Endless Battle Clause: Forcing endless battles is banned\n|rule|OHKO Clause: OHKO moves are banned\n|rule|Evasion Moves Clause: Evasion moves are banned\n|rule|Evasion Items Clause: Evasion items are banned\n|rule|Species Clause: Limit one of each Pok\u00e9mon\n|rule|Sleep Clause Mod: Limit one foe put to sleep\n|rule|Mega Rayquaza Clause: You cannot mega evolve Rayquaza\n|clearpoke\n|poke|p1|Groudon|\n|poke|p1|Arceus-Dark|\n|poke|p1|Ho-Oh|\n|poke|p1|Zygarde|\n|poke|p1|Necrozma-Dusk-Mane|\n|poke|p1|Palkia-Origin|\n|poke|p2|Zacian-*|\n|poke|p2|Groudon|\n|poke|p2|Krookodile, F|\n|poke|p2|Blaziken, M|\n|poke|p2|Xerneas-*|\n|poke|p2|Arceus|\n|teampreview\n|inactive|Battle timer is ON: inactive players will automatically lose when time's up. (requested by Malice Incarnate)\n|\n|t:|1699322185\n|start\n|switch|p1a: Palkia|Palkia-Origin|100\/100\n|switch|p2a: Blaziken|Blaziken, M|100\/100\n|-ability|p1a: Palkia|Pressure\n|turn|1\n|\n|t:|1699322198\n|switch|p2a: Zacian|Zacian-Crowned|100\/100\n|-ability|p2a: Zacian|Intrepid Sword|boost\n|-boost|p2a: Zacian|atk|1\n|move|p1a: Palkia|Substitute|p1a: Palkia\n|-start|p1a: Palkia|Substitute\n|-damage|p1a: Palkia|76\/100\n|\n|upkeep\n|turn|2\n|\n|t:|1699322207\n|move|p2a: Zacian|Behemoth Blade|p1a: Palkia\n|-resisted|p1a: Palkia\n|-end|p1a: Palkia|Substitute\n|move|p1a: Palkia|Fire Blast|p2a: Zacian\n|-supereffective|p2a: Zacian\n|-damage|p2a: Zacian|20\/100\n|\n|upkeep\n|turn|3\n|\n|t:|1699322215\n|switch|p1a: Groudon|Groudon|100\/100\n|detailschange|p1a: Groudon|Groudon-Primal\n|-primal|p1a: Groudon|Red Orb\n|-weather|DesolateLand|[from] ability: Desolate Land|[of] p1a: Groudon\n|move|p2a: Zacian|Close Combat|p1a: Groudon\n|-damage|p1a: Groudon|66\/100\n|-unboost|p2a: Zacian|def|1\n|-unboost|p2a: Zacian|spd|1\n|\n|-weather|DesolateLand|[upkeep]\n|upkeep\n|turn|4\n|\n|t:|1699322226\n|-weather|none\n|switch|p1a: Ho-Oh|Ho-Oh|100\/100\n|move|p2a: Zacian|Close Combat|p1a: Ho-Oh\n|-resisted|p1a: Ho-Oh\n|-crit|p1a: Ho-Oh\n|-damage|p1a: Ho-Oh|69\/100\n|-unboost|p2a: Zacian|def|1\n|-unboost|p2a: Zacian|spd|1\n|\n|upkeep\n|turn|5\n|\n|t:|1699322236\n|move|p2a: Zacian|Wild Charge|p1a: Ho-Oh\n|-supereffective|p1a: Ho-Oh\n|-damage|p1a: Ho-Oh|5\/100\n|-damage|p2a: Zacian|0 fnt|[from] Recoil\n|faint|p2a: Zacian\n|move|p1a: Ho-Oh|Sacred Fire|p2: Zacian|[notarget]\n|-fail|p1a: Ho-Oh\n|\n|upkeep\n|\n|t:|1699322244\n|switch|p2a: Krookodile|Krookodile, F|100\/100\n|-ability|p2a: Krookodile|Intimidate|boost\n|-unboost|p1a: Ho-Oh|atk|1\n|turn|6\n|\n|t:|1699322255\n|switch|p1a: Palkia|Palkia-Origin|76\/100\n|-ability|p1a: Palkia|Pressure\n|move|p2a: Krookodile|Stealth Rock|p1a: Palkia\n|-sidestart|p1: Malice Incarnate|move: Stealth Rock\n|\n|upkeep\n|turn|7\n|\n|t:|1699322262\n|move|p1a: Palkia|Substitute|p1a: Palkia\n|-start|p1a: Palkia|Substitute\n|-damage|p1a: Palkia|51\/100\n|move|p2a: Krookodile|Bulldoze|p1a: Palkia\n|-end|p1a: Palkia|Substitute\n|\n|upkeep\n|turn|8\n|\n|t:|1699322269\n|move|p1a: Palkia|Spacial Rend|p2a: Krookodile\n|-damage|p2a: Krookodile|3\/100\n|move|p2a: Krookodile|Bulldoze|p1a: Palkia\n|-damage|p1a: Palkia|21\/100\n|-unboost|p1a: Palkia|spe|1\n|\n|upkeep\n|turn|9\n|\n|t:|1699322276\n|move|p2a: Krookodile|Bulldoze|p1a: Palkia\n|-damage|p1a: Palkia|0 fnt\n|faint|p1a: Palkia\n|\n|upkeep\n|\n|t:|1699322285\n|switch|p1a: Arceus|Arceus-Dark|100\/100\n|-damage|p1a: Arceus|88\/100|[from] Stealth Rock\n|turn|10\n|\n|t:|1699322293\n|move|p1a: Arceus|Foul Play|p2a: Krookodile\n|-resisted|p2a: Krookodile\n|-damage|p2a: Krookodile|0 fnt\n|faint|p2a: Krookodile\n|\n|upkeep\n|\n|t:|1699322301\n|switch|p2a: Blaziken|Blaziken, M|100\/100\n|turn|11\n|\n|t:|1699322311\n|switch|p1a: Zygarde|Zygarde|100\/100\n|-damage|p1a: Zygarde|94\/100|[from] Stealth Rock\n|detailschange|p2a: Blaziken|Blaziken-Mega, M\n|-mega|p2a: Blaziken|Blaziken|Blazikenite\n|move|p2a: Blaziken|Close Combat|p1a: Zygarde\n|-damage|p1a: Zygarde|52\/100\n|-unboost|p2a: Blaziken|def|1\n|-unboost|p2a: Blaziken|spd|1\n|\n|-heal|p1a: Zygarde|58\/100|[from] item: Leftovers\n|-ability|p2a: Blaziken|Speed Boost|boost\n|-boost|p2a: Blaziken|spe|1\n|upkeep\n|turn|12\n|\n|t:|1699322333\n|switch|p2a: Arceus|Arceus|100\/100\n|move|p1a: Zygarde|Thousand Arrows|p2a: Arceus\n|-damage|p2a: Arceus|79\/100\n|\n|-heal|p1a: Zygarde|64\/100|[from] item: Leftovers\n|upkeep\n|turn|13\n|\n|t:|1699322341\n|move|p2a: Arceus|Swords Dance|p2a: Arceus\n|-boost|p2a: Arceus|atk|2\n|move|p1a: Zygarde|Glare|p2a: Arceus\n|-status|p2a: Arceus|par\n|\n|-heal|p1a: Zygarde|71\/100|[from] item: Leftovers\n|upkeep\n|turn|14\n|\n|t:|1699322350\n|cant|p2a: Arceus|par\n|move|p1a: Zygarde|Coil|p1a: Zygarde\n|-boost|p1a: Zygarde|atk|1\n|-boost|p1a: Zygarde|def|1\n|-boost|p1a: Zygarde|accuracy|1\n|\n|-heal|p1a: Zygarde|77\/100|[from] item: Leftovers\n|upkeep\n|turn|15\n|\n|t:|1699322367\n|move|p2a: Arceus|Extreme Speed|p1a: Zygarde\n|-damage|p1a: Zygarde|35\/100\n|-damage|p2a: Arceus|70\/100 par|[from] item: Life Orb\n|move|p1a: Zygarde|Coil|p1a: Zygarde\n|-boost|p1a: Zygarde|atk|1\n|-boost|p1a: Zygarde|def|1\n|-boost|p1a: Zygarde|accuracy|1\n|\n|-heal|p1a: Zygarde|41\/100|[from] item: Leftovers\n|-activate|p1a: Zygarde|ability: Power Construct\n|detailschange|p1a: Zygarde|Zygarde-Complete\n|-heal|p1a: Zygarde|61\/100|[silent]\n|upkeep\n|turn|16\n|\n|t:|1699322382\n|move|p1a: Zygarde|Coil|p1a: Zygarde\n|-boost|p1a: Zygarde|atk|1\n|-boost|p1a: Zygarde|def|1\n|-boost|p1a: Zygarde|accuracy|1\n|move|p2a: Arceus|Swords Dance|p2a: Arceus\n|-boost|p2a: Arceus|atk|2\n|\n|-heal|p1a: Zygarde|68\/100|[from] item: Leftovers\n|upkeep\n|turn|17\n|\n|t:|1699322392\n|move|p2a: Arceus|Extreme Speed|p1a: Zygarde\n|-damage|p1a: Zygarde|46\/100\n|-damage|p2a: Arceus|60\/100 par|[from] item: Life Orb\n|move|p1a: Zygarde|Thousand Arrows|p2a: Arceus\n|-damage|p2a: Arceus|5\/100 par\n|\n|-heal|p1a: Zygarde|52\/100|[from] item: Leftovers\n|upkeep\n|turn|18\n|\n|t:|1699322404\n|move|p2a: Arceus|Extreme Speed|p1a: Zygarde\n|-damage|p1a: Zygarde|30\/100\n|-damage|p2a: Arceus|0 fnt|[from] item: Life Orb\n|faint|p2a: Arceus\n|move|p1a: Zygarde|Coil|p1a: Zygarde\n|-boost|p1a: Zygarde|atk|1\n|-boost|p1a: Zygarde|def|1\n|-boost|p1a: Zygarde|accuracy|1\n|\n|-heal|p1a: Zygarde|36\/100|[from] item: Leftovers\n|upkeep\n|\n|t:|1699322415\n|switch|p2a: Xerneas|Xerneas|100\/100\n|-ability|p2a: Xerneas|Fairy Aura\n|turn|19\n|\n|t:|1699322420\n|move|p2a: Xerneas|Moonblast|p1a: Zygarde\n|-supereffective|p1a: Zygarde\n|-damage|p1a: Zygarde|0 fnt\n|faint|p1a: Zygarde\n|\n|upkeep\n|\n|t:|1699322422\n|switch|p1a: Necrozma|Necrozma-Dusk-Mane|100\/100\n|-damage|p1a: Necrozma|95\/100|[from] Stealth Rock\n|turn|20\n|\n|t:|1699322430\n|switch|p2a: Groudon|Groudon|100\/100\n|detailschange|p2a: Groudon|Groudon-Primal\n|-primal|p2a: Groudon|Red Orb\n|-weather|DesolateLand|[from] ability: Desolate Land|[of] p2a: Groudon\n|-zpower|p1a: Necrozma\n|move|p1a: Necrozma|Searing Sunraze Smash|p2a: Groudon|[zeffect]\n|-resisted|p2a: Groudon\n|-damage|p2a: Groudon|65\/100\n|\n|-weather|DesolateLand|[upkeep]\n|upkeep\n|turn|21\n|\n|t:|1699322448\n|switch|p1a: Arceus|Arceus-Dark|88\/100\n|-damage|p1a: Arceus|76\/100|[from] Stealth Rock\n|move|p2a: Groudon|Heat Crash|p1a: Arceus\n|-damage|p1a: Arceus|24\/100\n|\n|-weather|DesolateLand|[upkeep]\n|upkeep\n|turn|22\n|\n|t:|1699322456\n|move|p1a: Arceus|Foul Play|p2a: Groudon\n|-damage|p2a: Groudon|12\/100\n|move|p2a: Groudon|Heat Crash|p1a: Arceus\n|-damage|p1a: Arceus|0 fnt\n|faint|p1a: Arceus\n|\n|-weather|DesolateLand|[upkeep]\n|upkeep\n|\n|t:|1699322462\n|switch|p1a: Ho-Oh|Ho-Oh|38\/100\n|turn|23\n|\n|t:|1699322466\n|move|p2a: Groudon|Heat Crash|p1a: Ho-Oh\n|-resisted|p1a: Ho-Oh\n|-damage|p1a: Ho-Oh|0 fnt\n|faint|p1a: Ho-Oh\n|\n|-weather|DesolateLand|[upkeep]\n|upkeep\n|\n|t:|1699322468\n|switch|p1a: Necrozma|Necrozma-Dusk-Mane|95\/100\n|-damage|p1a: Necrozma|89\/100|[from] Stealth Rock\n|turn|24\n|\n|t:|1699322478\n|move|p1a: Necrozma|Earthquake|p2a: Groudon\n|-supereffective|p2a: Groudon\n|-damage|p2a: Groudon|0 fnt\n|faint|p2a: Groudon\n|-weather|none\n|\n|upkeep\n|\n|t:|1699322505\n|switch|p2a: Blaziken|Blaziken-Mega, M|100\/100\n|turn|25\n|\n|t:|1699322512\n|move|p2a: Blaziken|Close Combat|p1a: Necrozma\n|-damage|p1a: Necrozma|28\/100\n|-unboost|p2a: Blaziken|def|1\n|-unboost|p2a: Blaziken|spd|1\n|move|p1a: Necrozma|Dragon Dance|p1a: Necrozma\n|-boost|p1a: Necrozma|atk|1\n|-boost|p1a: Necrozma|spe|1\n|\n|-ability|p2a: Blaziken|Speed Boost|boost\n|-boost|p2a: Blaziken|spe|1\n|upkeep\n|turn|26\n|\n|t:|1699322524\n|move|p2a: Blaziken|Close Combat|p1a: Necrozma\n|-damage|p1a: Necrozma|0 fnt\n|-unboost|p2a: Blaziken|def|1\n|-unboost|p2a: Blaziken|spd|1\n|faint|p1a: Necrozma\n|\n|-ability|p2a: Blaziken|Speed Boost|boost\n|-boost|p2a: Blaziken|spe|1\n|upkeep\n|\n|t:|1699322527\n|switch|p1a: Groudon|Groudon-Primal|66\/100\n|-damage|p1a: Groudon|54\/100|[from] Stealth Rock\n|-weather|DesolateLand|[from] ability: Desolate Land|[of] p1a: Groudon\n|turn|27\n|\n|t:|1699322539\n|move|p2a: Blaziken|Close Combat|p1a: Groudon\n|-damage|p1a: Groudon|15\/100\n|-unboost|p2a: Blaziken|def|1\n|-unboost|p2a: Blaziken|spd|1\n|move|p1a: Groudon|Earthquake|p2a: Blaziken\n|-supereffective|p2a: Blaziken\n|-damage|p2a: Blaziken|0 fnt\n|faint|p2a: Blaziken\n|\n|-weather|DesolateLand|[upkeep]\n|upkeep\n|\n|t:|1699322548\n|switch|p2a: Xerneas|Xerneas|100\/100\n|-ability|p2a: Xerneas|Fairy Aura\n|turn|28\n|\n|t:|1699322554\n|-terastallize|p2a: Xerneas|Fairy\n|move|p2a: Xerneas|Moonblast|p1a: Groudon\n|-resisted|p1a: Groudon\n|-damage|p1a: Groudon|0 fnt\n|faint|p1a: Groudon\n|-weather|none\n|\n|win|85792195wwww\n|raw|Malice Incarnate's rating: 1592 &rarr; <strong>1583<\/strong><br \/>(-9 for losing)\n|raw|85792195wwww's rating: 1801 &rarr; <strong>1810<\/strong><br \/>(+9 for winning)\n|l|\u2606Malice Incarnate\n","uploadtime":1699322562,"views":6,"p1id":"maliceincarnate","p2id":"85792195wwww","formatid":"gen9nationaldexubers","rating":1583,"private":0,"password":""}