{"id":"gen9nationaldexubers-1992631275","p1":"KarmaNightraide","p2":"Ronald 01","format":"[Gen 9] National Dex Ubers","log":"|j|\u2606KarmaNightraide\n|j|\u2606Ronald 01\n|t:|1700217615\n|gametype|singles\n|player|p1|KarmaNightraide|unknown|1226\n|player|p2|Ronald 01|red|1116\n|teamsize|p1|6\n|teamsize|p2|6\n|gen|9\n|tier|[Gen 9] National Dex Ubers\n|rated|\n|rule|HP Percentage Mod: HP is shown in percentages\n|rule|Endless Battle Clause: Forcing endless battles is banned\n|rule|OHKO Clause: OHKO moves are banned\n|rule|Evasion Moves Clause: Evasion moves are banned\n|rule|Evasion Items Clause: Evasion items are banned\n|rule|Species Clause: Limit one of each Pok\u00e9mon\n|rule|Sleep Clause Mod: Limit one foe put to sleep\n|rule|Mega Rayquaza Clause: You cannot mega evolve Rayquaza\n|clearpoke\n|poke|p1|Mimikyu, M|\n|poke|p1|Banette, F|\n|poke|p1|Polteageist-Antique|\n|poke|p1|Skeledirge, M|\n|poke|p1|Gourgeist-*, F|\n|poke|p1|Basculegion, M|\n|poke|p2|Incineroar, M|\n|poke|p2|Feraligatr, M|\n|poke|p2|Sceptile, M|\n|poke|p2|Lucario, M|\n|poke|p2|Zeraora|\n|poke|p2|Garchomp, M|\n|teampreview\n|\n|t:|1700217625\n|start\n|switch|p1a: Go to sleep...|Banette, F|100\/100\n|switch|p2a: Garchomp|Garchomp, M|100\/100\n|turn|1\n|\n|t:|1700217635\n|detailschange|p1a: Go to sleep...|Banette-Mega, F\n|-mega|p1a: Go to sleep...|Banette|Banettite\n|-terastallize|p2a: Garchomp|Fire\n|move|p1a: Go to sleep...|Taunt|p2a: Garchomp\n|-start|p2a: Garchomp|move: Taunt\n|move|p2a: Garchomp|Fire Blast|p1a: Go to sleep...\n|-damage|p1a: Go to sleep...|46\/100\n|\n|upkeep\n|turn|2\n|\n|t:|1700217647\n|move|p1a: Go to sleep...|Destiny Bond|p1a: Go to sleep...\n|-singlemove|p1a: Go to sleep...|Destiny Bond\n|move|p2a: Garchomp|Fire Blast|p1a: Go to sleep...\n|-damage|p1a: Go to sleep...|0 fnt\n|faint|p1a: Go to sleep...\n|-activate|p1a: Go to sleep...|move: Destiny Bond\n|faint|p2a: Garchomp\n|\n|upkeep\n|\n|t:|1700217661\n|switch|p2a: Feraligatr|Feraligatr, M|100\/100\n|switch|p1a: Dundy|Skeledirge, M|100\/100\n|turn|3\n|\n|t:|1700217670\n|move|p1a: Dundy|Earth Power|p2a: Feraligatr\n|-crit|p2a: Feraligatr\n|-damage|p2a: Feraligatr|57\/100\n|move|p2a: Feraligatr|Hydro Pump|p1a: Dundy\n|-supereffective|p1a: Dundy\n|-damage|p1a: Dundy|22\/100\n|\n|-heal|p1a: Dundy|28\/100|[from] item: Leftovers\n|upkeep\n|turn|4\n|\n|t:|1700217683\n|move|p1a: Dundy|Earth Power|p2a: Feraligatr\n|-damage|p2a: Feraligatr|26\/100\n|move|p2a: Feraligatr|Hydro Pump|p1a: Dundy\n|-supereffective|p1a: Dundy\n|-damage|p1a: Dundy|0 fnt\n|faint|p1a: Dundy\n|\n|upkeep\n|\n|t:|1700217691\n|switch|p1a: Pumpin|Gourgeist-Small, F|100\/100\n|turn|5\n|\n|t:|1700217696\n|-zpower|p1a: Pumpin\n|move|p1a: Pumpin|Z-Trick-or-Treat|p2a: Feraligatr|[anim]Trick-or-Treat\n|-boost|p1a: Pumpin|atk|1|[zeffect]\n|-boost|p1a: Pumpin|def|1|[zeffect]\n|-boost|p1a: Pumpin|spa|1|[zeffect]\n|-boost|p1a: Pumpin|spd|1|[zeffect]\n|-boost|p1a: Pumpin|spe|1|[zeffect]\n|-start|p2a: Feraligatr|typeadd|Ghost|[from] move: Trick-or-Treat\n|move|p2a: Feraligatr|Crunch|p1a: Pumpin\n|-supereffective|p1a: Pumpin\n|-damage|p1a: Pumpin|70\/100\n|\n|upkeep\n|turn|6\n|\n|t:|1700217710\n|move|p1a: Pumpin|Poltergeist|p2a: Feraligatr\n|-activate|p2a: Feraligatr|move: Poltergeist|Aguav Berry\n|-supereffective|p2a: Feraligatr\n|-crit|p2a: Feraligatr\n|-damage|p2a: Feraligatr|0 fnt\n|faint|p2a: Feraligatr\n|\n|upkeep\n|\n|t:|1700217718\n|switch|p2a: Incineroar|Incineroar, M|100\/100\n|-ability|p2a: Incineroar|Intimidate|boost\n|-unboost|p1a: Pumpin|atk|1\n|turn|7\n|\n|t:|1700217728\n|move|p1a: Pumpin|Trick-or-Treat|p2a: Incineroar\n|-start|p2a: Incineroar|typeadd|Ghost|[from] move: Trick-or-Treat\n|move|p2a: Incineroar|Darkest Lariat|p1a: Pumpin\n|-supereffective|p1a: Pumpin\n|-damage|p1a: Pumpin|0 fnt\n|faint|p1a: Pumpin\n|\n|upkeep\n|\n|t:|1700217736\n|switch|p1a: Wanna sip?|Polteageist-Antique|100\/100\n|turn|8\n|\n|t:|1700217744\n|move|p1a: Wanna sip?|Shell Smash|p1a: Wanna sip?\n|-unboost|p1a: Wanna sip?|def|1\n|-unboost|p1a: Wanna sip?|spd|1\n|-boost|p1a: Wanna sip?|atk|2\n|-boost|p1a: Wanna sip?|spa|2\n|-boost|p1a: Wanna sip?|spe|2\n|move|p2a: Incineroar|Darkest Lariat|p1a: Wanna sip?\n|-supereffective|p1a: Wanna sip?\n|-enditem|p1a: Wanna sip?|Focus Sash\n|-damage|p1a: Wanna sip?|1\/100\n|-ability|p1a: Wanna sip?|Weak Armor|boost\n|-unboost|p1a: Wanna sip?|def|1\n|-boost|p1a: Wanna sip?|spe|2\n|\n|upkeep\n|turn|9\n|\n|t:|1700217758\n|move|p1a: Wanna sip?|Shadow Ball|p2a: Incineroar\n|-damage|p2a: Incineroar|15\/100\n|move|p2a: Incineroar|Flamethrower|p1a: Wanna sip?\n|-damage|p1a: Wanna sip?|0 fnt\n|faint|p1a: Wanna sip?\n|\n|upkeep\n|\n|t:|1700217766\n|switch|p1a: Lil guy my man|Mimikyu, M|100\/100\n|turn|10\n|\n|t:|1700217778\n|move|p1a: Lil guy my man|Shadow Sneak|p2a: Incineroar\n|-damage|p2a: Incineroar|0 fnt\n|faint|p2a: Incineroar\n|-damage|p1a: Lil guy my man|91\/100|[from] item: Life Orb\n|\n|upkeep\n|\n|t:|1700217788\n|switch|p2a: Sceptile|Sceptile, M|100\/100\n|turn|11\n|\n|t:|1700217801\n|move|p1a: Lil guy my man|Play Rough|p2a: Sceptile\n|-damage|p2a: Sceptile|35\/100\n|-damage|p1a: Lil guy my man|81\/100|[from] item: Life Orb\n|move|p2a: Sceptile|Leaf Blade|p1a: Lil guy my man\n|-activate|p1a: Lil guy my man|ability: Disguise\n|-damage|p1a: Lil guy my man|81\/100\n|detailschange|p1a: Lil guy my man|Mimikyu-Busted, M\n|-damage|p1a: Lil guy my man|68\/100|[from] pokemon: Mimikyu-Busted\n|\n|upkeep\n|turn|12\n|\n|t:|1700217816\n|move|p1a: Lil guy my man|Play Rough|p2a: Sceptile\n|-damage|p2a: Sceptile|0 fnt\n|faint|p2a: Sceptile\n|-damage|p1a: Lil guy my man|58\/100|[from] item: Life Orb\n|\n|upkeep\n|\n|t:|1700217822\n|switch|p2a: Lucario|Lucario, M|100\/100\n|turn|13\n|\n|t:|1700217832\n|detailschange|p2a: Lucario|Lucario-Mega, M\n|-mega|p2a: Lucario|Lucario|Lucarionite\n|-terastallize|p1a: Lil guy my man|Fighting\n|move|p1a: Lil guy my man|Drain Punch|p2a: Lucario\n|-supereffective|p2a: Lucario\n|-damage|p2a: Lucario|9\/100\n|-heal|p1a: Lil guy my man|100\/100|[from] drain|[of] p2a: Lucario\n|-damage|p1a: Lil guy my man|91\/100|[from] item: Life Orb\n|move|p2a: Lucario|Meteor Mash|p1a: Lil guy my man\n|-damage|p1a: Lil guy my man|0 fnt\n|faint|p1a: Lil guy my man\n|\n|upkeep\n|\n|t:|1700217845\n|switch|p1a: Fish|Basculegion, M|100\/100\n|turn|14\n|\n|t:|1700217855\n|move|p2a: Lucario|Meteor Mash|p1a: Fish|[miss]\n|-miss|p2a: Lucario|p1a: Fish\n|move|p1a: Fish|Rain Dance|p1a: Fish\n|-weather|RainDance\n|\n|-weather|RainDance|[upkeep]\n|upkeep\n|turn|15\n|\n|t:|1700217867\n|move|p1a: Fish|Scale Shot|p2a: Lucario|[miss]\n|-miss|p1a: Fish|p2a: Lucario\n|move|p2a: Lucario|Dragon Pulse|p1a: Fish\n|-damage|p1a: Fish|71\/100\n|\n|-weather|RainDance|[upkeep]\n|upkeep\n|turn|16\n|\n|t:|1700217877\n|move|p1a: Fish|Scale Shot|p2a: Lucario\n|-resisted|p2a: Lucario\n|-damage|p2a: Lucario|5\/100\n|-resisted|p2a: Lucario\n|-damage|p2a: Lucario|0 fnt\n|faint|p2a: Lucario\n|-hitcount|p2: Lucario|2\n|-unboost|p1a: Fish|def|1\n|-boost|p1a: Fish|spe|1\n|\n|-weather|RainDance|[upkeep]\n|upkeep\n|\n|t:|1700217888\n|switch|p2a: Zeraora|Zeraora|100\/100\n|turn|17\n|\n|t:|1700217892\n|move|p1a: Fish|Last Respects|p2a: Zeraora\n|-damage|p2a: Zeraora|0 fnt\n|faint|p2a: Zeraora\n|\n|win|KarmaNightraide\n|raw|KarmaNightraide's rating: 1226 &rarr; <strong>1241<\/strong><br \/>(+15 for winning)\n|raw|Ronald 01's rating: 1087 &rarr; <strong>1073<\/strong><br \/>(-14 for losing)\n","uploadtime":1700217914,"views":8,"p1id":"karmanightraide","p2id":"ronald01","formatid":"gen9nationaldexubers","rating":1073,"private":0,"password":""}