{"id":"gen9nationaldexubers-1997453641","p1":"leafsmargdust","p2":"superyupi","format":"[Gen 9] National Dex Ubers","log":"|j|\u2606leafsmargdust\n|j|\u2606superyupi\n|t:|1700807978\n|gametype|singles\n|player|p1|leafsmargdust|twins-gen4dp|\n|player|p2|superyupi|lenora|\n|teamsize|p1|6\n|teamsize|p2|6\n|gen|9\n|tier|[Gen 9] National Dex Ubers\n|rule|HP Percentage Mod: HP is shown in percentages\n|rule|Endless Battle Clause: Forcing endless battles is banned\n|rule|OHKO Clause: OHKO moves are banned\n|rule|Evasion Moves Clause: Evasion moves are banned\n|rule|Evasion Items Clause: Evasion items are banned\n|rule|Species Clause: Limit one of each Pok\u00e9mon\n|rule|Sleep Clause Mod: Limit one foe put to sleep\n|rule|Mega Rayquaza Clause: You cannot mega evolve Rayquaza\n|clearpoke\n|poke|p1|Cryogonal|\n|poke|p1|Leafeon, M|\n|poke|p1|Sceptile, M|\n|poke|p1|Buzzwole|\n|poke|p1|Dragapult, M|\n|poke|p1|Obstagoon, M|\n|poke|p2|Volcarona, M|\n|poke|p2|Slither Wing|\n|poke|p2|Galvantula, F|\n|poke|p2|Araquanid, F|\n|poke|p2|Frosmoth, F|\n|poke|p2|Spidops, M|\n|teampreview\n|\n|t:|1700807989\n|start\n|switch|p1a: Leafeon|Leafeon, M|100\/100\n|switch|p2a: Spidops|Spidops, M|100\/100\n|turn|1\n|\n|t:|1700808004\n|-zpower|p1a: Leafeon\n|move|p1a: Leafeon|Z-Celebrate|p1a: Leafeon|[anim]Celebrate\n|-boost|p1a: Leafeon|atk|1|[zeffect]\n|-boost|p1a: Leafeon|def|1|[zeffect]\n|-boost|p1a: Leafeon|spa|1|[zeffect]\n|-boost|p1a: Leafeon|spd|1|[zeffect]\n|-boost|p1a: Leafeon|spe|1|[zeffect]\n|-activate|p1a: Leafeon|move: Celebrate\n|move|p2a: Spidops|Sticky Web|p1a: Leafeon\n|-sidestart|p1: leafsmargdust|move: Sticky Web\n|\n|upkeep\n|turn|2\n|\n|t:|1700808023\n|move|p1a: Leafeon|Swords Dance|p1a: Leafeon\n|-boost|p1a: Leafeon|atk|2\n|move|p2a: Spidops|Toxic Spikes|p1a: Leafeon\n|-sidestart|p1: leafsmargdust|move: Toxic Spikes\n|\n|upkeep\n|turn|3\n|\n|t:|1700808032\n|move|p2a: Spidops|First Impression||[still]\n|-hint|First Impression only works on your first turn out.\n|-fail|p2a: Spidops\n|move|p1a: Leafeon|Leaf Blade|p2a: Spidops\n|-resisted|p2a: Spidops\n|-damage|p2a: Spidops|52\/100\n|\n|-heal|p2a: Spidops|58\/100|[from] item: Leftovers\n|upkeep\n|turn|4\n|\n|t:|1700808041\n|move|p1a: Leafeon|Knock Off|p2a: Spidops\n|-damage|p2a: Spidops|0 fnt\n|-enditem|p2a: Spidops|Leftovers|[from] move: Knock Off|[of] p1a: Leafeon\n|faint|p2a: Spidops\n|\n|upkeep\n|\n|t:|1700808048\n|switch|p2a: Araquanid|Araquanid, F|100\/100\n|turn|5\n|\n|t:|1700808052\n|move|p2a: Araquanid|Magic Coat|p2a: Araquanid\n|-singleturn|p2a: Araquanid|move: Magic Coat\n|move|p1a: Leafeon|Leaf Blade|p2a: Araquanid\n|-damage|p2a: Araquanid|0 fnt\n|faint|p2a: Araquanid\n|\n|upkeep\n|\n|t:|1700808063\n|switch|p2a: Galvantula|Galvantula, F|100\/100\n|turn|6\n|\n|t:|1700808069\n|move|p1a: Leafeon|Knock Off|p2a: Galvantula\n|-damage|p2a: Galvantula|0 fnt\n|-enditem|p2a: Galvantula|Life Orb|[from] move: Knock Off|[of] p1a: Leafeon\n|faint|p2a: Galvantula\n|\n|upkeep\n|\n|t:|1700808076\n|switch|p2a: Frosmoth|Frosmoth, F|100\/100\n|turn|7\n|\n|t:|1700808082\n|move|p1a: Leafeon|Knock Off|p2a: Frosmoth\n|-damage|p2a: Frosmoth|0 fnt\n|-enditem|p2a: Frosmoth|Wiki Berry|[from] move: Knock Off|[of] p1a: Leafeon\n|faint|p2a: Frosmoth\n|\n|upkeep\n|\n|t:|1700808088\n|switch|p2a: Volcarona|Volcarona, M|100\/100\n|turn|8\n|\n|t:|1700808093\n|move|p1a: Leafeon|Knock Off|p2a: Volcarona\n|-damage|p2a: Volcarona|15\/100\n|-status|p1a: Leafeon|brn|[from] ability: Flame Body|[of] p2a: Volcarona\n|-enditem|p2a: Volcarona|Iapapa Berry|[from] move: Knock Off|[of] p1a: Leafeon\n|move|p2a: Volcarona|Quiver Dance|p2a: Volcarona\n|-boost|p2a: Volcarona|spa|1\n|-boost|p2a: Volcarona|spd|1\n|-boost|p2a: Volcarona|spe|1\n|\n|-damage|p1a: Leafeon|95\/100 brn|[from] brn\n|upkeep\n|turn|9\n|\n|t:|1700808105\n|move|p1a: Leafeon|Knock Off|p2a: Volcarona\n|-damage|p2a: Volcarona|0 fnt\n|faint|p2a: Volcarona\n|\n|-damage|p1a: Leafeon|89\/100 brn|[from] brn\n|upkeep\n|\n|t:|1700808111\n|switch|p2a: Slither Wing|Slither Wing|100\/100\n|turn|10\n|\n|t:|1700808117\n|-terastallize|p2a: Slither Wing|Bug\n|move|p2a: Slither Wing|First Impression|p1a: Leafeon\n|-supereffective|p1a: Leafeon\n|-damage|p1a: Leafeon|0 fnt\n|faint|p1a: Leafeon\n|\n|upkeep\n|\n|t:|1700808127\n|switch|p1a: Buzzwole|Buzzwole|100\/100\n|-activate|p1a: Buzzwole|move: Sticky Web\n|-unboost|p1a: Buzzwole|spe|1\n|-status|p1a: Buzzwole|psn\n|turn|11\n|\n|t:|1700808135\n|move|p2a: Slither Wing|Flare Blitz|p1a: Buzzwole\n|-supereffective|p1a: Buzzwole\n|-damage|p1a: Buzzwole|56\/100 psn\n|-damage|p2a: Slither Wing|81\/100|[from] Recoil\n|move|p1a: Buzzwole|Toxic|p2a: Slither Wing\n|-status|p2a: Slither Wing|tox\n|\n|-heal|p1a: Buzzwole|63\/100 psn|[from] item: Leftovers\n|-damage|p2a: Slither Wing|75\/100 tox|[from] psn\n|-damage|p1a: Buzzwole|50\/100 psn|[from] psn\n|upkeep\n|turn|12\n|\n|t:|1700808149\n|move|p2a: Slither Wing|Flare Blitz|p1a: Buzzwole\n|-supereffective|p1a: Buzzwole\n|-damage|p1a: Buzzwole|7\/100 psn\n|-damage|p2a: Slither Wing|56\/100 tox|[from] Recoil\n|move|p1a: Buzzwole|Roost|p1a: Buzzwole\n|-heal|p1a: Buzzwole|57\/100 psn\n|-singleturn|p1a: Buzzwole|move: Roost\n|\n|-heal|p1a: Buzzwole|63\/100 psn|[from] item: Leftovers\n|-damage|p2a: Slither Wing|44\/100 tox|[from] psn\n|-damage|p1a: Buzzwole|51\/100 psn|[from] psn\n|upkeep\n|turn|13\n|\n|t:|1700808165\n|-terastallize|p1a: Buzzwole|Flying\n|move|p2a: Slither Wing|U-turn|p1a: Buzzwole\n|-resisted|p1a: Buzzwole\n|-damage|p1a: Buzzwole|38\/100 psn\n|move|p1a: Buzzwole|Roost|p1a: Buzzwole\n|-heal|p1a: Buzzwole|89\/100 psn\n|-hint|If a Flying Terastallized Pokemon uses Roost, it remains Flying-type.\n|\n|-heal|p1a: Buzzwole|95\/100 psn|[from] item: Leftovers\n|-damage|p2a: Slither Wing|25\/100 tox|[from] psn\n|-damage|p1a: Buzzwole|82\/100 psn|[from] psn\n|upkeep\n|turn|14\n|\n|t:|1700808185\n|switch|p1a: Dragapult|Dragapult, M, shiny|100\/100\n|-activate|p1a: Dragapult|move: Sticky Web\n|-fail|p1a: Dragapult|unboost|[from] ability: Clear Body|[of] p1a: Dragapult\n|-status|p1a: Dragapult|psn\n|move|p2a: Slither Wing|Flare Blitz|p1a: Dragapult\n|-resisted|p1a: Dragapult\n|-damage|p1a: Dragapult|63\/100 psn\n|-damage|p2a: Slither Wing|13\/100 tox|[from] Recoil\n|\n|-damage|p1a: Dragapult|50\/100 psn|[from] psn\n|-damage|p2a: Slither Wing|0 fnt|[from] psn\n|faint|p2a: Slither Wing\n|-end|p2a: Slither Wing|Protosynthesis|[silent]\n|\n|win|leafsmargdust\n|upkeep\n","uploadtime":1700808197,"views":3,"p1id":"leafsmargdust","p2id":"superyupi","formatid":"gen9nationaldexubers","rating":0,"private":0,"password":""}