{"id":"gen9nationaldexubers-1981470128","p1":"D. Lawrenzz","p2":"ANinjaDude","format":"[Gen 9] National Dex Ubers","log":"|j|\u2606D. Lawrenzz\n|j|\u2606ANinjaDude\n|t:|1698901823\n|gametype|singles\n|player|p1|D. Lawrenzz|blue-masters|\n|player|p2|ANinjaDude|volkner|\n|teamsize|p1|6\n|teamsize|p2|6\n|gen|9\n|tier|[Gen 9] National Dex Ubers\n|rule|HP Percentage Mod: HP is shown in percentages\n|rule|Endless Battle Clause: Forcing endless battles is banned\n|rule|OHKO Clause: OHKO moves are banned\n|rule|Evasion Moves Clause: Evasion moves are banned\n|rule|Evasion Items Clause: Evasion items are banned\n|rule|Species Clause: Limit one of each Pok\u00e9mon\n|rule|Sleep Clause Mod: Limit one foe put to sleep\n|rule|Mega Rayquaza Clause: You cannot mega evolve Rayquaza\n|clearpoke\n|poke|p1|Ribombee, F|\n|poke|p1|Lopunny, M|\n|poke|p1|Great Tusk|\n|poke|p1|Ogerpon-Wellspring, F|\n|poke|p1|Bisharp, F|\n|poke|p1|Iron Moth|\n|poke|p2|Landorus-Therian, M|\n|poke|p2|Celesteela|\n|poke|p2|Thundurus-Therian, M|\n|poke|p2|Dragonite, M|\n|poke|p2|Shaymin-Sky|\n|poke|p2|Lopunny, F|\n|teampreview\n|inactive|Battle timer is ON: inactive players will automatically lose when time's up. (requested by D. Lawrenzz)\n|c|\u2606ANinjaDude|glhf\n|c|\u2606D. Lawrenzz|hf\n|\n|t:|1698901838\n|start\n|switch|p1a: Lopunny|Lopunny, M|100\/100\n|switch|p2a: Lopunny|Lopunny, F|100\/100\n|turn|1\n|\n|t:|1698901841\n|detailschange|p2a: Lopunny|Lopunny-Mega, F\n|-mega|p2a: Lopunny|Lopunny|Lopunnite\n|detailschange|p1a: Lopunny|Lopunny-Mega, M\n|-mega|p1a: Lopunny|Lopunny|Lopunnite\n|move|p2a: Lopunny|Fake Out|p1a: Lopunny\n|-damage|p1a: Lopunny|72\/100\n|cant|p1a: Lopunny|flinch\n|\n|upkeep\n|turn|2\n|c|\u2606ANinjaDude|speed tie time\n|\n|t:|1698901865\n|switch|p1a: Great Tusk|Great Tusk|100\/100\n|move|p2a: Lopunny|Return|p1a: Great Tusk\n|-damage|p1a: Great Tusk|64\/100\n|\n|upkeep\n|turn|3\n|\n|t:|1698901872\n|move|p2a: Lopunny|U-turn|p1a: Great Tusk\n|-resisted|p1a: Great Tusk\n|-damage|p1a: Great Tusk|55\/100\n|\n|t:|1698901875\n|switch|p2a: Landorus|Landorus-Therian, M|100\/100|[from] U-turn\n|-ability|p2a: Landorus|Intimidate|boost\n|-unboost|p1a: Great Tusk|atk|1\n|move|p1a: Great Tusk|Rapid Spin|p2a: Landorus\n|-damage|p2a: Landorus|85\/100\n|-boost|p1a: Great Tusk|spe|1\n|\n|upkeep\n|turn|4\n|\n|t:|1698901882\n|move|p1a: Great Tusk|Ice Spinner|p2a: Landorus\n|-supereffective|p2a: Landorus\n|-damage|p2a: Landorus|0 fnt\n|faint|p2a: Landorus\n|\n|upkeep\n|\n|t:|1698901885\n|switch|p2a: Shaymin|Shaymin-Sky|100\/100\n|turn|5\n|\n|t:|1698901907\n|-end|p1a: Great Tusk|Protosynthesis|[silent]\n|switch|p1a: Bisharp|Bisharp, F|100\/100\n|move|p2a: Shaymin|Air Slash|p1a: Bisharp\n|-resisted|p1a: Bisharp\n|-damage|p1a: Bisharp|86\/100\n|\n|upkeep\n|turn|6\n|\n|t:|1698901914\n|switch|p2a: Lopunny|Lopunny-Mega, F|100\/100\n|move|p1a: Bisharp|Swords Dance|p1a: Bisharp\n|-boost|p1a: Bisharp|atk|2\n|\n|upkeep\n|turn|7\n|\n|t:|1698901921\n|move|p2a: Lopunny|Fake Out|p1a: Bisharp\n|-resisted|p1a: Bisharp\n|-damage|p1a: Bisharp|77\/100\n|cant|p1a: Bisharp|flinch\n|\n|upkeep\n|turn|8\n|\n|t:|1698901925\n|move|p1a: Bisharp|Sucker Punch|p2a: Lopunny\n|-resisted|p2a: Lopunny\n|-damage|p2a: Lopunny|52\/100\n|move|p2a: Lopunny|Close Combat|p1a: Bisharp\n|-supereffective|p1a: Bisharp\n|-damage|p1a: Bisharp|0 fnt\n|-unboost|p2a: Lopunny|def|1\n|-unboost|p2a: Lopunny|spd|1\n|faint|p1a: Bisharp\n|\n|upkeep\n|\n|t:|1698901931\n|switch|p1a: Lopunny|Lopunny-Mega, M|72\/100\n|turn|9\n|\n|t:|1698901935\n|switch|p2a: Celesteela|Celesteela|100\/100\n|move|p1a: Lopunny|Fake Out|p2a: Celesteela\n|-resisted|p2a: Celesteela\n|-damage|p2a: Celesteela|88\/100\n|\n|upkeep\n|turn|10\n|\n|t:|1698901940\n|move|p1a: Lopunny|High Jump Kick|p2a: Celesteela\n|-damage|p2a: Celesteela|8\/100\n|move|p2a: Celesteela|Autotomize|p2a: Celesteela\n|-boost|p2a: Celesteela|spe|2\n|-start|p2a: Celesteela|Autotomize\n|\n|upkeep\n|turn|11\n|\n|t:|1698901943\n|move|p2a: Celesteela|Air Slash|p1a: Lopunny\n|-supereffective|p1a: Lopunny\n|-damage|p1a: Lopunny|0 fnt\n|faint|p1a: Lopunny\n|-ability|p2a: Celesteela|Beast Boost|boost\n|-boost|p2a: Celesteela|spa|1\n|\n|upkeep\n|\n|t:|1698901949\n|switch|p1a: Ribombee|Ribombee, F|100\/100\n|turn|12\n|\n|t:|1698901953\n|move|p1a: Ribombee|Hidden Power|p2a: Celesteela\n|-damage|p2a: Celesteela|0 fnt\n|faint|p2a: Celesteela\n|\n|upkeep\n|\n|t:|1698901957\n|switch|p2a: Lopunny|Lopunny-Mega, F|52\/100\n|turn|13\n|\n|t:|1698901965\n|switch|p1a: Ogerpon|Ogerpon-Wellspring, F|100\/100\n|move|p2a: Lopunny|Fake Out|p1a: Ogerpon\n|-damage|p1a: Ogerpon|72\/100\n|\n|upkeep\n|turn|14\n|c|\u2606ANinjaDude|i started evil laughing when celesteela started boosting up\n|c|\u2606ANinjaDude|then said oh fuck when bee came out\n|\n|t:|1698901988\n|move|p2a: Lopunny|Close Combat|p1a: Ogerpon\n|-damage|p1a: Ogerpon|0 fnt\n|-unboost|p2a: Lopunny|def|1\n|-unboost|p2a: Lopunny|spd|1\n|faint|p1a: Ogerpon\n|\n|upkeep\n|\n|t:|1698901997\n|switch|p1a: Ribombee|Ribombee, F|100\/100\n|turn|15\n|\n|t:|1698902002\n|switch|p2a: Thundurus|Thundurus-Therian, M|100\/100\n|move|p1a: Ribombee|Moonblast|p2a: Thundurus\n|-damage|p2a: Thundurus|42\/100\n|\n|upkeep\n|turn|16\n|\n|t:|1698902007\n|move|p1a: Ribombee|Moonblast|p2a: Thundurus\n|-damage|p2a: Thundurus|0 fnt\n|faint|p2a: Thundurus\n|\n|upkeep\n|\n|t:|1698902021\n|switch|p2a: Shaymin|Shaymin-Sky|100\/100\n|turn|17\n|\n|t:|1698902046\n|switch|p1a: Great Tusk|Great Tusk|55\/100\n|move|p2a: Shaymin|Air Slash|p1a: Great Tusk\n|-supereffective|p1a: Great Tusk\n|-damage|p1a: Great Tusk|1\/100\n|\n|upkeep\n|turn|18\n|\n|t:|1698902055\n|move|p2a: Shaymin|Air Slash|p1a: Great Tusk\n|-supereffective|p1a: Great Tusk\n|-damage|p1a: Great Tusk|0 fnt\n|faint|p1a: Great Tusk\n|-end|p1a: Great Tusk|Protosynthesis|[silent]\n|\n|upkeep\n|\n|t:|1698902056\n|switch|p1a: Iron Moth|Iron Moth|100\/100\n|-enditem|p1a: Iron Moth|Booster Energy\n|-activate|p1a: Iron Moth|ability: Quark Drive|[fromitem]\n|-start|p1a: Iron Moth|quarkdrivespa\n|turn|19\n|\n|t:|1698902062\n|switch|p2a: Dragonite|Dragonite, M|100\/100\n|-terastallize|p1a: Iron Moth|Water\n|move|p1a: Iron Moth|Agility|p1a: Iron Moth\n|-boost|p1a: Iron Moth|spe|2\n|\n|upkeep\n|turn|20\n|\n|t:|1698902068\n|move|p1a: Iron Moth|Dazzling Gleam|p2a: Dragonite\n|-supereffective|p2a: Dragonite\n|-damage|p2a: Dragonite|58\/100\n|move|p2a: Dragonite|Dragon Dance|p2a: Dragonite\n|-boost|p2a: Dragonite|atk|1\n|-boost|p2a: Dragonite|spe|1\n|\n|upkeep\n|turn|21\n|\n|t:|1698902078\n|-terastallize|p2a: Dragonite|Normal\n|move|p1a: Iron Moth|Dazzling Gleam|p2a: Dragonite\n|-damage|p2a: Dragonite|21\/100\n|move|p2a: Dragonite|Dragon Dance|p2a: Dragonite\n|-boost|p2a: Dragonite|atk|1\n|-boost|p2a: Dragonite|spe|1\n|\n|upkeep\n|turn|22\n|\n|t:|1698902083\n|move|p2a: Dragonite|Extreme Speed|p1a: Iron Moth\n|-damage|p1a: Iron Moth|0 fnt\n|faint|p1a: Iron Moth\n|-end|p1a: Iron Moth|Quark Drive|[silent]\n|\n|upkeep\n|\n|t:|1698902086\n|switch|p1a: Ribombee|Ribombee, F|100\/100\n|turn|23\n|c|\u2606D. Lawrenzz|and gg\n|c|\u2606ANinjaDude|ggs\n|\n|t:|1698902093\n|move|p2a: Dragonite|Extreme Speed|p1a: Ribombee\n|-damage|p1a: Ribombee|0 fnt\n|faint|p1a: Ribombee\n|\n|win|ANinjaDude\n|c|\u2606D. Lawrenzz|shit\n","uploadtime":1698902112,"views":10,"p1id":"dlawrenzz","p2id":"aninjadude","formatid":"gen9nationaldexubers","rating":0,"private":0,"password":""}