{"id":"gen9nationaldexubers-1982072847","p1":"XYZChase","p2":"Chara II Dremore","format":"[Gen 9] National Dex Ubers","log":"|j|\u2606XYZChase\n|j|\u2606Chara II Dremore\n|t:|1698965104\n|gametype|singles\n|player|p1|XYZChase|265|1015\n|player|p2|Chara II Dremore|acetrainerf-gen4|1142\n|teamsize|p1|6\n|teamsize|p2|6\n|gen|9\n|tier|[Gen 9] National Dex Ubers\n|rated|\n|rule|HP Percentage Mod: HP is shown in percentages\n|rule|Endless Battle Clause: Forcing endless battles is banned\n|rule|OHKO Clause: OHKO moves are banned\n|rule|Evasion Moves Clause: Evasion moves are banned\n|rule|Evasion Items Clause: Evasion items are banned\n|rule|Species Clause: Limit one of each Pok\u00e9mon\n|rule|Sleep Clause Mod: Limit one foe put to sleep\n|rule|Mega Rayquaza Clause: You cannot mega evolve Rayquaza\n|clearpoke\n|poke|p1|Great Tusk|\n|poke|p1|Polteageist-Antique|\n|poke|p1|Hatterene, F|\n|poke|p1|Indeedee-F, F|\n|poke|p1|Volcarona, F|\n|poke|p1|Armarouge, F|\n|poke|p2|Lucario, M|\n|poke|p2|Meowscarada, F|\n|poke|p2|Dragonite, M|\n|poke|p2|Weavile, M|\n|poke|p2|Spiritomb, M|\n|poke|p2|Blastoise, M|\n|teampreview\n|\n|t:|1698965126\n|start\n|switch|p1a: Indeedee|Indeedee-F, F|100\/100\n|switch|p2a: Blastoise|Blastoise, M|100\/100\n|-fieldstart|move: Psychic Terrain|[from] ability: Psychic Surge|[of] p1a: Indeedee\n|turn|1\n|\n|t:|1698965135\n|switch|p1a: Armarouge|Armarouge, F|100\/100\n|-zpower|p2a: Blastoise\n|move|p2a: Blastoise|Z-Celebrate|p2a: Blastoise|[anim]Celebrate\n|-boost|p2a: Blastoise|atk|1|[zeffect]\n|-boost|p2a: Blastoise|def|1|[zeffect]\n|-boost|p2a: Blastoise|spa|1|[zeffect]\n|-boost|p2a: Blastoise|spd|1|[zeffect]\n|-boost|p2a: Blastoise|spe|1|[zeffect]\n|-activate|p2a: Blastoise|move: Celebrate\n|\n|upkeep\n|turn|2\n|\n|t:|1698965145\n|-terastallize|p1a: Armarouge|Grass\n|move|p2a: Blastoise|Rapid Spin|p1a: Armarouge\n|-damage|p1a: Armarouge|87\/100\n|-boost|p2a: Blastoise|spe|1\n|-ability|p1a: Armarouge|Weak Armor|boost\n|-unboost|p1a: Armarouge|def|1\n|-boost|p1a: Armarouge|spe|2\n|move|p1a: Armarouge|Energy Ball|p2a: Blastoise\n|-supereffective|p2a: Blastoise\n|-damage|p2a: Blastoise|42\/100\n|\n|upkeep\n|turn|3\n|\n|t:|1698965156\n|move|p1a: Armarouge|Energy Ball|p2a: Blastoise\n|-supereffective|p2a: Blastoise\n|-damage|p2a: Blastoise|0 fnt\n|faint|p2a: Blastoise\n|\n|upkeep\n|\n|t:|1698965164\n|switch|p2a: Weavile|Weavile, M|100\/100\n|-ability|p2a: Weavile|Pressure\n|turn|4\n|\n|t:|1698965170\n|move|p1a: Armarouge|Armor Cannon|p2a: Weavile\n|-supereffective|p2a: Weavile\n|-enditem|p2a: Weavile|Focus Sash\n|-damage|p2a: Weavile|1\/100\n|-unboost|p1a: Armarouge|def|1\n|-unboost|p1a: Armarouge|spd|1\n|move|p2a: Weavile|Icicle Crash|p1a: Armarouge\n|-supereffective|p1a: Armarouge\n|-damage|p1a: Armarouge|0 fnt\n|faint|p1a: Armarouge\n|\n|upkeep\n|\n|t:|1698965185\n|switch|p1a: Volcarona|Volcarona, F|100\/100\n|turn|5\n|\n|t:|1698965194\n|move|p2a: Weavile|Icicle Crash|p1a: Volcarona\n|-resisted|p1a: Volcarona\n|-damage|p1a: Volcarona|65\/100\n|cant|p1a: Volcarona|flinch\n|\n|upkeep\n|turn|6\n|\n|t:|1698965199\n|move|p2a: Weavile|Icicle Crash|p1a: Volcarona\n|-resisted|p1a: Volcarona\n|-damage|p1a: Volcarona|27\/100\n|cant|p1a: Volcarona|flinch\n|\n|upkeep\n|turn|7\n|\n|t:|1698965205\n|move|p2a: Weavile|Icicle Crash|p1a: Volcarona\n|-resisted|p1a: Volcarona\n|-damage|p1a: Volcarona|0 fnt\n|faint|p1a: Volcarona\n|\n|upkeep\n|\n|t:|1698965211\n|switch|p1a: Great Tusk|Great Tusk|100\/100\n|turn|8\n|\n|t:|1698965225\n|move|p2a: Weavile|Icicle Crash|p1a: Great Tusk\n|-supereffective|p1a: Great Tusk\n|-damage|p1a: Great Tusk|36\/100\n|cant|p1a: Great Tusk|flinch\n|\n|-fieldend|move: Psychic Terrain\n|upkeep\n|turn|9\n|\n|t:|1698965238\n|move|p2a: Weavile|Icicle Crash|p1a: Great Tusk\n|-supereffective|p1a: Great Tusk\n|-damage|p1a: Great Tusk|0 fnt\n|faint|p1a: Great Tusk\n|-end|p1a: Great Tusk|Protosynthesis|[silent]\n|\n|upkeep\n|\n|t:|1698965245\n|switch|p1a: Hatterene|Hatterene, F|100\/100\n|turn|10\n|\n|t:|1698965251\n|move|p2a: Weavile|Icicle Crash|p1a: Hatterene|[miss]\n|-miss|p2a: Weavile|p1a: Hatterene\n|move|p1a: Hatterene|Mystical Fire|p2a: Weavile\n|-supereffective|p2a: Weavile\n|-damage|p2a: Weavile|0 fnt\n|faint|p2a: Weavile\n|\n|upkeep\n|c|\u2606XYZChase|finally\n|\n|t:|1698965288\n|switch|p2a: Lucario|Lucario, M|100\/100\n|turn|11\n|\n|t:|1698965291\n|detailschange|p2a: Lucario|Lucario-Mega, M\n|-mega|p2a: Lucario|Lucario|Lucarionite\n|move|p2a: Lucario|Meteor Mash|p1a: Hatterene\n|-supereffective|p1a: Hatterene\n|-damage|p1a: Hatterene|0 fnt\n|faint|p1a: Hatterene\n|\n|upkeep\n|\n|t:|1698965299\n|switch|p1a: Indeedee|Indeedee-F, F|100\/100\n|-fieldstart|move: Psychic Terrain|[from] ability: Psychic Surge|[of] p1a: Indeedee\n|turn|12\n|\n|t:|1698965306\n|move|p2a: Lucario|Meteor Mash|p1a: Indeedee\n|-damage|p1a: Indeedee|0 fnt\n|faint|p1a: Indeedee\n|\n|upkeep\n|\n|t:|1698965310\n|switch|p1a: Polteageist|Polteageist-Antique|100\/100\n|turn|13\n|\n|t:|1698965313\n|move|p2a: Lucario|Meteor Mash|p1a: Polteageist\n|-enditem|p1a: Polteageist|Focus Sash\n|-damage|p1a: Polteageist|1\/100\n|-ability|p1a: Polteageist|Weak Armor|boost\n|-unboost|p1a: Polteageist|def|1\n|-boost|p1a: Polteageist|spe|2\n|move|p1a: Polteageist|Shell Smash|p1a: Polteageist\n|-unboost|p1a: Polteageist|def|1\n|-unboost|p1a: Polteageist|spd|1\n|-boost|p1a: Polteageist|atk|2\n|-boost|p1a: Polteageist|spa|2\n|-boost|p1a: Polteageist|spe|2\n|\n|upkeep\n|turn|14\n|\n|t:|1698965326\n|move|p2a: Lucario|Bullet Punch|p1a: Polteageist\n|-activate|p1a: Polteageist|move: Psychic Terrain\n|move|p1a: Polteageist|Stored Power|p2a: Lucario\n|-damage|p2a: Lucario|0 fnt\n|faint|p2a: Lucario\n|\n|upkeep\n|\n|t:|1698965339\n|switch|p2a: Dragonite|Dragonite, M|100\/100\n|turn|15\n|\n|t:|1698965345\n|move|p1a: Polteageist|Stored Power|p2a: Dragonite\n|-damage|p2a: Dragonite|24\/100\n|move|p2a: Dragonite|Dual Wingbeat|p1a: Polteageist\n|-damage|p1a: Polteageist|0 fnt\n|faint|p1a: Polteageist\n|-hitcount|p1: Polteageist|1\n|\n|win|Chara II Dremore\n|raw|XYZChase's rating: 1015 &rarr; <strong>1007<\/strong><br \/>(-8 for losing)\n|raw|Chara II Dremore's rating: 1142 &rarr; <strong>1158<\/strong><br \/>(+16 for winning)\n|l|\u2606XYZChase\n","uploadtime":1698965378,"views":8,"p1id":"xyzchase","p2id":"charaiidremore","formatid":"gen9nationaldexubers","rating":1007,"private":0,"password":""}