{"id":"gen9nationaldexubers-1983224867","p1":"BigMommaBadger","p2":"CRYO-M0DE\u2744\ufe0f","format":"[Gen 9] National Dex Ubers","log":"|j|\u2606BigMommaBadger\n|j|\u2606CRYO-M0DE\u2744\ufe0f\n|t:|1699107446\n|gametype|singles\n|player|p1|BigMommaBadger|cynthia-gen4|1127\n|player|p2|CRYO-M0DE\u2744\ufe0f|melony|1100\n|teamsize|p1|6\n|teamsize|p2|6\n|gen|9\n|tier|[Gen 9] National Dex Ubers\n|rated|\n|rule|HP Percentage Mod: HP is shown in percentages\n|rule|Endless Battle Clause: Forcing endless battles is banned\n|rule|OHKO Clause: OHKO moves are banned\n|rule|Evasion Moves Clause: Evasion moves are banned\n|rule|Evasion Items Clause: Evasion items are banned\n|rule|Species Clause: Limit one of each Pok\u00e9mon\n|rule|Sleep Clause Mod: Limit one foe put to sleep\n|rule|Mega Rayquaza Clause: You cannot mega evolve Rayquaza\n|clearpoke\n|poke|p1|Reshiram|\n|poke|p1|Arceus-Water|\n|poke|p1|Ogerpon-Cornerstone, F|\n|poke|p1|Lugia|\n|poke|p1|Marshadow|\n|poke|p1|Zacian-*|\n|poke|p2|Glaceon, F|\n|poke|p2|Arctovish|\n|poke|p2|Vanilluxe, F|\n|poke|p2|Ninetales-Alola, F|\n|poke|p2|Calyrex-Ice|\n|poke|p2|Kyurem-White|\n|teampreview\n|inactive|Battle timer is ON: inactive players will automatically lose when time's up. (requested by BigMommaBadger)\n|\n|t:|1699107461\n|start\n|switch|p1a: Hapheastus|Reshiram, shiny|100\/100\n|switch|p2a: \u2744\ufe0fARCTOVISH\u2744\ufe0f|Arctovish|100\/100\n|-ability|p1a: Hapheastus|Turboblaze\n|turn|1\n|\n|t:|1699107476\n|switch|p2a: \u2744\ufe0f\u2744\ufe0fVANILLUXE\u2744\ufe0f\u2744\ufe0f|Vanilluxe, F, shiny|100\/100\n|move|p1a: Hapheastus|Blue Flare|p2a: \u2744\ufe0f\u2744\ufe0fVANILLUXE\u2744\ufe0f\u2744\ufe0f\n|-supereffective|p2a: \u2744\ufe0f\u2744\ufe0fVANILLUXE\u2744\ufe0f\u2744\ufe0f\n|-damage|p2a: \u2744\ufe0f\u2744\ufe0fVANILLUXE\u2744\ufe0f\u2744\ufe0f|0 fnt\n|faint|p2a: \u2744\ufe0f\u2744\ufe0fVANILLUXE\u2744\ufe0f\u2744\ufe0f\n|\n|upkeep\n|\n|t:|1699107485\n|switch|p2a: \u2744\ufe0fARCTOVISH\u2744\ufe0f|Arctovish|100\/100\n|turn|2\n|\n|t:|1699107490\n|move|p1a: Hapheastus|Blue Flare|p2a: \u2744\ufe0fARCTOVISH\u2744\ufe0f\n|-damage|p2a: \u2744\ufe0fARCTOVISH\u2744\ufe0f|11\/100\n|move|p2a: \u2744\ufe0fARCTOVISH\u2744\ufe0f|Aurora Veil||[still]\n|-fail|p2a: \u2744\ufe0fARCTOVISH\u2744\ufe0f\n|\n|upkeep\n|turn|3\n|\n|t:|1699107518\n|switch|p2a: \u2744\ufe0fGLACEON\u2744\ufe0f|Glaceon, F, shiny|100\/100\n|move|p1a: Hapheastus|Psychic|p2a: \u2744\ufe0fGLACEON\u2744\ufe0f\n|-damage|p2a: \u2744\ufe0fGLACEON\u2744\ufe0f|56\/100\n|\n|upkeep\n|turn|4\n|\n|t:|1699107528\n|move|p1a: Hapheastus|Blue Flare|p2a: \u2744\ufe0fGLACEON\u2744\ufe0f|[miss]\n|-miss|p1a: Hapheastus|p2a: \u2744\ufe0fGLACEON\u2744\ufe0f\n|move|p2a: \u2744\ufe0fGLACEON\u2744\ufe0f|Ice Beam|p1a: Hapheastus\n|-damage|p1a: Hapheastus|48\/100\n|\n|-heal|p1a: Hapheastus|54\/100|[from] item: Leftovers\n|upkeep\n|turn|5\n|\n|t:|1699107536\n|move|p1a: Hapheastus|Blue Flare|p2a: \u2744\ufe0fGLACEON\u2744\ufe0f\n|-supereffective|p2a: \u2744\ufe0fGLACEON\u2744\ufe0f\n|-damage|p2a: \u2744\ufe0fGLACEON\u2744\ufe0f|0 fnt\n|faint|p2a: \u2744\ufe0fGLACEON\u2744\ufe0f\n|\n|-heal|p1a: Hapheastus|61\/100|[from] item: Leftovers\n|upkeep\n|\n|t:|1699107546\n|switch|p2a: \u2744\ufe0f\u2744\ufe0fNINETALES\u2744\ufe0f\u2744\ufe0f|Ninetales-Alola, F, shiny|100\/100\n|-weather|Snow|[from] ability: Snow Warning|[of] p2a: \u2744\ufe0f\u2744\ufe0fNINETALES\u2744\ufe0f\u2744\ufe0f\n|turn|6\n|\n|t:|1699107556\n|move|p2a: \u2744\ufe0f\u2744\ufe0fNINETALES\u2744\ufe0f\u2744\ufe0f|Aurora Veil|p2a: \u2744\ufe0f\u2744\ufe0fNINETALES\u2744\ufe0f\u2744\ufe0f\n|-sidestart|p2: CRYO-M0DE\u2744\ufe0f|move: Aurora Veil\n|move|p1a: Hapheastus|Blue Flare|p2a: \u2744\ufe0f\u2744\ufe0fNINETALES\u2744\ufe0f\u2744\ufe0f\n|-supereffective|p2a: \u2744\ufe0f\u2744\ufe0fNINETALES\u2744\ufe0f\u2744\ufe0f\n|-damage|p2a: \u2744\ufe0f\u2744\ufe0fNINETALES\u2744\ufe0f\u2744\ufe0f|17\/100\n|\n|-weather|Snow|[upkeep]\n|-heal|p1a: Hapheastus|67\/100|[from] item: Leftovers\n|upkeep\n|turn|7\n|\n|t:|1699107565\n|move|p2a: \u2744\ufe0f\u2744\ufe0fNINETALES\u2744\ufe0f\u2744\ufe0f|Blizzard|p1a: Hapheastus\n|-damage|p1a: Hapheastus|32\/100\n|move|p1a: Hapheastus|Defog|p2a: \u2744\ufe0f\u2744\ufe0fNINETALES\u2744\ufe0f\u2744\ufe0f\n|-unboost|p2a: \u2744\ufe0f\u2744\ufe0fNINETALES\u2744\ufe0f\u2744\ufe0f|evasion|1\n|-sideend|p2: CRYO-M0DE\u2744\ufe0f|move: Aurora Veil\n|\n|-weather|Snow|[upkeep]\n|-heal|p1a: Hapheastus|38\/100|[from] item: Leftovers\n|upkeep\n|turn|8\n|\n|t:|1699107577\n|move|p2a: \u2744\ufe0f\u2744\ufe0fNINETALES\u2744\ufe0f\u2744\ufe0f|Blizzard|p1a: Hapheastus\n|-damage|p1a: Hapheastus|3\/100\n|move|p1a: Hapheastus|Psychic|p2a: \u2744\ufe0f\u2744\ufe0fNINETALES\u2744\ufe0f\u2744\ufe0f\n|-damage|p2a: \u2744\ufe0f\u2744\ufe0fNINETALES\u2744\ufe0f\u2744\ufe0f|0 fnt\n|faint|p2a: \u2744\ufe0f\u2744\ufe0fNINETALES\u2744\ufe0f\u2744\ufe0f\n|\n|-weather|Snow|[upkeep]\n|-heal|p1a: Hapheastus|9\/100|[from] item: Leftovers\n|upkeep\n|\n|t:|1699107588\n|switch|p2a: \u2744\ufe0fARCTOVISH\u2744\ufe0f|Arctovish|11\/100\n|turn|9\n|\n|t:|1699107592\n|move|p2a: \u2744\ufe0fARCTOVISH\u2744\ufe0f|Blizzard|p1a: Hapheastus\n|-damage|p1a: Hapheastus|0 fnt\n|faint|p1a: Hapheastus\n|\n|-weather|Snow|[upkeep]\n|upkeep\n|\n|t:|1699107596\n|switch|p1a: Athena|Zacian-Crowned, shiny|100\/100\n|-ability|p1a: Athena|Intrepid Sword|boost\n|-boost|p1a: Athena|atk|1\n|turn|10\n|\n|t:|1699107604\n|move|p2a: \u2744\ufe0fARCTOVISH\u2744\ufe0f|Aurora Veil|p2a: \u2744\ufe0fARCTOVISH\u2744\ufe0f\n|-sidestart|p2: CRYO-M0DE\u2744\ufe0f|move: Aurora Veil\n|move|p1a: Athena|Swords Dance|p1a: Athena\n|-boost|p1a: Athena|atk|2\n|\n|-weather|Snow|[upkeep]\n|upkeep\n|turn|11\n|\n|t:|1699107612\n|move|p2a: \u2744\ufe0fARCTOVISH\u2744\ufe0f|Blizzard|p1a: Athena\n|-resisted|p1a: Athena\n|-damage|p1a: Athena|82\/100\n|move|p1a: Athena|Swords Dance|p1a: Athena\n|-boost|p1a: Athena|atk|2\n|\n|-weather|Snow|[upkeep]\n|upkeep\n|turn|12\n|-message|CRYO-M0DE\u2744\ufe0f forfeited.\n|\n|win|BigMommaBadger\n|raw|BigMommaBadger's rating: 1127 &rarr; <strong>1150<\/strong><br \/>(+23 for winning)\n|raw|CRYO-M0DE\u2744\ufe0f's rating: 1100 &rarr; <strong>1077<\/strong><br \/>(-23 for losing)\n","uploadtime":1699107622,"views":6,"p1id":"bigmommabadger","p2id":"cryom0de","formatid":"gen9nationaldexubers","rating":1077,"private":0,"password":""}