{"id":"gen9nationaldexubers-1986246427","p1":"DavyCricket","p2":"Svadharma","format":"[Gen 9] National Dex Ubers","log":"|j|\u2606DavyCricket\n|j|\u2606Svadharma\n|t:|1699463070\n|gametype|singles\n|player|p1|DavyCricket|1|1128\n|player|p2|Svadharma|rei|1206\n|teamsize|p1|6\n|teamsize|p2|6\n|gen|9\n|tier|[Gen 9] National Dex Ubers\n|rated|\n|rule|HP Percentage Mod: HP is shown in percentages\n|rule|Endless Battle Clause: Forcing endless battles is banned\n|rule|OHKO Clause: OHKO moves are banned\n|rule|Evasion Moves Clause: Evasion moves are banned\n|rule|Evasion Items Clause: Evasion items are banned\n|rule|Species Clause: Limit one of each Pok\u00e9mon\n|rule|Sleep Clause Mod: Limit one foe put to sleep\n|rule|Mega Rayquaza Clause: You cannot mega evolve Rayquaza\n|clearpoke\n|poke|p1|Rillaboom, F|\n|poke|p1|Corviknight, M|\n|poke|p1|Drednaw, F|\n|poke|p1|Darmanitan-Galar, M|\n|poke|p1|Dragapult, M|\n|poke|p1|Urshifu-*, M|\n|poke|p2|Zygarde|\n|poke|p2|Groudon|\n|poke|p2|Ho-Oh|\n|poke|p2|Zacian-*|\n|poke|p2|Necrozma-Dusk-Mane|\n|poke|p2|Arceus-Dark|\n|teampreview\n|inactive|Battle timer is ON: inactive players will automatically lose when time's up. (requested by Svadharma)\n|\n|t:|1699463082\n|start\n|switch|p1a: Brock|Dragapult, M|100\/100\n|switch|p2a: Arceus|Arceus-Dark|100\/100\n|turn|1\n|\n|t:|1699463089\n|move|p1a: Brock|U-turn|p2a: Arceus\n|-supereffective|p2a: Arceus\n|-damage|p2a: Arceus|79\/100\n|\n|t:|1699463092\n|switch|p1a: Frosty|Darmanitan-Galar, M|100\/100|[from] U-turn\n|move|p2a: Arceus|Taunt|p1a: Frosty\n|-start|p1a: Frosty|move: Taunt\n|\n|upkeep\n|turn|2\n|inactive|DavyCricket has 120 seconds left.\n|\n|t:|1699463126\n|move|p2a: Arceus|Toxic|p1a: Frosty\n|-status|p1a: Frosty|tox\n|move|p1a: Frosty|Icicle Crash|p2a: Arceus\n|-damage|p2a: Arceus|53\/100\n|\n|-damage|p1a: Frosty|94\/100 tox|[from] psn\n|upkeep\n|turn|3\n|\n|t:|1699463134\n|move|p2a: Arceus|Recover|p2a: Arceus\n|-heal|p2a: Arceus|100\/100\n|move|p1a: Frosty|Icicle Crash|p2a: Arceus\n|-damage|p2a: Arceus|77\/100\n|\n|-damage|p1a: Frosty|82\/100 tox|[from] psn\n|-end|p1a: Frosty|move: Taunt\n|upkeep\n|turn|4\n|\n|t:|1699463142\n|move|p2a: Arceus|Judgment|p1a: Frosty\n|-damage|p1a: Frosty|19\/100 tox\n|-enditem|p1a: Frosty|Salac Berry|[eat]\n|-boost|p1a: Frosty|spe|1|[from] item: Salac Berry\n|move|p1a: Frosty|Icicle Crash|p2a: Arceus\n|-damage|p2a: Arceus|52\/100\n|\n|-damage|p1a: Frosty|1\/100 tox|[from] psn\n|-formechange|p1a: Frosty|Darmanitan-Galar-Zen|\n|upkeep\n|turn|5\n|\n|t:|1699463153\n|move|p1a: Frosty|Icicle Crash|p2a: Arceus\n|-damage|p2a: Arceus|25\/100\n|move|p2a: Arceus|Recover|p2a: Arceus\n|-heal|p2a: Arceus|75\/100\n|\n|-damage|p1a: Frosty|0 fnt|[from] psn\n|faint|p1a: Frosty\n|upkeep\n|\n|t:|1699463165\n|switch|p1a: Monk-E|Rillaboom, F|100\/100\n|-fieldstart|move: Grassy Terrain|[from] ability: Grassy Surge|[of] p1a: Monk-E\n|turn|6\n|\n|t:|1699463172\n|move|p2a: Arceus|Taunt|p1a: Monk-E\n|-start|p1a: Monk-E|move: Taunt\n|move|p1a: Monk-E|Drum Beating|p2a: Arceus\n|-damage|p2a: Arceus|43\/100\n|-unboost|p2a: Arceus|spe|1\n|\n|-heal|p2a: Arceus|49\/100|[from] Grassy Terrain\n|upkeep\n|turn|7\n|inactive|DavyCricket has 120 seconds left.\n|\n|t:|1699463193\n|move|p1a: Monk-E|Wood Hammer|p2a: Arceus\n|-damage|p2a: Arceus|0 fnt\n|faint|p2a: Arceus\n|-damage|p1a: Monk-E|81\/100|[from] Recoil\n|\n|-heal|p1a: Monk-E|87\/100|[from] Grassy Terrain\n|upkeep\n|\n|t:|1699463203\n|switch|p2a: Zygarde|Zygarde, shiny|100\/100\n|turn|8\n|\n|t:|1699463207\n|move|p1a: Monk-E|Drum Beating|p2a: Zygarde\n|-damage|p2a: Zygarde|58\/100\n|-unboost|p2a: Zygarde|spe|1\n|move|p2a: Zygarde|Dragon Dance|p2a: Zygarde\n|-boost|p2a: Zygarde|atk|1\n|-boost|p2a: Zygarde|spe|1\n|\n|-heal|p1a: Monk-E|93\/100|[from] Grassy Terrain\n|-heal|p2a: Zygarde|64\/100|[from] Grassy Terrain\n|-heal|p2a: Zygarde|70\/100|[from] item: Leftovers\n|-end|p1a: Monk-E|move: Taunt\n|upkeep\n|turn|9\n|\n|t:|1699463221\n|move|p1a: Monk-E|High Horsepower|p2a: Zygarde\n|-damage|p2a: Zygarde|49\/100\n|move|p2a: Zygarde|Dragon Dance|p2a: Zygarde\n|-boost|p2a: Zygarde|atk|1\n|-boost|p2a: Zygarde|spe|1\n|\n|-heal|p2a: Zygarde|55\/100|[from] Grassy Terrain\n|-heal|p2a: Zygarde|61\/100|[from] item: Leftovers\n|-heal|p1a: Monk-E|99\/100|[from] Grassy Terrain\n|upkeep\n|turn|10\n|\n|t:|1699463233\n|move|p2a: Zygarde|Thousand Waves|p1a: Monk-E\n|-resisted|p1a: Monk-E\n|-damage|p1a: Monk-E|59\/100\n|-activate|p1a: Monk-E|trapped\n|move|p1a: Monk-E|Wood Hammer|p2a: Zygarde\n|-damage|p2a: Zygarde|0 fnt\n|faint|p2a: Zygarde\n|-damage|p1a: Monk-E|38\/100|[from] Recoil\n|\n|-heal|p1a: Monk-E|44\/100|[from] Grassy Terrain\n|-fieldend|move: Grassy Terrain\n|upkeep\n|\n|t:|1699463244\n|switch|p2a: Necrozma|Necrozma-Dusk-Mane|100\/100\n|turn|11\n|\n|t:|1699463255\n|switch|p2a: Groudon|Groudon|100\/100\n|detailschange|p2a: Groudon|Groudon-Primal\n|-primal|p2a: Groudon|Red Orb\n|-weather|DesolateLand|[from] ability: Desolate Land|[of] p2a: Groudon\n|move|p1a: Monk-E|Drum Beating|p2a: Groudon\n|-damage|p2a: Groudon|73\/100\n|-unboost|p2a: Groudon|spe|1\n|\n|-weather|DesolateLand|[upkeep]\n|upkeep\n|turn|12\n|\n|t:|1699463266\n|move|p1a: Monk-E|High Horsepower|p2a: Groudon\n|-supereffective|p2a: Groudon\n|-damage|p2a: Groudon|40\/100\n|move|p2a: Groudon|Toxic|p1a: Monk-E\n|-status|p1a: Monk-E|tox\n|\n|-weather|DesolateLand|[upkeep]\n|-damage|p1a: Monk-E|38\/100 tox|[from] psn\n|upkeep\n|turn|13\n|\n|t:|1699463274\n|switch|p1a: Aloysius|Corviknight, M|100\/100\n|move|p2a: Groudon|Stealth Rock|p1a: Aloysius\n|-sidestart|p1: DavyCricket|move: Stealth Rock\n|\n|-weather|DesolateLand|[upkeep]\n|upkeep\n|turn|14\n|\n|t:|1699463282\n|move|p1a: Aloysius|Fly||[still]\n|-prepare|p1a: Aloysius|Fly\n|move|p2a: Groudon|Roar|p1a: Aloysius|[miss]\n|-miss|p2a: Groudon|p1a: Aloysius\n|\n|-weather|DesolateLand|[upkeep]\n|upkeep\n|turn|15\n|\n|t:|1699463287\n|move|p1a: Aloysius|Fly|p2a: Groudon|[from]lockedmove\n|-damage|p2a: Groudon|25\/100\n|move|p2a: Groudon|Roar|p1a: Aloysius\n|drag|p1a: Glory|Drednaw, F|100\/100\n|-damage|p1a: Glory|88\/100|[from] Stealth Rock\n|\n|-weather|DesolateLand|[upkeep]\n|upkeep\n|turn|16\n|\n|t:|1699463297\n|move|p1a: Glory|Stone Edge|p2a: Groudon\n|-damage|p2a: Groudon|0 fnt\n|faint|p2a: Groudon\n|-weather|none\n|\n|upkeep\n|\n|t:|1699463309\n|switch|p2a: Zacian|Zacian-Crowned|100\/100\n|-ability|p2a: Zacian|Intrepid Sword|boost\n|-boost|p2a: Zacian|atk|1\n|turn|17\n|\n|t:|1699463315\n|move|p2a: Zacian|Wild Charge|p1a: Glory\n|-supereffective|p1a: Glory\n|-damage|p1a: Glory|0 fnt\n|-damage|p2a: Zacian|84\/100|[from] item: Rocky Helmet|[of] p1a: Glory\n|faint|p1a: Glory\n|-damage|p2a: Zacian|60\/100|[from] Recoil\n|\n|upkeep\n|\n|t:|1699463323\n|switch|p1a: Monk-E|Rillaboom, F|38\/100 tox\n|-damage|p1a: Monk-E|25\/100 tox|[from] Stealth Rock\n|-fieldstart|move: Grassy Terrain|[from] ability: Grassy Surge|[of] p1a: Monk-E\n|turn|18\n|\n|t:|1699463329\n|move|p2a: Zacian|Behemoth Blade|p1a: Monk-E\n|-damage|p1a: Monk-E|0 fnt\n|faint|p1a: Monk-E\n|\n|-heal|p2a: Zacian|66\/100|[from] Grassy Terrain\n|upkeep\n|\n|t:|1699463334\n|switch|p1a: Metal Lee|Urshifu, M|100\/100\n|-damage|p1a: Metal Lee|94\/100|[from] Stealth Rock\n|turn|19\n|\n|t:|1699463340\n|move|p1a: Metal Lee|Detect|p1a: Metal Lee\n|-singleturn|p1a: Metal Lee|Protect\n|move|p2a: Zacian|Behemoth Blade|p1a: Metal Lee\n|-activate|p1a: Metal Lee|move: Protect\n|\n|-heal|p2a: Zacian|72\/100|[from] Grassy Terrain\n|-heal|p1a: Metal Lee|100\/100|[from] Grassy Terrain\n|upkeep\n|turn|20\n|\n|t:|1699463349\n|move|p2a: Zacian|Behemoth Blade|p1a: Metal Lee\n|-crit|p1a: Metal Lee\n|-enditem|p1a: Metal Lee|Focus Sash\n|-damage|p1a: Metal Lee|1\/100\n|move|p1a: Metal Lee|Wicked Blow|p2a: Zacian\n|-resisted|p2a: Zacian\n|-crit|p2a: Zacian\n|-damage|p2a: Zacian|43\/100\n|\n|-heal|p2a: Zacian|49\/100|[from] Grassy Terrain\n|-heal|p1a: Metal Lee|7\/100|[from] Grassy Terrain\n|upkeep\n|turn|21\n|\n|t:|1699463361\n|move|p1a: Metal Lee|Sucker Punch|p2a: Zacian\n|-resisted|p2a: Zacian\n|-damage|p2a: Zacian|29\/100\n|move|p2a: Zacian|Behemoth Blade|p1a: Metal Lee\n|-damage|p1a: Metal Lee|0 fnt\n|faint|p1a: Metal Lee\n|\n|-heal|p2a: Zacian|35\/100|[from] Grassy Terrain\n|upkeep\n|\n|t:|1699463365\n|switch|p1a: Aloysius|Corviknight, M|100\/100\n|-damage|p1a: Aloysius|88\/100|[from] Stealth Rock\n|turn|22\n|\n|t:|1699463375\n|-terastallize|p1a: Aloysius|Dark\n|move|p2a: Zacian|Wild Charge|p1a: Aloysius\n|-damage|p1a: Aloysius|59\/100\n|-damage|p2a: Zacian|26\/100|[from] Recoil\n|move|p1a: Aloysius|Bulk Up|p1a: Aloysius\n|-boost|p1a: Aloysius|atk|1\n|-boost|p1a: Aloysius|def|1\n|\n|-heal|p2a: Zacian|32\/100|[from] Grassy Terrain\n|-heal|p1a: Aloysius|66\/100|[from] Grassy Terrain\n|-heal|p1a: Aloysius|72\/100|[from] item: Leftovers\n|-fieldend|move: Grassy Terrain\n|upkeep\n|turn|23\n|\n|t:|1699463388\n|move|p2a: Zacian|Behemoth Blade|p1a: Aloysius\n|-damage|p1a: Aloysius|39\/100\n|move|p1a: Aloysius|Iron Head|p2a: Zacian\n|-damage|p2a: Zacian|0 fnt\n|faint|p2a: Zacian\n|\n|-heal|p1a: Aloysius|46\/100|[from] item: Leftovers\n|upkeep\n|\n|t:|1699463392\n|switch|p2a: Ho-Oh|Ho-Oh|100\/100\n|turn|24\n|\n|t:|1699463399\n|move|p1a: Aloysius|Fly||[still]\n|-prepare|p1a: Aloysius|Fly\n|move|p2a: Ho-Oh|Whirlwind|p1a: Aloysius|[miss]\n|-miss|p2a: Ho-Oh|p1a: Aloysius\n|\n|-heal|p1a: Aloysius|52\/100|[from] item: Leftovers\n|upkeep\n|turn|25\n|\n|t:|1699463422\n|move|p1a: Aloysius|Fly|p2a: Ho-Oh|[from]lockedmove\n|-damage|p2a: Ho-Oh|74\/100\n|move|p2a: Ho-Oh|Whirlwind|p1a: Aloysius\n|drag|p1a: Brock|Dragapult, M|100\/100\n|-damage|p1a: Brock|88\/100|[from] Stealth Rock\n|\n|upkeep\n|turn|26\n|\n|t:|1699463436\n|move|p1a: Brock|Dragon Darts|p2a: Ho-Oh\n|-damage|p2a: Ho-Oh|58\/100\n|-anim|p1a: Brock|Dragon Darts|p2a: Ho-Oh\n|-damage|p2a: Ho-Oh|43\/100\n|move|p2a: Ho-Oh|Sacred Fire|p1a: Brock\n|-resisted|p1a: Brock\n|-damage|p1a: Brock|53\/100\n|\n|upkeep\n|turn|27\n|\n|t:|1699463447\n|move|p1a: Brock|Dragon Darts|p2a: Ho-Oh\n|-crit|p2a: Ho-Oh\n|-damage|p2a: Ho-Oh|18\/100\n|-anim|p1a: Brock|Dragon Darts|p2a: Ho-Oh\n|-damage|p2a: Ho-Oh|3\/100\n|move|p2a: Ho-Oh|Sacred Fire|p1a: Brock\n|-resisted|p1a: Brock\n|-damage|p1a: Brock|20\/100\n|-status|p1a: Brock|brn\n|\n|-damage|p1a: Brock|14\/100 brn|[from] brn\n|upkeep\n|turn|28\n|\n|t:|1699463456\n|move|p1a: Brock|Shadow Ball|p2a: Ho-Oh\n|-damage|p2a: Ho-Oh|0 fnt\n|faint|p2a: Ho-Oh\n|\n|-damage|p1a: Brock|8\/100 brn|[from] brn\n|upkeep\n|\n|t:|1699463463\n|switch|p2a: Necrozma|Necrozma-Dusk-Mane|100\/100\n|turn|29\n|\n|t:|1699463470\n|detailschange|p2a: Necrozma|Necrozma-Ultra\n|-burst|p2a: Necrozma|Necrozma|Ultranecrozium Z\n|move|p1a: Brock|Shadow Ball|p2a: Necrozma\n|-supereffective|p2a: Necrozma\n|-damage|p2a: Necrozma|37\/100\n|-unboost|p2a: Necrozma|spd|1\n|move|p2a: Necrozma|Sunsteel Strike|p1a: Brock\n|-damage|p1a: Brock|0 fnt\n|faint|p1a: Brock\n|\n|upkeep\n|\n|t:|1699463480\n|switch|p1a: Aloysius|Corviknight, M, tera:Dark|52\/100\n|-damage|p1a: Aloysius|39\/100|[from] Stealth Rock\n|turn|30\n|\n|t:|1699463486\n|move|p2a: Necrozma|Sunsteel Strike|p1a: Aloysius\n|-crit|p1a: Aloysius\n|-damage|p1a: Aloysius|2\/100\n|move|p1a: Aloysius|Fly||[still]\n|-prepare|p1a: Aloysius|Fly\n|\n|-heal|p1a: Aloysius|8\/100|[from] item: Leftovers\n|upkeep\n|turn|31\n|\n|t:|1699463494\n|move|p2a: Necrozma|Sunsteel Strike|p1a: Aloysius|[miss]\n|-miss|p2a: Necrozma|p1a: Aloysius\n|move|p1a: Aloysius|Fly|p2a: Necrozma|[from]lockedmove\n|-damage|p2a: Necrozma|7\/100\n|\n|-heal|p1a: Aloysius|15\/100|[from] item: Leftovers\n|upkeep\n|turn|32\n|\n|t:|1699463503\n|move|p2a: Necrozma|Sunsteel Strike|p1a: Aloysius\n|-damage|p1a: Aloysius|0 fnt\n|faint|p1a: Aloysius\n|\n|win|Svadharma\n|raw|DavyCricket's rating: 1128 &rarr; <strong>1109<\/strong><br \/>(-19 for losing)\n|raw|Svadharma's rating: 1206 &rarr; <strong>1225<\/strong><br \/>(+19 for winning)\n|c|\u2606DavyCricket|gg\n|l|\u2606Svadharma\n","uploadtime":1699463513,"views":11,"p1id":"davycricket","p2id":"svadharma","formatid":"gen9nationaldexubers","rating":1109,"private":0,"password":""}