{"id":"gen9nationaldexubers-1978320857","p1":"FenixFyre04","p2":"85792195wwww","format":"[Gen 9] National Dex Ubers","log":"|j|\u2606FenixFyre04\n|j|\u260685792195wwww\n|t:|1698524808\n|gametype|singles\n|player|p1|FenixFyre04|steven|1740\n|player|p2|85792195wwww|lady|1820\n|teamsize|p1|6\n|teamsize|p2|6\n|gen|9\n|tier|[Gen 9] National Dex Ubers\n|rated|\n|rule|HP Percentage Mod: HP is shown in percentages\n|rule|Endless Battle Clause: Forcing endless battles is banned\n|rule|OHKO Clause: OHKO moves are banned\n|rule|Evasion Moves Clause: Evasion moves are banned\n|rule|Evasion Items Clause: Evasion items are banned\n|rule|Species Clause: Limit one of each Pok\u00e9mon\n|rule|Sleep Clause Mod: Limit one foe put to sleep\n|rule|Mega Rayquaza Clause: You cannot mega evolve Rayquaza\n|clearpoke\n|poke|p1|Deoxys-Speed|\n|poke|p1|Groudon|\n|poke|p1|Necrozma-Dusk-Mane|\n|poke|p1|Xerneas-*|\n|poke|p1|Banette, M|\n|poke|p1|Rayquaza|\n|poke|p2|Zacian-*|\n|poke|p2|Kyogre|\n|poke|p2|Xerneas-*|\n|poke|p2|Krookodile, M|\n|poke|p2|Groudon|\n|poke|p2|Arceus|\n|teampreview\n|inactive|Battle timer is ON: inactive players will automatically lose when time's up. (requested by FenixFyre04)\n|j| Toon_13\n|\n|t:|1698524824\n|start\n|switch|p1a: Rayquaza|Rayquaza|100\/100\n|switch|p2a: Krookodile|Krookodile, M|100\/100\n|-ability|p1a: Rayquaza|Air Lock\n|-ability|p2a: Krookodile|Intimidate|boost\n|-unboost|p1a: Rayquaza|atk|1\n|turn|1\n|\n|t:|1698524833\n|move|p1a: Rayquaza|U-turn|p2a: Krookodile\n|-supereffective|p2a: Krookodile\n|-damage|p2a: Krookodile|35\/100\n|\n|t:|1698524847\n|switch|p1a: Deoxys|Deoxys-Speed, shiny|100\/100|[from] U-turn\n|-ability|p1a: Deoxys|Pressure\n|move|p2a: Krookodile|Stealth Rock|p1a: Deoxys\n|-sidestart|p1: FenixFyre04|move: Stealth Rock\n|\n|upkeep\n|turn|2\n|\n|t:|1698524863\n|switch|p2a: Arceus|Arceus|100\/100\n|move|p1a: Deoxys|Reflect|p1a: Deoxys\n|-sidestart|p1: FenixFyre04|Reflect\n|\n|upkeep\n|turn|3\n|\n|t:|1698524870\n|move|p1a: Deoxys|Taunt|p2a: Arceus\n|-start|p2a: Arceus|move: Taunt\n|cant|p2a: Arceus|move: Taunt|Swords Dance\n|\n|upkeep\n|turn|4\n|\n|t:|1698524875\n|switch|p2a: Krookodile|Krookodile, M|35\/100\n|-ability|p2a: Krookodile|Intimidate|boost\n|-unboost|p1a: Deoxys|atk|1\n|move|p1a: Deoxys|Stealth Rock|p2a: Krookodile\n|-sidestart|p2: 85792195wwww|move: Stealth Rock\n|\n|upkeep\n|turn|5\n|\n|t:|1698524883\n|switch|p1a: Necrozma|Necrozma-Dusk-Mane|100\/100\n|-damage|p1a: Necrozma|94\/100|[from] Stealth Rock\n|move|p2a: Krookodile|Knock Off|p1a: Necrozma\n|-supereffective|p1a: Necrozma\n|-damage|p1a: Necrozma|79\/100\n|\n|upkeep\n|turn|6\n|\n|t:|1698524891\n|move|p2a: Krookodile|Taunt|p1a: Necrozma\n|-start|p1a: Necrozma|move: Taunt\n|cant|p1a: Necrozma|move: Taunt|Dragon Dance\n|\n|upkeep\n|turn|7\n|\n|t:|1698524899\n|switch|p2a: Kyogre|Kyogre|100\/100\n|-damage|p2a: Kyogre|88\/100|[from] Stealth Rock\n|detailschange|p2a: Kyogre|Kyogre-Primal\n|-primal|p2a: Kyogre|Blue Orb\n|-weather|PrimordialSea|[from] ability: Primordial Sea|[of] p2a: Kyogre\n|move|p1a: Necrozma|Sunsteel Strike|p2a: Kyogre\n|-resisted|p2a: Kyogre\n|-damage|p2a: Kyogre|60\/100\n|\n|-weather|PrimordialSea|[upkeep]\n|upkeep\n|turn|8\n|\n|t:|1698524912\n|switch|p1a: Deoxys|Deoxys-Speed, shiny|100\/100\n|-damage|p1a: Deoxys|88\/100|[from] Stealth Rock\n|-ability|p1a: Deoxys|Pressure\n|move|p2a: Kyogre|Scald|p1a: Deoxys\n|-damage|p1a: Deoxys|0 fnt\n|faint|p1a: Deoxys\n|\n|-weather|PrimordialSea|[upkeep]\n|upkeep\n|\n|t:|1698524921\n|switch|p1a: Groudon|Groudon, shiny|100\/100\n|-damage|p1a: Groudon|94\/100|[from] Stealth Rock\n|detailschange|p1a: Groudon|Groudon-Primal, shiny\n|-primal|p1a: Groudon|Red Orb\n|-weather|DesolateLand|[from] ability: Desolate Land|[of] p1a: Groudon\n|turn|9\n|\n|t:|1698524929\n|move|p2a: Kyogre|Ice Beam|p1a: Groudon\n|-damage|p1a: Groudon|54\/100\n|move|p1a: Groudon|Rock Polish|p1a: Groudon\n|-boost|p1a: Groudon|spe|2\n|\n|-weather|DesolateLand|[upkeep]\n|-sideend|p1: FenixFyre04|Reflect\n|upkeep\n|turn|10\n|\n|t:|1698524937\n|move|p1a: Groudon|Swords Dance|p1a: Groudon\n|-boost|p1a: Groudon|atk|2\n|move|p2a: Kyogre|Ice Beam|p1a: Groudon\n|-damage|p1a: Groudon|16\/100\n|\n|-weather|DesolateLand|[upkeep]\n|upkeep\n|turn|11\n|\n|t:|1698524946\n|move|p1a: Groudon|Heat Crash|p2a: Kyogre\n|-resisted|p2a: Kyogre\n|-damage|p2a: Kyogre|0 fnt\n|faint|p2a: Kyogre\n|\n|-weather|DesolateLand|[upkeep]\n|upkeep\n|\n|t:|1698524952\n|switch|p2a: Arceus|Arceus|100\/100\n|-damage|p2a: Arceus|88\/100|[from] Stealth Rock\n|turn|12\n|\n|t:|1698524957\n|move|p2a: Arceus|Extreme Speed|p1a: Groudon\n|-damage|p1a: Groudon|0 fnt\n|faint|p1a: Groudon\n|-weather|none\n|-damage|p2a: Arceus|78\/100|[from] item: Life Orb\n|\n|upkeep\n|\n|t:|1698524961\n|switch|p1a: Necrozma|Necrozma-Dusk-Mane|79\/100\n|-damage|p1a: Necrozma|73\/100|[from] Stealth Rock\n|turn|13\n|\n|t:|1698524968\n|move|p2a: Arceus|Taunt|p1a: Necrozma\n|-start|p1a: Necrozma|move: Taunt\n|cant|p1a: Necrozma|move: Taunt|Dragon Dance\n|\n|upkeep\n|turn|14\n|\n|t:|1698524974\n|switch|p2a: Krookodile|Krookodile, M|35\/100\n|-damage|p2a: Krookodile|29\/100|[from] Stealth Rock\n|-ability|p2a: Krookodile|Intimidate|boost\n|-unboost|p1a: Necrozma|atk|1\n|switch|p1a: Banette|Banette, M|100\/100\n|-damage|p1a: Banette|88\/100|[from] Stealth Rock\n|-item|p2a: Krookodile|Focus Sash|[from] ability: Frisk|[of] p1a: Banette|[identify]\n|\n|upkeep\n|turn|15\n|\n|t:|1698524990\n|detailschange|p1a: Banette|Banette-Mega, M\n|-mega|p1a: Banette|Banette|Banettite\n|move|p2a: Krookodile|Knock Off|p1a: Banette\n|-supereffective|p1a: Banette\n|-damage|p1a: Banette|9\/100\n|move|p1a: Banette|Poltergeist|p2a: Krookodile\n|-activate|p2a: Krookodile|move: Poltergeist|Focus Sash\n|-resisted|p2a: Krookodile\n|-damage|p2a: Krookodile|0 fnt\n|faint|p2a: Krookodile\n|\n|upkeep\n|\n|t:|1698525009\n|switch|p2a: Xerneas|Xerneas|100\/100\n|-damage|p2a: Xerneas|88\/100|[from] Stealth Rock\n|-ability|p2a: Xerneas|Fairy Aura\n|turn|16\n|\n|t:|1698525017\n|move|p1a: Banette|Scary Face|p2a: Xerneas\n|-unboost|p2a: Xerneas|spe|2\n|move|p2a: Xerneas|Moonblast|p1a: Banette\n|-damage|p1a: Banette|0 fnt\n|faint|p1a: Banette\n|\n|upkeep\n|\n|t:|1698525026\n|switch|p1a: Necrozma|Necrozma-Dusk-Mane|73\/100\n|-damage|p1a: Necrozma|67\/100|[from] Stealth Rock\n|turn|17\n|\n|t:|1698525033\n|move|p1a: Necrozma|Dragon Dance|p1a: Necrozma\n|-boost|p1a: Necrozma|atk|1\n|-boost|p1a: Necrozma|spe|1\n|move|p2a: Xerneas|Moonblast|p1a: Necrozma\n|-resisted|p1a: Necrozma\n|-damage|p1a: Necrozma|38\/100\n|-unboost|p1a: Necrozma|spa|1\n|\n|upkeep\n|turn|18\n|\n|t:|1698525042\n|move|p1a: Necrozma|Sunsteel Strike|p2a: Xerneas\n|-supereffective|p2a: Xerneas\n|-crit|p2a: Xerneas\n|-damage|p2a: Xerneas|0 fnt\n|faint|p2a: Xerneas\n|\n|upkeep\n|\n|t:|1698525060\n|switch|p2a: Zacian|Zacian-Crowned|100\/100\n|-damage|p2a: Zacian|94\/100|[from] Stealth Rock\n|-ability|p2a: Zacian|Intrepid Sword|boost\n|-boost|p2a: Zacian|atk|1\n|turn|19\n|\n|t:|1698525075\n|detailschange|p1a: Necrozma|Necrozma-Ultra\n|-burst|p1a: Necrozma|Necrozma|Ultranecrozium Z\n|-terastallize|p2a: Zacian|Ground\n|move|p1a: Necrozma|Earthquake|p2a: Zacian\n|-damage|p2a: Zacian|34\/100\n|move|p2a: Zacian|Tera Blast|p1a: Necrozma|[anim] Tera Blast Ground\n|-damage|p1a: Necrozma|0 fnt\n|faint|p1a: Necrozma\n|\n|upkeep\n|\n|t:|1698525082\n|switch|p1a: Rayquaza|Rayquaza|100\/100\n|-damage|p1a: Rayquaza|76\/100|[from] Stealth Rock\n|-ability|p1a: Rayquaza|Air Lock\n|turn|20\n|\n|t:|1698525098\n|-terastallize|p1a: Rayquaza|Flying\n|move|p1a: Rayquaza|Extreme Speed|p2a: Zacian\n|-damage|p2a: Zacian|0 fnt\n|faint|p2a: Zacian\n|\n|upkeep\n|\n|t:|1698525113\n|switch|p2a: Arceus|Arceus|78\/100\n|-damage|p2a: Arceus|66\/100|[from] Stealth Rock\n|turn|21\n|l|\u260685792195wwww\n|inactive|85792195wwww disconnected and has a minute to reconnect!\n|player|p2|\n|j| Pwkejejieiw\n|j|\u260685792195wwww\n|inactive|85792195wwww reconnected and has 115 seconds left.\n|player|p2|85792195wwww|lady\n|\n|t:|1698525149\n|move|p1a: Rayquaza|Extreme Speed|p2a: Arceus\n|-damage|p2a: Arceus|34\/100\n|move|p2a: Arceus|Swords Dance|p2a: Arceus\n|-boost|p2a: Arceus|atk|2\n|\n|upkeep\n|turn|22\n|c| Pwkejejieiw|espeed\n|\n|t:|1698525166\n|move|p2a: Arceus|Extreme Speed|p1a: Rayquaza\n|-damage|p1a: Rayquaza|0 fnt\n|faint|p1a: Rayquaza\n|-damage|p2a: Arceus|24\/100|[from] item: Life Orb\n|\n|upkeep\n|c| Pwkejejieiw|eat his babies\n|\n|t:|1698525169\n|switch|p1a: Xerneas|Xerneas, shiny|100\/100\n|-damage|p1a: Xerneas|88\/100|[from] Stealth Rock\n|-ability|p1a: Xerneas|Fairy Aura\n|turn|23\n|\n|t:|1698525177\n|move|p2a: Arceus|Extreme Speed|p1a: Xerneas\n|-damage|p1a: Xerneas|0 fnt\n|faint|p1a: Xerneas\n|-damage|p2a: Arceus|14\/100|[from] item: Life Orb\n|\n|win|85792195wwww\n|raw|FenixFyre04's rating: 1740 &rarr; <strong>1725<\/strong><br \/>(-15 for losing)\n|raw|85792195wwww's rating: 1820 &rarr; <strong>1835<\/strong><br \/>(+15 for winning)\n|l|\u2606FenixFyre04\n|l| Toon_13\n","uploadtime":1698525185,"views":10,"p1id":"fenixfyre04","p2id":"85792195wwww","formatid":"gen9nationaldexubers","rating":1725,"private":0,"password":""}