{"id":"gen9nationaldexubers-1979053688","p1":"omegashenronone","p2":"HEYstudios","format":"[Gen 9] National Dex Ubers","log":"|j|\u2606omegashenronone\n|j|\u2606HEYstudios\n|t:|1698626262\n|gametype|singles\n|player|p1|omegashenronone|hugh|\n|player|p2|HEYstudios|guzma|\n|teamsize|p1|5\n|teamsize|p2|5\n|gen|9\n|tier|[Gen 9] National Dex Ubers\n|rule|HP Percentage Mod: HP is shown in percentages\n|rule|Endless Battle Clause: Forcing endless battles is banned\n|rule|OHKO Clause: OHKO moves are banned\n|rule|Evasion Moves Clause: Evasion moves are banned\n|rule|Evasion Items Clause: Evasion items are banned\n|rule|Species Clause: Limit one of each Pok\u00e9mon\n|rule|Sleep Clause Mod: Limit one foe put to sleep\n|rule|Mega Rayquaza Clause: You cannot mega evolve Rayquaza\n|clearpoke\n|poke|p1|Serperior, F|\n|poke|p1|Gliscor, M|\n|poke|p1|Garchomp, M|\n|poke|p1|Flutter Mane|\n|poke|p1|Dragonite, F|\n|poke|p2|Houndoom, M|\n|poke|p2|Malamar, F|\n|poke|p2|Scrafty, F|\n|poke|p2|Revavroom, M|\n|poke|p2|Dipplin, M|\n|teampreview\n|inactive|Battle timer is ON: inactive players will automatically lose when time's up. (requested by omegashenronone)\n|\n|t:|1698626279\n|start\n|switch|p1a: Chompy|Garchomp, M|100\/100\n|switch|p2a: Revavroom|Revavroom, M|100\/100\n|turn|1\n|\n|t:|1698626287\n|-terastallize|p2a: Revavroom|Flying\n|move|p1a: Chompy|Earthquake|p2a: Revavroom\n|-immune|p2a: Revavroom\n|move|p2a: Revavroom|Toxic Spikes|p1a: Chompy\n|-sidestart|p1: omegashenronone|move: Toxic Spikes\n|\n|upkeep\n|turn|2\n|\n|t:|1698626294\n|move|p1a: Chompy|Swords Dance|p1a: Chompy\n|-boost|p1a: Chompy|atk|2\n|move|p2a: Revavroom|Toxic Spikes|p1a: Chompy\n|-sidestart|p1: omegashenronone|move: Toxic Spikes\n|\n|upkeep\n|turn|3\n|\n|t:|1698626301\n|move|p1a: Chompy|Scale Shot|p2a: Revavroom\n|-damage|p2a: Revavroom|73\/100\n|-damage|p2a: Revavroom|46\/100\n|-damage|p2a: Revavroom|18\/100\n|-enditem|p2a: Revavroom|Aguav Berry|[eat]\n|-heal|p2a: Revavroom|51\/100|[from] item: Aguav Berry\n|-damage|p2a: Revavroom|23\/100\n|-hitcount|p2a: Revavroom|4\n|-unboost|p1a: Chompy|def|1\n|-boost|p1a: Chompy|spe|1\n|move|p2a: Revavroom|Shift Gear|p2a: Revavroom\n|-boost|p2a: Revavroom|spe|2\n|-boost|p2a: Revavroom|atk|1\n|\n|upkeep\n|turn|4\n|\n|t:|1698626323\n|-terastallize|p1a: Chompy|Steel\n|move|p2a: Revavroom|Spin Out|p1a: Chompy\n|-resisted|p1a: Chompy\n|-damage|p1a: Chompy|57\/100\n|-unboost|p2a: Revavroom|spe|2\n|-damage|p2a: Revavroom|11\/100|[from] ability: Rough Skin|[of] p1a: Chompy\n|move|p1a: Chompy|Brick Break|p2a: Revavroom\n|-resisted|p2a: Revavroom\n|-damage|p2a: Revavroom|0 fnt\n|faint|p2a: Revavroom\n|\n|upkeep\n|\n|t:|1698626336\n|switch|p2a: Dipplin|Dipplin, M|100\/100\n|turn|5\n|\n|t:|1698626341\n|move|p1a: Chompy|Scale Shot|p2a: Dipplin\n|-supereffective|p2a: Dipplin\n|-damage|p2a: Dipplin|68\/100\n|-supereffective|p2a: Dipplin\n|-damage|p2a: Dipplin|38\/100\n|-supereffective|p2a: Dipplin\n|-damage|p2a: Dipplin|8\/100\n|-supereffective|p2a: Dipplin\n|-damage|p2a: Dipplin|0 fnt\n|faint|p2a: Dipplin\n|-hitcount|p2: Dipplin|4\n|-unboost|p1a: Chompy|def|1\n|-boost|p1a: Chompy|spe|1\n|\n|upkeep\n|\n|t:|1698626345\n|switch|p2a: Scrafty|Scrafty, F|100\/100\n|turn|6\n|\n|t:|1698626353\n|move|p2a: Scrafty|Fake Out|p1a: Chompy\n|-resisted|p1a: Chompy\n|-damage|p1a: Chompy|45\/100\n|-damage|p2a: Scrafty|88\/100|[from] ability: Rough Skin|[of] p1a: Chompy\n|cant|p1a: Chompy|flinch\n|\n|upkeep\n|turn|7\n|\n|t:|1698626368\n|move|p1a: Chompy|Earthquake|p2a: Scrafty\n|-damage|p2a: Scrafty|0 fnt\n|faint|p2a: Scrafty\n|\n|upkeep\n|\n|t:|1698626370\n|switch|p2a: Malamar|Malamar, F|100\/100\n|turn|8\n|\n|t:|1698626375\n|move|p1a: Chompy|Scale Shot|p2a: Malamar\n|-damage|p2a: Malamar|72\/100\n|-damage|p2a: Malamar|44\/100\n|-damage|p2a: Malamar|16\/100\n|-damage|p2a: Malamar|0 fnt\n|faint|p2a: Malamar\n|-hitcount|p2: Malamar|4\n|-unboost|p1a: Chompy|def|1\n|-boost|p1a: Chompy|spe|1\n|\n|upkeep\n|\n|t:|1698626378\n|switch|p2a: Houndoom|Houndoom, M|100\/100\n|-ability|p2a: Houndoom|Unnerve\n|turn|9\n|\n|t:|1698626383\n|detailschange|p2a: Houndoom|Houndoom-Mega, M\n|-mega|p2a: Houndoom|Houndoom|Houndoominite\n|move|p1a: Chompy|Earthquake|p2a: Houndoom\n|-supereffective|p2a: Houndoom\n|-damage|p2a: Houndoom|0 fnt\n|faint|p2a: Houndoom\n|\n|win|omegashenronone\n|c|\u2606omegashenronone|Good game\n|c|\u2606HEYstudios|damn welp gg\n|c|\u2606omegashenronone|1v5 easy sweep\n","uploadtime":1698626405,"views":11,"p1id":"omegashenronone","p2id":"heystudios","formatid":"gen9nationaldexubers","rating":0,"private":0,"password":""}