{"id":"gen9nationaldexubers-1986177596","p1":"edualfo","p2":"3eveeJ","format":"[Gen 9] National Dex Ubers","log":"|j|\u2606edualfo\n|j|\u26063eveeJ\n|t:|1699457337\n|gametype|singles\n|player|p1|edualfo|chuck|1114\n|player|p2|3eveeJ|cheryl|1093\n|teamsize|p1|6\n|teamsize|p2|6\n|gen|9\n|tier|[Gen 9] National Dex Ubers\n|rated|\n|rule|HP Percentage Mod: HP is shown in percentages\n|rule|Endless Battle Clause: Forcing endless battles is banned\n|rule|OHKO Clause: OHKO moves are banned\n|rule|Evasion Moves Clause: Evasion moves are banned\n|rule|Evasion Items Clause: Evasion items are banned\n|rule|Species Clause: Limit one of each Pok\u00e9mon\n|rule|Sleep Clause Mod: Limit one foe put to sleep\n|rule|Mega Rayquaza Clause: You cannot mega evolve Rayquaza\n|clearpoke\n|poke|p1|Shuckle, M|\n|poke|p1|Smeargle, M|\n|poke|p1|Rayquaza|\n|poke|p1|Marshadow|\n|poke|p1|Zacian-*|\n|poke|p1|Xerneas-*|\n|poke|p2|Turtonator, M|\n|poke|p2|Toxapex, F|\n|poke|p2|Lilligant-Hisui, F|\n|poke|p2|Clefable, M|\n|poke|p2|Darmanitan-Galar, M|\n|poke|p2|Dragapult, M|\n|teampreview\n|\n|t:|1699457350\n|start\n|switch|p1a: Shuckle|Shuckle, M|100\/100\n|switch|p2a: Clefable|Clefable, M|100\/100\n|turn|1\n|\n|t:|1699457357\n|move|p2a: Clefable|Drain Punch|p1a: Shuckle\n|-damage|p1a: Shuckle|94\/100\n|-enditem|p1a: Shuckle|Red Card|[of] p2a: Clefable\n|drag|p2a: Lilligant|Lilligant-Hisui, F|100\/100\n|move|p1a: Shuckle|Sticky Web|p2a: Lilligant\n|-sidestart|p2: 3eveeJ|move: Sticky Web\n|\n|upkeep\n|turn|2\n|\n|t:|1699457366\n|move|p2a: Lilligant|Victory Dance|p2a: Lilligant\n|-boost|p2a: Lilligant|atk|1\n|-boost|p2a: Lilligant|def|1\n|-boost|p2a: Lilligant|spe|1\n|move|p1a: Shuckle|Stealth Rock|p2a: Lilligant\n|-sidestart|p2: 3eveeJ|move: Stealth Rock\n|\n|upkeep\n|turn|3\n|\n|t:|1699457377\n|move|p2a: Lilligant|Victory Dance|p2a: Lilligant\n|-boost|p2a: Lilligant|atk|1\n|-boost|p2a: Lilligant|def|1\n|-boost|p2a: Lilligant|spe|1\n|move|p1a: Shuckle|Encore|p2a: Lilligant\n|-start|p2a: Lilligant|Encore\n|\n|upkeep\n|turn|4\n|\n|t:|1699457386\n|move|p2a: Lilligant|Victory Dance|p2a: Lilligant\n|-boost|p2a: Lilligant|atk|1\n|-boost|p2a: Lilligant|def|1\n|-boost|p2a: Lilligant|spe|1\n|move|p1a: Shuckle|Final Gambit|p2a: Lilligant\n|-damage|p2a: Lilligant|20\/100\n|faint|p1a: Shuckle\n|\n|upkeep\n|\n|t:|1699457394\n|switch|p1a: Rayquaza|Rayquaza|100\/100\n|-ability|p1a: Rayquaza|Air Lock\n|turn|5\n|\n|t:|1699457400\n|switch|p2a: Turtonator|Turtonator, M|100\/100\n|-activate|p2a: Turtonator|move: Sticky Web\n|-unboost|p2a: Turtonator|spe|1\n|-damage|p2a: Turtonator|76\/100|[from] Stealth Rock\n|-enditem|p2a: Turtonator|White Herb\n|-clearnegativeboost|p2a: Turtonator|[silent]\n|move|p1a: Rayquaza|V-create|p2a: Turtonator\n|-resisted|p2a: Turtonator\n|-damage|p2a: Turtonator|58\/100\n|-unboost|p1a: Rayquaza|spe|1\n|-unboost|p1a: Rayquaza|def|1\n|-unboost|p1a: Rayquaza|spd|1\n|-damage|p1a: Rayquaza|91\/100|[from] item: Life Orb\n|\n|upkeep\n|turn|6\n|\n|t:|1699457434\n|switch|p1a: Power Herb|Xerneas|100\/100\n|-ability|p1a: Power Herb|Fairy Aura\n|move|p2a: Turtonator|Rapid Spin|p1a: Power Herb\n|-damage|p1a: Power Herb|93\/100\n|-boost|p2a: Turtonator|spe|1\n|-sideend|p2: 3eveeJ|Stealth Rock|[from] move: Rapid Spin|[of] p2a: Turtonator\n|-sideend|p2: 3eveeJ|Sticky Web|[from] move: Rapid Spin|[of] p2a: Turtonator\n|\n|upkeep\n|turn|7\n|\n|t:|1699457448\n|move|p2a: Turtonator|Earthquake|p1a: Power Herb\n|-damage|p1a: Power Herb|78\/100\n|move|p1a: Power Herb|Moonblast|p2a: Turtonator\n|-damage|p2a: Turtonator|0 fnt\n|faint|p2a: Turtonator\n|\n|upkeep\n|\n|t:|1699457455\n|switch|p2a: Toxapex|Toxapex, F|100\/100\n|turn|8\n|\n|t:|1699457461\n|move|p1a: Power Herb|Geomancy||[still]\n|-prepare|p1a: Power Herb|Geomancy\n|-enditem|p1a: Power Herb|Power Herb\n|-anim|p1a: Power Herb|Geomancy|p1a: Power Herb\n|-boost|p1a: Power Herb|spa|2\n|-boost|p1a: Power Herb|spd|2\n|-boost|p1a: Power Herb|spe|2\n|move|p2a: Toxapex|Sludge Bomb|p1a: Power Herb\n|-supereffective|p1a: Power Herb\n|-damage|p1a: Power Herb|60\/100\n|-status|p1a: Power Herb|psn\n|\n|-damage|p1a: Power Herb|47\/100 psn|[from] psn\n|upkeep\n|turn|9\n|\n|t:|1699457476\n|move|p1a: Power Herb|Moonblast|p2a: Toxapex\n|-resisted|p2a: Toxapex\n|-damage|p2a: Toxapex|37\/100\n|move|p2a: Toxapex|Toxic Spikes|p1a: Power Herb\n|-sidestart|p1: edualfo|move: Toxic Spikes\n|\n|-heal|p2a: Toxapex|44\/100|[from] item: Black Sludge\n|-damage|p1a: Power Herb|35\/100 psn|[from] psn\n|upkeep\n|turn|10\n|\n|t:|1699457487\n|move|p1a: Power Herb|Moonblast|p2a: Toxapex\n|-resisted|p2a: Toxapex\n|-damage|p2a: Toxapex|0 fnt\n|faint|p2a: Toxapex\n|\n|-damage|p1a: Power Herb|22\/100 psn|[from] psn\n|upkeep\n|\n|t:|1699457497\n|switch|p2a: Clefable|Clefable, M|100\/100\n|turn|11\n|\n|t:|1699457504\n|move|p1a: Power Herb|Thunder|p2a: Clefable|[miss]\n|-miss|p1a: Power Herb|p2a: Clefable\n|move|p2a: Clefable|Psychic|p1a: Power Herb\n|-crit|p1a: Power Herb\n|-damage|p1a: Power Herb|0 fnt\n|faint|p1a: Power Herb\n|\n|upkeep\n|\n|t:|1699457514\n|switch|p1a: Zacian|Zacian-Crowned|100\/100\n|-ability|p1a: Zacian|Intrepid Sword|boost\n|-boost|p1a: Zacian|atk|1\n|turn|12\n|\n|t:|1699457523\n|move|p1a: Zacian|Swords Dance|p1a: Zacian\n|-boost|p1a: Zacian|atk|2\n|move|p2a: Clefable|Drain Punch|p1a: Zacian\n|-damage|p1a: Zacian|89\/100\n|\n|upkeep\n|turn|13\n|\n|t:|1699457530\n|move|p1a: Zacian|Behemoth Blade|p2a: Clefable\n|-supereffective|p2a: Clefable\n|-damage|p2a: Clefable|0 fnt\n|faint|p2a: Clefable\n|\n|upkeep\n|\n|t:|1699457536\n|switch|p2a: Darmanitan|Darmanitan-Galar, M|100\/100\n|turn|14\n|\n|t:|1699457542\n|-terastallize|p2a: Darmanitan|Ground\n|move|p2a: Darmanitan|Earthquake|p1a: Zacian\n|-supereffective|p1a: Zacian\n|-damage|p1a: Zacian|0 fnt\n|faint|p1a: Zacian\n|\n|upkeep\n|\n|t:|1699457550\n|switch|p1a: Rayquaza|Rayquaza|91\/100\n|-ability|p1a: Rayquaza|Air Lock\n|turn|15\n|\n|t:|1699457560\n|switch|p2a: Dragapult|Dragapult, M|100\/100\n|move|p1a: Rayquaza|Dragon Dance|p1a: Rayquaza\n|-boost|p1a: Rayquaza|atk|1\n|-boost|p1a: Rayquaza|spe|1\n|\n|upkeep\n|turn|16\n|\n|t:|1699457571\n|move|p1a: Rayquaza|Dragon Ascent|p2a: Dragapult\n|-damage|p2a: Dragapult|0 fnt\n|-unboost|p1a: Rayquaza|def|1\n|-unboost|p1a: Rayquaza|spd|1\n|faint|p2a: Dragapult\n|-damage|p1a: Rayquaza|81\/100|[from] item: Life Orb\n|\n|upkeep\n|\n|t:|1699457579\n|switch|p2a: Darmanitan|Darmanitan-Galar, M, tera:Ground|100\/100\n|turn|17\n|\n|t:|1699457589\n|move|p2a: Darmanitan|Icicle Crash|p1a: Rayquaza\n|-supereffective|p1a: Rayquaza\n|-damage|p1a: Rayquaza|0 fnt\n|faint|p1a: Rayquaza\n|\n|upkeep\n|\n|t:|1699457596\n|switch|p1a: Marshmallow|Marshadow|100\/100\n|-status|p1a: Marshmallow|psn\n|turn|18\n|\n|t:|1699457605\n|move|p1a: Marshmallow|Shadow Sneak|p2a: Darmanitan\n|-damage|p2a: Darmanitan|34\/100\n|-damage|p1a: Marshmallow|91\/100 psn|[from] item: Life Orb\n|move|p2a: Darmanitan|Icicle Crash|p1a: Marshmallow\n|-damage|p1a: Marshmallow|6\/100 psn\n|\n|-damage|p1a: Marshmallow|0 fnt|[from] psn\n|faint|p1a: Marshmallow\n|upkeep\n|\n|t:|1699457613\n|switch|p1a: Setup Sweeper|Smeargle, M|100\/100\n|-status|p1a: Setup Sweeper|psn\n|turn|19\n|\n|t:|1699457624\n|switch|p2a: Lilligant|Lilligant-Hisui, F|20\/100\n|move|p1a: Setup Sweeper|Spore|p2a: Lilligant\n|-immune|p2a: Lilligant\n|\n|-damage|p1a: Setup Sweeper|88\/100 psn|[from] psn\n|-ability|p1a: Setup Sweeper|Moody|boost\n|-boost|p1a: Setup Sweeper|atk|2\n|-unboost|p1a: Setup Sweeper|spa|1\n|upkeep\n|turn|20\n|\n|t:|1699457634\n|move|p2a: Lilligant|Close Combat|p1a: Setup Sweeper\n|-supereffective|p1a: Setup Sweeper\n|-damage|p1a: Setup Sweeper|0 fnt\n|-unboost|p2a: Lilligant|def|1\n|-unboost|p2a: Lilligant|spd|1\n|faint|p1a: Setup Sweeper\n|\n|win|3eveeJ\n|raw|edualfo's rating: 1114 &rarr; <strong>1087<\/strong><br \/>(-27 for losing)\n|raw|3eveeJ's rating: 1093 &rarr; <strong>1121<\/strong><br \/>(+28 for winning)\n|c|\u26063eveeJ|gg\n|c|\u2606edualfo|gg\n|l|\u2606edualfo\n","uploadtime":1699457647,"views":13,"p1id":"edualfo","p2id":"3eveej","formatid":"gen9nationaldexubers","rating":1087,"private":0,"password":""}