{"id":"gen9nationaldexubers-1987708643","p1":"anil kottu god","p2":"NotGlitchXD","format":"[Gen 9] National Dex Ubers","log":"|j|\u2606anil kottu god\n|j|\u2606NotGlitchXD\n|t:|1699629700\n|gametype|singles\n|player|p1|anil kottu god|red|\n|player|p2|NotGlitchXD|richboy-gen4|\n|teamsize|p1|6\n|teamsize|p2|6\n|gen|9\n|tier|[Gen 9] National Dex Ubers\n|rule|HP Percentage Mod: HP is shown in percentages\n|rule|Endless Battle Clause: Forcing endless battles is banned\n|rule|OHKO Clause: OHKO moves are banned\n|rule|Evasion Moves Clause: Evasion moves are banned\n|rule|Evasion Items Clause: Evasion items are banned\n|rule|Species Clause: Limit one of each Pok\u00e9mon\n|rule|Sleep Clause Mod: Limit one foe put to sleep\n|rule|Mega Rayquaza Clause: You cannot mega evolve Rayquaza\n|clearpoke\n|poke|p1|Garchomp, M|\n|poke|p1|Blaziken, F|\n|poke|p1|Clefable, F|\n|poke|p1|Cloyster, F|\n|poke|p1|Noivern, M|\n|poke|p1|Torterra, M|\n|poke|p2|Kommo-o, M|\n|poke|p2|Azumarill, F|\n|poke|p2|Decidueye, M|\n|poke|p2|Scizor, M|\n|poke|p2|Toxapex, F|\n|poke|p2|Klefki, F|\n|teampreview\n|\n|t:|1699629721\n|start\n|switch|p1a: Clefable|Clefable, F, shiny|100\/100\n|switch|p2a: Bubbles|Azumarill, F|100\/100\n|turn|1\n|\n|t:|1699629731\n|switch|p2a: Death|Scizor, M|100\/100\n|move|p1a: Clefable|Calm Mind|p1a: Clefable\n|-boost|p1a: Clefable|spa|1\n|-boost|p1a: Clefable|spd|1\n|\n|upkeep\n|turn|2\n|inactive|Battle timer is ON: inactive players will automatically lose when time's up. (requested by NotGlitchXD)\n|c|\u2606NotGlitchXD|Oh no\n|c|\u2606NotGlitchXD|Someone will lose again\n|inactive|anil kottu god has 270 seconds left.\n|\n|t:|1699629786\n|switch|p1a: Blaziken|Blaziken, F|100\/100\n|detailschange|p2a: Death|Scizor-Mega, M\n|-mega|p2a: Death|Scizor|Scizorite\n|move|p2a: Death|Swords Dance|p2a: Death\n|-boost|p2a: Death|atk|2\n|\n|upkeep\n|turn|3\n|c|\u2606NotGlitchXD|And it will be very close\n|c|\u2606NotGlitchXD|Oooooh\n|\n|t:|1699629799\n|switch|p2a: XD|Toxapex, F, shiny|100\/100\n|-terastallize|p1a: Blaziken|Fire\n|move|p1a: Blaziken|Flare Blitz|p2a: XD\n|-resisted|p2a: XD\n|-crit|p2a: XD\n|-damage|p2a: XD|62\/100\n|-damage|p1a: Blaziken|88\/100|[from] Recoil\n|\n|-heal|p2a: XD|68\/100|[from] item: Black Sludge\n|-ability|p1a: Blaziken|Speed Boost|boost\n|-boost|p1a: Blaziken|spe|1\n|upkeep\n|turn|4\n|\n|t:|1699629816\n|switch|p1a: Torterra|Torterra, M|100\/100\n|move|p2a: XD|Toxic|p1a: Torterra\n|-status|p1a: Torterra|tox\n|\n|-heal|p2a: XD|74\/100|[from] item: Black Sludge\n|-damage|p1a: Torterra|94\/100 tox|[from] psn\n|upkeep\n|turn|5\n|\n|t:|1699629830\n|move|p1a: Torterra|Leech Seed|p2a: XD|[miss]\n|-miss|p1a: Torterra|p2a: XD\n|move|p2a: XD|Substitute|p2a: XD\n|-start|p2a: XD|Substitute\n|-damage|p2a: XD|49\/100\n|\n|-heal|p2a: XD|55\/100|[from] item: Black Sludge\n|-damage|p1a: Torterra|82\/100 tox|[from] psn\n|upkeep\n|turn|6\n|\n|t:|1699629843\n|move|p1a: Torterra|Shell Smash|p1a: Torterra\n|-unboost|p1a: Torterra|def|1\n|-unboost|p1a: Torterra|spd|1\n|-boost|p1a: Torterra|atk|2\n|-boost|p1a: Torterra|spa|2\n|-boost|p1a: Torterra|spe|2\n|move|p2a: XD|Recover|p2a: XD\n|-heal|p2a: XD|100\/100\n|\n|-damage|p1a: Torterra|64\/100 tox|[from] psn\n|upkeep\n|turn|7\n|\n|t:|1699629857\n|move|p2a: XD|Baneful Bunker|p2a: XD\n|-singleturn|p2a: XD|move: Protect\n|move|p1a: Torterra|Shell Smash|p1a: Torterra\n|-unboost|p1a: Torterra|def|1\n|-unboost|p1a: Torterra|spd|1\n|-boost|p1a: Torterra|atk|2\n|-boost|p1a: Torterra|spa|2\n|-boost|p1a: Torterra|spe|2\n|\n|-damage|p1a: Torterra|40\/100 tox|[from] psn\n|upkeep\n|turn|8\n|\n|t:|1699629874\n|move|p1a: Torterra|Leech Seed||[still]\n|-fail|p1a: Torterra\n|move|p2a: XD|Toxic|p1a: Torterra\n|-fail|p1a: Torterra|tox\n|\n|-damage|p1a: Torterra|9\/100 tox|[from] psn\n|upkeep\n|-enditem|p1a: Torterra|Figy Berry|[eat]\n|-heal|p1a: Torterra|42\/100 tox|[from] item: Figy Berry\n|turn|9\n|\n|t:|1699629888\n|move|p2a: XD|Baneful Bunker|p2a: XD\n|-singleturn|p2a: XD|move: Protect\n|move|p1a: Torterra|Rock Slide|p2a: XD\n|-activate|p2a: XD|move: Protect\n|\n|-damage|p1a: Torterra|6\/100 tox|[from] psn\n|upkeep\n|turn|10\n|\n|t:|1699629903\n|move|p1a: Torterra|Rock Slide|p2a: XD\n|-end|p2a: XD|Substitute\n|move|p2a: XD|Substitute|p2a: XD\n|-start|p2a: XD|Substitute\n|-damage|p2a: XD|76\/100\n|\n|-heal|p2a: XD|82\/100|[from] item: Black Sludge\n|-damage|p1a: Torterra|0 fnt|[from] psn\n|faint|p1a: Torterra\n|upkeep\n|\n|t:|1699629908\n|switch|p1a: Noivern|Noivern, M|100\/100\n|turn|11\n|\n|t:|1699629920\n|move|p1a: Noivern|Draco Meteor|p2a: XD\n|-damage|p2a: XD|45\/100\n|-unboost|p1a: Noivern|spa|2\n|move|p2a: XD|Toxic|p1a: Noivern\n|-status|p1a: Noivern|tox\n|\n|-heal|p2a: XD|51\/100|[from] item: Black Sludge\n|-damage|p1a: Noivern|94\/100 tox|[from] psn\n|upkeep\n|turn|12\n|\n|t:|1699629936\n|move|p2a: XD|Baneful Bunker|p2a: XD\n|-singleturn|p2a: XD|move: Protect\n|move|p1a: Noivern|Draco Meteor|p2a: XD\n|-activate|p2a: XD|move: Protect\n|\n|-heal|p2a: XD|57\/100|[from] item: Black Sludge\n|-damage|p1a: Noivern|82\/100 tox|[from] psn\n|upkeep\n|turn|13\n|\n|t:|1699629951\n|move|p1a: Noivern|Draco Meteor|p2a: XD\n|-damage|p2a: XD|39\/100\n|-unboost|p1a: Noivern|spa|2\n|move|p2a: XD|Recover|p2a: XD\n|-heal|p2a: XD|90\/100\n|\n|-heal|p2a: XD|96\/100|[from] item: Black Sludge\n|-damage|p1a: Noivern|64\/100 tox|[from] psn\n|upkeep\n|turn|14\n|\n|t:|1699629976\n|move|p2a: XD|Baneful Bunker|p2a: XD\n|-singleturn|p2a: XD|move: Protect\n|move|p1a: Noivern|Heat Wave|p2a: XD\n|-activate|p2a: XD|move: Protect\n|\n|-heal|p2a: XD|100\/100|[from] item: Black Sludge\n|-damage|p1a: Noivern|39\/100 tox|[from] psn\n|upkeep\n|turn|15\n|inactive|NotGlitchXD has 270 seconds left.\n|\n|t:|1699630003\n|move|p1a: Noivern|Roost|p1a: Noivern\n|-heal|p1a: Noivern|89\/100 tox\n|-singleturn|p1a: Noivern|move: Roost\n|move|p2a: XD|Substitute|p2a: XD\n|-fail|p2a: XD|move: Substitute\n|\n|-damage|p1a: Noivern|58\/100 tox|[from] psn\n|upkeep\n|turn|16\n|\n|t:|1699630016\n|move|p2a: XD|Baneful Bunker|p2a: XD\n|-singleturn|p2a: XD|move: Protect\n|move|p1a: Noivern|Heat Wave|p2a: XD\n|-activate|p2a: XD|move: Protect\n|\n|-damage|p1a: Noivern|21\/100 tox|[from] psn\n|upkeep\n|turn|17\n|c|\u2606anil kottu god|u r scared\n|c|\u2606anil kottu god|this is not called\n|c|\u2606NotGlitchXD|Ya\n|c|\u2606anil kottu god|competitive play\n|c|\u2606NotGlitchXD|I'm scared\n|c|\u2606anil kottu god|loude\n|inactive|NotGlitchXD has 240 seconds left.\n|c|\u2606NotGlitchXD|Big brain\n|c|\u2606anil kottu god|u dont talk failure\n|c|\u2606anil kottu god|wt playy\n|c|\u2606anil kottu god|fast\n|c|\u2606NotGlitchXD|I'm sorrygod\n|inactive|NotGlitchXD has 210 seconds left.\n|c|\u2606anil kottu god|ok slave\n|c|\u2606NotGlitchXD|Someone us getting pissed off\n|c|\u2606anil kottu god|ok da great\n|c|\u2606NotGlitchXD|I wonder who it is\n|c|\u2606anil kottu god|ok happy\n|\n|t:|1699630093\n|switch|p1a: Clefable|Clefable, F, shiny|100\/100\n|move|p2a: XD|Toxic|p1a: Clefable\n|-status|p1a: Clefable|tox\n|\n|-damage|p1a: Clefable|94\/100 tox|[from] psn\n|upkeep\n|turn|18\n|\n|t:|1699630108\n|move|p2a: XD|Baneful Bunker|p2a: XD\n|-singleturn|p2a: XD|move: Protect\n|-zpower|p1a: Clefable\n|move|p1a: Clefable|Twinkle Tackle|p2a: XD|[zeffect]\n|-resisted|p2a: XD\n|-zbroken|p2a: XD\n|-activate|p2a: XD|move: Substitute|[damage]\n|\n|-damage|p1a: Clefable|82\/100 tox|[from] psn\n|upkeep\n|turn|19\n|\n|t:|1699630129\n|move|p2a: XD|Baneful Bunker||[still]\n|-fail|p2a: XD\n|move|p1a: Clefable|Moonblast|p2a: XD\n|-resisted|p2a: XD\n|-activate|p2a: XD|move: Substitute|[damage]\n|\n|-damage|p1a: Clefable|64\/100 tox|[from] psn\n|upkeep\n|turn|20\n|c|\u2606NotGlitchXD|Ooooh\n|\n|t:|1699630142\n|move|p1a: Clefable|Calm Mind|p1a: Clefable\n|-boost|p1a: Clefable|spa|1\n|-boost|p1a: Clefable|spd|1\n|move|p2a: XD|Substitute|p2a: XD\n|-fail|p2a: XD|move: Substitute\n|\n|-damage|p1a: Clefable|40\/100 tox|[from] psn\n|upkeep\n|turn|21\n|\n|t:|1699630154\n|move|p1a: Clefable|Moonblast|p2a: XD\n|-resisted|p2a: XD\n|-end|p2a: XD|Substitute\n|move|p2a: XD|Toxic|p1a: Clefable\n|-fail|p1a: Clefable|tox\n|\n|-damage|p1a: Clefable|9\/100 tox|[from] psn\n|upkeep\n|turn|22\n|c|\u2606anil kottu god|one random after this\n|c|\u2606NotGlitchXD|No\n|c|\u2606anil kottu god|yessss\n|inactive|NotGlitchXD has 180 seconds left.\n|c|\u2606anil kottu god|pls\n|\n|t:|1699630170\n|move|p1a: Clefable|Aromatherapy|p1a: Clefable\n|-activate|p1a: Clefable|move: Aromatherapy\n|-curestatus|p1a: Clefable|tox|[msg]\n|-curestatus|p1: Noivern|tox|[msg]\n|move|p2a: XD|Substitute|p2a: XD\n|-start|p2a: XD|Substitute\n|-damage|p2a: XD|76\/100\n|\n|-heal|p2a: XD|82\/100|[from] item: Black Sludge\n|upkeep\n|turn|23\n|c|\u2606anil kottu god|one last random\n|c|\u2606NotGlitchXD|No\n|c|\u2606anil kottu god|2 random\n|c|\u2606anil kottu god|2 this thing\n|inactive|NotGlitchXD has 180 seconds left.\n|c|\u2606anil kottu god|1 last random\n|\n|t:|1699630187\n|move|p1a: Clefable|Aromatherapy||[still]\n|-activate|p1a: Clefable|move: Aromatherapy\n|-fail|p1a: Clefable\n|move|p2a: XD|Toxic|p1a: Clefable\n|-status|p1a: Clefable|tox\n|\n|-heal|p2a: XD|88\/100|[from] item: Black Sludge\n|-damage|p1a: Clefable|3\/100 tox|[from] psn\n|upkeep\n|turn|24\n|inactive|NotGlitchXD has 180 seconds left.\n|\n|t:|1699630200\n|move|p1a: Clefable|Moonblast|p2a: XD\n|-resisted|p2a: XD\n|-activate|p2a: XD|move: Substitute|[damage]\n|move|p2a: XD|Toxic|p1a: Clefable\n|-fail|p1a: Clefable|tox\n|\n|-heal|p2a: XD|94\/100|[from] item: Black Sludge\n|-damage|p1a: Clefable|0 fnt|[from] psn\n|faint|p1a: Clefable\n|upkeep\n|\n|t:|1699630210\n|switch|p1a: Blaziken|Blaziken, F, tera:Fire|88\/100\n|turn|25\n|\n|t:|1699630217\n|move|p1a: Blaziken|Protect|p1a: Blaziken\n|-singleturn|p1a: Blaziken|Protect\n|move|p2a: XD|Toxic|p1a: Blaziken\n|-activate|p1a: Blaziken|move: Protect\n|\n|-heal|p2a: XD|99\/100|[from] item: Black Sludge\n|-ability|p1a: Blaziken|Speed Boost|boost\n|-boost|p1a: Blaziken|spe|1\n|upkeep\n|turn|26\n|\n|t:|1699630230\n|move|p1a: Blaziken|Swords Dance|p1a: Blaziken\n|-boost|p1a: Blaziken|atk|2\n|move|p2a: XD|Toxic|p1a: Blaziken\n|-status|p1a: Blaziken|tox\n|\n|-heal|p2a: XD|100\/100|[from] item: Black Sludge\n|-damage|p1a: Blaziken|82\/100 tox|[from] psn\n|-ability|p1a: Blaziken|Speed Boost|boost\n|-boost|p1a: Blaziken|spe|1\n|upkeep\n|turn|27\n|inactive|NotGlitchXD has 180 seconds left.\n|\n|t:|1699630245\n|move|p1a: Blaziken|Swords Dance|p1a: Blaziken\n|-boost|p1a: Blaziken|atk|2\n|move|p2a: XD|Substitute|p2a: XD\n|-fail|p2a: XD|move: Substitute\n|\n|-damage|p1a: Blaziken|70\/100 tox|[from] psn\n|-ability|p1a: Blaziken|Speed Boost|boost\n|-boost|p1a: Blaziken|spe|1\n|upkeep\n|turn|28\n|inactive|NotGlitchXD has 180 seconds left.\n|\n|t:|1699630258\n|move|p2a: XD|Baneful Bunker|p2a: XD\n|-singleturn|p2a: XD|move: Protect\n|move|p1a: Blaziken|Flare Blitz|p2a: XD\n|-activate|p2a: XD|move: Protect\n|\n|-damage|p1a: Blaziken|52\/100 tox|[from] psn\n|-ability|p1a: Blaziken|Speed Boost|boost\n|-boost|p1a: Blaziken|spe|1\n|upkeep\n|turn|29\n|inactive|NotGlitchXD has 180 seconds left.\n|\n|t:|1699630274\n|move|p1a: Blaziken|Flare Blitz|p2a: XD\n|-resisted|p2a: XD\n|-end|p2a: XD|Substitute\n|-damage|p1a: Blaziken|50\/100 tox|[from] Recoil|[of] p2a: XD\n|move|p2a: XD|Substitute|p2a: XD\n|-start|p2a: XD|Substitute\n|-damage|p2a: XD|76\/100\n|\n|-heal|p2a: XD|82\/100|[from] item: Black Sludge\n|-damage|p1a: Blaziken|26\/100 tox|[from] psn\n|-ability|p1a: Blaziken|Speed Boost|boost\n|-boost|p1a: Blaziken|spe|1\n|upkeep\n|turn|30\n|inactive|NotGlitchXD has 180 seconds left.\n|c|\u2606anil kottu god|fk of da\n|c|\u2606anil kottu god|playing with u is no fun\n|c|\u2606NotGlitchXD|Oh no\n|c|\u2606anil kottu god|just staying behind\n|c|\u2606anil kottu god|is not called competitive play\n|inactive|NotGlitchXD has 150 seconds left.\n|c|\u2606anil kottu god|niigggg\n|c|\u2606NotGlitchXD|That's callled strategy ashole\n|c|\u2606anil kottu god|yaayy\n|\n|t:|1699630315\n|move|p2a: XD|Baneful Bunker|p2a: XD\n|-singleturn|p2a: XD|move: Protect\n|move|p1a: Blaziken|Blaze Kick|p2a: XD\n|-activate|p2a: XD|move: Protect\n|\n|-heal|p2a: XD|88\/100|[from] item: Black Sludge\n|-damage|p1a: Blaziken|0 fnt|[from] psn\n|faint|p1a: Blaziken\n|upkeep\n|c|\u2606anil kottu god|woow so good strat\n|\n|t:|1699630328\n|switch|p1a: Garchomp|Garchomp, M|100\/100\n|turn|31\n|c|\u2606NotGlitchXD|Ikr\n|inactive|NotGlitchXD has 150 seconds left.\n|c|\u2606anil kottu god|one last match i will beat u\n|c|\u2606anil kottu god|pakka\n|c|\u2606NotGlitchXD|It's really scary\n|c|\u2606anil kottu god|if i dint beat i will pay 10 extra\n|\n|t:|1699630354\n|move|p1a: Garchomp|Swords Dance|p1a: Garchomp\n|-boost|p1a: Garchomp|atk|2\n|move|p2a: XD|Toxic|p1a: Garchomp\n|-status|p1a: Garchomp|tox\n|\n|-heal|p2a: XD|94\/100|[from] item: Black Sludge\n|-damage|p1a: Garchomp|94\/100 tox|[from] psn\n|upkeep\n|turn|32\n|c|\u2606anil kottu god|with the money\n|c|\u2606anil kottu god|i will pay 30 in total wednesday\n|c|\u2606NotGlitchXD|Bet\n|c|\u2606anil kottu god|if u play one more\n|inactive|NotGlitchXD has 120 seconds left.\n|c|\u2606NotGlitchXD|One last match\n|inactive|anil kottu god has 270 seconds left.\n|c|\u2606anil kottu god|but if u loose 10 -\n|c|\u2606NotGlitchXD|U lose u pay 10\n|c|\u2606NotGlitchXD|Ok\n|c|\u2606anil kottu god|oko done\n|\n|t:|1699630401\n|move|p2a: XD|Baneful Bunker|p2a: XD\n|-singleturn|p2a: XD|move: Protect\n|move|p1a: Garchomp|Swords Dance|p1a: Garchomp\n|-boost|p1a: Garchomp|atk|2\n|\n|-heal|p2a: XD|99\/100|[from] item: Black Sludge\n|-damage|p1a: Garchomp|82\/100 tox|[from] psn\n|upkeep\n|turn|33\n|c|\u2606anil kottu god|school team\n|c|\u2606NotGlitchXD|Randoms\n|inactive|NotGlitchXD has 90 seconds left.\n|\n|t:|1699630422\n|move|p2a: XD|Baneful Bunker||[still]\n|-fail|p2a: XD\n|move|p1a: Garchomp|Swords Dance|p1a: Garchomp\n|-boost|p1a: Garchomp|atk|2\n|\n|-heal|p2a: XD|100\/100|[from] item: Black Sludge\n|-damage|p1a: Garchomp|64\/100 tox|[from] psn\n|upkeep\n|turn|34\n|inactive|NotGlitchXD has 90 seconds left.\n|\n|t:|1699630437\n|move|p2a: XD|Baneful Bunker|p2a: XD\n|-singleturn|p2a: XD|move: Protect\n|move|p1a: Garchomp|Earth Power|p2a: XD\n|-activate|p2a: XD|move: Protect\n|\n|-damage|p1a: Garchomp|39\/100 tox|[from] psn\n|upkeep\n|turn|35\n|inactive|NotGlitchXD has 90 seconds left.\n|\n|t:|1699630450\n|move|p1a: Garchomp|Earth Power|p2a: XD\n|-supereffective|p2a: XD\n|-end|p2a: XD|Substitute\n|move|p2a: XD|Substitute|p2a: XD\n|-start|p2a: XD|Substitute\n|-damage|p2a: XD|76\/100\n|\n|-heal|p2a: XD|82\/100|[from] item: Black Sludge\n|-damage|p1a: Garchomp|8\/100 tox|[from] psn\n|upkeep\n|turn|36\n|inactive|NotGlitchXD has 90 seconds left.\n|inactive|anil kottu god has 270 seconds left.\n|\n|t:|1699630476\n|move|p2a: XD|Baneful Bunker|p2a: XD\n|-singleturn|p2a: XD|move: Protect\n|move|p1a: Garchomp|Earth Power|p2a: XD\n|-activate|p2a: XD|move: Protect\n|\n|-heal|p2a: XD|88\/100|[from] item: Black Sludge\n|-damage|p1a: Garchomp|0 fnt|[from] psn\n|faint|p1a: Garchomp\n|upkeep\n|c|\u2606NotGlitchXD|Play fast\n|inactive|anil kottu god has 270 seconds left.\n|c|\u2606NotGlitchXD|After this randoms\n|\n|t:|1699630483\n|switch|p1a: Cloyster|Cloyster, F|100\/100\n|turn|37\n|c|\u2606NotGlitchXD|Who ever loses has to pay 1\n|inactive|NotGlitchXD has 90 seconds left.\n|c|\u2606NotGlitchXD|10*\n|\n|t:|1699630505\n|move|p1a: Cloyster|Shell Smash|p1a: Cloyster\n|-unboost|p1a: Cloyster|def|1\n|-unboost|p1a: Cloyster|spd|1\n|-boost|p1a: Cloyster|atk|2\n|-boost|p1a: Cloyster|spa|2\n|-boost|p1a: Cloyster|spe|2\n|move|p2a: XD|Toxic|p1a: Cloyster\n|-status|p1a: Cloyster|tox\n|\n|-heal|p2a: XD|94\/100|[from] item: Black Sludge\n|-damage|p1a: Cloyster|94\/100 tox|[from] psn\n|upkeep\n|turn|38\n|inactive|NotGlitchXD has 90 seconds left.\n|inactive|anil kottu god has 270 seconds left.\n|\n|t:|1699630553\n|move|p1a: Cloyster|Shell Smash|p1a: Cloyster\n|-unboost|p1a: Cloyster|def|1\n|-unboost|p1a: Cloyster|spd|1\n|-boost|p1a: Cloyster|atk|2\n|-boost|p1a: Cloyster|spa|2\n|-boost|p1a: Cloyster|spe|2\n|move|p2a: XD|Substitute|p2a: XD\n|-fail|p2a: XD|move: Substitute\n|\n|-heal|p2a: XD|99\/100|[from] item: Black Sludge\n|-damage|p1a: Cloyster|82\/100 tox|[from] psn\n|upkeep\n|turn|39\n|c|\u2606NotGlitchXD|U have to pay at Wednesday\n|c|\u2606anil kottu god|ok\n|inactive|anil kottu god has 240 seconds left.\n|c|\u2606anil kottu god|u should play one match school team\n|\n|t:|1699630579\n|move|p2a: XD|Baneful Bunker|p2a: XD\n|-singleturn|p2a: XD|move: Protect\n|move|p1a: Cloyster|Shell Smash|p1a: Cloyster\n|-unboost|p1a: Cloyster|def|1\n|-unboost|p1a: Cloyster|spd|1\n|-boost|p1a: Cloyster|atk|2\n|-boost|p1a: Cloyster|spa|2\n|-boost|p1a: Cloyster|spe|2\n|\n|-heal|p2a: XD|100\/100|[from] item: Black Sludge\n|-damage|p1a: Cloyster|63\/100 tox|[from] psn\n|upkeep\n|turn|40\n|c|\u2606NotGlitchXD|After randons\n|inactive|NotGlitchXD has 60 seconds left.\n|\n|t:|1699630602\n|move|p1a: Cloyster|Hydro Pump|p2a: XD\n|-resisted|p2a: XD\n|-end|p2a: XD|Substitute\n|move|p2a: XD|Substitute|p2a: XD\n|-start|p2a: XD|Substitute\n|-damage|p2a: XD|76\/100\n|\n|-heal|p2a: XD|82\/100|[from] item: Black Sludge\n|-damage|p1a: Cloyster|38\/100 tox|[from] psn\n|upkeep\n|turn|41\n|c|\u2606anil kottu god|ok so 1 random and 1 school now??\n|inactive|NotGlitchXD has 60 seconds left.\n|c|\u2606NotGlitchXD|Only random is counted for the deal\n|c|\u2606anil kottu god|bruh goo see\n|\n|t:|1699630638\n|move|p1a: Cloyster|Hydro Pump|p2a: XD\n|-resisted|p2a: XD\n|-end|p2a: XD|Substitute\n|move|p2a: XD|Substitute|p2a: XD\n|-start|p2a: XD|Substitute\n|-damage|p2a: XD|57\/100\n|\n|-heal|p2a: XD|63\/100|[from] item: Black Sludge\n|-damage|p1a: Cloyster|7\/100 tox|[from] psn\n|upkeep\n|-enditem|p1a: Cloyster|Figy Berry|[eat]\n|-heal|p1a: Cloyster|40\/100 tox|[from] item: Figy Berry\n|-start|p1a: Cloyster|confusion\n|turn|42\n|c|\u2606anil kottu god|i said school team\n|c|\u2606anil kottu god|not random\n|inactive|NotGlitchXD has 30 seconds left.\n|\n|t:|1699630659\n|-activate|p1a: Cloyster|confusion\n|move|p1a: Cloyster|Hydro Pump|p2a: XD|[miss]\n|-miss|p1a: Cloyster|p2a: XD\n|move|p2a: XD|Substitute|p2a: XD\n|-fail|p2a: XD|move: Substitute\n|\n|-heal|p2a: XD|69\/100|[from] item: Black Sludge\n|-damage|p1a: Cloyster|3\/100 tox|[from] psn\n|upkeep\n|turn|43\n|inactive|anil kottu god has 240 seconds left.\n|inactive|NotGlitchXD has 30 seconds left.\n|inactive|NotGlitchXD has 20 seconds left.\n|inactive|NotGlitchXD has 15 seconds left.\n|\n|t:|1699630692\n|switch|p1a: Noivern|Noivern, M|21\/100\n|move|p2a: XD|Recover|p2a: XD\n|-heal|p2a: XD|100\/100\n|\n|upkeep\n|turn|44\n|inactive|NotGlitchXD has 25 seconds left this turn.\n|c|\u2606NotGlitchXD|Ok\n|inactive|NotGlitchXD has 20 seconds left.\n|inactive|NotGlitchXD has 15 seconds left.\n|\n|t:|1699630705\n|move|p1a: Noivern|Draco Meteor|p2a: XD\n|-damage|p2a: XD|63\/100\n|-unboost|p1a: Noivern|spa|2\n|move|p2a: XD|Toxic|p1a: Noivern\n|-status|p1a: Noivern|tox\n|\n|-heal|p2a: XD|68\/100|[from] item: Black Sludge\n|-damage|p1a: Noivern|15\/100 tox|[from] psn\n|upkeep\n|turn|45\n|inactive|NotGlitchXD has 25 seconds left this turn.\n|inactive|NotGlitchXD has 20 seconds left.\n|inactive|NotGlitchXD has 15 seconds left.\n|inactive|NotGlitchXD has 10 seconds left.\n|inactive|anil kottu god has 210 seconds left.\n|inactiveoff|Battle timer is now OFF.\n|\n|t:|1699630734\n|move|p1a: Noivern|Roost|p1a: Noivern\n|-heal|p1a: Noivern|65\/100 tox\n|-singleturn|p1a: Noivern|move: Roost\n|move|p2a: XD|Recover|p2a: XD\n|-heal|p2a: XD|100\/100\n|\n|-damage|p1a: Noivern|53\/100 tox|[from] psn\n|upkeep\n|turn|46\n|\n|t:|1699630753\n|move|p2a: XD|Baneful Bunker|p2a: XD\n|-singleturn|p2a: XD|move: Protect\n|move|p1a: Noivern|Draco Meteor|p2a: XD\n|-activate|p2a: XD|move: Protect\n|\n|-damage|p1a: Noivern|34\/100 tox|[from] psn\n|upkeep\n|turn|47\n|\n|t:|1699630797\n|move|p1a: Noivern|Roost|p1a: Noivern\n|-heal|p1a: Noivern|84\/100 tox\n|-singleturn|p1a: Noivern|move: Roost\n|move|p2a: XD|Toxic|p1a: Noivern\n|-fail|p1a: Noivern|tox\n|\n|-damage|p1a: Noivern|60\/100 tox|[from] psn\n|upkeep\n|turn|48\n|c|\u2606NotGlitchXD|Play\n|\n|t:|1699630814\n|move|p2a: XD|Baneful Bunker|p2a: XD\n|-singleturn|p2a: XD|move: Protect\n|move|p1a: Noivern|Draco Meteor|p2a: XD\n|-activate|p2a: XD|move: Protect\n|\n|-damage|p1a: Noivern|29\/100 tox|[from] psn\n|upkeep\n|turn|49\n|\n|t:|1699630853\n|move|p1a: Noivern|Draco Meteor|p2a: XD|[miss]\n|-miss|p1a: Noivern|p2a: XD\n|move|p2a: XD|Toxic|p1a: Noivern\n|-fail|p1a: Noivern|tox\n|\n|-damage|p1a: Noivern|0 fnt|[from] psn\n|faint|p1a: Noivern\n|upkeep\n|\n|t:|1699630858\n|switch|p1a: Cloyster|Cloyster, F|3\/100 tox\n|turn|50\n|\n|t:|1699630870\n|move|p1a: Cloyster|Toxic Spikes|p2a: XD\n|-sidestart|p2: NotGlitchXD|move: Toxic Spikes\n|move|p2a: XD|Substitute|p2a: XD\n|-fail|p2a: XD|move: Substitute\n|\n|-damage|p1a: Cloyster|0 fnt|[from] psn\n|faint|p1a: Cloyster\n|\n|win|NotGlitchXD\n|upkeep\n","uploadtime":1699630882,"views":6,"p1id":"anilkottugod","p2id":"notglitchxd","formatid":"gen9nationaldexubers","rating":0,"private":0,"password":""}