{"id":"gen9nationaldexubers-1995959097","p1":"SCARCITY25","p2":"XX_1nfinity_XX","format":"[Gen 9] National Dex Ubers","log":"|j|\u2606SCARCITY25\n|j|\u2606XX_1nfinity_XX\n|t:|1700622134\n|gametype|singles\n|player|p1|SCARCITY25|cynthia-gen4|\n|player|p2|XX_1nfinity_XX|steven|\n|teamsize|p1|6\n|teamsize|p2|6\n|gen|9\n|tier|[Gen 9] National Dex Ubers\n|rule|HP Percentage Mod: HP is shown in percentages\n|rule|Endless Battle Clause: Forcing endless battles is banned\n|rule|OHKO Clause: OHKO moves are banned\n|rule|Evasion Moves Clause: Evasion moves are banned\n|rule|Evasion Items Clause: Evasion items are banned\n|rule|Species Clause: Limit one of each Pok\u00e9mon\n|rule|Sleep Clause Mod: Limit one foe put to sleep\n|rule|Mega Rayquaza Clause: You cannot mega evolve Rayquaza\n|clearpoke\n|poke|p1|Tapu Koko|\n|poke|p1|Iron Valiant|\n|poke|p1|Urshifu-*, M|\n|poke|p1|Garchomp, M|\n|poke|p1|Corviknight, F|\n|poke|p1|Rotom-Wash|\n|poke|p2|Swellow, M|\n|poke|p2|Ursaluna-Bloodmoon, M|\n|poke|p2|Dodrio, M|\n|poke|p2|Cyclizar, M|\n|poke|p2|Zoroark-Hisui, M|\n|poke|p2|Sneasler, M|\n|teampreview\n|inactive|Battle timer is ON: inactive players will automatically lose when time's up. (requested by XX_1nfinity_XX)\n|c|\u2606SCARCITY25|glhf\n|c|\u2606XX_1nfinity_XX|u2\n|inactive|SCARCITY25 has 270 seconds left.\n|\n|t:|1700622166\n|start\n|switch|p1a: Tapu Koko|Tapu Koko|100\/100\n|switch|p2a: Sneasler|Sneasler, M|100\/100\n|turn|1\n|inactive|XX_1nfinity_XX has 270 seconds left.\n|\n|t:|1700622202\n|move|p2a: Sneasler|Fake Out|p1a: Tapu Koko\n|-damage|p1a: Tapu Koko|80\/100\n|cant|p1a: Tapu Koko|flinch\n|\n|-heal|p1a: Tapu Koko|86\/100|[from] item: Leftovers\n|upkeep\n|turn|2\n|inactive|XX_1nfinity_XX has 270 seconds left.\n|\n|t:|1700622207\n|move|p1a: Tapu Koko|Volt Switch|p2a: Sneasler\n|-damage|p2a: Sneasler|59\/100\n|\n|t:|1700622212\n|switch|p1a: Corviknight|Corviknight, F|100\/100|[from] Volt Switch\n|-ability|p1a: Corviknight|Pressure\n|move|p2a: Sneasler|U-turn|p1a: Corviknight\n|-resisted|p1a: Corviknight\n|-damage|p1a: Corviknight|97\/100\n|c|\u2606XX_1nfinity_XX|wait its not terrain koko?\n|inactive|XX_1nfinity_XX has 270 seconds left.\n|c|\u2606SCARCITY25|i am paranoid of bundle now\n|c|\u2606SCARCITY25|2 gym leaders brought it vs me alr\n|c|\u2606XX_1nfinity_XX|ohh\n|\n|t:|1700622251\n|switch|p2a: Cyclizar|Cyclizar, M|100\/100|[from] U-turn\n|\n|-heal|p1a: Corviknight|100\/100|[from] item: Leftovers\n|upkeep\n|turn|3\n|c|\u2606SCARCITY25|prolly changing stuff after another badge\n|\n|t:|1700622259\n|replace|p2a: Zoroark|Zoroark-Hisui, M\n|-end|p2a: Zoroark|Illusion\n|-zpower|p2a: Zoroark\n|move|p2a: Zoroark|Z-Happy Hour|p2a: Zoroark|[anim]Happy Hour\n|-boost|p2a: Zoroark|atk|1|[zeffect]\n|-boost|p2a: Zoroark|def|1|[zeffect]\n|-boost|p2a: Zoroark|spa|1|[zeffect]\n|-boost|p2a: Zoroark|spd|1|[zeffect]\n|-boost|p2a: Zoroark|spe|1|[zeffect]\n|move|p1a: Corviknight|U-turn|p2a: Zoroark\n|-resisted|p2a: Zoroark\n|-damage|p2a: Zoroark|90\/100\n|c|\u2606SCARCITY25|aw hell nah\n|\n|t:|1700622276\n|switch|p1a: Iron Valiant|Iron Valiant|100\/100|[from] U-turn\n|-enditem|p1a: Iron Valiant|Booster Energy\n|-activate|p1a: Iron Valiant|ability: Quark Drive|[fromitem]\n|-start|p1a: Iron Valiant|quarkdrivespe\n|\n|upkeep\n|turn|4\n|\n|t:|1700622284\n|move|p1a: Iron Valiant|Knock Off|p2a: Zoroark\n|-supereffective|p2a: Zoroark\n|-damage|p2a: Zoroark|27\/100\n|move|p2a: Zoroark|Shadow Ball|p1a: Iron Valiant\n|-damage|p1a: Iron Valiant|0 fnt\n|faint|p1a: Iron Valiant\n|-end|p1a: Iron Valiant|Quark Drive|[silent]\n|\n|upkeep\n|\n|t:|1700622296\n|switch|p1a: Rotom|Rotom-Wash|100\/100\n|turn|5\n|inactive|XX_1nfinity_XX has 270 seconds left.\n|\n|t:|1700622301\n|move|p2a: Zoroark|Shadow Ball|p1a: Rotom\n|-damage|p1a: Rotom|54\/100\n|-unboost|p1a: Rotom|spd|1\n|move|p1a: Rotom|Volt Switch|p2a: Zoroark\n|-damage|p2a: Zoroark|0 fnt\n|faint|p2a: Zoroark\n|\n|t:|1700622311\n|switch|p1a: Tapu Koko|Tapu Koko|86\/100|[from] Volt Switch\n|\n|-heal|p1a: Tapu Koko|92\/100|[from] item: Leftovers\n|upkeep\n|\n|t:|1700622319\n|switch|p2a: Ursaluna|Ursaluna-Bloodmoon, M|100\/100\n|turn|6\n|\n|t:|1700622324\n|move|p1a: Tapu Koko|Toxic|p2a: Ursaluna\n|-status|p2a: Ursaluna|tox\n|move|p2a: Ursaluna|Calm Mind|p2a: Ursaluna\n|-boost|p2a: Ursaluna|spa|1\n|-boost|p2a: Ursaluna|spd|1\n|\n|-heal|p1a: Tapu Koko|98\/100|[from] item: Leftovers\n|-damage|p2a: Ursaluna|94\/100 tox|[from] psn\n|upkeep\n|turn|7\n|c|\u2606XX_1nfinity_XX|soo rude\n|\n|t:|1700622333\n|switch|p1a: Corviknight|Corviknight, F|100\/100\n|-ability|p1a: Corviknight|Pressure\n|move|p2a: Ursaluna|Blood Moon|p1a: Corviknight\n|-resisted|p1a: Corviknight\n|-damage|p1a: Corviknight|59\/100\n|\n|-heal|p2a: Ursaluna|100\/100 tox|[from] item: Leftovers\n|-heal|p1a: Corviknight|65\/100|[from] item: Leftovers\n|-damage|p2a: Ursaluna|88\/100 tox|[from] psn\n|upkeep\n|turn|8\n|\n|t:|1700622339\n|switch|p2a: Cyclizar|Cyclizar, M|100\/100\n|move|p1a: Corviknight|Light Screen|p1a: Corviknight\n|-sidestart|p1: SCARCITY25|move: Light Screen\n|\n|-heal|p1a: Corviknight|71\/100|[from] item: Leftovers\n|upkeep\n|turn|9\n|\n|t:|1700622343\n|move|p2a: Cyclizar|Knock Off|p1a: Corviknight\n|-damage|p1a: Corviknight|59\/100\n|-enditem|p1a: Corviknight|Leftovers|[from] move: Knock Off|[of] p2a: Cyclizar\n|move|p1a: Corviknight|Body Press|p2a: Cyclizar\n|-supereffective|p2a: Cyclizar\n|-damage|p2a: Cyclizar|9\/100\n|\n|upkeep\n|turn|10\n|\n|t:|1700622358\n|move|p2a: Cyclizar|U-turn|p1a: Corviknight\n|-resisted|p1a: Corviknight\n|-damage|p1a: Corviknight|57\/100\n|\n|t:|1700622368\n|switch|p2a: Sneasler|Sneasler, M|59\/100|[from] U-turn\n|move|p1a: Corviknight|Roost|p1a: Corviknight\n|-heal|p1a: Corviknight|100\/100\n|-singleturn|p1a: Corviknight|move: Roost\n|\n|-heal|p2a: Sneasler|65\/100|[from] item: Leftovers\n|upkeep\n|turn|11\n|\n|t:|1700622372\n|move|p2a: Sneasler|Fake Out|p1a: Corviknight\n|-resisted|p1a: Corviknight\n|-damage|p1a: Corviknight|96\/100\n|cant|p1a: Corviknight|flinch\n|\n|-heal|p2a: Sneasler|71\/100|[from] item: Leftovers\n|upkeep\n|turn|12\n|\n|t:|1700622382\n|move|p2a: Sneasler|Close Combat|p1a: Corviknight\n|-damage|p1a: Corviknight|61\/100\n|-unboost|p2a: Sneasler|def|1\n|-unboost|p2a: Sneasler|spd|1\n|move|p1a: Corviknight|U-turn|p2a: Sneasler\n|-resisted|p2a: Sneasler\n|-damage|p2a: Sneasler|62\/100\n|c|\u2606XX_1nfinity_XX|i had tera poison ursa\n|c|\u2606XX_1nfinity_XX|only if i did it on right turn\n|inactive|SCARCITY25 has 270 seconds left.\n|\n|t:|1700622419\n|switch|p1a: Urshifu|Urshifu, M|100\/100|[from] U-turn\n|\n|-heal|p2a: Sneasler|68\/100|[from] item: Leftovers\n|-sideend|p1: SCARCITY25|move: Light Screen\n|upkeep\n|turn|13\n|\n|t:|1700622425\n|switch|p2a: Ursaluna|Ursaluna-Bloodmoon, M|88\/100 tox\n|move|p1a: Urshifu|Close Combat|p2a: Ursaluna\n|-supereffective|p2a: Ursaluna\n|-damage|p2a: Ursaluna|17\/100 tox\n|-unboost|p1a: Urshifu|def|1\n|-unboost|p1a: Urshifu|spd|1\n|\n|-heal|p2a: Ursaluna|23\/100 tox|[from] item: Leftovers\n|-damage|p2a: Ursaluna|17\/100 tox|[from] psn\n|upkeep\n|turn|14\n|inactive|SCARCITY25 has 270 seconds left.\n|\n|t:|1700622461\n|switch|p1a: Tapu Koko|Tapu Koko|98\/100\n|move|p2a: Ursaluna|Vacuum Wave|p1a: Tapu Koko\n|-resisted|p1a: Tapu Koko\n|-damage|p1a: Tapu Koko|88\/100\n|\n|-heal|p1a: Tapu Koko|94\/100|[from] item: Leftovers\n|-heal|p2a: Ursaluna|23\/100 tox|[from] item: Leftovers\n|-damage|p2a: Ursaluna|11\/100 tox|[from] psn\n|upkeep\n|turn|15\n|\n|t:|1700622479\n|move|p1a: Tapu Koko|Dazzling Gleam|p2a: Ursaluna\n|-crit|p2a: Ursaluna\n|-damage|p2a: Ursaluna|0 fnt\n|faint|p2a: Ursaluna\n|\n|-heal|p1a: Tapu Koko|100\/100|[from] item: Leftovers\n|upkeep\n|\n|t:|1700622491\n|switch|p2a: Sneasler|Sneasler, M|68\/100\n|turn|16\n|\n|t:|1700622494\n|move|p1a: Tapu Koko|Volt Switch|p2a: Sneasler\n|-damage|p2a: Sneasler|31\/100\n|\n|t:|1700622497\n|switch|p1a: Corviknight|Corviknight, F|61\/100|[from] Volt Switch\n|-ability|p1a: Corviknight|Pressure\n|move|p2a: Sneasler|Close Combat|p1a: Corviknight\n|-damage|p1a: Corviknight|22\/100\n|-unboost|p2a: Sneasler|def|1\n|-unboost|p2a: Sneasler|spd|1\n|\n|-heal|p2a: Sneasler|37\/100|[from] item: Leftovers\n|upkeep\n|turn|17\n|inactive|SCARCITY25 has 270 seconds left.\n|\n|t:|1700622515\n|move|p2a: Sneasler|Close Combat|p1a: Corviknight\n|-damage|p1a: Corviknight|0 fnt\n|-unboost|p2a: Sneasler|def|1\n|-unboost|p2a: Sneasler|spd|1\n|faint|p1a: Corviknight\n|\n|-heal|p2a: Sneasler|43\/100|[from] item: Leftovers\n|upkeep\n|\n|t:|1700622517\n|switch|p1a: Urshifu|Urshifu, M|100\/100\n|turn|18\n|\n|t:|1700622521\n|move|p1a: Urshifu|Wicked Blow|p2a: Sneasler\n|-resisted|p2a: Sneasler\n|-crit|p2a: Sneasler\n|-damage|p2a: Sneasler|0 fnt\n|faint|p2a: Sneasler\n|\n|upkeep\n|\n|t:|1700622526\n|switch|p2a: Dodrio|Dodrio, M|100\/100\n|turn|19\n|\n|t:|1700622530\n|switch|p1a: Tapu Koko|Tapu Koko|100\/100\n|-terastallize|p2a: Dodrio|Dark\n|move|p2a: Dodrio|Drill Peck|p1a: Tapu Koko\n|-resisted|p1a: Tapu Koko\n|-damage|p1a: Tapu Koko|74\/100\n|\n|-heal|p1a: Tapu Koko|80\/100|[from] item: Leftovers\n|upkeep\n|turn|20\n|\n|t:|1700622543\n|move|p1a: Tapu Koko|Dazzling Gleam|p2a: Dodrio\n|-supereffective|p2a: Dodrio\n|-damage|p2a: Dodrio|0 fnt\n|faint|p2a: Dodrio\n|\n|-heal|p1a: Tapu Koko|86\/100|[from] item: Leftovers\n|upkeep\n|inactive|XX_1nfinity_XX has 270 seconds left.\n|c|\u2606XX_1nfinity_XX|ggs\n|\n|t:|1700622582\n|switch|p2a: Swellow|Swellow, M|100\/100\n|turn|21\n|\n|t:|1700622591\n|move|p1a: Tapu Koko|Volt Switch|p2a: Swellow\n|-supereffective|p2a: Swellow\n|-damage|p2a: Swellow|0 fnt\n|faint|p2a: Swellow\n|\n|t:|1700622595\n|switch|p1a: Urshifu|Urshifu, M|100\/100|[from] Volt Switch\n|\n|upkeep\n|c|\u2606SCARCITY25|gg\n|\n|t:|1700622603\n|switch|p2a: Cyclizar|Cyclizar, M|42\/100\n|turn|22\n|\n|t:|1700622606\n|move|p1a: Urshifu|Wicked Blow|p2a: Cyclizar\n|-crit|p2a: Cyclizar\n|-damage|p2a: Cyclizar|0 fnt\n|faint|p2a: Cyclizar\n|\n|win|SCARCITY25\n","uploadtime":1700622613,"views":1,"p1id":"scarcity25","p2id":"xx1nfinityxx","formatid":"gen9nationaldexubers","rating":0,"private":0,"password":""}