{"id":"gen9nationaldexubers-1983632203","p1":"MintyRevnant","p2":"colostomy","format":"[Gen 9] National Dex Ubers","log":"|j|\u2606MintyRevnant\n|j|\u2606colostomy\n|t:|1699151737\n|gametype|singles\n|player|p1|MintyRevnant|169|\n|player|p2|colostomy|steven|\n|teamsize|p1|6\n|teamsize|p2|6\n|gen|9\n|tier|[Gen 9] National Dex Ubers\n|rule|HP Percentage Mod: HP is shown in percentages\n|rule|Endless Battle Clause: Forcing endless battles is banned\n|rule|OHKO Clause: OHKO moves are banned\n|rule|Evasion Moves Clause: Evasion moves are banned\n|rule|Evasion Items Clause: Evasion items are banned\n|rule|Species Clause: Limit one of each Pok\u00e9mon\n|rule|Sleep Clause Mod: Limit one foe put to sleep\n|rule|Mega Rayquaza Clause: You cannot mega evolve Rayquaza\n|clearpoke\n|poke|p1|Ribombee, F|\n|poke|p1|Iron Valiant|\n|poke|p1|Gardevoir, M|\n|poke|p1|Whimsicott, M|\n|poke|p1|Hatterene, F|\n|poke|p1|Dachsbun, F|\n|poke|p2|Greninja-*, M|\n|poke|p2|Kingambit, M|\n|poke|p2|Roaring Moon|\n|poke|p2|Tyranitar, M|\n|poke|p2|Meowscarada, M|\n|poke|p2|Weavile, M|\n|teampreview\n|j| Trainer Lore\n|\n|t:|1699151796\n|start\n|switch|p1a: Hatterene|Hatterene, F, shiny|100\/100\n|switch|p2a: tyrant itar|Tyranitar, M|100\/100\n|-weather|Sandstorm|[from] ability: Sand Stream|[of] p2a: tyrant itar\n|turn|1\n|j| Maximal_Creature\n|j| RyndarPlays\n|\n|t:|1699151819\n|-terastallize|p2a: tyrant itar|Poison\n|move|p2a: tyrant itar|Dragon Dance|p2a: tyrant itar\n|-boost|p2a: tyrant itar|atk|1\n|-boost|p2a: tyrant itar|spe|1\n|move|p1a: Hatterene|Dazzling Gleam|p2a: tyrant itar\n|-resisted|p2a: tyrant itar\n|-damage|p2a: tyrant itar|75\/100\n|\n|-weather|Sandstorm|[upkeep]\n|-damage|p2a: tyrant itar|69\/100|[from] Sandstorm\n|-damage|p1a: Hatterene|95\/100|[from] Sandstorm\n|-heal|p1a: Hatterene|100\/100|[from] item: Leftovers\n|upkeep\n|turn|2\n|\n|t:|1699151892\n|move|p2a: tyrant itar|Rock Blast|p1a: Hatterene|[miss]\n|-miss|p2a: tyrant itar|p1a: Hatterene\n|move|p1a: Hatterene|Psyshock|p2a: tyrant itar\n|-supereffective|p2a: tyrant itar\n|-damage|p2a: tyrant itar|0 fnt\n|faint|p2a: tyrant itar\n|\n|-weather|Sandstorm|[upkeep]\n|-damage|p1a: Hatterene|95\/100|[from] Sandstorm\n|-heal|p1a: Hatterene|100\/100|[from] item: Leftovers\n|upkeep\n|\n|t:|1699151910\n|switch|p2a: meow scare rada|Meowscarada, M|100\/100\n|turn|3\n|\n|t:|1699151939\n|move|p2a: meow scare rada|Flower Trick|p1a: Hatterene\n|-start|p2a: meow scare rada|typechange|Grass|[from] ability: Protean\n|-crit|p1a: Hatterene\n|-damage|p1a: Hatterene|12\/100\n|move|p1a: Hatterene|Mystical Fire|p2a: meow scare rada\n|-supereffective|p2a: meow scare rada\n|-damage|p2a: meow scare rada|14\/100\n|-unboost|p2a: meow scare rada|spa|1\n|\n|-weather|Sandstorm|[upkeep]\n|-damage|p2a: meow scare rada|8\/100|[from] Sandstorm\n|-damage|p1a: Hatterene|6\/100|[from] Sandstorm\n|-heal|p1a: Hatterene|12\/100|[from] item: Leftovers\n|upkeep\n|turn|4\n|\n|t:|1699151957\n|move|p2a: meow scare rada|Flower Trick|p1a: Hatterene\n|-crit|p1a: Hatterene\n|-damage|p1a: Hatterene|0 fnt\n|faint|p1a: Hatterene\n|\n|-weather|Sandstorm|[upkeep]\n|-damage|p2a: meow scare rada|2\/100|[from] Sandstorm\n|upkeep\n|\n|t:|1699151967\n|switch|p1a: Nerd|Iron Valiant, shiny|100\/100\n|-enditem|p1a: Nerd|Booster Energy\n|-activate|p1a: Nerd|ability: Quark Drive|[fromitem]\n|-start|p1a: Nerd|quarkdrivespe\n|turn|5\n|\n|t:|1699151995\n|move|p1a: Nerd|Drain Punch|p2a: meow scare rada\n|-damage|p2a: meow scare rada|0 fnt\n|faint|p2a: meow scare rada\n|\n|-weather|none\n|upkeep\n|\n|t:|1699152027\n|switch|p2a: wave viles|Weavile, M|100\/100\n|-ability|p2a: wave viles|Pressure\n|turn|6\n|\n|t:|1699152051\n|move|p2a: wave viles|Ice Shard|p1a: Nerd\n|-damage|p1a: Nerd|75\/100\n|move|p1a: Nerd|Close Combat|p2a: wave viles\n|-supereffective|p2a: wave viles\n|-enditem|p2a: wave viles|Focus Sash\n|-damage|p2a: wave viles|1\/100\n|-unboost|p1a: Nerd|def|1\n|-unboost|p1a: Nerd|spd|1\n|\n|upkeep\n|turn|7\n|\n|t:|1699152103\n|move|p2a: wave viles|Ice Shard|p1a: Nerd\n|-damage|p1a: Nerd|38\/100\n|move|p1a: Nerd|Drain Punch|p2a: wave viles\n|-supereffective|p2a: wave viles\n|-damage|p2a: wave viles|0 fnt\n|-heal|p1a: Nerd|38\/100|[from] drain|[of] p2a: wave viles\n|faint|p2a: wave viles\n|\n|upkeep\n|\n|t:|1699152157\n|switch|p2a: screams shape|Roaring Moon|100\/100\n|-enditem|p2a: screams shape|Booster Energy\n|-activate|p2a: screams shape|ability: Protosynthesis|[fromitem]\n|-start|p2a: screams shape|protosynthesisspe\n|turn|8\n|\n|t:|1699152170\n|move|p2a: screams shape|Iron Head|p1a: Nerd\n|-supereffective|p1a: Nerd\n|-damage|p1a: Nerd|0 fnt\n|faint|p1a: Nerd\n|-end|p1a: Nerd|Quark Drive|[silent]\n|\n|upkeep\n|c| Trainer Lore|This dark team is amazing\n|\n|t:|1699152179\n|switch|p1a: Whimsicott|Whimsicott, M, shiny|100\/100\n|turn|9\n|\n|t:|1699152204\n|move|p1a: Whimsicott|Stun Spore|p2a: screams shape\n|-hint|Since gen 7, Dark is immune to Prankster moves.\n|-immune|p2a: screams shape\n|move|p2a: screams shape|Iron Head|p1a: Whimsicott\n|-supereffective|p1a: Whimsicott\n|-damage|p1a: Whimsicott|14\/100\n|\n|upkeep\n|turn|10\n|c| Trainer Lore|Truly a masterpiece of teambuilding\n|\n|t:|1699152213\n|move|p2a: screams shape|Iron Head|p1a: Whimsicott\n|-supereffective|p1a: Whimsicott\n|-damage|p1a: Whimsicott|0 fnt\n|faint|p1a: Whimsicott\n|\n|upkeep\n|\n|t:|1699152219\n|switch|p1a: Gardevoir|Gardevoir, M, shiny|100\/100\n|turn|11\n|\n|t:|1699152230\n|detailschange|p1a: Gardevoir|Gardevoir-Mega, M, shiny\n|-mega|p1a: Gardevoir|Gardevoir|Gardevoirite\n|move|p2a: screams shape|Iron Head|p1a: Gardevoir\n|-supereffective|p1a: Gardevoir\n|-damage|p1a: Gardevoir|7\/100\n|move|p1a: Gardevoir|Aura Sphere|p2a: screams shape\n|-supereffective|p2a: screams shape\n|-damage|p2a: screams shape|41\/100\n|\n|upkeep\n|turn|12\n|\n|t:|1699152241\n|switch|p1a: Fembee|Ribombee, F, shiny|100\/100\n|move|p2a: screams shape|Iron Head|p1a: Fembee\n|-supereffective|p1a: Fembee\n|-enditem|p1a: Fembee|Focus Sash\n|-damage|p1a: Fembee|1\/100\n|\n|upkeep\n|turn|13\n|\n|t:|1699152254\n|move|p2a: screams shape|Iron Head|p1a: Fembee\n|-supereffective|p1a: Fembee\n|-damage|p1a: Fembee|0 fnt\n|faint|p1a: Fembee\n|\n|upkeep\n|\n|t:|1699152258\n|switch|p1a: Gardevoir|Gardevoir-Mega, M, shiny|7\/100\n|turn|14\n|\n|t:|1699152281\n|move|p2a: screams shape|Iron Head|p1a: Gardevoir\n|-supereffective|p1a: Gardevoir\n|-damage|p1a: Gardevoir|0 fnt\n|faint|p1a: Gardevoir\n|\n|upkeep\n|\n|t:|1699152286\n|switch|p1a: Dachsbun|Dachsbun, F, shiny|100\/100\n|turn|15\n|\n|t:|1699152293\n|move|p2a: screams shape|Iron Head|p1a: Dachsbun\n|-supereffective|p1a: Dachsbun\n|-damage|p1a: Dachsbun|31\/100\n|cant|p1a: Dachsbun|flinch\n|\n|upkeep\n|turn|16\n|c| Trainer Lore|dachsbun should tera steel\n|-message|MintyRevnant forfeited.\n|\n|win|colostomy\n|l|\u2606MintyRevnant\n|l|\u2606colostomy\n|l| RyndarPlays\n|l| Trainer Lore\n","uploadtime":1699152470,"views":5,"p1id":"mintyrevnant","p2id":"colostomy","formatid":"gen9nationaldexubers","rating":0,"private":0,"password":""}