{"id":"gen9nationaldexubers-1978342318","p1":"85792195wwww","p2":"FenixFyre04","format":"[Gen 9] National Dex Ubers","log":"|j|\u260685792195wwww\n|j|\u2606FenixFyre04\n|t:|1698527234\n|gametype|singles\n|player|p1|85792195wwww|lady|1789\n|player|p2|FenixFyre04|steven|1744\n|teamsize|p1|6\n|teamsize|p2|6\n|gen|9\n|tier|[Gen 9] National Dex Ubers\n|rated|\n|rule|HP Percentage Mod: HP is shown in percentages\n|rule|Endless Battle Clause: Forcing endless battles is banned\n|rule|OHKO Clause: OHKO moves are banned\n|rule|Evasion Moves Clause: Evasion moves are banned\n|rule|Evasion Items Clause: Evasion items are banned\n|rule|Species Clause: Limit one of each Pok\u00e9mon\n|rule|Sleep Clause Mod: Limit one foe put to sleep\n|rule|Mega Rayquaza Clause: You cannot mega evolve Rayquaza\n|clearpoke\n|poke|p1|Zacian-*|\n|poke|p1|Kyogre|\n|poke|p1|Xerneas-*|\n|poke|p1|Krookodile, F|\n|poke|p1|Groudon|\n|poke|p1|Arceus|\n|poke|p2|Deoxys-Speed|\n|poke|p2|Groudon|\n|poke|p2|Xerneas-*|\n|poke|p2|Necrozma-Dusk-Mane|\n|poke|p2|Banette, F|\n|poke|p2|Rayquaza|\n|teampreview\n|inactive|Battle timer is ON: inactive players will automatically lose when time's up. (requested by FenixFyre04)\n|inactive|FenixFyre04 has 120 seconds left.\n|\n|t:|1698527280\n|start\n|switch|p1a: Krookodile|Krookodile, F|100\/100\n|switch|p2a: Deoxys|Deoxys-Speed, shiny|100\/100\n|-ability|p2a: Deoxys|Pressure\n|-ability|p1a: Krookodile|Intimidate|boost\n|-unboost|p2a: Deoxys|atk|1\n|turn|1\n|\n|t:|1698527292\n|move|p2a: Deoxys|Stealth Rock|p1a: Krookodile\n|-sidestart|p1: 85792195wwww|move: Stealth Rock\n|move|p1a: Krookodile|Knock Off|p2a: Deoxys\n|-supereffective|p2a: Deoxys\n|-crit|p2a: Deoxys\n|-damage|p2a: Deoxys|0 fnt\n|-enditem|p2a: Deoxys|Light Clay|[from] move: Knock Off|[of] p1a: Krookodile\n|faint|p2a: Deoxys\n|\n|upkeep\n|\n|t:|1698527302\n|switch|p2a: Rayquaza|Rayquaza|100\/100\n|-ability|p2a: Rayquaza|Air Lock\n|turn|2\n|\n|t:|1698527307\n|move|p2a: Rayquaza|U-turn|p1a: Krookodile\n|-supereffective|p1a: Krookodile\n|-damage|p1a: Krookodile|6\/100\n|\n|t:|1698527312\n|switch|p2a: Groudon|Groudon, shiny|100\/100|[from] U-turn\n|detailschange|p2a: Groudon|Groudon-Primal, shiny\n|-primal|p2a: Groudon|Red Orb\n|-weather|DesolateLand|[from] ability: Desolate Land|[of] p2a: Groudon\n|move|p1a: Krookodile|Stealth Rock|p2a: Groudon\n|-sidestart|p2: FenixFyre04|move: Stealth Rock\n|\n|-weather|DesolateLand|[upkeep]\n|upkeep\n|turn|3\n|\n|t:|1698527322\n|move|p1a: Krookodile|Bulldoze|p2a: Groudon\n|-supereffective|p2a: Groudon\n|-damage|p2a: Groudon|66\/100\n|-unboost|p2a: Groudon|spe|1\n|move|p2a: Groudon|Heat Crash|p1a: Krookodile\n|-damage|p1a: Krookodile|0 fnt\n|faint|p1a: Krookodile\n|\n|-weather|DesolateLand|[upkeep]\n|upkeep\n|\n|t:|1698527332\n|switch|p1a: Kyogre|Kyogre|100\/100\n|-damage|p1a: Kyogre|88\/100|[from] Stealth Rock\n|detailschange|p1a: Kyogre|Kyogre-Primal\n|-primal|p1a: Kyogre|Blue Orb\n|-weather|PrimordialSea|[from] ability: Primordial Sea|[of] p1a: Kyogre\n|turn|4\n|l|\u260685792195wwww\n|inactive|85792195wwww disconnected and has a minute to reconnect!\n|player|p1|\n|j|\u260685792195wwww\n|inactive|85792195wwww reconnected and has 110 seconds left.\n|player|p1|85792195wwww|lady\n|\n|t:|1698527376\n|move|p1a: Kyogre|Ice Beam|p2a: Groudon\n|-crit|p2a: Groudon\n|-damage|p2a: Groudon|0 fnt\n|faint|p2a: Groudon\n|\n|-weather|PrimordialSea|[upkeep]\n|upkeep\n|\n|t:|1698527388\n|switch|p2a: Rayquaza|Rayquaza|100\/100\n|-damage|p2a: Rayquaza|76\/100|[from] Stealth Rock\n|-ability|p2a: Rayquaza|Air Lock\n|turn|5\n|inactive|85792195wwww has 120 seconds left.\n|\n|t:|1698527396\n|-terastallize|p2a: Rayquaza|Flying\n|move|p2a: Rayquaza|Dragon Ascent|p1a: Kyogre\n|-crit|p1a: Kyogre\n|-damage|p1a: Kyogre|0 fnt\n|-unboost|p2a: Rayquaza|def|1\n|-unboost|p2a: Rayquaza|spd|1\n|faint|p1a: Kyogre\n|-weather|none\n|\n|upkeep\n|inactive|85792195wwww has 120 seconds left.\n|\n|t:|1698527409\n|switch|p1a: Zacian|Zacian-Crowned|100\/100\n|-damage|p1a: Zacian|94\/100|[from] Stealth Rock\n|-ability|p1a: Zacian|Intrepid Sword|boost\n|-boost|p1a: Zacian|atk|1\n|turn|6\n|inactive|85792195wwww has 120 seconds left.\n|l|\u260685792195wwww\n|inactive|85792195wwww disconnected and has a minute to reconnect!\n|player|p1|\n|inactive|85792195wwww has 30 seconds to reconnect!\n|inactive|85792195wwww has 20 seconds to reconnect!\n|inactive|85792195wwww has 15 seconds to reconnect!\n|inactive|85792195wwww has 10 seconds to reconnect!\n|j|\u260685792195wwww\n|inactive|85792195wwww reconnected and has 55 seconds left.\n|player|p1|85792195wwww|lady\n|\n|t:|1698527483\n|switch|p2a: Banette|Banette, F|100\/100\n|-damage|p2a: Banette|88\/100|[from] Stealth Rock\n|-item|p1a: Zacian|Rusted Sword|[from] ability: Frisk|[of] p2a: Banette|[identify]\n|move|p1a: Zacian|Behemoth Blade|p2a: Banette\n|-damage|p2a: Banette|0 fnt\n|faint|p2a: Banette\n|\n|upkeep\n|inactive|FenixFyre04 has 120 seconds left.\n|\n|t:|1698527516\n|switch|p2a: Necrozma|Necrozma-Dusk-Mane|100\/100\n|-damage|p2a: Necrozma|94\/100|[from] Stealth Rock\n|turn|7\n|\n|t:|1698527529\n|move|p1a: Zacian|Swords Dance|p1a: Zacian\n|-boost|p1a: Zacian|atk|2\n|move|p2a: Necrozma|Dragon Dance|p2a: Necrozma\n|-boost|p2a: Necrozma|atk|1\n|-boost|p2a: Necrozma|spe|1\n|\n|upkeep\n|turn|8\n|\n|t:|1698527537\n|detailschange|p2a: Necrozma|Necrozma-Ultra\n|-burst|p2a: Necrozma|Necrozma|Ultranecrozium Z\n|-terastallize|p1a: Zacian|Ground\n|move|p2a: Necrozma|Photon Geyser|p1a: Zacian\n|-damage|p1a: Zacian|0 fnt\n|faint|p1a: Zacian\n|\n|upkeep\n|\n|t:|1698527549\n|switch|p1a: Xerneas|Xerneas|100\/100\n|-damage|p1a: Xerneas|88\/100|[from] Stealth Rock\n|-ability|p1a: Xerneas|Fairy Aura\n|turn|9\n|inactive|FenixFyre04 has 120 seconds left.\n|\n|t:|1698527569\n|switch|p1a: Groudon|Groudon|100\/100\n|-damage|p1a: Groudon|94\/100|[from] Stealth Rock\n|detailschange|p1a: Groudon|Groudon-Primal\n|-primal|p1a: Groudon|Red Orb\n|-weather|DesolateLand|[from] ability: Desolate Land|[of] p1a: Groudon\n|move|p2a: Necrozma|Photon Geyser|p1a: Groudon\n|-damage|p1a: Groudon|31\/100\n|\n|-weather|DesolateLand|[upkeep]\n|upkeep\n|turn|10\n|\n|t:|1698527583\n|move|p2a: Necrozma|Photon Geyser|p1a: Groudon\n|-damage|p1a: Groudon|0 fnt\n|faint|p1a: Groudon\n|-weather|none\n|\n|upkeep\n|\n|t:|1698527592\n|switch|p1a: Xerneas|Xerneas|88\/100\n|-damage|p1a: Xerneas|76\/100|[from] Stealth Rock\n|-ability|p1a: Xerneas|Fairy Aura\n|turn|11\n|inactive|FenixFyre04 has 120 seconds left.\n|\n|t:|1698527609\n|move|p2a: Necrozma|Photon Geyser|p1a: Xerneas\n|-damage|p1a: Xerneas|3\/100\n|move|p1a: Xerneas|Moonblast|p2a: Necrozma\n|-supereffective|p2a: Necrozma\n|-damage|p2a: Necrozma|0 fnt\n|faint|p2a: Necrozma\n|\n|upkeep\n|inactive|FenixFyre04 has 120 seconds left.\n|\n|t:|1698527638\n|switch|p2a: Rayquaza|Rayquaza, tera:Flying|76\/100\n|-damage|p2a: Rayquaza|51\/100|[from] Stealth Rock\n|-ability|p2a: Rayquaza|Air Lock\n|turn|12\n|inactive|85792195wwww has 90 seconds left.\n|\n|t:|1698527644\n|move|p2a: Rayquaza|Dragon Ascent|p1a: Xerneas\n|-damage|p1a: Xerneas|0 fnt\n|-unboost|p2a: Rayquaza|def|1\n|-unboost|p2a: Rayquaza|spd|1\n|faint|p1a: Xerneas\n|\n|upkeep\n|inactive|85792195wwww has 90 seconds left.\n|\n|t:|1698527651\n|switch|p1a: Arceus|Arceus|100\/100\n|-damage|p1a: Arceus|88\/100|[from] Stealth Rock\n|turn|13\n|inactive|FenixFyre04 has 120 seconds left.\n|\n|t:|1698527676\n|move|p1a: Arceus|Extreme Speed|p2a: Rayquaza\n|-damage|p2a: Rayquaza|0 fnt\n|faint|p2a: Rayquaza\n|-damage|p1a: Arceus|78\/100|[from] item: Life Orb\n|\n|upkeep\n|\n|t:|1698527678\n|switch|p2a: Xerneas|Xerneas, shiny|100\/100\n|-damage|p2a: Xerneas|88\/100|[from] Stealth Rock\n|-ability|p2a: Xerneas|Fairy Aura\n|turn|14\n|\n|t:|1698527687\n|move|p1a: Arceus|Swords Dance|p1a: Arceus\n|-boost|p1a: Arceus|atk|2\n|move|p2a: Xerneas|Moonblast|p1a: Arceus\n|-damage|p1a: Arceus|27\/100\n|\n|upkeep\n|turn|15\n|\n|t:|1698527694\n|move|p1a: Arceus|Extreme Speed|p2a: Xerneas\n|-crit|p2a: Xerneas\n|-damage|p2a: Xerneas|0 fnt\n|faint|p2a: Xerneas\n|-damage|p1a: Arceus|17\/100|[from] item: Life Orb\n|\n|win|85792195wwww\n|raw|85792195wwww's rating: 1789 &rarr; <strong>1806<\/strong><br \/>(+17 for winning)\n|raw|FenixFyre04's rating: 1744 &rarr; <strong>1727<\/strong><br \/>(-17 for losing)\n|l|\u2606FenixFyre04\n","uploadtime":1698527702,"views":6,"p1id":"85792195wwww","p2id":"fenixfyre04","formatid":"gen9nationaldexubers","rating":1727,"private":0,"password":""}