{"id":"gen9nationaldexubers-1999652838","p1":"Shaloros","p2":"Izzy-Afk","format":"[Gen 9] National Dex Ubers","log":"|j|\u203dShaloros\n|j|\u203dIzzy-Afk\n|t:|1701104814\n|gametype|singles\n|player|p1|Shaloros|hugh|1127\n|player|p2|Izzy-Afk|caitlin|1124\n|teamsize|p1|6\n|teamsize|p2|6\n|gen|9\n|tier|[Gen 9] National Dex Ubers\n|rated|\n|rule|HP Percentage Mod: HP is shown in percentages\n|rule|Endless Battle Clause: Forcing endless battles is banned\n|rule|OHKO Clause: OHKO moves are banned\n|rule|Evasion Moves Clause: Evasion moves are banned\n|rule|Evasion Items Clause: Evasion items are banned\n|rule|Species Clause: Limit one of each Pok\u00e9mon\n|rule|Sleep Clause Mod: Limit one foe put to sleep\n|rule|Mega Rayquaza Clause: You cannot mega evolve Rayquaza\n|clearpoke\n|poke|p1|Great Tusk|\n|poke|p1|Dragapult, M|\n|poke|p1|Kyogre|\n|poke|p1|Gliscor, M|\n|poke|p1|Ferrothorn, M|\n|poke|p1|Salamence, M|\n|poke|p2|Necrozma-Dawn-Wings|\n|poke|p2|Zeraora|\n|poke|p2|Marshadow|\n|poke|p2|Metagross|\n|poke|p2|Vaporeon, M|\n|poke|p2|Rayquaza|\n|teampreview\n|\n|t:|1701104839\n|start\n|switch|p1a: Great Tusk|Great Tusk|100\/100\n|switch|p2a: Metagross|Metagross, shiny|100\/100\n|turn|1\n|\n|t:|1701104846\n|detailschange|p2a: Metagross|Metagross-Mega, shiny\n|-mega|p2a: Metagross|Metagross|Metagrossite\n|move|p2a: Metagross|Earthquake|p1a: Great Tusk\n|-damage|p1a: Great Tusk|78\/100\n|move|p1a: Great Tusk|Stealth Rock|p2a: Metagross\n|-sidestart|p2: Izzy-Afk|move: Stealth Rock\n|\n|upkeep\n|turn|2\n|\n|t:|1701104856\n|move|p2a: Metagross|Earthquake|p1a: Great Tusk\n|-damage|p1a: Great Tusk|55\/100\n|move|p1a: Great Tusk|Rapid Spin|p2a: Metagross\n|-resisted|p2a: Metagross\n|-damage|p2a: Metagross|94\/100\n|-boost|p1a: Great Tusk|spe|1\n|\n|upkeep\n|turn|3\n|\n|t:|1701104869\n|move|p1a: Great Tusk|Earthquake|p2a: Metagross\n|-supereffective|p2a: Metagross\n|-damage|p2a: Metagross|23\/100\n|move|p2a: Metagross|Psych Up|p1a: Great Tusk\n|-copyboost|p2a: Metagross|p1a: Great Tusk|[from] move: Psych Up\n|\n|upkeep\n|turn|4\n|\n|t:|1701104877\n|move|p2a: Metagross|Earthquake|p1a: Great Tusk\n|-damage|p1a: Great Tusk|33\/100\n|move|p1a: Great Tusk|Earthquake|p2a: Metagross\n|-supereffective|p2a: Metagross\n|-damage|p2a: Metagross|0 fnt\n|faint|p2a: Metagross\n|\n|upkeep\n|\n|t:|1701104881\n|switch|p2a: Rayquaza|Rayquaza, shiny|100\/100\n|-damage|p2a: Rayquaza|75\/100|[from] Stealth Rock\n|-ability|p2a: Rayquaza|Air Lock\n|turn|5\n|\n|t:|1701104890\n|-end|p1a: Great Tusk|Protosynthesis|[silent]\n|switch|p1a: Kyogre|Kyogre|100\/100\n|-weather|RainDance|[from] ability: Drizzle|[of] p1a: Kyogre\n|move|p2a: Rayquaza|Earthquake|p1a: Kyogre\n|-damage|p1a: Kyogre|64\/100\n|\n|-weather|RainDance|[upkeep]\n|upkeep\n|turn|6\n|\n|t:|1701104923\n|switch|p2a: Zeraora|Zeraora, shiny|100\/100\n|-damage|p2a: Zeraora|88\/100|[from] Stealth Rock\n|move|p1a: Kyogre|Ice Beam|p2a: Zeraora\n|-damage|p2a: Zeraora|40\/100\n|-enditem|p2a: Zeraora|Red Card|[of] p1a: Kyogre\n|drag|p1a: Great Tusk|Great Tusk|33\/100\n|\n|-weather|RainDance|[upkeep]\n|upkeep\n|turn|7\n|\n|t:|1701104935\n|switch|p2a: Vaporeon|Vaporeon, M, shiny|100\/100\n|-damage|p2a: Vaporeon|88\/100|[from] Stealth Rock\n|move|p1a: Great Tusk|Close Combat|p2a: Vaporeon\n|-damage|p2a: Vaporeon|21\/100\n|-unboost|p1a: Great Tusk|def|1\n|-unboost|p1a: Great Tusk|spd|1\n|\n|-weather|RainDance|[upkeep]\n|upkeep\n|turn|8\n|\n|t:|1701104951\n|move|p1a: Great Tusk|Close Combat|p2a: Vaporeon\n|-damage|p2a: Vaporeon|0 fnt\n|-unboost|p1a: Great Tusk|def|1\n|-unboost|p1a: Great Tusk|spd|1\n|faint|p2a: Vaporeon\n|\n|-weather|RainDance|[upkeep]\n|upkeep\n|\n|t:|1701104960\n|switch|p2a: Necrozma|Necrozma-Dawn-Wings, shiny|100\/100\n|-damage|p2a: Necrozma|88\/100|[from] Stealth Rock\n|turn|9\n|\n|t:|1701104981\n|move|p1a: Great Tusk|Earthquake|p2a: Necrozma\n|-damage|p2a: Necrozma|57\/100\n|move|p2a: Necrozma|Trick Room|p2a: Necrozma\n|-fieldstart|move: Trick Room|[of] p2a: Necrozma\n|\n|-weather|none\n|-heal|p2a: Necrozma|63\/100|[from] item: Leftovers\n|upkeep\n|turn|10\n|\n|t:|1701104988\n|move|p2a: Necrozma|Photon Geyser|p1a: Great Tusk\n|-supereffective|p1a: Great Tusk\n|-damage|p1a: Great Tusk|0 fnt\n|faint|p1a: Great Tusk\n|-end|p1a: Great Tusk|Protosynthesis|[silent]\n|\n|-heal|p2a: Necrozma|69\/100|[from] item: Leftovers\n|upkeep\n|\n|t:|1701104994\n|switch|p1a: Ferrothorn|Ferrothorn, M|100\/100\n|turn|11\n|\n|t:|1701104999\n|move|p1a: Ferrothorn|Gyro Ball|p2a: Necrozma\n|-damage|p2a: Necrozma|49\/100\n|move|p2a: Necrozma|Moongeist Beam|p1a: Ferrothorn\n|-damage|p1a: Ferrothorn|67\/100\n|\n|-heal|p1a: Ferrothorn|74\/100|[from] item: Leftovers\n|-heal|p2a: Necrozma|55\/100|[from] item: Leftovers\n|upkeep\n|turn|12\n|\n|t:|1701105007\n|move|p1a: Ferrothorn|Leech Seed|p2a: Necrozma\n|-start|p2a: Necrozma|move: Leech Seed\n|move|p2a: Necrozma|Moonlight|p2a: Necrozma\n|-heal|p2a: Necrozma|100\/100\n|\n|-heal|p1a: Ferrothorn|80\/100|[from] item: Leftovers\n|-damage|p2a: Necrozma|88\/100|[from] Leech Seed|[of] p1a: Ferrothorn\n|-heal|p1a: Ferrothorn|94\/100|[silent]\n|upkeep\n|turn|13\n|\n|t:|1701105017\n|move|p1a: Ferrothorn|Protect|p1a: Ferrothorn\n|-singleturn|p1a: Ferrothorn|Protect\n|move|p2a: Necrozma|Trick Room|p2a: Necrozma\n|-fieldend|move: Trick Room\n|\n|-heal|p2a: Necrozma|94\/100|[from] item: Leftovers\n|-heal|p1a: Ferrothorn|99\/100|[from] item: Leftovers\n|-damage|p2a: Necrozma|82\/100|[from] Leech Seed|[of] p1a: Ferrothorn\n|-heal|p1a: Ferrothorn|100\/100|[silent]\n|upkeep\n|turn|14\n|\n|t:|1701105029\n|switch|p2a: Zeraora|Zeraora, shiny|40\/100\n|-damage|p2a: Zeraora|28\/100|[from] Stealth Rock\n|move|p1a: Ferrothorn|Substitute|p1a: Ferrothorn\n|-start|p1a: Ferrothorn|Substitute\n|-damage|p1a: Ferrothorn|75\/100\n|\n|-heal|p1a: Ferrothorn|82\/100|[from] item: Leftovers\n|upkeep\n|turn|15\n|\n|t:|1701105040\n|-terastallize|p2a: Zeraora|Flying\n|move|p2a: Zeraora|Fire Punch|p1a: Ferrothorn\n|-supereffective|p1a: Ferrothorn\n|-end|p1a: Ferrothorn|Substitute\n|move|p1a: Ferrothorn|Leech Seed|p2a: Zeraora|[miss]\n|-miss|p1a: Ferrothorn|p2a: Zeraora\n|\n|-heal|p1a: Ferrothorn|88\/100|[from] item: Leftovers\n|upkeep\n|turn|16\n|\n|t:|1701105053\n|switch|p1a: Salamence|Salamence, M|100\/100\n|-ability|p1a: Salamence|Intimidate|boost\n|-unboost|p2a: Zeraora|atk|1\n|move|p2a: Zeraora|Fire Punch|p1a: Salamence\n|-resisted|p1a: Salamence\n|-damage|p1a: Salamence|92\/100\n|\n|upkeep\n|turn|17\n|\n|t:|1701105064\n|detailschange|p1a: Salamence|Salamence-Mega, M\n|-mega|p1a: Salamence|Salamence|Salamencite\n|move|p2a: Zeraora|Volt Switch|p1a: Salamence\n|-damage|p1a: Salamence|65\/100\n|\n|t:|1701105074\n|switch|p2a: Marshadow|Marshadow|100\/100|[from] Volt Switch\n|move|p1a: Salamence|Dragon Dance|p1a: Salamence\n|-boost|p1a: Salamence|atk|1\n|-boost|p1a: Salamence|spe|1\n|\n|upkeep\n|turn|18\n|inactive|Battle timer is ON: inactive players will automatically lose when time's up. (requested by Izzy-Afk)\n|\n|t:|1701105096\n|move|p1a: Salamence|Dual Wingbeat|p2a: Marshadow\n|-supereffective|p2a: Marshadow\n|-damage|p2a: Marshadow|31\/100\n|-supereffective|p2a: Marshadow\n|-damage|p2a: Marshadow|0 fnt\n|faint|p2a: Marshadow\n|-hitcount|p2: Marshadow|2\n|\n|upkeep\n|\n|t:|1701105105\n|switch|p2a: Zeraora|Zeraora, shiny, tera:Flying|28\/100\n|-damage|p2a: Zeraora|3\/100|[from] Stealth Rock\n|turn|19\n|\n|t:|1701105111\n|move|p1a: Salamence|Outrage|p2a: Zeraora\n|-damage|p2a: Zeraora|0 fnt\n|faint|p2a: Zeraora\n|\n|upkeep\n|\n|t:|1701105118\n|switch|p2a: Rayquaza|Rayquaza, shiny|75\/100\n|-damage|p2a: Rayquaza|50\/100|[from] Stealth Rock\n|-ability|p2a: Rayquaza|Air Lock\n|turn|20\n|\n|t:|1701105124\n|move|p1a: Salamence|Outrage|p2a: Rayquaza|[from]lockedmove\n|-supereffective|p2a: Rayquaza\n|-damage|p2a: Rayquaza|0 fnt\n|faint|p2a: Rayquaza\n|\n|upkeep\n|\n|t:|1701105128\n|switch|p2a: Necrozma|Necrozma-Dawn-Wings, shiny|82\/100\n|-damage|p2a: Necrozma|70\/100|[from] Stealth Rock\n|turn|21\n|\n|t:|1701105131\n|move|p1a: Salamence|Outrage|p2a: Necrozma|[from]lockedmove\n|-damage|p2a: Necrozma|8\/100\n|-start|p1a: Salamence|confusion|[fatigue]\n|move|p2a: Necrozma|Trick Room|p2a: Necrozma\n|-fieldstart|move: Trick Room|[of] p2a: Necrozma\n|\n|-heal|p2a: Necrozma|14\/100|[from] item: Leftovers\n|upkeep\n|turn|22\n|\n|t:|1701105141\n|move|p2a: Necrozma|Moonlight|p2a: Necrozma\n|-heal|p2a: Necrozma|64\/100\n|-activate|p1a: Salamence|confusion\n|-damage|p1a: Salamence|46\/100|[from] confusion\n|\n|-heal|p2a: Necrozma|70\/100|[from] item: Leftovers\n|upkeep\n|turn|23\n|\n|t:|1701105147\n|move|p2a: Necrozma|Moongeist Beam|p1a: Salamence\n|-damage|p1a: Salamence|0 fnt\n|faint|p1a: Salamence\n|\n|-heal|p2a: Necrozma|76\/100|[from] item: Leftovers\n|upkeep\n|\n|t:|1701105151\n|switch|p1a: Ferrothorn|Ferrothorn, M|88\/100\n|turn|24\n|\n|t:|1701105155\n|move|p1a: Ferrothorn|Leech Seed|p2a: Necrozma\n|-start|p2a: Necrozma|move: Leech Seed\n|move|p2a: Necrozma|Moongeist Beam|p1a: Ferrothorn\n|-damage|p1a: Ferrothorn|53\/100\n|\n|-heal|p1a: Ferrothorn|59\/100|[from] item: Leftovers\n|-heal|p2a: Necrozma|82\/100|[from] item: Leftovers\n|-damage|p2a: Necrozma|70\/100|[from] Leech Seed|[of] p1a: Ferrothorn\n|-heal|p1a: Ferrothorn|73\/100|[silent]\n|upkeep\n|turn|25\n|\n|t:|1701105164\n|move|p1a: Ferrothorn|Substitute|p1a: Ferrothorn\n|-start|p1a: Ferrothorn|Substitute\n|-damage|p1a: Ferrothorn|48\/100\n|move|p2a: Necrozma|Moongeist Beam|p1a: Ferrothorn\n|-end|p1a: Ferrothorn|Substitute\n|\n|-heal|p1a: Ferrothorn|54\/100|[from] item: Leftovers\n|-heal|p2a: Necrozma|76\/100|[from] item: Leftovers\n|-damage|p2a: Necrozma|63\/100|[from] Leech Seed|[of] p1a: Ferrothorn\n|-heal|p1a: Ferrothorn|68\/100|[silent]\n|-fieldend|move: Trick Room\n|upkeep\n|turn|26\n|\n|t:|1701105176\n|move|p1a: Ferrothorn|Protect|p1a: Ferrothorn\n|-singleturn|p1a: Ferrothorn|Protect\n|move|p2a: Necrozma|Moongeist Beam|p1a: Ferrothorn\n|-activate|p1a: Ferrothorn|move: Protect\n|\n|-heal|p2a: Necrozma|69\/100|[from] item: Leftovers\n|-heal|p1a: Ferrothorn|74\/100|[from] item: Leftovers\n|-damage|p2a: Necrozma|57\/100|[from] Leech Seed|[of] p1a: Ferrothorn\n|-heal|p1a: Ferrothorn|88\/100|[silent]\n|upkeep\n|turn|27\n|\n|t:|1701105190\n|move|p2a: Necrozma|Photon Geyser|p1a: Ferrothorn\n|-resisted|p1a: Ferrothorn\n|-damage|p1a: Ferrothorn|69\/100\n|move|p1a: Ferrothorn|Substitute|p1a: Ferrothorn\n|-start|p1a: Ferrothorn|Substitute\n|-damage|p1a: Ferrothorn|44\/100\n|\n|-heal|p2a: Necrozma|63\/100|[from] item: Leftovers\n|-heal|p1a: Ferrothorn|50\/100|[from] item: Leftovers\n|-damage|p2a: Necrozma|51\/100|[from] Leech Seed|[of] p1a: Ferrothorn\n|-heal|p1a: Ferrothorn|64\/100|[silent]\n|upkeep\n|turn|28\n|\n|t:|1701105202\n|move|p1a: Ferrothorn|Protect|p1a: Ferrothorn\n|-singleturn|p1a: Ferrothorn|Protect\n|move|p2a: Necrozma|Moonlight|p2a: Necrozma\n|-heal|p2a: Necrozma|100\/100\n|\n|-heal|p1a: Ferrothorn|71\/100|[from] item: Leftovers\n|-damage|p2a: Necrozma|88\/100|[from] Leech Seed|[of] p1a: Ferrothorn\n|-heal|p1a: Ferrothorn|85\/100|[silent]\n|upkeep\n|turn|29\n|\n|t:|1701105211\n|move|p2a: Necrozma|Photon Geyser|p1a: Ferrothorn\n|-resisted|p1a: Ferrothorn\n|-activate|p1a: Ferrothorn|move: Substitute|[damage]\n|move|p1a: Ferrothorn|Gyro Ball|p2a: Necrozma\n|-damage|p2a: Necrozma|69\/100\n|\n|-heal|p2a: Necrozma|75\/100|[from] item: Leftovers\n|-heal|p1a: Ferrothorn|91\/100|[from] item: Leftovers\n|-damage|p2a: Necrozma|63\/100|[from] Leech Seed|[of] p1a: Ferrothorn\n|-heal|p1a: Ferrothorn|100\/100|[silent]\n|upkeep\n|turn|30\n|\n|t:|1701105228\n|move|p1a: Ferrothorn|Protect|p1a: Ferrothorn\n|-singleturn|p1a: Ferrothorn|Protect\n|move|p2a: Necrozma|Photon Geyser|p1a: Ferrothorn\n|-activate|p1a: Ferrothorn|move: Protect\n|\n|-heal|p2a: Necrozma|69\/100|[from] item: Leftovers\n|-damage|p2a: Necrozma|57\/100|[from] Leech Seed|[of] p1a: Ferrothorn\n|upkeep\n|turn|31\n|\n|t:|1701105234\n|move|p2a: Necrozma|Photon Geyser|p1a: Ferrothorn\n|-resisted|p1a: Ferrothorn\n|-end|p1a: Ferrothorn|Substitute\n|move|p1a: Ferrothorn|Gyro Ball|p2a: Necrozma\n|-damage|p2a: Necrozma|37\/100\n|\n|-heal|p2a: Necrozma|43\/100|[from] item: Leftovers\n|-damage|p2a: Necrozma|31\/100|[from] Leech Seed|[of] p1a: Ferrothorn\n|upkeep\n|turn|32\n|\n|t:|1701105243\n|move|p1a: Ferrothorn|Protect|p1a: Ferrothorn\n|-singleturn|p1a: Ferrothorn|Protect\n|move|p2a: Necrozma|Moonlight|p2a: Necrozma\n|-heal|p2a: Necrozma|81\/100\n|\n|-heal|p2a: Necrozma|87\/100|[from] item: Leftovers\n|-damage|p2a: Necrozma|75\/100|[from] Leech Seed|[of] p1a: Ferrothorn\n|upkeep\n|turn|33\n|\n|t:|1701105252\n|switch|p1a: Kyogre|Kyogre|64\/100\n|-weather|RainDance|[from] ability: Drizzle|[of] p1a: Kyogre\n|move|p2a: Necrozma|Moongeist Beam|p1a: Kyogre\n|-damage|p1a: Kyogre|26\/100\n|\n|-weather|RainDance|[upkeep]\n|-heal|p2a: Necrozma|81\/100|[from] item: Leftovers\n|-damage|p2a: Necrozma|68\/100|[from] Leech Seed|[of] p1a: Kyogre\n|-heal|p1a: Kyogre|40\/100|[silent]\n|upkeep\n|turn|34\n|\n|t:|1701105264\n|move|p1a: Kyogre|Thunder|p2a: Necrozma\n|-damage|p2a: Necrozma|35\/100\n|move|p2a: Necrozma|Trick Room|p2a: Necrozma\n|-fieldstart|move: Trick Room|[of] p2a: Necrozma\n|\n|-weather|RainDance|[upkeep]\n|-heal|p2a: Necrozma|41\/100|[from] item: Leftovers\n|-damage|p2a: Necrozma|29\/100|[from] Leech Seed|[of] p1a: Kyogre\n|-heal|p1a: Kyogre|54\/100|[silent]\n|upkeep\n|turn|35\n|\n|t:|1701105271\n|move|p2a: Necrozma|Moonlight|p2a: Necrozma\n|-heal|p2a: Necrozma|54\/100\n|move|p1a: Kyogre|Thunder|p2a: Necrozma\n|-damage|p2a: Necrozma|18\/100\n|-status|p2a: Necrozma|par\n|\n|-weather|RainDance|[upkeep]\n|-heal|p2a: Necrozma|24\/100 par|[from] item: Leftovers\n|-damage|p2a: Necrozma|12\/100 par|[from] Leech Seed|[of] p1a: Kyogre\n|-heal|p1a: Kyogre|69\/100|[silent]\n|upkeep\n|turn|36\n|\n|t:|1701105277\n|move|p2a: Necrozma|Moonlight|p2a: Necrozma\n|-heal|p2a: Necrozma|37\/100 par\n|move|p1a: Kyogre|Thunder|p2a: Necrozma\n|-damage|p2a: Necrozma|4\/100 par\n|\n|-weather|RainDance|[upkeep]\n|-heal|p2a: Necrozma|10\/100 par|[from] item: Leftovers\n|-damage|p2a: Necrozma|0 fnt|[from] Leech Seed|[of] p1a: Kyogre\n|-heal|p1a: Kyogre|79\/100|[silent]\n|faint|p2a: Necrozma\n|\n|win|Shaloros\n|upkeep\n|raw|Shaloros's rating: 1127 &rarr; <strong>1152<\/strong><br \/>(+25 for winning)\n|raw|Izzy-Afk's rating: 1124 &rarr; <strong>1099<\/strong><br \/>(-25 for losing)\n|l|\u203dIzzy-Afk\n","uploadtime":1701105289,"views":11,"p1id":"shaloros","p2id":"izzyafk","formatid":"gen9nationaldexubers","rating":1099,"private":0,"password":""}