{"id":"gen9nationaldexubers-1979746197","p1":"Aliva1","p2":"th3k1ng123","format":"[Gen 9] National Dex Ubers","log":"|j|\u2606Aliva1\n|j|\u2606th3k1ng123\n|t:|1698708969\n|gametype|singles\n|player|p1|Aliva1|lance|1252\n|player|p2|th3k1ng123|turo|1244\n|teamsize|p1|6\n|teamsize|p2|6\n|gen|9\n|tier|[Gen 9] National Dex Ubers\n|rated|\n|rule|HP Percentage Mod: HP is shown in percentages\n|rule|Endless Battle Clause: Forcing endless battles is banned\n|rule|OHKO Clause: OHKO moves are banned\n|rule|Evasion Moves Clause: Evasion moves are banned\n|rule|Evasion Items Clause: Evasion items are banned\n|rule|Species Clause: Limit one of each Pok\u00e9mon\n|rule|Sleep Clause Mod: Limit one foe put to sleep\n|rule|Mega Rayquaza Clause: You cannot mega evolve Rayquaza\n|clearpoke\n|poke|p1|Roaring Moon|\n|poke|p1|Pinsir, F|\n|poke|p1|Iron Jugulis|\n|poke|p1|Slowbro-Galar, F|\n|poke|p1|Skeledirge, F|\n|poke|p1|Weezing-Galar, M|\n|poke|p2|Arceus|\n|poke|p2|Pheromosa|\n|poke|p2|Kyurem-Black|\n|poke|p2|Mewtwo|\n|poke|p2|Kyogre|\n|poke|p2|Xerneas-*|\n|teampreview\n|inactive|Battle timer is ON: inactive players will automatically lose when time's up. (requested by Aliva1)\n|inactive|Aliva1 has 120 seconds left.\n|\n|t:|1698709001\n|start\n|switch|p1a: Chaos|Iron Jugulis|100\/100\n|switch|p2a: Dem Legs Tho|Pheromosa, shiny|100\/100\n|turn|1\n|\n|t:|1698709011\n|-terastallize|p2a: Dem Legs Tho|Fighting\n|move|p1a: Chaos|Hurricane|p2a: Dem Legs Tho\n|-supereffective|p2a: Dem Legs Tho\n|-damage|p2a: Dem Legs Tho|0 fnt\n|faint|p2a: Dem Legs Tho\n|\n|upkeep\n|\n|t:|1698709018\n|switch|p2a: Willy|Kyogre, shiny|100\/100\n|detailschange|p2a: Willy|Kyogre-Primal, shiny\n|-primal|p2a: Willy|Blue Orb\n|-weather|PrimordialSea|[from] ability: Primordial Sea|[of] p2a: Willy\n|turn|2\n|\n|t:|1698709026\n|move|p1a: Chaos|Hurricane|p2a: Willy\n|-damage|p2a: Willy|65\/100\n|move|p2a: Willy|Thunder|p1a: Chaos\n|-supereffective|p1a: Chaos\n|-damage|p1a: Chaos|0 fnt\n|faint|p1a: Chaos\n|-end|p1a: Chaos|Quark Drive|[silent]\n|\n|-weather|PrimordialSea|[upkeep]\n|upkeep\n|\n|t:|1698709050\n|switch|p1a: Quickbro|Slowbro-Galar, F|100\/100\n|turn|3\n|\n|t:|1698709054\n|move|p2a: Willy|Calm Mind|p2a: Willy\n|-boost|p2a: Willy|spa|1\n|-boost|p2a: Willy|spd|1\n|move|p1a: Quickbro|Shell Side Arm|p2a: Willy|[anim] Shell Side Arm Physical\n|-damage|p2a: Willy|46\/100\n|-hint|Physical Shell Side Arm\n|\n|-weather|PrimordialSea|[upkeep]\n|upkeep\n|turn|4\n|\n|t:|1698709065\n|switch|p1a: Locust|Pinsir, F|100\/100\n|move|p2a: Willy|Calm Mind|p2a: Willy\n|-boost|p2a: Willy|spa|1\n|-boost|p2a: Willy|spd|1\n|\n|-weather|PrimordialSea|[upkeep]\n|upkeep\n|turn|5\n|\n|t:|1698709070\n|detailschange|p1a: Locust|Pinsir-Mega, F\n|-mega|p1a: Locust|Pinsir|Pinsirite\n|move|p1a: Locust|Return|p2a: Willy\n|-damage|p2a: Willy|0 fnt\n|faint|p2a: Willy\n|-weather|none\n|\n|upkeep\n|\n|t:|1698709078\n|switch|p2a: Deletus Fetus|Mewtwo, shiny|100\/100\n|-ability|p2a: Deletus Fetus|Unnerve\n|turn|6\n|\n|t:|1698709098\n|detailschange|p2a: Deletus Fetus|Mewtwo-Mega-Y, shiny\n|-mega|p2a: Deletus Fetus|Mewtwo|Mewtwonite Y\n|move|p1a: Locust|Quick Attack|p2a: Deletus Fetus\n|-damage|p2a: Deletus Fetus|64\/100\n|move|p2a: Deletus Fetus|Flamethrower|p1a: Locust\n|-supereffective|p1a: Locust\n|-damage|p1a: Locust|0 fnt\n|faint|p1a: Locust\n|\n|upkeep\n|inactive|Aliva1 has 120 seconds left.\n|\n|t:|1698709115\n|switch|p1a: Chonky Boi|Skeledirge, F, shiny|100\/100\n|turn|7\n|\n|t:|1698709120\n|move|p2a: Deletus Fetus|Shadow Ball|p1a: Chonky Boi\n|-supereffective|p1a: Chonky Boi\n|-damage|p1a: Chonky Boi|21\/100\n|move|p1a: Chonky Boi|Torch Song|p2a: Deletus Fetus\n|-damage|p2a: Deletus Fetus|38\/100\n|-boost|p1a: Chonky Boi|spa|1\n|\n|-heal|p1a: Chonky Boi|27\/100|[from] item: Leftovers\n|upkeep\n|turn|8\n|inactive|Aliva1 has 120 seconds left.\n|\n|t:|1698709135\n|move|p2a: Deletus Fetus|Shadow Ball|p1a: Chonky Boi\n|-supereffective|p1a: Chonky Boi\n|-damage|p1a: Chonky Boi|0 fnt\n|faint|p1a: Chonky Boi\n|\n|upkeep\n|\n|t:|1698709139\n|switch|p1a: Quickbro|Slowbro-Galar, F|100\/100\n|turn|9\n|\n|t:|1698709149\n|-terastallize|p1a: Quickbro|Dark\n|move|p2a: Deletus Fetus|Shadow Ball|p1a: Quickbro\n|-resisted|p1a: Quickbro\n|-damage|p1a: Quickbro|85\/100\n|move|p1a: Quickbro|Calm Mind|p1a: Quickbro\n|-boost|p1a: Quickbro|spa|1\n|-boost|p1a: Quickbro|spd|1\n|\n|upkeep\n|turn|10\n|-activate|p1a: Quickbro|ability: Quick Draw\n|\n|t:|1698709157\n|move|p1a: Quickbro|Shell Side Arm|p2a: Deletus Fetus|[anim] Shell Side Arm Special\n|-damage|p2a: Deletus Fetus|2\/100\n|-hint|Special Shell Side Arm\n|move|p2a: Deletus Fetus|Aura Sphere|p1a: Quickbro\n|-supereffective|p1a: Quickbro\n|-damage|p1a: Quickbro|47\/100\n|\n|upkeep\n|turn|11\n|\n|t:|1698709166\n|switch|p2a: Holiness|Arceus, shiny|100\/100\n|move|p1a: Quickbro|Shell Side Arm|p2a: Holiness|[anim] Shell Side Arm Special\n|-damage|p2a: Holiness|73\/100\n|-hint|Special Shell Side Arm\n|-status|p2a: Holiness|psn\n|\n|-heal|p2a: Holiness|80\/100 psn|[from] item: Leftovers\n|-damage|p2a: Holiness|67\/100 psn|[from] psn\n|upkeep\n|turn|12\n|\n|t:|1698709184\n|move|p2a: Holiness|Toxic|p1a: Quickbro\n|-status|p1a: Quickbro|tox\n|move|p1a: Quickbro|Shell Side Arm|p2a: Holiness|[anim] Shell Side Arm Special\n|-damage|p2a: Holiness|39\/100 psn\n|-hint|Special Shell Side Arm\n|\n|-heal|p2a: Holiness|45\/100 psn|[from] item: Leftovers\n|-damage|p2a: Holiness|32\/100 psn|[from] psn\n|-damage|p1a: Quickbro|41\/100 tox|[from] psn\n|upkeep\n|turn|13\n|-activate|p1a: Quickbro|ability: Quick Draw\n|\n|t:|1698709195\n|move|p1a: Quickbro|Shell Side Arm|p2a: Holiness|[anim] Shell Side Arm Special\n|-damage|p2a: Holiness|5\/100 psn\n|-hint|Special Shell Side Arm\n|move|p2a: Holiness|Recover|p2a: Holiness\n|-heal|p2a: Holiness|55\/100 psn\n|\n|-heal|p2a: Holiness|61\/100 psn|[from] item: Leftovers\n|-damage|p2a: Holiness|48\/100 psn|[from] psn\n|-damage|p1a: Quickbro|28\/100 tox|[from] psn\n|upkeep\n|turn|14\n|\n|t:|1698709205\n|switch|p1a: Plague|Weezing-Galar, M|100\/100\n|move|p2a: Holiness|Recover|p2a: Holiness\n|-heal|p2a: Holiness|98\/100 psn\n|\n|-heal|p2a: Holiness|100\/100 psn|[from] item: Leftovers\n|-damage|p2a: Holiness|88\/100 psn|[from] psn\n|upkeep\n|turn|15\n|\n|t:|1698709217\n|switch|p2a: Nuke'em|Kyurem-Black, shiny|100\/100\n|-ability|p2a: Nuke'em|Teravolt\n|move|p1a: Plague|Strange Steam|p2a: Nuke'em\n|-supereffective|p2a: Nuke'em\n|-damage|p2a: Nuke'em|53\/100\n|\n|upkeep\n|turn|16\n|\n|t:|1698709224\n|move|p2a: Nuke'em|Iron Head|p1a: Plague\n|-supereffective|p1a: Plague\n|-damage|p1a: Plague|38\/100\n|move|p1a: Plague|Strange Steam|p2a: Nuke'em\n|-supereffective|p2a: Nuke'em\n|-damage|p2a: Nuke'em|2\/100\n|\n|upkeep\n|turn|17\n|\n|t:|1698709241\n|switch|p1a: Quickbro|Slowbro-Galar, F, tera:Dark|28\/100 tox\n|move|p2a: Nuke'em|Icicle Spear|p1a: Quickbro\n|-damage|p1a: Quickbro|12\/100 tox\n|-crit|p1a: Quickbro\n|-damage|p1a: Quickbro|0 fnt\n|faint|p1a: Quickbro\n|-hitcount|p1: Quickbro|2\n|\n|upkeep\n|\n|t:|1698709244\n|switch|p1a: Satan|Roaring Moon|100\/100\n|-enditem|p1a: Satan|Booster Energy\n|-activate|p1a: Satan|ability: Protosynthesis|[fromitem]\n|-start|p1a: Satan|protosynthesisatk\n|turn|18\n|\n|t:|1698709253\n|move|p1a: Satan|Acrobatics|p2a: Nuke'em\n|-damage|p2a: Nuke'em|0 fnt\n|faint|p2a: Nuke'em\n|\n|upkeep\n|\n|t:|1698709258\n|switch|p2a: Deletus Fetus|Mewtwo-Mega-Y, shiny|2\/100\n|turn|19\n|\n|t:|1698709277\n|move|p2a: Deletus Fetus|Aura Sphere|p1a: Satan\n|-supereffective|p1a: Satan\n|-damage|p1a: Satan|31\/100\n|move|p1a: Satan|Dragon Dance|p1a: Satan\n|-boost|p1a: Satan|atk|1\n|-boost|p1a: Satan|spe|1\n|\n|upkeep\n|turn|20\n|\n|t:|1698709290\n|move|p1a: Satan|Knock Off|p2a: Deletus Fetus\n|-supereffective|p2a: Deletus Fetus\n|-damage|p2a: Deletus Fetus|0 fnt\n|faint|p2a: Deletus Fetus\n|\n|upkeep\n|\n|t:|1698709293\n|switch|p2a: Holiness|Arceus, shiny|88\/100 psn\n|turn|21\n|\n|t:|1698709301\n|move|p2a: Holiness|Extreme Speed|p1a: Satan\n|-damage|p1a: Satan|0 fnt\n|faint|p1a: Satan\n|-end|p1a: Satan|Protosynthesis|[silent]\n|\n|-heal|p2a: Holiness|94\/100 psn|[from] item: Leftovers\n|-damage|p2a: Holiness|82\/100 psn|[from] psn\n|upkeep\n|\n|t:|1698709303\n|switch|p1a: Plague|Weezing-Galar, M|38\/100\n|turn|22\n|\n|t:|1698709309\n|move|p2a: Holiness|Extreme Speed|p1a: Plague\n|-damage|p1a: Plague|10\/100\n|move|p1a: Plague|Pain Split|p2a: Holiness\n|-sethp|p2a: Holiness|44\/100 psn|[from] move: Pain Split|[silent]\n|-sethp|p1a: Plague|72\/100|[from] move: Pain Split\n|\n|-heal|p2a: Holiness|50\/100 psn|[from] item: Leftovers\n|-damage|p2a: Holiness|38\/100 psn|[from] psn\n|upkeep\n|turn|23\n|\n|t:|1698709319\n|switch|p2a: XGonGivIt2Ya|Xerneas, shiny|100\/100\n|-ability|p2a: XGonGivIt2Ya|Fairy Aura\n|move|p1a: Plague|Strange Steam|p2a: XGonGivIt2Ya\n|-damage|p2a: XGonGivIt2Ya|69\/100\n|\n|upkeep\n|turn|24\n|\n|t:|1698709326\n|move|p2a: XGonGivIt2Ya|Geomancy||[still]\n|-prepare|p2a: XGonGivIt2Ya|Geomancy\n|-enditem|p2a: XGonGivIt2Ya|Power Herb\n|-anim|p2a: XGonGivIt2Ya|Geomancy|p2a: XGonGivIt2Ya\n|-boost|p2a: XGonGivIt2Ya|spa|2\n|-boost|p2a: XGonGivIt2Ya|spd|2\n|-boost|p2a: XGonGivIt2Ya|spe|2\n|move|p1a: Plague|Clear Smog|p2a: XGonGivIt2Ya\n|-supereffective|p2a: XGonGivIt2Ya\n|-damage|p2a: XGonGivIt2Ya|55\/100\n|-clearboost|p2a: XGonGivIt2Ya\n|\n|upkeep\n|turn|25\n|\n|t:|1698709335\n|move|p2a: XGonGivIt2Ya|Psychic|p1a: Plague\n|-supereffective|p1a: Plague\n|-damage|p1a: Plague|0 fnt\n|faint|p1a: Plague\n|\n|win|th3k1ng123\n|raw|Aliva1's rating: 1252 &rarr; <strong>1226<\/strong><br \/>(-26 for losing)\n|raw|th3k1ng123's rating: 1244 &rarr; <strong>1270<\/strong><br \/>(+26 for winning)\n","uploadtime":1698709344,"views":7,"p1id":"aliva1","p2id":"th3k1ng123","formatid":"gen9nationaldexubers","rating":1226,"private":0,"password":""}