{"id":"gen9nationaldexubers-1996300406","p1":"JustMonika_CARR","p2":"msanal","format":"[Gen 9] National Dex Ubers","log":"|j|\u2606JustMonika_CARR\n|j|\u2606msanal\n|t:|1700668969\n|gametype|singles\n|player|p1|JustMonika_CARR|rosa|1277\n|player|p2|msanal|lana|1358\n|teamsize|p1|6\n|teamsize|p2|6\n|gen|9\n|tier|[Gen 9] National Dex Ubers\n|rated|\n|rule|HP Percentage Mod: HP is shown in percentages\n|rule|Endless Battle Clause: Forcing endless battles is banned\n|rule|OHKO Clause: OHKO moves are banned\n|rule|Evasion Moves Clause: Evasion moves are banned\n|rule|Evasion Items Clause: Evasion items are banned\n|rule|Species Clause: Limit one of each Pok\u00e9mon\n|rule|Sleep Clause Mod: Limit one foe put to sleep\n|rule|Mega Rayquaza Clause: You cannot mega evolve Rayquaza\n|clearpoke\n|poke|p1|Marshadow|\n|poke|p1|Lopunny, F|\n|poke|p1|Eternatus|\n|poke|p1|Forretress, F|\n|poke|p1|Pheromosa|\n|poke|p1|Grimmsnarl, M|\n|poke|p2|Frosmoth, F|\n|poke|p2|Dondozo, M|\n|poke|p2|Giratina-Origin|\n|poke|p2|Zoroark-Hisui, M|\n|poke|p2|Mawile, F|\n|poke|p2|Deoxys-Attack|\n|teampreview\n|c|\u2606JustMonika_CARR|glhf\n|c|\u2606msanal|oh same\n|\n|t:|1700668992\n|start\n|switch|p1a: Forretress|Forretress, F, shiny|100\/100\n|switch|p2a: gay latina|Giratina-Origin, shiny|100\/100\n|turn|1\n|\n|t:|1700669002\n|move|p2a: gay latina|Tailwind|p2a: gay latina\n|-sidestart|p2: msanal|move: Tailwind\n|move|p1a: Forretress|Toxic Spikes|p2a: gay latina\n|-sidestart|p2: msanal|move: Toxic Spikes\n|\n|upkeep\n|turn|2\n|\n|t:|1700669013\n|move|p2a: gay latina|Defog|p1a: Forretress\n|-unboost|p1a: Forretress|evasion|1\n|-sideend|p2: msanal|Toxic Spikes|[from] move: Defog|[of] p2a: gay latina\n|move|p1a: Forretress|Stealth Rock|p2a: gay latina\n|-sidestart|p2: msanal|move: Stealth Rock\n|\n|upkeep\n|turn|3\n|\n|t:|1700669018\n|move|p2a: gay latina|Earthquake|p1a: Forretress\n|-damage|p1a: Forretress|80\/100\n|-enditem|p1a: Forretress|Red Card|[of] p2a: gay latina\n|drag|p2a: jessica|Deoxys-Attack|100\/100\n|-damage|p2a: jessica|88\/100|[from] Stealth Rock\n|move|p1a: Forretress|Toxic Spikes|p2a: jessica\n|-sidestart|p2: msanal|move: Toxic Spikes\n|\n|upkeep\n|turn|4\n|\n|t:|1700669034\n|switch|p2a: mobby's deek|Dondozo, M|100\/100\n|-damage|p2a: mobby's deek|88\/100|[from] Stealth Rock\n|-status|p2a: mobby's deek|psn\n|move|p1a: Forretress|Rapid Spin|p2a: mobby's deek\n|-damage|p2a: mobby's deek|81\/100 psn\n|-boost|p1a: Forretress|spe|1\n|\n|-heal|p2a: mobby's deek|88\/100 psn|[from] item: Leftovers\n|-damage|p2a: mobby's deek|75\/100 psn|[from] psn\n|-sideend|p2: msanal|move: Tailwind\n|upkeep\n|turn|5\n|\n|t:|1700669038\n|move|p1a: Forretress|Toxic Spikes|p2a: mobby's deek\n|-sidestart|p2: msanal|move: Toxic Spikes\n|move|p2a: mobby's deek|Curse|p2a: mobby's deek\n|-unboost|p2a: mobby's deek|spe|1\n|-boost|p2a: mobby's deek|atk|1\n|-boost|p2a: mobby's deek|def|1\n|\n|-heal|p2a: mobby's deek|81\/100 psn|[from] item: Leftovers\n|-damage|p2a: mobby's deek|69\/100 psn|[from] psn\n|upkeep\n|turn|6\n|\n|t:|1700669051\n|move|p1a: Forretress|Rapid Spin|p2a: mobby's deek\n|-damage|p2a: mobby's deek|65\/100 psn\n|-boost|p1a: Forretress|spe|1\n|move|p2a: mobby's deek|Rest|p2a: mobby's deek\n|-status|p2a: mobby's deek|slp|[from] move: Rest\n|-heal|p2a: mobby's deek|100\/100 slp|[silent]\n|\n|upkeep\n|turn|7\n|\n|t:|1700669064\n|switch|p1a: Marshadow|Marshadow|100\/100\n|cant|p2a: mobby's deek|slp\n|move|p2a: mobby's deek|Sleep Talk|p2a: mobby's deek\n|move|p2a: mobby's deek|Rest||[from]move: Sleep Talk|[still]\n|-fail|p2a: mobby's deek\n|\n|upkeep\n|turn|8\n|\n|t:|1700669071\n|move|p1a: Marshadow|Spectral Thief||[still]\n|-clearpositiveboost|p2a: mobby's deek|p1a: Marshadow|move: Spectral Thief\n|-boost|p1a: Marshadow|atk|1\n|-boost|p1a: Marshadow|def|1\n|-anim|p1a: Marshadow|Spectral Thief|p2a: mobby's deek\n|-damage|p2a: mobby's deek|72\/100 slp\n|cant|p2a: mobby's deek|slp\n|move|p2a: mobby's deek|Sleep Talk|p2a: mobby's deek\n|move|p2a: mobby's deek|Wave Crash|p1a: Marshadow|[from]move: Sleep Talk\n|-damage|p1a: Marshadow|25\/100\n|-damage|p2a: mobby's deek|56\/100 slp|[from] Recoil\n|\n|-heal|p2a: mobby's deek|62\/100 slp|[from] item: Leftovers\n|upkeep\n|turn|9\n|\n|t:|1700669083\n|move|p1a: Marshadow|Stone Edge|p2a: mobby's deek\n|-damage|p2a: mobby's deek|41\/100 slp\n|-curestatus|p2a: mobby's deek|slp|[msg]\n|move|p2a: mobby's deek|Wave Crash|p1a: Marshadow\n|-damage|p1a: Marshadow|0 fnt\n|faint|p1a: Marshadow\n|-damage|p2a: mobby's deek|36\/100|[from] Recoil\n|\n|-heal|p2a: mobby's deek|42\/100|[from] item: Leftovers\n|upkeep\n|\n|t:|1700669090\n|switch|p1a: Grimmsnarl|Grimmsnarl, M, shiny|100\/100\n|turn|10\n|\n|t:|1700669112\n|move|p1a: Grimmsnarl|Taunt|p2a: mobby's deek\n|-start|p2a: mobby's deek|move: Taunt\n|cant|p2a: mobby's deek|move: Taunt|Curse\n|\n|-heal|p2a: mobby's deek|48\/100|[from] item: Leftovers\n|upkeep\n|turn|11\n|\n|t:|1700669120\n|move|p1a: Grimmsnarl|Reflect|p1a: Grimmsnarl\n|-sidestart|p1: JustMonika_CARR|Reflect\n|move|p2a: mobby's deek|Wave Crash|p1a: Grimmsnarl\n|-damage|p1a: Grimmsnarl|73\/100\n|-damage|p2a: mobby's deek|41\/100|[from] Recoil\n|\n|-heal|p1a: Grimmsnarl|79\/100|[from] item: Leftovers\n|-heal|p2a: mobby's deek|47\/100|[from] item: Leftovers\n|upkeep\n|turn|12\n|\n|t:|1700669146\n|move|p1a: Grimmsnarl|Spirit Break|p2a: mobby's deek\n|-damage|p2a: mobby's deek|27\/100\n|-unboost|p2a: mobby's deek|spa|1\n|move|p2a: mobby's deek|Wave Crash|p1a: Grimmsnarl\n|-damage|p1a: Grimmsnarl|51\/100\n|-damage|p2a: mobby's deek|20\/100|[from] Recoil\n|\n|-heal|p1a: Grimmsnarl|57\/100|[from] item: Leftovers\n|-heal|p2a: mobby's deek|26\/100|[from] item: Leftovers\n|-end|p2a: mobby's deek|move: Taunt\n|upkeep\n|turn|13\n|\n|t:|1700669154\n|move|p1a: Grimmsnarl|Taunt|p2a: mobby's deek\n|-start|p2a: mobby's deek|move: Taunt\n|move|p2a: mobby's deek|Wave Crash|p1a: Grimmsnarl\n|-damage|p1a: Grimmsnarl|27\/100\n|-damage|p2a: mobby's deek|18\/100|[from] Recoil\n|\n|-heal|p1a: Grimmsnarl|33\/100|[from] item: Leftovers\n|-heal|p2a: mobby's deek|24\/100|[from] item: Leftovers\n|upkeep\n|turn|14\n|\n|t:|1700669157\n|move|p1a: Grimmsnarl|Spirit Break|p2a: mobby's deek\n|-damage|p2a: mobby's deek|5\/100\n|-unboost|p2a: mobby's deek|spa|1\n|move|p2a: mobby's deek|Wave Crash|p1a: Grimmsnarl\n|-damage|p1a: Grimmsnarl|3\/100\n|-damage|p2a: mobby's deek|0 fnt|[from] Recoil\n|faint|p2a: mobby's deek\n|\n|-heal|p1a: Grimmsnarl|9\/100|[from] item: Leftovers\n|upkeep\n|\n|t:|1700669161\n|switch|p2a: gay latina|Giratina-Origin, shiny|100\/100\n|-damage|p2a: gay latina|88\/100|[from] Stealth Rock\n|turn|15\n|\n|t:|1700669166\n|move|p1a: Grimmsnarl|Taunt|p2a: gay latina\n|-start|p2a: gay latina|move: Taunt\n|move|p2a: gay latina|Earthquake|p1a: Grimmsnarl\n|-damage|p1a: Grimmsnarl|0 fnt\n|faint|p1a: Grimmsnarl\n|\n|-sideend|p1: JustMonika_CARR|Reflect\n|upkeep\n|\n|t:|1700669177\n|switch|p1a: Eternatus|Eternatus|100\/100\n|-ability|p1a: Eternatus|Pressure\n|turn|16\n|\n|t:|1700669191\n|switch|p2a: jessica|Deoxys-Attack|100\/100\n|-damage|p2a: jessica|88\/100|[from] Stealth Rock\n|-status|p2a: jessica|tox\n|-ability|p2a: jessica|Pressure\n|-terastallize|p1a: Eternatus|Ground\n|move|p1a: Eternatus|Tera Blast|p2a: jessica|[anim] Tera Blast Ground\n|-damage|p2a: jessica|0 fnt\n|faint|p2a: jessica\n|\n|upkeep\n|\n|t:|1700669212\n|switch|p2a: gay latina|Giratina-Origin, shiny|88\/100\n|-damage|p2a: gay latina|76\/100|[from] Stealth Rock\n|turn|17\n|\n|t:|1700669224\n|move|p1a: Eternatus|Tera Blast|p2a: gay latina|[anim] Tera Blast Ground\n|-immune|p2a: gay latina|[from] ability: Levitate\n|move|p2a: gay latina|Defog|p1a: Eternatus\n|-unboost|p1a: Eternatus|evasion|1\n|-sideend|p2: msanal|Toxic Spikes|[from] move: Defog|[of] p2a: gay latina\n|-sideend|p2: msanal|Stealth Rock|[from] move: Defog|[of] p2a: gay latina\n|\n|upkeep\n|turn|18\n|c|\u2606JustMonika_CARR|Oh i forgor lol\n|inactive|Battle timer is ON: inactive players will automatically lose when time's up. (requested by JustMonika_CARR)\n|\n|t:|1700669239\n|switch|p1a: Forretress|Forretress, F, shiny|80\/100\n|move|p2a: gay latina|Tailwind|p2a: gay latina\n|-sidestart|p2: msanal|move: Tailwind\n|\n|upkeep\n|turn|19\n|c|\u2606msanal|i thought u were trying to read me\n|\n|t:|1700669258\n|move|p2a: gay latina|Earthquake|p1a: Forretress\n|-damage|p1a: Forretress|61\/100\n|move|p1a: Forretress|Toxic Spikes|p2a: gay latina\n|-sidestart|p2: msanal|move: Toxic Spikes\n|\n|upkeep\n|turn|20\n|\n|t:|1700669265\n|move|p2a: gay latina|Defog|p1a: Forretress\n|-unboost|p1a: Forretress|evasion|1\n|-sideend|p2: msanal|Toxic Spikes|[from] move: Defog|[of] p2a: gay latina\n|move|p1a: Forretress|Stealth Rock|p2a: gay latina\n|-sidestart|p2: msanal|move: Stealth Rock\n|\n|upkeep\n|turn|21\n|\n|t:|1700669269\n|move|p2a: gay latina|Shadow Sneak|p1a: Forretress\n|-damage|p1a: Forretress|47\/100\n|move|p1a: Forretress|Toxic Spikes|p2a: gay latina\n|-sidestart|p2: msanal|move: Toxic Spikes\n|\n|-sideend|p2: msanal|move: Tailwind\n|upkeep\n|turn|22\n|\n|t:|1700669274\n|move|p2a: gay latina|Defog|p1a: Forretress\n|-unboost|p1a: Forretress|evasion|1\n|-sideend|p2: msanal|Toxic Spikes|[from] move: Defog|[of] p2a: gay latina\n|-sideend|p2: msanal|Stealth Rock|[from] move: Defog|[of] p2a: gay latina\n|move|p1a: Forretress|Toxic Spikes|p2a: gay latina\n|-sidestart|p2: msanal|move: Toxic Spikes\n|\n|upkeep\n|turn|23\n|\n|t:|1700669280\n|move|p2a: gay latina|Earthquake|p1a: Forretress\n|-damage|p1a: Forretress|27\/100\n|move|p1a: Forretress|Stealth Rock|p2a: gay latina\n|-sidestart|p2: msanal|move: Stealth Rock\n|\n|upkeep\n|turn|24\n|\n|t:|1700669284\n|move|p2a: gay latina|Defog|p1a: Forretress\n|-unboost|p1a: Forretress|evasion|1\n|-sideend|p2: msanal|Toxic Spikes|[from] move: Defog|[of] p2a: gay latina\n|-sideend|p2: msanal|Stealth Rock|[from] move: Defog|[of] p2a: gay latina\n|move|p1a: Forretress|Toxic Spikes|p2a: gay latina\n|-sidestart|p2: msanal|move: Toxic Spikes\n|\n|upkeep\n|turn|25\n|\n|t:|1700669295\n|move|p2a: gay latina|Earthquake|p1a: Forretress\n|-damage|p1a: Forretress|9\/100\n|move|p1a: Forretress|Stealth Rock|p2a: gay latina\n|-sidestart|p2: msanal|move: Stealth Rock\n|\n|upkeep\n|turn|26\n|\n|t:|1700669302\n|move|p2a: gay latina|Defog|p1a: Forretress\n|-unboost|p1a: Forretress|evasion|1\n|-sideend|p2: msanal|Toxic Spikes|[from] move: Defog|[of] p2a: gay latina\n|-sideend|p2: msanal|Stealth Rock|[from] move: Defog|[of] p2a: gay latina\n|move|p1a: Forretress|Toxic Spikes|p2a: gay latina\n|-sidestart|p2: msanal|move: Toxic Spikes\n|\n|upkeep\n|turn|27\n|\n|t:|1700669312\n|move|p2a: gay latina|Defog|p1a: Forretress\n|-unboost|p1a: Forretress|evasion|1\n|-sideend|p2: msanal|Toxic Spikes|[from] move: Defog|[of] p2a: gay latina\n|move|p1a: Forretress|Stealth Rock|p2a: gay latina\n|-sidestart|p2: msanal|move: Stealth Rock\n|\n|upkeep\n|turn|28\n|\n|t:|1700669324\n|move|p2a: gay latina|Earthquake|p1a: Forretress\n|-damage|p1a: Forretress|0 fnt\n|faint|p1a: Forretress\n|\n|upkeep\n|\n|t:|1700669334\n|switch|p1a: Pheromosa|Pheromosa, shiny|100\/100\n|turn|29\n|\n|t:|1700669340\n|switch|p2a: THE MAW!!!|Mawile, F, shiny|100\/100\n|-damage|p2a: THE MAW!!!|94\/100|[from] Stealth Rock\n|-ability|p2a: THE MAW!!!|Intimidate|boost\n|-unboost|p1a: Pheromosa|atk|1\n|move|p1a: Pheromosa|Ice Beam|p2a: THE MAW!!!\n|-resisted|p2a: THE MAW!!!\n|-damage|p2a: THE MAW!!!|54\/100\n|\n|upkeep\n|turn|30\n|\n|t:|1700669360\n|detailschange|p2a: THE MAW!!!|Mawile-Mega, F, shiny\n|-mega|p2a: THE MAW!!!|Mawile|Mawilite\n|move|p1a: Pheromosa|Ice Beam|p2a: THE MAW!!!\n|-resisted|p2a: THE MAW!!!\n|-crit|p2a: THE MAW!!!\n|-damage|p2a: THE MAW!!!|11\/100\n|move|p2a: THE MAW!!!|Swords Dance|p2a: THE MAW!!!\n|-boost|p2a: THE MAW!!!|atk|2\n|\n|upkeep\n|turn|31\n|\n|t:|1700669369\n|move|p2a: THE MAW!!!|Sucker Punch|p1a: Pheromosa\n|-resisted|p1a: Pheromosa\n|-enditem|p1a: Pheromosa|Focus Sash\n|-damage|p1a: Pheromosa|1\/100\n|move|p1a: Pheromosa|Bug Buzz|p2a: THE MAW!!!\n|-resisted|p2a: THE MAW!!!\n|-damage|p2a: THE MAW!!!|0 fnt\n|faint|p2a: THE MAW!!!\n|-ability|p1a: Pheromosa|Beast Boost|boost\n|-boost|p1a: Pheromosa|spa|1\n|\n|upkeep\n|\n|t:|1700669376\n|switch|p2a: gay latina|Giratina-Origin, shiny|76\/100\n|-damage|p2a: gay latina|64\/100|[from] Stealth Rock\n|turn|32\n|\n|t:|1700669381\n|move|p2a: gay latina|Shadow Sneak|p1a: Pheromosa\n|-damage|p1a: Pheromosa|0 fnt\n|faint|p1a: Pheromosa\n|\n|upkeep\n|\n|t:|1700669388\n|switch|p1a: Eternatus|Eternatus, tera:Ground|100\/100\n|-ability|p1a: Eternatus|Pressure\n|turn|33\n|\n|t:|1700669394\n|move|p1a: Eternatus|Dynamax Cannon|p2a: gay latina\n|-supereffective|p2a: gay latina\n|-damage|p2a: gay latina|0 fnt\n|faint|p2a: gay latina\n|\n|upkeep\n|\n|t:|1700669398\n|switch|p2a: mooth moommy|Frosmoth, F|100\/100\n|-damage|p2a: mooth moommy|51\/100|[from] Stealth Rock\n|turn|34\n|\n|t:|1700669405\n|move|p1a: Eternatus|Dynamax Cannon|p2a: mooth moommy\n|-damage|p2a: mooth moommy|16\/100\n|move|p2a: mooth moommy|Quiver Dance|p2a: mooth moommy\n|-boost|p2a: mooth moommy|spa|1\n|-boost|p2a: mooth moommy|spd|1\n|-boost|p2a: mooth moommy|spe|1\n|\n|-heal|p2a: mooth moommy|22\/100|[from] item: Leftovers\n|upkeep\n|turn|35\n|\n|t:|1700669415\n|move|p1a: Eternatus|Dynamax Cannon|p2a: mooth moommy\n|-damage|p2a: mooth moommy|2\/100\n|move|p2a: mooth moommy|Ice Beam|p1a: Eternatus\n|-supereffective|p1a: Eternatus\n|-damage|p1a: Eternatus|0 fnt\n|faint|p1a: Eternatus\n|\n|-heal|p2a: mooth moommy|8\/100|[from] item: Leftovers\n|upkeep\n|\n|t:|1700669424\n|switch|p1a: Lopunny|Lopunny, F, shiny|100\/100\n|turn|36\n|c|\u2606msanal|im okay lol\n|\n|t:|1700669447\n|detailschange|p1a: Lopunny|Lopunny-Mega, F, shiny\n|-mega|p1a: Lopunny|Lopunny|Lopunnite\n|move|p1a: Lopunny|Fake Out|p2a: mooth moommy\n|-damage|p2a: mooth moommy|0 fnt\n|faint|p2a: mooth moommy\n|\n|upkeep\n|\n|t:|1700669452\n|switch|p2a: genshin player|Zoroark-Hisui, M|88\/100\n|-damage|p2a: genshin player|76\/100|[from] Stealth Rock\n|turn|37\n|\n|t:|1700669459\n|move|p1a: Lopunny|Drain Punch|p2a: genshin player\n|-supereffective|p2a: genshin player\n|-damage|p2a: genshin player|0 fnt\n|faint|p2a: genshin player\n|\n|win|JustMonika_CARR\n|raw|JustMonika_CARR's rating: 1277 &rarr; <strong>1308<\/strong><br \/>(+31 for winning)\n|raw|msanal's rating: 1358 &rarr; <strong>1333<\/strong><br \/>(-25 for losing)\n|c|\u2606JustMonika_CARR|gg\n|c|\u2606msanal|gg\n","uploadtime":1700669468,"views":1,"p1id":"justmonikacarr","p2id":"msanal","formatid":"gen9nationaldexubers","rating":1308,"private":0,"password":""}