{"id":"gen9nationaldexubers-1987551061","p1":"Hugolem05","p2":"lassatsukyu","format":"[Gen 9] National Dex Ubers","log":"|j|\u2606Hugolem05\n|j|\u2606lassatsukyu\n|t:|1699610697\n|gametype|singles\n|player|p1|Hugolem05|1|1000\n|player|p2|lassatsukyu|ingo|1000\n|teamsize|p1|6\n|teamsize|p2|6\n|gen|9\n|tier|[Gen 9] National Dex Ubers\n|rated|\n|rule|HP Percentage Mod: HP is shown in percentages\n|rule|Endless Battle Clause: Forcing endless battles is banned\n|rule|OHKO Clause: OHKO moves are banned\n|rule|Evasion Moves Clause: Evasion moves are banned\n|rule|Evasion Items Clause: Evasion items are banned\n|rule|Species Clause: Limit one of each Pok\u00e9mon\n|rule|Sleep Clause Mod: Limit one foe put to sleep\n|rule|Mega Rayquaza Clause: You cannot mega evolve Rayquaza\n|clearpoke\n|poke|p1|Espeon, M|\n|poke|p1|Sylveon, M|\n|poke|p1|Vaporeon, F|\n|poke|p1|Jolteon, M|\n|poke|p1|Umbreon, F|\n|poke|p1|Flareon, M|\n|poke|p2|Veluza, M|\n|poke|p2|Weezing-Galar, M|\n|poke|p2|Blissey, F|\n|poke|p2|Cinderace, M|\n|poke|p2|Great Tusk|\n|poke|p2|Hatterene, F|\n|teampreview\n|\n|t:|1699610704\n|start\n|switch|p1a: Espeon|Espeon, M|100\/100\n|switch|p2a: Weezing|Weezing-Galar, M|100\/100\n|-fieldstart|move: Misty Terrain|[from] ability: Misty Surge|[of] p2a: Weezing\n|turn|1\n|\n|t:|1699610712\n|move|p1a: Espeon|Light Screen|p1a: Espeon\n|-sidestart|p1: Hugolem05|move: Light Screen\n|move|p2a: Weezing|Clear Smog|p1a: Espeon\n|-damage|p1a: Espeon|87\/100\n|-clearboost|p1a: Espeon\n|\n|upkeep\n|turn|2\n|\n|t:|1699610719\n|move|p1a: Espeon|Reflect|p1a: Espeon\n|-sidestart|p1: Hugolem05|Reflect\n|move|p2a: Weezing|Toxic|p1a: Espeon\n|move|p1a: Espeon|Toxic|p2a: Weezing|[from]ability: Magic Bounce\n|-immune|p2a: Weezing\n|\n|upkeep\n|turn|3\n|\n|t:|1699610726\n|move|p2a: Weezing|Toxic Spikes|p1a: Espeon\n|move|p1a: Espeon|Toxic Spikes|p2a: Weezing|[from]ability: Magic Bounce\n|-sidestart|p2: lassatsukyu|move: Toxic Spikes\n|move|p1a: Espeon|Roar|p2a: Weezing\n|drag|p2a: Veluza|Veluza, M|100\/100\n|-ability|p2a: Veluza|Mold Breaker\n|\n|upkeep\n|turn|4\n|\n|t:|1699610744\n|switch|p1a: Jolteon|Jolteon, M|100\/100\n|move|p2a: Veluza|Psychic Fangs|p1a: Jolteon\n|-sideend|p1: Hugolem05|Reflect\n|-sideend|p1: Hugolem05|move: Light Screen\n|-damage|p1a: Jolteon|25\/100\n|\n|upkeep\n|turn|5\n|\n|t:|1699610754\n|move|p1a: Jolteon|Signal Beam|p2a: Veluza\n|-supereffective|p2a: Veluza\n|-damage|p2a: Veluza|28\/100\n|move|p2a: Veluza|Aqua Cutter|p1a: Jolteon\n|-damage|p1a: Jolteon|0 fnt\n|faint|p1a: Jolteon\n|\n|-fieldend|Misty Terrain\n|upkeep\n|\n|t:|1699610769\n|switch|p1a: Umbreon|Umbreon, F|100\/100\n|turn|6\n|\n|t:|1699610774\n|move|p2a: Veluza|Waterfall|p1a: Umbreon\n|-damage|p1a: Umbreon|73\/100\n|move|p1a: Umbreon|Toxic|p2a: Veluza\n|-status|p2a: Veluza|tox\n|\n|-heal|p1a: Umbreon|79\/100|[from] item: Leftovers\n|-damage|p2a: Veluza|22\/100 tox|[from] psn\n|upkeep\n|turn|7\n|\n|t:|1699610789\n|-terastallize|p2a: Veluza|Water\n|move|p1a: Umbreon|Protect|p1a: Umbreon\n|-singleturn|p1a: Umbreon|Protect\n|move|p2a: Veluza|Psychic Fangs|p1a: Umbreon\n|-activate|p1a: Umbreon|move: Protect\n|\n|-heal|p1a: Umbreon|85\/100|[from] item: Leftovers\n|-damage|p2a: Veluza|10\/100 tox|[from] psn\n|upkeep\n|turn|8\n|\n|t:|1699610801\n|move|p2a: Veluza|Psychic Fangs|p1a: Umbreon\n|-immune|p1a: Umbreon\n|move|p1a: Umbreon|Wish|p1a: Umbreon\n|\n|-heal|p1a: Umbreon|91\/100|[from] item: Leftovers\n|-damage|p2a: Veluza|0 fnt|[from] psn\n|faint|p2a: Veluza\n|upkeep\n|\n|t:|1699610810\n|switch|p2a: Weezing|Weezing-Galar, M|100\/100\n|-sideend|p2: lassatsukyu|move: Toxic Spikes|[of] p2a: Weezing\n|-fieldstart|move: Misty Terrain|[from] ability: Misty Surge|[of] p2a: Weezing\n|turn|9\n|\n|t:|1699610824\n|switch|p1a: Flareon|Flareon, M|100\/100\n|move|p2a: Weezing|Toxic Spikes|p1a: Flareon\n|-sidestart|p1: Hugolem05|move: Toxic Spikes\n|\n|upkeep\n|turn|10\n|\n|t:|1699610835\n|-terastallize|p1a: Flareon|Ground\n|move|p1a: Flareon|Dig||[still]\n|-prepare|p1a: Flareon|Dig\n|move|p2a: Weezing|Toxic|p1a: Flareon\n|-status|p1a: Flareon|tox\n|\n|-damage|p1a: Flareon|95\/100 tox|[from] psn\n|upkeep\n|turn|11\n|\n|t:|1699610846\n|switch|p2a: Great Tusk|Great Tusk|100\/100\n|move|p1a: Flareon|Dig|p2a: Great Tusk|[from]lockedmove\n|-damage|p2a: Great Tusk|49\/100\n|-damage|p1a: Flareon|78\/100 tox|[from] item: Rocky Helmet|[of] p2a: Great Tusk\n|\n|-damage|p1a: Flareon|66\/100 tox|[from] psn\n|upkeep\n|turn|12\n|\n|t:|1699610857\n|move|p2a: Great Tusk|Sunny Day|p2a: Great Tusk\n|-weather|SunnyDay\n|-activate|p2a: Great Tusk|ability: Protosynthesis\n|-start|p2a: Great Tusk|protosynthesisatk\n|move|p1a: Flareon|Facade|p2a: Great Tusk\n|-damage|p2a: Great Tusk|0 fnt\n|-damage|p1a: Flareon|50\/100 tox|[from] item: Rocky Helmet|[of] p2a: Great Tusk\n|faint|p2a: Great Tusk\n|-end|p2a: Great Tusk|Protosynthesis|[silent]\n|\n|-weather|SunnyDay|[upkeep]\n|-damage|p1a: Flareon|32\/100 tox|[from] psn\n|upkeep\n|\n|t:|1699610870\n|switch|p2a: Cinderace|Cinderace, M|100\/100\n|turn|13\n|\n|t:|1699610876\n|move|p2a: Cinderace|Facade|p1a: Flareon\n|-damage|p1a: Flareon|0 fnt\n|faint|p1a: Flareon\n|\n|-weather|SunnyDay|[upkeep]\n|-fieldend|Misty Terrain\n|upkeep\n|\n|t:|1699610885\n|switch|p1a: Sylveon|Sylveon, M|100\/100\n|-status|p1a: Sylveon|psn\n|turn|14\n|\n|t:|1699610893\n|move|p2a: Cinderace|Flamethrower|p1a: Sylveon\n|-damage|p1a: Sylveon|77\/100 psn\n|move|p1a: Sylveon|Return|p2a: Cinderace\n|-resisted|p2a: Cinderace\n|-damage|p2a: Cinderace|69\/100\n|\n|-weather|SunnyDay|[upkeep]\n|-heal|p2a: Cinderace|75\/100|[from] item: Leftovers\n|-damage|p1a: Sylveon|65\/100 psn|[from] psn\n|upkeep\n|turn|15\n|\n|t:|1699610905\n|move|p2a: Cinderace|Fire Fang|p1a: Sylveon\n|-damage|p1a: Sylveon|10\/100 psn\n|-damage|p2a: Cinderace|58\/100|[from] item: Rocky Helmet|[of] p1a: Sylveon\n|move|p1a: Sylveon|Heal Bell|p1a: Sylveon\n|-activate|p1a: Sylveon|move: Heal Bell\n|-curestatus|p1a: Sylveon|psn|[msg]\n|\n|-weather|SunnyDay|[upkeep]\n|-heal|p2a: Cinderace|64\/100|[from] item: Leftovers\n|upkeep\n|turn|16\n|\n|t:|1699610919\n|move|p1a: Sylveon|Quick Attack|p2a: Cinderace\n|-resisted|p2a: Cinderace\n|-damage|p2a: Cinderace|51\/100\n|move|p2a: Cinderace|Flamethrower|p1a: Sylveon\n|-damage|p1a: Sylveon|0 fnt\n|faint|p1a: Sylveon\n|\n|-weather|none\n|-heal|p2a: Cinderace|57\/100|[from] item: Leftovers\n|upkeep\n|\n|t:|1699610928\n|switch|p1a: Espeon|Espeon, M|87\/100\n|-status|p1a: Espeon|psn\n|turn|17\n|\n|t:|1699610935\n|move|p2a: Cinderace|Fire Fang|p1a: Espeon\n|-damage|p1a: Espeon|39\/100 psn\n|move|p1a: Espeon|Rain Dance|p1a: Espeon\n|-weather|RainDance\n|\n|-weather|RainDance|[upkeep]\n|-heal|p2a: Cinderace|63\/100|[from] item: Leftovers\n|-damage|p1a: Espeon|26\/100 psn|[from] psn\n|upkeep\n|turn|18\n|\n|t:|1699610947\n|switch|p2a: Hatterene|Hatterene, F|100\/100\n|move|p1a: Espeon|Roar|p2a: Hatterene\n|drag|p2a: Weezing|Weezing-Galar, M|100\/100\n|-fieldstart|move: Misty Terrain|[from] ability: Misty Surge|[of] p2a: Weezing\n|\n|-weather|RainDance|[upkeep]\n|-damage|p1a: Espeon|14\/100 psn|[from] psn\n|upkeep\n|turn|19\n|\n|t:|1699610960\n|move|p1a: Espeon|Light Screen|p1a: Espeon\n|-sidestart|p1: Hugolem05|move: Light Screen\n|move|p2a: Weezing|Clear Smog|p1a: Espeon\n|-damage|p1a: Espeon|0 fnt\n|-clearboost|p1a: Espeon\n|faint|p1a: Espeon\n|\n|-weather|RainDance|[upkeep]\n|upkeep\n|\n|t:|1699610968\n|switch|p1a: Vaporeon|Vaporeon, F|100\/100\n|turn|20\n|\n|t:|1699610979\n|move|p1a: Vaporeon|Scald|p2a: Weezing\n|-damage|p2a: Weezing|0 fnt\n|faint|p2a: Weezing\n|\n|-weather|RainDance|[upkeep]\n|upkeep\n|\n|t:|1699610987\n|switch|p2a: Blissey|Blissey, F|100\/100\n|turn|21\n|\n|t:|1699610992\n|move|p1a: Vaporeon|Toxic|p2a: Blissey\n|-activate|p2a: Blissey|move: Misty Terrain\n|move|p2a: Blissey|Heal Bell||[still]\n|-activate|p2a: Blissey|move: Heal Bell\n|-fail|p2a: Blissey\n|\n|-weather|none\n|upkeep\n|turn|22\n|\n|t:|1699611003\n|move|p1a: Vaporeon|Scald|p2a: Blissey\n|-damage|p2a: Blissey|87\/100\n|move|p2a: Blissey|Drain Punch|p1a: Vaporeon\n|-damage|p1a: Vaporeon|96\/100\n|-heal|p2a: Blissey|88\/100|[from] drain|[of] p1a: Vaporeon\n|\n|-heal|p2a: Blissey|94\/100|[from] item: Leftovers\n|-fieldend|Misty Terrain\n|upkeep\n|turn|23\n|\n|t:|1699611015\n|move|p1a: Vaporeon|Rain Dance|p1a: Vaporeon\n|-weather|RainDance\n|move|p2a: Blissey|Healing Wish|p2a: Blissey\n|faint|p2a: Blissey\n|\n|-weather|RainDance|[upkeep]\n|upkeep\n|\n|t:|1699611028\n|switch|p2a: Cinderace|Cinderace, M|63\/100\n|-heal|p2a: Cinderace|100\/100|[from] move: Healing Wish\n|turn|24\n|\n|t:|1699611037\n|move|p2a: Cinderace|Facade|p1a: Vaporeon\n|-damage|p1a: Vaporeon|73\/100\n|move|p1a: Vaporeon|Scald|p2a: Cinderace\n|-supereffective|p2a: Cinderace\n|-damage|p2a: Cinderace|0 fnt\n|faint|p2a: Cinderace\n|\n|-weather|RainDance|[upkeep]\n|upkeep\n|\n|t:|1699611048\n|switch|p2a: Hatterene|Hatterene, F|100\/100\n|turn|25\n|\n|t:|1699611085\n|move|p1a: Vaporeon|Scald|p2a: Hatterene\n|-damage|p2a: Hatterene|26\/100\n|move|p2a: Hatterene|Draining Kiss|p1a: Vaporeon\n|-damage|p1a: Vaporeon|61\/100\n|-heal|p2a: Hatterene|42\/100|[from] drain|[of] p1a: Vaporeon\n|\n|-weather|RainDance|[upkeep]\n|-heal|p2a: Hatterene|49\/100|[from] item: Leftovers\n|upkeep\n|turn|26\n|\n|t:|1699611096\n|move|p1a: Vaporeon|Rest|p1a: Vaporeon\n|-status|p1a: Vaporeon|slp|[from] move: Rest\n|-heal|p1a: Vaporeon|100\/100 slp|[silent]\n|move|p2a: Hatterene|Substitute|p2a: Hatterene\n|-start|p2a: Hatterene|Substitute\n|-damage|p2a: Hatterene|24\/100\n|\n|-weather|RainDance|[upkeep]\n|-activate|p1a: Vaporeon|ability: Hydration\n|-curestatus|p1a: Vaporeon|slp|[msg]\n|-heal|p2a: Hatterene|30\/100|[from] item: Leftovers\n|-sideend|p1: Hugolem05|move: Light Screen\n|upkeep\n|turn|27\n|\n|t:|1699611109\n|move|p1a: Vaporeon|Scald|p2a: Hatterene\n|-end|p2a: Hatterene|Substitute\n|move|p2a: Hatterene|Draining Kiss|p1a: Vaporeon\n|-damage|p1a: Vaporeon|77\/100\n|-heal|p2a: Hatterene|62\/100|[from] drain|[of] p1a: Vaporeon\n|\n|-weather|none\n|-heal|p2a: Hatterene|68\/100|[from] item: Leftovers\n|upkeep\n|turn|28\n|inactive|Battle timer is ON: inactive players will automatically lose when time's up. (requested by Hugolem05)\n|\n|t:|1699611201\n|move|p1a: Vaporeon|Scald|p2a: Hatterene\n|-damage|p2a: Hatterene|17\/100\n|move|p2a: Hatterene|Healing Wish||[still]\n|-fail|p2a: Hatterene\n|\n|-heal|p2a: Hatterene|24\/100|[from] item: Leftovers\n|upkeep\n|turn|29\n|\n|t:|1699611210\n|move|p1a: Vaporeon|Scald|p2a: Hatterene\n|-damage|p2a: Hatterene|0 fnt\n|faint|p2a: Hatterene\n|\n|win|Hugolem05\n|raw|Hugolem05's rating: 1000 &rarr; <strong>1040<\/strong><br \/>(+40 for winning)\n|raw|lassatsukyu's rating: 1000 &rarr; <strong>1000<\/strong><br \/>(+0 for losing)\n|c|\u2606Hugolem05|gg\n|l|\u2606Hugolem05\n","uploadtime":1699611279,"views":6,"p1id":"hugolem05","p2id":"lassatsukyu","formatid":"gen9nationaldexubers","rating":1000,"private":0,"password":""}