{"id":"gen9nationaldexubers-1983023935","p1":"MiraGraves","p2":"Flames98765","format":"[Gen 9] National Dex Ubers","log":"|j|\u2606MiraGraves\n|j|\u2606Flames98765\n|t:|1699071494\n|gametype|singles\n|player|p1|MiraGraves|psychicf-gen4|\n|player|p2|Flames98765|jasmine|\n|teamsize|p1|6\n|teamsize|p2|6\n|gen|9\n|tier|[Gen 9] National Dex Ubers\n|rule|HP Percentage Mod: HP is shown in percentages\n|rule|Endless Battle Clause: Forcing endless battles is banned\n|rule|OHKO Clause: OHKO moves are banned\n|rule|Evasion Moves Clause: Evasion moves are banned\n|rule|Evasion Items Clause: Evasion items are banned\n|rule|Species Clause: Limit one of each Pok\u00e9mon\n|rule|Sleep Clause Mod: Limit one foe put to sleep\n|rule|Mega Rayquaza Clause: You cannot mega evolve Rayquaza\n|clearpoke\n|poke|p1|Ninetales-Alola, M|\n|poke|p1|Magearna|\n|poke|p1|Baxcalibur, M|\n|poke|p1|Heatran, M|\n|poke|p1|Victini|\n|poke|p1|Landorus-Therian, M|\n|poke|p2|Tapu Koko|\n|poke|p2|Leavanny, M|\n|poke|p2|Xurkitree|\n|poke|p2|Serperior, F|\n|poke|p2|Kartana|\n|poke|p2|Zekrom|\n|teampreview\n|c|\u2606Flames98765|I have more teams if you wanna fight something else\n|c|\u2606Flames98765|such as the tailwind one\n|c|\u2606MiraGraves|Oh an even faster death \u2620\ufe0f\n|\n|t:|1699071546\n|start\n|switch|p1a: Ninetales|Ninetales-Alola, M|100\/100\n|switch|p2a: Zekrom|Zekrom|100\/100\n|-weather|Snow|[from] ability: Snow Warning|[of] p1a: Ninetales\n|-ability|p2a: Zekrom|Teravolt\n|turn|1\n|c|\u2606Flames98765|nah the tailwind one needs to sweep or it dies\n|\n|t:|1699071558\n|move|p1a: Ninetales|Moonblast|p2a: Zekrom\n|-supereffective|p2a: Zekrom\n|-damage|p2a: Zekrom|38\/100\n|move|p2a: Zekrom|Bolt Strike|p1a: Ninetales\n|-damage|p1a: Ninetales|17\/100\n|\n|-weather|Snow|[upkeep]\n|upkeep\n|turn|2\n|\n|t:|1699071578\n|move|p1a: Ninetales|Moonblast|p2a: Zekrom\n|-supereffective|p2a: Zekrom\n|-damage|p2a: Zekrom|0 fnt\n|faint|p2a: Zekrom\n|\n|-weather|Snow|[upkeep]\n|upkeep\n|\n|t:|1699071586\n|switch|p2a: Tapu Koko|Tapu Koko|100\/100\n|-fieldstart|move: Electric Terrain|[from] ability: Electric Surge|[of] p2a: Tapu Koko\n|turn|3\n|\n|t:|1699071597\n|switch|p1a: Heatran|Heatran, M|100\/100\n|-item|p1a: Heatran|Air Balloon\n|move|p2a: Tapu Koko|Dazzling Gleam|p1a: Heatran\n|-resisted|p1a: Heatran\n|-damage|p1a: Heatran|93\/100\n|-enditem|p1a: Heatran|Air Balloon\n|\n|-weather|Snow|[upkeep]\n|upkeep\n|turn|4\n|\n|t:|1699071616\n|move|p2a: Tapu Koko|Nature's Madness|p1a: Heatran|[miss]\n|-miss|p2a: Tapu Koko|p1a: Heatran\n|move|p1a: Heatran|Stealth Rock|p2a: Tapu Koko\n|-sidestart|p2: Flames98765|move: Stealth Rock\n|\n|-weather|Snow|[upkeep]\n|upkeep\n|turn|5\n|\n|t:|1699071630\n|move|p2a: Tapu Koko|Nature's Madness|p1a: Heatran\n|-damage|p1a: Heatran|47\/100\n|move|p1a: Heatran|Earth Power|p2a: Tapu Koko\n|-supereffective|p2a: Tapu Koko\n|-damage|p2a: Tapu Koko|31\/100\n|\n|-weather|Snow|[upkeep]\n|upkeep\n|turn|6\n|\n|t:|1699071662\n|move|p2a: Tapu Koko|Thunderbolt|p1a: Heatran\n|-damage|p1a: Heatran|5\/100\n|-status|p1a: Heatran|par\n|move|p1a: Heatran|Magma Storm|p2a: Tapu Koko\n|-damage|p2a: Tapu Koko|0 fnt\n|faint|p2a: Tapu Koko\n|\n|-weather|Snow|[upkeep]\n|upkeep\n|c|\u2606MiraGraves|I'm still losing this...\n|\n|t:|1699071709\n|switch|p2a: Kartana|Kartana|100\/100\n|-damage|p2a: Kartana|94\/100|[from] Stealth Rock\n|-enditem|p2a: Kartana|Electric Seed\n|-boost|p2a: Kartana|def|1|[from] item: Electric Seed\n|turn|7\n|\n|t:|1699071723\n|switch|p1a: Landorus|Landorus-Therian, M|100\/100\n|-ability|p1a: Landorus|Intimidate|boost\n|-unboost|p2a: Kartana|atk|1\n|move|p2a: Kartana|Knock Off|p1a: Landorus\n|-damage|p1a: Landorus|66\/100\n|-enditem|p1a: Landorus|Heavy-Duty Boots|[from] move: Knock Off|[of] p2a: Kartana\n|\n|-weather|Snow|[upkeep]\n|-fieldend|move: Electric Terrain\n|upkeep\n|turn|8\n|\n|t:|1699071739\n|move|p2a: Kartana|Swords Dance|p2a: Kartana\n|-boost|p2a: Kartana|atk|2\n|move|p1a: Landorus|U-turn|p2a: Kartana\n|-damage|p2a: Kartana|74\/100\n|\n|t:|1699071743\n|switch|p1a: Ninetales|Ninetales-Alola, M|17\/100|[from] U-turn\n|\n|-weather|none\n|upkeep\n|turn|9\n|c|\u2606Flames98765|bad timing\n|\n|t:|1699071752\n|move|p2a: Kartana|Smart Strike|p1a: Ninetales\n|-supereffective|p1a: Ninetales\n|-damage|p1a: Ninetales|0 fnt\n|faint|p1a: Ninetales\n|-ability|p2a: Kartana|Beast Boost|boost\n|-boost|p2a: Kartana|atk|1\n|\n|upkeep\n|c|\u2606MiraGraves|Every time I lose that speed tie\n|\n|t:|1699071769\n|switch|p1a: Landorus|Landorus-Therian, M|66\/100\n|-ability|p1a: Landorus|Intimidate|boost\n|-unboost|p2a: Kartana|atk|1\n|turn|10\n|c|\u2606Flames98765|are you timid\n|\n|t:|1699071787\n|move|p2a: Kartana|Swords Dance|p2a: Kartana\n|-boost|p2a: Kartana|atk|2\n|move|p1a: Landorus|U-turn|p2a: Kartana\n|-crit|p2a: Kartana\n|-damage|p2a: Kartana|34\/100\n|\n|t:|1699071799\n|switch|p1a: Heatran|Heatran, M|5\/100 par|[from] U-turn\n|\n|upkeep\n|turn|11\n|c|\u2606Flames98765|crit hurts\n|\n|t:|1699071807\n|move|p2a: Kartana|Smart Strike|p1a: Heatran\n|-resisted|p1a: Heatran\n|-crit|p1a: Heatran\n|-damage|p1a: Heatran|0 fnt\n|faint|p1a: Heatran\n|-ability|p2a: Kartana|Beast Boost|boost\n|-boost|p2a: Kartana|atk|1\n|\n|upkeep\n|\n|t:|1699071810\n|switch|p1a: Landorus|Landorus-Therian, M|66\/100\n|-ability|p1a: Landorus|Intimidate|boost\n|-unboost|p2a: Kartana|atk|1\n|turn|12\n|\n|t:|1699071819\n|move|p2a: Kartana|Smart Strike|p1a: Landorus\n|-damage|p1a: Landorus|0 fnt\n|faint|p1a: Landorus\n|-ability|p2a: Kartana|Beast Boost|boost\n|-boost|p2a: Kartana|atk|1\n|\n|upkeep\n|c|\u2606MiraGraves|F this man\n|c|\u2606Flames98765|?\n|\n|t:|1699071831\n|switch|p1a: Magearna|Magearna|100\/100\n|turn|13\n|c|\u2606MiraGraves|Katana is so busted\n|c|\u2606Flames98765|its not\n|c|\u2606Flames98765|its special defence is paper\n|c|\u2606Flames98765|XD\n|\n|t:|1699071858\n|move|p2a: Kartana|Smart Strike|p1a: Magearna\n|-damage|p1a: Magearna|0 fnt\n|faint|p1a: Magearna\n|-ability|p2a: Kartana|Beast Boost|boost\n|-boost|p2a: Kartana|atk|1\n|\n|upkeep\n|c|\u2606Flames98765|and its hp stat\n|c|\u2606MiraGraves|I have nothing faster except+1 on bax, victini,\n|c|\u2606MiraGraves|And no defense at all\n|\n|t:|1699071904\n|switch|p1a: Victini|Victini|100\/100\n|turn|14\n|\n|t:|1699071916\n|move|p2a: Kartana|Knock Off|p1a: Victini\n|-supereffective|p1a: Victini\n|-damage|p1a: Victini|0 fnt\n|faint|p1a: Victini\n|-ability|p2a: Kartana|Beast Boost|boost\n|-boost|p2a: Kartana|atk|1\n|\n|upkeep\n|\n|t:|1699071919\n|switch|p1a: Baxcalibur|Baxcalibur, M|100\/100\n|turn|15\n|c|\u2606Flames98765|ninetails speed ties\n|\n|t:|1699071930\n|move|p1a: Baxcalibur|Ice Shard|p2a: Kartana\n|-damage|p2a: Kartana|16\/100\n|move|p2a: Kartana|Smart Strike|p1a: Baxcalibur\n|-supereffective|p1a: Baxcalibur\n|-damage|p1a: Baxcalibur|0 fnt\n|faint|p1a: Baxcalibur\n|\n|win|Flames98765\n","uploadtime":1699071941,"views":7,"p1id":"miragraves","p2id":"flames98765","formatid":"gen9nationaldexubers","rating":0,"private":0,"password":""}