{"id":"gen9nationaldexubers-1987060962","p1":"ffgtgdd","p2":"Hultygo","format":"[Gen 9] National Dex Ubers","log":"|j|\u2606ffgtgdd\n|j|\u2606Hultygo\n|t:|1699552879\n|gametype|singles\n|player|p1|ffgtgdd|winona|1148\n|player|p2|Hultygo|clown|1238\n|teamsize|p1|6\n|teamsize|p2|6\n|gen|9\n|tier|[Gen 9] National Dex Ubers\n|rated|\n|rule|HP Percentage Mod: HP is shown in percentages\n|rule|Endless Battle Clause: Forcing endless battles is banned\n|rule|OHKO Clause: OHKO moves are banned\n|rule|Evasion Moves Clause: Evasion moves are banned\n|rule|Evasion Items Clause: Evasion items are banned\n|rule|Species Clause: Limit one of each Pok\u00e9mon\n|rule|Sleep Clause Mod: Limit one foe put to sleep\n|rule|Mega Rayquaza Clause: You cannot mega evolve Rayquaza\n|clearpoke\n|poke|p1|Zygarde|\n|poke|p1|Lunala|\n|poke|p1|Groudon|\n|poke|p1|Blaziken, F|\n|poke|p1|Deoxys-Speed|\n|poke|p1|Marshadow|\n|poke|p2|Alakazam, M|\n|poke|p2|Kyogre|\n|poke|p2|Zacian-*|\n|poke|p2|Marshadow|\n|poke|p2|Flutter Mane|\n|poke|p2|Grimmsnarl, M|\n|teampreview\n|inactive|Battle timer is ON: inactive players will automatically lose when time's up. (requested by Hultygo)\n|\n|t:|1699552892\n|start\n|switch|p1a: Blaziken|Blaziken, F|100\/100\n|switch|p2a: Grimmsnarl|Grimmsnarl, M|100\/100\n|turn|1\n|\n|t:|1699552898\n|detailschange|p1a: Blaziken|Blaziken-Mega, F\n|-mega|p1a: Blaziken|Blaziken|Blazikenite\n|move|p2a: Grimmsnarl|Light Screen|p2a: Grimmsnarl\n|-sidestart|p2: Hultygo|move: Light Screen\n|move|p1a: Blaziken|Swords Dance|p1a: Blaziken\n|-boost|p1a: Blaziken|atk|2\n|\n|-ability|p1a: Blaziken|Speed Boost|boost\n|-boost|p1a: Blaziken|spe|1\n|upkeep\n|turn|2\n|\n|t:|1699552904\n|move|p2a: Grimmsnarl|Reflect|p2a: Grimmsnarl\n|-sidestart|p2: Hultygo|Reflect\n|move|p1a: Blaziken|Swords Dance|p1a: Blaziken\n|-boost|p1a: Blaziken|atk|2\n|\n|-ability|p1a: Blaziken|Speed Boost|boost\n|-boost|p1a: Blaziken|spe|1\n|upkeep\n|turn|3\n|\n|t:|1699552911\n|switch|p2a: Kyogre|Kyogre, shiny|100\/100\n|detailschange|p2a: Kyogre|Kyogre-Primal, shiny\n|-primal|p2a: Kyogre|Blue Orb\n|-weather|PrimordialSea|[from] ability: Primordial Sea|[of] p2a: Kyogre\n|move|p1a: Blaziken|Swords Dance|p1a: Blaziken\n|-boost|p1a: Blaziken|atk|2\n|\n|-weather|PrimordialSea|[upkeep]\n|-ability|p1a: Blaziken|Speed Boost|boost\n|-boost|p1a: Blaziken|spe|1\n|upkeep\n|turn|4\n|\n|t:|1699552920\n|move|p1a: Blaziken|Protect|p1a: Blaziken\n|-singleturn|p1a: Blaziken|Protect\n|move|p2a: Kyogre|Origin Pulse|p1a: Blaziken\n|-activate|p1a: Blaziken|move: Protect\n|\n|-weather|PrimordialSea|[upkeep]\n|-ability|p1a: Blaziken|Speed Boost|boost\n|-boost|p1a: Blaziken|spe|1\n|upkeep\n|turn|5\n|\n|t:|1699552928\n|move|p1a: Blaziken|Close Combat|p2a: Kyogre\n|-damage|p2a: Kyogre|0 fnt\n|-unboost|p1a: Blaziken|def|1\n|-unboost|p1a: Blaziken|spd|1\n|faint|p2a: Kyogre\n|-weather|none\n|\n|-ability|p1a: Blaziken|Speed Boost|boost\n|-boost|p1a: Blaziken|spe|1\n|upkeep\n|\n|t:|1699552934\n|switch|p2a: Marshadow|Marshadow|100\/100\n|turn|6\n|\n|t:|1699552941\n|move|p1a: Blaziken|Flare Blitz|p2a: Marshadow\n|-damage|p2a: Marshadow|0 fnt\n|faint|p2a: Marshadow\n|-damage|p1a: Blaziken|65\/100|[from] Recoil\n|\n|-ability|p1a: Blaziken|Speed Boost|boost\n|-boost|p1a: Blaziken|spe|1\n|upkeep\n|\n|t:|1699552947\n|switch|p2a: Zacian|Zacian-Crowned|100\/100\n|-ability|p2a: Zacian|Intrepid Sword|boost\n|-boost|p2a: Zacian|atk|1\n|turn|7\n|\n|t:|1699552954\n|move|p1a: Blaziken|Flare Blitz|p2a: Zacian\n|-supereffective|p2a: Zacian\n|-damage|p2a: Zacian|0 fnt\n|faint|p2a: Zacian\n|-damage|p1a: Blaziken|27\/100|[from] Recoil\n|\n|upkeep\n|\n|t:|1699552960\n|switch|p2a: Flutter Mane|Flutter Mane|100\/100\n|-enditem|p2a: Flutter Mane|Booster Energy\n|-activate|p2a: Flutter Mane|ability: Protosynthesis|[fromitem]\n|-start|p2a: Flutter Mane|protosynthesisspe\n|turn|8\n|\n|t:|1699552967\n|move|p1a: Blaziken|Flare Blitz|p2a: Flutter Mane\n|-damage|p2a: Flutter Mane|0 fnt\n|faint|p2a: Flutter Mane\n|-end|p2a: Flutter Mane|Protosynthesis|[silent]\n|-damage|p1a: Blaziken|0 fnt|[from] Recoil\n|faint|p1a: Blaziken\n|\n|-sideend|p2: Hultygo|move: Light Screen\n|upkeep\n|\n|t:|1699552981\n|switch|p2a: Alakazam|Alakazam, M, shiny|100\/100\n|switch|p1a: Lunala|Lunala|100\/100\n|turn|9\n|\n|t:|1699552987\n|detailschange|p2a: Alakazam|Alakazam-Mega, M, shiny\n|-mega|p2a: Alakazam|Alakazam|Alakazite\n|-ability|p2a: Alakazam|Shadow Shield|[from] ability: Trace|[of] p1a: Lunala\n|move|p2a: Alakazam|Shadow Ball|p1a: Lunala\n|-supereffective|p1a: Lunala\n|-damage|p1a: Lunala|52\/100\n|move|p1a: Lunala|Calm Mind|p1a: Lunala\n|-boost|p1a: Lunala|spa|1\n|-boost|p1a: Lunala|spd|1\n|\n|-sideend|p2: Hultygo|Reflect\n|upkeep\n|turn|10\n|\n|t:|1699552997\n|move|p2a: Alakazam|Shadow Ball|p1a: Lunala\n|-supereffective|p1a: Lunala\n|-damage|p1a: Lunala|0 fnt\n|faint|p1a: Lunala\n|\n|upkeep\n|\n|t:|1699553007\n|switch|p1a: Groudon|Groudon|100\/100\n|-weather|SunnyDay|[from] ability: Drought|[of] p1a: Groudon\n|turn|11\n|\n|t:|1699553014\n|move|p2a: Alakazam|Psychic|p1a: Groudon\n|-damage|p1a: Groudon|43\/100\n|move|p1a: Groudon|Precipice Blades|p2a: Alakazam\n|-damage|p2a: Alakazam|49\/100\n|\n|-weather|SunnyDay|[upkeep]\n|-heal|p1a: Groudon|49\/100|[from] item: Leftovers\n|upkeep\n|turn|12\n|\n|t:|1699553025\n|move|p1a: Groudon|Protect|p1a: Groudon\n|-singleturn|p1a: Groudon|Protect\n|move|p2a: Alakazam|Psychic|p1a: Groudon\n|-activate|p1a: Groudon|move: Protect\n|\n|-weather|SunnyDay|[upkeep]\n|-heal|p1a: Groudon|55\/100|[from] item: Leftovers\n|upkeep\n|turn|13\n|\n|t:|1699553033\n|move|p2a: Alakazam|Psychic|p1a: Groudon\n|-damage|p1a: Groudon|4\/100\n|-unboost|p1a: Groudon|spd|1\n|move|p1a: Groudon|Precipice Blades|p2a: Alakazam\n|-damage|p2a: Alakazam|0 fnt\n|faint|p2a: Alakazam\n|\n|-weather|SunnyDay|[upkeep]\n|-heal|p1a: Groudon|11\/100|[from] item: Leftovers\n|upkeep\n|\n|t:|1699553040\n|switch|p2a: Grimmsnarl|Grimmsnarl, M|100\/100\n|turn|14\n|\n|t:|1699553048\n|switch|p1a: Zygarde|Zygarde|100\/100\n|move|p2a: Grimmsnarl|Parting Shot|p1a: Zygarde\n|-unboost|p1a: Zygarde|atk|1\n|-unboost|p1a: Zygarde|spa|1\n|\n|-weather|SunnyDay|[upkeep]\n|upkeep\n|turn|15\n|\n|t:|1699553056\n|move|p2a: Grimmsnarl|Parting Shot|p1a: Zygarde\n|-unboost|p1a: Zygarde|atk|1\n|-unboost|p1a: Zygarde|spa|1\n|move|p1a: Zygarde|Dragon Dance|p1a: Zygarde\n|-boost|p1a: Zygarde|atk|1\n|-boost|p1a: Zygarde|spe|1\n|\n|-weather|none\n|upkeep\n|turn|16\n|\n|t:|1699553063\n|move|p2a: Grimmsnarl|Parting Shot|p1a: Zygarde\n|-unboost|p1a: Zygarde|atk|1\n|-unboost|p1a: Zygarde|spa|1\n|move|p1a: Zygarde|Dragon Dance|p1a: Zygarde\n|-boost|p1a: Zygarde|atk|1\n|-boost|p1a: Zygarde|spe|1\n|\n|upkeep\n|turn|17\n|\n|t:|1699553066\n|move|p2a: Grimmsnarl|Parting Shot|p1a: Zygarde\n|-unboost|p1a: Zygarde|atk|1\n|-unboost|p1a: Zygarde|spa|1\n|move|p1a: Zygarde|Dragon Dance|p1a: Zygarde\n|-boost|p1a: Zygarde|atk|1\n|-boost|p1a: Zygarde|spe|1\n|\n|upkeep\n|turn|18\n|\n|t:|1699553069\n|move|p2a: Grimmsnarl|Parting Shot|p1a: Zygarde\n|-unboost|p1a: Zygarde|atk|1\n|-unboost|p1a: Zygarde|spa|1\n|move|p1a: Zygarde|Dragon Dance|p1a: Zygarde\n|-boost|p1a: Zygarde|atk|1\n|-boost|p1a: Zygarde|spe|1\n|\n|upkeep\n|turn|19\n|\n|t:|1699553071\n|move|p2a: Grimmsnarl|Parting Shot|p1a: Zygarde\n|-unboost|p1a: Zygarde|atk|1\n|-unboost|p1a: Zygarde|spa|1\n|move|p1a: Zygarde|Dragon Dance|p1a: Zygarde\n|-boost|p1a: Zygarde|atk|1\n|-boost|p1a: Zygarde|spe|1\n|\n|upkeep\n|turn|20\n|\n|t:|1699553073\n|move|p2a: Grimmsnarl|Parting Shot|p1a: Zygarde\n|-unboost|p1a: Zygarde|atk|1\n|-unboost|p1a: Zygarde|spa|0\n|move|p1a: Zygarde|Dragon Dance|p1a: Zygarde\n|-boost|p1a: Zygarde|atk|1\n|-boost|p1a: Zygarde|spe|1\n|\n|upkeep\n|turn|21\n|\n|t:|1699553075\n|move|p2a: Grimmsnarl|Parting Shot|p1a: Zygarde\n|-unboost|p1a: Zygarde|atk|1\n|-unboost|p1a: Zygarde|spa|0\n|move|p1a: Zygarde|Dragon Dance|p1a: Zygarde\n|-boost|p1a: Zygarde|atk|1\n|-boost|p1a: Zygarde|spe|0\n|\n|upkeep\n|turn|22\n|\n|t:|1699553077\n|move|p2a: Grimmsnarl|Parting Shot|p1a: Zygarde\n|-unboost|p1a: Zygarde|atk|1\n|-unboost|p1a: Zygarde|spa|0\n|move|p1a: Zygarde|Dragon Dance|p1a: Zygarde\n|-boost|p1a: Zygarde|atk|1\n|-boost|p1a: Zygarde|spe|0\n|\n|upkeep\n|turn|23\n|\n|t:|1699553085\n|move|p2a: Grimmsnarl|Parting Shot|p1a: Zygarde\n|-unboost|p1a: Zygarde|atk|1\n|-unboost|p1a: Zygarde|spa|0\n|move|p1a: Zygarde|Dragon Dance|p1a: Zygarde\n|-boost|p1a: Zygarde|atk|1\n|-boost|p1a: Zygarde|spe|0\n|\n|upkeep\n|turn|24\n|\n|t:|1699553090\n|move|p2a: Grimmsnarl|Reflect|p2a: Grimmsnarl\n|-sidestart|p2: Hultygo|Reflect\n|move|p1a: Zygarde|Dragon Dance|p1a: Zygarde\n|-boost|p1a: Zygarde|atk|1\n|-boost|p1a: Zygarde|spe|0\n|\n|upkeep\n|turn|25\n|\n|t:|1699553095\n|move|p2a: Grimmsnarl|Reflect||[still]\n|-fail|p2a: Grimmsnarl\n|move|p1a: Zygarde|Dragon Dance|p1a: Zygarde\n|-boost|p1a: Zygarde|atk|1\n|-boost|p1a: Zygarde|spe|0\n|\n|upkeep\n|turn|26\n|\n|t:|1699553099\n|move|p2a: Grimmsnarl|Parting Shot|p1a: Zygarde\n|-unboost|p1a: Zygarde|atk|1\n|-unboost|p1a: Zygarde|spa|0\n|move|p1a: Zygarde|Dragon Dance|p1a: Zygarde\n|-boost|p1a: Zygarde|atk|1\n|-boost|p1a: Zygarde|spe|0\n|\n|upkeep\n|turn|27\n|\n|t:|1699553103\n|move|p2a: Grimmsnarl|Parting Shot|p1a: Zygarde\n|-unboost|p1a: Zygarde|atk|1\n|-unboost|p1a: Zygarde|spa|0\n|move|p1a: Zygarde|Dragon Dance|p1a: Zygarde\n|-boost|p1a: Zygarde|atk|1\n|-boost|p1a: Zygarde|spe|0\n|\n|upkeep\n|turn|28\n|\n|t:|1699553107\n|move|p2a: Grimmsnarl|Parting Shot|p1a: Zygarde\n|-unboost|p1a: Zygarde|atk|1\n|-unboost|p1a: Zygarde|spa|0\n|move|p1a: Zygarde|Dragon Dance|p1a: Zygarde\n|-boost|p1a: Zygarde|atk|1\n|-boost|p1a: Zygarde|spe|0\n|\n|upkeep\n|turn|29\n|\n|t:|1699553109\n|move|p2a: Grimmsnarl|Taunt|p1a: Zygarde\n|-start|p1a: Zygarde|move: Taunt\n|cant|p1a: Zygarde|move: Taunt|Dragon Dance\n|\n|upkeep\n|turn|30\n|\n|t:|1699553128\n|switch|p1a: Deoxys|Deoxys-Speed|100\/100\n|-ability|p1a: Deoxys|Pressure\n|move|p2a: Grimmsnarl|Parting Shot|p1a: Deoxys\n|-unboost|p1a: Deoxys|atk|1\n|-unboost|p1a: Deoxys|spa|1\n|\n|upkeep\n|turn|31\n|\n|t:|1699553133\n|move|p2a: Grimmsnarl|Parting Shot|p1a: Deoxys\n|-unboost|p1a: Deoxys|atk|1\n|-unboost|p1a: Deoxys|spa|1\n|move|p1a: Deoxys|Nasty Plot|p1a: Deoxys\n|-boost|p1a: Deoxys|spa|2\n|\n|-sideend|p2: Hultygo|Reflect\n|upkeep\n|turn|32\n|\n|t:|1699553136\n|move|p2a: Grimmsnarl|Parting Shot|p1a: Deoxys\n|-unboost|p1a: Deoxys|atk|1\n|-unboost|p1a: Deoxys|spa|1\n|move|p1a: Deoxys|Nasty Plot|p1a: Deoxys\n|-boost|p1a: Deoxys|spa|2\n|\n|upkeep\n|turn|33\n|\n|t:|1699553140\n|move|p2a: Grimmsnarl|Parting Shot|p1a: Deoxys\n|-unboost|p1a: Deoxys|atk|1\n|-unboost|p1a: Deoxys|spa|1\n|move|p1a: Deoxys|Nasty Plot|p1a: Deoxys\n|-boost|p1a: Deoxys|spa|2\n|\n|upkeep\n|turn|34\n|\n|t:|1699553144\n|move|p2a: Grimmsnarl|Parting Shot|p1a: Deoxys\n|-unboost|p1a: Deoxys|atk|1\n|-unboost|p1a: Deoxys|spa|1\n|move|p1a: Deoxys|Nasty Plot|p1a: Deoxys\n|-boost|p1a: Deoxys|spa|2\n|\n|upkeep\n|turn|35\n|\n|t:|1699553147\n|move|p2a: Grimmsnarl|Parting Shot|p1a: Deoxys\n|-unboost|p1a: Deoxys|atk|1\n|-unboost|p1a: Deoxys|spa|1\n|move|p1a: Deoxys|Nasty Plot|p1a: Deoxys\n|-boost|p1a: Deoxys|spa|2\n|\n|upkeep\n|turn|36\n|\n|t:|1699553149\n|move|p2a: Grimmsnarl|Taunt|p1a: Deoxys\n|-start|p1a: Deoxys|move: Taunt\n|cant|p1a: Deoxys|move: Taunt|Nasty Plot\n|\n|upkeep\n|turn|37\n|\n|t:|1699553159\n|switch|p1a: Groudon|Groudon|11\/100\n|-weather|SunnyDay|[from] ability: Drought|[of] p1a: Groudon\n|move|p2a: Grimmsnarl|Parting Shot|p1a: Groudon\n|-unboost|p1a: Groudon|atk|1\n|-unboost|p1a: Groudon|spa|1\n|\n|-weather|SunnyDay|[upkeep]\n|-heal|p1a: Groudon|17\/100|[from] item: Leftovers\n|upkeep\n|turn|38\n|\n|t:|1699553163\n|move|p2a: Grimmsnarl|Taunt|p1a: Groudon\n|-start|p1a: Groudon|move: Taunt\n|cant|p1a: Groudon|move: Taunt|Spikes\n|\n|-weather|SunnyDay|[upkeep]\n|-heal|p1a: Groudon|23\/100|[from] item: Leftovers\n|upkeep\n|turn|39\n|\n|t:|1699553168\n|switch|p1a: Deoxys|Deoxys-Speed|100\/100\n|-ability|p1a: Deoxys|Pressure\n|move|p2a: Grimmsnarl|Parting Shot|p1a: Deoxys\n|-unboost|p1a: Deoxys|atk|1\n|-unboost|p1a: Deoxys|spa|1\n|\n|-weather|SunnyDay|[upkeep]\n|upkeep\n|turn|40\n|\n|t:|1699553176\n|move|p2a: Grimmsnarl|Taunt|p1a: Deoxys\n|-start|p1a: Deoxys|move: Taunt\n|cant|p1a: Deoxys|move: Taunt|Nasty Plot\n|\n|-weather|SunnyDay|[upkeep]\n|upkeep\n|turn|41\n|\n|t:|1699553178\n|switch|p1a: Zygarde|Zygarde|100\/100\n|move|p2a: Grimmsnarl|Parting Shot|p1a: Zygarde\n|-unboost|p1a: Zygarde|atk|1\n|-unboost|p1a: Zygarde|spa|1\n|\n|-weather|none\n|upkeep\n|turn|42\n|\n|t:|1699553181\n|switch|p1a: Marshadow|Marshadow|100\/100\n|move|p2a: Grimmsnarl|Taunt|p1a: Marshadow\n|-start|p1a: Marshadow|move: Taunt\n|\n|upkeep\n|turn|43\n|\n|t:|1699553186\n|switch|p1a: Deoxys|Deoxys-Speed|100\/100\n|-ability|p1a: Deoxys|Pressure\n|move|p2a: Grimmsnarl|Parting Shot|p1a: Deoxys\n|-unboost|p1a: Deoxys|atk|1\n|-unboost|p1a: Deoxys|spa|1\n|\n|upkeep\n|turn|44\n|\n|t:|1699553188\n|switch|p1a: Marshadow|Marshadow|100\/100\n|move|p2a: Grimmsnarl|Taunt|p1a: Marshadow\n|-start|p1a: Marshadow|move: Taunt\n|\n|upkeep\n|turn|45\n|\n|t:|1699553190\n|switch|p1a: Deoxys|Deoxys-Speed|100\/100\n|-ability|p1a: Deoxys|Pressure\n|move|p2a: Grimmsnarl|Taunt|p1a: Deoxys\n|-start|p1a: Deoxys|move: Taunt\n|\n|upkeep\n|turn|46\n|\n|t:|1699553193\n|switch|p1a: Marshadow|Marshadow|100\/100\n|move|p2a: Grimmsnarl|Taunt|p1a: Marshadow\n|-start|p1a: Marshadow|move: Taunt\n|\n|upkeep\n|turn|47\n|\n|t:|1699553195\n|switch|p1a: Deoxys|Deoxys-Speed|100\/100\n|-ability|p1a: Deoxys|Pressure\n|move|p2a: Grimmsnarl|Taunt|p1a: Deoxys\n|-start|p1a: Deoxys|move: Taunt\n|\n|upkeep\n|turn|48\n|\n|t:|1699553199\n|switch|p1a: Marshadow|Marshadow|100\/100\n|move|p2a: Grimmsnarl|Parting Shot|p1a: Marshadow\n|-unboost|p1a: Marshadow|atk|1\n|-unboost|p1a: Marshadow|spa|1\n|\n|upkeep\n|turn|49\n|\n|t:|1699553200\n|switch|p1a: Deoxys|Deoxys-Speed|100\/100\n|-ability|p1a: Deoxys|Pressure\n|move|p2a: Grimmsnarl|Taunt|p1a: Deoxys\n|-start|p1a: Deoxys|move: Taunt\n|\n|upkeep\n|turn|50\n|\n|t:|1699553202\n|switch|p1a: Marshadow|Marshadow|100\/100\n|move|p2a: Grimmsnarl|Taunt|p1a: Marshadow\n|-start|p1a: Marshadow|move: Taunt\n|\n|upkeep\n|turn|51\n|\n|t:|1699553204\n|switch|p1a: Deoxys|Deoxys-Speed|100\/100\n|-ability|p1a: Deoxys|Pressure\n|move|p2a: Grimmsnarl|Taunt|p1a: Deoxys\n|-start|p1a: Deoxys|move: Taunt\n|\n|upkeep\n|turn|52\n|\n|t:|1699553206\n|switch|p1a: Marshadow|Marshadow|100\/100\n|move|p2a: Grimmsnarl|Taunt|p1a: Marshadow\n|-start|p1a: Marshadow|move: Taunt\n|\n|upkeep\n|turn|53\n|\n|t:|1699553208\n|switch|p1a: Deoxys|Deoxys-Speed|100\/100\n|-ability|p1a: Deoxys|Pressure\n|move|p2a: Grimmsnarl|Taunt|p1a: Deoxys\n|-start|p1a: Deoxys|move: Taunt\n|\n|upkeep\n|turn|54\n|\n|t:|1699553209\n|switch|p1a: Marshadow|Marshadow|100\/100\n|move|p2a: Grimmsnarl|Taunt|p1a: Marshadow\n|-start|p1a: Marshadow|move: Taunt\n|\n|upkeep\n|turn|55\n|\n|t:|1699553211\n|switch|p1a: Deoxys|Deoxys-Speed|100\/100\n|-ability|p1a: Deoxys|Pressure\n|move|p2a: Grimmsnarl|Taunt|p1a: Deoxys\n|-start|p1a: Deoxys|move: Taunt\n|\n|upkeep\n|turn|56\n|\n|t:|1699553212\n|switch|p1a: Marshadow|Marshadow|100\/100\n|move|p2a: Grimmsnarl|Taunt|p1a: Marshadow\n|-start|p1a: Marshadow|move: Taunt\n|\n|upkeep\n|turn|57\n|\n|t:|1699553233\n|switch|p1a: Deoxys|Deoxys-Speed|100\/100\n|-ability|p1a: Deoxys|Pressure\n|move|p2a: Grimmsnarl|Taunt|p1a: Deoxys\n|-start|p1a: Deoxys|move: Taunt\n|\n|upkeep\n|turn|58\n|c|\u2606Hultygo|I'm giving up\n|\n|t:|1699553239\n|switch|p1a: Marshadow|Marshadow|100\/100\n|move|p2a: Grimmsnarl|Taunt|p1a: Marshadow\n|-start|p1a: Marshadow|move: Taunt\n|\n|upkeep\n|turn|59\n|\n|t:|1699553241\n|switch|p1a: Deoxys|Deoxys-Speed|100\/100\n|-ability|p1a: Deoxys|Pressure\n|move|p2a: Grimmsnarl|Taunt|p1a: Deoxys\n|-start|p1a: Deoxys|move: Taunt\n|\n|upkeep\n|turn|60\n|\n|t:|1699553243\n|switch|p1a: Marshadow|Marshadow|100\/100\n|move|p2a: Grimmsnarl|Taunt|p1a: Marshadow\n|-start|p1a: Marshadow|move: Taunt\n|\n|upkeep\n|turn|61\n|\n|t:|1699553248\n|switch|p1a: Deoxys|Deoxys-Speed|100\/100\n|-ability|p1a: Deoxys|Pressure\n|move|p2a: Grimmsnarl|Taunt|p1a: Deoxys\n|-start|p1a: Deoxys|move: Taunt\n|\n|upkeep\n|turn|62\n|\n|t:|1699553254\n|switch|p1a: Marshadow|Marshadow|100\/100\n|move|p2a: Grimmsnarl|Reflect|p2a: Grimmsnarl\n|-sidestart|p2: Hultygo|Reflect\n|\n|upkeep\n|turn|63\n|\n|t:|1699553257\n|switch|p1a: Deoxys|Deoxys-Speed|100\/100\n|-ability|p1a: Deoxys|Pressure\n|move|p2a: Grimmsnarl|Light Screen|p2a: Grimmsnarl\n|-sidestart|p2: Hultygo|move: Light Screen\n|\n|upkeep\n|turn|64\n|\n|t:|1699553262\n|switch|p1a: Marshadow|Marshadow|100\/100\n|move|p2a: Grimmsnarl|Reflect||[still]\n|-fail|p2a: Grimmsnarl\n|\n|upkeep\n|turn|65\n|\n|t:|1699553266\n|switch|p1a: Deoxys|Deoxys-Speed|100\/100\n|-ability|p1a: Deoxys|Pressure\n|move|p2a: Grimmsnarl|Reflect||[still]\n|-fail|p2a: Grimmsnarl\n|\n|upkeep\n|turn|66\n|\n|t:|1699553270\n|switch|p1a: Marshadow|Marshadow|100\/100\n|move|p2a: Grimmsnarl|Light Screen||[still]\n|-fail|p2a: Grimmsnarl\n|\n|upkeep\n|turn|67\n|\n|t:|1699553274\n|switch|p1a: Deoxys|Deoxys-Speed|100\/100\n|-ability|p1a: Deoxys|Pressure\n|move|p2a: Grimmsnarl|Light Screen||[still]\n|-fail|p2a: Grimmsnarl\n|\n|upkeep\n|turn|68\n|\n|t:|1699553277\n|switch|p1a: Marshadow|Marshadow|100\/100\n|move|p2a: Grimmsnarl|Light Screen||[still]\n|-fail|p2a: Grimmsnarl\n|\n|upkeep\n|turn|69\n|\n|t:|1699553281\n|switch|p1a: Deoxys|Deoxys-Speed|100\/100\n|-ability|p1a: Deoxys|Pressure\n|move|p2a: Grimmsnarl|Reflect||[still]\n|-fail|p2a: Grimmsnarl\n|\n|-sideend|p2: Hultygo|Reflect\n|upkeep\n|turn|70\n|\n|t:|1699553283\n|switch|p1a: Marshadow|Marshadow|100\/100\n|move|p2a: Grimmsnarl|Light Screen||[still]\n|-fail|p2a: Grimmsnarl\n|\n|-sideend|p2: Hultygo|move: Light Screen\n|upkeep\n|turn|71\n|\n|t:|1699553301\n|switch|p1a: Deoxys|Deoxys-Speed|100\/100\n|-ability|p1a: Deoxys|Pressure\n|move|p2a: Grimmsnarl|Reflect|p2a: Grimmsnarl\n|-sidestart|p2: Hultygo|Reflect\n|\n|upkeep\n|turn|72\n|\n|t:|1699553306\n|switch|p1a: Marshadow|Marshadow|100\/100\n|move|p2a: Grimmsnarl|Light Screen|p2a: Grimmsnarl\n|-sidestart|p2: Hultygo|move: Light Screen\n|\n|upkeep\n|turn|73\n|\n|t:|1699553310\n|move|p2a: Grimmsnarl|Light Screen||[still]\n|-fail|p2a: Grimmsnarl\n|-zpower|p1a: Marshadow\n|move|p1a: Marshadow|Soul-Stealing 7-Star Strike|p2a: Grimmsnarl|[zeffect]\n|-resisted|p2a: Grimmsnarl\n|-damage|p2a: Grimmsnarl|75\/100\n|\n|upkeep\n|turn|74\n|\n|t:|1699553327\n|switch|p1a: Zygarde|Zygarde|100\/100\n|move|p2a: Grimmsnarl|Reflect||[still]\n|-fail|p2a: Grimmsnarl\n|\n|upkeep\n|turn|75\n|\n|t:|1699553333\n|move|p2a: Grimmsnarl|Reflect||[still]\n|-fail|p2a: Grimmsnarl\n|move|p1a: Zygarde|Dragon Dance|p1a: Zygarde\n|-boost|p1a: Zygarde|atk|1\n|-boost|p1a: Zygarde|spe|1\n|\n|upkeep\n|turn|76\n|\n|t:|1699553335\n|move|p2a: Grimmsnarl|Light Screen||[still]\n|-fail|p2a: Grimmsnarl\n|move|p1a: Zygarde|Dragon Dance|p1a: Zygarde\n|-boost|p1a: Zygarde|atk|1\n|-boost|p1a: Zygarde|spe|1\n|\n|upkeep\n|turn|77\n|\n|t:|1699553337\n|move|p2a: Grimmsnarl|Reflect||[still]\n|-fail|p2a: Grimmsnarl\n|move|p1a: Zygarde|Dragon Dance|p1a: Zygarde\n|-boost|p1a: Zygarde|atk|1\n|-boost|p1a: Zygarde|spe|1\n|\n|upkeep\n|turn|78\n|\n|t:|1699553338\n|move|p2a: Grimmsnarl|Light Screen||[still]\n|-fail|p2a: Grimmsnarl\n|move|p1a: Zygarde|Dragon Dance|p1a: Zygarde\n|-boost|p1a: Zygarde|atk|1\n|-boost|p1a: Zygarde|spe|1\n|\n|-sideend|p2: Hultygo|Reflect\n|upkeep\n|turn|79\n|\n|t:|1699553339\n|move|p2a: Grimmsnarl|Reflect|p2a: Grimmsnarl\n|-sidestart|p2: Hultygo|Reflect\n|move|p1a: Zygarde|Dragon Dance|p1a: Zygarde\n|-boost|p1a: Zygarde|atk|1\n|-boost|p1a: Zygarde|spe|1\n|\n|-sideend|p2: Hultygo|move: Light Screen\n|upkeep\n|turn|80\n|\n|t:|1699553341\n|move|p2a: Grimmsnarl|Light Screen|p2a: Grimmsnarl\n|-sidestart|p2: Hultygo|move: Light Screen\n|move|p1a: Zygarde|Dragon Dance|p1a: Zygarde\n|-boost|p1a: Zygarde|atk|1\n|-boost|p1a: Zygarde|spe|1\n|\n|upkeep\n|turn|81\n|-message|ffgtgdd forfeited.\n|\n|win|Hultygo\n|raw|ffgtgdd's rating: 1148 &rarr; <strong>1129<\/strong><br \/>(-19 for losing)\n|raw|Hultygo's rating: 1238 &rarr; <strong>1257<\/strong><br \/>(+19 for winning)\n","uploadtime":1699553360,"views":52,"p1id":"ffgtgdd","p2id":"hultygo","formatid":"gen9nationaldexubers","rating":1129,"private":0,"password":""}