{"id":"gen9nationaldexubers-1982168472","p1":"FuniPlagueMan","p2":"ToriOriAgain","format":"[Gen 9] National Dex Ubers","log":"|j|\u2606FuniPlagueMan\n|j|\u2606ToriOriAgain\n|t:|1698974975\n|gametype|singles\n|player|p1|FuniPlagueMan|roxie|1068\n|player|p2|ToriOriAgain|ash|1012\n|teamsize|p1|6\n|teamsize|p2|6\n|gen|9\n|tier|[Gen 9] National Dex Ubers\n|rated|\n|rule|HP Percentage Mod: HP is shown in percentages\n|rule|Endless Battle Clause: Forcing endless battles is banned\n|rule|OHKO Clause: OHKO moves are banned\n|rule|Evasion Moves Clause: Evasion moves are banned\n|rule|Evasion Items Clause: Evasion items are banned\n|rule|Species Clause: Limit one of each Pok\u00e9mon\n|rule|Sleep Clause Mod: Limit one foe put to sleep\n|rule|Mega Rayquaza Clause: You cannot mega evolve Rayquaza\n|clearpoke\n|poke|p1|Alomomola, M|\n|poke|p1|Gholdengo|\n|poke|p1|Glimmora, M|\n|poke|p1|Roaring Moon|\n|poke|p1|Cyclizar, M|\n|poke|p1|Blaziken, M|\n|poke|p2|Pikachu-World, M|\n|poke|p2|Dragonite, F|\n|poke|p2|Gengar, M|\n|poke|p2|Lucario, M|\n|poke|p2|Sirfetch\u2019d, M|\n|poke|p2|Dracovish|\n|teampreview\n|inactive|Battle timer is ON: inactive players will automatically lose when time's up. (requested by FuniPlagueMan)\n|\n|t:|1698974992\n|start\n|switch|p1a: Glimmora|Glimmora, M|100\/100\n|switch|p2a: Lucario|Lucario, M|100\/100\n|turn|1\n|\n|t:|1698975000\n|detailschange|p2a: Lucario|Lucario-Mega, M\n|-mega|p2a: Lucario|Lucario|Lucarionite\n|move|p2a: Lucario|Aura Sphere|p1a: Glimmora\n|-damage|p1a: Glimmora|51\/100\n|move|p1a: Glimmora|Stealth Rock|p2a: Lucario\n|-sidestart|p2: ToriOriAgain|move: Stealth Rock\n|\n|upkeep\n|turn|2\n|\n|t:|1698975009\n|move|p2a: Lucario|Flash Cannon|p1a: Glimmora\n|-supereffective|p1a: Glimmora\n|-damage|p1a: Glimmora|0 fnt\n|faint|p1a: Glimmora\n|\n|upkeep\n|\n|t:|1698975021\n|switch|p1a: Gholdengo|Gholdengo|100\/100\n|turn|3\n|\n|t:|1698975032\n|switch|p2a: Sirfetch\u2019d|Sirfetch\u2019d, M|100\/100\n|-damage|p2a: Sirfetch\u2019d|94\/100|[from] Stealth Rock\n|move|p1a: Gholdengo|Shadow Ball|p2a: Sirfetch\u2019d\n|-damage|p2a: Sirfetch\u2019d|39\/100\n|\n|upkeep\n|turn|4\n|\n|t:|1698975040\n|move|p1a: Gholdengo|Shadow Ball|p2a: Sirfetch\u2019d\n|-damage|p2a: Sirfetch\u2019d|0 fnt\n|faint|p2a: Sirfetch\u2019d\n|\n|upkeep\n|\n|t:|1698975046\n|switch|p2a: Gengar|Gengar, M|100\/100\n|-damage|p2a: Gengar|88\/100|[from] Stealth Rock\n|turn|5\n|\n|t:|1698975052\n|move|p1a: Gholdengo|Shadow Ball|p2a: Gengar\n|-supereffective|p2a: Gengar\n|-damage|p2a: Gengar|0 fnt\n|-start|p1a: Gholdengo|Disable|Shadow Ball|[from] ability: Cursed Body|[of] p2a: Gengar\n|faint|p2a: Gengar\n|\n|upkeep\n|\n|t:|1698975064\n|switch|p2a: Dracovish|Dracovish|100\/100\n|-damage|p2a: Dracovish|88\/100|[from] Stealth Rock\n|turn|6\n|\n|t:|1698975071\n|switch|p1a: Alomomola|Alomomola, M|100\/100\n|move|p2a: Dracovish|Fishious Rend|p1a: Alomomola\n|-resisted|p1a: Alomomola\n|-damage|p1a: Alomomola|71\/100\n|\n|-heal|p1a: Alomomola|77\/100|[from] item: Leftovers\n|upkeep\n|turn|7\n|\n|t:|1698975082\n|move|p2a: Dracovish|Dragon Rush|p1a: Alomomola\n|-damage|p1a: Alomomola|53\/100\n|move|p1a: Alomomola|Toxic|p2a: Dracovish|[miss]\n|-miss|p1a: Alomomola|p2a: Dracovish\n|\n|-heal|p1a: Alomomola|59\/100|[from] item: Leftovers\n|upkeep\n|turn|8\n|\n|t:|1698975090\n|move|p2a: Dracovish|Fishious Rend|p1a: Alomomola\n|-resisted|p1a: Alomomola\n|-damage|p1a: Alomomola|31\/100\n|move|p1a: Alomomola|Toxic|p2a: Dracovish\n|-status|p2a: Dracovish|tox\n|\n|-heal|p1a: Alomomola|37\/100|[from] item: Leftovers\n|-damage|p2a: Dracovish|82\/100 tox|[from] psn\n|upkeep\n|turn|9\n|\n|t:|1698975100\n|move|p1a: Alomomola|Protect|p1a: Alomomola\n|-singleturn|p1a: Alomomola|Protect\n|move|p2a: Dracovish|Dragon Rush|p1a: Alomomola\n|-activate|p1a: Alomomola|move: Protect\n|\n|-heal|p1a: Alomomola|43\/100|[from] item: Leftovers\n|-damage|p2a: Dracovish|70\/100 tox|[from] psn\n|upkeep\n|turn|10\n|\n|t:|1698975109\n|move|p2a: Dracovish|Dragon Rush|p1a: Alomomola\n|-damage|p1a: Alomomola|18\/100\n|move|p1a: Alomomola|Wish|p1a: Alomomola\n|\n|-heal|p1a: Alomomola|25\/100|[from] item: Leftovers\n|-damage|p2a: Dracovish|52\/100 tox|[from] psn\n|upkeep\n|turn|11\n|\n|t:|1698975117\n|move|p1a: Alomomola|Protect|p1a: Alomomola\n|-singleturn|p1a: Alomomola|Protect\n|move|p2a: Dracovish|Dragon Rush|p1a: Alomomola\n|-activate|p1a: Alomomola|move: Protect\n|\n|-heal|p1a: Alomomola|75\/100|[from] move: Wish|[wisher] Alomomola\n|-heal|p1a: Alomomola|81\/100|[from] item: Leftovers\n|-damage|p2a: Dracovish|28\/100 tox|[from] psn\n|upkeep\n|turn|12\n|\n|t:|1698975126\n|move|p2a: Dracovish|Dragon Rush|p1a: Alomomola\n|-damage|p1a: Alomomola|57\/100\n|move|p1a: Alomomola|Wish|p1a: Alomomola\n|\n|-heal|p1a: Alomomola|63\/100|[from] item: Leftovers\n|-damage|p2a: Dracovish|0 fnt|[from] psn\n|faint|p2a: Dracovish\n|upkeep\n|\n|t:|1698975135\n|switch|p2a: Pikachu|Pikachu-World, M|100\/100\n|-damage|p2a: Pikachu|88\/100|[from] Stealth Rock\n|turn|13\n|\n|t:|1698975141\n|-terastallize|p2a: Pikachu|Electric\n|move|p1a: Alomomola|Protect|p1a: Alomomola\n|-singleturn|p1a: Alomomola|Protect\n|move|p2a: Pikachu|Thunderbolt|p1a: Alomomola\n|-activate|p1a: Alomomola|move: Protect\n|\n|-heal|p1a: Alomomola|100\/100|[from] move: Wish|[wisher] Alomomola\n|upkeep\n|turn|14\n|\n|t:|1698975153\n|-terastallize|p1a: Alomomola|Steel\n|move|p2a: Pikachu|Thunderbolt|p1a: Alomomola\n|-damage|p1a: Alomomola|39\/100\n|move|p1a: Alomomola|Toxic|p2a: Pikachu\n|-status|p2a: Pikachu|tox\n|\n|-heal|p1a: Alomomola|45\/100|[from] item: Leftovers\n|-damage|p2a: Pikachu|82\/100 tox|[from] psn\n|upkeep\n|turn|15\n|\n|t:|1698975164\n|move|p1a: Alomomola|Protect|p1a: Alomomola\n|-singleturn|p1a: Alomomola|Protect\n|move|p2a: Pikachu|Thunderbolt|p1a: Alomomola\n|-activate|p1a: Alomomola|move: Protect\n|\n|-heal|p1a: Alomomola|51\/100|[from] item: Leftovers\n|-damage|p2a: Pikachu|70\/100 tox|[from] psn\n|upkeep\n|turn|16\n|\n|t:|1698975179\n|switch|p1a: Cyclizar|Cyclizar, M|100\/100\n|move|p2a: Pikachu|Thunderbolt|p1a: Cyclizar\n|-resisted|p1a: Cyclizar\n|-damage|p1a: Cyclizar|61\/100\n|\n|-damage|p2a: Pikachu|51\/100 tox|[from] psn\n|upkeep\n|turn|17\n|\n|t:|1698975190\n|move|p1a: Cyclizar|Shed Tail|p1a: Cyclizar\n|-start|p1a: Cyclizar|Substitute|[from] move: Shed Tail\n|-damage|p1a: Cyclizar|11\/100\n|\n|t:|1698975194\n|switch|p1a: Alomomola|Alomomola, M, tera:Steel|84\/100|[from] Shed Tail\n|move|p2a: Pikachu|Thunderbolt|p1a: Alomomola\n|-end|p1a: Alomomola|Substitute\n|\n|-heal|p1a: Alomomola|91\/100|[from] item: Leftovers\n|-damage|p2a: Pikachu|27\/100 tox|[from] psn\n|upkeep\n|turn|18\n|\n|t:|1698975204\n|move|p1a: Alomomola|Protect|p1a: Alomomola\n|-singleturn|p1a: Alomomola|Protect\n|move|p2a: Pikachu|Thunderbolt|p1a: Alomomola\n|-activate|p1a: Alomomola|move: Protect\n|\n|-heal|p1a: Alomomola|97\/100|[from] item: Leftovers\n|-damage|p2a: Pikachu|0 fnt|[from] psn\n|faint|p2a: Pikachu\n|upkeep\n|\n|t:|1698975207\n|switch|p2a: Lucario|Lucario-Mega, M|100\/100\n|-damage|p2a: Lucario|98\/100|[from] Stealth Rock\n|turn|19\n|\n|t:|1698975220\n|move|p2a: Lucario|Aura Sphere|p1a: Alomomola\n|-supereffective|p1a: Alomomola\n|-damage|p1a: Alomomola|0 fnt\n|faint|p1a: Alomomola\n|\n|upkeep\n|\n|t:|1698975224\n|switch|p1a: Gholdengo|Gholdengo|100\/100\n|turn|20\n|\n|t:|1698975228\n|move|p1a: Gholdengo|Shadow Ball|p2a: Lucario\n|-damage|p2a: Lucario|25\/100\n|move|p2a: Lucario|Flash Cannon|p1a: Gholdengo\n|-resisted|p1a: Gholdengo\n|-damage|p1a: Gholdengo|70\/100\n|\n|upkeep\n|turn|21\n|\n|t:|1698975236\n|move|p2a: Lucario|Bullet Punch|p1a: Gholdengo\n|-resisted|p1a: Gholdengo\n|-damage|p1a: Gholdengo|54\/100\n|move|p1a: Gholdengo|Shadow Ball|p2a: Lucario\n|-damage|p2a: Lucario|0 fnt\n|faint|p2a: Lucario\n|\n|upkeep\n|\n|t:|1698975244\n|switch|p2a: Dragonite|Dragonite, F|100\/100\n|-damage|p2a: Dragonite|76\/100|[from] Stealth Rock\n|turn|22\n|\n|t:|1698975249\n|move|p1a: Gholdengo|Shadow Ball|p2a: Dragonite\n|-damage|p2a: Dragonite|28\/100\n|move|p2a: Dragonite|Draco Meteor|p1a: Gholdengo|[miss]\n|-miss|p2a: Dragonite|p1a: Gholdengo\n|\n|upkeep\n|turn|23\n|\n|t:|1698975256\n|move|p1a: Gholdengo|Shadow Ball|p2a: Dragonite\n|-damage|p2a: Dragonite|0 fnt\n|faint|p2a: Dragonite\n|\n|win|FuniPlagueMan\n|raw|FuniPlagueMan's rating: 1094 &rarr; <strong>1114<\/strong><br \/>(+20 for winning)\n|raw|ToriOriAgain's rating: 1012 &rarr; <strong>1003<\/strong><br \/>(-9 for losing)\n|c|\u2606ToriOriAgain|Gg\n","uploadtime":1698975265,"views":7,"p1id":"funiplagueman","p2id":"torioriagain","formatid":"gen9nationaldexubers","rating":1003,"private":0,"password":""}