{"id":"gen9nationaldexubers-1990730184","p1":"Ezael_Stormblood","p2":"TheRealChup","format":"[Gen 9] National Dex Ubers","log":"|j|\u2606Ezael_Stormblood\n|j|\u2606TheRealChup\n|t:|1699995511\n|gametype|singles\n|player|p1|Ezael_Stormblood|hiker-gen4|1133\n|player|p2|TheRealChup|lady|1135\n|teamsize|p1|6\n|teamsize|p2|6\n|gen|9\n|tier|[Gen 9] National Dex Ubers\n|rated|\n|rule|HP Percentage Mod: HP is shown in percentages\n|rule|Endless Battle Clause: Forcing endless battles is banned\n|rule|OHKO Clause: OHKO moves are banned\n|rule|Evasion Moves Clause: Evasion moves are banned\n|rule|Evasion Items Clause: Evasion items are banned\n|rule|Species Clause: Limit one of each Pok\u00e9mon\n|rule|Sleep Clause Mod: Limit one foe put to sleep\n|rule|Mega Rayquaza Clause: You cannot mega evolve Rayquaza\n|clearpoke\n|poke|p1|Zacian-*|\n|poke|p1|Zamazenta-*|\n|poke|p1|Eternatus|\n|poke|p1|Dialga-Origin|\n|poke|p1|Palkia-Origin|\n|poke|p1|Giratina-Origin|\n|poke|p2|Audino, F|\n|poke|p2|Flutter Mane|\n|poke|p2|Yanmega, M|\n|poke|p2|Blissey, F|\n|poke|p2|Clodsire, F|\n|poke|p2|Basculegion, M|\n|teampreview\n|\n|t:|1699995513\n|start\n|switch|p1a: Zacian|Zacian-Crowned|100\/100\n|switch|p2a: Audino|Audino, F|100\/100\n|-ability|p1a: Zacian|Intrepid Sword|boost\n|-boost|p1a: Zacian|atk|1\n|turn|1\n|\n|t:|1699995521\n|detailschange|p2a: Audino|Audino-Mega, F\n|-mega|p2a: Audino|Audino|Audinite\n|move|p1a: Zacian|Behemoth Blade|p2a: Audino\n|-supereffective|p2a: Audino\n|-damage|p2a: Audino|0 fnt\n|faint|p2a: Audino\n|\n|upkeep\n|\n|t:|1699995526\n|switch|p2a: Clodsire|Clodsire, F|100\/100\n|turn|2\n|\n|t:|1699995534\n|move|p1a: Zacian|Trailblaze|p2a: Clodsire\n|-damage|p2a: Clodsire|78\/100\n|-boost|p1a: Zacian|spe|1\n|move|p2a: Clodsire|Toxic Spikes|p1a: Zacian\n|-sidestart|p1: Ezael_Stormblood|move: Toxic Spikes\n|\n|-heal|p2a: Clodsire|84\/100|[from] item: Leftovers\n|upkeep\n|turn|3\n|\n|t:|1699995547\n|move|p1a: Zacian|Swords Dance|p1a: Zacian\n|-boost|p1a: Zacian|atk|2\n|move|p2a: Clodsire|Toxic Spikes|p1a: Zacian\n|-sidestart|p1: Ezael_Stormblood|move: Toxic Spikes\n|\n|-heal|p2a: Clodsire|90\/100|[from] item: Leftovers\n|upkeep\n|turn|4\n|\n|t:|1699995554\n|move|p1a: Zacian|Behemoth Blade|p2a: Clodsire\n|-damage|p2a: Clodsire|26\/100\n|move|p2a: Clodsire|Haze|p2a: Clodsire\n|-clearallboost\n|\n|-heal|p2a: Clodsire|32\/100|[from] item: Leftovers\n|upkeep\n|turn|5\n|\n|t:|1699995561\n|move|p1a: Zacian|Behemoth Blade|p2a: Clodsire\n|-damage|p2a: Clodsire|0 fnt\n|faint|p2a: Clodsire\n|\n|upkeep\n|\n|t:|1699995565\n|switch|p2a: Flutter Mane|Flutter Mane|100\/100\n|turn|6\n|\n|t:|1699995572\n|move|p1a: Zacian|Behemoth Blade|p2a: Flutter Mane\n|-supereffective|p2a: Flutter Mane\n|-damage|p2a: Flutter Mane|0 fnt\n|faint|p2a: Flutter Mane\n|-end|p2a: Flutter Mane|Protosynthesis|[silent]\n|\n|upkeep\n|\n|t:|1699995577\n|switch|p2a: Yanmega|Yanmega, M|100\/100\n|turn|7\n|\n|t:|1699995595\n|move|p2a: Yanmega|Protect|p2a: Yanmega\n|-singleturn|p2a: Yanmega|Protect\n|move|p1a: Zacian|Behemoth Blade|p2a: Yanmega\n|-activate|p2a: Yanmega|move: Protect\n|\n|-ability|p2a: Yanmega|Speed Boost|boost\n|-boost|p2a: Yanmega|spe|1\n|upkeep\n|turn|8\n|\n|t:|1699995598\n|move|p1a: Zacian|Behemoth Blade|p2a: Yanmega\n|-damage|p2a: Yanmega|27\/100\n|move|p2a: Yanmega|Air Slash|p1a: Zacian\n|-resisted|p1a: Zacian\n|-damage|p1a: Zacian|82\/100\n|\n|-ability|p2a: Yanmega|Speed Boost|boost\n|-boost|p2a: Yanmega|spe|1\n|upkeep\n|turn|9\n|\n|t:|1699995607\n|move|p2a: Yanmega|Protect|p2a: Yanmega\n|-singleturn|p2a: Yanmega|Protect\n|move|p1a: Zacian|Behemoth Blade|p2a: Yanmega\n|-activate|p2a: Yanmega|move: Protect\n|\n|-ability|p2a: Yanmega|Speed Boost|boost\n|-boost|p2a: Yanmega|spe|1\n|upkeep\n|turn|10\n|\n|t:|1699995609\n|-terastallize|p2a: Yanmega|Flying\n|move|p2a: Yanmega|Air Slash|p1a: Zacian\n|-resisted|p1a: Zacian\n|-damage|p1a: Zacian|56\/100\n|move|p1a: Zacian|Behemoth Blade|p2a: Yanmega\n|-damage|p2a: Yanmega|0 fnt\n|faint|p2a: Yanmega\n|\n|upkeep\n|\n|t:|1699995615\n|switch|p2a: Blissey|Blissey, F|100\/100\n|turn|11\n|\n|t:|1699995625\n|move|p1a: Zacian|Swords Dance|p1a: Zacian\n|-boost|p1a: Zacian|atk|2\n|move|p2a: Blissey|Seismic Toss|p1a: Zacian\n|-damage|p1a: Zacian|25\/100\n|\n|upkeep\n|turn|12\n|\n|t:|1699995631\n|-terastallize|p1a: Zacian|Fairy\n|move|p1a: Zacian|Play Rough|p2a: Blissey\n|-damage|p2a: Blissey|0 fnt\n|faint|p2a: Blissey\n|\n|upkeep\n|\n|t:|1699995635\n|switch|p2a: Basculegion|Basculegion, M|100\/100\n|turn|13\n|\n|t:|1699995639\n|move|p1a: Zacian|Trailblaze|p2a: Basculegion\n|-supereffective|p2a: Basculegion\n|-damage|p2a: Basculegion|3\/100\n|-boost|p1a: Zacian|spe|1\n|move|p2a: Basculegion|Last Respects|p1a: Zacian\n|-damage|p1a: Zacian|0 fnt\n|faint|p1a: Zacian\n|\n|upkeep\n|\n|t:|1699995649\n|switch|p1a: Zamazenta|Zamazenta-Crowned|100\/100\n|-ability|p1a: Zamazenta|Dauntless Shield|boost\n|-boost|p1a: Zamazenta|def|1\n|turn|14\n|\n|t:|1699995656\n|move|p1a: Zamazenta|Crunch|p2a: Basculegion\n|-supereffective|p2a: Basculegion\n|-damage|p2a: Basculegion|0 fnt\n|faint|p2a: Basculegion\n|\n|win|Ezael_Stormblood\n|raw|Ezael_Stormblood's rating: 1133 &rarr; <strong>1158<\/strong><br \/>(+25 for winning)\n|raw|TheRealChup's rating: 1135 &rarr; <strong>1110<\/strong><br \/>(-25 for losing)\n|l|\u2606TheRealChup\n|c|\u2606Ezael_Stormblood|gg\n","uploadtime":1699995661,"views":22,"p1id":"ezaelstormblood","p2id":"therealchup","formatid":"gen9nationaldexubers","rating":1110,"private":0,"password":""}