{"id":"gen9nationaldexubers-1981077348","p1":"GOTEI 14","p2":"OBaiao","format":"[Gen 9] National Dex Ubers","log":"|j|\u2606GOTEI 14\n|j|\u2606OBaiao\n|t:|1698861737\n|gametype|singles\n|player|p1|GOTEI 14|cameraman|1317\n|player|p2|OBaiao|iris|1465\n|teamsize|p1|6\n|teamsize|p2|6\n|gen|9\n|tier|[Gen 9] National Dex Ubers\n|rated|\n|rule|HP Percentage Mod: HP is shown in percentages\n|rule|Endless Battle Clause: Forcing endless battles is banned\n|rule|OHKO Clause: OHKO moves are banned\n|rule|Evasion Moves Clause: Evasion moves are banned\n|rule|Evasion Items Clause: Evasion items are banned\n|rule|Species Clause: Limit one of each Pok\u00e9mon\n|rule|Sleep Clause Mod: Limit one foe put to sleep\n|rule|Mega Rayquaza Clause: You cannot mega evolve Rayquaza\n|clearpoke\n|poke|p1|Deoxys-Speed|\n|poke|p1|Calyrex-Ice|\n|poke|p1|Blastoise, M|\n|poke|p1|Chi-Yu|\n|poke|p1|Zacian-*|\n|poke|p1|Ogerpon-Hearthflame, F|\n|poke|p2|Groudon|\n|poke|p2|Zacian-*|\n|poke|p2|Marshadow|\n|poke|p2|Yveltal|\n|poke|p2|Kyurem-White|\n|poke|p2|Gengar, M|\n|teampreview\n|\n|t:|1698861747\n|start\n|switch|p1a: Deoxys|Deoxys-Speed|100\/100\n|switch|p2a: Gengar|Gengar, M|100\/100\n|-ability|p1a: Deoxys|Pressure\n|turn|1\n|\n|t:|1698861757\n|move|p1a: Deoxys|Stealth Rock|p2a: Gengar\n|-sidestart|p2: OBaiao|move: Stealth Rock\n|move|p2a: Gengar|Shadow Ball|p1a: Deoxys\n|-supereffective|p1a: Deoxys\n|-enditem|p1a: Deoxys|Focus Sash\n|-damage|p1a: Deoxys|1\/100\n|-unboost|p1a: Deoxys|spd|1\n|\n|upkeep\n|turn|2\n|\n|t:|1698861763\n|move|p1a: Deoxys|Spikes|p2a: Gengar\n|-sidestart|p2: OBaiao|Spikes\n|move|p2a: Gengar|Shadow Ball|p1a: Deoxys\n|-supereffective|p1a: Deoxys\n|-damage|p1a: Deoxys|0 fnt\n|faint|p1a: Deoxys\n|\n|upkeep\n|\n|t:|1698861774\n|switch|p1a: Chi-Yu|Chi-Yu|100\/100\n|-ability|p1a: Chi-Yu|Beads of Ruin\n|turn|3\n|\n|t:|1698861781\n|move|p1a: Chi-Yu|Flamethrower|p2a: Gengar\n|-enditem|p2a: Gengar|Focus Sash\n|-damage|p2a: Gengar|1\/100\n|move|p2a: Gengar|Sludge Wave|p1a: Chi-Yu\n|-damage|p1a: Chi-Yu|46\/100\n|\n|upkeep\n|turn|4\n|\n|t:|1698861788\n|move|p1a: Chi-Yu|Flamethrower|p2a: Gengar\n|-damage|p2a: Gengar|0 fnt\n|faint|p2a: Gengar\n|\n|upkeep\n|\n|t:|1698861790\n|switch|p2a: Yveltal|Yveltal|100\/100\n|-ability|p2a: Yveltal|Dark Aura\n|turn|5\n|\n|t:|1698861794\n|move|p1a: Chi-Yu|Flamethrower|p2a: Yveltal\n|-damage|p2a: Yveltal|60\/100\n|move|p2a: Yveltal|Defog|p1a: Chi-Yu\n|-unboost|p1a: Chi-Yu|evasion|1\n|-sideend|p2: OBaiao|Spikes|[from] move: Defog|[of] p2a: Yveltal\n|-sideend|p2: OBaiao|Stealth Rock|[from] move: Defog|[of] p2a: Yveltal\n|\n|upkeep\n|turn|6\n|\n|t:|1698861803\n|switch|p1a: Zacian|Zacian|100\/100\n|-ability|p1a: Zacian|Intrepid Sword|boost\n|-boost|p1a: Zacian|atk|1\n|move|p2a: Yveltal|Oblivion Wing|p1a: Zacian\n|-damage|p1a: Zacian|67\/100\n|-heal|p2a: Yveltal|78\/100|[from] drain|[of] p1a: Zacian\n|\n|upkeep\n|turn|7\n|\n|t:|1698861824\n|switch|p2a: Groudon|Groudon, shiny|100\/100\n|detailschange|p2a: Groudon|Groudon-Primal, shiny\n|-primal|p2a: Groudon|Red Orb\n|-weather|DesolateLand|[from] ability: Desolate Land|[of] p2a: Groudon\n|move|p1a: Zacian|Close Combat|p2a: Groudon\n|-crit|p2a: Groudon\n|-damage|p2a: Groudon|27\/100\n|-unboost|p1a: Zacian|def|1\n|-unboost|p1a: Zacian|spd|1\n|\n|-weather|DesolateLand|[upkeep]\n|upkeep\n|turn|8\n|\n|t:|1698861835\n|switch|p1a: Blastoise|Blastoise, M|100\/100\n|move|p2a: Groudon|Heat Crash|p1a: Blastoise\n|-resisted|p1a: Blastoise\n|-damage|p1a: Blastoise|34\/100\n|\n|-weather|DesolateLand|[upkeep]\n|upkeep\n|turn|9\n|\n|t:|1698861846\n|detailschange|p1a: Blastoise|Blastoise-Mega, M\n|-mega|p1a: Blastoise|Blastoise|Blastoisinite\n|move|p1a: Blastoise|Aura Sphere|p2a: Groudon\n|-damage|p2a: Groudon|0 fnt\n|faint|p2a: Groudon\n|-weather|none\n|\n|upkeep\n|\n|t:|1698861862\n|switch|p2a: Kyurem|Kyurem-White|100\/100\n|-ability|p2a: Kyurem|Turboblaze\n|turn|10\n|\n|t:|1698861867\n|move|p2a: Kyurem|Freeze-Dry|p1a: Blastoise\n|-supereffective|p1a: Blastoise\n|-damage|p1a: Blastoise|0 fnt\n|faint|p1a: Blastoise\n|\n|upkeep\n|\n|t:|1698861876\n|switch|p1a: Chi-Yu|Chi-Yu|46\/100\n|-ability|p1a: Chi-Yu|Beads of Ruin\n|turn|11\n|\n|t:|1698861880\n|switch|p2a: Yveltal|Yveltal|78\/100\n|-ability|p2a: Yveltal|Dark Aura\n|move|p1a: Chi-Yu|Overheat|p2a: Yveltal\n|-damage|p2a: Yveltal|21\/100\n|-unboost|p1a: Chi-Yu|spa|2\n|\n|upkeep\n|turn|12\n|\n|t:|1698861888\n|move|p1a: Chi-Yu|Overheat|p2a: Yveltal\n|-damage|p2a: Yveltal|0 fnt\n|-unboost|p1a: Chi-Yu|spa|2\n|faint|p2a: Yveltal\n|\n|upkeep\n|\n|t:|1698861895\n|switch|p2a: Zacian|Zacian-Crowned|100\/100\n|-ability|p2a: Zacian|Intrepid Sword|boost\n|-boost|p2a: Zacian|atk|1\n|turn|13\n|\n|t:|1698861911\n|switch|p1a: Calyrex|Calyrex-Ice|100\/100\n|-ability|p1a: Calyrex|As One\n|-ability|p1a: Calyrex|Unnerve\n|move|p2a: Zacian|Swords Dance|p2a: Zacian\n|-boost|p2a: Zacian|atk|2\n|\n|upkeep\n|turn|14\n|\n|t:|1698861920\n|move|p2a: Zacian|Behemoth Blade|p1a: Calyrex\n|-supereffective|p1a: Calyrex\n|-damage|p1a: Calyrex|0 fnt\n|faint|p1a: Calyrex\n|\n|upkeep\n|\n|t:|1698861924\n|switch|p1a: Chi-Yu|Chi-Yu|46\/100\n|-ability|p1a: Chi-Yu|Beads of Ruin\n|turn|15\n|\n|t:|1698861933\n|-terastallize|p2a: Zacian|Fairy\n|move|p1a: Chi-Yu|Fire Blast|p2a: Zacian\n|-damage|p2a: Zacian|23\/100\n|move|p2a: Zacian|Close Combat|p1a: Chi-Yu\n|-supereffective|p1a: Chi-Yu\n|-damage|p1a: Chi-Yu|0 fnt\n|-unboost|p2a: Zacian|def|1\n|-unboost|p2a: Zacian|spd|1\n|faint|p1a: Chi-Yu\n|\n|upkeep\n|\n|t:|1698861946\n|switch|p1a: Zacian|Zacian|67\/100\n|turn|16\n|\n|t:|1698861951\n|move|p2a: Zacian|Behemoth Blade|p1a: Zacian\n|-supereffective|p1a: Zacian\n|-damage|p1a: Zacian|0 fnt\n|faint|p1a: Zacian\n|\n|upkeep\n|\n|t:|1698861956\n|switch|p1a: Ogerpon|Ogerpon-Hearthflame, F|100\/100\n|-ability|p1a: Ogerpon|Mold Breaker\n|turn|17\n|\n|t:|1698861965\n|move|p2a: Zacian|Play Rough|p1a: Ogerpon|[miss]\n|-miss|p2a: Zacian|p1a: Ogerpon\n|move|p1a: Ogerpon|Trailblaze|p2a: Zacian\n|-damage|p2a: Zacian|0 fnt\n|-boost|p1a: Ogerpon|spe|1\n|faint|p2a: Zacian\n|\n|upkeep\n|\n|t:|1698861975\n|switch|p2a: Kyurem|Kyurem-White|100\/100\n|-ability|p2a: Kyurem|Turboblaze\n|turn|18\n|\n|t:|1698861980\n|-terastallize|p1a: Ogerpon|Fire\n|detailschange|p1a: Ogerpon|Ogerpon-Hearthflame-Tera, F, tera:Fire\n|-ability|p1a: Ogerpon|Embody Aspect (Hearthflame)|boost\n|-boost|p1a: Ogerpon|atk|1\n|move|p1a: Ogerpon|Ivy Cudgel|p2a: Kyurem\n|-damage|p2a: Kyurem|0 fnt\n|faint|p2a: Kyurem\n|\n|upkeep\n|\n|t:|1698861991\n|switch|p2a: Marshadow|Marshadow|100\/100\n|turn|19\n|\n|t:|1698861999\n|move|p1a: Ogerpon|Ivy Cudgel|p2a: Marshadow\n|-enditem|p2a: Marshadow|Focus Sash\n|-damage|p2a: Marshadow|1\/100\n|move|p2a: Marshadow|Endeavor|p1a: Ogerpon\n|-damage|p1a: Ogerpon|1\/100\n|\n|upkeep\n|turn|20\n|\n|t:|1698862007\n|move|p2a: Marshadow|Shadow Sneak|p1a: Ogerpon\n|-damage|p1a: Ogerpon|0 fnt\n|faint|p1a: Ogerpon\n|\n|win|OBaiao\n|raw|GOTEI 14's rating: 1317 &rarr; <strong>1305<\/strong><br \/>(-12 for losing)\n|raw|OBaiao's rating: 1465 &rarr; <strong>1477<\/strong><br \/>(+12 for winning)\n|c|\u2606OBaiao|gg\n|l|\u2606GOTEI 14\n","uploadtime":1698862086,"views":12,"p1id":"gotei14","p2id":"obaiao","formatid":"gen9nationaldexubers","rating":1305,"private":0,"password":""}