{"id":"gen9nationaldexubers-1990658328","p1":"guy6868","p2":"RushFan214","format":"[Gen 9] National Dex Ubers","log":"|j|\u2606guy6868\n|j|\u2606RushFan214\n|t:|1699989412\n|gametype|singles\n|player|p1|guy6868|1|1057\n|player|p2|RushFan214|265|1000\n|teamsize|p1|5\n|teamsize|p2|6\n|gen|9\n|tier|[Gen 9] National Dex Ubers\n|rated|\n|rule|HP Percentage Mod: HP is shown in percentages\n|rule|Endless Battle Clause: Forcing endless battles is banned\n|rule|OHKO Clause: OHKO moves are banned\n|rule|Evasion Moves Clause: Evasion moves are banned\n|rule|Evasion Items Clause: Evasion items are banned\n|rule|Species Clause: Limit one of each Pok\u00e9mon\n|rule|Sleep Clause Mod: Limit one foe put to sleep\n|rule|Mega Rayquaza Clause: You cannot mega evolve Rayquaza\n|clearpoke\n|poke|p1|Bastiodon, M|\n|poke|p1|Lugia|\n|poke|p1|Cloyster, F|\n|poke|p1|Shuckle, F|\n|poke|p1|Chansey, F|\n|poke|p2|Arceus|\n|poke|p2|Jirachi|\n|poke|p2|Darkrai|\n|poke|p2|Victini|\n|poke|p2|Manaphy|\n|poke|p2|Melmetal|\n|teampreview\n|c|\u2606RushFan214|oh boy\n|\n|t:|1699989423\n|start\n|switch|p1a: Cloyster|Cloyster, F|100\/100\n|switch|p2a: Melmetal|Melmetal|100\/100\n|turn|1\n|\n|t:|1699989431\n|move|p1a: Cloyster|Shell Smash|p1a: Cloyster\n|-unboost|p1a: Cloyster|def|1\n|-unboost|p1a: Cloyster|spd|1\n|-boost|p1a: Cloyster|atk|2\n|-boost|p1a: Cloyster|spa|2\n|-boost|p1a: Cloyster|spe|2\n|move|p2a: Melmetal|Double Iron Bash|p1a: Cloyster\n|-damage|p1a: Cloyster|42\/100\n|-damage|p1a: Cloyster|0 fnt\n|faint|p1a: Cloyster\n|-hitcount|p1: Cloyster|2\n|\n|upkeep\n|\n|t:|1699989445\n|switch|p1a: Bastiodon|Bastiodon, M|100\/100\n|turn|2\n|\n|t:|1699989452\n|move|p2a: Melmetal|Thunder Punch|p1a: Bastiodon\n|-damage|p1a: Bastiodon|83\/100\n|move|p1a: Bastiodon|Iron Defense|p1a: Bastiodon\n|-boost|p1a: Bastiodon|def|2\n|\n|-heal|p1a: Bastiodon|89\/100|[from] item: Leftovers\n|upkeep\n|turn|3\n|\n|t:|1699989459\n|move|p2a: Melmetal|Ice Punch|p1a: Bastiodon\n|-resisted|p1a: Bastiodon\n|-damage|p1a: Bastiodon|84\/100\n|move|p1a: Bastiodon|Iron Defense|p1a: Bastiodon\n|-boost|p1a: Bastiodon|def|2\n|\n|-heal|p1a: Bastiodon|90\/100|[from] item: Leftovers\n|upkeep\n|turn|4\n|\n|t:|1699989466\n|move|p2a: Melmetal|Thunder Punch|p1a: Bastiodon\n|-damage|p1a: Bastiodon|83\/100\n|move|p1a: Bastiodon|Iron Defense|p1a: Bastiodon\n|-boost|p1a: Bastiodon|def|2\n|\n|-heal|p1a: Bastiodon|89\/100|[from] item: Leftovers\n|upkeep\n|turn|5\n|\n|t:|1699989476\n|move|p2a: Melmetal|Ice Punch|p1a: Bastiodon\n|-resisted|p1a: Bastiodon\n|-damage|p1a: Bastiodon|87\/100\n|move|p1a: Bastiodon|Stealth Rock|p2a: Melmetal\n|-sidestart|p2: RushFan214|move: Stealth Rock\n|\n|-heal|p1a: Bastiodon|93\/100|[from] item: Leftovers\n|upkeep\n|turn|6\n|\n|t:|1699989484\n|move|p2a: Melmetal|Thunder Punch|p1a: Bastiodon\n|-damage|p1a: Bastiodon|88\/100\n|move|p1a: Bastiodon|Toxic|p2a: Melmetal\n|-immune|p2a: Melmetal\n|\n|-heal|p1a: Bastiodon|94\/100|[from] item: Leftovers\n|upkeep\n|turn|7\n|\n|t:|1699989497\n|move|p2a: Melmetal|Ice Punch|p1a: Bastiodon\n|-resisted|p1a: Bastiodon\n|-damage|p1a: Bastiodon|92\/100\n|move|p1a: Bastiodon|Roar|p2a: Melmetal\n|drag|p2a: Victini|Victini|100\/100\n|\n|-heal|p1a: Bastiodon|98\/100|[from] item: Leftovers\n|upkeep\n|turn|8\n|\n|t:|1699989534\n|move|p2a: Victini|V-create|p1a: Bastiodon\n|-damage|p1a: Bastiodon|88\/100\n|-unboost|p2a: Victini|spe|1\n|-unboost|p2a: Victini|def|1\n|-unboost|p2a: Victini|spd|1\n|move|p1a: Bastiodon|Toxic|p2a: Victini|[miss]\n|-miss|p1a: Bastiodon|p2a: Victini\n|\n|-heal|p1a: Bastiodon|95\/100|[from] item: Leftovers\n|upkeep\n|turn|9\n|\n|t:|1699989550\n|move|p2a: Victini|V-create|p1a: Bastiodon\n|-crit|p1a: Bastiodon\n|-damage|p1a: Bastiodon|33\/100\n|-unboost|p2a: Victini|spe|1\n|-unboost|p2a: Victini|def|1\n|-unboost|p2a: Victini|spd|1\n|move|p1a: Bastiodon|Roar|p2a: Victini\n|drag|p2a: Arceus|Arceus|100\/100\n|-damage|p2a: Arceus|88\/100|[from] Stealth Rock\n|\n|-heal|p1a: Bastiodon|39\/100|[from] item: Leftovers\n|upkeep\n|turn|10\n|\n|t:|1699989568\n|-terastallize|p1a: Bastiodon|Rock\n|move|p2a: Arceus|Swords Dance|p2a: Arceus\n|-boost|p2a: Arceus|atk|2\n|move|p1a: Bastiodon|Toxic|p2a: Arceus\n|-status|p2a: Arceus|tox\n|\n|-heal|p1a: Bastiodon|46\/100|[from] item: Leftovers\n|-damage|p2a: Arceus|82\/100 tox|[from] psn\n|upkeep\n|turn|11\n|\n|t:|1699989578\n|move|p2a: Arceus|Swords Dance|p2a: Arceus\n|-boost|p2a: Arceus|atk|2\n|move|p1a: Bastiodon|Roar|p2a: Arceus\n|drag|p2a: Victini|Victini|100\/100\n|\n|-heal|p1a: Bastiodon|52\/100|[from] item: Leftovers\n|upkeep\n|turn|12\n|\n|t:|1699989586\n|move|p2a: Victini|V-create|p1a: Bastiodon\n|-resisted|p1a: Bastiodon\n|-damage|p1a: Bastiodon|46\/100\n|-unboost|p2a: Victini|spe|1\n|-unboost|p2a: Victini|def|1\n|-unboost|p2a: Victini|spd|1\n|move|p1a: Bastiodon|Roar|p2a: Victini\n|drag|p2a: Darkrai|Darkrai|100\/100\n|-damage|p2a: Darkrai|88\/100|[from] Stealth Rock\n|\n|-heal|p1a: Bastiodon|52\/100|[from] item: Leftovers\n|upkeep\n|turn|13\n|\n|t:|1699989604\n|move|p2a: Darkrai|Disable|p1a: Bastiodon\n|-start|p1a: Bastiodon|Disable|Roar\n|cant|p1a: Bastiodon|Disable|Roar\n|\n|-heal|p1a: Bastiodon|59\/100|[from] item: Leftovers\n|upkeep\n|turn|14\n|\n|t:|1699989619\n|switch|p1a: Shuckle|Shuckle, F|100\/100\n|move|p2a: Darkrai|Dark Void|p1a: Shuckle|[miss]\n|-miss|p2a: Darkrai|p1a: Shuckle\n|\n|upkeep\n|turn|15\n|\n|t:|1699989626\n|move|p2a: Darkrai|Dark Void|p1a: Shuckle|[miss]\n|-miss|p2a: Darkrai|p1a: Shuckle\n|move|p1a: Shuckle|Knock Off|p2a: Darkrai\n|-resisted|p2a: Darkrai\n|-damage|p2a: Darkrai|85\/100\n|-enditem|p2a: Darkrai|Sitrus Berry|[from] move: Knock Off|[of] p1a: Shuckle\n|\n|upkeep\n|turn|16\n|\n|t:|1699989634\n|move|p2a: Darkrai|Dark Void|p1a: Shuckle\n|-status|p1a: Shuckle|slp|[from] move: Dark Void\n|cant|p1a: Shuckle|slp\n|\n|-damage|p1a: Shuckle|88\/100 slp|[from] ability: Bad Dreams|[of] p2a: Darkrai\n|upkeep\n|turn|17\n|\n|t:|1699989645\n|move|p2a: Darkrai|Nightmare|p1a: Shuckle\n|-start|p1a: Shuckle|Nightmare\n|-curestatus|p1a: Shuckle|slp|[msg]\n|-end|p1a: Shuckle|Nightmare|[silent]\n|move|p1a: Shuckle|Sticky Web|p2a: Darkrai\n|-sidestart|p2: RushFan214|move: Sticky Web\n|\n|-heal|p1a: Shuckle|94\/100|[from] item: Leftovers\n|upkeep\n|turn|18\n|\n|t:|1699989652\n|move|p2a: Darkrai|Dark Void|p1a: Shuckle\n|-status|p1a: Shuckle|slp|[from] move: Dark Void\n|cant|p1a: Shuckle|slp\n|\n|-heal|p1a: Shuckle|100\/100 slp|[from] item: Leftovers\n|-damage|p1a: Shuckle|88\/100 slp|[from] ability: Bad Dreams|[of] p2a: Darkrai\n|upkeep\n|turn|19\n|\n|t:|1699989662\n|move|p2a: Darkrai|Dream Eater|p1a: Shuckle\n|-crit|p1a: Shuckle\n|-damage|p1a: Shuckle|55\/100 slp\n|-heal|p2a: Darkrai|97\/100|[from] drain|[of] p1a: Shuckle\n|-curestatus|p1a: Shuckle|slp|[msg]\n|move|p1a: Shuckle|Sticky Web||[still]\n|-fail|p1a: Shuckle\n|\n|-heal|p1a: Shuckle|62\/100|[from] item: Leftovers\n|upkeep\n|turn|20\n|\n|t:|1699989678\n|switch|p1a: Chansey|Chansey, F|100\/100\n|move|p2a: Darkrai|Dark Void|p1a: Chansey\n|-status|p1a: Chansey|slp|[from] move: Dark Void\n|\n|-damage|p1a: Chansey|88\/100 slp|[from] ability: Bad Dreams|[of] p2a: Darkrai\n|upkeep\n|turn|21\n|\n|t:|1699989688\n|move|p2a: Darkrai|Dream Eater|p1a: Chansey\n|-damage|p1a: Chansey|79\/100 slp\n|-heal|p2a: Darkrai|100\/100|[from] drain|[of] p1a: Chansey\n|cant|p1a: Chansey|slp\n|\n|-damage|p1a: Chansey|67\/100 slp|[from] ability: Bad Dreams|[of] p2a: Darkrai\n|upkeep\n|turn|22\n|\n|t:|1699989698\n|move|p2a: Darkrai|Dream Eater|p1a: Chansey\n|-damage|p1a: Chansey|57\/100 slp\n|cant|p1a: Chansey|slp\n|\n|-damage|p1a: Chansey|45\/100 slp|[from] ability: Bad Dreams|[of] p2a: Darkrai\n|upkeep\n|turn|23\n|\n|t:|1699989705\n|-curestatus|p1a: Chansey|slp|[from] ability: Natural Cure\n|switch|p1a: Lugia|Lugia|100\/100\n|-ability|p1a: Lugia|Pressure\n|move|p2a: Darkrai|Dream Eater|p1a: Lugia\n|-immune|p1a: Lugia\n|\n|upkeep\n|turn|24\n|\n|t:|1699989714\n|move|p2a: Darkrai|Dark Void|p1a: Lugia\n|-status|p1a: Lugia|slp|[from] move: Dark Void\n|cant|p1a: Lugia|slp\n|\n|-damage|p1a: Lugia|88\/100 slp|[from] ability: Bad Dreams|[of] p2a: Darkrai\n|upkeep\n|turn|25\n|\n|t:|1699989723\n|move|p2a: Darkrai|Nightmare|p1a: Lugia\n|-start|p1a: Lugia|Nightmare\n|cant|p1a: Lugia|slp\n|\n|-heal|p1a: Lugia|94\/100 slp|[from] item: Leftovers\n|-damage|p1a: Lugia|69\/100 slp|[from] Nightmare\n|-damage|p1a: Lugia|57\/100 slp|[from] ability: Bad Dreams|[of] p2a: Darkrai\n|upkeep\n|turn|26\n|\n|t:|1699989731\n|move|p2a: Darkrai|Dream Eater|p1a: Lugia\n|-resisted|p1a: Lugia\n|-damage|p1a: Lugia|48\/100 slp\n|-curestatus|p1a: Lugia|slp|[msg]\n|-end|p1a: Lugia|Nightmare|[silent]\n|move|p1a: Lugia|Whirlwind|p2a: Darkrai\n|drag|p2a: Manaphy|Manaphy|100\/100\n|-damage|p2a: Manaphy|88\/100|[from] Stealth Rock\n|-activate|p2a: Manaphy|move: Sticky Web\n|-unboost|p2a: Manaphy|spe|1\n|\n|-heal|p1a: Lugia|54\/100|[from] item: Leftovers\n|upkeep\n|turn|27\n|\n|t:|1699989746\n|move|p1a: Lugia|Roost|p1a: Lugia\n|-heal|p1a: Lugia|100\/100\n|-singleturn|p1a: Lugia|move: Roost\n|move|p2a: Manaphy|Tail Glow|p2a: Manaphy\n|-boost|p2a: Manaphy|spa|3\n|\n|upkeep\n|turn|28\n|\n|t:|1699989756\n|move|p2a: Manaphy|Surf|p1a: Lugia\n|-crit|p1a: Lugia\n|-damage|p1a: Lugia|17\/100\n|move|p1a: Lugia|Whirlwind|p2a: Manaphy\n|drag|p2a: Arceus|Arceus|82\/100 tox\n|-damage|p2a: Arceus|70\/100 tox|[from] Stealth Rock\n|-activate|p2a: Arceus|move: Sticky Web\n|-unboost|p2a: Arceus|spe|1\n|\n|-heal|p1a: Lugia|24\/100|[from] item: Leftovers\n|-damage|p2a: Arceus|64\/100 tox|[from] psn\n|upkeep\n|turn|29\n|\n|t:|1699989768\n|move|p2a: Arceus|Extreme Speed|p1a: Lugia\n|-damage|p1a: Lugia|0 fnt\n|faint|p1a: Lugia\n|-damage|p2a: Arceus|54\/100 tox|[from] item: Life Orb\n|\n|-damage|p2a: Arceus|42\/100 tox|[from] psn\n|upkeep\n|\n|t:|1699989778\n|switch|p1a: Chansey|Chansey, F|45\/100\n|turn|30\n|\n|t:|1699989782\n|move|p2a: Arceus|Extreme Speed|p1a: Chansey\n|-damage|p1a: Chansey|14\/100\n|-damage|p2a: Arceus|32\/100 tox|[from] item: Life Orb\n|move|p1a: Chansey|Seismic Toss|p2a: Arceus\n|-damage|p2a: Arceus|5\/100 tox\n|\n|-damage|p2a: Arceus|0 fnt|[from] psn\n|faint|p2a: Arceus\n|upkeep\n|\n|t:|1699989793\n|switch|p2a: Jirachi|Jirachi|100\/100\n|-damage|p2a: Jirachi|94\/100|[from] Stealth Rock\n|-activate|p2a: Jirachi|move: Sticky Web\n|-unboost|p2a: Jirachi|spe|1\n|turn|31\n|\n|t:|1699989801\n|move|p2a: Jirachi|Iron Head|p1a: Chansey\n|-damage|p1a: Chansey|0 fnt\n|faint|p1a: Chansey\n|\n|upkeep\n|\n|t:|1699989806\n|switch|p1a: Bastiodon|Bastiodon, M, tera:Rock|59\/100\n|turn|32\n|\n|t:|1699989810\n|move|p2a: Jirachi|Iron Head|p1a: Bastiodon\n|-supereffective|p1a: Bastiodon\n|-damage|p1a: Bastiodon|21\/100\n|cant|p1a: Bastiodon|flinch\n|\n|-heal|p1a: Bastiodon|27\/100|[from] item: Leftovers\n|upkeep\n|turn|33\n|\n|t:|1699989818\n|switch|p1a: Shuckle|Shuckle, F|62\/100\n|move|p2a: Jirachi|Iron Head|p1a: Shuckle\n|-supereffective|p1a: Shuckle\n|-damage|p1a: Shuckle|17\/100\n|\n|-heal|p1a: Shuckle|23\/100|[from] item: Leftovers\n|upkeep\n|turn|34\n|-message|guy6868 forfeited.\n|\n|win|RushFan214\n|raw|guy6868's rating: 1057 &rarr; <strong>1035<\/strong><br \/>(-22 for losing)\n|raw|RushFan214's rating: 1000 &rarr; <strong>1047<\/strong><br \/>(+47 for winning)\n|l|\u2606guy6868\n|c|\u2606RushFan214|gg\n","uploadtime":1699989866,"views":12,"p1id":"guy6868","p2id":"rushfan214","formatid":"gen9nationaldexubers","rating":1035,"private":0,"password":""}