{"id":"gen9nationaldexubers-1983388822","p1":"biden brane","p2":"Wikit","format":"[Gen 9] National Dex Ubers","log":"|j|\u2606biden brane\n|j|\u2606Wikit\n|t:|1699124940\n|gametype|singles\n|player|p1|biden brane|chuck|\n|player|p2|Wikit|101|\n|teamsize|p1|6\n|teamsize|p2|6\n|gen|9\n|tier|[Gen 9] National Dex Ubers\n|rule|HP Percentage Mod: HP is shown in percentages\n|rule|Endless Battle Clause: Forcing endless battles is banned\n|rule|OHKO Clause: OHKO moves are banned\n|rule|Evasion Moves Clause: Evasion moves are banned\n|rule|Evasion Items Clause: Evasion items are banned\n|rule|Species Clause: Limit one of each Pok\u00e9mon\n|rule|Sleep Clause Mod: Limit one foe put to sleep\n|rule|Mega Rayquaza Clause: You cannot mega evolve Rayquaza\n|clearpoke\n|poke|p1|Scizor, F|\n|poke|p1|Tornadus-Therian, M|\n|poke|p1|Dondozo, F|\n|poke|p1|Regieleki|\n|poke|p1|Rillaboom, M|\n|poke|p1|Darmanitan-Galar, F|\n|poke|p2|Gholdengo|\n|poke|p2|Iron Treads|\n|poke|p2|Tapu Koko|\n|poke|p2|Lopunny, F|\n|poke|p2|Iron Valiant|\n|poke|p2|Golduck, M|\n|teampreview\n|\n|t:|1699124953\n|start\n|switch|p1a: Scizor|Scizor, F|100\/100\n|switch|p2a: Lopunny|Lopunny, F|100\/100\n|turn|1\n|\n|t:|1699124971\n|detailschange|p2a: Lopunny|Lopunny-Mega, F\n|-mega|p2a: Lopunny|Lopunny|Lopunnite\n|detailschange|p1a: Scizor|Scizor-Mega, F\n|-mega|p1a: Scizor|Scizor|Scizorite\n|move|p2a: Lopunny|Fake Out|p1a: Scizor\n|-resisted|p1a: Scizor\n|-damage|p1a: Scizor|93\/100\n|cant|p1a: Scizor|flinch\n|\n|upkeep\n|turn|2\n|\n|t:|1699124989\n|move|p2a: Lopunny|U-turn|p1a: Scizor\n|-resisted|p1a: Scizor\n|-damage|p1a: Scizor|84\/100\n|\n|t:|1699125028\n|switch|p2a: Gholdengo|Gholdengo|100\/100|[from] U-turn\n|move|p1a: Scizor|Swords Dance|p1a: Scizor\n|-boost|p1a: Scizor|atk|2\n|\n|upkeep\n|turn|3\n|\n|t:|1699125051\n|switch|p1a: Tornadus|Tornadus-Therian, M|100\/100\n|move|p2a: Gholdengo|Shadow Ball|p1a: Tornadus\n|-damage|p1a: Tornadus|56\/100\n|\n|upkeep\n|turn|4\n|\n|t:|1699125066\n|switch|p2a: Golduck|Golduck, M|100\/100\n|move|p1a: Tornadus|Knock Off|p2a: Golduck\n|-damage|p2a: Golduck|75\/100\n|-enditem|p2a: Golduck|Leftovers|[from] move: Knock Off|[of] p1a: Tornadus\n|\n|upkeep\n|turn|5\n|\n|t:|1699125078\n|move|p1a: Tornadus|U-turn|p2a: Golduck\n|-damage|p2a: Golduck|55\/100\n|\n|t:|1699125088\n|switch|p1a: Dondozo|Dondozo, F|100\/100|[from] U-turn\n|move|p2a: Golduck|Ice Beam|p1a: Dondozo\n|-resisted|p1a: Dondozo\n|-damage|p1a: Dondozo|88\/100\n|\n|upkeep\n|turn|6\n|\n|t:|1699125117\n|switch|p1a: Darmanitan|Darmanitan-Galar, F|100\/100\n|move|p2a: Golduck|Grass Knot|p1a: Darmanitan\n|-damage|p1a: Darmanitan|53\/100\n|\n|upkeep\n|turn|7\n|\n|t:|1699125157\n|move|p1a: Darmanitan|Earthquake|p2a: Golduck\n|-damage|p2a: Golduck|0 fnt\n|faint|p2a: Golduck\n|\n|upkeep\n|\n|t:|1699125163\n|switch|p2a: Lopunny|Lopunny-Mega, F|100\/100\n|turn|8\n|\n|t:|1699125175\n|switch|p1a: Tornadus|Tornadus-Therian, M|89\/100\n|move|p2a: Lopunny|Fake Out|p1a: Tornadus\n|-damage|p1a: Tornadus|65\/100\n|\n|upkeep\n|turn|9\n|\n|t:|1699125185\n|move|p2a: Lopunny|Frustration|p1a: Tornadus\n|-damage|p1a: Tornadus|1\/100\n|move|p1a: Tornadus|U-turn|p2a: Lopunny\n|-resisted|p2a: Lopunny\n|-damage|p2a: Lopunny|91\/100\n|\n|t:|1699125221\n|switch|p1a: Dondozo|Dondozo, F|88\/100|[from] U-turn\n|\n|upkeep\n|turn|10\n|\n|t:|1699125231\n|move|p2a: Lopunny|U-turn|p1a: Dondozo\n|-damage|p1a: Dondozo|76\/100\n|-damage|p2a: Lopunny|75\/100|[from] item: Rocky Helmet|[of] p1a: Dondozo\n|\n|t:|1699125235\n|switch|p2a: Tapu Koko|Tapu Koko|100\/100|[from] U-turn\n|-fieldstart|move: Electric Terrain|[from] ability: Electric Surge|[of] p2a: Tapu Koko\n|move|p1a: Dondozo|Body Press|p2a: Tapu Koko\n|-resisted|p2a: Tapu Koko\n|-damage|p2a: Tapu Koko|80\/100\n|\n|upkeep\n|turn|11\n|\n|t:|1699125256\n|switch|p2a: Iron Treads|Iron Treads|100\/100\n|-activate|p2a: Iron Treads|ability: Quark Drive\n|-start|p2a: Iron Treads|quarkdrivespe\n|move|p1a: Dondozo|Liquidation|p2a: Iron Treads\n|-supereffective|p2a: Iron Treads\n|-damage|p2a: Iron Treads|56\/100\n|\n|-heal|p2a: Iron Treads|62\/100|[from] item: Leftovers\n|upkeep\n|turn|12\n|\n|t:|1699125284\n|move|p2a: Iron Treads|Volt Switch|p1a: Dondozo\n|-supereffective|p1a: Dondozo\n|-damage|p1a: Dondozo|50\/100\n|\n|t:|1699125296\n|-end|p2a: Iron Treads|Quark Drive|[silent]\n|switch|p2a: Tapu Koko|Tapu Koko|80\/100|[from] Volt Switch\n|move|p1a: Dondozo|Liquidation|p2a: Tapu Koko\n|-damage|p2a: Tapu Koko|39\/100\n|-unboost|p2a: Tapu Koko|def|1\n|\n|upkeep\n|turn|13\n|\n|t:|1699125312\n|move|p2a: Tapu Koko|Volt Switch|p1a: Dondozo\n|-supereffective|p1a: Dondozo\n|-damage|p1a: Dondozo|0 fnt\n|faint|p1a: Dondozo\n|\n|t:|1699125318\n|switch|p2a: Lopunny|Lopunny-Mega, F|75\/100|[from] Volt Switch\n|\n|upkeep\n|j| Bomby23\n|inactive|Battle timer is ON: inactive players will automatically lose when time's up. (requested by biden brane)\n|inactive|biden brane has 270 seconds left.\n|\n|t:|1699125435\n|switch|p1a: Scizor|Scizor-Mega, F|84\/100\n|turn|14\n|l| Bomby23\n|\n|t:|1699125442\n|move|p2a: Lopunny|Fake Out|p1a: Scizor\n|-resisted|p1a: Scizor\n|-damage|p1a: Scizor|76\/100\n|cant|p1a: Scizor|flinch\n|\n|-fieldend|move: Electric Terrain\n|upkeep\n|turn|15\n|inactive|biden brane has 270 seconds left.\n|inactive|Wikit has 270 seconds left.\n|inactive|Wikit has 240 seconds left.\n|\n|t:|1699125514\n|switch|p1a: Tornadus|Tornadus-Therian, M|34\/100\n|move|p2a: Lopunny|U-turn|p1a: Tornadus\n|-resisted|p1a: Tornadus\n|-damage|p1a: Tornadus|20\/100\n|\n|t:|1699125522\n|switch|p2a: Tapu Koko|Tapu Koko|39\/100|[from] U-turn\n|-fieldstart|move: Electric Terrain|[from] ability: Electric Surge|[of] p2a: Tapu Koko\n|\n|upkeep\n|turn|16\n|inactive|biden brane has 270 seconds left.\n|\n|t:|1699125542\n|switch|p1a: Rillaboom|Rillaboom, M|100\/100\n|-fieldstart|move: Grassy Terrain|[from] ability: Grassy Surge|[of] p1a: Rillaboom\n|move|p2a: Tapu Koko|Volt Switch|p1a: Rillaboom\n|-resisted|p1a: Rillaboom\n|-damage|p1a: Rillaboom|69\/100\n|\n|t:|1699125555\n|switch|p2a: Iron Treads|Iron Treads|62\/100|[from] Volt Switch\n|\n|-heal|p2a: Iron Treads|69\/100|[from] Grassy Terrain\n|-heal|p2a: Iron Treads|75\/100|[from] item: Leftovers\n|-heal|p1a: Rillaboom|76\/100|[from] Grassy Terrain\n|upkeep\n|turn|17\n|inactive|biden brane has 270 seconds left.\n|\n|t:|1699125573\n|move|p2a: Iron Treads|Iron Defense|p2a: Iron Treads\n|-boost|p2a: Iron Treads|def|2\n|move|p1a: Rillaboom|Wood Hammer|p2a: Iron Treads\n|-damage|p2a: Iron Treads|30\/100\n|-damage|p1a: Rillaboom|59\/100|[from] Recoil\n|\n|-heal|p2a: Iron Treads|37\/100|[from] Grassy Terrain\n|-heal|p2a: Iron Treads|43\/100|[from] item: Leftovers\n|-heal|p1a: Rillaboom|65\/100|[from] Grassy Terrain\n|upkeep\n|turn|18\n|inactive|biden brane has 270 seconds left.\n|inactive|Wikit has 240 seconds left.\n|inactive|Wikit has 210 seconds left.\n|\n|t:|1699125628\n|move|p2a: Iron Treads|Volt Switch|p1a: Rillaboom\n|-resisted|p1a: Rillaboom\n|-damage|p1a: Rillaboom|58\/100\n|\n|t:|1699125638\n|-end|p2a: Iron Treads|Quark Drive|[silent]\n|switch|p2a: Lopunny|Lopunny-Mega, F|75\/100|[from] Volt Switch\n|move|p1a: Rillaboom|Wood Hammer|p2a: Lopunny\n|-damage|p2a: Lopunny|0 fnt\n|faint|p2a: Lopunny\n|-damage|p1a: Rillaboom|38\/100|[from] Recoil\n|\n|-heal|p1a: Rillaboom|44\/100|[from] Grassy Terrain\n|upkeep\n|\n|t:|1699125640\n|switch|p2a: Tapu Koko|Tapu Koko|39\/100\n|-fieldstart|move: Electric Terrain|[from] ability: Electric Surge|[of] p2a: Tapu Koko\n|turn|19\n|inactive|biden brane has 270 seconds left.\n|j| Bomby23\n|inactive|biden brane has 240 seconds left.\n|l| Bomby23\n|inactive|biden brane has 210 seconds left.\n|inactive|Wikit has 180 seconds left.\n|\n|t:|1699125723\n|switch|p1a: Regieleki|Regieleki|100\/100\n|move|p2a: Tapu Koko|Thunderbolt|p1a: Regieleki\n|-resisted|p1a: Regieleki\n|-damage|p1a: Regieleki|35\/100\n|\n|upkeep\n|turn|20\n|inactive|biden brane has 210 seconds left.\n|inactive|Wikit has 180 seconds left.\n|\n|t:|1699125750\n|switch|p1a: Tornadus|Tornadus-Therian, M|53\/100\n|switch|p2a: Iron Treads|Iron Treads|43\/100\n|-activate|p2a: Iron Treads|ability: Quark Drive\n|-start|p2a: Iron Treads|quarkdrivespe\n|\n|-heal|p2a: Iron Treads|49\/100|[from] item: Leftovers\n|upkeep\n|turn|21\n|j| Bomby23\n|\n|t:|1699125761\n|move|p2a: Iron Treads|Volt Switch|p1a: Tornadus\n|-supereffective|p1a: Tornadus\n|-damage|p1a: Tornadus|32\/100\n|\n|t:|1699125768\n|-end|p2a: Iron Treads|Quark Drive|[silent]\n|switch|p2a: Iron Valiant|Iron Valiant|100\/100|[from] Volt Switch\n|-activate|p2a: Iron Valiant|ability: Quark Drive\n|-start|p2a: Iron Valiant|quarkdrivespe\n|move|p1a: Tornadus|Heat Wave|p2a: Iron Valiant|[miss]\n|-miss|p1a: Tornadus|p2a: Iron Valiant\n|\n|upkeep\n|turn|22\n|inactive|Wikit has 180 seconds left.\n|inactive|Wikit has 150 seconds left.\n|\n|t:|1699125816\n|move|p2a: Iron Valiant|Thunderbolt|p1a: Tornadus\n|-supereffective|p1a: Tornadus\n|-damage|p1a: Tornadus|0 fnt\n|faint|p1a: Tornadus\n|-damage|p2a: Iron Valiant|91\/100|[from] item: Life Orb\n|\n|upkeep\n|inactive|biden brane has 180 seconds left.\n|\n|t:|1699125859\n|switch|p1a: Regieleki|Regieleki|35\/100\n|turn|23\n|inactive|Wikit has 150 seconds left.\n|\n|t:|1699125865\n|-end|p2a: Iron Valiant|Quark Drive|[silent]\n|switch|p2a: Iron Treads|Iron Treads|49\/100\n|-activate|p2a: Iron Treads|ability: Quark Drive\n|-start|p2a: Iron Treads|quarkdrivespe\n|move|p1a: Regieleki|Rising Voltage|p2a: Iron Treads\n|-immune|p2a: Iron Treads\n|\n|-heal|p2a: Iron Treads|55\/100|[from] item: Leftovers\n|-fieldend|move: Electric Terrain\n|-end|p2a: Iron Treads|Quark Drive\n|upkeep\n|turn|24\n|inactive|Wikit has 150 seconds left.\n|\n|t:|1699125883\n|switch|p1a: Rillaboom|Rillaboom, M|44\/100\n|-fieldstart|move: Grassy Terrain|[from] ability: Grassy Surge|[of] p1a: Rillaboom\n|move|p2a: Iron Treads|Rapid Spin|p1a: Rillaboom\n|-damage|p1a: Rillaboom|30\/100\n|-boost|p2a: Iron Treads|spe|1\n|\n|-heal|p2a: Iron Treads|62\/100|[from] Grassy Terrain\n|-heal|p2a: Iron Treads|68\/100|[from] item: Leftovers\n|-heal|p1a: Rillaboom|36\/100|[from] Grassy Terrain\n|upkeep\n|turn|25\n|inactive|Wikit has 150 seconds left.\n|l| Bomby23\n|\n|t:|1699125921\n|move|p1a: Rillaboom|Grassy Glide|p2a: Iron Treads\n|-damage|p2a: Iron Treads|28\/100\n|move|p2a: Iron Treads|Iron Defense|p2a: Iron Treads\n|-boost|p2a: Iron Treads|def|2\n|\n|-heal|p2a: Iron Treads|34\/100|[from] Grassy Terrain\n|-heal|p2a: Iron Treads|41\/100|[from] item: Leftovers\n|-heal|p1a: Rillaboom|42\/100|[from] Grassy Terrain\n|upkeep\n|turn|26\n|j| Bomby23\n|inactive|Wikit has 120 seconds left.\n|\n|t:|1699125942\n|move|p1a: Rillaboom|Grassy Glide|p2a: Iron Treads\n|-damage|p2a: Iron Treads|21\/100\n|move|p2a: Iron Treads|Iron Defense|p2a: Iron Treads\n|-boost|p2a: Iron Treads|def|2\n|\n|-heal|p2a: Iron Treads|27\/100|[from] Grassy Terrain\n|-heal|p2a: Iron Treads|34\/100|[from] item: Leftovers\n|-heal|p1a: Rillaboom|48\/100|[from] Grassy Terrain\n|upkeep\n|turn|27\n|inactive|Wikit has 120 seconds left.\n|\n|t:|1699125964\n|move|p1a: Rillaboom|Grassy Glide|p2a: Iron Treads\n|-damage|p2a: Iron Treads|20\/100\n|move|p2a: Iron Treads|Rapid Spin|p1a: Rillaboom\n|-damage|p1a: Rillaboom|34\/100\n|-boost|p2a: Iron Treads|spe|1\n|\n|-heal|p2a: Iron Treads|26\/100|[from] Grassy Terrain\n|-heal|p2a: Iron Treads|32\/100|[from] item: Leftovers\n|-heal|p1a: Rillaboom|40\/100|[from] Grassy Terrain\n|upkeep\n|turn|28\n|\n|t:|1699125978\n|move|p1a: Rillaboom|Grassy Glide|p2a: Iron Treads\n|-damage|p2a: Iron Treads|19\/100\n|move|p2a: Iron Treads|Iron Defense|p2a: Iron Treads\n|-boost|p2a: Iron Treads|def|2\n|\n|-heal|p2a: Iron Treads|25\/100|[from] Grassy Terrain\n|-heal|p2a: Iron Treads|31\/100|[from] item: Leftovers\n|-heal|p1a: Rillaboom|46\/100|[from] Grassy Terrain\n|-fieldend|move: Grassy Terrain\n|upkeep\n|turn|29\n|\n|t:|1699125990\n|move|p2a: Iron Treads|Body Press|p1a: Rillaboom\n|-crit|p1a: Rillaboom\n|-damage|p1a: Rillaboom|0 fnt\n|faint|p1a: Rillaboom\n|\n|-heal|p2a: Iron Treads|37\/100|[from] item: Leftovers\n|upkeep\n|\n|t:|1699125996\n|switch|p1a: Scizor|Scizor-Mega, F|76\/100\n|turn|30\n|\n|t:|1699126000\n|move|p2a: Iron Treads|Body Press|p1a: Scizor\n|-damage|p1a: Scizor|13\/100\n|move|p1a: Scizor|Brick Break|p2a: Iron Treads\n|-supereffective|p2a: Iron Treads\n|-damage|p2a: Iron Treads|28\/100\n|\n|-heal|p2a: Iron Treads|34\/100|[from] item: Leftovers\n|upkeep\n|turn|31\n|inactive|biden brane has 180 seconds left.\n|\n|t:|1699126011\n|move|p1a: Scizor|Bullet Punch|p2a: Iron Treads\n|-resisted|p2a: Iron Treads\n|-damage|p2a: Iron Treads|32\/100\n|move|p2a: Iron Treads|Body Press|p1a: Scizor\n|-damage|p1a: Scizor|0 fnt\n|faint|p1a: Scizor\n|\n|-heal|p2a: Iron Treads|38\/100|[from] item: Leftovers\n|upkeep\n|inactive|biden brane has 180 seconds left.\n|-message|biden brane forfeited.\n|\n|win|Wikit\n|l|\u2606biden brane\n|l| Bomby23\n","uploadtime":1699126102,"views":29,"p1id":"bidenbrane","p2id":"wikit","formatid":"gen9nationaldexubers","rating":0,"private":0,"password":""}