{"id":"gen9nationaldexubers-1980198574","p1":"kaden.woodard","p2":"Helpmehelphelp","format":"[Gen 9] National Dex Ubers","log":"|j|\u2606kaden.woodard\n|j|\u2606Helpmehelphelp\n|t:|1698765654\n|gametype|singles\n|player|p1|kaden.woodard|hilbert-wonderlauncher|1144\n|player|p2|Helpmehelphelp|cyclist-gen4|1171\n|teamsize|p1|6\n|teamsize|p2|6\n|gen|9\n|tier|[Gen 9] National Dex Ubers\n|rated|\n|rule|HP Percentage Mod: HP is shown in percentages\n|rule|Endless Battle Clause: Forcing endless battles is banned\n|rule|OHKO Clause: OHKO moves are banned\n|rule|Evasion Moves Clause: Evasion moves are banned\n|rule|Evasion Items Clause: Evasion items are banned\n|rule|Species Clause: Limit one of each Pok\u00e9mon\n|rule|Sleep Clause Mod: Limit one foe put to sleep\n|rule|Mega Rayquaza Clause: You cannot mega evolve Rayquaza\n|clearpoke\n|poke|p1|Groudon|\n|poke|p1|Kyogre|\n|poke|p1|Arceus-Fairy|\n|poke|p1|Mewtwo|\n|poke|p1|Zacian-*|\n|poke|p1|Iron Valiant|\n|poke|p2|Marshadow|\n|poke|p2|Clodsire, M|\n|poke|p2|Quagsire, M|\n|poke|p2|Greninja-*, M|\n|poke|p2|Corviknight, F|\n|poke|p2|Heatran, M|\n|teampreview\n|\n|t:|1698765662\n|start\n|switch|p1a: Mewtwo|Mewtwo, shiny|100\/100\n|switch|p2a: Corviknight|Corviknight, F|100\/100\n|-ability|p1a: Mewtwo|Pressure\n|-ability|p2a: Corviknight|Pressure\n|turn|1\n|\n|t:|1698765671\n|detailschange|p1a: Mewtwo|Mewtwo-Mega-Y, shiny\n|-mega|p1a: Mewtwo|Mewtwo|Mewtwonite Y\n|move|p1a: Mewtwo|Ice Beam|p2a: Corviknight\n|-damage|p2a: Corviknight|54\/100\n|move|p2a: Corviknight|Tailwind|p2a: Corviknight\n|-sidestart|p2: Helpmehelphelp|move: Tailwind\n|\n|upkeep\n|turn|2\n|\n|t:|1698765679\n|move|p1a: Mewtwo|Psychic|p2a: Corviknight\n|-resisted|p2a: Corviknight\n|-damage|p2a: Corviknight|19\/100\n|-enditem|p2a: Corviknight|Aguav Berry|[eat]\n|-heal|p2a: Corviknight|52\/100|[from] item: Aguav Berry\n|move|p2a: Corviknight|Roost|p2a: Corviknight\n|-heal|p2a: Corviknight|100\/100\n|-singleturn|p2a: Corviknight|move: Roost\n|\n|upkeep\n|turn|3\n|\n|t:|1698765687\n|move|p1a: Mewtwo|Ice Beam|p2a: Corviknight\n|-damage|p2a: Corviknight|52\/100\n|move|p2a: Corviknight|Brave Bird|p1a: Mewtwo\n|-damage|p1a: Mewtwo|49\/100\n|-damage|p2a: Corviknight|37\/100|[from] Recoil\n|\n|upkeep\n|turn|4\n|\n|t:|1698765704\n|move|p1a: Mewtwo|Ice Beam|p2a: Corviknight\n|-damage|p2a: Corviknight|0 fnt\n|faint|p2a: Corviknight\n|\n|-sideend|p2: Helpmehelphelp|move: Tailwind\n|upkeep\n|\n|t:|1698765717\n|switch|p2a: Greninja|Greninja, M|100\/100\n|turn|5\n|\n|t:|1698765725\n|move|p1a: Mewtwo|Shadow Ball|p2a: Greninja\n|-resisted|p2a: Greninja\n|-damage|p2a: Greninja|69\/100\n|-unboost|p2a: Greninja|spd|1\n|move|p2a: Greninja|Night Slash|p1a: Mewtwo\n|-supereffective|p1a: Mewtwo\n|-damage|p1a: Mewtwo|0 fnt\n|faint|p1a: Mewtwo\n|-ability|p2a: Greninja|Battle Bond|boost\n|-boost|p2a: Greninja|atk|1\n|-boost|p2a: Greninja|spa|1\n|-boost|p2a: Greninja|spe|1\n|-activate|p2a: Greninja|ability: Battle Bond\n|-damage|p2a: Greninja|59\/100|[from] item: Life Orb\n|\n|upkeep\n|\n|t:|1698765740\n|switch|p1a: Zacian|Zacian-Crowned, shiny|100\/100\n|-ability|p1a: Zacian|Intrepid Sword|boost\n|-boost|p1a: Zacian|atk|1\n|turn|6\n|\n|t:|1698765746\n|move|p2a: Greninja|Substitute|p2a: Greninja\n|-start|p2a: Greninja|Substitute\n|-damage|p2a: Greninja|34\/100\n|move|p1a: Zacian|Play Rough|p2a: Greninja\n|-supereffective|p2a: Greninja\n|-end|p2a: Greninja|Substitute\n|\n|upkeep\n|turn|7\n|\n|t:|1698765753\n|move|p2a: Greninja|Liquidation|p1a: Zacian\n|-damage|p1a: Zacian|29\/100\n|-unboost|p1a: Zacian|def|1\n|-damage|p2a: Greninja|24\/100|[from] item: Life Orb\n|move|p1a: Zacian|Play Rough|p2a: Greninja\n|-supereffective|p2a: Greninja\n|-damage|p2a: Greninja|0 fnt\n|faint|p2a: Greninja\n|\n|upkeep\n|\n|t:|1698765761\n|switch|p2a: Quagsire|Quagsire, M|100\/100\n|turn|8\n|\n|t:|1698765775\n|move|p1a: Zacian|Behemoth Blade|p2a: Quagsire\n|-resisted|p2a: Quagsire\n|-damage|p2a: Quagsire|80\/100\n|move|p2a: Quagsire|Stealth Rock|p1a: Zacian\n|-sidestart|p1: kaden.woodard|move: Stealth Rock\n|\n|-heal|p2a: Quagsire|86\/100|[from] item: Leftovers\n|upkeep\n|turn|9\n|\n|t:|1698765782\n|move|p1a: Zacian|Crunch|p2a: Quagsire\n|-damage|p2a: Quagsire|63\/100\n|move|p2a: Quagsire|Toxic Spikes|p1a: Zacian\n|-sidestart|p1: kaden.woodard|move: Toxic Spikes\n|\n|-heal|p2a: Quagsire|70\/100|[from] item: Leftovers\n|upkeep\n|turn|10\n|\n|t:|1698765788\n|move|p1a: Zacian|Crunch|p2a: Quagsire\n|-damage|p2a: Quagsire|44\/100\n|move|p2a: Quagsire|Recover|p2a: Quagsire\n|-heal|p2a: Quagsire|94\/100\n|\n|-heal|p2a: Quagsire|99\/100|[from] item: Leftovers\n|upkeep\n|turn|11\n|\n|t:|1698765794\n|move|p1a: Zacian|Crunch|p2a: Quagsire\n|-damage|p2a: Quagsire|76\/100\n|move|p2a: Quagsire|Spikes|p1a: Zacian\n|-sidestart|p1: kaden.woodard|Spikes\n|\n|-heal|p2a: Quagsire|82\/100|[from] item: Leftovers\n|upkeep\n|turn|12\n|\n|t:|1698765804\n|switch|p1a: Groudon|Groudon, shiny|100\/100\n|-damage|p1a: Groudon|94\/100|[from] Stealth Rock\n|-status|p1a: Groudon|psn\n|-damage|p1a: Groudon|82\/100 psn|[from] Spikes\n|detailschange|p1a: Groudon|Groudon-Primal, shiny\n|-primal|p1a: Groudon|Red Orb\n|-weather|DesolateLand|[from] ability: Desolate Land|[of] p1a: Groudon\n|move|p2a: Quagsire|Toxic Spikes|p1a: Groudon\n|-sidestart|p1: kaden.woodard|move: Toxic Spikes\n|\n|-weather|DesolateLand|[upkeep]\n|-heal|p2a: Quagsire|88\/100|[from] item: Leftovers\n|-damage|p1a: Groudon|70\/100 psn|[from] psn\n|upkeep\n|turn|13\n|\n|t:|1698765821\n|move|p1a: Groudon|Precipice Blades|p2a: Quagsire|[miss]\n|-miss|p1a: Groudon|p2a: Quagsire\n|move|p2a: Quagsire|Recover|p2a: Quagsire\n|-heal|p2a: Quagsire|100\/100\n|\n|-weather|DesolateLand|[upkeep]\n|-damage|p1a: Groudon|57\/100 psn|[from] psn\n|upkeep\n|turn|14\n|\n|t:|1698765829\n|move|p1a: Groudon|Precipice Blades|p2a: Quagsire\n|-damage|p2a: Quagsire|47\/100\n|move|p2a: Quagsire|Spikes|p1a: Groudon\n|-sidestart|p1: kaden.woodard|Spikes\n|\n|-weather|DesolateLand|[upkeep]\n|-heal|p2a: Quagsire|53\/100|[from] item: Leftovers\n|-damage|p1a: Groudon|45\/100 psn|[from] psn\n|upkeep\n|turn|15\n|\n|t:|1698765836\n|move|p1a: Groudon|Earthquake|p2a: Quagsire\n|-damage|p2a: Quagsire|7\/100\n|move|p2a: Quagsire|Recover|p2a: Quagsire\n|-heal|p2a: Quagsire|57\/100\n|\n|-weather|DesolateLand|[upkeep]\n|-heal|p2a: Quagsire|63\/100|[from] item: Leftovers\n|-damage|p1a: Groudon|33\/100 psn|[from] psn\n|upkeep\n|turn|16\n|\n|t:|1698765843\n|move|p1a: Groudon|Precipice Blades|p2a: Quagsire\n|-damage|p2a: Quagsire|5\/100\n|move|p2a: Quagsire|Recover|p2a: Quagsire\n|-heal|p2a: Quagsire|55\/100\n|\n|-weather|DesolateLand|[upkeep]\n|-heal|p2a: Quagsire|61\/100|[from] item: Leftovers\n|-damage|p1a: Groudon|20\/100 psn|[from] psn\n|upkeep\n|turn|17\n|\n|t:|1698765852\n|move|p1a: Groudon|Precipice Blades|p2a: Quagsire\n|-damage|p2a: Quagsire|6\/100\n|move|p2a: Quagsire|Recover|p2a: Quagsire\n|-heal|p2a: Quagsire|56\/100\n|\n|-weather|DesolateLand|[upkeep]\n|-heal|p2a: Quagsire|62\/100|[from] item: Leftovers\n|-damage|p1a: Groudon|8\/100 psn|[from] psn\n|upkeep\n|turn|18\n|\n|t:|1698765861\n|move|p1a: Groudon|Dragon Claw|p2a: Quagsire\n|-damage|p2a: Quagsire|37\/100\n|move|p2a: Quagsire|Recover|p2a: Quagsire\n|-heal|p2a: Quagsire|87\/100\n|\n|-weather|DesolateLand|[upkeep]\n|-heal|p2a: Quagsire|93\/100|[from] item: Leftovers\n|-damage|p1a: Groudon|0 fnt|[from] psn\n|faint|p1a: Groudon\n|-weather|none\n|upkeep\n|\n|t:|1698765871\n|switch|p1a: Iron Valiant|Iron Valiant|100\/100\n|-damage|p1a: Iron Valiant|94\/100|[from] Stealth Rock\n|-status|p1a: Iron Valiant|tox\n|-damage|p1a: Iron Valiant|78\/100 tox|[from] Spikes\n|turn|19\n|\n|t:|1698765879\n|move|p1a: Iron Valiant|Poison Jab|p2a: Quagsire\n|-resisted|p2a: Quagsire\n|-damage|p2a: Quagsire|84\/100\n|move|p2a: Quagsire|Spikes|p1a: Iron Valiant\n|-sidestart|p1: kaden.woodard|Spikes\n|\n|-heal|p2a: Quagsire|90\/100|[from] item: Leftovers\n|-damage|p1a: Iron Valiant|71\/100 tox|[from] psn\n|upkeep\n|turn|20\n|\n|t:|1698765895\n|move|p1a: Iron Valiant|Moonblast|p2a: Quagsire\n|-damage|p2a: Quagsire|34\/100\n|move|p2a: Quagsire|Stealth Rock||[still]\n|-fail|p2a: Quagsire\n|\n|-heal|p2a: Quagsire|40\/100|[from] item: Leftovers\n|-damage|p1a: Iron Valiant|59\/100 tox|[from] psn\n|upkeep\n|turn|21\n|\n|t:|1698765902\n|move|p1a: Iron Valiant|Moonblast|p2a: Quagsire\n|-damage|p2a: Quagsire|0 fnt\n|faint|p2a: Quagsire\n|\n|-damage|p1a: Iron Valiant|40\/100 tox|[from] psn\n|upkeep\n|\n|t:|1698765919\n|switch|p2a: Clodsire|Clodsire, M|100\/100\n|turn|22\n|\n|t:|1698765939\n|move|p1a: Iron Valiant|Aura Sphere|p2a: Clodsire\n|-resisted|p2a: Clodsire\n|-damage|p2a: Clodsire|90\/100\n|move|p2a: Clodsire|Curse|p2a: Clodsire\n|-unboost|p2a: Clodsire|spe|1\n|-boost|p2a: Clodsire|atk|1\n|-boost|p2a: Clodsire|def|1\n|\n|-heal|p2a: Clodsire|96\/100|[from] item: Leftovers\n|-damage|p1a: Iron Valiant|15\/100 tox|[from] psn\n|upkeep\n|turn|23\n|\n|t:|1698765949\n|move|p1a: Iron Valiant|Moonblast|p2a: Clodsire\n|-resisted|p2a: Clodsire\n|-damage|p2a: Clodsire|85\/100\n|-unboost|p2a: Clodsire|spa|1\n|move|p2a: Clodsire|Curse|p2a: Clodsire\n|-unboost|p2a: Clodsire|spe|1\n|-boost|p2a: Clodsire|atk|1\n|-boost|p2a: Clodsire|def|1\n|\n|-heal|p2a: Clodsire|91\/100|[from] item: Leftovers\n|-damage|p1a: Iron Valiant|0 fnt|[from] psn\n|faint|p1a: Iron Valiant\n|-end|p1a: Iron Valiant|Quark Drive|[silent]\n|upkeep\n|\n|t:|1698765965\n|switch|p1a: Kyogre|Kyogre, shiny|100\/100\n|-damage|p1a: Kyogre|88\/100|[from] Stealth Rock\n|-status|p1a: Kyogre|tox\n|-damage|p1a: Kyogre|63\/100 tox|[from] Spikes\n|detailschange|p1a: Kyogre|Kyogre-Primal, shiny\n|-primal|p1a: Kyogre|Blue Orb\n|-weather|PrimordialSea|[from] ability: Primordial Sea|[of] p1a: Kyogre\n|turn|24\n|\n|t:|1698765979\n|-terastallize|p2a: Clodsire|Grass\n|move|p1a: Kyogre|Hidden Power|p2a: Clodsire\n|-supereffective|p2a: Clodsire\n|-damage|p2a: Clodsire|58\/100\n|move|p2a: Clodsire|Gunk Shot|p1a: Kyogre\n|-damage|p1a: Kyogre|0 fnt\n|faint|p1a: Kyogre\n|-weather|none\n|\n|-heal|p2a: Clodsire|65\/100|[from] item: Leftovers\n|upkeep\n|\n|t:|1698765991\n|switch|p1a: Zacian|Zacian-Crowned, shiny|29\/100\n|-damage|p1a: Zacian|22\/100|[from] Stealth Rock\n|-damage|p1a: Zacian|0 fnt|[from] Spikes\n|faint|p1a: Zacian\n|\n|t:|1698765999\n|switch|p1a: Arceus|Arceus-Fairy|100\/100\n|-damage|p1a: Arceus|88\/100|[from] Stealth Rock\n|-status|p1a: Arceus|tox\n|-damage|p1a: Arceus|63\/100 tox|[from] Spikes\n|turn|25\n|\n|t:|1698766012\n|move|p1a: Arceus|Extreme Speed|p2a: Clodsire\n|-damage|p2a: Clodsire|53\/100\n|move|p2a: Clodsire|Gunk Shot|p1a: Arceus|[miss]\n|-miss|p2a: Clodsire|p1a: Arceus\n|\n|-heal|p2a: Clodsire|59\/100|[from] item: Leftovers\n|-damage|p1a: Arceus|57\/100 tox|[from] psn\n|upkeep\n|turn|26\n|\n|t:|1698766021\n|move|p1a: Arceus|Dazzling Gleam|p2a: Clodsire\n|-damage|p2a: Clodsire|29\/100\n|move|p2a: Clodsire|Gunk Shot|p1a: Arceus\n|-supereffective|p1a: Arceus\n|-damage|p1a: Arceus|0 fnt\n|faint|p1a: Arceus\n|\n|win|Helpmehelphelp\n|raw|kaden.woodard's rating: 1144 &rarr; <strong>1121<\/strong><br \/>(-23 for losing)\n|raw|Helpmehelphelp's rating: 1171 &rarr; <strong>1194<\/strong><br \/>(+23 for winning)\n|l|\u2606kaden.woodard\n","uploadtime":1698766031,"views":13,"p1id":"kadenwoodard","p2id":"helpmehelphelp","formatid":"gen9nationaldexubers","rating":1121,"private":0,"password":""}