{"id":"gen9nationaldexubers-1989001561","p1":"steely weirdo","p2":"shimimba","format":"[Gen 9] National Dex Ubers","log":"|j|\u2606steely weirdo\n|j|\u2606shimimba\n|t:|1699800695\n|gametype|singles\n|player|p1|steely weirdo|iris-gen5bw2|1239\n|player|p2|shimimba|170|1180\n|teamsize|p1|6\n|teamsize|p2|6\n|gen|9\n|tier|[Gen 9] National Dex Ubers\n|rated|\n|rule|HP Percentage Mod: HP is shown in percentages\n|rule|Endless Battle Clause: Forcing endless battles is banned\n|rule|OHKO Clause: OHKO moves are banned\n|rule|Evasion Moves Clause: Evasion moves are banned\n|rule|Evasion Items Clause: Evasion items are banned\n|rule|Species Clause: Limit one of each Pok\u00e9mon\n|rule|Sleep Clause Mod: Limit one foe put to sleep\n|rule|Mega Rayquaza Clause: You cannot mega evolve Rayquaza\n|clearpoke\n|poke|p1|Darmanitan-Galar, M|\n|poke|p1|Zacian-*|\n|poke|p1|Arceus|\n|poke|p1|Blaziken, F|\n|poke|p1|Deoxys-Speed|\n|poke|p1|Necrozma-Dusk-Mane|\n|poke|p2|Meowscarada, F|\n|poke|p2|Mawile, F|\n|poke|p2|Darmanitan-Galar, F|\n|poke|p2|Lugia|\n|poke|p2|Heatran, M|\n|poke|p2|Hatterene, F|\n|teampreview\n|\n|t:|1699800699\n|start\n|switch|p1a: Necrozma|Necrozma-Dusk-Mane|100\/100\n|switch|p2a: Meowscarada|Meowscarada, F|100\/100\n|turn|1\n|\n|t:|1699800711\n|move|p2a: Meowscarada|U-turn|p1a: Necrozma\n|-start|p2a: Meowscarada|typechange|Bug|[from] ability: Protean\n|-damage|p1a: Necrozma|62\/100\n|\n|t:|1699800716\n|switch|p2a: Heatran|Heatran, M|100\/100|[from] U-turn\n|move|p1a: Necrozma|Dragon Dance|p1a: Necrozma\n|-boost|p1a: Necrozma|atk|1\n|-boost|p1a: Necrozma|spe|1\n|\n|upkeep\n|turn|2\n|\n|t:|1699800727\n|switch|p2a: Lugia|Lugia, shiny|100\/100\n|detailschange|p1a: Necrozma|Necrozma-Ultra\n|-burst|p1a: Necrozma|Necrozma|Ultranecrozium Z\n|move|p1a: Necrozma|Photon Geyser|p2a: Lugia\n|-resisted|p2a: Lugia\n|-damage|p2a: Lugia|75\/100\n|\n|upkeep\n|turn|3\n|\n|t:|1699800739\n|move|p1a: Necrozma|Moonlight|p1a: Necrozma\n|-heal|p1a: Necrozma|100\/100\n|move|p2a: Lugia|Whirlwind|p1a: Necrozma\n|drag|p1a: Blaziken|Blaziken, F|100\/100\n|\n|upkeep\n|turn|4\n|\n|t:|1699800751\n|move|p1a: Blaziken|Thunder Punch|p2a: Lugia\n|-supereffective|p2a: Lugia\n|-damage|p2a: Lugia|50\/100\n|move|p2a: Lugia|Roost|p2a: Lugia\n|-heal|p2a: Lugia|99\/100\n|-singleturn|p2a: Lugia|move: Roost\n|\n|-ability|p1a: Blaziken|Speed Boost|boost\n|-boost|p1a: Blaziken|spe|1\n|upkeep\n|turn|5\n|\n|t:|1699800760\n|move|p1a: Blaziken|Power-Up Punch|p2a: Lugia\n|-resisted|p2a: Lugia\n|-damage|p2a: Lugia|97\/100\n|-boost|p1a: Blaziken|atk|1\n|move|p2a: Lugia|Toxic|p1a: Blaziken|[miss]\n|-miss|p2a: Lugia|p1a: Blaziken\n|\n|-ability|p1a: Blaziken|Speed Boost|boost\n|-boost|p1a: Blaziken|spe|1\n|upkeep\n|turn|6\n|\n|t:|1699800773\n|move|p1a: Blaziken|Power-Up Punch|p2a: Lugia\n|-resisted|p2a: Lugia\n|-damage|p2a: Lugia|94\/100\n|-boost|p1a: Blaziken|atk|1\n|move|p2a: Lugia|Toxic|p1a: Blaziken\n|-status|p1a: Blaziken|tox\n|\n|-damage|p1a: Blaziken|95\/100 tox|[from] psn\n|-ability|p1a: Blaziken|Speed Boost|boost\n|-boost|p1a: Blaziken|spe|1\n|upkeep\n|turn|7\n|\n|t:|1699800785\n|detailschange|p1a: Blaziken|Blaziken-Mega, F\n|-mega|p1a: Blaziken|Blaziken|Blazikenite\n|move|p1a: Blaziken|Thunder Punch|p2a: Lugia\n|-supereffective|p2a: Lugia\n|-damage|p2a: Lugia|28\/100\n|move|p2a: Lugia|Whirlwind|p1a: Blaziken\n|drag|p1a: Darmanitan|Darmanitan-Galar, M|100\/100\n|\n|upkeep\n|turn|8\n|\n|t:|1699800804\n|move|p1a: Darmanitan|U-turn|p2a: Lugia\n|-damage|p2a: Lugia|6\/100\n|\n|t:|1699800807\n|switch|p1a: Zacian|Zacian-Crowned|100\/100|[from] U-turn\n|-ability|p1a: Zacian|Intrepid Sword|boost\n|-boost|p1a: Zacian|atk|1\n|move|p2a: Lugia|Roost|p2a: Lugia\n|-heal|p2a: Lugia|56\/100\n|-singleturn|p2a: Lugia|move: Roost\n|\n|upkeep\n|turn|9\n|\n|t:|1699800820\n|move|p1a: Zacian|Behemoth Blade|p2a: Lugia\n|-damage|p2a: Lugia|12\/100\n|move|p2a: Lugia|Whirlwind|p1a: Zacian\n|drag|p1a: Blaziken|Blaziken-Mega, F|95\/100 tox\n|\n|-damage|p1a: Blaziken|89\/100 tox|[from] psn\n|upkeep\n|turn|10\n|\n|t:|1699800830\n|move|p1a: Blaziken|Thunder Punch|p2a: Lugia\n|-supereffective|p2a: Lugia\n|-damage|p2a: Lugia|0 fnt\n|faint|p2a: Lugia\n|\n|-damage|p1a: Blaziken|77\/100 tox|[from] psn\n|-ability|p1a: Blaziken|Speed Boost|boost\n|-boost|p1a: Blaziken|spe|1\n|upkeep\n|\n|t:|1699800832\n|switch|p2a: Heatran|Heatran, M|100\/100\n|turn|11\n|\n|t:|1699800843\n|move|p1a: Blaziken|Power-Up Punch|p2a: Heatran\n|-supereffective|p2a: Heatran\n|-damage|p2a: Heatran|66\/100\n|-boost|p1a: Blaziken|atk|1\n|move|p2a: Heatran|Earth Power|p1a: Blaziken\n|-supereffective|p1a: Blaziken\n|-damage|p1a: Blaziken|4\/100 tox\n|\n|-damage|p1a: Blaziken|0 fnt|[from] psn\n|faint|p1a: Blaziken\n|upkeep\n|\n|t:|1699800855\n|switch|p1a: Arceus|Arceus|100\/100\n|turn|12\n|\n|t:|1699800863\n|switch|p2a: Meowscarada|Meowscarada, F|100\/100\n|move|p1a: Arceus|Dragon Dance|p1a: Arceus\n|-boost|p1a: Arceus|atk|1\n|-boost|p1a: Arceus|spe|1\n|\n|upkeep\n|turn|13\n|\n|t:|1699800871\n|move|p1a: Arceus|Extreme Speed|p2a: Meowscarada\n|-damage|p2a: Meowscarada|0 fnt\n|faint|p2a: Meowscarada\n|-damage|p1a: Arceus|91\/100|[from] item: Life Orb\n|\n|upkeep\n|\n|t:|1699800874\n|switch|p2a: Mawile|Mawile, F, shiny|100\/100\n|-ability|p2a: Mawile|Intimidate|boost\n|-unboost|p1a: Arceus|atk|1\n|turn|14\n|\n|t:|1699800882\n|detailschange|p2a: Mawile|Mawile-Mega, F, shiny\n|-mega|p2a: Mawile|Mawile|Mawilite\n|move|p1a: Arceus|Earthquake|p2a: Mawile\n|-supereffective|p2a: Mawile\n|-damage|p2a: Mawile|24\/100\n|-damage|p1a: Arceus|81\/100|[from] item: Life Orb\n|move|p2a: Mawile|Swords Dance|p2a: Mawile\n|-boost|p2a: Mawile|atk|2\n|\n|upkeep\n|turn|15\n|\n|t:|1699800892\n|move|p2a: Mawile|Sucker Punch|p1a: Arceus\n|-damage|p1a: Arceus|12\/100\n|move|p1a: Arceus|Earthquake|p2a: Mawile\n|-supereffective|p2a: Mawile\n|-damage|p2a: Mawile|0 fnt\n|faint|p2a: Mawile\n|-damage|p1a: Arceus|2\/100|[from] item: Life Orb\n|\n|upkeep\n|\n|t:|1699800897\n|switch|p2a: Darmanitan|Darmanitan-Galar, F|100\/100\n|turn|16\n|\n|t:|1699800904\n|move|p1a: Arceus|Extreme Speed|p2a: Darmanitan\n|-damage|p2a: Darmanitan|23\/100\n|-damage|p1a: Arceus|0 fnt|[from] item: Life Orb\n|faint|p1a: Arceus\n|move|p2a: Darmanitan|U-turn|p1: Arceus|[notarget]\n|-fail|p2a: Darmanitan\n|\n|upkeep\n|\n|t:|1699800912\n|switch|p1a: Darmanitan|Darmanitan-Galar, M|100\/100\n|turn|17\n|\n|t:|1699800918\n|move|p2a: Darmanitan|U-turn|p1a: Darmanitan\n|-damage|p1a: Darmanitan|39\/100\n|\n|t:|1699800921\n|switch|p2a: Heatran|Heatran, M|66\/100|[from] U-turn\n|move|p1a: Darmanitan|U-turn|p2a: Heatran\n|-resisted|p2a: Heatran\n|-damage|p2a: Heatran|60\/100\n|\n|t:|1699800933\n|switch|p1a: Zacian|Zacian-Crowned|100\/100|[from] U-turn\n|\n|upkeep\n|turn|18\n|\n|t:|1699800945\n|move|p1a: Zacian|Behemoth Blade|p2a: Heatran\n|-resisted|p2a: Heatran\n|-damage|p2a: Heatran|51\/100\n|move|p2a: Heatran|Magma Storm|p1a: Zacian|[miss]\n|-miss|p2a: Heatran|p1a: Zacian\n|\n|upkeep\n|turn|19\n|\n|t:|1699800953\n|move|p1a: Zacian|Behemoth Blade|p2a: Heatran\n|-resisted|p2a: Heatran\n|-damage|p2a: Heatran|41\/100\n|move|p2a: Heatran|Magma Storm|p1a: Zacian\n|-supereffective|p1a: Zacian\n|-damage|p1a: Zacian|8\/100\n|-activate|p1a: Zacian|move: Magma Storm|[of] p2a: Heatran\n|\n|-damage|p1a: Zacian|0 fnt|[from] move: Magma Storm|[partiallytrapped]\n|faint|p1a: Zacian\n|upkeep\n|\n|t:|1699800965\n|switch|p1a: Darmanitan|Darmanitan-Galar, M|39\/100\n|turn|20\n|\n|t:|1699800976\n|-terastallize|p1a: Darmanitan|Ground\n|-terastallize|p2a: Heatran|Grass\n|move|p1a: Darmanitan|Earthquake|p2a: Heatran\n|-resisted|p2a: Heatran\n|-damage|p2a: Heatran|13\/100\n|move|p2a: Heatran|Magma Storm|p1a: Darmanitan\n|-damage|p1a: Darmanitan|0 fnt\n|faint|p1a: Darmanitan\n|\n|upkeep\n|\n|t:|1699800987\n|switch|p1a: Deoxys|Deoxys-Speed|100\/100\n|-ability|p1a: Deoxys|Pressure\n|turn|21\n|\n|t:|1699800992\n|move|p1a: Deoxys|Power-Up Punch|p2a: Heatran\n|-damage|p2a: Heatran|2\/100\n|-boost|p1a: Deoxys|atk|1\n|-damage|p1a: Deoxys|91\/100|[from] item: Life Orb\n|move|p2a: Heatran|Magma Storm|p1a: Deoxys\n|-damage|p1a: Deoxys|19\/100\n|-activate|p1a: Deoxys|move: Magma Storm|[of] p2a: Heatran\n|\n|-damage|p1a: Deoxys|7\/100|[from] move: Magma Storm|[partiallytrapped]\n|upkeep\n|turn|22\n|\n|t:|1699801005\n|move|p1a: Deoxys|Recover|p1a: Deoxys\n|-heal|p1a: Deoxys|57\/100\n|move|p2a: Heatran|Flash Cannon|p1a: Deoxys\n|-damage|p1a: Deoxys|0 fnt\n|faint|p1a: Deoxys\n|\n|upkeep\n|\n|t:|1699801013\n|switch|p1a: Necrozma|Necrozma-Ultra|100\/100\n|turn|23\n|\n|t:|1699801022\n|switch|p2a: Hatterene|Hatterene, F, shiny|100\/100\n|move|p1a: Necrozma|Dragon Dance|p1a: Necrozma\n|-boost|p1a: Necrozma|atk|1\n|-boost|p1a: Necrozma|spe|1\n|\n|upkeep\n|turn|24\n|\n|t:|1699801030\n|move|p1a: Necrozma|Sunsteel Strike|p2a: Hatterene\n|-supereffective|p2a: Hatterene\n|-enditem|p2a: Hatterene|Focus Sash\n|-damage|p2a: Hatterene|1\/100\n|move|p2a: Hatterene|Trick Room|p2a: Hatterene\n|-fieldstart|move: Trick Room|[of] p2a: Hatterene\n|\n|upkeep\n|turn|25\n|\n|t:|1699801038\n|move|p2a: Hatterene|Draining Kiss|p1a: Necrozma\n|-supereffective|p1a: Necrozma\n|-damage|p1a: Necrozma|40\/100\n|-heal|p2a: Hatterene|49\/100|[from] drain|[of] p1a: Necrozma\n|move|p1a: Necrozma|Moonlight|p1a: Necrozma\n|-heal|p1a: Necrozma|89\/100\n|\n|upkeep\n|turn|26\n|\n|t:|1699801046\n|move|p2a: Hatterene|Calm Mind|p2a: Hatterene\n|-boost|p2a: Hatterene|spa|1\n|-boost|p2a: Hatterene|spd|1\n|move|p1a: Necrozma|Moonlight|p1a: Necrozma\n|-heal|p1a: Necrozma|100\/100\n|\n|upkeep\n|turn|27\n|\n|t:|1699801059\n|move|p2a: Hatterene|Draining Kiss|p1a: Necrozma\n|-supereffective|p1a: Necrozma\n|-damage|p1a: Necrozma|4\/100\n|-heal|p2a: Hatterene|100\/100|[from] drain|[of] p1a: Necrozma\n|move|p1a: Necrozma|Sunsteel Strike|p2a: Hatterene\n|-supereffective|p2a: Hatterene\n|-damage|p2a: Hatterene|0 fnt\n|faint|p2a: Hatterene\n|\n|upkeep\n|\n|t:|1699801069\n|switch|p2a: Heatran|Heatran, M, tera:Grass|2\/100\n|turn|28\n|\n|t:|1699801072\n|move|p2a: Heatran|Flash Cannon|p1a: Necrozma\n|-damage|p1a: Necrozma|0 fnt\n|faint|p1a: Necrozma\n|\n|win|shimimba\n|raw|steely weirdo's rating: 1239 &rarr; <strong>1210<\/strong><br \/>(-29 for losing)\n|raw|shimimba's rating: 1180 &rarr; <strong>1209<\/strong><br \/>(+29 for winning)\n|l|\u2606steely weirdo\n","uploadtime":1699801370,"views":5,"p1id":"steelyweirdo","p2id":"shimimba","formatid":"gen9nationaldexubers","rating":1209,"private":0,"password":""}