{"id":"gen9nationaldexubers-1982049608","p1":"doomham","p2":"doubletrouble83","format":"[Gen 9] National Dex Ubers","log":"|j|\u2606doomham\n|j|\u2606doubletrouble83\n|t:|1698962875\n|gametype|singles\n|player|p1|doomham|169|1167\n|player|p2|doubletrouble83|n|1337\n|teamsize|p1|6\n|teamsize|p2|6\n|gen|9\n|tier|[Gen 9] National Dex Ubers\n|rated|\n|rule|HP Percentage Mod: HP is shown in percentages\n|rule|Endless Battle Clause: Forcing endless battles is banned\n|rule|OHKO Clause: OHKO moves are banned\n|rule|Evasion Moves Clause: Evasion moves are banned\n|rule|Evasion Items Clause: Evasion items are banned\n|rule|Species Clause: Limit one of each Pok\u00e9mon\n|rule|Sleep Clause Mod: Limit one foe put to sleep\n|rule|Mega Rayquaza Clause: You cannot mega evolve Rayquaza\n|clearpoke\n|poke|p1|Annihilape, M|\n|poke|p1|Diancie|\n|poke|p1|Regieleki|\n|poke|p1|Gliscor, M|\n|poke|p1|Roaring Moon|\n|poke|p1|Amoonguss, F|\n|poke|p2|Basculegion, M|\n|poke|p2|Xerneas-*|\n|poke|p2|Marshadow|\n|poke|p2|Deoxys-Speed|\n|poke|p2|Zacian-*|\n|poke|p2|Pelipper, M|\n|teampreview\n|inactive|Battle timer is ON: inactive players will automatically lose when time's up. (requested by doubletrouble83)\n|\n|t:|1698962886\n|start\n|switch|p1a: Regieleki|Regieleki, shiny|100\/100\n|switch|p2a: Deoxys|Deoxys-Speed|100\/100\n|-ability|p2a: Deoxys|Pressure\n|turn|1\n|\n|t:|1698962896\n|move|p1a: Regieleki|Volt Switch|p2a: Deoxys\n|-damage|p2a: Deoxys|37\/100\n|\n|t:|1698962905\n|switch|p1a: Roaring Moon|Roaring Moon|100\/100|[from] Volt Switch\n|-enditem|p1a: Roaring Moon|Booster Energy\n|-activate|p1a: Roaring Moon|ability: Protosynthesis|[fromitem]\n|-start|p1a: Roaring Moon|protosynthesisatk\n|move|p2a: Deoxys|Taunt|p1a: Roaring Moon\n|-start|p1a: Roaring Moon|move: Taunt\n|\n|upkeep\n|turn|2\n|\n|t:|1698962916\n|move|p2a: Deoxys|Stealth Rock|p1a: Roaring Moon\n|-sidestart|p1: doomham|move: Stealth Rock\n|move|p1a: Roaring Moon|Acrobatics|p2a: Deoxys\n|-damage|p2a: Deoxys|0 fnt\n|faint|p2a: Deoxys\n|\n|upkeep\n|\n|t:|1698962925\n|switch|p2a: Xerneas|Xerneas|100\/100\n|-ability|p2a: Xerneas|Fairy Aura\n|turn|3\n|\n|t:|1698962932\n|-end|p1a: Roaring Moon|Protosynthesis|[silent]\n|switch|p1a: Amoonguss|Amoonguss, F|100\/100\n|-damage|p1a: Amoonguss|88\/100|[from] Stealth Rock\n|move|p2a: Xerneas|Geomancy||[still]\n|-prepare|p2a: Xerneas|Geomancy\n|-enditem|p2a: Xerneas|Power Herb\n|-anim|p2a: Xerneas|Geomancy|p2a: Xerneas\n|-boost|p2a: Xerneas|spa|2\n|-boost|p2a: Xerneas|spd|2\n|-boost|p2a: Xerneas|spe|2\n|\n|-heal|p1a: Amoonguss|94\/100|[from] item: Leftovers\n|upkeep\n|turn|4\n|\n|t:|1698962944\n|move|p2a: Xerneas|Substitute|p2a: Xerneas\n|-start|p2a: Xerneas|Substitute\n|-damage|p2a: Xerneas|76\/100\n|move|p1a: Amoonguss|Spore||[still]\n|-fail|p1a: Amoonguss\n|\n|-heal|p1a: Amoonguss|100\/100|[from] item: Leftovers\n|upkeep\n|turn|5\n|\n|t:|1698962951\n|move|p2a: Xerneas|Moonblast|p1a: Amoonguss\n|-resisted|p1a: Amoonguss\n|-damage|p1a: Amoonguss|42\/100\n|-unboost|p1a: Amoonguss|spa|1\n|move|p1a: Amoonguss|Giga Drain|p2a: Xerneas\n|-activate|p2a: Xerneas|move: Substitute|[damage]\n|-heal|p1a: Amoonguss|46\/100|[from] drain|[of] p2a: Xerneas\n|\n|-heal|p1a: Amoonguss|52\/100|[from] item: Leftovers\n|upkeep\n|turn|6\n|\n|t:|1698962961\n|move|p2a: Xerneas|Moonblast|p1a: Amoonguss\n|-resisted|p1a: Amoonguss\n|-damage|p1a: Amoonguss|0 fnt\n|faint|p1a: Amoonguss\n|\n|upkeep\n|-message|doomham forfeited.\n|\n|win|doubletrouble83\n|raw|doomham's rating: 1167 &rarr; <strong>1153<\/strong><br \/>(-14 for losing)\n|raw|doubletrouble83's rating: 1337 &rarr; <strong>1348<\/strong><br \/>(+11 for winning)\n|l|\u2606doomham\n|l|\u2606doubletrouble83\n|j|\u2606doubletrouble83\n|player|p2|doubletrouble83|n\n","uploadtime":1698962987,"views":5,"p1id":"doomham","p2id":"doubletrouble83","formatid":"gen9nationaldexubers","rating":1153,"private":0,"password":""}