{"id":"gen9nationaldexubers-1982585086","p1":"Darlang","p2":"KINGKRICH","format":"[Gen 9] National Dex Ubers","log":"|j|\u2606Darlang\n|j|\u2606KINGKRICH\n|t:|1699027595\n|gametype|singles\n|player|p1|Darlang|2|1000\n|player|p2|KINGKRICH|buck|1101\n|teamsize|p1|6\n|teamsize|p2|6\n|gen|9\n|tier|[Gen 9] National Dex Ubers\n|rated|\n|rule|HP Percentage Mod: HP is shown in percentages\n|rule|Endless Battle Clause: Forcing endless battles is banned\n|rule|OHKO Clause: OHKO moves are banned\n|rule|Evasion Moves Clause: Evasion moves are banned\n|rule|Evasion Items Clause: Evasion items are banned\n|rule|Species Clause: Limit one of each Pok\u00e9mon\n|rule|Sleep Clause Mod: Limit one foe put to sleep\n|rule|Mega Rayquaza Clause: You cannot mega evolve Rayquaza\n|clearpoke\n|poke|p1|Gliscor, F|\n|poke|p1|Ribombee, M|\n|poke|p1|Blacephalon|\n|poke|p1|Golem-Alola, F|\n|poke|p1|Kingambit, F|\n|poke|p1|Rabsca, F|\n|poke|p2|Charizard, M|\n|poke|p2|Chandelure, F|\n|poke|p2|Talonflame, M|\n|poke|p2|Greninja-*, M|\n|poke|p2|Rapidash, M|\n|poke|p2|Incineroar, M|\n|teampreview\n|\n|t:|1699027607\n|start\n|switch|p1a: Ribombee|Ribombee, M|100\/100\n|switch|p2a: Greninja|Greninja, M|100\/100\n|turn|1\n|\n|t:|1699027620\n|move|p1a: Ribombee|Sticky Web|p2a: Greninja\n|-sidestart|p2: KINGKRICH|move: Sticky Web\n|move|p2a: Greninja|Gunk Shot|p1a: Ribombee\n|-start|p2a: Greninja|typechange|Poison|[from] ability: Protean\n|-supereffective|p1a: Ribombee\n|-enditem|p1a: Ribombee|Focus Sash\n|-damage|p1a: Ribombee|1\/100\n|\n|upkeep\n|turn|2\n|\n|t:|1699027632\n|move|p2a: Greninja|Water Shuriken|p1a: Ribombee\n|-damage|p1a: Ribombee|0 fnt\n|faint|p1a: Ribombee\n|-hitcount|p1: Ribombee|1\n|\n|upkeep\n|\n|t:|1699027651\n|switch|p1a: Gliscor|Gliscor, F|100\/100\n|turn|3\n|\n|t:|1699027657\n|-terastallize|p1a: Gliscor|Normal\n|move|p2a: Greninja|Water Shuriken|p1a: Gliscor\n|-damage|p1a: Gliscor|94\/100\n|-damage|p1a: Gliscor|87\/100\n|-damage|p1a: Gliscor|81\/100\n|-hitcount|p1a: Gliscor|3\n|move|p1a: Gliscor|Earthquake|p2a: Greninja\n|-supereffective|p2a: Greninja\n|-enditem|p2a: Greninja|Focus Sash\n|-damage|p2a: Greninja|1\/100\n|\n|-status|p1a: Gliscor|tox|[from] item: Toxic Orb\n|upkeep\n|turn|4\n|\n|t:|1699027671\n|move|p2a: Greninja|Dark Pulse|p1a: Gliscor\n|-damage|p1a: Gliscor|45\/100 tox\n|move|p1a: Gliscor|Earthquake|p2a: Greninja\n|-supereffective|p2a: Greninja\n|-damage|p2a: Greninja|0 fnt\n|faint|p2a: Greninja\n|\n|-heal|p1a: Gliscor|58\/100 tox|[from] ability: Poison Heal\n|upkeep\n|\n|t:|1699027681\n|switch|p2a: Talonflame|Talonflame, M|100\/100\n|turn|5\n|\n|t:|1699027686\n|move|p2a: Talonflame|Defog|p1a: Gliscor\n|-unboost|p1a: Gliscor|evasion|1\n|-sideend|p2: KINGKRICH|Sticky Web|[from] move: Defog|[of] p2a: Talonflame\n|move|p1a: Gliscor|Facade|p2a: Talonflame\n|-damage|p2a: Talonflame|2\/100\n|\n|-heal|p1a: Gliscor|70\/100 tox|[from] ability: Poison Heal\n|upkeep\n|turn|6\n|\n|t:|1699027694\n|move|p2a: Talonflame|Flare Blitz|p1a: Gliscor\n|-damage|p1a: Gliscor|30\/100 tox\n|-damage|p2a: Talonflame|0 fnt|[from] Recoil\n|faint|p2a: Talonflame\n|move|p1a: Gliscor|Facade|p2: Talonflame|[notarget]\n|-fail|p1a: Gliscor\n|\n|-heal|p1a: Gliscor|42\/100 tox|[from] ability: Poison Heal\n|upkeep\n|\n|t:|1699027705\n|switch|p2a: Chandelure|Chandelure, F|100\/100\n|turn|7\n|\n|t:|1699027711\n|move|p2a: Chandelure|Fire Blast|p1a: Gliscor\n|-damage|p1a: Gliscor|0 fnt\n|faint|p1a: Gliscor\n|\n|upkeep\n|\n|t:|1699027765\n|switch|p1a: Rabsca|Rabsca, F|100\/100\n|turn|8\n|\n|t:|1699027774\n|move|p2a: Chandelure|Shadow Ball|p1a: Rabsca\n|-supereffective|p1a: Rabsca\n|-damage|p1a: Rabsca|17\/100\n|-unboost|p1a: Rabsca|spd|1\n|move|p1a: Rabsca|Revival Blessing|p1a: Rabsca\n|\n|t:|1699027780\n|-heal|p1: Gliscor|50\/100|[from] move: Revival Blessing\n|\n|upkeep\n|turn|9\n|\n|t:|1699027793\n|move|p2a: Chandelure|Shadow Ball|p1a: Rabsca\n|-supereffective|p1a: Rabsca\n|-damage|p1a: Rabsca|0 fnt\n|faint|p1a: Rabsca\n|\n|upkeep\n|\n|t:|1699027799\n|switch|p1a: Blacephalon|Blacephalon|100\/100\n|turn|10\n|\n|t:|1699027805\n|move|p1a: Blacephalon|Shadow Ball|p2a: Chandelure\n|-supereffective|p2a: Chandelure\n|-damage|p2a: Chandelure|0 fnt\n|faint|p2a: Chandelure\n|-ability|p1a: Blacephalon|Beast Boost|boost\n|-boost|p1a: Blacephalon|spa|1\n|\n|upkeep\n|\n|t:|1699027812\n|switch|p2a: Incineroar|Incineroar, M|100\/100\n|-ability|p2a: Incineroar|Intimidate|boost\n|-unboost|p1a: Blacephalon|atk|1\n|turn|11\n|\n|t:|1699027820\n|move|p1a: Blacephalon|Swagger|p2a: Incineroar\n|-boost|p2a: Incineroar|atk|2\n|-enditem|p1a: Blacephalon|Mirror Herb\n|-boost|p1a: Blacephalon|atk|2|[from] item: Mirror Herb\n|-start|p2a: Incineroar|confusion\n|-activate|p2a: Incineroar|confusion\n|move|p2a: Incineroar|Darkest Lariat|p1a: Blacephalon\n|-supereffective|p1a: Blacephalon\n|-damage|p1a: Blacephalon|0 fnt\n|faint|p1a: Blacephalon\n|\n|upkeep\n|\n|t:|1699027824\n|switch|p1a: Golem|Golem-Alola, F|100\/100\n|turn|12\n|\n|t:|1699027833\n|-activate|p2a: Incineroar|confusion\n|move|p2a: Incineroar|Cross Chop|p1a: Golem\n|-supereffective|p1a: Golem\n|-ability|p1a: Golem|Sturdy\n|-damage|p1a: Golem|1\/100\n|move|p1a: Golem|Explosion|p2a: Incineroar\n|-damage|p2a: Incineroar|28\/100\n|faint|p1a: Golem\n|\n|upkeep\n|\n|t:|1699027842\n|switch|p1a: Gliscor|Gliscor, F|50\/100\n|turn|13\n|\n|t:|1699027846\n|move|p1a: Gliscor|Earthquake|p2a: Incineroar\n|-supereffective|p2a: Incineroar\n|-damage|p2a: Incineroar|0 fnt\n|faint|p2a: Incineroar\n|\n|-status|p1a: Gliscor|tox|[from] item: Toxic Orb\n|upkeep\n|\n|t:|1699027853\n|switch|p2a: Charizard|Charizard, M|100\/100\n|turn|14\n|\n|t:|1699027866\n|move|p2a: Charizard|Blast Burn|p1a: Gliscor\n|-damage|p1a: Gliscor|0 fnt\n|-mustrecharge|p2a: Charizard\n|faint|p1a: Gliscor\n|\n|upkeep\n|\n|t:|1699027868\n|switch|p1a: Kingambit|Kingambit, F|100\/100\n|-activate|p1a: Kingambit|ability: Supreme Overlord\n|-start|p1a: Kingambit|fallen5|[silent]\n|turn|15\n|\n|t:|1699027876\n|cant|p2a: Charizard|recharge\n|move|p1a: Kingambit|Kowtow Cleave|p2a: Charizard\n|-crit|p2a: Charizard\n|-damage|p2a: Charizard|0 fnt\n|faint|p2a: Charizard\n|\n|upkeep\n|\n|t:|1699027883\n|switch|p2a: Rapidash|Rapidash, M|100\/100\n|turn|16\n|\n|t:|1699027922\n|-terastallize|p2a: Rapidash|Fairy\n|move|p2a: Rapidash|Swords Dance|p2a: Rapidash\n|-boost|p2a: Rapidash|atk|2\n|move|p1a: Kingambit|Kowtow Cleave|p2a: Rapidash\n|-resisted|p2a: Rapidash\n|-damage|p2a: Rapidash|50\/100\n|\n|upkeep\n|turn|17\n|\n|t:|1699027931\n|move|p2a: Rapidash|Flare Blitz|p1a: Kingambit\n|-supereffective|p1a: Kingambit\n|-damage|p1a: Kingambit|0 fnt\n|faint|p1a: Kingambit\n|-end|p1a: Kingambit|fallen5|[silent]\n|-damage|p2a: Rapidash|1\/100|[from] Recoil\n|\n|win|KINGKRICH\n|raw|Darlang's rating: 1000 &rarr; <strong>1000<\/strong><br \/>(+0 for losing)\n|raw|KINGKRICH's rating: 1101 &rarr; <strong>1119<\/strong><br \/>(+18 for winning)\n","uploadtime":1699027939,"views":6,"p1id":"darlang","p2id":"kingkrich","formatid":"gen9nationaldexubers","rating":1000,"private":0,"password":""}