{"id":"gen9nationaldexubers-1989242552","p1":"sjen0200","p2":"Goodrie03","format":"[Gen 9] National Dex Ubers","log":"|j|\u2606sjen0200\n|j|\u2606Goodrie03\n|t:|1699827195\n|gametype|singles\n|player|p1|sjen0200|lyra|\n|player|p2|Goodrie03|266|\n|teamsize|p1|6\n|teamsize|p2|6\n|gen|9\n|tier|[Gen 9] National Dex Ubers\n|rule|HP Percentage Mod: HP is shown in percentages\n|rule|Endless Battle Clause: Forcing endless battles is banned\n|rule|OHKO Clause: OHKO moves are banned\n|rule|Evasion Moves Clause: Evasion moves are banned\n|rule|Evasion Items Clause: Evasion items are banned\n|rule|Species Clause: Limit one of each Pok\u00e9mon\n|rule|Sleep Clause Mod: Limit one foe put to sleep\n|rule|Mega Rayquaza Clause: You cannot mega evolve Rayquaza\n|clearpoke\n|poke|p1|Gengar, F|\n|poke|p1|Garchomp, F|\n|poke|p1|Machamp, M|\n|poke|p1|Celesteela|\n|poke|p1|Bellibolt, F|\n|poke|p1|Fezandipiti, M|\n|poke|p2|Rotom-Frost|\n|poke|p2|Ursaluna-Bloodmoon, M|\n|poke|p2|Gligar, F|\n|poke|p2|Hoopa-Unbound|\n|poke|p2|Talonflame, M|\n|poke|p2|Sharpedo, F|\n|teampreview\n|c|\u2606Goodrie03|gl hf\n|c|\u2606sjen0200|glhf :)\n|\n|t:|1699827295\n|start\n|switch|p1a: hehehe>:3|Gengar, F|100\/100\n|switch|p2a: Gligar|Gligar, F|100\/100\n|turn|1\n|\n|t:|1699827325\n|switch|p1a: Thigh Mommy|Celesteela|100\/100\n|move|p2a: Gligar|Earthquake|p1a: Thigh Mommy\n|-immune|p1a: Thigh Mommy\n|\n|upkeep\n|turn|2\n|\n|t:|1699827343\n|move|p2a: Gligar|Fire Fang|p1a: Thigh Mommy|[miss]\n|-miss|p2a: Gligar|p1a: Thigh Mommy\n|move|p1a: Thigh Mommy|Heavy Slam|p2a: Gligar\n|-damage|p2a: Gligar|70\/100\n|\n|upkeep\n|turn|3\n|\n|t:|1699827375\n|switch|p1a: uwu|Garchomp, F|100\/100\n|move|p2a: Gligar|Fire Fang|p1a: uwu\n|-resisted|p1a: uwu\n|-damage|p1a: uwu|94\/100\n|-damage|p2a: Gligar|58\/100|[from] ability: Rough Skin|[of] p1a: uwu\n|-damage|p2a: Gligar|41\/100|[from] item: Rocky Helmet|[of] p1a: uwu\n|\n|upkeep\n|turn|4\n|\n|t:|1699827396\n|move|p1a: uwu|Hone Claws|p1a: uwu\n|-boost|p1a: uwu|atk|1\n|-boost|p1a: uwu|accuracy|1\n|move|p2a: Gligar|Rock Slide|p1a: uwu\n|-resisted|p1a: uwu\n|-damage|p1a: uwu|86\/100\n|\n|upkeep\n|turn|5\n|\n|t:|1699827409\n|switch|p2a: Rotom|Rotom-Frost|100\/100\n|move|p1a: uwu|Liquidation|p2a: Rotom\n|-damage|p2a: Rotom|32\/100\n|\n|upkeep\n|turn|6\n|j| HopOnMyArk\n|\n|t:|1699827465\n|switch|p1a: Lil Guy|Bellibolt, F|100\/100\n|move|p2a: Rotom|Blizzard|p1a: Lil Guy\n|-damage|p1a: Lil Guy|63\/100\n|\n|upkeep\n|turn|7\n|\n|t:|1699827483\n|switch|p2a: Gligar|Gligar, F|41\/100\n|move|p1a: Lil Guy|Light Screen|p1a: Lil Guy\n|-sidestart|p1: sjen0200|move: Light Screen\n|\n|upkeep\n|turn|8\n|\n|t:|1699827522\n|switch|p1a: uwu|Garchomp, F|86\/100\n|move|p2a: Gligar|Rock Slide|p1a: uwu\n|-resisted|p1a: uwu\n|-damage|p1a: uwu|77\/100\n|\n|upkeep\n|turn|9\n|\n|t:|1699827550\n|move|p1a: uwu|Liquidation|p2a: Gligar\n|-supereffective|p2a: Gligar\n|-damage|p2a: Gligar|0 fnt\n|faint|p2a: Gligar\n|\n|upkeep\n|\n|t:|1699827556\n|switch|p2a: Rotom|Rotom-Frost|32\/100\n|turn|10\n|\n|t:|1699827622\n|switch|p1a: Lil Guy|Bellibolt, F|63\/100\n|move|p2a: Rotom|Blizzard|p1a: Lil Guy\n|-damage|p1a: Lil Guy|41\/100\n|\n|upkeep\n|turn|11\n|\n|t:|1699827637\n|switch|p2a: Ursaluna|Ursaluna-Bloodmoon, M|100\/100\n|move|p1a: Lil Guy|Slack Off|p1a: Lil Guy\n|-heal|p1a: Lil Guy|91\/100\n|\n|upkeep\n|turn|12\n|\n|t:|1699827702\n|move|p2a: Ursaluna|Calm Mind|p2a: Ursaluna\n|-boost|p2a: Ursaluna|spa|1\n|-boost|p2a: Ursaluna|spd|1\n|move|p1a: Lil Guy|Light Screen||[still]\n|-fail|p1a: Lil Guy\n|\n|upkeep\n|turn|13\n|\n|t:|1699827716\n|switch|p1a: hehehe>:3|Gengar, F|100\/100\n|move|p2a: Ursaluna|Calm Mind|p2a: Ursaluna\n|-boost|p2a: Ursaluna|spa|1\n|-boost|p2a: Ursaluna|spd|1\n|\n|upkeep\n|turn|14\n|\n|t:|1699827740\n|move|p1a: hehehe>:3|Drain Punch|p2a: Ursaluna\n|-supereffective|p2a: Ursaluna\n|-damage|p2a: Ursaluna|87\/100\n|move|p2a: Ursaluna|Calm Mind|p2a: Ursaluna\n|-boost|p2a: Ursaluna|spa|1\n|-boost|p2a: Ursaluna|spd|1\n|\n|-heal|p2a: Ursaluna|93\/100|[from] item: Leftovers\n|-sideend|p1: sjen0200|move: Light Screen\n|upkeep\n|turn|15\n|\n|t:|1699827768\n|switch|p1a: Lil Guy|Bellibolt, F|91\/100\n|move|p2a: Ursaluna|Blood Moon|p1a: Lil Guy\n|-damage|p1a: Lil Guy|0 fnt\n|faint|p1a: Lil Guy\n|\n|-heal|p2a: Ursaluna|99\/100|[from] item: Leftovers\n|upkeep\n|\n|t:|1699827783\n|switch|p1a: hehehe>:3|Gengar, F|100\/100\n|turn|16\n|\n|t:|1699827788\n|-singleturn|p1a: hehehe>:3|move: Focus Punch\n|move|p2a: Ursaluna|Earth Power|p1a: hehehe>:3\n|-supereffective|p1a: hehehe>:3\n|-damage|p1a: hehehe>:3|0 fnt\n|faint|p1a: hehehe>:3\n|\n|-heal|p2a: Ursaluna|100\/100|[from] item: Leftovers\n|upkeep\n|\n|t:|1699827800\n|switch|p1a: SlutMeOut|Machamp, M|100\/100\n|turn|17\n|\n|t:|1699827809\n|move|p2a: Ursaluna|Earth Power|p1a: SlutMeOut\n|-damage|p1a: SlutMeOut|0 fnt\n|faint|p1a: SlutMeOut\n|\n|upkeep\n|\n|t:|1699827817\n|switch|p1a: uwu|Garchomp, F|77\/100\n|turn|18\n|\n|t:|1699827827\n|move|p1a: uwu|Liquidation|p2a: Ursaluna\n|-supereffective|p2a: Ursaluna\n|-damage|p2a: Ursaluna|63\/100\n|move|p2a: Ursaluna|Blood Moon|p1a: uwu\n|-damage|p1a: uwu|0 fnt\n|faint|p1a: uwu\n|\n|-heal|p2a: Ursaluna|69\/100|[from] item: Leftovers\n|upkeep\n|\n|t:|1699827835\n|switch|p1a: Serendipity|Fezandipiti, M|100\/100\n|turn|19\n|\n|t:|1699827849\n|move|p1a: Serendipity|Play Rough|p2a: Ursaluna\n|-damage|p2a: Ursaluna|47\/100\n|-damage|p1a: Serendipity|90\/100|[from] item: Life Orb\n|move|p2a: Ursaluna|Earth Power|p1a: Serendipity\n|-supereffective|p1a: Serendipity\n|-damage|p1a: Serendipity|0 fnt\n|faint|p1a: Serendipity\n|\n|-heal|p2a: Ursaluna|53\/100|[from] item: Leftovers\n|upkeep\n|\n|t:|1699827858\n|switch|p1a: Thigh Mommy|Celesteela|100\/100\n|turn|20\n|\n|t:|1699827866\n|move|p1a: Thigh Mommy|Giga Drain|p2a: Ursaluna\n|-supereffective|p2a: Ursaluna\n|-damage|p2a: Ursaluna|30\/100\n|move|p2a: Ursaluna|Moonlight|p2a: Ursaluna\n|-heal|p2a: Ursaluna|80\/100\n|\n|-heal|p2a: Ursaluna|86\/100|[from] item: Leftovers\n|upkeep\n|turn|21\n|\n|t:|1699827881\n|move|p1a: Thigh Mommy|Heavy Slam|p2a: Ursaluna\n|-damage|p2a: Ursaluna|69\/100\n|move|p2a: Ursaluna|Calm Mind|p2a: Ursaluna\n|-boost|p2a: Ursaluna|spa|1\n|-boost|p2a: Ursaluna|spd|1\n|\n|-heal|p2a: Ursaluna|75\/100|[from] item: Leftovers\n|upkeep\n|turn|22\n|\n|t:|1699827889\n|move|p1a: Thigh Mommy|Giga Drain|p2a: Ursaluna\n|-supereffective|p2a: Ursaluna\n|-damage|p2a: Ursaluna|55\/100\n|move|p2a: Ursaluna|Moonlight|p2a: Ursaluna\n|-heal|p2a: Ursaluna|100\/100\n|\n|upkeep\n|turn|23\n|\n|t:|1699827897\n|move|p1a: Thigh Mommy|Giga Drain|p2a: Ursaluna\n|-supereffective|p2a: Ursaluna\n|-damage|p2a: Ursaluna|83\/100\n|move|p2a: Ursaluna|Calm Mind|p2a: Ursaluna\n|-boost|p2a: Ursaluna|spa|1\n|-boost|p2a: Ursaluna|spd|1\n|\n|-heal|p2a: Ursaluna|89\/100|[from] item: Leftovers\n|upkeep\n|turn|24\n|\n|t:|1699827911\n|move|p1a: Thigh Mommy|Giga Drain|p2a: Ursaluna\n|-supereffective|p2a: Ursaluna\n|-damage|p2a: Ursaluna|73\/100\n|move|p2a: Ursaluna|Blood Moon|p1a: Thigh Mommy\n|-resisted|p1a: Thigh Mommy\n|-damage|p1a: Thigh Mommy|0 fnt\n|faint|p1a: Thigh Mommy\n|\n|win|Goodrie03\n|l|\u2606sjen0200\n|c|\u2606Goodrie03|ggs my boy\n|l| HopOnMyArk\n","uploadtime":1699827974,"views":32,"p1id":"sjen0200","p2id":"goodrie03","formatid":"gen9nationaldexubers","rating":0,"private":0,"password":""}