{"id":"gen9nationaldexubers-1983525972","p1":"letch","p2":"Dekkerdoesstuff","format":"[Gen 9] National Dex Ubers","log":"|j|\u2606letch\n|j|\u2606Dekkerdoesstuff\n|t:|1699139669\n|gametype|singles\n|player|p1|letch|wallace|1599\n|player|p2|Dekkerdoesstuff|yellow|1476\n|teamsize|p1|6\n|teamsize|p2|6\n|gen|9\n|tier|[Gen 9] National Dex Ubers\n|rated|\n|rule|HP Percentage Mod: HP is shown in percentages\n|rule|Endless Battle Clause: Forcing endless battles is banned\n|rule|OHKO Clause: OHKO moves are banned\n|rule|Evasion Moves Clause: Evasion moves are banned\n|rule|Evasion Items Clause: Evasion items are banned\n|rule|Species Clause: Limit one of each Pok\u00e9mon\n|rule|Sleep Clause Mod: Limit one foe put to sleep\n|rule|Mega Rayquaza Clause: You cannot mega evolve Rayquaza\n|clearpoke\n|poke|p1|Landorus-Therian, M|\n|poke|p1|Necrozma-Dusk-Mane|\n|poke|p1|Groudon|\n|poke|p1|Mewtwo|\n|poke|p1|Marshadow|\n|poke|p1|Lucario, M|\n|poke|p2|Necrozma-Dusk-Mane|\n|poke|p2|Ho-Oh|\n|poke|p2|Groudon|\n|poke|p2|Arceus-Dark|\n|poke|p2|Zacian-*|\n|poke|p2|Kyogre|\n|teampreview\n|\n|t:|1699139691\n|start\n|switch|p1a: Groudon|Groudon, shiny|100\/100\n|switch|p2a: Ho-Oh|Ho-Oh, shiny|100\/100\n|detailschange|p1a: Groudon|Groudon-Primal, shiny\n|-primal|p1a: Groudon|Red Orb\n|-weather|DesolateLand|[from] ability: Desolate Land|[of] p1a: Groudon\n|turn|1\n|\n|t:|1699139705\n|move|p1a: Groudon|Heat Crash|p2a: Ho-Oh\n|-resisted|p2a: Ho-Oh\n|-damage|p2a: Ho-Oh|56\/100\n|move|p2a: Ho-Oh|Toxic|p1a: Groudon\n|-status|p1a: Groudon|tox\n|\n|-weather|DesolateLand|[upkeep]\n|-damage|p1a: Groudon|94\/100 tox|[from] psn\n|upkeep\n|turn|2\n|\n|t:|1699139711\n|switch|p2a: Kyogre|Kyogre, shiny|100\/100\n|detailschange|p2a: Kyogre|Kyogre-Primal, shiny\n|-primal|p2a: Kyogre|Blue Orb\n|-weather|PrimordialSea|[from] ability: Primordial Sea|[of] p2a: Kyogre\n|move|p1a: Groudon|Rock Polish|p1a: Groudon\n|-boost|p1a: Groudon|spe|2\n|\n|-weather|PrimordialSea|[upkeep]\n|-damage|p1a: Groudon|82\/100 tox|[from] psn\n|upkeep\n|turn|3\n|\n|t:|1699139715\n|move|p1a: Groudon|Earthquake|p2a: Kyogre\n|-damage|p2a: Kyogre|20\/100\n|move|p2a: Kyogre|Calm Mind|p2a: Kyogre\n|-boost|p2a: Kyogre|spa|1\n|-boost|p2a: Kyogre|spd|1\n|\n|-weather|PrimordialSea|[upkeep]\n|-damage|p1a: Groudon|64\/100 tox|[from] psn\n|upkeep\n|turn|4\n|\n|t:|1699139722\n|-weather|none\n|switch|p2a: Ho-Oh|Ho-Oh, shiny|90\/100\n|move|p1a: Groudon|Earthquake|p2a: Ho-Oh\n|-immune|p2a: Ho-Oh\n|\n|-damage|p1a: Groudon|39\/100 tox|[from] psn\n|upkeep\n|turn|5\n|\n|t:|1699139728\n|move|p1a: Groudon|Swords Dance|p1a: Groudon\n|-boost|p1a: Groudon|atk|2\n|move|p2a: Ho-Oh|Sacred Fire|p1a: Groudon\n|-resisted|p1a: Groudon\n|-damage|p1a: Groudon|26\/100 tox\n|\n|-damage|p1a: Groudon|0 fnt|[from] psn\n|faint|p1a: Groudon\n|upkeep\n|\n|t:|1699139735\n|switch|p1a: Landorus|Landorus-Therian, M, shiny|100\/100\n|-ability|p1a: Landorus|Intimidate|boost\n|-unboost|p2a: Ho-Oh|atk|1\n|turn|6\n|\n|t:|1699139739\n|move|p1a: Landorus|Stealth Rock|p2a: Ho-Oh\n|-sidestart|p2: Dekkerdoesstuff|move: Stealth Rock\n|move|p2a: Ho-Oh|Sacred Fire|p1a: Landorus\n|-crit|p1a: Landorus\n|-damage|p1a: Landorus|29\/100\n|-status|p1a: Landorus|brn\n|\n|-damage|p1a: Landorus|23\/100 brn|[from] brn\n|upkeep\n|turn|7\n|\n|t:|1699139749\n|switch|p1a: Necrozma|Necrozma-Dusk-Mane|100\/100\n|move|p2a: Ho-Oh|Defog|p1a: Necrozma\n|-unboost|p1a: Necrozma|evasion|1\n|-sideend|p2: Dekkerdoesstuff|Stealth Rock|[from] move: Defog|[of] p2a: Ho-Oh\n|\n|upkeep\n|turn|8\n|\n|t:|1699139759\n|switch|p1a: Landorus|Landorus-Therian, M, shiny|23\/100 brn\n|-ability|p1a: Landorus|Intimidate|boost\n|-unboost|p2a: Ho-Oh|atk|1\n|switch|p2a: Arceus|Arceus-Dark, shiny|100\/100\n|\n|-damage|p1a: Landorus|17\/100 brn|[from] brn\n|upkeep\n|turn|9\n|\n|t:|1699139768\n|move|p1a: Landorus|Stealth Rock|p2a: Arceus\n|-sidestart|p2: Dekkerdoesstuff|move: Stealth Rock\n|move|p2a: Arceus|Foul Play|p1a: Landorus\n|-damage|p1a: Landorus|0 fnt\n|faint|p1a: Landorus\n|\n|upkeep\n|\n|t:|1699139774\n|switch|p1a: Lucario|Lucario, M, shiny|100\/100\n|turn|10\n|\n|t:|1699139782\n|switch|p2a: Ho-Oh|Ho-Oh, shiny|100\/100\n|detailschange|p1a: Lucario|Lucario-Mega, M, shiny\n|-mega|p1a: Lucario|Lucario|Lucarionite\n|move|p1a: Lucario|Nasty Plot|p1a: Lucario\n|-boost|p1a: Lucario|spa|2\n|\n|upkeep\n|turn|11\n|\n|t:|1699139789\n|move|p1a: Lucario|Steel Beam|p2a: Ho-Oh\n|-resisted|p2a: Ho-Oh\n|-damage|p2a: Ho-Oh|47\/100\n|-damage|p1a: Lucario|50\/100|[from] steelbeam\n|move|p2a: Ho-Oh|Sacred Fire|p1a: Lucario\n|-supereffective|p1a: Lucario\n|-damage|p1a: Lucario|0 fnt\n|faint|p1a: Lucario\n|\n|upkeep\n|\n|t:|1699139795\n|switch|p1a: Necrozma|Necrozma-Dusk-Mane|100\/100\n|turn|12\n|\n|t:|1699139803\n|detailschange|p1a: Necrozma|Necrozma-Ultra\n|-burst|p1a: Necrozma|Necrozma|Ultranecrozium Z\n|move|p1a: Necrozma|Photon Geyser|p2a: Ho-Oh\n|-damage|p2a: Ho-Oh|2\/100\n|move|p2a: Ho-Oh|Defog|p1a: Necrozma\n|-unboost|p1a: Necrozma|evasion|1\n|-sideend|p2: Dekkerdoesstuff|Stealth Rock|[from] move: Defog|[of] p2a: Ho-Oh\n|\n|upkeep\n|turn|13\n|\n|t:|1699139808\n|switch|p2a: Arceus|Arceus-Dark, shiny|100\/100\n|move|p1a: Necrozma|Sunsteel Strike|p2a: Arceus\n|-damage|p2a: Arceus|80\/100\n|\n|upkeep\n|turn|14\n|\n|t:|1699139816\n|move|p1a: Necrozma|Dragon Dance|p1a: Necrozma\n|-boost|p1a: Necrozma|atk|1\n|-boost|p1a: Necrozma|spe|1\n|move|p2a: Arceus|Foul Play|p1a: Necrozma\n|-supereffective|p1a: Necrozma\n|-damage|p1a: Necrozma|0 fnt\n|faint|p1a: Necrozma\n|\n|upkeep\n|\n|t:|1699139821\n|switch|p1a: Marshadow|Marshadow|100\/100\n|turn|15\n|\n|t:|1699139835\n|-terastallize|p2a: Arceus|Poison\n|move|p1a: Marshadow|Rock Tomb|p2a: Arceus\n|-damage|p2a: Arceus|55\/100\n|-unboost|p2a: Arceus|spe|1\n|move|p2a: Arceus|Will-O-Wisp|p1a: Marshadow\n|-status|p1a: Marshadow|brn\n|\n|-damage|p1a: Marshadow|94\/100 brn|[from] brn\n|upkeep\n|turn|16\n|\n|t:|1699139847\n|-terastallize|p1a: Marshadow|Ghost\n|move|p1a: Marshadow|Rock Tomb|p2a: Arceus\n|-damage|p2a: Arceus|43\/100\n|-unboost|p2a: Arceus|spe|1\n|move|p2a: Arceus|Foul Play|p1a: Marshadow\n|-supereffective|p1a: Marshadow\n|-damage|p1a: Marshadow|0 fnt\n|faint|p1a: Marshadow\n|\n|upkeep\n|\n|t:|1699139850\n|switch|p1a: Mewtwo|Mewtwo, shiny|100\/100\n|-ability|p1a: Mewtwo|Pressure\n|turn|17\n|\n|t:|1699139861\n|switch|p2a: Zacian|Zacian-Crowned, shiny|100\/100\n|-ability|p2a: Zacian|Intrepid Sword|boost\n|-boost|p2a: Zacian|atk|1\n|-enditem|p1a: Mewtwo|Mirror Herb\n|-boost|p1a: Mewtwo|atk|1|[from] item: Mirror Herb\n|move|p1a: Mewtwo|Psystrike|p2a: Zacian\n|-resisted|p2a: Zacian\n|-damage|p2a: Zacian|72\/100\n|\n|upkeep\n|turn|18\n|\n|t:|1699139868\n|move|p2a: Zacian|Behemoth Blade|p1a: Mewtwo\n|-damage|p1a: Mewtwo|15\/100\n|move|p1a: Mewtwo|Fire Blast|p2a: Zacian\n|-supereffective|p2a: Zacian\n|-damage|p2a: Zacian|0 fnt\n|faint|p2a: Zacian\n|\n|upkeep\n|\n|t:|1699139871\n|switch|p2a: Necrozma|Necrozma-Dusk-Mane, shiny|100\/100\n|turn|19\n|\n|t:|1699139877\n|move|p1a: Mewtwo|Fire Blast|p2a: Necrozma\n|-supereffective|p2a: Necrozma\n|-damage|p2a: Necrozma|56\/100\n|move|p2a: Necrozma|Sunsteel Strike|p1a: Mewtwo\n|-crit|p1a: Mewtwo\n|-damage|p1a: Mewtwo|0 fnt\n|faint|p1a: Mewtwo\n|\n|win|Dekkerdoesstuff\n|raw|letch's rating: 1599 &rarr; <strong>1572<\/strong><br \/>(-27 for losing)\n|raw|Dekkerdoesstuff's rating: 1476 &rarr; <strong>1503<\/strong><br \/>(+27 for winning)\n","uploadtime":1699139894,"views":37,"p1id":"letch","p2id":"dekkerdoesstuff","formatid":"gen9nationaldexubers","rating":1503,"private":0,"password":""}