{"id":"gen9nationaldexubers-1993381745","p1":"Zaynzito","p2":"Rentereh","format":"[Gen 9] National Dex Ubers","log":"|j|\u2606Zaynzito\n|j|\u2606Rentereh\n|t:|1700309557\n|gametype|singles\n|player|p1|Zaynzito|hugh|\n|player|p2|Rentereh|cilan|\n|teamsize|p1|6\n|teamsize|p2|6\n|gen|9\n|tier|[Gen 9] National Dex Ubers\n|rule|HP Percentage Mod: HP is shown in percentages\n|rule|Endless Battle Clause: Forcing endless battles is banned\n|rule|OHKO Clause: OHKO moves are banned\n|rule|Evasion Moves Clause: Evasion moves are banned\n|rule|Evasion Items Clause: Evasion items are banned\n|rule|Species Clause: Limit one of each Pok\u00e9mon\n|rule|Sleep Clause Mod: Limit one foe put to sleep\n|rule|Mega Rayquaza Clause: You cannot mega evolve Rayquaza\n|clearpoke\n|poke|p1|Brionne, L20, F|\n|poke|p1|Furfrou-Heart, L20, F|\n|poke|p1|Trumbeak, L20, M|\n|poke|p1|Bagon, L20, F|\n|poke|p1|Sableye, L20, M|\n|poke|p1|Pikachu, L20, M|\n|poke|p2|Croconaw, L20, F|\n|poke|p2|Riolu, L20, M|\n|poke|p2|Munchlax, L20, M|\n|poke|p2|Oricorio-Pom-Pom, L20, F|\n|poke|p2|Mawile, L20, M|\n|poke|p2|Sableye, L20, M|\n|teampreview\n|\n|t:|1700309577\n|start\n|switch|p1a: Pikachu|Pikachu, L20, M|100\/100\n|switch|p2a: Oricorio|Oricorio-Pom-Pom, L20, F|100\/100\n|turn|1\n|c|\u2606Rentereh|Observe, vou ganhar dando missclick\n|\n|t:|1700309612\n|move|p2a: Oricorio|Hurricane|p1a: Pikachu\n|-resisted|p1a: Pikachu\n|-damage|p1a: Pikachu|22\/100\n|-damage|p2a: Oricorio|91\/100|[from] item: Life Orb\n|move|p1a: Pikachu|Volt Switch|p2a: Oricorio\n|-damage|p2a: Oricorio|28\/100\n|\n|t:|1700309623\n|switch|p1a: Sableye|Sableye, L20, M|100\/100|[from] Volt Switch\n|\n|upkeep\n|turn|2\n|c|\u2606Rentereh|Volt switch forte do c\u00e3o\n|\n|t:|1700309642\n|move|p1a: Sableye|Fake Out|p2a: Oricorio\n|-damage|p2a: Oricorio|14\/100\n|cant|p2a: Oricorio|flinch\n|\n|upkeep\n|turn|3\n|\n|t:|1700309647\n|move|p1a: Sableye|Light Screen|p1a: Sableye\n|-sidestart|p1: Zaynzito|move: Light Screen\n|move|p2a: Oricorio|Revelation Dance|p1a: Sableye\n|-damage|p1a: Sableye|62\/100\n|-damage|p2a: Oricorio|5\/100|[from] item: Life Orb\n|\n|upkeep\n|turn|4\n|\n|t:|1700309657\n|move|p1a: Sableye|Reflect|p1a: Sableye\n|-sidestart|p1: Zaynzito|Reflect\n|move|p2a: Oricorio|Hurricane|p1a: Sableye|[miss]\n|-miss|p2a: Oricorio|p1a: Sableye\n|\n|upkeep\n|turn|5\n|\n|t:|1700309675\n|move|p1a: Sableye|Thunder Wave|p2a: Oricorio\n|-immune|p2a: Oricorio\n|move|p2a: Oricorio|Hurricane|p1a: Sableye\n|-damage|p1a: Sableye|11\/100\n|-damage|p2a: Oricorio|0 fnt|[from] item: Life Orb\n|faint|p2a: Oricorio\n|\n|upkeep\n|\n|t:|1700309719\n|switch|p2a: Mawile|Mawile, L20, M|100\/100\n|turn|6\n|\n|t:|1700309742\n|move|p1a: Sableye|Thunder Wave|p2a: Mawile\n|-status|p2a: Mawile|par\n|move|p2a: Mawile|Swords Dance|p2a: Mawile\n|-boost|p2a: Mawile|atk|2\n|\n|upkeep\n|turn|7\n|\n|t:|1700309751\n|move|p1a: Sableye|Fake Out||[still]\n|-hint|Fake Out only works on your first turn out.\n|-fail|p1a: Sableye\n|move|p2a: Mawile|Play Rough|p1a: Sableye\n|-supereffective|p1a: Sableye\n|-damage|p1a: Sableye|0 fnt\n|faint|p1a: Sableye\n|\n|upkeep\n|\n|t:|1700309759\n|switch|p1a: Pikachu|Pikachu, L20, M|22\/100\n|turn|8\n|\n|t:|1700309780\n|move|p2a: Mawile|Sucker Punch|p1a: Pikachu\n|-damage|p1a: Pikachu|0 fnt\n|faint|p1a: Pikachu\n|-damage|p2a: Mawile|92\/100 par|[from] item: Life Orb\n|\n|upkeep\n|\n|t:|1700309783\n|switch|p1a: Furfrou|Furfrou-Heart, L20, F|100\/100\n|turn|9\n|\n|t:|1700309792\n|move|p1a: Furfrou|Wild Charge|p2a: Mawile\n|-damage|p2a: Mawile|50\/100 par\n|-damage|p1a: Furfrou|91\/100|[from] Recoil\n|move|p2a: Mawile|Play Rough|p1a: Furfrou\n|-damage|p1a: Furfrou|29\/100\n|\n|upkeep\n|turn|10\n|\n|t:|1700309802\n|move|p2a: Mawile|Sucker Punch|p1a: Furfrou\n|-crit|p1a: Furfrou\n|-damage|p1a: Furfrou|0 fnt\n|faint|p1a: Furfrou\n|-damage|p2a: Mawile|42\/100 par|[from] item: Life Orb\n|\n|-sideend|p1: Zaynzito|move: Light Screen\n|upkeep\n|\n|t:|1700309811\n|switch|p1a: Brionne|Brionne, L20, F|100\/100\n|turn|11\n|\n|t:|1700309814\n|move|p1a: Brionne|Hyper Voice|p2a: Mawile\n|-damage|p2a: Mawile|0 fnt\n|faint|p2a: Mawile\n|\n|-sideend|p1: Zaynzito|Reflect\n|upkeep\n|\n|t:|1700309857\n|switch|p2a: Nacho|Munchlax, L20, M|100\/100\n|turn|12\n|\n|t:|1700309862\n|move|p1a: Brionne|Hyper Voice|p2a: Nacho\n|-damage|p2a: Nacho|76\/100\n|move|p2a: Nacho|Curse|p2a: Nacho\n|-unboost|p2a: Nacho|spe|1\n|-boost|p2a: Nacho|atk|1\n|-boost|p2a: Nacho|def|1\n|\n|upkeep\n|turn|13\n|\n|t:|1700309868\n|move|p1a: Brionne|Moonblast|p2a: Nacho\n|-damage|p2a: Nacho|60\/100\n|move|p2a: Nacho|Curse|p2a: Nacho\n|-unboost|p2a: Nacho|spe|1\n|-boost|p2a: Nacho|atk|1\n|-boost|p2a: Nacho|def|1\n|\n|upkeep\n|turn|14\n|\n|t:|1700309873\n|move|p1a: Brionne|Hyper Voice|p2a: Nacho\n|-damage|p2a: Nacho|39\/100\n|move|p2a: Nacho|Return|p1a: Brionne\n|-damage|p1a: Brionne|9\/100\n|\n|upkeep\n|turn|15\n|\n|t:|1700309878\n|move|p1a: Brionne|Hyper Voice|p2a: Nacho\n|-damage|p2a: Nacho|19\/100\n|move|p2a: Nacho|Rest|p2a: Nacho\n|-status|p2a: Nacho|slp|[from] move: Rest\n|-heal|p2a: Nacho|100\/100 slp|[silent]\n|\n|upkeep\n|turn|16\n|\n|t:|1700309884\n|switch|p1a: Trumbeak|Trumbeak, L20, M|100\/100\n|cant|p2a: Nacho|slp\n|move|p2a: Nacho|Sleep Talk|p2a: Nacho\n|move|p2a: Nacho|Return|p1a: Trumbeak|[from]move: Sleep Talk\n|-damage|p1a: Trumbeak|0 fnt\n|faint|p1a: Trumbeak\n|\n|upkeep\n|\n|t:|1700309887\n|switch|p1a: Brionne|Brionne, L20, F|9\/100\n|turn|17\n|\n|t:|1700309894\n|move|p1a: Brionne|Hyper Voice|p2a: Nacho\n|-damage|p2a: Nacho|77\/100 slp\n|cant|p2a: Nacho|slp\n|move|p2a: Nacho|Sleep Talk|p2a: Nacho\n|move|p2a: Nacho|Return|p1a: Brionne|[from]move: Sleep Talk\n|-damage|p1a: Brionne|0 fnt\n|faint|p1a: Brionne\n|\n|upkeep\n|\n|t:|1700309898\n|switch|p1a: Bagon|Bagon, L20, F|100\/100\n|turn|18\n|\n|t:|1700309905\n|move|p1a: Bagon|Brick Break|p2a: Nacho\n|-supereffective|p2a: Nacho\n|-damage|p2a: Nacho|50\/100 slp\n|-curestatus|p2a: Nacho|slp|[msg]\n|move|p2a: Nacho|Return|p1a: Bagon\n|-enditem|p1a: Bagon|Focus Sash\n|-damage|p1a: Bagon|2\/100\n|\n|upkeep\n|turn|19\n|\n|t:|1700309915\n|move|p1a: Bagon|Brick Break|p2a: Nacho\n|-supereffective|p2a: Nacho\n|-damage|p2a: Nacho|28\/100\n|move|p2a: Nacho|Return|p1a: Bagon\n|-damage|p1a: Bagon|0 fnt\n|faint|p1a: Bagon\n|\n|win|Rentereh\n|l|\u2606Rentereh\n|j|\u2606Rentereh\n|player|p2|Rentereh|cilan\n","uploadtime":1700310001,"views":7,"p1id":"zaynzito","p2id":"rentereh","formatid":"gen9nationaldexubers","rating":0,"private":0,"password":""}