{"id":"gen9nationaldexubers-1993231651","p1":"Regimidas","p2":"Netsu5","format":"[Gen 9] National Dex Ubers","log":"|j|\u2606Regimidas\n|j|\u2606Netsu5\n|t:|1700281457\n|gametype|singles\n|player|p1|Regimidas|blue|1283\n|player|p2|Netsu5|red|1241\n|teamsize|p1|6\n|teamsize|p2|6\n|gen|9\n|tier|[Gen 9] National Dex Ubers\n|rated|\n|rule|HP Percentage Mod: HP is shown in percentages\n|rule|Endless Battle Clause: Forcing endless battles is banned\n|rule|OHKO Clause: OHKO moves are banned\n|rule|Evasion Moves Clause: Evasion moves are banned\n|rule|Evasion Items Clause: Evasion items are banned\n|rule|Species Clause: Limit one of each Pok\u00e9mon\n|rule|Sleep Clause Mod: Limit one foe put to sleep\n|rule|Mega Rayquaza Clause: You cannot mega evolve Rayquaza\n|clearpoke\n|poke|p1|Ho-Oh|\n|poke|p1|Zygarde|\n|poke|p1|Marshadow|\n|poke|p1|Groudon|\n|poke|p1|Arceus-Dark|\n|poke|p1|Kyogre|\n|poke|p2|Mewtwo|\n|poke|p2|Groudon|\n|poke|p2|Zamazenta-*|\n|poke|p2|Kyogre|\n|poke|p2|Zacian-*|\n|poke|p2|Palafin, M|\n|teampreview\n|inactive|Battle timer is ON: inactive players will automatically lose when time's up. (requested by Netsu5)\n|inactive|Regimidas also wants the timer to be on.\n|\n|t:|1700281472\n|start\n|switch|p1a: BKC|Arceus-Dark|100\/100\n|switch|p2a: Palafin|Palafin, M, shiny|100\/100\n|turn|1\n|\n|t:|1700281487\n|detailschange|p2a: Palafin|Palafin-Hero, M, shiny\n|switch|p2a: Krakatoa|Groudon, shiny|100\/100\n|detailschange|p2a: Krakatoa|Groudon-Primal, shiny\n|-primal|p2a: Krakatoa|Red Orb\n|-weather|DesolateLand|[from] ability: Desolate Land|[of] p2a: Krakatoa\n|move|p1a: BKC|Will-O-Wisp|p2a: Krakatoa\n|-immune|p2a: Krakatoa\n|\n|-weather|DesolateLand|[upkeep]\n|upkeep\n|turn|2\n|\n|t:|1700281501\n|move|p1a: BKC|Taunt|p2a: Krakatoa\n|-start|p2a: Krakatoa|move: Taunt\n|cant|p2a: Krakatoa|move: Taunt|Bulk Up\n|\n|-weather|DesolateLand|[upkeep]\n|upkeep\n|turn|3\n|\n|t:|1700281509\n|move|p1a: BKC|Foul Play|p2a: Krakatoa\n|-damage|p2a: Krakatoa|54\/100\n|move|p2a: Krakatoa|Precipice Blades|p1a: BKC|[miss]\n|-miss|p2a: Krakatoa|p1a: BKC\n|\n|-weather|DesolateLand|[upkeep]\n|upkeep\n|turn|4\n|\n|t:|1700281515\n|move|p1a: BKC|Foul Play|p2a: Krakatoa\n|-damage|p2a: Krakatoa|10\/100\n|move|p2a: Krakatoa|Precipice Blades|p1a: BKC\n|-damage|p1a: BKC|43\/100\n|\n|-weather|DesolateLand|[upkeep]\n|-end|p2a: Krakatoa|move: Taunt\n|upkeep\n|turn|5\n|\n|t:|1700281524\n|move|p1a: BKC|Foul Play|p2a: Krakatoa\n|-damage|p2a: Krakatoa|0 fnt\n|faint|p2a: Krakatoa\n|-weather|none\n|\n|upkeep\n|\n|t:|1700281532\n|switch|p2a: Ben 10|Mewtwo, shiny|100\/100\n|-ability|p2a: Ben 10|Pressure\n|turn|6\n|\n|t:|1700281545\n|detailschange|p2a: Ben 10|Mewtwo-Mega-Y, shiny\n|-mega|p2a: Ben 10|Mewtwo|Mewtwonite Y\n|move|p2a: Ben 10|Aura Sphere|p1a: BKC\n|-supereffective|p1a: BKC\n|-damage|p1a: BKC|0 fnt\n|faint|p1a: BKC\n|\n|upkeep\n|\n|t:|1700281556\n|switch|p1a: Kid named Eruption|Groudon|100\/100\n|detailschange|p1a: Kid named Eruption|Groudon-Primal\n|-primal|p1a: Kid named Eruption|Red Orb\n|-weather|DesolateLand|[from] ability: Desolate Land|[of] p1a: Kid named Eruption\n|turn|7\n|\n|t:|1700281565\n|move|p2a: Ben 10|Calm Mind|p2a: Ben 10\n|-boost|p2a: Ben 10|spa|1\n|-boost|p2a: Ben 10|spd|1\n|move|p1a: Kid named Eruption|Precipice Blades|p2a: Ben 10\n|-damage|p2a: Ben 10|0 fnt\n|faint|p2a: Ben 10\n|\n|-weather|DesolateLand|[upkeep]\n|upkeep\n|\n|t:|1700281575\n|switch|p2a: Pexe|Kyogre, shiny|100\/100\n|detailschange|p2a: Pexe|Kyogre-Primal, shiny\n|-primal|p2a: Pexe|Blue Orb\n|-weather|PrimordialSea|[from] ability: Primordial Sea|[of] p2a: Pexe\n|turn|8\n|\n|t:|1700281583\n|switch|p1a: Goldfish Crackers|Kyogre|100\/100\n|detailschange|p1a: Goldfish Crackers|Kyogre-Primal\n|-primal|p1a: Goldfish Crackers|Blue Orb\n|move|p2a: Pexe|Origin Pulse|p1a: Goldfish Crackers\n|-resisted|p1a: Goldfish Crackers\n|-damage|p1a: Goldfish Crackers|65\/100\n|\n|-weather|PrimordialSea|[upkeep]\n|upkeep\n|turn|9\n|\n|t:|1700281591\n|move|p1a: Goldfish Crackers|Thunder|p2a: Pexe\n|-supereffective|p2a: Pexe\n|-damage|p2a: Pexe|49\/100\n|move|p2a: Pexe|Aqua Ring|p2a: Pexe\n|-start|p2a: Pexe|Aqua Ring\n|\n|-weather|PrimordialSea|[upkeep]\n|-heal|p2a: Pexe|55\/100|[from] Aqua Ring\n|upkeep\n|turn|10\n|\n|t:|1700281601\n|move|p1a: Goldfish Crackers|Thunder|p2a: Pexe\n|-supereffective|p2a: Pexe\n|-damage|p2a: Pexe|0 fnt\n|faint|p2a: Pexe\n|\n|-weather|PrimordialSea|[upkeep]\n|upkeep\n|\n|t:|1700281609\n|switch|p2a: Waifu|Zacian-Crowned, shiny|100\/100\n|-ability|p2a: Waifu|Intrepid Sword|boost\n|-boost|p2a: Waifu|atk|1\n|turn|11\n|\n|t:|1700281615\n|move|p2a: Waifu|Play Rough|p1a: Goldfish Crackers\n|-damage|p1a: Goldfish Crackers|11\/100\n|move|p1a: Goldfish Crackers|Scald|p2a: Waifu\n|-damage|p2a: Waifu|27\/100\n|\n|-weather|PrimordialSea|[upkeep]\n|upkeep\n|turn|12\n|\n|t:|1700281624\n|move|p2a: Waifu|Play Rough|p1a: Goldfish Crackers\n|-damage|p1a: Goldfish Crackers|0 fnt\n|faint|p1a: Goldfish Crackers\n|-weather|none\n|\n|upkeep\n|\n|t:|1700281633\n|switch|p1a: Kid named Eruption|Groudon-Primal|100\/100\n|-weather|DesolateLand|[from] ability: Desolate Land|[of] p1a: Kid named Eruption\n|turn|13\n|\n|t:|1700281645\n|move|p2a: Waifu|Play Rough|p1a: Kid named Eruption\n|-resisted|p1a: Kid named Eruption\n|-damage|p1a: Kid named Eruption|77\/100\n|move|p1a: Kid named Eruption|Heat Crash|p2a: Waifu\n|-supereffective|p2a: Waifu\n|-damage|p2a: Waifu|0 fnt\n|faint|p2a: Waifu\n|\n|-weather|DesolateLand|[upkeep]\n|upkeep\n|\n|t:|1700281654\n|switch|p2a: Simba|Zamazenta-Crowned, shiny|100\/100\n|-ability|p2a: Simba|Dauntless Shield|boost\n|-boost|p2a: Simba|def|1\n|turn|14\n|\n|t:|1700281665\n|-terastallize|p2a: Simba|Fighting\n|move|p2a: Simba|Iron Defense|p2a: Simba\n|-boost|p2a: Simba|def|2\n|move|p1a: Kid named Eruption|Swords Dance|p1a: Kid named Eruption\n|-boost|p1a: Kid named Eruption|atk|2\n|\n|-weather|DesolateLand|[upkeep]\n|upkeep\n|turn|15\n|\n|t:|1700281672\n|move|p2a: Simba|Iron Defense|p2a: Simba\n|-boost|p2a: Simba|def|2\n|move|p1a: Kid named Eruption|Heat Crash|p2a: Simba\n|-damage|p2a: Simba|84\/100\n|\n|-weather|DesolateLand|[upkeep]\n|upkeep\n|turn|16\n|\n|t:|1700281678\n|move|p2a: Simba|Iron Defense|p2a: Simba\n|-boost|p2a: Simba|def|1\n|move|p1a: Kid named Eruption|Precipice Blades|p2a: Simba\n|-damage|p2a: Simba|54\/100\n|\n|-weather|DesolateLand|[upkeep]\n|upkeep\n|turn|17\n|\n|t:|1700281685\n|move|p2a: Simba|Body Press|p1a: Kid named Eruption\n|-damage|p1a: Kid named Eruption|0 fnt\n|faint|p1a: Kid named Eruption\n|-weather|none\n|\n|upkeep\n|\n|t:|1700281692\n|switch|p1a: Birdspam|Ho-Oh|100\/100\n|turn|18\n|\n|t:|1700281698\n|move|p2a: Simba|Body Press|p1a: Birdspam\n|-resisted|p1a: Birdspam\n|-damage|p1a: Birdspam|39\/100\n|move|p1a: Birdspam|Toxic|p2a: Simba\n|-status|p2a: Simba|tox\n|\n|-damage|p2a: Simba|47\/100 tox|[from] psn\n|upkeep\n|turn|19\n|\n|t:|1700281712\n|switch|p1a: Looks at you funny|Zygarde|100\/100\n|move|p2a: Simba|Thunder Fang|p1a: Looks at you funny\n|-immune|p1a: Looks at you funny\n|\n|-damage|p2a: Simba|35\/100 tox|[from] psn\n|upkeep\n|turn|20\n|\n|t:|1700281722\n|move|p2a: Simba|Body Press|p1a: Looks at you funny\n|-damage|p1a: Looks at you funny|0 fnt\n|faint|p1a: Looks at you funny\n|\n|-damage|p2a: Simba|16\/100 tox|[from] psn\n|upkeep\n|\n|t:|1700281728\n|switch|p1a: Birdspam|Ho-Oh|72\/100\n|turn|21\n|\n|t:|1700281735\n|move|p2a: Simba|Body Press|p1a: Birdspam\n|-resisted|p1a: Birdspam\n|-damage|p1a: Birdspam|5\/100\n|move|p1a: Birdspam|Recover|p1a: Birdspam\n|-heal|p1a: Birdspam|55\/100\n|\n|-damage|p2a: Simba|0 fnt|[from] psn\n|faint|p2a: Simba\n|upkeep\n|\n|t:|1700281745\n|switch|p2a: Palafin|Palafin-Hero, M, shiny|100\/100\n|-activate|p2a: Palafin|ability: Zero to Hero\n|turn|22\n|\n|t:|1700281751\n|-terastallize|p1a: Birdspam|Grass\n|move|p2a: Palafin|Jet Punch|p1a: Birdspam\n|-resisted|p1a: Birdspam\n|-damage|p1a: Birdspam|38\/100\n|move|p1a: Birdspam|Toxic|p2a: Palafin\n|-status|p2a: Palafin|tox\n|\n|-damage|p2a: Palafin|94\/100 tox|[from] psn\n|upkeep\n|turn|23\n|\n|t:|1700281756\n|move|p2a: Palafin|Jet Punch|p1a: Birdspam\n|-resisted|p1a: Birdspam\n|-damage|p1a: Birdspam|19\/100\n|move|p1a: Birdspam|Recover|p1a: Birdspam\n|-heal|p1a: Birdspam|69\/100\n|\n|-damage|p2a: Palafin|82\/100 tox|[from] psn\n|upkeep\n|turn|24\n|-message|Netsu5 forfeited.\n|\n|win|Regimidas\n|raw|Regimidas's rating: 1283 &rarr; <strong>1305<\/strong><br \/>(+22 for winning)\n|raw|Netsu5's rating: 1241 &rarr; <strong>1219<\/strong><br \/>(-22 for losing)\n|l|\u2606Netsu5\n","uploadtime":1700281766,"views":7,"p1id":"regimidas","p2id":"netsu5","formatid":"gen9nationaldexubers","rating":1219,"private":0,"password":""}