{"id":"gen9nationaldexubers-1987012082","p1":"Gigabot50","p2":"Swimmer J","format":"[Gen 9] National Dex Ubers","log":"|j|\u2606Gigabot50\n|j|\u2606Swimmer J\n|t:|1699548896\n|gametype|singles\n|player|p1|Gigabot50|palmer|1128\n|player|p2|Swimmer J|riley|1153\n|teamsize|p1|6\n|teamsize|p2|6\n|gen|9\n|tier|[Gen 9] National Dex Ubers\n|rated|\n|rule|HP Percentage Mod: HP is shown in percentages\n|rule|Endless Battle Clause: Forcing endless battles is banned\n|rule|OHKO Clause: OHKO moves are banned\n|rule|Evasion Moves Clause: Evasion moves are banned\n|rule|Evasion Items Clause: Evasion items are banned\n|rule|Species Clause: Limit one of each Pok\u00e9mon\n|rule|Sleep Clause Mod: Limit one foe put to sleep\n|rule|Mega Rayquaza Clause: You cannot mega evolve Rayquaza\n|clearpoke\n|poke|p1|Scizor, F|\n|poke|p1|Golisopod, M|\n|poke|p1|Beedrill, F|\n|poke|p1|Genesect-Douse|\n|poke|p1|Pheromosa|\n|poke|p1|Lokix, M|\n|poke|p2|Skeledirge, M|\n|poke|p2|Rillaboom, M|\n|poke|p2|Togekiss, F|\n|poke|p2|Metagross|\n|poke|p2|Roaring Moon|\n|poke|p2|Urshifu-*, M|\n|teampreview\n|inactive|Battle timer is ON: inactive players will automatically lose when time's up. (requested by Gigabot50)\n|\n|t:|1699548917\n|start\n|switch|p1a: Beedrill|Beedrill, F|100\/100\n|switch|p2a: Roaring Moon|Roaring Moon|100\/100\n|-enditem|p2a: Roaring Moon|Booster Energy\n|-activate|p2a: Roaring Moon|ability: Protosynthesis|[fromitem]\n|-start|p2a: Roaring Moon|protosynthesisspe\n|turn|1\n|\n|t:|1699548924\n|-terastallize|p2a: Roaring Moon|Flying\n|move|p2a: Roaring Moon|Acrobatics|p1a: Beedrill\n|-supereffective|p1a: Beedrill\n|-enditem|p1a: Beedrill|Focus Sash\n|-damage|p1a: Beedrill|1\/100\n|move|p1a: Beedrill|Toxic Spikes|p2a: Roaring Moon\n|-sidestart|p2: Swimmer J|move: Toxic Spikes\n|\n|upkeep\n|turn|2\n|\n|t:|1699548933\n|move|p2a: Roaring Moon|Acrobatics|p1a: Beedrill\n|-supereffective|p1a: Beedrill\n|-damage|p1a: Beedrill|0 fnt\n|faint|p1a: Beedrill\n|\n|upkeep\n|\n|t:|1699548943\n|switch|p1a: Ryuko|Scizor, F|100\/100\n|turn|3\n|\n|t:|1699548947\n|-terastallize|p1a: Ryuko|Steel\n|move|p1a: Ryuko|Bullet Punch|p2a: Roaring Moon\n|-damage|p2a: Roaring Moon|21\/100\n|move|p2a: Roaring Moon|Knock Off|p1a: Ryuko\n|-damage|p1a: Ryuko|54\/100\n|-enditem|p1a: Ryuko|Choice Band|[from] move: Knock Off|[of] p2a: Roaring Moon\n|\n|upkeep\n|turn|4\n|\n|t:|1699548957\n|-end|p2a: Roaring Moon|Protosynthesis|[silent]\n|switch|p2a: Skeledirge|Skeledirge, M|100\/100\n|-status|p2a: Skeledirge|psn\n|move|p1a: Ryuko|Bullet Punch|p2a: Skeledirge\n|-resisted|p2a: Skeledirge\n|-damage|p2a: Skeledirge|79\/100 psn\n|\n|-damage|p2a: Skeledirge|67\/100 psn|[from] psn\n|upkeep\n|turn|5\n|\n|t:|1699548972\n|switch|p1a: Kickback|Lokix, M|100\/100\n|move|p2a: Skeledirge|Torch Song|p1a: Kickback\n|-supereffective|p1a: Kickback\n|-crit|p1a: Kickback\n|-damage|p1a: Kickback|0 fnt\n|-boost|p2a: Skeledirge|spa|1\n|faint|p1a: Kickback\n|\n|-damage|p2a: Skeledirge|55\/100 psn|[from] psn\n|upkeep\n|\n|t:|1699548982\n|switch|p1a: Cocytus|Golisopod, M|100\/100\n|turn|6\n|\n|t:|1699548989\n|move|p2a: Skeledirge|Torch Song|p1a: Cocytus\n|-damage|p1a: Cocytus|51\/100\n|-boost|p2a: Skeledirge|spa|1\n|move|p1a: Cocytus|Liquidation|p2a: Skeledirge\n|-supereffective|p2a: Skeledirge\n|-damage|p2a: Skeledirge|0 fnt\n|faint|p2a: Skeledirge\n|\n|upkeep\n|\n|t:|1699548997\n|switch|p2a: Togekiss|Togekiss, F|100\/100\n|turn|7\n|\n|t:|1699549004\n|move|p2a: Togekiss|Flamethrower|p1a: Cocytus\n|-damage|p1a: Cocytus|26\/100\n|-activate|p1a: Cocytus|ability: Emergency Exit\n|\n|t:|1699549013\n|switch|p1a: Ragyo|Pheromosa, shiny|100\/100\n|\n|upkeep\n|turn|8\n|\n|t:|1699549021\n|move|p1a: Ragyo|Triple Axel|p2a: Togekiss\n|-supereffective|p2a: Togekiss\n|-damage|p2a: Togekiss|78\/100\n|-hitcount|p2a: Togekiss|1\n|-damage|p1a: Ragyo|91\/100|[from] item: Life Orb\n|move|p2a: Togekiss|Air Slash|p1a: Ragyo\n|-supereffective|p1a: Ragyo\n|-damage|p1a: Ragyo|0 fnt\n|faint|p1a: Ragyo\n|\n|-heal|p2a: Togekiss|84\/100|[from] item: Leftovers\n|upkeep\n|\n|t:|1699549035\n|switch|p1a: Ryuko|Scizor, F, tera:Steel|54\/100\n|turn|9\n|\n|t:|1699549040\n|switch|p2a: Metagross|Metagross|100\/100\n|move|p1a: Ryuko|Bullet Punch|p2a: Metagross\n|-resisted|p2a: Metagross\n|-damage|p2a: Metagross|81\/100\n|\n|upkeep\n|turn|10\n|\n|t:|1699549051\n|detailschange|p2a: Metagross|Metagross-Mega\n|-mega|p2a: Metagross|Metagross|Metagrossite\n|move|p2a: Metagross|Body Press|p1a: Ryuko\n|-supereffective|p1a: Ryuko\n|-damage|p1a: Ryuko|0 fnt\n|faint|p1a: Ryuko\n|\n|upkeep\n|\n|t:|1699549058\n|switch|p1a: Cocytus|Golisopod, M|26\/100\n|turn|11\n|\n|t:|1699549065\n|move|p1a: Cocytus|First Impression|p2a: Metagross\n|-damage|p2a: Metagross|39\/100\n|move|p2a: Metagross|Meteor Mash|p1a: Cocytus\n|-resisted|p1a: Cocytus\n|-damage|p1a: Cocytus|2\/100\n|\n|upkeep\n|turn|12\n|\n|t:|1699549072\n|move|p2a: Metagross|Bullet Punch|p1a: Cocytus\n|-resisted|p1a: Cocytus\n|-damage|p1a: Cocytus|0 fnt\n|faint|p1a: Cocytus\n|\n|upkeep\n|\n|t:|1699549076\n|switch|p1a: Bombshell|Genesect-Douse|100\/100\n|-ability|p1a: Bombshell|Download|boost\n|-boost|p1a: Bombshell|spa|1\n|turn|13\n|\n|t:|1699549083\n|move|p2a: Metagross|Body Press|p1a: Bombshell\n|-damage|p1a: Bombshell|56\/100\n|move|p1a: Bombshell|Techno Blast|p2a: Metagross\n|-damage|p2a: Metagross|0 fnt\n|faint|p2a: Metagross\n|\n|upkeep\n|\n|t:|1699549094\n|switch|p2a: Roaring Moon|Roaring Moon, tera:Flying|21\/100\n|turn|14\n|\n|t:|1699549100\n|move|p2a: Roaring Moon|Acrobatics|p1a: Bombshell\n|-damage|p1a: Bombshell|0 fnt\n|faint|p1a: Bombshell\n|\n|win|Swimmer J\n|raw|Gigabot50's rating: 1128 &rarr; <strong>1105<\/strong><br \/>(-23 for losing)\n|raw|Swimmer J's rating: 1153 &rarr; <strong>1176<\/strong><br \/>(+23 for winning)\n|l|\u2606Gigabot50\n","uploadtime":1699549107,"views":20,"p1id":"gigabot50","p2id":"swimmerj","formatid":"gen9nationaldexubers","rating":1105,"private":0,"password":""}