{"id":"gen9nationaldexubers-1980573641","p1":"Unrandommmas","p2":"VerduOsane","format":"[Gen 9] National Dex Ubers","log":"|j|\u2606Unrandommmas\n|j|\u2606VerduOsane\n|t:|1698798907\n|gametype|singles\n|player|p1|Unrandommmas|266|1221\n|player|p2|VerduOsane|1|1271\n|teamsize|p1|6\n|teamsize|p2|6\n|gen|9\n|tier|[Gen 9] National Dex Ubers\n|rated|\n|rule|HP Percentage Mod: HP is shown in percentages\n|rule|Endless Battle Clause: Forcing endless battles is banned\n|rule|OHKO Clause: OHKO moves are banned\n|rule|Evasion Moves Clause: Evasion moves are banned\n|rule|Evasion Items Clause: Evasion items are banned\n|rule|Species Clause: Limit one of each Pok\u00e9mon\n|rule|Sleep Clause Mod: Limit one foe put to sleep\n|rule|Mega Rayquaza Clause: You cannot mega evolve Rayquaza\n|clearpoke\n|poke|p1|Darkrai|\n|poke|p1|Forretress, F|\n|poke|p1|Xurkitree|\n|poke|p1|Eiscue, F|\n|poke|p1|Ditto|\n|poke|p1|Zacian-*|\n|poke|p2|Masquerain, F|\n|poke|p2|Meowscarada, M|\n|poke|p2|Iron Moth|\n|poke|p2|Hoopa|\n|poke|p2|Gliscor, F|\n|poke|p2|Kommo-o, F|\n|teampreview\n|\n|t:|1698798918\n|start\n|switch|p1a: Eiscue|Eiscue, F|100\/100\n|switch|p2a: Iron Moth|Iron Moth|100\/100\n|-enditem|p2a: Iron Moth|Booster Energy\n|-activate|p2a: Iron Moth|ability: Quark Drive|[fromitem]\n|-start|p2a: Iron Moth|quarkdrivespe\n|turn|1\n|\n|t:|1698798940\n|move|p2a: Iron Moth|Fiery Dance|p1a: Eiscue\n|-supereffective|p1a: Eiscue\n|-damage|p1a: Eiscue|0 fnt\n|faint|p1a: Eiscue\n|\n|upkeep\n|\n|t:|1698798957\n|switch|p1a: Ditto|Ditto|100\/100\n|-transform|p1a: Ditto|p2a: Iron Moth|[from] ability: Imposter\n|turn|2\n|\n|t:|1698798978\n|move|p2a: Iron Moth|Discharge|p1a: Ditto\n|-damage|p1a: Ditto|70\/100\n|move|p1a: Ditto|Discharge|p2a: Iron Moth\n|-damage|p2a: Iron Moth|74\/100\n|-status|p2a: Iron Moth|par\n|\n|upkeep\n|turn|3\n|\n|t:|1698798985\n|move|p1a: Ditto|Discharge|p2a: Iron Moth\n|-damage|p2a: Iron Moth|46\/100 par\n|cant|p2a: Iron Moth|par\n|\n|upkeep\n|turn|4\n|c|\u2606VerduOsane|bruh..\n|\n|t:|1698798992\n|move|p1a: Ditto|Discharge|p2a: Iron Moth\n|-damage|p2a: Iron Moth|19\/100 par\n|cant|p2a: Iron Moth|par\n|\n|upkeep\n|turn|5\n|\n|t:|1698798996\n|move|p1a: Ditto|Discharge|p2a: Iron Moth\n|-damage|p2a: Iron Moth|0 fnt\n|faint|p2a: Iron Moth\n|-end|p2a: Iron Moth|Quark Drive|[silent]\n|\n|upkeep\n|c|\u2606VerduOsane|I\u2019m fucking done..\n|\n|t:|1698799007\n|switch|p2a: Gliscor|Gliscor, F|100\/100\n|turn|6\n|\n|t:|1698799022\n|move|p1a: Ditto|Energy Ball|p2a: Gliscor\n|-damage|p2a: Gliscor|66\/100\n|move|p2a: Gliscor|Stealth Rock|p1a: Ditto\n|-sidestart|p1: Unrandommmas|move: Stealth Rock\n|\n|-status|p2a: Gliscor|tox|[from] item: Toxic Orb\n|upkeep\n|turn|7\n|\n|t:|1698799038\n|-end|p1a: Ditto|Quark Drive|[silent]\n|switch|p1a: Zacian|Zacian-Crowned|100\/100\n|-damage|p1a: Zacian|94\/100|[from] Stealth Rock\n|-ability|p1a: Zacian|Intrepid Sword|boost\n|-boost|p1a: Zacian|atk|1\n|move|p2a: Gliscor|Earthquake|p1a: Zacian\n|-supereffective|p1a: Zacian\n|-damage|p1a: Zacian|39\/100\n|\n|-heal|p2a: Gliscor|79\/100 tox|[from] ability: Poison Heal\n|upkeep\n|turn|8\n|\n|t:|1698799059\n|switch|p2a: Masquerain|Masquerain, F|100\/100\n|-ability|p2a: Masquerain|Intimidate|boost\n|-unboost|p1a: Zacian|atk|1\n|move|p1a: Zacian|Behemoth Blade|p2a: Masquerain\n|-damage|p2a: Masquerain|15\/100\n|\n|upkeep\n|turn|9\n|\n|t:|1698799068\n|switch|p2a: Gliscor|Gliscor, F|79\/100 tox\n|move|p1a: Zacian|Behemoth Blade|p2a: Gliscor\n|-damage|p2a: Gliscor|47\/100 tox\n|\n|-heal|p2a: Gliscor|59\/100 tox|[from] ability: Poison Heal\n|upkeep\n|turn|10\n|\n|t:|1698799074\n|move|p1a: Zacian|Substitute|p1a: Zacian\n|-start|p1a: Zacian|Substitute\n|-damage|p1a: Zacian|14\/100\n|move|p2a: Gliscor|Earthquake|p1a: Zacian\n|-supereffective|p1a: Zacian\n|-end|p1a: Zacian|Substitute\n|\n|-heal|p2a: Gliscor|71\/100 tox|[from] ability: Poison Heal\n|upkeep\n|turn|11\n|\n|t:|1698799082\n|move|p1a: Zacian|Air Slash|p2a: Gliscor\n|-damage|p2a: Gliscor|55\/100 tox\n|move|p2a: Gliscor|Earthquake|p1a: Zacian\n|-supereffective|p1a: Zacian\n|-damage|p1a: Zacian|0 fnt\n|faint|p1a: Zacian\n|\n|-heal|p2a: Gliscor|67\/100 tox|[from] ability: Poison Heal\n|upkeep\n|\n|t:|1698799088\n|switch|p1a: Forretress|Forretress, F|100\/100\n|-damage|p1a: Forretress|88\/100|[from] Stealth Rock\n|turn|12\n|c|\u2606VerduOsane|what?..\n|c|\u2606Unrandommmas|?\n|\n|t:|1698799103\n|switch|p2a: Masquerain|Masquerain, F|15\/100\n|-ability|p2a: Masquerain|Intimidate|boost\n|-unboost|p1a: Forretress|atk|1\n|move|p1a: Forretress|Rapid Spin|p2a: Masquerain\n|-damage|p2a: Masquerain|3\/100\n|-boost|p1a: Forretress|spe|1\n|-sideend|p1: Unrandommmas|Stealth Rock|[from] move: Rapid Spin|[of] p1a: Forretress\n|\n|-heal|p1a: Forretress|94\/100|[from] item: Leftovers\n|upkeep\n|turn|13\n|\n|t:|1698799118\n|switch|p1a: Darkrai|Darkrai|100\/100\n|move|p2a: Masquerain|Sticky Web|p1a: Darkrai\n|-sidestart|p1: Unrandommmas|move: Sticky Web\n|\n|upkeep\n|turn|14\n|c|\u2606VerduOsane|Air Slash Zacian?\n|\n|t:|1698799131\n|move|p1a: Darkrai|Substitute|p1a: Darkrai\n|-start|p1a: Darkrai|Substitute\n|-damage|p1a: Darkrai|76\/100\n|move|p2a: Masquerain|Bug Buzz|p1a: Darkrai\n|-supereffective|p1a: Darkrai\n|-crit|p1a: Darkrai\n|-damage|p1a: Darkrai|0 fnt\n|faint|p1a: Darkrai\n|\n|upkeep\n|\n|t:|1698799139\n|switch|p1a: Forretress|Forretress, F|94\/100\n|-activate|p1a: Forretress|move: Sticky Web\n|-unboost|p1a: Forretress|spe|1\n|turn|15\n|\n|t:|1698799142\n|switch|p2a: Hoopa|Hoopa|100\/100\n|move|p1a: Forretress|Rapid Spin|p2a: Hoopa\n|-immune|p2a: Hoopa\n|\n|-heal|p1a: Forretress|100\/100|[from] item: Leftovers\n|upkeep\n|turn|16\n|\n|t:|1698799162\n|move|p2a: Hoopa|Calm Mind|p2a: Hoopa\n|-boost|p2a: Hoopa|spa|1\n|-boost|p2a: Hoopa|spd|1\n|move|p1a: Forretress|Volt Switch|p2a: Hoopa\n|-damage|p2a: Hoopa|95\/100\n|\n|t:|1698799165\n|switch|p1a: Ditto|Ditto|70\/100|[from] Volt Switch\n|-activate|p1a: Ditto|move: Sticky Web\n|-unboost|p1a: Ditto|spe|1\n|-transform|p1a: Ditto|p2a: Hoopa|[from] ability: Imposter\n|\n|upkeep\n|turn|17\n|\n|t:|1698799178\n|-terastallize|p1a: Ditto|Normal\n|-terastallize|p2a: Hoopa|Dark\n|move|p1a: Ditto|Shadow Ball|p2a: Hoopa\n|-resisted|p2a: Hoopa\n|-damage|p2a: Hoopa|80\/100\n|move|p2a: Hoopa|Calm Mind|p2a: Hoopa\n|-boost|p2a: Hoopa|spa|1\n|-boost|p2a: Hoopa|spd|1\n|\n|upkeep\n|turn|18\n|-message|Unrandommmas forfeited.\n|\n|win|VerduOsane\n|raw|Unrandommmas's rating: 1221 &rarr; <strong>1200<\/strong><br \/>(-21 for losing)\n|raw|VerduOsane's rating: 1271 &rarr; <strong>1292<\/strong><br \/>(+21 for winning)\n|l|\u2606Unrandommmas\n|l|\u2606VerduOsane\n|j|\u2606VerduOsane\n|player|p2|VerduOsane|1\n|l|\u2606VerduOsane\n|player|p2|\n|j|\u2606VerduOsane\n|player|p2|VerduOsane|1\n","uploadtime":1698799194,"views":298,"p1id":"unrandommmas","p2id":"verduosane","formatid":"gen9nationaldexubers","rating":1200,"private":0,"password":""}