{"id":"gen9nationaldexubers-1978791766","p1":"Yannix BP","p2":"3ntr1x","format":"[Gen 9] National Dex Ubers","log":"|j|\u2606Yannix BP\n|j|\u26063ntr1x\n|t:|1698595728\n|gametype|singles\n|player|p1|Yannix BP|266|\n|player|p2|3ntr1x|170|\n|teamsize|p1|3\n|teamsize|p2|3\n|gen|9\n|tier|[Gen 9] National Dex Ubers\n|rule|HP Percentage Mod: HP is shown in percentages\n|rule|Endless Battle Clause: Forcing endless battles is banned\n|rule|OHKO Clause: OHKO moves are banned\n|rule|Evasion Moves Clause: Evasion moves are banned\n|rule|Evasion Items Clause: Evasion items are banned\n|rule|Species Clause: Limit one of each Pok\u00e9mon\n|rule|Sleep Clause Mod: Limit one foe put to sleep\n|rule|Mega Rayquaza Clause: You cannot mega evolve Rayquaza\n|clearpoke\n|poke|p1|Deerling, L15, M|\n|poke|p1|Grookey, L15, M|\n|poke|p1|Lombre, L15, F|\n|poke|p2|Gastly, L15, F|\n|poke|p2|Mareanie, L15, F|\n|poke|p2|Shellder, L15, M|\n|teampreview\n|\n|t:|1698595738\n|start\n|switch|p1a: Deerling|Deerling, L15, M|100\/100\n|switch|p2a: Gaster|Gastly, L15, F, shiny|100\/100\n|turn|1\n|\n|t:|1698595745\n|move|p2a: Gaster|Toxic|p1a: Deerling\n|-status|p1a: Deerling|tox\n|move|p1a: Deerling|Leech Seed|p2a: Gaster|[miss]\n|-miss|p1a: Deerling|p2a: Gaster\n|\n|-damage|p1a: Deerling|96\/100 tox|[from] psn\n|upkeep\n|turn|2\n|\n|t:|1698595757\n|move|p2a: Gaster|Disable|p1a: Deerling\n|-start|p1a: Deerling|Disable|Leech Seed\n|cant|p1a: Deerling|Disable|Leech Seed\n|\n|-damage|p1a: Deerling|88\/100 tox|[from] psn\n|upkeep\n|turn|3\n|\n|t:|1698595764\n|move|p2a: Gaster|Hex|p1a: Deerling\n|-immune|p1a: Deerling\n|move|p1a: Deerling|Trailblaze|p2a: Gaster\n|-resisted|p2a: Gaster\n|-damage|p2a: Gaster|82\/100\n|-boost|p1a: Deerling|spe|1\n|\n|-damage|p1a: Deerling|75\/100 tox|[from] psn\n|upkeep\n|turn|4\n|\n|t:|1698595775\n|move|p1a: Deerling|Trailblaze|p2a: Gaster\n|-resisted|p2a: Gaster\n|-damage|p2a: Gaster|64\/100\n|-boost|p1a: Deerling|spe|1\n|move|p2a: Gaster|Disable||[still]\n|-fail|p2a: Gaster\n|\n|-damage|p1a: Deerling|58\/100 tox|[from] psn\n|upkeep\n|turn|5\n|\n|t:|1698595785\n|move|p1a: Deerling|Trailblaze|p2a: Gaster\n|-resisted|p2a: Gaster\n|-damage|p2a: Gaster|43\/100\n|-boost|p1a: Deerling|spe|1\n|move|p2a: Gaster|Haze|p2a: Gaster\n|-clearallboost\n|\n|-damage|p1a: Deerling|37\/100 tox|[from] psn\n|-end|p1a: Deerling|Disable\n|upkeep\n|turn|6\n|\n|t:|1698595796\n|move|p2a: Gaster|Disable|p1a: Deerling\n|-start|p1a: Deerling|Disable|Trailblaze\n|move|p1a: Deerling|Leech Seed|p2a: Gaster\n|-start|p2a: Gaster|move: Leech Seed\n|\n|-damage|p2a: Gaster|32\/100|[from] Leech Seed|[of] p1a: Deerling\n|-heal|p1a: Deerling|45\/100 tox|[silent]\n|-damage|p1a: Deerling|20\/100 tox|[from] psn\n|upkeep\n|turn|7\n|\n|t:|1698595809\n|move|p2a: Gaster|Toxic|p1a: Deerling\n|-fail|p1a: Deerling|tox\n|move|p1a: Deerling|Leech Seed||[still]\n|-fail|p1a: Deerling\n|\n|-damage|p2a: Gaster|22\/100|[from] Leech Seed|[of] p1a: Deerling\n|-heal|p1a: Deerling|28\/100 tox|[silent]\n|-damage|p1a: Deerling|0 fnt|[from] psn\n|faint|p1a: Deerling\n|upkeep\n|\n|t:|1698595817\n|switch|p1a: Grookey|Grookey, L15, M|100\/100\n|-fieldstart|move: Grassy Terrain|[from] ability: Grassy Surge|[of] p1a: Grookey\n|turn|8\n|\n|t:|1698595823\n|move|p1a: Grookey|Grassy Glide|p2a: Gaster\n|-resisted|p2a: Gaster\n|-damage|p2a: Gaster|0 fnt\n|faint|p2a: Gaster\n|\n|upkeep\n|\n|t:|1698595850\n|switch|p2a: Clam|Shellder, L15, M, shiny|100\/100\n|turn|9\n|\n|t:|1698595859\n|move|p1a: Grookey|Grassy Glide|p2a: Clam\n|-supereffective|p2a: Clam\n|-damage|p2a: Clam|8\/100\n|move|p2a: Clam|Shell Smash|p2a: Clam\n|-unboost|p2a: Clam|def|1\n|-unboost|p2a: Clam|spd|1\n|-boost|p2a: Clam|atk|2\n|-boost|p2a: Clam|spa|2\n|-boost|p2a: Clam|spe|2\n|-enditem|p2a: Clam|White Herb\n|-clearnegativeboost|p2a: Clam|[silent]\n|\n|-heal|p2a: Clam|13\/100|[from] Grassy Terrain\n|upkeep\n|turn|10\n|\n|t:|1698595873\n|move|p1a: Grookey|Grassy Glide|p2a: Clam\n|-supereffective|p2a: Clam\n|-crit|p2a: Clam\n|-damage|p2a: Clam|0 fnt\n|faint|p2a: Clam\n|\n|upkeep\n|\n|t:|1698595878\n|switch|p2a: Mary|Mareanie, L15, F, shiny|100\/100\n|turn|11\n|\n|t:|1698595881\n|move|p1a: Grookey|Grassy Glide|p2a: Mary\n|-damage|p2a: Mary|57\/100\n|move|p2a: Mary|Infestation|p1a: Grookey\n|-supereffective|p1a: Grookey\n|-damage|p1a: Grookey|82\/100\n|-activate|p1a: Grookey|move: Infestation|[of] p2a: Mary\n|\n|-heal|p1a: Grookey|87\/100|[from] Grassy Terrain\n|-heal|p2a: Mary|62\/100|[from] Grassy Terrain\n|-heal|p2a: Mary|66\/100|[from] item: Leftovers\n|-damage|p1a: Grookey|75\/100|[from] move: Infestation|[partiallytrapped]\n|upkeep\n|turn|12\n|\n|t:|1698595894\n|move|p1a: Grookey|Grassy Glide|p2a: Mary\n|-damage|p2a: Mary|25\/100\n|move|p2a: Mary|Toxic|p1a: Grookey\n|-status|p1a: Grookey|tox\n|\n|-heal|p1a: Grookey|80\/100 tox|[from] Grassy Terrain\n|-heal|p2a: Mary|30\/100|[from] Grassy Terrain\n|-heal|p2a: Mary|35\/100|[from] item: Leftovers\n|-damage|p1a: Grookey|75\/100 tox|[from] psn\n|-damage|p1a: Grookey|64\/100 tox|[from] move: Infestation|[partiallytrapped]\n|-fieldend|move: Grassy Terrain\n|upkeep\n|turn|13\n|\n|t:|1698595923\n|move|p2a: Mary|Protect|p2a: Mary\n|-singleturn|p2a: Mary|Protect\n|move|p1a: Grookey|Grassy Glide|p2a: Mary\n|-activate|p2a: Mary|move: Protect\n|\n|-heal|p2a: Mary|39\/100|[from] item: Leftovers\n|-damage|p1a: Grookey|55\/100 tox|[from] psn\n|-damage|p1a: Grookey|44\/100 tox|[from] move: Infestation|[partiallytrapped]\n|upkeep\n|turn|14\n|\n|t:|1698595941\n|move|p1a: Grookey|Acrobatics|p2a: Mary\n|-damage|p2a: Mary|16\/100\n|move|p2a: Mary|Infestation|p1a: Grookey\n|-supereffective|p1a: Grookey\n|-damage|p1a: Grookey|25\/100 tox\n|-enditem|p1a: Grookey|Salac Berry|[eat]\n|-boost|p1a: Grookey|spe|1|[from] item: Salac Berry\n|\n|-heal|p2a: Mary|21\/100|[from] item: Leftovers\n|-damage|p1a: Grookey|12\/100 tox|[from] psn\n|-damage|p1a: Grookey|0 fnt|[from] move: Infestation|[partiallytrapped]\n|faint|p1a: Grookey\n|upkeep\n|\n|t:|1698595952\n|switch|p1a: Lombre|Lombre, L15, F|100\/100\n|turn|15\n|\n|t:|1698595973\n|move|p1a: Lombre|Rain Dance|p1a: Lombre\n|-weather|RainDance\n|move|p2a: Mary|Infestation|p1a: Lombre\n|-supereffective|p1a: Lombre\n|-damage|p1a: Lombre|88\/100\n|-activate|p1a: Lombre|move: Infestation|[of] p2a: Mary\n|\n|-weather|RainDance|[upkeep]\n|-heal|p2a: Mary|25\/100|[from] item: Leftovers\n|-damage|p1a: Lombre|77\/100|[from] move: Infestation|[partiallytrapped]\n|upkeep\n|turn|16\n|\n|t:|1698595983\n|move|p1a: Lombre|Hidden Power|p2a: Mary\n|-resisted|p2a: Mary\n|-damage|p2a: Mary|14\/100\n|move|p2a: Mary|Toxic|p1a: Lombre\n|-status|p1a: Lombre|tox\n|\n|-weather|RainDance|[upkeep]\n|-heal|p2a: Mary|19\/100|[from] item: Leftovers\n|-damage|p1a: Lombre|73\/100 tox|[from] psn\n|-damage|p1a: Lombre|62\/100 tox|[from] move: Infestation|[partiallytrapped]\n|upkeep\n|turn|17\n|\n|t:|1698595993\n|move|p2a: Mary|Protect|p2a: Mary\n|-singleturn|p2a: Mary|Protect\n|move|p1a: Lombre|Hidden Power|p2a: Mary\n|-activate|p2a: Mary|move: Protect\n|\n|-weather|RainDance|[upkeep]\n|-heal|p2a: Mary|23\/100|[from] item: Leftovers\n|-damage|p1a: Lombre|54\/100 tox|[from] psn\n|-damage|p1a: Lombre|43\/100 tox|[from] move: Infestation|[partiallytrapped]\n|upkeep\n|turn|18\n|\n|t:|1698596003\n|move|p1a: Lombre|Hidden Power|p2a: Mary\n|-resisted|p2a: Mary\n|-damage|p2a: Mary|10\/100\n|move|p2a: Mary|Infestation|p1a: Lombre\n|-supereffective|p1a: Lombre\n|-damage|p1a: Lombre|26\/100 tox\n|\n|-weather|RainDance|[upkeep]\n|-heal|p2a: Mary|14\/100|[from] item: Leftovers\n|-damage|p1a: Lombre|13\/100 tox|[from] psn\n|-damage|p1a: Lombre|3\/100 tox|[from] move: Infestation|[partiallytrapped]\n|upkeep\n|turn|19\n|\n|t:|1698596015\n|move|p2a: Mary|Protect|p2a: Mary\n|-singleturn|p2a: Mary|Protect\n|move|p1a: Lombre|Magical Leaf|p2a: Mary\n|-activate|p2a: Mary|move: Protect\n|\n|-weather|none\n|-heal|p2a: Mary|19\/100|[from] item: Leftovers\n|-damage|p1a: Lombre|0 fnt|[from] psn\n|faint|p1a: Lombre\n|\n|win|3ntr1x\n|upkeep\n","uploadtime":1698596025,"views":8,"p1id":"yannixbp","p2id":"3ntr1x","formatid":"gen9nationaldexubers","rating":0,"private":0,"password":""}