{"id":"gen9nationaldexubers-1978239602","p1":"eduilewfiuyweui","p2":"hshshsbs","format":"[Gen 9] National Dex Ubers","log":"|j|\u2606eduilewfiuyweui\n|j|\u2606hshshsbs\n|t:|1698515965\n|gametype|singles\n|player|p1|eduilewfiuyweui|266|\n|player|p2|hshshsbs|1|\n|teamsize|p1|6\n|teamsize|p2|6\n|gen|9\n|tier|[Gen 9] National Dex Ubers\n|rule|HP Percentage Mod: HP is shown in percentages\n|rule|Endless Battle Clause: Forcing endless battles is banned\n|rule|OHKO Clause: OHKO moves are banned\n|rule|Evasion Moves Clause: Evasion moves are banned\n|rule|Evasion Items Clause: Evasion items are banned\n|rule|Species Clause: Limit one of each Pok\u00e9mon\n|rule|Sleep Clause Mod: Limit one foe put to sleep\n|rule|Mega Rayquaza Clause: You cannot mega evolve Rayquaza\n|clearpoke\n|poke|p1|Pikachu, M|\n|poke|p1|Lucario, M|\n|poke|p1|Sirfetch\u2019d, M|\n|poke|p1|Dragonite, M|\n|poke|p1|Dracovish|\n|poke|p1|Gengar, M|\n|poke|p2|Pikachu, M|\n|poke|p2|Talonflame, M|\n|poke|p2|Goodra, M|\n|poke|p2|Noivern, M|\n|poke|p2|Hawlucha, M|\n|poke|p2|Greninja-*, M|\n|teampreview\n|inactive|Battle timer is ON: inactive players will automatically lose when time's up. (requested by eduilewfiuyweui)\n|\n|t:|1698515972\n|start\n|switch|p1a: Pikachu|Pikachu, M|100\/100\n|switch|p2a: Pikachu|Pikachu, M|100\/100\n|turn|1\n|\n|t:|1698515983\n|move|p2a: Pikachu|Play Rough|p1a: Pikachu\n|-damage|p1a: Pikachu|10\/100\n|move|p1a: Pikachu|Iron Tail|p2a: Pikachu\n|-resisted|p2a: Pikachu\n|-damage|p2a: Pikachu|57\/100\n|\n|upkeep\n|turn|2\n|\n|t:|1698515991\n|move|p1a: Pikachu|Quick Attack|p2a: Pikachu\n|-damage|p2a: Pikachu|20\/100\n|move|p2a: Pikachu|Play Rough|p1a: Pikachu\n|-damage|p1a: Pikachu|0 fnt\n|faint|p1a: Pikachu\n|\n|upkeep\n|\n|t:|1698516004\n|switch|p1a: Gengar|Gengar, M|100\/100\n|turn|3\n|\n|t:|1698516018\n|move|p1a: Gengar|Shadow Ball|p2a: Pikachu\n|-damage|p2a: Pikachu|0 fnt\n|faint|p2a: Pikachu\n|\n|upkeep\n|\n|t:|1698516026\n|switch|p2a: Greninja|Greninja, M|100\/100\n|turn|4\n|\n|t:|1698516034\n|switch|p1a: Lucario|Lucario, M|100\/100\n|move|p2a: Greninja|Dark Pulse|p1a: Lucario\n|-start|p2a: Greninja|typechange|Dark|[from] ability: Protean\n|-resisted|p1a: Lucario\n|-damage|p1a: Lucario|81\/100\n|\n|upkeep\n|turn|5\n|\n|t:|1698516049\n|switch|p2a: Talonflame|Talonflame, M|100\/100\n|move|p1a: Lucario|Aura Sphere|p2a: Talonflame\n|-resisted|p2a: Talonflame\n|-damage|p2a: Talonflame|81\/100\n|\n|upkeep\n|turn|6\n|\n|t:|1698516069\n|switch|p1a: Dracovish|Dracovish|100\/100\n|move|p2a: Talonflame|U-turn|p1a: Dracovish\n|-damage|p1a: Dracovish|81\/100\n|\n|t:|1698516077\n|switch|p2a: Goodra|Goodra, M|100\/100|[from] U-turn\n|\n|upkeep\n|turn|7\n|\n|t:|1698516085\n|move|p1a: Dracovish|Ice Fang|p2a: Goodra\n|-supereffective|p2a: Goodra\n|-damage|p2a: Goodra|46\/100\n|-ability|p2a: Goodra|Gooey\n|-unboost|p1a: Dracovish|spe|1\n|move|p2a: Goodra|Dragon Pulse|p1a: Dracovish\n|-supereffective|p1a: Dracovish\n|-damage|p1a: Dracovish|0 fnt\n|faint|p1a: Dracovish\n|\n|upkeep\n|\n|t:|1698516099\n|switch|p1a: Dragonite|Dragonite, M|100\/100\n|turn|8\n|\n|t:|1698516106\n|move|p1a: Dragonite|Dragon Dance|p1a: Dragonite\n|-boost|p1a: Dragonite|atk|1\n|-boost|p1a: Dragonite|spe|1\n|move|p2a: Goodra|Draco Meteor|p1a: Dragonite\n|-supereffective|p1a: Dragonite\n|-damage|p1a: Dragonite|54\/100\n|-unboost|p2a: Goodra|spa|2\n|\n|-heal|p1a: Dragonite|60\/100|[from] item: Leftovers\n|upkeep\n|turn|9\n|\n|t:|1698516124\n|move|p1a: Dragonite|Dragon Dance|p1a: Dragonite\n|-boost|p1a: Dragonite|atk|1\n|-boost|p1a: Dragonite|spe|1\n|move|p2a: Goodra|Dragon Pulse|p1a: Dragonite\n|-supereffective|p1a: Dragonite\n|-damage|p1a: Dragonite|32\/100\n|\n|-heal|p1a: Dragonite|38\/100|[from] item: Leftovers\n|upkeep\n|turn|10\n|\n|t:|1698516139\n|-terastallize|p1a: Dragonite|Dragon\n|move|p1a: Dragonite|Dragon Claw|p2a: Goodra\n|-supereffective|p2a: Goodra\n|-damage|p2a: Goodra|0 fnt\n|-ability|p2a: Goodra|Gooey\n|-unboost|p1a: Dragonite|spe|1\n|faint|p2a: Goodra\n|\n|-heal|p1a: Dragonite|44\/100|[from] item: Leftovers\n|upkeep\n|inactive|hshshsbs has 270 seconds left.\n|\n|t:|1698516168\n|switch|p2a: Greninja|Greninja, M|100\/100\n|turn|11\n|inactive|hshshsbs has 270 seconds left.\n|\n|t:|1698516179\n|move|p2a: Greninja|Ice Beam|p1a: Dragonite\n|-start|p2a: Greninja|typechange|Ice|[from] ability: Protean\n|-supereffective|p1a: Dragonite\n|-damage|p1a: Dragonite|0 fnt\n|faint|p1a: Dragonite\n|\n|upkeep\n|\n|t:|1698516188\n|switch|p1a: Lucario|Lucario, M|81\/100\n|turn|12\n|\n|t:|1698516202\n|-terastallize|p2a: Greninja|Water\n|move|p2a: Greninja|Surf|p1a: Lucario\n|-damage|p1a: Lucario|41\/100\n|move|p1a: Lucario|Aura Sphere|p2a: Greninja\n|-damage|p2a: Greninja|68\/100\n|\n|upkeep\n|turn|13\n|\n|t:|1698516214\n|move|p1a: Lucario|Vacuum Wave|p2a: Greninja\n|-crit|p2a: Greninja\n|-damage|p2a: Greninja|41\/100\n|move|p2a: Greninja|Surf|p1a: Lucario\n|-damage|p1a: Lucario|0 fnt\n|faint|p1a: Lucario\n|\n|upkeep\n|\n|t:|1698516228\n|switch|p1a: Sirfetch\u2019d|Sirfetch\u2019d, M|100\/100\n|turn|14\n|\n|t:|1698516237\n|move|p1a: Sirfetch\u2019d|First Impression|p2a: Greninja\n|-crit|p2a: Greninja\n|-damage|p2a: Greninja|0 fnt\n|faint|p2a: Greninja\n|\n|upkeep\n|\n|t:|1698516248\n|switch|p2a: Talonflame|Talonflame, M|81\/100\n|turn|15\n|\n|t:|1698516259\n|move|p2a: Talonflame|Brave Bird|p1a: Sirfetch\u2019d\n|-supereffective|p1a: Sirfetch\u2019d\n|-damage|p1a: Sirfetch\u2019d|0 fnt\n|faint|p1a: Sirfetch\u2019d\n|-damage|p2a: Talonflame|52\/100|[from] Recoil\n|\n|upkeep\n|\n|t:|1698516265\n|switch|p1a: Gengar|Gengar, M|100\/100\n|turn|16\n|\n|t:|1698516275\n|move|p2a: Talonflame|Flare Blitz|p1a: Gengar\n|-damage|p1a: Gengar|21\/100\n|-start|p2a: Talonflame|Disable|Flare Blitz|[from] ability: Cursed Body|[of] p1a: Gengar\n|-damage|p2a: Talonflame|29\/100|[from] Recoil\n|move|p1a: Gengar|Shadow Ball|p2a: Talonflame\n|-damage|p2a: Talonflame|0 fnt\n|faint|p2a: Talonflame\n|\n|upkeep\n|\n|t:|1698516288\n|switch|p2a: Hawlucha|Hawlucha, M|100\/100\n|turn|17\n|\n|t:|1698516295\n|move|p2a: Hawlucha|Dual Wingbeat|p1a: Gengar\n|-damage|p1a: Gengar|0 fnt\n|faint|p1a: Gengar\n|-hitcount|p1: Gengar|1\n|\n|win|hshshsbs\n","uploadtime":1698516304,"views":19,"p1id":"eduilewfiuyweui","p2id":"hshshsbs","formatid":"gen9nationaldexubers","rating":0,"private":0,"password":""}