{"id":"gen9nationaldexubers-1978684959","p1":"brayan.xit","p2":"700club","format":"[Gen 9] National Dex Ubers","log":"|j|\u2606brayan.xit\n|j|\u2606700club\n|t:|1698581165\n|gametype|singles\n|player|p1|brayan.xit|blackbelt-gen4dp|1056\n|player|p2|700club|shadowtriad|1183\n|teamsize|p1|6\n|teamsize|p2|6\n|gen|9\n|tier|[Gen 9] National Dex Ubers\n|rated|\n|rule|HP Percentage Mod: HP is shown in percentages\n|rule|Endless Battle Clause: Forcing endless battles is banned\n|rule|OHKO Clause: OHKO moves are banned\n|rule|Evasion Moves Clause: Evasion moves are banned\n|rule|Evasion Items Clause: Evasion items are banned\n|rule|Species Clause: Limit one of each Pok\u00e9mon\n|rule|Sleep Clause Mod: Limit one foe put to sleep\n|rule|Mega Rayquaza Clause: You cannot mega evolve Rayquaza\n|clearpoke\n|poke|p1|Marshadow|\n|poke|p1|Mewtwo|\n|poke|p1|Glimmora, M|\n|poke|p1|Excadrill, F|\n|poke|p1|Zygarde|\n|poke|p1|Dragapult, M|\n|poke|p2|Ogerpon-Hearthflame, F|\n|poke|p2|Ditto|\n|poke|p2|Deoxys-Speed|\n|poke|p2|Mewtwo|\n|poke|p2|Necrozma-Dusk-Mane|\n|poke|p2|Annihilape, M|\n|teampreview\n|\n|t:|1698581176\n|start\n|switch|p1a: Glimmora|Glimmora, M|100\/100\n|switch|p2a: Deoxys|Deoxys-Speed|100\/100\n|-ability|p2a: Deoxys|Pressure\n|turn|1\n|\n|t:|1698581185\n|move|p2a: Deoxys|Taunt|p1a: Glimmora\n|-start|p1a: Glimmora|move: Taunt\n|cant|p1a: Glimmora|move: Taunt|Toxic Spikes\n|\n|upkeep\n|turn|2\n|\n|t:|1698581193\n|move|p2a: Deoxys|Stealth Rock|p1a: Glimmora\n|-sidestart|p1: brayan.xit|move: Stealth Rock\n|-activate|p1a: Glimmora|move: Struggle\n|move|p1a: Glimmora|Struggle|p2a: Deoxys\n|-damage|p2a: Deoxys|93\/100\n|-damage|p1a: Glimmora|75\/100|[from] recoil\n|\n|-heal|p1a: Glimmora|82\/100|[from] item: Leftovers\n|upkeep\n|turn|3\n|\n|t:|1698581223\n|switch|p2a: Mewtwo|Mewtwo|100\/100\n|-ability|p2a: Mewtwo|Unnerve\n|-activate|p1a: Glimmora|move: Struggle\n|move|p1a: Glimmora|Struggle|p2a: Mewtwo\n|-damage|p2a: Mewtwo|95\/100\n|-damage|p1a: Glimmora|57\/100|[from] recoil\n|\n|-heal|p1a: Glimmora|63\/100|[from] item: Leftovers\n|-end|p1a: Glimmora|move: Taunt\n|upkeep\n|turn|4\n|\n|t:|1698581238\n|detailschange|p2a: Mewtwo|Mewtwo-Mega-Y\n|-mega|p2a: Mewtwo|Mewtwo|Mewtwonite Y\n|move|p2a: Mewtwo|Nasty Plot|p2a: Mewtwo\n|-boost|p2a: Mewtwo|spa|2\n|move|p1a: Glimmora|Toxic Spikes|p2a: Mewtwo\n|-sidestart|p2: 700club|move: Toxic Spikes\n|\n|-heal|p1a: Glimmora|69\/100|[from] item: Leftovers\n|upkeep\n|turn|5\n|\n|t:|1698581251\n|move|p2a: Mewtwo|Nasty Plot|p2a: Mewtwo\n|-boost|p2a: Mewtwo|spa|2\n|move|p1a: Glimmora|Spikes|p2a: Mewtwo\n|-sidestart|p2: 700club|Spikes\n|\n|-heal|p1a: Glimmora|75\/100|[from] item: Leftovers\n|upkeep\n|turn|6\n|\n|t:|1698581262\n|move|p2a: Mewtwo|Nasty Plot|p2a: Mewtwo\n|-boost|p2a: Mewtwo|spa|2\n|move|p1a: Glimmora|Stealth Rock|p2a: Mewtwo\n|-sidestart|p2: 700club|move: Stealth Rock\n|\n|-heal|p1a: Glimmora|81\/100|[from] item: Leftovers\n|upkeep\n|turn|7\n|\n|t:|1698581272\n|move|p2a: Mewtwo|Psystrike|p1a: Glimmora\n|-supereffective|p1a: Glimmora\n|-damage|p1a: Glimmora|0 fnt\n|faint|p1a: Glimmora\n|\n|upkeep\n|\n|t:|1698581294\n|switch|p1a: Excadrill|Excadrill, F, shiny|100\/100\n|-damage|p1a: Excadrill|97\/100|[from] Stealth Rock\n|turn|8\n|\n|t:|1698581309\n|move|p2a: Mewtwo|Psystrike|p1a: Excadrill\n|-resisted|p1a: Excadrill\n|-damage|p1a: Excadrill|0 fnt\n|faint|p1a: Excadrill\n|\n|upkeep\n|\n|t:|1698581325\n|switch|p1a: Dragapult|Dragapult, M, shiny|100\/100\n|-damage|p1a: Dragapult|88\/100|[from] Stealth Rock\n|turn|9\n|\n|t:|1698581334\n|move|p1a: Dragapult|Sucker Punch|p2a: Mewtwo\n|-supereffective|p2a: Mewtwo\n|-damage|p2a: Mewtwo|33\/100\n|move|p2a: Mewtwo|Ice Beam|p1a: Dragapult\n|-supereffective|p1a: Dragapult\n|-damage|p1a: Dragapult|0 fnt\n|faint|p1a: Dragapult\n|\n|upkeep\n|\n|t:|1698581347\n|switch|p1a: Marshadow|Marshadow|100\/100\n|-damage|p1a: Marshadow|94\/100|[from] Stealth Rock\n|turn|10\n|\n|t:|1698581414\n|move|p2a: Mewtwo|Psystrike|p1a: Marshadow\n|-supereffective|p1a: Marshadow\n|-damage|p1a: Marshadow|0 fnt\n|faint|p1a: Marshadow\n|\n|upkeep\n|\n|t:|1698581421\n|switch|p1a: Mewtwo|Mewtwo, shiny|100\/100\n|-ability|p1a: Mewtwo|Unnerve\n|-damage|p1a: Mewtwo|88\/100|[from] Stealth Rock\n|turn|11\n|\n|t:|1698581431\n|detailschange|p1a: Mewtwo|Mewtwo-Mega-X, shiny\n|-mega|p1a: Mewtwo|Mewtwo|Mewtwonite X\n|move|p2a: Mewtwo|Ice Beam|p1a: Mewtwo\n|-damage|p1a: Mewtwo|0 fnt\n|faint|p1a: Mewtwo\n|\n|upkeep\n|\n|t:|1698581442\n|switch|p1a: Zygarde|Zygarde, shiny|100\/100\n|-damage|p1a: Zygarde|94\/100|[from] Stealth Rock\n|turn|12\n|\n|t:|1698581459\n|switch|p2a: Annihilape|Annihilape, M|100\/100\n|-status|p2a: Annihilape|psn\n|-damage|p2a: Annihilape|88\/100 psn|[from] Spikes\n|-damage|p2a: Annihilape|82\/100 psn|[from] Stealth Rock\n|move|p1a: Zygarde|Earthquake|p2a: Annihilape\n|-damage|p2a: Annihilape|46\/100 psn\n|\n|-heal|p1a: Zygarde|100\/100|[from] item: Leftovers\n|-damage|p2a: Annihilape|33\/100 psn|[from] psn\n|upkeep\n|turn|13\n|\n|t:|1698581473\n|switch|p2a: Deoxys|Deoxys-Speed|93\/100\n|-status|p2a: Deoxys|psn\n|-damage|p2a: Deoxys|81\/100 psn|[from] Spikes\n|-damage|p2a: Deoxys|69\/100 psn|[from] Stealth Rock\n|-ability|p2a: Deoxys|Pressure\n|move|p1a: Zygarde|Coil|p1a: Zygarde\n|-boost|p1a: Zygarde|atk|1\n|-boost|p1a: Zygarde|def|1\n|-boost|p1a: Zygarde|accuracy|1\n|\n|-damage|p2a: Deoxys|57\/100 psn|[from] psn\n|upkeep\n|turn|14\n|\n|t:|1698581490\n|move|p2a: Deoxys|Taunt|p1a: Zygarde\n|-start|p1a: Zygarde|move: Taunt\n|cant|p1a: Zygarde|move: Taunt|Coil\n|\n|-damage|p2a: Deoxys|44\/100 psn|[from] psn\n|upkeep\n|turn|15\n|\n|t:|1698581501\n|move|p2a: Deoxys|Reflect|p2a: Deoxys\n|-sidestart|p2: 700club|Reflect\n|move|p1a: Zygarde|Earthquake|p2a: Deoxys\n|-damage|p2a: Deoxys|15\/100 psn\n|\n|-damage|p2a: Deoxys|3\/100 psn|[from] psn\n|upkeep\n|turn|16\n|\n|t:|1698581510\n|switch|p2a: Annihilape|Annihilape, M|33\/100 psn\n|-damage|p2a: Annihilape|21\/100 psn|[from] Spikes\n|-damage|p2a: Annihilape|15\/100 psn|[from] Stealth Rock\n|move|p1a: Zygarde|Earthquake|p2a: Annihilape\n|-damage|p2a: Annihilape|0 fnt\n|faint|p2a: Annihilape\n|\n|-end|p1a: Zygarde|move: Taunt\n|upkeep\n|\n|t:|1698581520\n|switch|p2a: Deoxys|Deoxys-Speed|3\/100 psn\n|-damage|p2a: Deoxys|0 fnt|[from] Spikes\n|faint|p2a: Deoxys\n|\n|t:|1698581524\n|switch|p2a: Mewtwo|Mewtwo-Mega-Y|33\/100\n|-status|p2a: Mewtwo|psn\n|-damage|p2a: Mewtwo|21\/100 psn|[from] Spikes\n|-damage|p2a: Mewtwo|8\/100 psn|[from] Stealth Rock\n|turn|17\n|\n|t:|1698581534\n|move|p2a: Mewtwo|Ice Beam|p1a: Zygarde\n|-supereffective|p1a: Zygarde\n|-damage|p1a: Zygarde|0 fnt\n|faint|p1a: Zygarde\n|\n|win|700club\n|raw|brayan.xit's rating: 1056 &rarr; <strong>1044<\/strong><br \/>(-12 for losing)\n|raw|700club's rating: 1183 &rarr; <strong>1199<\/strong><br \/>(+16 for winning)\n|l|\u2606brayan.xit\n|c|\u2606700club|gg\n","uploadtime":1698581543,"views":12,"p1id":"brayanxit","p2id":"700club","formatid":"gen9nationaldexubers","rating":1044,"private":0,"password":""}