{"id":"gen9nationaldexubers-1985037937","p1":"Jake30Tuddy!","p2":"Gamemaster6663","format":"[Gen 9] National Dex Ubers","log":"|j|\u2606Jake30Tuddy!\n|j|\u2606Gamemaster6663\n|t:|1699323384\n|gametype|singles\n|player|p1|Jake30Tuddy!|2|1091\n|player|p2|Gamemaster6663|iris-gen5bw2|1000\n|teamsize|p1|6\n|teamsize|p2|6\n|gen|9\n|tier|[Gen 9] National Dex Ubers\n|rated|\n|rule|HP Percentage Mod: HP is shown in percentages\n|rule|Endless Battle Clause: Forcing endless battles is banned\n|rule|OHKO Clause: OHKO moves are banned\n|rule|Evasion Moves Clause: Evasion moves are banned\n|rule|Evasion Items Clause: Evasion items are banned\n|rule|Species Clause: Limit one of each Pok\u00e9mon\n|rule|Sleep Clause Mod: Limit one foe put to sleep\n|rule|Mega Rayquaza Clause: You cannot mega evolve Rayquaza\n|clearpoke\n|poke|p1|Manectric, F|\n|poke|p1|Starmie|\n|poke|p1|Breloom, M|\n|poke|p1|Weavile, M|\n|poke|p1|Heatran, M|\n|poke|p1|Staraptor, M|\n|poke|p2|Lugia|\n|poke|p2|Articuno|\n|poke|p2|Zapdos|\n|poke|p2|Moltres|\n|poke|p2|Pidgeot, M|\n|poke|p2|Groudon|\n|teampreview\n|inactive|Battle timer is ON: inactive players will automatically lose when time's up. (requested by Gamemaster6663)\n|\n|t:|1699323397\n|start\n|switch|p1a: Manectric|Manectric, F|100\/100\n|switch|p2a: Lugia|Lugia|100\/100\n|turn|1\n|\n|t:|1699323406\n|switch|p2a: Groudon|Groudon|100\/100\n|detailschange|p2a: Groudon|Groudon-Primal\n|-primal|p2a: Groudon|Red Orb\n|-weather|DesolateLand|[from] ability: Desolate Land|[of] p2a: Groudon\n|detailschange|p1a: Manectric|Manectric-Mega, F\n|-mega|p1a: Manectric|Manectric|Manectite\n|-ability|p1a: Manectric|Intimidate|boost\n|-unboost|p2a: Groudon|atk|1\n|move|p1a: Manectric|Thunderbolt|p2a: Groudon\n|-immune|p2a: Groudon\n|\n|-weather|DesolateLand|[upkeep]\n|upkeep\n|turn|2\n|\n|t:|1699323422\n|switch|p1a: Staraptor|Staraptor, M|100\/100\n|move|p2a: Groudon|Ancient Power|p1a: Staraptor\n|-supereffective|p1a: Staraptor\n|-damage|p1a: Staraptor|17\/100\n|\n|-weather|DesolateLand|[upkeep]\n|upkeep\n|turn|3\n|\n|t:|1699323432\n|move|p1a: Staraptor|Brave Bird|p2a: Groudon\n|-damage|p2a: Groudon|23\/100\n|-damage|p1a: Staraptor|0 fnt|[from] Recoil\n|faint|p1a: Staraptor\n|move|p2a: Groudon|Ancient Power|p1: Staraptor|[notarget]\n|-fail|p2a: Groudon\n|\n|-weather|DesolateLand|[upkeep]\n|upkeep\n|\n|t:|1699323441\n|switch|p1a: Manectric|Manectric-Mega, F|100\/100\n|-ability|p1a: Manectric|Intimidate|boost\n|-unboost|p2a: Groudon|atk|1\n|turn|4\n|\n|t:|1699323448\n|move|p1a: Manectric|Hidden Power|p2a: Groudon\n|-damage|p2a: Groudon|0 fnt\n|faint|p2a: Groudon\n|-weather|none\n|\n|upkeep\n|\n|t:|1699323458\n|switch|p2a: Zapdos|Zapdos|100\/100\n|turn|5\n|\n|t:|1699323476\n|-terastallize|p2a: Zapdos|Ground\n|move|p1a: Manectric|Volt Switch|p2a: Zapdos\n|-immune|p2a: Zapdos\n|move|p2a: Zapdos|Tera Blast|p1a: Manectric|[anim] Tera Blast Ground\n|-supereffective|p1a: Manectric\n|-damage|p1a: Manectric|0 fnt\n|faint|p1a: Manectric\n|\n|upkeep\n|\n|t:|1699323483\n|switch|p1a: Starmie|Starmie|100\/100\n|turn|6\n|\n|t:|1699323488\n|move|p1a: Starmie|Scald|p2a: Zapdos\n|-supereffective|p2a: Zapdos\n|-damage|p2a: Zapdos|0 fnt\n|faint|p2a: Zapdos\n|\n|upkeep\n|\n|t:|1699323499\n|switch|p2a: Pidgeot|Pidgeot, M|100\/100\n|turn|7\n|\n|t:|1699323505\n|detailschange|p2a: Pidgeot|Pidgeot-Mega, M\n|-mega|p2a: Pidgeot|Pidgeot|Pidgeotite\n|move|p2a: Pidgeot|Air Slash|p1a: Starmie\n|-damage|p1a: Starmie|53\/100\n|move|p1a: Starmie|Psychic|p2a: Pidgeot\n|-damage|p2a: Pidgeot|40\/100\n|\n|-heal|p1a: Starmie|59\/100|[from] item: Leftovers\n|upkeep\n|turn|8\n|\n|t:|1699323518\n|move|p2a: Pidgeot|U-turn|p1a: Starmie\n|-supereffective|p1a: Starmie\n|-damage|p1a: Starmie|0 fnt\n|faint|p1a: Starmie\n|\n|t:|1699323522\n|switch|p2a: Lugia|Lugia|100\/100|[from] U-turn\n|\n|upkeep\n|\n|t:|1699323530\n|switch|p1a: Weavile|Weavile, M|100\/100\n|turn|9\n|\n|t:|1699323535\n|move|p1a: Weavile|Knock Off|p2a: Lugia\n|-supereffective|p2a: Lugia\n|-damage|p2a: Lugia|76\/100\n|-enditem|p2a: Lugia|Leftovers|[from] move: Knock Off|[of] p1a: Weavile\n|move|p2a: Lugia|Ancient Power|p1a: Weavile\n|-supereffective|p1a: Weavile\n|-damage|p1a: Weavile|66\/100\n|\n|upkeep\n|turn|10\n|\n|t:|1699323546\n|move|p1a: Weavile|Icicle Crash|p2a: Lugia\n|-supereffective|p2a: Lugia\n|-damage|p2a: Lugia|30\/100\n|move|p2a: Lugia|Ancient Power|p1a: Weavile\n|-supereffective|p1a: Weavile\n|-damage|p1a: Weavile|30\/100\n|\n|upkeep\n|turn|11\n|\n|t:|1699323553\n|move|p1a: Weavile|Icicle Crash|p2a: Lugia\n|-supereffective|p2a: Lugia\n|-damage|p2a: Lugia|0 fnt\n|faint|p2a: Lugia\n|\n|upkeep\n|\n|t:|1699323562\n|switch|p2a: Articuno|Articuno|100\/100\n|-ability|p2a: Articuno|Pressure\n|turn|12\n|\n|t:|1699323569\n|move|p1a: Weavile|Knock Off|p2a: Articuno\n|-damage|p2a: Articuno|54\/100\n|-enditem|p2a: Articuno|Never-Melt Ice|[from] move: Knock Off|[of] p1a: Weavile\n|move|p2a: Articuno|Avalanche|p1a: Weavile\n|-resisted|p1a: Weavile\n|-damage|p1a: Weavile|0 fnt\n|faint|p1a: Weavile\n|\n|upkeep\n|\n|t:|1699323577\n|switch|p1a: Heatran|Heatran, M|100\/100\n|turn|13\n|\n|t:|1699323588\n|move|p1a: Heatran|Flash Cannon|p2a: Articuno\n|-supereffective|p2a: Articuno\n|-damage|p2a: Articuno|0 fnt\n|faint|p2a: Articuno\n|\n|upkeep\n|\n|t:|1699323593\n|switch|p2a: Pidgeot|Pidgeot-Mega, M|40\/100\n|turn|14\n|\n|t:|1699323597\n|move|p2a: Pidgeot|Air Slash|p1a: Heatran\n|-resisted|p1a: Heatran\n|-damage|p1a: Heatran|85\/100\n|move|p1a: Heatran|Flash Cannon|p2a: Pidgeot\n|-damage|p2a: Pidgeot|0 fnt\n|faint|p2a: Pidgeot\n|\n|-heal|p1a: Heatran|91\/100|[from] item: Leftovers\n|upkeep\n|\n|t:|1699323606\n|switch|p2a: Moltres|Moltres|100\/100\n|turn|15\n|\n|t:|1699323614\n|move|p2a: Moltres|Flamethrower|p1a: Heatran\n|-start|p1a: Heatran|ability: Flash Fire\n|move|p1a: Heatran|Toxic|p2a: Moltres\n|-status|p2a: Moltres|tox\n|\n|-heal|p1a: Heatran|98\/100|[from] item: Leftovers\n|-damage|p2a: Moltres|94\/100 tox|[from] psn\n|upkeep\n|turn|16\n|\n|t:|1699323625\n|move|p2a: Moltres|Ancient Power|p1a: Heatran\n|-damage|p1a: Heatran|77\/100\n|move|p1a: Heatran|Magma Storm|p2a: Moltres\n|-resisted|p2a: Moltres\n|-damage|p2a: Moltres|47\/100 tox\n|-activate|p2a: Moltres|move: Magma Storm|[of] p1a: Heatran\n|\n|-heal|p1a: Heatran|84\/100|[from] item: Leftovers\n|-damage|p2a: Moltres|34\/100 tox|[from] psn\n|-damage|p2a: Moltres|22\/100 tox|[from] move: Magma Storm|[partiallytrapped]\n|upkeep\n|turn|17\n|\n|t:|1699323639\n|-zpower|p2a: Moltres\n|move|p2a: Moltres|Inferno Overdrive|p1a: Heatran|[zeffect]\n|-immune|p1a: Heatran|[from] ability: Flash Fire\n|move|p1a: Heatran|Flash Cannon|p2a: Moltres\n|-resisted|p2a: Moltres\n|-damage|p2a: Moltres|0 fnt\n|faint|p2a: Moltres\n|\n|win|Jake30Tuddy!\n|raw|Jake30Tuddy!'s rating: 1091 &rarr; <strong>1111<\/strong><br \/>(+20 for winning)\n|raw|Gamemaster6663's rating: 1000 &rarr; <strong>1000<\/strong><br \/>(+0 for losing)\n|l|\u2606Jake30Tuddy!\n","uploadtime":1699323651,"views":16,"p1id":"jake30tuddy","p2id":"gamemaster6663","formatid":"gen9nationaldexubers","rating":1000,"private":0,"password":""}