{"id":"gen9nationaldexubers-1994164945","p1":"Redtai","p2":"KingBum","format":"[Gen 9] National Dex Ubers","log":"|j|\u2606Redtai\n|j|\u2606KingBum\n|t:|1700414388\n|gametype|singles\n|player|p1|Redtai|102|1068\n|player|p2|KingBum|n|1000\n|teamsize|p1|6\n|teamsize|p2|6\n|gen|9\n|tier|[Gen 9] National Dex Ubers\n|rated|\n|rule|HP Percentage Mod: HP is shown in percentages\n|rule|Endless Battle Clause: Forcing endless battles is banned\n|rule|OHKO Clause: OHKO moves are banned\n|rule|Evasion Moves Clause: Evasion moves are banned\n|rule|Evasion Items Clause: Evasion items are banned\n|rule|Species Clause: Limit one of each Pok\u00e9mon\n|rule|Sleep Clause Mod: Limit one foe put to sleep\n|rule|Mega Rayquaza Clause: You cannot mega evolve Rayquaza\n|clearpoke\n|poke|p1|Wobbuffet, F|\n|poke|p1|Basculegion, M|\n|poke|p1|Vikavolt, M|\n|poke|p1|Ferrothorn, M|\n|poke|p1|Dragonite, M|\n|poke|p1|Dragapult, M|\n|poke|p2|Absol, M|\n|poke|p2|Zoroark, M|\n|poke|p2|Darkrai|\n|poke|p2|Kingambit, M|\n|poke|p2|Tyranitar, M|\n|poke|p2|Houndoom, M|\n|teampreview\n|inactive|Battle timer is ON: inactive players will automatically lose when time's up. (requested by Redtai)\n|\n|t:|1700414407\n|start\n|switch|p1a: Vikavolt|Vikavolt, M|100\/100\n|switch|p2a: Houndoom|Houndoom, M|100\/100\n|turn|1\n|\n|t:|1700414413\n|move|p2a: Houndoom|Fire Blast|p1a: Vikavolt\n|-supereffective|p1a: Vikavolt\n|-damage|p1a: Vikavolt|0 fnt\n|faint|p1a: Vikavolt\n|\n|upkeep\n|\n|t:|1700414418\n|switch|p1a: Wobbuffet|Wobbuffet, F|100\/100\n|turn|2\n|\n|t:|1700414433\n|move|p2a: Houndoom|Dark Pulse|p1a: Wobbuffet\n|-supereffective|p1a: Wobbuffet\n|-damage|p1a: Wobbuffet|50\/100\n|cant|p1a: Wobbuffet|flinch\n|\n|-heal|p1a: Wobbuffet|56\/100|[from] item: Leftovers\n|upkeep\n|turn|3\n|\n|t:|1700414440\n|move|p2a: Houndoom|Fire Blast|p1a: Wobbuffet\n|-damage|p1a: Wobbuffet|25\/100\n|move|p1a: Wobbuffet|Mirror Coat|p2a: Houndoom\n|-immune|p2a: Houndoom\n|\n|-heal|p1a: Wobbuffet|31\/100|[from] item: Leftovers\n|upkeep\n|turn|4\n|\n|t:|1700414450\n|move|p2a: Houndoom|Dark Pulse|p1a: Wobbuffet\n|-supereffective|p1a: Wobbuffet\n|-damage|p1a: Wobbuffet|0 fnt\n|faint|p1a: Wobbuffet\n|\n|upkeep\n|\n|t:|1700414455\n|switch|p1a: Dragonite|Dragonite, M|100\/100\n|turn|5\n|\n|t:|1700414463\n|switch|p2a: Tyranitar|Tyranitar, M|100\/100\n|-weather|Sandstorm|[from] ability: Sand Stream|[of] p2a: Tyranitar\n|move|p1a: Dragonite|Dragon Dance|p1a: Dragonite\n|-boost|p1a: Dragonite|atk|1\n|-boost|p1a: Dragonite|spe|1\n|\n|-weather|Sandstorm|[upkeep]\n|-damage|p1a: Dragonite|94\/100|[from] Sandstorm\n|-heal|p1a: Dragonite|100\/100|[from] item: Leftovers\n|upkeep\n|turn|6\n|\n|t:|1700414472\n|move|p1a: Dragonite|Dragon Dance|p1a: Dragonite\n|-boost|p1a: Dragonite|atk|1\n|-boost|p1a: Dragonite|spe|1\n|move|p2a: Tyranitar|Thunder Wave|p1a: Dragonite\n|-status|p1a: Dragonite|par\n|\n|-weather|Sandstorm|[upkeep]\n|-damage|p1a: Dragonite|94\/100 par|[from] Sandstorm\n|-heal|p1a: Dragonite|100\/100 par|[from] item: Leftovers\n|upkeep\n|turn|7\n|\n|t:|1700414481\n|move|p1a: Dragonite|Dragon Dance|p1a: Dragonite\n|-boost|p1a: Dragonite|atk|1\n|-boost|p1a: Dragonite|spe|1\n|move|p2a: Tyranitar|Stone Edge|p1a: Dragonite\n|-supereffective|p1a: Dragonite\n|-crit|p1a: Dragonite\n|-damage|p1a: Dragonite|25\/100 par\n|\n|-weather|Sandstorm|[upkeep]\n|-damage|p1a: Dragonite|19\/100 par|[from] Sandstorm\n|-heal|p1a: Dragonite|25\/100 par|[from] item: Leftovers\n|upkeep\n|turn|8\n|\n|t:|1700414490\n|cant|p1a: Dragonite|par\n|move|p2a: Tyranitar|Stone Edge|p1a: Dragonite\n|-supereffective|p1a: Dragonite\n|-damage|p1a: Dragonite|0 fnt\n|faint|p1a: Dragonite\n|\n|-weather|Sandstorm|[upkeep]\n|upkeep\n|-message|Redtai forfeited.\n|\n|win|KingBum\n|raw|Redtai's rating: 1068 &rarr; <strong>1044<\/strong><br \/>(-24 for losing)\n|raw|KingBum's rating: 1000 &rarr; <strong>1048<\/strong><br \/>(+48 for winning)\n|l|\u2606Redtai\n|c|\u2606KingBum|<3\n","uploadtime":1700414528,"views":4,"p1id":"redtai","p2id":"kingbum","formatid":"gen9nationaldexubers","rating":1044,"private":0,"password":""}