{"id":"gen9nationaldexubers-1994167441","p1":"Vigsalad","p2":"time tematico","format":"[Gen 9] National Dex Ubers","log":"|j|\u2606Vigsalad\n|j|\u2606time tematico\n|t:|1700414655\n|gametype|singles\n|player|p1|Vigsalad|2|1197\n|player|p2|time tematico|265|1174\n|teamsize|p1|6\n|teamsize|p2|6\n|gen|9\n|tier|[Gen 9] National Dex Ubers\n|rated|\n|rule|HP Percentage Mod: HP is shown in percentages\n|rule|Endless Battle Clause: Forcing endless battles is banned\n|rule|OHKO Clause: OHKO moves are banned\n|rule|Evasion Moves Clause: Evasion moves are banned\n|rule|Evasion Items Clause: Evasion items are banned\n|rule|Species Clause: Limit one of each Pok\u00e9mon\n|rule|Sleep Clause Mod: Limit one foe put to sleep\n|rule|Mega Rayquaza Clause: You cannot mega evolve Rayquaza\n|clearpoke\n|poke|p1|Alakazam, M|\n|poke|p1|Salamence, F|\n|poke|p1|Kartana|\n|poke|p1|Azumarill, F|\n|poke|p1|Charizard, M|\n|poke|p1|Kingambit, F|\n|poke|p2|Togekiss, M|\n|poke|p2|Dudunsparce-*, M|\n|poke|p2|Breloom, M|\n|poke|p2|Cloyster, F|\n|poke|p2|Togedemaru, F|\n|poke|p2|Mew|\n|teampreview\n|\n|t:|1700414673\n|start\n|switch|p1a: Smartest Pokemon|Alakazam, M|100\/100\n|switch|p2a: Mew|Mew|100\/100\n|turn|1\n|\n|t:|1700414681\n|detailschange|p1a: Smartest Pokemon|Alakazam-Mega, M\n|-mega|p1a: Smartest Pokemon|Alakazam|Alakazite\n|-ability|p1a: Smartest Pokemon|Synchronize|[from] ability: Trace|[of] p2a: Mew\n|move|p2a: Mew|Fake Out|p1a: Smartest Pokemon\n|-damage|p1a: Smartest Pokemon|70\/100\n|-damage|p2a: Mew|91\/100|[from] item: Life Orb\n|cant|p1a: Smartest Pokemon|flinch\n|\n|upkeep\n|turn|2\n|\n|t:|1700414692\n|move|p1a: Smartest Pokemon|Nasty Plot|p1a: Smartest Pokemon\n|-boost|p1a: Smartest Pokemon|spa|2\n|move|p2a: Mew|Confuse Ray|p1a: Smartest Pokemon\n|-start|p1a: Smartest Pokemon|confusion\n|\n|upkeep\n|turn|3\n|\n|t:|1700414699\n|-activate|p1a: Smartest Pokemon|confusion\n|-damage|p1a: Smartest Pokemon|63\/100|[from] confusion\n|move|p2a: Mew|Zen Headbutt|p1a: Smartest Pokemon\n|-resisted|p1a: Smartest Pokemon\n|-damage|p1a: Smartest Pokemon|11\/100\n|-damage|p2a: Mew|81\/100|[from] item: Life Orb\n|\n|upkeep\n|turn|4\n|j| rizeparon\n|\n|t:|1700414710\n|-activate|p1a: Smartest Pokemon|confusion\n|move|p1a: Smartest Pokemon|Psychic|p2a: Mew\n|-resisted|p2a: Mew\n|-damage|p2a: Mew|24\/100\n|move|p2a: Mew|Zen Headbutt|p1a: Smartest Pokemon\n|-resisted|p1a: Smartest Pokemon\n|-crit|p1a: Smartest Pokemon\n|-damage|p1a: Smartest Pokemon|0 fnt\n|faint|p1a: Smartest Pokemon\n|-damage|p2a: Mew|15\/100|[from] item: Life Orb\n|\n|upkeep\n|\n|t:|1700414718\n|switch|p1a: Lemon aid|Azumarill, F, shiny|100\/100\n|turn|5\n|\n|t:|1700414736\n|move|p2a: Mew|Zen Headbutt|p1a: Lemon aid\n|-damage|p1a: Lemon aid|49\/100\n|-damage|p2a: Mew|5\/100|[from] item: Life Orb\n|cant|p1a: Lemon aid|flinch\n|\n|upkeep\n|turn|6\n|\n|t:|1700414743\n|move|p1a: Lemon aid|Aqua Jet|p2a: Mew\n|-damage|p2a: Mew|0 fnt\n|faint|p2a: Mew\n|\n|upkeep\n|\n|t:|1700414755\n|switch|p2a: Togedemaru|Togedemaru, F|100\/100\n|turn|7\n|\n|t:|1700414759\n|-terastallize|p1a: Lemon aid|Water\n|move|p2a: Togedemaru|Nuzzle|p1a: Lemon aid\n|-supereffective|p1a: Lemon aid\n|-damage|p1a: Lemon aid|28\/100\n|-status|p1a: Lemon aid|par\n|-enditem|p1a: Lemon aid|Lum Berry|[eat]\n|-curestatus|p1a: Lemon aid|par|[msg]\n|move|p1a: Lemon aid|Aqua Ring|p1a: Lemon aid\n|-start|p1a: Lemon aid|Aqua Ring\n|\n|-heal|p1a: Lemon aid|34\/100|[from] Aqua Ring\n|upkeep\n|turn|8\n|\n|t:|1700414773\n|move|p1a: Lemon aid|Aqua Jet|p2a: Togedemaru\n|-damage|p2a: Togedemaru|53\/100\n|move|p2a: Togedemaru|Agility|p2a: Togedemaru\n|-boost|p2a: Togedemaru|spe|2\n|\n|-heal|p1a: Lemon aid|40\/100|[from] Aqua Ring\n|upkeep\n|turn|9\n|\n|t:|1700414783\n|move|p1a: Lemon aid|Aqua Jet|p2a: Togedemaru\n|-damage|p2a: Togedemaru|2\/100\n|move|p2a: Togedemaru|Attract|p1a: Lemon aid\n|-immune|p1a: Lemon aid\n|\n|-heal|p1a: Lemon aid|46\/100|[from] Aqua Ring\n|upkeep\n|turn|10\n|-enditem|p2a: Togedemaru|Custap Berry|[eat]\n|-activate|p2a: Togedemaru|item: Custap Berry|[consumed]\n|\n|t:|1700414791\n|move|p1a: Lemon aid|Aqua Jet|p2a: Togedemaru\n|-damage|p2a: Togedemaru|0 fnt\n|faint|p2a: Togedemaru\n|\n|-heal|p1a: Lemon aid|52\/100|[from] Aqua Ring\n|upkeep\n|\n|t:|1700414799\n|switch|p2a: Dudunsparce|Dudunsparce, M|100\/100\n|turn|11\n|\n|t:|1700414809\n|move|p1a: Lemon aid|Aqua Jet|p2a: Dudunsparce\n|-damage|p2a: Dudunsparce|72\/100\n|move|p2a: Dudunsparce|Glare|p1a: Lemon aid\n|-status|p1a: Lemon aid|par\n|\n|-heal|p1a: Lemon aid|59\/100 par|[from] Aqua Ring\n|upkeep\n|turn|12\n|\n|t:|1700414824\n|switch|p1a: \u00c9l papel|Kartana|100\/100\n|move|p2a: Dudunsparce|Headbutt|p1a: \u00c9l papel\n|-resisted|p1a: \u00c9l papel\n|-damage|p1a: \u00c9l papel|82\/100\n|\n|upkeep\n|turn|13\n|\n|t:|1700414832\n|move|p1a: \u00c9l papel|Swords Dance|p1a: \u00c9l papel\n|-boost|p1a: \u00c9l papel|atk|2\n|move|p2a: Dudunsparce|Glare|p1a: \u00c9l papel\n|-status|p1a: \u00c9l papel|par\n|\n|upkeep\n|turn|14\n|\n|t:|1700414840\n|move|p1a: \u00c9l papel|Rest|p1a: \u00c9l papel\n|-status|p1a: \u00c9l papel|slp|[from] move: Rest\n|-heal|p1a: \u00c9l papel|100\/100 slp|[silent]\n|move|p2a: Dudunsparce|Headbutt|p1a: \u00c9l papel\n|-resisted|p1a: \u00c9l papel\n|-damage|p1a: \u00c9l papel|83\/100 slp\n|\n|upkeep\n|turn|15\n|\n|t:|1700414850\n|cant|p1a: \u00c9l papel|slp\n|move|p2a: Dudunsparce|Coil|p2a: Dudunsparce\n|-boost|p2a: Dudunsparce|atk|1\n|-boost|p2a: Dudunsparce|def|1\n|-boost|p2a: Dudunsparce|accuracy|1\n|\n|upkeep\n|turn|16\n|\n|t:|1700414859\n|cant|p1a: \u00c9l papel|slp\n|move|p2a: Dudunsparce|Coil|p2a: Dudunsparce\n|-boost|p2a: Dudunsparce|atk|1\n|-boost|p2a: Dudunsparce|def|1\n|-boost|p2a: Dudunsparce|accuracy|1\n|\n|upkeep\n|turn|17\n|\n|t:|1700414866\n|-curestatus|p1a: \u00c9l papel|slp|[msg]\n|move|p1a: \u00c9l papel|Leaf Blade|p2a: Dudunsparce\n|-damage|p2a: Dudunsparce|21\/100\n|move|p2a: Dudunsparce|Roost|p2a: Dudunsparce\n|-heal|p2a: Dudunsparce|71\/100\n|-singleturn|p2a: Dudunsparce|move: Roost\n|\n|upkeep\n|turn|18\n|l| rizeparon\n|\n|t:|1700414876\n|move|p1a: \u00c9l papel|Leaf Blade|p2a: Dudunsparce\n|-damage|p2a: Dudunsparce|13\/100\n|move|p2a: Dudunsparce|Glare|p1a: \u00c9l papel\n|-status|p1a: \u00c9l papel|par\n|\n|upkeep\n|turn|19\n|\n|t:|1700414882\n|cant|p1a: \u00c9l papel|par\n|move|p2a: Dudunsparce|Roost|p2a: Dudunsparce\n|-heal|p2a: Dudunsparce|63\/100\n|-singleturn|p2a: Dudunsparce|move: Roost\n|\n|upkeep\n|turn|20\n|\n|t:|1700414890\n|cant|p1a: \u00c9l papel|par\n|move|p2a: Dudunsparce|Headbutt|p1a: \u00c9l papel\n|-resisted|p1a: \u00c9l papel\n|-damage|p1a: \u00c9l papel|49\/100 par\n|\n|upkeep\n|turn|21\n|\n|t:|1700414895\n|cant|p1a: \u00c9l papel|par\n|move|p2a: Dudunsparce|Roost|p2a: Dudunsparce\n|-heal|p2a: Dudunsparce|100\/100\n|-singleturn|p2a: Dudunsparce|move: Roost\n|\n|upkeep\n|turn|22\n|\n|t:|1700414901\n|move|p1a: \u00c9l papel|Leaf Blade|p2a: Dudunsparce\n|-damage|p2a: Dudunsparce|46\/100\n|move|p2a: Dudunsparce|Coil|p2a: Dudunsparce\n|-boost|p2a: Dudunsparce|atk|1\n|-boost|p2a: Dudunsparce|def|1\n|-boost|p2a: Dudunsparce|accuracy|1\n|\n|upkeep\n|turn|23\n|\n|t:|1700414909\n|move|p1a: \u00c9l papel|Rest|p1a: \u00c9l papel\n|-status|p1a: \u00c9l papel|slp|[from] move: Rest\n|-heal|p1a: \u00c9l papel|100\/100 slp|[silent]\n|move|p2a: Dudunsparce|Roost|p2a: Dudunsparce\n|-heal|p2a: Dudunsparce|96\/100\n|-singleturn|p2a: Dudunsparce|move: Roost\n|\n|upkeep\n|turn|24\n|\n|t:|1700414919\n|switch|p1a: Salamence|Salamence, F|100\/100\n|move|p2a: Dudunsparce|Coil|p2a: Dudunsparce\n|-boost|p2a: Dudunsparce|atk|1\n|-boost|p2a: Dudunsparce|def|1\n|-boost|p2a: Dudunsparce|accuracy|1\n|\n|upkeep\n|turn|25\n|\n|t:|1700414926\n|-zpower|p1a: Salamence\n|move|p1a: Salamence|Inferno Overdrive|p2a: Dudunsparce|[zeffect]\n|-damage|p2a: Dudunsparce|84\/100\n|move|p2a: Dudunsparce|Glare|p1a: Salamence\n|-status|p1a: Salamence|par\n|\n|upkeep\n|turn|26\n|\n|t:|1700414935\n|move|p1a: Salamence|Dragon Dance|p1a: Salamence\n|-boost|p1a: Salamence|atk|1\n|-boost|p1a: Salamence|spe|1\n|move|p2a: Dudunsparce|Headbutt|p1a: Salamence\n|-damage|p1a: Salamence|0 fnt\n|faint|p1a: Salamence\n|\n|upkeep\n|\n|t:|1700414945\n|switch|p1a: Lemon aid|Azumarill, F, shiny, tera:Water|59\/100 par\n|turn|27\n|\n|t:|1700414948\n|move|p2a: Dudunsparce|Headbutt|p1a: Lemon aid\n|-crit|p1a: Lemon aid\n|-damage|p1a: Lemon aid|0 fnt\n|faint|p1a: Lemon aid\n|\n|upkeep\n|\n|t:|1700414953\n|switch|p1a: Charizard|Charizard, M|100\/100\n|turn|28\n|\n|t:|1700414959\n|switch|p1a: Kingambit|Kingambit, F|100\/100\n|-activate|p1a: Kingambit|ability: Supreme Overlord\n|-start|p1a: Kingambit|fallen3|[silent]\n|move|p2a: Dudunsparce|Glare|p1a: Kingambit\n|-status|p1a: Kingambit|par\n|\n|upkeep\n|turn|29\n|\n|t:|1700414969\n|-end|p1a: Kingambit|fallen3|[silent]\n|switch|p1a: \u00c9l papel|Kartana|100\/100 slp\n|move|p2a: Dudunsparce|Headbutt|p1a: \u00c9l papel\n|-resisted|p1a: \u00c9l papel\n|-damage|p1a: \u00c9l papel|48\/100 slp\n|\n|upkeep\n|turn|30\n|\n|t:|1700414975\n|cant|p1a: \u00c9l papel|slp\n|move|p2a: Dudunsparce|Headbutt|p1a: \u00c9l papel\n|-resisted|p1a: \u00c9l papel\n|-damage|p1a: \u00c9l papel|0 fnt\n|faint|p1a: \u00c9l papel\n|\n|upkeep\n|\n|t:|1700414981\n|switch|p1a: Charizard|Charizard, M|100\/100\n|turn|31\n|\n|t:|1700414985\n|move|p1a: Charizard|Substitute|p1a: Charizard\n|-start|p1a: Charizard|Substitute\n|-damage|p1a: Charizard|76\/100\n|move|p2a: Dudunsparce|Headbutt|p1a: Charizard\n|-end|p1a: Charizard|Substitute\n|\n|upkeep\n|turn|32\n|\n|t:|1700415001\n|move|p1a: Charizard|Fire Punch|p2a: Dudunsparce\n|-damage|p2a: Dudunsparce|71\/100\n|-damage|p1a: Charizard|66\/100|[from] item: Life Orb\n|move|p2a: Dudunsparce|Headbutt|p1a: Charizard\n|-damage|p1a: Charizard|0 fnt\n|faint|p1a: Charizard\n|\n|upkeep\n|\n|t:|1700415008\n|switch|p1a: Kingambit|Kingambit, F|100\/100 par\n|-activate|p1a: Kingambit|ability: Supreme Overlord\n|-start|p1a: Kingambit|fallen5|[silent]\n|turn|33\n|\n|t:|1700415013\n|move|p1a: Kingambit|Sucker Punch|p2a: Dudunsparce\n|-damage|p2a: Dudunsparce|53\/100\n|move|p2a: Dudunsparce|Headbutt|p1a: Kingambit\n|-resisted|p1a: Kingambit\n|-damage|p1a: Kingambit|65\/100 par\n|\n|upkeep\n|turn|34\n|-message|Vigsalad forfeited.\n|\n|win|time tematico\n|raw|Vigsalad's rating: 1197 &rarr; <strong>1170<\/strong><br \/>(-27 for losing)\n|raw|time tematico's rating: 1174 &rarr; <strong>1201<\/strong><br \/>(+27 for winning)\n|l|\u2606Vigsalad\n","uploadtime":1700415027,"views":9,"p1id":"vigsalad","p2id":"timetematico","formatid":"gen9nationaldexubers","rating":1170,"private":0,"password":""}