{"id":"gen9nationaldexubers-1982189504","p1":"owailorddavidareal","p2":"KingoftheTitans","format":"[Gen 9] National Dex Ubers","log":"|j|\u2606owailorddavidareal\n|j|\u2606KingoftheTitans\n|t:|1698977245\n|gametype|singles\n|player|p1|owailorddavidareal|169|1381\n|player|p2|KingoftheTitans|102|1412\n|teamsize|p1|6\n|teamsize|p2|6\n|gen|9\n|tier|[Gen 9] National Dex Ubers\n|rated|\n|rule|HP Percentage Mod: HP is shown in percentages\n|rule|Endless Battle Clause: Forcing endless battles is banned\n|rule|OHKO Clause: OHKO moves are banned\n|rule|Evasion Moves Clause: Evasion moves are banned\n|rule|Evasion Items Clause: Evasion items are banned\n|rule|Species Clause: Limit one of each Pok\u00e9mon\n|rule|Sleep Clause Mod: Limit one foe put to sleep\n|rule|Mega Rayquaza Clause: You cannot mega evolve Rayquaza\n|clearpoke\n|poke|p1|Necrozma-Dusk-Mane|\n|poke|p1|Arceus-Fairy|\n|poke|p1|Groudon|\n|poke|p1|Zygarde|\n|poke|p1|Ho-Oh|\n|poke|p1|Yveltal|\n|poke|p2|Landorus, M|\n|poke|p2|Aegislash, M|\n|poke|p2|Rotom-Wash|\n|poke|p2|Blaziken, M|\n|poke|p2|Genesect-Douse|\n|poke|p2|Solgaleo|\n|teampreview\n|inactive|Battle timer is ON: inactive players will automatically lose when time's up. (requested by owailorddavidareal)\n|\n|t:|1698977259\n|start\n|switch|p1a: Arceus|Arceus-Fairy|100\/100\n|switch|p2a: Genesect|Genesect-Douse, shiny|100\/100\n|-ability|p2a: Genesect|Download|boost\n|-boost|p2a: Genesect|spa|1\n|turn|1\n|\n|t:|1698977267\n|switch|p1a: Necrozma|Necrozma-Dusk-Mane|100\/100\n|move|p2a: Genesect|Flash Cannon|p1a: Necrozma\n|-resisted|p1a: Necrozma\n|-damage|p1a: Necrozma|83\/100\n|\n|upkeep\n|turn|2\n|\n|t:|1698977275\n|move|p2a: Genesect|U-turn|p1a: Necrozma\n|-damage|p1a: Necrozma|63\/100\n|\n|t:|1698977284\n|switch|p2a: Aegislash|Aegislash, M, shiny|100\/100|[from] U-turn\n|move|p1a: Necrozma|Earthquake|p2a: Aegislash\n|-supereffective|p2a: Aegislash\n|-damage|p2a: Aegislash|44\/100\n|-enditem|p2a: Aegislash|Weakness Policy\n|-boost|p2a: Aegislash|atk|2|[from] item: Weakness Policy\n|-boost|p2a: Aegislash|spa|2|[from] item: Weakness Policy\n|\n|upkeep\n|turn|3\n|\n|t:|1698977297\n|switch|p1a: Ho-Oh|Ho-Oh|100\/100\n|-formechange|p2a: Aegislash|Aegislash-Blade||[from] ability: Stance Change\n|move|p2a: Aegislash|Shadow Sneak|p1a: Ho-Oh\n|-damage|p1a: Ho-Oh|67\/100\n|\n|upkeep\n|turn|4\n|\n|t:|1698977314\n|switch|p2a: Blaziken|Blaziken, M|100\/100\n|move|p1a: Ho-Oh|Sacred Fire|p2a: Blaziken\n|-resisted|p2a: Blaziken\n|-damage|p2a: Blaziken|70\/100\n|\n|upkeep\n|turn|5\n|\n|t:|1698977323\n|detailschange|p2a: Blaziken|Blaziken-Mega, M\n|-mega|p2a: Blaziken|Blaziken|Blazikenite\n|move|p2a: Blaziken|Thunder Punch|p1a: Ho-Oh\n|-supereffective|p1a: Ho-Oh\n|-damage|p1a: Ho-Oh|21\/100\n|-status|p1a: Ho-Oh|par\n|move|p1a: Ho-Oh|Brave Bird|p2a: Blaziken\n|-supereffective|p2a: Blaziken\n|-damage|p2a: Blaziken|0 fnt\n|faint|p2a: Blaziken\n|-damage|p1a: Ho-Oh|5\/100 par|[from] Recoil\n|\n|upkeep\n|\n|t:|1698977334\n|switch|p2a: Genesect|Genesect-Douse, shiny|100\/100\n|-ability|p2a: Genesect|Download|boost\n|-boost|p2a: Genesect|atk|1\n|turn|6\n|\n|t:|1698977344\n|switch|p1a: Necrozma|Necrozma-Dusk-Mane|63\/100\n|move|p2a: Genesect|Extreme Speed|p1a: Necrozma\n|-resisted|p1a: Necrozma\n|-damage|p1a: Necrozma|53\/100\n|\n|upkeep\n|turn|7\n|\n|t:|1698977355\n|move|p2a: Genesect|U-turn|p1a: Necrozma\n|-damage|p1a: Necrozma|24\/100\n|\n|t:|1698977362\n|switch|p2a: Landorus|Landorus, M|100\/100|[from] U-turn\n|move|p1a: Necrozma|Morning Sun|p1a: Necrozma\n|-heal|p1a: Necrozma|74\/100\n|\n|upkeep\n|turn|8\n|\n|t:|1698977372\n|move|p2a: Landorus|Sandsear Storm|p1a: Necrozma\n|-supereffective|p1a: Necrozma\n|-damage|p1a: Necrozma|0 fnt\n|faint|p1a: Necrozma\n|\n|upkeep\n|\n|t:|1698977381\n|switch|p1a: Groudon|Groudon|100\/100\n|detailschange|p1a: Groudon|Groudon-Primal\n|-primal|p1a: Groudon|Red Orb\n|-weather|DesolateLand|[from] ability: Desolate Land|[of] p1a: Groudon\n|turn|9\n|\n|t:|1698977393\n|move|p2a: Landorus|Sandsear Storm|p1a: Groudon\n|-supereffective|p1a: Groudon\n|-damage|p1a: Groudon|0 fnt\n|faint|p1a: Groudon\n|-weather|none\n|\n|upkeep\n|\n|t:|1698977397\n|switch|p1a: Zygarde|Zygarde|100\/100\n|turn|10\n|\n|t:|1698977405\n|move|p2a: Landorus|Nasty Plot|p2a: Landorus\n|-boost|p2a: Landorus|spa|2\n|move|p1a: Zygarde|Thousand Arrows|p2a: Landorus\n|-damage|p2a: Landorus|51\/100\n|-start|p2a: Landorus|Smack Down\n|\n|upkeep\n|turn|11\n|\n|t:|1698977419\n|move|p2a: Landorus|Sandsear Storm|p1a: Zygarde\n|-crit|p1a: Zygarde\n|-damage|p1a: Zygarde|0 fnt\n|faint|p1a: Zygarde\n|\n|upkeep\n|\n|t:|1698977424\n|switch|p1a: Yveltal|Yveltal|100\/100\n|-ability|p1a: Yveltal|Dark Aura\n|turn|12\n|\n|t:|1698977430\n|-terastallize|p1a: Yveltal|Dark\n|move|p1a: Yveltal|Sucker Punch|p2a: Landorus\n|-damage|p2a: Landorus|0 fnt\n|faint|p2a: Landorus\n|-damage|p1a: Yveltal|91\/100|[from] item: Life Orb\n|\n|upkeep\n|\n|t:|1698977439\n|switch|p2a: Genesect|Genesect-Douse, shiny|100\/100\n|-ability|p2a: Genesect|Download|boost\n|-boost|p2a: Genesect|atk|1\n|turn|13\n|\n|t:|1698977451\n|move|p1a: Yveltal|Knock Off|p2a: Genesect\n|-damage|p2a: Genesect|15\/100\n|-damage|p1a: Yveltal|81\/100|[from] item: Life Orb\n|move|p2a: Genesect|U-turn|p1a: Yveltal\n|-supereffective|p1a: Yveltal\n|-damage|p1a: Yveltal|0 fnt\n|faint|p1a: Yveltal\n|\n|t:|1698977461\n|switch|p2a: Aegislash|Aegislash, M, shiny|44\/100|[from] U-turn\n|\n|upkeep\n|\n|t:|1698977465\n|switch|p1a: Arceus|Arceus-Fairy|100\/100\n|turn|14\n|\n|t:|1698977469\n|move|p1a: Arceus|Judgment|p2a: Aegislash\n|-resisted|p2a: Aegislash\n|-damage|p2a: Aegislash|26\/100\n|-formechange|p2a: Aegislash|Aegislash-Blade||[from] ability: Stance Change\n|move|p2a: Aegislash|Iron Head|p1a: Arceus\n|-supereffective|p1a: Arceus\n|-damage|p1a: Arceus|47\/100\n|\n|upkeep\n|turn|15\n|\n|t:|1698977477\n|-formechange|p2a: Aegislash|Aegislash||[from] ability: Stance Change\n|move|p2a: Aegislash|King's Shield|p2a: Aegislash\n|-singleturn|p2a: Aegislash|Protect\n|move|p1a: Arceus|Judgment|p2a: Aegislash\n|-activate|p2a: Aegislash|move: Protect\n|\n|upkeep\n|turn|16\n|\n|t:|1698977484\n|move|p1a: Arceus|Recover|p1a: Arceus\n|-heal|p1a: Arceus|97\/100\n|-formechange|p2a: Aegislash|Aegislash-Blade||[from] ability: Stance Change\n|move|p2a: Aegislash|Iron Head|p1a: Arceus\n|-supereffective|p1a: Arceus\n|-damage|p1a: Arceus|39\/100\n|\n|upkeep\n|turn|17\n|\n|t:|1698977493\n|move|p1a: Arceus|Recover|p1a: Arceus\n|-heal|p1a: Arceus|89\/100\n|move|p2a: Aegislash|Iron Head|p1a: Arceus\n|-supereffective|p1a: Arceus\n|-damage|p1a: Arceus|27\/100\n|\n|upkeep\n|turn|18\n|\n|t:|1698977500\n|-formechange|p2a: Aegislash|Aegislash||[from] ability: Stance Change\n|move|p2a: Aegislash|King's Shield|p2a: Aegislash\n|-singleturn|p2a: Aegislash|Protect\n|move|p1a: Arceus|Judgment|p2a: Aegislash\n|-activate|p2a: Aegislash|move: Protect\n|\n|upkeep\n|turn|19\n|\n|t:|1698977507\n|move|p1a: Arceus|Judgment|p2a: Aegislash\n|-resisted|p2a: Aegislash\n|-crit|p2a: Aegislash\n|-damage|p2a: Aegislash|0 fnt\n|faint|p2a: Aegislash\n|\n|upkeep\n|\n|t:|1698977513\n|switch|p2a: Genesect|Genesect-Douse, shiny|15\/100\n|-ability|p2a: Genesect|Download|boost\n|-boost|p2a: Genesect|spa|1\n|turn|20\n|\n|t:|1698977524\n|move|p1a: Arceus|Recover|p1a: Arceus\n|-heal|p1a: Arceus|77\/100\n|move|p2a: Genesect|Flash Cannon|p1a: Arceus\n|-supereffective|p1a: Arceus\n|-damage|p1a: Arceus|5\/100\n|\n|upkeep\n|turn|21\n|\n|t:|1698977530\n|move|p2a: Genesect|Extreme Speed|p1a: Arceus\n|-damage|p1a: Arceus|0 fnt\n|faint|p1a: Arceus\n|\n|upkeep\n|\n|t:|1698977533\n|switch|p1a: Ho-Oh|Ho-Oh|38\/100 par\n|turn|22\n|\n|t:|1698977536\n|move|p2a: Genesect|Techno Blast|p1a: Ho-Oh\n|-supereffective|p1a: Ho-Oh\n|-damage|p1a: Ho-Oh|0 fnt\n|faint|p1a: Ho-Oh\n|\n|win|KingoftheTitans\n|raw|owailorddavidareal's rating: 1381 &rarr; <strong>1363<\/strong><br \/>(-18 for losing)\n|raw|KingoftheTitans's rating: 1412 &rarr; <strong>1430<\/strong><br \/>(+18 for winning)\n|l|\u2606owailorddavidareal\n","uploadtime":1698977544,"views":8,"p1id":"owailorddavidareal","p2id":"kingofthetitans","formatid":"gen9nationaldexubers","rating":1363,"private":0,"password":""}