{"id":"gen9nationaldexubers-1992506864","p1":"Lanky Paul","p2":"silverhammer166","format":"[Gen 9] National Dex Ubers","log":"|j|\u2606Lanky Paul\n|j|\u2606silverhammer166\n|t:|1700196601\n|gametype|singles\n|player|p1|Lanky Paul|juan|\n|player|p2|silverhammer166|aaron|\n|teamsize|p1|6\n|teamsize|p2|6\n|gen|9\n|tier|[Gen 9] National Dex Ubers\n|rule|HP Percentage Mod: HP is shown in percentages\n|rule|Endless Battle Clause: Forcing endless battles is banned\n|rule|OHKO Clause: OHKO moves are banned\n|rule|Evasion Moves Clause: Evasion moves are banned\n|rule|Evasion Items Clause: Evasion items are banned\n|rule|Species Clause: Limit one of each Pok\u00e9mon\n|rule|Sleep Clause Mod: Limit one foe put to sleep\n|rule|Mega Rayquaza Clause: You cannot mega evolve Rayquaza\n|clearpoke\n|poke|p1|Umbreon, M|\n|poke|p1|Gliscor, F|\n|poke|p1|Sableye, F|\n|poke|p1|Zeraora|\n|poke|p1|Oricorio-Sensu, M|\n|poke|p1|Pidgeot, M|\n|poke|p2|Yanmega, M|\n|poke|p2|Metagross|\n|poke|p2|Aegislash, M|\n|poke|p2|Diancie|\n|poke|p2|Florges, F|\n|poke|p2|Mawile, F|\n|teampreview\n|\n|t:|1700196620\n|start\n|switch|p1a: Gustav|Sableye, F|100\/100\n|switch|p2a: Curse|Yanmega, M|100\/100\n|turn|1\n|\n|t:|1700196630\n|move|p1a: Gustav|Will-O-Wisp|p2a: Curse\n|-status|p2a: Curse|brn\n|move|p2a: Curse|Curse|p2a: Curse\n|-unboost|p2a: Curse|spe|1\n|-boost|p2a: Curse|atk|1\n|-boost|p2a: Curse|def|1\n|\n|-damage|p2a: Curse|94\/100 brn|[from] brn\n|-ability|p2a: Curse|Speed Boost|boost\n|-boost|p2a: Curse|spe|1\n|upkeep\n|turn|2\n|\n|t:|1700196642\n|move|p1a: Gustav|Reflect|p1a: Gustav\n|-sidestart|p1: Lanky Paul|Reflect\n|move|p2a: Curse|Curse|p2a: Curse\n|-unboost|p2a: Curse|spe|1\n|-boost|p2a: Curse|atk|1\n|-boost|p2a: Curse|def|1\n|\n|-heal|p2a: Curse|100\/100 brn|[from] item: Leftovers\n|-damage|p2a: Curse|94\/100 brn|[from] brn\n|-ability|p2a: Curse|Speed Boost|boost\n|-boost|p2a: Curse|spe|1\n|upkeep\n|turn|3\n|\n|t:|1700196651\n|move|p1a: Gustav|Light Screen|p1a: Gustav\n|-sidestart|p1: Lanky Paul|move: Light Screen\n|move|p2a: Curse|Curse|p2a: Curse\n|-unboost|p2a: Curse|spe|1\n|-boost|p2a: Curse|atk|1\n|-boost|p2a: Curse|def|1\n|\n|-heal|p2a: Curse|100\/100 brn|[from] item: Leftovers\n|-damage|p2a: Curse|94\/100 brn|[from] brn\n|-ability|p2a: Curse|Speed Boost|boost\n|-boost|p2a: Curse|spe|1\n|upkeep\n|turn|4\n|j| Jim Jim Sr\n|\n|t:|1700196670\n|switch|p1a: Booty Peench|Gliscor, F|100\/100\n|move|p2a: Curse|Curse|p2a: Curse\n|-unboost|p2a: Curse|spe|1\n|-boost|p2a: Curse|atk|1\n|-boost|p2a: Curse|def|1\n|\n|-heal|p2a: Curse|100\/100 brn|[from] item: Leftovers\n|-damage|p2a: Curse|94\/100 brn|[from] brn\n|-status|p1a: Booty Peench|tox|[from] item: Toxic Orb\n|-ability|p2a: Curse|Speed Boost|boost\n|-boost|p2a: Curse|spe|1\n|upkeep\n|turn|5\n|\n|t:|1700196681\n|move|p2a: Curse|Lunge|p1a: Booty Peench\n|-resisted|p1a: Booty Peench\n|-damage|p1a: Booty Peench|93\/100 tox\n|-unboost|p1a: Booty Peench|atk|1\n|move|p1a: Booty Peench|Stealth Rock|p2a: Curse\n|-sidestart|p2: silverhammer166|move: Stealth Rock\n|\n|-heal|p2a: Curse|100\/100 brn|[from] item: Leftovers\n|-heal|p1a: Booty Peench|100\/100 tox|[from] ability: Poison Heal\n|-damage|p2a: Curse|94\/100 brn|[from] brn\n|-ability|p2a: Curse|Speed Boost|boost\n|-boost|p2a: Curse|spe|1\n|upkeep\n|turn|6\n|\n|t:|1700196699\n|-terastallize|p2a: Curse|Bug\n|move|p2a: Curse|Dual Wingbeat|p1a: Booty Peench\n|-damage|p1a: Booty Peench|93\/100 tox\n|-damage|p1a: Booty Peench|86\/100 tox\n|-hitcount|p1a: Booty Peench|2\n|move|p1a: Booty Peench|Spikes|p2a: Curse\n|-sidestart|p2: silverhammer166|Spikes\n|\n|-heal|p2a: Curse|100\/100 brn|[from] item: Leftovers\n|-heal|p1a: Booty Peench|99\/100 tox|[from] ability: Poison Heal\n|-damage|p2a: Curse|94\/100 brn|[from] brn\n|-ability|p2a: Curse|Speed Boost|boost\n|-boost|p2a: Curse|spe|1\n|upkeep\n|turn|7\n|\n|t:|1700196711\n|move|p2a: Curse|Curse|p2a: Curse\n|-unboost|p2a: Curse|spe|1\n|-boost|p2a: Curse|atk|1\n|-boost|p2a: Curse|def|1\n|move|p1a: Booty Peench|Spikes|p2a: Curse\n|-sidestart|p2: silverhammer166|Spikes\n|\n|-heal|p2a: Curse|100\/100 brn|[from] item: Leftovers\n|-heal|p1a: Booty Peench|100\/100 tox|[from] ability: Poison Heal\n|-damage|p2a: Curse|94\/100 brn|[from] brn\n|-ability|p2a: Curse|Speed Boost|boost\n|-boost|p2a: Curse|spe|1\n|upkeep\n|turn|8\n|\n|t:|1700196723\n|move|p2a: Curse|Curse|p2a: Curse\n|-unboost|p2a: Curse|spe|1\n|-boost|p2a: Curse|atk|1\n|-boost|p2a: Curse|def|1\n|move|p1a: Booty Peench|Spikes|p2a: Curse\n|-sidestart|p2: silverhammer166|Spikes\n|\n|-heal|p2a: Curse|100\/100 brn|[from] item: Leftovers\n|-damage|p2a: Curse|94\/100 brn|[from] brn\n|-ability|p2a: Curse|Speed Boost|boost\n|-boost|p2a: Curse|spe|1\n|upkeep\n|turn|9\n|\n|t:|1700196735\n|move|p2a: Curse|Curse|p2a: Curse\n|-unboost|p2a: Curse|spe|1\n|move|p1a: Booty Peench|Stealth Rock||[still]\n|-fail|p1a: Booty Peench\n|\n|-heal|p2a: Curse|100\/100 brn|[from] item: Leftovers\n|-damage|p2a: Curse|94\/100 brn|[from] brn\n|-sideend|p1: Lanky Paul|Reflect\n|-ability|p2a: Curse|Speed Boost|boost\n|-boost|p2a: Curse|spe|1\n|upkeep\n|turn|10\n|\n|t:|1700196747\n|move|p2a: Curse|Dual Wingbeat|p1a: Booty Peench\n|-damage|p1a: Booty Peench|79\/100 tox\n|-damage|p1a: Booty Peench|58\/100 tox\n|-hitcount|p1a: Booty Peench|2\n|move|p1a: Booty Peench|Spikes||[still]\n|-fail|p1a: Booty Peench\n|\n|-heal|p2a: Curse|100\/100 brn|[from] item: Leftovers\n|-heal|p1a: Booty Peench|71\/100 tox|[from] ability: Poison Heal\n|-damage|p2a: Curse|94\/100 brn|[from] brn\n|-sideend|p1: Lanky Paul|move: Light Screen\n|-ability|p2a: Curse|Speed Boost|boost\n|-boost|p2a: Curse|spe|1\n|upkeep\n|turn|11\n|\n|t:|1700196760\n|move|p2a: Curse|Dual Wingbeat|p1a: Booty Peench\n|-damage|p1a: Booty Peench|50\/100 tox\n|-damage|p1a: Booty Peench|29\/100 tox\n|-hitcount|p1a: Booty Peench|2\n|move|p1a: Booty Peench|Roost|p1a: Booty Peench\n|-heal|p1a: Booty Peench|79\/100 tox\n|-singleturn|p1a: Booty Peench|move: Roost\n|\n|-heal|p2a: Curse|100\/100 brn|[from] item: Leftovers\n|-heal|p1a: Booty Peench|91\/100 tox|[from] ability: Poison Heal\n|-damage|p2a: Curse|94\/100 brn|[from] brn\n|-ability|p2a: Curse|Speed Boost|boost\n|-boost|p2a: Curse|spe|1\n|upkeep\n|turn|12\n|\n|t:|1700196788\n|move|p2a: Curse|Lunge|p1a: Booty Peench\n|-resisted|p1a: Booty Peench\n|-damage|p1a: Booty Peench|66\/100 tox\n|-unboost|p1a: Booty Peench|atk|1\n|move|p1a: Booty Peench|Spikes||[still]\n|-fail|p1a: Booty Peench\n|\n|-heal|p2a: Curse|100\/100 brn|[from] item: Leftovers\n|-heal|p1a: Booty Peench|78\/100 tox|[from] ability: Poison Heal\n|-damage|p2a: Curse|94\/100 brn|[from] brn\n|-ability|p2a: Curse|Speed Boost|boost\n|-boost|p2a: Curse|spe|1\n|upkeep\n|turn|13\n|\n|t:|1700196809\n|move|p2a: Curse|Lunge|p1a: Booty Peench\n|-resisted|p1a: Booty Peench\n|-damage|p1a: Booty Peench|52\/100 tox\n|-unboost|p1a: Booty Peench|atk|1\n|move|p1a: Booty Peench|Earthquake|p2a: Curse\n|-resisted|p2a: Curse\n|-damage|p2a: Curse|92\/100 brn\n|\n|-heal|p2a: Curse|98\/100 brn|[from] item: Leftovers\n|-heal|p1a: Booty Peench|65\/100 tox|[from] ability: Poison Heal\n|-damage|p2a: Curse|92\/100 brn|[from] brn\n|-ability|p2a: Curse|Speed Boost|boost\n|-boost|p2a: Curse|spe|1\n|upkeep\n|turn|14\n|\n|t:|1700196823\n|move|p2a: Curse|Lunge|p1a: Booty Peench\n|-resisted|p1a: Booty Peench\n|-damage|p1a: Booty Peench|36\/100 tox\n|-unboost|p1a: Booty Peench|atk|1\n|move|p1a: Booty Peench|Roost|p1a: Booty Peench\n|-heal|p1a: Booty Peench|86\/100 tox\n|-singleturn|p1a: Booty Peench|move: Roost\n|\n|-heal|p2a: Curse|98\/100 brn|[from] item: Leftovers\n|-heal|p1a: Booty Peench|99\/100 tox|[from] ability: Poison Heal\n|-damage|p2a: Curse|92\/100 brn|[from] brn\n|upkeep\n|turn|15\n|\n|t:|1700196858\n|move|p2a: Curse|Dual Wingbeat|p1a: Booty Peench|[miss]\n|-miss|p2a: Curse|p1a: Booty Peench\n|move|p1a: Booty Peench|Earthquake|p2a: Curse\n|-resisted|p2a: Curse\n|-damage|p2a: Curse|90\/100 brn\n|\n|-heal|p2a: Curse|97\/100 brn|[from] item: Leftovers\n|-heal|p1a: Booty Peench|100\/100 tox|[from] ability: Poison Heal\n|-damage|p2a: Curse|90\/100 brn|[from] brn\n|upkeep\n|turn|16\n|\n|t:|1700196876\n|move|p2a: Curse|Protect|p2a: Curse\n|-singleturn|p2a: Curse|Protect\n|move|p1a: Booty Peench|Earthquake|p2a: Curse\n|-activate|p2a: Curse|move: Protect\n|\n|-heal|p2a: Curse|97\/100 brn|[from] item: Leftovers\n|-damage|p2a: Curse|90\/100 brn|[from] brn\n|upkeep\n|turn|17\n|\n|t:|1700196897\n|move|p2a: Curse|Lunge|p1a: Booty Peench\n|-resisted|p1a: Booty Peench\n|-damage|p1a: Booty Peench|76\/100 tox\n|-unboost|p1a: Booty Peench|atk|1\n|move|p1a: Booty Peench|Earthquake|p2a: Curse\n|-resisted|p2a: Curse\n|-damage|p2a: Curse|89\/100 brn\n|\n|-heal|p2a: Curse|95\/100 brn|[from] item: Leftovers\n|-heal|p1a: Booty Peench|89\/100 tox|[from] ability: Poison Heal\n|-damage|p2a: Curse|89\/100 brn|[from] brn\n|upkeep\n|turn|18\n|\n|t:|1700196917\n|move|p2a: Curse|Dual Wingbeat|p1a: Booty Peench|[miss]\n|-miss|p2a: Curse|p1a: Booty Peench\n|move|p1a: Booty Peench|Stealth Rock||[still]\n|-fail|p1a: Booty Peench\n|\n|-heal|p2a: Curse|95\/100 brn|[from] item: Leftovers\n|-heal|p1a: Booty Peench|100\/100 tox|[from] ability: Poison Heal\n|-damage|p2a: Curse|89\/100 brn|[from] brn\n|upkeep\n|turn|19\n|\n|t:|1700196927\n|move|p2a: Curse|Curse|p2a: Curse\n|-unboost|p2a: Curse|spe|1\n|move|p1a: Booty Peench|Stealth Rock||[still]\n|-fail|p1a: Booty Peench\n|\n|-heal|p2a: Curse|95\/100 brn|[from] item: Leftovers\n|-damage|p2a: Curse|89\/100 brn|[from] brn\n|-ability|p2a: Curse|Speed Boost|boost\n|-boost|p2a: Curse|spe|1\n|upkeep\n|turn|20\n|\n|t:|1700196937\n|move|p2a: Curse|Protect|p2a: Curse\n|-singleturn|p2a: Curse|Protect\n|move|p1a: Booty Peench|Stealth Rock||[still]\n|-fail|p1a: Booty Peench\n|\n|-heal|p2a: Curse|95\/100 brn|[from] item: Leftovers\n|-damage|p2a: Curse|89\/100 brn|[from] brn\n|upkeep\n|turn|21\n|\n|t:|1700196955\n|move|p2a: Curse|Curse|p2a: Curse\n|-unboost|p2a: Curse|spe|1\n|move|p1a: Booty Peench|Stealth Rock||[still]\n|-fail|p1a: Booty Peench\n|\n|-heal|p2a: Curse|95\/100 brn|[from] item: Leftovers\n|-damage|p2a: Curse|89\/100 brn|[from] brn\n|-ability|p2a: Curse|Speed Boost|boost\n|-boost|p2a: Curse|spe|1\n|upkeep\n|turn|22\n|\n|t:|1700196965\n|move|p2a: Curse|Curse|p2a: Curse\n|-unboost|p2a: Curse|spe|1\n|move|p1a: Booty Peench|Spikes||[still]\n|-fail|p1a: Booty Peench\n|\n|-heal|p2a: Curse|95\/100 brn|[from] item: Leftovers\n|-damage|p2a: Curse|89\/100 brn|[from] brn\n|-ability|p2a: Curse|Speed Boost|boost\n|-boost|p2a: Curse|spe|1\n|upkeep\n|turn|23\n|\n|t:|1700196977\n|move|p2a: Curse|Curse|p2a: Curse\n|-unboost|p2a: Curse|spe|1\n|move|p1a: Booty Peench|Spikes||[still]\n|-fail|p1a: Booty Peench\n|\n|-heal|p2a: Curse|95\/100 brn|[from] item: Leftovers\n|-damage|p2a: Curse|89\/100 brn|[from] brn\n|-ability|p2a: Curse|Speed Boost|boost\n|-boost|p2a: Curse|spe|1\n|upkeep\n|turn|24\n|\n|t:|1700196987\n|move|p2a: Curse|Dual Wingbeat|p1a: Booty Peench\n|-damage|p1a: Booty Peench|82\/100 tox\n|-damage|p1a: Booty Peench|63\/100 tox\n|-hitcount|p1a: Booty Peench|2\n|move|p1a: Booty Peench|Stealth Rock||[still]\n|-fail|p1a: Booty Peench\n|\n|-heal|p2a: Curse|95\/100 brn|[from] item: Leftovers\n|-heal|p1a: Booty Peench|75\/100 tox|[from] ability: Poison Heal\n|-damage|p2a: Curse|89\/100 brn|[from] brn\n|upkeep\n|turn|25\n|\n|t:|1700197004\n|move|p2a: Curse|Dual Wingbeat|p1a: Booty Peench\n|-damage|p1a: Booty Peench|54\/100 tox\n|-damage|p1a: Booty Peench|34\/100 tox\n|-hitcount|p1a: Booty Peench|2\n|move|p1a: Booty Peench|Roost|p1a: Booty Peench\n|-heal|p1a: Booty Peench|84\/100 tox\n|-singleturn|p1a: Booty Peench|move: Roost\n|\n|-heal|p2a: Curse|95\/100 brn|[from] item: Leftovers\n|-heal|p1a: Booty Peench|97\/100 tox|[from] ability: Poison Heal\n|-damage|p2a: Curse|89\/100 brn|[from] brn\n|upkeep\n|turn|26\n|j| HopOnMyArk\n|\n|t:|1700197024\n|move|p2a: Curse|Lunge|p1a: Booty Peench\n|-resisted|p1a: Booty Peench\n|-damage|p1a: Booty Peench|70\/100 tox\n|-unboost|p1a: Booty Peench|atk|1\n|move|p1a: Booty Peench|Spikes||[still]\n|-fail|p1a: Booty Peench\n|\n|-heal|p2a: Curse|95\/100 brn|[from] item: Leftovers\n|-heal|p1a: Booty Peench|82\/100 tox|[from] ability: Poison Heal\n|-damage|p2a: Curse|89\/100 brn|[from] brn\n|upkeep\n|turn|27\n|c|\u2606silverhammer166|its his fault noah\n|\n|t:|1700197044\n|move|p2a: Curse|Lunge|p1a: Booty Peench\n|-resisted|p1a: Booty Peench\n|-damage|p1a: Booty Peench|56\/100 tox\n|move|p1a: Booty Peench|Stealth Rock||[still]\n|-fail|p1a: Booty Peench\n|\n|-heal|p2a: Curse|95\/100 brn|[from] item: Leftovers\n|-heal|p1a: Booty Peench|68\/100 tox|[from] ability: Poison Heal\n|-damage|p2a: Curse|89\/100 brn|[from] brn\n|upkeep\n|turn|28\n|c| Jim Jim Sr|get ready for another slugfest lmao\n|\n|t:|1700197055\n|move|p2a: Curse|Lunge|p1a: Booty Peench\n|-resisted|p1a: Booty Peench\n|-damage|p1a: Booty Peench|43\/100 tox\n|move|p1a: Booty Peench|Roost|p1a: Booty Peench\n|-heal|p1a: Booty Peench|93\/100 tox\n|-singleturn|p1a: Booty Peench|move: Roost\n|\n|-heal|p2a: Curse|95\/100 brn|[from] item: Leftovers\n|-heal|p1a: Booty Peench|100\/100 tox|[from] ability: Poison Heal\n|-damage|p2a: Curse|89\/100 brn|[from] brn\n|upkeep\n|turn|29\n|\n|t:|1700197072\n|move|p2a: Curse|Dual Wingbeat|p1a: Booty Peench\n|-damage|p1a: Booty Peench|82\/100 tox\n|-damage|p1a: Booty Peench|63\/100 tox\n|-hitcount|p1a: Booty Peench|2\n|move|p1a: Booty Peench|Stealth Rock||[still]\n|-fail|p1a: Booty Peench\n|\n|-heal|p2a: Curse|95\/100 brn|[from] item: Leftovers\n|-heal|p1a: Booty Peench|76\/100 tox|[from] ability: Poison Heal\n|-damage|p2a: Curse|89\/100 brn|[from] brn\n|upkeep\n|turn|30\n|\n|t:|1700197086\n|move|p2a: Curse|Protect|p2a: Curse\n|-singleturn|p2a: Curse|Protect\n|move|p1a: Booty Peench|Earthquake|p2a: Curse\n|-activate|p2a: Curse|move: Protect\n|\n|-heal|p2a: Curse|95\/100 brn|[from] item: Leftovers\n|-heal|p1a: Booty Peench|88\/100 tox|[from] ability: Poison Heal\n|-damage|p2a: Curse|89\/100 brn|[from] brn\n|upkeep\n|turn|31\n|\n|t:|1700197096\n|move|p2a: Curse|Curse|p2a: Curse\n|-unboost|p2a: Curse|spe|1\n|move|p1a: Booty Peench|Earthquake|p2a: Curse\n|-resisted|p2a: Curse\n|-damage|p2a: Curse|88\/100 brn\n|\n|-heal|p2a: Curse|94\/100 brn|[from] item: Leftovers\n|-heal|p1a: Booty Peench|100\/100 tox|[from] ability: Poison Heal\n|-damage|p2a: Curse|88\/100 brn|[from] brn\n|-ability|p2a: Curse|Speed Boost|boost\n|-boost|p2a: Curse|spe|1\n|upkeep\n|turn|32\n|c|\u2606silverhammer166|see that read\n|c|\u2606silverhammer166|legaand\n|c|\u2606silverhammer166|wait for it\n|c|\u2606silverhammer166|dairy\n|\n|t:|1700197116\n|move|p2a: Curse|Lunge|p1a: Booty Peench\n|-resisted|p1a: Booty Peench\n|-damage|p1a: Booty Peench|76\/100 tox\n|move|p1a: Booty Peench|Stealth Rock||[still]\n|-fail|p1a: Booty Peench\n|\n|-heal|p2a: Curse|94\/100 brn|[from] item: Leftovers\n|-heal|p1a: Booty Peench|88\/100 tox|[from] ability: Poison Heal\n|-damage|p2a: Curse|88\/100 brn|[from] brn\n|upkeep\n|turn|33\n|\n|t:|1700197132\n|move|p2a: Curse|Dual Wingbeat|p1a: Booty Peench\n|-damage|p1a: Booty Peench|68\/100 tox\n|-crit|p1a: Booty Peench\n|-damage|p1a: Booty Peench|39\/100 tox\n|-hitcount|p1a: Booty Peench|2\n|move|p1a: Booty Peench|Earthquake|p2a: Curse\n|-resisted|p2a: Curse\n|-damage|p2a: Curse|87\/100 brn\n|\n|-heal|p2a: Curse|93\/100 brn|[from] item: Leftovers\n|-heal|p1a: Booty Peench|51\/100 tox|[from] ability: Poison Heal\n|-damage|p2a: Curse|87\/100 brn|[from] brn\n|upkeep\n|turn|34\n|\n|t:|1700197143\n|move|p2a: Curse|Dual Wingbeat|p1a: Booty Peench\n|-damage|p1a: Booty Peench|30\/100 tox\n|-damage|p1a: Booty Peench|11\/100 tox\n|-hitcount|p1a: Booty Peench|2\n|move|p1a: Booty Peench|Roost|p1a: Booty Peench\n|-heal|p1a: Booty Peench|61\/100 tox\n|-singleturn|p1a: Booty Peench|move: Roost\n|\n|-heal|p2a: Curse|93\/100 brn|[from] item: Leftovers\n|-heal|p1a: Booty Peench|74\/100 tox|[from] ability: Poison Heal\n|-damage|p2a: Curse|87\/100 brn|[from] brn\n|upkeep\n|turn|35\n|\n|t:|1700197171\n|move|p2a: Curse|Lunge|p1a: Booty Peench\n|-resisted|p1a: Booty Peench\n|-damage|p1a: Booty Peench|47\/100 tox\n|move|p1a: Booty Peench|Earthquake|p2a: Curse\n|-resisted|p2a: Curse\n|-damage|p2a: Curse|86\/100 brn\n|\n|-heal|p2a: Curse|92\/100 brn|[from] item: Leftovers\n|-heal|p1a: Booty Peench|59\/100 tox|[from] ability: Poison Heal\n|-damage|p2a: Curse|86\/100 brn|[from] brn\n|upkeep\n|turn|36\n|\n|t:|1700197181\n|move|p2a: Curse|Dual Wingbeat|p1a: Booty Peench|[miss]\n|-miss|p2a: Curse|p1a: Booty Peench\n|move|p1a: Booty Peench|Roost|p1a: Booty Peench\n|-heal|p1a: Booty Peench|100\/100 tox\n|-singleturn|p1a: Booty Peench|move: Roost\n|\n|-heal|p2a: Curse|92\/100 brn|[from] item: Leftovers\n|-damage|p2a: Curse|86\/100 brn|[from] brn\n|upkeep\n|turn|37\n|\n|t:|1700197190\n|move|p2a: Curse|Protect|p2a: Curse\n|-singleturn|p2a: Curse|Protect\n|move|p1a: Booty Peench|Earthquake|p2a: Curse\n|-activate|p2a: Curse|move: Protect\n|\n|-heal|p2a: Curse|92\/100 brn|[from] item: Leftovers\n|-damage|p2a: Curse|86\/100 brn|[from] brn\n|upkeep\n|turn|38\n|\n|t:|1700197224\n|move|p2a: Curse|Curse|p2a: Curse\n|-unboost|p2a: Curse|spe|1\n|move|p1a: Booty Peench|Earthquake|p2a: Curse\n|-resisted|p2a: Curse\n|-damage|p2a: Curse|84\/100 brn\n|\n|-heal|p2a: Curse|90\/100 brn|[from] item: Leftovers\n|-damage|p2a: Curse|84\/100 brn|[from] brn\n|-ability|p2a: Curse|Speed Boost|boost\n|-boost|p2a: Curse|spe|1\n|upkeep\n|turn|39\n|\n|t:|1700197236\n|move|p2a: Curse|Protect|p2a: Curse\n|-singleturn|p2a: Curse|Protect\n|move|p1a: Booty Peench|Earthquake|p2a: Curse\n|-activate|p2a: Curse|move: Protect\n|\n|-heal|p2a: Curse|90\/100 brn|[from] item: Leftovers\n|-damage|p2a: Curse|84\/100 brn|[from] brn\n|upkeep\n|turn|40\n|\n|t:|1700197245\n|move|p2a: Curse|Curse|p2a: Curse\n|-unboost|p2a: Curse|spe|1\n|move|p1a: Booty Peench|Earthquake|p2a: Curse\n|-resisted|p2a: Curse\n|-damage|p2a: Curse|83\/100 brn\n|\n|-heal|p2a: Curse|89\/100 brn|[from] item: Leftovers\n|-damage|p2a: Curse|83\/100 brn|[from] brn\n|-ability|p2a: Curse|Speed Boost|boost\n|-boost|p2a: Curse|spe|1\n|upkeep\n|turn|41\n|\n|t:|1700197255\n|move|p2a: Curse|Protect|p2a: Curse\n|-singleturn|p2a: Curse|Protect\n|move|p1a: Booty Peench|Spikes||[still]\n|-fail|p1a: Booty Peench\n|\n|-heal|p2a: Curse|89\/100 brn|[from] item: Leftovers\n|-damage|p2a: Curse|83\/100 brn|[from] brn\n|upkeep\n|turn|42\n|\n|t:|1700197263\n|move|p2a: Curse|Dual Wingbeat|p1a: Booty Peench\n|-damage|p1a: Booty Peench|80\/100 tox\n|-damage|p1a: Booty Peench|61\/100 tox\n|-hitcount|p1a: Booty Peench|2\n|move|p1a: Booty Peench|Earthquake|p2a: Curse\n|-resisted|p2a: Curse\n|-damage|p2a: Curse|82\/100 brn\n|\n|-heal|p2a: Curse|88\/100 brn|[from] item: Leftovers\n|-heal|p1a: Booty Peench|73\/100 tox|[from] ability: Poison Heal\n|-damage|p2a: Curse|82\/100 brn|[from] brn\n|upkeep\n|turn|43\n|\n|t:|1700197274\n|move|p2a: Curse|Dual Wingbeat|p1a: Booty Peench\n|-damage|p1a: Booty Peench|53\/100 tox\n|-damage|p1a: Booty Peench|35\/100 tox\n|-hitcount|p1a: Booty Peench|2\n|move|p1a: Booty Peench|Spikes||[still]\n|-fail|p1a: Booty Peench\n|\n|-heal|p2a: Curse|88\/100 brn|[from] item: Leftovers\n|-heal|p1a: Booty Peench|47\/100 tox|[from] ability: Poison Heal\n|-damage|p2a: Curse|82\/100 brn|[from] brn\n|upkeep\n|turn|44\n|\n|t:|1700197284\n|move|p2a: Curse|Dual Wingbeat|p1a: Booty Peench\n|-damage|p1a: Booty Peench|29\/100 tox\n|-damage|p1a: Booty Peench|8\/100 tox\n|-hitcount|p1a: Booty Peench|2\n|move|p1a: Booty Peench|Roost|p1a: Booty Peench\n|-heal|p1a: Booty Peench|58\/100 tox\n|-singleturn|p1a: Booty Peench|move: Roost\n|\n|-heal|p2a: Curse|88\/100 brn|[from] item: Leftovers\n|-heal|p1a: Booty Peench|71\/100 tox|[from] ability: Poison Heal\n|-damage|p2a: Curse|82\/100 brn|[from] brn\n|upkeep\n|turn|45\n|\n|t:|1700197300\n|move|p2a: Curse|Dual Wingbeat|p1a: Booty Peench\n|-damage|p1a: Booty Peench|50\/100 tox\n|-damage|p1a: Booty Peench|30\/100 tox\n|-hitcount|p1a: Booty Peench|2\n|move|p1a: Booty Peench|Earthquake|p2a: Curse\n|-resisted|p2a: Curse\n|-damage|p2a: Curse|81\/100 brn\n|\n|-heal|p2a: Curse|87\/100 brn|[from] item: Leftovers\n|-heal|p1a: Booty Peench|43\/100 tox|[from] ability: Poison Heal\n|-damage|p2a: Curse|81\/100 brn|[from] brn\n|upkeep\n|turn|46\n|\n|t:|1700197313\n|move|p2a: Curse|Dual Wingbeat|p1a: Booty Peench\n|-damage|p1a: Booty Peench|23\/100 tox\n|-damage|p1a: Booty Peench|4\/100 tox\n|-hitcount|p1a: Booty Peench|2\n|move|p1a: Booty Peench|Roost|p1a: Booty Peench\n|-heal|p1a: Booty Peench|54\/100 tox\n|-singleturn|p1a: Booty Peench|move: Roost\n|\n|-heal|p2a: Curse|87\/100 brn|[from] item: Leftovers\n|-heal|p1a: Booty Peench|66\/100 tox|[from] ability: Poison Heal\n|-damage|p2a: Curse|81\/100 brn|[from] brn\n|upkeep\n|turn|47\n|\n|t:|1700197326\n|move|p2a: Curse|Lunge|p1a: Booty Peench\n|-resisted|p1a: Booty Peench\n|-damage|p1a: Booty Peench|38\/100 tox\n|move|p1a: Booty Peench|Stealth Rock||[still]\n|-fail|p1a: Booty Peench\n|\n|-heal|p2a: Curse|87\/100 brn|[from] item: Leftovers\n|-heal|p1a: Booty Peench|50\/100 tox|[from] ability: Poison Heal\n|-damage|p2a: Curse|81\/100 brn|[from] brn\n|upkeep\n|turn|48\n|\n|t:|1700197357\n|move|p2a: Curse|Lunge|p1a: Booty Peench\n|-resisted|p1a: Booty Peench\n|-damage|p1a: Booty Peench|23\/100 tox\n|move|p1a: Booty Peench|Spikes||[still]\n|-fail|p1a: Booty Peench\n|\n|-heal|p2a: Curse|87\/100 brn|[from] item: Leftovers\n|-heal|p1a: Booty Peench|35\/100 tox|[from] ability: Poison Heal\n|-damage|p2a: Curse|81\/100 brn|[from] brn\n|upkeep\n|turn|49\n|\n|t:|1700197368\n|move|p2a: Curse|Lunge|p1a: Booty Peench\n|-resisted|p1a: Booty Peench\n|-damage|p1a: Booty Peench|8\/100 tox\n|move|p1a: Booty Peench|Earthquake|p2a: Curse\n|-resisted|p2a: Curse\n|-damage|p2a: Curse|79\/100 brn\n|\n|-heal|p2a: Curse|86\/100 brn|[from] item: Leftovers\n|-heal|p1a: Booty Peench|20\/100 tox|[from] ability: Poison Heal\n|-damage|p2a: Curse|79\/100 brn|[from] brn\n|upkeep\n|turn|50\n|\n|t:|1700197379\n|move|p2a: Curse|Lunge|p1a: Booty Peench\n|-resisted|p1a: Booty Peench\n|-damage|p1a: Booty Peench|0 fnt\n|faint|p1a: Booty Peench\n|\n|-heal|p2a: Curse|86\/100 brn|[from] item: Leftovers\n|-damage|p2a: Curse|79\/100 brn|[from] brn\n|upkeep\n|\n|t:|1700197388\n|switch|p1a: Gustav|Sableye, F|100\/100\n|turn|51\n|c| Jim Jim Sr|it only took 50 turns bois keep it up\n|\n|t:|1700197409\n|move|p1a: Gustav|Reflect|p1a: Gustav\n|-sidestart|p1: Lanky Paul|Reflect\n|move|p2a: Curse|Lunge|p1a: Gustav\n|-damage|p1a: Gustav|65\/100\n|-unboost|p1a: Gustav|atk|1\n|\n|-heal|p2a: Curse|86\/100 brn|[from] item: Leftovers\n|-damage|p2a: Curse|79\/100 brn|[from] brn\n|upkeep\n|turn|52\n|\n|t:|1700197419\n|move|p1a: Gustav|Light Screen|p1a: Gustav\n|-sidestart|p1: Lanky Paul|move: Light Screen\n|move|p2a: Curse|Curse|p2a: Curse\n|-unboost|p2a: Curse|spe|1\n|\n|-heal|p2a: Curse|86\/100 brn|[from] item: Leftovers\n|-damage|p2a: Curse|79\/100 brn|[from] brn\n|-ability|p2a: Curse|Speed Boost|boost\n|-boost|p2a: Curse|spe|1\n|upkeep\n|turn|53\n|j| jkkayy\n|\n|t:|1700197428\n|move|p2a: Curse|Protect|p2a: Curse\n|-singleturn|p2a: Curse|Protect\n|move|p1a: Gustav|Sucker Punch||[still]\n|-fail|p1a: Gustav\n|\n|-heal|p2a: Curse|86\/100 brn|[from] item: Leftovers\n|-damage|p2a: Curse|79\/100 brn|[from] brn\n|upkeep\n|turn|54\n|\n|t:|1700197439\n|move|p2a: Curse|Protect|p2a: Curse\n|-singleturn|p2a: Curse|Protect\n|move|p1a: Gustav|Sucker Punch||[still]\n|-fail|p1a: Gustav\n|\n|-heal|p2a: Curse|86\/100 brn|[from] item: Leftovers\n|-damage|p2a: Curse|79\/100 brn|[from] brn\n|upkeep\n|turn|55\n|c|\u2606silverhammer166|READS?!?!?\n|c|\u2606silverhammer166|hi joshs\n|c|\u2606silverhammer166|come join us\n|\n|t:|1700197477\n|switch|p1a: Tiimmy Thicc|Umbreon, M|100\/100\n|move|p2a: Curse|Curse|p2a: Curse\n|-unboost|p2a: Curse|spe|1\n|\n|-heal|p2a: Curse|86\/100 brn|[from] item: Leftovers\n|-damage|p2a: Curse|79\/100 brn|[from] brn\n|-ability|p2a: Curse|Speed Boost|boost\n|-boost|p2a: Curse|spe|1\n|upkeep\n|turn|56\n|c| Jim Jim Sr|90 turns to go bois\n|\n|t:|1700197502\n|move|p2a: Curse|Protect|p2a: Curse\n|-singleturn|p2a: Curse|Protect\n|move|p1a: Tiimmy Thicc|Foul Play|p2a: Curse\n|-activate|p2a: Curse|move: Protect\n|\n|-heal|p2a: Curse|86\/100 brn|[from] item: Leftovers\n|-damage|p2a: Curse|79\/100 brn|[from] brn\n|upkeep\n|turn|57\n|\n|t:|1700197516\n|move|p2a: Curse|Lunge|p1a: Tiimmy Thicc\n|-supereffective|p1a: Tiimmy Thicc\n|-damage|p1a: Tiimmy Thicc|38\/100\n|-unboost|p1a: Tiimmy Thicc|atk|1\n|-damage|p2a: Curse|63\/100 brn|[from] item: Rocky Helmet|[of] p1a: Tiimmy Thicc\n|move|p1a: Tiimmy Thicc|Wish|p1a: Tiimmy Thicc\n|\n|-heal|p2a: Curse|69\/100 brn|[from] item: Leftovers\n|-damage|p2a: Curse|63\/100 brn|[from] brn\n|upkeep\n|turn|58\n|\n|t:|1700197528\n|move|p1a: Tiimmy Thicc|Protect|p1a: Tiimmy Thicc\n|-singleturn|p1a: Tiimmy Thicc|Protect\n|move|p2a: Curse|Lunge|p1a: Tiimmy Thicc\n|-activate|p1a: Tiimmy Thicc|move: Protect\n|\n|-heal|p1a: Tiimmy Thicc|88\/100|[from] move: Wish|[wisher] Tiimmy Thicc\n|-heal|p2a: Curse|69\/100 brn|[from] item: Leftovers\n|-damage|p2a: Curse|63\/100 brn|[from] brn\n|-sideend|p1: Lanky Paul|Reflect\n|upkeep\n|turn|59\n|\n|t:|1700197551\n|move|p2a: Curse|Protect|p2a: Curse\n|-singleturn|p2a: Curse|Protect\n|move|p1a: Tiimmy Thicc|Wish|p1a: Tiimmy Thicc\n|\n|-heal|p2a: Curse|69\/100 brn|[from] item: Leftovers\n|-damage|p2a: Curse|63\/100 brn|[from] brn\n|-sideend|p1: Lanky Paul|move: Light Screen\n|upkeep\n|turn|60\n|\n|t:|1700197571\n|move|p2a: Curse|Protect||[still]\n|-fail|p2a: Curse\n|move|p1a: Tiimmy Thicc|Protect||[still]\n|-fail|p1a: Tiimmy Thicc\n|\n|-heal|p1a: Tiimmy Thicc|100\/100|[from] move: Wish|[wisher] Tiimmy Thicc\n|-heal|p2a: Curse|69\/100 brn|[from] item: Leftovers\n|-damage|p2a: Curse|63\/100 brn|[from] brn\n|upkeep\n|turn|61\n|\n|t:|1700197580\n|move|p2a: Curse|Lunge|p1a: Tiimmy Thicc\n|-supereffective|p1a: Tiimmy Thicc\n|-damage|p1a: Tiimmy Thicc|0 fnt\n|-damage|p2a: Curse|47\/100 brn|[from] item: Rocky Helmet|[of] p1a: Tiimmy Thicc\n|faint|p1a: Tiimmy Thicc\n|\n|-heal|p2a: Curse|53\/100 brn|[from] item: Leftovers\n|-damage|p2a: Curse|47\/100 brn|[from] brn\n|upkeep\n|\n|t:|1700197587\n|switch|p1a: Gustav|Sableye, F|65\/100\n|turn|62\n|\n|t:|1700197616\n|move|p1a: Gustav|Reflect|p1a: Gustav\n|-sidestart|p1: Lanky Paul|Reflect\n|move|p2a: Curse|Lunge|p1a: Gustav\n|-damage|p1a: Gustav|23\/100\n|-unboost|p1a: Gustav|atk|1\n|\n|-heal|p2a: Curse|53\/100 brn|[from] item: Leftovers\n|-damage|p2a: Curse|47\/100 brn|[from] brn\n|upkeep\n|turn|63\n|\n|t:|1700197653\n|switch|p1a: Super Sayain 3|Pidgeot, M|100\/100\n|move|p2a: Curse|Lunge|p1a: Super Sayain 3\n|-resisted|p1a: Super Sayain 3\n|-damage|p1a: Super Sayain 3|72\/100\n|-unboost|p1a: Super Sayain 3|atk|1\n|\n|-heal|p2a: Curse|53\/100 brn|[from] item: Leftovers\n|-damage|p2a: Curse|47\/100 brn|[from] brn\n|upkeep\n|turn|64\n|\n|t:|1700197680\n|detailschange|p1a: Super Sayain 3|Pidgeot-Mega, M\n|-mega|p1a: Super Sayain 3|Pidgeot|Pidgeotite\n|move|p2a: Curse|Protect|p2a: Curse\n|-singleturn|p2a: Curse|Protect\n|move|p1a: Super Sayain 3|Heat Wave|p2a: Curse\n|-activate|p2a: Curse|move: Protect\n|\n|-heal|p2a: Curse|53\/100 brn|[from] item: Leftovers\n|-damage|p2a: Curse|47\/100 brn|[from] brn\n|upkeep\n|turn|65\n|\n|t:|1700197712\n|move|p2a: Curse|Lunge|p1a: Super Sayain 3\n|-resisted|p1a: Super Sayain 3\n|-damage|p1a: Super Sayain 3|47\/100\n|-unboost|p1a: Super Sayain 3|atk|1\n|move|p1a: Super Sayain 3|Heat Wave|p2a: Curse\n|-supereffective|p2a: Curse\n|-damage|p2a: Curse|0 fnt\n|faint|p2a: Curse\n|\n|upkeep\n|\n|t:|1700197750\n|switch|p2a: Pacific Rim|Metagross|100\/100\n|-damage|p2a: Pacific Rim|94\/100|[from] Stealth Rock\n|-damage|p2a: Pacific Rim|70\/100|[from] Spikes\n|turn|66\n|\n|t:|1700197769\n|move|p1a: Super Sayain 3|Heat Wave|p2a: Pacific Rim\n|-supereffective|p2a: Pacific Rim\n|-damage|p2a: Pacific Rim|0 fnt\n|faint|p2a: Pacific Rim\n|\n|upkeep\n|\n|t:|1700197780\n|switch|p2a: Space Dandy|Diancie|100\/100\n|-damage|p2a: Space Dandy|88\/100|[from] Stealth Rock\n|-damage|p2a: Space Dandy|63\/100|[from] Spikes\n|turn|67\n|\n|t:|1700197839\n|move|p1a: Super Sayain 3|Hidden Power|p2a: Space Dandy\n|-damage|p2a: Space Dandy|47\/100\n|move|p2a: Space Dandy|Trick Room|p2a: Space Dandy\n|-fieldstart|move: Trick Room|[of] p2a: Space Dandy\n|\n|-heal|p2a: Space Dandy|53\/100|[from] item: Leftovers\n|upkeep\n|turn|68\n|\n|t:|1700197863\n|switch|p1a: Gustav|Sableye, F|23\/100\n|move|p2a: Space Dandy|Power Gem|p1a: Gustav\n|-damage|p1a: Gustav|0 fnt\n|faint|p1a: Gustav\n|\n|-heal|p2a: Space Dandy|59\/100|[from] item: Leftovers\n|upkeep\n|\n|t:|1700197888\n|switch|p1a: Mcqueen|Zeraora|100\/100\n|turn|69\n|\n|t:|1700197916\n|move|p2a: Space Dandy|Earth Power|p1a: Mcqueen\n|-supereffective|p1a: Mcqueen\n|-damage|p1a: Mcqueen|26\/100\n|move|p1a: Mcqueen|Plasma Fists|p2a: Space Dandy\n|-damage|p2a: Space Dandy|8\/100\n|-fieldactivate|move: Ion Deluge\n|-hint|Normal-type moves become Electric-type after using Plasma Fists.\n|\n|-heal|p2a: Space Dandy|14\/100|[from] item: Leftovers\n|-sideend|p1: Lanky Paul|Reflect\n|upkeep\n|turn|70\n|\n|t:|1700197978\n|move|p2a: Space Dandy|Power Gem|p1a: Mcqueen\n|-damage|p1a: Mcqueen|0 fnt\n|faint|p1a: Mcqueen\n|\n|-heal|p2a: Space Dandy|21\/100|[from] item: Leftovers\n|upkeep\n|\n|t:|1700197991\n|switch|p1a: Turd Bird|Oricorio-Sensu, M|100\/100\n|turn|71\n|\n|t:|1700198018\n|move|p2a: Space Dandy|Power Gem|p1a: Turd Bird\n|-supereffective|p1a: Turd Bird\n|-damage|p1a: Turd Bird|0 fnt\n|faint|p1a: Turd Bird\n|\n|-heal|p2a: Space Dandy|27\/100|[from] item: Leftovers\n|-fieldend|move: Trick Room\n|upkeep\n|\n|t:|1700198024\n|switch|p1a: Super Sayain 3|Pidgeot-Mega, M|47\/100\n|turn|72\n|\n|t:|1700198041\n|move|p1a: Super Sayain 3|Hurricane|p2a: Space Dandy\n|-resisted|p2a: Space Dandy\n|-damage|p2a: Space Dandy|4\/100\n|-start|p2a: Space Dandy|confusion\n|-activate|p2a: Space Dandy|confusion\n|-damage|p2a: Space Dandy|0 fnt|[from] confusion\n|faint|p2a: Space Dandy\n|\n|upkeep\n|\n|t:|1700198059\n|switch|p2a: Fister Sister|Mawile, F|100\/100\n|-damage|p2a: Fister Sister|94\/100|[from] Stealth Rock\n|-damage|p2a: Fister Sister|69\/100|[from] Spikes\n|turn|73\n|\n|t:|1700198077\n|detailschange|p2a: Fister Sister|Mawile-Mega, F\n|-mega|p2a: Fister Sister|Mawile|Mawilite\n|move|p1a: Super Sayain 3|Heat Wave|p2a: Fister Sister\n|-supereffective|p2a: Fister Sister\n|-damage|p2a: Fister Sister|0 fnt\n|faint|p2a: Fister Sister\n|\n|upkeep\n|\n|t:|1700198098\n|switch|p2a: Royale With Cheese|Aegislash, M|100\/100\n|-damage|p2a: Royale With Cheese|94\/100|[from] Stealth Rock\n|-damage|p2a: Royale With Cheese|69\/100|[from] Spikes\n|turn|74\n|\n|t:|1700198117\n|move|p2a: Royale With Cheese|King's Shield|p2a: Royale With Cheese\n|-singleturn|p2a: Royale With Cheese|Protect\n|move|p1a: Super Sayain 3|Heat Wave|p2a: Royale With Cheese\n|-activate|p2a: Royale With Cheese|move: Protect\n|\n|-heal|p2a: Royale With Cheese|75\/100|[from] item: Leftovers\n|upkeep\n|turn|75\n|\n|t:|1700198139\n|move|p1a: Super Sayain 3|Heat Wave|p2a: Royale With Cheese\n|-supereffective|p2a: Royale With Cheese\n|-damage|p2a: Royale With Cheese|17\/100\n|-formechange|p2a: Royale With Cheese|Aegislash-Blade||[from] ability: Stance Change\n|move|p2a: Royale With Cheese|Close Combat|p1a: Super Sayain 3\n|-damage|p1a: Super Sayain 3|0 fnt\n|-unboost|p2a: Royale With Cheese|def|1\n|-unboost|p2a: Royale With Cheese|spd|1\n|faint|p1a: Super Sayain 3\n|\n|win|silverhammer166\n|c| Jim Jim Sr|ggs bois\n|c|\u2606Lanky Paul|ggs\n|l| HopOnMyArk\n|l| jkkayy\n|l| Jim Jim Sr\n|c|\u2606silverhammer166|ggs\n|l|\u2606silverhammer166\n","uploadtime":1700198338,"views":33,"p1id":"lankypaul","p2id":"silverhammer166","formatid":"gen9nationaldexubers","rating":0,"private":0,"password":""}