{"id":"gen9nationaldexubers-1993177631","p1":"RealHarryStyles","p2":"MintyRevnant","format":"[Gen 9] National Dex Ubers","log":"|j|\u2606RealHarryStyles\n|j|\u2606MintyRevnant\n|t:|1700274279\n|gametype|singles\n|player|p1|RealHarryStyles|clay|\n|player|p2|MintyRevnant|dragontamer|\n|teamsize|p1|6\n|teamsize|p2|6\n|gen|9\n|tier|[Gen 9] National Dex Ubers\n|rule|HP Percentage Mod: HP is shown in percentages\n|rule|Endless Battle Clause: Forcing endless battles is banned\n|rule|OHKO Clause: OHKO moves are banned\n|rule|Evasion Moves Clause: Evasion moves are banned\n|rule|Evasion Items Clause: Evasion items are banned\n|rule|Species Clause: Limit one of each Pok\u00e9mon\n|rule|Sleep Clause Mod: Limit one foe put to sleep\n|rule|Mega Rayquaza Clause: You cannot mega evolve Rayquaza\n|clearpoke\n|poke|p1|Blaziken, M|\n|poke|p1|Arcanine-Hisui, M|\n|poke|p1|Ninetales, M|\n|poke|p1|Typhlosion-Hisui, F|\n|poke|p1|Cinderace, M|\n|poke|p1|Iron Moth|\n|poke|p2|Grimmsnarl, M|\n|poke|p2|Iron Valiant|\n|poke|p2|Gardevoir, M|\n|poke|p2|Whimsicott, M|\n|poke|p2|Hatterene, F|\n|poke|p2|Dachsbun, F|\n|teampreview\n|j| ImGoodATM\n|\n|t:|1700274302\n|start\n|switch|p1a: Renaldoh|Cinderace, M|100\/100\n|switch|p2a: Dachsbun|Dachsbun, F, shiny|100\/100\n|-item|p1a: Renaldoh|Air Balloon\n|turn|1\n|\n|t:|1700274317\n|move|p2a: Dachsbun|Psychic Fangs|p1a: Renaldoh\n|-damage|p1a: Renaldoh|67\/100\n|-enditem|p1a: Renaldoh|Air Balloon\n|move|p1a: Renaldoh|Iron Head|p2a: Dachsbun\n|-start|p1a: Renaldoh|typechange|Steel|[from] ability: Libero\n|-supereffective|p2a: Dachsbun\n|-damage|p2a: Dachsbun|2\/100\n|\n|upkeep\n|turn|2\n|\n|t:|1700274326\n|move|p1a: Renaldoh|Sucker Punch|p2a: Dachsbun\n|-resisted|p2a: Dachsbun\n|-damage|p2a: Dachsbun|0 fnt\n|faint|p2a: Dachsbun\n|\n|upkeep\n|\n|t:|1700274339\n|switch|p2a: Hatterene|Hatterene, F, shiny|100\/100\n|turn|3\n|\n|t:|1700274345\n|move|p1a: Renaldoh|Iron Head|p2a: Hatterene\n|-supereffective|p2a: Hatterene\n|-damage|p2a: Hatterene|19\/100\n|move|p2a: Hatterene|Mystical Fire|p1a: Renaldoh\n|-supereffective|p1a: Renaldoh\n|-damage|p1a: Renaldoh|0 fnt\n|faint|p1a: Renaldoh\n|\n|-heal|p2a: Hatterene|25\/100|[from] item: Leftovers\n|upkeep\n|\n|t:|1700274350\n|switch|p1a: Kachow|Arcanine-Hisui, M|100\/100\n|-ability|p1a: Kachow|Intimidate|boost\n|-unboost|p2a: Hatterene|atk|1\n|turn|4\n|\n|t:|1700274364\n|move|p1a: Kachow|Extreme Speed|p2a: Hatterene\n|-damage|p2a: Hatterene|0 fnt\n|faint|p2a: Hatterene\n|\n|upkeep\n|\n|t:|1700274371\n|switch|p2a: Nerd|Iron Valiant, shiny|100\/100\n|-enditem|p2a: Nerd|Booster Energy\n|-activate|p2a: Nerd|ability: Quark Drive|[fromitem]\n|-start|p2a: Nerd|quarkdrivespe\n|turn|5\n|\n|t:|1700274381\n|-terastallize|p1a: Kachow|Normal\n|move|p1a: Kachow|Extreme Speed|p2a: Nerd\n|-damage|p2a: Nerd|22\/100\n|move|p2a: Nerd|Close Combat|p1a: Kachow\n|-supereffective|p1a: Kachow\n|-damage|p1a: Kachow|0 fnt\n|-unboost|p2a: Nerd|def|1\n|-unboost|p2a: Nerd|spd|1\n|faint|p1a: Kachow\n|\n|upkeep\n|\n|t:|1700274390\n|switch|p1a: Murder Hornet|Iron Moth|100\/100\n|turn|6\n|\n|t:|1700274398\n|move|p2a: Nerd|Psycho Cut|p1a: Murder Hornet\n|-supereffective|p1a: Murder Hornet\n|-damage|p1a: Murder Hornet|20\/100\n|move|p1a: Murder Hornet|Fiery Dance|p2a: Nerd\n|-damage|p2a: Nerd|0 fnt\n|faint|p2a: Nerd\n|-end|p2a: Nerd|Quark Drive|[silent]\n|\n|upkeep\n|\n|t:|1700274407\n|switch|p2a: Gardevoir|Gardevoir, M, shiny|100\/100\n|turn|7\n|\n|t:|1700274411\n|detailschange|p2a: Gardevoir|Gardevoir-Mega, M, shiny\n|-mega|p2a: Gardevoir|Gardevoir|Gardevoirite\n|move|p1a: Murder Hornet|Fiery Dance|p2a: Gardevoir\n|-damage|p2a: Gardevoir|39\/100\n|-boost|p1a: Murder Hornet|spa|1\n|move|p2a: Gardevoir|Hyper Voice|p1a: Murder Hornet\n|-resisted|p1a: Murder Hornet\n|-damage|p1a: Murder Hornet|4\/100\n|\n|upkeep\n|turn|8\n|\n|t:|1700274422\n|move|p1a: Murder Hornet|Fiery Dance|p2a: Gardevoir\n|-damage|p2a: Gardevoir|0 fnt\n|-boost|p1a: Murder Hornet|spa|1\n|faint|p2a: Gardevoir\n|\n|upkeep\n|\n|t:|1700274428\n|switch|p2a: Grimmsnarl|Grimmsnarl, M, shiny|100\/100\n|-item|p1a: Murder Hornet|Choice Specs|[from] ability: Frisk|[of] p2a: Grimmsnarl|[identify]\n|turn|9\n|\n|t:|1700274435\n|-terastallize|p2a: Grimmsnarl|Water\n|move|p1a: Murder Hornet|Fiery Dance|p2a: Grimmsnarl\n|-resisted|p2a: Grimmsnarl\n|-damage|p2a: Grimmsnarl|25\/100\n|move|p2a: Grimmsnarl|Dazzling Gleam|p1a: Murder Hornet\n|-resisted|p1a: Murder Hornet\n|-damage|p1a: Murder Hornet|0 fnt\n|faint|p1a: Murder Hornet\n|-end|p1a: Murder Hornet|Quark Drive|[silent]\n|\n|upkeep\n|\n|t:|1700274441\n|switch|p1a: Ninetales|Ninetales, M|100\/100\n|-weather|SunnyDay|[from] ability: Drought|[of] p1a: Ninetales\n|turn|10\n|\n|t:|1700274450\n|move|p1a: Ninetales|Solar Beam||[still]\n|-prepare|p1a: Ninetales|Solar Beam\n|-anim|p1a: Ninetales|Solar Beam|p2a: Grimmsnarl\n|-supereffective|p2a: Grimmsnarl\n|-damage|p2a: Grimmsnarl|0 fnt\n|faint|p2a: Grimmsnarl\n|\n|-weather|SunnyDay|[upkeep]\n|upkeep\n|\n|t:|1700274458\n|switch|p2a: Whimsicott|Whimsicott, M, shiny|100\/100\n|turn|11\n|\n|t:|1700274463\n|move|p2a: Whimsicott|Stun Spore|p1a: Ninetales\n|-status|p1a: Ninetales|par\n|move|p1a: Ninetales|Weather Ball|p2a: Whimsicott\n|-supereffective|p2a: Whimsicott\n|-damage|p2a: Whimsicott|0 fnt\n|faint|p2a: Whimsicott\n|\n|win|RealHarryStyles\n|c|\u2606RealHarryStyles|gg\n|l| ImGoodATM\n","uploadtime":1700274474,"views":13,"p1id":"realharrystyles","p2id":"mintyrevnant","formatid":"gen9nationaldexubers","rating":0,"private":0,"password":""}