{"id":"gen9nationaldexubers-1978205317","p1":"vespyyy","p2":"k7eenex","format":"[Gen 9] National Dex Ubers","log":"|j|\u2606vespyyy\n|j|\u2606k7eenex\n|t:|1698512404\n|gametype|singles\n|player|p1|vespyyy|juggler|\n|player|p2|k7eenex|hiker-gen4|\n|teamsize|p1|6\n|teamsize|p2|6\n|gen|9\n|tier|[Gen 9] National Dex Ubers\n|rule|HP Percentage Mod: HP is shown in percentages\n|rule|Endless Battle Clause: Forcing endless battles is banned\n|rule|OHKO Clause: OHKO moves are banned\n|rule|Evasion Moves Clause: Evasion moves are banned\n|rule|Evasion Items Clause: Evasion items are banned\n|rule|Species Clause: Limit one of each Pok\u00e9mon\n|rule|Sleep Clause Mod: Limit one foe put to sleep\n|rule|Mega Rayquaza Clause: You cannot mega evolve Rayquaza\n|clearpoke\n|poke|p1|Victini|\n|poke|p1|Slowbro, M|\n|poke|p1|Mew|\n|poke|p1|Tapu Lele|\n|poke|p1|Meloetta|\n|poke|p1|Jirachi|\n|poke|p2|Garganacl, F|\n|poke|p2|Clodsire, F|\n|poke|p2|Weavile, F|\n|poke|p2|Scizor, F|\n|poke|p2|Gholdengo|\n|poke|p2|Rotom-Wash|\n|teampreview\n|\n|t:|1698512419\n|start\n|switch|p1a: Mew|Mew|100\/100\n|switch|p2a: Brash|Rotom-Wash|100\/100\n|turn|1\n|c|\u2606vespyyy|Wtf is clod doing here\n|c|\u2606k7eenex|idk i thought it would be funny for mbro\n|\n|t:|1698512465\n|move|p1a: Mew|Spikes|p2a: Brash\n|-sidestart|p2: k7eenex|Spikes\n|move|p2a: Brash|Volt Switch|p1a: Mew\n|-damage|p1a: Mew|80\/100\n|c|\u2606vespyyy|Lol u right\n|\n|t:|1698512472\n|switch|p2a: Cheese Stringz|Gholdengo|100\/100|[from] Volt Switch\n|-damage|p2a: Cheese Stringz|88\/100|[from] Spikes\n|\n|-heal|p2a: Cheese Stringz|94\/100|[from] item: Leftovers\n|upkeep\n|turn|2\n|\n|t:|1698512508\n|move|p1a: Mew|Spikes|p2a: Cheese Stringz\n|-sidestart|p2: k7eenex|Spikes\n|move|p2a: Cheese Stringz|Nasty Plot|p2a: Cheese Stringz\n|-boost|p2a: Cheese Stringz|spa|2\n|\n|-heal|p2a: Cheese Stringz|99\/100|[from] item: Leftovers\n|upkeep\n|turn|3\n|\n|t:|1698512513\n|switch|p1a: Meloetta|Meloetta|100\/100\n|move|p2a: Cheese Stringz|Make It Rain|p1a: Meloetta\n|-damage|p1a: Meloetta|43\/100\n|-unboost|p2a: Cheese Stringz|spa|1\n|\n|-heal|p2a: Cheese Stringz|100\/100|[from] item: Leftovers\n|-heal|p1a: Meloetta|49\/100|[from] item: Leftovers\n|upkeep\n|turn|4\n|\n|t:|1698512536\n|switch|p2a: Venom|Clodsire, F|100\/100\n|move|p1a: Meloetta|Shadow Ball|p2a: Venom\n|-damage|p2a: Venom|88\/100\n|-unboost|p2a: Venom|spd|1\n|\n|-heal|p1a: Meloetta|55\/100|[from] item: Leftovers\n|upkeep\n|turn|5\n|c|\u2606vespyyy|Wait i made my meloe slow for some reason\n|c|\u2606k7eenex|where the fuck\n|c|\u2606k7eenex|is my hazard control\n|c|\u2606vespyyy|He didnt put ant on\n|\n|t:|1698512575\n|move|p1a: Meloetta|U-turn|p2a: Venom\n|-resisted|p2a: Venom\n|-damage|p2a: Venom|81\/100\n|\n|t:|1698512579\n|switch|p1a: Tapu Lele|Tapu Lele|100\/100|[from] U-turn\n|-fieldstart|move: Psychic Terrain|[from] ability: Psychic Surge|[of] p1a: Tapu Lele\n|move|p2a: Venom|Earthquake|p1a: Tapu Lele\n|-damage|p1a: Tapu Lele|57\/100\n|\n|upkeep\n|turn|6\n|\n|t:|1698512601\n|move|p1a: Tapu Lele|Psychic|p2a: Venom\n|-supereffective|p2a: Venom\n|-damage|p2a: Venom|0 fnt\n|faint|p2a: Venom\n|\n|upkeep\n|\n|t:|1698512606\n|switch|p2a: Kunoichi|Weavile, F|100\/100\n|-damage|p2a: Kunoichi|84\/100|[from] Spikes\n|-ability|p2a: Kunoichi|Pressure\n|turn|7\n|\n|t:|1698512610\n|move|p1a: Tapu Lele|Psychic|p2a: Kunoichi\n|-immune|p2a: Kunoichi\n|move|p2a: Kunoichi|Pursuit|p1a: Tapu Lele\n|-damage|p1a: Tapu Lele|15\/100\n|\n|upkeep\n|turn|8\n|\n|t:|1698512615\n|move|p1a: Tapu Lele|Psychic|p2a: Kunoichi\n|-immune|p2a: Kunoichi\n|move|p2a: Kunoichi|Pursuit|p1a: Tapu Lele\n|-damage|p1a: Tapu Lele|0 fnt\n|faint|p1a: Tapu Lele\n|\n|upkeep\n|\n|t:|1698512619\n|switch|p1a: Victini|Victini|100\/100\n|turn|9\n|\n|t:|1698512630\n|switch|p2a: Brash|Rotom-Wash|100\/100\n|-zpower|p1a: Victini\n|move|p1a: Victini|Z-Celebrate|p1a: Victini|[anim]Celebrate\n|-boost|p1a: Victini|atk|1|[zeffect]\n|-boost|p1a: Victini|def|1|[zeffect]\n|-boost|p1a: Victini|spa|1|[zeffect]\n|-boost|p1a: Victini|spd|1|[zeffect]\n|-boost|p1a: Victini|spe|1|[zeffect]\n|-activate|p1a: Victini|move: Celebrate\n|\n|-fieldend|move: Psychic Terrain\n|upkeep\n|turn|10\n|\n|t:|1698512640\n|move|p1a: Victini|Stored Power|p2a: Brash\n|-crit|p2a: Brash\n|-damage|p2a: Brash|0 fnt\n|faint|p2a: Brash\n|\n|upkeep\n|\n|t:|1698512647\n|switch|p2a: Wamu|Garganacl, F|100\/100\n|-damage|p2a: Wamu|84\/100|[from] Spikes\n|turn|11\n|\n|t:|1698512651\n|move|p1a: Victini|Focus Blast|p2a: Wamu|[miss]\n|-miss|p1a: Victini|p2a: Wamu\n|move|p2a: Wamu|Salt Cure|p1a: Victini\n|-supereffective|p1a: Victini\n|-damage|p1a: Victini|81\/100\n|-start|p1a: Victini|Salt Cure\n|\n|-heal|p2a: Wamu|90\/100|[from] item: Leftovers\n|-damage|p1a: Victini|68\/100|[from] Salt Cure\n|upkeep\n|turn|12\n|\n|t:|1698512663\n|switch|p2a: Cheese Stringz|Gholdengo|100\/100\n|-damage|p2a: Cheese Stringz|84\/100|[from] Spikes\n|move|p1a: Victini|Searing Shot|p2a: Cheese Stringz\n|-supereffective|p2a: Cheese Stringz\n|-damage|p2a: Cheese Stringz|0 fnt\n|faint|p2a: Cheese Stringz\n|\n|-damage|p1a: Victini|56\/100|[from] Salt Cure\n|upkeep\n|c|\u2606vespyyy|Im goated\n|c|\u2606k7eenex|well this is over\n|c|\u2606vespyyy|Yep\n|c|\u2606k7eenex|lets run it again?\n|\n|t:|1698512699\n|switch|p2a: Wamu|Garganacl, F|90\/100\n|-damage|p2a: Wamu|74\/100|[from] Spikes\n|turn|13\n|\n|t:|1698512703\n|move|p1a: Victini|Focus Blast|p2a: Wamu\n|-supereffective|p2a: Wamu\n|-damage|p2a: Wamu|5\/100\n|move|p2a: Wamu|Recover|p2a: Wamu\n|-heal|p2a: Wamu|55\/100\n|\n|-heal|p2a: Wamu|61\/100|[from] item: Leftovers\n|-damage|p1a: Victini|44\/100|[from] Salt Cure\n|upkeep\n|turn|14\n|\n|t:|1698512716\n|move|p1a: Victini|Focus Blast|p2a: Wamu\n|-supereffective|p2a: Wamu\n|-damage|p2a: Wamu|0 fnt\n|faint|p2a: Wamu\n|\n|-damage|p1a: Victini|31\/100|[from] Salt Cure\n|upkeep\n|\n|t:|1698512723\n|switch|p2a: Armstrong|Scizor, F|100\/100\n|-damage|p2a: Armstrong|84\/100|[from] Spikes\n|turn|15\n|\n|t:|1698512731\n|detailschange|p2a: Armstrong|Scizor-Mega, F\n|-mega|p2a: Armstrong|Scizor|Scizorite\n|move|p2a: Armstrong|Bullet Punch|p1a: Victini\n|-resisted|p1a: Victini\n|-damage|p1a: Victini|22\/100\n|move|p1a: Victini|Searing Shot|p2a: Armstrong\n|-supereffective|p2a: Armstrong\n|-damage|p2a: Armstrong|0 fnt\n|faint|p2a: Armstrong\n|\n|-damage|p1a: Victini|10\/100|[from] Salt Cure\n|upkeep\n|\n|t:|1698512734\n|switch|p2a: Kunoichi|Weavile, F|84\/100\n|-damage|p2a: Kunoichi|68\/100|[from] Spikes\n|-ability|p2a: Kunoichi|Pressure\n|turn|16\n|c|\u2606vespyyy|Actuallt im eating breakfast in 5\n|c|\u2606vespyyy|Apparently\n|c|\u2606k7eenex|oh ok\n|c|\u2606vespyyy|We are eati g breakfast before 1 pm\n|\n|t:|1698512764\n|move|p1a: Victini|Searing Shot|p2a: Kunoichi\n|-supereffective|p2a: Kunoichi\n|-damage|p2a: Kunoichi|0 fnt\n|faint|p2a: Kunoichi\n|\n|win|vespyyy\n","uploadtime":1698512767,"views":9,"p1id":"vespyyy","p2id":"k7eenex","formatid":"gen9nationaldexubers","rating":0,"private":0,"password":""}