{"id":"gen9nationaldexubers-1987994057","p1":"Llalal","p2":"Fegufegu","format":"[Gen 9] National Dex Ubers","log":"|j|\u2606Llalal\n|j|\u2606Fegufegu\n|t:|1699656985\n|gametype|singles\n|player|p1|Llalal|266|1204\n|player|p2|Fegufegu|iris-gen5bw2|1310\n|teamsize|p1|6\n|teamsize|p2|6\n|gen|9\n|tier|[Gen 9] National Dex Ubers\n|rated|\n|rule|HP Percentage Mod: HP is shown in percentages\n|rule|Endless Battle Clause: Forcing endless battles is banned\n|rule|OHKO Clause: OHKO moves are banned\n|rule|Evasion Moves Clause: Evasion moves are banned\n|rule|Evasion Items Clause: Evasion items are banned\n|rule|Species Clause: Limit one of each Pok\u00e9mon\n|rule|Sleep Clause Mod: Limit one foe put to sleep\n|rule|Mega Rayquaza Clause: You cannot mega evolve Rayquaza\n|clearpoke\n|poke|p1|Necrozma-Dusk-Mane|\n|poke|p1|Groudon|\n|poke|p1|Lucario, M|\n|poke|p1|Zacian-*|\n|poke|p1|Zygarde|\n|poke|p1|Palafin, F|\n|poke|p2|Lopunny, F|\n|poke|p2|Glimmora, F|\n|poke|p2|Rotom-Wash|\n|poke|p2|Garganacl, M|\n|poke|p2|Meowscarada, M|\n|poke|p2|Hydreigon, F|\n|teampreview\n|\n|t:|1699657000\n|start\n|switch|p1a: Zygarde|Zygarde|100\/100\n|switch|p2a: Glimmora|Glimmora, F|100\/100\n|turn|1\n|\n|t:|1699657011\n|move|p2a: Glimmora|Energy Ball|p1a: Zygarde\n|-damage|p1a: Zygarde|72\/100\n|-unboost|p1a: Zygarde|spd|1\n|move|p1a: Zygarde|Substitute|p1a: Zygarde\n|-start|p1a: Zygarde|Substitute\n|-damage|p1a: Zygarde|47\/100\n|\n|-heal|p1a: Zygarde|53\/100|[from] item: Leftovers\n|upkeep\n|turn|2\n|\n|t:|1699657021\n|move|p2a: Glimmora|Energy Ball|p1a: Zygarde\n|-end|p1a: Zygarde|Substitute\n|move|p1a: Zygarde|Dragon Dance|p1a: Zygarde\n|-boost|p1a: Zygarde|atk|1\n|-boost|p1a: Zygarde|spe|1\n|\n|-heal|p1a: Zygarde|59\/100|[from] item: Leftovers\n|upkeep\n|turn|3\n|\n|t:|1699657032\n|move|p1a: Zygarde|Thousand Arrows|p2a: Glimmora\n|-supereffective|p2a: Glimmora\n|-enditem|p2a: Glimmora|Focus Sash\n|-damage|p2a: Glimmora|1\/100\n|-activate|p2a: Glimmora|ability: Toxic Debris\n|-sidestart|p1: Llalal|move: Toxic Spikes\n|move|p2a: Glimmora|Energy Ball|p1a: Zygarde\n|-crit|p1a: Zygarde\n|-damage|p1a: Zygarde|0 fnt\n|faint|p1a: Zygarde\n|\n|upkeep\n|\n|t:|1699657039\n|switch|p1a: Palafin|Palafin, F|100\/100\n|-status|p1a: Palafin|psn\n|turn|4\n|\n|t:|1699657043\n|move|p1a: Palafin|Flip Turn|p2a: Glimmora\n|-supereffective|p2a: Glimmora\n|-damage|p2a: Glimmora|0 fnt\n|-activate|p2a: Glimmora|ability: Toxic Debris\n|-sidestart|p1: Llalal|move: Toxic Spikes\n|faint|p2a: Glimmora\n|\n|t:|1699657050\n|detailschange|p1a: Palafin|Palafin-Hero, F\n|switch|p1a: Zacian|Zacian-Crowned|100\/100|[from] Flip Turn\n|-ability|p1a: Zacian|Intrepid Sword|boost\n|-boost|p1a: Zacian|atk|1\n|\n|upkeep\n|\n|t:|1699657068\n|switch|p2a: Rotom|Rotom-Wash|100\/100\n|turn|5\n|\n|t:|1699657081\n|move|p1a: Zacian|Play Rough|p2a: Rotom\n|-damage|p2a: Rotom|0 fnt\n|faint|p2a: Rotom\n|\n|upkeep\n|\n|t:|1699657088\n|switch|p2a: Garganacl|Garganacl, M|100\/100\n|turn|6\n|\n|t:|1699657097\n|-terastallize|p2a: Garganacl|Steel\n|move|p1a: Zacian|Behemoth Blade|p2a: Garganacl\n|-resisted|p2a: Garganacl\n|-damage|p2a: Garganacl|80\/100\n|move|p2a: Garganacl|Salt Cure|p1a: Zacian\n|-resisted|p1a: Zacian\n|-damage|p1a: Zacian|94\/100\n|-start|p1a: Zacian|Salt Cure\n|\n|-heal|p2a: Garganacl|86\/100|[from] item: Leftovers\n|-damage|p1a: Zacian|69\/100|[from] Salt Cure\n|upkeep\n|turn|7\n|\n|t:|1699657112\n|move|p1a: Zacian|Swords Dance|p1a: Zacian\n|-boost|p1a: Zacian|atk|2\n|move|p2a: Garganacl|Recover|p2a: Garganacl\n|-heal|p2a: Garganacl|100\/100\n|\n|-damage|p1a: Zacian|44\/100|[from] Salt Cure\n|upkeep\n|turn|8\n|\n|t:|1699657119\n|-terastallize|p1a: Zacian|Water\n|move|p1a: Zacian|Tera Blast|p2a: Garganacl|[anim] Tera Blast Water\n|-damage|p2a: Garganacl|46\/100\n|move|p2a: Garganacl|Iron Defense|p2a: Garganacl\n|-boost|p2a: Garganacl|def|2\n|\n|-heal|p2a: Garganacl|52\/100|[from] item: Leftovers\n|-damage|p1a: Zacian|19\/100|[from] Salt Cure\n|upkeep\n|turn|9\n|\n|t:|1699657127\n|move|p1a: Zacian|Tera Blast|p2a: Garganacl|[anim] Tera Blast Water\n|-damage|p2a: Garganacl|21\/100\n|move|p2a: Garganacl|Recover|p2a: Garganacl\n|-heal|p2a: Garganacl|71\/100\n|\n|-heal|p2a: Garganacl|77\/100|[from] item: Leftovers\n|-damage|p1a: Zacian|0 fnt|[from] Salt Cure\n|faint|p1a: Zacian\n|upkeep\n|\n|t:|1699657133\n|switch|p1a: Lucario|Lucario, M|100\/100\n|turn|10\n|\n|t:|1699657138\n|detailschange|p1a: Lucario|Lucario-Mega, M\n|-mega|p1a: Lucario|Lucario|Lucarionite\n|move|p1a: Lucario|Close Combat|p2a: Garganacl\n|-supereffective|p2a: Garganacl\n|-damage|p2a: Garganacl|28\/100\n|-unboost|p1a: Lucario|def|1\n|-unboost|p1a: Lucario|spd|1\n|move|p2a: Garganacl|Salt Cure|p1a: Lucario\n|-resisted|p1a: Lucario\n|-damage|p1a: Lucario|94\/100\n|-start|p1a: Lucario|Salt Cure\n|\n|-heal|p2a: Garganacl|35\/100|[from] item: Leftovers\n|-damage|p1a: Lucario|69\/100|[from] Salt Cure\n|upkeep\n|turn|11\n|\n|t:|1699657145\n|move|p1a: Lucario|Swords Dance|p1a: Lucario\n|-boost|p1a: Lucario|atk|2\n|move|p2a: Garganacl|Recover|p2a: Garganacl\n|-heal|p2a: Garganacl|85\/100\n|\n|-heal|p2a: Garganacl|91\/100|[from] item: Leftovers\n|-damage|p1a: Lucario|44\/100|[from] Salt Cure\n|upkeep\n|turn|12\n|\n|t:|1699657150\n|move|p1a: Lucario|Close Combat|p2a: Garganacl\n|-supereffective|p2a: Garganacl\n|-damage|p2a: Garganacl|4\/100\n|-unboost|p1a: Lucario|def|1\n|-unboost|p1a: Lucario|spd|1\n|move|p2a: Garganacl|Iron Defense|p2a: Garganacl\n|-boost|p2a: Garganacl|def|2\n|\n|-heal|p2a: Garganacl|10\/100|[from] item: Leftovers\n|-damage|p1a: Lucario|19\/100|[from] Salt Cure\n|upkeep\n|turn|13\n|\n|t:|1699657159\n|move|p1a: Lucario|Zen Headbutt|p2a: Garganacl\n|-resisted|p2a: Garganacl\n|-damage|p2a: Garganacl|4\/100\n|move|p2a: Garganacl|Recover|p2a: Garganacl\n|-heal|p2a: Garganacl|54\/100\n|\n|-heal|p2a: Garganacl|61\/100|[from] item: Leftovers\n|-damage|p1a: Lucario|0 fnt|[from] Salt Cure\n|faint|p1a: Lucario\n|upkeep\n|-message|Llalal forfeited.\n|\n|win|Fegufegu\n|raw|Llalal's rating: 1204 &rarr; <strong>1186<\/strong><br \/>(-18 for losing)\n|raw|Fegufegu's rating: 1310 &rarr; <strong>1324<\/strong><br \/>(+14 for winning)\n|l|\u2606Llalal\n","uploadtime":1699657173,"views":7,"p1id":"llalal","p2id":"fegufegu","formatid":"gen9nationaldexubers","rating":1186,"private":0,"password":""}