{"id":"gen9nationaldexubers-1978933317","p1":"IConsumeChairs","p2":"Are En Gee","format":"[Gen 9] National Dex Ubers","log":"|j|\u2606IConsumeChairs\n|j|\u2606Are En Gee\n|t:|1698611831\n|gametype|singles\n|player|p1|IConsumeChairs|lucas|1679\n|player|p2|Are En Gee|zinnia|1753\n|teamsize|p1|6\n|teamsize|p2|6\n|gen|9\n|tier|[Gen 9] National Dex Ubers\n|rated|\n|rule|HP Percentage Mod: HP is shown in percentages\n|rule|Endless Battle Clause: Forcing endless battles is banned\n|rule|OHKO Clause: OHKO moves are banned\n|rule|Evasion Moves Clause: Evasion moves are banned\n|rule|Evasion Items Clause: Evasion items are banned\n|rule|Species Clause: Limit one of each Pok\u00e9mon\n|rule|Sleep Clause Mod: Limit one foe put to sleep\n|rule|Mega Rayquaza Clause: You cannot mega evolve Rayquaza\n|clearpoke\n|poke|p1|Palkia-Origin|\n|poke|p1|Groudon|\n|poke|p1|Necrozma-Dusk-Mane|\n|poke|p1|Xerneas-*|\n|poke|p1|Ho-Oh|\n|poke|p1|Yveltal|\n|poke|p2|Zygarde|\n|poke|p2|Arceus-Water|\n|poke|p2|Scizor, F|\n|poke|p2|Ferrothorn, M|\n|poke|p2|Ho-Oh|\n|poke|p2|Ditto|\n|teampreview\n|\n|t:|1698611846\n|start\n|switch|p1a: Yveltal|Yveltal|100\/100\n|switch|p2a: Ho-Oh|Ho-Oh|100\/100\n|-ability|p1a: Yveltal|Dark Aura\n|turn|1\n|\n|t:|1698611853\n|move|p1a: Yveltal|Taunt|p2a: Ho-Oh\n|-start|p2a: Ho-Oh|move: Taunt\n|cant|p2a: Ho-Oh|move: Taunt|Toxic\n|\n|upkeep\n|turn|2\n|\n|t:|1698611857\n|switch|p1a: Groudon|Groudon|100\/100\n|detailschange|p1a: Groudon|Groudon-Primal\n|-primal|p1a: Groudon|Red Orb\n|-weather|DesolateLand|[from] ability: Desolate Land|[of] p1a: Groudon\n|move|p2a: Ho-Oh|Sacred Fire|p1a: Groudon\n|-resisted|p1a: Groudon\n|-damage|p1a: Groudon|83\/100\n|\n|-weather|DesolateLand|[upkeep]\n|upkeep\n|turn|3\n|\n|t:|1698611860\n|switch|p2a: Zygarde|Zygarde|100\/100\n|move|p1a: Groudon|Stealth Rock|p2a: Zygarde\n|-sidestart|p2: Are En Gee|move: Stealth Rock\n|\n|-weather|DesolateLand|[upkeep]\n|upkeep\n|turn|4\n|\n|t:|1698611866\n|-weather|none\n|switch|p1a: Ho-Oh|Ho-Oh|100\/100\n|move|p2a: Zygarde|Thousand Waves|p1a: Ho-Oh\n|-immune|p1a: Ho-Oh\n|\n|upkeep\n|turn|5\n|\n|t:|1698611871\n|switch|p2a: Ho-Oh|Ho-Oh|100\/100\n|move|p1a: Ho-Oh|Toxic|p2a: Ho-Oh\n|-status|p2a: Ho-Oh|tox\n|\n|-damage|p2a: Ho-Oh|94\/100 tox|[from] psn\n|upkeep\n|turn|6\n|\n|t:|1698611876\n|switch|p1a: Groudon|Groudon-Primal|83\/100\n|-weather|DesolateLand|[from] ability: Desolate Land|[of] p1a: Groudon\n|move|p2a: Ho-Oh|Defog|p1a: Groudon\n|-unboost|p1a: Groudon|evasion|1\n|-sideend|p2: Are En Gee|Stealth Rock|[from] move: Defog|[of] p2a: Ho-Oh\n|\n|-weather|DesolateLand|[upkeep]\n|-damage|p2a: Ho-Oh|82\/100 tox|[from] psn\n|upkeep\n|turn|7\n|\n|t:|1698611880\n|switch|p2a: Zygarde|Zygarde|100\/100\n|move|p1a: Groudon|Rock Tomb|p2a: Zygarde\n|-resisted|p2a: Zygarde\n|-damage|p2a: Zygarde|92\/100\n|-unboost|p2a: Zygarde|spe|1\n|\n|-weather|DesolateLand|[upkeep]\n|-heal|p2a: Zygarde|98\/100|[from] item: Leftovers\n|upkeep\n|turn|8\n|\n|t:|1698611884\n|-weather|none\n|switch|p1a: Ho-Oh|Ho-Oh|100\/100\n|move|p2a: Zygarde|Scale Shot|p1a: Ho-Oh\n|-damage|p1a: Ho-Oh|93\/100\n|-damage|p1a: Ho-Oh|85\/100\n|-damage|p1a: Ho-Oh|78\/100\n|-hitcount|p1a: Ho-Oh|3\n|-unboost|p2a: Zygarde|def|1\n|-boost|p2a: Zygarde|spe|1\n|\n|-heal|p2a: Zygarde|100\/100|[from] item: Leftovers\n|upkeep\n|turn|9\n|\n|t:|1698611888\n|switch|p2a: Ho-Oh|Ho-Oh|100\/100 tox\n|move|p1a: Ho-Oh|Sacred Fire|p2a: Ho-Oh\n|-resisted|p2a: Ho-Oh\n|-damage|p2a: Ho-Oh|87\/100 tox\n|\n|-damage|p2a: Ho-Oh|81\/100 tox|[from] psn\n|upkeep\n|turn|10\n|\n|t:|1698611893\n|switch|p1a: Necrozma|Necrozma-Dusk-Mane|100\/100\n|move|p2a: Ho-Oh|Toxic|p1a: Necrozma\n|-immune|p1a: Necrozma\n|\n|-damage|p2a: Ho-Oh|69\/100 tox|[from] psn\n|upkeep\n|turn|11\n|\n|t:|1698611897\n|switch|p1a: Ho-Oh|Ho-Oh|100\/100\n|move|p2a: Ho-Oh|Toxic|p1a: Ho-Oh\n|-status|p1a: Ho-Oh|tox\n|\n|-damage|p1a: Ho-Oh|94\/100 tox|[from] psn\n|-damage|p2a: Ho-Oh|51\/100 tox|[from] psn\n|upkeep\n|turn|12\n|\n|t:|1698611907\n|move|p1a: Ho-Oh|Toxic|p2a: Ho-Oh\n|-fail|p2a: Ho-Oh|tox\n|move|p2a: Ho-Oh|Whirlwind|p1a: Ho-Oh\n|drag|p1a: Groudon|Groudon-Primal|83\/100\n|-weather|DesolateLand|[from] ability: Desolate Land|[of] p1a: Groudon\n|\n|-weather|DesolateLand|[upkeep]\n|-damage|p2a: Ho-Oh|27\/100 tox|[from] psn\n|upkeep\n|turn|13\n|\n|t:|1698611911\n|switch|p2a: Zygarde|Zygarde|100\/100\n|move|p1a: Groudon|Stealth Rock|p2a: Zygarde\n|-sidestart|p2: Are En Gee|move: Stealth Rock\n|\n|-weather|DesolateLand|[upkeep]\n|upkeep\n|turn|14\n|\n|t:|1698611914\n|-weather|none\n|switch|p1a: Ho-Oh|Ho-Oh|100\/100 tox\n|move|p2a: Zygarde|Thousand Waves|p1a: Ho-Oh\n|-immune|p1a: Ho-Oh\n|\n|-damage|p1a: Ho-Oh|94\/100 tox|[from] psn\n|upkeep\n|turn|15\n|\n|t:|1698611920\n|switch|p2a: Ho-Oh|Ho-Oh|60\/100 tox\n|switch|p1a: Necrozma|Necrozma-Dusk-Mane|100\/100\n|\n|-damage|p2a: Ho-Oh|54\/100 tox|[from] psn\n|upkeep\n|turn|16\n|\n|t:|1698611923\n|move|p1a: Necrozma|Stone Edge|p2a: Ho-Oh|[miss]\n|-miss|p1a: Necrozma|p2a: Ho-Oh\n|move|p2a: Ho-Oh|Defog|p1a: Necrozma\n|-unboost|p1a: Necrozma|evasion|1\n|-sideend|p2: Are En Gee|Stealth Rock|[from] move: Defog|[of] p2a: Ho-Oh\n|\n|-damage|p2a: Ho-Oh|42\/100 tox|[from] psn\n|upkeep\n|turn|17\n|c|\u2606IConsumeChairs|always\n|c|\u2606Are En Gee|my name\n|c|\u2606IConsumeChairs|lol\n|\n|t:|1698611936\n|switch|p1a: Ho-Oh|Ho-Oh|100\/100 tox\n|switch|p2a: Scizor|Scizor, F|100\/100\n|\n|-damage|p1a: Ho-Oh|94\/100 tox|[from] psn\n|upkeep\n|turn|18\n|c|\u2606Are En Gee|wouldve got me good tho\n|c|\u2606Are En Gee|i thought it was ultra\n|c|\u2606IConsumeChairs|ye\n|c|\u2606IConsumeChairs|(it is)\n|c|\u2606Are En Gee|LMAO\n|\n|t:|1698611954\n|switch|p1a: Necrozma|Necrozma-Dusk-Mane|100\/100\n|switch|p2a: Ho-Oh|Ho-Oh|75\/100 tox\n|\n|-damage|p2a: Ho-Oh|69\/100 tox|[from] psn\n|upkeep\n|turn|19\n|\n|t:|1698611961\n|switch|p1a: Yveltal|Yveltal|100\/100\n|-ability|p1a: Yveltal|Dark Aura\n|switch|p2a: Scizor|Scizor, F|100\/100\n|\n|upkeep\n|turn|20\n|\n|t:|1698611966\n|detailschange|p2a: Scizor|Scizor-Mega, F\n|-mega|p2a: Scizor|Scizor|Scizorite\n|move|p1a: Yveltal|Dark Pulse|p2a: Scizor\n|-damage|p2a: Scizor|23\/100\n|-damage|p1a: Yveltal|91\/100|[from] item: Life Orb\n|move|p2a: Scizor|Toxic|p1a: Yveltal\n|-status|p1a: Yveltal|tox\n|\n|-damage|p1a: Yveltal|84\/100 tox|[from] psn\n|upkeep\n|turn|21\n|c|\u2606Are En Gee|the ubers meta is switching\n|c|\u2606IConsumeChairs|a lot\n|\n|t:|1698611976\n|switch|p1a: Palkia|Palkia-Origin|100\/100\n|-ability|p1a: Palkia|Pressure\n|switch|p2a: Ho-Oh|Ho-Oh|100\/100 tox\n|\n|-damage|p2a: Ho-Oh|94\/100 tox|[from] psn\n|upkeep\n|turn|22\n|c|\u2606Are En Gee|this shit lowkey fucks up my team\n|\n|t:|1698611986\n|switch|p1a: Ho-Oh|Ho-Oh|100\/100 tox\n|switch|p2a: Ditto|Ditto|100\/100\n|-transform|p2a: Ditto|p1a: Ho-Oh|[from] ability: Imposter\n|\n|-damage|p1a: Ho-Oh|94\/100 tox|[from] psn\n|upkeep\n|turn|23\n|\n|t:|1698611996\n|switch|p2a: Ho-Oh|Ho-Oh|100\/100 tox\n|switch|p1a: Groudon|Groudon-Primal|83\/100\n|-weather|DesolateLand|[from] ability: Desolate Land|[of] p1a: Groudon\n|\n|-weather|DesolateLand|[upkeep]\n|-damage|p2a: Ho-Oh|94\/100 tox|[from] psn\n|upkeep\n|turn|24\n|\n|t:|1698612003\n|switch|p2a: Zygarde|Zygarde|100\/100\n|move|p1a: Groudon|Stealth Rock|p2a: Zygarde\n|-sidestart|p2: Are En Gee|move: Stealth Rock\n|\n|-weather|DesolateLand|[upkeep]\n|upkeep\n|turn|25\n|\n|t:|1698612007\n|-weather|none\n|switch|p1a: Ho-Oh|Ho-Oh|100\/100 tox\n|move|p2a: Zygarde|Coil|p2a: Zygarde\n|-boost|p2a: Zygarde|atk|1\n|-boost|p2a: Zygarde|def|1\n|-boost|p2a: Zygarde|accuracy|1\n|\n|-damage|p1a: Ho-Oh|94\/100 tox|[from] psn\n|upkeep\n|turn|26\n|\n|t:|1698612013\n|move|p2a: Zygarde|Scale Shot|p1a: Ho-Oh\n|-damage|p1a: Ho-Oh|84\/100 tox\n|-damage|p1a: Ho-Oh|73\/100 tox\n|-damage|p1a: Ho-Oh|63\/100 tox\n|-hitcount|p1a: Ho-Oh|3\n|-unboost|p2a: Zygarde|def|1\n|-boost|p2a: Zygarde|spe|1\n|move|p1a: Ho-Oh|Whirlwind|p2a: Zygarde\n|drag|p2a: Ditto|Ditto|100\/100\n|-damage|p2a: Ditto|88\/100|[from] Stealth Rock\n|-transform|p2a: Ditto|p1a: Ho-Oh|[from] ability: Imposter\n|\n|-damage|p1a: Ho-Oh|51\/100 tox|[from] psn\n|upkeep\n|turn|27\n|\n|t:|1698612020\n|move|p2a: Ditto|Defog|p1a: Ho-Oh\n|-unboost|p1a: Ho-Oh|evasion|1\n|-sideend|p2: Are En Gee|Stealth Rock|[from] move: Defog|[of] p2a: Ditto\n|move|p1a: Ho-Oh|Toxic|p2a: Ditto|[miss]\n|-miss|p1a: Ho-Oh|p2a: Ditto\n|\n|-damage|p1a: Ho-Oh|33\/100 tox|[from] psn\n|upkeep\n|turn|28\n|c|\u2606Are En Gee|man\n|\n|t:|1698612032\n|switch|p2a: Ferrothorn|Ferrothorn, M|100\/100\n|switch|p1a: Groudon|Groudon-Primal|83\/100\n|-weather|DesolateLand|[from] ability: Desolate Land|[of] p1a: Groudon\n|\n|-weather|DesolateLand|[upkeep]\n|upkeep\n|turn|29\n|\n|t:|1698612046\n|move|p1a: Groudon|Stealth Rock|p2a: Ferrothorn\n|-sidestart|p2: Are En Gee|move: Stealth Rock\n|move|p2a: Ferrothorn|Toxic|p1a: Groudon\n|-status|p1a: Groudon|tox\n|\n|-weather|DesolateLand|[upkeep]\n|-damage|p1a: Groudon|76\/100 tox|[from] psn\n|upkeep\n|turn|30\n|\n|t:|1698612054\n|-weather|none\n|switch|p1a: Necrozma|Necrozma-Dusk-Mane|100\/100\n|switch|p2a: Zygarde|Zygarde|100\/100\n|-damage|p2a: Zygarde|94\/100|[from] Stealth Rock\n|\n|-heal|p2a: Zygarde|100\/100|[from] item: Leftovers\n|upkeep\n|turn|31\n|\n|t:|1698612060\n|switch|p1a: Xerneas|Xerneas|100\/100\n|-ability|p1a: Xerneas|Fairy Aura\n|move|p2a: Zygarde|Thousand Waves|p1a: Xerneas\n|-damage|p1a: Xerneas|73\/100\n|-activate|p1a: Xerneas|trapped\n|\n|upkeep\n|turn|32\n|\n|t:|1698612063\n|switch|p2a: Ferrothorn|Ferrothorn, M|100\/100\n|-damage|p2a: Ferrothorn|94\/100|[from] Stealth Rock\n|move|p1a: Xerneas|Aromatherapy|p1a: Xerneas\n|-activate|p1a: Xerneas|move: Aromatherapy\n|-curestatus|p1: Groudon|tox|[msg]\n|-curestatus|p1: Ho-Oh|tox|[msg]\n|-curestatus|p1: Yveltal|tox|[msg]\n|\n|-heal|p2a: Ferrothorn|100\/100|[from] item: Leftovers\n|upkeep\n|turn|33\n|\n|t:|1698612072\n|switch|p1a: Ho-Oh|Ho-Oh|66\/100\n|move|p2a: Ferrothorn|Leech Seed|p1a: Ho-Oh\n|-start|p1a: Ho-Oh|move: Leech Seed\n|\n|-damage|p1a: Ho-Oh|54\/100|[from] Leech Seed|[of] p2a: Ferrothorn\n|upkeep\n|turn|34\n|\n|t:|1698612083\n|switch|p1a: Palkia|Palkia-Origin|100\/100\n|-ability|p1a: Palkia|Pressure\n|switch|p2a: Ho-Oh|Ho-Oh|100\/100 tox\n|\n|-damage|p2a: Ho-Oh|94\/100 tox|[from] psn\n|upkeep\n|turn|35\n|\n|t:|1698612093\n|switch|p1a: Ho-Oh|Ho-Oh|87\/100\n|switch|p2a: Ferrothorn|Ferrothorn, M|100\/100\n|-damage|p2a: Ferrothorn|94\/100|[from] Stealth Rock\n|\n|-heal|p2a: Ferrothorn|100\/100|[from] item: Leftovers\n|upkeep\n|turn|36\n|\n|t:|1698612101\n|switch|p2a: Ho-Oh|Ho-Oh|100\/100 tox\n|move|p1a: Ho-Oh|Sacred Fire|p2a: Ho-Oh\n|-resisted|p2a: Ho-Oh\n|-damage|p2a: Ho-Oh|86\/100 tox\n|\n|-damage|p2a: Ho-Oh|80\/100 tox|[from] psn\n|upkeep\n|turn|37\n|\n|t:|1698612106\n|switch|p1a: Necrozma|Necrozma-Dusk-Mane|100\/100\n|move|p2a: Ho-Oh|Defog|p1a: Necrozma\n|-unboost|p1a: Necrozma|evasion|1\n|-sideend|p2: Are En Gee|Stealth Rock|[from] move: Defog|[of] p2a: Ho-Oh\n|\n|-damage|p2a: Ho-Oh|68\/100 tox|[from] psn\n|upkeep\n|turn|38\n|\n|t:|1698612112\n|switch|p2a: Scizor|Scizor-Mega, F|23\/100\n|move|p1a: Necrozma|Photon Geyser|p2a: Scizor\n|-resisted|p2a: Scizor\n|-damage|p2a: Scizor|5\/100\n|\n|upkeep\n|turn|39\n|\n|t:|1698612118\n|switch|p2a: Ferrothorn|Ferrothorn, M|100\/100\n|move|p1a: Necrozma|Earthquake|p2a: Ferrothorn\n|-damage|p2a: Ferrothorn|65\/100\n|\n|-heal|p2a: Ferrothorn|72\/100|[from] item: Leftovers\n|upkeep\n|turn|40\n|\n|t:|1698612125\n|switch|p1a: Yveltal|Yveltal|84\/100\n|-ability|p1a: Yveltal|Dark Aura\n|move|p2a: Ferrothorn|Spikes|p1a: Yveltal\n|-sidestart|p1: IConsumeChairs|Spikes\n|\n|-heal|p2a: Ferrothorn|78\/100|[from] item: Leftovers\n|upkeep\n|turn|41\n|\n|t:|1698612133\n|move|p1a: Yveltal|Oblivion Wing|p2a: Ferrothorn\n|-damage|p2a: Ferrothorn|47\/100\n|-heal|p1a: Yveltal|100\/100|[from] drain|[of] p2a: Ferrothorn\n|-damage|p1a: Yveltal|91\/100|[from] item: Life Orb\n|move|p2a: Ferrothorn|Leech Seed|p1a: Yveltal|[miss]\n|-miss|p2a: Ferrothorn|p1a: Yveltal\n|\n|-heal|p2a: Ferrothorn|53\/100|[from] item: Leftovers\n|upkeep\n|turn|42\n|\n|t:|1698612142\n|move|p1a: Yveltal|Taunt|p2a: Ferrothorn\n|-start|p2a: Ferrothorn|move: Taunt\n|cant|p2a: Ferrothorn|move: Taunt|Toxic\n|\n|-heal|p2a: Ferrothorn|59\/100|[from] item: Leftovers\n|upkeep\n|turn|43\n|\n|t:|1698612145\n|switch|p2a: Ho-Oh|Ho-Oh|100\/100 tox\n|move|p1a: Yveltal|Oblivion Wing|p2a: Ho-Oh\n|-damage|p2a: Ho-Oh|68\/100 tox\n|-heal|p1a: Yveltal|100\/100|[from] drain|[of] p2a: Ho-Oh\n|-damage|p1a: Yveltal|91\/100|[from] item: Life Orb\n|\n|-damage|p2a: Ho-Oh|62\/100 tox|[from] psn\n|upkeep\n|turn|44\n|\n|t:|1698612149\n|move|p1a: Yveltal|Dark Pulse|p2a: Ho-Oh\n|-damage|p2a: Ho-Oh|25\/100 tox\n|-damage|p1a: Yveltal|81\/100|[from] item: Life Orb\n|move|p2a: Ho-Oh|Whirlwind|p1a: Yveltal\n|drag|p1a: Groudon|Groudon-Primal|76\/100\n|-damage|p1a: Groudon|64\/100|[from] Spikes\n|-weather|DesolateLand|[from] ability: Desolate Land|[of] p1a: Groudon\n|\n|-weather|DesolateLand|[upkeep]\n|-damage|p2a: Ho-Oh|13\/100 tox|[from] psn\n|upkeep\n|turn|45\n|\n|t:|1698612156\n|-weather|none\n|switch|p1a: Yveltal|Yveltal|81\/100\n|-ability|p1a: Yveltal|Dark Aura\n|switch|p2a: Zygarde|Zygarde|100\/100\n|\n|upkeep\n|turn|46\n|\n|t:|1698612161\n|move|p1a: Yveltal|Dark Pulse|p2a: Zygarde\n|-damage|p2a: Zygarde|29\/100\n|-damage|p1a: Yveltal|71\/100|[from] item: Life Orb\n|move|p2a: Zygarde|Scale Shot|p1a: Yveltal\n|-damage|p1a: Yveltal|60\/100\n|-damage|p1a: Yveltal|49\/100\n|-hitcount|p1a: Yveltal|2\n|-unboost|p2a: Zygarde|def|1\n|-boost|p2a: Zygarde|spe|1\n|\n|-heal|p2a: Zygarde|35\/100|[from] item: Leftovers\n|-activate|p2a: Zygarde|ability: Power Construct\n|detailschange|p2a: Zygarde|Zygarde-Complete\n|-heal|p2a: Zygarde|59\/100|[silent]\n|upkeep\n|turn|47\n|\n|t:|1698612175\n|move|p2a: Zygarde|Coil|p2a: Zygarde\n|-boost|p2a: Zygarde|atk|1\n|-boost|p2a: Zygarde|def|1\n|-boost|p2a: Zygarde|accuracy|1\n|move|p1a: Yveltal|Oblivion Wing|p2a: Zygarde\n|-damage|p2a: Zygarde|28\/100\n|-heal|p1a: Yveltal|84\/100|[from] drain|[of] p2a: Zygarde\n|-damage|p1a: Yveltal|74\/100|[from] item: Life Orb\n|\n|-heal|p2a: Zygarde|34\/100|[from] item: Leftovers\n|upkeep\n|turn|48\n|\n|t:|1698612185\n|move|p2a: Zygarde|Scale Shot|p1a: Yveltal\n|-damage|p1a: Yveltal|58\/100\n|-damage|p1a: Yveltal|42\/100\n|-damage|p1a: Yveltal|25\/100\n|-damage|p1a: Yveltal|10\/100\n|-hitcount|p1a: Yveltal|4\n|-unboost|p2a: Zygarde|def|1\n|-boost|p2a: Zygarde|spe|1\n|move|p1a: Yveltal|Dark Pulse|p2a: Zygarde\n|-damage|p2a: Zygarde|0 fnt\n|faint|p2a: Zygarde\n|-damage|p1a: Yveltal|0 fnt|[from] item: Life Orb\n|faint|p1a: Yveltal\n|\n|upkeep\n|\n|t:|1698612191\n|switch|p1a: Ho-Oh|Ho-Oh|100\/100\n|switch|p2a: Ho-Oh|Ho-Oh|46\/100 tox\n|turn|49\n|\n|t:|1698612194\n|move|p1a: Ho-Oh|Defog|p2a: Ho-Oh\n|-unboost|p2a: Ho-Oh|evasion|1\n|-sideend|p1: IConsumeChairs|Spikes|[from] move: Defog|[of] p1a: Ho-Oh\n|move|p2a: Ho-Oh|Toxic|p1a: Ho-Oh\n|-status|p1a: Ho-Oh|tox\n|\n|-damage|p2a: Ho-Oh|40\/100 tox|[from] psn\n|-damage|p1a: Ho-Oh|94\/100 tox|[from] psn\n|upkeep\n|turn|50\n|\n|t:|1698612208\n|switch|p2a: Ditto|Ditto|100\/100\n|-transform|p2a: Ditto|p1a: Ho-Oh|[from] ability: Imposter\n|switch|p1a: Palkia|Palkia-Origin|100\/100\n|-ability|p1a: Palkia|Pressure\n|\n|upkeep\n|turn|51\n|\n|t:|1698612218\n|switch|p2a: Arceus|Arceus-Water|100\/100\n|move|p1a: Palkia|Hydro Pump|p2a: Arceus\n|-resisted|p2a: Arceus\n|-crit|p2a: Arceus\n|-damage|p2a: Arceus|66\/100\n|\n|upkeep\n|turn|52\n|\n|t:|1698612223\n|move|p1a: Palkia|Spacial Rend|p2a: Arceus\n|-crit|p2a: Arceus\n|-damage|p2a: Arceus|0 fnt\n|faint|p2a: Arceus\n|\n|upkeep\n|\n|t:|1698612226\n|switch|p2a: Ditto|Ditto|100\/100\n|-transform|p2a: Ditto|p1a: Palkia|[from] ability: Imposter\n|-ability|p2a: Ditto|Pressure\n|turn|53\n|\n|t:|1698612230\n|-terastallize|p1a: Palkia|Water\n|move|p2a: Ditto|Fire Blast|p1a: Palkia\n|-resisted|p1a: Palkia\n|-damage|p1a: Palkia|82\/100\n|move|p1a: Palkia|Spacial Rend|p2a: Ditto\n|-supereffective|p2a: Ditto\n|-damage|p2a: Ditto|0 fnt\n|faint|p2a: Ditto\n|\n|upkeep\n|c|\u2606Are En Gee|gg\n|-message|Are En Gee forfeited.\n|\n|win|IConsumeChairs\n|raw|IConsumeChairs's rating: 1679 &rarr; <strong>1703<\/strong><br \/>(+24 for winning)\n|raw|Are En Gee's rating: 1753 &rarr; <strong>1729<\/strong><br \/>(-24 for losing)\n","uploadtime":1698611983,"views":10,"p1id":"iconsumechairs","p2id":"areengee","formatid":"gen9nationaldexubers","rating":1703,"private":0,"password":""}