{"id":"gen9nationaldexubers-1984179127","p1":"seejay6","p2":"PayForRhystic","format":"[Gen 9] National Dex Ubers","log":"|j|\u2606seejay6\n|j|\u2606PayForRhystic\n|t:|1699227062\n|gametype|singles\n|player|p1|seejay6|caitlin|\n|player|p2|PayForRhystic|riley|\n|teamsize|p1|6\n|teamsize|p2|6\n|gen|9\n|tier|[Gen 9] National Dex Ubers\n|rule|HP Percentage Mod: HP is shown in percentages\n|rule|Endless Battle Clause: Forcing endless battles is banned\n|rule|OHKO Clause: OHKO moves are banned\n|rule|Evasion Moves Clause: Evasion moves are banned\n|rule|Evasion Items Clause: Evasion items are banned\n|rule|Species Clause: Limit one of each Pok\u00e9mon\n|rule|Sleep Clause Mod: Limit one foe put to sleep\n|rule|Mega Rayquaza Clause: You cannot mega evolve Rayquaza\n|clearpoke\n|poke|p1|Altaria, M|\n|poke|p1|Lilligant-Hisui, F|\n|poke|p1|Torkoal, M|\n|poke|p1|Klefki, M|\n|poke|p1|Sandy Shocks|\n|poke|p1|Weavile, M|\n|poke|p2|Blaziken, M|\n|poke|p2|Meowscarada, M|\n|poke|p2|Clodsire, M|\n|poke|p2|Gholdengo|\n|poke|p2|Latios, M|\n|poke|p2|Florges, F|\n|teampreview\n|c|\u2606seejay6|okay once more but with feeling\n|\n|t:|1699227074\n|start\n|switch|p1a: Reginald|Torkoal, M|100\/100\n|switch|p2a: Kung Pao|Blaziken, M|100\/100\n|-weather|SunnyDay|[from] ability: Drought|[of] p1a: Reginald\n|turn|1\n|c|\u2606PayForRhystic|can you drop lin\n|c|\u2606PayForRhystic|i got it\n|c|\u2606seejay6|ye\n|j| logbake2\n|c|\u2606seejay6|ope\n|j| Brockplazz\n|\n|t:|1699227150\n|switch|p1a: Nimbus|Altaria, M, shiny|100\/100\n|move|p2a: Kung Pao|Swords Dance|p2a: Kung Pao\n|-boost|p2a: Kung Pao|atk|2\n|\n|-weather|SunnyDay|[upkeep]\n|-ability|p2a: Kung Pao|Speed Boost|boost\n|-boost|p2a: Kung Pao|spe|1\n|upkeep\n|turn|2\n|\n|t:|1699227220\n|detailschange|p1a: Nimbus|Altaria-Mega, M, shiny\n|-mega|p1a: Nimbus|Altaria|Altarianite\n|move|p2a: Kung Pao|Poison Jab|p1a: Nimbus\n|-supereffective|p1a: Nimbus\n|-damage|p1a: Nimbus|3\/100\n|move|p1a: Nimbus|Earthquake|p2a: Kung Pao\n|-supereffective|p2a: Kung Pao\n|-damage|p2a: Kung Pao|5\/100\n|\n|-weather|SunnyDay|[upkeep]\n|-ability|p2a: Kung Pao|Speed Boost|boost\n|-boost|p2a: Kung Pao|spe|1\n|upkeep\n|turn|3\n|\n|t:|1699227376\n|switch|p1a: Fob|Klefki, M, shiny|100\/100\n|move|p2a: Kung Pao|Fire Punch|p1a: Fob\n|-supereffective|p1a: Fob\n|-damage|p1a: Fob|0 fnt\n|faint|p1a: Fob\n|\n|-weather|SunnyDay|[upkeep]\n|-ability|p2a: Kung Pao|Speed Boost|boost\n|-boost|p2a: Kung Pao|spe|1\n|upkeep\n|\n|t:|1699227384\n|switch|p1a: Kat|Weavile, M|100\/100\n|-ability|p1a: Kat|Pressure\n|turn|4\n|\n|t:|1699227410\n|move|p1a: Kat|Ice Shard|p2a: Kung Pao\n|-resisted|p2a: Kung Pao\n|-damage|p2a: Kung Pao|0 fnt\n|faint|p2a: Kung Pao\n|\n|-weather|SunnyDay|[upkeep]\n|upkeep\n|\n|t:|1699227418\n|switch|p2a: That Stupid Smile|Gholdengo|100\/100\n|turn|5\n|\n|t:|1699227456\n|switch|p1a: Blinky|Sandy Shocks|100\/100\n|-activate|p1a: Blinky|ability: Protosynthesis\n|-start|p1a: Blinky|protosynthesisspa\n|move|p2a: That Stupid Smile|Make It Rain|p1a: Blinky\n|-resisted|p1a: Blinky\n|-damage|p1a: Blinky|60\/100\n|-unboost|p2a: That Stupid Smile|spa|1\n|\n|-weather|SunnyDay|[upkeep]\n|upkeep\n|turn|6\n|\n|t:|1699227497\n|switch|p2a: Boy-Coded|Latios, M, shiny|100\/100\n|move|p1a: Blinky|Volt Switch|p2a: Boy-Coded\n|-resisted|p2a: Boy-Coded\n|-damage|p2a: Boy-Coded|78\/100\n|\n|t:|1699227505\n|-end|p1a: Blinky|Protosynthesis|[silent]\n|switch|p1a: Kat|Weavile, M|100\/100|[from] Volt Switch\n|-ability|p1a: Kat|Pressure\n|\n|-weather|SunnyDay|[upkeep]\n|upkeep\n|turn|7\n|\n|t:|1699227589\n|switch|p2a: Sylveon but Tall|Florges, F, shiny|100\/100\n|move|p1a: Kat|Ice Spinner|p2a: Sylveon but Tall\n|-damage|p2a: Sylveon but Tall|54\/100\n|\n|-weather|SunnyDay|[upkeep]\n|-heal|p2a: Sylveon but Tall|60\/100|[from] item: Leftovers\n|upkeep\n|turn|8\n|\n|t:|1699227627\n|move|p1a: Kat|Ice Spinner|p2a: Sylveon but Tall\n|-damage|p2a: Sylveon but Tall|11\/100\n|move|p2a: Sylveon but Tall|Wish|p2a: Sylveon but Tall\n|\n|-weather|none\n|-heal|p2a: Sylveon but Tall|17\/100|[from] item: Leftovers\n|upkeep\n|turn|9\n|\n|t:|1699227639\n|move|p2a: Sylveon but Tall|Protect|p2a: Sylveon but Tall\n|-singleturn|p2a: Sylveon but Tall|Protect\n|move|p1a: Kat|Ice Spinner|p2a: Sylveon but Tall\n|-activate|p2a: Sylveon but Tall|move: Protect\n|\n|-heal|p2a: Sylveon but Tall|67\/100|[from] move: Wish|[wisher] Sylveon but Tall\n|-heal|p2a: Sylveon but Tall|73\/100|[from] item: Leftovers\n|upkeep\n|turn|10\n|\n|t:|1699227654\n|move|p1a: Kat|Ice Spinner|p2a: Sylveon but Tall\n|-damage|p2a: Sylveon but Tall|18\/100\n|move|p2a: Sylveon but Tall|Moonblast|p1a: Kat\n|-supereffective|p1a: Kat\n|-damage|p1a: Kat|7\/100\n|\n|-heal|p2a: Sylveon but Tall|24\/100|[from] item: Leftovers\n|upkeep\n|turn|11\n|\n|t:|1699227667\n|move|p2a: Sylveon but Tall|Protect|p2a: Sylveon but Tall\n|-singleturn|p2a: Sylveon but Tall|Protect\n|move|p1a: Kat|Ice Spinner|p2a: Sylveon but Tall\n|-activate|p2a: Sylveon but Tall|move: Protect\n|\n|-heal|p2a: Sylveon but Tall|30\/100|[from] item: Leftovers\n|upkeep\n|turn|12\n|\n|t:|1699227675\n|move|p1a: Kat|Ice Spinner|p2a: Sylveon but Tall\n|-damage|p2a: Sylveon but Tall|0 fnt\n|faint|p2a: Sylveon but Tall\n|\n|upkeep\n|\n|t:|1699227680\n|switch|p2a: That Stupid Smile|Gholdengo|100\/100\n|turn|13\n|\n|t:|1699227702\n|switch|p1a: Blinky|Sandy Shocks|60\/100\n|move|p2a: That Stupid Smile|Make It Rain|p1a: Blinky\n|-resisted|p1a: Blinky\n|-damage|p1a: Blinky|13\/100\n|-unboost|p2a: That Stupid Smile|spa|1\n|\n|upkeep\n|turn|14\n|\n|t:|1699227739\n|move|p1a: Blinky|Earth Power|p2a: That Stupid Smile\n|-supereffective|p2a: That Stupid Smile\n|-damage|p2a: That Stupid Smile|0 fnt\n|faint|p2a: That Stupid Smile\n|\n|upkeep\n|\n|t:|1699227748\n|switch|p2a: Greninja but CAT|Meowscarada, M, shiny|100\/100\n|turn|15\n|l| Brockplazz\n|j| Brockplazz\n|\n|t:|1699227809\n|-end|p1a: Blinky|Protosynthesis|[silent]\n|switch|p1a: Reginald|Torkoal, M|100\/100\n|-weather|SunnyDay|[from] ability: Drought|[of] p1a: Reginald\n|move|p2a: Greninja but CAT|Play Rough|p1a: Reginald\n|-start|p2a: Greninja but CAT|typechange|Fairy|[from] ability: Protean\n|-resisted|p1a: Reginald\n|-damage|p1a: Reginald|84\/100\n|\n|-weather|SunnyDay|[upkeep]\n|upkeep\n|turn|16\n|\n|t:|1699227823\n|switch|p2a: Boy-Coded|Latios, M, shiny|78\/100\n|move|p1a: Reginald|Will-O-Wisp|p2a: Boy-Coded\n|-status|p2a: Boy-Coded|brn\n|\n|-weather|SunnyDay|[upkeep]\n|-damage|p2a: Boy-Coded|72\/100 brn|[from] brn\n|upkeep\n|turn|17\n|\n|t:|1699227846\n|switch|p2a: Our Lard and Savor|Clodsire, M, shiny|100\/100\n|switch|p1a: Blinky|Sandy Shocks|13\/100\n|-activate|p1a: Blinky|ability: Protosynthesis\n|-start|p1a: Blinky|protosynthesisspa\n|\n|-weather|SunnyDay|[upkeep]\n|upkeep\n|turn|18\n|\n|t:|1699227866\n|switch|p2a: Boy-Coded|Latios, M, shiny|72\/100 brn\n|move|p1a: Blinky|Volt Switch|p2a: Boy-Coded\n|-resisted|p2a: Boy-Coded\n|-damage|p2a: Boy-Coded|48\/100 brn\n|\n|t:|1699227875\n|-end|p1a: Blinky|Protosynthesis|[silent]\n|switch|p1a: Ino|Lilligant-Hisui, F, shiny|100\/100|[from] Volt Switch\n|\n|-weather|SunnyDay|[upkeep]\n|-damage|p2a: Boy-Coded|42\/100 brn|[from] brn\n|upkeep\n|turn|19\n|\n|t:|1699227898\n|switch|p2a: Our Lard and Savor|Clodsire, M, shiny|100\/100\n|move|p1a: Ino|Ice Spinner|p2a: Our Lard and Savor\n|-supereffective|p2a: Our Lard and Savor\n|-damage|p2a: Our Lard and Savor|47\/100\n|\n|-weather|SunnyDay|[upkeep]\n|-heal|p2a: Our Lard and Savor|53\/100|[from] item: Leftovers\n|upkeep\n|turn|20\n|\n|t:|1699227910\n|move|p1a: Ino|Ice Spinner|p2a: Our Lard and Savor\n|-supereffective|p2a: Our Lard and Savor\n|-damage|p2a: Our Lard and Savor|1\/100\n|move|p2a: Our Lard and Savor|Toxic|p1a: Ino\n|-status|p1a: Ino|tox\n|\n|-weather|SunnyDay|[upkeep]\n|-heal|p2a: Our Lard and Savor|7\/100|[from] item: Leftovers\n|-damage|p1a: Ino|94\/100 tox|[from] psn\n|upkeep\n|turn|21\n|\n|t:|1699227919\n|move|p1a: Ino|Ice Spinner|p2a: Our Lard and Savor\n|-supereffective|p2a: Our Lard and Savor\n|-damage|p2a: Our Lard and Savor|0 fnt\n|faint|p2a: Our Lard and Savor\n|\n|-weather|SunnyDay|[upkeep]\n|-damage|p1a: Ino|82\/100 tox|[from] psn\n|upkeep\n|\n|t:|1699227927\n|switch|p2a: Greninja but CAT|Meowscarada, M, shiny|100\/100\n|turn|22\n|\n|t:|1699227941\n|move|p1a: Ino|Close Combat|p2a: Greninja but CAT\n|-supereffective|p2a: Greninja but CAT\n|-damage|p2a: Greninja but CAT|0 fnt\n|-unboost|p1a: Ino|def|1\n|-unboost|p1a: Ino|spd|1\n|faint|p2a: Greninja but CAT\n|\n|-weather|none\n|-damage|p1a: Ino|64\/100 tox|[from] psn\n|upkeep\n|\n|t:|1699227949\n|switch|p2a: Boy-Coded|Latios, M, shiny|42\/100 brn\n|turn|23\n|\n|t:|1699227956\n|detailschange|p2a: Boy-Coded|Latios-Mega, M, shiny\n|-mega|p2a: Boy-Coded|Latios|Latiosite\n|move|p2a: Boy-Coded|Ice Beam|p1a: Ino\n|-supereffective|p1a: Ino\n|-damage|p1a: Ino|0 fnt\n|faint|p1a: Ino\n|\n|-damage|p2a: Boy-Coded|36\/100 brn|[from] brn\n|upkeep\n|\n|t:|1699227960\n|switch|p1a: Kat|Weavile, M|7\/100\n|-ability|p1a: Kat|Pressure\n|turn|24\n|\n|t:|1699227980\n|move|p1a: Kat|Ice Shard|p2a: Boy-Coded\n|-supereffective|p2a: Boy-Coded\n|-damage|p2a: Boy-Coded|0 fnt\n|faint|p2a: Boy-Coded\n|\n|win|seejay6\n|c|\u2606PayForRhystic|whnat a game\n|c|\u2606seejay6|i was so scared\n|l| Brockplazz\n|c|\u2606PayForRhystic|losing gholdengo really hurt for me\n|c|\u2606seejay6|that blaziken right off the bat had me in a tight spot\n|c|\u2606PayForRhystic|it kinda sucks i lost the roll on the altaria\n|c|\u2606seejay6|was not ready for poison jab\n|c|\u2606PayForRhystic|spiocy teck\n|c|\u2606seejay6|fr\n|c|\u2606seejay6|gg my guy\n|c|\u2606PayForRhystic|i had fire punch poison hjab and earthquake\n|l| logbake2\n|player|p1|seejay6|caitlin\n|j| Brockplazz\n|player|p2|PayForRhystic|riley\n|l| Brockplazz\n","uploadtime":1699228138,"views":7,"p1id":"seejay6","p2id":"payforrhystic","formatid":"gen9nationaldexubers","rating":0,"private":0,"password":""}