{"id":"gen9nationaldexubers-1987184421","p1":"Standardbandard23","p2":"hollyxkid","format":"[Gen 9] National Dex Ubers","log":"|j|\u2606Standardbandard23\n|j|\u2606hollyxkid\n|t:|1699563220\n|gametype|singles\n|player|p1|Standardbandard23|steven|\n|player|p2|hollyxkid|lady|\n|teamsize|p1|6\n|teamsize|p2|6\n|gen|9\n|tier|[Gen 9] National Dex Ubers\n|rule|HP Percentage Mod: HP is shown in percentages\n|rule|Endless Battle Clause: Forcing endless battles is banned\n|rule|OHKO Clause: OHKO moves are banned\n|rule|Evasion Moves Clause: Evasion moves are banned\n|rule|Evasion Items Clause: Evasion items are banned\n|rule|Species Clause: Limit one of each Pok\u00e9mon\n|rule|Sleep Clause Mod: Limit one foe put to sleep\n|rule|Mega Rayquaza Clause: You cannot mega evolve Rayquaza\n|clearpoke\n|poke|p1|Nihilego|\n|poke|p1|Xurkitree|\n|poke|p1|Buzzwole|\n|poke|p1|Blacephalon|\n|poke|p1|Stakataka|\n|poke|p1|Celesteela|\n|poke|p2|Lopunny, F|\n|poke|p2|Blissey, F|\n|poke|p2|Ditto|\n|poke|p2|Zoroark-Hisui, F|\n|poke|p2|Staraptor, F|\n|poke|p2|Ursaluna-Bloodmoon, M|\n|teampreview\n|c|\u2606Standardbandard23|tera flying nihil\n|c|\u2606Standardbandard23|glhf\n|c|\u2606hollyxkid|it's the beast team!\n|c|\u2606hollyxkid|glhf\n|c|\u2606Standardbandard23|indeed it is\n|c|\u2606Standardbandard23|it's back\n|\n|t:|1699563252\n|start\n|switch|p1a: Its not a moon|Celesteela|100\/100\n|switch|p2a: Jackie|Lopunny, F|100\/100\n|turn|1\n|\n|t:|1699563263\n|detailschange|p2a: Jackie|Lopunny-Mega, F\n|-mega|p2a: Jackie|Lopunny|Lopunnite\n|move|p1a: Its not a moon|Protect|p1a: Its not a moon\n|-singleturn|p1a: Its not a moon|Protect\n|move|p2a: Jackie|Fake Out|p1a: Its not a moon\n|-activate|p1a: Its not a moon|move: Protect\n|\n|upkeep\n|turn|2\n|\n|t:|1699563269\n|move|p2a: Jackie|U-turn|p1a: Its not a moon\n|-resisted|p1a: Its not a moon\n|-damage|p1a: Its not a moon|97\/100\n|\n|t:|1699563276\n|switch|p2a: Tess|Blissey, F|100\/100|[from] U-turn\n|move|p1a: Its not a moon|Leech Seed|p2a: Tess\n|-start|p2a: Tess|move: Leech Seed\n|\n|-heal|p1a: Its not a moon|100\/100|[from] item: Leftovers\n|-damage|p2a: Tess|88\/100|[from] Leech Seed|[of] p1a: Its not a moon\n|upkeep\n|turn|3\n|\n|t:|1699563298\n|move|p1a: Its not a moon|Earthquake|p2a: Tess\n|-crit|p2a: Tess\n|-damage|p2a: Tess|58\/100\n|move|p2a: Tess|Teleport|p2a: Tess\n|\n|t:|1699563303\n|switch|p2a: Frank|Ursaluna-Bloodmoon, M|100\/100|[from] Teleport\n|\n|upkeep\n|turn|4\n|\n|t:|1699563310\n|move|p2a: Frank|Nasty Plot|p2a: Frank\n|-boost|p2a: Frank|spa|2\n|move|p1a: Its not a moon|Leech Seed|p2a: Frank\n|-start|p2a: Frank|move: Leech Seed\n|\n|-damage|p2a: Frank|88\/100|[from] Leech Seed|[of] p1a: Its not a moon\n|upkeep\n|turn|5\n|\n|t:|1699563338\n|move|p1a: Its not a moon|Protect|p1a: Its not a moon\n|-singleturn|p1a: Its not a moon|Protect\n|move|p2a: Frank|Flamethrower|p1a: Its not a moon\n|-activate|p1a: Its not a moon|move: Protect\n|\n|-damage|p2a: Frank|76\/100|[from] Leech Seed|[of] p1a: Its not a moon\n|upkeep\n|turn|6\n|c|\u2606Standardbandard23|i forgot to change evs FRICK\n|c|\u2606Standardbandard23|i think i lose...\n|c|\u2606Standardbandard23|we'll see\n|\n|t:|1699563418\n|switch|p1a: Kilua|Xurkitree|100\/100\n|move|p2a: Frank|Shadow Ball|p1a: Kilua\n|-damage|p1a: Kilua|0 fnt\n|faint|p1a: Kilua\n|\n|upkeep\n|\n|t:|1699563437\n|switch|p1a: Scotty|Nihilego|100\/100\n|turn|7\n|\n|t:|1699563447\n|move|p2a: Frank|Shadow Ball|p1a: Scotty\n|-damage|p1a: Scotty|34\/100\n|move|p1a: Scotty|Meteor Beam||[still]\n|-prepare|p1a: Scotty|Meteor Beam\n|-boost|p1a: Scotty|spa|1\n|-enditem|p1a: Scotty|Power Herb\n|-anim|p1a: Scotty|Meteor Beam|p2a: Frank\n|-damage|p2a: Frank|0 fnt\n|replace|p2a: Damien|Zoroark-Hisui, F\n|-end|p2a: Damien|Illusion\n|faint|p2a: Damien\n|-ability|p1a: Scotty|Beast Boost|boost\n|-boost|p1a: Scotty|spa|1\n|\n|upkeep\n|\n|t:|1699563459\n|switch|p2a: Jackie|Lopunny-Mega, F|100\/100\n|turn|8\n|\n|t:|1699563466\n|switch|p1a: Yes Rico...Kaboom|Blacephalon|100\/100\n|move|p2a: Jackie|Fake Out|p1a: Yes Rico...Kaboom\n|-damage|p1a: Yes Rico...Kaboom|41\/100\n|\n|upkeep\n|turn|9\n|c|\u2606Standardbandard23|i totally forgot about scrappy\n|c|\u2606Standardbandard23|as you can probably tell\n|\n|t:|1699563488\n|switch|p2a: Tess|Blissey, F|58\/100\n|move|p1a: Yes Rico...Kaboom|Psychic|p2a: Tess\n|-damage|p2a: Tess|45\/100\n|\n|upkeep\n|turn|10\n|\n|t:|1699563507\n|move|p1a: Yes Rico...Kaboom|Flamethrower|p2a: Tess\n|-damage|p2a: Tess|26\/100\n|move|p2a: Tess|Soft-Boiled|p2a: Tess\n|-heal|p2a: Tess|76\/100\n|\n|upkeep\n|turn|11\n|\n|t:|1699563520\n|switch|p1a: Aussie Mozzie|Buzzwole|100\/100\n|move|p2a: Tess|Teleport|p2a: Tess\n|\n|t:|1699563529\n|switch|p2a: Hifumi|Staraptor, F|100\/100|[from] Teleport\n|-ability|p2a: Hifumi|Intimidate|boost\n|-unboost|p1a: Aussie Mozzie|atk|1\n|\n|upkeep\n|turn|12\n|c|\u2606Standardbandard23|i'm lagging so much\n|c|\u2606hollyxkid|take ur time\n|\n|t:|1699563565\n|switch|p1a: Trump's Dream|Stakataka|100\/100\n|move|p2a: Hifumi|U-turn|p1a: Trump's Dream\n|-resisted|p1a: Trump's Dream\n|-damage|p1a: Trump's Dream|96\/100\n|\n|t:|1699563581\n|switch|p2a: Jackie|Lopunny-Mega, F|100\/100|[from] U-turn\n|\n|-heal|p1a: Trump's Dream|100\/100|[from] item: Leftovers\n|upkeep\n|turn|13\n|\n|t:|1699563598\n|move|p1a: Trump's Dream|Protect|p1a: Trump's Dream\n|-singleturn|p1a: Trump's Dream|Protect\n|move|p2a: Jackie|Close Combat|p1a: Trump's Dream\n|-activate|p1a: Trump's Dream|move: Protect\n|\n|upkeep\n|turn|14\n|\n|t:|1699563618\n|switch|p1a: Aussie Mozzie|Buzzwole|100\/100\n|move|p2a: Jackie|Close Combat|p1a: Aussie Mozzie\n|-resisted|p1a: Aussie Mozzie\n|-damage|p1a: Aussie Mozzie|81\/100\n|-unboost|p2a: Jackie|def|1\n|-unboost|p2a: Jackie|spd|1\n|\n|upkeep\n|turn|15\n|\n|t:|1699563634\n|move|p2a: Jackie|U-turn|p1a: Aussie Mozzie\n|-resisted|p1a: Aussie Mozzie\n|-damage|p1a: Aussie Mozzie|73\/100\n|\n|t:|1699563639\n|switch|p2a: Hifumi|Staraptor, F|100\/100|[from] U-turn\n|-ability|p2a: Hifumi|Intimidate|boost\n|-unboost|p1a: Aussie Mozzie|atk|1\n|move|p1a: Aussie Mozzie|Close Combat|p2a: Hifumi\n|-damage|p2a: Hifumi|60\/100\n|-unboost|p1a: Aussie Mozzie|def|1\n|-unboost|p1a: Aussie Mozzie|spd|1\n|\n|upkeep\n|turn|16\n|\n|t:|1699563657\n|switch|p1a: Its not a moon|Celesteela|100\/100\n|move|p2a: Hifumi|Roost|p2a: Hifumi\n|-heal|p2a: Hifumi|100\/100\n|-singleturn|p2a: Hifumi|move: Roost\n|\n|upkeep\n|turn|17\n|l|\u2606Standardbandard23\n|player|p1|\n|j|\u2606Standardbandard23\n|player|p1|Standardbandard23|steven\n|c|\u2606Standardbandard23|had to refresh it was lagging too bad\n|c|\u2606Standardbandard23|better now\n|\n|t:|1699563707\n|move|p2a: Hifumi|U-turn|p1a: Its not a moon\n|-resisted|p1a: Its not a moon\n|-damage|p1a: Its not a moon|98\/100\n|\n|t:|1699563715\n|switch|p2a: Tess|Blissey, F|76\/100|[from] U-turn\n|move|p1a: Its not a moon|Leech Seed|p2a: Tess\n|-start|p2a: Tess|move: Leech Seed\n|\n|-heal|p1a: Its not a moon|100\/100|[from] item: Leftovers\n|-damage|p2a: Tess|64\/100|[from] Leech Seed|[of] p1a: Its not a moon\n|upkeep\n|turn|18\n|\n|t:|1699563723\n|move|p1a: Its not a moon|Earthquake|p2a: Tess\n|-damage|p2a: Tess|43\/100\n|move|p2a: Tess|Teleport|p2a: Tess\n|\n|t:|1699563735\n|switch|p2a: matt|Ditto|100\/100|[from] Teleport\n|-transform|p2a: matt|p1a: Its not a moon|[from] ability: Imposter\n|\n|upkeep\n|turn|19\n|\n|t:|1699563750\n|move|p1a: Its not a moon|Protect|p1a: Its not a moon\n|-singleturn|p1a: Its not a moon|Protect\n|move|p2a: matt|Flamethrower|p1a: Its not a moon\n|-activate|p1a: Its not a moon|move: Protect\n|\n|upkeep\n|turn|20\n|\n|t:|1699563761\n|move|p2a: matt|Flamethrower|p1a: Its not a moon\n|-supereffective|p1a: Its not a moon\n|-damage|p1a: Its not a moon|62\/100\n|move|p1a: Its not a moon|Leech Seed|p2a: matt|[miss]\n|-miss|p1a: Its not a moon|p2a: matt\n|\n|-heal|p1a: Its not a moon|68\/100|[from] item: Leftovers\n|upkeep\n|turn|21\n|\n|t:|1699563772\n|move|p1a: Its not a moon|Protect|p1a: Its not a moon\n|-singleturn|p1a: Its not a moon|Protect\n|move|p2a: matt|Flamethrower|p1a: Its not a moon\n|-activate|p1a: Its not a moon|move: Protect\n|\n|-heal|p1a: Its not a moon|74\/100|[from] item: Leftovers\n|upkeep\n|turn|22\n|\n|t:|1699563779\n|move|p2a: matt|Flamethrower|p1a: Its not a moon\n|-supereffective|p1a: Its not a moon\n|-damage|p1a: Its not a moon|39\/100\n|move|p1a: Its not a moon|Leech Seed|p2a: matt\n|-start|p2a: matt|move: Leech Seed\n|\n|-heal|p1a: Its not a moon|45\/100|[from] item: Leftovers\n|-damage|p2a: matt|88\/100|[from] Leech Seed|[of] p1a: Its not a moon\n|-heal|p1a: Its not a moon|54\/100|[silent]\n|upkeep\n|turn|23\n|\n|t:|1699563789\n|switch|p2a: Frank|Ursaluna-Bloodmoon, M|100\/100\n|move|p1a: Its not a moon|Protect||[still]\n|-fail|p1a: Its not a moon\n|\n|-heal|p1a: Its not a moon|60\/100|[from] item: Leftovers\n|upkeep\n|turn|24\n|\n|t:|1699563801\n|move|p1a: Its not a moon|Leech Seed|p2a: Frank\n|-start|p2a: Frank|move: Leech Seed\n|move|p2a: Frank|Calm Mind|p2a: Frank\n|-boost|p2a: Frank|spa|1\n|-boost|p2a: Frank|spd|1\n|\n|-heal|p1a: Its not a moon|66\/100|[from] item: Leftovers\n|-damage|p2a: Frank|88\/100|[from] Leech Seed|[of] p1a: Its not a moon\n|-heal|p1a: Its not a moon|79\/100|[silent]\n|upkeep\n|turn|25\n|\n|t:|1699563811\n|move|p1a: Its not a moon|Earthquake|p2a: Frank\n|-damage|p2a: Frank|77\/100\n|move|p2a: Frank|Calm Mind|p2a: Frank\n|-boost|p2a: Frank|spa|1\n|-boost|p2a: Frank|spd|1\n|\n|-heal|p1a: Its not a moon|85\/100|[from] item: Leftovers\n|-heal|p2a: Frank|83\/100|[from] item: Leftovers\n|-damage|p2a: Frank|70\/100|[from] Leech Seed|[of] p1a: Its not a moon\n|-heal|p1a: Its not a moon|99\/100|[silent]\n|upkeep\n|turn|26\n|\n|t:|1699563831\n|switch|p1a: Aussie Mozzie|Buzzwole|73\/100\n|move|p2a: Frank|Calm Mind|p2a: Frank\n|-boost|p2a: Frank|spa|1\n|-boost|p2a: Frank|spd|1\n|\n|-heal|p2a: Frank|77\/100|[from] item: Leftovers\n|-damage|p2a: Frank|64\/100|[from] Leech Seed|[of] p1a: Aussie Mozzie\n|-heal|p1a: Aussie Mozzie|86\/100|[silent]\n|upkeep\n|turn|27\n|\n|t:|1699563845\n|move|p1a: Aussie Mozzie|Close Combat|p2a: Frank\n|-supereffective|p2a: Frank\n|-damage|p2a: Frank|0 fnt\n|-unboost|p1a: Aussie Mozzie|def|1\n|-unboost|p1a: Aussie Mozzie|spd|1\n|faint|p2a: Frank\n|-ability|p1a: Aussie Mozzie|Beast Boost|boost\n|-boost|p1a: Aussie Mozzie|atk|1\n|\n|upkeep\n|\n|t:|1699563855\n|switch|p2a: Jackie|Lopunny-Mega, F|100\/100\n|turn|28\n|\n|t:|1699563862\n|move|p2a: Jackie|Return|p1a: Aussie Mozzie\n|-damage|p1a: Aussie Mozzie|37\/100\n|move|p1a: Aussie Mozzie|Close Combat|p2a: Jackie\n|-supereffective|p2a: Jackie\n|-damage|p2a: Jackie|0 fnt\n|-unboost|p1a: Aussie Mozzie|def|1\n|-unboost|p1a: Aussie Mozzie|spd|1\n|faint|p2a: Jackie\n|-ability|p1a: Aussie Mozzie|Beast Boost|boost\n|-boost|p1a: Aussie Mozzie|atk|1\n|\n|upkeep\n|\n|t:|1699563868\n|switch|p2a: matt|Ditto|88\/100\n|-transform|p2a: matt|p1a: Aussie Mozzie|[from] ability: Imposter\n|turn|29\n|\n|t:|1699563886\n|move|p2a: matt|Close Combat|p1a: Aussie Mozzie\n|-resisted|p1a: Aussie Mozzie\n|-damage|p1a: Aussie Mozzie|0 fnt\n|-unboost|p2a: matt|def|1\n|-unboost|p2a: matt|spd|1\n|faint|p1a: Aussie Mozzie\n|-ability|p2a: matt|Beast Boost|boost\n|-boost|p2a: matt|atk|1\n|\n|upkeep\n|\n|t:|1699563906\n|switch|p1a: Scotty|Nihilego|34\/100\n|turn|30\n|\n|t:|1699563910\n|move|p1a: Scotty|Power Gem|p2a: matt\n|-damage|p2a: matt|0 fnt\n|faint|p2a: matt\n|-ability|p1a: Scotty|Beast Boost|boost\n|-boost|p1a: Scotty|spa|1\n|\n|upkeep\n|\n|t:|1699563915\n|switch|p2a: Tess|Blissey, F|43\/100\n|turn|31\n|\n|t:|1699563933\n|move|p1a: Scotty|Meteor Beam||[still]\n|-prepare|p1a: Scotty|Meteor Beam\n|-boost|p1a: Scotty|spa|1\n|move|p2a: Tess|Soft-Boiled|p2a: Tess\n|-heal|p2a: Tess|93\/100\n|\n|upkeep\n|turn|32\n|\n|t:|1699563943\n|move|p1a: Scotty|Meteor Beam|p2a: Tess|[from]lockedmove\n|-damage|p2a: Tess|47\/100\n|move|p2a: Tess|Seismic Toss|p1a: Scotty\n|-damage|p1a: Scotty|7\/100\n|\n|upkeep\n|turn|33\n|\n|t:|1699563955\n|move|p1a: Scotty|Power Gem|p2a: Tess\n|-damage|p2a: Tess|16\/100\n|move|p2a: Tess|Seismic Toss|p1a: Scotty\n|-damage|p1a: Scotty|0 fnt\n|faint|p1a: Scotty\n|\n|upkeep\n|\n|t:|1699563977\n|switch|p1a: Yes Rico...Kaboom|Blacephalon|41\/100\n|turn|34\n|\n|t:|1699563984\n|move|p1a: Yes Rico...Kaboom|Flamethrower|p2a: Tess\n|-damage|p2a: Tess|0 fnt\n|faint|p2a: Tess\n|-ability|p1a: Yes Rico...Kaboom|Beast Boost|boost\n|-boost|p1a: Yes Rico...Kaboom|spa|1\n|\n|upkeep\n|\n|t:|1699563987\n|switch|p2a: Hifumi|Staraptor, F|100\/100\n|-ability|p2a: Hifumi|Intimidate|boost\n|-unboost|p1a: Yes Rico...Kaboom|atk|1\n|turn|35\n|\n|t:|1699563992\n|move|p1a: Yes Rico...Kaboom|Flamethrower|p2a: Hifumi\n|-damage|p2a: Hifumi|0 fnt\n|faint|p2a: Hifumi\n|\n|win|Standardbandard23\n|c|\u2606hollyxkid|gg\n|c|\u2606Standardbandard23|gg\n|l|\u2606hollyxkid\n","uploadtime":1699563998,"views":6,"p1id":"standardbandard23","p2id":"hollyxkid","formatid":"gen9nationaldexubers","rating":0,"private":0,"password":""}