{"id":"gen9nationaldexubers-1996619368","p1":"Sktin","p2":"Tran minh quan","format":"[Gen 9] National Dex Ubers","log":"|j|\u2606Sktin\n|j|\u2606Tran minh quan\n|t:|1700701382\n|gametype|singles\n|player|p1|Sktin|red|1004\n|player|p2|Tran minh quan|lucas|1096\n|teamsize|p1|6\n|teamsize|p2|6\n|gen|9\n|tier|[Gen 9] National Dex Ubers\n|rated|\n|rule|HP Percentage Mod: HP is shown in percentages\n|rule|Endless Battle Clause: Forcing endless battles is banned\n|rule|OHKO Clause: OHKO moves are banned\n|rule|Evasion Moves Clause: Evasion moves are banned\n|rule|Evasion Items Clause: Evasion items are banned\n|rule|Species Clause: Limit one of each Pok\u00e9mon\n|rule|Sleep Clause Mod: Limit one foe put to sleep\n|rule|Mega Rayquaza Clause: You cannot mega evolve Rayquaza\n|clearpoke\n|poke|p1|Kommo-o, M|\n|poke|p1|Lucario, M|\n|poke|p1|Blaziken, M|\n|poke|p1|Iron Hands|\n|poke|p1|Sneasler, M|\n|poke|p1|Hawlucha, F|\n|poke|p2|Tyranitar, M|\n|poke|p2|Garchomp, F|\n|poke|p2|Volcarona, F|\n|poke|p2|Clefable, F|\n|poke|p2|Aegislash, F|\n|poke|p2|Milotic, M|\n|teampreview\n|\n|t:|1700701416\n|start\n|switch|p1a: Kommo-o|Kommo-o, M|100\/100\n|switch|p2a: Clefable|Clefable, F|100\/100\n|turn|1\n|\n|t:|1700701424\n|move|p1a: Kommo-o|Belly Drum|p1a: Kommo-o\n|-damage|p1a: Kommo-o|50\/100\n|-setboost|p1a: Kommo-o|atk|6|[from] move: Belly Drum\n|move|p2a: Clefable|Moonblast|p1a: Kommo-o\n|-supereffective|p1a: Kommo-o\n|-damage|p1a: Kommo-o|0 fnt\n|faint|p1a: Kommo-o\n|\n|upkeep\n|\n|t:|1700701433\n|switch|p1a: Blaziken|Blaziken, M|100\/100\n|turn|2\n|\n|t:|1700701453\n|detailschange|p1a: Blaziken|Blaziken-Mega, M\n|-mega|p1a: Blaziken|Blaziken|Blazikenite\n|move|p2a: Clefable|Knock Off|p1a: Blaziken\n|-resisted|p1a: Blaziken\n|-damage|p1a: Blaziken|93\/100\n|move|p1a: Blaziken|Roar|p2a: Clefable\n|drag|p2a: Aegislash|Aegislash, F|100\/100\n|\n|-ability|p1a: Blaziken|Speed Boost|boost\n|-boost|p1a: Blaziken|spe|1\n|upkeep\n|turn|3\n|\n|t:|1700701467\n|switch|p2a: Milotic|Milotic, M|100\/100\n|move|p1a: Blaziken|Blaze Kick|p2a: Milotic\n|-resisted|p2a: Milotic\n|-crit|p2a: Milotic\n|-damage|p2a: Milotic|72\/100\n|\n|-ability|p1a: Blaziken|Speed Boost|boost\n|-boost|p1a: Blaziken|spe|1\n|upkeep\n|turn|4\n|\n|t:|1700701477\n|move|p2a: Milotic|Scald|p1a: Blaziken\n|-supereffective|p1a: Blaziken\n|-damage|p1a: Blaziken|19\/100\n|move|p1a: Blaziken|Roar|p2a: Milotic\n|drag|p2a: Clefable|Clefable, F|100\/100\n|\n|-ability|p1a: Blaziken|Speed Boost|boost\n|-boost|p1a: Blaziken|spe|1\n|upkeep\n|turn|5\n|\n|t:|1700701489\n|move|p2a: Clefable|Knock Off|p1a: Blaziken\n|-resisted|p1a: Blaziken\n|-damage|p1a: Blaziken|11\/100\n|move|p1a: Blaziken|Roar|p2a: Clefable\n|drag|p2a: Aegislash|Aegislash, F|100\/100\n|\n|-ability|p1a: Blaziken|Speed Boost|boost\n|-boost|p1a: Blaziken|spe|1\n|upkeep\n|turn|6\n|\n|t:|1700701500\n|switch|p2a: Milotic|Milotic, M|72\/100\n|move|p1a: Blaziken|Blaze Kick|p2a: Milotic\n|-resisted|p2a: Milotic\n|-damage|p2a: Milotic|54\/100\n|\n|-ability|p1a: Blaziken|Speed Boost|boost\n|-boost|p1a: Blaziken|spe|1\n|upkeep\n|turn|7\n|\n|t:|1700701509\n|move|p1a: Blaziken|High Jump Kick|p2a: Milotic\n|-damage|p2a: Milotic|2\/100\n|move|p2a: Milotic|Scald|p1a: Blaziken\n|-supereffective|p1a: Blaziken\n|-damage|p1a: Blaziken|0 fnt\n|faint|p1a: Blaziken\n|\n|upkeep\n|\n|t:|1700701518\n|switch|p1a: Hawlucha|Hawlucha, F|100\/100\n|-ability|p1a: Hawlucha|Mold Breaker\n|turn|8\n|\n|t:|1700701524\n|switch|p2a: Clefable|Clefable, F|100\/100\n|move|p1a: Hawlucha|Acrobatics|p2a: Clefable\n|-damage|p2a: Clefable|63\/100\n|-damage|p1a: Hawlucha|84\/100|[from] item: Rocky Helmet|[of] p2a: Clefable\n|\n|upkeep\n|turn|9\n|\n|t:|1700701535\n|move|p1a: Hawlucha|Bulk Up|p1a: Hawlucha\n|-boost|p1a: Hawlucha|atk|1\n|-boost|p1a: Hawlucha|def|1\n|move|p2a: Clefable|Moonblast|p1a: Hawlucha\n|-supereffective|p1a: Hawlucha\n|-damage|p1a: Hawlucha|0 fnt\n|faint|p1a: Hawlucha\n|\n|upkeep\n|\n|t:|1700701545\n|switch|p1a: Sneasler|Sneasler, M|100\/100\n|-item|p1a: Sneasler|Air Balloon\n|turn|10\n|\n|t:|1700701552\n|move|p1a: Sneasler|Swords Dance|p1a: Sneasler\n|-boost|p1a: Sneasler|atk|2\n|move|p2a: Clefable|Knock Off|p1a: Sneasler\n|-resisted|p1a: Sneasler\n|-damage|p1a: Sneasler|86\/100\n|-enditem|p1a: Sneasler|Air Balloon\n|\n|upkeep\n|turn|11\n|\n|t:|1700701565\n|move|p1a: Sneasler|Dire Claw|p2a: Clefable\n|-supereffective|p2a: Clefable\n|-damage|p2a: Clefable|0 fnt\n|-damage|p1a: Sneasler|69\/100|[from] item: Rocky Helmet|[of] p2a: Clefable\n|-start|p1a: Sneasler|Attract|[from] ability: Cute Charm|[of] p2a: Clefable\n|faint|p2a: Clefable\n|-end|p1a: Sneasler|Attract|[silent]\n|\n|upkeep\n|\n|t:|1700701579\n|switch|p2a: Garchomp|Garchomp, F|100\/100\n|turn|12\n|\n|t:|1700701584\n|move|p1a: Sneasler|Brick Break|p2a: Garchomp\n|-damage|p2a: Garchomp|22\/100\n|move|p2a: Garchomp|Earthquake|p1a: Sneasler\n|-supereffective|p1a: Sneasler\n|-damage|p1a: Sneasler|0 fnt\n|faint|p1a: Sneasler\n|\n|upkeep\n|\n|t:|1700701593\n|switch|p1a: Lucario|Lucario, M|100\/100\n|turn|13\n|\n|t:|1700701600\n|-terastallize|p1a: Lucario|Fighting\n|move|p1a: Lucario|Bullet Punch|p2a: Garchomp\n|-damage|p2a: Garchomp|0 fnt\n|faint|p2a: Garchomp\n|-damage|p1a: Lucario|91\/100|[from] item: Life Orb\n|\n|upkeep\n|\n|t:|1700701607\n|switch|p2a: Volcarona|Volcarona, F|100\/100\n|turn|14\n|\n|t:|1700701612\n|move|p2a: Volcarona|Fiery Dance|p1a: Lucario\n|-damage|p1a: Lucario|9\/100\n|move|p1a: Lucario|Swords Dance|p1a: Lucario\n|-boost|p1a: Lucario|atk|2\n|\n|upkeep\n|turn|15\n|\n|t:|1700701620\n|move|p1a: Lucario|Bullet Punch|p2a: Volcarona\n|-resisted|p2a: Volcarona\n|-damage|p2a: Volcarona|59\/100\n|-damage|p1a: Lucario|0 fnt|[from] item: Life Orb\n|faint|p1a: Lucario\n|move|p2a: Volcarona|Fiery Dance|p1: Lucario|[notarget]\n|-fail|p2a: Volcarona\n|\n|upkeep\n|\n|t:|1700701628\n|switch|p1a: Iron Hands|Iron Hands|100\/100\n|turn|16\n|\n|t:|1700701633\n|move|p2a: Volcarona|Fiery Dance|p1a: Iron Hands\n|-damage|p1a: Iron Hands|59\/100\n|-boost|p2a: Volcarona|spa|1\n|move|p1a: Iron Hands|Electric Terrain|p1a: Iron Hands\n|-fieldstart|move: Electric Terrain\n|-activate|p1a: Iron Hands|ability: Quark Drive\n|-start|p1a: Iron Hands|quarkdriveatk\n|\n|-heal|p1a: Iron Hands|66\/100|[from] item: Leftovers\n|upkeep\n|turn|17\n|\n|t:|1700701652\n|move|p1a: Iron Hands|Protect|p1a: Iron Hands\n|-singleturn|p1a: Iron Hands|Protect\n|move|p2a: Volcarona|Giga Drain|p1a: Iron Hands\n|-activate|p1a: Iron Hands|move: Protect\n|\n|-heal|p1a: Iron Hands|72\/100|[from] item: Leftovers\n|upkeep\n|turn|18\n|\n|t:|1700701666\n|move|p2a: Volcarona|Fiery Dance|p1a: Iron Hands\n|-damage|p1a: Iron Hands|6\/100\n|-boost|p2a: Volcarona|spa|1\n|move|p1a: Iron Hands|Thunder Punch|p2a: Volcarona\n|-damage|p2a: Volcarona|0 fnt\n|faint|p2a: Volcarona\n|\n|-heal|p1a: Iron Hands|13\/100|[from] item: Leftovers\n|upkeep\n|\n|t:|1700701681\n|switch|p2a: Aegislash|Aegislash, F|100\/100\n|turn|19\n|\n|t:|1700701684\n|-formechange|p2a: Aegislash|Aegislash-Blade||[from] ability: Stance Change\n|move|p2a: Aegislash|Shadow Ball|p1a: Iron Hands\n|-damage|p1a: Iron Hands|0 fnt\n|faint|p1a: Iron Hands\n|-end|p1a: Iron Hands|Quark Drive|[silent]\n|\n|win|Tran minh quan\n|raw|Sktin's rating: 1004 &rarr; <strong>1000<\/strong><br \/>(-4 for losing)\n|raw|Tran minh quan's rating: 1096 &rarr; <strong>1115<\/strong><br \/>(+19 for winning)\n|l|\u2606Sktin\n","uploadtime":1700701703,"views":6,"p1id":"sktin","p2id":"tranminhquan","formatid":"gen9nationaldexubers","rating":1000,"private":0,"password":""}