{"id":"gen9nationaldexubers-1998555834","p1":"nosejugar957","p2":"Pikachu Prince","format":"[Gen 9] National Dex Ubers","log":"|j|\u2606nosejugar957\n|j|\u2606Pikachu Prince\n|t:|1700955867\n|gametype|singles\n|player|p1|nosejugar957|red|1179\n|player|p2|Pikachu Prince|red|1250\n|teamsize|p1|6\n|teamsize|p2|6\n|gen|9\n|tier|[Gen 9] National Dex Ubers\n|rated|\n|rule|HP Percentage Mod: HP is shown in percentages\n|rule|Endless Battle Clause: Forcing endless battles is banned\n|rule|OHKO Clause: OHKO moves are banned\n|rule|Evasion Moves Clause: Evasion moves are banned\n|rule|Evasion Items Clause: Evasion items are banned\n|rule|Species Clause: Limit one of each Pok\u00e9mon\n|rule|Sleep Clause Mod: Limit one foe put to sleep\n|rule|Mega Rayquaza Clause: You cannot mega evolve Rayquaza\n|clearpoke\n|poke|p1|Swampert, M|\n|poke|p1|Kyogre|\n|poke|p1|Gliscor, F|\n|poke|p1|Grimmsnarl, M|\n|poke|p1|Rillaboom, M|\n|poke|p1|Iron Moth|\n|poke|p2|Gardevoir, M|\n|poke|p2|Dracovish|\n|poke|p2|Lugia|\n|poke|p2|Kyogre|\n|poke|p2|Melmetal|\n|poke|p2|Spiritomb, M|\n|teampreview\n|inactive|Battle timer is ON: inactive players will automatically lose when time's up. (requested by Pikachu Prince)\n|\n|t:|1700955878\n|start\n|switch|p1a: Grimmsnarl|Grimmsnarl, M|100\/100\n|switch|p2a: Dracovish|Dracovish|100\/100\n|turn|1\n|\n|t:|1700955885\n|-terastallize|p2a: Dracovish|Fairy\n|move|p1a: Grimmsnarl|Reflect|p1a: Grimmsnarl\n|-sidestart|p1: nosejugar957|Reflect\n|move|p2a: Dracovish|Fishious Rend|p1a: Grimmsnarl\n|-damage|p1a: Grimmsnarl|75\/100\n|\n|upkeep\n|turn|2\n|\n|t:|1700955899\n|move|p1a: Grimmsnarl|Taunt|p2a: Dracovish\n|-start|p2a: Dracovish|move: Taunt\n|move|p2a: Dracovish|Dragon Rush|p1a: Grimmsnarl\n|-immune|p1a: Grimmsnarl\n|\n|upkeep\n|turn|3\n|\n|t:|1700955912\n|move|p1a: Grimmsnarl|Light Screen|p1a: Grimmsnarl\n|-sidestart|p1: nosejugar957|move: Light Screen\n|move|p2a: Dracovish|Fishious Rend|p1a: Grimmsnarl\n|-damage|p1a: Grimmsnarl|47\/100\n|\n|upkeep\n|turn|4\n|\n|t:|1700955916\n|move|p1a: Grimmsnarl|Parting Shot|p2a: Dracovish\n|-unboost|p2a: Dracovish|atk|1\n|-unboost|p2a: Dracovish|spa|1\n|\n|t:|1700955944\n|switch|p1a: Kyogre|Kyogre|100\/100|[from] Parting Shot\n|-weather|RainDance|[from] ability: Drizzle|[of] p1a: Kyogre\n|move|p2a: Dracovish|Fishious Rend|p1a: Kyogre\n|-resisted|p1a: Kyogre\n|-damage|p1a: Kyogre|73\/100\n|\n|-weather|RainDance|[upkeep]\n|-heal|p1a: Kyogre|79\/100|[from] item: Leftovers\n|-end|p2a: Dracovish|move: Taunt\n|upkeep\n|turn|5\n|\n|t:|1700955956\n|move|p1a: Kyogre|Calm Mind|p1a: Kyogre\n|-boost|p1a: Kyogre|spa|1\n|-boost|p1a: Kyogre|spd|1\n|move|p2a: Dracovish|Fishious Rend|p1a: Kyogre\n|-resisted|p1a: Kyogre\n|-damage|p1a: Kyogre|66\/100\n|\n|-weather|RainDance|[upkeep]\n|-heal|p1a: Kyogre|72\/100|[from] item: Leftovers\n|upkeep\n|turn|6\n|\n|t:|1700955964\n|move|p1a: Kyogre|Calm Mind|p1a: Kyogre\n|-boost|p1a: Kyogre|spa|1\n|-boost|p1a: Kyogre|spd|1\n|move|p2a: Dracovish|Dragon Rush|p1a: Kyogre\n|-damage|p1a: Kyogre|57\/100\n|\n|-weather|RainDance|[upkeep]\n|-heal|p1a: Kyogre|63\/100|[from] item: Leftovers\n|upkeep\n|turn|7\n|\n|t:|1700955977\n|move|p1a: Kyogre|Origin Pulse|p2a: Dracovish\n|-damage|p2a: Dracovish|0 fnt\n|faint|p2a: Dracovish\n|\n|-weather|RainDance|[upkeep]\n|-heal|p1a: Kyogre|70\/100|[from] item: Leftovers\n|upkeep\n|\n|t:|1700955984\n|switch|p2a: Kyogre|Kyogre, shiny|100\/100\n|detailschange|p2a: Kyogre|Kyogre-Primal, shiny\n|-primal|p2a: Kyogre|Blue Orb\n|-weather|PrimordialSea|[from] ability: Primordial Sea|[of] p2a: Kyogre\n|turn|8\n|\n|t:|1700956005\n|-terastallize|p1a: Kyogre|Electric\n|move|p2a: Kyogre|Thunderbolt|p1a: Kyogre\n|-resisted|p1a: Kyogre\n|-damage|p1a: Kyogre|67\/100\n|move|p1a: Kyogre|Thunder|p2a: Kyogre\n|-supereffective|p2a: Kyogre\n|-damage|p2a: Kyogre|0 fnt\n|faint|p2a: Kyogre\n|-weather|none\n|\n|-heal|p1a: Kyogre|73\/100|[from] item: Leftovers\n|-sideend|p1: nosejugar957|Reflect\n|upkeep\n|\n|t:|1700956017\n|switch|p2a: Melmetal|Melmetal|100\/100\n|turn|9\n|\n|t:|1700956030\n|move|p1a: Kyogre|Origin Pulse|p2a: Melmetal|[miss]\n|-miss|p1a: Kyogre|p2a: Melmetal\n|move|p2a: Melmetal|Ice Beam|p1a: Kyogre\n|-damage|p1a: Kyogre|69\/100\n|\n|-heal|p1a: Kyogre|75\/100|[from] item: Leftovers\n|upkeep\n|turn|10\n|\n|t:|1700956037\n|move|p1a: Kyogre|Origin Pulse|p2a: Melmetal\n|-damage|p2a: Melmetal|0 fnt\n|faint|p2a: Melmetal\n|\n|-heal|p1a: Kyogre|81\/100|[from] item: Leftovers\n|-sideend|p1: nosejugar957|move: Light Screen\n|upkeep\n|\n|t:|1700956043\n|switch|p2a: Gardevoir|Gardevoir, M, shiny|100\/100\n|-weather|RainDance|[from] ability: Drizzle|[of] p2a: Gardevoir\n|-ability|p2a: Gardevoir|Drizzle|[from] ability: Trace|[of] p1a: Kyogre\n|turn|11\n|\n|t:|1700956062\n|move|p2a: Gardevoir|Disable|p1a: Kyogre\n|-start|p1a: Kyogre|Disable|Origin Pulse\n|move|p1a: Kyogre|Thunder|p2a: Gardevoir\n|-damage|p2a: Gardevoir|0 fnt\n|faint|p2a: Gardevoir\n|\n|-weather|RainDance|[upkeep]\n|-heal|p1a: Kyogre|88\/100|[from] item: Leftovers\n|upkeep\n|\n|t:|1700956071\n|switch|p2a: Spiritomb|Spiritomb, M, shiny|100\/100\n|turn|12\n|\n|t:|1700956078\n|move|p1a: Kyogre|Calm Mind|p1a: Kyogre\n|-boost|p1a: Kyogre|spa|1\n|-boost|p1a: Kyogre|spd|1\n|move|p2a: Spiritomb|Destiny Bond|p2a: Spiritomb\n|-singlemove|p2a: Spiritomb|Destiny Bond\n|\n|-weather|RainDance|[upkeep]\n|-heal|p1a: Kyogre|94\/100|[from] item: Leftovers\n|upkeep\n|turn|13\n|-activate|p2a: Spiritomb|item: Quick Claw\n|\n|t:|1700956087\n|move|p2a: Spiritomb|Hypnosis|p1a: Kyogre\n|-status|p1a: Kyogre|slp|[from] move: Hypnosis\n|cant|p1a: Kyogre|slp\n|\n|-weather|RainDance|[upkeep]\n|-heal|p1a: Kyogre|99\/100 slp|[from] item: Leftovers\n|upkeep\n|turn|14\n|\n|t:|1700956093\n|-curestatus|p1a: Kyogre|slp|[msg]\n|move|p1a: Kyogre|Calm Mind|p1a: Kyogre\n|-boost|p1a: Kyogre|spa|1\n|-boost|p1a: Kyogre|spd|1\n|move|p2a: Spiritomb|Dream Eater|p1a: Kyogre\n|-immune|p1a: Kyogre\n|\n|-weather|RainDance|[upkeep]\n|-heal|p1a: Kyogre|100\/100|[from] item: Leftovers\n|-end|p1a: Kyogre|Disable\n|upkeep\n|turn|15\n|-activate|p2a: Spiritomb|item: Quick Claw\n|\n|t:|1700956104\n|move|p2a: Spiritomb|Destiny Bond|p2a: Spiritomb\n|-singlemove|p2a: Spiritomb|Destiny Bond\n|move|p1a: Kyogre|Calm Mind|p1a: Kyogre\n|-boost|p1a: Kyogre|spa|1\n|-boost|p1a: Kyogre|spd|1\n|\n|-weather|none\n|upkeep\n|turn|16\n|-activate|p2a: Spiritomb|item: Quick Claw\n|\n|t:|1700956118\n|move|p2a: Spiritomb|Hypnosis|p1a: Kyogre\n|-status|p1a: Kyogre|slp|[from] move: Hypnosis\n|cant|p1a: Kyogre|slp\n|\n|upkeep\n|turn|17\n|\n|t:|1700956123\n|-curestatus|p1a: Kyogre|slp|[msg]\n|move|p1a: Kyogre|Thunder|p2a: Spiritomb\n|-damage|p2a: Spiritomb|0 fnt\n|faint|p2a: Spiritomb\n|\n|upkeep\n|\n|t:|1700956129\n|switch|p2a: Lugia|Lugia, shiny|100\/100\n|turn|18\n|\n|t:|1700956155\n|move|p2a: Lugia|Giga Drain|p1a: Kyogre\n|-damage|p1a: Kyogre|96\/100\n|move|p1a: Kyogre|Thunder|p2a: Lugia\n|-supereffective|p2a: Lugia\n|-damage|p2a: Lugia|0 fnt\n|faint|p2a: Lugia\n|\n|win|nosejugar957\n|raw|nosejugar957's rating: 1179 &rarr; <strong>1209<\/strong><br \/>(+30 for winning)\n|raw|Pikachu Prince's rating: 1250 &rarr; <strong>1220<\/strong><br \/>(-30 for losing)\n|l|\u2606Pikachu Prince\n","uploadtime":1700956216,"views":2,"p1id":"nosejugar957","p2id":"pikachuprince","formatid":"gen9nationaldexubers","rating":1209,"private":0,"password":""}