{"id":"gen9nationaldexubers-1992636523","p1":"mathis2812","p2":"KarmaNightraide","format":"[Gen 9] National Dex Ubers","log":"|j|\u2606mathis2812\n|j|\u2606KarmaNightraide\n|t:|1700218396\n|gametype|singles\n|player|p1|mathis2812|cynthia-gen4|1438\n|player|p2|KarmaNightraide|unknown|1254\n|teamsize|p1|6\n|teamsize|p2|6\n|gen|9\n|tier|[Gen 9] National Dex Ubers\n|rated|\n|rule|HP Percentage Mod: HP is shown in percentages\n|rule|Endless Battle Clause: Forcing endless battles is banned\n|rule|OHKO Clause: OHKO moves are banned\n|rule|Evasion Moves Clause: Evasion moves are banned\n|rule|Evasion Items Clause: Evasion items are banned\n|rule|Species Clause: Limit one of each Pok\u00e9mon\n|rule|Sleep Clause Mod: Limit one foe put to sleep\n|rule|Mega Rayquaza Clause: You cannot mega evolve Rayquaza\n|clearpoke\n|poke|p1|Xerneas-*|\n|poke|p1|Kyogre|\n|poke|p1|Calyrex-Ice|\n|poke|p1|Ninetales-Alola, F|\n|poke|p1|Zamazenta-*|\n|poke|p1|Salamence, F|\n|poke|p2|Mimikyu, M|\n|poke|p2|Banette, F|\n|poke|p2|Polteageist-Antique|\n|poke|p2|Skeledirge, M|\n|poke|p2|Gourgeist-*, F|\n|poke|p2|Basculegion, M|\n|teampreview\n|inactive|Battle timer is ON: inactive players will automatically lose when time's up. (requested by mathis2812)\n|\n|t:|1700218409\n|start\n|switch|p1a: Ninetales|Ninetales-Alola, F, shiny|100\/100\n|switch|p2a: Go to sleep...|Banette, F|100\/100\n|-weather|Snow|[from] ability: Snow Warning|[of] p1a: Ninetales\n|turn|1\n|\n|t:|1700218418\n|detailschange|p2a: Go to sleep...|Banette-Mega, F\n|-mega|p2a: Go to sleep...|Banette|Banettite\n|move|p2a: Go to sleep...|Taunt|p1a: Ninetales\n|-start|p1a: Ninetales|move: Taunt\n|cant|p1a: Ninetales|move: Taunt|Aurora Veil\n|\n|-weather|Snow|[upkeep]\n|upkeep\n|turn|2\n|\n|t:|1700218426\n|move|p1a: Ninetales|Moonblast|p2a: Go to sleep...\n|-damage|p2a: Go to sleep...|56\/100\n|-unboost|p2a: Go to sleep...|spa|1\n|move|p2a: Go to sleep...|Gunk Shot|p1a: Ninetales\n|-supereffective|p1a: Ninetales\n|-damage|p1a: Ninetales|6\/100\n|\n|-weather|Snow|[upkeep]\n|upkeep\n|turn|3\n|\n|t:|1700218436\n|switch|p1a: Zamazenta|Zamazenta-Crowned|100\/100\n|-ability|p1a: Zamazenta|Dauntless Shield|boost\n|-boost|p1a: Zamazenta|def|1\n|move|p2a: Go to sleep...|Gunk Shot|p1a: Zamazenta\n|-immune|p1a: Zamazenta\n|\n|-weather|Snow|[upkeep]\n|upkeep\n|turn|4\n|\n|t:|1700218459\n|switch|p2a: Dundy|Skeledirge, M|100\/100\n|move|p1a: Zamazenta|Behemoth Bash|p2a: Dundy\n|-resisted|p2a: Dundy\n|-damage|p2a: Dundy|79\/100\n|\n|-weather|Snow|[upkeep]\n|-heal|p2a: Dundy|85\/100|[from] item: Leftovers\n|upkeep\n|turn|5\n|\n|t:|1700218470\n|switch|p1a: Ninetales|Ninetales-Alola, F, shiny|6\/100\n|move|p2a: Dundy|Will-O-Wisp|p1a: Ninetales\n|-status|p1a: Ninetales|brn\n|\n|-weather|none\n|-heal|p2a: Dundy|91\/100|[from] item: Leftovers\n|-damage|p1a: Ninetales|0 fnt|[from] brn\n|faint|p1a: Ninetales\n|upkeep\n|\n|t:|1700218472\n|switch|p1a: Calyrex|Calyrex-Ice|100\/100\n|-ability|p1a: Calyrex|As One\n|-ability|p1a: Calyrex|Unnerve\n|turn|6\n|\n|t:|1700218486\n|-terastallize|p2a: Dundy|Fire\n|move|p2a: Dundy|Torch Song|p1a: Calyrex\n|-supereffective|p1a: Calyrex\n|-damage|p1a: Calyrex|18\/100\n|-boost|p2a: Dundy|spa|1\n|-enditem|p1a: Calyrex|Weakness Policy\n|-boost|p1a: Calyrex|atk|2|[from] item: Weakness Policy\n|-boost|p1a: Calyrex|spa|2|[from] item: Weakness Policy\n|move|p1a: Calyrex|Agility|p1a: Calyrex\n|-boost|p1a: Calyrex|spe|2\n|\n|-heal|p2a: Dundy|97\/100|[from] item: Leftovers\n|upkeep\n|turn|7\n|\n|t:|1700218500\n|move|p1a: Calyrex|High Horsepower|p2a: Dundy\n|-supereffective|p2a: Dundy\n|-damage|p2a: Dundy|18\/100\n|move|p2a: Dundy|Torch Song|p1a: Calyrex\n|-supereffective|p1a: Calyrex\n|-damage|p1a: Calyrex|0 fnt\n|-boost|p2a: Dundy|spa|1\n|faint|p1a: Calyrex\n|\n|-heal|p2a: Dundy|24\/100|[from] item: Leftovers\n|upkeep\n|\n|t:|1700218522\n|switch|p1a: Salamence|Salamence, F, shiny|100\/100\n|-ability|p1a: Salamence|Intimidate|boost\n|-unboost|p2a: Dundy|atk|1\n|turn|8\n|c|\u2606KarmaNightraide|Unaware is a bitch\n|\n|t:|1700218535\n|detailschange|p1a: Salamence|Salamence-Mega, F, shiny\n|-mega|p1a: Salamence|Salamence|Salamencite\n|move|p1a: Salamence|Frustration|p2a: Dundy\n|-damage|p2a: Dundy|0 fnt\n|faint|p2a: Dundy\n|\n|upkeep\n|\n|t:|1700218542\n|switch|p2a: Lil guy my man|Mimikyu, M|100\/100\n|turn|9\n|\n|t:|1700218552\n|switch|p1a: Zamazenta|Zamazenta-Crowned|100\/100\n|move|p2a: Lil guy my man|Play Rough|p1a: Zamazenta\n|-damage|p1a: Zamazenta|70\/100\n|-damage|p2a: Lil guy my man|91\/100|[from] item: Life Orb\n|\n|upkeep\n|turn|10\n|\n|t:|1700218582\n|move|p1a: Zamazenta|Behemoth Bash|p2a: Lil guy my man\n|-activate|p2a: Lil guy my man|ability: Disguise\n|-damage|p2a: Lil guy my man|91\/100\n|detailschange|p2a: Lil guy my man|Mimikyu-Busted, M\n|-damage|p2a: Lil guy my man|78\/100|[from] pokemon: Mimikyu-Busted\n|move|p2a: Lil guy my man|Drain Punch|p1a: Zamazenta\n|-supereffective|p1a: Zamazenta\n|-damage|p1a: Zamazenta|36\/100\n|-heal|p2a: Lil guy my man|100\/100|[from] drain|[of] p1a: Zamazenta\n|-damage|p2a: Lil guy my man|91\/100|[from] item: Life Orb\n|\n|upkeep\n|turn|11\n|\n|t:|1700218595\n|move|p2a: Lil guy my man|Shadow Sneak|p1a: Zamazenta\n|-damage|p1a: Zamazenta|23\/100\n|-damage|p2a: Lil guy my man|81\/100|[from] item: Life Orb\n|move|p1a: Zamazenta|Behemoth Bash|p2a: Lil guy my man\n|-supereffective|p2a: Lil guy my man\n|-damage|p2a: Lil guy my man|0 fnt\n|faint|p2a: Lil guy my man\n|\n|upkeep\n|\n|t:|1700218604\n|switch|p2a: Wanna sip?|Polteageist-Antique|100\/100\n|turn|12\n|\n|t:|1700218613\n|move|p1a: Zamazenta|Behemoth Bash|p2a: Wanna sip?\n|-damage|p2a: Wanna sip?|14\/100\n|-ability|p2a: Wanna sip?|Weak Armor|boost\n|-unboost|p2a: Wanna sip?|def|1\n|-boost|p2a: Wanna sip?|spe|2\n|move|p2a: Wanna sip?|Shell Smash|p2a: Wanna sip?\n|-unboost|p2a: Wanna sip?|def|1\n|-unboost|p2a: Wanna sip?|spd|1\n|-boost|p2a: Wanna sip?|atk|2\n|-boost|p2a: Wanna sip?|spa|2\n|-boost|p2a: Wanna sip?|spe|2\n|\n|upkeep\n|turn|13\n|\n|t:|1700218628\n|move|p2a: Wanna sip?|Shadow Ball|p1a: Zamazenta\n|-damage|p1a: Zamazenta|0 fnt\n|faint|p1a: Zamazenta\n|\n|upkeep\n|\n|t:|1700218632\n|switch|p1a: Kyogre|Kyogre, shiny|100\/100\n|detailschange|p1a: Kyogre|Kyogre-Primal, shiny\n|-primal|p1a: Kyogre|Blue Orb\n|-weather|PrimordialSea|[from] ability: Primordial Sea|[of] p1a: Kyogre\n|turn|14\n|\n|t:|1700218638\n|move|p2a: Wanna sip?|Giga Drain|p1a: Kyogre\n|-supereffective|p1a: Kyogre\n|-damage|p1a: Kyogre|23\/100\n|-heal|p2a: Wanna sip?|65\/100|[from] drain|[of] p1a: Kyogre\n|move|p1a: Kyogre|Scald|p2a: Wanna sip?\n|-damage|p2a: Wanna sip?|0 fnt\n|faint|p2a: Wanna sip?\n|\n|-weather|PrimordialSea|[upkeep]\n|upkeep\n|\n|t:|1700218647\n|switch|p2a: Pumpin|Gourgeist-Small, F|100\/100\n|turn|15\n|\n|t:|1700218652\n|-zpower|p2a: Pumpin\n|move|p2a: Pumpin|Z-Trick-or-Treat|p1a: Kyogre|[anim]Trick-or-Treat\n|-boost|p2a: Pumpin|atk|1|[zeffect]\n|-boost|p2a: Pumpin|def|1|[zeffect]\n|-boost|p2a: Pumpin|spa|1|[zeffect]\n|-boost|p2a: Pumpin|spd|1|[zeffect]\n|-boost|p2a: Pumpin|spe|1|[zeffect]\n|-start|p1a: Kyogre|typeadd|Ghost|[from] move: Trick-or-Treat\n|move|p1a: Kyogre|Scald|p2a: Pumpin\n|-resisted|p2a: Pumpin\n|-damage|p2a: Pumpin|57\/100\n|\n|-weather|PrimordialSea|[upkeep]\n|upkeep\n|turn|16\n|\n|t:|1700218676\n|move|p2a: Pumpin|Power Whip|p1a: Kyogre\n|-supereffective|p1a: Kyogre\n|-damage|p1a: Kyogre|0 fnt\n|faint|p1a: Kyogre\n|-weather|none\n|\n|upkeep\n|\n|t:|1700218679\n|switch|p1a: Salamence|Salamence-Mega, F, shiny|100\/100\n|turn|17\n|\n|t:|1700218697\n|move|p2a: Pumpin|Poltergeist|p1a: Salamence\n|-activate|p1a: Salamence|move: Poltergeist|Salamencite\n|-damage|p1a: Salamence|49\/100\n|move|p1a: Salamence|Dragon Dance|p1a: Salamence\n|-boost|p1a: Salamence|atk|1\n|-boost|p1a: Salamence|spe|1\n|\n|upkeep\n|turn|18\n|\n|t:|1700218710\n|move|p2a: Pumpin|Shadow Sneak|p1a: Salamence\n|-damage|p1a: Salamence|31\/100\n|move|p1a: Salamence|Frustration|p2a: Pumpin\n|-supereffective|p2a: Pumpin\n|-damage|p2a: Pumpin|0 fnt\n|faint|p2a: Pumpin\n|\n|upkeep\n|\n|t:|1700218722\n|switch|p2a: Go to sleep...|Banette-Mega, F|56\/100\n|turn|19\n|\n|t:|1700218728\n|switch|p1a: Xerneas|Xerneas|100\/100\n|-ability|p1a: Xerneas|Fairy Aura\n|move|p2a: Go to sleep...|Destiny Bond|p2a: Go to sleep...\n|-singlemove|p2a: Go to sleep...|Destiny Bond\n|\n|upkeep\n|turn|20\n|\n|t:|1700218739\n|-terastallize|p1a: Xerneas|Fire\n|move|p1a: Xerneas|Moonblast|p2a: Go to sleep...\n|-damage|p2a: Go to sleep...|0 fnt\n|faint|p2a: Go to sleep...\n|-activate|p2a: Go to sleep...|move: Destiny Bond\n|faint|p1a: Xerneas\n|\n|upkeep\n|\n|t:|1700218747\n|switch|p1a: Salamence|Salamence-Mega, F, shiny|31\/100\n|switch|p2a: Fish|Basculegion, M|100\/100\n|turn|21\n|\n|t:|1700218752\n|move|p1a: Salamence|Frustration|p2a: Fish\n|-enditem|p2a: Fish|Focus Sash\n|-damage|p2a: Fish|1\/100\n|move|p2a: Fish|Last Respects|p1a: Salamence\n|-damage|p1a: Salamence|0 fnt\n|faint|p1a: Salamence\n|\n|win|KarmaNightraide\n|raw|mathis2812's rating: 1438 &rarr; <strong>1408<\/strong><br \/>(-30 for losing)\n|raw|KarmaNightraide's rating: 1254 &rarr; <strong>1291<\/strong><br \/>(+37 for winning)\n|l|\u2606mathis2812\n","uploadtime":1700218777,"views":8,"p1id":"mathis2812","p2id":"karmanightraide","formatid":"gen9nationaldexubers","rating":1291,"private":0,"password":""}