{"id":"gen9nationaldexubers-1985049613","p1":"Genshinniche","p2":"Chaitanya15","format":"[Gen 9] National Dex Ubers","log":"|j|\u2606Genshinniche\n|j|\u2606Chaitanya15\n|t:|1699324683\n|gametype|singles\n|player|p1|Genshinniche|depotagent|1257\n|player|p2|Chaitanya15|2|1478\n|teamsize|p1|6\n|teamsize|p2|6\n|gen|9\n|tier|[Gen 9] National Dex Ubers\n|rated|\n|rule|HP Percentage Mod: HP is shown in percentages\n|rule|Endless Battle Clause: Forcing endless battles is banned\n|rule|OHKO Clause: OHKO moves are banned\n|rule|Evasion Moves Clause: Evasion moves are banned\n|rule|Evasion Items Clause: Evasion items are banned\n|rule|Species Clause: Limit one of each Pok\u00e9mon\n|rule|Sleep Clause Mod: Limit one foe put to sleep\n|rule|Mega Rayquaza Clause: You cannot mega evolve Rayquaza\n|clearpoke\n|poke|p1|Groudon|\n|poke|p1|Kartana|\n|poke|p1|Blaziken, F|\n|poke|p1|Glimmora, F|\n|poke|p1|Kyurem-Black|\n|poke|p1|Zekrom|\n|poke|p2|Kingambit, M|\n|poke|p2|Basculegion, M|\n|poke|p2|Pikachu, F|\n|poke|p2|Kyogre|\n|poke|p2|Flutter Mane|\n|poke|p2|Deoxys-Speed|\n|teampreview\n|inactive|Battle timer is ON: inactive players will automatically lose when time's up. (requested by Genshinniche)\n|\n|t:|1699324695\n|start\n|switch|p1a: Blaziken|Blaziken, F|100\/100\n|switch|p2a: Deoxys|Deoxys-Speed|100\/100\n|-ability|p2a: Deoxys|Pressure\n|turn|1\n|\n|t:|1699324703\n|move|p2a: Deoxys|Psychic|p1a: Blaziken\n|-supereffective|p1a: Blaziken\n|-damage|p1a: Blaziken|15\/100\n|move|p1a: Blaziken|Swords Dance|p1a: Blaziken\n|-boost|p1a: Blaziken|atk|2\n|\n|-ability|p1a: Blaziken|Speed Boost|boost\n|-boost|p1a: Blaziken|spe|1\n|upkeep\n|turn|2\n|\n|t:|1699324714\n|move|p1a: Blaziken|Protect|p1a: Blaziken\n|-singleturn|p1a: Blaziken|Protect\n|move|p2a: Deoxys|Stealth Rock|p1a: Blaziken\n|-sidestart|p1: Genshinniche|move: Stealth Rock\n|\n|-ability|p1a: Blaziken|Speed Boost|boost\n|-boost|p1a: Blaziken|spe|1\n|upkeep\n|turn|3\n|\n|t:|1699324725\n|move|p2a: Deoxys|Extreme Speed|p1a: Blaziken\n|-damage|p1a: Blaziken|0 fnt\n|faint|p1a: Blaziken\n|\n|upkeep\n|\n|t:|1699324736\n|switch|p1a: Zekrom|Zekrom|100\/100\n|-damage|p1a: Zekrom|88\/100|[from] Stealth Rock\n|-ability|p1a: Zekrom|Teravolt\n|turn|4\n|\n|t:|1699324742\n|move|p2a: Deoxys|Spikes|p1a: Zekrom\n|-sidestart|p1: Genshinniche|Spikes\n|move|p1a: Zekrom|Fusion Bolt|p2a: Deoxys\n|-damage|p2a: Deoxys|45\/100\n|\n|upkeep\n|turn|5\n|\n|t:|1699324750\n|move|p2a: Deoxys|Spikes|p1a: Zekrom\n|-sidestart|p1: Genshinniche|Spikes\n|move|p1a: Zekrom|Fusion Bolt|p2a: Deoxys\n|-damage|p2a: Deoxys|0 fnt\n|faint|p2a: Deoxys\n|\n|upkeep\n|\n|t:|1699324759\n|switch|p2a: Flutter Mane|Flutter Mane|100\/100\n|-enditem|p2a: Flutter Mane|Booster Energy\n|-activate|p2a: Flutter Mane|ability: Protosynthesis|[fromitem]\n|-start|p2a: Flutter Mane|protosynthesisspe\n|turn|6\n|\n|t:|1699324768\n|move|p2a: Flutter Mane|Moonblast|p1a: Zekrom\n|-supereffective|p1a: Zekrom\n|-damage|p1a: Zekrom|7\/100\n|move|p1a: Zekrom|Tailwind|p1a: Zekrom\n|-sidestart|p1: Genshinniche|move: Tailwind\n|\n|upkeep\n|turn|7\n|\n|t:|1699324775\n|move|p2a: Flutter Mane|Moonblast|p1a: Zekrom\n|-supereffective|p1a: Zekrom\n|-damage|p1a: Zekrom|0 fnt\n|faint|p1a: Zekrom\n|\n|upkeep\n|\n|t:|1699324781\n|switch|p1a: Groudon|Groudon, shiny|100\/100\n|-damage|p1a: Groudon|94\/100|[from] Stealth Rock\n|-damage|p1a: Groudon|78\/100|[from] Spikes\n|detailschange|p1a: Groudon|Groudon-Primal, shiny\n|-primal|p1a: Groudon|Red Orb\n|-weather|DesolateLand|[from] ability: Desolate Land|[of] p1a: Groudon\n|turn|8\n|\n|t:|1699324790\n|move|p2a: Flutter Mane|Shadow Ball|p1a: Groudon\n|-damage|p1a: Groudon|47\/100\n|move|p1a: Groudon|Earthquake|p2a: Flutter Mane\n|-damage|p2a: Flutter Mane|0 fnt\n|faint|p2a: Flutter Mane\n|-end|p2a: Flutter Mane|Protosynthesis|[silent]\n|\n|-weather|DesolateLand|[upkeep]\n|upkeep\n|\n|t:|1699324799\n|switch|p2a: Pikachu|Pikachu, F|100\/100\n|turn|9\n|\n|t:|1699324803\n|move|p2a: Pikachu|Fake Out|p1a: Groudon\n|-damage|p1a: Groudon|37\/100\n|cant|p1a: Groudon|flinch\n|\n|-weather|DesolateLand|[upkeep]\n|-sideend|p1: Genshinniche|move: Tailwind\n|upkeep\n|turn|10\n|\n|t:|1699324814\n|move|p2a: Pikachu|Extreme Speed|p1a: Groudon\n|-damage|p1a: Groudon|16\/100\n|move|p1a: Groudon|Earthquake|p2a: Pikachu\n|-supereffective|p2a: Pikachu\n|-damage|p2a: Pikachu|0 fnt\n|faint|p2a: Pikachu\n|\n|-weather|DesolateLand|[upkeep]\n|upkeep\n|\n|t:|1699324834\n|switch|p2a: Kingambit|Kingambit, M|100\/100\n|-activate|p2a: Kingambit|ability: Supreme Overlord\n|-start|p2a: Kingambit|fallen3|[silent]\n|turn|11\n|\n|t:|1699324840\n|move|p2a: Kingambit|Sucker Punch||[still]\n|-fail|p2a: Kingambit\n|move|p1a: Groudon|Swords Dance|p1a: Groudon\n|-boost|p1a: Groudon|atk|2\n|\n|-weather|DesolateLand|[upkeep]\n|upkeep\n|turn|12\n|\n|t:|1699324848\n|move|p2a: Kingambit|Sucker Punch|p1a: Groudon\n|-damage|p1a: Groudon|0 fnt\n|faint|p1a: Groudon\n|-weather|none\n|-damage|p2a: Kingambit|91\/100|[from] item: Life Orb\n|\n|upkeep\n|\n|t:|1699324856\n|switch|p1a: Kartana|Kartana|100\/100\n|-damage|p1a: Kartana|94\/100|[from] Stealth Rock\n|-damage|p1a: Kartana|78\/100|[from] Spikes\n|turn|13\n|\n|t:|1699324864\n|move|p1a: Kartana|Leaf Blade|p2a: Kingambit\n|-resisted|p2a: Kingambit\n|-crit|p2a: Kingambit\n|-damage|p2a: Kingambit|60\/100\n|move|p2a: Kingambit|Kowtow Cleave|p1a: Kartana\n|-crit|p1a: Kartana\n|-damage|p1a: Kartana|0 fnt\n|faint|p1a: Kartana\n|-damage|p2a: Kingambit|50\/100|[from] item: Life Orb\n|\n|upkeep\n|-message|Genshinniche forfeited.\n|\n|win|Chaitanya15\n|raw|Genshinniche's rating: 1257 &rarr; <strong>1246<\/strong><br \/>(-11 for losing)\n|raw|Chaitanya15's rating: 1478 &rarr; <strong>1487<\/strong><br \/>(+9 for winning)\n|l|\u2606Genshinniche\n","uploadtime":1699324884,"views":5,"p1id":"genshinniche","p2id":"chaitanya15","formatid":"gen9nationaldexubers","rating":1246,"private":0,"password":""}