{"id":"gen9nationaldexubers-2000233289","p1":"georgefable1","p2":"Boyca","format":"[Gen 9] National Dex Ubers","log":"|j|\u2606georgefable1\n|j|\u2606Boyca\n|t:|1701175523\n|gametype|singles\n|player|p1|georgefable1|102|\n|player|p2|Boyca|clown|\n|teamsize|p1|4\n|teamsize|p2|4\n|gen|9\n|tier|[Gen 9] National Dex Ubers\n|rule|HP Percentage Mod: HP is shown in percentages\n|rule|Endless Battle Clause: Forcing endless battles is banned\n|rule|OHKO Clause: OHKO moves are banned\n|rule|Evasion Moves Clause: Evasion moves are banned\n|rule|Evasion Items Clause: Evasion items are banned\n|rule|Species Clause: Limit one of each Pok\u00e9mon\n|rule|Sleep Clause Mod: Limit one foe put to sleep\n|rule|Mega Rayquaza Clause: You cannot mega evolve Rayquaza\n|clearpoke\n|poke|p1|Mawile, F|\n|poke|p1|Kommo-o, F|\n|poke|p1|Lickilicky, F|\n|poke|p1|Blastoise, F|\n|poke|p2|Samurott, M|\n|poke|p2|Stoutland, F|\n|poke|p2|Furret, M|\n|poke|p2|Skarmory, M|\n|teampreview\n|c|\u2606georgefable1|good luck!\n|c|\u2606Boyca|gl!\n|\n|t:|1701175586\n|start\n|switch|p1a: Nom :3|Mawile, F|100\/100\n|switch|p2a: Long boi|Furret, M|100\/100\n|-item|p1a: Nom :3|Mawilite|[from] ability: Frisk|[of] p2a: Long boi|[identify]\n|-ability|p1a: Nom :3|Intimidate|boost\n|-unboost|p2a: Long boi|atk|1\n|turn|1\n|\n|t:|1701175596\n|switch|p2a: Monty|Stoutland, F|100\/100\n|-ability|p2a: Monty|Intimidate|boost\n|-unboost|p1a: Nom :3|atk|1\n|move|p1a: Nom :3|Swords Dance|p1a: Nom :3\n|-boost|p1a: Nom :3|atk|2\n|\n|upkeep\n|turn|2\n|\n|t:|1701175613\n|move|p2a: Monty|Yawn|p1a: Nom :3\n|-start|p1a: Nom :3|move: Yawn|[of] p2a: Monty\n|move|p1a: Nom :3|Knock Off|p2a: Monty\n|-damage|p2a: Monty|72\/100\n|-enditem|p2a: Monty|Leftovers|[from] move: Knock Off|[of] p1a: Nom :3\n|\n|upkeep\n|turn|3\n|\n|t:|1701175633\n|switch|p2a: Pump It|Samurott, M|100\/100\n|switch|p1a: Kommo-NO|Kommo-o, F|100\/100\n|\n|upkeep\n|turn|4\n|\n|t:|1701175647\n|move|p1a: Kommo-NO|Thunder Punch|p2a: Pump It\n|-supereffective|p2a: Pump It\n|-damage|p2a: Pump It|38\/100\n|move|p2a: Pump It|Toxic|p1a: Kommo-NO\n|-status|p1a: Kommo-NO|tox\n|\n|-damage|p1a: Kommo-NO|94\/100 tox|[from] psn\n|upkeep\n|turn|5\n|\n|t:|1701175658\n|switch|p2a: Monty|Stoutland, F|72\/100\n|-ability|p2a: Monty|Intimidate|boost\n|-unboost|p1a: Kommo-NO|atk|1\n|move|p1a: Kommo-NO|Thunder Punch|p2a: Monty\n|-damage|p2a: Monty|60\/100\n|\n|-damage|p1a: Kommo-NO|82\/100 tox|[from] psn\n|upkeep\n|turn|6\n|\n|t:|1701175673\n|switch|p1a: Nom :3|Mawile, F|100\/100\n|-ability|p1a: Nom :3|Intimidate|boost\n|-unboost|p2a: Monty|atk|1\n|move|p2a: Monty|Return|p1a: Nom :3\n|-resisted|p1a: Nom :3\n|-damage|p1a: Nom :3|83\/100\n|\n|upkeep\n|turn|7\n|\n|t:|1701175688\n|switch|p2a: My Nemesis|Skarmory, M|100\/100\n|move|p1a: Nom :3|Swords Dance|p1a: Nom :3\n|-boost|p1a: Nom :3|atk|2\n|\n|upkeep\n|turn|8\n|\n|t:|1701175695\n|move|p2a: My Nemesis|Iron Defense|p2a: My Nemesis\n|-boost|p2a: My Nemesis|def|2\n|move|p1a: Nom :3|Knock Off|p2a: My Nemesis\n|-damage|p2a: My Nemesis|83\/100\n|-ability|p2a: My Nemesis|Weak Armor|boost\n|-unboost|p2a: My Nemesis|def|1\n|-boost|p2a: My Nemesis|spe|2\n|-enditem|p2a: My Nemesis|Leftovers|[from] move: Knock Off|[of] p1a: Nom :3\n|\n|upkeep\n|turn|9\n|c|\u2606georgefable1|this thing is already annoying me\n|\n|t:|1701175717\n|switch|p1a: Kommo-NO|Kommo-o, F|82\/100 tox\n|move|p2a: My Nemesis|Iron Defense|p2a: My Nemesis\n|-boost|p2a: My Nemesis|def|2\n|\n|-damage|p1a: Kommo-NO|76\/100 tox|[from] psn\n|upkeep\n|turn|10\n|\n|t:|1701175728\n|move|p2a: My Nemesis|Iron Defense|p2a: My Nemesis\n|-boost|p2a: My Nemesis|def|2\n|move|p1a: Kommo-NO|Thunder Punch|p2a: My Nemesis\n|-supereffective|p2a: My Nemesis\n|-damage|p2a: My Nemesis|75\/100\n|-ability|p2a: My Nemesis|Weak Armor|boost\n|-unboost|p2a: My Nemesis|def|1\n|-boost|p2a: My Nemesis|spe|2\n|\n|-damage|p1a: Kommo-NO|63\/100 tox|[from] psn\n|upkeep\n|turn|11\n|\n|t:|1701175738\n|switch|p1a: Michaelangelo|Blastoise, F|100\/100\n|move|p2a: My Nemesis|Iron Defense|p2a: My Nemesis\n|-boost|p2a: My Nemesis|def|2\n|\n|upkeep\n|turn|12\n|c|\u2606georgefable1|i hate it so much\n|\n|t:|1701175747\n|move|p2a: My Nemesis|Body Press|p1a: Michaelangelo\n|-damage|p1a: Michaelangelo|0 fnt\n|faint|p1a: Michaelangelo\n|\n|upkeep\n|c|\u2606Boyca|i'm sorry this guy is very stupid\n|\n|t:|1701175770\n|switch|p1a: Kommo-NO|Kommo-o, F|63\/100 tox\n|turn|13\n|\n|t:|1701175779\n|move|p2a: My Nemesis|Body Press|p1a: Kommo-NO\n|-damage|p1a: Kommo-NO|0 fnt\n|faint|p1a: Kommo-NO\n|\n|upkeep\n|c|\u2606georgefable1|ggs\n|\n|t:|1701175787\n|switch|p1a: Nom :3|Mawile, F|83\/100\n|-ability|p1a: Nom :3|Intimidate|boost\n|-unboost|p2a: My Nemesis|atk|1\n|turn|14\n|\n|t:|1701175798\n|move|p1a: Nom :3|Sucker Punch|p2a: My Nemesis\n|-damage|p2a: My Nemesis|71\/100\n|-ability|p2a: My Nemesis|Weak Armor|boost\n|-unboost|p2a: My Nemesis|def|1\n|-boost|p2a: My Nemesis|spe|2\n|move|p2a: My Nemesis|Body Press|p1a: Nom :3\n|-damage|p1a: Nom :3|0 fnt\n|faint|p1a: Nom :3\n|\n|upkeep\n|\n|t:|1701175810\n|switch|p1a: The Cannon|Lickilicky, F, shiny|100\/100\n|turn|15\n|\n|t:|1701175816\n|move|p2a: My Nemesis|Body Press|p1a: The Cannon\n|-supereffective|p1a: The Cannon\n|-damage|p1a: The Cannon|0 fnt\n|faint|p1a: The Cannon\n|\n|win|Boyca\n|c|\u2606Boyca|gg\n|c|\u2606georgefable1|gg\n","uploadtime":1701175823,"views":15,"p1id":"georgefable1","p2id":"boyca","formatid":"gen9nationaldexubers","rating":0,"private":0,"password":""}