{"id":"gen9nationaldexubers-1987366124","p1":"85792195wwww","p2":"larsonshark","format":"[Gen 9] National Dex Ubers","log":"|j|\u260685792195wwww\n|j|\u2606larsonshark\n|t:|1699582342\n|gametype|singles\n|player|p1|85792195wwww|mira|1448\n|player|p2|larsonshark|caitlin|1384\n|teamsize|p1|6\n|teamsize|p2|6\n|gen|9\n|tier|[Gen 9] National Dex Ubers\n|rated|\n|rule|HP Percentage Mod: HP is shown in percentages\n|rule|Endless Battle Clause: Forcing endless battles is banned\n|rule|OHKO Clause: OHKO moves are banned\n|rule|Evasion Moves Clause: Evasion moves are banned\n|rule|Evasion Items Clause: Evasion items are banned\n|rule|Species Clause: Limit one of each Pok\u00e9mon\n|rule|Sleep Clause Mod: Limit one foe put to sleep\n|rule|Mega Rayquaza Clause: You cannot mega evolve Rayquaza\n|clearpoke\n|poke|p1|Kyurem-Black|\n|poke|p1|Samurott-Hisui, M|\n|poke|p1|Gholdengo|\n|poke|p1|Groudon|\n|poke|p1|Arceus-Ground|\n|poke|p1|Ribombee, F|\n|poke|p2|Grimmsnarl, M|\n|poke|p2|Smeargle, M|\n|poke|p2|Ditto|\n|poke|p2|Ho-Oh|\n|poke|p2|Zygarde-10%|\n|poke|p2|Mew|\n|teampreview\n|inactive|Battle timer is ON: inactive players will automatically lose when time's up. (requested by larsonshark)\n|\n|t:|1699582353\n|start\n|switch|p1a: Kyurem|Kyurem-Black|100\/100\n|switch|p2a: Ho-Oh|Ho-Oh|100\/100\n|-ability|p1a: Kyurem|Teravolt\n|turn|1\n|\n|t:|1699582361\n|switch|p1a: Ribombee|Ribombee, F|100\/100\n|move|p2a: Ho-Oh|Toxic|p1a: Ribombee\n|-status|p1a: Ribombee|tox\n|\n|-damage|p1a: Ribombee|94\/100 tox|[from] psn\n|upkeep\n|turn|2\n|\n|t:|1699582370\n|move|p1a: Ribombee|Sticky Web|p2a: Ho-Oh\n|-sidestart|p2: larsonshark|move: Sticky Web\n|move|p2a: Ho-Oh|Sacred Fire|p1a: Ribombee\n|-supereffective|p1a: Ribombee\n|-damage|p1a: Ribombee|0 fnt\n|faint|p1a: Ribombee\n|\n|upkeep\n|\n|t:|1699582378\n|switch|p1a: Samurott|Samurott-Hisui, M|100\/100\n|turn|3\n|\n|t:|1699582385\n|move|p1a: Samurott|Taunt|p2a: Ho-Oh\n|-start|p2a: Ho-Oh|move: Taunt\n|cant|p2a: Ho-Oh|move: Taunt|Defog\n|\n|upkeep\n|turn|4\n|\n|t:|1699582394\n|switch|p2a: Zygarde|Zygarde-10%|100\/100\n|-activate|p2a: Zygarde|move: Sticky Web\n|-unboost|p2a: Zygarde|spe|1\n|move|p1a: Samurott|Ceaseless Edge|p2a: Zygarde\n|-damage|p2a: Zygarde|7\/100\n|-sidestart|p2: larsonshark|Spikes\n|\n|-activate|p2a: Zygarde|ability: Power Construct\n|detailschange|p2a: Zygarde|Zygarde-Complete\n|-heal|p2a: Zygarde|60\/100|[silent]\n|upkeep\n|turn|5\n|\n|t:|1699582408\n|move|p1a: Samurott|Taunt|p2a: Zygarde\n|-start|p2a: Zygarde|move: Taunt\n|cant|p2a: Zygarde|move: Taunt|Dragon Dance\n|\n|upkeep\n|turn|6\n|\n|t:|1699582416\n|move|p1a: Samurott|Ceaseless Edge|p2a: Zygarde\n|-damage|p2a: Zygarde|36\/100\n|-sidestart|p2: larsonshark|Spikes\n|move|p2a: Zygarde|Scale Shot|p1a: Samurott\n|-damage|p1a: Samurott|86\/100\n|-damage|p1a: Samurott|70\/100\n|-damage|p1a: Samurott|56\/100\n|-damage|p1a: Samurott|41\/100\n|-damage|p1a: Samurott|28\/100\n|-hitcount|p1a: Samurott|5\n|-unboost|p2a: Zygarde|def|1\n|-boost|p2a: Zygarde|spe|1\n|\n|upkeep\n|turn|7\n|\n|t:|1699582440\n|move|p2a: Zygarde|Extreme Speed|p1a: Samurott\n|-damage|p1a: Samurott|0 fnt\n|faint|p1a: Samurott\n|\n|-end|p2a: Zygarde|move: Taunt\n|upkeep\n|\n|t:|1699582455\n|switch|p1a: Groudon|Groudon|100\/100\n|detailschange|p1a: Groudon|Groudon-Primal\n|-primal|p1a: Groudon|Red Orb\n|-weather|DesolateLand|[from] ability: Desolate Land|[of] p1a: Groudon\n|turn|8\n|\n|t:|1699582461\n|move|p1a: Groudon|Dragon Pulse|p2a: Zygarde\n|-supereffective|p2a: Zygarde\n|-damage|p2a: Zygarde|0 fnt\n|faint|p2a: Zygarde\n|\n|-weather|DesolateLand|[upkeep]\n|upkeep\n|\n|t:|1699582465\n|switch|p2a: Ho-Oh|Ho-Oh|100\/100\n|turn|9\n|\n|t:|1699582472\n|-weather|none\n|switch|p1a: Gholdengo|Gholdengo|100\/100\n|-item|p1a: Gholdengo|Air Balloon\n|switch|p2a: Grimmsnarl|Grimmsnarl, M, shiny|100\/100\n|-activate|p2a: Grimmsnarl|move: Sticky Web\n|-unboost|p2a: Grimmsnarl|spe|1\n|-damage|p2a: Grimmsnarl|84\/100|[from] Spikes\n|\n|upkeep\n|turn|10\n|\n|t:|1699582487\n|move|p2a: Grimmsnarl|Light Screen|p2a: Grimmsnarl\n|-sidestart|p2: larsonshark|move: Light Screen\n|move|p1a: Gholdengo|Nasty Plot|p1a: Gholdengo\n|-boost|p1a: Gholdengo|spa|2\n|\n|upkeep\n|turn|11\n|\n|t:|1699582494\n|move|p2a: Grimmsnarl|Reflect|p2a: Grimmsnarl\n|-sidestart|p2: larsonshark|Reflect\n|move|p1a: Gholdengo|Make It Rain|p2a: Grimmsnarl\n|-supereffective|p2a: Grimmsnarl\n|-damage|p2a: Grimmsnarl|0 fnt\n|-unboost|p1a: Gholdengo|spa|1\n|faint|p2a: Grimmsnarl\n|\n|upkeep\n|\n|t:|1699582497\n|switch|p2a: Ditto|Ditto, shiny|100\/100\n|-activate|p2a: Ditto|move: Sticky Web\n|-unboost|p2a: Ditto|spe|1\n|-damage|p2a: Ditto|84\/100|[from] Spikes\n|-transform|p2a: Ditto|p1a: Gholdengo|[from] ability: Imposter\n|turn|12\n|\n|t:|1699582521\n|move|p2a: Ditto|Shadow Ball|p1a: Gholdengo\n|-supereffective|p1a: Gholdengo\n|-damage|p1a: Gholdengo|0 fnt\n|-enditem|p1a: Gholdengo|Air Balloon\n|faint|p1a: Gholdengo\n|\n|upkeep\n|inactive|85792195wwww has 120 seconds left.\n|\n|t:|1699582539\n|switch|p1a: Arceus|Arceus-Ground|100\/100\n|turn|13\n|\n|t:|1699582543\n|switch|p2a: Ho-Oh|Ho-Oh|100\/100\n|-zpower|p1a: Arceus\n|move|p1a: Arceus|Tectonic Rage|p2a: Ho-Oh|[zeffect]\n|-immune|p2a: Ho-Oh\n|\n|upkeep\n|turn|14\n|\n|t:|1699582552\n|move|p1a: Arceus|Taunt|p2a: Ho-Oh\n|-start|p2a: Ho-Oh|move: Taunt\n|cant|p2a: Ho-Oh|move: Taunt|Defog\n|\n|upkeep\n|turn|15\n|\n|t:|1699582566\n|switch|p1a: Groudon|Groudon-Primal|100\/100\n|-weather|DesolateLand|[from] ability: Desolate Land|[of] p1a: Groudon\n|move|p2a: Ho-Oh|Sacred Fire|p1a: Groudon\n|-resisted|p1a: Groudon\n|-damage|p1a: Groudon|77\/100\n|\n|-weather|DesolateLand|[upkeep]\n|upkeep\n|turn|16\n|\n|t:|1699582575\n|switch|p2a: Mew|Mew|100\/100\n|-activate|p2a: Mew|move: Sticky Web\n|-unboost|p2a: Mew|spe|1\n|-damage|p2a: Mew|84\/100|[from] Spikes\n|move|p1a: Groudon|Ancient Power|p2a: Mew\n|-damage|p2a: Mew|75\/100\n|\n|-weather|DesolateLand|[upkeep]\n|-heal|p2a: Mew|82\/100|[from] item: Leftovers\n|upkeep\n|turn|17\n|\n|t:|1699582587\n|move|p1a: Groudon|Eruption|p2a: Mew\n|-damage|p2a: Mew|44\/100\n|move|p2a: Mew|Block|p1a: Groudon\n|-activate|p1a: Groudon|trapped\n|\n|-weather|DesolateLand|[upkeep]\n|-heal|p2a: Mew|50\/100|[from] item: Leftovers\n|-sideend|p2: larsonshark|move: Light Screen\n|upkeep\n|turn|18\n|\n|t:|1699582599\n|move|p1a: Groudon|Eruption|p2a: Mew\n|-damage|p2a: Mew|0 fnt\n|faint|p2a: Mew\n|\n|-weather|DesolateLand|[upkeep]\n|-sideend|p2: larsonshark|Reflect\n|upkeep\n|\n|t:|1699582602\n|switch|p2a: Ho-Oh|Ho-Oh|100\/100\n|turn|19\n|\n|t:|1699582608\n|move|p1a: Groudon|Ancient Power|p2a: Ho-Oh\n|-supereffective|p2a: Ho-Oh\n|-damage|p2a: Ho-Oh|39\/100\n|move|p2a: Ho-Oh|Defog|p1a: Groudon\n|-unboost|p1a: Groudon|evasion|1\n|-sideend|p2: larsonshark|Spikes|[from] move: Defog|[of] p2a: Ho-Oh\n|-sideend|p2: larsonshark|Sticky Web|[from] move: Defog|[of] p2a: Ho-Oh\n|\n|-weather|DesolateLand|[upkeep]\n|upkeep\n|turn|20\n|\n|t:|1699582623\n|-terastallize|p2a: Ho-Oh|Ground\n|move|p1a: Groudon|Eruption|p2a: Ho-Oh\n|-damage|p2a: Ho-Oh|0 fnt\n|faint|p2a: Ho-Oh\n|\n|-weather|DesolateLand|[upkeep]\n|upkeep\n|\n|t:|1699582629\n|switch|p2a: Ditto|Ditto, shiny|84\/100\n|-transform|p2a: Ditto|p1a: Groudon|[from] ability: Imposter\n|turn|21\n|\n|t:|1699582639\n|move|p2a: Ditto|Earth Power|p1a: Groudon\n|-supereffective|p1a: Groudon\n|-damage|p1a: Groudon|0 fnt\n|faint|p1a: Groudon\n|\n|-weather|DesolateLand|[upkeep]\n|upkeep\n|\n|t:|1699582651\n|switch|p1a: Arceus|Arceus-Ground|100\/100\n|turn|22\n|\n|t:|1699582655\n|-weather|none\n|switch|p2a: Smeargle|Smeargle, M|100\/100\n|move|p1a: Arceus|Earthquake|p2a: Smeargle\n|-damage|p2a: Smeargle|0 fnt\n|faint|p2a: Smeargle\n|\n|upkeep\n|\n|t:|1699582660\n|switch|p2a: Ditto|Ditto, shiny|84\/100\n|-transform|p2a: Ditto|p1a: Arceus|[from] ability: Imposter\n|turn|23\n|\n|t:|1699582668\n|move|p2a: Ditto|Earthquake|p1a: Arceus\n|-damage|p1a: Arceus|62\/100\n|move|p1a: Arceus|Earthquake|p2a: Ditto\n|-damage|p2a: Ditto|34\/100\n|\n|upkeep\n|turn|24\n|-message|larsonshark forfeited.\n|\n|win|85792195wwww\n|raw|85792195wwww's rating: 1448 &rarr; <strong>1464<\/strong><br \/>(+16 for winning)\n|raw|larsonshark's rating: 1384 &rarr; <strong>1368<\/strong><br \/>(-16 for losing)\n|l|\u2606larsonshark\n","uploadtime":1699582678,"views":5,"p1id":"85792195wwww","p2id":"larsonshark","formatid":"gen9nationaldexubers","rating":1368,"private":0,"password":""}