{"id":"gen9nationaldexubers-1985508273","p1":"Nickalip","p2":"Benjaii","format":"[Gen 9] National Dex Ubers","log":"|j|\u2606Nickalip\n|j|\u2606Benjaii\n|t:|1699380419\n|gametype|singles\n|player|p1|Nickalip|steven|\n|player|p2|Benjaii|hiker-gen4|\n|teamsize|p1|6\n|teamsize|p2|6\n|gen|9\n|tier|[Gen 9] National Dex Ubers\n|rule|HP Percentage Mod: HP is shown in percentages\n|rule|Endless Battle Clause: Forcing endless battles is banned\n|rule|OHKO Clause: OHKO moves are banned\n|rule|Evasion Moves Clause: Evasion moves are banned\n|rule|Evasion Items Clause: Evasion items are banned\n|rule|Species Clause: Limit one of each Pok\u00e9mon\n|rule|Sleep Clause Mod: Limit one foe put to sleep\n|rule|Mega Rayquaza Clause: You cannot mega evolve Rayquaza\n|clearpoke\n|poke|p1|Roaring Moon|\n|poke|p1|Meowscarada, F|\n|poke|p1|Goodra-Hisui, M|\n|poke|p1|Volcarona, M|\n|poke|p1|Iron Bundle|\n|poke|p1|Ninetales-Alola, F|\n|poke|p2|Charizard, F|\n|poke|p2|Heracross, F|\n|poke|p2|Lucario, F|\n|poke|p2|Lycanroc, F|\n|poke|p2|Sceptile, F|\n|poke|p2|Boltund, M|\n|teampreview\n|inactive|Battle timer is ON: inactive players will automatically lose when time's up. (requested by Benjaii)\n|\n|t:|1699380431\n|start\n|switch|p1a: Ola|Ninetales-Alola, F|100\/100\n|switch|p2a: Lycanroc|Lycanroc, F|100\/100\n|-weather|Snow|[from] ability: Snow Warning|[of] p1a: Ola\n|turn|1\n|\n|t:|1699380440\n|move|p1a: Ola|Aurora Veil|p1a: Ola\n|-sidestart|p1: Nickalip|move: Aurora Veil\n|move|p2a: Lycanroc|Stealth Rock|p1a: Ola\n|-sidestart|p1: Nickalip|move: Stealth Rock\n|\n|-weather|Snow|[upkeep]\n|upkeep\n|turn|2\n|\n|t:|1699380445\n|move|p1a: Ola|Encore|p2a: Lycanroc\n|-start|p2a: Lycanroc|Encore\n|move|p2a: Lycanroc|Stealth Rock||[still]\n|-fail|p2a: Lycanroc\n|\n|-weather|Snow|[upkeep]\n|upkeep\n|turn|3\n|\n|t:|1699380457\n|switch|p1a: Miau|Meowscarada, F|100\/100\n|-damage|p1a: Miau|88\/100|[from] Stealth Rock\n|switch|p2a: Heracross|Heracross, F|100\/100\n|\n|-weather|Snow|[upkeep]\n|upkeep\n|turn|4\n|\n|t:|1699380466\n|move|p2a: Heracross|Megahorn|p1a: Miau\n|-supereffective|p1a: Miau\n|-damage|p1a: Miau|0 fnt\n|faint|p1a: Miau\n|-ability|p2a: Heracross|Moxie|boost\n|-boost|p2a: Heracross|atk|1\n|\n|-weather|Snow|[upkeep]\n|upkeep\n|\n|t:|1699380485\n|switch|p1a: Volcabrona|Volcarona, M|100\/100\n|-damage|p1a: Volcabrona|50\/100|[from] Stealth Rock\n|turn|5\n|\n|t:|1699380492\n|switch|p2a: Lycanroc|Lycanroc, F|100\/100\n|move|p1a: Volcabrona|Fiery Dance|p2a: Lycanroc\n|-resisted|p2a: Lycanroc\n|-damage|p2a: Lycanroc|61\/100\n|\n|-weather|none\n|-heal|p1a: Volcabrona|57\/100|[from] item: Leftovers\n|upkeep\n|turn|6\n|\n|t:|1699380501\n|move|p1a: Volcabrona|Giga Drain|p2a: Lycanroc\n|-supereffective|p2a: Lycanroc\n|-damage|p2a: Lycanroc|0 fnt\n|-heal|p1a: Volcabrona|85\/100|[from] drain|[of] p2a: Lycanroc\n|faint|p2a: Lycanroc\n|\n|-heal|p1a: Volcabrona|91\/100|[from] item: Leftovers\n|upkeep\n|\n|t:|1699380511\n|switch|p2a: Charizard|Charizard, F|100\/100\n|turn|7\n|\n|t:|1699380526\n|detailschange|p2a: Charizard|Charizard-Mega-Y, F\n|-mega|p2a: Charizard|Charizard|Charizardite Y\n|-weather|SunnyDay|[from] ability: Drought|[of] p2a: Charizard\n|move|p1a: Volcabrona|U-turn|p2a: Charizard\n|-resisted|p2a: Charizard\n|-damage|p2a: Charizard|95\/100\n|\n|t:|1699380534\n|switch|p1a: Goma Eva|Goodra-Hisui, M|100\/100|[from] U-turn\n|-damage|p1a: Goma Eva|95\/100|[from] Stealth Rock\n|move|p2a: Charizard|Air Slash|p1a: Goma Eva\n|-resisted|p1a: Goma Eva\n|-damage|p1a: Goma Eva|86\/100\n|\n|-weather|SunnyDay|[upkeep]\n|upkeep\n|turn|8\n|\n|t:|1699380545\n|move|p2a: Charizard|Weather Ball|p1a: Goma Eva\n|-damage|p1a: Goma Eva|54\/100\n|move|p1a: Goma Eva|Thunderbolt|p2a: Charizard\n|-supereffective|p2a: Charizard\n|-damage|p2a: Charizard|52\/100\n|\n|-weather|SunnyDay|[upkeep]\n|-sideend|p1: Nickalip|move: Aurora Veil\n|upkeep\n|turn|9\n|\n|t:|1699380561\n|move|p2a: Charizard|Weather Ball|p1a: Goma Eva\n|-damage|p1a: Goma Eva|0 fnt\n|faint|p1a: Goma Eva\n|\n|-weather|SunnyDay|[upkeep]\n|upkeep\n|\n|t:|1699380573\n|switch|p1a: Chimuelo|Roaring Moon|100\/100\n|-damage|p1a: Chimuelo|88\/100|[from] Stealth Rock\n|-activate|p1a: Chimuelo|ability: Protosynthesis\n|-start|p1a: Chimuelo|protosynthesisatk\n|turn|10\n|\n|t:|1699380583\n|move|p1a: Chimuelo|Acrobatics|p2a: Charizard\n|-crit|p2a: Charizard\n|-damage|p2a: Charizard|0 fnt\n|faint|p2a: Charizard\n|\n|-weather|SunnyDay|[upkeep]\n|upkeep\n|\n|t:|1699380588\n|switch|p2a: Heracross|Heracross, F|100\/100\n|turn|11\n|inactive|Nickalip has 270 seconds left.\n|\n|t:|1699380620\n|move|p2a: Heracross|Megahorn|p1a: Chimuelo\n|-supereffective|p1a: Chimuelo\n|-damage|p1a: Chimuelo|0 fnt\n|faint|p1a: Chimuelo\n|-end|p1a: Chimuelo|Protosynthesis|[silent]\n|-ability|p2a: Heracross|Moxie|boost\n|-boost|p2a: Heracross|atk|1\n|\n|-weather|none\n|upkeep\n|inactive|Nickalip has 270 seconds left.\n|\n|t:|1699380640\n|switch|p1a: Ola|Ninetales-Alola, F|100\/100\n|-damage|p1a: Ola|75\/100|[from] Stealth Rock\n|-weather|Snow|[from] ability: Snow Warning|[of] p1a: Ola\n|turn|12\n|\n|t:|1699380652\n|switch|p2a: Lucario|Lucario, F|100\/100\n|move|p1a: Ola|Aurora Veil|p1a: Ola\n|-sidestart|p1: Nickalip|move: Aurora Veil\n|\n|-weather|Snow|[upkeep]\n|upkeep\n|turn|13\n|inactive|Nickalip has 270 seconds left.\n|\n|t:|1699380659\n|move|p1a: Ola|Protect|p1a: Ola\n|-singleturn|p1a: Ola|Protect\n|move|p2a: Lucario|Flash Cannon|p1a: Ola\n|-activate|p1a: Ola|move: Protect\n|\n|-weather|Snow|[upkeep]\n|upkeep\n|turn|14\n|\n|t:|1699380666\n|move|p1a: Ola|Encore|p2a: Lucario\n|-start|p2a: Lucario|Encore\n|move|p2a: Lucario|Flash Cannon|p1a: Ola\n|-supereffective|p1a: Ola\n|-damage|p1a: Ola|0 fnt\n|faint|p1a: Ola\n|\n|-weather|Snow|[upkeep]\n|upkeep\n|\n|t:|1699380676\n|switch|p1a: Skipper|Iron Bundle|100\/100\n|-damage|p1a: Skipper|76\/100|[from] Stealth Rock\n|turn|15\n|\n|t:|1699380687\n|move|p1a: Skipper|Ice Beam|p2a: Lucario\n|-resisted|p2a: Lucario\n|-damage|p2a: Lucario|55\/100\n|move|p2a: Lucario|Flash Cannon|p1a: Skipper\n|-damage|p1a: Skipper|33\/100\n|\n|-weather|Snow|[upkeep]\n|upkeep\n|turn|16\n|\n|t:|1699380695\n|move|p1a: Skipper|Ice Beam|p2a: Lucario\n|-resisted|p2a: Lucario\n|-damage|p2a: Lucario|10\/100\n|move|p2a: Lucario|Flash Cannon|p1a: Skipper\n|-damage|p1a: Skipper|0 fnt\n|faint|p1a: Skipper\n|-end|p1a: Skipper|Quark Drive|[silent]\n|\n|-weather|none\n|-end|p2a: Lucario|Encore\n|upkeep\n|\n|t:|1699380704\n|switch|p1a: Volcabrona|Volcarona, M|91\/100\n|-damage|p1a: Volcabrona|41\/100|[from] Stealth Rock\n|turn|17\n|\n|t:|1699380711\n|move|p1a: Volcabrona|Quiver Dance|p1a: Volcabrona\n|-boost|p1a: Volcabrona|spa|1\n|-boost|p1a: Volcabrona|spd|1\n|-boost|p1a: Volcabrona|spe|1\n|move|p2a: Lucario|Dragon Pulse|p1a: Volcabrona\n|-damage|p1a: Volcabrona|31\/100\n|\n|-heal|p1a: Volcabrona|37\/100|[from] item: Leftovers\n|upkeep\n|turn|18\n|\n|t:|1699380721\n|move|p1a: Volcabrona|Fiery Dance|p2a: Lucario\n|-supereffective|p2a: Lucario\n|-damage|p2a: Lucario|0 fnt\n|faint|p2a: Lucario\n|\n|-heal|p1a: Volcabrona|43\/100|[from] item: Leftovers\n|upkeep\n|\n|t:|1699380731\n|switch|p2a: Heracross|Heracross, F|100\/100\n|turn|19\n|\n|t:|1699380735\n|move|p1a: Volcabrona|Fiery Dance|p2a: Heracross\n|-supereffective|p2a: Heracross\n|-damage|p2a: Heracross|0 fnt\n|-boost|p1a: Volcabrona|spa|1\n|faint|p2a: Heracross\n|\n|-heal|p1a: Volcabrona|49\/100|[from] item: Leftovers\n|-sideend|p1: Nickalip|move: Aurora Veil\n|upkeep\n|\n|t:|1699380739\n|switch|p2a: Boltund|Boltund, M|100\/100\n|turn|20\n|\n|t:|1699380757\n|move|p1a: Volcabrona|Giga Drain|p2a: Boltund\n|-damage|p2a: Boltund|46\/100\n|-heal|p1a: Volcabrona|74\/100|[from] drain|[of] p2a: Boltund\n|move|p2a: Boltund|Thunder Fang|p1a: Volcabrona\n|-damage|p1a: Volcabrona|11\/100\n|\n|-heal|p1a: Volcabrona|17\/100|[from] item: Leftovers\n|upkeep\n|turn|21\n|\n|t:|1699380767\n|move|p1a: Volcabrona|Giga Drain|p2a: Boltund\n|-damage|p2a: Boltund|0 fnt\n|-heal|p1a: Volcabrona|37\/100|[from] drain|[of] p2a: Boltund\n|faint|p2a: Boltund\n|\n|-heal|p1a: Volcabrona|43\/100|[from] item: Leftovers\n|upkeep\n|\n|t:|1699380769\n|switch|p2a: Sceptile|Sceptile, F|100\/100\n|turn|22\n|\n|t:|1699380776\n|move|p1a: Volcabrona|Fiery Dance|p2a: Sceptile\n|-supereffective|p2a: Sceptile\n|-damage|p2a: Sceptile|0 fnt\n|-boost|p1a: Volcabrona|spa|1\n|faint|p2a: Sceptile\n|\n|win|Nickalip\n","uploadtime":1699380785,"views":5,"p1id":"nickalip","p2id":"benjaii","formatid":"gen9nationaldexubers","rating":0,"private":0,"password":""}