{"id":"gen9nationaldexubers-1978660611","p1":"700club","p2":"thattomattguy","format":"[Gen 9] National Dex Ubers","log":"|j|\u2606700club\n|j|\u2606thattomattguy\n|t:|1698576736\n|gametype|singles\n|player|p1|700club|shadowtriad|1156\n|player|p2|thattomattguy|102|1046\n|teamsize|p1|6\n|teamsize|p2|6\n|gen|9\n|tier|[Gen 9] National Dex Ubers\n|rated|\n|rule|HP Percentage Mod: HP is shown in percentages\n|rule|Endless Battle Clause: Forcing endless battles is banned\n|rule|OHKO Clause: OHKO moves are banned\n|rule|Evasion Moves Clause: Evasion moves are banned\n|rule|Evasion Items Clause: Evasion items are banned\n|rule|Species Clause: Limit one of each Pok\u00e9mon\n|rule|Sleep Clause Mod: Limit one foe put to sleep\n|rule|Mega Rayquaza Clause: You cannot mega evolve Rayquaza\n|clearpoke\n|poke|p1|Ogerpon-Hearthflame, F|\n|poke|p1|Ditto|\n|poke|p1|Deoxys-Speed|\n|poke|p1|Mewtwo|\n|poke|p1|Necrozma-Dusk-Mane|\n|poke|p1|Calyrex-Ice|\n|poke|p2|Marshadow|\n|poke|p2|Metagross|\n|poke|p2|Cinderace, F|\n|poke|p2|Hydreigon, F|\n|poke|p2|Corviknight, F|\n|poke|p2|Toxapex, F|\n|teampreview\n|c|\u2606700club|hi\n|\n|t:|1698576761\n|start\n|switch|p1a: Mewtwo|Mewtwo|100\/100\n|switch|p2a: Cinderace|Cinderace, F|100\/100\n|-ability|p1a: Mewtwo|Unnerve\n|turn|1\n|\n|t:|1698576775\n|detailschange|p1a: Mewtwo|Mewtwo-Mega-Y\n|-mega|p1a: Mewtwo|Mewtwo|Mewtwonite Y\n|move|p1a: Mewtwo|Psystrike|p2a: Cinderace\n|-damage|p2a: Cinderace|2\/100\n|move|p2a: Cinderace|U-turn|p1a: Mewtwo\n|-start|p2a: Cinderace|typechange|Bug|[from] ability: Libero\n|-supereffective|p1a: Mewtwo\n|-damage|p1a: Mewtwo|15\/100\n|\n|t:|1698576802\n|switch|p2a: Hydreigon|Hydreigon, F|100\/100|[from] U-turn\n|\n|upkeep\n|turn|2\n|\n|t:|1698576812\n|move|p2a: Hydreigon|Dark Pulse|p1a: Mewtwo\n|-supereffective|p1a: Mewtwo\n|-damage|p1a: Mewtwo|0 fnt\n|faint|p1a: Mewtwo\n|\n|upkeep\n|c|\u2606thattomattguy|hi\n|\n|t:|1698576836\n|switch|p1a: Calyrex|Calyrex-Ice|100\/100\n|-ability|p1a: Calyrex|As One\n|-ability|p1a: Calyrex|Unnerve\n|turn|3\n|\n|t:|1698576855\n|-terastallize|p1a: Calyrex|Fire\n|move|p2a: Hydreigon|Dark Pulse|p1a: Calyrex\n|-damage|p1a: Calyrex|67\/100\n|move|p1a: Calyrex|Glacial Lance|p2a: Hydreigon\n|-supereffective|p2a: Hydreigon\n|-damage|p2a: Hydreigon|0 fnt\n|faint|p2a: Hydreigon\n|-ability|p1a: Calyrex|Chilling Neigh|boost\n|-boost|p1a: Calyrex|atk|1\n|\n|upkeep\n|\n|t:|1698576880\n|switch|p2a: Toxapex|Toxapex, F|100\/100\n|turn|4\n|\n|t:|1698576899\n|switch|p1a: Necrozma|Necrozma-Dusk-Mane|100\/100\n|move|p2a: Toxapex|Toxic|p1a: Necrozma\n|-immune|p1a: Necrozma\n|\n|upkeep\n|turn|5\n|\n|t:|1698576925\n|switch|p2a: Corviknight|Corviknight, F|100\/100\n|-ability|p2a: Corviknight|Pressure\n|move|p1a: Necrozma|Dragon Dance|p1a: Necrozma\n|-boost|p1a: Necrozma|atk|1\n|-boost|p1a: Necrozma|spe|1\n|\n|upkeep\n|turn|6\n|\n|t:|1698576940\n|detailschange|p1a: Necrozma|Necrozma-Ultra\n|-burst|p1a: Necrozma|Necrozma|Ultranecrozium Z\n|move|p1a: Necrozma|Stone Edge|p2a: Corviknight\n|-damage|p2a: Corviknight|59\/100\n|move|p2a: Corviknight|Brave Bird|p1a: Necrozma\n|-damage|p1a: Necrozma|65\/100\n|-damage|p2a: Corviknight|49\/100|[from] Recoil\n|\n|-heal|p2a: Corviknight|56\/100|[from] item: Leftovers\n|upkeep\n|turn|7\n|\n|t:|1698576972\n|-zpower|p1a: Necrozma\n|move|p1a: Necrozma|Light That Burns the Sky|p2a: Corviknight|[zeffect]\n|-resisted|p2a: Corviknight\n|-damage|p2a: Corviknight|0 fnt\n|faint|p2a: Corviknight\n|\n|upkeep\n|\n|t:|1698576979\n|switch|p2a: Marshadow|Marshadow|100\/100\n|turn|8\n|\n|t:|1698576987\n|move|p1a: Necrozma|Photon Geyser|p2a: Marshadow\n|-supereffective|p2a: Marshadow\n|-enditem|p2a: Marshadow|Focus Sash\n|-damage|p2a: Marshadow|1\/100\n|move|p2a: Marshadow|Spectral Thief||[still]\n|-clearpositiveboost|p1a: Necrozma|p2a: Marshadow|move: Spectral Thief\n|-boost|p2a: Marshadow|atk|1\n|-boost|p2a: Marshadow|spe|1\n|-anim|p2a: Marshadow|Spectral Thief|p1a: Necrozma\n|-supereffective|p1a: Necrozma\n|-damage|p1a: Necrozma|0 fnt\n|faint|p1a: Necrozma\n|\n|upkeep\n|\n|t:|1698577002\n|switch|p1a: Ditto|Ditto|100\/100\n|-transform|p1a: Ditto|p2a: Marshadow|[from] ability: Imposter\n|turn|9\n|\n|t:|1698577015\n|move|p1a: Ditto|Shadow Sneak|p2a: Marshadow\n|-supereffective|p2a: Marshadow\n|-damage|p2a: Marshadow|0 fnt\n|faint|p2a: Marshadow\n|\n|upkeep\n|\n|t:|1698577024\n|switch|p2a: Toxapex|Toxapex, F|100\/100\n|turn|10\n|\n|t:|1698577042\n|move|p1a: Ditto|Shadow Sneak|p2a: Toxapex\n|-damage|p2a: Toxapex|71\/100\n|move|p2a: Toxapex|Toxic|p1a: Ditto\n|-status|p1a: Ditto|tox\n|\n|-heal|p2a: Toxapex|77\/100|[from] item: Black Sludge\n|-damage|p1a: Ditto|94\/100 tox|[from] psn\n|upkeep\n|turn|11\n|\n|t:|1698577052\n|move|p2a: Toxapex|Baneful Bunker|p2a: Toxapex\n|-singleturn|p2a: Toxapex|move: Protect\n|move|p1a: Ditto|Shadow Sneak|p2a: Toxapex\n|-activate|p2a: Toxapex|move: Protect\n|\n|-heal|p2a: Toxapex|83\/100|[from] item: Black Sludge\n|-damage|p1a: Ditto|82\/100 tox|[from] psn\n|upkeep\n|turn|12\n|\n|t:|1698577064\n|move|p1a: Ditto|Shadow Sneak|p2a: Toxapex\n|-damage|p2a: Toxapex|54\/100\n|move|p2a: Toxapex|Toxic Spikes|p1a: Ditto\n|-sidestart|p1: 700club|move: Toxic Spikes\n|\n|-heal|p2a: Toxapex|61\/100|[from] item: Black Sludge\n|-damage|p1a: Ditto|64\/100 tox|[from] psn\n|upkeep\n|turn|13\n|\n|t:|1698577079\n|switch|p1a: Deoxys|Deoxys-Speed|100\/100\n|-status|p1a: Deoxys|psn\n|-ability|p1a: Deoxys|Pressure\n|move|p2a: Toxapex|Baneful Bunker||[still]\n|-fail|p2a: Toxapex\n|\n|-heal|p2a: Toxapex|67\/100|[from] item: Black Sludge\n|-damage|p1a: Deoxys|88\/100 psn|[from] psn\n|upkeep\n|turn|14\n|\n|t:|1698577089\n|move|p2a: Toxapex|Baneful Bunker|p2a: Toxapex\n|-singleturn|p2a: Toxapex|move: Protect\n|move|p1a: Deoxys|Taunt|p2a: Toxapex\n|-activate|p2a: Toxapex|move: Protect\n|\n|-heal|p2a: Toxapex|73\/100|[from] item: Black Sludge\n|-damage|p1a: Deoxys|76\/100 psn|[from] psn\n|upkeep\n|turn|15\n|\n|t:|1698577101\n|move|p1a: Deoxys|Stealth Rock|p2a: Toxapex\n|-sidestart|p2: thattomattguy|move: Stealth Rock\n|move|p2a: Toxapex|Scald|p1a: Deoxys\n|-crit|p1a: Deoxys\n|-damage|p1a: Deoxys|44\/100 psn\n|\n|-heal|p2a: Toxapex|79\/100|[from] item: Black Sludge\n|-damage|p1a: Deoxys|32\/100 psn|[from] psn\n|upkeep\n|turn|16\n|\n|t:|1698577110\n|move|p1a: Deoxys|Taunt|p2a: Toxapex\n|-start|p2a: Toxapex|move: Taunt\n|move|p2a: Toxapex|Scald|p1a: Deoxys\n|-crit|p1a: Deoxys\n|-damage|p1a: Deoxys|3\/100 psn\n|\n|-heal|p2a: Toxapex|86\/100|[from] item: Black Sludge\n|-damage|p1a: Deoxys|0 fnt|[from] psn\n|faint|p1a: Deoxys\n|upkeep\n|\n|t:|1698577125\n|switch|p1a: Calyrex|Calyrex-Ice, tera:Fire|67\/100\n|-ability|p1a: Calyrex|As One\n|-ability|p1a: Calyrex|Unnerve\n|-status|p1a: Calyrex|psn\n|turn|17\n|\n|t:|1698577140\n|move|p1a: Calyrex|High Horsepower|p2a: Toxapex\n|-supereffective|p2a: Toxapex\n|-damage|p2a: Toxapex|6\/100\n|move|p2a: Toxapex|Scald|p1a: Calyrex\n|-supereffective|p1a: Calyrex\n|-crit|p1a: Calyrex\n|-damage|p1a: Calyrex|30\/100 psn\n|\n|-heal|p2a: Toxapex|12\/100|[from] item: Black Sludge\n|-damage|p1a: Calyrex|17\/100 psn|[from] psn\n|upkeep\n|turn|18\n|\n|t:|1698577156\n|move|p1a: Calyrex|High Horsepower|p2a: Toxapex\n|-supereffective|p2a: Toxapex\n|-damage|p2a: Toxapex|0 fnt\n|faint|p2a: Toxapex\n|-ability|p1a: Calyrex|Chilling Neigh|boost\n|-boost|p1a: Calyrex|atk|1\n|\n|-damage|p1a: Calyrex|5\/100 psn|[from] psn\n|upkeep\n|\n|t:|1698577172\n|switch|p2a: Cinderace|Cinderace, F|2\/100\n|turn|19\n|\n|t:|1698577189\n|move|p2a: Cinderace|U-turn|p1a: Calyrex\n|-start|p2a: Cinderace|typechange|Bug|[from] ability: Libero\n|-resisted|p1a: Calyrex\n|-damage|p1a: Calyrex|0 fnt\n|faint|p1a: Calyrex\n|\n|t:|1698577195\n|switch|p2a: Metagross|Metagross, shiny|100\/100|[from] U-turn\n|-damage|p2a: Metagross|95\/100|[from] Stealth Rock\n|\n|upkeep\n|\n|t:|1698577202\n|switch|p1a: Ogerpon|Ogerpon-Hearthflame, F|100\/100\n|-status|p1a: Ogerpon|psn\n|-ability|p1a: Ogerpon|Mold Breaker\n|turn|20\n|\n|t:|1698577214\n|detailschange|p2a: Metagross|Metagross-Mega, shiny\n|-mega|p2a: Metagross|Metagross|Metagrossite\n|move|p1a: Ogerpon|Ivy Cudgel|p2a: Metagross\n|-supereffective|p2a: Metagross\n|-damage|p2a: Metagross|23\/100\n|move|p2a: Metagross|Zen Headbutt|p1a: Ogerpon\n|-damage|p1a: Ogerpon|36\/100 psn\n|\n|-damage|p1a: Ogerpon|23\/100 psn|[from] psn\n|upkeep\n|turn|21\n|\n|t:|1698577232\n|move|p2a: Metagross|Hammer Arm|p1a: Ogerpon\n|-damage|p1a: Ogerpon|0 fnt\n|-unboost|p2a: Metagross|spe|1\n|faint|p1a: Ogerpon\n|\n|upkeep\n|\n|t:|1698577238\n|switch|p1a: Ditto|Ditto|64\/100 tox\n|-transform|p1a: Ditto|p2a: Metagross|[from] ability: Imposter\n|turn|22\n|c|\u2606700club|wp\n|c|\u2606thattomattguy|you too\n|\n|t:|1698577285\n|move|p1a: Ditto|Meteor Mash|p2a: Metagross\n|-resisted|p2a: Metagross\n|-damage|p2a: Metagross|0 fnt\n|-boost|p1a: Ditto|atk|1\n|faint|p2a: Metagross\n|\n|-damage|p1a: Ditto|58\/100 tox|[from] psn\n|upkeep\n|\n|t:|1698577294\n|switch|p2a: Cinderace|Cinderace, F|2\/100\n|turn|23\n|c|\u2606700club|thx\n|\n|t:|1698577300\n|move|p2a: Cinderace|Pyro Ball|p1a: Ditto\n|-supereffective|p1a: Ditto\n|-damage|p1a: Ditto|0 fnt\n|faint|p1a: Ditto\n|\n|win|thattomattguy\n|raw|700club's rating: 1177 &rarr; <strong>1143<\/strong><br \/>(-34 for losing)\n|raw|thattomattguy's rating: 1046 &rarr; <strong>1091<\/strong><br \/>(+45 for winning)\n","uploadtime":1698577308,"views":23,"p1id":"700club","p2id":"thattomattguy","formatid":"gen9nationaldexubers","rating":1091,"private":0,"password":""}