{"id":"gen9nationaldexubers-1988512925","p1":"qwertyxcvbnm","p2":"Kye_Akashi","format":"[Gen 9] National Dex Ubers","log":"|j|\u2606qwertyxcvbnm\n|j|\u2606Kye_Akashi\n|t:|1699730932\n|gametype|singles\n|player|p1|qwertyxcvbnm|ghetsis|1065\n|player|p2|Kye_Akashi|n|1068\n|teamsize|p1|6\n|teamsize|p2|6\n|gen|9\n|tier|[Gen 9] National Dex Ubers\n|rated|\n|rule|HP Percentage Mod: HP is shown in percentages\n|rule|Endless Battle Clause: Forcing endless battles is banned\n|rule|OHKO Clause: OHKO moves are banned\n|rule|Evasion Moves Clause: Evasion moves are banned\n|rule|Evasion Items Clause: Evasion items are banned\n|rule|Species Clause: Limit one of each Pok\u00e9mon\n|rule|Sleep Clause Mod: Limit one foe put to sleep\n|rule|Mega Rayquaza Clause: You cannot mega evolve Rayquaza\n|clearpoke\n|poke|p1|Giratina-Origin|\n|poke|p1|Palkia|\n|poke|p1|Dialga|\n|poke|p1|Regigigas|\n|poke|p1|Shaymin|\n|poke|p1|Darkrai|\n|poke|p2|Lucario, F|\n|poke|p2|Slowbro, M|\n|poke|p2|Aegislash, F|\n|poke|p2|Gardevoir, M|\n|poke|p2|Talonflame, M|\n|poke|p2|Tyranitar, F|\n|teampreview\n|\n|t:|1699730949\n|start\n|switch|p1a: Darkrai|Darkrai, shiny|100\/100\n|switch|p2a: Tyranitar|Tyranitar, F|100\/100\n|-weather|Sandstorm|[from] ability: Sand Stream|[of] p2a: Tyranitar\n|turn|1\n|\n|t:|1699730957\n|switch|p1a: Dialga|Dialga, shiny|100\/100\n|-ability|p1a: Dialga|Pressure\n|move|p2a: Tyranitar|Dragon Dance|p2a: Tyranitar\n|-boost|p2a: Tyranitar|atk|1\n|-boost|p2a: Tyranitar|spe|1\n|\n|-weather|Sandstorm|[upkeep]\n|upkeep\n|turn|2\n|c|\u2606qwertyxcvbnm|!weak tyranitar\n|c| qwertyxcvbnm|\/raw <div class=\"infobox\">Tyranitar (ignoring abilities):<br \/><span class=\"message-effect-weak\">Weaknesses<\/span>: Bug, Fairy, <b>Fighting<\/b>, Grass, Ground, Steel, Water<br \/><span class=\"message-effect-resist\">Resistances<\/span>: Dark, Fire, Flying, Ghost, Normal, Poison<br \/><span class=\"message-effect-immune\">Immunities<\/span>: Psychic, Prankster, Sandstorm damage<\/div>\n|inactive|Battle timer is ON: inactive players will automatically lose when time's up. (requested by qwertyxcvbnm)\n|\n|t:|1699731023\n|switch|p1a: Giratina|Giratina-Origin, shiny|100\/100\n|move|p2a: Tyranitar|Earthquake|p1a: Giratina\n|-immune|p1a: Giratina|[from] ability: Levitate\n|\n|-weather|Sandstorm|[upkeep]\n|-damage|p1a: Giratina|94\/100|[from] Sandstorm\n|upkeep\n|turn|3\n|\n|t:|1699731034\n|move|p2a: Tyranitar|Crunch|p1a: Giratina\n|-supereffective|p1a: Giratina\n|-crit|p1a: Giratina\n|-damage|p1a: Giratina|0 fnt\n|faint|p1a: Giratina\n|\n|-weather|Sandstorm|[upkeep]\n|upkeep\n|\n|t:|1699731040\n|switch|p1a: Palkia|Palkia, shiny|100\/100\n|-ability|p1a: Palkia|Pressure\n|turn|4\n|\n|t:|1699731049\n|move|p2a: Tyranitar|Stone Edge|p1a: Palkia\n|-damage|p1a: Palkia|27\/100\n|move|p1a: Palkia|Brick Break|p2a: Tyranitar\n|-supereffective|p2a: Tyranitar\n|-damage|p2a: Tyranitar|30\/100\n|\n|-weather|Sandstorm|[upkeep]\n|-damage|p1a: Palkia|21\/100|[from] Sandstorm\n|-heal|p2a: Tyranitar|36\/100|[from] item: Leftovers\n|upkeep\n|turn|5\n|\n|t:|1699731060\n|move|p2a: Tyranitar|Crunch|p1a: Palkia\n|-damage|p1a: Palkia|0 fnt\n|faint|p1a: Palkia\n|\n|-weather|none\n|-heal|p2a: Tyranitar|42\/100|[from] item: Leftovers\n|upkeep\n|\n|t:|1699731066\n|switch|p1a: Regigigas|Regigigas, shiny|100\/100\n|-start|p1a: Regigigas|ability: Slow Start\n|turn|6\n|\n|t:|1699731075\n|move|p2a: Tyranitar|Stone Edge|p1a: Regigigas|[miss]\n|-miss|p2a: Tyranitar|p1a: Regigigas\n|-zpower|p1a: Regigigas\n|move|p1a: Regigigas|Breakneck Blitz|p2a: Tyranitar|[zeffect]\n|-resisted|p2a: Tyranitar\n|-damage|p2a: Tyranitar|20\/100\n|\n|-heal|p2a: Tyranitar|27\/100|[from] item: Leftovers\n|upkeep\n|turn|7\n|\n|t:|1699731096\n|move|p2a: Tyranitar|Stone Edge|p1a: Regigigas|[miss]\n|-miss|p2a: Tyranitar|p1a: Regigigas\n|move|p1a: Regigigas|Body Press|p2a: Tyranitar\n|-supereffective|p2a: Tyranitar\n|-damage|p2a: Tyranitar|0 fnt\n|faint|p2a: Tyranitar\n|\n|upkeep\n|\n|t:|1699731105\n|switch|p2a: Aegislash|Aegislash, F|100\/100\n|turn|8\n|c|\u2606qwertyxcvbnm|!weak aegislash\n|c| qwertyxcvbnm|\/raw <div class=\"infobox\">Aegislash (ignoring abilities):<br \/><span class=\"message-effect-weak\">Weaknesses<\/span>: Dark, Fire, Ghost, Ground<br \/><span class=\"message-effect-resist\">Resistances<\/span>: <b>Bug<\/b>, Dragon, Fairy, Flying, Grass, Ice, Psychic, Rock, Steel<br \/><span class=\"message-effect-immune\">Immunities<\/span>: Fighting, Normal, Poison, Sandstorm damage, Toxic, Trapping<\/div>\n|inactive|qwertyxcvbnm has 120 seconds left.\n|\n|t:|1699731131\n|-formechange|p2a: Aegislash|Aegislash-Blade||[from] ability: Stance Change\n|move|p2a: Aegislash|Sacred Sword|p1a: Regigigas\n|-supereffective|p1a: Regigigas\n|-damage|p1a: Regigigas|37\/100\n|move|p1a: Regigigas|Darkest Lariat|p2a: Aegislash\n|-supereffective|p2a: Aegislash\n|-damage|p2a: Aegislash|46\/100\n|\n|upkeep\n|turn|9\n|\n|t:|1699731140\n|move|p2a: Aegislash|Sacred Sword|p1a: Regigigas\n|-supereffective|p1a: Regigigas\n|-damage|p1a: Regigigas|0 fnt\n|faint|p1a: Regigigas\n|-end|p1a: Regigigas|Slow Start|[silent]\n|\n|upkeep\n|\n|t:|1699731146\n|switch|p1a: Darkrai|Darkrai, shiny|100\/100\n|turn|10\n|\n|t:|1699731158\n|-formechange|p2a: Aegislash|Aegislash||[from] ability: Stance Change\n|move|p2a: Aegislash|King's Shield|p2a: Aegislash\n|-singleturn|p2a: Aegislash|Protect\n|move|p1a: Darkrai|Dark Void|p2a: Aegislash\n|-status|p2a: Aegislash|slp|[from] move: Dark Void\n|\n|-damage|p2a: Aegislash|33\/100 slp|[from] ability: Bad Dreams|[of] p1a: Darkrai\n|upkeep\n|turn|11\n|\n|t:|1699731181\n|move|p1a: Darkrai|Dark Pulse|p2a: Aegislash\n|-supereffective|p2a: Aegislash\n|-damage|p2a: Aegislash|0 fnt\n|faint|p2a: Aegislash\n|\n|upkeep\n|\n|t:|1699731190\n|switch|p2a: Lucario|Lucario, F|100\/100\n|turn|12\n|\n|t:|1699731194\n|detailschange|p2a: Lucario|Lucario-Mega, F\n|-mega|p2a: Lucario|Lucario|Lucarionite\n|move|p2a: Lucario|Close Combat|p1a: Darkrai\n|-supereffective|p1a: Darkrai\n|-damage|p1a: Darkrai|0 fnt\n|-unboost|p2a: Lucario|def|1\n|-unboost|p2a: Lucario|spd|1\n|faint|p1a: Darkrai\n|\n|upkeep\n|c|\u2606qwertyxcvbnm|!weak lucariomega\n|c| qwertyxcvbnm|\/raw <div class=\"infobox\">Lucario-Mega (ignoring abilities):<br \/><span class=\"message-effect-weak\">Weaknesses<\/span>: Fighting, Fire, Ground<br \/><span class=\"message-effect-resist\">Resistances<\/span>: <b>Bug<\/b>, Dark, Dragon, Grass, Ice, Normal, <b>Rock<\/b>, Steel<br \/><span class=\"message-effect-immune\">Immunities<\/span>: Poison, Sandstorm damage, Toxic<\/div>\n|\n|t:|1699731212\n|switch|p1a: Dialga|Dialga, shiny|100\/100\n|-ability|p1a: Dialga|Pressure\n|turn|13\n|\n|t:|1699731224\n|move|p2a: Lucario|Swords Dance|p2a: Lucario\n|-boost|p2a: Lucario|atk|2\n|move|p1a: Dialga|Roar of Time|p2a: Lucario\n|-resisted|p2a: Lucario\n|-damage|p2a: Lucario|0 fnt\n|-mustrecharge|p1a: Dialga\n|faint|p2a: Lucario\n|\n|upkeep\n|\n|t:|1699731243\n|switch|p2a: Gardevoir|Gardevoir, M|100\/100\n|turn|14\n|\n|t:|1699731251\n|move|p2a: Gardevoir|Calm Mind|p2a: Gardevoir\n|-boost|p2a: Gardevoir|spa|1\n|-boost|p2a: Gardevoir|spd|1\n|cant|p1a: Dialga|recharge\n|\n|upkeep\n|turn|15\n|c|\u2606qwertyxcvbnm|!weak gardevoir\n|c| qwertyxcvbnm|\/raw <div class=\"infobox\">Gardevoir (ignoring abilities):<br \/><span class=\"message-effect-weak\">Weaknesses<\/span>: Ghost, Poison, Steel<br \/><span class=\"message-effect-resist\">Resistances<\/span>: <b>Fighting<\/b>, Psychic<br \/><span class=\"message-effect-immune\">Immunities<\/span>: Dragon<\/div>\n|\n|t:|1699731276\n|-terastallize|p1a: Dialga|Steel\n|move|p2a: Gardevoir|Mystical Fire|p1a: Dialga\n|-supereffective|p1a: Dialga\n|-damage|p1a: Dialga|40\/100\n|-unboost|p1a: Dialga|spa|1\n|move|p1a: Dialga|Ice Beam|p2a: Gardevoir\n|-damage|p2a: Gardevoir|86\/100\n|-status|p2a: Gardevoir|frz\n|\n|upkeep\n|turn|16\n|\n|t:|1699731288\n|-curestatus|p2a: Gardevoir|frz|[msg]\n|move|p2a: Gardevoir|Mystical Fire|p1a: Dialga\n|-supereffective|p1a: Dialga\n|-damage|p1a: Dialga|0 fnt\n|faint|p1a: Dialga\n|\n|upkeep\n|\n|t:|1699731295\n|switch|p1a: Shaymin|Shaymin, shiny|100\/100\n|turn|17\n|\n|t:|1699731301\n|move|p2a: Gardevoir|Mystical Fire|p1a: Shaymin\n|-supereffective|p1a: Shaymin\n|-damage|p1a: Shaymin|31\/100\n|move|p1a: Shaymin|Leech Seed|p2a: Gardevoir\n|-start|p2a: Gardevoir|move: Leech Seed\n|\n|-damage|p2a: Gardevoir|73\/100|[from] Leech Seed|[of] p1a: Shaymin\n|-heal|p1a: Shaymin|40\/100|[silent]\n|upkeep\n|turn|18\n|\n|t:|1699731309\n|move|p2a: Gardevoir|Mystical Fire|p1a: Shaymin\n|-supereffective|p1a: Shaymin\n|-damage|p1a: Shaymin|0 fnt\n|faint|p1a: Shaymin\n|\n|win|Kye_Akashi\n|raw|qwertyxcvbnm's rating: 1065 &rarr; <strong>1045<\/strong><br \/>(-20 for losing)\n|raw|Kye_Akashi's rating: 1068 &rarr; <strong>1098<\/strong><br \/>(+30 for winning)\n|l|\u2606qwertyxcvbnm\n","uploadtime":1699731314,"views":8,"p1id":"qwertyxcvbnm","p2id":"kyeakashi","formatid":"gen9nationaldexubers","rating":1045,"private":0,"password":""}