{"id":"gen9nationaldexubers-1994295769","p1":"Harmony6","p2":"Big Chungus irl","format":"[Gen 9] National Dex Ubers","log":"|j|\u2606Harmony6\n|j|\u2606Big Chungus irl\n|t:|1700428160\n|gametype|singles\n|player|p1|Harmony6|lady-gen4|\n|player|p2|Big Chungus irl|firebreather|\n|teamsize|p1|6\n|teamsize|p2|6\n|gen|9\n|tier|[Gen 9] National Dex Ubers\n|rule|HP Percentage Mod: HP is shown in percentages\n|rule|Endless Battle Clause: Forcing endless battles is banned\n|rule|OHKO Clause: OHKO moves are banned\n|rule|Evasion Moves Clause: Evasion moves are banned\n|rule|Evasion Items Clause: Evasion items are banned\n|rule|Species Clause: Limit one of each Pok\u00e9mon\n|rule|Sleep Clause Mod: Limit one foe put to sleep\n|rule|Mega Rayquaza Clause: You cannot mega evolve Rayquaza\n|clearpoke\n|poke|p1|Lopunny, M|\n|poke|p1|Ferrothorn, F|\n|poke|p1|Zapdos|\n|poke|p1|Skeledirge, M|\n|poke|p1|Muk-Alola, M|\n|poke|p1|Hatterene, F|\n|poke|p2|Corviknight, M|\n|poke|p2|Charizard, M|\n|poke|p2|Landorus-Therian, M|\n|poke|p2|Zapdos|\n|poke|p2|Mantine, M|\n|poke|p2|Celesteela|\n|teampreview\n|\n|t:|1700428178\n|start\n|switch|p1a: Zapdos|Zapdos|100\/100\n|switch|p2a: Zapdos|Zapdos|100\/100\n|turn|1\n|\n|t:|1700428215\n|move|p2a: Zapdos|Volt Switch|p1a: Zapdos\n|-damage|p1a: Zapdos|52\/100\n|\n|t:|1700428223\n|switch|p2a: Landorus|Landorus-Therian, M|100\/100|[from] Volt Switch\n|-ability|p2a: Landorus|Intimidate|boost\n|-unboost|p1a: Zapdos|atk|1\n|move|p1a: Zapdos|Roost|p1a: Zapdos\n|-heal|p1a: Zapdos|100\/100\n|-singleturn|p1a: Zapdos|move: Roost\n|\n|upkeep\n|turn|2\n|\n|t:|1700428254\n|switch|p1a: Ferrothorn|Ferrothorn, F|100\/100\n|move|p2a: Landorus|Swords Dance|p2a: Landorus\n|-boost|p2a: Landorus|atk|2\n|\n|upkeep\n|turn|3\n|\n|t:|1700428265\n|move|p2a: Landorus|Earthquake|p1a: Ferrothorn\n|-damage|p1a: Ferrothorn|16\/100\n|move|p1a: Ferrothorn|Leech Seed|p2a: Landorus\n|-start|p2a: Landorus|move: Leech Seed\n|\n|-heal|p1a: Ferrothorn|22\/100|[from] item: Leftovers\n|-damage|p2a: Landorus|88\/100|[from] Leech Seed|[of] p1a: Ferrothorn\n|-heal|p1a: Ferrothorn|34\/100|[silent]\n|upkeep\n|turn|4\n|\n|t:|1700428283\n|move|p2a: Landorus|Knock Off|p1a: Ferrothorn\n|-damage|p1a: Ferrothorn|0 fnt\n|-damage|p2a: Landorus|76\/100|[from] ability: Iron Barbs|[of] p1a: Ferrothorn\n|-enditem|p1a: Ferrothorn|Leftovers|[from] move: Knock Off|[of] p2a: Landorus\n|faint|p1a: Ferrothorn\n|\n|upkeep\n|\n|t:|1700428286\n|switch|p1a: Lopunny|Lopunny, M|100\/100\n|turn|5\n|\n|t:|1700428289\n|switch|p2a: Corviknight|Corviknight, M|100\/100\n|-ability|p2a: Corviknight|Pressure\n|detailschange|p1a: Lopunny|Lopunny-Mega, M\n|-mega|p1a: Lopunny|Lopunny|Lopunnite\n|move|p1a: Lopunny|Fake Out|p2a: Corviknight\n|-resisted|p2a: Corviknight\n|-damage|p2a: Corviknight|94\/100\n|\n|upkeep\n|turn|6\n|\n|t:|1700428297\n|move|p1a: Lopunny|U-turn|p2a: Corviknight\n|-resisted|p2a: Corviknight\n|-crit|p2a: Corviknight\n|-damage|p2a: Corviknight|89\/100\n|\n|t:|1700428299\n|switch|p1a: Zapdos|Zapdos|100\/100|[from] U-turn\n|move|p2a: Corviknight|U-turn|p1a: Zapdos\n|-resisted|p1a: Zapdos\n|-damage|p1a: Zapdos|96\/100\n|-status|p2a: Corviknight|par|[from] ability: Static|[of] p1a: Zapdos\n|\n|t:|1700428308\n|switch|p2a: Landorus|Landorus-Therian, M|76\/100|[from] U-turn\n|-ability|p2a: Landorus|Intimidate|boost\n|-unboost|p1a: Zapdos|atk|1\n|\n|upkeep\n|turn|7\n|\n|t:|1700428332\n|switch|p1a: Lopunny|Lopunny-Mega, M|100\/100\n|move|p2a: Landorus|Stone Edge|p1a: Lopunny\n|-resisted|p1a: Lopunny\n|-damage|p1a: Lopunny|75\/100\n|\n|upkeep\n|turn|8\n|j| disco 2003\n|\n|t:|1700428340\n|switch|p2a: Corviknight|Corviknight, M|89\/100 par\n|-ability|p2a: Corviknight|Pressure\n|move|p1a: Lopunny|Fake Out|p2a: Corviknight\n|-resisted|p2a: Corviknight\n|-damage|p2a: Corviknight|82\/100 par\n|\n|upkeep\n|turn|9\n|\n|t:|1700428344\n|move|p1a: Lopunny|U-turn|p2a: Corviknight\n|-resisted|p2a: Corviknight\n|-damage|p2a: Corviknight|79\/100 par\n|\n|t:|1700428368\n|switch|p1a: Zapdos|Zapdos|96\/100|[from] U-turn\n|cant|p2a: Corviknight|par\n|\n|upkeep\n|turn|10\n|\n|t:|1700428376\n|switch|p2a: Zapdos|Zapdos|100\/100\n|move|p1a: Zapdos|Hurricane|p2a: Zapdos\n|-resisted|p2a: Zapdos\n|-damage|p2a: Zapdos|72\/100\n|\n|upkeep\n|turn|11\n|\n|t:|1700428384\n|move|p2a: Zapdos|Thunderbolt|p1a: Zapdos\n|-damage|p1a: Zapdos|28\/100\n|move|p1a: Zapdos|Roost|p1a: Zapdos\n|-heal|p1a: Zapdos|79\/100\n|-singleturn|p1a: Zapdos|move: Roost\n|\n|upkeep\n|turn|12\n|\n|t:|1700428416\n|switch|p2a: Landorus|Landorus-Therian, M|76\/100\n|-ability|p2a: Landorus|Intimidate|boost\n|-unboost|p1a: Zapdos|atk|1\n|switch|p1a: Muk|Muk-Alola, M|100\/100\n|\n|upkeep\n|turn|13\n|\n|t:|1700428455\n|switch|p1a: Hatterene|Hatterene, F|100\/100\n|move|p2a: Landorus|Earthquake|p1a: Hatterene\n|-damage|p1a: Hatterene|52\/100\n|\n|-heal|p1a: Hatterene|58\/100|[from] item: Leftovers\n|upkeep\n|turn|14\n|\n|t:|1700428482\n|switch|p2a: Celesteela|Celesteela|100\/100\n|move|p1a: Hatterene|Psychic|p2a: Celesteela\n|-resisted|p2a: Celesteela\n|-damage|p2a: Celesteela|88\/100\n|\n|-heal|p2a: Celesteela|94\/100|[from] item: Leftovers\n|-heal|p1a: Hatterene|64\/100|[from] item: Leftovers\n|upkeep\n|turn|15\n|\n|t:|1700428498\n|switch|p1a: Skeledirge|Skeledirge, M|100\/100\n|move|p2a: Celesteela|Leech Seed|p1a: Skeledirge\n|-start|p1a: Skeledirge|move: Leech Seed\n|\n|-heal|p2a: Celesteela|100\/100|[from] item: Leftovers\n|-damage|p1a: Skeledirge|88\/100|[from] Leech Seed|[of] p2a: Celesteela\n|upkeep\n|turn|16\n|\n|t:|1700428503\n|move|p2a: Celesteela|Protect|p2a: Celesteela\n|-singleturn|p2a: Celesteela|Protect\n|move|p1a: Skeledirge|Torch Song|p2a: Celesteela\n|-activate|p2a: Celesteela|move: Protect\n|\n|-damage|p1a: Skeledirge|76\/100|[from] Leech Seed|[of] p2a: Celesteela\n|upkeep\n|turn|17\n|\n|t:|1700428518\n|switch|p2a: Charizard|Charizard, M|100\/100\n|move|p1a: Skeledirge|Torch Song|p2a: Charizard\n|-resisted|p2a: Charizard\n|-damage|p2a: Charizard|82\/100\n|-boost|p1a: Skeledirge|spa|1\n|\n|-damage|p1a: Skeledirge|63\/100|[from] Leech Seed|[of] p2a: Charizard\n|-heal|p2a: Charizard|99\/100|[silent]\n|upkeep\n|turn|18\n|\n|t:|1700428537\n|switch|p1a: Muk|Muk-Alola, M|100\/100\n|detailschange|p2a: Charizard|Charizard-Mega-Y, M\n|-mega|p2a: Charizard|Charizard|Charizardite Y\n|-weather|SunnyDay|[from] ability: Drought|[of] p2a: Charizard\n|move|p2a: Charizard|Weather Ball|p1a: Muk\n|-damage|p1a: Muk|65\/100\n|\n|-weather|SunnyDay|[upkeep]\n|upkeep\n|turn|19\n|l| disco 2003\n|\n|t:|1700428542\n|move|p2a: Charizard|Weather Ball|p1a: Muk\n|-damage|p1a: Muk|29\/100\n|move|p1a: Muk|Poison Jab|p2a: Charizard\n|-damage|p2a: Charizard|56\/100\n|\n|-weather|SunnyDay|[upkeep]\n|upkeep\n|turn|20\n|\n|t:|1700428552\n|switch|p1a: Hatterene|Hatterene, F|64\/100\n|move|p2a: Charizard|Weather Ball|p1a: Hatterene\n|-damage|p1a: Hatterene|0 fnt\n|faint|p1a: Hatterene\n|\n|-weather|SunnyDay|[upkeep]\n|upkeep\n|\n|t:|1700428554\n|switch|p1a: Lopunny|Lopunny-Mega, M|75\/100\n|turn|21\n|\n|t:|1700428560\n|switch|p2a: Corviknight|Corviknight, M|79\/100 par\n|-ability|p2a: Corviknight|Pressure\n|move|p1a: Lopunny|Fake Out|p2a: Corviknight\n|-resisted|p2a: Corviknight\n|-damage|p2a: Corviknight|72\/100 par\n|\n|-weather|SunnyDay|[upkeep]\n|upkeep\n|turn|22\n|\n|t:|1700428569\n|move|p1a: Lopunny|U-turn|p2a: Corviknight\n|-resisted|p2a: Corviknight\n|-damage|p2a: Corviknight|68\/100 par\n|\n|t:|1700428570\n|switch|p1a: Zapdos|Zapdos|79\/100|[from] U-turn\n|cant|p2a: Corviknight|par\n|\n|-weather|none\n|upkeep\n|turn|23\n|\n|t:|1700428580\n|switch|p2a: Landorus|Landorus-Therian, M|76\/100\n|-ability|p2a: Landorus|Intimidate|boost\n|-unboost|p1a: Zapdos|atk|1\n|move|p1a: Zapdos|Discharge|p2a: Landorus\n|-immune|p2a: Landorus\n|\n|upkeep\n|turn|24\n|\n|t:|1700428599\n|switch|p1a: Skeledirge|Skeledirge, M|63\/100\n|move|p2a: Landorus|Stone Edge|p1a: Skeledirge\n|-supereffective|p1a: Skeledirge\n|-crit|p1a: Skeledirge\n|-damage|p1a: Skeledirge|0 fnt\n|faint|p1a: Skeledirge\n|\n|upkeep\n|\n|t:|1700428648\n|switch|p1a: Lopunny|Lopunny-Mega, M|75\/100\n|turn|25\n|\n|t:|1700428660\n|switch|p2a: Mantine|Mantine, M|100\/100\n|move|p1a: Lopunny|Return|p2a: Mantine\n|-damage|p2a: Mantine|52\/100\n|\n|upkeep\n|turn|26\n|\n|t:|1700428666\n|move|p1a: Lopunny|Return|p2a: Mantine\n|-damage|p2a: Mantine|8\/100\n|move|p2a: Mantine|Roost|p2a: Mantine\n|-heal|p2a: Mantine|58\/100\n|-singleturn|p2a: Mantine|move: Roost\n|\n|upkeep\n|turn|27\n|\n|t:|1700428675\n|switch|p2a: Corviknight|Corviknight, M|68\/100 par\n|-ability|p2a: Corviknight|Pressure\n|move|p1a: Lopunny|Return|p2a: Corviknight\n|-resisted|p2a: Corviknight\n|-damage|p2a: Corviknight|51\/100 par\n|\n|upkeep\n|turn|28\n|\n|t:|1700428688\n|move|p1a: Lopunny|Close Combat|p2a: Corviknight\n|-damage|p2a: Corviknight|11\/100 par\n|-unboost|p1a: Lopunny|def|1\n|-unboost|p1a: Lopunny|spd|1\n|move|p2a: Corviknight|Roost|p2a: Corviknight\n|-heal|p2a: Corviknight|61\/100 par\n|-singleturn|p2a: Corviknight|move: Roost\n|\n|upkeep\n|turn|29\n|\n|t:|1700428695\n|switch|p1a: Zapdos|Zapdos|79\/100\n|move|p2a: Corviknight|U-turn|p1a: Zapdos\n|-resisted|p1a: Zapdos\n|-damage|p1a: Zapdos|73\/100\n|\n|t:|1700428698\n|switch|p2a: Zapdos|Zapdos|72\/100|[from] U-turn\n|\n|upkeep\n|turn|30\n|\n|t:|1700428736\n|move|p2a: Zapdos|Thunderbolt|p1a: Zapdos\n|-damage|p1a: Zapdos|8\/100\n|move|p1a: Zapdos|Discharge|p2a: Zapdos\n|-crit|p2a: Zapdos\n|-damage|p2a: Zapdos|10\/100\n|\n|upkeep\n|turn|31\n|\n|t:|1700428743\n|move|p2a: Zapdos|Thunderbolt|p1a: Zapdos\n|-damage|p1a: Zapdos|0 fnt\n|faint|p1a: Zapdos\n|\n|upkeep\n|\n|t:|1700428745\n|switch|p1a: Lopunny|Lopunny-Mega, M|75\/100\n|turn|32\n|\n|t:|1700428750\n|switch|p2a: Corviknight|Corviknight, M|61\/100 par\n|-ability|p2a: Corviknight|Pressure\n|move|p1a: Lopunny|Fake Out|p2a: Corviknight\n|-resisted|p2a: Corviknight\n|-damage|p2a: Corviknight|55\/100 par\n|\n|upkeep\n|turn|33\n|\n|t:|1700428765\n|move|p1a: Lopunny|Close Combat|p2a: Corviknight\n|-damage|p2a: Corviknight|14\/100 par\n|-unboost|p1a: Lopunny|def|1\n|-unboost|p1a: Lopunny|spd|1\n|move|p2a: Corviknight|Brave Bird|p1a: Lopunny\n|-supereffective|p1a: Lopunny\n|-damage|p1a: Lopunny|0 fnt\n|faint|p1a: Lopunny\n|-damage|p2a: Corviknight|0 fnt|[from] Recoil\n|faint|p2a: Corviknight\n|\n|upkeep\n|-message|Harmony6 forfeited.\n|\n|win|Big Chungus irl\n|l|\u2606Harmony6\n|c|\u2606Big Chungus irl|gg\n","uploadtime":1700428775,"views":20,"p1id":"harmony6","p2id":"bigchungusirl","formatid":"gen9nationaldexubers","rating":0,"private":0,"password":""}