{"id":"gen9nationaldexubers-1982724782","p1":"Kdisue","p2":"duckgod1225","format":"[Gen 9] National Dex Ubers","log":"|j|\u2606Kdisue\n|j|\u2606duckgod1225\n|t:|1699039077\n|gametype|singles\n|player|p1|Kdisue|265|1175\n|player|p2|duckgod1225|266|1128\n|teamsize|p1|6\n|teamsize|p2|6\n|gen|9\n|tier|[Gen 9] National Dex Ubers\n|rated|\n|rule|HP Percentage Mod: HP is shown in percentages\n|rule|Endless Battle Clause: Forcing endless battles is banned\n|rule|OHKO Clause: OHKO moves are banned\n|rule|Evasion Moves Clause: Evasion moves are banned\n|rule|Evasion Items Clause: Evasion items are banned\n|rule|Species Clause: Limit one of each Pok\u00e9mon\n|rule|Sleep Clause Mod: Limit one foe put to sleep\n|rule|Mega Rayquaza Clause: You cannot mega evolve Rayquaza\n|clearpoke\n|poke|p1|Taillow, L1, M|\n|poke|p1|Aron, L1, F|\n|poke|p1|Cottonee, L1, M|\n|poke|p1|Arceus-Bug|\n|poke|p1|Genesect-Douse|\n|poke|p1|Forretress, F|\n|poke|p2|Tapu Koko|\n|poke|p2|Iron Bundle|\n|poke|p2|Iron Treads|\n|poke|p2|Iron Valiant|\n|poke|p2|Iron Moth|\n|poke|p2|Pincurchin, F|\n|teampreview\n|inactive|Battle timer is ON: inactive players will automatically lose when time's up. (requested by duckgod1225)\n|\n|t:|1699039091\n|start\n|switch|p1a: General|Genesect-Douse, shiny|100\/100\n|switch|p2a: Tapu Koko|Tapu Koko|100\/100\n|-fieldstart|move: Electric Terrain|[from] ability: Electric Surge|[of] p2a: Tapu Koko\n|-ability|p1a: General|Download|boost\n|-boost|p1a: General|spa|1\n|turn|1\n|\n|t:|1699039102\n|move|p2a: Tapu Koko|U-turn|p1a: General\n|-resisted|p1a: General\n|-damage|p1a: General|86\/100\n|\n|t:|1699039110\n|switch|p2a: Iron Moth|Iron Moth|100\/100|[from] U-turn\n|-activate|p2a: Iron Moth|ability: Quark Drive\n|-start|p2a: Iron Moth|quarkdrivespe\n|move|p1a: General|Techno Blast|p2a: Iron Moth\n|-supereffective|p2a: Iron Moth\n|-damage|p2a: Iron Moth|5\/100\n|\n|upkeep\n|turn|2\n|\n|t:|1699039123\n|move|p1a: General|Extreme Speed|p2a: Iron Moth\n|-damage|p2a: Iron Moth|0 fnt\n|faint|p2a: Iron Moth\n|-end|p2a: Iron Moth|Quark Drive|[silent]\n|\n|upkeep\n|\n|t:|1699039130\n|switch|p2a: Iron Treads|Iron Treads|100\/100\n|-activate|p2a: Iron Treads|ability: Quark Drive\n|-start|p2a: Iron Treads|quarkdriveatk\n|turn|3\n|\n|t:|1699039136\n|-terastallize|p1a: General|Water\n|move|p1a: General|Techno Blast|p2a: Iron Treads\n|-supereffective|p2a: Iron Treads\n|-damage|p2a: Iron Treads|0 fnt\n|faint|p2a: Iron Treads\n|-end|p2a: Iron Treads|Quark Drive|[silent]\n|\n|upkeep\n|\n|t:|1699039142\n|switch|p2a: Iron Bundle|Iron Bundle|100\/100\n|-activate|p2a: Iron Bundle|ability: Quark Drive\n|-start|p2a: Iron Bundle|quarkdrivespe\n|turn|4\n|\n|t:|1699039149\n|move|p2a: Iron Bundle|Freeze-Dry|p1a: General\n|-supereffective|p1a: General\n|-damage|p1a: General|0 fnt\n|faint|p1a: General\n|\n|upkeep\n|\n|t:|1699039159\n|switch|p1a: Cottonee|Cottonee, L1, M, shiny|100\/100\n|turn|5\n|\n|t:|1699039165\n|move|p1a: Cottonee|Leech Seed|p2a: Iron Bundle|[miss]\n|-miss|p1a: Cottonee|p2a: Iron Bundle\n|move|p2a: Iron Bundle|Freeze-Dry|p1a: Cottonee\n|-supereffective|p1a: Cottonee\n|-enditem|p1a: Cottonee|Focus Sash\n|-damage|p1a: Cottonee|9\/100\n|\n|upkeep\n|turn|6\n|\n|t:|1699039173\n|move|p1a: Cottonee|Leech Seed|p2a: Iron Bundle\n|-start|p2a: Iron Bundle|move: Leech Seed\n|move|p2a: Iron Bundle|Ice Beam|p1a: Cottonee\n|-supereffective|p1a: Cottonee\n|-damage|p1a: Cottonee|0 fnt\n|faint|p1a: Cottonee\n|\n|upkeep\n|\n|t:|1699039184\n|switch|p1a: Aron|Aron, L1, F, shiny|100\/100\n|turn|7\n|\n|t:|1699039192\n|-end|p2a: Iron Bundle|Quark Drive|[silent]\n|switch|p2a: Iron Valiant|Iron Valiant|100\/100\n|-activate|p2a: Iron Valiant|ability: Quark Drive\n|-start|p2a: Iron Valiant|quarkdrivespe\n|move|p1a: Aron|Sandstorm|p1a: Aron\n|-weather|Sandstorm\n|\n|-weather|Sandstorm|[upkeep]\n|-damage|p2a: Iron Valiant|94\/100|[from] Sandstorm\n|upkeep\n|turn|8\n|\n|t:|1699039204\n|move|p2a: Iron Valiant|Drain Punch|p1a: Aron\n|-supereffective|p1a: Aron\n|-ability|p1a: Aron|Sturdy\n|-damage|p1a: Aron|9\/100\n|-heal|p2a: Iron Valiant|96\/100|[from] drain|[of] p1a: Aron\n|move|p1a: Aron|Endeavor|p2a: Iron Valiant\n|-damage|p2a: Iron Valiant|1\/100\n|-heal|p1a: Aron|100\/100|[from] item: Shell Bell|[of] p2a: Iron Valiant\n|\n|-weather|Sandstorm|[upkeep]\n|-damage|p2a: Iron Valiant|0 fnt|[from] Sandstorm\n|faint|p2a: Iron Valiant\n|-end|p2a: Iron Valiant|Quark Drive|[silent]\n|-fieldend|move: Electric Terrain\n|upkeep\n|\n|t:|1699039220\n|switch|p2a: Tapu Koko|Tapu Koko|100\/100\n|-fieldstart|move: Electric Terrain|[from] ability: Electric Surge|[of] p2a: Tapu Koko\n|turn|9\n|\n|t:|1699039225\n|move|p2a: Tapu Koko|Thunder Wave|p1a: Aron\n|-status|p1a: Aron|par\n|cant|p1a: Aron|par\n|\n|-weather|Sandstorm|[upkeep]\n|-damage|p2a: Tapu Koko|94\/100|[from] Sandstorm\n|upkeep\n|turn|10\n|\n|t:|1699039237\n|move|p2a: Tapu Koko|U-turn|p1a: Aron\n|-resisted|p1a: Aron\n|-ability|p1a: Aron|Sturdy\n|-damage|p1a: Aron|9\/100 par\n|\n|t:|1699039241\n|switch|p2a: Iron Bundle|Iron Bundle|100\/100|[from] U-turn\n|-activate|p2a: Iron Bundle|ability: Quark Drive\n|-start|p2a: Iron Bundle|quarkdrivespe\n|move|p1a: Aron|Endeavor|p2a: Iron Bundle\n|-damage|p2a: Iron Bundle|1\/100\n|-heal|p1a: Aron|100\/100 par|[from] item: Shell Bell|[of] p2a: Iron Bundle\n|\n|-weather|Sandstorm|[upkeep]\n|-damage|p2a: Iron Bundle|0 fnt|[from] Sandstorm\n|faint|p2a: Iron Bundle\n|-end|p2a: Iron Bundle|Quark Drive|[silent]\n|upkeep\n|\n|t:|1699039250\n|switch|p2a: Tapu Koko|Tapu Koko|94\/100\n|turn|11\n|\n|t:|1699039258\n|move|p2a: Tapu Koko|Thunder Punch|p1a: Aron\n|-ability|p1a: Aron|Sturdy\n|-damage|p1a: Aron|9\/100 par\n|move|p1a: Aron|Endeavor|p2a: Tapu Koko\n|-damage|p2a: Tapu Koko|1\/100\n|-heal|p1a: Aron|100\/100 par|[from] item: Shell Bell|[of] p2a: Tapu Koko\n|\n|-weather|none\n|upkeep\n|turn|12\n|\n|t:|1699039270\n|move|p1a: Aron|Protect|p1a: Aron\n|-singleturn|p1a: Aron|Protect\n|move|p2a: Tapu Koko|Thunder Punch|p1a: Aron\n|-activate|p1a: Aron|move: Protect\n|\n|upkeep\n|turn|13\n|\n|t:|1699039278\n|move|p2a: Tapu Koko|Thunder Punch|p1a: Aron\n|-ability|p1a: Aron|Sturdy\n|-damage|p1a: Aron|9\/100 par\n|cant|p1a: Aron|par\n|\n|upkeep\n|turn|14\n|\n|t:|1699039286\n|move|p2a: Tapu Koko|Thunder Punch|p1a: Aron\n|-damage|p1a: Aron|0 fnt\n|faint|p1a: Aron\n|\n|upkeep\n|\n|t:|1699039293\n|switch|p1a: Taillow|Taillow, L1, M, shiny|100\/100\n|turn|15\n|\n|t:|1699039304\n|move|p1a: Taillow|Quick Attack|p2a: Tapu Koko\n|-damage|p2a: Tapu Koko|0 fnt\n|faint|p2a: Tapu Koko\n|\n|upkeep\n|\n|t:|1699039307\n|switch|p2a: Pincurchin|Pincurchin, F|100\/100\n|turn|16\n|\n|t:|1699039312\n|move|p2a: Pincurchin|Rising Voltage|p1a: Taillow\n|-supereffective|p1a: Taillow\n|-enditem|p1a: Taillow|Focus Sash\n|-damage|p1a: Taillow|9\/100\n|move|p1a: Taillow|Endeavor|p2a: Pincurchin\n|-damage|p2a: Pincurchin|1\/100\n|\n|-fieldend|move: Electric Terrain\n|upkeep\n|turn|17\n|\n|t:|1699039322\n|move|p1a: Taillow|Quick Attack|p2a: Pincurchin\n|-damage|p2a: Pincurchin|0 fnt\n|faint|p2a: Pincurchin\n|\n|win|Kdisue\n|raw|Kdisue's rating: 1175 &rarr; <strong>1197<\/strong><br \/>(+22 for winning)\n|raw|duckgod1225's rating: 1128 &rarr; <strong>1106<\/strong><br \/>(-22 for losing)\n|l|\u2606duckgod1225\n","uploadtime":1699039329,"views":6,"p1id":"kdisue","p2id":"duckgod1225","formatid":"gen9nationaldexubers","rating":1106,"private":0,"password":""}