{"id":"gen9nationaldexubers-1984077088","p1":"Fiona V-star","p2":"Mewlover87","format":"[Gen 9] National Dex Ubers","log":"|j|\u2606Fiona V-star\n|j|\u2606Mewlover87\n|t:|1699216309\n|gametype|singles\n|player|p1|Fiona V-star|cynthia-gen4|1037\n|player|p2|Mewlover87|iris|1004\n|teamsize|p1|6\n|teamsize|p2|6\n|gen|9\n|tier|[Gen 9] National Dex Ubers\n|rated|\n|rule|HP Percentage Mod: HP is shown in percentages\n|rule|Endless Battle Clause: Forcing endless battles is banned\n|rule|OHKO Clause: OHKO moves are banned\n|rule|Evasion Moves Clause: Evasion moves are banned\n|rule|Evasion Items Clause: Evasion items are banned\n|rule|Species Clause: Limit one of each Pok\u00e9mon\n|rule|Sleep Clause Mod: Limit one foe put to sleep\n|rule|Mega Rayquaza Clause: You cannot mega evolve Rayquaza\n|clearpoke\n|poke|p1|Roggenrola, M|\n|poke|p1|Bonsly, F|\n|poke|p1|Pineco, M|\n|poke|p1|Geodude-Alola, M|\n|poke|p1|Magnemite|\n|poke|p1|Kingambit, M|\n|poke|p2|Serperior, F|\n|poke|p2|Unfezant, M|\n|poke|p2|Sandslash, F|\n|poke|p2|Ampharos, F|\n|poke|p2|Flygon, M|\n|poke|p2|Scolipede, F|\n|teampreview\n|j| kipperace\n|\n|t:|1699216326\n|start\n|switch|p1a: Roggenrola|Roggenrola, M|100\/100\n|switch|p2a: Smugleaf|Serperior, F|100\/100\n|turn|1\n|\n|t:|1699216337\n|move|p2a: Smugleaf|Leaf Storm|p1a: Roggenrola\n|-supereffective|p1a: Roggenrola\n|-ability|p1a: Roggenrola|Sturdy\n|-damage|p1a: Roggenrola|1\/100\n|-unboost|p2a: Smugleaf|spa|2\n|move|p1a: Roggenrola|Explosion|p2a: Smugleaf\n|-damage|p2a: Smugleaf|16\/100\n|faint|p1a: Roggenrola\n|\n|-heal|p2a: Smugleaf|22\/100|[from] item: Leftovers\n|upkeep\n|\n|t:|1699216347\n|switch|p1a: Bonsly|Bonsly, F|100\/100\n|turn|2\n|\n|t:|1699216354\n|move|p2a: Smugleaf|Glare|p1a: Bonsly\n|-status|p1a: Bonsly|par\n|move|p1a: Bonsly|Explosion|p2a: Smugleaf\n|-damage|p2a: Smugleaf|0 fnt\n|faint|p1a: Bonsly\n|faint|p2a: Smugleaf\n|\n|upkeep\n|\n|t:|1699216365\n|switch|p2a: Nom Nom|Flygon, M|100\/100\n|switch|p1a: Pineco|Pineco, M|100\/100\n|turn|3\n|\n|t:|1699216379\n|switch|p2a: Sawdust|Sandslash, F|100\/100\n|move|p1a: Pineco|Explosion|p2a: Sawdust\n|-damage|p2a: Sawdust|73\/100\n|faint|p1a: Pineco\n|\n|upkeep\n|\n|t:|1699216386\n|switch|p1a: Geodude|Geodude-Alola, M|100\/100\n|turn|4\n|\n|t:|1699216394\n|move|p2a: Sawdust|Protect|p2a: Sawdust\n|-singleturn|p2a: Sawdust|Protect\n|move|p1a: Geodude|Discharge|p2a: Sawdust\n|-activate|p2a: Sawdust|move: Protect\n|\n|upkeep\n|turn|5\n|\n|t:|1699216406\n|move|p2a: Sawdust|Earthquake|p1a: Geodude\n|-supereffective|p1a: Geodude\n|-ability|p1a: Geodude|Sturdy\n|-damage|p1a: Geodude|1\/100\n|-enditem|p1a: Geodude|Mago Berry|[eat]\n|-heal|p1a: Geodude|34\/100|[from] item: Mago Berry\n|-start|p1a: Geodude|confusion\n|-activate|p1a: Geodude|confusion\n|-damage|p1a: Geodude|27\/100|[from] confusion\n|\n|upkeep\n|turn|6\n|\n|t:|1699216417\n|move|p2a: Sawdust|Earthquake|p1a: Geodude\n|-supereffective|p1a: Geodude\n|-damage|p1a: Geodude|0 fnt\n|faint|p1a: Geodude\n|\n|upkeep\n|\n|t:|1699216421\n|switch|p1a: Magnemite|Magnemite|100\/100\n|turn|7\n|\n|t:|1699216431\n|-terastallize|p2a: Sawdust|Ground\n|move|p2a: Sawdust|Tera Blast|p1a: Magnemite|[anim] Tera Blast Ground\n|-supereffective|p1a: Magnemite\n|-ability|p1a: Magnemite|Sturdy\n|-damage|p1a: Magnemite|1\/100\n|move|p1a: Magnemite|Iron Head|p2a: Sawdust\n|-damage|p2a: Sawdust|65\/100\n|\n|upkeep\n|turn|8\n|\n|t:|1699216444\n|move|p2a: Sawdust|Sandstorm|p2a: Sawdust\n|-weather|Sandstorm\n|move|p1a: Magnemite|Explosion|p2a: Sawdust|[miss]\n|-miss|p1a: Magnemite|p2a: Sawdust\n|faint|p1a: Magnemite\n|\n|-weather|Sandstorm|[upkeep]\n|upkeep\n|\n|t:|1699216452\n|switch|p1a: Kingambit|Kingambit, M, shiny|100\/100\n|-activate|p1a: Kingambit|ability: Supreme Overlord\n|-start|p1a: Kingambit|fallen5|[silent]\n|turn|9\n|\n|t:|1699216469\n|-terastallize|p1a: Kingambit|Dark\n|move|p1a: Kingambit|Sucker Punch|p2a: Sawdust\n|-damage|p2a: Sawdust|0 fnt\n|faint|p2a: Sawdust\n|\n|-weather|Sandstorm|[upkeep]\n|-damage|p1a: Kingambit|94\/100|[from] Sandstorm\n|upkeep\n|\n|t:|1699216479\n|switch|p2a: Beacon|Ampharos, F|100\/100\n|turn|10\n|\n|t:|1699216484\n|move|p1a: Kingambit|Sucker Punch|p2a: Beacon\n|-damage|p2a: Beacon|0 fnt\n|faint|p2a: Beacon\n|\n|-weather|Sandstorm|[upkeep]\n|-damage|p1a: Kingambit|88\/100|[from] Sandstorm\n|upkeep\n|\n|t:|1699216489\n|switch|p2a: Rolla|Scolipede, F, shiny|100\/100\n|turn|11\n|\n|t:|1699216492\n|move|p2a: Rolla|Protect|p2a: Rolla\n|-singleturn|p2a: Rolla|Protect\n|move|p1a: Kingambit|Sucker Punch||[still]\n|-fail|p1a: Kingambit\n|\n|-weather|Sandstorm|[upkeep]\n|-damage|p2a: Rolla|94\/100|[from] Sandstorm\n|-damage|p1a: Kingambit|82\/100|[from] Sandstorm\n|-heal|p2a: Rolla|100\/100|[from] item: Black Sludge\n|upkeep\n|turn|12\n|\n|t:|1699216502\n|move|p1a: Kingambit|Sucker Punch|p2a: Rolla\n|-damage|p2a: Rolla|0 fnt\n|faint|p2a: Rolla\n|\n|-weather|none\n|upkeep\n|\n|t:|1699216511\n|switch|p2a: Orville|Unfezant, M|100\/100\n|turn|13\n|c|\u2606Fiona V-star|if I win you have to subscribe to smeargle artist\n|c|\u2606Fiona V-star|ok\n|\n|t:|1699216528\n|move|p2a: Orville|Detect|p2a: Orville\n|-singleturn|p2a: Orville|Protect\n|move|p1a: Kingambit|Sucker Punch||[still]\n|-fail|p1a: Kingambit\n|\n|upkeep\n|turn|14\n|\n|t:|1699216536\n|switch|p2a: Nom Nom|Flygon, M|100\/100\n|move|p1a: Kingambit|Sucker Punch||[still]\n|-fail|p1a: Kingambit\n|\n|upkeep\n|turn|15\n|\n|t:|1699216544\n|switch|p2a: Orville|Unfezant, M|100\/100\n|move|p1a: Kingambit|Kowtow Cleave|p2a: Orville\n|-damage|p2a: Orville|0 fnt\n|faint|p2a: Orville\n|\n|upkeep\n|\n|t:|1699216550\n|switch|p2a: Nom Nom|Flygon, M|100\/100\n|turn|16\n|\n|t:|1699216554\n|move|p1a: Kingambit|Sucker Punch|p2a: Nom Nom\n|-damage|p2a: Nom Nom|0 fnt\n|faint|p2a: Nom Nom\n|\n|win|Fiona V-star\n|raw|Fiona V-star's rating: 1037 &rarr; <strong>1068<\/strong><br \/>(+31 for winning)\n|raw|Mewlover87's rating: 1004 &rarr; <strong>1000<\/strong><br \/>(-4 for losing)\n|c|\u2606Fiona V-star|sub to me\n","uploadtime":1699216577,"views":4,"p1id":"fionavstar","p2id":"mewlover87","formatid":"gen9nationaldexubers","rating":1000,"private":0,"password":""}