{"id":"gen9nationaldexubers-1985800428","p1":"Wedo11","p2":"Sc4rletQu33n","format":"[Gen 9] National Dex Ubers","log":"|j|\u2606Wedo11\n|j|\u2606Sc4rletQu33n\n|t:|1699407517\n|gametype|singles\n|player|p1|Wedo11|scientist-gen4|\n|player|p2|Sc4rletQu33n|cynthia-gen4|\n|teamsize|p1|6\n|teamsize|p2|6\n|gen|9\n|tier|[Gen 9] National Dex Ubers\n|rule|HP Percentage Mod: HP is shown in percentages\n|rule|Endless Battle Clause: Forcing endless battles is banned\n|rule|OHKO Clause: OHKO moves are banned\n|rule|Evasion Moves Clause: Evasion moves are banned\n|rule|Evasion Items Clause: Evasion items are banned\n|rule|Species Clause: Limit one of each Pok\u00e9mon\n|rule|Sleep Clause Mod: Limit one foe put to sleep\n|rule|Mega Rayquaza Clause: You cannot mega evolve Rayquaza\n|clearpoke\n|poke|p1|Lopunny, L30, F|\n|poke|p1|Cinccino, L30, F|\n|poke|p1|Bewear, L30, M|\n|poke|p1|Regigigas, L30|\n|poke|p1|Ursaluna, L30, F|\n|poke|p1|Bibarel, L32, F|\n|poke|p2|Yanma, L30, F|\n|poke|p2|Combusken, L30, M|\n|poke|p2|Sneasel, L30, F|\n|poke|p2|Gligar, L30, M|\n|poke|p2|Ferroseed, L30, M|\n|poke|p2|Primeape, L30, F|\n|teampreview\n|inactive|Battle timer is ON: inactive players will automatically lose when time's up. (requested by Wedo11)\n|\n|t:|1699407529\n|start\n|switch|p1a: Regigigas|Regigigas, L30|100\/100\n|switch|p2a: Yanma|Yanma, L30, F|100\/100\n|-start|p1a: Regigigas|ability: Slow Start\n|turn|1\n|\n|t:|1699407538\n|switch|p2a: Primeape|Primeape, L30, F|100\/100\n|move|p1a: Regigigas|Return|p2a: Primeape\n|-damage|p2a: Primeape|47\/100\n|\n|-heal|p2a: Primeape|53\/100|[from] item: Leftovers\n|upkeep\n|turn|2\n|\n|t:|1699407546\n|-terastallize|p2a: Primeape|Ghost\n|move|p1a: Regigigas|Protect|p1a: Regigigas\n|-singleturn|p1a: Regigigas|Protect\n|move|p2a: Primeape|Bulk Up|p2a: Primeape\n|-boost|p2a: Primeape|atk|1\n|-boost|p2a: Primeape|def|1\n|\n|-heal|p2a: Primeape|58\/100|[from] item: Leftovers\n|upkeep\n|turn|3\n|\n|t:|1699407562\n|move|p2a: Primeape|Drain Punch|p1a: Regigigas\n|-supereffective|p1a: Regigigas\n|-damage|p1a: Regigigas|18\/100\n|-heal|p2a: Primeape|100\/100|[from] drain|[of] p1a: Regigigas\n|move|p1a: Regigigas|Rest|p1a: Regigigas\n|-status|p1a: Regigigas|slp|[from] move: Rest\n|-heal|p1a: Regigigas|100\/100 slp|[silent]\n|-enditem|p1a: Regigigas|Chesto Berry|[eat]\n|-curestatus|p1a: Regigigas|slp|[msg]\n|\n|upkeep\n|turn|4\n|\n|t:|1699407574\n|move|p1a: Regigigas|Protect|p1a: Regigigas\n|-singleturn|p1a: Regigigas|Protect\n|move|p2a: Primeape|Bulk Up|p2a: Primeape\n|-boost|p2a: Primeape|atk|1\n|-boost|p2a: Primeape|def|1\n|\n|upkeep\n|turn|5\n|\n|t:|1699407579\n|move|p1a: Regigigas|Protect|p1a: Regigigas\n|-singleturn|p1a: Regigigas|Protect\n|move|p2a: Primeape|Drain Punch|p1a: Regigigas\n|-activate|p1a: Regigigas|move: Protect\n|\n|-end|p1a: Regigigas|Slow Start\n|upkeep\n|turn|6\n|\n|t:|1699407589\n|move|p1a: Regigigas|Return|p2a: Primeape\n|-immune|p2a: Primeape\n|move|p2a: Primeape|Drain Punch|p1a: Regigigas\n|-supereffective|p1a: Regigigas\n|-damage|p1a: Regigigas|0 fnt\n|faint|p1a: Regigigas\n|-end|p1a: Regigigas|Slow Start|[silent]\n|\n|upkeep\n|\n|t:|1699407599\n|switch|p1a: Lopunny|Lopunny, L30, F|100\/100\n|turn|7\n|\n|t:|1699407603\n|detailschange|p1a: Lopunny|Lopunny-Mega, L30, F\n|-mega|p1a: Lopunny|Lopunny|Lopunnite\n|move|p1a: Lopunny|Fake Out|p2a: Primeape\n|-damage|p2a: Primeape|84\/100\n|cant|p2a: Primeape|flinch\n|\n|-heal|p2a: Primeape|89\/100|[from] item: Leftovers\n|upkeep\n|turn|8\n|\n|t:|1699407613\n|move|p1a: Lopunny|Drain Punch|p2a: Primeape\n|-damage|p2a: Primeape|58\/100\n|move|p2a: Primeape|Drain Punch|p1a: Lopunny\n|-supereffective|p1a: Lopunny\n|-damage|p1a: Lopunny|0 fnt\n|-heal|p2a: Primeape|99\/100|[from] drain|[of] p1a: Lopunny\n|faint|p1a: Lopunny\n|\n|-heal|p2a: Primeape|100\/100|[from] item: Leftovers\n|upkeep\n|\n|t:|1699407622\n|switch|p1a: Cinccino|Cinccino, L30, F|100\/100\n|turn|9\n|\n|t:|1699407629\n|move|p1a: Cinccino|Bullet Seed|p2a: Primeape\n|-damage|p2a: Primeape|91\/100\n|-damage|p2a: Primeape|82\/100\n|-damage|p2a: Primeape|72\/100\n|-damage|p2a: Primeape|64\/100\n|-damage|p2a: Primeape|54\/100\n|-hitcount|p2a: Primeape|5\n|move|p2a: Primeape|Drain Punch|p1a: Cinccino\n|-supereffective|p1a: Cinccino\n|-damage|p1a: Cinccino|0 fnt\n|-heal|p2a: Primeape|98\/100|[from] drain|[of] p1a: Cinccino\n|faint|p1a: Cinccino\n|\n|-heal|p2a: Primeape|100\/100|[from] item: Leftovers\n|upkeep\n|\n|t:|1699407645\n|switch|p1a: Bibarel|Bibarel, L32, F|100\/100\n|turn|10\n|\n|t:|1699407654\n|move|p1a: Bibarel|Aqua Jet|p2a: Primeape\n|-damage|p2a: Primeape|80\/100\n|move|p2a: Primeape|Drain Punch|p1a: Bibarel\n|-supereffective|p1a: Bibarel\n|-damage|p1a: Bibarel|0 fnt\n|-heal|p2a: Primeape|100\/100|[from] drain|[of] p1a: Bibarel\n|faint|p1a: Bibarel\n|\n|upkeep\n|\n|t:|1699407661\n|switch|p1a: Bewear|Bewear, L30, M|100\/100\n|turn|11\n|\n|t:|1699407666\n|move|p2a: Primeape|Drain Punch|p1a: Bewear\n|-supereffective|p1a: Bewear\n|-damage|p1a: Bewear|34\/100\n|-zpower|p1a: Bewear\n|move|p1a: Bewear|Breakneck Blitz|p2a: Primeape|[zeffect]\n|-immune|p2a: Primeape\n|\n|upkeep\n|turn|12\n|\n|t:|1699407675\n|move|p2a: Primeape|Drain Punch|p1a: Bewear\n|-supereffective|p1a: Bewear\n|-damage|p1a: Bewear|0 fnt\n|faint|p1a: Bewear\n|\n|upkeep\n|\n|t:|1699407677\n|switch|p1a: Ursaluna|Ursaluna, L30, F|100\/100\n|turn|13\n|\n|t:|1699407680\n|move|p2a: Primeape|Drain Punch|p1a: Ursaluna\n|-supereffective|p1a: Ursaluna\n|-damage|p1a: Ursaluna|0 fnt\n|faint|p1a: Ursaluna\n|\n|win|Sc4rletQu33n\n|l|\u2606Wedo11\n","uploadtime":1699407687,"views":5,"p1id":"wedo11","p2id":"sc4rletqu33n","formatid":"gen9nationaldexubers","rating":0,"private":0,"password":""}