{"id":"gen9nationaldexubers-1987606195","p1":"Shandohan","p2":"Hareshbeatrinesh","format":"[Gen 9] National Dex Ubers","log":"|j|\u2606Shandohan\n|j|\u2606Hareshbeatrinesh\n|t:|1699618705\n|gametype|singles\n|player|p1|Shandohan|170|1157\n|player|p2|Hareshbeatrinesh|102|1227\n|teamsize|p1|6\n|teamsize|p2|6\n|gen|9\n|tier|[Gen 9] National Dex Ubers\n|rated|\n|rule|HP Percentage Mod: HP is shown in percentages\n|rule|Endless Battle Clause: Forcing endless battles is banned\n|rule|OHKO Clause: OHKO moves are banned\n|rule|Evasion Moves Clause: Evasion moves are banned\n|rule|Evasion Items Clause: Evasion items are banned\n|rule|Species Clause: Limit one of each Pok\u00e9mon\n|rule|Sleep Clause Mod: Limit one foe put to sleep\n|rule|Mega Rayquaza Clause: You cannot mega evolve Rayquaza\n|clearpoke\n|poke|p1|Hatterene, F|\n|poke|p1|Porygon2|\n|poke|p1|Dusclops, M|\n|poke|p1|Crawdaunt, F|\n|poke|p1|Marowak-Alola, M|\n|poke|p1|Vikavolt, F|\n|poke|p2|Kyurem-White|\n|poke|p2|Xerneas-*|\n|poke|p2|Kyogre|\n|poke|p2|Tapu Lele|\n|poke|p2|Darkrai|\n|poke|p2|Groudon|\n|teampreview\n|inactive|Battle timer is ON: inactive players will automatically lose when time's up. (requested by Hareshbeatrinesh)\n|\n|t:|1699618715\n|start\n|switch|p1a: Hatterene|Hatterene, F|100\/100\n|switch|p2a: Kyogre|Kyogre|100\/100\n|detailschange|p2a: Kyogre|Kyogre-Primal\n|-primal|p2a: Kyogre|Blue Orb\n|-weather|PrimordialSea|[from] ability: Primordial Sea|[of] p2a: Kyogre\n|turn|1\n|\n|t:|1699618723\n|move|p2a: Kyogre|Thunder|p1a: Hatterene\n|-damage|p1a: Hatterene|45\/100\n|-status|p1a: Hatterene|par\n|move|p1a: Hatterene|Trick Room|p1a: Hatterene\n|-fieldstart|move: Trick Room|[of] p1a: Hatterene\n|\n|-weather|PrimordialSea|[upkeep]\n|upkeep\n|turn|2\n|\n|t:|1699618733\n|move|p1a: Hatterene|Mystical Fire||[still]\n|-fail|p1a: Hatterene|Mystical Fire|[from] Primordial Sea\n|move|p2a: Kyogre|Thunder|p1a: Hatterene\n|-damage|p1a: Hatterene|0 fnt\n|faint|p1a: Hatterene\n|\n|-weather|PrimordialSea|[upkeep]\n|upkeep\n|\n|t:|1699618749\n|switch|p1a: Vikavolt|Vikavolt, F|100\/100\n|turn|3\n|\n|t:|1699618752\n|move|p1a: Vikavolt|Volt Switch|p2a: Kyogre\n|-supereffective|p2a: Kyogre\n|-damage|p2a: Kyogre|34\/100\n|-damage|p1a: Vikavolt|91\/100|[from] item: Life Orb\n|\n|t:|1699618758\n|switch|p1a: Dusclops|Dusclops, M|100\/100|[from] Volt Switch\n|-ability|p1a: Dusclops|Pressure\n|move|p2a: Kyogre|Ice Beam|p1a: Dusclops\n|-damage|p1a: Dusclops|79\/100\n|\n|-weather|PrimordialSea|[upkeep]\n|upkeep\n|turn|4\n|\n|t:|1699618768\n|move|p1a: Dusclops|Poltergeist|p2a: Kyogre\n|-activate|p2a: Kyogre|move: Poltergeist|Blue Orb\n|-damage|p2a: Kyogre|10\/100\n|move|p2a: Kyogre|Thunder|p1a: Dusclops\n|-damage|p1a: Dusclops|55\/100\n|\n|-weather|PrimordialSea|[upkeep]\n|upkeep\n|turn|5\n|\n|t:|1699618776\n|move|p1a: Dusclops|Poltergeist|p2a: Kyogre|[miss]\n|-miss|p1a: Dusclops|p2a: Kyogre\n|move|p2a: Kyogre|Thunder|p1a: Dusclops\n|-damage|p1a: Dusclops|31\/100\n|\n|-weather|PrimordialSea|[upkeep]\n|-fieldend|move: Trick Room\n|upkeep\n|turn|6\n|\n|t:|1699618784\n|move|p2a: Kyogre|Thunder|p1a: Dusclops\n|-damage|p1a: Dusclops|6\/100\n|-status|p1a: Dusclops|par\n|move|p1a: Dusclops|Trick Room|p1a: Dusclops\n|-fieldstart|move: Trick Room|[of] p1a: Dusclops\n|\n|-weather|PrimordialSea|[upkeep]\n|upkeep\n|turn|7\n|\n|t:|1699618793\n|cant|p1a: Dusclops|par\n|move|p2a: Kyogre|Thunder|p1a: Dusclops\n|-damage|p1a: Dusclops|0 fnt\n|faint|p1a: Dusclops\n|\n|-weather|PrimordialSea|[upkeep]\n|upkeep\n|n|!Shandohan|shandohan\n|\n|t:|1699618814\n|switch|p1a: Vikavolt|Vikavolt, F|91\/100\n|turn|8\n|\n|t:|1699618816\n|move|p1a: Vikavolt|Energy Ball|p2a: Kyogre\n|-supereffective|p2a: Kyogre\n|-damage|p2a: Kyogre|0 fnt\n|faint|p2a: Kyogre\n|-weather|none\n|-damage|p1a: Vikavolt|81\/100|[from] item: Life Orb\n|\n|upkeep\n|\n|t:|1699618823\n|switch|p2a: Darkrai|Darkrai|100\/100\n|turn|9\n|\n|t:|1699618827\n|move|p1a: Vikavolt|Volt Switch|p2a: Darkrai\n|-damage|p2a: Darkrai|28\/100\n|-enditem|p2a: Darkrai|Sitrus Berry|[eat]\n|-heal|p2a: Darkrai|53\/100|[from] item: Sitrus Berry\n|-damage|p1a: Vikavolt|71\/100|[from] item: Life Orb\n|\n|t:|1699618835\n|switch|p1a: Crawdaunt|Crawdaunt, F|100\/100|[from] Volt Switch\n|move|p2a: Darkrai|Hypnosis|p1a: Crawdaunt|[miss]\n|-miss|p2a: Darkrai|p1a: Crawdaunt\n|\n|upkeep\n|turn|10\n|\n|t:|1699618844\n|move|p1a: Crawdaunt|Close Combat|p2a: Darkrai\n|-supereffective|p2a: Darkrai\n|-damage|p2a: Darkrai|0 fnt\n|-unboost|p1a: Crawdaunt|def|1\n|-unboost|p1a: Crawdaunt|spd|1\n|faint|p2a: Darkrai\n|-damage|p1a: Crawdaunt|90\/100|[from] item: Life Orb\n|\n|-fieldend|move: Trick Room\n|upkeep\n|\n|t:|1699618853\n|switch|p2a: Xerneas|Xerneas|100\/100\n|-ability|p2a: Xerneas|Fairy Aura\n|turn|11\n|\n|t:|1699618860\n|move|p2a: Xerneas|Geomancy||[still]\n|-prepare|p2a: Xerneas|Geomancy\n|-enditem|p2a: Xerneas|Power Herb\n|-anim|p2a: Xerneas|Geomancy|p2a: Xerneas\n|-boost|p2a: Xerneas|spa|2\n|-boost|p2a: Xerneas|spd|2\n|-boost|p2a: Xerneas|spe|2\n|move|p1a: Crawdaunt|Knock Off|p2a: Xerneas\n|-resisted|p2a: Xerneas\n|-damage|p2a: Xerneas|76\/100\n|-damage|p1a: Crawdaunt|80\/100|[from] item: Life Orb\n|\n|upkeep\n|turn|12\n|\n|t:|1699618870\n|move|p1a: Crawdaunt|Aqua Jet|p2a: Xerneas\n|-crit|p2a: Xerneas\n|-damage|p2a: Xerneas|32\/100\n|-damage|p1a: Crawdaunt|70\/100|[from] item: Life Orb\n|move|p2a: Xerneas|Moonblast|p1a: Crawdaunt\n|-supereffective|p1a: Crawdaunt\n|-damage|p1a: Crawdaunt|0 fnt\n|faint|p1a: Crawdaunt\n|\n|upkeep\n|\n|t:|1699618877\n|switch|p1a: Porygon2|Porygon2|100\/100\n|-ability|p1a: Porygon2|Fairy Aura\n|-ability|p1a: Porygon2|Fairy Aura|[from] ability: Trace|[of] p2a: Xerneas\n|turn|13\n|\n|t:|1699618885\n|-terastallize|p2a: Xerneas|Fairy\n|move|p2a: Xerneas|Moonblast|p1a: Porygon2\n|-crit|p1a: Porygon2\n|-damage|p1a: Porygon2|0 fnt\n|faint|p1a: Porygon2\n|\n|upkeep\n|-message|Shandohan forfeited.\n|\n|win|Hareshbeatrinesh\n|raw|Shandohan's rating: 1157 &rarr; <strong>1137<\/strong><br \/>(-20 for losing)\n|raw|Hareshbeatrinesh's rating: 1227 &rarr; <strong>1247<\/strong><br \/>(+20 for winning)\n","uploadtime":1699618805,"views":5,"p1id":"shandohan","p2id":"hareshbeatrinesh","formatid":"gen9nationaldexubers","rating":1137,"private":0,"password":""}