{"id":"gen9nationaldexubers-1995258528","p1":"vic_ketchum","p2":"m0055","format":"[Gen 9] National Dex Ubers","log":"|j|\u2606vic_ketchum\n|j|\u2606m0055\n|t:|1700542469\n|gametype|singles\n|player|p1|vic_ketchum|ash-kalos|1221\n|player|p2|m0055|roxanne|1294\n|teamsize|p1|6\n|teamsize|p2|6\n|gen|9\n|tier|[Gen 9] National Dex Ubers\n|rated|\n|rule|HP Percentage Mod: HP is shown in percentages\n|rule|Endless Battle Clause: Forcing endless battles is banned\n|rule|OHKO Clause: OHKO moves are banned\n|rule|Evasion Moves Clause: Evasion moves are banned\n|rule|Evasion Items Clause: Evasion items are banned\n|rule|Species Clause: Limit one of each Pok\u00e9mon\n|rule|Sleep Clause Mod: Limit one foe put to sleep\n|rule|Mega Rayquaza Clause: You cannot mega evolve Rayquaza\n|clearpoke\n|poke|p1|Mewtwo|\n|poke|p1|Pheromosa|\n|poke|p1|Deoxys|\n|poke|p1|Hydreigon, M|\n|poke|p1|Zoroark, M|\n|poke|p1|Scizor, M|\n|poke|p2|Incineroar, F|\n|poke|p2|Deoxys-Attack|\n|poke|p2|Gyarados, F|\n|poke|p2|Ferrothorn, F|\n|poke|p2|Aggron, F|\n|poke|p2|Gliscor, M|\n|teampreview\n|inactive|Battle timer is ON: inactive players will automatically lose when time's up. (requested by m0055)\n|\n|t:|1700542481\n|start\n|switch|p1a: FREEZER|Mewtwo|100\/100\n|switch|p2a: Deoxys|Deoxys-Attack|100\/100\n|-ability|p2a: Deoxys|Pressure\n|-ability|p1a: FREEZER|Pressure\n|turn|1\n|\n|t:|1700542493\n|-terastallize|p2a: Deoxys|Normal\n|move|p2a: Deoxys|Extreme Speed|p1a: FREEZER\n|-damage|p1a: FREEZER|32\/100\n|move|p1a: FREEZER|Ice Beam|p2a: Deoxys\n|-damage|p2a: Deoxys|0 fnt\n|faint|p2a: Deoxys\n|\n|upkeep\n|\n|t:|1700542507\n|switch|p2a: Incineroar|Incineroar, F|100\/100\n|-ability|p2a: Incineroar|Intimidate|boost\n|-unboost|p1a: FREEZER|atk|1\n|turn|2\n|\n|t:|1700542512\n|move|p2a: Incineroar|Fake Out|p1a: FREEZER\n|-damage|p1a: FREEZER|22\/100\n|cant|p1a: FREEZER|flinch\n|\n|upkeep\n|turn|3\n|\n|t:|1700542518\n|move|p1a: FREEZER|Thunderbolt|p2a: Incineroar\n|-damage|p2a: Incineroar|75\/100\n|-status|p2a: Incineroar|par\n|move|p2a: Incineroar|U-turn|p1a: FREEZER\n|-supereffective|p1a: FREEZER\n|-damage|p1a: FREEZER|0 fnt\n|faint|p1a: FREEZER\n|\n|t:|1700542535\n|switch|p2a: Gliscor|Gliscor, M|100\/100|[from] U-turn\n|\n|-status|p2a: Gliscor|tox|[from] item: Toxic Orb\n|upkeep\n|\n|t:|1700542543\n|switch|p1a: CELL|Pheromosa|100\/100\n|turn|4\n|\n|t:|1700542551\n|move|p1a: CELL|Ice Beam|p2a: Gliscor\n|-supereffective|p2a: Gliscor\n|-damage|p2a: Gliscor|0 fnt\n|faint|p2a: Gliscor\n|-ability|p1a: CELL|Beast Boost|boost\n|-boost|p1a: CELL|spe|1\n|\n|upkeep\n|\n|t:|1700542558\n|switch|p2a: Incineroar|Incineroar, F|75\/100 par\n|-ability|p2a: Incineroar|Intimidate|boost\n|-unboost|p1a: CELL|atk|1\n|turn|5\n|\n|t:|1700542563\n|cant|p2a: Incineroar|par\n|move|p1a: CELL|Bug Buzz|p2a: Incineroar\n|-damage|p2a: Incineroar|39\/100 par\n|-enditem|p2a: Incineroar|Sitrus Berry|[eat]\n|-heal|p2a: Incineroar|63\/100 par|[from] item: Sitrus Berry\n|\n|upkeep\n|turn|6\n|\n|t:|1700542571\n|move|p1a: CELL|Poison Jab|p2a: Incineroar\n|-damage|p2a: Incineroar|49\/100 par\n|move|p2a: Incineroar|U-turn|p1a: CELL\n|-resisted|p1a: CELL\n|-crit|p1a: CELL\n|-damage|p1a: CELL|69\/100\n|\n|t:|1700542581\n|switch|p2a: Gyarados|Gyarados, F|100\/100|[from] U-turn\n|-ability|p2a: Gyarados|Intimidate|boost\n|-unboost|p1a: CELL|atk|1\n|\n|upkeep\n|turn|7\n|\n|t:|1700542588\n|move|p1a: CELL|Bug Buzz|p2a: Gyarados\n|-resisted|p2a: Gyarados\n|-damage|p2a: Gyarados|78\/100\n|move|p2a: Gyarados|Dragon Dance|p2a: Gyarados\n|-boost|p2a: Gyarados|atk|1\n|-boost|p2a: Gyarados|spe|1\n|\n|upkeep\n|turn|8\n|\n|t:|1700542600\n|detailschange|p2a: Gyarados|Gyarados-Mega, F\n|-mega|p2a: Gyarados|Gyarados|Gyaradosite\n|-ability|p2a: Gyarados|Mold Breaker\n|move|p1a: CELL|Poison Jab|p2a: Gyarados\n|-damage|p2a: Gyarados|66\/100\n|move|p2a: Gyarados|Dragon Dance|p2a: Gyarados\n|-boost|p2a: Gyarados|atk|1\n|-boost|p2a: Gyarados|spe|1\n|\n|upkeep\n|turn|9\n|\n|t:|1700542610\n|move|p1a: CELL|Bug Buzz|p2a: Gyarados\n|-supereffective|p2a: Gyarados\n|-damage|p2a: Gyarados|0 fnt\n|faint|p2a: Gyarados\n|-ability|p1a: CELL|Beast Boost|boost\n|-boost|p1a: CELL|spe|1\n|\n|upkeep\n|-message|m0055 forfeited.\n|\n|win|vic_ketchum\n|raw|vic_ketchum's rating: 1221 &rarr; <strong>1251<\/strong><br \/>(+30 for winning)\n|raw|m0055's rating: 1294 &rarr; <strong>1264<\/strong><br \/>(-30 for losing)\n|l|\u2606m0055\n","uploadtime":1700542619,"views":1,"p1id":"vicketchum","p2id":"m0055","formatid":"gen9nationaldexubers","rating":1251,"private":0,"password":""}