{"id":"gen9nationaldexubers-1995578258","p1":"ItzNotGhost_DD","p2":"patchyyy","format":"[Gen 9] National Dex Ubers","log":"|j|\u2606ItzNotGhost_DD\n|j|\u2606patchyyy\n|t:|1700584481\n|gametype|singles\n|player|p1|ItzNotGhost_DD|cynthia-gen4|1064\n|player|p2|patchyyy|n|1075\n|teamsize|p1|6\n|teamsize|p2|6\n|gen|9\n|tier|[Gen 9] National Dex Ubers\n|rated|\n|rule|HP Percentage Mod: HP is shown in percentages\n|rule|Endless Battle Clause: Forcing endless battles is banned\n|rule|OHKO Clause: OHKO moves are banned\n|rule|Evasion Moves Clause: Evasion moves are banned\n|rule|Evasion Items Clause: Evasion items are banned\n|rule|Species Clause: Limit one of each Pok\u00e9mon\n|rule|Sleep Clause Mod: Limit one foe put to sleep\n|rule|Mega Rayquaza Clause: You cannot mega evolve Rayquaza\n|clearpoke\n|poke|p1|Groudon|\n|poke|p1|Kingambit, M|\n|poke|p1|Mewtwo|\n|poke|p1|Dragonite, F|\n|poke|p1|Flutter Mane|\n|poke|p1|Ursaluna-Bloodmoon, M|\n|poke|p2|Aggron, F|\n|poke|p2|Swampert, M|\n|poke|p2|Garchomp, F|\n|poke|p2|Yveltal|\n|poke|p2|Sceptile, F|\n|poke|p2|Typhlosion-Hisui, M|\n|teampreview\n|\n|t:|1700584490\n|start\n|switch|p1a: Groudon|Groudon|100\/100\n|switch|p2a: Sauron|Yveltal|100\/100\n|-ability|p2a: Sauron|Dark Aura\n|detailschange|p1a: Groudon|Groudon-Primal\n|-primal|p1a: Groudon|Red Orb\n|-weather|DesolateLand|[from] ability: Desolate Land|[of] p1a: Groudon\n|turn|1\n|\n|t:|1700584508\n|-weather|none\n|switch|p1a: Flutter Mane|Flutter Mane|100\/100\n|-terastallize|p2a: Sauron|Flying\n|move|p2a: Sauron|Dark Pulse|p1a: Flutter Mane\n|-damage|p1a: Flutter Mane|11\/100\n|\n|upkeep\n|turn|2\n|\n|t:|1700584518\n|move|p1a: Flutter Mane|Draining Kiss|p2a: Sauron\n|-damage|p2a: Sauron|81\/100\n|-heal|p1a: Flutter Mane|33\/100|[from] drain|[of] p2a: Sauron\n|move|p2a: Sauron|Dark Pulse|p1a: Flutter Mane\n|-damage|p1a: Flutter Mane|0 fnt\n|faint|p1a: Flutter Mane\n|-end|p1a: Flutter Mane|Protosynthesis|[silent]\n|\n|upkeep\n|\n|t:|1700584527\n|switch|p1a: Dragonite|Dragonite, F|100\/100\n|turn|3\n|\n|t:|1700584531\n|move|p2a: Sauron|Dark Pulse|p1a: Dragonite\n|-damage|p1a: Dragonite|50\/100\n|move|p1a: Dragonite|Dragon Dance|p1a: Dragonite\n|-boost|p1a: Dragonite|atk|1\n|-boost|p1a: Dragonite|spe|1\n|\n|-heal|p1a: Dragonite|56\/100|[from] item: Leftovers\n|upkeep\n|turn|4\n|\n|t:|1700584538\n|move|p1a: Dragonite|Extreme Speed|p2a: Sauron\n|-damage|p2a: Sauron|43\/100\n|move|p2a: Sauron|Dark Pulse|p1a: Dragonite\n|-damage|p1a: Dragonite|0 fnt\n|faint|p1a: Dragonite\n|\n|upkeep\n|\n|t:|1700584546\n|switch|p1a: Ursaluna|Ursaluna-Bloodmoon, M|100\/100\n|turn|5\n|\n|t:|1700584551\n|move|p2a: Sauron|Dark Pulse|p1a: Ursaluna\n|-damage|p1a: Ursaluna|0 fnt\n|faint|p1a: Ursaluna\n|\n|upkeep\n|\n|t:|1700584557\n|switch|p1a: Mewtwo|Mewtwo|100\/100\n|-ability|p1a: Mewtwo|Pressure\n|turn|6\n|\n|t:|1700584566\n|detailschange|p1a: Mewtwo|Mewtwo-Mega-X\n|-mega|p1a: Mewtwo|Mewtwo|Mewtwonite X\n|move|p1a: Mewtwo|Ice Punch|p2a: Sauron\n|-supereffective|p2a: Sauron\n|-damage|p2a: Sauron|0 fnt\n|faint|p2a: Sauron\n|\n|upkeep\n|\n|t:|1700584588\n|switch|p2a: Titan|Aggron, F|100\/100\n|turn|7\n|\n|t:|1700584603\n|move|p1a: Mewtwo|Earthquake|p2a: Titan\n|-supereffective|p2a: Titan\n|-ability|p2a: Titan|Sturdy\n|-damage|p2a: Titan|1\/100\n|move|p2a: Titan|Heavy Slam|p1a: Mewtwo\n|-damage|p1a: Mewtwo|82\/100\n|\n|-heal|p2a: Titan|7\/100|[from] item: Leftovers\n|upkeep\n|turn|8\n|\n|t:|1700584614\n|move|p1a: Mewtwo|Earthquake|p2a: Titan\n|-supereffective|p2a: Titan\n|-damage|p2a: Titan|0 fnt\n|faint|p2a: Titan\n|\n|upkeep\n|\n|t:|1700584631\n|switch|p2a: Totaro|Sceptile, F|100\/100\n|turn|9\n|\n|t:|1700584636\n|move|p2a: Totaro|Swords Dance|p2a: Totaro\n|-boost|p2a: Totaro|atk|2\n|move|p1a: Mewtwo|Ice Punch|p2a: Totaro\n|-supereffective|p2a: Totaro\n|-damage|p2a: Totaro|0 fnt\n|faint|p2a: Totaro\n|\n|upkeep\n|\n|t:|1700584644\n|switch|p2a: Skiff|Swampert, M|100\/100\n|turn|10\n|\n|t:|1700584656\n|move|p1a: Mewtwo|Earthquake|p2a: Skiff\n|-damage|p2a: Skiff|56\/100\n|move|p2a: Skiff|Superpower|p1a: Mewtwo\n|-resisted|p1a: Mewtwo\n|-damage|p1a: Mewtwo|69\/100\n|-unboost|p2a: Skiff|atk|1\n|-unboost|p2a: Skiff|def|1\n|\n|-heal|p2a: Skiff|62\/100|[from] item: Leftovers\n|upkeep\n|turn|11\n|\n|t:|1700584701\n|move|p1a: Mewtwo|Bulk Up|p1a: Mewtwo\n|-boost|p1a: Mewtwo|atk|1\n|-boost|p1a: Mewtwo|def|1\n|move|p2a: Skiff|Ice Punch|p1a: Mewtwo\n|-damage|p1a: Mewtwo|61\/100\n|\n|-heal|p2a: Skiff|68\/100|[from] item: Leftovers\n|upkeep\n|turn|12\n|\n|t:|1700584711\n|move|p1a: Mewtwo|Earthquake|p2a: Skiff\n|-damage|p2a: Skiff|0 fnt\n|faint|p2a: Skiff\n|\n|upkeep\n|\n|t:|1700584717\n|switch|p2a: Bachira|Garchomp, F|100\/100\n|turn|13\n|\n|t:|1700584721\n|move|p2a: Bachira|Stone Edge|p1a: Mewtwo|[miss]\n|-miss|p2a: Bachira|p1a: Mewtwo\n|move|p1a: Mewtwo|Ice Punch|p2a: Bachira\n|-supereffective|p2a: Bachira\n|-damage|p2a: Bachira|0 fnt\n|-damage|p1a: Mewtwo|49\/100|[from] ability: Rough Skin|[of] p2a: Bachira\n|faint|p2a: Bachira\n|\n|upkeep\n|\n|t:|1700584729\n|switch|p2a: Gothmog|Typhlosion-Hisui, M|100\/100\n|turn|14\n|\n|t:|1700584747\n|move|p1a: Mewtwo|Earthquake|p2a: Gothmog\n|-supereffective|p2a: Gothmog\n|-damage|p2a: Gothmog|0 fnt\n|faint|p2a: Gothmog\n|\n|win|ItzNotGhost_DD\n|raw|ItzNotGhost_DD's rating: 1064 &rarr; <strong>1095<\/strong><br \/>(+31 for winning)\n|raw|patchyyy's rating: 1075 &rarr; <strong>1053<\/strong><br \/>(-22 for losing)\n","uploadtime":1700584758,"views":7,"p1id":"itznotghostdd","p2id":"patchyyy","formatid":"gen9nationaldexubers","rating":1053,"private":0,"password":""}