{"id":"gen9nationaldexubers-1978976488","p1":"Wralagath","p2":"Jinukarp","format":"[Gen 9] National Dex Ubers","log":"|j|\u2606Wralagath\n|j|\u2606Jinukarp\n|t:|1698616727\n|gametype|singles\n|player|p1|Wralagath|colress|1035\n|player|p2|Jinukarp|169|1000\n|teamsize|p1|6\n|teamsize|p2|6\n|gen|9\n|tier|[Gen 9] National Dex Ubers\n|rated|\n|rule|HP Percentage Mod: HP is shown in percentages\n|rule|Endless Battle Clause: Forcing endless battles is banned\n|rule|OHKO Clause: OHKO moves are banned\n|rule|Evasion Moves Clause: Evasion moves are banned\n|rule|Evasion Items Clause: Evasion items are banned\n|rule|Species Clause: Limit one of each Pok\u00e9mon\n|rule|Sleep Clause Mod: Limit one foe put to sleep\n|rule|Mega Rayquaza Clause: You cannot mega evolve Rayquaza\n|clearpoke\n|poke|p1|Crustle, F|\n|poke|p1|Volcarona, F|\n|poke|p1|Scizor, M|\n|poke|p1|Pinsir, M|\n|poke|p1|Araquanid, M|\n|poke|p1|Slither Wing|\n|poke|p2|Rillaboom, F|\n|poke|p2|Heatran, F|\n|poke|p2|Slowking, M|\n|poke|p2|Dragapult, M|\n|poke|p2|Landorus-Therian, M|\n|poke|p2|Bisharp, M|\n|teampreview\n|\n|t:|1698616749\n|start\n|switch|p1a: Crustle|Crustle, F, shiny|100\/100\n|switch|p2a: Landorus|Landorus-Therian, M|100\/100\n|-ability|p2a: Landorus|Intimidate|boost\n|-unboost|p1a: Crustle|atk|1\n|turn|1\n|\n|t:|1698616768\n|move|p2a: Landorus|Stealth Rock|p1a: Crustle\n|-sidestart|p1: Wralagath|move: Stealth Rock\n|move|p1a: Crustle|Knock Off|p2a: Landorus\n|-damage|p2a: Landorus|89\/100\n|-enditem|p2a: Landorus|Leftovers|[from] move: Knock Off|[of] p1a: Crustle\n|\n|upkeep\n|turn|2\n|\n|t:|1698616776\n|move|p2a: Landorus|Earth Power|p1a: Crustle\n|-damage|p1a: Crustle|70\/100\n|move|p1a: Crustle|Stealth Rock|p2a: Landorus\n|-sidestart|p2: Jinukarp|move: Stealth Rock\n|\n|upkeep\n|turn|3\n|\n|t:|1698616783\n|move|p2a: Landorus|Toxic|p1a: Crustle\n|-status|p1a: Crustle|tox\n|move|p1a: Crustle|Toxic|p2a: Landorus|[miss]\n|-miss|p1a: Crustle|p2a: Landorus\n|\n|-damage|p1a: Crustle|64\/100 tox|[from] psn\n|upkeep\n|turn|4\n|\n|t:|1698616794\n|move|p2a: Landorus|U-turn|p1a: Crustle\n|-damage|p1a: Crustle|48\/100 tox\n|-damage|p2a: Landorus|72\/100|[from] item: Rocky Helmet|[of] p1a: Crustle\n|\n|t:|1698616800\n|switch|p2a: Heatran|Heatran, F|100\/100|[from] U-turn\n|-damage|p2a: Heatran|88\/100|[from] Stealth Rock\n|move|p1a: Crustle|Spikes|p2a: Heatran\n|-sidestart|p2: Jinukarp|Spikes\n|\n|-damage|p1a: Crustle|35\/100 tox|[from] psn\n|upkeep\n|turn|5\n|\n|t:|1698616812\n|move|p2a: Heatran|Magma Storm|p1a: Crustle\n|-damage|p1a: Crustle|0 fnt\n|faint|p1a: Crustle\n|\n|upkeep\n|\n|t:|1698616822\n|switch|p1a: Pinsir|Pinsir, M|100\/100\n|-damage|p1a: Pinsir|76\/100|[from] Stealth Rock\n|turn|6\n|\n|t:|1698616827\n|detailschange|p1a: Pinsir|Pinsir-Mega, M\n|-mega|p1a: Pinsir|Pinsir|Pinsirite\n|move|p1a: Pinsir|Earthquake|p2a: Heatran\n|-supereffective|p2a: Heatran\n|-crit|p2a: Heatran\n|-damage|p2a: Heatran|0 fnt\n|faint|p2a: Heatran\n|\n|upkeep\n|\n|t:|1698616874\n|switch|p2a: Dragapult|Dragapult, M|100\/100\n|-damage|p2a: Dragapult|88\/100|[from] Stealth Rock\n|-damage|p2a: Dragapult|76\/100|[from] Spikes\n|turn|7\n|\n|t:|1698616887\n|move|p2a: Dragapult|Draco Meteor|p1a: Pinsir\n|-damage|p1a: Pinsir|0 fnt\n|-unboost|p2a: Dragapult|spa|2\n|faint|p1a: Pinsir\n|\n|upkeep\n|\n|t:|1698616926\n|switch|p1a: Araquanid|Araquanid, M, shiny|100\/100\n|-damage|p1a: Araquanid|75\/100|[from] Stealth Rock\n|turn|8\n|\n|t:|1698616944\n|switch|p2a: Rillaboom|Rillaboom, F|100\/100\n|-damage|p2a: Rillaboom|88\/100|[from] Stealth Rock\n|-damage|p2a: Rillaboom|76\/100|[from] Spikes\n|-fieldstart|move: Grassy Terrain|[from] ability: Grassy Surge|[of] p2a: Rillaboom\n|move|p1a: Araquanid|Poison Jab|p2a: Rillaboom\n|-supereffective|p2a: Rillaboom\n|-damage|p2a: Rillaboom|28\/100\n|\n|-heal|p2a: Rillaboom|34\/100|[from] Grassy Terrain\n|-heal|p1a: Araquanid|82\/100|[from] Grassy Terrain\n|upkeep\n|turn|9\n|\n|t:|1698616969\n|move|p2a: Rillaboom|Wood Hammer|p1a: Araquanid\n|-damage|p1a: Araquanid|0 fnt\n|faint|p1a: Araquanid\n|-damage|p2a: Rillaboom|8\/100|[from] Recoil\n|\n|-heal|p2a: Rillaboom|14\/100|[from] Grassy Terrain\n|upkeep\n|\n|t:|1698617052\n|switch|p1a: Volcarona|Volcarona, F, shiny|100\/100\n|turn|10\n|\n|t:|1698617069\n|move|p1a: Volcarona|Fiery Dance|p2a: Rillaboom\n|-supereffective|p2a: Rillaboom\n|-damage|p2a: Rillaboom|0 fnt\n|faint|p2a: Rillaboom\n|\n|upkeep\n|\n|t:|1698617085\n|switch|p2a: Slowking|Slowking, M|100\/100\n|turn|11\n|\n|t:|1698617095\n|-terastallize|p1a: Volcarona|Grass\n|move|p1a: Volcarona|Giga Drain|p2a: Slowking\n|-supereffective|p2a: Slowking\n|-damage|p2a: Slowking|47\/100\n|move|p2a: Slowking|Scald|p1a: Volcarona\n|-resisted|p1a: Volcarona\n|-damage|p1a: Volcarona|89\/100\n|\n|-heal|p1a: Volcarona|95\/100|[from] Grassy Terrain\n|-heal|p2a: Slowking|53\/100|[from] Grassy Terrain\n|upkeep\n|turn|12\n|\n|t:|1698617113\n|move|p1a: Volcarona|Quiver Dance|p1a: Volcarona\n|-boost|p1a: Volcarona|spa|1\n|-boost|p1a: Volcarona|spd|1\n|-boost|p1a: Volcarona|spe|1\n|move|p2a: Slowking|Teleport|p2a: Slowking\n|\n|t:|1698617123\n|switch|p2a: Dragapult|Dragapult, M|76\/100|[from] Teleport\n|-damage|p2a: Dragapult|64\/100|[from] Stealth Rock\n|-damage|p2a: Dragapult|51\/100|[from] Spikes\n|\n|-heal|p1a: Volcarona|100\/100|[from] Grassy Terrain\n|-heal|p2a: Dragapult|57\/100|[from] Grassy Terrain\n|-fieldend|move: Grassy Terrain\n|upkeep\n|turn|13\n|\n|t:|1698617135\n|move|p1a: Volcarona|Fiery Dance|p2a: Dragapult\n|-resisted|p2a: Dragapult\n|-damage|p2a: Dragapult|20\/100\n|-boost|p1a: Volcarona|spa|1\n|move|p2a: Dragapult|Draco Meteor|p1a: Volcarona\n|-damage|p1a: Volcarona|52\/100\n|-unboost|p2a: Dragapult|spa|2\n|\n|upkeep\n|turn|14\n|\n|t:|1698617152\n|move|p1a: Volcarona|Giga Drain|p2a: Dragapult\n|-resisted|p2a: Dragapult\n|-damage|p2a: Dragapult|0 fnt\n|-heal|p1a: Volcarona|61\/100|[from] drain|[of] p2a: Dragapult\n|faint|p2a: Dragapult\n|\n|upkeep\n|\n|t:|1698617162\n|switch|p2a: Landorus|Landorus-Therian, M|72\/100\n|-damage|p2a: Landorus|60\/100|[from] Stealth Rock\n|-ability|p2a: Landorus|Intimidate|boost\n|-unboost|p1a: Volcarona|atk|1\n|turn|15\n|\n|t:|1698617173\n|move|p1a: Volcarona|Giga Drain|p2a: Landorus\n|-damage|p2a: Landorus|0 fnt\n|-heal|p1a: Volcarona|91\/100|[from] drain|[of] p2a: Landorus\n|faint|p2a: Landorus\n|\n|upkeep\n|\n|t:|1698617180\n|switch|p2a: Bisharp|Bisharp, M|100\/100\n|-damage|p2a: Bisharp|94\/100|[from] Stealth Rock\n|-damage|p2a: Bisharp|82\/100|[from] Spikes\n|turn|16\n|\n|t:|1698617196\n|move|p2a: Bisharp|Sucker Punch|p1a: Volcarona\n|-damage|p1a: Volcarona|42\/100\n|move|p1a: Volcarona|Fiery Dance|p2a: Bisharp\n|-supereffective|p2a: Bisharp\n|-damage|p2a: Bisharp|0 fnt\n|faint|p2a: Bisharp\n|\n|upkeep\n|\n|t:|1698617205\n|switch|p2a: Slowking|Slowking, M|87\/100\n|turn|17\n|\n|t:|1698617214\n|-terastallize|p2a: Slowking|Fairy\n|move|p1a: Volcarona|Giga Drain|p2a: Slowking\n|-damage|p2a: Slowking|45\/100\n|-heal|p1a: Volcarona|63\/100|[from] drain|[of] p2a: Slowking\n|move|p2a: Slowking|Future Sight|p1a: Volcarona\n|-start|p2a: Slowking|move: Future Sight\n|\n|upkeep\n|turn|18\n|\n|t:|1698617225\n|move|p1a: Volcarona|Giga Drain|p2a: Slowking\n|-damage|p2a: Slowking|7\/100\n|-heal|p1a: Volcarona|83\/100|[from] drain|[of] p2a: Slowking\n|move|p2a: Slowking|Slack Off|p2a: Slowking\n|-heal|p2a: Slowking|57\/100\n|\n|upkeep\n|turn|19\n|\n|t:|1698617234\n|move|p1a: Volcarona|Quiver Dance|p1a: Volcarona\n|-boost|p1a: Volcarona|spa|1\n|-boost|p1a: Volcarona|spd|1\n|-boost|p1a: Volcarona|spe|1\n|move|p2a: Slowking|Slack Off|p2a: Slowking\n|-heal|p2a: Slowking|100\/100\n|\n|-end|p1a: Volcarona|move: Future Sight\n|-damage|p1a: Volcarona|65\/100\n|upkeep\n|turn|20\n|\n|t:|1698617246\n|move|p1a: Volcarona|Quiver Dance|p1a: Volcarona\n|-boost|p1a: Volcarona|spa|1\n|-boost|p1a: Volcarona|spd|1\n|-boost|p1a: Volcarona|spe|1\n|move|p2a: Slowking|Future Sight|p1a: Volcarona\n|-start|p2a: Slowking|move: Future Sight\n|\n|upkeep\n|turn|21\n|\n|t:|1698617258\n|move|p1a: Volcarona|Giga Drain|p2a: Slowking\n|-damage|p2a: Slowking|39\/100\n|-heal|p1a: Volcarona|97\/100|[from] drain|[of] p2a: Slowking\n|move|p2a: Slowking|Scald|p1a: Volcarona\n|-resisted|p1a: Volcarona\n|-damage|p1a: Volcarona|92\/100\n|\n|upkeep\n|turn|22\n|\n|t:|1698617268\n|move|p1a: Volcarona|Giga Drain|p2a: Slowking\n|-damage|p2a: Slowking|0 fnt\n|-heal|p1a: Volcarona|100\/100|[from] drain|[of] p2a: Slowking\n|faint|p2a: Slowking\n|\n|win|Wralagath\n|raw|Wralagath's rating: 1035 &rarr; <strong>1066<\/strong><br \/>(+31 for winning)\n|raw|Jinukarp's rating: 1000 &rarr; <strong>1000<\/strong><br \/>(+0 for losing)\n|c|\u2606Wralagath|Ggs\n|l|\u2606Jinukarp\n","uploadtime":1698617288,"views":13,"p1id":"wralagath","p2id":"jinukarp","formatid":"gen9nationaldexubers","rating":1000,"private":0,"password":""}