{"id":"gen9nationaldexubers-1992951917","p1":"TyTheKing2005","p2":"teneber","format":"[Gen 9] National Dex Ubers","log":"|j|\u2606TyTheKing2005\n|j|\u2606teneber\n|t:|1700249728\n|gametype|singles\n|player|p1|TyTheKing2005|dawn-gen4pt|1415\n|player|p2|teneber|ghetsis|1523\n|teamsize|p1|6\n|teamsize|p2|6\n|gen|9\n|tier|[Gen 9] National Dex Ubers\n|rated|\n|rule|HP Percentage Mod: HP is shown in percentages\n|rule|Endless Battle Clause: Forcing endless battles is banned\n|rule|OHKO Clause: OHKO moves are banned\n|rule|Evasion Moves Clause: Evasion moves are banned\n|rule|Evasion Items Clause: Evasion items are banned\n|rule|Species Clause: Limit one of each Pok\u00e9mon\n|rule|Sleep Clause Mod: Limit one foe put to sleep\n|rule|Mega Rayquaza Clause: You cannot mega evolve Rayquaza\n|clearpoke\n|poke|p1|Kyogre|\n|poke|p1|Xerneas-*|\n|poke|p1|Shuckle, F|\n|poke|p1|Arceus|\n|poke|p1|Ho-Oh|\n|poke|p1|Groudon|\n|poke|p2|Groudon|\n|poke|p2|Necrozma-Dusk-Mane|\n|poke|p2|Zacian-*|\n|poke|p2|Kyogre|\n|poke|p2|Yveltal|\n|poke|p2|Eternatus|\n|teampreview\n|inactive|Battle timer is ON: inactive players will automatically lose when time's up. (requested by teneber)\n|\n|t:|1700249746\n|start\n|switch|p1a: Xerneas|Xerneas|100\/100\n|switch|p2a: Necrozma|Necrozma-Dusk-Mane, shiny|100\/100\n|-ability|p1a: Xerneas|Fairy Aura\n|turn|1\n|\n|t:|1700249750\n|-terastallize|p1a: Xerneas|Ground\n|move|p1a: Xerneas|Geomancy||[still]\n|-prepare|p1a: Xerneas|Geomancy\n|-enditem|p1a: Xerneas|Power Herb\n|-anim|p1a: Xerneas|Geomancy|p1a: Xerneas\n|-boost|p1a: Xerneas|spa|2\n|-boost|p1a: Xerneas|spd|2\n|-boost|p1a: Xerneas|spe|2\n|move|p2a: Necrozma|Sunsteel Strike|p1a: Xerneas\n|-damage|p1a: Xerneas|46\/100\n|\n|upkeep\n|turn|2\n|\n|t:|1700249755\n|detailschange|p2a: Necrozma|Necrozma-Ultra, shiny\n|-burst|p2a: Necrozma|Necrozma|Ultranecrozium Z\n|move|p1a: Xerneas|Hidden Power|p2a: Necrozma\n|-crit|p2a: Necrozma\n|-damage|p2a: Necrozma|0 fnt\n|faint|p2a: Necrozma\n|\n|upkeep\n|\n|t:|1700249761\n|switch|p2a: Yveltal|Yveltal|100\/100\n|-ability|p2a: Yveltal|Dark Aura\n|turn|3\n|\n|t:|1700249764\n|-terastallize|p2a: Yveltal|Dark\n|move|p2a: Yveltal|Sucker Punch|p1a: Xerneas\n|-damage|p1a: Xerneas|0 fnt\n|faint|p1a: Xerneas\n|\n|upkeep\n|\n|t:|1700249773\n|switch|p1a: Ho-Oh|Ho-Oh|100\/100\n|turn|4\n|\n|t:|1700249778\n|switch|p2a: Eternatus|Eternatus|100\/100\n|-ability|p2a: Eternatus|Pressure\n|move|p1a: Ho-Oh|Sacred Fire|p2a: Eternatus\n|-resisted|p2a: Eternatus\n|-damage|p2a: Eternatus|83\/100\n|\n|upkeep\n|turn|5\n|\n|t:|1700249786\n|switch|p1a: Groudon|Groudon|100\/100\n|detailschange|p1a: Groudon|Groudon-Primal\n|-primal|p1a: Groudon|Red Orb\n|-weather|DesolateLand|[from] ability: Desolate Land|[of] p1a: Groudon\n|move|p2a: Eternatus|Meteor Beam||[still]\n|-prepare|p2a: Eternatus|Meteor Beam\n|-boost|p2a: Eternatus|spa|1\n|-enditem|p2a: Eternatus|Power Herb\n|-anim|p2a: Eternatus|Meteor Beam|p1a: Groudon\n|-damage|p1a: Groudon|26\/100\n|\n|-weather|DesolateLand|[upkeep]\n|upkeep\n|turn|6\n|\n|t:|1700249799\n|move|p2a: Eternatus|Dynamax Cannon|p1a: Groudon\n|-damage|p1a: Groudon|0 fnt\n|faint|p1a: Groudon\n|-weather|none\n|\n|upkeep\n|-message|TyTheKing2005 forfeited.\n|\n|win|teneber\n|raw|TyTheKing2005's rating: 1415 &rarr; <strong>1402<\/strong><br \/>(-13 for losing)\n|raw|teneber's rating: 1542 &rarr; <strong>1555<\/strong><br \/>(+13 for winning)\n|l|\u2606TyTheKing2005\n","uploadtime":1700249808,"views":7,"p1id":"tytheking2005","p2id":"teneber","formatid":"gen9nationaldexubers","rating":1402,"private":0,"password":""}