{"id":"gen9nationaldexubers-1997187479","p1":"TheDude10101","p2":"Ace Trainer Pinky","format":"[Gen 9] National Dex Ubers","log":"|j|\u2606TheDude10101\n|j|\u2606Ace Trainer Pinky\n|t:|1700773497\n|gametype|singles\n|player|p1|TheDude10101|ingo|1216\n|player|p2|Ace Trainer Pinky|lillie-masters|1222\n|teamsize|p1|6\n|teamsize|p2|6\n|gen|9\n|tier|[Gen 9] National Dex Ubers\n|rated|\n|rule|HP Percentage Mod: HP is shown in percentages\n|rule|Endless Battle Clause: Forcing endless battles is banned\n|rule|OHKO Clause: OHKO moves are banned\n|rule|Evasion Moves Clause: Evasion moves are banned\n|rule|Evasion Items Clause: Evasion items are banned\n|rule|Species Clause: Limit one of each Pok\u00e9mon\n|rule|Sleep Clause Mod: Limit one foe put to sleep\n|rule|Mega Rayquaza Clause: You cannot mega evolve Rayquaza\n|clearpoke\n|poke|p1|Heracross, M|\n|poke|p1|Sneasler, F|\n|poke|p1|Garchomp, M|\n|poke|p1|Forretress, M|\n|poke|p1|Chansey, F|\n|poke|p1|Armarouge, M|\n|poke|p2|Necrozma-Dusk-Mane|\n|poke|p2|Ursaluna-Bloodmoon, M|\n|poke|p2|Lunala|\n|poke|p2|Xerneas-*|\n|poke|p2|Ho-Oh|\n|poke|p2|Urshifu-*, M|\n|teampreview\n|inactive|Battle timer is ON: inactive players will automatically lose when time's up. (requested by Ace Trainer Pinky)\n|\n|t:|1700773505\n|start\n|switch|p1a: Forretress|Forretress, M|100\/100\n|switch|p2a: Necrozma|Necrozma-Dusk-Mane, shiny|100\/100\n|turn|1\n|\n|t:|1700773508\n|move|p2a: Necrozma|Dragon Dance|p2a: Necrozma\n|-boost|p2a: Necrozma|atk|1\n|-boost|p2a: Necrozma|spe|1\n|move|p1a: Forretress|Spikes|p2a: Necrozma\n|-sidestart|p2: Ace Trainer Pinky|Spikes\n|\n|upkeep\n|turn|2\n|\n|t:|1700773510\n|move|p2a: Necrozma|Dragon Dance|p2a: Necrozma\n|-boost|p2a: Necrozma|atk|1\n|-boost|p2a: Necrozma|spe|1\n|move|p1a: Forretress|Spikes|p2a: Necrozma\n|-sidestart|p2: Ace Trainer Pinky|Spikes\n|\n|upkeep\n|turn|3\n|\n|t:|1700773512\n|move|p2a: Necrozma|Dragon Dance|p2a: Necrozma\n|-boost|p2a: Necrozma|atk|1\n|-boost|p2a: Necrozma|spe|1\n|move|p1a: Forretress|Spikes|p2a: Necrozma\n|-sidestart|p2: Ace Trainer Pinky|Spikes\n|\n|upkeep\n|turn|4\n|\n|t:|1700773515\n|move|p2a: Necrozma|Dragon Dance|p2a: Necrozma\n|-boost|p2a: Necrozma|atk|1\n|-boost|p2a: Necrozma|spe|1\n|move|p1a: Forretress|Toxic Spikes|p2a: Necrozma\n|-sidestart|p2: Ace Trainer Pinky|move: Toxic Spikes\n|\n|upkeep\n|turn|5\n|j| erikbound\n|\n|t:|1700773517\n|move|p2a: Necrozma|Dragon Dance|p2a: Necrozma\n|-boost|p2a: Necrozma|atk|1\n|-boost|p2a: Necrozma|spe|1\n|move|p1a: Forretress|Toxic Spikes|p2a: Necrozma\n|-sidestart|p2: Ace Trainer Pinky|move: Toxic Spikes\n|\n|upkeep\n|turn|6\n|\n|t:|1700773520\n|move|p2a: Necrozma|Dragon Dance|p2a: Necrozma\n|-boost|p2a: Necrozma|atk|1\n|-boost|p2a: Necrozma|spe|1\n|move|p1a: Forretress|Toxic Spikes||[still]\n|-fail|p1a: Forretress\n|\n|upkeep\n|turn|7\n|\n|t:|1700773525\n|move|p2a: Necrozma|Brick Break|p1a: Forretress\n|-damage|p1a: Forretress|28\/100\n|move|p1a: Forretress|Counter|p2a: Necrozma\n|-damage|p2a: Necrozma|0 fnt\n|faint|p2a: Necrozma\n|\n|upkeep\n|\n|t:|1700773540\n|switch|p2a: Ho-Oh|Ho-Oh, shiny|100\/100\n|-ability|p2a: Ho-Oh|Pressure\n|turn|8\n|\n|t:|1700773547\n|move|p2a: Ho-Oh|Earthquake|p1a: Forretress\n|-damage|p1a: Forretress|12\/100\n|move|p1a: Forretress|Toxic Spikes||[still]\n|-fail|p1a: Forretress\n|\n|upkeep\n|turn|9\n|\n|t:|1700773550\n|move|p2a: Ho-Oh|Earthquake|p1a: Forretress\n|-damage|p1a: Forretress|0 fnt\n|faint|p1a: Forretress\n|\n|upkeep\n|\n|t:|1700773563\n|switch|p1a: Sneasler|Sneasler, F|100\/100\n|turn|10\n|\n|t:|1700773584\n|move|p1a: Sneasler|Fake Out|p2a: Ho-Oh\n|-damage|p2a: Ho-Oh|91\/100\n|cant|p2a: Ho-Oh|flinch\n|\n|upkeep\n|turn|11\n|\n|t:|1700773588\n|move|p1a: Sneasler|Gunk Shot|p2a: Ho-Oh\n|-damage|p2a: Ho-Oh|44\/100\n|move|p2a: Ho-Oh|Earthquake|p1a: Sneasler\n|-supereffective|p1a: Sneasler\n|-damage|p1a: Sneasler|7\/100\n|\n|upkeep\n|turn|12\n|\n|t:|1700773604\n|switch|p2a: Ursaluna|Ursaluna-Bloodmoon, M|100\/100\n|-damage|p2a: Ursaluna|76\/100|[from] Spikes\n|-status|p2a: Ursaluna|tox\n|move|p1a: Sneasler|Reversal|p2a: Ursaluna\n|-supereffective|p2a: Ursaluna\n|-crit|p2a: Ursaluna\n|-damage|p2a: Ursaluna|0 fnt\n|faint|p2a: Ursaluna\n|\n|upkeep\n|inactive|Ace Trainer Pinky has 120 seconds left.\n|\n|t:|1700773635\n|switch|p2a: Lunala|Lunala, shiny|100\/100\n|-damage|p2a: Lunala|76\/100|[from] Spikes\n|-status|p2a: Lunala|tox\n|turn|13\n|-message|Ace Trainer Pinky forfeited.\n|\n|win|TheDude10101\n|raw|TheDude10101's rating: 1216 &rarr; <strong>1241<\/strong><br \/>(+25 for winning)\n|raw|Ace Trainer Pinky's rating: 1222 &rarr; <strong>1197<\/strong><br \/>(-25 for losing)\n|l|\u2606Ace Trainer Pinky\n","uploadtime":1700773642,"views":4,"p1id":"thedude10101","p2id":"acetrainerpinky","formatid":"gen9nationaldexubers","rating":1197,"private":0,"password":""}