{"id":"gen9nationaldexubers-1990251889","p1":"Malice Incarnate","p2":"seanhip2","format":"[Gen 9] National Dex Ubers","log":"|j|\u2606Malice Incarnate\n|j|\u2606seanhip2\n|t:|1699944883\n|gametype|singles\n|player|p1|Malice Incarnate|palmer|1635\n|player|p2|seanhip2|1|1716\n|teamsize|p1|6\n|teamsize|p2|6\n|gen|9\n|tier|[Gen 9] National Dex Ubers\n|rated|\n|rule|HP Percentage Mod: HP is shown in percentages\n|rule|Endless Battle Clause: Forcing endless battles is banned\n|rule|OHKO Clause: OHKO moves are banned\n|rule|Evasion Moves Clause: Evasion moves are banned\n|rule|Evasion Items Clause: Evasion items are banned\n|rule|Species Clause: Limit one of each Pok\u00e9mon\n|rule|Sleep Clause Mod: Limit one foe put to sleep\n|rule|Mega Rayquaza Clause: You cannot mega evolve Rayquaza\n|clearpoke\n|poke|p1|Groudon|\n|poke|p1|Arceus-Dark|\n|poke|p1|Ho-Oh|\n|poke|p1|Zygarde|\n|poke|p1|Necrozma-Dusk-Mane|\n|poke|p1|Palkia-Origin|\n|poke|p2|Groudon|\n|poke|p2|Ho-Oh|\n|poke|p2|Zygarde|\n|poke|p2|Arceus-Ground|\n|poke|p2|Yveltal|\n|poke|p2|Necrozma-Dusk-Mane|\n|teampreview\n|inactive|Battle timer is ON: inactive players will automatically lose when time's up. (requested by Malice Incarnate)\n|\n|t:|1699944896\n|start\n|switch|p1a: Groudon|Groudon|100\/100\n|switch|p2a: Yveltal|Yveltal|100\/100\n|-ability|p2a: Yveltal|Dark Aura\n|detailschange|p1a: Groudon|Groudon-Primal\n|-primal|p1a: Groudon|Red Orb\n|-weather|DesolateLand|[from] ability: Desolate Land|[of] p1a: Groudon\n|turn|1\n|\n|t:|1699944902\n|move|p2a: Yveltal|Foul Play|p1a: Groudon\n|-damage|p1a: Groudon|66\/100\n|move|p1a: Groudon|Stone Edge|p2a: Yveltal\n|-supereffective|p2a: Yveltal\n|-damage|p2a: Yveltal|42\/100\n|\n|-weather|DesolateLand|[upkeep]\n|upkeep\n|turn|2\n|\n|t:|1699944908\n|-weather|none\n|switch|p1a: Palkia|Palkia-Origin|100\/100\n|-ability|p1a: Palkia|Pressure\n|move|p2a: Yveltal|Roost|p2a: Yveltal\n|-heal|p2a: Yveltal|92\/100\n|-singleturn|p2a: Yveltal|move: Roost\n|\n|upkeep\n|turn|3\n|\n|t:|1699944913\n|move|p1a: Palkia|Spacial Rend|p2a: Yveltal\n|-damage|p2a: Yveltal|39\/100\n|move|p2a: Yveltal|Toxic|p1a: Palkia\n|-status|p1a: Palkia|tox\n|\n|-damage|p1a: Palkia|94\/100 tox|[from] psn\n|upkeep\n|turn|4\n|\n|t:|1699944920\n|move|p1a: Palkia|Spacial Rend|p2a: Yveltal|[miss]\n|-miss|p1a: Palkia|p2a: Yveltal\n|move|p2a: Yveltal|Foul Play|p1a: Palkia\n|-damage|p1a: Palkia|61\/100 tox\n|\n|-damage|p1a: Palkia|49\/100 tox|[from] psn\n|upkeep\n|turn|5\n|\n|t:|1699944927\n|switch|p2a: Ho-Oh|Ho-Oh|100\/100\n|move|p1a: Palkia|Spacial Rend|p2a: Ho-Oh|[miss]\n|-miss|p1a: Palkia|p2a: Ho-Oh\n|\n|-damage|p1a: Palkia|30\/100 tox|[from] psn\n|upkeep\n|turn|6\n|c|\u2606Malice Incarnate|BRO\n|\n|t:|1699944935\n|switch|p2a: Groudon|Groudon|100\/100\n|detailschange|p2a: Groudon|Groudon-Primal\n|-primal|p2a: Groudon|Red Orb\n|-weather|DesolateLand|[from] ability: Desolate Land|[of] p2a: Groudon\n|move|p1a: Palkia|Hydro Pump||[still]\n|-fail|p1a: Palkia|Hydro Pump|[from] Desolate Land\n|\n|-weather|DesolateLand|[upkeep]\n|-damage|p1a: Palkia|5\/100 tox|[from] psn\n|upkeep\n|turn|7\n|c|\u2606Malice Incarnate|95 MY ASS\n|\n|t:|1699944945\n|-weather|none\n|switch|p2a: Yveltal|Yveltal|39\/100\n|-ability|p2a: Yveltal|Dark Aura\n|move|p1a: Palkia|Spacial Rend|p2a: Yveltal\n|-damage|p2a: Yveltal|0 fnt\n|faint|p2a: Yveltal\n|\n|-damage|p1a: Palkia|0 fnt|[from] psn\n|faint|p1a: Palkia\n|upkeep\n|c|\u2606seanhip2|indeed\n|\n|t:|1699944954\n|switch|p1a: Arceus|Arceus-Dark|100\/100\n|switch|p2a: Ho-Oh|Ho-Oh|100\/100\n|turn|8\n|\n|t:|1699944959\n|move|p1a: Arceus|Taunt|p2a: Ho-Oh\n|-start|p2a: Ho-Oh|move: Taunt\n|move|p2a: Ho-Oh|Sacred Fire|p1a: Arceus\n|-damage|p1a: Arceus|75\/100\n|-status|p1a: Arceus|brn\n|\n|-damage|p1a: Arceus|69\/100 brn|[from] brn\n|upkeep\n|turn|9\n|\n|t:|1699944963\n|switch|p2a: Groudon|Groudon-Primal|100\/100\n|-weather|DesolateLand|[from] ability: Desolate Land|[of] p2a: Groudon\n|move|p1a: Arceus|Toxic|p2a: Groudon|[miss]\n|-miss|p1a: Arceus|p2a: Groudon\n|\n|-weather|DesolateLand|[upkeep]\n|-damage|p1a: Arceus|63\/100 brn|[from] brn\n|upkeep\n|turn|10\n|\n|t:|1699944966\n|move|p1a: Arceus|Toxic|p2a: Groudon\n|-status|p2a: Groudon|tox\n|move|p2a: Groudon|Rock Tomb|p1a: Arceus\n|-damage|p1a: Arceus|50\/100 brn\n|-unboost|p1a: Arceus|spe|1\n|\n|-weather|DesolateLand|[upkeep]\n|-damage|p2a: Groudon|94\/100 tox|[from] psn\n|-damage|p1a: Arceus|44\/100 brn|[from] brn\n|upkeep\n|turn|11\n|\n|t:|1699944971\n|move|p2a: Groudon|Overheat|p1a: Arceus\n|-damage|p1a: Arceus|0 fnt\n|-unboost|p2a: Groudon|spa|2\n|faint|p1a: Arceus\n|\n|-weather|DesolateLand|[upkeep]\n|-damage|p2a: Groudon|82\/100 tox|[from] psn\n|upkeep\n|\n|t:|1699944981\n|switch|p1a: Zygarde|Zygarde|100\/100\n|turn|12\n|\n|t:|1699944984\n|-weather|none\n|switch|p2a: Zygarde|Zygarde|100\/100\n|move|p1a: Zygarde|Coil|p1a: Zygarde\n|-boost|p1a: Zygarde|atk|1\n|-boost|p1a: Zygarde|def|1\n|-boost|p1a: Zygarde|accuracy|1\n|\n|upkeep\n|turn|13\n|\n|t:|1699944988\n|switch|p2a: Ho-Oh|Ho-Oh|100\/100\n|move|p1a: Zygarde|Glare|p2a: Ho-Oh\n|-status|p2a: Ho-Oh|par\n|\n|upkeep\n|turn|14\n|\n|t:|1699944992\n|move|p1a: Zygarde|Thousand Arrows|p2a: Ho-Oh\n|-crit|p2a: Ho-Oh\n|-damage|p2a: Ho-Oh|53\/100 par\n|-start|p2a: Ho-Oh|Smack Down\n|move|p2a: Ho-Oh|Whirlwind|p1a: Zygarde\n|drag|p1a: Ho-Oh|Ho-Oh|100\/100\n|\n|upkeep\n|turn|15\n|\n|t:|1699944999\n|switch|p1a: Groudon|Groudon-Primal|66\/100\n|-weather|DesolateLand|[from] ability: Desolate Land|[of] p1a: Groudon\n|move|p2a: Ho-Oh|Toxic|p1a: Groudon\n|-status|p1a: Groudon|tox\n|\n|-weather|DesolateLand|[upkeep]\n|-damage|p1a: Groudon|60\/100 tox|[from] psn\n|upkeep\n|turn|16\n|\n|t:|1699945003\n|switch|p2a: Zygarde|Zygarde|100\/100\n|move|p1a: Groudon|Spikes|p2a: Zygarde\n|-sidestart|p2: seanhip2|Spikes\n|\n|-weather|DesolateLand|[upkeep]\n|-damage|p1a: Groudon|48\/100 tox|[from] psn\n|upkeep\n|turn|17\n|\n|t:|1699945012\n|move|p2a: Zygarde|Thousand Arrows|p1a: Groudon\n|-supereffective|p1a: Groudon\n|-damage|p1a: Groudon|19\/100 tox\n|move|p1a: Groudon|Toxic|p2a: Zygarde\n|-status|p2a: Zygarde|tox\n|\n|-weather|DesolateLand|[upkeep]\n|-damage|p2a: Zygarde|94\/100 tox|[from] psn\n|-damage|p1a: Groudon|0 fnt|[from] psn\n|faint|p1a: Groudon\n|-weather|none\n|upkeep\n|\n|t:|1699945017\n|switch|p1a: Necrozma|Necrozma-Dusk-Mane|100\/100\n|turn|18\n|\n|t:|1699945020\n|move|p1a: Necrozma|Dragon Dance|p1a: Necrozma\n|-boost|p1a: Necrozma|atk|1\n|-boost|p1a: Necrozma|spe|1\n|move|p2a: Zygarde|Glare|p1a: Necrozma\n|-status|p1a: Necrozma|par\n|\n|-heal|p2a: Zygarde|100\/100 tox|[from] item: Leftovers\n|-damage|p2a: Zygarde|88\/100 tox|[from] psn\n|upkeep\n|turn|19\n|\n|t:|1699945025\n|move|p2a: Zygarde|Coil|p2a: Zygarde\n|-boost|p2a: Zygarde|atk|1\n|-boost|p2a: Zygarde|def|1\n|-boost|p2a: Zygarde|accuracy|1\n|cant|p1a: Necrozma|par\n|\n|-heal|p2a: Zygarde|94\/100 tox|[from] item: Leftovers\n|-damage|p2a: Zygarde|76\/100 tox|[from] psn\n|upkeep\n|turn|20\n|\n|t:|1699945028\n|move|p2a: Zygarde|Thousand Arrows|p1a: Necrozma\n|-supereffective|p1a: Necrozma\n|-damage|p1a: Necrozma|42\/100 par\n|cant|p1a: Necrozma|par\n|\n|-heal|p2a: Zygarde|82\/100 tox|[from] item: Leftovers\n|-damage|p2a: Zygarde|57\/100 tox|[from] psn\n|upkeep\n|turn|21\n|\n|t:|1699945036\n|move|p2a: Zygarde|Thousand Arrows|p1a: Necrozma\n|-supereffective|p1a: Necrozma\n|-crit|p1a: Necrozma\n|-damage|p1a: Necrozma|0 fnt\n|faint|p1a: Necrozma\n|\n|-heal|p2a: Zygarde|63\/100 tox|[from] item: Leftovers\n|-damage|p2a: Zygarde|32\/100 tox|[from] psn\n|-activate|p2a: Zygarde|ability: Power Construct\n|detailschange|p2a: Zygarde|Zygarde-Complete\n|-heal|p2a: Zygarde|55\/100 tox|[silent]\n|upkeep\n|\n|t:|1699945040\n|switch|p1a: Zygarde|Zygarde|100\/100\n|turn|22\n|\n|t:|1699945049\n|switch|p1a: Ho-Oh|Ho-Oh|100\/100\n|move|p2a: Zygarde|Rest|p2a: Zygarde\n|-status|p2a: Zygarde|slp|[from] move: Rest\n|-heal|p2a: Zygarde|100\/100 slp|[silent]\n|\n|upkeep\n|turn|23\n|\n|t:|1699945052\n|cant|p2a: Zygarde|slp\n|move|p1a: Ho-Oh|Whirlwind|p2a: Zygarde\n|drag|p2a: Groudon|Groudon-Primal|82\/100 tox\n|-damage|p2a: Groudon|70\/100 tox|[from] Spikes\n|-weather|DesolateLand|[from] ability: Desolate Land|[of] p2a: Groudon\n|\n|-weather|DesolateLand|[upkeep]\n|-damage|p2a: Groudon|63\/100 tox|[from] psn\n|upkeep\n|turn|24\n|\n|t:|1699945057\n|move|p2a: Groudon|Stealth Rock|p1a: Ho-Oh\n|-sidestart|p1: Malice Incarnate|move: Stealth Rock\n|move|p1a: Ho-Oh|Whirlwind|p2a: Groudon\n|-weather|none\n|drag|p2a: Zygarde|Zygarde-Complete|100\/100 slp\n|-damage|p2a: Zygarde|88\/100 slp|[from] Spikes\n|\n|-heal|p2a: Zygarde|94\/100 slp|[from] item: Leftovers\n|upkeep\n|turn|25\n|\n|t:|1699945062\n|move|p1a: Ho-Oh|Defog|p2a: Zygarde\n|-unboost|p2a: Zygarde|evasion|1\n|-sideend|p2: seanhip2|Spikes|[from] move: Defog|[of] p1a: Ho-Oh\n|-sideend|p1: Malice Incarnate|Stealth Rock|[from] move: Defog|[of] p1a: Ho-Oh\n|cant|p2a: Zygarde|slp\n|\n|-heal|p2a: Zygarde|99\/100 slp|[from] item: Leftovers\n|upkeep\n|turn|26\n|\n|t:|1699945066\n|-curestatus|p2a: Zygarde|slp|[msg]\n|move|p2a: Zygarde|Thousand Arrows|p1a: Ho-Oh\n|-damage|p1a: Ho-Oh|79\/100\n|-start|p1a: Ho-Oh|Smack Down\n|move|p1a: Ho-Oh|Whirlwind|p2a: Zygarde\n|drag|p2a: Necrozma|Necrozma-Dusk-Mane|100\/100\n|\n|upkeep\n|turn|27\n|\n|t:|1699945070\n|detailschange|p2a: Necrozma|Necrozma-Ultra\n|-burst|p2a: Necrozma|Necrozma|Ultranecrozium Z\n|move|p2a: Necrozma|Power Gem|p1a: Ho-Oh\n|-supereffective|p1a: Ho-Oh\n|-damage|p1a: Ho-Oh|0 fnt\n|faint|p1a: Ho-Oh\n|\n|upkeep\n|\n|t:|1699945073\n|switch|p1a: Zygarde|Zygarde|100\/100\n|turn|28\n|\n|t:|1699945078\n|-terastallize|p1a: Zygarde|Fairy\n|-zpower|p2a: Necrozma\n|move|p2a: Necrozma|Light That Burns the Sky|p1a: Zygarde|[zeffect]\n|-damage|p1a: Zygarde|0 fnt\n|faint|p1a: Zygarde\n|\n|win|seanhip2\n|raw|Malice Incarnate's rating: 1635 &rarr; <strong>1620<\/strong><br \/>(-15 for losing)\n|raw|seanhip2's rating: 1716 &rarr; <strong>1731<\/strong><br \/>(+15 for winning)\n|l|\u2606seanhip2\n","uploadtime":1699945084,"views":61,"p1id":"maliceincarnate","p2id":"seanhip2","formatid":"gen9nationaldexubers","rating":1620,"private":0,"password":""}