{"id":"gen9nationaldexubers-1978109294","p1":"85792195wwww","p2":"NeonJolteonWasUsed","format":"[Gen 9] National Dex Ubers","log":"|j|\u260685792195wwww\n|j|\u2606NeonJolteonWasUsed\n|t:|1698500499\n|gametype|singles\n|player|p1|85792195wwww|lady|1828\n|player|p2|NeonJolteonWasUsed|tourist|1717\n|teamsize|p1|6\n|teamsize|p2|6\n|gen|9\n|tier|[Gen 9] National Dex Ubers\n|rated|\n|rule|HP Percentage Mod: HP is shown in percentages\n|rule|Endless Battle Clause: Forcing endless battles is banned\n|rule|OHKO Clause: OHKO moves are banned\n|rule|Evasion Moves Clause: Evasion moves are banned\n|rule|Evasion Items Clause: Evasion items are banned\n|rule|Species Clause: Limit one of each Pok\u00e9mon\n|rule|Sleep Clause Mod: Limit one foe put to sleep\n|rule|Mega Rayquaza Clause: You cannot mega evolve Rayquaza\n|clearpoke\n|poke|p1|Calyrex-Ice|\n|poke|p1|Groudon|\n|poke|p1|Krookodile, F|\n|poke|p1|Xerneas-*|\n|poke|p1|Zacian-*|\n|poke|p1|Arceus|\n|poke|p2|Kyurem-Black|\n|poke|p2|Xerneas-*|\n|poke|p2|Giratina-Origin|\n|poke|p2|Magearna|\n|poke|p2|Groudon|\n|poke|p2|Arceus-Dark|\n|teampreview\n|inactive|Battle timer is ON: inactive players will automatically lose when time's up. (requested by NeonJolteonWasUsed)\n|\n|t:|1698500510\n|start\n|switch|p1a: Krookodile|Krookodile, F|100\/100\n|switch|p2a: Kyurem|Kyurem-Black|100\/100\n|-ability|p2a: Kyurem|Teravolt\n|-ability|p1a: Krookodile|Intimidate|boost\n|-unboost|p2a: Kyurem|atk|1\n|turn|1\n|\n|t:|1698500519\n|switch|p1a: Calyrex|Calyrex-Ice|100\/100\n|-ability|p1a: Calyrex|As One\n|-ability|p1a: Calyrex|Unnerve\n|move|p2a: Kyurem|Fusion Bolt|p1a: Calyrex\n|-damage|p1a: Calyrex|82\/100\n|\n|upkeep\n|turn|2\n|\n|t:|1698500528\n|switch|p2a: Arceus|Arceus-Dark|100\/100\n|move|p1a: Calyrex|Glacial Lance|p2a: Arceus\n|-damage|p2a: Arceus|55\/100\n|\n|upkeep\n|turn|3\n|\n|t:|1698500535\n|move|p2a: Arceus|Will-O-Wisp|p1a: Calyrex\n|-status|p1a: Calyrex|brn\n|move|p1a: Calyrex|Glacial Lance|p2a: Arceus\n|-damage|p2a: Arceus|35\/100\n|\n|-damage|p1a: Calyrex|76\/100 brn|[from] brn\n|upkeep\n|turn|4\n|\n|t:|1698500545\n|switch|p1a: Krookodile|Krookodile, F|100\/100\n|-ability|p1a: Krookodile|Intimidate|boost\n|-unboost|p2a: Arceus|atk|1\n|move|p2a: Arceus|Recover|p2a: Arceus\n|-heal|p2a: Arceus|85\/100\n|\n|upkeep\n|turn|5\n|\n|t:|1698500552\n|move|p2a: Arceus|Taunt|p1a: Krookodile\n|-start|p1a: Krookodile|move: Taunt\n|move|p1a: Krookodile|Bulldoze|p2a: Arceus\n|-damage|p2a: Arceus|66\/100\n|-unboost|p2a: Arceus|spe|1\n|\n|upkeep\n|turn|6\n|\n|t:|1698500560\n|move|p1a: Krookodile|Bulldoze|p2a: Arceus\n|-damage|p2a: Arceus|50\/100\n|-unboost|p2a: Arceus|spe|1\n|move|p2a: Arceus|Will-O-Wisp|p1a: Krookodile\n|-status|p1a: Krookodile|brn\n|\n|-damage|p1a: Krookodile|94\/100 brn|[from] brn\n|upkeep\n|turn|7\n|\n|t:|1698500570\n|move|p1a: Krookodile|Bulldoze|p2a: Arceus\n|-damage|p2a: Arceus|41\/100\n|-unboost|p2a: Arceus|spe|1\n|move|p2a: Arceus|Recover|p2a: Arceus\n|-heal|p2a: Arceus|91\/100\n|\n|-damage|p1a: Krookodile|88\/100 brn|[from] brn\n|-end|p1a: Krookodile|move: Taunt\n|upkeep\n|turn|8\n|\n|t:|1698500580\n|switch|p2a: Xerneas|Xerneas|100\/100\n|-ability|p2a: Xerneas|Fairy Aura\n|move|p1a: Krookodile|Stealth Rock|p2a: Xerneas\n|-sidestart|p2: NeonJolteonWasUsed|move: Stealth Rock\n|\n|-damage|p1a: Krookodile|82\/100 brn|[from] brn\n|upkeep\n|turn|9\n|\n|t:|1698500590\n|switch|p1a: Calyrex|Calyrex-Ice|76\/100 brn\n|-ability|p1a: Calyrex|As One\n|-ability|p1a: Calyrex|Unnerve\n|move|p2a: Xerneas|Moonblast|p1a: Calyrex\n|-damage|p1a: Calyrex|18\/100 brn\n|\n|-damage|p1a: Calyrex|12\/100 brn|[from] brn\n|upkeep\n|turn|10\n|\n|t:|1698500601\n|move|p2a: Xerneas|Moonblast|p1a: Calyrex\n|-damage|p1a: Calyrex|0 fnt\n|faint|p1a: Calyrex\n|\n|upkeep\n|\n|t:|1698500607\n|switch|p1a: Groudon|Groudon|100\/100\n|detailschange|p1a: Groudon|Groudon-Primal\n|-primal|p1a: Groudon|Red Orb\n|-weather|DesolateLand|[from] ability: Desolate Land|[of] p1a: Groudon\n|turn|11\n|\n|t:|1698500613\n|switch|p2a: Giratina|Giratina-Origin|100\/100\n|-damage|p2a: Giratina|88\/100|[from] Stealth Rock\n|-weather|none\n|switch|p1a: Xerneas|Xerneas|100\/100\n|-ability|p1a: Xerneas|Fairy Aura\n|\n|upkeep\n|turn|12\n|\n|t:|1698500623\n|switch|p1a: Zacian|Zacian-Crowned|100\/100\n|-ability|p1a: Zacian|Intrepid Sword|boost\n|-boost|p1a: Zacian|atk|1\n|switch|p2a: Magearna|Magearna|100\/100\n|-damage|p2a: Magearna|94\/100|[from] Stealth Rock\n|\n|upkeep\n|turn|13\n|\n|t:|1698500633\n|switch|p2a: Groudon|Groudon|100\/100\n|-damage|p2a: Groudon|94\/100|[from] Stealth Rock\n|detailschange|p2a: Groudon|Groudon-Primal\n|-primal|p2a: Groudon|Red Orb\n|-weather|DesolateLand|[from] ability: Desolate Land|[of] p2a: Groudon\n|move|p1a: Zacian|Swords Dance|p1a: Zacian\n|-boost|p1a: Zacian|atk|2\n|\n|-weather|DesolateLand|[upkeep]\n|upkeep\n|turn|14\n|\n|t:|1698500644\n|-terastallize|p1a: Zacian|Fighting\n|move|p1a: Zacian|Close Combat|p2a: Groudon\n|-damage|p2a: Groudon|0 fnt\n|-unboost|p1a: Zacian|def|1\n|-unboost|p1a: Zacian|spd|1\n|faint|p2a: Groudon\n|-weather|none\n|\n|upkeep\n|\n|t:|1698500649\n|switch|p2a: Xerneas|Xerneas|100\/100\n|-damage|p2a: Xerneas|88\/100|[from] Stealth Rock\n|-ability|p2a: Xerneas|Fairy Aura\n|turn|15\n|\n|t:|1698500658\n|switch|p1a: Krookodile|Krookodile, F|82\/100 brn\n|-ability|p1a: Krookodile|Intimidate|boost\n|-unboost|p2a: Xerneas|atk|1\n|move|p2a: Xerneas|Moonblast|p1a: Krookodile\n|-supereffective|p1a: Krookodile\n|-crit|p1a: Krookodile\n|-damage|p1a: Krookodile|0 fnt\n|faint|p1a: Krookodile\n|\n|upkeep\n|\n|t:|1698500671\n|switch|p1a: Xerneas|Xerneas|100\/100\n|-ability|p1a: Xerneas|Fairy Aura\n|turn|16\n|\n|t:|1698500676\n|switch|p2a: Magearna|Magearna|94\/100\n|-damage|p2a: Magearna|88\/100|[from] Stealth Rock\n|move|p1a: Xerneas|Moonblast|p2a: Magearna\n|-resisted|p2a: Magearna\n|-damage|p2a: Magearna|66\/100\n|\n|upkeep\n|turn|17\n|\n|t:|1698500686\n|switch|p1a: Zacian|Zacian-Crowned, tera:Fighting|100\/100\n|move|p2a: Magearna|Fleur Cannon|p1a: Zacian\n|-supereffective|p1a: Zacian\n|-damage|p1a: Zacian|0 fnt\n|-unboost|p2a: Magearna|spa|2\n|faint|p1a: Zacian\n|-ability|p2a: Magearna|Soul-Heart|boost\n|-boost|p2a: Magearna|spa|1\n|\n|upkeep\n|\n|t:|1698500699\n|switch|p1a: Arceus|Arceus|100\/100\n|turn|18\n|\n|t:|1698500713\n|switch|p1a: Xerneas|Xerneas|100\/100\n|-ability|p1a: Xerneas|Fairy Aura\n|-zpower|p2a: Magearna\n|move|p2a: Magearna|Z-Heal Bell||[anim]Heal Bell|[still]\n|-heal|p2a: Magearna|100\/100|[zeffect]\n|-activate|p2a: Magearna|move: Heal Bell\n|-fail|p2a: Magearna\n|\n|upkeep\n|turn|19\n|\n|t:|1698500725\n|switch|p1a: Groudon|Groudon-Primal|100\/100\n|-weather|DesolateLand|[from] ability: Desolate Land|[of] p1a: Groudon\n|move|p2a: Magearna|Fleur Cannon|p1a: Groudon\n|-resisted|p1a: Groudon\n|-damage|p1a: Groudon|82\/100\n|-unboost|p2a: Magearna|spa|2\n|\n|-weather|DesolateLand|[upkeep]\n|upkeep\n|turn|20\n|\n|t:|1698500736\n|-weather|none\n|switch|p1a: Xerneas|Xerneas|100\/100\n|-ability|p1a: Xerneas|Fairy Aura\n|switch|p2a: Giratina|Giratina-Origin|88\/100\n|-damage|p2a: Giratina|76\/100|[from] Stealth Rock\n|\n|upkeep\n|turn|21\n|\n|t:|1698500748\n|switch|p1a: Groudon|Groudon-Primal|82\/100\n|-weather|DesolateLand|[from] ability: Desolate Land|[of] p1a: Groudon\n|switch|p2a: Magearna|Magearna|100\/100\n|-damage|p2a: Magearna|94\/100|[from] Stealth Rock\n|\n|-weather|DesolateLand|[upkeep]\n|upkeep\n|turn|22\n|\n|t:|1698500758\n|switch|p2a: Giratina|Giratina-Origin|76\/100\n|-damage|p2a: Giratina|64\/100|[from] Stealth Rock\n|move|p1a: Groudon|Heat Crash|p2a: Giratina\n|-resisted|p2a: Giratina\n|-damage|p2a: Giratina|49\/100\n|\n|-weather|DesolateLand|[upkeep]\n|upkeep\n|turn|23\n|\n|t:|1698500764\n|move|p1a: Groudon|Heat Crash|p2a: Giratina\n|-resisted|p2a: Giratina\n|-damage|p2a: Giratina|35\/100\n|move|p2a: Giratina|Defog|p1a: Groudon\n|-unboost|p1a: Groudon|evasion|1\n|-sideend|p2: NeonJolteonWasUsed|Stealth Rock|[from] move: Defog|[of] p2a: Giratina\n|\n|-weather|DesolateLand|[upkeep]\n|upkeep\n|turn|24\n|\n|t:|1698500774\n|-weather|none\n|switch|p1a: Xerneas|Xerneas|100\/100\n|-ability|p1a: Xerneas|Fairy Aura\n|move|p2a: Giratina|Poltergeist|p1a: Xerneas\n|-activate|p1a: Xerneas|move: Poltergeist|Power Herb\n|-damage|p1a: Xerneas|51\/100\n|\n|upkeep\n|turn|25\n|\n|t:|1698500786\n|switch|p1a: Groudon|Groudon-Primal|82\/100\n|-weather|DesolateLand|[from] ability: Desolate Land|[of] p1a: Groudon\n|switch|p2a: Magearna|Magearna|94\/100\n|\n|-weather|DesolateLand|[upkeep]\n|upkeep\n|turn|26\n|\n|t:|1698500795\n|switch|p2a: Giratina|Giratina-Origin|35\/100\n|move|p1a: Groudon|Swords Dance|p1a: Groudon\n|-boost|p1a: Groudon|atk|2\n|\n|-weather|DesolateLand|[upkeep]\n|upkeep\n|turn|27\n|\n|t:|1698500801\n|move|p1a: Groudon|Heat Crash|p2a: Giratina\n|-resisted|p2a: Giratina\n|-damage|p2a: Giratina|4\/100\n|move|p2a: Giratina|Dragon Tail|p1a: Groudon\n|-damage|p1a: Groudon|58\/100\n|-weather|none\n|drag|p1a: Arceus|Arceus|100\/100\n|\n|upkeep\n|turn|28\n|\n|t:|1698500811\n|switch|p1a: Groudon|Groudon-Primal|58\/100\n|-weather|DesolateLand|[from] ability: Desolate Land|[of] p1a: Groudon\n|move|p2a: Giratina|Will-O-Wisp|p1a: Groudon\n|-immune|p1a: Groudon\n|\n|-weather|DesolateLand|[upkeep]\n|upkeep\n|turn|29\n|\n|t:|1698500819\n|move|p1a: Groudon|Heat Crash|p2a: Giratina\n|-resisted|p2a: Giratina\n|-crit|p2a: Giratina\n|-damage|p2a: Giratina|0 fnt\n|faint|p2a: Giratina\n|\n|-weather|DesolateLand|[upkeep]\n|upkeep\n|\n|t:|1698500844\n|switch|p2a: Kyurem|Kyurem-Black|100\/100\n|-ability|p2a: Kyurem|Teravolt\n|turn|30\n|\n|t:|1698500852\n|-weather|none\n|switch|p1a: Xerneas|Xerneas|51\/100\n|-ability|p1a: Xerneas|Fairy Aura\n|move|p2a: Kyurem|Dragon Dance|p2a: Kyurem\n|-boost|p2a: Kyurem|atk|1\n|-boost|p2a: Kyurem|spe|1\n|\n|upkeep\n|turn|31\n|\n|t:|1698500862\n|move|p2a: Kyurem|Icicle Spear|p1a: Xerneas\n|-damage|p1a: Xerneas|34\/100\n|-damage|p1a: Xerneas|16\/100\n|-damage|p1a: Xerneas|0 fnt\n|faint|p1a: Xerneas\n|-hitcount|p1: Xerneas|3\n|\n|upkeep\n|\n|t:|1698500869\n|switch|p1a: Arceus|Arceus|100\/100\n|turn|32\n|\n|t:|1698500873\n|move|p2a: Kyurem|Icicle Spear|p1a: Arceus\n|-damage|p1a: Arceus|82\/100\n|-damage|p1a: Arceus|62\/100\n|-damage|p1a: Arceus|45\/100\n|-damage|p1a: Arceus|27\/100\n|-damage|p1a: Arceus|9\/100\n|-hitcount|p1a: Arceus|5\n|move|p1a: Arceus|Swords Dance|p1a: Arceus\n|-boost|p1a: Arceus|atk|2\n|\n|upkeep\n|turn|33\n|\n|t:|1698500884\n|move|p1a: Arceus|Extreme Speed|p2a: Kyurem\n|-damage|p2a: Kyurem|2\/100\n|-damage|p1a: Arceus|0 fnt|[from] item: Life Orb\n|faint|p1a: Arceus\n|move|p2a: Kyurem|Icicle Spear|p1: Arceus|[notarget]\n|-fail|p2a: Kyurem\n|\n|upkeep\n|-message|85792195wwww forfeited.\n|\n|win|NeonJolteonWasUsed\n|raw|85792195wwww's rating: 1828 &rarr; <strong>1802<\/strong><br \/>(-26 for losing)\n|raw|NeonJolteonWasUsed's rating: 1717 &rarr; <strong>1743<\/strong><br \/>(+26 for winning)\n|l|\u260685792195wwww\n|l|\u2606NeonJolteonWasUsed\n","uploadtime":1698501050,"views":8,"p1id":"85792195wwww","p2id":"neonjolteonwasused","formatid":"gen9nationaldexubers","rating":1743,"private":0,"password":""}