{"id":"gen9nationaldexubers-1981576946","p1":"sapphic suporter","p2":"adttterew","format":"[Gen 9] National Dex Ubers","log":"|j|\u2606sapphic suporter\n|j|\u2606adttterew\n|t:|1698921072\n|gametype|singles\n|player|p1|sapphic suporter|skyla|1040\n|player|p2|adttterew|tuberf|1121\n|teamsize|p1|6\n|teamsize|p2|6\n|gen|9\n|tier|[Gen 9] National Dex Ubers\n|rated|\n|rule|HP Percentage Mod: HP is shown in percentages\n|rule|Endless Battle Clause: Forcing endless battles is banned\n|rule|OHKO Clause: OHKO moves are banned\n|rule|Evasion Moves Clause: Evasion moves are banned\n|rule|Evasion Items Clause: Evasion items are banned\n|rule|Species Clause: Limit one of each Pok\u00e9mon\n|rule|Sleep Clause Mod: Limit one foe put to sleep\n|rule|Mega Rayquaza Clause: You cannot mega evolve Rayquaza\n|clearpoke\n|poke|p1|Pheromosa|\n|poke|p1|Gardevoir, F|\n|poke|p1|Charizard, M|\n|poke|p1|Lucario, M|\n|poke|p1|Mewtwo|\n|poke|p1|Zygarde|\n|poke|p2|Zoroark-Hisui, M|\n|poke|p2|Zacian-*|\n|poke|p2|Shaymin-Sky|\n|poke|p2|Yveltal|\n|poke|p2|Ursaluna-Bloodmoon, M|\n|poke|p2|Zekrom|\n|teampreview\n|\n|t:|1698921079\n|start\n|switch|p1a: Pheromosa|Pheromosa, shiny|100\/100\n|switch|p2a: Ursaluna|Ursaluna-Bloodmoon, M|100\/100\n|turn|1\n|\n|t:|1698921088\n|move|p1a: Pheromosa|Close Combat|p2a: Ursaluna\n|-supereffective|p2a: Ursaluna\n|-damage|p2a: Ursaluna|0 fnt\n|-unboost|p1a: Pheromosa|def|1\n|-unboost|p1a: Pheromosa|spd|1\n|faint|p2a: Ursaluna\n|-ability|p1a: Pheromosa|Beast Boost|boost\n|-boost|p1a: Pheromosa|atk|1\n|\n|upkeep\n|\n|t:|1698921098\n|switch|p2a: Zacian|Zacian-Crowned|100\/100\n|-ability|p2a: Zacian|Intrepid Sword|boost\n|-boost|p2a: Zacian|atk|1\n|turn|2\n|\n|t:|1698921107\n|move|p2a: Zacian|Play Rough|p1a: Pheromosa\n|-supereffective|p1a: Pheromosa\n|-enditem|p1a: Pheromosa|Focus Sash\n|-damage|p1a: Pheromosa|1\/100\n|move|p1a: Pheromosa|Close Combat|p2a: Zacian\n|-damage|p2a: Zacian|0 fnt\n|-unboost|p1a: Pheromosa|def|1\n|-unboost|p1a: Pheromosa|spd|1\n|faint|p2a: Zacian\n|-ability|p1a: Pheromosa|Beast Boost|boost\n|-boost|p1a: Pheromosa|atk|1\n|\n|upkeep\n|\n|t:|1698921118\n|switch|p2a: Yveltal|Yveltal|100\/100\n|-ability|p2a: Yveltal|Dark Aura\n|turn|3\n|\n|t:|1698921123\n|move|p2a: Yveltal|Sucker Punch|p1a: Pheromosa\n|-resisted|p1a: Pheromosa\n|-crit|p1a: Pheromosa\n|-damage|p1a: Pheromosa|0 fnt\n|faint|p1a: Pheromosa\n|\n|upkeep\n|\n|t:|1698921133\n|switch|p1a: Gardevoir|Gardevoir, F, shiny|100\/100\n|-ability|p1a: Gardevoir|Dark Aura\n|-ability|p1a: Gardevoir|Dark Aura|[from] ability: Trace|[of] p2a: Yveltal\n|turn|4\n|\n|t:|1698921145\n|move|p2a: Yveltal|Dark Pulse|p1a: Gardevoir\n|-damage|p1a: Gardevoir|50\/100\n|move|p1a: Gardevoir|Draining Kiss|p2a: Yveltal\n|-supereffective|p2a: Yveltal\n|-damage|p2a: Yveltal|54\/100\n|-heal|p1a: Gardevoir|99\/100|[from] drain|[of] p2a: Yveltal\n|\n|upkeep\n|turn|5\n|\n|t:|1698921154\n|move|p2a: Yveltal|Oblivion Wing|p1a: Gardevoir\n|-damage|p1a: Gardevoir|59\/100\n|-heal|p2a: Yveltal|76\/100|[from] drain|[of] p1a: Gardevoir\n|move|p1a: Gardevoir|Draining Kiss|p2a: Yveltal\n|-supereffective|p2a: Yveltal\n|-damage|p2a: Yveltal|30\/100\n|-heal|p1a: Gardevoir|100\/100|[from] drain|[of] p2a: Yveltal\n|\n|upkeep\n|turn|6\n|inactive|Battle timer is ON: inactive players will automatically lose when time's up. (requested by sapphic suporter)\n|\n|t:|1698921167\n|move|p2a: Yveltal|Dark Pulse|p1a: Gardevoir\n|-damage|p1a: Gardevoir|50\/100\n|move|p1a: Gardevoir|Calm Mind|p1a: Gardevoir\n|-boost|p1a: Gardevoir|spa|1\n|-boost|p1a: Gardevoir|spd|1\n|\n|upkeep\n|turn|7\n|\n|t:|1698921174\n|move|p2a: Yveltal|Dark Pulse|p1a: Gardevoir\n|-crit|p1a: Gardevoir\n|-damage|p1a: Gardevoir|0 fnt\n|faint|p1a: Gardevoir\n|\n|upkeep\n|c|\u2606sapphic suporter|MOTEHRFUCKEr\n|c|\u2606adttterew|language please\n|c|\u2606sapphic suporter|bullcrap\n|\n|t:|1698921196\n|switch|p1a: Mewtwo|Mewtwo, shiny|100\/100\n|-ability|p1a: Mewtwo|Unnerve\n|turn|8\n|\n|t:|1698921202\n|move|p2a: Yveltal|Sucker Punch|p1a: Mewtwo\n|-supereffective|p1a: Mewtwo\n|-damage|p1a: Mewtwo|23\/100\n|move|p1a: Mewtwo|Drain Punch|p2a: Yveltal\n|-damage|p2a: Yveltal|7\/100\n|-heal|p1a: Mewtwo|36\/100|[from] drain|[of] p2a: Yveltal\n|\n|upkeep\n|turn|9\n|\n|t:|1698921214\n|move|p2a: Yveltal|Sucker Punch|p1a: Mewtwo\n|-supereffective|p1a: Mewtwo\n|-damage|p1a: Mewtwo|0 fnt\n|faint|p1a: Mewtwo\n|\n|upkeep\n|\n|t:|1698921219\n|switch|p1a: Lucario|Lucario, M, shiny|100\/100\n|turn|10\n|\n|t:|1698921223\n|detailschange|p1a: Lucario|Lucario-Mega, M, shiny\n|-mega|p1a: Lucario|Lucario|Lucarionite\n|move|p1a: Lucario|Bullet Punch|p2a: Yveltal\n|-damage|p2a: Yveltal|0 fnt\n|faint|p2a: Yveltal\n|\n|upkeep\n|\n|t:|1698921231\n|switch|p2a: Zekrom|Zekrom|100\/100\n|turn|11\n|\n|t:|1698921239\n|move|p1a: Lucario|Crunch|p2a: Zekrom\n|-supereffective|p2a: Zekrom\n|-enditem|p2a: Zekrom|Focus Sash\n|-damage|p2a: Zekrom|1\/100\n|replace|p2a: Zoroark|Zoroark-Hisui, M\n|-end|p2a: Zoroark|Illusion\n|move|p2a: Zoroark|Comeuppance|p1a: Lucario\n|-damage|p1a: Lucario|0 fnt\n|faint|p1a: Lucario\n|\n|upkeep\n|c|\u2606sapphic suporter|knwe it\n|\n|t:|1698921250\n|switch|p1a: Zygarde|Zygarde, shiny|100\/100\n|turn|12\n|\n|t:|1698921266\n|move|p2a: Zoroark|Bitter Malice|p1a: Zygarde\n|-damage|p1a: Zygarde|67\/100\n|-unboost|p1a: Zygarde|atk|1\n|move|p1a: Zygarde|Thousand Waves|p2a: Zoroark\n|-damage|p2a: Zoroark|0 fnt\n|faint|p2a: Zoroark\n|\n|upkeep\n|\n|t:|1698921284\n|switch|p2a: Zekrom|Zekrom|100\/100\n|-ability|p2a: Zekrom|Teravolt\n|turn|13\n|\n|t:|1698921292\n|switch|p1a: Charizard|Charizard, M, shiny|100\/100\n|move|p2a: Zekrom|Outrage|p1a: Charizard\n|-damage|p1a: Charizard|3\/100\n|\n|upkeep\n|turn|14\n|\n|t:|1698921299\n|move|p2a: Zekrom|Outrage|p1a: Charizard|[from]lockedmove\n|-damage|p1a: Charizard|0 fnt\n|faint|p1a: Charizard\n|-start|p2a: Zekrom|confusion|[fatigue]\n|\n|upkeep\n|\n|t:|1698921305\n|switch|p1a: Zygarde|Zygarde, shiny|67\/100\n|turn|15\n|\n|t:|1698921315\n|-terastallize|p2a: Zekrom|Fairy\n|-terastallize|p1a: Zygarde|Ground\n|-activate|p2a: Zekrom|confusion\n|-damage|p2a: Zekrom|88\/100|[from] confusion\n|move|p1a: Zygarde|Thousand Waves|p2a: Zekrom\n|-damage|p2a: Zekrom|52\/100\n|-activate|p2a: Zekrom|trapped\n|\n|upkeep\n|turn|16\n|\n|t:|1698921326\n|-activate|p2a: Zekrom|confusion\n|-damage|p2a: Zekrom|40\/100|[from] confusion\n|move|p1a: Zygarde|Thousand Waves|p2a: Zekrom\n|-damage|p2a: Zekrom|2\/100\n|\n|upkeep\n|turn|17\n|c|\u2606sapphic suporter|BAHHA\n|c|\u2606sapphic suporter|you are really unlucky\n|\n|t:|1698921338\n|-activate|p2a: Zekrom|confusion\n|move|p2a: Zekrom|Outrage|p1a: Zygarde\n|-damage|p1a: Zygarde|30\/100\n|move|p1a: Zygarde|Thousand Waves|p2a: Zekrom\n|-damage|p2a: Zekrom|0 fnt\n|faint|p2a: Zekrom\n|\n|-activate|p1a: Zygarde|ability: Power Construct\n|detailschange|p1a: Zygarde|Zygarde-Complete, shiny, tera:Ground\n|-heal|p1a: Zygarde|54\/100|[silent]\n|upkeep\n|\n|t:|1698921350\n|switch|p2a: Shaymin|Shaymin-Sky|100\/100\n|turn|18\n|\n|t:|1698921358\n|-zpower|p2a: Shaymin\n|move|p2a: Shaymin|Bloom Doom|p1a: Zygarde|[zeffect]\n|-supereffective|p1a: Zygarde\n|-damage|p1a: Zygarde|0 fnt\n|faint|p1a: Zygarde\n|\n|win|adttterew\n|raw|sapphic suporter's rating: 1040 &rarr; <strong>1028<\/strong><br \/>(-12 for losing)\n|raw|adttterew's rating: 1121 &rarr; <strong>1140<\/strong><br \/>(+19 for winning)\n","uploadtime":1698921181,"views":9,"p1id":"sapphicsuporter","p2id":"adttterew","formatid":"gen9nationaldexubers","rating":1028,"private":0,"password":""}