{"id":"gen9nationaldexubers-1999341323","p1":"opopikoss","p2":"Chaitanya15","format":"[Gen 9] National Dex Ubers","log":"|j|\u2606opopikoss\n|j|\u2606Chaitanya15\n|t:|1701063197\n|gametype|singles\n|player|p1|opopikoss|lucas|1363\n|player|p2|Chaitanya15|102|1486\n|teamsize|p1|6\n|teamsize|p2|6\n|gen|9\n|tier|[Gen 9] National Dex Ubers\n|rated|\n|rule|HP Percentage Mod: HP is shown in percentages\n|rule|Endless Battle Clause: Forcing endless battles is banned\n|rule|OHKO Clause: OHKO moves are banned\n|rule|Evasion Moves Clause: Evasion moves are banned\n|rule|Evasion Items Clause: Evasion items are banned\n|rule|Species Clause: Limit one of each Pok\u00e9mon\n|rule|Sleep Clause Mod: Limit one foe put to sleep\n|rule|Mega Rayquaza Clause: You cannot mega evolve Rayquaza\n|clearpoke\n|poke|p1|Grimmsnarl, M|\n|poke|p1|Groudon|\n|poke|p1|Necrozma-Dusk-Mane|\n|poke|p1|Xerneas-*|\n|poke|p1|Arceus-Ground|\n|poke|p1|Greninja-*, M|\n|poke|p2|Kingambit, M|\n|poke|p2|Basculegion, M|\n|poke|p2|Kyogre|\n|poke|p2|Flutter Mane|\n|poke|p2|Deoxys-Speed|\n|poke|p2|Groudon|\n|teampreview\n|inactive|Battle timer is ON: inactive players will automatically lose when time's up. (requested by Chaitanya15)\n|\n|t:|1701063233\n|start\n|switch|p1a: Rompegansos|Grimmsnarl, M, shiny|100\/100\n|switch|p2a: Deoxys|Deoxys-Speed|100\/100\n|-ability|p2a: Deoxys|Pressure\n|turn|1\n|\n|t:|1701063241\n|move|p1a: Rompegansos|Taunt|p2a: Deoxys\n|-start|p2a: Deoxys|move: Taunt\n|cant|p2a: Deoxys|move: Taunt|Stealth Rock\n|\n|upkeep\n|turn|2\n|\n|t:|1701063249\n|switch|p2a: Groudon|Groudon|100\/100\n|detailschange|p2a: Groudon|Groudon-Primal\n|-primal|p2a: Groudon|Red Orb\n|-weather|DesolateLand|[from] ability: Desolate Land|[of] p2a: Groudon\n|move|p1a: Rompegansos|Spirit Break|p2a: Groudon\n|-resisted|p2a: Groudon\n|-damage|p2a: Groudon|92\/100\n|-unboost|p2a: Groudon|spa|1\n|\n|-weather|DesolateLand|[upkeep]\n|upkeep\n|turn|3\n|\n|t:|1701063275\n|move|p1a: Rompegansos|Light Screen|p1a: Rompegansos\n|-sidestart|p1: opopikoss|move: Light Screen\n|move|p2a: Groudon|Rock Polish|p2a: Groudon\n|-boost|p2a: Groudon|spe|2\n|\n|-weather|DesolateLand|[upkeep]\n|upkeep\n|turn|4\n|\n|t:|1701063281\n|move|p1a: Rompegansos|Reflect|p1a: Rompegansos\n|-sidestart|p1: opopikoss|Reflect\n|move|p2a: Groudon|Swords Dance|p2a: Groudon\n|-boost|p2a: Groudon|atk|2\n|\n|-weather|DesolateLand|[upkeep]\n|upkeep\n|turn|5\n|\n|t:|1701063287\n|move|p1a: Rompegansos|Taunt|p2a: Groudon\n|-start|p2a: Groudon|move: Taunt\n|move|p2a: Groudon|Heat Crash|p1a: Rompegansos\n|-damage|p1a: Rompegansos|0 fnt\n|faint|p1a: Rompegansos\n|\n|-weather|DesolateLand|[upkeep]\n|upkeep\n|\n|t:|1701063297\n|switch|p1a: Xexe|Xerneas, shiny|100\/100\n|-ability|p1a: Xexe|Fairy Aura\n|turn|6\n|\n|t:|1701063304\n|move|p2a: Groudon|Heat Crash|p1a: Xexe\n|-damage|p1a: Xexe|12\/100\n|move|p1a: Xexe|Geomancy||[still]\n|-prepare|p1a: Xexe|Geomancy\n|-enditem|p1a: Xexe|Power Herb\n|-anim|p1a: Xexe|Geomancy|p1a: Xexe\n|-boost|p1a: Xexe|spa|2\n|-boost|p1a: Xexe|spd|2\n|-boost|p1a: Xexe|spe|2\n|\n|-weather|DesolateLand|[upkeep]\n|upkeep\n|turn|7\n|\n|t:|1701063312\n|move|p2a: Groudon|Heat Crash|p1a: Xexe\n|-damage|p1a: Xexe|0 fnt\n|faint|p1a: Xexe\n|\n|-weather|DesolateLand|[upkeep]\n|-end|p2a: Groudon|move: Taunt\n|upkeep\n|\n|t:|1701063316\n|switch|p1a: Arkoos|Arceus-Ground|100\/100\n|turn|8\n|\n|t:|1701063322\n|move|p2a: Groudon|Heat Crash|p1a: Arkoos\n|-damage|p1a: Arkoos|37\/100\n|move|p1a: Arkoos|Judgment|p2a: Groudon\n|-supereffective|p2a: Groudon\n|-damage|p2a: Groudon|0 fnt\n|faint|p2a: Groudon\n|-weather|none\n|\n|upkeep\n|\n|t:|1701063339\n|switch|p2a: Kyogre|Kyogre|100\/100\n|-weather|RainDance|[from] ability: Drizzle|[of] p2a: Kyogre\n|turn|9\n|\n|t:|1701063344\n|move|p2a: Kyogre|Water Spout|p1a: Arkoos\n|-supereffective|p1a: Arkoos\n|-damage|p1a: Arkoos|0 fnt\n|faint|p1a: Arkoos\n|\n|-weather|RainDance|[upkeep]\n|upkeep\n|\n|t:|1701063348\n|switch|p1a: Negrosma|Necrozma-Dusk-Mane|100\/100\n|turn|10\n|\n|t:|1701063353\n|move|p2a: Kyogre|Water Spout|p1a: Negrosma\n|-damage|p1a: Negrosma|43\/100\n|move|p1a: Negrosma|Dragon Dance|p1a: Negrosma\n|-boost|p1a: Negrosma|atk|1\n|-boost|p1a: Negrosma|spe|1\n|\n|-weather|RainDance|[upkeep]\n|-sideend|p1: opopikoss|move: Light Screen\n|upkeep\n|turn|11\n|\n|t:|1701063367\n|move|p2a: Kyogre|Water Spout|p1a: Negrosma\n|-damage|p1a: Negrosma|0 fnt\n|faint|p1a: Negrosma\n|\n|-weather|RainDance|[upkeep]\n|-sideend|p1: opopikoss|Reflect\n|upkeep\n|\n|t:|1701063371\n|switch|p1a: Destrozanos|Groudon|100\/100\n|detailschange|p1a: Destrozanos|Groudon-Primal\n|-primal|p1a: Destrozanos|Red Orb\n|-weather|DesolateLand|[from] ability: Desolate Land|[of] p1a: Destrozanos\n|turn|12\n|\n|t:|1701063380\n|switch|p2a: Deoxys|Deoxys-Speed|100\/100\n|-ability|p2a: Deoxys|Pressure\n|move|p1a: Destrozanos|Precipice Blades|p2a: Deoxys\n|-enditem|p2a: Deoxys|Focus Sash\n|-damage|p2a: Deoxys|1\/100\n|\n|-weather|DesolateLand|[upkeep]\n|upkeep\n|turn|13\n|\n|t:|1701063390\n|move|p2a: Deoxys|Psychic|p1a: Destrozanos\n|-damage|p1a: Destrozanos|70\/100\n|move|p1a: Destrozanos|Stone Edge|p2a: Deoxys\n|-damage|p2a: Deoxys|0 fnt\n|faint|p2a: Deoxys\n|\n|-weather|DesolateLand|[upkeep]\n|upkeep\n|\n|t:|1701063399\n|switch|p2a: Flutter Mane|Flutter Mane|100\/100\n|-enditem|p2a: Flutter Mane|Booster Energy\n|-activate|p2a: Flutter Mane|ability: Protosynthesis|[fromitem]\n|-start|p2a: Flutter Mane|protosynthesisspe\n|turn|14\n|\n|t:|1701063405\n|move|p2a: Flutter Mane|Shadow Ball|p1a: Destrozanos\n|-damage|p1a: Destrozanos|29\/100\n|-unboost|p1a: Destrozanos|spd|1\n|move|p1a: Destrozanos|Stone Edge|p2a: Flutter Mane|[miss]\n|-miss|p1a: Destrozanos|p2a: Flutter Mane\n|\n|-weather|DesolateLand|[upkeep]\n|upkeep\n|turn|15\n|\n|t:|1701063414\n|move|p2a: Flutter Mane|Shadow Ball|p1a: Destrozanos\n|-damage|p1a: Destrozanos|0 fnt\n|faint|p1a: Destrozanos\n|-weather|none\n|\n|upkeep\n|\n|t:|1701063419\n|switch|p1a: Iwilllickyou|Greninja, M|100\/100\n|turn|16\n|c|\u2606opopikoss|gg\n|\n|t:|1701063424\n|-terastallize|p1a: Iwilllickyou|Water\n|move|p1a: Iwilllickyou|Water Shuriken|p2a: Flutter Mane\n|-damage|p2a: Flutter Mane|87\/100\n|-damage|p2a: Flutter Mane|73\/100\n|-damage|p2a: Flutter Mane|61\/100\n|-damage|p2a: Flutter Mane|49\/100\n|-hitcount|p2a: Flutter Mane|4\n|-damage|p1a: Iwilllickyou|91\/100|[from] item: Life Orb\n|move|p2a: Flutter Mane|Moonblast|p1a: Iwilllickyou\n|-damage|p1a: Iwilllickyou|9\/100\n|\n|upkeep\n|turn|17\n|\n|t:|1701063437\n|move|p1a: Iwilllickyou|Water Shuriken|p2a: Flutter Mane\n|-damage|p2a: Flutter Mane|36\/100\n|-damage|p2a: Flutter Mane|23\/100\n|-damage|p2a: Flutter Mane|10\/100\n|-hitcount|p2a: Flutter Mane|3\n|-damage|p1a: Iwilllickyou|0 fnt|[from] item: Life Orb\n|faint|p1a: Iwilllickyou\n|\n|win|Chaitanya15\n|raw|opopikoss's rating: 1363 &rarr; <strong>1350<\/strong><br \/>(-13 for losing)\n|raw|Chaitanya15's rating: 1486 &rarr; <strong>1499<\/strong><br \/>(+13 for winning)\n|l|\u2606opopikoss\n|c|\u2606Chaitanya15|Gg\n","uploadtime":1701063457,"views":2,"p1id":"opopikoss","p2id":"chaitanya15","formatid":"gen9nationaldexubers","rating":1350,"private":0,"password":""}