{"id":"gen9nationaldexubers-1985637278","p1":"pl4tin3umuru","p2":"Cyniot","format":"[Gen 9] National Dex Ubers","log":"|j|\u2606pl4tin3umuru\n|j|\u2606Cyniot\n|t:|1699391185\n|gametype|singles\n|player|p1|pl4tin3umuru|cynthia|\n|player|p2|Cyniot|1|\n|teamsize|p1|6\n|teamsize|p2|6\n|gen|9\n|tier|[Gen 9] National Dex Ubers\n|rule|HP Percentage Mod: HP is shown in percentages\n|rule|Endless Battle Clause: Forcing endless battles is banned\n|rule|OHKO Clause: OHKO moves are banned\n|rule|Evasion Moves Clause: Evasion moves are banned\n|rule|Evasion Items Clause: Evasion items are banned\n|rule|Species Clause: Limit one of each Pok\u00e9mon\n|rule|Sleep Clause Mod: Limit one foe put to sleep\n|rule|Mega Rayquaza Clause: You cannot mega evolve Rayquaza\n|clearpoke\n|poke|p1|Tapu Koko|\n|poke|p1|Iron Valiant|\n|poke|p1|Hawlucha, M|\n|poke|p1|Iron Moth|\n|poke|p1|Landorus-Therian, M|\n|poke|p1|Scizor, M|\n|poke|p2|Pelipper, F|\n|poke|p2|Swampert, M|\n|poke|p2|Ferrothorn, M|\n|poke|p2|Urshifu-*, M|\n|poke|p2|Zapdos|\n|poke|p2|Manaphy|\n|teampreview\n|inactive|Battle timer is ON: inactive players will automatically lose when time's up. (requested by pl4tin3umuru)\n|inactive|pl4tin3umuru has 270 seconds left.\n|\n|t:|1699391218\n|start\n|switch|p1a: Hawlucha|Hawlucha, M|100\/100\n|switch|p2a: Pelipper|Pelipper, F|100\/100\n|-weather|RainDance|[from] ability: Drizzle|[of] p2a: Pelipper\n|turn|1\n|\n|t:|1699391231\n|move|p1a: Hawlucha|Swords Dance|p1a: Hawlucha\n|-boost|p1a: Hawlucha|atk|2\n|move|p2a: Pelipper|Hurricane|p1a: Hawlucha\n|-supereffective|p1a: Hawlucha\n|-damage|p1a: Hawlucha|0 fnt\n|faint|p1a: Hawlucha\n|\n|-weather|RainDance|[upkeep]\n|upkeep\n|\n|t:|1699391238\n|switch|p1a: Tapu Koko|Tapu Koko|100\/100\n|-fieldstart|move: Electric Terrain|[from] ability: Electric Surge|[of] p1a: Tapu Koko\n|turn|2\n|\n|t:|1699391269\n|switch|p2a: Ferrothorn|Ferrothorn, M|100\/100\n|-terastallize|p1a: Tapu Koko|Grass\n|move|p1a: Tapu Koko|Hidden Power|p2a: Ferrothorn\n|-damage|p2a: Ferrothorn|89\/100\n|\n|-weather|RainDance|[upkeep]\n|-heal|p2a: Ferrothorn|95\/100|[from] item: Leftovers\n|upkeep\n|turn|3\n|inactive|pl4tin3umuru has 270 seconds left.\n|\n|t:|1699391295\n|move|p1a: Tapu Koko|U-turn|p2a: Ferrothorn\n|-damage|p2a: Ferrothorn|82\/100\n|-damage|p1a: Tapu Koko|88\/100|[from] ability: Iron Barbs|[of] p2a: Ferrothorn\n|\n|t:|1699391303\n|switch|p1a: Scizor|Scizor, M|100\/100|[from] U-turn\n|move|p2a: Ferrothorn|Stealth Rock|p1a: Scizor\n|-sidestart|p1: pl4tin3umuru|move: Stealth Rock\n|\n|-weather|RainDance|[upkeep]\n|-heal|p2a: Ferrothorn|88\/100|[from] item: Leftovers\n|upkeep\n|turn|4\n|\n|t:|1699391313\n|switch|p2a: Zapdos|Zapdos|100\/100\n|move|p1a: Scizor|Swords Dance|p1a: Scizor\n|-boost|p1a: Scizor|atk|2\n|\n|-weather|RainDance|[upkeep]\n|upkeep\n|turn|5\n|inactive|pl4tin3umuru has 270 seconds left.\n|\n|t:|1699391338\n|detailschange|p1a: Scizor|Scizor-Mega, M\n|-mega|p1a: Scizor|Scizor|Scizorite\n|move|p1a: Scizor|Bullet Punch|p2a: Zapdos\n|-resisted|p2a: Zapdos\n|-damage|p2a: Zapdos|51\/100\n|move|p2a: Zapdos|Hurricane|p1a: Scizor\n|-damage|p1a: Scizor|33\/100\n|\n|-weather|RainDance|[upkeep]\n|upkeep\n|turn|6\n|\n|t:|1699391345\n|move|p1a: Scizor|Bullet Punch|p2a: Zapdos\n|-resisted|p2a: Zapdos\n|-damage|p2a: Zapdos|8\/100\n|move|p2a: Zapdos|Hurricane|p1a: Scizor\n|-damage|p1a: Scizor|0 fnt\n|faint|p1a: Scizor\n|\n|-weather|RainDance|[upkeep]\n|upkeep\n|\n|t:|1699391354\n|switch|p1a: Tapu Koko|Tapu Koko, tera:Grass|88\/100\n|-damage|p1a: Tapu Koko|76\/100|[from] Stealth Rock\n|turn|7\n|\n|t:|1699391360\n|switch|p2a: Ferrothorn|Ferrothorn, M|88\/100\n|move|p1a: Tapu Koko|Hidden Power|p2a: Ferrothorn\n|-damage|p2a: Ferrothorn|78\/100\n|\n|-weather|RainDance|[upkeep]\n|-heal|p2a: Ferrothorn|84\/100|[from] item: Leftovers\n|upkeep\n|turn|8\n|inactive|pl4tin3umuru has 270 seconds left.\n|\n|t:|1699391372\n|move|p1a: Tapu Koko|U-turn|p2a: Ferrothorn\n|-damage|p2a: Ferrothorn|70\/100\n|-damage|p1a: Tapu Koko|63\/100|[from] ability: Iron Barbs|[of] p2a: Ferrothorn\n|\n|t:|1699391383\n|switch|p1a: Iron Valiant|Iron Valiant|100\/100|[from] U-turn\n|-damage|p1a: Iron Valiant|94\/100|[from] Stealth Rock\n|-activate|p1a: Iron Valiant|ability: Quark Drive\n|-start|p1a: Iron Valiant|quarkdrivespe\n|move|p2a: Ferrothorn|Gyro Ball|p1a: Iron Valiant\n|-supereffective|p1a: Iron Valiant\n|-damage|p1a: Iron Valiant|0 fnt\n|faint|p1a: Iron Valiant\n|-end|p1a: Iron Valiant|Quark Drive|[silent]\n|\n|-weather|none\n|-heal|p2a: Ferrothorn|76\/100|[from] item: Leftovers\n|upkeep\n|\n|t:|1699391398\n|switch|p1a: Iron Moth|Iron Moth|100\/100\n|-activate|p1a: Iron Moth|ability: Quark Drive\n|-start|p1a: Iron Moth|quarkdrivespe\n|turn|9\n|\n|t:|1699391402\n|switch|p2a: Pelipper|Pelipper, F|100\/100\n|-weather|RainDance|[from] ability: Drizzle|[of] p2a: Pelipper\n|move|p1a: Iron Moth|Fiery Dance|p2a: Pelipper\n|-resisted|p2a: Pelipper\n|-damage|p2a: Pelipper|86\/100\n|-boost|p1a: Iron Moth|spa|1\n|\n|-weather|RainDance|[upkeep]\n|-fieldend|move: Electric Terrain\n|-end|p1a: Iron Moth|Quark Drive\n|upkeep\n|turn|10\n|inactive|pl4tin3umuru has 270 seconds left.\n|\n|t:|1699391414\n|move|p1a: Iron Moth|Energy Ball|p2a: Pelipper\n|-damage|p2a: Pelipper|19\/100\n|move|p2a: Pelipper|U-turn|p1a: Iron Moth\n|-resisted|p1a: Iron Moth\n|-damage|p1a: Iron Moth|97\/100\n|\n|t:|1699391422\n|switch|p2a: Swampert|Swampert, M|100\/100|[from] U-turn\n|\n|-weather|RainDance|[upkeep]\n|upkeep\n|turn|11\n|\n|t:|1699391431\n|-end|p1a: Iron Moth|Quark Drive|[silent]\n|switch|p1a: Tapu Koko|Tapu Koko, tera:Grass|63\/100\n|-damage|p1a: Tapu Koko|51\/100|[from] Stealth Rock\n|-fieldstart|move: Electric Terrain|[from] ability: Electric Surge|[of] p1a: Tapu Koko\n|detailschange|p2a: Swampert|Swampert-Mega, M\n|-mega|p2a: Swampert|Swampert|Swampertite\n|move|p2a: Swampert|Liquidation|p1a: Tapu Koko\n|-resisted|p1a: Tapu Koko\n|-damage|p1a: Tapu Koko|0 fnt\n|faint|p1a: Tapu Koko\n|\n|-weather|RainDance|[upkeep]\n|upkeep\n|\n|t:|1699391440\n|switch|p1a: Iron Moth|Iron Moth|97\/100\n|-activate|p1a: Iron Moth|ability: Quark Drive\n|-start|p1a: Iron Moth|quarkdrivespe\n|turn|12\n|inactive|pl4tin3umuru has 270 seconds left.\n|\n|t:|1699391468\n|switch|p2a: Zapdos|Zapdos|8\/100\n|move|p1a: Iron Moth|Energy Ball|p2a: Zapdos\n|-resisted|p2a: Zapdos\n|-damage|p2a: Zapdos|0 fnt\n|faint|p2a: Zapdos\n|\n|-weather|RainDance|[upkeep]\n|upkeep\n|\n|t:|1699391473\n|switch|p2a: Manaphy|Manaphy|100\/100\n|turn|13\n|inactive|pl4tin3umuru has 270 seconds left.\n|\n|t:|1699391491\n|move|p1a: Iron Moth|Energy Ball|p2a: Manaphy\n|-supereffective|p2a: Manaphy\n|-damage|p2a: Manaphy|49\/100\n|move|p2a: Manaphy|Surf|p1a: Iron Moth\n|-supereffective|p1a: Iron Moth\n|-damage|p1a: Iron Moth|0 fnt\n|faint|p1a: Iron Moth\n|-end|p1a: Iron Moth|Quark Drive|[silent]\n|\n|-weather|RainDance|[upkeep]\n|upkeep\n|inactive|pl4tin3umuru has 270 seconds left.\n|\n|t:|1699391498\n|switch|p1a: Landorus|Landorus-Therian, M|100\/100\n|-damage|p1a: Landorus|88\/100|[from] Stealth Rock\n|-ability|p1a: Landorus|Intimidate|boost\n|-unboost|p2a: Manaphy|atk|1\n|turn|14\n|inactive|pl4tin3umuru has 270 seconds left.\n|c|\u2606pl4tin3umuru|critic\n|\n|t:|1699391515\n|move|p1a: Landorus|Earthquake|p2a: Manaphy\n|-damage|p2a: Manaphy|10\/100\n|-zpower|p2a: Manaphy\n|move|p2a: Manaphy|Hydro Vortex|p1a: Landorus|[zeffect]\n|-supereffective|p1a: Landorus\n|-damage|p1a: Landorus|0 fnt\n|faint|p1a: Landorus\n|\n|win|Cyniot\n|c|\u2606pl4tin3umuru|gg\n|c|\u2606Cyniot|ggs\n|l|\u2606pl4tin3umuru\n","uploadtime":1699391530,"views":14,"p1id":"pl4tin3umuru","p2id":"cyniot","formatid":"gen9nationaldexubers","rating":0,"private":0,"password":""}