{"id":"gen9nationaldexubers-1994248100","p1":"PKS DutchRudder","p2":"Pks wayment","format":"[Gen 9] National Dex Ubers","log":"|j|\u2606PKS DutchRudder\n|j|\u2606Pks wayment\n|t:|1700423225\n|gametype|singles\n|player|p1|PKS DutchRudder|palmer|\n|player|p2|Pks wayment|lucas|\n|teamsize|p1|6\n|teamsize|p2|6\n|gen|9\n|tier|[Gen 9] National Dex Ubers\n|rule|HP Percentage Mod: HP is shown in percentages\n|rule|Endless Battle Clause: Forcing endless battles is banned\n|rule|OHKO Clause: OHKO moves are banned\n|rule|Evasion Moves Clause: Evasion moves are banned\n|rule|Evasion Items Clause: Evasion items are banned\n|rule|Species Clause: Limit one of each Pok\u00e9mon\n|rule|Sleep Clause Mod: Limit one foe put to sleep\n|rule|Mega Rayquaza Clause: You cannot mega evolve Rayquaza\n|clearpoke\n|poke|p1|Espathra, M|\n|poke|p1|Garganacl, F|\n|poke|p1|Slowking-Galar, F|\n|poke|p1|Galvantula, F|\n|poke|p1|Necrozma-Dawn-Wings|\n|poke|p1|Lopunny, F|\n|poke|p2|Alakazam, F|\n|poke|p2|Tapu Lele|\n|poke|p2|Sneasler, M|\n|poke|p2|Kartana|\n|poke|p2|Maushold|\n|poke|p2|Samurott-Hisui, M|\n|teampreview\n|\n|t:|1700423248\n|start\n|switch|p1a: Galvantula|Galvantula, F|100\/100\n|switch|p2a: Maushold|Maushold|100\/100\n|turn|1\n|\n|t:|1700423271\n|move|p2a: Maushold|Population Bomb|p1a: Galvantula\n|-damage|p1a: Galvantula|85\/100\n|-damage|p1a: Galvantula|69\/100\n|-damage|p1a: Galvantula|53\/100\n|-damage|p1a: Galvantula|38\/100\n|-damage|p1a: Galvantula|21\/100\n|-damage|p1a: Galvantula|5\/100\n|-damage|p1a: Galvantula|0 fnt\n|faint|p1a: Galvantula\n|-hitcount|p1: Galvantula|7\n|\n|upkeep\n|\n|t:|1700423287\n|switch|p1a: Lopunny|Lopunny, F|100\/100\n|turn|2\n|\n|t:|1700423323\n|switch|p2a: Tapu Lele|Tapu Lele, shiny|100\/100\n|-fieldstart|move: Psychic Terrain|[from] ability: Psychic Surge|[of] p2a: Tapu Lele\n|detailschange|p1a: Lopunny|Lopunny-Mega, F\n|-mega|p1a: Lopunny|Lopunny|Lopunnite\n|move|p1a: Lopunny|Fake Out|p2a: Tapu Lele\n|-activate|p2a: Tapu Lele|move: Psychic Terrain\n|\n|upkeep\n|turn|3\n|\n|t:|1700423350\n|switch|p2a: Sneasler|Sneasler, M|100\/100\n|-enditem|p2a: Sneasler|Psychic Seed\n|-boost|p2a: Sneasler|spd|1|[from] item: Psychic Seed\n|move|p1a: Lopunny|U-turn|p2a: Sneasler\n|-resisted|p2a: Sneasler\n|-damage|p2a: Sneasler|92\/100\n|\n|t:|1700423379\n|switch|p1a: Espathra|Espathra, M|100\/100|[from] U-turn\n|\n|upkeep\n|turn|4\n|\n|t:|1700423387\n|move|p1a: Espathra|Protect|p1a: Espathra\n|-singleturn|p1a: Espathra|Protect\n|move|p2a: Sneasler|Night Slash|p1a: Espathra\n|-activate|p1a: Espathra|move: Protect\n|\n|-ability|p1a: Espathra|Speed Boost|boost\n|-boost|p1a: Espathra|spe|1\n|upkeep\n|turn|5\n|\n|t:|1700423405\n|switch|p1a: Garganacl|Garganacl, F|100\/100\n|move|p2a: Sneasler|Night Slash|p1a: Garganacl\n|-damage|p1a: Garganacl|81\/100\n|\n|upkeep\n|turn|6\n|\n|t:|1700423410\n|move|p2a: Sneasler|Swords Dance|p2a: Sneasler\n|-boost|p2a: Sneasler|atk|2\n|move|p1a: Garganacl|Iron Defense|p1a: Garganacl\n|-boost|p1a: Garganacl|def|2\n|\n|-fieldend|move: Psychic Terrain\n|upkeep\n|turn|7\n|\n|t:|1700423420\n|move|p2a: Sneasler|Swords Dance|p2a: Sneasler\n|-boost|p2a: Sneasler|atk|2\n|move|p1a: Garganacl|Body Press|p2a: Sneasler\n|-resisted|p2a: Sneasler\n|-damage|p2a: Sneasler|60\/100\n|\n|upkeep\n|turn|8\n|\n|t:|1700423438\n|move|p2a: Sneasler|Close Combat|p1a: Garganacl\n|-supereffective|p1a: Garganacl\n|-damage|p1a: Garganacl|0 fnt\n|-unboost|p2a: Sneasler|def|1\n|-unboost|p2a: Sneasler|spd|1\n|faint|p1a: Garganacl\n|\n|upkeep\n|\n|t:|1700423470\n|switch|p1a: Lopunny|Lopunny-Mega, F|100\/100\n|turn|9\n|\n|t:|1700423478\n|move|p1a: Lopunny|Fake Out|p2a: Sneasler\n|-damage|p2a: Sneasler|11\/100\n|cant|p2a: Sneasler|flinch\n|\n|upkeep\n|turn|10\n|\n|t:|1700423490\n|switch|p1a: Slowking|Slowking-Galar, F|100\/100\n|move|p2a: Sneasler|Close Combat|p1a: Slowking\n|-resisted|p1a: Slowking\n|-damage|p1a: Slowking|43\/100\n|-unboost|p2a: Sneasler|def|1\n|-unboost|p2a: Sneasler|spd|1\n|-enditem|p1a: Slowking|Sitrus Berry|[eat]\n|-heal|p1a: Slowking|68\/100|[from] item: Sitrus Berry\n|\n|upkeep\n|turn|11\n|\n|t:|1700423506\n|move|p2a: Sneasler|Night Slash|p1a: Slowking\n|-supereffective|p1a: Slowking\n|-crit|p1a: Slowking\n|-damage|p1a: Slowking|0 fnt\n|faint|p1a: Slowking\n|\n|upkeep\n|\n|t:|1700423508\n|switch|p1a: Espathra|Espathra, M|100\/100\n|turn|12\n|\n|t:|1700423519\n|move|p1a: Espathra|Protect|p1a: Espathra\n|-singleturn|p1a: Espathra|Protect\n|move|p2a: Sneasler|Dire Claw|p1a: Espathra\n|-activate|p1a: Espathra|move: Protect\n|\n|-ability|p1a: Espathra|Speed Boost|boost\n|-boost|p1a: Espathra|spe|1\n|upkeep\n|turn|13\n|\n|t:|1700423539\n|move|p1a: Espathra|Protect|p1a: Espathra\n|-singleturn|p1a: Espathra|Protect\n|move|p2a: Sneasler|Dire Claw|p1a: Espathra\n|-activate|p1a: Espathra|move: Protect\n|\n|-ability|p1a: Espathra|Speed Boost|boost\n|-boost|p1a: Espathra|spe|1\n|upkeep\n|turn|14\n|\n|t:|1700423545\n|move|p1a: Espathra|Lumina Crash|p2a: Sneasler\n|-supereffective|p2a: Sneasler\n|-damage|p2a: Sneasler|0 fnt\n|faint|p2a: Sneasler\n|\n|-ability|p1a: Espathra|Speed Boost|boost\n|-boost|p1a: Espathra|spe|1\n|upkeep\n|\n|t:|1700423558\n|switch|p2a: Samurott|Samurott-Hisui, M|100\/100\n|turn|15\n|\n|t:|1700423569\n|switch|p1a: Necrozma|Necrozma-Dawn-Wings|100\/100\n|move|p2a: Samurott|Knock Off|p1a: Necrozma\n|-supereffective|p1a: Necrozma\n|-damage|p1a: Necrozma|0 fnt\n|-enditem|p1a: Necrozma|Lum Berry|[from] move: Knock Off|[of] p2a: Samurott\n|faint|p1a: Necrozma\n|\n|upkeep\n|\n|t:|1700423572\n|switch|p1a: Lopunny|Lopunny-Mega, F|100\/100\n|turn|16\n|\n|t:|1700423603\n|switch|p2a: Kartana|Kartana|100\/100\n|move|p1a: Lopunny|Close Combat|p2a: Kartana\n|-supereffective|p2a: Kartana\n|-damage|p2a: Kartana|0 fnt\n|-unboost|p1a: Lopunny|def|1\n|-unboost|p1a: Lopunny|spd|1\n|faint|p2a: Kartana\n|\n|upkeep\n|\n|t:|1700423628\n|switch|p2a: Samurott|Samurott-Hisui, M|100\/100\n|turn|17\n|\n|t:|1700423636\n|move|p1a: Lopunny|Close Combat|p2a: Samurott\n|-supereffective|p2a: Samurott\n|-enditem|p2a: Samurott|Focus Sash\n|-damage|p2a: Samurott|1\/100\n|-unboost|p1a: Lopunny|def|1\n|-unboost|p1a: Lopunny|spd|1\n|move|p2a: Samurott|Razor Shell|p1a: Lopunny\n|-damage|p1a: Lopunny|0 fnt\n|faint|p1a: Lopunny\n|\n|upkeep\n|\n|t:|1700423641\n|switch|p1a: Espathra|Espathra, M|100\/100\n|turn|18\n|\n|t:|1700423646\n|move|p1a: Espathra|Lumina Crash|p2a: Samurott\n|-immune|p2a: Samurott\n|move|p2a: Samurott|Knock Off|p1a: Espathra\n|-supereffective|p1a: Espathra\n|-damage|p1a: Espathra|0 fnt\n|-enditem|p1a: Espathra|Leftovers|[from] move: Knock Off|[of] p2a: Samurott\n|faint|p1a: Espathra\n|\n|win|Pks wayment\n","uploadtime":1700423653,"views":60,"p1id":"pksdutchrudder","p2id":"pkswayment","formatid":"gen9nationaldexubers","rating":0,"private":0,"password":""}