{"id":"gen9nationaldexubers-1978879864","p1":"SpookyMareep","p2":"PekPicPek","format":"[Gen 9] National Dex Ubers","log":"|j|\u2606SpookyMareep\n|j|\u2606PekPicPek\n|t:|1698605844\n|gametype|singles\n|player|p1|SpookyMareep|scientistf|1554\n|player|p2|PekPicPek|chuck|1700\n|teamsize|p1|6\n|teamsize|p2|6\n|gen|9\n|tier|[Gen 9] National Dex Ubers\n|rated|\n|rule|HP Percentage Mod: HP is shown in percentages\n|rule|Endless Battle Clause: Forcing endless battles is banned\n|rule|OHKO Clause: OHKO moves are banned\n|rule|Evasion Moves Clause: Evasion moves are banned\n|rule|Evasion Items Clause: Evasion items are banned\n|rule|Species Clause: Limit one of each Pok\u00e9mon\n|rule|Sleep Clause Mod: Limit one foe put to sleep\n|rule|Mega Rayquaza Clause: You cannot mega evolve Rayquaza\n|clearpoke\n|poke|p1|Ditto|\n|poke|p1|Marshadow|\n|poke|p1|Toxapex, M|\n|poke|p1|Quagsire, F|\n|poke|p1|Landorus-Therian, M|\n|poke|p1|Zacian-*|\n|poke|p2|Weavile, M|\n|poke|p2|Urshifu-*, M|\n|poke|p2|Scizor, M|\n|poke|p2|Landorus-Therian, M|\n|poke|p2|Deoxys-Attack|\n|poke|p2|Ho-Oh|\n|teampreview\n|\n|t:|1698605859\n|start\n|switch|p1a: Its lit.|Marshadow|100\/100\n|switch|p2a: Weavile|Weavile, M|100\/100\n|-ability|p2a: Weavile|Pressure\n|turn|1\n|\n|t:|1698605866\n|switch|p1a: Stoopu Doopu|Toxapex, M|100\/100\n|move|p2a: Weavile|Beat Up|p1a: Stoopu Doopu\n|-damage|p1a: Stoopu Doopu|96\/100\n|-damage|p1a: Stoopu Doopu|90\/100\n|-damage|p1a: Stoopu Doopu|85\/100\n|-damage|p1a: Stoopu Doopu|79\/100\n|-damage|p1a: Stoopu Doopu|72\/100\n|-damage|p1a: Stoopu Doopu|66\/100\n|-hitcount|p1a: Stoopu Doopu|6\n|\n|upkeep\n|turn|2\n|\n|t:|1698605874\n|switch|p2a: Scizor|Scizor, M|100\/100\n|move|p1a: Stoopu Doopu|Scald|p2a: Scizor\n|-damage|p2a: Scizor|82\/100\n|\n|upkeep\n|turn|3\n|\n|t:|1698605880\n|detailschange|p2a: Scizor|Scizor-Mega, M\n|-mega|p2a: Scizor|Scizor|Scizorite\n|move|p2a: Scizor|Swords Dance|p2a: Scizor\n|-boost|p2a: Scizor|atk|2\n|move|p1a: Stoopu Doopu|Toxic Spikes|p2a: Scizor\n|-sidestart|p2: PekPicPek|move: Toxic Spikes\n|\n|upkeep\n|turn|4\n|\n|t:|1698605882\n|move|p2a: Scizor|Knock Off|p1a: Stoopu Doopu\n|-damage|p1a: Stoopu Doopu|26\/100\n|-damage|p2a: Scizor|65\/100|[from] item: Rocky Helmet|[of] p1a: Stoopu Doopu\n|-enditem|p1a: Stoopu Doopu|Rocky Helmet|[from] move: Knock Off|[of] p2a: Scizor\n|move|p1a: Stoopu Doopu|Toxic Spikes|p2a: Scizor\n|-sidestart|p2: PekPicPek|move: Toxic Spikes\n|\n|upkeep\n|turn|5\n|\n|t:|1698605886\n|move|p2a: Scizor|Knock Off|p1a: Stoopu Doopu\n|-damage|p1a: Stoopu Doopu|1\/100\n|move|p1a: Stoopu Doopu|Recover|p1a: Stoopu Doopu\n|-heal|p1a: Stoopu Doopu|51\/100\n|\n|upkeep\n|turn|6\n|\n|t:|1698605891\n|switch|p2a: Ho-Oh|Ho-Oh|100\/100\n|move|p1a: Stoopu Doopu|Recover|p1a: Stoopu Doopu\n|-heal|p1a: Stoopu Doopu|100\/100\n|\n|upkeep\n|turn|7\n|\n|t:|1698605895\n|move|p2a: Ho-Oh|Sacred Fire|p1a: Stoopu Doopu\n|-resisted|p1a: Stoopu Doopu\n|-damage|p1a: Stoopu Doopu|84\/100\n|move|p1a: Stoopu Doopu|Toxic|p2a: Ho-Oh\n|-status|p2a: Ho-Oh|tox\n|\n|-damage|p2a: Ho-Oh|94\/100 tox|[from] psn\n|upkeep\n|turn|8\n|\n|t:|1698605900\n|switch|p1a: SpookyMareep(YT)|Ditto|100\/100\n|-transform|p1a: SpookyMareep(YT)|p2a: Ho-Oh|[from] ability: Imposter\n|move|p2a: Ho-Oh|Defog|p1a: SpookyMareep(YT)\n|-unboost|p1a: SpookyMareep(YT)|evasion|1\n|-sideend|p2: PekPicPek|Toxic Spikes|[from] move: Defog|[of] p2a: Ho-Oh\n|\n|-damage|p2a: Ho-Oh|82\/100 tox|[from] psn\n|upkeep\n|turn|9\n|\n|t:|1698605904\n|switch|p1a: Stoopu Doopu|Toxapex, M|100\/100\n|move|p2a: Ho-Oh|Sacred Fire|p1a: Stoopu Doopu\n|-resisted|p1a: Stoopu Doopu\n|-damage|p1a: Stoopu Doopu|82\/100\n|\n|-damage|p2a: Ho-Oh|63\/100 tox|[from] psn\n|upkeep\n|turn|10\n|\n|t:|1698605907\n|move|p2a: Ho-Oh|Sacred Fire|p1a: Stoopu Doopu\n|-resisted|p1a: Stoopu Doopu\n|-damage|p1a: Stoopu Doopu|65\/100\n|-status|p1a: Stoopu Doopu|brn\n|move|p1a: Stoopu Doopu|Toxic Spikes|p2a: Ho-Oh\n|-sidestart|p2: PekPicPek|move: Toxic Spikes\n|\n|-damage|p2a: Ho-Oh|38\/100 tox|[from] psn\n|-damage|p1a: Stoopu Doopu|59\/100 brn|[from] brn\n|upkeep\n|turn|11\n|\n|t:|1698605911\n|move|p2a: Ho-Oh|Defog|p1a: Stoopu Doopu\n|-unboost|p1a: Stoopu Doopu|evasion|1\n|-sideend|p2: PekPicPek|Toxic Spikes|[from] move: Defog|[of] p2a: Ho-Oh\n|move|p1a: Stoopu Doopu|Toxic Spikes|p2a: Ho-Oh\n|-sidestart|p2: PekPicPek|move: Toxic Spikes\n|\n|-damage|p2a: Ho-Oh|7\/100 tox|[from] psn\n|-damage|p1a: Stoopu Doopu|53\/100 brn|[from] brn\n|upkeep\n|turn|12\n|\n|t:|1698605914\n|switch|p2a: Scizor|Scizor-Mega, M|65\/100\n|move|p1a: Stoopu Doopu|Toxic Spikes|p2a: Scizor\n|-sidestart|p2: PekPicPek|move: Toxic Spikes\n|\n|-damage|p1a: Stoopu Doopu|47\/100 brn|[from] brn\n|upkeep\n|turn|13\n|\n|t:|1698605916\n|switch|p2a: Ho-Oh|Ho-Oh|40\/100 tox\n|move|p1a: Stoopu Doopu|Scald|p2a: Ho-Oh\n|-supereffective|p2a: Ho-Oh\n|-damage|p2a: Ho-Oh|22\/100 tox\n|\n|-damage|p2a: Ho-Oh|16\/100 tox|[from] psn\n|-damage|p1a: Stoopu Doopu|41\/100 brn|[from] brn\n|upkeep\n|turn|14\n|\n|t:|1698605921\n|move|p2a: Ho-Oh|Earthquake|p1a: Stoopu Doopu\n|-supereffective|p1a: Stoopu Doopu\n|-damage|p1a: Stoopu Doopu|0 fnt\n|faint|p1a: Stoopu Doopu\n|\n|-damage|p2a: Ho-Oh|3\/100 tox|[from] psn\n|upkeep\n|\n|t:|1698605928\n|switch|p1a: Its lit.|Marshadow|100\/100\n|turn|15\n|\n|t:|1698605931\n|switch|p2a: Scizor|Scizor-Mega, M|65\/100\n|move|p1a: Its lit.|Spectral Thief|p2a: Scizor\n|-damage|p2a: Scizor|41\/100\n|\n|upkeep\n|turn|16\n|\n|t:|1698605934\n|move|p1a: Its lit.|Close Combat|p2a: Scizor\n|-damage|p2a: Scizor|9\/100\n|-unboost|p1a: Its lit.|def|1\n|-unboost|p1a: Its lit.|spd|1\n|move|p2a: Scizor|Roost|p2a: Scizor\n|-heal|p2a: Scizor|59\/100\n|-singleturn|p2a: Scizor|move: Roost\n|\n|upkeep\n|turn|17\n|\n|t:|1698605938\n|switch|p1a: :)|Quagsire, F|100\/100\n|move|p2a: Scizor|Roost|p2a: Scizor\n|-heal|p2a: Scizor|100\/100\n|-singleturn|p2a: Scizor|move: Roost\n|\n|upkeep\n|turn|18\n|\n|t:|1698605943\n|switch|p1a: Baka|Landorus-Therian, M|100\/100\n|-ability|p1a: Baka|Intimidate|boost\n|-unboost|p2a: Scizor|atk|1\n|move|p2a: Scizor|Knock Off|p1a: Baka\n|-damage|p1a: Baka|76\/100\n|-enditem|p1a: Baka|Heavy-Duty Boots|[from] move: Knock Off|[of] p2a: Scizor\n|\n|upkeep\n|turn|19\n|\n|t:|1698605947\n|move|p1a: Baka|Stealth Rock|p2a: Scizor\n|-sidestart|p2: PekPicPek|move: Stealth Rock\n|move|p2a: Scizor|Swords Dance|p2a: Scizor\n|-boost|p2a: Scizor|atk|2\n|\n|upkeep\n|turn|20\n|\n|t:|1698605950\n|switch|p1a: :)|Quagsire, F|100\/100\n|move|p2a: Scizor|Bullet Punch|p1a: :)\n|-resisted|p1a: :)\n|-damage|p1a: :)|91\/100\n|-damage|p2a: Scizor|84\/100|[from] item: Rocky Helmet|[of] p1a: :)\n|\n|upkeep\n|turn|21\n|\n|t:|1698605955\n|move|p2a: Scizor|Knock Off|p1a: :)\n|-damage|p1a: :)|70\/100\n|-damage|p2a: Scizor|67\/100|[from] item: Rocky Helmet|[of] p1a: :)\n|-enditem|p1a: :)|Rocky Helmet|[from] move: Knock Off|[of] p2a: Scizor\n|move|p1a: :)|Scald|p2a: Scizor\n|-damage|p2a: Scizor|46\/100\n|\n|upkeep\n|turn|22\n|\n|t:|1698605959\n|move|p2a: Scizor|Roost|p2a: Scizor\n|-heal|p2a: Scizor|96\/100\n|-singleturn|p2a: Scizor|move: Roost\n|move|p1a: :)|Scald|p2a: Scizor\n|-damage|p2a: Scizor|78\/100\n|\n|upkeep\n|turn|23\n|\n|t:|1698605968\n|switch|p2a: Weavile|Weavile, M|100\/100\n|-status|p2a: Weavile|tox\n|-damage|p2a: Weavile|76\/100 tox|[from] Stealth Rock\n|-ability|p2a: Weavile|Pressure\n|move|p1a: :)|Scald|p2a: Weavile\n|-damage|p2a: Weavile|49\/100 tox\n|\n|-damage|p2a: Weavile|43\/100 tox|[from] psn\n|upkeep\n|turn|24\n|\n|t:|1698605971\n|move|p2a: Weavile|Triple Axel|p1a: :)\n|-damage|p1a: :)|62\/100\n|-crit|p1a: :)\n|-damage|p1a: :)|42\/100\n|-damage|p1a: :)|22\/100\n|-hitcount|p1a: :)|3\n|move|p1a: :)|Recover|p1a: :)\n|-heal|p1a: :)|72\/100\n|\n|-damage|p2a: Weavile|31\/100 tox|[from] psn\n|upkeep\n|turn|25\n|\n|t:|1698605981\n|move|p2a: Weavile|Triple Axel|p1a: :)|[miss]\n|-miss|p2a: Weavile|p1a: :)\n|move|p1a: :)|Scald|p2a: Weavile\n|-damage|p2a: Weavile|4\/100 tox\n|\n|-damage|p2a: Weavile|0 fnt|[from] psn\n|faint|p2a: Weavile\n|upkeep\n|\n|t:|1698605983\n|switch|p2a: Ho-Oh|Ho-Oh|37\/100 tox\n|turn|26\n|\n|t:|1698605985\n|move|p2a: Ho-Oh|Defog|p1a: :)\n|-unboost|p1a: :)|evasion|1\n|-sideend|p2: PekPicPek|Toxic Spikes|[from] move: Defog|[of] p2a: Ho-Oh\n|-sideend|p2: PekPicPek|Stealth Rock|[from] move: Defog|[of] p2a: Ho-Oh\n|move|p1a: :)|Scald|p2a: Ho-Oh\n|-supereffective|p2a: Ho-Oh\n|-damage|p2a: Ho-Oh|16\/100 tox\n|\n|-damage|p2a: Ho-Oh|10\/100 tox|[from] psn\n|upkeep\n|turn|27\n|\n|t:|1698605988\n|switch|p2a: Does not Have Jet|Urshifu, M|100\/100\n|move|p1a: :)|Scald|p2a: Does not Have Jet\n|-damage|p2a: Does not Have Jet|73\/100\n|\n|upkeep\n|turn|28\n|\n|t:|1698605991\n|-terastallize|p2a: Does not Have Jet|Dark\n|move|p2a: Does not Have Jet|Wicked Blow|p1a: :)\n|-crit|p1a: :)\n|-damage|p1a: :)|0 fnt\n|faint|p1a: :)\n|\n|upkeep\n|\n|t:|1698605994\n|switch|p1a: Its lit.|Marshadow|100\/100\n|turn|29\n|\n|t:|1698605998\n|switch|p2a: Scizor|Scizor-Mega, M|78\/100\n|move|p1a: Its lit.|Close Combat|p2a: Scizor\n|-damage|p2a: Scizor|40\/100\n|-unboost|p1a: Its lit.|def|1\n|-unboost|p1a: Its lit.|spd|1\n|\n|upkeep\n|turn|30\n|\n|t:|1698606001\n|move|p1a: Its lit.|Close Combat|p2a: Scizor\n|-damage|p2a: Scizor|4\/100\n|-unboost|p1a: Its lit.|def|1\n|-unboost|p1a: Its lit.|spd|1\n|move|p2a: Scizor|Roost|p2a: Scizor\n|-heal|p2a: Scizor|54\/100\n|-singleturn|p2a: Scizor|move: Roost\n|\n|upkeep\n|turn|31\n|\n|t:|1698606004\n|switch|p1a: Baka|Landorus-Therian, M|76\/100\n|-ability|p1a: Baka|Intimidate|boost\n|-unboost|p2a: Scizor|atk|1\n|move|p2a: Scizor|Roost|p2a: Scizor\n|-heal|p2a: Scizor|100\/100\n|-singleturn|p2a: Scizor|move: Roost\n|\n|upkeep\n|turn|32\n|\n|t:|1698606007\n|move|p1a: Baka|Stealth Rock|p2a: Scizor\n|-sidestart|p2: PekPicPek|move: Stealth Rock\n|move|p2a: Scizor|Swords Dance|p2a: Scizor\n|-boost|p2a: Scizor|atk|2\n|\n|upkeep\n|turn|33\n|\n|t:|1698606011\n|move|p2a: Scizor|Bullet Punch|p1a: Baka\n|-damage|p1a: Baka|26\/100\n|move|p1a: Baka|Earthquake|p2a: Scizor\n|-damage|p2a: Scizor|67\/100\n|\n|upkeep\n|turn|34\n|c|\u2606SpookyMareep|1%\n|\n|t:|1698606028\n|switch|p1a: Power Creep|Zacian-Crowned|100\/100\n|-ability|p1a: Power Creep|Intrepid Sword|boost\n|-boost|p1a: Power Creep|atk|1\n|move|p2a: Scizor|Bullet Punch|p1a: Power Creep\n|-damage|p1a: Power Creep|60\/100\n|\n|upkeep\n|turn|35\n|\n|t:|1698606037\n|move|p1a: Power Creep|Behemoth Blade|p2a: Scizor\n|-resisted|p2a: Scizor\n|-damage|p2a: Scizor|41\/100\n|move|p2a: Scizor|Roost|p2a: Scizor\n|-heal|p2a: Scizor|91\/100\n|-singleturn|p2a: Scizor|move: Roost\n|\n|upkeep\n|turn|36\n|\n|t:|1698606039\n|move|p2a: Scizor|Bullet Punch|p1a: Power Creep\n|-damage|p1a: Power Creep|20\/100\n|move|p1a: Power Creep|Swords Dance|p1a: Power Creep\n|-boost|p1a: Power Creep|atk|2\n|\n|upkeep\n|turn|37\n|\n|t:|1698606043\n|move|p2a: Scizor|Bullet Punch|p1a: Power Creep\n|-damage|p1a: Power Creep|0 fnt\n|faint|p1a: Power Creep\n|\n|upkeep\n|\n|t:|1698606047\n|switch|p1a: SpookyMareep(YT)|Ditto|100\/100\n|-transform|p1a: SpookyMareep(YT)|p2a: Scizor|[from] ability: Imposter\n|turn|38\n|\n|t:|1698606051\n|move|p1a: SpookyMareep(YT)|Knock Off|p2a: Scizor\n|-damage|p2a: Scizor|75\/100\n|move|p2a: Scizor|Roost|p2a: Scizor\n|-heal|p2a: Scizor|100\/100\n|-singleturn|p2a: Scizor|move: Roost\n|\n|upkeep\n|turn|39\n|\n|t:|1698606055\n|move|p2a: Scizor|Bullet Punch|p1a: SpookyMareep(YT)\n|-resisted|p1a: SpookyMareep(YT)\n|-damage|p1a: SpookyMareep(YT)|84\/100\n|move|p1a: SpookyMareep(YT)|Knock Off|p2a: Scizor\n|-damage|p2a: Scizor|84\/100\n|\n|upkeep\n|turn|40\n|\n|t:|1698606059\n|move|p2a: Scizor|Bullet Punch|p1a: SpookyMareep(YT)\n|-resisted|p1a: SpookyMareep(YT)\n|-damage|p1a: SpookyMareep(YT)|66\/100\n|move|p1a: SpookyMareep(YT)|Knock Off|p2a: Scizor\n|-damage|p2a: Scizor|64\/100\n|\n|upkeep\n|turn|41\n|\n|t:|1698606064\n|move|p1a: SpookyMareep(YT)|Knock Off|p2a: Scizor\n|-damage|p2a: Scizor|46\/100\n|move|p2a: Scizor|Roost|p2a: Scizor\n|-heal|p2a: Scizor|96\/100\n|-singleturn|p2a: Scizor|move: Roost\n|\n|upkeep\n|turn|42\n|\n|t:|1698606071\n|switch|p1a: Baka|Landorus-Therian, M|26\/100\n|-ability|p1a: Baka|Intimidate|boost\n|-unboost|p2a: Scizor|atk|1\n|move|p2a: Scizor|Knock Off|p1a: Baka\n|-damage|p1a: Baka|3\/100\n|\n|upkeep\n|turn|43\n|\n|t:|1698606077\n|switch|p1a: SpookyMareep(YT)|Ditto|66\/100\n|-transform|p1a: SpookyMareep(YT)|p2a: Scizor|[from] ability: Imposter\n|move|p2a: Scizor|Bullet Punch|p1a: SpookyMareep(YT)\n|-resisted|p1a: SpookyMareep(YT)\n|-damage|p1a: SpookyMareep(YT)|54\/100\n|\n|upkeep\n|turn|44\n|\n|t:|1698606081\n|switch|p2a: Does not Have Jet|Urshifu, M, tera:Dark|73\/100\n|-damage|p2a: Does not Have Jet|61\/100|[from] Stealth Rock\n|move|p1a: SpookyMareep(YT)|Roost|p1a: SpookyMareep(YT)\n|-heal|p1a: SpookyMareep(YT)|100\/100\n|-singleturn|p1a: SpookyMareep(YT)|move: Roost\n|\n|upkeep\n|turn|45\n|\n|t:|1698606087\n|switch|p1a: Baka|Landorus-Therian, M|3\/100\n|-ability|p1a: Baka|Intimidate|boost\n|-unboost|p2a: Does not Have Jet|atk|1\n|move|p2a: Does not Have Jet|U-turn|p1a: Baka\n|-resisted|p1a: Baka\n|-damage|p1a: Baka|0 fnt\n|faint|p1a: Baka\n|\n|t:|1698606091\n|switch|p2a: Landorus|Landorus-Therian, M|100\/100|[from] U-turn\n|-damage|p2a: Landorus|88\/100|[from] Stealth Rock\n|\n|upkeep\n|\n|t:|1698606095\n|switch|p1a: Its lit.|Marshadow|100\/100\n|turn|46\n|\n|t:|1698606098\n|move|p2a: Landorus|Earthquake|p1a: Its lit.\n|-damage|p1a: Its lit.|28\/100\n|move|p1a: Its lit.|Ice Punch|p2a: Landorus\n|-supereffective|p2a: Landorus\n|-damage|p2a: Landorus|0 fnt\n|faint|p2a: Landorus\n|\n|upkeep\n|\n|t:|1698606103\n|switch|p2a: Scizor|Scizor-Mega, M|96\/100\n|-damage|p2a: Scizor|84\/100|[from] Stealth Rock\n|turn|47\n|c|\u2606SpookyMareep|low roll dice wins\n|-message|SpookyMareep forfeited.\n|\n|win|PekPicPek\n|raw|SpookyMareep's rating: 1554 &rarr; <strong>1542<\/strong><br \/>(-12 for losing)\n|raw|PekPicPek's rating: 1700 &rarr; <strong>1712<\/strong><br \/>(+12 for winning)\n|l|\u2606SpookyMareep\n|c|\u2606PekPicPek|gg\n","uploadtime":1698606124,"views":16,"p1id":"spookymareep","p2id":"pekpicpek","formatid":"gen9nationaldexubers","rating":1542,"private":0,"password":""}