{"id":"gen9nationaldexubers-1998446136","p1":"Elonias","p2":"Orangesodapop","format":"[Gen 9] National Dex Ubers","log":"|j|\u2606Elonias\n|j|\u2606Orangesodapop\n|t:|1700943215\n|gametype|singles\n|player|p1|Elonias|265|\n|player|p2|Orangesodapop|crasherwake|\n|teamsize|p1|6\n|teamsize|p2|6\n|gen|9\n|tier|[Gen 9] National Dex Ubers\n|rule|HP Percentage Mod: HP is shown in percentages\n|rule|Endless Battle Clause: Forcing endless battles is banned\n|rule|OHKO Clause: OHKO moves are banned\n|rule|Evasion Moves Clause: Evasion moves are banned\n|rule|Evasion Items Clause: Evasion items are banned\n|rule|Species Clause: Limit one of each Pok\u00e9mon\n|rule|Sleep Clause Mod: Limit one foe put to sleep\n|rule|Mega Rayquaza Clause: You cannot mega evolve Rayquaza\n|clearpoke\n|poke|p1|Garchomp, F|\n|poke|p1|Hatterene, F|\n|poke|p1|Heatran, M|\n|poke|p1|Meowscarada, F|\n|poke|p1|Sneasler, M|\n|poke|p1|Dragapult, F|\n|poke|p2|Mawile, M|\n|poke|p2|Rotom-Wash|\n|poke|p2|Cinderace, M|\n|poke|p2|Slowking-Galar, M|\n|poke|p2|Samurott-Hisui, F|\n|poke|p2|Landorus-Therian, M|\n|teampreview\n|inactive|Battle timer is ON: inactive players will automatically lose when time's up. (requested by Elonias)\n|inactiveoff|Battle timer is now OFF.\n|c|\u2606Orangesodapop|Glhf\n|j| Nekolo\n|\n|t:|1700943234\n|start\n|switch|p1a: Meowscarada|Meowscarada, F|100\/100\n|switch|p2a: Landorus|Landorus-Therian, M|100\/100\n|-ability|p2a: Landorus|Intimidate|boost\n|-unboost|p1a: Meowscarada|atk|1\n|turn|1\n|c|\u2606Elonias|you tto\n|c| Nekolo|FInals GOOOO\n|\n|t:|1700943240\n|move|p1a: Meowscarada|Flower Trick|p2a: Landorus\n|-start|p1a: Meowscarada|typechange|Grass|[from] ability: Protean\n|-crit|p2a: Landorus\n|-damage|p2a: Landorus|68\/100\n|move|p2a: Landorus|U-turn|p1a: Meowscarada\n|-supereffective|p1a: Meowscarada\n|-damage|p1a: Meowscarada|29\/100\n|\n|t:|1700943253\n|switch|p2a: Slowking|Slowking-Galar, M|100\/100|[from] U-turn\n|\n|upkeep\n|turn|2\n|c|\u2606Elonias|bulky boy\n|\n|t:|1700943269\n|switch|p1a: Heatran|Heatran, M|100\/100\n|move|p2a: Slowking|Future Sight|p1a: Heatran\n|-start|p2a: Slowking|move: Future Sight\n|\n|upkeep\n|turn|3\n|\n|t:|1700943277\n|switch|p2a: Samurott|Samurott-Hisui, F|100\/100\n|move|p1a: Heatran|Earth Power|p2a: Samurott\n|-damage|p2a: Samurott|48\/100\n|\n|upkeep\n|turn|4\n|\n|t:|1700943289\n|switch|p1a: Hatterene|Hatterene, F|100\/100\n|move|p2a: Samurott|Razor Shell|p1a: Hatterene\n|-damage|p1a: Hatterene|40\/100\n|-unboost|p1a: Hatterene|def|1\n|\n|-end|p1a: Hatterene|move: Future Sight\n|-resisted|p1a: Hatterene\n|-damage|p1a: Hatterene|18\/100\n|-heal|p1a: Hatterene|24\/100|[from] item: Leftovers\n|upkeep\n|turn|5\n|\n|t:|1700943306\n|switch|p1a: Garchomp|Garchomp, F|100\/100\n|move|p2a: Samurott|Ceaseless Edge|p1a: Garchomp\n|-damage|p1a: Garchomp|40\/100\n|-damage|p2a: Samurott|36\/100|[from] ability: Rough Skin|[of] p1a: Garchomp\n|-sidestart|p1: Elonias|Spikes\n|\n|upkeep\n|turn|6\n|j| Doomsurge\n|\n|t:|1700943317\n|move|p2a: Samurott|Sucker Punch|p1a: Garchomp\n|-damage|p1a: Garchomp|0 fnt\n|-damage|p2a: Samurott|24\/100|[from] ability: Rough Skin|[of] p1a: Garchomp\n|faint|p1a: Garchomp\n|\n|upkeep\n|\n|t:|1700943327\n|switch|p1a: Dragapult|Dragapult, F|100\/100\n|turn|7\n|c|\u2606Orangesodapop|Hammurot my beloved\n|\n|t:|1700943337\n|move|p1a: Dragapult|Dragon Dance|p1a: Dragapult\n|-boost|p1a: Dragapult|atk|1\n|-boost|p1a: Dragapult|spe|1\n|move|p2a: Samurott|Ceaseless Edge|p1a: Dragapult\n|-supereffective|p1a: Dragapult\n|-damage|p1a: Dragapult|0 fnt\n|-sidestart|p1: Elonias|Spikes\n|faint|p1a: Dragapult\n|\n|upkeep\n|c|\u2606Elonias|you out predicted me\n|\n|t:|1700943352\n|switch|p1a: Sneasler|Sneasler, M|100\/100\n|-item|p1a: Sneasler|Air Balloon\n|turn|8\n|c|\u2606Orangesodapop|or did i\n|\n|t:|1700943362\n|switch|p2a: Landorus|Landorus-Therian, M|68\/100\n|-ability|p2a: Landorus|Intimidate|boost\n|-unboost|p1a: Sneasler|atk|1\n|move|p1a: Sneasler|Fake Out|p2a: Landorus\n|-damage|p2a: Landorus|60\/100\n|-damage|p1a: Sneasler|84\/100|[from] item: Rocky Helmet|[of] p2a: Landorus\n|\n|upkeep\n|turn|9\n|\n|t:|1700943385\n|move|p1a: Sneasler|Dire Claw|p2a: Landorus\n|-resisted|p2a: Landorus\n|-crit|p2a: Landorus\n|-damage|p2a: Landorus|36\/100\n|-damage|p1a: Sneasler|67\/100|[from] item: Rocky Helmet|[of] p2a: Landorus\n|move|p2a: Landorus|U-turn|p1a: Sneasler\n|-resisted|p1a: Sneasler\n|-damage|p1a: Sneasler|57\/100\n|-enditem|p1a: Sneasler|Air Balloon\n|\n|t:|1700943389\n|switch|p2a: Slowking|Slowking-Galar, M|100\/100|[from] U-turn\n|\n|upkeep\n|turn|10\n|\n|t:|1700943401\n|move|p1a: Sneasler|Acrobatics|p2a: Slowking\n|-damage|p2a: Slowking|80\/100\n|move|p2a: Slowking|Future Sight|p1a: Sneasler\n|-start|p2a: Slowking|move: Future Sight\n|\n|upkeep\n|turn|11\n|\n|t:|1700943409\n|move|p1a: Sneasler|Dire Claw|p2a: Slowking\n|-resisted|p2a: Slowking\n|-damage|p2a: Slowking|69\/100\n|move|p2a: Slowking|Sludge Bomb|p1a: Sneasler\n|-resisted|p1a: Sneasler\n|-damage|p1a: Sneasler|36\/100\n|\n|upkeep\n|turn|12\n|\n|t:|1700943417\n|move|p1a: Sneasler|Close Combat|p2a: Slowking\n|-resisted|p2a: Slowking\n|-damage|p2a: Slowking|61\/100\n|-unboost|p1a: Sneasler|def|1\n|-unboost|p1a: Sneasler|spd|1\n|move|p2a: Slowking|Chilly Reception|p2a: Slowking\n|-weather|Snow\n|\n|t:|1700943422\n|switch|p2a: Samurott|Samurott-Hisui, F|24\/100|[from] Chilly Reception\n|\n|-weather|Snow|[upkeep]\n|-end|p1a: Sneasler|move: Future Sight\n|-supereffective|p1a: Sneasler\n|-damage|p1a: Sneasler|0 fnt\n|faint|p1a: Sneasler\n|upkeep\n|\n|t:|1700943430\n|switch|p1a: Meowscarada|Meowscarada, F|29\/100\n|-damage|p1a: Meowscarada|12\/100|[from] Spikes\n|turn|13\n|\n|t:|1700943448\n|move|p2a: Samurott|Sucker Punch|p1a: Meowscarada\n|-resisted|p1a: Meowscarada\n|-damage|p1a: Meowscarada|0 fnt\n|faint|p1a: Meowscarada\n|\n|-weather|Snow|[upkeep]\n|upkeep\n|\n|t:|1700943454\n|switch|p1a: Hatterene|Hatterene, F|24\/100\n|-damage|p1a: Hatterene|7\/100|[from] Spikes\n|turn|14\n|\n|t:|1700943459\n|move|p2a: Samurott|Ceaseless Edge|p1a: Hatterene\n|-damage|p1a: Hatterene|0 fnt\n|-sidestart|p1: Elonias|Spikes\n|faint|p1a: Hatterene\n|\n|-weather|Snow|[upkeep]\n|upkeep\n|\n|t:|1700943464\n|switch|p1a: Heatran|Heatran, M|100\/100\n|-damage|p1a: Heatran|76\/100|[from] Spikes\n|turn|15\n|\n|t:|1700943469\n|move|p2a: Samurott|Razor Shell|p1a: Heatran\n|-supereffective|p1a: Heatran\n|-damage|p1a: Heatran|0 fnt\n|faint|p1a: Heatran\n|\n|win|Orangesodapop\n|c|\u2606Orangesodapop|GG\n|c|\u2606Elonias|gg\n","uploadtime":1700943497,"views":2,"p1id":"elonias","p2id":"orangesodapop","formatid":"gen9nationaldexubers","rating":0,"private":0,"password":""}