{"id":"gen9nationaldexubers-1980211068","p1":"Alpha Nicholas","p2":"dumboffaperc","format":"[Gen 9] National Dex Ubers","log":"|j|\u203dAlpha Nicholas\n|j|\u2606dumboffaperc\n|t:|1698766609\n|gametype|singles\n|player|p1|Alpha Nicholas|giovanni-masters|1372\n|player|p2|dumboffaperc|swimmer-gen4dp|1469\n|teamsize|p1|6\n|teamsize|p2|6\n|gen|9\n|tier|[Gen 9] National Dex Ubers\n|rated|\n|rule|HP Percentage Mod: HP is shown in percentages\n|rule|Endless Battle Clause: Forcing endless battles is banned\n|rule|OHKO Clause: OHKO moves are banned\n|rule|Evasion Moves Clause: Evasion moves are banned\n|rule|Evasion Items Clause: Evasion items are banned\n|rule|Species Clause: Limit one of each Pok\u00e9mon\n|rule|Sleep Clause Mod: Limit one foe put to sleep\n|rule|Mega Rayquaza Clause: You cannot mega evolve Rayquaza\n|clearpoke\n|poke|p1|Grimmsnarl, M|\n|poke|p1|Xerneas-*|\n|poke|p1|Ditto|\n|poke|p1|Zygarde|\n|poke|p1|Diancie|\n|poke|p1|Groudon|\n|poke|p2|Lucario, M|\n|poke|p2|Landorus, M|\n|poke|p2|Ditto|\n|poke|p2|Shuckle, M|\n|poke|p2|Gholdengo|\n|poke|p2|Palafin, F|\n|teampreview\n|inactive|Battle timer is ON: inactive players will automatically lose when time's up. (requested by dumboffaperc)\n|\n|t:|1698766622\n|start\n|switch|p1a: Grimmsnarl|Grimmsnarl, M|100\/100\n|switch|p2a: Shuckle|Shuckle, M|100\/100\n|turn|1\n|j| Phizzleboyz3\n|\n|t:|1698766630\n|move|p1a: Grimmsnarl|Taunt|p2a: Shuckle\n|-start|p2a: Shuckle|move: Taunt\n|-enditem|p2a: Shuckle|Mental Herb\n|-end|p2a: Shuckle|move: Taunt\n|move|p2a: Shuckle|Stealth Rock|p1a: Grimmsnarl\n|-sidestart|p1: Alpha Nicholas|move: Stealth Rock\n|\n|upkeep\n|turn|2\n|\n|t:|1698766635\n|switch|p2a: Gholdengo|Gholdengo|100\/100\n|move|p1a: Grimmsnarl|Taunt|p2a: Gholdengo\n|-immune|p2a: Gholdengo|[from] ability: Good as Gold\n|\n|upkeep\n|turn|3\n|\n|t:|1698766639\n|move|p1a: Grimmsnarl|Light Screen|p1a: Grimmsnarl\n|-sidestart|p1: Alpha Nicholas|move: Light Screen\n|move|p2a: Gholdengo|Nasty Plot|p2a: Gholdengo\n|-boost|p2a: Gholdengo|spa|2\n|\n|upkeep\n|turn|4\n|inactive|Alpha Nicholas has 120 seconds left.\n|\n|t:|1698766685\n|switch|p1a: Groudon|Groudon|100\/100\n|-damage|p1a: Groudon|94\/100|[from] Stealth Rock\n|detailschange|p1a: Groudon|Groudon-Primal\n|-primal|p1a: Groudon|Red Orb\n|-weather|DesolateLand|[from] ability: Desolate Land|[of] p1a: Groudon\n|move|p2a: Gholdengo|Nasty Plot|p2a: Gholdengo\n|-boost|p2a: Gholdengo|spa|2\n|\n|-weather|DesolateLand|[upkeep]\n|upkeep\n|turn|5\n|\n|t:|1698766691\n|-terastallize|p2a: Gholdengo|Water\n|move|p2a: Gholdengo|Shadow Ball|p1a: Groudon\n|-damage|p1a: Groudon|21\/100\n|-unboost|p1a: Groudon|spd|1\n|move|p1a: Groudon|Rock Polish|p1a: Groudon\n|-boost|p1a: Groudon|spe|2\n|\n|-weather|DesolateLand|[upkeep]\n|upkeep\n|turn|6\n|\n|t:|1698766697\n|move|p1a: Groudon|Precipice Blades|p2a: Gholdengo|[miss]\n|-miss|p1a: Groudon|p2a: Gholdengo\n|move|p2a: Gholdengo|Shadow Ball|p1a: Groudon\n|-damage|p1a: Groudon|0 fnt\n|faint|p1a: Groudon\n|-weather|none\n|\n|upkeep\n|\n|t:|1698766710\n|switch|p1a: Xerneas|Xerneas|100\/100\n|-damage|p1a: Xerneas|88\/100|[from] Stealth Rock\n|-ability|p1a: Xerneas|Fairy Aura\n|turn|7\n|\n|t:|1698766714\n|-terastallize|p1a: Xerneas|Fire\n|move|p2a: Gholdengo|Make It Rain|p1a: Xerneas\n|-resisted|p1a: Xerneas\n|-damage|p1a: Xerneas|46\/100\n|-unboost|p2a: Gholdengo|spa|1\n|move|p1a: Xerneas|Geomancy||[still]\n|-prepare|p1a: Xerneas|Geomancy\n|-enditem|p1a: Xerneas|Power Herb\n|-anim|p1a: Xerneas|Geomancy|p1a: Xerneas\n|-boost|p1a: Xerneas|spa|2\n|-boost|p1a: Xerneas|spd|2\n|-boost|p1a: Xerneas|spe|2\n|\n|upkeep\n|turn|8\n|\n|t:|1698766722\n|move|p1a: Xerneas|Thunder|p2a: Gholdengo\n|-supereffective|p2a: Gholdengo\n|-damage|p2a: Gholdengo|0 fnt\n|faint|p2a: Gholdengo\n|\n|upkeep\n|\n|t:|1698766730\n|switch|p2a: Shuckle|Shuckle, M|100\/100\n|turn|9\n|\n|t:|1698766738\n|move|p1a: Xerneas|Substitute|p1a: Xerneas\n|-start|p1a: Xerneas|Substitute\n|-damage|p1a: Xerneas|21\/100\n|move|p2a: Shuckle|Sticky Web|p1a: Xerneas\n|-sidestart|p1: Alpha Nicholas|move: Sticky Web\n|\n|upkeep\n|turn|10\n|l| Phizzleboyz3\n|\n|t:|1698766746\n|move|p1a: Xerneas|Geomancy||[still]\n|-prepare|p1a: Xerneas|Geomancy\n|move|p2a: Shuckle|Encore|p1a: Xerneas\n|-start|p1a: Xerneas|Encore\n|\n|-sideend|p1: Alpha Nicholas|move: Light Screen\n|upkeep\n|turn|11\n|\n|t:|1698766749\n|move|p1a: Xerneas|Geomancy|p1a: Xerneas|[from]lockedmove\n|-boost|p1a: Xerneas|spa|2\n|-boost|p1a: Xerneas|spd|2\n|-boost|p1a: Xerneas|spe|2\n|move|p2a: Shuckle|Final Gambit|p1a: Xerneas\n|-end|p1a: Xerneas|Substitute\n|faint|p2a: Shuckle\n|\n|upkeep\n|\n|t:|1698766754\n|switch|p2a: Ditto|Ditto|100\/100\n|-transform|p2a: Ditto|p1a: Xerneas|[from] ability: Imposter\n|-ability|p2a: Ditto|Fairy Aura\n|-start|p2a: Ditto|typechange|Fairy|[silent]\n|turn|12\n|-message|Alpha Nicholas forfeited.\n|\n|win|dumboffaperc\n|raw|Alpha Nicholas's rating: 1372 &rarr; <strong>1357<\/strong><br \/>(-15 for losing)\n|raw|dumboffaperc's rating: 1469 &rarr; <strong>1484<\/strong><br \/>(+15 for winning)\n|l|\u203dAlpha Nicholas\n|l|\u2606dumboffaperc\n|j|\u2606dumboffaperc\n|player|p2|dumboffaperc|swimmer-gen4dp\n","uploadtime":1698766832,"views":10,"p1id":"alphanicholas","p2id":"dumboffaperc","formatid":"gen9nationaldexubers","rating":1357,"private":0,"password":""}