{"id":"gen9nationaldexubers-1998110134","p1":"Shisoto","p2":"killerpm11","format":"[Gen 9] National Dex Ubers","log":"|j|\u2606Shisoto\n|j|\u2606killerpm11\n|t:|1700893049\n|gametype|singles\n|player|p1|Shisoto|veteran|1448\n|player|p2|killerpm11|1|1388\n|teamsize|p1|6\n|teamsize|p2|6\n|gen|9\n|tier|[Gen 9] National Dex Ubers\n|rated|\n|rule|HP Percentage Mod: HP is shown in percentages\n|rule|Endless Battle Clause: Forcing endless battles is banned\n|rule|OHKO Clause: OHKO moves are banned\n|rule|Evasion Moves Clause: Evasion moves are banned\n|rule|Evasion Items Clause: Evasion items are banned\n|rule|Species Clause: Limit one of each Pok\u00e9mon\n|rule|Sleep Clause Mod: Limit one foe put to sleep\n|rule|Mega Rayquaza Clause: You cannot mega evolve Rayquaza\n|clearpoke\n|poke|p1|Ditto|\n|poke|p1|Kyurem-White|\n|poke|p1|Giratina|\n|poke|p1|Ho-Oh|\n|poke|p1|Pheromosa|\n|poke|p1|Yveltal|\n|poke|p2|Arceus|\n|poke|p2|Alakazam, F|\n|poke|p2|Kyogre|\n|poke|p2|Marshadow|\n|poke|p2|Regieleki|\n|poke|p2|Xerneas-*|\n|teampreview\n|inactive|Battle timer is ON: inactive players will automatically lose when time's up. (requested by Shisoto)\n|c|\u2606killerpm11|glhf\n|c|\u2606Shisoto|gl :D\n|\n|t:|1700893071\n|start\n|switch|p1a: VT1-2|Kyurem-White|100\/100\n|switch|p2a: Alakazam|Alakazam, F|100\/100\n|-ability|p1a: VT1-2|Turboblaze\n|turn|1\n|\n|t:|1700893082\n|detailschange|p2a: Alakazam|Alakazam-Mega, F\n|-mega|p2a: Alakazam|Alakazam|Alakazite\n|-ability|p2a: Alakazam|Turboblaze\n|-ability|p2a: Alakazam|Turboblaze|[from] ability: Trace|[of] p1a: VT1-2\n|move|p2a: Alakazam|Psyshock|p1a: VT1-2\n|-damage|p1a: VT1-2|52\/100\n|move|p1a: VT1-2|Ice Beam|p2a: Alakazam\n|-crit|p2a: Alakazam\n|-damage|p2a: Alakazam|0 fnt\n|faint|p2a: Alakazam\n|-damage|p1a: VT1-2|42\/100|[from] item: Life Orb\n|\n|upkeep\n|\n|t:|1700893097\n|switch|p2a: Arceus|Arceus|100\/100\n|turn|2\n|\n|t:|1700893101\n|switch|p1a: PzKpftW. Maus|Giratina|100\/100\n|-ability|p1a: PzKpftW. Maus|Pressure\n|move|p2a: Arceus|Extreme Speed|p1a: PzKpftW. Maus\n|-immune|p1a: PzKpftW. Maus\n|\n|upkeep\n|turn|3\n|\n|t:|1700893110\n|switch|p2a: Xerneas|Xerneas|100\/100\n|-ability|p2a: Xerneas|Fairy Aura\n|move|p1a: PzKpftW. Maus|Will-O-Wisp|p2a: Xerneas\n|-status|p2a: Xerneas|brn\n|\n|-damage|p2a: Xerneas|94\/100 brn|[from] brn\n|upkeep\n|turn|4\n|\n|t:|1700893119\n|-terastallize|p1a: PzKpftW. Maus|Fairy\n|move|p2a: Xerneas|Moonblast|p1a: PzKpftW. Maus\n|-damage|p1a: PzKpftW. Maus|60\/100\n|-unboost|p1a: PzKpftW. Maus|spa|1\n|move|p1a: PzKpftW. Maus|Roar|p2a: Xerneas\n|drag|p2a: Arceus|Arceus|100\/100\n|\n|-heal|p1a: PzKpftW. Maus|66\/100|[from] item: Leftovers\n|upkeep\n|turn|5\n|\n|t:|1700893128\n|switch|p2a: Xerneas|Xerneas|94\/100 brn\n|-ability|p2a: Xerneas|Fairy Aura\n|move|p1a: PzKpftW. Maus|Will-O-Wisp|p2a: Xerneas\n|-fail|p2a: Xerneas|brn\n|\n|-heal|p1a: PzKpftW. Maus|72\/100|[from] item: Leftovers\n|-damage|p2a: Xerneas|88\/100 brn|[from] brn\n|upkeep\n|turn|6\n|\n|t:|1700893138\n|switch|p1a: HMS Challenger|Ho-Oh|100\/100\n|move|p2a: Xerneas|Flash Cannon|p1a: HMS Challenger\n|-resisted|p1a: HMS Challenger\n|-damage|p1a: HMS Challenger|93\/100\n|\n|-damage|p2a: Xerneas|82\/100 brn|[from] brn\n|upkeep\n|turn|7\n|\n|t:|1700893145\n|switch|p2a: Kyogre|Kyogre|100\/100\n|detailschange|p2a: Kyogre|Kyogre-Primal\n|-primal|p2a: Kyogre|Blue Orb\n|-weather|PrimordialSea|[from] ability: Primordial Sea|[of] p2a: Kyogre\n|move|p1a: HMS Challenger|Brave Bird|p2a: Kyogre\n|-damage|p2a: Kyogre|38\/100\n|-damage|p1a: HMS Challenger|76\/100|[from] Recoil\n|\n|-weather|PrimordialSea|[upkeep]\n|upkeep\n|turn|8\n|\n|t:|1700893155\n|switch|p1a: FlaRakPz 1|Ditto|100\/100\n|-transform|p1a: FlaRakPz 1|p2a: Kyogre|[from] ability: Imposter\n|move|p2a: Kyogre|Origin Pulse|p1a: FlaRakPz 1\n|-resisted|p1a: FlaRakPz 1\n|-crit|p1a: FlaRakPz 1\n|-damage|p1a: FlaRakPz 1|17\/100\n|\n|-weather|PrimordialSea|[upkeep]\n|upkeep\n|turn|9\n|\n|t:|1700893163\n|move|p1a: FlaRakPz 1|Thunder|p2a: Kyogre\n|-supereffective|p2a: Kyogre\n|-damage|p2a: Kyogre|0 fnt\n|faint|p2a: Kyogre\n|\n|-weather|PrimordialSea|[upkeep]\n|upkeep\n|\n|t:|1700893168\n|switch|p2a: Arceus|Arceus|100\/100\n|turn|10\n|\n|t:|1700893171\n|-weather|none\n|switch|p1a: PzKpftW. Maus|Giratina, tera:Fairy|72\/100\n|-ability|p1a: PzKpftW. Maus|Pressure\n|move|p2a: Arceus|Extreme Speed|p1a: PzKpftW. Maus\n|-damage|p1a: PzKpftW. Maus|51\/100\n|\n|-heal|p1a: PzKpftW. Maus|57\/100|[from] item: Leftovers\n|upkeep\n|turn|11\n|\n|t:|1700893182\n|switch|p2a: Xerneas|Xerneas|82\/100 brn\n|-ability|p2a: Xerneas|Fairy Aura\n|switch|p1a: Objet 279|Pheromosa|100\/100\n|\n|-damage|p2a: Xerneas|76\/100 brn|[from] brn\n|upkeep\n|turn|12\n|\n|t:|1700893193\n|move|p1a: Objet 279|Poison Jab|p2a: Xerneas\n|-supereffective|p2a: Xerneas\n|-damage|p2a: Xerneas|11\/100 brn\n|move|p2a: Xerneas|Moonblast|p1a: Objet 279\n|-supereffective|p1a: Objet 279\n|-damage|p1a: Objet 279|0 fnt\n|faint|p1a: Objet 279\n|\n|-damage|p2a: Xerneas|5\/100 brn|[from] brn\n|upkeep\n|\n|t:|1700893206\n|switch|p1a: FlaRakPz 1|Ditto|17\/100\n|-transform|p1a: FlaRakPz 1|p2a: Xerneas|[from] ability: Imposter\n|-ability|p1a: FlaRakPz 1|Fairy Aura\n|turn|13\n|\n|t:|1700893216\n|move|p1a: FlaRakPz 1|Moonblast|p2a: Xerneas\n|-damage|p2a: Xerneas|0 fnt\n|faint|p2a: Xerneas\n|\n|upkeep\n|\n|t:|1700893218\n|switch|p2a: Regieleki|Regieleki|100\/100\n|turn|14\n|\n|t:|1700893225\n|switch|p1a: VT1-2|Kyurem-White|42\/100\n|-ability|p1a: VT1-2|Turboblaze\n|move|p2a: Regieleki|Light Screen|p2a: Regieleki\n|-sidestart|p2: killerpm11|move: Light Screen\n|\n|upkeep\n|turn|15\n|\n|t:|1700893231\n|move|p2a: Regieleki|Reflect|p2a: Regieleki\n|-sidestart|p2: killerpm11|Reflect\n|move|p1a: VT1-2|Earth Power|p2a: Regieleki\n|-supereffective|p2a: Regieleki\n|-damage|p2a: Regieleki|21\/100\n|-damage|p1a: VT1-2|32\/100|[from] item: Life Orb\n|\n|upkeep\n|turn|16\n|\n|t:|1700893239\n|move|p2a: Regieleki|Rapid Spin|p1a: VT1-2\n|-damage|p1a: VT1-2|22\/100\n|-boost|p2a: Regieleki|spe|1\n|move|p1a: VT1-2|Earth Power|p2a: Regieleki\n|-supereffective|p2a: Regieleki\n|-damage|p2a: Regieleki|0 fnt\n|faint|p2a: Regieleki\n|-damage|p1a: VT1-2|12\/100|[from] item: Life Orb\n|\n|upkeep\n|\n|t:|1700893250\n|switch|p2a: Arceus|Arceus|100\/100\n|turn|17\n|\n|t:|1700893254\n|move|p1a: VT1-2|Draco Meteor|p2a: Arceus\n|-damage|p2a: Arceus|64\/100\n|-unboost|p1a: VT1-2|spa|2\n|-damage|p1a: VT1-2|2\/100|[from] item: Life Orb\n|move|p2a: Arceus|Shadow Claw|p1a: VT1-2\n|-damage|p1a: VT1-2|0 fnt\n|faint|p1a: VT1-2\n|\n|upkeep\n|\n|t:|1700893267\n|switch|p1a: HMS Challenger|Ho-Oh|100\/100\n|turn|18\n|\n|t:|1700893270\n|move|p2a: Arceus|Swords Dance|p2a: Arceus\n|-boost|p2a: Arceus|atk|2\n|move|p1a: HMS Challenger|Defog|p2a: Arceus\n|-unboost|p2a: Arceus|evasion|1\n|-sideend|p2: killerpm11|Reflect\n|-sideend|p2: killerpm11|move: Light Screen\n|\n|upkeep\n|turn|19\n|\n|t:|1700893279\n|move|p2a: Arceus|Extreme Speed|p1a: HMS Challenger\n|-damage|p1a: HMS Challenger|1\/100\n|move|p1a: HMS Challenger|Roar|p2a: Arceus\n|drag|p2a: Marshadow|Marshadow|100\/100\n|\n|upkeep\n|turn|20\n|\n|t:|1700893287\n|move|p2a: Marshadow|Bulk Up|p2a: Marshadow\n|-boost|p2a: Marshadow|atk|1\n|-boost|p2a: Marshadow|def|1\n|move|p1a: HMS Challenger|Brave Bird|p2a: Marshadow\n|-supereffective|p2a: Marshadow\n|-damage|p2a: Marshadow|5\/100\n|-damage|p1a: HMS Challenger|0 fnt|[from] Recoil\n|faint|p1a: HMS Challenger\n|\n|upkeep\n|\n|t:|1700893295\n|switch|p1a: FlaRakPz 1|Ditto|17\/100\n|-transform|p1a: FlaRakPz 1|p2a: Marshadow|[from] ability: Imposter\n|turn|21\n|\n|t:|1700893301\n|move|p2a: Marshadow|Shadow Sneak|p1a: FlaRakPz 1\n|-supereffective|p1a: FlaRakPz 1\n|-damage|p1a: FlaRakPz 1|0 fnt\n|faint|p1a: FlaRakPz 1\n|\n|upkeep\n|\n|t:|1700893305\n|switch|p1a: Panther Dauphin\u00e9|Yveltal|100\/100\n|-ability|p1a: Panther Dauphin\u00e9|Dark Aura\n|turn|22\n|\n|t:|1700893310\n|move|p1a: Panther Dauphin\u00e9|Sucker Punch|p2a: Marshadow\n|-damage|p2a: Marshadow|0 fnt\n|faint|p2a: Marshadow\n|\n|upkeep\n|\n|t:|1700893312\n|switch|p2a: Arceus|Arceus|64\/100\n|turn|23\n|\n|t:|1700893317\n|switch|p1a: PzKpftW. Maus|Giratina, tera:Fairy|57\/100\n|-ability|p1a: PzKpftW. Maus|Pressure\n|-terastallize|p2a: Arceus|Normal\n|move|p2a: Arceus|Extreme Speed|p1a: PzKpftW. Maus\n|-damage|p1a: PzKpftW. Maus|25\/100\n|\n|-heal|p1a: PzKpftW. Maus|31\/100|[from] item: Leftovers\n|upkeep\n|turn|24\n|\n|t:|1700893326\n|move|p2a: Arceus|Swords Dance|p2a: Arceus\n|-boost|p2a: Arceus|atk|2\n|move|p1a: PzKpftW. Maus|Will-O-Wisp|p2a: Arceus\n|-status|p2a: Arceus|brn\n|\n|-heal|p1a: PzKpftW. Maus|37\/100|[from] item: Leftovers\n|-damage|p2a: Arceus|58\/100 brn|[from] brn\n|upkeep\n|turn|25\n|\n|t:|1700893340\n|switch|p1a: Panther Dauphin\u00e9|Yveltal|100\/100\n|-ability|p1a: Panther Dauphin\u00e9|Dark Aura\n|move|p2a: Arceus|Facade|p1a: Panther Dauphin\u00e9\n|-damage|p1a: Panther Dauphin\u00e9|0 fnt\n|faint|p1a: Panther Dauphin\u00e9\n|\n|-damage|p2a: Arceus|52\/100 brn|[from] brn\n|upkeep\n|-message|Shisoto forfeited.\n|\n|win|killerpm11\n|raw|Shisoto's rating: 1448 &rarr; <strong>1425<\/strong><br \/>(-23 for losing)\n|raw|killerpm11's rating: 1388 &rarr; <strong>1411<\/strong><br \/>(+23 for winning)\n|l|\u2606Shisoto\n|c|\u2606killerpm11|gg\n","uploadtime":1700893367,"views":2,"p1id":"shisoto","p2id":"killerpm11","formatid":"gen9nationaldexubers","rating":1411,"private":0,"password":""}