{"id":"gen9nationaldexubers-1984825700","p1":"CebollitaSubCamp","p2":"Gatita golosa 123","format":"[Gen 9] National Dex Ubers","log":"|j|\u2606CebollitaSubCamp\n|j|\u2606Gatita golosa 123\n|t:|1699302215\n|gametype|singles\n|player|p1|CebollitaSubCamp|officeworkerf-gen9|\n|player|p2|Gatita golosa 123|pokekid|\n|teamsize|p1|6\n|teamsize|p2|6\n|gen|9\n|tier|[Gen 9] National Dex Ubers\n|rule|HP Percentage Mod: HP is shown in percentages\n|rule|Endless Battle Clause: Forcing endless battles is banned\n|rule|OHKO Clause: OHKO moves are banned\n|rule|Evasion Moves Clause: Evasion moves are banned\n|rule|Evasion Items Clause: Evasion items are banned\n|rule|Species Clause: Limit one of each Pok\u00e9mon\n|rule|Sleep Clause Mod: Limit one foe put to sleep\n|rule|Mega Rayquaza Clause: You cannot mega evolve Rayquaza\n|clearpoke\n|poke|p1|Glimmora, M|\n|poke|p1|Cyclizar, F|\n|poke|p1|Gyarados, M|\n|poke|p1|Espathra, F|\n|poke|p1|Garchomp, M|\n|poke|p1|Gholdengo|\n|poke|p2|Blastoise, F|\n|poke|p2|Palafin, F|\n|poke|p2|Goodra-Hisui, F|\n|poke|p2|Dracovish|\n|poke|p2|Araquanid, F|\n|poke|p2|Basculegion, M|\n|teampreview\n|inactive|Battle timer is ON: inactive players will automatically lose when time's up. (requested by CebollitaSubCamp)\n|inactiveoff|Battle timer is now OFF.\n|\n|t:|1699302235\n|start\n|switch|p1a: Glimmora|Glimmora, M|100\/100\n|switch|p2a: Basculegion|Basculegion, M|100\/100\n|turn|1\n|\n|t:|1699302249\n|move|p2a: Basculegion|Flip Turn|p1a: Glimmora\n|-supereffective|p1a: Glimmora\n|-damage|p1a: Glimmora|3\/100\n|-activate|p1a: Glimmora|ability: Toxic Debris\n|-sidestart|p2: Gatita golosa 123|move: Toxic Spikes\n|\n|t:|1699302256\n|switch|p2a: Blastoise|Blastoise, F|100\/100|[from] Flip Turn\n|-status|p2a: Blastoise|psn\n|move|p1a: Glimmora|Stealth Rock|p2a: Blastoise\n|-sidestart|p2: Gatita golosa 123|move: Stealth Rock\n|\n|-damage|p2a: Blastoise|88\/100 psn|[from] psn\n|upkeep\n|turn|2\n|\n|t:|1699302263\n|detailschange|p2a: Blastoise|Blastoise-Mega, F\n|-mega|p2a: Blastoise|Blastoise|Blastoisinite\n|move|p1a: Glimmora|Earth Power|p2a: Blastoise\n|-crit|p2a: Blastoise\n|-damage|p2a: Blastoise|43\/100 psn\n|move|p2a: Blastoise|Rapid Spin|p1a: Glimmora\n|-resisted|p1a: Glimmora\n|-damage|p1a: Glimmora|0 fnt\n|-boost|p2a: Blastoise|spe|1\n|-activate|p1a: Glimmora|ability: Toxic Debris\n|-sidestart|p2: Gatita golosa 123|move: Toxic Spikes\n|-sideend|p2: Gatita golosa 123|Toxic Spikes|[from] move: Rapid Spin|[of] p2a: Blastoise\n|-sideend|p2: Gatita golosa 123|Stealth Rock|[from] move: Rapid Spin|[of] p2a: Blastoise\n|faint|p1a: Glimmora\n|\n|-damage|p2a: Blastoise|31\/100 psn|[from] psn\n|upkeep\n|\n|t:|1699302272\n|switch|p1a: Cyclizar|Cyclizar, F|100\/100\n|turn|3\n|\n|t:|1699302278\n|move|p1a: Cyclizar|Shed Tail|p1a: Cyclizar\n|-start|p1a: Cyclizar|Substitute|[from] move: Shed Tail\n|-damage|p1a: Cyclizar|50\/100\n|\n|t:|1699302281\n|switch|p1a: Espathra|Espathra, F|100\/100|[from] Shed Tail\n|move|p2a: Blastoise|Aura Sphere|p1a: Espathra\n|-resisted|p1a: Espathra\n|-end|p1a: Espathra|Substitute\n|\n|-damage|p2a: Blastoise|18\/100 psn|[from] psn\n|upkeep\n|turn|4\n|\n|t:|1699302286\n|move|p1a: Espathra|Protect|p1a: Espathra\n|-singleturn|p1a: Espathra|Protect\n|move|p2a: Blastoise|Shell Smash|p2a: Blastoise\n|-unboost|p2a: Blastoise|def|1\n|-unboost|p2a: Blastoise|spd|1\n|-boost|p2a: Blastoise|atk|2\n|-boost|p2a: Blastoise|spa|2\n|-boost|p2a: Blastoise|spe|2\n|\n|-damage|p2a: Blastoise|6\/100 psn|[from] psn\n|-ability|p1a: Espathra|Speed Boost|boost\n|-boost|p1a: Espathra|spe|1\n|upkeep\n|turn|5\n|\n|t:|1699302306\n|switch|p1a: Gholdengo|Gholdengo|100\/100\n|move|p2a: Blastoise|Water Pulse|p1a: Gholdengo\n|-damage|p1a: Gholdengo|0 fnt\n|faint|p1a: Gholdengo\n|\n|-damage|p2a: Blastoise|0 fnt|[from] psn\n|faint|p2a: Blastoise\n|upkeep\n|\n|t:|1699302324\n|switch|p1a: Cyclizar|Cyclizar, F|83\/100\n|switch|p2a: Basculegion|Basculegion, M|100\/100\n|turn|6\n|\n|t:|1699302334\n|move|p1a: Cyclizar|Shed Tail|p1a: Cyclizar\n|-start|p1a: Cyclizar|Substitute|[from] move: Shed Tail\n|-damage|p1a: Cyclizar|33\/100\n|\n|t:|1699302336\n|switch|p1a: Espathra|Espathra, F|100\/100|[from] Shed Tail\n|move|p2a: Basculegion|Flip Turn|p1a: Espathra\n|-end|p1a: Espathra|Substitute\n|\n|t:|1699302343\n|switch|p2a: Dracovish|Dracovish|100\/100|[from] Flip Turn\n|\n|upkeep\n|turn|7\n|\n|t:|1699302349\n|switch|p1a: Gyarados|Gyarados, M|100\/100\n|-ability|p1a: Gyarados|Intimidate|boost\n|-unboost|p2a: Dracovish|atk|1\n|-zpower|p2a: Dracovish\n|move|p2a: Dracovish|Z-Rain Dance|p2a: Dracovish|[anim]Rain Dance\n|-boost|p2a: Dracovish|spe|1|[zeffect]\n|-weather|RainDance\n|\n|-weather|RainDance|[upkeep]\n|upkeep\n|turn|8\n|\n|t:|1699302369\n|detailschange|p1a: Gyarados|Gyarados-Mega, M\n|-mega|p1a: Gyarados|Gyarados|Gyaradosite\n|-ability|p1a: Gyarados|Mold Breaker\n|move|p2a: Dracovish|Fishious Rend|p1a: Gyarados\n|-resisted|p1a: Gyarados\n|-damage|p1a: Gyarados|48\/100\n|move|p1a: Gyarados|Dragon Dance|p1a: Gyarados\n|-boost|p1a: Gyarados|atk|1\n|-boost|p1a: Gyarados|spe|1\n|\n|-weather|RainDance|[upkeep]\n|upkeep\n|turn|9\n|\n|t:|1699302377\n|move|p2a: Dracovish|Fishious Rend|p1a: Gyarados\n|-resisted|p1a: Gyarados\n|-damage|p1a: Gyarados|0 fnt\n|faint|p1a: Gyarados\n|\n|-weather|RainDance|[upkeep]\n|upkeep\n|\n|t:|1699302380\n|switch|p1a: Garchomp|Garchomp, M|100\/100\n|turn|10\n|\n|t:|1699302383\n|move|p2a: Dracovish|Fishious Rend|p1a: Garchomp\n|-damage|p1a: Garchomp|0 fnt\n|-damage|p2a: Dracovish|88\/100|[from] ability: Rough Skin|[of] p1a: Garchomp\n|faint|p1a: Garchomp\n|\n|-weather|RainDance|[upkeep]\n|upkeep\n|\n|t:|1699302387\n|switch|p1a: Cyclizar|Cyclizar, F|66\/100\n|turn|11\n|\n|t:|1699302390\n|move|p1a: Cyclizar|Shed Tail|p1a: Cyclizar\n|-start|p1a: Cyclizar|Substitute|[from] move: Shed Tail\n|-damage|p1a: Cyclizar|16\/100\n|\n|t:|1699302392\n|switch|p1a: Espathra|Espathra, F|100\/100|[from] Shed Tail\n|move|p2a: Dracovish|Fishious Rend|p1a: Espathra\n|-end|p1a: Espathra|Substitute\n|\n|-weather|none\n|upkeep\n|turn|12\n|\n|t:|1699302401\n|move|p1a: Espathra|Protect|p1a: Espathra\n|-singleturn|p1a: Espathra|Protect\n|move|p2a: Dracovish|Fishious Rend|p1a: Espathra\n|-activate|p1a: Espathra|move: Protect\n|\n|-ability|p1a: Espathra|Speed Boost|boost\n|-boost|p1a: Espathra|spe|1\n|upkeep\n|turn|13\n|\n|t:|1699302409\n|move|p1a: Espathra|Calm Mind|p1a: Espathra\n|-boost|p1a: Espathra|spa|1\n|-boost|p1a: Espathra|spd|1\n|move|p2a: Dracovish|Fishious Rend|p1a: Espathra\n|-damage|p1a: Espathra|59\/100\n|\n|-heal|p1a: Espathra|65\/100|[from] item: Leftovers\n|-ability|p1a: Espathra|Speed Boost|boost\n|-boost|p1a: Espathra|spe|1\n|upkeep\n|turn|14\n|\n|t:|1699302425\n|switch|p2a: Araquanid|Araquanid, F|100\/100\n|move|p1a: Espathra|Protect||[still]\n|-fail|p1a: Espathra\n|\n|-heal|p1a: Espathra|71\/100|[from] item: Leftovers\n|-ability|p1a: Espathra|Speed Boost|boost\n|-boost|p1a: Espathra|spe|1\n|upkeep\n|turn|15\n|\n|t:|1699302438\n|switch|p1a: Cyclizar|Cyclizar, F|49\/100\n|move|p2a: Araquanid|Liquidation|p1a: Cyclizar\n|-resisted|p1a: Cyclizar\n|-damage|p1a: Cyclizar|0 fnt\n|faint|p1a: Cyclizar\n|\n|upkeep\n|\n|t:|1699302441\n|switch|p1a: Espathra|Espathra, F|71\/100\n|turn|16\n|\n|t:|1699302445\n|switch|p2a: Basculegion|Basculegion, M|100\/100\n|move|p1a: Espathra|Protect||[still]\n|-fail|p1a: Espathra\n|\n|-heal|p1a: Espathra|77\/100|[from] item: Leftovers\n|-ability|p1a: Espathra|Speed Boost|boost\n|-boost|p1a: Espathra|spe|1\n|upkeep\n|turn|17\n|\n|t:|1699302450\n|-terastallize|p1a: Espathra|Fighting\n|move|p1a: Espathra|Calm Mind|p1a: Espathra\n|-boost|p1a: Espathra|spa|1\n|-boost|p1a: Espathra|spd|1\n|move|p2a: Basculegion|Last Respects|p1a: Espathra\n|-damage|p1a: Espathra|0 fnt\n|faint|p1a: Espathra\n|\n|win|Gatita golosa 123\n|l|\u2606CebollitaSubCamp\n","uploadtime":1699303549,"views":5,"p1id":"cebollitasubcamp","p2id":"gatitagolosa123","formatid":"gen9nationaldexubers","rating":0,"private":0,"password":""}