{"id":"gen9nationaldexubers-1980158813","p1":"femurdeeznuts","p2":"El!te 00f","format":"[Gen 9] National Dex Ubers","log":"|j|\u2606femurdeeznuts\n|j|\u2606El!te 00f\n|t:|1698762446\n|gametype|singles\n|player|p1|femurdeeznuts|170|\n|player|p2|El!te 00f|serena-masters3|\n|teamsize|p1|6\n|teamsize|p2|6\n|gen|9\n|tier|[Gen 9] National Dex Ubers\n|rule|HP Percentage Mod: HP is shown in percentages\n|rule|Endless Battle Clause: Forcing endless battles is banned\n|rule|OHKO Clause: OHKO moves are banned\n|rule|Evasion Moves Clause: Evasion moves are banned\n|rule|Evasion Items Clause: Evasion items are banned\n|rule|Species Clause: Limit one of each Pok\u00e9mon\n|rule|Sleep Clause Mod: Limit one foe put to sleep\n|rule|Mega Rayquaza Clause: You cannot mega evolve Rayquaza\n|clearpoke\n|poke|p1|Altaria, F|\n|poke|p1|Hatterene, F|\n|poke|p1|Slurpuff, F|\n|poke|p1|Klefki, F|\n|poke|p1|Grimmsnarl, M|\n|poke|p1|Ribombee, M|\n|poke|p2|Garbodor, M|\n|poke|p2|Lycanroc, M|\n|poke|p2|Corviknight, M|\n|poke|p2|Gardevoir, F|\n|poke|p2|Blastoise, M|\n|poke|p2|Kommo-o, F|\n|teampreview\n|inactive|Battle timer is ON: inactive players will automatically lose when time's up. (requested by femurdeeznuts)\n|inactiveoff|Battle timer is now OFF.\n|\n|t:|1698762457\n|start\n|switch|p1a: Homicidal Maniac|Ribombee, M|100\/100\n|switch|p2a: Corviknight|Corviknight, M|100\/100\n|-ability|p2a: Corviknight|Pressure\n|turn|1\n|\n|t:|1698762471\n|move|p1a: Homicidal Maniac|Stun Spore|p2a: Corviknight\n|-status|p2a: Corviknight|par\n|cant|p2a: Corviknight|par\n|\n|upkeep\n|turn|2\n|c|\u2606El!te 00f|this is the wrong team\n|c|\u2606femurdeeznuts|oh\n|c|\u2606El!te 00f|I don't know what happened\n|c|\u2606femurdeeznuts|do you want to switch\n|c|\u2606El!te 00f|nah\n|c|\u2606femurdeeznuts|oke\n|c|\u2606El!te 00f|I can play without defog\n|\n|t:|1698762502\n|move|p1a: Homicidal Maniac|Sticky Web|p2a: Corviknight\n|-sidestart|p2: El!te 00f|move: Sticky Web\n|move|p2a: Corviknight|Brave Bird|p1a: Homicidal Maniac\n|-supereffective|p1a: Homicidal Maniac\n|-enditem|p1a: Homicidal Maniac|Focus Sash\n|-damage|p1a: Homicidal Maniac|1\/100\n|-damage|p2a: Corviknight|79\/100 par|[from] Recoil\n|\n|upkeep\n|turn|3\n|\n|t:|1698762508\n|move|p1a: Homicidal Maniac|Moonblast|p2a: Corviknight\n|-resisted|p2a: Corviknight\n|-damage|p2a: Corviknight|60\/100 par\n|-unboost|p2a: Corviknight|spa|1\n|move|p2a: Corviknight|U-turn|p1a: Homicidal Maniac\n|-resisted|p1a: Homicidal Maniac\n|-damage|p1a: Homicidal Maniac|0 fnt\n|faint|p1a: Homicidal Maniac\n|\n|t:|1698762539\n|switch|p2a: Garbodor|Garbodor, M, shiny|100\/100|[from] U-turn\n|-activate|p2a: Garbodor|move: Sticky Web\n|-unboost|p2a: Garbodor|spe|1\n|\n|upkeep\n|\n|t:|1698762546\n|switch|p1a: Funny Lil' Guy|Grimmsnarl, M|100\/100\n|turn|4\n|\n|t:|1698762552\n|move|p1a: Funny Lil' Guy|Reflect|p1a: Funny Lil' Guy\n|-sidestart|p1: femurdeeznuts|Reflect\n|move|p2a: Garbodor|Gunk Shot|p1a: Funny Lil' Guy\n|-supereffective|p1a: Funny Lil' Guy\n|-damage|p1a: Funny Lil' Guy|57\/100\n|\n|upkeep\n|turn|5\n|\n|t:|1698762557\n|move|p1a: Funny Lil' Guy|Parting Shot|p2a: Garbodor\n|-unboost|p2a: Garbodor|atk|1\n|-unboost|p2a: Garbodor|spa|1\n|\n|t:|1698762560\n|switch|p1a: W.O.M.D|Klefki, F|100\/100|[from] Parting Shot\n|move|p2a: Garbodor|Spikes|p1a: W.O.M.D\n|-sidestart|p1: femurdeeznuts|Spikes\n|\n|upkeep\n|turn|6\n|\n|t:|1698762567\n|switch|p2a: Corviknight|Corviknight, M|60\/100 par\n|-ability|p2a: Corviknight|Pressure\n|move|p1a: W.O.M.D|Thunder Wave|p2a: Corviknight\n|-fail|p2a: Corviknight|par\n|\n|upkeep\n|turn|7\n|\n|t:|1698762577\n|switch|p1a: Mommy? Sorry|Hatterene, F|100\/100\n|-damage|p1a: Mommy? Sorry|88\/100|[from] Spikes\n|move|p2a: Corviknight|U-turn|p1a: Mommy? Sorry\n|-damage|p1a: Mommy? Sorry|81\/100\n|-enditem|p1a: Mommy? Sorry|Eject Button\n|\n|t:|1698762585\n|switch|p1a: Bird is The Word|Altaria, F|100\/100\n|\n|upkeep\n|turn|8\n|c|\u2606femurdeeznuts|why didn't u turn switch\n|\n|t:|1698762602\n|detailschange|p1a: Bird is The Word|Altaria-Mega, F\n|-mega|p1a: Bird is The Word|Altaria|Altarianite\n|move|p1a: Bird is The Word|Dragon Dance|p1a: Bird is The Word\n|-boost|p1a: Bird is The Word|atk|1\n|-boost|p1a: Bird is The Word|spe|1\n|cant|p2a: Corviknight|par\n|\n|upkeep\n|turn|9\n|c|\u2606El!te 00f|only one mon can switch for every switch interaction\n|c|\u2606femurdeeznuts|oh\n|c|\u2606femurdeeznuts|didn't know that\n|\n|t:|1698762624\n|move|p1a: Bird is The Word|Dragon Dance|p1a: Bird is The Word\n|-boost|p1a: Bird is The Word|atk|1\n|-boost|p1a: Bird is The Word|spe|1\n|move|p2a: Corviknight|U-turn|p1a: Bird is The Word\n|-resisted|p1a: Bird is The Word\n|-damage|p1a: Bird is The Word|97\/100\n|\n|t:|1698762630\n|switch|p2a: Blastoise|Blastoise, M|100\/100|[from] U-turn\n|-activate|p2a: Blastoise|move: Sticky Web\n|-unboost|p2a: Blastoise|spe|1\n|-enditem|p2a: Blastoise|White Herb\n|-clearnegativeboost|p2a: Blastoise|[silent]\n|\n|upkeep\n|turn|10\n|c|\u2606El!te 00f|getting cucked by para chances 4K real\n|\n|t:|1698762650\n|move|p1a: Bird is The Word|Double-Edge|p2a: Blastoise\n|-damage|p2a: Blastoise|0 fnt\n|faint|p2a: Blastoise\n|-damage|p1a: Bird is The Word|56\/100|[from] Recoil\n|\n|upkeep\n|c|\u2606femurdeeznuts|boohoo lil cracker\n|\n|t:|1698762658\n|switch|p2a: Corviknight|Corviknight, M|60\/100 par\n|-ability|p2a: Corviknight|Pressure\n|turn|11\n|\n|t:|1698762662\n|move|p1a: Bird is The Word|Roost|p1a: Bird is The Word\n|-heal|p1a: Bird is The Word|100\/100\n|-singleturn|p1a: Bird is The Word|move: Roost\n|move|p2a: Corviknight|Roost|p2a: Corviknight\n|-heal|p2a: Corviknight|100\/100 par\n|-singleturn|p2a: Corviknight|move: Roost\n|\n|-sideend|p1: femurdeeznuts|Reflect\n|upkeep\n|turn|12\n|\n|t:|1698762669\n|move|p1a: Bird is The Word|Double-Edge|p2a: Corviknight\n|-resisted|p2a: Corviknight\n|-damage|p2a: Corviknight|58\/100 par\n|-damage|p1a: Bird is The Word|84\/100|[from] item: Rocky Helmet|[of] p2a: Corviknight\n|-damage|p1a: Bird is The Word|65\/100|[from] Recoil\n|move|p2a: Corviknight|U-turn|p1a: Bird is The Word\n|-resisted|p1a: Bird is The Word\n|-damage|p1a: Bird is The Word|58\/100\n|\n|t:|1698762691\n|switch|p2a: Garbodor|Garbodor, M, shiny|100\/100|[from] U-turn\n|-activate|p2a: Garbodor|move: Sticky Web\n|-unboost|p2a: Garbodor|spe|1\n|\n|upkeep\n|turn|13\n|\n|t:|1698762700\n|move|p1a: Bird is The Word|Earthquake|p2a: Garbodor\n|-supereffective|p2a: Garbodor\n|-damage|p2a: Garbodor|0 fnt\n|faint|p2a: Garbodor\n|\n|upkeep\n|\n|t:|1698762705\n|switch|p2a: Lycanroc|Lycanroc, M|100\/100\n|-activate|p2a: Lycanroc|move: Sticky Web\n|-unboost|p2a: Lycanroc|spe|1\n|turn|14\n|\n|t:|1698762710\n|-terastallize|p2a: Lycanroc|Rock\n|move|p2a: Lycanroc|Accelerock|p1a: Bird is The Word\n|-damage|p1a: Bird is The Word|19\/100\n|-damage|p2a: Lycanroc|91\/100|[from] item: Life Orb\n|move|p1a: Bird is The Word|Roost|p1a: Bird is The Word\n|-heal|p1a: Bird is The Word|70\/100\n|-singleturn|p1a: Bird is The Word|move: Roost\n|\n|upkeep\n|turn|15\n|\n|t:|1698762724\n|move|p2a: Lycanroc|Accelerock|p1a: Bird is The Word\n|-crit|p1a: Bird is The Word\n|-damage|p1a: Bird is The Word|11\/100\n|-damage|p2a: Lycanroc|81\/100|[from] item: Life Orb\n|move|p1a: Bird is The Word|Roost|p1a: Bird is The Word\n|-heal|p1a: Bird is The Word|62\/100\n|-singleturn|p1a: Bird is The Word|move: Roost\n|\n|upkeep\n|turn|16\n|\n|t:|1698762731\n|move|p1a: Bird is The Word|Roost|p1a: Bird is The Word\n|-heal|p1a: Bird is The Word|100\/100\n|-singleturn|p1a: Bird is The Word|move: Roost\n|move|p2a: Lycanroc|Rock Slide|p1a: Bird is The Word\n|-damage|p1a: Bird is The Word|28\/100\n|-damage|p2a: Lycanroc|71\/100|[from] item: Life Orb\n|\n|upkeep\n|turn|17\n|\n|t:|1698762736\n|move|p2a: Lycanroc|Accelerock|p1a: Bird is The Word\n|-damage|p1a: Bird is The Word|0 fnt\n|faint|p1a: Bird is The Word\n|-damage|p2a: Lycanroc|61\/100|[from] item: Life Orb\n|\n|upkeep\n|c|\u2606femurdeeznuts|:(\n|\n|t:|1698762741\n|switch|p1a: Funny Lil' Guy|Grimmsnarl, M|57\/100\n|-damage|p1a: Funny Lil' Guy|44\/100|[from] Spikes\n|turn|18\n|c|\u2606El!te 00f|mindgames\n|\n|t:|1698762750\n|move|p1a: Funny Lil' Guy|Reflect|p1a: Funny Lil' Guy\n|-sidestart|p1: femurdeeznuts|Reflect\n|move|p2a: Lycanroc|Stealth Rock|p1a: Funny Lil' Guy\n|-sidestart|p1: femurdeeznuts|move: Stealth Rock\n|\n|upkeep\n|turn|19\n|\n|t:|1698762755\n|move|p2a: Lycanroc|Rock Slide|p1a: Funny Lil' Guy\n|-crit|p1a: Funny Lil' Guy\n|-damage|p1a: Funny Lil' Guy|0 fnt\n|faint|p1a: Funny Lil' Guy\n|-damage|p2a: Lycanroc|51\/100|[from] item: Life Orb\n|\n|upkeep\n|c|\u2606femurdeeznuts|bruh\n|c|\u2606femurdeeznuts|crit mattered fr\n|\n|t:|1698762765\n|switch|p1a: W.O.M.D|Klefki, F|100\/100\n|-damage|p1a: W.O.M.D|88\/100|[from] Spikes\n|-damage|p1a: W.O.M.D|82\/100|[from] Stealth Rock\n|turn|20\n|c|\u2606El!te 00f|should've just partinged\n|\n|t:|1698762776\n|switch|p2a: Corviknight|Corviknight, M|58\/100 par\n|-ability|p2a: Corviknight|Pressure\n|move|p1a: W.O.M.D|Defog|p2a: Corviknight\n|-unboost|p2a: Corviknight|evasion|1\n|-sideend|p2: El!te 00f|Sticky Web|[from] move: Defog|[of] p1a: W.O.M.D\n|-sideend|p1: femurdeeznuts|Spikes|[from] move: Defog|[of] p1a: W.O.M.D\n|-sideend|p1: femurdeeznuts|Stealth Rock|[from] move: Defog|[of] p1a: W.O.M.D\n|\n|-heal|p1a: W.O.M.D|88\/100|[from] item: Leftovers\n|upkeep\n|turn|21\n|c|\u2606El!te 00f|! sticky web is gone !\n|c|\u2606femurdeeznuts|yep\n|\n|t:|1698762802\n|move|p1a: W.O.M.D|Foul Play|p2a: Corviknight\n|-damage|p2a: Corviknight|46\/100 par\n|-damage|p1a: W.O.M.D|72\/100|[from] item: Rocky Helmet|[of] p2a: Corviknight\n|cant|p2a: Corviknight|par\n|\n|-heal|p1a: W.O.M.D|78\/100|[from] item: Leftovers\n|upkeep\n|turn|22\n|\n|t:|1698762807\n|switch|p1a: Mommy? Sorry|Hatterene, F|81\/100\n|move|p2a: Corviknight|Roost|p2a: Corviknight\n|-heal|p2a: Corviknight|96\/100 par\n|-singleturn|p2a: Corviknight|move: Roost\n|\n|upkeep\n|turn|23\n|\n|t:|1698762817\n|switch|p2a: Kommo-o|Kommo-o, F|100\/100\n|move|p1a: Mommy? Sorry|Mystical Fire|p2a: Kommo-o\n|-resisted|p2a: Kommo-o\n|-damage|p2a: Kommo-o|85\/100\n|-unboost|p2a: Kommo-o|spa|1\n|\n|upkeep\n|turn|24\n|\n|t:|1698762824\n|switch|p2a: Gardevoir|Gardevoir, F|100\/100\n|-ability|p2a: Gardevoir|Magic Bounce|[from] ability: Trace|[of] p1a: Mommy? Sorry\n|move|p1a: Mommy? Sorry|Dazzling Gleam|p2a: Gardevoir\n|-damage|p2a: Gardevoir|60\/100\n|\n|upkeep\n|turn|25\n|\n|t:|1698762831\n|detailschange|p2a: Gardevoir|Gardevoir-Mega, F\n|-mega|p2a: Gardevoir|Gardevoir|Gardevoirite\n|-terastallize|p1a: Mommy? Sorry|Fairy\n|move|p2a: Gardevoir|Knock Off|p1a: Mommy? Sorry\n|-resisted|p1a: Mommy? Sorry\n|-damage|p1a: Mommy? Sorry|78\/100\n|move|p1a: Mommy? Sorry|Dazzling Gleam|p2a: Gardevoir\n|-damage|p2a: Gardevoir|18\/100\n|\n|-sideend|p1: femurdeeznuts|Reflect\n|upkeep\n|turn|26\n|\n|t:|1698762843\n|move|p2a: Gardevoir|Moonblast|p1a: Mommy? Sorry\n|-damage|p1a: Mommy? Sorry|29\/100\n|move|p1a: Mommy? Sorry|Dazzling Gleam|p2a: Gardevoir\n|-damage|p2a: Gardevoir|0 fnt\n|faint|p2a: Gardevoir\n|\n|upkeep\n|\n|t:|1698762850\n|switch|p2a: Kommo-o|Kommo-o, F|85\/100\n|turn|27\n|\n|t:|1698762855\n|move|p2a: Kommo-o|Flash Cannon|p1a: Mommy? Sorry\n|-supereffective|p1a: Mommy? Sorry\n|-damage|p1a: Mommy? Sorry|0 fnt\n|faint|p1a: Mommy? Sorry\n|\n|upkeep\n|\n|t:|1698762858\n|switch|p1a: W.O.M.D|Klefki, F|78\/100\n|turn|28\n|\n|t:|1698762865\n|switch|p2a: Corviknight|Corviknight, M|96\/100 par\n|-ability|p2a: Corviknight|Pressure\n|move|p1a: W.O.M.D|Thunder Wave|p2a: Corviknight\n|-fail|p2a: Corviknight|par\n|\n|-heal|p1a: W.O.M.D|84\/100|[from] item: Leftovers\n|upkeep\n|turn|29\n|\n|t:|1698762868\n|move|p1a: W.O.M.D|Foul Play|p2a: Corviknight\n|-damage|p2a: Corviknight|85\/100 par\n|-damage|p1a: W.O.M.D|67\/100|[from] item: Rocky Helmet|[of] p2a: Corviknight\n|move|p2a: Corviknight|Body Press|p1a: W.O.M.D\n|-damage|p1a: W.O.M.D|45\/100\n|\n|-heal|p1a: W.O.M.D|51\/100|[from] item: Leftovers\n|upkeep\n|turn|30\n|\n|t:|1698762871\n|move|p1a: W.O.M.D|Foul Play|p2a: Corviknight\n|-damage|p2a: Corviknight|74\/100 par\n|-damage|p1a: W.O.M.D|34\/100|[from] item: Rocky Helmet|[of] p2a: Corviknight\n|move|p2a: Corviknight|Body Press|p1a: W.O.M.D\n|-damage|p1a: W.O.M.D|14\/100\n|\n|-heal|p1a: W.O.M.D|20\/100|[from] item: Leftovers\n|upkeep\n|turn|31\n|\n|t:|1698762874\n|move|p1a: W.O.M.D|Foul Play|p2a: Corviknight\n|-damage|p2a: Corviknight|63\/100 par\n|-damage|p1a: W.O.M.D|3\/100|[from] item: Rocky Helmet|[of] p2a: Corviknight\n|move|p2a: Corviknight|Body Press|p1a: W.O.M.D\n|-damage|p1a: W.O.M.D|0 fnt\n|faint|p1a: W.O.M.D\n|\n|upkeep\n|\n|t:|1698762876\n|switch|p1a: RE2 Licker|Slurpuff, F|100\/100\n|turn|32\n|\n|t:|1698762880\n|move|p1a: RE2 Licker|Belly Drum|p1a: RE2 Licker\n|-damage|p1a: RE2 Licker|50\/100\n|-setboost|p1a: RE2 Licker|atk|6|[from] move: Belly Drum\n|-enditem|p1a: RE2 Licker|Sitrus Berry|[eat]\n|-heal|p1a: RE2 Licker|75\/100|[from] item: Sitrus Berry\n|move|p2a: Corviknight|Roost|p2a: Corviknight\n|-heal|p2a: Corviknight|100\/100 par\n|-singleturn|p2a: Corviknight|move: Roost\n|\n|upkeep\n|turn|33\n|c|\u2606femurdeeznuts|i will win.\n|\n|t:|1698762890\n|move|p1a: RE2 Licker|Drain Punch|p2a: Corviknight\n|-damage|p2a: Corviknight|58\/100 par\n|-heal|p1a: RE2 Licker|100\/100|[from] drain|[of] p2a: Corviknight\n|-damage|p1a: RE2 Licker|84\/100|[from] item: Rocky Helmet|[of] p2a: Corviknight\n|move|p2a: Corviknight|Brave Bird|p1a: RE2 Licker\n|-damage|p1a: RE2 Licker|26\/100\n|-damage|p2a: Corviknight|45\/100 par|[from] Recoil\n|\n|upkeep\n|turn|34\n|c|\u2606El!te 00f|ok?\n|\n|t:|1698762898\n|move|p1a: RE2 Licker|Drain Punch|p2a: Corviknight\n|-damage|p2a: Corviknight|0 fnt\n|-heal|p1a: RE2 Licker|59\/100|[from] drain|[of] p2a: Corviknight\n|-damage|p1a: RE2 Licker|42\/100|[from] item: Rocky Helmet|[of] p2a: Corviknight\n|faint|p2a: Corviknight\n|\n|upkeep\n|\n|t:|1698762907\n|switch|p2a: Kommo-o|Kommo-o, F|85\/100\n|turn|35\n|c|\u2606El!te 00f|kame\n|c|\u2606El!te 00f|hame\n|c|\u2606El!te 00f|flash cannon\n|\n|t:|1698762921\n|move|p1a: RE2 Licker|Play Rough|p2a: Kommo-o|[miss]\n|-miss|p1a: RE2 Licker|p2a: Kommo-o\n|move|p2a: Kommo-o|Flash Cannon|p1a: RE2 Licker\n|-supereffective|p1a: RE2 Licker\n|-damage|p1a: RE2 Licker|0 fnt\n|faint|p1a: RE2 Licker\n|\n|win|El!te 00f\n|c|\u2606femurdeeznuts|bruh\n|c|\u2606femurdeeznuts|if that hit i won\n|c|\u2606femurdeeznuts|gg tho\n|c|\u2606El!te 00f|lycanroc prob killed anyway\n|l|\u2606femurdeeznuts\n","uploadtime":1698762944,"views":11,"p1id":"femurdeeznuts","p2id":"elte00f","formatid":"gen9nationaldexubers","rating":0,"private":0,"password":""}