{"id":"gen9nationaldexubers-1998987496","p1":"Minaisok","p2":"garyb13","format":"[Gen 9] National Dex Ubers","log":"|j|\u2606Minaisok\n|j|\u2606garyb13\n|t:|1701021083\n|gametype|singles\n|player|p1|Minaisok|waiter-gen4dp|1249\n|player|p2|garyb13|n|1211\n|teamsize|p1|6\n|teamsize|p2|6\n|gen|9\n|tier|[Gen 9] National Dex Ubers\n|rated|\n|rule|HP Percentage Mod: HP is shown in percentages\n|rule|Endless Battle Clause: Forcing endless battles is banned\n|rule|OHKO Clause: OHKO moves are banned\n|rule|Evasion Moves Clause: Evasion moves are banned\n|rule|Evasion Items Clause: Evasion items are banned\n|rule|Species Clause: Limit one of each Pok\u00e9mon\n|rule|Sleep Clause Mod: Limit one foe put to sleep\n|rule|Mega Rayquaza Clause: You cannot mega evolve Rayquaza\n|clearpoke\n|poke|p1|Necrozma-Dusk-Mane|\n|poke|p1|Walking Wake|\n|poke|p1|Roaring Moon|\n|poke|p1|Ho-Oh|\n|poke|p1|Groudon|\n|poke|p1|Hatterene, F|\n|poke|p2|Ogerpon-Hearthflame, F|\n|poke|p2|Kyogre|\n|poke|p2|Kyurem-Black|\n|poke|p2|Groudon|\n|poke|p2|Xerneas-*|\n|poke|p2|Necrozma-Dusk-Mane|\n|teampreview\n|\n|t:|1701021091\n|start\n|switch|p1a: Groudon|Groudon, shiny|100\/100\n|switch|p2a: after nnn|Kyurem-Black, shiny|100\/100\n|-ability|p2a: after nnn|Teravolt\n|-weather|SunnyDay|[from] ability: Drought|[of] p1a: Groudon\n|turn|1\n|inactive|Battle timer is ON: inactive players will automatically lose when time's up. (requested by garyb13)\n|\n|t:|1701021109\n|switch|p1a: Necrozma|Necrozma-Dusk-Mane|100\/100\n|move|p2a: after nnn|Dragon Dance|p2a: after nnn\n|-boost|p2a: after nnn|atk|1\n|-boost|p2a: after nnn|spe|1\n|\n|-weather|SunnyDay|[upkeep]\n|upkeep\n|turn|2\n|c|\u2606garyb13|i took a bad lead\n|\n|t:|1701021121\n|move|p2a: after nnn|Dragon Dance|p2a: after nnn\n|-boost|p2a: after nnn|atk|1\n|-boost|p2a: after nnn|spe|1\n|move|p1a: Necrozma|Sunsteel Strike|p2a: after nnn\n|-supereffective|p2a: after nnn\n|-damage|p2a: after nnn|17\/100\n|\n|-weather|SunnyDay|[upkeep]\n|upkeep\n|turn|3\n|\n|t:|1701021136\n|move|p2a: after nnn|Fusion Bolt|p1a: Necrozma\n|-damage|p1a: Necrozma|59\/100\n|move|p1a: Necrozma|Sunsteel Strike|p2a: after nnn\n|-supereffective|p2a: after nnn\n|-damage|p2a: after nnn|0 fnt\n|faint|p2a: after nnn\n|\n|-weather|SunnyDay|[upkeep]\n|-heal|p1a: Necrozma|65\/100|[from] item: Leftovers\n|upkeep\n|\n|t:|1701021146\n|switch|p2a: rawr XD|Groudon|100\/100\n|detailschange|p2a: rawr XD|Groudon-Primal\n|-primal|p2a: rawr XD|Red Orb\n|-weather|DesolateLand|[from] ability: Desolate Land|[of] p2a: rawr XD\n|turn|4\n|\n|t:|1701021156\n|switch|p1a: Groudon|Groudon, shiny|100\/100\n|-ability|p1a: Groudon|Drought|[from] desolateland|[fail]\n|move|p2a: rawr XD|Swords Dance|p2a: rawr XD\n|-boost|p2a: rawr XD|atk|2\n|\n|-weather|DesolateLand|[upkeep]\n|upkeep\n|turn|5\n|\n|t:|1701021165\n|move|p2a: rawr XD|Rock Polish|p2a: rawr XD\n|-boost|p2a: rawr XD|spe|2\n|move|p1a: Groudon|Precipice Blades|p2a: rawr XD\n|-supereffective|p2a: rawr XD\n|-damage|p2a: rawr XD|13\/100\n|\n|-weather|DesolateLand|[upkeep]\n|upkeep\n|turn|6\n|\n|t:|1701021173\n|move|p2a: rawr XD|Precipice Blades|p1a: Groudon|[miss]\n|-miss|p2a: rawr XD|p1a: Groudon\n|move|p1a: Groudon|Precipice Blades|p2a: rawr XD\n|-supereffective|p2a: rawr XD\n|-damage|p2a: rawr XD|0 fnt\n|faint|p2a: rawr XD\n|-weather|none\n|\n|upkeep\n|c|\u2606garyb13|mf.\n|\n|t:|1701021180\n|switch|p2a: shamu|Kyogre|100\/100\n|detailschange|p2a: shamu|Kyogre-Primal\n|-primal|p2a: shamu|Blue Orb\n|-weather|PrimordialSea|[from] ability: Primordial Sea|[of] p2a: shamu\n|turn|7\n|\n|t:|1701021192\n|switch|p1a: Hatterene|Hatterene, F, shiny|100\/100\n|move|p2a: shamu|Calm Mind|p2a: shamu\n|-boost|p2a: shamu|spa|1\n|-boost|p2a: shamu|spd|1\n|\n|-weather|PrimordialSea|[upkeep]\n|upkeep\n|turn|8\n|\n|t:|1701021209\n|move|p2a: shamu|Calm Mind|p2a: shamu\n|-boost|p2a: shamu|spa|1\n|-boost|p2a: shamu|spd|1\n|move|p1a: Hatterene|Dazzling Gleam|p2a: shamu\n|-damage|p2a: shamu|85\/100\n|\n|-weather|PrimordialSea|[upkeep]\n|upkeep\n|turn|9\n|\n|t:|1701021216\n|move|p2a: shamu|Calm Mind|p2a: shamu\n|-boost|p2a: shamu|spa|1\n|-boost|p2a: shamu|spd|1\n|move|p1a: Hatterene|Dazzling Gleam|p2a: shamu\n|-damage|p2a: shamu|72\/100\n|\n|-weather|PrimordialSea|[upkeep]\n|upkeep\n|turn|10\n|\n|t:|1701021223\n|move|p2a: shamu|Calm Mind|p2a: shamu\n|-boost|p2a: shamu|spa|1\n|-boost|p2a: shamu|spd|1\n|move|p1a: Hatterene|Dazzling Gleam|p2a: shamu\n|-damage|p2a: shamu|62\/100\n|\n|-weather|PrimordialSea|[upkeep]\n|upkeep\n|turn|11\n|\n|t:|1701021230\n|move|p2a: shamu|Calm Mind|p2a: shamu\n|-boost|p2a: shamu|spa|1\n|-boost|p2a: shamu|spd|1\n|move|p1a: Hatterene|Dazzling Gleam|p2a: shamu\n|-damage|p2a: shamu|54\/100\n|\n|-weather|PrimordialSea|[upkeep]\n|upkeep\n|turn|12\n|\n|t:|1701021248\n|move|p2a: shamu|Origin Pulse|p1a: Hatterene\n|-damage|p1a: Hatterene|0 fnt\n|faint|p1a: Hatterene\n|\n|-weather|PrimordialSea|[upkeep]\n|upkeep\n|\n|t:|1701021255\n|switch|p1a: Roaring Moon|Roaring Moon|100\/100\n|turn|13\n|\n|t:|1701021270\n|-terastallize|p1a: Roaring Moon|Dragon\n|move|p1a: Roaring Moon|Dragon Claw|p2a: shamu\n|-damage|p2a: shamu|0 fnt\n|faint|p2a: shamu\n|-weather|none\n|\n|upkeep\n|\n|t:|1701021277\n|switch|p2a: pleasant reaper|Xerneas, shiny|100\/100\n|-ability|p2a: pleasant reaper|Fairy Aura\n|turn|14\n|\n|t:|1701021284\n|-end|p1a: Roaring Moon|Protosynthesis|[silent]\n|switch|p1a: Groudon|Groudon, shiny|100\/100\n|-weather|SunnyDay|[from] ability: Drought|[of] p1a: Groudon\n|move|p2a: pleasant reaper|Geomancy||[still]\n|-prepare|p2a: pleasant reaper|Geomancy\n|-enditem|p2a: pleasant reaper|Power Herb\n|-anim|p2a: pleasant reaper|Geomancy|p2a: pleasant reaper\n|-boost|p2a: pleasant reaper|spa|2\n|-boost|p2a: pleasant reaper|spd|2\n|-boost|p2a: pleasant reaper|spe|2\n|\n|-weather|SunnyDay|[upkeep]\n|upkeep\n|turn|15\n|\n|t:|1701021297\n|-terastallize|p2a: pleasant reaper|Fairy\n|move|p2a: pleasant reaper|Moonblast|p1a: Groudon\n|-damage|p1a: Groudon|0 fnt\n|faint|p1a: Groudon\n|\n|-weather|SunnyDay|[upkeep]\n|upkeep\n|\n|t:|1701021308\n|switch|p1a: Walking Wake|Walking Wake|100\/100\n|-activate|p1a: Walking Wake|ability: Protosynthesis\n|-start|p1a: Walking Wake|protosynthesisspa\n|turn|16\n|c|\u2606garyb13|legend spam is fun\n|\n|t:|1701021316\n|move|p2a: pleasant reaper|Moonblast|p1a: Walking Wake\n|-supereffective|p1a: Walking Wake\n|-damage|p1a: Walking Wake|0 fnt\n|faint|p1a: Walking Wake\n|-end|p1a: Walking Wake|Protosynthesis|[silent]\n|\n|-weather|SunnyDay|[upkeep]\n|upkeep\n|\n|t:|1701021323\n|switch|p1a: Ho-Oh|Ho-Oh, shiny|100\/100\n|turn|17\n|c|\u2606garyb13|my speed is at 652 just in case u wanna know\n|\n|t:|1701021338\n|move|p2a: pleasant reaper|Moonblast|p1a: Ho-Oh\n|-resisted|p1a: Ho-Oh\n|-damage|p1a: Ho-Oh|56\/100\n|move|p1a: Ho-Oh|Sacred Fire|p2a: pleasant reaper\n|-damage|p2a: pleasant reaper|40\/100\n|\n|-weather|SunnyDay|[upkeep]\n|-heal|p1a: Ho-Oh|62\/100|[from] item: Leftovers\n|upkeep\n|turn|18\n|\n|t:|1701021352\n|move|p2a: pleasant reaper|Psyshock|p1a: Ho-Oh\n|-damage|p1a: Ho-Oh|18\/100\n|move|p1a: Ho-Oh|Sacred Fire|p2a: pleasant reaper\n|-damage|p2a: pleasant reaper|0 fnt\n|faint|p2a: pleasant reaper\n|\n|-weather|SunnyDay|[upkeep]\n|-heal|p1a: Ho-Oh|24\/100|[from] item: Leftovers\n|upkeep\n|\n|t:|1701021363\n|switch|p2a: Necrozma|Necrozma-Dusk-Mane|100\/100\n|turn|19\n|\n|t:|1701021368\n|detailschange|p2a: Necrozma|Necrozma-Ultra\n|-burst|p2a: Necrozma|Necrozma|Ultranecrozium Z\n|move|p2a: Necrozma|Dragon Dance|p2a: Necrozma\n|-boost|p2a: Necrozma|atk|1\n|-boost|p2a: Necrozma|spe|1\n|move|p1a: Ho-Oh|Sacred Fire|p2a: Necrozma\n|-resisted|p2a: Necrozma\n|-damage|p2a: Necrozma|64\/100\n|-status|p2a: Necrozma|brn\n|\n|-weather|SunnyDay|[upkeep]\n|-heal|p1a: Ho-Oh|30\/100|[from] item: Leftovers\n|-damage|p2a: Necrozma|58\/100 brn|[from] brn\n|upkeep\n|turn|20\n|\n|t:|1701021382\n|switch|p1a: Necrozma|Necrozma-Dusk-Mane|65\/100\n|move|p2a: Necrozma|Sunsteel Strike|p1a: Necrozma\n|-resisted|p1a: Necrozma\n|-damage|p1a: Necrozma|57\/100\n|\n|-weather|SunnyDay|[upkeep]\n|-heal|p1a: Necrozma|63\/100|[from] item: Leftovers\n|-damage|p2a: Necrozma|52\/100 brn|[from] brn\n|upkeep\n|turn|21\n|\n|t:|1701021394\n|move|p2a: Necrozma|Photon Geyser|p1a: Necrozma\n|-resisted|p1a: Necrozma\n|-damage|p1a: Necrozma|57\/100\n|move|p1a: Necrozma|Moonlight|p1a: Necrozma\n|-heal|p1a: Necrozma|100\/100\n|\n|-weather|none\n|-damage|p2a: Necrozma|45\/100 brn|[from] brn\n|upkeep\n|turn|22\n|\n|t:|1701021408\n|move|p2a: Necrozma|Moonlight|p2a: Necrozma\n|-heal|p2a: Necrozma|95\/100 brn\n|move|p1a: Necrozma|Stealth Rock|p2a: Necrozma\n|-sidestart|p2: garyb13|move: Stealth Rock\n|\n|-damage|p2a: Necrozma|89\/100 brn|[from] brn\n|upkeep\n|turn|23\n|\n|t:|1701021421\n|move|p2a: Necrozma|Dragon Dance|p2a: Necrozma\n|-boost|p2a: Necrozma|atk|1\n|-boost|p2a: Necrozma|spe|1\n|move|p1a: Necrozma|Sunsteel Strike|p2a: Necrozma\n|-damage|p2a: Necrozma|33\/100 brn\n|\n|-damage|p2a: Necrozma|26\/100 brn|[from] brn\n|upkeep\n|turn|24\n|\n|t:|1701021434\n|-zpower|p2a: Necrozma\n|move|p2a: Necrozma|Light That Burns the Sky|p1a: Necrozma|[zeffect]\n|-resisted|p1a: Necrozma\n|-damage|p1a: Necrozma|84\/100\n|move|p1a: Necrozma|Sunsteel Strike|p2a: Necrozma\n|-damage|p2a: Necrozma|0 fnt\n|faint|p2a: Necrozma\n|\n|-heal|p1a: Necrozma|90\/100|[from] item: Leftovers\n|upkeep\n|\n|t:|1701021445\n|switch|p2a: funsies :)|Ogerpon-Hearthflame, F|100\/100\n|-damage|p2a: funsies :)|76\/100|[from] Stealth Rock\n|-ability|p2a: funsies :)|Mold Breaker\n|turn|25\n|\n|t:|1701021454\n|move|p2a: funsies :)|Ivy Cudgel|p1a: Necrozma|[anim] Ivy Cudgel Fire\n|-supereffective|p1a: Necrozma\n|-damage|p1a: Necrozma|45\/100\n|move|p1a: Necrozma|Toxic|p2a: funsies :)\n|-status|p2a: funsies :)|tox\n|\n|-heal|p1a: Necrozma|51\/100|[from] item: Leftovers\n|-damage|p2a: funsies :)|70\/100 tox|[from] psn\n|upkeep\n|turn|26\n|\n|t:|1701021467\n|move|p2a: funsies :)|Ivy Cudgel|p1a: Necrozma|[anim] Ivy Cudgel Fire\n|-supereffective|p1a: Necrozma\n|-crit|p1a: Necrozma\n|-damage|p1a: Necrozma|0 fnt\n|faint|p1a: Necrozma\n|\n|-damage|p2a: funsies :)|58\/100 tox|[from] psn\n|upkeep\n|\n|t:|1701021477\n|switch|p1a: Roaring Moon|Roaring Moon, tera:Dragon|100\/100\n|turn|27\n|\n|t:|1701021484\n|move|p2a: funsies :)|Knock Off|p1a: Roaring Moon\n|-damage|p1a: Roaring Moon|50\/100\n|-enditem|p1a: Roaring Moon|Choice Band|[from] move: Knock Off|[of] p2a: funsies :)\n|move|p1a: Roaring Moon|Dragon Claw|p2a: funsies :)\n|-damage|p2a: funsies :)|0 fnt\n|faint|p2a: funsies :)\n|\n|win|Minaisok\n|raw|Minaisok's rating: 1249 &rarr; <strong>1271<\/strong><br \/>(+22 for winning)\n|raw|garyb13's rating: 1211 &rarr; <strong>1189<\/strong><br \/>(-22 for losing)\n|l|\u2606garyb13\n","uploadtime":1701021542,"views":7,"p1id":"minaisok","p2id":"garyb13","formatid":"gen9nationaldexubers","rating":1189,"private":0,"password":""}