{"id":"gen9nationaldexubers-1986498511","p1":"Conselvita","p2":"Onyx2413","format":"[Gen 9] National Dex Ubers","log":"|j|\u2606Conselvita\n|j|\u2606Onyx2413\n|t:|1699485204\n|gametype|singles\n|player|p1|Conselvita|265|1137\n|player|p2|Onyx2413|elesa|1155\n|teamsize|p1|6\n|teamsize|p2|6\n|gen|9\n|tier|[Gen 9] National Dex Ubers\n|rated|\n|rule|HP Percentage Mod: HP is shown in percentages\n|rule|Endless Battle Clause: Forcing endless battles is banned\n|rule|OHKO Clause: OHKO moves are banned\n|rule|Evasion Moves Clause: Evasion moves are banned\n|rule|Evasion Items Clause: Evasion items are banned\n|rule|Species Clause: Limit one of each Pok\u00e9mon\n|rule|Sleep Clause Mod: Limit one foe put to sleep\n|rule|Mega Rayquaza Clause: You cannot mega evolve Rayquaza\n|clearpoke\n|poke|p1|Serperior, F|\n|poke|p1|Quagsire, F|\n|poke|p1|Shuckle, F|\n|poke|p1|Grimmsnarl, M|\n|poke|p1|Gyarados, M|\n|poke|p1|Excadrill, M|\n|poke|p2|Hippowdon, F|\n|poke|p2|Ting-Lu|\n|poke|p2|Garchomp, F|\n|poke|p2|Walking Wake|\n|poke|p2|Rotom-Wash|\n|poke|p2|Torkoal, M|\n|teampreview\n|inactive|Battle timer is ON: inactive players will automatically lose when time's up. (requested by Conselvita)\n|inactive|Conselvita has 120 seconds left.\n|\n|t:|1699485238\n|start\n|switch|p1a: Shuckle|Shuckle, F, shiny|100\/100\n|switch|p2a: Rotom|Rotom-Wash|100\/100\n|turn|1\n|\n|t:|1699485245\n|move|p2a: Rotom|Will-O-Wisp|p1a: Shuckle|[miss]\n|-miss|p2a: Rotom|p1a: Shuckle\n|move|p1a: Shuckle|Toxic|p2a: Rotom\n|-status|p2a: Rotom|tox\n|\n|-damage|p2a: Rotom|94\/100 tox|[from] psn\n|upkeep\n|turn|2\n|\n|t:|1699485258\n|move|p2a: Rotom|Hydro Pump|p1a: Shuckle\n|-supereffective|p1a: Shuckle\n|-damage|p1a: Shuckle|7\/100\n|-damage|p2a: Rotom|84\/100 tox|[from] item: Life Orb\n|move|p1a: Shuckle|Shell Smash|p1a: Shuckle\n|-boost|p1a: Shuckle|def|1\n|-boost|p1a: Shuckle|spd|1\n|-unboost|p1a: Shuckle|atk|2\n|-unboost|p1a: Shuckle|spa|2\n|-unboost|p1a: Shuckle|spe|2\n|\n|-heal|p1a: Shuckle|13\/100|[from] item: Leftovers\n|-damage|p2a: Rotom|72\/100 tox|[from] psn\n|upkeep\n|turn|3\n|\n|t:|1699485270\n|-terastallize|p1a: Shuckle|Water\n|move|p2a: Rotom|Hydro Pump|p1a: Shuckle\n|-resisted|p1a: Shuckle\n|-damage|p1a: Shuckle|0 fnt\n|faint|p1a: Shuckle\n|-damage|p2a: Rotom|62\/100 tox|[from] item: Life Orb\n|\n|-damage|p2a: Rotom|43\/100 tox|[from] psn\n|upkeep\n|\n|t:|1699485280\n|switch|p1a: Gyarados|Gyarados, M|100\/100\n|turn|4\n|\n|t:|1699485286\n|move|p1a: Gyarados|Iron Head|p2a: Rotom\n|-resisted|p2a: Rotom\n|-damage|p2a: Rotom|33\/100 tox\n|-damage|p1a: Gyarados|91\/100|[from] item: Life Orb\n|move|p2a: Rotom|Volt Switch|p1a: Gyarados\n|-supereffective|p1a: Gyarados\n|-damage|p1a: Gyarados|0 fnt\n|faint|p1a: Gyarados\n|-damage|p2a: Rotom|23\/100 tox|[from] item: Life Orb\n|c|\u2606Conselvita|AJAJAJA\n|\n|t:|1699485301\n|switch|p2a: Hippowdon|Hippowdon, F|100\/100|[from] Volt Switch\n|-weather|Sandstorm|[from] ability: Sand Stream|[of] p2a: Hippowdon\n|\n|-weather|Sandstorm|[upkeep]\n|upkeep\n|c|\u2606Conselvita|la cagada del 23\n|\n|t:|1699485311\n|switch|p1a: Serperior|Serperior, F|100\/100\n|turn|5\n|c|\u2606Onyx2413|sorry i don't understand\n|\n|t:|1699485318\n|move|p1a: Serperior|Leaf Storm|p2a: Hippowdon\n|-supereffective|p2a: Hippowdon\n|-damage|p2a: Hippowdon|18\/100\n|-boost|p1a: Serperior|spa|2\n|-damage|p1a: Serperior|91\/100|[from] item: Life Orb\n|move|p2a: Hippowdon|Whirlwind|p1a: Serperior\n|drag|p1a: Grimmsnarl|Grimmsnarl, M|100\/100\n|\n|-weather|Sandstorm|[upkeep]\n|-damage|p1a: Grimmsnarl|94\/100|[from] Sandstorm\n|upkeep\n|turn|6\n|\n|t:|1699485329\n|move|p1a: Grimmsnarl|Fake Out|p2a: Hippowdon\n|-damage|p2a: Hippowdon|11\/100\n|cant|p2a: Hippowdon|flinch\n|\n|-weather|Sandstorm|[upkeep]\n|-damage|p1a: Grimmsnarl|88\/100|[from] Sandstorm\n|upkeep\n|turn|7\n|\n|t:|1699485335\n|move|p1a: Grimmsnarl|Reflect|p1a: Grimmsnarl\n|-sidestart|p1: Conselvita|Reflect\n|move|p2a: Hippowdon|Stealth Rock|p1a: Grimmsnarl\n|-sidestart|p1: Conselvita|move: Stealth Rock\n|\n|-weather|Sandstorm|[upkeep]\n|-damage|p1a: Grimmsnarl|82\/100|[from] Sandstorm\n|upkeep\n|turn|8\n|\n|t:|1699485341\n|move|p1a: Grimmsnarl|Spirit Break|p2a: Hippowdon\n|-damage|p2a: Hippowdon|0 fnt\n|faint|p2a: Hippowdon\n|\n|-weather|Sandstorm|[upkeep]\n|-damage|p1a: Grimmsnarl|76\/100|[from] Sandstorm\n|upkeep\n|\n|t:|1699485349\n|switch|p2a: Garchomp|Garchomp, F|100\/100\n|turn|9\n|\n|t:|1699485374\n|detailschange|p2a: Garchomp|Garchomp-Mega, F\n|-mega|p2a: Garchomp|Garchomp|Garchompite\n|move|p2a: Garchomp|Swords Dance|p2a: Garchomp\n|-boost|p2a: Garchomp|atk|2\n|move|p1a: Grimmsnarl|Spirit Break|p2a: Garchomp\n|-supereffective|p2a: Garchomp\n|-damage|p2a: Garchomp|55\/100\n|-unboost|p2a: Garchomp|spa|1\n|\n|-weather|Sandstorm|[upkeep]\n|-damage|p1a: Grimmsnarl|70\/100|[from] Sandstorm\n|upkeep\n|turn|10\n|\n|t:|1699485383\n|move|p2a: Garchomp|Iron Head|p1a: Grimmsnarl\n|-supereffective|p1a: Grimmsnarl\n|-damage|p1a: Grimmsnarl|0 fnt\n|faint|p1a: Grimmsnarl\n|\n|-weather|Sandstorm|[upkeep]\n|upkeep\n|\n|t:|1699485390\n|switch|p1a: Quagsire|Quagsire, F, shiny|100\/100\n|-damage|p1a: Quagsire|94\/100|[from] Stealth Rock\n|turn|11\n|\n|t:|1699485395\n|move|p2a: Garchomp|Earthquake|p1a: Quagsire\n|-damage|p1a: Quagsire|65\/100\n|move|p1a: Quagsire|Toxic|p2a: Garchomp\n|-status|p2a: Garchomp|tox\n|\n|-weather|none\n|-heal|p1a: Quagsire|71\/100|[from] item: Leftovers\n|-damage|p2a: Garchomp|49\/100 tox|[from] psn\n|upkeep\n|turn|12\n|\n|t:|1699485403\n|move|p2a: Garchomp|Scale Shot|p1a: Quagsire|[miss]\n|-miss|p2a: Garchomp|p1a: Quagsire\n|move|p1a: Quagsire|Scald|p2a: Garchomp\n|-damage|p2a: Garchomp|28\/100 tox\n|\n|-heal|p1a: Quagsire|77\/100|[from] item: Leftovers\n|-damage|p2a: Garchomp|16\/100 tox|[from] psn\n|upkeep\n|turn|13\n|\n|t:|1699485411\n|move|p2a: Garchomp|Scale Shot|p1a: Quagsire\n|-damage|p1a: Quagsire|72\/100\n|-damage|p1a: Quagsire|66\/100\n|-hitcount|p1a: Quagsire|2\n|-unboost|p2a: Garchomp|def|1\n|-boost|p2a: Garchomp|spe|1\n|move|p1a: Quagsire|Recover|p1a: Quagsire\n|-heal|p1a: Quagsire|100\/100\n|\n|-damage|p2a: Garchomp|0 fnt|[from] psn\n|faint|p2a: Garchomp\n|upkeep\n|\n|t:|1699485422\n|switch|p2a: Rotom|Rotom-Wash|23\/100 tox\n|turn|14\n|inactive|Conselvita has 120 seconds left.\n|\n|t:|1699485470\n|move|p2a: Rotom|Will-O-Wisp|p1a: Quagsire\n|-status|p1a: Quagsire|brn\n|move|p1a: Quagsire|Scald|p2a: Rotom\n|-resisted|p2a: Rotom\n|-damage|p2a: Rotom|12\/100 tox\n|\n|-damage|p2a: Rotom|6\/100 tox|[from] psn\n|-damage|p1a: Quagsire|94\/100 brn|[from] brn\n|-sideend|p1: Conselvita|Reflect\n|upkeep\n|turn|15\n|\n|t:|1699485486\n|move|p2a: Rotom|Hydro Pump|p1a: Quagsire\n|-damage|p1a: Quagsire|10\/100 brn\n|-damage|p2a: Rotom|0 fnt|[from] item: Life Orb\n|faint|p2a: Rotom\n|move|p1a: Quagsire|Recover|p1a: Quagsire\n|-heal|p1a: Quagsire|60\/100 brn\n|\n|-heal|p1a: Quagsire|66\/100 brn|[from] item: Leftovers\n|-damage|p1a: Quagsire|60\/100 brn|[from] brn\n|upkeep\n|\n|t:|1699485496\n|switch|p2a: Torkoal|Torkoal, M|100\/100\n|-weather|SunnyDay|[from] ability: Drought|[of] p2a: Torkoal\n|turn|16\n|inactive|Conselvita has 120 seconds left.\n|\n|t:|1699485503\n|switch|p2a: Walking Wake|Walking Wake|100\/100\n|-activate|p2a: Walking Wake|ability: Protosynthesis\n|-start|p2a: Walking Wake|protosynthesisspe\n|move|p1a: Quagsire|Recover|p1a: Quagsire\n|-heal|p1a: Quagsire|100\/100 brn\n|\n|-weather|SunnyDay|[upkeep]\n|-damage|p1a: Quagsire|94\/100 brn|[from] brn\n|upkeep\n|turn|17\n|\n|t:|1699485511\n|move|p2a: Walking Wake|Hydro Steam|p1a: Quagsire\n|-damage|p1a: Quagsire|0 fnt\n|faint|p1a: Quagsire\n|\n|-weather|SunnyDay|[upkeep]\n|upkeep\n|\n|t:|1699485517\n|switch|p1a: Serperior|Serperior, F|91\/100\n|-damage|p1a: Serperior|78\/100|[from] Stealth Rock\n|turn|18\n|\n|t:|1699485521\n|-end|p2a: Walking Wake|Protosynthesis|[silent]\n|switch|p2a: Torkoal|Torkoal, M|100\/100\n|move|p1a: Serperior|Leaf Storm|p2a: Torkoal\n|-resisted|p2a: Torkoal\n|-damage|p2a: Torkoal|73\/100\n|-boost|p1a: Serperior|spa|2\n|-damage|p1a: Serperior|68\/100|[from] item: Life Orb\n|\n|-weather|SunnyDay|[upkeep]\n|upkeep\n|turn|19\n|\n|t:|1699485529\n|move|p1a: Serperior|Dragon Pulse|p2a: Torkoal\n|-damage|p2a: Torkoal|26\/100\n|-damage|p1a: Serperior|58\/100|[from] item: Life Orb\n|move|p2a: Torkoal|Yawn|p1a: Serperior\n|-start|p1a: Serperior|move: Yawn|[of] p2a: Torkoal\n|\n|-weather|SunnyDay|[upkeep]\n|upkeep\n|turn|20\n|\n|t:|1699485549\n|switch|p2a: Lucky Charms|Ting-Lu|100\/100\n|-ability|p2a: Lucky Charms|Vessel of Ruin\n|move|p1a: Serperior|Leaf Storm|p2a: Lucky Charms\n|-supereffective|p2a: Lucky Charms\n|-damage|p2a: Lucky Charms|0 fnt\n|-boost|p1a: Serperior|spa|2\n|faint|p2a: Lucky Charms\n|-damage|p1a: Serperior|48\/100|[from] item: Life Orb\n|\n|-weather|SunnyDay|[upkeep]\n|-end|p1a: Serperior|move: Yawn|[silent]\n|-status|p1a: Serperior|slp\n|upkeep\n|\n|t:|1699485554\n|switch|p2a: Walking Wake|Walking Wake|100\/100\n|-activate|p2a: Walking Wake|ability: Protosynthesis\n|-start|p2a: Walking Wake|protosynthesisspe\n|turn|21\n|\n|t:|1699485563\n|move|p2a: Walking Wake|Flamethrower|p1a: Serperior\n|-supereffective|p1a: Serperior\n|-damage|p1a: Serperior|0 fnt\n|faint|p1a: Serperior\n|\n|-weather|SunnyDay|[upkeep]\n|upkeep\n|\n|t:|1699485569\n|switch|p1a: Excadrill|Excadrill, M|100\/100\n|-damage|p1a: Excadrill|97\/100|[from] Stealth Rock\n|-ability|p1a: Excadrill|Mold Breaker\n|turn|22\n|c|\u2606Conselvita|gg\n|c|\u2606Onyx2413|gg\n|\n|t:|1699485575\n|move|p2a: Walking Wake|Flamethrower|p1a: Excadrill\n|-supereffective|p1a: Excadrill\n|-damage|p1a: Excadrill|0 fnt\n|faint|p1a: Excadrill\n|\n|win|Onyx2413\n|raw|Conselvita's rating: 1137 &rarr; <strong>1113<\/strong><br \/>(-24 for losing)\n|raw|Onyx2413's rating: 1155 &rarr; <strong>1179<\/strong><br \/>(+24 for winning)\n|l|\u2606Conselvita\n","uploadtime":1699485593,"views":11,"p1id":"conselvita","p2id":"onyx2413","formatid":"gen9nationaldexubers","rating":1113,"private":0,"password":""}