{"id":"gen9nationaldexubers-1987667367","p1":"Graterol882008","p2":"Drixzard","format":"[Gen 9] National Dex Ubers","log":"|j|\u2606Graterol882008\n|j|\u2606Drixzard\n|t:|1699625768\n|gametype|singles\n|player|p1|Graterol882008|petrel|\n|player|p2|Drixzard|101|\n|teamsize|p1|6\n|teamsize|p2|6\n|gen|9\n|tier|[Gen 9] National Dex Ubers\n|rule|HP Percentage Mod: HP is shown in percentages\n|rule|Endless Battle Clause: Forcing endless battles is banned\n|rule|OHKO Clause: OHKO moves are banned\n|rule|Evasion Moves Clause: Evasion moves are banned\n|rule|Evasion Items Clause: Evasion items are banned\n|rule|Species Clause: Limit one of each Pok\u00e9mon\n|rule|Sleep Clause Mod: Limit one foe put to sleep\n|rule|Mega Rayquaza Clause: You cannot mega evolve Rayquaza\n|clearpoke\n|poke|p1|Metagross|\n|poke|p1|Infernape, M|\n|poke|p1|Dragapult, F|\n|poke|p1|Dragonite, M|\n|poke|p1|Volcarona, F|\n|poke|p1|Primarina, F|\n|poke|p2|Sableye, M|\n|poke|p2|Dragapult, M|\n|poke|p2|Skeledirge, M|\n|poke|p2|Zoroark-Hisui, M|\n|poke|p2|Annihilape, M|\n|poke|p2|Kingambit, F|\n|teampreview\n|\n|t:|1699625794\n|start\n|switch|p1a: Infernape|Infernape, M|100\/100\n|switch|p2a: Sableye|Sableye, M|100\/100\n|turn|1\n|\n|t:|1699625807\n|detailschange|p2a: Sableye|Sableye-Mega, M\n|-mega|p2a: Sableye|Sableye|Sablenite\n|move|p1a: Infernape|Swords Dance|p1a: Infernape\n|-boost|p1a: Infernape|atk|2\n|move|p2a: Sableye|Dark Pulse|p1a: Infernape\n|-resisted|p1a: Infernape\n|-damage|p1a: Infernape|82\/100\n|\n|upkeep\n|turn|2\n|\n|t:|1699625822\n|move|p1a: Infernape|Shadow Claw|p2a: Sableye\n|-damage|p2a: Sableye|59\/100\n|move|p2a: Sableye|Dark Pulse|p1a: Infernape\n|-resisted|p1a: Infernape\n|-damage|p1a: Infernape|64\/100\n|\n|upkeep\n|turn|3\n|\n|t:|1699625834\n|move|p1a: Infernape|Swords Dance|p1a: Infernape\n|-boost|p1a: Infernape|atk|2\n|move|p2a: Sableye|Recover|p2a: Sableye\n|-heal|p2a: Sableye|100\/100\n|\n|upkeep\n|turn|4\n|\n|t:|1699625841\n|move|p1a: Infernape|Agility|p1a: Infernape\n|-boost|p1a: Infernape|spe|2\n|move|p2a: Sableye|Dark Pulse|p1a: Infernape\n|-resisted|p1a: Infernape\n|-damage|p1a: Infernape|45\/100\n|\n|upkeep\n|turn|5\n|\n|t:|1699625858\n|move|p1a: Infernape|Shadow Claw|p2a: Sableye\n|-damage|p2a: Sableye|45\/100\n|move|p2a: Sableye|Dark Pulse|p1a: Infernape\n|-resisted|p1a: Infernape\n|-damage|p1a: Infernape|25\/100\n|\n|upkeep\n|turn|6\n|\n|t:|1699625870\n|move|p1a: Infernape|Shadow Claw|p2a: Sableye\n|-crit|p2a: Sableye\n|-damage|p2a: Sableye|0 fnt\n|faint|p2a: Sableye\n|\n|upkeep\n|\n|t:|1699625881\n|switch|p2a: Kingambit|Kingambit, F|100\/100\n|turn|7\n|\n|t:|1699625888\n|move|p1a: Infernape|Flare Blitz|p2a: Kingambit\n|-damage|p2a: Kingambit|0 fnt\n|replace|p2a: Zoroark|Zoroark-Hisui, M\n|-end|p2a: Zoroark|Illusion\n|faint|p2a: Zoroark\n|-damage|p1a: Infernape|0 fnt|[from] Recoil\n|faint|p1a: Infernape\n|\n|upkeep\n|\n|t:|1699625907\n|switch|p2a: Dragapult|Dragapult, M|100\/100\n|switch|p1a: Volcadroga|Volcarona, F|100\/100\n|turn|8\n|\n|t:|1699625921\n|move|p2a: Dragapult|Draco Meteor|p1a: Volcadroga|[miss]\n|-miss|p2a: Dragapult|p1a: Volcadroga\n|move|p1a: Volcadroga|Quiver Dance|p1a: Volcadroga\n|-boost|p1a: Volcadroga|spa|1\n|-boost|p1a: Volcadroga|spd|1\n|-boost|p1a: Volcadroga|spe|1\n|\n|upkeep\n|turn|9\n|\n|t:|1699625932\n|move|p1a: Volcadroga|Bug Buzz|p2a: Dragapult\n|-resisted|p2a: Dragapult\n|-damage|p2a: Dragapult|42\/100\n|move|p2a: Dragapult|Draco Meteor|p1a: Volcadroga\n|-crit|p1a: Volcadroga\n|-damage|p1a: Volcadroga|0 fnt\n|-unboost|p2a: Dragapult|spa|2\n|faint|p1a: Volcadroga\n|\n|upkeep\n|c|\u2606Drixzard|La cague\n|c|\u2606Drixzard|La mate\n|c|\u2606Drixzard|No quer\u00eda eso\n|\n|t:|1699625957\n|switch|p1a: Primarina|Primarina, F|100\/100\n|turn|10\n|\n|t:|1699625967\n|switch|p2a: Kingambit|Kingambit, F|100\/100\n|-activate|p2a: Kingambit|ability: Supreme Overlord\n|-start|p2a: Kingambit|fallen2|[silent]\n|move|p1a: Primarina|Ice Beam|p2a: Kingambit\n|-resisted|p2a: Kingambit\n|-damage|p2a: Kingambit|84\/100\n|\n|-heal|p2a: Kingambit|91\/100|[from] item: Leftovers\n|upkeep\n|turn|11\n|\n|t:|1699625983\n|-terastallize|p2a: Kingambit|Ghost\n|-zpower|p1a: Primarina\n|move|p1a: Primarina|Oceanic Operetta|p2a: Kingambit|[zeffect]\n|-damage|p2a: Kingambit|0 fnt\n|faint|p2a: Kingambit\n|-end|p2a: Kingambit|fallen2|[silent]\n|\n|upkeep\n|\n|t:|1699625991\n|switch|p2a: Annihilape|Annihilape, M|100\/100\n|turn|12\n|\n|t:|1699625999\n|move|p2a: Annihilape|Thunder Punch|p1a: Primarina\n|-supereffective|p1a: Primarina\n|-damage|p1a: Primarina|22\/100\n|-status|p1a: Primarina|par\n|move|p1a: Primarina|Shadow Ball|p2a: Annihilape\n|-supereffective|p2a: Annihilape\n|-damage|p2a: Annihilape|37\/100\n|\n|upkeep\n|turn|13\n|\n|t:|1699626010\n|move|p2a: Annihilape|Thunder Punch|p1a: Primarina\n|-supereffective|p1a: Primarina\n|-damage|p1a: Primarina|0 fnt\n|faint|p1a: Primarina\n|\n|upkeep\n|\n|t:|1699626020\n|switch|p1a: Dragonite|Dragonite, M|100\/100\n|turn|14\n|\n|t:|1699626027\n|move|p2a: Annihilape|Rage Fist|p1a: Dragonite\n|-damage|p1a: Dragonite|71\/100\n|move|p1a: Dragonite|Dragon Claw|p2a: Annihilape\n|-damage|p2a: Annihilape|0 fnt\n|faint|p2a: Annihilape\n|\n|upkeep\n|\n|t:|1699626033\n|switch|p2a: Dragapult|Dragapult, M|42\/100\n|turn|15\n|\n|t:|1699626040\n|move|p2a: Dragapult|Draco Meteor|p1a: Dragonite\n|-supereffective|p1a: Dragonite\n|-damage|p1a: Dragonite|0 fnt\n|-unboost|p2a: Dragapult|spa|2\n|faint|p1a: Dragonite\n|\n|upkeep\n|\n|t:|1699626049\n|switch|p1a: Dragapult|Dragapult, F|100\/100\n|turn|16\n|\n|t:|1699626078\n|-terastallize|p1a: Dragapult|Fairy\n|move|p1a: Dragapult|Shadow Ball|p2a: Dragapult\n|-supereffective|p2a: Dragapult\n|-damage|p2a: Dragapult|0 fnt\n|faint|p2a: Dragapult\n|\n|upkeep\n|\n|t:|1699626080\n|switch|p2a: Skeledirge|Skeledirge, M|100\/100\n|turn|17\n|\n|t:|1699626092\n|move|p1a: Dragapult|Surf|p2a: Skeledirge\n|-supereffective|p2a: Skeledirge\n|-damage|p2a: Skeledirge|40\/100\n|move|p2a: Skeledirge|Torch Song|p1a: Dragapult\n|-damage|p1a: Dragapult|57\/100\n|-boost|p2a: Skeledirge|spa|1\n|\n|upkeep\n|turn|18\n|\n|t:|1699626102\n|move|p1a: Dragapult|Surf|p2a: Skeledirge\n|-supereffective|p2a: Skeledirge\n|-damage|p2a: Skeledirge|0 fnt\n|faint|p2a: Skeledirge\n|\n|win|Graterol882008\n|c|\u2606Graterol882008|Buena\n","uploadtime":1699626127,"views":10,"p1id":"graterol882008","p2id":"drixzard","formatid":"gen9nationaldexubers","rating":0,"private":0,"password":""}