{"id":"gen9nationaldexubers-1979236046","p1":"KarmaNightraide","p2":"TimeausDragonheart","format":"[Gen 9] National Dex Ubers","log":"|j|\u2606KarmaNightraide\n|j|\u2606TimeausDragonheart\n|t:|1698658095\n|gametype|singles\n|player|p1|KarmaNightraide|unknown|\n|player|p2|TimeausDragonheart|101|\n|teamsize|p1|6\n|teamsize|p2|6\n|gen|9\n|tier|[Gen 9] National Dex Ubers\n|rule|HP Percentage Mod: HP is shown in percentages\n|rule|Endless Battle Clause: Forcing endless battles is banned\n|rule|OHKO Clause: OHKO moves are banned\n|rule|Evasion Moves Clause: Evasion moves are banned\n|rule|Evasion Items Clause: Evasion items are banned\n|rule|Species Clause: Limit one of each Pok\u00e9mon\n|rule|Sleep Clause Mod: Limit one foe put to sleep\n|rule|Mega Rayquaza Clause: You cannot mega evolve Rayquaza\n|clearpoke\n|poke|p1|Aegislash, F|\n|poke|p1|Drifblim, M|\n|poke|p1|Ceruledge, M|\n|poke|p1|Runerigus, M|\n|poke|p1|Basculegion, M|\n|poke|p1|Polteageist-Antique|\n|poke|p2|Blastoise, M|\n|poke|p2|Pelipper, F|\n|poke|p2|Rotom-Wash|\n|poke|p2|Samurott-Hisui, F|\n|poke|p2|Ogerpon-Wellspring, F|\n|poke|p2|Torterra, F|\n|teampreview\n|\n|t:|1698658102\n|start\n|switch|p1a: Spot of tea?|Polteageist-Antique|100\/100\n|switch|p2a: Narwal|Samurott-Hisui, F|100\/100\n|turn|1\n|\n|t:|1698658111\n|move|p2a: Narwal|Ceaseless Edge|p1a: Spot of tea?\n|-supereffective|p1a: Spot of tea?\n|-enditem|p1a: Spot of tea?|Focus Sash\n|-damage|p1a: Spot of tea?|1\/100\n|-ability|p1a: Spot of tea?|Weak Armor|boost\n|-unboost|p1a: Spot of tea?|def|1\n|-boost|p1a: Spot of tea?|spe|2\n|-sidestart|p1: KarmaNightraide|Spikes\n|move|p1a: Spot of tea?|Shell Smash|p1a: Spot of tea?\n|-unboost|p1a: Spot of tea?|def|1\n|-unboost|p1a: Spot of tea?|spd|1\n|-boost|p1a: Spot of tea?|atk|2\n|-boost|p1a: Spot of tea?|spa|2\n|-boost|p1a: Spot of tea?|spe|2\n|\n|upkeep\n|turn|2\n|\n|t:|1698658125\n|move|p1a: Spot of tea?|Giga Drain|p2a: Narwal\n|-supereffective|p2a: Narwal\n|-damage|p2a: Narwal|0 fnt\n|-heal|p1a: Spot of tea?|62\/100|[from] drain|[of] p2a: Narwal\n|faint|p2a: Narwal\n|\n|upkeep\n|\n|t:|1698658132\n|switch|p2a: Tortle|Torterra, F|100\/100\n|turn|3\n|\n|t:|1698658159\n|move|p1a: Spot of tea?|Stored Power|p2a: Tortle\n|-damage|p2a: Tortle|0 fnt\n|faint|p2a: Tortle\n|\n|upkeep\n|\n|t:|1698658164\n|switch|p2a: oger porn|Ogerpon-Wellspring, F|100\/100\n|turn|4\n|\n|t:|1698658184\n|move|p1a: Spot of tea?|Stored Power|p2a: oger porn\n|-damage|p2a: oger porn|0 fnt\n|faint|p2a: oger porn\n|\n|upkeep\n|\n|t:|1698658190\n|switch|p2a: Pelican|Pelipper, F|100\/100\n|-weather|RainDance|[from] ability: Drizzle|[of] p2a: Pelican\n|turn|5\n|\n|t:|1698658196\n|move|p1a: Spot of tea?|Giga Drain|p2a: Pelican\n|-crit|p2a: Pelican\n|-damage|p2a: Pelican|0 fnt\n|-heal|p1a: Spot of tea?|100\/100|[from] drain|[of] p2a: Pelican\n|faint|p2a: Pelican\n|\n|-weather|RainDance|[upkeep]\n|upkeep\n|\n|t:|1698658204\n|switch|p2a: Washing machine|Rotom-Wash|100\/100\n|turn|6\n|\n|t:|1698658218\n|move|p1a: Spot of tea?|Giga Drain|p2a: Washing machine\n|-supereffective|p2a: Washing machine\n|-damage|p2a: Washing machine|0 fnt\n|faint|p2a: Washing machine\n|\n|-weather|RainDance|[upkeep]\n|upkeep\n|\n|t:|1698658225\n|switch|p2a: Blurtle|Blastoise, M|100\/100\n|turn|7\n|\n|t:|1698658230\n|detailschange|p2a: Blurtle|Blastoise-Mega, M\n|-mega|p2a: Blurtle|Blastoise|Blastoisinite\n|move|p1a: Spot of tea?|Giga Drain|p2a: Blurtle\n|-supereffective|p2a: Blurtle\n|-damage|p2a: Blurtle|0 fnt\n|faint|p2a: Blurtle\n|\n|win|KarmaNightraide\n","uploadtime":1698658243,"views":12,"p1id":"karmanightraide","p2id":"timeausdragonheart","formatid":"gen9nationaldexubers","rating":0,"private":0,"password":""}