{"id":"gen9nationaldexubers-1986283251","p1":"JustMonika_CARR","p2":"haii x3","format":"[Gen 9] National Dex Ubers","log":"|j|\u2606JustMonika_CARR\n|j|\u2606haii x3\n|t:|1699466032\n|gametype|singles\n|player|p1|JustMonika_CARR|101|1418\n|player|p2|haii x3|rosa-masters|1408\n|teamsize|p1|6\n|teamsize|p2|6\n|gen|9\n|tier|[Gen 9] National Dex Ubers\n|rated|\n|rule|HP Percentage Mod: HP is shown in percentages\n|rule|Endless Battle Clause: Forcing endless battles is banned\n|rule|OHKO Clause: OHKO moves are banned\n|rule|Evasion Moves Clause: Evasion moves are banned\n|rule|Evasion Items Clause: Evasion items are banned\n|rule|Species Clause: Limit one of each Pok\u00e9mon\n|rule|Sleep Clause Mod: Limit one foe put to sleep\n|rule|Mega Rayquaza Clause: You cannot mega evolve Rayquaza\n|clearpoke\n|poke|p1|Marshadow|\n|poke|p1|Lopunny, F|\n|poke|p1|Dialga|\n|poke|p1|Forretress, F|\n|poke|p1|Pheromosa|\n|poke|p1|Grimmsnarl, M|\n|poke|p2|Ditto|\n|poke|p2|Zygarde|\n|poke|p2|Kyogre|\n|poke|p2|Ho-Oh|\n|poke|p2|Marshadow|\n|poke|p2|Groudon|\n|teampreview\n|inactive|Battle timer is ON: inactive players will automatically lose when time's up. (requested by haii x3)\n|\n|t:|1699466048\n|start\n|switch|p1a: Forretress|Forretress, F, shiny|100\/100\n|switch|p2a: Ho-Oh|Ho-Oh, shiny|100\/100\n|turn|1\n|\n|t:|1699466056\n|move|p2a: Ho-Oh|Sacred Fire|p1a: Forretress\n|-supereffective|p1a: Forretress\n|-damage|p1a: Forretress|2\/100\n|-enditem|p1a: Forretress|Red Card|[of] p2a: Ho-Oh\n|drag|p2a: Marshadow|Marshadow|100\/100\n|move|p1a: Forretress|Toxic Spikes|p2a: Marshadow\n|-sidestart|p2: haii x3|move: Toxic Spikes\n|\n|upkeep\n|turn|2\n|\n|t:|1699466072\n|move|p2a: Marshadow|Shadow Sneak|p1a: Forretress\n|-damage|p1a: Forretress|0 fnt\n|faint|p1a: Forretress\n|\n|upkeep\n|\n|t:|1699466077\n|switch|p1a: Lopunny|Lopunny, F, shiny|100\/100\n|turn|3\n|\n|t:|1699466086\n|detailschange|p1a: Lopunny|Lopunny-Mega, F, shiny\n|-mega|p1a: Lopunny|Lopunny|Lopunnite\n|move|p1a: Lopunny|Fake Out|p2a: Marshadow\n|-damage|p2a: Marshadow|72\/100\n|cant|p2a: Marshadow|flinch\n|\n|upkeep\n|turn|4\n|\n|t:|1699466094\n|move|p1a: Lopunny|Close Combat|p2a: Marshadow\n|-damage|p2a: Marshadow|0 fnt\n|-unboost|p1a: Lopunny|def|1\n|-unboost|p1a: Lopunny|spd|1\n|faint|p2a: Marshadow\n|\n|upkeep\n|\n|t:|1699466102\n|switch|p2a: Ho-Oh|Ho-Oh, shiny|100\/100\n|turn|5\n|\n|t:|1699466108\n|switch|p1a: Marshadow|Marshadow|100\/100\n|move|p2a: Ho-Oh|Defog|p1a: Marshadow\n|-unboost|p1a: Marshadow|evasion|1\n|-sideend|p2: haii x3|Toxic Spikes|[from] move: Defog|[of] p2a: Ho-Oh\n|\n|upkeep\n|turn|6\n|\n|t:|1699466115\n|-terastallize|p1a: Marshadow|Rock\n|move|p1a: Marshadow|Rock Tomb|p2a: Ho-Oh\n|-supereffective|p2a: Ho-Oh\n|-damage|p2a: Ho-Oh|0 fnt\n|faint|p2a: Ho-Oh\n|\n|upkeep\n|\n|t:|1699466131\n|switch|p2a: Groudon|Groudon, shiny|100\/100\n|detailschange|p2a: Groudon|Groudon-Primal, shiny\n|-primal|p2a: Groudon|Red Orb\n|-weather|DesolateLand|[from] ability: Desolate Land|[of] p2a: Groudon\n|turn|7\n|\n|t:|1699466138\n|switch|p1a: Grimmsnarl|Grimmsnarl, M, shiny|100\/100\n|move|p2a: Groudon|Rock Polish|p2a: Groudon\n|-boost|p2a: Groudon|spe|2\n|\n|-weather|DesolateLand|[upkeep]\n|upkeep\n|turn|8\n|\n|t:|1699466149\n|move|p1a: Grimmsnarl|Reflect|p1a: Grimmsnarl\n|-sidestart|p1: JustMonika_CARR|Reflect\n|move|p2a: Groudon|Precipice Blades|p1a: Grimmsnarl\n|-damage|p1a: Grimmsnarl|61\/100\n|\n|-weather|DesolateLand|[upkeep]\n|upkeep\n|turn|9\n|\n|t:|1699466159\n|move|p2a: Groudon|Swords Dance|p2a: Groudon\n|-boost|p2a: Groudon|atk|2\n|move|p1a: Grimmsnarl|Spirit Break|p2a: Groudon\n|-resisted|p2a: Groudon\n|-damage|p2a: Groudon|91\/100\n|-unboost|p2a: Groudon|spa|1\n|\n|-weather|DesolateLand|[upkeep]\n|upkeep\n|turn|10\n|\n|t:|1699466167\n|move|p1a: Grimmsnarl|Taunt|p2a: Groudon\n|-start|p2a: Groudon|move: Taunt\n|move|p2a: Groudon|Precipice Blades|p1a: Grimmsnarl\n|-damage|p1a: Grimmsnarl|0 fnt\n|faint|p1a: Grimmsnarl\n|\n|-weather|DesolateLand|[upkeep]\n|upkeep\n|\n|t:|1699466177\n|switch|p1a: Marshadow|Marshadow, tera:Rock|100\/100\n|turn|11\n|\n|t:|1699466181\n|move|p2a: Groudon|Precipice Blades|p1a: Marshadow\n|-supereffective|p1a: Marshadow\n|-enditem|p1a: Marshadow|Focus Sash\n|-damage|p1a: Marshadow|1\/100\n|move|p1a: Marshadow|Spectral Thief||[still]\n|-clearpositiveboost|p2a: Groudon|p1a: Marshadow|move: Spectral Thief\n|-boost|p1a: Marshadow|atk|2\n|-boost|p1a: Marshadow|spe|2\n|-anim|p1a: Marshadow|Spectral Thief|p2a: Groudon\n|-damage|p2a: Groudon|40\/100\n|\n|-weather|DesolateLand|[upkeep]\n|upkeep\n|turn|12\n|\n|t:|1699466197\n|move|p1a: Marshadow|Spectral Thief|p2a: Groudon\n|-damage|p2a: Groudon|0 fnt\n|faint|p2a: Groudon\n|-weather|none\n|\n|upkeep\n|\n|t:|1699466202\n|switch|p2a: Ditto|Ditto, shiny|100\/100\n|-transform|p2a: Ditto|p1a: Marshadow|[from] ability: Imposter\n|turn|13\n|\n|t:|1699466219\n|switch|p1a: Lopunny|Lopunny-Mega, F, shiny|100\/100\n|move|p2a: Ditto|Shadow Sneak|p1a: Lopunny\n|-immune|p1a: Lopunny\n|\n|upkeep\n|turn|14\n|\n|t:|1699466226\n|switch|p2a: Kyogre|Kyogre, shiny|100\/100\n|detailschange|p2a: Kyogre|Kyogre-Primal, shiny\n|-primal|p2a: Kyogre|Blue Orb\n|-weather|PrimordialSea|[from] ability: Primordial Sea|[of] p2a: Kyogre\n|move|p1a: Lopunny|Power-Up Punch|p2a: Kyogre\n|-damage|p2a: Kyogre|77\/100\n|-boost|p1a: Lopunny|atk|1\n|\n|-weather|PrimordialSea|[upkeep]\n|upkeep\n|turn|15\n|\n|t:|1699466244\n|move|p1a: Lopunny|Return|p2a: Kyogre\n|-damage|p2a: Kyogre|0 fnt\n|faint|p2a: Kyogre\n|-weather|none\n|\n|-sideend|p1: JustMonika_CARR|Reflect\n|upkeep\n|\n|t:|1699466249\n|switch|p2a: Ditto|Ditto, shiny|100\/100\n|-transform|p2a: Ditto|p1a: Lopunny|[from] ability: Imposter\n|turn|16\n|\n|t:|1699466256\n|switch|p1a: Marshadow|Marshadow, tera:Rock|1\/100\n|move|p2a: Ditto|Close Combat|p1a: Marshadow\n|-supereffective|p1a: Marshadow\n|-damage|p1a: Marshadow|0 fnt\n|-unboost|p2a: Ditto|def|1\n|-unboost|p2a: Ditto|spd|1\n|faint|p1a: Marshadow\n|\n|upkeep\n|\n|t:|1699466277\n|switch|p1a: Pheromosa|Pheromosa, shiny|100\/100\n|turn|17\n|\n|t:|1699466285\n|move|p2a: Ditto|Close Combat|p1a: Pheromosa\n|-resisted|p1a: Pheromosa\n|-enditem|p1a: Pheromosa|Focus Sash\n|-damage|p1a: Pheromosa|1\/100\n|-unboost|p2a: Ditto|def|1\n|-unboost|p2a: Ditto|spd|1\n|move|p1a: Pheromosa|Close Combat|p2a: Ditto\n|-supereffective|p2a: Ditto\n|-damage|p2a: Ditto|0 fnt\n|-unboost|p1a: Pheromosa|def|1\n|-unboost|p1a: Pheromosa|spd|1\n|faint|p2a: Ditto\n|-ability|p1a: Pheromosa|Beast Boost|boost\n|-boost|p1a: Pheromosa|spa|1\n|\n|upkeep\n|\n|t:|1699466295\n|switch|p2a: Zygarde|Zygarde, shiny|100\/100\n|turn|18\n|\n|t:|1699466305\n|move|p1a: Pheromosa|Ice Beam|p2a: Zygarde\n|-supereffective|p2a: Zygarde\n|-damage|p2a: Zygarde|0 fnt\n|faint|p2a: Zygarde\n|\n|win|JustMonika_CARR\n|raw|JustMonika_CARR's rating: 1418 &rarr; <strong>1437<\/strong><br \/>(+19 for winning)\n|raw|haii x3's rating: 1408 &rarr; <strong>1389<\/strong><br \/>(-19 for losing)\n|c|\u2606JustMonika_CARR|Gg\n","uploadtime":1699466318,"views":4,"p1id":"justmonikacarr","p2id":"haiix3","formatid":"gen9nationaldexubers","rating":1389,"private":0,"password":""}