{"id":"gen9nationaldexubers-1993685405","p1":"flamezz69","p2":"joshuajcr","format":"[Gen 9] National Dex Ubers","log":"|j|\u2606flamezz69\n|j|\u2606joshuajcr\n|t:|1700345402\n|gametype|singles\n|player|p1|flamezz69|lucas|\n|player|p2|joshuajcr|dawn-gen4pt|\n|teamsize|p1|6\n|teamsize|p2|6\n|gen|9\n|tier|[Gen 9] National Dex Ubers\n|rule|HP Percentage Mod: HP is shown in percentages\n|rule|Endless Battle Clause: Forcing endless battles is banned\n|rule|OHKO Clause: OHKO moves are banned\n|rule|Evasion Moves Clause: Evasion moves are banned\n|rule|Evasion Items Clause: Evasion items are banned\n|rule|Species Clause: Limit one of each Pok\u00e9mon\n|rule|Sleep Clause Mod: Limit one foe put to sleep\n|rule|Mega Rayquaza Clause: You cannot mega evolve Rayquaza\n|clearpoke\n|poke|p1|Baxcalibur, F|\n|poke|p1|Dracovish|\n|poke|p1|Beedrill, M|\n|poke|p1|Pelipper, F|\n|poke|p1|Ludicolo, M|\n|poke|p1|Regieleki|\n|poke|p2|Iron Leaves|\n|poke|p2|Lopunny, M|\n|poke|p2|Whimsicott, M|\n|poke|p2|Chi-Yu|\n|poke|p2|Vespiquen, F|\n|poke|p2|Glimmora, F|\n|teampreview\n|\n|t:|1700345413\n|start\n|switch|p1a: Regieleki|Regieleki|100\/100\n|switch|p2a: Whimsicott|Whimsicott, M|100\/100\n|-item|p1a: Regieleki|Air Balloon\n|turn|1\n|\n|t:|1700345430\n|move|p2a: Whimsicott|Cotton Guard|p2a: Whimsicott\n|-boost|p2a: Whimsicott|def|3\n|move|p1a: Regieleki|Light Screen|p1a: Regieleki\n|-sidestart|p1: flamezz69|move: Light Screen\n|\n|upkeep\n|turn|2\n|\n|t:|1700345435\n|move|p2a: Whimsicott|Encore|p1a: Regieleki\n|-start|p1a: Regieleki|Encore\n|move|p1a: Regieleki|Light Screen||[still]\n|-fail|p1a: Regieleki\n|\n|upkeep\n|turn|3\n|\n|t:|1700345445\n|switch|p1a: Beedrill|Beedrill, M|100\/100\n|move|p2a: Whimsicott|Moonblast|p1a: Beedrill\n|-resisted|p1a: Beedrill\n|-damage|p1a: Beedrill|87\/100\n|\n|upkeep\n|turn|4\n|\n|t:|1700345474\n|detailschange|p1a: Beedrill|Beedrill-Mega, M\n|-mega|p1a: Beedrill|Beedrill|Beedrillite\n|move|p2a: Whimsicott|Tailwind|p2a: Whimsicott\n|-sidestart|p2: joshuajcr|move: Tailwind\n|move|p1a: Beedrill|Poison Jab|p2a: Whimsicott\n|-supereffective|p2a: Whimsicott\n|-damage|p2a: Whimsicott|0 fnt\n|-damage|p1a: Beedrill|71\/100|[from] item: Rocky Helmet|[of] p2a: Whimsicott\n|faint|p2a: Whimsicott\n|\n|upkeep\n|\n|t:|1700345515\n|switch|p2a: Chi-Yu|Chi-Yu|100\/100\n|-ability|p2a: Chi-Yu|Beads of Ruin\n|turn|5\n|\n|t:|1700345526\n|switch|p1a: Pelipper|Pelipper, F|100\/100\n|-weather|RainDance|[from] ability: Drizzle|[of] p1a: Pelipper\n|move|p2a: Chi-Yu|Flamethrower|p1a: Pelipper\n|-resisted|p1a: Pelipper\n|-damage|p1a: Pelipper|83\/100\n|\n|-weather|RainDance|[upkeep]\n|-sideend|p1: flamezz69|move: Light Screen\n|upkeep\n|turn|6\n|\n|t:|1700345566\n|switch|p2a: Vespiquen|Vespiquen, F|100\/100\n|-ability|p2a: Vespiquen|Pressure\n|move|p1a: Pelipper|U-turn|p2a: Vespiquen\n|-resisted|p2a: Vespiquen\n|-damage|p2a: Vespiquen|97\/100\n|\n|t:|1700345585\n|switch|p1a: Baxcalibur|Baxcalibur, F|100\/100|[from] U-turn\n|\n|-weather|RainDance|[upkeep]\n|-heal|p2a: Vespiquen|100\/100|[from] item: Leftovers\n|upkeep\n|turn|7\n|\n|t:|1700345661\n|switch|p2a: Iron Leaves|Iron Leaves|100\/100\n|move|p1a: Baxcalibur|Icicle Spear|p2a: Iron Leaves\n|-supereffective|p2a: Iron Leaves\n|-damage|p2a: Iron Leaves|65\/100\n|-supereffective|p2a: Iron Leaves\n|-damage|p2a: Iron Leaves|27\/100\n|-supereffective|p2a: Iron Leaves\n|-damage|p2a: Iron Leaves|0 fnt\n|faint|p2a: Iron Leaves\n|-end|p2a: Iron Leaves|Quark Drive|[silent]\n|-hitcount|p2: Iron Leaves|3\n|\n|-weather|RainDance|[upkeep]\n|-sideend|p2: joshuajcr|move: Tailwind\n|upkeep\n|\n|t:|1700345708\n|switch|p2a: Glimmora|Glimmora, F|100\/100\n|turn|8\n|\n|t:|1700345726\n|switch|p1a: Regieleki|Regieleki|100\/100\n|-item|p1a: Regieleki|Air Balloon\n|move|p2a: Glimmora|Stealth Rock|p1a: Regieleki\n|-sidestart|p1: flamezz69|move: Stealth Rock\n|\n|-weather|RainDance|[upkeep]\n|upkeep\n|turn|9\n|\n|t:|1700345734\n|move|p1a: Regieleki|Light Screen|p1a: Regieleki\n|-sidestart|p1: flamezz69|move: Light Screen\n|move|p2a: Glimmora|Mortal Spin|p1a: Regieleki\n|-damage|p1a: Regieleki|91\/100\n|-status|p1a: Regieleki|psn\n|-enditem|p1a: Regieleki|Air Balloon\n|\n|-weather|RainDance|[upkeep]\n|-damage|p1a: Regieleki|78\/100 psn|[from] psn\n|upkeep\n|turn|10\n|\n|t:|1700345749\n|switch|p2a: Vespiquen|Vespiquen, F|100\/100\n|-ability|p2a: Vespiquen|Pressure\n|move|p1a: Regieleki|Reflect|p1a: Regieleki\n|-sidestart|p1: flamezz69|Reflect\n|\n|-weather|RainDance|[upkeep]\n|-damage|p1a: Regieleki|66\/100 psn|[from] psn\n|upkeep\n|turn|11\n|\n|t:|1700345757\n|move|p1a: Regieleki|Rapid Spin|p2a: Vespiquen\n|-crit|p2a: Vespiquen\n|-damage|p2a: Vespiquen|88\/100\n|-boost|p1a: Regieleki|spe|1\n|-sideend|p1: flamezz69|Stealth Rock|[from] move: Rapid Spin|[of] p1a: Regieleki\n|move|p2a: Vespiquen|Substitute|p2a: Vespiquen\n|-start|p2a: Vespiquen|Substitute\n|-damage|p2a: Vespiquen|63\/100\n|\n|-weather|RainDance|[upkeep]\n|-heal|p2a: Vespiquen|69\/100|[from] item: Leftovers\n|-damage|p1a: Regieleki|54\/100 psn|[from] psn\n|upkeep\n|turn|12\n|j| sensei41\n|\n|t:|1700345769\n|move|p1a: Regieleki|Volt Switch|p2a: Vespiquen\n|-supereffective|p2a: Vespiquen\n|-end|p2a: Vespiquen|Substitute\n|\n|t:|1700345773\n|switch|p1a: Baxcalibur|Baxcalibur, F|100\/100|[from] Volt Switch\n|move|p2a: Vespiquen|Heal Order|p2a: Vespiquen\n|-heal|p2a: Vespiquen|100\/100\n|\n|-weather|none\n|upkeep\n|turn|13\n|\n|t:|1700345781\n|switch|p2a: Glimmora|Glimmora, F|100\/100\n|move|p1a: Baxcalibur|Icicle Spear|p2a: Glimmora\n|-damage|p2a: Glimmora|81\/100\n|-activate|p2a: Glimmora|ability: Toxic Debris\n|-sidestart|p1: flamezz69|move: Toxic Spikes\n|-damage|p2a: Glimmora|62\/100\n|-activate|p2a: Glimmora|ability: Toxic Debris\n|-sidestart|p1: flamezz69|move: Toxic Spikes\n|-damage|p2a: Glimmora|42\/100\n|-damage|p2a: Glimmora|24\/100\n|-hitcount|p2a: Glimmora|4\n|\n|-sideend|p1: flamezz69|move: Light Screen\n|upkeep\n|turn|14\n|\n|t:|1700345812\n|switch|p1a: Pelipper|Pelipper, F|83\/100\n|-weather|RainDance|[from] ability: Drizzle|[of] p1a: Pelipper\n|move|p2a: Glimmora|Mortal Spin|p1a: Pelipper\n|-damage|p1a: Pelipper|80\/100\n|-status|p1a: Pelipper|psn\n|\n|-weather|RainDance|[upkeep]\n|-damage|p1a: Pelipper|68\/100 psn|[from] psn\n|-sideend|p1: flamezz69|Reflect\n|upkeep\n|turn|15\n|\n|t:|1700345832\n|move|p2a: Glimmora|Power Gem|p1a: Pelipper\n|-supereffective|p1a: Pelipper\n|-damage|p1a: Pelipper|0 fnt\n|faint|p1a: Pelipper\n|\n|-weather|RainDance|[upkeep]\n|upkeep\n|\n|t:|1700345839\n|switch|p1a: Ludicolo|Ludicolo, M|100\/100\n|-status|p1a: Ludicolo|tox\n|turn|16\n|\n|t:|1700345851\n|-terastallize|p1a: Ludicolo|Water\n|move|p1a: Ludicolo|Weather Ball|p2a: Glimmora\n|-supereffective|p2a: Glimmora\n|-damage|p2a: Glimmora|0 fnt\n|faint|p2a: Glimmora\n|-damage|p1a: Ludicolo|91\/100 tox|[from] item: Life Orb\n|\n|-weather|RainDance|[upkeep]\n|-damage|p1a: Ludicolo|85\/100 tox|[from] psn\n|upkeep\n|\n|t:|1700345891\n|switch|p2a: Chi-Yu|Chi-Yu|100\/100\n|-ability|p2a: Chi-Yu|Beads of Ruin\n|turn|17\n|\n|t:|1700345895\n|move|p1a: Ludicolo|Weather Ball|p2a: Chi-Yu\n|-supereffective|p2a: Chi-Yu\n|-damage|p2a: Chi-Yu|0 fnt\n|faint|p2a: Chi-Yu\n|-damage|p1a: Ludicolo|75\/100 tox|[from] item: Life Orb\n|\n|-weather|RainDance|[upkeep]\n|-damage|p1a: Ludicolo|63\/100 tox|[from] psn\n|upkeep\n|\n|t:|1700345917\n|switch|p2a: Vespiquen|Vespiquen, F|100\/100\n|-ability|p2a: Vespiquen|Pressure\n|turn|18\n|\n|t:|1700345923\n|move|p1a: Ludicolo|Weather Ball|p2a: Vespiquen\n|-damage|p2a: Vespiquen|3\/100\n|-damage|p1a: Ludicolo|53\/100 tox|[from] item: Life Orb\n|move|p2a: Vespiquen|Substitute|p2a: Vespiquen\n|-fail|p2a: Vespiquen|move: Substitute|[weak]\n|\n|-weather|RainDance|[upkeep]\n|-heal|p2a: Vespiquen|9\/100|[from] item: Leftovers\n|-damage|p1a: Ludicolo|35\/100 tox|[from] psn\n|upkeep\n|turn|19\n|\n|t:|1700345934\n|move|p1a: Ludicolo|Weather Ball|p2a: Vespiquen\n|-damage|p2a: Vespiquen|0 fnt\n|faint|p2a: Vespiquen\n|-damage|p1a: Ludicolo|25\/100 tox|[from] item: Life Orb\n|\n|-weather|RainDance|[upkeep]\n|-damage|p1a: Ludicolo|1\/100 tox|[from] psn\n|upkeep\n|\n|t:|1700345951\n|switch|p2a: Lopunny|Lopunny, M|100\/100\n|turn|20\n|\n|t:|1700345960\n|move|p1a: Ludicolo|Weather Ball|p2a: Lopunny\n|-damage|p2a: Lopunny|0 fnt\n|faint|p2a: Lopunny\n|-damage|p1a: Ludicolo|0 fnt|[from] item: Life Orb\n|faint|p1a: Ludicolo\n|\n|win|flamezz69\n","uploadtime":1700345970,"views":66,"p1id":"flamezz69","p2id":"joshuajcr","formatid":"gen9nationaldexubers","rating":0,"private":0,"password":""}