{"id":"gen9nationaldexubers-1995536259","p1":"BallBuster87","p2":"Aphgale","format":"[Gen 9] National Dex Ubers","log":"|j|\u2606BallBuster87\n|j|\u2606Aphgale\n|t:|1700580800\n|gametype|singles\n|player|p1|BallBuster87|crasherwake|1211\n|player|p2|Aphgale|dahlia|1388\n|teamsize|p1|6\n|teamsize|p2|6\n|gen|9\n|tier|[Gen 9] National Dex Ubers\n|rated|\n|rule|HP Percentage Mod: HP is shown in percentages\n|rule|Endless Battle Clause: Forcing endless battles is banned\n|rule|OHKO Clause: OHKO moves are banned\n|rule|Evasion Moves Clause: Evasion moves are banned\n|rule|Evasion Items Clause: Evasion items are banned\n|rule|Species Clause: Limit one of each Pok\u00e9mon\n|rule|Sleep Clause Mod: Limit one foe put to sleep\n|rule|Mega Rayquaza Clause: You cannot mega evolve Rayquaza\n|clearpoke\n|poke|p1|Chien-Pao|\n|poke|p1|Groudon|\n|poke|p1|Magnezone|\n|poke|p1|Kyogre|\n|poke|p1|Basculegion, M|\n|poke|p1|Annihilape, F|\n|poke|p2|Clodsire, M|\n|poke|p2|Dondozo, F|\n|poke|p2|Landorus, M|\n|poke|p2|Darmanitan-Galar, F|\n|poke|p2|Kingambit, F|\n|poke|p2|Zacian-*|\n|teampreview\n|\n|t:|1700580826\n|start\n|switch|p1a: Groudon|Groudon|100\/100\n|switch|p2a: Clodsire|Clodsire, M|100\/100\n|detailschange|p1a: Groudon|Groudon-Primal\n|-primal|p1a: Groudon|Red Orb\n|-weather|DesolateLand|[from] ability: Desolate Land|[of] p1a: Groudon\n|turn|1\n|inactive|Battle timer is ON: inactive players will automatically lose when time's up. (requested by BallBuster87)\n|\n|t:|1700580837\n|switch|p2a: Landorus|Landorus, M|100\/100\n|move|p1a: Groudon|Swords Dance|p1a: Groudon\n|-boost|p1a: Groudon|atk|2\n|\n|-weather|DesolateLand|[upkeep]\n|upkeep\n|turn|2\n|\n|t:|1700580844\n|move|p2a: Landorus|Earth Power|p1a: Groudon\n|-supereffective|p1a: Groudon\n|-damage|p1a: Groudon|0 fnt\n|faint|p1a: Groudon\n|-weather|none\n|\n|upkeep\n|\n|t:|1700580848\n|switch|p1a: Chien-Pao|Chien-Pao|100\/100\n|-ability|p1a: Chien-Pao|Sword of Ruin\n|turn|3\n|\n|t:|1700580853\n|switch|p2a: Dondozo|Dondozo, F|100\/100\n|move|p1a: Chien-Pao|Ice Spinner|p2a: Dondozo\n|-resisted|p2a: Dondozo\n|-damage|p2a: Dondozo|83\/100\n|-damage|p1a: Chien-Pao|91\/100|[from] item: Life Orb\n|\n|-heal|p2a: Dondozo|90\/100|[from] item: Leftovers\n|upkeep\n|turn|4\n|\n|t:|1700580865\n|switch|p1a: Magnezone|Magnezone|100\/100\n|-item|p1a: Magnezone|Air Balloon\n|move|p2a: Dondozo|Wave Crash|p1a: Magnezone\n|-damage|p1a: Magnezone|61\/100\n|-enditem|p1a: Magnezone|Air Balloon\n|-damage|p2a: Dondozo|81\/100|[from] Recoil\n|\n|-heal|p2a: Dondozo|87\/100|[from] item: Leftovers\n|upkeep\n|turn|5\n|\n|t:|1700580876\n|switch|p2a: Clodsire|Clodsire, M|100\/100\n|move|p1a: Magnezone|Thunderbolt|p2a: Clodsire\n|-immune|p2a: Clodsire\n|\n|upkeep\n|turn|6\n|\n|t:|1700580892\n|switch|p1a: Kyogre|Kyogre|100\/100\n|-weather|RainDance|[from] ability: Drizzle|[of] p1a: Kyogre\n|move|p2a: Clodsire|Stealth Rock|p1a: Kyogre\n|-sidestart|p1: BallBuster87|move: Stealth Rock\n|\n|-weather|RainDance|[upkeep]\n|upkeep\n|turn|7\n|\n|t:|1700580911\n|switch|p2a: Zacian|Zacian-Crowned|100\/100\n|-ability|p2a: Zacian|Intrepid Sword|boost\n|-boost|p2a: Zacian|atk|1\n|move|p1a: Kyogre|Calm Mind|p1a: Kyogre\n|-boost|p1a: Kyogre|spa|1\n|-boost|p1a: Kyogre|spd|1\n|\n|-weather|RainDance|[upkeep]\n|upkeep\n|turn|8\n|\n|t:|1700580920\n|-terastallize|p1a: Kyogre|Electric\n|move|p2a: Zacian|Play Rough|p1a: Kyogre\n|-damage|p1a: Kyogre|28\/100\n|move|p1a: Kyogre|Thunder|p2a: Zacian\n|-damage|p2a: Zacian|4\/100\n|\n|-weather|RainDance|[upkeep]\n|upkeep\n|turn|9\n|\n|t:|1700580930\n|move|p2a: Zacian|Play Rough|p1a: Kyogre\n|-damage|p1a: Kyogre|0 fnt\n|faint|p1a: Kyogre\n|\n|-weather|RainDance|[upkeep]\n|upkeep\n|\n|t:|1700580936\n|switch|p1a: Basculegion|Basculegion, M|100\/100\n|-damage|p1a: Basculegion|88\/100|[from] Stealth Rock\n|turn|10\n|\n|t:|1700580943\n|switch|p2a: Dondozo|Dondozo, F|87\/100\n|move|p1a: Basculegion|Aqua Jet|p2a: Dondozo\n|-resisted|p2a: Dondozo\n|-damage|p2a: Dondozo|79\/100\n|\n|-weather|RainDance|[upkeep]\n|-heal|p2a: Dondozo|85\/100|[from] item: Leftovers\n|upkeep\n|turn|11\n|inactive|BallBuster87 has 120 seconds left.\n|\n|t:|1700580980\n|switch|p1a: Magnezone|Magnezone|61\/100\n|-damage|p1a: Magnezone|55\/100|[from] Stealth Rock\n|move|p2a: Dondozo|Wave Crash|p1a: Magnezone\n|-damage|p1a: Magnezone|0 fnt\n|faint|p1a: Magnezone\n|-damage|p2a: Dondozo|73\/100|[from] Recoil\n|\n|-weather|RainDance|[upkeep]\n|-heal|p2a: Dondozo|79\/100|[from] item: Leftovers\n|upkeep\n|\n|t:|1700580990\n|switch|p1a: Annihilape|Annihilape, F|100\/100\n|-damage|p1a: Annihilape|94\/100|[from] Stealth Rock\n|turn|12\n|inactive|BallBuster87 has 120 seconds left.\n|\n|t:|1700581004\n|move|p1a: Annihilape|Close Combat|p2a: Dondozo\n|-damage|p2a: Dondozo|42\/100\n|-unboost|p1a: Annihilape|def|1\n|-unboost|p1a: Annihilape|spd|1\n|-damage|p1a: Annihilape|84\/100|[from] item: Life Orb\n|move|p2a: Dondozo|Curse|p2a: Dondozo\n|-unboost|p2a: Dondozo|spe|1\n|-boost|p2a: Dondozo|atk|1\n|-boost|p2a: Dondozo|def|1\n|\n|-weather|RainDance|[upkeep]\n|-heal|p2a: Dondozo|48\/100|[from] item: Leftovers\n|upkeep\n|turn|13\n|inactive|BallBuster87 has 120 seconds left.\n|\n|t:|1700581015\n|move|p1a: Annihilape|Close Combat|p2a: Dondozo\n|-damage|p2a: Dondozo|25\/100\n|-unboost|p1a: Annihilape|def|1\n|-unboost|p1a: Annihilape|spd|1\n|-damage|p1a: Annihilape|74\/100|[from] item: Life Orb\n|move|p2a: Dondozo|Rest|p2a: Dondozo\n|-status|p2a: Dondozo|slp|[from] move: Rest\n|-heal|p2a: Dondozo|100\/100 slp|[silent]\n|\n|-weather|none\n|upkeep\n|turn|14\n|inactive|BallBuster87 has 120 seconds left.\n|\n|t:|1700581024\n|move|p1a: Annihilape|Bulk Up|p1a: Annihilape\n|-boost|p1a: Annihilape|atk|1\n|-boost|p1a: Annihilape|def|1\n|cant|p2a: Dondozo|slp\n|move|p2a: Dondozo|Sleep Talk|p2a: Dondozo\n|move|p2a: Dondozo|Rest||[from]move: Sleep Talk|[still]\n|-fail|p2a: Dondozo\n|\n|upkeep\n|turn|15\n|\n|t:|1700581031\n|move|p1a: Annihilape|Bulk Up|p1a: Annihilape\n|-boost|p1a: Annihilape|atk|1\n|-boost|p1a: Annihilape|def|1\n|cant|p2a: Dondozo|slp\n|move|p2a: Dondozo|Sleep Talk|p2a: Dondozo\n|move|p2a: Dondozo|Curse|p2a: Dondozo|[from]move: Sleep Talk\n|-unboost|p2a: Dondozo|spe|1\n|-boost|p2a: Dondozo|atk|1\n|-boost|p2a: Dondozo|def|1\n|\n|upkeep\n|turn|16\n|c|\u2606Aphgale|im unaware of what your doing\n|\n|t:|1700581049\n|move|p1a: Annihilape|Close Combat|p2a: Dondozo\n|-damage|p2a: Dondozo|83\/100 slp\n|-unboost|p1a: Annihilape|def|1\n|-unboost|p1a: Annihilape|spd|1\n|-damage|p1a: Annihilape|64\/100|[from] item: Life Orb\n|-curestatus|p2a: Dondozo|slp|[msg]\n|move|p2a: Dondozo|Curse|p2a: Dondozo\n|-unboost|p2a: Dondozo|spe|1\n|-boost|p2a: Dondozo|atk|1\n|-boost|p2a: Dondozo|def|1\n|\n|-heal|p2a: Dondozo|89\/100|[from] item: Leftovers\n|upkeep\n|turn|17\n|c|\u2606BallBuster87|I dunno how to play this game man\n|inactive|BallBuster87 has 120 seconds left.\n|\n|t:|1700581064\n|switch|p1a: Basculegion|Basculegion, M|88\/100\n|-damage|p1a: Basculegion|76\/100|[from] Stealth Rock\n|move|p2a: Dondozo|Curse|p2a: Dondozo\n|-unboost|p2a: Dondozo|spe|1\n|-boost|p2a: Dondozo|atk|1\n|-boost|p2a: Dondozo|def|1\n|\n|-heal|p2a: Dondozo|95\/100|[from] item: Leftovers\n|upkeep\n|turn|18\n|c|\u2606Aphgale|boosting is useless\n|c|\u2606Aphgale|im using a physical wall here\n|\n|t:|1700581079\n|move|p1a: Basculegion|Last Respects|p2a: Dondozo\n|-damage|p2a: Dondozo|79\/100\n|move|p2a: Dondozo|Curse|p2a: Dondozo\n|-unboost|p2a: Dondozo|spe|1\n|-boost|p2a: Dondozo|atk|1\n|-boost|p2a: Dondozo|def|1\n|\n|-heal|p2a: Dondozo|85\/100|[from] item: Leftovers\n|upkeep\n|turn|19\n|inactive|BallBuster87 has 120 seconds left.\n|c|\u2606Aphgale|1151 def\n|\n|t:|1700581100\n|switch|p1a: Annihilape|Annihilape, F|64\/100\n|-damage|p1a: Annihilape|58\/100|[from] Stealth Rock\n|move|p2a: Dondozo|Curse|p2a: Dondozo\n|-unboost|p2a: Dondozo|spe|1\n|-boost|p2a: Dondozo|atk|1\n|-boost|p2a: Dondozo|def|1\n|\n|-heal|p2a: Dondozo|92\/100|[from] item: Leftovers\n|upkeep\n|turn|20\n|inactive|BallBuster87 has 120 seconds left.\n|\n|t:|1700581110\n|move|p1a: Annihilape|Acrobatics|p2a: Dondozo\n|-damage|p2a: Dondozo|88\/100\n|-damage|p1a: Annihilape|48\/100|[from] item: Life Orb\n|move|p2a: Dondozo|Wave Crash|p1a: Annihilape\n|-damage|p1a: Annihilape|0 fnt\n|faint|p1a: Annihilape\n|-damage|p2a: Dondozo|77\/100|[from] Recoil\n|\n|-heal|p2a: Dondozo|83\/100|[from] item: Leftovers\n|upkeep\n|inactive|BallBuster87 has 120 seconds left.\n|\n|t:|1700581120\n|switch|p1a: Chien-Pao|Chien-Pao|91\/100\n|-damage|p1a: Chien-Pao|66\/100|[from] Stealth Rock\n|-ability|p1a: Chien-Pao|Sword of Ruin\n|turn|21\n|c|\u2606Aphgale|gg\n|c|\u2606BallBuster87|gg\n|inactive|BallBuster87 has 120 seconds left.\n|\n|t:|1700581128\n|-terastallize|p2a: Dondozo|Fairy\n|move|p1a: Chien-Pao|Crunch|p2a: Dondozo\n|-resisted|p2a: Dondozo\n|-damage|p2a: Dondozo|79\/100\n|-damage|p1a: Chien-Pao|56\/100|[from] item: Life Orb\n|move|p2a: Dondozo|Wave Crash|p1a: Chien-Pao\n|-damage|p1a: Chien-Pao|0 fnt\n|faint|p1a: Chien-Pao\n|-damage|p2a: Dondozo|68\/100|[from] Recoil\n|\n|-heal|p2a: Dondozo|74\/100|[from] item: Leftovers\n|upkeep\n|inactive|BallBuster87 has 120 seconds left.\n|\n|t:|1700581139\n|switch|p1a: Basculegion|Basculegion, M|76\/100\n|-damage|p1a: Basculegion|63\/100|[from] Stealth Rock\n|turn|22\n|inactive|BallBuster87 has 120 seconds left.\n|\n|t:|1700581144\n|move|p1a: Basculegion|Last Respects|p2a: Dondozo\n|-damage|p2a: Dondozo|53\/100\n|move|p2a: Dondozo|Wave Crash|p1a: Basculegion\n|-resisted|p1a: Basculegion\n|-damage|p1a: Basculegion|0 fnt\n|faint|p1a: Basculegion\n|-damage|p2a: Dondozo|38\/100|[from] Recoil\n|\n|win|Aphgale\n|raw|BallBuster87's rating: 1211 &rarr; <strong>1198<\/strong><br \/>(-13 for losing)\n|raw|Aphgale's rating: 1388 &rarr; <strong>1399<\/strong><br \/>(+11 for winning)\n|l|\u2606BallBuster87\n","uploadtime":1700581152,"views":5,"p1id":"ballbuster87","p2id":"aphgale","formatid":"gen9nationaldexubers","rating":1198,"private":0,"password":""}