{"id":"gen9nationaldexubers-1993190742","p1":"TrafalgarLaw6969","p2":"Danfire1045","format":"[Gen 9] National Dex Ubers","log":"|j|\u2606TrafalgarLaw6969\n|j|\u2606Danfire1045\n|t:|1700275944\n|gametype|singles\n|player|p1|TrafalgarLaw6969|101|\n|player|p2|Danfire1045|102|\n|teamsize|p1|6\n|teamsize|p2|6\n|gen|9\n|tier|[Gen 9] National Dex Ubers\n|rule|HP Percentage Mod: HP is shown in percentages\n|rule|Endless Battle Clause: Forcing endless battles is banned\n|rule|OHKO Clause: OHKO moves are banned\n|rule|Evasion Moves Clause: Evasion moves are banned\n|rule|Evasion Items Clause: Evasion items are banned\n|rule|Species Clause: Limit one of each Pok\u00e9mon\n|rule|Sleep Clause Mod: Limit one foe put to sleep\n|rule|Mega Rayquaza Clause: You cannot mega evolve Rayquaza\n|clearpoke\n|poke|p1|Toxapex, M|\n|poke|p1|Mienshao, F|\n|poke|p1|Tyranitar, F|\n|poke|p1|Decidueye, F|\n|poke|p1|Meowscarada, F|\n|poke|p1|Ting-Lu|\n|poke|p2|Samurott-Hisui, F|\n|poke|p2|Decidueye-Hisui, M|\n|poke|p2|Gliscor, M|\n|poke|p2|Torterra, M|\n|poke|p2|Ribombee, M|\n|poke|p2|Salazzle, F|\n|teampreview\n|\n|t:|1700275960\n|start\n|switch|p1a: Decidueye|Decidueye, F|100\/100\n|switch|p2a: SpooderWemon|Ribombee, M, shiny|100\/100\n|turn|1\n|\n|t:|1700275980\n|switch|p1a: Toxapex|Toxapex, M|100\/100\n|move|p2a: SpooderWemon|Sticky Web|p1a: Toxapex\n|-sidestart|p1: TrafalgarLaw6969|move: Sticky Web\n|\n|upkeep\n|turn|2\n|\n|t:|1700275987\n|switch|p2a: Toxic-Relationship|Salazzle, F|100\/100\n|move|p1a: Toxapex|Baneful Bunker||[still]\n|-fail|p1a: Toxapex\n|\n|upkeep\n|turn|3\n|\n|t:|1700275994\n|move|p2a: Toxic-Relationship|Toxic|p1a: Toxapex\n|-status|p1a: Toxapex|tox\n|move|p1a: Toxapex|Toxic|p2a: Toxic-Relationship\n|-immune|p2a: Toxic-Relationship\n|\n|-damage|p1a: Toxapex|94\/100 tox|[from] psn\n|upkeep\n|turn|4\n|\n|t:|1700276023\n|switch|p2a: Arlong|Samurott-Hisui, F, shiny|100\/100\n|move|p1a: Toxapex|Recover|p1a: Toxapex\n|-heal|p1a: Toxapex|100\/100 tox\n|\n|-damage|p1a: Toxapex|88\/100 tox|[from] psn\n|upkeep\n|turn|5\n|\n|t:|1700276032\n|switch|p1a: Mienshao|Mienshao, F|100\/100\n|-activate|p1a: Mienshao|move: Sticky Web\n|-unboost|p1a: Mienshao|spe|1\n|move|p2a: Arlong|Ceaseless Edge|p1a: Mienshao\n|-resisted|p1a: Mienshao\n|-damage|p1a: Mienshao|62\/100\n|-sidestart|p1: TrafalgarLaw6969|Spikes\n|\n|upkeep\n|turn|6\n|\n|t:|1700276050\n|move|p1a: Mienshao|Stone Edge|p2a: Arlong\n|-damage|p2a: Arlong|58\/100\n|move|p2a: Arlong|Air Slash|p1a: Mienshao\n|-supereffective|p1a: Mienshao\n|-damage|p1a: Mienshao|0 fnt\n|faint|p1a: Mienshao\n|\n|upkeep\n|\n|t:|1700276059\n|switch|p1a: Decidueye|Decidueye, F|100\/100\n|-activate|p1a: Decidueye|move: Sticky Web\n|-unboost|p1a: Decidueye|spe|1\n|-damage|p1a: Decidueye|88\/100|[from] Spikes\n|turn|7\n|\n|t:|1700276069\n|move|p2a: Arlong|Ceaseless Edge|p1a: Decidueye\n|-supereffective|p1a: Decidueye\n|-damage|p1a: Decidueye|0 fnt\n|-sidestart|p1: TrafalgarLaw6969|Spikes\n|faint|p1a: Decidueye\n|\n|upkeep\n|\n|t:|1700276081\n|switch|p1a: Meowscarada|Meowscarada, F|100\/100\n|-activate|p1a: Meowscarada|move: Sticky Web\n|-unboost|p1a: Meowscarada|spe|1\n|-damage|p1a: Meowscarada|84\/100|[from] Spikes\n|turn|8\n|\n|t:|1700276110\n|move|p2a: Arlong|Air Slash|p1a: Meowscarada\n|-supereffective|p1a: Meowscarada\n|-damage|p1a: Meowscarada|15\/100\n|cant|p1a: Meowscarada|flinch\n|\n|upkeep\n|turn|9\n|\n|t:|1700276116\n|switch|p1a: Toxapex|Toxapex, M|100\/100 tox\n|-activate|p1a: Toxapex|move: Sticky Web\n|-unboost|p1a: Toxapex|spe|1\n|-damage|p1a: Toxapex|84\/100 tox|[from] Spikes\n|move|p2a: Arlong|Air Slash|p1a: Toxapex|[miss]\n|-miss|p2a: Arlong|p1a: Toxapex\n|\n|-heal|p1a: Toxapex|90\/100 tox|[from] item: Black Sludge\n|-damage|p1a: Toxapex|84\/100 tox|[from] psn\n|upkeep\n|turn|10\n|\n|t:|1700276131\n|move|p1a: Toxapex|Baneful Bunker|p1a: Toxapex\n|-singleturn|p1a: Toxapex|move: Protect\n|move|p2a: Arlong|Ceaseless Edge|p1a: Toxapex\n|-activate|p1a: Toxapex|move: Protect\n|-status|p2a: Arlong|psn\n|\n|-heal|p1a: Toxapex|90\/100 tox|[from] item: Black Sludge\n|-damage|p2a: Arlong|45\/100 psn|[from] psn\n|-damage|p1a: Toxapex|78\/100 tox|[from] psn\n|upkeep\n|turn|11\n|\n|t:|1700276142\n|move|p1a: Toxapex|Baneful Bunker||[still]\n|-fail|p1a: Toxapex\n|move|p2a: Arlong|Ceaseless Edge|p1a: Toxapex\n|-damage|p1a: Toxapex|50\/100 tox\n|-sidestart|p1: TrafalgarLaw6969|Spikes\n|\n|-heal|p1a: Toxapex|56\/100 tox|[from] item: Black Sludge\n|-damage|p2a: Arlong|33\/100 psn|[from] psn\n|-damage|p1a: Toxapex|38\/100 tox|[from] psn\n|upkeep\n|turn|12\n|\n|t:|1700276153\n|move|p2a: Arlong|Air Slash|p1a: Toxapex\n|-damage|p1a: Toxapex|17\/100 tox\n|move|p1a: Toxapex|Recover|p1a: Toxapex\n|-heal|p1a: Toxapex|67\/100 tox\n|\n|-heal|p1a: Toxapex|74\/100 tox|[from] item: Black Sludge\n|-damage|p2a: Arlong|20\/100 psn|[from] psn\n|-damage|p1a: Toxapex|49\/100 tox|[from] psn\n|upkeep\n|turn|13\n|\n|t:|1700276162\n|move|p2a: Arlong|Air Slash|p1a: Toxapex\n|-damage|p1a: Toxapex|28\/100 tox\n|cant|p1a: Toxapex|flinch\n|\n|-heal|p1a: Toxapex|34\/100 tox|[from] item: Black Sludge\n|-damage|p2a: Arlong|8\/100 psn|[from] psn\n|-damage|p1a: Toxapex|3\/100 tox|[from] psn\n|upkeep\n|turn|14\n|\n|t:|1700276170\n|switch|p1a: Tyranitar|Tyranitar, F|100\/100\n|-activate|p1a: Tyranitar|move: Sticky Web\n|-unboost|p1a: Tyranitar|spe|1\n|-damage|p1a: Tyranitar|75\/100|[from] Spikes\n|-weather|Sandstorm|[from] ability: Sand Stream|[of] p1a: Tyranitar\n|move|p2a: Arlong|Air Slash|p1a: Tyranitar\n|-resisted|p1a: Tyranitar\n|-damage|p1a: Tyranitar|69\/100\n|\n|-weather|Sandstorm|[upkeep]\n|-damage|p2a: Arlong|1\/100 psn|[from] Sandstorm\n|-damage|p2a: Arlong|0 fnt|[from] psn\n|faint|p2a: Arlong\n|upkeep\n|\n|t:|1700276182\n|switch|p2a: Toxic-Relationship|Salazzle, F|100\/100\n|turn|15\n|\n|t:|1700276192\n|move|p2a: Toxic-Relationship|Toxic|p1a: Tyranitar\n|-status|p1a: Tyranitar|tox\n|move|p1a: Tyranitar|Ice Punch|p2a: Toxic-Relationship\n|-resisted|p2a: Toxic-Relationship\n|-damage|p2a: Toxic-Relationship|76\/100\n|\n|-weather|Sandstorm|[upkeep]\n|-damage|p2a: Toxic-Relationship|69\/100|[from] Sandstorm\n|-damage|p1a: Tyranitar|63\/100 tox|[from] psn\n|upkeep\n|turn|16\n|\n|t:|1700276202\n|move|p2a: Toxic-Relationship|Sludge Bomb|p1a: Tyranitar\n|-resisted|p1a: Tyranitar\n|-damage|p1a: Tyranitar|48\/100 tox\n|-damage|p2a: Toxic-Relationship|60\/100|[from] item: Life Orb\n|move|p1a: Tyranitar|Earthquake|p2a: Toxic-Relationship\n|-supereffective|p2a: Toxic-Relationship\n|-damage|p2a: Toxic-Relationship|0 fnt\n|faint|p2a: Toxic-Relationship\n|\n|-weather|Sandstorm|[upkeep]\n|-damage|p1a: Tyranitar|35\/100 tox|[from] psn\n|upkeep\n|\n|t:|1700276207\n|switch|p2a: SpooderWemon|Ribombee, M, shiny|100\/100\n|turn|17\n|\n|t:|1700276221\n|switch|p1a: Ting-Lu|Ting-Lu|100\/100\n|-activate|p1a: Ting-Lu|move: Sticky Web\n|-unboost|p1a: Ting-Lu|spe|1\n|-damage|p1a: Ting-Lu|75\/100|[from] Spikes\n|-ability|p1a: Ting-Lu|Vessel of Ruin\n|move|p2a: SpooderWemon|Moonblast|p1a: Ting-Lu\n|-supereffective|p1a: Ting-Lu\n|-crit|p1a: Ting-Lu\n|-damage|p1a: Ting-Lu|10\/100\n|-unboost|p1a: Ting-Lu|spa|1\n|\n|-weather|Sandstorm|[upkeep]\n|-damage|p2a: SpooderWemon|94\/100|[from] Sandstorm\n|-heal|p1a: Ting-Lu|16\/100|[from] item: Leftovers\n|upkeep\n|turn|18\n|\n|t:|1700276237\n|move|p2a: SpooderWemon|Moonblast|p1a: Ting-Lu\n|-supereffective|p1a: Ting-Lu\n|-damage|p1a: Ting-Lu|0 fnt\n|faint|p1a: Ting-Lu\n|\n|-weather|none\n|upkeep\n|\n|t:|1700276245\n|switch|p1a: Toxapex|Toxapex, M|36\/100 tox\n|-activate|p1a: Toxapex|move: Sticky Web\n|-unboost|p1a: Toxapex|spe|1\n|-damage|p1a: Toxapex|11\/100 tox|[from] Spikes\n|turn|19\n|j| UrLordAndSavoir\n|\n|t:|1700276264\n|move|p1a: Toxapex|Baneful Bunker|p1a: Toxapex\n|-singleturn|p1a: Toxapex|move: Protect\n|move|p2a: SpooderWemon|Bug Buzz|p1a: Toxapex\n|-activate|p1a: Toxapex|move: Protect\n|\n|-heal|p1a: Toxapex|18\/100 tox|[from] item: Black Sludge\n|-damage|p1a: Toxapex|11\/100 tox|[from] psn\n|upkeep\n|turn|20\n|\n|t:|1700276273\n|move|p2a: SpooderWemon|Bug Buzz|p1a: Toxapex\n|-resisted|p1a: Toxapex\n|-damage|p1a: Toxapex|0 fnt\n|faint|p1a: Toxapex\n|\n|upkeep\n|\n|t:|1700276281\n|switch|p1a: Meowscarada|Meowscarada, F|15\/100\n|-activate|p1a: Meowscarada|move: Sticky Web\n|-unboost|p1a: Meowscarada|spe|1\n|-damage|p1a: Meowscarada|0 fnt|[from] Spikes\n|faint|p1a: Meowscarada\n|\n|t:|1700276288\n|switch|p1a: Tyranitar|Tyranitar, F|35\/100 tox\n|-activate|p1a: Tyranitar|move: Sticky Web\n|-unboost|p1a: Tyranitar|spe|1\n|-damage|p1a: Tyranitar|10\/100 tox|[from] Spikes\n|-weather|Sandstorm|[from] ability: Sand Stream|[of] p1a: Tyranitar\n|turn|21\n|\n|t:|1700276298\n|move|p2a: SpooderWemon|Moonblast|p1a: Tyranitar\n|-supereffective|p1a: Tyranitar\n|-damage|p1a: Tyranitar|0 fnt\n|faint|p1a: Tyranitar\n|\n|win|Danfire1045\n","uploadtime":1700276303,"views":51,"p1id":"trafalgarlaw6969","p2id":"danfire1045","formatid":"gen9nationaldexubers","rating":0,"private":0,"password":""}