{"id":"gen9nationaldexubers-1997311548","p1":"doubletrouble84","p2":"jaydendragon26","format":"[Gen 9] National Dex Ubers","log":"|j|\u2606doubletrouble84\n|j|\u2606jaydendragon26\n|t:|1700787911\n|gametype|singles\n|player|p1|doubletrouble84|1|1354\n|player|p2|jaydendragon26|101|1247\n|teamsize|p1|6\n|teamsize|p2|6\n|gen|9\n|tier|[Gen 9] National Dex Ubers\n|rated|\n|rule|HP Percentage Mod: HP is shown in percentages\n|rule|Endless Battle Clause: Forcing endless battles is banned\n|rule|OHKO Clause: OHKO moves are banned\n|rule|Evasion Moves Clause: Evasion moves are banned\n|rule|Evasion Items Clause: Evasion items are banned\n|rule|Species Clause: Limit one of each Pok\u00e9mon\n|rule|Sleep Clause Mod: Limit one foe put to sleep\n|rule|Mega Rayquaza Clause: You cannot mega evolve Rayquaza\n|clearpoke\n|poke|p1|Marshadow|\n|poke|p1|Deoxys-Speed|\n|poke|p1|Zygarde|\n|poke|p1|Zacian-*|\n|poke|p1|Chien-Pao|\n|poke|p1|Kyogre|\n|poke|p2|Charizard, M|\n|poke|p2|Gengar, M|\n|poke|p2|Mewtwo|\n|poke|p2|Tyranitar, M|\n|poke|p2|Urshifu-*, M|\n|poke|p2|Electivire, M|\n|teampreview\n|inactive|Battle timer is ON: inactive players will automatically lose when time's up. (requested by jaydendragon26)\n|\n|t:|1700787922\n|start\n|switch|p1a: Deoxys|Deoxys-Speed|100\/100\n|switch|p2a: Electivire|Electivire, M|100\/100\n|-ability|p1a: Deoxys|Pressure\n|turn|1\n|\n|t:|1700787934\n|move|p1a: Deoxys|Stealth Rock|p2a: Electivire\n|-sidestart|p2: jaydendragon26|move: Stealth Rock\n|move|p2a: Electivire|Earthquake|p1a: Deoxys\n|-damage|p1a: Deoxys|61\/100\n|\n|upkeep\n|turn|2\n|\n|t:|1700787939\n|move|p1a: Deoxys|Spikes|p2a: Electivire\n|-sidestart|p2: jaydendragon26|Spikes\n|move|p2a: Electivire|Earthquake|p1a: Deoxys\n|-damage|p1a: Deoxys|24\/100\n|\n|upkeep\n|turn|3\n|\n|t:|1700787945\n|move|p1a: Deoxys|Spikes|p2a: Electivire\n|-sidestart|p2: jaydendragon26|Spikes\n|move|p2a: Electivire|Earthquake|p1a: Deoxys\n|-damage|p1a: Deoxys|0 fnt\n|faint|p1a: Deoxys\n|\n|upkeep\n|\n|t:|1700787951\n|switch|p1a: Zygarde|Zygarde|100\/100\n|turn|4\n|\n|t:|1700787959\n|switch|p2a: Charizard|Charizard, M, shiny|100\/100\n|-damage|p2a: Charizard|51\/100|[from] Stealth Rock\n|move|p1a: Zygarde|Thousand Arrows|p2a: Charizard\n|-damage|p2a: Charizard|0 fnt\n|faint|p2a: Charizard\n|\n|upkeep\n|\n|t:|1700787968\n|switch|p2a: Electivire|Electivire, M|100\/100\n|-damage|p2a: Electivire|88\/100|[from] Stealth Rock\n|-damage|p2a: Electivire|71\/100|[from] Spikes\n|turn|5\n|\n|t:|1700787974\n|move|p2a: Electivire|Ice Punch|p1a: Zygarde\n|-supereffective|p1a: Zygarde\n|-damage|p1a: Zygarde|26\/100\n|move|p1a: Zygarde|Thousand Arrows|p2a: Electivire\n|-supereffective|p2a: Electivire\n|-damage|p2a: Electivire|0 fnt\n|faint|p2a: Electivire\n|\n|-heal|p1a: Zygarde|32\/100|[from] item: Leftovers\n|-activate|p1a: Zygarde|ability: Power Construct\n|detailschange|p1a: Zygarde|Zygarde-Complete\n|-heal|p1a: Zygarde|58\/100|[silent]\n|upkeep\n|\n|t:|1700787988\n|switch|p2a: Mewtwo|Mewtwo|100\/100\n|-damage|p2a: Mewtwo|88\/100|[from] Stealth Rock\n|-damage|p2a: Mewtwo|72\/100|[from] Spikes\n|-ability|p2a: Mewtwo|Pressure\n|turn|6\n|\n|t:|1700787996\n|move|p1a: Zygarde|Thousand Arrows|p2a: Mewtwo\n|-damage|p2a: Mewtwo|39\/100\n|move|p2a: Mewtwo|Trick Room|p2a: Mewtwo\n|-fieldstart|move: Trick Room|[of] p2a: Mewtwo\n|\n|-heal|p1a: Zygarde|64\/100|[from] item: Leftovers\n|upkeep\n|turn|7\n|\n|t:|1700788003\n|move|p1a: Zygarde|Dragon Tail|p2a: Mewtwo\n|-damage|p2a: Mewtwo|14\/100\n|drag|p2a: Gengar|Gengar, M, shiny|100\/100\n|-damage|p2a: Gengar|88\/100|[from] Stealth Rock\n|-damage|p2a: Gengar|72\/100|[from] Spikes\n|\n|-heal|p1a: Zygarde|70\/100|[from] item: Leftovers\n|upkeep\n|turn|8\n|\n|t:|1700788013\n|move|p2a: Gengar|Toxic|p1a: Zygarde\n|-status|p1a: Zygarde|tox\n|move|p1a: Zygarde|Dragon Tail|p2a: Gengar|[miss]\n|-miss|p1a: Zygarde|p2a: Gengar\n|\n|-heal|p1a: Zygarde|77\/100 tox|[from] item: Leftovers\n|-damage|p1a: Zygarde|70\/100 tox|[from] psn\n|upkeep\n|turn|9\n|\n|t:|1700788021\n|move|p2a: Gengar|Dazzling Gleam|p1a: Zygarde\n|-supereffective|p1a: Zygarde\n|-damage|p1a: Zygarde|37\/100 tox\n|move|p1a: Zygarde|Dragon Tail|p2a: Gengar\n|-damage|p2a: Gengar|22\/100\n|drag|p2a: Mewtwo|Mewtwo|14\/100\n|-damage|p2a: Mewtwo|2\/100|[from] Stealth Rock\n|-damage|p2a: Mewtwo|0 fnt|[from] Spikes\n|faint|p2a: Mewtwo\n|\n|-heal|p1a: Zygarde|43\/100 tox|[from] item: Leftovers\n|-damage|p1a: Zygarde|31\/100 tox|[from] psn\n|upkeep\n|\n|t:|1700788034\n|switch|p2a: Tyranitar|Tyranitar, M|100\/100\n|-damage|p2a: Tyranitar|88\/100|[from] Stealth Rock\n|-damage|p2a: Tyranitar|72\/100|[from] Spikes\n|-weather|Sandstorm|[from] ability: Sand Stream|[of] p2a: Tyranitar\n|turn|10\n|\n|t:|1700788046\n|move|p2a: Tyranitar|Earthquake|p1a: Zygarde\n|-damage|p1a: Zygarde|12\/100 tox\n|move|p1a: Zygarde|Dragon Tail|p2a: Tyranitar\n|-damage|p2a: Tyranitar|51\/100\n|drag|p2a: Gengar|Gengar, M, shiny|22\/100\n|-damage|p2a: Gengar|10\/100|[from] Stealth Rock\n|-damage|p2a: Gengar|0 fnt|[from] Spikes\n|faint|p2a: Gengar\n|\n|-weather|Sandstorm|[upkeep]\n|-heal|p1a: Zygarde|18\/100 tox|[from] item: Leftovers\n|-damage|p1a: Zygarde|0 fnt|[from] psn\n|faint|p1a: Zygarde\n|-fieldend|move: Trick Room\n|upkeep\n|\n|t:|1700788065\n|switch|p2a: Tyranitar|Tyranitar, M|51\/100\n|switch|p1a: Kyogre|Kyogre|100\/100\n|-damage|p2a: Tyranitar|39\/100|[from] Stealth Rock\n|-damage|p2a: Tyranitar|22\/100|[from] Spikes\n|detailschange|p1a: Kyogre|Kyogre-Primal\n|-primal|p1a: Kyogre|Blue Orb\n|-weather|PrimordialSea|[from] ability: Primordial Sea|[of] p1a: Kyogre\n|turn|11\n|\n|t:|1700788085\n|move|p1a: Kyogre|Scald|p2a: Tyranitar\n|-supereffective|p2a: Tyranitar\n|-damage|p2a: Tyranitar|0 fnt\n|faint|p2a: Tyranitar\n|\n|-weather|PrimordialSea|[upkeep]\n|upkeep\n|\n|t:|1700788089\n|switch|p2a: Urshifu|Urshifu-Rapid-Strike, M|100\/100\n|-damage|p2a: Urshifu|94\/100|[from] Stealth Rock\n|-damage|p2a: Urshifu|78\/100|[from] Spikes\n|turn|12\n|\n|t:|1700788098\n|move|p2a: Urshifu|Drain Punch|p1a: Kyogre\n|-damage|p1a: Kyogre|62\/100\n|-heal|p2a: Urshifu|100\/100|[from] drain|[of] p1a: Kyogre\n|move|p1a: Kyogre|Scald|p2a: Urshifu\n|-resisted|p2a: Urshifu\n|-damage|p2a: Urshifu|46\/100\n|\n|-weather|PrimordialSea|[upkeep]\n|upkeep\n|turn|13\n|\n|t:|1700788107\n|move|p2a: Urshifu|Drain Punch|p1a: Kyogre\n|-damage|p1a: Kyogre|21\/100\n|-heal|p2a: Urshifu|70\/100|[from] drain|[of] p1a: Kyogre\n|move|p1a: Kyogre|Scald|p2a: Urshifu\n|-resisted|p2a: Urshifu\n|-damage|p2a: Urshifu|18\/100\n|-status|p2a: Urshifu|brn\n|\n|-weather|PrimordialSea|[upkeep]\n|-damage|p2a: Urshifu|12\/100 brn|[from] brn\n|upkeep\n|turn|14\n|\n|t:|1700788117\n|move|p2a: Urshifu|Drain Punch|p1a: Kyogre\n|-damage|p1a: Kyogre|3\/100\n|-heal|p2a: Urshifu|23\/100 brn|[from] drain|[of] p1a: Kyogre\n|move|p1a: Kyogre|Scald|p2a: Urshifu\n|-resisted|p2a: Urshifu\n|-damage|p2a: Urshifu|0 fnt\n|faint|p2a: Urshifu\n|\n|win|doubletrouble84\n|raw|doubletrouble84's rating: 1354 &rarr; <strong>1368<\/strong><br \/>(+14 for winning)\n|raw|jaydendragon26's rating: 1247 &rarr; <strong>1229<\/strong><br \/>(-18 for losing)\n","uploadtime":1700788128,"views":12,"p1id":"doubletrouble84","p2id":"jaydendragon26","formatid":"gen9nationaldexubers","rating":1229,"private":0,"password":""}