{"id":"gen9nationaldexubers-1978550651","p1":"UrLocalEmpire","p2":"BTT2023","format":"[Gen 9] National Dex Ubers","log":"|j|\u2606UrLocalEmpire\n|j|\u2606BTT2023\n|t:|1698554474\n|gametype|singles\n|player|p1|UrLocalEmpire|red|1046\n|player|p2|BTT2023|red|1170\n|teamsize|p1|6\n|teamsize|p2|6\n|gen|9\n|tier|[Gen 9] National Dex Ubers\n|rated|\n|rule|HP Percentage Mod: HP is shown in percentages\n|rule|Endless Battle Clause: Forcing endless battles is banned\n|rule|OHKO Clause: OHKO moves are banned\n|rule|Evasion Moves Clause: Evasion moves are banned\n|rule|Evasion Items Clause: Evasion items are banned\n|rule|Species Clause: Limit one of each Pok\u00e9mon\n|rule|Sleep Clause Mod: Limit one foe put to sleep\n|rule|Mega Rayquaza Clause: You cannot mega evolve Rayquaza\n|clearpoke\n|poke|p1|Pikachu, M|\n|poke|p1|Lapras, M|\n|poke|p1|Snorlax, M|\n|poke|p1|Venusaur, M|\n|poke|p1|Charizard, M|\n|poke|p1|Blastoise, M|\n|poke|p2|Pikachu, M|\n|poke|p2|Lucario, M|\n|poke|p2|Gengar, M|\n|poke|p2|Dragonite, M|\n|poke|p2|Dracovish|\n|poke|p2|Sirfetch\u2019d, M|\n|teampreview\n|c|\u2606BTT2023|Ash VS Red\n|\n|t:|1698554491\n|start\n|switch|p1a: Pikachu|Pikachu, M|100\/100\n|switch|p2a: Dragonite|Dragonite, M|100\/100\n|turn|1\n|\n|t:|1698554497\n|move|p1a: Pikachu|Volt Tackle|p2a: Dragonite\n|-damage|p2a: Dragonite|55\/100\n|-damage|p1a: Pikachu|77\/100|[from] Recoil\n|move|p2a: Dragonite|Dragon Dance|p2a: Dragonite\n|-boost|p2a: Dragonite|atk|1\n|-boost|p2a: Dragonite|spe|1\n|\n|upkeep\n|turn|2\n|\n|t:|1698554506\n|move|p2a: Dragonite|Dragon Claw|p1a: Pikachu\n|-damage|p1a: Pikachu|0 fnt\n|faint|p1a: Pikachu\n|\n|upkeep\n|\n|t:|1698554511\n|switch|p1a: Venusaur|Venusaur, M|100\/100\n|turn|3\n|\n|t:|1698554517\n|move|p2a: Dragonite|Dual Wingbeat|p1a: Venusaur\n|-supereffective|p1a: Venusaur\n|-damage|p1a: Venusaur|32\/100\n|-supereffective|p1a: Venusaur\n|-damage|p1a: Venusaur|0 fnt\n|faint|p1a: Venusaur\n|-hitcount|p1: Venusaur|2\n|\n|upkeep\n|\n|t:|1698554520\n|switch|p1a: Lapras|Lapras, M|100\/100\n|turn|4\n|\n|t:|1698554526\n|-terastallize|p1a: Lapras|Water\n|move|p2a: Dragonite|Dragon Claw|p1a: Lapras\n|-damage|p1a: Lapras|24\/100\n|move|p1a: Lapras|Psychic|p2a: Dragonite\n|-damage|p2a: Dragonite|28\/100\n|\n|-heal|p1a: Lapras|30\/100|[from] item: Leftovers\n|upkeep\n|turn|5\n|\n|t:|1698554536\n|move|p2a: Dragonite|Dragon Claw|p1a: Lapras\n|-damage|p1a: Lapras|0 fnt\n|faint|p1a: Lapras\n|\n|upkeep\n|\n|t:|1698554540\n|switch|p1a: Snorlax|Snorlax, M|100\/100\n|turn|6\n|\n|t:|1698554545\n|move|p2a: Dragonite|Dual Wingbeat|p1a: Snorlax\n|-damage|p1a: Snorlax|60\/100\n|-damage|p1a: Snorlax|22\/100\n|-hitcount|p1a: Snorlax|2\n|move|p1a: Snorlax|Blizzard|p2a: Dragonite\n|-supereffective|p2a: Dragonite\n|-damage|p2a: Dragonite|0 fnt\n|faint|p2a: Dragonite\n|\n|-heal|p1a: Snorlax|28\/100|[from] item: Leftovers\n|upkeep\n|\n|t:|1698554564\n|switch|p2a: Pikachu|Pikachu, M|100\/100\n|turn|7\n|\n|t:|1698554569\n|move|p2a: Pikachu|Trailblaze|p1a: Snorlax\n|-damage|p1a: Snorlax|18\/100\n|-boost|p2a: Pikachu|spe|1\n|move|p1a: Snorlax|Giga Impact|p2a: Pikachu\n|-enditem|p2a: Pikachu|Focus Sash\n|-damage|p2a: Pikachu|1\/100\n|-mustrecharge|p1a: Snorlax\n|-status|p1a: Snorlax|par|[from] ability: Static|[of] p2a: Pikachu\n|\n|-heal|p1a: Snorlax|24\/100 par|[from] item: Leftovers\n|upkeep\n|turn|8\n|\n|t:|1698554580\n|move|p2a: Pikachu|Trailblaze|p1a: Snorlax\n|-damage|p1a: Snorlax|12\/100 par\n|-boost|p2a: Pikachu|spe|1\n|cant|p1a: Snorlax|recharge\n|\n|-heal|p1a: Snorlax|18\/100 par|[from] item: Leftovers\n|upkeep\n|turn|9\n|\n|t:|1698554589\n|move|p2a: Pikachu|Thunderbolt|p1a: Snorlax\n|-damage|p1a: Snorlax|6\/100 par\n|move|p1a: Snorlax|Crunch|p2a: Pikachu\n|-damage|p2a: Pikachu|0 fnt\n|faint|p2a: Pikachu\n|\n|-heal|p1a: Snorlax|12\/100 par|[from] item: Leftovers\n|upkeep\n|\n|t:|1698554594\n|switch|p2a: Lucario|Lucario, M|100\/100\n|turn|10\n|\n|t:|1698554599\n|detailschange|p2a: Lucario|Lucario-Mega, M\n|-mega|p2a: Lucario|Lucario|Lucarionite\n|move|p2a: Lucario|Extreme Speed|p1a: Snorlax\n|-damage|p1a: Snorlax|0 fnt\n|faint|p1a: Snorlax\n|\n|upkeep\n|\n|t:|1698554605\n|switch|p1a: Charizard|Charizard, M|100\/100\n|turn|11\n|\n|t:|1698554612\n|move|p2a: Lucario|Extreme Speed|p1a: Charizard\n|-damage|p1a: Charizard|62\/100\n|move|p1a: Charizard|Blast Burn|p2a: Lucario\n|-supereffective|p2a: Lucario\n|-damage|p2a: Lucario|0 fnt\n|-mustrecharge|p1a: Charizard\n|faint|p2a: Lucario\n|\n|upkeep\n|\n|t:|1698554621\n|switch|p2a: Gengar|Gengar, M|100\/100\n|turn|12\n|\n|t:|1698554626\n|move|p2a: Gengar|Sludge Bomb|p1a: Charizard\n|-crit|p1a: Charizard\n|-damage|p1a: Charizard|0 fnt\n|faint|p1a: Charizard\n|\n|upkeep\n|\n|t:|1698554630\n|switch|p1a: Blastoise|Blastoise, M|100\/100\n|turn|13\n|\n|t:|1698554637\n|move|p2a: Gengar|Shadow Ball|p1a: Blastoise\n|-damage|p1a: Blastoise|57\/100\n|move|p1a: Blastoise|Blizzard|p2a: Gengar\n|-damage|p2a: Gengar|53\/100\n|\n|-heal|p1a: Blastoise|63\/100|[from] item: Leftovers\n|upkeep\n|turn|14\n|\n|t:|1698554645\n|move|p2a: Gengar|Psychic|p1a: Blastoise\n|-damage|p1a: Blastoise|31\/100\n|move|p1a: Blastoise|Flash Cannon|p2a: Gengar\n|-damage|p2a: Gengar|18\/100\n|\n|-heal|p1a: Blastoise|37\/100|[from] item: Leftovers\n|upkeep\n|turn|15\n|\n|t:|1698554652\n|move|p2a: Gengar|Sludge Bomb|p1a: Blastoise\n|-damage|p1a: Blastoise|0 fnt\n|faint|p1a: Blastoise\n|\n|win|BTT2023\n|raw|UrLocalEmpire's rating: 1046 &rarr; <strong>1035<\/strong><br \/>(-11 for losing)\n|raw|BTT2023's rating: 1170 &rarr; <strong>1186<\/strong><br \/>(+16 for winning)\n|c|\u2606BTT2023|GG :)\n|c|\u2606UrLocalEmpire|gg\n|c|\u2606BTT2023|Ash Wins\n","uploadtime":1698554665,"views":10,"p1id":"urlocalempire","p2id":"btt2023","formatid":"gen9nationaldexubers","rating":1035,"private":0,"password":""}