{"id":"gen9nationaldexubers-1989982689","p1":"Deletta","p2":"Kenivek","format":"[Gen 9] National Dex Ubers","log":"|j|\u2606Deletta\n|j|\u2606Kenivek\n|t:|1699912407\n|gametype|singles\n|player|p1|Deletta|fisherman-gen4|1329\n|player|p2|Kenivek|lucas|1259\n|teamsize|p1|6\n|teamsize|p2|6\n|gen|9\n|tier|[Gen 9] National Dex Ubers\n|rated|\n|rule|HP Percentage Mod: HP is shown in percentages\n|rule|Endless Battle Clause: Forcing endless battles is banned\n|rule|OHKO Clause: OHKO moves are banned\n|rule|Evasion Moves Clause: Evasion moves are banned\n|rule|Evasion Items Clause: Evasion items are banned\n|rule|Species Clause: Limit one of each Pok\u00e9mon\n|rule|Sleep Clause Mod: Limit one foe put to sleep\n|rule|Mega Rayquaza Clause: You cannot mega evolve Rayquaza\n|clearpoke\n|poke|p1|Basculegion, M|\n|poke|p1|Ursaluna, M|\n|poke|p1|Xerneas-*|\n|poke|p1|Eternatus|\n|poke|p1|Scizor, F|\n|poke|p1|Kyogre|\n|poke|p2|Iron Moth|\n|poke|p2|Volcanion|\n|poke|p2|Cinderace, F|\n|poke|p2|Ceruledge, M|\n|poke|p2|Charizard, F|\n|poke|p2|Arcanine-Hisui, F|\n|teampreview\n|\n|t:|1699912415\n|start\n|switch|p1a: S\u00e3o Paulino|Xerneas|100\/100\n|switch|p2a: Charizard|Charizard, F|100\/100\n|-ability|p1a: S\u00e3o Paulino|Fairy Aura\n|turn|1\n|\n|t:|1699912423\n|detailschange|p2a: Charizard|Charizard-Mega-Y, F\n|-mega|p2a: Charizard|Charizard|Charizardite Y\n|-weather|SunnyDay|[from] ability: Drought|[of] p2a: Charizard\n|move|p2a: Charizard|Fire Blast|p1a: S\u00e3o Paulino\n|-damage|p1a: S\u00e3o Paulino|20\/100\n|move|p1a: S\u00e3o Paulino|Geomancy||[still]\n|-prepare|p1a: S\u00e3o Paulino|Geomancy\n|-enditem|p1a: S\u00e3o Paulino|Power Herb\n|-anim|p1a: S\u00e3o Paulino|Geomancy|p1a: S\u00e3o Paulino\n|-boost|p1a: S\u00e3o Paulino|spa|2\n|-boost|p1a: S\u00e3o Paulino|spd|2\n|-boost|p1a: S\u00e3o Paulino|spe|2\n|\n|-weather|SunnyDay|[upkeep]\n|upkeep\n|turn|2\n|\n|t:|1699912436\n|move|p1a: S\u00e3o Paulino|Thunder|p2a: Charizard\n|-supereffective|p2a: Charizard\n|-damage|p2a: Charizard|0 fnt\n|faint|p2a: Charizard\n|\n|-weather|SunnyDay|[upkeep]\n|upkeep\n|\n|t:|1699912445\n|switch|p2a: Ceruledge|Ceruledge, M|100\/100\n|turn|3\n|\n|t:|1699912452\n|move|p1a: S\u00e3o Paulino|Thunder|p2a: Ceruledge\n|-damage|p2a: Ceruledge|9\/100\n|-status|p2a: Ceruledge|par\n|move|p2a: Ceruledge|Swords Dance|p2a: Ceruledge\n|-boost|p2a: Ceruledge|atk|2\n|\n|-weather|SunnyDay|[upkeep]\n|upkeep\n|turn|4\n|inactive|Battle timer is ON: inactive players will automatically lose when time's up. (requested by Kenivek)\n|\n|t:|1699912463\n|move|p2a: Ceruledge|Shadow Sneak|p1a: S\u00e3o Paulino\n|-damage|p1a: S\u00e3o Paulino|0 fnt\n|faint|p1a: S\u00e3o Paulino\n|\n|-weather|SunnyDay|[upkeep]\n|upkeep\n|\n|t:|1699912478\n|switch|p1a: Santos|Kyogre|100\/100\n|-weather|RainDance|[from] ability: Drizzle|[of] p1a: Santos\n|turn|5\n|\n|t:|1699912489\n|switch|p2a: Volcanion|Volcanion|100\/100\n|move|p1a: Santos|Origin Pulse|p2a: Volcanion\n|-immune|p2a: Volcanion|[from] ability: Water Absorb\n|\n|-weather|RainDance|[upkeep]\n|upkeep\n|turn|6\n|\n|t:|1699912503\n|move|p1a: Santos|Thunder|p2a: Volcanion\n|-supereffective|p2a: Volcanion\n|-damage|p2a: Volcanion|10\/100\n|-status|p2a: Volcanion|par\n|move|p2a: Volcanion|Toxic|p1a: Santos\n|-status|p1a: Santos|tox\n|\n|-weather|RainDance|[upkeep]\n|-heal|p2a: Volcanion|16\/100 par|[from] item: Leftovers\n|-damage|p1a: Santos|94\/100 tox|[from] psn\n|upkeep\n|turn|7\n|\n|t:|1699912517\n|move|p1a: Santos|Thunder|p2a: Volcanion\n|-supereffective|p2a: Volcanion\n|-damage|p2a: Volcanion|0 fnt\n|faint|p2a: Volcanion\n|\n|-weather|RainDance|[upkeep]\n|-damage|p1a: Santos|82\/100 tox|[from] psn\n|upkeep\n|\n|t:|1699912525\n|switch|p2a: Iron Moth|Iron Moth|100\/100\n|-enditem|p2a: Iron Moth|Booster Energy\n|-activate|p2a: Iron Moth|ability: Quark Drive|[fromitem]\n|-start|p2a: Iron Moth|quarkdrivespa\n|turn|8\n|\n|t:|1699912537\n|move|p2a: Iron Moth|Energy Ball|p1a: Santos\n|-supereffective|p1a: Santos\n|-damage|p1a: Santos|13\/100 tox\n|move|p1a: Santos|Water Spout|p2a: Iron Moth\n|-supereffective|p2a: Iron Moth\n|-damage|p2a: Iron Moth|63\/100\n|\n|-weather|RainDance|[upkeep]\n|-damage|p1a: Santos|0 fnt|[from] psn\n|faint|p1a: Santos\n|upkeep\n|\n|t:|1699912544\n|switch|p1a: Bassco da Gama|Basculegion, M, shiny|100\/100\n|turn|9\n|\n|t:|1699912552\n|move|p1a: Bassco da Gama|Liquidation|p2a: Iron Moth\n|-supereffective|p2a: Iron Moth\n|-damage|p2a: Iron Moth|0 fnt\n|faint|p2a: Iron Moth\n|-end|p2a: Iron Moth|Quark Drive|[silent]\n|\n|-weather|none\n|upkeep\n|\n|t:|1699912559\n|switch|p2a: Ceruledge|Ceruledge, M|9\/100 par\n|turn|10\n|\n|t:|1699912564\n|cant|p2a: Ceruledge|par\n|move|p1a: Bassco da Gama|Liquidation|p2a: Ceruledge\n|-supereffective|p2a: Ceruledge\n|-damage|p2a: Ceruledge|0 fnt\n|faint|p2a: Ceruledge\n|\n|upkeep\n|\n|t:|1699912572\n|switch|p2a: Cinderace|Cinderace, F|100\/100\n|turn|11\n|\n|t:|1699912575\n|move|p1a: Bassco da Gama|Liquidation|p2a: Cinderace\n|-supereffective|p2a: Cinderace\n|-damage|p2a: Cinderace|0 fnt\n|faint|p2a: Cinderace\n|\n|upkeep\n|-message|Kenivek forfeited.\n|\n|win|Deletta\n|raw|Deletta's rating: 1329 &rarr; <strong>1345<\/strong><br \/>(+16 for winning)\n|raw|Kenivek's rating: 1259 &rarr; <strong>1239<\/strong><br \/>(-20 for losing)\n|l|\u2606Kenivek\n","uploadtime":1699912582,"views":9,"p1id":"deletta","p2id":"kenivek","formatid":"gen9nationaldexubers","rating":1239,"private":0,"password":""}