{"id":"gen9nationaldexubers-1987616858","p1":"priestmajor","p2":"arafatr871","format":"[Gen 9] National Dex Ubers","log":"|j|\u2606priestmajor\n|j|\u2606arafatr871\n|t:|1699620084\n|gametype|singles\n|player|p1|priestmajor|2|1790\n|player|p2|arafatr871|ingo|1644\n|teamsize|p1|6\n|teamsize|p2|6\n|gen|9\n|tier|[Gen 9] National Dex Ubers\n|rated|\n|rule|HP Percentage Mod: HP is shown in percentages\n|rule|Endless Battle Clause: Forcing endless battles is banned\n|rule|OHKO Clause: OHKO moves are banned\n|rule|Evasion Moves Clause: Evasion moves are banned\n|rule|Evasion Items Clause: Evasion items are banned\n|rule|Species Clause: Limit one of each Pok\u00e9mon\n|rule|Sleep Clause Mod: Limit one foe put to sleep\n|rule|Mega Rayquaza Clause: You cannot mega evolve Rayquaza\n|clearpoke\n|poke|p1|Groudon|\n|poke|p1|Ho-Oh|\n|poke|p1|Zygarde|\n|poke|p1|Arceus-Ground|\n|poke|p1|Yveltal|\n|poke|p1|Necrozma-Dusk-Mane|\n|poke|p2|Groudon|\n|poke|p2|Dondozo, M|\n|poke|p2|Yveltal|\n|poke|p2|Zacian-*|\n|poke|p2|Kyogre|\n|poke|p2|Samurott-Hisui, M|\n|teampreview\n|inactive|Battle timer is ON: inactive players will automatically lose when time's up. (requested by arafatr871)\n|\n|t:|1699620093\n|start\n|switch|p1a: Ho-Oh|Ho-Oh|100\/100\n|switch|p2a: Samurott|Samurott-Hisui, M, shiny|100\/100\n|turn|1\n|\n|t:|1699620099\n|move|p2a: Samurott|Ceaseless Edge|p1a: Ho-Oh\n|-damage|p1a: Ho-Oh|69\/100\n|-sidestart|p1: priestmajor|Spikes\n|move|p1a: Ho-Oh|Sacred Fire|p2a: Samurott\n|-resisted|p2a: Samurott\n|-damage|p2a: Samurott|74\/100\n|-status|p2a: Samurott|brn\n|\n|-damage|p2a: Samurott|68\/100 brn|[from] brn\n|upkeep\n|turn|2\n|\n|t:|1699620107\n|move|p2a: Samurott|Ceaseless Edge|p1a: Ho-Oh|[miss]\n|-miss|p2a: Samurott|p1a: Ho-Oh\n|move|p1a: Ho-Oh|Sacred Fire|p2a: Samurott\n|-resisted|p2a: Samurott\n|-damage|p2a: Samurott|41\/100 brn\n|\n|-damage|p2a: Samurott|35\/100 brn|[from] brn\n|upkeep\n|turn|3\n|\n|t:|1699620115\n|move|p2a: Samurott|Ceaseless Edge|p1a: Ho-Oh|[miss]\n|-miss|p2a: Samurott|p1a: Ho-Oh\n|move|p1a: Ho-Oh|Defog|p2a: Samurott\n|-unboost|p2a: Samurott|evasion|1\n|-sideend|p1: priestmajor|Spikes|[from] move: Defog|[of] p1a: Ho-Oh\n|\n|-damage|p2a: Samurott|29\/100 brn|[from] brn\n|upkeep\n|turn|4\n|\n|t:|1699620118\n|switch|p1a: Groudon|Groudon|100\/100\n|detailschange|p1a: Groudon|Groudon-Primal\n|-primal|p1a: Groudon|Red Orb\n|-weather|DesolateLand|[from] ability: Desolate Land|[of] p1a: Groudon\n|move|p2a: Samurott|Ceaseless Edge|p1a: Groudon\n|-damage|p1a: Groudon|86\/100\n|-sidestart|p1: priestmajor|Spikes\n|\n|-weather|DesolateLand|[upkeep]\n|-damage|p2a: Samurott|22\/100 brn|[from] brn\n|upkeep\n|turn|5\n|\n|t:|1699620124\n|-weather|none\n|switch|p1a: Ho-Oh|Ho-Oh|100\/100\n|move|p2a: Samurott|Ceaseless Edge|p1a: Ho-Oh\n|-damage|p1a: Ho-Oh|86\/100\n|-sidestart|p1: priestmajor|Spikes\n|\n|-damage|p2a: Samurott|16\/100 brn|[from] brn\n|upkeep\n|turn|6\n|\n|t:|1699620129\n|move|p2a: Samurott|Ceaseless Edge|p1a: Ho-Oh\n|-damage|p1a: Ho-Oh|72\/100\n|-sidestart|p1: priestmajor|Spikes\n|move|p1a: Ho-Oh|Defog|p2a: Samurott\n|-unboost|p2a: Samurott|evasion|1\n|-sideend|p1: priestmajor|Spikes|[from] move: Defog|[of] p1a: Ho-Oh\n|\n|-damage|p2a: Samurott|10\/100 brn|[from] brn\n|upkeep\n|turn|7\n|\n|t:|1699620134\n|move|p2a: Samurott|Ceaseless Edge|p1a: Ho-Oh\n|-damage|p1a: Ho-Oh|55\/100\n|-sidestart|p1: priestmajor|Spikes\n|move|p1a: Ho-Oh|Sacred Fire|p2a: Samurott\n|-resisted|p2a: Samurott\n|-damage|p2a: Samurott|0 fnt\n|faint|p2a: Samurott\n|\n|upkeep\n|\n|t:|1699620146\n|switch|p2a: Yveltal|Yveltal, shiny|100\/100\n|-ability|p2a: Yveltal|Dark Aura\n|turn|8\n|\n|t:|1699620150\n|move|p2a: Yveltal|Knock Off|p1a: Ho-Oh\n|-damage|p1a: Ho-Oh|0 fnt\n|-enditem|p1a: Ho-Oh|Heavy-Duty Boots|[from] move: Knock Off|[of] p2a: Yveltal\n|faint|p1a: Ho-Oh\n|-damage|p2a: Yveltal|91\/100|[from] item: Life Orb\n|\n|upkeep\n|\n|t:|1699620154\n|switch|p1a: Yveltal|Yveltal|100\/100\n|-ability|p1a: Yveltal|Dark Aura\n|turn|9\n|\n|t:|1699620157\n|move|p2a: Yveltal|Knock Off|p1a: Yveltal\n|-resisted|p1a: Yveltal\n|-damage|p1a: Yveltal|66\/100\n|-enditem|p1a: Yveltal|Heavy-Duty Boots|[from] move: Knock Off|[of] p2a: Yveltal\n|-damage|p2a: Yveltal|81\/100|[from] item: Life Orb\n|move|p1a: Yveltal|Toxic|p2a: Yveltal\n|-status|p2a: Yveltal|tox\n|\n|-damage|p2a: Yveltal|75\/100 tox|[from] psn\n|upkeep\n|turn|10\n|\n|t:|1699620166\n|move|p2a: Yveltal|Dual Wingbeat|p1a: Yveltal\n|-crit|p1a: Yveltal\n|-damage|p1a: Yveltal|36\/100\n|-damage|p1a: Yveltal|15\/100\n|-hitcount|p1a: Yveltal|2\n|-damage|p2a: Yveltal|65\/100 tox|[from] item: Life Orb\n|move|p1a: Yveltal|Roost|p1a: Yveltal\n|-heal|p1a: Yveltal|65\/100\n|-singleturn|p1a: Yveltal|move: Roost\n|\n|-damage|p2a: Yveltal|52\/100 tox|[from] psn\n|upkeep\n|turn|11\n|\n|t:|1699620172\n|switch|p2a: Zacian|Zacian-Crowned|100\/100\n|-ability|p2a: Zacian|Intrepid Sword|boost\n|-boost|p2a: Zacian|atk|1\n|move|p1a: Yveltal|Roost|p1a: Yveltal\n|-heal|p1a: Yveltal|100\/100\n|-singleturn|p1a: Yveltal|move: Roost\n|\n|upkeep\n|turn|12\n|\n|t:|1699620178\n|move|p2a: Zacian|Behemoth Blade|p1a: Yveltal\n|-damage|p1a: Yveltal|37\/100\n|move|p1a: Yveltal|Foul Play|p2a: Zacian\n|-resisted|p2a: Zacian\n|-damage|p2a: Zacian|39\/100\n|\n|upkeep\n|turn|13\n|\n|t:|1699620185\n|move|p2a: Zacian|Behemoth Blade|p1a: Yveltal\n|-damage|p1a: Yveltal|0 fnt\n|faint|p1a: Yveltal\n|\n|upkeep\n|\n|t:|1699620187\n|switch|p1a: Groudon|Groudon-Primal|86\/100\n|-damage|p1a: Groudon|73\/100|[from] Spikes\n|-weather|DesolateLand|[from] ability: Desolate Land|[of] p1a: Groudon\n|turn|14\n|\n|t:|1699620190\n|-terastallize|p2a: Zacian|Ground\n|move|p2a: Zacian|Tera Blast|p1a: Groudon|[anim] Tera Blast Ground\n|-supereffective|p1a: Groudon\n|-damage|p1a: Groudon|0 fnt\n|faint|p1a: Groudon\n|-weather|none\n|\n|upkeep\n|\n|t:|1699620195\n|switch|p1a: Arceus|Arceus-Ground|100\/100\n|-damage|p1a: Arceus|88\/100|[from] Spikes\n|turn|15\n|\n|t:|1699620201\n|move|p2a: Zacian|Behemoth Blade|p1a: Arceus\n|-damage|p1a: Arceus|19\/100\n|move|p1a: Arceus|Earthquake|p2a: Zacian\n|-damage|p2a: Zacian|0 fnt\n|faint|p2a: Zacian\n|\n|upkeep\n|\n|t:|1699620207\n|switch|p2a: Kyogre|Kyogre|100\/100\n|detailschange|p2a: Kyogre|Kyogre-Primal\n|-primal|p2a: Kyogre|Blue Orb\n|-weather|PrimordialSea|[from] ability: Primordial Sea|[of] p2a: Kyogre\n|turn|16\n|\n|t:|1699620214\n|move|p1a: Arceus|Earthquake|p2a: Kyogre\n|-crit|p2a: Kyogre\n|-damage|p2a: Kyogre|18\/100\n|move|p2a: Kyogre|Scald|p1a: Arceus\n|-supereffective|p1a: Arceus\n|-damage|p1a: Arceus|0 fnt\n|faint|p1a: Arceus\n|\n|-weather|PrimordialSea|[upkeep]\n|upkeep\n|\n|t:|1699620223\n|switch|p1a: Necrozma|Necrozma-Dusk-Mane|100\/100\n|-damage|p1a: Necrozma|88\/100|[from] Spikes\n|turn|17\n|\n|t:|1699620226\n|detailschange|p1a: Necrozma|Necrozma-Ultra\n|-burst|p1a: Necrozma|Necrozma|Ultranecrozium Z\n|move|p1a: Necrozma|Power Gem|p2a: Kyogre\n|-damage|p2a: Kyogre|0 fnt\n|faint|p2a: Kyogre\n|-weather|none\n|\n|upkeep\n|\n|t:|1699620232\n|switch|p2a: Yveltal|Yveltal, shiny|52\/100 tox\n|-ability|p2a: Yveltal|Dark Aura\n|turn|18\n|\n|t:|1699620235\n|switch|p1a: Zygarde|Zygarde|100\/100\n|-damage|p1a: Zygarde|88\/100|[from] Spikes\n|move|p2a: Yveltal|Sucker Punch||[still]\n|-fail|p2a: Yveltal\n|\n|-heal|p1a: Zygarde|94\/100|[from] item: Leftovers\n|-damage|p2a: Yveltal|46\/100 tox|[from] psn\n|upkeep\n|turn|19\n|\n|t:|1699620244\n|move|p2a: Yveltal|Knock Off|p1a: Zygarde\n|-damage|p1a: Zygarde|47\/100\n|-enditem|p1a: Zygarde|Leftovers|[from] move: Knock Off|[of] p2a: Yveltal\n|-damage|p2a: Yveltal|36\/100 tox|[from] item: Life Orb\n|move|p1a: Zygarde|Glare||[still]\n|-fail|p1a: Zygarde\n|\n|-damage|p2a: Yveltal|24\/100 tox|[from] psn\n|-activate|p1a: Zygarde|ability: Power Construct\n|detailschange|p1a: Zygarde|Zygarde-Complete\n|-heal|p1a: Zygarde|65\/100|[silent]\n|upkeep\n|turn|20\n|\n|t:|1699620253\n|move|p2a: Yveltal|Knock Off|p1a: Zygarde\n|-damage|p1a: Zygarde|46\/100\n|-damage|p2a: Yveltal|14\/100 tox|[from] item: Life Orb\n|move|p1a: Zygarde|Thousand Arrows|p2a: Yveltal\n|-damage|p2a: Yveltal|0 fnt\n|faint|p2a: Yveltal\n|\n|upkeep\n|\n|t:|1699620262\n|switch|p2a: Dondozo|Dondozo, M, shiny|100\/100\n|turn|21\n|\n|t:|1699620264\n|switch|p1a: Necrozma|Necrozma-Ultra|88\/100\n|-damage|p1a: Necrozma|76\/100|[from] Spikes\n|move|p2a: Dondozo|Curse|p2a: Dondozo\n|-unboost|p2a: Dondozo|spe|1\n|-boost|p2a: Dondozo|atk|1\n|-boost|p2a: Dondozo|def|1\n|\n|upkeep\n|turn|22\n|\n|t:|1699620270\n|-zpower|p1a: Necrozma\n|move|p1a: Necrozma|Light That Burns the Sky|p2a: Dondozo|[zeffect]\n|-damage|p2a: Dondozo|0 fnt\n|faint|p2a: Dondozo\n|\n|upkeep\n|\n|t:|1699620274\n|switch|p2a: Groudon|Groudon, shiny|100\/100\n|detailschange|p2a: Groudon|Groudon-Primal, shiny\n|-primal|p2a: Groudon|Red Orb\n|-weather|DesolateLand|[from] ability: Desolate Land|[of] p2a: Groudon\n|turn|23\n|\n|t:|1699620279\n|move|p1a: Necrozma|Photon Geyser|p2a: Groudon\n|-damage|p2a: Groudon|30\/100\n|move|p2a: Groudon|Rock Polish|p2a: Groudon\n|-boost|p2a: Groudon|spe|2\n|\n|-weather|DesolateLand|[upkeep]\n|upkeep\n|turn|24\n|\n|t:|1699620283\n|move|p2a: Groudon|Earthquake|p1a: Necrozma\n|-damage|p1a: Necrozma|14\/100\n|move|p1a: Necrozma|Photon Geyser|p2a: Groudon\n|-damage|p2a: Groudon|0 fnt\n|faint|p2a: Groudon\n|-weather|none\n|\n|win|priestmajor\n|raw|priestmajor's rating: 1790 &rarr; <strong>1802<\/strong><br \/>(+12 for winning)\n|raw|arafatr871's rating: 1644 &rarr; <strong>1632<\/strong><br \/>(-12 for losing)\n|l|\u2606priestmajor\n|l|\u2606arafatr871\n","uploadtime":1699620428,"views":6,"p1id":"priestmajor","p2id":"arafatr871","formatid":"gen9nationaldexubers","rating":1632,"private":0,"password":""}