{"id":"gen9nationaldexubers-1996344607","p1":"Theruffletkid","p2":"Xurkiyee","format":"[Gen 9] National Dex Ubers","log":"|j|\u2606Theruffletkid\n|j|\u2606Xurkiyee\n|t:|1700673160\n|gametype|singles\n|player|p1|Theruffletkid|wattson|\n|player|p2|Xurkiyee|kimonogirl|\n|teamsize|p1|6\n|teamsize|p2|6\n|gen|9\n|tier|[Gen 9] National Dex Ubers\n|rule|HP Percentage Mod: HP is shown in percentages\n|rule|Endless Battle Clause: Forcing endless battles is banned\n|rule|OHKO Clause: OHKO moves are banned\n|rule|Evasion Moves Clause: Evasion moves are banned\n|rule|Evasion Items Clause: Evasion items are banned\n|rule|Species Clause: Limit one of each Pok\u00e9mon\n|rule|Sleep Clause Mod: Limit one foe put to sleep\n|rule|Mega Rayquaza Clause: You cannot mega evolve Rayquaza\n|clearpoke\n|poke|p1|Toxapex, M|\n|poke|p1|Arceus-Water|\n|poke|p1|Magearna|\n|poke|p1|Ferrothorn, M|\n|poke|p1|Giratina|\n|poke|p1|Mewtwo|\n|poke|p2|Ursaluna-Bloodmoon, M|\n|poke|p2|Groudon|\n|poke|p2|Magearna|\n|poke|p2|Arceus-Water|\n|poke|p2|Latios, M|\n|poke|p2|Roaring Moon|\n|teampreview\n|c|\u2606Theruffletkid|Yeah sorry for ghosting you several times\n|c|\u2606Theruffletkid|Anyways glhf\n|c|\u2606Xurkiyee|All g\n|c|\u2606Xurkiyee|Hf\n|\n|t:|1700673202\n|start\n|switch|p1a: Arceus|Arceus-Water|100\/100\n|switch|p2a: Latios|Latios, M|100\/100\n|turn|1\n|\n|t:|1700673215\n|switch|p2a: Magearna|Magearna|100\/100\n|switch|p1a: Magearna|Magearna|100\/100\n|\n|upkeep\n|turn|2\n|\n|t:|1700673218\n|move|p2a: Magearna|Spikes|p1a: Magearna\n|-sidestart|p1: Theruffletkid|Spikes\n|move|p1a: Magearna|Volt Switch|p2a: Magearna\n|-damage|p2a: Magearna|83\/100\n|\n|t:|1700673239\n|switch|p1a: Ferrothorn|Ferrothorn, M|100\/100|[from] Volt Switch\n|-damage|p1a: Ferrothorn|88\/100|[from] Spikes\n|\n|-heal|p2a: Magearna|89\/100|[from] item: Leftovers\n|-heal|p1a: Ferrothorn|94\/100|[from] item: Leftovers\n|upkeep\n|turn|3\n|\n|t:|1700673247\n|move|p2a: Magearna|Spikes|p1a: Ferrothorn\n|-sidestart|p1: Theruffletkid|Spikes\n|move|p1a: Ferrothorn|Knock Off|p2a: Magearna\n|-resisted|p2a: Magearna\n|-damage|p2a: Magearna|83\/100\n|-enditem|p2a: Magearna|Leftovers|[from] move: Knock Off|[of] p1a: Ferrothorn\n|\n|-heal|p1a: Ferrothorn|99\/100|[from] item: Leftovers\n|upkeep\n|turn|4\n|\n|t:|1700673253\n|move|p2a: Magearna|Volt Switch|p1a: Ferrothorn\n|-resisted|p1a: Ferrothorn\n|-damage|p1a: Ferrothorn|93\/100\n|\n|t:|1700673255\n|switch|p2a: Latios|Latios, M|100\/100|[from] Volt Switch\n|move|p1a: Ferrothorn|Leech Seed|p2a: Latios\n|-start|p2a: Latios|move: Leech Seed\n|\n|-heal|p1a: Ferrothorn|99\/100|[from] item: Leftovers\n|-damage|p2a: Latios|88\/100|[from] Leech Seed|[of] p1a: Ferrothorn\n|-heal|p1a: Ferrothorn|100\/100|[silent]\n|upkeep\n|turn|5\n|\n|t:|1700673268\n|switch|p1a: Arceus|Arceus-Water|100\/100\n|-damage|p1a: Arceus|84\/100|[from] Spikes\n|detailschange|p2a: Latios|Latios-Mega, M\n|-mega|p2a: Latios|Latios|Latiosite\n|move|p2a: Latios|Mystical Fire|p1a: Arceus\n|-resisted|p1a: Arceus\n|-damage|p1a: Arceus|73\/100\n|-unboost|p1a: Arceus|spa|1\n|\n|-damage|p2a: Latios|76\/100|[from] Leech Seed|[of] p1a: Arceus\n|-heal|p1a: Arceus|82\/100|[silent]\n|upkeep\n|turn|6\n|\n|t:|1700673276\n|switch|p2a: Arceus|Arceus-Water|100\/100\n|move|p1a: Arceus|Defog|p2a: Arceus\n|-unboost|p2a: Arceus|evasion|1\n|-sideend|p1: Theruffletkid|Spikes|[from] move: Defog|[of] p1a: Arceus\n|\n|upkeep\n|turn|7\n|\n|t:|1700673281\n|move|p2a: Arceus|Will-O-Wisp|p1a: Arceus\n|-status|p1a: Arceus|brn\n|move|p1a: Arceus|Toxic|p2a: Arceus\n|-status|p2a: Arceus|tox\n|\n|-damage|p2a: Arceus|94\/100 tox|[from] psn\n|-damage|p1a: Arceus|75\/100 brn|[from] brn\n|upkeep\n|turn|8\n|\n|t:|1700673293\n|switch|p2a: Magearna|Magearna|83\/100\n|switch|p1a: Magearna|Magearna|100\/100\n|\n|upkeep\n|turn|9\n|\n|t:|1700673300\n|move|p1a: Magearna|Heal Bell|p1a: Magearna\n|-activate|p1a: Magearna|move: Heal Bell\n|-curestatus|p1: Arceus|brn|[msg]\n|move|p2a: Magearna|Volt Switch|p1a: Magearna\n|-damage|p1a: Magearna|82\/100\n|\n|t:|1700673303\n|switch|p2a: Groudon|Groudon|100\/100|[from] Volt Switch\n|-weather|SunnyDay|[from] ability: Drought|[of] p2a: Groudon\n|\n|-weather|SunnyDay|[upkeep]\n|-heal|p1a: Magearna|88\/100|[from] item: Leftovers\n|upkeep\n|turn|10\n|\n|t:|1700673311\n|switch|p1a: Giratina|Giratina|100\/100\n|-ability|p1a: Giratina|Pressure\n|move|p2a: Groudon|Precipice Blades|p1a: Giratina|[miss]\n|-miss|p2a: Groudon|p1a: Giratina\n|\n|-weather|SunnyDay|[upkeep]\n|upkeep\n|turn|11\n|\n|t:|1700673317\n|switch|p2a: Magearna|Magearna|83\/100\n|move|p1a: Giratina|Will-O-Wisp|p2a: Magearna\n|-status|p2a: Magearna|brn\n|\n|-weather|SunnyDay|[upkeep]\n|-damage|p2a: Magearna|77\/100 brn|[from] brn\n|upkeep\n|turn|12\n|\n|t:|1700673324\n|switch|p1a: Ferrothorn|Ferrothorn, M|100\/100\n|move|p2a: Magearna|Spikes|p1a: Ferrothorn\n|-sidestart|p1: Theruffletkid|Spikes\n|\n|-weather|SunnyDay|[upkeep]\n|-damage|p2a: Magearna|71\/100 brn|[from] brn\n|upkeep\n|turn|13\n|\n|t:|1700673334\n|move|p2a: Magearna|Volt Switch|p1a: Ferrothorn\n|-resisted|p1a: Ferrothorn\n|-damage|p1a: Ferrothorn|94\/100\n|\n|t:|1700673336\n|switch|p2a: Latios|Latios-Mega, M|76\/100|[from] Volt Switch\n|move|p1a: Ferrothorn|Leech Seed|p2a: Latios\n|-start|p2a: Latios|move: Leech Seed\n|\n|-weather|none\n|-heal|p1a: Ferrothorn|99\/100|[from] item: Leftovers\n|-damage|p2a: Latios|64\/100|[from] Leech Seed|[of] p1a: Ferrothorn\n|-heal|p1a: Ferrothorn|100\/100|[silent]\n|upkeep\n|turn|14\n|\n|t:|1700673351\n|switch|p2a: Arceus|Arceus-Water|94\/100 tox\n|switch|p1a: Toxapex|Toxapex, M|100\/100\n|\n|-damage|p2a: Arceus|88\/100 tox|[from] psn\n|upkeep\n|turn|15\n|\n|t:|1700673363\n|move|p2a: Arceus|Taunt|p1a: Toxapex\n|-start|p1a: Toxapex|move: Taunt\n|move|p1a: Toxapex|Scald|p2a: Arceus\n|-resisted|p2a: Arceus\n|-damage|p2a: Arceus|83\/100 tox\n|\n|-damage|p2a: Arceus|71\/100 tox|[from] psn\n|upkeep\n|turn|16\n|\n|t:|1700673369\n|switch|p2a: Magearna|Magearna|71\/100 brn\n|move|p1a: Toxapex|Scald|p2a: Magearna\n|-damage|p2a: Magearna|57\/100 brn\n|\n|-damage|p2a: Magearna|50\/100 brn|[from] brn\n|upkeep\n|turn|17\n|\n|t:|1700673375\n|switch|p1a: Ferrothorn|Ferrothorn, M|100\/100\n|-damage|p1a: Ferrothorn|88\/100|[from] Spikes\n|move|p2a: Magearna|Volt Switch|p1a: Ferrothorn\n|-resisted|p1a: Ferrothorn\n|-damage|p1a: Ferrothorn|82\/100\n|\n|t:|1700673378\n|switch|p2a: Latios|Latios-Mega, M|64\/100|[from] Volt Switch\n|\n|-heal|p1a: Ferrothorn|88\/100|[from] item: Leftovers\n|upkeep\n|turn|18\n|\n|t:|1700673391\n|switch|p1a: Toxapex|Toxapex, M|100\/100\n|move|p2a: Latios|Psyshock|p1a: Toxapex\n|-supereffective|p1a: Toxapex\n|-damage|p1a: Toxapex|45\/100\n|\n|upkeep\n|turn|19\n|\n|t:|1700673405\n|switch|p1a: Arceus|Arceus-Water|75\/100\n|-damage|p1a: Arceus|63\/100|[from] Spikes\n|move|p2a: Latios|Psyshock|p1a: Arceus\n|-damage|p1a: Arceus|37\/100\n|\n|upkeep\n|turn|20\n|\n|t:|1700673428\n|move|p2a: Latios|Draco Meteor|p1a: Arceus|[miss]\n|-miss|p2a: Latios|p1a: Arceus\n|move|p1a: Arceus|Recover|p1a: Arceus\n|-heal|p1a: Arceus|87\/100\n|\n|upkeep\n|turn|21\n|\n|t:|1700673437\n|switch|p2a: Arceus|Arceus-Water|71\/100 tox\n|switch|p1a: Magearna|Magearna|88\/100\n|-damage|p1a: Magearna|76\/100|[from] Spikes\n|\n|-heal|p1a: Magearna|82\/100|[from] item: Leftovers\n|-damage|p2a: Arceus|65\/100 tox|[from] psn\n|upkeep\n|turn|22\n|\n|t:|1700673441\n|move|p2a: Arceus|Recover|p2a: Arceus\n|-heal|p2a: Arceus|100\/100 tox\n|move|p1a: Magearna|Volt Switch|p2a: Arceus\n|-supereffective|p2a: Arceus\n|-damage|p2a: Arceus|74\/100 tox\n|\n|t:|1700673446\n|switch|p1a: Arceus|Arceus-Water|87\/100|[from] Volt Switch\n|-damage|p1a: Arceus|75\/100|[from] Spikes\n|\n|-damage|p2a: Arceus|62\/100 tox|[from] psn\n|upkeep\n|turn|23\n|\n|t:|1700673466\n|switch|p2a: Magearna|Magearna|50\/100 brn\n|move|p1a: Arceus|Defog|p2a: Magearna\n|-unboost|p2a: Magearna|evasion|1\n|-sideend|p1: Theruffletkid|Spikes|[from] move: Defog|[of] p1a: Arceus\n|\n|-damage|p2a: Magearna|44\/100 brn|[from] brn\n|upkeep\n|turn|24\n|\n|t:|1700673479\n|move|p1a: Arceus|Judgment|p2a: Magearna\n|-damage|p2a: Magearna|3\/100 brn\n|move|p2a: Magearna|Pain Split|p1a: Arceus\n|-sethp|p1a: Arceus|39\/100|[from] move: Pain Split|[silent]\n|-sethp|p2a: Magearna|47\/100 brn|[from] move: Pain Split\n|\n|-damage|p2a: Magearna|41\/100 brn|[from] brn\n|upkeep\n|turn|25\n|\n|t:|1700673488\n|move|p1a: Arceus|Recover|p1a: Arceus\n|-heal|p1a: Arceus|89\/100\n|move|p2a: Magearna|Volt Switch|p1a: Arceus\n|-supereffective|p1a: Arceus\n|-damage|p1a: Arceus|64\/100\n|\n|t:|1700673494\n|switch|p2a: Latios|Latios-Mega, M|64\/100|[from] Volt Switch\n|\n|upkeep\n|turn|26\n|\n|t:|1700673510\n|move|p2a: Latios|Psyshock|p1a: Arceus\n|-crit|p1a: Arceus\n|-damage|p1a: Arceus|23\/100\n|move|p1a: Arceus|Toxic|p2a: Latios\n|-status|p2a: Latios|tox\n|\n|-damage|p2a: Latios|58\/100 tox|[from] psn\n|upkeep\n|turn|27\n|\n|t:|1700673519\n|switch|p1a: Mewtwo|Mewtwo|100\/100\n|-ability|p1a: Mewtwo|Pressure\n|move|p2a: Latios|Psyshock|p1a: Mewtwo\n|-resisted|p1a: Mewtwo\n|-damage|p1a: Mewtwo|74\/100\n|\n|-damage|p2a: Latios|46\/100 tox|[from] psn\n|upkeep\n|turn|28\n|\n|t:|1700673525\n|switch|p2a: Groudon|Groudon|100\/100\n|-weather|SunnyDay|[from] ability: Drought|[of] p2a: Groudon\n|detailschange|p1a: Mewtwo|Mewtwo-Mega-X\n|-mega|p1a: Mewtwo|Mewtwo|Mewtwonite X\n|move|p1a: Mewtwo|Ice Beam|p2a: Groudon\n|-supereffective|p2a: Groudon\n|-damage|p2a: Groudon|53\/100\n|\n|-weather|SunnyDay|[upkeep]\n|-heal|p2a: Groudon|59\/100|[from] item: Leftovers\n|upkeep\n|turn|29\n|\n|t:|1700673534\n|move|p1a: Mewtwo|Low Kick|p2a: Groudon\n|-damage|p2a: Groudon|22\/100\n|move|p2a: Groudon|Precipice Blades|p1a: Mewtwo\n|-damage|p1a: Mewtwo|18\/100\n|\n|-weather|SunnyDay|[upkeep]\n|-heal|p2a: Groudon|28\/100|[from] item: Leftovers\n|upkeep\n|turn|30\n|\n|t:|1700673550\n|move|p2a: Groudon|Protect|p2a: Groudon\n|-singleturn|p2a: Groudon|Protect\n|move|p1a: Mewtwo|Ice Beam|p2a: Groudon\n|-activate|p2a: Groudon|move: Protect\n|\n|-weather|SunnyDay|[upkeep]\n|-heal|p2a: Groudon|34\/100|[from] item: Leftovers\n|upkeep\n|turn|31\n|\n|t:|1700673584\n|switch|p2a: Magearna|Magearna|41\/100 brn\n|move|p1a: Mewtwo|Low Kick|p2a: Magearna\n|-damage|p2a: Magearna|8\/100 brn\n|\n|-weather|SunnyDay|[upkeep]\n|-damage|p2a: Magearna|2\/100 brn|[from] brn\n|upkeep\n|turn|32\n|\n|t:|1700673590\n|move|p1a: Mewtwo|Low Kick|p2a: Magearna\n|-damage|p2a: Magearna|0 fnt\n|faint|p2a: Magearna\n|\n|-weather|none\n|upkeep\n|\n|t:|1700673591\n|switch|p2a: Groudon|Groudon|34\/100\n|-weather|SunnyDay|[from] ability: Drought|[of] p2a: Groudon\n|turn|33\n|\n|t:|1700673600\n|switch|p1a: Giratina|Giratina|100\/100\n|-ability|p1a: Giratina|Pressure\n|-terastallize|p2a: Groudon|Fairy\n|move|p2a: Groudon|Precipice Blades|p1a: Giratina\n|-damage|p1a: Giratina|75\/100\n|\n|-weather|SunnyDay|[upkeep]\n|-heal|p2a: Groudon|41\/100|[from] item: Leftovers\n|-heal|p1a: Giratina|81\/100|[from] item: Leftovers\n|upkeep\n|turn|34\n|\n|t:|1700673609\n|switch|p2a: Arceus|Arceus-Water|62\/100 tox\n|move|p1a: Giratina|Will-O-Wisp||[still]\n|-fail|p1a: Giratina\n|\n|-weather|SunnyDay|[upkeep]\n|-heal|p1a: Giratina|88\/100|[from] item: Leftovers\n|-damage|p2a: Arceus|56\/100 tox|[from] psn\n|upkeep\n|turn|35\n|\n|t:|1700673616\n|switch|p2a: Roaring Moon|Roaring Moon|100\/100\n|-activate|p2a: Roaring Moon|ability: Protosynthesis\n|-start|p2a: Roaring Moon|protosynthesisatk\n|switch|p1a: Toxapex|Toxapex, M|78\/100\n|\n|-weather|SunnyDay|[upkeep]\n|upkeep\n|turn|36\n|\n|t:|1700673627\n|move|p2a: Roaring Moon|Earthquake|p1a: Toxapex\n|-supereffective|p1a: Toxapex\n|-damage|p1a: Toxapex|0 fnt\n|faint|p1a: Toxapex\n|\n|-weather|SunnyDay|[upkeep]\n|upkeep\n|\n|t:|1700673635\n|switch|p1a: Ferrothorn|Ferrothorn, M|88\/100\n|turn|37\n|\n|t:|1700673637\n|move|p2a: Roaring Moon|Earthquake|p1a: Ferrothorn\n|-damage|p1a: Ferrothorn|38\/100\n|move|p1a: Ferrothorn|Knock Off|p2a: Roaring Moon\n|-resisted|p2a: Roaring Moon\n|-damage|p2a: Roaring Moon|87\/100\n|-enditem|p2a: Roaring Moon|Choice Band|[from] move: Knock Off|[of] p1a: Ferrothorn\n|\n|-weather|none\n|-end|p2a: Roaring Moon|Protosynthesis\n|-heal|p1a: Ferrothorn|44\/100|[from] item: Leftovers\n|upkeep\n|turn|38\n|\n|t:|1700673647\n|move|p2a: Roaring Moon|Knock Off|p1a: Ferrothorn\n|-damage|p1a: Ferrothorn|3\/100\n|-damage|p2a: Roaring Moon|74\/100|[from] ability: Iron Barbs|[of] p1a: Ferrothorn\n|-enditem|p1a: Ferrothorn|Leftovers|[from] move: Knock Off|[of] p2a: Roaring Moon\n|move|p1a: Ferrothorn|Leech Seed|p2a: Roaring Moon\n|-start|p2a: Roaring Moon|move: Leech Seed\n|\n|-damage|p2a: Roaring Moon|62\/100|[from] Leech Seed|[of] p1a: Ferrothorn\n|-heal|p1a: Ferrothorn|15\/100|[silent]\n|upkeep\n|turn|39\n|\n|t:|1700673663\n|move|p2a: Roaring Moon|U-turn|p1a: Ferrothorn\n|-damage|p1a: Ferrothorn|0 fnt\n|-damage|p2a: Roaring Moon|50\/100|[from] ability: Iron Barbs|[of] p1a: Ferrothorn\n|faint|p1a: Ferrothorn\n|\n|t:|1700673673\n|-end|p2a: Roaring Moon|Protosynthesis|[silent]\n|switch|p2a: Arceus|Arceus-Water|56\/100 tox|[from] U-turn\n|\n|-damage|p2a: Arceus|50\/100 tox|[from] psn\n|upkeep\n|\n|t:|1700673687\n|switch|p1a: Arceus|Arceus-Water|23\/100\n|turn|40\n|\n|t:|1700673691\n|move|p2a: Arceus|Taunt|p1a: Arceus\n|-start|p1a: Arceus|move: Taunt\n|cant|p1a: Arceus|move: Taunt|Recover\n|\n|-damage|p2a: Arceus|37\/100 tox|[from] psn\n|upkeep\n|turn|41\n|\n|t:|1700673695\n|switch|p1a: Magearna|Magearna|82\/100\n|move|p2a: Arceus|Recover|p2a: Arceus\n|-heal|p2a: Arceus|87\/100 tox\n|\n|-heal|p1a: Magearna|88\/100|[from] item: Leftovers\n|-damage|p2a: Arceus|69\/100 tox|[from] psn\n|upkeep\n|turn|42\n|\n|t:|1700673700\n|switch|p2a: Ursaluna|Ursaluna-Bloodmoon, M|100\/100\n|move|p1a: Magearna|Fleur Cannon|p2a: Ursaluna\n|-damage|p2a: Ursaluna|30\/100\n|-unboost|p1a: Magearna|spa|2\n|\n|-heal|p1a: Magearna|94\/100|[from] item: Leftovers\n|-heal|p2a: Ursaluna|36\/100|[from] item: Leftovers\n|upkeep\n|turn|43\n|\n|t:|1700673709\n|switch|p1a: Giratina|Giratina|88\/100\n|-ability|p1a: Giratina|Pressure\n|move|p2a: Ursaluna|Moonlight|p2a: Ursaluna\n|-heal|p2a: Ursaluna|86\/100\n|\n|-heal|p1a: Giratina|94\/100|[from] item: Leftovers\n|-heal|p2a: Ursaluna|92\/100|[from] item: Leftovers\n|upkeep\n|turn|44\n|\n|t:|1700673714\n|move|p1a: Giratina|Toxic|p2a: Ursaluna|[miss]\n|-miss|p1a: Giratina|p2a: Ursaluna\n|move|p2a: Ursaluna|Calm Mind|p2a: Ursaluna\n|-boost|p2a: Ursaluna|spa|1\n|-boost|p2a: Ursaluna|spd|1\n|\n|-heal|p1a: Giratina|99\/100|[from] item: Leftovers\n|-heal|p2a: Ursaluna|99\/100|[from] item: Leftovers\n|upkeep\n|turn|45\n|\n|t:|1700673733\n|move|p1a: Giratina|Toxic|p2a: Ursaluna\n|-status|p2a: Ursaluna|tox\n|move|p2a: Ursaluna|Blood Moon|p1a: Giratina\n|-damage|p1a: Giratina|33\/100\n|\n|-heal|p1a: Giratina|39\/100|[from] item: Leftovers\n|-heal|p2a: Ursaluna|100\/100 tox|[from] item: Leftovers\n|-damage|p2a: Ursaluna|94\/100 tox|[from] psn\n|upkeep\n|turn|46\n|\n|t:|1700673747\n|move|p1a: Giratina|Rest|p1a: Giratina\n|-status|p1a: Giratina|slp|[from] move: Rest\n|-heal|p1a: Giratina|100\/100 slp|[silent]\n|move|p2a: Ursaluna|Hyper Voice|p1a: Giratina\n|-damage|p1a: Giratina|62\/100 slp\n|\n|-heal|p1a: Giratina|68\/100 slp|[from] item: Leftovers\n|-heal|p2a: Ursaluna|100\/100 tox|[from] item: Leftovers\n|-damage|p2a: Ursaluna|88\/100 tox|[from] psn\n|upkeep\n|turn|47\n|\n|t:|1700673765\n|cant|p1a: Giratina|slp\n|move|p2a: Ursaluna|Hyper Voice|p1a: Giratina\n|-damage|p1a: Giratina|28\/100 slp\n|\n|-heal|p1a: Giratina|34\/100 slp|[from] item: Leftovers\n|-heal|p2a: Ursaluna|94\/100 tox|[from] item: Leftovers\n|-damage|p2a: Ursaluna|76\/100 tox|[from] psn\n|upkeep\n|turn|48\n|\n|t:|1700673775\n|cant|p1a: Giratina|slp\n|move|p2a: Ursaluna|Hyper Voice|p1a: Giratina\n|-damage|p1a: Giratina|0 fnt\n|faint|p1a: Giratina\n|\n|-heal|p2a: Ursaluna|82\/100 tox|[from] item: Leftovers\n|-damage|p2a: Ursaluna|57\/100 tox|[from] psn\n|upkeep\n|\n|t:|1700673779\n|switch|p1a: Mewtwo|Mewtwo-Mega-X|18\/100\n|turn|49\n|\n|t:|1700673788\n|move|p1a: Mewtwo|Low Kick|p2a: Ursaluna\n|-supereffective|p2a: Ursaluna\n|-damage|p2a: Ursaluna|0 fnt\n|faint|p2a: Ursaluna\n|\n|upkeep\n|\n|t:|1700673792\n|switch|p2a: Groudon|Groudon, tera:Fairy|41\/100\n|-weather|SunnyDay|[from] ability: Drought|[of] p2a: Groudon\n|turn|50\n|\n|t:|1700673801\n|switch|p1a: Magearna|Magearna|94\/100\n|move|p2a: Groudon|Precipice Blades|p1a: Magearna\n|-supereffective|p1a: Magearna\n|-damage|p1a: Magearna|27\/100\n|\n|-weather|SunnyDay|[upkeep]\n|-heal|p2a: Groudon|47\/100|[from] item: Leftovers\n|-heal|p1a: Magearna|33\/100|[from] item: Leftovers\n|upkeep\n|turn|51\n|\n|t:|1700673814\n|-terastallize|p1a: Magearna|Water\n|move|p2a: Groudon|Precipice Blades|p1a: Magearna\n|-damage|p1a: Magearna|0 fnt\n|faint|p1a: Magearna\n|\n|-weather|SunnyDay|[upkeep]\n|-heal|p2a: Groudon|53\/100|[from] item: Leftovers\n|upkeep\n|\n|t:|1700673820\n|switch|p1a: Arceus|Arceus-Water|23\/100\n|turn|52\n|\n|t:|1700673823\n|move|p1a: Arceus|Recover|p1a: Arceus\n|-heal|p1a: Arceus|73\/100\n|move|p2a: Groudon|Toxic|p1a: Arceus\n|-status|p1a: Arceus|tox\n|\n|-weather|SunnyDay|[upkeep]\n|-heal|p2a: Groudon|59\/100|[from] item: Leftovers\n|-damage|p1a: Arceus|67\/100 tox|[from] psn\n|upkeep\n|turn|53\n|\n|t:|1700673828\n|move|p2a: Groudon|Protect|p2a: Groudon\n|-singleturn|p2a: Groudon|Protect\n|move|p1a: Arceus|Toxic|p2a: Groudon\n|-activate|p2a: Groudon|move: Protect\n|\n|-weather|SunnyDay|[upkeep]\n|-heal|p2a: Groudon|66\/100|[from] item: Leftovers\n|-damage|p1a: Arceus|55\/100 tox|[from] psn\n|upkeep\n|turn|54\n|\n|t:|1700673834\n|switch|p2a: Latios|Latios-Mega, M|46\/100 tox\n|move|p1a: Arceus|Toxic|p2a: Latios\n|-fail|p2a: Latios|tox\n|\n|-weather|none\n|-damage|p2a: Latios|40\/100 tox|[from] psn\n|-damage|p1a: Arceus|37\/100 tox|[from] psn\n|upkeep\n|turn|55\n|\n|t:|1700673838\n|move|p2a: Latios|Recover|p2a: Latios\n|-heal|p2a: Latios|90\/100 tox\n|move|p1a: Arceus|Recover|p1a: Arceus\n|-heal|p1a: Arceus|87\/100 tox\n|\n|-damage|p2a: Latios|78\/100 tox|[from] psn\n|-damage|p1a: Arceus|63\/100 tox|[from] psn\n|upkeep\n|turn|56\n|\n|t:|1700673845\n|move|p2a: Latios|Psyshock|p1a: Arceus\n|-damage|p1a: Arceus|35\/100 tox\n|move|p1a: Arceus|Judgment|p2a: Latios\n|-resisted|p2a: Latios\n|-damage|p2a: Latios|56\/100 tox\n|\n|-damage|p2a: Latios|38\/100 tox|[from] psn\n|-damage|p1a: Arceus|4\/100 tox|[from] psn\n|upkeep\n|turn|57\n|\n|t:|1700673851\n|move|p2a: Latios|Recover|p2a: Latios\n|-heal|p2a: Latios|88\/100 tox\n|move|p1a: Arceus|Recover|p1a: Arceus\n|-heal|p1a: Arceus|54\/100 tox\n|\n|-damage|p2a: Latios|64\/100 tox|[from] psn\n|-damage|p1a: Arceus|18\/100 tox|[from] psn\n|upkeep\n|turn|58\n|\n|t:|1700673856\n|move|p2a: Latios|Psyshock|p1a: Arceus\n|-damage|p1a: Arceus|0 fnt\n|faint|p1a: Arceus\n|\n|-damage|p2a: Latios|34\/100 tox|[from] psn\n|upkeep\n|\n|t:|1700673862\n|switch|p1a: Mewtwo|Mewtwo-Mega-X|18\/100\n|turn|59\n|\n|t:|1700673864\n|switch|p2a: Roaring Moon|Roaring Moon|50\/100\n|move|p1a: Mewtwo|Ice Beam|p2a: Roaring Moon\n|-supereffective|p2a: Roaring Moon\n|-damage|p2a: Roaring Moon|0 fnt\n|faint|p2a: Roaring Moon\n|-end|p2a: Roaring Moon|Protosynthesis|[silent]\n|\n|upkeep\n|\n|t:|1700673868\n|switch|p2a: Groudon|Groudon, tera:Fairy|66\/100\n|-weather|SunnyDay|[from] ability: Drought|[of] p2a: Groudon\n|turn|60\n|\n|t:|1700673873\n|move|p1a: Mewtwo|Stone Edge|p2a: Groudon\n|-damage|p2a: Groudon|41\/100\n|move|p2a: Groudon|Toxic|p1a: Mewtwo\n|-status|p1a: Mewtwo|tox\n|\n|-weather|SunnyDay|[upkeep]\n|-heal|p2a: Groudon|48\/100|[from] item: Leftovers\n|-damage|p1a: Mewtwo|12\/100 tox|[from] psn\n|upkeep\n|turn|61\n|\n|t:|1700673878\n|move|p2a: Groudon|Protect|p2a: Groudon\n|-singleturn|p2a: Groudon|Protect\n|move|p1a: Mewtwo|Stone Edge|p2a: Groudon\n|-activate|p2a: Groudon|move: Protect\n|\n|-weather|SunnyDay|[upkeep]\n|-heal|p2a: Groudon|54\/100|[from] item: Leftovers\n|-damage|p1a: Mewtwo|0 fnt|[from] psn\n|faint|p1a: Mewtwo\n|\n|win|Xurkiyee\n|upkeep\n|c|\u2606Xurkiyee|gg\n","uploadtime":1700673883,"views":23,"p1id":"theruffletkid","p2id":"xurkiyee","formatid":"gen9nationaldexubers","rating":0,"private":0,"password":""}