{"id":"gen9nationaldexubers-1982898741","p1":"DiosPanzer","p2":"alcatel999","format":"[Gen 9] National Dex Ubers","log":"|j|\u2606DiosPanzer\n|j|\u2606alcatel999\n|t:|1699056325\n|gametype|singles\n|player|p1|DiosPanzer|265|\n|player|p2|alcatel999|rocketgrunt|\n|teamsize|p1|6\n|teamsize|p2|6\n|gen|9\n|tier|[Gen 9] National Dex Ubers\n|rule|HP Percentage Mod: HP is shown in percentages\n|rule|Endless Battle Clause: Forcing endless battles is banned\n|rule|OHKO Clause: OHKO moves are banned\n|rule|Evasion Moves Clause: Evasion moves are banned\n|rule|Evasion Items Clause: Evasion items are banned\n|rule|Species Clause: Limit one of each Pok\u00e9mon\n|rule|Sleep Clause Mod: Limit one foe put to sleep\n|rule|Mega Rayquaza Clause: You cannot mega evolve Rayquaza\n|clearpoke\n|poke|p1|Medicham, F|\n|poke|p1|Nidoking, M|\n|poke|p1|Garganacl, F|\n|poke|p1|Haxorus, M|\n|poke|p1|Ninetales-Alola, M|\n|poke|p1|Garchomp, F|\n|poke|p2|Diancie|\n|poke|p2|Klefki, M|\n|poke|p2|Mimikyu, F|\n|poke|p2|Tapu Fini|\n|poke|p2|Tapu Bulu|\n|poke|p2|Tapu Lele|\n|teampreview\n|c|\u2606alcatel999|Opa\n|c|\u2606alcatel999|Good luck\n|c|\u2606DiosPanzer|Waos\n|\n|t:|1699056358\n|start\n|switch|p1a: Ninetales|Ninetales-Alola, M, shiny|100\/100\n|switch|p2a: LaLlaveDeTuCorazon|Klefki, M|100\/100\n|-weather|Snow|[from] ability: Snow Warning|[of] p1a: Ninetales\n|turn|1\n|c|\u2606DiosPanzer|NidoGOD solea\n|\n|t:|1699056366\n|move|p2a: LaLlaveDeTuCorazon|Spikes|p1a: Ninetales\n|-sidestart|p1: DiosPanzer|Spikes\n|move|p1a: Ninetales|Aurora Veil|p1a: Ninetales\n|-sidestart|p1: DiosPanzer|move: Aurora Veil\n|\n|-weather|Snow|[upkeep]\n|upkeep\n|turn|2\n|\n|t:|1699056371\n|switch|p1a: Garchomp|Garchomp, F|100\/100\n|-damage|p1a: Garchomp|88\/100|[from] Spikes\n|move|p2a: LaLlaveDeTuCorazon|Spikes|p1a: Garchomp\n|-sidestart|p1: DiosPanzer|Spikes\n|\n|-weather|Snow|[upkeep]\n|upkeep\n|turn|3\n|\n|t:|1699056379\n|move|p2a: LaLlaveDeTuCorazon|Reflect|p2a: LaLlaveDeTuCorazon\n|-sidestart|p2: alcatel999|Reflect\n|move|p1a: Garchomp|Earthquake|p2a: LaLlaveDeTuCorazon\n|-supereffective|p2a: LaLlaveDeTuCorazon\n|-damage|p2a: LaLlaveDeTuCorazon|64\/100\n|\n|-weather|Snow|[upkeep]\n|upkeep\n|turn|4\n|\n|t:|1699056385\n|move|p2a: LaLlaveDeTuCorazon|Toxic|p1a: Garchomp\n|-status|p1a: Garchomp|tox\n|move|p1a: Garchomp|Spikes|p2a: LaLlaveDeTuCorazon\n|-sidestart|p2: alcatel999|Spikes\n|\n|-weather|Snow|[upkeep]\n|-damage|p1a: Garchomp|82\/100 tox|[from] psn\n|upkeep\n|turn|5\n|\n|t:|1699056392\n|move|p2a: LaLlaveDeTuCorazon|Spikes|p1a: Garchomp\n|-sidestart|p1: DiosPanzer|Spikes\n|move|p1a: Garchomp|Stealth Rock|p2a: LaLlaveDeTuCorazon\n|-sidestart|p2: alcatel999|move: Stealth Rock\n|\n|-weather|none\n|-damage|p1a: Garchomp|70\/100 tox|[from] psn\n|upkeep\n|turn|6\n|c|\u2606DiosPanzer|Que asquito me das\n|\n|t:|1699056401\n|move|p2a: LaLlaveDeTuCorazon|Light Screen|p2a: LaLlaveDeTuCorazon\n|-sidestart|p2: alcatel999|move: Light Screen\n|move|p1a: Garchomp|Spikes|p2a: LaLlaveDeTuCorazon\n|-sidestart|p2: alcatel999|Spikes\n|\n|-damage|p1a: Garchomp|51\/100 tox|[from] psn\n|upkeep\n|turn|7\n|\n|t:|1699056409\n|switch|p2a: Di-vi-na|Diancie|100\/100\n|-damage|p2a: Di-vi-na|84\/100|[from] Spikes\n|-damage|p2a: Di-vi-na|72\/100|[from] Stealth Rock\n|move|p1a: Garchomp|Spikes|p2a: Di-vi-na\n|-sidestart|p2: alcatel999|Spikes\n|\n|-damage|p1a: Garchomp|26\/100 tox|[from] psn\n|upkeep\n|turn|8\n|\n|t:|1699056421\n|detailschange|p2a: Di-vi-na|Diancie-Mega\n|-mega|p2a: Di-vi-na|Diancie|Diancite\n|move|p2a: Di-vi-na|Moonblast|p1a: Garchomp\n|-supereffective|p1a: Garchomp\n|-damage|p1a: Garchomp|0 fnt\n|faint|p1a: Garchomp\n|\n|-sideend|p1: DiosPanzer|move: Aurora Veil\n|upkeep\n|\n|t:|1699056442\n|switch|p1a: Ninetales|Ninetales-Alola, M, shiny|100\/100\n|-damage|p1a: Ninetales|76\/100|[from] Spikes\n|-weather|Snow|[from] ability: Snow Warning|[of] p1a: Ninetales\n|turn|9\n|\n|t:|1699056449\n|move|p2a: Di-vi-na|Stealth Rock|p1a: Ninetales\n|-sidestart|p1: DiosPanzer|move: Stealth Rock\n|move|p1a: Ninetales|Aurora Veil|p1a: Ninetales\n|-sidestart|p1: DiosPanzer|move: Aurora Veil\n|\n|-weather|Snow|[upkeep]\n|upkeep\n|turn|10\n|\n|t:|1699056457\n|move|p2a: Di-vi-na|Mystical Fire|p1a: Ninetales\n|-supereffective|p1a: Ninetales\n|-damage|p1a: Ninetales|44\/100\n|-unboost|p1a: Ninetales|spa|1\n|move|p1a: Ninetales|Moonblast|p2a: Di-vi-na\n|-damage|p2a: Di-vi-na|60\/100\n|\n|-weather|Snow|[upkeep]\n|-sideend|p2: alcatel999|Reflect\n|upkeep\n|turn|11\n|\n|t:|1699056471\n|move|p2a: Di-vi-na|Mystical Fire|p1a: Ninetales\n|-supereffective|p1a: Ninetales\n|-damage|p1a: Ninetales|13\/100\n|-unboost|p1a: Ninetales|spa|1\n|move|p1a: Ninetales|Moonblast|p2a: Di-vi-na\n|-damage|p2a: Di-vi-na|50\/100\n|\n|-weather|Snow|[upkeep]\n|upkeep\n|turn|12\n|\n|t:|1699056482\n|move|p2a: Di-vi-na|Mystical Fire|p1a: Ninetales\n|-supereffective|p1a: Ninetales\n|-damage|p1a: Ninetales|0 fnt\n|faint|p1a: Ninetales\n|\n|-weather|Snow|[upkeep]\n|upkeep\n|\n|t:|1699056488\n|switch|p1a: Nidoking|Nidoking, M, shiny|100\/100\n|-damage|p1a: Nidoking|76\/100|[from] Spikes\n|-damage|p1a: Nidoking|70\/100|[from] Stealth Rock\n|turn|13\n|c|\u2606alcatel999|Espero no sea scarf\n|\n|t:|1699056500\n|-terastallize|p1a: Nidoking|Ice\n|move|p2a: Di-vi-na|Earth Power|p1a: Nidoking\n|-damage|p1a: Nidoking|46\/100\n|move|p1a: Nidoking|Earth Power|p2a: Di-vi-na\n|-supereffective|p2a: Di-vi-na\n|-damage|p2a: Di-vi-na|0 fnt\n|faint|p2a: Di-vi-na\n|\n|-weather|none\n|-sideend|p2: alcatel999|move: Light Screen\n|upkeep\n|c|\u2606DiosPanzer|Si es\n|c|\u2606DiosPanzer|Era bait\n|\n|t:|1699056510\n|switch|p2a: LaLlaveDeTuCorazon|Klefki, M|64\/100\n|-damage|p2a: LaLlaveDeTuCorazon|39\/100|[from] Spikes\n|-damage|p2a: LaLlaveDeTuCorazon|34\/100|[from] Stealth Rock\n|turn|14\n|\n|t:|1699056516\n|move|p2a: LaLlaveDeTuCorazon|Light Screen|p2a: LaLlaveDeTuCorazon\n|-sidestart|p2: alcatel999|move: Light Screen\n|move|p1a: Nidoking|Earth Power|p2a: LaLlaveDeTuCorazon\n|-supereffective|p2a: LaLlaveDeTuCorazon\n|-damage|p2a: LaLlaveDeTuCorazon|0 fnt\n|faint|p2a: LaLlaveDeTuCorazon\n|\n|upkeep\n|c|\u2606DiosPanzer|A huevo\n|c|\u2606DiosPanzer|No reflejo\n|\n|t:|1699056538\n|switch|p2a: Mimigod|Mimikyu, F|100\/100\n|-damage|p2a: Mimigod|76\/100|[from] Spikes\n|-damage|p2a: Mimigod|63\/100|[from] Stealth Rock\n|turn|15\n|\n|t:|1699056543\n|move|p2a: Mimigod|Swords Dance|p2a: Mimigod\n|-boost|p2a: Mimigod|atk|2\n|move|p1a: Nidoking|Sludge Wave|p2a: Mimigod\n|-activate|p2a: Mimigod|ability: Disguise\n|-damage|p2a: Mimigod|63\/100\n|detailschange|p2a: Mimigod|Mimikyu-Busted, F\n|-damage|p2a: Mimigod|51\/100|[from] pokemon: Mimikyu-Busted\n|\n|upkeep\n|turn|16\n|\n|t:|1699056553\n|move|p2a: Mimigod|Drain Punch|p1a: Nidoking\n|-supereffective|p1a: Nidoking\n|-damage|p1a: Nidoking|0 fnt\n|-heal|p2a: Mimigod|79\/100|[from] drain|[of] p1a: Nidoking\n|faint|p1a: Nidoking\n|-damage|p2a: Mimigod|69\/100|[from] item: Life Orb\n|\n|-sideend|p1: DiosPanzer|move: Aurora Veil\n|upkeep\n|\n|t:|1699056560\n|switch|p1a: Garganacl|Garganacl, F|100\/100\n|-damage|p1a: Garganacl|75\/100|[from] Spikes\n|-damage|p1a: Garganacl|63\/100|[from] Stealth Rock\n|turn|17\n|\n|t:|1699056566\n|move|p1a: Garganacl|Protect|p1a: Garganacl\n|-singleturn|p1a: Garganacl|Protect\n|move|p2a: Mimigod|Drain Punch|p1a: Garganacl\n|-activate|p1a: Garganacl|move: Protect\n|\n|-heal|p1a: Garganacl|69\/100|[from] item: Leftovers\n|upkeep\n|turn|18\n|c|\u2606DiosPanzer|Creo que perdi\n|c|\u2606DiosPanzer|No puedo matar a esa cosa\n|\n|t:|1699056585\n|move|p2a: Mimigod|Drain Punch|p1a: Garganacl\n|-supereffective|p1a: Garganacl\n|-damage|p1a: Garganacl|9\/100\n|-heal|p2a: Mimigod|100\/100|[from] drain|[of] p1a: Garganacl\n|-damage|p2a: Mimigod|91\/100|[from] item: Life Orb\n|move|p1a: Garganacl|Salt Cure|p2a: Mimigod\n|-damage|p2a: Mimigod|69\/100\n|-start|p2a: Mimigod|Salt Cure\n|\n|-heal|p1a: Garganacl|16\/100|[from] item: Leftovers\n|-damage|p2a: Mimigod|57\/100|[from] Salt Cure\n|upkeep\n|turn|19\n|\n|t:|1699056596\n|move|p1a: Garganacl|Protect|p1a: Garganacl\n|-singleturn|p1a: Garganacl|Protect\n|move|p2a: Mimigod|Swords Dance|p2a: Mimigod\n|-boost|p2a: Mimigod|atk|2\n|\n|-heal|p1a: Garganacl|22\/100|[from] item: Leftovers\n|-damage|p2a: Mimigod|44\/100|[from] Salt Cure\n|upkeep\n|turn|20\n|c|\u2606DiosPanzer|La puta madre\n|\n|t:|1699056608\n|move|p2a: Mimigod|Drain Punch|p1a: Garganacl\n|-supereffective|p1a: Garganacl\n|-damage|p1a: Garganacl|0 fnt\n|-heal|p2a: Mimigod|61\/100|[from] drain|[of] p1a: Garganacl\n|faint|p1a: Garganacl\n|-damage|p2a: Mimigod|51\/100|[from] item: Life Orb\n|\n|-damage|p2a: Mimigod|39\/100|[from] Salt Cure\n|upkeep\n|\n|t:|1699056620\n|switch|p1a: Medicham|Medicham, F|100\/100\n|-damage|p1a: Medicham|76\/100|[from] Spikes\n|-damage|p1a: Medicham|69\/100|[from] Stealth Rock\n|turn|21\n|\n|t:|1699056628\n|detailschange|p1a: Medicham|Medicham-Mega, F\n|-mega|p1a: Medicham|Medicham|Medichamite\n|-terastallize|p2a: Mimigod|Dark\n|move|p2a: Mimigod|Shadow Sneak|p1a: Medicham\n|-supereffective|p1a: Medicham\n|-damage|p1a: Medicham|0 fnt\n|faint|p1a: Medicham\n|-damage|p2a: Mimigod|29\/100|[from] item: Life Orb\n|\n|-damage|p2a: Mimigod|17\/100|[from] Salt Cure\n|-sideend|p2: alcatel999|move: Light Screen\n|upkeep\n|\n|t:|1699056637\n|switch|p1a: Haxorus|Haxorus, M, shiny|100\/100\n|-damage|p1a: Haxorus|76\/100|[from] Spikes\n|-damage|p1a: Haxorus|63\/100|[from] Stealth Rock\n|-ability|p1a: Haxorus|Mold Breaker\n|turn|22\n|\n|t:|1699056644\n|move|p2a: Mimigod|Shadow Sneak|p1a: Haxorus\n|-damage|p1a: Haxorus|0 fnt\n|faint|p1a: Haxorus\n|-damage|p2a: Mimigod|7\/100|[from] item: Life Orb\n|\n|win|alcatel999\n|l|\u2606DiosPanzer\n|c|\u2606alcatel999|Gg\n","uploadtime":1699056653,"views":6,"p1id":"diospanzer","p2id":"alcatel999","formatid":"gen9nationaldexubers","rating":0,"private":0,"password":""}