{"id":"gen9nationaldexubers-1993053320","p1":"Kdisue","p2":"dani_noah1","format":"[Gen 9] National Dex Ubers","log":"|j|\u2606Kdisue\n|j|\u2606dani_noah1\n|t:|1700259571\n|gametype|singles\n|player|p1|Kdisue|265|1101\n|player|p2|dani_noah1|hilbert|1148\n|teamsize|p1|6\n|teamsize|p2|6\n|gen|9\n|tier|[Gen 9] National Dex Ubers\n|rated|\n|rule|HP Percentage Mod: HP is shown in percentages\n|rule|Endless Battle Clause: Forcing endless battles is banned\n|rule|OHKO Clause: OHKO moves are banned\n|rule|Evasion Moves Clause: Evasion moves are banned\n|rule|Evasion Items Clause: Evasion items are banned\n|rule|Species Clause: Limit one of each Pok\u00e9mon\n|rule|Sleep Clause Mod: Limit one foe put to sleep\n|rule|Mega Rayquaza Clause: You cannot mega evolve Rayquaza\n|clearpoke\n|poke|p1|Deoxys-Defense|\n|poke|p1|Chansey, F|\n|poke|p1|Ferrothorn, M|\n|poke|p1|Rotom-Wash|\n|poke|p1|Ho-Oh|\n|poke|p1|Lugia|\n|poke|p2|Lucario, M|\n|poke|p2|Zeraora|\n|poke|p2|Blacephalon|\n|poke|p2|Necrozma-Dusk-Mane|\n|poke|p2|Naganadel|\n|poke|p2|Gallade, M|\n|teampreview\n|inactive|Battle timer is ON: inactive players will automatically lose when time's up. (requested by Kdisue)\n|\n|t:|1700259580\n|start\n|switch|p1a: Sexy Red|Deoxys-Defense|100\/100\n|switch|p2a: Necrozma|Necrozma-Dusk-Mane|100\/100\n|-ability|p1a: Sexy Red|Pressure\n|turn|1\n|c|\u2606Kdisue|Sry for the stall\n|\n|t:|1700259593\n|switch|p1a: Ho-Oh|Ho-Oh|100\/100\n|detailschange|p2a: Necrozma|Necrozma-Ultra\n|-burst|p2a: Necrozma|Necrozma|Ultranecrozium Z\n|move|p2a: Necrozma|Dark Pulse|p1a: Ho-Oh\n|-damage|p1a: Ho-Oh|92\/100\n|\n|upkeep\n|turn|2\n|\n|t:|1700259623\n|-zpower|p2a: Necrozma\n|move|p2a: Necrozma|Light That Burns the Sky|p1a: Ho-Oh|[zeffect]\n|-damage|p1a: Ho-Oh|60\/100\n|move|p1a: Ho-Oh|Sacred Fire|p2a: Necrozma\n|-resisted|p2a: Necrozma\n|-damage|p2a: Necrozma|84\/100\n|-status|p2a: Necrozma|brn\n|\n|-damage|p2a: Necrozma|78\/100 brn|[from] brn\n|upkeep\n|turn|3\n|\n|t:|1700259638\n|switch|p1a: Lugia|Lugia|100\/100\n|move|p2a: Necrozma|Photon Geyser|p1a: Lugia\n|-resisted|p1a: Lugia\n|-damage|p1a: Lugia|85\/100\n|\n|-damage|p2a: Necrozma|72\/100 brn|[from] brn\n|upkeep\n|turn|4\n|\n|t:|1700259650\n|move|p1a: Lugia|Aeroblast|p2a: Necrozma\n|-damage|p2a: Necrozma|42\/100 brn\n|-damage|p1a: Lugia|75\/100|[from] item: Life Orb\n|move|p2a: Necrozma|Dark Pulse|p1a: Lugia\n|-supereffective|p1a: Lugia\n|-damage|p1a: Lugia|35\/100\n|\n|-damage|p2a: Necrozma|36\/100 brn|[from] brn\n|upkeep\n|turn|5\n|\n|t:|1700259660\n|move|p1a: Lugia|Calm Mind|p1a: Lugia\n|-boost|p1a: Lugia|spa|1\n|-boost|p1a: Lugia|spd|1\n|move|p2a: Necrozma|Dark Pulse|p1a: Lugia\n|-supereffective|p1a: Lugia\n|-damage|p1a: Lugia|10\/100\n|\n|-damage|p2a: Necrozma|30\/100 brn|[from] brn\n|upkeep\n|turn|6\n|\n|t:|1700259669\n|move|p1a: Lugia|Roost|p1a: Lugia\n|-heal|p1a: Lugia|60\/100\n|-singleturn|p1a: Lugia|move: Roost\n|move|p2a: Necrozma|Dark Pulse|p1a: Lugia\n|-supereffective|p1a: Lugia\n|-damage|p1a: Lugia|30\/100\n|\n|-damage|p2a: Necrozma|24\/100 brn|[from] brn\n|upkeep\n|turn|7\n|\n|t:|1700259685\n|move|p1a: Lugia|Roost|p1a: Lugia\n|-heal|p1a: Lugia|80\/100\n|-singleturn|p1a: Lugia|move: Roost\n|move|p2a: Necrozma|Dark Pulse|p1a: Lugia\n|-supereffective|p1a: Lugia\n|-damage|p1a: Lugia|52\/100\n|\n|-damage|p2a: Necrozma|18\/100 brn|[from] brn\n|upkeep\n|turn|8\n|inactive|dani_noah1 has 120 seconds left.\n|\n|t:|1700259707\n|move|p1a: Lugia|Roost|p1a: Lugia\n|-heal|p1a: Lugia|100\/100\n|-singleturn|p1a: Lugia|move: Roost\n|move|p2a: Necrozma|Dark Pulse|p1a: Lugia\n|-supereffective|p1a: Lugia\n|-crit|p1a: Lugia\n|-damage|p1a: Lugia|70\/100\n|\n|-damage|p2a: Necrozma|12\/100 brn|[from] brn\n|upkeep\n|turn|9\n|inactive|dani_noah1 has 120 seconds left.\n|\n|t:|1700259725\n|move|p1a: Lugia|Aeroblast|p2a: Necrozma\n|-damage|p2a: Necrozma|0 fnt\n|faint|p2a: Necrozma\n|-damage|p1a: Lugia|60\/100|[from] item: Life Orb\n|\n|upkeep\n|\n|t:|1700259741\n|switch|p2a: hisoka|Blacephalon|100\/100\n|turn|10\n|\n|t:|1700259754\n|move|p1a: Lugia|Psycho Boost|p2a: hisoka\n|-damage|p2a: hisoka|0 fnt\n|-unboost|p1a: Lugia|spa|2\n|faint|p2a: hisoka\n|-damage|p1a: Lugia|50\/100|[from] item: Life Orb\n|\n|upkeep\n|\n|t:|1700259763\n|switch|p2a: killua|Zeraora, shiny|100\/100\n|turn|11\n|c|\u2606Kdisue|Like my stall?\n|\n|t:|1700259773\n|switch|p1a: Iron boy|Ferrothorn, M|100\/100\n|move|p2a: killua|Electro Ball|p1a: Iron boy\n|-resisted|p1a: Iron boy\n|-damage|p1a: Iron boy|73\/100\n|\n|upkeep\n|turn|12\n|inactive|dani_noah1 has 120 seconds left.\n|\n|t:|1700259787\n|move|p2a: killua|Aura Sphere|p1a: Iron boy\n|-supereffective|p1a: Iron boy\n|-damage|p1a: Iron boy|34\/100\n|move|p1a: Iron boy|Gyro Ball|p2a: killua\n|-resisted|p2a: killua\n|-damage|p2a: killua|28\/100\n|\n|upkeep\n|turn|13\n|inactive|dani_noah1 has 120 seconds left.\n|\n|t:|1700259795\n|switch|p1a: Lugia|Lugia|50\/100\n|move|p2a: killua|Aura Sphere|p1a: Lugia\n|-resisted|p1a: Lugia\n|-damage|p1a: Lugia|47\/100\n|\n|upkeep\n|turn|14\n|\n|t:|1700259803\n|move|p2a: killua|Electro Ball|p1a: Lugia\n|-supereffective|p1a: Lugia\n|-damage|p1a: Lugia|15\/100\n|move|p1a: Lugia|Psycho Boost|p2a: killua\n|-damage|p2a: killua|0 fnt\n|-unboost|p1a: Lugia|spa|2\n|faint|p2a: killua\n|-damage|p1a: Lugia|6\/100|[from] item: Life Orb\n|\n|upkeep\n|inactive|dani_noah1 has 120 seconds left.\n|\n|t:|1700259814\n|switch|p2a: KURAPIKA|Gallade, M|100\/100\n|turn|15\n|inactive|dani_noah1 has 120 seconds left.\n|\n|t:|1700259828\n|detailschange|p2a: KURAPIKA|Gallade-Mega, M\n|-mega|p2a: KURAPIKA|Gallade|Galladite\n|move|p1a: Lugia|Psycho Boost|p2a: KURAPIKA\n|-damage|p2a: KURAPIKA|69\/100\n|-unboost|p1a: Lugia|spa|2\n|-damage|p1a: Lugia|0 fnt|[from] item: Life Orb\n|faint|p1a: Lugia\n|move|p2a: KURAPIKA|Poison Jab|p1: Lugia|[notarget]\n|-fail|p2a: KURAPIKA\n|\n|upkeep\n|\n|t:|1700259841\n|switch|p1a: Washington|Rotom-Wash|100\/100\n|turn|16\n|inactive|dani_noah1 has 120 seconds left.\n|\n|t:|1700259871\n|move|p1a: Washington|Volt Switch|p2a: KURAPIKA\n|-damage|p2a: KURAPIKA|16\/100\n|\n|t:|1700259874\n|switch|p1a: Ho-Oh|Ho-Oh|93\/100|[from] Volt Switch\n|move|p2a: KURAPIKA|Poison Jab|p1a: Ho-Oh\n|-damage|p1a: Ho-Oh|64\/100\n|-status|p1a: Ho-Oh|psn\n|\n|-damage|p1a: Ho-Oh|51\/100 psn|[from] psn\n|upkeep\n|turn|17\n|inactive|dani_noah1 has 120 seconds left.\n|\n|t:|1700259890\n|move|p2a: KURAPIKA|Zen Headbutt|p1a: Ho-Oh\n|-damage|p1a: Ho-Oh|4\/100 psn\n|move|p1a: Ho-Oh|Brave Bird|p2a: KURAPIKA\n|-supereffective|p2a: KURAPIKA\n|-damage|p2a: KURAPIKA|0 fnt\n|faint|p2a: KURAPIKA\n|-damage|p1a: Ho-Oh|1\/100 psn|[from] Recoil\n|\n|-damage|p1a: Ho-Oh|0 fnt|[from] psn\n|faint|p1a: Ho-Oh\n|upkeep\n|\n|t:|1700259905\n|switch|p2a: meruem|Naganadel|100\/100\n|switch|p1a: Iron boy|Ferrothorn, M|34\/100\n|turn|18\n|\n|t:|1700259921\n|move|p2a: meruem|Dark Pulse|p1a: Iron boy\n|-damage|p1a: Iron boy|9\/100\n|move|p1a: Iron boy|Gyro Ball|p2a: meruem\n|-damage|p2a: meruem|0 fnt\n|faint|p2a: meruem\n|\n|upkeep\n|\n|t:|1700259928\n|switch|p2a: gon|Lucario, M|100\/100\n|turn|19\n|\n|t:|1700259935\n|move|p2a: gon|Aura Sphere|p1a: Iron boy\n|-supereffective|p1a: Iron boy\n|-damage|p1a: Iron boy|0 fnt\n|faint|p1a: Iron boy\n|\n|upkeep\n|\n|t:|1700259941\n|switch|p1a: Egg woman|Chansey, F|100\/100\n|turn|20\n|\n|t:|1700259946\n|move|p2a: gon|Aura Sphere|p1a: Egg woman\n|-supereffective|p1a: Egg woman\n|-damage|p1a: Egg woman|65\/100\n|move|p1a: Egg woman|Power-Up Punch|p2a: gon\n|-supereffective|p2a: gon\n|-damage|p2a: gon|84\/100\n|-boost|p1a: Egg woman|atk|1\n|\n|upkeep\n|turn|21\n|\n|t:|1700259957\n|move|p2a: gon|Aura Sphere|p1a: Egg woman\n|-supereffective|p1a: Egg woman\n|-damage|p1a: Egg woman|24\/100\n|move|p1a: Egg woman|Soft-Boiled|p1a: Egg woman\n|-heal|p1a: Egg woman|74\/100\n|\n|upkeep\n|turn|22\n|\n|t:|1700259965\n|-terastallize|p1a: Egg woman|Ghost\n|move|p2a: gon|Aura Sphere|p1a: Egg woman\n|-immune|p1a: Egg woman\n|move|p1a: Egg woman|Soft-Boiled|p1a: Egg woman\n|-heal|p1a: Egg woman|100\/100\n|\n|upkeep\n|turn|23\n|\n|t:|1700259975\n|move|p2a: gon|Dark Pulse|p1a: Egg woman\n|-supereffective|p1a: Egg woman\n|-damage|p1a: Egg woman|75\/100\n|move|p1a: Egg woman|Power-Up Punch|p2a: gon\n|-supereffective|p2a: gon\n|-damage|p2a: gon|63\/100\n|-boost|p1a: Egg woman|atk|1\n|\n|upkeep\n|turn|24\n|\n|t:|1700259984\n|move|p2a: gon|Dark Pulse|p1a: Egg woman\n|-supereffective|p1a: Egg woman\n|-damage|p1a: Egg woman|51\/100\n|move|p1a: Egg woman|Power-Up Punch|p2a: gon\n|-supereffective|p2a: gon\n|-damage|p2a: gon|34\/100\n|-boost|p1a: Egg woman|atk|1\n|\n|upkeep\n|turn|25\n|\n|t:|1700259995\n|move|p2a: gon|Dark Pulse|p1a: Egg woman\n|-supereffective|p1a: Egg woman\n|-damage|p1a: Egg woman|23\/100\n|move|p1a: Egg woman|Drain Punch|p2a: gon\n|-supereffective|p2a: gon\n|-damage|p2a: gon|0 fnt\n|-heal|p1a: Egg woman|30\/100|[from] drain|[of] p2a: gon\n|faint|p2a: gon\n|\n|win|Kdisue\n|raw|Kdisue's rating: 1101 &rarr; <strong>1129<\/strong><br \/>(+28 for winning)\n|raw|dani_noah1's rating: 1148 &rarr; <strong>1120<\/strong><br \/>(-28 for losing)\n","uploadtime":1700260006,"views":9,"p1id":"kdisue","p2id":"daninoah1","formatid":"gen9nationaldexubers","rating":1120,"private":0,"password":""}