{"id":"gen9nationaldexubers-1986626319","p1":"maple_syrup689hoe","p2":"Chaitanya15","format":"[Gen 9] National Dex Ubers","log":"|j|\u2606maple_syrup689hoe\n|j|\u2606Chaitanya15\n|t:|1699499465\n|gametype|singles\n|player|p1|maple_syrup689hoe|170|1513\n|player|p2|Chaitanya15|265|1501\n|teamsize|p1|6\n|teamsize|p2|6\n|gen|9\n|tier|[Gen 9] National Dex Ubers\n|rated|\n|rule|HP Percentage Mod: HP is shown in percentages\n|rule|Endless Battle Clause: Forcing endless battles is banned\n|rule|OHKO Clause: OHKO moves are banned\n|rule|Evasion Moves Clause: Evasion moves are banned\n|rule|Evasion Items Clause: Evasion items are banned\n|rule|Species Clause: Limit one of each Pok\u00e9mon\n|rule|Sleep Clause Mod: Limit one foe put to sleep\n|rule|Mega Rayquaza Clause: You cannot mega evolve Rayquaza\n|clearpoke\n|poke|p1|Groudon|\n|poke|p1|Zygarde|\n|poke|p1|Eternatus|\n|poke|p1|Salamence, F|\n|poke|p1|Ho-Oh|\n|poke|p1|Necrozma-Dusk-Mane|\n|poke|p2|Kingambit, F|\n|poke|p2|Basculegion, M|\n|poke|p2|Kyogre|\n|poke|p2|Flutter Mane|\n|poke|p2|Deoxys-Speed|\n|poke|p2|Groudon|\n|teampreview\n|inactive|Battle timer is ON: inactive players will automatically lose when time's up. (requested by Chaitanya15)\n|\n|t:|1699499478\n|start\n|switch|p1a: Groudon|Groudon|100\/100\n|switch|p2a: Flutter Mane|Flutter Mane|100\/100\n|-enditem|p2a: Flutter Mane|Booster Energy\n|-activate|p2a: Flutter Mane|ability: Protosynthesis|[fromitem]\n|-start|p2a: Flutter Mane|protosynthesisspe\n|detailschange|p1a: Groudon|Groudon-Primal\n|-primal|p1a: Groudon|Red Orb\n|-weather|DesolateLand|[from] ability: Desolate Land|[of] p1a: Groudon\n|turn|1\n|\n|t:|1699499495\n|-terastallize|p2a: Flutter Mane|Ghost\n|move|p2a: Flutter Mane|Shadow Ball|p1a: Groudon\n|-damage|p1a: Groudon|36\/100\n|move|p1a: Groudon|Precipice Blades|p2a: Flutter Mane\n|-damage|p2a: Flutter Mane|0 fnt\n|faint|p2a: Flutter Mane\n|-end|p2a: Flutter Mane|Protosynthesis|[silent]\n|\n|-weather|DesolateLand|[upkeep]\n|upkeep\n|\n|t:|1699499511\n|switch|p2a: Groudon|Groudon|100\/100\n|detailschange|p2a: Groudon|Groudon-Primal\n|-primal|p2a: Groudon|Red Orb\n|turn|2\n|\n|t:|1699499517\n|switch|p1a: Salamence|Salamence, F|100\/100\n|-ability|p1a: Salamence|Intimidate|boost\n|-unboost|p2a: Groudon|atk|1\n|move|p2a: Groudon|Precipice Blades|p1a: Salamence\n|-immune|p1a: Salamence\n|\n|-weather|DesolateLand|[upkeep]\n|upkeep\n|turn|3\n|j| McD00bie\n|\n|t:|1699499525\n|switch|p1a: Zygarde|Zygarde|100\/100\n|move|p2a: Groudon|Rock Polish|p2a: Groudon\n|-boost|p2a: Groudon|spe|2\n|\n|-weather|DesolateLand|[upkeep]\n|upkeep\n|turn|4\n|\n|t:|1699499532\n|move|p2a: Groudon|Swords Dance|p2a: Groudon\n|-boost|p2a: Groudon|atk|2\n|move|p1a: Zygarde|Glare|p2a: Groudon\n|-status|p2a: Groudon|par\n|\n|-weather|DesolateLand|[upkeep]\n|upkeep\n|turn|5\n|\n|t:|1699499540\n|move|p2a: Groudon|Precipice Blades|p1a: Zygarde\n|-damage|p1a: Zygarde|13\/100\n|move|p1a: Zygarde|Dragon Dance|p1a: Zygarde\n|-boost|p1a: Zygarde|atk|1\n|-boost|p1a: Zygarde|spe|1\n|\n|-weather|DesolateLand|[upkeep]\n|-heal|p1a: Zygarde|19\/100|[from] item: Leftovers\n|-activate|p1a: Zygarde|ability: Power Construct\n|detailschange|p1a: Zygarde|Zygarde-Complete\n|-heal|p1a: Zygarde|47\/100|[silent]\n|upkeep\n|turn|6\n|\n|t:|1699499554\n|move|p1a: Zygarde|Thousand Arrows|p2a: Groudon\n|-supereffective|p2a: Groudon\n|-damage|p2a: Groudon|38\/100 par\n|move|p2a: Groudon|Swords Dance|p2a: Groudon\n|-boost|p2a: Groudon|atk|2\n|\n|-weather|DesolateLand|[upkeep]\n|-heal|p1a: Zygarde|53\/100|[from] item: Leftovers\n|upkeep\n|turn|7\n|\n|t:|1699499565\n|move|p1a: Zygarde|Thousand Arrows|p2a: Groudon\n|-supereffective|p2a: Groudon\n|-damage|p2a: Groudon|0 fnt\n|faint|p2a: Groudon\n|-weather|none\n|\n|-heal|p1a: Zygarde|60\/100|[from] item: Leftovers\n|upkeep\n|\n|t:|1699499575\n|switch|p2a: Kyogre|Kyogre|100\/100\n|-weather|RainDance|[from] ability: Drizzle|[of] p2a: Kyogre\n|turn|8\n|\n|t:|1699499584\n|switch|p1a: Eternatus|Eternatus|100\/100\n|-ability|p1a: Eternatus|Pressure\n|move|p2a: Kyogre|Hidden Power|p1a: Eternatus\n|-supereffective|p1a: Eternatus\n|-damage|p1a: Eternatus|76\/100\n|\n|-weather|RainDance|[upkeep]\n|upkeep\n|turn|9\n|\n|t:|1699499594\n|switch|p2a: Deoxys|Deoxys-Speed|100\/100\n|-ability|p2a: Deoxys|Pressure\n|move|p1a: Eternatus|Toxic Spikes|p2a: Deoxys\n|-sidestart|p2: Chaitanya15|move: Toxic Spikes\n|\n|-weather|RainDance|[upkeep]\n|upkeep\n|turn|10\n|\n|t:|1699499603\n|move|p2a: Deoxys|Psychic|p1a: Eternatus\n|-supereffective|p1a: Eternatus\n|-damage|p1a: Eternatus|46\/100\n|move|p1a: Eternatus|Dragon Pulse|p2a: Deoxys\n|-damage|p2a: Deoxys|48\/100\n|\n|-weather|RainDance|[upkeep]\n|upkeep\n|turn|11\n|\n|t:|1699499613\n|move|p2a: Deoxys|Psychic|p1a: Eternatus\n|-supereffective|p1a: Eternatus\n|-damage|p1a: Eternatus|14\/100\n|move|p1a: Eternatus|Recover|p1a: Eternatus\n|-heal|p1a: Eternatus|64\/100\n|\n|-weather|RainDance|[upkeep]\n|upkeep\n|turn|12\n|\n|t:|1699499620\n|switch|p1a: Necrozma|Necrozma-Dusk-Mane|100\/100\n|move|p2a: Deoxys|Stealth Rock|p1a: Necrozma\n|-sidestart|p1: maple_syrup689hoe|move: Stealth Rock\n|\n|-weather|none\n|upkeep\n|turn|13\n|\n|t:|1699499631\n|move|p2a: Deoxys|Spikes|p1a: Necrozma\n|-sidestart|p1: maple_syrup689hoe|Spikes\n|move|p1a: Necrozma|Rock Slide|p2a: Deoxys\n|-damage|p2a: Deoxys|6\/100\n|\n|upkeep\n|turn|14\n|\n|t:|1699499637\n|move|p2a: Deoxys|Spikes|p1a: Necrozma\n|-sidestart|p1: maple_syrup689hoe|Spikes\n|move|p1a: Necrozma|Dragon Dance|p1a: Necrozma\n|-boost|p1a: Necrozma|atk|1\n|-boost|p1a: Necrozma|spe|1\n|\n|upkeep\n|turn|15\n|\n|t:|1699499644\n|move|p2a: Deoxys|Spikes|p1a: Necrozma\n|-sidestart|p1: maple_syrup689hoe|Spikes\n|move|p1a: Necrozma|Rock Slide|p2a: Deoxys\n|-damage|p2a: Deoxys|0 fnt\n|faint|p2a: Deoxys\n|\n|upkeep\n|\n|t:|1699499652\n|switch|p2a: Kingambit|Kingambit, F|100\/100\n|-activate|p2a: Kingambit|ability: Supreme Overlord\n|-start|p2a: Kingambit|fallen3|[silent]\n|turn|16\n|\n|t:|1699499672\n|switch|p1a: Salamence|Salamence, F|100\/100\n|-damage|p1a: Salamence|76\/100|[from] Stealth Rock\n|-ability|p1a: Salamence|Intimidate|boost\n|-unboost|p2a: Kingambit|atk|1\n|move|p2a: Kingambit|Swords Dance|p2a: Kingambit\n|-boost|p2a: Kingambit|atk|2\n|\n|upkeep\n|turn|17\n|\n|t:|1699499682\n|detailschange|p1a: Salamence|Salamence-Mega, F\n|-mega|p1a: Salamence|Salamence|Salamencite\n|move|p1a: Salamence|Earthquake|p2a: Kingambit\n|-supereffective|p2a: Kingambit\n|-damage|p2a: Kingambit|40\/100\n|move|p2a: Kingambit|Kowtow Cleave|p1a: Salamence\n|-damage|p1a: Salamence|0 fnt\n|faint|p1a: Salamence\n|-damage|p2a: Kingambit|30\/100|[from] item: Life Orb\n|\n|upkeep\n|\n|t:|1699499700\n|switch|p1a: Eternatus|Eternatus|64\/100\n|-ability|p1a: Eternatus|Pressure\n|turn|18\n|\n|t:|1699499707\n|move|p2a: Kingambit|Sucker Punch|p1a: Eternatus\n|-damage|p1a: Eternatus|0 fnt\n|faint|p1a: Eternatus\n|-damage|p2a: Kingambit|20\/100|[from] item: Life Orb\n|\n|upkeep\n|\n|t:|1699499722\n|switch|p1a: Ho-Oh|Ho-Oh|100\/100\n|turn|19\n|\n|t:|1699499727\n|switch|p1a: Zygarde|Zygarde-Complete|60\/100\n|-damage|p1a: Zygarde|53\/100|[from] Stealth Rock\n|-damage|p1a: Zygarde|29\/100|[from] Spikes\n|move|p2a: Kingambit|Kowtow Cleave|p1a: Zygarde\n|-damage|p1a: Zygarde|0 fnt\n|faint|p1a: Zygarde\n|-damage|p2a: Kingambit|10\/100|[from] item: Life Orb\n|\n|upkeep\n|\n|t:|1699499731\n|switch|p1a: Groudon|Groudon-Primal|36\/100\n|-damage|p1a: Groudon|23\/100|[from] Stealth Rock\n|-damage|p1a: Groudon|0 fnt|[from] Spikes\n|faint|p1a: Groudon\n|\n|t:|1699499733\n|switch|p1a: Ho-Oh|Ho-Oh|100\/100\n|turn|20\n|\n|t:|1699499745\n|move|p2a: Kingambit|Sucker Punch|p1a: Ho-Oh\n|-damage|p1a: Ho-Oh|15\/100\n|-damage|p2a: Kingambit|0 fnt|[from] item: Life Orb\n|faint|p2a: Kingambit\n|-end|p2a: Kingambit|fallen3|[silent]\n|move|p1a: Ho-Oh|Sacred Fire|p2: Kingambit|[notarget]\n|-fail|p1a: Ho-Oh\n|\n|upkeep\n|\n|t:|1699499753\n|switch|p2a: Kyogre|Kyogre|100\/100\n|-status|p2a: Kyogre|psn\n|-weather|RainDance|[from] ability: Drizzle|[of] p2a: Kyogre\n|turn|21\n|\n|t:|1699499772\n|move|p2a: Kyogre|Water Spout|p1a: Ho-Oh\n|-supereffective|p1a: Ho-Oh\n|-crit|p1a: Ho-Oh\n|-damage|p1a: Ho-Oh|0 fnt\n|faint|p1a: Ho-Oh\n|\n|-weather|RainDance|[upkeep]\n|-damage|p2a: Kyogre|88\/100 psn|[from] psn\n|upkeep\n|\n|t:|1699499774\n|switch|p1a: Necrozma|Necrozma-Dusk-Mane|100\/100\n|-damage|p1a: Necrozma|94\/100|[from] Stealth Rock\n|-damage|p1a: Necrozma|70\/100|[from] Spikes\n|turn|22\n|\n|t:|1699499785\n|detailschange|p1a: Necrozma|Necrozma-Ultra\n|-burst|p1a: Necrozma|Necrozma|Ultranecrozium Z\n|move|p2a: Kyogre|Water Spout|p1a: Necrozma\n|-resisted|p1a: Necrozma\n|-damage|p1a: Necrozma|18\/100\n|move|p1a: Necrozma|Dragon Dance|p1a: Necrozma\n|-boost|p1a: Necrozma|atk|1\n|-boost|p1a: Necrozma|spe|1\n|\n|-weather|RainDance|[upkeep]\n|-damage|p2a: Kyogre|76\/100 psn|[from] psn\n|upkeep\n|turn|23\n|inactive|maple_syrup689hoe has 120 seconds left.\n|\n|t:|1699499833\n|move|p1a: Necrozma|Photon Geyser|p2a: Kyogre\n|-damage|p2a: Kyogre|0 fnt\n|faint|p2a: Kyogre\n|\n|-weather|RainDance|[upkeep]\n|upkeep\n|\n|t:|1699499843\n|switch|p2a: Basculegion|Basculegion, M|100\/100\n|-status|p2a: Basculegion|psn\n|turn|24\n|\n|t:|1699499847\n|move|p2a: Basculegion|Last Respects|p1a: Necrozma\n|-supereffective|p1a: Necrozma\n|-damage|p1a: Necrozma|0 fnt\n|faint|p1a: Necrozma\n|\n|win|Chaitanya15\n|raw|maple_syrup689hoe's rating: 1513 &rarr; <strong>1492<\/strong><br \/>(-21 for losing)\n|raw|Chaitanya15's rating: 1501 &rarr; <strong>1522<\/strong><br \/>(+21 for winning)\n|l|\u2606maple_syrup689hoe\n|c|\u2606Chaitanya15|Gg\n|l| McD00bie\n","uploadtime":1699499858,"views":19,"p1id":"maplesyrup689hoe","p2id":"chaitanya15","formatid":"gen9nationaldexubers","rating":1492,"private":0,"password":""}