{"id":"gen9nationaldexubers-1994528060","p1":"Kdisue","p2":"momfr","format":"[Gen 9] National Dex Ubers","log":"|j|\u2606Kdisue\n|j|\u2606momfr\n|t:|1700454944\n|gametype|singles\n|player|p1|Kdisue|265|1151\n|player|p2|momfr|265|1160\n|teamsize|p1|6\n|teamsize|p2|6\n|gen|9\n|tier|[Gen 9] National Dex Ubers\n|rated|\n|rule|HP Percentage Mod: HP is shown in percentages\n|rule|Endless Battle Clause: Forcing endless battles is banned\n|rule|OHKO Clause: OHKO moves are banned\n|rule|Evasion Moves Clause: Evasion moves are banned\n|rule|Evasion Items Clause: Evasion items are banned\n|rule|Species Clause: Limit one of each Pok\u00e9mon\n|rule|Sleep Clause Mod: Limit one foe put to sleep\n|rule|Mega Rayquaza Clause: You cannot mega evolve Rayquaza\n|clearpoke\n|poke|p1|Deoxys-Defense|\n|poke|p1|Chansey, F|\n|poke|p1|Ferrothorn, M|\n|poke|p1|Rotom-Wash|\n|poke|p1|Ho-Oh|\n|poke|p1|Lugia|\n|poke|p2|Deoxys-Attack|\n|poke|p2|Gliscor, F|\n|poke|p2|Darkrai|\n|poke|p2|Dragonite, F|\n|poke|p2|Mewtwo|\n|poke|p2|Rayquaza|\n|teampreview\n|j| Adamanzane\n|j| it's ogrepon\n|j| gayspotter2\n|l| Adamanzane\n|l| it's ogrepon\n|l| gayspotter2\n|l|\u2606momfr\n|player|p2|\n|j| gayspotter2\n|inactive|Battle timer is ON: inactive players will automatically lose when time's up. (requested by Kdisue)\n|j|\u2606momfr\n|inactive|momfr reconnected and has 150 seconds left.\n|player|p2|momfr|265\n|j| Adamanzane\n|\n|t:|1700454987\n|start\n|switch|p1a: Egg woman|Chansey, F|100\/100\n|switch|p2a: OJ Simpson|Gliscor, F|100\/100\n|turn|1\n|j| it's ogrepon\n|\n|t:|1700454995\n|move|p2a: OJ Simpson|Swords Dance|p2a: OJ Simpson\n|-boost|p2a: OJ Simpson|atk|2\n|move|p1a: Egg woman|Ice Punch|p2a: OJ Simpson\n|-supereffective|p2a: OJ Simpson\n|-damage|p2a: OJ Simpson|70\/100\n|\n|-status|p2a: OJ Simpson|tox|[from] item: Toxic Orb\n|upkeep\n|turn|2\n|j| kung fu pokechu\n|\n|t:|1700455014\n|switch|p1a: Iron boy|Ferrothorn, M|100\/100\n|-terastallize|p2a: OJ Simpson|Water\n|move|p2a: OJ Simpson|Swords Dance|p2a: OJ Simpson\n|-boost|p2a: OJ Simpson|atk|2\n|\n|-heal|p2a: OJ Simpson|82\/100 tox|[from] ability: Poison Heal\n|upkeep\n|turn|3\n|\n|t:|1700455024\n|move|p2a: OJ Simpson|Earthquake|p1a: Iron boy\n|-damage|p1a: Iron boy|18\/100\n|move|p1a: Iron boy|Power Whip|p2a: OJ Simpson\n|-supereffective|p2a: OJ Simpson\n|-damage|p2a: OJ Simpson|0 fnt\n|faint|p2a: OJ Simpson\n|\n|upkeep\n|\n|t:|1700455036\n|switch|p2a: normie in space|Deoxys-Attack|100\/100\n|-ability|p2a: normie in space|Pressure\n|turn|4\n|c| it's ogrepon|\/\/dt endeavor\n|\n|t:|1700455041\n|move|p2a: normie in space|Ice Beam|p1a: Iron boy\n|-damage|p1a: Iron boy|0 fnt\n|faint|p1a: Iron boy\n|\n|upkeep\n|\n|t:|1700455046\n|switch|p1a: Egg woman|Chansey, F|100\/100\n|turn|5\n|\n|t:|1700455053\n|-terastallize|p1a: Egg woman|Ghost\n|move|p2a: normie in space|Zen Headbutt|p1a: Egg woman\n|-damage|p1a: Egg woman|36\/100\n|move|p1a: Egg woman|Power-Up Punch|p2a: normie in space\n|-resisted|p2a: normie in space\n|-crit|p2a: normie in space\n|-damage|p2a: normie in space|82\/100\n|-boost|p1a: Egg woman|atk|1\n|\n|upkeep\n|turn|6\n|\n|t:|1700455063\n|switch|p1a: Lugia|Lugia|100\/100\n|move|p2a: normie in space|Meteor Mash|p1a: Lugia\n|-damage|p1a: Lugia|87\/100\n|\n|upkeep\n|turn|7\n|\n|t:|1700455070\n|move|p2a: normie in space|Ice Beam|p1a: Lugia\n|-supereffective|p1a: Lugia\n|-damage|p1a: Lugia|49\/100\n|move|p1a: Lugia|Aeroblast|p2a: normie in space\n|-damage|p2a: normie in space|0 fnt\n|faint|p2a: normie in space\n|-damage|p1a: Lugia|39\/100|[from] item: Life Orb\n|\n|upkeep\n|\n|t:|1700455083\n|switch|p2a: KANTOOOOOOOOOOOOOO|Mewtwo|100\/100\n|-ability|p2a: KANTOOOOOOOOOOOOOO|Pressure\n|turn|8\n|\n|t:|1700455093\n|move|p2a: KANTOOOOOOOOOOOOOO|Taunt|p1a: Lugia\n|-start|p1a: Lugia|move: Taunt\n|cant|p1a: Lugia|move: Taunt|Calm Mind\n|\n|upkeep\n|turn|9\n|\n|t:|1700455101\n|switch|p1a: Egg woman|Chansey, F, tera:Ghost|36\/100\n|move|p2a: KANTOOOOOOOOOOOOOO|Ice Punch|p1a: Egg woman\n|-damage|p1a: Egg woman|14\/100\n|\n|upkeep\n|turn|10\n|c|\u2606Kdisue|Mega mewtwo\n|\n|t:|1700455117\n|move|p2a: KANTOOOOOOOOOOOOOO|Ice Punch|p1a: Egg woman\n|-damage|p1a: Egg woman|0 fnt\n|faint|p1a: Egg woman\n|\n|upkeep\n|c| Adamanzane|proof?\n|\n|t:|1700455126\n|switch|p1a: Ho-Oh|Ho-Oh|100\/100\n|turn|11\n|c| gayspotter2|it's clearly regular\n|c| gayspotter2|baka\n|\n|t:|1700455138\n|switch|p2a: Stall is Evil|Darkrai|100\/100\n|move|p1a: Ho-Oh|Sacred Fire|p2a: Stall is Evil\n|-damage|p2a: Stall is Evil|64\/100\n|-status|p2a: Stall is Evil|brn\n|\n|-heal|p2a: Stall is Evil|71\/100 brn|[from] item: Leftovers\n|-damage|p2a: Stall is Evil|64\/100 brn|[from] brn\n|upkeep\n|turn|12\n|n|!Kdisue|kdisue\n|\n|t:|1700455151\n|move|p2a: Stall is Evil|Hypnosis|p1a: Ho-Oh|[miss]\n|-miss|p2a: Stall is Evil|p1a: Ho-Oh\n|move|p1a: Ho-Oh|Brave Bird|p2a: Stall is Evil\n|-damage|p2a: Stall is Evil|22\/100 brn\n|-damage|p1a: Ho-Oh|89\/100|[from] Recoil\n|\n|-heal|p2a: Stall is Evil|28\/100 brn|[from] item: Leftovers\n|-damage|p2a: Stall is Evil|22\/100 brn|[from] brn\n|upkeep\n|turn|13\n|\n|t:|1700455165\n|switch|p1a: Lugia|Lugia|39\/100\n|move|p2a: Stall is Evil|Hypnosis|p1a: Lugia|[miss]\n|-miss|p2a: Stall is Evil|p1a: Lugia\n|\n|-heal|p2a: Stall is Evil|28\/100 brn|[from] item: Leftovers\n|-damage|p2a: Stall is Evil|22\/100 brn|[from] brn\n|upkeep\n|turn|14\n|\n|t:|1700455174\n|move|p1a: Lugia|Aeroblast|p2a: Stall is Evil\n|-damage|p2a: Stall is Evil|0 fnt\n|faint|p2a: Stall is Evil\n|-damage|p1a: Lugia|29\/100|[from] item: Life Orb\n|\n|upkeep\n|\n|t:|1700455195\n|switch|p2a: Barney|Dragonite, F|100\/100\n|turn|15\n|\n|t:|1700455204\n|move|p1a: Lugia|Psycho Boost|p2a: Barney\n|-damage|p2a: Barney|69\/100\n|-unboost|p1a: Lugia|spa|2\n|-damage|p1a: Lugia|19\/100|[from] item: Life Orb\n|move|p2a: Barney|Dragon Dance|p2a: Barney\n|-boost|p2a: Barney|atk|1\n|-boost|p2a: Barney|spe|1\n|\n|upkeep\n|turn|16\n|\n|t:|1700455215\n|move|p2a: Barney|Ice Spinner|p1a: Lugia\n|-supereffective|p1a: Lugia\n|-damage|p1a: Lugia|0 fnt\n|faint|p1a: Lugia\n|\n|upkeep\n|c| Adamanzane|Kdisue if you're not rarted say something\n|\n|t:|1700455224\n|switch|p1a: Sexy Red|Deoxys-Defense|100\/100\n|-ability|p1a: Sexy Red|Pressure\n|turn|17\n|\n|t:|1700455234\n|move|p2a: Barney|Outrage|p1a: Sexy Red\n|-damage|p1a: Sexy Red|1\/100\n|move|p1a: Sexy Red|Psycho Boost|p2a: Barney|[miss]\n|-miss|p1a: Sexy Red|p2a: Barney\n|\n|upkeep\n|turn|18\n|c| gayspotter2|Kdisue I will have sex with you if you say yes\n|inactive|Kdisue has 120 seconds left.\n|\n|t:|1700455282\n|move|p2a: Barney|Outrage|p1a: Sexy Red|[from]lockedmove\n|-damage|p1a: Sexy Red|0 fnt\n|faint|p1a: Sexy Red\n|\n|upkeep\n|\n|t:|1700455288\n|switch|p1a: Ho-Oh|Ho-Oh|100\/100\n|turn|19\n|\n|t:|1700455292\n|move|p2a: Barney|Outrage|p1a: Ho-Oh|[from]lockedmove\n|-damage|p1a: Ho-Oh|6\/100\n|-start|p2a: Barney|confusion|[fatigue]\n|-enditem|p2a: Barney|Lum Berry|[eat]\n|-end|p2a: Barney|confusion\n|move|p1a: Ho-Oh|Sacred Fire|p2a: Barney\n|-resisted|p2a: Barney\n|-damage|p2a: Barney|46\/100\n|\n|upkeep\n|turn|20\n|inactive|Kdisue has 120 seconds left.\n|\n|t:|1700455302\n|move|p2a: Barney|Ice Spinner|p1a: Ho-Oh\n|-crit|p1a: Ho-Oh\n|-damage|p1a: Ho-Oh|0 fnt\n|faint|p1a: Ho-Oh\n|\n|upkeep\n|\n|t:|1700455309\n|switch|p1a: Washington|Rotom-Wash|100\/100\n|turn|21\n|inactive|Kdisue has 120 seconds left.\n|-message|Kdisue forfeited.\n|\n|win|momfr\n|raw|Kdisue's rating: 1151 &rarr; <strong>1127<\/strong><br \/>(-24 for losing)\n|raw|momfr's rating: 1160 &rarr; <strong>1184<\/strong><br \/>(+24 for winning)\n|c| gayspotter2|bullied\n","uploadtime":1700455145,"views":3,"p1id":"kdisue","p2id":"momfr","formatid":"gen9nationaldexubers","rating":1127,"private":0,"password":""}