{"id":"gen9nationaldexubers-1980142392","p1":"Ankur47","p2":"Immortal\u00d7Dark\u00d7Soul","format":"[Gen 9] National Dex Ubers","log":"|j|\u2606Ankur47\n|j|\u2606Immortal\u00d7Dark\u00d7Soul\n|t:|1698761055\n|gametype|singles\n|player|p1|Ankur47|nate|\n|player|p2|Immortal\u00d7Dark\u00d7Soul|ghetsis-gen5bw|\n|teamsize|p1|6\n|teamsize|p2|6\n|gen|9\n|tier|[Gen 9] National Dex Ubers\n|rule|HP Percentage Mod: HP is shown in percentages\n|rule|Endless Battle Clause: Forcing endless battles is banned\n|rule|OHKO Clause: OHKO moves are banned\n|rule|Evasion Moves Clause: Evasion moves are banned\n|rule|Evasion Items Clause: Evasion items are banned\n|rule|Species Clause: Limit one of each Pok\u00e9mon\n|rule|Sleep Clause Mod: Limit one foe put to sleep\n|rule|Mega Rayquaza Clause: You cannot mega evolve Rayquaza\n|clearpoke\n|poke|p1|Eternatus|\n|poke|p1|Decidueye, M|\n|poke|p1|Arceus-Dragon|\n|poke|p1|Charizard, M|\n|poke|p1|Gallade, M|\n|poke|p1|Tyranitar, M|\n|poke|p2|Baxcalibur, F|\n|poke|p2|Gardevoir, M|\n|poke|p2|Ursaluna-Bloodmoon, M|\n|poke|p2|Maushold|\n|poke|p2|Calyrex-Ice|\n|poke|p2|Hatterene, F|\n|teampreview\n|\n|t:|1698761083\n|start\n|switch|p1a: Gallade|Gallade, M, shiny|100\/100\n|switch|p2a: Calyrex|Calyrex-Ice|100\/100\n|-ability|p2a: Calyrex|As One\n|-ability|p2a: Calyrex|Unnerve\n|turn|1\n|\n|t:|1698761097\n|switch|p1a: Charizard|Charizard, M, shiny|100\/100\n|move|p2a: Calyrex|Swords Dance|p2a: Calyrex\n|-boost|p2a: Calyrex|atk|2\n|\n|upkeep\n|turn|2\n|\n|t:|1698761109\n|-terastallize|p2a: Calyrex|Psychic\n|move|p1a: Charizard|Overheat|p2a: Calyrex\n|-damage|p2a: Calyrex|58\/100\n|-unboost|p1a: Charizard|spa|2\n|move|p2a: Calyrex|Swords Dance|p2a: Calyrex\n|-boost|p2a: Calyrex|atk|2\n|\n|-heal|p2a: Calyrex|64\/100|[from] item: Leftovers\n|upkeep\n|turn|3\n|\n|t:|1698761122\n|move|p1a: Charizard|Overheat|p2a: Calyrex\n|-damage|p2a: Calyrex|42\/100\n|-unboost|p1a: Charizard|spa|2\n|move|p2a: Calyrex|Glacial Lance|p1a: Charizard\n|-damage|p1a: Charizard|0 fnt\n|faint|p1a: Charizard\n|-ability|p2a: Calyrex|Chilling Neigh|boost\n|-boost|p2a: Calyrex|atk|1\n|\n|-heal|p2a: Calyrex|48\/100|[from] item: Leftovers\n|upkeep\n|inactive|Battle timer is ON: inactive players will automatically lose when time's up. (requested by Immortal\u00d7Dark\u00d7Soul)\n|\n|t:|1698761138\n|switch|p1a: Eternatus|Eternatus, shiny|100\/100\n|-ability|p1a: Eternatus|Pressure\n|turn|4\n|\n|t:|1698761151\n|move|p1a: Eternatus|Fire Blast|p2a: Calyrex\n|-damage|p2a: Calyrex|10\/100\n|-damage|p1a: Eternatus|91\/100|[from] item: Life Orb\n|move|p2a: Calyrex|Glacial Lance|p1a: Eternatus\n|-supereffective|p1a: Eternatus\n|-damage|p1a: Eternatus|0 fnt\n|faint|p1a: Eternatus\n|-ability|p2a: Calyrex|Chilling Neigh|boost\n|-boost|p2a: Calyrex|atk|1\n|\n|-heal|p2a: Calyrex|16\/100|[from] item: Leftovers\n|upkeep\n|\n|t:|1698761166\n|switch|p1a: Gallade|Gallade, M, shiny|100\/100\n|turn|5\n|\n|t:|1698761175\n|move|p1a: Gallade|Drain Punch|p2a: Calyrex\n|-resisted|p2a: Calyrex\n|-damage|p2a: Calyrex|3\/100\n|move|p2a: Calyrex|Glacial Lance|p1a: Gallade\n|-damage|p1a: Gallade|0 fnt\n|faint|p1a: Gallade\n|\n|-heal|p2a: Calyrex|10\/100|[from] item: Leftovers\n|upkeep\n|\n|t:|1698761186\n|switch|p1a: Tyranitar|Tyranitar, M, shiny|100\/100\n|-weather|Sandstorm|[from] ability: Sand Stream|[of] p1a: Tyranitar\n|turn|6\n|\n|t:|1698761207\n|move|p2a: Calyrex|Glacial Lance|p1a: Tyranitar\n|-damage|p1a: Tyranitar|0 fnt\n|faint|p1a: Tyranitar\n|\n|-weather|Sandstorm|[upkeep]\n|-damage|p2a: Calyrex|3\/100|[from] Sandstorm\n|-heal|p2a: Calyrex|10\/100|[from] item: Leftovers\n|upkeep\n|\n|t:|1698761218\n|switch|p1a: Decidueye|Decidueye, M, shiny|100\/100\n|turn|7\n|\n|t:|1698761225\n|move|p2a: Calyrex|Glacial Lance|p1a: Decidueye\n|-supereffective|p1a: Decidueye\n|-damage|p1a: Decidueye|0 fnt\n|faint|p1a: Decidueye\n|\n|-weather|Sandstorm|[upkeep]\n|-damage|p2a: Calyrex|3\/100|[from] Sandstorm\n|-heal|p2a: Calyrex|10\/100|[from] item: Leftovers\n|upkeep\n|\n|t:|1698761235\n|switch|p1a: Arceus|Arceus-Dragon|100\/100\n|turn|8\n|\n|t:|1698761241\n|move|p1a: Arceus|Brick Break|p2a: Calyrex\n|-resisted|p2a: Calyrex\n|-damage|p2a: Calyrex|2\/100\n|move|p2a: Calyrex|Glacial Lance|p1a: Arceus\n|-supereffective|p1a: Arceus\n|-damage|p1a: Arceus|0 fnt\n|faint|p1a: Arceus\n|\n|win|Immortal\u00d7Dark\u00d7Soul\n|l|\u2606Immortal\u00d7Dark\u00d7Soul\n|j|\u2606Immortal\u00d7Dark\u00d7Soul\n|player|p2|Immortal\u00d7Dark\u00d7Soul|ghetsis-gen5bw\n","uploadtime":1698761315,"views":11,"p1id":"ankur47","p2id":"immortaldarksoul","formatid":"gen9nationaldexubers","rating":0,"private":0,"password":""}