{"id":"gen9nationaldexubers-1997952705","p1":"Salvador151920","p2":"TheStroker","format":"[Gen 9] National Dex Ubers","log":"|j|\u2606Salvador151920\n|j|\u2606TheStroker\n|t:|1700871485\n|gametype|singles\n|player|p1|Salvador151920|hugh|1305\n|player|p2|TheStroker|janitor|1449\n|teamsize|p1|6\n|teamsize|p2|6\n|gen|9\n|tier|[Gen 9] National Dex Ubers\n|rated|\n|rule|HP Percentage Mod: HP is shown in percentages\n|rule|Endless Battle Clause: Forcing endless battles is banned\n|rule|OHKO Clause: OHKO moves are banned\n|rule|Evasion Moves Clause: Evasion moves are banned\n|rule|Evasion Items Clause: Evasion items are banned\n|rule|Species Clause: Limit one of each Pok\u00e9mon\n|rule|Sleep Clause Mod: Limit one foe put to sleep\n|rule|Mega Rayquaza Clause: You cannot mega evolve Rayquaza\n|clearpoke\n|poke|p1|Kyogre|\n|poke|p1|Groudon|\n|poke|p1|Necrozma-Dusk-Mane|\n|poke|p1|Ho-Oh|\n|poke|p1|Arceus-Dark|\n|poke|p1|Kangaskhan, F|\n|poke|p2|Necrozma-Dusk-Mane|\n|poke|p2|Smeargle, F|\n|poke|p2|Ferrothorn, M|\n|poke|p2|Ho-Oh|\n|poke|p2|Annihilape, M|\n|poke|p2|Ditto|\n|teampreview\n|j| Lonsol\n|j| mistahmerrikuu\n|\n|t:|1700871494\n|start\n|switch|p1a: Kangaskhan|Kangaskhan, F|100\/100\n|switch|p2a: Gastmon|Annihilape, M|100\/100\n|turn|1\n|j| kung fu pokechu\n|inactive|Battle timer is ON: inactive players will automatically lose when time's up. (requested by TheStroker)\n|\n|t:|1700871501\n|detailschange|p1a: Kangaskhan|Kangaskhan-Mega, F\n|-mega|p1a: Kangaskhan|Kangaskhan|Kangaskhanite\n|move|p2a: Gastmon|Final Gambit|p1a: Kangaskhan\n|-damage|p1a: Kangaskhan|0 fnt\n|faint|p2a: Gastmon\n|faint|p1a: Kangaskhan\n|\n|upkeep\n|\n|t:|1700871520\n|switch|p1a: Arceus|Arceus-Dark|100\/100\n|switch|p2a: Surely|Smeargle, F|100\/100\n|turn|2\n|\n|t:|1700871535\n|move|p1a: Arceus|Toxic|p2a: Surely\n|-status|p2a: Surely|tox\n|move|p2a: Surely|Population Bomb|p1a: Arceus|[miss]\n|-miss|p2a: Surely|p1a: Arceus\n|\n|-damage|p2a: Surely|95\/100 tox|[from] psn\n|upkeep\n|turn|3\n|\n|t:|1700871540\n|move|p1a: Arceus|Taunt|p2a: Surely\n|-start|p2a: Surely|move: Taunt\n|cant|p2a: Surely|move: Taunt|Spore\n|\n|-damage|p2a: Surely|83\/100 tox|[from] psn\n|upkeep\n|turn|4\n|\n|t:|1700871548\n|switch|p2a: One day|Ferrothorn, M|100\/100\n|move|p1a: Arceus|Foul Play|p2a: One day\n|-damage|p2a: One day|70\/100\n|-damage|p1a: Arceus|88\/100|[from] ability: Iron Barbs|[of] p2a: One day\n|\n|-heal|p2a: One day|76\/100|[from] item: Leftovers\n|upkeep\n|turn|5\n|\n|t:|1700871562\n|move|p1a: Arceus|Taunt|p2a: One day\n|-start|p2a: One day|move: Taunt\n|move|p2a: One day|Gyro Ball|p1a: Arceus\n|-damage|p1a: Arceus|62\/100\n|\n|-heal|p2a: One day|82\/100|[from] item: Leftovers\n|upkeep\n|turn|6\n|\n|t:|1700871566\n|switch|p1a: Groudon|Groudon, shiny|100\/100\n|detailschange|p1a: Groudon|Groudon-Primal, shiny\n|-primal|p1a: Groudon|Red Orb\n|-weather|DesolateLand|[from] ability: Desolate Land|[of] p1a: Groudon\n|switch|p2a: Surely|Smeargle, F|83\/100 tox\n|\n|-weather|DesolateLand|[upkeep]\n|-damage|p2a: Surely|77\/100 tox|[from] psn\n|upkeep\n|turn|7\n|\n|t:|1700871576\n|move|p2a: Surely|Spore|p1a: Groudon\n|-status|p1a: Groudon|slp|[from] move: Spore\n|cant|p1a: Groudon|slp\n|\n|-weather|DesolateLand|[upkeep]\n|-damage|p2a: Surely|65\/100 tox|[from] psn\n|upkeep\n|turn|8\n|\n|t:|1700871592\n|-weather|none\n|switch|p1a: Necrozma|Necrozma-Dusk-Mane|100\/100\n|move|p2a: Surely|Coil|p2a: Surely\n|-boost|p2a: Surely|atk|1\n|-boost|p2a: Surely|def|1\n|-boost|p2a: Surely|accuracy|1\n|\n|-damage|p2a: Surely|47\/100 tox|[from] psn\n|upkeep\n|turn|9\n|\n|t:|1700871602\n|move|p2a: Surely|Population Bomb|p1a: Necrozma\n|-resisted|p1a: Necrozma\n|-damage|p1a: Necrozma|97\/100\n|-resisted|p1a: Necrozma\n|-damage|p1a: Necrozma|95\/100\n|-resisted|p1a: Necrozma\n|-damage|p1a: Necrozma|92\/100\n|-resisted|p1a: Necrozma\n|-crit|p1a: Necrozma\n|-damage|p1a: Necrozma|87\/100\n|-resisted|p1a: Necrozma\n|-damage|p1a: Necrozma|85\/100\n|-resisted|p1a: Necrozma\n|-damage|p1a: Necrozma|82\/100\n|-resisted|p1a: Necrozma\n|-damage|p1a: Necrozma|79\/100\n|-resisted|p1a: Necrozma\n|-damage|p1a: Necrozma|76\/100\n|-resisted|p1a: Necrozma\n|-damage|p1a: Necrozma|73\/100\n|-resisted|p1a: Necrozma\n|-damage|p1a: Necrozma|71\/100\n|-hitcount|p1a: Necrozma|10\n|move|p1a: Necrozma|Stealth Rock|p2a: Surely\n|-sidestart|p2: TheStroker|move: Stealth Rock\n|\n|-damage|p2a: Surely|23\/100 tox|[from] psn\n|upkeep\n|turn|10\n|\n|t:|1700871623\n|switch|p2a: Benefitted|Ho-Oh|100\/100\n|move|p1a: Necrozma|Moonlight|p1a: Necrozma\n|-heal|p1a: Necrozma|100\/100\n|\n|upkeep\n|turn|11\n|\n|t:|1700871632\n|move|p2a: Benefitted|Toxic|p1a: Necrozma\n|-immune|p1a: Necrozma\n|move|p1a: Necrozma|Toxic|p2a: Benefitted\n|-status|p2a: Benefitted|tox\n|\n|-damage|p2a: Benefitted|94\/100 tox|[from] psn\n|upkeep\n|turn|12\n|\n|t:|1700871645\n|switch|p1a: Kyogre|Kyogre, shiny|100\/100\n|detailschange|p1a: Kyogre|Kyogre-Primal, shiny\n|-primal|p1a: Kyogre|Blue Orb\n|-weather|PrimordialSea|[from] ability: Primordial Sea|[of] p1a: Kyogre\n|move|p2a: Benefitted|Toxic|p1a: Kyogre\n|-status|p1a: Kyogre|tox\n|\n|-weather|PrimordialSea|[upkeep]\n|-damage|p2a: Benefitted|82\/100 tox|[from] psn\n|-damage|p1a: Kyogre|94\/100 tox|[from] psn\n|upkeep\n|turn|13\n|\n|t:|1700871664\n|switch|p2a: Surely|Smeargle, F|23\/100 tox\n|-damage|p2a: Surely|10\/100 tox|[from] Stealth Rock\n|move|p1a: Kyogre|Thunder|p2a: Surely\n|-damage|p2a: Surely|0 fnt\n|faint|p2a: Surely\n|\n|-weather|PrimordialSea|[upkeep]\n|-damage|p1a: Kyogre|82\/100 tox|[from] psn\n|upkeep\n|\n|t:|1700871678\n|switch|p2a: One day|Ferrothorn, M|82\/100\n|-damage|p2a: One day|76\/100|[from] Stealth Rock\n|turn|14\n|\n|t:|1700871692\n|-weather|none\n|switch|p1a: Ho-Oh|Ho-Oh, shiny|100\/100\n|move|p2a: One day|Leech Seed|p1a: Ho-Oh\n|-start|p1a: Ho-Oh|move: Leech Seed\n|\n|-heal|p2a: One day|82\/100|[from] item: Leftovers\n|-damage|p1a: Ho-Oh|88\/100|[from] Leech Seed|[of] p2a: One day\n|-heal|p2a: One day|97\/100|[silent]\n|upkeep\n|turn|15\n|\n|t:|1700871711\n|move|p2a: One day|Protect|p2a: One day\n|-singleturn|p2a: One day|Protect\n|move|p1a: Ho-Oh|Sacred Fire|p2a: One day\n|-activate|p2a: One day|move: Protect\n|\n|-heal|p2a: One day|100\/100|[from] item: Leftovers\n|-damage|p1a: Ho-Oh|76\/100|[from] Leech Seed|[of] p2a: One day\n|upkeep\n|turn|16\n|\n|t:|1700871718\n|switch|p2a: Shellphone|Ditto|100\/100\n|-damage|p2a: Shellphone|88\/100|[from] Stealth Rock\n|-transform|p2a: Shellphone|p1a: Ho-Oh|[from] ability: Imposter\n|move|p1a: Ho-Oh|Sacred Fire|p2a: Shellphone\n|-resisted|p2a: Shellphone\n|-damage|p2a: Shellphone|67\/100\n|\n|-damage|p1a: Ho-Oh|64\/100|[from] Leech Seed|[of] p2a: Shellphone\n|-heal|p2a: Shellphone|84\/100|[silent]\n|upkeep\n|turn|17\n|\n|t:|1700871744\n|-terastallize|p1a: Ho-Oh|Grass\n|move|p2a: Shellphone|Brave Bird|p1a: Ho-Oh\n|-supereffective|p1a: Ho-Oh\n|-damage|p1a: Ho-Oh|0 fnt\n|faint|p1a: Ho-Oh\n|-damage|p2a: Shellphone|55\/100|[from] Recoil\n|\n|upkeep\n|\n|t:|1700871752\n|switch|p1a: Kyogre|Kyogre-Primal, shiny|82\/100 tox\n|-weather|PrimordialSea|[from] ability: Primordial Sea|[of] p1a: Kyogre\n|turn|18\n|inactive|TheStroker has 120 seconds left.\n|inactive|TheStroker has 90 seconds left.\n|\n|t:|1700871809\n|switch|p2a: One day|Ferrothorn, M|100\/100\n|-damage|p2a: One day|94\/100|[from] Stealth Rock\n|move|p1a: Kyogre|Thunder|p2a: One day\n|-resisted|p2a: One day\n|-damage|p2a: One day|80\/100\n|\n|-weather|PrimordialSea|[upkeep]\n|-heal|p2a: One day|87\/100|[from] item: Leftovers\n|-damage|p1a: Kyogre|76\/100 tox|[from] psn\n|upkeep\n|turn|19\n|\n|t:|1700871823\n|-weather|none\n|switch|p1a: Groudon|Groudon-Primal, shiny|100\/100 slp\n|-weather|DesolateLand|[from] ability: Desolate Land|[of] p1a: Groudon\n|move|p2a: One day|Leech Seed|p1a: Groudon\n|-start|p1a: Groudon|move: Leech Seed\n|\n|-weather|DesolateLand|[upkeep]\n|-heal|p2a: One day|93\/100|[from] item: Leftovers\n|-damage|p1a: Groudon|88\/100 slp|[from] Leech Seed|[of] p2a: One day\n|-heal|p2a: One day|100\/100|[silent]\n|upkeep\n|turn|20\n|inactive|TheStroker has 90 seconds left.\n|\n|t:|1700871841\n|cant|p1a: Groudon|slp\n|move|p2a: One day|Stealth Rock|p1a: Groudon\n|-sidestart|p1: Salvador151920|move: Stealth Rock\n|\n|-weather|DesolateLand|[upkeep]\n|-damage|p1a: Groudon|76\/100 slp|[from] Leech Seed|[of] p2a: One day\n|upkeep\n|turn|21\n|\n|t:|1700871848\n|switch|p2a: Benefitted|Ho-Oh|100\/100 tox\n|cant|p1a: Groudon|slp\n|\n|-weather|DesolateLand|[upkeep]\n|-damage|p1a: Groudon|64\/100 slp|[from] Leech Seed|[of] p2a: Benefitted\n|-damage|p2a: Benefitted|94\/100 tox|[from] psn\n|upkeep\n|turn|22\n|\n|t:|1700871855\n|switch|p2a: One day|Ferrothorn, M|100\/100\n|-damage|p2a: One day|94\/100|[from] Stealth Rock\n|-curestatus|p1a: Groudon|slp|[msg]\n|move|p1a: Groudon|Rock Tomb|p2a: One day\n|-resisted|p2a: One day\n|-damage|p2a: One day|85\/100\n|-unboost|p2a: One day|spe|1\n|\n|-weather|DesolateLand|[upkeep]\n|-heal|p2a: One day|92\/100|[from] item: Leftovers\n|-damage|p1a: Groudon|51\/100|[from] Leech Seed|[of] p2a: One day\n|-heal|p2a: One day|100\/100|[silent]\n|upkeep\n|turn|23\n|\n|t:|1700871868\n|move|p2a: One day|Protect|p2a: One day\n|-singleturn|p2a: One day|Protect\n|move|p1a: Groudon|Fire Punch|p2a: One day\n|-activate|p2a: One day|move: Protect\n|\n|-weather|DesolateLand|[upkeep]\n|-damage|p1a: Groudon|39\/100|[from] Leech Seed|[of] p2a: One day\n|upkeep\n|turn|24\n|\n|t:|1700871878\n|switch|p2a: Shellphone|Ditto|88\/100\n|-damage|p2a: Shellphone|76\/100|[from] Stealth Rock\n|-transform|p2a: Shellphone|p1a: Groudon|[from] ability: Imposter\n|move|p1a: Groudon|Fire Punch|p2a: Shellphone\n|-resisted|p2a: Shellphone\n|-damage|p2a: Shellphone|49\/100\n|\n|-weather|DesolateLand|[upkeep]\n|-damage|p1a: Groudon|27\/100|[from] Leech Seed|[of] p2a: Shellphone\n|-heal|p2a: Shellphone|64\/100|[silent]\n|upkeep\n|turn|25\n|inactive|TheStroker has 90 seconds left.\n|\n|t:|1700871910\n|move|p2a: Shellphone|Precipice Blades|p1a: Groudon\n|-supereffective|p1a: Groudon\n|-damage|p1a: Groudon|0 fnt\n|faint|p1a: Groudon\n|\n|-weather|DesolateLand|[upkeep]\n|upkeep\n|\n|t:|1700871921\n|switch|p1a: Kyogre|Kyogre-Primal, shiny|76\/100 tox\n|-damage|p1a: Kyogre|63\/100 tox|[from] Stealth Rock\n|-weather|PrimordialSea|[from] ability: Primordial Sea|[of] p1a: Kyogre\n|turn|26\n|\n|t:|1700871925\n|switch|p2a: One day|Ferrothorn, M|100\/100\n|-damage|p2a: One day|94\/100|[from] Stealth Rock\n|move|p1a: Kyogre|Hydro Pump|p2a: One day|[miss]\n|-miss|p1a: Kyogre|p2a: One day\n|\n|-weather|PrimordialSea|[upkeep]\n|-heal|p2a: One day|100\/100|[from] item: Leftovers\n|-damage|p1a: Kyogre|57\/100 tox|[from] psn\n|upkeep\n|turn|27\n|\n|t:|1700871945\n|move|p1a: Kyogre|Ice Beam|p2a: One day\n|-damage|p2a: One day|77\/100\n|move|p2a: One day|Leech Seed|p1a: Kyogre\n|-start|p1a: Kyogre|move: Leech Seed\n|\n|-weather|PrimordialSea|[upkeep]\n|-heal|p2a: One day|83\/100|[from] item: Leftovers\n|-damage|p1a: Kyogre|45\/100 tox|[from] Leech Seed|[of] p2a: One day\n|-heal|p2a: One day|97\/100|[silent]\n|-damage|p1a: Kyogre|32\/100 tox|[from] psn\n|upkeep\n|turn|28\n|\n|t:|1700871955\n|move|p1a: Kyogre|Ice Beam|p2a: One day\n|-damage|p2a: One day|74\/100\n|move|p2a: One day|Leech Seed||[still]\n|-fail|p2a: One day\n|\n|-weather|PrimordialSea|[upkeep]\n|-heal|p2a: One day|80\/100|[from] item: Leftovers\n|-damage|p1a: Kyogre|20\/100 tox|[from] Leech Seed|[of] p2a: One day\n|-heal|p2a: One day|95\/100|[silent]\n|-damage|p1a: Kyogre|1\/100 tox|[from] psn\n|upkeep\n|turn|29\n|\n|t:|1700871964\n|move|p2a: One day|Protect|p2a: One day\n|-singleturn|p2a: One day|Protect\n|move|p1a: Kyogre|Ice Beam|p2a: One day\n|-activate|p2a: One day|move: Protect\n|\n|-weather|PrimordialSea|[upkeep]\n|-heal|p2a: One day|100\/100|[from] item: Leftovers\n|-damage|p1a: Kyogre|0 fnt|[from] Leech Seed|[of] p2a: One day\n|faint|p1a: Kyogre\n|-weather|none\n|upkeep\n|\n|t:|1700871969\n|switch|p1a: Arceus|Arceus-Dark|62\/100\n|-damage|p1a: Arceus|50\/100|[from] Stealth Rock\n|turn|30\n|\n|t:|1700871972\n|move|p1a: Arceus|Recover|p1a: Arceus\n|-heal|p1a: Arceus|99\/100\n|move|p2a: One day|Gyro Ball|p1a: Arceus\n|-damage|p1a: Arceus|72\/100\n|\n|upkeep\n|turn|31\n|inactive|TheStroker has 120 seconds left.\n|inactive|TheStroker has 90 seconds left.\n|\n|t:|1700872008\n|switch|p2a: Benefitted|Ho-Oh|100\/100 tox\n|move|p1a: Arceus|Foul Play|p2a: Benefitted\n|-damage|p2a: Benefitted|66\/100 tox\n|\n|-damage|p2a: Benefitted|60\/100 tox|[from] psn\n|upkeep\n|turn|32\n|\n|t:|1700872016\n|move|p1a: Arceus|Recover|p1a: Arceus\n|-heal|p1a: Arceus|100\/100\n|move|p2a: Benefitted|Toxic|p1a: Arceus\n|-status|p1a: Arceus|tox\n|\n|-damage|p1a: Arceus|94\/100 tox|[from] psn\n|-damage|p2a: Benefitted|48\/100 tox|[from] psn\n|upkeep\n|turn|33\n|\n|t:|1700872026\n|switch|p2a: Shellphone|Ditto|64\/100\n|-damage|p2a: Shellphone|52\/100|[from] Stealth Rock\n|-transform|p2a: Shellphone|p1a: Arceus|[from] ability: Imposter\n|move|p1a: Arceus|Foul Play|p2a: Shellphone\n|-resisted|p2a: Shellphone\n|-damage|p2a: Shellphone|39\/100\n|\n|-damage|p1a: Arceus|82\/100 tox|[from] psn\n|upkeep\n|turn|34\n|\n|t:|1700872034\n|move|p2a: Shellphone|Recover|p2a: Shellphone\n|-heal|p2a: Shellphone|89\/100\n|move|p1a: Arceus|Foul Play|p2a: Shellphone\n|-resisted|p2a: Shellphone\n|-damage|p2a: Shellphone|75\/100\n|\n|-damage|p1a: Arceus|64\/100 tox|[from] psn\n|upkeep\n|turn|35\n|-message|Salvador151920 forfeited.\n|\n|win|TheStroker\n|raw|Salvador151920's rating: 1305 &rarr; <strong>1293<\/strong><br \/>(-12 for losing)\n|raw|TheStroker's rating: 1449 &rarr; <strong>1461<\/strong><br \/>(+12 for winning)\n|l|\u2606Salvador151920\n","uploadtime":1700872042,"views":2,"p1id":"salvador151920","p2id":"thestroker","formatid":"gen9nationaldexubers","rating":1293,"private":0,"password":""}