{"id":"gen9nationaldexubers-1991319360","p1":"Discri","p2":"yohisup","format":"[Gen 9] National Dex Ubers","log":"|j|\u2606Discri\n|j|\u203dyohisup\n|t:|1700067217\n|gametype|singles\n|player|p1|Discri|juggler|1207\n|player|p2|yohisup|102|1227\n|teamsize|p1|6\n|teamsize|p2|6\n|gen|9\n|tier|[Gen 9] National Dex Ubers\n|rated|\n|rule|HP Percentage Mod: HP is shown in percentages\n|rule|Endless Battle Clause: Forcing endless battles is banned\n|rule|OHKO Clause: OHKO moves are banned\n|rule|Evasion Moves Clause: Evasion moves are banned\n|rule|Evasion Items Clause: Evasion items are banned\n|rule|Species Clause: Limit one of each Pok\u00e9mon\n|rule|Sleep Clause Mod: Limit one foe put to sleep\n|rule|Mega Rayquaza Clause: You cannot mega evolve Rayquaza\n|clearpoke\n|poke|p1|Reshiram|\n|poke|p1|Absol, F|\n|poke|p1|Iron Hands|\n|poke|p1|Ferrothorn, F|\n|poke|p1|Pawmot, M|\n|poke|p1|Iron Bundle|\n|poke|p2|Kangaskhan, F|\n|poke|p2|Lunala|\n|poke|p2|Samurott-Hisui, M|\n|poke|p2|Xerneas-*|\n|poke|p2|Aegislash, M|\n|poke|p2|Dragapult, F|\n|teampreview\n|\n|t:|1700067226\n|start\n|switch|p1a: Absol|Absol, F, shiny|100\/100\n|switch|p2a: Kangaskhan|Kangaskhan, F|100\/100\n|turn|1\n|\n|t:|1700067231\n|detailschange|p2a: Kangaskhan|Kangaskhan-Mega, F\n|-mega|p2a: Kangaskhan|Kangaskhan|Kangaskhanite\n|detailschange|p1a: Absol|Absol-Mega, F, shiny\n|-mega|p1a: Absol|Absol|Absolite\n|move|p2a: Kangaskhan|Fake Out|p1a: Absol\n|-damage|p1a: Absol|65\/100\n|-damage|p1a: Absol|57\/100\n|-hitcount|p1a: Absol|2\n|cant|p1a: Absol|flinch\n|\n|upkeep\n|turn|2\n|\n|t:|1700067242\n|move|p2a: Kangaskhan|Power-Up Punch|p1a: Absol\n|-supereffective|p1a: Absol\n|-damage|p1a: Absol|8\/100\n|-boost|p2a: Kangaskhan|atk|1\n|-supereffective|p1a: Absol\n|-damage|p1a: Absol|0 fnt\n|-boost|p2a: Kangaskhan|atk|1\n|faint|p1a: Absol\n|-hitcount|p1: Absol|2\n|\n|upkeep\n|\n|t:|1700067251\n|switch|p1a: Iron Hands|Iron Hands|100\/100\n|-enditem|p1a: Iron Hands|Booster Energy\n|-activate|p1a: Iron Hands|ability: Quark Drive|[fromitem]\n|-start|p1a: Iron Hands|quarkdriveatk\n|turn|3\n|\n|t:|1700067256\n|move|p1a: Iron Hands|Fake Out|p2a: Kangaskhan\n|-damage|p2a: Kangaskhan|81\/100\n|cant|p2a: Kangaskhan|flinch\n|\n|upkeep\n|turn|4\n|\n|t:|1700067261\n|-terastallize|p1a: Iron Hands|Fighting\n|move|p2a: Kangaskhan|Body Slam|p1a: Iron Hands\n|-damage|p1a: Iron Hands|38\/100\n|-damage|p1a: Iron Hands|23\/100\n|-hitcount|p1a: Iron Hands|2\n|move|p1a: Iron Hands|Drain Punch|p2a: Kangaskhan\n|-supereffective|p2a: Kangaskhan\n|-damage|p2a: Kangaskhan|0 fnt\n|-heal|p1a: Iron Hands|55\/100|[from] drain|[of] p2a: Kangaskhan\n|faint|p2a: Kangaskhan\n|\n|upkeep\n|\n|t:|1700067281\n|switch|p2a: Xerneas|Xerneas|100\/100\n|-ability|p2a: Xerneas|Fairy Aura\n|turn|5\n|\n|t:|1700067286\n|move|p2a: Xerneas|Geomancy||[still]\n|-prepare|p2a: Xerneas|Geomancy\n|-enditem|p2a: Xerneas|Power Herb\n|-anim|p2a: Xerneas|Geomancy|p2a: Xerneas\n|-boost|p2a: Xerneas|spa|2\n|-boost|p2a: Xerneas|spd|2\n|-boost|p2a: Xerneas|spe|2\n|move|p1a: Iron Hands|Thunder Punch|p2a: Xerneas\n|-damage|p2a: Xerneas|48\/100\n|\n|upkeep\n|turn|6\n|\n|t:|1700067296\n|-end|p1a: Iron Hands|Quark Drive|[silent]\n|switch|p1a: Ferrothorn|Ferrothorn, F|100\/100\n|move|p2a: Xerneas|Moonblast|p1a: Ferrothorn\n|-resisted|p1a: Ferrothorn\n|-damage|p1a: Ferrothorn|48\/100\n|-unboost|p1a: Ferrothorn|spa|1\n|\n|upkeep\n|turn|7\n|\n|t:|1700067305\n|move|p2a: Xerneas|Moonblast|p1a: Ferrothorn\n|-resisted|p1a: Ferrothorn\n|-damage|p1a: Ferrothorn|0 fnt\n|faint|p1a: Ferrothorn\n|\n|upkeep\n|\n|t:|1700067308\n|switch|p1a: Iron Hands|Iron Hands, tera:Fighting|55\/100\n|turn|8\n|\n|t:|1700067311\n|move|p1a: Iron Hands|Fake Out|p2a: Xerneas\n|-damage|p2a: Xerneas|35\/100\n|cant|p2a: Xerneas|flinch\n|\n|upkeep\n|turn|9\n|\n|t:|1700067319\n|-end|p1a: Iron Hands|Quark Drive|[silent]\n|switch|p1a: Iron Bundle|Iron Bundle|100\/100\n|-enditem|p1a: Iron Bundle|Booster Energy\n|-activate|p1a: Iron Bundle|ability: Quark Drive|[fromitem]\n|-start|p1a: Iron Bundle|quarkdrivespa\n|move|p2a: Xerneas|Moonblast|p1a: Iron Bundle\n|-damage|p1a: Iron Bundle|0 fnt\n|faint|p1a: Iron Bundle\n|-end|p1a: Iron Bundle|Quark Drive|[silent]\n|\n|upkeep\n|\n|t:|1700067321\n|switch|p1a: Iron Hands|Iron Hands, tera:Fighting|55\/100\n|turn|10\n|\n|t:|1700067329\n|move|p1a: Iron Hands|Fake Out|p2a: Xerneas\n|-damage|p2a: Xerneas|22\/100\n|cant|p2a: Xerneas|flinch\n|\n|upkeep\n|turn|11\n|\n|t:|1700067341\n|move|p2a: Xerneas|Moonblast|p1a: Iron Hands\n|-supereffective|p1a: Iron Hands\n|-damage|p1a: Iron Hands|0 fnt\n|faint|p1a: Iron Hands\n|-end|p1a: Iron Hands|Quark Drive|[silent]\n|\n|upkeep\n|\n|t:|1700067344\n|switch|p1a: Pawmot|Pawmot, M|100\/100\n|turn|12\n|\n|t:|1700067347\n|move|p2a: Xerneas|Moonblast|p1a: Pawmot\n|-supereffective|p1a: Pawmot\n|-enditem|p1a: Pawmot|Focus Sash\n|-damage|p1a: Pawmot|1\/100\n|-unboost|p1a: Pawmot|spa|1\n|move|p1a: Pawmot|Revival Blessing|p1a: Pawmot\n|\n|t:|1700067358\n|-heal|p1: Absol|50\/100|[from] move: Revival Blessing\n|\n|upkeep\n|turn|13\n|\n|t:|1700067366\n|move|p2a: Xerneas|Moonblast|p1a: Pawmot\n|-supereffective|p1a: Pawmot\n|-damage|p1a: Pawmot|0 fnt\n|faint|p1a: Pawmot\n|\n|upkeep\n|\n|t:|1700067367\n|switch|p1a: Absol|Absol-Mega, F, shiny|50\/100\n|turn|14\n|\n|t:|1700067372\n|move|p1a: Absol|Sucker Punch|p2a: Xerneas\n|-resisted|p2a: Xerneas\n|-damage|p2a: Xerneas|4\/100\n|move|p2a: Xerneas|Moonblast|p1a: Absol\n|-supereffective|p1a: Absol\n|-damage|p1a: Absol|0 fnt\n|faint|p1a: Absol\n|\n|upkeep\n|\n|t:|1700067374\n|switch|p1a: Reshiram|Reshiram, shiny|100\/100\n|-ability|p1a: Reshiram|Turboblaze\n|turn|15\n|\n|t:|1700067383\n|move|p2a: Xerneas|Moonblast|p1a: Reshiram\n|-damage|p1a: Reshiram|0 fnt\n|faint|p1a: Reshiram\n|\n|win|yohisup\n|raw|Discri's rating: 1207 &rarr; <strong>1183<\/strong><br \/>(-24 for losing)\n|raw|yohisup's rating: 1227 &rarr; <strong>1251<\/strong><br \/>(+24 for winning)\n|l|\u2606Discri\n","uploadtime":1700067392,"views":7,"p1id":"discri","p2id":"yohisup","formatid":"gen9nationaldexubers","rating":1183,"private":0,"password":""}