{"id":"gen9nationaldexubers-1999414357","p1":"weylone-_-","p2":"Th3Soci3ty","format":"[Gen 9] National Dex Ubers","log":"|j|\u2606weylone-_-\n|j|\u2606Th3Soci3ty\n|t:|1701076548\n|gametype|singles\n|player|p1|weylone-_-|bruno|1088\n|player|p2|Th3Soci3ty|zinzolin|1026\n|teamsize|p1|6\n|teamsize|p2|6\n|gen|9\n|tier|[Gen 9] National Dex Ubers\n|rated|\n|rule|HP Percentage Mod: HP is shown in percentages\n|rule|Endless Battle Clause: Forcing endless battles is banned\n|rule|OHKO Clause: OHKO moves are banned\n|rule|Evasion Moves Clause: Evasion moves are banned\n|rule|Evasion Items Clause: Evasion items are banned\n|rule|Species Clause: Limit one of each Pok\u00e9mon\n|rule|Sleep Clause Mod: Limit one foe put to sleep\n|rule|Mega Rayquaza Clause: You cannot mega evolve Rayquaza\n|clearpoke\n|poke|p1|Inteleon, M|\n|poke|p1|Ceruledge, M|\n|poke|p1|Kingambit, F|\n|poke|p1|Ninetales-Alola, F|\n|poke|p1|Toxapex, M|\n|poke|p1|Banette, M|\n|poke|p2|Glimmora, F|\n|poke|p2|Sneasler, F|\n|poke|p2|Dusclops, M|\n|poke|p2|Garganacl, F|\n|poke|p2|Noivern, F|\n|poke|p2|Mamoswine, F|\n|teampreview\n|\n|t:|1701076557\n|start\n|switch|p1a: Ninetales|Ninetales-Alola, F|100\/100\n|switch|p2a: Glimmora|Glimmora, F|100\/100\n|-weather|Snow|[from] ability: Snow Warning|[of] p1a: Ninetales\n|turn|1\n|\n|t:|1701076561\n|move|p1a: Ninetales|Aurora Veil|p1a: Ninetales\n|-sidestart|p1: weylone-_-|move: Aurora Veil\n|move|p2a: Glimmora|Stealth Rock|p1a: Ninetales\n|-sidestart|p1: weylone-_-|move: Stealth Rock\n|\n|-weather|Snow|[upkeep]\n|upkeep\n|turn|2\n|\n|t:|1701076566\n|move|p2a: Glimmora|Mortal Spin|p1a: Ninetales\n|-supereffective|p1a: Ninetales\n|-damage|p1a: Ninetales|95\/100\n|-status|p1a: Ninetales|psn\n|move|p1a: Ninetales|Roar|p2a: Glimmora\n|drag|p2a: Noivern|Noivern, F|100\/100\n|\n|-weather|Snow|[upkeep]\n|-damage|p1a: Ninetales|83\/100 psn|[from] psn\n|upkeep\n|turn|3\n|\n|t:|1701076573\n|switch|p2a: Glimmora|Glimmora, F|100\/100\n|move|p1a: Ninetales|Freeze-Dry|p2a: Glimmora\n|-damage|p2a: Glimmora|73\/100\n|\n|-weather|Snow|[upkeep]\n|-damage|p1a: Ninetales|70\/100 psn|[from] psn\n|upkeep\n|turn|4\n|\n|t:|1701076578\n|move|p2a: Glimmora|Earth Power|p1a: Ninetales\n|-damage|p1a: Ninetales|55\/100 psn\n|move|p1a: Ninetales|Roar|p2a: Glimmora\n|drag|p2a: Noivern|Noivern, F|100\/100\n|\n|-weather|Snow|[upkeep]\n|-damage|p1a: Ninetales|43\/100 psn|[from] psn\n|upkeep\n|turn|5\n|\n|t:|1701076584\n|switch|p2a: Glimmora|Glimmora, F|73\/100\n|move|p1a: Ninetales|Freeze-Dry|p2a: Glimmora\n|-damage|p2a: Glimmora|46\/100\n|\n|-weather|Snow|[upkeep]\n|-damage|p1a: Ninetales|30\/100 psn|[from] psn\n|-sideend|p1: weylone-_-|move: Aurora Veil\n|upkeep\n|turn|6\n|\n|t:|1701076593\n|switch|p1a: Toxapex|Toxapex, M, shiny|100\/100\n|-damage|p1a: Toxapex|88\/100|[from] Stealth Rock\n|move|p2a: Glimmora|Earth Power|p1a: Toxapex\n|-supereffective|p1a: Toxapex\n|-damage|p1a: Toxapex|44\/100\n|\n|-weather|Snow|[upkeep]\n|-heal|p1a: Toxapex|50\/100|[from] item: Leftovers\n|upkeep\n|turn|7\n|\n|t:|1701076599\n|move|p2a: Glimmora|Earth Power|p1a: Toxapex\n|-supereffective|p1a: Toxapex\n|-damage|p1a: Toxapex|3\/100\n|move|p1a: Toxapex|Chilling Water|p2a: Glimmora\n|-supereffective|p2a: Glimmora\n|-damage|p2a: Glimmora|16\/100\n|-unboost|p2a: Glimmora|atk|1\n|\n|-weather|Snow|[upkeep]\n|-heal|p1a: Toxapex|10\/100|[from] item: Leftovers\n|upkeep\n|turn|8\n|inactive|Battle timer is ON: inactive players will automatically lose when time's up. (requested by Th3Soci3ty)\n|\n|t:|1701076667\n|move|p2a: Glimmora|Earth Power|p1a: Toxapex\n|-supereffective|p1a: Toxapex\n|-damage|p1a: Toxapex|0 fnt\n|faint|p1a: Toxapex\n|\n|-weather|none\n|upkeep\n|l|\u2606weylone-_-\n|inactive|weylone-_- disconnected and has a minute to reconnect!\n|player|p1|\n|inactive|weylone-_- has 30 seconds to reconnect!\n|inactive|weylone-_- has 20 seconds to reconnect!\n|inactive|weylone-_- has 15 seconds to reconnect!\n|inactive|weylone-_- has 10 seconds to reconnect!\n|inactive|weylone-_- has 5 seconds to reconnect!\n|-message|weylone-_- lost due to inactivity.\n|\n|win|Th3Soci3ty\n|raw|weylone-_-'s rating: 1088 &rarr; <strong>1061<\/strong><br \/>(-27 for losing)\n|raw|Th3Soci3ty's rating: 1026 &rarr; <strong>1068<\/strong><br \/>(+42 for winning)\n","uploadtime":1701076792,"views":3,"p1id":"weylone","p2id":"th3soci3ty","formatid":"gen9nationaldexubers","rating":1061,"private":0,"password":""}