{"id":"gen9nationaldexubers-1980694021","p1":"NeoNecrozma504","p2":"flamingwrench11234","format":"[Gen 9] National Dex Ubers","log":"|j|\u2606NeoNecrozma504\n|j|\u2606flamingwrench11234\n|t:|1698814120\n|gametype|singles\n|player|p1|NeoNecrozma504|colress|1443\n|player|p2|flamingwrench11234|1|1601\n|teamsize|p1|6\n|teamsize|p2|6\n|gen|9\n|tier|[Gen 9] National Dex Ubers\n|rated|\n|rule|HP Percentage Mod: HP is shown in percentages\n|rule|Endless Battle Clause: Forcing endless battles is banned\n|rule|OHKO Clause: OHKO moves are banned\n|rule|Evasion Moves Clause: Evasion moves are banned\n|rule|Evasion Items Clause: Evasion items are banned\n|rule|Species Clause: Limit one of each Pok\u00e9mon\n|rule|Sleep Clause Mod: Limit one foe put to sleep\n|rule|Mega Rayquaza Clause: You cannot mega evolve Rayquaza\n|clearpoke\n|poke|p1|Salamence, F|\n|poke|p1|Marshadow|\n|poke|p1|Groudon|\n|poke|p1|Ninetales-Alola, F|\n|poke|p1|Iron Treads|\n|poke|p1|Kyurem-Black|\n|poke|p2|Arceus-Ground|\n|poke|p2|Eternatus|\n|poke|p2|Yveltal|\n|poke|p2|Ho-Oh|\n|poke|p2|Groudon|\n|poke|p2|Marshadow|\n|teampreview\n|\n|t:|1698814128\n|start\n|switch|p1a: bbb|Ninetales-Alola, F|100\/100\n|switch|p2a: Yveltal|Yveltal|100\/100\n|-weather|Snow|[from] ability: Snow Warning|[of] p1a: bbb\n|-ability|p2a: Yveltal|Dark Aura\n|turn|1\n|\n|t:|1698814132\n|move|p1a: bbb|Aurora Veil|p1a: bbb\n|-sidestart|p1: NeoNecrozma504|move: Aurora Veil\n|move|p2a: Yveltal|Oblivion Wing|p1a: bbb\n|-damage|p1a: bbb|64\/100\n|-damage|p2a: Yveltal|91\/100|[from] item: Life Orb\n|\n|-weather|Snow|[upkeep]\n|upkeep\n|turn|2\n|\n|t:|1698814137\n|move|p1a: bbb|Blizzard|p2a: Yveltal\n|-supereffective|p2a: Yveltal\n|-damage|p2a: Yveltal|33\/100\n|move|p2a: Yveltal|Oblivion Wing|p1a: bbb\n|-damage|p1a: bbb|31\/100\n|-heal|p2a: Yveltal|51\/100|[from] drain|[of] p1a: bbb\n|-damage|p2a: Yveltal|41\/100|[from] item: Life Orb\n|\n|-weather|Snow|[upkeep]\n|upkeep\n|turn|3\n|\n|t:|1698814141\n|move|p2a: Yveltal|Sucker Punch|p1a: bbb\n|-resisted|p1a: bbb\n|-damage|p1a: bbb|21\/100\n|-damage|p2a: Yveltal|31\/100|[from] item: Life Orb\n|move|p1a: bbb|Blizzard|p2a: Yveltal\n|-supereffective|p2a: Yveltal\n|-damage|p2a: Yveltal|0 fnt\n|faint|p2a: Yveltal\n|\n|-weather|Snow|[upkeep]\n|upkeep\n|\n|t:|1698814144\n|switch|p2a: Groudon|Groudon|100\/100\n|detailschange|p2a: Groudon|Groudon-Primal\n|-primal|p2a: Groudon|Red Orb\n|-weather|DesolateLand|[from] ability: Desolate Land|[of] p2a: Groudon\n|turn|4\n|\n|t:|1698814152\n|switch|p1a: AHHHHHH|Groudon|100\/100\n|detailschange|p1a: AHHHHHH|Groudon-Primal\n|-primal|p1a: AHHHHHH|Red Orb\n|move|p2a: Groudon|Stealth Rock|p1a: AHHHHHH\n|-sidestart|p1: NeoNecrozma504|move: Stealth Rock\n|\n|-weather|DesolateLand|[upkeep]\n|upkeep\n|turn|5\n|\n|t:|1698814158\n|switch|p2a: Arceus|Arceus-Ground|100\/100\n|move|p1a: AHHHHHH|Stealth Rock|p2a: Arceus\n|-sidestart|p2: flamingwrench11234|move: Stealth Rock\n|\n|-weather|DesolateLand|[upkeep]\n|upkeep\n|turn|6\n|\n|t:|1698814163\n|move|p2a: Arceus|Judgment|p1a: AHHHHHH\n|-supereffective|p1a: AHHHHHH\n|-damage|p1a: AHHHHHH|39\/100\n|move|p1a: AHHHHHH|Eruption|p2a: Arceus\n|-crit|p2a: Arceus\n|-damage|p2a: Arceus|61\/100\n|\n|-weather|DesolateLand|[upkeep]\n|upkeep\n|turn|7\n|\n|t:|1698814167\n|move|p2a: Arceus|Judgment|p1a: AHHHHHH\n|-supereffective|p1a: AHHHHHH\n|-damage|p1a: AHHHHHH|0 fnt\n|faint|p1a: AHHHHHH\n|-weather|none\n|\n|upkeep\n|\n|t:|1698814171\n|switch|p1a: Excelsus|Iron Treads|100\/100\n|turn|8\n|\n|t:|1698814174\n|move|p2a: Arceus|Taunt|p1a: Excelsus\n|-start|p1a: Excelsus|move: Taunt\n|move|p1a: Excelsus|Knock Off|p2a: Arceus\n|-damage|p2a: Arceus|49\/100\n|\n|-sideend|p1: NeoNecrozma504|move: Aurora Veil\n|upkeep\n|turn|9\n|\n|t:|1698814182\n|move|p2a: Arceus|Recover|p2a: Arceus\n|-heal|p2a: Arceus|99\/100\n|move|p1a: Excelsus|Rapid Spin|p2a: Arceus\n|-damage|p2a: Arceus|88\/100\n|-boost|p1a: Excelsus|spe|1\n|-sideend|p1: NeoNecrozma504|Stealth Rock|[from] move: Rapid Spin|[of] p1a: Excelsus\n|\n|upkeep\n|turn|10\n|\n|t:|1698814193\n|move|p1a: Excelsus|Iron Head|p2a: Arceus\n|-damage|p2a: Arceus|64\/100\n|move|p2a: Arceus|Judgment|p1a: Excelsus\n|-supereffective|p1a: Excelsus\n|-damage|p1a: Excelsus|0 fnt\n|faint|p1a: Excelsus\n|-end|p1a: Excelsus|Quark Drive|[silent]\n|\n|upkeep\n|\n|t:|1698814198\n|switch|p1a: bbb|Ninetales-Alola, F|21\/100\n|-weather|Snow|[from] ability: Snow Warning|[of] p1a: bbb\n|turn|11\n|\n|t:|1698814203\n|move|p2a: Arceus|Judgment|p1a: bbb\n|-damage|p1a: bbb|0 fnt\n|faint|p1a: bbb\n|\n|-weather|Snow|[upkeep]\n|upkeep\n|\n|t:|1698814206\n|switch|p1a: crumb|Kyurem-Black|100\/100\n|-ability|p1a: crumb|Teravolt\n|turn|12\n|\n|t:|1698814208\n|move|p2a: Arceus|Taunt|p1a: crumb\n|-start|p1a: crumb|move: Taunt\n|cant|p1a: crumb|move: Taunt|Dragon Dance\n|\n|-weather|Snow|[upkeep]\n|upkeep\n|turn|13\n|\n|t:|1698814215\n|switch|p2a: Ho-Oh|Ho-Oh|100\/100\n|move|p1a: crumb|Icicle Spear|p2a: Ho-Oh\n|-damage|p2a: Ho-Oh|90\/100\n|-damage|p2a: Ho-Oh|78\/100\n|-damage|p2a: Ho-Oh|67\/100\n|-damage|p2a: Ho-Oh|56\/100\n|-damage|p2a: Ho-Oh|46\/100\n|-hitcount|p2a: Ho-Oh|5\n|\n|-weather|Snow|[upkeep]\n|upkeep\n|turn|14\n|\n|t:|1698814221\n|move|p1a: crumb|Fusion Bolt|p2a: Ho-Oh\n|-supereffective|p2a: Ho-Oh\n|-damage|p2a: Ho-Oh|0 fnt\n|faint|p2a: Ho-Oh\n|\n|-weather|Snow|[upkeep]\n|-end|p1a: crumb|move: Taunt\n|upkeep\n|\n|t:|1698814224\n|switch|p2a: Marshadow|Marshadow|100\/100\n|-damage|p2a: Marshadow|94\/100|[from] Stealth Rock\n|turn|15\n|\n|t:|1698814231\n|move|p2a: Marshadow|Low Kick|p1a: crumb\n|-supereffective|p1a: crumb\n|-damage|p1a: crumb|0 fnt\n|faint|p1a: crumb\n|-damage|p2a: Marshadow|84\/100|[from] item: Life Orb\n|\n|-weather|none\n|upkeep\n|\n|t:|1698814236\n|switch|p1a: guh|Salamence, F|100\/100\n|-ability|p1a: guh|Intimidate|boost\n|-unboost|p2a: Marshadow|atk|1\n|turn|16\n|\n|t:|1698814241\n|switch|p2a: Eternatus|Eternatus|100\/100\n|-damage|p2a: Eternatus|88\/100|[from] Stealth Rock\n|-ability|p2a: Eternatus|Pressure\n|detailschange|p1a: guh|Salamence-Mega, F\n|-mega|p1a: guh|Salamence|Salamencite\n|move|p1a: guh|Return|p2a: Eternatus\n|-damage|p2a: Eternatus|32\/100\n|\n|-heal|p2a: Eternatus|38\/100|[from] item: Leftovers\n|upkeep\n|turn|17\n|\n|t:|1698814262\n|move|p2a: Eternatus|Sludge Bomb|p1a: guh\n|-damage|p1a: guh|50\/100\n|move|p1a: guh|Dragon Claw|p2a: Eternatus\n|-supereffective|p2a: Eternatus\n|-crit|p2a: Eternatus\n|-damage|p2a: Eternatus|0 fnt\n|faint|p2a: Eternatus\n|\n|upkeep\n|\n|t:|1698814265\n|switch|p2a: Marshadow|Marshadow|84\/100\n|-damage|p2a: Marshadow|78\/100|[from] Stealth Rock\n|turn|18\n|\n|t:|1698814271\n|-terastallize|p2a: Marshadow|Ghost\n|move|p2a: Marshadow|Shadow Sneak|p1a: guh\n|-damage|p1a: guh|8\/100\n|-damage|p2a: Marshadow|68\/100|[from] item: Life Orb\n|move|p1a: guh|Return|p2a: Marshadow\n|-damage|p2a: Marshadow|0 fnt\n|faint|p2a: Marshadow\n|\n|upkeep\n|\n|t:|1698814279\n|switch|p2a: Arceus|Arceus-Ground|64\/100\n|-damage|p2a: Arceus|57\/100|[from] Stealth Rock\n|turn|19\n|\n|t:|1698814287\n|move|p2a: Arceus|Recover|p2a: Arceus\n|-heal|p2a: Arceus|100\/100\n|move|p1a: guh|Return|p2a: Arceus\n|-damage|p2a: Arceus|50\/100\n|\n|upkeep\n|turn|20\n|\n|t:|1698814291\n|move|p2a: Arceus|Toxic|p1a: guh\n|-status|p1a: guh|tox\n|move|p1a: guh|Return|p2a: Arceus\n|-damage|p2a: Arceus|0 fnt\n|faint|p2a: Arceus\n|\n|-damage|p1a: guh|2\/100 tox|[from] psn\n|upkeep\n|\n|t:|1698814294\n|switch|p2a: Groudon|Groudon-Primal|100\/100\n|-damage|p2a: Groudon|88\/100|[from] Stealth Rock\n|-weather|DesolateLand|[from] ability: Desolate Land|[of] p2a: Groudon\n|turn|21\n|\n|t:|1698814301\n|move|p1a: guh|Earthquake|p2a: Groudon\n|-supereffective|p2a: Groudon\n|-damage|p2a: Groudon|30\/100\n|move|p2a: Groudon|Precipice Blades|p1a: guh\n|-immune|p1a: guh\n|\n|-weather|DesolateLand|[upkeep]\n|-damage|p1a: guh|0 fnt|[from] psn\n|faint|p1a: guh\n|upkeep\n|\n|t:|1698814304\n|switch|p1a: marshmallow|Marshadow|100\/100\n|turn|22\n|c|\u2606flamingwrench11234|I messed up\n|\n|t:|1698814313\n|-zpower|p1a: marshmallow\n|move|p1a: marshmallow|Soul-Stealing 7-Star Strike|p2a: Groudon|[zeffect]\n|-damage|p2a: Groudon|0 fnt\n|faint|p2a: Groudon\n|-weather|none\n|\n|win|NeoNecrozma504\n|raw|NeoNecrozma504's rating: 1443 &rarr; <strong>1472<\/strong><br \/>(+29 for winning)\n|raw|flamingwrench11234's rating: 1601 &rarr; <strong>1572<\/strong><br \/>(-29 for losing)\n|l|\u2606flamingwrench11234\n|l|\u2606NeoNecrozma504\n","uploadtime":1698814355,"views":10,"p1id":"neonecrozma504","p2id":"flamingwrench11234","formatid":"gen9nationaldexubers","rating":1472,"private":0,"password":""}