{"id":"gen9nationaldexubers-1999596383","p1":"ReyOruga","p2":"Goldynn","format":"[Gen 9] National Dex Ubers","log":"|j|\u2606ReyOruga\n|j|\u2606Goldynn\n|t:|1701099660\n|gametype|singles\n|player|p1|ReyOruga|170|\n|player|p2|Goldynn|rood|\n|teamsize|p1|6\n|teamsize|p2|6\n|gen|9\n|tier|[Gen 9] National Dex Ubers\n|rule|HP Percentage Mod: HP is shown in percentages\n|rule|Endless Battle Clause: Forcing endless battles is banned\n|rule|OHKO Clause: OHKO moves are banned\n|rule|Evasion Moves Clause: Evasion moves are banned\n|rule|Evasion Items Clause: Evasion items are banned\n|rule|Species Clause: Limit one of each Pok\u00e9mon\n|rule|Sleep Clause Mod: Limit one foe put to sleep\n|rule|Mega Rayquaza Clause: You cannot mega evolve Rayquaza\n|clearpoke\n|poke|p1|Vanilluxe, F|\n|poke|p1|Orthworm, M|\n|poke|p1|Cryogonal|\n|poke|p1|Salazzle, F|\n|poke|p1|Tornadus, M|\n|poke|p1|Pidgeot, M|\n|poke|p2|Lumineon, M|\n|poke|p2|Beedrill, M|\n|poke|p2|Cinderace, F|\n|poke|p2|Sandy Shocks|\n|poke|p2|Diggersby, M|\n|poke|p2|Diancie|\n|teampreview\n|\n|t:|1701099666\n|start\n|switch|p1a: Pelucas|Pidgeot, M|100\/100\n|switch|p2a: SMASH|Beedrill, M|100\/100\n|turn|1\n|\n|t:|1701099679\n|detailschange|p1a: Pelucas|Pidgeot-Mega, M\n|-mega|p1a: Pelucas|Pidgeot|Pidgeotite\n|detailschange|p2a: SMASH|Beedrill-Mega, M\n|-mega|p2a: SMASH|Beedrill|Beedrillite\n|move|p2a: SMASH|U-turn|p1a: Pelucas\n|-resisted|p1a: Pelucas\n|-damage|p1a: Pelucas|64\/100\n|\n|t:|1701099689\n|switch|p2a: Guapito|Lumineon, M|100\/100|[from] U-turn\n|move|p1a: Pelucas|Hurricane|p2a: Guapito\n|-damage|p2a: Guapito|51\/100\n|\n|-heal|p2a: Guapito|57\/100|[from] item: Leftovers\n|upkeep\n|turn|2\n|\n|t:|1701099700\n|move|p1a: Pelucas|U-turn|p2a: Guapito\n|-damage|p2a: Guapito|42\/100\n|\n|t:|1701099725\n|switch|p1a: qguapoeldragon|Salazzle, F|100\/100|[from] U-turn\n|move|p2a: Guapito|Ice Beam|p1a: qguapoeldragon\n|-resisted|p1a: qguapoeldragon\n|-damage|p1a: qguapoeldragon|86\/100\n|\n|-heal|p2a: Guapito|48\/100|[from] item: Leftovers\n|upkeep\n|turn|3\n|\n|t:|1701099740\n|move|p1a: qguapoeldragon|Sludge Wave|p2a: Guapito\n|-damage|p2a: Guapito|11\/100\n|move|p2a: Guapito|Surf|p1a: qguapoeldragon\n|-supereffective|p1a: qguapoeldragon\n|-damage|p1a: qguapoeldragon|7\/100\n|\n|-heal|p2a: Guapito|17\/100|[from] item: Leftovers\n|upkeep\n|turn|4\n|\n|t:|1701099753\n|move|p1a: qguapoeldragon|Sludge Wave|p2a: Guapito\n|-damage|p2a: Guapito|0 fnt\n|faint|p2a: Guapito\n|\n|upkeep\n|\n|t:|1701099758\n|switch|p2a: SMASH|Beedrill-Mega, M|100\/100\n|turn|5\n|\n|t:|1701099833\n|move|p2a: SMASH|U-turn|p1a: qguapoeldragon\n|-resisted|p1a: qguapoeldragon\n|-damage|p1a: qguapoeldragon|0 fnt\n|faint|p1a: qguapoeldragon\n|\n|t:|1701099840\n|switch|p2a: Peruano|Diggersby, M|100\/100|[from] U-turn\n|\n|upkeep\n|\n|t:|1701099914\n|switch|p1a: Stracciatello|Vanilluxe, F|100\/100\n|-weather|Snow|[from] ability: Snow Warning|[of] p1a: Stracciatello\n|turn|6\n|\n|t:|1701099927\n|-terastallize|p2a: Peruano|Normal\n|move|p1a: Stracciatello|Blizzard|p2a: Peruano\n|-damage|p2a: Peruano|10\/100\n|move|p2a: Peruano|Return|p1a: Stracciatello\n|-damage|p1a: Stracciatello|0 fnt\n|faint|p1a: Stracciatello\n|\n|-weather|Snow|[upkeep]\n|upkeep\n|\n|t:|1701099938\n|switch|p1a: poliedro|Cryogonal|100\/100\n|turn|7\n|\n|t:|1701099961\n|switch|p2a: Furroman|Cinderace, F|100\/100\n|move|p1a: poliedro|Recover||[still]\n|-fail|p1a: poliedro|heal\n|\n|-weather|Snow|[upkeep]\n|upkeep\n|turn|8\n|\n|t:|1701099981\n|switch|p1a: Putitovolador|Tornadus, M|100\/100\n|move|p2a: Furroman|Pyro Ball|p1a: Putitovolador\n|-damage|p1a: Putitovolador|0 fnt\n|faint|p1a: Putitovolador\n|\n|-weather|Snow|[upkeep]\n|upkeep\n|\n|t:|1701099991\n|switch|p1a: poliedro|Cryogonal|100\/100\n|turn|9\n|\n|t:|1701099997\n|move|p2a: Furroman|Pyro Ball|p1a: poliedro\n|-supereffective|p1a: poliedro\n|-damage|p1a: poliedro|0 fnt\n|faint|p1a: poliedro\n|\n|-weather|Snow|[upkeep]\n|upkeep\n|\n|t:|1701100002\n|switch|p1a: Pelucas|Pidgeot-Mega, M|64\/100\n|turn|10\n|\n|t:|1701100007\n|move|p1a: Pelucas|Hurricane|p2a: Furroman\n|-damage|p2a: Furroman|32\/100\n|move|p2a: Furroman|Pyro Ball|p1a: Pelucas\n|-damage|p1a: Pelucas|0 fnt\n|faint|p1a: Pelucas\n|\n|-weather|none\n|upkeep\n|\n|t:|1701100014\n|switch|p1a: cuc|Orthworm, M|100\/100\n|turn|11\n|\n|t:|1701100023\n|-terastallize|p1a: cuc|Water\n|move|p2a: Furroman|Pyro Ball|p1a: cuc\n|-resisted|p1a: cuc\n|-damage|p1a: cuc|84\/100\n|move|p1a: cuc|Body Press|p2a: Furroman\n|-damage|p2a: Furroman|0 fnt\n|faint|p2a: Furroman\n|\n|upkeep\n|\n|t:|1701100036\n|switch|p2a: Popete|Sandy Shocks|100\/100\n|turn|12\n|\n|t:|1701100045\n|move|p2a: Popete|Volt Switch|p1a: cuc\n|-supereffective|p1a: cuc\n|-damage|p1a: cuc|0 fnt\n|faint|p1a: cuc\n|\n|win|Goldynn\n|l|\u2606ReyOruga\n","uploadtime":1701100066,"views":2,"p1id":"reyoruga","p2id":"goldynn","formatid":"gen9nationaldexubers","rating":0,"private":0,"password":""}