{"id":"gen9nationaldexubers-1985137961","p1":"VantaZack","p2":"amarna","format":"[Gen 9] National Dex Ubers","log":"|j|\u2606VantaZack\n|j|\u2606amarna\n|t:|1699336580\n|gametype|singles\n|player|p1|VantaZack|marnie-masters3|\n|player|p2|amarna|shadowtriad|\n|teamsize|p1|6\n|teamsize|p2|6\n|gen|9\n|tier|[Gen 9] National Dex Ubers\n|rule|HP Percentage Mod: HP is shown in percentages\n|rule|Endless Battle Clause: Forcing endless battles is banned\n|rule|OHKO Clause: OHKO moves are banned\n|rule|Evasion Moves Clause: Evasion moves are banned\n|rule|Evasion Items Clause: Evasion items are banned\n|rule|Species Clause: Limit one of each Pok\u00e9mon\n|rule|Sleep Clause Mod: Limit one foe put to sleep\n|rule|Mega Rayquaza Clause: You cannot mega evolve Rayquaza\n|clearpoke\n|poke|p1|Gholdengo|\n|poke|p1|Heatran, M|\n|poke|p1|Absol, M|\n|poke|p1|Regigigas|\n|poke|p1|Maushold|\n|poke|p1|Kyurem|\n|poke|p2|Meowscarada, F|\n|poke|p2|Enamorus, F|\n|poke|p2|Azelf|\n|poke|p2|Cinccino, M|\n|poke|p2|Scizor, M|\n|poke|p2|Rotom-Wash|\n|teampreview\n|\n|t:|1699336592\n|start\n|switch|p1a: Who's-Who|Absol, M, shiny|100\/100\n|switch|p2a: Zelda|Azelf, shiny|100\/100\n|-ability|p1a: Who's-Who|Pressure\n|turn|1\n|j| Saradominphat\n|\n|t:|1699336611\n|detailschange|p1a: Who's-Who|Absol-Mega, M, shiny\n|-mega|p1a: Who's-Who|Absol|Absolite\n|move|p2a: Zelda|Drain Punch|p1a: Who's-Who\n|-supereffective|p1a: Who's-Who\n|-damage|p1a: Who's-Who|2\/100\n|move|p1a: Who's-Who|Knock Off|p2a: Zelda\n|-supereffective|p2a: Zelda\n|-enditem|p2a: Zelda|Focus Sash\n|-damage|p2a: Zelda|1\/100\n|\n|upkeep\n|turn|2\n|j| meltllilith\n|\n|t:|1699336637\n|switch|p2a: Neco-Arc|Meowscarada, F, shiny|100\/100\n|move|p1a: Who's-Who|Knock Off|p2a: Neco-Arc\n|-resisted|p2a: Neco-Arc\n|-damage|p2a: Neco-Arc|54\/100\n|-enditem|p2a: Neco-Arc|Choice Band|[from] move: Knock Off|[of] p1a: Who's-Who\n|\n|upkeep\n|turn|3\n|\n|t:|1699336655\n|move|p2a: Neco-Arc|Sucker Punch|p1a: Who's-Who\n|-start|p2a: Neco-Arc|typechange|Dark|[from] ability: Protean\n|-resisted|p1a: Who's-Who\n|-damage|p1a: Who's-Who|0 fnt\n|faint|p1a: Who's-Who\n|\n|upkeep\n|\n|t:|1699336680\n|switch|p1a: Killa|Regigigas|100\/100\n|-start|p1a: Killa|ability: Slow Start\n|turn|4\n|\n|t:|1699336695\n|switch|p2a: Whirlpool|Rotom-Wash, shiny|100\/100\n|move|p1a: Killa|Toxic|p2a: Whirlpool|[miss]\n|-miss|p1a: Killa|p2a: Whirlpool\n|\n|upkeep\n|turn|5\n|\n|t:|1699336702\n|move|p2a: Whirlpool|Volt Switch|p1a: Killa\n|-damage|p1a: Killa|84\/100\n|\n|t:|1699336712\n|switch|p2a: Edward|Scizor, M, shiny|100\/100|[from] Volt Switch\n|move|p1a: Killa|Toxic|p2a: Edward\n|-immune|p2a: Edward\n|\n|-heal|p1a: Killa|90\/100|[from] item: Leftovers\n|upkeep\n|turn|6\n|\n|t:|1699336722\n|detailschange|p2a: Edward|Scizor-Mega, M, shiny\n|-mega|p2a: Edward|Scizor|Scizorite\n|move|p2a: Edward|Swords Dance|p2a: Edward\n|-boost|p2a: Edward|atk|2\n|move|p1a: Killa|Thunder Wave|p2a: Edward\n|-status|p2a: Edward|par\n|\n|-heal|p1a: Killa|96\/100|[from] item: Leftovers\n|upkeep\n|turn|7\n|\n|t:|1699336731\n|move|p1a: Killa|Body Slam|p2a: Edward\n|-resisted|p2a: Edward\n|-damage|p2a: Edward|94\/100 par\n|move|p2a: Edward|Knock Off|p1a: Killa\n|-crit|p1a: Killa\n|-damage|p1a: Killa|37\/100\n|-enditem|p1a: Killa|Leftovers|[from] move: Knock Off|[of] p2a: Edward\n|\n|upkeep\n|turn|8\n|\n|t:|1699336739\n|move|p1a: Killa|Body Slam|p2a: Edward\n|-resisted|p2a: Edward\n|-damage|p2a: Edward|86\/100 par\n|cant|p2a: Edward|par\n|\n|-end|p1a: Killa|Slow Start\n|upkeep\n|turn|9\n|\n|t:|1699336747\n|move|p2a: Edward|Bullet Punch|p1a: Killa\n|-damage|p1a: Killa|1\/100\n|move|p1a: Killa|Iron Head|p2a: Edward\n|-resisted|p2a: Edward\n|-damage|p2a: Edward|76\/100 par\n|\n|upkeep\n|turn|10\n|\n|t:|1699336755\n|move|p1a: Killa|Body Slam|p2a: Edward\n|-resisted|p2a: Edward\n|-damage|p2a: Edward|61\/100 par\n|move|p2a: Edward|Swords Dance|p2a: Edward\n|-boost|p2a: Edward|atk|2\n|\n|upkeep\n|turn|11\n|\n|t:|1699336760\n|move|p1a: Killa|Body Slam|p2a: Edward\n|-resisted|p2a: Edward\n|-damage|p2a: Edward|47\/100 par\n|move|p2a: Edward|Roost|p2a: Edward\n|-heal|p2a: Edward|98\/100 par\n|-singleturn|p2a: Edward|move: Roost\n|\n|upkeep\n|turn|12\n|\n|t:|1699336766\n|move|p2a: Edward|Bullet Punch|p1a: Killa\n|-damage|p1a: Killa|0 fnt\n|faint|p1a: Killa\n|-end|p1a: Killa|Slow Start|[silent]\n|\n|upkeep\n|\n|t:|1699336772\n|switch|p1a: Gamabunta|Heatran, M|100\/100\n|turn|13\n|\n|t:|1699336780\n|switch|p2a: Whirlpool|Rotom-Wash, shiny|100\/100\n|move|p1a: Gamabunta|Eruption|p2a: Whirlpool\n|-resisted|p2a: Whirlpool\n|-damage|p2a: Whirlpool|68\/100\n|\n|-heal|p2a: Whirlpool|74\/100|[from] item: Leftovers\n|upkeep\n|turn|14\n|\n|t:|1699336800\n|switch|p1a: Dinero|Gholdengo|100\/100\n|move|p2a: Whirlpool|Volt Switch|p1a: Dinero\n|-damage|p1a: Dinero|70\/100\n|\n|t:|1699336805\n|switch|p2a: Neco-Arc|Meowscarada, F, shiny|54\/100|[from] Volt Switch\n|\n|upkeep\n|turn|15\n|\n|t:|1699336838\n|move|p2a: Neco-Arc|Sucker Punch|p1a: Dinero\n|-start|p2a: Neco-Arc|typechange|Dark|[from] ability: Protean\n|-supereffective|p1a: Dinero\n|-damage|p1a: Dinero|1\/100\n|move|p1a: Dinero|Make It Rain|p2a: Neco-Arc\n|-damage|p2a: Neco-Arc|0 fnt\n|-unboost|p1a: Dinero|spa|1\n|faint|p2a: Neco-Arc\n|\n|upkeep\n|\n|t:|1699336860\n|switch|p2a: Edward|Scizor-Mega, M, shiny|98\/100 par\n|turn|16\n|\n|t:|1699336868\n|switch|p1a: Lidia|Kyurem|100\/100\n|-ability|p1a: Lidia|Pressure\n|move|p2a: Edward|Knock Off|p1a: Lidia\n|-damage|p1a: Lidia|80\/100\n|-enditem|p1a: Lidia|Light Clay|[from] move: Knock Off|[of] p2a: Edward\n|\n|upkeep\n|turn|17\n|\n|t:|1699336877\n|switch|p2a: Pinky|Enamorus, F|100\/100\n|move|p1a: Lidia|Reflect|p1a: Lidia\n|-sidestart|p1: VantaZack|Reflect\n|\n|upkeep\n|turn|18\n|\n|t:|1699336888\n|move|p2a: Pinky|Moonblast|p1a: Lidia\n|-supereffective|p1a: Lidia\n|-damage|p1a: Lidia|0 fnt\n|faint|p1a: Lidia\n|\n|upkeep\n|\n|t:|1699336893\n|switch|p1a: Dinero|Gholdengo|1\/100\n|turn|19\n|\n|t:|1699336909\n|switch|p2a: Edward|Scizor-Mega, M, shiny|98\/100 par\n|move|p1a: Dinero|Make It Rain|p2a: Edward\n|-resisted|p2a: Edward\n|-damage|p2a: Edward|70\/100 par\n|-unboost|p1a: Dinero|spa|1\n|\n|upkeep\n|turn|20\n|\n|t:|1699336938\n|switch|p1a: Mo Mei Min|Maushold|100\/100\n|cant|p2a: Edward|par\n|\n|upkeep\n|turn|21\n|\n|t:|1699336948\n|move|p1a: Mo Mei Min|Tidy Up|p1a: Mo Mei Min\n|-boost|p1a: Mo Mei Min|atk|1\n|-boost|p1a: Mo Mei Min|spe|1\n|move|p2a: Edward|Knock Off|p1a: Mo Mei Min\n|-damage|p1a: Mo Mei Min|76\/100\n|-enditem|p1a: Mo Mei Min|Loaded Dice|[from] move: Knock Off|[of] p2a: Edward\n|\n|-sideend|p1: VantaZack|Reflect\n|upkeep\n|turn|22\n|\n|t:|1699336963\n|cant|p2a: Edward|par\n|move|p1a: Mo Mei Min|Population Bomb|p2a: Edward\n|-resisted|p2a: Edward\n|-damage|p2a: Edward|64\/100 par\n|-resisted|p2a: Edward\n|-damage|p2a: Edward|59\/100 par\n|-resisted|p2a: Edward\n|-damage|p2a: Edward|54\/100 par\n|-hitcount|p2a: Edward|3\n|\n|upkeep\n|turn|23\n|\n|t:|1699336973\n|move|p1a: Mo Mei Min|Population Bomb|p2a: Edward|[miss]\n|-miss|p1a: Mo Mei Min|p2a: Edward\n|move|p2a: Edward|Roost|p2a: Edward\n|-heal|p2a: Edward|100\/100 par\n|-singleturn|p2a: Edward|move: Roost\n|\n|upkeep\n|turn|24\n|\n|t:|1699336978\n|cant|p2a: Edward|par\n|move|p1a: Mo Mei Min|Population Bomb|p2a: Edward\n|-resisted|p2a: Edward\n|-damage|p2a: Edward|95\/100 par\n|-resisted|p2a: Edward\n|-damage|p2a: Edward|90\/100 par\n|-resisted|p2a: Edward\n|-damage|p2a: Edward|84\/100 par\n|-resisted|p2a: Edward\n|-damage|p2a: Edward|78\/100 par\n|-resisted|p2a: Edward\n|-damage|p2a: Edward|73\/100 par\n|-resisted|p2a: Edward\n|-damage|p2a: Edward|68\/100 par\n|-resisted|p2a: Edward\n|-damage|p2a: Edward|62\/100 par\n|-resisted|p2a: Edward\n|-damage|p2a: Edward|57\/100 par\n|-resisted|p2a: Edward\n|-damage|p2a: Edward|51\/100 par\n|-resisted|p2a: Edward\n|-damage|p2a: Edward|46\/100 par\n|-hitcount|p2a: Edward|10\n|\n|upkeep\n|turn|25\n|\n|t:|1699337018\n|move|p1a: Mo Mei Min|Population Bomb|p2a: Edward\n|-resisted|p2a: Edward\n|-damage|p2a: Edward|41\/100 par\n|-hitcount|p2a: Edward|1\n|cant|p2a: Edward|par\n|\n|upkeep\n|turn|26\n|\n|t:|1699337024\n|move|p1a: Mo Mei Min|Population Bomb|p2a: Edward\n|-resisted|p2a: Edward\n|-damage|p2a: Edward|35\/100 par\n|-resisted|p2a: Edward\n|-damage|p2a: Edward|29\/100 par\n|-resisted|p2a: Edward\n|-damage|p2a: Edward|24\/100 par\n|-resisted|p2a: Edward\n|-damage|p2a: Edward|18\/100 par\n|-resisted|p2a: Edward\n|-damage|p2a: Edward|13\/100 par\n|-resisted|p2a: Edward\n|-crit|p2a: Edward\n|-damage|p2a: Edward|5\/100 par\n|-resisted|p2a: Edward\n|-damage|p2a: Edward|0 fnt\n|faint|p2a: Edward\n|-hitcount|p2: Edward|7\n|\n|upkeep\n|\n|t:|1699337075\n|switch|p2a: Whirlpool|Rotom-Wash, shiny|74\/100\n|turn|27\n|\n|t:|1699337085\n|move|p2a: Whirlpool|Protect|p2a: Whirlpool\n|-singleturn|p2a: Whirlpool|Protect\n|move|p1a: Mo Mei Min|Population Bomb|p2a: Whirlpool\n|-activate|p2a: Whirlpool|move: Protect\n|\n|-heal|p2a: Whirlpool|80\/100|[from] item: Leftovers\n|upkeep\n|turn|28\n|\n|t:|1699337096\n|move|p1a: Mo Mei Min|Population Bomb|p2a: Whirlpool\n|-damage|p2a: Whirlpool|65\/100\n|-damage|p2a: Whirlpool|50\/100\n|-damage|p2a: Whirlpool|34\/100\n|-damage|p2a: Whirlpool|20\/100\n|-damage|p2a: Whirlpool|4\/100\n|-damage|p2a: Whirlpool|0 fnt\n|faint|p2a: Whirlpool\n|-hitcount|p2: Whirlpool|6\n|\n|upkeep\n|c|\u2606amarna|THE RAT\n|c|\u2606VantaZack|The family\n|\n|t:|1699337117\n|switch|p2a: Pinky|Enamorus, F|100\/100\n|turn|29\n|c|\u2606VantaZack|Is here\n|c| Saradominphat|s\n|\n|t:|1699337121\n|move|p1a: Mo Mei Min|Population Bomb|p2a: Pinky\n|-damage|p2a: Pinky|73\/100\n|-damage|p2a: Pinky|47\/100\n|-damage|p2a: Pinky|20\/100\n|-damage|p2a: Pinky|0 fnt\n|faint|p2a: Pinky\n|-hitcount|p2: Pinky|4\n|\n|upkeep\n|\n|t:|1699337127\n|switch|p2a: Jerry|Cinccino, M, shiny|100\/100\n|turn|30\n|\n|t:|1699337132\n|move|p1a: Mo Mei Min|Population Bomb|p2a: Jerry\n|-damage|p2a: Jerry|71\/100\n|-damage|p2a: Jerry|43\/100\n|-damage|p2a: Jerry|15\/100\n|-damage|p2a: Jerry|0 fnt\n|faint|p2a: Jerry\n|-hitcount|p2: Jerry|4\n|\n|upkeep\n|\n|t:|1699337138\n|switch|p2a: Zelda|Azelf, shiny|1\/100\n|turn|31\n|c|\u2606VantaZack|ggs\n|\n|t:|1699337141\n|move|p1a: Mo Mei Min|Bite|p2a: Zelda\n|-supereffective|p2a: Zelda\n|-damage|p2a: Zelda|0 fnt\n|faint|p2a: Zelda\n|\n|win|VantaZack\n|c|\u2606amarna|gg\n","uploadtime":1699337151,"views":9,"p1id":"vantazack","p2id":"amarna","formatid":"gen9nationaldexubers","rating":0,"private":0,"password":""}