{"id":"gen9nationaldexubers-1984834870","p1":"85792195wwww","p2":"Soyeon is a cutie","format":"[Gen 9] National Dex Ubers","log":"|j|\u260685792195wwww\n|j|\u2606Soyeon is a cutie\n|t:|1699302999\n|gametype|singles\n|player|p1|85792195wwww|mira|1812\n|player|p2|Soyeon is a cutie|idol|1798\n|teamsize|p1|6\n|teamsize|p2|6\n|gen|9\n|tier|[Gen 9] National Dex Ubers\n|rated|\n|rule|HP Percentage Mod: HP is shown in percentages\n|rule|Endless Battle Clause: Forcing endless battles is banned\n|rule|OHKO Clause: OHKO moves are banned\n|rule|Evasion Moves Clause: Evasion moves are banned\n|rule|Evasion Items Clause: Evasion items are banned\n|rule|Species Clause: Limit one of each Pok\u00e9mon\n|rule|Sleep Clause Mod: Limit one foe put to sleep\n|rule|Mega Rayquaza Clause: You cannot mega evolve Rayquaza\n|clearpoke\n|poke|p1|Zacian-*|\n|poke|p1|Groudon|\n|poke|p1|Krookodile, M|\n|poke|p1|Mewtwo|\n|poke|p1|Xerneas-*|\n|poke|p1|Arceus|\n|poke|p2|Arceus-Fairy|\n|poke|p2|Kingambit, M|\n|poke|p2|Ditto|\n|poke|p2|Urshifu-*, M|\n|poke|p2|Lunala|\n|poke|p2|Necrozma-Dusk-Mane|\n|teampreview\n|inactive|Battle timer is ON: inactive players will automatically lose when time's up. (requested by Soyeon is a cutie)\n|\n|t:|1699303012\n|start\n|switch|p1a: Krookodile|Krookodile, M|100\/100\n|switch|p2a: Necrozma|Necrozma-Dusk-Mane, shiny|100\/100\n|-ability|p1a: Krookodile|Intimidate|boost\n|-unboost|p2a: Necrozma|atk|1\n|turn|1\n|\n|t:|1699303020\n|detailschange|p2a: Necrozma|Necrozma-Ultra, shiny\n|-burst|p2a: Necrozma|Necrozma|Ultranecrozium Z\n|move|p2a: Necrozma|Dragon Pulse|p1a: Krookodile\n|-damage|p1a: Krookodile|24\/100\n|move|p1a: Krookodile|Bulldoze|p2a: Necrozma\n|-damage|p2a: Necrozma|72\/100\n|-unboost|p2a: Necrozma|spe|1\n|\n|upkeep\n|turn|2\n|\n|t:|1699303029\n|switch|p2a: Arceus|Arceus-Fairy|100\/100\n|move|p1a: Krookodile|Knock Off|p2a: Arceus\n|-resisted|p2a: Arceus\n|-damage|p2a: Arceus|91\/100\n|\n|upkeep\n|turn|3\n|\n|t:|1699303036\n|switch|p1a: Zacian|Zacian-Crowned|100\/100\n|-ability|p1a: Zacian|Intrepid Sword|boost\n|-boost|p1a: Zacian|atk|1\n|move|p2a: Arceus|Judgment|p1a: Zacian\n|-resisted|p1a: Zacian\n|-damage|p1a: Zacian|79\/100\n|\n|upkeep\n|turn|4\n|\n|t:|1699303049\n|move|p1a: Zacian|Behemoth Blade|p2a: Arceus\n|-supereffective|p2a: Arceus\n|-damage|p2a: Arceus|0 fnt\n|faint|p2a: Arceus\n|\n|upkeep\n|\n|t:|1699303051\n|switch|p2a: Ditto|Ditto, shiny|100\/100\n|-transform|p2a: Ditto|p1a: Zacian|[from] ability: Imposter\n|-ability|p2a: Ditto|Intrepid Sword|boost\n|-boost|p2a: Ditto|atk|1\n|turn|5\n|\n|t:|1699303064\n|switch|p1a: Mewtwo|Mewtwo|100\/100\n|-ability|p1a: Mewtwo|Pressure\n|move|p2a: Ditto|Behemoth Blade|p1a: Mewtwo\n|-damage|p1a: Mewtwo|0 fnt\n|faint|p1a: Mewtwo\n|\n|upkeep\n|\n|t:|1699303074\n|switch|p1a: Krookodile|Krookodile, M|24\/100\n|-ability|p1a: Krookodile|Intimidate|boost\n|-unboost|p2a: Ditto|atk|1\n|turn|6\n|\n|t:|1699303079\n|switch|p1a: Groudon|Groudon|100\/100\n|detailschange|p1a: Groudon|Groudon-Primal\n|-primal|p1a: Groudon|Red Orb\n|-weather|DesolateLand|[from] ability: Desolate Land|[of] p1a: Groudon\n|move|p2a: Ditto|Behemoth Blade|p1a: Groudon\n|-resisted|p1a: Groudon\n|-damage|p1a: Groudon|74\/100\n|\n|-weather|DesolateLand|[upkeep]\n|upkeep\n|turn|7\n|\n|t:|1699303090\n|switch|p2a: Lunala|Lunala, shiny|100\/100\n|move|p1a: Groudon|Heat Crash|p2a: Lunala\n|-damage|p2a: Lunala|39\/100\n|\n|-weather|DesolateLand|[upkeep]\n|upkeep\n|turn|8\n|\n|t:|1699303098\n|move|p2a: Lunala|Moongeist Beam|p1a: Groudon\n|-damage|p1a: Groudon|22\/100\n|move|p1a: Groudon|Heat Crash|p2a: Lunala\n|-damage|p2a: Lunala|0 fnt\n|faint|p2a: Lunala\n|\n|-weather|DesolateLand|[upkeep]\n|upkeep\n|\n|t:|1699303110\n|switch|p2a: Necrozma|Necrozma-Ultra, shiny|72\/100\n|turn|9\n|\n|t:|1699303121\n|move|p2a: Necrozma|Earth Power|p1a: Groudon\n|-supereffective|p1a: Groudon\n|-damage|p1a: Groudon|0 fnt\n|faint|p1a: Groudon\n|-weather|none\n|\n|upkeep\n|\n|t:|1699303127\n|switch|p1a: Zacian|Zacian-Crowned|79\/100\n|turn|10\n|\n|t:|1699303132\n|move|p1a: Zacian|Behemoth Blade|p2a: Necrozma\n|-damage|p2a: Necrozma|12\/100\n|move|p2a: Necrozma|Earth Power|p1a: Zacian\n|-supereffective|p1a: Zacian\n|-damage|p1a: Zacian|0 fnt\n|faint|p1a: Zacian\n|\n|upkeep\n|\n|t:|1699303140\n|switch|p1a: Arceus|Arceus|100\/100\n|turn|11\n|\n|t:|1699303144\n|move|p1a: Arceus|Extreme Speed|p2a: Necrozma\n|-damage|p2a: Necrozma|0 fnt\n|faint|p2a: Necrozma\n|-damage|p1a: Arceus|91\/100|[from] item: Life Orb\n|\n|upkeep\n|\n|t:|1699303150\n|switch|p2a: Kingambit|Kingambit, M|100\/100\n|-activate|p2a: Kingambit|ability: Supreme Overlord\n|-start|p2a: Kingambit|fallen3|[silent]\n|turn|12\n|\n|t:|1699303157\n|move|p1a: Arceus|Earthquake|p2a: Kingambit\n|-supereffective|p2a: Kingambit\n|-damage|p2a: Kingambit|32\/100\n|-damage|p1a: Arceus|81\/100|[from] item: Life Orb\n|move|p2a: Kingambit|Knock Off|p1a: Arceus\n|-damage|p1a: Arceus|13\/100\n|-enditem|p1a: Arceus|Life Orb|[from] move: Knock Off|[of] p2a: Kingambit\n|\n|upkeep\n|turn|13\n|\n|t:|1699303167\n|move|p1a: Arceus|Extreme Speed|p2a: Kingambit\n|-resisted|p2a: Kingambit\n|-damage|p2a: Kingambit|17\/100\n|move|p2a: Kingambit|Sucker Punch||[still]\n|-fail|p2a: Kingambit\n|\n|upkeep\n|turn|14\n|\n|t:|1699303176\n|move|p1a: Arceus|Earthquake|p2a: Kingambit\n|-supereffective|p2a: Kingambit\n|-damage|p2a: Kingambit|0 fnt\n|faint|p2a: Kingambit\n|-end|p2a: Kingambit|fallen3|[silent]\n|\n|upkeep\n|\n|t:|1699303179\n|switch|p2a: Ditto|Ditto, shiny|100\/100\n|-transform|p2a: Ditto|p1a: Arceus|[from] ability: Imposter\n|turn|15\n|\n|t:|1699303192\n|move|p2a: Ditto|Extreme Speed|p1a: Arceus\n|-damage|p1a: Arceus|0 fnt\n|faint|p1a: Arceus\n|\n|upkeep\n|\n|t:|1699303216\n|switch|p1a: Krookodile|Krookodile, M|24\/100\n|-ability|p1a: Krookodile|Intimidate|boost\n|-unboost|p2a: Ditto|atk|1\n|turn|16\n|\n|t:|1699303222\n|-terastallize|p1a: Krookodile|Ghost\n|move|p2a: Ditto|Extreme Speed|p1a: Krookodile\n|-immune|p1a: Krookodile\n|move|p1a: Krookodile|Stealth Rock|p2a: Ditto\n|-sidestart|p2: Soyeon is a cutie|move: Stealth Rock\n|\n|upkeep\n|turn|17\n|inactive|85792195wwww has 120 seconds left.\n|\n|t:|1699303249\n|switch|p2a: Urshifu|Urshifu, M|100\/100\n|-damage|p2a: Urshifu|94\/100|[from] Stealth Rock\n|move|p1a: Krookodile|Bulldoze|p2a: Urshifu\n|-damage|p2a: Urshifu|66\/100\n|-unboost|p2a: Urshifu|spe|1\n|\n|upkeep\n|turn|18\n|inactive|85792195wwww has 120 seconds left.\n|\n|t:|1699303257\n|move|p2a: Urshifu|Sucker Punch|p1a: Krookodile\n|-supereffective|p1a: Krookodile\n|-damage|p1a: Krookodile|0 fnt\n|faint|p1a: Krookodile\n|-damage|p2a: Urshifu|56\/100|[from] item: Life Orb\n|\n|upkeep\n|inactive|85792195wwww has 120 seconds left.\n|\n|t:|1699303264\n|switch|p1a: Xerneas|Xerneas|100\/100\n|-ability|p1a: Xerneas|Fairy Aura\n|turn|19\n|\n|t:|1699303268\n|-terastallize|p2a: Urshifu|Steel\n|move|p1a: Xerneas|Moonblast|p2a: Urshifu\n|-resisted|p2a: Urshifu\n|-damage|p2a: Urshifu|0 fnt\n|faint|p2a: Urshifu\n|\n|upkeep\n|\n|t:|1699303276\n|switch|p2a: Ditto|Ditto, shiny|100\/100\n|-damage|p2a: Ditto|88\/100|[from] Stealth Rock\n|-transform|p2a: Ditto|p1a: Xerneas|[from] ability: Imposter\n|-ability|p2a: Ditto|Fairy Aura\n|turn|20\n|\n|t:|1699303283\n|move|p2a: Ditto|Moonblast|p1a: Xerneas\n|-damage|p1a: Xerneas|38\/100\n|move|p1a: Xerneas|Geomancy||[still]\n|-prepare|p1a: Xerneas|Geomancy\n|-enditem|p1a: Xerneas|Power Herb\n|-anim|p1a: Xerneas|Geomancy|p1a: Xerneas\n|-boost|p1a: Xerneas|spa|2\n|-boost|p1a: Xerneas|spd|2\n|-boost|p1a: Xerneas|spe|2\n|\n|upkeep\n|turn|21\n|-message|Soyeon is a cutie forfeited.\n|\n|win|85792195wwww\n|raw|85792195wwww's rating: 1812 &rarr; <strong>1831<\/strong><br \/>(+19 for winning)\n|raw|Soyeon is a cutie's rating: 1798 &rarr; <strong>1779<\/strong><br \/>(-19 for losing)\n|l|\u2606Soyeon is a cutie\n","uploadtime":1699303295,"views":5,"p1id":"85792195wwww","p2id":"soyeonisacutie","formatid":"gen9nationaldexubers","rating":1779,"private":0,"password":""}