{"id":"gen9nationaldexubers-1983640320","p1":"mvjr1113","p2":"MusicalJoker","format":"[Gen 9] National Dex Ubers","log":"|j|\u2606mvjr1113\n|j|\u2606MusicalJoker\n|t:|1699152718\n|gametype|singles\n|player|p1|mvjr1113|riley|\n|player|p2|MusicalJoker|266|\n|teamsize|p1|6\n|teamsize|p2|6\n|gen|9\n|tier|[Gen 9] National Dex Ubers\n|rule|HP Percentage Mod: HP is shown in percentages\n|rule|Endless Battle Clause: Forcing endless battles is banned\n|rule|OHKO Clause: OHKO moves are banned\n|rule|Evasion Moves Clause: Evasion moves are banned\n|rule|Evasion Items Clause: Evasion items are banned\n|rule|Species Clause: Limit one of each Pok\u00e9mon\n|rule|Sleep Clause Mod: Limit one foe put to sleep\n|rule|Mega Rayquaza Clause: You cannot mega evolve Rayquaza\n|clearpoke\n|poke|p1|Shiftry, F|\n|poke|p1|Medicham, M|\n|poke|p1|Blaziken, M|\n|poke|p1|Sableye, M|\n|poke|p1|Jirachi|\n|poke|p1|Salamence, M|\n|poke|p2|Floatzel, M|\n|poke|p2|Torterra, F|\n|poke|p2|Rotom-Wash|\n|poke|p2|Drapion, F|\n|poke|p2|Uxie|\n|poke|p2|Togekiss, F|\n|teampreview\n|j| Jayrox41\n|\n|t:|1699152755\n|start\n|switch|p1a: Salamence|Salamence, M|100\/100\n|switch|p2a: Bidouf|Rotom-Wash|100\/100\n|turn|1\n|\n|t:|1699152791\n|switch|p1a: Sableye|Sableye, M|100\/100\n|move|p2a: Bidouf|Toxic|p1a: Sableye\n|-status|p1a: Sableye|tox\n|\n|-damage|p1a: Sableye|94\/100 tox|[from] psn\n|upkeep\n|turn|2\n|\n|t:|1699152798\n|move|p1a: Sableye|Toxic|p2a: Bidouf\n|-status|p2a: Bidouf|tox\n|move|p2a: Bidouf|Rain Dance|p2a: Bidouf\n|-weather|RainDance\n|\n|-weather|RainDance|[upkeep]\n|-damage|p2a: Bidouf|94\/100 tox|[from] psn\n|-damage|p1a: Sableye|82\/100 tox|[from] psn\n|upkeep\n|turn|3\n|\n|t:|1699152815\n|move|p1a: Sableye|Sunny Day|p1a: Sableye\n|-weather|SunnyDay\n|move|p2a: Bidouf|Volt Switch|p1a: Sableye\n|-damage|p1a: Sableye|41\/100 tox\n|\n|t:|1699152837\n|switch|p2a: Bidd-oof|Drapion, F|100\/100|[from] Volt Switch\n|\n|-weather|SunnyDay|[upkeep]\n|-damage|p1a: Sableye|22\/100 tox|[from] psn\n|upkeep\n|turn|4\n|\n|t:|1699152862\n|move|p2a: Bidd-oof|Swords Dance|p2a: Bidd-oof\n|-boost|p2a: Bidd-oof|atk|2\n|move|p1a: Sableye|Knock Off|p2a: Bidd-oof\n|-resisted|p2a: Bidd-oof\n|-damage|p2a: Bidd-oof|84\/100\n|-enditem|p2a: Bidd-oof|Black Sludge|[from] move: Knock Off|[of] p1a: Sableye\n|\n|-weather|SunnyDay|[upkeep]\n|-damage|p1a: Sableye|0 fnt|[from] psn\n|faint|p1a: Sableye\n|upkeep\n|\n|t:|1699152900\n|switch|p1a: Blaziken|Blaziken, M|100\/100\n|turn|5\n|\n|t:|1699152941\n|-terastallize|p2a: Bidd-oof|Poison\n|move|p2a: Bidd-oof|Poison Jab|p1a: Blaziken\n|-damage|p1a: Blaziken|0 fnt\n|faint|p1a: Blaziken\n|\n|-weather|SunnyDay|[upkeep]\n|upkeep\n|\n|t:|1699152970\n|switch|p1a: Medicham|Medicham, M|100\/100\n|turn|6\n|\n|t:|1699153024\n|detailschange|p1a: Medicham|Medicham-Mega, M\n|-mega|p1a: Medicham|Medicham|Medichamite\n|move|p1a: Medicham|Fake Out|p2a: Bidd-oof\n|-damage|p2a: Bidd-oof|59\/100\n|cant|p2a: Bidd-oof|flinch\n|\n|-weather|SunnyDay|[upkeep]\n|upkeep\n|turn|7\n|\n|t:|1699153048\n|switch|p2a: B-Do-ffff|Uxie|100\/100\n|move|p1a: Medicham|Ice Punch|p2a: B-Do-ffff\n|-damage|p2a: B-Do-ffff|60\/100\n|\n|-weather|SunnyDay|[upkeep]\n|-heal|p2a: B-Do-ffff|66\/100|[from] item: Leftovers\n|upkeep\n|turn|8\n|\n|t:|1699153073\n|switch|p1a: Jirachi|Jirachi, shiny|100\/100\n|move|p2a: B-Do-ffff|Thunder Wave|p1a: Jirachi\n|-status|p1a: Jirachi|par\n|\n|-weather|SunnyDay|[upkeep]\n|-heal|p2a: B-Do-ffff|72\/100|[from] item: Leftovers\n|upkeep\n|turn|9\n|\n|t:|1699153086\n|move|p2a: B-Do-ffff|U-turn|p1a: Jirachi\n|-damage|p1a: Jirachi|89\/100 par\n|\n|t:|1699153104\n|switch|p2a: Bidooph|Togekiss, F|100\/100|[from] U-turn\n|-zpower|p1a: Jirachi\n|move|p1a: Jirachi|Z-Happy Hour|p1a: Jirachi|[anim]Happy Hour\n|-boost|p1a: Jirachi|atk|1|[zeffect]\n|-boost|p1a: Jirachi|def|1|[zeffect]\n|-boost|p1a: Jirachi|spa|1|[zeffect]\n|-boost|p1a: Jirachi|spd|1|[zeffect]\n|-boost|p1a: Jirachi|spe|1|[zeffect]\n|\n|-weather|SunnyDay|[upkeep]\n|upkeep\n|turn|10\n|\n|t:|1699153126\n|move|p2a: Bidooph|Flamethrower|p1a: Jirachi\n|-supereffective|p1a: Jirachi\n|-damage|p1a: Jirachi|27\/100 par\n|move|p1a: Jirachi|Iron Head|p2a: Bidooph\n|-supereffective|p2a: Bidooph\n|-damage|p2a: Bidooph|9\/100\n|\n|-weather|none\n|upkeep\n|turn|11\n|\n|t:|1699153136\n|move|p2a: Bidooph|Flamethrower|p1a: Jirachi\n|-supereffective|p1a: Jirachi\n|-damage|p1a: Jirachi|0 fnt\n|faint|p1a: Jirachi\n|\n|upkeep\n|\n|t:|1699153147\n|switch|p1a: Medicham|Medicham-Mega, M|100\/100\n|turn|12\n|\n|t:|1699153151\n|move|p1a: Medicham|Fake Out|p2a: Bidooph\n|-crit|p2a: Bidooph\n|-damage|p2a: Bidooph|0 fnt\n|faint|p2a: Bidooph\n|\n|upkeep\n|\n|t:|1699153162\n|switch|p2a: Bidouf|Rotom-Wash|94\/100 tox\n|turn|13\n|\n|t:|1699153177\n|move|p1a: Medicham|Drain Punch|p2a: Bidouf\n|-damage|p2a: Bidouf|27\/100 tox\n|move|p2a: Bidouf|Toxic|p1a: Medicham\n|-status|p1a: Medicham|tox\n|\n|-damage|p1a: Medicham|94\/100 tox|[from] psn\n|-damage|p2a: Bidouf|20\/100 tox|[from] psn\n|upkeep\n|turn|14\n|\n|t:|1699153192\n|switch|p2a: B-Do-ffff|Uxie|72\/100\n|move|p1a: Medicham|Drain Punch|p2a: B-Do-ffff\n|-resisted|p2a: B-Do-ffff\n|-damage|p2a: B-Do-ffff|41\/100\n|-heal|p1a: Medicham|100\/100 tox|[from] drain|[of] p2a: B-Do-ffff\n|\n|-heal|p2a: B-Do-ffff|47\/100|[from] item: Leftovers\n|-damage|p1a: Medicham|88\/100 tox|[from] psn\n|upkeep\n|turn|15\n|\n|t:|1699153218\n|move|p1a: Medicham|Ice Punch|p2a: B-Do-ffff\n|-damage|p2a: B-Do-ffff|6\/100\n|-status|p2a: B-Do-ffff|frz\n|cant|p2a: B-Do-ffff|frz\n|\n|-heal|p2a: B-Do-ffff|13\/100 frz|[from] item: Leftovers\n|-damage|p1a: Medicham|70\/100 tox|[from] psn\n|upkeep\n|turn|16\n|\n|t:|1699153230\n|move|p1a: Medicham|Drain Punch|p2a: B-Do-ffff\n|-resisted|p2a: B-Do-ffff\n|-damage|p2a: B-Do-ffff|0 fnt\n|-heal|p1a: Medicham|77\/100 tox|[from] drain|[of] p2a: B-Do-ffff\n|faint|p2a: B-Do-ffff\n|\n|-damage|p1a: Medicham|52\/100 tox|[from] psn\n|upkeep\n|\n|t:|1699153252\n|switch|p2a: Bee-doof|Floatzel, M|100\/100\n|turn|17\n|\n|t:|1699153259\n|switch|p1a: Shiftry|Shiftry, F|100\/100\n|move|p2a: Bee-doof|Aqua Jet|p1a: Shiftry\n|-resisted|p1a: Shiftry\n|-damage|p1a: Shiftry|78\/100\n|\n|-heal|p1a: Shiftry|84\/100|[from] item: Leftovers\n|upkeep\n|turn|18\n|\n|t:|1699153270\n|switch|p2a: Bidd-oof|Drapion, F, tera:Poison|59\/100\n|move|p1a: Shiftry|Air Slash|p2a: Bidd-oof\n|-damage|p2a: Bidd-oof|26\/100\n|\n|-heal|p1a: Shiftry|90\/100|[from] item: Leftovers\n|upkeep\n|turn|19\n|\n|t:|1699153340\n|-terastallize|p1a: Shiftry|Flying\n|move|p2a: Bidd-oof|Knock Off|p1a: Shiftry\n|-damage|p1a: Shiftry|24\/100\n|-enditem|p1a: Shiftry|Leftovers|[from] move: Knock Off|[of] p2a: Bidd-oof\n|move|p1a: Shiftry|Air Slash|p2a: Bidd-oof\n|-damage|p2a: Bidd-oof|0 fnt\n|faint|p2a: Bidd-oof\n|\n|upkeep\n|\n|t:|1699153352\n|switch|p2a: Bee-doof|Floatzel, M|100\/100\n|turn|20\n|\n|t:|1699153362\n|move|p2a: Bee-doof|Aqua Jet|p1a: Shiftry\n|-damage|p1a: Shiftry|0 fnt\n|faint|p1a: Shiftry\n|\n|upkeep\n|\n|t:|1699153366\n|switch|p1a: Medicham|Medicham-Mega, M|52\/100 tox\n|turn|21\n|\n|t:|1699153380\n|switch|p2a: Bidouf|Rotom-Wash|20\/100 tox\n|move|p1a: Medicham|Fake Out|p2a: Bidouf\n|-damage|p2a: Bidouf|0 fnt\n|faint|p2a: Bidouf\n|\n|-damage|p1a: Medicham|46\/100 tox|[from] psn\n|upkeep\n|\n|t:|1699153425\n|switch|p2a: B-d-oof|Torterra, F|100\/100\n|turn|22\n|\n|t:|1699153442\n|move|p1a: Medicham|Ice Punch|p2a: B-d-oof\n|-supereffective|p2a: B-d-oof\n|-damage|p2a: B-d-oof|0 fnt\n|faint|p2a: B-d-oof\n|\n|-damage|p1a: Medicham|34\/100 tox|[from] psn\n|upkeep\n|\n|t:|1699153449\n|switch|p2a: Bee-doof|Floatzel, M|100\/100\n|turn|23\n|\n|t:|1699153453\n|move|p2a: Bee-doof|Ice Spinner|p1a: Medicham\n|-damage|p1a: Medicham|0 fnt\n|faint|p1a: Medicham\n|\n|upkeep\n|\n|t:|1699153458\n|switch|p1a: Salamence|Salamence, M|100\/100\n|turn|24\n|\n|t:|1699153465\n|move|p2a: Bee-doof|Ice Spinner|p1a: Salamence\n|-supereffective|p1a: Salamence\n|-damage|p1a: Salamence|0 fnt\n|faint|p1a: Salamence\n|\n|win|MusicalJoker\n","uploadtime":1699153492,"views":14,"p1id":"mvjr1113","p2id":"musicaljoker","formatid":"gen9nationaldexubers","rating":0,"private":0,"password":""}