{"id":"gen9nationaldexubers-1985873648","p1":"Smoke2117YT","p2":"St3ve777","format":"[Gen 9] National Dex Ubers","log":"|j|\u2606Smoke2117YT\n|j|\u2606St3ve777\n|t:|1699415943\n|gametype|singles\n|player|p1|Smoke2117YT|n|1045\n|player|p2|St3ve777|ltsurge|1156\n|teamsize|p1|6\n|teamsize|p2|6\n|gen|9\n|tier|[Gen 9] National Dex Ubers\n|rated|\n|rule|HP Percentage Mod: HP is shown in percentages\n|rule|Endless Battle Clause: Forcing endless battles is banned\n|rule|OHKO Clause: OHKO moves are banned\n|rule|Evasion Moves Clause: Evasion moves are banned\n|rule|Evasion Items Clause: Evasion items are banned\n|rule|Species Clause: Limit one of each Pok\u00e9mon\n|rule|Sleep Clause Mod: Limit one foe put to sleep\n|rule|Mega Rayquaza Clause: You cannot mega evolve Rayquaza\n|clearpoke\n|poke|p1|Excadrill, M|\n|poke|p1|Electrode-Hisui|\n|poke|p1|Inteleon, M|\n|poke|p1|Ribombee, F|\n|poke|p1|Kingambit, M|\n|poke|p1|Darmanitan-Galar, M|\n|poke|p2|Kartana|\n|poke|p2|Alakazam, F|\n|poke|p2|Porygon-Z|\n|poke|p2|Espathra, F|\n|poke|p2|Nihilego|\n|poke|p2|Tapu Lele|\n|teampreview\n|inactive|Battle timer is ON: inactive players will automatically lose when time's up. (requested by Smoke2117YT)\n|c|\u2606Smoke2117YT|glhf\n|\n|t:|1699415959\n|start\n|switch|p1a: Deathbomb|Electrode-Hisui|100\/100\n|switch|p2a: Peanut Butter|Nihilego, shiny|100\/100\n|turn|1\n|\n|t:|1699415967\n|switch|p1a: Fiercedrill|Excadrill, M|100\/100\n|move|p2a: Peanut Butter|Sludge Bomb|p1a: Fiercedrill\n|-immune|p1a: Fiercedrill\n|\n|upkeep\n|turn|2\n|\n|t:|1699415976\n|-terastallize|p2a: Peanut Butter|Flying\n|move|p2a: Peanut Butter|Meteor Beam||[still]\n|-prepare|p2a: Peanut Butter|Meteor Beam\n|-boost|p2a: Peanut Butter|spa|1\n|-enditem|p2a: Peanut Butter|Power Herb\n|-anim|p2a: Peanut Butter|Meteor Beam|p1a: Fiercedrill\n|-resisted|p1a: Fiercedrill\n|-damage|p1a: Fiercedrill|70\/100\n|move|p1a: Fiercedrill|Earthquake|p2a: Peanut Butter\n|-immune|p2a: Peanut Butter\n|\n|upkeep\n|turn|3\n|\n|t:|1699415985\n|switch|p1a: Deathbomb|Electrode-Hisui|100\/100\n|move|p2a: Peanut Butter|Dazzling Gleam|p1a: Deathbomb\n|-damage|p1a: Deathbomb|34\/100\n|\n|upkeep\n|turn|4\n|\n|t:|1699415993\n|move|p1a: Deathbomb|Thunderbolt|p2a: Peanut Butter\n|-supereffective|p2a: Peanut Butter\n|-damage|p2a: Peanut Butter|29\/100\n|move|p2a: Peanut Butter|Dazzling Gleam|p1a: Deathbomb\n|-damage|p1a: Deathbomb|0 fnt\n|faint|p1a: Deathbomb\n|-ability|p2a: Peanut Butter|Beast Boost|boost\n|-boost|p2a: Peanut Butter|spa|1\n|\n|upkeep\n|c|\u2606Smoke2117YT|huh\n|c|\u2606Smoke2117YT|wow\n|c|\u2606Smoke2117YT|i was spec'd too\n|c|\u2606St3ve777|?\n|inactive|Smoke2117YT has 120 seconds left.\n|c|\u2606Smoke2117YT|my electrode\n|c|\u2606Smoke2117YT|was specs\n|\n|t:|1699416046\n|switch|p1a: Raindrop|Inteleon, M|100\/100\n|turn|5\n|c|\u2606St3ve777|then?\n|\n|t:|1699416051\n|move|p1a: Raindrop|Ice Beam|p2a: Peanut Butter\n|-supereffective|p2a: Peanut Butter\n|-damage|p2a: Peanut Butter|0 fnt\n|faint|p2a: Peanut Butter\n|\n|upkeep\n|c|\u2606Smoke2117YT|nah im just saying\n|c|\u2606Smoke2117YT|its surprising it lived\n|\n|t:|1699416061\n|switch|p2a: Get ur hands off|Kartana|100\/100\n|turn|6\n|inactive|Smoke2117YT has 120 seconds left.\n|c|\u2606Smoke2117YT|It was a specs thunderbolt from electrode on nihilego\n|\n|t:|1699416081\n|switch|p1a: Execalibute|Kingambit, M|100\/100\n|-activate|p1a: Execalibute|ability: Supreme Overlord\n|-start|p1a: Execalibute|fallen1|[silent]\n|-zpower|p2a: Get ur hands off\n|move|p2a: Get ur hands off|Z-Tailwind|p2a: Get ur hands off|[anim]Tailwind\n|-start|p2a: Get ur hands off|move: Focus Energy|[zeffect]\n|-sidestart|p2: St3ve777|move: Tailwind\n|\n|upkeep\n|turn|7\n|c|\u2606St3ve777|Ok\n|\n|t:|1699416094\n|-end|p1a: Execalibute|fallen1|[silent]\n|switch|p1a: Ramona|Ribombee, F|100\/100\n|move|p2a: Get ur hands off|Sacred Sword|p1a: Ramona\n|-resisted|p1a: Ramona\n|-crit|p1a: Ramona\n|-damage|p1a: Ramona|71\/100\n|\n|-heal|p1a: Ramona|78\/100|[from] item: Leftovers\n|upkeep\n|turn|8\n|\n|t:|1699416100\n|move|p2a: Get ur hands off|Smart Strike|p1a: Ramona\n|-supereffective|p1a: Ramona\n|-damage|p1a: Ramona|0 fnt\n|faint|p1a: Ramona\n|-ability|p2a: Get ur hands off|Beast Boost|boost\n|-boost|p2a: Get ur hands off|atk|1\n|\n|upkeep\n|inactive|Smoke2117YT has 120 seconds left.\n|\n|t:|1699416107\n|switch|p1a: Iceape|Darmanitan-Galar, M|100\/100\n|turn|9\n|\n|t:|1699416114\n|move|p1a: Iceape|Endure|p1a: Iceape\n|-singleturn|p1a: Iceape|move: Endure\n|move|p2a: Get ur hands off|Smart Strike|p1a: Iceape\n|-supereffective|p1a: Iceape\n|-activate|p1a: Iceape|move: Endure\n|-damage|p1a: Iceape|1\/100\n|-enditem|p1a: Iceape|Salac Berry|[eat]\n|-boost|p1a: Iceape|spe|1|[from] item: Salac Berry\n|\n|-sideend|p2: St3ve777|move: Tailwind\n|-formechange|p1a: Iceape|Darmanitan-Galar-Zen|\n|upkeep\n|turn|10\n|\n|t:|1699416128\n|move|p1a: Iceape|Fire Punch|p2a: Get ur hands off\n|-supereffective|p2a: Get ur hands off\n|-damage|p2a: Get ur hands off|0 fnt\n|faint|p2a: Get ur hands off\n|\n|upkeep\n|\n|t:|1699416132\n|switch|p2a: Dorime\u2026|Alakazam, F, shiny|100\/100\n|turn|11\n|\n|t:|1699416137\n|detailschange|p2a: Dorime\u2026|Alakazam-Mega, F, shiny\n|-mega|p2a: Dorime\u2026|Alakazam|Alakazite\n|move|p1a: Iceape|Icicle Crash|p2a: Dorime\u2026\n|-damage|p2a: Dorime\u2026|4\/100\n|move|p2a: Dorime\u2026|Dazzling Gleam|p1a: Iceape\n|-resisted|p1a: Iceape\n|-damage|p1a: Iceape|0 fnt\n|faint|p1a: Iceape\n|\n|upkeep\n|\n|t:|1699416156\n|switch|p1a: Execalibute|Kingambit, M|100\/100\n|-activate|p2a: Dorime\u2026|ability: Supreme Overlord\n|-start|p2a: Dorime\u2026|fallen2|[silent]\n|-ability|p2a: Dorime\u2026|Supreme Overlord|[from] ability: Trace|[of] p1a: Execalibute\n|-activate|p1a: Execalibute|ability: Supreme Overlord\n|-start|p1a: Execalibute|fallen3|[silent]\n|turn|12\n|\n|t:|1699416167\n|move|p2a: Dorime\u2026|Dazzling Gleam|p1a: Execalibute\n|-damage|p1a: Execalibute|61\/100\n|move|p1a: Execalibute|Kowtow Cleave|p2a: Dorime\u2026\n|-supereffective|p2a: Dorime\u2026\n|-damage|p2a: Dorime\u2026|0 fnt\n|faint|p2a: Dorime\u2026\n|-end|p2a: Dorime\u2026|fallen2|[silent]\n|\n|upkeep\n|\n|t:|1699416176\n|switch|p2a: Ikan Lele|Tapu Lele|100\/100\n|-fieldstart|move: Psychic Terrain|[from] ability: Psychic Surge|[of] p2a: Ikan Lele\n|turn|13\n|\n|t:|1699416181\n|move|p2a: Ikan Lele|Focus Blast|p1a: Execalibute\n|-supereffective|p1a: Execalibute\n|-damage|p1a: Execalibute|0 fnt\n|faint|p1a: Execalibute\n|-end|p1a: Execalibute|fallen3|[silent]\n|\n|upkeep\n|\n|t:|1699416184\n|switch|p1a: Raindrop|Inteleon, M|100\/100\n|turn|14\n|\n|t:|1699416188\n|move|p1a: Raindrop|Focus Energy|p1a: Raindrop\n|-start|p1a: Raindrop|move: Focus Energy\n|move|p2a: Ikan Lele|Nature Power|p1a: Raindrop\n|move|p2a: Ikan Lele|Psychic|p1a: Raindrop|[from]move: Nature Power\n|-damage|p1a: Raindrop|2\/100\n|\n|upkeep\n|turn|15\n|\n|t:|1699416198\n|move|p1a: Raindrop|Snipe Shot|p2a: Ikan Lele\n|-crit|p2a: Ikan Lele\n|-damage|p2a: Ikan Lele|0 fnt\n|faint|p2a: Ikan Lele\n|\n|upkeep\n|\n|t:|1699416206\n|switch|p2a: Asian Mom|Porygon-Z, shiny|100\/100\n|turn|16\n|\n|t:|1699416209\n|move|p1a: Raindrop|Snipe Shot|p2a: Asian Mom\n|-crit|p2a: Asian Mom\n|-damage|p2a: Asian Mom|0 fnt\n|faint|p2a: Asian Mom\n|\n|upkeep\n|\n|t:|1699416212\n|switch|p2a: Speed Sonic|Espathra, F, shiny|100\/100\n|turn|17\n|\n|t:|1699416218\n|move|p1a: Raindrop|Snipe Shot|p2a: Speed Sonic\n|-crit|p2a: Speed Sonic\n|-damage|p2a: Speed Sonic|0 fnt\n|faint|p2a: Speed Sonic\n|\n|win|Smoke2117YT\n|raw|Smoke2117YT's rating: 1045 &rarr; <strong>1089<\/strong><br \/>(+44 for winning)\n|raw|St3ve777's rating: 1156 &rarr; <strong>1123<\/strong><br \/>(-33 for losing)\n|l|\u2606St3ve777\n|c|\u2606Smoke2117YT|ggwp\n","uploadtime":1699416225,"views":5,"p1id":"smoke2117yt","p2id":"st3ve777","formatid":"gen9nationaldexubers","rating":1089,"private":0,"password":""}