{"id":"gen9nationaldexubers-1979195843","p1":"von1233","p2":"07aint","format":"[Gen 9] National Dex Ubers","log":"|j|\u2606von1233\n|j|\u260607aint\n|t:|1698649143\n|gametype|singles\n|player|p1|von1233|265|\n|player|p2|07aint|silver-gen2|\n|teamsize|p1|6\n|teamsize|p2|6\n|gen|9\n|tier|[Gen 9] National Dex Ubers\n|rule|HP Percentage Mod: HP is shown in percentages\n|rule|Endless Battle Clause: Forcing endless battles is banned\n|rule|OHKO Clause: OHKO moves are banned\n|rule|Evasion Moves Clause: Evasion moves are banned\n|rule|Evasion Items Clause: Evasion items are banned\n|rule|Species Clause: Limit one of each Pok\u00e9mon\n|rule|Sleep Clause Mod: Limit one foe put to sleep\n|rule|Mega Rayquaza Clause: You cannot mega evolve Rayquaza\n|clearpoke\n|poke|p1|Snorlax, F|\n|poke|p1|Dragapult, F|\n|poke|p1|Mawile, F|\n|poke|p1|Zapdos|\n|poke|p1|Landorus-Therian, M|\n|poke|p1|Bisharp, F|\n|poke|p2|Tapu Lele|\n|poke|p2|Metagross|\n|poke|p2|Ferrothorn, M|\n|poke|p2|Mandibuzz, F|\n|poke|p2|Gastrodon-East, M|\n|poke|p2|Grimmsnarl, M|\n|teampreview\n|inactive|Battle timer is ON: inactive players will automatically lose when time's up. (requested by 07aint)\n|\n|t:|1698649157\n|start\n|switch|p1a: Mawile|Mawile, F|100\/100\n|switch|p2a: Ferrothorn|Ferrothorn, M, shiny|100\/100\n|-ability|p1a: Mawile|Intimidate|boost\n|-unboost|p2a: Ferrothorn|atk|1\n|turn|1\n|c|\u2606von1233|k my mawile doesn\u2019t have mega stone\n|\n|t:|1698649185\n|move|p1a: Mawile|Fire Fang|p2a: Ferrothorn\n|-supereffective|p2a: Ferrothorn\n|-damage|p2a: Ferrothorn|44\/100\n|-damage|p1a: Mawile|88\/100|[from] ability: Iron Barbs|[of] p2a: Ferrothorn\n|-damage|p1a: Mawile|71\/100|[from] item: Rocky Helmet|[of] p2a: Ferrothorn\n|move|p2a: Ferrothorn|Leech Seed|p1a: Mawile\n|-start|p1a: Mawile|move: Leech Seed\n|\n|-damage|p1a: Mawile|59\/100|[from] Leech Seed|[of] p2a: Ferrothorn\n|-heal|p2a: Ferrothorn|54\/100|[silent]\n|upkeep\n|turn|2\n|\n|t:|1698649198\n|switch|p2a: Goop|Gastrodon-East, M|100\/100\n|move|p1a: Mawile|Fire Fang|p2a: Goop\n|-resisted|p2a: Goop\n|-damage|p2a: Goop|92\/100\n|\n|-heal|p2a: Goop|98\/100|[from] item: Leftovers\n|-damage|p1a: Mawile|46\/100|[from] Leech Seed|[of] p2a: Goop\n|-heal|p2a: Goop|100\/100|[silent]\n|upkeep\n|turn|3\n|\n|t:|1698649210\n|switch|p1a: Zapdos|Zapdos|100\/100\n|move|p2a: Goop|Scald|p1a: Zapdos\n|-damage|p1a: Zapdos|74\/100\n|\n|upkeep\n|turn|4\n|\n|t:|1698649219\n|move|p1a: Zapdos|Hurricane|p2a: Goop\n|-damage|p2a: Goop|65\/100\n|move|p2a: Goop|Toxic|p1a: Zapdos\n|-status|p1a: Zapdos|tox\n|\n|-heal|p2a: Goop|71\/100|[from] item: Leftovers\n|-damage|p1a: Zapdos|68\/100 tox|[from] psn\n|upkeep\n|turn|5\n|\n|t:|1698649232\n|switch|p2a: Stevie|Metagross, shiny|100\/100\n|move|p1a: Zapdos|Hurricane|p2a: Stevie\n|-resisted|p2a: Stevie\n|-damage|p2a: Stevie|77\/100\n|\n|-damage|p1a: Zapdos|56\/100 tox|[from] psn\n|upkeep\n|turn|6\n|\n|t:|1698649241\n|detailschange|p2a: Stevie|Metagross-Mega, shiny\n|-mega|p2a: Stevie|Metagross|Metagrossite\n|move|p2a: Stevie|Ice Punch|p1a: Zapdos\n|-supereffective|p1a: Zapdos\n|-damage|p1a: Zapdos|0 fnt\n|-status|p2a: Stevie|par|[from] ability: Static|[of] p1a: Zapdos\n|faint|p1a: Zapdos\n|\n|upkeep\n|\n|t:|1698649250\n|switch|p1a: Bisharp|Bisharp, F|100\/100\n|turn|7\n|\n|t:|1698649256\n|switch|p2a: Ferrothorn|Ferrothorn, M, shiny|54\/100\n|move|p1a: Bisharp|Knock Off|p2a: Ferrothorn\n|-damage|p2a: Ferrothorn|14\/100\n|-damage|p1a: Bisharp|88\/100|[from] ability: Iron Barbs|[of] p2a: Ferrothorn\n|-damage|p1a: Bisharp|72\/100|[from] item: Rocky Helmet|[of] p2a: Ferrothorn\n|-enditem|p2a: Ferrothorn|Rocky Helmet|[from] move: Knock Off|[of] p1a: Bisharp\n|-damage|p1a: Bisharp|62\/100|[from] item: Life Orb\n|\n|upkeep\n|turn|8\n|\n|t:|1698649279\n|switch|p2a: Rathian|Mandibuzz, F, shiny|100\/100\n|move|p1a: Bisharp|Iron Head|p2a: Rathian\n|-damage|p2a: Rathian|61\/100\n|-damage|p1a: Bisharp|52\/100|[from] item: Life Orb\n|\n|-heal|p2a: Rathian|68\/100|[from] item: Leftovers\n|upkeep\n|turn|9\n|\n|t:|1698649291\n|move|p1a: Bisharp|Sucker Punch|p2a: Rathian\n|-resisted|p2a: Rathian\n|-damage|p2a: Rathian|52\/100\n|-damage|p1a: Bisharp|42\/100|[from] item: Life Orb\n|move|p2a: Rathian|Foul Play|p1a: Bisharp\n|-resisted|p1a: Bisharp\n|-damage|p1a: Bisharp|10\/100\n|\n|-heal|p2a: Rathian|58\/100|[from] item: Leftovers\n|upkeep\n|turn|10\n|\n|t:|1698649303\n|move|p2a: Rathian|Foul Play|p1a: Bisharp\n|-resisted|p1a: Bisharp\n|-damage|p1a: Bisharp|0 fnt\n|faint|p1a: Bisharp\n|\n|-heal|p2a: Rathian|65\/100|[from] item: Leftovers\n|upkeep\n|\n|t:|1698649312\n|switch|p1a: Dragapult|Dragapult, F, shiny|100\/100\n|turn|11\n|\n|t:|1698649316\n|move|p1a: Dragapult|Dragon Darts|p2a: Rathian\n|-damage|p2a: Rathian|43\/100\n|-anim|p1a: Dragapult|Dragon Darts|p2a: Rathian\n|-damage|p2a: Rathian|20\/100\n|-damage|p1a: Dragapult|91\/100|[from] item: Life Orb\n|move|p2a: Rathian|Foul Play|p1a: Dragapult\n|-supereffective|p1a: Dragapult\n|-crit|p1a: Dragapult\n|-damage|p1a: Dragapult|0 fnt\n|faint|p1a: Dragapult\n|\n|-heal|p2a: Rathian|26\/100|[from] item: Leftovers\n|upkeep\n|\n|t:|1698649330\n|switch|p1a: Landorus|Landorus-Therian, M|100\/100\n|-ability|p1a: Landorus|Intimidate|boost\n|-unboost|p2a: Rathian|atk|1\n|turn|12\n|\n|t:|1698649336\n|switch|p2a: Grimace|Grimmsnarl, M|100\/100\n|move|p1a: Landorus|Hidden Power|p2a: Grimace\n|-damage|p2a: Grimace|92\/100\n|\n|upkeep\n|turn|13\n|\n|t:|1698649347\n|move|p2a: Grimace|Taunt|p1a: Landorus\n|-start|p1a: Landorus|move: Taunt\n|move|p1a: Landorus|Earthquake|p2a: Grimace\n|-damage|p2a: Grimace|36\/100\n|\n|upkeep\n|turn|14\n|\n|t:|1698649358\n|move|p2a: Grimace|Reflect|p2a: Grimace\n|-sidestart|p2: 07aint|Reflect\n|move|p1a: Landorus|U-turn|p2a: Grimace\n|-damage|p2a: Grimace|23\/100\n|\n|t:|1698649362\n|switch|p1a: Snorlax|Snorlax, F|100\/100|[from] U-turn\n|\n|upkeep\n|turn|15\n|\n|t:|1698649370\n|move|p2a: Grimace|Parting Shot|p1a: Snorlax\n|-unboost|p1a: Snorlax|atk|1\n|-unboost|p1a: Snorlax|spa|1\n|\n|t:|1698649373\n|switch|p2a: lol|Tapu Lele, shiny|100\/100|[from] Parting Shot\n|-fieldstart|move: Psychic Terrain|[from] ability: Psychic Surge|[of] p2a: lol\n|move|p1a: Snorlax|Curse|p1a: Snorlax\n|-unboost|p1a: Snorlax|spe|1\n|-boost|p1a: Snorlax|atk|1\n|-boost|p1a: Snorlax|def|1\n|\n|upkeep\n|turn|16\n|\n|t:|1698649383\n|move|p2a: lol|Focus Blast|p1a: Snorlax\n|-supereffective|p1a: Snorlax\n|-damage|p1a: Snorlax|41\/100\n|move|p1a: Snorlax|Curse|p1a: Snorlax\n|-unboost|p1a: Snorlax|spe|1\n|-boost|p1a: Snorlax|atk|1\n|-boost|p1a: Snorlax|def|1\n|\n|-heal|p1a: Snorlax|47\/100|[from] item: Leftovers\n|upkeep\n|turn|17\n|\n|t:|1698649393\n|move|p2a: lol|Focus Blast|p1a: Snorlax\n|-supereffective|p1a: Snorlax\n|-damage|p1a: Snorlax|0 fnt\n|faint|p1a: Snorlax\n|\n|upkeep\n|\n|t:|1698649399\n|switch|p1a: Landorus|Landorus-Therian, M|100\/100\n|-ability|p1a: Landorus|Intimidate|boost\n|-unboost|p2a: lol|atk|1\n|turn|18\n|\n|t:|1698649406\n|switch|p2a: Rathian|Mandibuzz, F, shiny|26\/100\n|move|p1a: Landorus|Hidden Power|p2a: Rathian\n|-supereffective|p2a: Rathian\n|-damage|p2a: Rathian|3\/100\n|\n|-heal|p2a: Rathian|9\/100|[from] item: Leftovers\n|upkeep\n|turn|19\n|\n|t:|1698649416\n|move|p1a: Landorus|U-turn|p2a: Rathian\n|-damage|p2a: Rathian|2\/100\n|\n|t:|1698649418\n|switch|p1a: Mawile|Mawile, F|46\/100|[from] U-turn\n|-ability|p1a: Mawile|Intimidate|boost\n|-unboost|p2a: Rathian|atk|1\n|move|p2a: Rathian|Roost|p2a: Rathian\n|-heal|p2a: Rathian|52\/100\n|-singleturn|p2a: Rathian|move: Roost\n|\n|-heal|p2a: Rathian|58\/100|[from] item: Leftovers\n|-fieldend|move: Psychic Terrain\n|upkeep\n|turn|20\n|c|\u260607aint|that\u2019s crazy\n|\n|t:|1698649435\n|switch|p2a: Ferrothorn|Ferrothorn, M, shiny|14\/100\n|move|p1a: Mawile|Play Rough|p2a: Ferrothorn\n|-resisted|p2a: Ferrothorn\n|-damage|p2a: Ferrothorn|8\/100\n|-damage|p1a: Mawile|34\/100|[from] ability: Iron Barbs|[of] p2a: Ferrothorn\n|\n|upkeep\n|turn|21\n|\n|t:|1698649444\n|move|p1a: Mawile|Sucker Punch||[still]\n|-fail|p1a: Mawile\n|move|p2a: Ferrothorn|Leech Seed|p1a: Mawile\n|-start|p1a: Mawile|move: Leech Seed\n|\n|-damage|p1a: Mawile|21\/100|[from] Leech Seed|[of] p2a: Ferrothorn\n|-heal|p2a: Ferrothorn|18\/100|[silent]\n|-sideend|p2: 07aint|Reflect\n|upkeep\n|turn|22\n|\n|t:|1698649461\n|switch|p2a: Grimace|Grimmsnarl, M|23\/100\n|move|p1a: Mawile|Fire Fang|p2a: Grimace\n|-damage|p2a: Grimace|0 fnt\n|faint|p2a: Grimace\n|\n|upkeep\n|c|\u2606von1233|sigh\n|\n|t:|1698649474\n|switch|p2a: lol|Tapu Lele, shiny|100\/100\n|-fieldstart|move: Psychic Terrain|[from] ability: Psychic Surge|[of] p2a: lol\n|turn|23\n|c|\u2606von1233|i gotta fix my mawile\n|\n|t:|1698649490\n|move|p1a: Mawile|Sucker Punch|p2a: lol\n|-activate|p2a: lol|move: Psychic Terrain\n|move|p2a: lol|Psyshock|p1a: Mawile\n|-resisted|p1a: Mawile\n|-damage|p1a: Mawile|0 fnt\n|faint|p1a: Mawile\n|\n|upkeep\n|c|\u260607aint|nice\n|\n|t:|1698649497\n|switch|p1a: Landorus|Landorus-Therian, M|100\/100\n|-ability|p1a: Landorus|Intimidate|boost\n|-unboost|p2a: lol|atk|1\n|turn|24\n|\n|t:|1698649502\n|move|p2a: lol|Psyshock|p1a: Landorus\n|-damage|p1a: Landorus|34\/100\n|move|p1a: Landorus|Earthquake|p2a: lol\n|-damage|p2a: lol|23\/100\n|\n|upkeep\n|turn|25\n|\n|t:|1698649510\n|-terastallize|p1a: Landorus|Ground\n|move|p2a: lol|Psyshock|p1a: Landorus\n|-damage|p1a: Landorus|0 fnt\n|faint|p1a: Landorus\n|\n|win|07aint\n|c|\u260607aint|ggs\n|c|\u2606von1233|ggs\n|c|\u260607aint|didn\u2019t even need to use tera\n","uploadtime":1698649522,"views":19,"p1id":"von1233","p2id":"07aint","formatid":"gen9nationaldexubers","rating":0,"private":0,"password":""}