{"id":"gen9nationaldexubers-1993488659","p1":"SuperOinge22","p2":"Ibitak","format":"[Gen 9] National Dex Ubers","log":"|j|\u2606SuperOinge22\n|j|\u2606Ibitak\n|t:|1700323941\n|gametype|singles\n|player|p1|SuperOinge22|2|\n|player|p2|Ibitak|2|\n|teamsize|p1|6\n|teamsize|p2|6\n|gen|9\n|tier|[Gen 9] National Dex Ubers\n|rule|HP Percentage Mod: HP is shown in percentages\n|rule|Endless Battle Clause: Forcing endless battles is banned\n|rule|OHKO Clause: OHKO moves are banned\n|rule|Evasion Moves Clause: Evasion moves are banned\n|rule|Evasion Items Clause: Evasion items are banned\n|rule|Species Clause: Limit one of each Pok\u00e9mon\n|rule|Sleep Clause Mod: Limit one foe put to sleep\n|rule|Mega Rayquaza Clause: You cannot mega evolve Rayquaza\n|clearpoke\n|poke|p1|Mew|\n|poke|p1|Sinistcha-Masterpiece|\n|poke|p1|Iron Treads|\n|poke|p1|Eelektross, F|\n|poke|p1|Tapu Fini|\n|poke|p1|Salamence, F|\n|poke|p2|Lopunny, M|\n|poke|p2|Skeledirge, F|\n|poke|p2|Kartana|\n|poke|p2|Toxicroak, M|\n|poke|p2|Dragapult, M|\n|poke|p2|Donphan, M|\n|teampreview\n|c|\u2606SuperOinge22|oh boy here we go\n|j| goobiathan\n|j| mostgoodX\n|c| mostgoodX|go oinge\n|c| mostgoodX|please kill him\n|\n|t:|1700323989\n|start\n|switch|p1a: Tapu Fini|Tapu Fini|100\/100\n|switch|p2a: Lopunny|Lopunny, M|100\/100\n|-fieldstart|move: Misty Terrain|[from] ability: Misty Surge|[of] p1a: Tapu Fini\n|turn|1\n|j| The23rdPower\n|c| mostgoodX|oh fuck\n|c| The23rdPower|Ibitak vs Piplup.\n|\n|t:|1700324019\n|detailschange|p2a: Lopunny|Lopunny-Mega, M\n|-mega|p2a: Lopunny|Lopunny|Lopunnite\n|move|p2a: Lopunny|Fake Out|p1a: Tapu Fini\n|-damage|p1a: Tapu Fini|87\/100\n|cant|p1a: Tapu Fini|flinch\n|\n|-heal|p1a: Tapu Fini|94\/100|[from] item: Leftovers\n|upkeep\n|turn|2\n|c|\u2606SuperOinge22|i'm scared man\n|\n|t:|1700324037\n|move|p2a: Lopunny|U-turn|p1a: Tapu Fini\n|-resisted|p1a: Tapu Fini\n|-damage|p1a: Tapu Fini|86\/100\n|\n|t:|1700324054\n|switch|p2a: Skeledirge|Skeledirge, F|100\/100|[from] U-turn\n|move|p1a: Tapu Fini|Scald|p2a: Skeledirge\n|-supereffective|p2a: Skeledirge\n|-damage|p2a: Skeledirge|47\/100\n|\n|-heal|p1a: Tapu Fini|92\/100|[from] item: Leftovers\n|upkeep\n|turn|3\n|\n|t:|1700324076\n|-terastallize|p2a: Skeledirge|Grass\n|move|p1a: Tapu Fini|Scald|p2a: Skeledirge\n|-resisted|p2a: Skeledirge\n|-damage|p2a: Skeledirge|32\/100\n|move|p2a: Skeledirge|Slack Off|p2a: Skeledirge\n|-heal|p2a: Skeledirge|82\/100\n|\n|-heal|p1a: Tapu Fini|98\/100|[from] item: Leftovers\n|upkeep\n|turn|4\n|c| The23rdPower|The right tera, let's go\n|j| itzZen\n|l| itzZen\n|\n|t:|1700324100\n|switch|p1a: Salamence|Salamence, F|100\/100\n|-ability|p1a: Salamence|Intimidate|boost\n|-unboost|p2a: Skeledirge|atk|1\n|move|p2a: Skeledirge|Slack Off|p2a: Skeledirge\n|-heal|p2a: Skeledirge|100\/100\n|\n|upkeep\n|turn|5\n|c| mostgoodX|cmon oinge he's NOTHIN LOOK AT HIM\n|\n|t:|1700324134\n|switch|p2a: Donphan|Donphan, M|100\/100\n|move|p1a: Salamence|Dual Wingbeat|p2a: Donphan\n|-damage|p2a: Donphan|81\/100\n|-damage|p2a: Donphan|63\/100\n|-hitcount|p2a: Donphan|2\n|\n|-fieldend|Misty Terrain\n|upkeep\n|turn|6\n|\n|t:|1700324157\n|switch|p1a: Eelektross|Eelektross, F|100\/100\n|move|p2a: Donphan|Knock Off|p1a: Eelektross\n|-damage|p1a: Eelektross|77\/100\n|\n|upkeep\n|turn|7\n|\n|t:|1700324170\n|switch|p2a: Dragapult|Dragapult, M|100\/100\n|move|p1a: Eelektross|Substitute|p1a: Eelektross\n|-start|p1a: Eelektross|Substitute\n|-damage|p1a: Eelektross|52\/100\n|\n|upkeep\n|turn|8\n|\n|t:|1700324198\n|move|p2a: Dragapult|Reflect|p2a: Dragapult\n|-sidestart|p2: Ibitak|Reflect\n|-zpower|p1a: Eelektross\n|move|p1a: Eelektross|Gigavolt Havoc|p2a: Dragapult|[zeffect]\n|-resisted|p2a: Dragapult\n|-damage|p2a: Dragapult|61\/100\n|-start|p1a: Eelektross|Disable|Gigavolt Havoc|[from] ability: Cursed Body|[of] p2a: Dragapult\n|\n|upkeep\n|turn|9\n|c| The23rdPower|Gigavolt Havoc was disabled\n|c|\u2606SuperOinge22|man wtf i cant use gigavolt havoc anymore\n|\n|t:|1700324234\n|switch|p1a: Tapu Fini|Tapu Fini|98\/100\n|-fieldstart|move: Misty Terrain|[from] ability: Misty Surge|[of] p1a: Tapu Fini\n|move|p2a: Dragapult|Light Screen|p2a: Dragapult\n|-sidestart|p2: Ibitak|move: Light Screen\n|\n|-heal|p1a: Tapu Fini|100\/100|[from] item: Leftovers\n|upkeep\n|turn|10\n|\n|t:|1700324246\n|move|p2a: Dragapult|U-turn|p1a: Tapu Fini\n|-resisted|p1a: Tapu Fini\n|-damage|p1a: Tapu Fini|94\/100\n|j| Standjeezy\n|\n|t:|1700324250\n|switch|p2a: Kartana|Kartana|100\/100|[from] U-turn\n|move|p1a: Tapu Fini|Moonblast|p2a: Kartana\n|-resisted|p2a: Kartana\n|-damage|p2a: Kartana|77\/100\n|\n|-heal|p1a: Tapu Fini|99\/100|[from] item: Leftovers\n|upkeep\n|turn|11\n|c| Standjeezy|Own this fraud\n|\n|t:|1700324268\n|switch|p1a: Salamence|Salamence, F|100\/100\n|-ability|p1a: Salamence|Intimidate|boost\n|-unboost|p2a: Kartana|atk|1\n|move|p2a: Kartana|Knock Off|p1a: Salamence\n|-damage|p1a: Salamence|65\/100\n|-enditem|p1a: Salamence|Lum Berry|[from] move: Knock Off|[of] p2a: Kartana\n|\n|upkeep\n|turn|12\n|c| The23rdPower|Damn, that's with Light Screen\n|c| mostgoodX|his snack NOO\n|\n|t:|1700324287\n|switch|p2a: Donphan|Donphan, M|63\/100\n|move|p1a: Salamence|Flamethrower|p2a: Donphan\n|-damage|p2a: Donphan|49\/100\n|\n|upkeep\n|turn|13\n|\n|t:|1700324303\n|switch|p1a: Eelektross|Eelektross, F|52\/100\n|move|p2a: Donphan|Stealth Rock|p1a: Eelektross\n|-sidestart|p1: SuperOinge22|move: Stealth Rock\n|\n|-fieldend|Misty Terrain\n|upkeep\n|turn|14\n|c| goobiathan|Interesting Pult set\n|\n|t:|1700324323\n|switch|p2a: Skeledirge|Skeledirge, F, tera:Grass|100\/100\n|move|p1a: Eelektross|Grass Knot|p2a: Skeledirge\n|-resisted|p2a: Skeledirge\n|-crit|p2a: Skeledirge\n|-damage|p2a: Skeledirge|74\/100\n|\n|upkeep\n|turn|15\n|c| The23rdPower|Not really, it's just screens\n|\n|t:|1700324333\n|move|p2a: Skeledirge|Torch Song|p1a: Eelektross\n|-damage|p1a: Eelektross|19\/100\n|-boost|p2a: Skeledirge|spa|1\n|move|p1a: Eelektross|Flamethrower|p2a: Skeledirge\n|-supereffective|p2a: Skeledirge\n|-damage|p2a: Skeledirge|45\/100\n|\n|-sideend|p2: Ibitak|Reflect\n|upkeep\n|turn|16\n|\n|t:|1700324359\n|move|p2a: Skeledirge|Slack Off|p2a: Skeledirge\n|-heal|p2a: Skeledirge|95\/100\n|move|p1a: Eelektross|Flamethrower|p2a: Skeledirge\n|-supereffective|p2a: Skeledirge\n|-damage|p2a: Skeledirge|70\/100\n|-status|p2a: Skeledirge|brn\n|\n|-damage|p2a: Skeledirge|64\/100 brn|[from] brn\n|-sideend|p2: Ibitak|move: Light Screen\n|upkeep\n|turn|17\n|c| mostgoodX|seeing skeledirge with a burn bothers me immensely\n|j| NotMHP\n|\n|t:|1700324382\n|move|p2a: Skeledirge|Torch Song|p1a: Eelektross\n|-damage|p1a: Eelektross|0 fnt\n|-boost|p2a: Skeledirge|spa|1\n|faint|p1a: Eelektross\n|\n|-damage|p2a: Skeledirge|58\/100 brn|[from] brn\n|upkeep\n|\n|t:|1700324415\n|switch|p1a: Salamence|Salamence, F|65\/100\n|-damage|p1a: Salamence|40\/100|[from] Stealth Rock\n|-ability|p1a: Salamence|Intimidate|boost\n|-unboost|p2a: Skeledirge|atk|1\n|turn|18\n|c|\u2606SuperOinge22|i'm cooked\n|c| mostgoodX|no you ain't\n|c| mostgoodX|click air slash NOW\n|\n|t:|1700324473\n|move|p1a: Salamence|Dual Wingbeat|p2a: Skeledirge|[miss]\n|-miss|p1a: Salamence|p2a: Skeledirge\n|move|p2a: Skeledirge|Torch Song|p1a: Salamence\n|-resisted|p1a: Salamence\n|-damage|p1a: Salamence|4\/100\n|-boost|p2a: Skeledirge|spa|1\n|\n|-damage|p2a: Skeledirge|52\/100 brn|[from] brn\n|upkeep\n|turn|19\n|c|\u2606SuperOinge22|dude no no no\n|c| Standjeezy|Hes cooked\n|c| mostgoodX|my entire life is ruined\n|c| NotMHP|Joever\n|\n|t:|1700324505\n|move|p1a: Salamence|Dual Wingbeat|p2a: Skeledirge\n|-supereffective|p2a: Skeledirge\n|-damage|p2a: Skeledirge|25\/100 brn\n|-supereffective|p2a: Skeledirge\n|-damage|p2a: Skeledirge|0 fnt\n|faint|p2a: Skeledirge\n|-hitcount|p2: Skeledirge|2\n|\n|upkeep\n|c|\u2606SuperOinge22|ok thank fuck\n|\n|t:|1700324513\n|switch|p2a: Kartana|Kartana|77\/100\n|turn|20\n|\n|t:|1700324523\n|move|p2a: Kartana|Knock Off|p1a: Salamence\n|-damage|p1a: Salamence|0 fnt\n|faint|p1a: Salamence\n|-ability|p2a: Kartana|Beast Boost|boost\n|-boost|p2a: Kartana|atk|1\n|\n|upkeep\n|c| Standjeezy|Bros swept\n|c| Standjeezy|Whole team slower and weak to Kartana\n|\n|t:|1700324583\n|switch|p1a: Sinistcha|Sinistcha-Masterpiece|100\/100\n|-damage|p1a: Sinistcha|88\/100|[from] Stealth Rock\n|turn|21\n|\n|t:|1700324589\n|move|p2a: Kartana|Knock Off|p1a: Sinistcha\n|-supereffective|p1a: Sinistcha\n|-damage|p1a: Sinistcha|0 fnt\n|-enditem|p1a: Sinistcha|Kasib Berry|[from] move: Knock Off|[of] p2a: Kartana\n|faint|p1a: Sinistcha\n|-ability|p2a: Kartana|Beast Boost|boost\n|-boost|p2a: Kartana|atk|1\n|\n|upkeep\n|c|\u2606SuperOinge22|oh dear\n|c| Standjeezy|Farewell oinge\n|\n|t:|1700324602\n|switch|p1a: Iron Treads|Iron Treads|100\/100\n|-damage|p1a: Iron Treads|98\/100|[from] Stealth Rock\n|turn|22\n|\n|t:|1700324618\n|move|p2a: Kartana|Sacred Sword|p1a: Iron Treads\n|-supereffective|p1a: Iron Treads\n|-damage|p1a: Iron Treads|0 fnt\n|faint|p1a: Iron Treads\n|-end|p1a: Iron Treads|Quark Drive|[silent]\n|-ability|p2a: Kartana|Beast Boost|boost\n|-boost|p2a: Kartana|atk|1\n|\n|upkeep\n|\n|t:|1700324623\n|switch|p1a: Mew|Mew|100\/100\n|-damage|p1a: Mew|88\/100|[from] Stealth Rock\n|turn|23\n|c| Standjeezy|Jowari da\n|\n|t:|1700324629\n|move|p1a: Mew|Knock Off|p2a: Kartana\n|-damage|p2a: Kartana|50\/100\n|-enditem|p2a: Kartana|Expert Belt|[from] move: Knock Off|[of] p1a: Mew\n|move|p2a: Kartana|Knock Off|p1a: Mew\n|-supereffective|p1a: Mew\n|-damage|p1a: Mew|0 fnt\n|-enditem|p1a: Mew|Choice Scarf|[from] move: Knock Off|[of] p2a: Kartana\n|faint|p1a: Mew\n|-ability|p2a: Kartana|Beast Boost|boost\n|-boost|p2a: Kartana|atk|1\n|\n|upkeep\n|\n|t:|1700324634\n|switch|p1a: Tapu Fini|Tapu Fini|99\/100\n|-damage|p1a: Tapu Fini|88\/100|[from] Stealth Rock\n|-fieldstart|move: Misty Terrain|[from] ability: Misty Surge|[of] p1a: Tapu Fini\n|turn|24\n|c|\u2606SuperOinge22|gg\n|c| The23rdPower|Expert Belt\n|c| Standjeezy|Scarf Mee\n|c| The23rdPower|Cook\n|\n|t:|1700324645\n|move|p2a: Kartana|Leaf Blade|p1a: Tapu Fini\n|-supereffective|p1a: Tapu Fini\n|-damage|p1a: Tapu Fini|0 fnt\n|faint|p1a: Tapu Fini\n|\n|win|Ibitak\n|c|\u2606Ibitak|gg\n|l| mostgoodX\n|l| NotMHP\n|l|\u2606Ibitak\n","uploadtime":1700324662,"views":48,"p1id":"superoinge22","p2id":"ibitak","formatid":"gen9nationaldexubers","rating":0,"private":0,"password":""}