{"id":"gen9nationaldexubers-1980898888","p1":"Adrizaddy","p2":"StellarSmash","format":"[Gen 9] National Dex Ubers","log":"|j|\u2606Adrizaddy\n|j|\u2606StellarSmash\n|t:|1698847144\n|gametype|singles\n|player|p1|Adrizaddy|veteran|1057\n|player|p2|StellarSmash|olympia|1129\n|teamsize|p1|6\n|teamsize|p2|6\n|gen|9\n|tier|[Gen 9] National Dex Ubers\n|rated|\n|rule|HP Percentage Mod: HP is shown in percentages\n|rule|Endless Battle Clause: Forcing endless battles is banned\n|rule|OHKO Clause: OHKO moves are banned\n|rule|Evasion Moves Clause: Evasion moves are banned\n|rule|Evasion Items Clause: Evasion items are banned\n|rule|Species Clause: Limit one of each Pok\u00e9mon\n|rule|Sleep Clause Mod: Limit one foe put to sleep\n|rule|Mega Rayquaza Clause: You cannot mega evolve Rayquaza\n|clearpoke\n|poke|p1|Mewtwo|\n|poke|p1|Necrozma-Dawn-Wings|\n|poke|p1|Indeedee-F, F|\n|poke|p1|Raichu-Alola, M|\n|poke|p1|Espathra, F|\n|poke|p1|Hatterene, F|\n|poke|p2|Deoxys-Defense|\n|poke|p2|Chansey, F|\n|poke|p2|Giratina|\n|poke|p2|Ferrothorn, M|\n|poke|p2|Alomomola, M|\n|poke|p2|Squirtle, M|\n|teampreview\n|c|\u2606StellarSmash|mono psychic?\n|c|\u2606StellarSmash|coolio\n|c|\u2606Adrizaddy|yep\n|c|\u2606StellarSmash|here is my \"stall\" team\n|c|\u2606Adrizaddy|cool\n|c|\u2606StellarSmash|it revolves around squirtle\n|\n|t:|1698847196\n|start\n|switch|p1a: Moaaaan harder|Indeedee-F, F, shiny|100\/100\n|switch|p2a: Alomomola|Alomomola, M|100\/100\n|-fieldstart|move: Psychic Terrain|[from] ability: Psychic Surge|[of] p1a: Moaaaan harder\n|turn|1\n|\n|t:|1698847206\n|move|p1a: Moaaaan harder|Expanding Force|p2a: Alomomola\n|-damage|p2a: Alomomola|19\/100\n|move|p2a: Alomomola|Wish|p2a: Alomomola\n|\n|upkeep\n|turn|2\n|\n|t:|1698847213\n|switch|p2a: Chansey|Chansey, F|100\/100\n|move|p1a: Moaaaan harder|Expanding Force|p2a: Chansey\n|-damage|p2a: Chansey|76\/100\n|\n|-heal|p2a: Chansey|100\/100|[from] move: Wish|[wisher] Alomomola\n|upkeep\n|turn|3\n|\n|t:|1698847233\n|move|p1a: Moaaaan harder|Expanding Force|p2a: Chansey\n|-damage|p2a: Chansey|76\/100\n|move|p2a: Chansey|Fire Blast|p1a: Moaaaan harder\n|-crit|p1a: Moaaaan harder\n|-damage|p1a: Moaaaan harder|72\/100\n|-status|p1a: Moaaaan harder|brn\n|\n|-damage|p1a: Moaaaan harder|66\/100 brn|[from] brn\n|upkeep\n|turn|4\n|\n|t:|1698847243\n|move|p1a: Moaaaan harder|Expanding Force|p2a: Chansey\n|-damage|p2a: Chansey|51\/100\n|move|p2a: Chansey|Fire Blast|p1a: Moaaaan harder\n|-crit|p1a: Moaaaan harder\n|-damage|p1a: Moaaaan harder|39\/100 brn\n|\n|-damage|p1a: Moaaaan harder|33\/100 brn|[from] brn\n|upkeep\n|turn|5\n|\n|t:|1698847251\n|move|p1a: Moaaaan harder|Expanding Force|p2a: Chansey\n|-damage|p2a: Chansey|23\/100\n|move|p2a: Chansey|Soft-Boiled|p2a: Chansey\n|-heal|p2a: Chansey|74\/100\n|\n|-damage|p1a: Moaaaan harder|27\/100 brn|[from] brn\n|upkeep\n|turn|6\n|\n|t:|1698847257\n|move|p1a: Moaaaan harder|Expanding Force|p2a: Chansey\n|-damage|p2a: Chansey|46\/100\n|move|p2a: Chansey|Soft-Boiled|p2a: Chansey\n|-heal|p2a: Chansey|96\/100\n|\n|-damage|p1a: Moaaaan harder|21\/100 brn|[from] brn\n|upkeep\n|turn|7\n|\n|t:|1698847274\n|switch|p1a: Radical Dude|Raichu-Alola, M, shiny|100\/100\n|move|p2a: Chansey|Thunderbolt|p1a: Radical Dude\n|-resisted|p1a: Radical Dude\n|-damage|p1a: Radical Dude|88\/100\n|\n|upkeep\n|turn|8\n|c|\u2606StellarSmash|surge surfer is electric terrain not psychic if i remember\n|c|\u2606Adrizaddy|yah\n|\n|t:|1698847303\n|switch|p2a: Ferrothorn|Ferrothorn, M, shiny|100\/100\n|-zpower|p1a: Radical Dude\n|move|p1a: Radical Dude|Stoked Sparksurfer|p2a: Ferrothorn|[zeffect]\n|-resisted|p2a: Ferrothorn\n|-damage|p2a: Ferrothorn|76\/100\n|-status|p2a: Ferrothorn|par\n|\n|-fieldend|move: Psychic Terrain\n|upkeep\n|turn|9\n|\n|t:|1698847318\n|move|p1a: Radical Dude|Psychic Terrain|p1a: Radical Dude\n|-fieldstart|move: Psychic Terrain\n|move|p2a: Ferrothorn|Power Whip|p1a: Radical Dude|[miss]\n|-miss|p2a: Ferrothorn|p1a: Radical Dude\n|\n|upkeep\n|turn|10\n|\n|t:|1698847325\n|move|p1a: Radical Dude|Expanding Force|p2a: Ferrothorn\n|-resisted|p2a: Ferrothorn\n|-damage|p2a: Ferrothorn|52\/100 par\n|move|p2a: Ferrothorn|Power Whip|p1a: Radical Dude\n|-damage|p1a: Radical Dude|0 fnt\n|faint|p1a: Radical Dude\n|\n|upkeep\n|\n|t:|1698847338\n|switch|p1a: Diomond kingdom|Necrozma-Dawn-Wings, shiny|100\/100\n|turn|11\n|\n|t:|1698847347\n|detailschange|p1a: Diomond kingdom|Necrozma-Ultra, shiny\n|-burst|p1a: Diomond kingdom|Necrozma|Ultranecrozium Z\n|move|p1a: Diomond kingdom|Moongeist Beam|p2a: Ferrothorn\n|-damage|p2a: Ferrothorn|19\/100 par\n|move|p2a: Ferrothorn|Gyro Ball|p1a: Diomond kingdom\n|-damage|p1a: Diomond kingdom|25\/100\n|\n|upkeep\n|turn|12\n|\n|t:|1698847357\n|move|p1a: Diomond kingdom|Moongeist Beam|p2a: Ferrothorn\n|-damage|p2a: Ferrothorn|0 fnt\n|faint|p2a: Ferrothorn\n|\n|upkeep\n|\n|t:|1698847365\n|switch|p2a: Chansey|Chansey, F|96\/100\n|turn|13\n|\n|t:|1698847375\n|move|p1a: Diomond kingdom|Moonlight|p1a: Diomond kingdom\n|-heal|p1a: Diomond kingdom|75\/100\n|move|p2a: Chansey|Blizzard|p1a: Diomond kingdom|[miss]\n|-miss|p2a: Chansey|p1a: Diomond kingdom\n|\n|-fieldend|move: Psychic Terrain\n|upkeep\n|turn|14\n|\n|t:|1698847387\n|move|p1a: Diomond kingdom|Photon Geyser|p2a: Chansey\n|-damage|p2a: Chansey|69\/100\n|move|p2a: Chansey|Blizzard|p1a: Diomond kingdom|[miss]\n|-miss|p2a: Chansey|p1a: Diomond kingdom\n|\n|upkeep\n|turn|15\n|c|\u2606StellarSmash|I forgot to pray to RNG-jesus\n|\n|t:|1698847408\n|switch|p1a: Moaaaan harder|Indeedee-F, F, shiny|21\/100 brn\n|-fieldstart|move: Psychic Terrain|[from] ability: Psychic Surge|[of] p1a: Moaaaan harder\n|move|p2a: Chansey|Blizzard|p1a: Moaaaan harder|[miss]\n|-miss|p2a: Chansey|p1a: Moaaaan harder\n|\n|-damage|p1a: Moaaaan harder|15\/100 brn|[from] brn\n|upkeep\n|turn|16\n|c|\u2606Adrizaddy|howwww\n|\n|t:|1698847424\n|move|p1a: Moaaaan harder|Healing Wish|p1a: Moaaaan harder\n|faint|p1a: Moaaaan harder\n|move|p2a: Chansey|Soft-Boiled|p2a: Chansey\n|-heal|p2a: Chansey|100\/100\n|\n|upkeep\n|\n|t:|1698847430\n|switch|p1a: Diomond kingdom|Necrozma-Ultra, shiny|75\/100\n|-heal|p1a: Diomond kingdom|100\/100|[from] move: Healing Wish\n|turn|17\n|\n|t:|1698847436\n|move|p1a: Diomond kingdom|Expanding Force|p2a: Chansey\n|-damage|p2a: Chansey|56\/100\n|move|p2a: Chansey|Blizzard|p1a: Diomond kingdom|[miss]\n|-miss|p2a: Chansey|p1a: Diomond kingdom\n|\n|upkeep\n|turn|18\n|c|\u2606StellarSmash|...\n|c|\u2606Adrizaddy|are you kidding me\n|\n|t:|1698847453\n|move|p1a: Diomond kingdom|Expanding Force|p2a: Chansey\n|-damage|p2a: Chansey|11\/100\n|move|p2a: Chansey|Soft-Boiled|p2a: Chansey\n|-heal|p2a: Chansey|61\/100\n|\n|upkeep\n|turn|19\n|\n|t:|1698847464\n|move|p1a: Diomond kingdom|Expanding Force|p2a: Chansey\n|-damage|p2a: Chansey|20\/100\n|move|p2a: Chansey|Soft-Boiled|p2a: Chansey\n|-heal|p2a: Chansey|70\/100\n|\n|upkeep\n|turn|20\n|c|\u2606Adrizaddy|RNG jesus hates you\n|\n|t:|1698847480\n|switch|p2a: Alomomola|Alomomola, M|53\/100\n|move|p1a: Diomond kingdom|Expanding Force|p2a: Alomomola\n|-damage|p2a: Alomomola|0 fnt\n|faint|p2a: Alomomola\n|\n|upkeep\n|\n|t:|1698847489\n|switch|p2a: Squirtle|Squirtle, M, shiny|100\/100\n|turn|21\n|\n|t:|1698847494\n|move|p1a: Diomond kingdom|Expanding Force|p2a: Squirtle\n|-damage|p2a: Squirtle|0 fnt\n|faint|p2a: Squirtle\n|\n|upkeep\n|c|\u2606StellarSmash|nooo\n|c|\u2606StellarSmash|squirt;e\n|\n|t:|1698847515\n|switch|p2a: Deoxys|Deoxys-Defense, shiny|100\/100\n|-ability|p2a: Deoxys|Pressure\n|turn|22\n|c|\u2606Adrizaddy|he has fallen\n|\n|t:|1698847521\n|move|p1a: Diomond kingdom|Moongeist Beam|p2a: Deoxys\n|-supereffective|p2a: Deoxys\n|-damage|p2a: Deoxys|4\/100\n|move|p2a: Deoxys|Psycho Boost|p1a: Diomond kingdom\n|-resisted|p1a: Diomond kingdom\n|-damage|p1a: Diomond kingdom|75\/100\n|-unboost|p2a: Deoxys|spa|2\n|\n|-heal|p2a: Deoxys|10\/100|[from] item: Leftovers\n|-fieldend|move: Psychic Terrain\n|upkeep\n|turn|23\n|c|\u2606StellarSmash|ngl i forgot to add tera types\n|c|\u2606StellarSmash|welp\n|c|\u2606StellarSmash|guess we know how it ends\n|\n|t:|1698847549\n|move|p1a: Diomond kingdom|Moongeist Beam|p2a: Deoxys\n|-supereffective|p2a: Deoxys\n|-damage|p2a: Deoxys|0 fnt\n|faint|p2a: Deoxys\n|\n|upkeep\n|\n|t:|1698847552\n|switch|p2a: Giratina|Giratina, shiny|100\/100\n|-ability|p2a: Giratina|Pressure\n|turn|24\n|\n|t:|1698847560\n|-terastallize|p2a: Giratina|Ghost\n|move|p1a: Diomond kingdom|Moongeist Beam|p2a: Giratina\n|-supereffective|p2a: Giratina\n|-damage|p2a: Giratina|52\/100\n|move|p2a: Giratina|Poltergeist|p1a: Diomond kingdom\n|-activate|p1a: Diomond kingdom|move: Poltergeist|Ultranecrozium Z\n|-supereffective|p1a: Diomond kingdom\n|-damage|p1a: Diomond kingdom|0 fnt\n|faint|p1a: Diomond kingdom\n|\n|-heal|p2a: Giratina|59\/100|[from] item: Leftovers\n|upkeep\n|c|\u2606StellarSmash|oh?\n|c|\u2606Adrizaddy|maybe not\n|c|\u2606Adrizaddy|the comeback confirmed\n|\n|t:|1698847590\n|switch|p1a: E.T|Mewtwo, shiny|100\/100\n|-ability|p1a: E.T|Pressure\n|turn|25\n|\n|t:|1698847596\n|detailschange|p1a: E.T|Mewtwo-Mega-Y, shiny\n|-mega|p1a: E.T|Mewtwo|Mewtwonite Y\n|move|p1a: E.T|Shadow Ball|p2a: Giratina\n|-supereffective|p2a: Giratina\n|-damage|p2a: Giratina|26\/100\n|move|p2a: Giratina|Poltergeist|p1a: E.T\n|-activate|p1a: E.T|move: Poltergeist|Mewtwonite Y\n|-supereffective|p1a: E.T\n|-damage|p1a: E.T|0 fnt\n|faint|p1a: E.T\n|\n|-heal|p2a: Giratina|33\/100|[from] item: Leftovers\n|upkeep\n|\n|t:|1698847608\n|switch|p1a: prom dress|Espathra, F, shiny|100\/100\n|turn|26\n|\n|t:|1698847615\n|move|p1a: prom dress|Dazzling Gleam|p2a: Giratina\n|-damage|p2a: Giratina|17\/100\n|move|p2a: Giratina|Poltergeist|p1a: prom dress\n|-activate|p1a: prom dress|move: Poltergeist|Choice Specs\n|-supereffective|p1a: prom dress\n|-damage|p1a: prom dress|0 fnt\n|faint|p1a: prom dress\n|\n|-heal|p2a: Giratina|23\/100|[from] item: Leftovers\n|upkeep\n|\n|t:|1698847625\n|switch|p1a: R.3.4|Hatterene, F, shiny|100\/100\n|turn|27\n|c|\u2606Adrizaddy|gg man\n|c|\u2606StellarSmash|gg\n|c|\u2606Adrizaddy|the comeback was real\n|c|\u2606StellarSmash|tru\n|\n|t:|1698847639\n|move|p2a: Giratina|Poltergeist|p1a: R.3.4\n|-activate|p1a: R.3.4|move: Poltergeist|Wiki Berry\n|-supereffective|p1a: R.3.4\n|-damage|p1a: R.3.4|0 fnt\n|faint|p1a: R.3.4\n|\n|win|StellarSmash\n|raw|Adrizaddy's rating: 1057 &rarr; <strong>1042<\/strong><br \/>(-15 for losing)\n|raw|StellarSmash's rating: 1129 &rarr; <strong>1149<\/strong><br \/>(+20 for winning)\n","uploadtime":1698847654,"views":9,"p1id":"adrizaddy","p2id":"stellarsmash","formatid":"gen9nationaldexubers","rating":1042,"private":0,"password":""}