{"id":"gen9nationaldexubers-1985133227","p1":"XiaoWoawa","p2":"Chaitanya15","format":"[Gen 9] National Dex Ubers","log":"|j|\u2606XiaoWoawa\n|j|\u2606Chaitanya15\n|t:|1699335791\n|gametype|singles\n|player|p1|XiaoWoawa|170|1314\n|player|p2|Chaitanya15|1|1443\n|teamsize|p1|6\n|teamsize|p2|6\n|gen|9\n|tier|[Gen 9] National Dex Ubers\n|rated|\n|rule|HP Percentage Mod: HP is shown in percentages\n|rule|Endless Battle Clause: Forcing endless battles is banned\n|rule|OHKO Clause: OHKO moves are banned\n|rule|Evasion Moves Clause: Evasion moves are banned\n|rule|Evasion Items Clause: Evasion items are banned\n|rule|Species Clause: Limit one of each Pok\u00e9mon\n|rule|Sleep Clause Mod: Limit one foe put to sleep\n|rule|Mega Rayquaza Clause: You cannot mega evolve Rayquaza\n|clearpoke\n|poke|p1|Arceus|\n|poke|p1|Landorus, M|\n|poke|p1|Kyogre|\n|poke|p1|Xerneas-*|\n|poke|p1|Ho-Oh|\n|poke|p1|Tornadus-Therian, M|\n|poke|p2|Kingambit, F|\n|poke|p2|Basculegion, M|\n|poke|p2|Pikachu, F|\n|poke|p2|Kyogre|\n|poke|p2|Flutter Mane|\n|poke|p2|Deoxys-Speed|\n|teampreview\n|inactive|Battle timer is ON: inactive players will automatically lose when time's up. (requested by XiaoWoawa)\n|\n|t:|1699335802\n|start\n|switch|p1a: Tornadus|Tornadus-Therian, M|100\/100\n|switch|p2a: Pikachu|Pikachu, F|100\/100\n|turn|1\n|\n|t:|1699335809\n|move|p2a: Pikachu|Fake Out|p1a: Tornadus\n|-damage|p1a: Tornadus|83\/100\n|cant|p1a: Tornadus|flinch\n|\n|upkeep\n|turn|2\n|\n|t:|1699335815\n|move|p1a: Tornadus|Tailwind|p1a: Tornadus\n|-sidestart|p1: XiaoWoawa|move: Tailwind\n|move|p2a: Pikachu|Volt Tackle|p1a: Tornadus\n|-supereffective|p1a: Tornadus\n|-damage|p1a: Tornadus|0 fnt\n|faint|p1a: Tornadus\n|-damage|p2a: Pikachu|54\/100|[from] Recoil\n|\n|upkeep\n|\n|t:|1699335826\n|switch|p1a: \u57fa\u4f6c\u4e91|Landorus, M|100\/100\n|turn|3\n|\n|t:|1699335831\n|move|p2a: Pikachu|Extreme Speed|p1a: \u57fa\u4f6c\u4e91\n|-damage|p1a: \u57fa\u4f6c\u4e91|62\/100\n|move|p1a: \u57fa\u4f6c\u4e91|Stealth Rock|p2a: Pikachu\n|-sidestart|p2: Chaitanya15|move: Stealth Rock\n|\n|upkeep\n|turn|4\n|\n|t:|1699335840\n|move|p2a: Pikachu|Extreme Speed|p1a: \u57fa\u4f6c\u4e91\n|-damage|p1a: \u57fa\u4f6c\u4e91|23\/100\n|move|p1a: \u57fa\u4f6c\u4e91|Sandsear Storm|p2a: Pikachu\n|-supereffective|p2a: Pikachu\n|-damage|p2a: Pikachu|0 fnt\n|faint|p2a: Pikachu\n|\n|upkeep\n|\n|t:|1699335852\n|switch|p2a: Deoxys|Deoxys-Speed|100\/100\n|-damage|p2a: Deoxys|88\/100|[from] Stealth Rock\n|-ability|p2a: Deoxys|Pressure\n|turn|5\n|\n|t:|1699335859\n|move|p1a: \u57fa\u4f6c\u4e91|Sandsear Storm|p2a: Deoxys\n|-damage|p2a: Deoxys|0 fnt\n|faint|p2a: Deoxys\n|\n|-sideend|p1: XiaoWoawa|move: Tailwind\n|upkeep\n|\n|t:|1699335876\n|switch|p2a: Flutter Mane|Flutter Mane|100\/100\n|-damage|p2a: Flutter Mane|88\/100|[from] Stealth Rock\n|-enditem|p2a: Flutter Mane|Booster Energy\n|-activate|p2a: Flutter Mane|ability: Protosynthesis|[fromitem]\n|-start|p2a: Flutter Mane|protosynthesisspe\n|turn|6\n|\n|t:|1699335886\n|move|p2a: Flutter Mane|Moonblast|p1a: \u57fa\u4f6c\u4e91\n|-damage|p1a: \u57fa\u4f6c\u4e91|0 fnt\n|faint|p1a: \u57fa\u4f6c\u4e91\n|\n|upkeep\n|\n|t:|1699335891\n|switch|p1a: \u6211\u662f\u9b3c\u521b|Arceus|100\/100\n|turn|7\n|\n|t:|1699335896\n|move|p2a: Flutter Mane|Moonblast|p1a: \u6211\u662f\u9b3c\u521b\n|-damage|p1a: \u6211\u662f\u9b3c\u521b|69\/100\n|move|p1a: \u6211\u662f\u9b3c\u521b|Swords Dance|p1a: \u6211\u662f\u9b3c\u521b\n|-boost|p1a: \u6211\u662f\u9b3c\u521b|atk|2\n|\n|upkeep\n|turn|8\n|\n|t:|1699335905\n|move|p2a: Flutter Mane|Psyshock|p1a: \u6211\u662f\u9b3c\u521b\n|-damage|p1a: \u6211\u662f\u9b3c\u521b|52\/100\n|move|p1a: \u6211\u662f\u9b3c\u521b|Shadow Claw|p2a: Flutter Mane\n|-supereffective|p2a: Flutter Mane\n|-damage|p2a: Flutter Mane|0 fnt\n|faint|p2a: Flutter Mane\n|-end|p2a: Flutter Mane|Protosynthesis|[silent]\n|-damage|p1a: \u6211\u662f\u9b3c\u521b|42\/100|[from] item: Life Orb\n|\n|upkeep\n|\n|t:|1699335917\n|switch|p2a: Kyogre|Kyogre|100\/100\n|-damage|p2a: Kyogre|88\/100|[from] Stealth Rock\n|-weather|RainDance|[from] ability: Drizzle|[of] p2a: Kyogre\n|turn|9\n|\n|t:|1699335926\n|switch|p2a: Basculegion|Basculegion, M|100\/100\n|-damage|p2a: Basculegion|88\/100|[from] Stealth Rock\n|move|p1a: \u6211\u662f\u9b3c\u521b|Extreme Speed|p2a: Basculegion\n|-immune|p2a: Basculegion\n|\n|-weather|RainDance|[upkeep]\n|upkeep\n|turn|10\n|\n|t:|1699335936\n|move|p2a: Basculegion|Wave Crash|p1a: \u6211\u662f\u9b3c\u521b\n|-damage|p1a: \u6211\u662f\u9b3c\u521b|0 fnt\n|faint|p1a: \u6211\u662f\u9b3c\u521b\n|-damage|p2a: Basculegion|72\/100|[from] Recoil\n|\n|-weather|RainDance|[upkeep]\n|upkeep\n|\n|t:|1699335946\n|switch|p1a: Xerneas|Xerneas|100\/100\n|-ability|p1a: Xerneas|Fairy Aura\n|turn|11\n|\n|t:|1699335962\n|-terastallize|p1a: Xerneas|Electric\n|move|p2a: Basculegion|Wave Crash|p1a: Xerneas\n|-damage|p1a: Xerneas|0 fnt\n|faint|p1a: Xerneas\n|-damage|p2a: Basculegion|33\/100|[from] Recoil\n|\n|-weather|RainDance|[upkeep]\n|upkeep\n|\n|t:|1699335978\n|switch|p1a: Kyogre|Kyogre|100\/100\n|turn|12\n|\n|t:|1699335983\n|switch|p2a: Kingambit|Kingambit, F|100\/100\n|-damage|p2a: Kingambit|94\/100|[from] Stealth Rock\n|-activate|p2a: Kingambit|ability: Supreme Overlord\n|-start|p2a: Kingambit|fallen3|[silent]\n|move|p1a: Kyogre|Thunder|p2a: Kingambit\n|-damage|p2a: Kingambit|51\/100\n|\n|-weather|RainDance|[upkeep]\n|upkeep\n|turn|13\n|\n|t:|1699335994\n|switch|p1a: Ho-Oh|Ho-Oh|100\/100\n|move|p2a: Kingambit|Kowtow Cleave|p1a: Ho-Oh\n|-damage|p1a: Ho-Oh|45\/100\n|-damage|p2a: Kingambit|41\/100|[from] item: Life Orb\n|\n|-weather|none\n|-heal|p1a: Ho-Oh|51\/100|[from] item: Leftovers\n|upkeep\n|turn|14\n|\n|t:|1699336006\n|move|p1a: Ho-Oh|Protect|p1a: Ho-Oh\n|-singleturn|p1a: Ho-Oh|Protect\n|move|p2a: Kingambit|Sucker Punch||[still]\n|-fail|p2a: Kingambit\n|\n|-heal|p1a: Ho-Oh|58\/100|[from] item: Leftovers\n|upkeep\n|turn|15\n|\n|t:|1699336014\n|move|p2a: Kingambit|Sucker Punch||[still]\n|-fail|p2a: Kingambit\n|move|p1a: Ho-Oh|Light Screen|p1a: Ho-Oh\n|-sidestart|p1: XiaoWoawa|move: Light Screen\n|\n|-heal|p1a: Ho-Oh|64\/100|[from] item: Leftovers\n|upkeep\n|turn|16\n|\n|t:|1699336022\n|move|p1a: Ho-Oh|Recover|p1a: Ho-Oh\n|-heal|p1a: Ho-Oh|100\/100\n|move|p2a: Kingambit|Kowtow Cleave|p1a: Ho-Oh\n|-damage|p1a: Ho-Oh|46\/100\n|-damage|p2a: Kingambit|31\/100|[from] item: Life Orb\n|\n|-heal|p1a: Ho-Oh|52\/100|[from] item: Leftovers\n|upkeep\n|turn|17\n|\n|t:|1699336032\n|move|p1a: Ho-Oh|Protect|p1a: Ho-Oh\n|-singleturn|p1a: Ho-Oh|Protect\n|move|p2a: Kingambit|Swords Dance|p2a: Kingambit\n|-boost|p2a: Kingambit|atk|2\n|\n|-heal|p1a: Ho-Oh|59\/100|[from] item: Leftovers\n|upkeep\n|turn|18\n|\n|t:|1699336040\n|move|p1a: Ho-Oh|Recover|p1a: Ho-Oh\n|-heal|p1a: Ho-Oh|100\/100\n|move|p2a: Kingambit|Kowtow Cleave|p1a: Ho-Oh\n|-damage|p1a: Ho-Oh|0 fnt\n|faint|p1a: Ho-Oh\n|-damage|p2a: Kingambit|22\/100|[from] item: Life Orb\n|\n|upkeep\n|\n|t:|1699336050\n|switch|p1a: Kyogre|Kyogre|100\/100\n|-weather|RainDance|[from] ability: Drizzle|[of] p1a: Kyogre\n|turn|19\n|\n|t:|1699336055\n|move|p1a: Kyogre|Thunder|p2a: Kingambit\n|-crit|p2a: Kingambit\n|-damage|p2a: Kingambit|0 fnt\n|faint|p2a: Kingambit\n|-end|p2a: Kingambit|fallen3|[silent]\n|\n|-weather|RainDance|[upkeep]\n|-sideend|p1: XiaoWoawa|move: Light Screen\n|upkeep\n|\n|t:|1699336063\n|switch|p2a: Basculegion|Basculegion, M|33\/100\n|-damage|p2a: Basculegion|20\/100|[from] Stealth Rock\n|turn|20\n|\n|t:|1699336068\n|move|p2a: Basculegion|Last Respects|p1a: Kyogre\n|-damage|p1a: Kyogre|0 fnt\n|faint|p1a: Kyogre\n|\n|win|Chaitanya15\n|raw|XiaoWoawa's rating: 1314 &rarr; <strong>1301<\/strong><br \/>(-13 for losing)\n|raw|Chaitanya15's rating: 1443 &rarr; <strong>1456<\/strong><br \/>(+13 for winning)\n|c|\u2606Chaitanya15|Gg\n","uploadtime":1699336086,"views":5,"p1id":"xiaowoawa","p2id":"chaitanya15","formatid":"gen9nationaldexubers","rating":1301,"private":0,"password":""}