{"id":"gen9nationaldexubers-1990507530","p1":"Dontoutpizzathehut","p2":"Xero Dracohart","format":"[Gen 9] National Dex Ubers","log":"|j|\u2606Dontoutpizzathehut\n|j|\u2606Xero Dracohart\n|t:|1699977157\n|gametype|singles\n|player|p1|Dontoutpizzathehut|169|1113\n|player|p2|Xero Dracohart|ingo|1223\n|teamsize|p1|6\n|teamsize|p2|6\n|gen|9\n|tier|[Gen 9] National Dex Ubers\n|rated|\n|rule|HP Percentage Mod: HP is shown in percentages\n|rule|Endless Battle Clause: Forcing endless battles is banned\n|rule|OHKO Clause: OHKO moves are banned\n|rule|Evasion Moves Clause: Evasion moves are banned\n|rule|Evasion Items Clause: Evasion items are banned\n|rule|Species Clause: Limit one of each Pok\u00e9mon\n|rule|Sleep Clause Mod: Limit one foe put to sleep\n|rule|Mega Rayquaza Clause: You cannot mega evolve Rayquaza\n|clearpoke\n|poke|p1|Calyrex-Ice|\n|poke|p1|Blastoise, F|\n|poke|p1|Tapu Koko|\n|poke|p1|Marshadow|\n|poke|p1|Zygarde-10%|\n|poke|p1|Ursaring, F|\n|poke|p2|Leafeon, F|\n|poke|p2|Salamence, M|\n|poke|p2|Lugia|\n|poke|p2|Slowking-Galar, M|\n|poke|p2|Bouffalant, F|\n|poke|p2|Kleavor, M|\n|teampreview\n|inactive|Battle timer is ON: inactive players will automatically lose when time's up. (requested by Dontoutpizzathehut)\n|\n|t:|1699977165\n|start\n|switch|p1a: Zygarde|Zygarde-10%|100\/100\n|switch|p2a: Kleavor|Kleavor, M|100\/100\n|turn|1\n|\n|t:|1699977170\n|move|p1a: Zygarde|Dragon Dance|p1a: Zygarde\n|-boost|p1a: Zygarde|atk|1\n|-boost|p1a: Zygarde|spe|1\n|move|p2a: Kleavor|Trailblaze|p1a: Zygarde\n|-damage|p1a: Zygarde|70\/100\n|-boost|p2a: Kleavor|spe|1\n|\n|upkeep\n|turn|2\n|\n|t:|1699977180\n|move|p1a: Zygarde|Dragon Dance|p1a: Zygarde\n|-boost|p1a: Zygarde|atk|1\n|-boost|p1a: Zygarde|spe|1\n|move|p2a: Kleavor|Stone Axe|p1a: Zygarde\n|-resisted|p1a: Zygarde\n|-damage|p1a: Zygarde|19\/100\n|-sidestart|p1: Dontoutpizzathehut|move: Stealth Rock\n|\n|-activate|p1a: Zygarde|ability: Power Construct\n|detailschange|p1a: Zygarde|Zygarde-Complete\n|-heal|p1a: Zygarde|65\/100|[silent]\n|upkeep\n|turn|3\n|\n|t:|1699977188\n|move|p1a: Zygarde|Thousand Arrows|p2a: Kleavor\n|-damage|p2a: Kleavor|10\/100\n|move|p2a: Kleavor|Stone Axe|p1a: Zygarde\n|-resisted|p1a: Zygarde\n|-damage|p1a: Zygarde|53\/100\n|\n|upkeep\n|turn|4\n|\n|t:|1699977195\n|move|p1a: Zygarde|Thousand Arrows|p2a: Kleavor\n|-damage|p2a: Kleavor|0 fnt\n|faint|p2a: Kleavor\n|\n|upkeep\n|\n|t:|1699977209\n|switch|p2a: Leafeon|Leafeon, F|100\/100\n|turn|5\n|\n|t:|1699977217\n|-terastallize|p1a: Zygarde|Steel\n|move|p1a: Zygarde|Scale Shot|p2a: Leafeon|[miss]\n|-miss|p1a: Zygarde|p2a: Leafeon\n|move|p2a: Leafeon|Body Slam|p1a: Zygarde\n|-resisted|p1a: Zygarde\n|-damage|p1a: Zygarde|46\/100\n|\n|upkeep\n|turn|6\n|\n|t:|1699977223\n|move|p1a: Zygarde|Scale Shot|p2a: Leafeon|[miss]\n|-miss|p1a: Zygarde|p2a: Leafeon\n|move|p2a: Leafeon|Body Slam|p1a: Zygarde\n|-resisted|p1a: Zygarde\n|-damage|p1a: Zygarde|39\/100\n|\n|upkeep\n|turn|7\n|\n|t:|1699977225\n|move|p1a: Zygarde|Scale Shot|p2a: Leafeon\n|-damage|p2a: Leafeon|82\/100\n|-damage|p2a: Leafeon|63\/100\n|-damage|p2a: Leafeon|42\/100\n|-enditem|p2a: Leafeon|Sitrus Berry|[eat]\n|-heal|p2a: Leafeon|67\/100|[from] item: Sitrus Berry\n|-hitcount|p2a: Leafeon|3\n|-unboost|p1a: Zygarde|def|1\n|-boost|p1a: Zygarde|spe|1\n|move|p2a: Leafeon|Body Slam|p1a: Zygarde\n|-resisted|p1a: Zygarde\n|-damage|p1a: Zygarde|29\/100\n|\n|upkeep\n|turn|8\n|\n|t:|1699977238\n|move|p1a: Zygarde|Thousand Arrows|p2a: Leafeon\n|-resisted|p2a: Leafeon\n|-damage|p2a: Leafeon|35\/100\n|move|p2a: Leafeon|Leaf Blade|p1a: Zygarde\n|-resisted|p1a: Zygarde\n|-damage|p1a: Zygarde|12\/100\n|\n|upkeep\n|turn|9\n|\n|t:|1699977242\n|move|p1a: Zygarde|Iron Tail|p2a: Leafeon\n|-damage|p2a: Leafeon|0 fnt\n|faint|p2a: Leafeon\n|\n|upkeep\n|\n|t:|1699977259\n|switch|p2a: Bouffalant|Bouffalant, F|100\/100\n|turn|10\n|\n|t:|1699977267\n|move|p1a: Zygarde|Iron Tail|p2a: Bouffalant\n|-damage|p2a: Bouffalant|25\/100\n|move|p2a: Bouffalant|Earthquake|p1a: Zygarde\n|-supereffective|p1a: Zygarde\n|-damage|p1a: Zygarde|0 fnt\n|faint|p1a: Zygarde\n|\n|upkeep\n|\n|t:|1699977272\n|switch|p1a: Tapu Koko|Tapu Koko|100\/100\n|-damage|p1a: Tapu Koko|88\/100|[from] Stealth Rock\n|-fieldstart|move: Electric Terrain|[from] ability: Electric Surge|[of] p1a: Tapu Koko\n|turn|11\n|\n|t:|1699977275\n|move|p1a: Tapu Koko|Defog|p2a: Bouffalant\n|-unboost|p2a: Bouffalant|evasion|1\n|-sideend|p1: Dontoutpizzathehut|Stealth Rock|[from] move: Defog|[of] p1a: Tapu Koko\n|-fieldend|move: Electric Terrain\n|move|p2a: Bouffalant|Earthquake|p1a: Tapu Koko\n|-supereffective|p1a: Tapu Koko\n|-damage|p1a: Tapu Koko|18\/100\n|\n|upkeep\n|turn|12\n|\n|t:|1699977281\n|switch|p1a: Calyrex|Calyrex-Ice|100\/100\n|-ability|p1a: Calyrex|As One\n|-ability|p1a: Calyrex|Unnerve\n|move|p2a: Bouffalant|Head Charge|p1a: Calyrex\n|-damage|p1a: Calyrex|64\/100\n|-damage|p2a: Bouffalant|8\/100|[from] item: Rocky Helmet|[of] p1a: Calyrex\n|-damage|p2a: Bouffalant|0 fnt|[from] Recoil\n|faint|p2a: Bouffalant\n|\n|upkeep\n|\n|t:|1699977294\n|switch|p2a: Salamence|Salamence, M|100\/100\n|turn|13\n|\n|t:|1699977300\n|-terastallize|p2a: Salamence|Dragon\n|move|p2a: Salamence|Dragon Claw|p1a: Calyrex\n|-damage|p1a: Calyrex|32\/100\n|-damage|p2a: Salamence|84\/100|[from] item: Rocky Helmet|[of] p1a: Calyrex\n|move|p1a: Calyrex|Trick Room|p1a: Calyrex\n|-fieldstart|move: Trick Room|[of] p1a: Calyrex\n|\n|upkeep\n|turn|14\n|\n|t:|1699977307\n|switch|p2a: Slowking|Slowking-Galar, M|100\/100\n|move|p1a: Calyrex|Glacial Lance|p2a: Slowking\n|-damage|p2a: Slowking|44\/100\n|\n|-heal|p2a: Slowking|50\/100|[from] item: Leftovers\n|upkeep\n|turn|15\n|\n|t:|1699977310\n|move|p2a: Slowking|Slack Off|p2a: Slowking\n|-heal|p2a: Slowking|100\/100\n|move|p1a: Calyrex|High Horsepower|p2a: Slowking\n|-supereffective|p2a: Slowking\n|-damage|p2a: Slowking|38\/100\n|\n|-heal|p2a: Slowking|44\/100|[from] item: Leftovers\n|upkeep\n|turn|16\n|\n|t:|1699977313\n|move|p2a: Slowking|Slack Off|p2a: Slowking\n|-heal|p2a: Slowking|94\/100\n|move|p1a: Calyrex|High Horsepower|p2a: Slowking\n|-supereffective|p2a: Slowking\n|-damage|p2a: Slowking|31\/100\n|\n|-heal|p2a: Slowking|37\/100|[from] item: Leftovers\n|upkeep\n|turn|17\n|\n|t:|1699977316\n|move|p2a: Slowking|Slack Off|p2a: Slowking\n|-heal|p2a: Slowking|87\/100\n|move|p1a: Calyrex|High Horsepower|p2a: Slowking\n|-supereffective|p2a: Slowking\n|-damage|p2a: Slowking|26\/100\n|\n|-heal|p2a: Slowking|32\/100|[from] item: Leftovers\n|-fieldend|move: Trick Room\n|upkeep\n|turn|18\n|\n|t:|1699977320\n|move|p1a: Calyrex|Glacial Lance|p2a: Slowking\n|-damage|p2a: Slowking|0 fnt\n|faint|p2a: Slowking\n|-ability|p1a: Calyrex|Chilling Neigh|boost\n|-boost|p1a: Calyrex|atk|1\n|\n|upkeep\n|\n|t:|1699977336\n|switch|p2a: Salamence|Salamence, M, tera:Dragon|84\/100\n|turn|19\n|\n|t:|1699977339\n|move|p2a: Salamence|Dragon Claw|p1a: Calyrex\n|-damage|p1a: Calyrex|0 fnt\n|-damage|p2a: Salamence|67\/100|[from] item: Rocky Helmet|[of] p1a: Calyrex\n|faint|p1a: Calyrex\n|-ability|p2a: Salamence|Moxie|boost\n|-boost|p2a: Salamence|atk|1\n|\n|upkeep\n|\n|t:|1699977345\n|switch|p1a: Tapu Koko|Tapu Koko|18\/100\n|-fieldstart|move: Electric Terrain|[from] ability: Electric Surge|[of] p1a: Tapu Koko\n|turn|20\n|\n|t:|1699977348\n|move|p1a: Tapu Koko|Nature's Madness|p2a: Salamence\n|-damage|p2a: Salamence|34\/100\n|move|p2a: Salamence|Dragon Dance|p2a: Salamence\n|-boost|p2a: Salamence|atk|1\n|-boost|p2a: Salamence|spe|1\n|\n|upkeep\n|turn|21\n|\n|t:|1699977353\n|move|p2a: Salamence|Earthquake|p1a: Tapu Koko\n|-supereffective|p1a: Tapu Koko\n|-damage|p1a: Tapu Koko|0 fnt\n|faint|p1a: Tapu Koko\n|-ability|p2a: Salamence|Moxie|boost\n|-boost|p2a: Salamence|atk|1\n|\n|upkeep\n|\n|t:|1699977356\n|switch|p1a: Blastoise|Blastoise, F|100\/100\n|turn|22\n|\n|t:|1699977362\n|detailschange|p1a: Blastoise|Blastoise-Mega, F\n|-mega|p1a: Blastoise|Blastoise|Blastoisinite\n|move|p2a: Salamence|Dragon Claw|p1a: Blastoise\n|-damage|p1a: Blastoise|0 fnt\n|faint|p1a: Blastoise\n|-ability|p2a: Salamence|Moxie|boost\n|-boost|p2a: Salamence|atk|1\n|\n|upkeep\n|\n|t:|1699977369\n|switch|p1a: Marshadow|Marshadow|100\/100\n|turn|23\n|\n|t:|1699977375\n|move|p1a: Marshadow|Shadow Sneak|p2a: Salamence\n|-damage|p2a: Salamence|4\/100\n|move|p2a: Salamence|Dual Wingbeat|p1a: Marshadow\n|-supereffective|p1a: Marshadow\n|-damage|p1a: Marshadow|0 fnt\n|faint|p1a: Marshadow\n|-ability|p2a: Salamence|Moxie|boost\n|-boost|p2a: Salamence|atk|1\n|-hitcount|p1: Marshadow|1\n|\n|upkeep\n|\n|t:|1699977378\n|switch|p1a: Ursaring|Ursaring, F|100\/100\n|turn|24\n|\n|t:|1699977384\n|move|p2a: Salamence|Dragon Claw|p1a: Ursaring\n|-damage|p1a: Ursaring|0 fnt\n|faint|p1a: Ursaring\n|\n|win|Xero Dracohart\n|raw|Dontoutpizzathehut's rating: 1113 &rarr; <strong>1096<\/strong><br \/>(-17 for losing)\n|raw|Xero Dracohart's rating: 1223 &rarr; <strong>1240<\/strong><br \/>(+17 for winning)\n|l|\u2606Dontoutpizzathehut\n|c|\u2606Xero Dracohart|Gg\n","uploadtime":1699977396,"views":8,"p1id":"dontoutpizzathehut","p2id":"xerodracohart","formatid":"gen9nationaldexubers","rating":1096,"private":0,"password":""}