{"id":"gen9nationaldexubers-2000642156","p1":"straightoutta14BC","p2":"ToastTheDragon777","format":"[Gen 9] National Dex Ubers","log":"|j|\u2606straightoutta14BC\n|j|\u2606ToastTheDragon777\n|inactive|Battle timer is ON: inactive players will automatically lose when time's up.\n|t:|1701213660\n|gametype|singles\n|player|p1|straightoutta14BC|266|\n|player|p2|ToastTheDragon777|benga|\n|teamsize|p1|6\n|teamsize|p2|6\n|gen|9\n|tier|[Gen 9] National Dex Ubers\n|rated|Tournament battle\n|rule|HP Percentage Mod: HP is shown in percentages\n|rule|Endless Battle Clause: Forcing endless battles is banned\n|rule|OHKO Clause: OHKO moves are banned\n|rule|Evasion Moves Clause: Evasion moves are banned\n|rule|Evasion Items Clause: Evasion items are banned\n|rule|Species Clause: Limit one of each Pok\u00e9mon\n|rule|Sleep Clause Mod: Limit one foe put to sleep\n|rule|Mega Rayquaza Clause: You cannot mega evolve Rayquaza\n|rule|Dynamax Clause: You cannot dynamax\n|rule|Terastal Clause: You cannot Terastallize\n|rule|Same Type Clause: Pok\u00e9mon in a team must share a type\n|clearpoke\n|poke|p1|Klefki, F|\n|poke|p1|Mawile, F|\n|poke|p1|Dialga|\n|poke|p1|Necrozma-Dusk-Mane|\n|poke|p1|Kartana|\n|poke|p1|Excadrill, M|\n|poke|p2|Sneasler, F|\n|poke|p2|Blaziken, F|\n|poke|p2|Great Tusk|\n|poke|p2|Iron Valiant|\n|poke|p2|Kommo-o, M|\n|poke|p2|Zamazenta-*|\n|teampreview\n|inactive|ToastTheDragon777 also wants the timer to be on.\n|inactive|straightoutta14BC has 120 seconds left.\n|inactive|straightoutta14BC has 90 seconds left.\n|\n|t:|1701213721\n|start\n|switch|p1a: Mir|Klefki, F|100\/100\n|switch|p2a: Blaziken|Blaziken, F|100\/100\n|turn|1\n|\n|t:|1701213727\n|switch|p1a: Deep Impact|Excadrill, M|100\/100\n|-ability|p1a: Deep Impact|Mold Breaker\n|detailschange|p2a: Blaziken|Blaziken-Mega, F\n|-mega|p2a: Blaziken|Blaziken|Blazikenite\n|move|p2a: Blaziken|Blaze Kick|p1a: Deep Impact\n|-supereffective|p1a: Deep Impact\n|-enditem|p1a: Deep Impact|Focus Sash\n|-damage|p1a: Deep Impact|1\/100\n|\n|-ability|p2a: Blaziken|Speed Boost|boost\n|-boost|p2a: Blaziken|spe|1\n|upkeep\n|turn|2\n|\n|t:|1701213736\n|move|p2a: Blaziken|Protect|p2a: Blaziken\n|-singleturn|p2a: Blaziken|Protect\n|move|p1a: Deep Impact|Earthquake|p2a: Blaziken\n|-activate|p2a: Blaziken|move: Protect\n|\n|-ability|p2a: Blaziken|Speed Boost|boost\n|-boost|p2a: Blaziken|spe|1\n|upkeep\n|turn|3\n|\n|t:|1701213741\n|move|p2a: Blaziken|Earthquake|p1a: Deep Impact\n|-supereffective|p1a: Deep Impact\n|-damage|p1a: Deep Impact|0 fnt\n|faint|p1a: Deep Impact\n|\n|-ability|p2a: Blaziken|Speed Boost|boost\n|-boost|p2a: Blaziken|spe|1\n|upkeep\n|inactive|straightoutta14BC has 120 seconds left.\n|\n|t:|1701213775\n|switch|p1a: Mir|Klefki, F|100\/100\n|turn|4\n|\n|t:|1701213778\n|move|p2a: Blaziken|Blaze Kick|p1a: Mir\n|-supereffective|p1a: Mir\n|-damage|p1a: Mir|11\/100\n|move|p1a: Mir|Trick Room|p1a: Mir\n|-fieldstart|move: Trick Room|[of] p1a: Mir\n|\n|-ability|p2a: Blaziken|Speed Boost|boost\n|-boost|p2a: Blaziken|spe|1\n|upkeep\n|turn|5\n|\n|t:|1701213783\n|move|p2a: Blaziken|Protect|p2a: Blaziken\n|-singleturn|p2a: Blaziken|Protect\n|move|p1a: Mir|Steel Beam|p2a: Blaziken\n|-activate|p2a: Blaziken|move: Protect\n|-damage|p1a: Mir|0 fnt|[from] steelbeam\n|faint|p1a: Mir\n|\n|-ability|p2a: Blaziken|Speed Boost|boost\n|-boost|p2a: Blaziken|spe|1\n|upkeep\n|\n|t:|1701213787\n|switch|p1a: Valentina|Mawile, F|100\/100\n|-ability|p1a: Valentina|Intimidate|boost\n|-unboost|p2a: Blaziken|atk|1\n|turn|6\n|\n|t:|1701213801\n|switch|p1a: Pioneer|Dialga|100\/100\n|-ability|p1a: Pioneer|Pressure\n|move|p2a: Blaziken|Blaze Kick|p1a: Pioneer|[miss]\n|-miss|p2a: Blaziken|p1a: Pioneer\n|\n|-ability|p2a: Blaziken|Speed Boost|boost\n|-boost|p2a: Blaziken|spe|1\n|upkeep\n|turn|7\n|\n|t:|1701213807\n|move|p1a: Pioneer|Draco Meteor|p2a: Blaziken\n|-damage|p2a: Blaziken|0 fnt\n|-unboost|p1a: Pioneer|spa|2\n|faint|p2a: Blaziken\n|\n|upkeep\n|\n|t:|1701213814\n|switch|p2a: Zamazenta|Zamazenta-Crowned|100\/100\n|-ability|p2a: Zamazenta|Dauntless Shield|boost\n|-boost|p2a: Zamazenta|def|1\n|turn|8\n|j| Do You Have K?\n|\n|t:|1701213821\n|switch|p1a: Dyson|Necrozma-Dusk-Mane|100\/100\n|move|p2a: Zamazenta|Body Press|p1a: Dyson\n|-damage|p1a: Dyson|39\/100\n|\n|-fieldend|move: Trick Room\n|upkeep\n|turn|9\n|\n|t:|1701213831\n|move|p2a: Zamazenta|Body Press|p1a: Dyson\n|-damage|p1a: Dyson|0 fnt\n|faint|p1a: Dyson\n|\n|upkeep\n|\n|t:|1701213834\n|switch|p1a: Pioneer|Dialga|100\/100\n|-ability|p1a: Pioneer|Pressure\n|turn|10\n|\n|t:|1701213835\n|move|p2a: Zamazenta|Body Press|p1a: Pioneer\n|-supereffective|p1a: Pioneer\n|-enditem|p1a: Pioneer|Chople Berry|[eat]\n|-enditem|p1a: Pioneer|Chople Berry|[weaken]\n|-damage|p1a: Pioneer|52\/100\n|move|p1a: Pioneer|Trick Room|p1a: Pioneer\n|-fieldstart|move: Trick Room|[of] p1a: Pioneer\n|\n|upkeep\n|turn|11\n|\n|t:|1701213844\n|move|p1a: Pioneer|Fire Blast|p2a: Zamazenta\n|-supereffective|p2a: Zamazenta\n|-damage|p2a: Zamazenta|43\/100\n|move|p2a: Zamazenta|Body Press|p1a: Pioneer\n|-supereffective|p1a: Pioneer\n|-damage|p1a: Pioneer|0 fnt\n|faint|p1a: Pioneer\n|\n|upkeep\n|\n|t:|1701213851\n|switch|p1a: Valentina|Mawile, F|100\/100\n|-ability|p1a: Valentina|Intimidate|boost\n|-unboost|p2a: Zamazenta|atk|1\n|turn|12\n|\n|t:|1701213857\n|detailschange|p1a: Valentina|Mawile-Mega, F\n|-mega|p1a: Valentina|Mawile|Mawilite\n|move|p1a: Valentina|Fire Fang|p2a: Zamazenta\n|-supereffective|p2a: Zamazenta\n|-damage|p2a: Zamazenta|13\/100\n|move|p2a: Zamazenta|Rest|p2a: Zamazenta\n|-status|p2a: Zamazenta|slp|[from] move: Rest\n|-heal|p2a: Zamazenta|100\/100 slp|[silent]\n|\n|upkeep\n|turn|13\n|j| tiolocodj\n|\n|t:|1701213864\n|move|p1a: Valentina|Swords Dance|p1a: Valentina\n|-boost|p1a: Valentina|atk|2\n|cant|p2a: Zamazenta|slp\n|move|p2a: Zamazenta|Sleep Talk|p2a: Zamazenta\n|move|p2a: Zamazenta|Rest||[from]move: Sleep Talk|[still]\n|-fail|p2a: Zamazenta\n|\n|upkeep\n|turn|14\n|l| Do You Have K?\n|\n|t:|1701213889\n|move|p1a: Valentina|Play Rough|p2a: Zamazenta\n|-damage|p2a: Zamazenta|41\/100 slp\n|cant|p2a: Zamazenta|slp\n|move|p2a: Zamazenta|Sleep Talk|p2a: Zamazenta\n|move|p2a: Zamazenta|Rest||[from]move: Sleep Talk|[still]\n|-fail|p2a: Zamazenta\n|\n|-fieldend|move: Trick Room\n|upkeep\n|turn|15\n|\n|t:|1701213900\n|-curestatus|p2a: Zamazenta|slp|[msg]\n|move|p2a: Zamazenta|Body Press|p1a: Valentina\n|-damage|p1a: Valentina|38\/100\n|move|p1a: Valentina|Play Rough|p2a: Zamazenta\n|-damage|p2a: Zamazenta|0 fnt\n|faint|p2a: Zamazenta\n|\n|upkeep\n|j|+Hyjinks\n|\n|t:|1701213914\n|switch|p2a: Great Tusk|Great Tusk|100\/100\n|turn|16\n|\n|t:|1701213923\n|move|p1a: Valentina|Sucker Punch|p2a: Great Tusk\n|-resisted|p2a: Great Tusk\n|-damage|p2a: Great Tusk|68\/100\n|move|p2a: Great Tusk|Earthquake|p1a: Valentina\n|-supereffective|p1a: Valentina\n|-damage|p1a: Valentina|0 fnt\n|faint|p1a: Valentina\n|\n|upkeep\n|\n|t:|1701213927\n|switch|p1a: Ares|Kartana|100\/100\n|turn|17\n|\n|t:|1701213953\n|move|p1a: Ares|Swords Dance|p1a: Ares\n|-boost|p1a: Ares|atk|2\n|move|p2a: Great Tusk|Close Combat|p1a: Ares\n|-supereffective|p1a: Ares\n|-damage|p1a: Ares|0 fnt\n|-unboost|p2a: Great Tusk|def|1\n|-unboost|p2a: Great Tusk|spd|1\n|faint|p1a: Ares\n|\n|win|ToastTheDragon777\n|n|\u2606straightoutta14BC|straightoutta14bc\n|n|\u2606ToastTheDragon777|toastthedragon777\n|n| tiolocodj|tiolocodj\n|n| Hyjinks|hyjinks\n|l| Hyjinks\n|l| tiolocodj\n|l|\u2606ToastTheDragon777\n","uploadtime":1701213957,"views":0,"p1id":"straightoutta14bc","p2id":"toastthedragon777","formatid":"gen9nationaldexubers","rating":0,"private":0,"password":""}