{"id":"gen9nationaldexubers-1998218552","p1":"Wujuh","p2":"MrTRB","format":"[Gen 9] National Dex Ubers","log":"|j|\u2606Wujuh\n|j|\u2606MrTRB\n|t:|1700914699\n|gametype|singles\n|player|p1|Wujuh|1|\n|player|p2|MrTRB|benga|\n|teamsize|p1|5\n|teamsize|p2|5\n|gen|9\n|tier|[Gen 9] National Dex Ubers\n|rule|HP Percentage Mod: HP is shown in percentages\n|rule|Endless Battle Clause: Forcing endless battles is banned\n|rule|OHKO Clause: OHKO moves are banned\n|rule|Evasion Moves Clause: Evasion moves are banned\n|rule|Evasion Items Clause: Evasion items are banned\n|rule|Species Clause: Limit one of each Pok\u00e9mon\n|rule|Sleep Clause Mod: Limit one foe put to sleep\n|rule|Mega Rayquaza Clause: You cannot mega evolve Rayquaza\n|clearpoke\n|poke|p1|Glimmora, M|\n|poke|p1|Ferrothorn, M|\n|poke|p1|Duraludon, F|\n|poke|p1|Metagross|\n|poke|p1|Kingambit, F|\n|poke|p2|Pelipper, M|\n|poke|p2|Cyclizar, F|\n|poke|p2|Palafin, M|\n|poke|p2|Seismitoad, F|\n|poke|p2|Garganacl, F|\n|teampreview\n|\n|t:|1700914706\n|start\n|switch|p1a: Glimmora|Glimmora, M|100\/100\n|switch|p2a: Pelipper|Pelipper, M, shiny|100\/100\n|-weather|RainDance|[from] ability: Drizzle|[of] p2a: Pelipper\n|turn|1\n|j| CloysterEnjoyer\n|c| CloysterEnjoyer|ok\n|\n|t:|1700914722\n|-terastallize|p1a: Glimmora|Steel\n|move|p1a: Glimmora|Stealth Rock|p2a: Pelipper\n|-sidestart|p2: MrTRB|move: Stealth Rock\n|move|p2a: Pelipper|Tailwind|p2a: Pelipper\n|-sidestart|p2: MrTRB|move: Tailwind\n|\n|-weather|RainDance|[upkeep]\n|upkeep\n|turn|2\n|\n|t:|1700914732\n|move|p2a: Pelipper|Scald|p1a: Glimmora\n|-damage|p1a: Glimmora|40\/100\n|move|p1a: Glimmora|Sandstorm|p1a: Glimmora\n|-weather|Sandstorm\n|\n|-weather|Sandstorm|[upkeep]\n|-damage|p2a: Pelipper|94\/100|[from] Sandstorm\n|upkeep\n|turn|3\n|\n|t:|1700914745\n|switch|p1a: Ferrothorn|Ferrothorn, M|100\/100\n|move|p2a: Pelipper|Scald|p1a: Ferrothorn\n|-resisted|p1a: Ferrothorn\n|-damage|p1a: Ferrothorn|84\/100\n|\n|-weather|Sandstorm|[upkeep]\n|-damage|p2a: Pelipper|88\/100|[from] Sandstorm\n|upkeep\n|turn|4\n|\n|t:|1700914761\n|switch|p2a: Cyclizar|Cyclizar, F|100\/100\n|-damage|p2a: Cyclizar|88\/100|[from] Stealth Rock\n|move|p1a: Ferrothorn|Gyro Ball|p2a: Cyclizar\n|-damage|p2a: Cyclizar|0 fnt\n|faint|p2a: Cyclizar\n|\n|-weather|Sandstorm|[upkeep]\n|-sideend|p2: MrTRB|move: Tailwind\n|upkeep\n|\n|t:|1700914771\n|switch|p2a: Pelipper|Pelipper, M, shiny|88\/100\n|-damage|p2a: Pelipper|63\/100|[from] Stealth Rock\n|-weather|RainDance|[from] ability: Drizzle|[of] p2a: Pelipper\n|turn|5\n|c| CloysterEnjoyer|oof\n|\n|t:|1700914785\n|move|p2a: Pelipper|Hurricane|p1a: Ferrothorn\n|-damage|p1a: Ferrothorn|40\/100\n|move|p1a: Ferrothorn|Gyro Ball|p2a: Pelipper\n|-resisted|p2a: Pelipper\n|-damage|p2a: Pelipper|39\/100\n|\n|-weather|RainDance|[upkeep]\n|upkeep\n|turn|6\n|c| CloysterEnjoyer|no leech seed?\n|\n|t:|1700914805\n|move|p2a: Pelipper|Tailwind|p2a: Pelipper\n|-sidestart|p2: MrTRB|move: Tailwind\n|move|p1a: Ferrothorn|Gyro Ball|p2a: Pelipper\n|-resisted|p2a: Pelipper\n|-damage|p2a: Pelipper|0 fnt\n|faint|p2a: Pelipper\n|\n|-weather|RainDance|[upkeep]\n|upkeep\n|\n|t:|1700914815\n|switch|p2a: Seismitoad|Seismitoad, F, shiny|100\/100\n|-damage|p2a: Seismitoad|95\/100|[from] Stealth Rock\n|turn|7\n|\n|t:|1700914826\n|switch|p1a: Glimmora|Glimmora, M, tera:Steel|40\/100\n|move|p2a: Seismitoad|Earthquake|p1a: Glimmora\n|-supereffective|p1a: Glimmora\n|-damage|p1a: Glimmora|0 fnt\n|-activate|p1a: Glimmora|ability: Toxic Debris\n|-sidestart|p2: MrTRB|move: Toxic Spikes\n|faint|p1a: Glimmora\n|\n|-weather|RainDance|[upkeep]\n|upkeep\n|c| CloysterEnjoyer|stupid ability\n|c|\u2606Wujuh|Is it swift swim\n|\n|t:|1700914856\n|switch|p1a: Duraludon|Duraludon, F|100\/100\n|turn|8\n|\n|t:|1700914865\n|move|p2a: Seismitoad|Earthquake|p1a: Duraludon\n|-supereffective|p1a: Duraludon\n|-damage|p1a: Duraludon|27\/100\n|move|p1a: Duraludon|Dragon Tail|p2a: Seismitoad\n|-damage|p2a: Seismitoad|70\/100\n|drag|p2a: Palafin|Palafin, M|100\/100\n|-damage|p2a: Palafin|88\/100|[from] Stealth Rock\n|-status|p2a: Palafin|psn\n|\n|-weather|RainDance|[upkeep]\n|-heal|p2a: Palafin|94\/100 psn|[from] item: Leftovers\n|-damage|p2a: Palafin|82\/100 psn|[from] psn\n|upkeep\n|turn|9\n|c| CloysterEnjoyer|why dragon tail\n|\n|t:|1700914890\n|move|p2a: Palafin|Flip Turn|p1a: Duraludon\n|-resisted|p1a: Duraludon\n|-damage|p1a: Duraludon|13\/100\n|\n|t:|1700914897\n|detailschange|p2a: Palafin|Palafin-Hero, M\n|switch|p2a: Seismitoad|Seismitoad, F, shiny|70\/100|[from] Flip Turn\n|-damage|p2a: Seismitoad|64\/100|[from] Stealth Rock\n|-status|p2a: Seismitoad|psn\n|move|p1a: Duraludon|Body Press|p2a: Seismitoad\n|-damage|p2a: Seismitoad|33\/100 psn\n|\n|-weather|RainDance|[upkeep]\n|-damage|p2a: Seismitoad|21\/100 psn|[from] psn\n|-sideend|p2: MrTRB|move: Tailwind\n|upkeep\n|turn|10\n|\n|t:|1700914919\n|move|p2a: Seismitoad|Earthquake|p1a: Duraludon\n|-supereffective|p1a: Duraludon\n|-damage|p1a: Duraludon|0 fnt\n|faint|p1a: Duraludon\n|\n|-weather|RainDance|[upkeep]\n|-damage|p2a: Seismitoad|8\/100 psn|[from] psn\n|upkeep\n|\n|t:|1700914930\n|switch|p1a: Metagross|Metagross|100\/100\n|turn|11\n|\n|t:|1700914936\n|detailschange|p1a: Metagross|Metagross-Mega\n|-mega|p1a: Metagross|Metagross|Metagrossite\n|move|p2a: Seismitoad|Earthquake|p1a: Metagross\n|-supereffective|p1a: Metagross\n|-damage|p1a: Metagross|24\/100\n|move|p1a: Metagross|Reflect|p1a: Metagross\n|-sidestart|p1: Wujuh|Reflect\n|\n|-weather|RainDance|[upkeep]\n|-damage|p2a: Seismitoad|0 fnt|[from] psn\n|faint|p2a: Seismitoad\n|upkeep\n|c| CloysterEnjoyer|hey cosmorbit why don't you have a mega\n|\n|t:|1700914946\n|switch|p2a: Palafin|Palafin-Hero, M|82\/100 psn\n|-damage|p2a: Palafin|70\/100 psn|[from] Stealth Rock\n|-activate|p2a: Palafin|ability: Zero to Hero\n|turn|12\n|c|\u2606Wujuh|Im dead\n|\n|t:|1700914963\n|move|p2a: Palafin|Jet Punch|p1a: Metagross\n|-damage|p1a: Metagross|1\/100\n|move|p1a: Metagross|Meteor Mash|p2a: Palafin\n|-resisted|p2a: Palafin\n|-damage|p2a: Palafin|42\/100 psn\n|\n|-weather|none\n|-heal|p2a: Palafin|48\/100 psn|[from] item: Leftovers\n|-damage|p2a: Palafin|35\/100 psn|[from] psn\n|upkeep\n|turn|13\n|c| CloysterEnjoyer|no wujuh\n|\n|t:|1700914979\n|switch|p1a: Ferrothorn|Ferrothorn, M|40\/100\n|move|p2a: Palafin|Flip Turn|p1a: Ferrothorn\n|-resisted|p1a: Ferrothorn\n|-damage|p1a: Ferrothorn|32\/100\n|-damage|p2a: Palafin|23\/100 psn|[from] ability: Iron Barbs|[of] p1a: Ferrothorn\n|-damage|p2a: Palafin|6\/100 psn|[from] item: Rocky Helmet|[of] p1a: Ferrothorn\n|\n|t:|1700914988\n|switch|p2a: Garganacl|Garganacl, F|100\/100|[from] Flip Turn\n|-damage|p2a: Garganacl|88\/100|[from] Stealth Rock\n|\n|-heal|p2a: Garganacl|94\/100|[from] item: Leftovers\n|upkeep\n|turn|14\n|c| CloysterEnjoyer|great now ur palafin is dead\n|\n|t:|1700915004\n|-terastallize|p2a: Garganacl|Ghost\n|move|p2a: Garganacl|Iron Defense|p2a: Garganacl\n|-boost|p2a: Garganacl|def|2\n|move|p1a: Ferrothorn|Gyro Ball|p2a: Garganacl\n|-damage|p2a: Garganacl|83\/100\n|\n|-heal|p2a: Garganacl|89\/100|[from] item: Leftovers\n|upkeep\n|turn|15\n|c| CloysterEnjoyer|stealth rock\n|\n|t:|1700915018\n|move|p2a: Garganacl|Iron Defense|p2a: Garganacl\n|-boost|p2a: Garganacl|def|2\n|move|p1a: Ferrothorn|Power Whip|p2a: Garganacl\n|-damage|p2a: Garganacl|76\/100\n|\n|-heal|p2a: Garganacl|83\/100|[from] item: Leftovers\n|-sideend|p1: Wujuh|Reflect\n|upkeep\n|turn|16\n|c| CloysterEnjoyer|oh\n|\n|t:|1700915034\n|move|p2a: Garganacl|Salt Cure|p1a: Ferrothorn\n|-resisted|p1a: Ferrothorn\n|-crit|p1a: Ferrothorn\n|-damage|p1a: Ferrothorn|23\/100\n|-start|p1a: Ferrothorn|Salt Cure\n|move|p1a: Ferrothorn|Power Whip|p2a: Garganacl\n|-damage|p2a: Garganacl|70\/100\n|\n|-heal|p2a: Garganacl|76\/100|[from] item: Leftovers\n|-damage|p1a: Ferrothorn|0 fnt|[from] Salt Cure\n|faint|p1a: Ferrothorn\n|upkeep\n|\n|t:|1700915045\n|switch|p1a: Metagross|Metagross-Mega|1\/100\n|turn|17\n|\n|t:|1700915054\n|move|p1a: Metagross|Reflect|p1a: Metagross\n|-sidestart|p1: Wujuh|Reflect\n|move|p2a: Garganacl|Iron Defense|p2a: Garganacl\n|-boost|p2a: Garganacl|def|2\n|\n|-heal|p2a: Garganacl|82\/100|[from] item: Leftovers\n|upkeep\n|turn|18\n|\n|t:|1700915062\n|move|p1a: Metagross|Light Screen|p1a: Metagross\n|-sidestart|p1: Wujuh|move: Light Screen\n|move|p2a: Garganacl|Recover|p2a: Garganacl\n|-heal|p2a: Garganacl|100\/100\n|\n|upkeep\n|turn|19\n|\n|t:|1700915069\n|move|p1a: Metagross|Meteor Mash|p2a: Garganacl\n|-damage|p2a: Garganacl|89\/100\n|-boost|p1a: Metagross|atk|1\n|move|p2a: Garganacl|Recover|p2a: Garganacl\n|-heal|p2a: Garganacl|100\/100\n|\n|upkeep\n|turn|20\n|c| CloysterEnjoyer|wujuh you good?\n|\n|t:|1700915077\n|move|p1a: Metagross|Meteor Mash|p2a: Garganacl\n|-crit|p2a: Garganacl\n|-damage|p2a: Garganacl|5\/100\n|move|p2a: Garganacl|Iron Defense|p2a: Garganacl\n|-boost|p2a: Garganacl|def|0\n|\n|-heal|p2a: Garganacl|12\/100|[from] item: Leftovers\n|upkeep\n|turn|21\n|\n|t:|1700915088\n|move|p1a: Metagross|Meteor Mash|p2a: Garganacl\n|-damage|p2a: Garganacl|0 fnt\n|faint|p2a: Garganacl\n|\n|-sideend|p1: Wujuh|Reflect\n|upkeep\n|\n|t:|1700915095\n|switch|p2a: Palafin|Palafin-Hero, M|6\/100 psn\n|-damage|p2a: Palafin|0 fnt|[from] Stealth Rock\n|faint|p2a: Palafin\n|\n|win|Wujuh\n|c|\u2606Wujuh|WHAT!\n|c|\u2606MrTRB|Dam\n|c|\u2606MrTRB|If only\n|c|\u2606Wujuh|the crit saved me\n","uploadtime":1700915131,"views":2,"p1id":"wujuh","p2id":"mrtrb","formatid":"gen9nationaldexubers","rating":0,"private":0,"password":""}