{"id":"gen9nationaldexubers-1987762632","p1":"KeyAuraGuardian","p2":"Azequa","format":"[Gen 9] National Dex Ubers","log":"|j|\u2606KeyAuraGuardian\n|j|\u2606Azequa\n|t:|1699634630\n|gametype|singles\n|player|p1|KeyAuraGuardian|red|1046\n|player|p2|Azequa|veteran|1175\n|teamsize|p1|6\n|teamsize|p2|6\n|gen|9\n|tier|[Gen 9] National Dex Ubers\n|rated|\n|rule|HP Percentage Mod: HP is shown in percentages\n|rule|Endless Battle Clause: Forcing endless battles is banned\n|rule|OHKO Clause: OHKO moves are banned\n|rule|Evasion Moves Clause: Evasion moves are banned\n|rule|Evasion Items Clause: Evasion items are banned\n|rule|Species Clause: Limit one of each Pok\u00e9mon\n|rule|Sleep Clause Mod: Limit one foe put to sleep\n|rule|Mega Rayquaza Clause: You cannot mega evolve Rayquaza\n|clearpoke\n|poke|p1|Pikachu-Partner, M|\n|poke|p1|Lucario, M|\n|poke|p1|Dragonite, F|\n|poke|p1|Gengar, M|\n|poke|p1|Dracovish|\n|poke|p1|Sirfetch\u2019d, M|\n|poke|p2|Ho-Oh|\n|poke|p2|Fezandipiti, M|\n|poke|p2|Baxcalibur, M|\n|poke|p2|Great Tusk|\n|poke|p2|Ogerpon-Wellspring, F|\n|poke|p2|Clefable, F|\n|teampreview\n|inactive|Battle timer is ON: inactive players will automatically lose when time's up. (requested by KeyAuraGuardian)\n|c|\u2606Azequa|hi\n|c|\u2606Azequa|gl\n|c|\u2606KeyAuraGuardian|hi\n|\n|t:|1699634652\n|start\n|switch|p1a: Dragonite|Dragonite, F|100\/100\n|switch|p2a: Glaive-dans-le-dos|Baxcalibur, M|100\/100\n|turn|1\n|\n|t:|1699634662\n|move|p2a: Glaive-dans-le-dos|Dragon Dance|p2a: Glaive-dans-le-dos\n|-boost|p2a: Glaive-dans-le-dos|atk|1\n|-boost|p2a: Glaive-dans-le-dos|spe|1\n|move|p1a: Dragonite|Dragon Claw|p2a: Glaive-dans-le-dos\n|-supereffective|p2a: Glaive-dans-le-dos\n|-damage|p2a: Glaive-dans-le-dos|26\/100\n|\n|upkeep\n|turn|2\n|\n|t:|1699634669\n|move|p2a: Glaive-dans-le-dos|Icicle Spear|p1a: Dragonite\n|-supereffective|p1a: Dragonite\n|-crit|p1a: Dragonite\n|-damage|p1a: Dragonite|39\/100\n|-supereffective|p1a: Dragonite\n|-damage|p1a: Dragonite|0 fnt\n|faint|p1a: Dragonite\n|-hitcount|p1: Dragonite|2\n|\n|upkeep\n|\n|t:|1699634685\n|switch|p1a: Sirfetch\u2019d|Sirfetch\u2019d, M|100\/100\n|turn|3\n|\n|t:|1699634690\n|move|p2a: Glaive-dans-le-dos|Scale Shot|p1a: Sirfetch\u2019d\n|-damage|p1a: Sirfetch\u2019d|79\/100\n|-damage|p1a: Sirfetch\u2019d|55\/100\n|-damage|p1a: Sirfetch\u2019d|30\/100\n|-crit|p1a: Sirfetch\u2019d\n|-damage|p1a: Sirfetch\u2019d|0 fnt\n|faint|p1a: Sirfetch\u2019d\n|-hitcount|p1: Sirfetch\u2019d|4\n|-unboost|p2a: Glaive-dans-le-dos|def|1\n|-boost|p2a: Glaive-dans-le-dos|spe|1\n|\n|upkeep\n|\n|t:|1699634705\n|switch|p1a: Gengar|Gengar, M|100\/100\n|turn|4\n|\n|t:|1699634714\n|move|p2a: Glaive-dans-le-dos|Earthquake|p1a: Gengar\n|-supereffective|p1a: Gengar\n|-damage|p1a: Gengar|0 fnt\n|-start|p2a: Glaive-dans-le-dos|Disable|Earthquake|[from] ability: Cursed Body|[of] p1a: Gengar\n|faint|p1a: Gengar\n|\n|upkeep\n|\n|t:|1699634724\n|switch|p1a: Dracovish|Dracovish|100\/100\n|turn|5\n|\n|t:|1699634737\n|move|p2a: Glaive-dans-le-dos|Scale Shot|p1a: Dracovish\n|-supereffective|p1a: Dracovish\n|-damage|p1a: Dracovish|68\/100\n|-supereffective|p1a: Dracovish\n|-damage|p1a: Dracovish|36\/100\n|-supereffective|p1a: Dracovish\n|-damage|p1a: Dracovish|2\/100\n|-supereffective|p1a: Dracovish\n|-damage|p1a: Dracovish|0 fnt\n|faint|p1a: Dracovish\n|-hitcount|p1: Dracovish|4\n|-unboost|p2a: Glaive-dans-le-dos|def|1\n|-boost|p2a: Glaive-dans-le-dos|spe|1\n|\n|upkeep\n|\n|t:|1699634750\n|switch|p1a: Lucario|Lucario, M|100\/100\n|turn|6\n|\n|t:|1699634763\n|detailschange|p1a: Lucario|Lucario-Mega, M\n|-mega|p1a: Lucario|Lucario|Lucarionite\n|move|p2a: Glaive-dans-le-dos|Icicle Spear|p1a: Lucario\n|-resisted|p1a: Lucario\n|-damage|p1a: Lucario|88\/100\n|-resisted|p1a: Lucario\n|-damage|p1a: Lucario|74\/100\n|-resisted|p1a: Lucario\n|-damage|p1a: Lucario|61\/100\n|-resisted|p1a: Lucario\n|-damage|p1a: Lucario|48\/100\n|-resisted|p1a: Lucario\n|-damage|p1a: Lucario|35\/100\n|-hitcount|p1a: Lucario|5\n|move|p1a: Lucario|Aura Sphere|p2a: Glaive-dans-le-dos\n|-supereffective|p2a: Glaive-dans-le-dos\n|-damage|p2a: Glaive-dans-le-dos|0 fnt\n|faint|p2a: Glaive-dans-le-dos\n|\n|upkeep\n|\n|t:|1699634786\n|switch|p2a: HELLO FRIENDS|Clefable, F|100\/100\n|turn|7\n|\n|t:|1699634792\n|move|p1a: Lucario|Bullet Punch|p2a: HELLO FRIENDS\n|-supereffective|p2a: HELLO FRIENDS\n|-damage|p2a: HELLO FRIENDS|30\/100\n|move|p2a: HELLO FRIENDS|Calm Mind|p2a: HELLO FRIENDS\n|-boost|p2a: HELLO FRIENDS|spa|1\n|-boost|p2a: HELLO FRIENDS|spd|1\n|\n|-heal|p2a: HELLO FRIENDS|36\/100|[from] item: Leftovers\n|upkeep\n|turn|8\n|\n|t:|1699634802\n|switch|p2a: Best Legendary|Ho-Oh, shiny|100\/100\n|move|p1a: Lucario|Bullet Punch|p2a: Best Legendary\n|-resisted|p2a: Best Legendary\n|-damage|p2a: Best Legendary|88\/100\n|\n|upkeep\n|turn|9\n|\n|t:|1699634811\n|move|p2a: Best Legendary|Earthquake|p1a: Lucario\n|-supereffective|p1a: Lucario\n|-damage|p1a: Lucario|0 fnt\n|faint|p1a: Lucario\n|\n|upkeep\n|\n|t:|1699634816\n|switch|p1a: Pikachu|Pikachu-Partner, M|100\/100\n|turn|10\n|\n|t:|1699634825\n|-terastallize|p2a: Best Legendary|Ground\n|move|p2a: Best Legendary|Earthquake|p1a: Pikachu\n|-supereffective|p1a: Pikachu\n|-damage|p1a: Pikachu|0 fnt\n|faint|p1a: Pikachu\n|\n|win|Azequa\n|raw|KeyAuraGuardian's rating: 1046 &rarr; <strong>1035<\/strong><br \/>(-11 for losing)\n|raw|Azequa's rating: 1175 &rarr; <strong>1191<\/strong><br \/>(+16 for winning)\n|l|\u2606KeyAuraGuardian\n|c|\u2606Azequa|GG\n","uploadtime":1699634837,"views":6,"p1id":"keyauraguardian","p2id":"azequa","formatid":"gen9nationaldexubers","rating":1035,"private":0,"password":""}