{"id":"gen9nationaldexubers-1982640762","p1":"aquiles meo","p2":"RaVeDreNch","format":"[Gen 9] National Dex Ubers","log":"|j|\u2606aquiles meo\n|j|\u2606RaVeDreNch\n|t:|1699032038\n|gametype|singles\n|player|p1|aquiles meo|2|1042\n|player|p2|RaVeDreNch|caitlin|1085\n|teamsize|p1|6\n|teamsize|p2|6\n|gen|9\n|tier|[Gen 9] National Dex Ubers\n|rated|\n|rule|HP Percentage Mod: HP is shown in percentages\n|rule|Endless Battle Clause: Forcing endless battles is banned\n|rule|OHKO Clause: OHKO moves are banned\n|rule|Evasion Moves Clause: Evasion moves are banned\n|rule|Evasion Items Clause: Evasion items are banned\n|rule|Species Clause: Limit one of each Pok\u00e9mon\n|rule|Sleep Clause Mod: Limit one foe put to sleep\n|rule|Mega Rayquaza Clause: You cannot mega evolve Rayquaza\n|clearpoke\n|poke|p1|Jirachi|\n|poke|p1|Ho-Oh|\n|poke|p1|Rayquaza|\n|poke|p1|Pidgeot, M|\n|poke|p1|Lucario, M|\n|poke|p1|Luxray, M|\n|poke|p2|Metagross|\n|poke|p2|Dragonite, F|\n|poke|p2|Iron Valiant|\n|poke|p2|Serperior, F|\n|poke|p2|Cinderace, F|\n|poke|p2|Greninja-*, F|\n|teampreview\n|\n|t:|1699032046\n|start\n|switch|p1a: Jirachi|Jirachi, shiny|100\/100\n|switch|p2a: Cinderace|Cinderace, F|100\/100\n|turn|1\n|\n|t:|1699032062\n|move|p2a: Cinderace|Pyro Ball|p1a: Jirachi\n|-supereffective|p1a: Jirachi\n|-damage|p1a: Jirachi|0 fnt\n|faint|p1a: Jirachi\n|\n|upkeep\n|\n|t:|1699032070\n|switch|p1a: Ho-Oh|Ho-Oh, shiny|100\/100\n|turn|2\n|\n|t:|1699032100\n|move|p2a: Cinderace|Sucker Punch|p1a: Ho-Oh\n|-start|p2a: Cinderace|typechange|Dark|[from] ability: Libero\n|-damage|p1a: Ho-Oh|69\/100\n|move|p1a: Ho-Oh|Sacred Fire|p2a: Cinderace\n|-damage|p2a: Cinderace|38\/100\n|\n|upkeep\n|turn|3\n|\n|t:|1699032115\n|switch|p1a: Rayquaza|Rayquaza, shiny|100\/100\n|-ability|p1a: Rayquaza|Air Lock\n|move|p2a: Cinderace|U-turn|p1a: Rayquaza\n|-resisted|p1a: Rayquaza\n|-damage|p1a: Rayquaza|88\/100\n|\n|t:|1699032121\n|switch|p2a: Dragonite|Dragonite, F|100\/100|[from] U-turn\n|\n|upkeep\n|turn|4\n|\n|t:|1699032147\n|-terastallize|p1a: Rayquaza|Flying\n|move|p1a: Rayquaza|Dragon Claw|p2a: Dragonite\n|-supereffective|p2a: Dragonite\n|-damage|p2a: Dragonite|52\/100\n|move|p2a: Dragonite|Dragon Dance|p2a: Dragonite\n|-boost|p2a: Dragonite|atk|1\n|-boost|p2a: Dragonite|spe|1\n|\n|-heal|p2a: Dragonite|58\/100|[from] item: Leftovers\n|upkeep\n|turn|5\n|\n|t:|1699032173\n|move|p2a: Dragonite|Scale Shot|p1a: Rayquaza\n|-damage|p1a: Rayquaza|66\/100\n|-damage|p1a: Rayquaza|43\/100\n|-damage|p1a: Rayquaza|20\/100\n|-hitcount|p1a: Rayquaza|3\n|-unboost|p2a: Dragonite|def|1\n|-boost|p2a: Dragonite|spe|1\n|move|p1a: Rayquaza|Dragon Ascent|p2a: Dragonite\n|-damage|p2a: Dragonite|0 fnt\n|-unboost|p1a: Rayquaza|def|1\n|-unboost|p1a: Rayquaza|spd|1\n|faint|p2a: Dragonite\n|\n|upkeep\n|\n|t:|1699032186\n|switch|p2a: Cinderace|Cinderace, F|38\/100\n|turn|6\n|\n|t:|1699032191\n|switch|p1a: Ho-Oh|Ho-Oh, shiny|100\/100\n|move|p2a: Cinderace|Sucker Punch||[still]\n|-fail|p2a: Cinderace\n|\n|upkeep\n|turn|7\n|\n|t:|1699032198\n|move|p2a: Cinderace|U-turn|p1a: Ho-Oh\n|-start|p2a: Cinderace|typechange|Bug|[from] ability: Libero\n|-resisted|p1a: Ho-Oh\n|-damage|p1a: Ho-Oh|94\/100\n|\n|t:|1699032215\n|switch|p2a: Greninja|Greninja, F|100\/100|[from] U-turn\n|move|p1a: Ho-Oh|Ancient Power|p2a: Greninja\n|-damage|p2a: Greninja|66\/100\n|\n|upkeep\n|turn|8\n|\n|t:|1699032235\n|move|p2a: Greninja|Liquidation|p1a: Ho-Oh\n|-start|p2a: Greninja|typechange|Water|[from] ability: Protean\n|-supereffective|p1a: Ho-Oh\n|-damage|p1a: Ho-Oh|28\/100\n|move|p1a: Ho-Oh|Sacred Fire|p2a: Greninja\n|-resisted|p2a: Greninja\n|-damage|p2a: Greninja|28\/100\n|\n|upkeep\n|turn|9\n|\n|t:|1699032245\n|switch|p1a: Rayquaza|Rayquaza, shiny, tera:Flying|20\/100\n|-ability|p1a: Rayquaza|Air Lock\n|move|p2a: Greninja|Liquidation|p1a: Rayquaza\n|-crit|p1a: Rayquaza\n|-damage|p1a: Rayquaza|0 fnt\n|faint|p1a: Rayquaza\n|\n|upkeep\n|\n|t:|1699032273\n|switch|p1a: Pidgeot|Pidgeot, M, shiny|100\/100\n|turn|10\n|\n|t:|1699032281\n|move|p2a: Greninja|Liquidation|p1a: Pidgeot\n|-damage|p1a: Pidgeot|53\/100\n|move|p1a: Pidgeot|Tailwind|p1a: Pidgeot\n|-sidestart|p1: aquiles meo|move: Tailwind\n|\n|upkeep\n|turn|11\n|\n|t:|1699032309\n|detailschange|p1a: Pidgeot|Pidgeot-Mega, M, shiny\n|-mega|p1a: Pidgeot|Pidgeot|Pidgeotite\n|move|p1a: Pidgeot|Hurricane|p2a: Greninja\n|-crit|p2a: Greninja\n|-damage|p2a: Greninja|0 fnt\n|faint|p2a: Greninja\n|\n|upkeep\n|\n|t:|1699032324\n|switch|p2a: Cinderace|Cinderace, F|38\/100\n|turn|12\n|\n|t:|1699032334\n|move|p1a: Pidgeot|Tailwind||[still]\n|-fail|p1a: Pidgeot\n|move|p2a: Cinderace|Pyro Ball|p1a: Pidgeot\n|-damage|p1a: Pidgeot|0 fnt\n|faint|p1a: Pidgeot\n|\n|upkeep\n|\n|t:|1699032346\n|switch|p1a: Ho-Oh|Ho-Oh, shiny|61\/100\n|turn|13\n|\n|t:|1699032352\n|move|p1a: Ho-Oh|Calm Mind|p1a: Ho-Oh\n|-boost|p1a: Ho-Oh|spa|1\n|-boost|p1a: Ho-Oh|spd|1\n|move|p2a: Cinderace|U-turn|p1a: Ho-Oh\n|-start|p2a: Cinderace|typechange|Bug|[from] ability: Libero\n|-resisted|p1a: Ho-Oh\n|-damage|p1a: Ho-Oh|54\/100\n|\n|t:|1699032366\n|switch|p2a: Metagross|Metagross|100\/100|[from] U-turn\n|\n|-sideend|p1: aquiles meo|move: Tailwind\n|upkeep\n|turn|14\n|\n|t:|1699032382\n|detailschange|p2a: Metagross|Metagross-Mega\n|-mega|p2a: Metagross|Metagross|Metagrossite\n|move|p2a: Metagross|Hone Claws|p2a: Metagross\n|-boost|p2a: Metagross|atk|1\n|-boost|p2a: Metagross|accuracy|1\n|move|p1a: Ho-Oh|Burn Up|p2a: Metagross\n|-supereffective|p2a: Metagross\n|-crit|p2a: Metagross\n|-damage|p2a: Metagross|0 fnt\n|-start|p1a: Ho-Oh|typechange|???\/Flying|[from] move: Burn Up\n|faint|p2a: Metagross\n|\n|upkeep\n|\n|t:|1699032397\n|switch|p2a: Cinderace|Cinderace, F|38\/100\n|turn|15\n|\n|t:|1699032404\n|move|p2a: Cinderace|Sucker Punch|p1a: Ho-Oh\n|-start|p2a: Cinderace|typechange|Dark|[from] ability: Libero\n|-damage|p1a: Ho-Oh|23\/100\n|move|p1a: Ho-Oh|Ancient Power|p2a: Cinderace\n|-damage|p2a: Cinderace|0 fnt\n|faint|p2a: Cinderace\n|\n|upkeep\n|\n|t:|1699032414\n|switch|p2a: Iron Valiant|Iron Valiant|100\/100\n|-enditem|p2a: Iron Valiant|Booster Energy\n|-activate|p2a: Iron Valiant|ability: Quark Drive|[fromitem]\n|-start|p2a: Iron Valiant|quarkdrivespe\n|turn|16\n|\n|t:|1699032441\n|switch|p1a: Luxray|Luxray, M, shiny|100\/100\n|-terastallize|p2a: Iron Valiant|Fairy\n|move|p2a: Iron Valiant|Moonblast|p1a: Luxray\n|-damage|p1a: Luxray|26\/100\n|\n|upkeep\n|turn|17\n|\n|t:|1699032469\n|move|p2a: Iron Valiant|Psyshock|p1a: Luxray\n|-damage|p1a: Luxray|0 fnt\n|faint|p1a: Luxray\n|\n|upkeep\n|\n|t:|1699032472\n|switch|p1a: Lucario|Lucario, M, shiny|100\/100\n|turn|18\n|\n|t:|1699032477\n|move|p1a: Lucario|Bullet Punch|p2a: Iron Valiant\n|-supereffective|p2a: Iron Valiant\n|-damage|p2a: Iron Valiant|49\/100\n|move|p2a: Iron Valiant|Psyshock|p1a: Lucario\n|-damage|p1a: Lucario|61\/100\n|\n|upkeep\n|turn|19\n|\n|t:|1699032490\n|move|p1a: Lucario|Bullet Punch|p2a: Iron Valiant\n|-supereffective|p2a: Iron Valiant\n|-damage|p2a: Iron Valiant|0 fnt\n|faint|p2a: Iron Valiant\n|-end|p2a: Iron Valiant|Quark Drive|[silent]\n|\n|upkeep\n|\n|t:|1699032494\n|switch|p2a: Serperior|Serperior, F|100\/100\n|turn|20\n|\n|t:|1699032512\n|move|p2a: Serperior|Glare|p1a: Lucario\n|-status|p1a: Lucario|par\n|move|p1a: Lucario|Drain Punch|p2a: Serperior\n|-damage|p2a: Serperior|53\/100\n|-heal|p1a: Lucario|86\/100 par|[from] drain|[of] p2a: Serperior\n|\n|-heal|p2a: Serperior|60\/100|[from] item: Leftovers\n|upkeep\n|turn|21\n|\n|t:|1699032528\n|move|p1a: Lucario|Bullet Punch|p2a: Serperior\n|-damage|p2a: Serperior|35\/100\n|move|p2a: Serperior|Substitute|p2a: Serperior\n|-start|p2a: Serperior|Substitute\n|-damage|p2a: Serperior|10\/100\n|\n|-heal|p2a: Serperior|16\/100|[from] item: Leftovers\n|upkeep\n|turn|22\n|\n|t:|1699032537\n|move|p2a: Serperior|Leaf Storm|p1a: Lucario\n|-resisted|p1a: Lucario\n|-damage|p1a: Lucario|50\/100 par\n|-boost|p2a: Serperior|spa|2\n|move|p1a: Lucario|Bone Rush|p2a: Serperior\n|-resisted|p2a: Serperior\n|-activate|p2a: Serperior|move: Substitute|[damage]\n|-resisted|p2a: Serperior\n|-activate|p2a: Serperior|move: Substitute|[damage]\n|-resisted|p2a: Serperior\n|-activate|p2a: Serperior|move: Substitute|[damage]\n|-hitcount|p2a: Serperior|3\n|\n|-heal|p2a: Serperior|22\/100|[from] item: Leftovers\n|upkeep\n|turn|23\n|\n|t:|1699032559\n|move|p2a: Serperior|Leaf Storm|p1a: Lucario|[miss]\n|-miss|p2a: Serperior|p1a: Lucario\n|move|p1a: Lucario|Bone Rush|p2a: Serperior\n|-resisted|p2a: Serperior\n|-activate|p2a: Serperior|move: Substitute|[damage]\n|-resisted|p2a: Serperior\n|-end|p2a: Serperior|Substitute\n|-hitcount|p2a: Serperior|2\n|\n|-heal|p2a: Serperior|29\/100|[from] item: Leftovers\n|upkeep\n|turn|24\n|\n|t:|1699032574\n|move|p1a: Lucario|Bullet Punch|p2a: Serperior\n|-damage|p2a: Serperior|5\/100\n|move|p2a: Serperior|Hidden Power|p1a: Lucario\n|-supereffective|p1a: Lucario\n|-damage|p1a: Lucario|0 fnt\n|faint|p1a: Lucario\n|\n|-heal|p2a: Serperior|11\/100|[from] item: Leftovers\n|upkeep\n|\n|t:|1699032583\n|switch|p1a: Ho-Oh|Ho-Oh, shiny|57\/100\n|turn|25\n|\n|t:|1699032593\n|move|p2a: Serperior|Hidden Power|p1a: Ho-Oh\n|-resisted|p1a: Ho-Oh\n|-damage|p1a: Ho-Oh|48\/100\n|move|p1a: Ho-Oh|Burn Up|p2a: Serperior\n|-supereffective|p2a: Serperior\n|-damage|p2a: Serperior|0 fnt\n|-start|p1a: Ho-Oh|typechange|???\/Flying|[from] move: Burn Up\n|faint|p2a: Serperior\n|\n|win|aquiles meo\n|raw|aquiles meo's rating: 1042 &rarr; <strong>1080<\/strong><br \/>(+38 for winning)\n|raw|RaVeDreNch's rating: 1085 &rarr; <strong>1059<\/strong><br \/>(-26 for losing)\n|c|\u2606aquiles meo|gg\n","uploadtime":1699032610,"views":4,"p1id":"aquilesmeo","p2id":"ravedrench","formatid":"gen9nationaldexubers","rating":1059,"private":0,"password":""}