{"id":"gen9nationaldexubers-1991616245","p1":"Voltkit","p2":"Spectro Latios7","format":"[Gen 9] National Dex Ubers","log":"|j|\u2606Voltkit\n|j|\u2606Spectro Latios7\n|t:|1700094606\n|gametype|singles\n|player|p1|Voltkit|ingo|1000\n|player|p2|Spectro Latios7|unknown|1000\n|teamsize|p1|6\n|teamsize|p2|6\n|gen|9\n|tier|[Gen 9] National Dex Ubers\n|rated|\n|rule|HP Percentage Mod: HP is shown in percentages\n|rule|Endless Battle Clause: Forcing endless battles is banned\n|rule|OHKO Clause: OHKO moves are banned\n|rule|Evasion Moves Clause: Evasion moves are banned\n|rule|Evasion Items Clause: Evasion items are banned\n|rule|Species Clause: Limit one of each Pok\u00e9mon\n|rule|Sleep Clause Mod: Limit one foe put to sleep\n|rule|Mega Rayquaza Clause: You cannot mega evolve Rayquaza\n|clearpoke\n|poke|p1|Zoroark-Hisui, M|\n|poke|p1|Dragapult, M|\n|poke|p1|Ceruledge, M|\n|poke|p1|Mimikyu, F|\n|poke|p1|Mismagius, F|\n|poke|p1|Banette, F|\n|poke|p2|Rayquaza|\n|poke|p2|Hatterene, F|\n|poke|p2|Melmetal|\n|poke|p2|Kyogre|\n|poke|p2|Calyrex-Ice|\n|poke|p2|Arceus|\n|teampreview\n|\n|t:|1700094620\n|start\n|switch|p1a: Mismagius|Mismagius, F, shiny|100\/100\n|switch|p2a: lil chungus|Hatterene, F|100\/100\n|turn|1\n|c|\u2606Spectro Latios7|glhf\n|\n|t:|1700094630\n|-terastallize|p1a: Mismagius|Normal\n|move|p1a: Mismagius|Thunder|p2a: lil chungus\n|-damage|p2a: lil chungus|73\/100\n|move|p2a: lil chungus|Psychic|p1a: Mismagius\n|-damage|p1a: Mismagius|39\/100\n|\n|upkeep\n|turn|2\n|\n|t:|1700094641\n|move|p1a: Mismagius|Power Gem|p2a: lil chungus\n|-damage|p2a: lil chungus|52\/100\n|move|p2a: lil chungus|Psychic|p1a: Mismagius\n|-damage|p1a: Mismagius|0 fnt\n|faint|p1a: Mismagius\n|\n|upkeep\n|\n|t:|1700094661\n|switch|p1a: Banette|Banette, F, shiny|100\/100\n|turn|3\n|\n|t:|1700094666\n|move|p1a: Banette|Dark Pulse|p2a: lil chungus\n|-damage|p2a: lil chungus|30\/100\n|move|p2a: lil chungus|Psychic|p1a: Banette\n|-damage|p1a: Banette|9\/100\n|-unboost|p1a: Banette|spd|1\n|replace|p1a: Zoroark|Zoroark-Hisui, M, shiny\n|-end|p1a: Zoroark|Illusion\n|\n|upkeep\n|turn|4\n|c|\u2606Voltkit|I'm not having good luck, thanks\n|\n|t:|1700094686\n|move|p1a: Zoroark|Dark Pulse|p2a: lil chungus\n|-damage|p2a: lil chungus|6\/100\n|move|p2a: lil chungus|Psychic|p1a: Zoroark\n|-damage|p1a: Zoroark|0 fnt\n|faint|p1a: Zoroark\n|\n|upkeep\n|c|\u2606Spectro Latios7|believe it or not this is a new team for me XD\n|\n|t:|1700094695\n|switch|p1a: Banette|Banette, F, shiny|100\/100\n|turn|5\n|\n|t:|1700094703\n|move|p1a: Banette|Gunk Shot|p2a: lil chungus\n|-supereffective|p2a: lil chungus\n|-damage|p2a: lil chungus|0 fnt\n|faint|p2a: lil chungus\n|\n|upkeep\n|c|\u2606Voltkit|Oh nice\n|c|\u2606Spectro Latios7|so surprising i'm doing well already\n|\n|t:|1700094718\n|switch|p2a: billions must zoom|Arceus|100\/100\n|turn|6\n|\n|t:|1700094727\n|switch|p2a: emerald rogue|Rayquaza|100\/100\n|-ability|p2a: emerald rogue|Air Lock\n|detailschange|p1a: Banette|Banette-Mega, F, shiny\n|-mega|p1a: Banette|Banette|Banettite\n|move|p1a: Banette|Foul Play|p2a: emerald rogue\n|-damage|p2a: emerald rogue|65\/100\n|\n|upkeep\n|turn|7\n|\n|t:|1700094755\n|move|p1a: Banette|Knock Off|p2a: emerald rogue\n|-damage|p2a: emerald rogue|30\/100\n|-enditem|p2a: emerald rogue|Life Orb|[from] move: Knock Off|[of] p1a: Banette\n|move|p2a: emerald rogue|Dragon Ascent|p1a: Banette\n|-damage|p1a: Banette|12\/100\n|-unboost|p2a: emerald rogue|def|1\n|-unboost|p2a: emerald rogue|spd|1\n|\n|upkeep\n|turn|8\n|c|\u2606Voltkit|Rayquaza scares me a lot omg\n|\n|t:|1700094766\n|move|p1a: Banette|Foul Play|p2a: emerald rogue\n|-damage|p2a: emerald rogue|0 fnt\n|faint|p2a: emerald rogue\n|\n|upkeep\n|\n|t:|1700094771\n|switch|p2a: freezie|Calyrex-Ice|100\/100\n|-ability|p2a: freezie|As One\n|-ability|p2a: freezie|Unnerve\n|turn|9\n|c|\u2606Spectro Latios7|imagine if it was mega XD\n|\n|t:|1700094779\n|move|p1a: Banette|Foul Play|p2a: freezie\n|-supereffective|p2a: freezie\n|-damage|p2a: freezie|50\/100\n|move|p2a: freezie|Trick Room|p2a: freezie\n|-fieldstart|move: Trick Room|[of] p2a: freezie\n|\n|upkeep\n|turn|10\n|c|\u2606Voltkit|OMG NO.\n|c|\u2606Voltkit|Don't you dare giving that thing mega >:(\n|\n|t:|1700094799\n|move|p2a: freezie|Zen Headbutt|p1a: Banette\n|-damage|p1a: Banette|0 fnt\n|faint|p1a: Banette\n|-ability|p2a: freezie|Chilling Neigh|boost\n|-boost|p2a: freezie|atk|1\n|\n|upkeep\n|\n|t:|1700094806\n|switch|p1a: Ceruledge|Ceruledge, M, shiny|100\/100\n|turn|11\n|c|\u2606Spectro Latios7|don't worry it's not my build so tera normal\n|\n|t:|1700094814\n|move|p2a: freezie|High Horsepower|p1a: Ceruledge\n|-supereffective|p1a: Ceruledge\n|-damage|p1a: Ceruledge|0 fnt\n|faint|p1a: Ceruledge\n|-ability|p2a: freezie|Chilling Neigh|boost\n|-boost|p2a: freezie|atk|1\n|\n|upkeep\n|c|\u2606Voltkit|Okay \ud83d\ude00\n|\n|t:|1700094828\n|switch|p1a: Dragapult|Dragapult, M, shiny|100\/100\n|turn|12\n|\n|t:|1700094843\n|move|p2a: freezie|Glacial Lance|p1a: Dragapult\n|-supereffective|p1a: Dragapult\n|-damage|p1a: Dragapult|0 fnt\n|faint|p1a: Dragapult\n|-ability|p2a: freezie|Chilling Neigh|boost\n|-boost|p2a: freezie|atk|1\n|\n|upkeep\n|\n|t:|1700094850\n|switch|p1a: Mimikyu|Mimikyu, F, shiny|100\/100\n|turn|13\n|\n|t:|1700094861\n|move|p2a: freezie|Glacial Lance|p1a: Mimikyu\n|-activate|p1a: Mimikyu|ability: Disguise\n|-damage|p1a: Mimikyu|100\/100\n|detailschange|p1a: Mimikyu|Mimikyu-Busted, F, shiny\n|-damage|p1a: Mimikyu|88\/100|[from] pokemon: Mimikyu-Busted\n|move|p1a: Mimikyu|Draining Kiss|p2a: freezie\n|-damage|p2a: freezie|43\/100\n|-heal|p1a: Mimikyu|97\/100|[from] drain|[of] p2a: freezie\n|\n|-fieldend|move: Trick Room\n|upkeep\n|turn|14\n|\n|t:|1700094877\n|move|p1a: Mimikyu|Leech Life|p2a: freezie\n|-supereffective|p2a: freezie\n|-damage|p2a: freezie|21\/100\n|-heal|p1a: Mimikyu|100\/100|[from] drain|[of] p2a: freezie\n|move|p2a: freezie|Glacial Lance|p1a: Mimikyu\n|-damage|p1a: Mimikyu|0 fnt\n|faint|p1a: Mimikyu\n|\n|win|Spectro Latios7\n|raw|Voltkit's rating: 1000 &rarr; <strong>1000<\/strong><br \/>(+0 for losing)\n|raw|Spectro Latios7's rating: 1000 &rarr; <strong>1040<\/strong><br \/>(+40 for winning)\n|c|\u2606Spectro Latios7|gg\n|c|\u2606Voltkit|Yeh\n|c|\u2606Spectro Latios7|pretty good i made one mistake that's all\n|n|\u2606Spectro Latios7|spectrolatios7\n|c|\u2606Voltkit|Thats alr\n|c|\u2606Spectro Latios7|yep what matters is learning from them\n|c|\u2606Spectro Latios7|i notice when i make them so i improve\n","uploadtime":1700094936,"views":6,"p1id":"voltkit","p2id":"spectrolatios7","formatid":"gen9nationaldexubers","rating":1000,"private":0,"password":""}