{"id":"gen9nationaldexubers-1981872326","p1":"Z4A4Z","p2":"anderproyt","format":"[Gen 9] National Dex Ubers","log":"|j|\u2606Z4A4Z\n|j|\u2606anderproyt\n|t:|1698948021\n|gametype|singles\n|player|p1|Z4A4Z|unknown|\n|player|p2|anderproyt|giovanni|\n|teamsize|p1|6\n|teamsize|p2|6\n|gen|9\n|tier|[Gen 9] National Dex Ubers\n|rule|HP Percentage Mod: HP is shown in percentages\n|rule|Endless Battle Clause: Forcing endless battles is banned\n|rule|OHKO Clause: OHKO moves are banned\n|rule|Evasion Moves Clause: Evasion moves are banned\n|rule|Evasion Items Clause: Evasion items are banned\n|rule|Species Clause: Limit one of each Pok\u00e9mon\n|rule|Sleep Clause Mod: Limit one foe put to sleep\n|rule|Mega Rayquaza Clause: You cannot mega evolve Rayquaza\n|clearpoke\n|poke|p1|Charizard, F|\n|poke|p1|Blastoise, M|\n|poke|p1|Venusaur, F|\n|poke|p1|Dragonite, M|\n|poke|p1|Rhydon, M|\n|poke|p1|Chansey, F|\n|poke|p2|Volcarona, M|\n|poke|p2|Forretress, F|\n|poke|p2|Heracross, M|\n|poke|p2|Scizor, M|\n|poke|p2|Galvantula, M|\n|poke|p2|Araquanid, M|\n|teampreview\n|inactive|Battle timer is ON: inactive players will automatically lose when time's up. (requested by Z4A4Z)\n|c|\u2606anderproyt|uff riko\n|c|\u2606Z4A4Z|Banca q voy al ba\u00f1o y por esi tardo\n|\n|t:|1698948040\n|start\n|switch|p1a: Essence of Kanto|Dragonite, M|100\/100\n|switch|p2a: Galvantula|Galvantula, M|100\/100\n|turn|1\n|\n|t:|1698948062\n|switch|p2a: Araquanid|Araquanid, M|100\/100\n|move|p1a: Essence of Kanto|Extreme Speed|p2a: Araquanid\n|-damage|p2a: Araquanid|60\/100\n|\n|-heal|p2a: Araquanid|66\/100|[from] item: Leftovers\n|upkeep\n|turn|2\n|\n|t:|1698948076\n|switch|p1a: MIS#NGN#|Blastoise, M, shiny|100\/100\n|move|p2a: Araquanid|Toxic|p1a: MIS#NGN#\n|-status|p1a: MIS#NGN#|tox\n|\n|-heal|p2a: Araquanid|72\/100|[from] item: Leftovers\n|-damage|p1a: MIS#NGN#|94\/100 tox|[from] psn\n|upkeep\n|turn|3\n|\n|t:|1698948091\n|switch|p2a: Forretress|Forretress, F|100\/100\n|move|p1a: MIS#NGN#|Toxic|p2a: Forretress\n|-immune|p2a: Forretress\n|\n|-heal|p1a: MIS#NGN#|100\/100 tox|[from] item: Leftovers\n|-damage|p1a: MIS#NGN#|88\/100 tox|[from] psn\n|upkeep\n|turn|4\n|\n|t:|1698948100\n|move|p1a: MIS#NGN#|Flip Turn|p2a: Forretress\n|-damage|p2a: Forretress|89\/100\n|-damage|p1a: MIS#NGN#|72\/100 tox|[from] item: Rocky Helmet|[of] p2a: Forretress\n|\n|t:|1698948104\n|switch|p1a: Essence of Kanto|Dragonite, M|100\/100|[from] Flip Turn\n|move|p2a: Forretress|Stealth Rock|p1a: Essence of Kanto\n|-sidestart|p1: Z4A4Z|move: Stealth Rock\n|\n|upkeep\n|turn|5\n|\n|t:|1698948112\n|move|p1a: Essence of Kanto|Fire Punch|p2a: Forretress\n|-supereffective|p2a: Forretress\n|-damage|p2a: Forretress|0 fnt\n|-damage|p1a: Essence of Kanto|84\/100|[from] item: Rocky Helmet|[of] p2a: Forretress\n|faint|p2a: Forretress\n|\n|upkeep\n|\n|t:|1698948118\n|switch|p2a: Heracross|Heracross, M|100\/100\n|turn|6\n|\n|t:|1698948125\n|move|p2a: Heracross|Rock Slide|p1a: Essence of Kanto\n|-supereffective|p1a: Essence of Kanto\n|-damage|p1a: Essence of Kanto|33\/100\n|cant|p1a: Essence of Kanto|flinch\n|\n|upkeep\n|turn|7\n|c|\u2606anderproyt|uff\n|\n|t:|1698948138\n|switch|p1a: Grou#on|Rhydon, M, shiny|100\/100\n|-damage|p1a: Grou#on|94\/100|[from] Stealth Rock\n|move|p2a: Heracross|Rock Slide|p1a: Grou#on\n|-resisted|p1a: Grou#on\n|-damage|p1a: Grou#on|90\/100\n|\n|upkeep\n|turn|8\n|\n|t:|1698948147\n|switch|p2a: Scizor|Scizor, M|100\/100\n|-terastallize|p1a: Grou#on|Water\n|move|p1a: Grou#on|Stealth Rock|p2a: Scizor\n|-sidestart|p2: anderproyt|move: Stealth Rock\n|\n|upkeep\n|turn|9\n|c|\u2606anderproyt|como me hace falta knock off\n|\n|t:|1698948163\n|detailschange|p2a: Scizor|Scizor-Mega, M\n|-mega|p2a: Scizor|Scizor|Scizorite\n|move|p2a: Scizor|Defog|p1a: Grou#on\n|-unboost|p1a: Grou#on|evasion|1\n|-sideend|p1: Z4A4Z|Stealth Rock|[from] move: Defog|[of] p2a: Scizor\n|-sideend|p2: anderproyt|Stealth Rock|[from] move: Defog|[of] p2a: Scizor\n|move|p1a: Grou#on|Dragon Tail|p2a: Scizor\n|-resisted|p2a: Scizor\n|-damage|p2a: Scizor|94\/100\n|drag|p2a: Galvantula|Galvantula, M|100\/100\n|\n|upkeep\n|turn|10\n|\n|t:|1698948176\n|move|p2a: Galvantula|Energy Ball|p1a: Grou#on\n|-supereffective|p1a: Grou#on\n|-damage|p1a: Grou#on|36\/100\n|move|p1a: Grou#on|Stealth Rock|p2a: Galvantula\n|-sidestart|p2: anderproyt|move: Stealth Rock\n|\n|upkeep\n|turn|11\n|\n|t:|1698948183\n|switch|p1a: Gira#tina|Chansey, F, shiny|100\/100\n|move|p2a: Galvantula|Sticky Web|p1a: Gira#tina\n|-sidestart|p1: Z4A4Z|move: Sticky Web\n|\n|upkeep\n|turn|12\n|\n|t:|1698948191\n|switch|p2a: Scizor|Scizor-Mega, M|94\/100\n|-damage|p2a: Scizor|81\/100|[from] Stealth Rock\n|move|p1a: Gira#tina|Wish|p1a: Gira#tina\n|\n|upkeep\n|turn|13\n|\n|t:|1698948201\n|switch|p1a: Grou#on|Rhydon, M, shiny, tera:Water|36\/100\n|-activate|p1a: Grou#on|move: Sticky Web\n|-unboost|p1a: Grou#on|spe|1\n|move|p2a: Scizor|Defog|p1a: Grou#on\n|-unboost|p1a: Grou#on|evasion|1\n|-sideend|p1: Z4A4Z|Sticky Web|[from] move: Defog|[of] p2a: Scizor\n|-sideend|p2: anderproyt|Stealth Rock|[from] move: Defog|[of] p2a: Scizor\n|\n|-heal|p1a: Grou#on|100\/100|[from] move: Wish|[wisher] Gira#tina\n|upkeep\n|turn|14\n|l|\u2606Z4A4Z\n|inactive|Z4A4Z disconnected and has 300 seconds to reconnect!\n|player|p1|\n|inactive|anderproyt has 270 seconds left.\n|j|\u2606Z4A4Z\n|inactive|Z4A4Z reconnected.\n|player|p1|Z4A4Z|unknown\n|\n|t:|1698948232\n|move|p2a: Scizor|Bug Bite|p1a: Grou#on\n|-damage|p1a: Grou#on|84\/100\n|move|p1a: Grou#on|Earthquake|p2a: Scizor\n|-damage|p2a: Scizor|48\/100\n|\n|upkeep\n|turn|15\n|\n|t:|1698948237\n|move|p2a: Scizor|Roost|p2a: Scizor\n|-heal|p2a: Scizor|98\/100\n|-singleturn|p2a: Scizor|move: Roost\n|move|p1a: Grou#on|Earthquake|p2a: Scizor\n|-damage|p2a: Scizor|66\/100\n|\n|upkeep\n|turn|16\n|\n|t:|1698948246\n|switch|p1a: MIKI|Charizard, F, shiny|100\/100\n|move|p2a: Scizor|Bug Bite|p1a: MIKI\n|-resisted|p1a: MIKI\n|-damage|p1a: MIKI|91\/100\n|\n|upkeep\n|turn|17\n|\n|t:|1698948252\n|switch|p2a: Araquanid|Araquanid, M|72\/100\n|detailschange|p1a: MIKI|Charizard-Mega-Y, F, shiny\n|-mega|p1a: MIKI|Charizard|Charizardite Y\n|-weather|SunnyDay|[from] ability: Drought|[of] p1a: MIKI\n|move|p1a: MIKI|Overheat|p2a: Araquanid\n|-damage|p2a: Araquanid|36\/100\n|-unboost|p1a: MIKI|spa|2\n|\n|-weather|SunnyDay|[upkeep]\n|-heal|p2a: Araquanid|42\/100|[from] item: Leftovers\n|upkeep\n|turn|18\n|\n|t:|1698948274\n|switch|p1a: Gira#tina|Chansey, F, shiny|100\/100\n|move|p2a: Araquanid|Toxic|p1a: Gira#tina\n|-status|p1a: Gira#tina|tox\n|\n|-weather|SunnyDay|[upkeep]\n|-heal|p2a: Araquanid|48\/100|[from] item: Leftovers\n|-damage|p1a: Gira#tina|94\/100 tox|[from] psn\n|upkeep\n|turn|19\n|\n|t:|1698948284\n|move|p1a: Gira#tina|Wish|p1a: Gira#tina\n|move|p2a: Araquanid|Liquidation|p1a: Gira#tina\n|-damage|p1a: Gira#tina|80\/100 tox\n|\n|-weather|SunnyDay|[upkeep]\n|-heal|p2a: Araquanid|54\/100|[from] item: Leftovers\n|-damage|p1a: Gira#tina|68\/100 tox|[from] psn\n|upkeep\n|turn|20\n|\n|t:|1698948291\n|-curestatus|p1a: Gira#tina|tox|[from] ability: Natural Cure\n|switch|p1a: Essence of Kanto|Dragonite, M|33\/100\n|move|p2a: Araquanid|Liquidation|p1a: Essence of Kanto\n|-resisted|p1a: Essence of Kanto\n|-damage|p1a: Essence of Kanto|23\/100\n|-unboost|p1a: Essence of Kanto|def|1\n|\n|-weather|SunnyDay|[upkeep]\n|-heal|p1a: Essence of Kanto|100\/100|[from] move: Wish|[wisher] Gira#tina\n|-heal|p2a: Araquanid|60\/100|[from] item: Leftovers\n|upkeep\n|turn|21\n|\n|t:|1698948308\n|move|p1a: Essence of Kanto|Fire Punch|p2a: Araquanid\n|-crit|p2a: Araquanid\n|-damage|p2a: Araquanid|17\/100\n|move|p2a: Araquanid|Toxic|p1a: Essence of Kanto\n|-status|p1a: Essence of Kanto|tox\n|\n|-weather|none\n|-heal|p2a: Araquanid|23\/100|[from] item: Leftovers\n|-damage|p1a: Essence of Kanto|94\/100 tox|[from] psn\n|upkeep\n|turn|22\n|c|\u2606anderproyt|ya sabia yo q la repartision esta era mejor XD\n|\n|t:|1698948328\n|move|p1a: Essence of Kanto|Fire Punch|p2a: Araquanid\n|-damage|p2a: Araquanid|5\/100\n|move|p2a: Araquanid|Sticky Web|p1a: Essence of Kanto\n|-sidestart|p1: Z4A4Z|move: Sticky Web\n|\n|-heal|p2a: Araquanid|11\/100|[from] item: Leftovers\n|-damage|p1a: Essence of Kanto|82\/100 tox|[from] psn\n|upkeep\n|turn|23\n|\n|t:|1698948341\n|move|p1a: Essence of Kanto|Fire Punch|p2a: Araquanid\n|-damage|p2a: Araquanid|0 fnt\n|faint|p2a: Araquanid\n|\n|-damage|p1a: Essence of Kanto|63\/100 tox|[from] psn\n|upkeep\n|\n|t:|1698948348\n|switch|p2a: Scizor|Scizor-Mega, M|66\/100\n|turn|24\n|\n|t:|1698948352\n|switch|p1a: MIKI|Charizard-Mega-Y, F, shiny|91\/100\n|-weather|SunnyDay|[from] ability: Drought|[of] p1a: MIKI\n|move|p2a: Scizor|Bullet Punch|p1a: MIKI\n|-resisted|p1a: MIKI\n|-damage|p1a: MIKI|79\/100\n|\n|-weather|SunnyDay|[upkeep]\n|upkeep\n|turn|25\n|\n|t:|1698948366\n|switch|p1a: Gira#tina|Chansey, F, shiny|68\/100\n|-activate|p1a: Gira#tina|move: Sticky Web\n|-unboost|p1a: Gira#tina|spe|1\n|move|p2a: Scizor|Bug Bite|p1a: Gira#tina\n|-damage|p1a: Gira#tina|35\/100\n|\n|-weather|SunnyDay|[upkeep]\n|upkeep\n|turn|26\n|\n|t:|1698948380\n|move|p2a: Scizor|Bug Bite|p1a: Gira#tina\n|-damage|p1a: Gira#tina|3\/100\n|move|p1a: Gira#tina|Soft-Boiled|p1a: Gira#tina\n|-heal|p1a: Gira#tina|53\/100\n|\n|-weather|SunnyDay|[upkeep]\n|upkeep\n|turn|27\n|\n|t:|1698948391\n|move|p2a: Scizor|Bug Bite|p1a: Gira#tina\n|-damage|p1a: Gira#tina|21\/100\n|move|p1a: Gira#tina|Aromatherapy|p1a: Gira#tina\n|-activate|p1a: Gira#tina|move: Aromatherapy\n|-curestatus|p1: MIS#NGN#|tox|[msg]\n|-curestatus|p1: Essence of Kanto|tox|[msg]\n|\n|-weather|SunnyDay|[upkeep]\n|upkeep\n|turn|28\n|\n|t:|1698948399\n|switch|p1a: MIKI|Charizard-Mega-Y, F, shiny|79\/100\n|move|p2a: Scizor|Bug Bite|p1a: MIKI\n|-resisted|p1a: MIKI\n|-damage|p1a: MIKI|69\/100\n|\n|-weather|none\n|upkeep\n|turn|29\n|\n|t:|1698948406\n|switch|p2a: Galvantula|Galvantula, M|100\/100\n|move|p1a: MIKI|Will-O-Wisp|p2a: Galvantula\n|-status|p2a: Galvantula|brn\n|\n|-damage|p2a: Galvantula|94\/100 brn|[from] brn\n|upkeep\n|turn|30\n|\n|t:|1698948419\n|switch|p1a: M#SINGN@|Venusaur, F, shiny|100\/100\n|-activate|p1a: M#SINGN@|move: Sticky Web\n|-unboost|p1a: M#SINGN@|spe|1\n|move|p2a: Galvantula|Volt Switch|p1a: M#SINGN@\n|-resisted|p1a: M#SINGN@\n|-damage|p1a: M#SINGN@|83\/100\n|\n|t:|1698948435\n|switch|p2a: Volcarona|Volcarona, M|100\/100|[from] Volt Switch\n|\n|upkeep\n|turn|31\n|\n|t:|1698948443\n|switch|p1a: MIS#NGN#|Blastoise, M, shiny|72\/100\n|-activate|p1a: MIS#NGN#|move: Sticky Web\n|-unboost|p1a: MIS#NGN#|spe|1\n|move|p2a: Volcarona|Quiver Dance|p2a: Volcarona\n|-boost|p2a: Volcarona|spa|1\n|-boost|p2a: Volcarona|spd|1\n|-boost|p2a: Volcarona|spe|1\n|\n|-heal|p1a: MIS#NGN#|78\/100|[from] item: Leftovers\n|upkeep\n|turn|32\n|\n|t:|1698948451\n|move|p2a: Volcarona|Giga Drain|p1a: MIS#NGN#\n|-supereffective|p1a: MIS#NGN#\n|-damage|p1a: MIS#NGN#|19\/100\n|move|p1a: MIS#NGN#|Toxic|p2a: Volcarona|[miss]\n|-miss|p1a: MIS#NGN#|p2a: Volcarona\n|\n|-heal|p1a: MIS#NGN#|25\/100|[from] item: Leftovers\n|upkeep\n|turn|33\n|\n|t:|1698948458\n|move|p2a: Volcarona|Giga Drain|p1a: MIS#NGN#\n|-supereffective|p1a: MIS#NGN#\n|-damage|p1a: MIS#NGN#|0 fnt\n|faint|p1a: MIS#NGN#\n|\n|upkeep\n|\n|t:|1698948464\n|switch|p1a: Gira#tina|Chansey, F, shiny|21\/100\n|-activate|p1a: Gira#tina|move: Sticky Web\n|-unboost|p1a: Gira#tina|spe|1\n|turn|34\n|l|\u2606Z4A4Z\n|inactive|Z4A4Z disconnected and has 300 seconds to reconnect!\n|player|p1|\n|inactive|anderproyt has 270 seconds left.\n|j|\u2606Z4A4Z\n|inactive|Z4A4Z reconnected.\n|player|p1|Z4A4Z|unknown\n|inactive|anderproyt has 240 seconds left.\n|\n|t:|1698948531\n|move|p2a: Volcarona|Fiery Dance|p1a: Gira#tina\n|-damage|p1a: Gira#tina|0 fnt\n|-boost|p2a: Volcarona|spa|1\n|faint|p1a: Gira#tina\n|\n|upkeep\n|\n|t:|1698948534\n|switch|p1a: MIKI|Charizard-Mega-Y, F, shiny|69\/100\n|-weather|SunnyDay|[from] ability: Drought|[of] p1a: MIKI\n|turn|35\n|inactive|anderproyt has 240 seconds left.\n|\n|t:|1698948554\n|-terastallize|p2a: Volcarona|Water\n|move|p2a: Volcarona|Quiver Dance|p2a: Volcarona\n|-boost|p2a: Volcarona|spa|1\n|-boost|p2a: Volcarona|spd|1\n|-boost|p2a: Volcarona|spe|1\n|move|p1a: MIKI|Overheat|p2a: Volcarona\n|-resisted|p2a: Volcarona\n|-damage|p2a: Volcarona|79\/100\n|-unboost|p1a: MIKI|spa|2\n|\n|-weather|SunnyDay|[upkeep]\n|upkeep\n|turn|36\n|\n|t:|1698948566\n|move|p2a: Volcarona|Quiver Dance|p2a: Volcarona\n|-boost|p2a: Volcarona|spa|1\n|-boost|p2a: Volcarona|spd|1\n|-boost|p2a: Volcarona|spe|1\n|move|p1a: MIKI|Solar Beam||[still]\n|-prepare|p1a: MIKI|Solar Beam\n|-anim|p1a: MIKI|Solar Beam|p2a: Volcarona\n|-supereffective|p2a: Volcarona\n|-damage|p2a: Volcarona|65\/100\n|\n|-weather|SunnyDay|[upkeep]\n|upkeep\n|turn|37\n|\n|t:|1698948575\n|switch|p1a: M#SINGN@|Venusaur, F, shiny|83\/100\n|-activate|p1a: M#SINGN@|move: Sticky Web\n|-unboost|p1a: M#SINGN@|spe|1\n|move|p2a: Volcarona|Quiver Dance|p2a: Volcarona\n|-boost|p2a: Volcarona|spa|1\n|-boost|p2a: Volcarona|spd|1\n|-boost|p2a: Volcarona|spe|1\n|\n|-weather|SunnyDay|[upkeep]\n|upkeep\n|turn|38\n|inactive|anderproyt has 240 seconds left.\n|\n|t:|1698948583\n|move|p2a: Volcarona|Fiery Dance|p1a: M#SINGN@\n|-supereffective|p1a: M#SINGN@\n|-damage|p1a: M#SINGN@|0 fnt\n|-boost|p2a: Volcarona|spa|1\n|faint|p1a: M#SINGN@\n|\n|-weather|SunnyDay|[upkeep]\n|upkeep\n|\n|t:|1698948586\n|switch|p1a: Essence of Kanto|Dragonite, M|63\/100\n|turn|39\n|inactive|anderproyt has 240 seconds left.\n|\n|t:|1698948606\n|move|p1a: Essence of Kanto|Extreme Speed|p2a: Volcarona\n|-damage|p2a: Volcarona|9\/100\n|-status|p1a: Essence of Kanto|brn|[from] ability: Flame Body|[of] p2a: Volcarona\n|move|p2a: Volcarona|Fiery Dance|p1a: Essence of Kanto\n|-resisted|p1a: Essence of Kanto\n|-damage|p1a: Essence of Kanto|0 fnt\n|faint|p1a: Essence of Kanto\n|\n|-weather|none\n|upkeep\n|\n|t:|1698948611\n|switch|p1a: MIKI|Charizard-Mega-Y, F, shiny|69\/100\n|-weather|SunnyDay|[from] ability: Drought|[of] p1a: MIKI\n|turn|40\n|\n|t:|1698948618\n|move|p2a: Volcarona|Fiery Dance|p1a: MIKI\n|-resisted|p1a: MIKI\n|-damage|p1a: MIKI|0 fnt\n|faint|p1a: MIKI\n|\n|-weather|SunnyDay|[upkeep]\n|upkeep\n|c|\u2606anderproyt|riko sol\n|\n|t:|1698948623\n|switch|p1a: Grou#on|Rhydon, M, shiny, tera:Water|84\/100\n|-activate|p1a: Grou#on|move: Sticky Web\n|-unboost|p1a: Grou#on|spe|1\n|turn|41\n|\n|t:|1698948627\n|move|p2a: Volcarona|Giga Drain|p1a: Grou#on\n|-supereffective|p1a: Grou#on\n|-damage|p1a: Grou#on|0 fnt\n|-heal|p2a: Volcarona|58\/100|[from] drain|[of] p1a: Grou#on\n|faint|p1a: Grou#on\n|\n|win|anderproyt\n|c|\u2606anderproyt|al final todos los cambios ayudaron\n","uploadtime":1698948642,"views":18,"p1id":"z4a4z","p2id":"anderproyt","formatid":"gen9nationaldexubers","rating":0,"private":0,"password":""}