{"id":"gen9nationaldexubers-1997801165","p1":"calvinchess","p2":"KarmaKazama0","format":"[Gen 9] National Dex Ubers","log":"|j|\u2606calvinchess\n|j|\u2606KarmaKazama0\n|t:|1700854156\n|gametype|singles\n|player|p1|calvinchess|169|1480\n|player|p2|KarmaKazama0|102|1525\n|teamsize|p1|6\n|teamsize|p2|6\n|gen|9\n|tier|[Gen 9] National Dex Ubers\n|rated|\n|rule|HP Percentage Mod: HP is shown in percentages\n|rule|Endless Battle Clause: Forcing endless battles is banned\n|rule|OHKO Clause: OHKO moves are banned\n|rule|Evasion Moves Clause: Evasion moves are banned\n|rule|Evasion Items Clause: Evasion items are banned\n|rule|Species Clause: Limit one of each Pok\u00e9mon\n|rule|Sleep Clause Mod: Limit one foe put to sleep\n|rule|Mega Rayquaza Clause: You cannot mega evolve Rayquaza\n|clearpoke\n|poke|p1|Eternatus|\n|poke|p1|Xerneas-*|\n|poke|p1|Marshadow|\n|poke|p1|Yveltal|\n|poke|p1|Necrozma-Dusk-Mane|\n|poke|p1|Ho-Oh|\n|poke|p2|Marshadow|\n|poke|p2|Ho-Oh|\n|poke|p2|Arceus-Ground|\n|poke|p2|Groudon|\n|poke|p2|Xerneas-*|\n|poke|p2|Zygarde|\n|teampreview\n|inactive|Battle timer is ON: inactive players will automatically lose when time's up. (requested by KarmaKazama0)\n|\n|t:|1700854169\n|start\n|switch|p1a: Ho-Oh|Ho-Oh|100\/100\n|switch|p2a: Groudon|Groudon|100\/100\n|detailschange|p2a: Groudon|Groudon-Primal\n|-primal|p2a: Groudon|Red Orb\n|-weather|DesolateLand|[from] ability: Desolate Land|[of] p2a: Groudon\n|turn|1\n|\n|t:|1700854178\n|move|p1a: Ho-Oh|Toxic|p2a: Groudon|[miss]\n|-miss|p1a: Ho-Oh|p2a: Groudon\n|move|p2a: Groudon|Toxic|p1a: Ho-Oh\n|-status|p1a: Ho-Oh|tox\n|\n|-weather|DesolateLand|[upkeep]\n|-damage|p1a: Ho-Oh|94\/100 tox|[from] psn\n|upkeep\n|turn|2\n|\n|t:|1700854190\n|move|p1a: Ho-Oh|Toxic|p2a: Groudon\n|-status|p2a: Groudon|tox\n|move|p2a: Groudon|Stone Edge|p1a: Ho-Oh|[miss]\n|-miss|p2a: Groudon|p1a: Ho-Oh\n|\n|-weather|DesolateLand|[upkeep]\n|-damage|p1a: Ho-Oh|82\/100 tox|[from] psn\n|-damage|p2a: Groudon|94\/100 tox|[from] psn\n|upkeep\n|turn|3\n|\n|t:|1700854199\n|switch|p1a: Necrozma|Necrozma-Dusk-Mane|100\/100\n|move|p2a: Groudon|Spikes|p1a: Necrozma\n|-sidestart|p1: calvinchess|Spikes\n|\n|-weather|DesolateLand|[upkeep]\n|-damage|p2a: Groudon|82\/100 tox|[from] psn\n|upkeep\n|turn|4\n|\n|t:|1700854209\n|move|p1a: Necrozma|Moonlight|p1a: Necrozma\n|-fail|p1a: Necrozma|heal\n|move|p2a: Groudon|Precipice Blades|p1a: Necrozma\n|-supereffective|p1a: Necrozma\n|-crit|p1a: Necrozma\n|-damage|p1a: Necrozma|13\/100\n|\n|-weather|DesolateLand|[upkeep]\n|-heal|p1a: Necrozma|19\/100|[from] item: Leftovers\n|-damage|p2a: Groudon|63\/100 tox|[from] psn\n|upkeep\n|turn|5\n|\n|t:|1700854219\n|move|p1a: Necrozma|Moonlight|p1a: Necrozma\n|-heal|p1a: Necrozma|86\/100\n|move|p2a: Groudon|Spikes|p1a: Necrozma\n|-sidestart|p1: calvinchess|Spikes\n|\n|-weather|DesolateLand|[upkeep]\n|-heal|p1a: Necrozma|92\/100|[from] item: Leftovers\n|-damage|p2a: Groudon|38\/100 tox|[from] psn\n|upkeep\n|turn|6\n|\n|t:|1700854231\n|switch|p1a: Ho-Oh|Ho-Oh|100\/100 tox\n|-weather|none\n|switch|p2a: Arceus|Arceus-Ground|100\/100\n|\n|-damage|p1a: Ho-Oh|94\/100 tox|[from] psn\n|upkeep\n|turn|7\n|\n|t:|1700854248\n|switch|p2a: Groudon|Groudon-Primal|38\/100 tox\n|-weather|DesolateLand|[from] ability: Desolate Land|[of] p2a: Groudon\n|move|p1a: Ho-Oh|Defog|p2a: Groudon\n|-unboost|p2a: Groudon|evasion|1\n|-sideend|p1: calvinchess|Spikes|[from] move: Defog|[of] p1a: Ho-Oh\n|\n|-weather|DesolateLand|[upkeep]\n|-damage|p1a: Ho-Oh|82\/100 tox|[from] psn\n|-damage|p2a: Groudon|32\/100 tox|[from] psn\n|upkeep\n|turn|8\n|\n|t:|1700854267\n|switch|p1a: Necrozma|Necrozma-Dusk-Mane|92\/100\n|move|p2a: Groudon|Spikes|p1a: Necrozma\n|-sidestart|p1: calvinchess|Spikes\n|\n|-weather|DesolateLand|[upkeep]\n|-heal|p1a: Necrozma|98\/100|[from] item: Leftovers\n|-damage|p2a: Groudon|20\/100 tox|[from] psn\n|upkeep\n|turn|9\n|\n|t:|1700854277\n|move|p1a: Necrozma|Sunsteel Strike|p2a: Groudon\n|-resisted|p2a: Groudon\n|-damage|p2a: Groudon|7\/100 tox\n|move|p2a: Groudon|Precipice Blades|p1a: Necrozma\n|-supereffective|p1a: Necrozma\n|-damage|p1a: Necrozma|40\/100\n|\n|-weather|DesolateLand|[upkeep]\n|-heal|p1a: Necrozma|46\/100|[from] item: Leftovers\n|-damage|p2a: Groudon|0 fnt|[from] psn\n|faint|p2a: Groudon\n|-weather|none\n|upkeep\n|\n|t:|1700854286\n|switch|p2a: Marshadow|Marshadow|100\/100\n|turn|10\n|\n|t:|1700854298\n|switch|p1a: Ho-Oh|Ho-Oh|100\/100 tox\n|move|p2a: Marshadow|Low Kick|p1a: Ho-Oh\n|-resisted|p1a: Ho-Oh\n|-damage|p1a: Ho-Oh|74\/100 tox\n|\n|-damage|p1a: Ho-Oh|68\/100 tox|[from] psn\n|upkeep\n|turn|11\n|\n|t:|1700854313\n|switch|p2a: Zygarde|Zygarde|100\/100\n|move|p1a: Ho-Oh|Defog|p2a: Zygarde\n|-unboost|p2a: Zygarde|evasion|1\n|-sideend|p1: calvinchess|Spikes|[from] move: Defog|[of] p1a: Ho-Oh\n|\n|-damage|p1a: Ho-Oh|56\/100 tox|[from] psn\n|upkeep\n|turn|12\n|\n|t:|1700854326\n|switch|p1a: Xerneas|Xerneas|100\/100\n|-ability|p1a: Xerneas|Fairy Aura\n|move|p2a: Zygarde|Thousand Arrows|p1a: Xerneas\n|-damage|p1a: Xerneas|77\/100\n|\n|upkeep\n|turn|13\n|\n|t:|1700854343\n|move|p1a: Xerneas|Geomancy||[still]\n|-prepare|p1a: Xerneas|Geomancy\n|-enditem|p1a: Xerneas|Power Herb\n|-anim|p1a: Xerneas|Geomancy|p1a: Xerneas\n|-boost|p1a: Xerneas|spa|2\n|-boost|p1a: Xerneas|spd|2\n|-boost|p1a: Xerneas|spe|2\n|move|p2a: Zygarde|Glare|p1a: Xerneas\n|-status|p1a: Xerneas|par\n|\n|upkeep\n|turn|14\n|\n|t:|1700854354\n|switch|p2a: Ho-Oh|Ho-Oh|100\/100\n|move|p1a: Xerneas|Moonblast|p2a: Ho-Oh\n|-resisted|p2a: Ho-Oh\n|-damage|p2a: Ho-Oh|62\/100\n|\n|upkeep\n|turn|15\n|\n|t:|1700854365\n|move|p1a: Xerneas|Thunder|p2a: Ho-Oh|[miss]\n|-miss|p1a: Xerneas|p2a: Ho-Oh\n|move|p2a: Ho-Oh|Whirlwind|p1a: Xerneas\n|drag|p1a: Marshadow|Marshadow|100\/100\n|\n|upkeep\n|turn|16\n|\n|t:|1700854379\n|switch|p1a: Yveltal|Yveltal|100\/100\n|-ability|p1a: Yveltal|Dark Aura\n|move|p2a: Ho-Oh|Toxic|p1a: Yveltal|[miss]\n|-miss|p2a: Ho-Oh|p1a: Yveltal\n|\n|upkeep\n|turn|17\n|\n|t:|1700854387\n|move|p1a: Yveltal|Knock Off|p2a: Ho-Oh\n|-crit|p2a: Ho-Oh\n|-damage|p2a: Ho-Oh|0 fnt\n|-enditem|p2a: Ho-Oh|Heavy-Duty Boots|[from] move: Knock Off|[of] p1a: Yveltal\n|faint|p2a: Ho-Oh\n|\n|upkeep\n|\n|t:|1700854391\n|switch|p2a: Xerneas|Xerneas|100\/100\n|-ability|p2a: Xerneas|Fairy Aura\n|turn|18\n|\n|t:|1700854412\n|switch|p1a: Necrozma|Necrozma-Dusk-Mane|46\/100\n|move|p2a: Xerneas|Geomancy||[still]\n|-prepare|p2a: Xerneas|Geomancy\n|-enditem|p2a: Xerneas|Power Herb\n|-anim|p2a: Xerneas|Geomancy|p2a: Xerneas\n|-boost|p2a: Xerneas|spa|2\n|-boost|p2a: Xerneas|spd|2\n|-boost|p2a: Xerneas|spe|2\n|\n|-heal|p1a: Necrozma|52\/100|[from] item: Leftovers\n|upkeep\n|turn|19\n|\n|t:|1700854425\n|-terastallize|p2a: Xerneas|Fighting\n|move|p2a: Xerneas|Focus Blast|p1a: Necrozma\n|-damage|p1a: Necrozma|0 fnt\n|faint|p1a: Necrozma\n|\n|upkeep\n|\n|t:|1700854438\n|switch|p1a: Xerneas|Xerneas|77\/100 par\n|-ability|p1a: Xerneas|Fairy Aura\n|turn|20\n|\n|t:|1700854446\n|move|p2a: Xerneas|Moonblast|p1a: Xerneas\n|-damage|p1a: Xerneas|0 fnt\n|faint|p1a: Xerneas\n|\n|upkeep\n|\n|t:|1700854459\n|switch|p1a: Marshadow|Marshadow|100\/100\n|turn|21\n|\n|t:|1700854463\n|move|p2a: Xerneas|Moonblast|p1a: Marshadow\n|-supereffective|p1a: Marshadow\n|-enditem|p1a: Marshadow|Focus Sash\n|-damage|p1a: Marshadow|1\/100\n|-unboost|p1a: Marshadow|spa|1\n|move|p1a: Marshadow|Spectral Thief||[still]\n|-clearpositiveboost|p2a: Xerneas|p1a: Marshadow|move: Spectral Thief\n|-boost|p1a: Marshadow|spa|2\n|-boost|p1a: Marshadow|spd|2\n|-boost|p1a: Marshadow|spe|2\n|-anim|p1a: Marshadow|Spectral Thief|p2a: Xerneas\n|-damage|p2a: Xerneas|62\/100\n|\n|upkeep\n|turn|22\n|\n|t:|1700854480\n|move|p1a: Marshadow|Spectral Thief|p2a: Xerneas\n|-damage|p2a: Xerneas|28\/100\n|move|p2a: Xerneas|Moonblast|p1a: Marshadow\n|-supereffective|p1a: Marshadow\n|-damage|p1a: Marshadow|0 fnt\n|faint|p1a: Marshadow\n|\n|upkeep\n|\n|t:|1700854490\n|switch|p1a: Eternatus|Eternatus|100\/100\n|-ability|p1a: Eternatus|Pressure\n|turn|23\n|\n|t:|1700854504\n|switch|p2a: Arceus|Arceus-Ground|100\/100\n|move|p1a: Eternatus|Meteor Beam||[still]\n|-prepare|p1a: Eternatus|Meteor Beam\n|-boost|p1a: Eternatus|spa|1\n|-enditem|p1a: Eternatus|Power Herb\n|-anim|p1a: Eternatus|Meteor Beam|p2a: Arceus|[miss]\n|-miss|p1a: Eternatus|p2a: Arceus\n|\n|upkeep\n|turn|24\n|\n|t:|1700854514\n|move|p1a: Eternatus|Dynamax Cannon|p2a: Arceus\n|-damage|p2a: Arceus|36\/100\n|move|p2a: Arceus|Judgment|p1a: Eternatus\n|-supereffective|p1a: Eternatus\n|-damage|p1a: Eternatus|0 fnt\n|faint|p1a: Eternatus\n|\n|upkeep\n|\n|t:|1700854522\n|switch|p1a: Yveltal|Yveltal|100\/100\n|-ability|p1a: Yveltal|Dark Aura\n|turn|25\n|\n|t:|1700854529\n|move|p2a: Arceus|Ice Beam|p1a: Yveltal\n|-supereffective|p1a: Yveltal\n|-damage|p1a: Yveltal|57\/100\n|move|p1a: Yveltal|Knock Off|p2a: Arceus\n|-damage|p2a: Arceus|0 fnt\n|faint|p2a: Arceus\n|\n|upkeep\n|\n|t:|1700854535\n|switch|p2a: Xerneas|Xerneas, tera:Fighting|28\/100\n|-ability|p2a: Xerneas|Fairy Aura\n|turn|26\n|\n|t:|1700854541\n|move|p1a: Yveltal|Dual Wingbeat|p2a: Xerneas\n|-supereffective|p2a: Xerneas\n|-damage|p2a: Xerneas|0 fnt\n|faint|p2a: Xerneas\n|-hitcount|p2: Xerneas|1\n|\n|upkeep\n|\n|t:|1700854544\n|switch|p2a: Zygarde|Zygarde|100\/100\n|turn|27\n|\n|t:|1700854550\n|move|p1a: Yveltal|Knock Off|p2a: Zygarde\n|-damage|p2a: Zygarde|64\/100\n|-enditem|p2a: Zygarde|Leftovers|[from] move: Knock Off|[of] p1a: Yveltal\n|move|p2a: Zygarde|Glare|p1a: Yveltal\n|-status|p1a: Yveltal|par\n|\n|upkeep\n|turn|28\n|\n|t:|1700854561\n|cant|p1a: Yveltal|par\n|move|p2a: Zygarde|Coil|p2a: Zygarde\n|-boost|p2a: Zygarde|atk|1\n|-boost|p2a: Zygarde|def|1\n|-boost|p2a: Zygarde|accuracy|1\n|\n|upkeep\n|turn|29\n|\n|t:|1700854571\n|switch|p1a: Ho-Oh|Ho-Oh|90\/100 tox\n|move|p2a: Zygarde|Coil|p2a: Zygarde\n|-boost|p2a: Zygarde|atk|1\n|-boost|p2a: Zygarde|def|1\n|-boost|p2a: Zygarde|accuracy|1\n|\n|-damage|p1a: Ho-Oh|84\/100 tox|[from] psn\n|upkeep\n|turn|30\n|\n|t:|1700854580\n|move|p2a: Zygarde|Thousand Arrows|p1a: Ho-Oh\n|-damage|p1a: Ho-Oh|41\/100 tox\n|-start|p1a: Ho-Oh|Smack Down\n|move|p1a: Ho-Oh|Whirlwind|p2a: Zygarde\n|drag|p2a: Marshadow|Marshadow|100\/100\n|\n|-damage|p1a: Ho-Oh|29\/100 tox|[from] psn\n|upkeep\n|turn|31\n|\n|t:|1700854605\n|switch|p1a: Yveltal|Yveltal|57\/100 par\n|-ability|p1a: Yveltal|Dark Aura\n|move|p2a: Marshadow|Rock Tomb|p1a: Yveltal\n|-supereffective|p1a: Yveltal\n|-damage|p1a: Yveltal|0 fnt\n|faint|p1a: Yveltal\n|\n|upkeep\n|-message|calvinchess forfeited.\n|\n|win|KarmaKazama0\n|raw|calvinchess's rating: 1480 &rarr; <strong>1463<\/strong><br \/>(-17 for losing)\n|raw|KarmaKazama0's rating: 1525 &rarr; <strong>1542<\/strong><br \/>(+17 for winning)\n|l|\u2606calvinchess\n","uploadtime":1700854618,"views":11,"p1id":"calvinchess","p2id":"karmakazama0","formatid":"gen9nationaldexubers","rating":1463,"private":0,"password":""}