{"id":"gen9nationaldexubers-1991339567","p1":"RaVeDreNch","p2":"time tematico","format":"[Gen 9] National Dex Ubers","log":"|j|\u2606RaVeDreNch\n|j|\u2606time tematico\n|t:|1700068940\n|gametype|singles\n|player|p1|RaVeDreNch|caitlin|1170\n|player|p2|time tematico|102|1080\n|teamsize|p1|6\n|teamsize|p2|6\n|gen|9\n|tier|[Gen 9] National Dex Ubers\n|rated|\n|rule|HP Percentage Mod: HP is shown in percentages\n|rule|Endless Battle Clause: Forcing endless battles is banned\n|rule|OHKO Clause: OHKO moves are banned\n|rule|Evasion Moves Clause: Evasion moves are banned\n|rule|Evasion Items Clause: Evasion items are banned\n|rule|Species Clause: Limit one of each Pok\u00e9mon\n|rule|Sleep Clause Mod: Limit one foe put to sleep\n|rule|Mega Rayquaza Clause: You cannot mega evolve Rayquaza\n|clearpoke\n|poke|p1|Metagross|\n|poke|p1|Dragonite, M|\n|poke|p1|Iron Valiant|\n|poke|p1|Cinderace, F|\n|poke|p1|Skeledirge, F|\n|poke|p1|Greninja-*, M|\n|poke|p2|Chansey, F|\n|poke|p2|Toxapex, F|\n|poke|p2|Arceus-Steel|\n|poke|p2|Deoxys-Defense|\n|poke|p2|Giratina|\n|poke|p2|Shuckle, M|\n|teampreview\n|\n|t:|1700068950\n|start\n|switch|p1a: Cinderace|Cinderace, F|100\/100\n|switch|p2a: Shuckle|Shuckle, M|100\/100\n|turn|1\n|\n|t:|1700068961\n|move|p1a: Cinderace|Pyro Ball|p2a: Shuckle|[miss]\n|-miss|p1a: Cinderace|p2a: Shuckle\n|move|p2a: Shuckle|Infestation|p1a: Cinderace\n|-resisted|p1a: Cinderace\n|-damage|p1a: Cinderace|99\/100\n|-activate|p1a: Cinderace|move: Infestation|[of] p2a: Shuckle\n|\n|-damage|p1a: Cinderace|87\/100|[from] move: Infestation|[partiallytrapped]\n|upkeep\n|turn|2\n|\n|t:|1700068971\n|move|p1a: Cinderace|Pyro Ball|p2a: Shuckle\n|-damage|p2a: Shuckle|59\/100\n|move|p2a: Shuckle|Toxic|p1a: Cinderace\n|-status|p1a: Cinderace|tox\n|\n|-damage|p1a: Cinderace|81\/100 tox|[from] psn\n|-damage|p1a: Cinderace|69\/100 tox|[from] move: Infestation|[partiallytrapped]\n|upkeep\n|turn|3\n|\n|t:|1700068982\n|move|p1a: Cinderace|Pyro Ball|p2a: Shuckle\n|-damage|p2a: Shuckle|13\/100\n|move|p2a: Shuckle|Shell Smash|p2a: Shuckle\n|-boost|p2a: Shuckle|def|1\n|-boost|p2a: Shuckle|spd|1\n|-unboost|p2a: Shuckle|atk|2\n|-unboost|p2a: Shuckle|spa|2\n|-unboost|p2a: Shuckle|spe|2\n|\n|-damage|p1a: Cinderace|57\/100 tox|[from] psn\n|-damage|p1a: Cinderace|44\/100 tox|[from] move: Infestation|[partiallytrapped]\n|upkeep\n|turn|4\n|\n|t:|1700068994\n|move|p2a: Shuckle|Protect|p2a: Shuckle\n|-singleturn|p2a: Shuckle|Protect\n|move|p1a: Cinderace|Pyro Ball|p2a: Shuckle\n|-activate|p2a: Shuckle|move: Protect\n|\n|-damage|p1a: Cinderace|26\/100 tox|[from] psn\n|-damage|p1a: Cinderace|14\/100 tox|[from] move: Infestation|[partiallytrapped]\n|upkeep\n|turn|5\n|\n|t:|1700069002\n|move|p1a: Cinderace|Pyro Ball|p2a: Shuckle\n|-damage|p2a: Shuckle|0 fnt\n|faint|p2a: Shuckle\n|\n|-damage|p1a: Cinderace|0 fnt|[from] psn\n|faint|p1a: Cinderace\n|upkeep\n|\n|t:|1700069022\n|switch|p1a: Skeledirge|Skeledirge, F|100\/100\n|switch|p2a: Toxapex|Toxapex, F|100\/100\n|turn|6\n|\n|t:|1700069037\n|move|p1a: Skeledirge|Will-O-Wisp|p2a: Toxapex\n|-status|p2a: Toxapex|brn\n|move|p2a: Toxapex|Scald|p1a: Skeledirge\n|-supereffective|p1a: Skeledirge\n|-damage|p1a: Skeledirge|74\/100\n|\n|-damage|p2a: Toxapex|94\/100 brn|[from] brn\n|upkeep\n|turn|7\n|\n|t:|1700069049\n|move|p1a: Skeledirge|Hex|p2a: Toxapex\n|-damage|p2a: Toxapex|56\/100 brn\n|move|p2a: Toxapex|Toxic|p1a: Skeledirge\n|-status|p1a: Skeledirge|tox\n|\n|-heal|p2a: Toxapex|62\/100 brn|[from] item: Black Sludge\n|-damage|p1a: Skeledirge|68\/100 tox|[from] psn\n|-damage|p2a: Toxapex|56\/100 brn|[from] brn\n|upkeep\n|turn|8\n|\n|t:|1700069060\n|move|p1a: Skeledirge|Hex|p2a: Toxapex\n|-crit|p2a: Toxapex\n|-damage|p2a: Toxapex|0 fnt\n|faint|p2a: Toxapex\n|\n|-damage|p1a: Skeledirge|55\/100 tox|[from] psn\n|upkeep\n|\n|t:|1700069072\n|switch|p2a: Chansey|Chansey, F|100\/100\n|turn|9\n|\n|t:|1700069091\n|move|p1a: Skeledirge|Will-O-Wisp|p2a: Chansey\n|-status|p2a: Chansey|brn\n|move|p2a: Chansey|Soft-Boiled||[still]\n|-fail|p2a: Chansey|heal\n|\n|-damage|p1a: Skeledirge|37\/100 tox|[from] psn\n|-damage|p2a: Chansey|94\/100 brn|[from] brn\n|upkeep\n|turn|10\n|\n|t:|1700069101\n|move|p1a: Skeledirge|Slack Off|p1a: Skeledirge\n|-heal|p1a: Skeledirge|87\/100 tox\n|move|p2a: Chansey|Heal Bell|p2a: Chansey\n|-activate|p2a: Chansey|move: Heal Bell\n|-curestatus|p2a: Chansey|brn|[msg]\n|\n|-damage|p1a: Skeledirge|63\/100 tox|[from] psn\n|upkeep\n|turn|11\n|\n|t:|1700069117\n|move|p1a: Skeledirge|Torch Song|p2a: Chansey\n|-damage|p2a: Chansey|85\/100\n|-boost|p1a: Skeledirge|spa|1\n|move|p2a: Chansey|Soft-Boiled|p2a: Chansey\n|-heal|p2a: Chansey|100\/100\n|\n|-damage|p1a: Skeledirge|33\/100 tox|[from] psn\n|upkeep\n|turn|12\n|\n|t:|1700069133\n|move|p1a: Skeledirge|Torch Song|p2a: Chansey\n|-damage|p2a: Chansey|86\/100\n|-boost|p1a: Skeledirge|spa|1\n|move|p2a: Chansey|Soft-Boiled|p2a: Chansey\n|-heal|p2a: Chansey|100\/100\n|\n|-damage|p1a: Skeledirge|0 fnt|[from] psn\n|faint|p1a: Skeledirge\n|upkeep\n|\n|t:|1700069151\n|switch|p1a: Metagross|Metagross|100\/100\n|turn|13\n|\n|t:|1700069160\n|switch|p2a: Giratina|Giratina|100\/100\n|-ability|p2a: Giratina|Pressure\n|detailschange|p1a: Metagross|Metagross-Mega\n|-mega|p1a: Metagross|Metagross|Metagrossite\n|move|p1a: Metagross|Hone Claws|p1a: Metagross\n|-boost|p1a: Metagross|atk|1\n|-boost|p1a: Metagross|accuracy|1\n|\n|upkeep\n|turn|14\n|\n|t:|1700069170\n|move|p1a: Metagross|Meteor Mash|p2a: Giratina\n|-damage|p2a: Giratina|55\/100\n|move|p2a: Giratina|Tailwind|p2a: Giratina\n|-sidestart|p2: time tematico|move: Tailwind\n|\n|upkeep\n|turn|15\n|\n|t:|1700069177\n|move|p2a: Giratina|Shadow Ball|p1a: Metagross\n|-supereffective|p1a: Metagross\n|-damage|p1a: Metagross|33\/100\n|move|p1a: Metagross|Meteor Mash|p2a: Giratina\n|-damage|p2a: Giratina|12\/100\n|\n|upkeep\n|turn|16\n|\n|t:|1700069185\n|move|p2a: Giratina|Shadow Ball|p1a: Metagross\n|-supereffective|p1a: Metagross\n|-damage|p1a: Metagross|0 fnt\n|faint|p1a: Metagross\n|\n|upkeep\n|\n|t:|1700069191\n|switch|p1a: Iron Valiant|Iron Valiant|100\/100\n|-enditem|p1a: Iron Valiant|Booster Energy\n|-activate|p1a: Iron Valiant|ability: Quark Drive|[fromitem]\n|-start|p1a: Iron Valiant|quarkdrivespe\n|turn|17\n|\n|t:|1700069201\n|move|p1a: Iron Valiant|Moonblast|p2a: Giratina\n|-supereffective|p2a: Giratina\n|-damage|p2a: Giratina|0 fnt\n|faint|p2a: Giratina\n|\n|-sideend|p2: time tematico|move: Tailwind\n|upkeep\n|\n|t:|1700069208\n|switch|p2a: Chansey|Chansey, F|100\/100\n|turn|18\n|\n|t:|1700069213\n|move|p1a: Iron Valiant|Calm Mind|p1a: Iron Valiant\n|-boost|p1a: Iron Valiant|spa|1\n|-boost|p1a: Iron Valiant|spd|1\n|move|p2a: Chansey|Toxic|p1a: Iron Valiant|[miss]\n|-miss|p2a: Chansey|p1a: Iron Valiant\n|\n|upkeep\n|turn|19\n|\n|t:|1700069220\n|move|p1a: Iron Valiant|Calm Mind|p1a: Iron Valiant\n|-boost|p1a: Iron Valiant|spa|1\n|-boost|p1a: Iron Valiant|spd|1\n|move|p2a: Chansey|Toxic|p1a: Iron Valiant\n|-status|p1a: Iron Valiant|tox\n|\n|-damage|p1a: Iron Valiant|94\/100 tox|[from] psn\n|upkeep\n|turn|20\n|\n|t:|1700069233\n|-terastallize|p2a: Chansey|Flying\n|move|p1a: Iron Valiant|Moonblast|p2a: Chansey\n|-damage|p2a: Chansey|73\/100\n|move|p2a: Chansey|Seismic Toss|p1a: Iron Valiant\n|-damage|p1a: Iron Valiant|60\/100 tox\n|\n|-damage|p1a: Iron Valiant|47\/100 tox|[from] psn\n|upkeep\n|turn|21\n|\n|t:|1700069242\n|move|p1a: Iron Valiant|Thunderbolt|p2a: Chansey\n|-supereffective|p2a: Chansey\n|-damage|p2a: Chansey|35\/100\n|move|p2a: Chansey|Soft-Boiled|p2a: Chansey\n|-heal|p2a: Chansey|85\/100\n|\n|-damage|p1a: Iron Valiant|29\/100 tox|[from] psn\n|upkeep\n|turn|22\n|\n|t:|1700069249\n|move|p1a: Iron Valiant|Thunderbolt|p2a: Chansey\n|-supereffective|p2a: Chansey\n|-damage|p2a: Chansey|51\/100\n|move|p2a: Chansey|Soft-Boiled|p2a: Chansey\n|-heal|p2a: Chansey|100\/100\n|\n|-damage|p1a: Iron Valiant|4\/100 tox|[from] psn\n|upkeep\n|turn|23\n|\n|t:|1700069258\n|move|p1a: Iron Valiant|Psyshock|p2a: Chansey\n|-damage|p2a: Chansey|68\/100\n|move|p2a: Chansey|Seismic Toss|p1a: Iron Valiant\n|-damage|p1a: Iron Valiant|0 fnt\n|faint|p1a: Iron Valiant\n|-end|p1a: Iron Valiant|Quark Drive|[silent]\n|\n|upkeep\n|\n|t:|1700069265\n|switch|p1a: Greninja|Greninja, M|100\/100\n|turn|24\n|\n|t:|1700069273\n|move|p1a: Greninja|Power-Up Punch|p2a: Chansey\n|-start|p1a: Greninja|typechange|Fighting|[from] ability: Protean\n|-resisted|p2a: Chansey\n|-damage|p2a: Chansey|62\/100\n|-boost|p1a: Greninja|atk|1\n|move|p2a: Chansey|Seismic Toss|p1a: Greninja\n|-damage|p1a: Greninja|65\/100\n|\n|upkeep\n|turn|25\n|\n|t:|1700069284\n|move|p1a: Greninja|Power-Up Punch|p2a: Chansey\n|-resisted|p2a: Chansey\n|-damage|p2a: Chansey|54\/100\n|-boost|p1a: Greninja|atk|1\n|move|p2a: Chansey|Seismic Toss|p1a: Greninja\n|-damage|p1a: Greninja|30\/100\n|\n|upkeep\n|turn|26\n|\n|t:|1700069292\n|move|p1a: Greninja|Liquidation|p2a: Chansey\n|-damage|p2a: Chansey|25\/100\n|move|p2a: Chansey|Seismic Toss|p1a: Greninja\n|-damage|p1a: Greninja|0 fnt\n|faint|p1a: Greninja\n|\n|upkeep\n|\n|t:|1700069298\n|switch|p1a: Dragonite|Dragonite, M|100\/100\n|turn|27\n|\n|t:|1700069302\n|move|p1a: Dragonite|Dual Wingbeat|p2a: Chansey\n|-damage|p2a: Chansey|9\/100\n|-damage|p2a: Chansey|0 fnt\n|faint|p2a: Chansey\n|-hitcount|p2: Chansey|2\n|\n|upkeep\n|\n|t:|1700069310\n|switch|p2a: Deoxys|Deoxys-Defense|100\/100\n|-ability|p2a: Deoxys|Pressure\n|turn|28\n|\n|t:|1700069314\n|move|p1a: Dragonite|Dragon Dance|p1a: Dragonite\n|-boost|p1a: Dragonite|atk|1\n|-boost|p1a: Dragonite|spe|1\n|move|p2a: Deoxys|Cosmic Power|p2a: Deoxys\n|-boost|p2a: Deoxys|def|1\n|-boost|p2a: Deoxys|spd|1\n|\n|upkeep\n|turn|29\n|\n|t:|1700069321\n|move|p1a: Dragonite|Dragon Dance|p1a: Dragonite\n|-boost|p1a: Dragonite|atk|1\n|-boost|p1a: Dragonite|spe|1\n|move|p2a: Deoxys|Cosmic Power|p2a: Deoxys\n|-boost|p2a: Deoxys|def|1\n|-boost|p2a: Deoxys|spd|1\n|\n|upkeep\n|turn|30\n|\n|t:|1700069327\n|move|p1a: Dragonite|Dragon Dance|p1a: Dragonite\n|-boost|p1a: Dragonite|atk|1\n|-boost|p1a: Dragonite|spe|1\n|move|p2a: Deoxys|Cosmic Power|p2a: Deoxys\n|-boost|p2a: Deoxys|def|1\n|-boost|p2a: Deoxys|spd|1\n|\n|upkeep\n|turn|31\n|\n|t:|1700069333\n|move|p1a: Dragonite|Dragon Dance|p1a: Dragonite\n|-boost|p1a: Dragonite|atk|1\n|-boost|p1a: Dragonite|spe|1\n|move|p2a: Deoxys|Cosmic Power|p2a: Deoxys\n|-boost|p2a: Deoxys|def|1\n|-boost|p2a: Deoxys|spd|1\n|\n|upkeep\n|turn|32\n|\n|t:|1700069352\n|move|p1a: Dragonite|Dragon Dance|p1a: Dragonite\n|-boost|p1a: Dragonite|atk|1\n|-boost|p1a: Dragonite|spe|1\n|move|p2a: Deoxys|Cosmic Power|p2a: Deoxys\n|-boost|p2a: Deoxys|def|1\n|-boost|p2a: Deoxys|spd|1\n|\n|upkeep\n|turn|33\n|\n|t:|1700069365\n|move|p1a: Dragonite|Dragon Dance|p1a: Dragonite\n|-boost|p1a: Dragonite|atk|1\n|-boost|p1a: Dragonite|spe|1\n|move|p2a: Deoxys|Cosmic Power|p2a: Deoxys\n|-boost|p2a: Deoxys|def|1\n|-boost|p2a: Deoxys|spd|1\n|\n|upkeep\n|turn|34\n|\n|t:|1700069375\n|move|p1a: Dragonite|Dual Wingbeat|p2a: Deoxys\n|-damage|p2a: Deoxys|88\/100\n|-damage|p2a: Deoxys|74\/100\n|-hitcount|p2a: Deoxys|2\n|move|p2a: Deoxys|Seismic Toss|p1a: Dragonite\n|-damage|p1a: Dragonite|70\/100\n|\n|-heal|p1a: Dragonite|76\/100|[from] item: Leftovers\n|-heal|p2a: Deoxys|80\/100|[from] item: Leftovers\n|upkeep\n|turn|35\n|\n|t:|1700069388\n|move|p1a: Dragonite|Dual Wingbeat|p2a: Deoxys\n|-damage|p2a: Deoxys|67\/100\n|-damage|p2a: Deoxys|54\/100\n|-hitcount|p2a: Deoxys|2\n|move|p2a: Deoxys|Seismic Toss|p1a: Dragonite\n|-damage|p1a: Dragonite|45\/100\n|\n|-heal|p1a: Dragonite|51\/100|[from] item: Leftovers\n|-heal|p2a: Deoxys|60\/100|[from] item: Leftovers\n|upkeep\n|turn|36\n|\n|t:|1700069402\n|move|p1a: Dragonite|Scale Shot|p2a: Deoxys\n|-damage|p2a: Deoxys|52\/100\n|-damage|p2a: Deoxys|43\/100\n|-damage|p2a: Deoxys|34\/100\n|-hitcount|p2a: Deoxys|3\n|-unboost|p1a: Dragonite|def|1\n|move|p2a: Deoxys|Recover|p2a: Deoxys\n|-heal|p2a: Deoxys|84\/100\n|\n|-heal|p1a: Dragonite|57\/100|[from] item: Leftovers\n|-heal|p2a: Deoxys|90\/100|[from] item: Leftovers\n|upkeep\n|turn|37\n|-message|RaVeDreNch forfeited.\n|\n|win|time tematico\n|raw|RaVeDreNch's rating: 1170 &rarr; <strong>1139<\/strong><br \/>(-31 for losing)\n|raw|time tematico's rating: 1080 &rarr; <strong>1115<\/strong><br \/>(+35 for winning)\n|l|\u2606RaVeDreNch\n","uploadtime":1700069423,"views":8,"p1id":"ravedrench","p2id":"timetematico","formatid":"gen9nationaldexubers","rating":1115,"private":0,"password":""}