{"id":"gen9nationaldexubers-1993352880","p1":"xuyouh","p2":"Rhyfinn08","format":"[Gen 9] National Dex Ubers","log":"|j|\u2606xuyouh\n|j|\u2606Rhyfinn08\n|t:|1700304323\n|gametype|singles\n|player|p1|xuyouh|juggler|1073\n|player|p2|Rhyfinn08|ninjaboy|1040\n|teamsize|p1|6\n|teamsize|p2|6\n|gen|9\n|tier|[Gen 9] National Dex Ubers\n|rated|\n|rule|HP Percentage Mod: HP is shown in percentages\n|rule|Endless Battle Clause: Forcing endless battles is banned\n|rule|OHKO Clause: OHKO moves are banned\n|rule|Evasion Moves Clause: Evasion moves are banned\n|rule|Evasion Items Clause: Evasion items are banned\n|rule|Species Clause: Limit one of each Pok\u00e9mon\n|rule|Sleep Clause Mod: Limit one foe put to sleep\n|rule|Mega Rayquaza Clause: You cannot mega evolve Rayquaza\n|clearpoke\n|poke|p1|Donphan, F|\n|poke|p1|Greninja-*, M|\n|poke|p1|Palafin, M|\n|poke|p1|Blaziken, F|\n|poke|p1|Cinderace, M|\n|poke|p1|Darkrai|\n|poke|p2|Xerneas-*|\n|poke|p2|Marshadow|\n|poke|p2|Groudon|\n|poke|p2|Deoxys-Speed|\n|poke|p2|Necrozma-Dusk-Mane|\n|poke|p2|Pheromosa|\n|teampreview\n|inactive|Battle timer is ON: inactive players will automatically lose when time's up. (requested by Rhyfinn08)\n|\n|t:|1700304331\n|start\n|switch|p1a: \u70ed\u7231\u56de\u80cc\u5305|Palafin, M, shiny|100\/100\n|switch|p2a: Deoxys|Deoxys-Speed, shiny|100\/100\n|-ability|p2a: Deoxys|Pressure\n|turn|1\n|\n|t:|1700304340\n|switch|p2a: Groudon|Groudon, shiny|100\/100\n|detailschange|p2a: Groudon|Groudon-Primal, shiny\n|-primal|p2a: Groudon|Red Orb\n|-weather|DesolateLand|[from] ability: Desolate Land|[of] p2a: Groudon\n|move|p1a: \u70ed\u7231\u56de\u80cc\u5305|Flip Turn||[still]\n|-fail|p1a: \u70ed\u7231\u56de\u80cc\u5305|Flip Turn|[from] Desolate Land\n|\n|-weather|DesolateLand|[upkeep]\n|upkeep\n|turn|2\n|\n|t:|1700304354\n|move|p1a: \u70ed\u7231\u56de\u80cc\u5305|Drain Punch|p2a: Groudon\n|-damage|p2a: Groudon|90\/100\n|move|p2a: Groudon|Rock Polish|p2a: Groudon\n|-boost|p2a: Groudon|spe|2\n|\n|-weather|DesolateLand|[upkeep]\n|upkeep\n|turn|3\n|\n|t:|1700304363\n|move|p2a: Groudon|Solar Beam||[still]\n|-prepare|p2a: Groudon|Solar Beam\n|-anim|p2a: Groudon|Solar Beam|p1a: \u70ed\u7231\u56de\u80cc\u5305\n|-supereffective|p1a: \u70ed\u7231\u56de\u80cc\u5305\n|-damage|p1a: \u70ed\u7231\u56de\u80cc\u5305|0 fnt\n|faint|p1a: \u70ed\u7231\u56de\u80cc\u5305\n|\n|-weather|DesolateLand|[upkeep]\n|upkeep\n|\n|t:|1700304369\n|switch|p1a: \u665a\u5b89\u739b\u5361\u5df4\u5361|Darkrai, shiny|100\/100\n|turn|4\n|\n|t:|1700304374\n|move|p2a: Groudon|Flamethrower|p1a: \u665a\u5b89\u739b\u5361\u5df4\u5361\n|-damage|p1a: \u665a\u5b89\u739b\u5361\u5df4\u5361|8\/100\n|-enditem|p1a: \u665a\u5b89\u739b\u5361\u5df4\u5361|Aguav Berry|[eat]\n|-heal|p1a: \u665a\u5b89\u739b\u5361\u5df4\u5361|41\/100|[from] item: Aguav Berry\n|move|p1a: \u665a\u5b89\u739b\u5361\u5df4\u5361|Toxic|p2a: Groudon\n|-status|p2a: Groudon|tox\n|\n|-weather|DesolateLand|[upkeep]\n|-damage|p2a: Groudon|83\/100 tox|[from] psn\n|upkeep\n|turn|5\n|\n|t:|1700304385\n|move|p1a: \u665a\u5b89\u739b\u5361\u5df4\u5361|Protect|p1a: \u665a\u5b89\u739b\u5361\u5df4\u5361\n|-singleturn|p1a: \u665a\u5b89\u739b\u5361\u5df4\u5361|Protect\n|move|p2a: Groudon|Flamethrower|p1a: \u665a\u5b89\u739b\u5361\u5df4\u5361\n|-activate|p1a: \u665a\u5b89\u739b\u5361\u5df4\u5361|move: Protect\n|\n|-weather|DesolateLand|[upkeep]\n|-damage|p2a: Groudon|71\/100 tox|[from] psn\n|upkeep\n|turn|6\n|\n|t:|1700304394\n|move|p2a: Groudon|Earth Power|p1a: \u665a\u5b89\u739b\u5361\u5df4\u5361\n|-damage|p1a: \u665a\u5b89\u739b\u5361\u5df4\u5361|0 fnt\n|faint|p1a: \u665a\u5b89\u739b\u5361\u5df4\u5361\n|\n|-weather|DesolateLand|[upkeep]\n|-damage|p2a: Groudon|53\/100 tox|[from] psn\n|upkeep\n|\n|t:|1700304404\n|switch|p1a: \u5c0f\u5154\u5b50\u4e56\u4e56\u628a\u95e8\u5f00\u5f00|Cinderace, M, shiny|100\/100\n|turn|7\n|\n|t:|1700304409\n|move|p1a: \u5c0f\u5154\u5b50\u4e56\u4e56\u628a\u95e8\u5f00\u5f00|Protect|p1a: \u5c0f\u5154\u5b50\u4e56\u4e56\u628a\u95e8\u5f00\u5f00\n|-singleturn|p1a: \u5c0f\u5154\u5b50\u4e56\u4e56\u628a\u95e8\u5f00\u5f00|Protect\n|move|p2a: Groudon|Earth Power|p1a: \u5c0f\u5154\u5b50\u4e56\u4e56\u628a\u95e8\u5f00\u5f00\n|-activate|p1a: \u5c0f\u5154\u5b50\u4e56\u4e56\u628a\u95e8\u5f00\u5f00|move: Protect\n|\n|-weather|DesolateLand|[upkeep]\n|-damage|p2a: Groudon|28\/100 tox|[from] psn\n|upkeep\n|turn|8\n|\n|t:|1700304419\n|move|p2a: Groudon|Earth Power|p1a: \u5c0f\u5154\u5b50\u4e56\u4e56\u628a\u95e8\u5f00\u5f00\n|-supereffective|p1a: \u5c0f\u5154\u5b50\u4e56\u4e56\u628a\u95e8\u5f00\u5f00\n|-damage|p1a: \u5c0f\u5154\u5b50\u4e56\u4e56\u628a\u95e8\u5f00\u5f00|0 fnt\n|faint|p1a: \u5c0f\u5154\u5b50\u4e56\u4e56\u628a\u95e8\u5f00\u5f00\n|\n|-weather|DesolateLand|[upkeep]\n|-damage|p2a: Groudon|0 fnt|[from] psn\n|faint|p2a: Groudon\n|-weather|none\n|upkeep\n|\n|t:|1700304433\n|switch|p1a: \u5927\u8c61|Donphan, F, shiny|100\/100\n|switch|p2a: Deoxys|Deoxys-Speed, shiny|100\/100\n|-ability|p2a: Deoxys|Pressure\n|turn|9\n|\n|t:|1700304441\n|move|p2a: Deoxys|Taunt|p1a: \u5927\u8c61\n|-start|p1a: \u5927\u8c61|move: Taunt\n|move|p1a: \u5927\u8c61|Ice Fang|p2a: Deoxys\n|-damage|p2a: Deoxys|74\/100\n|\n|upkeep\n|turn|10\n|\n|t:|1700304448\n|move|p2a: Deoxys|Stealth Rock|p1a: \u5927\u8c61\n|-sidestart|p1: xuyouh|move: Stealth Rock\n|move|p1a: \u5927\u8c61|Gunk Shot|p2a: Deoxys\n|-damage|p2a: Deoxys|23\/100\n|-status|p2a: Deoxys|psn\n|\n|-damage|p2a: Deoxys|10\/100 psn|[from] psn\n|upkeep\n|turn|11\n|\n|t:|1700304458\n|move|p2a: Deoxys|Spikes|p1a: \u5927\u8c61\n|-sidestart|p1: xuyouh|Spikes\n|move|p1a: \u5927\u8c61|Gunk Shot|p2a: Deoxys\n|-damage|p2a: Deoxys|0 fnt\n|faint|p2a: Deoxys\n|\n|-end|p1a: \u5927\u8c61|move: Taunt\n|upkeep\n|\n|t:|1700304463\n|switch|p2a: Pheromosa|Pheromosa, shiny|100\/100\n|turn|12\n|\n|t:|1700304469\n|move|p2a: Pheromosa|Ice Beam|p1a: \u5927\u8c61\n|-supereffective|p1a: \u5927\u8c61\n|-ability|p1a: \u5927\u8c61|Sturdy\n|-damage|p1a: \u5927\u8c61|1\/100\n|-damage|p2a: Pheromosa|91\/100|[from] item: Life Orb\n|move|p1a: \u5927\u8c61|Ice Fang|p2a: Pheromosa\n|-damage|p2a: Pheromosa|26\/100\n|\n|upkeep\n|turn|13\n|\n|t:|1700304479\n|move|p2a: Pheromosa|Bug Buzz|p1a: \u5927\u8c61\n|-damage|p1a: \u5927\u8c61|0 fnt\n|faint|p1a: \u5927\u8c61\n|-ability|p2a: Pheromosa|Beast Boost|boost\n|-boost|p2a: Pheromosa|spe|1\n|-damage|p2a: Pheromosa|16\/100|[from] item: Life Orb\n|\n|upkeep\n|\n|t:|1700304486\n|switch|p1a: \u86d9\u86d9|Greninja, M|100\/100\n|-damage|p1a: \u86d9\u86d9|88\/100|[from] Stealth Rock\n|-damage|p1a: \u86d9\u86d9|76\/100|[from] Spikes\n|turn|14\n|\n|t:|1700304493\n|switch|p2a: Xerneas|Xerneas|100\/100\n|-ability|p2a: Xerneas|Fairy Aura\n|move|p1a: \u86d9\u86d9|Dark Pulse|p2a: Xerneas\n|-resisted|p2a: Xerneas\n|-damage|p2a: Xerneas|85\/100\n|-damage|p1a: \u86d9\u86d9|66\/100|[from] item: Life Orb\n|\n|upkeep\n|turn|15\n|\n|t:|1700304505\n|-terastallize|p1a: \u86d9\u86d9|Psychic\n|move|p1a: \u86d9\u86d9|Dark Pulse|p2a: Xerneas\n|-resisted|p2a: Xerneas\n|-damage|p2a: Xerneas|69\/100\n|-damage|p1a: \u86d9\u86d9|56\/100|[from] item: Life Orb\n|move|p2a: Xerneas|Geomancy||[still]\n|-prepare|p2a: Xerneas|Geomancy\n|-enditem|p2a: Xerneas|Power Herb\n|-anim|p2a: Xerneas|Geomancy|p2a: Xerneas\n|-boost|p2a: Xerneas|spa|2\n|-boost|p2a: Xerneas|spd|2\n|-boost|p2a: Xerneas|spe|2\n|\n|upkeep\n|turn|16\n|c|\u2606Rhyfinn08|bruh\n|\n|t:|1700304517\n|move|p2a: Xerneas|Moonblast|p1a: \u86d9\u86d9\n|-damage|p1a: \u86d9\u86d9|0 fnt\n|faint|p1a: \u86d9\u86d9\n|\n|upkeep\n|\n|t:|1700304521\n|switch|p1a: \u5764\u5764|Blaziken, F|100\/100\n|-damage|p1a: \u5764\u5764|88\/100|[from] Stealth Rock\n|-damage|p1a: \u5764\u5764|76\/100|[from] Spikes\n|turn|17\n|\n|t:|1700304528\n|detailschange|p1a: \u5764\u5764|Blaziken-Mega, F\n|-mega|p1a: \u5764\u5764|Blaziken|Blazikenite\n|move|p2a: Xerneas|Psyshock|p1a: \u5764\u5764\n|-supereffective|p1a: \u5764\u5764\n|-damage|p1a: \u5764\u5764|0 fnt\n|faint|p1a: \u5764\u5764\n|\n|win|Rhyfinn08\n|raw|xuyouh's rating: 1073 &rarr; <strong>1050<\/strong><br \/>(-23 for losing)\n|raw|Rhyfinn08's rating: 1040 &rarr; <strong>1077<\/strong><br \/>(+37 for winning)\n|l|\u2606xuyouh\n","uploadtime":1700304604,"views":7,"p1id":"xuyouh","p2id":"rhyfinn08","formatid":"gen9nationaldexubers","rating":1050,"private":0,"password":""}