{"id":"gen9nationaldexubers-1989208948","p1":"mastro uccello","p2":"Charizardcatcher","format":"[Gen 9] National Dex Ubers","log":"|j|\u2606mastro uccello\n|j|\u2606Charizardcatcher\n|t:|1699823625\n|gametype|singles\n|player|p1|mastro uccello|guitarist-gen4|1398\n|player|p2|Charizardcatcher|dawn|1455\n|teamsize|p1|6\n|teamsize|p2|6\n|gen|9\n|tier|[Gen 9] National Dex Ubers\n|rated|\n|rule|HP Percentage Mod: HP is shown in percentages\n|rule|Endless Battle Clause: Forcing endless battles is banned\n|rule|OHKO Clause: OHKO moves are banned\n|rule|Evasion Moves Clause: Evasion moves are banned\n|rule|Evasion Items Clause: Evasion items are banned\n|rule|Species Clause: Limit one of each Pok\u00e9mon\n|rule|Sleep Clause Mod: Limit one foe put to sleep\n|rule|Mega Rayquaza Clause: You cannot mega evolve Rayquaza\n|clearpoke\n|poke|p1|Overqwil, M|\n|poke|p1|Scizor, F|\n|poke|p1|Cyclizar, M|\n|poke|p1|Houndstone, M|\n|poke|p1|Tinkaton, F|\n|poke|p1|Donphan, M|\n|poke|p2|Zygarde|\n|poke|p2|Necrozma-Dusk-Mane|\n|poke|p2|Skarmory, M|\n|poke|p2|Charizard, M|\n|poke|p2|Xerneas-*|\n|poke|p2|Basculegion, M|\n|teampreview\n|inactive|Battle timer is ON: inactive players will automatically lose when time's up. (requested by mastro uccello)\n|\n|t:|1699823640\n|start\n|switch|p1a: it's overqwil \ud83d\ude14|Overqwil, M|100\/100\n|switch|p2a: Skarmory|Skarmory, M|100\/100\n|-ability|p1a: it's overqwil \ud83d\ude14|Intimidate|boost\n|-unboost|p2a: Skarmory|atk|1\n|turn|1\n|\n|t:|1699823653\n|move|p1a: it's overqwil \ud83d\ude14|Crunch|p2a: Skarmory\n|-damage|p2a: Skarmory|71\/100\n|-damage|p1a: it's overqwil \ud83d\ude14|91\/100|[from] item: Life Orb\n|move|p2a: Skarmory|Spikes|p1a: it's overqwil \ud83d\ude14\n|-sidestart|p1: mastro uccello|Spikes\n|\n|-heal|p2a: Skarmory|77\/100|[from] item: Leftovers\n|upkeep\n|turn|2\n|\n|t:|1699823659\n|switch|p1a: Superbagno|Cyclizar, M|100\/100\n|move|p2a: Skarmory|Spikes|p1a: Superbagno\n|-sidestart|p1: mastro uccello|Spikes\n|\n|-heal|p2a: Skarmory|83\/100|[from] item: Leftovers\n|upkeep\n|turn|3\n|\n|t:|1699823664\n|move|p1a: Superbagno|Knock Off|p2a: Skarmory\n|-damage|p2a: Skarmory|70\/100\n|-enditem|p2a: Skarmory|Leftovers|[from] move: Knock Off|[of] p1a: Superbagno\n|move|p2a: Skarmory|Whirlwind|p1a: Superbagno\n|drag|p1a: Tiny Tusks|Donphan, M|100\/100\n|-damage|p1a: Tiny Tusks|84\/100|[from] Spikes\n|\n|-heal|p1a: Tiny Tusks|90\/100|[from] item: Leftovers\n|upkeep\n|turn|4\n|\n|t:|1699823671\n|move|p2a: Skarmory|Toxic|p1a: Tiny Tusks\n|-status|p1a: Tiny Tusks|tox\n|move|p1a: Tiny Tusks|Rapid Spin|p2a: Skarmory\n|-resisted|p2a: Skarmory\n|-damage|p2a: Skarmory|64\/100\n|-boost|p1a: Tiny Tusks|spe|1\n|-sideend|p1: mastro uccello|Spikes|[from] move: Rapid Spin|[of] p1a: Tiny Tusks\n|\n|-heal|p1a: Tiny Tusks|96\/100 tox|[from] item: Leftovers\n|-damage|p1a: Tiny Tusks|90\/100 tox|[from] psn\n|upkeep\n|turn|5\n|\n|t:|1699823678\n|switch|p1a: Superbagno|Cyclizar, M|100\/100\n|move|p2a: Skarmory|Whirlwind|p1a: Superbagno\n|drag|p1a: it's overqwil \ud83d\ude14|Overqwil, M|91\/100\n|-ability|p1a: it's overqwil \ud83d\ude14|Intimidate|boost\n|-unboost|p2a: Skarmory|atk|1\n|\n|upkeep\n|turn|6\n|\n|t:|1699823684\n|move|p1a: it's overqwil \ud83d\ude14|Crunch|p2a: Skarmory\n|-damage|p2a: Skarmory|34\/100\n|-damage|p1a: it's overqwil \ud83d\ude14|81\/100|[from] item: Life Orb\n|move|p2a: Skarmory|Roost|p2a: Skarmory\n|-heal|p2a: Skarmory|84\/100\n|-singleturn|p2a: Skarmory|move: Roost\n|\n|upkeep\n|turn|7\n|\n|t:|1699823689\n|switch|p1a: XenolameLigmaballs|Tinkaton, F|100\/100\n|-ability|p1a: XenolameLigmaballs|Mold Breaker\n|move|p2a: Skarmory|Spikes|p1a: XenolameLigmaballs\n|-sidestart|p1: mastro uccello|Spikes\n|\n|upkeep\n|turn|8\n|\n|t:|1699823696\n|move|p1a: XenolameLigmaballs|Thunder Wave|p2a: Skarmory\n|-status|p2a: Skarmory|par\n|move|p2a: Skarmory|Whirlwind|p1a: XenolameLigmaballs\n|drag|p1a: Tiny Tusks|Donphan, M|90\/100 tox\n|-damage|p1a: Tiny Tusks|78\/100 tox|[from] Spikes\n|\n|-heal|p1a: Tiny Tusks|84\/100 tox|[from] item: Leftovers\n|-damage|p1a: Tiny Tusks|78\/100 tox|[from] psn\n|upkeep\n|turn|9\n|\n|t:|1699823701\n|move|p1a: Tiny Tusks|Rapid Spin|p2a: Skarmory\n|-resisted|p2a: Skarmory\n|-damage|p2a: Skarmory|78\/100 par\n|-boost|p1a: Tiny Tusks|spe|1\n|-sideend|p1: mastro uccello|Spikes|[from] move: Rapid Spin|[of] p1a: Tiny Tusks\n|move|p2a: Skarmory|Whirlwind|p1a: Tiny Tusks\n|drag|p1a: Titania|Scizor, F|100\/100\n|\n|upkeep\n|turn|10\n|\n|t:|1699823711\n|detailschange|p1a: Titania|Scizor-Mega, F\n|-mega|p1a: Titania|Scizor|Scizorite\n|move|p1a: Titania|Swords Dance|p1a: Titania\n|-boost|p1a: Titania|atk|2\n|move|p2a: Skarmory|Spikes|p1a: Titania\n|-sidestart|p1: mastro uccello|Spikes\n|\n|upkeep\n|turn|11\n|\n|t:|1699823717\n|move|p1a: Titania|Knock Off|p2a: Skarmory\n|-damage|p2a: Skarmory|48\/100 par\n|cant|p2a: Skarmory|par\n|\n|upkeep\n|turn|12\n|\n|t:|1699823720\n|move|p1a: Titania|Knock Off|p2a: Skarmory\n|-damage|p2a: Skarmory|15\/100 par\n|cant|p2a: Skarmory|par\n|\n|upkeep\n|turn|13\n|\n|t:|1699823724\n|move|p1a: Titania|Knock Off|p2a: Skarmory\n|-damage|p2a: Skarmory|0 fnt\n|faint|p2a: Skarmory\n|\n|upkeep\n|\n|t:|1699823729\n|switch|p2a: Necrozma|Necrozma-Dusk-Mane|100\/100\n|turn|14\n|\n|t:|1699823735\n|move|p2a: Necrozma|Earthquake|p1a: Titania\n|-damage|p1a: Titania|72\/100\n|move|p1a: Titania|Swords Dance|p1a: Titania\n|-boost|p1a: Titania|atk|2\n|\n|upkeep\n|turn|15\n|\n|t:|1699823740\n|detailschange|p2a: Necrozma|Necrozma-Ultra\n|-burst|p2a: Necrozma|Necrozma|Ultranecrozium Z\n|move|p2a: Necrozma|Photon Geyser|p1a: Titania\n|-resisted|p1a: Titania\n|-damage|p1a: Titania|50\/100\n|move|p1a: Titania|Roost|p1a: Titania\n|-heal|p1a: Titania|99\/100\n|-singleturn|p1a: Titania|move: Roost\n|\n|upkeep\n|turn|16\n|\n|t:|1699823750\n|-zpower|p2a: Necrozma\n|move|p2a: Necrozma|Light That Burns the Sky|p1a: Titania|[zeffect]\n|-resisted|p1a: Titania\n|-damage|p1a: Titania|53\/100\n|move|p1a: Titania|Swords Dance|p1a: Titania\n|-boost|p1a: Titania|atk|2\n|\n|upkeep\n|turn|17\n|\n|t:|1699823758\n|move|p1a: Titania|Bullet Punch|p2a: Necrozma\n|-damage|p2a: Necrozma|0 fnt\n|faint|p2a: Necrozma\n|\n|upkeep\n|\n|t:|1699823763\n|switch|p2a: Zygarde|Zygarde, shiny|100\/100\n|turn|18\n|\n|t:|1699823769\n|-terastallize|p2a: Zygarde|Steel\n|move|p1a: Titania|Roost|p1a: Titania\n|-heal|p1a: Titania|100\/100\n|-singleturn|p1a: Titania|move: Roost\n|move|p2a: Zygarde|Dragon Tail|p1a: Titania\n|-resisted|p1a: Titania\n|-damage|p1a: Titania|90\/100\n|drag|p1a: Tiny Tusks|Donphan, M|78\/100 tox\n|-damage|p1a: Tiny Tusks|65\/100 tox|[from] Spikes\n|\n|-heal|p1a: Tiny Tusks|71\/100 tox|[from] item: Leftovers\n|-damage|p1a: Tiny Tusks|65\/100 tox|[from] psn\n|upkeep\n|turn|19\n|\n|t:|1699823776\n|move|p2a: Zygarde|Dragon Dance|p2a: Zygarde\n|-boost|p2a: Zygarde|atk|1\n|-boost|p2a: Zygarde|spe|1\n|move|p1a: Tiny Tusks|Rapid Spin|p2a: Zygarde\n|-resisted|p2a: Zygarde\n|-damage|p2a: Zygarde|93\/100\n|-boost|p1a: Tiny Tusks|spe|1\n|-sideend|p1: mastro uccello|Spikes|[from] move: Rapid Spin|[of] p1a: Tiny Tusks\n|\n|-heal|p2a: Zygarde|99\/100|[from] item: Leftovers\n|-heal|p1a: Tiny Tusks|71\/100 tox|[from] item: Leftovers\n|-damage|p1a: Tiny Tusks|59\/100 tox|[from] psn\n|upkeep\n|turn|20\n|\n|t:|1699823782\n|move|p2a: Zygarde|Substitute|p2a: Zygarde\n|-start|p2a: Zygarde|Substitute\n|-damage|p2a: Zygarde|74\/100\n|move|p1a: Tiny Tusks|Earthquake|p2a: Zygarde\n|-supereffective|p2a: Zygarde\n|-end|p2a: Zygarde|Substitute\n|\n|-heal|p2a: Zygarde|80\/100|[from] item: Leftovers\n|-heal|p1a: Tiny Tusks|65\/100 tox|[from] item: Leftovers\n|-damage|p1a: Tiny Tusks|46\/100 tox|[from] psn\n|upkeep\n|turn|21\n|\n|t:|1699823788\n|move|p2a: Zygarde|Substitute|p2a: Zygarde\n|-start|p2a: Zygarde|Substitute\n|-damage|p2a: Zygarde|55\/100\n|move|p1a: Tiny Tusks|Earthquake|p2a: Zygarde\n|-supereffective|p2a: Zygarde\n|-end|p2a: Zygarde|Substitute\n|\n|-heal|p2a: Zygarde|61\/100|[from] item: Leftovers\n|-heal|p1a: Tiny Tusks|53\/100 tox|[from] item: Leftovers\n|-damage|p1a: Tiny Tusks|28\/100 tox|[from] psn\n|upkeep\n|turn|22\n|\n|t:|1699823798\n|move|p2a: Zygarde|Thousand Arrows|p1a: Tiny Tusks\n|-damage|p1a: Tiny Tusks|0 fnt\n|faint|p1a: Tiny Tusks\n|\n|-heal|p2a: Zygarde|67\/100|[from] item: Leftovers\n|upkeep\n|\n|t:|1699823815\n|switch|p1a: Leone|Houndstone, M|100\/100\n|turn|23\n|\n|t:|1699823820\n|move|p2a: Zygarde|Substitute|p2a: Zygarde\n|-start|p2a: Zygarde|Substitute\n|-damage|p2a: Zygarde|42\/100\n|move|p1a: Leone|Body Press|p2a: Zygarde\n|-supereffective|p2a: Zygarde\n|-end|p2a: Zygarde|Substitute\n|\n|-heal|p2a: Zygarde|48\/100|[from] item: Leftovers\n|-activate|p2a: Zygarde|ability: Power Construct\n|detailschange|p2a: Zygarde|Zygarde-Complete, shiny, tera:Steel\n|-heal|p2a: Zygarde|68\/100|[silent]\n|upkeep\n|turn|24\n|\n|t:|1699823827\n|move|p2a: Zygarde|Thousand Arrows|p1a: Leone\n|-damage|p1a: Leone|59\/100\n|move|p1a: Leone|Body Press|p2a: Zygarde\n|-supereffective|p2a: Zygarde\n|-damage|p2a: Zygarde|42\/100\n|\n|-heal|p2a: Zygarde|48\/100|[from] item: Leftovers\n|-heal|p1a: Leone|65\/100|[from] item: Leftovers\n|upkeep\n|turn|25\n|\n|t:|1699823834\n|move|p1a: Leone|Will-O-Wisp|p2a: Zygarde\n|-status|p2a: Zygarde|brn\n|move|p2a: Zygarde|Dragon Tail|p1a: Leone\n|-damage|p1a: Leone|57\/100\n|drag|p1a: XenolameLigmaballs|Tinkaton, F|100\/100\n|-ability|p1a: XenolameLigmaballs|Mold Breaker\n|\n|-heal|p2a: Zygarde|55\/100 brn|[from] item: Leftovers\n|-damage|p2a: Zygarde|48\/100 brn|[from] brn\n|upkeep\n|turn|26\n|\n|t:|1699823845\n|move|p2a: Zygarde|Substitute|p2a: Zygarde\n|-start|p2a: Zygarde|Substitute\n|-damage|p2a: Zygarde|23\/100 brn\n|move|p1a: XenolameLigmaballs|Encore|p2a: Zygarde\n|-start|p2a: Zygarde|Encore\n|\n|-heal|p2a: Zygarde|30\/100 brn|[from] item: Leftovers\n|-damage|p2a: Zygarde|23\/100 brn|[from] brn\n|upkeep\n|turn|27\n|\n|t:|1699823852\n|switch|p2a: Xerneas|Xerneas, shiny|100\/100\n|-ability|p2a: Xerneas|Fairy Aura\n|move|p1a: XenolameLigmaballs|Stealth Rock|p2a: Xerneas\n|-sidestart|p2: Charizardcatcher|move: Stealth Rock\n|\n|upkeep\n|turn|28\n|\n|t:|1699823859\n|move|p2a: Xerneas|Defog|p1a: XenolameLigmaballs\n|-unboost|p1a: XenolameLigmaballs|evasion|1\n|-sideend|p2: Charizardcatcher|Stealth Rock|[from] move: Defog|[of] p2a: Xerneas\n|move|p1a: XenolameLigmaballs|Encore|p2a: Xerneas\n|-start|p2a: Xerneas|Encore\n|\n|upkeep\n|turn|29\n|\n|t:|1699823865\n|switch|p2a: Charizard|Charizard, M|100\/100\n|move|p1a: XenolameLigmaballs|Thunder Wave|p2a: Charizard\n|-status|p2a: Charizard|par\n|\n|upkeep\n|turn|30\n|\n|t:|1699823876\n|switch|p1a: Superbagno|Cyclizar, M|100\/100\n|detailschange|p2a: Charizard|Charizard-Mega-Y, M\n|-mega|p2a: Charizard|Charizard|Charizardite Y\n|-weather|SunnyDay|[from] ability: Drought|[of] p2a: Charizard\n|cant|p2a: Charizard|par\n|\n|-weather|SunnyDay|[upkeep]\n|upkeep\n|turn|31\n|\n|t:|1699823886\n|switch|p2a: Xerneas|Xerneas, shiny|100\/100\n|-ability|p2a: Xerneas|Fairy Aura\n|move|p1a: Superbagno|Shed Tail|p1a: Superbagno\n|-start|p1a: Superbagno|Substitute|[from] move: Shed Tail\n|-damage|p1a: Superbagno|50\/100\n|\n|t:|1699823890\n|switch|p1a: it's overqwil \ud83d\ude14|Overqwil, M|81\/100|[from] Shed Tail\n|-ability|p1a: it's overqwil \ud83d\ude14|Intimidate|boost\n|-unboost|p2a: Xerneas|atk|1\n|\n|-weather|SunnyDay|[upkeep]\n|upkeep\n|turn|32\n|\n|t:|1699823894\n|move|p1a: it's overqwil \ud83d\ude14|Gunk Shot|p2a: Xerneas\n|-supereffective|p2a: Xerneas\n|-damage|p2a: Xerneas|0 fnt\n|faint|p2a: Xerneas\n|-damage|p1a: it's overqwil \ud83d\ude14|71\/100|[from] item: Life Orb\n|\n|-weather|SunnyDay|[upkeep]\n|upkeep\n|\n|t:|1699823903\n|switch|p2a: Zygarde|Zygarde-Complete, shiny, tera:Steel|23\/100 brn\n|turn|33\n|\n|t:|1699823907\n|move|p1a: it's overqwil \ud83d\ude14|Crunch|p2a: Zygarde\n|-damage|p2a: Zygarde|0 fnt\n|faint|p2a: Zygarde\n|-damage|p1a: it's overqwil \ud83d\ude14|61\/100|[from] item: Life Orb\n|\n|-weather|SunnyDay|[upkeep]\n|upkeep\n|\n|t:|1699823910\n|switch|p2a: Charizard|Charizard-Mega-Y, M|100\/100 par\n|turn|34\n|\n|t:|1699823916\n|move|p1a: it's overqwil \ud83d\ude14|Gunk Shot|p2a: Charizard|[miss]\n|-miss|p1a: it's overqwil \ud83d\ude14|p2a: Charizard\n|move|p2a: Charizard|Flamethrower|p1a: it's overqwil \ud83d\ude14\n|-end|p1a: it's overqwil \ud83d\ude14|Substitute\n|\n|-weather|none\n|upkeep\n|turn|35\n|\n|t:|1699823923\n|move|p1a: it's overqwil \ud83d\ude14|Gunk Shot|p2a: Charizard\n|-damage|p2a: Charizard|0 fnt\n|faint|p2a: Charizard\n|-damage|p1a: it's overqwil \ud83d\ude14|51\/100|[from] item: Life Orb\n|\n|upkeep\n|\n|t:|1699823925\n|switch|p2a: Basculegion|Basculegion, M|100\/100\n|turn|36\n|\n|t:|1699823936\n|switch|p1a: XenolameLigmaballs|Tinkaton, F|100\/100\n|-ability|p1a: XenolameLigmaballs|Mold Breaker\n|move|p2a: Basculegion|Last Respects|p1a: XenolameLigmaballs\n|-damage|p1a: XenolameLigmaballs|0 fnt\n|faint|p1a: XenolameLigmaballs\n|\n|upkeep\n|\n|t:|1699823943\n|switch|p1a: Superbagno|Cyclizar, M|83\/100\n|turn|37\n|\n|t:|1699823949\n|move|p2a: Basculegion|Last Respects|p1a: Superbagno\n|-immune|p1a: Superbagno\n|move|p1a: Superbagno|Shed Tail|p1a: Superbagno\n|-start|p1a: Superbagno|Substitute|[from] move: Shed Tail\n|-damage|p1a: Superbagno|33\/100\n|\n|t:|1699823957\n|switch|p1a: Leone|Houndstone, M|57\/100|[from] Shed Tail\n|\n|-heal|p1a: Leone|63\/100|[from] item: Leftovers\n|upkeep\n|turn|38\n|\n|t:|1699823973\n|move|p2a: Basculegion|Last Respects|p1a: Leone\n|-supereffective|p1a: Leone\n|-end|p1a: Leone|Substitute\n|move|p1a: Leone|Last Respects|p2a: Basculegion\n|-supereffective|p2a: Basculegion\n|-damage|p2a: Basculegion|0 fnt\n|faint|p2a: Basculegion\n|\n|win|mastro uccello\n|raw|mastro uccello's rating: 1398 &rarr; <strong>1421<\/strong><br \/>(+23 for winning)\n|raw|Charizardcatcher's rating: 1455 &rarr; <strong>1432<\/strong><br \/>(-23 for losing)\n|l|\u2606Charizardcatcher\n","uploadtime":1699823983,"views":35,"p1id":"mastrouccello","p2id":"charizardcatcher","formatid":"gen9nationaldexubers","rating":1421,"private":0,"password":""}