{"id":"gen9nationaldexubers-1978134143","p1":"youssefjaipasdin","p2":"DrArkane15","format":"[Gen 9] National Dex Ubers","log":"|j|\u2606youssefjaipasdin\n|j|\u2606DrArkane15\n|t:|1698503575\n|gametype|singles\n|player|p1|youssefjaipasdin|lucas|\n|player|p2|DrArkane15|cyrus|\n|teamsize|p1|3\n|teamsize|p2|2\n|gen|9\n|tier|[Gen 9] National Dex Ubers\n|rule|HP Percentage Mod: HP is shown in percentages\n|rule|Endless Battle Clause: Forcing endless battles is banned\n|rule|OHKO Clause: OHKO moves are banned\n|rule|Evasion Moves Clause: Evasion moves are banned\n|rule|Evasion Items Clause: Evasion items are banned\n|rule|Species Clause: Limit one of each Pok\u00e9mon\n|rule|Sleep Clause Mod: Limit one foe put to sleep\n|rule|Mega Rayquaza Clause: You cannot mega evolve Rayquaza\n|clearpoke\n|poke|p1|Riolu, L9, M|\n|poke|p1|Taillow, L13, M|\n|poke|p1|Magikarp, L4, F|\n|poke|p2|Riolu, L15, F|\n|poke|p2|Kubfu, L13, M|\n|teampreview\n|\n|t:|1698503581\n|start\n|switch|p1a: Taillow|Taillow, L13, M|100\/100\n|switch|p2a: Kubfu|Kubfu, L13, M|100\/100\n|turn|1\n|\n|t:|1698503590\n|move|p2a: Kubfu|Rock Smash|p1a: Taillow\n|-damage|p1a: Taillow|68\/100\n|move|p1a: Taillow|Wing Attack|p2a: Kubfu\n|-supereffective|p2a: Kubfu\n|-damage|p2a: Kubfu|29\/100\n|\n|upkeep\n|turn|2\n|\n|t:|1698503604\n|move|p2a: Kubfu|Rock Smash|p1a: Taillow\n|-damage|p1a: Taillow|36\/100\n|-unboost|p1a: Taillow|def|1\n|move|p1a: Taillow|Wing Attack|p2a: Kubfu\n|-supereffective|p2a: Kubfu\n|-damage|p2a: Kubfu|0 fnt\n|faint|p2a: Kubfu\n|\n|upkeep\n|\n|t:|1698503612\n|switch|p2a: Riolu|Riolu, L15, F|100\/100\n|turn|3\n|\n|t:|1698503619\n|switch|p1a: Magikarp|Magikarp, L4, F|100\/100\n|move|p2a: Riolu|Metal Claw|p1a: Magikarp\n|-resisted|p1a: Magikarp\n|-damage|p1a: Magikarp|43\/100\n|-boost|p2a: Riolu|atk|1\n|\n|upkeep\n|turn|4\n|\n|t:|1698503628\n|move|p2a: Riolu|Metal Claw|p1a: Magikarp\n|-resisted|p1a: Magikarp\n|-damage|p1a: Magikarp|0 fnt\n|faint|p1a: Magikarp\n|\n|upkeep\n|\n|t:|1698503638\n|switch|p1a: Riolu|Riolu, L9, M|100\/100\n|turn|5\n|\n|t:|1698503647\n|move|p2a: Riolu|Metal Claw|p1a: Riolu\n|-damage|p1a: Riolu|18\/100\n|-boost|p2a: Riolu|atk|1\n|move|p1a: Riolu|Crunch|p2a: Riolu\n|-resisted|p2a: Riolu\n|-damage|p2a: Riolu|91\/100\n|-unboost|p2a: Riolu|def|1\n|\n|upkeep\n|turn|6\n|\n|t:|1698503657\n|move|p1a: Riolu|Bullet Punch|p2a: Riolu\n|-damage|p2a: Riolu|74\/100\n|move|p2a: Riolu|Metal Claw|p1a: Riolu\n|-damage|p1a: Riolu|0 fnt\n|faint|p1a: Riolu\n|\n|upkeep\n|\n|t:|1698503669\n|switch|p1a: Taillow|Taillow, L13, M|36\/100\n|turn|7\n|\n|t:|1698503672\n|move|p2a: Riolu|Quick Attack|p1a: Taillow\n|-damage|p1a: Taillow|0 fnt\n|faint|p1a: Taillow\n|\n|win|DrArkane15\n","uploadtime":1698503683,"views":10,"p1id":"youssefjaipasdin","p2id":"drarkane15","formatid":"gen9nationaldexubers","rating":0,"private":0,"password":""}