{"id":"gen9nationaldexubers-1993019234","p1":"Fumo on a Roomba","p2":"AlecIan","format":"[Gen 9] National Dex Ubers","log":"|j|\u2606Fumo on a Roomba\n|j|\u2606AlecIan\n|t:|1700256054\n|gametype|singles\n|player|p1|Fumo on a Roomba|265|1209\n|player|p2|AlecIan|266|1225\n|teamsize|p1|6\n|teamsize|p2|6\n|gen|9\n|tier|[Gen 9] National Dex Ubers\n|rated|\n|rule|HP Percentage Mod: HP is shown in percentages\n|rule|Endless Battle Clause: Forcing endless battles is banned\n|rule|OHKO Clause: OHKO moves are banned\n|rule|Evasion Moves Clause: Evasion moves are banned\n|rule|Evasion Items Clause: Evasion items are banned\n|rule|Species Clause: Limit one of each Pok\u00e9mon\n|rule|Sleep Clause Mod: Limit one foe put to sleep\n|rule|Mega Rayquaza Clause: You cannot mega evolve Rayquaza\n|clearpoke\n|poke|p1|Beedrill, M|\n|poke|p1|Scizor, M|\n|poke|p1|Volcarona, M|\n|poke|p1|Galvantula, M|\n|poke|p1|Lokix, F|\n|poke|p1|Pheromosa|\n|poke|p2|Sylveon, M|\n|poke|p2|Lapras, M|\n|poke|p2|Cofagrigus, M|\n|poke|p2|Mawile, F|\n|poke|p2|Gothitelle, M|\n|poke|p2|Froslass, F|\n|teampreview\n|\n|t:|1700256063\n|start\n|switch|p1a: Galvantula|Galvantula, M|100\/100\n|switch|p2a: Gothitelle|Gothitelle, M|100\/100\n|turn|1\n|\n|t:|1700256068\n|move|p1a: Galvantula|Sticky Web|p2a: Gothitelle\n|-sidestart|p2: AlecIan|move: Sticky Web\n|move|p2a: Gothitelle|Trick|p1a: Galvantula\n|-activate|p2a: Gothitelle|move: Trick|[of] p1a: Galvantula\n|-item|p1a: Galvantula|Choice Scarf|[from] move: Trick\n|-item|p2a: Gothitelle|Focus Sash|[from] move: Trick\n|\n|upkeep\n|turn|2\n|\n|t:|1700256093\n|switch|p2a: Lapras|Lapras, M|100\/100\n|move|p1a: Galvantula|Thunder|p2a: Lapras\n|-supereffective|p2a: Lapras\n|-damage|p2a: Lapras|44\/100\n|\n|upkeep\n|turn|3\n|\n|t:|1700256105\n|switch|p2a: Sylveon|Sylveon, M, shiny|100\/100\n|-activate|p2a: Sylveon|move: Sticky Web\n|-unboost|p2a: Sylveon|spe|1\n|move|p1a: Galvantula|Thunder|p2a: Sylveon\n|-damage|p2a: Sylveon|66\/100\n|-status|p2a: Sylveon|par\n|\n|upkeep\n|turn|4\n|\n|t:|1700256113\n|move|p1a: Galvantula|Thunder|p2a: Sylveon\n|-damage|p2a: Sylveon|33\/100 par\n|move|p2a: Sylveon|Mystical Fire|p1a: Galvantula\n|-supereffective|p1a: Galvantula\n|-damage|p1a: Galvantula|0 fnt\n|faint|p1a: Galvantula\n|\n|upkeep\n|\n|t:|1700256119\n|switch|p1a: Scizor|Scizor, M|100\/100\n|turn|5\n|\n|t:|1700256123\n|switch|p2a: Cofagrigus|Cofagrigus, M|100\/100\n|-activate|p2a: Cofagrigus|move: Sticky Web\n|-unboost|p2a: Cofagrigus|spe|1\n|move|p1a: Scizor|Bullet Punch|p2a: Cofagrigus\n|-damage|p2a: Cofagrigus|79\/100\n|-activate|p2a: Cofagrigus|ability: Mummy|Technician|[of] p1a: Scizor\n|\n|upkeep\n|turn|6\n|\n|t:|1700256130\n|switch|p1a: Lokix|Lokix, F|100\/100\n|move|p2a: Cofagrigus|Iron Defense|p2a: Cofagrigus\n|-boost|p2a: Cofagrigus|def|2\n|\n|upkeep\n|turn|7\n|\n|t:|1700256135\n|move|p1a: Lokix|First Impression|p2a: Cofagrigus\n|-resisted|p2a: Cofagrigus\n|-damage|p2a: Cofagrigus|61\/100\n|-activate|p2a: Cofagrigus|ability: Mummy|Tinted Lens|[of] p1a: Lokix\n|-damage|p1a: Lokix|91\/100|[from] item: Life Orb\n|move|p2a: Cofagrigus|Iron Defense|p2a: Cofagrigus\n|-boost|p2a: Cofagrigus|def|2\n|\n|upkeep\n|turn|8\n|\n|t:|1700256140\n|move|p1a: Lokix|Knock Off|p2a: Cofagrigus\n|-supereffective|p2a: Cofagrigus\n|-damage|p2a: Cofagrigus|39\/100\n|-enditem|p2a: Cofagrigus|Chesto Berry|[from] move: Knock Off|[of] p1a: Lokix\n|-damage|p1a: Lokix|81\/100|[from] item: Life Orb\n|move|p2a: Cofagrigus|Rest|p2a: Cofagrigus\n|-status|p2a: Cofagrigus|slp|[from] move: Rest\n|-heal|p2a: Cofagrigus|100\/100 slp|[silent]\n|\n|upkeep\n|turn|9\n|\n|t:|1700256149\n|switch|p1a: Volcarona|Volcarona, M|100\/100\n|cant|p2a: Cofagrigus|slp\n|\n|upkeep\n|turn|10\n|\n|t:|1700256152\n|move|p1a: Volcarona|Quiver Dance|p1a: Volcarona\n|-boost|p1a: Volcarona|spa|1\n|-boost|p1a: Volcarona|spd|1\n|-boost|p1a: Volcarona|spe|1\n|cant|p2a: Cofagrigus|slp\n|\n|upkeep\n|turn|11\n|\n|t:|1700256157\n|move|p1a: Volcarona|Fiery Dance|p2a: Cofagrigus\n|-damage|p2a: Cofagrigus|23\/100 slp\n|-boost|p1a: Volcarona|spa|1\n|-curestatus|p2a: Cofagrigus|slp|[msg]\n|move|p2a: Cofagrigus|Body Press|p1a: Volcarona\n|-resisted|p1a: Volcarona\n|-damage|p1a: Volcarona|23\/100\n|\n|upkeep\n|turn|12\n|\n|t:|1700256166\n|move|p1a: Volcarona|Giga Drain|p2a: Cofagrigus\n|-damage|p2a: Cofagrigus|0 fnt\n|-heal|p1a: Volcarona|35\/100|[from] drain|[of] p2a: Cofagrigus\n|faint|p2a: Cofagrigus\n|\n|upkeep\n|\n|t:|1700256170\n|switch|p2a: Mawile|Mawile, F|100\/100\n|-activate|p2a: Mawile|move: Sticky Web\n|-unboost|p2a: Mawile|spe|1\n|-ability|p2a: Mawile|Intimidate|boost\n|-unboost|p1a: Volcarona|atk|1\n|turn|13\n|\n|t:|1700256175\n|detailschange|p2a: Mawile|Mawile-Mega, F\n|-mega|p2a: Mawile|Mawile|Mawilite\n|move|p2a: Mawile|Sucker Punch||[still]\n|-fail|p2a: Mawile\n|move|p1a: Volcarona|Quiver Dance|p1a: Volcarona\n|-boost|p1a: Volcarona|spa|1\n|-boost|p1a: Volcarona|spd|1\n|-boost|p1a: Volcarona|spe|1\n|\n|upkeep\n|turn|14\n|\n|t:|1700256182\n|move|p2a: Mawile|Sucker Punch|p1a: Volcarona\n|-damage|p1a: Volcarona|0 fnt\n|-status|p2a: Mawile|brn|[from] ability: Flame Body|[of] p1a: Volcarona\n|faint|p1a: Volcarona\n|\n|-damage|p2a: Mawile|94\/100 brn|[from] brn\n|upkeep\n|\n|t:|1700256191\n|switch|p1a: Lokix|Lokix, F|81\/100\n|turn|15\n|\n|t:|1700256200\n|move|p1a: Lokix|First Impression|p2a: Mawile\n|-resisted|p2a: Mawile\n|-damage|p2a: Mawile|69\/100 brn\n|-damage|p1a: Lokix|71\/100|[from] item: Life Orb\n|move|p2a: Mawile|Play Rough|p1a: Lokix\n|-supereffective|p1a: Lokix\n|-damage|p1a: Lokix|0 fnt\n|faint|p1a: Lokix\n|\n|-damage|p2a: Mawile|62\/100 brn|[from] brn\n|upkeep\n|\n|t:|1700256206\n|switch|p1a: Scizor|Scizor, M|100\/100\n|turn|16\n|\n|t:|1700256224\n|switch|p2a: Lapras|Lapras, M|44\/100\n|-terastallize|p1a: Scizor|Dragon\n|move|p1a: Scizor|Swords Dance|p1a: Scizor\n|-boost|p1a: Scizor|atk|2\n|\n|upkeep\n|turn|17\n|\n|t:|1700256232\n|-terastallize|p2a: Lapras|Water\n|move|p1a: Scizor|Bullet Punch|p2a: Lapras\n|-resisted|p2a: Lapras\n|-damage|p2a: Lapras|13\/100\n|move|p2a: Lapras|Rest|p2a: Lapras\n|-status|p2a: Lapras|slp|[from] move: Rest\n|-heal|p2a: Lapras|100\/100 slp|[silent]\n|\n|upkeep\n|turn|18\n|\n|t:|1700256238\n|move|p1a: Scizor|Dual Wingbeat|p2a: Lapras\n|-crit|p2a: Lapras\n|-damage|p2a: Lapras|45\/100 slp\n|-damage|p2a: Lapras|4\/100 slp\n|-hitcount|p2a: Lapras|2\n|cant|p2a: Lapras|slp\n|move|p2a: Lapras|Sleep Talk|p2a: Lapras\n|move|p2a: Lapras|Rest||[from]move: Sleep Talk|[still]\n|-fail|p2a: Lapras\n|\n|upkeep\n|turn|19\n|\n|t:|1700256246\n|move|p1a: Scizor|Bullet Punch|p2a: Lapras\n|-resisted|p2a: Lapras\n|-damage|p2a: Lapras|0 fnt\n|faint|p2a: Lapras\n|\n|upkeep\n|\n|t:|1700256260\n|switch|p2a: Froslass|Froslass, F|100\/100\n|-activate|p2a: Froslass|move: Sticky Web\n|-unboost|p2a: Froslass|spe|1\n|turn|20\n|\n|t:|1700256270\n|move|p1a: Scizor|Bullet Punch|p2a: Froslass\n|-supereffective|p2a: Froslass\n|-enditem|p2a: Froslass|Focus Sash\n|-damage|p2a: Froslass|1\/100\n|move|p2a: Froslass|Icy Wind|p1a: Scizor\n|-supereffective|p1a: Scizor\n|-damage|p1a: Scizor|51\/100\n|-unboost|p1a: Scizor|spe|1\n|\n|-heal|p1a: Scizor|57\/100|[from] item: Leftovers\n|upkeep\n|turn|21\n|\n|t:|1700256277\n|move|p1a: Scizor|Bullet Punch|p2a: Froslass\n|-supereffective|p2a: Froslass\n|-damage|p2a: Froslass|0 fnt\n|faint|p2a: Froslass\n|\n|-heal|p1a: Scizor|63\/100|[from] item: Leftovers\n|upkeep\n|\n|t:|1700256285\n|switch|p2a: Mawile|Mawile-Mega, F|62\/100 brn\n|-activate|p2a: Mawile|move: Sticky Web\n|-unboost|p2a: Mawile|spe|1\n|turn|22\n|\n|t:|1700256290\n|move|p1a: Scizor|Bullet Punch|p2a: Mawile\n|-damage|p2a: Mawile|0 fnt\n|faint|p2a: Mawile\n|\n|-heal|p1a: Scizor|69\/100|[from] item: Leftovers\n|upkeep\n|\n|t:|1700256295\n|switch|p2a: Gothitelle|Gothitelle, M|100\/100\n|-activate|p2a: Gothitelle|move: Sticky Web\n|-unboost|p2a: Gothitelle|spe|1\n|turn|23\n|\n|t:|1700256300\n|move|p1a: Scizor|Bullet Punch|p2a: Gothitelle\n|-damage|p2a: Gothitelle|43\/100\n|move|p2a: Gothitelle|Trick|p1a: Scizor\n|-activate|p2a: Gothitelle|move: Trick|[of] p1a: Scizor\n|-item|p1a: Scizor|Focus Sash|[from] move: Trick\n|-item|p2a: Gothitelle|Leftovers|[from] move: Trick\n|\n|-heal|p2a: Gothitelle|49\/100|[from] item: Leftovers\n|upkeep\n|turn|24\n|\n|t:|1700256309\n|move|p1a: Scizor|Bullet Punch|p2a: Gothitelle\n|-damage|p2a: Gothitelle|0 fnt\n|faint|p2a: Gothitelle\n|\n|upkeep\n|\n|t:|1700256311\n|switch|p2a: Sylveon|Sylveon, M, shiny|33\/100 par\n|-activate|p2a: Sylveon|move: Sticky Web\n|-unboost|p2a: Sylveon|spe|1\n|turn|25\n|\n|t:|1700256314\n|move|p1a: Scizor|Bullet Punch|p2a: Sylveon\n|-supereffective|p2a: Sylveon\n|-damage|p2a: Sylveon|0 fnt\n|faint|p2a: Sylveon\n|\n|win|Fumo on a Roomba\n|raw|Fumo on a Roomba's rating: 1209 &rarr; <strong>1235<\/strong><br \/>(+26 for winning)\n|raw|AlecIan's rating: 1225 &rarr; <strong>1199<\/strong><br \/>(-26 for losing)\n|l|\u2606AlecIan\n","uploadtime":1700256322,"views":9,"p1id":"fumoonaroomba","p2id":"alecian","formatid":"gen9nationaldexubers","rating":1199,"private":0,"password":""}