{"id":"gen9nationaldexubers-1987716868","p1":"saifu.mp4","p2":"zaw11","format":"[Gen 9] National Dex Ubers","log":"|j|\u2606saifu.mp4\n|j|\u2606zaw11\n|t:|1699630453\n|gametype|singles\n|player|p1|saifu.mp4|hugh|1269\n|player|p2|zaw11|riley|1255\n|teamsize|p1|6\n|teamsize|p2|6\n|gen|9\n|tier|[Gen 9] National Dex Ubers\n|rated|\n|rule|HP Percentage Mod: HP is shown in percentages\n|rule|Endless Battle Clause: Forcing endless battles is banned\n|rule|OHKO Clause: OHKO moves are banned\n|rule|Evasion Moves Clause: Evasion moves are banned\n|rule|Evasion Items Clause: Evasion items are banned\n|rule|Species Clause: Limit one of each Pok\u00e9mon\n|rule|Sleep Clause Mod: Limit one foe put to sleep\n|rule|Mega Rayquaza Clause: You cannot mega evolve Rayquaza\n|clearpoke\n|poke|p1|Bisharp, F|\n|poke|p1|Espeon, M|\n|poke|p1|Ribombee, F|\n|poke|p1|Iron Valiant|\n|poke|p1|Excadrill, M|\n|poke|p1|Dondozo, F|\n|poke|p2|Aggron, F|\n|poke|p2|Entei|\n|poke|p2|Regidrago|\n|poke|p2|Milotic, F|\n|poke|p2|Amoonguss, M|\n|poke|p2|Palossand, M|\n|teampreview\n|\n|t:|1699630459\n|start\n|switch|p1a: 36 Chrome Tabs|Ribombee, F, shiny|100\/100\n|switch|p2a: Sandy Castle|Palossand, M|100\/100\n|turn|1\n|\n|t:|1699630465\n|move|p1a: 36 Chrome Tabs|Sticky Web|p2a: Sandy Castle\n|-sidestart|p2: zaw11|move: Sticky Web\n|move|p2a: Sandy Castle|Stealth Rock|p1a: 36 Chrome Tabs\n|-sidestart|p1: saifu.mp4|move: Stealth Rock\n|\n|upkeep\n|turn|2\n|\n|t:|1699630471\n|switch|p2a: The Wall|Aggron, F|100\/100\n|-activate|p2a: The Wall|move: Sticky Web\n|-unboost|p2a: The Wall|spe|1\n|move|p1a: 36 Chrome Tabs|Stun Spore|p2a: The Wall|[miss]\n|-miss|p1a: 36 Chrome Tabs|p2a: The Wall\n|\n|upkeep\n|turn|3\n|\n|t:|1699630480\n|detailschange|p2a: The Wall|Aggron-Mega, F\n|-mega|p2a: The Wall|Aggron|Aggronite\n|move|p1a: 36 Chrome Tabs|Stun Spore|p2a: The Wall|[miss]\n|-miss|p1a: 36 Chrome Tabs|p2a: The Wall\n|move|p2a: The Wall|Heavy Slam|p1a: 36 Chrome Tabs\n|-supereffective|p1a: 36 Chrome Tabs\n|-enditem|p1a: 36 Chrome Tabs|Focus Sash\n|-damage|p1a: 36 Chrome Tabs|1\/100\n|\n|upkeep\n|turn|4\n|c|\u2606saifu.mp4|mmm my favorite pink floyd album\n|c|\u2606saifu.mp4|(also ofc move with 75% accuracy fucking misses twice)\n|\n|t:|1699630499\n|move|p1a: 36 Chrome Tabs|Stun Spore|p2a: The Wall|[miss]\n|-miss|p1a: 36 Chrome Tabs|p2a: The Wall\n|move|p2a: The Wall|Heavy Slam|p1a: 36 Chrome Tabs\n|-supereffective|p1a: 36 Chrome Tabs\n|-damage|p1a: 36 Chrome Tabs|0 fnt\n|faint|p1a: 36 Chrome Tabs\n|\n|upkeep\n|c|\u2606saifu.mp4|THREE TIMES\n|c|\u2606saifu.mp4|75% MY ASS\n|c|\u2606zaw11|unlucky\n|\n|t:|1699630509\n|switch|p1a: SanDiego|Dondozo, F, shiny|100\/100\n|-damage|p1a: SanDiego|88\/100|[from] Stealth Rock\n|turn|5\n|c|\u2606zaw11|im sorry bruh\n|\n|t:|1699630517\n|move|p1a: SanDiego|Body Press|p2a: The Wall\n|-supereffective|p2a: The Wall\n|-damage|p2a: The Wall|80\/100\n|move|p2a: The Wall|Heavy Slam|p1a: SanDiego\n|-resisted|p1a: SanDiego\n|-damage|p1a: SanDiego|83\/100\n|\n|-heal|p1a: SanDiego|90\/100|[from] item: Leftovers\n|upkeep\n|turn|6\n|\n|t:|1699630528\n|move|p1a: SanDiego|Curse|p1a: SanDiego\n|-unboost|p1a: SanDiego|spe|1\n|-boost|p1a: SanDiego|atk|1\n|-boost|p1a: SanDiego|def|1\n|move|p2a: The Wall|Substitute|p2a: The Wall\n|-start|p2a: The Wall|Substitute\n|-damage|p2a: The Wall|55\/100\n|\n|-heal|p1a: SanDiego|96\/100|[from] item: Leftovers\n|upkeep\n|turn|7\n|\n|t:|1699630536\n|move|p2a: The Wall|Rest|p2a: The Wall\n|-status|p2a: The Wall|slp|[from] move: Rest\n|-heal|p2a: The Wall|100\/100 slp|[silent]\n|move|p1a: SanDiego|Curse|p1a: SanDiego\n|-unboost|p1a: SanDiego|spe|1\n|-boost|p1a: SanDiego|atk|1\n|-boost|p1a: SanDiego|def|1\n|\n|-heal|p1a: SanDiego|100\/100|[from] item: Leftovers\n|upkeep\n|turn|8\n|\n|t:|1699630554\n|switch|p2a: Amongus|Amoonguss, M, shiny|100\/100\n|-activate|p2a: Amongus|move: Sticky Web\n|-unboost|p2a: Amongus|spe|1\n|move|p1a: SanDiego|Curse|p1a: SanDiego\n|-unboost|p1a: SanDiego|spe|1\n|-boost|p1a: SanDiego|atk|1\n|-boost|p1a: SanDiego|def|1\n|\n|upkeep\n|turn|9\n|\n|t:|1699630567\n|move|p2a: Amongus|Spore|p1a: SanDiego\n|-status|p1a: SanDiego|slp|[from] move: Spore\n|cant|p1a: SanDiego|slp\n|\n|upkeep\n|turn|10\n|\n|t:|1699630572\n|move|p2a: Amongus|Giga Drain|p1a: SanDiego\n|-supereffective|p1a: SanDiego\n|-damage|p1a: SanDiego|56\/100 slp\n|cant|p1a: SanDiego|slp\n|\n|-heal|p1a: SanDiego|62\/100 slp|[from] item: Leftovers\n|upkeep\n|turn|11\n|\n|t:|1699630580\n|move|p2a: Amongus|Giga Drain|p1a: SanDiego\n|-supereffective|p1a: SanDiego\n|-damage|p1a: SanDiego|17\/100 slp\n|cant|p1a: SanDiego|slp\n|\n|-heal|p1a: SanDiego|23\/100 slp|[from] item: Leftovers\n|upkeep\n|turn|12\n|\n|t:|1699630588\n|move|p2a: Amongus|Giga Drain|p1a: SanDiego\n|-supereffective|p1a: SanDiego\n|-damage|p1a: SanDiego|0 fnt\n|faint|p1a: SanDiego\n|\n|upkeep\n|\n|t:|1699630591\n|switch|p1a: 2002 Skyline GT-R|Iron Valiant, shiny|100\/100\n|-damage|p1a: 2002 Skyline GT-R|94\/100|[from] Stealth Rock\n|-enditem|p1a: 2002 Skyline GT-R|Booster Energy\n|-activate|p1a: 2002 Skyline GT-R|ability: Quark Drive|[fromitem]\n|-start|p1a: 2002 Skyline GT-R|quarkdrivespe\n|turn|13\n|\n|t:|1699630598\n|-end|p1a: 2002 Skyline GT-R|Quark Drive|[silent]\n|switch|p1a: nuh uh|Espeon, M|100\/100\n|-damage|p1a: nuh uh|88\/100|[from] Stealth Rock\n|move|p2a: Amongus|Spore|p1a: nuh uh\n|move|p1a: nuh uh|Spore|p2a: Amongus|[from]ability: Magic Bounce\n|-immune|p2a: Amongus\n|\n|upkeep\n|turn|14\n|\n|t:|1699630609\n|switch|p2a: Mermaid|Milotic, F|100\/100\n|-activate|p2a: Mermaid|move: Sticky Web\n|-unboost|p2a: Mermaid|spe|1\n|-zpower|p1a: nuh uh\n|move|p1a: nuh uh|Z-Celebrate|p1a: nuh uh|[anim]Celebrate\n|-boost|p1a: nuh uh|atk|1|[zeffect]\n|-boost|p1a: nuh uh|def|1|[zeffect]\n|-boost|p1a: nuh uh|spa|1|[zeffect]\n|-boost|p1a: nuh uh|spd|1|[zeffect]\n|-boost|p1a: nuh uh|spe|1|[zeffect]\n|-activate|p1a: nuh uh|move: Celebrate\n|\n|upkeep\n|turn|15\n|\n|t:|1699630621\n|move|p1a: nuh uh|Psychic|p2a: Mermaid\n|-damage|p2a: Mermaid|54\/100\n|-unboost|p2a: Mermaid|spd|1\n|move|p2a: Mermaid|Scald|p1a: nuh uh\n|-damage|p1a: nuh uh|62\/100\n|-status|p1a: nuh uh|brn\n|\n|-heal|p2a: Mermaid|60\/100|[from] item: Leftovers\n|-damage|p1a: nuh uh|57\/100 brn|[from] brn\n|upkeep\n|turn|16\n|\n|t:|1699630632\n|move|p1a: nuh uh|Psychic|p2a: Mermaid\n|-damage|p2a: Mermaid|0 fnt\n|faint|p2a: Mermaid\n|\n|-damage|p1a: nuh uh|51\/100 brn|[from] brn\n|upkeep\n|\n|t:|1699630647\n|switch|p2a: Sandy Castle|Palossand, M|100\/100\n|-activate|p2a: Sandy Castle|move: Sticky Web\n|-unboost|p2a: Sandy Castle|spe|1\n|turn|17\n|\n|t:|1699630651\n|move|p1a: nuh uh|Shadow Ball|p2a: Sandy Castle\n|-supereffective|p2a: Sandy Castle\n|-damage|p2a: Sandy Castle|1\/100\n|move|p2a: Sandy Castle|Shadow Ball|p1a: nuh uh\n|-supereffective|p1a: nuh uh\n|-damage|p1a: nuh uh|0 fnt\n|faint|p1a: nuh uh\n|\n|upkeep\n|c|\u2606saifu.mp4|yeah ok\n|\n|t:|1699630663\n|switch|p1a: Dai-Gurren|Excadrill, M, shiny|100\/100\n|-damage|p1a: Dai-Gurren|97\/100|[from] Stealth Rock\n|-ability|p1a: Dai-Gurren|Mold Breaker\n|turn|18\n|\n|t:|1699630668\n|move|p1a: Dai-Gurren|Earthquake|p2a: Sandy Castle\n|-damage|p2a: Sandy Castle|0 fnt\n|faint|p2a: Sandy Castle\n|\n|upkeep\n|\n|t:|1699630692\n|switch|p2a: Amongus|Amoonguss, M, shiny|100\/100\n|-activate|p2a: Amongus|move: Sticky Web\n|-unboost|p2a: Amongus|spe|1\n|turn|19\n|\n|t:|1699630700\n|move|p1a: Dai-Gurren|Earthquake|p2a: Amongus\n|-damage|p2a: Amongus|59\/100\n|move|p2a: Amongus|Spore|p1a: Dai-Gurren\n|-status|p1a: Dai-Gurren|slp|[from] move: Spore\n|\n|-heal|p2a: Amongus|65\/100|[from] item: Black Sludge\n|upkeep\n|turn|20\n|\n|t:|1699630710\n|cant|p1a: Dai-Gurren|slp\n|move|p2a: Amongus|Giga Drain|p1a: Dai-Gurren\n|-damage|p1a: Dai-Gurren|69\/100 slp\n|-heal|p2a: Amongus|77\/100|[from] drain|[of] p1a: Dai-Gurren\n|\n|-heal|p2a: Amongus|83\/100|[from] item: Black Sludge\n|upkeep\n|turn|21\n|\n|t:|1699630718\n|cant|p1a: Dai-Gurren|slp\n|move|p2a: Amongus|Giga Drain|p1a: Dai-Gurren\n|-crit|p1a: Dai-Gurren\n|-damage|p1a: Dai-Gurren|26\/100 slp\n|-heal|p2a: Amongus|100\/100|[from] drain|[of] p1a: Dai-Gurren\n|\n|upkeep\n|turn|22\n|c|\u2606saifu.mp4|oh my god bruh wake up\n|\n|t:|1699630729\n|cant|p1a: Dai-Gurren|slp\n|move|p2a: Amongus|Giga Drain|p1a: Dai-Gurren\n|-damage|p1a: Dai-Gurren|0 fnt\n|faint|p1a: Dai-Gurren\n|\n|upkeep\n|c|\u2606saifu.mp4|this game despises me\n|c|\u2606zaw11|lol\n|\n|t:|1699630740\n|switch|p1a: Izayoi|Bisharp, F, shiny|100\/100\n|-damage|p1a: Izayoi|95\/100|[from] Stealth Rock\n|turn|23\n|\n|t:|1699630758\n|-terastallize|p1a: Izayoi|Dark\n|move|p1a: Izayoi|Night Slash|p2a: Amongus\n|-damage|p2a: Amongus|60\/100\n|move|p2a: Amongus|Spore|p1a: Izayoi\n|-status|p1a: Izayoi|slp|[from] move: Spore\n|\n|-heal|p2a: Amongus|66\/100|[from] item: Black Sludge\n|upkeep\n|turn|24\n|\n|t:|1699630766\n|cant|p1a: Izayoi|slp\n|move|p2a: Amongus|Giga Drain|p1a: Izayoi\n|-damage|p1a: Izayoi|71\/100 slp\n|-heal|p2a: Amongus|74\/100|[from] drain|[of] p1a: Izayoi\n|\n|-heal|p2a: Amongus|80\/100|[from] item: Black Sludge\n|upkeep\n|turn|25\n|c|\u2606saifu.mp4|aaaaaaaaaaAAAAAAAAAAAAAAAAA\n|\n|t:|1699630775\n|switch|p1a: 2002 Skyline GT-R|Iron Valiant, shiny|94\/100\n|-damage|p1a: 2002 Skyline GT-R|88\/100|[from] Stealth Rock\n|move|p2a: Amongus|Giga Drain|p1a: 2002 Skyline GT-R\n|-damage|p1a: 2002 Skyline GT-R|41\/100\n|-heal|p2a: Amongus|96\/100|[from] drain|[of] p1a: 2002 Skyline GT-R\n|\n|-heal|p2a: Amongus|100\/100|[from] item: Black Sludge\n|upkeep\n|turn|26\n|\n|t:|1699630786\n|move|p1a: 2002 Skyline GT-R|Tera Blast|p2a: Amongus\n|-damage|p2a: Amongus|85\/100\n|move|p2a: Amongus|Giga Drain|p1a: 2002 Skyline GT-R\n|-damage|p1a: 2002 Skyline GT-R|0 fnt\n|-heal|p2a: Amongus|98\/100|[from] drain|[of] p1a: 2002 Skyline GT-R\n|faint|p1a: 2002 Skyline GT-R\n|-end|p1a: 2002 Skyline GT-R|Quark Drive|[silent]\n|\n|-heal|p2a: Amongus|100\/100|[from] item: Black Sludge\n|upkeep\n|\n|t:|1699630788\n|switch|p1a: Izayoi|Bisharp, F, shiny, tera:Dark|71\/100 slp\n|-damage|p1a: Izayoi|59\/100 slp|[from] Stealth Rock\n|turn|27\n|\n|t:|1699630798\n|-curestatus|p1a: Izayoi|slp|[msg]\n|move|p1a: Izayoi|Swords Dance|p1a: Izayoi\n|-boost|p1a: Izayoi|atk|2\n|move|p2a: Amongus|Giga Drain|p1a: Izayoi\n|-damage|p1a: Izayoi|36\/100\n|\n|upkeep\n|turn|28\n|\n|t:|1699630808\n|move|p1a: Izayoi|Night Slash|p2a: Amongus\n|-crit|p2a: Amongus\n|-damage|p2a: Amongus|0 fnt\n|faint|p2a: Amongus\n|\n|upkeep\n|c|\u2606saifu.mp4|RAHHHHHHHHHHHHh\n|\n|t:|1699630818\n|switch|p2a: The Wall|Aggron-Mega, F|100\/100 slp\n|-activate|p2a: The Wall|move: Sticky Web\n|-unboost|p2a: The Wall|spe|1\n|turn|29\n|\n|t:|1699630822\n|move|p1a: Izayoi|Brick Break|p2a: The Wall\n|-supereffective|p2a: The Wall\n|-damage|p2a: The Wall|60\/100 slp\n|cant|p2a: The Wall|slp\n|move|p2a: The Wall|Sleep Talk|p2a: The Wall\n|move|p2a: The Wall|Rest||[from]move: Sleep Talk|[still]\n|-fail|p2a: The Wall\n|\n|upkeep\n|turn|30\n|\n|t:|1699630829\n|move|p1a: Izayoi|Brick Break|p2a: The Wall\n|-supereffective|p2a: The Wall\n|-damage|p2a: The Wall|21\/100 slp\n|cant|p2a: The Wall|slp\n|move|p2a: The Wall|Sleep Talk|p2a: The Wall\n|move|p2a: The Wall|Rest||[from]move: Sleep Talk|[still]\n|-fail|p2a: The Wall\n|\n|upkeep\n|turn|31\n|c|\u2606saifu.mp4|ALL IN ALL YOU'RE JUST ANOTHER\n|c|\u2606saifu.mp4|BRICK\n|c|\u2606saifu.mp4|IN\n|c|\u2606saifu.mp4|THE\n|c|\u2606saifu.mp4|WALL\n|\n|t:|1699630839\n|move|p1a: Izayoi|Brick Break|p2a: The Wall\n|-supereffective|p2a: The Wall\n|-damage|p2a: The Wall|0 fnt\n|faint|p2a: The Wall\n|\n|upkeep\n|\n|t:|1699630843\n|switch|p2a: Gatorade|Regidrago|100\/100\n|-activate|p2a: Gatorade|move: Sticky Web\n|-unboost|p2a: Gatorade|spe|1\n|turn|32\n|\n|t:|1699630850\n|move|p1a: Izayoi|Night Slash|p2a: Gatorade\n|-crit|p2a: Gatorade\n|-damage|p2a: Gatorade|0 fnt\n|faint|p2a: Gatorade\n|\n|upkeep\n|c|\u2606zaw11|holy\n|\n|t:|1699630857\n|switch|p2a: Pup of Fire|Entei|100\/100\n|-activate|p2a: Pup of Fire|move: Sticky Web\n|-unboost|p2a: Pup of Fire|spe|1\n|turn|33\n|\n|t:|1699630863\n|-terastallize|p2a: Pup of Fire|Normal\n|move|p2a: Pup of Fire|Extreme Speed|p1a: Izayoi\n|-damage|p1a: Izayoi|1\/100\n|move|p1a: Izayoi|Night Slash|p2a: Pup of Fire\n|-damage|p2a: Pup of Fire|0 fnt\n|faint|p2a: Pup of Fire\n|\n|win|saifu.mp4\n|raw|saifu.mp4's rating: 1269 &rarr; <strong>1293<\/strong><br \/>(+24 for winning)\n|raw|zaw11's rating: 1255 &rarr; <strong>1231<\/strong><br \/>(-24 for losing)\n|c|\u2606saifu.mp4|AAAAAAAAAAAAAAAAAAAAAAAAAAAAAAAAAAAAAAAAAAAAAAAAAAAA\n|c|\u2606zaw11|gg\n|c|\u2606saifu.mp4|geegees\n","uploadtime":1699630876,"views":7,"p1id":"saifump4","p2id":"zaw11","formatid":"gen9nationaldexubers","rating":1231,"private":0,"password":""}