{"id":"gen9nationaldexubers-1996036888","p1":"RaxarOrod","p2":"igphhangout","format":"[Gen 9] National Dex Ubers","log":"|j|\u2606RaxarOrod\n|j|\u2606igphhangout\n|t:|1700633186\n|gametype|singles\n|player|p1|RaxarOrod|caitlin-gen4|\n|player|p2|igphhangout|janitor|\n|teamsize|p1|6\n|teamsize|p2|6\n|gen|9\n|tier|[Gen 9] National Dex Ubers\n|rule|HP Percentage Mod: HP is shown in percentages\n|rule|Endless Battle Clause: Forcing endless battles is banned\n|rule|OHKO Clause: OHKO moves are banned\n|rule|Evasion Moves Clause: Evasion moves are banned\n|rule|Evasion Items Clause: Evasion items are banned\n|rule|Species Clause: Limit one of each Pok\u00e9mon\n|rule|Sleep Clause Mod: Limit one foe put to sleep\n|rule|Mega Rayquaza Clause: You cannot mega evolve Rayquaza\n|clearpoke\n|poke|p1|Magnezone|\n|poke|p1|Tapu Fini|\n|poke|p1|Shiftry, F|\n|poke|p1|Ninjask, F|\n|poke|p1|Cradily, F|\n|poke|p1|Iron Valiant|\n|poke|p2|Greninja-*, F|\n|poke|p2|Ambipom, F|\n|poke|p2|Banette, F|\n|poke|p2|Arcanine-Hisui, M|\n|poke|p2|Decidueye-Hisui, M|\n|poke|p2|Garchomp, M|\n|teampreview\n|j| Saradominphat\n|j| VantaZack\n|j| Vraptor249\n|\n|t:|1700633230\n|start\n|switch|p1a: Chara|Iron Valiant, shiny|100\/100\n|switch|p2a: Cukdoo|Decidueye-Hisui, M|100\/100\n|turn|1\n|\n|t:|1700633243\n|move|p1a: Chara|Spirit Break|p2a: Cukdoo\n|-supereffective|p2a: Cukdoo\n|-damage|p2a: Cukdoo|12\/100\n|-unboost|p2a: Cukdoo|spa|1\n|move|p2a: Cukdoo|Trailblaze|p1a: Chara\n|-damage|p1a: Chara|45\/100\n|-boost|p2a: Cukdoo|spe|1\n|\n|upkeep\n|turn|2\n|\n|t:|1700633253\n|move|p1a: Chara|Vacuum Wave|p2a: Cukdoo\n|-damage|p2a: Cukdoo|0 fnt\n|faint|p2a: Cukdoo\n|\n|upkeep\n|j| BaraTheUmbraking\n|j| NiceAsMike\n|\n|t:|1700633279\n|switch|p2a: Im here...|Greninja, F|100\/100\n|turn|3\n|j| CalamityCentral\n|\n|t:|1700633304\n|-end|p1a: Chara|Quark Drive|[silent]\n|switch|p1a: GivemeyourJuice|Cradily, F, shiny|100\/100\n|move|p2a: Im here...|Gunk Shot|p1a: GivemeyourJuice\n|-start|p2a: Im here...|typechange|Poison|[from] ability: Protean\n|-damage|p1a: GivemeyourJuice|72\/100\n|\n|upkeep\n|turn|4\n|\n|t:|1700633312\n|switch|p2a: Me|Garchomp, M|100\/100\n|move|p1a: GivemeyourJuice|Stealth Rock|p2a: Me\n|-sidestart|p2: igphhangout|move: Stealth Rock\n|\n|upkeep\n|turn|5\n|\n|t:|1700633323\n|move|p2a: Me|Stealth Rock|p1a: GivemeyourJuice\n|-sidestart|p1: RaxarOrod|move: Stealth Rock\n|move|p1a: GivemeyourJuice|Hidden Power|p2a: Me\n|-supereffective|p2a: Me\n|-damage|p2a: Me|51\/100\n|\n|upkeep\n|turn|6\n|\n|t:|1700633329\n|move|p2a: Me|Scale Shot|p1a: GivemeyourJuice\n|-damage|p1a: GivemeyourJuice|61\/100\n|-damage|p1a: GivemeyourJuice|52\/100\n|-damage|p1a: GivemeyourJuice|41\/100\n|-hitcount|p1a: GivemeyourJuice|3\n|-unboost|p2a: Me|def|1\n|-boost|p2a: Me|spe|1\n|move|p1a: GivemeyourJuice|Hidden Power|p2a: Me\n|-supereffective|p2a: Me\n|-damage|p2a: Me|0 fnt\n|faint|p2a: Me\n|\n|upkeep\n|\n|t:|1700633342\n|switch|p2a: Plush|Banette, F|100\/100\n|-damage|p2a: Plush|88\/100|[from] Stealth Rock\n|turn|7\n|\n|t:|1700633353\n|switch|p1a: Mia|Tapu Fini, shiny|100\/100\n|-damage|p1a: Mia|88\/100|[from] Stealth Rock\n|-fieldstart|move: Misty Terrain|[from] ability: Misty Surge|[of] p1a: Mia\n|detailschange|p2a: Plush|Banette-Mega, F\n|-mega|p2a: Plush|Banette|Banettite\n|move|p2a: Plush|Swords Dance|p2a: Plush\n|-boost|p2a: Plush|atk|2\n|\n|-heal|p1a: Mia|94\/100|[from] item: Leftovers\n|upkeep\n|turn|8\n|\n|t:|1700633363\n|move|p1a: Mia|Defog|p2a: Plush\n|-unboost|p2a: Plush|evasion|1\n|-sideend|p2: igphhangout|Stealth Rock|[from] move: Defog|[of] p1a: Mia\n|-sideend|p1: RaxarOrod|Stealth Rock|[from] move: Defog|[of] p1a: Mia\n|-fieldend|Misty Terrain\n|move|p2a: Plush|Poltergeist|p1a: Mia\n|-activate|p1a: Mia|move: Poltergeist|Leftovers\n|-damage|p1a: Mia|0 fnt\n|faint|p1a: Mia\n|\n|upkeep\n|\n|t:|1700633375\n|switch|p1a: Magnezone|Magnezone, shiny|100\/100\n|-item|p1a: Magnezone|Air Balloon\n|turn|9\n|\n|t:|1700633381\n|move|p2a: Plush|Poltergeist|p1a: Magnezone\n|-activate|p1a: Magnezone|move: Poltergeist|Air Balloon\n|-ability|p1a: Magnezone|Sturdy\n|-damage|p1a: Magnezone|1\/100\n|-enditem|p1a: Magnezone|Air Balloon\n|move|p1a: Magnezone|Thunder Wave|p2a: Plush\n|-status|p2a: Plush|par\n|\n|upkeep\n|turn|10\n|\n|t:|1700633391\n|move|p2a: Plush|Sucker Punch|p1a: Magnezone\n|-damage|p1a: Magnezone|0 fnt\n|faint|p1a: Magnezone\n|\n|upkeep\n|\n|t:|1700633398\n|switch|p1a: Chara|Iron Valiant, shiny|45\/100\n|turn|11\n|\n|t:|1700633403\n|move|p1a: Chara|Knock Off|p2a: Plush\n|-supereffective|p2a: Plush\n|-damage|p2a: Plush|25\/100 par\n|move|p2a: Plush|Poltergeist|p1a: Chara\n|-activate|p1a: Chara|move: Poltergeist|Assault Vest\n|-damage|p1a: Chara|0 fnt\n|faint|p1a: Chara\n|-end|p1a: Chara|Quark Drive|[silent]\n|\n|upkeep\n|\n|t:|1700633411\n|switch|p1a: Ninjask|Ninjask, F|100\/100\n|turn|12\n|\n|t:|1700633416\n|move|p1a: Ninjask|Protect|p1a: Ninjask\n|-singleturn|p1a: Ninjask|Protect\n|move|p2a: Plush|Sucker Punch||[still]\n|-fail|p2a: Plush\n|\n|-ability|p1a: Ninjask|Speed Boost|boost\n|-boost|p1a: Ninjask|spe|1\n|upkeep\n|turn|13\n|\n|t:|1700633429\n|cant|p2a: Plush|par\n|move|p1a: Ninjask|Dual Wingbeat|p2a: Plush\n|-damage|p2a: Plush|3\/100 par\n|-damage|p2a: Plush|0 fnt\n|faint|p2a: Plush\n|-hitcount|p2: Plush|2\n|\n|-ability|p1a: Ninjask|Speed Boost|boost\n|-boost|p1a: Ninjask|spe|1\n|upkeep\n|\n|t:|1700633435\n|switch|p2a: Sick them!|Arcanine-Hisui, M|100\/100\n|turn|14\n|\n|t:|1700633446\n|move|p1a: Ninjask|U-turn|p2a: Sick them!\n|-resisted|p2a: Sick them!\n|-damage|p2a: Sick them!|84\/100\n|\n|t:|1700633452\n|switch|p1a: GivemeyourJuice|Cradily, F, shiny|41\/100|[from] U-turn\n|move|p2a: Sick them!|Flare Blitz|p1a: GivemeyourJuice\n|-damage|p1a: GivemeyourJuice|0 fnt\n|-damage|p2a: Sick them!|68\/100|[from] item: Rocky Helmet|[of] p1a: GivemeyourJuice\n|faint|p1a: GivemeyourJuice\n|\n|upkeep\n|\n|t:|1700633461\n|switch|p1a: Shiftry|Shiftry, F|100\/100\n|turn|15\n|\n|t:|1700633465\n|move|p1a: Shiftry|Fake Out|p2a: Sick them!\n|-resisted|p2a: Sick them!\n|-damage|p2a: Sick them!|59\/100\n|cant|p2a: Sick them!|flinch\n|\n|upkeep\n|turn|16\n|\n|t:|1700633470\n|move|p2a: Sick them!|Flare Blitz|p1a: Shiftry\n|-supereffective|p1a: Shiftry\n|-enditem|p1a: Shiftry|Focus Sash\n|-damage|p1a: Shiftry|1\/100\n|move|p1a: Shiftry|Tailwind|p1a: Shiftry\n|-sidestart|p1: RaxarOrod|move: Tailwind\n|-ability|p1a: Shiftry|Wind Rider|boost\n|-boost|p1a: Shiftry|atk|1\n|\n|upkeep\n|turn|17\n|\n|t:|1700633479\n|switch|p2a: Poke|Ambipom, F|100\/100\n|move|p1a: Shiftry|Rock Slide|p2a: Poke\n|-damage|p2a: Poke|37\/100\n|\n|upkeep\n|turn|18\n|\n|t:|1700633486\n|move|p2a: Poke|Fake Out|p1a: Shiftry\n|-damage|p1a: Shiftry|0 fnt\n|faint|p1a: Shiftry\n|\n|upkeep\n|\n|t:|1700633490\n|switch|p1a: Ninjask|Ninjask, F|100\/100\n|turn|19\n|\n|t:|1700633506\n|move|p1a: Ninjask|Dual Wingbeat|p2a: Poke\n|-damage|p2a: Poke|10\/100\n|-damage|p2a: Poke|0 fnt\n|faint|p2a: Poke\n|-hitcount|p2: Poke|2\n|\n|-sideend|p1: RaxarOrod|move: Tailwind\n|-ability|p1a: Ninjask|Speed Boost|boost\n|-boost|p1a: Ninjask|spe|1\n|upkeep\n|\n|t:|1700633509\n|switch|p2a: Sick them!|Arcanine-Hisui, M|59\/100\n|turn|20\n|\n|t:|1700633517\n|move|p1a: Ninjask|Dual Wingbeat|p2a: Sick them!|[miss]\n|-miss|p1a: Ninjask|p2a: Sick them!\n|move|p2a: Sick them!|Flare Blitz|p1a: Ninjask\n|-supereffective|p1a: Ninjask\n|-enditem|p1a: Ninjask|Focus Sash\n|-damage|p1a: Ninjask|1\/100\n|\n|-ability|p1a: Ninjask|Speed Boost|boost\n|-boost|p1a: Ninjask|spe|1\n|upkeep\n|turn|21\n|\n|t:|1700633526\n|move|p1a: Ninjask|Acrobatics|p2a: Sick them!\n|-resisted|p2a: Sick them!\n|-damage|p2a: Sick them!|33\/100\n|move|p2a: Sick them!|Flare Blitz|p1a: Ninjask\n|-supereffective|p1a: Ninjask\n|-damage|p1a: Ninjask|0 fnt\n|faint|p1a: Ninjask\n|\n|win|igphhangout\n","uploadtime":1700633535,"views":3,"p1id":"raxarorod","p2id":"igphhangout","formatid":"gen9nationaldexubers","rating":0,"private":0,"password":""}