{"id":"gen9nationaldexubers-1991858147","p1":"mgtt3q","p2":"Plasmic Cosmos","format":"[Gen 9] National Dex Ubers","log":"|j|\u2606mgtt3q\n|j|\u2606Plasmic Cosmos\n|t:|1700129476\n|gametype|singles\n|player|p1|mgtt3q|red|1186\n|player|p2|Plasmic Cosmos|ghetsis|1308\n|teamsize|p1|6\n|teamsize|p2|6\n|gen|9\n|tier|[Gen 9] National Dex Ubers\n|rated|\n|rule|HP Percentage Mod: HP is shown in percentages\n|rule|Endless Battle Clause: Forcing endless battles is banned\n|rule|OHKO Clause: OHKO moves are banned\n|rule|Evasion Moves Clause: Evasion moves are banned\n|rule|Evasion Items Clause: Evasion items are banned\n|rule|Species Clause: Limit one of each Pok\u00e9mon\n|rule|Sleep Clause Mod: Limit one foe put to sleep\n|rule|Mega Rayquaza Clause: You cannot mega evolve Rayquaza\n|clearpoke\n|poke|p1|Pikachu-Original, M|\n|poke|p1|Lucario, M|\n|poke|p1|Gengar, M|\n|poke|p1|Dragonite, M|\n|poke|p1|Sirfetch\u2019d, M|\n|poke|p1|Dracovish|\n|poke|p2|Zygarde|\n|poke|p2|Groudon|\n|poke|p2|Ho-Oh|\n|poke|p2|Zacian-*|\n|poke|p2|Arceus-Dark|\n|poke|p2|Kyurem-Black|\n|teampreview\n|inactive|Battle timer is ON: inactive players will automatically lose when time's up. (requested by mgtt3q)\n|inactive|Plasmic Cosmos also wants the timer to be on.\n|\n|t:|1700129487\n|start\n|switch|p1a: Dracovish|Dracovish|100\/100\n|switch|p2a: Groudon|Groudon|100\/100\n|detailschange|p2a: Groudon|Groudon-Primal\n|-primal|p2a: Groudon|Red Orb\n|-weather|DesolateLand|[from] ability: Desolate Land|[of] p2a: Groudon\n|turn|1\n|\n|t:|1700129508\n|move|p2a: Groudon|Toxic|p1a: Dracovish\n|-status|p1a: Dracovish|tox\n|move|p1a: Dracovish|Ice Fang|p2a: Groudon\n|-damage|p2a: Groudon|86\/100\n|\n|-weather|DesolateLand|[upkeep]\n|-damage|p1a: Dracovish|94\/100 tox|[from] psn\n|upkeep\n|turn|2\n|\n|t:|1700129520\n|switch|p1a: Sirfetch\u2019d|Sirfetch\u2019d, M|100\/100\n|move|p2a: Groudon|Stealth Rock|p1a: Sirfetch\u2019d\n|-sidestart|p1: mgtt3q|move: Stealth Rock\n|\n|-weather|DesolateLand|[upkeep]\n|upkeep\n|turn|3\n|\n|t:|1700129525\n|move|p2a: Groudon|Toxic|p1a: Sirfetch\u2019d\n|-status|p1a: Sirfetch\u2019d|tox\n|move|p1a: Sirfetch\u2019d|Meteor Assault|p2a: Groudon\n|-crit|p2a: Groudon\n|-damage|p2a: Groudon|10\/100\n|-mustrecharge|p1a: Sirfetch\u2019d\n|\n|-weather|DesolateLand|[upkeep]\n|-damage|p1a: Sirfetch\u2019d|94\/100 tox|[from] psn\n|upkeep\n|turn|4\n|\n|t:|1700129534\n|cant|p1a: Sirfetch\u2019d|recharge\n|move|p2a: Groudon|Roar|p1a: Sirfetch\u2019d\n|drag|p1a: Gengar|Gengar, M|100\/100\n|-damage|p1a: Gengar|88\/100|[from] Stealth Rock\n|\n|-weather|DesolateLand|[upkeep]\n|upkeep\n|turn|5\n|\n|t:|1700129546\n|move|p1a: Gengar|Shadow Ball|p2a: Groudon\n|-damage|p2a: Groudon|0 fnt\n|faint|p2a: Groudon\n|-weather|none\n|\n|upkeep\n|inactive|Plasmic Cosmos has 120 seconds left.\n|\n|t:|1700129577\n|switch|p2a: Arceus|Arceus-Dark|100\/100\n|turn|6\n|\n|t:|1700129581\n|move|p1a: Gengar|Dazzling Gleam|p2a: Arceus\n|-supereffective|p2a: Arceus\n|-damage|p2a: Arceus|57\/100\n|move|p2a: Arceus|Judgment|p1a: Gengar\n|-supereffective|p1a: Gengar\n|-damage|p1a: Gengar|0 fnt\n|faint|p1a: Gengar\n|\n|upkeep\n|\n|t:|1700129603\n|switch|p1a: Sirfetch\u2019d|Sirfetch\u2019d, M|94\/100 tox\n|-damage|p1a: Sirfetch\u2019d|88\/100 tox|[from] Stealth Rock\n|turn|7\n|\n|t:|1700129615\n|move|p2a: Arceus|Recover|p2a: Arceus\n|-heal|p2a: Arceus|100\/100\n|move|p1a: Sirfetch\u2019d|Meteor Assault|p2a: Arceus\n|-supereffective|p2a: Arceus\n|-crit|p2a: Arceus\n|-damage|p2a: Arceus|0 fnt\n|-mustrecharge|p1a: Sirfetch\u2019d\n|faint|p2a: Arceus\n|\n|-damage|p1a: Sirfetch\u2019d|82\/100 tox|[from] psn\n|upkeep\n|\n|t:|1700129619\n|switch|p2a: Zacian|Zacian-Crowned|100\/100\n|-ability|p2a: Zacian|Intrepid Sword|boost\n|-boost|p2a: Zacian|atk|1\n|turn|8\n|\n|t:|1700129627\n|move|p2a: Zacian|Swords Dance|p2a: Zacian\n|-boost|p2a: Zacian|atk|2\n|cant|p1a: Sirfetch\u2019d|recharge\n|\n|-damage|p1a: Sirfetch\u2019d|70\/100 tox|[from] psn\n|upkeep\n|turn|9\n|\n|t:|1700129633\n|move|p2a: Zacian|Behemoth Blade|p1a: Sirfetch\u2019d\n|-damage|p1a: Sirfetch\u2019d|0 fnt\n|faint|p1a: Sirfetch\u2019d\n|\n|upkeep\n|\n|t:|1700129662\n|switch|p1a: Pikachu|Pikachu-Original, M|100\/100\n|-damage|p1a: Pikachu|88\/100|[from] Stealth Rock\n|turn|10\n|\n|t:|1700129665\n|move|p1a: Pikachu|Quick Attack|p2a: Zacian\n|-resisted|p2a: Zacian\n|-damage|p2a: Zacian|96\/100\n|move|p2a: Zacian|Behemoth Blade|p1a: Pikachu\n|-resisted|p1a: Pikachu\n|-damage|p1a: Pikachu|0 fnt\n|faint|p1a: Pikachu\n|\n|upkeep\n|inactive|mgtt3q has 120 seconds left.\n|inactive|mgtt3q has 90 seconds left.\n|\n|t:|1700129737\n|switch|p1a: Lucario|Lucario, M|100\/100\n|-damage|p1a: Lucario|98\/100|[from] Stealth Rock\n|turn|11\n|\n|t:|1700129750\n|detailschange|p1a: Lucario|Lucario-Mega, M\n|-mega|p1a: Lucario|Lucario|Lucarionite\n|move|p2a: Zacian|Wild Charge|p1a: Lucario\n|-damage|p1a: Lucario|0 fnt\n|faint|p1a: Lucario\n|-damage|p2a: Zacian|75\/100|[from] Recoil\n|\n|upkeep\n|\n|t:|1700129758\n|switch|p1a: Dracovish|Dracovish|94\/100 tox\n|-damage|p1a: Dracovish|82\/100 tox|[from] Stealth Rock\n|turn|12\n|\n|t:|1700129773\n|-terastallize|p1a: Dracovish|Water\n|move|p2a: Zacian|Wild Charge|p1a: Dracovish\n|-supereffective|p1a: Dracovish\n|-damage|p1a: Dracovish|0 fnt\n|faint|p1a: Dracovish\n|-damage|p2a: Zacian|51\/100|[from] Recoil\n|\n|upkeep\n|\n|t:|1700129777\n|switch|p1a: Dragonite|Dragonite, M|100\/100\n|-damage|p1a: Dragonite|76\/100|[from] Stealth Rock\n|turn|13\n|\n|t:|1700129780\n|move|p2a: Zacian|Behemoth Blade|p1a: Dragonite\n|-damage|p1a: Dragonite|0 fnt\n|faint|p1a: Dragonite\n|\n|win|Plasmic Cosmos\n|raw|mgtt3q's rating: 1186 &rarr; <strong>1169<\/strong><br \/>(-17 for losing)\n|raw|Plasmic Cosmos's rating: 1308 &rarr; <strong>1321<\/strong><br \/>(+13 for winning)\n|l|\u2606mgtt3q\n","uploadtime":1700129785,"views":9,"p1id":"mgtt3q","p2id":"plasmiccosmos","formatid":"gen9nationaldexubers","rating":1169,"private":0,"password":""}