{"id":"gen9nationaldexubers-1985044772","p1":"tyhanssb","p2":"Soup56168","format":"[Gen 9] National Dex Ubers","log":"|j|\u2606tyhanssb\n|j|\u2606Soup56168\n|t:|1699324146\n|gametype|singles\n|player|p1|tyhanssb|doubleteam|\n|player|p2|Soup56168|fisherman-gen4|\n|teamsize|p1|6\n|teamsize|p2|6\n|gen|9\n|tier|[Gen 9] National Dex Ubers\n|rule|HP Percentage Mod: HP is shown in percentages\n|rule|Endless Battle Clause: Forcing endless battles is banned\n|rule|OHKO Clause: OHKO moves are banned\n|rule|Evasion Moves Clause: Evasion moves are banned\n|rule|Evasion Items Clause: Evasion items are banned\n|rule|Species Clause: Limit one of each Pok\u00e9mon\n|rule|Sleep Clause Mod: Limit one foe put to sleep\n|rule|Mega Rayquaza Clause: You cannot mega evolve Rayquaza\n|clearpoke\n|poke|p1|Scovillain, F|\n|poke|p1|Scizor, M|\n|poke|p1|Necrozma-Dawn-Wings|\n|poke|p1|Dragapult, M|\n|poke|p1|Blissey, F|\n|poke|p1|Annihilape, M|\n|poke|p2|Blastoise, F|\n|poke|p2|Dragonite, M|\n|poke|p2|Genesect|\n|poke|p2|Aerodactyl, M|\n|poke|p2|Kommo-o, F|\n|poke|p2|Raichu-Alola, F|\n|teampreview\n|\n|t:|1699324159\n|start\n|switch|p1a: Scovillain|Scovillain, F|100\/100\n|switch|p2a: EEE|Genesect|100\/100\n|-ability|p2a: EEE|Download|boost\n|-boost|p2a: EEE|atk|1\n|turn|1\n|\n|t:|1699324171\n|-terastallize|p2a: EEE|Ghost\n|move|p2a: EEE|Bug Buzz|p1a: Scovillain\n|-damage|p1a: Scovillain|56\/100\n|move|p1a: Scovillain|Leech Seed|p2a: EEE\n|-start|p2a: EEE|move: Leech Seed\n|\n|-heal|p1a: Scovillain|62\/100|[from] item: Leftovers\n|-damage|p2a: EEE|88\/100|[from] Leech Seed|[of] p1a: Scovillain\n|-heal|p1a: Scovillain|77\/100|[silent]\n|upkeep\n|turn|2\n|\n|t:|1699324180\n|move|p1a: Scovillain|Protect|p1a: Scovillain\n|-singleturn|p1a: Scovillain|Protect\n|move|p2a: EEE|Blaze Kick|p1a: Scovillain\n|-activate|p1a: Scovillain|move: Protect\n|\n|-heal|p1a: Scovillain|83\/100|[from] item: Leftovers\n|-damage|p2a: EEE|76\/100|[from] Leech Seed|[of] p1a: Scovillain\n|-heal|p1a: Scovillain|98\/100|[silent]\n|upkeep\n|turn|3\n|\n|t:|1699324188\n|move|p2a: EEE|Blaze Kick|p1a: Scovillain\n|-damage|p1a: Scovillain|55\/100\n|move|p1a: Scovillain|Substitute|p1a: Scovillain\n|-start|p1a: Scovillain|Substitute\n|-damage|p1a: Scovillain|30\/100\n|\n|-heal|p1a: Scovillain|36\/100|[from] item: Leftovers\n|-damage|p2a: EEE|63\/100|[from] Leech Seed|[of] p1a: Scovillain\n|-heal|p1a: Scovillain|50\/100|[silent]\n|upkeep\n|turn|4\n|\n|t:|1699324200\n|switch|p2a: turtol|Blastoise, F|100\/100\n|move|p1a: Scovillain|Protect||[still]\n|-fail|p1a: Scovillain\n|\n|-heal|p1a: Scovillain|57\/100|[from] item: Leftovers\n|upkeep\n|turn|5\n|\n|t:|1699324207\n|move|p2a: turtol|Crunch|p1a: Scovillain\n|-activate|p1a: Scovillain|move: Substitute|[damage]\n|move|p1a: Scovillain|Leech Seed|p2a: turtol\n|-start|p2a: turtol|move: Leech Seed\n|\n|-heal|p1a: Scovillain|63\/100|[from] item: Leftovers\n|-damage|p2a: turtol|88\/100|[from] Leech Seed|[of] p1a: Scovillain\n|-heal|p1a: Scovillain|78\/100|[silent]\n|upkeep\n|turn|6\n|\n|t:|1699324219\n|move|p1a: Scovillain|Protect|p1a: Scovillain\n|-singleturn|p1a: Scovillain|Protect\n|move|p2a: turtol|Aqua Jet|p1a: Scovillain\n|-activate|p1a: Scovillain|move: Protect\n|\n|-heal|p1a: Scovillain|84\/100|[from] item: Leftovers\n|-damage|p2a: turtol|76\/100|[from] Leech Seed|[of] p1a: Scovillain\n|-heal|p1a: Scovillain|99\/100|[silent]\n|upkeep\n|turn|7\n|\n|t:|1699324230\n|move|p2a: turtol|Aqua Jet|p1a: Scovillain\n|-end|p1a: Scovillain|Substitute\n|move|p1a: Scovillain|Substitute|p1a: Scovillain\n|-start|p1a: Scovillain|Substitute\n|-damage|p1a: Scovillain|74\/100\n|\n|-heal|p1a: Scovillain|81\/100|[from] item: Leftovers\n|-damage|p2a: turtol|63\/100|[from] Leech Seed|[of] p1a: Scovillain\n|-heal|p1a: Scovillain|96\/100|[silent]\n|upkeep\n|turn|8\n|\n|t:|1699324239\n|move|p1a: Scovillain|Protect|p1a: Scovillain\n|-singleturn|p1a: Scovillain|Protect\n|move|p2a: turtol|Aqua Jet|p1a: Scovillain\n|-activate|p1a: Scovillain|move: Protect\n|\n|-heal|p1a: Scovillain|100\/100|[from] item: Leftovers\n|-damage|p2a: turtol|51\/100|[from] Leech Seed|[of] p1a: Scovillain\n|upkeep\n|turn|9\n|\n|t:|1699324250\n|move|p2a: turtol|Aqua Jet|p1a: Scovillain\n|-activate|p1a: Scovillain|move: Substitute|[damage]\n|move|p1a: Scovillain|Substitute|p1a: Scovillain\n|-fail|p1a: Scovillain|move: Substitute\n|\n|-damage|p2a: turtol|39\/100|[from] Leech Seed|[of] p1a: Scovillain\n|upkeep\n|turn|10\n|\n|t:|1699324257\n|move|p1a: Scovillain|Protect|p1a: Scovillain\n|-singleturn|p1a: Scovillain|Protect\n|move|p2a: turtol|Aqua Jet|p1a: Scovillain\n|-activate|p1a: Scovillain|move: Protect\n|\n|-damage|p2a: turtol|26\/100|[from] Leech Seed|[of] p1a: Scovillain\n|upkeep\n|turn|11\n|\n|t:|1699324266\n|move|p2a: turtol|Aqua Jet|p1a: Scovillain\n|-end|p1a: Scovillain|Substitute\n|move|p1a: Scovillain|Substitute|p1a: Scovillain\n|-start|p1a: Scovillain|Substitute\n|-damage|p1a: Scovillain|75\/100\n|\n|-heal|p1a: Scovillain|82\/100|[from] item: Leftovers\n|-damage|p2a: turtol|14\/100|[from] Leech Seed|[of] p1a: Scovillain\n|-heal|p1a: Scovillain|97\/100|[silent]\n|upkeep\n|turn|12\n|\n|t:|1699324280\n|move|p1a: Scovillain|Protect|p1a: Scovillain\n|-singleturn|p1a: Scovillain|Protect\n|move|p2a: turtol|Aqua Jet|p1a: Scovillain\n|-activate|p1a: Scovillain|move: Protect\n|\n|-heal|p1a: Scovillain|100\/100|[from] item: Leftovers\n|-damage|p2a: turtol|2\/100|[from] Leech Seed|[of] p1a: Scovillain\n|upkeep\n|turn|13\n|\n|t:|1699324292\n|move|p2a: turtol|Dragon Pulse|p1a: Scovillain\n|-activate|p1a: Scovillain|move: Substitute|[damage]\n|move|p1a: Scovillain|Substitute|p1a: Scovillain\n|-fail|p1a: Scovillain|move: Substitute\n|\n|-damage|p2a: turtol|0 fnt|[from] Leech Seed|[of] p1a: Scovillain\n|faint|p2a: turtol\n|upkeep\n|\n|t:|1699324301\n|switch|p2a: ITS A RAT|Raichu-Alola, F|100\/100\n|turn|14\n|\n|t:|1699324305\n|move|p2a: ITS A RAT|Extreme Speed|p1a: Scovillain\n|-end|p1a: Scovillain|Substitute\n|move|p1a: Scovillain|Leech Seed|p2a: ITS A RAT\n|-start|p2a: ITS A RAT|move: Leech Seed\n|\n|-damage|p2a: ITS A RAT|88\/100|[from] Leech Seed|[of] p1a: Scovillain\n|upkeep\n|turn|15\n|\n|t:|1699324320\n|-terastallize|p1a: Scovillain|Electric\n|move|p1a: Scovillain|Protect|p1a: Scovillain\n|-singleturn|p1a: Scovillain|Protect\n|move|p2a: ITS A RAT|Play Rough|p1a: Scovillain\n|-activate|p1a: Scovillain|move: Protect\n|\n|-damage|p2a: ITS A RAT|76\/100|[from] Leech Seed|[of] p1a: Scovillain\n|upkeep\n|turn|16\n|\n|t:|1699324328\n|move|p2a: ITS A RAT|Play Rough|p1a: Scovillain\n|-damage|p1a: Scovillain|73\/100\n|move|p1a: Scovillain|Substitute|p1a: Scovillain\n|-start|p1a: Scovillain|Substitute\n|-damage|p1a: Scovillain|48\/100\n|\n|-heal|p1a: Scovillain|54\/100|[from] item: Leftovers\n|-damage|p2a: ITS A RAT|63\/100|[from] Leech Seed|[of] p1a: Scovillain\n|-heal|p1a: Scovillain|68\/100|[silent]\n|upkeep\n|turn|17\n|\n|t:|1699324338\n|move|p1a: Scovillain|Protect|p1a: Scovillain\n|-singleturn|p1a: Scovillain|Protect\n|move|p2a: ITS A RAT|Extreme Speed|p1a: Scovillain\n|-activate|p1a: Scovillain|move: Protect\n|\n|-heal|p1a: Scovillain|74\/100|[from] item: Leftovers\n|-damage|p2a: ITS A RAT|51\/100|[from] Leech Seed|[of] p1a: Scovillain\n|-heal|p1a: Scovillain|88\/100|[silent]\n|upkeep\n|turn|18\n|\n|t:|1699324348\n|move|p2a: ITS A RAT|Extreme Speed|p1a: Scovillain\n|-activate|p1a: Scovillain|move: Substitute|[damage]\n|move|p1a: Scovillain|Substitute|p1a: Scovillain\n|-fail|p1a: Scovillain|move: Substitute\n|\n|-heal|p1a: Scovillain|94\/100|[from] item: Leftovers\n|-damage|p2a: ITS A RAT|39\/100|[from] Leech Seed|[of] p1a: Scovillain\n|-heal|p1a: Scovillain|100\/100|[silent]\n|upkeep\n|turn|19\n|\n|t:|1699324357\n|move|p1a: Scovillain|Protect|p1a: Scovillain\n|-singleturn|p1a: Scovillain|Protect\n|move|p2a: ITS A RAT|Extreme Speed|p1a: Scovillain\n|-activate|p1a: Scovillain|move: Protect\n|\n|-damage|p2a: ITS A RAT|26\/100|[from] Leech Seed|[of] p1a: Scovillain\n|upkeep\n|turn|20\n|\n|t:|1699324375\n|move|p2a: ITS A RAT|Extreme Speed|p1a: Scovillain\n|-end|p1a: Scovillain|Substitute\n|move|p1a: Scovillain|Flamethrower|p2a: ITS A RAT\n|-damage|p2a: ITS A RAT|0 fnt\n|faint|p2a: ITS A RAT\n|\n|upkeep\n|\n|t:|1699324384\n|switch|p2a: dino|Aerodactyl, M|100\/100\n|turn|21\n|\n|t:|1699324390\n|move|p1a: Scovillain|Protect|p1a: Scovillain\n|-singleturn|p1a: Scovillain|Protect\n|move|p2a: dino|Ancient Power|p1a: Scovillain\n|-activate|p1a: Scovillain|move: Protect\n|\n|upkeep\n|turn|22\n|\n|t:|1699324395\n|move|p2a: dino|Ancient Power|p1a: Scovillain\n|-damage|p1a: Scovillain|82\/100\n|move|p1a: Scovillain|Leech Seed|p2a: dino\n|-start|p2a: dino|move: Leech Seed\n|\n|-heal|p1a: Scovillain|88\/100|[from] item: Leftovers\n|-damage|p2a: dino|88\/100|[from] Leech Seed|[of] p1a: Scovillain\n|-heal|p1a: Scovillain|100\/100|[silent]\n|upkeep\n|turn|23\n|\n|t:|1699324404\n|move|p2a: dino|Ancient Power|p1a: Scovillain\n|-damage|p1a: Scovillain|82\/100\n|move|p1a: Scovillain|Substitute|p1a: Scovillain\n|-start|p1a: Scovillain|Substitute\n|-damage|p1a: Scovillain|57\/100\n|\n|-heal|p1a: Scovillain|63\/100|[from] item: Leftovers\n|-damage|p2a: dino|76\/100|[from] Leech Seed|[of] p1a: Scovillain\n|-heal|p1a: Scovillain|78\/100|[silent]\n|upkeep\n|turn|24\n|\n|t:|1699324413\n|move|p1a: Scovillain|Protect|p1a: Scovillain\n|-singleturn|p1a: Scovillain|Protect\n|move|p2a: dino|Ancient Power|p1a: Scovillain\n|-activate|p1a: Scovillain|move: Protect\n|\n|-heal|p1a: Scovillain|84\/100|[from] item: Leftovers\n|-damage|p2a: dino|63\/100|[from] Leech Seed|[of] p1a: Scovillain\n|-heal|p1a: Scovillain|99\/100|[silent]\n|upkeep\n|turn|25\n|\n|t:|1699324427\n|move|p2a: dino|Ancient Power|p1a: Scovillain\n|-activate|p1a: Scovillain|move: Substitute|[damage]\n|move|p1a: Scovillain|Substitute|p1a: Scovillain\n|-fail|p1a: Scovillain|move: Substitute\n|\n|-heal|p1a: Scovillain|100\/100|[from] item: Leftovers\n|-damage|p2a: dino|51\/100|[from] Leech Seed|[of] p1a: Scovillain\n|upkeep\n|turn|26\n|\n|t:|1699324441\n|move|p2a: dino|Ancient Power|p1a: Scovillain\n|-crit|p1a: Scovillain\n|-end|p1a: Scovillain|Substitute\n|move|p1a: Scovillain|Substitute|p1a: Scovillain\n|-start|p1a: Scovillain|Substitute\n|-damage|p1a: Scovillain|75\/100\n|\n|-heal|p1a: Scovillain|82\/100|[from] item: Leftovers\n|-damage|p2a: dino|38\/100|[from] Leech Seed|[of] p1a: Scovillain\n|-heal|p1a: Scovillain|97\/100|[silent]\n|upkeep\n|turn|27\n|\n|t:|1699324449\n|move|p1a: Scovillain|Protect|p1a: Scovillain\n|-singleturn|p1a: Scovillain|Protect\n|move|p2a: dino|Ancient Power|p1a: Scovillain\n|-activate|p1a: Scovillain|move: Protect\n|\n|-heal|p1a: Scovillain|100\/100|[from] item: Leftovers\n|-damage|p2a: dino|26\/100|[from] Leech Seed|[of] p1a: Scovillain\n|upkeep\n|turn|28\n|\n|t:|1699324461\n|move|p2a: dino|Ancient Power|p1a: Scovillain\n|-crit|p1a: Scovillain\n|-end|p1a: Scovillain|Substitute\n|move|p1a: Scovillain|Substitute|p1a: Scovillain\n|-start|p1a: Scovillain|Substitute\n|-damage|p1a: Scovillain|75\/100\n|\n|-heal|p1a: Scovillain|82\/100|[from] item: Leftovers\n|-damage|p2a: dino|14\/100|[from] Leech Seed|[of] p1a: Scovillain\n|-heal|p1a: Scovillain|97\/100|[silent]\n|upkeep\n|turn|29\n|\n|t:|1699324473\n|move|p1a: Scovillain|Protect|p1a: Scovillain\n|-singleturn|p1a: Scovillain|Protect\n|move|p2a: dino|Crunch|p1a: Scovillain\n|-activate|p1a: Scovillain|move: Protect\n|\n|-heal|p1a: Scovillain|100\/100|[from] item: Leftovers\n|-damage|p2a: dino|1\/100|[from] Leech Seed|[of] p1a: Scovillain\n|upkeep\n|turn|30\n|\n|t:|1699324484\n|move|p2a: dino|Crunch|p1a: Scovillain\n|-end|p1a: Scovillain|Substitute\n|move|p1a: Scovillain|Leech Seed||[still]\n|-fail|p1a: Scovillain\n|\n|-damage|p2a: dino|0 fnt|[from] Leech Seed|[of] p1a: Scovillain\n|faint|p2a: dino\n|upkeep\n|\n|t:|1699324495\n|switch|p2a: rahh|Dragonite, M|100\/100\n|turn|31\n|\n|t:|1699324502\n|move|p2a: rahh|Air Slash|p1a: Scovillain\n|-resisted|p1a: Scovillain\n|-damage|p1a: Scovillain|85\/100\n|cant|p1a: Scovillain|flinch\n|\n|-heal|p1a: Scovillain|92\/100|[from] item: Leftovers\n|upkeep\n|turn|32\n|\n|t:|1699324508\n|move|p2a: rahh|Dragon Claw|p1a: Scovillain\n|-damage|p1a: Scovillain|35\/100\n|move|p1a: Scovillain|Leech Seed|p2a: rahh\n|-start|p2a: rahh|move: Leech Seed\n|\n|-heal|p1a: Scovillain|41\/100|[from] item: Leftovers\n|-damage|p2a: rahh|88\/100|[from] Leech Seed|[of] p1a: Scovillain\n|-heal|p1a: Scovillain|59\/100|[silent]\n|upkeep\n|turn|33\n|\n|t:|1699324519\n|move|p2a: rahh|Dragon Claw|p1a: Scovillain\n|-damage|p1a: Scovillain|2\/100\n|move|p1a: Scovillain|Substitute|p1a: Scovillain\n|-fail|p1a: Scovillain|move: Substitute|[weak]\n|\n|-heal|p1a: Scovillain|8\/100|[from] item: Leftovers\n|-damage|p2a: rahh|75\/100|[from] Leech Seed|[of] p1a: Scovillain\n|-heal|p1a: Scovillain|25\/100|[silent]\n|upkeep\n|turn|34\n|\n|t:|1699324527\n|move|p1a: Scovillain|Protect|p1a: Scovillain\n|-singleturn|p1a: Scovillain|Protect\n|move|p2a: rahh|Dragon Claw|p1a: Scovillain\n|-activate|p1a: Scovillain|move: Protect\n|\n|-heal|p1a: Scovillain|32\/100|[from] item: Leftovers\n|-damage|p2a: rahh|63\/100|[from] Leech Seed|[of] p1a: Scovillain\n|-heal|p1a: Scovillain|49\/100|[silent]\n|upkeep\n|turn|35\n|\n|t:|1699324535\n|move|p2a: rahh|Dragon Claw|p1a: Scovillain\n|-damage|p1a: Scovillain|0 fnt\n|faint|p1a: Scovillain\n|\n|upkeep\n|\n|t:|1699324542\n|switch|p1a: Necrozma|Necrozma-Dawn-Wings|100\/100\n|turn|36\n|\n|t:|1699324549\n|detailschange|p1a: Necrozma|Necrozma-Ultra\n|-burst|p1a: Necrozma|Necrozma|Ultranecrozium Z\n|move|p1a: Necrozma|Photon Geyser|p2a: rahh\n|-damage|p2a: rahh|7\/100\n|move|p2a: rahh|Dragon Claw|p1a: Necrozma\n|-supereffective|p1a: Necrozma\n|-damage|p1a: Necrozma|26\/100\n|\n|-damage|p2a: rahh|0 fnt|[from] Leech Seed|[of] p1a: Necrozma\n|-heal|p1a: Necrozma|33\/100|[silent]\n|faint|p2a: rahh\n|upkeep\n|\n|t:|1699324561\n|switch|p2a: EEE|Genesect, tera:Ghost|63\/100\n|-ability|p2a: EEE|Download|boost\n|-boost|p2a: EEE|spa|1\n|turn|37\n|\n|t:|1699324569\n|-zpower|p1a: Necrozma\n|move|p1a: Necrozma|Light That Burns the Sky|p2a: EEE|[zeffect]\n|-damage|p2a: EEE|0 fnt\n|faint|p2a: EEE\n|\n|upkeep\n|\n|t:|1699324575\n|switch|p2a: Weird DWag|Kommo-o, F|100\/100\n|turn|38\n|\n|t:|1699324580\n|move|p1a: Necrozma|Dragon Pulse|p2a: Weird DWag\n|-supereffective|p2a: Weird DWag\n|-damage|p2a: Weird DWag|0 fnt\n|faint|p2a: Weird DWag\n|\n|win|tyhanssb\n|l|\u2606Soup56168\n","uploadtime":1699324820,"views":8,"p1id":"tyhanssb","p2id":"soup56168","formatid":"gen9nationaldexubers","rating":0,"private":0,"password":""}