{"id":"gen9nationaldexubers-1986563373","p1":"alcatel999","p2":"axelzzz09","format":"[Gen 9] National Dex Ubers","log":"|j|\u2606alcatel999\n|j|\u2606axelzzz09\n|t:|1699492375\n|gametype|singles\n|player|p1|alcatel999|rocketgrunt|\n|player|p2|axelzzz09|lance|\n|teamsize|p1|6\n|teamsize|p2|6\n|gen|9\n|tier|[Gen 9] National Dex Ubers\n|rule|HP Percentage Mod: HP is shown in percentages\n|rule|Endless Battle Clause: Forcing endless battles is banned\n|rule|OHKO Clause: OHKO moves are banned\n|rule|Evasion Moves Clause: Evasion moves are banned\n|rule|Evasion Items Clause: Evasion items are banned\n|rule|Species Clause: Limit one of each Pok\u00e9mon\n|rule|Sleep Clause Mod: Limit one foe put to sleep\n|rule|Mega Rayquaza Clause: You cannot mega evolve Rayquaza\n|clearpoke\n|poke|p1|Diancie|\n|poke|p1|Klefki, M|\n|poke|p1|Mimikyu, M|\n|poke|p1|Tapu Fini|\n|poke|p1|Tapu Bulu|\n|poke|p1|Tapu Lele|\n|poke|p2|Volcarona, M|\n|poke|p2|Ursaluna-Bloodmoon, M|\n|poke|p2|Ceruledge, M|\n|poke|p2|Kommo-o, M|\n|poke|p2|Charizard, F|\n|poke|p2|Sneasler, F|\n|teampreview\n|\n|t:|1699492382\n|start\n|switch|p1a: LelePancha|Tapu Lele|100\/100\n|switch|p2a: Volcarona|Volcarona, M|100\/100\n|-fieldstart|move: Psychic Terrain|[from] ability: Psychic Surge|[of] p1a: LelePancha\n|turn|1\n|\n|t:|1699492392\n|switch|p1a: FinoSe\u00f1ores|Tapu Fini|100\/100\n|-fieldstart|move: Misty Terrain|[from] ability: Misty Surge|[of] p1a: FinoSe\u00f1ores\n|move|p2a: Volcarona|Quiver Dance|p2a: Volcarona\n|-boost|p2a: Volcarona|spa|1\n|-boost|p2a: Volcarona|spd|1\n|-boost|p2a: Volcarona|spe|1\n|\n|upkeep\n|turn|2\n|c|\u2606axelzzz09|conoces hp?\n|\n|t:|1699492409\n|move|p2a: Volcarona|Hidden Power|p1a: FinoSe\u00f1ores\n|-supereffective|p1a: FinoSe\u00f1ores\n|-damage|p1a: FinoSe\u00f1ores|64\/100\n|move|p1a: FinoSe\u00f1ores|Taunt|p2a: Volcarona\n|-start|p2a: Volcarona|move: Taunt\n|\n|-heal|p1a: FinoSe\u00f1ores|71\/100|[from] item: Leftovers\n|upkeep\n|turn|3\n|c|\u2606alcatel999|Hp es vida\n|c|\u2606axelzzz09|noo jodas\n|c|\u2606axelzzz09|hiden power\n|\n|t:|1699492423\n|move|p2a: Volcarona|Hidden Power|p1a: FinoSe\u00f1ores\n|-supereffective|p1a: FinoSe\u00f1ores\n|-damage|p1a: FinoSe\u00f1ores|35\/100\n|move|p1a: FinoSe\u00f1ores|Calm Mind|p1a: FinoSe\u00f1ores\n|-boost|p1a: FinoSe\u00f1ores|spa|1\n|-boost|p1a: FinoSe\u00f1ores|spd|1\n|\n|-heal|p1a: FinoSe\u00f1ores|41\/100|[from] item: Leftovers\n|upkeep\n|turn|4\n|\n|t:|1699492431\n|-terastallize|p1a: FinoSe\u00f1ores|Ground\n|move|p2a: Volcarona|Hidden Power|p1a: FinoSe\u00f1ores\n|-resisted|p1a: FinoSe\u00f1ores\n|-damage|p1a: FinoSe\u00f1ores|35\/100\n|move|p1a: FinoSe\u00f1ores|Calm Mind|p1a: FinoSe\u00f1ores\n|-boost|p1a: FinoSe\u00f1ores|spa|1\n|-boost|p1a: FinoSe\u00f1ores|spd|1\n|\n|-heal|p1a: FinoSe\u00f1ores|41\/100|[from] item: Leftovers\n|upkeep\n|turn|5\n|\n|t:|1699492441\n|move|p2a: Volcarona|Fiery Dance|p1a: FinoSe\u00f1ores\n|-damage|p1a: FinoSe\u00f1ores|22\/100\n|move|p1a: FinoSe\u00f1ores|Scald|p2a: Volcarona\n|-supereffective|p2a: Volcarona\n|-damage|p2a: Volcarona|25\/100\n|\n|-heal|p1a: FinoSe\u00f1ores|28\/100|[from] item: Leftovers\n|-end|p2a: Volcarona|move: Taunt\n|-fieldend|Misty Terrain\n|upkeep\n|turn|6\n|c|\u2606axelzzz09|xdd\n|\n|t:|1699492455\n|move|p2a: Volcarona|Fiery Dance|p1a: FinoSe\u00f1ores\n|-crit|p1a: FinoSe\u00f1ores\n|-damage|p1a: FinoSe\u00f1ores|0 fnt\n|faint|p1a: FinoSe\u00f1ores\n|\n|upkeep\n|\n|t:|1699492458\n|switch|p1a: Mimigod|Mimikyu, M|100\/100\n|turn|7\n|\n|t:|1699492464\n|move|p2a: Volcarona|Fiery Dance|p1a: Mimigod\n|-activate|p1a: Mimigod|ability: Disguise\n|-damage|p1a: Mimigod|100\/100\n|-boost|p2a: Volcarona|spa|1\n|detailschange|p1a: Mimigod|Mimikyu-Busted, M\n|-damage|p1a: Mimigod|88\/100|[from] pokemon: Mimikyu-Busted\n|move|p1a: Mimigod|Swords Dance|p1a: Mimigod\n|-boost|p1a: Mimigod|atk|2\n|\n|upkeep\n|turn|8\n|\n|t:|1699492476\n|move|p1a: Mimigod|Shadow Sneak|p2a: Volcarona\n|-damage|p2a: Volcarona|0 fnt\n|faint|p2a: Volcarona\n|-damage|p1a: Mimigod|78\/100|[from] item: Life Orb\n|\n|upkeep\n|\n|t:|1699492485\n|switch|p2a: Ursaluna|Ursaluna-Bloodmoon, M|100\/100\n|turn|9\n|\n|t:|1699492490\n|move|p1a: Mimigod|Drain Punch|p2a: Ursaluna\n|-supereffective|p2a: Ursaluna\n|-damage|p2a: Ursaluna|43\/100\n|-heal|p1a: Mimigod|100\/100|[from] drain|[of] p2a: Ursaluna\n|-damage|p1a: Mimigod|91\/100|[from] item: Life Orb\n|move|p2a: Ursaluna|Calm Mind|p2a: Ursaluna\n|-boost|p2a: Ursaluna|spa|1\n|-boost|p2a: Ursaluna|spd|1\n|\n|-heal|p2a: Ursaluna|49\/100|[from] item: Leftovers\n|upkeep\n|turn|10\n|\n|t:|1699492503\n|-terastallize|p2a: Ursaluna|Fairy\n|move|p1a: Mimigod|Drain Punch|p2a: Ursaluna\n|-resisted|p2a: Ursaluna\n|-damage|p2a: Ursaluna|35\/100\n|-heal|p1a: Mimigod|100\/100|[from] drain|[of] p2a: Ursaluna\n|-damage|p1a: Mimigod|91\/100|[from] item: Life Orb\n|move|p2a: Ursaluna|Earth Power|p1a: Mimigod\n|-damage|p1a: Mimigod|17\/100\n|\n|-heal|p2a: Ursaluna|41\/100|[from] item: Leftovers\n|upkeep\n|turn|11\n|\n|t:|1699492515\n|move|p1a: Mimigod|Shadow Sneak|p2a: Ursaluna\n|-damage|p2a: Ursaluna|19\/100\n|-damage|p1a: Mimigod|7\/100|[from] item: Life Orb\n|move|p2a: Ursaluna|Moonlight|p2a: Ursaluna\n|-heal|p2a: Ursaluna|69\/100\n|\n|-heal|p2a: Ursaluna|75\/100|[from] item: Leftovers\n|upkeep\n|turn|12\n|c|\u2606axelzzz09|xddd\n|c|\u2606axelzzz09|c pone a llorar\n|\n|t:|1699492533\n|move|p1a: Mimigod|Shadow Sneak|p2a: Ursaluna\n|-damage|p2a: Ursaluna|54\/100\n|-damage|p1a: Mimigod|0 fnt|[from] item: Life Orb\n|faint|p1a: Mimigod\n|move|p2a: Ursaluna|Calm Mind|p2a: Ursaluna\n|-boost|p2a: Ursaluna|spa|1\n|-boost|p2a: Ursaluna|spd|1\n|\n|-heal|p2a: Ursaluna|60\/100|[from] item: Leftovers\n|upkeep\n|\n|t:|1699492546\n|switch|p1a: LaLlaveDeTuCorazon|Klefki, M|100\/100\n|turn|13\n|\n|t:|1699492567\n|move|p1a: LaLlaveDeTuCorazon|Toxic|p2a: Ursaluna\n|-status|p2a: Ursaluna|tox\n|move|p2a: Ursaluna|Earth Power|p1a: LaLlaveDeTuCorazon\n|-supereffective|p1a: LaLlaveDeTuCorazon\n|-damage|p1a: LaLlaveDeTuCorazon|0 fnt\n|faint|p1a: LaLlaveDeTuCorazon\n|\n|-heal|p2a: Ursaluna|67\/100 tox|[from] item: Leftovers\n|-damage|p2a: Ursaluna|60\/100 tox|[from] psn\n|upkeep\n|c|\u2606axelzzz09|xddd\n|c|\u2606axelzzz09|ya es muy tarde\n|\n|t:|1699492589\n|switch|p1a: TapuBala|Tapu Bulu|100\/100\n|-fieldstart|move: Grassy Terrain|[from] ability: Grassy Surge|[of] p1a: TapuBala\n|turn|14\n|\n|t:|1699492596\n|move|p1a: TapuBala|Horn Leech|p2a: Ursaluna\n|-damage|p2a: Ursaluna|23\/100 tox\n|move|p2a: Ursaluna|Blood Moon|p1a: TapuBala\n|-damage|p1a: TapuBala|0 fnt\n|faint|p1a: TapuBala\n|\n|-heal|p2a: Ursaluna|29\/100 tox|[from] Grassy Terrain\n|-heal|p2a: Ursaluna|35\/100 tox|[from] item: Leftovers\n|-damage|p2a: Ursaluna|23\/100 tox|[from] psn\n|upkeep\n|\n|t:|1699492599\n|switch|p1a: LelePancha|Tapu Lele|100\/100\n|-fieldstart|move: Psychic Terrain|[from] ability: Psychic Surge|[of] p1a: LelePancha\n|turn|15\n|c|\u2606axelzzz09|xdddd\n|c|\u2606axelzzz09|cuanta potenciaq\n|c|\u2606alcatel999|ayudaaaa\n|\n|t:|1699492610\n|move|p1a: LelePancha|Psychic|p2a: Ursaluna\n|-crit|p2a: Ursaluna\n|-damage|p2a: Ursaluna|0 fnt\n|faint|p2a: Ursaluna\n|\n|upkeep\n|\n|t:|1699492624\n|switch|p2a: Charizard|Charizard, F|100\/100\n|turn|16\n|\n|t:|1699492633\n|detailschange|p2a: Charizard|Charizard-Mega-Y, F\n|-mega|p2a: Charizard|Charizard|Charizardite Y\n|-weather|SunnyDay|[from] ability: Drought|[of] p2a: Charizard\n|move|p1a: LelePancha|Psychic|p2a: Charizard\n|-damage|p2a: Charizard|26\/100\n|move|p2a: Charizard|Flamethrower|p1a: LelePancha\n|-damage|p1a: LelePancha|7\/100\n|\n|-weather|SunnyDay|[upkeep]\n|upkeep\n|turn|17\n|\n|t:|1699492642\n|move|p1a: LelePancha|Psychic|p2a: Charizard\n|-damage|p2a: Charizard|0 fnt\n|faint|p2a: Charizard\n|\n|-weather|SunnyDay|[upkeep]\n|upkeep\n|\n|t:|1699492649\n|switch|p2a: Ceruledge|Ceruledge, M|100\/100\n|turn|18\n|\n|t:|1699492653\n|move|p1a: LelePancha|Psychic|p2a: Ceruledge\n|-damage|p2a: Ceruledge|18\/100\n|move|p2a: Ceruledge|Bitter Blade|p1a: LelePancha\n|-damage|p1a: LelePancha|0 fnt\n|-heal|p2a: Ceruledge|21\/100|[from] drain|[of] p1a: LelePancha\n|faint|p1a: LelePancha\n|\n|-weather|SunnyDay|[upkeep]\n|upkeep\n|\n|t:|1699492657\n|switch|p1a: Di-Vi-Na|Diancie|100\/100\n|turn|19\n|\n|t:|1699492665\n|detailschange|p1a: Di-Vi-Na|Diancie-Mega\n|-mega|p1a: Di-Vi-Na|Diancie|Diancite\n|move|p1a: Di-Vi-Na|Earth Power|p2a: Ceruledge\n|-supereffective|p2a: Ceruledge\n|-damage|p2a: Ceruledge|0 fnt\n|faint|p2a: Ceruledge\n|\n|-weather|SunnyDay|[upkeep]\n|-fieldend|move: Psychic Terrain\n|upkeep\n|\n|t:|1699492672\n|switch|p2a: Sneasler|Sneasler, F|100\/100\n|turn|20\n|c|\u2606alcatel999|vali madre\n|c|\u2606alcatel999|Gg\n|\n|t:|1699492690\n|move|p2a: Sneasler|Dire Claw|p1a: Di-Vi-Na\n|-damage|p1a: Di-Vi-Na|46\/100\n|move|p1a: Di-Vi-Na|Earth Power|p2a: Sneasler\n|-supereffective|p2a: Sneasler\n|-damage|p2a: Sneasler|0 fnt\n|faint|p2a: Sneasler\n|\n|-weather|none\n|upkeep\n|c|\u2606axelzzz09|xddd\n|\n|t:|1699492698\n|switch|p2a: Kommo-o|Kommo-o, M|100\/100\n|turn|21\n|c|\u2606alcatel999|waos\n|\n|t:|1699492707\n|move|p1a: Di-Vi-Na|Moonblast|p2a: Kommo-o\n|-supereffective|p2a: Kommo-o\n|-damage|p2a: Kommo-o|0 fnt\n|faint|p2a: Kommo-o\n|\n|win|alcatel999\n|c|\u2606alcatel999|XD\n|c|\u2606axelzzz09|buena\n|c|\u2606alcatel999|gnae\n|c|\u2606alcatel999|no pense ganar\n","uploadtime":1699492726,"views":6,"p1id":"alcatel999","p2id":"axelzzz09","formatid":"gen9nationaldexubers","rating":0,"private":0,"password":""}