{"id":"gen9nationaldexubers-1993743186","p1":"sicily is annoying","p2":"Kdisue","format":"[Gen 9] National Dex Ubers","log":"|j|\u2606sicily is annoying\n|j|\u2606Kdisue\n|t:|1700351951\n|gametype|singles\n|player|p1|sicily is annoying|cynthia-gen4|1134\n|player|p2|Kdisue|102|1093\n|teamsize|p1|6\n|teamsize|p2|6\n|gen|9\n|tier|[Gen 9] National Dex Ubers\n|rated|\n|rule|HP Percentage Mod: HP is shown in percentages\n|rule|Endless Battle Clause: Forcing endless battles is banned\n|rule|OHKO Clause: OHKO moves are banned\n|rule|Evasion Moves Clause: Evasion moves are banned\n|rule|Evasion Items Clause: Evasion items are banned\n|rule|Species Clause: Limit one of each Pok\u00e9mon\n|rule|Sleep Clause Mod: Limit one foe put to sleep\n|rule|Mega Rayquaza Clause: You cannot mega evolve Rayquaza\n|clearpoke\n|poke|p1|Blastoise, M|\n|poke|p1|Magearna|\n|poke|p1|Mimikyu, F|\n|poke|p1|Delcatty, F|\n|poke|p1|Dialga-Origin|\n|poke|p1|Pelipper, M|\n|poke|p2|Deoxys-Defense|\n|poke|p2|Chansey, F|\n|poke|p2|Ferrothorn, M|\n|poke|p2|Rotom-Wash|\n|poke|p2|Ho-Oh|\n|poke|p2|Lugia|\n|teampreview\n|inactive|Battle timer is ON: inactive players will automatically lose when time's up. (requested by sicily is annoying)\n|\n|t:|1700351959\n|start\n|switch|p1a: Mimikyu|Mimikyu, F|100\/100\n|switch|p2a: Washington|Rotom-Wash|100\/100\n|turn|1\n|\n|t:|1700351969\n|move|p2a: Washington|Volt Switch|p1a: Mimikyu\n|-activate|p1a: Mimikyu|ability: Disguise\n|-damage|p1a: Mimikyu|100\/100\n|detailschange|p1a: Mimikyu|Mimikyu-Busted, F\n|-damage|p1a: Mimikyu|88\/100|[from] pokemon: Mimikyu-Busted\n|\n|t:|1700351981\n|switch|p2a: Lugia|Lugia|100\/100|[from] Volt Switch\n|move|p1a: Mimikyu|Taunt|p2a: Lugia\n|-start|p2a: Lugia|move: Taunt\n|\n|upkeep\n|turn|2\n|\n|t:|1700351992\n|move|p2a: Lugia|Psycho Boost|p1a: Mimikyu\n|-damage|p1a: Mimikyu|43\/100\n|-unboost|p2a: Lugia|spa|2\n|-damage|p2a: Lugia|91\/100|[from] item: Life Orb\n|-zpower|p1a: Mimikyu\n|move|p1a: Mimikyu|Let's Snuggle Forever|p2a: Lugia|[zeffect]\n|-damage|p2a: Lugia|51\/100\n|\n|upkeep\n|turn|3\n|\n|t:|1700352008\n|move|p2a: Lugia|Psycho Boost|p1a: Mimikyu\n|-damage|p1a: Mimikyu|20\/100\n|-unboost|p2a: Lugia|spa|2\n|-damage|p2a: Lugia|41\/100|[from] item: Life Orb\n|move|p1a: Mimikyu|Will-O-Wisp|p2a: Lugia\n|-status|p2a: Lugia|brn\n|\n|-damage|p2a: Lugia|35\/100 brn|[from] brn\n|-end|p2a: Lugia|move: Taunt\n|upkeep\n|turn|4\n|\n|t:|1700352021\n|move|p2a: Lugia|Roost|p2a: Lugia\n|-heal|p2a: Lugia|86\/100 brn\n|-singleturn|p2a: Lugia|move: Roost\n|move|p1a: Mimikyu|Curse|p2a: Lugia\n|-start|p2a: Lugia|Curse|[of] p1a: Mimikyu\n|-damage|p1a: Mimikyu|0 fnt\n|faint|p1a: Mimikyu\n|\n|-damage|p2a: Lugia|80\/100 brn|[from] brn\n|-damage|p2a: Lugia|55\/100 brn|[from] Curse\n|upkeep\n|\n|t:|1700352035\n|switch|p1a: Delcatty|Delcatty, F|100\/100\n|turn|5\n|\n|t:|1700352042\n|switch|p2a: Washington|Rotom-Wash|100\/100\n|move|p1a: Delcatty|Fake Out|p2a: Washington\n|-damage|p2a: Washington|88\/100\n|\n|upkeep\n|turn|6\n|\n|t:|1700352049\n|move|p1a: Delcatty|Rain Dance|p1a: Delcatty\n|-weather|RainDance\n|move|p2a: Washington|Trick|p1a: Delcatty|[miss]\n|-miss|p2a: Washington|p1a: Delcatty\n|\n|-weather|RainDance|[upkeep]\n|upkeep\n|turn|7\n|inactive|sicily is annoying has 120 seconds left.\n|\n|t:|1700352083\n|move|p1a: Delcatty|Secret Power|p2a: Washington\n|-damage|p2a: Washington|68\/100\n|move|p2a: Washington|Trick|p1a: Delcatty\n|-activate|p2a: Washington|move: Trick|[of] p1a: Delcatty\n|-item|p1a: Delcatty|Choice Specs|[from] move: Trick\n|-item|p2a: Washington|Eject Button|[from] move: Trick\n|\n|-weather|RainDance|[upkeep]\n|upkeep\n|turn|8\n|inactive|sicily is annoying has 120 seconds left.\n|\n|t:|1700352095\n|move|p1a: Delcatty|Secret Power|p2a: Washington\n|-damage|p2a: Washington|47\/100\n|-enditem|p2a: Washington|Eject Button\n|\n|t:|1700352105\n|switch|p2a: Egg woman|Chansey, F|100\/100\n|\n|-weather|RainDance|[upkeep]\n|upkeep\n|turn|9\n|\n|t:|1700352114\n|move|p1a: Delcatty|Secret Power|p2a: Egg woman\n|-damage|p2a: Egg woman|83\/100\n|move|p2a: Egg woman|Power-Up Punch|p1a: Delcatty\n|-supereffective|p1a: Delcatty\n|-crit|p1a: Delcatty\n|-damage|p1a: Delcatty|80\/100\n|-boost|p2a: Egg woman|atk|1\n|\n|-weather|RainDance|[upkeep]\n|upkeep\n|turn|10\n|\n|t:|1700352125\n|switch|p1a: Dialga|Dialga-Origin|100\/100\n|-ability|p1a: Dialga|Pressure\n|move|p2a: Egg woman|Power-Up Punch|p1a: Dialga\n|-supereffective|p1a: Dialga\n|-crit|p1a: Dialga\n|-damage|p1a: Dialga|86\/100\n|-boost|p2a: Egg woman|atk|1\n|\n|-weather|none\n|upkeep\n|turn|11\n|\n|t:|1700352144\n|move|p2a: Egg woman|Power-Up Punch|p1a: Dialga\n|-supereffective|p1a: Dialga\n|-crit|p1a: Dialga\n|-damage|p1a: Dialga|65\/100\n|-boost|p2a: Egg woman|atk|1\n|move|p1a: Dialga|Trick Room|p1a: Dialga\n|-fieldstart|move: Trick Room|[of] p1a: Dialga\n|\n|upkeep\n|turn|12\n|inactive|sicily is annoying has 120 seconds left.\n|\n|t:|1700352167\n|move|p2a: Egg woman|Power-Up Punch|p1a: Dialga\n|-supereffective|p1a: Dialga\n|-crit|p1a: Dialga\n|-damage|p1a: Dialga|39\/100\n|-boost|p2a: Egg woman|atk|1\n|move|p1a: Dialga|Dragon Pulse|p2a: Egg woman\n|-damage|p2a: Egg woman|51\/100\n|\n|upkeep\n|turn|13\n|\n|t:|1700352176\n|-terastallize|p1a: Dialga|Steel\n|move|p2a: Egg woman|Soft-Boiled|p2a: Egg woman\n|-heal|p2a: Egg woman|100\/100\n|move|p1a: Dialga|Flash Cannon|p2a: Egg woman\n|-damage|p2a: Egg woman|58\/100\n|\n|upkeep\n|turn|14\n|\n|t:|1700352186\n|move|p2a: Egg woman|Thunder Punch|p1a: Dialga\n|-damage|p1a: Dialga|20\/100\n|move|p1a: Dialga|Flash Cannon|p2a: Egg woman\n|-damage|p2a: Egg woman|15\/100\n|\n|upkeep\n|turn|15\n|\n|t:|1700352192\n|move|p2a: Egg woman|Power-Up Punch|p1a: Dialga\n|-supereffective|p1a: Dialga\n|-crit|p1a: Dialga\n|-damage|p1a: Dialga|0 fnt\n|-boost|p2a: Egg woman|atk|1\n|faint|p1a: Dialga\n|\n|-fieldend|move: Trick Room\n|upkeep\n|\n|t:|1700352202\n|switch|p1a: Delcatty|Delcatty, F|80\/100\n|turn|16\n|\n|t:|1700352207\n|-terastallize|p2a: Egg woman|Ghost\n|move|p1a: Delcatty|Fake Out|p2a: Egg woman\n|-immune|p2a: Egg woman\n|move|p2a: Egg woman|Soft-Boiled|p2a: Egg woman\n|-heal|p2a: Egg woman|65\/100\n|\n|upkeep\n|turn|17\n|\n|t:|1700352219\n|switch|p1a: Pelipper|Pelipper, M|100\/100\n|-weather|RainDance|[from] ability: Drizzle|[of] p1a: Pelipper\n|move|p2a: Egg woman|Soft-Boiled|p2a: Egg woman\n|-heal|p2a: Egg woman|100\/100\n|\n|-weather|RainDance|[upkeep]\n|upkeep\n|turn|18\n|\n|t:|1700352229\n|move|p1a: Pelipper|Tailwind|p1a: Pelipper\n|-sidestart|p1: sicily is annoying|move: Tailwind\n|move|p2a: Egg woman|Thunder Punch|p1a: Pelipper\n|-supereffective|p1a: Pelipper\n|-damage|p1a: Pelipper|0 fnt\n|faint|p1a: Pelipper\n|\n|-weather|RainDance|[upkeep]\n|upkeep\n|\n|t:|1700352236\n|switch|p1a: Blastoise|Blastoise, M|100\/100\n|turn|19\n|\n|t:|1700352244\n|detailschange|p1a: Blastoise|Blastoise-Mega, M\n|-mega|p1a: Blastoise|Blastoise|Blastoisinite\n|move|p1a: Blastoise|Liquidation|p2a: Egg woman\n|-damage|p2a: Egg woman|33\/100\n|move|p2a: Egg woman|Thunder Punch|p1a: Blastoise\n|-supereffective|p1a: Blastoise\n|-damage|p1a: Blastoise|50\/100\n|\n|-weather|RainDance|[upkeep]\n|upkeep\n|turn|20\n|\n|t:|1700352255\n|move|p1a: Blastoise|Liquidation|p2a: Egg woman\n|-damage|p2a: Egg woman|0 fnt\n|faint|p2a: Egg woman\n|\n|-weather|RainDance|[upkeep]\n|upkeep\n|\n|t:|1700352262\n|switch|p2a: Iron boy|Ferrothorn, M|100\/100\n|turn|21\n|\n|t:|1700352278\n|move|p1a: Blastoise|Liquidation|p2a: Iron boy\n|-resisted|p2a: Iron boy\n|-damage|p2a: Iron boy|77\/100\n|-damage|p1a: Blastoise|38\/100|[from] ability: Iron Barbs|[of] p2a: Iron boy\n|move|p2a: Iron boy|Power Whip|p1a: Blastoise|[miss]\n|-miss|p2a: Iron boy|p1a: Blastoise\n|\n|-weather|RainDance|[upkeep]\n|-sideend|p1: sicily is annoying|move: Tailwind\n|upkeep\n|turn|22\n|\n|t:|1700352291\n|move|p1a: Blastoise|Flip Turn|p2a: Iron boy\n|-resisted|p2a: Iron boy\n|-damage|p2a: Iron boy|61\/100\n|-damage|p1a: Blastoise|25\/100|[from] ability: Iron Barbs|[of] p2a: Iron boy\n|\n|t:|1700352297\n|switch|p1a: Delcatty|Delcatty, F|80\/100|[from] Flip Turn\n|move|p2a: Iron boy|Power Whip|p1a: Delcatty\n|-damage|p1a: Delcatty|0 fnt\n|faint|p1a: Delcatty\n|\n|-weather|RainDance|[upkeep]\n|upkeep\n|\n|t:|1700352305\n|switch|p1a: Magearna|Magearna|100\/100\n|turn|23\n|\n|t:|1700352312\n|switch|p2a: Ho-Oh|Ho-Oh|100\/100\n|move|p1a: Magearna|Shift Gear|p1a: Magearna\n|-boost|p1a: Magearna|spe|2\n|-boost|p1a: Magearna|atk|1\n|\n|-weather|RainDance|[upkeep]\n|upkeep\n|turn|24\n|\n|t:|1700352334\n|switch|p1a: Blastoise|Blastoise-Mega, M|25\/100\n|move|p2a: Ho-Oh|Earthquake|p1a: Blastoise\n|-damage|p1a: Blastoise|2\/100\n|\n|-weather|none\n|upkeep\n|turn|25\n|\n|t:|1700352343\n|switch|p2a: Iron boy|Ferrothorn, M|61\/100\n|move|p1a: Blastoise|Liquidation|p2a: Iron boy\n|-resisted|p2a: Iron boy\n|-damage|p2a: Iron boy|45\/100\n|-damage|p1a: Blastoise|0 fnt|[from] ability: Iron Barbs|[of] p2a: Iron boy\n|faint|p1a: Blastoise\n|\n|upkeep\n|\n|t:|1700352351\n|switch|p1a: Magearna|Magearna|100\/100\n|turn|26\n|\n|t:|1700352356\n|move|p1a: Magearna|Shift Gear|p1a: Magearna\n|-boost|p1a: Magearna|spe|2\n|-boost|p1a: Magearna|atk|1\n|move|p2a: Iron boy|Gyro Ball|p1a: Magearna\n|-damage|p1a: Magearna|11\/100\n|\n|-heal|p1a: Magearna|17\/100|[from] item: Leftovers\n|upkeep\n|turn|27\n|\n|t:|1700352368\n|move|p1a: Magearna|Stored Power|p2a: Iron boy\n|-resisted|p2a: Iron boy\n|-damage|p2a: Iron boy|31\/100\n|move|p2a: Iron boy|Gyro Ball|p1a: Magearna\n|-damage|p1a: Magearna|0 fnt\n|faint|p1a: Magearna\n|\n|win|Kdisue\n|raw|sicily is annoying's rating: 1134 &rarr; <strong>1106<\/strong><br \/>(-28 for losing)\n|raw|Kdisue's rating: 1093 &rarr; <strong>1122<\/strong><br \/>(+29 for winning)\n","uploadtime":1700352377,"views":6,"p1id":"sicilyisannoying","p2id":"kdisue","formatid":"gen9nationaldexubers","rating":1106,"private":0,"password":""}