{"id":"gen9nationaldexubers-1991075025","p1":"Gevien","p2":"BigPengSus","format":"[Gen 9] National Dex Ubers","log":"|j|\u2606Gevien\n|j|\u2606BigPengSus\n|t:|1700038849\n|gametype|singles\n|player|p1|Gevien|bruno|1384\n|player|p2|BigPengSus|linebacker|1310\n|teamsize|p1|6\n|teamsize|p2|6\n|gen|9\n|tier|[Gen 9] National Dex Ubers\n|rated|\n|rule|HP Percentage Mod: HP is shown in percentages\n|rule|Endless Battle Clause: Forcing endless battles is banned\n|rule|OHKO Clause: OHKO moves are banned\n|rule|Evasion Moves Clause: Evasion moves are banned\n|rule|Evasion Items Clause: Evasion items are banned\n|rule|Species Clause: Limit one of each Pok\u00e9mon\n|rule|Sleep Clause Mod: Limit one foe put to sleep\n|rule|Mega Rayquaza Clause: You cannot mega evolve Rayquaza\n|clearpoke\n|poke|p1|Ninjask, M|\n|poke|p1|Basculegion, M|\n|poke|p1|Smeargle, M|\n|poke|p1|Melmetal|\n|poke|p1|Lopunny, M|\n|poke|p1|Clefable, M|\n|poke|p2|Melmetal|\n|poke|p2|Iron Hands|\n|poke|p2|Audino, F|\n|poke|p2|Diglett, F|\n|poke|p2|Iron Valiant|\n|poke|p2|Toedscruel, M|\n|teampreview\n|inactive|Battle timer is ON: inactive players will automatically lose when time's up. (requested by Gevien)\n|\n|t:|1700038854\n|start\n|switch|p1a: Kevin 6|Smeargle, M|100\/100\n|switch|p2a: Shiitake|Toedscruel, M, shiny|100\/100\n|turn|1\n|\n|t:|1700038868\n|move|p1a: Kevin 6|Spore|p2a: Shiitake\n|-immune|p2a: Shiitake\n|move|p2a: Shiitake|Spore|p1a: Kevin 6\n|-status|p1a: Kevin 6|slp|[from] move: Spore\n|\n|-ability|p1a: Kevin 6|Moody|boost\n|-boost|p1a: Kevin 6|spe|2\n|-unboost|p1a: Kevin 6|spa|1\n|upkeep\n|turn|2\n|\n|t:|1700038882\n|cant|p1a: Kevin 6|slp\n|move|p2a: Shiitake|Trick Room|p2a: Shiitake\n|-fieldstart|move: Trick Room|[of] p2a: Shiitake\n|\n|-ability|p1a: Kevin 6|Moody|boost\n|-boost|p1a: Kevin 6|spa|2\n|-unboost|p1a: Kevin 6|spd|1\n|upkeep\n|turn|3\n|\n|t:|1700038887\n|switch|p2a: Brian Hands|Iron Hands, shiny|100\/100\n|-curestatus|p1a: Kevin 6|slp|[msg]\n|move|p1a: Kevin 6|Toxic Spikes|p2a: Brian Hands\n|-sidestart|p2: BigPengSus|move: Toxic Spikes\n|\n|-ability|p1a: Kevin 6|Moody|boost\n|-boost|p1a: Kevin 6|spd|2\n|-unboost|p1a: Kevin 6|spe|1\n|upkeep\n|turn|4\n|\n|t:|1700038893\n|move|p2a: Brian Hands|Swords Dance|p2a: Brian Hands\n|-boost|p2a: Brian Hands|atk|2\n|move|p1a: Kevin 6|Spore|p2a: Brian Hands\n|-status|p2a: Brian Hands|slp|[from] move: Spore\n|\n|-ability|p1a: Kevin 6|Moody|boost\n|-boost|p1a: Kevin 6|spa|2\n|-unboost|p1a: Kevin 6|spe|1\n|upkeep\n|turn|5\n|\n|t:|1700038909\n|cant|p2a: Brian Hands|slp\n|move|p1a: Kevin 6|Dragon Tail|p2a: Brian Hands\n|-damage|p2a: Brian Hands|98\/100 slp\n|-end|p2a: Brian Hands|Quark Drive|[silent]\n|drag|p2a: Shiitake|Toedscruel, M, shiny|100\/100\n|-status|p2a: Shiitake|psn\n|\n|-damage|p2a: Shiitake|88\/100 psn|[from] psn\n|-ability|p1a: Kevin 6|Moody|boost\n|-boost|p1a: Kevin 6|def|2\n|-unboost|p1a: Kevin 6|spd|1\n|upkeep\n|turn|6\n|\n|t:|1700038916\n|move|p2a: Shiitake|Rapid Spin|p1a: Kevin 6\n|-damage|p1a: Kevin 6|90\/100\n|-boost|p2a: Shiitake|spe|1\n|-sideend|p2: BigPengSus|Toxic Spikes|[from] move: Rapid Spin|[of] p2a: Shiitake\n|move|p1a: Kevin 6|Toxic Spikes|p2a: Shiitake\n|-sidestart|p2: BigPengSus|move: Toxic Spikes\n|\n|-damage|p2a: Shiitake|76\/100 psn|[from] psn\n|-fieldend|move: Trick Room\n|-ability|p1a: Kevin 6|Moody|boost\n|-boost|p1a: Kevin 6|def|2\n|-unboost|p1a: Kevin 6|spd|1\n|upkeep\n|turn|7\n|\n|t:|1700038923\n|move|p2a: Shiitake|Spore|p1a: Kevin 6\n|-status|p1a: Kevin 6|slp|[from] move: Spore\n|cant|p1a: Kevin 6|slp\n|\n|-damage|p2a: Shiitake|63\/100 psn|[from] psn\n|-ability|p1a: Kevin 6|Moody|boost\n|-boost|p1a: Kevin 6|def|2\n|-unboost|p1a: Kevin 6|spa|1\n|upkeep\n|turn|8\n|\n|t:|1700038927\n|switch|p2a: fodder|Audino, F|100\/100\n|-status|p2a: fodder|psn\n|cant|p1a: Kevin 6|slp\n|\n|-damage|p2a: fodder|88\/100 psn|[from] psn\n|-ability|p1a: Kevin 6|Moody|boost\n|-boost|p1a: Kevin 6|spd|2\n|-unboost|p1a: Kevin 6|spa|1\n|upkeep\n|turn|9\n|\n|t:|1700038933\n|cant|p1a: Kevin 6|slp\n|move|p2a: fodder|Heal Bell|p2a: fodder\n|-activate|p2a: fodder|move: Heal Bell\n|-curestatus|p2a: fodder|psn|[msg]\n|-curestatus|p2: Brian Hands|slp|[msg]\n|-curestatus|p2: Shiitake|psn|[msg]\n|\n|-ability|p1a: Kevin 6|Moody|boost\n|-boost|p1a: Kevin 6|atk|2\n|-unboost|p1a: Kevin 6|def|1\n|upkeep\n|turn|10\n|\n|t:|1700038942\n|switch|p2a: Shiitake|Toedscruel, M, shiny|63\/100\n|-status|p2a: Shiitake|psn\n|-curestatus|p1a: Kevin 6|slp|[msg]\n|move|p1a: Kevin 6|Spore|p2a: Shiitake\n|-immune|p2a: Shiitake\n|\n|-damage|p2a: Shiitake|51\/100 psn|[from] psn\n|-ability|p1a: Kevin 6|Moody|boost\n|-boost|p1a: Kevin 6|spe|2\n|-unboost|p1a: Kevin 6|spd|1\n|upkeep\n|turn|11\n|\n|t:|1700038947\n|move|p2a: Shiitake|Spore|p1a: Kevin 6\n|-status|p1a: Kevin 6|slp|[from] move: Spore\n|cant|p1a: Kevin 6|slp\n|\n|-damage|p2a: Shiitake|39\/100 psn|[from] psn\n|-ability|p1a: Kevin 6|Moody|boost\n|-boost|p1a: Kevin 6|spe|2\n|-unboost|p1a: Kevin 6|atk|1\n|upkeep\n|turn|12\n|\n|t:|1700038950\n|move|p2a: Shiitake|Rapid Spin|p1a: Kevin 6\n|-damage|p1a: Kevin 6|84\/100 slp\n|-boost|p2a: Shiitake|spe|1\n|-sideend|p2: BigPengSus|Toxic Spikes|[from] move: Rapid Spin|[of] p2a: Shiitake\n|cant|p1a: Kevin 6|slp\n|\n|-damage|p2a: Shiitake|26\/100 psn|[from] psn\n|-ability|p1a: Kevin 6|Moody|boost\n|-boost|p1a: Kevin 6|def|1\n|-unboost|p1a: Kevin 6|spe|1\n|upkeep\n|turn|13\n|\n|t:|1700038966\n|switch|p2a: Aggravain|Iron Valiant, shiny|100\/100\n|-enditem|p2a: Aggravain|Booster Energy\n|-activate|p2a: Aggravain|ability: Quark Drive|[fromitem]\n|-start|p2a: Aggravain|quarkdrivespe\n|-curestatus|p1a: Kevin 6|slp|[msg]\n|move|p1a: Kevin 6|Toxic Spikes|p2a: Aggravain\n|-sidestart|p2: BigPengSus|move: Toxic Spikes\n|\n|-ability|p1a: Kevin 6|Moody|boost\n|-boost|p1a: Kevin 6|spa|2\n|-unboost|p1a: Kevin 6|spe|1\n|upkeep\n|turn|14\n|\n|t:|1700038977\n|move|p2a: Aggravain|Focus Blast|p1a: Kevin 6|[miss]\n|-miss|p2a: Aggravain|p1a: Kevin 6\n|move|p1a: Kevin 6|Spore|p2a: Aggravain\n|-status|p2a: Aggravain|slp|[from] move: Spore\n|\n|-ability|p1a: Kevin 6|Moody|boost\n|-boost|p1a: Kevin 6|atk|2\n|-unboost|p1a: Kevin 6|spe|1\n|upkeep\n|turn|15\n|\n|t:|1700038982\n|-end|p2a: Aggravain|Quark Drive|[silent]\n|switch|p2a: fodder|Audino, F|100\/100\n|-status|p2a: fodder|psn\n|move|p1a: Kevin 6|Dragon Tail|p2a: fodder\n|-damage|p2a: fodder|90\/100 psn\n|drag|p2a: Deimos|Diglett, F|100\/100\n|-status|p2a: Deimos|psn\n|\n|-damage|p2a: Deimos|88\/100 psn|[from] psn\n|-ability|p1a: Kevin 6|Moody|boost\n|-boost|p1a: Kevin 6|spd|2\n|-unboost|p1a: Kevin 6|def|1\n|upkeep\n|turn|16\n|c|\u2606Gevien|lets go kevin\n|\n|t:|1700039009\n|move|p1a: Kevin 6|Toxic Spikes|p2a: Deimos\n|-sidestart|p2: BigPengSus|move: Toxic Spikes\n|move|p2a: Deimos|Toxic|p1a: Kevin 6\n|-status|p1a: Kevin 6|tox\n|\n|-damage|p1a: Kevin 6|78\/100 tox|[from] psn\n|-damage|p2a: Deimos|76\/100 psn|[from] psn\n|-ability|p1a: Kevin 6|Moody|boost\n|-boost|p1a: Kevin 6|spd|2\n|-unboost|p1a: Kevin 6|atk|1\n|upkeep\n|turn|17\n|\n|t:|1700039013\n|switch|p2a: fodder|Audino, F|100\/100 psn\n|move|p1a: Kevin 6|Dragon Tail|p2a: fodder\n|-damage|p2a: fodder|92\/100 psn\n|drag|p2a: Shiitake|Toedscruel, M, shiny|26\/100 psn\n|\n|-damage|p1a: Kevin 6|66\/100 tox|[from] psn\n|-damage|p2a: Shiitake|14\/100 psn|[from] psn\n|-ability|p1a: Kevin 6|Moody|boost\n|-boost|p1a: Kevin 6|def|1\n|-unboost|p1a: Kevin 6|spe|1\n|upkeep\n|turn|18\n|\n|t:|1700039018\n|move|p2a: Shiitake|Rapid Spin|p1a: Kevin 6\n|-damage|p1a: Kevin 6|61\/100 tox\n|-boost|p2a: Shiitake|spe|1\n|-sideend|p2: BigPengSus|Toxic Spikes|[from] move: Rapid Spin|[of] p2a: Shiitake\n|move|p1a: Kevin 6|Dragon Tail|p2a: Shiitake\n|-damage|p2a: Shiitake|5\/100 psn\n|drag|p2a: Aggravain|Iron Valiant, shiny|100\/100 slp\n|\n|-damage|p1a: Kevin 6|43\/100 tox|[from] psn\n|-ability|p1a: Kevin 6|Moody|boost\n|-boost|p1a: Kevin 6|atk|2\n|-unboost|p1a: Kevin 6|spd|1\n|upkeep\n|turn|19\n|\n|t:|1700039030\n|-end|p2a: Aggravain|Quark Drive|[silent]\n|switch|p2a: Brian Hands|Iron Hands, shiny|98\/100\n|move|p1a: Kevin 6|Toxic Spikes|p2a: Brian Hands\n|-sidestart|p2: BigPengSus|move: Toxic Spikes\n|\n|-heal|p2a: Brian Hands|100\/100|[from] item: Leftovers\n|-damage|p1a: Kevin 6|19\/100 tox|[from] psn\n|-ability|p1a: Kevin 6|Moody|boost\n|-boost|p1a: Kevin 6|spe|2\n|-unboost|p1a: Kevin 6|spd|1\n|upkeep\n|turn|20\n|\n|t:|1700039039\n|move|p1a: Kevin 6|Nuzzle|p2a: Brian Hands\n|-resisted|p2a: Brian Hands\n|-damage|p2a: Brian Hands|99\/100\n|move|p2a: Brian Hands|Drain Punch|p1a: Kevin 6\n|-supereffective|p1a: Kevin 6\n|-crit|p1a: Kevin 6\n|-damage|p1a: Kevin 6|0 fnt\n|-heal|p2a: Brian Hands|100\/100|[from] drain|[of] p1a: Kevin 6\n|faint|p1a: Kevin 6\n|\n|upkeep\n|\n|t:|1700039045\n|switch|p1a: Kevin 2|Clefable, M|100\/100\n|turn|21\n|j| wkx6v587\n|c|\u2606BigPengSus|wow r u proud of yourself\n|\n|t:|1700039056\n|-end|p2a: Brian Hands|Quark Drive|[silent]\n|switch|p2a: Deimos|Diglett, F|76\/100 psn\n|move|p1a: Kevin 2|Cosmic Power|p1a: Kevin 2\n|-boost|p1a: Kevin 2|def|1\n|-boost|p1a: Kevin 2|spd|1\n|\n|-damage|p2a: Deimos|63\/100 psn|[from] psn\n|upkeep\n|turn|22\n|c|\u2606Gevien|Yes I like my Kevins\n|\n|t:|1700039063\n|move|p2a: Deimos|Toxic|p1a: Kevin 2\n|-status|p1a: Kevin 2|tox\n|move|p1a: Kevin 2|Cosmic Power|p1a: Kevin 2\n|-boost|p1a: Kevin 2|def|1\n|-boost|p1a: Kevin 2|spd|1\n|\n|-damage|p2a: Deimos|51\/100 psn|[from] psn\n|-damage|p1a: Kevin 2|94\/100 tox|[from] psn\n|upkeep\n|turn|23\n|\n|t:|1700039082\n|switch|p2a: fodder|Audino, F|100\/100 psn\n|move|p1a: Kevin 2|Stored Power|p2a: fodder\n|-damage|p2a: fodder|87\/100 psn\n|\n|-heal|p1a: Kevin 2|100\/100 tox|[from] item: Leftovers\n|-damage|p1a: Kevin 2|88\/100 tox|[from] psn\n|-damage|p2a: fodder|74\/100 psn|[from] psn\n|upkeep\n|turn|24\n|\n|t:|1700039088\n|move|p1a: Kevin 2|Stored Power|p2a: fodder\n|-damage|p2a: fodder|61\/100 psn\n|move|p2a: fodder|Heal Bell|p2a: fodder\n|-activate|p2a: fodder|move: Heal Bell\n|-curestatus|p2a: fodder|psn|[msg]\n|-curestatus|p2: Aggravain|slp|[msg]\n|-curestatus|p2: Shiitake|psn|[msg]\n|-curestatus|p2: Deimos|psn|[msg]\n|\n|-heal|p1a: Kevin 2|94\/100 tox|[from] item: Leftovers\n|-damage|p1a: Kevin 2|76\/100 tox|[from] psn\n|upkeep\n|turn|25\n|\n|t:|1700039108\n|move|p1a: Kevin 2|Toxic|p2a: fodder\n|-status|p2a: fodder|tox\n|move|p2a: fodder|Trick Room|p2a: fodder\n|-fieldstart|move: Trick Room|[of] p2a: fodder\n|\n|-heal|p1a: Kevin 2|82\/100 tox|[from] item: Leftovers\n|-damage|p2a: fodder|55\/100 tox|[from] psn\n|-damage|p1a: Kevin 2|58\/100 tox|[from] psn\n|upkeep\n|turn|26\n|\n|t:|1700039116\n|move|p2a: fodder|Healing Wish|p2a: fodder\n|faint|p2a: fodder\n|move|p1a: Kevin 2|Moonlight|p1a: Kevin 2\n|-heal|p1a: Kevin 2|100\/100 tox\n|\n|-damage|p1a: Kevin 2|70\/100 tox|[from] psn\n|upkeep\n|\n|t:|1700039118\n|switch|p2a: Shiitake|Toedscruel, M, shiny|5\/100\n|-heal|p2a: Shiitake|100\/100|[from] move: Healing Wish\n|-status|p2a: Shiitake|psn\n|turn|27\n|\n|t:|1700039127\n|move|p1a: Kevin 2|Stored Power|p2a: Shiitake\n|-damage|p2a: Shiitake|84\/100 psn\n|move|p2a: Shiitake|Rapid Spin|p1a: Kevin 2\n|-damage|p1a: Kevin 2|66\/100 tox\n|-boost|p2a: Shiitake|spe|1\n|-sideend|p2: BigPengSus|Toxic Spikes|[from] move: Rapid Spin|[of] p2a: Shiitake\n|\n|-heal|p1a: Kevin 2|73\/100 tox|[from] item: Leftovers\n|-damage|p1a: Kevin 2|36\/100 tox|[from] psn\n|-damage|p2a: Shiitake|72\/100 psn|[from] psn\n|upkeep\n|turn|28\n|\n|t:|1700039134\n|move|p1a: Kevin 2|Moonlight|p1a: Kevin 2\n|-heal|p1a: Kevin 2|86\/100 tox\n|move|p2a: Shiitake|Earth Power|p1a: Kevin 2\n|-damage|p1a: Kevin 2|74\/100 tox\n|\n|-heal|p1a: Kevin 2|80\/100 tox|[from] item: Leftovers\n|-damage|p1a: Kevin 2|37\/100 tox|[from] psn\n|-damage|p2a: Shiitake|60\/100 psn|[from] psn\n|upkeep\n|turn|29\n|\n|t:|1700039150\n|switch|p2a: Deimos|Diglett, F|51\/100\n|move|p1a: Kevin 2|Moonlight|p1a: Kevin 2\n|-heal|p1a: Kevin 2|87\/100 tox\n|\n|-heal|p1a: Kevin 2|93\/100 tox|[from] item: Leftovers\n|-damage|p1a: Kevin 2|45\/100 tox|[from] psn\n|-fieldend|move: Trick Room\n|upkeep\n|turn|30\n|\n|t:|1700039159\n|move|p2a: Deimos|Earthquake|p1a: Kevin 2\n|-damage|p1a: Kevin 2|33\/100 tox\n|move|p1a: Kevin 2|Toxic|p2a: Deimos\n|-status|p2a: Deimos|tox\n|\n|-heal|p1a: Kevin 2|39\/100 tox|[from] item: Leftovers\n|-damage|p2a: Deimos|45\/100 tox|[from] psn\n|-damage|p1a: Kevin 2|0 fnt|[from] psn\n|faint|p1a: Kevin 2\n|upkeep\n|\n|t:|1700039169\n|switch|p1a: Kevin 5|Ninjask, M|100\/100\n|turn|31\n|\n|t:|1700039174\n|move|p1a: Kevin 5|Swords Dance|p1a: Kevin 5\n|-boost|p1a: Kevin 5|atk|2\n|move|p2a: Deimos|Toxic|p1a: Kevin 5\n|-status|p1a: Kevin 5|tox\n|\n|-damage|p1a: Kevin 5|94\/100 tox|[from] psn\n|-damage|p2a: Deimos|32\/100 tox|[from] psn\n|-ability|p1a: Kevin 5|Speed Boost|boost\n|-boost|p1a: Kevin 5|spe|1\n|upkeep\n|turn|32\n|\n|t:|1700039183\n|switch|p2a: Shiitake|Toedscruel, M, shiny|60\/100 psn\n|move|p1a: Kevin 5|Dual Wingbeat|p2a: Shiitake\n|-supereffective|p2a: Shiitake\n|-damage|p2a: Shiitake|6\/100 psn\n|-supereffective|p2a: Shiitake\n|-damage|p2a: Shiitake|0 fnt\n|faint|p2a: Shiitake\n|-hitcount|p2: Shiitake|2\n|\n|-damage|p1a: Kevin 5|82\/100 tox|[from] psn\n|-ability|p1a: Kevin 5|Speed Boost|boost\n|-boost|p1a: Kevin 5|spe|1\n|upkeep\n|\n|t:|1700039188\n|switch|p2a: Brian Hands|Iron Hands, shiny|100\/100\n|turn|33\n|\n|t:|1700039193\n|move|p1a: Kevin 5|Dual Wingbeat|p2a: Brian Hands\n|-damage|p2a: Brian Hands|82\/100\n|-damage|p2a: Brian Hands|59\/100\n|-hitcount|p2a: Brian Hands|2\n|move|p2a: Brian Hands|Thunder Punch|p1a: Kevin 5\n|-supereffective|p1a: Kevin 5\n|-damage|p1a: Kevin 5|0 fnt\n|faint|p1a: Kevin 5\n|\n|-heal|p2a: Brian Hands|66\/100|[from] item: Leftovers\n|upkeep\n|\n|t:|1700039195\n|switch|p1a: Kevin|Lopunny, M|100\/100\n|turn|34\n|\n|t:|1700039204\n|detailschange|p1a: Kevin|Lopunny-Mega, M\n|-mega|p1a: Kevin|Lopunny|Lopunnite\n|move|p1a: Kevin|Fake Out|p2a: Brian Hands\n|-damage|p2a: Brian Hands|51\/100\n|cant|p2a: Brian Hands|flinch\n|\n|-heal|p2a: Brian Hands|58\/100|[from] item: Leftovers\n|upkeep\n|turn|35\n|\n|t:|1700039212\n|move|p1a: Kevin|High Jump Kick|p2a: Brian Hands\n|-damage|p2a: Brian Hands|11\/100\n|move|p2a: Brian Hands|Swords Dance|p2a: Brian Hands\n|-boost|p2a: Brian Hands|atk|2\n|\n|-heal|p2a: Brian Hands|18\/100|[from] item: Leftovers\n|upkeep\n|turn|36\n|\n|t:|1700039220\n|move|p1a: Kevin|High Jump Kick|p2a: Brian Hands\n|-damage|p2a: Brian Hands|0 fnt\n|faint|p2a: Brian Hands\n|-end|p2a: Brian Hands|Quark Drive|[silent]\n|\n|upkeep\n|\n|t:|1700039237\n|switch|p2a: Besi|Melmetal, shiny|100\/100\n|turn|37\n|\n|t:|1700039250\n|-terastallize|p2a: Besi|Flying\n|move|p1a: Kevin|High Jump Kick|p2a: Besi\n|-resisted|p2a: Besi\n|-damage|p2a: Besi|81\/100\n|move|p2a: Besi|Double Iron Bash|p1a: Kevin\n|-damage|p1a: Kevin|40\/100\n|-damage|p1a: Kevin|0 fnt\n|faint|p1a: Kevin\n|-hitcount|p1: Kevin|2\n|\n|upkeep\n|\n|t:|1700039255\n|switch|p1a: Kevin 3|Melmetal|100\/100\n|turn|38\n|\n|t:|1700039260\n|move|p1a: Kevin 3|Double Iron Bash|p2a: Besi\n|-damage|p2a: Besi|57\/100\n|-damage|p2a: Besi|36\/100\n|-hitcount|p2a: Besi|2\n|cant|p2a: Besi|flinch\n|\n|upkeep\n|turn|39\n|\n|t:|1700039265\n|switch|p2a: Deimos|Diglett, F|32\/100 tox\n|move|p1a: Kevin 3|Double Iron Bash|p2a: Deimos\n|-damage|p2a: Deimos|0 fnt\n|faint|p2a: Deimos\n|-hitcount|p2: Deimos|1\n|\n|upkeep\n|\n|t:|1700039267\n|switch|p2a: Besi|Melmetal, shiny, tera:Flying|36\/100\n|turn|40\n|c|\u2606Gevien|Kevin 3 vs Besi\n|\n|t:|1700039271\n|move|p2a: Besi|Earthquake|p1a: Kevin 3\n|-supereffective|p1a: Kevin 3\n|-damage|p1a: Kevin 3|48\/100\n|move|p1a: Kevin 3|Double Iron Bash|p2a: Besi\n|-damage|p2a: Besi|10\/100\n|-damage|p2a: Besi|0 fnt\n|faint|p2a: Besi\n|-hitcount|p2: Besi|2\n|\n|upkeep\n|\n|t:|1700039280\n|switch|p2a: Aggravain|Iron Valiant, shiny|100\/100\n|turn|41\n|c|\u2606Gevien|I am proud of Kevin\n|\n|t:|1700039291\n|-terastallize|p1a: Kevin 3|Ground\n|move|p2a: Aggravain|Focus Blast|p1a: Kevin 3|[miss]\n|-miss|p2a: Aggravain|p1a: Kevin 3\n|move|p1a: Kevin 3|Double Iron Bash|p2a: Aggravain\n|-supereffective|p2a: Aggravain\n|-damage|p2a: Aggravain|0 fnt\n|faint|p2a: Aggravain\n|-end|p2a: Aggravain|Quark Drive|[silent]\n|-hitcount|p2: Aggravain|1\n|\n|win|Gevien\n|raw|Gevien's rating: 1384 &rarr; <strong>1400<\/strong><br \/>(+16 for winning)\n|raw|BigPengSus's rating: 1310 &rarr; <strong>1294<\/strong><br \/>(-16 for losing)\n|l|\u2606Gevien\n","uploadtime":1700039304,"views":11,"p1id":"gevien","p2id":"bigpengsus","formatid":"gen9nationaldexubers","rating":1294,"private":0,"password":""}