{"id":"gen9nationaldexubers-1989173652","p1":"mr Deuzp","p2":"Cup of Diet Milk","format":"[Gen 9] National Dex Ubers","log":"|j|\u2606mr Deuzp\n|j|\u2606Cup of Diet Milk\n|t:|1699819990\n|gametype|singles\n|player|p1|mr Deuzp|shadowtriad|1319\n|player|p2|Cup of Diet Milk|unknown|1314\n|teamsize|p1|6\n|teamsize|p2|6\n|gen|9\n|tier|[Gen 9] National Dex Ubers\n|rated|\n|rule|HP Percentage Mod: HP is shown in percentages\n|rule|Endless Battle Clause: Forcing endless battles is banned\n|rule|OHKO Clause: OHKO moves are banned\n|rule|Evasion Moves Clause: Evasion moves are banned\n|rule|Evasion Items Clause: Evasion items are banned\n|rule|Species Clause: Limit one of each Pok\u00e9mon\n|rule|Sleep Clause Mod: Limit one foe put to sleep\n|rule|Mega Rayquaza Clause: You cannot mega evolve Rayquaza\n|clearpoke\n|poke|p1|Chien-Pao|\n|poke|p1|Ursaluna, M|\n|poke|p1|Xerneas-*|\n|poke|p1|Kyogre|\n|poke|p1|Blaziken, M|\n|poke|p1|Naganadel|\n|poke|p2|Blissey, F|\n|poke|p2|Ferrothorn, M|\n|poke|p2|Hatterene, F|\n|poke|p2|Rotom-Heat|\n|poke|p2|Sableye, M|\n|poke|p2|Zygarde|\n|teampreview\n|\n|t:|1699820000\n|start\n|switch|p1a: Naganadel|Naganadel, shiny|100\/100\n|switch|p2a: Blissey|Blissey, F, shiny|100\/100\n|turn|1\n|\n|t:|1699820010\n|switch|p1a: Ursaluna|Ursaluna, M, shiny|100\/100\n|move|p2a: Blissey|Tri Attack|p1a: Ursaluna\n|-crit|p1a: Ursaluna\n|-damage|p1a: Ursaluna|66\/100\n|\n|-status|p1a: Ursaluna|brn|[from] item: Flame Orb\n|upkeep\n|turn|2\n|\n|t:|1699820060\n|switch|p2a: Sableye|Sableye, M, shiny|100\/100\n|-terastallize|p1a: Ursaluna|Normal\n|move|p1a: Ursaluna|Facade|p2a: Sableye\n|-immune|p2a: Sableye\n|\n|-damage|p1a: Ursaluna|60\/100 brn|[from] brn\n|upkeep\n|turn|3\n|\n|t:|1699820084\n|move|p1a: Ursaluna|Trailblaze|p2a: Sableye\n|-damage|p2a: Sableye|62\/100\n|-boost|p1a: Ursaluna|spe|1\n|move|p2a: Sableye|Knock Off|p1a: Ursaluna\n|-damage|p1a: Ursaluna|42\/100 brn\n|-enditem|p1a: Ursaluna|Flame Orb|[from] move: Knock Off|[of] p2a: Sableye\n|\n|-damage|p1a: Ursaluna|35\/100 brn|[from] brn\n|upkeep\n|turn|4\n|\n|t:|1699820110\n|move|p1a: Ursaluna|Headlong Rush|p2a: Sableye\n|-damage|p2a: Sableye|0 fnt\n|-unboost|p1a: Ursaluna|def|1\n|-unboost|p1a: Ursaluna|spd|1\n|faint|p2a: Sableye\n|\n|-damage|p1a: Ursaluna|29\/100 brn|[from] brn\n|upkeep\n|\n|t:|1699820121\n|switch|p2a: Zygarde|Zygarde, shiny|100\/100\n|turn|5\n|\n|t:|1699820132\n|move|p1a: Ursaluna|Protect|p1a: Ursaluna\n|-singleturn|p1a: Ursaluna|Protect\n|move|p2a: Zygarde|Thousand Arrows|p1a: Ursaluna\n|-activate|p1a: Ursaluna|move: Protect\n|\n|-damage|p1a: Ursaluna|23\/100 brn|[from] brn\n|upkeep\n|turn|6\n|\n|t:|1699820142\n|move|p2a: Zygarde|Thousand Arrows|p1a: Ursaluna\n|-damage|p1a: Ursaluna|0 fnt\n|faint|p1a: Ursaluna\n|\n|upkeep\n|\n|t:|1699820180\n|switch|p1a: Xerneas|Xerneas, shiny|100\/100\n|-ability|p1a: Xerneas|Fairy Aura\n|turn|7\n|\n|t:|1699820195\n|-terastallize|p2a: Zygarde|Steel\n|-zpower|p1a: Xerneas\n|move|p1a: Xerneas|Z-Geomancy||[anim]Geomancy|[still]\n|-boost|p1a: Xerneas|atk|1|[zeffect]\n|-boost|p1a: Xerneas|def|1|[zeffect]\n|-boost|p1a: Xerneas|spa|1|[zeffect]\n|-boost|p1a: Xerneas|spd|1|[zeffect]\n|-boost|p1a: Xerneas|spe|1|[zeffect]\n|-prepare|p1a: Xerneas|Geomancy\n|move|p2a: Zygarde|Iron Tail|p1a: Xerneas\n|-supereffective|p1a: Xerneas\n|-damage|p1a: Xerneas|65\/100\n|\n|upkeep\n|turn|8\n|\n|t:|1699820211\n|move|p1a: Xerneas|Geomancy|p1a: Xerneas|[from]lockedmove\n|-boost|p1a: Xerneas|spa|2\n|-boost|p1a: Xerneas|spd|2\n|-boost|p1a: Xerneas|spe|2\n|move|p2a: Zygarde|Iron Tail|p1a: Xerneas\n|-supereffective|p1a: Xerneas\n|-damage|p1a: Xerneas|31\/100\n|\n|upkeep\n|turn|9\n|\n|t:|1699820227\n|move|p1a: Xerneas|Moonblast|p2a: Zygarde\n|-resisted|p2a: Zygarde\n|-damage|p2a: Zygarde|30\/100\n|-unboost|p2a: Zygarde|spa|1\n|move|p2a: Zygarde|Iron Tail|p1a: Xerneas|[miss]\n|-miss|p2a: Zygarde|p1a: Xerneas\n|\n|-activate|p2a: Zygarde|ability: Power Construct\n|detailschange|p2a: Zygarde|Zygarde-Complete, shiny, tera:Steel\n|-heal|p2a: Zygarde|57\/100|[silent]\n|upkeep\n|turn|10\n|-message|Cup of Diet Milk forfeited.\n|\n|win|mr Deuzp\n|raw|mr Deuzp's rating: 1319 &rarr; <strong>1339<\/strong><br \/>(+20 for winning)\n|raw|Cup of Diet Milk's rating: 1314 &rarr; <strong>1294<\/strong><br \/>(-20 for losing)\n|l|\u2606Cup of Diet Milk\n","uploadtime":1699820244,"views":7,"p1id":"mrdeuzp","p2id":"cupofdietmilk","formatid":"gen9nationaldexubers","rating":1294,"private":0,"password":""}