{"id":"gen9nationaldexubers-1986841579","p1":"Dominator296","p2":"xinnobu","format":"[Gen 9] National Dex Ubers","log":"|j|\u2606Dominator296\n|j|\u2606xinnobu\n|t:|1699532859\n|gametype|singles\n|player|p1|Dominator296|alder|1422\n|player|p2|xinnobu|elesa-gen5bw2|1669\n|teamsize|p1|6\n|teamsize|p2|6\n|gen|9\n|tier|[Gen 9] National Dex Ubers\n|rated|\n|rule|HP Percentage Mod: HP is shown in percentages\n|rule|Endless Battle Clause: Forcing endless battles is banned\n|rule|OHKO Clause: OHKO moves are banned\n|rule|Evasion Moves Clause: Evasion moves are banned\n|rule|Evasion Items Clause: Evasion items are banned\n|rule|Species Clause: Limit one of each Pok\u00e9mon\n|rule|Sleep Clause Mod: Limit one foe put to sleep\n|rule|Mega Rayquaza Clause: You cannot mega evolve Rayquaza\n|clearpoke\n|poke|p1|Groudon|\n|poke|p1|Kyogre|\n|poke|p1|Necrozma-Dusk-Mane|\n|poke|p1|Tyranitar, M|\n|poke|p1|Arceus-Flying|\n|poke|p1|Dialga-Origin|\n|poke|p2|Glimmora, M|\n|poke|p2|Xerneas-*|\n|poke|p2|Groudon|\n|poke|p2|Yveltal|\n|poke|p2|Kyogre|\n|poke|p2|Zacian-*|\n|teampreview\n|inactive|Battle timer is ON: inactive players will automatically lose when time's up. (requested by xinnobu)\n|\n|t:|1699532881\n|start\n|switch|p1a: Dialga|Dialga-Origin|100\/100\n|switch|p2a: Glimmora|Glimmora, M|100\/100\n|-ability|p1a: Dialga|Pressure\n|turn|1\n|\n|t:|1699532888\n|move|p2a: Glimmora|Mud Shot|p1a: Dialga\n|-supereffective|p1a: Dialga\n|-damage|p1a: Dialga|72\/100\n|-unboost|p1a: Dialga|spe|1\n|move|p1a: Dialga|Roar|p2a: Glimmora\n|drag|p2a: Yveltal|Yveltal|100\/100\n|-ability|p2a: Yveltal|Dark Aura\n|\n|upkeep\n|turn|2\n|\n|t:|1699532899\n|move|p2a: Yveltal|Knock Off|p1a: Dialga\n|-damage|p1a: Dialga|31\/100\n|-damage|p2a: Yveltal|91\/100|[from] item: Life Orb\n|move|p1a: Dialga|Flash Cannon|p2a: Yveltal\n|-damage|p2a: Yveltal|42\/100\n|-unboost|p2a: Yveltal|spd|1\n|\n|upkeep\n|turn|3\n|\n|t:|1699532911\n|switch|p2a: Groudon|Groudon|100\/100\n|detailschange|p2a: Groudon|Groudon-Primal\n|-primal|p2a: Groudon|Red Orb\n|-weather|DesolateLand|[from] ability: Desolate Land|[of] p2a: Groudon\n|move|p1a: Dialga|Dragon Pulse|p2a: Groudon\n|-damage|p2a: Groudon|50\/100\n|\n|-weather|DesolateLand|[upkeep]\n|upkeep\n|turn|4\n|\n|t:|1699532918\n|switch|p1a: Arceus|Arceus-Flying|100\/100\n|move|p2a: Groudon|Heat Crash|p1a: Arceus\n|-damage|p1a: Arceus|54\/100\n|\n|-weather|DesolateLand|[upkeep]\n|upkeep\n|turn|5\n|\n|t:|1699532926\n|move|p1a: Arceus|Judgment|p2a: Groudon\n|-damage|p2a: Groudon|4\/100\n|move|p2a: Groudon|Stone Edge|p1a: Arceus\n|-supereffective|p1a: Arceus\n|-damage|p1a: Arceus|4\/100\n|\n|-weather|DesolateLand|[upkeep]\n|upkeep\n|turn|6\n|\n|t:|1699532932\n|move|p1a: Arceus|Recover|p1a: Arceus\n|-heal|p1a: Arceus|54\/100\n|move|p2a: Groudon|Heat Crash|p1a: Arceus\n|-damage|p1a: Arceus|10\/100\n|\n|-weather|DesolateLand|[upkeep]\n|upkeep\n|turn|7\n|\n|t:|1699532945\n|move|p1a: Arceus|Recover|p1a: Arceus\n|-heal|p1a: Arceus|60\/100\n|move|p2a: Groudon|Stone Edge|p1a: Arceus\n|-supereffective|p1a: Arceus\n|-damage|p1a: Arceus|12\/100\n|\n|-weather|DesolateLand|[upkeep]\n|upkeep\n|turn|8\n|\n|t:|1699532954\n|move|p1a: Arceus|Judgment|p2a: Groudon\n|-damage|p2a: Groudon|0 fnt\n|faint|p2a: Groudon\n|-weather|none\n|\n|upkeep\n|\n|t:|1699532965\n|switch|p2a: Glimmora|Glimmora, M|100\/100\n|turn|9\n|\n|t:|1699532969\n|move|p2a: Glimmora|Power Gem|p1a: Arceus\n|-supereffective|p1a: Arceus\n|-damage|p1a: Arceus|0 fnt\n|faint|p1a: Arceus\n|\n|upkeep\n|\n|t:|1699532981\n|switch|p1a: Dialga|Dialga-Origin|31\/100\n|-ability|p1a: Dialga|Pressure\n|turn|10\n|\n|t:|1699533001\n|move|p2a: Glimmora|Mud Shot|p1a: Dialga\n|-supereffective|p1a: Dialga\n|-damage|p1a: Dialga|3\/100\n|-unboost|p1a: Dialga|spe|1\n|move|p1a: Dialga|Flash Cannon|p2a: Glimmora\n|-supereffective|p2a: Glimmora\n|-enditem|p2a: Glimmora|Focus Sash\n|-damage|p2a: Glimmora|1\/100\n|\n|upkeep\n|turn|11\n|\n|t:|1699533022\n|move|p2a: Glimmora|Mud Shot|p1a: Dialga\n|-supereffective|p1a: Dialga\n|-damage|p1a: Dialga|0 fnt\n|faint|p1a: Dialga\n|\n|upkeep\n|\n|t:|1699533028\n|switch|p1a: Kyogre|Kyogre|100\/100\n|-weather|RainDance|[from] ability: Drizzle|[of] p1a: Kyogre\n|turn|12\n|\n|t:|1699533041\n|move|p1a: Kyogre|Water Spout|p2a: Glimmora\n|-supereffective|p2a: Glimmora\n|-damage|p2a: Glimmora|0 fnt\n|faint|p2a: Glimmora\n|\n|-weather|RainDance|[upkeep]\n|upkeep\n|\n|t:|1699533047\n|switch|p2a: Kyogre|Kyogre|100\/100\n|detailschange|p2a: Kyogre|Kyogre-Primal\n|-primal|p2a: Kyogre|Blue Orb\n|-weather|PrimordialSea|[from] ability: Primordial Sea|[of] p2a: Kyogre\n|turn|13\n|\n|t:|1699533066\n|switch|p1a: Groudon|Groudon|100\/100\n|detailschange|p1a: Groudon|Groudon-Primal\n|-primal|p1a: Groudon|Red Orb\n|-weather|DesolateLand|[from] ability: Desolate Land|[of] p1a: Groudon\n|move|p2a: Kyogre|Thunder|p1a: Groudon\n|-immune|p1a: Groudon\n|\n|-weather|DesolateLand|[upkeep]\n|upkeep\n|turn|14\n|\n|t:|1699533074\n|switch|p2a: Yveltal|Yveltal|42\/100\n|-ability|p2a: Yveltal|Dark Aura\n|move|p1a: Groudon|Rock Polish|p1a: Groudon\n|-boost|p1a: Groudon|spe|2\n|\n|-weather|DesolateLand|[upkeep]\n|upkeep\n|turn|15\n|\n|t:|1699533081\n|move|p2a: Yveltal|Sucker Punch|p1a: Groudon\n|-damage|p1a: Groudon|64\/100\n|-damage|p2a: Yveltal|33\/100|[from] item: Life Orb\n|move|p1a: Groudon|Fire Punch|p2a: Yveltal\n|-damage|p2a: Yveltal|0 fnt\n|faint|p2a: Yveltal\n|\n|-weather|DesolateLand|[upkeep]\n|upkeep\n|\n|t:|1699533089\n|switch|p2a: Zacian|Zacian-Crowned|100\/100\n|-ability|p2a: Zacian|Intrepid Sword|boost\n|-boost|p2a: Zacian|atk|1\n|turn|16\n|\n|t:|1699533094\n|-terastallize|p2a: Zacian|Fighting\n|move|p1a: Groudon|Fire Punch|p2a: Zacian\n|-crit|p2a: Zacian\n|-damage|p2a: Zacian|0 fnt\n|faint|p2a: Zacian\n|\n|-weather|DesolateLand|[upkeep]\n|upkeep\n|-message|xinnobu forfeited.\n|\n|win|Dominator296\n|raw|Dominator296's rating: 1422 &rarr; <strong>1454<\/strong><br \/>(+32 for winning)\n|raw|xinnobu's rating: 1669 &rarr; <strong>1637<\/strong><br \/>(-32 for losing)\n|l|\u2606xinnobu\n|l|\u2606Dominator296\n","uploadtime":1699533105,"views":6,"p1id":"dominator296","p2id":"xinnobu","formatid":"gen9nationaldexubers","rating":1454,"private":0,"password":""}