{"id":"gen9nationaldexubers-1985730077","p1":"Malice Incarnate","p2":"Sammmmmmmmmmmmm","format":"[Gen 9] National Dex Ubers","log":"|j|\u2606Malice Incarnate\n|j|\u2606Sammmmmmmmmmmmm\n|t:|1699400130\n|gametype|singles\n|player|p1|Malice Incarnate|palmer|\n|player|p2|Sammmmmmmmmmmmm|bede-masters|\n|teamsize|p1|6\n|teamsize|p2|6\n|gen|9\n|tier|[Gen 9] National Dex Ubers\n|rule|HP Percentage Mod: HP is shown in percentages\n|rule|Endless Battle Clause: Forcing endless battles is banned\n|rule|OHKO Clause: OHKO moves are banned\n|rule|Evasion Moves Clause: Evasion moves are banned\n|rule|Evasion Items Clause: Evasion items are banned\n|rule|Species Clause: Limit one of each Pok\u00e9mon\n|rule|Sleep Clause Mod: Limit one foe put to sleep\n|rule|Mega Rayquaza Clause: You cannot mega evolve Rayquaza\n|clearpoke\n|poke|p1|Scizor, M|\n|poke|p1|Landorus-Therian, M|\n|poke|p1|Greninja-*, M|\n|poke|p1|Corviknight, F|\n|poke|p1|Blissey, F|\n|poke|p1|Conkeldurr, F|\n|poke|p2|Necrozma-Dawn-Wings|\n|poke|p2|Hatterene, F|\n|poke|p2|Victini|\n|poke|p2|Tapu Lele|\n|poke|p2|Slowbro, F|\n|poke|p2|Mewtwo|\n|teampreview\n|inactive|Battle timer is ON: inactive players will automatically lose when time's up. (requested by Malice Incarnate)\n|\n|t:|1699400146\n|start\n|switch|p1a: Faberge|Scizor, M|100\/100\n|switch|p2a: Shakra|Mewtwo|100\/100\n|-ability|p2a: Shakra|Pressure\n|turn|1\n|\n|t:|1699400161\n|switch|p1a: Fat Fuck Friday|Blissey, F|100\/100\n|detailschange|p2a: Shakra|Mewtwo-Mega-X\n|-mega|p2a: Shakra|Mewtwo|Mewtwonite X\n|move|p2a: Shakra|Drain Punch|p1a: Fat Fuck Friday\n|-supereffective|p1a: Fat Fuck Friday\n|-damage|p1a: Fat Fuck Friday|9\/100\n|\n|upkeep\n|turn|2\n|c|\u2606Malice Incarnate|oh shit\n|\n|t:|1699400172\n|switch|p1a: UUBL|Landorus-Therian, M|100\/100\n|-ability|p1a: UUBL|Intimidate|boost\n|-unboost|p2a: Shakra|atk|1\n|move|p2a: Shakra|Knock Off|p1a: UUBL\n|-damage|p1a: UUBL|79\/100\n|\n|upkeep\n|turn|3\n|\n|t:|1699400175\n|move|p2a: Shakra|Ice Punch|p1a: UUBL\n|-supereffective|p1a: UUBL\n|-damage|p1a: UUBL|0 fnt\n|faint|p1a: UUBL\n|\n|upkeep\n|c|\u2606Malice Incarnate|oh\n|\n|t:|1699400180\n|switch|p1a: Amphinobi|Greninja, M|100\/100\n|turn|4\n|\n|t:|1699400184\n|move|p1a: Amphinobi|Dark Pulse|p2a: Shakra\n|-start|p1a: Amphinobi|typechange|Dark|[from] ability: Protean\n|-damage|p2a: Shakra|70\/100\n|cant|p2a: Shakra|flinch\n|-ability|p2a: Shakra|Steadfast|boost\n|-boost|p2a: Shakra|spe|1\n|\n|upkeep\n|turn|5\n|c|\u2606Malice Incarnate|oh fuck\n|\n|t:|1699400196\n|switch|p1a: Fat Fuck Friday|Blissey, F|9\/100\n|move|p2a: Shakra|Drain Punch|p1a: Fat Fuck Friday\n|-supereffective|p1a: Fat Fuck Friday\n|-damage|p1a: Fat Fuck Friday|0 fnt\n|-heal|p2a: Shakra|78\/100|[from] drain|[of] p1a: Fat Fuck Friday\n|faint|p1a: Fat Fuck Friday\n|\n|upkeep\n|\n|t:|1699400202\n|switch|p1a: Faberge|Scizor, M|100\/100\n|turn|6\n|c|\u2606Sammmmmmmmmmmmm|this is probably the first and last time steadfast will ever activate\n|\n|t:|1699400212\n|switch|p2a: Millibelle|Slowbro, F|100\/100\n|detailschange|p1a: Faberge|Scizor-Mega, M\n|-mega|p1a: Faberge|Scizor|Scizorite\n|move|p1a: Faberge|Bullet Punch|p2a: Millibelle\n|-resisted|p2a: Millibelle\n|-damage|p2a: Millibelle|91\/100\n|-damage|p1a: Faberge|84\/100|[from] item: Rocky Helmet|[of] p2a: Millibelle\n|\n|upkeep\n|turn|7\n|\n|t:|1699400216\n|move|p1a: Faberge|U-turn|p2a: Millibelle\n|-supereffective|p2a: Millibelle\n|-damage|p2a: Millibelle|54\/100\n|-damage|p1a: Faberge|67\/100|[from] item: Rocky Helmet|[of] p2a: Millibelle\n|\n|t:|1699400220\n|switch|p1a: Honkeldurr|Conkeldurr, F|100\/100|[from] U-turn\n|move|p2a: Millibelle|Scald|p1a: Honkeldurr\n|-damage|p1a: Honkeldurr|66\/100\n|\n|-status|p1a: Honkeldurr|brn|[from] item: Flame Orb\n|upkeep\n|turn|8\n|c|\u2606Malice Incarnate|ez\n|\n|t:|1699400240\n|switch|p2a: Godseeker|Hatterene, F, shiny|100\/100\n|move|p1a: Honkeldurr|Knock Off|p2a: Godseeker\n|-damage|p2a: Godseeker|50\/100\n|-enditem|p2a: Godseeker|Leftovers|[from] move: Knock Off|[of] p1a: Honkeldurr\n|\n|-damage|p1a: Honkeldurr|60\/100 brn|[from] brn\n|upkeep\n|turn|9\n|c|\u2606Malice Incarnate|choice band guts focus punch incoming\n|\n|t:|1699400245\n|move|p1a: Honkeldurr|Earthquake|p2a: Godseeker\n|-damage|p2a: Godseeker|5\/100\n|move|p2a: Godseeker|Draining Kiss|p1a: Honkeldurr\n|-supereffective|p1a: Honkeldurr\n|-damage|p1a: Honkeldurr|2\/100 brn\n|-heal|p2a: Godseeker|62\/100|[from] drain|[of] p1a: Honkeldurr\n|\n|-damage|p1a: Honkeldurr|0 fnt|[from] brn\n|faint|p1a: Honkeldurr\n|upkeep\n|\n|t:|1699400249\n|switch|p1a: Amphinobi|Greninja, M|100\/100\n|turn|10\n|\n|t:|1699400265\n|switch|p2a: Snail Shaman|Tapu Lele|100\/100\n|-fieldstart|move: Psychic Terrain|[from] ability: Psychic Surge|[of] p2a: Snail Shaman\n|move|p1a: Amphinobi|Gunk Shot|p2a: Snail Shaman\n|-start|p1a: Amphinobi|typechange|Poison|[from] ability: Protean\n|-supereffective|p2a: Snail Shaman\n|-damage|p2a: Snail Shaman|0 fnt\n|faint|p2a: Snail Shaman\n|\n|upkeep\n|\n|t:|1699400270\n|switch|p2a: Radiance|Necrozma-Dawn-Wings|100\/100\n|turn|11\n|\n|t:|1699400274\n|switch|p1a: Tinkatrouble|Corviknight, F|100\/100\n|-ability|p1a: Tinkatrouble|Pressure\n|detailschange|p2a: Radiance|Necrozma-Ultra\n|-burst|p2a: Radiance|Necrozma|Ultranecrozium Z\n|move|p2a: Radiance|Dragon Pulse|p1a: Tinkatrouble\n|-resisted|p1a: Tinkatrouble\n|-damage|p1a: Tinkatrouble|76\/100\n|\n|upkeep\n|turn|12\n|\n|t:|1699400285\n|-zpower|p2a: Radiance\n|move|p2a: Radiance|Light That Burns the Sky|p1a: Tinkatrouble|[zeffect]\n|-resisted|p1a: Tinkatrouble\n|-damage|p1a: Tinkatrouble|0 fnt\n|faint|p1a: Tinkatrouble\n|\n|upkeep\n|\n|t:|1699400293\n|switch|p1a: Amphinobi|Greninja, M|100\/100\n|turn|13\n|inactive|Sammmmmmmmmmmmm has 270 seconds left.\n|\n|t:|1699400327\n|move|p1a: Amphinobi|Dark Pulse|p2a: Radiance\n|-start|p1a: Amphinobi|typechange|Dark|[from] ability: Protean\n|-supereffective|p2a: Radiance\n|-damage|p2a: Radiance|35\/100\n|move|p2a: Radiance|Dragon Pulse|p1a: Amphinobi\n|-damage|p1a: Amphinobi|11\/100\n|\n|upkeep\n|turn|14\n|inactive|Sammmmmmmmmmmmm has 270 seconds left.\n|\n|t:|1699400337\n|switch|p2a: Godseeker|Hatterene, F, shiny|62\/100\n|move|p1a: Amphinobi|Dark Pulse|p2a: Godseeker\n|-damage|p2a: Godseeker|30\/100\n|\n|-fieldend|move: Psychic Terrain\n|upkeep\n|turn|15\n|c|\u2606Malice Incarnate|dang gren\n|c|\u2606Malice Incarnate|you thicc\n|inactive|Sammmmmmmmmmmmm has 270 seconds left.\n|\n|t:|1699400357\n|move|p1a: Amphinobi|Dark Pulse|p2a: Godseeker\n|-damage|p2a: Godseeker|0 fnt\n|faint|p2a: Godseeker\n|\n|upkeep\n|\n|t:|1699400363\n|switch|p2a: Shakra|Mewtwo-Mega-X|78\/100\n|turn|16\n|\n|t:|1699400368\n|switch|p1a: Faberge|Scizor-Mega, M|67\/100\n|move|p2a: Shakra|Drain Punch|p1a: Faberge\n|-damage|p1a: Faberge|36\/100\n|-heal|p2a: Shakra|93\/100|[from] drain|[of] p1a: Faberge\n|\n|upkeep\n|turn|17\n|\n|t:|1699400371\n|move|p2a: Shakra|Drain Punch|p1a: Faberge\n|-damage|p1a: Faberge|5\/100\n|-heal|p2a: Shakra|100\/100|[from] drain|[of] p1a: Faberge\n|move|p1a: Faberge|Roost|p1a: Faberge\n|-heal|p1a: Faberge|55\/100\n|-singleturn|p1a: Faberge|move: Roost\n|\n|upkeep\n|turn|18\n|\n|t:|1699400375\n|move|p2a: Shakra|Drain Punch|p1a: Faberge\n|-damage|p1a: Faberge|24\/100\n|move|p1a: Faberge|Swords Dance|p1a: Faberge\n|-boost|p1a: Faberge|atk|2\n|\n|upkeep\n|turn|19\n|\n|t:|1699400378\n|move|p1a: Faberge|Bullet Punch|p2a: Shakra\n|-damage|p2a: Shakra|46\/100\n|move|p2a: Shakra|Drain Punch|p1a: Faberge\n|-damage|p1a: Faberge|0 fnt\n|-heal|p2a: Shakra|57\/100|[from] drain|[of] p1a: Faberge\n|faint|p1a: Faberge\n|\n|upkeep\n|\n|t:|1699400382\n|switch|p1a: Amphinobi|Greninja, M|11\/100\n|turn|20\n|\n|t:|1699400391\n|move|p1a: Amphinobi|Gunk Shot|p2a: Shakra\n|-start|p1a: Amphinobi|typechange|Poison|[from] ability: Protean\n|-damage|p2a: Shakra|13\/100\n|-status|p2a: Shakra|psn\n|move|p2a: Shakra|Drain Punch|p1a: Amphinobi\n|-resisted|p1a: Amphinobi\n|-damage|p1a: Amphinobi|0 fnt\n|-heal|p2a: Shakra|17\/100 psn|[from] drain|[of] p1a: Amphinobi\n|faint|p1a: Amphinobi\n|\n|win|Sammmmmmmmmmmmm\n|c|\u2606Sammmmmmmmmmmmm|ggs\n","uploadtime":1699400401,"views":5,"p1id":"maliceincarnate","p2id":"sammmmmmmmmmmmm","formatid":"gen9nationaldexubers","rating":0,"private":0,"password":""}