{"id":"gen9nationaldexubers-1988355061","p1":"TheGriffinKing2O","p2":"MrCatKing07","format":"[Gen 9] National Dex Ubers","log":"|j|\u2606TheGriffinKing2O\n|j|\u2606MrCatKing07\n|inactive|Battle timer is ON: inactive players will automatically lose when time's up.\n|t:|1699713100\n|gametype|singles\n|player|p1|TheGriffinKing2O|n-masters3|\n|player|p2|MrCatKing07|preschoolers|\n|teamsize|p1|6\n|teamsize|p2|6\n|gen|9\n|tier|[Gen 9] National Dex Ubers\n|rated|Tournament battle\n|rule|HP Percentage Mod: HP is shown in percentages\n|rule|Endless Battle Clause: Forcing endless battles is banned\n|rule|OHKO Clause: OHKO moves are banned\n|rule|Evasion Moves Clause: Evasion moves are banned\n|rule|Evasion Items Clause: Evasion items are banned\n|rule|Species Clause: Limit one of each Pok\u00e9mon\n|rule|Sleep Clause Mod: Limit one foe put to sleep\n|rule|Mega Rayquaza Clause: You cannot mega evolve Rayquaza\n|clearpoke\n|poke|p1|Blaziken-Mega, M|\n|poke|p1|Alakazam-Mega, F|\n|poke|p1|Arceus-Ground|\n|poke|p1|Eternatus|\n|poke|p1|Marshadow|\n|poke|p1|Zacian-Crowned|\n|poke|p2|Kyogre-Primal|\n|poke|p2|Groudon-Primal|\n|poke|p2|Zacian-Crowned|\n|poke|p2|Xerneas-*|\n|poke|p2|Yveltal|\n|poke|p2|Eternatus|\n|teampreview\n|j|*Lady Monita \u263d\n|inactive|MrCatKing07 also wants the timer to be on.\n|c|\u2606MrCatKing07|glhf\n|j| Crown oji\n|inactive|TheGriffinKing2O has 120 seconds left.\n|inactive|TheGriffinKing2O has 90 seconds left.\n|j| Exod_Omega\n|c| Exod_Omega|GRIFFIN\n|c| Exod_Omega|GRIFFIN\n|c|\u2606MrCatKing07|oh\n|c| Exod_Omega|WE SUPPORT YOU\n|c|\u2606MrCatKing07|lots of spectator\n|c|\u2606MrCatKing07|s\n|c| Exod_Omega|GRIFFIN\n|inactive|TheGriffinKing2O has 60 seconds left.\n|c| Exod_Omega|I lost 0-1 to griffin\n|c|\u2606MrCatKing07|o\n|c|\u2606MrCatKing07|ok\n|c| Exod_Omega|but he is tough as well\n|inactive|TheGriffinKing2O has 30 seconds left.\n|\n|t:|1699713227\n|start\n|switch|p1a: Eternatus|Eternatus|100\/100\n|switch|p2a: Magical Deer|Xerneas|100\/100\n|-ability|p1a: Eternatus|Pressure\n|-ability|p2a: Magical Deer|Fairy Aura\n|turn|1\n|\n|t:|1699713233\n|move|p1a: Eternatus|Sludge Bomb|p2a: Magical Deer\n|-supereffective|p2a: Magical Deer\n|-damage|p2a: Magical Deer|22\/100\n|move|p2a: Magical Deer|Geomancy||[still]\n|-prepare|p2a: Magical Deer|Geomancy\n|-enditem|p2a: Magical Deer|Power Herb\n|-anim|p2a: Magical Deer|Geomancy|p2a: Magical Deer\n|-boost|p2a: Magical Deer|spa|2\n|-boost|p2a: Magical Deer|spd|2\n|-boost|p2a: Magical Deer|spe|2\n|\n|upkeep\n|turn|2\n|\n|t:|1699713235\n|move|p2a: Magical Deer|Psychic|p1a: Eternatus\n|-supereffective|p1a: Eternatus\n|-damage|p1a: Eternatus|0 fnt\n|faint|p1a: Eternatus\n|\n|upkeep\n|\n|t:|1699713243\n|switch|p1a: Marshadow|Marshadow|100\/100\n|turn|3\n|c| Exod_Omega|GRIFFIN WE AHVE TRUST\n|\n|t:|1699713251\n|switch|p2a: Soul Siphoner|Yveltal|100\/100\n|-ability|p2a: Soul Siphoner|Dark Aura\n|move|p1a: Marshadow|Spectral Thief|p2a: Soul Siphoner\n|-resisted|p2a: Soul Siphoner\n|-damage|p2a: Soul Siphoner|78\/100\n|\n|upkeep\n|turn|4\n|c|\u2606TheGriffinKing2O|Bro chill\n|\n|t:|1699713256\n|move|p1a: Marshadow|Rock Tomb|p2a: Soul Siphoner\n|-supereffective|p2a: Soul Siphoner\n|-damage|p2a: Soul Siphoner|25\/100\n|-unboost|p2a: Soul Siphoner|spe|1\n|move|p2a: Soul Siphoner|Oblivion Wing|p1a: Marshadow\n|-supereffective|p1a: Marshadow\n|-crit|p1a: Marshadow\n|-enditem|p1a: Marshadow|Focus Sash\n|-damage|p1a: Marshadow|1\/100\n|-heal|p2a: Soul Siphoner|86\/100|[from] drain|[of] p1a: Marshadow\n|-damage|p2a: Soul Siphoner|76\/100|[from] item: Life Orb\n|\n|upkeep\n|turn|5\n|j|^RUMYMOME\n|c|\u2606MrCatKing07|o\n|c| Exod_Omega|...\n|\n|t:|1699713284\n|move|p1a: Marshadow|Rock Tomb|p2a: Soul Siphoner\n|-supereffective|p2a: Soul Siphoner\n|-damage|p2a: Soul Siphoner|24\/100\n|-unboost|p2a: Soul Siphoner|spe|1\n|move|p2a: Soul Siphoner|Oblivion Wing|p1a: Marshadow\n|-supereffective|p1a: Marshadow\n|-damage|p1a: Marshadow|0 fnt\n|-heal|p2a: Soul Siphoner|24\/100|[from] drain|[of] p1a: Marshadow\n|faint|p1a: Marshadow\n|-damage|p2a: Soul Siphoner|14\/100|[from] item: Life Orb\n|\n|upkeep\n|\n|t:|1699713291\n|switch|p1a: Arceus|Arceus-Ground|100\/100\n|turn|6\n|inactive|MrCatKing07 has 120 seconds left.\n|inactive|MrCatKing07 has 90 seconds left.\n|\n|t:|1699713347\n|move|p1a: Arceus|Extreme Speed|p2a: Soul Siphoner\n|-damage|p2a: Soul Siphoner|0 fnt\n|faint|p2a: Soul Siphoner\n|\n|upkeep\n|\n|t:|1699713351\n|switch|p2a: Jonah's Whale|Kyogre-Primal, shiny|100\/100\n|-weather|PrimordialSea|[from] ability: Primordial Sea|[of] p2a: Jonah's Whale\n|turn|7\n|c| Exod_Omega|needa go\n|c|\u2606MrCatKing07|bye\n|c| Exod_Omega|for another monotype tour\n|c|\u2606MrCatKing07|hava nice day\n|c|\u2606MrCatKing07|another???\n|j| jerin123\n|inactive|TheGriffinKing2O has 120 seconds left.\n|\n|t:|1699713409\n|move|p1a: Arceus|Judgment|p2a: Jonah's Whale\n|-damage|p2a: Jonah's Whale|75\/100\n|move|p2a: Jonah's Whale|Origin Pulse|p1a: Arceus\n|-supereffective|p1a: Arceus\n|-damage|p1a: Arceus|0 fnt\n|faint|p1a: Arceus\n|\n|-weather|PrimordialSea|[upkeep]\n|upkeep\n|\n|t:|1699713414\n|switch|p1a: Alakazam|Alakazam-Mega, F|100\/100\n|-ability|p1a: Alakazam|Primordial Sea|[from] ability: Trace|[of] p2a: Jonah's Whale\n|turn|8\n|\n|t:|1699713418\n|move|p1a: Alakazam|Energy Ball|p2a: Jonah's Whale\n|-supereffective|p2a: Jonah's Whale\n|-damage|p2a: Jonah's Whale|10\/100\n|move|p2a: Jonah's Whale|Origin Pulse|p1a: Alakazam\n|-damage|p1a: Alakazam|0 fnt\n|faint|p1a: Alakazam\n|\n|-weather|PrimordialSea|[upkeep]\n|upkeep\n|\n|t:|1699713425\n|switch|p1a: Zacian|Zacian-Crowned|100\/100\n|-ability|p1a: Zacian|Intrepid Sword|boost\n|-boost|p1a: Zacian|atk|1\n|turn|9\n|\n|t:|1699713430\n|move|p1a: Zacian|Crunch|p2a: Jonah's Whale\n|-damage|p2a: Jonah's Whale|0 fnt\n|faint|p2a: Jonah's Whale\n|-weather|none\n|\n|upkeep\n|\n|t:|1699713434\n|switch|p2a: Eternatus|Eternatus|100\/100\n|-ability|p2a: Eternatus|Pressure\n|turn|10\n|c|\u2606TheGriffinKing2O|Gg\n|c|\u2606TheGriffinKing2O|U win\n|c|\u2606MrCatKing07|ggs\n|inactive|TheGriffinKing2O has 120 seconds left.\n|\n|t:|1699713440\n|move|p1a: Zacian|Behemoth Blade|p2a: Eternatus\n|-damage|p2a: Eternatus|27\/100\n|move|p2a: Eternatus|Flamethrower|p1a: Zacian\n|-supereffective|p1a: Zacian\n|-damage|p1a: Zacian|38\/100\n|\n|upkeep\n|turn|11\n|\n|t:|1699713447\n|move|p1a: Zacian|Behemoth Blade|p2a: Eternatus\n|-damage|p2a: Eternatus|0 fnt\n|faint|p2a: Eternatus\n|\n|upkeep\n|c|\u2606TheGriffinKing2O|Lets see the speed tie\n|\n|t:|1699713462\n|switch|p2a: Volcanosaurus|Groudon-Primal, shiny|100\/100\n|-weather|DesolateLand|[from] ability: Desolate Land|[of] p2a: Volcanosaurus\n|turn|12\n|c|\u2606TheGriffinKing2O|Nvm\n|\n|t:|1699713472\n|move|p1a: Zacian|Close Combat|p2a: Volcanosaurus\n|-damage|p2a: Volcanosaurus|56\/100\n|-unboost|p1a: Zacian|def|1\n|-unboost|p1a: Zacian|spd|1\n|move|p2a: Volcanosaurus|Heat Crash|p1a: Zacian\n|-supereffective|p1a: Zacian\n|-damage|p1a: Zacian|0 fnt\n|faint|p1a: Zacian\n|\n|-weather|DesolateLand|[upkeep]\n|upkeep\n|\n|t:|1699713476\n|switch|p1a: Blaziken|Blaziken-Mega, M|100\/100\n|turn|13\n|\n|t:|1699713479\n|move|p1a: Blaziken|Protect|p1a: Blaziken\n|-singleturn|p1a: Blaziken|Protect\n|move|p2a: Volcanosaurus|Precipice Blades|p1a: Blaziken\n|-activate|p1a: Blaziken|move: Protect\n|\n|-weather|DesolateLand|[upkeep]\n|-ability|p1a: Blaziken|Speed Boost|boost\n|-boost|p1a: Blaziken|spe|1\n|upkeep\n|turn|14\n|\n|t:|1699713482\n|move|p1a: Blaziken|Close Combat|p2a: Volcanosaurus\n|-damage|p2a: Volcanosaurus|5\/100\n|-unboost|p1a: Blaziken|def|1\n|-unboost|p1a: Blaziken|spd|1\n|move|p2a: Volcanosaurus|Precipice Blades|p1a: Blaziken\n|-supereffective|p1a: Blaziken\n|-enditem|p1a: Blaziken|Focus Sash\n|-damage|p1a: Blaziken|1\/100\n|\n|-weather|DesolateLand|[upkeep]\n|-ability|p1a: Blaziken|Speed Boost|boost\n|-boost|p1a: Blaziken|spe|1\n|upkeep\n|turn|15\n|\n|t:|1699713489\n|move|p1a: Blaziken|Blaze Kick|p2a: Volcanosaurus\n|-resisted|p2a: Volcanosaurus\n|-damage|p2a: Volcanosaurus|0 fnt\n|faint|p2a: Volcanosaurus\n|-weather|none\n|\n|-ability|p1a: Blaziken|Speed Boost|boost\n|-boost|p1a: Blaziken|spe|1\n|upkeep\n|\n|t:|1699713491\n|switch|p2a: Crowned Warrior|Zacian-Crowned, shiny|100\/100\n|-ability|p2a: Crowned Warrior|Intrepid Sword|boost\n|-boost|p2a: Crowned Warrior|atk|1\n|turn|16\n|\n|t:|1699713496\n|-terastallize|p2a: Crowned Warrior|Fairy\n|move|p1a: Blaziken|Blaze Kick|p2a: Crowned Warrior\n|-damage|p2a: Crowned Warrior|52\/100\n|move|p2a: Crowned Warrior|Behemoth Blade|p1a: Blaziken\n|-resisted|p1a: Blaziken\n|-damage|p1a: Blaziken|0 fnt\n|faint|p1a: Blaziken\n|\n|win|MrCatKing07\n|n|\u2606TheGriffinKing2O|thegriffinking2o\n|n|\u2606MrCatKing07|mrcatking07\n|n|*Lady Monita \u263d|ladymonita\n|n| Crown oji|crownoji\n|n| Exod_Omega|exodomega\n|n| RUMYMOME|rumymome\n|n| jerin123|jerin123\n|l|*Lady Monita \u263d\n|c|\u2606TheGriffinKing2O|Gg\n|l|\u2606TheGriffinKing2O\n|c|\u2606MrCatKing07|gggs\n|l| Crown oji\n|l| jerin123\n|c| Exod_Omega|lost my match agisnt fairies\n|c| Exod_Omega|and i had dragons\n|c| Exod_Omega|2nd tour gonna start soon\n|c| Exod_Omega|ohhhhhhh\n|c| Exod_Omega|Volcanosaurusabcdefghijklmnopqrstuvwxyz\n|c| Exod_Omega|wrong move\n|c|\u2606MrCatKing07|what\n|c| Exod_Omega|cuz of defense\n|c| Exod_Omega|lost\n|c| Exod_Omega|kek\n|c| Exod_Omega|COngrats\n|c|\u2606MrCatKing07|thx\n|l| Exod_Omega\n|c|\u2606MrCatKing07|u did good too\n","uploadtime":1699713498,"views":5,"p1id":"thegriffinking2o","p2id":"mrcatking07","formatid":"gen9nationaldexubers","rating":0,"private":0,"password":""}