{"id":"gen9nationaldexubers-1984405434","p1":"abusuo","p2":"KarmaNightraide","format":"[Gen 9] National Dex Ubers","log":"|j|\u2606abusuo\n|j|\u2606KarmaNightraide\n|t:|1699257846\n|gametype|singles\n|player|p1|abusuo|giovanni|1081\n|player|p2|KarmaNightraide|unknown|1227\n|teamsize|p1|6\n|teamsize|p2|6\n|gen|9\n|tier|[Gen 9] National Dex Ubers\n|rated|\n|rule|HP Percentage Mod: HP is shown in percentages\n|rule|Endless Battle Clause: Forcing endless battles is banned\n|rule|OHKO Clause: OHKO moves are banned\n|rule|Evasion Moves Clause: Evasion moves are banned\n|rule|Evasion Items Clause: Evasion items are banned\n|rule|Species Clause: Limit one of each Pok\u00e9mon\n|rule|Sleep Clause Mod: Limit one foe put to sleep\n|rule|Mega Rayquaza Clause: You cannot mega evolve Rayquaza\n|clearpoke\n|poke|p1|Arceus|\n|poke|p1|Galvantula, M|\n|poke|p1|Yveltal|\n|poke|p1|Zacian-*|\n|poke|p1|Kangaskhan, F|\n|poke|p1|Kyurem-White|\n|poke|p2|Aegislash, F|\n|poke|p2|Ceruledge, F|\n|poke|p2|Basculegion, M|\n|poke|p2|Mimikyu, M|\n|poke|p2|Mismagius, F|\n|poke|p2|Gourgeist-*, F|\n|teampreview\n|\n|t:|1699257855\n|start\n|switch|p1a: Galvantula|Galvantula, M|100\/100\n|switch|p2a: Witch|Mismagius, F|100\/100\n|turn|1\n|\n|t:|1699257861\n|move|p1a: Galvantula|Sticky Web|p2a: Witch\n|-sidestart|p2: KarmaNightraide|move: Sticky Web\n|move|p2a: Witch|Nasty Plot|p2a: Witch\n|-boost|p2a: Witch|spa|2\n|\n|upkeep\n|turn|2\n|\n|t:|1699257881\n|move|p1a: Galvantula|Thunder Wave|p2a: Witch\n|-status|p2a: Witch|par\n|cant|p2a: Witch|par\n|\n|upkeep\n|turn|3\n|\n|t:|1699257887\n|move|p1a: Galvantula|Volt Switch|p2a: Witch\n|-damage|p2a: Witch|62\/100 par\n|\n|t:|1699257891\n|switch|p1a: Yveltal|Yveltal|100\/100|[from] Volt Switch\n|-ability|p1a: Yveltal|Dark Aura\n|move|p2a: Witch|Power Gem|p1a: Yveltal\n|-supereffective|p1a: Yveltal\n|-damage|p1a: Yveltal|15\/100\n|\n|upkeep\n|turn|4\n|\n|t:|1699257904\n|move|p1a: Yveltal|Dark Pulse|p2a: Witch\n|-supereffective|p2a: Witch\n|-damage|p2a: Witch|0 fnt\n|faint|p2a: Witch\n|-damage|p1a: Yveltal|5\/100|[from] item: Life Orb\n|\n|upkeep\n|\n|t:|1699257912\n|switch|p2a: Excalasey|Aegislash, F|100\/100\n|-activate|p2a: Excalasey|move: Sticky Web\n|-unboost|p2a: Excalasey|spe|1\n|turn|5\n|\n|t:|1699257920\n|switch|p1a: Kangaskhan|Kangaskhan, F|100\/100\n|-formechange|p2a: Excalasey|Aegislash-Blade||[from] ability: Stance Change\n|move|p2a: Excalasey|Shadow Sneak|p1a: Kangaskhan\n|-immune|p1a: Kangaskhan\n|\n|upkeep\n|turn|6\n|\n|t:|1699257927\n|switch|p2a: Fish|Basculegion, M|100\/100\n|-activate|p2a: Fish|move: Sticky Web\n|-unboost|p2a: Fish|spe|1\n|-ability|p2a: Fish|Mold Breaker\n|detailschange|p1a: Kangaskhan|Kangaskhan-Mega, F\n|-mega|p1a: Kangaskhan|Kangaskhan|Kangaskhanite\n|move|p1a: Kangaskhan|Sucker Punch||[still]\n|-fail|p1a: Kangaskhan\n|\n|upkeep\n|turn|7\n|\n|t:|1699257941\n|switch|p1a: Zacian|Zacian-Crowned|100\/100\n|-ability|p1a: Zacian|Intrepid Sword|boost\n|-boost|p1a: Zacian|atk|1\n|switch|p2a: Excalasey|Aegislash, F|100\/100\n|-activate|p2a: Excalasey|move: Sticky Web\n|-unboost|p2a: Excalasey|spe|1\n|\n|upkeep\n|turn|8\n|\n|t:|1699257953\n|switch|p1a: Kyurem|Kyurem-White|100\/100\n|-ability|p1a: Kyurem|Turboblaze\n|move|p2a: Excalasey|King's Shield||[still]\n|-fail|p2a: Excalasey\n|\n|upkeep\n|turn|9\n|\n|t:|1699257976\n|-terastallize|p2a: Excalasey|Dark\n|move|p1a: Kyurem|Earth Power|p2a: Excalasey\n|-damage|p2a: Excalasey|61\/100\n|-formechange|p2a: Excalasey|Aegislash-Blade||[from] ability: Stance Change\n|move|p2a: Excalasey|Sacred Sword|p1a: Kyurem\n|-supereffective|p1a: Kyurem\n|-damage|p1a: Kyurem|36\/100\n|\n|upkeep\n|turn|10\n|\n|t:|1699257993\n|switch|p1a: Galvantula|Galvantula, M|100\/100\n|-formechange|p2a: Excalasey|Aegislash||[from] ability: Stance Change\n|move|p2a: Excalasey|King's Shield||[still]\n|-fail|p2a: Excalasey\n|\n|upkeep\n|turn|11\n|\n|t:|1699258002\n|move|p2a: Excalasey|King's Shield|p2a: Excalasey\n|-singleturn|p2a: Excalasey|Protect\n|move|p1a: Galvantula|Thunder Wave|p2a: Excalasey\n|-status|p2a: Excalasey|par\n|\n|upkeep\n|turn|12\n|\n|t:|1699258028\n|move|p1a: Galvantula|Volt Switch|p2a: Excalasey\n|-damage|p2a: Excalasey|34\/100 par\n|inactive|Battle timer is ON: inactive players will automatically lose when time's up. (requested by KarmaNightraide)\n|\n|t:|1699258052\n|switch|p1a: Zacian|Zacian-Crowned|100\/100|[from] Volt Switch\n|cant|p2a: Excalasey|par\n|\n|upkeep\n|turn|13\n|\n|t:|1699258076\n|cant|p2a: Excalasey|par\n|move|p1a: Zacian|Behemoth Blade|p2a: Excalasey\n|-damage|p2a: Excalasey|0 fnt\n|faint|p2a: Excalasey\n|\n|upkeep\n|\n|t:|1699258088\n|switch|p2a: Widowmaker|Ceruledge, F|100\/100\n|-activate|p2a: Widowmaker|move: Sticky Web\n|-unboost|p2a: Widowmaker|spe|1\n|turn|14\n|\n|t:|1699258095\n|move|p1a: Zacian|Play Rough|p2a: Widowmaker\n|-resisted|p2a: Widowmaker\n|-damage|p2a: Widowmaker|64\/100\n|-ability|p2a: Widowmaker|Weak Armor|boost\n|-unboost|p2a: Widowmaker|def|1\n|-boost|p2a: Widowmaker|spe|2\n|move|p2a: Widowmaker|Swords Dance|p2a: Widowmaker\n|-boost|p2a: Widowmaker|atk|2\n|\n|upkeep\n|turn|15\n|-message|abusuo forfeited.\n|\n|win|KarmaNightraide\n|raw|abusuo's rating: 1081 &rarr; <strong>1068<\/strong><br \/>(-13 for losing)\n|raw|KarmaNightraide's rating: 1227 &rarr; <strong>1242<\/strong><br \/>(+15 for winning)\n|l|\u2606abusuo\n","uploadtime":1699258115,"views":5,"p1id":"abusuo","p2id":"karmanightraide","formatid":"gen9nationaldexubers","rating":1068,"private":0,"password":""}