{"id":"gen9nationaldexubers-1998204499","p1":"thevoidlikesbirbs","p2":"Arthur3a","format":"[Gen 9] National Dex Ubers","log":"|j|\u2606thevoidlikesbirbs\n|j|\u2606Arthur3a\n|t:|1700912192\n|gametype|singles\n|player|p1|thevoidlikesbirbs|lusamine-nihilego|\n|player|p2|Arthur3a|candice|\n|teamsize|p1|6\n|teamsize|p2|6\n|gen|9\n|tier|[Gen 9] National Dex Ubers\n|rule|HP Percentage Mod: HP is shown in percentages\n|rule|Endless Battle Clause: Forcing endless battles is banned\n|rule|OHKO Clause: OHKO moves are banned\n|rule|Evasion Moves Clause: Evasion moves are banned\n|rule|Evasion Items Clause: Evasion items are banned\n|rule|Species Clause: Limit one of each Pok\u00e9mon\n|rule|Sleep Clause Mod: Limit one foe put to sleep\n|rule|Mega Rayquaza Clause: You cannot mega evolve Rayquaza\n|clearpoke\n|poke|p1|Xerneas-*|\n|poke|p1|Houndstone, F|\n|poke|p1|Aron, L1, F|\n|poke|p1|Toxapex, M|\n|poke|p1|Landorus-Therian, M|\n|poke|p1|Spidops, M|\n|poke|p2|Marshadow|\n|poke|p2|Scizor, F|\n|poke|p2|Breloom, F|\n|poke|p2|Maushold|\n|poke|p2|Ambipom, F|\n|poke|p2|Roserade, M|\n|teampreview\n|inactive|Battle timer is ON: inactive players will automatically lose when time's up. (requested by Arthur3a)\n|\n|t:|1700912204\n|start\n|switch|p1a: Toxapex|Toxapex, M|100\/100\n|switch|p2a: Marshadow|Marshadow|100\/100\n|turn|1\n|\n|t:|1700912209\n|move|p2a: Marshadow|Swagger|p1a: Toxapex|[miss]\n|-miss|p2a: Marshadow|p1a: Toxapex\n|move|p1a: Toxapex|Toxic Spikes|p2a: Marshadow\n|-sidestart|p2: Arthur3a|move: Toxic Spikes\n|\n|upkeep\n|turn|2\n|\n|t:|1700912212\n|move|p2a: Marshadow|Swagger|p1a: Toxapex\n|-boost|p1a: Toxapex|atk|2\n|-enditem|p2a: Marshadow|Mirror Herb\n|-boost|p2a: Marshadow|atk|2|[from] item: Mirror Herb\n|-start|p1a: Toxapex|confusion\n|-activate|p1a: Toxapex|confusion\n|-damage|p1a: Toxapex|91\/100|[from] confusion\n|\n|upkeep\n|turn|3\n|\n|t:|1700912218\n|move|p2a: Marshadow|Swagger|p1a: Toxapex\n|-boost|p1a: Toxapex|atk|2\n|-end|p1a: Toxapex|confusion\n|move|p1a: Toxapex|Toxic Spikes|p2a: Marshadow\n|-sidestart|p2: Arthur3a|move: Toxic Spikes\n|\n|upkeep\n|turn|4\n|\n|t:|1700912225\n|switch|p1a: Spidops|Spidops, M|100\/100\n|move|p2a: Marshadow|Spectral Thief|p1a: Spidops\n|-damage|p1a: Spidops|0 fnt\n|faint|p1a: Spidops\n|\n|upkeep\n|\n|t:|1700912227\n|switch|p1a: Landorus|Landorus-Therian, M|100\/100\n|-ability|p1a: Landorus|Intimidate|boost\n|-unboost|p2a: Marshadow|atk|1\n|turn|5\n|\n|t:|1700912235\n|move|p1a: Landorus|Stealth Rock|p2a: Marshadow\n|-sidestart|p2: Arthur3a|move: Stealth Rock\n|move|p2a: Marshadow|Spectral Thief|p1a: Landorus\n|-damage|p1a: Landorus|26\/100\n|\n|upkeep\n|turn|6\n|\n|t:|1700912245\n|switch|p1a: Toxapex|Toxapex, M|91\/100\n|move|p2a: Marshadow|Spectral Thief|p1a: Toxapex\n|-damage|p1a: Toxapex|31\/100\n|\n|upkeep\n|turn|7\n|\n|t:|1700912251\n|move|p1a: Toxapex|Baneful Bunker|p1a: Toxapex\n|-singleturn|p1a: Toxapex|move: Protect\n|move|p2a: Marshadow|Spectral Thief|p1a: Toxapex\n|-activate|p1a: Toxapex|move: Protect\n|-status|p2a: Marshadow|psn\n|\n|-damage|p2a: Marshadow|88\/100 psn|[from] psn\n|upkeep\n|turn|8\n|\n|t:|1700912254\n|move|p1a: Toxapex|Baneful Bunker|p1a: Toxapex\n|-singleturn|p1a: Toxapex|move: Protect\n|move|p2a: Marshadow|Spectral Thief|p1a: Toxapex\n|-activate|p1a: Toxapex|move: Protect\n|\n|-damage|p2a: Marshadow|76\/100 psn|[from] psn\n|upkeep\n|turn|9\n|\n|t:|1700912256\n|move|p1a: Toxapex|Baneful Bunker||[still]\n|-fail|p1a: Toxapex\n|move|p2a: Marshadow|Spectral Thief|p1a: Toxapex\n|-damage|p1a: Toxapex|0 fnt\n|faint|p1a: Toxapex\n|\n|-damage|p2a: Marshadow|63\/100 psn|[from] psn\n|upkeep\n|\n|t:|1700912258\n|switch|p1a: Landorus|Landorus-Therian, M|26\/100\n|-ability|p1a: Landorus|Intimidate|boost\n|-unboost|p2a: Marshadow|atk|1\n|turn|10\n|\n|t:|1700912260\n|move|p1a: Landorus|Earthquake|p2a: Marshadow\n|-damage|p2a: Marshadow|0 fnt\n|faint|p2a: Marshadow\n|\n|upkeep\n|\n|t:|1700912268\n|switch|p2a: Scizor|Scizor, F|100\/100\n|-damage|p2a: Scizor|88\/100|[from] Stealth Rock\n|turn|11\n|\n|t:|1700912273\n|detailschange|p2a: Scizor|Scizor-Mega, F\n|-mega|p2a: Scizor|Scizor|Scizorite\n|move|p2a: Scizor|Bullet Punch|p1a: Landorus\n|-damage|p1a: Landorus|0 fnt\n|faint|p1a: Landorus\n|\n|upkeep\n|\n|t:|1700912279\n|switch|p1a: Aron|Aron, L1, F|100\/100\n|turn|12\n|\n|t:|1700912287\n|switch|p2a: Roserade|Roserade, M|100\/100\n|-sideend|p2: Arthur3a|move: Toxic Spikes|[of] p2a: Roserade\n|-damage|p2a: Roserade|88\/100|[from] Stealth Rock\n|move|p1a: Aron|Protect||[still]\n|-fail|p1a: Aron\n|\n|upkeep\n|turn|13\n|\n|t:|1700912295\n|move|p2a: Roserade|Hidden Power|p1a: Aron\n|-crit|p1a: Aron\n|-ability|p1a: Aron|Sturdy\n|-damage|p1a: Aron|9\/100\n|-damage|p2a: Roserade|78\/100|[from] item: Life Orb\n|move|p1a: Aron|Hidden Power|p2a: Roserade\n|-supereffective|p2a: Roserade\n|-damage|p2a: Roserade|77\/100\n|-heal|p1a: Aron|17\/100|[from] item: Shell Bell|[of] p2a: Roserade\n|\n|upkeep\n|turn|14\n|\n|t:|1700912304\n|move|p1a: Aron|Protect|p1a: Aron\n|-singleturn|p1a: Aron|Protect\n|move|p2a: Roserade|Hidden Power|p1a: Aron\n|-activate|p1a: Aron|move: Protect\n|\n|upkeep\n|turn|15\n|\n|t:|1700912306\n|move|p2a: Roserade|Hidden Power|p1a: Aron\n|-damage|p1a: Aron|0 fnt\n|faint|p1a: Aron\n|-damage|p2a: Roserade|67\/100|[from] item: Life Orb\n|\n|upkeep\n|\n|t:|1700912309\n|switch|p1a: Xerneas|Xerneas|100\/100\n|-ability|p1a: Xerneas|Fairy Aura\n|turn|16\n|\n|t:|1700912314\n|move|p2a: Roserade|Sludge Bomb|p1a: Xerneas\n|-supereffective|p1a: Xerneas\n|-damage|p1a: Xerneas|6\/100\n|-damage|p2a: Roserade|57\/100|[from] item: Life Orb\n|-zpower|p1a: Xerneas\n|move|p1a: Xerneas|Z-Geomancy||[anim]Geomancy|[still]\n|-boost|p1a: Xerneas|atk|1|[zeffect]\n|-boost|p1a: Xerneas|def|1|[zeffect]\n|-boost|p1a: Xerneas|spa|1|[zeffect]\n|-boost|p1a: Xerneas|spd|1|[zeffect]\n|-boost|p1a: Xerneas|spe|1|[zeffect]\n|-prepare|p1a: Xerneas|Geomancy\n|\n|upkeep\n|turn|17\n|\n|t:|1700912320\n|move|p1a: Xerneas|Geomancy|p1a: Xerneas|[from]lockedmove\n|-boost|p1a: Xerneas|spa|2\n|-boost|p1a: Xerneas|spd|2\n|-boost|p1a: Xerneas|spe|2\n|move|p2a: Roserade|Sludge Bomb|p1a: Xerneas\n|-supereffective|p1a: Xerneas\n|-damage|p1a: Xerneas|0 fnt\n|faint|p1a: Xerneas\n|-damage|p2a: Roserade|47\/100|[from] item: Life Orb\n|\n|upkeep\n|\n|t:|1700912322\n|switch|p1a: Houndstone|Houndstone, F|100\/100\n|turn|18\n|\n|t:|1700912331\n|-terastallize|p1a: Houndstone|Ghost\n|move|p1a: Houndstone|Last Respects|p2a: Roserade\n|-damage|p2a: Roserade|0 fnt\n|faint|p2a: Roserade\n|\n|upkeep\n|\n|t:|1700912337\n|switch|p2a: Scizor|Scizor-Mega, F|88\/100\n|-damage|p2a: Scizor|76\/100|[from] Stealth Rock\n|turn|19\n|\n|t:|1700912339\n|move|p2a: Scizor|Bullet Punch|p1a: Houndstone\n|-damage|p1a: Houndstone|79\/100\n|move|p1a: Houndstone|Last Respects|p2a: Scizor\n|-damage|p2a: Scizor|0 fnt\n|faint|p2a: Scizor\n|\n|upkeep\n|\n|t:|1700912351\n|switch|p2a: Breloom|Breloom, F|100\/100\n|-damage|p2a: Breloom|94\/100|[from] Stealth Rock\n|turn|20\n|\n|t:|1700912356\n|-terastallize|p2a: Breloom|Grass\n|move|p1a: Houndstone|Last Respects|p2a: Breloom\n|-damage|p2a: Breloom|0 fnt\n|faint|p2a: Breloom\n|\n|upkeep\n|\n|t:|1700912363\n|switch|p2a: Ambipom|Ambipom, F|100\/100\n|-damage|p2a: Ambipom|88\/100|[from] Stealth Rock\n|turn|21\n|\n|t:|1700912365\n|move|p2a: Ambipom|Aerial Ace|p1a: Houndstone\n|-damage|p1a: Houndstone|65\/100\n|move|p1a: Houndstone|Last Respects|p2a: Ambipom\n|-immune|p2a: Ambipom\n|\n|-heal|p2a: Ambipom|94\/100|[from] item: Leftovers\n|upkeep\n|turn|22\n|\n|t:|1700912371\n|move|p2a: Ambipom|Aerial Ace|p1a: Houndstone\n|-damage|p1a: Houndstone|49\/100\n|move|p1a: Houndstone|Last Respects|p2a: Ambipom\n|-immune|p2a: Ambipom\n|\n|-heal|p2a: Ambipom|100\/100|[from] item: Leftovers\n|upkeep\n|turn|23\n|\n|t:|1700912373\n|move|p2a: Ambipom|Aerial Ace|p1a: Houndstone\n|-damage|p1a: Houndstone|33\/100\n|move|p1a: Houndstone|Last Respects|p2a: Ambipom\n|-immune|p2a: Ambipom\n|\n|upkeep\n|turn|24\n|\n|t:|1700912376\n|move|p2a: Ambipom|Aerial Ace|p1a: Houndstone\n|-damage|p1a: Houndstone|18\/100\n|move|p1a: Houndstone|Last Respects|p2a: Ambipom\n|-immune|p2a: Ambipom\n|\n|upkeep\n|turn|25\n|\n|t:|1700912378\n|move|p2a: Ambipom|Aerial Ace|p1a: Houndstone\n|-damage|p1a: Houndstone|3\/100\n|move|p1a: Houndstone|Last Respects|p2a: Ambipom\n|-immune|p2a: Ambipom\n|\n|upkeep\n|turn|26\n|\n|t:|1700912384\n|switch|p2a: Maushold|Maushold|100\/100\n|-damage|p2a: Maushold|88\/100|[from] Stealth Rock\n|move|p1a: Houndstone|Last Respects|p2a: Maushold\n|-immune|p2a: Maushold\n|\n|upkeep\n|turn|27\n|\n|t:|1700912387\n|switch|p2a: Ambipom|Ambipom, F|100\/100\n|-damage|p2a: Ambipom|88\/100|[from] Stealth Rock\n|move|p1a: Houndstone|Last Respects|p2a: Ambipom\n|-immune|p2a: Ambipom\n|\n|-heal|p2a: Ambipom|94\/100|[from] item: Leftovers\n|upkeep\n|turn|28\n|\n|t:|1700912389\n|switch|p2a: Maushold|Maushold|88\/100\n|-damage|p2a: Maushold|76\/100|[from] Stealth Rock\n|move|p1a: Houndstone|Last Respects|p2a: Maushold\n|-immune|p2a: Maushold\n|\n|upkeep\n|turn|29\n|\n|t:|1700912391\n|switch|p2a: Ambipom|Ambipom, F|94\/100\n|-damage|p2a: Ambipom|82\/100|[from] Stealth Rock\n|move|p1a: Houndstone|Last Respects|p2a: Ambipom\n|-immune|p2a: Ambipom\n|\n|-heal|p2a: Ambipom|88\/100|[from] item: Leftovers\n|upkeep\n|turn|30\n|\n|t:|1700912393\n|switch|p2a: Maushold|Maushold|76\/100\n|-damage|p2a: Maushold|63\/100|[from] Stealth Rock\n|move|p1a: Houndstone|Last Respects|p2a: Maushold\n|-immune|p2a: Maushold\n|\n|upkeep\n|turn|31\n|\n|t:|1700912395\n|switch|p2a: Ambipom|Ambipom, F|88\/100\n|-damage|p2a: Ambipom|76\/100|[from] Stealth Rock\n|move|p1a: Houndstone|Last Respects|p2a: Ambipom\n|-immune|p2a: Ambipom\n|\n|-heal|p2a: Ambipom|82\/100|[from] item: Leftovers\n|upkeep\n|turn|32\n|\n|t:|1700912397\n|switch|p2a: Maushold|Maushold|63\/100\n|-damage|p2a: Maushold|51\/100|[from] Stealth Rock\n|move|p1a: Houndstone|Last Respects|p2a: Maushold\n|-immune|p2a: Maushold\n|\n|upkeep\n|turn|33\n|\n|t:|1700912399\n|switch|p2a: Ambipom|Ambipom, F|82\/100\n|-damage|p2a: Ambipom|70\/100|[from] Stealth Rock\n|move|p1a: Houndstone|Last Respects|p2a: Ambipom\n|-immune|p2a: Ambipom\n|\n|-heal|p2a: Ambipom|76\/100|[from] item: Leftovers\n|upkeep\n|turn|34\n|\n|t:|1700912402\n|switch|p2a: Maushold|Maushold|51\/100\n|-damage|p2a: Maushold|38\/100|[from] Stealth Rock\n|-activate|p1a: Houndstone|move: Struggle\n|move|p1a: Houndstone|Struggle|p2a: Maushold\n|-damage|p2a: Maushold|15\/100\n|-damage|p1a: Houndstone|0 fnt|[from] recoil\n|faint|p1a: Houndstone\n|\n|win|Arthur3a\n|l|\u2606thevoidlikesbirbs\n","uploadtime":1700912410,"views":0,"p1id":"thevoidlikesbirbs","p2id":"arthur3a","formatid":"gen9nationaldexubers","rating":0,"private":0,"password":""}