{"id":"gen9nationaldexubers-1983646124","p1":"spidernoculus","p2":"Berad773","format":"[Gen 9] National Dex Ubers","log":"|j|\u2606spidernoculus\n|j|\u2606Berad773\n|t:|1699153441\n|gametype|singles\n|player|p1|spidernoculus|rosa|\n|player|p2|Berad773|101|\n|teamsize|p1|6\n|teamsize|p2|6\n|gen|9\n|tier|[Gen 9] National Dex Ubers\n|rule|HP Percentage Mod: HP is shown in percentages\n|rule|Endless Battle Clause: Forcing endless battles is banned\n|rule|OHKO Clause: OHKO moves are banned\n|rule|Evasion Moves Clause: Evasion moves are banned\n|rule|Evasion Items Clause: Evasion items are banned\n|rule|Species Clause: Limit one of each Pok\u00e9mon\n|rule|Sleep Clause Mod: Limit one foe put to sleep\n|rule|Mega Rayquaza Clause: You cannot mega evolve Rayquaza\n|clearpoke\n|poke|p1|Annihilape, F|\n|poke|p1|Kyurem-White|\n|poke|p1|Hoopa-Unbound|\n|poke|p1|Scizor, M|\n|poke|p1|Arceus-Rock|\n|poke|p1|Regieleki|\n|poke|p2|Kyogre|\n|poke|p2|Lugia|\n|poke|p2|Iron Bundle|\n|poke|p2|Arceus-Grass|\n|poke|p2|Regieleki|\n|poke|p2|Deoxys|\n|teampreview\n|\n|t:|1699153484\n|start\n|switch|p1a: Annihilape|Annihilape, F|100\/100\n|switch|p2a: Arceus|Arceus-Grass|100\/100\n|turn|1\n|\n|t:|1699153495\n|move|p2a: Arceus|Dazzling Gleam|p1a: Annihilape\n|-supereffective|p1a: Annihilape\n|-damage|p1a: Annihilape|37\/100\n|move|p1a: Annihilape|U-turn|p2a: Arceus\n|-supereffective|p2a: Arceus\n|-damage|p2a: Arceus|47\/100\n|\n|t:|1699153502\n|switch|p1a: Scizor|Scizor, M|100\/100|[from] U-turn\n|\n|upkeep\n|turn|2\n|\n|t:|1699153513\n|switch|p2a: Regieleki|Regieleki|100\/100\n|detailschange|p1a: Scizor|Scizor-Mega, M\n|-mega|p1a: Scizor|Scizor|Scizorite\n|move|p1a: Scizor|Swords Dance|p1a: Scizor\n|-boost|p1a: Scizor|atk|2\n|\n|upkeep\n|turn|3\n|\n|t:|1699153522\n|move|p1a: Scizor|Bullet Punch|p2a: Regieleki\n|-resisted|p2a: Regieleki\n|-damage|p2a: Regieleki|15\/100\n|move|p2a: Regieleki|Thunderbolt|p1a: Scizor\n|-damage|p1a: Scizor|40\/100\n|\n|upkeep\n|turn|4\n|\n|t:|1699153530\n|move|p1a: Scizor|Bullet Punch|p2a: Regieleki\n|-resisted|p2a: Regieleki\n|-damage|p2a: Regieleki|0 fnt\n|faint|p2a: Regieleki\n|\n|upkeep\n|\n|t:|1699153536\n|switch|p2a: Kyogre|Kyogre|100\/100\n|-weather|RainDance|[from] ability: Drizzle|[of] p2a: Kyogre\n|turn|5\n|\n|t:|1699153544\n|move|p1a: Scizor|Dual Wingbeat|p2a: Kyogre\n|-damage|p2a: Kyogre|50\/100\n|-damage|p2a: Kyogre|7\/100\n|-hitcount|p2a: Kyogre|2\n|move|p2a: Kyogre|Origin Pulse|p1a: Scizor\n|-damage|p1a: Scizor|0 fnt\n|faint|p1a: Scizor\n|\n|-weather|RainDance|[upkeep]\n|-heal|p2a: Kyogre|13\/100|[from] item: Leftovers\n|upkeep\n|\n|t:|1699153554\n|switch|p1a: Regieleki|Regieleki|100\/100\n|turn|6\n|\n|t:|1699153563\n|move|p1a: Regieleki|Volt Switch|p2a: Kyogre\n|-supereffective|p2a: Kyogre\n|-damage|p2a: Kyogre|0 fnt\n|faint|p2a: Kyogre\n|\n|t:|1699153567\n|switch|p1a: Annihilape|Annihilape, F|37\/100|[from] Volt Switch\n|\n|-weather|RainDance|[upkeep]\n|upkeep\n|\n|t:|1699153575\n|switch|p2a: Deoxys|Deoxys|100\/100\n|-ability|p2a: Deoxys|Pressure\n|turn|7\n|\n|t:|1699153585\n|move|p2a: Deoxys|Zen Headbutt|p1a: Annihilape\n|-supereffective|p1a: Annihilape\n|-damage|p1a: Annihilape|0 fnt\n|faint|p1a: Annihilape\n|-damage|p2a: Deoxys|91\/100|[from] item: Life Orb\n|\n|-weather|RainDance|[upkeep]\n|upkeep\n|\n|t:|1699153592\n|switch|p1a: Hoopa|Hoopa-Unbound|100\/100\n|turn|8\n|\n|t:|1699153599\n|move|p2a: Deoxys|Knock Off|p1a: Hoopa\n|-damage|p1a: Hoopa|19\/100\n|-enditem|p1a: Hoopa|Life Orb|[from] move: Knock Off|[of] p2a: Deoxys\n|-damage|p2a: Deoxys|81\/100|[from] item: Life Orb\n|move|p1a: Hoopa|Calm Mind|p1a: Hoopa\n|-boost|p1a: Hoopa|spa|1\n|-boost|p1a: Hoopa|spd|1\n|\n|-weather|RainDance|[upkeep]\n|upkeep\n|turn|9\n|\n|t:|1699153610\n|move|p2a: Deoxys|Knock Off|p1a: Hoopa\n|-damage|p1a: Hoopa|0 fnt\n|faint|p1a: Hoopa\n|-damage|p2a: Deoxys|71\/100|[from] item: Life Orb\n|\n|-weather|none\n|upkeep\n|\n|t:|1699153619\n|switch|p1a: Regieleki|Regieleki|100\/100\n|turn|10\n|\n|t:|1699153624\n|move|p2a: Deoxys|Extreme Speed|p1a: Regieleki\n|-damage|p1a: Regieleki|14\/100\n|-damage|p2a: Deoxys|61\/100|[from] item: Life Orb\n|move|p1a: Regieleki|Thunderbolt|p2a: Deoxys\n|-damage|p2a: Deoxys|0 fnt\n|faint|p2a: Deoxys\n|\n|upkeep\n|\n|t:|1699153634\n|switch|p2a: Arceus|Arceus-Grass|47\/100\n|turn|11\n|\n|t:|1699153645\n|move|p1a: Regieleki|Thunderbolt|p2a: Arceus\n|-resisted|p2a: Arceus\n|-damage|p2a: Arceus|27\/100\n|move|p2a: Arceus|Dazzling Gleam|p1a: Regieleki\n|-damage|p1a: Regieleki|0 fnt\n|faint|p1a: Regieleki\n|\n|upkeep\n|\n|t:|1699153654\n|switch|p1a: Kyurem|Kyurem-White|100\/100\n|-ability|p1a: Kyurem|Turboblaze\n|turn|12\n|\n|t:|1699153662\n|move|p2a: Arceus|Flash Cannon|p1a: Kyurem\n|-supereffective|p1a: Kyurem\n|-damage|p1a: Kyurem|49\/100\n|move|p1a: Kyurem|Ice Beam|p2a: Arceus\n|-supereffective|p2a: Arceus\n|-damage|p2a: Arceus|0 fnt\n|faint|p2a: Arceus\n|-damage|p1a: Kyurem|39\/100|[from] item: Life Orb\n|\n|upkeep\n|\n|t:|1699153671\n|switch|p2a: Iron Bundle|Iron Bundle|100\/100\n|-enditem|p2a: Iron Bundle|Booster Energy\n|-activate|p2a: Iron Bundle|ability: Quark Drive|[fromitem]\n|-start|p2a: Iron Bundle|quarkdrivespa\n|turn|13\n|\n|t:|1699153693\n|-terastallize|p2a: Iron Bundle|Fighting\n|-terastallize|p1a: Kyurem|Dragon\n|move|p2a: Iron Bundle|Tera Blast|p1a: Kyurem|[anim] Tera Blast Fighting\n|-damage|p1a: Kyurem|0 fnt\n|faint|p1a: Kyurem\n|\n|upkeep\n|\n|t:|1699153699\n|switch|p1a: Arceus|Arceus-Rock|100\/100\n|turn|14\n|\n|t:|1699153706\n|move|p2a: Iron Bundle|Tera Blast|p1a: Arceus|[anim] Tera Blast Fighting\n|-supereffective|p1a: Arceus\n|-crit|p1a: Arceus\n|-damage|p1a: Arceus|0 fnt\n|faint|p1a: Arceus\n|\n|win|Berad773\n|l|\u2606spidernoculus\n","uploadtime":1699153716,"views":8,"p1id":"spidernoculus","p2id":"berad773","formatid":"gen9nationaldexubers","rating":0,"private":0,"password":""}