{"id":"gen9nationaldexubers-2000651481","p1":"TheChosenPeruOne","p2":"Nutty_Nutz","format":"[Gen 9] National Dex Ubers","log":"|j|\u2606TheChosenPeruOne\n|j|\u2606Nutty_Nutz\n|t:|1701214706\n|gametype|singles\n|player|p1|TheChosenPeruOne|veteran|\n|player|p2|Nutty_Nutz|bugcatcher-gen4dp|\n|teamsize|p1|6\n|teamsize|p2|6\n|gen|9\n|tier|[Gen 9] National Dex Ubers\n|rule|HP Percentage Mod: HP is shown in percentages\n|rule|Endless Battle Clause: Forcing endless battles is banned\n|rule|OHKO Clause: OHKO moves are banned\n|rule|Evasion Moves Clause: Evasion moves are banned\n|rule|Evasion Items Clause: Evasion items are banned\n|rule|Species Clause: Limit one of each Pok\u00e9mon\n|rule|Sleep Clause Mod: Limit one foe put to sleep\n|rule|Mega Rayquaza Clause: You cannot mega evolve Rayquaza\n|clearpoke\n|poke|p1|Blissey, F|\n|poke|p1|Incineroar, M|\n|poke|p1|Pikachu, F|\n|poke|p1|Melmetal|\n|poke|p1|Dragonite, M|\n|poke|p1|Polteageist|\n|poke|p2|Umbreon, F|\n|poke|p2|Cryogonal|\n|poke|p2|Tangrowth, F|\n|poke|p2|Marowak-Alola, F|\n|poke|p2|Chandelure, M|\n|poke|p2|Espathra, M|\n|teampreview\n|j| nuttyhomo\n|\n|t:|1701214753\n|start\n|switch|p1a: Nutty|Pikachu, F|100\/100\n|switch|p2a: Cryogonal|Cryogonal, shiny|100\/100\n|turn|1\n|c|\u2606TheChosenPeruOne|quien es nutty homo jaja\n|\n|t:|1701214803\n|switch|p2a: Tangrowth|Tangrowth, F|100\/100\n|move|p1a: Nutty|Fake Out|p2a: Tangrowth\n|-damage|p2a: Tangrowth|93\/100\n|-damage|p1a: Nutty|84\/100|[from] item: Rocky Helmet|[of] p2a: Tangrowth\n|\n|upkeep\n|turn|2\n|\n|t:|1701214814\n|move|p1a: Nutty|Volt Switch|p2a: Tangrowth\n|-resisted|p2a: Tangrowth\n|-damage|p2a: Tangrowth|73\/100\n|\n|t:|1701214820\n|switch|p1a: trial|Incineroar, M|100\/100|[from] Volt Switch\n|-ability|p1a: trial|Intimidate|boost\n|-unboost|p2a: Tangrowth|atk|1\n|move|p2a: Tangrowth|Leech Seed|p1a: trial\n|-start|p1a: trial|move: Leech Seed\n|\n|-damage|p1a: trial|88\/100|[from] Leech Seed|[of] p2a: Tangrowth\n|-heal|p2a: Tangrowth|85\/100|[silent]\n|upkeep\n|turn|3\n|\n|t:|1701214849\n|switch|p2a: Umbreon|Umbreon, F|100\/100\n|move|p1a: trial|Knock Off|p2a: Umbreon\n|-resisted|p2a: Umbreon\n|-damage|p2a: Umbreon|87\/100\n|-enditem|p2a: Umbreon|Leftovers|[from] move: Knock Off|[of] p1a: trial\n|\n|-damage|p1a: trial|76\/100|[from] Leech Seed|[of] p2a: Umbreon\n|-heal|p2a: Umbreon|99\/100|[silent]\n|upkeep\n|turn|4\n|\n|t:|1701214871\n|switch|p1a: Mama de Madures|Blissey, F|100\/100\n|move|p2a: Umbreon|Mean Look|p1a: Mama de Madures\n|-activate|p1a: Mama de Madures|trapped\n|\n|upkeep\n|turn|5\n|\n|t:|1701214877\n|move|p2a: Umbreon|Taunt|p1a: Mama de Madures\n|-start|p1a: Mama de Madures|move: Taunt\n|cant|p1a: Mama de Madures|move: Taunt|Stealth Rock\n|\n|upkeep\n|turn|6\n|\n|t:|1701214883\n|move|p2a: Umbreon|Toxic|p1a: Mama de Madures\n|-status|p1a: Mama de Madures|tox\n|move|p1a: Mama de Madures|Seismic Toss|p2a: Umbreon\n|-damage|p2a: Umbreon|74\/100\n|\n|-damage|p1a: Mama de Madures|94\/100 tox|[from] psn\n|upkeep\n|turn|7\n|\n|t:|1701214892\n|move|p2a: Umbreon|Protect|p2a: Umbreon\n|-singleturn|p2a: Umbreon|Protect\n|move|p1a: Mama de Madures|Seismic Toss|p2a: Umbreon\n|-activate|p2a: Umbreon|move: Protect\n|\n|-damage|p1a: Mama de Madures|82\/100 tox|[from] psn\n|-end|p1a: Mama de Madures|move: Taunt\n|upkeep\n|turn|8\n|\n|t:|1701214901\n|move|p2a: Umbreon|Taunt|p1a: Mama de Madures\n|-start|p1a: Mama de Madures|move: Taunt\n|move|p1a: Mama de Madures|Seismic Toss|p2a: Umbreon\n|-damage|p2a: Umbreon|48\/100\n|\n|-damage|p1a: Mama de Madures|64\/100 tox|[from] psn\n|upkeep\n|turn|9\n|\n|t:|1701214907\n|move|p2a: Umbreon|Protect|p2a: Umbreon\n|-singleturn|p2a: Umbreon|Protect\n|move|p1a: Mama de Madures|Seismic Toss|p2a: Umbreon\n|-activate|p2a: Umbreon|move: Protect\n|\n|-damage|p1a: Mama de Madures|39\/100 tox|[from] psn\n|upkeep\n|turn|10\n|\n|t:|1701214916\n|move|p2a: Umbreon|Protect||[still]\n|-fail|p2a: Umbreon\n|move|p1a: Mama de Madures|Seismic Toss|p2a: Umbreon\n|-damage|p2a: Umbreon|23\/100\n|\n|-damage|p1a: Mama de Madures|8\/100 tox|[from] psn\n|-end|p1a: Mama de Madures|move: Taunt\n|upkeep\n|turn|11\n|\n|t:|1701214926\n|move|p2a: Umbreon|Taunt|p1a: Mama de Madures\n|-start|p1a: Mama de Madures|move: Taunt\n|move|p1a: Mama de Madures|Seismic Toss|p2a: Umbreon\n|-damage|p2a: Umbreon|0 fnt\n|faint|p2a: Umbreon\n|\n|-damage|p1a: Mama de Madures|0 fnt|[from] psn\n|faint|p1a: Mama de Madures\n|upkeep\n|c|\u2606Nutty_Nutz|No odio a blissey\n|c|\u2606TheChosenPeruOne|aja xD\n|\n|t:|1701215011\n|switch|p2a: Marowak|Marowak-Alola, F|100\/100\n|switch|p1a: Dimitris 2|Polteageist|100\/100\n|turn|12\n|\n|t:|1701215151\n|switch|p2a: Cryogonal|Cryogonal, shiny|100\/100\n|move|p1a: Dimitris 2|Shadow Ball|p2a: Cryogonal\n|-damage|p2a: Cryogonal|62\/100\n|\n|upkeep\n|turn|13\n|\n|t:|1701215163\n|switch|p1a: Dimitris Jr|Melmetal|100\/100\n|move|p2a: Cryogonal|Light Screen|p2a: Cryogonal\n|-sidestart|p2: Nutty_Nutz|move: Light Screen\n|\n|upkeep\n|turn|14\n|\n|t:|1701215172\n|switch|p2a: Tangrowth|Tangrowth, F|100\/100\n|move|p1a: Dimitris Jr|Double Iron Bash|p2a: Tangrowth\n|-damage|p2a: Tangrowth|77\/100\n|-damage|p1a: Dimitris Jr|84\/100|[from] item: Rocky Helmet|[of] p2a: Tangrowth\n|-damage|p2a: Tangrowth|55\/100\n|-damage|p1a: Dimitris Jr|68\/100|[from] item: Rocky Helmet|[of] p2a: Tangrowth\n|-hitcount|p2a: Tangrowth|2\n|\n|upkeep\n|turn|15\n|\n|t:|1701215184\n|move|p2a: Tangrowth|Leech Seed|p1a: Dimitris Jr\n|-start|p1a: Dimitris Jr|move: Leech Seed\n|move|p1a: Dimitris Jr|Double Iron Bash|p2a: Tangrowth\n|-damage|p2a: Tangrowth|31\/100\n|-damage|p1a: Dimitris Jr|51\/100|[from] item: Rocky Helmet|[of] p2a: Tangrowth\n|-damage|p2a: Tangrowth|9\/100\n|-damage|p1a: Dimitris Jr|35\/100|[from] item: Rocky Helmet|[of] p2a: Tangrowth\n|-hitcount|p2a: Tangrowth|2\n|\n|-damage|p1a: Dimitris Jr|22\/100|[from] Leech Seed|[of] p2a: Tangrowth\n|-heal|p2a: Tangrowth|23\/100|[silent]\n|upkeep\n|turn|16\n|\n|t:|1701215228\n|switch|p1a: JohnyR05|Dragonite, M|100\/100\n|move|p2a: Tangrowth|Focus Blast|p1a: JohnyR05\n|-resisted|p1a: JohnyR05\n|-damage|p1a: JohnyR05|94\/100\n|\n|upkeep\n|turn|17\n|\n|t:|1701215248\n|switch|p2a: Cryogonal|Cryogonal, shiny|62\/100\n|move|p1a: JohnyR05|Dragon Dance|p1a: JohnyR05\n|-boost|p1a: JohnyR05|atk|1\n|-boost|p1a: JohnyR05|spe|1\n|\n|upkeep\n|turn|18\n|\n|t:|1701215325\n|switch|p2a: Marowak|Marowak-Alola, F|100\/100\n|move|p1a: JohnyR05|Outrage|p2a: Marowak\n|-damage|p2a: Marowak|32\/100\n|\n|upkeep\n|turn|19\n|\n|t:|1701215333\n|switch|p2a: Tangrowth|Tangrowth, F|56\/100\n|move|p1a: JohnyR05|Outrage|p2a: Tangrowth|[from]lockedmove\n|-damage|p2a: Tangrowth|18\/100\n|-damage|p1a: JohnyR05|77\/100|[from] item: Rocky Helmet|[of] p2a: Tangrowth\n|-start|p1a: JohnyR05|confusion|[fatigue]\n|\n|upkeep\n|turn|20\n|\n|t:|1701215379\n|switch|p2a: Marowak|Marowak-Alola, F|32\/100\n|-activate|p1a: JohnyR05|confusion\n|move|p1a: JohnyR05|Dragon Dance|p1a: JohnyR05\n|-boost|p1a: JohnyR05|atk|1\n|-boost|p1a: JohnyR05|spe|1\n|\n|-sideend|p2: Nutty_Nutz|move: Light Screen\n|upkeep\n|turn|21\n|\n|t:|1701215389\n|-end|p1a: JohnyR05|confusion\n|move|p1a: JohnyR05|Earthquake|p2a: Marowak\n|-supereffective|p2a: Marowak\n|-damage|p2a: Marowak|0 fnt\n|faint|p2a: Marowak\n|\n|upkeep\n|\n|t:|1701215429\n|switch|p2a: Chandelure|Chandelure, M, shiny|100\/100\n|turn|22\n|\n|t:|1701215439\n|move|p1a: JohnyR05|Earthquake|p2a: Chandelure\n|-supereffective|p2a: Chandelure\n|-enditem|p2a: Chandelure|Focus Sash\n|-damage|p2a: Chandelure|1\/100\n|move|p2a: Chandelure|Trick Room|p2a: Chandelure\n|-fieldstart|move: Trick Room|[of] p2a: Chandelure\n|\n|upkeep\n|turn|23\n|\n|t:|1701215446\n|move|p1a: JohnyR05|Extreme Speed|p2a: Chandelure\n|-immune|p2a: Chandelure\n|move|p2a: Chandelure|Memento|p1a: JohnyR05\n|-unboost|p1a: JohnyR05|atk|2\n|-unboost|p1a: JohnyR05|spa|2\n|faint|p2a: Chandelure\n|\n|upkeep\n|\n|t:|1701215528\n|switch|p2a: Tangrowth|Tangrowth, F|51\/100\n|turn|24\n|\n|t:|1701215542\n|switch|p1a: trial|Incineroar, M|76\/100\n|-ability|p1a: trial|Intimidate|boost\n|-unboost|p2a: Tangrowth|atk|1\n|move|p2a: Tangrowth|Hidden Power|p1a: trial\n|-resisted|p1a: trial\n|-damage|p1a: trial|69\/100\n|\n|upkeep\n|turn|25\n|\n|t:|1701215568\n|move|p2a: Tangrowth|Leech Seed|p1a: trial|[miss]\n|-miss|p2a: Tangrowth|p1a: trial\n|move|p1a: trial|Knock Off|p2a: Tangrowth\n|-crit|p2a: Tangrowth\n|-damage|p2a: Tangrowth|20\/100\n|-damage|p1a: trial|53\/100|[from] item: Rocky Helmet|[of] p2a: Tangrowth\n|-enditem|p2a: Tangrowth|Rocky Helmet|[from] move: Knock Off|[of] p1a: trial\n|\n|upkeep\n|turn|26\n|c|\u2606Nutty_Nutz|Ok\n|c|\u2606TheChosenPeruOne|XD\n|\n|t:|1701215580\n|move|p2a: Tangrowth|Leech Seed|p1a: trial\n|-start|p1a: trial|move: Leech Seed\n|move|p1a: trial|Parting Shot|p2a: Tangrowth\n|-unboost|p2a: Tangrowth|atk|1\n|-unboost|p2a: Tangrowth|spa|1\n|\n|t:|1701215585\n|switch|p1a: Dimitris Jr|Melmetal|22\/100|[from] Parting Shot\n|\n|-fieldend|move: Trick Room\n|upkeep\n|turn|27\n|\n|t:|1701215596\n|move|p2a: Tangrowth|Focus Blast|p1a: Dimitris Jr\n|-supereffective|p1a: Dimitris Jr\n|-damage|p1a: Dimitris Jr|0 fnt\n|faint|p1a: Dimitris Jr\n|\n|upkeep\n|\n|t:|1701215614\n|switch|p1a: Nutty|Pikachu, F|84\/100\n|turn|28\n|\n|t:|1701215654\n|move|p1a: Nutty|Volt Tackle|p2a: Tangrowth\n|-resisted|p2a: Tangrowth\n|-damage|p2a: Tangrowth|2\/100\n|-damage|p1a: Nutty|73\/100|[from] Recoil\n|move|p2a: Tangrowth|Leech Seed|p1a: Nutty\n|-start|p1a: Nutty|move: Leech Seed\n|\n|-damage|p1a: Nutty|60\/100|[from] Leech Seed|[of] p2a: Tangrowth\n|-heal|p2a: Tangrowth|8\/100|[silent]\n|upkeep\n|turn|29\n|c|\u2606TheChosenPeruOne|wtf\n|\n|t:|1701215668\n|move|p1a: Nutty|Volt Switch|p2a: Tangrowth\n|-resisted|p2a: Tangrowth\n|-damage|p2a: Tangrowth|0 fnt\n|faint|p2a: Tangrowth\n|\n|t:|1701215676\n|switch|p1a: trial|Incineroar, M|53\/100|[from] Volt Switch\n|\n|upkeep\n|\n|t:|1701215683\n|switch|p2a: Cryogonal|Cryogonal, shiny|62\/100\n|turn|30\n|\n|t:|1701215688\n|move|p2a: Cryogonal|Reflect|p2a: Cryogonal\n|-sidestart|p2: Nutty_Nutz|Reflect\n|move|p1a: trial|Knock Off|p2a: Cryogonal\n|-damage|p2a: Cryogonal|23\/100\n|-enditem|p2a: Cryogonal|Light Clay|[from] move: Knock Off|[of] p1a: trial\n|\n|upkeep\n|turn|31\n|\n|t:|1701215694\n|move|p2a: Cryogonal|Light Screen|p2a: Cryogonal\n|-sidestart|p2: Nutty_Nutz|move: Light Screen\n|move|p1a: trial|Knock Off|p2a: Cryogonal\n|-damage|p2a: Cryogonal|0 fnt\n|faint|p2a: Cryogonal\n|\n|upkeep\n|\n|t:|1701215701\n|switch|p2a: Espathra|Espathra, M|100\/100\n|turn|32\n|\n|t:|1701215767\n|move|p2a: Espathra|Calm Mind|p2a: Espathra\n|-boost|p2a: Espathra|spa|1\n|-boost|p2a: Espathra|spd|1\n|move|p1a: trial|Parting Shot|p2a: Espathra\n|-unboost|p2a: Espathra|atk|1\n|-unboost|p2a: Espathra|spa|1\n|\n|t:|1701215778\n|switch|p1a: Nutty|Pikachu, F|60\/100|[from] Parting Shot\n|\n|-ability|p2a: Espathra|Speed Boost|boost\n|-boost|p2a: Espathra|spe|1\n|upkeep\n|turn|33\n|\n|t:|1701215788\n|move|p1a: Nutty|Fake Out|p2a: Espathra\n|-damage|p2a: Espathra|93\/100\n|cant|p2a: Espathra|flinch\n|\n|-heal|p2a: Espathra|99\/100|[from] item: Leftovers\n|-ability|p2a: Espathra|Speed Boost|boost\n|-boost|p2a: Espathra|spe|1\n|upkeep\n|turn|34\n|l| nuttyhomo\n|c|\u2606TheChosenPeruOne|miss click\n|\n|t:|1701215794\n|switch|p1a: trial|Incineroar, M|53\/100\n|-ability|p1a: trial|Intimidate|boost\n|-unboost|p2a: Espathra|atk|1\n|move|p2a: Espathra|Calm Mind|p2a: Espathra\n|-boost|p2a: Espathra|spa|1\n|-boost|p2a: Espathra|spd|1\n|\n|-heal|p2a: Espathra|100\/100|[from] item: Leftovers\n|-ability|p2a: Espathra|Speed Boost|boost\n|-boost|p2a: Espathra|spe|1\n|upkeep\n|turn|35\n|\n|t:|1701215805\n|move|p2a: Espathra|Mud-Slap|p1a: trial\n|-supereffective|p1a: trial\n|-damage|p1a: trial|38\/100\n|-unboost|p1a: trial|accuracy|1\n|move|p1a: trial|Parting Shot|p2a: Espathra|[miss]\n|-miss|p1a: trial|p2a: Espathra\n|\n|-sideend|p2: Nutty_Nutz|move: Light Screen\n|-ability|p2a: Espathra|Speed Boost|boost\n|-boost|p2a: Espathra|spe|1\n|upkeep\n|turn|36\n|\n|t:|1701215829\n|switch|p1a: Dimitris 2|Polteageist|100\/100\n|move|p2a: Espathra|Calm Mind|p2a: Espathra\n|-boost|p2a: Espathra|spa|1\n|-boost|p2a: Espathra|spd|1\n|\n|-ability|p2a: Espathra|Speed Boost|boost\n|-boost|p2a: Espathra|spe|1\n|upkeep\n|turn|37\n|\n|t:|1701215839\n|move|p2a: Espathra|Mud-Slap|p1a: Dimitris 2\n|-damage|p1a: Dimitris 2|90\/100\n|-unboost|p1a: Dimitris 2|accuracy|1\n|move|p1a: Dimitris 2|Shadow Ball|p2a: Espathra\n|-supereffective|p2a: Espathra\n|-damage|p2a: Espathra|52\/100\n|\n|-heal|p2a: Espathra|58\/100|[from] item: Leftovers\n|-sideend|p2: Nutty_Nutz|Reflect\n|-ability|p2a: Espathra|Speed Boost|boost\n|-boost|p2a: Espathra|spe|1\n|upkeep\n|turn|38\n|\n|t:|1701215850\n|move|p2a: Espathra|Stored Power|p1a: Dimitris 2\n|-damage|p1a: Dimitris 2|0 fnt\n|faint|p1a: Dimitris 2\n|\n|-heal|p2a: Espathra|64\/100|[from] item: Leftovers\n|upkeep\n|\n|t:|1701215860\n|switch|p1a: Nutty|Pikachu, F|60\/100\n|turn|39\n|c|\u2606TheChosenPeruOne|ggs\n|c|\u2606TheChosenPeruOne|literalmente perdi por un miss click xD\n|\n|t:|1701215920\n|move|p1a: Nutty|Fake Out|p2a: Espathra\n|-damage|p2a: Espathra|50\/100\n|cant|p2a: Espathra|flinch\n|\n|-heal|p2a: Espathra|56\/100|[from] item: Leftovers\n|upkeep\n|turn|40\n|\n|t:|1701215929\n|switch|p1a: trial|Incineroar, M|38\/100\n|-ability|p1a: trial|Intimidate|boost\n|-unboost|p2a: Espathra|atk|1\n|move|p2a: Espathra|Roost|p2a: Espathra\n|-heal|p2a: Espathra|100\/100\n|-singleturn|p2a: Espathra|move: Roost\n|\n|upkeep\n|turn|41\n|\n|t:|1701215938\n|move|p2a: Espathra|Mud-Slap|p1a: trial\n|-supereffective|p1a: trial\n|-damage|p1a: trial|18\/100\n|-unboost|p1a: trial|accuracy|1\n|move|p1a: trial|Knock Off|p2a: Espathra|[miss]\n|-miss|p1a: trial|p2a: Espathra\n|\n|upkeep\n|turn|42\n|\n|t:|1701215945\n|move|p2a: Espathra|Mud-Slap|p1a: trial\n|-supereffective|p1a: trial\n|-damage|p1a: trial|0 fnt\n|faint|p1a: trial\n|\n|upkeep\n|c|\u2606TheChosenPeruOne|bueno\n|\n|t:|1701215960\n|switch|p1a: JohnyR05|Dragonite, M|77\/100\n|turn|43\n|\n|t:|1701215973\n|move|p1a: JohnyR05|Extreme Speed|p2a: Espathra\n|-damage|p2a: Espathra|82\/100\n|move|p2a: Espathra|Stored Power|p1a: JohnyR05\n|-damage|p1a: JohnyR05|0 fnt\n|faint|p1a: JohnyR05\n|\n|-heal|p2a: Espathra|88\/100|[from] item: Leftovers\n|upkeep\n|\n|t:|1701215980\n|switch|p1a: Nutty|Pikachu, F|60\/100\n|turn|44\n|\n|t:|1701215986\n|move|p1a: Nutty|Fake Out|p2a: Espathra\n|-damage|p2a: Espathra|74\/100\n|cant|p2a: Espathra|flinch\n|\n|-heal|p2a: Espathra|80\/100|[from] item: Leftovers\n|upkeep\n|turn|45\n|\n|t:|1701215994\n|move|p1a: Nutty|Extreme Speed|p2a: Espathra\n|-damage|p2a: Espathra|50\/100\n|move|p2a: Espathra|Stored Power|p1a: Nutty\n|-damage|p1a: Nutty|0 fnt\n|faint|p1a: Nutty\n|\n|win|Nutty_Nutz\n|c|\u2606Nutty_Nutz|gg\n","uploadtime":1701215999,"views":1,"p1id":"thechosenperuone","p2id":"nuttynutz","formatid":"gen9nationaldexubers","rating":0,"private":0,"password":""}