{"id":"gen9nationaldexubers-1983043441","p1":"Go Birds EAGLES","p2":"Ufid","format":"[Gen 9] National Dex Ubers","log":"|j|\u2606Go Birds EAGLES\n|j|\u2606Ufid\n|t:|1699074456\n|gametype|singles\n|player|p1|Go Birds EAGLES|hanbei-conquest|1454\n|player|p2|Ufid|169|1394\n|teamsize|p1|6\n|teamsize|p2|6\n|gen|9\n|tier|[Gen 9] National Dex Ubers\n|rated|\n|rule|HP Percentage Mod: HP is shown in percentages\n|rule|Endless Battle Clause: Forcing endless battles is banned\n|rule|OHKO Clause: OHKO moves are banned\n|rule|Evasion Moves Clause: Evasion moves are banned\n|rule|Evasion Items Clause: Evasion items are banned\n|rule|Species Clause: Limit one of each Pok\u00e9mon\n|rule|Sleep Clause Mod: Limit one foe put to sleep\n|rule|Mega Rayquaza Clause: You cannot mega evolve Rayquaza\n|clearpoke\n|poke|p1|Groudon|\n|poke|p1|Marshadow|\n|poke|p1|Necrozma-Dusk-Mane|\n|poke|p1|Deoxys-Speed|\n|poke|p1|Yveltal|\n|poke|p1|Xerneas-*|\n|poke|p2|Murkrow, M|\n|poke|p2|Darmanitan-Galar, M|\n|poke|p2|Zacian-*|\n|poke|p2|Kangaskhan, F|\n|poke|p2|Groudon|\n|poke|p2|Marshadow|\n|teampreview\n|inactive|Battle timer is ON: inactive players will automatically lose when time's up. (requested by Go Birds EAGLES)\n|\n|t:|1699074460\n|start\n|switch|p1a: CRUSHER!|Deoxys-Speed|100\/100\n|switch|p2a: Darmanitan|Darmanitan-Galar, M|100\/100\n|-ability|p1a: CRUSHER!|Pressure\n|turn|1\n|\n|t:|1699074473\n|move|p1a: CRUSHER!|Spikes|p2a: Darmanitan\n|-sidestart|p2: Ufid|Spikes\n|move|p2a: Darmanitan|U-turn|p1a: CRUSHER!\n|-supereffective|p1a: CRUSHER!\n|-damage|p1a: CRUSHER!|5\/100\n|\n|t:|1699074477\n|switch|p2a: Marshadow|Marshadow|100\/100|[from] U-turn\n|-damage|p2a: Marshadow|88\/100|[from] Spikes\n|\n|upkeep\n|turn|2\n|\n|t:|1699074484\n|move|p2a: Marshadow|Shadow Sneak|p1a: CRUSHER!\n|-supereffective|p1a: CRUSHER!\n|-damage|p1a: CRUSHER!|0 fnt\n|faint|p1a: CRUSHER!\n|\n|upkeep\n|\n|t:|1699074487\n|switch|p1a: Sneaky Surprise|Yveltal|100\/100\n|-ability|p1a: Sneaky Surprise|Dark Aura\n|turn|3\n|\n|t:|1699074496\n|switch|p2a: Murkrow|Murkrow, M|100\/100\n|move|p1a: Sneaky Surprise|Dark Pulse|p2a: Murkrow\n|-resisted|p2a: Murkrow\n|-damage|p2a: Murkrow|59\/100\n|-damage|p1a: Sneaky Surprise|91\/100|[from] item: Life Orb\n|\n|upkeep\n|turn|4\n|\n|t:|1699074504\n|move|p2a: Murkrow|Tailwind|p2a: Murkrow\n|-sidestart|p2: Ufid|move: Tailwind\n|move|p1a: Sneaky Surprise|Oblivion Wing|p2a: Murkrow\n|-damage|p2a: Murkrow|0 fnt\n|-heal|p1a: Sneaky Surprise|100\/100|[from] drain|[of] p2a: Murkrow\n|faint|p2a: Murkrow\n|-damage|p1a: Sneaky Surprise|91\/100|[from] item: Life Orb\n|\n|upkeep\n|\n|t:|1699074506\n|switch|p2a: Zacian|Zacian-Crowned|100\/100\n|-damage|p2a: Zacian|88\/100|[from] Spikes\n|-ability|p2a: Zacian|Intrepid Sword|boost\n|-boost|p2a: Zacian|atk|1\n|turn|5\n|\n|t:|1699074509\n|move|p2a: Zacian|Wild Charge|p1a: Sneaky Surprise\n|-supereffective|p1a: Sneaky Surprise\n|-damage|p1a: Sneaky Surprise|0 fnt\n|faint|p1a: Sneaky Surprise\n|-damage|p2a: Zacian|61\/100|[from] Recoil\n|\n|upkeep\n|\n|t:|1699074515\n|switch|p1a: Big Red Fred|Groudon|100\/100\n|detailschange|p1a: Big Red Fred|Groudon-Primal\n|-primal|p1a: Big Red Fred|Red Orb\n|-weather|DesolateLand|[from] ability: Desolate Land|[of] p1a: Big Red Fred\n|turn|6\n|\n|t:|1699074519\n|switch|p2a: Groudon|Groudon|100\/100\n|-damage|p2a: Groudon|88\/100|[from] Spikes\n|detailschange|p2a: Groudon|Groudon-Primal\n|-primal|p2a: Groudon|Red Orb\n|move|p1a: Big Red Fred|Precipice Blades|p2a: Groudon\n|-supereffective|p2a: Groudon\n|-damage|p2a: Groudon|0 fnt\n|faint|p2a: Groudon\n|\n|-weather|DesolateLand|[upkeep]\n|upkeep\n|\n|t:|1699074526\n|switch|p2a: Darmanitan|Darmanitan-Galar, M|100\/100\n|-damage|p2a: Darmanitan|88\/100|[from] Spikes\n|turn|7\n|\n|t:|1699074533\n|-terastallize|p2a: Darmanitan|Water\n|move|p2a: Darmanitan|Earthquake|p1a: Big Red Fred\n|-supereffective|p1a: Big Red Fred\n|-damage|p1a: Big Red Fred|22\/100\n|move|p1a: Big Red Fred|Rock Polish|p1a: Big Red Fred\n|-boost|p1a: Big Red Fred|spe|2\n|\n|-weather|DesolateLand|[upkeep]\n|-sideend|p2: Ufid|move: Tailwind\n|upkeep\n|turn|8\n|\n|t:|1699074543\n|move|p1a: Big Red Fred|Precipice Blades|p2a: Darmanitan\n|-damage|p2a: Darmanitan|0 fnt\n|faint|p2a: Darmanitan\n|\n|-weather|DesolateLand|[upkeep]\n|upkeep\n|\n|t:|1699074546\n|switch|p2a: Kangaskhan|Kangaskhan, F|100\/100\n|-damage|p2a: Kangaskhan|88\/100|[from] Spikes\n|turn|9\n|\n|t:|1699074554\n|-weather|none\n|switch|p1a: Logan Paul|Marshadow|100\/100\n|detailschange|p2a: Kangaskhan|Kangaskhan-Mega, F\n|-mega|p2a: Kangaskhan|Kangaskhan|Kangaskhanite\n|move|p2a: Kangaskhan|Fake Out|p1a: Logan Paul\n|-immune|p1a: Logan Paul\n|\n|upkeep\n|turn|10\n|\n|t:|1699074565\n|move|p2a: Kangaskhan|Sucker Punch||[still]\n|-fail|p2a: Kangaskhan\n|-zpower|p1a: Logan Paul\n|move|p1a: Logan Paul|Z-Bulk Up|p1a: Logan Paul|[anim]Bulk Up\n|-boost|p1a: Logan Paul|atk|1|[zeffect]\n|-boost|p1a: Logan Paul|atk|1\n|-boost|p1a: Logan Paul|def|1\n|\n|upkeep\n|turn|11\n|\n|t:|1699074573\n|switch|p2a: Marshadow|Marshadow|88\/100\n|-damage|p2a: Marshadow|76\/100|[from] Spikes\n|move|p1a: Logan Paul|Close Combat|p2a: Marshadow\n|-immune|p2a: Marshadow\n|\n|upkeep\n|turn|12\n|\n|t:|1699074578\n|move|p1a: Logan Paul|Shadow Sneak|p2a: Marshadow\n|-supereffective|p2a: Marshadow\n|-damage|p2a: Marshadow|0 fnt\n|faint|p2a: Marshadow\n|\n|upkeep\n|\n|t:|1699074581\n|switch|p2a: Zacian|Zacian-Crowned|61\/100\n|-damage|p2a: Zacian|49\/100|[from] Spikes\n|turn|13\n|\n|t:|1699074585\n|move|p1a: Logan Paul|Shadow Sneak|p2a: Zacian\n|-damage|p2a: Zacian|0 fnt\n|faint|p2a: Zacian\n|\n|upkeep\n|-message|Ufid forfeited.\n|\n|win|Go Birds EAGLES\n|raw|Go Birds EAGLES's rating: 1454 &rarr; <strong>1471<\/strong><br \/>(+17 for winning)\n|raw|Ufid's rating: 1394 &rarr; <strong>1377<\/strong><br \/>(-17 for losing)\n|l|\u2606Ufid\n","uploadtime":1699074592,"views":10,"p1id":"gobirdseagles","p2id":"ufid","formatid":"gen9nationaldexubers","rating":1377,"private":0,"password":""}