{"id":"gen9nationaldexubers-1978958193","p1":"Breeze88","p2":"777Clearnu","format":"[Gen 9] National Dex Ubers","log":"|j|\u2606Breeze88\n|j|\u2606777Clearnu\n|t:|1698614617\n|gametype|singles\n|player|p1|Breeze88|steven|1684\n|player|p2|777Clearnu|guitarist-gen4|1767\n|teamsize|p1|6\n|teamsize|p2|6\n|gen|9\n|tier|[Gen 9] National Dex Ubers\n|rated|\n|rule|HP Percentage Mod: HP is shown in percentages\n|rule|Endless Battle Clause: Forcing endless battles is banned\n|rule|OHKO Clause: OHKO moves are banned\n|rule|Evasion Moves Clause: Evasion moves are banned\n|rule|Evasion Items Clause: Evasion items are banned\n|rule|Species Clause: Limit one of each Pok\u00e9mon\n|rule|Sleep Clause Mod: Limit one foe put to sleep\n|rule|Mega Rayquaza Clause: You cannot mega evolve Rayquaza\n|clearpoke\n|poke|p1|Ho-Oh|\n|poke|p1|Necrozma-Dusk-Mane|\n|poke|p1|Zygarde|\n|poke|p1|Groudon|\n|poke|p1|Xerneas-*|\n|poke|p1|Arceus|\n|poke|p2|Ho-Oh|\n|poke|p2|Zygarde|\n|poke|p2|Marshadow|\n|poke|p2|Groudon|\n|poke|p2|Arceus-Dark|\n|poke|p2|Kyogre|\n|teampreview\n|inactive|Battle timer is ON: inactive players will automatically lose when time's up. (requested by 777Clearnu)\n|inactive|Breeze88 also wants the timer to be on.\n|c|\u2606Breeze88|glhf\n|c|\u2606777Clearnu|glhf\n|c|\u2606Breeze88|thx\n|\n|t:|1698614631\n|start\n|switch|p1a: Necrozma|Necrozma-Dusk-Mane, shiny|100\/100\n|switch|p2a: BKC|Arceus-Dark|100\/100\n|turn|1\n|\n|t:|1698614635\n|move|p2a: BKC|Taunt|p1a: Necrozma\n|-start|p1a: Necrozma|move: Taunt\n|cant|p1a: Necrozma|move: Taunt|Toxic\n|\n|upkeep\n|turn|2\n|c|\u2606Breeze88|my mind went \"no, can't stealth rock, he's going to taunt\"\n|c|\u2606Breeze88|*facepalm*\n|inactive|Breeze88 has 120 seconds left.\n|c|\u2606Breeze88|or they\n|c|\u2606Breeze88|for soem reason i think arceus as male\n|\n|t:|1698614685\n|switch|p1a: Xerneas|Xerneas, shiny|100\/100\n|-ability|p1a: Xerneas|Fairy Aura\n|move|p2a: BKC|Toxic|p1a: Xerneas\n|-status|p1a: Xerneas|tox\n|\n|-damage|p1a: Xerneas|94\/100 tox|[from] psn\n|upkeep\n|turn|3\n|\n|t:|1698614696\n|switch|p2a: birdspam|Ho-Oh|100\/100\n|move|p1a: Xerneas|Moonblast|p2a: birdspam\n|-resisted|p2a: birdspam\n|-damage|p2a: birdspam|80\/100\n|\n|-damage|p1a: Xerneas|82\/100 tox|[from] psn\n|upkeep\n|turn|4\n|\n|t:|1698614702\n|switch|p1a: Groudon|Groudon|100\/100\n|detailschange|p1a: Groudon|Groudon-Primal\n|-primal|p1a: Groudon|Red Orb\n|-weather|DesolateLand|[from] ability: Desolate Land|[of] p1a: Groudon\n|move|p2a: birdspam|Whirlwind|p1a: Groudon\n|-weather|none\n|drag|p1a: Ho-Oh|Ho-Oh, shiny|100\/100\n|\n|upkeep\n|turn|5\n|c|\u2606777Clearnu|most legendaries look pretty masculine\n|inactive|777Clearnu has 120 seconds left.\n|c|\u2606Breeze88|ye\n|c|\u2606777Clearnu|creation trio, arceus, darkrai, skymin, yveltal, the current two, zamazenta\n|\n|t:|1698614756\n|switch|p2a: BKC|Arceus-Dark|100\/100\n|move|p1a: Ho-Oh|Toxic|p2a: BKC\n|-status|p2a: BKC|tox\n|\n|-damage|p2a: BKC|94\/100 tox|[from] psn\n|upkeep\n|turn|6\n|inactive|Breeze88 has 120 seconds left.\n|\n|t:|1698614787\n|switch|p1a: Necrozma|Necrozma-Dusk-Mane, shiny|100\/100\n|move|p2a: BKC|Foul Play|p1a: Necrozma\n|-supereffective|p1a: Necrozma\n|-damage|p1a: Necrozma|46\/100\n|\n|-heal|p1a: Necrozma|52\/100|[from] item: Leftovers\n|-damage|p2a: BKC|82\/100 tox|[from] psn\n|upkeep\n|turn|7\n|inactive|Breeze88 has 120 seconds left.\n|\n|t:|1698614807\n|switch|p1a: Zygarde|Zygarde, shiny|100\/100\n|move|p2a: BKC|Foul Play|p1a: Zygarde\n|-damage|p1a: Zygarde|80\/100\n|\n|-heal|p1a: Zygarde|86\/100|[from] item: Leftovers\n|-damage|p2a: BKC|64\/100 tox|[from] psn\n|upkeep\n|turn|8\n|inactive|777Clearnu has 120 seconds left.\n|\n|t:|1698614819\n|switch|p2a: looks at you funny|Zygarde|100\/100\n|move|p1a: Zygarde|Coil|p1a: Zygarde\n|-boost|p1a: Zygarde|atk|1\n|-boost|p1a: Zygarde|def|1\n|-boost|p1a: Zygarde|accuracy|1\n|\n|-heal|p1a: Zygarde|93\/100|[from] item: Leftovers\n|upkeep\n|turn|9\n|inactive|Breeze88 has 120 seconds left.\n|\n|t:|1698614824\n|move|p2a: looks at you funny|Glare|p1a: Zygarde\n|-status|p1a: Zygarde|par\n|move|p1a: Zygarde|Glare|p2a: looks at you funny\n|-status|p2a: looks at you funny|par\n|\n|-heal|p1a: Zygarde|99\/100 par|[from] item: Leftovers\n|upkeep\n|turn|10\n|inactive|Breeze88 has 120 seconds left.\n|\n|t:|1698614835\n|switch|p1a: Xerneas|Xerneas, shiny|82\/100 tox\n|-ability|p1a: Xerneas|Fairy Aura\n|move|p2a: looks at you funny|Coil|p2a: looks at you funny\n|-boost|p2a: looks at you funny|atk|1\n|-boost|p2a: looks at you funny|def|1\n|-boost|p2a: looks at you funny|accuracy|1\n|\n|-damage|p1a: Xerneas|76\/100 tox|[from] psn\n|upkeep\n|turn|11\n|c|\u2606777Clearnu|I have one points worth of speed EVs on this thing for the zygarde ditto and it won't matter because of the paralysis\n|\n|t:|1698614860\n|switch|p2a: birdspam|Ho-Oh|100\/100\n|move|p1a: Xerneas|Moonblast|p2a: birdspam\n|-resisted|p2a: birdspam\n|-damage|p2a: birdspam|80\/100\n|\n|-damage|p1a: Xerneas|64\/100 tox|[from] psn\n|upkeep\n|turn|12\n|c|\u2606Breeze88|good preparation though\n|inactive|Breeze88 has 120 seconds left.\n|\n|t:|1698614882\n|switch|p1a: Groudon|Groudon-Primal|100\/100\n|-weather|DesolateLand|[from] ability: Desolate Land|[of] p1a: Groudon\n|move|p2a: birdspam|Sacred Fire|p1a: Groudon\n|-resisted|p1a: Groudon\n|-damage|p1a: Groudon|85\/100\n|\n|-weather|DesolateLand|[upkeep]\n|upkeep\n|turn|13\n|inactive|Breeze88 has 120 seconds left.\n|\n|t:|1698614899\n|switch|p2a: looks at you funny|Zygarde|100\/100 par\n|move|p1a: Groudon|Spikes|p2a: looks at you funny\n|-sidestart|p2: 777Clearnu|Spikes\n|\n|-weather|DesolateLand|[upkeep]\n|upkeep\n|turn|14\n|inactive|Breeze88 has 120 seconds left.\n|\n|t:|1698614909\n|move|p1a: Groudon|Spikes|p2a: looks at you funny\n|-sidestart|p2: 777Clearnu|Spikes\n|cant|p2a: looks at you funny|par\n|\n|-weather|DesolateLand|[upkeep]\n|upkeep\n|turn|15\n|\n|t:|1698614913\n|move|p1a: Groudon|Spikes|p2a: looks at you funny\n|-sidestart|p2: 777Clearnu|Spikes\n|move|p2a: looks at you funny|Coil|p2a: looks at you funny\n|-boost|p2a: looks at you funny|atk|1\n|-boost|p2a: looks at you funny|def|1\n|-boost|p2a: looks at you funny|accuracy|1\n|\n|-weather|DesolateLand|[upkeep]\n|upkeep\n|turn|16\n|\n|t:|1698614918\n|-weather|none\n|switch|p1a: Ho-Oh|Ho-Oh, shiny|100\/100\n|cant|p2a: looks at you funny|par\n|\n|upkeep\n|turn|17\n|\n|t:|1698614921\n|cant|p2a: looks at you funny|par\n|move|p1a: Ho-Oh|Whirlwind|p2a: looks at you funny\n|drag|p2a: birdspam|Ho-Oh|100\/100\n|\n|upkeep\n|turn|18\n|\n|t:|1698614925\n|move|p2a: birdspam|Defog|p1a: Ho-Oh\n|-unboost|p1a: Ho-Oh|evasion|1\n|-sideend|p2: 777Clearnu|Spikes|[from] move: Defog|[of] p2a: birdspam\n|move|p1a: Ho-Oh|Toxic|p2a: birdspam\n|-status|p2a: birdspam|tox\n|\n|-damage|p2a: birdspam|94\/100 tox|[from] psn\n|upkeep\n|turn|19\n|c|\u2606777Clearnu|earlier today I lost a game because I got frozen and didn't thaw out in any of 5 turns\n|\n|t:|1698614942\n|switch|p1a: Zygarde|Zygarde, shiny|99\/100 par\n|move|p2a: birdspam|Whirlwind|p1a: Zygarde\n|drag|p1a: Necrozma|Necrozma-Dusk-Mane, shiny|52\/100\n|\n|-heal|p1a: Necrozma|58\/100|[from] item: Leftovers\n|-damage|p2a: birdspam|82\/100 tox|[from] psn\n|upkeep\n|turn|20\n|c|\u2606Breeze88|:(\n|c|\u2606Breeze88|thats really unlucky\n|\n|t:|1698614962\n|move|p2a: birdspam|Sacred Fire|p1a: Necrozma\n|-supereffective|p1a: Necrozma\n|-damage|p1a: Necrozma|19\/100\n|move|p1a: Necrozma|Moonlight|p1a: Necrozma\n|-heal|p1a: Necrozma|69\/100\n|\n|-heal|p1a: Necrozma|75\/100|[from] item: Leftovers\n|-damage|p2a: birdspam|64\/100 tox|[from] psn\n|upkeep\n|turn|21\n|\n|t:|1698614974\n|switch|p2a: goldfish crackers|Kyogre|100\/100\n|detailschange|p2a: goldfish crackers|Kyogre-Primal\n|-primal|p2a: goldfish crackers|Blue Orb\n|-weather|PrimordialSea|[from] ability: Primordial Sea|[of] p2a: goldfish crackers\n|move|p1a: Necrozma|Stealth Rock|p2a: goldfish crackers\n|-sidestart|p2: 777Clearnu|move: Stealth Rock\n|\n|-weather|PrimordialSea|[upkeep]\n|-heal|p1a: Necrozma|81\/100|[from] item: Leftovers\n|upkeep\n|turn|22\n|\n|t:|1698614988\n|move|p2a: goldfish crackers|Origin Pulse|p1a: Necrozma\n|-crit|p1a: Necrozma\n|-damage|p1a: Necrozma|0 fnt\n|faint|p1a: Necrozma\n|\n|-weather|PrimordialSea|[upkeep]\n|upkeep\n|\n|t:|1698614993\n|switch|p1a: Groudon|Groudon-Primal|85\/100\n|-weather|DesolateLand|[from] ability: Desolate Land|[of] p1a: Groudon\n|turn|23\n|inactive|777Clearnu has 120 seconds left.\n|c|\u2606777Clearnu|calcdex says that does 77-90% if you're max hp no spdef\n|inactive|Breeze88 has 120 seconds left.\n|\n|t:|1698615070\n|switch|p2a: looks at you funny|Zygarde|100\/100 par\n|-damage|p2a: looks at you funny|94\/100 par|[from] Stealth Rock\n|move|p1a: Groudon|Rock Tomb|p2a: looks at you funny|[miss]\n|-miss|p1a: Groudon|p2a: looks at you funny\n|\n|-weather|DesolateLand|[upkeep]\n|upkeep\n|turn|24\n|\n|t:|1698615081\n|move|p1a: Groudon|Spikes|p2a: looks at you funny\n|-sidestart|p2: 777Clearnu|Spikes\n|move|p2a: looks at you funny|Glare|p1a: Groudon\n|-status|p1a: Groudon|par\n|\n|-weather|DesolateLand|[upkeep]\n|upkeep\n|turn|25\n|\n|t:|1698615087\n|move|p2a: looks at you funny|Coil|p2a: looks at you funny\n|-boost|p2a: looks at you funny|atk|1\n|-boost|p2a: looks at you funny|def|1\n|-boost|p2a: looks at you funny|accuracy|1\n|move|p1a: Groudon|Spikes|p2a: looks at you funny\n|-sidestart|p2: 777Clearnu|Spikes\n|\n|-weather|DesolateLand|[upkeep]\n|upkeep\n|turn|26\n|\n|t:|1698615090\n|-weather|none\n|switch|p1a: Ho-Oh|Ho-Oh, shiny|100\/100\n|move|p2a: looks at you funny|Coil|p2a: looks at you funny\n|-boost|p2a: looks at you funny|atk|1\n|-boost|p2a: looks at you funny|def|1\n|-boost|p2a: looks at you funny|accuracy|1\n|\n|upkeep\n|turn|27\n|\n|t:|1698615093\n|cant|p2a: looks at you funny|par\n|move|p1a: Ho-Oh|Whirlwind|p2a: looks at you funny\n|drag|p2a: goldfish crackers|Kyogre-Primal|100\/100\n|-damage|p2a: goldfish crackers|88\/100|[from] Stealth Rock\n|-damage|p2a: goldfish crackers|71\/100|[from] Spikes\n|-weather|PrimordialSea|[from] ability: Primordial Sea|[of] p2a: goldfish crackers\n|\n|-weather|PrimordialSea|[upkeep]\n|upkeep\n|turn|28\n|c|\u2606777Clearnu|this is the worst game ever made\n|\n|t:|1698615110\n|-weather|none\n|switch|p2a: birdspam|Ho-Oh|98\/100 tox\n|switch|p1a: Groudon|Groudon-Primal|85\/100 par\n|-weather|DesolateLand|[from] ability: Desolate Land|[of] p1a: Groudon\n|\n|-weather|DesolateLand|[upkeep]\n|-damage|p2a: birdspam|92\/100 tox|[from] psn\n|upkeep\n|turn|29\n|c|\u2606Breeze88|you are getting really, really unlucky\n|\n|t:|1698615116\n|move|p2a: birdspam|Defog|p1a: Groudon\n|-unboost|p1a: Groudon|evasion|1\n|-sideend|p2: 777Clearnu|Spikes|[from] move: Defog|[of] p2a: birdspam\n|-sideend|p2: 777Clearnu|Stealth Rock|[from] move: Defog|[of] p2a: birdspam\n|cant|p1a: Groudon|par\n|\n|-weather|DesolateLand|[upkeep]\n|-damage|p2a: birdspam|80\/100 tox|[from] psn\n|upkeep\n|turn|30\n|c|\u2606Breeze88|well some comeuppance\n|\n|t:|1698615127\n|switch|p2a: BKC|Arceus-Dark|64\/100 tox\n|move|p1a: Groudon|Rock Tomb|p2a: BKC\n|-damage|p2a: BKC|48\/100 tox\n|-unboost|p2a: BKC|spe|1\n|\n|-weather|DesolateLand|[upkeep]\n|-damage|p2a: BKC|42\/100 tox|[from] psn\n|upkeep\n|turn|31\n|\n|t:|1698615133\n|move|p2a: BKC|Taunt|p1a: Groudon\n|-start|p1a: Groudon|move: Taunt\n|cant|p1a: Groudon|move: Taunt|Spikes\n|\n|-weather|DesolateLand|[upkeep]\n|-damage|p2a: BKC|30\/100 tox|[from] psn\n|upkeep\n|turn|32\n|\n|t:|1698615138\n|move|p2a: BKC|Recover|p2a: BKC\n|-heal|p2a: BKC|80\/100 tox\n|move|p1a: Groudon|Precipice Blades|p2a: BKC|[miss]\n|-miss|p1a: Groudon|p2a: BKC\n|\n|-weather|DesolateLand|[upkeep]\n|-damage|p2a: BKC|62\/100 tox|[from] psn\n|upkeep\n|turn|33\n|\n|t:|1698615148\n|switch|p2a: looks at you funny|Zygarde|94\/100 par\n|-weather|none\n|switch|p1a: Zygarde|Zygarde, shiny|99\/100 par\n|\n|-heal|p1a: Zygarde|100\/100 par|[from] item: Leftovers\n|upkeep\n|turn|34\n|\n|t:|1698615159\n|switch|p1a: Ho-Oh|Ho-Oh, shiny|100\/100\n|cant|p2a: looks at you funny|par\n|\n|upkeep\n|turn|35\n|\n|t:|1698615162\n|cant|p2a: looks at you funny|par\n|move|p1a: Ho-Oh|Whirlwind|p2a: looks at you funny\n|drag|p2a: birdspam|Ho-Oh|100\/100 tox\n|\n|-damage|p2a: birdspam|94\/100 tox|[from] psn\n|upkeep\n|turn|36\n|c|\u2606777Clearnu|3 times\n|c|\u2606777Clearnu|3 fucking times\n|c|\u2606Breeze88|this is the laziest zygarde ive every seen\n|c|\u2606777Clearnu|that exact scenario\n|\n|t:|1698615176\n|switch|p1a: Groudon|Groudon-Primal|85\/100 par\n|-weather|DesolateLand|[from] ability: Desolate Land|[of] p1a: Groudon\n|move|p2a: birdspam|Whirlwind|p1a: Groudon\n|-weather|none\n|drag|p1a: Arceus|Arceus|100\/100\n|\n|-damage|p2a: birdspam|82\/100 tox|[from] psn\n|upkeep\n|turn|37\n|\n|t:|1698615182\n|switch|p1a: Groudon|Groudon-Primal|85\/100 par\n|-weather|DesolateLand|[from] ability: Desolate Land|[of] p1a: Groudon\n|move|p2a: birdspam|Sacred Fire|p1a: Groudon\n|-resisted|p1a: Groudon\n|-damage|p1a: Groudon|70\/100 par\n|\n|-weather|DesolateLand|[upkeep]\n|-damage|p2a: birdspam|64\/100 tox|[from] psn\n|upkeep\n|turn|38\n|\n|t:|1698615186\n|switch|p2a: looks at you funny|Zygarde|94\/100 par\n|move|p1a: Groudon|Rock Tomb|p2a: looks at you funny\n|-resisted|p2a: looks at you funny\n|-damage|p2a: looks at you funny|88\/100 par\n|-unboost|p2a: looks at you funny|spe|1\n|\n|-weather|DesolateLand|[upkeep]\n|upkeep\n|turn|39\n|\n|t:|1698615208\n|move|p1a: Groudon|Spikes|p2a: looks at you funny\n|-sidestart|p2: 777Clearnu|Spikes\n|cant|p2a: looks at you funny|par\n|\n|-weather|DesolateLand|[upkeep]\n|upkeep\n|turn|40\n|\n|t:|1698615212\n|-weather|none\n|switch|p1a: Ho-Oh|Ho-Oh, shiny|100\/100\n|cant|p2a: looks at you funny|par\n|\n|upkeep\n|turn|41\n|\n|t:|1698615214\n|cant|p2a: looks at you funny|par\n|move|p1a: Ho-Oh|Whirlwind|p2a: looks at you funny\n|drag|p2a: birdspam|Ho-Oh|98\/100 tox\n|\n|-damage|p2a: birdspam|92\/100 tox|[from] psn\n|upkeep\n|turn|42\n|c|\u2606Breeze88|i mean come on\n|\n|t:|1698615224\n|move|p2a: birdspam|Defog|p1a: Ho-Oh\n|-unboost|p1a: Ho-Oh|evasion|1\n|-sideend|p2: 777Clearnu|Spikes|[from] move: Defog|[of] p2a: birdspam\n|move|p1a: Ho-Oh|Sacred Fire|p2a: birdspam|[miss]\n|-miss|p1a: Ho-Oh|p2a: birdspam\n|\n|-damage|p2a: birdspam|80\/100 tox|[from] psn\n|upkeep\n|turn|43\n|\n|t:|1698615231\n|switch|p1a: Groudon|Groudon-Primal|70\/100 par\n|-weather|DesolateLand|[from] ability: Desolate Land|[of] p1a: Groudon\n|move|p2a: birdspam|Whirlwind|p1a: Groudon\n|-weather|none\n|drag|p1a: Xerneas|Xerneas, shiny|64\/100 tox\n|-ability|p1a: Xerneas|Fairy Aura\n|\n|-damage|p1a: Xerneas|58\/100 tox|[from] psn\n|-damage|p2a: birdspam|61\/100 tox|[from] psn\n|upkeep\n|turn|44\n|\n|t:|1698615250\n|move|p1a: Xerneas|Thunderbolt|p2a: birdspam\n|-supereffective|p2a: birdspam\n|-damage|p2a: birdspam|23\/100 tox\n|move|p2a: birdspam|Recover|p2a: birdspam\n|-heal|p2a: birdspam|73\/100 tox\n|\n|-damage|p1a: Xerneas|45\/100 tox|[from] psn\n|-damage|p2a: birdspam|49\/100 tox|[from] psn\n|upkeep\n|turn|45\n|\n|t:|1698615260\n|switch|p1a: Groudon|Groudon-Primal|70\/100 par\n|-weather|DesolateLand|[from] ability: Desolate Land|[of] p1a: Groudon\n|switch|p2a: kid named eruption|Groudon|100\/100\n|detailschange|p2a: kid named eruption|Groudon-Primal\n|-primal|p2a: kid named eruption|Red Orb\n|\n|-weather|DesolateLand|[upkeep]\n|upkeep\n|turn|46\n|\n|t:|1698615264\n|move|p2a: kid named eruption|Precipice Blades|p1a: Groudon|[miss]\n|-miss|p2a: kid named eruption|p1a: Groudon\n|cant|p1a: Groudon|par\n|\n|-weather|DesolateLand|[upkeep]\n|upkeep\n|turn|47\n|\n|t:|1698615273\n|move|p2a: kid named eruption|Precipice Blades|p1a: Groudon|[miss]\n|-miss|p2a: kid named eruption|p1a: Groudon\n|cant|p1a: Groudon|par\n|\n|-weather|DesolateLand|[upkeep]\n|upkeep\n|turn|48\n|c|\u2606Breeze88|such riveting gameplay\n|\n|t:|1698615289\n|move|p2a: kid named eruption|Precipice Blades|p1a: Groudon\n|-supereffective|p1a: Groudon\n|-damage|p1a: Groudon|0 fnt\n|faint|p1a: Groudon\n|\n|-weather|DesolateLand|[upkeep]\n|upkeep\n|\n|t:|1698615294\n|switch|p1a: Ho-Oh|Ho-Oh, shiny|100\/100\n|turn|49\n|\n|t:|1698615304\n|move|p2a: kid named eruption|Stone Edge|p1a: Ho-Oh\n|-supereffective|p1a: Ho-Oh\n|-damage|p1a: Ho-Oh|0 fnt\n|faint|p1a: Ho-Oh\n|\n|-weather|DesolateLand|[upkeep]\n|upkeep\n|\n|t:|1698615308\n|switch|p1a: Zygarde|Zygarde, shiny|100\/100 par\n|turn|50\n|c|\u2606777Clearnu|the streamer smallant did a nuzlocke where any possible bad rng that could happen to him would happen\n|c|\u2606777Clearnu|any move that wasn't 100% accurate would miss\n|c|\u2606Breeze88|oh my god\n|c|\u2606777Clearnu|relatable\n|c|\u2606Breeze88|that sounds like hell\n|inactive|777Clearnu has 120 seconds left.\n|c|\u2606777Clearnu|also enemy trainers always got max roll double damage crits\n|\n|t:|1698615348\n|-weather|none\n|switch|p2a: BKC|Arceus-Dark|62\/100 tox\n|move|p1a: Zygarde|Coil|p1a: Zygarde\n|-boost|p1a: Zygarde|atk|1\n|-boost|p1a: Zygarde|def|1\n|-boost|p1a: Zygarde|accuracy|1\n|\n|-damage|p2a: BKC|56\/100 tox|[from] psn\n|upkeep\n|turn|51\n|\n|t:|1698615356\n|move|p2a: BKC|Recover|p2a: BKC\n|-heal|p2a: BKC|100\/100 tox\n|move|p1a: Zygarde|Thousand Arrows|p2a: BKC\n|-damage|p2a: BKC|70\/100 tox\n|\n|-damage|p2a: BKC|58\/100 tox|[from] psn\n|upkeep\n|turn|52\n|\n|t:|1698615364\n|switch|p2a: looks at you funny|Zygarde|88\/100 par\n|move|p1a: Zygarde|Coil|p1a: Zygarde\n|-boost|p1a: Zygarde|atk|1\n|-boost|p1a: Zygarde|def|1\n|-boost|p1a: Zygarde|accuracy|1\n|\n|upkeep\n|turn|53\n|\n|t:|1698615373\n|move|p2a: looks at you funny|Coil|p2a: looks at you funny\n|-boost|p2a: looks at you funny|atk|1\n|-boost|p2a: looks at you funny|def|1\n|-boost|p2a: looks at you funny|accuracy|1\n|move|p1a: Zygarde|Thousand Arrows|p2a: looks at you funny\n|-damage|p2a: looks at you funny|64\/100 par\n|\n|upkeep\n|turn|54\n|\n|t:|1698615380\n|switch|p1a: Xerneas|Xerneas, shiny|45\/100 tox\n|-ability|p1a: Xerneas|Fairy Aura\n|move|p2a: looks at you funny|Coil|p2a: looks at you funny\n|-boost|p2a: looks at you funny|atk|1\n|-boost|p2a: looks at you funny|def|1\n|-boost|p2a: looks at you funny|accuracy|1\n|\n|-damage|p1a: Xerneas|39\/100 tox|[from] psn\n|upkeep\n|turn|55\n|\n|t:|1698615391\n|-terastallize|p2a: looks at you funny|Fairy\n|move|p1a: Xerneas|Geomancy||[still]\n|-prepare|p1a: Xerneas|Geomancy\n|-enditem|p1a: Xerneas|Power Herb\n|-anim|p1a: Xerneas|Geomancy|p1a: Xerneas\n|-boost|p1a: Xerneas|spa|2\n|-boost|p1a: Xerneas|spd|2\n|-boost|p1a: Xerneas|spe|2\n|move|p2a: looks at you funny|Thousand Arrows|p1a: Xerneas\n|-damage|p1a: Xerneas|0 fnt\n|faint|p1a: Xerneas\n|\n|upkeep\n|\n|t:|1698615396\n|switch|p1a: Arceus|Arceus|100\/100\n|turn|56\n|c|\u2606777Clearnu|I fully expected to get paralyzed\n|\n|t:|1698615406\n|move|p1a: Arceus|Swords Dance|p1a: Arceus\n|-boost|p1a: Arceus|atk|2\n|move|p2a: looks at you funny|Rest|p2a: looks at you funny\n|-status|p2a: looks at you funny|slp|[from] move: Rest\n|-heal|p2a: looks at you funny|100\/100 slp|[silent]\n|-enditem|p2a: looks at you funny|Chesto Berry|[eat]\n|-curestatus|p2a: looks at you funny|slp|[msg]\n|\n|upkeep\n|turn|57\n|c|\u2606Breeze88|I wouldnt have been surprised\n|\n|t:|1698615421\n|move|p1a: Arceus|Swords Dance|p1a: Arceus\n|-boost|p1a: Arceus|atk|2\n|move|p2a: looks at you funny|Glare|p1a: Arceus\n|-status|p1a: Arceus|par\n|\n|upkeep\n|turn|58\n|\n|t:|1698615427\n|move|p1a: Arceus|Extreme Speed|p2a: looks at you funny\n|-damage|p2a: looks at you funny|49\/100\n|-damage|p1a: Arceus|91\/100 par|[from] item: Life Orb\n|move|p2a: looks at you funny|Coil|p2a: looks at you funny\n|-boost|p2a: looks at you funny|atk|1\n|-boost|p2a: looks at you funny|def|1\n|-boost|p2a: looks at you funny|accuracy|1\n|\n|-activate|p2a: looks at you funny|ability: Power Construct\n|detailschange|p2a: looks at you funny|Zygarde-Complete, tera:Fairy\n|-heal|p2a: looks at you funny|67\/100|[silent]\n|upkeep\n|turn|59\n|\n|t:|1698615435\n|move|p2a: looks at you funny|Coil|p2a: looks at you funny\n|-boost|p2a: looks at you funny|atk|1\n|-boost|p2a: looks at you funny|def|1\n|-boost|p2a: looks at you funny|accuracy|1\n|move|p1a: Arceus|Swords Dance|p1a: Arceus\n|-boost|p1a: Arceus|atk|2\n|\n|upkeep\n|turn|60\n|\n|t:|1698615441\n|cant|p1a: Arceus|par\n|move|p2a: looks at you funny|Coil|p2a: looks at you funny\n|-boost|p2a: looks at you funny|atk|1\n|-boost|p2a: looks at you funny|def|1\n|-boost|p2a: looks at you funny|accuracy|1\n|\n|upkeep\n|turn|61\n|\n|t:|1698615444\n|cant|p1a: Arceus|par\n|move|p2a: looks at you funny|Coil|p2a: looks at you funny\n|-boost|p2a: looks at you funny|atk|1\n|-boost|p2a: looks at you funny|def|1\n|-boost|p2a: looks at you funny|accuracy|1\n|\n|upkeep\n|turn|62\n|\n|t:|1698615448\n|move|p1a: Arceus|Extreme Speed|p2a: looks at you funny\n|-damage|p2a: looks at you funny|45\/100\n|-damage|p1a: Arceus|81\/100 par|[from] item: Life Orb\n|move|p2a: looks at you funny|Thousand Arrows|p1a: Arceus\n|-damage|p1a: Arceus|0 fnt\n|faint|p1a: Arceus\n|\n|upkeep\n|\n|t:|1698615451\n|switch|p1a: Zygarde|Zygarde, shiny|100\/100 par\n|turn|63\n|c|\u2606Breeze88|ggwp\n|\n|t:|1698615453\n|move|p2a: looks at you funny|Thousand Arrows|p1a: Zygarde\n|-crit|p1a: Zygarde\n|-damage|p1a: Zygarde|0 fnt\n|faint|p1a: Zygarde\n|\n|win|777Clearnu\n|raw|Breeze88's rating: 1684 &rarr; <strong>1669<\/strong><br \/>(-15 for losing)\n|raw|777Clearnu's rating: 1767 &rarr; <strong>1782<\/strong><br \/>(+15 for winning)\n|c|\u2606777Clearnu|gg\n","uploadtime":1698615459,"views":10,"p1id":"breeze88","p2id":"777clearnu","formatid":"gen9nationaldexubers","rating":1669,"private":0,"password":""}