{"id":"gen9nationaldexubers-1982346478","p1":"ShinoTheRhino","p2":"szkkk","format":"[Gen 9] National Dex Ubers","log":"|j|\u2606ShinoTheRhino\n|j|\u2606szkkk\n|t:|1699001543\n|gametype|singles\n|player|p1|ShinoTheRhino|steven|1251\n|player|p2|szkkk|acerola|1450\n|teamsize|p1|6\n|teamsize|p2|6\n|gen|9\n|tier|[Gen 9] National Dex Ubers\n|rated|\n|rule|HP Percentage Mod: HP is shown in percentages\n|rule|Endless Battle Clause: Forcing endless battles is banned\n|rule|OHKO Clause: OHKO moves are banned\n|rule|Evasion Moves Clause: Evasion moves are banned\n|rule|Evasion Items Clause: Evasion items are banned\n|rule|Species Clause: Limit one of each Pok\u00e9mon\n|rule|Sleep Clause Mod: Limit one foe put to sleep\n|rule|Mega Rayquaza Clause: You cannot mega evolve Rayquaza\n|clearpoke\n|poke|p1|Aegislash, F|\n|poke|p1|Palkia-Origin|\n|poke|p1|Ursaluna, F|\n|poke|p1|Regieleki|\n|poke|p1|Groudon|\n|poke|p1|Corviknight, M|\n|poke|p2|Hatterene, F|\n|poke|p2|Cresselia, F|\n|poke|p2|Lunala|\n|poke|p2|Dracovish|\n|poke|p2|Calyrex-Ice|\n|poke|p2|Melmetal|\n|teampreview\n|inactive|Battle timer is ON: inactive players will automatically lose when time's up. (requested by szkkk)\n|\n|t:|1699001555\n|start\n|switch|p1a: Regieleki|Regieleki|100\/100\n|switch|p2a: Hatterene|Hatterene, F|100\/100\n|turn|1\n|\n|t:|1699001569\n|move|p1a: Regieleki|Thunder Wave|p2a: Hatterene\n|move|p2a: Hatterene|Thunder Wave|p1a: Regieleki|[from]ability: Magic Bounce\n|-immune|p1a: Regieleki\n|move|p2a: Hatterene|Trick Room|p2a: Hatterene\n|-fieldstart|move: Trick Room|[of] p2a: Hatterene\n|\n|upkeep\n|turn|2\n|\n|t:|1699001592\n|switch|p1a: Corviknight|Corviknight, M|100\/100\n|-ability|p1a: Corviknight|Pressure\n|move|p2a: Hatterene|Healing Wish|p2a: Hatterene\n|faint|p2a: Hatterene\n|\n|upkeep\n|\n|t:|1699001606\n|switch|p2a: Calyrex|Calyrex-Ice|100\/100\n|-ability|p2a: Calyrex|As One\n|-ability|p2a: Calyrex|Unnerve\n|turn|3\n|\n|t:|1699001617\n|-terastallize|p2a: Calyrex|Ice\n|move|p2a: Calyrex|Glacial Lance|p1a: Corviknight\n|-damage|p1a: Corviknight|0 fnt\n|faint|p1a: Corviknight\n|-ability|p2a: Calyrex|Chilling Neigh|boost\n|-boost|p2a: Calyrex|atk|1\n|\n|upkeep\n|\n|t:|1699001636\n|switch|p1a: Aegislash|Aegislash, F|100\/100\n|turn|4\n|\n|t:|1699001650\n|-terastallize|p1a: Aegislash|Steel\n|move|p2a: Calyrex|Glacial Lance|p1a: Aegislash\n|-resisted|p1a: Aegislash\n|-damage|p1a: Aegislash|0 fnt\n|faint|p1a: Aegislash\n|-ability|p2a: Calyrex|Chilling Neigh|boost\n|-boost|p2a: Calyrex|atk|1\n|\n|upkeep\n|\n|t:|1699001662\n|switch|p1a: Ursaluna|Ursaluna, F|100\/100\n|turn|5\n|\n|t:|1699001673\n|move|p1a: Ursaluna|Protect|p1a: Ursaluna\n|-singleturn|p1a: Ursaluna|Protect\n|move|p2a: Calyrex|Glacial Lance|p1a: Ursaluna\n|-activate|p1a: Ursaluna|move: Protect\n|\n|-fieldend|move: Trick Room\n|-status|p1a: Ursaluna|brn|[from] item: Flame Orb\n|upkeep\n|turn|6\n|\n|t:|1699001683\n|switch|p2a: Lunala|Lunala|100\/100\n|move|p1a: Ursaluna|Swords Dance|p1a: Ursaluna\n|-boost|p1a: Ursaluna|atk|2\n|\n|-damage|p1a: Ursaluna|94\/100 brn|[from] brn\n|upkeep\n|turn|7\n|\n|t:|1699001690\n|move|p1a: Ursaluna|Earthquake|p2a: Lunala\n|-damage|p2a: Lunala|24\/100\n|move|p2a: Lunala|Trick Room|p2a: Lunala\n|-fieldstart|move: Trick Room|[of] p2a: Lunala\n|\n|-damage|p1a: Ursaluna|88\/100 brn|[from] brn\n|upkeep\n|turn|8\n|\n|t:|1699001697\n|move|p1a: Ursaluna|Facade|p2a: Lunala\n|-immune|p2a: Lunala\n|move|p2a: Lunala|Teleport|p2a: Lunala\n|\n|t:|1699001703\n|switch|p2a: Calyrex|Calyrex-Ice, tera:Ice|100\/100|[from] Teleport\n|-ability|p2a: Calyrex|As One\n|-ability|p2a: Calyrex|Unnerve\n|\n|-damage|p1a: Ursaluna|82\/100 brn|[from] brn\n|upkeep\n|turn|9\n|\n|t:|1699001711\n|move|p1a: Ursaluna|Protect|p1a: Ursaluna\n|-singleturn|p1a: Ursaluna|Protect\n|move|p2a: Calyrex|Glacial Lance|p1a: Ursaluna\n|-activate|p1a: Ursaluna|move: Protect\n|\n|-damage|p1a: Ursaluna|76\/100 brn|[from] brn\n|upkeep\n|turn|10\n|\n|t:|1699001724\n|move|p2a: Calyrex|Glacial Lance|p1a: Ursaluna\n|-supereffective|p1a: Ursaluna\n|-damage|p1a: Ursaluna|0 fnt\n|faint|p1a: Ursaluna\n|-ability|p2a: Calyrex|Chilling Neigh|boost\n|-boost|p2a: Calyrex|atk|1\n|\n|upkeep\n|\n|t:|1699001736\n|switch|p1a: Palkia|Palkia-Origin|100\/100\n|-ability|p1a: Palkia|Pressure\n|turn|11\n|\n|t:|1699001752\n|move|p1a: Palkia|Protect|p1a: Palkia\n|-singleturn|p1a: Palkia|Protect\n|move|p2a: Calyrex|Glacial Lance|p1a: Palkia\n|-activate|p1a: Palkia|move: Protect\n|\n|-fieldend|move: Trick Room\n|upkeep\n|turn|12\n|inactive|szkkk has 120 seconds left.\n|\n|t:|1699001782\n|move|p1a: Palkia|Draco Meteor|p2a: Calyrex\n|-damage|p2a: Calyrex|43\/100\n|-unboost|p1a: Palkia|spa|2\n|-activate|p2a: Calyrex|move: Struggle\n|move|p2a: Calyrex|Struggle|p1a: Palkia\n|-damage|p1a: Palkia|48\/100\n|-damage|p2a: Calyrex|18\/100|[from] recoil\n|\n|upkeep\n|turn|13\n|inactive|szkkk has 120 seconds left.\n|\n|t:|1699001798\n|switch|p2a: Lunala|Lunala|24\/100\n|-heal|p2a: Lunala|100\/100|[from] move: Healing Wish\n|move|p1a: Palkia|Protect||[still]\n|-fail|p1a: Palkia\n|\n|upkeep\n|turn|14\n|\n|t:|1699001811\n|switch|p1a: Regieleki|Regieleki|100\/100\n|move|p2a: Lunala|Trick Room|p2a: Lunala\n|-fieldstart|move: Trick Room|[of] p2a: Lunala\n|\n|upkeep\n|turn|15\n|\n|t:|1699001829\n|move|p1a: Regieleki|Thunder Wave|p2a: Lunala\n|-status|p2a: Lunala|par\n|cant|p2a: Lunala|par\n|\n|upkeep\n|turn|16\n|\n|t:|1699001836\n|move|p1a: Regieleki|Thunder Cage|p2a: Lunala\n|-damage|p2a: Lunala|88\/100 par\n|-activate|p2a: Lunala|move: Thunder Cage|[of] p1a: Regieleki\n|cant|p2a: Lunala|par\n|\n|-damage|p2a: Lunala|76\/100 par|[from] move: Thunder Cage|[partiallytrapped]\n|upkeep\n|turn|17\n|\n|t:|1699001846\n|move|p1a: Regieleki|Thunder Cage|p2a: Lunala\n|-damage|p2a: Lunala|53\/100 par\n|move|p2a: Lunala|Teleport|p2a: Lunala\n|inactive|szkkk has 120 seconds left.\n|\n|t:|1699001870\n|switch|p2a: Calyrex|Calyrex-Ice, tera:Ice|18\/100|[from] Teleport\n|-ability|p2a: Calyrex|As One\n|-ability|p2a: Calyrex|Unnerve\n|\n|upkeep\n|turn|18\n|\n|t:|1699001881\n|move|p2a: Calyrex|Close Combat|p1a: Regieleki\n|-enditem|p1a: Regieleki|Focus Sash\n|-damage|p1a: Regieleki|1\/100\n|-unboost|p2a: Calyrex|def|1\n|-unboost|p2a: Calyrex|spd|1\n|move|p1a: Regieleki|Thunder Cage|p2a: Calyrex\n|-damage|p2a: Calyrex|0 fnt\n|faint|p2a: Calyrex\n|\n|-fieldend|move: Trick Room\n|upkeep\n|inactive|szkkk has 120 seconds left.\n|j| ieawodey\n|\n|t:|1699001899\n|switch|p2a: Lunala|Lunala|53\/100 par\n|turn|19\n|inactive|szkkk has 120 seconds left.\n|\n|t:|1699001906\n|move|p1a: Regieleki|Thunder Cage|p2a: Lunala\n|-damage|p2a: Lunala|29\/100 par\n|-activate|p2a: Lunala|move: Thunder Cage|[of] p1a: Regieleki\n|cant|p2a: Lunala|par\n|\n|-damage|p2a: Lunala|17\/100 par|[from] move: Thunder Cage|[partiallytrapped]\n|upkeep\n|turn|20\n|\n|t:|1699001913\n|move|p1a: Regieleki|Thunder Cage|p2a: Lunala\n|-damage|p2a: Lunala|0 fnt\n|faint|p2a: Lunala\n|\n|upkeep\n|\n|t:|1699001922\n|switch|p2a: Cresselia|Cresselia, F|100\/100\n|turn|21\n|\n|t:|1699001930\n|move|p1a: Regieleki|Thunder Wave|p2a: Cresselia\n|-status|p2a: Cresselia|par\n|move|p2a: Cresselia|Ice Beam|p1a: Regieleki\n|-damage|p1a: Regieleki|0 fnt\n|faint|p1a: Regieleki\n|\n|upkeep\n|\n|t:|1699001936\n|switch|p1a: Palkia|Palkia-Origin|48\/100\n|-ability|p1a: Palkia|Pressure\n|turn|22\n|\n|t:|1699001950\n|move|p1a: Palkia|Surf|p2a: Cresselia\n|-damage|p2a: Cresselia|57\/100 par\n|move|p2a: Cresselia|Psychic|p1a: Palkia\n|-damage|p1a: Palkia|26\/100\n|-unboost|p1a: Palkia|spd|1\n|\n|upkeep\n|turn|23\n|\n|t:|1699001958\n|move|p1a: Palkia|Draco Meteor|p2a: Cresselia\n|-damage|p2a: Cresselia|2\/100 par\n|-unboost|p1a: Palkia|spa|2\n|move|p2a: Cresselia|Trick Room|p2a: Cresselia\n|-fieldstart|move: Trick Room|[of] p2a: Cresselia\n|\n|upkeep\n|turn|24\n|\n|t:|1699001972\n|cant|p2a: Cresselia|par\n|move|p1a: Palkia|Flamethrower|p2a: Cresselia\n|-damage|p2a: Cresselia|0 fnt\n|faint|p2a: Cresselia\n|\n|upkeep\n|\n|t:|1699001978\n|switch|p2a: Melmetal|Melmetal|100\/100\n|turn|25\n|\n|t:|1699001983\n|move|p1a: Palkia|Protect|p1a: Palkia\n|-singleturn|p1a: Palkia|Protect\n|move|p2a: Melmetal|Double Iron Bash|p1a: Palkia\n|-activate|p1a: Palkia|move: Protect\n|\n|upkeep\n|turn|26\n|\n|t:|1699001993\n|move|p2a: Melmetal|Double Iron Bash|p1a: Palkia\n|-resisted|p1a: Palkia\n|-damage|p1a: Palkia|0 fnt\n|faint|p1a: Palkia\n|-hitcount|p1: Palkia|1\n|\n|upkeep\n|\n|t:|1699001998\n|switch|p1a: Groudon|Groudon|100\/100\n|detailschange|p1a: Groudon|Groudon-Primal\n|-primal|p1a: Groudon|Red Orb\n|-weather|DesolateLand|[from] ability: Desolate Land|[of] p1a: Groudon\n|turn|27\n|\n|t:|1699002007\n|move|p2a: Melmetal|Double Iron Bash|p1a: Groudon\n|-resisted|p1a: Groudon\n|-damage|p1a: Groudon|80\/100\n|-resisted|p1a: Groudon\n|-damage|p1a: Groudon|60\/100\n|-hitcount|p1a: Groudon|2\n|move|p1a: Groudon|Precipice Blades|p2a: Melmetal\n|-supereffective|p2a: Melmetal\n|-damage|p2a: Melmetal|14\/100\n|\n|-weather|DesolateLand|[upkeep]\n|-fieldend|move: Trick Room\n|upkeep\n|turn|28\n|\n|t:|1699002018\n|move|p1a: Groudon|Precipice Blades|p2a: Melmetal\n|-supereffective|p2a: Melmetal\n|-damage|p2a: Melmetal|0 fnt\n|faint|p2a: Melmetal\n|\n|-weather|DesolateLand|[upkeep]\n|upkeep\n|\n|t:|1699002022\n|switch|p2a: Dracovish|Dracovish, shiny|100\/100\n|turn|29\n|inactive|szkkk has 120 seconds left.\n|\n|t:|1699002058\n|move|p1a: Groudon|Precipice Blades|p2a: Dracovish\n|-damage|p2a: Dracovish|25\/100\n|move|p2a: Dracovish|Ice Fang|p1a: Groudon\n|-damage|p1a: Groudon|37\/100\n|\n|-weather|DesolateLand|[upkeep]\n|upkeep\n|turn|30\n|inactive|szkkk has 120 seconds left.\n|\n|t:|1699002071\n|move|p1a: Groudon|Solar Beam||[still]\n|-prepare|p1a: Groudon|Solar Beam\n|-anim|p1a: Groudon|Solar Beam|p2a: Dracovish\n|-damage|p2a: Dracovish|0 fnt\n|faint|p2a: Dracovish\n|\n|win|ShinoTheRhino\n|raw|ShinoTheRhino's rating: 1251 &rarr; <strong>1289<\/strong><br \/>(+38 for winning)\n|raw|szkkk's rating: 1450 &rarr; <strong>1420<\/strong><br \/>(-30 for losing)\n|l|\u2606szkkk\n|l| ieawodey\n","uploadtime":1699002280,"views":10,"p1id":"shinotherhino","p2id":"szkkk","formatid":"gen9nationaldexubers","rating":1289,"private":0,"password":""}