{"id":"gen9nationaldexubers-1988231298","p1":"Rockychamp","p2":"Rhyfinn 04","format":"[Gen 9] National Dex Ubers","log":"|j|\u2606Rockychamp\n|j|\u2606Rhyfinn 04\n|t:|1699690259\n|gametype|singles\n|player|p1|Rockychamp|266|1128\n|player|p2|Rhyfinn 04|alder|1233\n|teamsize|p1|6\n|teamsize|p2|6\n|gen|9\n|tier|[Gen 9] National Dex Ubers\n|rated|\n|rule|HP Percentage Mod: HP is shown in percentages\n|rule|Endless Battle Clause: Forcing endless battles is banned\n|rule|OHKO Clause: OHKO moves are banned\n|rule|Evasion Moves Clause: Evasion moves are banned\n|rule|Evasion Items Clause: Evasion items are banned\n|rule|Species Clause: Limit one of each Pok\u00e9mon\n|rule|Sleep Clause Mod: Limit one foe put to sleep\n|rule|Mega Rayquaza Clause: You cannot mega evolve Rayquaza\n|clearpoke\n|poke|p1|Lucario, M|\n|poke|p1|Dragonite, M|\n|poke|p1|Sirfetch\u2019d, M|\n|poke|p1|Gengar, M|\n|poke|p1|Dracovish|\n|poke|p1|Regieleki|\n|poke|p2|Groudon|\n|poke|p2|Xerneas-*|\n|poke|p2|Marshadow|\n|poke|p2|Necrozma-Dusk-Mane|\n|poke|p2|Deoxys-Speed|\n|poke|p2|Pheromosa|\n|teampreview\n|inactive|Battle timer is ON: inactive players will automatically lose when time's up. (requested by Rhyfinn 04)\n|\n|t:|1699690273\n|start\n|switch|p1a: Gengar|Gengar, M|100\/100\n|switch|p2a: Deoxys|Deoxys-Speed, shiny|100\/100\n|-ability|p2a: Deoxys|Pressure\n|turn|1\n|\n|t:|1699690303\n|move|p2a: Deoxys|Taunt|p1a: Gengar\n|-start|p1a: Gengar|move: Taunt\n|move|p1a: Gengar|Shadow Ball|p2a: Deoxys\n|-supereffective|p2a: Deoxys\n|-enditem|p2a: Deoxys|Focus Sash\n|-damage|p2a: Deoxys|1\/100\n|\n|upkeep\n|turn|2\n|\n|t:|1699690313\n|move|p2a: Deoxys|Stealth Rock|p1a: Gengar\n|-sidestart|p1: Rockychamp|move: Stealth Rock\n|move|p1a: Gengar|Shadow Ball|p2a: Deoxys\n|-supereffective|p2a: Deoxys\n|-damage|p2a: Deoxys|0 fnt\n|faint|p2a: Deoxys\n|\n|upkeep\n|\n|t:|1699690327\n|switch|p2a: Necrozma|Necrozma-Dusk-Mane, shiny|100\/100\n|turn|3\n|\n|t:|1699690337\n|detailschange|p2a: Necrozma|Necrozma-Ultra, shiny\n|-burst|p2a: Necrozma|Necrozma|Ultranecrozium Z\n|move|p2a: Necrozma|Photon Geyser|p1a: Gengar\n|-supereffective|p1a: Gengar\n|-enditem|p1a: Gengar|Focus Sash\n|-damage|p1a: Gengar|1\/100\n|move|p1a: Gengar|Shadow Ball|p2a: Necrozma\n|-supereffective|p2a: Necrozma\n|-damage|p2a: Necrozma|13\/100\n|\n|-end|p1a: Gengar|move: Taunt\n|upkeep\n|turn|4\n|\n|t:|1699690352\n|move|p2a: Necrozma|Photon Geyser|p1a: Gengar\n|-supereffective|p1a: Gengar\n|-damage|p1a: Gengar|0 fnt\n|faint|p1a: Gengar\n|\n|upkeep\n|\n|t:|1699690365\n|switch|p1a: Regieleki|Regieleki|100\/100\n|-damage|p1a: Regieleki|88\/100|[from] Stealth Rock\n|turn|5\n|\n|t:|1699690378\n|switch|p2a: Groudon|Groudon, shiny|100\/100\n|detailschange|p2a: Groudon|Groudon-Primal, shiny\n|-primal|p2a: Groudon|Red Orb\n|-weather|DesolateLand|[from] ability: Desolate Land|[of] p2a: Groudon\n|move|p1a: Regieleki|Thunder Cage|p2a: Groudon\n|-immune|p2a: Groudon\n|\n|-weather|DesolateLand|[upkeep]\n|upkeep\n|turn|6\n|\n|t:|1699690388\n|move|p1a: Regieleki|Light Screen|p1a: Regieleki\n|-sidestart|p1: Rockychamp|move: Light Screen\n|move|p2a: Groudon|Flamethrower|p1a: Regieleki\n|-damage|p1a: Regieleki|0 fnt\n|faint|p1a: Regieleki\n|\n|-weather|DesolateLand|[upkeep]\n|upkeep\n|\n|t:|1699690396\n|switch|p1a: Dracovish|Dracovish|100\/100\n|-damage|p1a: Dracovish|88\/100|[from] Stealth Rock\n|turn|7\n|\n|t:|1699690402\n|move|p2a: Groudon|Earth Power|p1a: Dracovish\n|-damage|p1a: Dracovish|50\/100\n|-unboost|p1a: Dracovish|spd|1\n|move|p1a: Dracovish|Fishious Rend||[still]\n|-fail|p1a: Dracovish|Fishious Rend|[from] Desolate Land\n|\n|-weather|DesolateLand|[upkeep]\n|-heal|p1a: Dracovish|56\/100|[from] item: Leftovers\n|upkeep\n|turn|8\n|c|\u2606Rhyfinn 04|bruh\n|\n|t:|1699690416\n|move|p2a: Groudon|Rock Polish|p2a: Groudon\n|-boost|p2a: Groudon|spe|2\n|move|p1a: Dracovish|Ice Fang|p2a: Groudon\n|-damage|p2a: Groudon|84\/100\n|\n|-weather|DesolateLand|[upkeep]\n|-heal|p1a: Dracovish|62\/100|[from] item: Leftovers\n|upkeep\n|turn|9\n|inactive|Rockychamp has 120 seconds left.\n|\n|t:|1699690457\n|move|p2a: Groudon|Flamethrower|p1a: Dracovish\n|-resisted|p1a: Dracovish\n|-damage|p1a: Dracovish|41\/100\n|move|p1a: Dracovish|Ice Fang|p2a: Groudon\n|-damage|p2a: Groudon|68\/100\n|\n|-weather|DesolateLand|[upkeep]\n|-heal|p1a: Dracovish|47\/100|[from] item: Leftovers\n|upkeep\n|turn|10\n|\n|t:|1699690466\n|move|p2a: Groudon|Earth Power|p1a: Dracovish\n|-damage|p1a: Dracovish|0 fnt\n|faint|p1a: Dracovish\n|\n|-weather|DesolateLand|[upkeep]\n|upkeep\n|\n|t:|1699690475\n|switch|p1a: Sirfetch\u2019d|Sirfetch\u2019d, M|100\/100\n|-damage|p1a: Sirfetch\u2019d|94\/100|[from] Stealth Rock\n|turn|11\n|\n|t:|1699690481\n|move|p2a: Groudon|Flamethrower|p1a: Sirfetch\u2019d\n|-damage|p1a: Sirfetch\u2019d|45\/100\n|move|p1a: Sirfetch\u2019d|Meteor Assault|p2a: Groudon\n|-crit|p2a: Groudon\n|-damage|p2a: Groudon|0 fnt\n|-mustrecharge|p1a: Sirfetch\u2019d\n|faint|p2a: Groudon\n|-weather|none\n|\n|upkeep\n|\n|t:|1699690492\n|switch|p2a: Necrozma|Necrozma-Ultra, shiny|13\/100\n|turn|12\n|\n|t:|1699690496\n|move|p2a: Necrozma|Dragon Dance|p2a: Necrozma\n|-boost|p2a: Necrozma|atk|1\n|-boost|p2a: Necrozma|spe|1\n|cant|p1a: Sirfetch\u2019d|recharge\n|\n|upkeep\n|turn|13\n|\n|t:|1699690504\n|move|p2a: Necrozma|Photon Geyser|p1a: Sirfetch\u2019d\n|-supereffective|p1a: Sirfetch\u2019d\n|-damage|p1a: Sirfetch\u2019d|0 fnt\n|faint|p1a: Sirfetch\u2019d\n|\n|-sideend|p1: Rockychamp|move: Light Screen\n|upkeep\n|\n|t:|1699690515\n|switch|p1a: Lucario|Lucario, M|100\/100\n|-damage|p1a: Lucario|98\/100|[from] Stealth Rock\n|turn|14\n|\n|t:|1699690520\n|move|p1a: Lucario|Bullet Punch|p2a: Necrozma\n|-damage|p2a: Necrozma|0 fnt\n|faint|p2a: Necrozma\n|\n|upkeep\n|\n|t:|1699690526\n|switch|p2a: Xerneas|Xerneas|100\/100\n|-ability|p2a: Xerneas|Fairy Aura\n|turn|15\n|\n|t:|1699690531\n|-terastallize|p2a: Xerneas|Fire\n|move|p1a: Lucario|Steel Beam|p2a: Xerneas\n|-resisted|p2a: Xerneas\n|-damage|p2a: Xerneas|75\/100\n|-damage|p1a: Lucario|48\/100|[from] steelbeam\n|move|p2a: Xerneas|Geomancy||[still]\n|-prepare|p2a: Xerneas|Geomancy\n|-enditem|p2a: Xerneas|Power Herb\n|-anim|p2a: Xerneas|Geomancy|p2a: Xerneas\n|-boost|p2a: Xerneas|spa|2\n|-boost|p2a: Xerneas|spd|2\n|-boost|p2a: Xerneas|spe|2\n|\n|upkeep\n|turn|16\n|\n|t:|1699690551\n|-terastallize|p1a: Lucario|Fighting\n|move|p2a: Xerneas|Moonblast|p1a: Lucario\n|-supereffective|p1a: Lucario\n|-damage|p1a: Lucario|0 fnt\n|faint|p1a: Lucario\n|\n|upkeep\n|\n|t:|1699690558\n|switch|p1a: Dragonite|Dragonite, M|100\/100\n|-damage|p1a: Dragonite|75\/100|[from] Stealth Rock\n|turn|17\n|\n|t:|1699690567\n|move|p2a: Xerneas|Moonblast|p1a: Dragonite\n|-supereffective|p1a: Dragonite\n|-damage|p1a: Dragonite|0 fnt\n|faint|p1a: Dragonite\n|\n|win|Rhyfinn 04\n|raw|Rockychamp's rating: 1128 &rarr; <strong>1110<\/strong><br \/>(-18 for losing)\n|raw|Rhyfinn 04's rating: 1233 &rarr; <strong>1251<\/strong><br \/>(+18 for winning)\n","uploadtime":1699690573,"views":5,"p1id":"rockychamp","p2id":"rhyfinn04","formatid":"gen9nationaldexubers","rating":1110,"private":0,"password":""}