{"id":"gen9nationaldexubers-1978297175","p1":"JVPSLeite","p2":"kurokodora","format":"[Gen 9] National Dex Ubers","log":"|j|\u2606JVPSLeite\n|j|\u2606kurokodora\n|t:|1698522197\n|gametype|singles\n|player|p1|JVPSLeite|barry|1073\n|player|p2|kurokodora|veteran|1147\n|teamsize|p1|6\n|teamsize|p2|6\n|gen|9\n|tier|[Gen 9] National Dex Ubers\n|rated|\n|rule|HP Percentage Mod: HP is shown in percentages\n|rule|Endless Battle Clause: Forcing endless battles is banned\n|rule|OHKO Clause: OHKO moves are banned\n|rule|Evasion Moves Clause: Evasion moves are banned\n|rule|Evasion Items Clause: Evasion items are banned\n|rule|Species Clause: Limit one of each Pok\u00e9mon\n|rule|Sleep Clause Mod: Limit one foe put to sleep\n|rule|Mega Rayquaza Clause: You cannot mega evolve Rayquaza\n|clearpoke\n|poke|p1|Charizard, F|\n|poke|p1|Tyranitar, M|\n|poke|p1|Quagsire, M|\n|poke|p1|Zacian-*|\n|poke|p1|Serperior, M|\n|poke|p1|Mimikyu, M|\n|poke|p2|Glimmora, F|\n|poke|p2|Cursola, F|\n|poke|p2|Quaquaval, M|\n|poke|p2|Shiftry, M|\n|poke|p2|Haxorus, M|\n|poke|p2|Charizard, M|\n|teampreview\n|inactive|Battle timer is ON: inactive players will automatically lose when time's up. (requested by kurokodora)\n|\n|t:|1698522218\n|start\n|switch|p1a: Mimikyu|Mimikyu, M|100\/100\n|switch|p2a: Glimmora|Glimmora, F|100\/100\n|turn|1\n|\n|t:|1698522228\n|move|p2a: Glimmora|Rock Tomb|p1a: Mimikyu\n|-activate|p1a: Mimikyu|ability: Disguise\n|-damage|p1a: Mimikyu|100\/100\n|-unboost|p1a: Mimikyu|spe|1\n|detailschange|p1a: Mimikyu|Mimikyu-Busted, M\n|-damage|p1a: Mimikyu|88\/100|[from] pokemon: Mimikyu-Busted\n|move|p1a: Mimikyu|Shadow Claw|p2a: Glimmora\n|-damage|p2a: Glimmora|63\/100\n|-activate|p2a: Glimmora|ability: Toxic Debris\n|-sidestart|p1: JVPSLeite|move: Toxic Spikes\n|\n|upkeep\n|turn|2\n|\n|t:|1698522241\n|move|p2a: Glimmora|Stealth Rock|p1a: Mimikyu\n|-sidestart|p1: JVPSLeite|move: Stealth Rock\n|move|p1a: Mimikyu|Play Rough|p2a: Glimmora\n|-resisted|p2a: Glimmora\n|-damage|p2a: Glimmora|42\/100\n|-activate|p2a: Glimmora|ability: Toxic Debris\n|-sidestart|p1: JVPSLeite|move: Toxic Spikes\n|\n|upkeep\n|turn|3\n|\n|t:|1698522249\n|move|p2a: Glimmora|Power Gem|p1a: Mimikyu\n|-damage|p1a: Mimikyu|44\/100\n|move|p1a: Mimikyu|Play Rough|p2a: Glimmora\n|-resisted|p2a: Glimmora\n|-damage|p2a: Glimmora|20\/100\n|\n|upkeep\n|turn|4\n|\n|t:|1698522257\n|move|p2a: Glimmora|Mortal Spin|p1a: Mimikyu\n|-damage|p1a: Mimikyu|33\/100\n|-status|p1a: Mimikyu|psn\n|move|p1a: Mimikyu|Play Rough|p2a: Glimmora\n|-resisted|p2a: Glimmora\n|-damage|p2a: Glimmora|0 fnt\n|faint|p2a: Glimmora\n|\n|-damage|p1a: Mimikyu|20\/100 psn|[from] psn\n|upkeep\n|\n|t:|1698522269\n|switch|p2a: Quaquaval|Quaquaval, M|100\/100\n|turn|5\n|\n|t:|1698522281\n|move|p2a: Quaquaval|Aqua Step|p1a: Mimikyu\n|-damage|p1a: Mimikyu|0 fnt\n|-boost|p2a: Quaquaval|spe|1\n|faint|p1a: Mimikyu\n|-ability|p2a: Quaquaval|Moxie|boost\n|-boost|p2a: Quaquaval|atk|1\n|\n|upkeep\n|\n|t:|1698522297\n|switch|p1a: Serperior|Serperior, M|100\/100\n|-status|p1a: Serperior|tox\n|-damage|p1a: Serperior|88\/100 tox|[from] Stealth Rock\n|turn|6\n|l|\u2606JVPSLeite\n|inactive|JVPSLeite disconnected and has a minute to reconnect!\n|player|p1|\n|j|\u2606JVPSLeite\n|inactive|JVPSLeite reconnected and has 110 seconds left.\n|player|p1|JVPSLeite|barry\n|\n|t:|1698522333\n|move|p2a: Quaquaval|Ice Spinner|p1a: Serperior\n|-supereffective|p1a: Serperior\n|-damage|p1a: Serperior|0 fnt\n|faint|p1a: Serperior\n|-ability|p2a: Quaquaval|Moxie|boost\n|-boost|p2a: Quaquaval|atk|1\n|\n|upkeep\n|\n|t:|1698522340\n|switch|p1a: Tyranitar|Tyranitar, M|100\/100\n|-status|p1a: Tyranitar|tox\n|-damage|p1a: Tyranitar|88\/100 tox|[from] Stealth Rock\n|-weather|Sandstorm|[from] ability: Sand Stream|[of] p1a: Tyranitar\n|turn|7\n|\n|t:|1698522353\n|-terastallize|p1a: Tyranitar|Rock\n|move|p2a: Quaquaval|Aqua Step|p1a: Tyranitar\n|-supereffective|p1a: Tyranitar\n|-damage|p1a: Tyranitar|0 fnt\n|-boost|p2a: Quaquaval|spe|1\n|faint|p1a: Tyranitar\n|-ability|p2a: Quaquaval|Moxie|boost\n|-boost|p2a: Quaquaval|atk|1\n|\n|-weather|Sandstorm|[upkeep]\n|-damage|p2a: Quaquaval|94\/100|[from] Sandstorm\n|upkeep\n|\n|t:|1698522360\n|switch|p1a: Quagsire|Quagsire, M|100\/100\n|-status|p1a: Quagsire|tox\n|-damage|p1a: Quagsire|94\/100 tox|[from] Stealth Rock\n|turn|8\n|\n|t:|1698522369\n|move|p2a: Quaquaval|Ice Spinner|p1a: Quagsire\n|-damage|p1a: Quagsire|26\/100 tox\n|move|p1a: Quagsire|Waterfall|p2a: Quaquaval\n|-resisted|p2a: Quaquaval\n|-damage|p2a: Quaquaval|75\/100\n|\n|-weather|Sandstorm|[upkeep]\n|-damage|p2a: Quaquaval|69\/100|[from] Sandstorm\n|-damage|p1a: Quagsire|20\/100 tox|[from] psn\n|upkeep\n|turn|9\n|\n|t:|1698522380\n|move|p2a: Quaquaval|Low Sweep|p1a: Quagsire\n|-damage|p1a: Quagsire|0 fnt\n|faint|p1a: Quagsire\n|-ability|p2a: Quaquaval|Moxie|boost\n|-boost|p2a: Quaquaval|atk|1\n|\n|-weather|Sandstorm|[upkeep]\n|-damage|p2a: Quaquaval|63\/100|[from] Sandstorm\n|upkeep\n|\n|t:|1698522383\n|switch|p1a: Zacian|Zacian-Crowned|100\/100\n|-damage|p1a: Zacian|94\/100|[from] Stealth Rock\n|-ability|p1a: Zacian|Intrepid Sword|boost\n|-boost|p1a: Zacian|atk|1\n|turn|10\n|\n|t:|1698522393\n|move|p2a: Quaquaval|Aqua Step|p1a: Zacian\n|-damage|p1a: Zacian|0 fnt\n|-boost|p2a: Quaquaval|spe|1\n|faint|p1a: Zacian\n|-ability|p2a: Quaquaval|Moxie|boost\n|-boost|p2a: Quaquaval|atk|1\n|\n|-weather|Sandstorm|[upkeep]\n|-damage|p2a: Quaquaval|57\/100|[from] Sandstorm\n|upkeep\n|\n|t:|1698522396\n|switch|p1a: Charizard|Charizard, F|100\/100\n|-damage|p1a: Charizard|51\/100|[from] Stealth Rock\n|turn|11\n|\n|t:|1698522407\n|detailschange|p1a: Charizard|Charizard-Mega-X, F\n|-mega|p1a: Charizard|Charizard|Charizardite X\n|move|p2a: Quaquaval|Aqua Step|p1a: Charizard\n|-damage|p1a: Charizard|0 fnt\n|-boost|p2a: Quaquaval|spe|1\n|faint|p1a: Charizard\n|\n|win|kurokodora\n|raw|JVPSLeite's rating: 1073 &rarr; <strong>1056<\/strong><br \/>(-17 for losing)\n|raw|kurokodora's rating: 1147 &rarr; <strong>1167<\/strong><br \/>(+20 for winning)\n","uploadtime":1698522417,"views":10,"p1id":"jvpsleite","p2id":"kurokodora","formatid":"gen9nationaldexubers","rating":1056,"private":0,"password":""}