{"id":"gen9nationaldexubers-1978697729","p1":"Skrillfury21","p2":"700club","format":"[Gen 9] National Dex Ubers","log":"|j|\u2606Skrillfury21\n|j|\u2606700club\n|t:|1698583302\n|gametype|singles\n|player|p1|Skrillfury21|cheren-gen5bw2|1275\n|player|p2|700club|shadowtriad|1232\n|teamsize|p1|6\n|teamsize|p2|6\n|gen|9\n|tier|[Gen 9] National Dex Ubers\n|rated|\n|rule|HP Percentage Mod: HP is shown in percentages\n|rule|Endless Battle Clause: Forcing endless battles is banned\n|rule|OHKO Clause: OHKO moves are banned\n|rule|Evasion Moves Clause: Evasion moves are banned\n|rule|Evasion Items Clause: Evasion items are banned\n|rule|Species Clause: Limit one of each Pok\u00e9mon\n|rule|Sleep Clause Mod: Limit one foe put to sleep\n|rule|Mega Rayquaza Clause: You cannot mega evolve Rayquaza\n|clearpoke\n|poke|p1|Groudon|\n|poke|p1|Zygarde|\n|poke|p1|Ho-Oh|\n|poke|p1|Yveltal|\n|poke|p1|Necrozma-Dusk-Mane|\n|poke|p1|Kyogre|\n|poke|p2|Ogerpon-Hearthflame, F|\n|poke|p2|Ditto|\n|poke|p2|Deoxys-Speed|\n|poke|p2|Mewtwo|\n|poke|p2|Necrozma-Dusk-Mane|\n|poke|p2|Rayquaza|\n|teampreview\n|c|\u2606700club|hi\n|c|\u2606Skrillfury21|Morning\n|\n|t:|1698583321\n|start\n|switch|p1a: Yveltal|Yveltal|100\/100\n|switch|p2a: Deoxys|Deoxys-Speed|100\/100\n|-ability|p2a: Deoxys|Pressure\n|-ability|p1a: Yveltal|Dark Aura\n|turn|1\n|\n|t:|1698583338\n|move|p2a: Deoxys|Stealth Rock|p1a: Yveltal\n|-sidestart|p1: Skrillfury21|move: Stealth Rock\n|move|p1a: Yveltal|Dark Pulse|p2a: Deoxys\n|-supereffective|p2a: Deoxys\n|-enditem|p2a: Deoxys|Focus Sash\n|-damage|p2a: Deoxys|1\/100\n|-damage|p1a: Yveltal|91\/100|[from] item: Life Orb\n|\n|upkeep\n|turn|2\n|\n|t:|1698583348\n|move|p1a: Yveltal|Sucker Punch||[still]\n|-fail|p1a: Yveltal\n|move|p2a: Deoxys|Taunt|p1a: Yveltal\n|-start|p1a: Yveltal|move: Taunt\n|\n|upkeep\n|turn|3\n|\n|t:|1698583359\n|move|p1a: Yveltal|Sucker Punch||[still]\n|-fail|p1a: Yveltal\n|move|p2a: Deoxys|Light Screen|p2a: Deoxys\n|-sidestart|p2: 700club|move: Light Screen\n|\n|upkeep\n|turn|4\n|\n|t:|1698583365\n|move|p2a: Deoxys|Reflect|p2a: Deoxys\n|-sidestart|p2: 700club|Reflect\n|move|p1a: Yveltal|Dark Pulse|p2a: Deoxys\n|-supereffective|p2a: Deoxys\n|-damage|p2a: Deoxys|0 fnt\n|faint|p2a: Deoxys\n|-damage|p1a: Yveltal|81\/100|[from] item: Life Orb\n|\n|upkeep\n|\n|t:|1698583390\n|switch|p2a: Rayquaza|Rayquaza|100\/100\n|-ability|p2a: Rayquaza|Air Lock\n|turn|5\n|\n|t:|1698583398\n|move|p1a: Yveltal|Oblivion Wing|p2a: Rayquaza\n|-damage|p2a: Rayquaza|71\/100\n|-heal|p1a: Yveltal|100\/100|[from] drain|[of] p2a: Rayquaza\n|-damage|p1a: Yveltal|91\/100|[from] item: Life Orb\n|move|p2a: Rayquaza|Dragon Dance|p2a: Rayquaza\n|-boost|p2a: Rayquaza|atk|1\n|-boost|p2a: Rayquaza|spe|1\n|\n|-end|p1a: Yveltal|move: Taunt\n|upkeep\n|turn|6\n|\n|t:|1698583417\n|switch|p1a: Groudon|Groudon|100\/100\n|-damage|p1a: Groudon|94\/100|[from] Stealth Rock\n|detailschange|p1a: Groudon|Groudon-Primal\n|-primal|p1a: Groudon|Red Orb\n|-weather|DesolateLand|[from] ability: Desolate Land|[of] p1a: Groudon\n|move|p2a: Rayquaza|Dragon Ascent|p1a: Groudon\n|-damage|p1a: Groudon|30\/100\n|-unboost|p2a: Rayquaza|def|1\n|-unboost|p2a: Rayquaza|spd|1\n|\n|-weather|DesolateLand|[upkeep]\n|upkeep\n|turn|7\n|\n|t:|1698583436\n|move|p2a: Rayquaza|Dragon Ascent|p1a: Groudon\n|-crit|p1a: Groudon\n|-damage|p1a: Groudon|0 fnt\n|-unboost|p2a: Rayquaza|def|1\n|-unboost|p2a: Rayquaza|spd|1\n|faint|p1a: Groudon\n|-weather|none\n|\n|-sideend|p2: 700club|move: Light Screen\n|upkeep\n|\n|t:|1698583446\n|switch|p1a: Zygarde|Zygarde|100\/100\n|-damage|p1a: Zygarde|94\/100|[from] Stealth Rock\n|turn|8\n|\n|t:|1698583455\n|move|p2a: Rayquaza|Dragon Ascent|p1a: Zygarde\n|-damage|p1a: Zygarde|26\/100\n|-unboost|p2a: Rayquaza|def|1\n|-unboost|p2a: Rayquaza|spd|1\n|move|p1a: Zygarde|Coil|p1a: Zygarde\n|-boost|p1a: Zygarde|atk|1\n|-boost|p1a: Zygarde|def|1\n|-boost|p1a: Zygarde|accuracy|1\n|\n|-sideend|p2: 700club|Reflect\n|-activate|p1a: Zygarde|ability: Power Construct\n|detailschange|p1a: Zygarde|Zygarde-Complete\n|-heal|p1a: Zygarde|51\/100|[silent]\n|upkeep\n|turn|9\n|\n|t:|1698583471\n|move|p1a: Zygarde|Extreme Speed|p2a: Rayquaza\n|-damage|p2a: Rayquaza|0 fnt\n|faint|p2a: Rayquaza\n|\n|upkeep\n|\n|t:|1698583479\n|switch|p2a: Mewtwo|Mewtwo|100\/100\n|-ability|p2a: Mewtwo|Unnerve\n|turn|10\n|\n|t:|1698583485\n|detailschange|p2a: Mewtwo|Mewtwo-Mega-Y\n|-mega|p2a: Mewtwo|Mewtwo|Mewtwonite Y\n|move|p2a: Mewtwo|Ice Beam|p1a: Zygarde\n|-supereffective|p1a: Zygarde\n|-damage|p1a: Zygarde|0 fnt\n|faint|p1a: Zygarde\n|\n|upkeep\n|\n|t:|1698583493\n|switch|p1a: Ho-Oh|Ho-Oh|100\/100\n|turn|11\n|\n|t:|1698583502\n|move|p2a: Mewtwo|Nasty Plot|p2a: Mewtwo\n|-boost|p2a: Mewtwo|spa|2\n|move|p1a: Ho-Oh|Defog|p2a: Mewtwo\n|-unboost|p2a: Mewtwo|evasion|1\n|-sideend|p1: Skrillfury21|Stealth Rock|[from] move: Defog|[of] p1a: Ho-Oh\n|\n|upkeep\n|turn|12\n|\n|t:|1698583521\n|move|p2a: Mewtwo|Psystrike|p1a: Ho-Oh\n|-damage|p1a: Ho-Oh|0 fnt\n|faint|p1a: Ho-Oh\n|\n|upkeep\n|\n|t:|1698583528\n|switch|p1a: Necrozma|Necrozma-Dusk-Mane|100\/100\n|turn|13\n|\n|t:|1698583533\n|move|p2a: Mewtwo|Fire Blast|p1a: Necrozma\n|-supereffective|p1a: Necrozma\n|-damage|p1a: Necrozma|0 fnt\n|faint|p1a: Necrozma\n|\n|upkeep\n|-message|Skrillfury21 forfeited.\n|\n|win|700club\n|raw|Skrillfury21's rating: 1275 &rarr; <strong>1247<\/strong><br \/>(-28 for losing)\n|raw|700club's rating: 1232 &rarr; <strong>1260<\/strong><br \/>(+28 for winning)\n|l|\u2606Skrillfury21\n","uploadtime":1698583543,"views":11,"p1id":"skrillfury21","p2id":"700club","formatid":"gen9nationaldexubers","rating":1247,"private":0,"password":""}