{"id":"gen9nationaldexubers-1996511286","p1":"Morohathepupper","p2":"phalap","format":"[Gen 9] National Dex Ubers","log":"|j|\u2606Morohathepupper\n|j|\u2606phalap\n|t:|1700689182\n|gametype|singles\n|player|p1|Morohathepupper|gambler|1445\n|player|p2|phalap|lucas|1373\n|teamsize|p1|6\n|teamsize|p2|6\n|gen|9\n|tier|[Gen 9] National Dex Ubers\n|rated|\n|rule|HP Percentage Mod: HP is shown in percentages\n|rule|Endless Battle Clause: Forcing endless battles is banned\n|rule|OHKO Clause: OHKO moves are banned\n|rule|Evasion Moves Clause: Evasion moves are banned\n|rule|Evasion Items Clause: Evasion items are banned\n|rule|Species Clause: Limit one of each Pok\u00e9mon\n|rule|Sleep Clause Mod: Limit one foe put to sleep\n|rule|Mega Rayquaza Clause: You cannot mega evolve Rayquaza\n|clearpoke\n|poke|p1|Shuckle, F|\n|poke|p1|Pyukumuku, F|\n|poke|p1|Groudon|\n|poke|p1|Necrozma-Dusk-Mane|\n|poke|p1|Zygarde|\n|poke|p1|Yveltal|\n|poke|p2|Kyogre|\n|poke|p2|Zacian-*|\n|poke|p2|Shuckle, F|\n|poke|p2|Groudon|\n|poke|p2|Arceus|\n|poke|p2|Rayquaza|\n|teampreview\n|inactive|Battle timer is ON: inactive players will automatically lose when time's up. (requested by phalap)\n|c|\u2606Morohathepupper|Oh hi again\n|c|\u2606phalap|hello\n|c|\u2606Morohathepupper|I see you got the shuckle\n|c|\u2606phalap|I do\n|inactive|Morohathepupper has 120 seconds left.\n|\n|t:|1700689214\n|start\n|switch|p1a: held pdons mantle|Yveltal|100\/100\n|switch|p2a: Shuckle|Shuckle, F|100\/100\n|-ability|p1a: held pdons mantle|Dark Aura\n|turn|1\n|\n|t:|1700689220\n|switch|p1a: Necrozma|Necrozma-Dusk-Mane|100\/100\n|move|p2a: Shuckle|Toxic|p1a: Necrozma\n|-immune|p1a: Necrozma\n|\n|upkeep\n|turn|2\n|\n|t:|1700689226\n|switch|p2a: Groudon|Groudon|100\/100\n|detailschange|p2a: Groudon|Groudon-Primal\n|-primal|p2a: Groudon|Red Orb\n|-weather|DesolateLand|[from] ability: Desolate Land|[of] p2a: Groudon\n|move|p1a: Necrozma|Sunsteel Strike|p2a: Groudon\n|-resisted|p2a: Groudon\n|-damage|p2a: Groudon|77\/100\n|\n|-weather|DesolateLand|[upkeep]\n|upkeep\n|turn|3\n|\n|t:|1700689236\n|detailschange|p1a: Necrozma|Necrozma-Ultra\n|-burst|p1a: Necrozma|Necrozma|Ultranecrozium Z\n|move|p1a: Necrozma|Dragon Dance|p1a: Necrozma\n|-boost|p1a: Necrozma|atk|1\n|-boost|p1a: Necrozma|spe|1\n|move|p2a: Groudon|Heat Crash|p1a: Necrozma\n|-resisted|p1a: Necrozma\n|-damage|p1a: Necrozma|46\/100\n|\n|-weather|DesolateLand|[upkeep]\n|upkeep\n|turn|4\n|\n|t:|1700689247\n|move|p1a: Necrozma|Photon Geyser|p2a: Groudon\n|-damage|p2a: Groudon|2\/100\n|move|p2a: Groudon|Heat Crash|p1a: Necrozma\n|-resisted|p1a: Necrozma\n|-damage|p1a: Necrozma|0 fnt\n|faint|p1a: Necrozma\n|\n|-weather|DesolateLand|[upkeep]\n|upkeep\n|c|\u2606Morohathepupper|Ah dang rolled low\n|c|\u2606phalap|I am guessing you lost the roll\n|c|\u2606phalap|that sucks\n|c|\u2606Morohathepupper|Yeah\n|inactive|Morohathepupper has 120 seconds left.\n|\n|t:|1700689277\n|switch|p1a: Pyukumuku|Pyukumuku, F|100\/100\n|turn|5\n|c|\u2606phalap|well it could be lower\n|\n|t:|1700689290\n|move|p2a: Groudon|Heat Crash|p1a: Pyukumuku\n|-resisted|p1a: Pyukumuku\n|-damage|p1a: Pyukumuku|46\/100\n|move|p1a: Pyukumuku|Reflect|p1a: Pyukumuku\n|-sidestart|p1: Morohathepupper|Reflect\n|\n|-weather|DesolateLand|[upkeep]\n|-heal|p1a: Pyukumuku|52\/100|[from] item: Leftovers\n|upkeep\n|turn|6\n|c|\u2606Morohathepupper|Ikr\n|\n|t:|1700689298\n|move|p2a: Groudon|Stealth Rock|p1a: Pyukumuku\n|-sidestart|p1: Morohathepupper|move: Stealth Rock\n|move|p1a: Pyukumuku|Recover|p1a: Pyukumuku\n|-heal|p1a: Pyukumuku|100\/100\n|\n|-weather|DesolateLand|[upkeep]\n|upkeep\n|turn|7\n|\n|t:|1700689308\n|move|p2a: Groudon|Heat Crash|p1a: Pyukumuku\n|-resisted|p1a: Pyukumuku\n|-damage|p1a: Pyukumuku|72\/100\n|move|p1a: Pyukumuku|Toxic|p2a: Groudon\n|-status|p2a: Groudon|tox\n|\n|-weather|DesolateLand|[upkeep]\n|-heal|p1a: Pyukumuku|79\/100|[from] item: Leftovers\n|-damage|p2a: Groudon|0 fnt|[from] psn\n|faint|p2a: Groudon\n|-weather|none\n|upkeep\n|\n|t:|1700689314\n|switch|p2a: Shuckle|Shuckle, F|100\/100\n|turn|8\n|\n|t:|1700689321\n|-terastallize|p1a: Pyukumuku|Poison\n|move|p2a: Shuckle|Knock Off|p1a: Pyukumuku\n|-damage|p1a: Pyukumuku|76\/100\n|-enditem|p1a: Pyukumuku|Leftovers|[from] move: Knock Off|[of] p2a: Shuckle\n|move|p1a: Pyukumuku|Toxic|p2a: Shuckle\n|-status|p2a: Shuckle|tox\n|\n|-damage|p2a: Shuckle|94\/100 tox|[from] psn\n|upkeep\n|turn|9\n|\n|t:|1700689339\n|move|p2a: Shuckle|Sticky Web|p1a: Pyukumuku\n|-sidestart|p1: Morohathepupper|move: Sticky Web\n|move|p1a: Pyukumuku|Reflect||[still]\n|-fail|p1a: Pyukumuku\n|\n|-damage|p2a: Shuckle|82\/100 tox|[from] psn\n|-sideend|p1: Morohathepupper|Reflect\n|upkeep\n|turn|10\n|\n|t:|1700689353\n|switch|p2a: Arceus|Arceus|100\/100\n|move|p1a: Pyukumuku|Reflect|p1a: Pyukumuku\n|-sidestart|p1: Morohathepupper|Reflect\n|\n|upkeep\n|turn|11\n|\n|t:|1700689360\n|move|p2a: Arceus|Swords Dance|p2a: Arceus\n|-boost|p2a: Arceus|atk|2\n|move|p1a: Pyukumuku|Toxic|p2a: Arceus\n|-status|p2a: Arceus|tox\n|-enditem|p2a: Arceus|Lum Berry|[eat]\n|-curestatus|p2a: Arceus|tox|[msg]\n|\n|upkeep\n|turn|12\n|c|\u2606Morohathepupper|Btw unaware\n|\n|t:|1700689374\n|-terastallize|p2a: Arceus|Normal\n|move|p2a: Arceus|Extreme Speed|p1a: Pyukumuku\n|-damage|p1a: Pyukumuku|49\/100\n|move|p1a: Pyukumuku|Toxic|p2a: Arceus\n|-status|p2a: Arceus|tox\n|\n|-damage|p2a: Arceus|94\/100 tox|[from] psn\n|upkeep\n|turn|13\n|c|\u2606phalap|I did not know that it got unaware\n|c|\u2606phalap|thanks for the info\n|\n|t:|1700689398\n|switch|p2a: Zacian|Zacian-Crowned|100\/100\n|-ability|p2a: Zacian|Intrepid Sword|boost\n|-boost|p2a: Zacian|atk|1\n|move|p1a: Pyukumuku|Recover|p1a: Pyukumuku\n|-heal|p1a: Pyukumuku|99\/100\n|\n|upkeep\n|turn|14\n|c|\u2606Morohathepupper|Yeah hidden ability would you like the poke paste for this and the team\n|\n|t:|1700689421\n|move|p2a: Zacian|Sacred Sword|p1a: Pyukumuku\n|-resisted|p1a: Pyukumuku\n|-damage|p1a: Pyukumuku|92\/100\n|move|p1a: Pyukumuku|Soak|p2a: Zacian\n|-start|p2a: Zacian|typechange|Water\n|\n|-sideend|p1: Morohathepupper|Reflect\n|upkeep\n|turn|15\n|c|\u2606phalap|I should be fine without it\n|\n|t:|1700689442\n|switch|p2a: Shuckle|Shuckle, F|82\/100 tox\n|move|p1a: Pyukumuku|Reflect|p1a: Pyukumuku\n|-sidestart|p1: Morohathepupper|Reflect\n|\n|-damage|p2a: Shuckle|76\/100 tox|[from] psn\n|upkeep\n|turn|16\n|\n|t:|1700689456\n|switch|p2a: Arceus|Arceus, tera:Normal|94\/100 tox\n|move|p1a: Pyukumuku|Soak|p2a: Arceus\n|-fail|p2a: Arceus\n|\n|-damage|p2a: Arceus|88\/100 tox|[from] psn\n|upkeep\n|turn|17\n|\n|t:|1700689465\n|move|p2a: Arceus|Shadow Claw|p1a: Pyukumuku\n|-damage|p1a: Pyukumuku|80\/100\n|move|p1a: Pyukumuku|Reflect||[still]\n|-fail|p1a: Pyukumuku\n|\n|-damage|p2a: Arceus|76\/100 tox|[from] psn\n|upkeep\n|turn|18\n|\n|t:|1700689476\n|switch|p2a: Zacian|Zacian-Crowned|100\/100\n|move|p1a: Pyukumuku|Soak|p2a: Zacian\n|-start|p2a: Zacian|typechange|Water\n|\n|upkeep\n|turn|19\n|\n|t:|1700689487\n|switch|p2a: Shuckle|Shuckle, F|76\/100 tox\n|move|p1a: Pyukumuku|Toxic|p2a: Shuckle\n|-fail|p2a: Shuckle|tox\n|\n|-damage|p2a: Shuckle|70\/100 tox|[from] psn\n|-sideend|p1: Morohathepupper|Reflect\n|upkeep\n|turn|20\n|\n|t:|1700689508\n|switch|p2a: Zacian|Zacian-Crowned|100\/100\n|move|p1a: Pyukumuku|Reflect|p1a: Pyukumuku\n|-sidestart|p1: Morohathepupper|Reflect\n|\n|upkeep\n|turn|21\n|c|\u2606Morohathepupper|As you can tell I\u2019m just preventing pp lose\n|\n|t:|1700689518\n|move|p2a: Zacian|Wild Charge|p1a: Pyukumuku\n|-damage|p1a: Pyukumuku|64\/100\n|-damage|p2a: Zacian|96\/100|[from] Recoil\n|move|p1a: Pyukumuku|Soak|p2a: Zacian\n|-start|p2a: Zacian|typechange|Water\n|\n|upkeep\n|turn|22\n|c|\u2606phalap|yea I'm trying to stall out the pp\n|\n|t:|1700689535\n|switch|p2a: Shuckle|Shuckle, F|70\/100 tox\n|move|p1a: Pyukumuku|Toxic|p2a: Shuckle\n|-fail|p2a: Shuckle|tox\n|\n|-damage|p2a: Shuckle|63\/100 tox|[from] psn\n|upkeep\n|turn|23\n|c|\u2606phalap|kinda have to otherwise I lose to toxic\n|c|\u2606Morohathepupper|That\u2019s why I\u2019m using reflect in between\n|c|\u2606phalap|makes sense\n|\n|t:|1700689556\n|switch|p2a: Zacian|Zacian-Crowned|96\/100\n|move|p1a: Pyukumuku|Soak|p2a: Zacian\n|-start|p2a: Zacian|typechange|Water\n|\n|upkeep\n|turn|24\n|\n|t:|1700689567\n|switch|p2a: Arceus|Arceus, tera:Normal|76\/100 tox\n|move|p1a: Pyukumuku|Toxic|p2a: Arceus\n|-fail|p2a: Arceus|tox\n|\n|-damage|p2a: Arceus|70\/100 tox|[from] psn\n|-sideend|p1: Morohathepupper|Reflect\n|upkeep\n|turn|25\n|\n|t:|1700689576\n|switch|p2a: Zacian|Zacian-Crowned|96\/100\n|move|p1a: Pyukumuku|Reflect|p1a: Pyukumuku\n|-sidestart|p1: Morohathepupper|Reflect\n|\n|upkeep\n|turn|26\n|\n|t:|1700689587\n|move|p2a: Zacian|Swords Dance|p2a: Zacian\n|-boost|p2a: Zacian|atk|2\n|move|p1a: Pyukumuku|Soak|p2a: Zacian\n|-start|p2a: Zacian|typechange|Water\n|\n|upkeep\n|turn|27\n|\n|t:|1700689595\n|switch|p2a: Arceus|Arceus, tera:Normal|70\/100 tox\n|move|p1a: Pyukumuku|Toxic|p2a: Arceus\n|-fail|p2a: Arceus|tox\n|\n|-damage|p2a: Arceus|64\/100 tox|[from] psn\n|upkeep\n|turn|28\n|\n|t:|1700689610\n|switch|p2a: Zacian|Zacian-Crowned|96\/100\n|move|p1a: Pyukumuku|Soak|p2a: Zacian\n|-start|p2a: Zacian|typechange|Water\n|\n|upkeep\n|turn|29\n|\n|t:|1700689619\n|switch|p2a: Shuckle|Shuckle, F|63\/100 tox\n|move|p1a: Pyukumuku|Toxic|p2a: Shuckle\n|-fail|p2a: Shuckle|tox\n|\n|-damage|p2a: Shuckle|57\/100 tox|[from] psn\n|-sideend|p1: Morohathepupper|Reflect\n|upkeep\n|turn|30\n|\n|t:|1700689634\n|switch|p2a: Zacian|Zacian-Crowned|96\/100\n|move|p1a: Pyukumuku|Reflect|p1a: Pyukumuku\n|-sidestart|p1: Morohathepupper|Reflect\n|\n|upkeep\n|turn|31\n|c|\u2606Morohathepupper|Pyuku being Chad for a day he needed the love\n|\n|t:|1700689659\n|switch|p1a: Groudon|Groudon|100\/100\n|-damage|p1a: Groudon|94\/100|[from] Stealth Rock\n|-activate|p1a: Groudon|move: Sticky Web\n|-unboost|p1a: Groudon|spe|1\n|detailschange|p1a: Groudon|Groudon-Primal\n|-primal|p1a: Groudon|Red Orb\n|-weather|DesolateLand|[from] ability: Desolate Land|[of] p1a: Groudon\n|move|p2a: Zacian|Swords Dance|p2a: Zacian\n|-boost|p2a: Zacian|atk|2\n|\n|-weather|DesolateLand|[upkeep]\n|upkeep\n|turn|32\n|c|\u2606phalap|everyone hates him\n|c|\u2606phalap|but we love him\n|inactive|Morohathepupper has 120 seconds left.\n|\n|t:|1700689679\n|switch|p2a: Rayquaza|Rayquaza|100\/100\n|-ability|p2a: Rayquaza|Air Lock\n|move|p1a: Groudon|Fire Punch|p2a: Rayquaza\n|-resisted|p2a: Rayquaza\n|-damage|p2a: Rayquaza|71\/100\n|-status|p2a: Rayquaza|brn\n|\n|-weather|DesolateLand|[upkeep]\n|-damage|p2a: Rayquaza|65\/100 brn|[from] brn\n|upkeep\n|turn|33\n|c|\u2606phalap|burn moment\n|c|\u2606Morohathepupper|I had to switch was going no where\n|inactive|Morohathepupper has 120 seconds left.\n|\n|t:|1700689692\n|move|p2a: Rayquaza|Surf|p1a: Groudon\n|-supereffective|p1a: Groudon\n|-damage|p1a: Groudon|0 fnt\n|faint|p1a: Groudon\n|-weather|none\n|-damage|p2a: Rayquaza|55\/100 brn|[from] item: Life Orb\n|\n|-damage|p2a: Rayquaza|49\/100 brn|[from] brn\n|upkeep\n|c|\u2606Morohathepupper|Yeh\n|inactive|Morohathepupper has 120 seconds left.\n|c|\u2606phalap|yea\n|c|\u2606phalap|makes sense\n|\n|t:|1700689708\n|switch|p1a: beefasaurus rex|Zygarde|100\/100\n|-damage|p1a: beefasaurus rex|94\/100|[from] Stealth Rock\n|-activate|p1a: beefasaurus rex|move: Sticky Web\n|-unboost|p1a: beefasaurus rex|spe|1\n|turn|34\n|\n|t:|1700689715\n|move|p2a: Rayquaza|Draco Meteor|p1a: beefasaurus rex\n|-supereffective|p1a: beefasaurus rex\n|-damage|p1a: beefasaurus rex|0 fnt\n|-unboost|p2a: Rayquaza|spa|2\n|faint|p1a: beefasaurus rex\n|-damage|p2a: Rayquaza|39\/100 brn|[from] item: Life Orb\n|\n|-damage|p2a: Rayquaza|33\/100 brn|[from] brn\n|-sideend|p1: Morohathepupper|Reflect\n|upkeep\n|\n|t:|1700689731\n|switch|p1a: held pdons mantle|Yveltal|100\/100\n|-damage|p1a: held pdons mantle|76\/100|[from] Stealth Rock\n|-ability|p1a: held pdons mantle|Dark Aura\n|turn|35\n|\n|t:|1700689747\n|move|p2a: Rayquaza|Draco Meteor|p1a: held pdons mantle\n|-damage|p1a: held pdons mantle|35\/100\n|-unboost|p2a: Rayquaza|spa|2\n|-damage|p2a: Rayquaza|23\/100 brn|[from] item: Life Orb\n|move|p1a: held pdons mantle|Oblivion Wing|p2a: Rayquaza\n|-damage|p2a: Rayquaza|0 fnt\n|-heal|p1a: held pdons mantle|50\/100|[from] drain|[of] p2a: Rayquaza\n|faint|p2a: Rayquaza\n|-damage|p1a: held pdons mantle|40\/100|[from] item: Life Orb\n|\n|upkeep\n|\n|t:|1700689752\n|switch|p2a: Zacian|Zacian-Crowned|96\/100\n|turn|36\n|inactive|Morohathepupper has 120 seconds left.\n|\n|t:|1700689770\n|switch|p1a: Pyukumuku|Pyukumuku, F, tera:Poison|64\/100\n|-damage|p1a: Pyukumuku|52\/100|[from] Stealth Rock\n|-activate|p1a: Pyukumuku|move: Sticky Web\n|-unboost|p1a: Pyukumuku|spe|1\n|move|p2a: Zacian|Play Rough|p1a: Pyukumuku|[miss]\n|-miss|p2a: Zacian|p1a: Pyukumuku\n|\n|upkeep\n|turn|37\n|\n|t:|1700689785\n|move|p2a: Zacian|Sacred Sword|p1a: Pyukumuku\n|-resisted|p1a: Pyukumuku\n|-crit|p1a: Pyukumuku\n|-damage|p1a: Pyukumuku|29\/100\n|move|p1a: Pyukumuku|Reflect|p1a: Pyukumuku\n|-sidestart|p1: Morohathepupper|Reflect\n|\n|upkeep\n|turn|38\n|inactive|Morohathepupper has 120 seconds left.\n|\n|t:|1700689792\n|move|p2a: Zacian|Sacred Sword|p1a: Pyukumuku\n|-resisted|p1a: Pyukumuku\n|-damage|p1a: Pyukumuku|21\/100\n|move|p1a: Pyukumuku|Recover|p1a: Pyukumuku\n|-heal|p1a: Pyukumuku|71\/100\n|\n|upkeep\n|turn|39\n|c|\u2606Morohathepupper|Ah he\u2019s breaking\n|inactive|Morohathepupper has 120 seconds left.\n|\n|t:|1700689803\n|move|p2a: Zacian|Wild Charge|p1a: Pyukumuku\n|-damage|p1a: Pyukumuku|56\/100\n|-damage|p2a: Zacian|93\/100|[from] Recoil\n|move|p1a: Pyukumuku|Soak|p2a: Zacian\n|-start|p2a: Zacian|typechange|Water\n|\n|upkeep\n|turn|40\n|c|\u2606phalap|I sorta am\n|\n|t:|1700689816\n|switch|p2a: Shuckle|Shuckle, F|57\/100 tox\n|move|p1a: Pyukumuku|Toxic|p2a: Shuckle\n|-fail|p2a: Shuckle|tox\n|\n|-damage|p2a: Shuckle|51\/100 tox|[from] psn\n|upkeep\n|turn|41\n|c|\u2606phalap|I was surprised you didn\n|c|\u2606Morohathepupper|I am more\n|c|\u2606phalap|didn't soak\n|inactive|Morohathepupper has 120 seconds left.\n|c|\u2606phalap|we both are breaking\n|c|\u2606Morohathepupper|I did just in between\n|c|\u2606phalap|battle of wills\n|\n|t:|1700689844\n|switch|p2a: Arceus|Arceus, tera:Normal|64\/100 tox\n|move|p1a: Pyukumuku|Recover|p1a: Pyukumuku\n|-heal|p1a: Pyukumuku|100\/100\n|\n|-damage|p2a: Arceus|58\/100 tox|[from] psn\n|-sideend|p1: Morohathepupper|Reflect\n|upkeep\n|turn|42\n|\n|t:|1700689855\n|switch|p2a: Zacian|Zacian-Crowned|93\/100\n|move|p1a: Pyukumuku|Reflect|p1a: Pyukumuku\n|-sidestart|p1: Morohathepupper|Reflect\n|\n|upkeep\n|turn|43\n|\n|t:|1700689866\n|move|p2a: Zacian|Play Rough|p1a: Pyukumuku\n|-resisted|p1a: Pyukumuku\n|-damage|p1a: Pyukumuku|89\/100\n|move|p1a: Pyukumuku|Soak|p2a: Zacian\n|-start|p2a: Zacian|typechange|Water\n|\n|upkeep\n|turn|44\n|\n|t:|1700689872\n|switch|p2a: Shuckle|Shuckle, F|51\/100 tox\n|move|p1a: Pyukumuku|Toxic|p2a: Shuckle\n|-fail|p2a: Shuckle|tox\n|\n|-damage|p2a: Shuckle|45\/100 tox|[from] psn\n|upkeep\n|turn|45\n|\n|t:|1700689876\n|switch|p2a: Zacian|Zacian-Crowned|93\/100\n|move|p1a: Pyukumuku|Soak|p2a: Zacian\n|-start|p2a: Zacian|typechange|Water\n|\n|upkeep\n|turn|46\n|\n|t:|1700689888\n|switch|p2a: Shuckle|Shuckle, F|45\/100 tox\n|move|p1a: Pyukumuku|Recover|p1a: Pyukumuku\n|-heal|p1a: Pyukumuku|100\/100\n|\n|-damage|p2a: Shuckle|39\/100 tox|[from] psn\n|-sideend|p1: Morohathepupper|Reflect\n|upkeep\n|turn|47\n|\n|t:|1700689896\n|switch|p2a: Arceus|Arceus, tera:Normal|58\/100 tox\n|move|p1a: Pyukumuku|Reflect|p1a: Pyukumuku\n|-sidestart|p1: Morohathepupper|Reflect\n|\n|-damage|p2a: Arceus|52\/100 tox|[from] psn\n|upkeep\n|turn|48\n|\n|t:|1700689905\n|switch|p2a: Zacian|Zacian-Crowned|93\/100\n|move|p1a: Pyukumuku|Soak|p2a: Zacian\n|-start|p2a: Zacian|typechange|Water\n|\n|upkeep\n|turn|49\n|\n|t:|1700689913\n|switch|p2a: Arceus|Arceus, tera:Normal|52\/100 tox\n|move|p1a: Pyukumuku|Reflect||[still]\n|-fail|p1a: Pyukumuku\n|\n|-damage|p2a: Arceus|46\/100 tox|[from] psn\n|upkeep\n|turn|50\n|\n|t:|1700689919\n|move|p2a: Arceus|Recover|p2a: Arceus\n|-heal|p2a: Arceus|96\/100 tox\n|move|p1a: Pyukumuku|Soak|p2a: Arceus\n|-fail|p2a: Arceus\n|\n|-damage|p2a: Arceus|84\/100 tox|[from] psn\n|upkeep\n|turn|51\n|\n|t:|1700689926\n|switch|p2a: Zacian|Zacian-Crowned|93\/100\n|move|p1a: Pyukumuku|Reflect||[still]\n|-fail|p1a: Pyukumuku\n|\n|-sideend|p1: Morohathepupper|Reflect\n|upkeep\n|turn|52\n|\n|t:|1700689935\n|move|p2a: Zacian|Swords Dance|p2a: Zacian\n|-boost|p2a: Zacian|atk|2\n|move|p1a: Pyukumuku|Soak|p2a: Zacian\n|-start|p2a: Zacian|typechange|Water\n|\n|upkeep\n|turn|53\n|\n|t:|1700689943\n|switch|p2a: Shuckle|Shuckle, F|39\/100 tox\n|move|p1a: Pyukumuku|Reflect|p1a: Pyukumuku\n|-sidestart|p1: Morohathepupper|Reflect\n|\n|-damage|p2a: Shuckle|33\/100 tox|[from] psn\n|upkeep\n|turn|54\n|\n|t:|1700689951\n|switch|p2a: Zacian|Zacian-Crowned|93\/100\n|move|p1a: Pyukumuku|Soak|p2a: Zacian\n|-start|p2a: Zacian|typechange|Water\n|\n|upkeep\n|turn|55\n|\n|t:|1700689959\n|switch|p2a: Arceus|Arceus, tera:Normal|84\/100 tox\n|move|p1a: Pyukumuku|Reflect||[still]\n|-fail|p1a: Pyukumuku\n|\n|-damage|p2a: Arceus|78\/100 tox|[from] psn\n|upkeep\n|turn|56\n|\n|t:|1700689965\n|switch|p2a: Zacian|Zacian-Crowned|93\/100\n|move|p1a: Pyukumuku|Soak|p2a: Zacian\n|-start|p2a: Zacian|typechange|Water\n|\n|upkeep\n|turn|57\n|\n|t:|1700689971\n|switch|p2a: Arceus|Arceus, tera:Normal|78\/100 tox\n|move|p1a: Pyukumuku|Reflect||[still]\n|-fail|p1a: Pyukumuku\n|\n|-damage|p2a: Arceus|71\/100 tox|[from] psn\n|-sideend|p1: Morohathepupper|Reflect\n|upkeep\n|turn|58\n|\n|t:|1700689978\n|switch|p2a: Zacian|Zacian-Crowned|93\/100\n|move|p1a: Pyukumuku|Reflect|p1a: Pyukumuku\n|-sidestart|p1: Morohathepupper|Reflect\n|\n|upkeep\n|turn|59\n|\n|t:|1700689986\n|switch|p1a: held pdons mantle|Yveltal|40\/100\n|-damage|p1a: held pdons mantle|15\/100|[from] Stealth Rock\n|-ability|p1a: held pdons mantle|Dark Aura\n|move|p2a: Zacian|Swords Dance|p2a: Zacian\n|-boost|p2a: Zacian|atk|2\n|\n|upkeep\n|turn|60\n|\n|t:|1700690005\n|move|p2a: Zacian|Wild Charge|p1a: held pdons mantle\n|-supereffective|p1a: held pdons mantle\n|-damage|p1a: held pdons mantle|0 fnt\n|faint|p1a: held pdons mantle\n|-damage|p2a: Zacian|89\/100|[from] Recoil\n|\n|upkeep\n|\n|t:|1700690010\n|switch|p1a: Shuckle|Shuckle, F|100\/100\n|-damage|p1a: Shuckle|76\/100|[from] Stealth Rock\n|-activate|p1a: Shuckle|move: Sticky Web\n|-unboost|p1a: Shuckle|spe|1\n|turn|61\n|\n|t:|1700690021\n|move|p2a: Zacian|Sacred Sword|p1a: Shuckle\n|-damage|p1a: Shuckle|45\/100\n|move|p1a: Shuckle|Stealth Rock|p2a: Zacian\n|-sidestart|p2: phalap|move: Stealth Rock\n|\n|upkeep\n|turn|62\n|c|\u2606Morohathepupper|Come on shuck\n|\n|t:|1700690034\n|move|p2a: Zacian|Play Rough|p1a: Shuckle\n|-damage|p1a: Shuckle|0 fnt\n|faint|p1a: Shuckle\n|\n|-sideend|p1: Morohathepupper|Reflect\n|upkeep\n|c|\u2606Morohathepupper|Yay!\n|\n|t:|1700690040\n|switch|p1a: Pyukumuku|Pyukumuku, F, tera:Poison|100\/100\n|-damage|p1a: Pyukumuku|88\/100|[from] Stealth Rock\n|-activate|p1a: Pyukumuku|move: Sticky Web\n|-unboost|p1a: Pyukumuku|spe|1\n|turn|63\n|c|\u2606phalap|HE FOUND THE WEAKNESS\n|c|\u2606phalap|NOOOOO\n|\n|t:|1700690059\n|move|p2a: Zacian|Swords Dance|p2a: Zacian\n|-boost|p2a: Zacian|atk|2\n|move|p1a: Pyukumuku|Reflect|p1a: Pyukumuku\n|-sidestart|p1: Morohathepupper|Reflect\n|\n|upkeep\n|turn|64\n|\n|t:|1700690066\n|move|p2a: Zacian|Play Rough|p1a: Pyukumuku\n|-resisted|p1a: Pyukumuku\n|-crit|p1a: Pyukumuku\n|-damage|p1a: Pyukumuku|52\/100\n|move|p1a: Pyukumuku|Soak|p2a: Zacian\n|-start|p2a: Zacian|typechange|Water\n|\n|upkeep\n|turn|65\n|\n|t:|1700690075\n|switch|p2a: Arceus|Arceus, tera:Normal|71\/100 tox\n|-damage|p2a: Arceus|59\/100 tox|[from] Stealth Rock\n|move|p1a: Pyukumuku|Toxic|p2a: Arceus\n|-fail|p2a: Arceus|tox\n|\n|-damage|p2a: Arceus|53\/100 tox|[from] psn\n|upkeep\n|turn|66\n|\n|t:|1700690085\n|move|p2a: Arceus|Shadow Claw|p1a: Pyukumuku\n|-damage|p1a: Pyukumuku|41\/100\n|move|p1a: Pyukumuku|Soak|p2a: Arceus\n|-fail|p2a: Arceus\n|\n|-damage|p2a: Arceus|41\/100 tox|[from] psn\n|upkeep\n|turn|67\n|\n|t:|1700690096\n|move|p2a: Arceus|Recover|p2a: Arceus\n|-heal|p2a: Arceus|91\/100 tox\n|move|p1a: Pyukumuku|Recover|p1a: Pyukumuku\n|-heal|p1a: Pyukumuku|91\/100\n|\n|-damage|p2a: Arceus|73\/100 tox|[from] psn\n|-sideend|p1: Morohathepupper|Reflect\n|upkeep\n|turn|68\n|\n|t:|1700690102\n|switch|p2a: Kyogre|Kyogre|100\/100\n|-damage|p2a: Kyogre|88\/100|[from] Stealth Rock\n|detailschange|p2a: Kyogre|Kyogre-Primal\n|-primal|p2a: Kyogre|Blue Orb\n|-weather|PrimordialSea|[from] ability: Primordial Sea|[of] p2a: Kyogre\n|move|p1a: Pyukumuku|Reflect|p1a: Pyukumuku\n|-sidestart|p1: Morohathepupper|Reflect\n|\n|-weather|PrimordialSea|[upkeep]\n|upkeep\n|turn|69\n|c|\u2606Morohathepupper|Rip pyuku 2023\n|\n|t:|1700690113\n|move|p2a: Kyogre|Origin Pulse|p1a: Pyukumuku\n|-damage|p1a: Pyukumuku|8\/100\n|move|p1a: Pyukumuku|Toxic|p2a: Kyogre\n|-status|p2a: Kyogre|tox\n|\n|-weather|PrimordialSea|[upkeep]\n|-damage|p2a: Kyogre|82\/100 tox|[from] psn\n|upkeep\n|turn|70\n|c|\u2606Morohathepupper|Oh god\n|c|\u2606phalap|that does a lot\n|c|\u2606Morohathepupper|I forgot Kyogre is strong without buffs\n|inactive|Morohathepupper has 120 seconds left.\n|\n|t:|1700690146\n|move|p2a: Kyogre|Thunder|p1a: Pyukumuku\n|-damage|p1a: Pyukumuku|0 fnt\n|faint|p1a: Pyukumuku\n|\n|win|phalap\n|raw|Morohathepupper's rating: 1445 &rarr; <strong>1421<\/strong><br \/>(-24 for losing)\n|raw|phalap's rating: 1373 &rarr; <strong>1397<\/strong><br \/>(+24 for winning)\n|c|\u2606phalap|yeaaaa\n|c|\u2606phalap|it does a lot\n|c|\u2606Morohathepupper|Gg\n|c|\u2606phalap|gg\n|c|\u2606phalap|very fun\n|c|\u2606phalap|surprisingly\n|l|\u2606phalap\n","uploadtime":1700690172,"views":20,"p1id":"morohathepupper","p2id":"phalap","formatid":"gen9nationaldexubers","rating":1397,"private":0,"password":""}