{"id":"gen9nationaldexubers-1985850705","p1":"hackilla15","p2":"Firekimg1","format":"[Gen 9] National Dex Ubers","log":"|j|\u2606hackilla15\n|j|\u2606Firekimg1\n|t:|1699413119\n|gametype|singles\n|player|p1|hackilla15|ethan|1110\n|player|p2|Firekimg1|265|1142\n|teamsize|p1|6\n|teamsize|p2|6\n|gen|9\n|tier|[Gen 9] National Dex Ubers\n|rated|\n|rule|HP Percentage Mod: HP is shown in percentages\n|rule|Endless Battle Clause: Forcing endless battles is banned\n|rule|OHKO Clause: OHKO moves are banned\n|rule|Evasion Moves Clause: Evasion moves are banned\n|rule|Evasion Items Clause: Evasion items are banned\n|rule|Species Clause: Limit one of each Pok\u00e9mon\n|rule|Sleep Clause Mod: Limit one foe put to sleep\n|rule|Mega Rayquaza Clause: You cannot mega evolve Rayquaza\n|clearpoke\n|poke|p1|Ninetales-Alola, M|\n|poke|p1|Baxcalibur, F|\n|poke|p1|Slowking, M|\n|poke|p1|Arboliva, M|\n|poke|p1|Volcarona, F|\n|poke|p1|Clodsire, F|\n|poke|p2|Yveltal|\n|poke|p2|Darmanitan-Galar, M|\n|poke|p2|Gliscor, M|\n|poke|p2|Dragonite, F|\n|poke|p2|Quaquaval, F|\n|poke|p2|Kyogre|\n|teampreview\n|inactive|Battle timer is ON: inactive players will automatically lose when time's up. (requested by Firekimg1)\n|\n|t:|1699413133\n|start\n|switch|p1a: Clodsire|Clodsire, F|100\/100\n|switch|p2a: Darmanitan|Darmanitan-Galar, M|100\/100\n|turn|1\n|\n|t:|1699413138\n|move|p2a: Darmanitan|Icicle Crash|p1a: Clodsire\n|-supereffective|p1a: Clodsire\n|-damage|p1a: Clodsire|0 fnt\n|faint|p1a: Clodsire\n|\n|upkeep\n|\n|t:|1699413147\n|switch|p1a: Slowking|Slowking, M, shiny|100\/100\n|turn|2\n|\n|t:|1699413157\n|switch|p2a: Yveltal|Yveltal|100\/100\n|-ability|p2a: Yveltal|Dark Aura\n|move|p1a: Slowking|Chilling Water|p2a: Yveltal\n|-damage|p2a: Yveltal|90\/100\n|-unboost|p2a: Yveltal|atk|1\n|\n|upkeep\n|turn|3\n|\n|t:|1699413164\n|switch|p1a: Ninetales|Ninetales-Alola, M|100\/100\n|-weather|Snow|[from] ability: Snow Warning|[of] p1a: Ninetales\n|move|p2a: Yveltal|Dark Pulse|p1a: Ninetales\n|-resisted|p1a: Ninetales\n|-damage|p1a: Ninetales|63\/100\n|\n|-weather|Snow|[upkeep]\n|upkeep\n|turn|4\n|\n|t:|1699413173\n|move|p1a: Ninetales|Calm Mind|p1a: Ninetales\n|-boost|p1a: Ninetales|spa|1\n|-boost|p1a: Ninetales|spd|1\n|move|p2a: Yveltal|Heat Wave|p1a: Ninetales\n|-supereffective|p1a: Ninetales\n|-damage|p1a: Ninetales|6\/100\n|-status|p1a: Ninetales|brn\n|\n|-weather|Snow|[upkeep]\n|-damage|p1a: Ninetales|0 fnt|[from] brn\n|faint|p1a: Ninetales\n|upkeep\n|\n|t:|1699413177\n|switch|p1a: Baxcalibur|Baxcalibur, F|100\/100\n|turn|5\n|\n|t:|1699413182\n|move|p1a: Baxcalibur|Dragon Dance|p1a: Baxcalibur\n|-boost|p1a: Baxcalibur|atk|1\n|-boost|p1a: Baxcalibur|spe|1\n|move|p2a: Yveltal|Heat Wave|p1a: Baxcalibur\n|-damage|p1a: Baxcalibur|62\/100\n|-ability|p1a: Baxcalibur|Thermal Exchange|boost\n|-boost|p1a: Baxcalibur|atk|1\n|\n|-weather|Snow|[upkeep]\n|upkeep\n|turn|6\n|\n|t:|1699413197\n|move|p1a: Baxcalibur|Scale Shot|p2a: Yveltal\n|-damage|p2a: Yveltal|66\/100\n|-damage|p2a: Yveltal|44\/100\n|-damage|p2a: Yveltal|20\/100\n|-damage|p2a: Yveltal|0 fnt\n|faint|p2a: Yveltal\n|-hitcount|p2: Yveltal|4\n|-unboost|p1a: Baxcalibur|def|1\n|-boost|p1a: Baxcalibur|spe|1\n|\n|-weather|Snow|[upkeep]\n|upkeep\n|\n|t:|1699413209\n|switch|p2a: Darmanitan|Darmanitan-Galar, M|100\/100\n|turn|7\n|\n|t:|1699413220\n|move|p1a: Baxcalibur|Scale Shot|p2a: Darmanitan\n|-damage|p2a: Darmanitan|72\/100\n|-damage|p2a: Darmanitan|39\/100\n|-damage|p2a: Darmanitan|7\/100\n|-damage|p2a: Darmanitan|0 fnt\n|faint|p2a: Darmanitan\n|-hitcount|p2: Darmanitan|4\n|-unboost|p1a: Baxcalibur|def|1\n|-boost|p1a: Baxcalibur|spe|1\n|\n|-weather|none\n|upkeep\n|\n|t:|1699413222\n|switch|p2a: Dragonite|Dragonite, F|100\/100\n|turn|8\n|\n|t:|1699413236\n|-terastallize|p2a: Dragonite|Normal\n|move|p2a: Dragonite|Extreme Speed|p1a: Baxcalibur\n|-damage|p1a: Baxcalibur|0 fnt\n|faint|p1a: Baxcalibur\n|\n|upkeep\n|\n|t:|1699413243\n|switch|p1a: Arboliva|Arboliva, M|100\/100\n|turn|9\n|\n|t:|1699413248\n|move|p2a: Dragonite|Extreme Speed|p1a: Arboliva\n|-damage|p1a: Arboliva|59\/100\n|-fieldstart|move: Grassy Terrain|[from] ability: Seed Sower|[of] p1a: Arboliva\n|move|p1a: Arboliva|Strength Sap|p2a: Dragonite\n|-unboost|p2a: Dragonite|atk|1\n|-heal|p1a: Arboliva|100\/100\n|\n|upkeep\n|turn|10\n|\n|t:|1699413253\n|move|p2a: Dragonite|Dragon Dance|p2a: Dragonite\n|-boost|p2a: Dragonite|atk|1\n|-boost|p2a: Dragonite|spe|1\n|move|p1a: Arboliva|Strength Sap|p2a: Dragonite\n|-unboost|p2a: Dragonite|atk|1\n|\n|upkeep\n|turn|11\n|\n|t:|1699413258\n|move|p2a: Dragonite|Dragon Dance|p2a: Dragonite\n|-boost|p2a: Dragonite|atk|1\n|-boost|p2a: Dragonite|spe|1\n|move|p1a: Arboliva|Leech Seed|p2a: Dragonite\n|-start|p2a: Dragonite|move: Leech Seed\n|\n|-damage|p2a: Dragonite|88\/100|[from] Leech Seed|[of] p1a: Arboliva\n|upkeep\n|turn|12\n|\n|t:|1699413265\n|move|p2a: Dragonite|Dragon Dance|p2a: Dragonite\n|-boost|p2a: Dragonite|atk|1\n|-boost|p2a: Dragonite|spe|1\n|move|p1a: Arboliva|Strength Sap|p2a: Dragonite\n|-unboost|p2a: Dragonite|atk|1\n|\n|-heal|p2a: Dragonite|94\/100|[from] Grassy Terrain\n|-damage|p2a: Dragonite|82\/100|[from] Leech Seed|[of] p1a: Arboliva\n|upkeep\n|turn|13\n|\n|t:|1699413273\n|move|p2a: Dragonite|Dragon Claw|p1a: Arboliva\n|-damage|p1a: Arboliva|63\/100\n|move|p1a: Arboliva|Strength Sap|p2a: Dragonite\n|-unboost|p2a: Dragonite|atk|1\n|-heal|p1a: Arboliva|100\/100\n|\n|-heal|p2a: Dragonite|88\/100|[from] Grassy Terrain\n|-damage|p2a: Dragonite|76\/100|[from] Leech Seed|[of] p1a: Arboliva\n|-fieldend|move: Grassy Terrain\n|upkeep\n|turn|14\n|\n|t:|1699413282\n|switch|p2a: Gliscor|Gliscor, M|100\/100\n|move|p1a: Arboliva|Giga Drain|p2a: Gliscor\n|-damage|p2a: Gliscor|45\/100\n|\n|-status|p2a: Gliscor|tox|[from] item: Toxic Orb\n|upkeep\n|turn|15\n|\n|t:|1699413290\n|move|p2a: Gliscor|Toxic Spikes|p1a: Arboliva\n|-sidestart|p1: hackilla15|move: Toxic Spikes\n|move|p1a: Arboliva|Strength Sap|p2a: Gliscor\n|-unboost|p2a: Gliscor|atk|1\n|\n|-heal|p2a: Gliscor|57\/100 tox|[from] ability: Poison Heal\n|upkeep\n|turn|16\n|\n|t:|1699413298\n|move|p2a: Gliscor|Toxic Spikes|p1a: Arboliva\n|-sidestart|p1: hackilla15|move: Toxic Spikes\n|move|p1a: Arboliva|Giga Drain|p2a: Gliscor\n|-damage|p2a: Gliscor|6\/100 tox\n|\n|-heal|p2a: Gliscor|19\/100 tox|[from] ability: Poison Heal\n|upkeep\n|turn|17\n|\n|t:|1699413308\n|move|p2a: Gliscor|Stone Edge|p1a: Arboliva|[miss]\n|-miss|p2a: Gliscor|p1a: Arboliva\n|move|p1a: Arboliva|Giga Drain|p2a: Gliscor\n|-damage|p2a: Gliscor|0 fnt\n|faint|p2a: Gliscor\n|\n|upkeep\n|\n|t:|1699413313\n|switch|p2a: Quaquaval|Quaquaval, F|100\/100\n|turn|18\n|\n|t:|1699413316\n|move|p2a: Quaquaval|Brave Bird|p1a: Arboliva\n|-supereffective|p1a: Arboliva\n|-damage|p1a: Arboliva|37\/100\n|-fieldstart|move: Grassy Terrain|[from] ability: Seed Sower|[of] p1a: Arboliva\n|-damage|p2a: Quaquaval|76\/100|[from] Recoil\n|move|p1a: Arboliva|Strength Sap|p2a: Quaquaval\n|-unboost|p2a: Quaquaval|atk|1\n|-heal|p1a: Arboliva|100\/100\n|\n|-heal|p2a: Quaquaval|82\/100|[from] Grassy Terrain\n|upkeep\n|turn|19\n|\n|t:|1699413338\n|move|p2a: Quaquaval|Brick Break|p1a: Arboliva\n|-supereffective|p1a: Arboliva\n|-damage|p1a: Arboliva|57\/100\n|move|p1a: Arboliva|Strength Sap|p2a: Quaquaval\n|-unboost|p2a: Quaquaval|atk|1\n|-heal|p1a: Arboliva|100\/100\n|\n|-heal|p2a: Quaquaval|88\/100|[from] Grassy Terrain\n|upkeep\n|turn|20\n|c|\u2606Firekimg1|Anoying\n|inactive|hackilla15 has 120 seconds left.\n|\n|t:|1699413358\n|switch|p2a: Dragonite|Dragonite, F, tera:Normal|76\/100\n|move|p1a: Arboliva|Leech Seed|p2a: Dragonite|[miss]\n|-miss|p1a: Arboliva|p2a: Dragonite\n|\n|-heal|p2a: Dragonite|82\/100|[from] Grassy Terrain\n|upkeep\n|turn|21\n|\n|t:|1699413364\n|move|p2a: Dragonite|Dragon Dance|p2a: Dragonite\n|-boost|p2a: Dragonite|atk|1\n|-boost|p2a: Dragonite|spe|1\n|move|p1a: Arboliva|Strength Sap|p2a: Dragonite\n|-unboost|p2a: Dragonite|atk|1\n|\n|-heal|p2a: Dragonite|88\/100|[from] Grassy Terrain\n|upkeep\n|turn|22\n|\n|t:|1699413367\n|move|p2a: Dragonite|Dragon Dance|p2a: Dragonite\n|-boost|p2a: Dragonite|atk|1\n|-boost|p2a: Dragonite|spe|1\n|move|p1a: Arboliva|Leech Seed|p2a: Dragonite\n|-start|p2a: Dragonite|move: Leech Seed\n|\n|-heal|p2a: Dragonite|94\/100|[from] Grassy Terrain\n|-damage|p2a: Dragonite|82\/100|[from] Leech Seed|[of] p1a: Arboliva\n|-fieldend|move: Grassy Terrain\n|upkeep\n|turn|23\n|\n|t:|1699413378\n|move|p2a: Dragonite|Extreme Speed|p1a: Arboliva\n|-damage|p1a: Arboliva|46\/100\n|-fieldstart|move: Grassy Terrain|[from] ability: Seed Sower|[of] p1a: Arboliva\n|move|p1a: Arboliva|Giga Drain|p2a: Dragonite\n|-damage|p2a: Dragonite|31\/100\n|-heal|p1a: Arboliva|69\/100|[from] drain|[of] p2a: Dragonite\n|-enditem|p2a: Dragonite|Red Card|[of] p1a: Arboliva\n|drag|p1a: Slowking|Slowking, M, shiny|100\/100\n|-status|p1a: Slowking|tox\n|\n|-heal|p2a: Dragonite|37\/100|[from] Grassy Terrain\n|-damage|p2a: Dragonite|24\/100|[from] Leech Seed|[of] p1a: Slowking\n|-damage|p1a: Slowking|94\/100 tox|[from] psn\n|upkeep\n|turn|24\n|\n|t:|1699413394\n|move|p2a: Dragonite|Extreme Speed|p1a: Slowking\n|-damage|p1a: Slowking|31\/100 tox\n|move|p1a: Slowking|Chilling Water|p2a: Dragonite\n|-damage|p2a: Dragonite|4\/100\n|-unboost|p2a: Dragonite|atk|1\n|\n|-heal|p2a: Dragonite|10\/100|[from] Grassy Terrain\n|-heal|p1a: Slowking|37\/100 tox|[from] Grassy Terrain\n|-damage|p2a: Dragonite|0 fnt|[from] Leech Seed|[of] p1a: Slowking\n|-heal|p1a: Slowking|45\/100 tox|[silent]\n|faint|p2a: Dragonite\n|-damage|p1a: Slowking|33\/100 tox|[from] psn\n|upkeep\n|\n|t:|1699413398\n|switch|p2a: Quaquaval|Quaquaval, F|88\/100\n|turn|25\n|\n|t:|1699413403\n|move|p2a: Quaquaval|Aqua Step|p1a: Slowking\n|-resisted|p1a: Slowking\n|-damage|p1a: Slowking|15\/100 tox\n|-boost|p2a: Quaquaval|spe|1\n|move|p1a: Slowking|Psychic|p2a: Quaquaval\n|-supereffective|p2a: Quaquaval\n|-damage|p2a: Quaquaval|0 fnt\n|faint|p2a: Quaquaval\n|\n|-heal|p1a: Slowking|22\/100 tox|[from] Grassy Terrain\n|-damage|p1a: Slowking|3\/100 tox|[from] psn\n|upkeep\n|\n|t:|1699413408\n|switch|p2a: Kyogre|Kyogre|100\/100\n|detailschange|p2a: Kyogre|Kyogre-Primal\n|-primal|p2a: Kyogre|Blue Orb\n|-weather|PrimordialSea|[from] ability: Primordial Sea|[of] p2a: Kyogre\n|turn|26\n|\n|t:|1699413414\n|move|p2a: Kyogre|Thunder|p1a: Slowking\n|-supereffective|p1a: Slowking\n|-damage|p1a: Slowking|0 fnt\n|faint|p1a: Slowking\n|\n|-weather|PrimordialSea|[upkeep]\n|upkeep\n|\n|t:|1699413417\n|switch|p1a: Volcarona|Volcarona, F, shiny|100\/100\n|turn|27\n|\n|t:|1699413424\n|-terastallize|p1a: Volcarona|Grass\n|move|p2a: Kyogre|Origin Pulse|p1a: Volcarona\n|-resisted|p1a: Volcarona\n|-damage|p1a: Volcarona|46\/100\n|move|p1a: Volcarona|Quiver Dance|p1a: Volcarona\n|-boost|p1a: Volcarona|spa|1\n|-boost|p1a: Volcarona|spd|1\n|-boost|p1a: Volcarona|spe|1\n|\n|-weather|PrimordialSea|[upkeep]\n|-heal|p1a: Volcarona|52\/100|[from] Grassy Terrain\n|-fieldend|move: Grassy Terrain\n|upkeep\n|turn|28\n|\n|t:|1699413430\n|move|p1a: Volcarona|Giga Drain|p2a: Kyogre\n|-supereffective|p2a: Kyogre\n|-damage|p2a: Kyogre|22\/100\n|-heal|p1a: Volcarona|91\/100|[from] drain|[of] p2a: Kyogre\n|move|p2a: Kyogre|Ice Beam|p1a: Volcarona\n|-supereffective|p1a: Volcarona\n|-damage|p1a: Volcarona|39\/100\n|\n|-weather|PrimordialSea|[upkeep]\n|upkeep\n|turn|29\n|\n|t:|1699413432\n|move|p1a: Volcarona|Giga Drain|p2a: Kyogre\n|-supereffective|p2a: Kyogre\n|-damage|p2a: Kyogre|0 fnt\n|-heal|p1a: Volcarona|50\/100|[from] drain|[of] p2a: Kyogre\n|faint|p2a: Kyogre\n|-weather|none\n|\n|win|hackilla15\n|raw|hackilla15's rating: 1110 &rarr; <strong>1137<\/strong><br \/>(+27 for winning)\n|raw|Firekimg1's rating: 1142 &rarr; <strong>1115<\/strong><br \/>(-27 for losing)\n|l|\u2606Firekimg1\n","uploadtime":1699413446,"views":7,"p1id":"hackilla15","p2id":"firekimg1","formatid":"gen9nationaldexubers","rating":1115,"private":0,"password":""}