{"id":"gen9nationaldexubers-1979150887","p1":"Steven Stone 007","p2":"Just B3A$T","format":"[Gen 9] National Dex Ubers","log":"|j|\u2606Steven Stone 007\n|j|\u2606Just B3A$T\n|t:|1698639536\n|gametype|singles\n|player|p1|Steven Stone 007|steven|\n|player|p2|Just B3A$T|noland|\n|teamsize|p1|6\n|teamsize|p2|6\n|gen|9\n|tier|[Gen 9] National Dex Ubers\n|rule|HP Percentage Mod: HP is shown in percentages\n|rule|Endless Battle Clause: Forcing endless battles is banned\n|rule|OHKO Clause: OHKO moves are banned\n|rule|Evasion Moves Clause: Evasion moves are banned\n|rule|Evasion Items Clause: Evasion items are banned\n|rule|Species Clause: Limit one of each Pok\u00e9mon\n|rule|Sleep Clause Mod: Limit one foe put to sleep\n|rule|Mega Rayquaza Clause: You cannot mega evolve Rayquaza\n|clearpoke\n|poke|p1|Mamoswine, M|\n|poke|p1|Dragapult, M|\n|poke|p1|Cresselia, F|\n|poke|p1|Ferrothorn, M|\n|poke|p1|Milotic, F|\n|poke|p1|Lopunny, F|\n|poke|p2|Houndoom, M|\n|poke|p2|Aegislash, M|\n|poke|p2|Genesect|\n|poke|p2|Kartana|\n|poke|p2|Heatran, M|\n|poke|p2|Corviknight, M|\n|teampreview\n|inactive|Battle timer is ON: inactive players will automatically lose when time's up. (requested by Just B3A$T)\n|c|\u2606Just B3A$T|Hmm...\n|inactive|Just B3A$T has 270 seconds left.\n|c|\u2606Steven Stone 007|no ferro\n|c|\u2606Steven Stone 007|OMG\n|c|\u2606Just B3A$T|Taste my steeled fangs of vengeance!\n|\n|t:|1698639583\n|start\n|switch|p1a: Lopunny|Lopunny, F|100\/100\n|switch|p2a: Fullmetal|Corviknight, M, shiny|100\/100\n|turn|1\n|\n|t:|1698639589\n|detailschange|p1a: Lopunny|Lopunny-Mega, F\n|-mega|p1a: Lopunny|Lopunny|Lopunnite\n|move|p1a: Lopunny|Fake Out|p2a: Fullmetal\n|-resisted|p2a: Fullmetal\n|-damage|p2a: Fullmetal|94\/100\n|cant|p2a: Fullmetal|flinch\n|\n|-heal|p2a: Fullmetal|99\/100|[from] item: Leftovers\n|upkeep\n|turn|2\n|\n|t:|1698639596\n|switch|p1a: Ferrothorn|Ferrothorn, M|100\/100\n|move|p2a: Fullmetal|U-turn|p1a: Ferrothorn\n|-damage|p1a: Ferrothorn|91\/100\n|-damage|p2a: Fullmetal|88\/100|[from] ability: Iron Barbs|[of] p1a: Ferrothorn\n|\n|t:|1698639601\n|switch|p2a: lava pepe|Heatran, M|100\/100|[from] U-turn\n|\n|-heal|p1a: Ferrothorn|98\/100|[from] item: Leftovers\n|upkeep\n|turn|3\n|\n|t:|1698639617\n|switch|p1a: Cresselia|Cresselia, F, shiny|100\/100\n|move|p2a: lava pepe|Stealth Rock|p1a: Cresselia\n|-sidestart|p1: Steven Stone 007|move: Stealth Rock\n|\n|upkeep\n|turn|4\n|\n|t:|1698639623\n|move|p2a: lava pepe|Protect|p2a: lava pepe\n|-singleturn|p2a: lava pepe|Protect\n|move|p1a: Cresselia|Calm Mind|p1a: Cresselia\n|-boost|p1a: Cresselia|spa|1\n|-boost|p1a: Cresselia|spd|1\n|\n|upkeep\n|turn|5\n|\n|t:|1698639629\n|move|p1a: Cresselia|Stored Power|p2a: lava pepe\n|-resisted|p2a: lava pepe\n|-damage|p2a: lava pepe|92\/100\n|move|p2a: lava pepe|Toxic|p1a: Cresselia\n|-status|p1a: Cresselia|tox\n|\n|-heal|p2a: lava pepe|98\/100|[from] item: Leftovers\n|-damage|p1a: Cresselia|94\/100 tox|[from] psn\n|upkeep\n|turn|6\n|\n|t:|1698639637\n|switch|p1a: Mamoswine|Mamoswine, M|100\/100\n|move|p2a: lava pepe|Magma Storm|p1a: Mamoswine|[miss]\n|-miss|p2a: lava pepe|p1a: Mamoswine\n|\n|-heal|p2a: lava pepe|100\/100|[from] item: Leftovers\n|upkeep\n|turn|7\n|\n|t:|1698639645\n|switch|p2a: Fullmetal|Corviknight, M, shiny|88\/100\n|move|p1a: Mamoswine|Stealth Rock|p2a: Fullmetal\n|-sidestart|p2: Just B3A$T|move: Stealth Rock\n|\n|-heal|p2a: Fullmetal|94\/100|[from] item: Leftovers\n|upkeep\n|turn|8\n|\n|t:|1698639649\n|move|p1a: Mamoswine|Icicle Crash|p2a: Fullmetal|[miss]\n|-miss|p1a: Mamoswine|p2a: Fullmetal\n|move|p2a: Fullmetal|Defog|p1a: Mamoswine\n|-unboost|p1a: Mamoswine|evasion|1\n|-sideend|p1: Steven Stone 007|Stealth Rock|[from] move: Defog|[of] p2a: Fullmetal\n|-sideend|p2: Just B3A$T|Stealth Rock|[from] move: Defog|[of] p2a: Fullmetal\n|\n|-heal|p2a: Fullmetal|99\/100|[from] item: Leftovers\n|upkeep\n|turn|9\n|\n|t:|1698639653\n|move|p1a: Mamoswine|Stealth Rock|p2a: Fullmetal\n|-sidestart|p2: Just B3A$T|move: Stealth Rock\n|move|p2a: Fullmetal|U-turn|p1a: Mamoswine\n|-damage|p1a: Mamoswine|84\/100\n|\n|t:|1698639662\n|switch|p2a: lava pepe|Heatran, M|100\/100|[from] U-turn\n|-damage|p2a: lava pepe|88\/100|[from] Stealth Rock\n|\n|-heal|p2a: lava pepe|94\/100|[from] item: Leftovers\n|upkeep\n|turn|10\n|\n|t:|1698639665\n|switch|p2a: Fullmetal|Corviknight, M, shiny|99\/100\n|-damage|p2a: Fullmetal|87\/100|[from] Stealth Rock\n|move|p1a: Mamoswine|Earthquake|p2a: Fullmetal\n|-immune|p2a: Fullmetal\n|\n|-heal|p2a: Fullmetal|93\/100|[from] item: Leftovers\n|upkeep\n|turn|11\n|\n|t:|1698639679\n|move|p1a: Mamoswine|Icicle Crash|p2a: Fullmetal\n|-damage|p2a: Fullmetal|66\/100\n|move|p2a: Fullmetal|Defog|p1a: Mamoswine\n|-unboost|p1a: Mamoswine|evasion|1\n|-sideend|p2: Just B3A$T|Stealth Rock|[from] move: Defog|[of] p2a: Fullmetal\n|\n|-heal|p2a: Fullmetal|72\/100|[from] item: Leftovers\n|upkeep\n|turn|12\n|\n|t:|1698639683\n|move|p1a: Mamoswine|Stealth Rock|p2a: Fullmetal\n|-sidestart|p2: Just B3A$T|move: Stealth Rock\n|move|p2a: Fullmetal|Brave Bird|p1a: Mamoswine\n|-damage|p1a: Mamoswine|45\/100\n|-damage|p2a: Fullmetal|60\/100|[from] Recoil\n|\n|-heal|p2a: Fullmetal|66\/100|[from] item: Leftovers\n|upkeep\n|turn|13\n|\n|t:|1698639687\n|move|p1a: Mamoswine|Icicle Crash|p2a: Fullmetal|[miss]\n|-miss|p1a: Mamoswine|p2a: Fullmetal\n|move|p2a: Fullmetal|Roost|p2a: Fullmetal\n|-heal|p2a: Fullmetal|100\/100\n|-singleturn|p2a: Fullmetal|move: Roost\n|\n|upkeep\n|turn|14\n|\n|t:|1698639690\n|move|p1a: Mamoswine|Icicle Crash|p2a: Fullmetal\n|-damage|p2a: Fullmetal|75\/100\n|cant|p2a: Fullmetal|flinch\n|\n|-heal|p2a: Fullmetal|81\/100|[from] item: Leftovers\n|upkeep\n|turn|15\n|\n|t:|1698639693\n|move|p1a: Mamoswine|Icicle Crash|p2a: Fullmetal\n|-damage|p2a: Fullmetal|56\/100\n|move|p2a: Fullmetal|Brave Bird|p1a: Mamoswine\n|-damage|p1a: Mamoswine|4\/100\n|-damage|p2a: Fullmetal|44\/100|[from] Recoil\n|\n|-heal|p2a: Fullmetal|50\/100|[from] item: Leftovers\n|upkeep\n|turn|16\n|\n|t:|1698639696\n|move|p1a: Mamoswine|Earthquake|p2a: Fullmetal\n|-immune|p2a: Fullmetal\n|move|p2a: Fullmetal|Roost|p2a: Fullmetal\n|-heal|p2a: Fullmetal|99\/100\n|-singleturn|p2a: Fullmetal|move: Roost\n|\n|-heal|p2a: Fullmetal|100\/100|[from] item: Leftovers\n|upkeep\n|turn|17\n|\n|t:|1698639699\n|move|p1a: Mamoswine|Icicle Crash|p2a: Fullmetal\n|-damage|p2a: Fullmetal|75\/100\n|move|p2a: Fullmetal|Defog|p1a: Mamoswine\n|-unboost|p1a: Mamoswine|evasion|1\n|-sideend|p2: Just B3A$T|Stealth Rock|[from] move: Defog|[of] p2a: Fullmetal\n|\n|-heal|p2a: Fullmetal|81\/100|[from] item: Leftovers\n|upkeep\n|turn|18\n|\n|t:|1698639702\n|move|p1a: Mamoswine|Icicle Crash|p2a: Fullmetal\n|-damage|p2a: Fullmetal|54\/100\n|cant|p2a: Fullmetal|flinch\n|\n|-heal|p2a: Fullmetal|60\/100|[from] item: Leftovers\n|upkeep\n|turn|19\n|\n|t:|1698639706\n|move|p1a: Mamoswine|Stealth Rock|p2a: Fullmetal\n|-sidestart|p2: Just B3A$T|move: Stealth Rock\n|move|p2a: Fullmetal|Roost|p2a: Fullmetal\n|-heal|p2a: Fullmetal|100\/100\n|-singleturn|p2a: Fullmetal|move: Roost\n|\n|upkeep\n|turn|20\n|\n|t:|1698639709\n|move|p1a: Mamoswine|Icicle Crash|p2a: Fullmetal\n|-damage|p2a: Fullmetal|74\/100\n|move|p2a: Fullmetal|Defog|p1a: Mamoswine\n|-unboost|p1a: Mamoswine|evasion|1\n|-sideend|p2: Just B3A$T|Stealth Rock|[from] move: Defog|[of] p2a: Fullmetal\n|\n|-heal|p2a: Fullmetal|80\/100|[from] item: Leftovers\n|upkeep\n|turn|21\n|\n|t:|1698639713\n|move|p1a: Mamoswine|Stealth Rock|p2a: Fullmetal\n|-sidestart|p2: Just B3A$T|move: Stealth Rock\n|move|p2a: Fullmetal|U-turn|p1a: Mamoswine\n|-damage|p1a: Mamoswine|0 fnt\n|faint|p1a: Mamoswine\n|\n|t:|1698639727\n|switch|p2a: lava pepe|Heatran, M|94\/100|[from] U-turn\n|-damage|p2a: lava pepe|82\/100|[from] Stealth Rock\n|\n|-heal|p2a: lava pepe|88\/100|[from] item: Leftovers\n|upkeep\n|\n|t:|1698639732\n|switch|p1a: Dragapult|Dragapult, M|100\/100\n|turn|22\n|\n|t:|1698639739\n|move|p2a: lava pepe|Protect|p2a: lava pepe\n|-singleturn|p2a: lava pepe|Protect\n|move|p1a: Dragapult|Substitute|p1a: Dragapult\n|-start|p1a: Dragapult|Substitute\n|-damage|p1a: Dragapult|76\/100\n|\n|-heal|p1a: Dragapult|82\/100|[from] item: Leftovers\n|-heal|p2a: lava pepe|94\/100|[from] item: Leftovers\n|upkeep\n|turn|23\n|\n|t:|1698639757\n|move|p1a: Dragapult|Dragon Dance|p1a: Dragapult\n|-boost|p1a: Dragapult|atk|1\n|-boost|p1a: Dragapult|spe|1\n|move|p2a: lava pepe|Magma Storm|p1a: Dragapult\n|-resisted|p1a: Dragapult\n|-end|p1a: Dragapult|Substitute\n|\n|-heal|p1a: Dragapult|88\/100|[from] item: Leftovers\n|-heal|p2a: lava pepe|100\/100|[from] item: Leftovers\n|upkeep\n|turn|24\n|\n|t:|1698639764\n|move|p1a: Dragapult|Substitute|p1a: Dragapult\n|-start|p1a: Dragapult|Substitute\n|-damage|p1a: Dragapult|63\/100\n|move|p2a: lava pepe|Toxic||[still]\n|-fail|p2a: lava pepe\n|\n|-heal|p1a: Dragapult|69\/100|[from] item: Leftovers\n|upkeep\n|turn|25\n|\n|t:|1698639769\n|move|p1a: Dragapult|Dragon Dance|p1a: Dragapult\n|-boost|p1a: Dragapult|atk|1\n|-boost|p1a: Dragapult|spe|1\n|move|p2a: lava pepe|Magma Storm|p1a: Dragapult\n|-resisted|p1a: Dragapult\n|-end|p1a: Dragapult|Substitute\n|\n|-heal|p1a: Dragapult|75\/100|[from] item: Leftovers\n|upkeep\n|turn|26\n|\n|t:|1698639773\n|move|p1a: Dragapult|Substitute|p1a: Dragapult\n|-start|p1a: Dragapult|Substitute\n|-damage|p1a: Dragapult|50\/100\n|move|p2a: lava pepe|Magma Storm|p1a: Dragapult\n|-resisted|p1a: Dragapult\n|-end|p1a: Dragapult|Substitute\n|\n|-heal|p1a: Dragapult|56\/100|[from] item: Leftovers\n|upkeep\n|turn|27\n|\n|t:|1698639776\n|move|p1a: Dragapult|Substitute|p1a: Dragapult\n|-start|p1a: Dragapult|Substitute\n|-damage|p1a: Dragapult|31\/100\n|move|p2a: lava pepe|Magma Storm|p1a: Dragapult\n|-resisted|p1a: Dragapult\n|-end|p1a: Dragapult|Substitute\n|\n|-heal|p1a: Dragapult|37\/100|[from] item: Leftovers\n|upkeep\n|turn|28\n|\n|t:|1698639780\n|move|p1a: Dragapult|Substitute|p1a: Dragapult\n|-start|p1a: Dragapult|Substitute\n|-damage|p1a: Dragapult|12\/100\n|move|p2a: lava pepe|Magma Storm|p1a: Dragapult\n|-resisted|p1a: Dragapult\n|-end|p1a: Dragapult|Substitute\n|\n|-heal|p1a: Dragapult|18\/100|[from] item: Leftovers\n|upkeep\n|turn|29\n|\n|t:|1698639786\n|-terastallize|p1a: Dragapult|Ghost\n|move|p1a: Dragapult|Tera Blast|p2a: lava pepe|[anim] Tera Blast Ghost\n|-damage|p2a: lava pepe|0 fnt\n|faint|p2a: lava pepe\n|\n|-heal|p1a: Dragapult|24\/100|[from] item: Leftovers\n|upkeep\n|c|\u2606Just B3A$T|bruh\n|\n|t:|1698639799\n|switch|p2a: Aegis|Aegislash, M, shiny|100\/100\n|-damage|p2a: Aegis|94\/100|[from] Stealth Rock\n|turn|30\n|\n|t:|1698639804\n|-formechange|p2a: Aegis|Aegislash-Blade||[from] ability: Stance Change\n|move|p2a: Aegis|Shadow Sneak|p1a: Dragapult\n|-supereffective|p1a: Dragapult\n|-damage|p1a: Dragapult|0 fnt\n|faint|p1a: Dragapult\n|\n|upkeep\n|\n|t:|1698639808\n|switch|p1a: Lopunny|Lopunny-Mega, F|100\/100\n|turn|31\n|\n|t:|1698639812\n|-formechange|p2a: Aegis|Aegislash||[from] ability: Stance Change\n|move|p2a: Aegis|King's Shield|p2a: Aegis\n|-singleturn|p2a: Aegis|Protect\n|move|p1a: Lopunny|Close Combat|p2a: Aegis\n|-activate|p2a: Aegis|move: Protect\n|-unboost|p1a: Lopunny|atk|1\n|\n|upkeep\n|turn|32\n|\n|t:|1698639816\n|move|p1a: Lopunny|Close Combat|p2a: Aegis\n|-supereffective|p2a: Aegis\n|-damage|p2a: Aegis|21\/100\n|-unboost|p1a: Lopunny|def|1\n|-unboost|p1a: Lopunny|spd|1\n|-enditem|p2a: Aegis|Weakness Policy\n|-boost|p2a: Aegis|atk|2|[from] item: Weakness Policy\n|-boost|p2a: Aegis|spa|2|[from] item: Weakness Policy\n|-formechange|p2a: Aegis|Aegislash-Blade||[from] ability: Stance Change\n|move|p2a: Aegis|Flash Cannon|p1a: Lopunny\n|-damage|p1a: Lopunny|0 fnt\n|faint|p1a: Lopunny\n|\n|upkeep\n|c|\u2606Steven Stone 007|ooo\n|\n|t:|1698639823\n|switch|p1a: Ferrothorn|Ferrothorn, M|98\/100\n|turn|33\n|\n|t:|1698639829\n|-formechange|p2a: Aegis|Aegislash||[from] ability: Stance Change\n|move|p2a: Aegis|King's Shield|p2a: Aegis\n|-singleturn|p2a: Aegis|Protect\n|move|p1a: Ferrothorn|Leech Seed|p2a: Aegis\n|-start|p2a: Aegis|move: Leech Seed\n|\n|-heal|p1a: Ferrothorn|100\/100|[from] item: Leftovers\n|-damage|p2a: Aegis|9\/100|[from] Leech Seed|[of] p1a: Ferrothorn\n|upkeep\n|turn|34\n|\n|t:|1698639833\n|-formechange|p2a: Aegis|Aegislash-Blade||[from] ability: Stance Change\n|move|p2a: Aegis|Shadow Ball|p1a: Ferrothorn\n|-damage|p1a: Ferrothorn|21\/100\n|move|p1a: Ferrothorn|Spikes|p2a: Aegis\n|-sidestart|p2: Just B3A$T|Spikes\n|\n|-heal|p1a: Ferrothorn|27\/100|[from] item: Leftovers\n|-damage|p2a: Aegis|0 fnt|[from] Leech Seed|[of] p1a: Ferrothorn\n|-heal|p1a: Ferrothorn|35\/100|[silent]\n|faint|p2a: Aegis\n|upkeep\n|\n|t:|1698639840\n|switch|p2a: Hellhound|Houndoom, M|100\/100\n|-damage|p2a: Hellhound|76\/100|[from] Stealth Rock\n|-damage|p2a: Hellhound|63\/100|[from] Spikes\n|turn|35\n|\n|t:|1698639843\n|switch|p1a: Milotic|Milotic, F|100\/100\n|detailschange|p2a: Hellhound|Houndoom-Mega, M\n|-mega|p2a: Hellhound|Houndoom|Houndoominite\n|move|p2a: Hellhound|Flamethrower|p1a: Milotic\n|-resisted|p1a: Milotic\n|-damage|p1a: Milotic|86\/100\n|\n|upkeep\n|turn|36\n|\n|t:|1698639849\n|switch|p2a: Fullmetal|Corviknight, M, shiny|80\/100\n|-damage|p2a: Fullmetal|68\/100|[from] Stealth Rock\n|move|p1a: Milotic|Scald|p2a: Fullmetal\n|-damage|p2a: Fullmetal|40\/100\n|-status|p2a: Fullmetal|brn\n|\n|-heal|p2a: Fullmetal|46\/100 brn|[from] item: Leftovers\n|-damage|p2a: Fullmetal|40\/100 brn|[from] brn\n|upkeep\n|turn|37\n|\n|t:|1698639852\n|switch|p1a: Ferrothorn|Ferrothorn, M|35\/100\n|move|p2a: Fullmetal|Defog|p1a: Ferrothorn\n|-unboost|p1a: Ferrothorn|evasion|1\n|-sideend|p2: Just B3A$T|Spikes|[from] move: Defog|[of] p2a: Fullmetal\n|-sideend|p2: Just B3A$T|Stealth Rock|[from] move: Defog|[of] p2a: Fullmetal\n|\n|-heal|p2a: Fullmetal|46\/100 brn|[from] item: Leftovers\n|-heal|p1a: Ferrothorn|42\/100|[from] item: Leftovers\n|-damage|p2a: Fullmetal|40\/100 brn|[from] brn\n|upkeep\n|turn|38\n|\n|t:|1698639856\n|move|p2a: Fullmetal|U-turn|p1a: Ferrothorn\n|-damage|p1a: Ferrothorn|38\/100\n|-damage|p2a: Fullmetal|28\/100 brn|[from] ability: Iron Barbs|[of] p1a: Ferrothorn\n|\n|t:|1698639860\n|switch|p2a: Blade|Kartana, shiny|100\/100|[from] U-turn\n|move|p1a: Ferrothorn|Leech Seed|p2a: Blade\n|-immune|p2a: Blade\n|\n|-heal|p1a: Ferrothorn|44\/100|[from] item: Leftovers\n|upkeep\n|turn|39\n|\n|t:|1698639864\n|switch|p1a: Cresselia|Cresselia, F, shiny|94\/100 tox\n|move|p2a: Blade|Sacred Sword|p1a: Cresselia\n|-resisted|p1a: Cresselia\n|-damage|p1a: Cresselia|83\/100 tox\n|-damage|p2a: Blade|91\/100|[from] item: Life Orb\n|\n|-damage|p1a: Cresselia|77\/100 tox|[from] psn\n|upkeep\n|turn|40\n|\n|t:|1698639868\n|move|p2a: Blade|Swords Dance|p2a: Blade\n|-boost|p2a: Blade|atk|2\n|move|p1a: Cresselia|Hidden Power|p2a: Blade\n|-supereffective|p2a: Blade\n|-damage|p2a: Blade|0 fnt\n|faint|p2a: Blade\n|\n|-damage|p1a: Cresselia|65\/100 tox|[from] psn\n|upkeep\n|c|\u2606Just B3A$T|fuck\n|\n|t:|1698639877\n|switch|p2a: Ginesect|Genesect, shiny|100\/100\n|-ability|p2a: Ginesect|Download|boost\n|-boost|p2a: Ginesect|spa|1\n|turn|41\n|\n|t:|1698639883\n|-terastallize|p2a: Ginesect|Normal\n|move|p2a: Ginesect|Shift Gear|p2a: Ginesect\n|-boost|p2a: Ginesect|spe|2\n|-boost|p2a: Ginesect|atk|1\n|move|p1a: Cresselia|Hidden Power|p2a: Ginesect\n|-damage|p2a: Ginesect|87\/100\n|\n|-heal|p2a: Ginesect|93\/100|[from] item: Leftovers\n|-damage|p1a: Cresselia|46\/100 tox|[from] psn\n|upkeep\n|turn|42\n|\n|t:|1698639888\n|switch|p1a: Milotic|Milotic, F|86\/100\n|move|p2a: Ginesect|Shadow Claw|p1a: Milotic\n|-damage|p1a: Milotic|54\/100\n|\n|-heal|p2a: Ginesect|99\/100|[from] item: Leftovers\n|upkeep\n|turn|43\n|\n|t:|1698639893\n|move|p2a: Ginesect|Shift Gear|p2a: Ginesect\n|-boost|p2a: Ginesect|spe|2\n|-boost|p2a: Ginesect|atk|1\n|move|p1a: Milotic|Haze|p1a: Milotic\n|-clearallboost\n|\n|-heal|p2a: Ginesect|100\/100|[from] item: Leftovers\n|upkeep\n|turn|44\n|\n|t:|1698639896\n|move|p2a: Ginesect|Shift Gear|p2a: Ginesect\n|-boost|p2a: Ginesect|spe|2\n|-boost|p2a: Ginesect|atk|1\n|move|p1a: Milotic|Recover|p1a: Milotic\n|-heal|p1a: Milotic|100\/100\n|\n|upkeep\n|turn|45\n|\n|t:|1698639898\n|move|p2a: Ginesect|Extreme Speed|p1a: Milotic\n|-damage|p1a: Milotic|48\/100\n|move|p1a: Milotic|Haze|p1a: Milotic\n|-clearallboost\n|\n|upkeep\n|turn|46\n|\n|t:|1698639902\n|switch|p2a: Fullmetal|Corviknight, M, shiny|28\/100 brn\n|move|p1a: Milotic|Recover|p1a: Milotic\n|-heal|p1a: Milotic|98\/100\n|\n|-heal|p2a: Fullmetal|34\/100 brn|[from] item: Leftovers\n|-damage|p2a: Fullmetal|28\/100 brn|[from] brn\n|upkeep\n|turn|47\n|\n|t:|1698639905\n|switch|p1a: Ferrothorn|Ferrothorn, M|44\/100\n|move|p2a: Fullmetal|Roost|p2a: Fullmetal\n|-heal|p2a: Fullmetal|78\/100 brn\n|-singleturn|p2a: Fullmetal|move: Roost\n|\n|-heal|p2a: Fullmetal|84\/100 brn|[from] item: Leftovers\n|-heal|p1a: Ferrothorn|50\/100|[from] item: Leftovers\n|-damage|p2a: Fullmetal|78\/100 brn|[from] brn\n|upkeep\n|turn|48\n|\n|t:|1698639909\n|move|p2a: Fullmetal|U-turn|p1a: Ferrothorn\n|-damage|p1a: Ferrothorn|46\/100\n|-damage|p2a: Fullmetal|65\/100 brn|[from] ability: Iron Barbs|[of] p1a: Ferrothorn\n|\n|t:|1698639910\n|switch|p2a: Ginesect|Genesect, shiny, tera:Normal|100\/100|[from] U-turn\n|-ability|p2a: Ginesect|Download|boost\n|-boost|p2a: Ginesect|spa|1\n|move|p1a: Ferrothorn|Leech Seed|p2a: Ginesect\n|-start|p2a: Ginesect|move: Leech Seed\n|\n|-heal|p1a: Ferrothorn|52\/100|[from] item: Leftovers\n|-damage|p2a: Ginesect|88\/100|[from] Leech Seed|[of] p1a: Ferrothorn\n|-heal|p1a: Ferrothorn|62\/100|[silent]\n|upkeep\n|turn|49\n|\n|t:|1698639918\n|switch|p2a: Fullmetal|Corviknight, M, shiny|65\/100 brn\n|move|p1a: Ferrothorn|Iron Defense|p1a: Ferrothorn\n|-boost|p1a: Ferrothorn|def|2\n|\n|-heal|p2a: Fullmetal|71\/100 brn|[from] item: Leftovers\n|-heal|p1a: Ferrothorn|69\/100|[from] item: Leftovers\n|-damage|p2a: Fullmetal|65\/100 brn|[from] brn\n|upkeep\n|turn|50\n|\n|t:|1698639920\n|move|p2a: Fullmetal|U-turn|p1a: Ferrothorn\n|-damage|p1a: Ferrothorn|67\/100\n|-damage|p2a: Fullmetal|53\/100 brn|[from] ability: Iron Barbs|[of] p1a: Ferrothorn\n|\n|t:|1698639923\n|switch|p2a: Hellhound|Houndoom-Mega, M|63\/100|[from] U-turn\n|move|p1a: Ferrothorn|Leech Seed|p2a: Hellhound\n|-start|p2a: Hellhound|move: Leech Seed\n|\n|-heal|p1a: Ferrothorn|73\/100|[from] item: Leftovers\n|-damage|p2a: Hellhound|51\/100|[from] Leech Seed|[of] p1a: Ferrothorn\n|-heal|p1a: Ferrothorn|83\/100|[silent]\n|upkeep\n|turn|51\n|\n|t:|1698639927\n|switch|p1a: Milotic|Milotic, F|98\/100\n|move|p2a: Hellhound|Flamethrower|p1a: Milotic\n|-resisted|p1a: Milotic\n|-damage|p1a: Milotic|84\/100\n|\n|-damage|p2a: Hellhound|39\/100|[from] Leech Seed|[of] p1a: Milotic\n|-heal|p1a: Milotic|93\/100|[silent]\n|upkeep\n|turn|52\n|\n|t:|1698639932\n|switch|p2a: Fullmetal|Corviknight, M, shiny|53\/100 brn\n|move|p1a: Milotic|Scald|p2a: Fullmetal\n|-damage|p2a: Fullmetal|26\/100 brn\n|\n|-heal|p2a: Fullmetal|32\/100 brn|[from] item: Leftovers\n|-damage|p2a: Fullmetal|26\/100 brn|[from] brn\n|upkeep\n|turn|53\n|\n|t:|1698639935\n|move|p1a: Milotic|Scald|p2a: Fullmetal\n|-damage|p2a: Fullmetal|0 fnt\n|faint|p2a: Fullmetal\n|\n|upkeep\n|c|\u2606Just B3A$T|bruh\n|\n|t:|1698639944\n|switch|p2a: Ginesect|Genesect, shiny, tera:Normal|88\/100\n|-ability|p2a: Ginesect|Download|boost\n|-boost|p2a: Ginesect|atk|1\n|turn|54\n|c|\u2606Steven Stone 007|this is the benefit of semi stall\n|\n|t:|1698639955\n|move|p2a: Ginesect|Extreme Speed|p1a: Milotic\n|-damage|p1a: Milotic|41\/100\n|move|p1a: Milotic|Haze|p1a: Milotic\n|-clearallboost\n|\n|-heal|p2a: Ginesect|94\/100|[from] item: Leftovers\n|upkeep\n|turn|55\n|\n|t:|1698639959\n|move|p2a: Ginesect|Shift Gear|p2a: Ginesect\n|-boost|p2a: Ginesect|spe|2\n|-boost|p2a: Ginesect|atk|1\n|move|p1a: Milotic|Recover|p1a: Milotic\n|-heal|p1a: Milotic|91\/100\n|\n|-heal|p2a: Ginesect|99\/100|[from] item: Leftovers\n|upkeep\n|turn|56\n|\n|t:|1698639961\n|switch|p1a: Ferrothorn|Ferrothorn, M|83\/100\n|move|p2a: Ginesect|Extreme Speed|p1a: Ferrothorn\n|-resisted|p1a: Ferrothorn\n|-damage|p1a: Ferrothorn|68\/100\n|-damage|p2a: Ginesect|88\/100|[from] ability: Iron Barbs|[of] p1a: Ferrothorn\n|\n|-heal|p2a: Ginesect|94\/100|[from] item: Leftovers\n|-heal|p1a: Ferrothorn|74\/100|[from] item: Leftovers\n|upkeep\n|turn|57\n|\n|t:|1698639967\n|move|p2a: Ginesect|Shift Gear|p2a: Ginesect\n|-boost|p2a: Ginesect|spe|2\n|-boost|p2a: Ginesect|atk|1\n|move|p1a: Ferrothorn|Iron Defense|p1a: Ferrothorn\n|-boost|p1a: Ferrothorn|def|2\n|\n|-heal|p2a: Ginesect|99\/100|[from] item: Leftovers\n|-heal|p1a: Ferrothorn|80\/100|[from] item: Leftovers\n|upkeep\n|turn|58\n|\n|t:|1698639971\n|move|p2a: Ginesect|Shadow Claw|p1a: Ferrothorn\n|-damage|p1a: Ferrothorn|67\/100\n|-damage|p2a: Ginesect|87\/100|[from] ability: Iron Barbs|[of] p1a: Ferrothorn\n|move|p1a: Ferrothorn|Body Press|p2a: Ginesect\n|-supereffective|p2a: Ginesect\n|-damage|p2a: Ginesect|0 fnt\n|faint|p2a: Ginesect\n|\n|-heal|p1a: Ferrothorn|74\/100|[from] item: Leftovers\n|upkeep\n|c|\u2606Just B3A$T|true\n|c|\u2606Just B3A$T|all that effort\n|c|\u2606Just B3A$T|And I lost\n|c|\u2606Just B3A$T|crao\n|c|\u2606Steven Stone 007|yup\n|c|\u2606Just B3A$T|*crap\n|c|\u2606Just B3A$T|gg\n|\n|t:|1698639987\n|switch|p2a: Hellhound|Houndoom-Mega, M|39\/100\n|turn|59\n|c|\u2606Steven Stone 007|i think rocky helmet work more\n|\n|t:|1698639996\n|switch|p1a: Milotic|Milotic, F|91\/100\n|move|p2a: Hellhound|Nasty Plot|p2a: Hellhound\n|-boost|p2a: Hellhound|spa|2\n|\n|upkeep\n|turn|60\n|\n|t:|1698640000\n|move|p2a: Hellhound|Dark Pulse|p1a: Milotic\n|-damage|p1a: Milotic|36\/100\n|move|p1a: Milotic|Scald|p2a: Hellhound\n|-supereffective|p2a: Hellhound\n|-damage|p2a: Hellhound|0 fnt\n|faint|p2a: Hellhound\n|\n|win|Steven Stone 007\n|l|\u2606Steven Stone 007\n","uploadtime":1698640021,"views":9,"p1id":"stevenstone007","p2id":"justb3at","formatid":"gen9nationaldexubers","rating":0,"private":0,"password":""}