{"id":"gen9nationaldexubers-1992097389","p1":"Attano_from_Johto","p2":"zMesa","format":"[Gen 9] National Dex Ubers","log":"|j|\u2606Attano_from_Johto\n|j|\u2606zMesa\n|t:|1700154859\n|gametype|singles\n|player|p1|Attano_from_Johto|sage|1068\n|player|p2|zMesa|blue|1051\n|teamsize|p1|6\n|teamsize|p2|6\n|gen|9\n|tier|[Gen 9] National Dex Ubers\n|rated|\n|rule|HP Percentage Mod: HP is shown in percentages\n|rule|Endless Battle Clause: Forcing endless battles is banned\n|rule|OHKO Clause: OHKO moves are banned\n|rule|Evasion Moves Clause: Evasion moves are banned\n|rule|Evasion Items Clause: Evasion items are banned\n|rule|Species Clause: Limit one of each Pok\u00e9mon\n|rule|Sleep Clause Mod: Limit one foe put to sleep\n|rule|Mega Rayquaza Clause: You cannot mega evolve Rayquaza\n|clearpoke\n|poke|p1|Zygarde|\n|poke|p1|Groudon|\n|poke|p1|Venusaur, M|\n|poke|p1|Dedenne, F|\n|poke|p1|Dragapult, M|\n|poke|p1|Diancie|\n|poke|p2|Leavanny, M|\n|poke|p2|Azumarill, F|\n|poke|p2|Chandelure, M|\n|poke|p2|Vanilluxe, M|\n|poke|p2|Scrafty, F|\n|poke|p2|Togedemaru, M|\n|teampreview\n|\n|t:|1700154870\n|start\n|switch|p1a: Coco Bean|Dedenne, F, shiny|100\/100\n|switch|p2a: Leavanny|Leavanny, M|100\/100\n|turn|1\n|\n|t:|1700154911\n|move|p2a: Leavanny|Sticky Web|p1a: Coco Bean\n|-sidestart|p1: Attano_from_Johto|move: Sticky Web\n|move|p1a: Coco Bean|Nuzzle|p2a: Leavanny\n|-resisted|p2a: Leavanny\n|-damage|p2a: Leavanny|97\/100\n|-status|p2a: Leavanny|par\n|\n|upkeep\n|turn|2\n|\n|t:|1700154919\n|move|p1a: Coco Bean|Volt Switch|p2a: Leavanny\n|-resisted|p2a: Leavanny\n|-damage|p2a: Leavanny|80\/100 par\n|\n|t:|1700154928\n|switch|p1a: Groudon|Groudon, shiny|100\/100|[from] Volt Switch\n|-activate|p1a: Groudon|move: Sticky Web\n|-unboost|p1a: Groudon|spe|1\n|-weather|SunnyDay|[from] ability: Drought|[of] p1a: Groudon\n|move|p2a: Leavanny|Poison Jab|p1a: Groudon\n|-resisted|p1a: Groudon\n|-damage|p1a: Groudon|93\/100\n|\n|-weather|SunnyDay|[upkeep]\n|-heal|p1a: Groudon|99\/100|[from] item: Leftovers\n|upkeep\n|turn|3\n|\n|t:|1700154989\n|move|p2a: Leavanny|Knock Off|p1a: Groudon\n|-damage|p1a: Groudon|83\/100\n|-enditem|p1a: Groudon|Leftovers|[from] move: Knock Off|[of] p2a: Leavanny\n|move|p1a: Groudon|Heat Crash|p2a: Leavanny\n|-supereffective|p2a: Leavanny\n|-damage|p2a: Leavanny|0 fnt\n|faint|p2a: Leavanny\n|\n|-weather|SunnyDay|[upkeep]\n|upkeep\n|\n|t:|1700155015\n|switch|p2a: Vanilluxe|Vanilluxe, M|100\/100\n|-weather|Snow|[from] ability: Snow Warning|[of] p2a: Vanilluxe\n|turn|4\n|\n|t:|1700155055\n|switch|p1a: Diancie|Diancie, shiny|100\/100\n|-activate|p1a: Diancie|move: Sticky Web\n|-fail|p1a: Diancie|unboost|[from] ability: Clear Body|[of] p1a: Diancie\n|move|p2a: Vanilluxe|Aurora Veil|p2a: Vanilluxe\n|-sidestart|p2: zMesa|move: Aurora Veil\n|\n|-weather|Snow|[upkeep]\n|upkeep\n|turn|5\n|\n|t:|1700155062\n|move|p2a: Vanilluxe|Flash Cannon|p1a: Diancie\n|-supereffective|p1a: Diancie\n|-damage|p1a: Diancie|1\/100\n|move|p1a: Diancie|Reflect|p1a: Diancie\n|-sidestart|p1: Attano_from_Johto|Reflect\n|\n|-weather|Snow|[upkeep]\n|upkeep\n|turn|6\n|\n|t:|1700155069\n|move|p2a: Vanilluxe|Flash Cannon|p1a: Diancie\n|-supereffective|p1a: Diancie\n|-damage|p1a: Diancie|0 fnt\n|faint|p1a: Diancie\n|\n|-weather|Snow|[upkeep]\n|upkeep\n|\n|t:|1700155075\n|switch|p1a: Groudon|Groudon, shiny|83\/100\n|-activate|p1a: Groudon|move: Sticky Web\n|-unboost|p1a: Groudon|spe|1\n|-weather|SunnyDay|[from] ability: Drought|[of] p1a: Groudon\n|turn|7\n|\n|t:|1700155082\n|move|p2a: Vanilluxe|Hidden Power|p1a: Groudon\n|-supereffective|p1a: Groudon\n|-damage|p1a: Groudon|38\/100\n|move|p1a: Groudon|Heat Crash|p2a: Vanilluxe\n|-supereffective|p2a: Vanilluxe\n|-damage|p2a: Vanilluxe|11\/100\n|\n|-weather|SunnyDay|[upkeep]\n|upkeep\n|turn|8\n|\n|t:|1700155091\n|move|p2a: Vanilluxe|Hidden Power|p1a: Groudon\n|-supereffective|p1a: Groudon\n|-damage|p1a: Groudon|0 fnt\n|faint|p1a: Groudon\n|\n|-weather|SunnyDay|[upkeep]\n|upkeep\n|\n|t:|1700155096\n|switch|p1a: Dragapult|Dragapult, M, shiny|100\/100\n|-activate|p1a: Dragapult|move: Sticky Web\n|-unboost|p1a: Dragapult|spe|1\n|turn|9\n|\n|t:|1700155102\n|move|p1a: Dragapult|Sucker Punch|p2a: Vanilluxe\n|-damage|p2a: Vanilluxe|0 fnt\n|faint|p2a: Vanilluxe\n|\n|-weather|SunnyDay|[upkeep]\n|-sideend|p1: Attano_from_Johto|Reflect\n|upkeep\n|\n|t:|1700155113\n|switch|p2a: Togedemaru|Togedemaru, M|100\/100\n|turn|10\n|\n|t:|1700155121\n|move|p2a: Togedemaru|Work Up|p2a: Togedemaru\n|-boost|p2a: Togedemaru|atk|1\n|-boost|p2a: Togedemaru|spa|1\n|move|p1a: Dragapult|U-turn|p2a: Togedemaru\n|-resisted|p2a: Togedemaru\n|-damage|p2a: Togedemaru|79\/100\n|\n|t:|1700155127\n|switch|p1a: Jingum|Venusaur, M, shiny|100\/100|[from] U-turn\n|-activate|p1a: Jingum|move: Sticky Web\n|-unboost|p1a: Jingum|spe|1\n|\n|-weather|SunnyDay|[upkeep]\n|upkeep\n|turn|11\n|\n|t:|1700155136\n|move|p2a: Togedemaru|Work Up|p2a: Togedemaru\n|-boost|p2a: Togedemaru|atk|1\n|-boost|p2a: Togedemaru|spa|1\n|move|p1a: Jingum|Earth Power|p2a: Togedemaru\n|-supereffective|p2a: Togedemaru\n|-damage|p2a: Togedemaru|0 fnt\n|faint|p2a: Togedemaru\n|\n|-weather|none\n|-sideend|p2: zMesa|move: Aurora Veil\n|upkeep\n|\n|t:|1700155146\n|switch|p2a: Scrafty|Scrafty, F|100\/100\n|turn|12\n|\n|t:|1700155152\n|detailschange|p1a: Jingum|Venusaur-Mega, M, shiny\n|-mega|p1a: Jingum|Venusaur|Venusaurite\n|move|p2a: Scrafty|Dragon Dance|p2a: Scrafty\n|-boost|p2a: Scrafty|atk|1\n|-boost|p2a: Scrafty|spe|1\n|move|p1a: Jingum|Sludge Bomb|p2a: Scrafty\n|-damage|p2a: Scrafty|47\/100\n|-status|p2a: Scrafty|psn\n|\n|-damage|p2a: Scrafty|35\/100 psn|[from] psn\n|upkeep\n|turn|13\n|\n|t:|1700155163\n|move|p2a: Scrafty|Knock Off|p1a: Jingum\n|-damage|p1a: Jingum|68\/100\n|move|p1a: Jingum|Giga Drain|p2a: Scrafty\n|-damage|p2a: Scrafty|0 fnt\n|-heal|p1a: Jingum|83\/100|[from] drain|[of] p2a: Scrafty\n|faint|p2a: Scrafty\n|\n|upkeep\n|\n|t:|1700155169\n|switch|p2a: Chandelure|Chandelure, M|100\/100\n|turn|14\n|\n|t:|1700155175\n|move|p2a: Chandelure|Calm Mind|p2a: Chandelure\n|-boost|p2a: Chandelure|spa|1\n|-boost|p2a: Chandelure|spd|1\n|move|p1a: Jingum|Earth Power|p2a: Chandelure\n|-supereffective|p2a: Chandelure\n|-damage|p2a: Chandelure|47\/100\n|\n|upkeep\n|turn|15\n|\n|t:|1700155192\n|move|p2a: Chandelure|Flamethrower|p1a: Jingum\n|-supereffective|p1a: Jingum\n|-damage|p1a: Jingum|0 fnt\n|faint|p1a: Jingum\n|-damage|p2a: Chandelure|37\/100|[from] item: Life Orb\n|\n|upkeep\n|\n|t:|1700155198\n|switch|p1a: Dragapult|Dragapult, M, shiny|100\/100\n|-activate|p1a: Dragapult|move: Sticky Web\n|-unboost|p1a: Dragapult|spe|1\n|turn|16\n|\n|t:|1700155202\n|move|p1a: Dragapult|Sucker Punch||[still]\n|-fail|p1a: Dragapult\n|move|p2a: Chandelure|Calm Mind|p2a: Chandelure\n|-boost|p2a: Chandelure|spa|1\n|-boost|p2a: Chandelure|spd|1\n|\n|upkeep\n|turn|17\n|\n|t:|1700155209\n|move|p1a: Dragapult|Sucker Punch||[still]\n|-fail|p1a: Dragapult\n|move|p2a: Chandelure|Calm Mind|p2a: Chandelure\n|-boost|p2a: Chandelure|spa|1\n|-boost|p2a: Chandelure|spd|1\n|\n|upkeep\n|turn|18\n|\n|t:|1700155217\n|move|p1a: Dragapult|Sucker Punch||[still]\n|-fail|p1a: Dragapult\n|move|p2a: Chandelure|Calm Mind|p2a: Chandelure\n|-boost|p2a: Chandelure|spa|1\n|-boost|p2a: Chandelure|spd|1\n|\n|upkeep\n|turn|19\n|\n|t:|1700155230\n|move|p2a: Chandelure|Calm Mind|p2a: Chandelure\n|-boost|p2a: Chandelure|spa|1\n|-boost|p2a: Chandelure|spd|1\n|move|p1a: Dragapult|Dragon Darts|p2a: Chandelure\n|-damage|p2a: Chandelure|1\/100\n|-anim|p1a: Dragapult|Dragon Darts|p2a: Chandelure\n|-damage|p2a: Chandelure|0 fnt\n|faint|p2a: Chandelure\n|\n|upkeep\n|\n|t:|1700155236\n|switch|p2a: Azumarill|Azumarill, F|100\/100\n|turn|20\n|\n|t:|1700155243\n|-terastallize|p2a: Azumarill|Water\n|move|p1a: Dragapult|Thunder Wave|p2a: Azumarill\n|-status|p2a: Azumarill|par\n|move|p2a: Azumarill|Belly Drum|p2a: Azumarill\n|-damage|p2a: Azumarill|50\/100 par\n|-setboost|p2a: Azumarill|atk|6|[from] move: Belly Drum\n|-enditem|p2a: Azumarill|Sitrus Berry|[eat]\n|-heal|p2a: Azumarill|75\/100 par|[from] item: Sitrus Berry\n|\n|upkeep\n|turn|21\n|\n|t:|1700155258\n|move|p2a: Azumarill|Aqua Jet|p1a: Dragapult\n|-resisted|p1a: Dragapult\n|-damage|p1a: Dragapult|14\/100\n|move|p1a: Dragapult|Dragon Darts|p2a: Azumarill\n|-damage|p2a: Azumarill|49\/100 par\n|-anim|p1a: Dragapult|Dragon Darts|p2a: Azumarill\n|-damage|p2a: Azumarill|22\/100 par\n|\n|upkeep\n|turn|22\n|\n|t:|1700155267\n|move|p1a: Dragapult|Sucker Punch|p2a: Azumarill\n|-damage|p2a: Azumarill|0 fnt\n|faint|p2a: Azumarill\n|\n|win|Attano_from_Johto\n|raw|Attano_from_Johto's rating: 1068 &rarr; <strong>1096<\/strong><br \/>(+28 for winning)\n|raw|zMesa's rating: 1051 &rarr; <strong>1034<\/strong><br \/>(-17 for losing)\n|l|\u2606zMesa\n|c|\u2606Attano_from_Johto|gg\n","uploadtime":1700155277,"views":7,"p1id":"attanofromjohto","p2id":"zmesa","formatid":"gen9nationaldexubers","rating":1034,"private":0,"password":""}