{"id":"gen9nationaldexubers-1982411515","p1":"FunnyValentine2","p2":"KurumiTokisakilove","format":"[Gen 9] National Dex Ubers","log":"|j|\u2606FunnyValentine2\n|j|\u2606KurumiTokisakilove\n|t:|1699011517\n|gametype|singles\n|player|p1|FunnyValentine2|skier|1694\n|player|p2|KurumiTokisakilove|sabrina-gen2|1950\n|teamsize|p1|6\n|teamsize|p2|6\n|gen|9\n|tier|[Gen 9] National Dex Ubers\n|rated|\n|rule|HP Percentage Mod: HP is shown in percentages\n|rule|Endless Battle Clause: Forcing endless battles is banned\n|rule|OHKO Clause: OHKO moves are banned\n|rule|Evasion Moves Clause: Evasion moves are banned\n|rule|Evasion Items Clause: Evasion items are banned\n|rule|Species Clause: Limit one of each Pok\u00e9mon\n|rule|Sleep Clause Mod: Limit one foe put to sleep\n|rule|Mega Rayquaza Clause: You cannot mega evolve Rayquaza\n|clearpoke\n|poke|p1|Glimmora, M|\n|poke|p1|Arceus|\n|poke|p1|Ho-Oh|\n|poke|p1|Groudon|\n|poke|p1|Kyogre|\n|poke|p1|Necrozma-Dusk-Mane|\n|poke|p2|Ho-Oh|\n|poke|p2|Yveltal|\n|poke|p2|Ditto|\n|poke|p2|Magearna|\n|poke|p2|Necrozma-Dusk-Mane|\n|poke|p2|Arceus-Ground|\n|teampreview\n|inactive|Battle timer is ON: inactive players will automatically lose when time's up. (requested by FunnyValentine2)\n|inactive|KurumiTokisakilove also wants the timer to be on.\n|\n|t:|1699011530\n|start\n|switch|p1a: savage spin out|Glimmora, M|100\/100\n|switch|p2a: Necrozma|Necrozma-Dusk-Mane|100\/100\n|turn|1\n|\n|t:|1699011534\n|switch|p1a: birdspam|Ho-Oh|100\/100\n|move|p2a: Necrozma|Photon Geyser|p1a: birdspam\n|-damage|p1a: birdspam|75\/100\n|\n|upkeep\n|turn|2\n|\n|t:|1699011541\n|switch|p1a: savage spin out|Glimmora, M|100\/100\n|move|p2a: Necrozma|Stealth Rock|p1a: savage spin out\n|-sidestart|p1: FunnyValentine2|move: Stealth Rock\n|\n|upkeep\n|turn|3\n|\n|t:|1699011546\n|move|p1a: savage spin out|Stealth Rock|p2a: Necrozma\n|-sidestart|p2: KurumiTokisakilove|move: Stealth Rock\n|move|p2a: Necrozma|Photon Geyser|p1a: savage spin out\n|-supereffective|p1a: savage spin out\n|-enditem|p1a: savage spin out|Focus Sash\n|-damage|p1a: savage spin out|1\/100\n|\n|upkeep\n|turn|4\n|\n|t:|1699011553\n|detailschange|p2a: Necrozma|Necrozma-Ultra\n|-burst|p2a: Necrozma|Necrozma|Ultranecrozium Z\n|move|p2a: Necrozma|Photon Geyser|p1a: savage spin out\n|-supereffective|p1a: savage spin out\n|-damage|p1a: savage spin out|0 fnt\n|faint|p1a: savage spin out\n|\n|upkeep\n|\n|t:|1699011572\n|switch|p1a: Necrozma|Necrozma-Dusk-Mane|100\/100\n|-damage|p1a: Necrozma|95\/100|[from] Stealth Rock\n|turn|5\n|\n|t:|1699011579\n|switch|p2a: Yveltal|Yveltal, shiny|100\/100\n|-ability|p2a: Yveltal|Dark Aura\n|detailschange|p1a: Necrozma|Necrozma-Ultra\n|-burst|p1a: Necrozma|Necrozma|Ultranecrozium Z\n|move|p1a: Necrozma|Dragon Dance|p1a: Necrozma\n|-boost|p1a: Necrozma|atk|1\n|-boost|p1a: Necrozma|spe|1\n|\n|upkeep\n|turn|6\n|\n|t:|1699011590\n|move|p1a: Necrozma|Stone Edge|p2a: Yveltal\n|-supereffective|p2a: Yveltal\n|-crit|p2a: Yveltal\n|-damage|p2a: Yveltal|0 fnt\n|faint|p2a: Yveltal\n|\n|upkeep\n|\n|t:|1699011606\n|switch|p2a: Necrozma|Necrozma-Ultra|100\/100\n|-damage|p2a: Necrozma|88\/100|[from] Stealth Rock\n|turn|7\n|\n|t:|1699011616\n|switch|p2a: Ho-Oh|Ho-Oh|100\/100\n|-damage|p2a: Ho-Oh|51\/100|[from] Stealth Rock\n|-zpower|p1a: Necrozma\n|move|p1a: Necrozma|Light That Burns the Sky|p2a: Ho-Oh|[zeffect]\n|-damage|p2a: Ho-Oh|0 fnt\n|faint|p2a: Ho-Oh\n|\n|upkeep\n|\n|t:|1699011623\n|switch|p2a: Ditto|Ditto, shiny|100\/100\n|-damage|p2a: Ditto|88\/100|[from] Stealth Rock\n|-transform|p2a: Ditto|p1a: Necrozma|[from] ability: Imposter\n|turn|8\n|j| MuMuelsyse\n|\n|t:|1699011640\n|move|p2a: Ditto|Earthquake|p1a: Necrozma\n|-damage|p1a: Necrozma|30\/100\n|move|p1a: Necrozma|Earthquake|p2a: Ditto\n|-damage|p2a: Ditto|13\/100\n|\n|upkeep\n|turn|9\n|c| MuMuelsyse|am watching\n|\n|t:|1699011648\n|switch|p2a: Arceus|Arceus-Ground|100\/100\n|-damage|p2a: Arceus|94\/100|[from] Stealth Rock\n|switch|p1a: birdspam|Ho-Oh|100\/100\n|\n|upkeep\n|turn|10\n|\n|t:|1699011656\n|move|p2a: Arceus|Taunt|p1a: birdspam\n|-start|p1a: birdspam|move: Taunt\n|cant|p1a: birdspam|move: Taunt|Defog\n|\n|upkeep\n|turn|11\n|\n|t:|1699011660\n|move|p2a: Arceus|Toxic|p1a: birdspam\n|-status|p1a: birdspam|tox\n|move|p1a: birdspam|Sacred Fire|p2a: Arceus\n|-damage|p2a: Arceus|65\/100\n|-status|p2a: Arceus|brn\n|\n|-damage|p1a: birdspam|94\/100 tox|[from] psn\n|-damage|p2a: Arceus|59\/100 brn|[from] brn\n|upkeep\n|turn|12\n|\n|t:|1699011680\n|switch|p1a: jonker|Arceus|100\/100\n|-damage|p1a: jonker|88\/100|[from] Stealth Rock\n|move|p2a: Arceus|Recover|p2a: Arceus\n|-heal|p2a: Arceus|100\/100 brn\n|\n|-damage|p2a: Arceus|94\/100 brn|[from] brn\n|upkeep\n|turn|13\n|\n|t:|1699011695\n|move|p1a: jonker|Extreme Speed|p2a: Arceus\n|-damage|p2a: Arceus|58\/100 brn\n|-damage|p1a: jonker|78\/100|[from] item: Life Orb\n|move|p2a: Arceus|Taunt|p1a: jonker\n|-start|p1a: jonker|move: Taunt\n|\n|-damage|p2a: Arceus|52\/100 brn|[from] brn\n|upkeep\n|turn|14\n|\n|t:|1699011706\n|switch|p1a: BKC|Kyogre|100\/100\n|-damage|p1a: BKC|88\/100|[from] Stealth Rock\n|detailschange|p1a: BKC|Kyogre-Primal\n|-primal|p1a: BKC|Blue Orb\n|-weather|PrimordialSea|[from] ability: Primordial Sea|[of] p1a: BKC\n|move|p2a: Arceus|Recover|p2a: Arceus\n|-heal|p2a: Arceus|100\/100 brn\n|\n|-weather|PrimordialSea|[upkeep]\n|-damage|p2a: Arceus|94\/100 brn|[from] brn\n|upkeep\n|turn|15\n|l| MuMuelsyse\n|\n|t:|1699011719\n|-terastallize|p2a: Arceus|Water\n|move|p2a: Arceus|Judgment|p1a: BKC\n|-damage|p1a: BKC|59\/100\n|move|p1a: BKC|Origin Pulse|p2a: Arceus|[miss]\n|-miss|p1a: BKC|p2a: Arceus\n|\n|-weather|PrimordialSea|[upkeep]\n|-damage|p2a: Arceus|88\/100 brn|[from] brn\n|upkeep\n|turn|16\n|\n|t:|1699011727\n|move|p2a: Arceus|Judgment|p1a: BKC\n|-damage|p1a: BKC|30\/100\n|move|p1a: BKC|Thunder|p2a: Arceus\n|-supereffective|p2a: Arceus\n|-damage|p2a: Arceus|25\/100 brn\n|\n|-weather|PrimordialSea|[upkeep]\n|-damage|p2a: Arceus|19\/100 brn|[from] brn\n|upkeep\n|turn|17\n|\n|t:|1699011736\n|move|p2a: Arceus|Judgment|p1a: BKC\n|-damage|p1a: BKC|3\/100\n|move|p1a: BKC|Thunder|p2a: Arceus\n|-supereffective|p2a: Arceus\n|-crit|p2a: Arceus\n|-damage|p2a: Arceus|0 fnt\n|faint|p2a: Arceus\n|\n|-weather|PrimordialSea|[upkeep]\n|upkeep\n|\n|t:|1699011744\n|switch|p2a: Ditto|Ditto, shiny|13\/100\n|-damage|p2a: Ditto|1\/100|[from] Stealth Rock\n|-transform|p2a: Ditto|p1a: BKC|[from] ability: Imposter\n|turn|18\n|\n|t:|1699011750\n|move|p2a: Ditto|Ice Beam|p1a: BKC\n|-resisted|p1a: BKC\n|-damage|p1a: BKC|0 fnt\n|faint|p1a: BKC\n|\n|-weather|PrimordialSea|[upkeep]\n|upkeep\n|\n|t:|1699011757\n|switch|p1a: birdspam|Ho-Oh|100\/100 tox\n|turn|19\n|\n|t:|1699011760\n|move|p2a: Ditto|Ice Beam|p1a: birdspam\n|-damage|p1a: birdspam|80\/100 tox\n|move|p1a: birdspam|Defog|p2a: Ditto\n|-unboost|p2a: Ditto|evasion|1\n|-sideend|p2: KurumiTokisakilove|Stealth Rock|[from] move: Defog|[of] p1a: birdspam\n|-sideend|p1: FunnyValentine2|Stealth Rock|[from] move: Defog|[of] p1a: birdspam\n|\n|-weather|PrimordialSea|[upkeep]\n|-damage|p1a: birdspam|74\/100 tox|[from] psn\n|upkeep\n|turn|20\n|\n|t:|1699011771\n|-weather|none\n|switch|p2a: Magearna|Magearna|100\/100\n|move|p1a: birdspam|Whirlwind|p2a: Magearna\n|drag|p2a: Ditto|Ditto, shiny|1\/100\n|-transform|p2a: Ditto|p1a: birdspam|[from] ability: Imposter\n|\n|-damage|p1a: birdspam|62\/100 tox|[from] psn\n|upkeep\n|turn|21\n|\n|t:|1699011778\n|switch|p2a: Magearna|Magearna|100\/100\n|move|p1a: birdspam|Sacred Fire|p2a: Magearna\n|-supereffective|p2a: Magearna\n|-damage|p2a: Magearna|24\/100\n|\n|-damage|p1a: birdspam|44\/100 tox|[from] psn\n|upkeep\n|turn|22\n|\n|t:|1699011782\n|switch|p1a: kid named eruption|Groudon|100\/100\n|detailschange|p1a: kid named eruption|Groudon-Primal\n|-primal|p1a: kid named eruption|Red Orb\n|-weather|DesolateLand|[from] ability: Desolate Land|[of] p1a: kid named eruption\n|switch|p2a: Ditto|Ditto, shiny|34\/100\n|-transform|p2a: Ditto|p1a: kid named eruption|[from] ability: Imposter\n|\n|-weather|DesolateLand|[upkeep]\n|upkeep\n|turn|23\n|inactive|FunnyValentine2 has 120 seconds left.\n|\n|t:|1699011814\n|switch|p1a: birdspam|Ho-Oh|77\/100 tox\n|move|p2a: Ditto|Precipice Blades|p1a: birdspam\n|-immune|p1a: birdspam\n|\n|-weather|DesolateLand|[upkeep]\n|-damage|p1a: birdspam|71\/100 tox|[from] psn\n|upkeep\n|turn|24\n|\n|t:|1699011824\n|-weather|none\n|switch|p2a: Magearna|Magearna|24\/100\n|move|p1a: birdspam|Sacred Fire|p2a: Magearna\n|-supereffective|p2a: Magearna\n|-damage|p2a: Magearna|0 fnt\n|faint|p2a: Magearna\n|\n|-damage|p1a: birdspam|59\/100 tox|[from] psn\n|upkeep\n|\n|t:|1699011826\n|switch|p2a: Necrozma|Necrozma-Ultra|88\/100\n|turn|25\n|\n|t:|1699011844\n|switch|p1a: Necrozma|Necrozma-Ultra|30\/100\n|-zpower|p2a: Necrozma\n|move|p2a: Necrozma|Light That Burns the Sky|p1a: Necrozma|[zeffect]\n|-resisted|p1a: Necrozma\n|-damage|p1a: Necrozma|0 fnt\n|faint|p1a: Necrozma\n|\n|upkeep\n|inactive|FunnyValentine2 has 120 seconds left.\n|\n|t:|1699011857\n|switch|p1a: kid named eruption|Groudon-Primal|100\/100\n|-weather|DesolateLand|[from] ability: Desolate Land|[of] p1a: kid named eruption\n|turn|26\n|\n|t:|1699011862\n|move|p2a: Necrozma|Earth Power|p1a: kid named eruption\n|-supereffective|p1a: kid named eruption\n|-damage|p1a: kid named eruption|15\/100\n|move|p1a: kid named eruption|Precipice Blades|p2a: Necrozma\n|-damage|p2a: Necrozma|2\/100\n|\n|-weather|DesolateLand|[upkeep]\n|upkeep\n|turn|27\n|\n|t:|1699011873\n|move|p2a: Necrozma|Photon Geyser|p1a: kid named eruption\n|-damage|p1a: kid named eruption|0 fnt\n|faint|p1a: kid named eruption\n|-weather|none\n|\n|upkeep\n|\n|t:|1699011880\n|switch|p1a: jonker|Arceus|78\/100\n|turn|28\n|\n|t:|1699011882\n|move|p1a: jonker|Extreme Speed|p2a: Necrozma\n|-damage|p2a: Necrozma|0 fnt\n|faint|p2a: Necrozma\n|-damage|p1a: jonker|69\/100|[from] item: Life Orb\n|\n|upkeep\n|\n|t:|1699011884\n|switch|p2a: Ditto|Ditto, shiny|34\/100\n|-transform|p2a: Ditto|p1a: jonker|[from] ability: Imposter\n|turn|29\n|\n|t:|1699011890\n|-terastallize|p1a: jonker|Ghost\n|move|p2a: Ditto|Extreme Speed|p1a: jonker\n|-immune|p1a: jonker\n|move|p1a: jonker|Extreme Speed|p2a: Ditto\n|-damage|p2a: Ditto|0 fnt\n|faint|p2a: Ditto\n|-damage|p1a: jonker|59\/100|[from] item: Life Orb\n|\n|win|FunnyValentine2\n|raw|FunnyValentine2's rating: 1694 &rarr; <strong>1727<\/strong><br \/>(+33 for winning)\n|raw|KurumiTokisakilove's rating: 1950 &rarr; <strong>1917<\/strong><br \/>(-33 for losing)\n|l|\u2606KurumiTokisakilove\n|c|\u2606FunnyValentine2|gg\n|l|\u2606FunnyValentine2\n","uploadtime":1699012096,"views":21,"p1id":"funnyvalentine2","p2id":"kurumitokisakilove","formatid":"gen9nationaldexubers","rating":1727,"private":0,"password":""}