{"id":"gen9nationaldexubers-1981115611","p1":"Neosouls","p2":"Half_A_Ako","format":"[Gen 9] National Dex Ubers","log":"|j|\u2606Neosouls\n|j|\u2606Half_A_Ako\n|t:|1698864762\n|gametype|singles\n|player|p1|Neosouls|266|\n|player|p2|Half_A_Ako|victor-dojo|\n|teamsize|p1|3\n|teamsize|p2|3\n|gen|9\n|tier|[Gen 9] National Dex Ubers\n|rule|HP Percentage Mod: HP is shown in percentages\n|rule|Endless Battle Clause: Forcing endless battles is banned\n|rule|OHKO Clause: OHKO moves are banned\n|rule|Evasion Moves Clause: Evasion moves are banned\n|rule|Evasion Items Clause: Evasion items are banned\n|rule|Species Clause: Limit one of each Pok\u00e9mon\n|rule|Sleep Clause Mod: Limit one foe put to sleep\n|rule|Mega Rayquaza Clause: You cannot mega evolve Rayquaza\n|clearpoke\n|poke|p1|Pinsir, L20, M|\n|poke|p1|Venonat, L18, F|\n|poke|p1|Ariados, L16, F|\n|poke|p2|Dartrix, L25, M|\n|poke|p2|Gabite, L25, F|\n|poke|p2|Luxio, L21, M|\n|teampreview\n|\n|t:|1698864824\n|start\n|switch|p1a: Venonat|Venonat, L18, F|100\/100\n|switch|p2a: King|Gabite, L25, F|100\/100\n|turn|1\n|\n|t:|1698864835\n|move|p2a: King|Bulldoze|p1a: Venonat\n|-damage|p1a: Venonat|0 fnt\n|faint|p1a: Venonat\n|\n|upkeep\n|\n|t:|1698864844\n|switch|p1a: Ariados|Ariados, L16, F|100\/100\n|turn|2\n|\n|t:|1698864856\n|move|p2a: King|Bulldoze|p1a: Ariados\n|-damage|p1a: Ariados|10\/100\n|-unboost|p1a: Ariados|spe|1\n|move|p1a: Ariados|Fell Stinger|p2a: King\n|-crit|p2a: King\n|-damage|p2a: King|60\/100\n|-damage|p1a: Ariados|0 fnt|[from] ability: Rough Skin|[of] p2a: King\n|faint|p1a: Ariados\n|\n|upkeep\n|\n|t:|1698864865\n|switch|p1a: Pinsir|Pinsir, L20, M|100\/100\n|-ability|p1a: Pinsir|Mold Breaker\n|turn|3\n|\n|t:|1698864873\n|move|p2a: King|Bulldoze|p1a: Pinsir\n|-resisted|p1a: Pinsir\n|-damage|p1a: Pinsir|76\/100\n|-unboost|p1a: Pinsir|spe|1\n|move|p1a: Pinsir|Storm Throw|p2a: King\n|-crit|p2a: King\n|-damage|p2a: King|23\/100\n|-damage|p1a: Pinsir|65\/100|[from] ability: Rough Skin|[of] p2a: King\n|\n|upkeep\n|turn|4\n|\n|t:|1698864884\n|move|p2a: King|Dragon Pulse|p1a: Pinsir\n|-damage|p1a: Pinsir|17\/100\n|move|p1a: Pinsir|Storm Throw|p2a: King\n|-crit|p2a: King\n|-damage|p2a: King|0 fnt\n|-damage|p1a: Pinsir|5\/100|[from] ability: Rough Skin|[of] p2a: King\n|faint|p2a: King\n|\n|upkeep\n|\n|t:|1698864894\n|switch|p2a: Robindibou|Dartrix, L25, M|100\/100\n|turn|5\n|\n|t:|1698864899\n|move|p2a: Robindibou|Pluck|p1a: Pinsir\n|-supereffective|p1a: Pinsir\n|-damage|p1a: Pinsir|0 fnt\n|faint|p1a: Pinsir\n|\n|win|Half_A_Ako\n","uploadtime":1698864909,"views":9,"p1id":"neosouls","p2id":"halfaako","formatid":"gen9nationaldexubers","rating":0,"private":0,"password":""}