{"id":"gen9nationaldexubers-1986114392","p1":"zacdog2006","p2":"Rhyfinn sr.","format":"[Gen 9] National Dex Ubers","log":"|j|\u2606zacdog2006\n|j|\u2606Rhyfinn sr.\n|t:|1699451538\n|gametype|singles\n|player|p1|zacdog2006|nate|1186\n|player|p2|Rhyfinn sr.|alder|1091\n|teamsize|p1|6\n|teamsize|p2|6\n|gen|9\n|tier|[Gen 9] National Dex Ubers\n|rated|\n|rule|HP Percentage Mod: HP is shown in percentages\n|rule|Endless Battle Clause: Forcing endless battles is banned\n|rule|OHKO Clause: OHKO moves are banned\n|rule|Evasion Moves Clause: Evasion moves are banned\n|rule|Evasion Items Clause: Evasion items are banned\n|rule|Species Clause: Limit one of each Pok\u00e9mon\n|rule|Sleep Clause Mod: Limit one foe put to sleep\n|rule|Mega Rayquaza Clause: You cannot mega evolve Rayquaza\n|clearpoke\n|poke|p1|Rotom-Fan|\n|poke|p1|Shaymin-Sky|\n|poke|p1|Aerodactyl, M|\n|poke|p1|Enamorus-Therian, F|\n|poke|p1|Oricorio, F|\n|poke|p1|Vivillon-Pokeball, F|\n|poke|p2|Groudon|\n|poke|p2|Ho-Oh|\n|poke|p2|Xerneas-*|\n|poke|p2|Marshadow|\n|poke|p2|Urshifu-*, F|\n|poke|p2|Necrozma-Dusk-Mane|\n|teampreview\n|inactive|Battle timer is ON: inactive players will automatically lose when time's up. (requested by zacdog2006)\n|inactive|Rhyfinn sr. also wants the timer to be on.\n|inactive|Rhyfinn sr. has 120 seconds left.\n|\n|t:|1699451578\n|start\n|switch|p1a: Rotom|Rotom-Fan|100\/100\n|switch|p2a: Necrozma|Necrozma-Dusk-Mane|100\/100\n|turn|1\n|\n|t:|1699451602\n|move|p1a: Rotom|Thunder Wave|p2a: Necrozma\n|-status|p2a: Necrozma|par\n|cant|p2a: Necrozma|par\n|\n|upkeep\n|turn|2\n|\n|t:|1699451612\n|switch|p2a: Groudon|Groudon|100\/100\n|detailschange|p2a: Groudon|Groudon-Primal\n|-primal|p2a: Groudon|Red Orb\n|-weather|DesolateLand|[from] ability: Desolate Land|[of] p2a: Groudon\n|move|p1a: Rotom|Nasty Plot|p1a: Rotom\n|-boost|p1a: Rotom|spa|2\n|\n|-weather|DesolateLand|[upkeep]\n|upkeep\n|turn|3\n|\n|t:|1699451623\n|move|p1a: Rotom|Air Slash|p2a: Groudon\n|-damage|p2a: Groudon|25\/100\n|move|p2a: Groudon|Rock Polish|p2a: Groudon\n|-boost|p2a: Groudon|spe|2\n|\n|-weather|DesolateLand|[upkeep]\n|upkeep\n|turn|4\n|\n|t:|1699451629\n|move|p2a: Groudon|Flamethrower|p1a: Rotom\n|-enditem|p1a: Rotom|Focus Sash\n|-damage|p1a: Rotom|1\/100\n|move|p1a: Rotom|Air Slash|p2a: Groudon\n|-damage|p2a: Groudon|0 fnt\n|faint|p2a: Groudon\n|-weather|none\n|\n|upkeep\n|\n|t:|1699451636\n|switch|p2a: Urshifu|Urshifu, F|100\/100\n|turn|5\n|\n|t:|1699451640\n|move|p2a: Urshifu|U-turn|p1a: Rotom\n|-resisted|p1a: Rotom\n|-damage|p1a: Rotom|0 fnt\n|faint|p1a: Rotom\n|\n|t:|1699451648\n|switch|p2a: Xerneas|Xerneas|100\/100|[from] U-turn\n|-ability|p2a: Xerneas|Fairy Aura\n|\n|upkeep\n|\n|t:|1699451664\n|switch|p1a: Shaymin|Shaymin-Sky|100\/100\n|turn|6\n|\n|t:|1699451672\n|move|p1a: Shaymin|Seed Flare|p2a: Xerneas\n|-damage|p2a: Xerneas|53\/100\n|-unboost|p2a: Xerneas|spd|2\n|move|p2a: Xerneas|Geomancy||[still]\n|-prepare|p2a: Xerneas|Geomancy\n|-enditem|p2a: Xerneas|Power Herb\n|-anim|p2a: Xerneas|Geomancy|p2a: Xerneas\n|-boost|p2a: Xerneas|spa|2\n|-boost|p2a: Xerneas|spd|2\n|-boost|p2a: Xerneas|spe|2\n|\n|upkeep\n|turn|7\n|\n|t:|1699451681\n|move|p2a: Xerneas|Moonblast|p1a: Shaymin\n|-damage|p1a: Shaymin|0 fnt\n|faint|p1a: Shaymin\n|\n|upkeep\n|\n|t:|1699451697\n|switch|p1a: Vivillon|Vivillon-Pokeball, F|100\/100\n|turn|8\n|\n|t:|1699451703\n|move|p2a: Xerneas|Moonblast|p1a: Vivillon\n|-enditem|p1a: Vivillon|Focus Sash\n|-damage|p1a: Vivillon|1\/100\n|move|p1a: Vivillon|Air Slash|p2a: Xerneas\n|-damage|p2a: Xerneas|27\/100\n|\n|upkeep\n|turn|9\n|\n|t:|1699451712\n|move|p2a: Xerneas|Moonblast|p1a: Vivillon\n|-damage|p1a: Vivillon|0 fnt\n|faint|p1a: Vivillon\n|\n|upkeep\n|\n|t:|1699451719\n|switch|p1a: Oricorio|Oricorio, F|100\/100\n|turn|10\n|\n|t:|1699451724\n|move|p2a: Xerneas|Psyshock|p1a: Oricorio\n|-damage|p1a: Oricorio|4\/100\n|move|p1a: Oricorio|Revelation Dance|p2a: Xerneas\n|-damage|p2a: Xerneas|0 fnt\n|faint|p2a: Xerneas\n|\n|upkeep\n|\n|t:|1699451740\n|switch|p2a: Urshifu|Urshifu, F|100\/100\n|turn|11\n|\n|t:|1699451749\n|move|p2a: Urshifu|U-turn|p1a: Oricorio\n|-resisted|p1a: Oricorio\n|-damage|p1a: Oricorio|0 fnt\n|faint|p1a: Oricorio\n|\n|t:|1699451754\n|switch|p2a: Necrozma|Necrozma-Dusk-Mane|100\/100 par|[from] U-turn\n|\n|upkeep\n|\n|t:|1699451760\n|switch|p1a: Enamorus|Enamorus-Therian, F|100\/100\n|turn|12\n|\n|t:|1699451764\n|cant|p2a: Necrozma|par\n|move|p1a: Enamorus|Iron Defense|p1a: Enamorus\n|-boost|p1a: Enamorus|def|2\n|\n|upkeep\n|turn|13\n|\n|t:|1699451771\n|cant|p2a: Necrozma|par\n|move|p1a: Enamorus|Iron Defense|p1a: Enamorus\n|-boost|p1a: Enamorus|def|2\n|\n|upkeep\n|turn|14\n|\n|t:|1699451781\n|switch|p2a: Ho-Oh|Ho-Oh|100\/100\n|move|p1a: Enamorus|Iron Defense|p1a: Enamorus\n|-boost|p1a: Enamorus|def|2\n|\n|upkeep\n|turn|15\n|\n|t:|1699451788\n|-terastallize|p1a: Enamorus|Ground\n|move|p1a: Enamorus|Calm Mind|p1a: Enamorus\n|-boost|p1a: Enamorus|spa|1\n|-boost|p1a: Enamorus|spd|1\n|move|p2a: Ho-Oh|Whirlwind|p1a: Enamorus\n|drag|p1a: Aerodactyl|Aerodactyl, M|100\/100\n|\n|upkeep\n|turn|16\n|\n|t:|1699451796\n|switch|p2a: Necrozma|Necrozma-Dusk-Mane|100\/100 par\n|detailschange|p1a: Aerodactyl|Aerodactyl-Mega, M\n|-mega|p1a: Aerodactyl|Aerodactyl|Aerodactylite\n|move|p1a: Aerodactyl|Hone Claws|p1a: Aerodactyl\n|-boost|p1a: Aerodactyl|atk|1\n|-boost|p1a: Aerodactyl|accuracy|1\n|\n|upkeep\n|turn|17\n|\n|t:|1699451805\n|detailschange|p2a: Necrozma|Necrozma-Ultra\n|-burst|p2a: Necrozma|Necrozma|Ultranecrozium Z\n|move|p1a: Aerodactyl|Crunch|p2a: Necrozma\n|-supereffective|p2a: Necrozma\n|-damage|p2a: Necrozma|0 fnt\n|faint|p2a: Necrozma\n|\n|upkeep\n|\n|t:|1699451817\n|switch|p2a: Urshifu|Urshifu, F|100\/100\n|turn|18\n|\n|t:|1699451828\n|move|p2a: Urshifu|Close Combat|p1a: Aerodactyl\n|-damage|p1a: Aerodactyl|19\/100\n|-unboost|p2a: Urshifu|def|1\n|-unboost|p2a: Urshifu|spd|1\n|move|p1a: Aerodactyl|Dual Wingbeat|p2a: Urshifu\n|-supereffective|p2a: Urshifu\n|-damage|p2a: Urshifu|0 fnt\n|faint|p2a: Urshifu\n|-hitcount|p2: Urshifu|1\n|\n|upkeep\n|\n|t:|1699451832\n|switch|p2a: Marshadow|Marshadow|100\/100\n|turn|19\n|\n|t:|1699451844\n|move|p2a: Marshadow|Shadow Sneak|p1a: Aerodactyl\n|-damage|p1a: Aerodactyl|0 fnt\n|faint|p1a: Aerodactyl\n|\n|upkeep\n|\n|t:|1699451847\n|switch|p1a: Enamorus|Enamorus-Therian, F, tera:Ground|100\/100\n|turn|20\n|\n|t:|1699451857\n|move|p2a: Marshadow|Spectral Thief|p1a: Enamorus\n|-damage|p1a: Enamorus|64\/100\n|move|p1a: Enamorus|Draining Kiss|p2a: Marshadow\n|-supereffective|p2a: Marshadow\n|-damage|p2a: Marshadow|51\/100\n|-heal|p1a: Enamorus|100\/100|[from] drain|[of] p2a: Marshadow\n|\n|upkeep\n|turn|21\n|\n|t:|1699451866\n|switch|p2a: Ho-Oh|Ho-Oh|100\/100\n|move|p1a: Enamorus|Draining Kiss|p2a: Ho-Oh\n|-resisted|p2a: Ho-Oh\n|-damage|p2a: Ho-Oh|95\/100\n|\n|upkeep\n|turn|22\n|\n|t:|1699451871\n|move|p2a: Ho-Oh|Will-O-Wisp|p1a: Enamorus\n|-status|p1a: Enamorus|brn\n|move|p1a: Enamorus|Iron Defense|p1a: Enamorus\n|-boost|p1a: Enamorus|def|2\n|\n|-damage|p1a: Enamorus|94\/100 brn|[from] brn\n|upkeep\n|turn|23\n|\n|t:|1699451881\n|switch|p2a: Marshadow|Marshadow|51\/100\n|move|p1a: Enamorus|Calm Mind|p1a: Enamorus\n|-boost|p1a: Enamorus|spa|1\n|-boost|p1a: Enamorus|spd|1\n|\n|-heal|p1a: Enamorus|100\/100 brn|[from] item: Leftovers\n|-damage|p1a: Enamorus|94\/100 brn|[from] brn\n|upkeep\n|turn|24\n|\n|t:|1699451889\n|-terastallize|p2a: Marshadow|Normal\n|move|p2a: Marshadow|Spectral Thief||[still]\n|-clearpositiveboost|p1a: Enamorus|p2a: Marshadow|move: Spectral Thief\n|-boost|p2a: Marshadow|def|2\n|-boost|p2a: Marshadow|spa|1\n|-boost|p2a: Marshadow|spd|1\n|-anim|p2a: Marshadow|Spectral Thief|p1a: Enamorus\n|-damage|p1a: Enamorus|55\/100 brn\n|move|p1a: Enamorus|Draining Kiss|p2a: Marshadow\n|-damage|p2a: Marshadow|34\/100\n|-heal|p1a: Enamorus|70\/100 brn|[from] drain|[of] p2a: Marshadow\n|\n|-heal|p1a: Enamorus|76\/100 brn|[from] item: Leftovers\n|-damage|p1a: Enamorus|70\/100 brn|[from] brn\n|upkeep\n|turn|25\n|\n|t:|1699451904\n|move|p2a: Marshadow|Spectral Thief|p1a: Enamorus\n|-damage|p1a: Enamorus|29\/100 brn\n|move|p1a: Enamorus|Earth Power|p2a: Marshadow\n|-damage|p2a: Marshadow|4\/100\n|\n|-heal|p1a: Enamorus|36\/100 brn|[from] item: Leftovers\n|-damage|p1a: Enamorus|29\/100 brn|[from] brn\n|upkeep\n|turn|26\n|\n|t:|1699451914\n|move|p2a: Marshadow|Spectral Thief|p1a: Enamorus\n|-damage|p1a: Enamorus|0 fnt\n|faint|p1a: Enamorus\n|\n|win|Rhyfinn sr.\n|raw|zacdog2006's rating: 1186 &rarr; <strong>1154<\/strong><br \/>(-32 for losing)\n|raw|Rhyfinn sr.'s rating: 1091 &rarr; <strong>1124<\/strong><br \/>(+33 for winning)\n|l|\u2606zacdog2006\n","uploadtime":1699451922,"views":4,"p1id":"zacdog2006","p2id":"rhyfinnsr","formatid":"gen9nationaldexubers","rating":1124,"private":0,"password":""}