{"id":"gen9nationaldexubers-1986648124","p1":"jkkayy","p2":"capfox1987","format":"[Gen 9] National Dex Ubers","log":"|j|\u2606jkkayy\n|j|\u2606capfox1987\n|t:|1699502199\n|gametype|singles\n|player|p1|jkkayy|palmer|\n|player|p2|capfox1987|marley|\n|teamsize|p1|6\n|teamsize|p2|6\n|gen|9\n|tier|[Gen 9] National Dex Ubers\n|rule|HP Percentage Mod: HP is shown in percentages\n|rule|Endless Battle Clause: Forcing endless battles is banned\n|rule|OHKO Clause: OHKO moves are banned\n|rule|Evasion Moves Clause: Evasion moves are banned\n|rule|Evasion Items Clause: Evasion items are banned\n|rule|Species Clause: Limit one of each Pok\u00e9mon\n|rule|Sleep Clause Mod: Limit one foe put to sleep\n|rule|Mega Rayquaza Clause: You cannot mega evolve Rayquaza\n|clearpoke\n|poke|p1|Garchomp, M|\n|poke|p1|Swampert, M|\n|poke|p1|Empoleon, M|\n|poke|p1|Virizion|\n|poke|p1|Regieleki|\n|poke|p1|Mudsdale, M|\n|poke|p2|Pelipper, M|\n|poke|p2|Swampert, F|\n|poke|p2|Kabutops, F|\n|poke|p2|Goodra, M|\n|poke|p2|Thundurus, M|\n|poke|p2|Hatterene, F|\n|teampreview\n|c|\u2606capfox1987|glhf!\n|c|\u2606jkkayy|you too!\n|\n|t:|1699502330\n|start\n|switch|p1a: Regieleki|Regieleki|100\/100\n|switch|p2a: Caribou|Swampert, F|100\/100\n|turn|1\n|j| OpTiC Waffle\n|\n|t:|1699502375\n|switch|p1a: Virizion|Virizion|100\/100\n|detailschange|p2a: Caribou|Swampert-Mega, F\n|-mega|p2a: Caribou|Swampert|Swampertite\n|move|p2a: Caribou|Earthquake|p1a: Virizion\n|-resisted|p1a: Virizion\n|-damage|p1a: Virizion|63\/100\n|\n|upkeep\n|turn|2\n|\n|t:|1699502426\n|switch|p2a: Trebol|Goodra, M|100\/100\n|move|p1a: Virizion|Giga Drain|p2a: Trebol\n|-ability|p2a: Trebol|Sap Sipper|boost\n|-boost|p2a: Trebol|atk|1\n|\n|upkeep\n|turn|3\n|\n|t:|1699502490\n|switch|p1a: Empoleon|Empoleon, M|100\/100\n|move|p2a: Trebol|Ice Beam|p1a: Empoleon\n|-resisted|p1a: Empoleon\n|-damage|p1a: Empoleon|93\/100\n|\n|-heal|p1a: Empoleon|99\/100|[from] item: Leftovers\n|upkeep\n|turn|4\n|\n|t:|1699502587\n|switch|p2a: Caribou|Swampert-Mega, F|100\/100\n|move|p1a: Empoleon|Toxic|p2a: Caribou\n|-status|p2a: Caribou|tox\n|\n|-heal|p1a: Empoleon|100\/100|[from] item: Leftovers\n|-damage|p2a: Caribou|94\/100 tox|[from] psn\n|upkeep\n|turn|5\n|\n|t:|1699502622\n|switch|p1a: Mudsdale|Mudsdale, M|100\/100\n|move|p2a: Caribou|Earthquake|p1a: Mudsdale\n|-damage|p1a: Mudsdale|64\/100\n|-ability|p1a: Mudsdale|Stamina|boost\n|-boost|p1a: Mudsdale|def|1\n|\n|-damage|p2a: Caribou|82\/100 tox|[from] psn\n|upkeep\n|turn|6\n|\n|t:|1699502682\n|switch|p2a: Pel|Pelipper, M|100\/100\n|-weather|RainDance|[from] ability: Drizzle|[of] p2a: Pel\n|-terastallize|p1a: Mudsdale|Fighting\n|move|p1a: Mudsdale|Body Press|p2a: Pel\n|-resisted|p2a: Pel\n|-damage|p2a: Pel|72\/100\n|\n|-weather|RainDance|[upkeep]\n|upkeep\n|turn|7\n|\n|t:|1699502754\n|switch|p1a: Empoleon|Empoleon, M|100\/100\n|move|p2a: Pel|Hurricane|p1a: Empoleon\n|-resisted|p1a: Empoleon\n|-damage|p1a: Empoleon|84\/100\n|-start|p1a: Empoleon|confusion\n|\n|-weather|RainDance|[upkeep]\n|-heal|p1a: Empoleon|90\/100|[from] item: Leftovers\n|upkeep\n|turn|8\n|\n|t:|1699502811\n|switch|p1a: Regieleki|Regieleki|100\/100\n|move|p2a: Pel|U-turn|p1a: Regieleki\n|-damage|p1a: Regieleki|86\/100\n|\n|t:|1699502835\n|switch|p2a: Caribou|Swampert-Mega, F|82\/100 tox|[from] U-turn\n|\n|-weather|RainDance|[upkeep]\n|-damage|p2a: Caribou|76\/100 tox|[from] psn\n|upkeep\n|turn|9\n|\n|t:|1699503009\n|move|p1a: Regieleki|Explosion|p2a: Caribou\n|-damage|p2a: Caribou|29\/100 tox\n|faint|p1a: Regieleki\n|move|p2a: Caribou|Earthquake|p1: Regieleki|[notarget]\n|-fail|p2a: Caribou\n|\n|-weather|RainDance|[upkeep]\n|-damage|p2a: Caribou|17\/100 tox|[from] psn\n|upkeep\n|\n|t:|1699503016\n|switch|p1a: Mudsdale|Mudsdale, M, tera:Fighting|64\/100\n|turn|10\n|\n|t:|1699503067\n|switch|p2a: Nico Robin|Hatterene, F|100\/100\n|move|p1a: Mudsdale|Rest|p1a: Mudsdale\n|-status|p1a: Mudsdale|slp|[from] move: Rest\n|-heal|p1a: Mudsdale|100\/100 slp|[silent]\n|-enditem|p1a: Mudsdale|Chesto Berry|[eat]\n|-curestatus|p1a: Mudsdale|slp|[msg]\n|\n|-weather|RainDance|[upkeep]\n|upkeep\n|turn|11\n|\n|t:|1699503092\n|switch|p1a: Empoleon|Empoleon, M|90\/100\n|move|p2a: Nico Robin|Reflect|p2a: Nico Robin\n|-sidestart|p2: capfox1987|Reflect\n|\n|-weather|RainDance|[upkeep]\n|-heal|p1a: Empoleon|96\/100|[from] item: Leftovers\n|upkeep\n|turn|12\n|\n|t:|1699503118\n|move|p1a: Empoleon|Flash Cannon|p2a: Nico Robin\n|-supereffective|p2a: Nico Robin\n|-damage|p2a: Nico Robin|45\/100\n|move|p2a: Nico Robin|Light Screen|p2a: Nico Robin\n|-sidestart|p2: capfox1987|move: Light Screen\n|\n|-weather|RainDance|[upkeep]\n|-heal|p1a: Empoleon|100\/100|[from] item: Leftovers\n|upkeep\n|turn|13\n|\n|t:|1699503178\n|switch|p2a: Enel|Thundurus, M|100\/100\n|move|p1a: Empoleon|Scald|p2a: Enel\n|-damage|p2a: Enel|67\/100\n|-status|p2a: Enel|brn\n|\n|-weather|none\n|-damage|p2a: Enel|61\/100 brn|[from] brn\n|upkeep\n|turn|14\n|\n|t:|1699503268\n|switch|p2a: Pel|Pelipper, M|72\/100\n|-weather|RainDance|[from] ability: Drizzle|[of] p2a: Pel\n|switch|p1a: Garchomp|Garchomp, M|100\/100\n|\n|-weather|RainDance|[upkeep]\n|upkeep\n|turn|15\n|\n|t:|1699503345\n|detailschange|p1a: Garchomp|Garchomp-Mega, M\n|-mega|p1a: Garchomp|Garchomp|Garchompite\n|move|p1a: Garchomp|Swords Dance|p1a: Garchomp\n|-boost|p1a: Garchomp|atk|2\n|move|p2a: Pel|Scald|p1a: Garchomp\n|-damage|p1a: Garchomp|43\/100\n|-status|p1a: Garchomp|brn\n|\n|-weather|RainDance|[upkeep]\n|-damage|p1a: Garchomp|37\/100 brn|[from] brn\n|upkeep\n|turn|16\n|\n|t:|1699503399\n|move|p1a: Garchomp|Stone Edge|p2a: Pel\n|-supereffective|p2a: Pel\n|-damage|p2a: Pel|19\/100\n|move|p2a: Pel|Scald|p1a: Garchomp\n|-damage|p1a: Garchomp|0 fnt\n|faint|p1a: Garchomp\n|\n|-weather|RainDance|[upkeep]\n|upkeep\n|\n|t:|1699503421\n|switch|p1a: Empoleon|Empoleon, M|100\/100\n|turn|17\n|\n|t:|1699503509\n|switch|p2a: Enel|Thundurus, M|61\/100 brn\n|move|p1a: Empoleon|Scald|p2a: Enel\n|-damage|p2a: Enel|28\/100 brn\n|\n|-weather|RainDance|[upkeep]\n|-damage|p2a: Enel|22\/100 brn|[from] brn\n|upkeep\n|turn|18\n|\n|t:|1699503520\n|move|p2a: Enel|Superpower|p1a: Empoleon\n|-supereffective|p1a: Empoleon\n|-damage|p1a: Empoleon|61\/100\n|-unboost|p2a: Enel|atk|1\n|-unboost|p2a: Enel|def|1\n|move|p1a: Empoleon|Roost|p1a: Empoleon\n|-heal|p1a: Empoleon|100\/100\n|-singleturn|p1a: Empoleon|move: Roost\n|\n|-weather|RainDance|[upkeep]\n|-damage|p2a: Enel|16\/100 brn|[from] brn\n|-sideend|p2: capfox1987|Reflect\n|upkeep\n|turn|19\n|\n|t:|1699503542\n|move|p2a: Enel|Superpower|p1a: Empoleon\n|-supereffective|p1a: Empoleon\n|-damage|p1a: Empoleon|73\/100\n|-unboost|p2a: Enel|atk|1\n|-unboost|p2a: Enel|def|1\n|move|p1a: Empoleon|Scald|p2a: Enel\n|-damage|p2a: Enel|0 fnt\n|faint|p2a: Enel\n|\n|-weather|RainDance|[upkeep]\n|-heal|p1a: Empoleon|79\/100|[from] item: Leftovers\n|-sideend|p2: capfox1987|move: Light Screen\n|upkeep\n|\n|t:|1699503595\n|switch|p2a: Caribou|Swampert-Mega, F|17\/100 tox\n|turn|20\n|\n|t:|1699503604\n|switch|p1a: Swampert|Swampert, M|100\/100\n|move|p2a: Caribou|Earthquake|p1a: Swampert\n|-damage|p1a: Swampert|56\/100\n|\n|-weather|RainDance|[upkeep]\n|-heal|p1a: Swampert|62\/100|[from] item: Leftovers\n|-damage|p2a: Caribou|11\/100 tox|[from] psn\n|upkeep\n|turn|21\n|\n|t:|1699503665\n|switch|p2a: Nico Robin|Hatterene, F|45\/100\n|move|p1a: Swampert|Protect||[still]\n|-fail|p1a: Swampert\n|\n|-weather|none\n|-heal|p1a: Swampert|68\/100|[from] item: Leftovers\n|upkeep\n|turn|22\n|\n|t:|1699503688\n|move|p1a: Swampert|Flip Turn|p2a: Nico Robin\n|-crit|p2a: Nico Robin\n|-damage|p2a: Nico Robin|15\/100\n|\n|t:|1699503695\n|switch|p1a: Empoleon|Empoleon, M|79\/100|[from] Flip Turn\n|move|p2a: Nico Robin|Light Screen|p2a: Nico Robin\n|-sidestart|p2: capfox1987|move: Light Screen\n|\n|-heal|p1a: Empoleon|85\/100|[from] item: Leftovers\n|upkeep\n|turn|23\n|\n|t:|1699503704\n|move|p1a: Empoleon|Flash Cannon|p2a: Nico Robin\n|-supereffective|p2a: Nico Robin\n|-damage|p2a: Nico Robin|0 fnt\n|faint|p2a: Nico Robin\n|\n|-heal|p1a: Empoleon|91\/100|[from] item: Leftovers\n|upkeep\n|\n|t:|1699503718\n|switch|p2a: Senor Pink|Kabutops, F|100\/100\n|turn|24\n|\n|t:|1699503844\n|switch|p1a: Swampert|Swampert, M|68\/100\n|-terastallize|p2a: Senor Pink|Dark\n|move|p2a: Senor Pink|Knock Off|p1a: Swampert\n|-damage|p1a: Swampert|26\/100\n|-enditem|p1a: Swampert|Leftovers|[from] move: Knock Off|[of] p2a: Senor Pink\n|-damage|p2a: Senor Pink|91\/100|[from] item: Life Orb\n|\n|upkeep\n|turn|25\n|\n|t:|1699503906\n|move|p2a: Senor Pink|Brick Break|p1a: Swampert\n|-damage|p1a: Swampert|5\/100\n|-damage|p2a: Senor Pink|81\/100|[from] item: Life Orb\n|move|p1a: Swampert|Earthquake|p2a: Senor Pink\n|-damage|p2a: Senor Pink|33\/100\n|\n|upkeep\n|turn|26\n|\n|t:|1699503965\n|move|p2a: Senor Pink|Knock Off|p1a: Swampert\n|-damage|p1a: Swampert|0 fnt\n|faint|p1a: Swampert\n|-damage|p2a: Senor Pink|23\/100|[from] item: Life Orb\n|\n|upkeep\n|l|\u2606capfox1987\n|player|p2|\n|\n|t:|1699504037\n|switch|p1a: Mudsdale|Mudsdale, M, tera:Fighting|100\/100\n|turn|27\n|j|\u2606capfox1987\n|player|p2|capfox1987|marley\n|c|\u2606capfox1987|phew it DC'd but let me back in\n|c|\u2606jkkayy|oh thank god\n|\n|t:|1699504112\n|switch|p2a: Pel|Pelipper, M|19\/100\n|-weather|RainDance|[from] ability: Drizzle|[of] p2a: Pel\n|move|p1a: Mudsdale|Body Press|p2a: Pel\n|-resisted|p2a: Pel\n|-damage|p2a: Pel|0 fnt\n|faint|p2a: Pel\n|\n|-weather|RainDance|[upkeep]\n|upkeep\n|\n|t:|1699504140\n|switch|p2a: Trebol|Goodra, M|100\/100\n|turn|28\n|\n|t:|1699504149\n|switch|p1a: Empoleon|Empoleon, M|91\/100\n|move|p2a: Trebol|Scald|p1a: Empoleon\n|-resisted|p1a: Empoleon\n|-damage|p1a: Empoleon|73\/100\n|\n|-weather|RainDance|[upkeep]\n|-heal|p1a: Empoleon|79\/100|[from] item: Leftovers\n|upkeep\n|turn|29\n|\n|t:|1699504183\n|move|p2a: Trebol|Scald|p1a: Empoleon\n|-resisted|p1a: Empoleon\n|-damage|p1a: Empoleon|59\/100\n|-status|p1a: Empoleon|brn\n|move|p1a: Empoleon|Toxic|p2a: Trebol\n|-status|p2a: Trebol|tox\n|\n|-weather|RainDance|[upkeep]\n|-heal|p1a: Empoleon|65\/100 brn|[from] item: Leftovers\n|-damage|p2a: Trebol|94\/100 tox|[from] psn\n|-damage|p1a: Empoleon|59\/100 brn|[from] brn\n|-sideend|p2: capfox1987|move: Light Screen\n|upkeep\n|turn|30\n|\n|t:|1699504196\n|move|p2a: Trebol|Scald|p1a: Empoleon\n|-resisted|p1a: Empoleon\n|-damage|p1a: Empoleon|40\/100 brn\n|move|p1a: Empoleon|Roost|p1a: Empoleon\n|-heal|p1a: Empoleon|90\/100 brn\n|-singleturn|p1a: Empoleon|move: Roost\n|\n|-weather|RainDance|[upkeep]\n|-heal|p1a: Empoleon|96\/100 brn|[from] item: Leftovers\n|-damage|p2a: Trebol|82\/100 tox|[from] psn\n|-damage|p1a: Empoleon|90\/100 brn|[from] brn\n|upkeep\n|turn|31\n|\n|t:|1699504230\n|move|p2a: Trebol|Scald|p1a: Empoleon\n|-resisted|p1a: Empoleon\n|-damage|p1a: Empoleon|71\/100 brn\n|move|p1a: Empoleon|Scald|p2a: Trebol\n|-resisted|p2a: Trebol\n|-damage|p2a: Trebol|68\/100 tox\n|\n|-weather|RainDance|[upkeep]\n|-heal|p1a: Empoleon|77\/100 brn|[from] item: Leftovers\n|-damage|p2a: Trebol|50\/100 tox|[from] psn\n|-damage|p1a: Empoleon|71\/100 brn|[from] brn\n|upkeep\n|turn|32\n|\n|t:|1699504241\n|move|p2a: Trebol|Scald|p1a: Empoleon\n|-resisted|p1a: Empoleon\n|-damage|p1a: Empoleon|51\/100 brn\n|move|p1a: Empoleon|Roost|p1a: Empoleon\n|-heal|p1a: Empoleon|100\/100 brn\n|-singleturn|p1a: Empoleon|move: Roost\n|\n|-weather|RainDance|[upkeep]\n|-damage|p2a: Trebol|26\/100 tox|[from] psn\n|-damage|p1a: Empoleon|94\/100 brn|[from] brn\n|upkeep\n|turn|33\n|\n|t:|1699504258\n|move|p2a: Trebol|Scald|p1a: Empoleon\n|-resisted|p1a: Empoleon\n|-damage|p1a: Empoleon|75\/100 brn\n|move|p1a: Empoleon|Flash Cannon|p2a: Trebol\n|-damage|p2a: Trebol|7\/100 tox\n|\n|-weather|RainDance|[upkeep]\n|-heal|p1a: Empoleon|81\/100 brn|[from] item: Leftovers\n|-damage|p2a: Trebol|0 fnt|[from] psn\n|faint|p2a: Trebol\n|-damage|p1a: Empoleon|75\/100 brn|[from] brn\n|upkeep\n|\n|t:|1699504270\n|switch|p2a: Caribou|Swampert-Mega, F|11\/100 tox\n|turn|34\n|\n|t:|1699504279\n|move|p2a: Caribou|Earthquake|p1a: Empoleon\n|-supereffective|p1a: Empoleon\n|-damage|p1a: Empoleon|0 fnt\n|faint|p1a: Empoleon\n|\n|-weather|none\n|-damage|p2a: Caribou|5\/100 tox|[from] psn\n|upkeep\n|\n|t:|1699504285\n|switch|p1a: Virizion|Virizion|63\/100\n|turn|35\n|\n|t:|1699504306\n|move|p1a: Virizion|Giga Drain|p2a: Caribou\n|-supereffective|p2a: Caribou\n|-damage|p2a: Caribou|0 fnt\n|-heal|p1a: Virizion|65\/100|[from] drain|[of] p2a: Caribou\n|faint|p2a: Caribou\n|-damage|p1a: Virizion|56\/100|[from] item: Life Orb\n|\n|upkeep\n|\n|t:|1699504312\n|switch|p2a: Senor Pink|Kabutops, F, tera:Dark|23\/100\n|turn|36\n|\n|t:|1699504317\n|move|p2a: Senor Pink|Leech Life|p1a: Virizion\n|-damage|p1a: Virizion|13\/100\n|-heal|p2a: Senor Pink|52\/100|[from] drain|[of] p1a: Virizion\n|-damage|p2a: Senor Pink|42\/100|[from] item: Life Orb\n|move|p1a: Virizion|Giga Drain|p2a: Senor Pink\n|-damage|p2a: Senor Pink|0 fnt\n|-heal|p1a: Virizion|28\/100|[from] drain|[of] p2a: Senor Pink\n|faint|p2a: Senor Pink\n|-damage|p1a: Virizion|19\/100|[from] item: Life Orb\n|\n|win|jkkayy\n|c|\u2606capfox1987|GGs!\n|c|\u2606jkkayy|holy wow what a game! GGs dude!\n|j| MrMeasly14\n|c| MrMeasly14|ggs guys!\n|c|\u2606capfox1987|That was a crazy game\n|l| MrMeasly14\n|c|\u2606jkkayy|Literally I thought I lost the entire thing when Chomp got burned\n|c|\u2606capfox1987|duuude, the burn on Thundurus was actually huge\n|c|\u2606jkkayy|Yea physical Thund was not something I thought was gonna come in\n","uploadtime":1699504422,"views":13,"p1id":"jkkayy","p2id":"capfox1987","formatid":"gen9nationaldexubers","rating":0,"private":0,"password":""}