{"id":"gen9nationaldexubers-1979531992","p1":"Mykewea","p2":"Drixzard","format":"[Gen 9] National Dex Ubers","log":"|j|\u2606Mykewea\n|j|\u2606Drixzard\n|t:|1698690084\n|gametype|singles\n|player|p1|Mykewea|169|\n|player|p2|Drixzard|169|\n|teamsize|p1|6\n|teamsize|p2|6\n|gen|9\n|tier|[Gen 9] National Dex Ubers\n|rule|HP Percentage Mod: HP is shown in percentages\n|rule|Endless Battle Clause: Forcing endless battles is banned\n|rule|OHKO Clause: OHKO moves are banned\n|rule|Evasion Moves Clause: Evasion moves are banned\n|rule|Evasion Items Clause: Evasion items are banned\n|rule|Species Clause: Limit one of each Pok\u00e9mon\n|rule|Sleep Clause Mod: Limit one foe put to sleep\n|rule|Mega Rayquaza Clause: You cannot mega evolve Rayquaza\n|clearpoke\n|poke|p1|Infernape, M|\n|poke|p1|Torterra, F|\n|poke|p1|Gliscor, M|\n|poke|p1|Staraptor, F|\n|poke|p1|Floatzel, F|\n|poke|p1|Garchomp, M|\n|poke|p2|Melmetal|\n|poke|p2|Incineroar, F|\n|poke|p2|Decidueye-Hisui, M|\n|poke|p2|Naganadel|\n|poke|p2|Rotom-Wash|\n|poke|p2|Lycanroc-Dusk, F|\n|teampreview\n|inactive|Battle timer is ON: inactive players will automatically lose when time's up. (requested by Mykewea)\n|\n|t:|1698690105\n|start\n|switch|p1a: Garchomp|Garchomp, M|100\/100\n|switch|p2a: Lycanroc|Lycanroc-Dusk, F|100\/100\n|turn|1\n|\n|t:|1698690113\n|move|p1a: Garchomp|Stealth Rock|p2a: Lycanroc\n|-sidestart|p2: Drixzard|move: Stealth Rock\n|-zpower|p2a: Lycanroc\n|move|p2a: Lycanroc|Splintered Stormshards|p1a: Garchomp|[zeffect]\n|-resisted|p1a: Garchomp\n|-damage|p1a: Garchomp|50\/100\n|\n|upkeep\n|turn|2\n|\n|t:|1698690128\n|move|p1a: Garchomp|Earthquake|p2a: Lycanroc\n|-supereffective|p2a: Lycanroc\n|-damage|p2a: Lycanroc|0 fnt\n|faint|p2a: Lycanroc\n|\n|upkeep\n|\n|t:|1698690145\n|switch|p2a: Rotom|Rotom-Wash|100\/100\n|-damage|p2a: Rotom|88\/100|[from] Stealth Rock\n|turn|3\n|inactive|Drixzard has 270 seconds left.\n|\n|t:|1698690171\n|move|p2a: Rotom|Hydro Pump|p1a: Garchomp\n|-damage|p1a: Garchomp|0 fnt\n|faint|p1a: Garchomp\n|\n|upkeep\n|\n|t:|1698690175\n|switch|p1a: Torterra|Torterra, F|100\/100\n|turn|4\n|\n|t:|1698690183\n|switch|p2a: Incineroar|Incineroar, F|100\/100\n|-damage|p2a: Incineroar|76\/100|[from] Stealth Rock\n|-ability|p2a: Incineroar|Intimidate|boost\n|-unboost|p1a: Torterra|atk|1\n|-enditem|p1a: Torterra|White Herb\n|-clearnegativeboost|p1a: Torterra|[silent]\n|move|p1a: Torterra|Shell Smash|p1a: Torterra\n|-unboost|p1a: Torterra|def|1\n|-unboost|p1a: Torterra|spd|1\n|-boost|p1a: Torterra|atk|2\n|-boost|p1a: Torterra|spa|2\n|-boost|p1a: Torterra|spe|2\n|\n|-heal|p2a: Incineroar|82\/100|[from] item: Leftovers\n|upkeep\n|turn|5\n|\n|t:|1698690196\n|move|p1a: Torterra|Earthquake|p2a: Incineroar\n|-supereffective|p2a: Incineroar\n|-damage|p2a: Incineroar|0 fnt\n|faint|p2a: Incineroar\n|\n|upkeep\n|inactive|Drixzard has 270 seconds left.\n|\n|t:|1698690215\n|switch|p2a: Decidueye|Decidueye-Hisui, M|100\/100\n|turn|6\n|inactive|Drixzard has 270 seconds left.\n|\n|t:|1698690227\n|move|p1a: Torterra|Rock Blast|p2a: Decidueye\n|-resisted|p2a: Decidueye\n|-damage|p2a: Decidueye|90\/100\n|-resisted|p2a: Decidueye\n|-damage|p2a: Decidueye|79\/100\n|-resisted|p2a: Decidueye\n|-damage|p2a: Decidueye|69\/100\n|-hitcount|p2a: Decidueye|3\n|move|p2a: Decidueye|Brave Bird|p1a: Torterra\n|-supereffective|p1a: Torterra\n|-damage|p1a: Torterra|0 fnt\n|faint|p1a: Torterra\n|-damage|p2a: Decidueye|34\/100|[from] Recoil\n|\n|upkeep\n|\n|t:|1698690236\n|switch|p1a: Infernape|Infernape, M|100\/100\n|turn|7\n|\n|t:|1698690246\n|move|p1a: Infernape|Drain Punch|p2a: Decidueye\n|-damage|p2a: Decidueye|0 fnt\n|faint|p2a: Decidueye\n|-damage|p1a: Infernape|91\/100|[from] item: Life Orb\n|\n|upkeep\n|\n|t:|1698690254\n|switch|p2a: Rotom|Rotom-Wash|88\/100\n|-damage|p2a: Rotom|76\/100|[from] Stealth Rock\n|turn|8\n|\n|t:|1698690257\n|switch|p1a: Floatzel|Floatzel, F|100\/100\n|move|p2a: Rotom|Hydro Pump|p1a: Floatzel|[miss]\n|-miss|p2a: Rotom|p1a: Floatzel\n|\n|upkeep\n|turn|9\n|\n|t:|1698690265\n|switch|p2a: Melmetal|Melmetal|100\/100\n|-damage|p2a: Melmetal|94\/100|[from] Stealth Rock\n|move|p1a: Floatzel|Power-Up Punch|p2a: Melmetal\n|-supereffective|p2a: Melmetal\n|-damage|p2a: Melmetal|82\/100\n|-boost|p1a: Floatzel|atk|1\n|\n|upkeep\n|turn|10\n|inactive|Drixzard has 270 seconds left.\n|\n|t:|1698690301\n|move|p1a: Floatzel|Power-Up Punch|p2a: Melmetal\n|-supereffective|p2a: Melmetal\n|-damage|p2a: Melmetal|62\/100\n|-boost|p1a: Floatzel|atk|1\n|move|p2a: Melmetal|Double Iron Bash|p1a: Floatzel\n|-resisted|p1a: Floatzel\n|-damage|p1a: Floatzel|45\/100\n|-resisted|p1a: Floatzel\n|-damage|p1a: Floatzel|0 fnt\n|faint|p1a: Floatzel\n|-hitcount|p1: Floatzel|2\n|\n|upkeep\n|\n|t:|1698690309\n|switch|p1a: Infernape|Infernape, M|91\/100\n|turn|11\n|j| s.daninja\n|\n|t:|1698690313\n|move|p1a: Infernape|Drain Punch|p2a: Melmetal\n|-supereffective|p2a: Melmetal\n|-damage|p2a: Melmetal|15\/100\n|-heal|p1a: Infernape|100\/100|[from] drain|[of] p2a: Melmetal\n|-damage|p1a: Infernape|91\/100|[from] item: Life Orb\n|move|p2a: Melmetal|Double Iron Bash|p1a: Infernape\n|-resisted|p1a: Infernape\n|-damage|p1a: Infernape|38\/100\n|-resisted|p1a: Infernape\n|-damage|p1a: Infernape|0 fnt\n|faint|p1a: Infernape\n|-hitcount|p1: Infernape|2\n|\n|upkeep\n|\n|t:|1698690327\n|switch|p1a: Staraptor|Staraptor, F|100\/100\n|turn|12\n|\n|t:|1698690338\n|move|p1a: Staraptor|Close Combat|p2a: Melmetal\n|-supereffective|p2a: Melmetal\n|-damage|p2a: Melmetal|0 fnt\n|-unboost|p1a: Staraptor|def|1\n|-unboost|p1a: Staraptor|spd|1\n|faint|p2a: Melmetal\n|\n|upkeep\n|\n|t:|1698690345\n|switch|p2a: Rotom|Rotom-Wash|76\/100\n|-damage|p2a: Rotom|63\/100|[from] Stealth Rock\n|turn|13\n|\n|t:|1698690349\n|switch|p1a: Gliscor|Gliscor, M|100\/100\n|move|p2a: Rotom|Hydro Pump|p1a: Gliscor\n|-supereffective|p1a: Gliscor\n|-damage|p1a: Gliscor|0 fnt\n|faint|p1a: Gliscor\n|\n|upkeep\n|\n|t:|1698690352\n|switch|p1a: Staraptor|Staraptor, F|100\/100\n|turn|14\n|l|\u2606Drixzard\n|inactive|Drixzard disconnected and has 300 seconds to reconnect!\n|player|p2|\n|j|\u2606Drixzard\n|inactive|Drixzard reconnected and has 295 seconds left.\n|player|p2|Drixzard|169\n|\n|t:|1698690389\n|switch|p2a: Naganadel|Naganadel|100\/100\n|-damage|p2a: Naganadel|88\/100|[from] Stealth Rock\n|move|p1a: Staraptor|Double-Edge|p2a: Naganadel\n|-damage|p2a: Naganadel|0 fnt\n|faint|p2a: Naganadel\n|-damage|p1a: Staraptor|74\/100|[from] Recoil\n|\n|upkeep\n|\n|t:|1698690395\n|switch|p2a: Rotom|Rotom-Wash|63\/100\n|-damage|p2a: Rotom|51\/100|[from] Stealth Rock\n|turn|15\n|\n|t:|1698690401\n|move|p2a: Rotom|Thunderbolt|p1a: Staraptor\n|-supereffective|p1a: Staraptor\n|-damage|p1a: Staraptor|0 fnt\n|faint|p1a: Staraptor\n|\n|win|Drixzard\n|l|\u2606Mykewea\n","uploadtime":1698690407,"views":13,"p1id":"mykewea","p2id":"drixzard","formatid":"gen9nationaldexubers","rating":0,"private":0,"password":""}