{"id":"gen9nationaldexubers-1983123530","p1":"yujing96","p2":"Kapoora","format":"[Gen 9] National Dex Ubers","log":"|j|\u2606yujing96\n|j|\u2606Kapoora\n|t:|1699091214\n|gametype|singles\n|player|p1|yujing96|169|1452\n|player|p2|Kapoora|steven|1710\n|teamsize|p1|6\n|teamsize|p2|6\n|gen|9\n|tier|[Gen 9] National Dex Ubers\n|rated|\n|rule|HP Percentage Mod: HP is shown in percentages\n|rule|Endless Battle Clause: Forcing endless battles is banned\n|rule|OHKO Clause: OHKO moves are banned\n|rule|Evasion Moves Clause: Evasion moves are banned\n|rule|Evasion Items Clause: Evasion items are banned\n|rule|Species Clause: Limit one of each Pok\u00e9mon\n|rule|Sleep Clause Mod: Limit one foe put to sleep\n|rule|Mega Rayquaza Clause: You cannot mega evolve Rayquaza\n|clearpoke\n|poke|p1|Alakazam, F|\n|poke|p1|Landorus-Therian, M|\n|poke|p1|Ho-Oh|\n|poke|p1|Lunala|\n|poke|p1|Zygarde|\n|poke|p1|Arceus|\n|poke|p2|Groudon|\n|poke|p2|Ho-Oh|\n|poke|p2|Arceus-Ground|\n|poke|p2|Yveltal|\n|poke|p2|Zygarde|\n|poke|p2|Necrozma-Dusk-Mane|\n|teampreview\n|l|\u2606Kapoora\n|player|p2|\n|inactive|Battle timer is ON: inactive players will automatically lose when time's up. (requested by yujing96)\n|inactive|Kapoora has 30 seconds to reconnect!\n|j|\u2606Kapoora\n|inactive|Kapoora reconnected and has 115 seconds left.\n|player|p2|Kapoora|steven\n|\n|t:|1699091267\n|start\n|switch|p1a: Landorus|Landorus-Therian, M|100\/100\n|switch|p2a: Yveltal|Yveltal|100\/100\n|-ability|p2a: Yveltal|Dark Aura\n|-ability|p1a: Landorus|Intimidate|boost\n|-unboost|p2a: Yveltal|atk|1\n|turn|1\n|\n|t:|1699091276\n|move|p2a: Yveltal|Toxic|p1a: Landorus\n|-status|p1a: Landorus|tox\n|move|p1a: Landorus|Stealth Rock|p2a: Yveltal\n|-sidestart|p2: Kapoora|move: Stealth Rock\n|\n|-damage|p1a: Landorus|94\/100 tox|[from] psn\n|upkeep\n|turn|2\n|\n|t:|1699091286\n|move|p2a: Yveltal|Knock Off|p1a: Landorus\n|-crit|p1a: Landorus\n|-damage|p1a: Landorus|9\/100 tox\n|-damage|p2a: Yveltal|84\/100|[from] item: Rocky Helmet|[of] p1a: Landorus\n|-enditem|p1a: Landorus|Rocky Helmet|[from] move: Knock Off|[of] p2a: Yveltal\n|move|p1a: Landorus|Stone Edge|p2a: Yveltal\n|-supereffective|p2a: Yveltal\n|-damage|p2a: Yveltal|28\/100\n|\n|-damage|p1a: Landorus|0 fnt|[from] psn\n|faint|p1a: Landorus\n|upkeep\n|\n|t:|1699091302\n|switch|p1a: Arceus|Arceus|100\/100\n|turn|3\n|\n|t:|1699091319\n|switch|p2a: Ho-Oh|Ho-Oh|100\/100\n|move|p1a: Arceus|Extreme Speed|p2a: Ho-Oh\n|-damage|p2a: Ho-Oh|76\/100\n|\n|upkeep\n|turn|4\n|\n|t:|1699091333\n|switch|p1a: Ho-Oh|Ho-Oh|100\/100\n|move|p2a: Ho-Oh|Sacred Fire|p1a: Ho-Oh\n|-resisted|p1a: Ho-Oh\n|-crit|p1a: Ho-Oh\n|-damage|p1a: Ho-Oh|76\/100\n|\n|upkeep\n|turn|5\n|\n|t:|1699091341\n|move|p1a: Ho-Oh|Toxic|p2a: Ho-Oh\n|-status|p2a: Ho-Oh|tox\n|move|p2a: Ho-Oh|Defog|p1a: Ho-Oh\n|-unboost|p1a: Ho-Oh|evasion|1\n|-sideend|p2: Kapoora|Stealth Rock|[from] move: Defog|[of] p2a: Ho-Oh\n|\n|-damage|p2a: Ho-Oh|70\/100 tox|[from] psn\n|upkeep\n|turn|6\n|\n|t:|1699091350\n|move|p1a: Ho-Oh|Brave Bird|p2a: Ho-Oh\n|-damage|p2a: Ho-Oh|36\/100 tox\n|-damage|p1a: Ho-Oh|65\/100|[from] Recoil\n|move|p2a: Ho-Oh|Toxic|p1a: Ho-Oh\n|-status|p1a: Ho-Oh|tox\n|\n|-damage|p1a: Ho-Oh|59\/100 tox|[from] psn\n|-damage|p2a: Ho-Oh|24\/100 tox|[from] psn\n|upkeep\n|turn|7\n|\n|t:|1699091360\n|switch|p2a: Zygarde|Zygarde|100\/100\n|move|p1a: Ho-Oh|Brave Bird|p2a: Zygarde\n|-damage|p2a: Zygarde|75\/100\n|-damage|p1a: Ho-Oh|50\/100 tox|[from] Recoil\n|\n|-heal|p2a: Zygarde|81\/100|[from] item: Leftovers\n|-damage|p1a: Ho-Oh|38\/100 tox|[from] psn\n|upkeep\n|turn|8\n|j| Baemaxx3\n|\n|t:|1699091371\n|move|p1a: Ho-Oh|Toxic|p2a: Zygarde\n|-status|p2a: Zygarde|tox\n|move|p2a: Zygarde|Toxic|p1a: Ho-Oh\n|-fail|p1a: Ho-Oh|tox\n|\n|-heal|p2a: Zygarde|87\/100 tox|[from] item: Leftovers\n|-damage|p1a: Ho-Oh|20\/100 tox|[from] psn\n|-damage|p2a: Zygarde|81\/100 tox|[from] psn\n|upkeep\n|turn|9\n|\n|t:|1699091381\n|switch|p1a: Alakazam|Alakazam, F|100\/100\n|move|p2a: Zygarde|Thousand Arrows|p1a: Alakazam\n|-damage|p1a: Alakazam|20\/100\n|\n|-heal|p2a: Zygarde|87\/100 tox|[from] item: Leftovers\n|-damage|p2a: Zygarde|75\/100 tox|[from] psn\n|upkeep\n|turn|10\n|\n|t:|1699091395\n|switch|p2a: Ho-Oh|Ho-Oh|57\/100 tox\n|detailschange|p1a: Alakazam|Alakazam-Mega, F\n|-mega|p1a: Alakazam|Alakazam|Alakazite\n|-ability|p1a: Alakazam|Regenerator|[from] ability: Trace|[of] p2a: Ho-Oh\n|move|p1a: Alakazam|Dazzling Gleam|p2a: Ho-Oh\n|-resisted|p2a: Ho-Oh\n|-damage|p2a: Ho-Oh|48\/100 tox\n|\n|-damage|p2a: Ho-Oh|42\/100 tox|[from] psn\n|upkeep\n|turn|11\n|\n|t:|1699091409\n|move|p1a: Alakazam|Psychic|p2a: Ho-Oh\n|-damage|p2a: Ho-Oh|11\/100 tox\n|move|p2a: Ho-Oh|Sacred Fire|p1a: Alakazam\n|-damage|p1a: Alakazam|0 fnt\n|faint|p1a: Alakazam\n|\n|-damage|p2a: Ho-Oh|0 fnt|[from] psn\n|faint|p2a: Ho-Oh\n|upkeep\n|\n|t:|1699091423\n|switch|p1a: Arceus|Arceus|100\/100\n|switch|p2a: Zygarde|Zygarde|75\/100 tox\n|turn|12\n|\n|t:|1699091430\n|move|p1a: Arceus|Bulk Up|p1a: Arceus\n|-boost|p1a: Arceus|atk|1\n|-boost|p1a: Arceus|def|1\n|move|p2a: Zygarde|Toxic|p1a: Arceus\n|-status|p1a: Arceus|tox\n|\n|-heal|p2a: Zygarde|81\/100 tox|[from] item: Leftovers\n|-damage|p1a: Arceus|94\/100 tox|[from] psn\n|-damage|p2a: Zygarde|75\/100 tox|[from] psn\n|upkeep\n|turn|13\n|\n|t:|1699091442\n|move|p1a: Arceus|Bulk Up|p1a: Arceus\n|-boost|p1a: Arceus|atk|1\n|-boost|p1a: Arceus|def|1\n|move|p2a: Zygarde|Coil|p2a: Zygarde\n|-boost|p2a: Zygarde|atk|1\n|-boost|p2a: Zygarde|def|1\n|-boost|p2a: Zygarde|accuracy|1\n|\n|-heal|p2a: Zygarde|81\/100 tox|[from] item: Leftovers\n|-damage|p1a: Arceus|82\/100 tox|[from] psn\n|-damage|p2a: Zygarde|69\/100 tox|[from] psn\n|upkeep\n|turn|14\n|\n|t:|1699091454\n|move|p1a: Arceus|Extreme Speed|p2a: Zygarde\n|-damage|p2a: Zygarde|40\/100 tox\n|move|p2a: Zygarde|Coil|p2a: Zygarde\n|-boost|p2a: Zygarde|atk|1\n|-boost|p2a: Zygarde|def|1\n|-boost|p2a: Zygarde|accuracy|1\n|\n|-heal|p2a: Zygarde|46\/100 tox|[from] item: Leftovers\n|-damage|p1a: Arceus|64\/100 tox|[from] psn\n|-damage|p2a: Zygarde|27\/100 tox|[from] psn\n|-activate|p2a: Zygarde|ability: Power Construct\n|detailschange|p2a: Zygarde|Zygarde-Complete\n|-heal|p2a: Zygarde|52\/100 tox|[silent]\n|upkeep\n|turn|15\n|\n|t:|1699091469\n|move|p1a: Arceus|Extreme Speed|p2a: Zygarde\n|-damage|p2a: Zygarde|40\/100 tox\n|move|p2a: Zygarde|Rest|p2a: Zygarde\n|-status|p2a: Zygarde|slp|[from] move: Rest\n|-heal|p2a: Zygarde|100\/100 slp|[silent]\n|\n|-damage|p1a: Arceus|40\/100 tox|[from] psn\n|upkeep\n|turn|16\n|\n|t:|1699091479\n|switch|p1a: Lunala|Lunala|100\/100\n|cant|p2a: Zygarde|slp\n|\n|upkeep\n|turn|17\n|\n|t:|1699091487\n|-terastallize|p2a: Zygarde|Water\n|move|p1a: Lunala|Trick|p2a: Zygarde\n|-activate|p1a: Lunala|move: Trick|[of] p2a: Zygarde\n|-item|p2a: Zygarde|Choice Scarf|[from] move: Trick\n|-item|p1a: Lunala|Leftovers|[from] move: Trick\n|cant|p2a: Zygarde|slp\n|\n|upkeep\n|turn|18\n|\n|t:|1699091502\n|move|p1a: Lunala|Moongeist Beam|p2a: Zygarde\n|-damage|p2a: Zygarde|69\/100 slp\n|-curestatus|p2a: Zygarde|slp|[msg]\n|move|p2a: Zygarde|Thousand Arrows|p1a: Lunala\n|-damage|p1a: Lunala|71\/100\n|\n|-heal|p1a: Lunala|77\/100|[from] item: Leftovers\n|upkeep\n|turn|19\n|\n|t:|1699091514\n|move|p1a: Lunala|Moongeist Beam|p2a: Zygarde\n|-damage|p2a: Zygarde|38\/100\n|move|p2a: Zygarde|Thousand Arrows|p1a: Lunala\n|-damage|p1a: Lunala|22\/100\n|\n|-heal|p1a: Lunala|28\/100|[from] item: Leftovers\n|upkeep\n|turn|20\n|\n|t:|1699091525\n|switch|p1a: Arceus|Arceus|40\/100 tox\n|move|p2a: Zygarde|Thousand Arrows|p1a: Arceus\n|-damage|p1a: Arceus|0 fnt\n|faint|p1a: Arceus\n|\n|upkeep\n|\n|t:|1699091535\n|switch|p1a: Zygarde|Zygarde|100\/100\n|turn|21\n|\n|t:|1699091540\n|switch|p2a: Yveltal|Yveltal|28\/100\n|-ability|p2a: Yveltal|Dark Aura\n|move|p1a: Zygarde|Coil|p1a: Zygarde\n|-boost|p1a: Zygarde|atk|1\n|-boost|p1a: Zygarde|def|1\n|-boost|p1a: Zygarde|accuracy|1\n|\n|upkeep\n|turn|22\n|\n|t:|1699091551\n|move|p1a: Zygarde|Extreme Speed|p2a: Yveltal\n|-damage|p2a: Yveltal|0 fnt\n|faint|p2a: Yveltal\n|\n|upkeep\n|\n|t:|1699091554\n|switch|p2a: Necrozma|Necrozma-Dusk-Mane|100\/100\n|turn|23\n|\n|t:|1699091562\n|detailschange|p2a: Necrozma|Necrozma-Ultra\n|-burst|p2a: Necrozma|Necrozma|Ultranecrozium Z\n|move|p2a: Necrozma|Photon Geyser|p1a: Zygarde\n|-damage|p1a: Zygarde|36\/100\n|move|p1a: Zygarde|Thousand Arrows|p2a: Necrozma\n|-damage|p2a: Necrozma|48\/100\n|\n|-heal|p1a: Zygarde|42\/100|[from] item: Leftovers\n|-activate|p1a: Zygarde|ability: Power Construct\n|detailschange|p1a: Zygarde|Zygarde-Complete\n|-heal|p1a: Zygarde|63\/100|[silent]\n|upkeep\n|turn|24\n|\n|t:|1699091580\n|-terastallize|p1a: Zygarde|Normal\n|move|p1a: Zygarde|Extreme Speed|p2a: Necrozma\n|-damage|p2a: Necrozma|0 fnt\n|faint|p2a: Necrozma\n|\n|-heal|p1a: Zygarde|69\/100|[from] item: Leftovers\n|upkeep\n|\n|t:|1699091586\n|switch|p2a: Arceus|Arceus-Ground|100\/100\n|turn|25\n|\n|t:|1699091592\n|move|p2a: Arceus|Dragon Dance|p2a: Arceus\n|-boost|p2a: Arceus|atk|1\n|-boost|p2a: Arceus|spe|1\n|move|p1a: Zygarde|Coil|p1a: Zygarde\n|-boost|p1a: Zygarde|atk|1\n|-boost|p1a: Zygarde|def|1\n|-boost|p1a: Zygarde|accuracy|1\n|\n|-heal|p1a: Zygarde|75\/100|[from] item: Leftovers\n|upkeep\n|turn|26\n|\n|t:|1699091602\n|move|p2a: Arceus|Earthquake|p1a: Zygarde\n|-damage|p1a: Zygarde|54\/100\n|move|p1a: Zygarde|Thousand Arrows|p2a: Arceus\n|-damage|p2a: Arceus|34\/100\n|\n|-heal|p1a: Zygarde|60\/100|[from] item: Leftovers\n|upkeep\n|turn|27\n|\n|t:|1699091611\n|move|p1a: Zygarde|Extreme Speed|p2a: Arceus\n|-damage|p2a: Arceus|0 fnt\n|faint|p2a: Arceus\n|\n|-heal|p1a: Zygarde|66\/100|[from] item: Leftovers\n|upkeep\n|\n|t:|1699091613\n|switch|p2a: Zygarde|Zygarde-Complete, tera:Water|38\/100\n|turn|28\n|\n|t:|1699091620\n|move|p2a: Zygarde|Toxic|p1a: Zygarde|[miss]\n|-miss|p2a: Zygarde|p1a: Zygarde\n|move|p1a: Zygarde|Thousand Arrows|p2a: Zygarde\n|-damage|p2a: Zygarde|12\/100\n|\n|-heal|p1a: Zygarde|72\/100|[from] item: Leftovers\n|upkeep\n|turn|29\n|-message|Kapoora forfeited.\n|\n|win|yujing96\n|raw|yujing96's rating: 1452 &rarr; <strong>1485<\/strong><br \/>(+33 for winning)\n|raw|Kapoora's rating: 1710 &rarr; <strong>1677<\/strong><br \/>(-33 for losing)\n|l|\u2606Kapoora\n","uploadtime":1699091715,"views":8,"p1id":"yujing96","p2id":"kapoora","formatid":"gen9nationaldexubers","rating":1485,"private":0,"password":""}