{"id":"gen9nationaldexubers-1995027246","p1":"Pistoleon","p2":"Gaksar","format":"[Gen 9] National Dex Ubers","log":"|j|\u2606Pistoleon\n|j|\u2606Gaksar\n|t:|1700514797\n|gametype|singles\n|player|p1|Pistoleon|gambler|\n|player|p2|Gaksar|infielder|\n|teamsize|p1|6\n|teamsize|p2|6\n|gen|9\n|tier|[Gen 9] National Dex Ubers\n|rule|HP Percentage Mod: HP is shown in percentages\n|rule|Endless Battle Clause: Forcing endless battles is banned\n|rule|OHKO Clause: OHKO moves are banned\n|rule|Evasion Moves Clause: Evasion moves are banned\n|rule|Evasion Items Clause: Evasion items are banned\n|rule|Species Clause: Limit one of each Pok\u00e9mon\n|rule|Sleep Clause Mod: Limit one foe put to sleep\n|rule|Mega Rayquaza Clause: You cannot mega evolve Rayquaza\n|clearpoke\n|poke|p1|Gallade, M|\n|poke|p1|Volcarona, F|\n|poke|p1|Dragonite, F|\n|poke|p1|Palafin, F|\n|poke|p1|Meowscarada, F|\n|poke|p1|Ursaluna-Bloodmoon, M|\n|poke|p2|Sceptile, M|\n|poke|p2|Lickitung, M|\n|poke|p2|Houndstone, M|\n|poke|p2|Revavroom, M|\n|poke|p2|Galvantula, F|\n|poke|p2|Chien-Pao|\n|teampreview\n|c|\u2606Gaksar|gl hf\n|c|\u2606Pistoleon|you too\n|\n|t:|1700514858\n|start\n|switch|p1a: Revane|Meowscarada, F|100\/100\n|switch|p2a: Black Arachnia|Galvantula, F, shiny|100\/100\n|turn|1\n|j| HadesplaysUU\n|j| GalacticEmpire2000\n|\n|t:|1700514871\n|move|p1a: Revane|U-turn|p2a: Black Arachnia\n|-start|p1a: Revane|typechange|Bug|[from] ability: Protean\n|-damage|p2a: Black Arachnia|46\/100\n|\n|t:|1700514879\n|switch|p1a: Wildspeaker|Ursaluna-Bloodmoon, M|100\/100|[from] U-turn\n|move|p2a: Black Arachnia|Sticky Web|p1a: Wildspeaker\n|-sidestart|p1: Pistoleon|move: Sticky Web\n|\n|upkeep\n|turn|2\n|\n|t:|1700514887\n|move|p2a: Black Arachnia|Energy Ball|p1a: Wildspeaker\n|-supereffective|p1a: Wildspeaker\n|-damage|p1a: Wildspeaker|30\/100\n|move|p1a: Wildspeaker|Calm Mind|p1a: Wildspeaker\n|-boost|p1a: Wildspeaker|spa|1\n|-boost|p1a: Wildspeaker|spd|1\n|\n|-heal|p1a: Wildspeaker|36\/100|[from] item: Leftovers\n|upkeep\n|turn|3\n|j| Wizardo22\n|\n|t:|1700514911\n|switch|p1a: Nalaar|Volcarona, F|100\/100\n|move|p2a: Black Arachnia|Energy Ball|p1a: Nalaar\n|-resisted|p1a: Nalaar\n|-damage|p1a: Nalaar|95\/100\n|\n|upkeep\n|turn|4\n|c| HadesplaysUU|Tgis is a great example of why non tera blood moons mid asf\n|\n|t:|1700514924\n|move|p2a: Black Arachnia|Thunder|p1a: Nalaar\n|-damage|p1a: Nalaar|53\/100\n|move|p1a: Nalaar|Quiver Dance|p1a: Nalaar\n|-boost|p1a: Nalaar|spa|1\n|-boost|p1a: Nalaar|spd|1\n|-boost|p1a: Nalaar|spe|1\n|\n|upkeep\n|turn|5\n|\n|t:|1700514934\n|move|p1a: Nalaar|Roost|p1a: Nalaar\n|-heal|p1a: Nalaar|100\/100\n|-singleturn|p1a: Nalaar|move: Roost\n|move|p2a: Black Arachnia|Thunder|p1a: Nalaar\n|-damage|p1a: Nalaar|73\/100\n|-status|p1a: Nalaar|par\n|\n|upkeep\n|turn|6\n|\n|t:|1700514944\n|move|p2a: Black Arachnia|Thunder|p1a: Nalaar\n|-damage|p1a: Nalaar|45\/100 par\n|move|p1a: Nalaar|Flamethrower|p2a: Black Arachnia\n|-supereffective|p2a: Black Arachnia\n|-damage|p2a: Black Arachnia|0 fnt\n|faint|p2a: Black Arachnia\n|\n|upkeep\n|\n|t:|1700514949\n|switch|p2a: Gex|Sceptile, M, shiny|100\/100\n|turn|7\n|\n|t:|1700514957\n|-terastallize|p2a: Gex|Dragon\n|move|p2a: Gex|Scale Shot|p1a: Nalaar\n|-damage|p1a: Nalaar|35\/100 par\n|-crit|p1a: Nalaar\n|-damage|p1a: Nalaar|21\/100 par\n|-damage|p1a: Nalaar|11\/100 par\n|-crit|p1a: Nalaar\n|-damage|p1a: Nalaar|0 fnt\n|faint|p1a: Nalaar\n|-hitcount|p1: Nalaar|4\n|-unboost|p2a: Gex|def|1\n|-boost|p2a: Gex|spe|1\n|\n|upkeep\n|\n|t:|1700514998\n|switch|p1a: Goldmane|Dragonite, F|100\/100\n|turn|8\n|\n|t:|1700515004\n|move|p2a: Gex|Scale Shot|p1a: Goldmane\n|-supereffective|p1a: Goldmane\n|-damage|p1a: Goldmane|89\/100\n|-supereffective|p1a: Goldmane\n|-damage|p1a: Goldmane|65\/100\n|-hitcount|p1a: Goldmane|2\n|-unboost|p2a: Gex|def|1\n|-boost|p2a: Gex|spe|1\n|move|p1a: Goldmane|Ice Spinner|p2a: Gex\n|-supereffective|p2a: Gex\n|-crit|p2a: Gex\n|-damage|p2a: Gex|0 fnt\n|faint|p2a: Gex\n|\n|upkeep\n|\n|t:|1700515011\n|switch|p2a: NASCAR|Revavroom, M|100\/100\n|turn|9\n|\n|t:|1700515018\n|move|p1a: Goldmane|Roost|p1a: Goldmane\n|-heal|p1a: Goldmane|100\/100\n|-singleturn|p1a: Goldmane|move: Roost\n|move|p2a: NASCAR|Magnet Rise|p2a: NASCAR\n|-start|p2a: NASCAR|Magnet Rise\n|\n|upkeep\n|turn|10\n|c| GalacticEmpire2000|i only u were loaded dice sadge\n|c| GalacticEmpire2000|if only*\n|c|\u2606Gaksar|meh really\n|\n|t:|1700515058\n|switch|p1a: Jura|Gallade, M|100\/100\n|-activate|p1a: Jura|move: Sticky Web\n|-unboost|p1a: Jura|spe|1\n|move|p2a: NASCAR|Shift Gear|p2a: NASCAR\n|-boost|p2a: NASCAR|spe|2\n|-boost|p2a: NASCAR|atk|1\n|\n|upkeep\n|turn|11\n|c| HadesplaysUU|This just wins now huh\n|\n|t:|1700515084\n|detailschange|p1a: Jura|Gallade-Mega, M\n|-mega|p1a: Jura|Gallade|Galladite\n|move|p2a: NASCAR|Zen Headbutt|p1a: Jura\n|-damage|p1a: Jura|49\/100\n|move|p1a: Jura|Psycho Cut|p2a: NASCAR\n|-damage|p2a: NASCAR|64\/100\n|\n|-heal|p2a: NASCAR|70\/100|[from] item: Black Sludge\n|upkeep\n|turn|12\n|c| GalacticEmpire2000|mm maybe\n|\n|t:|1700515105\n|switch|p1a: Revane|Meowscarada, F|100\/100\n|-activate|p1a: Revane|move: Sticky Web\n|-unboost|p1a: Revane|spe|1\n|move|p2a: NASCAR|Zen Headbutt|p1a: Revane\n|-immune|p1a: Revane\n|\n|-heal|p2a: NASCAR|76\/100|[from] item: Black Sludge\n|upkeep\n|turn|13\n|c| HadesplaysUU|Ngl i expected a lot more damage\n|c| HadesplaysUU|Weak ass mon\n|c| GalacticEmpire2000|lol\n|\n|t:|1700515121\n|move|p2a: NASCAR|Gunk Shot|p1a: Revane\n|-supereffective|p1a: Revane\n|-damage|p1a: Revane|0 fnt\n|faint|p1a: Revane\n|\n|-heal|p2a: NASCAR|82\/100|[from] item: Black Sludge\n|-end|p2a: NASCAR|Magnet Rise\n|upkeep\n|\n|t:|1700515129\n|switch|p1a: Beleren|Palafin, F|100\/100\n|-activate|p1a: Beleren|move: Sticky Web\n|-unboost|p1a: Beleren|spe|1\n|turn|14\n|\n|t:|1700515137\n|move|p2a: NASCAR|Zen Headbutt|p1a: Beleren\n|-damage|p1a: Beleren|49\/100\n|move|p1a: Beleren|Flip Turn|p2a: NASCAR\n|-damage|p2a: NASCAR|65\/100\n|\n|t:|1700515144\n|detailschange|p1a: Beleren|Palafin-Hero, F\n|switch|p1a: Wildspeaker|Ursaluna-Bloodmoon, M|36\/100|[from] Flip Turn\n|-activate|p1a: Wildspeaker|move: Sticky Web\n|-unboost|p1a: Wildspeaker|spe|1\n|\n|-heal|p2a: NASCAR|71\/100|[from] item: Black Sludge\n|-heal|p1a: Wildspeaker|42\/100|[from] item: Leftovers\n|upkeep\n|turn|15\n|\n|t:|1700515156\n|move|p2a: NASCAR|Zen Headbutt|p1a: Wildspeaker\n|-damage|p1a: Wildspeaker|17\/100\n|move|p1a: Wildspeaker|Moonlight|p1a: Wildspeaker\n|-heal|p1a: Wildspeaker|67\/100\n|\n|-heal|p2a: NASCAR|77\/100|[from] item: Black Sludge\n|-heal|p1a: Wildspeaker|73\/100|[from] item: Leftovers\n|upkeep\n|turn|16\n|\n|t:|1700515168\n|move|p2a: NASCAR|Magnet Rise|p2a: NASCAR\n|-start|p2a: NASCAR|Magnet Rise\n|move|p1a: Wildspeaker|Moonlight|p1a: Wildspeaker\n|-heal|p1a: Wildspeaker|100\/100\n|\n|-heal|p2a: NASCAR|83\/100|[from] item: Black Sludge\n|upkeep\n|turn|17\n|\n|t:|1700515181\n|move|p2a: NASCAR|Shift Gear|p2a: NASCAR\n|-boost|p2a: NASCAR|spe|2\n|-boost|p2a: NASCAR|atk|1\n|move|p1a: Wildspeaker|Calm Mind|p1a: Wildspeaker\n|-boost|p1a: Wildspeaker|spa|1\n|-boost|p1a: Wildspeaker|spd|1\n|\n|-heal|p2a: NASCAR|89\/100|[from] item: Black Sludge\n|upkeep\n|turn|18\n|\n|t:|1700515193\n|move|p2a: NASCAR|Zen Headbutt|p1a: Wildspeaker\n|-damage|p1a: Wildspeaker|65\/100\n|move|p1a: Wildspeaker|Calm Mind|p1a: Wildspeaker\n|-boost|p1a: Wildspeaker|spa|1\n|-boost|p1a: Wildspeaker|spd|1\n|\n|-heal|p2a: NASCAR|95\/100|[from] item: Black Sludge\n|-heal|p1a: Wildspeaker|71\/100|[from] item: Leftovers\n|upkeep\n|turn|19\n|\n|t:|1700515205\n|move|p2a: NASCAR|Zen Headbutt|p1a: Wildspeaker\n|-crit|p1a: Wildspeaker\n|-damage|p1a: Wildspeaker|14\/100\n|move|p1a: Wildspeaker|Moonlight|p1a: Wildspeaker\n|-heal|p1a: Wildspeaker|64\/100\n|\n|-heal|p2a: NASCAR|100\/100|[from] item: Black Sludge\n|-heal|p1a: Wildspeaker|70\/100|[from] item: Leftovers\n|upkeep\n|turn|20\n|\n|t:|1700515220\n|move|p2a: NASCAR|Zen Headbutt|p1a: Wildspeaker\n|-damage|p1a: Wildspeaker|36\/100\n|move|p1a: Wildspeaker|Moonlight|p1a: Wildspeaker\n|-heal|p1a: Wildspeaker|86\/100\n|\n|-heal|p1a: Wildspeaker|92\/100|[from] item: Leftovers\n|-end|p2a: NASCAR|Magnet Rise\n|upkeep\n|turn|21\n|\n|t:|1700515231\n|move|p2a: NASCAR|Zen Headbutt|p1a: Wildspeaker|[miss]\n|-miss|p2a: NASCAR|p1a: Wildspeaker\n|move|p1a: Wildspeaker|Blood Moon|p2a: NASCAR\n|-resisted|p2a: NASCAR\n|-damage|p2a: NASCAR|0 fnt\n|faint|p2a: NASCAR\n|\n|-heal|p1a: Wildspeaker|98\/100|[from] item: Leftovers\n|upkeep\n|c| GalacticEmpire2000|so ursaluna wins now?\n|\n|t:|1700515237\n|switch|p2a: War|Chien-Pao|100\/100\n|-ability|p2a: War|Sword of Ruin\n|turn|22\n|\n|t:|1700515249\n|move|p2a: War|Ice Spinner|p1a: Wildspeaker\n|-supereffective|p1a: Wildspeaker\n|-damage|p1a: Wildspeaker|20\/100\n|move|p1a: Wildspeaker|Earth Power|p2a: War\n|-damage|p2a: War|0 fnt\n|faint|p2a: War\n|\n|-heal|p1a: Wildspeaker|27\/100|[from] item: Leftovers\n|upkeep\n|\n|t:|1700515253\n|switch|p2a: Augie?|Houndstone, M|100\/100\n|turn|23\n|c| HadesplaysUU|Ig\n|\n|t:|1700515268\n|move|p2a: Augie?|Body Press|p1a: Wildspeaker\n|-supereffective|p1a: Wildspeaker\n|-damage|p1a: Wildspeaker|0 fnt\n|faint|p1a: Wildspeaker\n|\n|upkeep\n|c| GalacticEmpire2000|hm almost\n|c| HadesplaysUU|Why zen btw?\n|\n|t:|1700515288\n|switch|p1a: Goldmane|Dragonite, F|100\/100\n|turn|24\n|\n|t:|1700515294\n|move|p1a: Goldmane|Dragon Dance|p1a: Goldmane\n|-boost|p1a: Goldmane|atk|1\n|-boost|p1a: Goldmane|spe|1\n|move|p2a: Augie?|Poltergeist|p1a: Goldmane\n|-activate|p1a: Goldmane|move: Poltergeist|Heavy-Duty Boots\n|-damage|p1a: Goldmane|79\/100\n|\n|upkeep\n|turn|25\n|\n|t:|1700515312\n|move|p1a: Goldmane|Dragon Dance|p1a: Goldmane\n|-boost|p1a: Goldmane|atk|1\n|-boost|p1a: Goldmane|spe|1\n|move|p2a: Augie?|Poltergeist|p1a: Goldmane\n|-activate|p1a: Goldmane|move: Poltergeist|Heavy-Duty Boots\n|-damage|p1a: Goldmane|40\/100\n|\n|upkeep\n|turn|26\n|\n|t:|1700515319\n|move|p1a: Goldmane|Roost|p1a: Goldmane\n|-heal|p1a: Goldmane|90\/100\n|-singleturn|p1a: Goldmane|move: Roost\n|move|p2a: Augie?|Poltergeist|p1a: Goldmane|[miss]\n|-miss|p2a: Augie?|p1a: Goldmane\n|\n|upkeep\n|turn|27\n|\n|t:|1700515327\n|move|p1a: Goldmane|Ice Spinner|p2a: Augie?\n|-damage|p2a: Augie?|79\/100\n|-damage|p1a: Goldmane|74\/100|[from] item: Rocky Helmet|[of] p2a: Augie?\n|move|p2a: Augie?|Poltergeist|p1a: Goldmane\n|-activate|p1a: Goldmane|move: Poltergeist|Heavy-Duty Boots\n|-damage|p1a: Goldmane|32\/100\n|\n|upkeep\n|turn|28\n|\n|t:|1700515341\n|move|p1a: Goldmane|Roost|p1a: Goldmane\n|-heal|p1a: Goldmane|82\/100\n|-singleturn|p1a: Goldmane|move: Roost\n|move|p2a: Augie?|Poltergeist|p1a: Goldmane\n|-activate|p1a: Goldmane|move: Poltergeist|Heavy-Duty Boots\n|-damage|p1a: Goldmane|41\/100\n|\n|upkeep\n|turn|29\n|\n|t:|1700515349\n|move|p1a: Goldmane|Roost|p1a: Goldmane\n|-heal|p1a: Goldmane|91\/100\n|-singleturn|p1a: Goldmane|move: Roost\n|move|p2a: Augie?|Body Press|p1a: Goldmane\n|-damage|p1a: Goldmane|63\/100\n|\n|upkeep\n|turn|30\n|\n|t:|1700515360\n|switch|p2a: REDACTED|Lickitung, M|100\/100\n|move|p1a: Goldmane|Roost|p1a: Goldmane\n|-heal|p1a: Goldmane|100\/100\n|-singleturn|p1a: Goldmane|move: Roost\n|\n|upkeep\n|turn|31\n|\n|t:|1700515368\n|move|p1a: Goldmane|Extreme Speed|p2a: REDACTED\n|-damage|p2a: REDACTED|51\/100\n|move|p2a: REDACTED|Toxic|p1a: Goldmane\n|-status|p1a: Goldmane|tox\n|\n|-damage|p1a: Goldmane|94\/100 tox|[from] psn\n|upkeep\n|turn|32\n|\n|t:|1700515377\n|move|p1a: Goldmane|Extreme Speed|p2a: REDACTED\n|-damage|p2a: REDACTED|6\/100\n|move|p2a: REDACTED|Wish|p2a: REDACTED\n|\n|-damage|p1a: Goldmane|82\/100 tox|[from] psn\n|upkeep\n|turn|33\n|\n|t:|1700515384\n|move|p2a: REDACTED|Protect|p2a: REDACTED\n|-singleturn|p2a: REDACTED|Protect\n|move|p1a: Goldmane|Dragon Dance|p1a: Goldmane\n|-boost|p1a: Goldmane|atk|1\n|-boost|p1a: Goldmane|spe|1\n|\n|-heal|p2a: REDACTED|56\/100|[from] move: Wish|[wisher] REDACTED\n|-damage|p1a: Goldmane|63\/100 tox|[from] psn\n|upkeep\n|turn|34\n|\n|t:|1700515394\n|move|p1a: Goldmane|Extreme Speed|p2a: REDACTED\n|-damage|p2a: REDACTED|0 fnt\n|faint|p2a: REDACTED\n|\n|-damage|p1a: Goldmane|39\/100 tox|[from] psn\n|upkeep\n|\n|t:|1700515397\n|switch|p2a: Augie?|Houndstone, M|79\/100\n|turn|35\n|\n|t:|1700515412\n|move|p1a: Goldmane|Ice Spinner|p2a: Augie?\n|-damage|p2a: Augie?|49\/100\n|-damage|p1a: Goldmane|22\/100 tox|[from] item: Rocky Helmet|[of] p2a: Augie?\n|move|p2a: Augie?|Body Press|p1a: Goldmane\n|-resisted|p1a: Goldmane\n|-damage|p1a: Goldmane|8\/100 tox\n|\n|-damage|p1a: Goldmane|0 fnt|[from] psn\n|faint|p1a: Goldmane\n|upkeep\n|\n|t:|1700515423\n|switch|p1a: Beleren|Palafin-Hero, F|49\/100\n|-activate|p1a: Beleren|move: Sticky Web\n|-unboost|p1a: Beleren|spe|1\n|-activate|p1a: Beleren|ability: Zero to Hero\n|turn|36\n|\n|t:|1700515435\n|move|p1a: Beleren|Jet Punch|p2a: Augie?\n|-damage|p2a: Augie?|37\/100\n|-damage|p1a: Beleren|32\/100|[from] item: Rocky Helmet|[of] p2a: Augie?\n|move|p2a: Augie?|Rest|p2a: Augie?\n|-status|p2a: Augie?|slp|[from] move: Rest\n|-heal|p2a: Augie?|100\/100 slp|[silent]\n|\n|-heal|p1a: Beleren|39\/100|[from] item: Leftovers\n|upkeep\n|turn|37\n|\n|t:|1700515452\n|move|p1a: Beleren|Flip Turn|p2a: Augie?\n|-damage|p2a: Augie?|87\/100 slp\n|-damage|p1a: Beleren|22\/100|[from] item: Rocky Helmet|[of] p2a: Augie?\n|\n|t:|1700515456\n|switch|p1a: Jura|Gallade-Mega, M|49\/100|[from] Flip Turn\n|-activate|p1a: Jura|move: Sticky Web\n|-unboost|p1a: Jura|spe|1\n|cant|p2a: Augie?|slp\n|move|p2a: Augie?|Sleep Talk|p2a: Augie?\n|move|p2a: Augie?|Poltergeist|p1a: Jura|[from]move: Sleep Talk|[miss]\n|-miss|p2a: Augie?|p1a: Jura\n|\n|upkeep\n|turn|38\n|c| HadesplaysUU|Hound wins now\n|l| Wizardo22\n|c|\u2606Gaksar|.-.\n|c| HadesplaysUU|Unless he misses twice\n|\n|t:|1700515482\n|switch|p1a: Beleren|Palafin-Hero, F|22\/100\n|-activate|p1a: Beleren|move: Sticky Web\n|-unboost|p1a: Beleren|spe|1\n|cant|p2a: Augie?|slp\n|move|p2a: Augie?|Sleep Talk|p2a: Augie?\n|move|p2a: Augie?|Poltergeist|p1a: Beleren|[from]move: Sleep Talk\n|-activate|p1a: Beleren|move: Poltergeist|Leftovers\n|-damage|p1a: Beleren|0 fnt\n|faint|p1a: Beleren\n|\n|upkeep\n|c| HadesplaysUU|Actually more then twice\n|c| HadesplaysUU|Cause sleep talk\n|\n|t:|1700515496\n|switch|p1a: Jura|Gallade-Mega, M|49\/100\n|-activate|p1a: Jura|move: Sticky Web\n|-unboost|p1a: Jura|spe|1\n|turn|39\n|\n|t:|1700515503\n|move|p1a: Jura|Shadow Sneak|p2a: Augie?\n|-supereffective|p2a: Augie?\n|-damage|p2a: Augie?|74\/100 slp\n|-damage|p1a: Jura|33\/100|[from] item: Rocky Helmet|[of] p2a: Augie?\n|-curestatus|p2a: Augie?|slp|[msg]\n|move|p2a: Augie?|Poltergeist|p1a: Jura\n|-activate|p1a: Jura|move: Poltergeist|Galladite\n|-supereffective|p1a: Jura\n|-crit|p1a: Jura\n|-damage|p1a: Jura|0 fnt\n|faint|p1a: Jura\n|\n|win|Gaksar\n|c|\u2606Pistoleon|gg\n|c|\u2606Gaksar|gg\n|c| GalacticEmpire2000|nice and hound win\n|c| GalacticEmpire2000|ggs yall\n|l| GalacticEmpire2000\n|c|\u2606Gaksar|yo hound mvp dude\n|l| HadesplaysUU\n","uploadtime":1700515548,"views":34,"p1id":"pistoleon","p2id":"gaksar","formatid":"gen9nationaldexubers","rating":0,"private":0,"password":""}