{"id":"gen9nationaldexubers-1997956848","p1":"Inosent","p2":"Ash Ketchum344","format":"[Gen 9] National Dex Ubers","log":"|j|\u2606Inosent\n|j|\u2606Ash Ketchum344\n|t:|1700871994\n|gametype|singles\n|player|p1|Inosent|cynthia|1172\n|player|p2|Ash Ketchum344|ash|1111\n|teamsize|p1|6\n|teamsize|p2|6\n|gen|9\n|tier|[Gen 9] National Dex Ubers\n|rated|\n|rule|HP Percentage Mod: HP is shown in percentages\n|rule|Endless Battle Clause: Forcing endless battles is banned\n|rule|OHKO Clause: OHKO moves are banned\n|rule|Evasion Moves Clause: Evasion moves are banned\n|rule|Evasion Items Clause: Evasion items are banned\n|rule|Species Clause: Limit one of each Pok\u00e9mon\n|rule|Sleep Clause Mod: Limit one foe put to sleep\n|rule|Mega Rayquaza Clause: You cannot mega evolve Rayquaza\n|clearpoke\n|poke|p1|Calyrex-Ice|\n|poke|p1|Cresselia, F|\n|poke|p1|Hatterene, F|\n|poke|p1|Mew|\n|poke|p1|Marowak-Alola, M|\n|poke|p1|Darkrai|\n|poke|p2|Lucario, M|\n|poke|p2|Dragonite, F|\n|poke|p2|Dracovish|\n|poke|p2|Gengar, M|\n|poke|p2|Sirfetch\u2019d, M|\n|poke|p2|Pikachu, F|\n|teampreview\n|inactive|Battle timer is ON: inactive players will automatically lose when time's up. (requested by Inosent)\n|\n|t:|1700871999\n|start\n|switch|p1a: Darkrai|Darkrai|100\/100\n|switch|p2a: Dracovish|Dracovish|100\/100\n|turn|1\n|\n|t:|1700872003\n|move|p2a: Dracovish|Fishious Rend|p1a: Darkrai\n|-damage|p1a: Darkrai|0 fnt\n|faint|p1a: Darkrai\n|\n|upkeep\n|\n|t:|1700872007\n|switch|p1a: Hatterene|Hatterene, F|100\/100\n|turn|2\n|\n|t:|1700872011\n|-terastallize|p2a: Dracovish|Water\n|move|p2a: Dracovish|Fishious Rend|p1a: Hatterene\n|-enditem|p1a: Hatterene|Focus Sash\n|-damage|p1a: Hatterene|1\/100\n|move|p1a: Hatterene|Trick Room|p1a: Hatterene\n|-fieldstart|move: Trick Room|[of] p1a: Hatterene\n|\n|upkeep\n|turn|3\n|\n|t:|1700872022\n|move|p1a: Hatterene|Psyshock|p2a: Dracovish\n|-damage|p2a: Dracovish|54\/100\n|move|p2a: Dracovish|Fishious Rend|p1a: Hatterene\n|-damage|p1a: Hatterene|0 fnt\n|faint|p1a: Hatterene\n|\n|upkeep\n|\n|t:|1700872036\n|switch|p1a: Calyrex|Calyrex-Ice|100\/100\n|-ability|p1a: Calyrex|As One\n|-ability|p1a: Calyrex|Unnerve\n|turn|4\n|\n|t:|1700872043\n|switch|p2a: Sirfetch\u2019d|Sirfetch\u2019d, M|100\/100\n|-terastallize|p1a: Calyrex|Psychic\n|move|p1a: Calyrex|Glacial Lance|p2a: Sirfetch\u2019d\n|-damage|p2a: Sirfetch\u2019d|0 fnt\n|faint|p2a: Sirfetch\u2019d\n|-ability|p1a: Calyrex|Chilling Neigh|boost\n|-boost|p1a: Calyrex|atk|1\n|-damage|p1a: Calyrex|91\/100|[from] item: Life Orb\n|\n|upkeep\n|\n|t:|1700872052\n|switch|p2a: Dragonite|Dragonite, F|100\/100\n|turn|5\n|\n|t:|1700872057\n|move|p1a: Calyrex|Glacial Lance|p2a: Dragonite\n|-supereffective|p2a: Dragonite\n|-damage|p2a: Dragonite|0 fnt\n|faint|p2a: Dragonite\n|-ability|p1a: Calyrex|Chilling Neigh|boost\n|-boost|p1a: Calyrex|atk|1\n|-damage|p1a: Calyrex|81\/100|[from] item: Life Orb\n|\n|upkeep\n|\n|t:|1700872068\n|switch|p2a: Pikachu|Pikachu, F|100\/100\n|turn|6\n|\n|t:|1700872072\n|move|p2a: Pikachu|Fake Out|p1a: Calyrex\n|-damage|p1a: Calyrex|71\/100\n|cant|p1a: Calyrex|flinch\n|\n|-fieldend|move: Trick Room\n|upkeep\n|turn|7\n|\n|t:|1700872082\n|switch|p1a: Cresselia|Cresselia, F|100\/100\n|move|p2a: Pikachu|Volt Tackle|p1a: Cresselia\n|-damage|p1a: Cresselia|48\/100\n|-damage|p2a: Pikachu|64\/100|[from] Recoil\n|\n|upkeep\n|turn|8\n|\n|t:|1700872090\n|move|p2a: Pikachu|Volt Tackle|p1a: Cresselia\n|-damage|p1a: Cresselia|0 fnt\n|faint|p1a: Cresselia\n|-damage|p2a: Pikachu|31\/100|[from] Recoil\n|\n|upkeep\n|\n|t:|1700872093\n|switch|p1a: Mew|Mew|100\/100\n|turn|9\n|\n|t:|1700872100\n|move|p2a: Pikachu|Nuzzle|p1a: Mew\n|-damage|p1a: Mew|90\/100\n|-status|p1a: Mew|par\n|-activate|p1a: Mew|ability: Synchronize\n|-immune|p2a: Pikachu\n|move|p1a: Mew|Trick Room|p1a: Mew\n|-fieldstart|move: Trick Room|[of] p1a: Mew\n|\n|upkeep\n|turn|10\n|\n|t:|1700872110\n|move|p2a: Pikachu|Extreme Speed|p1a: Mew\n|-damage|p1a: Mew|61\/100 par\n|move|p1a: Mew|Psychic|p2a: Pikachu\n|-damage|p2a: Pikachu|0 fnt\n|faint|p2a: Pikachu\n|\n|upkeep\n|\n|t:|1700872127\n|switch|p2a: Lucario|Lucario, M|100\/100\n|turn|11\n|\n|t:|1700872132\n|detailschange|p2a: Lucario|Lucario-Mega, M\n|-mega|p2a: Lucario|Lucario|Lucarionite\n|move|p1a: Mew|Psychic|p2a: Lucario\n|-damage|p2a: Lucario|35\/100\n|move|p2a: Lucario|Bulk Up|p2a: Lucario\n|-boost|p2a: Lucario|atk|1\n|-boost|p2a: Lucario|def|1\n|\n|upkeep\n|turn|12\n|\n|t:|1700872145\n|move|p2a: Lucario|Bullet Punch|p1a: Mew\n|-damage|p1a: Mew|25\/100 par\n|move|p1a: Mew|Psychic|p2a: Lucario\n|-damage|p2a: Lucario|0 fnt\n|faint|p2a: Lucario\n|\n|upkeep\n|\n|t:|1700872149\n|switch|p2a: Gengar|Gengar, M|100\/100\n|turn|13\n|\n|t:|1700872155\n|move|p2a: Gengar|Shadow Ball|p1a: Mew\n|-supereffective|p1a: Mew\n|-damage|p1a: Mew|0 fnt\n|faint|p1a: Mew\n|\n|-fieldend|move: Trick Room\n|upkeep\n|\n|t:|1700872159\n|switch|p1a: Marowak|Marowak-Alola, M|100\/100\n|turn|14\n|\n|t:|1700872164\n|move|p2a: Gengar|Shadow Ball|p1a: Marowak\n|-supereffective|p1a: Marowak\n|-damage|p1a: Marowak|0 fnt\n|faint|p1a: Marowak\n|\n|upkeep\n|\n|t:|1700872167\n|switch|p1a: Calyrex|Calyrex-Ice, tera:Psychic|71\/100\n|-ability|p1a: Calyrex|As One\n|-ability|p1a: Calyrex|Unnerve\n|turn|15\n|\n|t:|1700872170\n|move|p2a: Gengar|Shadow Ball|p1a: Calyrex\n|-supereffective|p1a: Calyrex\n|-damage|p1a: Calyrex|0 fnt\n|faint|p1a: Calyrex\n|\n|win|Ash Ketchum344\n|raw|Inosent's rating: 1172 &rarr; <strong>1143<\/strong><br \/>(-29 for losing)\n|raw|Ash Ketchum344's rating: 1111 &rarr; <strong>1140<\/strong><br \/>(+29 for winning)\n|l|\u2606Inosent\n|c|\u2606Ash Ketchum344|Gg\n","uploadtime":1700872184,"views":1,"p1id":"inosent","p2id":"ashketchum344","formatid":"gen9nationaldexubers","rating":1140,"private":0,"password":""}