{"id":"gen9nationaldexubers-1999486532","p1":"SternumSnacker","p2":"pincurchin0<#","format":"[Gen 9] National Dex Ubers","log":"|j|\u2606SternumSnacker\n|j|\u2606pincurchin0<#\n|t:|1701087784\n|gametype|singles\n|player|p1|SternumSnacker|pokemonbreederf|1164\n|player|p2|pincurchin0<#|2|1000\n|teamsize|p1|6\n|teamsize|p2|6\n|gen|9\n|tier|[Gen 9] National Dex Ubers\n|rated|\n|rule|HP Percentage Mod: HP is shown in percentages\n|rule|Endless Battle Clause: Forcing endless battles is banned\n|rule|OHKO Clause: OHKO moves are banned\n|rule|Evasion Moves Clause: Evasion moves are banned\n|rule|Evasion Items Clause: Evasion items are banned\n|rule|Species Clause: Limit one of each Pok\u00e9mon\n|rule|Sleep Clause Mod: Limit one foe put to sleep\n|rule|Mega Rayquaza Clause: You cannot mega evolve Rayquaza\n|clearpoke\n|poke|p1|Togekiss, F|\n|poke|p1|Zoroark-Hisui, M|\n|poke|p1|Clefable, M|\n|poke|p1|Hoopa|\n|poke|p1|Snorlax, F|\n|poke|p1|Jirachi|\n|poke|p2|Pincurchin, M|\n|poke|p2|Wailord, M|\n|poke|p2|Smeargle, F|\n|poke|p2|Cherrim, M|\n|poke|p2|Mewtwo|\n|poke|p2|Magearna-Original|\n|teampreview\n|\n|t:|1701087805\n|start\n|switch|p1a: Clefable|Clefable, M|100\/100\n|switch|p2a: Dorama girl|Smeargle, F|100\/100\n|turn|1\n|\n|t:|1701087810\n|move|p2a: Dorama girl|Bestow||[still]\n|-fail|p2a: Dorama girl\n|move|p1a: Clefable|Cosmic Power|p1a: Clefable\n|-boost|p1a: Clefable|def|1\n|-boost|p1a: Clefable|spd|1\n|\n|-ability|p2a: Dorama girl|Moody|boost\n|-boost|p2a: Dorama girl|spa|2\n|-unboost|p2a: Dorama girl|spd|1\n|upkeep\n|turn|2\n|\n|t:|1701087819\n|move|p2a: Dorama girl|Decorate|p1a: Clefable\n|-boost|p1a: Clefable|atk|2\n|-boost|p1a: Clefable|spa|2\n|move|p1a: Clefable|Cosmic Power|p1a: Clefable\n|-boost|p1a: Clefable|def|1\n|-boost|p1a: Clefable|spd|1\n|\n|-ability|p2a: Dorama girl|Moody|boost\n|-boost|p2a: Dorama girl|spd|2\n|-unboost|p2a: Dorama girl|def|1\n|upkeep\n|turn|3\n|\n|t:|1701087828\n|move|p2a: Dorama girl|Decorate|p1a: Clefable\n|-boost|p1a: Clefable|atk|2\n|-boost|p1a: Clefable|spa|2\n|move|p1a: Clefable|Toxic|p2a: Dorama girl\n|-status|p2a: Dorama girl|tox\n|\n|-damage|p2a: Dorama girl|94\/100 tox|[from] psn\n|-ability|p2a: Dorama girl|Moody|boost\n|-boost|p2a: Dorama girl|spa|2\n|-unboost|p2a: Dorama girl|def|1\n|upkeep\n|turn|4\n|\n|t:|1701087838\n|move|p2a: Dorama girl|Decorate|p1a: Clefable\n|-boost|p1a: Clefable|atk|2\n|-boost|p1a: Clefable|spa|2\n|move|p1a: Clefable|Metronome|p1a: Clefable\n|move|p1a: Clefable|Milk Drink||[from]move: Metronome|[still]\n|-fail|p1a: Clefable|heal\n|\n|-damage|p2a: Dorama girl|82\/100 tox|[from] psn\n|-ability|p2a: Dorama girl|Moody|boost\n|-boost|p2a: Dorama girl|spe|2\n|-unboost|p2a: Dorama girl|spd|1\n|upkeep\n|turn|5\n|\n|t:|1701087850\n|switch|p2a: Carlie|Magearna-Original|100\/100\n|move|p1a: Clefable|Metronome|p1a: Clefable\n|move|p1a: Clefable|Tail Slap|p2a: Carlie|[from]move: Metronome\n|-resisted|p2a: Carlie\n|-damage|p2a: Carlie|94\/100\n|-resisted|p2a: Carlie\n|-damage|p2a: Carlie|87\/100\n|-hitcount|p2a: Carlie|2\n|\n|upkeep\n|turn|6\n|\n|t:|1701087859\n|move|p2a: Carlie|Skill Swap|p1a: Clefable\n|-activate|p2a: Carlie|move: Skill Swap|Magic Guard|Soul-Heart|[of] p1a: Clefable\n|move|p1a: Clefable|Metronome|p1a: Clefable\n|move|p1a: Clefable|Teeter Dance|p2a: Carlie|[from]move: Metronome\n|-start|p2a: Carlie|confusion\n|\n|upkeep\n|turn|7\n|\n|t:|1701087865\n|-activate|p2a: Carlie|confusion\n|move|p2a: Carlie|Power Swap|p1a: Clefable\n|-swapboost|p2a: Carlie|p1a: Clefable|atk, spa|[from] move: Power Swap\n|move|p1a: Clefable|Metronome|p1a: Clefable\n|move|p1a: Clefable|Rock Blast|p2a: Carlie|[from]move: Metronome\n|-resisted|p2a: Carlie\n|-damage|p2a: Carlie|85\/100\n|-resisted|p2a: Carlie\n|-damage|p2a: Carlie|84\/100\n|-resisted|p2a: Carlie\n|-damage|p2a: Carlie|82\/100\n|-resisted|p2a: Carlie\n|-damage|p2a: Carlie|80\/100\n|-hitcount|p2a: Carlie|4\n|\n|upkeep\n|turn|8\n|\n|t:|1701087878\n|-activate|p2a: Carlie|confusion\n|-damage|p2a: Carlie|54\/100|[from] confusion\n|move|p1a: Clefable|Metronome|p1a: Clefable\n|move|p1a: Clefable|Toxic|p2a: Carlie|[from]move: Metronome|[miss]\n|-miss|p1a: Clefable|p2a: Carlie\n|\n|upkeep\n|turn|9\n|\n|t:|1701087884\n|-activate|p2a: Carlie|confusion\n|move|p2a: Carlie|Power Swap|p1a: Clefable\n|-swapboost|p2a: Carlie|p1a: Clefable|atk, spa|[from] move: Power Swap\n|move|p1a: Clefable|Metronome|p1a: Clefable\n|move|p1a: Clefable|Heavy Slam|p2a: Carlie|[from]move: Metronome\n|-damage|p2a: Carlie|34\/100\n|\n|upkeep\n|turn|10\n|\n|t:|1701087893\n|-activate|p2a: Carlie|confusion\n|move|p2a: Carlie|Rest|p2a: Carlie\n|-status|p2a: Carlie|slp|[from] move: Rest\n|-heal|p2a: Carlie|100\/100 slp|[silent]\n|move|p1a: Clefable|Metronome|p1a: Clefable\n|move|p1a: Clefable|Spore|p2a: Carlie|[from]move: Metronome\n|-fail|p2a: Carlie|slp\n|\n|upkeep\n|turn|11\n|\n|t:|1701087910\n|switch|p2a: TIcke-Man|Wailord, M|100\/100\n|-item|p2a: TIcke-Man|Air Balloon\n|move|p1a: Clefable|Metronome|p1a: Clefable\n|move|p1a: Clefable|Esper Wing|p2a: TIcke-Man|[from]move: Metronome\n|-damage|p2a: TIcke-Man|21\/100\n|-boost|p1a: Clefable|spe|1\n|-enditem|p2a: TIcke-Man|Air Balloon\n|\n|upkeep\n|turn|12\n|\n|t:|1701087921\n|move|p1a: Clefable|Metronome|p1a: Clefable\n|move|p1a: Clefable|Flamethrower|p2a: TIcke-Man|[from]move: Metronome\n|-resisted|p2a: TIcke-Man\n|-damage|p2a: TIcke-Man|0 fnt\n|faint|p2a: TIcke-Man\n|\n|upkeep\n|\n|t:|1701087927\n|switch|p2a: happines dance|Cherrim, M|100\/100\n|turn|13\n|\n|t:|1701087931\n|move|p2a: happines dance|Flower Shield|p2a: happines dance\n|-boost|p2a: happines dance|def|1\n|move|p1a: Clefable|Metronome|p1a: Clefable\n|move|p1a: Clefable|Fiery Dance|p2a: happines dance|[from]move: Metronome\n|-supereffective|p2a: happines dance\n|-damage|p2a: happines dance|0 fnt\n|faint|p2a: happines dance\n|\n|upkeep\n|\n|t:|1701087936\n|switch|p2a: MY beloved|Pincurchin, M|100\/100\n|-fieldstart|move: Electric Terrain|[from] ability: Electric Surge|[of] p2a: MY beloved\n|turn|14\n|\n|t:|1701087941\n|move|p1a: Clefable|Metronome|p1a: Clefable\n|move|p1a: Clefable|Gust|p2a: MY beloved|[from]move: Metronome\n|-resisted|p2a: MY beloved\n|-crit|p2a: MY beloved\n|-damage|p2a: MY beloved|66\/100\n|move|p2a: MY beloved|Rising Voltage|p1a: Clefable\n|-hint|Rising Voltage's BP doubled on grounded target.\n|-damage|p1a: Clefable|73\/100\n|\n|upkeep\n|turn|15\n|\n|t:|1701087952\n|move|p1a: Clefable|Metronome|p1a: Clefable\n|move|p1a: Clefable|Beat Up|p2a: MY beloved|[from]move: Metronome\n|-crit|p2a: MY beloved\n|-damage|p2a: MY beloved|52\/100\n|-damage|p2a: MY beloved|40\/100\n|-enditem|p2a: MY beloved|Sitrus Berry|[eat]\n|-heal|p2a: MY beloved|65\/100|[from] item: Sitrus Berry\n|-damage|p2a: MY beloved|58\/100\n|-damage|p2a: MY beloved|45\/100\n|-damage|p2a: MY beloved|35\/100\n|-damage|p2a: MY beloved|22\/100\n|-hitcount|p2a: MY beloved|6\n|move|p2a: MY beloved|Scald|p1a: Clefable\n|-damage|p1a: Clefable|65\/100\n|-status|p1a: Clefable|brn\n|\n|-damage|p1a: Clefable|59\/100 brn|[from] brn\n|upkeep\n|turn|16\n|\n|t:|1701087968\n|move|p1a: Clefable|Metronome|p1a: Clefable\n|move|p1a: Clefable|Beat Up|p2a: MY beloved|[from]move: Metronome\n|-damage|p2a: MY beloved|18\/100\n|-damage|p2a: MY beloved|12\/100\n|-damage|p2a: MY beloved|8\/100\n|-damage|p2a: MY beloved|1\/100\n|-damage|p2a: MY beloved|0 fnt\n|faint|p2a: MY beloved\n|-hitcount|p2: MY beloved|5\n|\n|-damage|p1a: Clefable|53\/100 brn|[from] brn\n|upkeep\n|\n|t:|1701087972\n|switch|p2a: Nurse|Mewtwo|100\/100\n|-ability|p2a: Nurse|Pressure\n|turn|17\n|\n|t:|1701087981\n|move|p2a: Nurse|Trick|p1a: Clefable\n|-activate|p2a: Nurse|move: Trick|[of] p1a: Clefable\n|-item|p1a: Clefable|Leftovers|[from] move: Trick\n|-item|p2a: Nurse|Leppa Berry|[from] move: Trick\n|move|p1a: Clefable|Toxic|p2a: Nurse\n|-status|p2a: Nurse|tox\n|\n|-heal|p1a: Clefable|59\/100 brn|[from] item: Leftovers\n|-damage|p2a: Nurse|94\/100 tox|[from] psn\n|-damage|p1a: Clefable|53\/100 brn|[from] brn\n|upkeep\n|turn|18\n|\n|t:|1701087999\n|move|p2a: Nurse|Heal Pulse|p1a: Clefable\n|-heal|p1a: Clefable|100\/100 brn\n|move|p1a: Clefable|Metronome|p1a: Clefable\n|move|p1a: Clefable|Misty Explosion|p2a: Nurse|[from]move: Metronome\n|-damage|p2a: Nurse|0 fnt\n|faint|p1a: Clefable\n|faint|p2a: Nurse\n|\n|-fieldend|move: Electric Terrain\n|upkeep\n|\n|t:|1701088009\n|switch|p2a: Dorama girl|Smeargle, F|82\/100 tox\n|switch|p1a: devious|Hoopa|100\/100\n|turn|19\n|\n|t:|1701088016\n|move|p2a: Dorama girl|Bestow||[still]\n|-fail|p2a: Dorama girl\n|-zpower|p1a: devious\n|move|p1a: devious|All-Out Pummeling|p2a: Dorama girl|[zeffect]\n|-supereffective|p2a: Dorama girl\n|-damage|p2a: Dorama girl|0 fnt\n|faint|p2a: Dorama girl\n|\n|upkeep\n|\n|t:|1701088022\n|switch|p2a: Carlie|Magearna-Original|100\/100 slp\n|turn|20\n|\n|t:|1701088031\n|-terastallize|p2a: Carlie|Steel\n|move|p1a: devious|Psychic|p2a: Carlie\n|-resisted|p2a: Carlie\n|-damage|p2a: Carlie|84\/100 slp\n|cant|p2a: Carlie|slp\n|\n|upkeep\n|turn|21\n|\n|t:|1701088037\n|move|p1a: devious|Focus Blast|p2a: Carlie\n|-supereffective|p2a: Carlie\n|-damage|p2a: Carlie|17\/100 slp\n|cant|p2a: Carlie|slp\n|\n|upkeep\n|turn|22\n|\n|t:|1701088044\n|move|p1a: devious|Focus Blast|p2a: Carlie\n|-supereffective|p2a: Carlie\n|-damage|p2a: Carlie|0 fnt\n|faint|p2a: Carlie\n|\n|win|SternumSnacker\n|raw|SternumSnacker's rating: 1164 &rarr; <strong>1178<\/strong><br \/>(+14 for winning)\n|raw|pincurchin0&lt;#'s rating: 1000 &rarr; <strong>1000<\/strong><br \/>(+0 for losing)\n|l|\u2606pincurchin0<#\n","uploadtime":1701088074,"views":11,"p1id":"sternumsnacker","p2id":"pincurchin0","formatid":"gen9nationaldexubers","rating":1000,"private":0,"password":""}