{"id":"gen9nationaldexubers-1996070842","p1":"Hussumon2","p2":"Just B3A$T","format":"[Gen 9] National Dex Ubers","log":"|j|\u2606Hussumon2\n|j|\u2606Just B3A$T\n|t:|1700639226\n|gametype|singles\n|player|p1|Hussumon2|palmer|\n|player|p2|Just B3A$T|noland|\n|teamsize|p1|6\n|teamsize|p2|6\n|gen|9\n|tier|[Gen 9] National Dex Ubers\n|rule|HP Percentage Mod: HP is shown in percentages\n|rule|Endless Battle Clause: Forcing endless battles is banned\n|rule|OHKO Clause: OHKO moves are banned\n|rule|Evasion Moves Clause: Evasion moves are banned\n|rule|Evasion Items Clause: Evasion items are banned\n|rule|Species Clause: Limit one of each Pok\u00e9mon\n|rule|Sleep Clause Mod: Limit one foe put to sleep\n|rule|Mega Rayquaza Clause: You cannot mega evolve Rayquaza\n|clearpoke\n|poke|p1|Annihilape, M|\n|poke|p1|Iron Bundle|\n|poke|p1|Gliscor, M|\n|poke|p1|Tapu Koko|\n|poke|p1|Ferrothorn, M|\n|poke|p1|Moltres|\n|poke|p2|Kartana|\n|poke|p2|Genesect-Douse|\n|poke|p2|Metagross|\n|poke|p2|Gholdengo|\n|poke|p2|Heatran, M|\n|poke|p2|Galvantula, F|\n|teampreview\n|inactive|Battle timer is ON: inactive players will automatically lose when time's up. (requested by Just B3A$T)\n|c|\u2606Hussumon2|Gl hf\n|inactive|Just B3A$T has 270 seconds left.\n|c|\u2606Just B3A$T|u2\n|\n|t:|1700639262\n|start\n|switch|p1a: Gliscor|Gliscor, M|100\/100\n|switch|p2a: fast buge|Galvantula, F|100\/100\n|turn|1\n|\n|t:|1700639273\n|move|p2a: fast buge|Sticky Web|p1a: Gliscor\n|-sidestart|p1: Hussumon2|move: Sticky Web\n|move|p1a: Gliscor|Earthquake|p2a: fast buge\n|-damage|p2a: fast buge|53\/100\n|\n|-status|p1a: Gliscor|tox|[from] item: Toxic Orb\n|upkeep\n|turn|2\n|\n|t:|1700639285\n|switch|p2a: Doubloons!|Gholdengo|100\/100\n|-item|p2a: Doubloons!|Air Balloon\n|move|p1a: Gliscor|Protect||[still]\n|-fail|p1a: Gliscor\n|\n|upkeep\n|turn|3\n|\n|t:|1700639290\n|move|p1a: Gliscor|Knock Off|p2a: Doubloons!\n|-supereffective|p2a: Doubloons!\n|-damage|p2a: Doubloons!|58\/100\n|-enditem|p2a: Doubloons!|Air Balloon\n|move|p2a: Doubloons!|Nasty Plot|p2a: Doubloons!\n|-boost|p2a: Doubloons!|spa|2\n|\n|upkeep\n|turn|4\n|c|\u2606Just B3A$T|pain\n|\n|t:|1700639305\n|switch|p2a: fast buge|Galvantula, F|53\/100\n|move|p1a: Gliscor|Earthquake|p2a: fast buge\n|-crit|p2a: fast buge\n|-damage|p2a: fast buge|0 fnt\n|faint|p2a: fast buge\n|\n|upkeep\n|\n|t:|1700639312\n|switch|p2a: Arachnotron|Metagross, shiny|100\/100\n|turn|5\n|\n|t:|1700639319\n|move|p1a: Gliscor|Protect|p1a: Gliscor\n|-singleturn|p1a: Gliscor|Protect\n|move|p2a: Arachnotron|Hone Claws|p2a: Arachnotron\n|-boost|p2a: Arachnotron|atk|1\n|-boost|p2a: Arachnotron|accuracy|1\n|\n|upkeep\n|turn|6\n|\n|t:|1700639331\n|switch|p1a: Ferrothorn|Ferrothorn, M|100\/100\n|-activate|p1a: Ferrothorn|move: Sticky Web\n|-unboost|p1a: Ferrothorn|spe|1\n|move|p2a: Arachnotron|Ice Punch|p1a: Ferrothorn\n|-damage|p1a: Ferrothorn|75\/100\n|\n|upkeep\n|turn|7\n|\n|t:|1700639338\n|move|p2a: Arachnotron|Meteor Mash|p1a: Ferrothorn\n|-resisted|p1a: Ferrothorn\n|-damage|p1a: Ferrothorn|53\/100\n|move|p1a: Ferrothorn|Leech Seed|p2a: Arachnotron\n|-start|p2a: Arachnotron|move: Leech Seed\n|\n|-damage|p2a: Arachnotron|88\/100|[from] Leech Seed|[of] p1a: Ferrothorn\n|-heal|p1a: Ferrothorn|63\/100|[silent]\n|upkeep\n|turn|8\n|\n|t:|1700639345\n|move|p2a: Arachnotron|Hone Claws|p2a: Arachnotron\n|-boost|p2a: Arachnotron|atk|1\n|-boost|p2a: Arachnotron|accuracy|1\n|move|p1a: Ferrothorn|Knock Off|p2a: Arachnotron\n|-supereffective|p2a: Arachnotron\n|-damage|p2a: Arachnotron|47\/100\n|-enditem|p2a: Arachnotron|Punching Glove|[from] move: Knock Off|[of] p1a: Ferrothorn\n|\n|-damage|p2a: Arachnotron|35\/100|[from] Leech Seed|[of] p1a: Ferrothorn\n|-heal|p1a: Ferrothorn|74\/100|[silent]\n|upkeep\n|turn|9\n|\n|t:|1700639357\n|move|p2a: Arachnotron|Ice Punch|p1a: Ferrothorn\n|-damage|p1a: Ferrothorn|41\/100\n|-damage|p2a: Arachnotron|22\/100|[from] ability: Iron Barbs|[of] p1a: Ferrothorn\n|-damage|p2a: Arachnotron|6\/100|[from] item: Rocky Helmet|[of] p1a: Ferrothorn\n|move|p1a: Ferrothorn|Gyro Ball|p2a: Arachnotron\n|-resisted|p2a: Arachnotron\n|-damage|p2a: Arachnotron|0 fnt\n|faint|p2a: Arachnotron\n|\n|upkeep\n|\n|t:|1700639370\n|switch|p2a: the worst papercut|Kartana, shiny|100\/100\n|turn|10\n|\n|t:|1700639375\n|move|p2a: the worst papercut|Swords Dance|p2a: the worst papercut\n|-boost|p2a: the worst papercut|atk|2\n|move|p1a: Ferrothorn|Leech Seed|p2a: the worst papercut\n|-immune|p2a: the worst papercut\n|\n|upkeep\n|turn|11\n|\n|t:|1700639380\n|move|p2a: the worst papercut|Sacred Sword|p1a: Ferrothorn\n|-supereffective|p1a: Ferrothorn\n|-damage|p1a: Ferrothorn|0 fnt\n|-damage|p2a: the worst papercut|88\/100|[from] ability: Iron Barbs|[of] p1a: Ferrothorn\n|-damage|p2a: the worst papercut|72\/100|[from] item: Rocky Helmet|[of] p1a: Ferrothorn\n|faint|p1a: Ferrothorn\n|-ability|p2a: the worst papercut|Beast Boost|boost\n|-boost|p2a: the worst papercut|atk|1\n|-damage|p2a: the worst papercut|62\/100|[from] item: Life Orb\n|\n|upkeep\n|c|\u2606Just B3A$T|whoa\n|\n|t:|1700639387\n|switch|p1a: Tapu Koko|Tapu Koko|100\/100\n|-fieldstart|move: Electric Terrain|[from] ability: Electric Surge|[of] p1a: Tapu Koko\n|turn|12\n|c|\u2606Just B3A$T|pain\n|\n|t:|1700639408\n|switch|p2a: Doubloons!|Gholdengo|58\/100\n|move|p1a: Tapu Koko|Thunderbolt|p2a: Doubloons!\n|-damage|p2a: Doubloons!|10\/100\n|\n|upkeep\n|turn|13\n|\n|t:|1700639416\n|move|p1a: Tapu Koko|Thunderbolt|p2a: Doubloons!\n|-damage|p2a: Doubloons!|0 fnt\n|faint|p2a: Doubloons!\n|\n|upkeep\n|\n|t:|1700639424\n|switch|p2a: Crimson|Heatran, M, shiny|100\/100\n|turn|14\n|\n|t:|1700639428\n|move|p1a: Tapu Koko|Volt Switch|p2a: Crimson\n|-damage|p2a: Crimson|66\/100\n|\n|t:|1700639433\n|switch|p1a: Moltres|Moltres|100\/100|[from] Volt Switch\n|-ability|p1a: Moltres|Pressure\n|move|p2a: Crimson|Stealth Rock|p1a: Moltres\n|-sidestart|p1: Hussumon2|move: Stealth Rock\n|\n|upkeep\n|turn|15\n|\n|t:|1700639441\n|move|p1a: Moltres|Hurricane|p2a: Crimson\n|-resisted|p2a: Crimson\n|-damage|p2a: Crimson|47\/100\n|move|p2a: Crimson|Power Gem|p1a: Moltres\n|-supereffective|p1a: Moltres\n|-damage|p1a: Moltres|11\/100\n|\n|upkeep\n|turn|16\n|\n|t:|1700639449\n|move|p1a: Moltres|U-turn|p2a: Crimson\n|-resisted|p2a: Crimson\n|-damage|p2a: Crimson|44\/100\n|-damage|p1a: Moltres|0 fnt|[from] item: Rocky Helmet|[of] p2a: Crimson\n|faint|p1a: Moltres\n|move|p2a: Crimson|Lava Plume|p1: Moltres|[notarget]\n|-fail|p2a: Crimson\n|\n|-fieldend|move: Electric Terrain\n|upkeep\n|\n|t:|1700639469\n|switch|p1a: Gliscor|Gliscor, M|100\/100 tox\n|-damage|p1a: Gliscor|88\/100 tox|[from] Stealth Rock\n|turn|17\n|\n|t:|1700639475\n|switch|p2a: the worst papercut|Kartana, shiny|62\/100\n|move|p1a: Gliscor|Earthquake|p2a: the worst papercut\n|-damage|p2a: the worst papercut|30\/100\n|\n|-heal|p1a: Gliscor|100\/100 tox|[from] ability: Poison Heal\n|upkeep\n|turn|18\n|\n|t:|1700639483\n|move|p2a: the worst papercut|Leaf Blade|p1a: Gliscor\n|-damage|p1a: Gliscor|42\/100 tox\n|-damage|p2a: the worst papercut|21\/100|[from] item: Life Orb\n|move|p1a: Gliscor|Earthquake|p2a: the worst papercut\n|-damage|p2a: the worst papercut|0 fnt\n|faint|p2a: the worst papercut\n|\n|-heal|p1a: Gliscor|54\/100 tox|[from] ability: Poison Heal\n|upkeep\n|\n|t:|1700639486\n|switch|p2a: AMAZO|Genesect-Douse, shiny|100\/100\n|-ability|p2a: AMAZO|Download|boost\n|-boost|p2a: AMAZO|spa|1\n|turn|19\n|\n|t:|1700639492\n|move|p1a: Gliscor|Protect|p1a: Gliscor\n|-singleturn|p1a: Gliscor|Protect\n|move|p2a: AMAZO|Shift Gear|p2a: AMAZO\n|-boost|p2a: AMAZO|spe|2\n|-boost|p2a: AMAZO|atk|1\n|\n|-heal|p1a: Gliscor|67\/100 tox|[from] ability: Poison Heal\n|upkeep\n|turn|20\n|\n|t:|1700639501\n|move|p2a: AMAZO|Techno Blast|p1a: Gliscor\n|-supereffective|p1a: Gliscor\n|-damage|p1a: Gliscor|0 fnt\n|faint|p1a: Gliscor\n|\n|upkeep\n|\n|t:|1700639509\n|switch|p1a: Annihilape|Annihilape, M|100\/100\n|-activate|p1a: Annihilape|move: Sticky Web\n|-unboost|p1a: Annihilape|spe|1\n|-ability|p1a: Annihilape|Defiant|boost\n|-boost|p1a: Annihilape|atk|2\n|-damage|p1a: Annihilape|94\/100|[from] Stealth Rock\n|turn|21\n|\n|t:|1700639515\n|-terastallize|p2a: AMAZO|Water\n|move|p2a: AMAZO|Techno Blast|p1a: Annihilape\n|-damage|p1a: Annihilape|50\/100\n|move|p1a: Annihilape|Drain Punch|p2a: AMAZO\n|-damage|p2a: AMAZO|21\/100\n|-heal|p1a: Annihilape|77\/100|[from] drain|[of] p2a: AMAZO\n|\n|-heal|p1a: Annihilape|83\/100|[from] item: Leftovers\n|upkeep\n|turn|22\n|c|\u2606Just B3A$T|yo\n|\n|t:|1700639529\n|move|p2a: AMAZO|Blaze Kick|p1a: Annihilape\n|-damage|p1a: Annihilape|42\/100\n|-status|p1a: Annihilape|brn\n|move|p1a: Annihilape|Drain Punch|p2a: AMAZO\n|-damage|p2a: AMAZO|0 fnt\n|-heal|p1a: Annihilape|49\/100 brn|[from] drain|[of] p2a: AMAZO\n|faint|p2a: AMAZO\n|\n|-heal|p1a: Annihilape|55\/100 brn|[from] item: Leftovers\n|-damage|p1a: Annihilape|49\/100 brn|[from] brn\n|upkeep\n|\n|t:|1700639533\n|switch|p2a: Crimson|Heatran, M, shiny|44\/100\n|turn|23\n|c|\u2606Just B3A$T|gg\n|c|\u2606Just B3A$T|I should not have gone Webz\n|c|\u2606Hussumon2|Gg\n|\n|t:|1700639547\n|move|p2a: Crimson|Earth Power|p1a: Annihilape\n|-damage|p1a: Annihilape|26\/100 brn\n|move|p1a: Annihilape|Drain Punch|p2a: Crimson\n|-supereffective|p2a: Crimson\n|-damage|p2a: Crimson|0 fnt\n|-heal|p1a: Annihilape|46\/100 brn|[from] drain|[of] p2a: Crimson\n|-damage|p1a: Annihilape|29\/100 brn|[from] item: Rocky Helmet|[of] p2a: Crimson\n|faint|p2a: Crimson\n|\n|win|Hussumon2\n","uploadtime":1700639553,"views":1,"p1id":"hussumon2","p2id":"justb3at","formatid":"gen9nationaldexubers","rating":0,"private":0,"password":""}