{"id":"gen9nationaldexubers-1993385772","p1":"XJohnson","p2":"CIS_BattleDroid","format":"[Gen 9] National Dex Ubers","log":"|j|\u2606XJohnson\n|j|\u2606CIS_BattleDroid\n|t:|1700310246\n|gametype|singles\n|player|p1|XJohnson|hau|1288\n|player|p2|CIS_BattleDroid|102|1276\n|teamsize|p1|6\n|teamsize|p2|6\n|gen|9\n|tier|[Gen 9] National Dex Ubers\n|rated|\n|rule|HP Percentage Mod: HP is shown in percentages\n|rule|Endless Battle Clause: Forcing endless battles is banned\n|rule|OHKO Clause: OHKO moves are banned\n|rule|Evasion Moves Clause: Evasion moves are banned\n|rule|Evasion Items Clause: Evasion items are banned\n|rule|Species Clause: Limit one of each Pok\u00e9mon\n|rule|Sleep Clause Mod: Limit one foe put to sleep\n|rule|Mega Rayquaza Clause: You cannot mega evolve Rayquaza\n|clearpoke\n|poke|p1|Baxcalibur, F|\n|poke|p1|Ninetales-Alola, F|\n|poke|p1|Tyranitar, M|\n|poke|p1|Kommo-o, M|\n|poke|p1|Stakataka|\n|poke|p1|Ting-Lu|\n|poke|p2|Blaziken, F|\n|poke|p2|Azumarill, F|\n|poke|p2|Grimmsnarl, M|\n|poke|p2|Toxapex, F|\n|poke|p2|Ditto|\n|poke|p2|Landorus-Therian, M|\n|teampreview\n|\n|t:|1700310264\n|start\n|switch|p1a: Ting-Lu|Ting-Lu|100\/100\n|switch|p2a: Hazer|Toxapex, F|100\/100\n|-ability|p1a: Ting-Lu|Vessel of Ruin\n|turn|1\n|\n|t:|1700310279\n|switch|p1a: Stakataka|Stakataka|100\/100\n|move|p2a: Hazer|Toxic|p1a: Stakataka\n|-immune|p1a: Stakataka\n|\n|upkeep\n|turn|2\n|\n|t:|1700310287\n|switch|p2a: Scrn Sttr|Grimmsnarl, M|100\/100\n|switch|p1a: Ninetales|Ninetales-Alola, F|100\/100\n|-weather|Snow|[from] ability: Snow Warning|[of] p1a: Ninetales\n|\n|-weather|Snow|[upkeep]\n|upkeep\n|turn|3\n|\n|t:|1700310298\n|switch|p1a: Ting-Lu|Ting-Lu|100\/100\n|-ability|p1a: Ting-Lu|Vessel of Ruin\n|move|p2a: Scrn Sttr|Light Screen|p2a: Scrn Sttr\n|-sidestart|p2: CIS_BattleDroid|move: Light Screen\n|\n|-weather|Snow|[upkeep]\n|upkeep\n|turn|4\n|\n|t:|1700310308\n|move|p2a: Scrn Sttr|Reflect|p2a: Scrn Sttr\n|-sidestart|p2: CIS_BattleDroid|Reflect\n|move|p1a: Ting-Lu|Stealth Rock|p2a: Scrn Sttr\n|-sidestart|p2: CIS_BattleDroid|move: Stealth Rock\n|\n|-weather|Snow|[upkeep]\n|upkeep\n|turn|5\n|\n|t:|1700310311\n|move|p2a: Scrn Sttr|Parting Shot|p1a: Ting-Lu\n|-hint|Since gen 7, Dark is immune to Prankster moves.\n|-immune|p1a: Ting-Lu\n|move|p1a: Ting-Lu|Whirlwind|p2a: Scrn Sttr\n|drag|p2a: SS1|Blaziken, F|100\/100\n|-damage|p2a: SS1|88\/100|[from] Stealth Rock\n|\n|-weather|Snow|[upkeep]\n|upkeep\n|turn|6\n|\n|t:|1700310320\n|switch|p2a: Landorus|Landorus-Therian, M|100\/100\n|-damage|p2a: Landorus|88\/100|[from] Stealth Rock\n|-ability|p2a: Landorus|Intimidate|boost\n|-unboost|p1a: Ting-Lu|atk|1\n|move|p1a: Ting-Lu|Earthquake|p2a: Landorus\n|-immune|p2a: Landorus\n|\n|-weather|none\n|-heal|p2a: Landorus|94\/100|[from] item: Leftovers\n|upkeep\n|turn|7\n|\n|t:|1700310326\n|move|p2a: Landorus|Superpower|p1a: Ting-Lu\n|-supereffective|p1a: Ting-Lu\n|-damage|p1a: Ting-Lu|62\/100\n|-unboost|p2a: Landorus|atk|1\n|-unboost|p2a: Landorus|def|1\n|move|p1a: Ting-Lu|Spikes|p2a: Landorus\n|-sidestart|p2: CIS_BattleDroid|Spikes\n|\n|-heal|p2a: Landorus|100\/100|[from] item: Leftovers\n|-heal|p1a: Ting-Lu|68\/100|[from] item: Leftovers\n|upkeep\n|turn|8\n|\n|t:|1700310333\n|move|p2a: Landorus|Stealth Rock|p1a: Ting-Lu\n|-sidestart|p1: XJohnson|move: Stealth Rock\n|move|p1a: Ting-Lu|Spikes|p2a: Landorus\n|-sidestart|p2: CIS_BattleDroid|Spikes\n|\n|-heal|p1a: Ting-Lu|74\/100|[from] item: Leftovers\n|upkeep\n|turn|9\n|\n|t:|1700310337\n|move|p2a: Landorus|Defog|p1a: Ting-Lu\n|-unboost|p1a: Ting-Lu|evasion|1\n|-sideend|p1: XJohnson|Stealth Rock|[from] move: Defog|[of] p2a: Landorus\n|-sideend|p2: CIS_BattleDroid|Spikes|[from] move: Defog|[of] p2a: Landorus\n|-sideend|p2: CIS_BattleDroid|Stealth Rock|[from] move: Defog|[of] p2a: Landorus\n|move|p1a: Ting-Lu|Whirlwind|p2a: Landorus\n|drag|p2a: Hazer|Toxapex, F|100\/100\n|\n|-heal|p1a: Ting-Lu|81\/100|[from] item: Leftovers\n|upkeep\n|turn|10\n|\n|t:|1700310353\n|switch|p1a: Stakataka|Stakataka|100\/100\n|switch|p2a: Azumarill|Azumarill, F|100\/100\n|\n|-sideend|p2: CIS_BattleDroid|move: Light Screen\n|upkeep\n|turn|11\n|\n|t:|1700310371\n|switch|p1a: Ninetales|Ninetales-Alola, F|100\/100\n|-weather|Snow|[from] ability: Snow Warning|[of] p1a: Ninetales\n|move|p2a: Azumarill|Belly Drum|p2a: Azumarill\n|-damage|p2a: Azumarill|51\/100\n|-setboost|p2a: Azumarill|atk|6|[from] move: Belly Drum\n|\n|-weather|Snow|[upkeep]\n|-sideend|p2: CIS_BattleDroid|Reflect\n|upkeep\n|turn|12\n|\n|t:|1700310387\n|move|p2a: Azumarill|Aqua Jet|p1a: Ninetales\n|-damage|p1a: Ninetales|16\/100\n|move|p1a: Ninetales|Encore|p2a: Azumarill\n|-start|p2a: Azumarill|Encore\n|\n|-weather|Snow|[upkeep]\n|upkeep\n|turn|13\n|\n|t:|1700310395\n|move|p2a: Azumarill|Aqua Jet|p1a: Ninetales\n|-damage|p1a: Ninetales|0 fnt\n|faint|p1a: Ninetales\n|\n|-weather|Snow|[upkeep]\n|upkeep\n|\n|t:|1700310403\n|switch|p1a: Kommo-o|Kommo-o, M|100\/100\n|turn|14\n|\n|t:|1700310408\n|move|p2a: Azumarill|Aqua Jet|p1a: Kommo-o\n|-resisted|p1a: Kommo-o\n|-damage|p1a: Kommo-o|50\/100\n|move|p1a: Kommo-o|Flash Cannon|p2a: Azumarill\n|-damage|p2a: Azumarill|27\/100\n|\n|-weather|Snow|[upkeep]\n|upkeep\n|turn|15\n|\n|t:|1700310419\n|-terastallize|p2a: Azumarill|Water\n|move|p2a: Azumarill|Aqua Jet|p1a: Kommo-o\n|-resisted|p1a: Kommo-o\n|-damage|p1a: Kommo-o|0 fnt\n|faint|p1a: Kommo-o\n|\n|-weather|none\n|-end|p2a: Azumarill|Encore\n|upkeep\n|\n|t:|1700310430\n|switch|p1a: Baxcalibur|Baxcalibur, F|100\/100\n|turn|16\n|\n|t:|1700310453\n|move|p2a: Azumarill|Aqua Jet|p1a: Baxcalibur\n|-resisted|p1a: Baxcalibur\n|-damage|p1a: Baxcalibur|36\/100\n|move|p1a: Baxcalibur|Glaive Rush|p2a: Azumarill\n|-damage|p2a: Azumarill|0 fnt\n|-singlemove|p1a: Baxcalibur|Glaive Rush|[silent]\n|faint|p2a: Azumarill\n|\n|upkeep\n|\n|t:|1700310464\n|switch|p2a: Ditto|Ditto|100\/100\n|-transform|p2a: Ditto|p1a: Baxcalibur|[from] ability: Imposter\n|turn|17\n|\n|t:|1700310491\n|move|p2a: Ditto|Icicle Crash|p1a: Baxcalibur\n|-damage|p1a: Baxcalibur|0 fnt\n|faint|p1a: Baxcalibur\n|\n|upkeep\n|\n|t:|1700310494\n|switch|p1a: Stakataka|Stakataka|100\/100\n|turn|18\n|\n|t:|1700310508\n|switch|p2a: Landorus|Landorus-Therian, M|100\/100\n|-ability|p2a: Landorus|Intimidate|boost\n|-unboost|p1a: Stakataka|atk|1\n|move|p1a: Stakataka|Gyro Ball|p2a: Landorus\n|-damage|p2a: Landorus|44\/100\n|\n|-heal|p2a: Landorus|50\/100|[from] item: Leftovers\n|upkeep\n|turn|19\n|\n|t:|1700310516\n|switch|p1a: Ting-Lu|Ting-Lu|81\/100\n|-ability|p1a: Ting-Lu|Vessel of Ruin\n|move|p2a: Landorus|Superpower|p1a: Ting-Lu\n|-supereffective|p1a: Ting-Lu\n|-damage|p1a: Ting-Lu|40\/100\n|-unboost|p2a: Landorus|atk|1\n|-unboost|p2a: Landorus|def|1\n|\n|-heal|p2a: Landorus|57\/100|[from] item: Leftovers\n|-heal|p1a: Ting-Lu|46\/100|[from] item: Leftovers\n|upkeep\n|turn|20\n|\n|t:|1700310523\n|move|p2a: Landorus|Stealth Rock|p1a: Ting-Lu\n|-sidestart|p1: XJohnson|move: Stealth Rock\n|move|p1a: Ting-Lu|Spikes|p2a: Landorus\n|-sidestart|p2: CIS_BattleDroid|Spikes\n|\n|-heal|p2a: Landorus|63\/100|[from] item: Leftovers\n|-heal|p1a: Ting-Lu|53\/100|[from] item: Leftovers\n|upkeep\n|turn|21\n|\n|t:|1700310532\n|move|p2a: Landorus|Superpower|p1a: Ting-Lu\n|-supereffective|p1a: Ting-Lu\n|-damage|p1a: Ting-Lu|27\/100\n|-unboost|p2a: Landorus|atk|1\n|-unboost|p2a: Landorus|def|1\n|move|p1a: Ting-Lu|Spikes|p2a: Landorus\n|-sidestart|p2: CIS_BattleDroid|Spikes\n|\n|-heal|p2a: Landorus|69\/100|[from] item: Leftovers\n|-heal|p1a: Ting-Lu|34\/100|[from] item: Leftovers\n|upkeep\n|turn|22\n|\n|t:|1700310535\n|move|p2a: Landorus|Superpower|p1a: Ting-Lu\n|-supereffective|p1a: Ting-Lu\n|-damage|p1a: Ting-Lu|15\/100\n|-unboost|p2a: Landorus|atk|1\n|-unboost|p2a: Landorus|def|1\n|move|p1a: Ting-Lu|Whirlwind|p2a: Landorus\n|drag|p2a: Hazer|Toxapex, F|100\/100\n|-damage|p2a: Hazer|84\/100|[from] Spikes\n|\n|-heal|p1a: Ting-Lu|21\/100|[from] item: Leftovers\n|-heal|p2a: Hazer|90\/100|[from] item: Black Sludge\n|upkeep\n|turn|23\n|\n|t:|1700310542\n|switch|p2a: Landorus|Landorus-Therian, M|69\/100\n|-ability|p2a: Landorus|Intimidate|boost\n|-unboost|p1a: Ting-Lu|atk|1\n|move|p1a: Ting-Lu|Earthquake|p2a: Landorus\n|-immune|p2a: Landorus\n|\n|-heal|p2a: Landorus|75\/100|[from] item: Leftovers\n|-heal|p1a: Ting-Lu|27\/100|[from] item: Leftovers\n|upkeep\n|turn|24\n|\n|t:|1700310550\n|move|p2a: Landorus|Superpower|p1a: Ting-Lu\n|-supereffective|p1a: Ting-Lu\n|-damage|p1a: Ting-Lu|0 fnt\n|-unboost|p2a: Landorus|atk|1\n|-unboost|p2a: Landorus|def|1\n|faint|p1a: Ting-Lu\n|\n|-heal|p2a: Landorus|81\/100|[from] item: Leftovers\n|upkeep\n|\n|t:|1700310554\n|switch|p1a: Stakataka|Stakataka|100\/100\n|-damage|p1a: Stakataka|94\/100|[from] Stealth Rock\n|turn|25\n|\n|t:|1700310588\n|-terastallize|p1a: Stakataka|Steel\n|move|p2a: Landorus|Defog|p1a: Stakataka\n|-unboost|p1a: Stakataka|evasion|1\n|-sideend|p1: XJohnson|Stealth Rock|[from] move: Defog|[of] p2a: Landorus\n|-sideend|p2: CIS_BattleDroid|Spikes|[from] move: Defog|[of] p2a: Landorus\n|move|p1a: Stakataka|Trick Room|p1a: Stakataka\n|-fieldstart|move: Trick Room|[of] p1a: Stakataka\n|\n|-heal|p2a: Landorus|88\/100|[from] item: Leftovers\n|upkeep\n|turn|26\n|\n|t:|1700310601\n|move|p1a: Stakataka|Earthquake|p2a: Landorus\n|-immune|p2a: Landorus\n|move|p2a: Landorus|Stealth Rock|p1a: Stakataka\n|-sidestart|p1: XJohnson|move: Stealth Rock\n|\n|-heal|p2a: Landorus|94\/100|[from] item: Leftovers\n|upkeep\n|turn|27\n|\n|t:|1700310632\n|switch|p2a: Scrn Sttr|Grimmsnarl, M|100\/100\n|move|p1a: Stakataka|Gyro Ball|p2a: Scrn Sttr\n|-supereffective|p2a: Scrn Sttr\n|-damage|p2a: Scrn Sttr|0 fnt\n|faint|p2a: Scrn Sttr\n|-ability|p1a: Stakataka|Beast Boost|boost\n|-boost|p1a: Stakataka|atk|1\n|\n|upkeep\n|\n|t:|1700310670\n|switch|p2a: Hazer|Toxapex, F|100\/100\n|turn|28\n|\n|t:|1700310702\n|move|p2a: Hazer|Haze|p2a: Hazer\n|-clearallboost\n|move|p1a: Stakataka|Trick Room|p1a: Stakataka\n|-fieldend|move: Trick Room\n|\n|upkeep\n|turn|29\n|\n|t:|1700310710\n|switch|p2a: SS1|Blaziken, F|88\/100\n|move|p1a: Stakataka|Trick Room|p1a: Stakataka\n|-fieldstart|move: Trick Room|[of] p1a: Stakataka\n|\n|upkeep\n|turn|30\n|\n|t:|1700310735\n|detailschange|p2a: SS1|Blaziken-Mega, F\n|-mega|p2a: SS1|Blaziken|Blazikenite\n|move|p2a: SS1|Protect|p2a: SS1\n|-singleturn|p2a: SS1|Protect\n|move|p1a: Stakataka|Earthquake|p2a: SS1\n|-activate|p2a: SS1|move: Protect\n|\n|-ability|p2a: SS1|Speed Boost|boost\n|-boost|p2a: SS1|spe|1\n|upkeep\n|turn|31\n|\n|t:|1700310753\n|switch|p2a: Landorus|Landorus-Therian, M|94\/100\n|-ability|p2a: Landorus|Intimidate|boost\n|-unboost|p1a: Stakataka|atk|1\n|move|p1a: Stakataka|Gyro Ball|p2a: Landorus\n|-damage|p2a: Landorus|20\/100\n|\n|-heal|p2a: Landorus|27\/100|[from] item: Leftovers\n|upkeep\n|turn|32\n|\n|t:|1700310760\n|move|p1a: Stakataka|Gyro Ball|p2a: Landorus\n|-damage|p2a: Landorus|0 fnt\n|faint|p2a: Landorus\n|-ability|p1a: Stakataka|Beast Boost|boost\n|-boost|p1a: Stakataka|atk|1\n|\n|upkeep\n|\n|t:|1700310764\n|switch|p2a: Ditto|Ditto|100\/100\n|-transform|p2a: Ditto|p1a: Stakataka|[from] ability: Imposter\n|-start|p2a: Ditto|typechange|Rock\/Steel|[silent]\n|turn|33\n|\n|t:|1700310787\n|move|p2a: Ditto|Heat Crash|p1a: Stakataka\n|-supereffective|p1a: Stakataka\n|-damage|p1a: Stakataka|75\/100\n|move|p1a: Stakataka|Trick Room|p1a: Stakataka\n|-fieldend|move: Trick Room\n|\n|upkeep\n|turn|34\n|\n|t:|1700310791\n|move|p2a: Ditto|Heat Crash|p1a: Stakataka\n|-supereffective|p1a: Stakataka\n|-damage|p1a: Stakataka|57\/100\n|move|p1a: Stakataka|Trick Room|p1a: Stakataka\n|-fieldstart|move: Trick Room|[of] p1a: Stakataka\n|\n|upkeep\n|turn|35\n|\n|t:|1700310795\n|move|p1a: Stakataka|Earthquake|p2a: Ditto\n|-supereffective|p2a: Ditto\n|-damage|p2a: Ditto|3\/100\n|move|p2a: Ditto|Heat Crash|p1a: Stakataka\n|-supereffective|p1a: Stakataka\n|-damage|p1a: Stakataka|36\/100\n|\n|upkeep\n|turn|36\n|\n|t:|1700310800\n|move|p1a: Stakataka|Earthquake|p2a: Ditto\n|-supereffective|p2a: Ditto\n|-damage|p2a: Ditto|0 fnt\n|faint|p2a: Ditto\n|-ability|p1a: Stakataka|Beast Boost|boost\n|-boost|p1a: Stakataka|atk|1\n|\n|upkeep\n|\n|t:|1700310803\n|switch|p2a: Hazer|Toxapex, F|100\/100\n|turn|37\n|\n|t:|1700310810\n|move|p2a: Hazer|Infestation|p1a: Stakataka\n|-resisted|p1a: Stakataka\n|-damage|p1a: Stakataka|35\/100\n|-activate|p1a: Stakataka|move: Infestation|[of] p2a: Hazer\n|move|p1a: Stakataka|Trick Room|p1a: Stakataka\n|-fieldend|move: Trick Room\n|\n|-damage|p1a: Stakataka|23\/100|[from] move: Infestation|[partiallytrapped]\n|upkeep\n|turn|38\n|\n|t:|1700310817\n|move|p2a: Hazer|Recover||[still]\n|-fail|p2a: Hazer|heal\n|move|p1a: Stakataka|Trick Room|p1a: Stakataka\n|-fieldstart|move: Trick Room|[of] p1a: Stakataka\n|\n|-damage|p1a: Stakataka|10\/100|[from] move: Infestation|[partiallytrapped]\n|upkeep\n|turn|39\n|\n|t:|1700310821\n|move|p1a: Stakataka|Earthquake|p2a: Hazer\n|-supereffective|p2a: Hazer\n|-damage|p2a: Hazer|11\/100\n|move|p2a: Hazer|Haze|p2a: Hazer\n|-clearallboost\n|\n|-heal|p2a: Hazer|17\/100|[from] item: Black Sludge\n|-damage|p1a: Stakataka|0 fnt|[from] move: Infestation|[partiallytrapped]\n|faint|p1a: Stakataka\n|upkeep\n|\n|t:|1700310824\n|switch|p1a: Tyranitar|Tyranitar, M|100\/100\n|-damage|p1a: Tyranitar|88\/100|[from] Stealth Rock\n|-weather|Sandstorm|[from] ability: Sand Stream|[of] p1a: Tyranitar\n|turn|40\n|\n|t:|1700310845\n|detailschange|p1a: Tyranitar|Tyranitar-Mega, M\n|-mega|p1a: Tyranitar|Tyranitar|Tyranitarite\n|move|p2a: Hazer|Toxic|p1a: Tyranitar\n|-status|p1a: Tyranitar|tox\n|move|p1a: Tyranitar|Earthquake|p2a: Hazer\n|-supereffective|p2a: Hazer\n|-crit|p2a: Hazer\n|-damage|p2a: Hazer|0 fnt\n|faint|p2a: Hazer\n|\n|-weather|Sandstorm|[upkeep]\n|-damage|p1a: Tyranitar|82\/100 tox|[from] psn\n|upkeep\n|\n|t:|1700310849\n|switch|p2a: SS1|Blaziken-Mega, F|88\/100\n|turn|41\n|\n|t:|1700310879\n|move|p2a: SS1|Protect|p2a: SS1\n|-singleturn|p2a: SS1|Protect\n|move|p1a: Tyranitar|Earthquake|p2a: SS1\n|-activate|p2a: SS1|move: Protect\n|\n|-weather|Sandstorm|[upkeep]\n|-damage|p2a: SS1|82\/100|[from] Sandstorm\n|-damage|p1a: Tyranitar|70\/100 tox|[from] psn\n|-ability|p2a: SS1|Speed Boost|boost\n|-boost|p2a: SS1|spe|1\n|upkeep\n|turn|42\n|\n|t:|1700310889\n|move|p1a: Tyranitar|Earthquake|p2a: SS1\n|-supereffective|p2a: SS1\n|-crit|p2a: SS1\n|-damage|p2a: SS1|0 fnt\n|faint|p2a: SS1\n|\n|win|XJohnson\n|raw|XJohnson's rating: 1288 &rarr; <strong>1312<\/strong><br \/>(+24 for winning)\n|raw|CIS_BattleDroid's rating: 1276 &rarr; <strong>1252<\/strong><br \/>(-24 for losing)\n|c|\u2606CIS_BattleDroid|gg\n|c|\u2606CIS_BattleDroid|\\\n|c|\u2606XJohnson|Gg\n|l|\u2606CIS_BattleDroid\n","uploadtime":1700310904,"views":25,"p1id":"xjohnson","p2id":"cisbattledroid","formatid":"gen9nationaldexubers","rating":1252,"private":0,"password":""}