{"id":"gen9nationaldexubers-1993888633","p1":"pokipl","p2":"Rhyfinn08","format":"[Gen 9] National Dex Ubers","log":"|j|\u2606pokipl\n|j|\u2606Rhyfinn08\n|t:|1700370505\n|gametype|singles\n|player|p1|pokipl|169|1163\n|player|p2|Rhyfinn08|ninjaboy|1292\n|teamsize|p1|6\n|teamsize|p2|6\n|gen|9\n|tier|[Gen 9] National Dex Ubers\n|rated|\n|rule|HP Percentage Mod: HP is shown in percentages\n|rule|Endless Battle Clause: Forcing endless battles is banned\n|rule|OHKO Clause: OHKO moves are banned\n|rule|Evasion Moves Clause: Evasion moves are banned\n|rule|Evasion Items Clause: Evasion items are banned\n|rule|Species Clause: Limit one of each Pok\u00e9mon\n|rule|Sleep Clause Mod: Limit one foe put to sleep\n|rule|Mega Rayquaza Clause: You cannot mega evolve Rayquaza\n|clearpoke\n|poke|p1|Kyogre|\n|poke|p1|Groudon|\n|poke|p1|Darmanitan-Galar, M|\n|poke|p1|Xerneas-*|\n|poke|p1|Zacian-*|\n|poke|p1|Mewtwo|\n|poke|p2|Xerneas-*|\n|poke|p2|Marshadow|\n|poke|p2|Groudon|\n|poke|p2|Deoxys-Speed|\n|poke|p2|Necrozma-Dusk-Mane|\n|poke|p2|Pheromosa|\n|teampreview\n|inactive|Battle timer is ON: inactive players will automatically lose when time's up. (requested by Rhyfinn08)\n|\n|t:|1700370526\n|start\n|switch|p1a: hungry boy|Groudon|100\/100\n|switch|p2a: Deoxys|Deoxys-Speed, shiny|100\/100\n|-ability|p2a: Deoxys|Pressure\n|detailschange|p1a: hungry boy|Groudon-Primal\n|-primal|p1a: hungry boy|Red Orb\n|-weather|DesolateLand|[from] ability: Desolate Land|[of] p1a: hungry boy\n|turn|1\n|l|\u2606pokipl\n|inactive|pokipl disconnected and has a minute to reconnect!\n|player|p1|\n|j|\u2606pokipl\n|inactive|pokipl reconnected and has 110 seconds left.\n|player|p1|pokipl|169\n|\n|t:|1700370573\n|move|p2a: Deoxys|Taunt|p1a: hungry boy\n|-start|p1a: hungry boy|move: Taunt\n|move|p1a: hungry boy|Heat Crash|p2a: Deoxys\n|-enditem|p2a: Deoxys|Focus Sash\n|-damage|p2a: Deoxys|1\/100\n|\n|-weather|DesolateLand|[upkeep]\n|upkeep\n|turn|2\n|\n|t:|1700370581\n|move|p2a: Deoxys|Stealth Rock|p1a: hungry boy\n|-sidestart|p1: pokipl|move: Stealth Rock\n|move|p1a: hungry boy|Power-Up Punch|p2a: Deoxys\n|-resisted|p2a: Deoxys\n|-damage|p2a: Deoxys|0 fnt\n|-boost|p1a: hungry boy|atk|1\n|faint|p2a: Deoxys\n|\n|-weather|DesolateLand|[upkeep]\n|upkeep\n|\n|t:|1700370587\n|switch|p2a: Groudon|Groudon, shiny|100\/100\n|detailschange|p2a: Groudon|Groudon-Primal, shiny\n|-primal|p2a: Groudon|Red Orb\n|turn|3\n|inactive|pokipl has 120 seconds left.\n|\n|t:|1700370594\n|move|p2a: Groudon|Earth Power|p1a: hungry boy\n|-supereffective|p1a: hungry boy\n|-damage|p1a: hungry boy|0 fnt\n|faint|p1a: hungry boy\n|\n|-weather|DesolateLand|[upkeep]\n|upkeep\n|\n|t:|1700370598\n|switch|p1a: big salmon|Kyogre|100\/100\n|-damage|p1a: big salmon|88\/100|[from] Stealth Rock\n|detailschange|p1a: big salmon|Kyogre-Primal\n|-primal|p1a: big salmon|Blue Orb\n|-weather|PrimordialSea|[from] ability: Primordial Sea|[of] p1a: big salmon\n|turn|4\n|\n|t:|1700370613\n|switch|p2a: Pheromosa|Pheromosa, shiny|100\/100\n|move|p1a: big salmon|Scald|p2a: Pheromosa\n|-damage|p2a: Pheromosa|0 fnt\n|faint|p2a: Pheromosa\n|\n|-weather|PrimordialSea|[upkeep]\n|upkeep\n|\n|t:|1700370616\n|switch|p2a: Groudon|Groudon-Primal, shiny|100\/100\n|-weather|DesolateLand|[from] ability: Desolate Land|[of] p2a: Groudon\n|turn|5\n|\n|t:|1700370636\n|switch|p1a: raindeer|Xerneas|100\/100\n|-damage|p1a: raindeer|88\/100|[from] Stealth Rock\n|-ability|p1a: raindeer|Fairy Aura\n|move|p2a: Groudon|Solar Beam||[still]\n|-prepare|p2a: Groudon|Solar Beam\n|-anim|p2a: Groudon|Solar Beam|p1a: raindeer\n|-damage|p1a: raindeer|52\/100\n|\n|-weather|DesolateLand|[upkeep]\n|upkeep\n|turn|6\n|\n|t:|1700370649\n|move|p2a: Groudon|Flamethrower|p1a: raindeer\n|-damage|p1a: raindeer|0 fnt\n|faint|p1a: raindeer\n|\n|-weather|DesolateLand|[upkeep]\n|upkeep\n|\n|t:|1700370657\n|switch|p1a: big salmon|Kyogre-Primal|88\/100\n|-damage|p1a: big salmon|76\/100|[from] Stealth Rock\n|-weather|PrimordialSea|[from] ability: Primordial Sea|[of] p1a: big salmon\n|turn|7\n|\n|t:|1700370667\n|switch|p2a: Xerneas|Xerneas|100\/100\n|-ability|p2a: Xerneas|Fairy Aura\n|move|p1a: big salmon|Scald|p2a: Xerneas\n|-damage|p2a: Xerneas|37\/100\n|\n|-weather|PrimordialSea|[upkeep]\n|upkeep\n|turn|8\n|\n|t:|1700370675\n|move|p1a: big salmon|Scald|p2a: Xerneas\n|-damage|p2a: Xerneas|0 fnt\n|faint|p2a: Xerneas\n|\n|-weather|PrimordialSea|[upkeep]\n|upkeep\n|\n|t:|1700370692\n|switch|p2a: Groudon|Groudon-Primal, shiny|100\/100\n|-weather|DesolateLand|[from] ability: Desolate Land|[of] p2a: Groudon\n|turn|9\n|\n|t:|1700370708\n|switch|p1a: frosty|Darmanitan-Galar, M|100\/100\n|-damage|p1a: frosty|76\/100|[from] Stealth Rock\n|move|p2a: Groudon|Solar Beam||[still]\n|-prepare|p2a: Groudon|Solar Beam\n|-anim|p2a: Groudon|Solar Beam|p1a: frosty\n|-damage|p1a: frosty|0 fnt\n|faint|p1a: frosty\n|\n|-weather|DesolateLand|[upkeep]\n|upkeep\n|\n|t:|1700370719\n|switch|p1a: big salmon|Kyogre-Primal|76\/100\n|-damage|p1a: big salmon|64\/100|[from] Stealth Rock\n|-weather|PrimordialSea|[from] ability: Primordial Sea|[of] p1a: big salmon\n|turn|10\n|\n|t:|1700370727\n|move|p1a: big salmon|Scald|p2a: Groudon\n|-supereffective|p2a: Groudon\n|-damage|p2a: Groudon|0 fnt\n|faint|p2a: Groudon\n|\n|-weather|PrimordialSea|[upkeep]\n|upkeep\n|\n|t:|1700370730\n|switch|p2a: Necrozma|Necrozma-Dusk-Mane, shiny|100\/100\n|turn|11\n|\n|t:|1700370736\n|detailschange|p2a: Necrozma|Necrozma-Ultra, shiny\n|-burst|p2a: Necrozma|Necrozma|Ultranecrozium Z\n|move|p2a: Necrozma|Dragon Dance|p2a: Necrozma\n|-boost|p2a: Necrozma|atk|1\n|-boost|p2a: Necrozma|spe|1\n|move|p1a: big salmon|Scald|p2a: Necrozma\n|-resisted|p2a: Necrozma\n|-damage|p2a: Necrozma|61\/100\n|\n|-weather|PrimordialSea|[upkeep]\n|upkeep\n|turn|12\n|\n|t:|1700370744\n|-zpower|p2a: Necrozma\n|move|p2a: Necrozma|Light That Burns the Sky|p1a: big salmon|[zeffect]\n|-damage|p1a: big salmon|0 fnt\n|faint|p1a: big salmon\n|-weather|none\n|\n|upkeep\n|\n|t:|1700370751\n|switch|p1a: sif|Zacian-Crowned|100\/100\n|-damage|p1a: sif|94\/100|[from] Stealth Rock\n|-ability|p1a: sif|Intrepid Sword|boost\n|-boost|p1a: sif|atk|1\n|turn|13\n|\n|t:|1700370764\n|move|p2a: Necrozma|Earthquake|p1a: sif\n|-supereffective|p1a: sif\n|-damage|p1a: sif|0 fnt\n|faint|p1a: sif\n|\n|upkeep\n|\n|t:|1700370768\n|switch|p1a: megamind|Mewtwo|100\/100\n|-damage|p1a: megamind|88\/100|[from] Stealth Rock\n|-ability|p1a: megamind|Pressure\n|turn|14\n|\n|t:|1700370783\n|detailschange|p1a: megamind|Mewtwo-Mega-Y\n|-mega|p1a: megamind|Mewtwo|Mewtwonite Y\n|move|p2a: Necrozma|Sunsteel Strike|p1a: megamind\n|-damage|p1a: megamind|0 fnt\n|faint|p1a: megamind\n|\n|win|Rhyfinn08\n|raw|pokipl's rating: 1163 &rarr; <strong>1147<\/strong><br \/>(-16 for losing)\n|raw|Rhyfinn08's rating: 1292 &rarr; <strong>1308<\/strong><br \/>(+16 for winning)\n","uploadtime":1700370787,"views":6,"p1id":"pokipl","p2id":"rhyfinn08","formatid":"gen9nationaldexubers","rating":1147,"private":0,"password":""}