{"id":"gen9nationaldexubers-1988002169","p1":"Pikapikaboomboom","p2":"Sppregaladog01","format":"[Gen 9] National Dex Ubers","log":"|j|\u2606Pikapikaboomboom\n|j|\u2606Sppregaladog01\n|t:|1699657887\n|gametype|singles\n|player|p1|Pikapikaboomboom|hilbert|1113\n|player|p2|Sppregaladog01|lucas-gen4pt|1122\n|teamsize|p1|6\n|teamsize|p2|6\n|gen|9\n|tier|[Gen 9] National Dex Ubers\n|rated|\n|rule|HP Percentage Mod: HP is shown in percentages\n|rule|Endless Battle Clause: Forcing endless battles is banned\n|rule|OHKO Clause: OHKO moves are banned\n|rule|Evasion Moves Clause: Evasion moves are banned\n|rule|Evasion Items Clause: Evasion items are banned\n|rule|Species Clause: Limit one of each Pok\u00e9mon\n|rule|Sleep Clause Mod: Limit one foe put to sleep\n|rule|Mega Rayquaza Clause: You cannot mega evolve Rayquaza\n|clearpoke\n|poke|p1|Porygon-Z|\n|poke|p1|Blastoise, M|\n|poke|p1|Darmanitan-Galar, M|\n|poke|p1|Kommo-o, F|\n|poke|p1|Morpeko, F|\n|poke|p1|Togekiss, F|\n|poke|p2|Dragapult, M|\n|poke|p2|Inteleon, M|\n|poke|p2|Girafarig, F|\n|poke|p2|Mantine, F|\n|poke|p2|Steelix, F|\n|poke|p2|Sirfetch\u2019d, M|\n|teampreview\n|\n|t:|1699657895\n|start\n|switch|p1a: Togekiss|Togekiss, F|100\/100\n|switch|p2a: Inteleon|Inteleon, M|100\/100\n|turn|1\n|\n|t:|1699657903\n|-terastallize|p1a: Togekiss|Flying\n|move|p1a: Togekiss|Air Slash|p2a: Inteleon\n|-damage|p2a: Inteleon|13\/100\n|cant|p2a: Inteleon|flinch\n|\n|upkeep\n|turn|2\n|\n|t:|1699657910\n|switch|p2a: Mantine|Mantine, F|100\/100\n|move|p1a: Togekiss|Air Slash|p2a: Mantine\n|-damage|p2a: Mantine|73\/100\n|\n|upkeep\n|turn|3\n|\n|t:|1699657919\n|move|p1a: Togekiss|Air Slash|p2a: Mantine\n|-damage|p2a: Mantine|49\/100\n|cant|p2a: Mantine|flinch\n|\n|upkeep\n|turn|4\n|\n|t:|1699657924\n|move|p1a: Togekiss|Air Slash|p2a: Mantine|[miss]\n|-miss|p1a: Togekiss|p2a: Mantine\n|move|p2a: Mantine|Roost|p2a: Mantine\n|-heal|p2a: Mantine|99\/100\n|-singleturn|p2a: Mantine|move: Roost\n|\n|upkeep\n|turn|5\n|\n|t:|1699657933\n|move|p1a: Togekiss|Air Slash|p2a: Mantine\n|-damage|p2a: Mantine|71\/100\n|cant|p2a: Mantine|flinch\n|\n|upkeep\n|turn|6\n|\n|t:|1699657948\n|move|p1a: Togekiss|Air Slash|p2a: Mantine\n|-damage|p2a: Mantine|44\/100\n|cant|p2a: Mantine|flinch\n|\n|upkeep\n|turn|7\n|\n|t:|1699657961\n|move|p1a: Togekiss|Air Slash|p2a: Mantine\n|-damage|p2a: Mantine|17\/100\n|cant|p2a: Mantine|flinch\n|\n|upkeep\n|turn|8\n|\n|t:|1699657972\n|move|p1a: Togekiss|Air Slash|p2a: Mantine\n|-damage|p2a: Mantine|0 fnt\n|faint|p2a: Mantine\n|\n|upkeep\n|l|\u2606Sppregaladog01\n|player|p2|\n|j|\u2606Sppregaladog01\n|player|p2|Sppregaladog01|lucas-gen4pt\n|\n|t:|1699658014\n|switch|p2a: Girafarig|Girafarig, F|100\/100\n|turn|9\n|\n|t:|1699658024\n|move|p1a: Togekiss|Air Slash|p2a: Girafarig\n|-damage|p2a: Girafarig|52\/100\n|cant|p2a: Girafarig|flinch\n|\n|upkeep\n|turn|10\n|\n|t:|1699658036\n|move|p1a: Togekiss|Air Slash|p2a: Girafarig\n|-damage|p2a: Girafarig|4\/100\n|cant|p2a: Girafarig|flinch\n|\n|upkeep\n|turn|11\n|l|\u2606Sppregaladog01\n|player|p2|\n|j|\u2606Sppregaladog01\n|player|p2|Sppregaladog01|lucas-gen4pt\n|\n|t:|1699658058\n|move|p1a: Togekiss|Air Slash|p2a: Girafarig\n|-damage|p2a: Girafarig|0 fnt\n|faint|p2a: Girafarig\n|\n|upkeep\n|\n|t:|1699658063\n|switch|p2a: Steelix|Steelix, F|100\/100\n|turn|12\n|\n|t:|1699658068\n|detailschange|p2a: Steelix|Steelix-Mega, F\n|-mega|p2a: Steelix|Steelix|Steelixite\n|move|p1a: Togekiss|Air Slash|p2a: Steelix\n|-resisted|p2a: Steelix\n|-damage|p2a: Steelix|78\/100\n|move|p2a: Steelix|Heavy Slam|p1a: Togekiss\n|-damage|p1a: Togekiss|21\/100\n|\n|upkeep\n|turn|13\n|\n|t:|1699658076\n|move|p1a: Togekiss|Air Slash|p2a: Steelix\n|-resisted|p2a: Steelix\n|-damage|p2a: Steelix|53\/100\n|move|p2a: Steelix|Heavy Slam|p1a: Togekiss\n|-damage|p1a: Togekiss|0 fnt\n|faint|p1a: Togekiss\n|\n|upkeep\n|\n|t:|1699658098\n|switch|p1a: Darmanitan|Darmanitan-Galar, M|100\/100\n|turn|14\n|\n|t:|1699658103\n|move|p1a: Darmanitan|Power-Up Punch|p2a: Steelix\n|-supereffective|p2a: Steelix\n|-damage|p2a: Steelix|31\/100\n|-boost|p1a: Darmanitan|atk|1\n|move|p2a: Steelix|Heavy Slam|p1a: Darmanitan\n|-supereffective|p1a: Darmanitan\n|-crit|p1a: Darmanitan\n|-damage|p1a: Darmanitan|0 fnt\n|faint|p1a: Darmanitan\n|\n|upkeep\n|-message|Pikapikaboomboom forfeited.\n|\n|win|Sppregaladog01\n|raw|Pikapikaboomboom's rating: 1113 &rarr; <strong>1089<\/strong><br \/>(-24 for losing)\n|raw|Sppregaladog01's rating: 1122 &rarr; <strong>1146<\/strong><br \/>(+24 for winning)\n|l|\u2606Pikapikaboomboom\n","uploadtime":1699658145,"views":32,"p1id":"pikapikaboomboom","p2id":"sppregaladog01","formatid":"gen9nationaldexubers","rating":1089,"private":0,"password":""}