{"id":"gen9nationaldexubers-1989115995","p1":"itzsamurottlel","p2":"KarmaKazama0","format":"[Gen 9] National Dex Ubers","log":"|j|\u2606itzsamurottlel\n|j|\u2606KarmaKazama0\n|t:|1699813936\n|gametype|singles\n|player|p1|itzsamurottlel|n|1144\n|player|p2|KarmaKazama0|1|1237\n|teamsize|p1|6\n|teamsize|p2|6\n|gen|9\n|tier|[Gen 9] National Dex Ubers\n|rated|\n|rule|HP Percentage Mod: HP is shown in percentages\n|rule|Endless Battle Clause: Forcing endless battles is banned\n|rule|OHKO Clause: OHKO moves are banned\n|rule|Evasion Moves Clause: Evasion moves are banned\n|rule|Evasion Items Clause: Evasion items are banned\n|rule|Species Clause: Limit one of each Pok\u00e9mon\n|rule|Sleep Clause Mod: Limit one foe put to sleep\n|rule|Mega Rayquaza Clause: You cannot mega evolve Rayquaza\n|clearpoke\n|poke|p1|Zygarde|\n|poke|p1|Espathra, F|\n|poke|p1|Lucario, M|\n|poke|p1|Ho-Oh|\n|poke|p1|Samurott-Hisui, M|\n|poke|p1|Rillaboom, M|\n|poke|p2|Salamence, F|\n|poke|p2|Kyogre|\n|poke|p2|Groudon|\n|poke|p2|Buzzwole|\n|poke|p2|Eternatus|\n|poke|p2|Arceus-Fairy|\n|teampreview\n|inactive|Battle timer is ON: inactive players will automatically lose when time's up. (requested by KarmaKazama0)\n|\n|t:|1699813956\n|start\n|switch|p1a: Espathra|Espathra, F|100\/100\n|switch|p2a: Kyogre|Kyogre|100\/100\n|detailschange|p2a: Kyogre|Kyogre-Primal\n|-primal|p2a: Kyogre|Blue Orb\n|-weather|PrimordialSea|[from] ability: Primordial Sea|[of] p2a: Kyogre\n|turn|1\n|inactive|itzsamurottlel has 120 seconds left.\n|inactive|itzsamurottlel has 90 seconds left.\n|\n|t:|1699814023\n|move|p1a: Espathra|Calm Mind|p1a: Espathra\n|-boost|p1a: Espathra|spa|1\n|-boost|p1a: Espathra|spd|1\n|move|p2a: Kyogre|Origin Pulse|p1a: Espathra\n|-enditem|p1a: Espathra|Focus Sash\n|-damage|p1a: Espathra|1\/100\n|\n|-weather|PrimordialSea|[upkeep]\n|-ability|p1a: Espathra|Speed Boost|boost\n|-boost|p1a: Espathra|spe|1\n|upkeep\n|turn|2\n|inactive|itzsamurottlel has 90 seconds left.\n|\n|t:|1699814032\n|move|p1a: Espathra|Protect|p1a: Espathra\n|-singleturn|p1a: Espathra|Protect\n|move|p2a: Kyogre|Origin Pulse|p1a: Espathra\n|-activate|p1a: Espathra|move: Protect\n|\n|-weather|PrimordialSea|[upkeep]\n|-ability|p1a: Espathra|Speed Boost|boost\n|-boost|p1a: Espathra|spe|1\n|upkeep\n|turn|3\n|\n|t:|1699814037\n|move|p1a: Espathra|Stored Power|p2a: Kyogre\n|-damage|p2a: Kyogre|56\/100\n|move|p2a: Kyogre|Origin Pulse|p1a: Espathra|[miss]\n|-miss|p2a: Kyogre|p1a: Espathra\n|\n|-weather|PrimordialSea|[upkeep]\n|-ability|p1a: Espathra|Speed Boost|boost\n|-boost|p1a: Espathra|spe|1\n|upkeep\n|turn|4\n|\n|t:|1699814043\n|move|p1a: Espathra|Stored Power|p2a: Kyogre\n|-damage|p2a: Kyogre|0 fnt\n|faint|p2a: Kyogre\n|-weather|none\n|\n|-ability|p1a: Espathra|Speed Boost|boost\n|-boost|p1a: Espathra|spe|1\n|upkeep\n|\n|t:|1699814052\n|switch|p2a: Groudon|Groudon|100\/100\n|detailschange|p2a: Groudon|Groudon-Primal\n|-primal|p2a: Groudon|Red Orb\n|-weather|DesolateLand|[from] ability: Desolate Land|[of] p2a: Groudon\n|turn|5\n|\n|t:|1699814057\n|move|p1a: Espathra|Stored Power|p2a: Groudon\n|-damage|p2a: Groudon|31\/100\n|move|p2a: Groudon|Roar|p1a: Espathra\n|drag|p1a: Zygarde|Zygarde|100\/100\n|\n|-weather|DesolateLand|[upkeep]\n|upkeep\n|turn|6\n|\n|t:|1699814066\n|move|p1a: Zygarde|Thousand Arrows|p2a: Groudon\n|-supereffective|p2a: Groudon\n|-damage|p2a: Groudon|0 fnt\n|faint|p2a: Groudon\n|-weather|none\n|\n|upkeep\n|\n|t:|1699814069\n|switch|p2a: Buzzwole|Buzzwole|100\/100\n|turn|7\n|\n|t:|1699814073\n|move|p1a: Zygarde|Glare|p2a: Buzzwole\n|-status|p2a: Buzzwole|par\n|move|p2a: Buzzwole|Ice Punch|p1a: Zygarde\n|-supereffective|p1a: Zygarde\n|-enditem|p1a: Zygarde|Yache Berry|[eat]\n|-enditem|p1a: Zygarde|Yache Berry|[weaken]\n|-damage|p1a: Zygarde|71\/100\n|\n|upkeep\n|turn|8\n|\n|t:|1699814084\n|move|p1a: Zygarde|Thousand Arrows|p2a: Buzzwole\n|-resisted|p2a: Buzzwole\n|-damage|p2a: Buzzwole|91\/100 par\n|move|p2a: Buzzwole|Ice Punch|p1a: Zygarde\n|-supereffective|p1a: Zygarde\n|-damage|p1a: Zygarde|8\/100\n|\n|-activate|p1a: Zygarde|ability: Power Construct\n|detailschange|p1a: Zygarde|Zygarde-Complete\n|-heal|p1a: Zygarde|39\/100|[silent]\n|upkeep\n|turn|9\n|\n|t:|1699814093\n|move|p1a: Zygarde|Extreme Speed|p2a: Buzzwole\n|-damage|p2a: Buzzwole|78\/100 par\n|move|p2a: Buzzwole|Ice Punch|p1a: Zygarde\n|-supereffective|p1a: Zygarde\n|-damage|p1a: Zygarde|0 fnt\n|faint|p1a: Zygarde\n|-ability|p2a: Buzzwole|Beast Boost|boost\n|-boost|p2a: Buzzwole|def|1\n|\n|upkeep\n|\n|t:|1699814101\n|switch|p1a: Ho-Oh|Ho-Oh|100\/100\n|turn|10\n|\n|t:|1699814104\n|switch|p2a: Salamence|Salamence, F|100\/100\n|-ability|p2a: Salamence|Intimidate|boost\n|-unboost|p1a: Ho-Oh|atk|1\n|move|p1a: Ho-Oh|Sacred Fire|p2a: Salamence\n|-resisted|p2a: Salamence\n|-damage|p2a: Salamence|85\/100\n|\n|upkeep\n|turn|11\n|\n|t:|1699814111\n|detailschange|p2a: Salamence|Salamence-Mega, F\n|-mega|p2a: Salamence|Salamence|Salamencite\n|move|p2a: Salamence|Dragon Dance|p2a: Salamence\n|-boost|p2a: Salamence|atk|1\n|-boost|p2a: Salamence|spe|1\n|move|p1a: Ho-Oh|Sacred Fire|p2a: Salamence\n|-resisted|p2a: Salamence\n|-damage|p2a: Salamence|74\/100\n|\n|upkeep\n|turn|12\n|\n|t:|1699814118\n|move|p2a: Salamence|Dragon Dance|p2a: Salamence\n|-boost|p2a: Salamence|atk|1\n|-boost|p2a: Salamence|spe|1\n|move|p1a: Ho-Oh|Sacred Fire|p2a: Salamence\n|-resisted|p2a: Salamence\n|-damage|p2a: Salamence|63\/100\n|\n|upkeep\n|turn|13\n|\n|t:|1699814124\n|move|p2a: Salamence|Dragon Dance|p2a: Salamence\n|-boost|p2a: Salamence|atk|1\n|-boost|p2a: Salamence|spe|1\n|move|p1a: Ho-Oh|Sacred Fire|p2a: Salamence\n|-resisted|p2a: Salamence\n|-damage|p2a: Salamence|52\/100\n|-status|p2a: Salamence|brn\n|\n|-damage|p2a: Salamence|46\/100 brn|[from] brn\n|upkeep\n|turn|14\n|\n|t:|1699814133\n|move|p2a: Salamence|Roost|p2a: Salamence\n|-heal|p2a: Salamence|96\/100 brn\n|-singleturn|p2a: Salamence|move: Roost\n|move|p1a: Ho-Oh|Roost||[still]\n|-fail|p1a: Ho-Oh|heal\n|\n|-damage|p2a: Salamence|89\/100 brn|[from] brn\n|upkeep\n|turn|15\n|\n|t:|1699814136\n|move|p2a: Salamence|Facade|p1a: Ho-Oh\n|-damage|p1a: Ho-Oh|0 fnt\n|faint|p1a: Ho-Oh\n|\n|-damage|p2a: Salamence|83\/100 brn|[from] brn\n|upkeep\n|\n|t:|1699814139\n|switch|p1a: Espathra|Espathra, F|1\/100\n|turn|16\n|\n|t:|1699814142\n|move|p1a: Espathra|Protect|p1a: Espathra\n|-singleturn|p1a: Espathra|Protect\n|move|p2a: Salamence|Facade|p1a: Espathra\n|-activate|p1a: Espathra|move: Protect\n|\n|-damage|p2a: Salamence|77\/100 brn|[from] brn\n|-ability|p1a: Espathra|Speed Boost|boost\n|-boost|p1a: Espathra|spe|1\n|upkeep\n|turn|17\n|\n|t:|1699814149\n|move|p2a: Salamence|Facade|p1a: Espathra\n|-crit|p1a: Espathra\n|-damage|p1a: Espathra|0 fnt\n|faint|p1a: Espathra\n|\n|-damage|p2a: Salamence|71\/100 brn|[from] brn\n|upkeep\n|\n|t:|1699814152\n|switch|p1a: Lucario|Lucario, M|100\/100\n|turn|18\n|\n|t:|1699814155\n|detailschange|p1a: Lucario|Lucario-Mega, M\n|-mega|p1a: Lucario|Lucario|Lucarionite\n|move|p2a: Salamence|Facade|p1a: Lucario\n|-damage|p1a: Lucario|0 fnt\n|faint|p1a: Lucario\n|\n|-damage|p2a: Salamence|65\/100 brn|[from] brn\n|upkeep\n|-message|itzsamurottlel forfeited.\n|\n|win|KarmaKazama0\n|raw|itzsamurottlel's rating: 1144 &rarr; <strong>1126<\/strong><br \/>(-18 for losing)\n|raw|KarmaKazama0's rating: 1237 &rarr; <strong>1255<\/strong><br \/>(+18 for winning)\n|l|\u2606itzsamurottlel\n","uploadtime":1699814164,"views":20,"p1id":"itzsamurottlel","p2id":"karmakazama0","formatid":"gen9nationaldexubers","rating":1126,"private":0,"password":""}