{"id":"gen9nationaldexubers-2000550706","p1":"A. Persians","p2":"lavendertliepards","format":"[Gen 9] National Dex Ubers","log":"|j|\u2606A. Persians\n|j|\u2606lavendertliepards\n|t:|1701204516\n|gametype|singles\n|player|p1|A. Persians|265|\n|player|p2|lavendertliepards|swimmer|\n|teamsize|p1|6\n|teamsize|p2|6\n|gen|9\n|tier|[Gen 9] National Dex Ubers\n|rule|HP Percentage Mod: HP is shown in percentages\n|rule|Endless Battle Clause: Forcing endless battles is banned\n|rule|OHKO Clause: OHKO moves are banned\n|rule|Evasion Moves Clause: Evasion moves are banned\n|rule|Evasion Items Clause: Evasion items are banned\n|rule|Species Clause: Limit one of each Pok\u00e9mon\n|rule|Sleep Clause Mod: Limit one foe put to sleep\n|rule|Mega Rayquaza Clause: You cannot mega evolve Rayquaza\n|clearpoke\n|poke|p1|Scizor, M|\n|poke|p1|Heatran, F|\n|poke|p1|Landorus-Therian, M|\n|poke|p1|Keldeo-Resolute|\n|poke|p1|Glimmora, M|\n|poke|p1|Shaymin-Sky|\n|poke|p2|Goodra-Hisui, M|\n|poke|p2|Great Tusk|\n|poke|p2|Ambipom, M|\n|poke|p2|Toxtricity, M|\n|poke|p2|Tauros-Paldea-Aqua, M|\n|poke|p2|Genesect|\n|teampreview\n|c|\u2606lavendertliepards|kinda sad no FEAR mons came\n|j| VI Victini's\n|\n|t:|1701204605\n|start\n|switch|p1a: Scizor|Scizor, M|100\/100\n|switch|p2a: Bugman|Genesect|100\/100\n|-ability|p2a: Bugman|Download|boost\n|-boost|p2a: Bugman|spa|1\n|turn|1\n|\n|t:|1701204630\n|detailschange|p1a: Scizor|Scizor-Mega, M\n|-mega|p1a: Scizor|Scizor|Scizorite\n|move|p2a: Bugman|U-turn|p1a: Scizor\n|-resisted|p1a: Scizor\n|-damage|p1a: Scizor|91\/100\n|j| haggbonez\n|\n|t:|1701204638\n|switch|p2a: Brahma Bull|Tauros-Paldea-Aqua, M|100\/100|[from] U-turn\n|-ability|p2a: Brahma Bull|Intimidate|boost\n|-unboost|p1a: Scizor|atk|1\n|move|p1a: Scizor|U-turn|p2a: Brahma Bull\n|-resisted|p2a: Brahma Bull\n|-damage|p2a: Brahma Bull|88\/100\n|\n|t:|1701204645\n|switch|p1a: Shaymin|Shaymin-Sky|100\/100|[from] U-turn\n|\n|-heal|p2a: Brahma Bull|94\/100|[from] item: Leftovers\n|upkeep\n|turn|2\n|\n|t:|1701204654\n|switch|p2a: Mr. Snail|Goodra-Hisui, M|100\/100\n|move|p1a: Shaymin|Substitute|p1a: Shaymin\n|-start|p1a: Shaymin|Substitute\n|-damage|p1a: Shaymin|76\/100\n|\n|upkeep\n|turn|3\n|\n|t:|1701204671\n|move|p1a: Shaymin|Earth Power|p2a: Mr. Snail\n|-supereffective|p2a: Mr. Snail\n|-damage|p2a: Mr. Snail|64\/100\n|move|p2a: Mr. Snail|Flamethrower|p1a: Shaymin\n|-supereffective|p1a: Shaymin\n|-end|p1a: Shaymin|Substitute\n|\n|-heal|p2a: Mr. Snail|70\/100|[from] item: Leftovers\n|upkeep\n|turn|4\n|\n|t:|1701204684\n|switch|p1a: Keldeo|Keldeo-Resolute|100\/100\n|move|p2a: Mr. Snail|Ice Beam|p1a: Keldeo\n|-resisted|p1a: Keldeo\n|-damage|p1a: Keldeo|86\/100\n|\n|-heal|p1a: Keldeo|92\/100|[from] item: Leftovers\n|-heal|p2a: Mr. Snail|76\/100|[from] item: Leftovers\n|upkeep\n|turn|5\n|\n|t:|1701204738\n|switch|p2a: Hard Rock|Toxtricity, M|100\/100\n|move|p1a: Keldeo|Calm Mind|p1a: Keldeo\n|-boost|p1a: Keldeo|spa|1\n|-boost|p1a: Keldeo|spd|1\n|\n|-heal|p1a: Keldeo|98\/100|[from] item: Leftovers\n|upkeep\n|turn|6\n|\n|t:|1701204761\n|move|p2a: Hard Rock|Encore|p1a: Keldeo\n|-start|p1a: Keldeo|Encore\n|move|p1a: Keldeo|Calm Mind|p1a: Keldeo\n|-boost|p1a: Keldeo|spa|1\n|-boost|p1a: Keldeo|spd|1\n|\n|-heal|p1a: Keldeo|100\/100|[from] item: Leftovers\n|upkeep\n|turn|7\n|\n|t:|1701204794\n|switch|p2a: Slap yo mouth|Ambipom, M|100\/100\n|move|p1a: Keldeo|Calm Mind|p1a: Keldeo\n|-boost|p1a: Keldeo|spa|1\n|-boost|p1a: Keldeo|spd|1\n|\n|upkeep\n|turn|8\n|\n|t:|1701204804\n|switch|p1a: Landorus|Landorus-Therian, M|100\/100\n|-ability|p1a: Landorus|Intimidate|boost\n|-unboost|p2a: Slap yo mouth|atk|1\n|move|p2a: Slap yo mouth|Tail Slap|p1a: Landorus\n|-damage|p1a: Landorus|91\/100\n|-damage|p1a: Landorus|79\/100\n|-damage|p1a: Landorus|70\/100\n|-damage|p1a: Landorus|58\/100\n|-damage|p1a: Landorus|48\/100\n|-hitcount|p1a: Landorus|5\n|\n|upkeep\n|turn|9\n|\n|t:|1701204838\n|switch|p2a: Brahma Bull|Tauros-Paldea-Aqua, M|94\/100\n|-ability|p2a: Brahma Bull|Intimidate|boost\n|-unboost|p1a: Landorus|atk|1\n|switch|p1a: Shaymin|Shaymin-Sky|76\/100\n|\n|-heal|p2a: Brahma Bull|99\/100|[from] item: Leftovers\n|upkeep\n|turn|10\n|\n|t:|1701204854\n|switch|p2a: Bugman|Genesect|100\/100\n|-ability|p2a: Bugman|Download|boost\n|-boost|p2a: Bugman|atk|1\n|move|p1a: Shaymin|Seed Flare|p2a: Bugman|[miss]\n|-miss|p1a: Shaymin|p2a: Bugman\n|\n|upkeep\n|turn|11\n|\n|t:|1701204901\n|switch|p1a: Scizor|Scizor-Mega, M|91\/100\n|move|p2a: Bugman|U-turn|p1a: Scizor\n|-resisted|p1a: Scizor\n|-damage|p1a: Scizor|76\/100\n|\n|t:|1701205014\n|switch|p2a: Big T|Great Tusk|100\/100|[from] U-turn\n|\n|upkeep\n|turn|12\n|\n|t:|1701205027\n|move|p2a: Big T|Fire Fang|p1a: Scizor\n|-supereffective|p1a: Scizor\n|-damage|p1a: Scizor|10\/100\n|move|p1a: Scizor|Dual Wingbeat|p2a: Big T\n|-supereffective|p2a: Big T\n|-damage|p2a: Big T|63\/100\n|-supereffective|p2a: Big T\n|-damage|p2a: Big T|28\/100\n|-hitcount|p2a: Big T|2\n|\n|upkeep\n|turn|13\n|\n|t:|1701205070\n|-end|p2a: Big T|Protosynthesis|[silent]\n|switch|p2a: Brahma Bull|Tauros-Paldea-Aqua, M|99\/100\n|-ability|p2a: Brahma Bull|Intimidate|boost\n|-unboost|p1a: Scizor|atk|1\n|switch|p1a: Heatran|Heatran, F|100\/100\n|-item|p1a: Heatran|Air Balloon\n|\n|-heal|p2a: Brahma Bull|100\/100|[from] item: Leftovers\n|upkeep\n|turn|14\n|\n|t:|1701205092\n|switch|p1a: Scizor|Scizor-Mega, M|10\/100\n|move|p2a: Brahma Bull|Wave Crash|p1a: Scizor\n|-damage|p1a: Scizor|0 fnt\n|faint|p1a: Scizor\n|-damage|p2a: Brahma Bull|98\/100|[from] Recoil\n|\n|-heal|p2a: Brahma Bull|100\/100|[from] item: Leftovers\n|upkeep\n|\n|t:|1701205101\n|switch|p1a: Shaymin|Shaymin-Sky|76\/100\n|turn|15\n|\n|t:|1701205152\n|switch|p2a: Bugman|Genesect|100\/100\n|-ability|p2a: Bugman|Download|boost\n|-boost|p2a: Bugman|atk|1\n|move|p1a: Shaymin|Substitute|p1a: Shaymin\n|-start|p1a: Shaymin|Substitute\n|-damage|p1a: Shaymin|51\/100\n|\n|upkeep\n|turn|16\n|\n|t:|1701205174\n|move|p2a: Bugman|Ice Beam|p1a: Shaymin\n|-supereffective|p1a: Shaymin\n|-end|p1a: Shaymin|Substitute\n|move|p1a: Shaymin|Air Slash|p2a: Bugman\n|-damage|p2a: Bugman|55\/100\n|\n|upkeep\n|turn|17\n|\n|t:|1701205195\n|switch|p2a: Hard Rock|Toxtricity, M|100\/100\n|switch|p1a: Keldeo|Keldeo-Resolute|100\/100\n|\n|upkeep\n|turn|18\n|\n|t:|1701205222\n|switch|p1a: Landorus|Landorus-Therian, M|48\/100\n|-ability|p1a: Landorus|Intimidate|boost\n|-unboost|p2a: Hard Rock|atk|1\n|move|p2a: Hard Rock|Boomburst|p1a: Landorus\n|-damage|p1a: Landorus|1\/100\n|\n|upkeep\n|turn|19\n|\n|t:|1701205257\n|move|p2a: Hard Rock|Boomburst|p1a: Landorus\n|-damage|p1a: Landorus|0 fnt\n|faint|p1a: Landorus\n|\n|upkeep\n|\n|t:|1701205273\n|switch|p1a: Glimmora|Glimmora, M|100\/100\n|turn|20\n|\n|t:|1701205347\n|switch|p2a: Slap yo mouth|Ambipom, M|100\/100\n|move|p1a: Glimmora|Power Gem|p2a: Slap yo mouth\n|-damage|p2a: Slap yo mouth|32\/100\n|\n|upkeep\n|turn|21\n|\n|t:|1701205367\n|move|p2a: Slap yo mouth|Fake Out|p1a: Glimmora\n|-resisted|p1a: Glimmora\n|-damage|p1a: Glimmora|88\/100\n|cant|p1a: Glimmora|flinch\n|\n|upkeep\n|turn|22\n|\n|t:|1701205379\n|move|p2a: Slap yo mouth|Knock Off|p1a: Glimmora\n|-damage|p1a: Glimmora|55\/100\n|-enditem|p1a: Glimmora|Focus Sash|[from] move: Knock Off|[of] p2a: Slap yo mouth\n|move|p1a: Glimmora|Power Gem|p2a: Slap yo mouth\n|-damage|p2a: Slap yo mouth|0 fnt\n|faint|p2a: Slap yo mouth\n|\n|upkeep\n|\n|t:|1701205451\n|switch|p2a: Hard Rock|Toxtricity, M|100\/100\n|turn|23\n|\n|t:|1701205463\n|move|p2a: Hard Rock|Overdrive|p1a: Glimmora\n|-damage|p1a: Glimmora|0 fnt\n|faint|p1a: Glimmora\n|\n|upkeep\n|c| VI Victini's|Ooof\n|\n|t:|1701205489\n|switch|p1a: Shaymin|Shaymin-Sky|51\/100\n|turn|24\n|c| VI Victini's|No corrosive on Goodra :'(\n|\n|t:|1701205503\n|move|p2a: Hard Rock|Overdrive|p1a: Shaymin\n|-damage|p1a: Shaymin|0 fnt\n|faint|p1a: Shaymin\n|\n|upkeep\n|\n|t:|1701205506\n|switch|p1a: Heatran|Heatran, F|100\/100\n|-item|p1a: Heatran|Air Balloon\n|turn|25\n|l| VI Victini's\n|\n|t:|1701205537\n|switch|p2a: Big T|Great Tusk|28\/100\n|move|p1a: Heatran|Earth Power|p2a: Big T\n|-damage|p2a: Big T|0 fnt\n|faint|p2a: Big T\n|-end|p2a: Big T|Protosynthesis|[silent]\n|\n|upkeep\n|\n|t:|1701205594\n|switch|p2a: Brahma Bull|Tauros-Paldea-Aqua, M|100\/100\n|-ability|p2a: Brahma Bull|Intimidate|boost\n|-unboost|p1a: Heatran|atk|1\n|turn|26\n|\n|t:|1701205606\n|move|p2a: Brahma Bull|Bulk Up|p2a: Brahma Bull\n|-boost|p2a: Brahma Bull|atk|1\n|-boost|p2a: Brahma Bull|def|1\n|move|p1a: Heatran|Lava Plume|p2a: Brahma Bull\n|-resisted|p2a: Brahma Bull\n|-damage|p2a: Brahma Bull|69\/100\n|\n|-heal|p2a: Brahma Bull|75\/100|[from] item: Leftovers\n|upkeep\n|turn|27\n|\n|t:|1701205624\n|move|p2a: Brahma Bull|Wave Crash|p1a: Heatran\n|-supereffective|p1a: Heatran\n|-damage|p1a: Heatran|0 fnt\n|-enditem|p1a: Heatran|Air Balloon\n|faint|p1a: Heatran\n|-damage|p2a: Brahma Bull|38\/100|[from] Recoil\n|\n|-heal|p2a: Brahma Bull|44\/100|[from] item: Leftovers\n|upkeep\n|\n|t:|1701205627\n|switch|p1a: Keldeo|Keldeo-Resolute|100\/100\n|turn|28\n|\n|t:|1701205643\n|move|p1a: Keldeo|Scald|p2a: Brahma Bull\n|-resisted|p2a: Brahma Bull\n|-damage|p2a: Brahma Bull|16\/100\n|move|p2a: Brahma Bull|Body Press|p1a: Keldeo\n|-damage|p1a: Keldeo|35\/100\n|\n|-heal|p1a: Keldeo|42\/100|[from] item: Leftovers\n|-heal|p2a: Brahma Bull|22\/100|[from] item: Leftovers\n|upkeep\n|turn|29\n|\n|t:|1701205654\n|move|p1a: Keldeo|Scald|p2a: Brahma Bull\n|-resisted|p2a: Brahma Bull\n|-damage|p2a: Brahma Bull|0 fnt\n|faint|p2a: Brahma Bull\n|\n|-heal|p1a: Keldeo|48\/100|[from] item: Leftovers\n|upkeep\n|\n|t:|1701205659\n|switch|p2a: Hard Rock|Toxtricity, M|100\/100\n|turn|30\n|c|\u2606lavendertliepards|ggs\n|\n|t:|1701205667\n|move|p2a: Hard Rock|Overdrive|p1a: Keldeo\n|-supereffective|p1a: Keldeo\n|-damage|p1a: Keldeo|0 fnt\n|faint|p1a: Keldeo\n|\n|win|lavendertliepards\n","uploadtime":1701205673,"views":4,"p1id":"apersians","p2id":"lavendertliepards","formatid":"gen9nationaldexubers","rating":0,"private":0,"password":""}