{"id":"gen9nationaldexubers-1988900036","p1":"RadicalKoala","p2":"letch","format":"[Gen 9] National Dex Ubers","log":"|j|\u2606RadicalKoala\n|j|\u2606letch\n|t:|1699783975\n|gametype|singles\n|player|p1|RadicalKoala|pokemaniac|1367\n|player|p2|letch|wallace|1508\n|teamsize|p1|6\n|teamsize|p2|6\n|gen|9\n|tier|[Gen 9] National Dex Ubers\n|rated|\n|rule|HP Percentage Mod: HP is shown in percentages\n|rule|Endless Battle Clause: Forcing endless battles is banned\n|rule|OHKO Clause: OHKO moves are banned\n|rule|Evasion Moves Clause: Evasion moves are banned\n|rule|Evasion Items Clause: Evasion items are banned\n|rule|Species Clause: Limit one of each Pok\u00e9mon\n|rule|Sleep Clause Mod: Limit one foe put to sleep\n|rule|Mega Rayquaza Clause: You cannot mega evolve Rayquaza\n|clearpoke\n|poke|p1|Arceus-Fairy|\n|poke|p1|Ogerpon-Hearthflame, F|\n|poke|p1|Kingambit, F|\n|poke|p1|Necrozma-Dusk-Mane|\n|poke|p1|Yveltal|\n|poke|p1|Salamence, M|\n|poke|p2|Bisharp, M|\n|poke|p2|Necrozma-Dusk-Mane|\n|poke|p2|Tapu Lele|\n|poke|p2|Deoxys-Attack|\n|poke|p2|Mewtwo|\n|poke|p2|Calyrex-Ice|\n|teampreview\n|\n|t:|1699783988\n|start\n|switch|p1a: Necrozma|Necrozma-Dusk-Mane|100\/100\n|switch|p2a: Tapu Lele|Tapu Lele|100\/100\n|-fieldstart|move: Psychic Terrain|[from] ability: Psychic Surge|[of] p2a: Tapu Lele\n|turn|1\n|inactive|Battle timer is ON: inactive players will automatically lose when time's up. (requested by RadicalKoala)\n|\n|t:|1699783998\n|move|p2a: Tapu Lele|Hidden Power|p1a: Necrozma\n|-supereffective|p1a: Necrozma\n|-damage|p1a: Necrozma|76\/100\n|move|p1a: Necrozma|Knock Off|p2a: Tapu Lele\n|-damage|p2a: Tapu Lele|32\/100\n|-enditem|p2a: Tapu Lele|Terrain Extender|[from] move: Knock Off|[of] p1a: Necrozma\n|\n|-heal|p1a: Necrozma|82\/100|[from] item: Leftovers\n|upkeep\n|turn|2\n|\n|t:|1699784006\n|move|p2a: Tapu Lele|Hidden Power|p1a: Necrozma\n|-supereffective|p1a: Necrozma\n|-crit|p1a: Necrozma\n|-damage|p1a: Necrozma|46\/100\n|move|p1a: Necrozma|Stealth Rock|p2a: Tapu Lele\n|-sidestart|p2: letch|move: Stealth Rock\n|\n|-heal|p1a: Necrozma|52\/100|[from] item: Leftovers\n|upkeep\n|turn|3\n|\n|t:|1699784024\n|switch|p2a: Necrozma|Necrozma-Dusk-Mane|100\/100\n|-damage|p2a: Necrozma|94\/100|[from] Stealth Rock\n|move|p1a: Necrozma|Sunsteel Strike|p2a: Necrozma\n|-resisted|p2a: Necrozma\n|-damage|p2a: Necrozma|71\/100\n|\n|-heal|p1a: Necrozma|58\/100|[from] item: Leftovers\n|upkeep\n|turn|4\n|\n|t:|1699784034\n|move|p1a: Necrozma|Knock Off|p2a: Necrozma\n|-supereffective|p2a: Necrozma\n|-damage|p2a: Necrozma|25\/100\n|-enditem|p2a: Necrozma|Weakness Policy\n|-boost|p2a: Necrozma|atk|2|[from] item: Weakness Policy\n|-boost|p2a: Necrozma|spa|2|[from] item: Weakness Policy\n|move|p2a: Necrozma|Trick Room|p2a: Necrozma\n|-fieldstart|move: Trick Room|[of] p2a: Necrozma\n|\n|-heal|p1a: Necrozma|64\/100|[from] item: Leftovers\n|upkeep\n|turn|5\n|\n|t:|1699784040\n|move|p2a: Necrozma|Earthquake|p1a: Necrozma\n|-supereffective|p1a: Necrozma\n|-damage|p1a: Necrozma|0 fnt\n|faint|p1a: Necrozma\n|\n|upkeep\n|\n|t:|1699784052\n|switch|p1a: Yveltal|Yveltal|100\/100\n|-ability|p1a: Yveltal|Dark Aura\n|turn|6\n|\n|t:|1699784057\n|move|p2a: Necrozma|Sunsteel Strike|p1a: Yveltal\n|-damage|p1a: Yveltal|4\/100\n|move|p1a: Yveltal|Knock Off|p2a: Necrozma\n|-supereffective|p2a: Necrozma\n|-damage|p2a: Necrozma|0 fnt\n|faint|p2a: Necrozma\n|\n|upkeep\n|\n|t:|1699784069\n|switch|p2a: Mewtwo|Mewtwo|100\/100\n|-damage|p2a: Mewtwo|88\/100|[from] Stealth Rock\n|-ability|p2a: Mewtwo|Pressure\n|turn|7\n|\n|t:|1699784076\n|detailschange|p2a: Mewtwo|Mewtwo-Mega-Y\n|-mega|p2a: Mewtwo|Mewtwo|Mewtwonite Y\n|move|p1a: Yveltal|Roost|p1a: Yveltal\n|-heal|p1a: Yveltal|54\/100\n|-singleturn|p1a: Yveltal|move: Roost\n|move|p2a: Mewtwo|Fire Blast|p1a: Yveltal\n|-damage|p1a: Yveltal|26\/100\n|\n|upkeep\n|turn|8\n|\n|t:|1699784083\n|move|p1a: Yveltal|Roost|p1a: Yveltal\n|-heal|p1a: Yveltal|77\/100\n|-singleturn|p1a: Yveltal|move: Roost\n|move|p2a: Mewtwo|Thunder|p1a: Yveltal\n|-damage|p1a: Yveltal|49\/100\n|\n|-fieldend|move: Trick Room\n|-fieldend|move: Psychic Terrain\n|upkeep\n|turn|9\n|\n|t:|1699784089\n|switch|p2a: Tapu Lele|Tapu Lele|32\/100\n|-damage|p2a: Tapu Lele|20\/100|[from] Stealth Rock\n|-fieldstart|move: Psychic Terrain|[from] ability: Psychic Surge|[of] p2a: Tapu Lele\n|switch|p1a: Arceus|Arceus-Fairy|100\/100\n|\n|upkeep\n|turn|10\n|\n|t:|1699784097\n|move|p1a: Arceus|Calm Mind|p1a: Arceus\n|-boost|p1a: Arceus|spa|1\n|-boost|p1a: Arceus|spd|1\n|move|p2a: Tapu Lele|Future Sight|p1a: Arceus\n|-start|p2a: Tapu Lele|move: Future Sight\n|\n|upkeep\n|turn|11\n|\n|t:|1699784101\n|move|p1a: Arceus|Agility|p1a: Arceus\n|-boost|p1a: Arceus|spe|2\n|move|p2a: Tapu Lele|Moonblast|p1a: Arceus\n|-damage|p1a: Arceus|77\/100\n|-unboost|p1a: Arceus|spa|1\n|\n|upkeep\n|turn|12\n|\n|t:|1699784105\n|move|p1a: Arceus|Calm Mind|p1a: Arceus\n|-boost|p1a: Arceus|spa|1\n|-boost|p1a: Arceus|spd|1\n|move|p2a: Tapu Lele|Moonblast|p1a: Arceus\n|-damage|p1a: Arceus|57\/100\n|\n|-end|p1a: Arceus|move: Future Sight\n|-damage|p1a: Arceus|25\/100\n|upkeep\n|turn|13\n|\n|t:|1699784113\n|move|p1a: Arceus|Earth Power|p2a: Tapu Lele\n|-damage|p2a: Tapu Lele|0 fnt\n|faint|p2a: Tapu Lele\n|\n|-fieldend|move: Psychic Terrain\n|upkeep\n|\n|t:|1699784125\n|switch|p2a: Calyrex|Calyrex-Ice|100\/100\n|-ability|p2a: Calyrex|As One\n|-ability|p2a: Calyrex|Unnerve\n|turn|14\n|\n|t:|1699784129\n|move|p1a: Arceus|Judgment|p2a: Calyrex\n|-damage|p2a: Calyrex|45\/100\n|move|p2a: Calyrex|Trick Room|p2a: Calyrex\n|-fieldstart|move: Trick Room|[of] p2a: Calyrex\n|\n|upkeep\n|turn|15\n|\n|t:|1699784137\n|move|p2a: Calyrex|Glacial Lance|p1a: Arceus\n|-damage|p1a: Arceus|0 fnt\n|faint|p1a: Arceus\n|-ability|p2a: Calyrex|Chilling Neigh|boost\n|-boost|p2a: Calyrex|atk|1\n|\n|upkeep\n|\n|t:|1699784140\n|switch|p1a: Kingambit|Kingambit, F|100\/100\n|-activate|p1a: Kingambit|ability: Supreme Overlord\n|-start|p1a: Kingambit|fallen2|[silent]\n|turn|16\n|\n|t:|1699784146\n|move|p1a: Kingambit|Sucker Punch|p2a: Calyrex\n|-supereffective|p2a: Calyrex\n|-damage|p2a: Calyrex|0 fnt\n|faint|p2a: Calyrex\n|\n|upkeep\n|\n|t:|1699784156\n|switch|p2a: Bisharp|Bisharp, M|100\/100\n|-damage|p2a: Bisharp|95\/100|[from] Stealth Rock\n|turn|17\n|\n|t:|1699784160\n|-end|p1a: Kingambit|fallen2|[silent]\n|switch|p1a: Salamence|Salamence, M|100\/100\n|-ability|p1a: Salamence|Intimidate|boost\n|-unboost|p2a: Bisharp|atk|1\n|-ability|p2a: Bisharp|Defiant|boost\n|-boost|p2a: Bisharp|atk|2\n|move|p2a: Bisharp|Swords Dance|p2a: Bisharp\n|-boost|p2a: Bisharp|atk|2\n|\n|upkeep\n|turn|18\n|\n|t:|1699784168\n|switch|p1a: Yveltal|Yveltal|49\/100\n|-ability|p1a: Yveltal|Dark Aura\n|move|p2a: Bisharp|Stone Edge|p1a: Yveltal\n|-supereffective|p1a: Yveltal\n|-damage|p1a: Yveltal|0 fnt\n|faint|p1a: Yveltal\n|\n|-fieldend|move: Trick Room\n|upkeep\n|\n|t:|1699784173\n|switch|p1a: Ogerpon|Ogerpon-Hearthflame, F|100\/100\n|-ability|p1a: Ogerpon|Mold Breaker\n|turn|19\n|\n|t:|1699784183\n|-terastallize|p1a: Ogerpon|Fire\n|detailschange|p1a: Ogerpon|Ogerpon-Hearthflame-Tera, F, tera:Fire\n|-ability|p1a: Ogerpon|Embody Aspect (Hearthflame)|boost\n|-boost|p1a: Ogerpon|atk|1\n|move|p1a: Ogerpon|Ivy Cudgel|p2a: Bisharp\n|-supereffective|p2a: Bisharp\n|-damage|p2a: Bisharp|0 fnt\n|faint|p2a: Bisharp\n|\n|upkeep\n|\n|t:|1699784199\n|switch|p2a: Deoxys|Deoxys-Attack|100\/100\n|-damage|p2a: Deoxys|88\/100|[from] Stealth Rock\n|-ability|p2a: Deoxys|Pressure\n|turn|20\n|\n|t:|1699784208\n|move|p2a: Deoxys|Low Kick|p1a: Ogerpon\n|-damage|p1a: Ogerpon|64\/100\n|-damage|p2a: Deoxys|78\/100|[from] item: Life Orb\n|move|p1a: Ogerpon|Trailblaze|p2a: Deoxys\n|-damage|p2a: Deoxys|0 fnt\n|-boost|p1a: Ogerpon|spe|1\n|faint|p2a: Deoxys\n|\n|upkeep\n|l|\u2606letch\n|inactive|letch disconnected and has a minute to reconnect!\n|player|p2|\n|j|\u2606letch\n|inactive|letch reconnected and has 130 seconds left.\n|player|p2|letch|wallace\n|\n|t:|1699784231\n|switch|p2a: Mewtwo|Mewtwo-Mega-Y|88\/100\n|-damage|p2a: Mewtwo|76\/100|[from] Stealth Rock\n|turn|21\n|\n|t:|1699784236\n|move|p1a: Ogerpon|Ivy Cudgel|p2a: Mewtwo\n|-damage|p2a: Mewtwo|0 fnt\n|faint|p2a: Mewtwo\n|\n|win|RadicalKoala\n|raw|RadicalKoala's rating: 1367 &rarr; <strong>1395<\/strong><br \/>(+28 for winning)\n|raw|letch's rating: 1508 &rarr; <strong>1480<\/strong><br \/>(-28 for losing)\n|c|\u2606RadicalKoala|gg\n","uploadtime":1699784242,"views":4,"p1id":"radicalkoala","p2id":"letch","formatid":"gen9nationaldexubers","rating":1395,"private":0,"password":""}