{"id":"gen9nationaldexubers-1997051698","p1":"Drossito Pambisito","p2":"KarmaKazama0","format":"[Gen 9] National Dex Ubers","log":"|j|\u2606Drossito Pambisito\n|j|\u2606KarmaKazama0\n|t:|1700759637\n|gametype|singles\n|player|p1|Drossito Pambisito|1|1406\n|player|p2|KarmaKazama0|169|1557\n|teamsize|p1|6\n|teamsize|p2|6\n|gen|9\n|tier|[Gen 9] National Dex Ubers\n|rated|\n|rule|HP Percentage Mod: HP is shown in percentages\n|rule|Endless Battle Clause: Forcing endless battles is banned\n|rule|OHKO Clause: OHKO moves are banned\n|rule|Evasion Moves Clause: Evasion moves are banned\n|rule|Evasion Items Clause: Evasion items are banned\n|rule|Species Clause: Limit one of each Pok\u00e9mon\n|rule|Sleep Clause Mod: Limit one foe put to sleep\n|rule|Mega Rayquaza Clause: You cannot mega evolve Rayquaza\n|clearpoke\n|poke|p1|Regieleki|\n|poke|p1|Groudon|\n|poke|p1|Salamence, M|\n|poke|p1|Basculegion, M|\n|poke|p1|Xerneas-*|\n|poke|p1|Darkrai|\n|poke|p2|Arceus-Ground|\n|poke|p2|Groudon|\n|poke|p2|Ferrothorn, M|\n|poke|p2|Xerneas-*|\n|poke|p2|Rayquaza|\n|poke|p2|Ho-Oh|\n|teampreview\n|inactive|Battle timer is ON: inactive players will automatically lose when time's up. (requested by KarmaKazama0)\n|j| AggronMyWay\n|\n|t:|1700759650\n|start\n|switch|p1a: Groudon|Groudon|100\/100\n|switch|p2a: Groudon|Groudon|100\/100\n|detailschange|p1a: Groudon|Groudon-Primal\n|-primal|p1a: Groudon|Red Orb\n|-weather|DesolateLand|[from] ability: Desolate Land|[of] p1a: Groudon\n|detailschange|p2a: Groudon|Groudon-Primal\n|-primal|p2a: Groudon|Red Orb\n|turn|1\n|inactive|Drossito Pambisito has 120 seconds left.\n|inactive|Drossito Pambisito has 90 seconds left.\n|j| Irfanayan\n|l| Irfanayan\n|\n|t:|1700759740\n|move|p1a: Groudon|Stealth Rock|p2a: Groudon\n|-sidestart|p2: KarmaKazama0|move: Stealth Rock\n|move|p2a: Groudon|Precipice Blades|p1a: Groudon\n|-supereffective|p1a: Groudon\n|-damage|p1a: Groudon|0 fnt\n|faint|p1a: Groudon\n|\n|-weather|DesolateLand|[upkeep]\n|upkeep\n|\n|t:|1700759745\n|switch|p1a: Darkrai|Darkrai|100\/100\n|turn|2\n|\n|t:|1700759750\n|-zpower|p1a: Darkrai\n|move|p1a: Darkrai|Z-Hypnosis|p2a: Groudon|[anim]Hypnosis\n|-boost|p1a: Darkrai|spe|1|[zeffect]\n|-status|p2a: Groudon|slp|[from] move: Hypnosis\n|cant|p2a: Groudon|slp\n|\n|-weather|DesolateLand|[upkeep]\n|-damage|p2a: Groudon|88\/100 slp|[from] ability: Bad Dreams|[of] p1a: Darkrai\n|upkeep\n|turn|3\n|\n|t:|1700759756\n|move|p1a: Darkrai|Nasty Plot|p1a: Darkrai\n|-boost|p1a: Darkrai|spa|2\n|cant|p2a: Groudon|slp\n|\n|-weather|DesolateLand|[upkeep]\n|-damage|p2a: Groudon|76\/100 slp|[from] ability: Bad Dreams|[of] p1a: Darkrai\n|upkeep\n|turn|4\n|\n|t:|1700759762\n|move|p1a: Darkrai|Dark Pulse|p2a: Groudon\n|-damage|p2a: Groudon|0 fnt\n|faint|p2a: Groudon\n|-weather|none\n|\n|upkeep\n|\n|t:|1700759771\n|switch|p2a: Xerneas|Xerneas|100\/100\n|-damage|p2a: Xerneas|88\/100|[from] Stealth Rock\n|-ability|p2a: Xerneas|Fairy Aura\n|turn|5\n|\n|t:|1700759774\n|move|p1a: Darkrai|Sludge Bomb|p2a: Xerneas\n|-supereffective|p2a: Xerneas\n|-damage|p2a: Xerneas|0 fnt\n|faint|p2a: Xerneas\n|\n|upkeep\n|\n|t:|1700759777\n|switch|p2a: Ferrothorn|Ferrothorn, M|100\/100\n|-damage|p2a: Ferrothorn|94\/100|[from] Stealth Rock\n|turn|6\n|\n|t:|1700759782\n|move|p2a: Ferrothorn|Protect|p2a: Ferrothorn\n|-singleturn|p2a: Ferrothorn|Protect\n|move|p1a: Darkrai|Hypnosis|p2a: Ferrothorn\n|-activate|p2a: Ferrothorn|move: Protect\n|\n|-heal|p2a: Ferrothorn|100\/100|[from] item: Leftovers\n|upkeep\n|turn|7\n|inactive|Drossito Pambisito has 120 seconds left.\n|\n|t:|1700759792\n|move|p1a: Darkrai|Dark Pulse|p2a: Ferrothorn\n|-damage|p2a: Ferrothorn|42\/100\n|cant|p2a: Ferrothorn|flinch\n|\n|-heal|p2a: Ferrothorn|48\/100|[from] item: Leftovers\n|upkeep\n|turn|8\n|inactive|Drossito Pambisito has 120 seconds left.\n|\n|t:|1700759802\n|move|p2a: Ferrothorn|Protect|p2a: Ferrothorn\n|-singleturn|p2a: Ferrothorn|Protect\n|move|p1a: Darkrai|Dark Pulse|p2a: Ferrothorn\n|-activate|p2a: Ferrothorn|move: Protect\n|\n|-heal|p2a: Ferrothorn|54\/100|[from] item: Leftovers\n|upkeep\n|turn|9\n|\n|t:|1700759809\n|move|p1a: Darkrai|Dark Pulse|p2a: Ferrothorn\n|-damage|p2a: Ferrothorn|0 fnt\n|faint|p2a: Ferrothorn\n|\n|upkeep\n|\n|t:|1700759813\n|switch|p2a: Rayquaza|Rayquaza|100\/100\n|-damage|p2a: Rayquaza|76\/100|[from] Stealth Rock\n|-ability|p2a: Rayquaza|Air Lock\n|turn|10\n|\n|t:|1700759832\n|move|p2a: Rayquaza|Extreme Speed|p1a: Darkrai\n|-damage|p1a: Darkrai|44\/100\n|move|p1a: Darkrai|Dark Pulse|p2a: Rayquaza\n|-damage|p2a: Rayquaza|0 fnt\n|faint|p2a: Rayquaza\n|\n|upkeep\n|\n|t:|1700759839\n|switch|p2a: Ho-Oh|Ho-Oh|100\/100\n|turn|11\n|inactive|Drossito Pambisito has 120 seconds left.\n|\n|t:|1700759869\n|move|p1a: Darkrai|Hypnosis|p2a: Ho-Oh\n|-status|p2a: Ho-Oh|slp|[from] move: Hypnosis\n|cant|p2a: Ho-Oh|slp\n|\n|-damage|p2a: Ho-Oh|88\/100 slp|[from] ability: Bad Dreams|[of] p1a: Darkrai\n|upkeep\n|turn|12\n|j| ImSilverLike\n|\n|t:|1700759874\n|move|p1a: Darkrai|Dark Pulse|p2a: Ho-Oh\n|-crit|p2a: Ho-Oh\n|-damage|p2a: Ho-Oh|15\/100 slp\n|-curestatus|p2a: Ho-Oh|slp|[msg]\n|move|p2a: Ho-Oh|Whirlwind|p1a: Darkrai\n|drag|p1a: Xerneas|Xerneas|100\/100\n|-ability|p1a: Xerneas|Fairy Aura\n|\n|upkeep\n|turn|13\n|inactive|Drossito Pambisito has 120 seconds left.\n|\n|t:|1700759883\n|move|p1a: Xerneas|Thunderbolt|p2a: Ho-Oh\n|-supereffective|p2a: Ho-Oh\n|-damage|p2a: Ho-Oh|0 fnt\n|faint|p2a: Ho-Oh\n|\n|upkeep\n|\n|t:|1700759887\n|switch|p2a: Arceus|Arceus-Ground|100\/100\n|-damage|p2a: Arceus|94\/100|[from] Stealth Rock\n|turn|14\n|inactive|Drossito Pambisito has 120 seconds left.\n|\n|t:|1700759903\n|move|p2a: Arceus|Judgment|p1a: Xerneas\n|-damage|p1a: Xerneas|57\/100\n|move|p1a: Xerneas|Geomancy||[still]\n|-prepare|p1a: Xerneas|Geomancy\n|-enditem|p1a: Xerneas|Power Herb\n|-anim|p1a: Xerneas|Geomancy|p1a: Xerneas\n|-boost|p1a: Xerneas|spa|2\n|-boost|p1a: Xerneas|spd|2\n|-boost|p1a: Xerneas|spe|2\n|\n|upkeep\n|turn|15\n|\n|t:|1700759908\n|move|p1a: Xerneas|Moonblast|p2a: Arceus\n|-damage|p2a: Arceus|8\/100\n|move|p2a: Arceus|Judgment|p1a: Xerneas\n|-damage|p1a: Xerneas|36\/100\n|\n|upkeep\n|turn|16\n|\n|t:|1700759911\n|move|p1a: Xerneas|Moonblast|p2a: Arceus\n|-damage|p2a: Arceus|0 fnt\n|faint|p2a: Arceus\n|\n|win|Drossito Pambisito\n|raw|Drossito Pambisito's rating: 1406 &rarr; <strong>1434<\/strong><br \/>(+28 for winning)\n|raw|KarmaKazama0's rating: 1557 &rarr; <strong>1529<\/strong><br \/>(-28 for losing)\n|l| AggronMyWay\n|l| ImSilverLike\n","uploadtime":1700759926,"views":10,"p1id":"drossitopambisito","p2id":"karmakazama0","formatid":"gen9nationaldexubers","rating":1434,"private":0,"password":""}