{"id":"gen9nationaldexubers-1998703796","p1":"Kuraking","p2":"RoachMMM_2012","format":"[Gen 9] National Dex Ubers","log":"|j|\u2606Kuraking\n|j|\u2606RoachMMM_2012\n|t:|1700974990\n|gametype|singles\n|player|p1|Kuraking|iris|1168\n|player|p2|RoachMMM_2012|170|1000\n|teamsize|p1|6\n|teamsize|p2|6\n|gen|9\n|tier|[Gen 9] National Dex Ubers\n|rated|\n|rule|HP Percentage Mod: HP is shown in percentages\n|rule|Endless Battle Clause: Forcing endless battles is banned\n|rule|OHKO Clause: OHKO moves are banned\n|rule|Evasion Moves Clause: Evasion moves are banned\n|rule|Evasion Items Clause: Evasion items are banned\n|rule|Species Clause: Limit one of each Pok\u00e9mon\n|rule|Sleep Clause Mod: Limit one foe put to sleep\n|rule|Mega Rayquaza Clause: You cannot mega evolve Rayquaza\n|clearpoke\n|poke|p1|Cryogonal|\n|poke|p1|Alomomola, F|\n|poke|p1|Shuckle, M|\n|poke|p1|Ho-Oh|\n|poke|p1|Jumpluff, F|\n|poke|p1|Grimmsnarl, M|\n|poke|p2|Toxapex, F|\n|poke|p2|Ferrothorn, M|\n|poke|p2|Skeledirge, M|\n|poke|p2|Corviknight, M|\n|poke|p2|Blissey, F|\n|poke|p2|Gastrodon, F|\n|teampreview\n|\n|t:|1700975005\n|start\n|switch|p1a: Shuckle|Shuckle, M|100\/100\n|switch|p2a: Blissey|Blissey, F|100\/100\n|turn|1\n|c|\u2606Kuraking|good luck have fun\n|\n|t:|1700975016\n|move|p2a: Blissey|Stealth Rock|p1a: Shuckle\n|-sidestart|p1: Kuraking|move: Stealth Rock\n|move|p1a: Shuckle|Stealth Rock|p2a: Blissey\n|-sidestart|p2: RoachMMM_2012|move: Stealth Rock\n|\n|upkeep\n|turn|2\n|\n|t:|1700975024\n|move|p1a: Shuckle|Sticky Web|p2a: Blissey\n|-sidestart|p2: RoachMMM_2012|move: Sticky Web\n|move|p2a: Blissey|Teleport|p2a: Blissey\n|\n|t:|1700975040\n|switch|p2a: Toxapex|Toxapex, F|100\/100|[from] Teleport\n|-damage|p2a: Toxapex|88\/100|[from] Stealth Rock\n|-activate|p2a: Toxapex|move: Sticky Web\n|-unboost|p2a: Toxapex|spe|1\n|\n|-heal|p2a: Toxapex|94\/100|[from] item: Leftovers\n|upkeep\n|turn|3\n|\n|t:|1700975055\n|switch|p1a: Grimmsnarl|Grimmsnarl, M, shiny|100\/100\n|-damage|p1a: Grimmsnarl|88\/100|[from] Stealth Rock\n|move|p2a: Toxapex|Knock Off|p1a: Grimmsnarl\n|-resisted|p1a: Grimmsnarl\n|-damage|p1a: Grimmsnarl|84\/100\n|-enditem|p1a: Grimmsnarl|Light Clay|[from] move: Knock Off|[of] p2a: Toxapex\n|\n|-heal|p2a: Toxapex|99\/100|[from] item: Leftovers\n|upkeep\n|turn|4\n|\n|t:|1700975080\n|move|p1a: Grimmsnarl|Reflect|p1a: Grimmsnarl\n|-sidestart|p1: Kuraking|Reflect\n|move|p2a: Toxapex|Sludge Bomb|p1a: Grimmsnarl\n|-supereffective|p1a: Grimmsnarl\n|-damage|p1a: Grimmsnarl|55\/100\n|\n|-heal|p2a: Toxapex|100\/100|[from] item: Leftovers\n|upkeep\n|turn|5\n|\n|t:|1700975088\n|move|p1a: Grimmsnarl|Light Screen|p1a: Grimmsnarl\n|-sidestart|p1: Kuraking|move: Light Screen\n|move|p2a: Toxapex|Sludge Bomb|p1a: Grimmsnarl\n|-supereffective|p1a: Grimmsnarl\n|-damage|p1a: Grimmsnarl|41\/100\n|\n|upkeep\n|turn|6\n|\n|t:|1700975095\n|move|p1a: Grimmsnarl|Parting Shot|p2a: Toxapex\n|-unboost|p2a: Toxapex|atk|1\n|-unboost|p2a: Toxapex|spa|1\n|\n|t:|1700975106\n|switch|p1a: Ho-Oh|Ho-Oh|100\/100|[from] Parting Shot\n|-damage|p1a: Ho-Oh|50\/100|[from] Stealth Rock\n|move|p2a: Toxapex|Sludge Bomb|p1a: Ho-Oh\n|-damage|p1a: Ho-Oh|47\/100\n|\n|-heal|p1a: Ho-Oh|54\/100|[from] item: Leftovers\n|upkeep\n|turn|7\n|\n|t:|1700975119\n|move|p2a: Toxapex|Baneful Bunker|p2a: Toxapex\n|-singleturn|p2a: Toxapex|move: Protect\n|move|p1a: Ho-Oh|Future Sight|p2a: Toxapex\n|-start|p1a: Ho-Oh|move: Future Sight\n|\n|-heal|p1a: Ho-Oh|60\/100|[from] item: Leftovers\n|upkeep\n|turn|8\n|\n|t:|1700975127\n|move|p2a: Toxapex|Sludge Bomb|p1a: Ho-Oh\n|-crit|p1a: Ho-Oh\n|-damage|p1a: Ho-Oh|45\/100\n|move|p1a: Ho-Oh|Whirlwind|p2a: Toxapex\n|drag|p2a: Gastrodon|Gastrodon, F|100\/100\n|-damage|p2a: Gastrodon|94\/100|[from] Stealth Rock\n|-activate|p2a: Gastrodon|move: Sticky Web\n|-unboost|p2a: Gastrodon|spe|1\n|\n|-heal|p1a: Ho-Oh|51\/100|[from] item: Leftovers\n|-sideend|p1: Kuraking|Reflect\n|upkeep\n|turn|9\n|\n|t:|1700975145\n|switch|p1a: Alomomola|Alomomola, F|100\/100\n|-damage|p1a: Alomomola|88\/100|[from] Stealth Rock\n|move|p2a: Gastrodon|Scald|p1a: Alomomola\n|-resisted|p1a: Alomomola\n|-damage|p1a: Alomomola|80\/100\n|-status|p1a: Alomomola|brn\n|\n|-end|p2a: Gastrodon|move: Future Sight\n|-damage|p2a: Gastrodon|73\/100\n|-heal|p1a: Alomomola|86\/100 brn|[from] item: Leftovers\n|-damage|p1a: Alomomola|80\/100 brn|[from] brn\n|-sideend|p1: Kuraking|move: Light Screen\n|upkeep\n|turn|10\n|\n|t:|1700975161\n|move|p1a: Alomomola|Toxic|p2a: Gastrodon\n|-status|p2a: Gastrodon|tox\n|move|p2a: Gastrodon|Earth Power|p1a: Alomomola\n|-damage|p1a: Alomomola|49\/100 brn\n|\n|-heal|p1a: Alomomola|55\/100 brn|[from] item: Leftovers\n|-damage|p2a: Gastrodon|67\/100 tox|[from] psn\n|-damage|p1a: Alomomola|49\/100 brn|[from] brn\n|upkeep\n|turn|11\n|\n|t:|1700975172\n|move|p1a: Alomomola|Wish|p1a: Alomomola\n|move|p2a: Gastrodon|Recover|p2a: Gastrodon\n|-heal|p2a: Gastrodon|100\/100 tox\n|\n|-heal|p1a: Alomomola|55\/100 brn|[from] item: Leftovers\n|-damage|p2a: Gastrodon|88\/100 tox|[from] psn\n|-damage|p1a: Alomomola|49\/100 brn|[from] brn\n|upkeep\n|turn|12\n|\n|t:|1700975185\n|switch|p2a: Ferrothorn|Ferrothorn, M|100\/100\n|-damage|p2a: Ferrothorn|94\/100|[from] Stealth Rock\n|-activate|p2a: Ferrothorn|move: Sticky Web\n|-unboost|p2a: Ferrothorn|spe|1\n|move|p1a: Alomomola|Protect||[still]\n|-fail|p1a: Alomomola\n|\n|-heal|p1a: Alomomola|99\/100 brn|[from] move: Wish|[wisher] Alomomola\n|-heal|p1a: Alomomola|100\/100 brn|[from] item: Leftovers\n|-damage|p1a: Alomomola|94\/100 brn|[from] brn\n|upkeep\n|turn|13\n|\n|t:|1700975199\n|move|p1a: Alomomola|Flip Turn|p2a: Ferrothorn\n|-resisted|p2a: Ferrothorn\n|-damage|p2a: Ferrothorn|92\/100\n|-damage|p1a: Alomomola|82\/100 brn|[from] ability: Iron Barbs|[of] p2a: Ferrothorn\n|-damage|p1a: Alomomola|65\/100 brn|[from] item: Rocky Helmet|[of] p2a: Ferrothorn\n|\n|t:|1700975209\n|switch|p1a: Grimmsnarl|Grimmsnarl, M, shiny|41\/100|[from] Flip Turn\n|-damage|p1a: Grimmsnarl|28\/100|[from] Stealth Rock\n|move|p2a: Ferrothorn|Leech Seed|p1a: Grimmsnarl\n|-start|p1a: Grimmsnarl|move: Leech Seed\n|\n|-damage|p1a: Grimmsnarl|16\/100|[from] Leech Seed|[of] p2a: Ferrothorn\n|-heal|p2a: Ferrothorn|100\/100|[silent]\n|upkeep\n|turn|14\n|\n|t:|1700975220\n|move|p2a: Ferrothorn|Protect|p2a: Ferrothorn\n|-singleturn|p2a: Ferrothorn|Protect\n|move|p1a: Grimmsnarl|Taunt|p2a: Ferrothorn\n|-activate|p2a: Ferrothorn|move: Protect\n|\n|-damage|p1a: Grimmsnarl|3\/100|[from] Leech Seed|[of] p2a: Ferrothorn\n|upkeep\n|turn|15\n|\n|t:|1700975249\n|switch|p2a: Corviknight|Corviknight, M|100\/100\n|-damage|p2a: Corviknight|88\/100|[from] Stealth Rock\n|-ability|p2a: Corviknight|Pressure\n|move|p1a: Grimmsnarl|Reflect|p1a: Grimmsnarl\n|-sidestart|p1: Kuraking|Reflect\n|\n|-heal|p2a: Corviknight|94\/100|[from] item: Leftovers\n|-damage|p1a: Grimmsnarl|0 fnt|[from] Leech Seed|[of] p2a: Corviknight\n|-heal|p2a: Corviknight|97\/100|[silent]\n|faint|p1a: Grimmsnarl\n|upkeep\n|\n|t:|1700975259\n|switch|p1a: Jumpluff|Jumpluff, F|100\/100\n|-damage|p1a: Jumpluff|76\/100|[from] Stealth Rock\n|turn|16\n|\n|t:|1700975267\n|move|p1a: Jumpluff|Sleep Powder|p2a: Corviknight\n|-status|p2a: Corviknight|slp|[from] move: Sleep Powder\n|cant|p2a: Corviknight|slp\n|\n|-heal|p1a: Jumpluff|82\/100|[from] item: Leftovers\n|-heal|p2a: Corviknight|100\/100 slp|[from] item: Leftovers\n|upkeep\n|turn|17\n|\n|t:|1700975277\n|move|p1a: Jumpluff|Substitute|p1a: Jumpluff\n|-start|p1a: Jumpluff|Substitute\n|-damage|p1a: Jumpluff|57\/100\n|-curestatus|p2a: Corviknight|slp|[msg]\n|move|p2a: Corviknight|Brave Bird|p1a: Jumpluff\n|-supereffective|p1a: Jumpluff\n|-end|p1a: Jumpluff|Substitute\n|-damage|p2a: Corviknight|93\/100|[from] Recoil|[of] p1a: Jumpluff\n|\n|-heal|p1a: Jumpluff|63\/100|[from] item: Leftovers\n|-heal|p2a: Corviknight|99\/100|[from] item: Leftovers\n|upkeep\n|turn|18\n|\n|t:|1700975290\n|move|p1a: Jumpluff|Sleep Powder|p2a: Corviknight\n|-status|p2a: Corviknight|slp|[from] move: Sleep Powder\n|cant|p2a: Corviknight|slp\n|\n|-heal|p1a: Jumpluff|69\/100|[from] item: Leftovers\n|-heal|p2a: Corviknight|100\/100 slp|[from] item: Leftovers\n|upkeep\n|turn|19\n|\n|t:|1700975300\n|move|p1a: Jumpluff|Substitute|p1a: Jumpluff\n|-start|p1a: Jumpluff|Substitute\n|-damage|p1a: Jumpluff|45\/100\n|-curestatus|p2a: Corviknight|slp|[msg]\n|move|p2a: Corviknight|Brave Bird|p1a: Jumpluff\n|-supereffective|p1a: Jumpluff\n|-end|p1a: Jumpluff|Substitute\n|-damage|p2a: Corviknight|93\/100|[from] Recoil|[of] p1a: Jumpluff\n|\n|-heal|p1a: Jumpluff|51\/100|[from] item: Leftovers\n|-heal|p2a: Corviknight|99\/100|[from] item: Leftovers\n|-sideend|p1: Kuraking|Reflect\n|upkeep\n|turn|20\n|\n|t:|1700975316\n|move|p1a: Jumpluff|Sleep Powder|p2a: Corviknight|[miss]\n|-miss|p1a: Jumpluff|p2a: Corviknight\n|move|p2a: Corviknight|Brave Bird|p1a: Jumpluff\n|-supereffective|p1a: Jumpluff\n|-damage|p1a: Jumpluff|0 fnt\n|faint|p1a: Jumpluff\n|-damage|p2a: Corviknight|84\/100|[from] Recoil\n|\n|-heal|p2a: Corviknight|90\/100|[from] item: Leftovers\n|upkeep\n|\n|t:|1700975324\n|switch|p1a: Ho-Oh|Ho-Oh|85\/100\n|-damage|p1a: Ho-Oh|35\/100|[from] Stealth Rock\n|turn|21\n|\n|t:|1700975333\n|switch|p2a: Skeledirge|Skeledirge, M|100\/100\n|move|p1a: Ho-Oh|Sacred Fire|p2a: Skeledirge\n|-resisted|p2a: Skeledirge\n|-damage|p2a: Skeledirge|82\/100\n|\n|-heal|p1a: Ho-Oh|41\/100|[from] item: Leftovers\n|upkeep\n|turn|22\n|\n|t:|1700975344\n|move|p1a: Ho-Oh|Roost|p1a: Ho-Oh\n|-heal|p1a: Ho-Oh|91\/100\n|-singleturn|p1a: Ho-Oh|move: Roost\n|move|p2a: Skeledirge|Roar|p1a: Ho-Oh\n|drag|p1a: Alomomola|Alomomola, F|99\/100 brn\n|-damage|p1a: Alomomola|86\/100 brn|[from] Stealth Rock\n|\n|-heal|p1a: Alomomola|92\/100 brn|[from] item: Leftovers\n|-damage|p1a: Alomomola|86\/100 brn|[from] brn\n|upkeep\n|turn|23\n|\n|t:|1700975357\n|move|p2a: Skeledirge|Torch Song|p1a: Alomomola\n|-resisted|p1a: Alomomola\n|-damage|p1a: Alomomola|68\/100 brn\n|-boost|p2a: Skeledirge|spa|1\n|move|p1a: Alomomola|Wish|p1a: Alomomola\n|\n|-heal|p1a: Alomomola|74\/100 brn|[from] item: Leftovers\n|-damage|p1a: Alomomola|68\/100 brn|[from] brn\n|upkeep\n|turn|24\n|\n|t:|1700975369\n|move|p2a: Skeledirge|Hex|p1a: Alomomola\n|-damage|p1a: Alomomola|0 fnt\n|faint|p1a: Alomomola\n|\n|upkeep\n|\n|t:|1700975375\n|switch|p1a: Cryogonal|Cryogonal|100\/100\n|-damage|p1a: Cryogonal|76\/100|[from] Stealth Rock\n|turn|25\n|\n|t:|1700975385\n|-terastallize|p1a: Cryogonal|Electric\n|move|p1a: Cryogonal|Tera Blast|p2a: Skeledirge|[anim] Tera Blast Electric\n|-damage|p2a: Skeledirge|58\/100\n|move|p2a: Skeledirge|Torch Song|p1a: Cryogonal\n|-damage|p1a: Cryogonal|48\/100\n|-boost|p2a: Skeledirge|spa|1\n|\n|upkeep\n|turn|26\n|\n|t:|1700975396\n|move|p1a: Cryogonal|Hidden Power|p2a: Skeledirge\n|-supereffective|p2a: Skeledirge\n|-damage|p2a: Skeledirge|35\/100\n|move|p2a: Skeledirge|Roar|p1a: Cryogonal\n|drag|p1a: Shuckle|Shuckle, M|100\/100\n|-damage|p1a: Shuckle|75\/100|[from] Stealth Rock\n|\n|-heal|p1a: Shuckle|82\/100|[from] item: Leftovers\n|upkeep\n|turn|27\n|\n|t:|1700975408\n|move|p2a: Skeledirge|Slack Off|p2a: Skeledirge\n|-heal|p2a: Skeledirge|85\/100\n|move|p1a: Shuckle|Rest|p1a: Shuckle\n|-status|p1a: Shuckle|slp|[from] move: Rest\n|-heal|p1a: Shuckle|100\/100 slp|[silent]\n|\n|upkeep\n|turn|28\n|\n|t:|1700975422\n|switch|p2a: Ferrothorn|Ferrothorn, M|100\/100\n|-damage|p2a: Ferrothorn|94\/100|[from] Stealth Rock\n|-activate|p2a: Ferrothorn|move: Sticky Web\n|-unboost|p2a: Ferrothorn|spe|1\n|cant|p1a: Shuckle|slp\n|move|p1a: Shuckle|Sleep Talk|p1a: Shuckle\n|move|p1a: Shuckle|Sticky Web||[from]move: Sleep Talk|[still]\n|-fail|p1a: Shuckle\n|\n|upkeep\n|turn|29\n|\n|t:|1700975436\n|switch|p1a: Ho-Oh|Ho-Oh|100\/100\n|-damage|p1a: Ho-Oh|50\/100|[from] Stealth Rock\n|move|p2a: Ferrothorn|Leech Seed|p1a: Ho-Oh\n|-start|p1a: Ho-Oh|move: Leech Seed\n|\n|-heal|p1a: Ho-Oh|57\/100|[from] item: Leftovers\n|-damage|p1a: Ho-Oh|44\/100|[from] Leech Seed|[of] p2a: Ferrothorn\n|-heal|p2a: Ferrothorn|100\/100|[silent]\n|upkeep\n|turn|30\n|\n|t:|1700975452\n|switch|p2a: Blissey|Blissey, F|100\/100\n|-damage|p2a: Blissey|88\/100|[from] Stealth Rock\n|-activate|p2a: Blissey|move: Sticky Web\n|-unboost|p2a: Blissey|spe|1\n|move|p1a: Ho-Oh|Sacred Fire|p2a: Blissey\n|-damage|p2a: Blissey|49\/100\n|-status|p2a: Blissey|brn\n|\n|-heal|p1a: Ho-Oh|50\/100|[from] item: Leftovers\n|-heal|p2a: Blissey|55\/100 brn|[from] item: Leftovers\n|-damage|p1a: Ho-Oh|38\/100|[from] Leech Seed|[of] p2a: Blissey\n|-heal|p2a: Blissey|63\/100 brn|[silent]\n|-damage|p2a: Blissey|57\/100 brn|[from] brn\n|upkeep\n|turn|31\n|\n|t:|1700975469\n|move|p1a: Ho-Oh|Roost|p1a: Ho-Oh\n|-heal|p1a: Ho-Oh|88\/100\n|-singleturn|p1a: Ho-Oh|move: Roost\n|move|p2a: Blissey|Soft-Boiled|p2a: Blissey\n|-heal|p2a: Blissey|100\/100 brn\n|\n|-heal|p1a: Ho-Oh|94\/100|[from] item: Leftovers\n|-damage|p1a: Ho-Oh|82\/100|[from] Leech Seed|[of] p2a: Blissey\n|-damage|p2a: Blissey|94\/100 brn|[from] brn\n|upkeep\n|turn|32\n|\n|t:|1700975483\n|switch|p1a: Shuckle|Shuckle, M|100\/100 slp\n|-damage|p1a: Shuckle|75\/100 slp|[from] Stealth Rock\n|move|p2a: Blissey|Seismic Toss|p1a: Shuckle\n|-damage|p1a: Shuckle|35\/100 slp\n|\n|-heal|p2a: Blissey|100\/100 brn|[from] item: Leftovers\n|-heal|p1a: Shuckle|41\/100 slp|[from] item: Leftovers\n|-damage|p2a: Blissey|94\/100 brn|[from] brn\n|upkeep\n|turn|33\n|\n|t:|1700975496\n|move|p2a: Blissey|Seismic Toss|p1a: Shuckle\n|-damage|p1a: Shuckle|0 fnt\n|faint|p1a: Shuckle\n|\n|-heal|p2a: Blissey|100\/100 brn|[from] item: Leftovers\n|-damage|p2a: Blissey|94\/100 brn|[from] brn\n|upkeep\n|\n|t:|1700975500\n|switch|p1a: Ho-Oh|Ho-Oh|100\/100\n|-damage|p1a: Ho-Oh|50\/100|[from] Stealth Rock\n|turn|34\n|\n|t:|1700975521\n|move|p1a: Ho-Oh|Roost|p1a: Ho-Oh\n|-heal|p1a: Ho-Oh|100\/100\n|-singleturn|p1a: Ho-Oh|move: Roost\n|move|p2a: Blissey|Seismic Toss|p1a: Ho-Oh\n|-damage|p1a: Ho-Oh|76\/100\n|\n|-heal|p1a: Ho-Oh|83\/100|[from] item: Leftovers\n|-heal|p2a: Blissey|100\/100 brn|[from] item: Leftovers\n|-damage|p2a: Blissey|94\/100 brn|[from] brn\n|upkeep\n|turn|35\n|\n|t:|1700975534\n|move|p1a: Ho-Oh|Future Sight|p2a: Blissey\n|-start|p1a: Ho-Oh|move: Future Sight\n|move|p2a: Blissey|Teleport|p2a: Blissey\n|\n|t:|1700975541\n|-curestatus|p2a: Blissey|brn|[from] ability: Natural Cure\n|switch|p2a: Skeledirge|Skeledirge, M|85\/100|[from] Teleport\n|\n|-heal|p1a: Ho-Oh|89\/100|[from] item: Leftovers\n|upkeep\n|turn|36\n|\n|t:|1700975550\n|move|p2a: Skeledirge|Torch Song|p1a: Ho-Oh\n|-resisted|p1a: Ho-Oh\n|-damage|p1a: Ho-Oh|81\/100\n|-boost|p2a: Skeledirge|spa|1\n|move|p1a: Ho-Oh|Whirlwind|p2a: Skeledirge\n|drag|p2a: Ferrothorn|Ferrothorn, M|100\/100\n|-damage|p2a: Ferrothorn|94\/100|[from] Stealth Rock\n|-activate|p2a: Ferrothorn|move: Sticky Web\n|-unboost|p2a: Ferrothorn|spe|1\n|\n|-heal|p1a: Ho-Oh|87\/100|[from] item: Leftovers\n|upkeep\n|turn|37\n|\n|t:|1700975565\n|move|p2a: Ferrothorn|Protect|p2a: Ferrothorn\n|-singleturn|p2a: Ferrothorn|Protect\n|move|p1a: Ho-Oh|Sacred Fire|p2a: Ferrothorn\n|-activate|p2a: Ferrothorn|move: Protect\n|\n|-end|p2a: Ferrothorn|move: Future Sight\n|-resisted|p2a: Ferrothorn\n|-damage|p2a: Ferrothorn|83\/100\n|-heal|p1a: Ho-Oh|93\/100|[from] item: Leftovers\n|upkeep\n|turn|38\n|\n|t:|1700975588\n|switch|p2a: Toxapex|Toxapex, F|100\/100\n|-damage|p2a: Toxapex|88\/100|[from] Stealth Rock\n|-activate|p2a: Toxapex|move: Sticky Web\n|-unboost|p2a: Toxapex|spe|1\n|move|p1a: Ho-Oh|Sacred Fire|p2a: Toxapex\n|-resisted|p2a: Toxapex\n|-damage|p2a: Toxapex|75\/100\n|\n|-heal|p1a: Ho-Oh|99\/100|[from] item: Leftovers\n|-heal|p2a: Toxapex|81\/100|[from] item: Leftovers\n|upkeep\n|turn|39\n|\n|t:|1700975605\n|move|p2a: Toxapex|Baneful Bunker|p2a: Toxapex\n|-singleturn|p2a: Toxapex|move: Protect\n|move|p1a: Ho-Oh|Future Sight|p2a: Toxapex\n|-start|p1a: Ho-Oh|move: Future Sight\n|\n|-heal|p1a: Ho-Oh|100\/100|[from] item: Leftovers\n|-heal|p2a: Toxapex|87\/100|[from] item: Leftovers\n|upkeep\n|turn|40\n|\n|t:|1700975615\n|move|p2a: Toxapex|Sludge Bomb|p1a: Ho-Oh\n|-damage|p1a: Ho-Oh|91\/100\n|move|p1a: Ho-Oh|Whirlwind|p2a: Toxapex\n|drag|p2a: Corviknight|Corviknight, M|90\/100\n|-damage|p2a: Corviknight|78\/100|[from] Stealth Rock\n|-ability|p2a: Corviknight|Pressure\n|\n|-heal|p1a: Ho-Oh|97\/100|[from] item: Leftovers\n|-heal|p2a: Corviknight|84\/100|[from] item: Leftovers\n|upkeep\n|turn|41\n|\n|t:|1700975638\n|-terastallize|p2a: Corviknight|Ground\n|move|p1a: Ho-Oh|Sacred Fire|p2a: Corviknight\n|-damage|p2a: Corviknight|60\/100\n|move|p2a: Corviknight|Brave Bird|p1a: Ho-Oh\n|-damage|p1a: Ho-Oh|65\/100\n|-damage|p2a: Corviknight|49\/100|[from] Recoil\n|\n|-end|p2a: Corviknight|move: Future Sight\n|-damage|p2a: Corviknight|21\/100\n|-heal|p1a: Ho-Oh|71\/100|[from] item: Leftovers\n|-heal|p2a: Corviknight|27\/100|[from] item: Leftovers\n|upkeep\n|turn|42\n|\n|t:|1700975654\n|move|p1a: Ho-Oh|Sacred Fire|p2a: Corviknight\n|-damage|p2a: Corviknight|0 fnt\n|faint|p2a: Corviknight\n|\n|-heal|p1a: Ho-Oh|78\/100|[from] item: Leftovers\n|upkeep\n|\n|t:|1700975665\n|switch|p2a: Ferrothorn|Ferrothorn, M|83\/100\n|-damage|p2a: Ferrothorn|76\/100|[from] Stealth Rock\n|-activate|p2a: Ferrothorn|move: Sticky Web\n|-unboost|p2a: Ferrothorn|spe|1\n|turn|43\n|\n|t:|1700975671\n|move|p2a: Ferrothorn|Leech Seed|p1a: Ho-Oh\n|-start|p1a: Ho-Oh|move: Leech Seed\n|move|p1a: Ho-Oh|Whirlwind|p2a: Ferrothorn\n|drag|p2a: Toxapex|Toxapex, F|100\/100\n|-damage|p2a: Toxapex|88\/100|[from] Stealth Rock\n|-activate|p2a: Toxapex|move: Sticky Web\n|-unboost|p2a: Toxapex|spe|1\n|\n|-heal|p1a: Ho-Oh|84\/100|[from] item: Leftovers\n|-heal|p2a: Toxapex|94\/100|[from] item: Leftovers\n|-damage|p1a: Ho-Oh|71\/100|[from] Leech Seed|[of] p2a: Toxapex\n|-heal|p2a: Toxapex|100\/100|[silent]\n|upkeep\n|turn|44\n|\n|t:|1700975685\n|move|p1a: Ho-Oh|Future Sight|p2a: Toxapex\n|-start|p1a: Ho-Oh|move: Future Sight\n|move|p2a: Toxapex|Sludge Bomb|p1a: Ho-Oh\n|-damage|p1a: Ho-Oh|62\/100\n|\n|-heal|p1a: Ho-Oh|68\/100|[from] item: Leftovers\n|-damage|p1a: Ho-Oh|56\/100|[from] Leech Seed|[of] p2a: Toxapex\n|upkeep\n|turn|45\n|\n|t:|1700975695\n|move|p1a: Ho-Oh|Roost|p1a: Ho-Oh\n|-heal|p1a: Ho-Oh|100\/100\n|-singleturn|p1a: Ho-Oh|move: Roost\n|move|p2a: Toxapex|Knock Off|p1a: Ho-Oh\n|-damage|p1a: Ho-Oh|88\/100\n|-enditem|p1a: Ho-Oh|Leftovers|[from] move: Knock Off|[of] p2a: Toxapex\n|\n|-damage|p1a: Ho-Oh|76\/100|[from] Leech Seed|[of] p2a: Toxapex\n|upkeep\n|turn|46\n|\n|t:|1700975713\n|switch|p1a: Cryogonal|Cryogonal, tera:Electric|48\/100\n|-damage|p1a: Cryogonal|36\/100|[from] Stealth Rock\n|move|p2a: Toxapex|Baneful Bunker||[still]\n|-fail|p2a: Toxapex\n|\n|-end|p2a: Toxapex|move: Future Sight\n|-supereffective|p2a: Toxapex\n|-damage|p2a: Toxapex|48\/100\n|-heal|p2a: Toxapex|54\/100|[from] item: Leftovers\n|upkeep\n|turn|47\n|\n|t:|1700975726\n|move|p2a: Toxapex|Baneful Bunker|p2a: Toxapex\n|-singleturn|p2a: Toxapex|move: Protect\n|move|p1a: Cryogonal|Tera Blast|p2a: Toxapex|[anim] Tera Blast Electric\n|-activate|p2a: Toxapex|move: Protect\n|\n|-heal|p2a: Toxapex|60\/100|[from] item: Leftovers\n|upkeep\n|turn|48\n|\n|t:|1700975736\n|switch|p2a: Gastrodon|Gastrodon, F|88\/100 tox\n|-damage|p2a: Gastrodon|82\/100 tox|[from] Stealth Rock\n|-activate|p2a: Gastrodon|move: Sticky Web\n|-unboost|p2a: Gastrodon|spe|1\n|move|p1a: Cryogonal|Freeze-Dry|p2a: Gastrodon\n|-supereffective|p2a: Gastrodon\n|-damage|p2a: Gastrodon|6\/100 tox\n|\n|-damage|p2a: Gastrodon|0 fnt|[from] psn\n|faint|p2a: Gastrodon\n|upkeep\n|\n|t:|1700975750\n|switch|p2a: Blissey|Blissey, F|94\/100\n|-damage|p2a: Blissey|82\/100|[from] Stealth Rock\n|-activate|p2a: Blissey|move: Sticky Web\n|-unboost|p2a: Blissey|spe|1\n|turn|49\n|\n|t:|1700975759\n|move|p1a: Cryogonal|Tera Blast|p2a: Blissey|[anim] Tera Blast Electric\n|-damage|p2a: Blissey|70\/100\n|move|p2a: Blissey|Seismic Toss|p1a: Cryogonal\n|-damage|p1a: Cryogonal|3\/100\n|\n|-heal|p2a: Blissey|77\/100|[from] item: Leftovers\n|upkeep\n|turn|50\n|\n|t:|1700975774\n|move|p1a: Cryogonal|Signal Beam|p2a: Blissey\n|-damage|p2a: Blissey|69\/100\n|move|p2a: Blissey|Seismic Toss|p1a: Cryogonal\n|-damage|p1a: Cryogonal|0 fnt\n|faint|p1a: Cryogonal\n|\n|-heal|p2a: Blissey|75\/100|[from] item: Leftovers\n|upkeep\n|\n|t:|1700975779\n|switch|p1a: Ho-Oh|Ho-Oh|100\/100\n|-damage|p1a: Ho-Oh|50\/100|[from] Stealth Rock\n|turn|51\n|\n|t:|1700975789\n|move|p1a: Ho-Oh|Future Sight|p2a: Blissey\n|-start|p1a: Ho-Oh|move: Future Sight\n|move|p2a: Blissey|Soft-Boiled|p2a: Blissey\n|-heal|p2a: Blissey|100\/100\n|\n|upkeep\n|turn|52\n|\n|t:|1700975796\n|move|p1a: Ho-Oh|Roost|p1a: Ho-Oh\n|-heal|p1a: Ho-Oh|100\/100\n|-singleturn|p1a: Ho-Oh|move: Roost\n|move|p2a: Blissey|Teleport|p2a: Blissey\n|\n|t:|1700975804\n|switch|p2a: Ferrothorn|Ferrothorn, M|76\/100|[from] Teleport\n|-damage|p2a: Ferrothorn|70\/100|[from] Stealth Rock\n|-activate|p2a: Ferrothorn|move: Sticky Web\n|-unboost|p2a: Ferrothorn|spe|1\n|\n|upkeep\n|turn|53\n|\n|t:|1700975813\n|move|p2a: Ferrothorn|Leech Seed|p1a: Ho-Oh\n|-start|p1a: Ho-Oh|move: Leech Seed\n|move|p1a: Ho-Oh|Whirlwind|p2a: Ferrothorn\n|drag|p2a: Blissey|Blissey, F|100\/100\n|-damage|p2a: Blissey|88\/100|[from] Stealth Rock\n|-activate|p2a: Blissey|move: Sticky Web\n|-unboost|p2a: Blissey|spe|1\n|\n|-end|p2a: Blissey|move: Future Sight\n|-damage|p2a: Blissey|78\/100\n|-heal|p2a: Blissey|84\/100|[from] item: Leftovers\n|-damage|p1a: Ho-Oh|88\/100|[from] Leech Seed|[of] p2a: Blissey\n|-heal|p2a: Blissey|92\/100|[silent]\n|upkeep\n|turn|54\n|\n|t:|1700975830\n|move|p1a: Ho-Oh|Future Sight|p2a: Blissey\n|-start|p1a: Ho-Oh|move: Future Sight\n|move|p2a: Blissey|Seismic Toss|p1a: Ho-Oh\n|-damage|p1a: Ho-Oh|64\/100\n|\n|-heal|p2a: Blissey|99\/100|[from] item: Leftovers\n|-damage|p1a: Ho-Oh|51\/100|[from] Leech Seed|[of] p2a: Blissey\n|-heal|p2a: Blissey|100\/100|[silent]\n|upkeep\n|turn|55\n|\n|t:|1700975847\n|move|p1a: Ho-Oh|Roost|p1a: Ho-Oh\n|-heal|p1a: Ho-Oh|100\/100\n|-singleturn|p1a: Ho-Oh|move: Roost\n|move|p2a: Blissey|Teleport|p2a: Blissey\n|\n|t:|1700975866\n|switch|p2a: Ferrothorn|Ferrothorn, M|70\/100|[from] Teleport\n|-damage|p2a: Ferrothorn|64\/100|[from] Stealth Rock\n|-activate|p2a: Ferrothorn|move: Sticky Web\n|-unboost|p2a: Ferrothorn|spe|1\n|\n|-damage|p1a: Ho-Oh|88\/100|[from] Leech Seed|[of] p2a: Ferrothorn\n|-heal|p2a: Ferrothorn|79\/100|[silent]\n|upkeep\n|turn|56\n|\n|t:|1700975878\n|move|p2a: Ferrothorn|Protect|p2a: Ferrothorn\n|-singleturn|p2a: Ferrothorn|Protect\n|move|p1a: Ho-Oh|Whirlwind|p2a: Ferrothorn\n|drag|p2a: Skeledirge|Skeledirge, M|85\/100\n|\n|-end|p2a: Skeledirge|move: Future Sight\n|-damage|p2a: Skeledirge|62\/100\n|-damage|p1a: Ho-Oh|75\/100|[from] Leech Seed|[of] p2a: Skeledirge\n|-heal|p2a: Skeledirge|75\/100|[silent]\n|upkeep\n|turn|57\n|\n|t:|1700975893\n|move|p1a: Ho-Oh|Future Sight|p2a: Skeledirge\n|-start|p1a: Ho-Oh|move: Future Sight\n|move|p2a: Skeledirge|Slack Off|p2a: Skeledirge\n|-heal|p2a: Skeledirge|100\/100\n|\n|-damage|p1a: Ho-Oh|63\/100|[from] Leech Seed|[of] p2a: Skeledirge\n|upkeep\n|turn|58\n|\n|t:|1700975902\n|switch|p2a: Toxapex|Toxapex, F|93\/100\n|-damage|p2a: Toxapex|81\/100|[from] Stealth Rock\n|-activate|p2a: Toxapex|move: Sticky Web\n|-unboost|p2a: Toxapex|spe|1\n|move|p1a: Ho-Oh|Whirlwind|p2a: Toxapex\n|drag|p2a: Ferrothorn|Ferrothorn, M|79\/100\n|-damage|p2a: Ferrothorn|72\/100|[from] Stealth Rock\n|-activate|p2a: Ferrothorn|move: Sticky Web\n|-unboost|p2a: Ferrothorn|spe|1\n|\n|-damage|p1a: Ho-Oh|50\/100|[from] Leech Seed|[of] p2a: Ferrothorn\n|-heal|p2a: Ferrothorn|87\/100|[silent]\n|upkeep\n|turn|59\n|\n|t:|1700975919\n|move|p2a: Ferrothorn|Protect|p2a: Ferrothorn\n|-singleturn|p2a: Ferrothorn|Protect\n|move|p1a: Ho-Oh|Roost|p1a: Ho-Oh\n|-heal|p1a: Ho-Oh|100\/100\n|-singleturn|p1a: Ho-Oh|move: Roost\n|\n|-end|p2a: Ferrothorn|move: Future Sight\n|-resisted|p2a: Ferrothorn\n|-damage|p2a: Ferrothorn|75\/100\n|-damage|p1a: Ho-Oh|88\/100|[from] Leech Seed|[of] p2a: Ferrothorn\n|-heal|p2a: Ferrothorn|90\/100|[silent]\n|upkeep\n|turn|60\n|c|\u2606Kuraking|ughhh\n|c|\u2606Kuraking|i wish i had more pokemon\n|\n|t:|1700975942\n|switch|p2a: Toxapex|Toxapex, F|100\/100\n|-damage|p2a: Toxapex|88\/100|[from] Stealth Rock\n|-activate|p2a: Toxapex|move: Sticky Web\n|-unboost|p2a: Toxapex|spe|1\n|move|p1a: Ho-Oh|Future Sight|p2a: Toxapex\n|-start|p1a: Ho-Oh|move: Future Sight\n|\n|-heal|p2a: Toxapex|94\/100|[from] item: Leftovers\n|-damage|p1a: Ho-Oh|75\/100|[from] Leech Seed|[of] p2a: Toxapex\n|-heal|p2a: Toxapex|100\/100|[silent]\n|upkeep\n|turn|61\n|l|\u2606RoachMMM_2012\n|player|p2|\n|j|\u2606RoachMMM_2012\n|player|p2|RoachMMM_2012|170\n|\n|t:|1700976011\n|move|p2a: Toxapex|Sludge Bomb|p1a: Ho-Oh\n|-damage|p1a: Ho-Oh|65\/100\n|-status|p1a: Ho-Oh|psn\n|move|p1a: Ho-Oh|Whirlwind|p2a: Toxapex\n|drag|p2a: Ferrothorn|Ferrothorn, M|90\/100\n|-damage|p2a: Ferrothorn|84\/100|[from] Stealth Rock\n|-activate|p2a: Ferrothorn|move: Sticky Web\n|-unboost|p2a: Ferrothorn|spe|1\n|\n|-damage|p1a: Ho-Oh|53\/100 psn|[from] Leech Seed|[of] p2a: Ferrothorn\n|-heal|p2a: Ferrothorn|99\/100|[silent]\n|-damage|p1a: Ho-Oh|40\/100 psn|[from] psn\n|upkeep\n|turn|62\n|\n|t:|1700976032\n|move|p2a: Ferrothorn|Protect|p2a: Ferrothorn\n|-singleturn|p2a: Ferrothorn|Protect\n|move|p1a: Ho-Oh|Roost|p1a: Ho-Oh\n|-heal|p1a: Ho-Oh|90\/100 psn\n|-singleturn|p1a: Ho-Oh|move: Roost\n|\n|-end|p2a: Ferrothorn|move: Future Sight\n|-resisted|p2a: Ferrothorn\n|-damage|p2a: Ferrothorn|86\/100\n|-damage|p1a: Ho-Oh|78\/100 psn|[from] Leech Seed|[of] p2a: Ferrothorn\n|-heal|p2a: Ferrothorn|100\/100|[silent]\n|-damage|p1a: Ho-Oh|65\/100 psn|[from] psn\n|upkeep\n|turn|63\n|c|\u2606Kuraking|why game\n|\n|t:|1700976065\n|switch|p2a: Skeledirge|Skeledirge, M|100\/100\n|move|p1a: Ho-Oh|Whirlwind|p2a: Skeledirge\n|drag|p2a: Toxapex|Toxapex, F|100\/100\n|-damage|p2a: Toxapex|88\/100|[from] Stealth Rock\n|-activate|p2a: Toxapex|move: Sticky Web\n|-unboost|p2a: Toxapex|spe|1\n|\n|-heal|p2a: Toxapex|94\/100|[from] item: Leftovers\n|-damage|p1a: Ho-Oh|53\/100 psn|[from] Leech Seed|[of] p2a: Toxapex\n|-heal|p2a: Toxapex|100\/100|[silent]\n|-damage|p1a: Ho-Oh|40\/100 psn|[from] psn\n|upkeep\n|turn|64\n|\n|t:|1700976104\n|move|p1a: Ho-Oh|Future Sight|p2a: Toxapex\n|-start|p1a: Ho-Oh|move: Future Sight\n|move|p2a: Toxapex|Scald|p1a: Ho-Oh\n|-supereffective|p1a: Ho-Oh\n|-damage|p1a: Ho-Oh|23\/100 psn\n|\n|-damage|p1a: Ho-Oh|10\/100 psn|[from] Leech Seed|[of] p2a: Toxapex\n|-damage|p1a: Ho-Oh|0 fnt|[from] psn\n|faint|p1a: Ho-Oh\n|\n|win|RoachMMM_2012\n|upkeep\n|raw|Kuraking's rating: 1168 &rarr; <strong>1132<\/strong><br \/>(-36 for losing)\n|raw|RoachMMM_2012's rating: 1000 &rarr; <strong>1058<\/strong><br \/>(+58 for winning)\n|l|\u2606Kuraking\n|j| miradon fan69\n","uploadtime":1700976137,"views":4,"p1id":"kuraking","p2id":"roachmmm2012","formatid":"gen9nationaldexubers","rating":1058,"private":0,"password":""}