{"id":"gen9nationaldexubers-1996292322","p1":"AlastorTheOverlord","p2":"elpepealvarado","format":"[Gen 9] National Dex Ubers","log":"|j|\u2606AlastorTheOverlord\n|j|\u2606elpepealvarado\n|t:|1700668195\n|gametype|singles\n|player|p1|AlastorTheOverlord|n|\n|player|p2|elpepealvarado|ghetsis|\n|teamsize|p1|6\n|teamsize|p2|6\n|gen|9\n|tier|[Gen 9] National Dex Ubers\n|rule|HP Percentage Mod: HP is shown in percentages\n|rule|Endless Battle Clause: Forcing endless battles is banned\n|rule|OHKO Clause: OHKO moves are banned\n|rule|Evasion Moves Clause: Evasion moves are banned\n|rule|Evasion Items Clause: Evasion items are banned\n|rule|Species Clause: Limit one of each Pok\u00e9mon\n|rule|Sleep Clause Mod: Limit one foe put to sleep\n|rule|Mega Rayquaza Clause: You cannot mega evolve Rayquaza\n|clearpoke\n|poke|p1|Blastoise, M|\n|poke|p1|Galvantula, M|\n|poke|p1|Garganacl, M|\n|poke|p1|Scream Tail|\n|poke|p1|Dracovish|\n|poke|p1|Yveltal|\n|poke|p2|Charizard, M|\n|poke|p2|Ferrothorn, M|\n|poke|p2|Hoopa-Unbound|\n|poke|p2|Greninja-*, M|\n|poke|p2|Clodsire, M|\n|poke|p2|Hatterene, F|\n|teampreview\n|inactive|Battle timer is ON: inactive players will automatically lose when time's up. (requested by AlastorTheOverlord)\n|j| RedFRLG2004\n|\n|t:|1700668207\n|start\n|switch|p1a: Elektrotula|Galvantula, M, shiny|100\/100\n|switch|p2a: Charizard|Charizard, M|100\/100\n|turn|1\n|\n|t:|1700668220\n|move|p1a: Elektrotula|Sticky Web|p2a: Charizard\n|-sidestart|p2: elpepealvarado|move: Sticky Web\n|move|p2a: Charizard|Outrage|p1a: Elektrotula\n|-damage|p1a: Elektrotula|48\/100\n|\n|upkeep\n|turn|2\n|l| RedFRLG2004\n|\n|t:|1700668233\n|move|p1a: Elektrotula|Thunder|p2a: Charizard\n|-supereffective|p2a: Charizard\n|-damage|p2a: Charizard|0 fnt\n|faint|p2a: Charizard\n|\n|upkeep\n|\n|t:|1700668240\n|switch|p2a: Clodsire|Clodsire, M|100\/100\n|-activate|p2a: Clodsire|move: Sticky Web\n|-unboost|p2a: Clodsire|spe|1\n|turn|3\n|\n|t:|1700668254\n|switch|p1a: El Weon Salao|Garganacl, M, shiny|100\/100\n|move|p2a: Clodsire|Earthquake|p1a: El Weon Salao\n|-supereffective|p1a: El Weon Salao\n|-damage|p1a: El Weon Salao|70\/100\n|\n|-heal|p1a: El Weon Salao|76\/100|[from] item: Leftovers\n|upkeep\n|turn|4\n|j| RedFRLG2004\n|\n|t:|1700668269\n|switch|p2a: Hoopa|Hoopa-Unbound|100\/100\n|-activate|p2a: Hoopa|move: Sticky Web\n|-unboost|p2a: Hoopa|spe|1\n|move|p1a: El Weon Salao|Salt Cure|p2a: Hoopa\n|-damage|p2a: Hoopa|78\/100\n|-start|p2a: Hoopa|Salt Cure\n|\n|-heal|p1a: El Weon Salao|82\/100|[from] item: Leftovers\n|-damage|p2a: Hoopa|65\/100|[from] Salt Cure\n|upkeep\n|turn|5\n|\n|t:|1700668280\n|move|p2a: Hoopa|Energy Ball|p1a: El Weon Salao\n|-supereffective|p1a: El Weon Salao\n|-damage|p1a: El Weon Salao|15\/100\n|move|p1a: El Weon Salao|Iron Defense|p1a: El Weon Salao\n|-boost|p1a: El Weon Salao|def|2\n|\n|-heal|p1a: El Weon Salao|22\/100|[from] item: Leftovers\n|-damage|p2a: Hoopa|53\/100|[from] Salt Cure\n|upkeep\n|turn|6\n|\n|t:|1700668291\n|switch|p1a: Elektrotula|Galvantula, M, shiny|48\/100\n|move|p2a: Hoopa|Energy Ball|p1a: Elektrotula\n|-resisted|p1a: Elektrotula\n|-damage|p1a: Elektrotula|13\/100\n|\n|-damage|p2a: Hoopa|41\/100|[from] Salt Cure\n|upkeep\n|turn|7\n|\n|t:|1700668300\n|-terastallize|p2a: Hoopa|Psychic\n|move|p1a: Elektrotula|Thunder|p2a: Hoopa\n|-damage|p2a: Hoopa|0 fnt\n|faint|p2a: Hoopa\n|\n|upkeep\n|\n|t:|1700668309\n|switch|p2a: Greninja|Greninja, M|100\/100\n|-activate|p2a: Greninja|move: Sticky Web\n|-unboost|p2a: Greninja|spe|1\n|turn|8\n|\n|t:|1700668314\n|move|p1a: Elektrotula|Thunder|p2a: Greninja\n|-supereffective|p2a: Greninja\n|-damage|p2a: Greninja|0 fnt\n|faint|p2a: Greninja\n|\n|upkeep\n|\n|t:|1700668321\n|switch|p2a: Ferrothorn|Ferrothorn, M|100\/100\n|-activate|p2a: Ferrothorn|move: Sticky Web\n|-unboost|p2a: Ferrothorn|spe|1\n|turn|9\n|\n|t:|1700668330\n|move|p1a: Elektrotula|Thunder|p2a: Ferrothorn\n|-resisted|p2a: Ferrothorn\n|-damage|p2a: Ferrothorn|79\/100\n|move|p2a: Ferrothorn|Leech Seed|p1a: Elektrotula\n|-start|p1a: Elektrotula|move: Leech Seed\n|\n|-damage|p1a: Elektrotula|1\/100|[from] Leech Seed|[of] p2a: Ferrothorn\n|-heal|p2a: Ferrothorn|89\/100|[silent]\n|upkeep\n|turn|10\n|\n|t:|1700668341\n|move|p1a: Elektrotula|Thunder|p2a: Ferrothorn\n|-resisted|p2a: Ferrothorn\n|-damage|p2a: Ferrothorn|70\/100\n|-status|p2a: Ferrothorn|par\n|move|p2a: Ferrothorn|Spikes|p1a: Elektrotula\n|-sidestart|p1: AlastorTheOverlord|Spikes\n|\n|-damage|p1a: Elektrotula|0 fnt|[from] Leech Seed|[of] p2a: Ferrothorn\n|-heal|p2a: Ferrothorn|71\/100 par|[silent]\n|faint|p1a: Elektrotula\n|upkeep\n|\n|t:|1700668348\n|switch|p1a: Black Eagle|Yveltal|100\/100\n|-ability|p1a: Black Eagle|Dark Aura\n|turn|11\n|\n|t:|1700668364\n|move|p1a: Black Eagle|Sucker Punch||[still]\n|-fail|p1a: Black Eagle\n|move|p2a: Ferrothorn|Stealth Rock|p1a: Black Eagle\n|-sidestart|p1: AlastorTheOverlord|move: Stealth Rock\n|\n|upkeep\n|turn|12\n|l|\u2606elpepealvarado\n|inactive|elpepealvarado disconnected and has 300 seconds to reconnect!\n|player|p2|\n|inactive|elpepealvarado has 270 seconds to reconnect!\n|j|\u2606elpepealvarado\n|inactive|elpepealvarado reconnected and has 285 seconds left.\n|player|p2|elpepealvarado|ghetsis\n|\n|t:|1700668422\n|move|p1a: Black Eagle|Dual Wingbeat|p2a: Ferrothorn\n|-damage|p2a: Ferrothorn|53\/100 par\n|-damage|p1a: Black Eagle|88\/100|[from] ability: Iron Barbs|[of] p2a: Ferrothorn\n|-damage|p1a: Black Eagle|72\/100|[from] item: Rocky Helmet|[of] p2a: Ferrothorn\n|-damage|p2a: Ferrothorn|36\/100 par\n|-damage|p1a: Black Eagle|59\/100|[from] ability: Iron Barbs|[of] p2a: Ferrothorn\n|-damage|p1a: Black Eagle|43\/100|[from] item: Rocky Helmet|[of] p2a: Ferrothorn\n|-hitcount|p2a: Ferrothorn|2\n|-damage|p1a: Black Eagle|33\/100|[from] item: Life Orb\n|cant|p2a: Ferrothorn|par\n|\n|upkeep\n|turn|13\n|c| RedFRLG2004|Que we\u00e1 hermano\n|\n|t:|1700668429\n|switch|p2a: Hatterene|Hatterene, F|100\/100\n|-activate|p2a: Hatterene|move: Sticky Web\n|-unboost|p2a: Hatterene|spe|1\n|move|p1a: Black Eagle|Sucker Punch||[still]\n|-fail|p1a: Black Eagle\n|\n|upkeep\n|turn|14\n|\n|t:|1700668437\n|move|p1a: Black Eagle|Sucker Punch|p2a: Hatterene\n|-damage|p2a: Hatterene|27\/100\n|-damage|p1a: Black Eagle|23\/100|[from] item: Life Orb\n|move|p2a: Hatterene|Psyshock|p1a: Black Eagle\n|-immune|p1a: Black Eagle\n|\n|-heal|p2a: Hatterene|33\/100|[from] item: Leftovers\n|upkeep\n|turn|15\n|\n|t:|1700668446\n|move|p1a: Black Eagle|Sucker Punch||[still]\n|-fail|p1a: Black Eagle\n|move|p2a: Hatterene|Calm Mind|p2a: Hatterene\n|-boost|p2a: Hatterene|spa|1\n|-boost|p2a: Hatterene|spd|1\n|\n|-heal|p2a: Hatterene|39\/100|[from] item: Leftovers\n|upkeep\n|turn|16\n|\n|t:|1700668453\n|move|p1a: Black Eagle|U-turn|p2a: Hatterene\n|-damage|p2a: Hatterene|0 fnt\n|faint|p2a: Hatterene\n|-damage|p1a: Black Eagle|13\/100|[from] item: Life Orb\n|\n|t:|1700668462\n|switch|p1a: Grito de Borracho|Dracovish|100\/100|[from] U-turn\n|-damage|p1a: Grito de Borracho|88\/100|[from] Spikes\n|-damage|p1a: Grito de Borracho|76\/100|[from] Stealth Rock\n|\n|upkeep\n|\n|t:|1700668465\n|switch|p2a: Ferrothorn|Ferrothorn, M|36\/100 par\n|-activate|p2a: Ferrothorn|move: Sticky Web\n|-unboost|p2a: Ferrothorn|spe|1\n|turn|17\n|\n|t:|1700668475\n|move|p1a: Grito de Borracho|Fishious Rend|p2a: Ferrothorn\n|-resisted|p2a: Ferrothorn\n|-damage|p2a: Ferrothorn|5\/100 par\n|-damage|p1a: Grito de Borracho|63\/100|[from] ability: Iron Barbs|[of] p2a: Ferrothorn\n|-damage|p1a: Grito de Borracho|47\/100|[from] item: Rocky Helmet|[of] p2a: Ferrothorn\n|cant|p2a: Ferrothorn|par\n|\n|upkeep\n|turn|18\n|\n|t:|1700668493\n|move|p1a: Grito de Borracho|Fishious Rend|p2a: Ferrothorn\n|-resisted|p2a: Ferrothorn\n|-damage|p2a: Ferrothorn|0 fnt\n|-damage|p1a: Grito de Borracho|34\/100|[from] ability: Iron Barbs|[of] p2a: Ferrothorn\n|-damage|p1a: Grito de Borracho|18\/100|[from] item: Rocky Helmet|[of] p2a: Ferrothorn\n|faint|p2a: Ferrothorn\n|\n|upkeep\n|\n|t:|1700668507\n|switch|p2a: Clodsire|Clodsire, M|100\/100\n|-activate|p2a: Clodsire|move: Sticky Web\n|-unboost|p2a: Clodsire|spe|1\n|turn|19\n|\n|t:|1700668517\n|move|p1a: Grito de Borracho|Fishious Rend|p2a: Clodsire\n|-supereffective|p2a: Clodsire\n|-damage|p2a: Clodsire|0 fnt\n|faint|p2a: Clodsire\n|\n|win|AlastorTheOverlord\n","uploadtime":1700668524,"views":1,"p1id":"alastortheoverlord","p2id":"elpepealvarado","formatid":"gen9nationaldexubers","rating":0,"private":0,"password":""}