{"id":"gen9nationaldexubers-1992340824","p1":"dracomafon","p2":"Kingnedo","format":"[Gen 9] National Dex Ubers","log":"|j|\u2606dracomafon\n|j|\u2606Kingnedo\n|t:|1700176492\n|gametype|singles\n|player|p1|dracomafon|benga|1148\n|player|p2|Kingnedo|n|1187\n|teamsize|p1|6\n|teamsize|p2|6\n|gen|9\n|tier|[Gen 9] National Dex Ubers\n|rated|\n|rule|HP Percentage Mod: HP is shown in percentages\n|rule|Endless Battle Clause: Forcing endless battles is banned\n|rule|OHKO Clause: OHKO moves are banned\n|rule|Evasion Moves Clause: Evasion moves are banned\n|rule|Evasion Items Clause: Evasion items are banned\n|rule|Species Clause: Limit one of each Pok\u00e9mon\n|rule|Sleep Clause Mod: Limit one foe put to sleep\n|rule|Mega Rayquaza Clause: You cannot mega evolve Rayquaza\n|clearpoke\n|poke|p1|Groudon|\n|poke|p1|Xerneas-*|\n|poke|p1|Kyogre|\n|poke|p1|Jirachi|\n|poke|p1|Blaziken, M|\n|poke|p1|Sneasler, F|\n|poke|p2|Sableye, F|\n|poke|p2|Arcanine, M|\n|poke|p2|Slowbro, F|\n|poke|p2|Salamence, M|\n|poke|p2|Volcarona, F|\n|poke|p2|Gliscor, M|\n|teampreview\n|c|\u2606dracomafon|hi!\n|c|\u2606Kingnedo|hi\n|\n|t:|1700176500\n|start\n|switch|p1a: good lord why|Sneasler, F|100\/100\n|switch|p2a: Volcarona|Volcarona, F|100\/100\n|turn|1\n|\n|t:|1700176519\n|move|p1a: good lord why|Dire Claw|p2a: Volcarona\n|-damage|p2a: Volcarona|33\/100\n|-status|p2a: Volcarona|psn\n|move|p2a: Volcarona|Quiver Dance|p2a: Volcarona\n|-boost|p2a: Volcarona|spa|1\n|-boost|p2a: Volcarona|spd|1\n|-boost|p2a: Volcarona|spe|1\n|\n|-damage|p2a: Volcarona|21\/100 psn|[from] psn\n|upkeep\n|turn|2\n|c|\u2606dracomafon|funneh dire claw\n|\n|t:|1700176536\n|move|p2a: Volcarona|Fiery Dance|p1a: good lord why\n|-damage|p1a: good lord why|3\/100\n|move|p1a: good lord why|Dire Claw|p2a: Volcarona\n|-damage|p2a: Volcarona|0 fnt\n|faint|p2a: Volcarona\n|\n|upkeep\n|c|\u2606dracomafon|OW\n|c|\u2606Kingnedo|sneasler hurts\n|c|\u2606dracomafon|aw man no unburden\n|\n|t:|1700176551\n|switch|p2a: Arcanine|Arcanine, M|100\/100\n|-ability|p2a: Arcanine|Intimidate|boost\n|-unboost|p1a: good lord why|atk|1\n|turn|3\n|c|\u2606dracomafon|i was hoping for almost kill\n|\n|t:|1700176567\n|move|p1a: good lord why|Dire Claw|p2a: Arcanine\n|-damage|p2a: Arcanine|65\/100\n|-damage|p1a: good lord why|0 fnt|[from] item: Rocky Helmet|[of] p2a: Arcanine\n|faint|p1a: good lord why\n|move|p2a: Arcanine|Will-O-Wisp|p1: good lord why|[notarget]\n|-fail|p2a: Arcanine\n|\n|upkeep\n|c|\u2606dracomafon|NO STATUS EFFECT\n|c|\u2606Kingnedo|god bless\n|c|\u2606dracomafon|R.I.P sneasler\n|\n|t:|1700176591\n|switch|p1a: Narmangander|Kyogre|100\/100\n|detailschange|p1a: Narmangander|Kyogre-Primal\n|-primal|p1a: Narmangander|Blue Orb\n|-weather|PrimordialSea|[from] ability: Primordial Sea|[of] p1a: Narmangander\n|turn|4\n|c|\u2606Kingnedo|this is where i lose\n|c|\u2606dracomafon|NARMANGANDER SHALL AVENGE HIS FALLEN SISTER\n|\n|t:|1700176619\n|move|p2a: Arcanine|Will-O-Wisp|p1a: Narmangander\n|-status|p1a: Narmangander|brn\n|move|p1a: Narmangander|Scald|p2a: Arcanine\n|-supereffective|p2a: Arcanine\n|-damage|p2a: Arcanine|0 fnt\n|faint|p2a: Arcanine\n|\n|-weather|PrimordialSea|[upkeep]\n|-damage|p1a: Narmangander|94\/100 brn|[from] brn\n|upkeep\n|c|\u2606Kingnedo|10 fold\n|\n|t:|1700176629\n|switch|p2a: Slowbro|Slowbro, F|100\/100\n|turn|5\n|c|\u2606dracomafon|you know this is why i wish i brough thunder bolt\n|\n|t:|1700176649\n|move|p1a: Narmangander|Ice Beam|p2a: Slowbro\n|-resisted|p2a: Slowbro\n|-damage|p2a: Slowbro|77\/100\n|move|p2a: Slowbro|Calm Mind|p2a: Slowbro\n|-boost|p2a: Slowbro|spa|1\n|-boost|p2a: Slowbro|spd|1\n|\n|-weather|PrimordialSea|[upkeep]\n|-heal|p2a: Slowbro|83\/100|[from] item: Leftovers\n|-damage|p1a: Narmangander|88\/100 brn|[from] brn\n|upkeep\n|turn|6\n|c|\u2606Kingnedo|im glad\n|c|\u2606Kingnedo|you didnt\n|c|\u2606dracomafon|I GOT NOTHING ON THE FRICKIN SLOWBROS\n|\n|t:|1700176659\n|move|p1a: Narmangander|Calm Mind|p1a: Narmangander\n|-boost|p1a: Narmangander|spa|1\n|-boost|p1a: Narmangander|spd|1\n|move|p2a: Slowbro|Calm Mind|p2a: Slowbro\n|-boost|p2a: Slowbro|spa|1\n|-boost|p2a: Slowbro|spd|1\n|\n|-weather|PrimordialSea|[upkeep]\n|-heal|p2a: Slowbro|90\/100|[from] item: Leftovers\n|-damage|p1a: Narmangander|82\/100 brn|[from] brn\n|upkeep\n|turn|7\n|\n|t:|1700176667\n|move|p1a: Narmangander|Calm Mind|p1a: Narmangander\n|-boost|p1a: Narmangander|spa|1\n|-boost|p1a: Narmangander|spd|1\n|move|p2a: Slowbro|Calm Mind|p2a: Slowbro\n|-boost|p2a: Slowbro|spa|1\n|-boost|p2a: Slowbro|spd|1\n|\n|-weather|PrimordialSea|[upkeep]\n|-heal|p2a: Slowbro|96\/100|[from] item: Leftovers\n|-damage|p1a: Narmangander|76\/100 brn|[from] brn\n|upkeep\n|turn|8\n|c|\u2606Kingnedo|calm mind game i see\n|\n|t:|1700176676\n|move|p1a: Narmangander|Calm Mind|p1a: Narmangander\n|-boost|p1a: Narmangander|spa|1\n|-boost|p1a: Narmangander|spd|1\n|move|p2a: Slowbro|Calm Mind|p2a: Slowbro\n|-boost|p2a: Slowbro|spa|1\n|-boost|p2a: Slowbro|spd|1\n|\n|-weather|PrimordialSea|[upkeep]\n|-heal|p2a: Slowbro|100\/100|[from] item: Leftovers\n|-damage|p1a: Narmangander|70\/100 brn|[from] brn\n|upkeep\n|turn|9\n|c|\u2606dracomafon|might aswell\n|\n|t:|1700176687\n|move|p1a: Narmangander|Calm Mind|p1a: Narmangander\n|-boost|p1a: Narmangander|spa|1\n|-boost|p1a: Narmangander|spd|1\n|move|p2a: Slowbro|Calm Mind|p2a: Slowbro\n|-boost|p2a: Slowbro|spa|1\n|-boost|p2a: Slowbro|spd|1\n|\n|-weather|PrimordialSea|[upkeep]\n|-damage|p1a: Narmangander|64\/100 brn|[from] brn\n|upkeep\n|turn|10\n|\n|t:|1700176697\n|move|p1a: Narmangander|Calm Mind|p1a: Narmangander\n|-boost|p1a: Narmangander|spa|1\n|-boost|p1a: Narmangander|spd|1\n|move|p2a: Slowbro|Calm Mind|p2a: Slowbro\n|-boost|p2a: Slowbro|spa|1\n|-boost|p2a: Slowbro|spd|1\n|\n|-weather|PrimordialSea|[upkeep]\n|-damage|p1a: Narmangander|57\/100 brn|[from] brn\n|upkeep\n|turn|11\n|c|\u2606Kingnedo|this is where boys become men\n|\n|t:|1700176705\n|move|p1a: Narmangander|Calm Mind|p1a: Narmangander\n|-boost|p1a: Narmangander|spa|1\n|-boost|p1a: Narmangander|spd|1\n|move|p2a: Slowbro|Psychic|p1a: Narmangander\n|-damage|p1a: Narmangander|41\/100 brn\n|-unboost|p1a: Narmangander|spd|1\n|\n|-weather|PrimordialSea|[upkeep]\n|-damage|p1a: Narmangander|35\/100 brn|[from] brn\n|upkeep\n|turn|12\n|c|\u2606Kingnedo|who will crit first\n|c|\u2606dracomafon|whoever wins GOES CRAZY ON THE OTHERS TEAM\n|\n|t:|1700176724\n|move|p1a: Narmangander|Origin Pulse|p2a: Slowbro\n|-resisted|p2a: Slowbro\n|-damage|p2a: Slowbro|32\/100\n|move|p2a: Slowbro|Psychic|p1a: Narmangander\n|-damage|p1a: Narmangander|16\/100 brn\n|\n|-weather|PrimordialSea|[upkeep]\n|-heal|p2a: Slowbro|39\/100|[from] item: Leftovers\n|-damage|p1a: Narmangander|10\/100 brn|[from] brn\n|upkeep\n|turn|13\n|c|\u2606Kingnedo|oh f\n|c|\u2606dracomafon|DIE DIE DIE\n|\n|t:|1700176737\n|move|p1a: Narmangander|Origin Pulse|p2a: Slowbro\n|-resisted|p2a: Slowbro\n|-damage|p2a: Slowbro|0 fnt\n|faint|p2a: Slowbro\n|\n|-weather|PrimordialSea|[upkeep]\n|-damage|p1a: Narmangander|3\/100 brn|[from] brn\n|upkeep\n|c|\u2606dracomafon|aw man its a trade off aint it\n|c|\u2606Kingnedo|NO\\\n|\n|t:|1700176745\n|switch|p2a: Sableye|Sableye, F|100\/100\n|turn|14\n|c|\u2606Kingnedo|sableye will never die\n|c|\u2606Kingnedo|be warned\n|c|\u2606dracomafon|speed tie?\n|\n|t:|1700176757\n|move|p2a: Sableye|Substitute|p2a: Sableye\n|-start|p2a: Sableye|Substitute\n|-damage|p2a: Sableye|76\/100\n|move|p1a: Narmangander|Origin Pulse|p2a: Sableye|[miss]\n|-miss|p1a: Narmangander|p2a: Sableye\n|\n|-weather|PrimordialSea|[upkeep]\n|-heal|p2a: Sableye|82\/100|[from] item: Leftovers\n|-damage|p1a: Narmangander|0 fnt|[from] brn\n|faint|p1a: Narmangander\n|-weather|none\n|upkeep\n|c|\u2606Kingnedo|:3\n|c|\u2606dracomafon|bruh\n|c|\u2606Kingnedo|LOL\n|\n|t:|1700176769\n|switch|p1a: Flamebringer|Blaziken, M, shiny|100\/100\n|turn|15\n|\n|t:|1700176774\n|move|p2a: Sableye|Toxic|p1a: Flamebringer\n|-status|p1a: Flamebringer|tox\n|move|p1a: Flamebringer|Swords Dance|p1a: Flamebringer\n|-boost|p1a: Flamebringer|atk|2\n|\n|-heal|p2a: Sableye|88\/100|[from] item: Leftovers\n|-damage|p1a: Flamebringer|95\/100 tox|[from] psn\n|-ability|p1a: Flamebringer|Speed Boost|boost\n|-boost|p1a: Flamebringer|spe|1\n|upkeep\n|turn|16\n|c|\u2606dracomafon|cant even take out the sub\n|\n|t:|1700176784\n|move|p1a: Flamebringer|Blaze Kick|p2a: Sableye\n|-end|p2a: Sableye|Substitute\n|move|p2a: Sableye|Dark Pulse|p1a: Flamebringer\n|-resisted|p1a: Flamebringer\n|-damage|p1a: Flamebringer|79\/100 tox\n|\n|-heal|p2a: Sableye|94\/100|[from] item: Leftovers\n|-damage|p1a: Flamebringer|67\/100 tox|[from] psn\n|-ability|p1a: Flamebringer|Speed Boost|boost\n|-boost|p1a: Flamebringer|spe|1\n|upkeep\n|turn|17\n|\n|t:|1700176794\n|move|p2a: Sableye|Substitute|p2a: Sableye\n|-start|p2a: Sableye|Substitute\n|-damage|p2a: Sableye|69\/100\n|move|p1a: Flamebringer|Blaze Kick|p2a: Sableye\n|-end|p2a: Sableye|Substitute\n|\n|-heal|p2a: Sableye|75\/100|[from] item: Leftovers\n|-damage|p1a: Flamebringer|49\/100 tox|[from] psn\n|-ability|p1a: Flamebringer|Speed Boost|boost\n|-boost|p1a: Flamebringer|spe|1\n|upkeep\n|turn|18\n|c|\u2606dracomafon|WHY WONT YOU DIE\n|\n|t:|1700176803\n|move|p2a: Sableye|Recover|p2a: Sableye\n|-heal|p2a: Sableye|100\/100\n|move|p1a: Flamebringer|Blaze Kick|p2a: Sableye\n|-damage|p2a: Sableye|0 fnt\n|faint|p2a: Sableye\n|\n|-damage|p1a: Flamebringer|25\/100 tox|[from] psn\n|-ability|p1a: Flamebringer|Speed Boost|boost\n|-boost|p1a: Flamebringer|spe|1\n|upkeep\n|c|\u2606dracomafon|DIE DIE DIE DIE DIE\n|c|\u2606Kingnedo|o\n|c|\u2606Kingnedo|should of subbed\n|c|\u2606dracomafon|les go\n|c|\u2606Kingnedo|LOL\n|\n|t:|1700176814\n|switch|p2a: Gliscor|Gliscor, M|100\/100\n|turn|19\n|c|\u2606dracomafon|OH NO\n|\n|t:|1700176825\n|move|p1a: Flamebringer|Close Combat|p2a: Gliscor\n|-resisted|p2a: Gliscor\n|-damage|p2a: Gliscor|47\/100\n|-unboost|p1a: Flamebringer|def|1\n|-unboost|p1a: Flamebringer|spd|1\n|move|p2a: Gliscor|Earthquake|p1a: Flamebringer\n|-supereffective|p1a: Flamebringer\n|-damage|p1a: Flamebringer|0 fnt\n|faint|p1a: Flamebringer\n|\n|-status|p2a: Gliscor|tox|[from] item: Toxic Orb\n|upkeep\n|c|\u2606dracomafon|AW FLIP\n|c|\u2606Kingnedo|i think\n|c|\u2606Kingnedo|i die to that big deer\n|\n|t:|1700176842\n|switch|p1a: Nartangander|Groudon, shiny|100\/100\n|detailschange|p1a: Nartangander|Groudon-Primal, shiny\n|-primal|p1a: Nartangander|Red Orb\n|-weather|DesolateLand|[from] ability: Desolate Land|[of] p1a: Nartangander\n|turn|20\n|c|\u2606Kingnedo|of yours\n|c|\u2606dracomafon|BOI YOU BETTA GET DAT OUTTA HERE\n|\n|t:|1700176860\n|move|p2a: Gliscor|Earthquake|p1a: Nartangander\n|-supereffective|p1a: Nartangander\n|-damage|p1a: Nartangander|37\/100\n|move|p1a: Nartangander|Iron Head|p2a: Gliscor\n|-damage|p2a: Gliscor|18\/100 tox\n|\n|-weather|DesolateLand|[upkeep]\n|-heal|p2a: Gliscor|30\/100 tox|[from] ability: Poison Heal\n|upkeep\n|turn|21\n|c|\u2606Kingnedo|o\n|\n|t:|1700176871\n|move|p2a: Gliscor|Roost|p2a: Gliscor\n|-heal|p2a: Gliscor|80\/100 tox\n|-singleturn|p2a: Gliscor|move: Roost\n|move|p1a: Nartangander|Iron Head|p2a: Gliscor\n|-damage|p2a: Gliscor|48\/100 tox\n|\n|-weather|DesolateLand|[upkeep]\n|-heal|p2a: Gliscor|60\/100 tox|[from] ability: Poison Heal\n|upkeep\n|turn|22\n|c|\u2606dracomafon|DIE DIE DIE DIE DIE DIE DIE DIE DIE DIE DIE\n|c|\u2606Kingnedo|Never\n|c|\u2606Kingnedo|!!!\n|\n|t:|1700176883\n|move|p2a: Gliscor|Earthquake|p1a: Nartangander\n|-supereffective|p1a: Nartangander\n|-damage|p1a: Nartangander|0 fnt\n|faint|p1a: Nartangander\n|-weather|none\n|\n|-heal|p2a: Gliscor|73\/100 tox|[from] ability: Poison Heal\n|upkeep\n|c|\u2606dracomafon|WHY WONT YOU DIE?\n|\n|t:|1700176891\n|switch|p1a: Wishy|Jirachi|100\/100\n|turn|23\n|\n|t:|1700176902\n|move|p1a: Wishy|Iron Head|p2a: Gliscor\n|-damage|p2a: Gliscor|44\/100 tox\n|cant|p2a: Gliscor|flinch\n|\n|-heal|p2a: Gliscor|57\/100 tox|[from] ability: Poison Heal\n|upkeep\n|turn|24\n|c|\u2606Kingnedo|NO\n|c|\u2606dracomafon|LES GO\n|\n|t:|1700176909\n|move|p1a: Wishy|Iron Head|p2a: Gliscor\n|-damage|p2a: Gliscor|29\/100 tox\n|move|p2a: Gliscor|Roost|p2a: Gliscor\n|-heal|p2a: Gliscor|79\/100 tox\n|-singleturn|p2a: Gliscor|move: Roost\n|\n|-heal|p2a: Gliscor|91\/100 tox|[from] ability: Poison Heal\n|upkeep\n|turn|25\n|c|\u2606dracomafon|SERENE GRACE UNFAIR\n|\n|t:|1700176917\n|move|p1a: Wishy|Iron Head|p2a: Gliscor\n|-damage|p2a: Gliscor|61\/100 tox\n|cant|p2a: Gliscor|flinch\n|\n|-heal|p2a: Gliscor|74\/100 tox|[from] ability: Poison Heal\n|upkeep\n|turn|26\n|c|\u2606dracomafon|or nor\n|c|\u2606Kingnedo|oh god\n|\n|t:|1700176923\n|move|p1a: Wishy|Iron Head|p2a: Gliscor\n|-damage|p2a: Gliscor|45\/100 tox\n|cant|p2a: Gliscor|flinch\n|\n|-heal|p2a: Gliscor|58\/100 tox|[from] ability: Poison Heal\n|upkeep\n|turn|27\n|c|\u2606Kingnedo|or nor cleor\n|c|\u2606dracomafon|COME ONNN\n|\n|t:|1700176930\n|move|p1a: Wishy|Iron Head|p2a: Gliscor\n|-damage|p2a: Gliscor|31\/100 tox\n|move|p2a: Gliscor|Roost|p2a: Gliscor\n|-heal|p2a: Gliscor|81\/100 tox\n|-singleturn|p2a: Gliscor|move: Roost\n|\n|-heal|p2a: Gliscor|93\/100 tox|[from] ability: Poison Heal\n|upkeep\n|turn|28\n|c|\u2606dracomafon|U CAN DO IT WISH\n|c|\u2606dracomafon|oh we back to square 1\n|\n|t:|1700176942\n|move|p1a: Wishy|Iron Head|p2a: Gliscor\n|-damage|p2a: Gliscor|64\/100 tox\n|move|p2a: Gliscor|Knock Off|p1a: Wishy\n|-supereffective|p1a: Wishy\n|-damage|p1a: Wishy|43\/100\n|-enditem|p1a: Wishy|Leftovers|[from] move: Knock Off|[of] p2a: Gliscor\n|\n|-heal|p2a: Gliscor|76\/100 tox|[from] ability: Poison Heal\n|upkeep\n|turn|29\n|c|\u2606dracomafon|COME ON JUST DIE\n|c|\u2606dracomafon|....\n|c|\u2606Kingnedo|...\n|\n|t:|1700176952\n|move|p1a: Wishy|Iron Head|p2a: Gliscor\n|-damage|p2a: Gliscor|49\/100 tox\n|move|p2a: Gliscor|Earthquake|p1a: Wishy\n|-supereffective|p1a: Wishy\n|-damage|p1a: Wishy|0 fnt\n|faint|p1a: Wishy\n|\n|-heal|p2a: Gliscor|61\/100 tox|[from] ability: Poison Heal\n|upkeep\n|c|\u2606dracomafon|COME ONNN\n|c|\u2606dracomafon|NOOOOO\n|c|\u2606Kingnedo|YAY\n|\n|t:|1700176961\n|switch|p1a: Tarmangander|Xerneas|100\/100\n|-ability|p1a: Tarmangander|Fairy Aura\n|turn|30\n|c|\u2606Kingnedo|now big deer kills me\n|c|\u2606Kingnedo|watch\n|c|\u2606dracomafon|DANG IT\n|c|\u2606dracomafon|TARMANGANDER\n|\n|t:|1700176974\n|-terastallize|p2a: Gliscor|Ground\n|move|p1a: Tarmangander|Moonblast|p2a: Gliscor\n|-damage|p2a: Gliscor|0 fnt\n|faint|p2a: Gliscor\n|\n|upkeep\n|c|\u2606dracomafon|MOONBLAST!\n|c|\u2606Kingnedo|OW\n|c|\u2606Kingnedo|is that\n|c|\u2606Kingnedo|specs\n|c|\u2606Kingnedo|if so imma cry\n|c|\u2606dracomafon|AVENGE YOUR FALEN BROTHERS AND SISTERS\n|\n|t:|1700176990\n|switch|p2a: Salamence|Salamence, M|100\/100\n|turn|31\n|c|\u2606dracomafon|(no its power herb)\n|\n|t:|1700176995\n|move|p2a: Salamence|Dual Wingbeat|p1a: Tarmangander\n|-damage|p1a: Tarmangander|78\/100\n|-damage|p1a: Tarmangander|57\/100\n|-hitcount|p1a: Tarmangander|2\n|move|p1a: Tarmangander|Moonblast|p2a: Salamence\n|-supereffective|p2a: Salamence\n|-damage|p2a: Salamence|0 fnt\n|faint|p2a: Salamence\n|\n|win|dracomafon\n|raw|dracomafon's rating: 1148 &rarr; <strong>1176<\/strong><br \/>(+28 for winning)\n|raw|Kingnedo's rating: 1187 &rarr; <strong>1159<\/strong><br \/>(-28 for losing)\n","uploadtime":1700176808,"views":8,"p1id":"dracomafon","p2id":"kingnedo","formatid":"gen9nationaldexubers","rating":1159,"private":0,"password":""}