{"id":"gen9nationaldexubers-1988817440","p1":"AlolanSandslashOU","p2":"Aroma Nobody","format":"[Gen 9] National Dex Ubers","log":"|j|\u2606AlolanSandslashOU\n|j|\u2606Aroma Nobody\n|t:|1699767582\n|gametype|singles\n|player|p1|AlolanSandslashOU|volkner|\n|player|p2|Aroma Nobody|turo-ai|\n|teamsize|p1|6\n|teamsize|p2|6\n|gen|9\n|tier|[Gen 9] National Dex Ubers\n|rule|HP Percentage Mod: HP is shown in percentages\n|rule|Endless Battle Clause: Forcing endless battles is banned\n|rule|OHKO Clause: OHKO moves are banned\n|rule|Evasion Moves Clause: Evasion moves are banned\n|rule|Evasion Items Clause: Evasion items are banned\n|rule|Species Clause: Limit one of each Pok\u00e9mon\n|rule|Sleep Clause Mod: Limit one foe put to sleep\n|rule|Mega Rayquaza Clause: You cannot mega evolve Rayquaza\n|clearpoke\n|poke|p1|Kartana|\n|poke|p1|Greninja-*, M|\n|poke|p1|Great Tusk|\n|poke|p1|Zapdos|\n|poke|p1|Sneasler, F|\n|poke|p1|Iron Moth|\n|poke|p2|Walking Wake|\n|poke|p2|Torkoal, F|\n|poke|p2|Urshifu-*, F|\n|poke|p2|Iron Bundle|\n|poke|p2|Greninja-*, F|\n|poke|p2|Slowbro, F|\n|teampreview\n|c|\u2606Aroma Nobody|glhf\n|c|\u2606AlolanSandslashOU|Torkoal wtf\n|\n|t:|1699767609\n|start\n|switch|p1a: Zapdos|Zapdos|100\/100\n|switch|p2a: Iron Bundle|Iron Bundle|100\/100\n|turn|1\n|c|\u2606Aroma Nobody|What it totally fits on my rain water team\n|\n|t:|1699767623\n|move|p2a: Iron Bundle|Ice Beam|p1a: Zapdos\n|-supereffective|p1a: Zapdos\n|-damage|p1a: Zapdos|21\/100\n|move|p1a: Zapdos|Volt Switch|p2a: Iron Bundle\n|-supereffective|p2a: Iron Bundle\n|-damage|p2a: Iron Bundle|0 fnt\n|faint|p2a: Iron Bundle\n|-end|p2a: Iron Bundle|Quark Drive|[silent]\n|c|\u2606Aroma Nobody|sad it lived\n|c|\u2606AlolanSandslashOU|That's pretty huge for me\n|\n|t:|1699767640\n|switch|p1a: Great Tusk|Great Tusk|100\/100|[from] Volt Switch\n|\n|upkeep\n|\n|t:|1699767644\n|switch|p2a: Urshifu|Urshifu-Rapid-Strike, F|100\/100\n|turn|2\n|c|\u2606Aroma Nobody|so anyways I started striking\n|\n|t:|1699767659\n|move|p2a: Urshifu|Surging Strikes|p1a: Great Tusk\n|-supereffective|p1a: Great Tusk\n|-crit|p1a: Great Tusk\n|-damage|p1a: Great Tusk|67\/100\n|-supereffective|p1a: Great Tusk\n|-crit|p1a: Great Tusk\n|-damage|p1a: Great Tusk|31\/100\n|-supereffective|p1a: Great Tusk\n|-crit|p1a: Great Tusk\n|-damage|p1a: Great Tusk|0 fnt\n|faint|p1a: Great Tusk\n|-end|p1a: Great Tusk|Protosynthesis|[silent]\n|-hitcount|p1: Great Tusk|3\n|\n|upkeep\n|\n|t:|1699767663\n|switch|p1a: Kartana|Kartana|100\/100\n|turn|3\n|\n|t:|1699767668\n|switch|p2a: Torkoal|Torkoal, F|100\/100\n|-weather|SunnyDay|[from] ability: Drought|[of] p2a: Torkoal\n|move|p1a: Kartana|Knock Off|p2a: Torkoal\n|-damage|p2a: Torkoal|77\/100\n|-enditem|p2a: Torkoal|Eject Pack|[from] move: Knock Off|[of] p1a: Kartana\n|\n|-weather|SunnyDay|[upkeep]\n|upkeep\n|turn|4\n|c|\u2606Aroma Nobody|my back pack D:\n|c|\u2606AlolanSandslashOU|Cool button you had there\n|\n|t:|1699767690\n|switch|p1a: Zapdos|Zapdos|21\/100\n|switch|p2a: Walking Wake|Walking Wake|100\/100\n|-activate|p2a: Walking Wake|ability: Protosynthesis\n|-start|p2a: Walking Wake|protosynthesisspa\n|\n|-weather|SunnyDay|[upkeep]\n|-heal|p1a: Zapdos|27\/100|[from] item: Leftovers\n|upkeep\n|turn|5\n|\n|t:|1699767702\n|move|p2a: Walking Wake|Substitute|p2a: Walking Wake\n|-start|p2a: Walking Wake|Substitute\n|-damage|p2a: Walking Wake|76\/100\n|move|p1a: Zapdos|Roost|p1a: Zapdos\n|-heal|p1a: Zapdos|77\/100\n|-singleturn|p1a: Zapdos|move: Roost\n|\n|-weather|SunnyDay|[upkeep]\n|-heal|p1a: Zapdos|83\/100|[from] item: Leftovers\n|upkeep\n|turn|6\n|\n|t:|1699767707\n|move|p2a: Walking Wake|Hydro Steam|p1a: Zapdos\n|-damage|p1a: Zapdos|11\/100\n|move|p1a: Zapdos|Volt Switch|p2a: Walking Wake\n|-end|p2a: Walking Wake|Substitute\n|\n|t:|1699767717\n|switch|p1a: Sneasler|Sneasler, F|100\/100|[from] Volt Switch\n|\n|-weather|SunnyDay|[upkeep]\n|upkeep\n|turn|7\n|\n|t:|1699767727\n|-end|p2a: Walking Wake|Protosynthesis|[silent]\n|switch|p2a: Slowbro|Slowbro, F|100\/100\n|move|p1a: Sneasler|U-turn|p2a: Slowbro\n|-supereffective|p2a: Slowbro\n|-damage|p2a: Slowbro|58\/100\n|-status|p2a: Slowbro|psn|[from] ability: Poison Touch|[of] p1a: Sneasler\n|\n|t:|1699767730\n|switch|p1a: Kartana|Kartana|100\/100|[from] U-turn\n|\n|-weather|none\n|-damage|p2a: Slowbro|45\/100 psn|[from] psn\n|upkeep\n|turn|8\n|c|\u2606Aroma Nobody|oof that hurt\n|\n|t:|1699767736\n|move|p1a: Kartana|Knock Off|p2a: Slowbro\n|-supereffective|p2a: Slowbro\n|-damage|p2a: Slowbro|11\/100 psn\n|move|p2a: Slowbro|Scald|p1a: Kartana\n|-resisted|p1a: Kartana\n|-damage|p1a: Kartana|59\/100\n|\n|-damage|p2a: Slowbro|0 fnt|[from] psn\n|faint|p2a: Slowbro\n|upkeep\n|\n|t:|1699767768\n|switch|p2a: Torkoal|Torkoal, F|77\/100\n|-weather|SunnyDay|[from] ability: Drought|[of] p2a: Torkoal\n|turn|9\n|\n|t:|1699767774\n|switch|p1a: Zapdos|Zapdos|11\/100\n|move|p2a: Torkoal|Stealth Rock|p1a: Zapdos\n|-sidestart|p1: AlolanSandslashOU|move: Stealth Rock\n|\n|-weather|SunnyDay|[upkeep]\n|-heal|p1a: Zapdos|17\/100|[from] item: Leftovers\n|upkeep\n|turn|10\n|c|\u2606AlolanSandslashOU|You a fan of torkoal?\n|\n|t:|1699767787\n|switch|p2a: Walking Wake|Walking Wake|76\/100\n|-activate|p2a: Walking Wake|ability: Protosynthesis\n|-start|p2a: Walking Wake|protosynthesisspa\n|move|p1a: Zapdos|Roost|p1a: Zapdos\n|-heal|p1a: Zapdos|67\/100\n|-singleturn|p1a: Zapdos|move: Roost\n|\n|-weather|SunnyDay|[upkeep]\n|-heal|p1a: Zapdos|74\/100|[from] item: Leftovers\n|upkeep\n|turn|11\n|c|\u2606Aroma Nobody|nope, just thought it'd be funny on a water team\n|c|\u2606AlolanSandslashOU|man\n|\n|t:|1699767806\n|move|p2a: Walking Wake|Hydro Steam|p1a: Zapdos\n|-crit|p1a: Zapdos\n|-damage|p1a: Zapdos|0 fnt\n|faint|p1a: Zapdos\n|\n|-weather|SunnyDay|[upkeep]\n|upkeep\n|c|\u2606Aroma Nobody|crit didn't matter\n|c|\u2606AlolanSandslashOU|Lmao crit\n|\n|t:|1699767822\n|switch|p1a: Sneasler|Sneasler, F|100\/100\n|-damage|p1a: Sneasler|95\/100|[from] Stealth Rock\n|turn|12\n|\n|t:|1699767831\n|-end|p2a: Walking Wake|Protosynthesis|[silent]\n|switch|p2a: Torkoal|Torkoal, F|77\/100\n|move|p1a: Sneasler|Close Combat|p2a: Torkoal\n|-damage|p2a: Torkoal|26\/100\n|-unboost|p1a: Sneasler|def|1\n|-unboost|p1a: Sneasler|spd|1\n|-status|p2a: Torkoal|psn|[from] ability: Poison Touch|[of] p1a: Sneasler\n|\n|-weather|SunnyDay|[upkeep]\n|-damage|p2a: Torkoal|14\/100 psn|[from] psn\n|upkeep\n|turn|13\n|c|\u2606Aroma Nobody|the anime kinda ruined torkoal for me though\n|c|\u2606AlolanSandslashOU|Your torkoal hurting a bit over there?\n|c|\u2606Aroma Nobody|with ash's being a cry baby\n|\n|t:|1699767855\n|move|p1a: Sneasler|Close Combat|p2a: Torkoal\n|-damage|p2a: Torkoal|0 fnt\n|-unboost|p1a: Sneasler|def|1\n|-unboost|p1a: Sneasler|spd|1\n|faint|p2a: Torkoal\n|\n|-weather|none\n|upkeep\n|\n|t:|1699767858\n|switch|p2a: Greninja|Greninja, F|100\/100\n|turn|14\n|\n|t:|1699767870\n|switch|p1a: Greninja|Greninja, M|100\/100\n|-damage|p1a: Greninja|88\/100|[from] Stealth Rock\n|move|p2a: Greninja|U-turn|p1a: Greninja\n|-start|p2a: Greninja|typechange|Bug|[from] ability: Protean\n|-supereffective|p1a: Greninja\n|-damage|p1a: Greninja|17\/100\n|c|\u2606AlolanSandslashOU|Owie\n|\n|t:|1699767885\n|switch|p2a: Walking Wake|Walking Wake|76\/100|[from] U-turn\n|-enditem|p2a: Walking Wake|Booster Energy\n|-activate|p2a: Walking Wake|ability: Protosynthesis|[fromitem]\n|-start|p2a: Walking Wake|protosynthesisspa\n|\n|upkeep\n|turn|15\n|\n|t:|1699767898\n|move|p1a: Greninja|Dark Pulse|p2a: Walking Wake\n|-damage|p2a: Walking Wake|19\/100\n|-damage|p1a: Greninja|7\/100|[from] item: Life Orb\n|cant|p2a: Walking Wake|flinch\n|\n|upkeep\n|turn|16\n|c|\u2606Aroma Nobody|sad\n|\n|t:|1699767905\n|move|p1a: Greninja|Dark Pulse|p2a: Walking Wake\n|-damage|p2a: Walking Wake|0 fnt\n|faint|p2a: Walking Wake\n|-end|p2a: Walking Wake|Protosynthesis|[silent]\n|-ability|p1a: Greninja|Battle Bond|boost\n|-boost|p1a: Greninja|atk|1\n|-boost|p1a: Greninja|spa|1\n|-boost|p1a: Greninja|spe|1\n|-activate|p1a: Greninja|ability: Battle Bond\n|-damage|p1a: Greninja|0 fnt|[from] item: Life Orb\n|faint|p1a: Greninja\n|\n|upkeep\n|\n|t:|1699767913\n|switch|p1a: Kartana|Kartana|59\/100\n|switch|p2a: Greninja|Greninja, F|100\/100\n|-damage|p1a: Kartana|53\/100|[from] Stealth Rock\n|turn|17\n|\n|t:|1699767922\n|-terastallize|p1a: Kartana|Grass\n|move|p2a: Greninja|Ice Beam|p1a: Kartana\n|-start|p2a: Greninja|typechange|Ice|[from] ability: Protean\n|-supereffective|p1a: Kartana\n|-damage|p1a: Kartana|0 fnt\n|faint|p1a: Kartana\n|\n|upkeep\n|\n|t:|1699767927\n|switch|p1a: Iron Moth|Iron Moth|100\/100\n|-damage|p1a: Iron Moth|76\/100|[from] Stealth Rock\n|-enditem|p1a: Iron Moth|Booster Energy\n|-activate|p1a: Iron Moth|ability: Quark Drive|[fromitem]\n|-start|p1a: Iron Moth|quarkdrivespe\n|turn|18\n|c|\u2606Aroma Nobody|yeah no\n|c|\u2606AlolanSandslashOU|Scarfed ok\n|\n|t:|1699767940\n|move|p2a: Greninja|Ice Beam|p1a: Iron Moth\n|-resisted|p1a: Iron Moth\n|-damage|p1a: Iron Moth|56\/100\n|move|p1a: Iron Moth|Substitute|p1a: Iron Moth\n|-start|p1a: Iron Moth|Substitute\n|-damage|p1a: Iron Moth|32\/100\n|\n|upkeep\n|turn|19\n|\n|t:|1699767944\n|move|p2a: Greninja|Ice Beam|p1a: Iron Moth\n|-resisted|p1a: Iron Moth\n|-activate|p1a: Iron Moth|move: Substitute|[damage]\n|move|p1a: Iron Moth|Fiery Dance|p2a: Greninja\n|-supereffective|p2a: Greninja\n|-damage|p2a: Greninja|0 fnt\n|faint|p2a: Greninja\n|\n|upkeep\n|\n|t:|1699767947\n|switch|p2a: Urshifu|Urshifu-Rapid-Strike, F|100\/100\n|turn|20\n|\n|t:|1699767960\n|-terastallize|p2a: Urshifu|Water\n|move|p2a: Urshifu|Aqua Jet|p1a: Iron Moth\n|-supereffective|p1a: Iron Moth\n|-end|p1a: Iron Moth|Substitute\n|move|p1a: Iron Moth|Psychic|p2a: Urshifu\n|-damage|p2a: Urshifu|54\/100\n|-unboost|p2a: Urshifu|spd|1\n|\n|upkeep\n|turn|21\n|\n|t:|1699767967\n|move|p2a: Urshifu|Aqua Jet|p1a: Iron Moth\n|-supereffective|p1a: Iron Moth\n|-damage|p1a: Iron Moth|0 fnt\n|faint|p1a: Iron Moth\n|-end|p1a: Iron Moth|Quark Drive|[silent]\n|\n|upkeep\n|\n|t:|1699767968\n|switch|p1a: Sneasler|Sneasler, F|95\/100\n|-damage|p1a: Sneasler|89\/100|[from] Stealth Rock\n|turn|22\n|c|\u2606Aroma Nobody|gg\n|\n|t:|1699767973\n|move|p2a: Urshifu|Aqua Jet|p1a: Sneasler\n|-damage|p1a: Sneasler|12\/100\n|move|p1a: Sneasler|Close Combat|p2a: Urshifu\n|-damage|p2a: Urshifu|0 fnt\n|-unboost|p1a: Sneasler|def|1\n|-unboost|p1a: Sneasler|spd|1\n|faint|p2a: Urshifu\n|\n|win|AlolanSandslashOU\n","uploadtime":1699767979,"views":7,"p1id":"alolansandslashou","p2id":"aromanobody","formatid":"gen9nationaldexubers","rating":0,"private":0,"password":""}