{"id":"gen9nationaldexubers-1990179683","p1":"dripjongun","p2":"Titiditto","format":"[Gen 9] National Dex Ubers","log":"|j|\u2606dripjongun\n|j|\u2606Titiditto\n|t:|1699933623\n|gametype|singles\n|player|p1|dripjongun|firebreather|1109\n|player|p2|Titiditto|scientist|1060\n|teamsize|p1|6\n|teamsize|p2|6\n|gen|9\n|tier|[Gen 9] National Dex Ubers\n|rated|\n|rule|HP Percentage Mod: HP is shown in percentages\n|rule|Endless Battle Clause: Forcing endless battles is banned\n|rule|OHKO Clause: OHKO moves are banned\n|rule|Evasion Moves Clause: Evasion moves are banned\n|rule|Evasion Items Clause: Evasion items are banned\n|rule|Species Clause: Limit one of each Pok\u00e9mon\n|rule|Sleep Clause Mod: Limit one foe put to sleep\n|rule|Mega Rayquaza Clause: You cannot mega evolve Rayquaza\n|clearpoke\n|poke|p1|Tapu Lele|\n|poke|p1|Malamar, M|\n|poke|p1|Latios, M|\n|poke|p1|Reuniclus, F|\n|poke|p1|Slowbro, F|\n|poke|p1|Alakazam, M|\n|poke|p2|Gyarados, M|\n|poke|p2|Dracovish|\n|poke|p2|Toxtricity, M|\n|poke|p2|Dragapult, F|\n|poke|p2|Inteleon, M|\n|poke|p2|Toxapex, F|\n|teampreview\n|c|\u2606dripjongun|glhf\n|\n|t:|1699933646\n|start\n|switch|p1a: Malamar|Malamar, M|100\/100\n|switch|p2a: Gyarados|Gyarados, M|100\/100\n|turn|1\n|\n|t:|1699933653\n|move|p2a: Gyarados|Dragon Dance|p2a: Gyarados\n|-boost|p2a: Gyarados|atk|1\n|-boost|p2a: Gyarados|spe|1\n|move|p1a: Malamar|Topsy-Turvy|p2a: Gyarados\n|-invertboost|p2a: Gyarados|[from] move: Topsy-Turvy\n|\n|upkeep\n|turn|2\n|\n|t:|1699933664\n|detailschange|p2a: Gyarados|Gyarados-Mega, M\n|-mega|p2a: Gyarados|Gyarados|Gyaradosite\n|-ability|p2a: Gyarados|Mold Breaker\n|move|p1a: Malamar|Superpower|p2a: Gyarados\n|-supereffective|p2a: Gyarados\n|-damage|p2a: Gyarados|44\/100\n|-boost|p1a: Malamar|atk|1\n|-boost|p1a: Malamar|def|1\n|move|p2a: Gyarados|Dragon Dance|p2a: Gyarados\n|-boost|p2a: Gyarados|atk|1\n|-boost|p2a: Gyarados|spe|1\n|\n|upkeep\n|turn|3\n|\n|t:|1699933677\n|move|p2a: Gyarados|Waterfall|p1a: Malamar\n|-damage|p1a: Malamar|72\/100\n|move|p1a: Malamar|Superpower|p2a: Gyarados\n|-supereffective|p2a: Gyarados\n|-damage|p2a: Gyarados|0 fnt\n|-boost|p1a: Malamar|atk|1\n|-boost|p1a: Malamar|def|1\n|faint|p2a: Gyarados\n|\n|-heal|p1a: Malamar|78\/100|[from] item: Leftovers\n|upkeep\n|\n|t:|1699933688\n|switch|p2a: Toxapex|Toxapex, F|100\/100\n|turn|4\n|\n|t:|1699933692\n|move|p1a: Malamar|Psycho Cut|p2a: Toxapex\n|-supereffective|p2a: Toxapex\n|-damage|p2a: Toxapex|2\/100\n|move|p2a: Toxapex|Toxic Spikes|p1a: Malamar\n|-sidestart|p1: dripjongun|move: Toxic Spikes\n|\n|-heal|p1a: Malamar|84\/100|[from] item: Leftovers\n|upkeep\n|turn|5\n|\n|t:|1699933703\n|move|p1a: Malamar|Psycho Cut|p2a: Toxapex\n|-supereffective|p2a: Toxapex\n|-damage|p2a: Toxapex|0 fnt\n|faint|p2a: Toxapex\n|\n|-heal|p1a: Malamar|90\/100|[from] item: Leftovers\n|upkeep\n|\n|t:|1699933715\n|switch|p2a: Toxtricity|Toxtricity, M|100\/100\n|turn|6\n|\n|t:|1699933728\n|-terastallize|p2a: Toxtricity|Ghost\n|move|p2a: Toxtricity|Shift Gear|p2a: Toxtricity\n|-boost|p2a: Toxtricity|spe|2\n|-boost|p2a: Toxtricity|atk|1\n|move|p1a: Malamar|Psycho Cut|p2a: Toxtricity\n|-damage|p2a: Toxtricity|16\/100\n|\n|-heal|p1a: Malamar|96\/100|[from] item: Leftovers\n|upkeep\n|turn|7\n|\n|t:|1699933741\n|move|p2a: Toxtricity|Overdrive|p1a: Malamar\n|-damage|p1a: Malamar|49\/100\n|-enditem|p2a: Toxtricity|Throat Spray\n|-boost|p2a: Toxtricity|spa|1|[from] item: Throat Spray\n|move|p1a: Malamar|Trick Room|p1a: Malamar\n|-fieldstart|move: Trick Room|[of] p1a: Malamar\n|\n|-heal|p1a: Malamar|55\/100|[from] item: Leftovers\n|upkeep\n|turn|8\n|\n|t:|1699933749\n|move|p1a: Malamar|Psycho Cut|p2a: Toxtricity\n|-damage|p2a: Toxtricity|0 fnt\n|faint|p2a: Toxtricity\n|\n|-heal|p1a: Malamar|61\/100|[from] item: Leftovers\n|upkeep\n|\n|t:|1699933757\n|switch|p2a: Inteleon|Inteleon, M|100\/100\n|turn|9\n|\n|t:|1699933762\n|move|p1a: Malamar|Superpower|p2a: Inteleon\n|-damage|p2a: Inteleon|6\/100\n|-boost|p1a: Malamar|atk|1\n|-boost|p1a: Malamar|def|1\n|move|p2a: Inteleon|Ice Beam|p1a: Malamar\n|-damage|p1a: Malamar|27\/100\n|-status|p1a: Malamar|frz\n|\n|-heal|p1a: Malamar|33\/100 frz|[from] item: Leftovers\n|upkeep\n|turn|10\n|\n|t:|1699933772\n|-curestatus|p1a: Malamar|frz|[msg]\n|move|p1a: Malamar|Superpower|p2a: Inteleon\n|-damage|p2a: Inteleon|0 fnt\n|-boost|p1a: Malamar|atk|1\n|-boost|p1a: Malamar|def|1\n|faint|p2a: Inteleon\n|\n|-heal|p1a: Malamar|39\/100|[from] item: Leftovers\n|upkeep\n|\n|t:|1699933781\n|switch|p2a: Dragapult|Dragapult, F|100\/100\n|turn|11\n|\n|t:|1699933786\n|move|p1a: Malamar|Psycho Cut|p2a: Dragapult\n|-damage|p2a: Dragapult|0 fnt\n|faint|p2a: Dragapult\n|\n|-heal|p1a: Malamar|45\/100|[from] item: Leftovers\n|-fieldend|move: Trick Room\n|upkeep\n|\n|t:|1699933791\n|switch|p2a: Dracovish|Dracovish, shiny|100\/100\n|turn|12\n|\n|t:|1699933793\n|move|p2a: Dracovish|Fishious Rend|p1a: Malamar\n|-damage|p1a: Malamar|14\/100\n|move|p1a: Malamar|Superpower|p2a: Dracovish\n|-crit|p2a: Dracovish\n|-damage|p2a: Dracovish|0 fnt\n|-boost|p1a: Malamar|atk|1\n|-boost|p1a: Malamar|def|1\n|faint|p2a: Dracovish\n|\n|win|dripjongun\n|raw|dripjongun's rating: 1109 &rarr; <strong>1130<\/strong><br \/>(+21 for winning)\n|raw|Titiditto's rating: 1060 &rarr; <strong>1044<\/strong><br \/>(-16 for losing)\n|c|\u2606dripjongun|gg\n|l|\u2606Titiditto\n","uploadtime":1699933811,"views":7,"p1id":"dripjongun","p2id":"titiditto","formatid":"gen9nationaldexubers","rating":1044,"private":0,"password":""}