{"id":"gen9nationaldexubers-1990594838","p1":"ifdod","p2":"Krishy2007","format":"[Gen 9] National Dex Ubers","log":"|j|\u203difdod\n|j|\u203dKrishy2007\n|t:|1699984275\n|gametype|singles\n|player|p1|ifdod|policeman-gen4|1356\n|player|p2|Krishy2007|265|1343\n|teamsize|p1|6\n|teamsize|p2|6\n|gen|9\n|tier|[Gen 9] National Dex Ubers\n|rated|\n|rule|HP Percentage Mod: HP is shown in percentages\n|rule|Endless Battle Clause: Forcing endless battles is banned\n|rule|OHKO Clause: OHKO moves are banned\n|rule|Evasion Moves Clause: Evasion moves are banned\n|rule|Evasion Items Clause: Evasion items are banned\n|rule|Species Clause: Limit one of each Pok\u00e9mon\n|rule|Sleep Clause Mod: Limit one foe put to sleep\n|rule|Mega Rayquaza Clause: You cannot mega evolve Rayquaza\n|clearpoke\n|poke|p1|Marshadow|\n|poke|p1|Garchomp, M|\n|poke|p1|Xatu, F|\n|poke|p1|Skarmory, M|\n|poke|p1|Regieleki|\n|poke|p1|Kyogre|\n|poke|p2|Groudon|\n|poke|p2|Ho-Oh|\n|poke|p2|Necrozma-Dusk-Mane|\n|poke|p2|Kyogre|\n|poke|p2|Xerneas-*|\n|poke|p2|Arceus-Ground|\n|teampreview\n|inactive|Battle timer is ON: inactive players will automatically lose when time's up. (requested by ifdod)\n|\n|t:|1699984287\n|start\n|switch|p1a: Garchomp|Garchomp, M|100\/100\n|switch|p2a: Arceus|Arceus-Ground|100\/100\n|turn|1\n|\n|t:|1699984301\n|move|p2a: Arceus|Calm Mind|p2a: Arceus\n|-boost|p2a: Arceus|spa|1\n|-boost|p2a: Arceus|spd|1\n|move|p1a: Garchomp|Swords Dance|p1a: Garchomp\n|-boost|p1a: Garchomp|atk|2\n|\n|upkeep\n|turn|2\n|\n|t:|1699984308\n|move|p1a: Garchomp|Endure|p1a: Garchomp\n|-singleturn|p1a: Garchomp|move: Endure\n|move|p2a: Arceus|Judgment|p1a: Garchomp\n|-damage|p1a: Garchomp|5\/100\n|-enditem|p1a: Garchomp|Salac Berry|[eat]\n|-boost|p1a: Garchomp|spe|1|[from] item: Salac Berry\n|\n|upkeep\n|turn|3\n|\n|t:|1699984316\n|move|p1a: Garchomp|Earthquake|p2a: Arceus\n|-damage|p2a: Arceus|24\/100\n|move|p2a: Arceus|Judgment|p1a: Garchomp\n|-damage|p1a: Garchomp|0 fnt\n|faint|p1a: Garchomp\n|\n|upkeep\n|\n|t:|1699984335\n|switch|p1a: Regieleki|Regieleki|100\/100\n|turn|4\n|\n|t:|1699984349\n|move|p1a: Regieleki|Tera Blast|p2a: Arceus\n|-damage|p2a: Arceus|9\/100\n|-damage|p1a: Regieleki|91\/100|[from] item: Life Orb\n|move|p2a: Arceus|Recover|p2a: Arceus\n|-heal|p2a: Arceus|59\/100\n|\n|upkeep\n|turn|5\n|\n|t:|1699984360\n|switch|p1a: Xatu|Xatu, F|100\/100\n|move|p2a: Arceus|Judgment|p1a: Xatu\n|-immune|p1a: Xatu\n|\n|upkeep\n|turn|6\n|\n|t:|1699984371\n|switch|p1a: Skarmory|Skarmory, M|100\/100\n|move|p2a: Arceus|Power Gem|p1a: Skarmory\n|-damage|p1a: Skarmory|53\/100\n|\n|upkeep\n|turn|7\n|\n|t:|1699984387\n|move|p2a: Arceus|Recover|p2a: Arceus\n|-heal|p2a: Arceus|100\/100\n|move|p1a: Skarmory|Roost|p1a: Skarmory\n|-heal|p1a: Skarmory|100\/100\n|-singleturn|p1a: Skarmory|move: Roost\n|\n|upkeep\n|turn|8\n|\n|t:|1699984396\n|move|p2a: Arceus|Power Gem|p1a: Skarmory\n|-crit|p1a: Skarmory\n|-damage|p1a: Skarmory|29\/100\n|move|p1a: Skarmory|Whirlwind|p2a: Arceus\n|drag|p2a: Ho-Oh|Ho-Oh, shiny|100\/100\n|\n|upkeep\n|turn|9\n|\n|t:|1699984405\n|move|p2a: Ho-Oh|Sacred Fire|p1a: Skarmory\n|-supereffective|p1a: Skarmory\n|-damage|p1a: Skarmory|0 fnt\n|faint|p1a: Skarmory\n|\n|upkeep\n|\n|t:|1699984412\n|switch|p1a: Marshadow|Marshadow|100\/100\n|turn|10\n|\n|t:|1699984418\n|move|p1a: Marshadow|Bulk Up|p1a: Marshadow\n|-boost|p1a: Marshadow|atk|1\n|-boost|p1a: Marshadow|def|1\n|move|p2a: Ho-Oh|Toxic|p1a: Marshadow\n|-status|p1a: Marshadow|tox\n|\n|-damage|p1a: Marshadow|94\/100 tox|[from] psn\n|upkeep\n|turn|11\n|\n|t:|1699984438\n|-zpower|p1a: Marshadow\n|move|p1a: Marshadow|Soul-Stealing 7-Star Strike|p2a: Ho-Oh|[zeffect]\n|-damage|p2a: Ho-Oh|0 fnt\n|faint|p2a: Ho-Oh\n|\n|-damage|p1a: Marshadow|82\/100 tox|[from] psn\n|upkeep\n|\n|t:|1699984446\n|switch|p2a: Arceus|Arceus-Ground|100\/100\n|turn|12\n|\n|t:|1699984457\n|move|p1a: Marshadow|Spectral Thief|p2a: Arceus\n|-damage|p2a: Arceus|48\/100\n|move|p2a: Arceus|Judgment|p1a: Marshadow\n|-damage|p1a: Marshadow|13\/100 tox\n|\n|-damage|p1a: Marshadow|0 fnt|[from] psn\n|faint|p1a: Marshadow\n|upkeep\n|\n|t:|1699984469\n|switch|p1a: Regieleki|Regieleki|91\/100\n|turn|13\n|\n|t:|1699984475\n|-terastallize|p1a: Regieleki|Ice\n|move|p1a: Regieleki|Tera Blast|p2a: Arceus|[anim] Tera Blast Ice\n|-supereffective|p2a: Arceus\n|-damage|p2a: Arceus|0 fnt\n|faint|p2a: Arceus\n|-damage|p1a: Regieleki|81\/100|[from] item: Life Orb\n|\n|upkeep\n|\n|t:|1699984479\n|switch|p2a: Necrozma|Necrozma-Dusk-Mane|100\/100\n|turn|14\n|\n|t:|1699984485\n|move|p1a: Regieleki|Volt Switch|p2a: Necrozma\n|-damage|p2a: Necrozma|50\/100\n|-damage|p1a: Regieleki|71\/100|[from] item: Life Orb\n|\n|t:|1699984491\n|switch|p1a: Kyogre|Kyogre|100\/100|[from] Volt Switch\n|detailschange|p1a: Kyogre|Kyogre-Primal\n|-primal|p1a: Kyogre|Blue Orb\n|-weather|PrimordialSea|[from] ability: Primordial Sea|[of] p1a: Kyogre\n|move|p2a: Necrozma|Dragon Dance|p2a: Necrozma\n|-boost|p2a: Necrozma|atk|1\n|-boost|p2a: Necrozma|spe|1\n|\n|-weather|PrimordialSea|[upkeep]\n|upkeep\n|turn|15\n|j| omegashenronone\n|\n|t:|1699984505\n|detailschange|p2a: Necrozma|Necrozma-Ultra\n|-burst|p2a: Necrozma|Necrozma|Ultranecrozium Z\n|move|p2a: Necrozma|Photon Geyser|p1a: Kyogre\n|-damage|p1a: Kyogre|5\/100\n|move|p1a: Kyogre|Origin Pulse|p2a: Necrozma\n|-resisted|p2a: Necrozma\n|-damage|p2a: Necrozma|0 fnt\n|faint|p2a: Necrozma\n|\n|-weather|PrimordialSea|[upkeep]\n|upkeep\n|\n|t:|1699984514\n|switch|p2a: Xerneas|Xerneas, shiny|100\/100\n|-ability|p2a: Xerneas|Fairy Aura\n|turn|16\n|\n|t:|1699984523\n|move|p2a: Xerneas|Geomancy||[still]\n|-prepare|p2a: Xerneas|Geomancy\n|-enditem|p2a: Xerneas|Power Herb\n|-anim|p2a: Xerneas|Geomancy|p2a: Xerneas\n|-boost|p2a: Xerneas|spa|2\n|-boost|p2a: Xerneas|spd|2\n|-boost|p2a: Xerneas|spe|2\n|move|p1a: Kyogre|Origin Pulse|p2a: Xerneas\n|-damage|p2a: Xerneas|52\/100\n|\n|-weather|PrimordialSea|[upkeep]\n|upkeep\n|turn|17\n|\n|t:|1699984531\n|move|p2a: Xerneas|Thunder|p1a: Kyogre\n|-supereffective|p1a: Kyogre\n|-damage|p1a: Kyogre|0 fnt\n|faint|p1a: Kyogre\n|-weather|none\n|\n|upkeep\n|l|\u203dKrishy2007\n|inactive|Krishy2007 disconnected and has a minute to reconnect!\n|player|p2|\n|\n|t:|1699984539\n|switch|p1a: Xatu|Xatu, F|100\/100\n|turn|18\n|inactive|Krishy2007 has 30 seconds to reconnect!\n|inactive|Krishy2007 has 20 seconds to reconnect!\n|inactive|Krishy2007 has 15 seconds to reconnect!\n|c| omegashenronone|Nooo krishy\n|inactive|Krishy2007 has 10 seconds to reconnect!\n|c| omegashenronone|Dont lose cus you diwconnected\n|inactive|Krishy2007 has 5 seconds to reconnect!\n|c| omegashenronone|Hurry\n|c| omegashenronone|Noooooo\n|-message|Krishy2007 lost due to inactivity.\n|\n|win|ifdod\n|raw|ifdod's rating: 1356 &rarr; <strong>1375<\/strong><br \/>(+19 for winning)\n|raw|Krishy2007's rating: 1343 &rarr; <strong>1324<\/strong><br \/>(-19 for losing)\n|c| omegashenronone|Lrishy\n|c| omegashenronone|Krish*\n|c| omegashenronone|Krishy*\n|j|\u2606Krishy2007\n|player|p2|Krishy2007|265\n","uploadtime":1699984720,"views":7,"p1id":"ifdod","p2id":"krishy2007","formatid":"gen9nationaldexubers","rating":1324,"private":0,"password":""}