{"id":"gen9nationaldexubers-1986111070","p1":"BlackieJackie69","p2":"Chaitanya15","format":"[Gen 9] National Dex Ubers","log":"|j|\u203dBlackieJackie69\n|j|\u2606Chaitanya15\n|t:|1699451204\n|gametype|singles\n|player|p1|BlackieJackie69|marlon|1352\n|player|p2|Chaitanya15|266|1442\n|teamsize|p1|6\n|teamsize|p2|6\n|gen|9\n|tier|[Gen 9] National Dex Ubers\n|rated|\n|rule|HP Percentage Mod: HP is shown in percentages\n|rule|Endless Battle Clause: Forcing endless battles is banned\n|rule|OHKO Clause: OHKO moves are banned\n|rule|Evasion Moves Clause: Evasion moves are banned\n|rule|Evasion Items Clause: Evasion items are banned\n|rule|Species Clause: Limit one of each Pok\u00e9mon\n|rule|Sleep Clause Mod: Limit one foe put to sleep\n|rule|Mega Rayquaza Clause: You cannot mega evolve Rayquaza\n|clearpoke\n|poke|p1|Garganacl, M|\n|poke|p1|Banette, F|\n|poke|p1|Ferrothorn, F|\n|poke|p1|Shaymin-Sky|\n|poke|p1|Dracovish|\n|poke|p1|Marshadow|\n|poke|p2|Kingambit, F|\n|poke|p2|Basculegion, M|\n|poke|p2|Kyogre|\n|poke|p2|Flutter Mane|\n|poke|p2|Deoxys-Speed|\n|poke|p2|Groudon|\n|teampreview\n|inactive|Battle timer is ON: inactive players will automatically lose when time's up. (requested by BlackieJackie69)\n|\n|t:|1699451219\n|start\n|switch|p1a: Shaymin|Shaymin-Sky, shiny|100\/100\n|switch|p2a: Deoxys|Deoxys-Speed|100\/100\n|-ability|p2a: Deoxys|Pressure\n|turn|1\n|\n|t:|1699451227\n|move|p2a: Deoxys|Stealth Rock|p1a: Shaymin\n|-sidestart|p1: BlackieJackie69|move: Stealth Rock\n|move|p1a: Shaymin|Tailwind|p1a: Shaymin\n|-sidestart|p1: BlackieJackie69|move: Tailwind\n|\n|upkeep\n|turn|2\n|\n|t:|1699451234\n|move|p1a: Shaymin|Seed Flare|p2a: Deoxys\n|-damage|p2a: Deoxys|30\/100\n|-unboost|p2a: Deoxys|spd|2\n|move|p2a: Deoxys|Spikes|p1a: Shaymin\n|-sidestart|p1: BlackieJackie69|Spikes\n|\n|upkeep\n|turn|3\n|\n|t:|1699451244\n|move|p2a: Deoxys|Extreme Speed|p1a: Shaymin\n|-damage|p1a: Shaymin|77\/100\n|move|p1a: Shaymin|Earth Power|p2a: Deoxys\n|-damage|p2a: Deoxys|0 fnt\n|faint|p2a: Deoxys\n|\n|upkeep\n|\n|t:|1699451254\n|switch|p2a: Groudon|Groudon|100\/100\n|detailschange|p2a: Groudon|Groudon-Primal\n|-primal|p2a: Groudon|Red Orb\n|-weather|DesolateLand|[from] ability: Desolate Land|[of] p2a: Groudon\n|turn|4\n|\n|t:|1699451263\n|move|p1a: Shaymin|Earth Power|p2a: Groudon\n|-supereffective|p2a: Groudon\n|-damage|p2a: Groudon|25\/100\n|move|p2a: Groudon|Rock Polish|p2a: Groudon\n|-boost|p2a: Groudon|spe|2\n|\n|-weather|DesolateLand|[upkeep]\n|-sideend|p1: BlackieJackie69|move: Tailwind\n|upkeep\n|turn|5\n|\n|t:|1699451272\n|move|p2a: Groudon|Heat Crash|p1a: Shaymin\n|-supereffective|p1a: Shaymin\n|-damage|p1a: Shaymin|0 fnt\n|faint|p1a: Shaymin\n|\n|-weather|DesolateLand|[upkeep]\n|upkeep\n|\n|t:|1699451276\n|switch|p1a: Banette|Banette, F|100\/100\n|-damage|p1a: Banette|88\/100|[from] Stealth Rock\n|-damage|p1a: Banette|76\/100|[from] Spikes\n|turn|6\n|\n|t:|1699451283\n|detailschange|p1a: Banette|Banette-Mega, F\n|-mega|p1a: Banette|Banette|Banettite\n|move|p1a: Banette|Cotton Guard|p1a: Banette\n|-boost|p1a: Banette|def|3\n|move|p2a: Groudon|Heat Crash|p1a: Banette\n|-damage|p1a: Banette|4\/100\n|\n|-weather|DesolateLand|[upkeep]\n|upkeep\n|turn|7\n|\n|t:|1699451291\n|move|p1a: Banette|Destiny Bond|p1a: Banette\n|-singlemove|p1a: Banette|Destiny Bond\n|move|p2a: Groudon|Heat Crash|p1a: Banette\n|-damage|p1a: Banette|0 fnt\n|faint|p1a: Banette\n|-activate|p1a: Banette|move: Destiny Bond\n|faint|p2a: Groudon\n|-weather|none\n|\n|upkeep\n|\n|t:|1699451312\n|switch|p2a: Flutter Mane|Flutter Mane|100\/100\n|switch|p1a: Ferrothorn|Ferrothorn, F|100\/100\n|-damage|p1a: Ferrothorn|95\/100|[from] Stealth Rock\n|-damage|p1a: Ferrothorn|82\/100|[from] Spikes\n|-enditem|p2a: Flutter Mane|Booster Energy\n|-activate|p2a: Flutter Mane|ability: Protosynthesis|[fromitem]\n|-start|p2a: Flutter Mane|protosynthesisspe\n|turn|8\n|\n|t:|1699451322\n|move|p2a: Flutter Mane|Mystical Fire|p1a: Ferrothorn\n|-supereffective|p1a: Ferrothorn\n|-damage|p1a: Ferrothorn|0 fnt\n|faint|p1a: Ferrothorn\n|\n|upkeep\n|\n|t:|1699451331\n|switch|p1a: Garganacl|Garganacl, M|100\/100\n|-damage|p1a: Garganacl|88\/100|[from] Stealth Rock\n|-damage|p1a: Garganacl|76\/100|[from] Spikes\n|turn|9\n|\n|t:|1699451342\n|-end|p2a: Flutter Mane|Protosynthesis|[silent]\n|switch|p2a: Kingambit|Kingambit, F|100\/100\n|-activate|p2a: Kingambit|ability: Supreme Overlord\n|-start|p2a: Kingambit|fallen2|[silent]\n|move|p1a: Garganacl|Salt Cure|p2a: Kingambit\n|-resisted|p2a: Kingambit\n|-crit|p2a: Kingambit\n|-damage|p2a: Kingambit|93\/100\n|-start|p2a: Kingambit|Salt Cure\n|\n|-heal|p1a: Garganacl|82\/100|[from] item: Leftovers\n|-damage|p2a: Kingambit|68\/100|[from] Salt Cure\n|upkeep\n|turn|10\n|\n|t:|1699451354\n|move|p2a: Kingambit|Iron Head|p1a: Garganacl\n|-supereffective|p1a: Garganacl\n|-damage|p1a: Garganacl|0 fnt\n|faint|p1a: Garganacl\n|-damage|p2a: Kingambit|58\/100|[from] item: Life Orb\n|\n|-damage|p2a: Kingambit|33\/100|[from] Salt Cure\n|upkeep\n|\n|t:|1699451365\n|switch|p1a: Dracovish|Dracovish|100\/100\n|-damage|p1a: Dracovish|88\/100|[from] Stealth Rock\n|-damage|p1a: Dracovish|76\/100|[from] Spikes\n|turn|11\n|\n|t:|1699451370\n|move|p2a: Kingambit|Sucker Punch|p1a: Dracovish\n|-damage|p1a: Dracovish|9\/100\n|-damage|p2a: Kingambit|24\/100|[from] item: Life Orb\n|move|p1a: Dracovish|Fishious Rend|p2a: Kingambit\n|-damage|p2a: Kingambit|0 fnt\n|faint|p2a: Kingambit\n|-end|p2a: Kingambit|fallen2|[silent]\n|\n|upkeep\n|\n|t:|1699451380\n|switch|p2a: Kyogre|Kyogre|100\/100\n|-weather|RainDance|[from] ability: Drizzle|[of] p2a: Kyogre\n|turn|12\n|\n|t:|1699451393\n|move|p2a: Kyogre|Water Spout|p1a: Dracovish\n|-resisted|p1a: Dracovish\n|-damage|p1a: Dracovish|0 fnt\n|faint|p1a: Dracovish\n|\n|-weather|RainDance|[upkeep]\n|upkeep\n|\n|t:|1699451397\n|switch|p1a: Marshadow|Marshadow|100\/100\n|-damage|p1a: Marshadow|94\/100|[from] Stealth Rock\n|-damage|p1a: Marshadow|82\/100|[from] Spikes\n|turn|13\n|\n|t:|1699451404\n|move|p2a: Kyogre|Water Spout|p1a: Marshadow\n|-damage|p1a: Marshadow|0 fnt\n|faint|p1a: Marshadow\n|\n|win|Chaitanya15\n|raw|BlackieJackie69's rating: 1352 &rarr; <strong>1337<\/strong><br \/>(-15 for losing)\n|raw|Chaitanya15's rating: 1442 &rarr; <strong>1457<\/strong><br \/>(+15 for winning)\n|c|\u2606Chaitanya15|Gg\n","uploadtime":1699451415,"views":5,"p1id":"blackiejackie69","p2id":"chaitanya15","formatid":"gen9nationaldexubers","rating":1337,"private":0,"password":""}