{"id":"gen9nationaldexubers-1995521153","p1":"Shinigami.exe","p2":"motifine","format":"[Gen 9] National Dex Ubers","log":"|j|\u2606Shinigami.exe\n|j|\u2606motifine\n|t:|1700579430\n|gametype|singles\n|player|p1|Shinigami.exe|winona|1322\n|player|p2|motifine|266|1366\n|teamsize|p1|6\n|teamsize|p2|6\n|gen|9\n|tier|[Gen 9] National Dex Ubers\n|rated|\n|rule|HP Percentage Mod: HP is shown in percentages\n|rule|Endless Battle Clause: Forcing endless battles is banned\n|rule|OHKO Clause: OHKO moves are banned\n|rule|Evasion Moves Clause: Evasion moves are banned\n|rule|Evasion Items Clause: Evasion items are banned\n|rule|Species Clause: Limit one of each Pok\u00e9mon\n|rule|Sleep Clause Mod: Limit one foe put to sleep\n|rule|Mega Rayquaza Clause: You cannot mega evolve Rayquaza\n|clearpoke\n|poke|p1|Uxie|\n|poke|p1|Dracovish|\n|poke|p1|Hitmonlee, M|\n|poke|p1|Sandaconda, F|\n|poke|p1|Metagross|\n|poke|p1|Necrozma-Dusk-Mane|\n|poke|p2|Garganacl, M|\n|poke|p2|Corviknight, F|\n|poke|p2|Greninja-*, M|\n|poke|p2|Milotic, F|\n|poke|p2|Dragapult, F|\n|poke|p2|Lopunny, F|\n|teampreview\n|\n|t:|1700579436\n|start\n|switch|p1a: Uxie|Uxie, shiny|100\/100\n|switch|p2a: Lopunny|Lopunny, F, shiny|100\/100\n|turn|1\n|\n|t:|1700579443\n|detailschange|p2a: Lopunny|Lopunny-Mega, F, shiny\n|-mega|p2a: Lopunny|Lopunny|Lopunnite\n|move|p2a: Lopunny|Fake Out|p1a: Uxie\n|-damage|p1a: Uxie|84\/100\n|cant|p1a: Uxie|flinch\n|\n|upkeep\n|turn|2\n|\n|t:|1700579453\n|switch|p2a: Greninja|Greninja, M|100\/100\n|move|p1a: Uxie|Reflect|p1a: Uxie\n|-sidestart|p1: Shinigami.exe|Reflect\n|\n|upkeep\n|turn|3\n|\n|t:|1700579462\n|-terastallize|p2a: Greninja|Dark\n|move|p2a: Greninja|Dark Pulse|p1a: Uxie\n|-supereffective|p1a: Uxie\n|-damage|p1a: Uxie|0 fnt\n|faint|p1a: Uxie\n|-ability|p2a: Greninja|Battle Bond|boost\n|-boost|p2a: Greninja|atk|1\n|-boost|p2a: Greninja|spa|1\n|-boost|p2a: Greninja|spe|1\n|-activate|p2a: Greninja|ability: Battle Bond\n|\n|upkeep\n|\n|t:|1700579482\n|switch|p1a: Sandaconda|Sandaconda, F, shiny|100\/100\n|turn|4\n|\n|t:|1700579486\n|move|p2a: Greninja|Dark Pulse|p1a: Sandaconda\n|-damage|p1a: Sandaconda|8\/100\n|-weather|Sandstorm|[from] ability: Sand Spit|[of] p1a: Sandaconda\n|move|p1a: Sandaconda|Glare|p2a: Greninja\n|-status|p2a: Greninja|par\n|\n|-weather|Sandstorm|[upkeep]\n|-damage|p2a: Greninja|95\/100 par|[from] Sandstorm\n|upkeep\n|turn|5\n|\n|t:|1700579499\n|move|p2a: Greninja|Dark Pulse|p1a: Sandaconda\n|-crit|p1a: Sandaconda\n|-damage|p1a: Sandaconda|0 fnt\n|faint|p1a: Sandaconda\n|\n|-weather|Sandstorm|[upkeep]\n|-damage|p2a: Greninja|89\/100 par|[from] Sandstorm\n|upkeep\n|\n|t:|1700579505\n|switch|p1a: Dracovish|Dracovish|100\/100\n|turn|6\n|\n|t:|1700579509\n|move|p1a: Dracovish|Fishious Rend|p2a: Greninja\n|-damage|p2a: Greninja|0 fnt\n|faint|p2a: Greninja\n|\n|-weather|Sandstorm|[upkeep]\n|upkeep\n|\n|t:|1700579515\n|switch|p2a: Milotic|Milotic, F, shiny|100\/100\n|turn|7\n|\n|t:|1700579520\n|move|p1a: Dracovish|Fishious Rend|p2a: Milotic\n|-resisted|p2a: Milotic\n|-damage|p2a: Milotic|59\/100\n|move|p2a: Milotic|Recover|p2a: Milotic\n|-heal|p2a: Milotic|100\/100\n|\n|-weather|Sandstorm|[upkeep]\n|-damage|p2a: Milotic|94\/100|[from] Sandstorm\n|-heal|p2a: Milotic|100\/100|[from] item: Leftovers\n|upkeep\n|turn|8\n|\n|t:|1700579533\n|move|p1a: Dracovish|Fishious Rend|p2a: Milotic\n|-resisted|p2a: Milotic\n|-damage|p2a: Milotic|60\/100\n|move|p2a: Milotic|Recover|p2a: Milotic\n|-heal|p2a: Milotic|100\/100\n|\n|-weather|Sandstorm|[upkeep]\n|-damage|p2a: Milotic|94\/100|[from] Sandstorm\n|-heal|p2a: Milotic|100\/100|[from] item: Leftovers\n|upkeep\n|turn|9\n|\n|t:|1700579543\n|move|p1a: Dracovish|Fishious Rend|p2a: Milotic\n|-resisted|p2a: Milotic\n|-damage|p2a: Milotic|60\/100\n|move|p2a: Milotic|Toxic|p1a: Dracovish\n|-status|p1a: Dracovish|tox\n|\n|-weather|Sandstorm|[upkeep]\n|-damage|p2a: Milotic|54\/100|[from] Sandstorm\n|-heal|p2a: Milotic|60\/100|[from] item: Leftovers\n|-damage|p1a: Dracovish|94\/100 tox|[from] psn\n|-sideend|p1: Shinigami.exe|Reflect\n|upkeep\n|turn|10\n|inactive|Battle timer is ON: inactive players will automatically lose when time's up. (requested by motifine)\n|inactive|Shinigami.exe has 120 seconds left.\n|\n|t:|1700579602\n|-terastallize|p1a: Dracovish|Water\n|move|p1a: Dracovish|Fishious Rend|p2a: Milotic\n|-resisted|p2a: Milotic\n|-damage|p2a: Milotic|8\/100\n|move|p2a: Milotic|Recover|p2a: Milotic\n|-heal|p2a: Milotic|58\/100\n|\n|-weather|Sandstorm|[upkeep]\n|-damage|p2a: Milotic|52\/100|[from] Sandstorm\n|-heal|p2a: Milotic|58\/100|[from] item: Leftovers\n|-damage|p1a: Dracovish|82\/100 tox|[from] psn\n|upkeep\n|turn|11\n|\n|t:|1700579624\n|move|p1a: Dracovish|Fishious Rend|p2a: Milotic\n|-resisted|p2a: Milotic\n|-damage|p2a: Milotic|5\/100\n|move|p2a: Milotic|Recover|p2a: Milotic\n|-heal|p2a: Milotic|55\/100\n|\n|-weather|none\n|-heal|p2a: Milotic|61\/100|[from] item: Leftovers\n|-damage|p1a: Dracovish|63\/100 tox|[from] psn\n|upkeep\n|turn|12\n|\n|t:|1700579635\n|move|p1a: Dracovish|Fishious Rend|p2a: Milotic\n|-resisted|p2a: Milotic\n|-damage|p2a: Milotic|13\/100\n|move|p2a: Milotic|Recover|p2a: Milotic\n|-heal|p2a: Milotic|63\/100\n|\n|-heal|p2a: Milotic|69\/100|[from] item: Leftovers\n|-damage|p1a: Dracovish|38\/100 tox|[from] psn\n|upkeep\n|turn|13\n|\n|t:|1700579645\n|switch|p1a: Necrozma|Necrozma-Dusk-Mane|100\/100\n|move|p2a: Milotic|Recover|p2a: Milotic\n|-heal|p2a: Milotic|100\/100\n|\n|upkeep\n|turn|14\n|\n|t:|1700579653\n|move|p1a: Necrozma|Dragon Dance|p1a: Necrozma\n|-boost|p1a: Necrozma|atk|1\n|-boost|p1a: Necrozma|spe|1\n|move|p2a: Milotic|Scald|p1a: Necrozma\n|-damage|p1a: Necrozma|73\/100\n|\n|upkeep\n|turn|15\n|\n|t:|1700579663\n|detailschange|p1a: Necrozma|Necrozma-Ultra\n|-burst|p1a: Necrozma|Necrozma|Ultranecrozium Z\n|move|p1a: Necrozma|Dragon Dance|p1a: Necrozma\n|-boost|p1a: Necrozma|atk|1\n|-boost|p1a: Necrozma|spe|1\n|move|p2a: Milotic|Haze|p2a: Milotic\n|-clearallboost\n|\n|upkeep\n|turn|16\n|\n|t:|1700579674\n|-zpower|p1a: Necrozma\n|move|p1a: Necrozma|Light That Burns the Sky|p2a: Milotic|[zeffect]\n|-damage|p2a: Milotic|8\/100\n|move|p2a: Milotic|Toxic|p1a: Necrozma\n|-status|p1a: Necrozma|tox\n|\n|-heal|p2a: Milotic|14\/100|[from] item: Leftovers\n|-damage|p1a: Necrozma|67\/100 tox|[from] psn\n|upkeep\n|turn|17\n|\n|t:|1700579686\n|move|p1a: Necrozma|Photon Geyser|p2a: Milotic\n|-damage|p2a: Milotic|0 fnt\n|faint|p2a: Milotic\n|\n|-damage|p1a: Necrozma|55\/100 tox|[from] psn\n|upkeep\n|\n|t:|1700579698\n|switch|p2a: Dragapult|Dragapult, F, shiny|100\/100\n|turn|18\n|\n|t:|1700579703\n|move|p2a: Dragapult|Shadow Ball|p1a: Necrozma\n|-supereffective|p1a: Necrozma\n|-crit|p1a: Necrozma\n|-damage|p1a: Necrozma|0 fnt\n|faint|p1a: Necrozma\n|-damage|p2a: Dragapult|91\/100|[from] item: Life Orb\n|\n|upkeep\n|\n|t:|1700579710\n|switch|p1a: Dracovish|Dracovish, tera:Water|38\/100 tox\n|turn|19\n|\n|t:|1700579718\n|move|p2a: Dragapult|Shadow Ball|p1a: Dracovish\n|-damage|p1a: Dracovish|0 fnt\n|faint|p1a: Dracovish\n|-damage|p2a: Dragapult|81\/100|[from] item: Life Orb\n|\n|upkeep\n|\n|t:|1700579730\n|switch|p1a: Hitmonlee|Hitmonlee, M|100\/100\n|turn|20\n|\n|t:|1700579734\n|switch|p2a: Corviknight|Corviknight, F, shiny|100\/100\n|-ability|p2a: Corviknight|Pressure\n|move|p1a: Hitmonlee|Endure||[still]\n|-fail|p1a: Hitmonlee\n|\n|upkeep\n|turn|21\n|\n|t:|1700579748\n|move|p1a: Hitmonlee|Endure|p1a: Hitmonlee\n|-singleturn|p1a: Hitmonlee|move: Endure\n|move|p2a: Corviknight|Body Press|p1a: Hitmonlee\n|-damage|p1a: Hitmonlee|44\/100\n|\n|upkeep\n|turn|22\n|\n|t:|1700579758\n|switch|p1a: Metagross|Metagross|100\/100\n|move|p2a: Corviknight|Body Press|p1a: Metagross\n|-damage|p1a: Metagross|84\/100\n|\n|upkeep\n|turn|23\n|\n|t:|1700579764\n|detailschange|p1a: Metagross|Metagross-Mega\n|-mega|p1a: Metagross|Metagross|Metagrossite\n|move|p1a: Metagross|Cosmic Power|p1a: Metagross\n|-boost|p1a: Metagross|def|1\n|-boost|p1a: Metagross|spd|1\n|move|p2a: Corviknight|U-turn|p1a: Metagross\n|-damage|p1a: Metagross|78\/100\n|\n|t:|1700579775\n|switch|p2a: Garganacl|Garganacl, M, shiny|100\/100|[from] U-turn\n|\n|upkeep\n|turn|24\n|inactive|Shinigami.exe has 120 seconds left.\n|inactive|Shinigami.exe has 90 seconds left.\n|\n|t:|1700579840\n|move|p1a: Metagross|Cosmic Power|p1a: Metagross\n|-boost|p1a: Metagross|def|1\n|-boost|p1a: Metagross|spd|1\n|move|p2a: Garganacl|Salt Cure|p1a: Metagross\n|-resisted|p1a: Metagross\n|-damage|p1a: Metagross|76\/100\n|-start|p1a: Metagross|Salt Cure\n|\n|-damage|p1a: Metagross|51\/100|[from] Salt Cure\n|upkeep\n|turn|25\n|inactive|Shinigami.exe has 90 seconds left.\n|\n|t:|1700579852\n|switch|p2a: Corviknight|Corviknight, F, shiny|100\/100\n|-ability|p2a: Corviknight|Pressure\n|move|p1a: Metagross|Body Press|p2a: Corviknight\n|-damage|p2a: Corviknight|54\/100\n|-damage|p1a: Metagross|35\/100|[from] item: Rocky Helmet|[of] p2a: Corviknight\n|\n|-damage|p1a: Metagross|10\/100|[from] Salt Cure\n|upkeep\n|turn|26\n|inactive|Shinigami.exe has 90 seconds left.\n|\n|t:|1700579863\n|move|p1a: Metagross|Body Press|p2a: Corviknight\n|-damage|p2a: Corviknight|0 fnt\n|-damage|p1a: Metagross|0 fnt|[from] item: Rocky Helmet|[of] p2a: Corviknight\n|faint|p2a: Corviknight\n|faint|p1a: Metagross\n|\n|upkeep\n|\n|t:|1700579870\n|switch|p1a: Hitmonlee|Hitmonlee, M|44\/100\n|switch|p2a: Dragapult|Dragapult, F, shiny|81\/100\n|turn|27\n|inactive|Shinigami.exe has 90 seconds left.\n|\n|t:|1700579905\n|move|p1a: Hitmonlee|Endure|p1a: Hitmonlee\n|-singleturn|p1a: Hitmonlee|move: Endure\n|move|p2a: Dragapult|Shadow Ball|p1a: Hitmonlee\n|-activate|p1a: Hitmonlee|move: Endure\n|-damage|p1a: Hitmonlee|1\/100\n|-enditem|p1a: Hitmonlee|Liechi Berry|[eat]\n|-boost|p1a: Hitmonlee|atk|1|[from] item: Liechi Berry\n|-damage|p2a: Dragapult|71\/100|[from] item: Life Orb\n|\n|upkeep\n|turn|28\n|\n|t:|1700579916\n|move|p1a: Hitmonlee|Stone Edge|p2a: Dragapult\n|-damage|p2a: Dragapult|0 fnt\n|faint|p2a: Dragapult\n|\n|upkeep\n|\n|t:|1700579922\n|switch|p2a: Lopunny|Lopunny-Mega, F, shiny|100\/100\n|turn|29\n|inactive|Shinigami.exe has 60 seconds left.\n|inactive|Shinigami.exe has 30 seconds left.\n|inactive|Shinigami.exe has 20 seconds left.\n|inactive|Shinigami.exe has 15 seconds left.\n|inactive|Shinigami.exe has 10 seconds left.\n|\n|t:|1700580003\n|move|p1a: Hitmonlee|Endure|p1a: Hitmonlee\n|-singleturn|p1a: Hitmonlee|move: Endure\n|move|p2a: Lopunny|Fake Out|p1a: Hitmonlee\n|-activate|p1a: Hitmonlee|move: Endure\n|-damage|p1a: Hitmonlee|1\/100\n|\n|upkeep\n|turn|30\n|inactive|Shinigami.exe has 20 seconds left this turn.\n|inactive|Shinigami.exe has 15 seconds left.\n|\n|t:|1700580013\n|switch|p2a: Garganacl|Garganacl, M, shiny|100\/100\n|move|p1a: Hitmonlee|Reversal|p2a: Garganacl\n|-supereffective|p2a: Garganacl\n|-damage|p2a: Garganacl|0 fnt\n|faint|p2a: Garganacl\n|\n|upkeep\n|inactive|Shinigami.exe has 20 seconds left this turn.\n|\n|t:|1700580021\n|switch|p2a: Lopunny|Lopunny-Mega, F, shiny|100\/100\n|turn|31\n|inactive|Shinigami.exe has 30 seconds left this turn.\n|\n|t:|1700580027\n|move|p2a: Lopunny|Fake Out|p1a: Hitmonlee\n|-damage|p1a: Hitmonlee|0 fnt\n|faint|p1a: Hitmonlee\n|\n|win|motifine\n|inactive|Shinigami.exe has 30 seconds left this turn.\n|raw|Shinigami.exe's rating: 1322 &rarr; <strong>1305<\/strong><br \/>(-17 for losing)\n|raw|motifine's rating: 1366 &rarr; <strong>1383<\/strong><br \/>(+17 for winning)\n|l|\u2606Shinigami.exe\n","uploadtime":1700580037,"views":9,"p1id":"shinigamiexe","p2id":"motifine","formatid":"gen9nationaldexubers","rating":1305,"private":0,"password":""}