{"id":"gen9nationaldexubers-1985676610","p1":"sauron379","p2":"grass knot zygarde","format":"[Gen 9] National Dex Ubers","log":"|j|\u2606sauron379\n|j|\u2606grass knot zygarde\n|t:|1699394775\n|gametype|singles\n|player|p1|sauron379|hilbert|1484\n|player|p2|grass knot zygarde|dawn|1653\n|teamsize|p1|6\n|teamsize|p2|6\n|gen|9\n|tier|[Gen 9] National Dex Ubers\n|rated|\n|rule|HP Percentage Mod: HP is shown in percentages\n|rule|Endless Battle Clause: Forcing endless battles is banned\n|rule|OHKO Clause: OHKO moves are banned\n|rule|Evasion Moves Clause: Evasion moves are banned\n|rule|Evasion Items Clause: Evasion items are banned\n|rule|Species Clause: Limit one of each Pok\u00e9mon\n|rule|Sleep Clause Mod: Limit one foe put to sleep\n|rule|Mega Rayquaza Clause: You cannot mega evolve Rayquaza\n|clearpoke\n|poke|p1|Zygarde|\n|poke|p1|Ho-Oh|\n|poke|p1|Groudon|\n|poke|p1|Eternatus|\n|poke|p1|Calyrex-Ice|\n|poke|p1|Yveltal|\n|poke|p2|Eternatus|\n|poke|p2|Zygarde|\n|poke|p2|Giratina-Origin|\n|poke|p2|Kyogre|\n|poke|p2|Zacian-*|\n|poke|p2|Arceus-Fairy|\n|teampreview\n|inactive|Battle timer is ON: inactive players will automatically lose when time's up. (requested by grass knot zygarde)\n|inactive|grass knot zygarde has 120 seconds left.\n|\n|t:|1699394828\n|start\n|switch|p1a: Groudon|Groudon|100\/100\n|switch|p2a: guy|Giratina-Origin, shiny|100\/100\n|detailschange|p1a: Groudon|Groudon-Primal\n|-primal|p1a: Groudon|Red Orb\n|-weather|DesolateLand|[from] ability: Desolate Land|[of] p1a: Groudon\n|turn|1\n|\n|t:|1699394839\n|move|p1a: Groudon|Stealth Rock|p2a: guy\n|-sidestart|p2: grass knot zygarde|move: Stealth Rock\n|move|p2a: guy|Draco Meteor|p1a: Groudon|[miss]\n|-miss|p2a: guy|p1a: Groudon\n|\n|-weather|DesolateLand|[upkeep]\n|upkeep\n|turn|2\n|\n|t:|1699394847\n|move|p2a: guy|Draco Meteor|p1a: Groudon|[miss]\n|-miss|p2a: guy|p1a: Groudon\n|move|p1a: Groudon|Stone Edge|p2a: guy\n|-damage|p2a: guy|75\/100\n|\n|-weather|DesolateLand|[upkeep]\n|upkeep\n|turn|3\n|c|\u2606grass knot zygarde|man what the fuck\n|\n|t:|1699394856\n|move|p1a: Groudon|Toxic|p2a: guy\n|-status|p2a: guy|tox\n|move|p2a: guy|Draco Meteor|p1a: Groudon\n|-damage|p1a: Groudon|48\/100\n|-unboost|p2a: guy|spa|2\n|\n|-weather|DesolateLand|[upkeep]\n|-damage|p2a: guy|69\/100 tox|[from] psn\n|upkeep\n|turn|4\n|c|\u2606sauron379|oof, 1 in 100 for those odds\n|inactive|sauron379 has 120 seconds left.\n|\n|t:|1699394887\n|-weather|none\n|switch|p1a: Calyrex|Calyrex-Ice|100\/100\n|-ability|p1a: Calyrex|As One\n|-ability|p1a: Calyrex|Unnerve\n|move|p2a: guy|Defog|p1a: Calyrex\n|-unboost|p1a: Calyrex|evasion|1\n|-sideend|p2: grass knot zygarde|Stealth Rock|[from] move: Defog|[of] p2a: guy\n|\n|-damage|p2a: guy|57\/100 tox|[from] psn\n|upkeep\n|turn|5\n|inactive|sauron379 has 120 seconds left.\n|\n|t:|1699394911\n|switch|p2a: Heavy Matter Of P|Kyogre, shiny|100\/100\n|detailschange|p2a: Heavy Matter Of P|Kyogre-Primal, shiny\n|-primal|p2a: Heavy Matter Of P|Blue Orb\n|-weather|PrimordialSea|[from] ability: Primordial Sea|[of] p2a: Heavy Matter Of P\n|move|p1a: Calyrex|Glacial Lance|p2a: Heavy Matter Of P\n|-resisted|p2a: Heavy Matter Of P\n|-damage|p2a: Heavy Matter Of P|55\/100\n|\n|-weather|PrimordialSea|[upkeep]\n|upkeep\n|turn|6\n|\n|t:|1699394922\n|-weather|none\n|switch|p2a: Story: No Title|Arceus-Fairy, shiny|100\/100\n|switch|p1a: Groudon|Groudon-Primal|48\/100\n|-weather|DesolateLand|[from] ability: Desolate Land|[of] p1a: Groudon\n|\n|-weather|DesolateLand|[upkeep]\n|upkeep\n|turn|7\n|\n|t:|1699394934\n|move|p2a: Story: No Title|Stealth Rock|p1a: Groudon\n|-sidestart|p1: sauron379|move: Stealth Rock\n|move|p1a: Groudon|Precipice Blades|p2a: Story: No Title\n|-damage|p2a: Story: No Title|64\/100\n|\n|-weather|DesolateLand|[upkeep]\n|upkeep\n|turn|8\n|\n|t:|1699394938\n|switch|p2a: Skibidi Toilet|Zygarde, shiny|100\/100\n|move|p1a: Groudon|Toxic|p2a: Skibidi Toilet\n|-status|p2a: Skibidi Toilet|tox\n|\n|-weather|DesolateLand|[upkeep]\n|-damage|p2a: Skibidi Toilet|94\/100 tox|[from] psn\n|upkeep\n|turn|9\n|\n|t:|1699394947\n|-weather|none\n|switch|p1a: Calyrex|Calyrex-Ice|100\/100\n|-ability|p1a: Calyrex|As One\n|-ability|p1a: Calyrex|Unnerve\n|-damage|p1a: Calyrex|76\/100|[from] Stealth Rock\n|move|p2a: Skibidi Toilet|Dragon Tail|p1a: Calyrex\n|-damage|p1a: Calyrex|59\/100\n|drag|p1a: Eternatus|Eternatus|100\/100\n|-damage|p1a: Eternatus|88\/100|[from] Stealth Rock\n|-ability|p1a: Eternatus|Pressure\n|\n|-heal|p2a: Skibidi Toilet|100\/100 tox|[from] item: Leftovers\n|-damage|p2a: Skibidi Toilet|88\/100 tox|[from] psn\n|upkeep\n|turn|10\n|inactive|sauron379 has 120 seconds left.\n|\n|t:|1699394970\n|switch|p2a: \ua329\ua35f\ua074\ua14f\ua2ea\ua038\ua038\ua0a6\ua329\ua038\ua018\ua02d|Zacian-Crowned, shiny|100\/100\n|-ability|p2a: \ua329\ua35f\ua074\ua14f\ua2ea\ua038\ua038\ua0a6\ua329\ua038\ua018\ua02d|Intrepid Sword|boost\n|-boost|p2a: \ua329\ua35f\ua074\ua14f\ua2ea\ua038\ua038\ua0a6\ua329\ua038\ua018\ua02d|atk|1\n|move|p1a: Eternatus|Meteor Beam||[still]\n|-prepare|p1a: Eternatus|Meteor Beam\n|-boost|p1a: Eternatus|spa|1\n|-enditem|p1a: Eternatus|Power Herb\n|-anim|p1a: Eternatus|Meteor Beam|p2a: \ua329\ua35f\ua074\ua14f\ua2ea\ua038\ua038\ua0a6\ua329\ua038\ua018\ua02d\n|-resisted|p2a: \ua329\ua35f\ua074\ua14f\ua2ea\ua038\ua038\ua0a6\ua329\ua038\ua018\ua02d\n|-damage|p2a: \ua329\ua35f\ua074\ua14f\ua2ea\ua038\ua038\ua0a6\ua329\ua038\ua018\ua02d|69\/100\n|\n|upkeep\n|turn|11\n|inactive|sauron379 has 120 seconds left.\n|\n|t:|1699394982\n|-terastallize|p2a: \ua329\ua35f\ua074\ua14f\ua2ea\ua038\ua038\ua0a6\ua329\ua038\ua018\ua02d|Ground\n|-terastallize|p1a: Eternatus|Fire\n|move|p2a: \ua329\ua35f\ua074\ua14f\ua2ea\ua038\ua038\ua0a6\ua329\ua038\ua018\ua02d|Tera Blast|p1a: Eternatus|[anim] Tera Blast Ground\n|-supereffective|p1a: Eternatus\n|-damage|p1a: Eternatus|0 fnt\n|faint|p1a: Eternatus\n|\n|upkeep\n|inactive|sauron379 has 120 seconds left.\n|\n|t:|1699394998\n|switch|p1a: Calyrex|Calyrex-Ice|59\/100\n|-ability|p1a: Calyrex|As One\n|-ability|p1a: Calyrex|Unnerve\n|-damage|p1a: Calyrex|35\/100|[from] Stealth Rock\n|turn|12\n|\n|t:|1699395004\n|move|p2a: \ua329\ua35f\ua074\ua14f\ua2ea\ua038\ua038\ua0a6\ua329\ua038\ua018\ua02d|Behemoth Blade|p1a: Calyrex\n|-supereffective|p1a: Calyrex\n|-damage|p1a: Calyrex|0 fnt\n|faint|p1a: Calyrex\n|\n|upkeep\n|\n|t:|1699395009\n|switch|p1a: Ho-Oh|Ho-Oh|100\/100\n|-ability|p1a: Ho-Oh|Pressure\n|turn|13\n|\n|t:|1699395015\n|move|p2a: \ua329\ua35f\ua074\ua14f\ua2ea\ua038\ua038\ua0a6\ua329\ua038\ua018\ua02d|Wild Charge|p1a: Ho-Oh\n|-supereffective|p1a: Ho-Oh\n|-damage|p1a: Ho-Oh|32\/100\n|-damage|p2a: \ua329\ua35f\ua074\ua14f\ua2ea\ua038\ua038\ua0a6\ua329\ua038\ua018\ua02d|47\/100|[from] Recoil\n|move|p1a: Ho-Oh|Defog|p2a: \ua329\ua35f\ua074\ua14f\ua2ea\ua038\ua038\ua0a6\ua329\ua038\ua018\ua02d\n|-unboost|p2a: \ua329\ua35f\ua074\ua14f\ua2ea\ua038\ua038\ua0a6\ua329\ua038\ua018\ua02d|evasion|1\n|-sideend|p1: sauron379|Stealth Rock|[from] move: Defog|[of] p1a: Ho-Oh\n|\n|upkeep\n|turn|14\n|\n|t:|1699395024\n|move|p2a: \ua329\ua35f\ua074\ua14f\ua2ea\ua038\ua038\ua0a6\ua329\ua038\ua018\ua02d|Behemoth Blade|p1a: Ho-Oh\n|-resisted|p1a: Ho-Oh\n|-damage|p1a: Ho-Oh|4\/100\n|move|p1a: Ho-Oh|Sacred Fire|p2a: \ua329\ua35f\ua074\ua14f\ua2ea\ua038\ua038\ua0a6\ua329\ua038\ua018\ua02d\n|-crit|p2a: \ua329\ua35f\ua074\ua14f\ua2ea\ua038\ua038\ua0a6\ua329\ua038\ua018\ua02d\n|-damage|p2a: \ua329\ua35f\ua074\ua14f\ua2ea\ua038\ua038\ua0a6\ua329\ua038\ua018\ua02d|0 fnt\n|faint|p2a: \ua329\ua35f\ua074\ua14f\ua2ea\ua038\ua038\ua0a6\ua329\ua038\ua018\ua02d\n|\n|upkeep\n|\n|t:|1699395029\n|switch|p2a: Sid Shyne|Eternatus, shiny|100\/100\n|-ability|p2a: Sid Shyne|Pressure\n|turn|15\n|\n|t:|1699395035\n|move|p2a: Sid Shyne|Sludge Bomb|p1a: Ho-Oh\n|-damage|p1a: Ho-Oh|0 fnt\n|faint|p1a: Ho-Oh\n|\n|upkeep\n|\n|t:|1699395039\n|switch|p1a: Groudon|Groudon-Primal|48\/100\n|-weather|DesolateLand|[from] ability: Desolate Land|[of] p1a: Groudon\n|turn|16\n|\n|t:|1699395043\n|switch|p2a: Skibidi Toilet|Zygarde, shiny|88\/100 tox\n|move|p1a: Groudon|Precipice Blades|p2a: Skibidi Toilet\n|-damage|p2a: Skibidi Toilet|49\/100 tox\n|\n|-weather|DesolateLand|[upkeep]\n|-heal|p2a: Skibidi Toilet|56\/100 tox|[from] item: Leftovers\n|-damage|p2a: Skibidi Toilet|49\/100 tox|[from] psn\n|-activate|p2a: Skibidi Toilet|ability: Power Construct\n|detailschange|p2a: Skibidi Toilet|Zygarde-Complete, shiny\n|-heal|p2a: Skibidi Toilet|67\/100 tox|[silent]\n|upkeep\n|turn|17\n|\n|t:|1699395056\n|move|p1a: Groudon|Stealth Rock|p2a: Skibidi Toilet\n|-sidestart|p2: grass knot zygarde|move: Stealth Rock\n|move|p2a: Skibidi Toilet|Thousand Arrows|p1a: Groudon\n|-supereffective|p1a: Groudon\n|-damage|p1a: Groudon|17\/100\n|\n|-weather|DesolateLand|[upkeep]\n|-heal|p2a: Skibidi Toilet|73\/100 tox|[from] item: Leftovers\n|-damage|p2a: Skibidi Toilet|61\/100 tox|[from] psn\n|upkeep\n|turn|18\n|\n|t:|1699395063\n|move|p1a: Groudon|Stone Edge|p2a: Skibidi Toilet\n|-resisted|p2a: Skibidi Toilet\n|-damage|p2a: Skibidi Toilet|54\/100 tox\n|move|p2a: Skibidi Toilet|Dragon Tail|p1a: Groudon|[miss]\n|-miss|p2a: Skibidi Toilet|p1a: Groudon\n|\n|-weather|DesolateLand|[upkeep]\n|-heal|p2a: Skibidi Toilet|60\/100 tox|[from] item: Leftovers\n|-damage|p2a: Skibidi Toilet|42\/100 tox|[from] psn\n|upkeep\n|turn|19\n|\n|t:|1699395075\n|move|p1a: Groudon|Precipice Blades|p2a: Skibidi Toilet\n|-damage|p2a: Skibidi Toilet|18\/100 tox\n|move|p2a: Skibidi Toilet|Rest|p2a: Skibidi Toilet\n|-status|p2a: Skibidi Toilet|slp|[from] move: Rest\n|-heal|p2a: Skibidi Toilet|100\/100 slp|[silent]\n|\n|-weather|DesolateLand|[upkeep]\n|upkeep\n|turn|20\n|\n|t:|1699395081\n|-weather|none\n|switch|p1a: Zygarde|Zygarde|100\/100\n|cant|p2a: Skibidi Toilet|slp\n|\n|upkeep\n|turn|21\n|\n|t:|1699395086\n|move|p1a: Zygarde|Dragon Dance|p1a: Zygarde\n|-boost|p1a: Zygarde|atk|1\n|-boost|p1a: Zygarde|spe|1\n|cant|p2a: Skibidi Toilet|slp\n|\n|upkeep\n|turn|22\n|\n|t:|1699395094\n|move|p1a: Zygarde|Thousand Waves|p2a: Skibidi Toilet\n|-damage|p2a: Skibidi Toilet|86\/100 slp\n|-activate|p2a: Skibidi Toilet|trapped\n|-curestatus|p2a: Skibidi Toilet|slp|[msg]\n|move|p2a: Skibidi Toilet|Dragon Tail|p1a: Zygarde|[miss]\n|-miss|p2a: Skibidi Toilet|p1a: Zygarde\n|\n|-heal|p2a: Skibidi Toilet|92\/100|[from] item: Leftovers\n|upkeep\n|turn|23\n|c|\u2606grass knot zygarde|how do i miss so much\n|\n|t:|1699395109\n|move|p1a: Zygarde|Dragon Dance|p1a: Zygarde\n|-boost|p1a: Zygarde|atk|1\n|-boost|p1a: Zygarde|spe|1\n|move|p2a: Skibidi Toilet|Dragon Tail|p1a: Zygarde\n|-supereffective|p1a: Zygarde\n|-damage|p1a: Zygarde|77\/100\n|drag|p1a: Groudon|Groudon-Primal|17\/100\n|-weather|DesolateLand|[from] ability: Desolate Land|[of] p1a: Groudon\n|\n|-weather|DesolateLand|[upkeep]\n|-heal|p2a: Skibidi Toilet|98\/100|[from] item: Leftovers\n|upkeep\n|turn|24\n|-message|sauron379 forfeited.\n|\n|win|grass knot zygarde\n|raw|sauron379's rating: 1484 &rarr; <strong>1473<\/strong><br \/>(-11 for losing)\n|raw|grass knot zygarde's rating: 1653 &rarr; <strong>1664<\/strong><br \/>(+11 for winning)\n|l|\u2606sauron379\n","uploadtime":1699395124,"views":5,"p1id":"sauron379","p2id":"grassknotzygarde","formatid":"gen9nationaldexubers","rating":1473,"private":0,"password":""}