{"id":"gen9nationaldexubers-1984054320","p1":"Jam20Jam","p2":"tbor2002","format":"[Gen 9] National Dex Ubers","log":"|j|\u2606Jam20Jam\n|j|\u2606tbor2002\n|t:|1699213953\n|gametype|singles\n|player|p1|Jam20Jam|carmine|\n|player|p2|tbor2002|wattson|\n|teamsize|p1|6\n|teamsize|p2|6\n|gen|9\n|tier|[Gen 9] National Dex Ubers\n|rule|HP Percentage Mod: HP is shown in percentages\n|rule|Endless Battle Clause: Forcing endless battles is banned\n|rule|OHKO Clause: OHKO moves are banned\n|rule|Evasion Moves Clause: Evasion moves are banned\n|rule|Evasion Items Clause: Evasion items are banned\n|rule|Species Clause: Limit one of each Pok\u00e9mon\n|rule|Sleep Clause Mod: Limit one foe put to sleep\n|rule|Mega Rayquaza Clause: You cannot mega evolve Rayquaza\n|clearpoke\n|poke|p1|Amoonguss, M|\n|poke|p1|Skeledirge, M|\n|poke|p1|Cetitan, F|\n|poke|p1|Coalossal, M|\n|poke|p1|Flapple, F|\n|poke|p1|Grimer-Alola, M|\n|poke|p2|Walking Wake|\n|poke|p2|Muk-Alola, F|\n|poke|p2|Jolteon, F|\n|poke|p2|Toxicroak, M|\n|poke|p2|Falinks|\n|poke|p2|Glimmet, F|\n|teampreview\n|\n|t:|1699213962\n|start\n|switch|p1a: Grimer|Grimer-Alola, M|100\/100\n|switch|p2a: Glimmet|Glimmet, F|100\/100\n|turn|1\n|\n|t:|1699213971\n|move|p2a: Glimmet|Sunny Day|p2a: Glimmet\n|-weather|SunnyDay\n|move|p1a: Grimer|Knock Off|p2a: Glimmet\n|-enditem|p2a: Glimmet|Focus Sash\n|-damage|p2a: Glimmet|1\/100\n|-activate|p2a: Glimmet|ability: Toxic Debris\n|-sidestart|p1: Jam20Jam|move: Toxic Spikes\n|\n|-weather|SunnyDay|[upkeep]\n|upkeep\n|turn|2\n|\n|t:|1699213988\n|move|p2a: Glimmet|Power Gem|p1a: Grimer\n|-damage|p1a: Grimer|64\/100\n|move|p1a: Grimer|Knock Off|p2a: Glimmet\n|-damage|p2a: Glimmet|0 fnt\n|-activate|p2a: Glimmet|ability: Toxic Debris\n|-sidestart|p1: Jam20Jam|move: Toxic Spikes\n|faint|p2a: Glimmet\n|\n|-weather|SunnyDay|[upkeep]\n|upkeep\n|\n|t:|1699214006\n|switch|p2a: Jolteon|Jolteon, F|100\/100\n|turn|3\n|\n|t:|1699214014\n|move|p1a: Grimer|Gunk Shot|p2a: Jolteon\n|-damage|p2a: Jolteon|3\/100\n|move|p2a: Jolteon|Roar|p1a: Grimer\n|drag|p1a: Amoonguss|Amoonguss, M|100\/100\n|-sideend|p1: Jam20Jam|move: Toxic Spikes|[of] p1a: Amoonguss\n|\n|-weather|SunnyDay|[upkeep]\n|upkeep\n|turn|4\n|\n|t:|1699214030\n|move|p2a: Jolteon|Hidden Power|p1a: Amoonguss\n|-supereffective|p1a: Amoonguss\n|-damage|p1a: Amoonguss|75\/100\n|move|p1a: Amoonguss|Stomping Tantrum|p2a: Jolteon\n|-supereffective|p2a: Jolteon\n|-damage|p2a: Jolteon|0 fnt\n|faint|p2a: Jolteon\n|\n|-weather|SunnyDay|[upkeep]\n|-heal|p1a: Amoonguss|81\/100|[from] item: Leftovers\n|upkeep\n|\n|t:|1699214041\n|switch|p2a: Walking Wake|Walking Wake|100\/100\n|-activate|p2a: Walking Wake|ability: Protosynthesis\n|-start|p2a: Walking Wake|protosynthesisspe\n|turn|5\n|\n|t:|1699214076\n|switch|p1a: Grimer|Grimer-Alola, M|64\/100\n|move|p2a: Walking Wake|Hydro Steam|p1a: Grimer\n|-damage|p1a: Grimer|0 fnt\n|faint|p1a: Grimer\n|\n|-weather|none\n|-end|p2a: Walking Wake|Protosynthesis\n|upkeep\n|\n|t:|1699214084\n|switch|p1a: Flapple|Flapple, F|100\/100\n|turn|6\n|\n|t:|1699214101\n|-end|p2a: Walking Wake|Protosynthesis|[silent]\n|switch|p2a: Muk|Muk-Alola, F|100\/100\n|-terastallize|p1a: Flapple|Steel\n|move|p1a: Flapple|U-turn|p2a: Muk|[miss]\n|-miss|p1a: Flapple|p2a: Muk\n|\n|upkeep\n|turn|7\n|\n|t:|1699214109\n|move|p1a: Flapple|U-turn|p2a: Muk\n|-damage|p2a: Muk|48\/100\n|\n|t:|1699214124\n|switch|p1a: Coalossal|Coalossal, M|100\/100|[from] U-turn\n|move|p2a: Muk|Knock Off|p1a: Coalossal\n|-damage|p1a: Coalossal|76\/100\n|-enditem|p1a: Coalossal|Assault Vest|[from] move: Knock Off|[of] p2a: Muk\n|\n|upkeep\n|turn|8\n|\n|t:|1699214154\n|move|p2a: Muk|Rock Slide|p1a: Coalossal\n|-supereffective|p1a: Coalossal\n|-damage|p1a: Coalossal|49\/100\n|move|p1a: Coalossal|Gyro Ball|p2a: Muk\n|-damage|p2a: Muk|30\/100\n|\n|upkeep\n|turn|9\n|\n|t:|1699214166\n|move|p2a: Muk|Poison Jab|p1a: Coalossal\n|-resisted|p1a: Coalossal\n|-damage|p1a: Coalossal|39\/100\n|-status|p1a: Coalossal|psn|[from] ability: Poison Touch|[of] p2a: Muk\n|move|p1a: Coalossal|Heat Crash|p2a: Muk\n|-damage|p2a: Muk|0 fnt\n|faint|p2a: Muk\n|\n|-damage|p1a: Coalossal|27\/100 psn|[from] psn\n|upkeep\n|\n|t:|1699214178\n|switch|p2a: Walking Wake|Walking Wake|100\/100\n|turn|10\n|\n|t:|1699214184\n|move|p2a: Walking Wake|Hydro Steam|p1a: Coalossal\n|-supereffective|p1a: Coalossal\n|-damage|p1a: Coalossal|0 fnt\n|faint|p1a: Coalossal\n|\n|upkeep\n|\n|t:|1699214191\n|switch|p1a: Amoonguss|Amoonguss, M|100\/100\n|turn|11\n|\n|t:|1699214213\n|-end|p2a: Walking Wake|Protosynthesis|[silent]\n|switch|p2a: Falinks|Falinks|100\/100\n|move|p1a: Amoonguss|Spore|p2a: Falinks\n|-status|p2a: Falinks|slp|[from] move: Spore\n|-enditem|p2a: Falinks|Lum Berry|[eat]\n|-curestatus|p2a: Falinks|slp|[msg]\n|\n|upkeep\n|turn|12\n|\n|t:|1699214230\n|move|p2a: Falinks|Rock Slide|p1a: Amoonguss\n|-crit|p1a: Amoonguss\n|-damage|p1a: Amoonguss|63\/100\n|move|p1a: Amoonguss|Spore|p2a: Falinks\n|-status|p2a: Falinks|slp|[from] move: Spore\n|\n|-heal|p1a: Amoonguss|69\/100|[from] item: Leftovers\n|upkeep\n|turn|13\n|\n|t:|1699214241\n|switch|p2a: Toxicroak|Toxicroak, M|100\/100\n|switch|p1a: Cetitan|Cetitan, F|100\/100\n|\n|upkeep\n|turn|14\n|\n|t:|1699214251\n|switch|p1a: Skeledirge|Skeledirge, M|100\/100\n|move|p2a: Toxicroak|Swords Dance|p2a: Toxicroak\n|-boost|p2a: Toxicroak|atk|2\n|\n|upkeep\n|turn|15\n|\n|t:|1699214261\n|-terastallize|p2a: Toxicroak|Dark\n|move|p2a: Toxicroak|Sucker Punch|p1a: Skeledirge\n|-supereffective|p1a: Skeledirge\n|-damage|p1a: Skeledirge|27\/100\n|-damage|p2a: Toxicroak|91\/100|[from] item: Life Orb\n|move|p1a: Skeledirge|Earth Power|p2a: Toxicroak\n|-damage|p2a: Toxicroak|44\/100\n|\n|upkeep\n|turn|16\n|\n|t:|1699214279\n|switch|p1a: Amoonguss|Amoonguss, M|100\/100\n|move|p2a: Toxicroak|Gunk Shot|p1a: Amoonguss\n|-damage|p1a: Amoonguss|0 fnt\n|faint|p1a: Amoonguss\n|-damage|p2a: Toxicroak|34\/100|[from] item: Life Orb\n|\n|upkeep\n|\n|t:|1699214290\n|switch|p1a: Flapple|Flapple, F, tera:Steel|100\/100\n|turn|17\n|\n|t:|1699214297\n|move|p1a: Flapple|Sucker Punch|p2a: Toxicroak\n|-resisted|p2a: Toxicroak\n|-damage|p2a: Toxicroak|0 fnt\n|faint|p2a: Toxicroak\n|\n|upkeep\n|\n|t:|1699214305\n|switch|p2a: Falinks|Falinks|100\/100 slp\n|turn|18\n|\n|t:|1699214309\n|switch|p1a: Cetitan|Cetitan, F|100\/100\n|cant|p2a: Falinks|slp\n|\n|upkeep\n|turn|19\n|\n|t:|1699214314\n|cant|p2a: Falinks|slp\n|move|p1a: Cetitan|Belly Drum|p1a: Cetitan\n|-damage|p1a: Cetitan|50\/100\n|-setboost|p1a: Cetitan|atk|6|[from] move: Belly Drum\n|\n|upkeep\n|turn|20\n|\n|t:|1699214321\n|cant|p2a: Falinks|slp\n|move|p1a: Cetitan|Liquidation|p2a: Falinks\n|-damage|p2a: Falinks|0 fnt\n|faint|p2a: Falinks\n|\n|upkeep\n|\n|t:|1699214329\n|switch|p2a: Walking Wake|Walking Wake|100\/100\n|turn|21\n|\n|t:|1699214352\n|move|p1a: Cetitan|Ice Shard|p2a: Walking Wake\n|-damage|p2a: Walking Wake|18\/100\n|move|p2a: Walking Wake|Hydro Steam|p1a: Cetitan\n|-damage|p1a: Cetitan|0 fnt\n|faint|p1a: Cetitan\n|\n|upkeep\n|\n|t:|1699214361\n|switch|p1a: Flapple|Flapple, F, tera:Steel|100\/100\n|turn|22\n|\n|t:|1699214365\n|move|p1a: Flapple|Sucker Punch|p2a: Walking Wake\n|-damage|p2a: Walking Wake|0 fnt\n|faint|p2a: Walking Wake\n|-end|p2a: Walking Wake|Protosynthesis|[silent]\n|\n|win|Jam20Jam\n|l|\u2606tbor2002\n","uploadtime":1699214379,"views":4,"p1id":"jam20jam","p2id":"tbor2002","formatid":"gen9nationaldexubers","rating":0,"private":0,"password":""}