{"id":"gen9nationaldexubers-1978819348","p1":"zillygaming","p2":"gattin9","format":"[Gen 9] National Dex Ubers","log":"|j|\u2606zillygaming\n|j|\u2606gattin9\n|t:|1698598990\n|gametype|singles\n|player|p1|zillygaming|ingo|1212\n|player|p2|gattin9|n|1142\n|teamsize|p1|6\n|teamsize|p2|6\n|gen|9\n|tier|[Gen 9] National Dex Ubers\n|rated|\n|rule|HP Percentage Mod: HP is shown in percentages\n|rule|Endless Battle Clause: Forcing endless battles is banned\n|rule|OHKO Clause: OHKO moves are banned\n|rule|Evasion Moves Clause: Evasion moves are banned\n|rule|Evasion Items Clause: Evasion items are banned\n|rule|Species Clause: Limit one of each Pok\u00e9mon\n|rule|Sleep Clause Mod: Limit one foe put to sleep\n|rule|Mega Rayquaza Clause: You cannot mega evolve Rayquaza\n|clearpoke\n|poke|p1|Incineroar, F|\n|poke|p1|Meowscarada, F|\n|poke|p1|Zacian-*|\n|poke|p1|Blastoise, M|\n|poke|p1|Lycanroc-Dusk, F|\n|poke|p1|Lunala|\n|poke|p2|Swampert, M|\n|poke|p2|Scolipede, M|\n|poke|p2|Dondozo, M|\n|poke|p2|Dragapult, M|\n|poke|p2|Garchomp, M|\n|poke|p2|Pelipper, M|\n|teampreview\n|\n|t:|1698598995\n|start\n|switch|p1a: Meowscarada|Meowscarada, F, shiny|100\/100\n|switch|p2a: Dragapult|Dragapult, M|100\/100\n|turn|1\n|c|\u2606gattin9|Interesting\n|\n|t:|1698599004\n|-terastallize|p2a: Dragapult|Fairy\n|move|p2a: Dragapult|Dragon Dance|p2a: Dragapult\n|-boost|p2a: Dragapult|atk|1\n|-boost|p2a: Dragapult|spe|1\n|move|p1a: Meowscarada|Toxic Spikes|p2a: Dragapult\n|-start|p1a: Meowscarada|typechange|Poison|[from] ability: Protean\n|-sidestart|p2: gattin9|move: Toxic Spikes\n|\n|upkeep\n|turn|2\n|\n|t:|1698599014\n|move|p2a: Dragapult|Dragon Dance|p2a: Dragapult\n|-boost|p2a: Dragapult|atk|1\n|-boost|p2a: Dragapult|spe|1\n|move|p1a: Meowscarada|Toxic Spikes|p2a: Dragapult\n|-sidestart|p2: gattin9|move: Toxic Spikes\n|\n|upkeep\n|turn|3\n|\n|t:|1698599023\n|move|p2a: Dragapult|Dragon Darts|p1a: Meowscarada\n|-damage|p1a: Meowscarada|28\/100\n|-anim|p2a: Dragapult|Dragon Darts|p1a: Meowscarada\n|-damage|p1a: Meowscarada|0 fnt\n|faint|p1a: Meowscarada\n|-damage|p2a: Dragapult|91\/100|[from] item: Life Orb\n|\n|upkeep\n|\n|t:|1698599037\n|switch|p1a: Zacian|Zacian-Crowned, shiny|100\/100\n|-ability|p1a: Zacian|Intrepid Sword|boost\n|-boost|p1a: Zacian|atk|1\n|turn|4\n|\n|t:|1698599041\n|move|p2a: Dragapult|Fire Blast|p1a: Zacian|[miss]\n|-miss|p2a: Dragapult|p1a: Zacian\n|move|p1a: Zacian|Behemoth Blade|p2a: Dragapult\n|-supereffective|p2a: Dragapult\n|-damage|p2a: Dragapult|0 fnt\n|faint|p2a: Dragapult\n|\n|upkeep\n|\n|t:|1698599050\n|switch|p2a: Pelipper|Pelipper, M|100\/100\n|-weather|RainDance|[from] ability: Drizzle|[of] p2a: Pelipper\n|turn|5\n|c|\u2606gattin9|Oh no\n|\n|t:|1698599060\n|move|p1a: Zacian|Play Rough|p2a: Pelipper\n|-damage|p2a: Pelipper|26\/100\n|move|p2a: Pelipper|Brave Bird|p1a: Zacian\n|-resisted|p1a: Zacian\n|-damage|p1a: Zacian|90\/100\n|-damage|p2a: Pelipper|23\/100|[from] Recoil\n|\n|-weather|RainDance|[upkeep]\n|upkeep\n|turn|6\n|\n|t:|1698599071\n|move|p1a: Zacian|Behemoth Blade|p2a: Pelipper\n|-resisted|p2a: Pelipper\n|-damage|p2a: Pelipper|0 fnt\n|faint|p2a: Pelipper\n|\n|-weather|RainDance|[upkeep]\n|upkeep\n|\n|t:|1698599077\n|switch|p2a: Swampert|Swampert, M|100\/100\n|-status|p2a: Swampert|tox\n|turn|7\n|c|\u2606gattin9|Wait\n|\n|t:|1698599097\n|switch|p1a: Lycanroc|Lycanroc-Dusk, F, shiny|100\/100\n|detailschange|p2a: Swampert|Swampert-Mega, M\n|-mega|p2a: Swampert|Swampert|Swampertite\n|move|p2a: Swampert|Earthquake|p1a: Lycanroc\n|-supereffective|p1a: Lycanroc\n|-enditem|p1a: Lycanroc|Focus Sash\n|-damage|p1a: Lycanroc|1\/100\n|\n|-weather|RainDance|[upkeep]\n|-damage|p2a: Swampert|94\/100 tox|[from] psn\n|upkeep\n|turn|8\n|c|\u2606gattin9|Im just gonna use power of pokemon\n|\n|t:|1698599112\n|move|p2a: Swampert|Earthquake|p1a: Lycanroc\n|-supereffective|p1a: Lycanroc\n|-damage|p1a: Lycanroc|0 fnt\n|faint|p1a: Lycanroc\n|\n|-weather|RainDance|[upkeep]\n|-damage|p2a: Swampert|82\/100 tox|[from] psn\n|upkeep\n|\n|t:|1698599134\n|switch|p1a: Lunala|Lunala, shiny|100\/100\n|turn|9\n|\n|t:|1698599139\n|move|p2a: Swampert|Waterfall|p1a: Lunala\n|-damage|p1a: Lunala|69\/100\n|move|p1a: Lunala|Moongeist Beam|p2a: Swampert\n|-damage|p2a: Swampert|33\/100 tox\n|\n|-weather|RainDance|[upkeep]\n|-damage|p2a: Swampert|15\/100 tox|[from] psn\n|upkeep\n|turn|10\n|\n|t:|1698599152\n|switch|p2a: Dondozo|Dondozo, M|100\/100\n|-status|p2a: Dondozo|tox\n|move|p1a: Lunala|Meteor Beam||[still]\n|-prepare|p1a: Lunala|Meteor Beam\n|-boost|p1a: Lunala|spa|1\n|-enditem|p1a: Lunala|Power Herb\n|-anim|p1a: Lunala|Meteor Beam|p2a: Dondozo\n|-damage|p2a: Dondozo|60\/100 tox\n|\n|-weather|RainDance|[upkeep]\n|-heal|p2a: Dondozo|66\/100 tox|[from] item: Leftovers\n|-damage|p2a: Dondozo|60\/100 tox|[from] psn\n|upkeep\n|turn|11\n|c|\u2606gattin9|Wait there is nobody form stop me\n|\n|t:|1698599168\n|move|p1a: Lunala|Moongeist Beam|p2a: Dondozo\n|-damage|p2a: Dondozo|0 fnt\n|faint|p2a: Dondozo\n|\n|-weather|RainDance|[upkeep]\n|upkeep\n|\n|t:|1698599173\n|switch|p2a: Garchomp|Garchomp, M|100\/100\n|-status|p2a: Garchomp|tox\n|turn|12\n|inactive|Battle timer is ON: inactive players will automatically lose when time's up. (requested by gattin9)\n|\n|t:|1698599183\n|move|p2a: Garchomp|Substitute|p2a: Garchomp\n|-start|p2a: Garchomp|Substitute\n|-damage|p2a: Garchomp|76\/100 tox\n|move|p1a: Lunala|Moongeist Beam|p2a: Garchomp\n|-end|p2a: Garchomp|Substitute\n|\n|-weather|none\n|-damage|p2a: Garchomp|69\/100 tox|[from] psn\n|upkeep\n|turn|13\n|\n|t:|1698599192\n|move|p2a: Garchomp|Substitute|p2a: Garchomp\n|-start|p2a: Garchomp|Substitute\n|-damage|p2a: Garchomp|44\/100 tox\n|move|p1a: Lunala|Moongeist Beam|p2a: Garchomp\n|-end|p2a: Garchomp|Substitute\n|\n|-damage|p2a: Garchomp|32\/100 tox|[from] psn\n|upkeep\n|turn|14\n|\n|t:|1698599202\n|move|p2a: Garchomp|Swords Dance|p2a: Garchomp\n|-boost|p2a: Garchomp|atk|2\n|move|p1a: Lunala|Moongeist Beam|p2a: Garchomp\n|-damage|p2a: Garchomp|0 fnt\n|faint|p2a: Garchomp\n|\n|upkeep\n|\n|t:|1698599206\n|switch|p2a: Swampert|Swampert-Mega, M|15\/100 tox\n|turn|15\n|-message|gattin9 forfeited.\n|\n|win|zillygaming\n|raw|zillygaming's rating: 1212 &rarr; <strong>1232<\/strong><br \/>(+20 for winning)\n|raw|gattin9's rating: 1142 &rarr; <strong>1122<\/strong><br \/>(-20 for losing)\n|l|\u2606gattin9\n","uploadtime":1698599218,"views":11,"p1id":"zillygaming","p2id":"gattin9","formatid":"gen9nationaldexubers","rating":1122,"private":0,"password":""}