{"id":"gen9nationaldexubers-1997825427","p1":"pegusas","p2":"hurenkebi","format":"[Gen 9] National Dex Ubers","log":"|j|\u2606pegusas\n|j|\u2606hurenkebi\n|t:|1700856783\n|gametype|singles\n|player|p1|pegusas|ghetsis|\n|player|p2|hurenkebi|kimonogirl|\n|teamsize|p1|6\n|teamsize|p2|6\n|gen|9\n|tier|[Gen 9] National Dex Ubers\n|rule|HP Percentage Mod: HP is shown in percentages\n|rule|Endless Battle Clause: Forcing endless battles is banned\n|rule|OHKO Clause: OHKO moves are banned\n|rule|Evasion Moves Clause: Evasion moves are banned\n|rule|Evasion Items Clause: Evasion items are banned\n|rule|Species Clause: Limit one of each Pok\u00e9mon\n|rule|Sleep Clause Mod: Limit one foe put to sleep\n|rule|Mega Rayquaza Clause: You cannot mega evolve Rayquaza\n|clearpoke\n|poke|p1|Dialga|\n|poke|p1|Palkia|\n|poke|p1|Weavile, M|\n|poke|p1|Honchkrow, M|\n|poke|p1|Crobat, M|\n|poke|p1|Houndoom, M|\n|poke|p2|Kyurem-Black|\n|poke|p2|Hydreigon, M|\n|poke|p2|Seismitoad, M|\n|poke|p2|Bouffalant, F|\n|poke|p2|Drapion, F|\n|poke|p2|Cofagrigus, F|\n|teampreview\n|j| chengza\n|\n|t:|1700856788\n|start\n|switch|p1a: Palkia|Palkia|100\/100\n|switch|p2a: Kyurem|Kyurem-Black, shiny|100\/100\n|-ability|p1a: Palkia|Pressure\n|-ability|p2a: Kyurem|Teravolt\n|turn|1\n|\n|t:|1700856792\n|-terastallize|p1a: Palkia|Steel\n|move|p1a: Palkia|Spacial Rend|p2a: Kyurem\n|-supereffective|p2a: Kyurem\n|-damage|p2a: Kyurem|0 fnt\n|faint|p2a: Kyurem\n|\n|upkeep\n|\n|t:|1700856798\n|switch|p2a: Hydreigon|Hydreigon, M, shiny|100\/100\n|turn|2\n|\n|t:|1700856804\n|-terastallize|p2a: Hydreigon|Fire\n|move|p1a: Palkia|Protect|p1a: Palkia\n|-singleturn|p1a: Palkia|Protect\n|move|p2a: Hydreigon|Flamethrower|p1a: Palkia\n|-activate|p1a: Palkia|move: Protect\n|\n|upkeep\n|turn|3\n|\n|t:|1700856810\n|move|p1a: Palkia|Substitute|p1a: Palkia\n|-start|p1a: Palkia|Substitute\n|-damage|p1a: Palkia|75\/100\n|move|p2a: Hydreigon|Flamethrower|p1a: Palkia\n|-supereffective|p1a: Palkia\n|-end|p1a: Palkia|Substitute\n|\n|-heal|p1a: Palkia|82\/100|[from] item: Leftovers\n|upkeep\n|turn|4\n|\n|t:|1700856814\n|move|p1a: Palkia|Protect|p1a: Palkia\n|-singleturn|p1a: Palkia|Protect\n|move|p2a: Hydreigon|Flamethrower|p1a: Palkia\n|-activate|p1a: Palkia|move: Protect\n|\n|-heal|p1a: Palkia|88\/100|[from] item: Leftovers\n|upkeep\n|turn|5\n|\n|t:|1700856817\n|move|p1a: Palkia|Substitute|p1a: Palkia\n|-start|p1a: Palkia|Substitute\n|-damage|p1a: Palkia|63\/100\n|move|p2a: Hydreigon|Flamethrower|p1a: Palkia\n|-supereffective|p1a: Palkia\n|-end|p1a: Palkia|Substitute\n|\n|-heal|p1a: Palkia|69\/100|[from] item: Leftovers\n|upkeep\n|turn|6\n|\n|t:|1700856822\n|move|p1a: Palkia|Protect|p1a: Palkia\n|-singleturn|p1a: Palkia|Protect\n|move|p2a: Hydreigon|Flamethrower|p1a: Palkia\n|-activate|p1a: Palkia|move: Protect\n|\n|-heal|p1a: Palkia|75\/100|[from] item: Leftovers\n|upkeep\n|turn|7\n|\n|t:|1700856827\n|move|p1a: Palkia|Substitute|p1a: Palkia\n|-start|p1a: Palkia|Substitute\n|-damage|p1a: Palkia|50\/100\n|move|p2a: Hydreigon|Flamethrower|p1a: Palkia\n|-supereffective|p1a: Palkia\n|-end|p1a: Palkia|Substitute\n|\n|-heal|p1a: Palkia|56\/100|[from] item: Leftovers\n|upkeep\n|turn|8\n|\n|t:|1700856832\n|move|p1a: Palkia|Protect|p1a: Palkia\n|-singleturn|p1a: Palkia|Protect\n|move|p2a: Hydreigon|Flamethrower|p1a: Palkia\n|-activate|p1a: Palkia|move: Protect\n|\n|-heal|p1a: Palkia|63\/100|[from] item: Leftovers\n|upkeep\n|turn|9\n|\n|t:|1700856838\n|move|p1a: Palkia|Substitute|p1a: Palkia\n|-start|p1a: Palkia|Substitute\n|-damage|p1a: Palkia|38\/100\n|move|p2a: Hydreigon|Flamethrower|p1a: Palkia\n|-supereffective|p1a: Palkia\n|-end|p1a: Palkia|Substitute\n|\n|-heal|p1a: Palkia|44\/100|[from] item: Leftovers\n|upkeep\n|turn|10\n|\n|t:|1700856842\n|move|p1a: Palkia|Protect|p1a: Palkia\n|-singleturn|p1a: Palkia|Protect\n|move|p2a: Hydreigon|Flamethrower|p1a: Palkia\n|-activate|p1a: Palkia|move: Protect\n|\n|-heal|p1a: Palkia|50\/100|[from] item: Leftovers\n|upkeep\n|turn|11\n|\n|t:|1700856847\n|move|p1a: Palkia|Substitute|p1a: Palkia\n|-start|p1a: Palkia|Substitute\n|-damage|p1a: Palkia|25\/100\n|move|p2a: Hydreigon|Flamethrower|p1a: Palkia\n|-supereffective|p1a: Palkia\n|-end|p1a: Palkia|Substitute\n|\n|-heal|p1a: Palkia|31\/100|[from] item: Leftovers\n|upkeep\n|turn|12\n|\n|t:|1700856851\n|move|p1a: Palkia|Protect|p1a: Palkia\n|-singleturn|p1a: Palkia|Protect\n|move|p2a: Hydreigon|Flamethrower|p1a: Palkia\n|-activate|p1a: Palkia|move: Protect\n|\n|-heal|p1a: Palkia|37\/100|[from] item: Leftovers\n|upkeep\n|turn|13\n|\n|t:|1700856854\n|move|p1a: Palkia|Substitute|p1a: Palkia\n|-start|p1a: Palkia|Substitute\n|-damage|p1a: Palkia|12\/100\n|move|p2a: Hydreigon|Flamethrower|p1a: Palkia\n|-supereffective|p1a: Palkia\n|-end|p1a: Palkia|Substitute\n|\n|-heal|p1a: Palkia|18\/100|[from] item: Leftovers\n|upkeep\n|turn|14\n|\n|t:|1700856860\n|move|p1a: Palkia|Protect|p1a: Palkia\n|-singleturn|p1a: Palkia|Protect\n|-activate|p2a: Hydreigon|move: Struggle\n|move|p2a: Hydreigon|Struggle|p1a: Palkia\n|-activate|p1a: Palkia|move: Protect\n|\n|-heal|p1a: Palkia|25\/100|[from] item: Leftovers\n|upkeep\n|turn|15\n|-message|hurenkebi forfeited.\n|\n|win|pegusas\n|l|\u2606hurenkebi\n|l| chengza\n|j| chengza\n","uploadtime":1700856912,"views":11,"p1id":"pegusas","p2id":"hurenkebi","formatid":"gen9nationaldexubers","rating":0,"private":0,"password":""}