{"id":"gen9nationaldexubers-1996292154","p1":"JustMonika_CARR","p2":"RedAlphaSheldSword","format":"[Gen 9] National Dex Ubers","log":"|j|\u2606JustMonika_CARR\n|j|\u2606RedAlphaSheldSword\n|t:|1700668179\n|gametype|singles\n|player|p1|JustMonika_CARR|rosa|1307\n|player|p2|RedAlphaSheldSword|hilda|1190\n|teamsize|p1|6\n|teamsize|p2|6\n|gen|9\n|tier|[Gen 9] National Dex Ubers\n|rated|\n|rule|HP Percentage Mod: HP is shown in percentages\n|rule|Endless Battle Clause: Forcing endless battles is banned\n|rule|OHKO Clause: OHKO moves are banned\n|rule|Evasion Moves Clause: Evasion moves are banned\n|rule|Evasion Items Clause: Evasion items are banned\n|rule|Species Clause: Limit one of each Pok\u00e9mon\n|rule|Sleep Clause Mod: Limit one foe put to sleep\n|rule|Mega Rayquaza Clause: You cannot mega evolve Rayquaza\n|clearpoke\n|poke|p1|Blaziken, M|\n|poke|p1|Pheromosa|\n|poke|p1|Gothitelle, F|\n|poke|p1|Deoxys-Speed|\n|poke|p1|Shuckle, M|\n|poke|p1|Durant, F|\n|poke|p2|Groudon|\n|poke|p2|Kyogre|\n|poke|p2|Zacian-*|\n|poke|p2|Zamazenta-*|\n|poke|p2|Giratina-Origin|\n|poke|p2|Arceus|\n|teampreview\n|inactive|Battle timer is ON: inactive players will automatically lose when time's up. (requested by RedAlphaSheldSword)\n|\n|t:|1700668186\n|start\n|switch|p1a: Deoxys|Deoxys-Speed, shiny|100\/100\n|switch|p2a: G O D|Arceus|100\/100\n|-ability|p1a: Deoxys|Pressure\n|turn|1\n|\n|t:|1700668193\n|move|p1a: Deoxys|Reflect|p1a: Deoxys\n|-sidestart|p1: JustMonika_CARR|Reflect\n|move|p2a: G O D|Swords Dance|p2a: G O D\n|-boost|p2a: G O D|atk|2\n|\n|upkeep\n|turn|2\n|\n|t:|1700668197\n|-terastallize|p2a: G O D|Normal\n|move|p2a: G O D|Extreme Speed|p1a: Deoxys\n|-damage|p1a: Deoxys|6\/100\n|-damage|p2a: G O D|91\/100|[from] item: Life Orb\n|move|p1a: Deoxys|Toxic|p2a: G O D|[miss]\n|-miss|p1a: Deoxys|p2a: G O D\n|\n|upkeep\n|turn|3\n|\n|t:|1700668205\n|move|p2a: G O D|Extreme Speed|p1a: Deoxys\n|-damage|p1a: Deoxys|0 fnt\n|faint|p1a: Deoxys\n|-damage|p2a: G O D|81\/100|[from] item: Life Orb\n|\n|upkeep\n|\n|t:|1700668217\n|switch|p1a: Blaziken|Blaziken, M, shiny|100\/100\n|turn|4\n|\n|t:|1700668223\n|detailschange|p1a: Blaziken|Blaziken-Mega, M, shiny\n|-mega|p1a: Blaziken|Blaziken|Blazikenite\n|move|p1a: Blaziken|Protect|p1a: Blaziken\n|-singleturn|p1a: Blaziken|Protect\n|move|p2a: G O D|Extreme Speed|p1a: Blaziken\n|-activate|p1a: Blaziken|move: Protect\n|\n|-ability|p1a: Blaziken|Speed Boost|boost\n|-boost|p1a: Blaziken|spe|1\n|upkeep\n|turn|5\n|\n|t:|1700668228\n|move|p2a: G O D|Extreme Speed|p1a: Blaziken\n|-damage|p1a: Blaziken|2\/100\n|-damage|p2a: G O D|71\/100|[from] item: Life Orb\n|move|p1a: Blaziken|High Jump Kick|p2a: G O D\n|-supereffective|p2a: G O D\n|-damage|p2a: G O D|0 fnt\n|faint|p2a: G O D\n|\n|-ability|p1a: Blaziken|Speed Boost|boost\n|-boost|p1a: Blaziken|spe|1\n|upkeep\n|\n|t:|1700668238\n|switch|p2a: Kyogre|Kyogre|100\/100\n|detailschange|p2a: Kyogre|Kyogre-Primal\n|-primal|p2a: Kyogre|Blue Orb\n|-weather|PrimordialSea|[from] ability: Primordial Sea|[of] p2a: Kyogre\n|turn|6\n|\n|t:|1700668241\n|move|p1a: Blaziken|High Jump Kick|p2a: Kyogre\n|-damage|p2a: Kyogre|1\/100\n|move|p2a: Kyogre|Iron Head|p1a: Blaziken\n|-resisted|p1a: Blaziken\n|-damage|p1a: Blaziken|0 fnt\n|faint|p1a: Blaziken\n|\n|-weather|PrimordialSea|[upkeep]\n|upkeep\n|\n|t:|1700668247\n|switch|p1a: Pheromosa|Pheromosa, shiny|100\/100\n|turn|7\n|\n|t:|1700668250\n|move|p1a: Pheromosa|Rapid Spin|p2a: Kyogre\n|-damage|p2a: Kyogre|0 fnt\n|-boost|p1a: Pheromosa|spe|1\n|faint|p2a: Kyogre\n|-weather|none\n|-ability|p1a: Pheromosa|Beast Boost|boost\n|-boost|p1a: Pheromosa|spa|1\n|\n|upkeep\n|\n|t:|1700668255\n|switch|p2a: Zacian|Zacian-Crowned|100\/100\n|-ability|p2a: Zacian|Intrepid Sword|boost\n|-boost|p2a: Zacian|atk|1\n|turn|8\n|\n|t:|1700668260\n|move|p1a: Pheromosa|Close Combat|p2a: Zacian\n|-damage|p2a: Zacian|53\/100\n|-unboost|p1a: Pheromosa|def|1\n|-unboost|p1a: Pheromosa|spd|1\n|move|p2a: Zacian|Behemoth Blade|p1a: Pheromosa\n|-enditem|p1a: Pheromosa|Focus Sash\n|-damage|p1a: Pheromosa|1\/100\n|\n|-sideend|p1: JustMonika_CARR|Reflect\n|upkeep\n|turn|9\n|\n|t:|1700668267\n|move|p1a: Pheromosa|Close Combat|p2a: Zacian\n|-damage|p2a: Zacian|3\/100\n|-unboost|p1a: Pheromosa|def|1\n|-unboost|p1a: Pheromosa|spd|1\n|move|p2a: Zacian|Behemoth Blade|p1a: Pheromosa\n|-crit|p1a: Pheromosa\n|-damage|p1a: Pheromosa|0 fnt\n|faint|p1a: Pheromosa\n|\n|upkeep\n|\n|t:|1700668272\n|switch|p1a: Durant|Durant, F, shiny|100\/100\n|turn|10\n|\n|t:|1700668274\n|move|p1a: Durant|Entrainment|p2a: Zacian\n|-endability|p2a: Zacian|Intrepid Sword|[from] move: Entrainment\n|-ability|p2a: Zacian|Truant|[from] move: Entrainment\n|move|p2a: Zacian|Sacred Sword|p1a: Durant\n|-damage|p1a: Durant|43\/100\n|\n|upkeep\n|turn|11\n|\n|t:|1700668283\n|switch|p2a: Groudon|Groudon|100\/100\n|detailschange|p2a: Groudon|Groudon-Primal\n|-primal|p2a: Groudon|Red Orb\n|-weather|DesolateLand|[from] ability: Desolate Land|[of] p2a: Groudon\n|cant|p1a: Durant|ability: Truant\n|\n|-weather|DesolateLand|[upkeep]\n|upkeep\n|turn|12\n|\n|t:|1700668285\n|move|p1a: Durant|Entrainment|p2a: Groudon\n|-weather|none\n|-endability|p2a: Groudon|Desolate Land|[from] move: Entrainment\n|-ability|p2a: Groudon|Truant|[from] move: Entrainment\n|move|p2a: Groudon|Heat Crash|p1a: Durant\n|-supereffective|p1a: Durant\n|-damage|p1a: Durant|0 fnt\n|faint|p1a: Durant\n|\n|upkeep\n|\n|t:|1700668291\n|switch|p1a: Gothitelle|Gothitelle, F, shiny|100\/100\n|turn|13\n|\n|t:|1700668294\n|cant|p2a: Groudon|ability: Truant\n|move|p1a: Gothitelle|Substitute|p1a: Gothitelle\n|-start|p1a: Gothitelle|Substitute\n|-damage|p1a: Gothitelle|75\/100\n|\n|upkeep\n|turn|14\n|\n|t:|1700668300\n|move|p2a: Groudon|Stealth Rock|p1a: Gothitelle\n|-sidestart|p1: JustMonika_CARR|move: Stealth Rock\n|move|p1a: Gothitelle|Substitute|p1a: Gothitelle\n|-fail|p1a: Gothitelle|move: Substitute\n|\n|upkeep\n|turn|15\n|\n|t:|1700668302\n|cant|p2a: Groudon|ability: Truant\n|move|p1a: Gothitelle|Substitute|p1a: Gothitelle\n|-fail|p1a: Gothitelle|move: Substitute\n|\n|upkeep\n|turn|16\n|\n|t:|1700668305\n|move|p2a: Groudon|Heat Crash|p1a: Gothitelle\n|-end|p1a: Gothitelle|Substitute\n|move|p1a: Gothitelle|Substitute|p1a: Gothitelle\n|-start|p1a: Gothitelle|Substitute\n|-damage|p1a: Gothitelle|50\/100\n|\n|upkeep\n|turn|17\n|\n|t:|1700668311\n|cant|p2a: Groudon|ability: Truant\n|move|p1a: Gothitelle|Dark Pulse|p2a: Groudon\n|-damage|p2a: Groudon|78\/100\n|\n|upkeep\n|turn|18\n|\n|t:|1700668314\n|move|p2a: Groudon|Heat Crash|p1a: Gothitelle\n|-end|p1a: Gothitelle|Substitute\n|move|p1a: Gothitelle|Substitute|p1a: Gothitelle\n|-start|p1a: Gothitelle|Substitute\n|-damage|p1a: Gothitelle|25\/100\n|-enditem|p1a: Gothitelle|Starf Berry|[eat]\n|-boost|p1a: Gothitelle|spa|2|[from] item: Starf Berry\n|\n|upkeep\n|turn|19\n|\n|t:|1700668318\n|cant|p2a: Groudon|ability: Truant\n|move|p1a: Gothitelle|Recycle|p1a: Gothitelle\n|-item|p1a: Gothitelle|Starf Berry|[from] move: Recycle\n|-enditem|p1a: Gothitelle|Starf Berry|[eat]\n|-boost|p1a: Gothitelle|atk|2|[from] item: Starf Berry\n|\n|upkeep\n|turn|20\n|\n|t:|1700668322\n|move|p1a: Gothitelle|Protect|p1a: Gothitelle\n|-singleturn|p1a: Gothitelle|Protect\n|move|p2a: Groudon|Heat Crash|p1a: Gothitelle\n|-activate|p1a: Gothitelle|move: Protect\n|\n|upkeep\n|turn|21\n|\n|t:|1700668325\n|cant|p2a: Groudon|ability: Truant\n|move|p1a: Gothitelle|Recycle|p1a: Gothitelle\n|-item|p1a: Gothitelle|Starf Berry|[from] move: Recycle\n|-enditem|p1a: Gothitelle|Starf Berry|[eat]\n|-boost|p1a: Gothitelle|spd|2|[from] item: Starf Berry\n|\n|upkeep\n|turn|22\n|\n|t:|1700668328\n|move|p1a: Gothitelle|Protect|p1a: Gothitelle\n|-singleturn|p1a: Gothitelle|Protect\n|move|p2a: Groudon|Heat Crash|p1a: Gothitelle\n|-activate|p1a: Gothitelle|move: Protect\n|\n|upkeep\n|turn|23\n|\n|t:|1700668330\n|cant|p2a: Groudon|ability: Truant\n|move|p1a: Gothitelle|Recycle|p1a: Gothitelle\n|-item|p1a: Gothitelle|Starf Berry|[from] move: Recycle\n|-enditem|p1a: Gothitelle|Starf Berry|[eat]\n|-boost|p1a: Gothitelle|spa|2|[from] item: Starf Berry\n|\n|upkeep\n|turn|24\n|\n|t:|1700668333\n|move|p1a: Gothitelle|Protect|p1a: Gothitelle\n|-singleturn|p1a: Gothitelle|Protect\n|move|p2a: Groudon|Stealth Rock||[still]\n|-fail|p2a: Groudon\n|\n|upkeep\n|turn|25\n|\n|t:|1700668334\n|cant|p2a: Groudon|ability: Truant\n|move|p1a: Gothitelle|Recycle|p1a: Gothitelle\n|-item|p1a: Gothitelle|Starf Berry|[from] move: Recycle\n|-enditem|p1a: Gothitelle|Starf Berry|[eat]\n|-boost|p1a: Gothitelle|spe|2|[from] item: Starf Berry\n|\n|upkeep\n|turn|26\n|\n|t:|1700668337\n|move|p1a: Gothitelle|Protect|p1a: Gothitelle\n|-singleturn|p1a: Gothitelle|Protect\n|move|p2a: Groudon|Heat Crash|p1a: Gothitelle\n|-activate|p1a: Gothitelle|move: Protect\n|\n|upkeep\n|turn|27\n|\n|t:|1700668338\n|move|p1a: Gothitelle|Recycle|p1a: Gothitelle\n|-item|p1a: Gothitelle|Starf Berry|[from] move: Recycle\n|-enditem|p1a: Gothitelle|Starf Berry|[eat]\n|-boost|p1a: Gothitelle|def|2|[from] item: Starf Berry\n|cant|p2a: Groudon|ability: Truant\n|\n|upkeep\n|turn|28\n|\n|t:|1700668340\n|move|p1a: Gothitelle|Protect|p1a: Gothitelle\n|-singleturn|p1a: Gothitelle|Protect\n|move|p2a: Groudon|Heat Crash|p1a: Gothitelle\n|-activate|p1a: Gothitelle|move: Protect\n|\n|upkeep\n|turn|29\n|\n|t:|1700668341\n|move|p1a: Gothitelle|Recycle|p1a: Gothitelle\n|-item|p1a: Gothitelle|Starf Berry|[from] move: Recycle\n|-enditem|p1a: Gothitelle|Starf Berry|[eat]\n|-boost|p1a: Gothitelle|spa|2|[from] item: Starf Berry\n|cant|p2a: Groudon|ability: Truant\n|\n|upkeep\n|turn|30\n|\n|t:|1700668343\n|move|p1a: Gothitelle|Protect|p1a: Gothitelle\n|-singleturn|p1a: Gothitelle|Protect\n|move|p2a: Groudon|Heat Crash|p1a: Gothitelle\n|-activate|p1a: Gothitelle|move: Protect\n|\n|upkeep\n|turn|31\n|\n|t:|1700668344\n|move|p1a: Gothitelle|Recycle|p1a: Gothitelle\n|-item|p1a: Gothitelle|Starf Berry|[from] move: Recycle\n|-enditem|p1a: Gothitelle|Starf Berry|[eat]\n|-boost|p1a: Gothitelle|atk|2|[from] item: Starf Berry\n|cant|p2a: Groudon|ability: Truant\n|\n|upkeep\n|turn|32\n|\n|t:|1700668346\n|move|p1a: Gothitelle|Protect|p1a: Gothitelle\n|-singleturn|p1a: Gothitelle|Protect\n|move|p2a: Groudon|Heat Crash|p1a: Gothitelle\n|-activate|p1a: Gothitelle|move: Protect\n|\n|upkeep\n|turn|33\n|\n|t:|1700668347\n|move|p1a: Gothitelle|Recycle|p1a: Gothitelle\n|-item|p1a: Gothitelle|Starf Berry|[from] move: Recycle\n|-enditem|p1a: Gothitelle|Starf Berry|[eat]\n|-boost|p1a: Gothitelle|atk|2|[from] item: Starf Berry\n|cant|p2a: Groudon|ability: Truant\n|\n|upkeep\n|turn|34\n|\n|t:|1700668349\n|move|p1a: Gothitelle|Protect|p1a: Gothitelle\n|-singleturn|p1a: Gothitelle|Protect\n|move|p2a: Groudon|Heat Crash|p1a: Gothitelle\n|-activate|p1a: Gothitelle|move: Protect\n|\n|upkeep\n|turn|35\n|\n|t:|1700668352\n|move|p1a: Gothitelle|Recycle|p1a: Gothitelle\n|-item|p1a: Gothitelle|Starf Berry|[from] move: Recycle\n|-enditem|p1a: Gothitelle|Starf Berry|[eat]\n|-boost|p1a: Gothitelle|spe|2|[from] item: Starf Berry\n|cant|p2a: Groudon|ability: Truant\n|\n|upkeep\n|turn|36\n|\n|t:|1700668354\n|move|p1a: Gothitelle|Protect|p1a: Gothitelle\n|-singleturn|p1a: Gothitelle|Protect\n|move|p2a: Groudon|Heat Crash|p1a: Gothitelle\n|-activate|p1a: Gothitelle|move: Protect\n|\n|upkeep\n|turn|37\n|\n|t:|1700668355\n|move|p1a: Gothitelle|Recycle|p1a: Gothitelle\n|-item|p1a: Gothitelle|Starf Berry|[from] move: Recycle\n|-enditem|p1a: Gothitelle|Starf Berry|[eat]\n|-boost|p1a: Gothitelle|def|2|[from] item: Starf Berry\n|cant|p2a: Groudon|ability: Truant\n|\n|upkeep\n|turn|38\n|\n|t:|1700668361\n|move|p1a: Gothitelle|Protect|p1a: Gothitelle\n|-singleturn|p1a: Gothitelle|Protect\n|move|p2a: Groudon|Heat Crash|p1a: Gothitelle\n|-activate|p1a: Gothitelle|move: Protect\n|\n|upkeep\n|turn|39\n|\n|t:|1700668364\n|move|p1a: Gothitelle|Recycle|p1a: Gothitelle\n|-item|p1a: Gothitelle|Starf Berry|[from] move: Recycle\n|-enditem|p1a: Gothitelle|Starf Berry|[eat]\n|-boost|p1a: Gothitelle|spe|2|[from] item: Starf Berry\n|cant|p2a: Groudon|ability: Truant\n|\n|upkeep\n|turn|40\n|\n|t:|1700668366\n|move|p1a: Gothitelle|Protect|p1a: Gothitelle\n|-singleturn|p1a: Gothitelle|Protect\n|move|p2a: Groudon|Heat Crash|p1a: Gothitelle\n|-activate|p1a: Gothitelle|move: Protect\n|\n|upkeep\n|turn|41\n|\n|t:|1700668372\n|move|p1a: Gothitelle|Recycle|p1a: Gothitelle\n|-item|p1a: Gothitelle|Starf Berry|[from] move: Recycle\n|-enditem|p1a: Gothitelle|Starf Berry|[eat]\n|-boost|p1a: Gothitelle|def|2|[from] item: Starf Berry\n|cant|p2a: Groudon|ability: Truant\n|\n|upkeep\n|turn|42\n|\n|t:|1700668375\n|move|p1a: Gothitelle|Protect|p1a: Gothitelle\n|-singleturn|p1a: Gothitelle|Protect\n|move|p2a: Groudon|Heat Crash|p1a: Gothitelle\n|-activate|p1a: Gothitelle|move: Protect\n|\n|upkeep\n|turn|43\n|\n|t:|1700668384\n|move|p1a: Gothitelle|Recycle|p1a: Gothitelle\n|-item|p1a: Gothitelle|Starf Berry|[from] move: Recycle\n|-enditem|p1a: Gothitelle|Starf Berry|[eat]\n|-boost|p1a: Gothitelle|spd|2|[from] item: Starf Berry\n|cant|p2a: Groudon|ability: Truant\n|\n|upkeep\n|turn|44\n|\n|t:|1700668386\n|move|p1a: Gothitelle|Protect|p1a: Gothitelle\n|-singleturn|p1a: Gothitelle|Protect\n|move|p2a: Groudon|Heat Crash|p1a: Gothitelle\n|-activate|p1a: Gothitelle|move: Protect\n|\n|upkeep\n|turn|45\n|\n|t:|1700668388\n|move|p1a: Gothitelle|Recycle|p1a: Gothitelle\n|-item|p1a: Gothitelle|Starf Berry|[from] move: Recycle\n|-enditem|p1a: Gothitelle|Starf Berry|[eat]\n|-boost|p1a: Gothitelle|spd|2|[from] item: Starf Berry\n|cant|p2a: Groudon|ability: Truant\n|\n|upkeep\n|turn|46\n|\n|t:|1700668395\n|move|p1a: Gothitelle|Dark Pulse|p2a: Groudon\n|-damage|p2a: Groudon|0 fnt\n|faint|p2a: Groudon\n|\n|upkeep\n|\n|t:|1700668400\n|switch|p2a: Giratina|Giratina-Origin|100\/100\n|turn|47\n|\n|t:|1700668404\n|-terastallize|p1a: Gothitelle|Dark\n|move|p1a: Gothitelle|Dark Pulse|p2a: Giratina\n|-supereffective|p2a: Giratina\n|-damage|p2a: Giratina|0 fnt\n|faint|p2a: Giratina\n|\n|upkeep\n|\n|t:|1700668408\n|switch|p2a: Zamazenta|Zamazenta-Crowned|100\/100\n|-ability|p2a: Zamazenta|Dauntless Shield|boost\n|-boost|p2a: Zamazenta|def|1\n|turn|48\n|\n|t:|1700668413\n|move|p1a: Gothitelle|Dark Pulse|p2a: Zamazenta\n|-resisted|p2a: Zamazenta\n|-damage|p2a: Zamazenta|58\/100\n|move|p2a: Zamazenta|Behemoth Bash|p1a: Gothitelle\n|-activate|p1a: Gothitelle|move: Substitute|[damage]\n|\n|upkeep\n|turn|49\n|\n|t:|1700668419\n|move|p1a: Gothitelle|Dark Pulse|p2a: Zamazenta\n|-resisted|p2a: Zamazenta\n|-damage|p2a: Zamazenta|16\/100\n|cant|p2a: Zamazenta|flinch\n|\n|upkeep\n|turn|50\n|\n|t:|1700668425\n|move|p1a: Gothitelle|Dark Pulse|p2a: Zamazenta\n|-resisted|p2a: Zamazenta\n|-damage|p2a: Zamazenta|0 fnt\n|faint|p2a: Zamazenta\n|\n|upkeep\n|\n|t:|1700668427\n|switch|p2a: Zacian|Zacian-Crowned|3\/100\n|turn|51\n|\n|t:|1700668430\n|move|p1a: Gothitelle|Dark Pulse|p2a: Zacian\n|-resisted|p2a: Zacian\n|-damage|p2a: Zacian|0 fnt\n|faint|p2a: Zacian\n|\n|win|JustMonika_CARR\n|raw|JustMonika_CARR's rating: 1307 &rarr; <strong>1321<\/strong><br \/>(+14 for winning)\n|raw|RedAlphaSheldSword's rating: 1190 &rarr; <strong>1173<\/strong><br \/>(-17 for losing)\n|c|\u2606JustMonika_CARR|gg\n","uploadtime":1700668441,"views":0,"p1id":"justmonikacarr","p2id":"redalphasheldsword","formatid":"gen9nationaldexubers","rating":1173,"private":0,"password":""}