{"id":"gen9nationaldexubers-1987981017","p1":"Disco 2003","p2":"Xoviet Yunion","format":"[Gen 9] National Dex Ubers","log":"|j|\u2606Disco 2003\n|j|\u2606Xoviet Yunion\n|t:|1699655583\n|gametype|singles\n|player|p1|Disco 2003|266|\n|player|p2|Xoviet Yunion|shauntal|\n|teamsize|p1|6\n|teamsize|p2|6\n|gen|9\n|tier|[Gen 9] National Dex Ubers\n|rule|HP Percentage Mod: HP is shown in percentages\n|rule|Endless Battle Clause: Forcing endless battles is banned\n|rule|OHKO Clause: OHKO moves are banned\n|rule|Evasion Moves Clause: Evasion moves are banned\n|rule|Evasion Items Clause: Evasion items are banned\n|rule|Species Clause: Limit one of each Pok\u00e9mon\n|rule|Sleep Clause Mod: Limit one foe put to sleep\n|rule|Mega Rayquaza Clause: You cannot mega evolve Rayquaza\n|clearpoke\n|poke|p1|Lopunny, M|\n|poke|p1|Baxcalibur, M|\n|poke|p1|Ogerpon-Wellspring, F|\n|poke|p1|Ninetales-Alola, M|\n|poke|p1|Glimmora, M|\n|poke|p1|Hatterene, F|\n|poke|p2|Infernape, M|\n|poke|p2|Medicham, F|\n|poke|p2|Lilligant-Hisui, F|\n|poke|p2|Buzzwole|\n|poke|p2|Sneasler, F|\n|poke|p2|Zamazenta-*|\n|teampreview\n|c|\u2606Disco 2003|wow tricky mu\n|j| Lillyshowdo\n|\n|t:|1699655685\n|start\n|switch|p1a: Buneary+|Lopunny, M|100\/100\n|switch|p2a: Annihilap\u200b\u200b\u200be|Medicham, F|100\/100\n|turn|1\n|\n|t:|1699655708\n|switch|p1a: Mirror Mirror|Hatterene, F, shiny|100\/100\n|switch|p2a: Annihilap\u200be|Buzzwole|100\/100\n|\n|upkeep\n|turn|2\n|\n|t:|1699655726\n|switch|p2a: Annihila\u200b\u200b\u200b\u200bpe|Infernape, M|100\/100\n|move|p1a: Mirror Mirror|Psyshock|p2a: Annihila\u200b\u200b\u200b\u200bpe\n|-supereffective|p2a: Annihila\u200b\u200b\u200b\u200bpe\n|-damage|p2a: Annihila\u200b\u200b\u200b\u200bpe|0 fnt\n|faint|p2a: Annihila\u200b\u200b\u200b\u200bpe\n|\n|upkeep\n|\n|t:|1699655746\n|switch|p2a: Annihilape\u200b|Sneasler, F|100\/100\n|turn|3\n|\n|t:|1699655772\n|switch|p1a: Death Petal|Glimmora, M|100\/100\n|move|p2a: Annihilape\u200b|U-turn|p1a: Death Petal\n|-resisted|p1a: Death Petal\n|-damage|p1a: Death Petal|77\/100\n|-activate|p1a: Death Petal|ability: Toxic Debris\n|-sidestart|p2: Xoviet Yunion|move: Toxic Spikes\n|\n|t:|1699655778\n|switch|p2a: Annihilap\u200b\u200b\u200be|Medicham, F|100\/100|[from] U-turn\n|-status|p2a: Annihilap\u200b\u200b\u200be|psn\n|\n|-damage|p2a: Annihilap\u200b\u200b\u200be|88\/100 psn|[from] psn\n|upkeep\n|turn|4\n|\n|t:|1699655791\n|switch|p1a: Mirror Mirror|Hatterene, F, shiny|100\/100\n|detailschange|p2a: Annihilap\u200b\u200b\u200be|Medicham-Mega, F\n|-mega|p2a: Annihilap\u200b\u200b\u200be|Medicham|Medichamite\n|move|p2a: Annihilap\u200b\u200b\u200be|Psycho Cut|p1a: Mirror Mirror\n|-resisted|p1a: Mirror Mirror\n|-damage|p1a: Mirror Mirror|74\/100\n|\n|-heal|p1a: Mirror Mirror|80\/100|[from] item: Leftovers\n|-damage|p2a: Annihilap\u200b\u200b\u200be|76\/100 psn|[from] psn\n|upkeep\n|turn|5\n|\n|t:|1699655806\n|move|p2a: Annihilap\u200b\u200b\u200be|Bullet Punch|p1a: Mirror Mirror\n|-supereffective|p1a: Mirror Mirror\n|-damage|p1a: Mirror Mirror|43\/100\n|move|p1a: Mirror Mirror|Draining Kiss|p2a: Annihilap\u200b\u200b\u200be\n|-supereffective|p2a: Annihilap\u200b\u200b\u200be\n|-damage|p2a: Annihilap\u200b\u200b\u200be|7\/100 psn\n|-heal|p1a: Mirror Mirror|85\/100|[from] drain|[of] p2a: Annihilap\u200b\u200b\u200be\n|\n|-heal|p1a: Mirror Mirror|91\/100|[from] item: Leftovers\n|-damage|p2a: Annihilap\u200b\u200b\u200be|0 fnt|[from] psn\n|faint|p2a: Annihilap\u200b\u200b\u200be\n|upkeep\n|\n|t:|1699655812\n|switch|p2a: Annihilape\u200b|Sneasler, F|100\/100\n|-sideend|p2: Xoviet Yunion|move: Toxic Spikes|[of] p2a: Annihilape\u200b\n|turn|6\n|\n|t:|1699655826\n|switch|p1a: Mask Off|Ogerpon-Wellspring, F|100\/100\n|move|p2a: Annihilape\u200b|Close Combat|p1a: Mask Off\n|-damage|p1a: Mask Off|0 fnt\n|-unboost|p2a: Annihilape\u200b|def|1\n|-unboost|p2a: Annihilape\u200b|spd|1\n|faint|p1a: Mask Off\n|\n|upkeep\n|\n|t:|1699655833\n|switch|p1a: Mirror Mirror|Hatterene, F, shiny|91\/100\n|turn|7\n|\n|t:|1699655862\n|switch|p2a: Annihilap\u200be|Buzzwole|100\/100\n|move|p1a: Mirror Mirror|Draining Kiss|p2a: Annihilap\u200be\n|-supereffective|p2a: Annihilap\u200be\n|-damage|p2a: Annihilap\u200be|36\/100\n|-heal|p1a: Mirror Mirror|100\/100|[from] drain|[of] p2a: Annihilap\u200be\n|-damage|p1a: Mirror Mirror|84\/100|[from] item: Rocky Helmet|[of] p2a: Annihilap\u200be\n|\n|-heal|p1a: Mirror Mirror|90\/100|[from] item: Leftovers\n|upkeep\n|turn|8\n|\n|t:|1699655873\n|move|p2a: Annihilap\u200be|Ice Punch|p1a: Mirror Mirror\n|-damage|p1a: Mirror Mirror|71\/100\n|move|p1a: Mirror Mirror|Draining Kiss|p2a: Annihilap\u200be\n|-supereffective|p2a: Annihilap\u200be\n|-damage|p2a: Annihilap\u200be|0 fnt\n|-heal|p1a: Mirror Mirror|100\/100|[from] drain|[of] p2a: Annihilap\u200be\n|-damage|p1a: Mirror Mirror|84\/100|[from] item: Rocky Helmet|[of] p2a: Annihilap\u200be\n|faint|p2a: Annihilap\u200be\n|\n|-heal|p1a: Mirror Mirror|90\/100|[from] item: Leftovers\n|upkeep\n|l| Lillyshowdo\n|\n|t:|1699655878\n|switch|p2a: Annihil\u200b\u200b\u200bape|Lilligant-Hisui, F, shiny|100\/100\n|turn|9\n|\n|t:|1699655912\n|move|p2a: Annihil\u200b\u200b\u200bape|Victory Dance|p2a: Annihil\u200b\u200b\u200bape\n|-boost|p2a: Annihil\u200b\u200b\u200bape|atk|1\n|-boost|p2a: Annihil\u200b\u200b\u200bape|def|1\n|-boost|p2a: Annihil\u200b\u200b\u200bape|spe|1\n|move|p1a: Mirror Mirror|Draining Kiss|p2a: Annihil\u200b\u200b\u200bape\n|-supereffective|p2a: Annihil\u200b\u200b\u200bape\n|-damage|p2a: Annihil\u200b\u200b\u200bape|31\/100\n|-heal|p1a: Mirror Mirror|100\/100|[from] drain|[of] p2a: Annihil\u200b\u200b\u200bape\n|\n|upkeep\n|turn|10\n|c|\u2606Xoviet Yunion|yeah that was last ditch of me.  i should have brought hands\n|\n|t:|1699655928\n|switch|p1a: Death Petal|Glimmora, M|77\/100\n|-zpower|p2a: Annihil\u200b\u200b\u200bape\n|move|p2a: Annihil\u200b\u200b\u200bape|Acid Downpour|p1a: Death Petal|[zeffect]\n|-resisted|p1a: Death Petal\n|-damage|p1a: Death Petal|44\/100\n|-activate|p1a: Death Petal|ability: Toxic Debris\n|-sidestart|p2: Xoviet Yunion|move: Toxic Spikes\n|\n|upkeep\n|turn|11\n|\n|t:|1699655954\n|move|p2a: Annihil\u200b\u200b\u200bape|Leaf Blade|p1a: Death Petal\n|-damage|p1a: Death Petal|0 fnt\n|-activate|p1a: Death Petal|ability: Toxic Debris\n|-sidestart|p2: Xoviet Yunion|move: Toxic Spikes\n|faint|p1a: Death Petal\n|\n|upkeep\n|\n|t:|1699655999\n|switch|p1a: Mirror Mirror|Hatterene, F, shiny|100\/100\n|turn|12\n|\n|t:|1699656007\n|move|p2a: Annihil\u200b\u200b\u200bape|Poison Jab|p1a: Mirror Mirror\n|-supereffective|p1a: Mirror Mirror\n|-damage|p1a: Mirror Mirror|16\/100\n|move|p1a: Mirror Mirror|Draining Kiss|p2a: Annihil\u200b\u200b\u200bape\n|-supereffective|p2a: Annihil\u200b\u200b\u200bape\n|-damage|p2a: Annihil\u200b\u200b\u200bape|0 fnt\n|-heal|p1a: Mirror Mirror|36\/100|[from] drain|[of] p2a: Annihil\u200b\u200b\u200bape\n|faint|p2a: Annihil\u200b\u200b\u200bape\n|\n|-heal|p1a: Mirror Mirror|42\/100|[from] item: Leftovers\n|upkeep\n|\n|t:|1699656013\n|switch|p2a: Annihilape\u200b|Sneasler, F|100\/100\n|-sideend|p2: Xoviet Yunion|move: Toxic Spikes|[of] p2a: Annihilape\u200b\n|turn|13\n|\n|t:|1699656035\n|switch|p1a: Hey Oh|Ninetales-Alola, M|100\/100\n|-weather|Snow|[from] ability: Snow Warning|[of] p1a: Hey Oh\n|move|p2a: Annihilape\u200b|Dire Claw|p1a: Hey Oh\n|-supereffective|p1a: Hey Oh\n|-damage|p1a: Hey Oh|0 fnt\n|faint|p1a: Hey Oh\n|\n|-weather|Snow|[upkeep]\n|upkeep\n|\n|t:|1699656079\n|switch|p1a: Duraludon-Ice|Baxcalibur, M|100\/100\n|turn|14\n|j| Lillyshowdo\n|\n|t:|1699656088\n|switch|p2a: Annihilap\u200b\u200b\u200b\u200be|Zamazenta, shiny|100\/100\n|-ability|p2a: Annihilap\u200b\u200b\u200b\u200be|Dauntless Shield|boost\n|-boost|p2a: Annihilap\u200b\u200b\u200b\u200be|def|1\n|move|p1a: Duraludon-Ice|Dragon Dance|p1a: Duraludon-Ice\n|-boost|p1a: Duraludon-Ice|atk|1\n|-boost|p1a: Duraludon-Ice|spe|1\n|\n|-weather|Snow|[upkeep]\n|upkeep\n|turn|15\n|l| Lillyshowdo\n|\n|t:|1699656104\n|move|p1a: Duraludon-Ice|Icicle Spear|p2a: Annihilap\u200b\u200b\u200b\u200be\n|-damage|p2a: Annihilap\u200b\u200b\u200b\u200be|87\/100\n|-damage|p2a: Annihilap\u200b\u200b\u200b\u200be|75\/100\n|-damage|p2a: Annihilap\u200b\u200b\u200b\u200be|63\/100\n|-damage|p2a: Annihilap\u200b\u200b\u200b\u200be|49\/100\n|-damage|p2a: Annihilap\u200b\u200b\u200b\u200be|36\/100\n|-hitcount|p2a: Annihilap\u200b\u200b\u200b\u200be|5\n|move|p2a: Annihilap\u200b\u200b\u200b\u200be|Close Combat|p1a: Duraludon-Ice\n|-supereffective|p1a: Duraludon-Ice\n|-damage|p1a: Duraludon-Ice|0 fnt\n|-unboost|p2a: Annihilap\u200b\u200b\u200b\u200be|def|1\n|-unboost|p2a: Annihilap\u200b\u200b\u200b\u200be|spd|1\n|faint|p1a: Duraludon-Ice\n|\n|-weather|Snow|[upkeep]\n|upkeep\n|\n|t:|1699656115\n|switch|p1a: Mirror Mirror|Hatterene, F, shiny|42\/100\n|turn|16\n|\n|t:|1699656121\n|move|p2a: Annihilap\u200b\u200b\u200b\u200be|Close Combat|p1a: Mirror Mirror\n|-resisted|p1a: Mirror Mirror\n|-damage|p1a: Mirror Mirror|24\/100\n|-unboost|p2a: Annihilap\u200b\u200b\u200b\u200be|def|1\n|-unboost|p2a: Annihilap\u200b\u200b\u200b\u200be|spd|1\n|move|p1a: Mirror Mirror|Psyshock|p2a: Annihilap\u200b\u200b\u200b\u200be\n|-supereffective|p2a: Annihilap\u200b\u200b\u200b\u200be\n|-damage|p2a: Annihilap\u200b\u200b\u200b\u200be|0 fnt\n|faint|p2a: Annihilap\u200b\u200b\u200b\u200be\n|\n|-weather|Snow|[upkeep]\n|-heal|p1a: Mirror Mirror|30\/100|[from] item: Leftovers\n|upkeep\n|\n|t:|1699656124\n|switch|p2a: Annihilape\u200b|Sneasler, F|100\/100\n|turn|17\n|\n|t:|1699656130\n|move|p2a: Annihilape\u200b|Dire Claw|p1a: Mirror Mirror\n|-supereffective|p1a: Mirror Mirror\n|-damage|p1a: Mirror Mirror|0 fnt\n|faint|p1a: Mirror Mirror\n|\n|-weather|none\n|upkeep\n|\n|t:|1699656133\n|switch|p1a: Buneary+|Lopunny, M|100\/100\n|turn|18\n|\n|t:|1699656136\n|detailschange|p1a: Buneary+|Lopunny-Mega, M\n|-mega|p1a: Buneary+|Lopunny|Lopunnite\n|move|p1a: Buneary+|Fake Out|p2a: Annihilape\u200b\n|-damage|p2a: Annihilape\u200b|62\/100\n|cant|p2a: Annihilape\u200b|flinch\n|\n|upkeep\n|turn|19\n|c|\u2606Disco 2003|gg\n|\n|t:|1699656142\n|move|p1a: Buneary+|Return|p2a: Annihilape\u200b\n|-damage|p2a: Annihilape\u200b|0 fnt\n|faint|p2a: Annihilape\u200b\n|\n|win|Disco 2003\n|c|\u2606Xoviet Yunion|ggwp\n|c|\u2606Disco 2003|u2\n","uploadtime":1699656146,"views":5,"p1id":"disco2003","p2id":"xovietyunion","formatid":"gen9nationaldexubers","rating":0,"private":0,"password":""}