{"id":"gen9nationaldexubers-1993343150","p1":"Szymszym134","p2":"KurumiTokisakilove","format":"[Gen 9] National Dex Ubers","log":"|j|\u2606Szymszym134\n|j|\u2606KurumiTokisakilove\n|t:|1700302372\n|gametype|singles\n|player|p1|Szymszym134|elesa|1729\n|player|p2|KurumiTokisakilove|sabrina-gen2|1930\n|teamsize|p1|6\n|teamsize|p2|6\n|gen|9\n|tier|[Gen 9] National Dex Ubers\n|rated|\n|rule|HP Percentage Mod: HP is shown in percentages\n|rule|Endless Battle Clause: Forcing endless battles is banned\n|rule|OHKO Clause: OHKO moves are banned\n|rule|Evasion Moves Clause: Evasion moves are banned\n|rule|Evasion Items Clause: Evasion items are banned\n|rule|Species Clause: Limit one of each Pok\u00e9mon\n|rule|Sleep Clause Mod: Limit one foe put to sleep\n|rule|Mega Rayquaza Clause: You cannot mega evolve Rayquaza\n|clearpoke\n|poke|p1|Magearna|\n|poke|p1|Arceus-Dark|\n|poke|p1|Ho-Oh|\n|poke|p1|Ditto|\n|poke|p1|Garganacl, M|\n|poke|p1|Zygarde|\n|poke|p2|Arceus-Dark|\n|poke|p2|Dondozo, M|\n|poke|p2|Magearna|\n|poke|p2|Ditto|\n|poke|p2|Zygarde|\n|poke|p2|Necrozma-Dusk-Mane|\n|teampreview\n|inactive|Battle timer is ON: inactive players will automatically lose when time's up. (requested by Szymszym134)\n|inactive|KurumiTokisakilove also wants the timer to be on.\n|\n|t:|1700302400\n|start\n|switch|p1a: Arceus|Arceus-Dark|100\/100\n|switch|p2a: Arceus|Arceus-Dark|100\/100\n|turn|1\n|\n|t:|1700302407\n|move|p1a: Arceus|Toxic|p2a: Arceus\n|-status|p2a: Arceus|tox\n|move|p2a: Arceus|Toxic|p1a: Arceus\n|-status|p1a: Arceus|tox\n|\n|-damage|p1a: Arceus|94\/100 tox|[from] psn\n|-damage|p2a: Arceus|94\/100 tox|[from] psn\n|upkeep\n|turn|2\n|\n|t:|1700302411\n|switch|p2a: Magearna|Magearna|100\/100\n|move|p1a: Arceus|Taunt|p2a: Magearna\n|-start|p2a: Magearna|move: Taunt\n|\n|-damage|p1a: Arceus|82\/100 tox|[from] psn\n|upkeep\n|turn|3\n|\n|t:|1700302417\n|switch|p1a: Magearna|Magearna|100\/100\n|switch|p2a: Necrozma|Necrozma-Dusk-Mane|100\/100\n|\n|upkeep\n|turn|4\n|\n|t:|1700302422\n|detailschange|p2a: Necrozma|Necrozma-Ultra\n|-burst|p2a: Necrozma|Necrozma|Ultranecrozium Z\n|move|p2a: Necrozma|Earth Power|p1a: Magearna\n|-supereffective|p1a: Magearna\n|-damage|p1a: Magearna|31\/100\n|move|p1a: Magearna|Volt Switch|p2a: Necrozma\n|-resisted|p2a: Necrozma\n|-damage|p2a: Necrozma|90\/100\n|\n|t:|1700302433\n|switch|p1a: Ditto|Ditto|100\/100|[from] Volt Switch\n|-transform|p1a: Ditto|p2a: Necrozma|[from] ability: Imposter\n|\n|upkeep\n|turn|5\n|\n|t:|1700302440\n|switch|p2a: Arceus|Arceus-Dark|94\/100 tox\n|move|p1a: Ditto|Dragon Pulse|p2a: Arceus\n|-damage|p2a: Arceus|59\/100 tox\n|\n|-damage|p2a: Arceus|53\/100 tox|[from] psn\n|upkeep\n|turn|6\n|\n|t:|1700302451\n|switch|p1a: Arceus|Arceus-Dark|82\/100 tox\n|switch|p2a: Necrozma|Necrozma-Ultra|90\/100\n|\n|-damage|p1a: Arceus|76\/100 tox|[from] psn\n|upkeep\n|turn|7\n|\n|t:|1700302456\n|switch|p2a: Magearna|Magearna|100\/100\n|move|p1a: Arceus|Foul Play|p2a: Magearna\n|-resisted|p2a: Magearna\n|-damage|p2a: Magearna|88\/100\n|\n|-damage|p1a: Arceus|64\/100 tox|[from] psn\n|upkeep\n|turn|8\n|\n|t:|1700302462\n|switch|p1a: Ho-Oh|Ho-Oh|100\/100\n|move|p2a: Magearna|Heal Bell|p2a: Magearna\n|-activate|p2a: Magearna|move: Heal Bell\n|-curestatus|p2: Arceus|tox|[msg]\n|\n|upkeep\n|turn|9\n|\n|t:|1700302468\n|switch|p2a: Dondozo|Dondozo, M|100\/100\n|move|p1a: Ho-Oh|Toxic|p2a: Dondozo\n|-status|p2a: Dondozo|tox\n|\n|-damage|p2a: Dondozo|94\/100 tox|[from] psn\n|upkeep\n|turn|10\n|\n|t:|1700302475\n|switch|p1a: Garganacl|Garganacl, M|100\/100\n|switch|p2a: Necrozma|Necrozma-Ultra|90\/100\n|\n|upkeep\n|turn|11\n|\n|t:|1700302480\n|switch|p1a: Ho-Oh|Ho-Oh|100\/100\n|move|p2a: Necrozma|Stealth Rock|p1a: Ho-Oh\n|-sidestart|p1: Szymszym134|move: Stealth Rock\n|\n|upkeep\n|turn|12\n|\n|t:|1700302488\n|switch|p1a: Arceus|Arceus-Dark|64\/100 tox\n|-damage|p1a: Arceus|52\/100 tox|[from] Stealth Rock\n|move|p2a: Necrozma|Photon Geyser|p1a: Arceus\n|-immune|p1a: Arceus\n|\n|-damage|p1a: Arceus|46\/100 tox|[from] psn\n|upkeep\n|turn|13\n|\n|t:|1700302498\n|switch|p2a: Magearna|Magearna|88\/100\n|move|p1a: Arceus|Recover|p1a: Arceus\n|-heal|p1a: Arceus|96\/100 tox\n|\n|-damage|p1a: Arceus|83\/100 tox|[from] psn\n|upkeep\n|turn|14\n|\n|t:|1700302502\n|switch|p1a: Ho-Oh|Ho-Oh|100\/100\n|move|p2a: Magearna|Fleur Cannon|p1a: Ho-Oh\n|-resisted|p1a: Ho-Oh\n|-damage|p1a: Ho-Oh|86\/100\n|-unboost|p2a: Magearna|spa|2\n|\n|upkeep\n|turn|15\n|\n|t:|1700302505\n|switch|p2a: Dondozo|Dondozo, M|94\/100 tox\n|move|p1a: Ho-Oh|Defog|p2a: Dondozo\n|-unboost|p2a: Dondozo|evasion|1\n|-sideend|p1: Szymszym134|Stealth Rock|[from] move: Defog|[of] p1a: Ho-Oh\n|\n|-heal|p2a: Dondozo|100\/100 tox|[from] item: Leftovers\n|-damage|p2a: Dondozo|94\/100 tox|[from] psn\n|upkeep\n|turn|16\n|\n|t:|1700302510\n|switch|p1a: Garganacl|Garganacl, M|100\/100\n|switch|p2a: Necrozma|Necrozma-Ultra|90\/100\n|\n|upkeep\n|turn|17\n|\n|t:|1700302516\n|switch|p1a: Arceus|Arceus-Dark|83\/100 tox\n|move|p2a: Necrozma|Earth Power|p1a: Arceus\n|-crit|p1a: Arceus\n|-damage|p1a: Arceus|43\/100 tox\n|\n|-damage|p1a: Arceus|37\/100 tox|[from] psn\n|upkeep\n|turn|18\n|\n|t:|1700302520\n|move|p2a: Necrozma|Dragon Pulse|p1a: Arceus\n|-damage|p1a: Arceus|3\/100 tox\n|move|p1a: Arceus|Recover|p1a: Arceus\n|-heal|p1a: Arceus|53\/100 tox\n|\n|-damage|p1a: Arceus|41\/100 tox|[from] psn\n|upkeep\n|turn|19\n|\n|t:|1700302528\n|switch|p2a: Magearna|Magearna|88\/100\n|move|p1a: Arceus|Foul Play|p2a: Magearna\n|-resisted|p2a: Magearna\n|-damage|p2a: Magearna|76\/100\n|\n|-damage|p1a: Arceus|23\/100 tox|[from] psn\n|upkeep\n|turn|20\n|\n|t:|1700302533\n|switch|p1a: Ho-Oh|Ho-Oh|100\/100\n|switch|p2a: Necrozma|Necrozma-Ultra|90\/100\n|\n|upkeep\n|turn|21\n|\n|t:|1700302537\n|move|p2a: Necrozma|Stealth Rock|p1a: Ho-Oh\n|-sidestart|p1: Szymszym134|move: Stealth Rock\n|move|p1a: Ho-Oh|Toxic|p2a: Necrozma\n|-status|p2a: Necrozma|tox\n|\n|-damage|p2a: Necrozma|84\/100 tox|[from] psn\n|upkeep\n|turn|22\n|\n|t:|1700302544\n|switch|p2a: Dondozo|Dondozo, M|94\/100 tox\n|move|p1a: Ho-Oh|Defog|p2a: Dondozo\n|-unboost|p2a: Dondozo|evasion|1\n|-sideend|p1: Szymszym134|Stealth Rock|[from] move: Defog|[of] p1a: Ho-Oh\n|\n|-heal|p2a: Dondozo|100\/100 tox|[from] item: Leftovers\n|-damage|p2a: Dondozo|94\/100 tox|[from] psn\n|upkeep\n|turn|23\n|\n|t:|1700302551\n|switch|p2a: Zygarde|Zygarde, shiny|100\/100\n|move|p1a: Ho-Oh|Sacred Fire|p2a: Zygarde\n|-resisted|p2a: Zygarde\n|-damage|p2a: Zygarde|84\/100\n|-status|p2a: Zygarde|brn\n|\n|-heal|p2a: Zygarde|90\/100 brn|[from] item: Leftovers\n|-damage|p2a: Zygarde|84\/100 brn|[from] brn\n|upkeep\n|turn|24\n|\n|t:|1700302556\n|switch|p2a: Necrozma|Necrozma-Ultra|84\/100 tox\n|switch|p1a: Zygarde|Zygarde|100\/100\n|\n|-damage|p2a: Necrozma|78\/100 tox|[from] psn\n|upkeep\n|turn|25\n|\n|t:|1700302560\n|switch|p1a: Magearna|Magearna|31\/100\n|move|p2a: Necrozma|Stealth Rock|p1a: Magearna\n|-sidestart|p1: Szymszym134|move: Stealth Rock\n|\n|-heal|p1a: Magearna|37\/100|[from] item: Leftovers\n|-damage|p2a: Necrozma|65\/100 tox|[from] psn\n|upkeep\n|turn|26\n|\n|t:|1700302563\n|switch|p1a: Ho-Oh|Ho-Oh|100\/100\n|move|p2a: Necrozma|Earth Power|p1a: Ho-Oh\n|-immune|p1a: Ho-Oh\n|\n|-damage|p2a: Necrozma|46\/100 tox|[from] psn\n|upkeep\n|turn|27\n|\n|t:|1700302568\n|switch|p2a: Dondozo|Dondozo, M|94\/100 tox\n|move|p1a: Ho-Oh|Defog|p2a: Dondozo\n|-unboost|p2a: Dondozo|evasion|1\n|-sideend|p1: Szymszym134|Stealth Rock|[from] move: Defog|[of] p1a: Ho-Oh\n|\n|-heal|p2a: Dondozo|100\/100 tox|[from] item: Leftovers\n|-damage|p2a: Dondozo|94\/100 tox|[from] psn\n|upkeep\n|turn|28\n|\n|t:|1700302572\n|switch|p1a: Zygarde|Zygarde|100\/100\n|move|p2a: Dondozo|Liquidation|p1a: Zygarde\n|-damage|p1a: Zygarde|83\/100\n|\n|-heal|p1a: Zygarde|89\/100|[from] item: Leftovers\n|-heal|p2a: Dondozo|100\/100 tox|[from] item: Leftovers\n|-damage|p2a: Dondozo|88\/100 tox|[from] psn\n|upkeep\n|turn|29\n|\n|t:|1700302581\n|switch|p1a: Garganacl|Garganacl, M|100\/100\n|move|p2a: Dondozo|Rest|p2a: Dondozo\n|-status|p2a: Dondozo|slp|[from] move: Rest\n|-heal|p2a: Dondozo|100\/100 slp|[silent]\n|\n|upkeep\n|turn|30\n|\n|t:|1700302584\n|switch|p2a: Magearna|Magearna|76\/100\n|move|p1a: Garganacl|Salt Cure|p2a: Magearna\n|-resisted|p2a: Magearna\n|-damage|p2a: Magearna|70\/100\n|-start|p2a: Magearna|Salt Cure\n|\n|-damage|p2a: Magearna|45\/100|[from] Salt Cure\n|upkeep\n|turn|31\n|\n|t:|1700302590\n|move|p2a: Magearna|Heal Bell|p2a: Magearna\n|-activate|p2a: Magearna|move: Heal Bell\n|-curestatus|p2: Zygarde|brn|[msg]\n|-curestatus|p2: Necrozma|tox|[msg]\n|-curestatus|p2: Dondozo|slp|[msg]\n|move|p1a: Garganacl|Stealth Rock|p2a: Magearna\n|-sidestart|p2: KurumiTokisakilove|move: Stealth Rock\n|\n|-damage|p2a: Magearna|20\/100|[from] Salt Cure\n|upkeep\n|turn|32\n|\n|t:|1700302593\n|move|p2a: Magearna|Pain Split|p1a: Garganacl\n|-sethp|p1a: Garganacl|59\/100|[from] move: Pain Split|[silent]\n|-sethp|p2a: Magearna|66\/100|[from] move: Pain Split\n|move|p1a: Garganacl|Salt Cure|p2a: Magearna\n|-resisted|p2a: Magearna\n|-damage|p2a: Magearna|60\/100\n|\n|-heal|p1a: Garganacl|66\/100|[from] item: Leftovers\n|-damage|p2a: Magearna|35\/100|[from] Salt Cure\n|upkeep\n|turn|33\n|\n|t:|1700302599\n|switch|p2a: Ditto|Ditto, shiny|100\/100\n|-damage|p2a: Ditto|88\/100|[from] Stealth Rock\n|-transform|p2a: Ditto|p1a: Garganacl|[from] ability: Imposter\n|move|p1a: Garganacl|Salt Cure|p2a: Ditto\n|-damage|p2a: Ditto|78\/100\n|-start|p2a: Ditto|Salt Cure\n|\n|-heal|p1a: Garganacl|72\/100|[from] item: Leftovers\n|-damage|p2a: Ditto|66\/100|[from] Salt Cure\n|upkeep\n|turn|34\n|\n|t:|1700302604\n|switch|p1a: Zygarde|Zygarde|89\/100\n|move|p2a: Ditto|Stealth Rock|p1a: Zygarde\n|-sidestart|p1: Szymszym134|move: Stealth Rock\n|\n|-heal|p1a: Zygarde|95\/100|[from] item: Leftovers\n|-damage|p2a: Ditto|53\/100|[from] Salt Cure\n|upkeep\n|turn|35\n|\n|t:|1700302609\n|switch|p1a: Garganacl|Garganacl, M|72\/100\n|-damage|p1a: Garganacl|59\/100|[from] Stealth Rock\n|switch|p2a: Dondozo|Dondozo, M|100\/100\n|-damage|p2a: Dondozo|88\/100|[from] Stealth Rock\n|\n|-heal|p2a: Dondozo|94\/100|[from] item: Leftovers\n|-heal|p1a: Garganacl|66\/100|[from] item: Leftovers\n|upkeep\n|turn|36\n|\n|t:|1700302615\n|move|p2a: Dondozo|Body Press|p1a: Garganacl\n|-supereffective|p1a: Garganacl\n|-damage|p1a: Garganacl|35\/100\n|move|p1a: Garganacl|Salt Cure|p2a: Dondozo\n|-damage|p2a: Dondozo|88\/100\n|-start|p2a: Dondozo|Salt Cure\n|\n|-heal|p2a: Dondozo|94\/100|[from] item: Leftovers\n|-heal|p1a: Garganacl|42\/100|[from] item: Leftovers\n|-damage|p2a: Dondozo|69\/100|[from] Salt Cure\n|upkeep\n|turn|37\n|\n|t:|1700302621\n|switch|p2a: Zygarde|Zygarde, shiny|84\/100\n|-damage|p2a: Zygarde|78\/100|[from] Stealth Rock\n|move|p1a: Garganacl|Recover|p1a: Garganacl\n|-heal|p1a: Garganacl|92\/100\n|\n|-heal|p2a: Zygarde|84\/100|[from] item: Leftovers\n|-heal|p1a: Garganacl|98\/100|[from] item: Leftovers\n|upkeep\n|turn|38\n|\n|t:|1700302641\n|switch|p1a: Zygarde|Zygarde|95\/100\n|-damage|p1a: Zygarde|89\/100|[from] Stealth Rock\n|move|p2a: Zygarde|Substitute|p2a: Zygarde\n|-start|p2a: Zygarde|Substitute\n|-damage|p2a: Zygarde|59\/100\n|\n|-heal|p2a: Zygarde|65\/100|[from] item: Leftovers\n|-heal|p1a: Zygarde|95\/100|[from] item: Leftovers\n|upkeep\n|turn|39\n|\n|t:|1700302644\n|move|p2a: Zygarde|Dragon Dance|p2a: Zygarde\n|-boost|p2a: Zygarde|atk|1\n|-boost|p2a: Zygarde|spe|1\n|move|p1a: Zygarde|Coil|p1a: Zygarde\n|-boost|p1a: Zygarde|atk|1\n|-boost|p1a: Zygarde|def|1\n|-boost|p1a: Zygarde|accuracy|1\n|\n|-heal|p2a: Zygarde|71\/100|[from] item: Leftovers\n|-heal|p1a: Zygarde|100\/100|[from] item: Leftovers\n|upkeep\n|turn|40\n|\n|t:|1700302647\n|move|p2a: Zygarde|Dragon Dance|p2a: Zygarde\n|-boost|p2a: Zygarde|atk|1\n|-boost|p2a: Zygarde|spe|1\n|move|p1a: Zygarde|Thousand Arrows|p2a: Zygarde\n|-end|p2a: Zygarde|Substitute\n|\n|-heal|p2a: Zygarde|77\/100|[from] item: Leftovers\n|upkeep\n|turn|41\n|\n|t:|1700302654\n|move|p2a: Zygarde|Substitute|p2a: Zygarde\n|-start|p2a: Zygarde|Substitute\n|-damage|p2a: Zygarde|52\/100\n|move|p1a: Zygarde|Thousand Arrows|p2a: Zygarde\n|-end|p2a: Zygarde|Substitute\n|\n|-heal|p2a: Zygarde|58\/100|[from] item: Leftovers\n|upkeep\n|turn|42\n|\n|t:|1700302658\n|move|p2a: Zygarde|Substitute|p2a: Zygarde\n|-start|p2a: Zygarde|Substitute\n|-damage|p2a: Zygarde|34\/100\n|move|p1a: Zygarde|Thousand Arrows|p2a: Zygarde\n|-end|p2a: Zygarde|Substitute\n|\n|-heal|p2a: Zygarde|40\/100|[from] item: Leftovers\n|-activate|p2a: Zygarde|ability: Power Construct\n|detailschange|p2a: Zygarde|Zygarde-Complete, shiny\n|-heal|p2a: Zygarde|63\/100|[silent]\n|upkeep\n|turn|43\n|\n|t:|1700302662\n|switch|p2a: Dondozo|Dondozo, M|69\/100\n|-damage|p2a: Dondozo|57\/100|[from] Stealth Rock\n|move|p1a: Zygarde|Coil|p1a: Zygarde\n|-boost|p1a: Zygarde|atk|1\n|-boost|p1a: Zygarde|def|1\n|-boost|p1a: Zygarde|accuracy|1\n|\n|-heal|p2a: Dondozo|63\/100|[from] item: Leftovers\n|upkeep\n|turn|44\n|\n|t:|1700302665\n|switch|p1a: Garganacl|Garganacl, M|98\/100\n|-damage|p1a: Garganacl|85\/100|[from] Stealth Rock\n|move|p2a: Dondozo|Rest|p2a: Dondozo\n|-status|p2a: Dondozo|slp|[from] move: Rest\n|-heal|p2a: Dondozo|100\/100 slp|[silent]\n|\n|-heal|p1a: Garganacl|92\/100|[from] item: Leftovers\n|upkeep\n|turn|45\n|\n|t:|1700302671\n|switch|p2a: Ditto|Ditto, shiny|53\/100\n|-damage|p2a: Ditto|41\/100|[from] Stealth Rock\n|-transform|p2a: Ditto|p1a: Garganacl|[from] ability: Imposter\n|move|p1a: Garganacl|Salt Cure|p2a: Ditto\n|-damage|p2a: Ditto|32\/100\n|-start|p2a: Ditto|Salt Cure\n|\n|-heal|p1a: Garganacl|98\/100|[from] item: Leftovers\n|-damage|p2a: Ditto|19\/100|[from] Salt Cure\n|upkeep\n|turn|46\n|\n|t:|1700302677\n|switch|p1a: Magearna|Magearna|37\/100\n|-damage|p1a: Magearna|31\/100|[from] Stealth Rock\n|move|p2a: Ditto|Recover|p2a: Ditto\n|-heal|p2a: Ditto|69\/100\n|\n|-heal|p1a: Magearna|37\/100|[from] item: Leftovers\n|-damage|p2a: Ditto|57\/100|[from] Salt Cure\n|upkeep\n|turn|47\n|\n|t:|1700302682\n|switch|p2a: Magearna|Magearna|35\/100\n|-damage|p2a: Magearna|29\/100|[from] Stealth Rock\n|move|p1a: Magearna|Pain Split|p2a: Magearna\n|-sethp|p2a: Magearna|33\/100|[from] move: Pain Split|[silent]\n|-sethp|p1a: Magearna|33\/100|[from] move: Pain Split\n|\n|-heal|p1a: Magearna|39\/100|[from] item: Leftovers\n|upkeep\n|turn|48\n|\n|t:|1700302695\n|switch|p2a: Necrozma|Necrozma-Ultra|46\/100\n|-damage|p2a: Necrozma|34\/100|[from] Stealth Rock\n|move|p1a: Magearna|Volt Switch|p2a: Necrozma\n|-resisted|p2a: Necrozma\n|-damage|p2a: Necrozma|24\/100\n|\n|t:|1700302702\n|switch|p1a: Ditto|Ditto|100\/100|[from] Volt Switch\n|-damage|p1a: Ditto|88\/100|[from] Stealth Rock\n|-transform|p1a: Ditto|p2a: Necrozma|[from] ability: Imposter\n|\n|upkeep\n|turn|49\n|\n|t:|1700302711\n|switch|p2a: Magearna|Magearna|33\/100\n|-damage|p2a: Magearna|27\/100|[from] Stealth Rock\n|move|p1a: Ditto|Earth Power|p2a: Magearna\n|-supereffective|p2a: Magearna\n|-damage|p2a: Magearna|0 fnt\n|faint|p2a: Magearna\n|\n|upkeep\n|\n|t:|1700302718\n|switch|p2a: Arceus|Arceus-Dark|53\/100\n|-damage|p2a: Arceus|40\/100|[from] Stealth Rock\n|turn|50\n|\n|t:|1700302722\n|switch|p1a: Garganacl|Garganacl, M|98\/100\n|-damage|p1a: Garganacl|85\/100|[from] Stealth Rock\n|move|p2a: Arceus|Recover|p2a: Arceus\n|-heal|p2a: Arceus|90\/100\n|\n|-heal|p1a: Garganacl|92\/100|[from] item: Leftovers\n|upkeep\n|turn|51\n|\n|t:|1700302726\n|switch|p2a: Ditto|Ditto, shiny|57\/100\n|-damage|p2a: Ditto|45\/100|[from] Stealth Rock\n|-transform|p2a: Ditto|p1a: Garganacl|[from] ability: Imposter\n|move|p1a: Garganacl|Salt Cure|p2a: Ditto\n|-damage|p2a: Ditto|34\/100\n|-start|p2a: Ditto|Salt Cure\n|\n|-heal|p1a: Garganacl|98\/100|[from] item: Leftovers\n|-damage|p2a: Ditto|21\/100|[from] Salt Cure\n|upkeep\n|turn|52\n|\n|t:|1700302730\n|switch|p1a: Magearna|Magearna|39\/100\n|-damage|p1a: Magearna|33\/100|[from] Stealth Rock\n|move|p2a: Ditto|Recover|p2a: Ditto\n|-heal|p2a: Ditto|71\/100\n|\n|-heal|p1a: Magearna|39\/100|[from] item: Leftovers\n|-damage|p2a: Ditto|59\/100|[from] Salt Cure\n|upkeep\n|turn|53\n|\n|t:|1700302734\n|switch|p2a: Necrozma|Necrozma-Ultra|24\/100\n|-damage|p2a: Necrozma|12\/100|[from] Stealth Rock\n|move|p1a: Magearna|Fleur Cannon|p2a: Necrozma\n|-supereffective|p2a: Necrozma\n|-damage|p2a: Necrozma|0 fnt\n|-unboost|p1a: Magearna|spa|2\n|faint|p2a: Necrozma\n|-ability|p1a: Magearna|Soul-Heart|boost\n|-boost|p1a: Magearna|spa|1\n|\n|-heal|p1a: Magearna|45\/100|[from] item: Leftovers\n|upkeep\n|\n|t:|1700302740\n|switch|p2a: Zygarde|Zygarde-Complete, shiny|63\/100\n|-damage|p2a: Zygarde|57\/100|[from] Stealth Rock\n|turn|54\n|\n|t:|1700302744\n|switch|p1a: Ho-Oh|Ho-Oh|100\/100\n|move|p2a: Zygarde|Thousand Arrows|p1a: Ho-Oh\n|-damage|p1a: Ho-Oh|75\/100\n|-start|p1a: Ho-Oh|Smack Down\n|\n|-heal|p2a: Zygarde|63\/100|[from] item: Leftovers\n|upkeep\n|turn|55\n|\n|t:|1700302746\n|move|p2a: Zygarde|Thousand Arrows|p1a: Ho-Oh\n|-supereffective|p1a: Ho-Oh\n|-damage|p1a: Ho-Oh|21\/100\n|move|p1a: Ho-Oh|Whirlwind|p2a: Zygarde\n|drag|p2a: Ditto|Ditto, shiny|59\/100\n|-damage|p2a: Ditto|47\/100|[from] Stealth Rock\n|-transform|p2a: Ditto|p1a: Ho-Oh|[from] ability: Imposter\n|\n|upkeep\n|turn|56\n|\n|t:|1700302753\n|switch|p2a: Zygarde|Zygarde-Complete, shiny|63\/100\n|-damage|p2a: Zygarde|57\/100|[from] Stealth Rock\n|switch|p1a: Garganacl|Garganacl, M|98\/100\n|-damage|p1a: Garganacl|85\/100|[from] Stealth Rock\n|\n|-heal|p2a: Zygarde|63\/100|[from] item: Leftovers\n|-heal|p1a: Garganacl|92\/100|[from] item: Leftovers\n|upkeep\n|turn|57\n|\n|t:|1700302758\n|switch|p1a: Ho-Oh|Ho-Oh|54\/100\n|move|p2a: Zygarde|Substitute|p2a: Zygarde\n|-start|p2a: Zygarde|Substitute\n|-damage|p2a: Zygarde|38\/100\n|\n|-heal|p2a: Zygarde|44\/100|[from] item: Leftovers\n|upkeep\n|turn|58\n|\n|t:|1700302760\n|move|p2a: Zygarde|Thousand Arrows|p1a: Ho-Oh\n|-damage|p1a: Ho-Oh|27\/100\n|-start|p1a: Ho-Oh|Smack Down\n|move|p1a: Ho-Oh|Whirlwind|p2a: Zygarde\n|drag|p2a: Ditto|Ditto, shiny|80\/100\n|-damage|p2a: Ditto|68\/100|[from] Stealth Rock\n|-transform|p2a: Ditto|p1a: Ho-Oh|[from] ability: Imposter\n|\n|upkeep\n|turn|59\n|\n|t:|1700302768\n|switch|p2a: Zygarde|Zygarde-Complete, shiny|44\/100\n|-damage|p2a: Zygarde|38\/100|[from] Stealth Rock\n|move|p1a: Ho-Oh|Toxic|p2a: Zygarde\n|-status|p2a: Zygarde|tox\n|\n|-heal|p2a: Zygarde|44\/100 tox|[from] item: Leftovers\n|-damage|p2a: Zygarde|38\/100 tox|[from] psn\n|upkeep\n|turn|60\n|\n|t:|1700302774\n|switch|p1a: Zygarde|Zygarde|100\/100\n|-damage|p1a: Zygarde|94\/100|[from] Stealth Rock\n|move|p2a: Zygarde|Thousand Arrows|p1a: Zygarde\n|-damage|p1a: Zygarde|70\/100\n|\n|-heal|p2a: Zygarde|44\/100 tox|[from] item: Leftovers\n|-heal|p1a: Zygarde|77\/100|[from] item: Leftovers\n|-damage|p2a: Zygarde|32\/100 tox|[from] psn\n|upkeep\n|turn|61\n|\n|t:|1700302776\n|switch|p2a: Dondozo|Dondozo, M|100\/100 slp\n|-damage|p2a: Dondozo|88\/100 slp|[from] Stealth Rock\n|move|p1a: Zygarde|Coil|p1a: Zygarde\n|-boost|p1a: Zygarde|atk|1\n|-boost|p1a: Zygarde|def|1\n|-boost|p1a: Zygarde|accuracy|1\n|\n|-heal|p1a: Zygarde|83\/100|[from] item: Leftovers\n|-heal|p2a: Dondozo|94\/100 slp|[from] item: Leftovers\n|upkeep\n|turn|62\n|\n|t:|1700302780\n|switch|p1a: Garganacl|Garganacl, M|92\/100\n|-damage|p1a: Garganacl|79\/100|[from] Stealth Rock\n|cant|p2a: Dondozo|slp\n|\n|-heal|p1a: Garganacl|85\/100|[from] item: Leftovers\n|-heal|p2a: Dondozo|99\/100 slp|[from] item: Leftovers\n|upkeep\n|turn|63\n|\n|t:|1700302784\n|switch|p2a: Ditto|Ditto, shiny|100\/100\n|-damage|p2a: Ditto|88\/100|[from] Stealth Rock\n|-transform|p2a: Ditto|p1a: Garganacl|[from] ability: Imposter\n|move|p1a: Garganacl|Salt Cure|p2a: Ditto\n|-damage|p2a: Ditto|78\/100\n|-start|p2a: Ditto|Salt Cure\n|\n|-heal|p1a: Garganacl|92\/100|[from] item: Leftovers\n|-damage|p2a: Ditto|65\/100|[from] Salt Cure\n|upkeep\n|turn|64\n|\n|t:|1700302788\n|move|p1a: Garganacl|Protect|p1a: Garganacl\n|-singleturn|p1a: Garganacl|Protect\n|move|p2a: Ditto|Salt Cure|p1a: Garganacl\n|-activate|p1a: Garganacl|move: Protect\n|\n|-heal|p1a: Garganacl|98\/100|[from] item: Leftovers\n|-damage|p2a: Ditto|53\/100|[from] Salt Cure\n|upkeep\n|turn|65\n|\n|t:|1700302793\n|move|p1a: Garganacl|Protect||[still]\n|-fail|p1a: Garganacl\n|move|p2a: Ditto|Salt Cure|p1a: Garganacl\n|-damage|p1a: Garganacl|90\/100\n|-start|p1a: Garganacl|Salt Cure\n|\n|-heal|p1a: Garganacl|97\/100|[from] item: Leftovers\n|-damage|p2a: Ditto|41\/100|[from] Salt Cure\n|-damage|p1a: Garganacl|84\/100|[from] Salt Cure\n|upkeep\n|turn|66\n|\n|t:|1700302797\n|switch|p2a: Arceus|Arceus-Dark|90\/100\n|-damage|p2a: Arceus|78\/100|[from] Stealth Rock\n|move|p1a: Garganacl|Salt Cure|p2a: Arceus\n|-damage|p2a: Arceus|68\/100\n|-start|p2a: Arceus|Salt Cure\n|\n|-heal|p1a: Garganacl|90\/100|[from] item: Leftovers\n|-damage|p2a: Arceus|56\/100|[from] Salt Cure\n|-damage|p1a: Garganacl|78\/100|[from] Salt Cure\n|upkeep\n|turn|67\n|\n|t:|1700302803\n|switch|p1a: Ho-Oh|Ho-Oh|61\/100\n|move|p2a: Arceus|Recover|p2a: Arceus\n|-heal|p2a: Arceus|100\/100\n|\n|-damage|p2a: Arceus|88\/100|[from] Salt Cure\n|upkeep\n|turn|68\n|\n|t:|1700302808\n|switch|p2a: Ditto|Ditto, shiny|41\/100\n|-damage|p2a: Ditto|29\/100|[from] Stealth Rock\n|-transform|p2a: Ditto|p1a: Ho-Oh|[from] ability: Imposter\n|move|p1a: Ho-Oh|Toxic|p2a: Ditto\n|-status|p2a: Ditto|tox\n|\n|-damage|p2a: Ditto|22\/100 tox|[from] psn\n|upkeep\n|turn|69\n|\n|t:|1700302812\n|switch|p2a: Dondozo|Dondozo, M|99\/100 slp\n|-damage|p2a: Dondozo|88\/100 slp|[from] Stealth Rock\n|switch|p1a: Garganacl|Garganacl, M|78\/100\n|-damage|p1a: Garganacl|66\/100|[from] Stealth Rock\n|\n|-heal|p2a: Dondozo|94\/100 slp|[from] item: Leftovers\n|-heal|p1a: Garganacl|72\/100|[from] item: Leftovers\n|upkeep\n|turn|70\n|\n|t:|1700302817\n|switch|p2a: Ditto|Ditto, shiny|56\/100 tox\n|-damage|p2a: Ditto|43\/100 tox|[from] Stealth Rock\n|-transform|p2a: Ditto|p1a: Garganacl|[from] ability: Imposter\n|move|p1a: Garganacl|Salt Cure|p2a: Ditto\n|-damage|p2a: Ditto|32\/100 tox\n|-start|p2a: Ditto|Salt Cure\n|\n|-heal|p1a: Garganacl|78\/100|[from] item: Leftovers\n|-damage|p2a: Ditto|26\/100 tox|[from] psn\n|-damage|p2a: Ditto|14\/100 tox|[from] Salt Cure\n|upkeep\n|turn|71\n|\n|t:|1700302822\n|switch|p1a: Magearna|Magearna|45\/100\n|-damage|p1a: Magearna|39\/100|[from] Stealth Rock\n|move|p2a: Ditto|Recover|p2a: Ditto\n|-heal|p2a: Ditto|64\/100 tox\n|\n|-heal|p1a: Magearna|45\/100|[from] item: Leftovers\n|-damage|p2a: Ditto|52\/100 tox|[from] psn\n|-damage|p2a: Ditto|39\/100 tox|[from] Salt Cure\n|upkeep\n|turn|72\n|\n|t:|1700302828\n|switch|p2a: Zygarde|Zygarde-Complete, shiny|32\/100 tox\n|-damage|p2a: Zygarde|25\/100 tox|[from] Stealth Rock\n|move|p1a: Magearna|Fleur Cannon|p2a: Zygarde\n|-supereffective|p2a: Zygarde\n|-damage|p2a: Zygarde|0 fnt\n|-unboost|p1a: Magearna|spa|2\n|faint|p2a: Zygarde\n|-ability|p1a: Magearna|Soul-Heart|boost\n|-boost|p1a: Magearna|spa|1\n|\n|-heal|p1a: Magearna|51\/100|[from] item: Leftovers\n|upkeep\n|\n|t:|1700302832\n|switch|p2a: Ditto|Ditto, shiny|39\/100 tox\n|-damage|p2a: Ditto|27\/100 tox|[from] Stealth Rock\n|-transform|p2a: Ditto|p1a: Magearna|[from] ability: Imposter\n|turn|73\n|\n|t:|1700302840\n|switch|p1a: Arceus|Arceus-Dark|23\/100 tox\n|-damage|p1a: Arceus|10\/100 tox|[from] Stealth Rock\n|move|p2a: Ditto|Pain Split|p1a: Arceus\n|-sethp|p1a: Arceus|14\/100 tox|[from] move: Pain Split|[silent]\n|-sethp|p2a: Ditto|21\/100 tox|[from] move: Pain Split\n|\n|-damage|p1a: Arceus|8\/100 tox|[from] psn\n|-damage|p2a: Ditto|15\/100 tox|[from] psn\n|upkeep\n|turn|74\n|\n|t:|1700302848\n|switch|p2a: Arceus|Arceus-Dark|88\/100\n|-damage|p2a: Arceus|76\/100|[from] Stealth Rock\n|move|p1a: Arceus|Foul Play|p2a: Arceus\n|-resisted|p2a: Arceus\n|-damage|p2a: Arceus|63\/100\n|\n|-damage|p1a: Arceus|0 fnt|[from] psn\n|faint|p1a: Arceus\n|upkeep\n|\n|t:|1700302851\n|switch|p1a: Magearna|Magearna|51\/100\n|-damage|p1a: Magearna|45\/100|[from] Stealth Rock\n|turn|75\n|\n|t:|1700302859\n|switch|p2a: Ditto|Ditto, shiny|15\/100 tox\n|-damage|p2a: Ditto|3\/100 tox|[from] Stealth Rock\n|-transform|p2a: Ditto|p1a: Magearna|[from] ability: Imposter\n|move|p1a: Magearna|Fleur Cannon|p2a: Ditto\n|-resisted|p2a: Ditto\n|-damage|p2a: Ditto|0 fnt\n|-unboost|p1a: Magearna|spa|2\n|faint|p2a: Ditto\n|-ability|p1a: Magearna|Soul-Heart|boost\n|-boost|p1a: Magearna|spa|1\n|\n|-heal|p1a: Magearna|51\/100|[from] item: Leftovers\n|upkeep\n|\n|t:|1700302863\n|switch|p2a: Arceus|Arceus-Dark|63\/100\n|-damage|p2a: Arceus|51\/100|[from] Stealth Rock\n|turn|76\n|\n|t:|1700302867\n|move|p2a: Arceus|Recover|p2a: Arceus\n|-heal|p2a: Arceus|100\/100\n|move|p1a: Magearna|Fleur Cannon|p2a: Arceus\n|-supereffective|p2a: Arceus\n|-damage|p2a: Arceus|53\/100\n|-unboost|p1a: Magearna|spa|2\n|\n|-heal|p1a: Magearna|57\/100|[from] item: Leftovers\n|upkeep\n|turn|77\n|\n|t:|1700302871\n|move|p2a: Arceus|Recover|p2a: Arceus\n|-heal|p2a: Arceus|100\/100\n|move|p1a: Magearna|Pain Split|p2a: Arceus\n|-sethp|p2a: Arceus|74\/100|[from] move: Pain Split|[silent]\n|-sethp|p1a: Magearna|90\/100|[from] move: Pain Split\n|\n|-heal|p1a: Magearna|96\/100|[from] item: Leftovers\n|upkeep\n|turn|78\n|\n|t:|1700302878\n|move|p2a: Arceus|Taunt|p1a: Magearna\n|-start|p1a: Magearna|move: Taunt\n|move|p1a: Magearna|Volt Switch|p2a: Arceus\n|-damage|p2a: Arceus|68\/100\n|\n|t:|1700302880\n|switch|p1a: Garganacl|Garganacl, M|78\/100|[from] Volt Switch\n|-damage|p1a: Garganacl|66\/100|[from] Stealth Rock\n|\n|-heal|p1a: Garganacl|72\/100|[from] item: Leftovers\n|upkeep\n|turn|79\n|\n|t:|1700302885\n|switch|p2a: Dondozo|Dondozo, M|94\/100 slp\n|-damage|p2a: Dondozo|81\/100 slp|[from] Stealth Rock\n|move|p1a: Garganacl|Salt Cure|p2a: Dondozo\n|-damage|p2a: Dondozo|75\/100 slp\n|-start|p2a: Dondozo|Salt Cure\n|\n|-heal|p1a: Garganacl|78\/100|[from] item: Leftovers\n|-heal|p2a: Dondozo|82\/100 slp|[from] item: Leftovers\n|-damage|p2a: Dondozo|57\/100 slp|[from] Salt Cure\n|upkeep\n|turn|80\n|\n|t:|1700302891\n|cant|p2a: Dondozo|slp\n|move|p1a: Garganacl|Salt Cure|p2a: Dondozo\n|-damage|p2a: Dondozo|50\/100 slp\n|\n|-heal|p1a: Garganacl|84\/100|[from] item: Leftovers\n|-heal|p2a: Dondozo|57\/100 slp|[from] item: Leftovers\n|-damage|p2a: Dondozo|32\/100 slp|[from] Salt Cure\n|upkeep\n|turn|81\n|\n|t:|1700302893\n|-curestatus|p2a: Dondozo|slp|[msg]\n|move|p2a: Dondozo|Rest|p2a: Dondozo\n|-status|p2a: Dondozo|slp|[from] move: Rest\n|-heal|p2a: Dondozo|100\/100 slp|[silent]\n|move|p1a: Garganacl|Salt Cure|p2a: Dondozo\n|-damage|p2a: Dondozo|94\/100 slp\n|\n|-heal|p1a: Garganacl|90\/100|[from] item: Leftovers\n|-heal|p2a: Dondozo|100\/100 slp|[from] item: Leftovers\n|-damage|p2a: Dondozo|75\/100 slp|[from] Salt Cure\n|upkeep\n|turn|82\n|\n|t:|1700302897\n|switch|p1a: Magearna|Magearna|96\/100\n|-damage|p1a: Magearna|90\/100|[from] Stealth Rock\n|switch|p2a: Arceus|Arceus-Dark|68\/100\n|-damage|p2a: Arceus|55\/100|[from] Stealth Rock\n|\n|-heal|p1a: Magearna|96\/100|[from] item: Leftovers\n|upkeep\n|turn|83\n|\n|t:|1700302901\n|-terastallize|p2a: Arceus|Poison\n|move|p2a: Arceus|Recover|p2a: Arceus\n|-heal|p2a: Arceus|100\/100\n|move|p1a: Magearna|Fleur Cannon|p2a: Arceus\n|-resisted|p2a: Arceus\n|-damage|p2a: Arceus|81\/100\n|-unboost|p1a: Magearna|spa|2\n|\n|-heal|p1a: Magearna|100\/100|[from] item: Leftovers\n|upkeep\n|turn|84\n|\n|t:|1700302905\n|switch|p2a: Dondozo|Dondozo, M|75\/100 slp\n|-damage|p2a: Dondozo|63\/100 slp|[from] Stealth Rock\n|move|p1a: Magearna|Volt Switch|p2a: Dondozo\n|-supereffective|p2a: Dondozo\n|-damage|p2a: Dondozo|23\/100 slp\n|\n|t:|1700302909\n|switch|p1a: Garganacl|Garganacl, M|90\/100|[from] Volt Switch\n|-damage|p1a: Garganacl|78\/100|[from] Stealth Rock\n|\n|-heal|p1a: Garganacl|84\/100|[from] item: Leftovers\n|-heal|p2a: Dondozo|29\/100 slp|[from] item: Leftovers\n|upkeep\n|turn|85\n|-message|KurumiTokisakilove forfeited.\n|\n|win|Szymszym134\n|raw|Szymszym134's rating: 1729 &rarr; <strong>1759<\/strong><br \/>(+30 for winning)\n|raw|KurumiTokisakilove's rating: 1930 &rarr; <strong>1900<\/strong><br \/>(-30 for losing)\n|l|\u2606KurumiTokisakilove\n","uploadtime":1700302927,"views":52,"p1id":"szymszym134","p2id":"kurumitokisakilove","formatid":"gen9nationaldexubers","rating":1759,"private":0,"password":""}