{"id":"gen9nationaldexubers-1986088823","p1":"Ducman501","p2":"Prototype2.O","format":"[Gen 9] National Dex Ubers","log":"|j|\u2606Ducman501\n|j|\u2606Prototype2.O\n|t:|1699448824\n|gametype|singles\n|player|p1|Ducman501|kieran|1045\n|player|p2|Prototype2.O|benga|1138\n|teamsize|p1|6\n|teamsize|p2|6\n|gen|9\n|tier|[Gen 9] National Dex Ubers\n|rated|\n|rule|HP Percentage Mod: HP is shown in percentages\n|rule|Endless Battle Clause: Forcing endless battles is banned\n|rule|OHKO Clause: OHKO moves are banned\n|rule|Evasion Moves Clause: Evasion moves are banned\n|rule|Evasion Items Clause: Evasion items are banned\n|rule|Species Clause: Limit one of each Pok\u00e9mon\n|rule|Sleep Clause Mod: Limit one foe put to sleep\n|rule|Mega Rayquaza Clause: You cannot mega evolve Rayquaza\n|clearpoke\n|poke|p1|Deoxys-Speed|\n|poke|p1|Genesect-Douse|\n|poke|p1|Kartana|\n|poke|p1|Necrozma-Dusk-Mane|\n|poke|p1|Blaziken, F|\n|poke|p1|Ogerpon, F|\n|poke|p2|Latios, M|\n|poke|p2|Empoleon, M|\n|poke|p2|Sneasler, F|\n|poke|p2|Glalie, M|\n|poke|p2|Pawmot, M|\n|poke|p2|Kingambit, F|\n|teampreview\n|c|\u2606Prototype2.O|Glhf\n|\n|t:|1699448836\n|start\n|switch|p1a: Phil|Deoxys-Speed, shiny|100\/100\n|switch|p2a: Latios|Latios, M|100\/100\n|-ability|p1a: Phil|Pressure\n|turn|1\n|\n|t:|1699448847\n|move|p1a: Phil|Stealth Rock|p2a: Latios\n|-sidestart|p2: Prototype2.O|move: Stealth Rock\n|move|p2a: Latios|Reflect|p2a: Latios\n|-sidestart|p2: Prototype2.O|Reflect\n|\n|upkeep\n|turn|2\n|\n|t:|1699448851\n|move|p1a: Phil|Spikes|p2a: Latios\n|-sidestart|p2: Prototype2.O|Spikes\n|move|p2a: Latios|Light Screen|p2a: Latios\n|-sidestart|p2: Prototype2.O|move: Light Screen\n|\n|upkeep\n|turn|3\n|\n|t:|1699448867\n|move|p1a: Phil|Spikes|p2a: Latios\n|-sidestart|p2: Prototype2.O|Spikes\n|move|p2a: Latios|Aura Sphere|p1a: Phil\n|-resisted|p1a: Phil\n|-damage|p1a: Phil|78\/100\n|\n|upkeep\n|turn|4\n|\n|t:|1699448873\n|move|p1a: Phil|Spikes|p2a: Latios\n|-sidestart|p2: Prototype2.O|Spikes\n|move|p2a: Latios|Luster Purge|p1a: Phil\n|-resisted|p1a: Phil\n|-damage|p1a: Phil|50\/100\n|\n|upkeep\n|turn|5\n|\n|t:|1699448881\n|switch|p1a: Tiro Finale!|Necrozma-Dusk-Mane, shiny|100\/100\n|move|p2a: Latios|Luster Purge|p1a: Tiro Finale!\n|-resisted|p1a: Tiro Finale!\n|-crit|p1a: Tiro Finale!\n|-damage|p1a: Tiro Finale!|85\/100\n|\n|-sideend|p2: Prototype2.O|Reflect\n|upkeep\n|turn|6\n|\n|t:|1699448889\n|move|p2a: Latios|Reflect|p2a: Latios\n|-sidestart|p2: Prototype2.O|Reflect\n|move|p1a: Tiro Finale!|Dragon Dance|p1a: Tiro Finale!\n|-boost|p1a: Tiro Finale!|atk|1\n|-boost|p1a: Tiro Finale!|spe|1\n|\n|-sideend|p2: Prototype2.O|move: Light Screen\n|upkeep\n|turn|7\n|\n|t:|1699448896\n|move|p1a: Tiro Finale!|Dragon Dance|p1a: Tiro Finale!\n|-boost|p1a: Tiro Finale!|atk|1\n|-boost|p1a: Tiro Finale!|spe|1\n|move|p2a: Latios|Light Screen|p2a: Latios\n|-sidestart|p2: Prototype2.O|move: Light Screen\n|\n|upkeep\n|turn|8\n|\n|t:|1699448904\n|move|p1a: Tiro Finale!|Dragon Dance|p1a: Tiro Finale!\n|-boost|p1a: Tiro Finale!|atk|1\n|-boost|p1a: Tiro Finale!|spe|1\n|move|p2a: Latios|Luster Purge|p1a: Tiro Finale!\n|-resisted|p1a: Tiro Finale!\n|-damage|p1a: Tiro Finale!|75\/100\n|\n|upkeep\n|turn|9\n|\n|t:|1699448916\n|move|p1a: Tiro Finale!|Outrage|p2a: Latios\n|-supereffective|p2a: Latios\n|-damage|p2a: Latios|0 fnt\n|faint|p2a: Latios\n|\n|upkeep\n|\n|t:|1699448922\n|switch|p2a: Empoleon|Empoleon, M|100\/100\n|-damage|p2a: Empoleon|94\/100|[from] Stealth Rock\n|-damage|p2a: Empoleon|69\/100|[from] Spikes\n|turn|10\n|\n|t:|1699448931\n|move|p1a: Tiro Finale!|Outrage|p2a: Empoleon|[from]lockedmove\n|-resisted|p2a: Empoleon\n|-damage|p2a: Empoleon|27\/100\n|move|p2a: Empoleon|Agility|p2a: Empoleon\n|-boost|p2a: Empoleon|spe|2\n|\n|-sideend|p2: Prototype2.O|Reflect\n|upkeep\n|turn|11\n|\n|t:|1699448947\n|move|p1a: Tiro Finale!|Outrage|p2a: Empoleon|[from]lockedmove\n|-resisted|p2a: Empoleon\n|-damage|p2a: Empoleon|0 fnt\n|faint|p2a: Empoleon\n|-start|p1a: Tiro Finale!|confusion|[fatigue]\n|\n|-sideend|p2: Prototype2.O|move: Light Screen\n|upkeep\n|\n|t:|1699448960\n|switch|p2a: Ancient Climber|Sneasler, F|100\/100\n|-damage|p2a: Ancient Climber|95\/100|[from] Stealth Rock\n|-damage|p2a: Ancient Climber|70\/100|[from] Spikes\n|turn|12\n|\n|t:|1699448966\n|detailschange|p1a: Tiro Finale!|Necrozma-Ultra, shiny\n|-burst|p1a: Tiro Finale!|Necrozma|Ultranecrozium Z\n|move|p2a: Ancient Climber|Fake Out|p1a: Tiro Finale!\n|-damage|p1a: Tiro Finale!|60\/100\n|cant|p1a: Tiro Finale!|flinch\n|\n|upkeep\n|turn|13\n|\n|t:|1699448974\n|-activate|p1a: Tiro Finale!|confusion\n|move|p1a: Tiro Finale!|Photon Geyser|p2a: Ancient Climber\n|-supereffective|p2a: Ancient Climber\n|-damage|p2a: Ancient Climber|0 fnt\n|faint|p2a: Ancient Climber\n|\n|upkeep\n|\n|t:|1699448982\n|switch|p2a: Icebreaker|Glalie, M|100\/100\n|-damage|p2a: Icebreaker|76\/100|[from] Stealth Rock\n|-damage|p2a: Icebreaker|51\/100|[from] Spikes\n|turn|14\n|\n|t:|1699448990\n|detailschange|p2a: Icebreaker|Glalie-Mega, M\n|-mega|p2a: Icebreaker|Glalie|Glalitite\n|-activate|p1a: Tiro Finale!|confusion\n|-zpower|p1a: Tiro Finale!\n|move|p1a: Tiro Finale!|Light That Burns the Sky|p2a: Icebreaker|[zeffect]\n|-crit|p2a: Icebreaker\n|-damage|p2a: Icebreaker|0 fnt\n|faint|p2a: Icebreaker\n|\n|upkeep\n|\n|t:|1699449000\n|switch|p2a: Pawmot|Pawmot, M|100\/100\n|-damage|p2a: Pawmot|94\/100|[from] Stealth Rock\n|-damage|p2a: Pawmot|70\/100|[from] Spikes\n|turn|15\n|\n|t:|1699449007\n|move|p2a: Pawmot|Fake Out|p1a: Tiro Finale!\n|-damage|p1a: Tiro Finale!|47\/100\n|cant|p1a: Tiro Finale!|flinch\n|\n|upkeep\n|turn|16\n|\n|t:|1699449013\n|-end|p1a: Tiro Finale!|confusion\n|move|p1a: Tiro Finale!|Earthquake|p2a: Pawmot\n|-supereffective|p2a: Pawmot\n|-damage|p2a: Pawmot|0 fnt\n|faint|p2a: Pawmot\n|\n|upkeep\n|\n|t:|1699449020\n|switch|p2a: Blade King|Kingambit, F|100\/100\n|-damage|p2a: Blade King|94\/100|[from] Stealth Rock\n|-damage|p2a: Blade King|69\/100|[from] Spikes\n|-activate|p2a: Blade King|ability: Supreme Overlord\n|-start|p2a: Blade King|fallen5|[silent]\n|turn|17\n|\n|t:|1699449030\n|move|p2a: Blade King|Sucker Punch||[still]\n|-fail|p2a: Blade King\n|move|p1a: Tiro Finale!|Dragon Dance|p1a: Tiro Finale!\n|-boost|p1a: Tiro Finale!|atk|1\n|-boost|p1a: Tiro Finale!|spe|1\n|\n|-heal|p2a: Blade King|75\/100|[from] item: Leftovers\n|upkeep\n|turn|18\n|inactive|Battle timer is ON: inactive players will automatically lose when time's up. (requested by Ducman501)\n|\n|t:|1699449040\n|move|p2a: Blade King|Sucker Punch||[still]\n|-fail|p2a: Blade King\n|move|p1a: Tiro Finale!|Dragon Dance|p1a: Tiro Finale!\n|-boost|p1a: Tiro Finale!|atk|1\n|-boost|p1a: Tiro Finale!|spe|1\n|\n|-heal|p2a: Blade King|82\/100|[from] item: Leftovers\n|upkeep\n|turn|19\n|\n|t:|1699449048\n|move|p1a: Tiro Finale!|Dragon Dance|p1a: Tiro Finale!\n|-boost|p1a: Tiro Finale!|atk|1\n|-boost|p1a: Tiro Finale!|spe|1\n|move|p2a: Blade King|Kowtow Cleave|p1a: Tiro Finale!\n|-supereffective|p1a: Tiro Finale!\n|-damage|p1a: Tiro Finale!|0 fnt\n|faint|p1a: Tiro Finale!\n|\n|-heal|p2a: Blade King|88\/100|[from] item: Leftovers\n|upkeep\n|\n|t:|1699449052\n|switch|p1a: Sayaka Miki|Kartana, shiny|100\/100\n|turn|20\n|\n|t:|1699449066\n|move|p2a: Blade King|Sucker Punch|p1a: Sayaka Miki\n|-damage|p1a: Sayaka Miki|33\/100\n|move|p1a: Sayaka Miki|Sacred Sword|p2a: Blade King\n|-supereffective|p2a: Blade King\n|-damage|p2a: Blade King|0 fnt\n|faint|p2a: Blade King\n|-end|p2a: Blade King|fallen5|[silent]\n|\n|win|Ducman501\n|raw|Ducman501's rating: 1045 &rarr; <strong>1087<\/strong><br \/>(+42 for winning)\n|raw|Prototype2.O's rating: 1138 &rarr; <strong>1106<\/strong><br \/>(-32 for losing)\n|c|\u2606Ducman501|gg\n","uploadtime":1699449078,"views":36,"p1id":"ducman501","p2id":"prototype2o","formatid":"gen9nationaldexubers","rating":1087,"private":0,"password":""}