{"id":"gen9nationaldexubers-1985715065","p1":"Szymszym134","p2":"Mizuharamami","format":"[Gen 9] National Dex Ubers","log":"|j|\u2606Szymszym134\n|j|\u2606Mizuharamami\n|t:|1699398581\n|gametype|singles\n|player|p1|Szymszym134|elesa|1607\n|player|p2|Mizuharamami|erika-gen1|1849\n|teamsize|p1|6\n|teamsize|p2|6\n|gen|9\n|tier|[Gen 9] National Dex Ubers\n|rated|\n|rule|HP Percentage Mod: HP is shown in percentages\n|rule|Endless Battle Clause: Forcing endless battles is banned\n|rule|OHKO Clause: OHKO moves are banned\n|rule|Evasion Moves Clause: Evasion moves are banned\n|rule|Evasion Items Clause: Evasion items are banned\n|rule|Species Clause: Limit one of each Pok\u00e9mon\n|rule|Sleep Clause Mod: Limit one foe put to sleep\n|rule|Mega Rayquaza Clause: You cannot mega evolve Rayquaza\n|clearpoke\n|poke|p1|Mewtwo|\n|poke|p1|Kingambit, F|\n|poke|p1|Garganacl, M|\n|poke|p1|Arceus-Ground|\n|poke|p1|Ditto|\n|poke|p1|Kyurem-Black|\n|poke|p2|Ditto|\n|poke|p2|Kyogre|\n|poke|p2|Giratina-Origin|\n|poke|p2|Arceus-Dark|\n|poke|p2|Necrozma-Dusk-Mane|\n|poke|p2|Kyurem-Black|\n|teampreview\n|inactive|Battle timer is ON: inactive players will automatically lose when time's up. (requested by Szymszym134)\n|inactive|Mizuharamami also wants the timer to be on.\n|\n|t:|1699398596\n|start\n|switch|p1a: Arceus|Arceus-Ground|100\/100\n|switch|p2a: Kyogre|Kyogre|100\/100\n|-weather|RainDance|[from] ability: Drizzle|[of] p2a: Kyogre\n|turn|1\n|j| leona misa\n|\n|t:|1699398604\n|-terastallize|p1a: Arceus|Water\n|move|p2a: Kyogre|Water Spout|p1a: Arceus\n|-resisted|p1a: Arceus\n|-damage|p1a: Arceus|56\/100\n|move|p1a: Arceus|Judgment|p2a: Kyogre\n|-damage|p2a: Kyogre|65\/100\n|\n|-weather|RainDance|[upkeep]\n|upkeep\n|turn|2\n|\n|t:|1699398613\n|switch|p2a: Giratina|Giratina-Origin|100\/100\n|move|p1a: Arceus|Recover|p1a: Arceus\n|-heal|p1a: Arceus|100\/100\n|\n|-weather|RainDance|[upkeep]\n|upkeep\n|turn|3\n|\n|t:|1699398620\n|switch|p2a: Necrozma|Necrozma-Dusk-Mane|100\/100\n|move|p1a: Arceus|Toxic|p2a: Necrozma\n|-immune|p2a: Necrozma\n|\n|-weather|RainDance|[upkeep]\n|upkeep\n|turn|4\n|\n|t:|1699398630\n|switch|p2a: Arceus|Arceus-Dark|100\/100\n|move|p1a: Arceus|Judgment|p2a: Arceus\n|-damage|p2a: Arceus|70\/100\n|\n|-weather|RainDance|[upkeep]\n|upkeep\n|turn|5\n|\n|t:|1699398637\n|move|p2a: Arceus|Taunt|p1a: Arceus\n|-start|p1a: Arceus|move: Taunt\n|move|p1a: Arceus|Judgment|p2a: Arceus\n|-damage|p2a: Arceus|39\/100\n|\n|-weather|none\n|upkeep\n|turn|6\n|\n|t:|1699398643\n|move|p2a: Arceus|Recover|p2a: Arceus\n|-heal|p2a: Arceus|89\/100\n|move|p1a: Arceus|Judgment|p2a: Arceus\n|-damage|p2a: Arceus|56\/100\n|\n|upkeep\n|turn|7\n|\n|t:|1699398647\n|move|p2a: Arceus|Toxic|p1a: Arceus\n|-status|p1a: Arceus|tox\n|move|p1a: Arceus|Judgment|p2a: Arceus\n|-damage|p2a: Arceus|25\/100\n|\n|-damage|p1a: Arceus|94\/100 tox|[from] psn\n|-end|p1a: Arceus|move: Taunt\n|upkeep\n|turn|8\n|\n|t:|1699398659\n|switch|p1a: Kyurem|Kyurem-Black|100\/100\n|-ability|p1a: Kyurem|Teravolt\n|move|p2a: Arceus|Recover|p2a: Arceus\n|-heal|p2a: Arceus|75\/100\n|\n|upkeep\n|turn|9\n|\n|t:|1699398667\n|move|p2a: Arceus|Foul Play|p1a: Kyurem\n|-damage|p1a: Kyurem|25\/100\n|move|p1a: Kyurem|Substitute|p1a: Kyurem\n|-fail|p1a: Kyurem|move: Substitute|[weak]\n|\n|upkeep\n|turn|10\n|\n|t:|1699398675\n|switch|p1a: Garganacl|Garganacl, M|100\/100\n|move|p2a: Arceus|Foul Play|p1a: Garganacl\n|-damage|p1a: Garganacl|80\/100\n|\n|-heal|p1a: Garganacl|87\/100|[from] item: Leftovers\n|upkeep\n|turn|11\n|\n|t:|1699398680\n|switch|p2a: Necrozma|Necrozma-Dusk-Mane|100\/100\n|move|p1a: Garganacl|Salt Cure|p2a: Necrozma\n|-resisted|p2a: Necrozma\n|-damage|p2a: Necrozma|95\/100\n|-start|p2a: Necrozma|Salt Cure\n|\n|-heal|p1a: Garganacl|93\/100|[from] item: Leftovers\n|-damage|p2a: Necrozma|70\/100|[from] Salt Cure\n|upkeep\n|turn|12\n|\n|t:|1699398688\n|move|p2a: Necrozma|Stealth Rock|p1a: Garganacl\n|-sidestart|p1: Szymszym134|move: Stealth Rock\n|move|p1a: Garganacl|Stealth Rock|p2a: Necrozma\n|-sidestart|p2: Mizuharamami|move: Stealth Rock\n|\n|-heal|p1a: Garganacl|99\/100|[from] item: Leftovers\n|-damage|p2a: Necrozma|45\/100|[from] Salt Cure\n|upkeep\n|turn|13\n|\n|t:|1699398694\n|switch|p2a: Kyogre|Kyogre|65\/100\n|-damage|p2a: Kyogre|53\/100|[from] Stealth Rock\n|-weather|RainDance|[from] ability: Drizzle|[of] p2a: Kyogre\n|move|p1a: Garganacl|Salt Cure|p2a: Kyogre\n|-damage|p2a: Kyogre|38\/100\n|-start|p2a: Kyogre|Salt Cure\n|\n|-weather|RainDance|[upkeep]\n|-heal|p1a: Garganacl|100\/100|[from] item: Leftovers\n|-damage|p2a: Kyogre|13\/100|[from] Salt Cure\n|upkeep\n|turn|14\n|\n|t:|1699398705\n|move|p1a: Garganacl|Protect|p1a: Garganacl\n|-singleturn|p1a: Garganacl|Protect\n|move|p2a: Kyogre|Origin Pulse|p1a: Garganacl\n|-activate|p1a: Garganacl|move: Protect\n|\n|-weather|RainDance|[upkeep]\n|-damage|p2a: Kyogre|0 fnt|[from] Salt Cure\n|faint|p2a: Kyogre\n|upkeep\n|\n|t:|1699398714\n|switch|p2a: Necrozma|Necrozma-Dusk-Mane|45\/100\n|-damage|p2a: Necrozma|39\/100|[from] Stealth Rock\n|turn|15\n|\n|t:|1699398717\n|detailschange|p2a: Necrozma|Necrozma-Ultra\n|-burst|p2a: Necrozma|Necrozma|Ultranecrozium Z\n|move|p2a: Necrozma|Earth Power|p1a: Garganacl\n|-supereffective|p1a: Garganacl\n|-damage|p1a: Garganacl|23\/100\n|move|p1a: Garganacl|Salt Cure|p2a: Necrozma\n|-damage|p2a: Necrozma|24\/100\n|-start|p2a: Necrozma|Salt Cure\n|\n|-weather|RainDance|[upkeep]\n|-heal|p1a: Garganacl|29\/100|[from] item: Leftovers\n|-damage|p2a: Necrozma|12\/100|[from] Salt Cure\n|upkeep\n|turn|16\n|\n|t:|1699398729\n|move|p1a: Garganacl|Protect|p1a: Garganacl\n|-singleturn|p1a: Garganacl|Protect\n|move|p2a: Necrozma|Earth Power|p1a: Garganacl\n|-activate|p1a: Garganacl|move: Protect\n|\n|-weather|RainDance|[upkeep]\n|-heal|p1a: Garganacl|35\/100|[from] item: Leftovers\n|-damage|p2a: Necrozma|0 fnt|[from] Salt Cure\n|faint|p2a: Necrozma\n|upkeep\n|\n|t:|1699398736\n|switch|p2a: Giratina|Giratina-Origin|100\/100\n|-damage|p2a: Giratina|88\/100|[from] Stealth Rock\n|turn|17\n|\n|t:|1699398743\n|switch|p1a: Arceus|Arceus-Ground, tera:Water|94\/100 tox\n|-damage|p1a: Arceus|82\/100 tox|[from] Stealth Rock\n|move|p2a: Giratina|Draco Meteor|p1a: Arceus\n|-damage|p1a: Arceus|37\/100 tox\n|-unboost|p2a: Giratina|spa|2\n|\n|-weather|none\n|-damage|p1a: Arceus|31\/100 tox|[from] psn\n|upkeep\n|turn|18\n|\n|t:|1699398754\n|switch|p2a: Arceus|Arceus-Dark|75\/100\n|-damage|p2a: Arceus|63\/100|[from] Stealth Rock\n|move|p1a: Arceus|Recover|p1a: Arceus\n|-heal|p1a: Arceus|81\/100 tox\n|\n|-damage|p1a: Arceus|69\/100 tox|[from] psn\n|upkeep\n|turn|19\n|\n|t:|1699398758\n|move|p2a: Arceus|Taunt|p1a: Arceus\n|-start|p1a: Arceus|move: Taunt\n|move|p1a: Arceus|Judgment|p2a: Arceus\n|-damage|p2a: Arceus|31\/100\n|\n|-damage|p1a: Arceus|51\/100 tox|[from] psn\n|upkeep\n|turn|20\n|\n|t:|1699398766\n|switch|p1a: Garganacl|Garganacl, M|35\/100\n|-damage|p1a: Garganacl|23\/100|[from] Stealth Rock\n|move|p2a: Arceus|Recover|p2a: Arceus\n|-heal|p2a: Arceus|81\/100\n|\n|-heal|p1a: Garganacl|29\/100|[from] item: Leftovers\n|upkeep\n|turn|21\n|\n|t:|1699398774\n|move|p1a: Garganacl|Protect|p1a: Garganacl\n|-singleturn|p1a: Garganacl|Protect\n|move|p2a: Arceus|Taunt|p1a: Garganacl\n|-activate|p1a: Garganacl|move: Protect\n|\n|-heal|p1a: Garganacl|35\/100|[from] item: Leftovers\n|upkeep\n|turn|22\n|\n|t:|1699398780\n|move|p2a: Arceus|Taunt|p1a: Garganacl\n|-start|p1a: Garganacl|move: Taunt\n|move|p1a: Garganacl|Salt Cure|p2a: Arceus\n|-damage|p2a: Arceus|72\/100\n|-start|p2a: Arceus|Salt Cure\n|\n|-heal|p1a: Garganacl|41\/100|[from] item: Leftovers\n|-damage|p2a: Arceus|60\/100|[from] Salt Cure\n|upkeep\n|turn|23\n|\n|t:|1699398792\n|switch|p2a: Giratina|Giratina-Origin|88\/100\n|-damage|p2a: Giratina|76\/100|[from] Stealth Rock\n|move|p1a: Garganacl|Salt Cure|p2a: Giratina\n|-damage|p2a: Giratina|67\/100\n|-start|p2a: Giratina|Salt Cure\n|\n|-heal|p1a: Garganacl|47\/100|[from] item: Leftovers\n|-damage|p2a: Giratina|55\/100|[from] Salt Cure\n|upkeep\n|turn|24\n|\n|t:|1699398807\n|switch|p1a: Kyurem|Kyurem-Black|25\/100\n|-damage|p1a: Kyurem|0 fnt|[from] Stealth Rock\n|faint|p1a: Kyurem\n|move|p2a: Giratina|Draco Meteor|p1: Kyurem|[notarget]\n|-fail|p2a: Giratina\n|\n|-damage|p2a: Giratina|43\/100|[from] Salt Cure\n|upkeep\n|\n|t:|1699398818\n|switch|p1a: Mewtwo|Mewtwo|100\/100\n|-ability|p1a: Mewtwo|Unnerve\n|-damage|p1a: Mewtwo|88\/100|[from] Stealth Rock\n|turn|25\n|j| EpicGamer069420\n|\n|t:|1699398824\n|switch|p2a: Arceus|Arceus-Dark|60\/100\n|-damage|p2a: Arceus|47\/100|[from] Stealth Rock\n|move|p1a: Mewtwo|Ice Beam|p2a: Arceus\n|-damage|p2a: Arceus|24\/100\n|\n|upkeep\n|turn|26\n|\n|t:|1699398831\n|detailschange|p1a: Mewtwo|Mewtwo-Mega-Y\n|-mega|p1a: Mewtwo|Mewtwo|Mewtwonite Y\n|move|p1a: Mewtwo|Ice Beam|p2a: Arceus\n|-damage|p2a: Arceus|0 fnt\n|faint|p2a: Arceus\n|\n|upkeep\n|\n|t:|1699398842\n|switch|p2a: Ditto|Ditto, shiny|100\/100\n|-damage|p2a: Ditto|88\/100|[from] Stealth Rock\n|-transform|p2a: Ditto|p1a: Mewtwo|[from] ability: Imposter\n|turn|27\n|\n|t:|1699398851\n|move|p2a: Ditto|Earth Power|p1a: Mewtwo\n|-damage|p1a: Mewtwo|55\/100\n|move|p1a: Mewtwo|Psystrike|p2a: Ditto\n|-resisted|p2a: Ditto\n|-damage|p2a: Ditto|39\/100\n|\n|upkeep\n|turn|28\n|\n|t:|1699398859\n|move|p2a: Ditto|Earth Power|p1a: Mewtwo\n|-damage|p1a: Mewtwo|23\/100\n|move|p1a: Mewtwo|Ice Beam|p2a: Ditto\n|-damage|p2a: Ditto|0 fnt\n|faint|p2a: Ditto\n|\n|upkeep\n|\n|t:|1699398862\n|switch|p2a: Giratina|Giratina-Origin|43\/100\n|-damage|p2a: Giratina|30\/100|[from] Stealth Rock\n|turn|29\n|\n|t:|1699398870\n|switch|p1a: Kingambit|Kingambit, F|100\/100\n|-damage|p1a: Kingambit|94\/100|[from] Stealth Rock\n|-activate|p1a: Kingambit|ability: Supreme Overlord\n|-start|p1a: Kingambit|fallen1|[silent]\n|move|p2a: Giratina|Shadow Sneak|p1a: Kingambit\n|-resisted|p1a: Kingambit\n|-damage|p1a: Kingambit|88\/100\n|\n|upkeep\n|turn|30\n|\n|t:|1699398877\n|move|p2a: Giratina|Will-O-Wisp|p1a: Kingambit\n|-status|p1a: Kingambit|brn\n|move|p1a: Kingambit|Knock Off|p2a: Giratina\n|-supereffective|p2a: Giratina\n|-damage|p2a: Giratina|0 fnt\n|faint|p2a: Giratina\n|\n|-damage|p1a: Kingambit|81\/100 brn|[from] brn\n|upkeep\n|\n|t:|1699398883\n|switch|p2a: Kyurem|Kyurem-Black|100\/100\n|-damage|p2a: Kyurem|76\/100|[from] Stealth Rock\n|-ability|p2a: Kyurem|Teravolt\n|turn|31\n|\n|t:|1699398885\n|-terastallize|p2a: Kyurem|Steel\n|move|p2a: Kyurem|Dragon Dance|p2a: Kyurem\n|-boost|p2a: Kyurem|atk|1\n|-boost|p2a: Kyurem|spe|1\n|move|p1a: Kingambit|Iron Head|p2a: Kyurem\n|-resisted|p2a: Kyurem\n|-damage|p2a: Kyurem|64\/100\n|\n|-damage|p1a: Kingambit|75\/100 brn|[from] brn\n|upkeep\n|turn|32\n|\n|t:|1699398889\n|move|p2a: Kyurem|Dragon Dance|p2a: Kyurem\n|-boost|p2a: Kyurem|atk|1\n|-boost|p2a: Kyurem|spe|1\n|move|p1a: Kingambit|Knock Off|p2a: Kyurem\n|-damage|p2a: Kyurem|31\/100\n|-enditem|p2a: Kyurem|Loaded Dice|[from] move: Knock Off|[of] p1a: Kingambit\n|\n|-damage|p1a: Kingambit|69\/100 brn|[from] brn\n|upkeep\n|turn|33\n|\n|t:|1699398895\n|move|p2a: Kyurem|Roost|p2a: Kyurem\n|-heal|p2a: Kyurem|81\/100\n|move|p1a: Kingambit|Knock Off|p2a: Kyurem\n|-damage|p2a: Kyurem|61\/100\n|\n|-damage|p1a: Kingambit|63\/100 brn|[from] brn\n|upkeep\n|turn|34\n|\n|t:|1699398901\n|-end|p1a: Kingambit|fallen1|[silent]\n|switch|p1a: Mewtwo|Mewtwo-Mega-Y|23\/100\n|-damage|p1a: Mewtwo|11\/100|[from] Stealth Rock\n|move|p2a: Kyurem|Roost|p2a: Kyurem\n|-heal|p2a: Kyurem|100\/100\n|\n|upkeep\n|turn|35\n|\n|t:|1699398907\n|move|p2a: Kyurem|Icicle Spear|p1a: Mewtwo\n|-damage|p1a: Mewtwo|0 fnt\n|faint|p1a: Mewtwo\n|-hitcount|p1: Mewtwo|1\n|\n|upkeep\n|\n|t:|1699398915\n|switch|p1a: Arceus|Arceus-Ground, tera:Water|51\/100 tox\n|-damage|p1a: Arceus|38\/100 tox|[from] Stealth Rock\n|turn|36\n|\n|t:|1699398918\n|move|p2a: Kyurem|Fusion Bolt|p1a: Arceus\n|-supereffective|p1a: Arceus\n|-damage|p1a: Arceus|0 fnt\n|faint|p1a: Arceus\n|\n|upkeep\n|\n|t:|1699398925\n|switch|p1a: Garganacl|Garganacl, M|47\/100\n|-damage|p1a: Garganacl|35\/100|[from] Stealth Rock\n|turn|37\n|\n|t:|1699398929\n|move|p2a: Kyurem|Icicle Spear|p1a: Garganacl\n|-damage|p1a: Garganacl|19\/100\n|-damage|p1a: Garganacl|1\/100\n|-damage|p1a: Garganacl|0 fnt\n|faint|p1a: Garganacl\n|-hitcount|p1: Garganacl|3\n|\n|upkeep\n|\n|t:|1699398938\n|switch|p1a: Ditto|Ditto|100\/100\n|-damage|p1a: Ditto|88\/100|[from] Stealth Rock\n|-transform|p1a: Ditto|p2a: Kyurem|[from] ability: Imposter\n|-ability|p1a: Ditto|Teravolt\n|-start|p1a: Ditto|typechange|Dragon\/Ice|[silent]\n|turn|38\n|\n|t:|1699398943\n|move|p1a: Ditto|Fusion Bolt|p2a: Kyurem\n|-damage|p2a: Kyurem|25\/100\n|move|p2a: Kyurem|Icicle Spear|p1a: Ditto\n|-damage|p1a: Ditto|49\/100\n|-damage|p1a: Ditto|14\/100\n|-damage|p1a: Ditto|0 fnt\n|faint|p1a: Ditto\n|-hitcount|p1: Ditto|3\n|\n|upkeep\n|\n|t:|1699398950\n|switch|p1a: Kingambit|Kingambit, F|63\/100 brn\n|-damage|p1a: Kingambit|57\/100 brn|[from] Stealth Rock\n|-activate|p1a: Kingambit|ability: Supreme Overlord\n|-start|p1a: Kingambit|fallen5|[silent]\n|turn|39\n|\n|t:|1699398956\n|move|p1a: Kingambit|Sucker Punch||[still]\n|-fail|p1a: Kingambit\n|move|p2a: Kyurem|Roost|p2a: Kyurem\n|-heal|p2a: Kyurem|75\/100\n|\n|-damage|p1a: Kingambit|50\/100 brn|[from] brn\n|upkeep\n|turn|40\n|\n|t:|1699398974\n|move|p2a: Kyurem|Fusion Bolt|p1a: Kingambit\n|-damage|p1a: Kingambit|0 fnt\n|faint|p1a: Kingambit\n|-end|p1a: Kingambit|fallen5|[silent]\n|\n|win|Mizuharamami\n|raw|Szymszym134's rating: 1607 &rarr; <strong>1599<\/strong><br \/>(-8 for losing)\n|raw|Mizuharamami's rating: 1849 &rarr; <strong>1857<\/strong><br \/>(+8 for winning)\n|c|\u2606Mizuharamami|Gtfo copy cat\n","uploadtime":1699398979,"views":18,"p1id":"szymszym134","p2id":"mizuharamami","formatid":"gen9nationaldexubers","rating":1599,"private":0,"password":""}