{"id":"gen9nationaldexubers-1990897346","p1":"FrancisBoton","p2":"fndddx","format":"[Gen 9] National Dex Ubers","log":"|j|\u2606FrancisBoton\n|j|\u2606fndddx\n|t:|1700012660\n|gametype|singles\n|player|p1|FrancisBoton|170|1281\n|player|p2|fndddx|170|1289\n|teamsize|p1|6\n|teamsize|p2|6\n|gen|9\n|tier|[Gen 9] National Dex Ubers\n|rated|\n|rule|HP Percentage Mod: HP is shown in percentages\n|rule|Endless Battle Clause: Forcing endless battles is banned\n|rule|OHKO Clause: OHKO moves are banned\n|rule|Evasion Moves Clause: Evasion moves are banned\n|rule|Evasion Items Clause: Evasion items are banned\n|rule|Species Clause: Limit one of each Pok\u00e9mon\n|rule|Sleep Clause Mod: Limit one foe put to sleep\n|rule|Mega Rayquaza Clause: You cannot mega evolve Rayquaza\n|clearpoke\n|poke|p1|Darmanitan-Galar, F|\n|poke|p1|Galvantula, F|\n|poke|p1|Quagsire, F|\n|poke|p1|Toxapex, F|\n|poke|p1|Groudon|\n|poke|p1|Corviknight, F|\n|poke|p2|Arceus|\n|poke|p2|Smeargle, M|\n|poke|p2|Necrozma-Dawn-Wings|\n|poke|p2|Zacian-*|\n|poke|p2|Groudon|\n|poke|p2|Yveltal|\n|teampreview\n|inactive|Battle timer is ON: inactive players will automatically lose when time's up. (requested by fndddx)\n|\n|t:|1700012691\n|start\n|switch|p1a: Galvantula|Galvantula, F|100\/100\n|switch|p2a: Smeargle|Smeargle, M|100\/100\n|turn|1\n|\n|t:|1700012707\n|move|p1a: Galvantula|Toxic|p2a: Smeargle\n|-status|p2a: Smeargle|tox\n|move|p2a: Smeargle|Sticky Web|p1a: Galvantula\n|-sidestart|p1: FrancisBoton|move: Sticky Web\n|\n|-damage|p2a: Smeargle|94\/100 tox|[from] psn\n|upkeep\n|turn|2\n|\n|t:|1700012713\n|switch|p1a: Corviknight|Corviknight, F|100\/100\n|-ability|p1a: Corviknight|Pressure\n|move|p2a: Smeargle|Rapid Spin|p1a: Corviknight\n|-resisted|p1a: Corviknight\n|-damage|p1a: Corviknight|99\/100\n|-boost|p2a: Smeargle|spe|1\n|-damage|p2a: Smeargle|78\/100 tox|[from] item: Rocky Helmet|[of] p1a: Corviknight\n|\n|-damage|p2a: Smeargle|66\/100 tox|[from] psn\n|upkeep\n|turn|3\n|\n|t:|1700012725\n|move|p2a: Smeargle|Taunt|p1a: Corviknight\n|-start|p1a: Corviknight|move: Taunt\n|cant|p1a: Corviknight|move: Taunt|Defog\n|\n|-damage|p2a: Smeargle|48\/100 tox|[from] psn\n|upkeep\n|turn|4\n|\n|t:|1700012732\n|move|p2a: Smeargle|Nuzzle|p1a: Corviknight\n|-supereffective|p1a: Corviknight\n|-damage|p1a: Corviknight|97\/100\n|-status|p1a: Corviknight|par\n|-damage|p2a: Smeargle|31\/100 tox|[from] item: Rocky Helmet|[of] p1a: Corviknight\n|move|p1a: Corviknight|Body Press|p2a: Smeargle\n|-supereffective|p2a: Smeargle\n|-damage|p2a: Smeargle|0 fnt\n|faint|p2a: Smeargle\n|\n|upkeep\n|\n|t:|1700012739\n|switch|p2a: Yveltal|Yveltal|100\/100\n|-ability|p2a: Yveltal|Dark Aura\n|turn|5\n|\n|t:|1700012759\n|switch|p1a: Toxapex|Toxapex, F|100\/100\n|-activate|p1a: Toxapex|move: Sticky Web\n|-unboost|p1a: Toxapex|spe|1\n|move|p2a: Yveltal|Dark Pulse|p1a: Toxapex\n|-damage|p1a: Toxapex|56\/100\n|-damage|p2a: Yveltal|91\/100|[from] item: Life Orb\n|\n|-heal|p1a: Toxapex|63\/100|[from] item: Black Sludge\n|upkeep\n|turn|6\n|\n|t:|1700012775\n|switch|p1a: Groudon|Groudon|100\/100\n|-activate|p1a: Groudon|move: Sticky Web\n|-unboost|p1a: Groudon|spe|1\n|detailschange|p1a: Groudon|Groudon-Primal\n|-primal|p1a: Groudon|Red Orb\n|-weather|DesolateLand|[from] ability: Desolate Land|[of] p1a: Groudon\n|move|p2a: Yveltal|Taunt|p1a: Groudon\n|-start|p1a: Groudon|move: Taunt\n|\n|-weather|DesolateLand|[upkeep]\n|upkeep\n|turn|7\n|\n|t:|1700012785\n|move|p2a: Yveltal|Dark Pulse|p1a: Groudon\n|-damage|p1a: Groudon|33\/100\n|-damage|p2a: Yveltal|81\/100|[from] item: Life Orb\n|cant|p1a: Groudon|flinch\n|\n|-weather|DesolateLand|[upkeep]\n|upkeep\n|turn|8\n|\n|t:|1700012802\n|move|p2a: Yveltal|Oblivion Wing|p1a: Groudon\n|-damage|p1a: Groudon|0 fnt\n|-heal|p2a: Yveltal|100\/100|[from] drain|[of] p1a: Groudon\n|faint|p1a: Groudon\n|-weather|none\n|-damage|p2a: Yveltal|91\/100|[from] item: Life Orb\n|\n|upkeep\n|\n|t:|1700012813\n|switch|p1a: Galvantula|Galvantula, F|100\/100\n|-activate|p1a: Galvantula|move: Sticky Web\n|-unboost|p1a: Galvantula|spe|1\n|turn|9\n|\n|t:|1700012821\n|-terastallize|p2a: Yveltal|Dark\n|move|p2a: Yveltal|Taunt|p1a: Galvantula\n|-start|p1a: Galvantula|move: Taunt\n|cant|p1a: Galvantula|move: Taunt|Thunder Wave\n|\n|upkeep\n|turn|10\n|\n|t:|1700012829\n|move|p2a: Yveltal|Oblivion Wing|p1a: Galvantula\n|-damage|p1a: Galvantula|7\/100\n|-heal|p2a: Yveltal|100\/100|[from] drain|[of] p1a: Galvantula\n|-damage|p2a: Yveltal|91\/100|[from] item: Life Orb\n|move|p1a: Galvantula|Thunder|p2a: Yveltal\n|-damage|p2a: Yveltal|48\/100\n|\n|upkeep\n|turn|11\n|\n|t:|1700012838\n|move|p2a: Yveltal|Oblivion Wing|p1a: Galvantula\n|-damage|p1a: Galvantula|0 fnt\n|-heal|p2a: Yveltal|51\/100|[from] drain|[of] p1a: Galvantula\n|faint|p1a: Galvantula\n|-damage|p2a: Yveltal|41\/100|[from] item: Life Orb\n|\n|upkeep\n|\n|t:|1700012848\n|switch|p1a: Darmanitan|Darmanitan-Galar, F|100\/100\n|-activate|p1a: Darmanitan|move: Sticky Web\n|-unboost|p1a: Darmanitan|spe|1\n|turn|12\n|\n|t:|1700012853\n|move|p2a: Yveltal|Dark Pulse|p1a: Darmanitan\n|-damage|p1a: Darmanitan|0 fnt\n|faint|p1a: Darmanitan\n|-damage|p2a: Yveltal|31\/100|[from] item: Life Orb\n|\n|upkeep\n|\n|t:|1700012859\n|switch|p1a: Quagsire|Quagsire, F|100\/100\n|-activate|p1a: Quagsire|move: Sticky Web\n|-unboost|p1a: Quagsire|spe|1\n|turn|13\n|\n|t:|1700012864\n|move|p2a: Yveltal|Oblivion Wing|p1a: Quagsire\n|-damage|p1a: Quagsire|33\/100\n|-heal|p2a: Yveltal|82\/100|[from] drain|[of] p1a: Quagsire\n|-damage|p2a: Yveltal|72\/100|[from] item: Life Orb\n|move|p1a: Quagsire|Scald|p2a: Yveltal\n|-damage|p2a: Yveltal|54\/100\n|\n|-heal|p1a: Quagsire|39\/100|[from] item: Leftovers\n|upkeep\n|turn|14\n|-message|FrancisBoton forfeited.\n|\n|win|fndddx\n|raw|FrancisBoton's rating: 1281 &rarr; <strong>1258<\/strong><br \/>(-23 for losing)\n|raw|fndddx's rating: 1315 &rarr; <strong>1333<\/strong><br \/>(+18 for winning)\n|l|\u2606FrancisBoton\n","uploadtime":1700012873,"views":7,"p1id":"francisboton","p2id":"fndddx","formatid":"gen9nationaldexubers","rating":1258,"private":0,"password":""}