{"id":"gen9nationaldexubers-1990246852","p1":"klasjmfklcasdfeo","p2":"SBall285","format":"[Gen 9] National Dex Ubers","log":"|j|\u203dklasjmfklcasdfeo\n|j|\u2606SBall285\n|t:|1699943960\n|gametype|singles\n|player|p1|klasjmfklcasdfeo|beauty-gen4dp|1118\n|player|p2|SBall285|proton|1099\n|teamsize|p1|6\n|teamsize|p2|6\n|gen|9\n|tier|[Gen 9] National Dex Ubers\n|rated|\n|rule|HP Percentage Mod: HP is shown in percentages\n|rule|Endless Battle Clause: Forcing endless battles is banned\n|rule|OHKO Clause: OHKO moves are banned\n|rule|Evasion Moves Clause: Evasion moves are banned\n|rule|Evasion Items Clause: Evasion items are banned\n|rule|Species Clause: Limit one of each Pok\u00e9mon\n|rule|Sleep Clause Mod: Limit one foe put to sleep\n|rule|Mega Rayquaza Clause: You cannot mega evolve Rayquaza\n|clearpoke\n|poke|p1|Alakazam, M|\n|poke|p1|Mewtwo|\n|poke|p1|Ho-Oh|\n|poke|p1|Lugia|\n|poke|p1|Groudon|\n|poke|p1|Kyogre|\n|poke|p2|Zacian-*|\n|poke|p2|Chien-Pao|\n|poke|p2|Glimmora, M|\n|poke|p2|Zygarde|\n|poke|p2|Flutter Mane|\n|poke|p2|Chi-Yu|\n|teampreview\n|inactive|Battle timer is ON: inactive players will automatically lose when time's up. (requested by klasjmfklcasdfeo)\n|\n|t:|1699943967\n|start\n|switch|p1a: Groudon|Groudon|100\/100\n|switch|p2a: Glimmora|Glimmora, M|100\/100\n|detailschange|p1a: Groudon|Groudon-Primal\n|-primal|p1a: Groudon|Red Orb\n|-weather|DesolateLand|[from] ability: Desolate Land|[of] p1a: Groudon\n|turn|1\n|\n|t:|1699943975\n|move|p2a: Glimmora|Stealth Rock|p1a: Groudon\n|-sidestart|p1: klasjmfklcasdfeo|move: Stealth Rock\n|move|p1a: Groudon|Precipice Blades|p2a: Glimmora\n|-supereffective|p2a: Glimmora\n|-enditem|p2a: Glimmora|Focus Sash\n|-damage|p2a: Glimmora|1\/100\n|-activate|p2a: Glimmora|ability: Toxic Debris\n|-sidestart|p1: klasjmfklcasdfeo|move: Toxic Spikes\n|\n|-weather|DesolateLand|[upkeep]\n|upkeep\n|turn|2\n|\n|t:|1699944000\n|move|p2a: Glimmora|Toxic|p1a: Groudon\n|-status|p1a: Groudon|tox\n|move|p1a: Groudon|Precipice Blades|p2a: Glimmora\n|-supereffective|p2a: Glimmora\n|-damage|p2a: Glimmora|0 fnt\n|-activate|p2a: Glimmora|ability: Toxic Debris\n|-sidestart|p1: klasjmfklcasdfeo|move: Toxic Spikes\n|faint|p2a: Glimmora\n|\n|-weather|DesolateLand|[upkeep]\n|-damage|p1a: Groudon|94\/100 tox|[from] psn\n|upkeep\n|\n|t:|1699944004\n|switch|p2a: Zygarde|Zygarde|100\/100\n|-ability|p2a: Zygarde|Aura Break\n|turn|3\n|\n|t:|1699944034\n|move|p2a: Zygarde|Thousand Arrows|p1a: Groudon\n|-supereffective|p1a: Groudon\n|-damage|p1a: Groudon|54\/100 tox\n|move|p1a: Groudon|Stealth Rock|p2a: Zygarde\n|-sidestart|p2: SBall285|move: Stealth Rock\n|\n|-weather|DesolateLand|[upkeep]\n|-damage|p1a: Groudon|41\/100 tox|[from] psn\n|upkeep\n|turn|4\n|inactive|klasjmfklcasdfeo has 120 seconds left.\n|\n|t:|1699944055\n|-weather|none\n|switch|p1a: Lugia|Lugia|100\/100\n|move|p2a: Zygarde|Thousand Arrows|p1a: Lugia\n|-damage|p1a: Lugia|90\/100\n|-start|p1a: Lugia|Smack Down\n|\n|upkeep\n|turn|5\n|inactive|klasjmfklcasdfeo has 120 seconds left.\n|\n|t:|1699944070\n|move|p1a: Lugia|Ice Beam|p2a: Zygarde\n|-supereffective|p2a: Zygarde\n|-damage|p2a: Zygarde|34\/100\n|move|p2a: Zygarde|Crunch|p1a: Lugia\n|-supereffective|p1a: Lugia\n|-damage|p1a: Lugia|61\/100\n|\n|-heal|p2a: Zygarde|40\/100|[from] item: Leftovers\n|upkeep\n|turn|6\n|inactive|klasjmfklcasdfeo has 120 seconds left.\n|\n|t:|1699944095\n|switch|p2a: Flutter Mane|Flutter Mane|100\/100\n|-damage|p2a: Flutter Mane|88\/100|[from] Stealth Rock\n|-enditem|p2a: Flutter Mane|Booster Energy\n|-activate|p2a: Flutter Mane|ability: Protosynthesis|[fromitem]\n|-start|p2a: Flutter Mane|protosynthesisspe\n|move|p1a: Lugia|Ice Beam|p2a: Flutter Mane\n|-damage|p2a: Flutter Mane|67\/100\n|\n|upkeep\n|turn|7\n|inactive|klasjmfklcasdfeo has 90 seconds left.\n|\n|t:|1699944149\n|-terastallize|p1a: Lugia|Steel\n|move|p2a: Flutter Mane|Shadow Ball|p1a: Lugia\n|-damage|p1a: Lugia|39\/100\n|move|p1a: Lugia|Whirlwind|p2a: Flutter Mane\n|-end|p2a: Flutter Mane|Protosynthesis|[silent]\n|drag|p2a: Zygarde|Zygarde|40\/100\n|-damage|p2a: Zygarde|34\/100|[from] Stealth Rock\n|-ability|p2a: Zygarde|Aura Break\n|\n|-heal|p2a: Zygarde|40\/100|[from] item: Leftovers\n|upkeep\n|turn|8\n|\n|t:|1699944163\n|move|p2a: Zygarde|Protect|p2a: Zygarde\n|-singleturn|p2a: Zygarde|Protect\n|move|p1a: Lugia|Ice Beam|p2a: Zygarde\n|-activate|p2a: Zygarde|move: Protect\n|\n|-heal|p2a: Zygarde|46\/100|[from] item: Leftovers\n|upkeep\n|turn|9\n|inactive|klasjmfklcasdfeo has 60 seconds left.\n|\n|t:|1699944181\n|move|p1a: Lugia|Toxic|p2a: Zygarde\n|-status|p2a: Zygarde|tox\n|move|p2a: Zygarde|Thousand Arrows|p1a: Lugia\n|-supereffective|p1a: Lugia\n|-damage|p1a: Lugia|0 fnt\n|faint|p1a: Lugia\n|\n|-heal|p2a: Zygarde|52\/100 tox|[from] item: Leftovers\n|-damage|p2a: Zygarde|46\/100 tox|[from] psn\n|upkeep\n|inactive|klasjmfklcasdfeo has 60 seconds left.\n|\n|t:|1699944200\n|switch|p1a: Kyogre|Kyogre|100\/100\n|-damage|p1a: Kyogre|88\/100|[from] Stealth Rock\n|-status|p1a: Kyogre|tox\n|detailschange|p1a: Kyogre|Kyogre-Primal\n|-primal|p1a: Kyogre|Blue Orb\n|-weather|PrimordialSea|[from] ability: Primordial Sea|[of] p1a: Kyogre\n|turn|10\n|\n|t:|1699944220\n|move|p2a: Zygarde|Protect|p2a: Zygarde\n|-singleturn|p2a: Zygarde|Protect\n|move|p1a: Kyogre|Water Spout|p2a: Zygarde\n|-activate|p2a: Zygarde|move: Protect\n|\n|-weather|PrimordialSea|[upkeep]\n|-heal|p2a: Zygarde|52\/100 tox|[from] item: Leftovers\n|-damage|p1a: Kyogre|82\/100 tox|[from] psn\n|-damage|p2a: Zygarde|40\/100 tox|[from] psn\n|upkeep\n|turn|11\n|\n|t:|1699944231\n|switch|p2a: Flutter Mane|Flutter Mane|67\/100\n|-damage|p2a: Flutter Mane|55\/100|[from] Stealth Rock\n|move|p1a: Kyogre|Water Spout|p2a: Flutter Mane\n|-damage|p2a: Flutter Mane|0 fnt\n|faint|p2a: Flutter Mane\n|-end|p2a: Flutter Mane|Protosynthesis|[silent]\n|\n|-weather|PrimordialSea|[upkeep]\n|-damage|p1a: Kyogre|70\/100 tox|[from] psn\n|upkeep\n|inactive|SBall285 has 120 seconds left.\n|\n|t:|1699944242\n|switch|p2a: Chien-Pao|Chien-Pao|100\/100\n|-damage|p2a: Chien-Pao|76\/100|[from] Stealth Rock\n|-ability|p2a: Chien-Pao|Sword of Ruin\n|turn|12\n|inactive|klasjmfklcasdfeo has 60 seconds left.\n|inactive|SBall285 has 120 seconds left.\n|\n|t:|1699944265\n|-terastallize|p2a: Chien-Pao|Dark\n|move|p2a: Chien-Pao|Crunch|p1a: Kyogre\n|-damage|p1a: Kyogre|0 fnt\n|faint|p1a: Kyogre\n|-weather|none\n|\n|upkeep\n|inactive|klasjmfklcasdfeo has 30 seconds left.\n|inactive|klasjmfklcasdfeo has 20 seconds left.\n|inactive|klasjmfklcasdfeo has 15 seconds left.\n|\n|t:|1699944312\n|switch|p1a: Alakazam|Alakazam, M|100\/100\n|-status|p1a: Alakazam|tox\n|turn|13\n|inactive|klasjmfklcasdfeo has 25 seconds left this turn.\n|inactive|klasjmfklcasdfeo has 20 seconds left.\n|inactive|SBall285 has 120 seconds left.\n|\n|t:|1699944324\n|detailschange|p1a: Alakazam|Alakazam-Mega, M\n|-mega|p1a: Alakazam|Alakazam|Alakazite\n|-ability|p1a: Alakazam|Sword of Ruin\n|-ability|p1a: Alakazam|Sword of Ruin|[from] ability: Trace|[of] p2a: Chien-Pao\n|move|p1a: Alakazam|Focus Blast|p2a: Chien-Pao\n|-supereffective|p2a: Chien-Pao\n|-damage|p2a: Chien-Pao|0 fnt\n|faint|p2a: Chien-Pao\n|\n|-damage|p1a: Alakazam|95\/100 tox|[from] psn\n|upkeep\n|inactive|klasjmfklcasdfeo has 25 seconds left this turn.\n|\n|t:|1699944335\n|switch|p2a: Chi-Yu|Chi-Yu|100\/100\n|-damage|p2a: Chi-Yu|76\/100|[from] Stealth Rock\n|-ability|p2a: Chi-Yu|Beads of Ruin\n|turn|14\n|inactive|klasjmfklcasdfeo has 30 seconds left.\n|\n|t:|1699944352\n|move|p1a: Alakazam|Focus Blast|p2a: Chi-Yu\n|-supereffective|p2a: Chi-Yu\n|-damage|p2a: Chi-Yu|9\/100\n|move|p2a: Chi-Yu|Dark Pulse|p1a: Alakazam\n|-supereffective|p1a: Alakazam\n|-damage|p1a: Alakazam|0 fnt\n|faint|p1a: Alakazam\n|\n|upkeep\n|inactive|klasjmfklcasdfeo has 30 seconds left.\n|\n|t:|1699944361\n|switch|p1a: Mewtwo|Mewtwo|100\/100\n|-damage|p1a: Mewtwo|88\/100|[from] Stealth Rock\n|-status|p1a: Mewtwo|tox\n|-ability|p1a: Mewtwo|Pressure\n|turn|15\n|inactive|klasjmfklcasdfeo has 30 seconds left.\n|inactive|klasjmfklcasdfeo has 20 seconds left.\n|inactive|klasjmfklcasdfeo has 15 seconds left.\n|\n|t:|1699944390\n|move|p1a: Mewtwo|Psystrike|p2a: Chi-Yu\n|-immune|p2a: Chi-Yu\n|move|p2a: Chi-Yu|Dark Pulse|p1a: Mewtwo\n|-supereffective|p1a: Mewtwo\n|-damage|p1a: Mewtwo|0 fnt\n|faint|p1a: Mewtwo\n|\n|upkeep\n|inactive|klasjmfklcasdfeo has 20 seconds left this turn.\n|inactive|klasjmfklcasdfeo has 15 seconds left.\n|inactive|klasjmfklcasdfeo has 10 seconds left.\n|\n|t:|1699944402\n|switch|p1a: Ho-Oh|Ho-Oh|100\/100\n|turn|16\n|inactive|klasjmfklcasdfeo has 20 seconds left this turn.\n|inactive|klasjmfklcasdfeo has 15 seconds left.\n|\n|t:|1699944410\n|move|p2a: Chi-Yu|Dark Pulse|p1a: Ho-Oh\n|-crit|p1a: Ho-Oh\n|-damage|p1a: Ho-Oh|62\/100\n|move|p1a: Ho-Oh|Brave Bird|p2a: Chi-Yu\n|-damage|p2a: Chi-Yu|0 fnt\n|faint|p2a: Chi-Yu\n|-damage|p1a: Ho-Oh|60\/100|[from] Recoil\n|\n|upkeep\n|inactive|klasjmfklcasdfeo has 20 seconds left this turn.\n|\n|t:|1699944414\n|switch|p2a: Zygarde|Zygarde|40\/100 tox\n|-damage|p2a: Zygarde|34\/100 tox|[from] Stealth Rock\n|-ability|p2a: Zygarde|Aura Break\n|turn|17\n|inactive|klasjmfklcasdfeo has 30 seconds left this turn.\n|inactive|klasjmfklcasdfeo has 20 seconds left.\n|\n|t:|1699944426\n|move|p2a: Zygarde|Thousand Arrows|p1a: Ho-Oh\n|-damage|p1a: Ho-Oh|21\/100\n|-start|p1a: Ho-Oh|Smack Down\n|move|p1a: Ho-Oh|Brave Bird|p2a: Zygarde\n|-damage|p2a: Zygarde|0 fnt\n|faint|p2a: Zygarde\n|-damage|p1a: Ho-Oh|10\/100|[from] Recoil\n|\n|upkeep\n|inactive|klasjmfklcasdfeo has 25 seconds left this turn.\n|\n|t:|1699944432\n|switch|p2a: Zacian|Zacian-Crowned|100\/100\n|-damage|p2a: Zacian|94\/100|[from] Stealth Rock\n|-ability|p2a: Zacian|Intrepid Sword|boost\n|-boost|p2a: Zacian|atk|1\n|turn|18\n|inactive|klasjmfklcasdfeo has 30 seconds left.\n|inactive|klasjmfklcasdfeo has 20 seconds left.\n|inactive|klasjmfklcasdfeo has 15 seconds left.\n|\n|t:|1699944455\n|move|p2a: Zacian|Behemoth Blade|p1a: Ho-Oh\n|-resisted|p1a: Ho-Oh\n|-damage|p1a: Ho-Oh|0 fnt\n|faint|p1a: Ho-Oh\n|\n|upkeep\n|inactive|klasjmfklcasdfeo has 20 seconds left this turn.\n|\n|t:|1699944460\n|switch|p1a: Groudon|Groudon-Primal|41\/100 tox\n|-damage|p1a: Groudon|29\/100 tox|[from] Stealth Rock\n|-weather|DesolateLand|[from] ability: Desolate Land|[of] p1a: Groudon\n|turn|19\n|inactive|klasjmfklcasdfeo has 30 seconds left this turn.\n|\n|t:|1699944474\n|move|p2a: Zacian|Sacred Sword|p1a: Groudon\n|-damage|p1a: Groudon|3\/100 tox\n|move|p1a: Groudon|Precipice Blades|p2a: Zacian|[miss]\n|-miss|p1a: Groudon|p2a: Zacian\n|\n|-weather|DesolateLand|[upkeep]\n|-damage|p1a: Groudon|0 fnt|[from] psn\n|faint|p1a: Groudon\n|-weather|none\n|\n|win|SBall285\n|upkeep\n|inactive|klasjmfklcasdfeo has 30 seconds left this turn.\n|raw|klasjmfklcasdfeo's rating: 1118 &rarr; <strong>1092<\/strong><br \/>(-26 for losing)\n|raw|SBall285's rating: 1099 &rarr; <strong>1126<\/strong><br \/>(+27 for winning)\n|l|\u203dklasjmfklcasdfeo\n","uploadtime":1699944495,"views":6,"p1id":"klasjmfklcasdfeo","p2id":"sball285","formatid":"gen9nationaldexubers","rating":1092,"private":0,"password":""}