{"id":"gen9nationaldexubers-1980799897","p1":"09-10a","p2":"KurumiTokisakilove","format":"[Gen 9] National Dex Ubers","log":"|j|\u260609-10a\n|j|\u2606KurumiTokisakilove\n|t:|1698835230\n|gametype|singles\n|player|p1|09-10a|schoolkid-gen4dp|1789\n|player|p2|KurumiTokisakilove|sabrina-gen2|1977\n|teamsize|p1|6\n|teamsize|p2|6\n|gen|9\n|tier|[Gen 9] National Dex Ubers\n|rated|\n|rule|HP Percentage Mod: HP is shown in percentages\n|rule|Endless Battle Clause: Forcing endless battles is banned\n|rule|OHKO Clause: OHKO moves are banned\n|rule|Evasion Moves Clause: Evasion moves are banned\n|rule|Evasion Items Clause: Evasion items are banned\n|rule|Species Clause: Limit one of each Pok\u00e9mon\n|rule|Sleep Clause Mod: Limit one foe put to sleep\n|rule|Mega Rayquaza Clause: You cannot mega evolve Rayquaza\n|clearpoke\n|poke|p1|Arceus-Ground|\n|poke|p1|Necrozma-Dusk-Mane|\n|poke|p1|Zygarde|\n|poke|p1|Groudon, L99|\n|poke|p1|Marshadow|\n|poke|p1|Yveltal|\n|poke|p2|Giratina-Origin|\n|poke|p2|Magearna|\n|poke|p2|Ditto|\n|poke|p2|Arceus-Dark|\n|poke|p2|Necrozma-Dusk-Mane|\n|poke|p2|Kingambit, F|\n|teampreview\n|inactive|Battle timer is ON: inactive players will automatically lose when time's up. (requested by KurumiTokisakilove)\n|inactive|09-10a also wants the timer to be on.\n|\n|t:|1698835254\n|start\n|switch|p1a: Zygarde|Zygarde|100\/100\n|switch|p2a: Necrozma|Necrozma-Dusk-Mane|100\/100\n|turn|1\n|\n|t:|1698835261\n|switch|p1a: Yveltal|Yveltal, shiny|100\/100\n|-ability|p1a: Yveltal|Dark Aura\n|move|p2a: Necrozma|Stealth Rock|p1a: Yveltal\n|-sidestart|p1: 09-10a|move: Stealth Rock\n|\n|upkeep\n|turn|2\n|\n|t:|1698835264\n|switch|p2a: Magearna|Magearna|100\/100\n|move|p1a: Yveltal|Defog|p2a: Magearna\n|-unboost|p2a: Magearna|evasion|1\n|-sideend|p1: 09-10a|Stealth Rock|[from] move: Defog|[of] p1a: Yveltal\n|\n|upkeep\n|turn|3\n|\n|t:|1698835268\n|switch|p2a: Necrozma|Necrozma-Dusk-Mane|100\/100\n|move|p1a: Yveltal|U-turn|p2a: Necrozma\n|-damage|p2a: Necrozma|82\/100\n|\n|t:|1698835273\n|switch|p1a: Marshadow|Marshadow|100\/100|[from] U-turn\n|\n|upkeep\n|turn|4\n|\n|t:|1698835278\n|detailschange|p2a: Necrozma|Necrozma-Ultra\n|-burst|p2a: Necrozma|Necrozma|Ultranecrozium Z\n|move|p2a: Necrozma|Photon Geyser|p1a: Marshadow\n|-supereffective|p1a: Marshadow\n|-damage|p1a: Marshadow|0 fnt\n|faint|p1a: Marshadow\n|\n|upkeep\n|\n|t:|1698835287\n|switch|p1a: Necrozma|Necrozma-Dusk-Mane, shiny|100\/100\n|turn|5\n|\n|t:|1698835291\n|move|p2a: Necrozma|Stealth Rock|p1a: Necrozma\n|-sidestart|p1: 09-10a|move: Stealth Rock\n|move|p1a: Necrozma|Dragon Dance|p1a: Necrozma\n|-boost|p1a: Necrozma|atk|1\n|-boost|p1a: Necrozma|spe|1\n|\n|upkeep\n|turn|6\n|\n|t:|1698835297\n|move|p2a: Necrozma|Earth Power|p1a: Necrozma\n|-supereffective|p1a: Necrozma\n|-damage|p1a: Necrozma|53\/100\n|-unboost|p1a: Necrozma|spd|1\n|move|p1a: Necrozma|Dragon Dance|p1a: Necrozma\n|-boost|p1a: Necrozma|atk|1\n|-boost|p1a: Necrozma|spe|1\n|\n|upkeep\n|turn|7\n|\n|t:|1698835324\n|move|p1a: Necrozma|Sunsteel Strike|p2a: Necrozma\n|-damage|p2a: Necrozma|0 fnt\n|faint|p2a: Necrozma\n|\n|upkeep\n|\n|t:|1698835326\n|switch|p2a: Ditto|Ditto, shiny|100\/100\n|-transform|p2a: Ditto|p1a: Necrozma|[from] ability: Imposter\n|turn|8\n|\n|t:|1698835329\n|move|p2a: Ditto|Sunsteel Strike|p1a: Necrozma\n|-resisted|p1a: Necrozma\n|-damage|p1a: Necrozma|20\/100\n|move|p1a: Necrozma|Moonlight|p1a: Necrozma\n|-heal|p1a: Necrozma|70\/100\n|\n|upkeep\n|turn|9\n|\n|t:|1698835334\n|switch|p2a: Kingambit|Kingambit, F|100\/100\n|-activate|p2a: Kingambit|ability: Supreme Overlord\n|-start|p2a: Kingambit|fallen1|[silent]\n|move|p1a: Necrozma|Moonlight|p1a: Necrozma\n|-heal|p1a: Necrozma|100\/100\n|\n|upkeep\n|turn|10\n|\n|t:|1698835337\n|move|p1a: Necrozma|Sunsteel Strike|p2a: Kingambit\n|-resisted|p2a: Kingambit\n|-damage|p2a: Kingambit|66\/100\n|move|p2a: Kingambit|Knock Off|p1a: Necrozma\n|-supereffective|p1a: Necrozma\n|-damage|p1a: Necrozma|48\/100\n|\n|upkeep\n|turn|11\n|\n|t:|1698835345\n|move|p2a: Kingambit|Sucker Punch||[still]\n|-fail|p2a: Kingambit\n|move|p1a: Necrozma|Moonlight|p1a: Necrozma\n|-heal|p1a: Necrozma|98\/100\n|\n|upkeep\n|turn|12\n|j| CritsMakeMeForfeit\n|\n|t:|1698835368\n|move|p2a: Kingambit|Sucker Punch|p1a: Necrozma\n|-supereffective|p1a: Necrozma\n|-damage|p1a: Necrozma|43\/100\n|-zpower|p1a: Necrozma\n|move|p1a: Necrozma|Searing Sunraze Smash|p2a: Kingambit|[zeffect]\n|-resisted|p2a: Kingambit\n|-damage|p2a: Kingambit|0 fnt\n|faint|p2a: Kingambit\n|-end|p2a: Kingambit|fallen1|[silent]\n|\n|upkeep\n|\n|t:|1698835388\n|switch|p2a: Ditto|Ditto, shiny|100\/100\n|-transform|p2a: Ditto|p1a: Necrozma|[from] ability: Imposter\n|turn|13\n|\n|t:|1698835391\n|move|p2a: Ditto|Sunsteel Strike|p1a: Necrozma\n|-resisted|p1a: Necrozma\n|-damage|p1a: Necrozma|6\/100\n|move|p1a: Necrozma|Moonlight|p1a: Necrozma\n|-heal|p1a: Necrozma|56\/100\n|\n|upkeep\n|turn|14\n|\n|t:|1698835396\n|move|p2a: Ditto|Sunsteel Strike|p1a: Necrozma\n|-resisted|p1a: Necrozma\n|-damage|p1a: Necrozma|18\/100\n|move|p1a: Necrozma|Moonlight|p1a: Necrozma\n|-heal|p1a: Necrozma|68\/100\n|\n|upkeep\n|turn|15\n|\n|t:|1698835400\n|move|p2a: Ditto|Sunsteel Strike|p1a: Necrozma\n|-resisted|p1a: Necrozma\n|-damage|p1a: Necrozma|31\/100\n|move|p1a: Necrozma|Moonlight|p1a: Necrozma\n|-heal|p1a: Necrozma|81\/100\n|\n|upkeep\n|turn|16\n|\n|t:|1698835403\n|move|p2a: Ditto|Sunsteel Strike|p1a: Necrozma\n|-resisted|p1a: Necrozma\n|-damage|p1a: Necrozma|44\/100\n|move|p1a: Necrozma|Sunsteel Strike|p2a: Ditto\n|-resisted|p2a: Ditto\n|-damage|p2a: Ditto|52\/100\n|\n|upkeep\n|turn|17\n|\n|t:|1698835410\n|switch|p2a: Magearna|Magearna|100\/100\n|move|p1a: Necrozma|Moonlight|p1a: Necrozma\n|-heal|p1a: Necrozma|94\/100\n|\n|upkeep\n|turn|18\n|\n|t:|1698835421\n|move|p1a: Necrozma|Sunsteel Strike|p2a: Magearna\n|-damage|p2a: Magearna|11\/100\n|move|p2a: Magearna|Heart Swap|p1a: Necrozma\n|-swapboost|p2a: Magearna|p1a: Necrozma|[from] move: Heart Swap\n|\n|upkeep\n|turn|19\n|\n|t:|1698835424\n|move|p2a: Magearna|Pain Split|p1a: Necrozma\n|-sethp|p1a: Necrozma|52\/100|[from] move: Pain Split|[silent]\n|-sethp|p2a: Magearna|57\/100|[from] move: Pain Split\n|move|p1a: Necrozma|Sunsteel Strike|p2a: Magearna\n|-crit|p2a: Magearna\n|-damage|p2a: Magearna|0 fnt\n|faint|p2a: Magearna\n|\n|upkeep\n|\n|t:|1698835432\n|switch|p2a: Arceus|Arceus-Dark|100\/100\n|turn|20\n|\n|t:|1698835435\n|switch|p1a: Yveltal|Yveltal, shiny|100\/100\n|-ability|p1a: Yveltal|Dark Aura\n|move|p2a: Arceus|Foul Play|p1a: Yveltal\n|-resisted|p1a: Yveltal\n|-damage|p1a: Yveltal|79\/100\n|\n|upkeep\n|turn|21\n|\n|t:|1698835438\n|move|p2a: Arceus|Taunt|p1a: Yveltal\n|-start|p1a: Yveltal|move: Taunt\n|cant|p1a: Yveltal|move: Taunt|Defog\n|\n|upkeep\n|turn|22\n|\n|t:|1698835443\n|move|p2a: Arceus|Toxic|p1a: Yveltal\n|-status|p1a: Yveltal|tox\n|move|p1a: Yveltal|U-turn|p2a: Arceus\n|-supereffective|p2a: Arceus\n|-damage|p2a: Arceus|74\/100\n|\n|t:|1698835449\n|switch|p1a: Groudon|Groudon, L99, shiny|100\/100|[from] U-turn\n|-damage|p1a: Groudon|94\/100|[from] Stealth Rock\n|detailschange|p1a: Groudon|Groudon-Primal, L99, shiny\n|-primal|p1a: Groudon|Red Orb\n|-weather|DesolateLand|[from] ability: Desolate Land|[of] p1a: Groudon\n|\n|-weather|DesolateLand|[upkeep]\n|upkeep\n|turn|23\n|\n|t:|1698835454\n|switch|p2a: Giratina|Giratina-Origin|100\/100\n|move|p1a: Groudon|Rock Tomb|p2a: Giratina|[miss]\n|-miss|p1a: Groudon|p2a: Giratina\n|\n|-weather|DesolateLand|[upkeep]\n|upkeep\n|turn|24\n|\n|t:|1698835459\n|-weather|none\n|switch|p1a: Yveltal|Yveltal, shiny|79\/100 tox\n|-ability|p1a: Yveltal|Dark Aura\n|move|p2a: Giratina|Hone Claws|p2a: Giratina\n|-boost|p2a: Giratina|atk|1\n|-boost|p2a: Giratina|accuracy|1\n|\n|-damage|p1a: Yveltal|73\/100 tox|[from] psn\n|upkeep\n|turn|25\n|\n|t:|1698835466\n|move|p2a: Giratina|Stone Edge|p1a: Yveltal\n|-supereffective|p1a: Yveltal\n|-damage|p1a: Yveltal|7\/100 tox\n|move|p1a: Yveltal|Defog|p2a: Giratina\n|-unboost|p2a: Giratina|evasion|1\n|-sideend|p1: 09-10a|Stealth Rock|[from] move: Defog|[of] p1a: Yveltal\n|\n|-damage|p1a: Yveltal|0 fnt|[from] psn\n|faint|p1a: Yveltal\n|upkeep\n|\n|t:|1698835469\n|switch|p1a: Zygarde|Zygarde|100\/100\n|turn|26\n|\n|t:|1698835478\n|-terastallize|p1a: Zygarde|Bug\n|move|p2a: Giratina|Poltergeist|p1a: Zygarde\n|-activate|p1a: Zygarde|move: Poltergeist|Leftovers\n|-damage|p1a: Zygarde|52\/100\n|move|p1a: Zygarde|Glare|p2a: Giratina\n|-status|p2a: Giratina|par\n|\n|-heal|p1a: Zygarde|58\/100|[from] item: Leftovers\n|upkeep\n|turn|27\n|\n|t:|1698835487\n|move|p1a: Zygarde|Haze|p1a: Zygarde\n|-clearallboost\n|move|p2a: Giratina|Hone Claws|p2a: Giratina\n|-boost|p2a: Giratina|atk|1\n|-boost|p2a: Giratina|accuracy|1\n|\n|-heal|p1a: Zygarde|64\/100|[from] item: Leftovers\n|upkeep\n|turn|28\n|\n|t:|1698835490\n|move|p1a: Zygarde|Haze|p1a: Zygarde\n|-clearallboost\n|move|p2a: Giratina|Poltergeist|p1a: Zygarde\n|-activate|p1a: Zygarde|move: Poltergeist|Leftovers\n|-damage|p1a: Zygarde|27\/100\n|\n|-heal|p1a: Zygarde|33\/100|[from] item: Leftovers\n|-activate|p1a: Zygarde|ability: Power Construct\n|detailschange|p1a: Zygarde|Zygarde-Complete, tera:Bug\n|-heal|p1a: Zygarde|57\/100|[silent]\n|upkeep\n|turn|29\n|\n|t:|1698835493\n|move|p1a: Zygarde|Thousand Arrows|p2a: Giratina\n|-damage|p2a: Giratina|75\/100 par\n|-start|p2a: Giratina|Smack Down\n|cant|p2a: Giratina|par\n|\n|-heal|p1a: Zygarde|63\/100|[from] item: Leftovers\n|upkeep\n|turn|30\n|\n|t:|1698835496\n|move|p1a: Zygarde|Thousand Arrows|p2a: Giratina\n|-damage|p2a: Giratina|51\/100 par\n|move|p2a: Giratina|Hone Claws|p2a: Giratina\n|-boost|p2a: Giratina|atk|1\n|-boost|p2a: Giratina|accuracy|1\n|\n|-heal|p1a: Zygarde|69\/100|[from] item: Leftovers\n|upkeep\n|turn|31\n|\n|t:|1698835498\n|switch|p2a: Arceus|Arceus-Dark|74\/100\n|move|p1a: Zygarde|Haze|p1a: Zygarde\n|-clearallboost\n|\n|-heal|p1a: Zygarde|75\/100|[from] item: Leftovers\n|upkeep\n|turn|32\n|\n|t:|1698835503\n|switch|p1a: Groudon|Groudon-Primal, L99, shiny|94\/100\n|-weather|DesolateLand|[from] ability: Desolate Land|[of] p1a: Groudon\n|move|p2a: Arceus|Taunt|p1a: Groudon\n|-start|p1a: Groudon|move: Taunt\n|\n|-weather|DesolateLand|[upkeep]\n|upkeep\n|turn|33\n|\n|t:|1698835511\n|-weather|none\n|switch|p1a: Necrozma|Necrozma-Dusk-Mane, shiny|52\/100\n|move|p2a: Arceus|Foul Play|p1a: Necrozma\n|-supereffective|p1a: Necrozma\n|-damage|p1a: Necrozma|0 fnt\n|faint|p1a: Necrozma\n|\n|upkeep\n|\n|t:|1698835515\n|switch|p1a: Groudon|Groudon-Primal, L99, shiny|94\/100\n|-weather|DesolateLand|[from] ability: Desolate Land|[of] p1a: Groudon\n|turn|34\n|\n|t:|1698835521\n|switch|p2a: Giratina|Giratina-Origin|51\/100 par\n|move|p1a: Groudon|Precipice Blades|p2a: Giratina\n|-immune|p2a: Giratina|[from] ability: Levitate\n|\n|-weather|DesolateLand|[upkeep]\n|upkeep\n|turn|35\n|\n|t:|1698835525\n|move|p1a: Groudon|Stealth Rock|p2a: Giratina\n|-sidestart|p2: KurumiTokisakilove|move: Stealth Rock\n|cant|p2a: Giratina|par\n|\n|-weather|DesolateLand|[upkeep]\n|upkeep\n|turn|36\n|\n|t:|1698835528\n|-weather|none\n|switch|p1a: Zygarde|Zygarde-Complete, tera:Bug|75\/100\n|move|p2a: Giratina|Hone Claws|p2a: Giratina\n|-boost|p2a: Giratina|atk|1\n|-boost|p2a: Giratina|accuracy|1\n|\n|-heal|p1a: Zygarde|82\/100|[from] item: Leftovers\n|upkeep\n|turn|37\n|\n|t:|1698835531\n|move|p1a: Zygarde|Haze|p1a: Zygarde\n|-clearallboost\n|cant|p2a: Giratina|par\n|\n|-heal|p1a: Zygarde|88\/100|[from] item: Leftovers\n|upkeep\n|turn|38\n|\n|t:|1698835534\n|move|p1a: Zygarde|Thousand Arrows|p2a: Giratina\n|-damage|p2a: Giratina|26\/100 par\n|-start|p2a: Giratina|Smack Down\n|cant|p2a: Giratina|par\n|\n|-heal|p1a: Zygarde|94\/100|[from] item: Leftovers\n|upkeep\n|turn|39\n|\n|t:|1698835538\n|move|p1a: Zygarde|Thousand Arrows|p2a: Giratina\n|-damage|p2a: Giratina|1\/100 par\n|move|p2a: Giratina|Stone Edge|p1a: Zygarde|[miss]\n|-miss|p2a: Giratina|p1a: Zygarde\n|\n|-heal|p1a: Zygarde|99\/100|[from] item: Leftovers\n|upkeep\n|turn|40\n|\n|t:|1698835549\n|move|p1a: Zygarde|Thousand Arrows|p2a: Giratina\n|-damage|p2a: Giratina|0 fnt\n|faint|p2a: Giratina\n|\n|-heal|p1a: Zygarde|100\/100|[from] item: Leftovers\n|upkeep\n|\n|t:|1698835552\n|switch|p2a: Arceus|Arceus-Dark|74\/100\n|-damage|p2a: Arceus|62\/100|[from] Stealth Rock\n|turn|41\n|\n|t:|1698835554\n|switch|p1a: Groudon|Groudon-Primal, L99, shiny|94\/100\n|-weather|DesolateLand|[from] ability: Desolate Land|[of] p1a: Groudon\n|move|p2a: Arceus|Taunt|p1a: Groudon\n|-start|p1a: Groudon|move: Taunt\n|\n|-weather|DesolateLand|[upkeep]\n|upkeep\n|turn|42\n|\n|t:|1698835561\n|move|p2a: Arceus|Foul Play|p1a: Groudon\n|-damage|p1a: Groudon|61\/100\n|move|p1a: Groudon|Rock Tomb|p2a: Arceus\n|-damage|p2a: Arceus|48\/100\n|-unboost|p2a: Arceus|spe|1\n|\n|-weather|DesolateLand|[upkeep]\n|upkeep\n|turn|43\n|\n|t:|1698835572\n|-weather|none\n|switch|p1a: Arceus|Arceus-Ground, shiny|100\/100\n|move|p2a: Arceus|Recover|p2a: Arceus\n|-heal|p2a: Arceus|98\/100\n|\n|upkeep\n|turn|44\n|\n|t:|1698835577\n|move|p1a: Arceus|Calm Mind|p1a: Arceus\n|-boost|p1a: Arceus|spa|1\n|-boost|p1a: Arceus|spd|1\n|move|p2a: Arceus|Toxic|p1a: Arceus\n|-status|p1a: Arceus|tox\n|\n|-damage|p1a: Arceus|94\/100 tox|[from] psn\n|upkeep\n|turn|45\n|\n|t:|1698835582\n|switch|p2a: Ditto|Ditto, shiny|52\/100\n|-damage|p2a: Ditto|39\/100|[from] Stealth Rock\n|-transform|p2a: Ditto|p1a: Arceus|[from] ability: Imposter\n|move|p1a: Arceus|Judgment|p2a: Ditto\n|-damage|p2a: Ditto|0 fnt\n|faint|p2a: Ditto\n|\n|-damage|p1a: Arceus|82\/100 tox|[from] psn\n|upkeep\n|\n|t:|1698835584\n|switch|p2a: Arceus|Arceus-Dark|98\/100\n|-damage|p2a: Arceus|85\/100|[from] Stealth Rock\n|turn|46\n|\n|t:|1698835587\n|switch|p1a: Groudon|Groudon-Primal, L99, shiny|61\/100\n|-weather|DesolateLand|[from] ability: Desolate Land|[of] p1a: Groudon\n|move|p2a: Arceus|Taunt|p1a: Groudon\n|-start|p1a: Groudon|move: Taunt\n|\n|-weather|DesolateLand|[upkeep]\n|upkeep\n|turn|47\n|\n|t:|1698835592\n|move|p2a: Arceus|Toxic|p1a: Groudon\n|-status|p1a: Groudon|tox\n|move|p1a: Groudon|Rock Tomb|p2a: Arceus\n|-damage|p2a: Arceus|70\/100\n|-unboost|p2a: Arceus|spe|1\n|\n|-weather|DesolateLand|[upkeep]\n|-damage|p1a: Groudon|55\/100 tox|[from] psn\n|upkeep\n|turn|48\n|\n|t:|1698835598\n|move|p2a: Arceus|Recover|p2a: Arceus\n|-heal|p2a: Arceus|100\/100\n|move|p1a: Groudon|Rock Tomb|p2a: Arceus\n|-damage|p2a: Arceus|86\/100\n|-unboost|p2a: Arceus|spe|1\n|\n|-weather|DesolateLand|[upkeep]\n|-damage|p1a: Groudon|43\/100 tox|[from] psn\n|-end|p1a: Groudon|move: Taunt\n|upkeep\n|turn|49\n|\n|t:|1698835606\n|move|p2a: Arceus|Recover|p2a: Arceus\n|-heal|p2a: Arceus|100\/100\n|move|p1a: Groudon|Precipice Blades|p2a: Arceus\n|-damage|p2a: Arceus|59\/100\n|\n|-weather|DesolateLand|[upkeep]\n|-damage|p1a: Groudon|25\/100 tox|[from] psn\n|upkeep\n|turn|50\n|\n|t:|1698835611\n|move|p2a: Arceus|Foul Play|p1a: Groudon\n|-damage|p1a: Groudon|0 fnt\n|faint|p1a: Groudon\n|-weather|none\n|\n|upkeep\n|\n|t:|1698835613\n|switch|p1a: Arceus|Arceus-Ground, shiny|82\/100 tox\n|turn|51\n|\n|t:|1698835616\n|move|p1a: Arceus|Calm Mind|p1a: Arceus\n|-boost|p1a: Arceus|spa|1\n|-boost|p1a: Arceus|spd|1\n|move|p2a: Arceus|Recover|p2a: Arceus\n|-heal|p2a: Arceus|100\/100\n|\n|-damage|p1a: Arceus|76\/100 tox|[from] psn\n|upkeep\n|turn|52\n|\n|t:|1698835619\n|move|p1a: Arceus|Judgment|p2a: Arceus\n|-damage|p2a: Arceus|43\/100\n|move|p2a: Arceus|Foul Play|p1a: Arceus\n|-damage|p1a: Arceus|52\/100 tox\n|\n|-damage|p1a: Arceus|40\/100 tox|[from] psn\n|upkeep\n|turn|53\n|\n|t:|1698835623\n|move|p1a: Arceus|Judgment|p2a: Arceus\n|-crit|p2a: Arceus\n|-damage|p2a: Arceus|0 fnt\n|faint|p2a: Arceus\n|\n|win|09-10a\n|raw|09-10a's rating: 1789 &rarr; <strong>1819<\/strong><br \/>(+30 for winning)\n|raw|KurumiTokisakilove's rating: 1977 &rarr; <strong>1947<\/strong><br \/>(-30 for losing)\n|l|\u2606KurumiTokisakilove\n|l| CritsMakeMeForfeit\n","uploadtime":1698835845,"views":21,"p1id":"0910a","p2id":"kurumitokisakilove","formatid":"gen9nationaldexubers","rating":1819,"private":0,"password":""}