{"id":"gen9nationaldexubers-1999387718","p1":"MaximumReaper","p2":"Mudseph03","format":"[Gen 9] National Dex Ubers","log":"|j|\u2606MaximumReaper\n|j|\u2606Mudseph03\n|t:|1701071815\n|gametype|singles\n|player|p1|MaximumReaper|1|1425\n|player|p2|Mudseph03|red|1449\n|teamsize|p1|6\n|teamsize|p2|6\n|gen|9\n|tier|[Gen 9] National Dex Ubers\n|rated|\n|rule|HP Percentage Mod: HP is shown in percentages\n|rule|Endless Battle Clause: Forcing endless battles is banned\n|rule|OHKO Clause: OHKO moves are banned\n|rule|Evasion Moves Clause: Evasion moves are banned\n|rule|Evasion Items Clause: Evasion items are banned\n|rule|Species Clause: Limit one of each Pok\u00e9mon\n|rule|Sleep Clause Mod: Limit one foe put to sleep\n|rule|Mega Rayquaza Clause: You cannot mega evolve Rayquaza\n|clearpoke\n|poke|p1|Zacian-*|\n|poke|p1|Xerneas-*|\n|poke|p1|Groudon|\n|poke|p1|Marshadow|\n|poke|p1|Arceus|\n|poke|p1|Pyukumuku, F|\n|poke|p2|Dragapult, M|\n|poke|p2|Kartana|\n|poke|p2|Aegislash, M|\n|poke|p2|Quagsire, M|\n|poke|p2|Heatran, M|\n|poke|p2|Togekiss, F|\n|teampreview\n|\n|t:|1701071837\n|start\n|switch|p1a: Pyukumuku|Pyukumuku, F|100\/100\n|switch|p2a: Togefeits|Togekiss, F|100\/100\n|turn|1\n|\n|t:|1701071853\n|move|p2a: Togefeits|Thunder Wave|p1a: Pyukumuku\n|-status|p1a: Pyukumuku|par\n|move|p1a: Pyukumuku|Toxic|p2a: Togefeits\n|-status|p2a: Togefeits|tox\n|\n|-damage|p2a: Togefeits|94\/100 tox|[from] psn\n|upkeep\n|turn|2\n|\n|t:|1701071858\n|move|p2a: Togefeits|Air Slash|p1a: Pyukumuku\n|-damage|p1a: Pyukumuku|72\/100 par\n|cant|p1a: Pyukumuku|flinch\n|\n|-damage|p2a: Togefeits|82\/100 tox|[from] psn\n|upkeep\n|turn|3\n|\n|t:|1701071878\n|move|p2a: Togefeits|Air Slash|p1a: Pyukumuku\n|-damage|p1a: Pyukumuku|42\/100 par\n|-enditem|p1a: Pyukumuku|Sitrus Berry|[eat]\n|-heal|p1a: Pyukumuku|66\/100 par|[from] item: Sitrus Berry\n|cant|p1a: Pyukumuku|flinch\n|\n|-damage|p2a: Togefeits|64\/100 tox|[from] psn\n|upkeep\n|turn|4\n|inactive|Battle timer is ON: inactive players will automatically lose when time's up. (requested by Mudseph03)\n|\n|t:|1701071903\n|move|p2a: Togefeits|Air Slash|p1a: Pyukumuku\n|-crit|p1a: Pyukumuku\n|-damage|p1a: Pyukumuku|26\/100 par\n|cant|p1a: Pyukumuku|flinch\n|\n|-damage|p2a: Togefeits|40\/100 tox|[from] psn\n|upkeep\n|turn|5\n|\n|t:|1701071925\n|move|p2a: Togefeits|Air Slash|p1a: Pyukumuku\n|-damage|p1a: Pyukumuku|0 fnt\n|faint|p1a: Pyukumuku\n|\n|-damage|p2a: Togefeits|9\/100 tox|[from] psn\n|upkeep\n|\n|t:|1701071929\n|switch|p1a: Arceus|Arceus|100\/100\n|turn|6\n|inactive|Mudseph03 has 120 seconds left.\n|\n|t:|1701071969\n|move|p1a: Arceus|Shadow Force||[still]\n|-prepare|p1a: Arceus|Shadow Force\n|move|p2a: Togefeits|Thunder Wave|p1a: Arceus|[miss]\n|-miss|p2a: Togefeits|p1a: Arceus\n|\n|-damage|p2a: Togefeits|0 fnt|[from] psn\n|faint|p2a: Togefeits\n|upkeep\n|\n|t:|1701071987\n|switch|p2a: Puyolsire|Quagsire, M|100\/100\n|turn|7\n|\n|t:|1701071990\n|move|p1a: Arceus|Shadow Force|p2a: Puyolsire|[from]lockedmove\n|-damage|p2a: Puyolsire|67\/100\n|move|p2a: Puyolsire|Spikes|p1a: Arceus\n|-sidestart|p1: MaximumReaper|Spikes\n|\n|-heal|p2a: Puyolsire|73\/100|[from] item: Leftovers\n|upkeep\n|turn|8\n|\n|t:|1701071996\n|move|p1a: Arceus|Earthquake|p2a: Puyolsire\n|-damage|p2a: Puyolsire|46\/100\n|move|p2a: Puyolsire|Toxic|p1a: Arceus\n|-status|p1a: Arceus|tox\n|\n|-heal|p2a: Puyolsire|52\/100|[from] item: Leftovers\n|-damage|p1a: Arceus|94\/100 tox|[from] psn\n|upkeep\n|turn|9\n|\n|t:|1701072005\n|move|p1a: Arceus|Earthquake|p2a: Puyolsire\n|-damage|p2a: Puyolsire|25\/100\n|move|p2a: Puyolsire|Recover|p2a: Puyolsire\n|-heal|p2a: Puyolsire|75\/100\n|\n|-heal|p2a: Puyolsire|81\/100|[from] item: Leftovers\n|-damage|p1a: Arceus|82\/100 tox|[from] psn\n|upkeep\n|turn|10\n|\n|t:|1701072013\n|switch|p1a: Zacian|Zacian-Crowned|100\/100\n|-damage|p1a: Zacian|88\/100|[from] Spikes\n|-ability|p1a: Zacian|Intrepid Sword|boost\n|-boost|p1a: Zacian|atk|1\n|move|p2a: Puyolsire|Spikes|p1a: Zacian\n|-sidestart|p1: MaximumReaper|Spikes\n|\n|-heal|p2a: Puyolsire|87\/100|[from] item: Leftovers\n|upkeep\n|turn|11\n|\n|t:|1701072024\n|move|p1a: Zacian|Behemoth Blade|p2a: Puyolsire\n|-resisted|p2a: Puyolsire\n|-damage|p2a: Puyolsire|67\/100\n|move|p2a: Puyolsire|Earthquake|p1a: Zacian\n|-supereffective|p1a: Zacian\n|-damage|p1a: Zacian|31\/100\n|\n|-heal|p2a: Puyolsire|73\/100|[from] item: Leftovers\n|upkeep\n|turn|12\n|\n|t:|1701072041\n|switch|p1a: Arceus|Arceus|82\/100 tox\n|-damage|p1a: Arceus|66\/100 tox|[from] Spikes\n|move|p2a: Puyolsire|Spikes|p1a: Arceus\n|-sidestart|p1: MaximumReaper|Spikes\n|\n|-heal|p2a: Puyolsire|80\/100|[from] item: Leftovers\n|-damage|p1a: Arceus|60\/100 tox|[from] psn\n|upkeep\n|turn|13\n|\n|t:|1701072055\n|move|p1a: Arceus|Extreme Speed|p2a: Puyolsire\n|-damage|p2a: Puyolsire|42\/100\n|move|p2a: Puyolsire|Earthquake|p1a: Arceus\n|-damage|p1a: Arceus|41\/100 tox\n|\n|-heal|p2a: Puyolsire|48\/100|[from] item: Leftovers\n|-damage|p1a: Arceus|28\/100 tox|[from] psn\n|upkeep\n|turn|14\n|\n|t:|1701072072\n|move|p1a: Arceus|Extreme Speed|p2a: Puyolsire\n|-damage|p2a: Puyolsire|14\/100\n|move|p2a: Puyolsire|Recover|p2a: Puyolsire\n|-heal|p2a: Puyolsire|64\/100\n|\n|-heal|p2a: Puyolsire|70\/100|[from] item: Leftovers\n|-damage|p1a: Arceus|10\/100 tox|[from] psn\n|upkeep\n|turn|15\n|\n|t:|1701072081\n|move|p1a: Arceus|Extreme Speed|p2a: Puyolsire\n|-damage|p2a: Puyolsire|36\/100\n|move|p2a: Puyolsire|Recover|p2a: Puyolsire\n|-heal|p2a: Puyolsire|86\/100\n|\n|-heal|p2a: Puyolsire|92\/100|[from] item: Leftovers\n|-damage|p1a: Arceus|0 fnt|[from] psn\n|faint|p1a: Arceus\n|upkeep\n|\n|t:|1701072087\n|switch|p1a: Groudon|Groudon|100\/100\n|-damage|p1a: Groudon|75\/100|[from] Spikes\n|detailschange|p1a: Groudon|Groudon-Primal\n|-primal|p1a: Groudon|Red Orb\n|-weather|DesolateLand|[from] ability: Desolate Land|[of] p1a: Groudon\n|turn|16\n|\n|t:|1701072098\n|move|p1a: Groudon|Fire Punch|p2a: Puyolsire\n|-resisted|p2a: Puyolsire\n|-damage|p2a: Puyolsire|64\/100\n|move|p2a: Puyolsire|Toxic|p1a: Groudon\n|-status|p1a: Groudon|tox\n|\n|-weather|DesolateLand|[upkeep]\n|-heal|p2a: Puyolsire|71\/100|[from] item: Leftovers\n|-damage|p1a: Groudon|69\/100 tox|[from] psn\n|upkeep\n|turn|17\n|\n|t:|1701072104\n|move|p1a: Groudon|Earthquake|p2a: Puyolsire\n|-damage|p2a: Puyolsire|20\/100\n|move|p2a: Puyolsire|Recover|p2a: Puyolsire\n|-heal|p2a: Puyolsire|70\/100\n|\n|-weather|DesolateLand|[upkeep]\n|-heal|p2a: Puyolsire|77\/100|[from] item: Leftovers\n|-damage|p1a: Groudon|57\/100 tox|[from] psn\n|upkeep\n|turn|18\n|\n|t:|1701072114\n|move|p1a: Groudon|Earthquake|p2a: Puyolsire\n|-crit|p2a: Puyolsire\n|-damage|p2a: Puyolsire|6\/100\n|move|p2a: Puyolsire|Recover|p2a: Puyolsire\n|-heal|p2a: Puyolsire|56\/100\n|\n|-weather|DesolateLand|[upkeep]\n|-heal|p2a: Puyolsire|62\/100|[from] item: Leftovers\n|-damage|p1a: Groudon|38\/100 tox|[from] psn\n|upkeep\n|turn|19\n|\n|t:|1701072129\n|switch|p2a: Godtana|Kartana|100\/100\n|move|p1a: Groudon|Earthquake|p2a: Godtana\n|-damage|p2a: Godtana|29\/100\n|\n|-weather|DesolateLand|[upkeep]\n|-damage|p1a: Groudon|14\/100 tox|[from] psn\n|upkeep\n|turn|20\n|\n|t:|1701072139\n|move|p2a: Godtana|Smart Strike|p1a: Groudon\n|-resisted|p1a: Groudon\n|-damage|p1a: Groudon|0 fnt\n|faint|p1a: Groudon\n|-weather|none\n|-ability|p2a: Godtana|Beast Boost|boost\n|-boost|p2a: Godtana|atk|1\n|\n|upkeep\n|\n|t:|1701072150\n|switch|p1a: Zacian|Zacian-Crowned|31\/100\n|-damage|p1a: Zacian|6\/100|[from] Spikes\n|turn|21\n|\n|t:|1701072164\n|move|p2a: Godtana|Smart Strike|p1a: Zacian\n|-damage|p1a: Zacian|0 fnt\n|faint|p1a: Zacian\n|-ability|p2a: Godtana|Beast Boost|boost\n|-boost|p2a: Godtana|atk|1\n|\n|upkeep\n|\n|t:|1701072171\n|switch|p1a: Marshadow|Marshadow|100\/100\n|-damage|p1a: Marshadow|76\/100|[from] Spikes\n|turn|22\n|\n|t:|1701072175\n|move|p2a: Godtana|Smart Strike|p1a: Marshadow\n|-damage|p1a: Marshadow|0 fnt\n|faint|p1a: Marshadow\n|-ability|p2a: Godtana|Beast Boost|boost\n|-boost|p2a: Godtana|atk|1\n|\n|upkeep\n|c|\u2606Mudseph03|Gg\n|c|\u2606MaximumReaper|why you speed out\n|c|\u2606Mudseph03|Scarf\n|c|\u2606MaximumReaper|o\n|-message|MaximumReaper forfeited.\n|\n|win|Mudseph03\n|raw|MaximumReaper's rating: 1425 &rarr; <strong>1406<\/strong><br \/>(-19 for losing)\n|raw|Mudseph03's rating: 1449 &rarr; <strong>1468<\/strong><br \/>(+19 for winning)\n|l|\u2606MaximumReaper\n","uploadtime":1701072275,"views":8,"p1id":"maximumreaper","p2id":"mudseph03","formatid":"gen9nationaldexubers","rating":1406,"private":0,"password":""}