{"id":"gen9nationaldexubers-1982458691","p1":"Just B3A$T","p2":"Aroma Nobody","format":"[Gen 9] National Dex Ubers","log":"|j|\u2606Just B3A$T\n|j|\u2606Aroma Nobody\n|t:|1699016786\n|gametype|singles\n|player|p1|Just B3A$T|bruno|\n|player|p2|Aroma Nobody|turo-ai|\n|teamsize|p1|6\n|teamsize|p2|6\n|gen|9\n|tier|[Gen 9] National Dex Ubers\n|rule|HP Percentage Mod: HP is shown in percentages\n|rule|Endless Battle Clause: Forcing endless battles is banned\n|rule|OHKO Clause: OHKO moves are banned\n|rule|Evasion Moves Clause: Evasion moves are banned\n|rule|Evasion Items Clause: Evasion items are banned\n|rule|Species Clause: Limit one of each Pok\u00e9mon\n|rule|Sleep Clause Mod: Limit one foe put to sleep\n|rule|Mega Rayquaza Clause: You cannot mega evolve Rayquaza\n|clearpoke\n|poke|p1|Iron Valiant|\n|poke|p1|Gholdengo|\n|poke|p1|Sableye, M|\n|poke|p1|Conkeldurr, M|\n|poke|p1|Zapdos|\n|poke|p1|Toxapex, F|\n|poke|p2|Iron Bundle|\n|poke|p2|Slowking, M|\n|poke|p2|Toxapex, M|\n|poke|p2|Armarouge, M|\n|poke|p2|Sharpedo, F|\n|poke|p2|Urshifu-*, M|\n|teampreview\n|inactive|Battle timer is ON: inactive players will automatically lose when time's up. (requested by Just B3A$T)\n|c|\u2606Aroma Nobody|Glhf\n|inactive|Just B3A$T has 270 seconds left.\n|c|\u2606Just B3A$T|u2\n|\n|t:|1699016846\n|start\n|switch|p1a: bolt beak!!!|Zapdos|100\/100\n|switch|p2a: Slowking|Slowking, M|100\/100\n|turn|1\n|\n|t:|1699016853\n|move|p1a: bolt beak!!!|Thunderbolt|p2a: Slowking\n|-supereffective|p2a: Slowking\n|-damage|p2a: Slowking|56\/100\n|move|p2a: Slowking|Future Sight|p1a: bolt beak!!!\n|-start|p2a: Slowking|move: Future Sight\n|\n|upkeep\n|turn|2\n|\n|t:|1699016857\n|move|p1a: bolt beak!!!|U-turn|p2a: Slowking\n|-supereffective|p2a: Slowking\n|-damage|p2a: Slowking|28\/100\n|\n|t:|1699016860\n|switch|p1a: Fear|Sableye, M|100\/100|[from] U-turn\n|move|p2a: Slowking|Chilly Reception|p2a: Slowking\n|-weather|Snow\n|\n|t:|1699016873\n|switch|p2a: Iron Bundle|Iron Bundle|100\/100|[from] Chilly Reception\n|\n|-weather|Snow|[upkeep]\n|upkeep\n|turn|3\n|\n|t:|1699016882\n|detailschange|p1a: Fear|Sableye-Mega, M\n|-mega|p1a: Fear|Sableye|Sablenite\n|move|p2a: Iron Bundle|Hydro Pump|p1a: Fear\n|-damage|p1a: Fear|57\/100\n|move|p1a: Fear|Recover|p1a: Fear\n|-heal|p1a: Fear|100\/100\n|\n|-weather|Snow|[upkeep]\n|-end|p1a: Fear|move: Future Sight\n|-immune|p1a: Fear\n|upkeep\n|turn|4\n|\n|t:|1699016891\n|move|p2a: Iron Bundle|Ice Beam|p1a: Fear\n|-damage|p1a: Fear|69\/100\n|move|p1a: Fear|Knock Off|p2a: Iron Bundle\n|-damage|p2a: Iron Bundle|75\/100\n|-enditem|p2a: Iron Bundle|Heavy-Duty Boots|[from] move: Knock Off|[of] p1a: Fear\n|\n|-weather|Snow|[upkeep]\n|upkeep\n|turn|5\n|\n|t:|1699016899\n|move|p2a: Iron Bundle|Hydro Pump|p1a: Fear|[miss]\n|-miss|p2a: Iron Bundle|p1a: Fear\n|move|p1a: Fear|Recover|p1a: Fear\n|-heal|p1a: Fear|100\/100\n|\n|-weather|Snow|[upkeep]\n|upkeep\n|turn|6\n|\n|t:|1699016902\n|move|p2a: Iron Bundle|Ice Beam|p1a: Fear\n|-damage|p1a: Fear|65\/100\n|move|p1a: Fear|Hex|p2a: Iron Bundle\n|-damage|p2a: Iron Bundle|32\/100\n|\n|-weather|none\n|upkeep\n|turn|7\n|\n|t:|1699016911\n|-end|p2a: Iron Bundle|Quark Drive|[silent]\n|switch|p2a: Urshifu|Urshifu-Rapid-Strike, M|100\/100\n|move|p1a: Fear|Recover|p1a: Fear\n|-heal|p1a: Fear|100\/100\n|\n|upkeep\n|turn|8\n|\n|t:|1699016918\n|move|p2a: Urshifu|Surging Strikes|p1a: Fear\n|-crit|p1a: Fear\n|-damage|p1a: Fear|68\/100\n|-crit|p1a: Fear\n|-damage|p1a: Fear|36\/100\n|-crit|p1a: Fear\n|-damage|p1a: Fear|5\/100\n|-hitcount|p1a: Fear|3\n|move|p1a: Fear|Will-O-Wisp|p2a: Urshifu\n|-status|p2a: Urshifu|brn\n|\n|-damage|p2a: Urshifu|94\/100 brn|[from] brn\n|upkeep\n|turn|9\n|\n|t:|1699016924\n|switch|p1a: pest|Toxapex, F|100\/100\n|move|p2a: Urshifu|Surging Strikes|p1a: pest\n|-resisted|p1a: pest\n|-crit|p1a: pest\n|-damage|p1a: pest|96\/100\n|-resisted|p1a: pest\n|-crit|p1a: pest\n|-damage|p1a: pest|91\/100\n|-resisted|p1a: pest\n|-crit|p1a: pest\n|-damage|p1a: pest|86\/100\n|-hitcount|p1a: pest|3\n|\n|-heal|p1a: pest|92\/100|[from] item: Black Sludge\n|-damage|p2a: Urshifu|88\/100 brn|[from] brn\n|upkeep\n|turn|10\n|\n|t:|1699016928\n|switch|p2a: Iron Bundle|Iron Bundle|32\/100\n|move|p1a: pest|Knock Off|p2a: Iron Bundle\n|-damage|p2a: Iron Bundle|19\/100\n|\n|-heal|p1a: pest|99\/100|[from] item: Black Sludge\n|upkeep\n|turn|11\n|\n|t:|1699016932\n|switch|p1a: Fear|Sableye-Mega, M|5\/100\n|move|p2a: Iron Bundle|Freeze-Dry|p1a: Fear\n|-damage|p1a: Fear|0 fnt\n|faint|p1a: Fear\n|\n|upkeep\n|\n|t:|1699016936\n|switch|p1a: Profit!|Gholdengo|100\/100\n|turn|12\n|\n|t:|1699016940\n|move|p1a: Profit!|Shadow Ball|p2a: Iron Bundle\n|-damage|p2a: Iron Bundle|0 fnt\n|faint|p2a: Iron Bundle\n|-end|p2a: Iron Bundle|Quark Drive|[silent]\n|\n|upkeep\n|\n|t:|1699016948\n|switch|p2a: Sharpedo|Sharpedo, F|100\/100\n|turn|13\n|\n|t:|1699016953\n|switch|p1a: pest|Toxapex, F|100\/100\n|move|p2a: Sharpedo|Crunch|p1a: pest\n|-damage|p1a: pest|74\/100\n|-unboost|p1a: pest|def|1\n|\n|-heal|p1a: pest|80\/100|[from] item: Black Sludge\n|-ability|p2a: Sharpedo|Speed Boost|boost\n|-boost|p2a: Sharpedo|spe|1\n|upkeep\n|turn|14\n|c|\u2606Aroma Nobody|@dt ironvalient\n|inactive|Aroma Nobody has 270 seconds left.\n|c|\u2606Aroma Nobody|!dt iron valient\nNo Pok\u00e9mon, item, move, ability or nature named 'iron valient' was found. Showing the data of 'Iron Valiant' instead.\n|raw|<div class=\"message\"><ul class=\"utilichart\"><li class=\"result\"><span class=\"col numcol\">OU<\/span> <span class=\"col iconcol\"><psicon pokemon=\"ironvaliant\"\/><\/span> <span class=\"col pokemonnamecol\" style=\"white-space:nowrap\"><a href=\"https:\/\/dex.pokemonshowdown.com\/pokemon\/ironvaliant\" target=\"_blank\">Iron Valiant<\/a><\/span> <span class=\"col typecol\"><img src=\"https:\/\/play.pokemonshowdown.com\/sprites\/types\/Fairy.png\" alt=\"Fairy\" height=\"14\" width=\"32\"><img src=\"https:\/\/play.pokemonshowdown.com\/sprites\/types\/Fighting.png\" alt=\"Fighting\" height=\"14\" width=\"32\"><\/span> <span style=\"float:left;min-height:26px\"><span class=\"col abilitycol\">Quark Drive<\/span><span class=\"col abilitycol\"><\/span><\/span><span style=\"float:left;min-height:26px\"><span class=\"col statcol\"><em>HP<\/em><br \/>74<\/span> <span class=\"col statcol\"><em>Atk<\/em><br \/>130<\/span> <span class=\"col statcol\"><em>Def<\/em><br \/>90<\/span> <span class=\"col statcol\"><em>SpA<\/em><br \/>120<\/span> <span class=\"col statcol\"><em>SpD<\/em><br \/>60<\/span> <span class=\"col statcol\"><em>Spe<\/em><br \/>116<\/span> <span class=\"col bstcol\"><em>BST<br \/>590<\/em><\/span> <\/span><\/li><li style=\"clear:both\"><\/li><\/ul><\/div>\n|raw|<font size=\"1\"><font color=\"#686868\">Dex#:<\/font> 1006&nbsp;|&ThickSpace;<font color=\"#686868\">Gen:<\/font> 9&nbsp;|&ThickSpace;<font color=\"#686868\">Height:<\/font> 1.4 m&nbsp;|&ThickSpace;<font color=\"#686868\">Weight:<\/font> 35 kg <em>(60 BP)<\/em>&nbsp;|&ThickSpace;<font color=\"#686868\">Dex Colour:<\/font> White&nbsp;|&ThickSpace;<font color=\"#686868\">Egg Group(s):<\/font> Undiscovered&nbsp;|&ThickSpace;<font color=\"#686868\">Does Not Evolve<\/font><\/font>\n\n|\n|t:|1699016991\n|move|p2a: Sharpedo|Psychic Fangs|p1a: pest\n|-supereffective|p1a: pest\n|-damage|p1a: pest|25\/100\n|move|p1a: pest|Scald|p2a: Sharpedo\n|-resisted|p2a: Sharpedo\n|-damage|p2a: Sharpedo|81\/100\n|\n|-heal|p1a: pest|31\/100|[from] item: Black Sludge\n|-ability|p2a: Sharpedo|Speed Boost|boost\n|-boost|p2a: Sharpedo|spe|1\n|upkeep\n|turn|15\n|inactive|Aroma Nobody has 270 seconds left.\n|\n|t:|1699017004\n|switch|p1a: Test Your Might!|Conkeldurr, M|100\/100\n|detailschange|p2a: Sharpedo|Sharpedo-Mega, F\n|-mega|p2a: Sharpedo|Sharpedo|Sharpedonite\n|move|p2a: Sharpedo|Crunch|p1a: Test Your Might!\n|-resisted|p1a: Test Your Might!\n|-damage|p1a: Test Your Might!|71\/100\n|\n|upkeep\n|turn|16\n|\n|t:|1699017009\n|move|p1a: Test Your Might!|Mach Punch|p2a: Sharpedo\n|-supereffective|p2a: Sharpedo\n|-damage|p2a: Sharpedo|0 fnt\n|faint|p2a: Sharpedo\n|\n|upkeep\n|\n|t:|1699017013\n|switch|p2a: Armarouge|Armarouge, M|100\/100\n|turn|17\n|\n|t:|1699017022\n|switch|p1a: bolt beak!!!|Zapdos|100\/100\n|-terastallize|p2a: Armarouge|Psychic\n|move|p2a: Armarouge|Expanding Force|p1a: bolt beak!!!\n|-damage|p1a: bolt beak!!!|52\/100\n|\n|upkeep\n|turn|18\n|\n|t:|1699017037\n|move|p1a: bolt beak!!!|U-turn|p2a: Armarouge\n|-supereffective|p2a: Armarouge\n|-crit|p2a: Armarouge\n|-damage|p2a: Armarouge|58\/100\n|-ability|p2a: Armarouge|Weak Armor|boost\n|-unboost|p2a: Armarouge|def|1\n|-boost|p2a: Armarouge|spe|2\n|-enditem|p2a: Armarouge|Weakness Policy\n|-boost|p2a: Armarouge|atk|2|[from] item: Weakness Policy\n|-boost|p2a: Armarouge|spa|2|[from] item: Weakness Policy\n|\n|t:|1699017041\n|switch|p1a: Test Your Might!|Conkeldurr, M|71\/100|[from] U-turn\n|move|p2a: Armarouge|Armor Cannon|p1a: Test Your Might!\n|-damage|p1a: Test Your Might!|0 fnt\n|-unboost|p2a: Armarouge|def|1\n|-unboost|p2a: Armarouge|spd|1\n|faint|p1a: Test Your Might!\n|\n|upkeep\n|c|\u2606Just B3A$T|oops\n|c|\u2606Aroma Nobody|Gg\n|c|\u2606Just B3A$T|aint over yte\n|c|\u2606Just B3A$T|*yet\n|inactive|Just B3A$T has 270 seconds left.\n|\n|t:|1699017090\n|switch|p1a: Iron Pride Icon|Iron Valiant, shiny|100\/100\n|-enditem|p1a: Iron Pride Icon|Booster Energy\n|-activate|p1a: Iron Pride Icon|ability: Quark Drive|[fromitem]\n|-start|p1a: Iron Pride Icon|quarkdrivespe\n|turn|19\n|inactive|Just B3A$T has 240 seconds left.\n|\n|t:|1699017127\n|-terastallize|p1a: Iron Pride Icon|Grass\n|move|p2a: Armarouge|Expanding Force|p1a: Iron Pride Icon\n|-damage|p1a: Iron Pride Icon|0 fnt\n|faint|p1a: Iron Pride Icon\n|-end|p1a: Iron Pride Icon|Quark Drive|[silent]\n|\n|upkeep\n|c|\u2606Just B3A$T|a tie.\n|c|\u2606Just B3A$T|a damn tie.\n|inactive|Just B3A$T has 210 seconds left.\n|\n|t:|1699017166\n|switch|p1a: pest|Toxapex, F|64\/100\n|turn|20\n|\n|t:|1699017172\n|switch|p1a: bolt beak!!!|Zapdos|52\/100\n|move|p2a: Armarouge|Expanding Force|p1a: bolt beak!!!\n|-damage|p1a: bolt beak!!!|0 fnt\n|faint|p1a: bolt beak!!!\n|\n|upkeep\n|\n|t:|1699017174\n|switch|p1a: pest|Toxapex, F|97\/100\n|turn|21\n|\n|t:|1699017177\n|move|p2a: Armarouge|Expanding Force|p1a: pest\n|-supereffective|p1a: pest\n|-damage|p1a: pest|0 fnt\n|faint|p1a: pest\n|\n|upkeep\n|\n|t:|1699017179\n|switch|p1a: Profit!|Gholdengo|100\/100\n|turn|22\n|c|\u2606Just B3A$T|dammit\n|c|\u2606Just B3A$T|gg\n|\n|t:|1699017186\n|move|p2a: Armarouge|Armor Cannon|p1a: Profit!\n|-supereffective|p1a: Profit!\n|-damage|p1a: Profit!|0 fnt\n|-unboost|p2a: Armarouge|def|1\n|-unboost|p2a: Armarouge|spd|1\n|faint|p1a: Profit!\n|\n|win|Aroma Nobody\n|c|\u2606Aroma Nobody|Gg\n|c|\u2606Just B3A$T|should not have u-turned\n|l|\u2606Just B3A$T\n","uploadtime":1699017208,"views":12,"p1id":"justb3at","p2id":"aromanobody","formatid":"gen9nationaldexubers","rating":0,"private":0,"password":""}