{"id":"gen9nationaldexubers-1978186599","p1":"rggef","p2":"85792195wwww","format":"[Gen 9] National Dex Ubers","log":"|j|\u2606rggef\n|j|\u260685792195wwww\n|t:|1698509387\n|gametype|singles\n|player|p1|rggef|169|1612\n|player|p2|85792195wwww|lady|1777\n|teamsize|p1|6\n|teamsize|p2|6\n|gen|9\n|tier|[Gen 9] National Dex Ubers\n|rated|\n|rule|HP Percentage Mod: HP is shown in percentages\n|rule|Endless Battle Clause: Forcing endless battles is banned\n|rule|OHKO Clause: OHKO moves are banned\n|rule|Evasion Moves Clause: Evasion moves are banned\n|rule|Evasion Items Clause: Evasion items are banned\n|rule|Species Clause: Limit one of each Pok\u00e9mon\n|rule|Sleep Clause Mod: Limit one foe put to sleep\n|rule|Mega Rayquaza Clause: You cannot mega evolve Rayquaza\n|clearpoke\n|poke|p1|Ursaluna-Bloodmoon, M|\n|poke|p1|Xerneas-*|\n|poke|p1|Kyogre|\n|poke|p1|Melmetal|\n|poke|p1|Kingambit, F|\n|poke|p1|Groudon|\n|poke|p2|Calyrex-Ice|\n|poke|p2|Groudon|\n|poke|p2|Krookodile, F|\n|poke|p2|Xerneas-*|\n|poke|p2|Zacian-*|\n|poke|p2|Arceus|\n|teampreview\n|\n|t:|1698509398\n|start\n|switch|p1a: Kyogre|Kyogre|100\/100\n|switch|p2a: Krookodile|Krookodile, F|100\/100\n|-ability|p2a: Krookodile|Intimidate|boost\n|-unboost|p1a: Kyogre|atk|1\n|detailschange|p1a: Kyogre|Kyogre-Primal\n|-primal|p1a: Kyogre|Blue Orb\n|-weather|PrimordialSea|[from] ability: Primordial Sea|[of] p1a: Kyogre\n|turn|1\n|inactive|Battle timer is ON: inactive players will automatically lose when time's up. (requested by rggef)\n|\n|t:|1698509409\n|move|p2a: Krookodile|Stealth Rock|p1a: Kyogre\n|-sidestart|p1: rggef|move: Stealth Rock\n|move|p1a: Kyogre|Ice Beam|p2a: Krookodile\n|-supereffective|p2a: Krookodile\n|-enditem|p2a: Krookodile|Focus Sash\n|-damage|p2a: Krookodile|1\/100\n|\n|-weather|PrimordialSea|[upkeep]\n|upkeep\n|turn|2\n|\n|t:|1698509417\n|switch|p2a: Zacian|Zacian-Crowned|100\/100\n|-ability|p2a: Zacian|Intrepid Sword|boost\n|-boost|p2a: Zacian|atk|1\n|move|p1a: Kyogre|Ice Beam|p2a: Zacian\n|-resisted|p2a: Zacian\n|-damage|p2a: Zacian|81\/100\n|\n|-weather|PrimordialSea|[upkeep]\n|upkeep\n|turn|3\n|\n|t:|1698509426\n|-weather|none\n|switch|p1a: Groudon|Groudon|100\/100\n|-damage|p1a: Groudon|94\/100|[from] Stealth Rock\n|detailschange|p1a: Groudon|Groudon-Primal\n|-primal|p1a: Groudon|Red Orb\n|-weather|DesolateLand|[from] ability: Desolate Land|[of] p1a: Groudon\n|move|p2a: Zacian|Wild Charge|p1a: Groudon\n|-immune|p1a: Groudon\n|\n|-weather|DesolateLand|[upkeep]\n|upkeep\n|turn|4\n|\n|t:|1698509437\n|move|p2a: Zacian|Swords Dance|p2a: Zacian\n|-boost|p2a: Zacian|atk|2\n|move|p1a: Groudon|Stealth Rock|p2a: Zacian\n|-sidestart|p2: 85792195wwww|move: Stealth Rock\n|\n|-weather|DesolateLand|[upkeep]\n|upkeep\n|turn|5\n|\n|t:|1698509443\n|move|p2a: Zacian|Close Combat|p1a: Groudon\n|-damage|p1a: Groudon|34\/100\n|-unboost|p2a: Zacian|def|1\n|-unboost|p2a: Zacian|spd|1\n|move|p1a: Groudon|Earthquake|p2a: Zacian\n|-supereffective|p2a: Zacian\n|-damage|p2a: Zacian|0 fnt\n|faint|p2a: Zacian\n|\n|-weather|DesolateLand|[upkeep]\n|upkeep\n|\n|t:|1698509466\n|switch|p2a: Calyrex|Calyrex-Ice|100\/100\n|-ability|p2a: Calyrex|As One\n|-ability|p2a: Calyrex|Unnerve\n|turn|6\n|\n|t:|1698509473\n|move|p2a: Calyrex|High Horsepower|p1a: Groudon\n|-supereffective|p1a: Groudon\n|-damage|p1a: Groudon|0 fnt\n|faint|p1a: Groudon\n|-weather|none\n|-ability|p2a: Calyrex|Chilling Neigh|boost\n|-boost|p2a: Calyrex|atk|1\n|\n|upkeep\n|\n|t:|1698509478\n|switch|p1a: Kyogre|Kyogre-Primal|100\/100\n|-damage|p1a: Kyogre|88\/100|[from] Stealth Rock\n|-weather|PrimordialSea|[from] ability: Primordial Sea|[of] p1a: Kyogre\n|turn|7\n|\n|t:|1698509488\n|move|p2a: Calyrex|High Horsepower|p1a: Kyogre\n|-damage|p1a: Kyogre|37\/100\n|move|p1a: Kyogre|Surf|p2a: Calyrex\n|-damage|p2a: Calyrex|25\/100\n|\n|-weather|PrimordialSea|[upkeep]\n|upkeep\n|turn|8\n|\n|t:|1698509495\n|move|p2a: Calyrex|High Horsepower|p1a: Kyogre\n|-damage|p1a: Kyogre|0 fnt\n|faint|p1a: Kyogre\n|-weather|none\n|-ability|p2a: Calyrex|Chilling Neigh|boost\n|-boost|p2a: Calyrex|atk|1\n|\n|upkeep\n|\n|t:|1698509496\n|switch|p1a: Xerneas|Xerneas|100\/100\n|-damage|p1a: Xerneas|88\/100|[from] Stealth Rock\n|-ability|p1a: Xerneas|Fairy Aura\n|turn|9\n|\n|t:|1698509507\n|switch|p2a: Krookodile|Krookodile, F|1\/100\n|-damage|p2a: Krookodile|0 fnt|[from] Stealth Rock\n|faint|p2a: Krookodile\n|move|p1a: Xerneas|Moonblast|p2: Krookodile|[notarget]\n|-fail|p1a: Xerneas\n|\n|upkeep\n|\n|t:|1698509516\n|switch|p2a: Groudon|Groudon|100\/100\n|-damage|p2a: Groudon|94\/100|[from] Stealth Rock\n|detailschange|p2a: Groudon|Groudon-Primal\n|-primal|p2a: Groudon|Red Orb\n|-weather|DesolateLand|[from] ability: Desolate Land|[of] p2a: Groudon\n|turn|10\n|\n|t:|1698509524\n|move|p1a: Xerneas|Geomancy||[still]\n|-prepare|p1a: Xerneas|Geomancy\n|-enditem|p1a: Xerneas|Power Herb\n|-anim|p1a: Xerneas|Geomancy|p1a: Xerneas\n|-boost|p1a: Xerneas|spa|2\n|-boost|p1a: Xerneas|spd|2\n|-boost|p1a: Xerneas|spe|2\n|move|p2a: Groudon|Heat Crash|p1a: Xerneas\n|-damage|p1a: Xerneas|0 fnt\n|faint|p1a: Xerneas\n|\n|-weather|DesolateLand|[upkeep]\n|upkeep\n|\n|t:|1698509530\n|switch|p1a: Ursaluna|Ursaluna-Bloodmoon, M|100\/100\n|-damage|p1a: Ursaluna|94\/100|[from] Stealth Rock\n|turn|11\n|\n|t:|1698509537\n|-weather|none\n|switch|p2a: Calyrex|Calyrex-Ice|25\/100\n|-ability|p2a: Calyrex|As One\n|-ability|p2a: Calyrex|Unnerve\n|move|p1a: Ursaluna|Earth Power|p2a: Calyrex\n|-damage|p2a: Calyrex|0 fnt\n|faint|p2a: Calyrex\n|\n|-heal|p1a: Ursaluna|100\/100|[from] item: Leftovers\n|upkeep\n|raw|<div class=\"broadcast-red\"><b>The server is restarting soon.<\/b><br \/>Please finish your battles quickly. No new battles can be started until the server resets in a few minutes.<\/div>\n|inactive|staff also wants the timer to be on.\n|raw|<div class=\"broadcast-red\"><b>Moderated chat was set to +!<\/b><br \/>Only users of rank + and higher can talk.<\/div>\n|\n|t:|1698509551\n|switch|p2a: Arceus|Arceus|100\/100\n|-damage|p2a: Arceus|88\/100|[from] Stealth Rock\n|turn|12\n|\n|t:|1698509556\n|move|p2a: Arceus|Swords Dance|p2a: Arceus\n|-boost|p2a: Arceus|atk|2\n|move|p1a: Ursaluna|Calm Mind|p1a: Ursaluna\n|-boost|p1a: Ursaluna|spa|1\n|-boost|p1a: Ursaluna|spd|1\n|\n|upkeep\n|turn|13\n|\n|t:|1698509563\n|move|p2a: Arceus|Extreme Speed|p1a: Ursaluna\n|-crit|p1a: Ursaluna\n|-damage|p1a: Ursaluna|0 fnt\n|faint|p1a: Ursaluna\n|-damage|p2a: Arceus|78\/100|[from] item: Life Orb\n|\n|upkeep\n|\n|t:|1698509569\n|switch|p1a: Kingambit|Kingambit, F|100\/100\n|-damage|p1a: Kingambit|94\/100|[from] Stealth Rock\n|-activate|p1a: Kingambit|ability: Supreme Overlord\n|-start|p1a: Kingambit|fallen4|[silent]\n|turn|14\n|\n|t:|1698509575\n|move|p2a: Arceus|Earthquake|p1a: Kingambit\n|-supereffective|p1a: Kingambit\n|-damage|p1a: Kingambit|0 fnt\n|faint|p1a: Kingambit\n|-end|p1a: Kingambit|fallen4|[silent]\n|-damage|p2a: Arceus|69\/100|[from] item: Life Orb\n|\n|upkeep\n|\n|t:|1698509577\n|switch|p1a: Melmetal|Melmetal|100\/100\n|-damage|p1a: Melmetal|94\/100|[from] Stealth Rock\n|turn|15\n|-message|rggef forfeited.\n|\n|win|85792195wwww\n|raw|rggef's rating: 1612 &rarr; <strong>1601<\/strong><br \/>(-11 for losing)\n|raw|85792195wwww's rating: 1777 &rarr; <strong>1788<\/strong><br \/>(+11 for winning)\n|l|\u2606rggef\n","uploadtime":1698509598,"views":9,"p1id":"rggef","p2id":"85792195wwww","formatid":"gen9nationaldexubers","rating":1601,"private":0,"password":""}