{"id":"gen9nationaldexubers-1979021480","p1":"danbultheman","p2":"SKELETON-SKS","format":"[Gen 9] National Dex Ubers","log":"|j|\u2606danbultheman\n|j|\u2606SKELETON-SKS\n|t:|1698622170\n|gametype|singles\n|player|p1|danbultheman|hero2-conquest|\n|player|p2|SKELETON-SKS|hiker-gen4|\n|teamsize|p1|6\n|teamsize|p2|6\n|gen|9\n|tier|[Gen 9] National Dex Ubers\n|rule|HP Percentage Mod: HP is shown in percentages\n|rule|Endless Battle Clause: Forcing endless battles is banned\n|rule|OHKO Clause: OHKO moves are banned\n|rule|Evasion Moves Clause: Evasion moves are banned\n|rule|Evasion Items Clause: Evasion items are banned\n|rule|Species Clause: Limit one of each Pok\u00e9mon\n|rule|Sleep Clause Mod: Limit one foe put to sleep\n|rule|Mega Rayquaza Clause: You cannot mega evolve Rayquaza\n|clearpoke\n|poke|p1|Venusaur, M|\n|poke|p1|Rotom-Wash|\n|poke|p1|Celebi|\n|poke|p1|Magearna|\n|poke|p1|Heatran, M|\n|poke|p1|Ninjask, F|\n|poke|p2|Ursaluna-Bloodmoon, M|\n|poke|p2|Great Tusk|\n|poke|p2|Ninetales-Alola, M|\n|poke|p2|Cloyster, M|\n|poke|p2|Clodsire, F|\n|poke|p2|Sandy Shocks|\n|teampreview\n|j| ND9GD APT\n|c|\u2606danbultheman|gacha on his reqs account\n|c|\u2606danbultheman|lol\n|j| The23rdPower\n|j| realjumpman\n|c| realjumpman|salt will win i believe\n|\n|t:|1698622276\n|start\n|switch|p1a: Heatran|Heatran, M|100\/100\n|switch|p2a: \ud835\udc20\ud835\udc1a\ud835\udc32 \ud835\udc1f\ud835\udc28\ud835\udc31|Ninetales-Alola, M, shiny|100\/100\n|-weather|Snow|[from] ability: Snow Warning|[of] p2a: \ud835\udc20\ud835\udc1a\ud835\udc32 \ud835\udc1f\ud835\udc28\ud835\udc31\n|turn|1\n|\n|t:|1698622284\n|move|p1a: Heatran|Eruption|p2a: \ud835\udc20\ud835\udc1a\ud835\udc32 \ud835\udc1f\ud835\udc28\ud835\udc31\n|-supereffective|p2a: \ud835\udc20\ud835\udc1a\ud835\udc32 \ud835\udc1f\ud835\udc28\ud835\udc31\n|-crit|p2a: \ud835\udc20\ud835\udc1a\ud835\udc32 \ud835\udc1f\ud835\udc28\ud835\udc31\n|-damage|p2a: \ud835\udc20\ud835\udc1a\ud835\udc32 \ud835\udc1f\ud835\udc28\ud835\udc31|0 fnt\n|faint|p2a: \ud835\udc20\ud835\udc1a\ud835\udc32 \ud835\udc1f\ud835\udc28\ud835\udc31\n|\n|-weather|Snow|[upkeep]\n|upkeep\n|c|\u2606SKELETON-SKS|oh\n|c|\u2606SKELETON-SKS|the crit huh\n|c| realjumpman|unreal he called the 23rd fox gay\n|c|\u2606SKELETON-SKS|thats just plain unfortunatew\n|\n|t:|1698622310\n|switch|p2a: s\u1d00\u1d0d \u029c\u028f\u1d05\u1d07|Great Tusk|100\/100\n|turn|2\n|c| The23rdPower|Ain't no way that crit mattered\n|c| realjumpman|go calc it 23rd\n|\n|t:|1698622339\n|move|p1a: Heatran|Eruption|p2a: s\u1d00\u1d0d \u029c\u028f\u1d05\u1d07\n|-damage|p2a: s\u1d00\u1d0d \u029c\u028f\u1d05\u1d07|0 fnt\n|faint|p2a: s\u1d00\u1d0d \u029c\u028f\u1d05\u1d07\n|-end|p2a: s\u1d00\u1d0d \u029c\u028f\u1d05\u1d07|Protosynthesis|[silent]\n|\n|-weather|Snow|[upkeep]\n|upkeep\n|c| realjumpman|oh noooo\n|c|\u2606SKELETON-SKS|wow i forgot to change my items lmao\n|c| The23rdPower|Lead Eruption moment\n|c|\u2606SKELETON-SKS|it doesnt matter!!!!\n|c|\u2606SKELETON-SKS|i can still do it!!!!\n|\n|t:|1698622369\n|switch|p2a: \u0299\u1d1c\u1d1b\u1d1b\u1d00\u029c \u1d05\u1d00\u1d21\u0262|Clodsire, F|100\/100\n|turn|3\n|\n|t:|1698622382\n|switch|p1a: Venusaur|Venusaur, M|100\/100\n|move|p2a: \u0299\u1d1c\u1d1b\u1d1b\u1d00\u029c \u1d05\u1d00\u1d21\u0262|Earthquake|p1a: Venusaur\n|-damage|p1a: Venusaur|71\/100\n|\n|-weather|Snow|[upkeep]\n|upkeep\n|turn|4\n|c|\u2606SKELETON-SKS|(if I had had booster energy great tusk is speed ev so the eruption would not have hit)\n|c|\u2606SKELETON-SKS|(crying very hard in the club)\n|\n|t:|1698622416\n|detailschange|p1a: Venusaur|Venusaur-Mega, M\n|-mega|p1a: Venusaur|Venusaur|Venusaurite\n|move|p1a: Venusaur|Leech Seed|p2a: \u0299\u1d1c\u1d1b\u1d1b\u1d00\u029c \u1d05\u1d00\u1d21\u0262\n|-start|p2a: \u0299\u1d1c\u1d1b\u1d1b\u1d00\u029c \u1d05\u1d00\u1d21\u0262|move: Leech Seed\n|move|p2a: \u0299\u1d1c\u1d1b\u1d1b\u1d00\u029c \u1d05\u1d00\u1d21\u0262|Stealth Rock|p1a: Venusaur\n|-sidestart|p1: danbultheman|move: Stealth Rock\n|\n|-weather|Snow|[upkeep]\n|-damage|p2a: \u0299\u1d1c\u1d1b\u1d1b\u1d00\u029c \u1d05\u1d00\u1d21\u0262|88\/100|[from] Leech Seed|[of] p1a: Venusaur\n|-heal|p1a: Venusaur|87\/100|[silent]\n|upkeep\n|turn|5\n|c|\u2606danbultheman|well if u had booster i woulda swapped out\n|c|\u2606SKELETON-SKS|yeah i know man\n|c|\u2606SKELETON-SKS|im just bad at pokemon\n|\n|t:|1698622434\n|move|p1a: Venusaur|Earth Power|p2a: \u0299\u1d1c\u1d1b\u1d1b\u1d00\u029c \u1d05\u1d00\u1d21\u0262\n|-supereffective|p2a: \u0299\u1d1c\u1d1b\u1d1b\u1d00\u029c \u1d05\u1d00\u1d21\u0262\n|-damage|p2a: \u0299\u1d1c\u1d1b\u1d1b\u1d00\u029c \u1d05\u1d00\u1d21\u0262|60\/100\n|move|p2a: \u0299\u1d1c\u1d1b\u1d1b\u1d00\u029c \u1d05\u1d00\u1d21\u0262|Toxic|p1a: Venusaur\n|-immune|p1a: Venusaur\n|\n|-weather|Snow|[upkeep]\n|-heal|p2a: \u0299\u1d1c\u1d1b\u1d1b\u1d00\u029c \u1d05\u1d00\u1d21\u0262|67\/100|[from] item: Leftovers\n|-damage|p2a: \u0299\u1d1c\u1d1b\u1d1b\u1d00\u029c \u1d05\u1d00\u1d21\u0262|54\/100|[from] Leech Seed|[of] p1a: Venusaur\n|-heal|p1a: Venusaur|100\/100|[silent]\n|upkeep\n|turn|6\n|c| realjumpman|dw skele you have soul\n|c| realjumpman|thats all that matters\n|\n|t:|1698622447\n|move|p1a: Venusaur|Earth Power|p2a: \u0299\u1d1c\u1d1b\u1d1b\u1d00\u029c \u1d05\u1d00\u1d21\u0262\n|-supereffective|p2a: \u0299\u1d1c\u1d1b\u1d1b\u1d00\u029c \u1d05\u1d00\u1d21\u0262\n|-damage|p2a: \u0299\u1d1c\u1d1b\u1d1b\u1d00\u029c \u1d05\u1d00\u1d21\u0262|27\/100\n|move|p2a: \u0299\u1d1c\u1d1b\u1d1b\u1d00\u029c \u1d05\u1d00\u1d21\u0262|Recover|p2a: \u0299\u1d1c\u1d1b\u1d1b\u1d00\u029c \u1d05\u1d00\u1d21\u0262\n|-heal|p2a: \u0299\u1d1c\u1d1b\u1d1b\u1d00\u029c \u1d05\u1d00\u1d21\u0262|77\/100\n|\n|-weather|Snow|[upkeep]\n|-heal|p2a: \u0299\u1d1c\u1d1b\u1d1b\u1d00\u029c \u1d05\u1d00\u1d21\u0262|83\/100|[from] item: Leftovers\n|-damage|p2a: \u0299\u1d1c\u1d1b\u1d1b\u1d00\u029c \u1d05\u1d00\u1d21\u0262|70\/100|[from] Leech Seed|[of] p1a: Venusaur\n|upkeep\n|turn|7\n|\n|t:|1698622455\n|move|p1a: Venusaur|Earth Power|p2a: \u0299\u1d1c\u1d1b\u1d1b\u1d00\u029c \u1d05\u1d00\u1d21\u0262\n|-supereffective|p2a: \u0299\u1d1c\u1d1b\u1d1b\u1d00\u029c \u1d05\u1d00\u1d21\u0262\n|-damage|p2a: \u0299\u1d1c\u1d1b\u1d1b\u1d00\u029c \u1d05\u1d00\u1d21\u0262|43\/100\n|move|p2a: \u0299\u1d1c\u1d1b\u1d1b\u1d00\u029c \u1d05\u1d00\u1d21\u0262|Earthquake|p1a: Venusaur\n|-crit|p1a: Venusaur\n|-damage|p1a: Venusaur|70\/100\n|\n|-weather|Snow|[upkeep]\n|-heal|p2a: \u0299\u1d1c\u1d1b\u1d1b\u1d00\u029c \u1d05\u1d00\u1d21\u0262|49\/100|[from] item: Leftovers\n|-damage|p2a: \u0299\u1d1c\u1d1b\u1d1b\u1d00\u029c \u1d05\u1d00\u1d21\u0262|37\/100|[from] Leech Seed|[of] p1a: Venusaur\n|-heal|p1a: Venusaur|86\/100|[silent]\n|upkeep\n|turn|8\n|\n|t:|1698622467\n|switch|p2a: \u0271\u03b5\u01ad\u0266 \u0271\u03b1\u0e23\u01ad\u03b5\u0ae8|Sandy Shocks|100\/100\n|move|p1a: Venusaur|Earth Power|p2a: \u0271\u03b5\u01ad\u0266 \u0271\u03b1\u0e23\u01ad\u03b5\u0ae8\n|-supereffective|p2a: \u0271\u03b5\u01ad\u0266 \u0271\u03b1\u0e23\u01ad\u03b5\u0ae8\n|-damage|p2a: \u0271\u03b5\u01ad\u0266 \u0271\u03b1\u0e23\u01ad\u03b5\u0ae8|36\/100\n|\n|-weather|none\n|upkeep\n|turn|9\n|\n|t:|1698622476\n|-terastallize|p2a: \u0271\u03b5\u01ad\u0266 \u0271\u03b1\u0e23\u01ad\u03b5\u0ae8|Ice\n|move|p2a: \u0271\u03b5\u01ad\u0266 \u0271\u03b1\u0e23\u01ad\u03b5\u0ae8|Tera Blast|p1a: Venusaur|[anim] Tera Blast Ice\n|-supereffective|p1a: Venusaur\n|-damage|p1a: Venusaur|60\/100\n|move|p1a: Venusaur|Synthesis|p1a: Venusaur\n|-heal|p1a: Venusaur|100\/100\n|\n|upkeep\n|turn|10\n|c|\u2606SKELETON-SKS|ok i lost\n|\n|t:|1698622486\n|move|p2a: \u0271\u03b5\u01ad\u0266 \u0271\u03b1\u0e23\u01ad\u03b5\u0ae8|Tera Blast|p1a: Venusaur|[anim] Tera Blast Ice\n|-supereffective|p1a: Venusaur\n|-damage|p1a: Venusaur|72\/100\n|move|p1a: Venusaur|Earth Power|p2a: \u0271\u03b5\u01ad\u0266 \u0271\u03b1\u0e23\u01ad\u03b5\u0ae8\n|-damage|p2a: \u0271\u03b5\u01ad\u0266 \u0271\u03b1\u0e23\u01ad\u03b5\u0ae8|7\/100\n|\n|upkeep\n|turn|11\n|\n|t:|1698622492\n|move|p2a: \u0271\u03b5\u01ad\u0266 \u0271\u03b1\u0e23\u01ad\u03b5\u0ae8|Tera Blast|p1a: Venusaur|[anim] Tera Blast Ice\n|-supereffective|p1a: Venusaur\n|-damage|p1a: Venusaur|46\/100\n|move|p1a: Venusaur|Synthesis|p1a: Venusaur\n|-heal|p1a: Venusaur|96\/100\n|\n|upkeep\n|turn|12\n|\n|t:|1698622497\n|move|p2a: \u0271\u03b5\u01ad\u0266 \u0271\u03b1\u0e23\u01ad\u03b5\u0ae8|Tera Blast|p1a: Venusaur|[anim] Tera Blast Ice\n|-supereffective|p1a: Venusaur\n|-crit|p1a: Venusaur\n|-damage|p1a: Venusaur|56\/100\n|move|p1a: Venusaur|Leech Seed|p2a: \u0271\u03b5\u01ad\u0266 \u0271\u03b1\u0e23\u01ad\u03b5\u0ae8\n|-start|p2a: \u0271\u03b5\u01ad\u0266 \u0271\u03b1\u0e23\u01ad\u03b5\u0ae8|move: Leech Seed\n|\n|-damage|p2a: \u0271\u03b5\u01ad\u0266 \u0271\u03b1\u0e23\u01ad\u03b5\u0ae8|0 fnt|[from] Leech Seed|[of] p1a: Venusaur\n|-heal|p1a: Venusaur|62\/100|[silent]\n|faint|p2a: \u0271\u03b5\u01ad\u0266 \u0271\u03b1\u0e23\u01ad\u03b5\u0ae8\n|-end|p2a: \u0271\u03b5\u01ad\u0266 \u0271\u03b1\u0e23\u01ad\u03b5\u0ae8|Protosynthesis|[silent]\n|upkeep\n|\n|t:|1698622507\n|switch|p2a: GAU-8 Avenger|Cloyster, M, shiny|100\/100\n|turn|13\n|\n|t:|1698622511\n|move|p2a: GAU-8 Avenger|Shell Smash|p2a: GAU-8 Avenger\n|-unboost|p2a: GAU-8 Avenger|def|1\n|-unboost|p2a: GAU-8 Avenger|spd|1\n|-boost|p2a: GAU-8 Avenger|atk|2\n|-boost|p2a: GAU-8 Avenger|spa|2\n|-boost|p2a: GAU-8 Avenger|spe|2\n|-enditem|p2a: GAU-8 Avenger|White Herb\n|-clearnegativeboost|p2a: GAU-8 Avenger|[silent]\n|move|p1a: Venusaur|Grass Knot|p2a: GAU-8 Avenger\n|-supereffective|p2a: GAU-8 Avenger\n|-damage|p2a: GAU-8 Avenger|0 fnt\n|faint|p2a: GAU-8 Avenger\n|\n|upkeep\n|\n|t:|1698622522\n|switch|p2a: \u1d18\u029f\u1d00\u028f\u0299\u1d0f\u026a \u1d04\u1d00\u0280\u1d1b\u026a|Ursaluna-Bloodmoon, M|100\/100\n|turn|14\n|\n|t:|1698622529\n|move|p1a: Venusaur|Grass Knot|p2a: \u1d18\u029f\u1d00\u028f\u0299\u1d0f\u026a \u1d04\u1d00\u0280\u1d1b\u026a\n|-supereffective|p2a: \u1d18\u029f\u1d00\u028f\u0299\u1d0f\u026a \u1d04\u1d00\u0280\u1d1b\u026a\n|-damage|p2a: \u1d18\u029f\u1d00\u028f\u0299\u1d0f\u026a \u1d04\u1d00\u0280\u1d1b\u026a|0 fnt\n|faint|p2a: \u1d18\u029f\u1d00\u028f\u0299\u1d0f\u026a \u1d04\u1d00\u0280\u1d1b\u026a\n|\n|upkeep\n|\n|t:|1698622533\n|switch|p2a: \u0299\u1d1c\u1d1b\u1d1b\u1d00\u029c \u1d05\u1d00\u1d21\u0262|Clodsire, F|37\/100\n|turn|15\n|\n|t:|1698622538\n|move|p1a: Venusaur|Leech Seed|p2a: \u0299\u1d1c\u1d1b\u1d1b\u1d00\u029c \u1d05\u1d00\u1d21\u0262\n|-start|p2a: \u0299\u1d1c\u1d1b\u1d1b\u1d00\u029c \u1d05\u1d00\u1d21\u0262|move: Leech Seed\n|move|p2a: \u0299\u1d1c\u1d1b\u1d1b\u1d00\u029c \u1d05\u1d00\u1d21\u0262|Earthquake|p1a: Venusaur\n|-damage|p1a: Venusaur|39\/100\n|\n|-heal|p2a: \u0299\u1d1c\u1d1b\u1d1b\u1d00\u029c \u1d05\u1d00\u1d21\u0262|43\/100|[from] item: Leftovers\n|-damage|p2a: \u0299\u1d1c\u1d1b\u1d1b\u1d00\u029c \u1d05\u1d00\u1d21\u0262|31\/100|[from] Leech Seed|[of] p1a: Venusaur\n|-heal|p1a: Venusaur|55\/100|[silent]\n|upkeep\n|turn|16\n|c|\u2606danbultheman|gg\n|c|\u2606SKELETON-SKS|it really wasnt\n|c|\u2606danbultheman|aw\n|c|\u2606SKELETON-SKS|u 6-0 me\n|\n|t:|1698622554\n|move|p1a: Venusaur|Earth Power|p2a: \u0299\u1d1c\u1d1b\u1d1b\u1d00\u029c \u1d05\u1d00\u1d21\u0262\n|-supereffective|p2a: \u0299\u1d1c\u1d1b\u1d1b\u1d00\u029c \u1d05\u1d00\u1d21\u0262\n|-damage|p2a: \u0299\u1d1c\u1d1b\u1d1b\u1d00\u029c \u1d05\u1d00\u1d21\u0262|5\/100\n|move|p2a: \u0299\u1d1c\u1d1b\u1d1b\u1d00\u029c \u1d05\u1d00\u1d21\u0262|Earthquake|p1a: Venusaur\n|-damage|p1a: Venusaur|33\/100\n|\n|-heal|p2a: \u0299\u1d1c\u1d1b\u1d1b\u1d00\u029c \u1d05\u1d00\u1d21\u0262|11\/100|[from] item: Leftovers\n|-damage|p2a: \u0299\u1d1c\u1d1b\u1d1b\u1d00\u029c \u1d05\u1d00\u1d21\u0262|0 fnt|[from] Leech Seed|[of] p1a: Venusaur\n|-heal|p1a: Venusaur|47\/100|[silent]\n|faint|p2a: \u0299\u1d1c\u1d1b\u1d1b\u1d00\u029c \u1d05\u1d00\u1d21\u0262\n|\n|win|danbultheman\n|upkeep\n","uploadtime":1698622565,"views":31,"p1id":"danbultheman","p2id":"skeletonsks","formatid":"gen9nationaldexubers","rating":0,"private":0,"password":""}