{"id":"gen9nationaldexubers-1994987927","p1":"egg yolk(past)","p2":"mkyhg2","format":"[Gen 9] National Dex Ubers","log":"|j|\u2606egg yolk(past)\n|j|\u2606mkyhg2\n|t:|1700510863\n|gametype|singles\n|player|p1|egg yolk(past)|1|1178\n|player|p2|mkyhg2|102|1161\n|teamsize|p1|6\n|teamsize|p2|6\n|gen|9\n|tier|[Gen 9] National Dex Ubers\n|rated|\n|rule|HP Percentage Mod: HP is shown in percentages\n|rule|Endless Battle Clause: Forcing endless battles is banned\n|rule|OHKO Clause: OHKO moves are banned\n|rule|Evasion Moves Clause: Evasion moves are banned\n|rule|Evasion Items Clause: Evasion items are banned\n|rule|Species Clause: Limit one of each Pok\u00e9mon\n|rule|Sleep Clause Mod: Limit one foe put to sleep\n|rule|Mega Rayquaza Clause: You cannot mega evolve Rayquaza\n|clearpoke\n|poke|p1|Kingambit, F|\n|poke|p1|Mewtwo|\n|poke|p1|Xerneas-*|\n|poke|p1|Scolipede, M|\n|poke|p1|Cloyster, F|\n|poke|p1|Iron Moth|\n|poke|p2|Cyclizar, M|\n|poke|p2|Annihilape, M|\n|poke|p2|Weavile, F|\n|poke|p2|Alakazam, M|\n|poke|p2|Urshifu-*, F|\n|poke|p2|Dragonite, F|\n|teampreview\n|\n|t:|1700510868\n|start\n|switch|p1a: bad pokemon|Xerneas|100\/100\n|switch|p2a: Cyclizar|Cyclizar, M|100\/100\n|-ability|p1a: bad pokemon|Fairy Aura\n|turn|1\n|\n|t:|1700510877\n|move|p2a: Cyclizar|Shed Tail|p2a: Cyclizar\n|-start|p2a: Cyclizar|Substitute|[from] move: Shed Tail\n|-damage|p2a: Cyclizar|50\/100\n|\n|t:|1700510881\n|switch|p2a: Dragonite|Dragonite, F|100\/100|[from] Shed Tail\n|-zpower|p1a: bad pokemon\n|move|p1a: bad pokemon|Z-Geomancy||[anim]Geomancy|[still]\n|-boost|p1a: bad pokemon|atk|1|[zeffect]\n|-boost|p1a: bad pokemon|def|1|[zeffect]\n|-boost|p1a: bad pokemon|spa|1|[zeffect]\n|-boost|p1a: bad pokemon|spd|1|[zeffect]\n|-boost|p1a: bad pokemon|spe|1|[zeffect]\n|-prepare|p1a: bad pokemon|Geomancy\n|\n|upkeep\n|turn|2\n|\n|t:|1700510890\n|-terastallize|p2a: Dragonite|Dragon\n|move|p1a: bad pokemon|Geomancy|p1a: bad pokemon|[from]lockedmove\n|-boost|p1a: bad pokemon|spa|2\n|-boost|p1a: bad pokemon|spd|2\n|-boost|p1a: bad pokemon|spe|2\n|move|p2a: Dragonite|Dragon Dance|p2a: Dragonite\n|-boost|p2a: Dragonite|atk|1\n|-boost|p2a: Dragonite|spe|1\n|\n|upkeep\n|turn|3\n|\n|t:|1700510896\n|move|p1a: bad pokemon|Draining Kiss|p2a: Dragonite\n|-supereffective|p2a: Dragonite\n|-end|p2a: Dragonite|Substitute\n|move|p2a: Dragonite|Dragon Dance|p2a: Dragonite\n|-boost|p2a: Dragonite|atk|1\n|-boost|p2a: Dragonite|spe|1\n|\n|upkeep\n|turn|4\n|\n|t:|1700510903\n|move|p1a: bad pokemon|Draining Kiss|p2a: Dragonite\n|-supereffective|p2a: Dragonite\n|-damage|p2a: Dragonite|0 fnt\n|faint|p2a: Dragonite\n|\n|upkeep\n|\n|t:|1700510906\n|switch|p2a: Urshifu|Urshifu-Rapid-Strike, F|100\/100\n|turn|5\n|\n|t:|1700510913\n|move|p1a: bad pokemon|Draining Kiss|p2a: Urshifu\n|-supereffective|p2a: Urshifu\n|-damage|p2a: Urshifu|0 fnt\n|faint|p2a: Urshifu\n|\n|upkeep\n|c|\u2606mkyhg2|pls play with a normal pokemon not this mother fucker\n|\n|t:|1700510932\n|switch|p2a: Annihilape|Annihilape, M|100\/100\n|turn|6\n|c|\u2606egg yolk(past)|the name?\n|\n|t:|1700510941\n|move|p1a: bad pokemon|Draining Kiss|p2a: Annihilape\n|-supereffective|p2a: Annihilape\n|-damage|p2a: Annihilape|0 fnt\n|faint|p2a: Annihilape\n|\n|upkeep\n|\n|t:|1700510944\n|switch|p2a: Weavile|Weavile, F|100\/100\n|-ability|p2a: Weavile|Pressure\n|turn|7\n|c|\u2606egg yolk(past)|i became what i hate the most\n|\n|t:|1700510956\n|move|p2a: Weavile|Ice Shard|p1a: bad pokemon\n|-damage|p1a: bad pokemon|87\/100\n|-damage|p2a: Weavile|91\/100|[from] item: Life Orb\n|move|p1a: bad pokemon|Draining Kiss|p2a: Weavile\n|-supereffective|p2a: Weavile\n|-damage|p2a: Weavile|0 fnt\n|-heal|p1a: bad pokemon|100\/100|[from] drain|[of] p2a: Weavile\n|faint|p2a: Weavile\n|\n|upkeep\n|c|\u2606mkyhg2|leg spam?\n|c|\u2606egg yolk(past)|tbh ill forfit dw\n|c|\u2606egg yolk(past)|uh no\n|c|\u2606egg yolk(past)|2 legends\n|c|\u2606mkyhg2|what?\n|c|\u2606mkyhg2|xernyas user?\n|c|\u2606egg yolk(past)|i keep getting killed by it\n|c|\u2606egg yolk(past)|and i haate\n|c|\u2606egg yolk(past)|it so much\n|c|\u2606mkyhg2|me to\n|-message|egg yolk(past) forfeited.\n|\n|win|mkyhg2\n|raw|egg yolk(past)'s rating: 1178 &rarr; <strong>1152<\/strong><br \/>(-26 for losing)\n|raw|mkyhg2's rating: 1161 &rarr; <strong>1187<\/strong><br \/>(+26 for winning)\n","uploadtime":1700510929,"views":1,"p1id":"eggyolkpast","p2id":"mkyhg2","formatid":"gen9nationaldexubers","rating":1152,"private":0,"password":""}