{"id":"gen9nationaldexubers-1988465078","p1":"g3ana","p2":"Master Kirbs","format":"[Gen 9] National Dex Ubers","log":"|j|\u2606g3ana\n|j|\u2606Master Kirbs\n|t:|1699725813\n|gametype|singles\n|player|p1|g3ana|lenora|1119\n|player|p2|Master Kirbs|hiker-gen4|1209\n|teamsize|p1|6\n|teamsize|p2|6\n|gen|9\n|tier|[Gen 9] National Dex Ubers\n|rated|\n|rule|HP Percentage Mod: HP is shown in percentages\n|rule|Endless Battle Clause: Forcing endless battles is banned\n|rule|OHKO Clause: OHKO moves are banned\n|rule|Evasion Moves Clause: Evasion moves are banned\n|rule|Evasion Items Clause: Evasion items are banned\n|rule|Species Clause: Limit one of each Pok\u00e9mon\n|rule|Sleep Clause Mod: Limit one foe put to sleep\n|rule|Mega Rayquaza Clause: You cannot mega evolve Rayquaza\n|clearpoke\n|poke|p1|Entei|\n|poke|p1|Gyarados, F|\n|poke|p1|Kangaskhan, F|\n|poke|p1|Heliolisk, F|\n|poke|p1|Gallade, M|\n|poke|p1|Marowak-Alola, M|\n|poke|p2|Enamorus, F|\n|poke|p2|Miltank, F|\n|poke|p2|Masquerain, M|\n|poke|p2|Palafin, M|\n|poke|p2|Kleavor, M|\n|poke|p2|Zoroark-Hisui, M|\n|teampreview\n|inactive|Battle timer is ON: inactive players will automatically lose when time's up. (requested by Master Kirbs)\n|\n|t:|1699725823\n|start\n|switch|p1a: funny bone|Marowak-Alola, M, shiny|100\/100\n|switch|p2a: Masquerain|Masquerain, M|100\/100\n|-ability|p2a: Masquerain|Intimidate|boost\n|-unboost|p1a: funny bone|atk|1\n|turn|1\n|\n|t:|1699725826\n|move|p2a: Masquerain|Sticky Web|p1a: funny bone\n|-sidestart|p1: g3ana|move: Sticky Web\n|move|p1a: funny bone|Stealth Rock|p2a: Masquerain\n|-sidestart|p2: Master Kirbs|move: Stealth Rock\n|\n|upkeep\n|turn|2\n|\n|t:|1699725833\n|move|p2a: Masquerain|Stun Spore|p1a: funny bone\n|-status|p1a: funny bone|par\n|cant|p1a: funny bone|par\n|\n|upkeep\n|turn|3\n|\n|t:|1699725838\n|move|p2a: Masquerain|Air Slash|p1a: funny bone\n|-damage|p1a: funny bone|68\/100 par\n|cant|p1a: funny bone|flinch\n|\n|upkeep\n|turn|4\n|\n|t:|1699725841\n|move|p2a: Masquerain|Air Slash|p1a: funny bone\n|-damage|p1a: funny bone|36\/100 par\n|cant|p1a: funny bone|flinch\n|\n|upkeep\n|turn|5\n|\n|t:|1699725844\n|move|p2a: Masquerain|Air Slash|p1a: funny bone\n|-damage|p1a: funny bone|6\/100 par\n|cant|p1a: funny bone|flinch\n|\n|upkeep\n|turn|6\n|\n|t:|1699725847\n|move|p2a: Masquerain|Bug Buzz|p1a: funny bone\n|-resisted|p1a: funny bone\n|-damage|p1a: funny bone|0 fnt\n|faint|p1a: funny bone\n|\n|upkeep\n|\n|t:|1699725850\n|switch|p1a: NGAAH!!|Gyarados, F|100\/100\n|turn|7\n|\n|t:|1699725853\n|move|p2a: Masquerain|Stun Spore|p1a: NGAAH!!\n|-status|p1a: NGAAH!!|par\n|-zpower|p1a: NGAAH!!\n|move|p1a: NGAAH!!|Supersonic Skystrike|p2a: Masquerain|[zeffect]\n|-supereffective|p2a: Masquerain\n|-enditem|p2a: Masquerain|Focus Sash\n|-damage|p2a: Masquerain|1\/100\n|\n|upkeep\n|turn|8\n|\n|t:|1699725856\n|move|p2a: Masquerain|Air Slash|p1a: NGAAH!!\n|-damage|p1a: NGAAH!!|74\/100 par\n|cant|p1a: NGAAH!!|par\n|\n|upkeep\n|turn|9\n|\n|t:|1699725858\n|move|p2a: Masquerain|Air Slash|p1a: NGAAH!!\n|-damage|p1a: NGAAH!!|48\/100 par\n|cant|p1a: NGAAH!!|par\n|\n|upkeep\n|turn|10\n|\n|t:|1699725860\n|move|p2a: Masquerain|Air Slash|p1a: NGAAH!!\n|-damage|p1a: NGAAH!!|21\/100 par\n|cant|p1a: NGAAH!!|flinch\n|\n|upkeep\n|turn|11\n|\n|t:|1699725863\n|move|p2a: Masquerain|Air Slash|p1a: NGAAH!!\n|-damage|p1a: NGAAH!!|0 fnt\n|faint|p1a: NGAAH!!\n|\n|upkeep\n|-message|g3ana forfeited.\n|\n|win|Master Kirbs\n|raw|g3ana's rating: 1119 &rarr; <strong>1100<\/strong><br \/>(-19 for losing)\n|raw|Master Kirbs's rating: 1209 &rarr; <strong>1228<\/strong><br \/>(+19 for winning)\n|l|\u2606g3ana\n","uploadtime":1699725870,"views":4,"p1id":"g3ana","p2id":"masterkirbs","formatid":"gen9nationaldexubers","rating":1100,"private":0,"password":""}