{"id":"gen9nationaldexubers-1982344339","p1":"AlolanSandslashOU","p2":"Steven Stone 007","format":"[Gen 9] National Dex Ubers","log":"|j|\u2606AlolanSandslashOU\n|j|\u2606Steven Stone 007\n|t:|1699001178\n|gametype|singles\n|player|p1|AlolanSandslashOU|volkner|\n|player|p2|Steven Stone 007|steven|\n|teamsize|p1|6\n|teamsize|p2|6\n|gen|9\n|tier|[Gen 9] National Dex Ubers\n|rule|HP Percentage Mod: HP is shown in percentages\n|rule|Endless Battle Clause: Forcing endless battles is banned\n|rule|OHKO Clause: OHKO moves are banned\n|rule|Evasion Moves Clause: Evasion moves are banned\n|rule|Evasion Items Clause: Evasion items are banned\n|rule|Species Clause: Limit one of each Pok\u00e9mon\n|rule|Sleep Clause Mod: Limit one foe put to sleep\n|rule|Mega Rayquaza Clause: You cannot mega evolve Rayquaza\n|clearpoke\n|poke|p1|Sneasler, M|\n|poke|p1|Greninja-*, F|\n|poke|p1|Zapdos|\n|poke|p1|Iron Moth|\n|poke|p1|Kartana|\n|poke|p1|Great Tusk|\n|poke|p2|Landorus-Therian, M|\n|poke|p2|Groudon|\n|poke|p2|Hippowdon, M|\n|poke|p2|Excadrill, F|\n|poke|p2|Great Tusk|\n|poke|p2|Roaring Moon|\n|teampreview\n|c|\u2606Steven Stone 007|GL\n|c|\u2606AlolanSandslashOU|Groudon o.o\n|\n|t:|1699001215\n|start\n|switch|p1a: Kartana|Kartana|100\/100\n|switch|p2a: Landorus|Landorus-Therian, M|100\/100\n|-ability|p2a: Landorus|Intimidate|boost\n|-unboost|p1a: Kartana|atk|1\n|turn|1\n|\n|t:|1699001223\n|switch|p1a: Great Tusk|Great Tusk|100\/100\n|move|p2a: Landorus|Earthquake|p1a: Great Tusk\n|-damage|p1a: Great Tusk|64\/100\n|\n|upkeep\n|turn|2\n|\n|t:|1699001232\n|switch|p2a: Great Tusk|Great Tusk|100\/100\n|move|p1a: Great Tusk|Knock Off|p2a: Great Tusk\n|-resisted|p2a: Great Tusk\n|-damage|p2a: Great Tusk|92\/100\n|-enditem|p2a: Great Tusk|Leftovers|[from] move: Knock Off|[of] p1a: Great Tusk\n|\n|upkeep\n|turn|3\n|\n|t:|1699001237\n|-end|p1a: Great Tusk|Protosynthesis|[silent]\n|switch|p1a: Zapdos|Zapdos|100\/100\n|move|p2a: Great Tusk|Knock Off|p1a: Zapdos\n|-damage|p1a: Zapdos|72\/100\n|-enditem|p1a: Zapdos|Leftovers|[from] move: Knock Off|[of] p2a: Great Tusk\n|\n|upkeep\n|turn|4\n|\n|t:|1699001242\n|move|p1a: Zapdos|Hurricane|p2a: Great Tusk\n|-supereffective|p2a: Great Tusk\n|-damage|p2a: Great Tusk|0 fnt\n|faint|p2a: Great Tusk\n|-end|p2a: Great Tusk|Protosynthesis|[silent]\n|\n|upkeep\n|\n|t:|1699001250\n|switch|p2a: Groudon|Groudon|100\/100\n|-weather|SunnyDay|[from] ability: Drought|[of] p2a: Groudon\n|turn|5\n|\n|t:|1699001256\n|move|p2a: Groudon|Rock Polish|p2a: Groudon\n|-boost|p2a: Groudon|spe|2\n|move|p1a: Zapdos|Hurricane|p2a: Groudon\n|-damage|p2a: Groudon|38\/100\n|-start|p2a: Groudon|confusion\n|\n|-weather|SunnyDay|[upkeep]\n|-heal|p2a: Groudon|44\/100|[from] item: Leftovers\n|upkeep\n|turn|6\n|\n|t:|1699001261\n|-activate|p2a: Groudon|confusion\n|move|p2a: Groudon|Swords Dance|p2a: Groudon\n|-boost|p2a: Groudon|atk|2\n|move|p1a: Zapdos|Hurricane|p2a: Groudon\n|-damage|p2a: Groudon|0 fnt\n|faint|p2a: Groudon\n|\n|-weather|SunnyDay|[upkeep]\n|upkeep\n|c|\u2606Steven Stone 007|WTF\n|\n|t:|1699001268\n|switch|p2a: Roaring Moon|Roaring Moon|100\/100\n|-activate|p2a: Roaring Moon|ability: Protosynthesis\n|-start|p2a: Roaring Moon|protosynthesisspe\n|turn|7\n|\n|t:|1699001274\n|move|p2a: Roaring Moon|Knock Off|p1a: Zapdos\n|-damage|p1a: Zapdos|39\/100\n|move|p1a: Zapdos|Hurricane|p2a: Roaring Moon|[miss]\n|-miss|p1a: Zapdos|p2a: Roaring Moon\n|\n|-weather|SunnyDay|[upkeep]\n|upkeep\n|turn|8\n|\n|t:|1699001277\n|move|p2a: Roaring Moon|Dragon Claw|p1a: Zapdos\n|-damage|p1a: Zapdos|0 fnt\n|-status|p2a: Roaring Moon|par|[from] ability: Static|[of] p1a: Zapdos\n|faint|p1a: Zapdos\n|\n|-weather|SunnyDay|[upkeep]\n|upkeep\n|c|\u2606AlolanSandslashOU|We do not care\n|\n|t:|1699001295\n|switch|p1a: Kartana|Kartana|100\/100\n|turn|9\n|\n|t:|1699001300\n|move|p1a: Kartana|Sacred Sword|p2a: Roaring Moon\n|-supereffective|p2a: Roaring Moon\n|-enditem|p2a: Roaring Moon|Focus Sash\n|-damage|p2a: Roaring Moon|1\/100 par\n|move|p2a: Roaring Moon|Earthquake|p1a: Kartana\n|-damage|p1a: Kartana|61\/100\n|\n|-weather|none\n|-end|p2a: Roaring Moon|Protosynthesis\n|upkeep\n|turn|10\n|\n|t:|1699001304\n|move|p1a: Kartana|Sacred Sword|p2a: Roaring Moon\n|-supereffective|p2a: Roaring Moon\n|-damage|p2a: Roaring Moon|0 fnt\n|faint|p2a: Roaring Moon\n|-end|p2a: Roaring Moon|Protosynthesis|[silent]\n|-ability|p1a: Kartana|Beast Boost|boost\n|-boost|p1a: Kartana|atk|1\n|\n|upkeep\n|\n|t:|1699001306\n|switch|p2a: Landorus|Landorus-Therian, M|100\/100\n|-ability|p2a: Landorus|Intimidate|boost\n|-unboost|p1a: Kartana|atk|1\n|turn|11\n|\n|t:|1699001310\n|switch|p1a: Great Tusk|Great Tusk|64\/100\n|move|p2a: Landorus|Earthquake|p1a: Great Tusk\n|-damage|p1a: Great Tusk|29\/100\n|\n|upkeep\n|turn|12\n|\n|t:|1699001316\n|move|p2a: Landorus|Earthquake|p1a: Great Tusk\n|-damage|p1a: Great Tusk|0 fnt\n|faint|p1a: Great Tusk\n|-end|p1a: Great Tusk|Protosynthesis|[silent]\n|\n|upkeep\n|\n|t:|1699001319\n|switch|p1a: Greninja|Greninja, F|100\/100\n|turn|13\n|\n|t:|1699001323\n|-terastallize|p2a: Landorus|Ground\n|move|p2a: Landorus|Earthquake|p1a: Greninja\n|-damage|p1a: Greninja|0 fnt\n|faint|p1a: Greninja\n|\n|upkeep\n|\n|t:|1699001330\n|switch|p1a: Iron Moth|Iron Moth|100\/100\n|-enditem|p1a: Iron Moth|Booster Energy\n|-activate|p1a: Iron Moth|ability: Quark Drive|[fromitem]\n|-start|p1a: Iron Moth|quarkdrivespe\n|turn|14\n|\n|t:|1699001334\n|-terastallize|p1a: Iron Moth|Grass\n|move|p1a: Iron Moth|Fiery Dance|p2a: Landorus\n|-damage|p2a: Landorus|46\/100\n|move|p2a: Landorus|Earthquake|p1a: Iron Moth\n|-resisted|p1a: Iron Moth\n|-damage|p1a: Iron Moth|46\/100\n|\n|upkeep\n|turn|15\n|\n|t:|1699001341\n|move|p1a: Iron Moth|Fiery Dance|p2a: Landorus\n|-damage|p2a: Landorus|0 fnt\n|faint|p2a: Landorus\n|\n|upkeep\n|\n|t:|1699001343\n|switch|p2a: Hippowdon|Hippowdon, M|100\/100\n|-weather|Sandstorm|[from] ability: Sand Stream|[of] p2a: Hippowdon\n|turn|16\n|\n|t:|1699001346\n|move|p1a: Iron Moth|Fiery Dance|p2a: Hippowdon\n|-damage|p2a: Hippowdon|58\/100\n|-boost|p1a: Iron Moth|spa|1\n|move|p2a: Hippowdon|Whirlwind|p1a: Iron Moth\n|-end|p1a: Iron Moth|Quark Drive|[silent]\n|drag|p1a: Kartana|Kartana|61\/100\n|\n|-weather|Sandstorm|[upkeep]\n|upkeep\n|turn|17\n|\n|t:|1699001351\n|switch|p1a: Iron Moth|Iron Moth, tera:Grass|46\/100\n|move|p2a: Hippowdon|Stealth Rock|p1a: Iron Moth\n|-sidestart|p1: AlolanSandslashOU|move: Stealth Rock\n|\n|-weather|Sandstorm|[upkeep]\n|-damage|p1a: Iron Moth|40\/100|[from] Sandstorm\n|upkeep\n|turn|18\n|\n|t:|1699001356\n|move|p1a: Iron Moth|Fiery Dance|p2a: Hippowdon\n|-damage|p2a: Hippowdon|16\/100\n|-boost|p1a: Iron Moth|spa|1\n|move|p2a: Hippowdon|Whirlwind|p1a: Iron Moth\n|-end|p1a: Iron Moth|Quark Drive|[silent]\n|drag|p1a: Sneasler|Sneasler, M|100\/100\n|-damage|p1a: Sneasler|95\/100|[from] Stealth Rock\n|\n|-weather|Sandstorm|[upkeep]\n|-damage|p1a: Sneasler|89\/100|[from] Sandstorm\n|upkeep\n|turn|19\n|\n|t:|1699001363\n|move|p1a: Sneasler|Night Slash|p2a: Hippowdon\n|-damage|p2a: Hippowdon|0 fnt\n|faint|p2a: Hippowdon\n|\n|-weather|Sandstorm|[upkeep]\n|-damage|p1a: Sneasler|83\/100|[from] Sandstorm\n|upkeep\n|\n|t:|1699001366\n|switch|p2a: Excadrill|Excadrill, F|100\/100\n|turn|20\n|\n|t:|1699001369\n|move|p2a: Excadrill|Swords Dance|p2a: Excadrill\n|-boost|p2a: Excadrill|atk|2\n|move|p1a: Sneasler|Night Slash|p2a: Excadrill\n|-damage|p2a: Excadrill|49\/100\n|\n|-weather|Sandstorm|[upkeep]\n|-damage|p1a: Sneasler|77\/100|[from] Sandstorm\n|upkeep\n|turn|21\n|\n|t:|1699001374\n|move|p2a: Excadrill|Earthquake|p1a: Sneasler\n|-supereffective|p1a: Sneasler\n|-damage|p1a: Sneasler|0 fnt\n|faint|p1a: Sneasler\n|-damage|p2a: Excadrill|39\/100|[from] item: Life Orb\n|\n|-weather|Sandstorm|[upkeep]\n|upkeep\n|\n|t:|1699001376\n|switch|p1a: Iron Moth|Iron Moth, tera:Grass|40\/100\n|-damage|p1a: Iron Moth|27\/100|[from] Stealth Rock\n|turn|22\n|\n|t:|1699001379\n|move|p2a: Excadrill|Iron Head|p1a: Iron Moth\n|-damage|p1a: Iron Moth|0 fnt\n|faint|p1a: Iron Moth\n|-end|p1a: Iron Moth|Quark Drive|[silent]\n|-damage|p2a: Excadrill|29\/100|[from] item: Life Orb\n|\n|-weather|Sandstorm|[upkeep]\n|upkeep\n|\n|t:|1699001380\n|switch|p1a: Kartana|Kartana|61\/100\n|-damage|p1a: Kartana|55\/100|[from] Stealth Rock\n|turn|23\n|\n|t:|1699001383\n|move|p2a: Excadrill|Earthquake|p1a: Kartana\n|-damage|p1a: Kartana|0 fnt\n|faint|p1a: Kartana\n|-damage|p2a: Excadrill|19\/100|[from] item: Life Orb\n|\n|win|Steven Stone 007\n|c|\u2606Steven Stone 007|GG\n|c|\u2606AlolanSandslashOU|Gg\n|c|\u2606AlolanSandslashOU|i was close\n|l|\u2606AlolanSandslashOU\n","uploadtime":1699001526,"views":13,"p1id":"alolansandslashou","p2id":"stevenstone007","formatid":"gen9nationaldexubers","rating":0,"private":0,"password":""}