{"id":"gen9nationaldexubers-1984814771","p1":"aguinaldo124","p2":"PrimalFrost","format":"[Gen 9] National Dex Ubers","log":"|j|\u2606aguinaldo124\n|j|\u2606PrimalFrost\n|t:|1699301272\n|gametype|singles\n|player|p1|aguinaldo124|bruno|1299\n|player|p2|PrimalFrost|benga|1361\n|teamsize|p1|6\n|teamsize|p2|6\n|gen|9\n|tier|[Gen 9] National Dex Ubers\n|rated|\n|rule|HP Percentage Mod: HP is shown in percentages\n|rule|Endless Battle Clause: Forcing endless battles is banned\n|rule|OHKO Clause: OHKO moves are banned\n|rule|Evasion Moves Clause: Evasion moves are banned\n|rule|Evasion Items Clause: Evasion items are banned\n|rule|Species Clause: Limit one of each Pok\u00e9mon\n|rule|Sleep Clause Mod: Limit one foe put to sleep\n|rule|Mega Rayquaza Clause: You cannot mega evolve Rayquaza\n|clearpoke\n|poke|p1|Dragalge, F|\n|poke|p1|Dragapult, M|\n|poke|p1|Baxcalibur, F|\n|poke|p1|Duraludon, F|\n|poke|p1|Garchomp, F|\n|poke|p1|Goodra, F|\n|poke|p2|Regieleki|\n|poke|p2|Regice|\n|poke|p2|Regidrago|\n|poke|p2|Regigigas|\n|poke|p2|Regirock|\n|poke|p2|Registeel|\n|teampreview\n|inactive|Battle timer is ON: inactive players will automatically lose when time's up. (requested by aguinaldo124)\n|\n|t:|1699301280\n|start\n|switch|p1a: Duraludon|Duraludon, F, shiny|100\/100\n|switch|p2a: Regirock|Regirock|100\/100\n|turn|1\n|\n|t:|1699301308\n|move|p1a: Duraludon|Thunder Wave|p2a: Regirock\n|-status|p2a: Regirock|par\n|cant|p2a: Regirock|par\n|\n|upkeep\n|turn|2\n|\n|t:|1699301323\n|move|p1a: Duraludon|Flash Cannon|p2a: Regirock\n|-supereffective|p2a: Regirock\n|-crit|p2a: Regirock\n|-damage|p2a: Regirock|0 fnt\n|faint|p2a: Regirock\n|\n|upkeep\n|\n|t:|1699301331\n|switch|p2a: Registeel|Registeel|100\/100\n|turn|3\n|\n|t:|1699301338\n|move|p1a: Duraludon|Stealth Rock|p2a: Registeel\n|-sidestart|p2: PrimalFrost|move: Stealth Rock\n|move|p2a: Registeel|Iron Defense|p2a: Registeel\n|-boost|p2a: Registeel|def|2\n|\n|upkeep\n|turn|4\n|\n|t:|1699301346\n|move|p1a: Duraludon|Thunder Wave|p2a: Registeel\n|-status|p2a: Registeel|par\n|cant|p2a: Registeel|par\n|\n|upkeep\n|turn|5\n|\n|t:|1699301355\n|switch|p1a: Dragapult|Dragapult, M, shiny|100\/100\n|move|p2a: Registeel|Body Press|p1a: Dragapult\n|-immune|p1a: Dragapult\n|\n|upkeep\n|turn|6\n|\n|t:|1699301364\n|switch|p2a: Regice|Regice|100\/100\n|-damage|p2a: Regice|76\/100|[from] Stealth Rock\n|move|p1a: Dragapult|Substitute|p1a: Dragapult\n|-start|p1a: Dragapult|Substitute\n|-damage|p1a: Dragapult|76\/100\n|\n|-heal|p1a: Dragapult|82\/100|[from] item: Leftovers\n|upkeep\n|turn|7\n|\n|t:|1699301375\n|move|p1a: Dragapult|Dragon Dance|p1a: Dragapult\n|-boost|p1a: Dragapult|atk|1\n|-boost|p1a: Dragapult|spe|1\n|move|p2a: Regice|Ice Beam|p1a: Dragapult\n|-supereffective|p1a: Dragapult\n|-end|p1a: Dragapult|Substitute\n|\n|-heal|p1a: Dragapult|88\/100|[from] item: Leftovers\n|upkeep\n|turn|8\n|\n|t:|1699301386\n|move|p1a: Dragapult|Phantom Force||[still]\n|-prepare|p1a: Dragapult|Phantom Force\n|move|p2a: Regice|Ice Beam|p1a: Dragapult|[miss]\n|-miss|p2a: Regice|p1a: Dragapult\n|\n|-heal|p1a: Dragapult|94\/100|[from] item: Leftovers\n|upkeep\n|turn|9\n|inactive|PrimalFrost has 120 seconds left.\n|\n|t:|1699301420\n|move|p1a: Dragapult|Phantom Force|p2a: Regice|[from]lockedmove\n|-damage|p2a: Regice|8\/100\n|move|p2a: Regice|Ice Beam|p1a: Dragapult\n|-supereffective|p1a: Dragapult\n|-damage|p1a: Dragapult|0 fnt\n|faint|p1a: Dragapult\n|\n|upkeep\n|\n|t:|1699301429\n|switch|p1a: Garchomp|Garchomp, F, shiny|100\/100\n|turn|10\n|\n|t:|1699301433\n|switch|p1a: Baxcalibur|Baxcalibur, F, shiny|100\/100\n|move|p2a: Regice|Ice Beam|p1a: Baxcalibur\n|-crit|p1a: Baxcalibur\n|-damage|p1a: Baxcalibur|28\/100\n|\n|-heal|p1a: Baxcalibur|34\/100|[from] item: Leftovers\n|upkeep\n|turn|11\n|\n|t:|1699301452\n|move|p1a: Baxcalibur|Earthquake|p2a: Regice\n|-damage|p2a: Regice|0 fnt\n|faint|p2a: Regice\n|\n|-heal|p1a: Baxcalibur|40\/100|[from] item: Leftovers\n|upkeep\n|\n|t:|1699301457\n|switch|p2a: Registeel|Registeel|100\/100 par\n|-damage|p2a: Registeel|94\/100 par|[from] Stealth Rock\n|turn|12\n|\n|t:|1699301465\n|-terastallize|p1a: Baxcalibur|Ghost\n|move|p1a: Baxcalibur|Dragon Dance|p1a: Baxcalibur\n|-boost|p1a: Baxcalibur|atk|1\n|-boost|p1a: Baxcalibur|spe|1\n|move|p2a: Registeel|Iron Defense|p2a: Registeel\n|-boost|p2a: Registeel|def|2\n|\n|-heal|p1a: Baxcalibur|46\/100|[from] item: Leftovers\n|-heal|p2a: Registeel|100\/100 par|[from] item: Leftovers\n|upkeep\n|turn|13\n|\n|t:|1699301476\n|switch|p2a: Regieleki|Regieleki|100\/100\n|-damage|p2a: Regieleki|88\/100|[from] Stealth Rock\n|move|p1a: Baxcalibur|Dragon Dance|p1a: Baxcalibur\n|-boost|p1a: Baxcalibur|atk|1\n|-boost|p1a: Baxcalibur|spe|1\n|\n|-heal|p1a: Baxcalibur|52\/100|[from] item: Leftovers\n|upkeep\n|turn|14\n|\n|t:|1699301486\n|-terastallize|p2a: Regieleki|Ice\n|move|p2a: Regieleki|Tera Blast|p1a: Baxcalibur|[anim] Tera Blast Ice\n|-damage|p1a: Baxcalibur|13\/100\n|move|p1a: Baxcalibur|Earthquake|p2a: Regieleki\n|-damage|p2a: Regieleki|0 fnt\n|faint|p2a: Regieleki\n|\n|-heal|p1a: Baxcalibur|19\/100|[from] item: Leftovers\n|upkeep\n|\n|t:|1699301495\n|switch|p2a: Regidrago|Regidrago|100\/100\n|-damage|p2a: Regidrago|88\/100|[from] Stealth Rock\n|turn|15\n|\n|t:|1699301502\n|move|p1a: Baxcalibur|Glaive Rush|p2a: Regidrago\n|-supereffective|p2a: Regidrago\n|-damage|p2a: Regidrago|0 fnt\n|-singlemove|p1a: Baxcalibur|Glaive Rush|[silent]\n|faint|p2a: Regidrago\n|\n|-heal|p1a: Baxcalibur|25\/100|[from] item: Leftovers\n|upkeep\n|\n|t:|1699301507\n|switch|p2a: Regigigas|Regigigas|100\/100\n|-damage|p2a: Regigigas|88\/100|[from] Stealth Rock\n|-start|p2a: Regigigas|ability: Slow Start\n|turn|16\n|\n|t:|1699301520\n|move|p1a: Baxcalibur|Glaive Rush|p2a: Regigigas\n|-damage|p2a: Regigigas|0 fnt\n|-singlemove|p1a: Baxcalibur|Glaive Rush|[silent]\n|faint|p2a: Regigigas\n|-end|p2a: Regigigas|Slow Start|[silent]\n|\n|-heal|p1a: Baxcalibur|31\/100|[from] item: Leftovers\n|upkeep\n|c|\u2606aguinaldo124|Gg\n|-message|PrimalFrost forfeited.\n|\n|win|aguinaldo124\n|raw|aguinaldo124's rating: 1299 &rarr; <strong>1328<\/strong><br \/>(+29 for winning)\n|raw|PrimalFrost's rating: 1361 &rarr; <strong>1337<\/strong><br \/>(-24 for losing)\n|l|\u2606PrimalFrost\n","uploadtime":1699301535,"views":6,"p1id":"aguinaldo124","p2id":"primalfrost","formatid":"gen9nationaldexubers","rating":1328,"private":0,"password":""}