{"id":"gen9nationaldexubers-1983150823","p1":"cancer_asf_ngl","p2":"Just B3A$T","format":"[Gen 9] National Dex Ubers","log":"|j|\u2606cancer_asf_ngl\n|j|\u2606Just B3A$T\n|t:|1699096535\n|gametype|singles\n|player|p1|cancer_asf_ngl|169|\n|player|p2|Just B3A$T|noland|\n|teamsize|p1|6\n|teamsize|p2|6\n|gen|9\n|tier|[Gen 9] National Dex Ubers\n|rule|HP Percentage Mod: HP is shown in percentages\n|rule|Endless Battle Clause: Forcing endless battles is banned\n|rule|OHKO Clause: OHKO moves are banned\n|rule|Evasion Moves Clause: Evasion moves are banned\n|rule|Evasion Items Clause: Evasion items are banned\n|rule|Species Clause: Limit one of each Pok\u00e9mon\n|rule|Sleep Clause Mod: Limit one foe put to sleep\n|rule|Mega Rayquaza Clause: You cannot mega evolve Rayquaza\n|clearpoke\n|poke|p1|Tapu Koko|\n|poke|p1|Iron Leaves|\n|poke|p1|Iron Valiant|\n|poke|p1|Regieleki|\n|poke|p1|Rotom-Heat|\n|poke|p1|Mawile, F|\n|poke|p2|Aegislash, M|\n|poke|p2|Genesect|\n|poke|p2|Diancie|\n|poke|p2|Celesteela|\n|poke|p2|Heatran, M|\n|poke|p2|Ferrothorn, F|\n|teampreview\n|inactive|Battle timer is ON: inactive players will automatically lose when time's up. (requested by cancer_asf_ngl)\n|inactive|Just B3A$T also wants the timer to be on.\n|c|\u2606Just B3A$T|looks like a team of half furries\n|c|\u2606cancer_asf_ngl|glhf\n|c|\u2606Just B3A$T|anyways\n|c|\u2606Just B3A$T|u2\n|c|\u2606cancer_asf_ngl|huh\n|c|\u2606Just B3A$T|Hmm...\n|inactive|cancer_asf_ngl has 270 seconds left.\n|inactive|Just B3A$T has 270 seconds left.\n|c|\u2606Just B3A$T|Taste my steeled fangs of vengeance!\n|c|\u2606cancer_asf_ngl|your team looks like we're in fcking darling in the franxx\n|c|\u2606Just B3A$T|(I do this to like every challenger so)\n|c|\u2606Just B3A$T|uhhh\n|c|\u2606Just B3A$T|sur\n|c|\u2606Just B3A$T|ee\n|inactive|cancer_asf_ngl has 240 seconds left.\n|inactive|Just B3A$T has 240 seconds left.\n|c|\u2606cancer_asf_ngl|we shall begin\n|c|\u2606Just B3A$T|true\n|\n|t:|1699096604\n|start\n|switch|p1a: Tapu Koko|Tapu Koko|100\/100\n|switch|p2a: big ol' smelter|Heatran, M, shiny|100\/100\n|-fieldstart|move: Electric Terrain|[from] ability: Electric Surge|[of] p1a: Tapu Koko\n|-item|p2a: big ol' smelter|Air Balloon\n|turn|1\n|c|\u2606cancer_asf_ngl|i hate eggeesalsh (cant spell it)\n|inactive|cancer_asf_ngl has 270 seconds left.\n|\n|t:|1699096641\n|switch|p1a: Regieleki|Regieleki|100\/100\n|move|p2a: big ol' smelter|Taunt|p1a: Regieleki\n|-start|p1a: Regieleki|move: Taunt\n|\n|upkeep\n|turn|2\n|c|\u2606Just B3A$T|huh\n|\n|t:|1699096649\n|move|p1a: Regieleki|Volt Switch|p2a: big ol' smelter\n|-damage|p2a: big ol' smelter|70\/100\n|-enditem|p2a: big ol' smelter|Air Balloon\n|inactive|cancer_asf_ngl has 270 seconds left.\n|\n|t:|1699096662\n|switch|p1a: Rotom|Rotom-Heat|100\/100|[from] Volt Switch\n|move|p2a: big ol' smelter|Earth Power|p1a: Rotom\n|-immune|p1a: Rotom|[from] ability: Levitate\n|\n|upkeep\n|turn|3\n|inactive|cancer_asf_ngl has 270 seconds left.\n|\n|t:|1699096675\n|move|p1a: Rotom|Rising Voltage|p2a: big ol' smelter\n|-hint|Rising Voltage's BP doubled on grounded target.\n|-damage|p2a: big ol' smelter|34\/100\n|move|p2a: big ol' smelter|Toxic|p1a: Rotom\n|-status|p1a: Rotom|tox\n|\n|-damage|p1a: Rotom|94\/100 tox|[from] psn\n|upkeep\n|turn|4\n|\n|t:|1699096702\n|switch|p2a: free hugs!|Ferrothorn, F|100\/100\n|move|p1a: Rotom|Rising Voltage|p2a: free hugs!\n|-hint|Rising Voltage's BP doubled on grounded target.\n|-resisted|p2a: free hugs!\n|-damage|p2a: free hugs!|73\/100\n|\n|-heal|p2a: free hugs!|79\/100|[from] item: Leftovers\n|-damage|p1a: Rotom|82\/100 tox|[from] psn\n|upkeep\n|turn|5\n|inactive|cancer_asf_ngl has 270 seconds left.\n|\n|t:|1699096719\n|switch|p1a: Regieleki|Regieleki|100\/100\n|switch|p2a: big ol' smelter|Heatran, M, shiny|34\/100\n|\n|-fieldend|move: Electric Terrain\n|upkeep\n|turn|6\n|\n|t:|1699096725\n|move|p1a: Regieleki|Volt Switch|p2a: big ol' smelter\n|-damage|p2a: big ol' smelter|9\/100\n|\n|t:|1699096727\n|switch|p1a: Tapu Koko|Tapu Koko|100\/100|[from] Volt Switch\n|-fieldstart|move: Electric Terrain|[from] ability: Electric Surge|[of] p1a: Tapu Koko\n|move|p2a: big ol' smelter|Lava Plume|p1a: Tapu Koko\n|-damage|p1a: Tapu Koko|55\/100\n|\n|-heal|p1a: Tapu Koko|61\/100|[from] item: Leftovers\n|upkeep\n|turn|7\n|\n|t:|1699096732\n|move|p1a: Tapu Koko|Thunder Punch|p2a: big ol' smelter\n|-damage|p2a: big ol' smelter|0 fnt\n|faint|p2a: big ol' smelter\n|\n|-heal|p1a: Tapu Koko|67\/100|[from] item: Leftovers\n|upkeep\n|\n|t:|1699096739\n|switch|p2a: Aegis|Aegislash, M, shiny|100\/100\n|turn|8\n|\n|t:|1699096743\n|move|p1a: Tapu Koko|U-turn|p2a: Aegis\n|-resisted|p2a: Aegis\n|-damage|p2a: Aegis|97\/100\n|\n|t:|1699096763\n|switch|p1a: Mawile|Mawile, F|100\/100|[from] U-turn\n|-ability|p1a: Mawile|Intimidate|boost\n|-unboost|p2a: Aegis|atk|1\n|-formechange|p2a: Aegis|Aegislash-Blade||[from] ability: Stance Change\n|move|p2a: Aegis|Shadow Ball|p1a: Mawile\n|-damage|p1a: Mawile|18\/100\n|\n|upkeep\n|turn|9\n|\n|t:|1699096770\n|detailschange|p1a: Mawile|Mawile-Mega, F\n|-mega|p1a: Mawile|Mawile|Mawilite\n|-formechange|p2a: Aegis|Aegislash||[from] ability: Stance Change\n|move|p2a: Aegis|King's Shield|p2a: Aegis\n|-singleturn|p2a: Aegis|Protect\n|move|p1a: Mawile|Swords Dance|p1a: Mawile\n|-boost|p1a: Mawile|atk|2\n|\n|upkeep\n|turn|10\n|\n|t:|1699096774\n|switch|p2a: free hugs!|Ferrothorn, F|79\/100\n|move|p1a: Mawile|Sucker Punch||[still]\n|-fail|p1a: Mawile\n|\n|-heal|p2a: free hugs!|85\/100|[from] item: Leftovers\n|-fieldend|move: Electric Terrain\n|upkeep\n|turn|11\n|\n|t:|1699096787\n|move|p1a: Mawile|Iron Head|p2a: free hugs!\n|-resisted|p2a: free hugs!\n|-damage|p2a: free hugs!|37\/100\n|-damage|p1a: Mawile|6\/100|[from] ability: Iron Barbs|[of] p2a: free hugs!\n|move|p2a: free hugs!|Leech Seed|p1a: Mawile\n|-start|p1a: Mawile|move: Leech Seed\n|\n|-heal|p2a: free hugs!|43\/100|[from] item: Leftovers\n|-damage|p1a: Mawile|0 fnt|[from] Leech Seed|[of] p2a: free hugs!\n|-heal|p2a: free hugs!|48\/100|[silent]\n|faint|p1a: Mawile\n|upkeep\n|c|\u2606Just B3A$T|brazy\n|\n|t:|1699096802\n|switch|p1a: Rotom|Rotom-Heat|82\/100 tox\n|turn|12\n|\n|t:|1699096816\n|move|p1a: Rotom|Thunder Wave|p2a: free hugs!\n|-status|p2a: free hugs!|par\n|cant|p2a: free hugs!|par\n|\n|-heal|p2a: free hugs!|54\/100 par|[from] item: Leftovers\n|-damage|p1a: Rotom|76\/100 tox|[from] psn\n|upkeep\n|turn|13\n|\n|t:|1699096820\n|switch|p1a: Tapu Koko|Tapu Koko|67\/100\n|-fieldstart|move: Electric Terrain|[from] ability: Electric Surge|[of] p1a: Tapu Koko\n|move|p2a: free hugs!|Stealth Rock|p1a: Tapu Koko\n|-sidestart|p1: cancer_asf_ngl|move: Stealth Rock\n|\n|-heal|p1a: Tapu Koko|73\/100|[from] item: Leftovers\n|-heal|p2a: free hugs!|60\/100 par|[from] item: Leftovers\n|upkeep\n|turn|14\n|\n|t:|1699096824\n|move|p1a: Tapu Koko|Defog|p2a: free hugs!\n|-unboost|p2a: free hugs!|evasion|1\n|-sideend|p1: cancer_asf_ngl|Stealth Rock|[from] move: Defog|[of] p1a: Tapu Koko\n|-fieldend|move: Electric Terrain\n|move|p2a: free hugs!|Power Whip|p1a: Tapu Koko\n|-damage|p1a: Tapu Koko|25\/100\n|\n|-heal|p1a: Tapu Koko|31\/100|[from] item: Leftovers\n|-heal|p2a: free hugs!|66\/100 par|[from] item: Leftovers\n|upkeep\n|turn|15\n|\n|t:|1699096828\n|move|p1a: Tapu Koko|U-turn|p2a: free hugs!\n|-damage|p2a: free hugs!|56\/100 par\n|-damage|p1a: Tapu Koko|18\/100|[from] ability: Iron Barbs|[of] p2a: free hugs!\n|\n|t:|1699096834\n|switch|p1a: Iron Leaves|Iron Leaves|100\/100|[from] U-turn\n|move|p2a: free hugs!|Stealth Rock|p1a: Iron Leaves\n|-sidestart|p1: cancer_asf_ngl|move: Stealth Rock\n|\n|-heal|p2a: free hugs!|62\/100 par|[from] item: Leftovers\n|upkeep\n|turn|16\n|c|\u2606cancer_asf_ngl|wait defog removes terrain ???\n|c|\u2606cancer_asf_ngl|wth\n|\n|t:|1699096854\n|-terastallize|p1a: Iron Leaves|Fighting\n|move|p1a: Iron Leaves|Close Combat|p2a: free hugs!\n|-supereffective|p2a: free hugs!\n|-crit|p2a: free hugs!\n|-damage|p2a: free hugs!|0 fnt\n|-unboost|p1a: Iron Leaves|def|1\n|-unboost|p1a: Iron Leaves|spd|1\n|-damage|p1a: Iron Leaves|88\/100|[from] ability: Iron Barbs|[of] p2a: free hugs!\n|faint|p2a: free hugs!\n|\n|upkeep\n|c|\u2606Just B3A$T|yes\n|\n|t:|1699096871\n|switch|p2a: Spaceship!!!|Celesteela, shiny|100\/100\n|turn|17\n|\n|t:|1699096878\n|-end|p1a: Iron Leaves|Quark Drive|[silent]\n|switch|p1a: Tapu Koko|Tapu Koko|18\/100\n|-damage|p1a: Tapu Koko|6\/100|[from] Stealth Rock\n|-fieldstart|move: Electric Terrain|[from] ability: Electric Surge|[of] p1a: Tapu Koko\n|move|p2a: Spaceship!!!|Autotomize|p2a: Spaceship!!!\n|-boost|p2a: Spaceship!!!|spe|2\n|-start|p2a: Spaceship!!!|Autotomize\n|\n|-heal|p1a: Tapu Koko|12\/100|[from] item: Leftovers\n|upkeep\n|turn|18\n|\n|t:|1699096884\n|move|p2a: Spaceship!!!|Meteor Beam||[still]\n|-prepare|p2a: Spaceship!!!|Meteor Beam\n|-boost|p2a: Spaceship!!!|spa|1\n|-enditem|p2a: Spaceship!!!|Power Herb\n|-anim|p2a: Spaceship!!!|Meteor Beam|p1a: Tapu Koko\n|-damage|p1a: Tapu Koko|0 fnt\n|faint|p1a: Tapu Koko\n|-ability|p2a: Spaceship!!!|Beast Boost|boost\n|-boost|p2a: Spaceship!!!|spa|1\n|\n|upkeep\n|\n|t:|1699096896\n|switch|p1a: Regieleki|Regieleki|100\/100\n|-damage|p1a: Regieleki|88\/100|[from] Stealth Rock\n|turn|19\n|\n|t:|1699096901\n|move|p1a: Regieleki|Rising Voltage|p2a: Spaceship!!!\n|-supereffective|p2a: Spaceship!!!\n|-damage|p2a: Spaceship!!!|0 fnt\n|faint|p2a: Spaceship!!!\n|\n|upkeep\n|c|\u2606cancer_asf_ngl|wow\n|\n|t:|1699096909\n|switch|p2a: Stone Ocean|Diancie, shiny|100\/100\n|turn|20\n|\n|t:|1699096917\n|detailschange|p2a: Stone Ocean|Diancie-Mega, shiny\n|-mega|p2a: Stone Ocean|Diancie|Diancite\n|move|p1a: Regieleki|Rising Voltage|p2a: Stone Ocean\n|-hint|Rising Voltage's BP doubled on grounded target.\n|-damage|p2a: Stone Ocean|0 fnt\n|faint|p2a: Stone Ocean\n|\n|upkeep\n|c|\u2606cancer_asf_ngl|omfg\n|c|\u2606Just B3A$T|should not have Megad\n|\n|t:|1699096928\n|switch|p2a: Aegis|Aegislash, M, shiny|97\/100\n|turn|21\n|c|\u2606cancer_asf_ngl|specs regieleki be going real hard\n|c|\u2606Just B3A$T|specs\n|\n|t:|1699096945\n|switch|p1a: Rotom|Rotom-Heat|76\/100 tox\n|-damage|p1a: Rotom|51\/100 tox|[from] Stealth Rock\n|move|p2a: Aegis|King's Shield||[still]\n|-fail|p2a: Aegis\n|\n|-damage|p1a: Rotom|44\/100 tox|[from] psn\n|-fieldend|move: Electric Terrain\n|upkeep\n|turn|22\n|c|\u2606Just B3A$T|huh\n|c|\u2606Just B3A$T|That's why\n|\n|t:|1699096950\n|move|p1a: Rotom|Overheat|p2a: Aegis|[miss]\n|-miss|p1a: Rotom|p2a: Aegis\n|-formechange|p2a: Aegis|Aegislash-Blade||[from] ability: Stance Change\n|move|p2a: Aegis|Shadow Ball|p1a: Rotom\n|-damage|p1a: Rotom|0 fnt\n|faint|p1a: Rotom\n|\n|upkeep\n|c|\u2606cancer_asf_ngl|jk its AV\n|c|\u2606Just B3A$T|hehe\n|c|\u2606cancer_asf_ngl|NOOOOO\n|c|\u2606cancer_asf_ngl|the match was won\n|c|\u2606Just B3A$T|that probably cost you the game\n|c|\u2606Just B3A$T|although it didn't\n|inactive|cancer_asf_ngl has 270 seconds left.\n|c|\u2606Just B3A$T|you underestimate the power of Genesect\n|c|\u2606cancer_asf_ngl|yep but i could have just killed with volt switch\n|inactive|cancer_asf_ngl has 240 seconds left.\n|c|\u2606cancer_asf_ngl|gotta go for the hax\n|\n|t:|1699097018\n|switch|p1a: Regieleki|Regieleki|88\/100\n|-damage|p1a: Regieleki|76\/100|[from] Stealth Rock\n|turn|23\n|c|\u2606Just B3A$T|welp\n|\n|t:|1699097022\n|-formechange|p2a: Aegis|Aegislash||[from] ability: Stance Change\n|move|p2a: Aegis|King's Shield|p2a: Aegis\n|-singleturn|p2a: Aegis|Protect\n|move|p1a: Regieleki|Ancient Power|p2a: Aegis\n|-activate|p2a: Aegis|move: Protect\n|\n|upkeep\n|turn|24\n|\n|t:|1699097026\n|move|p1a: Regieleki|Ancient Power|p2a: Aegis\n|-resisted|p2a: Aegis\n|-damage|p2a: Aegis|90\/100\n|-formechange|p2a: Aegis|Aegislash-Blade||[from] ability: Stance Change\n|move|p2a: Aegis|Shadow Ball|p1a: Regieleki\n|-damage|p1a: Regieleki|19\/100\n|\n|upkeep\n|turn|25\n|\n|t:|1699097028\n|move|p2a: Aegis|Shadow Sneak|p1a: Regieleki\n|-damage|p1a: Regieleki|0 fnt\n|faint|p1a: Regieleki\n|\n|upkeep\n|\n|t:|1699097041\n|switch|p1a: Iron Valiant|Iron Valiant|100\/100\n|-damage|p1a: Iron Valiant|94\/100|[from] Stealth Rock\n|turn|26\n|\n|t:|1699097049\n|move|p1a: Iron Valiant|Thunderbolt|p2a: Aegis\n|-damage|p2a: Aegis|27\/100\n|move|p2a: Aegis|Flash Cannon|p1a: Iron Valiant\n|-supereffective|p1a: Iron Valiant\n|-damage|p1a: Iron Valiant|0 fnt\n|faint|p1a: Iron Valiant\n|-end|p1a: Iron Valiant|Quark Drive|[silent]\n|\n|upkeep\n|\n|t:|1699097052\n|switch|p1a: Iron Leaves|Iron Leaves, tera:Fighting|88\/100\n|-damage|p1a: Iron Leaves|82\/100|[from] Stealth Rock\n|turn|27\n|\n|t:|1699097059\n|-formechange|p2a: Aegis|Aegislash||[from] ability: Stance Change\n|move|p2a: Aegis|King's Shield|p2a: Aegis\n|-singleturn|p2a: Aegis|Protect\n|move|p1a: Iron Leaves|Megahorn|p2a: Aegis\n|-activate|p2a: Aegis|move: Protect\n|-unboost|p1a: Iron Leaves|atk|1\n|\n|upkeep\n|turn|28\n|\n|t:|1699097062\n|move|p1a: Iron Leaves|Megahorn|p2a: Aegis|[miss]\n|-miss|p1a: Iron Leaves|p2a: Aegis\n|-formechange|p2a: Aegis|Aegislash-Blade||[from] ability: Stance Change\n|move|p2a: Aegis|Shadow Ball|p1a: Iron Leaves\n|-crit|p1a: Iron Leaves\n|-damage|p1a: Iron Leaves|17\/100\n|\n|upkeep\n|turn|29\n|c|\u2606Just B3A$T|ok sorryt\n|c|\u2606cancer_asf_ngl|bruh\n|c|\u2606Just B3A$T|*sorry\n|c|\u2606Just B3A$T|that one's on me\n|\n|t:|1699097075\n|move|p2a: Aegis|Shadow Sneak|p1a: Iron Leaves\n|-damage|p1a: Iron Leaves|0 fnt\n|faint|p1a: Iron Leaves\n|-end|p1a: Iron Leaves|Quark Drive|[silent]\n|\n|win|Just B3A$T\n|c|\u2606cancer_asf_ngl|cant even hit tha one\n|c|\u2606Just B3A$T|well\n|c|\u2606Just B3A$T|gg\n|c|\u2606cancer_asf_ngl|bro\n|c|\u2606Just B3A$T|gl next time\n|c|\u2606cancer_asf_ngl|missing overheat sucks\n","uploadtime":1699097106,"views":10,"p1id":"cancerasfngl","p2id":"justb3at","formatid":"gen9nationaldexubers","rating":0,"private":0,"password":""}