{"id":"gen9nationaldexubers-1989913669","p1":"Xh9h9dhod","p2":"Masteruril","format":"[Gen 9] National Dex Ubers","log":"|j|\u2606Xh9h9dhod\n|j|\u2606Masteruril\n|t:|1699906252\n|gametype|singles\n|player|p1|Xh9h9dhod|266|1000\n|player|p2|Masteruril|giovanni|1012\n|teamsize|p1|6\n|teamsize|p2|6\n|gen|9\n|tier|[Gen 9] National Dex Ubers\n|rated|\n|rule|HP Percentage Mod: HP is shown in percentages\n|rule|Endless Battle Clause: Forcing endless battles is banned\n|rule|OHKO Clause: OHKO moves are banned\n|rule|Evasion Moves Clause: Evasion moves are banned\n|rule|Evasion Items Clause: Evasion items are banned\n|rule|Species Clause: Limit one of each Pok\u00e9mon\n|rule|Sleep Clause Mod: Limit one foe put to sleep\n|rule|Mega Rayquaza Clause: You cannot mega evolve Rayquaza\n|clearpoke\n|poke|p1|Annihilape, M|\n|poke|p1|Infernape, M|\n|poke|p1|Urshifu-*, F|\n|poke|p1|Blaziken, F|\n|poke|p1|Emboar, F|\n|poke|p1|Marshadow|\n|poke|p2|Shuckle, M|\n|poke|p2|Ditto|\n|poke|p2|Blastoise, F|\n|poke|p2|Pelipper, F|\n|poke|p2|Arceus-Water|\n|poke|p2|Dracovish|\n|teampreview\n|inactive|Battle timer is ON: inactive players will automatically lose when time's up. (requested by Xh9h9dhod)\n|inactive|Xh9h9dhod has 120 seconds left.\n|\n|t:|1699906293\n|start\n|switch|p1a: Infernape|Infernape, M|100\/100\n|switch|p2a: Shuckle|Shuckle, M, shiny|100\/100\n|turn|1\n|\n|t:|1699906303\n|move|p1a: Infernape|Switcheroo|p2a: Shuckle\n|-activate|p1a: Infernape|move: Trick|[of] p2a: Shuckle\n|-item|p2a: Shuckle|Choice Scarf|[from] move: Switcheroo\n|-item|p1a: Infernape|Chesto Berry|[from] move: Switcheroo\n|move|p2a: Shuckle|Power Split|p1a: Infernape\n|-activate|p2a: Shuckle|move: Power Split|[of] p1a: Infernape\n|\n|upkeep\n|turn|2\n|\n|t:|1699906314\n|switch|p2a: Dracovish|Dracovish|100\/100\n|move|p1a: Infernape|U-turn|p2a: Dracovish\n|-damage|p2a: Dracovish|89\/100\n|\n|t:|1699906324\n|switch|p1a: Blaziken|Blaziken, F|100\/100|[from] U-turn\n|\n|upkeep\n|turn|3\n|\n|t:|1699906333\n|detailschange|p1a: Blaziken|Blaziken-Mega, F\n|-mega|p1a: Blaziken|Blaziken|Blazikenite\n|move|p1a: Blaziken|Protect|p1a: Blaziken\n|-singleturn|p1a: Blaziken|Protect\n|move|p2a: Dracovish|Fishious Rend|p1a: Blaziken\n|-activate|p1a: Blaziken|move: Protect\n|\n|-ability|p1a: Blaziken|Speed Boost|boost\n|-boost|p1a: Blaziken|spe|1\n|upkeep\n|turn|4\n|\n|t:|1699906343\n|move|p1a: Blaziken|Close Combat|p2a: Dracovish\n|-damage|p2a: Dracovish|14\/100\n|-unboost|p1a: Blaziken|def|1\n|-unboost|p1a: Blaziken|spd|1\n|move|p2a: Dracovish|Fishious Rend|p1a: Blaziken\n|-supereffective|p1a: Blaziken\n|-damage|p1a: Blaziken|0 fnt\n|faint|p1a: Blaziken\n|\n|upkeep\n|\n|t:|1699906346\n|switch|p1a: Marshadow|Marshadow|100\/100\n|turn|5\n|\n|t:|1699906358\n|move|p1a: Marshadow|Shadow Sneak|p2a: Dracovish\n|-damage|p2a: Dracovish|0 fnt\n|faint|p2a: Dracovish\n|\n|upkeep\n|\n|t:|1699906365\n|switch|p2a: Ditto|Ditto, shiny|100\/100\n|-transform|p2a: Ditto|p1a: Marshadow|[from] ability: Imposter\n|turn|6\n|\n|t:|1699906377\n|switch|p1a: Urshifu|Urshifu, F|100\/100\n|-terastallize|p2a: Ditto|Normal\n|move|p2a: Ditto|Spectral Thief|p1a: Urshifu\n|-resisted|p1a: Urshifu\n|-damage|p1a: Urshifu|76\/100\n|\n|upkeep\n|turn|7\n|\n|t:|1699906397\n|-terastallize|p1a: Urshifu|Dark\n|move|p2a: Ditto|Close Combat|p1a: Urshifu\n|-supereffective|p1a: Urshifu\n|-damage|p1a: Urshifu|0 fnt\n|-unboost|p2a: Ditto|def|1\n|-unboost|p2a: Ditto|spd|1\n|faint|p1a: Urshifu\n|\n|upkeep\n|\n|t:|1699906405\n|switch|p1a: Annihilape|Annihilape, M|100\/100\n|turn|8\n|\n|t:|1699906410\n|move|p2a: Ditto|Spectral Thief|p1a: Annihilape\n|-supereffective|p1a: Annihilape\n|-damage|p1a: Annihilape|12\/100\n|move|p1a: Annihilape|Drain Punch|p2a: Ditto\n|-supereffective|p2a: Ditto\n|-damage|p2a: Ditto|0 fnt\n|-heal|p1a: Annihilape|48\/100|[from] drain|[of] p2a: Ditto\n|faint|p2a: Ditto\n|\n|upkeep\n|\n|t:|1699906429\n|switch|p2a: Pelipper|Pelipper, F, shiny|100\/100\n|-weather|RainDance|[from] ability: Drizzle|[of] p2a: Pelipper\n|turn|9\n|\n|t:|1699906441\n|move|p2a: Pelipper|Hurricane|p1a: Annihilape\n|-supereffective|p1a: Annihilape\n|-damage|p1a: Annihilape|0 fnt\n|faint|p1a: Annihilape\n|\n|-weather|RainDance|[upkeep]\n|upkeep\n|inactive|Xh9h9dhod has 120 seconds left.\n|\n|t:|1699906489\n|switch|p1a: Emboar|Emboar, F|100\/100\n|turn|10\n|\n|t:|1699906494\n|move|p1a: Emboar|Sucker Punch|p2a: Pelipper\n|-damage|p2a: Pelipper|66\/100\n|move|p2a: Pelipper|Hurricane|p1a: Emboar\n|-supereffective|p1a: Emboar\n|-damage|p1a: Emboar|1\/100\n|-start|p1a: Emboar|confusion\n|\n|-weather|RainDance|[upkeep]\n|upkeep\n|turn|11\n|\n|t:|1699906505\n|switch|p2a: Blastoise|Blastoise, F, shiny|100\/100\n|-activate|p1a: Emboar|confusion\n|move|p1a: Emboar|Sucker Punch||[still]\n|-fail|p1a: Emboar\n|\n|-weather|RainDance|[upkeep]\n|upkeep\n|turn|12\n|\n|t:|1699906515\n|move|p2a: Blastoise|Shell Smash|p2a: Blastoise\n|-unboost|p2a: Blastoise|def|1\n|-unboost|p2a: Blastoise|spd|1\n|-boost|p2a: Blastoise|atk|2\n|-boost|p2a: Blastoise|spa|2\n|-boost|p2a: Blastoise|spe|2\n|-enditem|p2a: Blastoise|White Herb\n|-clearnegativeboost|p2a: Blastoise|[silent]\n|-activate|p1a: Emboar|confusion\n|move|p1a: Emboar|Yawn|p2a: Blastoise\n|-start|p2a: Blastoise|move: Yawn|[of] p1a: Emboar\n|\n|-weather|RainDance|[upkeep]\n|upkeep\n|turn|13\n|\n|t:|1699906529\n|-activate|p1a: Emboar|confusion\n|move|p1a: Emboar|Sucker Punch|p2a: Blastoise\n|-damage|p2a: Blastoise|72\/100\n|move|p2a: Blastoise|Rapid Spin|p1a: Emboar\n|-damage|p1a: Emboar|0 fnt\n|-boost|p2a: Blastoise|spe|1\n|faint|p1a: Emboar\n|\n|-weather|none\n|-end|p2a: Blastoise|move: Yawn|[silent]\n|-status|p2a: Blastoise|slp\n|upkeep\n|\n|t:|1699906533\n|switch|p1a: Marshadow|Marshadow|100\/100\n|turn|14\n|\n|t:|1699906548\n|switch|p2a: Shuckle|Shuckle, M, shiny|100\/100\n|move|p1a: Marshadow|Spectral Thief|p2a: Shuckle\n|-damage|p2a: Shuckle|68\/100\n|\n|upkeep\n|turn|15\n|\n|t:|1699906558\n|switch|p1a: Infernape|Infernape, M|100\/100\n|move|p2a: Shuckle|Stone Edge|p1a: Infernape|[miss]\n|-miss|p2a: Shuckle|p1a: Infernape\n|\n|upkeep\n|turn|16\n|\n|t:|1699906573\n|move|p1a: Infernape|Flare Blitz|p2a: Shuckle\n|-damage|p2a: Shuckle|31\/100\n|-damage|p1a: Infernape|90\/100|[from] Recoil\n|move|p2a: Shuckle|Stone Edge|p1a: Infernape\n|-damage|p1a: Infernape|77\/100\n|\n|upkeep\n|turn|17\n|\n|t:|1699906581\n|move|p1a: Infernape|Flare Blitz|p2a: Shuckle\n|-crit|p2a: Shuckle\n|-damage|p2a: Shuckle|0 fnt\n|faint|p2a: Shuckle\n|-damage|p1a: Infernape|68\/100|[from] Recoil\n|\n|upkeep\n|\n|t:|1699906592\n|switch|p2a: Pelipper|Pelipper, F, shiny|66\/100\n|-weather|RainDance|[from] ability: Drizzle|[of] p2a: Pelipper\n|turn|18\n|\n|t:|1699906598\n|move|p2a: Pelipper|U-turn|p1a: Infernape\n|-resisted|p1a: Infernape\n|-damage|p1a: Infernape|65\/100\n|\n|t:|1699906602\n|switch|p2a: Arceus|Arceus-Water, shiny|100\/100|[from] U-turn\n|move|p1a: Infernape|Close Combat|p2a: Arceus\n|-damage|p2a: Arceus|66\/100\n|-unboost|p1a: Infernape|def|1\n|-unboost|p1a: Infernape|spd|1\n|\n|-weather|RainDance|[upkeep]\n|upkeep\n|turn|19\n|\n|t:|1699906613\n|move|p1a: Infernape|Close Combat|p2a: Arceus\n|-crit|p2a: Arceus\n|-damage|p2a: Arceus|9\/100\n|-unboost|p1a: Infernape|def|1\n|-unboost|p1a: Infernape|spd|1\n|move|p2a: Arceus|Judgment|p1a: Infernape\n|-supereffective|p1a: Infernape\n|-damage|p1a: Infernape|0 fnt\n|faint|p1a: Infernape\n|\n|-weather|RainDance|[upkeep]\n|upkeep\n|\n|t:|1699906616\n|switch|p1a: Marshadow|Marshadow|100\/100\n|turn|20\n|\n|t:|1699906628\n|move|p1a: Marshadow|Spectral Thief|p2a: Arceus\n|-damage|p2a: Arceus|0 fnt\n|faint|p2a: Arceus\n|\n|-weather|RainDance|[upkeep]\n|upkeep\n|\n|t:|1699906638\n|switch|p2a: Pelipper|Pelipper, F, shiny|66\/100\n|turn|21\n|\n|t:|1699906650\n|-zpower|p1a: Marshadow\n|move|p1a: Marshadow|Soul-Stealing 7-Star Strike|p2a: Pelipper|[zeffect]\n|-damage|p2a: Pelipper|0 fnt\n|faint|p2a: Pelipper\n|\n|-weather|RainDance|[upkeep]\n|upkeep\n|-message|Masteruril forfeited.\n|\n|win|Xh9h9dhod\n|raw|Xh9h9dhod's rating: 1000 &rarr; <strong>1041<\/strong><br \/>(+41 for winning)\n|raw|Masteruril's rating: 1012 &rarr; <strong>1000<\/strong><br \/>(-12 for losing)\n|l|\u2606Masteruril\n","uploadtime":1699906674,"views":8,"p1id":"xh9h9dhod","p2id":"masteruril","formatid":"gen9nationaldexubers","rating":1000,"private":0,"password":""}