{"id":"gen9nationaldexubers-2000529327","p1":"Th3Soci3ty","p2":"Pocketpeet","format":"[Gen 9] National Dex Ubers","log":"|j|\u2606Th3Soci3ty\n|j|\u2606Pocketpeet\n|t:|1701202567\n|gametype|singles\n|player|p1|Th3Soci3ty|veteranf|1171\n|player|p2|Pocketpeet|102|1148\n|teamsize|p1|6\n|teamsize|p2|6\n|gen|9\n|tier|[Gen 9] National Dex Ubers\n|rated|\n|rule|HP Percentage Mod: HP is shown in percentages\n|rule|Endless Battle Clause: Forcing endless battles is banned\n|rule|OHKO Clause: OHKO moves are banned\n|rule|Evasion Moves Clause: Evasion moves are banned\n|rule|Evasion Items Clause: Evasion items are banned\n|rule|Species Clause: Limit one of each Pok\u00e9mon\n|rule|Sleep Clause Mod: Limit one foe put to sleep\n|rule|Mega Rayquaza Clause: You cannot mega evolve Rayquaza\n|clearpoke\n|poke|p1|Glimmora, M|\n|poke|p1|Sneasler, F|\n|poke|p1|Dusclops, F|\n|poke|p1|Garganacl, M|\n|poke|p1|Noivern, M|\n|poke|p1|Mamoswine, M|\n|poke|p2|Shuckle, M|\n|poke|p2|Dracovish|\n|poke|p2|Ribombee, F|\n|poke|p2|Pineco, L1, M|\n|poke|p2|Cottonee, L1, F|\n|poke|p2|Aron, L1, M|\n|teampreview\n|inactive|Battle timer is ON: inactive players will automatically lose when time's up. (requested by Pocketpeet)\n|\n|t:|1701202576\n|start\n|switch|p1a: Glimmora|Glimmora, M|100\/100\n|switch|p2a: Shuckle|Shuckle, M|100\/100\n|turn|1\n|\n|t:|1701202579\n|move|p1a: Glimmora|Stealth Rock|p2a: Shuckle\n|-sidestart|p2: Pocketpeet|move: Stealth Rock\n|move|p2a: Shuckle|Infestation|p1a: Glimmora\n|-resisted|p1a: Glimmora\n|-damage|p1a: Glimmora|99\/100\n|-activate|p1a: Glimmora|move: Infestation|[of] p2a: Shuckle\n|\n|-damage|p1a: Glimmora|87\/100|[from] move: Infestation|[partiallytrapped]\n|upkeep\n|turn|2\n|\n|t:|1701202584\n|move|p1a: Glimmora|Mortal Spin|p2a: Shuckle\n|-resisted|p2a: Shuckle\n|-damage|p2a: Shuckle|98\/100\n|-status|p2a: Shuckle|psn\n|-end|p1a: Glimmora|Infestation|[partiallytrapped]\n|move|p2a: Shuckle|Sticky Web|p1a: Glimmora\n|-sidestart|p1: Th3Soci3ty|move: Sticky Web\n|\n|-heal|p2a: Shuckle|100\/100 psn|[from] item: Leftovers\n|-damage|p2a: Shuckle|88\/100 psn|[from] psn\n|upkeep\n|turn|3\n|\n|t:|1701202591\n|move|p1a: Glimmora|Mortal Spin|p2a: Shuckle\n|-resisted|p2a: Shuckle\n|-damage|p2a: Shuckle|86\/100 psn\n|-sideend|p1: Th3Soci3ty|Sticky Web|[from] move: Mortal Spin|[of] p1a: Glimmora\n|move|p2a: Shuckle|Infestation|p1a: Glimmora\n|-resisted|p1a: Glimmora\n|-damage|p1a: Glimmora|86\/100\n|-activate|p1a: Glimmora|move: Infestation|[of] p2a: Shuckle\n|\n|-heal|p2a: Shuckle|92\/100 psn|[from] item: Leftovers\n|-damage|p2a: Shuckle|80\/100 psn|[from] psn\n|-damage|p1a: Glimmora|74\/100|[from] move: Infestation|[partiallytrapped]\n|upkeep\n|turn|4\n|\n|t:|1701202597\n|move|p1a: Glimmora|Mortal Spin|p2a: Shuckle\n|-resisted|p2a: Shuckle\n|-damage|p2a: Shuckle|77\/100 psn\n|-end|p1a: Glimmora|Infestation|[partiallytrapped]\n|move|p2a: Shuckle|Sticky Web|p1a: Glimmora\n|-sidestart|p1: Th3Soci3ty|move: Sticky Web\n|\n|-heal|p2a: Shuckle|84\/100 psn|[from] item: Leftovers\n|-damage|p2a: Shuckle|71\/100 psn|[from] psn\n|upkeep\n|turn|5\n|\n|t:|1701202601\n|move|p1a: Glimmora|Mortal Spin|p2a: Shuckle\n|-resisted|p2a: Shuckle\n|-damage|p2a: Shuckle|69\/100 psn\n|-sideend|p1: Th3Soci3ty|Sticky Web|[from] move: Mortal Spin|[of] p1a: Glimmora\n|move|p2a: Shuckle|Final Gambit|p1a: Glimmora\n|-damage|p1a: Glimmora|19\/100\n|faint|p2a: Shuckle\n|\n|upkeep\n|\n|t:|1701202610\n|switch|p2a: Aron|Aron, L1, M|100\/100\n|-damage|p2a: Aron|92\/100|[from] Stealth Rock\n|turn|6\n|\n|t:|1701202613\n|move|p1a: Glimmora|Earth Power|p2a: Aron\n|-supereffective|p2a: Aron\n|-damage|p2a: Aron|0 fnt\n|faint|p2a: Aron\n|\n|upkeep\n|\n|t:|1701202617\n|switch|p2a: Ribombee|Ribombee, F|100\/100\n|-damage|p2a: Ribombee|76\/100|[from] Stealth Rock\n|turn|7\n|\n|t:|1701202620\n|move|p2a: Ribombee|Tailwind|p2a: Ribombee\n|-sidestart|p2: Pocketpeet|move: Tailwind\n|move|p1a: Glimmora|Mortal Spin|p2a: Ribombee\n|-supereffective|p2a: Ribombee\n|-damage|p2a: Ribombee|55\/100\n|\n|upkeep\n|turn|8\n|\n|t:|1701202626\n|move|p2a: Ribombee|U-turn|p1a: Glimmora\n|-resisted|p1a: Glimmora\n|-damage|p1a: Glimmora|10\/100\n|-activate|p1a: Glimmora|ability: Toxic Debris\n|-sidestart|p2: Pocketpeet|move: Toxic Spikes\n|\n|t:|1701202627\n|switch|p2a: Dracovish|Dracovish|100\/100|[from] U-turn\n|-damage|p2a: Dracovish|88\/100|[from] Stealth Rock\n|-status|p2a: Dracovish|psn\n|move|p1a: Glimmora|Mortal Spin|p2a: Dracovish\n|-damage|p2a: Dracovish|81\/100 psn\n|\n|-damage|p2a: Dracovish|69\/100 psn|[from] psn\n|upkeep\n|turn|9\n|\n|t:|1701202632\n|-terastallize|p2a: Dracovish|Water\n|move|p2a: Dracovish|Fishious Rend|p1a: Glimmora\n|-supereffective|p1a: Glimmora\n|-damage|p1a: Glimmora|0 fnt\n|-activate|p1a: Glimmora|ability: Toxic Debris\n|-sidestart|p2: Pocketpeet|move: Toxic Spikes\n|faint|p1a: Glimmora\n|\n|-damage|p2a: Dracovish|57\/100 psn|[from] psn\n|upkeep\n|\n|t:|1701202637\n|switch|p1a: Sneasler|Sneasler, F|100\/100\n|turn|10\n|\n|t:|1701202640\n|move|p1a: Sneasler|Fake Out|p2a: Dracovish\n|-damage|p2a: Dracovish|43\/100 psn\n|cant|p2a: Dracovish|flinch\n|\n|-damage|p2a: Dracovish|30\/100 psn|[from] psn\n|-sideend|p2: Pocketpeet|move: Tailwind\n|upkeep\n|turn|11\n|-message|Pocketpeet forfeited.\n|\n|win|Th3Soci3ty\n|raw|Th3Soci3ty's rating: 1171 &rarr; <strong>1194<\/strong><br \/>(+23 for winning)\n|raw|Pocketpeet's rating: 1148 &rarr; <strong>1125<\/strong><br \/>(-23 for losing)\n|l|\u2606Pocketpeet\n","uploadtime":1701202649,"views":6,"p1id":"th3soci3ty","p2id":"pocketpeet","formatid":"gen9nationaldexubers","rating":1125,"private":0,"password":""}