{"id":"gen9nationaldexubers-1980316752","p1":"F.A.M.E.246 2nd","p2":"Walter black 0000","format":"[Gen 9] National Dex Ubers","log":"|j|\u2606F.A.M.E.246 2nd\n|j|\u2606Walter black 0000\n|t:|1698774802\n|gametype|singles\n|player|p1|F.A.M.E.246 2nd|brawly|1627\n|player|p2|Walter black 0000|lance-gen2|1891\n|teamsize|p1|6\n|teamsize|p2|6\n|gen|9\n|tier|[Gen 9] National Dex Ubers\n|rated|\n|rule|HP Percentage Mod: HP is shown in percentages\n|rule|Endless Battle Clause: Forcing endless battles is banned\n|rule|OHKO Clause: OHKO moves are banned\n|rule|Evasion Moves Clause: Evasion moves are banned\n|rule|Evasion Items Clause: Evasion items are banned\n|rule|Species Clause: Limit one of each Pok\u00e9mon\n|rule|Sleep Clause Mod: Limit one foe put to sleep\n|rule|Mega Rayquaza Clause: You cannot mega evolve Rayquaza\n|clearpoke\n|poke|p1|Tapu Lele|\n|poke|p1|Deoxys-Attack|\n|poke|p1|Rayquaza|\n|poke|p1|Yveltal|\n|poke|p1|Groudon|\n|poke|p1|Blaziken, F|\n|poke|p2|Mewtwo|\n|poke|p2|Ditto|\n|poke|p2|Arceus-Dark|\n|poke|p2|Deoxys-Attack|\n|poke|p2|Kingambit, F|\n|poke|p2|Dialga-Origin|\n|teampreview\n|inactive|Battle timer is ON: inactive players will automatically lose when time's up. (requested by Walter black 0000)\n|c|\u2606F.A.M.E.246 2nd|Hf\n|\n|t:|1698774814\n|start\n|switch|p1a: Rayquaza|Rayquaza|100\/100\n|switch|p2a: Dialga|Dialga-Origin|100\/100\n|-ability|p1a: Rayquaza|Air Lock\n|-ability|p2a: Dialga|Pressure\n|turn|1\n|\n|t:|1698774821\n|move|p1a: Rayquaza|Stealth Rock|p2a: Dialga\n|-sidestart|p2: Walter black 0000|move: Stealth Rock\n|move|p2a: Dialga|Dragon Pulse|p1a: Rayquaza\n|-supereffective|p1a: Rayquaza\n|-enditem|p1a: Rayquaza|Focus Sash\n|-damage|p1a: Rayquaza|1\/100\n|\n|upkeep\n|turn|2\n|\n|t:|1698774826\n|move|p1a: Rayquaza|Scale Shot|p2a: Dialga\n|-damage|p2a: Dialga|86\/100\n|-damage|p2a: Dialga|72\/100\n|-damage|p2a: Dialga|59\/100\n|-crit|p2a: Dialga\n|-damage|p2a: Dialga|38\/100\n|-damage|p2a: Dialga|24\/100\n|-hitcount|p2a: Dialga|5\n|-unboost|p1a: Rayquaza|def|1\n|-boost|p1a: Rayquaza|spe|1\n|move|p2a: Dialga|Stealth Rock|p1a: Rayquaza\n|-sidestart|p1: F.A.M.E.246 2nd|move: Stealth Rock\n|\n|upkeep\n|turn|3\n|j| usamo 2021\n|c|\u2606F.A.M.E.246 2nd|Oof\n|\n|t:|1698774839\n|move|p1a: Rayquaza|Scale Shot|p2a: Dialga\n|-damage|p2a: Dialga|10\/100\n|-damage|p2a: Dialga|0 fnt\n|faint|p2a: Dialga\n|-hitcount|p2: Dialga|2\n|-unboost|p1a: Rayquaza|def|1\n|-boost|p1a: Rayquaza|spe|1\n|\n|upkeep\n|\n|t:|1698774848\n|switch|p2a: Ditto|Ditto, shiny|100\/100\n|-damage|p2a: Ditto|88\/100|[from] Stealth Rock\n|-transform|p2a: Ditto|p1a: Rayquaza|[from] ability: Imposter\n|turn|4\n|\n|t:|1698774852\n|move|p2a: Ditto|Extreme Speed|p1a: Rayquaza\n|-damage|p1a: Rayquaza|0 fnt\n|faint|p1a: Rayquaza\n|\n|upkeep\n|\n|t:|1698774857\n|switch|p1a: Tapu Lele|Tapu Lele|100\/100\n|-damage|p1a: Tapu Lele|88\/100|[from] Stealth Rock\n|-fieldstart|move: Psychic Terrain|[from] ability: Psychic Surge|[of] p1a: Tapu Lele\n|turn|5\n|\n|t:|1698774868\n|switch|p2a: Arceus|Arceus-Dark|100\/100\n|-damage|p2a: Arceus|88\/100|[from] Stealth Rock\n|move|p1a: Tapu Lele|Moonblast|p2a: Arceus\n|-supereffective|p2a: Arceus\n|-damage|p2a: Arceus|21\/100\n|-unboost|p2a: Arceus|spa|1\n|\n|upkeep\n|turn|6\n|\n|t:|1698774875\n|move|p2a: Arceus|Judgment|p1a: Tapu Lele\n|-damage|p1a: Tapu Lele|52\/100\n|move|p1a: Tapu Lele|Moonblast|p2a: Arceus\n|-supereffective|p2a: Arceus\n|-damage|p2a: Arceus|0 fnt\n|faint|p2a: Arceus\n|\n|upkeep\n|\n|t:|1698774882\n|switch|p2a: Deoxys|Deoxys-Attack, shiny|100\/100\n|-damage|p2a: Deoxys|88\/100|[from] Stealth Rock\n|-ability|p2a: Deoxys|Pressure\n|turn|7\n|\n|t:|1698774888\n|switch|p1a: Groudon|Groudon|100\/100\n|-damage|p1a: Groudon|94\/100|[from] Stealth Rock\n|detailschange|p1a: Groudon|Groudon-Primal\n|-primal|p1a: Groudon|Red Orb\n|-weather|DesolateLand|[from] ability: Desolate Land|[of] p1a: Groudon\n|move|p2a: Deoxys|Shadow Ball|p1a: Groudon\n|-damage|p1a: Groudon|50\/100\n|-damage|p2a: Deoxys|78\/100|[from] item: Life Orb\n|\n|-weather|DesolateLand|[upkeep]\n|upkeep\n|turn|8\n|\n|t:|1698774907\n|move|p2a: Deoxys|Psycho Boost|p1a: Groudon\n|-damage|p1a: Groudon|0 fnt\n|-unboost|p2a: Deoxys|spa|2\n|faint|p1a: Groudon\n|-weather|none\n|-damage|p2a: Deoxys|68\/100|[from] item: Life Orb\n|\n|upkeep\n|\n|t:|1698774909\n|switch|p1a: Blaziken|Blaziken, F|100\/100\n|-damage|p1a: Blaziken|88\/100|[from] Stealth Rock\n|turn|9\n|\n|t:|1698774920\n|switch|p2a: Mewtwo|Mewtwo|100\/100\n|-damage|p2a: Mewtwo|88\/100|[from] Stealth Rock\n|-ability|p2a: Mewtwo|Pressure\n|detailschange|p1a: Blaziken|Blaziken-Mega, F\n|-mega|p1a: Blaziken|Blaziken|Blazikenite\n|move|p1a: Blaziken|Protect||[still]\n|-fail|p1a: Blaziken\n|\n|-ability|p1a: Blaziken|Speed Boost|boost\n|-boost|p1a: Blaziken|spe|1\n|upkeep\n|turn|10\n|\n|t:|1698774926\n|switch|p1a: Yveltal|Yveltal|100\/100\n|-ability|p1a: Yveltal|Dark Aura\n|detailschange|p2a: Mewtwo|Mewtwo-Mega-X\n|-mega|p2a: Mewtwo|Mewtwo|Mewtwonite X\n|move|p2a: Mewtwo|Low Kick|p1a: Yveltal\n|-damage|p1a: Yveltal|37\/100\n|\n|upkeep\n|turn|11\n|\n|t:|1698774940\n|-terastallize|p1a: Yveltal|Fairy\n|move|p2a: Mewtwo|Low Kick|p1a: Yveltal\n|-resisted|p1a: Yveltal\n|-damage|p1a: Yveltal|6\/100\n|move|p1a: Yveltal|Oblivion Wing|p2a: Mewtwo\n|-supereffective|p2a: Mewtwo\n|-damage|p2a: Mewtwo|1\/100\n|-heal|p1a: Yveltal|57\/100|[from] drain|[of] p2a: Mewtwo\n|\n|upkeep\n|turn|12\n|\n|t:|1698774948\n|move|p2a: Mewtwo|Knock Off|p1a: Yveltal\n|-resisted|p1a: Yveltal\n|-crit|p1a: Yveltal\n|-damage|p1a: Yveltal|24\/100\n|-enditem|p1a: Yveltal|Heavy-Duty Boots|[from] move: Knock Off|[of] p2a: Mewtwo\n|move|p1a: Yveltal|U-turn|p2a: Mewtwo\n|-crit|p2a: Mewtwo\n|-damage|p2a: Mewtwo|0 fnt\n|faint|p2a: Mewtwo\n|\n|t:|1698774953\n|switch|p1a: Blaziken|Blaziken-Mega, F|88\/100|[from] U-turn\n|-damage|p1a: Blaziken|76\/100|[from] Stealth Rock\n|\n|-fieldend|move: Psychic Terrain\n|upkeep\n|\n|t:|1698774960\n|switch|p2a: Ditto|Ditto, shiny|88\/100\n|-damage|p2a: Ditto|76\/100|[from] Stealth Rock\n|-transform|p2a: Ditto|p1a: Blaziken|[from] ability: Imposter\n|turn|13\n|\n|t:|1698774963\n|move|p1a: Blaziken|Protect|p1a: Blaziken\n|-singleturn|p1a: Blaziken|Protect\n|move|p2a: Ditto|Low Kick|p1a: Blaziken\n|-activate|p1a: Blaziken|move: Protect\n|\n|-ability|p2a: Ditto|Speed Boost|boost\n|-boost|p2a: Ditto|spe|1\n|-ability|p1a: Blaziken|Speed Boost|boost\n|-boost|p1a: Blaziken|spe|1\n|upkeep\n|turn|14\n|\n|t:|1698774983\n|switch|p1a: Yveltal|Yveltal, tera:Fairy|24\/100\n|-damage|p1a: Yveltal|11\/100|[from] Stealth Rock\n|-ability|p1a: Yveltal|Dark Aura\n|move|p2a: Ditto|Low Kick|p1a: Yveltal\n|-resisted|p1a: Yveltal\n|-damage|p1a: Yveltal|0 fnt\n|faint|p1a: Yveltal\n|\n|-ability|p2a: Ditto|Speed Boost|boost\n|-boost|p2a: Ditto|spe|1\n|upkeep\n|\n|t:|1698774986\n|switch|p1a: Tapu Lele|Tapu Lele|52\/100\n|-damage|p1a: Tapu Lele|39\/100|[from] Stealth Rock\n|-fieldstart|move: Psychic Terrain|[from] ability: Psychic Surge|[of] p1a: Tapu Lele\n|turn|15\n|\n|t:|1698775002\n|switch|p2a: Deoxys|Deoxys-Attack, shiny|68\/100\n|-damage|p2a: Deoxys|56\/100|[from] Stealth Rock\n|-ability|p2a: Deoxys|Pressure\n|switch|p1a: Blaziken|Blaziken-Mega, F|76\/100\n|-damage|p1a: Blaziken|64\/100|[from] Stealth Rock\n|\n|upkeep\n|turn|16\n|\n|t:|1698775010\n|move|p1a: Blaziken|Protect|p1a: Blaziken\n|-singleturn|p1a: Blaziken|Protect\n|move|p2a: Deoxys|Psycho Boost|p1a: Blaziken\n|-activate|p1a: Blaziken|move: Protect\n|\n|-ability|p1a: Blaziken|Speed Boost|boost\n|-boost|p1a: Blaziken|spe|1\n|upkeep\n|turn|17\n|\n|t:|1698775015\n|move|p1a: Blaziken|Low Kick|p2a: Deoxys\n|-resisted|p2a: Deoxys\n|-damage|p2a: Deoxys|0 fnt\n|faint|p2a: Deoxys\n|\n|-ability|p1a: Blaziken|Speed Boost|boost\n|-boost|p1a: Blaziken|spe|1\n|upkeep\n|\n|t:|1698775026\n|switch|p2a: Ditto|Ditto, shiny|76\/100\n|-damage|p2a: Ditto|63\/100|[from] Stealth Rock\n|-transform|p2a: Ditto|p1a: Blaziken|[from] ability: Imposter\n|turn|18\n|\n|t:|1698775033\n|move|p1a: Blaziken|Protect|p1a: Blaziken\n|-singleturn|p1a: Blaziken|Protect\n|move|p2a: Ditto|Low Kick|p1a: Blaziken\n|-activate|p1a: Blaziken|move: Protect\n|\n|-ability|p2a: Ditto|Speed Boost|boost\n|-boost|p2a: Ditto|spe|1\n|-ability|p1a: Blaziken|Speed Boost|boost\n|-boost|p1a: Blaziken|spe|1\n|upkeep\n|turn|19\n|\n|t:|1698775038\n|move|p2a: Ditto|Low Kick|p1a: Blaziken\n|-damage|p1a: Blaziken|0 fnt\n|faint|p1a: Blaziken\n|\n|-ability|p2a: Ditto|Speed Boost|boost\n|-boost|p2a: Ditto|spe|1\n|upkeep\n|\n|t:|1698775041\n|switch|p1a: Tapu Lele|Tapu Lele|39\/100\n|-damage|p1a: Tapu Lele|27\/100|[from] Stealth Rock\n|turn|20\n|\n|t:|1698775047\n|switch|p2a: Kingambit|Kingambit, F|100\/100\n|-damage|p2a: Kingambit|94\/100|[from] Stealth Rock\n|-activate|p2a: Kingambit|ability: Supreme Overlord\n|-start|p2a: Kingambit|fallen4|[silent]\n|move|p1a: Tapu Lele|Moonblast|p2a: Kingambit\n|-damage|p2a: Kingambit|48\/100\n|-unboost|p2a: Kingambit|spa|1\n|\n|upkeep\n|turn|21\n|\n|t:|1698775052\n|move|p1a: Tapu Lele|Moonblast|p2a: Kingambit\n|-damage|p2a: Kingambit|0 fnt\n|faint|p2a: Kingambit\n|-end|p2a: Kingambit|fallen4|[silent]\n|\n|upkeep\n|\n|t:|1698775054\n|switch|p2a: Ditto|Ditto, shiny|63\/100\n|-damage|p2a: Ditto|51\/100|[from] Stealth Rock\n|-transform|p2a: Ditto|p1a: Tapu Lele|[from] ability: Imposter\n|turn|22\n|\n|t:|1698775056\n|move|p2a: Ditto|Moonblast|p1a: Tapu Lele\n|-damage|p1a: Tapu Lele|0 fnt\n|faint|p1a: Tapu Lele\n|\n|-fieldend|move: Psychic Terrain\n|upkeep\n|c|\u2606F.A.M.E.246 2nd|Gg\n|\n|t:|1698775061\n|switch|p1a: Deoxys|Deoxys-Attack|100\/100\n|-damage|p1a: Deoxys|88\/100|[from] Stealth Rock\n|-ability|p1a: Deoxys|Pressure\n|turn|23\n|\n|t:|1698775063\n|-terastallize|p2a: Ditto|Ghost\n|move|p1a: Deoxys|Extreme Speed|p2a: Ditto\n|-immune|p2a: Ditto\n|move|p2a: Ditto|Moonblast|p1a: Deoxys\n|-damage|p1a: Deoxys|0 fnt\n|faint|p1a: Deoxys\n|\n|win|Walter black 0000\n|raw|F.A.M.E.246 2nd's rating: 1627 &rarr; <strong>1620<\/strong><br \/>(-7 for losing)\n|raw|Walter black 0000's rating: 1891 &rarr; <strong>1898<\/strong><br \/>(+7 for winning)\n|c|\u2606Walter black 0000|Gg\n|c| usamo 2021|gg\n|c|\u2606F.A.M.E.246 2nd|Have a good one\n|l|\u2606F.A.M.E.246 2nd\n","uploadtime":1698775084,"views":15,"p1id":"fame2462nd","p2id":"walterblack0000","formatid":"gen9nationaldexubers","rating":1620,"private":0,"password":""}