{"id":"gen9nationaldexubers-1995986460","p1":"ChrisTheTree256","p2":"Sinnoy","format":"[Gen 9] National Dex Ubers","log":"|j|\u2606ChrisTheTree256\n|j|\u2606Sinnoy\n|t:|1700625609\n|gametype|singles\n|player|p1|ChrisTheTree256|alec-anime|\n|player|p2|Sinnoy|hilbert|\n|teamsize|p1|6\n|teamsize|p2|6\n|gen|9\n|tier|[Gen 9] National Dex Ubers\n|rated|Tournament battle\n|rule|HP Percentage Mod: HP is shown in percentages\n|rule|Endless Battle Clause: Forcing endless battles is banned\n|rule|OHKO Clause: OHKO moves are banned\n|rule|Evasion Moves Clause: Evasion moves are banned\n|rule|Evasion Items Clause: Evasion items are banned\n|rule|Species Clause: Limit one of each Pok\u00e9mon\n|rule|Sleep Clause Mod: Limit one foe put to sleep\n|rule|Mega Rayquaza Clause: You cannot mega evolve Rayquaza\n|clearpoke\n|poke|p1|Great Tusk|\n|poke|p1|Marshadow|\n|poke|p1|Mawile, F|\n|poke|p1|Dracovish|\n|poke|p1|Ogerpon-Hearthflame, F|\n|poke|p1|Deoxys-Speed|\n|poke|p2|Rillaboom, F|\n|poke|p2|Lilligant-Hisui, F|\n|poke|p2|Ogerpon-Hearthflame, F|\n|poke|p2|Chi-Yu|\n|poke|p2|Groudon|\n|poke|p2|Audino, F|\n|teampreview\n|\n|t:|1700625632\n|start\n|switch|p1a: Deoxys|Deoxys-Speed|100\/100\n|switch|p2a: Rillaboom|Rillaboom, F|100\/100\n|-ability|p1a: Deoxys|Pressure\n|-fieldstart|move: Grassy Terrain|[from] ability: Grassy Surge|[of] p2a: Rillaboom\n|turn|1\n|j| The_Gh0st_Shadow\n|\n|t:|1700625641\n|move|p1a: Deoxys|Knock Off|p2a: Rillaboom\n|-damage|p2a: Rillaboom|73\/100\n|-enditem|p2a: Rillaboom|Terrain Extender|[from] move: Knock Off|[of] p1a: Deoxys\n|move|p2a: Rillaboom|Wood Hammer|p1a: Deoxys\n|-enditem|p1a: Deoxys|Focus Sash\n|-damage|p1a: Deoxys|1\/100\n|-damage|p2a: Rillaboom|50\/100|[from] Recoil\n|\n|-heal|p1a: Deoxys|7\/100|[from] Grassy Terrain\n|-heal|p2a: Rillaboom|56\/100|[from] Grassy Terrain\n|upkeep\n|turn|2\n|c|\u2606Sinnoy|meanie\n|j| galaxystudios370\n|\n|t:|1700625649\n|move|p2a: Rillaboom|Grassy Glide|p1a: Deoxys\n|-damage|p1a: Deoxys|0 fnt\n|faint|p1a: Deoxys\n|\n|-heal|p2a: Rillaboom|62\/100|[from] Grassy Terrain\n|upkeep\n|\n|t:|1700625656\n|switch|p1a: Ogerpon|Ogerpon-Hearthflame, F|100\/100\n|-ability|p1a: Ogerpon|Mold Breaker\n|turn|3\n|c| The_Gh0st_Shadow|Lmao\n|\n|t:|1700625670\n|-terastallize|p2a: Rillaboom|Rock\n|move|p1a: Ogerpon|Ivy Cudgel|p2a: Rillaboom|[anim] Ivy Cudgel Fire\n|-resisted|p2a: Rillaboom\n|-damage|p2a: Rillaboom|29\/100\n|move|p2a: Rillaboom|Tera Blast|p1a: Ogerpon|[anim] Tera Blast Rock\n|-supereffective|p1a: Ogerpon\n|-damage|p1a: Ogerpon|0 fnt\n|faint|p1a: Ogerpon\n|\n|-heal|p2a: Rillaboom|35\/100|[from] Grassy Terrain\n|upkeep\n|c| The_Gh0st_Shadow|Knew it\n|\n|t:|1700625677\n|switch|p1a: Mawile|Mawile, F|100\/100\n|-ability|p1a: Mawile|Intimidate|boost\n|-unboost|p2a: Rillaboom|atk|1\n|turn|4\n|j| How To Beat Lance\n|\n|t:|1700625685\n|switch|p2a: Groudon|Groudon|100\/100\n|-weather|SunnyDay|[from] ability: Drought|[of] p2a: Groudon\n|detailschange|p1a: Mawile|Mawile-Mega, F\n|-mega|p1a: Mawile|Mawile|Mawilite\n|move|p1a: Mawile|Iron Head|p2a: Groudon\n|-damage|p2a: Groudon|64\/100\n|\n|-weather|SunnyDay|[upkeep]\n|-heal|p2a: Groudon|70\/100|[from] Grassy Terrain\n|upkeep\n|turn|5\n|c| The_Gh0st_Shadow|I would\u2019ve gone with trailblaze if it wasn\u2019t scarfed\n|\n|t:|1700625710\n|switch|p1a: Dracovish|Dracovish|100\/100\n|move|p2a: Groudon|Precipice Blades|p1a: Dracovish\n|-damage|p1a: Dracovish|49\/100\n|\n|-weather|SunnyDay|[upkeep]\n|-heal|p2a: Groudon|76\/100|[from] Grassy Terrain\n|-heal|p1a: Dracovish|55\/100|[from] Grassy Terrain\n|upkeep\n|turn|6\n|\n|t:|1700625721\n|switch|p2a: Lilligant|Lilligant-Hisui, F|100\/100\n|move|p1a: Dracovish|Protect||[still]\n|-fail|p1a: Dracovish\n|\n|-weather|SunnyDay|[upkeep]\n|-heal|p1a: Dracovish|61\/100|[from] Grassy Terrain\n|upkeep\n|turn|7\n|c| The_Gh0st_Shadow|Bruh\n|\n|t:|1700625726\n|move|p2a: Lilligant|Solar Blade||[still]\n|-prepare|p2a: Lilligant|Solar Blade\n|-anim|p2a: Lilligant|Solar Blade|p1a: Dracovish\n|-damage|p1a: Dracovish|0 fnt\n|faint|p1a: Dracovish\n|-damage|p2a: Lilligant|91\/100|[from] item: Life Orb\n|\n|-weather|SunnyDay|[upkeep]\n|-heal|p2a: Lilligant|97\/100|[from] Grassy Terrain\n|upkeep\n|\n|t:|1700625734\n|switch|p1a: Mawile|Mawile-Mega, F|100\/100\n|turn|8\n|\n|t:|1700625743\n|switch|p2a: Audino|Audino, F|100\/100\n|move|p1a: Mawile|Swords Dance|p1a: Mawile\n|-boost|p1a: Mawile|atk|2\n|\n|-weather|SunnyDay|[upkeep]\n|-fieldend|move: Grassy Terrain\n|upkeep\n|turn|9\n|\n|t:|1700625754\n|move|p1a: Mawile|Iron Head|p2a: Audino\n|-damage|p2a: Audino|0 fnt\n|faint|p2a: Audino\n|\n|-weather|SunnyDay|[upkeep]\n|upkeep\n|\n|t:|1700625759\n|switch|p2a: Chi-Yu|Chi-Yu|100\/100\n|-ability|p2a: Chi-Yu|Beads of Ruin\n|turn|10\n|\n|t:|1700625765\n|move|p1a: Mawile|Sucker Punch|p2a: Chi-Yu\n|-resisted|p2a: Chi-Yu\n|-damage|p2a: Chi-Yu|19\/100\n|move|p2a: Chi-Yu|Overheat|p1a: Mawile\n|-supereffective|p1a: Mawile\n|-damage|p1a: Mawile|0 fnt\n|-unboost|p2a: Chi-Yu|spa|2\n|faint|p1a: Mawile\n|\n|-weather|SunnyDay|[upkeep]\n|upkeep\n|c|\u2606Sinnoy|yeesh\n|\n|t:|1700625773\n|switch|p1a: Marshadow|Marshadow|100\/100\n|turn|11\n|c|\u2606Sinnoy|that almost killed\n|c|\u2606ChrisTheTree256|it did\n|\n|t:|1700625780\n|move|p2a: Chi-Yu|Overheat|p1a: Marshadow\n|-damage|p1a: Marshadow|18\/100\n|-unboost|p2a: Chi-Yu|spa|2\n|move|p1a: Marshadow|Drain Punch|p2a: Chi-Yu\n|-supereffective|p2a: Chi-Yu\n|-damage|p2a: Chi-Yu|0 fnt\n|-heal|p1a: Marshadow|25\/100|[from] drain|[of] p2a: Chi-Yu\n|faint|p2a: Chi-Yu\n|\n|-weather|none\n|upkeep\n|\n|t:|1700625786\n|switch|p2a: Rillaboom|Rillaboom, F, tera:Rock|35\/100\n|-fieldstart|move: Grassy Terrain|[from] ability: Grassy Surge|[of] p2a: Rillaboom\n|turn|12\n|c|\u2606ChrisTheTree256|wish overheat had missed\n|\n|t:|1700625794\n|move|p2a: Rillaboom|Grassy Glide|p1a: Marshadow\n|-damage|p1a: Marshadow|0 fnt\n|faint|p1a: Marshadow\n|\n|-heal|p2a: Rillaboom|42\/100|[from] Grassy Terrain\n|upkeep\n|\n|t:|1700625797\n|switch|p1a: Great Tusk|Great Tusk|100\/100\n|turn|13\n|\n|t:|1700625804\n|move|p2a: Rillaboom|Wood Hammer|p1a: Great Tusk\n|-supereffective|p1a: Great Tusk\n|-damage|p1a: Great Tusk|0 fnt\n|faint|p1a: Great Tusk\n|-end|p1a: Great Tusk|Protosynthesis|[silent]\n|-damage|p2a: Rillaboom|0 fnt|[from] Recoil\n|faint|p2a: Rillaboom\n|\n|win|Sinnoy\n|n|\u2606ChrisTheTree256|christhetree256\n|n|\u2606Sinnoy|sinnoy\n|n| The_Gh0st_Shadow|thegh0stshadow\n|n| galaxystudios370|galaxystudios370\n|n| How To Beat Lance|howtobeatlance\n","uploadtime":1700625805,"views":1,"p1id":"christhetree256","p2id":"sinnoy","formatid":"gen9nationaldexubers","rating":0,"private":0,"password":""}