{"id":"gen9nationaldexubers-1990717561","p1":"Shadowheart05","p2":"Jayster13","format":"[Gen 9] National Dex Ubers","log":"|j|\u2606Shadowheart05\n|j|\u2606Jayster13\n|t:|1699994407\n|gametype|singles\n|player|p1|Shadowheart05|lady|\n|player|p2|Jayster13|265|\n|teamsize|p1|6\n|teamsize|p2|6\n|gen|9\n|tier|[Gen 9] National Dex Ubers\n|rule|HP Percentage Mod: HP is shown in percentages\n|rule|Endless Battle Clause: Forcing endless battles is banned\n|rule|OHKO Clause: OHKO moves are banned\n|rule|Evasion Moves Clause: Evasion moves are banned\n|rule|Evasion Items Clause: Evasion items are banned\n|rule|Species Clause: Limit one of each Pok\u00e9mon\n|rule|Sleep Clause Mod: Limit one foe put to sleep\n|rule|Mega Rayquaza Clause: You cannot mega evolve Rayquaza\n|clearpoke\n|poke|p1|Zapdos|\n|poke|p1|Arcanine-Hisui, M|\n|poke|p1|Qwilfish, F|\n|poke|p1|Haxorus, F|\n|poke|p1|Mew|\n|poke|p1|Lilligant-Hisui, F|\n|poke|p2|Weezing-Galar, F|\n|poke|p2|Armarouge, F|\n|poke|p2|Zapdos-Galar|\n|poke|p2|Pincurchin, F|\n|poke|p2|Raichu-Alola, M|\n|poke|p2|Ting-Lu|\n|teampreview\n|\n|t:|1699994416\n|start\n|switch|p1a: Qwilfish|Qwilfish, F|100\/100\n|switch|p2a: Weezing|Weezing-Galar, F|100\/100\n|-ability|p1a: Qwilfish|Intimidate|boost\n|-unboost|p2a: Weezing|atk|1\n|turn|1\n|\n|t:|1699994442\n|switch|p2a: Pincurchin|Pincurchin, F|100\/100\n|-fieldstart|move: Electric Terrain|[from] ability: Electric Surge|[of] p2a: Pincurchin\n|move|p1a: Qwilfish|Spikes|p2a: Pincurchin\n|-sidestart|p2: Jayster13|Spikes\n|\n|upkeep\n|turn|2\n|\n|t:|1699994453\n|switch|p2a: Raichu|Raichu-Alola, M|100\/100\n|-damage|p2a: Raichu|88\/100|[from] Spikes\n|move|p1a: Qwilfish|Destiny Bond|p1a: Qwilfish\n|-singlemove|p1a: Qwilfish|Destiny Bond\n|\n|upkeep\n|turn|3\n|\n|t:|1699994468\n|move|p2a: Raichu|Psychic|p1a: Qwilfish\n|-supereffective|p1a: Qwilfish\n|-enditem|p1a: Qwilfish|Focus Sash\n|-damage|p1a: Qwilfish|1\/100\n|move|p1a: Qwilfish|Destiny Bond||[still]\n|-fail|p1a: Qwilfish\n|\n|upkeep\n|turn|4\n|\n|t:|1699994474\n|switch|p2a: Pincurchin|Pincurchin, F|100\/100\n|-damage|p2a: Pincurchin|88\/100|[from] Spikes\n|move|p1a: Qwilfish|Destiny Bond|p1a: Qwilfish\n|-singlemove|p1a: Qwilfish|Destiny Bond\n|\n|upkeep\n|turn|5\n|\n|t:|1699994479\n|move|p2a: Pincurchin|Sucker Punch|p1a: Qwilfish\n|-damage|p1a: Qwilfish|0 fnt\n|faint|p1a: Qwilfish\n|-activate|p1a: Qwilfish|move: Destiny Bond\n|faint|p2a: Pincurchin\n|\n|upkeep\n|c|\u2606Shadowheart05|weezing levitate\n|\n|t:|1699994514\n|switch|p1a: Zapdos|Zapdos|100\/100\n|switch|p2a: Raichu|Raichu-Alola, M|88\/100\n|-damage|p2a: Raichu|76\/100|[from] Spikes\n|-ability|p1a: Zapdos|Pressure\n|turn|6\n|\n|t:|1699994521\n|move|p2a: Raichu|Nasty Plot|p2a: Raichu\n|-boost|p2a: Raichu|spa|2\n|move|p1a: Zapdos|U-turn|p2a: Raichu\n|-supereffective|p2a: Raichu\n|-damage|p2a: Raichu|11\/100\n|\n|t:|1699994538\n|switch|p1a: Mew|Mew|100\/100|[from] U-turn\n|\n|upkeep\n|turn|7\n|\n|t:|1699994556\n|move|p2a: Raichu|Surf|p1a: Mew\n|-damage|p1a: Mew|67\/100\n|move|p1a: Mew|Sunny Day|p1a: Mew\n|-weather|SunnyDay\n|\n|-weather|SunnyDay|[upkeep]\n|-heal|p1a: Mew|73\/100|[from] item: Leftovers\n|upkeep\n|turn|8\n|c|\u2606Shadowheart05|!data Surge Surfer\n|raw|<ul class=\"utilichart\"><li class=\"result\"><span class=\"col namecol\"><a href=\"https:\/\/dex.pokemonshowdown.com\/abilities\/surgesurfer\">Surge Surfer<\/a><\/span> <span class=\"col abilitydesccol\">If Electric Terrain is active, this Pokemon's Speed is doubled.<\/span> <\/li><li style=\"clear:both\"><\/li><\/ul>\n\n|\n|t:|1699994571\n|move|p2a: Raichu|Psychic|p1a: Mew\n|-resisted|p1a: Mew\n|-damage|p1a: Mew|48\/100\n|move|p1a: Mew|Knock Off|p2a: Raichu\n|-supereffective|p2a: Raichu\n|-damage|p2a: Raichu|0 fnt\n|-enditem|p2a: Raichu|Focus Sash|[from] move: Knock Off|[of] p1a: Mew\n|faint|p2a: Raichu\n|\n|-weather|SunnyDay|[upkeep]\n|-heal|p1a: Mew|54\/100|[from] item: Leftovers\n|-fieldend|move: Electric Terrain\n|upkeep\n|\n|t:|1699994577\n|switch|p2a: Ting-Lu|Ting-Lu|100\/100\n|-damage|p2a: Ting-Lu|88\/100|[from] Spikes\n|-ability|p2a: Ting-Lu|Vessel of Ruin\n|turn|9\n|c|\u2606Shadowheart05|!data Ting-Lu\n|raw|<div class=\"message\"><ul class=\"utilichart\"><li class=\"result\"><span class=\"col numcol\">OU<\/span> <span class=\"col iconcol\"><psicon pokemon=\"tinglu\"\/><\/span> <span class=\"col pokemonnamecol\" style=\"white-space:nowrap\"><a href=\"https:\/\/dex.pokemonshowdown.com\/pokemon\/tinglu\" target=\"_blank\">Ting-Lu<\/a><\/span> <span class=\"col typecol\"><img src=\"https:\/\/play.pokemonshowdown.com\/sprites\/types\/Dark.png\" alt=\"Dark\" height=\"14\" width=\"32\"><img src=\"https:\/\/play.pokemonshowdown.com\/sprites\/types\/Ground.png\" alt=\"Ground\" height=\"14\" width=\"32\"><\/span> <span style=\"float:left;min-height:26px\"><span class=\"col abilitycol\">Vessel of Ruin<\/span><span class=\"col abilitycol\"><\/span><\/span><span style=\"float:left;min-height:26px\"><span class=\"col statcol\"><em>HP<\/em><br \/>155<\/span> <span class=\"col statcol\"><em>Atk<\/em><br \/>110<\/span> <span class=\"col statcol\"><em>Def<\/em><br \/>125<\/span> <span class=\"col statcol\"><em>SpA<\/em><br \/>55<\/span> <span class=\"col statcol\"><em>SpD<\/em><br \/>80<\/span> <span class=\"col statcol\"><em>Spe<\/em><br \/>45<\/span> <span class=\"col bstcol\"><em>BST<br \/>570<\/em><\/span> <\/span><\/li><li style=\"clear:both\"><\/li><\/ul><\/div>\n\n|\n|t:|1699994602\n|move|p1a: Mew|Will-O-Wisp|p2a: Ting-Lu\n|-status|p2a: Ting-Lu|brn\n|move|p2a: Ting-Lu|Stealth Rock|p1a: Mew\n|-sidestart|p1: Shadowheart05|move: Stealth Rock\n|\n|-weather|SunnyDay|[upkeep]\n|-heal|p1a: Mew|61\/100|[from] item: Leftovers\n|-heal|p2a: Ting-Lu|94\/100 brn|[from] item: Leftovers\n|-damage|p2a: Ting-Lu|88\/100 brn|[from] brn\n|upkeep\n|turn|10\n|\n|t:|1699994617\n|move|p1a: Mew|Knock Off|p2a: Ting-Lu\n|-resisted|p2a: Ting-Lu\n|-damage|p2a: Ting-Lu|83\/100 brn\n|-enditem|p2a: Ting-Lu|Leftovers|[from] move: Knock Off|[of] p1a: Mew\n|move|p2a: Ting-Lu|Ruination|p1a: Mew\n|-damage|p1a: Mew|31\/100\n|\n|-weather|SunnyDay|[upkeep]\n|-heal|p1a: Mew|37\/100|[from] item: Leftovers\n|-damage|p2a: Ting-Lu|77\/100 brn|[from] brn\n|upkeep\n|turn|11\n|\n|t:|1699994631\n|switch|p1a: Haxorus|Haxorus, F|100\/100\n|-damage|p1a: Haxorus|88\/100|[from] Stealth Rock\n|-ability|p1a: Haxorus|Mold Breaker\n|move|p2a: Ting-Lu|Whirlwind|p1a: Haxorus\n|drag|p1a: Arcanine|Arcanine-Hisui, M|100\/100\n|-damage|p1a: Arcanine|76\/100|[from] Stealth Rock\n|-ability|p1a: Arcanine|Intimidate|boost\n|-unboost|p2a: Ting-Lu|atk|1\n|\n|-weather|none\n|-heal|p1a: Arcanine|82\/100|[from] item: Leftovers\n|-damage|p2a: Ting-Lu|71\/100 brn|[from] brn\n|upkeep\n|turn|12\n|\n|t:|1699994654\n|switch|p1a: Zapdos|Zapdos|100\/100\n|-ability|p1a: Zapdos|Pressure\n|move|p2a: Ting-Lu|Earthquake|p1a: Zapdos\n|-immune|p1a: Zapdos\n|\n|-damage|p2a: Ting-Lu|65\/100 brn|[from] brn\n|upkeep\n|turn|13\n|\n|t:|1699994657\n|move|p1a: Zapdos|U-turn|p2a: Ting-Lu\n|-supereffective|p2a: Ting-Lu\n|-crit|p2a: Ting-Lu\n|-damage|p2a: Ting-Lu|49\/100 brn\n|\n|t:|1699994664\n|switch|p1a: Mew|Mew|37\/100|[from] U-turn\n|-damage|p1a: Mew|25\/100|[from] Stealth Rock\n|move|p2a: Ting-Lu|Whirlwind|p1a: Mew\n|drag|p1a: Zapdos|Zapdos|100\/100\n|-ability|p1a: Zapdos|Pressure\n|\n|-damage|p2a: Ting-Lu|43\/100 brn|[from] brn\n|upkeep\n|turn|14\n|\n|t:|1699994677\n|move|p1a: Zapdos|Heat Wave|p2a: Ting-Lu\n|-damage|p2a: Ting-Lu|23\/100 brn\n|move|p2a: Ting-Lu|Ruination|p1a: Zapdos|[miss]\n|-miss|p2a: Ting-Lu|p1a: Zapdos\n|\n|-damage|p2a: Ting-Lu|16\/100 brn|[from] brn\n|upkeep\n|turn|15\n|c|\u2606Shadowheart05|!data Ruination\n|raw|<ul class=\"utilichart\"><li class=\"result\"><span class=\"col movenamecol\"><a href=\"https:\/\/dex.pokemonshowdown.com\/moves\/ruination\">Ruination<\/a><\/span> <span class=\"col typecol\"><img src=\"\/\/play.pokemonshowdown.com\/sprites\/types\/Dark.png\" alt=\"Dark\" width=\"32\" height=\"14\"><img src=\"\/\/play.pokemonshowdown.com\/sprites\/categories\/Special.png\" alt=\"Special\" width=\"32\" height=\"14\"><\/span> <span class=\"col widelabelcol\"><em>Accuracy<\/em><br>90%<\/span> <span class=\"col pplabelcol\"><em>PP<\/em><br>16<\/span> <span class=\"col movedesccol\">Does damage equal to 1\/2 target's current HP.<\/span> <\/li><li style=\"clear:both\"><\/li><\/ul>\n\n|\n|t:|1699994701\n|move|p1a: Zapdos|U-turn|p2a: Ting-Lu\n|-supereffective|p2a: Ting-Lu\n|-damage|p2a: Ting-Lu|6\/100 brn\n|\n|t:|1699994704\n|switch|p1a: Mew|Mew|25\/100|[from] U-turn\n|-damage|p1a: Mew|12\/100|[from] Stealth Rock\n|move|p2a: Ting-Lu|Ruination|p1a: Mew\n|-damage|p1a: Mew|6\/100\n|\n|-heal|p1a: Mew|13\/100|[from] item: Leftovers\n|-damage|p2a: Ting-Lu|0 fnt|[from] brn\n|faint|p2a: Ting-Lu\n|upkeep\n|\n|t:|1699994729\n|switch|p2a: Zapdos|Zapdos-Galar|100\/100\n|turn|16\n|\n|t:|1699994734\n|move|p2a: Zapdos|U-turn|p1a: Mew\n|-supereffective|p1a: Mew\n|-damage|p1a: Mew|0 fnt\n|faint|p1a: Mew\n|\n|t:|1699994740\n|switch|p2a: Weezing|Weezing-Galar, F|100\/100|[from] U-turn\n|\n|upkeep\n|\n|t:|1699994751\n|switch|p1a: Arcanine|Arcanine-Hisui, M|82\/100\n|-damage|p1a: Arcanine|57\/100|[from] Stealth Rock\n|-ability|p1a: Arcanine|Intimidate|boost\n|-unboost|p2a: Weezing|atk|1\n|turn|17\n|\n|t:|1699994765\n|move|p1a: Arcanine|Morning Sun|p1a: Arcanine\n|-heal|p1a: Arcanine|100\/100\n|move|p2a: Weezing|Strange Steam|p1a: Arcanine\n|-resisted|p1a: Arcanine\n|-damage|p1a: Arcanine|86\/100\n|\n|-heal|p1a: Arcanine|92\/100|[from] item: Leftovers\n|upkeep\n|turn|18\n|\n|t:|1699994784\n|switch|p2a: Armarouge|Armarouge, F|100\/100\n|-damage|p2a: Armarouge|88\/100|[from] Spikes\n|move|p1a: Arcanine|Head Smash|p2a: Armarouge\n|-supereffective|p2a: Armarouge\n|-damage|p2a: Armarouge|0 fnt\n|faint|p2a: Armarouge\n|-damage|p1a: Arcanine|54\/100|[from] Recoil\n|\n|-heal|p1a: Arcanine|60\/100|[from] item: Leftovers\n|upkeep\n|\n|t:|1699994790\n|switch|p2a: Zapdos|Zapdos-Galar|100\/100\n|turn|19\n|\n|t:|1699994808\n|move|p2a: Zapdos|Close Combat|p1a: Arcanine\n|-supereffective|p1a: Arcanine\n|-damage|p1a: Arcanine|0 fnt\n|-unboost|p2a: Zapdos|def|1\n|-unboost|p2a: Zapdos|spd|1\n|faint|p1a: Arcanine\n|\n|upkeep\n|\n|t:|1699994832\n|switch|p1a: Zapdos|Zapdos|100\/100\n|-ability|p1a: Zapdos|Pressure\n|turn|20\n|\n|t:|1699994841\n|switch|p2a: Weezing|Weezing-Galar, F|100\/100\n|move|p1a: Zapdos|Thunderbolt|p2a: Weezing\n|-damage|p2a: Weezing|32\/100\n|\n|-heal|p2a: Weezing|38\/100|[from] item: Black Sludge\n|upkeep\n|turn|21\n|\n|t:|1699994847\n|move|p1a: Zapdos|Thunderbolt|p2a: Weezing\n|-damage|p2a: Weezing|0 fnt\n|faint|p2a: Weezing\n|\n|upkeep\n|\n|t:|1699994849\n|switch|p2a: Zapdos|Zapdos-Galar|100\/100\n|turn|22\n|\n|t:|1699994856\n|move|p2a: Zapdos|Brave Bird|p1a: Zapdos\n|-resisted|p1a: Zapdos\n|-damage|p1a: Zapdos|67\/100\n|-damage|p2a: Zapdos|87\/100|[from] Recoil\n|move|p1a: Zapdos|Thunderbolt|p2a: Zapdos\n|-supereffective|p2a: Zapdos\n|-damage|p2a: Zapdos|0 fnt\n|faint|p2a: Zapdos\n|\n|win|Shadowheart05\n|c|\u2606Shadowheart05|gg wp\n|l|\u2606Jayster13\n","uploadtime":1699994875,"views":29,"p1id":"shadowheart05","p2id":"jayster13","formatid":"gen9nationaldexubers","rating":0,"private":0,"password":""}