{"id":"gen9nationaldexubers-1980911908","p1":"SourThorns","p2":"Gtg g u2","format":"[Gen 9] National Dex Ubers","log":"|j|\u2606SourThorns\n|j|\u2606Gtg g u2\n|t:|1698848338\n|gametype|singles\n|player|p1|SourThorns|hoopster|1137\n|player|p2|Gtg g u2|red-masters|1062\n|teamsize|p1|6\n|teamsize|p2|6\n|gen|9\n|tier|[Gen 9] National Dex Ubers\n|rated|\n|rule|HP Percentage Mod: HP is shown in percentages\n|rule|Endless Battle Clause: Forcing endless battles is banned\n|rule|OHKO Clause: OHKO moves are banned\n|rule|Evasion Moves Clause: Evasion moves are banned\n|rule|Evasion Items Clause: Evasion items are banned\n|rule|Species Clause: Limit one of each Pok\u00e9mon\n|rule|Sleep Clause Mod: Limit one foe put to sleep\n|rule|Mega Rayquaza Clause: You cannot mega evolve Rayquaza\n|clearpoke\n|poke|p1|Rotom-Wash|\n|poke|p1|Excadrill, M|\n|poke|p1|Toxtricity, F|\n|poke|p1|Gyarados, F|\n|poke|p1|Baxcalibur, F|\n|poke|p1|Kingambit, M|\n|poke|p2|Pikachu, M|\n|poke|p2|Rillaboom, M|\n|poke|p2|Cramorant, M|\n|poke|p2|Grapploct, M|\n|poke|p2|Centiskorch, M|\n|poke|p2|Runerigus, F|\n|teampreview\n|inactive|Battle timer is ON: inactive players will automatically lose when time's up. (requested by Gtg g u2)\n|\n|t:|1698848346\n|start\n|switch|p1a: Excadrill|Excadrill, M|100\/100\n|switch|p2a: Cramorant|Cramorant, M|100\/100\n|-ability|p1a: Excadrill|Mold Breaker\n|turn|1\n|\n|t:|1698848355\n|move|p1a: Excadrill|Stealth Rock|p2a: Cramorant\n|-sidestart|p2: Gtg g u2|move: Stealth Rock\n|move|p2a: Cramorant|Surf|p1a: Excadrill\n|-formechange|p2a: Cramorant|Cramorant-Gulping|\n|-supereffective|p1a: Excadrill\n|-damage|p1a: Excadrill|0 fnt\n|faint|p1a: Excadrill\n|\n|upkeep\n|\n|t:|1698848364\n|switch|p1a: Rotom|Rotom-Wash|100\/100\n|turn|2\n|\n|t:|1698848369\n|switch|p2a: Runerigus|Runerigus, F, shiny|100\/100\n|-damage|p2a: Runerigus|94\/100|[from] Stealth Rock\n|move|p1a: Rotom|Volt Switch|p2a: Runerigus\n|-immune|p2a: Runerigus\n|\n|-heal|p2a: Runerigus|100\/100|[from] item: Leftovers\n|upkeep\n|turn|3\n|\n|t:|1698848383\n|switch|p1a: Gyarados|Gyarados, F|100\/100\n|-ability|p1a: Gyarados|Intimidate|boost\n|-unboost|p2a: Runerigus|atk|1\n|switch|p2a: Rillaboom|Rillaboom, M|100\/100\n|-damage|p2a: Rillaboom|88\/100|[from] Stealth Rock\n|-fieldstart|move: Grassy Terrain|[from] ability: Grassy Surge|[of] p2a: Rillaboom\n|\n|-heal|p2a: Rillaboom|94\/100|[from] Grassy Terrain\n|upkeep\n|turn|4\n|\n|t:|1698848405\n|switch|p1a: Baxcalibur|Baxcalibur, F|100\/100\n|move|p2a: Rillaboom|Knock Off|p1a: Baxcalibur\n|-damage|p1a: Baxcalibur|59\/100\n|-enditem|p1a: Baxcalibur|Loaded Dice|[from] move: Knock Off|[of] p2a: Rillaboom\n|-damage|p2a: Rillaboom|84\/100|[from] item: Life Orb\n|\n|-heal|p2a: Rillaboom|91\/100|[from] Grassy Terrain\n|-heal|p1a: Baxcalibur|65\/100|[from] Grassy Terrain\n|upkeep\n|turn|5\n|\n|t:|1698848418\n|switch|p2a: Grapploct|Grapploct, M|100\/100\n|-damage|p2a: Grapploct|94\/100|[from] Stealth Rock\n|-terastallize|p1a: Baxcalibur|Fairy\n|move|p1a: Baxcalibur|Icicle Spear|p2a: Grapploct\n|-damage|p2a: Grapploct|79\/100\n|-damage|p2a: Grapploct|63\/100\n|-hitcount|p2a: Grapploct|2\n|\n|-heal|p1a: Baxcalibur|71\/100|[from] Grassy Terrain\n|-heal|p2a: Grapploct|69\/100|[from] Grassy Terrain\n|-heal|p2a: Grapploct|75\/100|[from] item: Leftovers\n|upkeep\n|turn|6\n|\n|t:|1698848434\n|move|p1a: Baxcalibur|Glaive Rush|p2a: Grapploct\n|-damage|p2a: Grapploct|3\/100\n|-singlemove|p1a: Baxcalibur|Glaive Rush|[silent]\n|move|p2a: Grapploct|Circle Throw|p1a: Baxcalibur\n|-resisted|p1a: Baxcalibur\n|-damage|p1a: Baxcalibur|26\/100\n|drag|p1a: Kingambit|Kingambit, M|100\/100\n|-activate|p1a: Kingambit|ability: Supreme Overlord\n|-start|p1a: Kingambit|fallen1|[silent]\n|\n|-heal|p2a: Grapploct|9\/100|[from] Grassy Terrain\n|-heal|p2a: Grapploct|15\/100|[from] item: Leftovers\n|upkeep\n|turn|7\n|\n|t:|1698848447\n|move|p1a: Kingambit|Sucker Punch||[still]\n|-fail|p1a: Kingambit\n|move|p2a: Grapploct|Octolock|p1a: Kingambit\n|-start|p1a: Kingambit|move: Octolock|[of] p2a: Grapploct\n|\n|-heal|p2a: Grapploct|21\/100|[from] Grassy Terrain\n|-heal|p2a: Grapploct|27\/100|[from] item: Leftovers\n|-unboost|p1a: Kingambit|def|1\n|-unboost|p1a: Kingambit|spd|1\n|-fieldend|move: Grassy Terrain\n|upkeep\n|turn|8\n|\n|t:|1698848458\n|move|p1a: Kingambit|Sucker Punch||[still]\n|-fail|p1a: Kingambit\n|move|p2a: Grapploct|Octolock||[still]\n|-fail|p2a: Grapploct\n|\n|-heal|p2a: Grapploct|33\/100|[from] item: Leftovers\n|-unboost|p1a: Kingambit|def|1\n|-unboost|p1a: Kingambit|spd|1\n|upkeep\n|turn|9\n|\n|t:|1698848470\n|move|p1a: Kingambit|Tera Blast|p2a: Grapploct\n|-damage|p2a: Grapploct|19\/100\n|move|p2a: Grapploct|Drain Punch|p1a: Kingambit\n|-supereffective|p1a: Kingambit\n|-damage|p1a: Kingambit|0 fnt\n|-heal|p2a: Grapploct|66\/100|[from] drain|[of] p1a: Kingambit\n|faint|p1a: Kingambit\n|-end|p1a: Kingambit|fallen1|[silent]\n|\n|-heal|p2a: Grapploct|72\/100|[from] item: Leftovers\n|upkeep\n|inactive|SourThorns has 120 seconds left.\n|-message|SourThorns forfeited.\n|\n|win|Gtg g u2\n|raw|SourThorns's rating: 1137 &rarr; <strong>1107<\/strong><br \/>(-30 for losing)\n|raw|Gtg g u2's rating: 1062 &rarr; <strong>1099<\/strong><br \/>(+37 for winning)\n|l|\u2606SourThorns\n","uploadtime":1698848483,"views":3,"p1id":"sourthorns","p2id":"gtggu2","formatid":"gen9nationaldexubers","rating":1099,"private":0,"password":""}