{"id":"gen9nationaldexubers-1997583216","p1":"ghhhgyhh","p2":"JustMonika_CARR","format":"[Gen 9] National Dex Ubers","log":"|j|\u2606ghhhgyhh\n|j|\u2606JustMonika_CARR\n|t:|1700828966\n|gametype|singles\n|player|p1|ghhhgyhh|youngster-gen4dp|1373\n|player|p2|JustMonika_CARR|rosa|1374\n|teamsize|p1|6\n|teamsize|p2|6\n|gen|9\n|tier|[Gen 9] National Dex Ubers\n|rated|\n|rule|HP Percentage Mod: HP is shown in percentages\n|rule|Endless Battle Clause: Forcing endless battles is banned\n|rule|OHKO Clause: OHKO moves are banned\n|rule|Evasion Moves Clause: Evasion moves are banned\n|rule|Evasion Items Clause: Evasion items are banned\n|rule|Species Clause: Limit one of each Pok\u00e9mon\n|rule|Sleep Clause Mod: Limit one foe put to sleep\n|rule|Mega Rayquaza Clause: You cannot mega evolve Rayquaza\n|clearpoke\n|poke|p1|Blastoise, M|\n|poke|p1|Roaring Moon|\n|poke|p1|Deoxys-Speed|\n|poke|p1|Marshadow|\n|poke|p1|Chi-Yu|\n|poke|p1|Shaymin-Sky|\n|poke|p2|Blaziken, F|\n|poke|p2|Pheromosa|\n|poke|p2|Gothitelle, F|\n|poke|p2|Deoxys-Speed|\n|poke|p2|Arceus|\n|poke|p2|Durant, F|\n|teampreview\n|\n|t:|1700828973\n|start\n|switch|p1a: Chi-Yu|Chi-Yu|100\/100\n|switch|p2a: Deoxys|Deoxys-Speed, shiny|100\/100\n|-ability|p2a: Deoxys|Pressure\n|-ability|p1a: Chi-Yu|Beads of Ruin\n|turn|1\n|\n|t:|1700828982\n|move|p2a: Deoxys|Light Screen|p2a: Deoxys\n|-sidestart|p2: JustMonika_CARR|move: Light Screen\n|move|p1a: Chi-Yu|Dark Pulse|p2a: Deoxys\n|-supereffective|p2a: Deoxys\n|-damage|p2a: Deoxys|35\/100\n|\n|upkeep\n|turn|2\n|\n|t:|1700828987\n|move|p2a: Deoxys|Stealth Rock|p1a: Chi-Yu\n|-sidestart|p1: ghhhgyhh|move: Stealth Rock\n|move|p1a: Chi-Yu|Dark Pulse|p2a: Deoxys\n|-supereffective|p2a: Deoxys\n|-damage|p2a: Deoxys|0 fnt\n|faint|p2a: Deoxys\n|\n|upkeep\n|\n|t:|1700828995\n|switch|p2a: Durant|Durant, F, shiny|100\/100\n|turn|3\n|\n|t:|1700829000\n|move|p2a: Durant|Entrainment|p1a: Chi-Yu\n|-endability|p1a: Chi-Yu|Beads of Ruin|[from] move: Entrainment\n|-ability|p1a: Chi-Yu|Truant|[from] move: Entrainment\n|move|p1a: Chi-Yu|Dark Pulse|p2a: Durant\n|-damage|p2a: Durant|49\/100\n|\n|upkeep\n|turn|4\n|\n|t:|1700829025\n|switch|p1a: Deoxys|Deoxys-Speed|100\/100\n|-damage|p1a: Deoxys|88\/100|[from] Stealth Rock\n|-ability|p1a: Deoxys|Pressure\n|cant|p2a: Durant|ability: Truant\n|\n|upkeep\n|turn|5\n|\n|t:|1700829032\n|switch|p2a: Pheromosa|Pheromosa, shiny|100\/100\n|move|p1a: Deoxys|Taunt|p2a: Pheromosa\n|-start|p2a: Pheromosa|move: Taunt\n|\n|upkeep\n|turn|6\n|\n|t:|1700829039\n|move|p1a: Deoxys|Psycho Boost|p2a: Pheromosa\n|-supereffective|p2a: Pheromosa\n|-enditem|p2a: Pheromosa|Focus Sash\n|-damage|p2a: Pheromosa|1\/100\n|-unboost|p1a: Deoxys|spa|2\n|move|p2a: Pheromosa|Rapid Spin|p1a: Deoxys\n|-damage|p1a: Deoxys|65\/100\n|-boost|p2a: Pheromosa|spe|1\n|\n|upkeep\n|turn|7\n|\n|t:|1700829046\n|move|p2a: Pheromosa|Bug Buzz|p1a: Deoxys\n|-supereffective|p1a: Deoxys\n|-damage|p1a: Deoxys|0 fnt\n|faint|p1a: Deoxys\n|-ability|p2a: Pheromosa|Beast Boost|boost\n|-boost|p2a: Pheromosa|spa|1\n|\n|-end|p2a: Pheromosa|move: Taunt\n|upkeep\n|\n|t:|1700829050\n|switch|p1a: Marshadow|Marshadow|100\/100\n|-damage|p1a: Marshadow|94\/100|[from] Stealth Rock\n|turn|8\n|\n|t:|1700829065\n|switch|p2a: Arceus|Arceus|100\/100\n|move|p1a: Marshadow|Shadow Sneak|p2a: Arceus\n|-immune|p2a: Arceus\n|\n|-sideend|p2: JustMonika_CARR|move: Light Screen\n|upkeep\n|turn|9\n|\n|t:|1700829069\n|switch|p2a: Pheromosa|Pheromosa, shiny|1\/100\n|move|p1a: Marshadow|Close Combat|p2a: Pheromosa\n|-resisted|p2a: Pheromosa\n|-damage|p2a: Pheromosa|0 fnt\n|-unboost|p1a: Marshadow|def|1\n|-unboost|p1a: Marshadow|spd|1\n|faint|p2a: Pheromosa\n|\n|upkeep\n|\n|t:|1700829078\n|switch|p2a: Blaziken|Blaziken, F, shiny|100\/100\n|turn|10\n|\n|t:|1700829085\n|switch|p1a: Blastoise|Blastoise, M|100\/100\n|-damage|p1a: Blastoise|88\/100|[from] Stealth Rock\n|detailschange|p2a: Blaziken|Blaziken-Mega, F, shiny\n|-mega|p2a: Blaziken|Blaziken|Blazikenite\n|move|p2a: Blaziken|Protect||[still]\n|-fail|p2a: Blaziken\n|\n|-ability|p2a: Blaziken|Speed Boost|boost\n|-boost|p2a: Blaziken|spe|1\n|upkeep\n|turn|11\n|\n|t:|1700829091\n|detailschange|p1a: Blastoise|Blastoise-Mega, M\n|-mega|p1a: Blastoise|Blastoise|Blastoisinite\n|move|p2a: Blaziken|Hone Claws|p2a: Blaziken\n|-boost|p2a: Blaziken|atk|1\n|-boost|p2a: Blaziken|accuracy|1\n|move|p1a: Blastoise|Water Pulse|p2a: Blaziken\n|-supereffective|p2a: Blaziken\n|-crit|p2a: Blaziken\n|-damage|p2a: Blaziken|0 fnt\n|faint|p2a: Blaziken\n|\n|upkeep\n|\n|t:|1700829097\n|switch|p2a: Durant|Durant, F, shiny|49\/100\n|turn|12\n|\n|t:|1700829103\n|move|p2a: Durant|Entrainment|p1a: Blastoise\n|-endability|p1a: Blastoise|Mega Launcher|[from] move: Entrainment\n|-ability|p1a: Blastoise|Truant|[from] move: Entrainment\n|move|p1a: Blastoise|Water Pulse|p2a: Durant\n|-damage|p2a: Durant|0 fnt\n|faint|p2a: Durant\n|\n|upkeep\n|\n|t:|1700829112\n|switch|p2a: Gothitelle|Gothitelle, F, shiny|100\/100\n|turn|13\n|\n|t:|1700829118\n|cant|p1a: Blastoise|ability: Truant\n|move|p2a: Gothitelle|Substitute|p2a: Gothitelle\n|-start|p2a: Gothitelle|Substitute\n|-damage|p2a: Gothitelle|75\/100\n|\n|upkeep\n|turn|14\n|inactive|Battle timer is ON: inactive players will automatically lose when time's up. (requested by JustMonika_CARR)\n|\n|t:|1700829123\n|move|p1a: Blastoise|Water Pulse|p2a: Gothitelle\n|-end|p2a: Gothitelle|Substitute\n|move|p2a: Gothitelle|Substitute|p2a: Gothitelle\n|-start|p2a: Gothitelle|Substitute\n|-damage|p2a: Gothitelle|50\/100\n|\n|upkeep\n|turn|15\n|\n|t:|1700829129\n|cant|p1a: Blastoise|ability: Truant\n|move|p2a: Gothitelle|Dark Pulse|p1a: Blastoise\n|-damage|p1a: Blastoise|65\/100\n|\n|upkeep\n|turn|16\n|\n|t:|1700829134\n|move|p1a: Blastoise|Water Pulse|p2a: Gothitelle\n|-end|p2a: Gothitelle|Substitute\n|move|p2a: Gothitelle|Substitute|p2a: Gothitelle\n|-start|p2a: Gothitelle|Substitute\n|-damage|p2a: Gothitelle|25\/100\n|-enditem|p2a: Gothitelle|Starf Berry|[eat]\n|-boost|p2a: Gothitelle|spe|2|[from] item: Starf Berry\n|\n|upkeep\n|turn|17\n|\n|t:|1700829139\n|move|p2a: Gothitelle|Recycle|p2a: Gothitelle\n|-item|p2a: Gothitelle|Starf Berry|[from] move: Recycle\n|-enditem|p2a: Gothitelle|Starf Berry|[eat]\n|-boost|p2a: Gothitelle|atk|2|[from] item: Starf Berry\n|cant|p1a: Blastoise|ability: Truant\n|\n|upkeep\n|turn|18\n|\n|t:|1700829146\n|move|p2a: Gothitelle|Protect|p2a: Gothitelle\n|-singleturn|p2a: Gothitelle|Protect\n|move|p1a: Blastoise|Water Pulse|p2a: Gothitelle\n|-activate|p2a: Gothitelle|move: Protect\n|\n|upkeep\n|turn|19\n|c|\u2606JustMonika_CARR|Please skip the next few turns\n|\n|t:|1700829157\n|move|p2a: Gothitelle|Recycle|p2a: Gothitelle\n|-item|p2a: Gothitelle|Starf Berry|[from] move: Recycle\n|-enditem|p2a: Gothitelle|Starf Berry|[eat]\n|-boost|p2a: Gothitelle|spa|2|[from] item: Starf Berry\n|cant|p1a: Blastoise|ability: Truant\n|\n|upkeep\n|turn|20\n|\n|t:|1700829160\n|move|p2a: Gothitelle|Protect|p2a: Gothitelle\n|-singleturn|p2a: Gothitelle|Protect\n|move|p1a: Blastoise|Water Pulse|p2a: Gothitelle\n|-activate|p2a: Gothitelle|move: Protect\n|\n|upkeep\n|turn|21\n|\n|t:|1700829166\n|move|p2a: Gothitelle|Recycle|p2a: Gothitelle\n|-item|p2a: Gothitelle|Starf Berry|[from] move: Recycle\n|-enditem|p2a: Gothitelle|Starf Berry|[eat]\n|-boost|p2a: Gothitelle|spa|2|[from] item: Starf Berry\n|cant|p1a: Blastoise|ability: Truant\n|\n|upkeep\n|turn|22\n|\n|t:|1700829169\n|move|p2a: Gothitelle|Protect|p2a: Gothitelle\n|-singleturn|p2a: Gothitelle|Protect\n|move|p1a: Blastoise|Shell Smash|p1a: Blastoise\n|-unboost|p1a: Blastoise|def|1\n|-unboost|p1a: Blastoise|spd|1\n|-boost|p1a: Blastoise|atk|2\n|-boost|p1a: Blastoise|spa|2\n|-boost|p1a: Blastoise|spe|2\n|\n|upkeep\n|turn|23\n|\n|t:|1700829172\n|cant|p1a: Blastoise|ability: Truant\n|move|p2a: Gothitelle|Recycle|p2a: Gothitelle\n|-item|p2a: Gothitelle|Starf Berry|[from] move: Recycle\n|-enditem|p2a: Gothitelle|Starf Berry|[eat]\n|-boost|p2a: Gothitelle|spd|2|[from] item: Starf Berry\n|\n|upkeep\n|turn|24\n|\n|t:|1700829174\n|move|p2a: Gothitelle|Protect|p2a: Gothitelle\n|-singleturn|p2a: Gothitelle|Protect\n|move|p1a: Blastoise|Water Pulse|p2a: Gothitelle\n|-activate|p2a: Gothitelle|move: Protect\n|\n|upkeep\n|turn|25\n|\n|t:|1700829179\n|cant|p1a: Blastoise|ability: Truant\n|move|p2a: Gothitelle|Recycle|p2a: Gothitelle\n|-item|p2a: Gothitelle|Starf Berry|[from] move: Recycle\n|-enditem|p2a: Gothitelle|Starf Berry|[eat]\n|-boost|p2a: Gothitelle|atk|2|[from] item: Starf Berry\n|\n|upkeep\n|turn|26\n|-message|ghhhgyhh forfeited.\n|\n|win|JustMonika_CARR\n|raw|ghhhgyhh's rating: 1373 &rarr; <strong>1353<\/strong><br \/>(-20 for losing)\n|raw|JustMonika_CARR's rating: 1374 &rarr; <strong>1394<\/strong><br \/>(+20 for winning)\n|l|\u2606ghhhgyhh\n","uploadtime":1700829196,"views":4,"p1id":"ghhhgyhh","p2id":"justmonikacarr","formatid":"gen9nationaldexubers","rating":1353,"private":0,"password":""}