{"id":"gen9nationaldexubers-1999075749","p1":"SephieFox","p2":"85792195wwww","format":"[Gen 9] National Dex Ubers","log":"|j|\u203dSephieFox\n|j|\u260685792195wwww\n|t:|1701030556\n|gametype|singles\n|player|p1|SephieFox|iris-masters|1497\n|player|p2|85792195wwww|mira|1735\n|teamsize|p1|6\n|teamsize|p2|6\n|gen|9\n|tier|[Gen 9] National Dex Ubers\n|rated|\n|rule|HP Percentage Mod: HP is shown in percentages\n|rule|Endless Battle Clause: Forcing endless battles is banned\n|rule|OHKO Clause: OHKO moves are banned\n|rule|Evasion Moves Clause: Evasion moves are banned\n|rule|Evasion Items Clause: Evasion items are banned\n|rule|Species Clause: Limit one of each Pok\u00e9mon\n|rule|Sleep Clause Mod: Limit one foe put to sleep\n|rule|Mega Rayquaza Clause: You cannot mega evolve Rayquaza\n|clearpoke\n|poke|p1|Shaymin-Sky|\n|poke|p1|Basculegion, M|\n|poke|p1|Zygarde|\n|poke|p1|Zacian-*|\n|poke|p1|Groudon|\n|poke|p1|Ho-Oh|\n|poke|p2|Arceus|\n|poke|p2|Zacian-*|\n|poke|p2|Xerneas-*|\n|poke|p2|Kyogre|\n|poke|p2|Groudon|\n|poke|p2|Deoxys-Speed|\n|teampreview\n|inactive|Battle timer is ON: inactive players will automatically lose when time's up. (requested by SephieFox)\n|\n|t:|1701030569\n|start\n|switch|p1a: Ho-Oh|Ho-Oh|100\/100\n|switch|p2a: Deoxys|Deoxys-Speed|100\/100\n|-ability|p2a: Deoxys|Pressure\n|turn|1\n|\n|t:|1701030577\n|move|p2a: Deoxys|Trick|p1a: Ho-Oh\n|-activate|p2a: Deoxys|move: Trick|[of] p1a: Ho-Oh\n|-item|p1a: Ho-Oh|Choice Scarf|[from] move: Trick\n|-item|p2a: Deoxys|Heavy-Duty Boots|[from] move: Trick\n|move|p1a: Ho-Oh|Sacred Fire|p2a: Deoxys\n|-damage|p2a: Deoxys|48\/100\n|-status|p2a: Deoxys|brn\n|\n|-damage|p2a: Deoxys|42\/100 brn|[from] brn\n|upkeep\n|turn|2\n|\n|t:|1701030589\n|switch|p2a: Kyogre|Kyogre|100\/100\n|detailschange|p2a: Kyogre|Kyogre-Primal\n|-primal|p2a: Kyogre|Blue Orb\n|-weather|PrimordialSea|[from] ability: Primordial Sea|[of] p2a: Kyogre\n|switch|p1a: Zacian|Zacian-Crowned|100\/100\n|-ability|p1a: Zacian|Intrepid Sword|boost\n|-boost|p1a: Zacian|atk|1\n|\n|-weather|PrimordialSea|[upkeep]\n|upkeep\n|turn|3\n|\n|t:|1701030600\n|-weather|none\n|switch|p2a: Groudon|Groudon|100\/100\n|detailschange|p2a: Groudon|Groudon-Primal\n|-primal|p2a: Groudon|Red Orb\n|-weather|DesolateLand|[from] ability: Desolate Land|[of] p2a: Groudon\n|move|p1a: Zacian|Swords Dance|p1a: Zacian\n|-boost|p1a: Zacian|atk|2\n|\n|-weather|DesolateLand|[upkeep]\n|upkeep\n|turn|4\n|\n|t:|1701030610\n|-terastallize|p1a: Zacian|Fighting\n|move|p1a: Zacian|Close Combat|p2a: Groudon\n|-damage|p2a: Groudon|0 fnt\n|-unboost|p1a: Zacian|def|1\n|-unboost|p1a: Zacian|spd|1\n|faint|p2a: Groudon\n|-weather|none\n|\n|upkeep\n|\n|t:|1701030626\n|switch|p2a: Deoxys|Deoxys-Speed|42\/100 brn\n|-ability|p2a: Deoxys|Pressure\n|turn|5\n|\n|t:|1701030635\n|switch|p1a: Ho-Oh|Ho-Oh|100\/100\n|move|p2a: Deoxys|Thunder Wave|p1a: Ho-Oh\n|-status|p1a: Ho-Oh|par\n|\n|-damage|p2a: Deoxys|36\/100 brn|[from] brn\n|upkeep\n|turn|6\n|j| irumaaaa\n|\n|t:|1701030644\n|move|p2a: Deoxys|Stealth Rock|p1a: Ho-Oh\n|-sidestart|p1: SephieFox|move: Stealth Rock\n|cant|p1a: Ho-Oh|par\n|\n|-damage|p2a: Deoxys|29\/100 brn|[from] brn\n|upkeep\n|turn|7\n|l| irumaaaa\n|\n|t:|1701030652\n|move|p2a: Deoxys|Taunt|p1a: Ho-Oh\n|-start|p1a: Ho-Oh|move: Taunt\n|move|p1a: Ho-Oh|Sacred Fire|p2a: Deoxys\n|-damage|p2a: Deoxys|0 fnt\n|faint|p2a: Deoxys\n|\n|upkeep\n|\n|t:|1701030666\n|switch|p2a: Kyogre|Kyogre-Primal|100\/100\n|-weather|PrimordialSea|[from] ability: Primordial Sea|[of] p2a: Kyogre\n|turn|8\n|\n|t:|1701030678\n|-weather|none\n|switch|p2a: Xerneas|Xerneas|100\/100\n|-ability|p2a: Xerneas|Fairy Aura\n|switch|p1a: Groudon|Groudon|100\/100\n|-damage|p1a: Groudon|94\/100|[from] Stealth Rock\n|detailschange|p1a: Groudon|Groudon-Primal\n|-primal|p1a: Groudon|Red Orb\n|-weather|DesolateLand|[from] ability: Desolate Land|[of] p1a: Groudon\n|\n|-weather|DesolateLand|[upkeep]\n|upkeep\n|turn|9\n|\n|t:|1701030692\n|move|p1a: Groudon|Precipice Blades|p2a: Xerneas\n|-damage|p2a: Xerneas|48\/100\n|move|p2a: Xerneas|Geomancy||[still]\n|-prepare|p2a: Xerneas|Geomancy\n|-enditem|p2a: Xerneas|Power Herb\n|-anim|p2a: Xerneas|Geomancy|p2a: Xerneas\n|-boost|p2a: Xerneas|spa|2\n|-boost|p2a: Xerneas|spd|2\n|-boost|p2a: Xerneas|spe|2\n|\n|-weather|DesolateLand|[upkeep]\n|upkeep\n|turn|10\n|\n|t:|1701030702\n|-terastallize|p2a: Xerneas|Fairy\n|move|p2a: Xerneas|Moonblast|p1a: Groudon\n|-resisted|p1a: Groudon\n|-damage|p1a: Groudon|0 fnt\n|faint|p1a: Groudon\n|-weather|none\n|\n|upkeep\n|\n|t:|1701030728\n|switch|p1a: Zygarde|Zygarde|100\/100\n|-damage|p1a: Zygarde|94\/100|[from] Stealth Rock\n|turn|11\n|\n|t:|1701030734\n|move|p2a: Xerneas|Moonblast|p1a: Zygarde\n|-supereffective|p1a: Zygarde\n|-damage|p1a: Zygarde|0 fnt\n|faint|p1a: Zygarde\n|\n|upkeep\n|\n|t:|1701030741\n|switch|p1a: Zacian|Zacian-Crowned, tera:Fighting|100\/100\n|-damage|p1a: Zacian|94\/100|[from] Stealth Rock\n|turn|12\n|\n|t:|1701030746\n|move|p2a: Xerneas|Moonblast|p1a: Zacian\n|-supereffective|p1a: Zacian\n|-damage|p1a: Zacian|0 fnt\n|faint|p1a: Zacian\n|\n|upkeep\n|-message|SephieFox forfeited.\n|\n|win|85792195wwww\n|raw|SephieFox's rating: 1497 &rarr; <strong>1489<\/strong><br \/>(-8 for losing)\n|raw|85792195wwww's rating: 1735 &rarr; <strong>1743<\/strong><br \/>(+8 for winning)\n|l|\u203dSephieFox\n","uploadtime":1701030754,"views":1,"p1id":"sephiefox","p2id":"85792195wwww","formatid":"gen9nationaldexubers","rating":1489,"private":0,"password":""}