{"id":"gen9nationaldexubers-1977812422","p1":"Eshan1210","p2":"CaptainMaxerica","format":"[Gen 9] National Dex Ubers","log":"|j|\u2606Eshan1210\n|j|\u2606CaptainMaxerica\n|t:|1698452636\n|gametype|singles\n|player|p1|Eshan1210|kieran-festival|\n|player|p2|CaptainMaxerica|cynthia-gen4|\n|teamsize|p1|6\n|teamsize|p2|6\n|gen|9\n|tier|[Gen 9] National Dex Ubers\n|rule|HP Percentage Mod: HP is shown in percentages\n|rule|Endless Battle Clause: Forcing endless battles is banned\n|rule|OHKO Clause: OHKO moves are banned\n|rule|Evasion Moves Clause: Evasion moves are banned\n|rule|Evasion Items Clause: Evasion items are banned\n|rule|Species Clause: Limit one of each Pok\u00e9mon\n|rule|Sleep Clause Mod: Limit one foe put to sleep\n|rule|Mega Rayquaza Clause: You cannot mega evolve Rayquaza\n|clearpoke\n|poke|p1|Persian, M|\n|poke|p1|Umbreon, M|\n|poke|p1|Xurkitree|\n|poke|p1|Lopunny, M|\n|poke|p1|Banette, M|\n|poke|p1|Noctowl, M|\n|poke|p2|Eternatus|\n|poke|p2|Seviper, M|\n|poke|p2|Zapdos|\n|poke|p2|Regigigas|\n|poke|p2|Brute Bonnet|\n|poke|p2|Tornadus-Therian, M|\n|teampreview\n|\n|t:|1698452663\n|start\n|switch|p1a: Lopunny|Lopunny, M, shiny|100\/100\n|switch|p2a: Seviper|Seviper, M|100\/100\n|turn|1\n|\n|t:|1698452672\n|detailschange|p1a: Lopunny|Lopunny-Mega, M, shiny\n|-mega|p1a: Lopunny|Lopunny|Lopunnite\n|move|p1a: Lopunny|Fake Out|p2a: Seviper\n|-damage|p2a: Seviper|63\/100\n|cant|p2a: Seviper|flinch\n|\n|-heal|p2a: Seviper|68\/100|[from] item: Leftovers\n|upkeep\n|turn|2\n|\n|t:|1698452693\n|switch|p2a: Tornadus|Tornadus-Therian, M|100\/100\n|move|p1a: Lopunny|Return|p2a: Tornadus\n|-damage|p2a: Tornadus|56\/100\n|\n|upkeep\n|turn|3\n|\n|t:|1698452748\n|move|p1a: Lopunny|Triple Axel|p2a: Tornadus\n|-supereffective|p2a: Tornadus\n|-damage|p2a: Tornadus|45\/100\n|-supereffective|p2a: Tornadus\n|-damage|p2a: Tornadus|22\/100\n|-supereffective|p2a: Tornadus\n|-damage|p2a: Tornadus|0 fnt\n|faint|p2a: Tornadus\n|-hitcount|p2: Tornadus|3\n|\n|upkeep\n|\n|t:|1698452767\n|switch|p2a: Zapdos|Zapdos|100\/100\n|turn|4\n|\n|t:|1698452800\n|move|p1a: Lopunny|Triple Axel|p2a: Zapdos\n|-supereffective|p2a: Zapdos\n|-damage|p2a: Zapdos|81\/100\n|-hitcount|p2a: Zapdos|1\n|move|p2a: Zapdos|Hurricane|p1a: Lopunny\n|-supereffective|p1a: Lopunny\n|-damage|p1a: Lopunny|0 fnt\n|faint|p1a: Lopunny\n|\n|upkeep\n|\n|t:|1698452845\n|switch|p1a: Xurkitree|Xurkitree, shiny|100\/100\n|turn|5\n|\n|t:|1698452879\n|switch|p2a: Brute Bonnet|Brute Bonnet|100\/100\n|-enditem|p2a: Brute Bonnet|Booster Energy\n|-activate|p2a: Brute Bonnet|ability: Protosynthesis|[fromitem]\n|-start|p2a: Brute Bonnet|protosynthesisatk\n|move|p1a: Xurkitree|Volt Switch|p2a: Brute Bonnet\n|-resisted|p2a: Brute Bonnet\n|-damage|p2a: Brute Bonnet|75\/100\n|\n|t:|1698452922\n|switch|p1a: Noctowl|Noctowl, M, shiny|100\/100|[from] Volt Switch\n|\n|upkeep\n|turn|6\n|\n|t:|1698452934\n|move|p1a: Noctowl|Hurricane|p2a: Brute Bonnet|[miss]\n|-miss|p1a: Noctowl|p2a: Brute Bonnet\n|-enditem|p1a: Noctowl|Blunder Policy\n|-boost|p1a: Noctowl|spe|2\n|move|p2a: Brute Bonnet|Crunch|p1a: Noctowl\n|-damage|p1a: Noctowl|2\/100\n|\n|upkeep\n|turn|7\n|\n|t:|1698452944\n|move|p2a: Brute Bonnet|Sucker Punch|p1a: Noctowl\n|-damage|p1a: Noctowl|0 fnt\n|faint|p1a: Noctowl\n|\n|upkeep\n|\n|t:|1698452963\n|switch|p1a: Persian|Persian, M, shiny|100\/100\n|turn|8\n|\n|t:|1698452969\n|move|p1a: Persian|Nasty Plot|p1a: Persian\n|-boost|p1a: Persian|spa|2\n|move|p2a: Brute Bonnet|Crunch|p1a: Persian\n|-damage|p1a: Persian|0 fnt\n|faint|p1a: Persian\n|\n|upkeep\n|\n|t:|1698452977\n|switch|p1a: Xurkitree|Xurkitree, shiny|100\/100\n|turn|9\n|\n|t:|1698452986\n|-terastallize|p1a: Xurkitree|Fairy\n|move|p1a: Xurkitree|Dazzling Gleam|p2a: Brute Bonnet\n|-supereffective|p2a: Brute Bonnet\n|-damage|p2a: Brute Bonnet|0 fnt\n|faint|p2a: Brute Bonnet\n|-end|p2a: Brute Bonnet|Protosynthesis|[silent]\n|-ability|p1a: Xurkitree|Beast Boost|boost\n|-boost|p1a: Xurkitree|spa|1\n|\n|upkeep\n|\n|t:|1698453004\n|switch|p2a: Eternatus|Eternatus|100\/100\n|-ability|p2a: Eternatus|Pressure\n|turn|10\n|\n|t:|1698453012\n|switch|p1a: Umbreon|Umbreon, M, shiny|100\/100\n|move|p2a: Eternatus|Sludge Bomb|p1a: Umbreon\n|-damage|p1a: Umbreon|76\/100\n|-status|p1a: Umbreon|psn\n|-activate|p1a: Umbreon|ability: Synchronize\n|-immune|p2a: Eternatus\n|\n|-heal|p1a: Umbreon|82\/100 psn|[from] item: Leftovers\n|-damage|p1a: Umbreon|70\/100 psn|[from] psn\n|upkeep\n|turn|11\n|\n|t:|1698453052\n|move|p2a: Eternatus|Dynamax Cannon|p1a: Umbreon\n|-damage|p1a: Umbreon|40\/100 psn\n|move|p1a: Umbreon|Wish|p1a: Umbreon\n|\n|-heal|p1a: Umbreon|46\/100 psn|[from] item: Leftovers\n|-damage|p1a: Umbreon|33\/100 psn|[from] psn\n|upkeep\n|turn|12\n|\n|t:|1698453066\n|move|p2a: Eternatus|Dynamax Cannon|p1a: Umbreon\n|-damage|p1a: Umbreon|4\/100 psn\n|move|p1a: Umbreon|Foul Play|p2a: Eternatus\n|-damage|p2a: Eternatus|83\/100\n|\n|-heal|p1a: Umbreon|54\/100 psn|[from] move: Wish|[wisher] Umbreon\n|-heal|p2a: Eternatus|89\/100|[from] item: Leftovers\n|-heal|p1a: Umbreon|60\/100 psn|[from] item: Leftovers\n|-damage|p1a: Umbreon|48\/100 psn|[from] psn\n|upkeep\n|turn|13\n|\n|t:|1698453077\n|move|p2a: Eternatus|Dynamax Cannon|p1a: Umbreon\n|-damage|p1a: Umbreon|16\/100 psn\n|move|p1a: Umbreon|Wish|p1a: Umbreon\n|\n|-heal|p2a: Eternatus|95\/100|[from] item: Leftovers\n|-heal|p1a: Umbreon|22\/100 psn|[from] item: Leftovers\n|-damage|p1a: Umbreon|10\/100 psn|[from] psn\n|upkeep\n|turn|14\n|\n|t:|1698453090\n|move|p1a: Umbreon|Protect|p1a: Umbreon\n|-singleturn|p1a: Umbreon|Protect\n|move|p2a: Eternatus|Sludge Bomb|p1a: Umbreon\n|-activate|p1a: Umbreon|move: Protect\n|\n|-heal|p1a: Umbreon|60\/100 psn|[from] move: Wish|[wisher] Umbreon\n|-heal|p2a: Eternatus|100\/100|[from] item: Leftovers\n|-heal|p1a: Umbreon|66\/100 psn|[from] item: Leftovers\n|-damage|p1a: Umbreon|53\/100 psn|[from] psn\n|upkeep\n|turn|15\n|\n|t:|1698453102\n|move|p2a: Eternatus|Dynamax Cannon|p1a: Umbreon\n|-damage|p1a: Umbreon|23\/100 psn\n|move|p1a: Umbreon|Wish|p1a: Umbreon\n|\n|-heal|p1a: Umbreon|29\/100 psn|[from] item: Leftovers\n|-damage|p1a: Umbreon|16\/100 psn|[from] psn\n|upkeep\n|turn|16\n|\n|t:|1698453108\n|move|p1a: Umbreon|Protect|p1a: Umbreon\n|-singleturn|p1a: Umbreon|Protect\n|move|p2a: Eternatus|Sludge Bomb|p1a: Umbreon\n|-activate|p1a: Umbreon|move: Protect\n|\n|-heal|p1a: Umbreon|66\/100 psn|[from] move: Wish|[wisher] Umbreon\n|-heal|p1a: Umbreon|72\/100 psn|[from] item: Leftovers\n|-damage|p1a: Umbreon|60\/100 psn|[from] psn\n|upkeep\n|turn|17\n|\n|t:|1698453119\n|move|p2a: Eternatus|Dynamax Cannon|p1a: Umbreon\n|-damage|p1a: Umbreon|29\/100 psn\n|move|p1a: Umbreon|Wish|p1a: Umbreon\n|\n|-heal|p1a: Umbreon|35\/100 psn|[from] item: Leftovers\n|-damage|p1a: Umbreon|22\/100 psn|[from] psn\n|upkeep\n|turn|18\n|\n|t:|1698453127\n|move|p1a: Umbreon|Protect|p1a: Umbreon\n|-singleturn|p1a: Umbreon|Protect\n|move|p2a: Eternatus|Sludge Bomb|p1a: Umbreon\n|-activate|p1a: Umbreon|move: Protect\n|\n|-heal|p1a: Umbreon|72\/100 psn|[from] move: Wish|[wisher] Umbreon\n|-heal|p1a: Umbreon|78\/100 psn|[from] item: Leftovers\n|-damage|p1a: Umbreon|66\/100 psn|[from] psn\n|upkeep\n|turn|19\n|\n|t:|1698453139\n|move|p2a: Eternatus|Dynamax Cannon|p1a: Umbreon\n|-damage|p1a: Umbreon|38\/100 psn\n|move|p1a: Umbreon|Wish|p1a: Umbreon\n|\n|-heal|p1a: Umbreon|44\/100 psn|[from] item: Leftovers\n|-damage|p1a: Umbreon|32\/100 psn|[from] psn\n|upkeep\n|turn|20\n|\n|t:|1698453146\n|move|p1a: Umbreon|Protect|p1a: Umbreon\n|-singleturn|p1a: Umbreon|Protect\n|move|p2a: Eternatus|Sludge Bomb|p1a: Umbreon\n|-activate|p1a: Umbreon|move: Protect\n|\n|-heal|p1a: Umbreon|82\/100 psn|[from] move: Wish|[wisher] Umbreon\n|-heal|p1a: Umbreon|88\/100 psn|[from] item: Leftovers\n|-damage|p1a: Umbreon|76\/100 psn|[from] psn\n|upkeep\n|turn|21\n|\n|t:|1698453156\n|move|p2a: Eternatus|Sludge Bomb|p1a: Umbreon\n|-damage|p1a: Umbreon|48\/100 psn\n|move|p1a: Umbreon|Wish|p1a: Umbreon\n|\n|-heal|p1a: Umbreon|54\/100 psn|[from] item: Leftovers\n|-damage|p1a: Umbreon|42\/100 psn|[from] psn\n|upkeep\n|turn|22\n|\n|t:|1698453163\n|move|p1a: Umbreon|Protect|p1a: Umbreon\n|-singleturn|p1a: Umbreon|Protect\n|move|p2a: Eternatus|Sludge Bomb|p1a: Umbreon\n|-activate|p1a: Umbreon|move: Protect\n|\n|-heal|p1a: Umbreon|92\/100 psn|[from] move: Wish|[wisher] Umbreon\n|-heal|p1a: Umbreon|98\/100 psn|[from] item: Leftovers\n|-damage|p1a: Umbreon|86\/100 psn|[from] psn\n|upkeep\n|turn|23\n|\n|t:|1698453177\n|move|p2a: Eternatus|Sludge Bomb|p1a: Umbreon\n|-damage|p1a: Umbreon|57\/100 psn\n|move|p1a: Umbreon|Foul Play|p2a: Eternatus\n|-damage|p2a: Eternatus|82\/100\n|\n|-heal|p2a: Eternatus|88\/100|[from] item: Leftovers\n|-heal|p1a: Umbreon|63\/100 psn|[from] item: Leftovers\n|-damage|p1a: Umbreon|51\/100 psn|[from] psn\n|upkeep\n|turn|24\n|\n|t:|1698453189\n|move|p2a: Eternatus|Sludge Bomb|p1a: Umbreon\n|-damage|p1a: Umbreon|25\/100 psn\n|move|p1a: Umbreon|Wish|p1a: Umbreon\n|\n|-heal|p2a: Eternatus|94\/100|[from] item: Leftovers\n|-heal|p1a: Umbreon|31\/100 psn|[from] item: Leftovers\n|-damage|p1a: Umbreon|18\/100 psn|[from] psn\n|upkeep\n|turn|25\n|\n|t:|1698453197\n|move|p1a: Umbreon|Protect|p1a: Umbreon\n|-singleturn|p1a: Umbreon|Protect\n|move|p2a: Eternatus|Sludge Bomb|p1a: Umbreon\n|-activate|p1a: Umbreon|move: Protect\n|\n|-heal|p1a: Umbreon|68\/100 psn|[from] move: Wish|[wisher] Umbreon\n|-heal|p2a: Eternatus|99\/100|[from] item: Leftovers\n|-heal|p1a: Umbreon|74\/100 psn|[from] item: Leftovers\n|-damage|p1a: Umbreon|62\/100 psn|[from] psn\n|upkeep\n|turn|26\n|\n|t:|1698453208\n|move|p2a: Eternatus|Sludge Bomb|p1a: Umbreon\n|-damage|p1a: Umbreon|35\/100 psn\n|move|p1a: Umbreon|Wish|p1a: Umbreon\n|\n|-heal|p2a: Eternatus|100\/100|[from] item: Leftovers\n|-heal|p1a: Umbreon|41\/100 psn|[from] item: Leftovers\n|-damage|p1a: Umbreon|28\/100 psn|[from] psn\n|upkeep\n|turn|27\n|\n|t:|1698453217\n|move|p1a: Umbreon|Protect|p1a: Umbreon\n|-singleturn|p1a: Umbreon|Protect\n|move|p2a: Eternatus|Sludge Bomb|p1a: Umbreon\n|-activate|p1a: Umbreon|move: Protect\n|\n|-heal|p1a: Umbreon|78\/100 psn|[from] move: Wish|[wisher] Umbreon\n|-heal|p1a: Umbreon|84\/100 psn|[from] item: Leftovers\n|-damage|p1a: Umbreon|72\/100 psn|[from] psn\n|upkeep\n|turn|28\n|\n|t:|1698453226\n|move|p2a: Eternatus|Sludge Bomb|p1a: Umbreon\n|-damage|p1a: Umbreon|47\/100 psn\n|move|p1a: Umbreon|Wish|p1a: Umbreon\n|\n|-heal|p1a: Umbreon|53\/100 psn|[from] item: Leftovers\n|-damage|p1a: Umbreon|41\/100 psn|[from] psn\n|upkeep\n|turn|29\n|\n|t:|1698453233\n|move|p1a: Umbreon|Protect|p1a: Umbreon\n|-singleturn|p1a: Umbreon|Protect\n|move|p2a: Eternatus|Sludge Bomb|p1a: Umbreon\n|-activate|p1a: Umbreon|move: Protect\n|\n|-heal|p1a: Umbreon|91\/100 psn|[from] move: Wish|[wisher] Umbreon\n|-heal|p1a: Umbreon|97\/100 psn|[from] item: Leftovers\n|-damage|p1a: Umbreon|85\/100 psn|[from] psn\n|upkeep\n|turn|30\n|\n|t:|1698453243\n|move|p2a: Eternatus|Fire Blast|p1a: Umbreon\n|-damage|p1a: Umbreon|61\/100 psn\n|move|p1a: Umbreon|Wish|p1a: Umbreon\n|\n|-heal|p1a: Umbreon|68\/100 psn|[from] item: Leftovers\n|-damage|p1a: Umbreon|55\/100 psn|[from] psn\n|upkeep\n|turn|31\n|\n|t:|1698453251\n|move|p2a: Eternatus|Fire Blast|p1a: Umbreon\n|-damage|p1a: Umbreon|32\/100 psn\n|move|p1a: Umbreon|Foul Play|p2a: Eternatus\n|-damage|p2a: Eternatus|82\/100\n|\n|-heal|p1a: Umbreon|82\/100 psn|[from] move: Wish|[wisher] Umbreon\n|-heal|p2a: Eternatus|89\/100|[from] item: Leftovers\n|-heal|p1a: Umbreon|88\/100 psn|[from] item: Leftovers\n|-damage|p1a: Umbreon|76\/100 psn|[from] psn\n|upkeep\n|turn|32\n|\n|t:|1698453262\n|move|p2a: Eternatus|Fire Blast|p1a: Umbreon\n|-damage|p1a: Umbreon|53\/100 psn\n|move|p1a: Umbreon|Wish|p1a: Umbreon\n|\n|-heal|p2a: Eternatus|95\/100|[from] item: Leftovers\n|-heal|p1a: Umbreon|59\/100 psn|[from] item: Leftovers\n|-damage|p1a: Umbreon|46\/100 psn|[from] psn\n|upkeep\n|turn|33\n|\n|t:|1698453270\n|move|p1a: Umbreon|Protect|p1a: Umbreon\n|-singleturn|p1a: Umbreon|Protect\n|move|p2a: Eternatus|Fire Blast|p1a: Umbreon\n|-activate|p1a: Umbreon|move: Protect\n|\n|-heal|p1a: Umbreon|96\/100 psn|[from] move: Wish|[wisher] Umbreon\n|-heal|p2a: Eternatus|100\/100|[from] item: Leftovers\n|-heal|p1a: Umbreon|100\/100 psn|[from] item: Leftovers\n|-damage|p1a: Umbreon|88\/100 psn|[from] psn\n|upkeep\n|turn|34\n|\n|t:|1698453281\n|move|p2a: Eternatus|Fire Blast|p1a: Umbreon\n|-damage|p1a: Umbreon|66\/100 psn\n|move|p1a: Umbreon|Foul Play|p2a: Eternatus\n|-damage|p2a: Eternatus|81\/100\n|\n|-heal|p2a: Eternatus|87\/100|[from] item: Leftovers\n|-heal|p1a: Umbreon|72\/100 psn|[from] item: Leftovers\n|-damage|p1a: Umbreon|60\/100 psn|[from] psn\n|upkeep\n|turn|35\n|\n|t:|1698453290\n|move|p2a: Eternatus|Fire Blast|p1a: Umbreon\n|-damage|p1a: Umbreon|39\/100 psn\n|move|p1a: Umbreon|Wish|p1a: Umbreon\n|\n|-heal|p2a: Eternatus|93\/100|[from] item: Leftovers\n|-heal|p1a: Umbreon|45\/100 psn|[from] item: Leftovers\n|-damage|p1a: Umbreon|32\/100 psn|[from] psn\n|upkeep\n|turn|36\n|\n|t:|1698453298\n|move|p1a: Umbreon|Protect|p1a: Umbreon\n|-singleturn|p1a: Umbreon|Protect\n|move|p2a: Eternatus|Fire Blast|p1a: Umbreon\n|-activate|p1a: Umbreon|move: Protect\n|\n|-heal|p1a: Umbreon|82\/100 psn|[from] move: Wish|[wisher] Umbreon\n|-heal|p2a: Eternatus|99\/100|[from] item: Leftovers\n|-heal|p1a: Umbreon|89\/100 psn|[from] item: Leftovers\n|-damage|p1a: Umbreon|76\/100 psn|[from] psn\n|upkeep\n|turn|37\n|\n|t:|1698453309\n|move|p2a: Eternatus|Fire Blast|p1a: Umbreon|[miss]\n|-miss|p2a: Eternatus|p1a: Umbreon\n|move|p1a: Umbreon|Wish|p1a: Umbreon\n|\n|-heal|p2a: Eternatus|100\/100|[from] item: Leftovers\n|-heal|p1a: Umbreon|82\/100 psn|[from] item: Leftovers\n|-damage|p1a: Umbreon|70\/100 psn|[from] psn\n|upkeep\n|turn|38\n|\n|t:|1698453323\n|switch|p2a: Regigigas|Regigigas|100\/100\n|-start|p2a: Regigigas|ability: Slow Start\n|move|p1a: Umbreon|Foul Play|p2a: Regigigas\n|-damage|p2a: Regigigas|53\/100\n|\n|-heal|p1a: Umbreon|100\/100 psn|[from] move: Wish|[wisher] Umbreon\n|-heal|p2a: Regigigas|59\/100|[from] item: Leftovers\n|-damage|p1a: Umbreon|88\/100 psn|[from] psn\n|upkeep\n|turn|39\n|\n|t:|1698453357\n|move|p2a: Regigigas|Protect|p2a: Regigigas\n|-singleturn|p2a: Regigigas|Protect\n|move|p1a: Umbreon|Toxic|p2a: Regigigas\n|-activate|p2a: Regigigas|move: Protect\n|\n|-heal|p1a: Umbreon|94\/100 psn|[from] item: Leftovers\n|-heal|p2a: Regigigas|65\/100|[from] item: Leftovers\n|-damage|p1a: Umbreon|82\/100 psn|[from] psn\n|upkeep\n|turn|40\n|\n|t:|1698453368\n|move|p1a: Umbreon|Toxic|p2a: Regigigas\n|-status|p2a: Regigigas|tox\n|move|p2a: Regigigas|Substitute|p2a: Regigigas\n|-start|p2a: Regigigas|Substitute\n|-damage|p2a: Regigigas|40\/100 tox\n|\n|-heal|p1a: Umbreon|88\/100 psn|[from] item: Leftovers\n|-heal|p2a: Regigigas|46\/100 tox|[from] item: Leftovers\n|-damage|p1a: Umbreon|75\/100 psn|[from] psn\n|-damage|p2a: Regigigas|40\/100 tox|[from] psn\n|upkeep\n|turn|41\n|\n|t:|1698453380\n|move|p1a: Umbreon|Wish|p1a: Umbreon\n|move|p2a: Regigigas|Knock Off|p1a: Umbreon\n|-resisted|p1a: Umbreon\n|-damage|p1a: Umbreon|68\/100 psn\n|-enditem|p1a: Umbreon|Leftovers|[from] move: Knock Off|[of] p2a: Regigigas\n|\n|-heal|p2a: Regigigas|46\/100 tox|[from] item: Leftovers\n|-damage|p1a: Umbreon|56\/100 psn|[from] psn\n|-damage|p2a: Regigigas|34\/100 tox|[from] psn\n|upkeep\n|turn|42\n|\n|t:|1698453392\n|move|p2a: Regigigas|Protect|p2a: Regigigas\n|-singleturn|p2a: Regigigas|Protect\n|move|p1a: Umbreon|Foul Play|p2a: Regigigas\n|-activate|p2a: Regigigas|move: Protect\n|\n|-heal|p1a: Umbreon|100\/100 psn|[from] move: Wish|[wisher] Umbreon\n|-heal|p2a: Regigigas|40\/100 tox|[from] item: Leftovers\n|-damage|p1a: Umbreon|88\/100 psn|[from] psn\n|-damage|p2a: Regigigas|22\/100 tox|[from] psn\n|-end|p2a: Regigigas|Slow Start\n|upkeep\n|turn|43\n|\n|t:|1698453405\n|move|p1a: Umbreon|Protect|p1a: Umbreon\n|-singleturn|p1a: Umbreon|Protect\n|move|p2a: Regigigas|Return|p1a: Umbreon\n|-activate|p1a: Umbreon|move: Protect\n|\n|-heal|p2a: Regigigas|28\/100 tox|[from] item: Leftovers\n|-damage|p2a: Regigigas|4\/100 tox|[from] psn\n|-damage|p1a: Umbreon|76\/100 psn|[from] psn\n|upkeep\n|turn|44\n|\n|t:|1698453415\n|move|p2a: Regigigas|Return|p1a: Umbreon\n|-damage|p1a: Umbreon|24\/100 psn\n|move|p1a: Umbreon|Wish|p1a: Umbreon\n|\n|-heal|p2a: Regigigas|10\/100 tox|[from] item: Leftovers\n|-damage|p2a: Regigigas|0 fnt|[from] psn\n|faint|p2a: Regigigas\n|-end|p2a: Regigigas|Slow Start|[silent]\n|-damage|p1a: Umbreon|11\/100 psn|[from] psn\n|upkeep\n|\n|t:|1698453433\n|switch|p2a: Zapdos|Zapdos|81\/100\n|turn|45\n|\n|t:|1698453439\n|move|p1a: Umbreon|Protect|p1a: Umbreon\n|-singleturn|p1a: Umbreon|Protect\n|move|p2a: Zapdos|Volt Switch|p1a: Umbreon\n|-activate|p1a: Umbreon|move: Protect\n|\n|-heal|p1a: Umbreon|61\/100 psn|[from] move: Wish|[wisher] Umbreon\n|-damage|p1a: Umbreon|49\/100 psn|[from] psn\n|upkeep\n|turn|46\n|\n|t:|1698453452\n|move|p2a: Zapdos|Volt Switch|p1a: Umbreon\n|-damage|p1a: Umbreon|19\/100 psn\n|\n|t:|1698453457\n|switch|p2a: Seviper|Seviper, M|68\/100|[from] Volt Switch\n|move|p1a: Umbreon|Wish|p1a: Umbreon\n|\n|-heal|p2a: Seviper|74\/100|[from] item: Leftovers\n|-damage|p1a: Umbreon|6\/100 psn|[from] psn\n|upkeep\n|turn|47\n|\n|t:|1698453469\n|switch|p1a: Banette|Banette, M, shiny|100\/100\n|move|p2a: Seviper|Trailblaze|p1a: Banette\n|-damage|p1a: Banette|80\/100\n|-boost|p2a: Seviper|spe|1\n|\n|-heal|p1a: Banette|100\/100|[from] move: Wish|[wisher] Umbreon\n|-heal|p2a: Seviper|80\/100|[from] item: Leftovers\n|upkeep\n|turn|48\n|\n|t:|1698453501\n|move|p2a: Seviper|Swords Dance|p2a: Seviper\n|-boost|p2a: Seviper|atk|2\n|move|p1a: Banette|Swords Dance|p1a: Banette\n|-boost|p1a: Banette|atk|2\n|\n|-heal|p2a: Seviper|86\/100|[from] item: Leftovers\n|upkeep\n|turn|49\n|\n|t:|1698453526\n|move|p1a: Banette|Shadow Sneak|p2a: Seviper\n|-damage|p2a: Seviper|0 fnt\n|faint|p2a: Seviper\n|-damage|p1a: Banette|91\/100|[from] item: Life Orb\n|\n|upkeep\n|\n|t:|1698453539\n|switch|p2a: Zapdos|Zapdos|81\/100\n|turn|50\n|\n|t:|1698453563\n|move|p1a: Banette|Shadow Sneak|p2a: Zapdos\n|-damage|p2a: Zapdos|12\/100\n|-damage|p1a: Banette|81\/100|[from] item: Life Orb\n|move|p2a: Zapdos|Thunderbolt|p1a: Banette\n|-damage|p1a: Banette|0 fnt\n|faint|p1a: Banette\n|\n|upkeep\n|\n|t:|1698453580\n|switch|p1a: Xurkitree|Xurkitree, shiny, tera:Fairy|100\/100\n|turn|51\n|\n|t:|1698453586\n|move|p1a: Xurkitree|Dazzling Gleam|p2a: Zapdos\n|-damage|p2a: Zapdos|0 fnt\n|faint|p2a: Zapdos\n|-ability|p1a: Xurkitree|Beast Boost|boost\n|-boost|p1a: Xurkitree|spa|1\n|\n|upkeep\n|\n|t:|1698453596\n|switch|p2a: Eternatus|Eternatus|100\/100\n|-ability|p2a: Eternatus|Pressure\n|turn|52\n|\n|t:|1698453604\n|move|p1a: Xurkitree|Dazzling Gleam|p2a: Eternatus\n|-damage|p2a: Eternatus|24\/100\n|move|p2a: Eternatus|Sludge Bomb|p1a: Xurkitree\n|-supereffective|p1a: Xurkitree\n|-damage|p1a: Xurkitree|0 fnt\n|faint|p1a: Xurkitree\n|\n|-heal|p2a: Eternatus|30\/100|[from] item: Leftovers\n|upkeep\n|\n|t:|1698453610\n|switch|p1a: Umbreon|Umbreon, M, shiny|6\/100 psn\n|turn|53\n|\n|t:|1698453618\n|move|p2a: Eternatus|Sludge Bomb|p1a: Umbreon\n|-damage|p1a: Umbreon|0 fnt\n|faint|p1a: Umbreon\n|\n|win|CaptainMaxerica\n","uploadtime":1698453627,"views":6,"p1id":"eshan1210","p2id":"captainmaxerica","formatid":"gen9nationaldexubers","rating":0,"private":0,"password":""}