{"id":"gen9nationaldexubers-1977836957","p1":"TheShinyBisharp360","p2":"AceTheInadequate","format":"[Gen 9] National Dex Ubers","log":"|j|\u2606TheShinyBisharp360\n|j|\u2606AceTheInadequate\n|t:|1698455668\n|gametype|singles\n|player|p1|TheShinyBisharp360|dawn|\n|player|p2|AceTheInadequate|guitarist|\n|teamsize|p1|6\n|teamsize|p2|6\n|gen|9\n|tier|[Gen 9] National Dex Ubers\n|rule|HP Percentage Mod: HP is shown in percentages\n|rule|Endless Battle Clause: Forcing endless battles is banned\n|rule|OHKO Clause: OHKO moves are banned\n|rule|Evasion Moves Clause: Evasion moves are banned\n|rule|Evasion Items Clause: Evasion items are banned\n|rule|Species Clause: Limit one of each Pok\u00e9mon\n|rule|Sleep Clause Mod: Limit one foe put to sleep\n|rule|Mega Rayquaza Clause: You cannot mega evolve Rayquaza\n|clearpoke\n|poke|p1|Glalie, F|\n|poke|p1|Cloyster, M|\n|poke|p1|Iron Bundle|\n|poke|p1|Baxcalibur, M|\n|poke|p1|Arctozolt|\n|poke|p1|Ninetales-Alola, F|\n|poke|p2|Volcarona, M|\n|poke|p2|Scizor, F|\n|poke|p2|Slither Wing|\n|poke|p2|Araquanid, M|\n|poke|p2|Ribombee, F|\n|poke|p2|Galvantula, M|\n|teampreview\n|\n|t:|1698455684\n|start\n|switch|p1a: Glalie|Glalie, F|100\/100\n|switch|p2a: McQueen|Scizor, F|100\/100\n|turn|1\n|j| Cross12000\n|\n|t:|1698455690\n|detailschange|p2a: McQueen|Scizor-Mega, F\n|-mega|p2a: McQueen|Scizor|Scizorite\n|move|p1a: Glalie|Protect|p1a: Glalie\n|-singleturn|p1a: Glalie|Protect\n|move|p2a: McQueen|Swords Dance|p2a: McQueen\n|-boost|p2a: McQueen|atk|2\n|\n|-ability|p1a: Glalie|Moody|boost\n|-boost|p1a: Glalie|spe|2\n|-unboost|p1a: Glalie|def|1\n|upkeep\n|turn|2\n|j| colostomy\n|\n|t:|1698455714\n|detailschange|p1a: Glalie|Glalie-Mega, F\n|-mega|p1a: Glalie|Glalie|Glalitite\n|move|p2a: McQueen|Bullet Punch|p1a: Glalie\n|-supereffective|p1a: Glalie\n|-damage|p1a: Glalie|0 fnt\n|faint|p1a: Glalie\n|\n|upkeep\n|\n|t:|1698455722\n|switch|p1a: Frost Burn|Ninetales-Alola, F|100\/100\n|-weather|Snow|[from] ability: Snow Warning|[of] p1a: Frost Burn\n|turn|3\n|\n|t:|1698455738\n|-terastallize|p1a: Frost Burn|Fire\n|move|p1a: Frost Burn|Hypnosis|p2a: McQueen|[miss]\n|-miss|p1a: Frost Burn|p2a: McQueen\n|move|p2a: McQueen|Swords Dance|p2a: McQueen\n|-boost|p2a: McQueen|atk|2\n|\n|-weather|Snow|[upkeep]\n|upkeep\n|turn|4\n|\n|t:|1698455750\n|move|p2a: McQueen|Bullet Punch|p1a: Frost Burn\n|-resisted|p1a: Frost Burn\n|-damage|p1a: Frost Burn|17\/100\n|move|p1a: Frost Burn|Hypnosis|p2a: McQueen|[miss]\n|-miss|p1a: Frost Burn|p2a: McQueen\n|\n|-weather|Snow|[upkeep]\n|upkeep\n|turn|5\n|\n|t:|1698455759\n|move|p2a: McQueen|Bullet Punch|p1a: Frost Burn\n|-resisted|p1a: Frost Burn\n|-damage|p1a: Frost Burn|0 fnt\n|faint|p1a: Frost Burn\n|\n|-weather|Snow|[upkeep]\n|upkeep\n|\n|t:|1698455767\n|switch|p1a: Cloyster|Cloyster, M|100\/100\n|turn|6\n|\n|t:|1698455776\n|move|p2a: McQueen|Bullet Punch|p1a: Cloyster\n|-damage|p1a: Cloyster|40\/100\n|move|p1a: Cloyster|Icicle Spear|p2a: McQueen\n|-resisted|p2a: McQueen\n|-damage|p2a: McQueen|96\/100\n|-resisted|p2a: McQueen\n|-damage|p2a: McQueen|91\/100\n|-resisted|p2a: McQueen\n|-damage|p2a: McQueen|87\/100\n|-resisted|p2a: McQueen\n|-damage|p2a: McQueen|82\/100\n|-resisted|p2a: McQueen\n|-damage|p2a: McQueen|78\/100\n|-hitcount|p2a: McQueen|5\n|\n|-weather|Snow|[upkeep]\n|upkeep\n|turn|7\n|\n|t:|1698455790\n|move|p2a: McQueen|Bullet Punch|p1a: Cloyster\n|-damage|p1a: Cloyster|0 fnt\n|faint|p1a: Cloyster\n|\n|-weather|Snow|[upkeep]\n|upkeep\n|\n|t:|1698455795\n|switch|p1a: Arctozolt|Arctozolt|100\/100\n|turn|8\n|\n|t:|1698455799\n|move|p2a: McQueen|Bullet Punch|p1a: Arctozolt\n|-damage|p1a: Arctozolt|5\/100\n|move|p1a: Arctozolt|Bolt Beak|p2a: McQueen\n|-damage|p2a: McQueen|35\/100\n|\n|-weather|Snow|[upkeep]\n|upkeep\n|turn|9\n|\n|t:|1698455806\n|move|p2a: McQueen|Bullet Punch|p1a: Arctozolt\n|-damage|p1a: Arctozolt|0 fnt\n|faint|p1a: Arctozolt\n|\n|-weather|Snow|[upkeep]\n|upkeep\n|\n|t:|1698455815\n|switch|p1a: Baxcalibur|Baxcalibur, M|100\/100\n|turn|10\n|\n|t:|1698455823\n|move|p2a: McQueen|Bullet Punch|p1a: Baxcalibur\n|-supereffective|p1a: Baxcalibur\n|-damage|p1a: Baxcalibur|0 fnt\n|faint|p1a: Baxcalibur\n|\n|-weather|none\n|upkeep\n|\n|t:|1698455829\n|switch|p1a: Iron Bundle|Iron Bundle|100\/100\n|-enditem|p1a: Iron Bundle|Booster Energy\n|-activate|p1a: Iron Bundle|ability: Quark Drive|[fromitem]\n|-start|p1a: Iron Bundle|quarkdrivespe\n|turn|11\n|c| colostomy|scizor\n|c| colostomy|i woulf\n|\n|t:|1698455840\n|move|p2a: McQueen|Bullet Punch|p1a: Iron Bundle\n|-damage|p1a: Iron Bundle|0 fnt\n|faint|p1a: Iron Bundle\n|-end|p1a: Iron Bundle|Quark Drive|[silent]\n|\n|win|AceTheInadequate\n|l| colostomy\n","uploadtime":1698455856,"views":7,"p1id":"theshinybisharp360","p2id":"acetheinadequate","formatid":"gen9nationaldexubers","rating":0,"private":0,"password":""}