{"id":"gen9nationaldexubers-1990557407","p1":"amweird","p2":"ResearcherShrapnel","format":"[Gen 9] National Dex Ubers","log":"|j|\u2606amweird\n|j|\u203dResearcherShrapnel\n|t:|1699981248\n|gametype|singles\n|player|p1|amweird|youngn|1228\n|player|p2|ResearcherShrapnel|allister|1324\n|teamsize|p1|6\n|teamsize|p2|6\n|gen|9\n|tier|[Gen 9] National Dex Ubers\n|rated|\n|rule|HP Percentage Mod: HP is shown in percentages\n|rule|Endless Battle Clause: Forcing endless battles is banned\n|rule|OHKO Clause: OHKO moves are banned\n|rule|Evasion Moves Clause: Evasion moves are banned\n|rule|Evasion Items Clause: Evasion items are banned\n|rule|Species Clause: Limit one of each Pok\u00e9mon\n|rule|Sleep Clause Mod: Limit one foe put to sleep\n|rule|Mega Rayquaza Clause: You cannot mega evolve Rayquaza\n|clearpoke\n|poke|p1|Darkrai|\n|poke|p1|Kingambit, F|\n|poke|p1|Chi-Yu|\n|poke|p1|Ting-Lu|\n|poke|p1|Chien-Pao|\n|poke|p1|Yveltal|\n|poke|p2|Ho-Oh|\n|poke|p2|Zygarde|\n|poke|p2|Marshadow|\n|poke|p2|Groudon|\n|poke|p2|Porygon-Z|\n|poke|p2|Xerneas-*|\n|teampreview\n|inactive|Battle timer is ON: inactive players will automatically lose when time's up. (requested by ResearcherShrapnel)\n|inactive|amweird also wants the timer to be on.\n|inactive|amweird has 120 seconds left.\n|\n|t:|1699981291\n|start\n|switch|p1a: Darkrai|Darkrai|100\/100\n|switch|p2a: Xerneas|Xerneas|100\/100\n|-ability|p2a: Xerneas|Fairy Aura\n|turn|1\n|\n|t:|1699981295\n|move|p1a: Darkrai|Hypnosis|p2a: Xerneas\n|-status|p2a: Xerneas|slp|[from] move: Hypnosis\n|cant|p2a: Xerneas|slp\n|\n|-damage|p2a: Xerneas|88\/100 slp|[from] ability: Bad Dreams|[of] p1a: Darkrai\n|upkeep\n|turn|2\n|\n|t:|1699981302\n|switch|p2a: Zygarde|Zygarde, shiny|100\/100\n|move|p1a: Darkrai|Nasty Plot|p1a: Darkrai\n|-boost|p1a: Darkrai|spa|2\n|\n|upkeep\n|turn|3\n|\n|t:|1699981314\n|-terastallize|p2a: Zygarde|Normal\n|move|p2a: Zygarde|Extreme Speed|p1a: Darkrai\n|-damage|p1a: Darkrai|61\/100\n|move|p1a: Darkrai|Dark Pulse|p2a: Zygarde\n|-damage|p2a: Zygarde|34\/100\n|\n|-heal|p1a: Darkrai|67\/100|[from] item: Leftovers\n|-activate|p2a: Zygarde|ability: Power Construct\n|detailschange|p2a: Zygarde|Zygarde-Complete, shiny, tera:Normal\n|-heal|p2a: Zygarde|57\/100|[silent]\n|upkeep\n|turn|4\n|\n|t:|1699981322\n|move|p2a: Zygarde|Extreme Speed|p1a: Darkrai\n|-damage|p1a: Darkrai|28\/100\n|move|p1a: Darkrai|Dark Pulse|p2a: Zygarde\n|-damage|p2a: Zygarde|12\/100\n|\n|-heal|p1a: Darkrai|34\/100|[from] item: Leftovers\n|upkeep\n|turn|5\n|\n|t:|1699981327\n|move|p2a: Zygarde|Extreme Speed|p1a: Darkrai\n|-damage|p1a: Darkrai|0 fnt\n|faint|p1a: Darkrai\n|\n|upkeep\n|\n|t:|1699981334\n|switch|p1a: Chien-Pao|Chien-Pao|100\/100\n|-ability|p1a: Chien-Pao|Sword of Ruin\n|turn|6\n|\n|t:|1699981337\n|move|p1a: Chien-Pao|Swords Dance|p1a: Chien-Pao\n|-boost|p1a: Chien-Pao|atk|2\n|move|p2a: Zygarde|Rest|p2a: Zygarde\n|-status|p2a: Zygarde|slp|[from] move: Rest\n|-heal|p2a: Zygarde|100\/100 slp|[silent]\n|-enditem|p2a: Zygarde|Chesto Berry|[eat]\n|-curestatus|p2a: Zygarde|slp|[msg]\n|\n|upkeep\n|turn|7\n|\n|t:|1699981341\n|move|p1a: Chien-Pao|Sacred Sword|p2a: Zygarde\n|-supereffective|p2a: Zygarde\n|-damage|p2a: Zygarde|38\/100\n|move|p2a: Zygarde|Thousand Arrows|p1a: Chien-Pao\n|-damage|p1a: Chien-Pao|53\/100\n|\n|upkeep\n|turn|8\n|\n|t:|1699981346\n|move|p1a: Chien-Pao|Sacred Sword|p2a: Zygarde\n|-supereffective|p2a: Zygarde\n|-damage|p2a: Zygarde|0 fnt\n|faint|p2a: Zygarde\n|\n|upkeep\n|\n|t:|1699981349\n|switch|p2a: Marshadow|Marshadow|100\/100\n|turn|9\n|\n|t:|1699981361\n|switch|p1a: Yveltal|Yveltal|100\/100\n|-ability|p1a: Yveltal|Dark Aura\n|move|p2a: Marshadow|Low Kick|p1a: Yveltal\n|-damage|p1a: Yveltal|50\/100\n|\n|-heal|p1a: Yveltal|56\/100|[from] item: Leftovers\n|upkeep\n|turn|10\n|\n|t:|1699981367\n|move|p2a: Marshadow|Low Kick|p1a: Yveltal\n|-damage|p1a: Yveltal|6\/100\n|move|p1a: Yveltal|Oblivion Wing|p2a: Marshadow\n|-supereffective|p2a: Marshadow\n|-damage|p2a: Marshadow|0 fnt\n|-heal|p1a: Yveltal|58\/100|[from] drain|[of] p2a: Marshadow\n|faint|p2a: Marshadow\n|\n|-heal|p1a: Yveltal|65\/100|[from] item: Leftovers\n|upkeep\n|\n|t:|1699981375\n|switch|p2a: Xerneas|Xerneas|88\/100 slp\n|-ability|p2a: Xerneas|Fairy Aura\n|turn|11\n|-message|ResearcherShrapnel forfeited.\n|\n|win|amweird\n|raw|amweird's rating: 1228 &rarr; <strong>1260<\/strong><br \/>(+32 for winning)\n|raw|ResearcherShrapnel's rating: 1324 &rarr; <strong>1299<\/strong><br \/>(-25 for losing)\n|l|\u203dResearcherShrapnel\n","uploadtime":1699981396,"views":6,"p1id":"amweird","p2id":"researchershrapnel","formatid":"gen9nationaldexubers","rating":1260,"private":0,"password":""}