{"id":"gen9nationaldexubers-1987053116","p1":"The Chicago Tauros","p2":"GeorgiaEternatuss","format":"[Gen 9] National Dex Ubers","log":"|j|\u2606The Chicago Tauros\n|j|\u2606GeorgiaEternatuss\n|t:|1699552246\n|gametype|singles\n|player|p1|The Chicago Tauros|pokemonranger|\n|player|p2|GeorgiaEternatuss|steven|\n|teamsize|p1|6\n|teamsize|p2|6\n|gen|9\n|tier|[Gen 9] National Dex Ubers\n|rule|HP Percentage Mod: HP is shown in percentages\n|rule|Endless Battle Clause: Forcing endless battles is banned\n|rule|OHKO Clause: OHKO moves are banned\n|rule|Evasion Moves Clause: Evasion moves are banned\n|rule|Evasion Items Clause: Evasion items are banned\n|rule|Species Clause: Limit one of each Pok\u00e9mon\n|rule|Sleep Clause Mod: Limit one foe put to sleep\n|rule|Mega Rayquaza Clause: You cannot mega evolve Rayquaza\n|clearpoke\n|poke|p1|Necrozma-Dusk-Mane|\n|poke|p1|Lopunny, F|\n|poke|p1|Tyranitar, F|\n|poke|p1|Palkia-Origin|\n|poke|p1|Bronzong|\n|poke|p1|Cottonee, F|\n|poke|p2|Naganadel|\n|poke|p2|Porygon2|\n|poke|p2|Zapdos|\n|poke|p2|Umbreon, F|\n|poke|p2|Greninja-*, F|\n|poke|p2|Diancie|\n|teampreview\n|\n|t:|1699552265\n|start\n|switch|p1a: Bronzong|Bronzong|100\/100\n|switch|p2a: Naganadel|Naganadel|100\/100\n|turn|1\n|\n|t:|1699552281\n|switch|p2a: Umbreon|Umbreon, F|100\/100\n|move|p1a: Bronzong|Stealth Rock|p2a: Umbreon\n|-sidestart|p2: GeorgiaEternatuss|move: Stealth Rock\n|\n|upkeep\n|turn|2\n|\n|t:|1699552289\n|move|p2a: Umbreon|Foul Play|p1a: Bronzong\n|-supereffective|p1a: Bronzong\n|-damage|p1a: Bronzong|43\/100\n|move|p1a: Bronzong|Toxic|p2a: Umbreon\n|-status|p2a: Umbreon|tox\n|-activate|p2a: Umbreon|ability: Synchronize\n|-immune|p1a: Bronzong\n|\n|-heal|p1a: Bronzong|49\/100|[from] item: Leftovers\n|-damage|p2a: Umbreon|94\/100 tox|[from] psn\n|upkeep\n|turn|3\n|\n|t:|1699552309\n|switch|p2a: Zapdos|Zapdos|100\/100\n|-damage|p2a: Zapdos|75\/100|[from] Stealth Rock\n|move|p1a: Bronzong|Protect||[still]\n|-fail|p1a: Bronzong\n|\n|-heal|p1a: Bronzong|56\/100|[from] item: Leftovers\n|upkeep\n|turn|4\n|\n|t:|1699552319\n|move|p2a: Zapdos|Defog|p1a: Bronzong\n|-unboost|p1a: Bronzong|evasion|1\n|-sideend|p2: GeorgiaEternatuss|Stealth Rock|[from] move: Defog|[of] p2a: Zapdos\n|move|p1a: Bronzong|Toxic|p2a: Zapdos\n|-status|p2a: Zapdos|tox\n|\n|-heal|p1a: Bronzong|62\/100|[from] item: Leftovers\n|-damage|p2a: Zapdos|69\/100 tox|[from] psn\n|upkeep\n|turn|5\n|\n|t:|1699552331\n|move|p2a: Zapdos|Volt Switch|p1a: Bronzong\n|-damage|p1a: Bronzong|40\/100\n|\n|t:|1699552344\n|switch|p2a: Naganadel|Naganadel|100\/100|[from] Volt Switch\n|move|p1a: Bronzong|Stealth Rock|p2a: Naganadel\n|-sidestart|p2: GeorgiaEternatuss|move: Stealth Rock\n|\n|-heal|p1a: Bronzong|46\/100|[from] item: Leftovers\n|upkeep\n|turn|6\n|\n|t:|1699552360\n|move|p1a: Bronzong|Protect|p1a: Bronzong\n|-singleturn|p1a: Bronzong|Protect\n|move|p2a: Naganadel|Flamethrower|p1a: Bronzong\n|-activate|p1a: Bronzong|move: Protect\n|\n|-heal|p1a: Bronzong|53\/100|[from] item: Leftovers\n|upkeep\n|turn|7\n|\n|t:|1699552370\n|switch|p1a: Tyranitar|Tyranitar, F|100\/100\n|-weather|Sandstorm|[from] ability: Sand Stream|[of] p1a: Tyranitar\n|move|p2a: Naganadel|Nasty Plot|p2a: Naganadel\n|-boost|p2a: Naganadel|spa|2\n|\n|-weather|Sandstorm|[upkeep]\n|-damage|p2a: Naganadel|95\/100|[from] Sandstorm\n|-heal|p2a: Naganadel|100\/100|[from] item: Black Sludge\n|upkeep\n|turn|8\n|\n|t:|1699552401\n|switch|p2a: Porygon2|Porygon2|100\/100\n|-damage|p2a: Porygon2|88\/100|[from] Stealth Rock\n|-ability|p2a: Porygon2|Download|boost\n|-boost|p2a: Porygon2|spa|1\n|switch|p1a: Cottonee|Cottonee, F|100\/100\n|\n|-weather|Sandstorm|[upkeep]\n|-damage|p1a: Cottonee|95\/100|[from] Sandstorm\n|-damage|p2a: Porygon2|82\/100|[from] Sandstorm\n|upkeep\n|turn|9\n|\n|t:|1699552414\n|move|p1a: Cottonee|Substitute|p1a: Cottonee\n|-start|p1a: Cottonee|Substitute\n|-damage|p1a: Cottonee|70\/100\n|move|p2a: Porygon2|Toxic|p1a: Cottonee|[miss]\n|-miss|p2a: Porygon2|p1a: Cottonee\n|\n|-weather|Sandstorm|[upkeep]\n|-damage|p1a: Cottonee|64\/100|[from] Sandstorm\n|-damage|p2a: Porygon2|76\/100|[from] Sandstorm\n|upkeep\n|turn|10\n|\n|t:|1699552424\n|move|p1a: Cottonee|Leech Seed|p2a: Porygon2\n|-start|p2a: Porygon2|move: Leech Seed\n|move|p2a: Porygon2|Ice Beam|p1a: Cottonee\n|-supereffective|p1a: Cottonee\n|-end|p1a: Cottonee|Substitute\n|\n|-weather|Sandstorm|[upkeep]\n|-damage|p1a: Cottonee|58\/100|[from] Sandstorm\n|-damage|p2a: Porygon2|70\/100|[from] Sandstorm\n|-damage|p2a: Porygon2|57\/100|[from] Leech Seed|[of] p1a: Cottonee\n|-heal|p1a: Cottonee|74\/100|[silent]\n|upkeep\n|turn|11\n|\n|t:|1699552453\n|move|p1a: Cottonee|Substitute|p1a: Cottonee\n|-start|p1a: Cottonee|Substitute\n|-damage|p1a: Cottonee|49\/100\n|move|p2a: Porygon2|Recover|p2a: Porygon2\n|-heal|p2a: Porygon2|100\/100\n|\n|-weather|none\n|-damage|p2a: Porygon2|88\/100|[from] Leech Seed|[of] p1a: Cottonee\n|-heal|p1a: Cottonee|65\/100|[silent]\n|upkeep\n|turn|12\n|\n|t:|1699552462\n|move|p1a: Cottonee|Encore|p2a: Porygon2\n|-start|p2a: Porygon2|Encore\n|move|p2a: Porygon2|Recover|p2a: Porygon2\n|-heal|p2a: Porygon2|100\/100\n|\n|-damage|p2a: Porygon2|88\/100|[from] Leech Seed|[of] p1a: Cottonee\n|-heal|p1a: Cottonee|81\/100|[silent]\n|upkeep\n|turn|13\n|\n|t:|1699552472\n|switch|p1a: Tyranitar|Tyranitar, F|100\/100\n|-weather|Sandstorm|[from] ability: Sand Stream|[of] p1a: Tyranitar\n|switch|p2a: Diancie|Diancie|100\/100\n|-damage|p2a: Diancie|88\/100|[from] Stealth Rock\n|\n|-weather|Sandstorm|[upkeep]\n|upkeep\n|turn|14\n|\n|t:|1699552486\n|detailschange|p2a: Diancie|Diancie-Mega\n|-mega|p2a: Diancie|Diancie|Diancite\n|move|p2a: Diancie|Body Press|p1a: Tyranitar\n|-supereffective|p1a: Tyranitar\n|-damage|p1a: Tyranitar|34\/100\n|move|p1a: Tyranitar|Dragon Dance|p1a: Tyranitar\n|-boost|p1a: Tyranitar|atk|1\n|-boost|p1a: Tyranitar|spe|1\n|\n|-weather|Sandstorm|[upkeep]\n|-heal|p1a: Tyranitar|40\/100|[from] item: Leftovers\n|upkeep\n|turn|15\n|\n|t:|1699552498\n|move|p1a: Tyranitar|Earthquake|p2a: Diancie\n|-supereffective|p2a: Diancie\n|-damage|p2a: Diancie|0 fnt\n|faint|p2a: Diancie\n|\n|-weather|Sandstorm|[upkeep]\n|-heal|p1a: Tyranitar|46\/100|[from] item: Leftovers\n|upkeep\n|\n|t:|1699552516\n|switch|p2a: Umbreon|Umbreon, F|94\/100 tox\n|-damage|p2a: Umbreon|82\/100 tox|[from] Stealth Rock\n|turn|16\n|\n|t:|1699552523\n|move|p1a: Tyranitar|Substitute|p1a: Tyranitar\n|-start|p1a: Tyranitar|Substitute\n|-damage|p1a: Tyranitar|21\/100\n|move|p2a: Umbreon|Toxic||[still]\n|-fail|p2a: Umbreon\n|\n|-weather|Sandstorm|[upkeep]\n|-damage|p2a: Umbreon|76\/100 tox|[from] Sandstorm\n|-heal|p1a: Tyranitar|27\/100|[from] item: Leftovers\n|-heal|p2a: Umbreon|82\/100 tox|[from] item: Leftovers\n|-damage|p2a: Umbreon|76\/100 tox|[from] psn\n|upkeep\n|turn|17\n|\n|t:|1699552535\n|move|p1a: Tyranitar|Dragon Dance|p1a: Tyranitar\n|-boost|p1a: Tyranitar|atk|1\n|-boost|p1a: Tyranitar|spe|1\n|move|p2a: Umbreon|Foul Play|p1a: Tyranitar\n|-resisted|p1a: Tyranitar\n|-end|p1a: Tyranitar|Substitute\n|\n|-weather|none\n|-heal|p1a: Tyranitar|33\/100|[from] item: Leftovers\n|-heal|p2a: Umbreon|82\/100 tox|[from] item: Leftovers\n|-damage|p2a: Umbreon|70\/100 tox|[from] psn\n|upkeep\n|turn|18\n|\n|t:|1699552554\n|move|p1a: Tyranitar|Stone Edge|p2a: Umbreon\n|-damage|p2a: Umbreon|0 fnt\n|faint|p2a: Umbreon\n|\n|-heal|p1a: Tyranitar|40\/100|[from] item: Leftovers\n|upkeep\n|\n|t:|1699552563\n|switch|p2a: Greninja|Greninja, F|100\/100\n|-damage|p2a: Greninja|88\/100|[from] Stealth Rock\n|turn|19\n|\n|t:|1699552595\n|switch|p1a: Palkia|Palkia-Origin|100\/100\n|-ability|p1a: Palkia|Pressure\n|-terastallize|p2a: Greninja|Ground\n|move|p2a: Greninja|Tera Blast|p1a: Palkia|[anim] Tera Blast Ground\n|-crit|p1a: Palkia\n|-damage|p1a: Palkia|25\/100\n|\n|upkeep\n|turn|20\n|\n|t:|1699552611\n|switch|p1a: Cottonee|Cottonee, F|81\/100\n|move|p2a: Greninja|Tera Blast|p1a: Cottonee|[anim] Tera Blast Ground\n|-resisted|p1a: Cottonee\n|-damage|p1a: Cottonee|47\/100\n|\n|upkeep\n|turn|21\n|\n|t:|1699552624\n|switch|p2a: Naganadel|Naganadel|100\/100\n|-damage|p2a: Naganadel|88\/100|[from] Stealth Rock\n|move|p1a: Cottonee|Encore||[still]\n|-fail|p1a: Cottonee\n|\n|-heal|p2a: Naganadel|94\/100|[from] item: Black Sludge\n|upkeep\n|turn|22\n|\n|t:|1699552646\n|move|p1a: Cottonee|Substitute|p1a: Cottonee\n|-start|p1a: Cottonee|Substitute\n|-damage|p1a: Cottonee|22\/100\n|move|p2a: Naganadel|Flamethrower|p1a: Cottonee\n|-supereffective|p1a: Cottonee\n|-end|p1a: Cottonee|Substitute\n|\n|-heal|p2a: Naganadel|99\/100|[from] item: Black Sludge\n|upkeep\n|turn|23\n|\n|t:|1699552665\n|move|p1a: Cottonee|Encore|p2a: Naganadel\n|-start|p2a: Naganadel|Encore\n|move|p2a: Naganadel|Flamethrower|p1a: Cottonee\n|-supereffective|p1a: Cottonee\n|-damage|p1a: Cottonee|0 fnt\n|faint|p1a: Cottonee\n|-ability|p2a: Naganadel|Beast Boost|boost\n|-boost|p2a: Naganadel|spe|1\n|\n|-heal|p2a: Naganadel|100\/100|[from] item: Black Sludge\n|upkeep\n|\n|t:|1699552674\n|switch|p1a: Necrozma|Necrozma-Dusk-Mane|100\/100\n|turn|24\n|\n|t:|1699552685\n|detailschange|p1a: Necrozma|Necrozma-Ultra\n|-burst|p1a: Necrozma|Necrozma|Ultranecrozium Z\n|move|p2a: Naganadel|Flamethrower|p1a: Necrozma\n|-resisted|p1a: Necrozma\n|-damage|p1a: Necrozma|85\/100\n|move|p1a: Necrozma|Dragon Dance|p1a: Necrozma\n|-boost|p1a: Necrozma|atk|1\n|-boost|p1a: Necrozma|spe|1\n|\n|upkeep\n|turn|25\n|\n|t:|1699552701\n|move|p1a: Necrozma|Dragon Dance|p1a: Necrozma\n|-boost|p1a: Necrozma|atk|1\n|-boost|p1a: Necrozma|spe|1\n|move|p2a: Naganadel|Flamethrower|p1a: Necrozma\n|-resisted|p1a: Necrozma\n|-damage|p1a: Necrozma|70\/100\n|\n|-end|p2a: Naganadel|Encore\n|upkeep\n|turn|26\n|\n|t:|1699552711\n|move|p1a: Necrozma|Earthquake|p2a: Naganadel\n|-supereffective|p2a: Naganadel\n|-damage|p2a: Naganadel|0 fnt\n|faint|p2a: Naganadel\n|\n|upkeep\n|\n|t:|1699552717\n|switch|p2a: Porygon2|Porygon2|88\/100\n|-damage|p2a: Porygon2|76\/100|[from] Stealth Rock\n|-ability|p2a: Porygon2|Download|boost\n|-boost|p2a: Porygon2|spa|1\n|turn|27\n|\n|t:|1699552725\n|-zpower|p1a: Necrozma\n|move|p1a: Necrozma|Light That Burns the Sky|p2a: Porygon2|[zeffect]\n|-damage|p2a: Porygon2|0 fnt\n|faint|p2a: Porygon2\n|\n|upkeep\n|\n|t:|1699552736\n|switch|p2a: Greninja|Greninja, F, tera:Ground|88\/100\n|-damage|p2a: Greninja|82\/100|[from] Stealth Rock\n|turn|28\n|\n|t:|1699552744\n|move|p1a: Necrozma|Photon Geyser|p2a: Greninja\n|-damage|p2a: Greninja|0 fnt\n|faint|p2a: Greninja\n|\n|upkeep\n|\n|t:|1699552751\n|switch|p2a: Zapdos|Zapdos|69\/100 tox\n|-damage|p2a: Zapdos|44\/100 tox|[from] Stealth Rock\n|turn|29\n|\n|t:|1699552756\n|move|p1a: Necrozma|Photon Geyser|p2a: Zapdos\n|-damage|p2a: Zapdos|0 fnt\n|faint|p2a: Zapdos\n|\n|win|The Chicago Tauros\n","uploadtime":1699552766,"views":49,"p1id":"thechicagotauros","p2id":"georgiaeternatuss","formatid":"gen9nationaldexubers","rating":0,"private":0,"password":""}