{"id":"gen9nationaldexubers-1999812782","p1":"Haircut Warrior","p2":"BuccaneerTPDPurge","format":"[Gen 9] National Dex Ubers","log":"|j|\u2606Haircut Warrior\n|j|\u2606BuccaneerTPDPurge\n|t:|1701119036\n|gametype|singles\n|player|p1|Haircut Warrior|lady-gen4|1057\n|player|p2|BuccaneerTPDPurge|artist|1099\n|teamsize|p1|6\n|teamsize|p2|6\n|gen|9\n|tier|[Gen 9] National Dex Ubers\n|rated|\n|rule|HP Percentage Mod: HP is shown in percentages\n|rule|Endless Battle Clause: Forcing endless battles is banned\n|rule|OHKO Clause: OHKO moves are banned\n|rule|Evasion Moves Clause: Evasion moves are banned\n|rule|Evasion Items Clause: Evasion items are banned\n|rule|Species Clause: Limit one of each Pok\u00e9mon\n|rule|Sleep Clause Mod: Limit one foe put to sleep\n|rule|Mega Rayquaza Clause: You cannot mega evolve Rayquaza\n|clearpoke\n|poke|p1|Dugtrio-Alola, F|\n|poke|p1|Meloetta|\n|poke|p1|Grimmsnarl, M|\n|poke|p1|Mawile, F|\n|poke|p1|Pheromosa|\n|poke|p1|Furfrou-Heart, M|\n|poke|p2|Darmanitan-Galar, M|\n|poke|p2|Chien-Pao|\n|poke|p2|Kyurem-Black|\n|poke|p2|Iron Bundle|\n|poke|p2|Abomasnow, M|\n|poke|p2|Aurorus, F|\n|teampreview\n|inactive|Battle timer is ON: inactive players will automatically lose when time's up. (requested by Haircut Warrior)\n|\n|t:|1701119042\n|start\n|switch|p1a: Furfrou|Furfrou-Heart, M|100\/100\n|switch|p2a: BAronWhiteAFRO|Darmanitan-Galar, M|100\/100\n|turn|1\n|\n|t:|1701119059\n|move|p2a: BAronWhiteAFRO|U-turn|p1a: Furfrou\n|-damage|p1a: Furfrou|64\/100\n|\n|t:|1701119066\n|switch|p2a: Dinosnow|Aurorus, F, shiny|100\/100|[from] U-turn\n|-weather|Snow|[from] ability: Snow Warning|[of] p2a: Dinosnow\n|move|p1a: Furfrou|Return|p2a: Dinosnow\n|-resisted|p2a: Dinosnow\n|-damage|p2a: Dinosnow|89\/100\n|\n|-weather|Snow|[upkeep]\n|upkeep\n|turn|2\n|\n|t:|1701119078\n|move|p1a: Furfrou|U-turn|p2a: Dinosnow\n|-crit|p2a: Dinosnow\n|-damage|p2a: Dinosnow|71\/100\n|\n|t:|1701119085\n|switch|p1a: Mawile|Mawile, F|100\/100|[from] U-turn\n|-ability|p1a: Mawile|Intimidate|boost\n|-unboost|p2a: Dinosnow|atk|1\n|move|p2a: Dinosnow|Aurora Veil|p2a: Dinosnow\n|-sidestart|p2: BuccaneerTPDPurge|move: Aurora Veil\n|\n|-weather|Snow|[upkeep]\n|upkeep\n|turn|3\n|\n|t:|1701119096\n|detailschange|p1a: Mawile|Mawile-Mega, F\n|-mega|p1a: Mawile|Mawile|Mawilite\n|move|p1a: Mawile|Brick Break|p2a: Dinosnow\n|-sideend|p2: BuccaneerTPDPurge|move: Aurora Veil\n|-supereffective|p2a: Dinosnow\n|-damage|p2a: Dinosnow|0 fnt\n|faint|p2a: Dinosnow\n|\n|-weather|Snow|[upkeep]\n|upkeep\n|\n|t:|1701119103\n|switch|p2a: BAronWhiteAFRO|Darmanitan-Galar, M|100\/100\n|turn|4\n|\n|t:|1701119107\n|move|p2a: BAronWhiteAFRO|Fire Punch|p1a: Mawile\n|-supereffective|p1a: Mawile\n|-damage|p1a: Mawile|16\/100\n|move|p1a: Mawile|Brick Break|p2a: BAronWhiteAFRO\n|-supereffective|p2a: BAronWhiteAFRO\n|-damage|p2a: BAronWhiteAFRO|0 fnt\n|faint|p2a: BAronWhiteAFRO\n|\n|-weather|Snow|[upkeep]\n|upkeep\n|\n|t:|1701119112\n|switch|p2a: MR ICICLE|Kyurem-Black, shiny|100\/100\n|-ability|p2a: MR ICICLE|Teravolt\n|turn|5\n|\n|t:|1701119120\n|move|p1a: Mawile|Sucker Punch|p2a: MR ICICLE\n|-damage|p2a: MR ICICLE|72\/100\n|move|p2a: MR ICICLE|Icicle Spear|p1a: Mawile\n|-resisted|p1a: Mawile\n|-damage|p1a: Mawile|6\/100\n|-resisted|p1a: Mawile\n|-damage|p1a: Mawile|0 fnt\n|faint|p1a: Mawile\n|-hitcount|p1: Mawile|2\n|\n|-weather|none\n|upkeep\n|\n|t:|1701119131\n|switch|p1a: Dugtrio|Dugtrio-Alola, F|100\/100\n|turn|6\n|\n|t:|1701119135\n|switch|p2a: BarakObamaSnow|Abomasnow, M, shiny|100\/100\n|-weather|Snow|[from] ability: Snow Warning|[of] p2a: BarakObamaSnow\n|move|p1a: Dugtrio|Iron Head|p2a: BarakObamaSnow\n|-supereffective|p2a: BarakObamaSnow\n|-damage|p2a: BarakObamaSnow|55\/100\n|\n|-weather|Snow|[upkeep]\n|upkeep\n|turn|7\n|\n|t:|1701119144\n|detailschange|p2a: BarakObamaSnow|Abomasnow-Mega, M, shiny\n|-mega|p2a: BarakObamaSnow|Abomasnow|Abomasite\n|move|p1a: Dugtrio|Iron Head|p2a: BarakObamaSnow\n|-supereffective|p2a: BarakObamaSnow\n|-damage|p2a: BarakObamaSnow|20\/100\n|cant|p2a: BarakObamaSnow|flinch\n|\n|-weather|Snow|[upkeep]\n|upkeep\n|turn|8\n|\n|t:|1701119153\n|move|p1a: Dugtrio|Iron Head|p2a: BarakObamaSnow\n|-supereffective|p2a: BarakObamaSnow\n|-damage|p2a: BarakObamaSnow|0 fnt\n|faint|p2a: BarakObamaSnow\n|\n|-weather|Snow|[upkeep]\n|upkeep\n|\n|t:|1701119156\n|switch|p2a: Barrioth|Chien-Pao|100\/100\n|-ability|p2a: Barrioth|Sword of Ruin\n|turn|9\n|\n|t:|1701119166\n|move|p2a: Barrioth|Sacred Sword|p1a: Dugtrio\n|-supereffective|p1a: Dugtrio\n|-damage|p1a: Dugtrio|0 fnt\n|-ability|p1a: Dugtrio|Tangling Hair\n|-unboost|p2a: Barrioth|spe|1\n|faint|p1a: Dugtrio\n|\n|-weather|Snow|[upkeep]\n|upkeep\n|\n|t:|1701119178\n|switch|p1a: Pheromosa|Pheromosa|100\/100\n|turn|10\n|\n|t:|1701119185\n|move|p2a: Barrioth|Ice Shard|p1a: Pheromosa\n|-damage|p1a: Pheromosa|30\/100\n|move|p1a: Pheromosa|Focus Blast|p2a: Barrioth|[miss]\n|-miss|p1a: Pheromosa|p2a: Barrioth\n|\n|-weather|none\n|upkeep\n|turn|11\n|\n|t:|1701119193\n|move|p2a: Barrioth|Ice Shard|p1a: Pheromosa\n|-damage|p1a: Pheromosa|0 fnt\n|faint|p1a: Pheromosa\n|\n|upkeep\n|\n|t:|1701119204\n|switch|p1a: Furfrou|Furfrou-Heart, M|64\/100\n|turn|12\n|\n|t:|1701119209\n|move|p1a: Furfrou|U-turn|p2a: Barrioth\n|-supereffective|p2a: Barrioth\n|-damage|p2a: Barrioth|43\/100\n|\n|t:|1701119216\n|switch|p1a: Grimmsnarl|Grimmsnarl, M|100\/100|[from] U-turn\n|move|p2a: Barrioth|Sacred Sword|p1a: Grimmsnarl\n|-crit|p1a: Grimmsnarl\n|-damage|p1a: Grimmsnarl|29\/100\n|\n|upkeep\n|turn|13\n|\n|t:|1701119224\n|move|p2a: Barrioth|Ice Shard|p1a: Grimmsnarl\n|-damage|p1a: Grimmsnarl|0 fnt\n|faint|p1a: Grimmsnarl\n|\n|upkeep\n|\n|t:|1701119232\n|switch|p1a: Furfrou|Furfrou-Heart, M|64\/100\n|turn|14\n|\n|t:|1701119247\n|move|p1a: Furfrou|U-turn|p2a: Barrioth\n|-supereffective|p2a: Barrioth\n|-damage|p2a: Barrioth|0 fnt\n|faint|p2a: Barrioth\n|\n|t:|1701119253\n|switch|p1a: Meloetta|Meloetta|100\/100|[from] U-turn\n|\n|upkeep\n|\n|t:|1701119271\n|switch|p2a: MR ICICLE|Kyurem-Black, shiny|72\/100\n|-ability|p2a: MR ICICLE|Teravolt\n|turn|15\n|\n|t:|1701119276\n|-terastallize|p2a: MR ICICLE|Dragon\n|-terastallize|p1a: Meloetta|Fighting\n|move|p2a: MR ICICLE|Scale Shot|p1a: Meloetta\n|-damage|p1a: Meloetta|68\/100\n|-damage|p1a: Meloetta|38\/100\n|-damage|p1a: Meloetta|8\/100\n|-damage|p1a: Meloetta|0 fnt\n|faint|p1a: Meloetta\n|-hitcount|p1: Meloetta|4\n|-unboost|p2a: MR ICICLE|def|1\n|-boost|p2a: MR ICICLE|spe|1\n|\n|upkeep\n|\n|t:|1701119290\n|switch|p1a: Furfrou|Furfrou-Heart, M|64\/100\n|turn|16\n|\n|t:|1701119295\n|move|p2a: MR ICICLE|Icicle Spear|p1a: Furfrou\n|-damage|p1a: Furfrou|38\/100\n|-damage|p1a: Furfrou|10\/100\n|-damage|p1a: Furfrou|0 fnt\n|faint|p1a: Furfrou\n|-hitcount|p1: Furfrou|3\n|\n|win|BuccaneerTPDPurge\n|raw|Haircut Warrior's rating: 1057 &rarr; <strong>1041<\/strong><br \/>(-16 for losing)\n|raw|BuccaneerTPDPurge's rating: 1099 &rarr; <strong>1121<\/strong><br \/>(+22 for winning)\n|c|\u2606Haircut Warrior|Gg\n|c|\u2606BuccaneerTPDPurge|gg\n|c|\u2606BuccaneerTPDPurge|wp\n|c|\u2606Haircut Warrior|You too\n|l|\u2606Haircut Warrior\n","uploadtime":1701119480,"views":1,"p1id":"haircutwarrior","p2id":"buccaneertpdpurge","formatid":"gen9nationaldexubers","rating":1041,"private":0,"password":""}