{"id":"gen9nationaldexubers-1988360884","p1":"Finpom","p2":"TheEliteNerd","format":"[Gen 9] National Dex Ubers","log":"|j|\u2606Finpom\n|j|\u2606TheEliteNerd\n|t:|1699713877\n|gametype|singles\n|player|p1|Finpom|ingo|1222\n|player|p2|TheEliteNerd|hilbert-wonderlauncher|1246\n|teamsize|p1|6\n|teamsize|p2|6\n|gen|9\n|tier|[Gen 9] National Dex Ubers\n|rated|\n|rule|HP Percentage Mod: HP is shown in percentages\n|rule|Endless Battle Clause: Forcing endless battles is banned\n|rule|OHKO Clause: OHKO moves are banned\n|rule|Evasion Moves Clause: Evasion moves are banned\n|rule|Evasion Items Clause: Evasion items are banned\n|rule|Species Clause: Limit one of each Pok\u00e9mon\n|rule|Sleep Clause Mod: Limit one foe put to sleep\n|rule|Mega Rayquaza Clause: You cannot mega evolve Rayquaza\n|clearpoke\n|poke|p1|Mawile, M|\n|poke|p1|Galvantula, M|\n|poke|p1|Weavile, M|\n|poke|p1|Gliscor, F|\n|poke|p1|Blacephalon|\n|poke|p1|Cyclizar, M|\n|poke|p2|Zoroark-Hisui, F|\n|poke|p2|Sableye, F|\n|poke|p2|Ceruledge, M|\n|poke|p2|Basculegion, M|\n|poke|p2|Trevenant, F|\n|poke|p2|Dhelmise|\n|teampreview\n|inactive|Battle timer is ON: inactive players will automatically lose when time's up. (requested by Finpom)\n|c|\u2606TheEliteNerd|Glhf\n|\n|t:|1699713890\n|start\n|switch|p1a: Galvantula|Galvantula, M|100\/100\n|switch|p2a: Fulbau|Sableye, F, shiny|100\/100\n|turn|1\n|\n|t:|1699713897\n|move|p2a: Fulbau|Fake Out|p1a: Galvantula\n|-damage|p1a: Galvantula|87\/100\n|cant|p1a: Galvantula|flinch\n|\n|upkeep\n|turn|2\n|\n|t:|1699713905\n|detailschange|p2a: Fulbau|Sableye-Mega, F, shiny\n|-mega|p2a: Fulbau|Sableye|Sablenite\n|move|p1a: Galvantula|Sticky Web|p2a: Fulbau\n|move|p2a: Fulbau|Sticky Web|p1a: Galvantula|[from]ability: Magic Bounce\n|-sidestart|p1: Finpom|move: Sticky Web\n|move|p2a: Fulbau|Shadow Claw|p1a: Galvantula\n|-damage|p1a: Galvantula|53\/100\n|\n|upkeep\n|turn|3\n|\n|t:|1699713915\n|move|p1a: Galvantula|Protect|p1a: Galvantula\n|-singleturn|p1a: Galvantula|Protect\n|move|p2a: Fulbau|Will-O-Wisp|p1a: Galvantula\n|-activate|p1a: Galvantula|move: Protect\n|\n|upkeep\n|turn|4\n|\n|t:|1699713923\n|switch|p1a: Cyclizar|Cyclizar, M|100\/100\n|move|p2a: Fulbau|Shadow Claw|p1a: Cyclizar\n|-immune|p1a: Cyclizar\n|\n|upkeep\n|turn|5\n|\n|t:|1699713933\n|switch|p2a: PB. Overlord|Basculegion, M|100\/100\n|move|p1a: Cyclizar|Knock Off|p2a: PB. Overlord\n|-supereffective|p2a: PB. Overlord\n|-damage|p2a: PB. Overlord|0 fnt\n|replace|p2a: Nemain|Zoroark-Hisui, F, shiny\n|-end|p2a: Nemain|Illusion\n|-enditem|p2a: Nemain|Life Orb|[from] move: Knock Off|[of] p1a: Cyclizar\n|faint|p2a: Nemain\n|\n|upkeep\n|\n|t:|1699713943\n|switch|p2a: Fulbau|Sableye-Mega, F, shiny|100\/100\n|turn|6\n|\n|t:|1699713946\n|move|p1a: Cyclizar|Knock Off|p2a: Fulbau\n|-damage|p2a: Fulbau|85\/100\n|move|p2a: Fulbau|Will-O-Wisp|p1a: Cyclizar\n|-status|p1a: Cyclizar|brn\n|\n|-damage|p1a: Cyclizar|94\/100 brn|[from] brn\n|upkeep\n|turn|7\n|\n|t:|1699713961\n|switch|p2a: Fatalita|Trevenant, F|100\/100\n|move|p1a: Cyclizar|Shed Tail|p1a: Cyclizar\n|-start|p1a: Cyclizar|Substitute|[from] move: Shed Tail\n|-damage|p1a: Cyclizar|44\/100 brn\n|\n|t:|1699713963\n|switch|p1a: Weavile|Weavile, M|100\/100|[from] Shed Tail\n|-activate|p1a: Weavile|move: Sticky Web\n|-unboost|p1a: Weavile|spe|1\n|-ability|p1a: Weavile|Pressure\n|\n|upkeep\n|turn|8\n|\n|t:|1699713974\n|move|p1a: Weavile|Knock Off|p2a: Fatalita\n|-supereffective|p2a: Fatalita\n|-damage|p2a: Fatalita|0 fnt\n|-enditem|p2a: Fatalita|Aguav Berry|[from] move: Knock Off|[of] p1a: Weavile\n|faint|p2a: Fatalita\n|\n|upkeep\n|\n|t:|1699713983\n|switch|p2a: Blaster Dark|Ceruledge, M|100\/100\n|turn|9\n|\n|t:|1699713988\n|move|p2a: Blaster Dark|Swords Dance|p2a: Blaster Dark\n|-boost|p2a: Blaster Dark|atk|2\n|move|p1a: Weavile|Knock Off|p2a: Blaster Dark\n|-supereffective|p2a: Blaster Dark\n|-enditem|p2a: Blaster Dark|Focus Sash\n|-damage|p2a: Blaster Dark|1\/100\n|-ability|p2a: Blaster Dark|Weak Armor|boost\n|-unboost|p2a: Blaster Dark|def|1\n|-boost|p2a: Blaster Dark|spe|2\n|\n|upkeep\n|turn|10\n|\n|t:|1699713999\n|move|p1a: Weavile|Ice Shard|p2a: Blaster Dark\n|-resisted|p2a: Blaster Dark\n|-damage|p2a: Blaster Dark|0 fnt\n|faint|p2a: Blaster Dark\n|\n|upkeep\n|\n|t:|1699714005\n|switch|p2a: Fulbau|Sableye-Mega, F, shiny|85\/100\n|turn|11\n|\n|t:|1699714009\n|move|p2a: Fulbau|Fake Out|p1a: Weavile\n|-activate|p1a: Weavile|move: Substitute|[damage]\n|move|p1a: Weavile|Triple Axel|p2a: Fulbau\n|-damage|p2a: Fulbau|76\/100\n|-damage|p2a: Fulbau|59\/100\n|-damage|p2a: Fulbau|32\/100\n|-hitcount|p2a: Fulbau|3\n|\n|upkeep\n|turn|12\n|\n|t:|1699714022\n|move|p1a: Weavile|Triple Axel|p2a: Fulbau\n|-damage|p2a: Fulbau|23\/100\n|-damage|p2a: Fulbau|5\/100\n|-crit|p2a: Fulbau\n|-damage|p2a: Fulbau|0 fnt\n|faint|p2a: Fulbau\n|-hitcount|p2: Fulbau|3\n|\n|upkeep\n|\n|t:|1699714031\n|switch|p2a: Charon|Dhelmise|100\/100\n|turn|13\n|\n|t:|1699714039\n|-terastallize|p2a: Charon|Ghost\n|move|p1a: Weavile|Knock Off|p2a: Charon\n|-supereffective|p2a: Charon\n|-damage|p2a: Charon|13\/100\n|-enditem|p2a: Charon|Leftovers|[from] move: Knock Off|[of] p1a: Weavile\n|move|p2a: Charon|Anchor Shot|p1a: Weavile\n|-supereffective|p1a: Weavile\n|-end|p1a: Weavile|Substitute\n|\n|upkeep\n|turn|14\n|\n|t:|1699714054\n|move|p1a: Weavile|Ice Shard|p2a: Charon\n|-damage|p2a: Charon|0 fnt\n|faint|p2a: Charon\n|\n|upkeep\n|\n|t:|1699714058\n|switch|p2a: PB. Overlord|Basculegion, M|100\/100\n|turn|15\n|\n|t:|1699714068\n|move|p2a: PB. Overlord|Crunch|p1a: Weavile\n|-resisted|p1a: Weavile\n|-damage|p1a: Weavile|77\/100\n|move|p1a: Weavile|Knock Off|p2a: PB. Overlord\n|-supereffective|p2a: PB. Overlord\n|-damage|p2a: PB. Overlord|0 fnt\n|-enditem|p2a: PB. Overlord|Choice Scarf|[from] move: Knock Off|[of] p1a: Weavile\n|faint|p2a: PB. Overlord\n|\n|win|Finpom\n|raw|Finpom's rating: 1222 &rarr; <strong>1249<\/strong><br \/>(+27 for winning)\n|raw|TheEliteNerd's rating: 1246 &rarr; <strong>1219<\/strong><br \/>(-27 for losing)\n|l|\u2606TheEliteNerd\n","uploadtime":1699714077,"views":6,"p1id":"finpom","p2id":"theelitenerd","formatid":"gen9nationaldexubers","rating":1219,"private":0,"password":""}