{"id":"gen9nationaldexubers-1977917439","p1":"Iooyan","p2":"houpa","format":"[Gen 9] National Dex Ubers","log":"|j|\u2606Iooyan\n|j|\u2606houpa\n|t:|1698466176\n|gametype|singles\n|player|p1|Iooyan|cynthia|1210\n|player|p2|houpa|cynthia-masters|1207\n|teamsize|p1|6\n|teamsize|p2|6\n|gen|9\n|tier|[Gen 9] National Dex Ubers\n|rated|\n|rule|HP Percentage Mod: HP is shown in percentages\n|rule|Endless Battle Clause: Forcing endless battles is banned\n|rule|OHKO Clause: OHKO moves are banned\n|rule|Evasion Moves Clause: Evasion moves are banned\n|rule|Evasion Items Clause: Evasion items are banned\n|rule|Species Clause: Limit one of each Pok\u00e9mon\n|rule|Sleep Clause Mod: Limit one foe put to sleep\n|rule|Mega Rayquaza Clause: You cannot mega evolve Rayquaza\n|clearpoke\n|poke|p1|Zacian-*|\n|poke|p1|Lunala|\n|poke|p1|Ho-Oh|\n|poke|p1|Groudon|\n|poke|p1|Necrozma-Dusk-Mane|\n|poke|p1|Arceus-Dark|\n|poke|p2|Yveltal|\n|poke|p2|Ho-Oh|\n|poke|p2|Shuckle, F|\n|poke|p2|Kyurem-Black|\n|poke|p2|Gholdengo|\n|poke|p2|Kyogre|\n|teampreview\n|inactive|Battle timer is ON: inactive players will automatically lose when time's up. (requested by Iooyan)\n|c|\u2606houpa|1\n|c|\u2606Iooyan|1\n|inactive|houpa has 120 seconds left.\n|\n|t:|1698466217\n|start\n|switch|p1a: Ho-Oh|Ho-Oh|100\/100\n|switch|p2a: Shuckle|Shuckle, F|100\/100\n|turn|1\n|c|\u2606Iooyan|2 maybe?\n|c|\u2606Iooyan|even 3\n|c|\u2606houpa|5\n|c|\u2606Iooyan|No way\n|\n|t:|1698466241\n|move|p1a: Ho-Oh|Brave Bird|p2a: Shuckle\n|-damage|p2a: Shuckle|63\/100\n|-damage|p1a: Ho-Oh|84\/100|[from] item: Rocky Helmet|[of] p2a: Shuckle\n|-damage|p1a: Ho-Oh|77\/100|[from] Recoil\n|move|p2a: Shuckle|Sticky Web|p1a: Ho-Oh\n|-sidestart|p1: Iooyan|move: Sticky Web\n|\n|upkeep\n|turn|2\n|c|\u2606Iooyan|thats crazy\n|\n|t:|1698466249\n|move|p1a: Ho-Oh|Defog|p2a: Shuckle\n|-unboost|p2a: Shuckle|evasion|1\n|-sideend|p1: Iooyan|Sticky Web|[from] move: Defog|[of] p1a: Ho-Oh\n|move|p2a: Shuckle|Encore|p1a: Ho-Oh\n|-start|p1a: Ho-Oh|Encore\n|\n|upkeep\n|turn|3\n|\n|t:|1698466260\n|switch|p1a: Necrozma|Necrozma-Dusk-Mane|100\/100\n|move|p2a: Shuckle|Sticky Web|p1a: Necrozma\n|-sidestart|p1: Iooyan|move: Sticky Web\n|\n|upkeep\n|turn|4\n|\n|t:|1698466265\n|move|p1a: Necrozma|Sunsteel Strike|p2a: Shuckle\n|-supereffective|p2a: Shuckle\n|-damage|p2a: Shuckle|11\/100\n|-damage|p1a: Necrozma|84\/100|[from] item: Rocky Helmet|[of] p2a: Shuckle\n|move|p2a: Shuckle|Encore|p1a: Necrozma\n|-start|p1a: Necrozma|Encore\n|\n|upkeep\n|turn|5\n|\n|t:|1698466273\n|move|p1a: Necrozma|Sunsteel Strike|p2a: Shuckle\n|-supereffective|p2a: Shuckle\n|-damage|p2a: Shuckle|0 fnt\n|-damage|p1a: Necrozma|67\/100|[from] item: Rocky Helmet|[of] p2a: Shuckle\n|faint|p2a: Shuckle\n|\n|upkeep\n|\n|t:|1698466283\n|switch|p2a: Kyogre|Kyogre|100\/100\n|detailschange|p2a: Kyogre|Kyogre-Primal\n|-primal|p2a: Kyogre|Blue Orb\n|-weather|PrimordialSea|[from] ability: Primordial Sea|[of] p2a: Kyogre\n|turn|6\n|\n|t:|1698466299\n|-weather|none\n|switch|p2a: Yveltal|Yveltal, shiny|100\/100\n|-ability|p2a: Yveltal|Dark Aura\n|switch|p1a: Groudon|Groudon|100\/100\n|-activate|p1a: Groudon|move: Sticky Web\n|-unboost|p1a: Groudon|spe|1\n|detailschange|p1a: Groudon|Groudon-Primal\n|-primal|p1a: Groudon|Red Orb\n|-weather|DesolateLand|[from] ability: Desolate Land|[of] p1a: Groudon\n|\n|-weather|DesolateLand|[upkeep]\n|upkeep\n|turn|7\n|\n|t:|1698466320\n|-weather|none\n|switch|p1a: Arceus|Arceus-Dark|100\/100\n|-activate|p1a: Arceus|move: Sticky Web\n|-unboost|p1a: Arceus|spe|1\n|move|p2a: Yveltal|Dark Pulse|p1a: Arceus\n|-resisted|p1a: Arceus\n|-damage|p1a: Arceus|79\/100\n|-damage|p2a: Yveltal|91\/100|[from] item: Life Orb\n|\n|upkeep\n|turn|8\n|\n|t:|1698466329\n|move|p2a: Yveltal|Oblivion Wing|p1a: Arceus\n|-damage|p1a: Arceus|46\/100\n|-heal|p2a: Yveltal|100\/100|[from] drain|[of] p1a: Arceus\n|-damage|p2a: Yveltal|91\/100|[from] item: Life Orb\n|move|p1a: Arceus|Toxic|p2a: Yveltal\n|-status|p2a: Yveltal|tox\n|\n|-damage|p2a: Yveltal|84\/100 tox|[from] psn\n|upkeep\n|turn|9\n|\n|t:|1698466340\n|move|p2a: Yveltal|Taunt|p1a: Arceus\n|-start|p1a: Arceus|move: Taunt\n|cant|p1a: Arceus|move: Taunt|Recover\n|\n|-damage|p2a: Yveltal|72\/100 tox|[from] psn\n|upkeep\n|turn|10\n|c|\u2606houpa|toxic\n|c|\u2606Iooyan|toxic\n|\n|t:|1698466363\n|switch|p2a: Kyurem|Kyurem-Black|100\/100\n|-ability|p2a: Kyurem|Teravolt\n|move|p1a: Arceus|Foul Play|p2a: Kyurem\n|-damage|p2a: Kyurem|36\/100\n|\n|upkeep\n|turn|11\n|\n|t:|1698466376\n|move|p2a: Kyurem|Icicle Spear|p1a: Arceus\n|-damage|p1a: Arceus|36\/100\n|-damage|p1a: Arceus|26\/100\n|-damage|p1a: Arceus|17\/100\n|-hitcount|p1a: Arceus|3\n|move|p1a: Arceus|Foul Play|p2a: Kyurem\n|-damage|p2a: Kyurem|0 fnt\n|faint|p2a: Kyurem\n|\n|-end|p1a: Arceus|move: Taunt\n|upkeep\n|inactive|houpa has 120 seconds left.\n|\n|t:|1698466392\n|switch|p2a: Kyogre|Kyogre-Primal|100\/100\n|-weather|PrimordialSea|[from] ability: Primordial Sea|[of] p2a: Kyogre\n|turn|12\n|\n|t:|1698466398\n|switch|p1a: Groudon|Groudon-Primal|100\/100\n|-activate|p1a: Groudon|move: Sticky Web\n|-unboost|p1a: Groudon|spe|1\n|-weather|DesolateLand|[from] ability: Desolate Land|[of] p1a: Groudon\n|move|p2a: Kyogre|Ice Beam|p1a: Groudon\n|-damage|p1a: Groudon|66\/100\n|\n|-weather|DesolateLand|[upkeep]\n|upkeep\n|turn|13\n|\n|t:|1698466408\n|switch|p2a: Yveltal|Yveltal, shiny|72\/100 tox\n|-ability|p2a: Yveltal|Dark Aura\n|move|p1a: Groudon|Spikes|p2a: Yveltal\n|-sidestart|p2: houpa|Spikes\n|\n|-weather|DesolateLand|[upkeep]\n|-damage|p2a: Yveltal|66\/100 tox|[from] psn\n|upkeep\n|turn|14\n|\n|t:|1698466418\n|-weather|none\n|switch|p1a: Ho-Oh|Ho-Oh|100\/100\n|move|p2a: Yveltal|Taunt|p1a: Ho-Oh\n|-start|p1a: Ho-Oh|move: Taunt\n|\n|-damage|p2a: Yveltal|54\/100 tox|[from] psn\n|upkeep\n|turn|15\n|\n|t:|1698466431\n|move|p2a: Yveltal|Dark Pulse|p1a: Ho-Oh\n|-damage|p1a: Ho-Oh|64\/100\n|-damage|p2a: Yveltal|44\/100 tox|[from] item: Life Orb\n|move|p1a: Ho-Oh|Sacred Fire|p2a: Yveltal\n|-damage|p2a: Yveltal|0 fnt\n|faint|p2a: Yveltal\n|\n|upkeep\n|\n|t:|1698466437\n|switch|p2a: Kyogre|Kyogre-Primal|100\/100\n|-damage|p2a: Kyogre|88\/100|[from] Spikes\n|-weather|PrimordialSea|[from] ability: Primordial Sea|[of] p2a: Kyogre\n|turn|16\n|\n|t:|1698466444\n|switch|p1a: Arceus|Arceus-Dark|17\/100\n|-activate|p1a: Arceus|move: Sticky Web\n|-unboost|p1a: Arceus|spe|1\n|move|p2a: Kyogre|Water Spout|p1a: Arceus\n|-damage|p1a: Arceus|0 fnt\n|faint|p1a: Arceus\n|\n|-weather|PrimordialSea|[upkeep]\n|upkeep\n|\n|t:|1698466449\n|switch|p1a: Groudon|Groudon-Primal|66\/100\n|-activate|p1a: Groudon|move: Sticky Web\n|-unboost|p1a: Groudon|spe|1\n|-weather|DesolateLand|[from] ability: Desolate Land|[of] p1a: Groudon\n|turn|17\n|\n|t:|1698466459\n|switch|p2a: Ho-Oh|Ho-Oh|100\/100\n|move|p1a: Groudon|Swords Dance|p1a: Groudon\n|-boost|p1a: Groudon|atk|2\n|\n|-weather|DesolateLand|[upkeep]\n|upkeep\n|turn|18\n|\n|t:|1698466467\n|move|p2a: Ho-Oh|Toxic|p1a: Groudon\n|-status|p1a: Groudon|tox\n|move|p1a: Groudon|Rock Tomb|p2a: Ho-Oh\n|-supereffective|p2a: Ho-Oh\n|-damage|p2a: Ho-Oh|0 fnt\n|faint|p2a: Ho-Oh\n|\n|-weather|DesolateLand|[upkeep]\n|-damage|p1a: Groudon|60\/100 tox|[from] psn\n|upkeep\n|c|\u2606Iooyan|toxic\n|\n|t:|1698466477\n|switch|p2a: Gholdengo|Gholdengo|100\/100\n|-item|p2a: Gholdengo|Air Balloon\n|turn|19\n|\n|t:|1698466487\n|-terastallize|p2a: Gholdengo|Water\n|move|p2a: Gholdengo|Nasty Plot|p2a: Gholdengo\n|-boost|p2a: Gholdengo|spa|2\n|move|p1a: Groudon|Rock Tomb|p2a: Gholdengo\n|-damage|p2a: Gholdengo|54\/100\n|-unboost|p2a: Gholdengo|spe|1\n|-enditem|p2a: Gholdengo|Air Balloon\n|\n|-weather|DesolateLand|[upkeep]\n|-damage|p1a: Groudon|48\/100 tox|[from] psn\n|upkeep\n|turn|20\n|\n|t:|1698466501\n|move|p1a: Groudon|Precipice Blades|p2a: Gholdengo|[miss]\n|-miss|p1a: Groudon|p2a: Gholdengo\n|move|p2a: Gholdengo|Shadow Ball|p1a: Groudon\n|-damage|p1a: Groudon|0 fnt\n|faint|p1a: Groudon\n|-weather|none\n|\n|upkeep\n|\n|t:|1698466512\n|switch|p1a: Zacian|Zacian-Crowned, shiny|100\/100\n|-activate|p1a: Zacian|move: Sticky Web\n|-unboost|p1a: Zacian|spe|1\n|-ability|p1a: Zacian|Intrepid Sword|boost\n|-boost|p1a: Zacian|atk|1\n|turn|21\n|\n|t:|1698466518\n|-terastallize|p1a: Zacian|Fire\n|move|p1a: Zacian|Play Rough|p2a: Gholdengo\n|-damage|p2a: Gholdengo|0 fnt\n|faint|p2a: Gholdengo\n|\n|upkeep\n|\n|t:|1698466532\n|switch|p2a: Kyogre|Kyogre-Primal|88\/100\n|-damage|p2a: Kyogre|76\/100|[from] Spikes\n|-weather|PrimordialSea|[from] ability: Primordial Sea|[of] p2a: Kyogre\n|turn|22\n|\n|t:|1698466540\n|move|p2a: Kyogre|Water Spout|p1a: Zacian\n|-supereffective|p1a: Zacian\n|-damage|p1a: Zacian|0 fnt\n|faint|p1a: Zacian\n|\n|-weather|PrimordialSea|[upkeep]\n|upkeep\n|\n|t:|1698466561\n|switch|p1a: Ho-Oh|Ho-Oh|97\/100\n|turn|23\n|c|\u2606houpa|water spout\n|l|\u2606houpa\n|inactive|houpa disconnected and has a minute to reconnect!\n|player|p2|\n|c|\u2606Iooyan|water spout\n|inactive|houpa has 30 seconds to reconnect!\n|j|\u2606houpa\n|inactive|houpa reconnected and has 95 seconds left.\n|player|p2|houpa|cynthia-masters\n|inactive|houpa has 90 seconds left.\n|\n|t:|1698466635\n|move|p2a: Kyogre|Water Spout|p1a: Ho-Oh\n|-supereffective|p1a: Ho-Oh\n|-damage|p1a: Ho-Oh|0 fnt\n|faint|p1a: Ho-Oh\n|\n|-weather|PrimordialSea|[upkeep]\n|upkeep\n|\n|t:|1698466654\n|switch|p1a: Necrozma|Necrozma-Dusk-Mane|67\/100\n|-activate|p1a: Necrozma|move: Sticky Web\n|-unboost|p1a: Necrozma|spe|1\n|turn|24\n|inactive|houpa has 90 seconds left.\n|\n|t:|1698466659\n|move|p2a: Kyogre|Water Spout|p1a: Necrozma\n|-damage|p1a: Necrozma|0 fnt\n|faint|p1a: Necrozma\n|\n|-weather|PrimordialSea|[upkeep]\n|upkeep\n|\n|t:|1698466662\n|switch|p1a: Lunala|Lunala, shiny|100\/100\n|-activate|p1a: Lunala|move: Sticky Web\n|-unboost|p1a: Lunala|spe|1\n|turn|25\n|\n|t:|1698466672\n|move|p2a: Kyogre|Water Spout|p1a: Lunala\n|-damage|p1a: Lunala|63\/100\n|move|p1a: Lunala|Calm Mind|p1a: Lunala\n|-boost|p1a: Lunala|spa|1\n|-boost|p1a: Lunala|spd|1\n|\n|-weather|PrimordialSea|[upkeep]\n|upkeep\n|turn|26\n|\n|t:|1698466681\n|move|p2a: Kyogre|Water Spout|p1a: Lunala\n|-crit|p1a: Lunala\n|-damage|p1a: Lunala|0 fnt\n|faint|p1a: Lunala\n|\n|win|houpa\n|raw|Iooyan's rating: 1210 &rarr; <strong>1185<\/strong><br \/>(-25 for losing)\n|raw|houpa's rating: 1207 &rarr; <strong>1232<\/strong><br \/>(+25 for winning)\n|c|\u2606Iooyan|NOOOOOOOOOOOOOOOO\n|c|\u2606Iooyan|water spout\n|c|\u2606Iooyan|:(\n|l|\u2606Iooyan\n|c|\u2606houpa|water spout\n","uploadtime":1698466715,"views":10,"p1id":"iooyan","p2id":"houpa","formatid":"gen9nationaldexubers","rating":1185,"private":0,"password":""}