{"id":"gen9nationaldexubers-1992870842","p1":"foofoo1","p2":"CryAndComplain23","format":"[Gen 9] National Dex Ubers","log":"|j|\u2606foofoo1\n|j|\u2606CryAndComplain23\n|t:|1700242626\n|gametype|singles\n|player|p1|foofoo1|2|\n|player|p2|CryAndComplain23|guzma|\n|teamsize|p1|6\n|teamsize|p2|6\n|gen|9\n|tier|[Gen 9] National Dex Ubers\n|rule|HP Percentage Mod: HP is shown in percentages\n|rule|Endless Battle Clause: Forcing endless battles is banned\n|rule|OHKO Clause: OHKO moves are banned\n|rule|Evasion Moves Clause: Evasion moves are banned\n|rule|Evasion Items Clause: Evasion items are banned\n|rule|Species Clause: Limit one of each Pok\u00e9mon\n|rule|Sleep Clause Mod: Limit one foe put to sleep\n|rule|Mega Rayquaza Clause: You cannot mega evolve Rayquaza\n|clearpoke\n|poke|p1|Ting-Lu|\n|poke|p1|Diancie|\n|poke|p1|Thundurus-Therian, M|\n|poke|p1|Dondozo, F|\n|poke|p1|Tapu Koko|\n|poke|p1|Bisharp, M|\n|poke|p2|Garganacl, M|\n|poke|p2|Zapdos-Galar|\n|poke|p2|Slowking-Galar, M|\n|poke|p2|Toxapex, F|\n|poke|p2|Great Tusk|\n|poke|p2|Gyarados, F|\n|teampreview\n|\n|t:|1700242646\n|start\n|switch|p1a: Thundurus|Thundurus-Therian, M|100\/100\n|switch|p2a: Weird and Gilly|Slowking-Galar, M|100\/100\n|turn|1\n|\n|t:|1700242660\n|switch|p1a: Ting-Lu|Ting-Lu|100\/100\n|-ability|p1a: Ting-Lu|Vessel of Ruin\n|switch|p2a: Suffragette City|Garganacl, M, shiny|100\/100\n|\n|upkeep\n|turn|2\n|\n|t:|1700242667\n|move|p1a: Ting-Lu|Stealth Rock|p2a: Suffragette City\n|-sidestart|p2: CryAndComplain23|move: Stealth Rock\n|move|p2a: Suffragette City|Iron Defense|p2a: Suffragette City\n|-boost|p2a: Suffragette City|def|2\n|\n|upkeep\n|turn|3\n|\n|t:|1700242671\n|move|p2a: Suffragette City|Iron Defense|p2a: Suffragette City\n|-boost|p2a: Suffragette City|def|2\n|move|p1a: Ting-Lu|Whirlwind|p2a: Suffragette City\n|drag|p2a: Scary Monsters\u2026|Great Tusk|100\/100\n|-damage|p2a: Scary Monsters\u2026|98\/100|[from] Stealth Rock\n|-enditem|p2a: Scary Monsters\u2026|Booster Energy\n|-activate|p2a: Scary Monsters\u2026|ability: Protosynthesis|[fromitem]\n|-start|p2a: Scary Monsters\u2026|protosynthesisatk\n|\n|upkeep\n|turn|4\n|j| Slumpyboocus\n|\n|t:|1700242681\n|switch|p1a: Dondozo|Dondozo, F|100\/100\n|move|p2a: Scary Monsters\u2026|Rapid Spin|p1a: Dondozo\n|-damage|p1a: Dondozo|89\/100\n|-boost|p2a: Scary Monsters\u2026|spe|1\n|-damage|p2a: Scary Monsters\u2026|81\/100|[from] item: Rocky Helmet|[of] p1a: Dondozo\n|-sideend|p2: CryAndComplain23|Stealth Rock|[from] move: Rapid Spin|[of] p2a: Scary Monsters\u2026\n|\n|upkeep\n|turn|5\n|\n|t:|1700242691\n|-end|p2a: Scary Monsters\u2026|Protosynthesis|[silent]\n|switch|p2a: Jean Jeanie|Toxapex, F|100\/100\n|move|p1a: Dondozo|Liquidation|p2a: Jean Jeanie\n|-resisted|p2a: Jean Jeanie\n|-damage|p2a: Jean Jeanie|92\/100\n|\n|-heal|p2a: Jean Jeanie|99\/100|[from] item: Black Sludge\n|upkeep\n|turn|6\n|\n|t:|1700242714\n|switch|p1a: Diancie|Diancie|100\/100\n|move|p2a: Jean Jeanie|Toxic|p1a: Diancie\n|-status|p1a: Diancie|tox\n|\n|-heal|p2a: Jean Jeanie|100\/100|[from] item: Black Sludge\n|-damage|p1a: Diancie|94\/100 tox|[from] psn\n|upkeep\n|turn|7\n|\n|t:|1700242724\n|switch|p2a: Weird and Gilly|Slowking-Galar, M|100\/100\n|detailschange|p1a: Diancie|Diancie-Mega\n|-mega|p1a: Diancie|Diancie|Diancite\n|move|p1a: Diancie|Diamond Storm|p2a: Weird and Gilly\n|-damage|p2a: Weird and Gilly|46\/100\n|-boost|p1a: Diancie|def|2\n|\n|-damage|p1a: Diancie|82\/100 tox|[from] psn\n|upkeep\n|turn|8\n|\n|t:|1700242734\n|switch|p2a: Jean Jeanie|Toxapex, F|100\/100\n|move|p1a: Diancie|Diamond Storm|p2a: Jean Jeanie\n|-damage|p2a: Jean Jeanie|67\/100\n|-boost|p1a: Diancie|def|2\n|\n|-heal|p2a: Jean Jeanie|73\/100|[from] item: Black Sludge\n|-damage|p1a: Diancie|63\/100 tox|[from] psn\n|upkeep\n|turn|9\n|\n|t:|1700242742\n|move|p1a: Diancie|Hidden Power|p2a: Jean Jeanie\n|-supereffective|p2a: Jean Jeanie\n|-damage|p2a: Jean Jeanie|31\/100\n|move|p2a: Jean Jeanie|Haze|p2a: Jean Jeanie\n|-clearallboost\n|\n|-heal|p2a: Jean Jeanie|37\/100|[from] item: Black Sludge\n|-damage|p1a: Diancie|38\/100 tox|[from] psn\n|upkeep\n|turn|10\n|\n|t:|1700242770\n|switch|p1a: Bisharp|Bisharp, M|100\/100\n|switch|p2a: Weird and Gilly|Slowking-Galar, M|79\/100\n|\n|upkeep\n|turn|11\n|\n|t:|1700242776\n|move|p1a: Bisharp|Knock Off|p2a: Weird and Gilly\n|-supereffective|p2a: Weird and Gilly\n|-damage|p2a: Weird and Gilly|0 fnt\n|-enditem|p2a: Weird and Gilly|Assault Vest|[from] move: Knock Off|[of] p1a: Bisharp\n|faint|p2a: Weird and Gilly\n|\n|upkeep\n|\n|t:|1700242785\n|switch|p2a: Let\u2019s Dance|Zapdos-Galar|100\/100\n|turn|12\n|\n|t:|1700242792\n|switch|p1a: Thundurus|Thundurus-Therian, M|100\/100\n|move|p2a: Let\u2019s Dance|Thunderous Kick|p1a: Thundurus\n|-resisted|p1a: Thundurus\n|-damage|p1a: Thundurus|62\/100\n|-unboost|p1a: Thundurus|def|1\n|\n|upkeep\n|turn|13\n|\n|t:|1700242799\n|switch|p2a: Suffragette City|Garganacl, M, shiny|100\/100\n|move|p1a: Thundurus|Thunderbolt|p2a: Suffragette City\n|-damage|p2a: Suffragette City|62\/100\n|\n|-heal|p2a: Suffragette City|68\/100|[from] item: Leftovers\n|upkeep\n|turn|14\n|\n|t:|1700242808\n|switch|p1a: Ting-Lu|Ting-Lu|100\/100\n|-ability|p1a: Ting-Lu|Vessel of Ruin\n|move|p2a: Suffragette City|Recover|p2a: Suffragette City\n|-heal|p2a: Suffragette City|100\/100\n|\n|upkeep\n|turn|15\n|\n|t:|1700242837\n|switch|p2a: Let\u2019s Dance|Zapdos-Galar|100\/100\n|move|p1a: Ting-Lu|Stealth Rock|p2a: Let\u2019s Dance\n|-sidestart|p2: CryAndComplain23|move: Stealth Rock\n|\n|upkeep\n|turn|16\n|\n|t:|1700242852\n|switch|p1a: Tapu Koko|Tapu Koko|100\/100\n|-fieldstart|move: Electric Terrain|[from] ability: Electric Surge|[of] p1a: Tapu Koko\n|-item|p1a: Tapu Koko|Air Balloon\n|move|p2a: Let\u2019s Dance|Thunderous Kick|p1a: Tapu Koko\n|-resisted|p1a: Tapu Koko\n|-damage|p1a: Tapu Koko|70\/100\n|-unboost|p1a: Tapu Koko|def|1\n|-enditem|p1a: Tapu Koko|Air Balloon\n|\n|upkeep\n|turn|17\n|\n|t:|1700242864\n|move|p2a: Let\u2019s Dance|Thunderous Kick|p1a: Tapu Koko\n|-resisted|p1a: Tapu Koko\n|-damage|p1a: Tapu Koko|25\/100\n|-unboost|p1a: Tapu Koko|def|1\n|move|p1a: Tapu Koko|Thunderbolt|p2a: Let\u2019s Dance\n|-supereffective|p2a: Let\u2019s Dance\n|-damage|p2a: Let\u2019s Dance|0 fnt\n|faint|p2a: Let\u2019s Dance\n|\n|upkeep\n|\n|t:|1700242874\n|switch|p2a: Suffragette City|Garganacl, M, shiny|100\/100\n|-damage|p2a: Suffragette City|88\/100|[from] Stealth Rock\n|turn|18\n|j| king schmuck\n|\n|t:|1700242879\n|switch|p1a: Ting-Lu|Ting-Lu|100\/100\n|-ability|p1a: Ting-Lu|Vessel of Ruin\n|move|p2a: Suffragette City|Salt Cure|p1a: Ting-Lu\n|-resisted|p1a: Ting-Lu\n|-damage|p1a: Ting-Lu|98\/100\n|-start|p1a: Ting-Lu|Salt Cure\n|\n|-heal|p1a: Ting-Lu|100\/100|[from] item: Leftovers\n|-heal|p2a: Suffragette City|94\/100|[from] item: Leftovers\n|-damage|p1a: Ting-Lu|88\/100|[from] Salt Cure\n|upkeep\n|turn|19\n|\n|t:|1700242892\n|move|p1a: Ting-Lu|Earthquake|p2a: Suffragette City\n|-supereffective|p2a: Suffragette City\n|-damage|p2a: Suffragette City|53\/100\n|move|p2a: Suffragette City|Body Press|p1a: Ting-Lu\n|-supereffective|p1a: Ting-Lu\n|-damage|p1a: Ting-Lu|70\/100\n|\n|-heal|p1a: Ting-Lu|76\/100|[from] item: Leftovers\n|-heal|p2a: Suffragette City|59\/100|[from] item: Leftovers\n|-damage|p1a: Ting-Lu|64\/100|[from] Salt Cure\n|upkeep\n|turn|20\n|\n|t:|1700242904\n|move|p1a: Ting-Lu|Earthquake|p2a: Suffragette City\n|-supereffective|p2a: Suffragette City\n|-damage|p2a: Suffragette City|11\/100\n|move|p2a: Suffragette City|Recover|p2a: Suffragette City\n|-heal|p2a: Suffragette City|61\/100\n|\n|-heal|p1a: Ting-Lu|70\/100|[from] item: Leftovers\n|-heal|p2a: Suffragette City|67\/100|[from] item: Leftovers\n|-damage|p1a: Ting-Lu|58\/100|[from] Salt Cure\n|-fieldend|move: Electric Terrain\n|upkeep\n|turn|21\n|\n|t:|1700242916\n|switch|p2a: Diamond Dogs|Gyarados, F|100\/100\n|-damage|p2a: Diamond Dogs|75\/100|[from] Stealth Rock\n|-ability|p2a: Diamond Dogs|Intimidate|boost\n|-unboost|p1a: Ting-Lu|atk|1\n|move|p1a: Ting-Lu|Earthquake|p2a: Diamond Dogs\n|-immune|p2a: Diamond Dogs\n|\n|-heal|p1a: Ting-Lu|64\/100|[from] item: Leftovers\n|-damage|p1a: Ting-Lu|51\/100|[from] Salt Cure\n|upkeep\n|turn|22\n|\n|t:|1700242926\n|detailschange|p2a: Diamond Dogs|Gyarados-Mega, F\n|-mega|p2a: Diamond Dogs|Gyarados|Gyaradosite\n|-ability|p2a: Diamond Dogs|Mold Breaker\n|move|p2a: Diamond Dogs|Waterfall|p1a: Ting-Lu\n|-supereffective|p1a: Ting-Lu\n|-crit|p1a: Ting-Lu\n|-damage|p1a: Ting-Lu|0 fnt\n|faint|p1a: Ting-Lu\n|\n|upkeep\n|\n|t:|1700242935\n|switch|p1a: Diancie|Diancie-Mega|38\/100 tox\n|turn|23\n|\n|t:|1700242943\n|switch|p2a: Jean Jeanie|Toxapex, F|70\/100\n|-damage|p2a: Jean Jeanie|58\/100|[from] Stealth Rock\n|move|p1a: Diancie|Moonblast|p2a: Jean Jeanie\n|-resisted|p2a: Jean Jeanie\n|-damage|p2a: Jean Jeanie|32\/100\n|\n|-heal|p2a: Jean Jeanie|38\/100|[from] item: Black Sludge\n|-damage|p1a: Diancie|32\/100 tox|[from] psn\n|upkeep\n|turn|24\n|\n|t:|1700242952\n|move|p2a: Jean Jeanie|Baneful Bunker|p2a: Jean Jeanie\n|-singleturn|p2a: Jean Jeanie|move: Protect\n|move|p1a: Diancie|Hidden Power|p2a: Jean Jeanie\n|-activate|p2a: Jean Jeanie|move: Protect\n|\n|-heal|p2a: Jean Jeanie|45\/100|[from] item: Black Sludge\n|-damage|p1a: Diancie|20\/100 tox|[from] psn\n|upkeep\n|turn|25\n|\n|t:|1700242995\n|move|p1a: Diancie|Moonblast|p2a: Jean Jeanie\n|-resisted|p2a: Jean Jeanie\n|-crit|p2a: Jean Jeanie\n|-damage|p2a: Jean Jeanie|8\/100\n|-unboost|p2a: Jean Jeanie|spa|1\n|move|p2a: Jean Jeanie|Scald|p1a: Diancie\n|-supereffective|p1a: Diancie\n|-damage|p1a: Diancie|0 fnt\n|faint|p1a: Diancie\n|\n|-heal|p2a: Jean Jeanie|15\/100|[from] item: Black Sludge\n|upkeep\n|\n|t:|1700243028\n|switch|p1a: Tapu Koko|Tapu Koko|25\/100\n|-fieldstart|move: Electric Terrain|[from] ability: Electric Surge|[of] p1a: Tapu Koko\n|turn|26\n|\n|t:|1700243047\n|switch|p2a: Scary Monsters\u2026|Great Tusk|81\/100\n|-damage|p2a: Scary Monsters\u2026|78\/100|[from] Stealth Rock\n|move|p1a: Tapu Koko|Thunderbolt|p2a: Scary Monsters\u2026\n|-immune|p2a: Scary Monsters\u2026\n|\n|upkeep\n|turn|27\n|\n|t:|1700243054\n|move|p1a: Tapu Koko|Dazzling Gleam|p2a: Scary Monsters\u2026\n|-supereffective|p2a: Scary Monsters\u2026\n|-damage|p2a: Scary Monsters\u2026|0 fnt\n|faint|p2a: Scary Monsters\u2026\n|-end|p2a: Scary Monsters\u2026|Protosynthesis|[silent]\n|\n|upkeep\n|\n|t:|1700243057\n|switch|p2a: Suffragette City|Garganacl, M, shiny|67\/100\n|-damage|p2a: Suffragette City|55\/100|[from] Stealth Rock\n|turn|28\n|\n|t:|1700243065\n|switch|p1a: Dondozo|Dondozo, F|89\/100\n|move|p2a: Suffragette City|Salt Cure|p1a: Dondozo\n|-damage|p1a: Dondozo|83\/100\n|-start|p1a: Dondozo|Salt Cure\n|\n|-heal|p2a: Suffragette City|61\/100|[from] item: Leftovers\n|-damage|p1a: Dondozo|58\/100|[from] Salt Cure\n|upkeep\n|turn|29\n|\n|t:|1700243077\n|move|p2a: Suffragette City|Recover|p2a: Suffragette City\n|-heal|p2a: Suffragette City|100\/100\n|move|p1a: Dondozo|Liquidation|p2a: Suffragette City\n|-supereffective|p2a: Suffragette City\n|-damage|p2a: Suffragette City|60\/100\n|\n|-heal|p2a: Suffragette City|67\/100|[from] item: Leftovers\n|-damage|p1a: Dondozo|33\/100|[from] Salt Cure\n|upkeep\n|turn|30\n|\n|t:|1700243091\n|switch|p2a: Jean Jeanie|Toxapex, F|48\/100\n|-damage|p2a: Jean Jeanie|35\/100|[from] Stealth Rock\n|move|p1a: Dondozo|Liquidation|p2a: Jean Jeanie\n|-resisted|p2a: Jean Jeanie\n|-damage|p2a: Jean Jeanie|27\/100\n|-unboost|p2a: Jean Jeanie|def|1\n|\n|-heal|p2a: Jean Jeanie|33\/100|[from] item: Black Sludge\n|-damage|p1a: Dondozo|8\/100|[from] Salt Cure\n|-fieldend|move: Electric Terrain\n|upkeep\n|turn|31\n|\n|t:|1700243110\n|switch|p1a: Thundurus|Thundurus-Therian, M|62\/100\n|move|p2a: Jean Jeanie|Baneful Bunker||[still]\n|-fail|p2a: Jean Jeanie\n|\n|-heal|p2a: Jean Jeanie|40\/100|[from] item: Black Sludge\n|upkeep\n|turn|32\n|\n|t:|1700243116\n|move|p1a: Thundurus|Thunderbolt|p2a: Jean Jeanie\n|-supereffective|p2a: Jean Jeanie\n|-damage|p2a: Jean Jeanie|0 fnt\n|faint|p2a: Jean Jeanie\n|\n|upkeep\n|\n|t:|1700243118\n|switch|p2a: Suffragette City|Garganacl, M, shiny|67\/100\n|-damage|p2a: Suffragette City|54\/100|[from] Stealth Rock\n|turn|33\n|\n|t:|1700243123\n|switch|p1a: Dondozo|Dondozo, F|8\/100\n|move|p2a: Suffragette City|Recover|p2a: Suffragette City\n|-heal|p2a: Suffragette City|100\/100\n|\n|upkeep\n|turn|34\n|\n|t:|1700243128\n|move|p2a: Suffragette City|Salt Cure|p1a: Dondozo\n|-damage|p1a: Dondozo|2\/100\n|-start|p1a: Dondozo|Salt Cure\n|move|p1a: Dondozo|Liquidation|p2a: Suffragette City\n|-supereffective|p2a: Suffragette City\n|-damage|p2a: Suffragette City|58\/100\n|\n|-heal|p2a: Suffragette City|65\/100|[from] item: Leftovers\n|-damage|p1a: Dondozo|0 fnt|[from] Salt Cure\n|faint|p1a: Dondozo\n|upkeep\n|\n|t:|1700243137\n|switch|p1a: Bisharp|Bisharp, M|100\/100\n|turn|35\n|\n|t:|1700243142\n|move|p1a: Bisharp|Low Kick|p2a: Suffragette City\n|-supereffective|p2a: Suffragette City\n|-damage|p2a: Suffragette City|9\/100\n|move|p2a: Suffragette City|Body Press|p1a: Bisharp\n|-supereffective|p1a: Bisharp\n|-damage|p1a: Bisharp|40\/100\n|\n|-heal|p2a: Suffragette City|15\/100|[from] item: Leftovers\n|upkeep\n|turn|36\n|\n|t:|1700243153\n|move|p1a: Bisharp|Low Kick|p2a: Suffragette City\n|-supereffective|p2a: Suffragette City\n|-damage|p2a: Suffragette City|0 fnt\n|faint|p2a: Suffragette City\n|\n|upkeep\n|\n|t:|1700243154\n|switch|p2a: Diamond Dogs|Gyarados-Mega, F|75\/100\n|-damage|p2a: Diamond Dogs|63\/100|[from] Stealth Rock\n|-ability|p2a: Diamond Dogs|Mold Breaker\n|turn|37\n|\n|t:|1700243164\n|move|p2a: Diamond Dogs|Dragon Dance|p2a: Diamond Dogs\n|-boost|p2a: Diamond Dogs|atk|1\n|-boost|p2a: Diamond Dogs|spe|1\n|move|p1a: Bisharp|Low Kick|p2a: Diamond Dogs\n|-supereffective|p2a: Diamond Dogs\n|-damage|p2a: Diamond Dogs|0 fnt\n|faint|p2a: Diamond Dogs\n|\n|win|foofoo1\n","uploadtime":1700243175,"views":29,"p1id":"foofoo1","p2id":"cryandcomplain23","formatid":"gen9nationaldexubers","rating":0,"private":0,"password":""}