{"id":"gen9nationaldexubers-1990798741","p1":"PremiumTrainer","p2":"Poprat","format":"[Gen 9] National Dex Ubers","log":"|j|\u2606PremiumTrainer\n|j|\u2606Poprat\n|t:|1700001956\n|gametype|singles\n|player|p1|PremiumTrainer|265|\n|player|p2|Poprat|101|\n|teamsize|p1|6\n|teamsize|p2|6\n|gen|9\n|tier|[Gen 9] National Dex Ubers\n|rule|HP Percentage Mod: HP is shown in percentages\n|rule|Endless Battle Clause: Forcing endless battles is banned\n|rule|OHKO Clause: OHKO moves are banned\n|rule|Evasion Moves Clause: Evasion moves are banned\n|rule|Evasion Items Clause: Evasion items are banned\n|rule|Species Clause: Limit one of each Pok\u00e9mon\n|rule|Sleep Clause Mod: Limit one foe put to sleep\n|rule|Mega Rayquaza Clause: You cannot mega evolve Rayquaza\n|clearpoke\n|poke|p1|Dragapult, F|\n|poke|p1|Skeledirge, F|\n|poke|p1|Greninja-*, M|\n|poke|p1|Kingambit, M|\n|poke|p1|Maushold-Four|\n|poke|p1|Flutter Mane|\n|poke|p2|Gastrodon, M|\n|poke|p2|Espeon, F|\n|poke|p2|Aegislash, F|\n|poke|p2|Bellossom, M|\n|poke|p2|Kangaskhan, F|\n|poke|p2|Torkoal, F|\n|teampreview\n|inactive|Battle timer is ON: inactive players will automatically lose when time's up. (requested by Poprat)\n|c|\u2606Poprat|no way bro\n|c|\u2606Poprat|you tweakin\n|c|\u2606PremiumTrainer|Mid ahh team\ud83d\ude2d\n|inactive|PremiumTrainer has 270 seconds left.\n|\n|t:|1700001987\n|start\n|switch|p1a: HousyMousy|Maushold-Four|100\/100\n|switch|p2a: Espeon|Espeon, F|100\/100\n|turn|1\n|c|\u2606Poprat|this is jojo speaking\n|c|\u2606Poprat|dont lose figga\n|c|\u2606PremiumTrainer|Quiet\n|\n|t:|1700002014\n|move|p2a: Espeon|Calm Mind|p2a: Espeon\n|-boost|p2a: Espeon|spa|1\n|-boost|p2a: Espeon|spd|1\n|move|p1a: HousyMousy|Population Bomb|p2a: Espeon\n|-damage|p2a: Espeon|76\/100\n|-damage|p2a: Espeon|54\/100\n|-damage|p2a: Espeon|28\/100\n|-crit|p2a: Espeon\n|-damage|p2a: Espeon|0 fnt\n|faint|p2a: Espeon\n|-hitcount|p2: Espeon|4\n|\n|upkeep\n|\n|t:|1700002020\n|switch|p2a: Torkoal|Torkoal, F|100\/100\n|-weather|SunnyDay|[from] ability: Drought|[of] p2a: Torkoal\n|turn|2\n|c|\u2606PremiumTrainer|Ez\n|\n|t:|1700002032\n|move|p1a: HousyMousy|Tidy Up|p1a: HousyMousy\n|-boost|p1a: HousyMousy|atk|1\n|-boost|p1a: HousyMousy|spe|1\n|move|p2a: Torkoal|Flamethrower|p1a: HousyMousy\n|-damage|p1a: HousyMousy|10\/100\n|\n|-weather|SunnyDay|[upkeep]\n|upkeep\n|turn|3\n|c|\u2606Poprat|why the hell did you choose that goofy ahh team\n|c|\u2606PremiumTrainer|Sun carried\n|inactive|Poprat has 270 seconds left.\n|\n|t:|1700002054\n|move|p1a: HousyMousy|Population Bomb|p2a: Torkoal\n|-damage|p2a: Torkoal|87\/100\n|-damage|p2a: Torkoal|74\/100\n|-damage|p2a: Torkoal|62\/100\n|-damage|p2a: Torkoal|49\/100\n|-damage|p2a: Torkoal|37\/100\n|-damage|p2a: Torkoal|24\/100\n|-damage|p2a: Torkoal|10\/100\n|-damage|p2a: Torkoal|0 fnt\n|faint|p2a: Torkoal\n|-hitcount|p2: Torkoal|8\n|\n|-weather|SunnyDay|[upkeep]\n|upkeep\n|c|\u2606PremiumTrainer|De\n|inactive|Poprat has 270 seconds left.\n|\n|t:|1700002060\n|switch|p2a: Kangaskhan|Kangaskhan, F|100\/100\n|turn|4\n|c|\u2606PremiumTrainer|YEAH\n|\n|t:|1700002072\n|move|p2a: Kangaskhan|Sucker Punch|p1a: HousyMousy\n|-damage|p1a: HousyMousy|0 fnt\n|faint|p1a: HousyMousy\n|\n|-weather|SunnyDay|[upkeep]\n|upkeep\n|c|\u2606PremiumTrainer|SONKEY\n|\n|t:|1700002086\n|switch|p1a: Jose-Greninja|Greninja, M|100\/100\n|turn|5\n|c|\u2606Poprat|it looks like you stole someones dumbass team\n|c|\u2606PremiumTrainer|Y'all don't know bout Jose Greninja\n|\n|t:|1700002106\n|move|p1a: Jose-Greninja|Dark Pulse|p2a: Kangaskhan\n|-damage|p2a: Kangaskhan|72\/100\n|cant|p2a: Kangaskhan|flinch\n|\n|-weather|SunnyDay|[upkeep]\n|upkeep\n|turn|6\n|c|\u2606PremiumTrainer|W\n|inactive|PremiumTrainer has 270 seconds left.\n|\n|t:|1700002123\n|move|p1a: Jose-Greninja|Dark Pulse|p2a: Kangaskhan\n|-damage|p2a: Kangaskhan|46\/100\n|move|p2a: Kangaskhan|Brick Break|p1a: Jose-Greninja\n|-supereffective|p1a: Jose-Greninja\n|-damage|p1a: Jose-Greninja|33\/100\n|\n|-weather|none\n|upkeep\n|turn|7\n|inactive|PremiumTrainer has 270 seconds left.\n|\n|t:|1700002134\n|move|p1a: Jose-Greninja|Hydro Cannon|p2a: Kangaskhan\n|-damage|p2a: Kangaskhan|0 fnt\n|-mustrecharge|p1a: Jose-Greninja\n|faint|p2a: Kangaskhan\n|-ability|p1a: Jose-Greninja|Battle Bond|boost\n|-boost|p1a: Jose-Greninja|atk|1\n|-boost|p1a: Jose-Greninja|spa|1\n|-boost|p1a: Jose-Greninja|spe|1\n|-activate|p1a: Jose-Greninja|ability: Battle Bond\n|\n|upkeep\n|\n|t:|1700002141\n|switch|p2a: Bellossom|Bellossom, M|100\/100\n|turn|8\n|c|\u2606PremiumTrainer|I had to wait for sun\n|\n|t:|1700002146\n|cant|p1a: Jose-Greninja|recharge\n|move|p2a: Bellossom|Petal Blizzard|p1a: Jose-Greninja\n|-supereffective|p1a: Jose-Greninja\n|-damage|p1a: Jose-Greninja|0 fnt\n|faint|p1a: Jose-Greninja\n|\n|upkeep\n|\n|t:|1700002155\n|switch|p1a: Dirge|Skeledirge, F|100\/100\n|turn|9\n|c|\u2606PremiumTrainer|I love Jose Greninja\n|\n|t:|1700002177\n|switch|p2a: Gastrodon|Gastrodon, M|100\/100\n|move|p1a: Dirge|Torch Song|p2a: Gastrodon\n|-resisted|p2a: Gastrodon\n|-damage|p2a: Gastrodon|80\/100\n|-boost|p1a: Dirge|spa|1\n|\n|-heal|p2a: Gastrodon|86\/100|[from] item: Leftovers\n|upkeep\n|turn|10\n|c|\u2606PremiumTrainer|Uhh\n|c|\u2606PremiumTrainer|No\n|\n|t:|1700002196\n|-terastallize|p1a: Dirge|Water\n|move|p1a: Dirge|Yawn|p2a: Gastrodon\n|-start|p2a: Gastrodon|move: Yawn|[of] p1a: Dirge\n|move|p2a: Gastrodon|Surf|p1a: Dirge\n|-resisted|p1a: Dirge\n|-damage|p1a: Dirge|79\/100\n|\n|-heal|p2a: Gastrodon|93\/100|[from] item: Leftovers\n|upkeep\n|turn|11\n|c|\u2606Poprat|bro use a team you actually made bro\n|c|\u2606PremiumTrainer|I DID\n|inactive|Poprat has 270 seconds left.\n|c|\u2606PremiumTrainer|I MADE THIS\n|c|\u2606Poprat|i swear ive seen this exact team before\n|\n|t:|1700002228\n|switch|p2a: Bellossom|Bellossom, M|100\/100\n|move|p1a: Dirge|Torch Song|p2a: Bellossom\n|-supereffective|p2a: Bellossom\n|-crit|p2a: Bellossom\n|-damage|p2a: Bellossom|0 fnt\n|-boost|p1a: Dirge|spa|1\n|faint|p2a: Bellossom\n|\n|upkeep\n|c|\u2606PremiumTrainer|CAPPPP\n|\n|t:|1700002230\n|switch|p2a: Aegislash|Aegislash, F|100\/100\n|turn|12\n|c|\u2606PremiumTrainer|W crit\n|\n|t:|1700002240\n|move|p1a: Dirge|Torch Song|p2a: Aegislash\n|-supereffective|p2a: Aegislash\n|-damage|p2a: Aegislash|0 fnt\n|-boost|p1a: Dirge|spa|1\n|faint|p2a: Aegislash\n|\n|upkeep\n|\n|t:|1700002247\n|switch|p2a: Gastrodon|Gastrodon, M|93\/100\n|turn|13\n|c|\u2606PremiumTrainer|I LOVE MY POKEMON\n|\n|t:|1700002252\n|move|p1a: Dirge|Shadow Ball|p2a: Gastrodon\n|-damage|p2a: Gastrodon|2\/100\n|-unboost|p2a: Gastrodon|spd|1\n|move|p2a: Gastrodon|Earth Power|p1a: Dirge\n|-damage|p1a: Dirge|35\/100\n|\n|-heal|p2a: Gastrodon|8\/100|[from] item: Leftovers\n|upkeep\n|turn|14\n|\n|t:|1700002263\n|move|p1a: Dirge|Shadow Ball|p2a: Gastrodon\n|-damage|p2a: Gastrodon|0 fnt\n|faint|p2a: Gastrodon\n|\n|win|PremiumTrainer\n|l|\u2606Poprat\n|c|\u2606PremiumTrainer|DONT EVA INSULT THEM\n|c|\u2606PremiumTrainer|MONKEY\n","uploadtime":1700002308,"views":7,"p1id":"premiumtrainer","p2id":"poprat","formatid":"gen9nationaldexubers","rating":0,"private":0,"password":""}