{"id":"gen9nationaldexubers-1978732360","p1":"barabba33","p2":"greeso","format":"[Gen 9] National Dex Ubers","log":"|j|\u2606barabba33\n|j|\u2606greeso\n|t:|1698588365\n|gametype|singles\n|player|p1|barabba33|silver-masters|\n|player|p2|greeso|blue|\n|teamsize|p1|6\n|teamsize|p2|6\n|gen|9\n|tier|[Gen 9] National Dex Ubers\n|rule|HP Percentage Mod: HP is shown in percentages\n|rule|Endless Battle Clause: Forcing endless battles is banned\n|rule|OHKO Clause: OHKO moves are banned\n|rule|Evasion Moves Clause: Evasion moves are banned\n|rule|Evasion Items Clause: Evasion items are banned\n|rule|Species Clause: Limit one of each Pok\u00e9mon\n|rule|Sleep Clause Mod: Limit one foe put to sleep\n|rule|Mega Rayquaza Clause: You cannot mega evolve Rayquaza\n|clearpoke\n|poke|p1|Feraligatr, F|\n|poke|p1|Flygon, M|\n|poke|p1|Metagross|\n|poke|p1|Volcarona, M|\n|poke|p1|Eelektross, M|\n|poke|p1|Lucario, M|\n|poke|p2|Beedrill, M|\n|poke|p2|Grimmsnarl, M|\n|poke|p2|Iron Moth|\n|poke|p2|Azumarill, M|\n|poke|p2|Ursaluna-Bloodmoon, M|\n|poke|p2|Ditto|\n|teampreview\n|inactive|Battle timer is ON: inactive players will automatically lose when time's up. (requested by greeso)\n|inactive|barabba33 has 270 seconds left.\n|\n|t:|1698588419\n|start\n|switch|p1a: Metagross|Metagross, shiny|100\/100\n|switch|p2a: Beedrill|Beedrill, M|100\/100\n|turn|1\n|\n|t:|1698588436\n|detailschange|p2a: Beedrill|Beedrill-Mega, M\n|-mega|p2a: Beedrill|Beedrill|Beedrillite\n|detailschange|p1a: Metagross|Metagross-Mega, shiny\n|-mega|p1a: Metagross|Metagross|Metagrossite\n|move|p2a: Beedrill|U-turn|p1a: Metagross\n|-damage|p1a: Metagross|64\/100\n|\n|t:|1698588450\n|switch|p2a: Ursaluna|Ursaluna-Bloodmoon, M|100\/100|[from] U-turn\n|move|p1a: Metagross|Zen Headbutt|p2a: Ursaluna\n|-damage|p2a: Ursaluna|57\/100\n|\n|upkeep\n|turn|2\n|inactive|barabba33 has 270 seconds left.\n|\n|t:|1698588496\n|switch|p1a: Eelektross|Eelektross, M|100\/100\n|switch|p2a: Ditto|Ditto|100\/100\n|-transform|p2a: Ditto|p1a: Eelektross|[from] ability: Imposter\n|\n|upkeep\n|turn|3\n|inactive|barabba33 has 240 seconds left.\n|\n|t:|1698588545\n|switch|p1a: Volcarona|Volcarona, M|100\/100\n|move|p2a: Ditto|Volt Switch|p1a: Volcarona\n|-damage|p1a: Volcarona|65\/100\n|\n|t:|1698588553\n|switch|p2a: Beedrill|Beedrill-Mega, M|100\/100|[from] Volt Switch\n|\n|upkeep\n|turn|4\n|\n|t:|1698588572\n|move|p2a: Beedrill|Poison Jab|p1a: Volcarona\n|-damage|p1a: Volcarona|0 fnt\n|faint|p1a: Volcarona\n|\n|upkeep\n|inactive|barabba33 has 210 seconds left.\n|\n|t:|1698588608\n|switch|p1a: Flygon|Flygon, M|100\/100\n|turn|5\n|\n|t:|1698588622\n|-terastallize|p1a: Flygon|Fire\n|move|p2a: Beedrill|U-turn|p1a: Flygon\n|-resisted|p1a: Flygon\n|-damage|p1a: Flygon|57\/100\n|\n|t:|1698588631\n|switch|p2a: Azumarill|Azumarill, M|100\/100|[from] U-turn\n|move|p1a: Flygon|Dragon Dance|p1a: Flygon\n|-boost|p1a: Flygon|atk|1\n|-boost|p1a: Flygon|spe|1\n|\n|upkeep\n|turn|6\n|inactive|barabba33 has 180 seconds left.\n|\n|t:|1698588664\n|move|p1a: Flygon|Earthquake|p2a: Azumarill\n|-damage|p2a: Azumarill|31\/100\n|-zpower|p2a: Azumarill\n|move|p2a: Azumarill|Z-Belly Drum|p2a: Azumarill|[anim]Belly Drum\n|-heal|p2a: Azumarill|100\/100|[zeffect]\n|-damage|p2a: Azumarill|50\/100\n|-setboost|p2a: Azumarill|atk|6|[from] move: Belly Drum\n|\n|upkeep\n|turn|7\n|inactive|barabba33 has 180 seconds left.\n|\n|t:|1698588680\n|move|p2a: Azumarill|Aqua Jet|p1a: Flygon\n|-supereffective|p1a: Flygon\n|-damage|p1a: Flygon|0 fnt\n|faint|p1a: Flygon\n|\n|upkeep\n|inactive|barabba33 has 180 seconds left.\n|\n|t:|1698588695\n|switch|p1a: Metagross|Metagross-Mega, shiny|64\/100\n|turn|8\n|\n|t:|1698588714\n|move|p1a: Metagross|Bullet Punch|p2a: Azumarill\n|-damage|p2a: Azumarill|16\/100\n|move|p2a: Azumarill|Aqua Jet|p1a: Metagross\n|-damage|p1a: Metagross|0 fnt\n|faint|p1a: Metagross\n|\n|upkeep\n|inactive|barabba33 has 180 seconds left.\n|\n|t:|1698588725\n|switch|p1a: Lucario|Lucario, M|100\/100\n|turn|9\n|inactive|barabba33 has 180 seconds left.\n|\n|t:|1698588745\n|switch|p2a: Iron Moth|Iron Moth|100\/100\n|-enditem|p2a: Iron Moth|Booster Energy\n|-activate|p2a: Iron Moth|ability: Quark Drive|[fromitem]\n|-start|p2a: Iron Moth|quarkdrivespa\n|move|p1a: Lucario|Extreme Speed|p2a: Iron Moth\n|-damage|p2a: Iron Moth|58\/100\n|\n|upkeep\n|turn|10\n|inactive|barabba33 has 180 seconds left.\n|\n|t:|1698588769\n|move|p2a: Iron Moth|Fiery Dance|p1a: Lucario\n|-supereffective|p1a: Lucario\n|-enditem|p1a: Lucario|Focus Sash\n|-damage|p1a: Lucario|1\/100\n|move|p1a: Lucario|Close Combat|p2a: Iron Moth\n|-resisted|p2a: Iron Moth\n|-damage|p2a: Iron Moth|7\/100\n|-unboost|p1a: Lucario|def|1\n|-unboost|p1a: Lucario|spd|1\n|\n|upkeep\n|turn|11\n|\n|t:|1698588783\n|-end|p2a: Iron Moth|Quark Drive|[silent]\n|switch|p2a: Ursaluna|Ursaluna-Bloodmoon, M|57\/100\n|move|p1a: Lucario|Extreme Speed|p2a: Ursaluna\n|-damage|p2a: Ursaluna|39\/100\n|\n|upkeep\n|turn|12\n|\n|t:|1698588798\n|move|p2a: Ursaluna|Vacuum Wave|p1a: Lucario\n|-supereffective|p1a: Lucario\n|-damage|p1a: Lucario|0 fnt\n|faint|p1a: Lucario\n|\n|upkeep\n|\n|t:|1698588805\n|switch|p1a: Feraligatr|Feraligatr, F|100\/100\n|turn|13\n|\n|t:|1698588812\n|-terastallize|p2a: Ursaluna|Fairy\n|move|p1a: Feraligatr|Liquidation|p2a: Ursaluna\n|-damage|p2a: Ursaluna|0 fnt\n|faint|p2a: Ursaluna\n|\n|upkeep\n|\n|t:|1698588825\n|switch|p2a: Iron Moth|Iron Moth|7\/100\n|turn|14\n|inactive|barabba33 has 180 seconds left.\n|\n|t:|1698588838\n|move|p2a: Iron Moth|Energy Ball|p1a: Feraligatr\n|-supereffective|p1a: Feraligatr\n|-damage|p1a: Feraligatr|20\/100\n|-unboost|p1a: Feraligatr|spd|1\n|move|p1a: Feraligatr|Liquidation|p2a: Iron Moth\n|-supereffective|p2a: Iron Moth\n|-damage|p2a: Iron Moth|0 fnt\n|faint|p2a: Iron Moth\n|-end|p2a: Iron Moth|Quark Drive|[silent]\n|\n|upkeep\n|\n|t:|1698588849\n|switch|p2a: Beedrill|Beedrill-Mega, M|100\/100\n|turn|15\n|inactive|barabba33 has 180 seconds left.\n|\n|t:|1698588859\n|move|p2a: Beedrill|Poison Jab|p1a: Feraligatr\n|-damage|p1a: Feraligatr|0 fnt\n|faint|p1a: Feraligatr\n|\n|upkeep\n|\n|t:|1698588864\n|switch|p1a: Eelektross|Eelektross, M|100\/100\n|turn|16\n|\n|t:|1698588869\n|move|p2a: Beedrill|Poison Jab|p1a: Eelektross\n|-damage|p1a: Eelektross|32\/100\n|-status|p1a: Eelektross|psn\n|move|p1a: Eelektross|Flamethrower|p2a: Beedrill\n|-supereffective|p2a: Beedrill\n|-damage|p2a: Beedrill|0 fnt\n|faint|p2a: Beedrill\n|-damage|p1a: Eelektross|22\/100 psn|[from] item: Life Orb\n|\n|-damage|p1a: Eelektross|9\/100 psn|[from] psn\n|upkeep\n|\n|t:|1698588885\n|switch|p2a: Grimmsnarl|Grimmsnarl, M, shiny|100\/100\n|turn|17\n|\n|t:|1698588908\n|move|p2a: Grimmsnarl|Light Screen|p2a: Grimmsnarl\n|-sidestart|p2: greeso|move: Light Screen\n|move|p1a: Eelektross|Thunderbolt|p2a: Grimmsnarl\n|-damage|p2a: Grimmsnarl|78\/100\n|-damage|p1a: Eelektross|0 fnt|[from] item: Life Orb\n|faint|p1a: Eelektross\n|\n|win|greeso\n|l|\u2606greeso\n","uploadtime":1698589049,"views":15,"p1id":"barabba33","p2id":"greeso","formatid":"gen9nationaldexubers","rating":0,"private":0,"password":""}