{"id":"gen9nationaldexubers-1989287817","p1":"Tobitoxd","p2":"TRIPLE RILABOOM","format":"[Gen 9] National Dex Ubers","log":"|j|\u2606Tobitoxd\n|j|\u2606TRIPLE RILABOOM\n|t:|1699832191\n|gametype|singles\n|player|p1|Tobitoxd|blue|1221\n|player|p2|TRIPLE RILABOOM|169|1303\n|teamsize|p1|6\n|teamsize|p2|6\n|gen|9\n|tier|[Gen 9] National Dex Ubers\n|rated|\n|rule|HP Percentage Mod: HP is shown in percentages\n|rule|Endless Battle Clause: Forcing endless battles is banned\n|rule|OHKO Clause: OHKO moves are banned\n|rule|Evasion Moves Clause: Evasion moves are banned\n|rule|Evasion Items Clause: Evasion items are banned\n|rule|Species Clause: Limit one of each Pok\u00e9mon\n|rule|Sleep Clause Mod: Limit one foe put to sleep\n|rule|Mega Rayquaza Clause: You cannot mega evolve Rayquaza\n|clearpoke\n|poke|p1|Zekrom|\n|poke|p1|Chi-Yu|\n|poke|p1|Shuckle, M|\n|poke|p1|Kyogre|\n|poke|p1|Dragapult, M|\n|poke|p1|Landorus, M|\n|poke|p2|Zarude|\n|poke|p2|Marshadow|\n|poke|p2|Galvantula, M|\n|poke|p2|Darmanitan-Galar, M|\n|poke|p2|Gholdengo|\n|poke|p2|Xurkitree|\n|teampreview\n|\n|t:|1699832195\n|start\n|switch|p1a: Shuckle|Shuckle, M|100\/100\n|switch|p2a: Galvantula|Galvantula, M, shiny|100\/100\n|turn|1\n|\n|t:|1699832206\n|move|p2a: Galvantula|Sticky Web|p1a: Shuckle\n|-sidestart|p1: Tobitoxd|move: Sticky Web\n|move|p1a: Shuckle|Sticky Web|p2a: Galvantula\n|-sidestart|p2: TRIPLE RILABOOM|move: Sticky Web\n|\n|upkeep\n|turn|2\n|\n|t:|1699832220\n|switch|p2a: Marshadow|Marshadow|100\/100\n|-activate|p2a: Marshadow|move: Sticky Web\n|-unboost|p2a: Marshadow|spe|1\n|move|p1a: Shuckle|Stealth Rock|p2a: Marshadow\n|-sidestart|p2: TRIPLE RILABOOM|move: Stealth Rock\n|\n|upkeep\n|turn|3\n|\n|t:|1699832228\n|move|p2a: Marshadow|Swagger|p1a: Shuckle\n|-boost|p1a: Shuckle|atk|2\n|-enditem|p2a: Marshadow|Mirror Herb\n|-boost|p2a: Marshadow|atk|2|[from] item: Mirror Herb\n|-start|p1a: Shuckle|confusion\n|-activate|p1a: Shuckle|confusion\n|move|p1a: Shuckle|String Shot|p2a: Marshadow\n|-unboost|p2a: Marshadow|spe|2\n|\n|upkeep\n|turn|4\n|\n|t:|1699832240\n|move|p2a: Marshadow|Spectral Thief||[still]\n|-clearpositiveboost|p1a: Shuckle|p2a: Marshadow|move: Spectral Thief\n|-boost|p2a: Marshadow|atk|2\n|-anim|p2a: Marshadow|Spectral Thief|p1a: Shuckle\n|-crit|p1a: Shuckle\n|-ability|p1a: Shuckle|Sturdy\n|-damage|p1a: Shuckle|1\/100\n|-activate|p1a: Shuckle|confusion\n|move|p1a: Shuckle|Knock Off|p2a: Marshadow\n|-damage|p2a: Marshadow|96\/100\n|\n|upkeep\n|turn|5\n|\n|t:|1699832257\n|move|p2a: Marshadow|Shadow Sneak|p1a: Shuckle\n|-damage|p1a: Shuckle|0 fnt\n|faint|p1a: Shuckle\n|\n|upkeep\n|\n|t:|1699832274\n|switch|p1a: Zekrom|Zekrom|100\/100\n|-activate|p1a: Zekrom|move: Sticky Web\n|-unboost|p1a: Zekrom|spe|1\n|-ability|p1a: Zekrom|Teravolt\n|turn|6\n|\n|t:|1699832286\n|-terastallize|p2a: Marshadow|Ghost\n|move|p2a: Marshadow|Shadow Sneak|p1a: Zekrom\n|-crit|p1a: Zekrom\n|-damage|p1a: Zekrom|0 fnt\n|faint|p1a: Zekrom\n|\n|upkeep\n|\n|t:|1699832293\n|switch|p1a: Chi-Yu|Chi-Yu|100\/100\n|-activate|p1a: Chi-Yu|move: Sticky Web\n|-unboost|p1a: Chi-Yu|spe|1\n|-ability|p1a: Chi-Yu|Beads of Ruin\n|turn|7\n|\n|t:|1699832302\n|move|p2a: Marshadow|Shadow Sneak|p1a: Chi-Yu\n|-resisted|p1a: Chi-Yu\n|-damage|p1a: Chi-Yu|0 fnt\n|faint|p1a: Chi-Yu\n|\n|upkeep\n|\n|t:|1699832305\n|switch|p1a: Landorus|Landorus, M|100\/100\n|turn|8\n|\n|t:|1699832311\n|move|p2a: Marshadow|Shadow Sneak|p1a: Landorus\n|-damage|p1a: Landorus|0 fnt\n|faint|p1a: Landorus\n|\n|upkeep\n|\n|t:|1699832314\n|switch|p1a: Kyogre|Kyogre|100\/100\n|-activate|p1a: Kyogre|move: Sticky Web\n|-unboost|p1a: Kyogre|spe|1\n|detailschange|p1a: Kyogre|Kyogre-Primal\n|-primal|p1a: Kyogre|Blue Orb\n|-weather|PrimordialSea|[from] ability: Primordial Sea|[of] p1a: Kyogre\n|turn|9\n|\n|t:|1699832321\n|move|p2a: Marshadow|Shadow Sneak|p1a: Kyogre\n|-damage|p1a: Kyogre|0 fnt\n|faint|p1a: Kyogre\n|-weather|none\n|\n|upkeep\n|\n|t:|1699832323\n|switch|p1a: Dragapult|Dragapult, M|100\/100\n|-activate|p1a: Dragapult|move: Sticky Web\n|-fail|p1a: Dragapult|unboost|[from] ability: Clear Body|[of] p1a: Dragapult\n|turn|10\n|\n|t:|1699832336\n|move|p2a: Marshadow|Shadow Sneak|p1a: Dragapult\n|-supereffective|p1a: Dragapult\n|-enditem|p1a: Dragapult|Focus Sash\n|-damage|p1a: Dragapult|1\/100\n|move|p1a: Dragapult|Phantom Force||[still]\n|-prepare|p1a: Dragapult|Phantom Force\n|\n|upkeep\n|turn|11\n|\n|t:|1699832344\n|move|p1a: Dragapult|Phantom Force|p2a: Marshadow|[from]lockedmove\n|-supereffective|p2a: Marshadow\n|-damage|p2a: Marshadow|0 fnt\n|faint|p2a: Marshadow\n|\n|upkeep\n|\n|t:|1699832362\n|switch|p2a: Galvantula|Galvantula, M, shiny|100\/100\n|-activate|p2a: Galvantula|move: Sticky Web\n|-unboost|p2a: Galvantula|spe|1\n|-damage|p2a: Galvantula|76\/100|[from] Stealth Rock\n|turn|12\n|\n|t:|1699832371\n|-terastallize|p1a: Dragapult|Dragon\n|move|p1a: Dragapult|Dragon Darts|p2a: Galvantula\n|-damage|p2a: Galvantula|11\/100\n|-anim|p1a: Dragapult|Dragon Darts|p2a: Galvantula\n|-damage|p2a: Galvantula|0 fnt\n|faint|p2a: Galvantula\n|\n|upkeep\n|\n|t:|1699832382\n|switch|p2a: Gholdengo|Gholdengo|100\/100\n|-activate|p2a: Gholdengo|move: Sticky Web\n|-unboost|p2a: Gholdengo|spe|1\n|-damage|p2a: Gholdengo|94\/100|[from] Stealth Rock\n|turn|13\n|\n|t:|1699832389\n|move|p1a: Dragapult|Phantom Force||[still]\n|-prepare|p1a: Dragapult|Phantom Force\n|move|p2a: Gholdengo|Hex|p1a: Dragapult|[miss]\n|-miss|p2a: Gholdengo|p1a: Dragapult\n|\n|-heal|p2a: Gholdengo|100\/100|[from] item: Leftovers\n|upkeep\n|turn|14\n|\n|t:|1699832403\n|move|p1a: Dragapult|Phantom Force|p2a: Gholdengo|[from]lockedmove\n|-supereffective|p2a: Gholdengo\n|-damage|p2a: Gholdengo|5\/100\n|move|p2a: Gholdengo|Hex|p1a: Dragapult\n|-damage|p1a: Dragapult|0 fnt\n|faint|p1a: Dragapult\n|\n|win|TRIPLE RILABOOM\n|raw|Tobitoxd's rating: 1221 &rarr; <strong>1202<\/strong><br \/>(-19 for losing)\n|raw|TRIPLE RILABOOM's rating: 1303 &rarr; <strong>1318<\/strong><br \/>(+15 for winning)\n|l|\u2606Tobitoxd\n","uploadtime":1699832415,"views":9,"p1id":"tobitoxd","p2id":"triplerilaboom","formatid":"gen9nationaldexubers","rating":1202,"private":0,"password":""}