{"id":"gen9nationaldexubers-1978248847","p1":"Guj Genera","p2":"harmony6","format":"[Gen 9] National Dex Ubers","log":"|j|\u2606Guj Genera\n|j|\u2606harmony6\n|t:|1698516958\n|gametype|singles\n|player|p1|Guj Genera|red|\n|player|p2|harmony6|lass-gen4dp|\n|teamsize|p1|6\n|teamsize|p2|6\n|gen|9\n|tier|[Gen 9] National Dex Ubers\n|rule|HP Percentage Mod: HP is shown in percentages\n|rule|Endless Battle Clause: Forcing endless battles is banned\n|rule|OHKO Clause: OHKO moves are banned\n|rule|Evasion Moves Clause: Evasion moves are banned\n|rule|Evasion Items Clause: Evasion items are banned\n|rule|Species Clause: Limit one of each Pok\u00e9mon\n|rule|Sleep Clause Mod: Limit one foe put to sleep\n|rule|Mega Rayquaza Clause: You cannot mega evolve Rayquaza\n|clearpoke\n|poke|p1|Zeraora|\n|poke|p1|Inteleon, M|\n|poke|p1|Diancie|\n|poke|p1|Kommo-o, F|\n|poke|p1|Kartana|\n|poke|p1|Landorus-Therian, M|\n|poke|p2|Sableye, M|\n|poke|p2|Mimikyu, F|\n|poke|p2|Marowak-Alola, M|\n|poke|p2|Ceruledge, F|\n|poke|p2|Gholdengo|\n|poke|p2|Aegislash, M|\n|teampreview\n|inactive|Battle timer is ON: inactive players will automatically lose when time's up. (requested by Guj Genera)\n|c|\u2606Guj Genera|Glhf\n|\n|t:|1698516969\n|start\n|switch|p1a: Diancie|Diancie, shiny|100\/100\n|switch|p2a: Soy|Sableye, M|100\/100\n|turn|1\n|\n|t:|1698516973\n|detailschange|p1a: Diancie|Diancie-Mega, shiny\n|-mega|p1a: Diancie|Diancie|Diancite\n|detailschange|p2a: Soy|Sableye-Mega, M\n|-mega|p2a: Soy|Sableye|Sablenite\n|move|p1a: Diancie|Moonblast|p2a: Soy\n|-supereffective|p2a: Soy\n|-damage|p2a: Soy|11\/100\n|move|p2a: Soy|Metal Burst|p1a: Diancie\n|-damage|p1a: Diancie|0 fnt\n|faint|p1a: Diancie\n|\n|upkeep\n|c|\u2606harmony6|U2\n|\n|t:|1698516985\n|switch|p1a: Zeraora|Zeraora, shiny|100\/100\n|turn|2\n|\n|t:|1698516988\n|switch|p2a: Habenaro|Marowak-Alola, M|100\/100\n|move|p1a: Zeraora|Plasma Fists|p2a: Habenaro\n|-ability|p2a: Habenaro|Lightning Rod|boost\n|-boost|p2a: Habenaro|spa|1\n|\n|upkeep\n|turn|3\n|\n|t:|1698516995\n|move|p1a: Zeraora|Play Rough|p2a: Habenaro\n|-resisted|p2a: Habenaro\n|-damage|p2a: Habenaro|87\/100\n|move|p2a: Habenaro|Stealth Rock|p1a: Zeraora\n|-sidestart|p1: Guj Genera|move: Stealth Rock\n|\n|upkeep\n|turn|4\n|\n|t:|1698517002\n|move|p1a: Zeraora|Play Rough|p2a: Habenaro\n|-resisted|p2a: Habenaro\n|-damage|p2a: Habenaro|74\/100\n|move|p2a: Habenaro|Poltergeist|p1a: Zeraora\n|-activate|p1a: Zeraora|move: Poltergeist|Expert Belt\n|-damage|p1a: Zeraora|0 fnt\n|faint|p1a: Zeraora\n|\n|upkeep\n|\n|t:|1698517009\n|switch|p1a: Kartana|Kartana, shiny|100\/100\n|-damage|p1a: Kartana|94\/100|[from] Stealth Rock\n|turn|5\n|\n|t:|1698517015\n|move|p1a: Kartana|Knock Off|p2a: Habenaro\n|-supereffective|p2a: Habenaro\n|-damage|p2a: Habenaro|0 fnt\n|-enditem|p2a: Habenaro|Thick Club|[from] move: Knock Off|[of] p1a: Kartana\n|faint|p2a: Habenaro\n|-ability|p1a: Kartana|Beast Boost|boost\n|-boost|p1a: Kartana|atk|1\n|\n|upkeep\n|\n|t:|1698517023\n|switch|p2a: Tabasco|Ceruledge, F|100\/100\n|turn|6\n|\n|t:|1698517026\n|move|p1a: Kartana|Knock Off|p2a: Tabasco\n|-supereffective|p2a: Tabasco\n|-enditem|p2a: Tabasco|Colbur Berry|[eat]\n|-enditem|p2a: Tabasco|Colbur Berry|[weaken]\n|-damage|p2a: Tabasco|19\/100\n|-ability|p2a: Tabasco|Weak Armor|boost\n|-unboost|p2a: Tabasco|def|1\n|-boost|p2a: Tabasco|spe|2\n|move|p2a: Tabasco|Swords Dance|p2a: Tabasco\n|-boost|p2a: Tabasco|atk|2\n|\n|upkeep\n|turn|7\n|\n|t:|1698517032\n|move|p2a: Tabasco|Bitter Blade|p1a: Kartana\n|-supereffective|p1a: Kartana\n|-damage|p1a: Kartana|0 fnt\n|-heal|p2a: Tabasco|61\/100|[from] drain|[of] p1a: Kartana\n|faint|p1a: Kartana\n|\n|upkeep\n|\n|t:|1698517037\n|switch|p1a: Landorus|Landorus-Therian, M, shiny|100\/100\n|-damage|p1a: Landorus|88\/100|[from] Stealth Rock\n|-ability|p1a: Landorus|Intimidate|boost\n|-unboost|p2a: Tabasco|atk|1\n|turn|8\n|\n|t:|1698517041\n|move|p2a: Tabasco|Bitter Blade|p1a: Landorus\n|-damage|p1a: Landorus|40\/100\n|-heal|p2a: Tabasco|92\/100|[from] drain|[of] p1a: Landorus\n|-damage|p2a: Tabasco|76\/100|[from] item: Rocky Helmet|[of] p1a: Landorus\n|move|p1a: Landorus|Earthquake|p2a: Tabasco\n|-supereffective|p2a: Tabasco\n|-damage|p2a: Tabasco|0 fnt\n|faint|p2a: Tabasco\n|\n|upkeep\n|\n|t:|1698517050\n|switch|p2a: Steak|Mimikyu, F|100\/100\n|turn|9\n|\n|t:|1698517053\n|move|p2a: Steak|Swords Dance|p2a: Steak\n|-boost|p2a: Steak|atk|2\n|move|p1a: Landorus|Earthquake|p2a: Steak\n|-activate|p2a: Steak|ability: Disguise\n|-damage|p2a: Steak|100\/100\n|detailschange|p2a: Steak|Mimikyu-Busted, F\n|-damage|p2a: Steak|88\/100|[from] pokemon: Mimikyu-Busted\n|\n|upkeep\n|turn|10\n|\n|t:|1698517059\n|move|p2a: Steak|Play Rough|p1a: Landorus|[miss]\n|-miss|p2a: Steak|p1a: Landorus\n|move|p1a: Landorus|Earthquake|p2a: Steak\n|-damage|p2a: Steak|11\/100\n|\n|upkeep\n|turn|11\n|\n|t:|1698517063\n|-zpower|p2a: Steak\n|move|p2a: Steak|Let's Snuggle Forever|p1a: Landorus|[zeffect]\n|-damage|p1a: Landorus|0 fnt\n|-damage|p2a: Steak|0 fnt|[from] item: Rocky Helmet|[of] p1a: Landorus\n|faint|p1a: Landorus\n|faint|p2a: Steak\n|\n|upkeep\n|\n|t:|1698517072\n|switch|p2a: Honey Mustard|Gholdengo|100\/100\n|switch|p1a: Kommo-o|Kommo-o, F, shiny|100\/100\n|-damage|p1a: Kommo-o|94\/100|[from] Stealth Rock\n|turn|12\n|\n|t:|1698517076\n|-zpower|p1a: Kommo-o\n|move|p1a: Kommo-o|Clangorous Soulblaze|p2a: Honey Mustard|[zeffect]\n|-resisted|p2a: Honey Mustard\n|-damage|p2a: Honey Mustard|69\/100\n|-boost|p1a: Kommo-o|atk|1\n|-boost|p1a: Kommo-o|def|1\n|-boost|p1a: Kommo-o|spa|1\n|-boost|p1a: Kommo-o|spd|1\n|-boost|p1a: Kommo-o|spe|1\n|move|p2a: Honey Mustard|Thunder Wave|p1a: Kommo-o\n|-status|p1a: Kommo-o|par\n|\n|-heal|p2a: Honey Mustard|75\/100|[from] item: Leftovers\n|upkeep\n|turn|13\n|\n|t:|1698517084\n|move|p2a: Honey Mustard|Hex|p1a: Kommo-o\n|-damage|p1a: Kommo-o|51\/100 par\n|move|p1a: Kommo-o|Earthquake|p2a: Honey Mustard\n|-supereffective|p2a: Honey Mustard\n|-damage|p2a: Honey Mustard|9\/100\n|\n|-heal|p2a: Honey Mustard|15\/100|[from] item: Leftovers\n|upkeep\n|turn|14\n|\n|t:|1698517092\n|move|p2a: Honey Mustard|Hex|p1a: Kommo-o\n|-damage|p1a: Kommo-o|3\/100 par\n|move|p1a: Kommo-o|Earthquake|p2a: Honey Mustard\n|-supereffective|p2a: Honey Mustard\n|-damage|p2a: Honey Mustard|0 fnt\n|faint|p2a: Honey Mustard\n|\n|upkeep\n|\n|t:|1698517096\n|switch|p2a: Marinara|Aegislash, M|100\/100\n|turn|15\n|\n|t:|1698517100\n|-formechange|p2a: Marinara|Aegislash-Blade||[from] ability: Stance Change\n|move|p2a: Marinara|Shadow Sneak|p1a: Kommo-o\n|-damage|p1a: Kommo-o|0 fnt\n|faint|p1a: Kommo-o\n|\n|upkeep\n|\n|t:|1698517104\n|switch|p1a: Inteleon|Inteleon, M, shiny|100\/100\n|-damage|p1a: Inteleon|88\/100|[from] Stealth Rock\n|turn|16\n|\n|t:|1698517106\n|-formechange|p2a: Marinara|Aegislash||[from] ability: Stance Change\n|move|p2a: Marinara|King's Shield|p2a: Marinara\n|-singleturn|p2a: Marinara|Protect\n|move|p1a: Inteleon|Dark Pulse|p2a: Marinara\n|-activate|p2a: Marinara|move: Protect\n|\n|upkeep\n|turn|17\n|\n|t:|1698517111\n|move|p1a: Inteleon|Dark Pulse|p2a: Marinara\n|-supereffective|p2a: Marinara\n|-damage|p2a: Marinara|40\/100\n|move|p2a: Marinara|Swords Dance|p2a: Marinara\n|-boost|p2a: Marinara|atk|2\n|\n|-heal|p2a: Marinara|46\/100|[from] item: Leftovers\n|upkeep\n|turn|18\n|\n|t:|1698517116\n|move|p2a: Marinara|King's Shield|p2a: Marinara\n|-singleturn|p2a: Marinara|Protect\n|move|p1a: Inteleon|Dark Pulse|p2a: Marinara\n|-activate|p2a: Marinara|move: Protect\n|\n|-heal|p2a: Marinara|52\/100|[from] item: Leftovers\n|upkeep\n|turn|19\n|\n|t:|1698517118\n|-formechange|p2a: Marinara|Aegislash-Blade||[from] ability: Stance Change\n|move|p2a: Marinara|Shadow Sneak|p1a: Inteleon\n|-damage|p1a: Inteleon|10\/100\n|move|p1a: Inteleon|Dark Pulse|p2a: Marinara\n|-supereffective|p2a: Marinara\n|-damage|p2a: Marinara|0 fnt\n|faint|p2a: Marinara\n|\n|upkeep\n|\n|t:|1698517121\n|switch|p2a: Soy|Sableye-Mega, M|11\/100\n|turn|20\n|\n|t:|1698517123\n|move|p1a: Inteleon|Dark Pulse|p2a: Soy\n|-damage|p2a: Soy|0 fnt\n|faint|p2a: Soy\n|\n|win|Guj Genera\n|c|\u2606harmony6|Ggs\n|c|\u2606Guj Genera|Ggwp\n","uploadtime":1698517131,"views":20,"p1id":"gujgenera","p2id":"harmony6","formatid":"gen9nationaldexubers","rating":0,"private":0,"password":""}