{"id":"gen9nationaldexubers-1994137174","p1":"1 em trach thu","p2":"Argusbonusest","format":"[Gen 9] National Dex Ubers","log":"|j|\u26061 em trach thu\n|j|\u2606Argusbonusest\n|t:|1700411255\n|gametype|singles\n|player|p1|1 em trach thu|266|1590\n|player|p2|Argusbonusest|steven|1647\n|teamsize|p1|6\n|teamsize|p2|6\n|gen|9\n|tier|[Gen 9] National Dex Ubers\n|rated|\n|rule|HP Percentage Mod: HP is shown in percentages\n|rule|Endless Battle Clause: Forcing endless battles is banned\n|rule|OHKO Clause: OHKO moves are banned\n|rule|Evasion Moves Clause: Evasion moves are banned\n|rule|Evasion Items Clause: Evasion items are banned\n|rule|Species Clause: Limit one of each Pok\u00e9mon\n|rule|Sleep Clause Mod: Limit one foe put to sleep\n|rule|Mega Rayquaza Clause: You cannot mega evolve Rayquaza\n|clearpoke\n|poke|p1|Ceruledge, F|\n|poke|p1|Yveltal|\n|poke|p1|Xerneas-*|\n|poke|p1|Deoxys-Attack|\n|poke|p1|Landorus, M|\n|poke|p1|Banette, M|\n|poke|p2|Shuckle, F|\n|poke|p2|Necrozma-Dusk-Mane|\n|poke|p2|Yveltal|\n|poke|p2|Groudon|\n|poke|p2|Arceus-Ground|\n|poke|p2|Xerneas-*|\n|teampreview\n|inactive|Battle timer is ON: inactive players will automatically lose when time's up. (requested by Argusbonusest)\n|c|\u2606Argusbonusest|glhf\n|\n|t:|1700411283\n|start\n|switch|p1a: Banette|Banette, M|100\/100\n|switch|p2a: Shuckle|Shuckle, F, shiny|100\/100\n|-item|p2a: Shuckle|Mental Herb|[from] ability: Frisk|[of] p1a: Banette|[identify]\n|turn|1\n|\n|t:|1700411293\n|detailschange|p1a: Banette|Banette-Mega, M\n|-mega|p1a: Banette|Banette|Banettite\n|move|p1a: Banette|Knock Off|p2a: Shuckle\n|-damage|p2a: Shuckle|79\/100\n|-enditem|p2a: Shuckle|Mental Herb|[from] move: Knock Off|[of] p1a: Banette\n|move|p2a: Shuckle|Sticky Web|p1a: Banette\n|-sidestart|p1: 1 em trach thu|move: Sticky Web\n|\n|upkeep\n|turn|2\n|\n|t:|1700411314\n|move|p1a: Banette|Encore|p2a: Shuckle\n|-start|p2a: Shuckle|Encore\n|move|p2a: Shuckle|Sticky Web||[still]\n|-fail|p2a: Shuckle\n|\n|upkeep\n|turn|3\n|\n|t:|1700411322\n|switch|p2a: Yveltal|Yveltal, shiny|100\/100\n|-ability|p2a: Yveltal|Dark Aura\n|move|p1a: Banette|Knock Off|p2a: Yveltal\n|-resisted|p2a: Yveltal\n|-damage|p2a: Yveltal|75\/100\n|-enditem|p2a: Yveltal|Heavy-Duty Boots|[from] move: Knock Off|[of] p1a: Banette\n|\n|upkeep\n|turn|4\n|\n|t:|1700411337\n|switch|p1a: Xerneas|Xerneas|100\/100\n|-activate|p1a: Xerneas|move: Sticky Web\n|-unboost|p1a: Xerneas|spe|1\n|-ability|p1a: Xerneas|Fairy Aura\n|move|p2a: Yveltal|Oblivion Wing|p1a: Xerneas\n|-damage|p1a: Xerneas|61\/100\n|-heal|p2a: Yveltal|100\/100|[from] drain|[of] p1a: Xerneas\n|\n|upkeep\n|turn|5\n|\n|t:|1700411349\n|switch|p2a: Nebbychadnezzar|Necrozma-Dusk-Mane, shiny|100\/100\n|move|p1a: Xerneas|Moonblast|p2a: Nebbychadnezzar\n|-resisted|p2a: Nebbychadnezzar\n|-damage|p2a: Nebbychadnezzar|71\/100\n|\n|upkeep\n|turn|6\n|\n|t:|1700411362\n|-terastallize|p1a: Xerneas|Ground\n|move|p2a: Nebbychadnezzar|Dragon Dance|p2a: Nebbychadnezzar\n|-boost|p2a: Nebbychadnezzar|atk|1\n|-boost|p2a: Nebbychadnezzar|spe|1\n|move|p1a: Xerneas|Geomancy||[still]\n|-prepare|p1a: Xerneas|Geomancy\n|-enditem|p1a: Xerneas|Power Herb\n|-anim|p1a: Xerneas|Geomancy|p1a: Xerneas\n|-boost|p1a: Xerneas|spa|2\n|-boost|p1a: Xerneas|spd|2\n|-boost|p1a: Xerneas|spe|2\n|\n|upkeep\n|turn|7\n|\n|t:|1700411374\n|move|p1a: Xerneas|Moonblast|p2a: Nebbychadnezzar\n|-resisted|p2a: Nebbychadnezzar\n|-damage|p2a: Nebbychadnezzar|8\/100\n|move|p2a: Nebbychadnezzar|Sunsteel Strike|p1a: Xerneas\n|-damage|p1a: Xerneas|0 fnt\n|faint|p1a: Xerneas\n|\n|upkeep\n|\n|t:|1700411387\n|switch|p1a: Ceruledge|Ceruledge, F|100\/100\n|-activate|p1a: Ceruledge|move: Sticky Web\n|-unboost|p1a: Ceruledge|spe|1\n|turn|8\n|\n|t:|1700411392\n|move|p1a: Ceruledge|Shadow Sneak|p2a: Nebbychadnezzar\n|-supereffective|p2a: Nebbychadnezzar\n|-damage|p2a: Nebbychadnezzar|0 fnt\n|faint|p2a: Nebbychadnezzar\n|\n|upkeep\n|\n|t:|1700411407\n|switch|p2a: Chopin|Groudon|100\/100\n|detailschange|p2a: Chopin|Groudon-Primal\n|-primal|p2a: Chopin|Red Orb\n|-weather|DesolateLand|[from] ability: Desolate Land|[of] p2a: Chopin\n|turn|9\n|\n|t:|1700411418\n|switch|p1a: Landorus|Landorus, M|100\/100\n|move|p2a: Chopin|Rock Polish|p2a: Chopin\n|-boost|p2a: Chopin|spe|2\n|\n|-weather|DesolateLand|[upkeep]\n|upkeep\n|turn|10\n|\n|t:|1700411430\n|move|p2a: Chopin|Eruption|p1a: Landorus\n|-enditem|p1a: Landorus|Focus Sash\n|-damage|p1a: Landorus|1\/100\n|move|p1a: Landorus|Earth Power|p2a: Chopin\n|-supereffective|p2a: Chopin\n|-damage|p2a: Chopin|0 fnt\n|faint|p2a: Chopin\n|-weather|none\n|\n|upkeep\n|\n|t:|1700411444\n|switch|p2a: Shuckle|Shuckle, F, shiny|79\/100\n|turn|11\n|\n|t:|1700411448\n|move|p1a: Landorus|Earth Power|p2a: Shuckle\n|-damage|p2a: Shuckle|39\/100\n|move|p2a: Shuckle|Stealth Rock|p1a: Landorus\n|-sidestart|p1: 1 em trach thu|move: Stealth Rock\n|\n|upkeep\n|turn|12\n|\n|t:|1700411456\n|move|p1a: Landorus|Earth Power|p2a: Shuckle\n|-damage|p2a: Shuckle|4\/100\n|move|p2a: Shuckle|Knock Off|p1a: Landorus\n|-damage|p1a: Landorus|0 fnt\n|faint|p1a: Landorus\n|\n|upkeep\n|\n|t:|1700411467\n|switch|p1a: Ceruledge|Ceruledge, F|100\/100\n|-activate|p1a: Ceruledge|move: Sticky Web\n|-unboost|p1a: Ceruledge|spe|1\n|-damage|p1a: Ceruledge|76\/100|[from] Stealth Rock\n|turn|13\n|\n|t:|1700411474\n|move|p1a: Ceruledge|Swords Dance|p1a: Ceruledge\n|-boost|p1a: Ceruledge|atk|2\n|move|p2a: Shuckle|Encore|p1a: Ceruledge\n|-start|p1a: Ceruledge|Encore\n|\n|upkeep\n|turn|14\n|\n|t:|1700411485\n|switch|p1a: Banette|Banette-Mega, M|100\/100\n|-activate|p1a: Banette|move: Sticky Web\n|-unboost|p1a: Banette|spe|1\n|-damage|p1a: Banette|88\/100|[from] Stealth Rock\n|move|p2a: Shuckle|Knock Off|p1a: Banette\n|-supereffective|p1a: Banette\n|-damage|p1a: Banette|79\/100\n|\n|upkeep\n|turn|15\n|\n|t:|1700411502\n|switch|p2a: Yveltal|Yveltal, shiny|100\/100\n|-ability|p2a: Yveltal|Dark Aura\n|move|p1a: Banette|Knock Off|p2a: Yveltal\n|-resisted|p2a: Yveltal\n|-damage|p2a: Yveltal|84\/100\n|\n|upkeep\n|turn|16\n|\n|t:|1700411512\n|move|p1a: Banette|Destiny Bond|p1a: Banette\n|-singlemove|p1a: Banette|Destiny Bond\n|move|p2a: Yveltal|Dark Pulse|p1a: Banette\n|-supereffective|p1a: Banette\n|-damage|p1a: Banette|0 fnt\n|faint|p1a: Banette\n|-activate|p1a: Banette|move: Destiny Bond\n|faint|p2a: Yveltal\n|\n|upkeep\n|\n|t:|1700411534\n|switch|p2a: Xerneas|Xerneas, shiny|100\/100\n|switch|p1a: Ceruledge|Ceruledge, F|76\/100\n|-activate|p1a: Ceruledge|move: Sticky Web\n|-unboost|p1a: Ceruledge|spe|1\n|-damage|p1a: Ceruledge|51\/100|[from] Stealth Rock\n|-ability|p2a: Xerneas|Fairy Aura\n|turn|17\n|\n|t:|1700411544\n|move|p2a: Xerneas|Geomancy||[still]\n|-prepare|p2a: Xerneas|Geomancy\n|-enditem|p2a: Xerneas|Power Herb\n|-anim|p2a: Xerneas|Geomancy|p2a: Xerneas\n|-boost|p2a: Xerneas|spa|2\n|-boost|p2a: Xerneas|spd|2\n|-boost|p2a: Xerneas|spe|2\n|move|p1a: Ceruledge|Bitter Blade|p2a: Xerneas\n|-damage|p2a: Xerneas|59\/100\n|-heal|p1a: Ceruledge|84\/100|[from] drain|[of] p2a: Xerneas\n|\n|upkeep\n|turn|18\n|\n|t:|1700411561\n|move|p1a: Ceruledge|Shadow Sneak|p2a: Xerneas\n|-damage|p2a: Xerneas|42\/100\n|move|p2a: Xerneas|Moonblast|p1a: Ceruledge\n|-resisted|p1a: Ceruledge\n|-damage|p1a: Ceruledge|0 fnt\n|faint|p1a: Ceruledge\n|\n|upkeep\n|\n|t:|1700411570\n|switch|p1a: Yveltal|Yveltal|100\/100\n|-damage|p1a: Yveltal|76\/100|[from] Stealth Rock\n|-ability|p1a: Yveltal|Dark Aura\n|turn|19\n|\n|t:|1700411583\n|move|p1a: Yveltal|Sucker Punch||[still]\n|-fail|p1a: Yveltal\n|move|p2a: Xerneas|Substitute|p2a: Xerneas\n|-start|p2a: Xerneas|Substitute\n|-damage|p2a: Xerneas|17\/100\n|\n|upkeep\n|turn|20\n|\n|t:|1700411592\n|move|p2a: Xerneas|Moonblast|p1a: Yveltal\n|-supereffective|p1a: Yveltal\n|-damage|p1a: Yveltal|0 fnt\n|faint|p1a: Yveltal\n|\n|upkeep\n|\n|t:|1700411597\n|switch|p1a: Deoxys|Deoxys-Attack|100\/100\n|-activate|p1a: Deoxys|move: Sticky Web\n|-unboost|p1a: Deoxys|spe|1\n|-damage|p1a: Deoxys|88\/100|[from] Stealth Rock\n|-ability|p1a: Deoxys|Pressure\n|turn|21\n|\n|t:|1700411605\n|move|p1a: Deoxys|Extreme Speed|p2a: Xerneas\n|-activate|p2a: Xerneas|move: Substitute|[damage]\n|move|p2a: Xerneas|Moonblast|p1a: Deoxys\n|-damage|p1a: Deoxys|0 fnt\n|faint|p1a: Deoxys\n|\n|win|Argusbonusest\n|raw|1 em trach thu's rating: 1590 &rarr; <strong>1573<\/strong><br \/>(-17 for losing)\n|raw|Argusbonusest's rating: 1647 &rarr; <strong>1664<\/strong><br \/>(+17 for winning)\n|c|\u2606Argusbonusest|ggwp\n","uploadtime":1700411616,"views":33,"p1id":"1emtrachthu","p2id":"argusbonusest","formatid":"gen9nationaldexubers","rating":1573,"private":0,"password":""}