{"id":"gen9nationaldexubers-1999023424","p1":"ace flayr","p2":"Lidelle Centauros","format":"[Gen 9] National Dex Ubers","log":"|j|\u2606ace flayr\n|j|\u2606Lidelle Centauros\n|t:|1701024953\n|gametype|singles\n|player|p1|ace flayr|silver|\n|player|p2|Lidelle Centauros|cheryl|\n|teamsize|p1|6\n|teamsize|p2|6\n|gen|9\n|tier|[Gen 9] National Dex Ubers\n|rule|HP Percentage Mod: HP is shown in percentages\n|rule|Endless Battle Clause: Forcing endless battles is banned\n|rule|OHKO Clause: OHKO moves are banned\n|rule|Evasion Moves Clause: Evasion moves are banned\n|rule|Evasion Items Clause: Evasion items are banned\n|rule|Species Clause: Limit one of each Pok\u00e9mon\n|rule|Sleep Clause Mod: Limit one foe put to sleep\n|rule|Mega Rayquaza Clause: You cannot mega evolve Rayquaza\n|clearpoke\n|poke|p1|Mawile, M|\n|poke|p1|Grimmsnarl, M|\n|poke|p1|Infernape, M|\n|poke|p1|Goodra-Hisui, F|\n|poke|p1|Slowking, F|\n|poke|p1|Torterra, F|\n|poke|p2|Trevenant, M|\n|poke|p2|Iron Jugulis|\n|poke|p2|Sylveon, F|\n|poke|p2|Garganacl, M|\n|poke|p2|Delphox, F|\n|poke|p2|Dragapult, F|\n|teampreview\n|l|\u2606Lidelle Centauros\n|player|p2|\n|j|\u2606Lidelle Centauros\n|player|p2|Lidelle Centauros|cheryl\n|\n|t:|1701025016\n|start\n|switch|p1a: Grimmsnarl|Grimmsnarl, M|100\/100\n|switch|p2a: Iron Jugulis|Iron Jugulis|100\/100\n|-enditem|p2a: Iron Jugulis|Booster Energy\n|-activate|p2a: Iron Jugulis|ability: Quark Drive|[fromitem]\n|-start|p2a: Iron Jugulis|quarkdrivespa\n|turn|1\n|\n|t:|1701025021\n|move|p1a: Grimmsnarl|Light Screen|p1a: Grimmsnarl\n|-sidestart|p1: ace flayr|move: Light Screen\n|move|p2a: Iron Jugulis|Taunt|p1a: Grimmsnarl\n|-start|p1a: Grimmsnarl|move: Taunt\n|\n|upkeep\n|turn|2\n|\n|t:|1701025034\n|switch|p1a: Goodra|Goodra-Hisui, F|100\/100\n|move|p2a: Iron Jugulis|Hurricane|p1a: Goodra\n|-resisted|p1a: Goodra\n|-damage|p1a: Goodra|93\/100\n|\n|upkeep\n|turn|3\n|\n|t:|1701025046\n|move|p2a: Iron Jugulis|Dark Pulse|p1a: Goodra\n|-damage|p1a: Goodra|81\/100\n|move|p1a: Goodra|Flash Cannon|p2a: Iron Jugulis\n|-damage|p2a: Iron Jugulis|50\/100\n|\n|upkeep\n|turn|4\n|\n|t:|1701025061\n|-end|p2a: Iron Jugulis|Quark Drive|[silent]\n|switch|p2a: Trevenant|Trevenant, M|100\/100\n|move|p1a: Goodra|Flash Cannon|p2a: Trevenant\n|-damage|p2a: Trevenant|51\/100\n|\n|upkeep\n|turn|5\n|\n|t:|1701025072\n|switch|p1a: Grimmsnarl|Grimmsnarl, M|100\/100\n|move|p2a: Trevenant|Earthquake|p1a: Grimmsnarl\n|-damage|p1a: Grimmsnarl|47\/100\n|\n|upkeep\n|turn|6\n|\n|t:|1701025078\n|move|p1a: Grimmsnarl|Reflect|p1a: Grimmsnarl\n|-sidestart|p1: ace flayr|Reflect\n|move|p2a: Trevenant|Earthquake|p1a: Grimmsnarl\n|-damage|p1a: Grimmsnarl|21\/100\n|\n|upkeep\n|turn|7\n|\n|t:|1701025084\n|move|p1a: Grimmsnarl|Parting Shot|p2a: Trevenant\n|-unboost|p2a: Trevenant|atk|1\n|-unboost|p2a: Trevenant|spa|1\n|\n|t:|1701025111\n|switch|p1a: Torterra|Torterra, F|100\/100|[from] Parting Shot\n|move|p2a: Trevenant|Earthquake|p1a: Torterra\n|-resisted|p1a: Torterra\n|-damage|p1a: Torterra|93\/100\n|\n|upkeep\n|turn|8\n|\n|t:|1701025132\n|switch|p2a: Iron Jugulis|Iron Jugulis|50\/100\n|move|p1a: Torterra|Shell Smash|p1a: Torterra\n|-unboost|p1a: Torterra|def|1\n|-unboost|p1a: Torterra|spd|1\n|-boost|p1a: Torterra|atk|2\n|-boost|p1a: Torterra|spa|2\n|-boost|p1a: Torterra|spe|2\n|\n|-sideend|p1: ace flayr|move: Light Screen\n|upkeep\n|turn|9\n|\n|t:|1701025145\n|move|p1a: Torterra|Rock Blast|p2a: Iron Jugulis\n|-supereffective|p2a: Iron Jugulis\n|-damage|p2a: Iron Jugulis|10\/100\n|-supereffective|p2a: Iron Jugulis\n|-damage|p2a: Iron Jugulis|0 fnt\n|faint|p2a: Iron Jugulis\n|-end|p2a: Iron Jugulis|Quark Drive|[silent]\n|-hitcount|p2: Iron Jugulis|2\n|\n|upkeep\n|\n|t:|1701025211\n|switch|p2a: Garganacl|Garganacl, M|100\/100\n|turn|10\n|\n|t:|1701025223\n|-terastallize|p2a: Garganacl|Fairy\n|move|p1a: Torterra|Bullet Seed|p2a: Garganacl\n|-damage|p2a: Garganacl|87\/100\n|-damage|p2a: Garganacl|75\/100\n|-damage|p2a: Garganacl|61\/100\n|-damage|p2a: Garganacl|48\/100\n|-damage|p2a: Garganacl|34\/100\n|-hitcount|p2a: Garganacl|5\n|move|p2a: Garganacl|Iron Defense|p2a: Garganacl\n|-boost|p2a: Garganacl|def|2\n|\n|-heal|p2a: Garganacl|40\/100|[from] item: Leftovers\n|upkeep\n|turn|11\n|\n|t:|1701025237\n|move|p1a: Torterra|Bullet Seed|p2a: Garganacl\n|-damage|p2a: Garganacl|33\/100\n|-damage|p2a: Garganacl|27\/100\n|-damage|p2a: Garganacl|20\/100\n|-damage|p2a: Garganacl|13\/100\n|-hitcount|p2a: Garganacl|4\n|move|p2a: Garganacl|Recover|p2a: Garganacl\n|-heal|p2a: Garganacl|63\/100\n|\n|-heal|p2a: Garganacl|69\/100|[from] item: Leftovers\n|upkeep\n|turn|12\n|\n|t:|1701025249\n|move|p1a: Torterra|Shell Smash|p1a: Torterra\n|-unboost|p1a: Torterra|def|1\n|-unboost|p1a: Torterra|spd|1\n|-boost|p1a: Torterra|atk|2\n|-boost|p1a: Torterra|spa|2\n|-boost|p1a: Torterra|spe|2\n|move|p2a: Garganacl|Recover|p2a: Garganacl\n|-heal|p2a: Garganacl|100\/100\n|\n|upkeep\n|turn|13\n|\n|t:|1701025264\n|move|p1a: Torterra|Shell Smash|p1a: Torterra\n|-unboost|p1a: Torterra|def|1\n|-unboost|p1a: Torterra|spd|1\n|-boost|p1a: Torterra|atk|2\n|-boost|p1a: Torterra|spa|2\n|-boost|p1a: Torterra|spe|2\n|move|p2a: Garganacl|Iron Defense|p2a: Garganacl\n|-boost|p2a: Garganacl|def|2\n|\n|-sideend|p1: ace flayr|Reflect\n|upkeep\n|turn|14\n|\n|t:|1701025276\n|move|p1a: Torterra|Bullet Seed|p2a: Garganacl\n|-damage|p2a: Garganacl|92\/100\n|-damage|p2a: Garganacl|82\/100\n|-damage|p2a: Garganacl|74\/100\n|-damage|p2a: Garganacl|64\/100\n|-hitcount|p2a: Garganacl|4\n|move|p2a: Garganacl|Body Press|p1a: Torterra\n|-damage|p1a: Torterra|0 fnt\n|faint|p1a: Torterra\n|\n|-heal|p2a: Garganacl|70\/100|[from] item: Leftovers\n|upkeep\n|\n|t:|1701025287\n|switch|p1a: Grimmsnarl|Grimmsnarl, M|21\/100\n|turn|15\n|\n|t:|1701025298\n|move|p1a: Grimmsnarl|Reflect|p1a: Grimmsnarl\n|-sidestart|p1: ace flayr|Reflect\n|move|p2a: Garganacl|Body Press|p1a: Grimmsnarl\n|-damage|p1a: Grimmsnarl|0 fnt\n|faint|p1a: Grimmsnarl\n|\n|-heal|p2a: Garganacl|76\/100|[from] item: Leftovers\n|upkeep\n|\n|t:|1701025311\n|switch|p1a: Infernape|Infernape, M|100\/100\n|turn|16\n|\n|t:|1701025345\n|move|p1a: Infernape|Grass Knot|p2a: Garganacl\n|-damage|p2a: Garganacl|40\/100\n|-damage|p1a: Infernape|91\/100|[from] item: Life Orb\n|move|p2a: Garganacl|Salt Cure|p1a: Infernape\n|-damage|p1a: Infernape|80\/100\n|-start|p1a: Infernape|Salt Cure\n|\n|-heal|p2a: Garganacl|46\/100|[from] item: Leftovers\n|-damage|p1a: Infernape|68\/100|[from] Salt Cure\n|upkeep\n|turn|17\n|\n|t:|1701025415\n|switch|p2a: Sylveon|Sylveon, F|100\/100\n|move|p1a: Infernape|Nasty Plot|p1a: Infernape\n|-boost|p1a: Infernape|spa|2\n|\n|-damage|p1a: Infernape|55\/100|[from] Salt Cure\n|upkeep\n|turn|18\n|\n|t:|1701025427\n|move|p1a: Infernape|Fire Blast|p2a: Sylveon|[miss]\n|-miss|p1a: Infernape|p2a: Sylveon\n|move|p2a: Sylveon|Psyshock|p1a: Infernape\n|-supereffective|p1a: Infernape\n|-damage|p1a: Infernape|0 fnt\n|faint|p1a: Infernape\n|-damage|p2a: Sylveon|91\/100|[from] item: Life Orb\n|\n|upkeep\n|\n|t:|1701025435\n|switch|p1a: Mawile|Mawile, M|100\/100\n|-ability|p1a: Mawile|Intimidate|boost\n|-unboost|p2a: Sylveon|atk|1\n|turn|19\n|\n|t:|1701025473\n|detailschange|p1a: Mawile|Mawile-Mega, M\n|-mega|p1a: Mawile|Mawile|Mawilite\n|move|p2a: Sylveon|Shadow Ball|p1a: Mawile\n|-damage|p1a: Mawile|56\/100\n|-damage|p2a: Sylveon|81\/100|[from] item: Life Orb\n|move|p1a: Mawile|Fire Fang|p2a: Sylveon\n|-damage|p2a: Sylveon|20\/100\n|\n|upkeep\n|turn|20\n|\n|t:|1701025483\n|move|p2a: Sylveon|Shadow Ball|p1a: Mawile\n|-damage|p1a: Mawile|15\/100\n|-unboost|p1a: Mawile|spd|1\n|-damage|p2a: Sylveon|10\/100|[from] item: Life Orb\n|move|p1a: Mawile|Fire Fang|p2a: Sylveon\n|-damage|p2a: Sylveon|0 fnt\n|faint|p2a: Sylveon\n|\n|upkeep\n|\n|t:|1701025493\n|switch|p2a: Trevenant|Trevenant, M|51\/100\n|turn|21\n|\n|t:|1701025496\n|move|p1a: Mawile|Sucker Punch|p2a: Trevenant\n|-supereffective|p2a: Trevenant\n|-damage|p2a: Trevenant|0 fnt\n|faint|p2a: Trevenant\n|\n|upkeep\n|\n|t:|1701025502\n|switch|p2a: Delphox|Delphox, F|100\/100\n|turn|22\n|\n|t:|1701025513\n|switch|p1a: Slowking|Slowking, F|100\/100\n|move|p2a: Delphox|Flamethrower|p1a: Slowking\n|-resisted|p1a: Slowking\n|-damage|p1a: Slowking|88\/100\n|\n|-sideend|p1: ace flayr|Reflect\n|upkeep\n|turn|23\n|\n|t:|1701025523\n|move|p2a: Delphox|Nasty Plot|p2a: Delphox\n|-boost|p2a: Delphox|spa|2\n|move|p1a: Slowking|Surf|p2a: Delphox\n|-supereffective|p2a: Delphox\n|-damage|p2a: Delphox|26\/100\n|\n|upkeep\n|turn|24\n|\n|t:|1701025528\n|move|p2a: Delphox|Grass Knot|p1a: Slowking\n|-supereffective|p1a: Slowking\n|-damage|p1a: Slowking|28\/100\n|move|p1a: Slowking|Surf|p2a: Delphox\n|-supereffective|p2a: Delphox\n|-damage|p2a: Delphox|0 fnt\n|faint|p2a: Delphox\n|\n|upkeep\n|\n|t:|1701025542\n|switch|p2a: Garganacl|Garganacl, M, tera:Fairy|46\/100\n|turn|25\n|\n|t:|1701025546\n|move|p2a: Garganacl|Recover|p2a: Garganacl\n|-heal|p2a: Garganacl|96\/100\n|move|p1a: Slowking|Future Sight|p2a: Garganacl\n|-start|p1a: Slowking|move: Future Sight\n|\n|-heal|p2a: Garganacl|100\/100|[from] item: Leftovers\n|upkeep\n|turn|26\n|\n|t:|1701025550\n|move|p2a: Garganacl|Iron Defense|p2a: Garganacl\n|-boost|p2a: Garganacl|def|2\n|move|p1a: Slowking|Slack Off|p1a: Slowking\n|-heal|p1a: Slowking|78\/100\n|\n|upkeep\n|turn|27\n|\n|t:|1701025557\n|move|p2a: Garganacl|Salt Cure|p1a: Slowking\n|-damage|p1a: Slowking|65\/100\n|-start|p1a: Slowking|Salt Cure\n|move|p1a: Slowking|Surf|p2a: Garganacl\n|-damage|p2a: Garganacl|73\/100\n|\n|-end|p2a: Garganacl|move: Future Sight\n|-damage|p2a: Garganacl|40\/100\n|-heal|p2a: Garganacl|46\/100|[from] item: Leftovers\n|-damage|p1a: Slowking|40\/100|[from] Salt Cure\n|upkeep\n|turn|28\n|\n|t:|1701025566\n|move|p2a: Garganacl|Recover|p2a: Garganacl\n|-heal|p2a: Garganacl|96\/100\n|move|p1a: Slowking|Future Sight|p2a: Garganacl\n|-start|p1a: Slowking|move: Future Sight\n|\n|-heal|p2a: Garganacl|100\/100|[from] item: Leftovers\n|-damage|p1a: Slowking|15\/100|[from] Salt Cure\n|upkeep\n|turn|29\n|\n|t:|1701025571\n|move|p2a: Garganacl|Iron Defense|p2a: Garganacl\n|-boost|p2a: Garganacl|def|2\n|move|p1a: Slowking|Surf|p2a: Garganacl\n|-damage|p2a: Garganacl|76\/100\n|\n|-heal|p2a: Garganacl|82\/100|[from] item: Leftovers\n|-damage|p1a: Slowking|0 fnt|[from] Salt Cure\n|faint|p1a: Slowking\n|upkeep\n|\n|t:|1701025575\n|switch|p1a: Goodra|Goodra-Hisui, F|81\/100\n|turn|30\n|\n|t:|1701025582\n|move|p1a: Goodra|Flash Cannon|p2a: Garganacl\n|-supereffective|p2a: Garganacl\n|-damage|p2a: Garganacl|9\/100\n|move|p2a: Garganacl|Body Press|p1a: Goodra\n|-supereffective|p1a: Goodra\n|-damage|p1a: Goodra|0 fnt\n|faint|p1a: Goodra\n|\n|-end|p2a: Garganacl|move: Future Sight\n|-damage|p2a: Garganacl|0 fnt\n|faint|p2a: Garganacl\n|upkeep\n|\n|t:|1701025591\n|switch|p1a: Mawile|Mawile-Mega, M|15\/100\n|switch|p2a: Dragapult|Dragapult, F|100\/100\n|turn|31\n|\n|t:|1701025597\n|move|p1a: Mawile|Sucker Punch|p2a: Dragapult\n|-supereffective|p2a: Dragapult\n|-damage|p2a: Dragapult|0 fnt\n|faint|p2a: Dragapult\n|\n|win|ace flayr\n|l|\u2606ace flayr\n|j|\u2606ace flayr\n|player|p1|ace flayr|silver\n","uploadtime":1701025609,"views":3,"p1id":"aceflayr","p2id":"lidellecentauros","formatid":"gen9nationaldexubers","rating":0,"private":0,"password":""}