{"id":"gen9nationaldexubers-1994542923","p1":"SCARCITY25","p2":"ANinjaDude","format":"[Gen 9] National Dex Ubers","log":"|j|\u2606SCARCITY25\n|j|\u2606ANinjaDude\n|t:|1700457129\n|gametype|singles\n|player|p1|SCARCITY25|cynthia-gen4|\n|player|p2|ANinjaDude|volkner|\n|teamsize|p1|6\n|teamsize|p2|6\n|gen|9\n|tier|[Gen 9] National Dex Ubers\n|rule|HP Percentage Mod: HP is shown in percentages\n|rule|Endless Battle Clause: Forcing endless battles is banned\n|rule|OHKO Clause: OHKO moves are banned\n|rule|Evasion Moves Clause: Evasion moves are banned\n|rule|Evasion Items Clause: Evasion items are banned\n|rule|Species Clause: Limit one of each Pok\u00e9mon\n|rule|Sleep Clause Mod: Limit one foe put to sleep\n|rule|Mega Rayquaza Clause: You cannot mega evolve Rayquaza\n|clearpoke\n|poke|p1|Iron Valiant|\n|poke|p1|Tapu Koko|\n|poke|p1|Urshifu-*, F|\n|poke|p1|Corviknight, M|\n|poke|p1|Garchomp, M|\n|poke|p1|Rotom-Wash|\n|poke|p2|Landorus-Therian, M|\n|poke|p2|Celesteela|\n|poke|p2|Thundurus-Therian, M|\n|poke|p2|Dragonite, F|\n|poke|p2|Shaymin-Sky|\n|poke|p2|Lopunny, F|\n|teampreview\n|inactive|Battle timer is ON: inactive players will automatically lose when time's up. (requested by ANinjaDude)\n|c|\u2606ANinjaDude|glhf\n|c|\u2606SCARCITY25|glhf\n|c|\u2606SCARCITY25|wait ur allowed to use lop?\n|c|\u2606ANinjaDude|yeah\n|c|\u2606ANinjaDude|leaders get one mon that is off-type\n|c|\u2606SCARCITY25|ah ok i didnt read that\n|c|\u2606ANinjaDude|all good\n|inactive|SCARCITY25 has 270 seconds left.\n|c|\u2606ANinjaDude|lop's a rock resist once it megas\n|\n|t:|1700457178\n|start\n|switch|p1a: Rotom|Rotom-Wash|100\/100\n|switch|p2a: Landorus|Landorus-Therian, M|100\/100\n|-ability|p2a: Landorus|Intimidate|boost\n|-unboost|p1a: Rotom|atk|1\n|turn|1\n|\n|t:|1700457181\n|move|p2a: Landorus|Stealth Rock|p1a: Rotom\n|-sidestart|p1: SCARCITY25|move: Stealth Rock\n|move|p1a: Rotom|Will-O-Wisp|p2a: Landorus\n|-status|p2a: Landorus|brn\n|\n|-damage|p2a: Landorus|95\/100 brn|[from] brn\n|upkeep\n|turn|2\n|\n|t:|1700457188\n|move|p2a: Landorus|Explosion|p1a: Rotom\n|-damage|p1a: Rotom|49\/100\n|faint|p2a: Landorus\n|move|p1a: Rotom|Will-O-Wisp|p2: Landorus|[notarget]\n|-fail|p1a: Rotom\n|\n|-heal|p1a: Rotom|55\/100|[from] item: Leftovers\n|upkeep\n|c|\u2606SCARCITY25|oh\n|c|\u2606ANinjaDude|welcome to the first mix-up of my gym\n|c|\u2606ANinjaDude|boom lando\n|\n|t:|1700457209\n|switch|p2a: Lopunny|Lopunny, F|100\/100\n|turn|3\n|\n|t:|1700457221\n|switch|p1a: Corviknight|Corviknight, M|100\/100\n|-damage|p1a: Corviknight|88\/100|[from] Stealth Rock\n|-ability|p1a: Corviknight|Pressure\n|detailschange|p2a: Lopunny|Lopunny-Mega, F\n|-mega|p2a: Lopunny|Lopunny|Lopunnite\n|move|p2a: Lopunny|Fake Out|p1a: Corviknight\n|-resisted|p1a: Corviknight\n|-damage|p1a: Corviknight|82\/100\n|\n|upkeep\n|turn|4\n|\n|t:|1700457226\n|move|p2a: Lopunny|Close Combat|p1a: Corviknight\n|-damage|p1a: Corviknight|44\/100\n|-unboost|p2a: Lopunny|def|1\n|-unboost|p2a: Lopunny|spd|1\n|move|p1a: Corviknight|Defog|p2a: Lopunny\n|-unboost|p2a: Lopunny|evasion|1\n|-sideend|p1: SCARCITY25|Stealth Rock|[from] move: Defog|[of] p1a: Corviknight\n|\n|upkeep\n|turn|5\n|\n|t:|1700457235\n|move|p2a: Lopunny|U-turn|p1a: Corviknight\n|-resisted|p1a: Corviknight\n|-damage|p1a: Corviknight|40\/100\n|\n|t:|1700457238\n|switch|p2a: Thundurus|Thundurus-Therian, M|100\/100|[from] U-turn\n|move|p1a: Corviknight|Roost|p1a: Corviknight\n|-heal|p1a: Corviknight|90\/100\n|-singleturn|p1a: Corviknight|move: Roost\n|\n|upkeep\n|turn|6\n|\n|t:|1700457245\n|switch|p1a: Garchomp|Garchomp, M|100\/100\n|move|p2a: Thundurus|Substitute|p2a: Thundurus\n|-start|p2a: Thundurus|Substitute\n|-damage|p2a: Thundurus|76\/100\n|\n|upkeep\n|turn|7\n|c|\u2606SCARCITY25|i just realized im sand veil\n|c|\u2606ANinjaDude|oof\n|c|\u2606SCARCITY25|u dont happen to have a sandstorm user do you\n|c|\u2606ANinjaDude|not rn, no\n|inactive|SCARCITY25 has 270 seconds left.\n|c|\u2606ANinjaDude|i should build a sand team though\n|\n|t:|1700457279\n|-terastallize|p2a: Thundurus|Ice\n|move|p1a: Garchomp|Scale Shot|p2a: Thundurus\n|-activate|p2a: Thundurus|move: Substitute|[damage]\n|-end|p2a: Thundurus|Substitute\n|-damage|p2a: Thundurus|57\/100\n|-damage|p2a: Thundurus|36\/100\n|-hitcount|p2a: Thundurus|4\n|-unboost|p1a: Garchomp|def|1\n|-boost|p1a: Garchomp|spe|1\n|move|p2a: Thundurus|Tera Blast|p1a: Garchomp|[anim] Tera Blast Ice\n|-supereffective|p1a: Garchomp\n|-damage|p1a: Garchomp|0 fnt\n|faint|p1a: Garchomp\n|\n|upkeep\n|inactive|SCARCITY25 has 270 seconds left.\n|c|\u2606SCARCITY25|bulky ahh thundurus\n|c|\u2606ANinjaDude|not bulky\n|c|\u2606ANinjaDude|!showset 3\n|c| ANinjaDude|\/raw <div class=\"infobox\">Thundurus (Thundurus-Therian) (M) @ Heavy-Duty Boots  <br \/>Ability: Volt Absorb  <br \/>Tera Type: Ice  <br \/>EVs: 252 SpA &#x2f; 4 SpD &#x2f; 252 Spe  <br \/>Timid Nature  <br \/>IVs: 0 Atk  <br \/>- Thunderbolt  <br \/>- Tera Blast  <br \/>- Substitute  <br \/>- Nasty Plot  <br \/><br \/><\/div>\n|c|\u2606SCARCITY25|ok im high then\n|c|\u2606ANinjaDude|lol\n|c|\u2606ANinjaDude|its sub helping me\n|inactive|SCARCITY25 has 240 seconds left.\n|\n|t:|1700457333\n|switch|p1a: Urshifu|Urshifu, F|100\/100\n|turn|8\n|c|\u2606ANinjaDude|ah, urshifu\n|inactive|SCARCITY25 has 210 seconds left.\n|c|\u2606ANinjaDude|im sure nothing bad will happen to me\n|\n|t:|1700457381\n|move|p1a: Urshifu|Wicked Blow|p2a: Thundurus\n|-crit|p2a: Thundurus\n|-damage|p2a: Thundurus|0 fnt\n|faint|p2a: Thundurus\n|\n|upkeep\n|\n|t:|1700457388\n|switch|p2a: Lopunny|Lopunny-Mega, F|100\/100\n|turn|9\n|\n|t:|1700457396\n|switch|p1a: Corviknight|Corviknight, M|90\/100\n|-ability|p1a: Corviknight|Pressure\n|move|p2a: Lopunny|Close Combat|p1a: Corviknight\n|-damage|p1a: Corviknight|51\/100\n|-unboost|p2a: Lopunny|def|1\n|-unboost|p2a: Lopunny|spd|1\n|\n|upkeep\n|turn|10\n|\n|t:|1700457399\n|move|p2a: Lopunny|U-turn|p1a: Corviknight\n|-resisted|p1a: Corviknight\n|-damage|p1a: Corviknight|47\/100\n|\n|t:|1700457403\n|switch|p2a: Celesteela|Celesteela|100\/100|[from] U-turn\n|move|p1a: Corviknight|Roost|p1a: Corviknight\n|-heal|p1a: Corviknight|97\/100\n|-singleturn|p1a: Corviknight|move: Roost\n|\n|upkeep\n|turn|11\n|inactive|SCARCITY25 has 210 seconds left.\n|\n|t:|1700457428\n|switch|p1a: Rotom|Rotom-Wash|55\/100\n|move|p2a: Celesteela|Autotomize|p2a: Celesteela\n|-boost|p2a: Celesteela|spe|2\n|-start|p2a: Celesteela|Autotomize\n|\n|-heal|p1a: Rotom|61\/100|[from] item: Leftovers\n|upkeep\n|turn|12\n|inactive|SCARCITY25 has 210 seconds left.\n|inactive|SCARCITY25 has 180 seconds left.\n|\n|t:|1700457464\n|move|p2a: Celesteela|Meteor Beam||[still]\n|-prepare|p2a: Celesteela|Meteor Beam\n|-boost|p2a: Celesteela|spa|1\n|-enditem|p2a: Celesteela|Power Herb\n|-anim|p2a: Celesteela|Meteor Beam|p1a: Rotom\n|-damage|p1a: Rotom|21\/100\n|move|p1a: Rotom|Pain Split|p2a: Celesteela\n|-sethp|p2a: Celesteela|60\/100|[from] move: Pain Split|[silent]\n|-sethp|p1a: Rotom|66\/100|[from] move: Pain Split\n|\n|-heal|p1a: Rotom|72\/100|[from] item: Leftovers\n|upkeep\n|turn|13\n|inactive|SCARCITY25 has 180 seconds left.\n|\n|t:|1700457476\n|move|p2a: Celesteela|Air Slash|p1a: Rotom\n|-resisted|p1a: Rotom\n|-damage|p1a: Rotom|53\/100\n|move|p1a: Rotom|Volt Switch|p2a: Celesteela\n|-supereffective|p2a: Celesteela\n|-damage|p2a: Celesteela|13\/100\n|inactive|SCARCITY25 has 180 seconds left.\n|inactive|SCARCITY25 has 150 seconds left.\n|\n|t:|1700457524\n|switch|p1a: Tapu Koko|Tapu Koko|100\/100|[from] Volt Switch\n|-fieldstart|move: Electric Terrain|[from] ability: Electric Surge|[of] p1a: Tapu Koko\n|\n|upkeep\n|turn|14\n|\n|t:|1700457553\n|move|p2a: Celesteela|Fire Blast|p1a: Tapu Koko\n|-damage|p1a: Tapu Koko|24\/100\n|move|p1a: Tapu Koko|Thunderbolt|p2a: Celesteela\n|-supereffective|p2a: Celesteela\n|-damage|p2a: Celesteela|0 fnt\n|faint|p2a: Celesteela\n|\n|-heal|p1a: Tapu Koko|30\/100|[from] item: Leftovers\n|upkeep\n|\n|t:|1700457561\n|switch|p2a: Lopunny|Lopunny-Mega, F|100\/100\n|turn|15\n|\n|t:|1700457573\n|move|p2a: Lopunny|Fake Out|p1a: Tapu Koko\n|-damage|p1a: Tapu Koko|0 fnt\n|faint|p1a: Tapu Koko\n|\n|upkeep\n|\n|t:|1700457576\n|switch|p1a: Iron Valiant|Iron Valiant|100\/100\n|-activate|p1a: Iron Valiant|ability: Quark Drive\n|-start|p1a: Iron Valiant|quarkdrivespe\n|turn|16\n|\n|t:|1700457586\n|move|p1a: Iron Valiant|Moonblast|p2a: Lopunny\n|-supereffective|p2a: Lopunny\n|-damage|p2a: Lopunny|0 fnt\n|faint|p2a: Lopunny\n|-damage|p1a: Iron Valiant|91\/100|[from] item: Life Orb\n|\n|upkeep\n|\n|t:|1700457591\n|switch|p2a: Shaymin|Shaymin-Sky|100\/100\n|turn|17\n|\n|t:|1700457595\n|-end|p1a: Iron Valiant|Quark Drive|[silent]\n|switch|p1a: Corviknight|Corviknight, M|97\/100\n|-ability|p1a: Corviknight|Pressure\n|move|p2a: Shaymin|Air Slash|p1a: Corviknight\n|-resisted|p1a: Corviknight\n|-damage|p1a: Corviknight|79\/100\n|\n|-fieldend|move: Electric Terrain\n|upkeep\n|turn|18\n|\n|t:|1700457598\n|move|p2a: Shaymin|Air Slash|p1a: Corviknight\n|-resisted|p1a: Corviknight\n|-damage|p1a: Corviknight|61\/100\n|move|p1a: Corviknight|U-turn|p2a: Shaymin\n|-damage|p2a: Shaymin|83\/100\n|\n|t:|1700457602\n|switch|p1a: Rotom|Rotom-Wash|53\/100|[from] U-turn\n|\n|-heal|p1a: Rotom|59\/100|[from] item: Leftovers\n|upkeep\n|turn|19\n|\n|t:|1700457606\n|switch|p1a: Corviknight|Corviknight, M|61\/100\n|-ability|p1a: Corviknight|Pressure\n|move|p2a: Shaymin|Air Slash|p1a: Corviknight\n|-resisted|p1a: Corviknight\n|-damage|p1a: Corviknight|44\/100\n|\n|upkeep\n|turn|20\n|\n|t:|1700457608\n|move|p2a: Shaymin|Air Slash|p1a: Corviknight\n|-resisted|p1a: Corviknight\n|-crit|p1a: Corviknight\n|-damage|p1a: Corviknight|17\/100\n|move|p1a: Corviknight|Roost|p1a: Corviknight\n|-heal|p1a: Corviknight|67\/100\n|-singleturn|p1a: Corviknight|move: Roost\n|\n|upkeep\n|turn|21\n|\n|t:|1700457611\n|move|p2a: Shaymin|Air Slash|p1a: Corviknight\n|-resisted|p1a: Corviknight\n|-damage|p1a: Corviknight|50\/100\n|move|p1a: Corviknight|Roost|p1a: Corviknight\n|-heal|p1a: Corviknight|99\/100\n|-singleturn|p1a: Corviknight|move: Roost\n|\n|upkeep\n|turn|22\n|\n|t:|1700457613\n|move|p2a: Shaymin|Air Slash|p1a: Corviknight\n|-resisted|p1a: Corviknight\n|-damage|p1a: Corviknight|82\/100\n|move|p1a: Corviknight|Dual Wingbeat|p2a: Shaymin\n|-supereffective|p2a: Shaymin\n|-damage|p2a: Shaymin|50\/100\n|-supereffective|p2a: Shaymin\n|-damage|p2a: Shaymin|18\/100\n|-hitcount|p2a: Shaymin|2\n|\n|upkeep\n|turn|23\n|inactive|SCARCITY25 has 240 seconds left.\n|c|\u2606ANinjaDude|are you cloak?\n|c|\u2606SCARCITY25|yeah\n|\n|t:|1700457631\n|move|p2a: Shaymin|Air Slash|p1a: Corviknight\n|-resisted|p1a: Corviknight\n|-damage|p1a: Corviknight|65\/100\n|move|p1a: Corviknight|U-turn|p2a: Shaymin\n|-damage|p2a: Shaymin|0 fnt\n|faint|p2a: Shaymin\n|\n|t:|1700457633\n|switch|p1a: Rotom|Rotom-Wash|59\/100|[from] U-turn\n|\n|-heal|p1a: Rotom|65\/100|[from] item: Leftovers\n|upkeep\n|c|\u2606ANinjaDude|i was about to ask how the fuck you didnt flinch any of those times\n|\n|t:|1700457641\n|switch|p2a: Dragonite|Dragonite, F|100\/100\n|turn|24\n|\n|t:|1700457644\n|move|p2a: Dragonite|Dragon Dance|p2a: Dragonite\n|-boost|p2a: Dragonite|atk|1\n|-boost|p2a: Dragonite|spe|1\n|move|p1a: Rotom|Will-O-Wisp|p2a: Dragonite\n|-status|p2a: Dragonite|brn\n|\n|-heal|p1a: Rotom|72\/100|[from] item: Leftovers\n|-damage|p2a: Dragonite|94\/100 brn|[from] brn\n|upkeep\n|turn|25\n|\n|t:|1700457649\n|move|p2a: Dragonite|Dragon Dance|p2a: Dragonite\n|-boost|p2a: Dragonite|atk|1\n|-boost|p2a: Dragonite|spe|1\n|move|p1a: Rotom|Volt Switch|p2a: Dragonite\n|-damage|p2a: Dragonite|66\/100 brn\n|\n|t:|1700457653\n|switch|p1a: Urshifu|Urshifu, F|100\/100|[from] Volt Switch\n|\n|-damage|p2a: Dragonite|60\/100 brn|[from] brn\n|upkeep\n|turn|26\n|\n|t:|1700457656\n|move|p2a: Dragonite|Earthquake|p1a: Urshifu\n|-damage|p1a: Urshifu|66\/100\n|move|p1a: Urshifu|Wicked Blow|p2a: Dragonite\n|-crit|p2a: Dragonite\n|-damage|p2a: Dragonite|0 fnt\n|faint|p2a: Dragonite\n|\n|win|SCARCITY25\n|c|\u2606ANinjaDude|ggs\n|c|\u2606SCARCITY25|gg\n|c|\u2606SCARCITY25|!showteam\n|c| SCARCITY25|\/raw <div class=\"infobox\"><details><summary>View team<\/summary>Iron Valiant @ Life Orb  <br \/>Ability: Quark Drive  <br \/>Tera Type: Ice  <br \/>EVs: 252 SpA &#x2f; 4 SpD &#x2f; 252 Spe  <br \/>Timid Nature  <br \/>IVs: 0 Atk  <br \/>- Thunderbolt  <br \/>- Tera Blast  <br \/>- Calm Mind  <br \/>- Moonblast  <br \/><br \/>Tapu Koko @ Leftovers  <br \/>Ability: Electric Surge  <br \/>Hidden Power: Ice  <br \/>Tera Type: Electric  <br \/>EVs: 252 SpA &#x2f; 4 SpD &#x2f; 252 Spe  <br \/>Timid Nature  <br \/>IVs: 0 Atk  <br \/>- Thunderbolt  <br \/>- Hidden Power [Ice]  <br \/>- Calm Mind  <br \/>- Roost  <br \/><br \/>Urshifu (F) @ Choice Scarf  <br \/>Ability: Unseen Fist  <br \/>Tera Type: Dark  <br \/>EVs: 252 Atk &#x2f; 4 SpD &#x2f; 252 Spe  <br \/>Jolly Nature  <br \/>- Wicked Blow  <br \/>- Iron Head  <br \/>- Close Combat  <br \/>- U-turn  <br \/><br \/>Corviknight (M) @ Covert Cloak  <br \/>Ability: Pressure  <br \/>Tera Type: Dragon  <br \/>EVs: 252 HP &#x2f; 252 Def &#x2f; 4 SpD  <br \/>Relaxed Nature  <br \/>IVs: 0 Spe  <br \/>- U-turn  <br \/>- Dual Wingbeat  <br \/>- Roost  <br \/>- Defog  <br \/><br \/>Garchomp (M) @ Loaded Dice  <br \/>Ability: Sand Veil  <br \/>Tera Type: Fire  <br \/>EVs: 252 Atk &#x2f; 4 SpD &#x2f; 252 Spe  <br \/>Jolly Nature  <br \/>- Stealth Rock  <br \/>- Swords Dance  <br \/>- Scale Shot  <br \/>- Fire Fang  <br \/><br \/>Rotom (Rotom-Wash) @ Leftovers  <br \/>Ability: Levitate  <br \/>Tera Type: Steel  <br \/>EVs: 252 HP &#x2f; 212 SpD &#x2f; 44 Spe  <br \/>Calm Nature  <br \/>IVs: 0 Atk  <br \/>- Volt Switch  <br \/>- Hydro Pump  <br \/>- Will-O-Wisp  <br \/>- Pain Split  <br \/><br \/><\/details><\/div>\n","uploadtime":1700457665,"views":4,"p1id":"scarcity25","p2id":"aninjadude","formatid":"gen9nationaldexubers","rating":0,"private":0,"password":""}