{"id":"gen9nationaldexubers-1982497150","p1":"ShadowFxnn","p2":"JonethBee","format":"[Gen 9] National Dex Ubers","log":"|j|\u2606ShadowFxnn\n|j|\u2606JonethBee\n|t:|1699020362\n|gametype|singles\n|player|p1|ShadowFxnn|roxie|\n|player|p2|JonethBee|teamrocket|\n|teamsize|p1|6\n|teamsize|p2|6\n|gen|9\n|tier|[Gen 9] National Dex Ubers\n|rule|HP Percentage Mod: HP is shown in percentages\n|rule|Endless Battle Clause: Forcing endless battles is banned\n|rule|OHKO Clause: OHKO moves are banned\n|rule|Evasion Moves Clause: Evasion moves are banned\n|rule|Evasion Items Clause: Evasion items are banned\n|rule|Species Clause: Limit one of each Pok\u00e9mon\n|rule|Sleep Clause Mod: Limit one foe put to sleep\n|rule|Mega Rayquaza Clause: You cannot mega evolve Rayquaza\n|clearpoke\n|poke|p1|Urshifu-*, F|\n|poke|p1|Oricorio-Sensu, F|\n|poke|p1|Overqwil, M|\n|poke|p1|Weezing-Galar, F|\n|poke|p1|Escavalier, F|\n|poke|p1|Jynx, F|\n|poke|p2|Chansey, F|\n|poke|p2|Cyclizar, M|\n|poke|p2|Raichu-Alola, F|\n|poke|p2|Darmanitan-Galar, M|\n|poke|p2|Kommo-o, F|\n|poke|p2|Corviknight, M|\n|teampreview\n|j| vCreeze\n|\n|t:|1699020386\n|start\n|switch|p1a: Jynx|Jynx, F, shiny|100\/100\n|switch|p2a: \u30d2\u30d2\u30c0\u30eb\u30de|Darmanitan-Galar, M|100\/100\n|turn|1\n|\n|t:|1699020395\n|move|p1a: Jynx|Fake Out|p2a: \u30d2\u30d2\u30c0\u30eb\u30de\n|-damage|p2a: \u30d2\u30d2\u30c0\u30eb\u30de|92\/100\n|cant|p2a: \u30d2\u30d2\u30c0\u30eb\u30de|flinch\n|\n|upkeep\n|turn|2\n|\n|t:|1699020400\n|move|p2a: \u30d2\u30d2\u30c0\u30eb\u30de|U-turn|p1a: Jynx\n|-supereffective|p1a: Jynx\n|-enditem|p1a: Jynx|Focus Sash\n|-damage|p1a: Jynx|1\/100\n|\n|t:|1699020414\n|switch|p2a: \u30e9\u30c3\u30ad\u30fc|Chansey, F|100\/100|[from] U-turn\n|move|p1a: Jynx|Lovely Kiss|p2a: \u30e9\u30c3\u30ad\u30fc\n|-status|p2a: \u30e9\u30c3\u30ad\u30fc|slp|[from] move: Lovely Kiss\n|\n|upkeep\n|turn|3\n|\n|t:|1699020431\n|move|p1a: Jynx|Ice Beam|p2a: \u30e9\u30c3\u30ad\u30fc\n|-damage|p2a: \u30e9\u30c3\u30ad\u30fc|86\/100 slp\n|cant|p2a: \u30e9\u30c3\u30ad\u30fc|slp\n|\n|upkeep\n|turn|4\n|\n|t:|1699020436\n|switch|p1a: Urshifu|Urshifu-Rapid-Strike, F|100\/100\n|-curestatus|p2a: \u30e9\u30c3\u30ad\u30fc|slp|[msg]\n|move|p2a: \u30e9\u30c3\u30ad\u30fc|Stealth Rock|p1a: Urshifu\n|-sidestart|p1: ShadowFxnn|move: Stealth Rock\n|\n|upkeep\n|turn|5\n|\n|t:|1699020452\n|switch|p2a: \u30a2\u30fc\u30de\u30fc\u30ac\u30a2|Corviknight, M|100\/100\n|move|p1a: Urshifu|Close Combat|p2a: \u30a2\u30fc\u30de\u30fc\u30ac\u30a2\n|-damage|p2a: \u30a2\u30fc\u30de\u30fc\u30ac\u30a2|63\/100\n|-unboost|p1a: Urshifu|def|1\n|-unboost|p1a: Urshifu|spd|1\n|-damage|p1a: Urshifu|84\/100|[from] item: Rocky Helmet|[of] p2a: \u30a2\u30fc\u30de\u30fc\u30ac\u30a2\n|\n|upkeep\n|turn|6\n|\n|t:|1699020475\n|switch|p1a: Jynx|Jynx, F, shiny|1\/100\n|-damage|p1a: Jynx|0 fnt|[from] Stealth Rock\n|faint|p1a: Jynx\n|move|p2a: \u30a2\u30fc\u30de\u30fc\u30ac\u30a2|Roost|p2a: \u30a2\u30fc\u30de\u30fc\u30ac\u30a2\n|-heal|p2a: \u30a2\u30fc\u30de\u30fc\u30ac\u30a2|100\/100\n|-singleturn|p2a: \u30a2\u30fc\u30de\u30fc\u30ac\u30a2|move: Roost\n|\n|upkeep\n|\n|t:|1699020498\n|switch|p1a: Zimt Schnecke|Escavalier, F, shiny|100\/100\n|-damage|p1a: Zimt Schnecke|88\/100|[from] Stealth Rock\n|turn|7\n|inactive|Battle timer is ON: inactive players will automatically lose when time's up. (requested by ShadowFxnn)\n|inactive|JonethBee has 270 seconds left.\n|\n|t:|1699020566\n|move|p2a: \u30a2\u30fc\u30de\u30fc\u30ac\u30a2|U-turn|p1a: Zimt Schnecke\n|-resisted|p1a: Zimt Schnecke\n|-damage|p1a: Zimt Schnecke|82\/100\n|\n|t:|1699020587\n|switch|p2a: \u30b8\u30e3\u30e9\u30e9\u30f3\u30ac|Kommo-o, F|100\/100|[from] U-turn\n|move|p1a: Zimt Schnecke|Metal Burst|p2a: \u30b8\u30e3\u30e9\u30e9\u30f3\u30ac\n|-damage|p2a: \u30b8\u30e3\u30e9\u30e9\u30f3\u30ac|90\/100\n|\n|-heal|p1a: Zimt Schnecke|88\/100|[from] item: Leftovers\n|upkeep\n|turn|8\n|\n|t:|1699020601\n|move|p2a: \u30b8\u30e3\u30e9\u30e9\u30f3\u30ac|Flamethrower|p1a: Zimt Schnecke\n|-supereffective|p1a: Zimt Schnecke\n|-damage|p1a: Zimt Schnecke|3\/100\n|move|p1a: Zimt Schnecke|Megahorn|p2a: \u30b8\u30e3\u30e9\u30e9\u30f3\u30ac\n|-resisted|p2a: \u30b8\u30e3\u30e9\u30e9\u30f3\u30ac\n|-damage|p2a: \u30b8\u30e3\u30e9\u30e9\u30f3\u30ac|62\/100\n|\n|-heal|p1a: Zimt Schnecke|9\/100|[from] item: Leftovers\n|upkeep\n|turn|9\n|\n|t:|1699020620\n|move|p2a: \u30b8\u30e3\u30e9\u30e9\u30f3\u30ac|Flash Cannon|p1a: Zimt Schnecke\n|-resisted|p1a: Zimt Schnecke\n|-damage|p1a: Zimt Schnecke|0 fnt\n|faint|p1a: Zimt Schnecke\n|\n|upkeep\n|\n|t:|1699020638\n|switch|p1a: Oricorio|Oricorio-Sensu, F, shiny|100\/100\n|-damage|p1a: Oricorio|76\/100|[from] Stealth Rock\n|turn|10\n|inactive|JonethBee has 270 seconds left.\n|inactive|JonethBee has 240 seconds left.\n|inactive|ShadowFxnn has 270 seconds left.\n|\n|t:|1699020699\n|move|p1a: Oricorio|Tailwind|p1a: Oricorio\n|-sidestart|p1: ShadowFxnn|move: Tailwind\n|move|p2a: \u30b8\u30e3\u30e9\u30e9\u30f3\u30ac|Clanging Scales|p1a: Oricorio\n|-damage|p1a: Oricorio|0 fnt\n|faint|p1a: Oricorio\n|-unboost|p2a: \u30b8\u30e3\u30e9\u30e9\u30f3\u30ac|def|1\n|-enditem|p2a: \u30b8\u30e3\u30e9\u30e9\u30f3\u30ac|Throat Spray\n|-boost|p2a: \u30b8\u30e3\u30e9\u30e9\u30f3\u30ac|spa|1|[from] item: Throat Spray\n|\n|upkeep\n|\n|t:|1699020703\n|switch|p1a: Weezing|Weezing-Galar, F|100\/100\n|-ability|p1a: Weezing|Neutralizing Gas\n|-damage|p1a: Weezing|88\/100|[from] Stealth Rock\n|turn|11\n|inactive|JonethBee has 240 seconds left.\n|\n|t:|1699020714\n|switch|p2a: \u30a2\u30fc\u30de\u30fc\u30ac\u30a2|Corviknight, M|100\/100\n|move|p1a: Weezing|Strange Steam|p2a: \u30a2\u30fc\u30de\u30fc\u30ac\u30a2\n|-resisted|p2a: \u30a2\u30fc\u30de\u30fc\u30ac\u30a2\n|-crit|p2a: \u30a2\u30fc\u30de\u30fc\u30ac\u30a2\n|-damage|p2a: \u30a2\u30fc\u30de\u30fc\u30ac\u30a2|81\/100\n|\n|upkeep\n|turn|12\n|inactive|JonethBee has 240 seconds left.\n|\n|t:|1699020726\n|move|p1a: Weezing|Flamethrower|p2a: \u30a2\u30fc\u30de\u30fc\u30ac\u30a2\n|-supereffective|p2a: \u30a2\u30fc\u30de\u30fc\u30ac\u30a2\n|-damage|p2a: \u30a2\u30fc\u30de\u30fc\u30ac\u30a2|47\/100\n|move|p2a: \u30a2\u30fc\u30de\u30fc\u30ac\u30a2|Brave Bird|p1a: Weezing\n|-damage|p1a: Weezing|61\/100\n|-damage|p2a: \u30a2\u30fc\u30de\u30fc\u30ac\u30a2|39\/100|[from] Recoil\n|\n|upkeep\n|turn|13\n|inactive|JonethBee has 240 seconds left.\n|\n|t:|1699020733\n|move|p1a: Weezing|Flamethrower|p2a: \u30a2\u30fc\u30de\u30fc\u30ac\u30a2\n|-supereffective|p2a: \u30a2\u30fc\u30de\u30fc\u30ac\u30a2\n|-damage|p2a: \u30a2\u30fc\u30de\u30fc\u30ac\u30a2|6\/100\n|move|p2a: \u30a2\u30fc\u30de\u30fc\u30ac\u30a2|Roost|p2a: \u30a2\u30fc\u30de\u30fc\u30ac\u30a2\n|-heal|p2a: \u30a2\u30fc\u30de\u30fc\u30ac\u30a2|56\/100\n|-singleturn|p2a: \u30a2\u30fc\u30de\u30fc\u30ac\u30a2|move: Roost\n|\n|-sideend|p1: ShadowFxnn|move: Tailwind\n|upkeep\n|turn|14\n|\n|t:|1699020740\n|move|p1a: Weezing|Flamethrower|p2a: \u30a2\u30fc\u30de\u30fc\u30ac\u30a2\n|-supereffective|p2a: \u30a2\u30fc\u30de\u30fc\u30ac\u30a2\n|-damage|p2a: \u30a2\u30fc\u30de\u30fc\u30ac\u30a2|19\/100\n|move|p2a: \u30a2\u30fc\u30de\u30fc\u30ac\u30a2|Roost|p2a: \u30a2\u30fc\u30de\u30fc\u30ac\u30a2\n|-heal|p2a: \u30a2\u30fc\u30de\u30fc\u30ac\u30a2|69\/100\n|-singleturn|p2a: \u30a2\u30fc\u30de\u30fc\u30ac\u30a2|move: Roost\n|\n|upkeep\n|turn|15\n|\n|t:|1699020752\n|switch|p2a: \u30e9\u30c3\u30ad\u30fc|Chansey, F|86\/100\n|move|p1a: Weezing|Flamethrower|p2a: \u30e9\u30c3\u30ad\u30fc\n|-damage|p2a: \u30e9\u30c3\u30ad\u30fc|81\/100\n|\n|upkeep\n|turn|16\n|\n|t:|1699020762\n|-end|p1a: Weezing|ability: Neutralizing Gas\n|switch|p1a: Puffi|Overqwil, M, shiny|100\/100\n|-damage|p1a: Puffi|88\/100|[from] Stealth Rock\n|-ability|p1a: Puffi|Intimidate|boost\n|-unboost|p2a: \u30e9\u30c3\u30ad\u30fc|atk|1\n|move|p2a: \u30e9\u30c3\u30ad\u30fc|Thunder Wave|p1a: Puffi\n|-status|p1a: Puffi|par\n|\n|upkeep\n|turn|17\n|\n|t:|1699020775\n|switch|p2a: \u30a2\u30fc\u30de\u30fc\u30ac\u30a2|Corviknight, M|69\/100\n|move|p1a: Puffi|Crunch|p2a: \u30a2\u30fc\u30de\u30fc\u30ac\u30a2\n|-damage|p2a: \u30a2\u30fc\u30de\u30fc\u30ac\u30a2|45\/100\n|-damage|p1a: Puffi|72\/100 par|[from] item: Rocky Helmet|[of] p2a: \u30a2\u30fc\u30de\u30fc\u30ac\u30a2\n|-damage|p1a: Puffi|62\/100 par|[from] item: Life Orb\n|\n|upkeep\n|turn|18\n|\n|t:|1699020784\n|move|p1a: Puffi|Protect|p1a: Puffi\n|-singleturn|p1a: Puffi|Protect\n|move|p2a: \u30a2\u30fc\u30de\u30fc\u30ac\u30a2|Roost|p2a: \u30a2\u30fc\u30de\u30fc\u30ac\u30a2\n|-heal|p2a: \u30a2\u30fc\u30de\u30fc\u30ac\u30a2|95\/100\n|-singleturn|p2a: \u30a2\u30fc\u30de\u30fc\u30ac\u30a2|move: Roost\n|\n|upkeep\n|turn|19\n|\n|t:|1699020797\n|move|p2a: \u30a2\u30fc\u30de\u30fc\u30ac\u30a2|U-turn|p1a: Puffi\n|-damage|p1a: Puffi|52\/100 par\n|\n|t:|1699020799\n|switch|p2a: \u30e2\u30c8\u30c8\u30ab\u30b2|Cyclizar, M|100\/100|[from] U-turn\n|move|p1a: Puffi|Destiny Bond|p1a: Puffi\n|-singlemove|p1a: Puffi|Destiny Bond\n|\n|upkeep\n|turn|20\n|\n|t:|1699020808\n|move|p2a: \u30e2\u30c8\u30c8\u30ab\u30b2|Shed Tail|p2a: \u30e2\u30c8\u30c8\u30ab\u30b2\n|-start|p2a: \u30e2\u30c8\u30c8\u30ab\u30b2|Substitute|[from] move: Shed Tail\n|-damage|p2a: \u30e2\u30c8\u30c8\u30ab\u30b2|50\/100\n|-enditem|p2a: \u30e2\u30c8\u30c8\u30ab\u30b2|Sitrus Berry|[eat]\n|-heal|p2a: \u30e2\u30c8\u30c8\u30ab\u30b2|75\/100|[from] item: Sitrus Berry\n|\n|t:|1699020816\n|switch|p2a: \u30d2\u30d2\u30c0\u30eb\u30de|Darmanitan-Galar, M|92\/100|[from] Shed Tail\n|cant|p1a: Puffi|par\n|\n|upkeep\n|turn|21\n|inactive|JonethBee has 270 seconds left.\n|\n|t:|1699020828\n|move|p2a: \u30d2\u30d2\u30c0\u30eb\u30de|Icicle Crash|p1a: Puffi\n|-damage|p1a: Puffi|0 fnt\n|faint|p1a: Puffi\n|\n|upkeep\n|\n|t:|1699020836\n|switch|p1a: Urshifu|Urshifu-Rapid-Strike, F|84\/100\n|-damage|p1a: Urshifu|78\/100|[from] Stealth Rock\n|turn|22\n|inactive|JonethBee has 270 seconds left.\n|inactive|JonethBee has 240 seconds left.\n|inactive|JonethBee has 210 seconds left.\n|\n|t:|1699020913\n|move|p1a: Urshifu|Surging Strikes|p2a: \u30d2\u30d2\u30c0\u30eb\u30de\n|-crit|p2a: \u30d2\u30d2\u30c0\u30eb\u30de\n|-end|p2a: \u30d2\u30d2\u30c0\u30eb\u30de|Substitute\n|-crit|p2a: \u30d2\u30d2\u30c0\u30eb\u30de\n|-damage|p2a: \u30d2\u30d2\u30c0\u30eb\u30de|59\/100\n|-crit|p2a: \u30d2\u30d2\u30c0\u30eb\u30de\n|-damage|p2a: \u30d2\u30d2\u30c0\u30eb\u30de|27\/100\n|-hitcount|p2a: \u30d2\u30d2\u30c0\u30eb\u30de|3\n|move|p2a: \u30d2\u30d2\u30c0\u30eb\u30de|Icicle Crash|p1a: Urshifu\n|-resisted|p1a: Urshifu\n|-damage|p1a: Urshifu|39\/100\n|\n|upkeep\n|turn|23\n|inactive|JonethBee has 210 seconds left.\n|\n|t:|1699020923\n|switch|p2a: \u30a2\u30fc\u30de\u30fc\u30ac\u30a2|Corviknight, M|95\/100\n|move|p1a: Urshifu|Surging Strikes|p2a: \u30a2\u30fc\u30de\u30fc\u30ac\u30a2\n|-crit|p2a: \u30a2\u30fc\u30de\u30fc\u30ac\u30a2\n|-damage|p2a: \u30a2\u30fc\u30de\u30fc\u30ac\u30a2|83\/100\n|-damage|p1a: Urshifu|22\/100|[from] item: Rocky Helmet|[of] p2a: \u30a2\u30fc\u30de\u30fc\u30ac\u30a2\n|-crit|p2a: \u30a2\u30fc\u30de\u30fc\u30ac\u30a2\n|-damage|p2a: \u30a2\u30fc\u30de\u30fc\u30ac\u30a2|71\/100\n|-damage|p1a: Urshifu|6\/100|[from] item: Rocky Helmet|[of] p2a: \u30a2\u30fc\u30de\u30fc\u30ac\u30a2\n|-crit|p2a: \u30a2\u30fc\u30de\u30fc\u30ac\u30a2\n|-damage|p2a: \u30a2\u30fc\u30de\u30fc\u30ac\u30a2|60\/100\n|-damage|p1a: Urshifu|0 fnt|[from] item: Rocky Helmet|[of] p2a: \u30a2\u30fc\u30de\u30fc\u30ac\u30a2\n|faint|p1a: Urshifu\n|-hitcount|p2a: \u30a2\u30fc\u30de\u30fc\u30ac\u30a2|3\n|\n|upkeep\n|\n|t:|1699020929\n|switch|p1a: Weezing|Weezing-Galar, F|61\/100\n|-ability|p1a: Weezing|Neutralizing Gas\n|-damage|p1a: Weezing|49\/100|[from] Stealth Rock\n|turn|24\n|inactive|JonethBee has 210 seconds left.\n|\n|t:|1699020950\n|move|p1a: Weezing|Flamethrower|p2a: \u30a2\u30fc\u30de\u30fc\u30ac\u30a2\n|-supereffective|p2a: \u30a2\u30fc\u30de\u30fc\u30ac\u30a2\n|-damage|p2a: \u30a2\u30fc\u30de\u30fc\u30ac\u30a2|26\/100\n|move|p2a: \u30a2\u30fc\u30de\u30fc\u30ac\u30a2|Roost|p2a: \u30a2\u30fc\u30de\u30fc\u30ac\u30a2\n|-heal|p2a: \u30a2\u30fc\u30de\u30fc\u30ac\u30a2|76\/100\n|-singleturn|p2a: \u30a2\u30fc\u30de\u30fc\u30ac\u30a2|move: Roost\n|\n|upkeep\n|turn|25\n|\n|t:|1699020954\n|switch|p2a: \u30e9\u30c3\u30ad\u30fc|Chansey, F|81\/100\n|move|p1a: Weezing|Flamethrower|p2a: \u30e9\u30c3\u30ad\u30fc\n|-damage|p2a: \u30e9\u30c3\u30ad\u30fc|75\/100\n|\n|upkeep\n|turn|26\n|\n|t:|1699020961\n|move|p1a: Weezing|Sludge Wave|p2a: \u30e9\u30c3\u30ad\u30fc\n|-damage|p2a: \u30e9\u30c3\u30ad\u30fc|66\/100\n|move|p2a: \u30e9\u30c3\u30ad\u30fc|Thunder Wave|p1a: Weezing\n|-status|p1a: Weezing|par\n|\n|upkeep\n|turn|27\n|\n|t:|1699020974\n|switch|p2a: \u30e9\u30a4\u30c1\u30e5\u30a6|Raichu-Alola, F|100\/100\n|cant|p1a: Weezing|par\n|\n|upkeep\n|turn|28\n|\n|t:|1699020979\n|move|p2a: \u30e9\u30a4\u30c1\u30e5\u30a6|Psychic|p1a: Weezing\n|-supereffective|p1a: Weezing\n|-damage|p1a: Weezing|0 fnt\n|faint|p1a: Weezing\n|-end|p1a: Weezing|ability: Neutralizing Gas\n|\n|win|JonethBee\n","uploadtime":1699020989,"views":13,"p1id":"shadowfxnn","p2id":"jonethbee","formatid":"gen9nationaldexubers","rating":0,"private":0,"password":""}