{"id":"gen9nationaldexubers-1990857836","p1":"85792195wwww","p2":"nfyhsueryfgius","format":"[Gen 9] National Dex Ubers","log":"|j|\u260685792195wwww\n|j|\u2606nfyhsueryfgius\n|t:|1700008277\n|gametype|singles\n|player|p1|85792195wwww|mira|1729\n|player|p2|nfyhsueryfgius|ghetsis|1796\n|teamsize|p1|6\n|teamsize|p2|6\n|gen|9\n|tier|[Gen 9] National Dex Ubers\n|rated|\n|rule|HP Percentage Mod: HP is shown in percentages\n|rule|Endless Battle Clause: Forcing endless battles is banned\n|rule|OHKO Clause: OHKO moves are banned\n|rule|Evasion Moves Clause: Evasion moves are banned\n|rule|Evasion Items Clause: Evasion items are banned\n|rule|Species Clause: Limit one of each Pok\u00e9mon\n|rule|Sleep Clause Mod: Limit one foe put to sleep\n|rule|Mega Rayquaza Clause: You cannot mega evolve Rayquaza\n|clearpoke\n|poke|p1|Zacian-*|\n|poke|p1|Deoxys-Speed|\n|poke|p1|Arceus|\n|poke|p1|Xerneas-*|\n|poke|p1|Groudon|\n|poke|p1|Zekrom|\n|poke|p2|Ho-Oh|\n|poke|p2|Groudon|\n|poke|p2|Arceus-Fairy|\n|poke|p2|Eternatus|\n|poke|p2|Salamence, M|\n|poke|p2|Yveltal|\n|teampreview\n|\n|t:|1700008314\n|start\n|switch|p1a: Deoxys|Deoxys-Speed|100\/100\n|switch|p2a: Yveltal|Yveltal|100\/100\n|-ability|p1a: Deoxys|Pressure\n|-ability|p2a: Yveltal|Dark Aura\n|turn|1\n|\n|t:|1700008324\n|move|p1a: Deoxys|Stealth Rock|p2a: Yveltal\n|-sidestart|p2: nfyhsueryfgius|move: Stealth Rock\n|move|p2a: Yveltal|Dark Pulse|p1a: Deoxys\n|-supereffective|p1a: Deoxys\n|-crit|p1a: Deoxys\n|-damage|p1a: Deoxys|0 fnt\n|faint|p1a: Deoxys\n|-damage|p2a: Yveltal|91\/100|[from] item: Life Orb\n|\n|upkeep\n|\n|t:|1700008335\n|switch|p1a: Zacian|Zacian-Crowned|100\/100\n|-ability|p1a: Zacian|Intrepid Sword|boost\n|-boost|p1a: Zacian|atk|1\n|turn|2\n|\n|t:|1700008340\n|switch|p2a: Groudon|Groudon|100\/100\n|-damage|p2a: Groudon|94\/100|[from] Stealth Rock\n|detailschange|p2a: Groudon|Groudon-Primal\n|-primal|p2a: Groudon|Red Orb\n|-weather|DesolateLand|[from] ability: Desolate Land|[of] p2a: Groudon\n|move|p1a: Zacian|Swords Dance|p1a: Zacian\n|-boost|p1a: Zacian|atk|2\n|\n|-weather|DesolateLand|[upkeep]\n|upkeep\n|turn|3\n|\n|t:|1700008351\n|-terastallize|p1a: Zacian|Ground\n|move|p1a: Zacian|Tera Blast|p2a: Groudon|[anim] Tera Blast Ground\n|-supereffective|p2a: Groudon\n|-damage|p2a: Groudon|0 fnt\n|faint|p2a: Groudon\n|-weather|none\n|\n|upkeep\n|\n|t:|1700008359\n|switch|p2a: Ho-Oh|Ho-Oh|100\/100\n|turn|4\n|\n|t:|1700008363\n|-terastallize|p2a: Ho-Oh|Fire\n|move|p1a: Zacian|Behemoth Blade|p2a: Ho-Oh\n|-resisted|p2a: Ho-Oh\n|-damage|p2a: Ho-Oh|33\/100\n|move|p2a: Ho-Oh|Sacred Fire|p1a: Zacian\n|-damage|p1a: Zacian|29\/100\n|\n|upkeep\n|turn|5\n|\n|t:|1700008373\n|move|p1a: Zacian|Behemoth Blade|p2a: Ho-Oh\n|-resisted|p2a: Ho-Oh\n|-damage|p2a: Ho-Oh|0 fnt\n|faint|p2a: Ho-Oh\n|\n|upkeep\n|\n|t:|1700008374\n|switch|p2a: Yveltal|Yveltal|91\/100\n|-damage|p2a: Yveltal|66\/100|[from] Stealth Rock\n|-ability|p2a: Yveltal|Dark Aura\n|turn|6\n|\n|t:|1700008384\n|move|p2a: Yveltal|Sucker Punch|p1a: Zacian\n|-damage|p1a: Zacian|0 fnt\n|faint|p1a: Zacian\n|-damage|p2a: Yveltal|56\/100|[from] item: Life Orb\n|\n|upkeep\n|\n|t:|1700008397\n|switch|p1a: Arceus|Arceus|100\/100\n|turn|7\n|\n|t:|1700008410\n|move|p1a: Arceus|Swords Dance|p1a: Arceus\n|-boost|p1a: Arceus|atk|2\n|move|p2a: Yveltal|Knock Off|p1a: Arceus\n|-damage|p1a: Arceus|48\/100\n|-enditem|p1a: Arceus|Life Orb|[from] move: Knock Off|[of] p2a: Yveltal\n|-damage|p2a: Yveltal|46\/100|[from] item: Life Orb\n|\n|upkeep\n|turn|8\n|\n|t:|1700008418\n|switch|p2a: Eternatus|Eternatus|100\/100\n|-damage|p2a: Eternatus|88\/100|[from] Stealth Rock\n|-ability|p2a: Eternatus|Pressure\n|move|p1a: Arceus|Extreme Speed|p2a: Eternatus\n|-damage|p2a: Eternatus|19\/100\n|\n|-heal|p2a: Eternatus|25\/100|[from] item: Leftovers\n|upkeep\n|turn|9\n|\n|t:|1700008429\n|move|p1a: Arceus|Extreme Speed|p2a: Eternatus\n|-damage|p2a: Eternatus|0 fnt\n|faint|p2a: Eternatus\n|\n|upkeep\n|\n|t:|1700008432\n|switch|p2a: Salamence|Salamence, M|100\/100\n|-damage|p2a: Salamence|76\/100|[from] Stealth Rock\n|-ability|p2a: Salamence|Intimidate|boost\n|-unboost|p1a: Arceus|atk|1\n|turn|10\n|\n|t:|1700008440\n|detailschange|p2a: Salamence|Salamence-Mega, M\n|-mega|p2a: Salamence|Salamence|Salamencite\n|move|p2a: Salamence|Double-Edge|p1a: Arceus\n|-damage|p1a: Arceus|0 fnt\n|faint|p1a: Arceus\n|-damage|p2a: Salamence|58\/100|[from] Recoil\n|\n|upkeep\n|\n|t:|1700008451\n|switch|p1a: Xerneas|Xerneas|100\/100\n|-ability|p1a: Xerneas|Fairy Aura\n|turn|11\n|\n|t:|1700008456\n|move|p2a: Salamence|Double-Edge|p1a: Xerneas\n|-damage|p1a: Xerneas|34\/100\n|-damage|p2a: Salamence|31\/100|[from] Recoil\n|move|p1a: Xerneas|Geomancy||[still]\n|-prepare|p1a: Xerneas|Geomancy\n|-enditem|p1a: Xerneas|Power Herb\n|-anim|p1a: Xerneas|Geomancy|p1a: Xerneas\n|-boost|p1a: Xerneas|spa|2\n|-boost|p1a: Xerneas|spd|2\n|-boost|p1a: Xerneas|spe|2\n|\n|upkeep\n|turn|12\n|\n|t:|1700008466\n|move|p1a: Xerneas|Moonblast|p2a: Salamence\n|-supereffective|p2a: Salamence\n|-damage|p2a: Salamence|0 fnt\n|faint|p2a: Salamence\n|\n|upkeep\n|\n|t:|1700008469\n|switch|p2a: Yveltal|Yveltal|46\/100\n|-damage|p2a: Yveltal|21\/100|[from] Stealth Rock\n|-ability|p2a: Yveltal|Dark Aura\n|turn|13\n|\n|t:|1700008476\n|move|p2a: Yveltal|Sucker Punch|p1a: Xerneas\n|-resisted|p1a: Xerneas\n|-damage|p1a: Xerneas|15\/100\n|-damage|p2a: Yveltal|11\/100|[from] item: Life Orb\n|move|p1a: Xerneas|Moonblast|p2a: Yveltal\n|-supereffective|p2a: Yveltal\n|-damage|p2a: Yveltal|0 fnt\n|faint|p2a: Yveltal\n|\n|upkeep\n|-message|nfyhsueryfgius forfeited.\n|\n|win|85792195wwww\n|raw|85792195wwww's rating: 1729 &rarr; <strong>1753<\/strong><br \/>(+24 for winning)\n|raw|nfyhsueryfgius's rating: 1796 &rarr; <strong>1772<\/strong><br \/>(-24 for losing)\n|l|\u2606nfyhsueryfgius\n","uploadtime":1700008490,"views":6,"p1id":"85792195wwww","p2id":"nfyhsueryfgius","formatid":"gen9nationaldexubers","rating":1753,"private":0,"password":""}