{"id":"gen9nationaldexubers-1985862892","p1":"user64332","p2":"TheGirl0nFire","format":"[Gen 9] National Dex Ubers","log":"|j|\u2606user64332\n|j|\u2606TheGirl0nFire\n|t:|1699414587\n|gametype|singles\n|player|p1|user64332|whitney|1391\n|player|p2|TheGirl0nFire|flannery|1587\n|teamsize|p1|6\n|teamsize|p2|6\n|gen|9\n|tier|[Gen 9] National Dex Ubers\n|rated|\n|rule|HP Percentage Mod: HP is shown in percentages\n|rule|Endless Battle Clause: Forcing endless battles is banned\n|rule|OHKO Clause: OHKO moves are banned\n|rule|Evasion Moves Clause: Evasion moves are banned\n|rule|Evasion Items Clause: Evasion items are banned\n|rule|Species Clause: Limit one of each Pok\u00e9mon\n|rule|Sleep Clause Mod: Limit one foe put to sleep\n|rule|Mega Rayquaza Clause: You cannot mega evolve Rayquaza\n|clearpoke\n|poke|p1|Arceus-Steel|\n|poke|p1|Magearna|\n|poke|p1|Zygarde|\n|poke|p1|Yveltal|\n|poke|p1|Pheromosa|\n|poke|p1|Kangaskhan, F|\n|poke|p2|Arceus-Fairy|\n|poke|p2|Garganacl, F|\n|poke|p2|Mewtwo|\n|poke|p2|Tapu Koko|\n|poke|p2|Iron Bundle|\n|poke|p2|Ursaluna-Bloodmoon, M|\n|teampreview\n|inactive|Battle timer is ON: inactive players will automatically lose when time's up. (requested by user64332)\n|\n|t:|1699414593\n|start\n|switch|p1a: Yveltal|Yveltal, shiny|100\/100\n|switch|p2a: Tapu Koko|Tapu Koko|100\/100\n|-ability|p1a: Yveltal|Dark Aura\n|-fieldstart|move: Electric Terrain|[from] ability: Electric Surge|[of] p2a: Tapu Koko\n|turn|1\n|\n|t:|1699414600\n|move|p1a: Yveltal|U-turn|p2a: Tapu Koko\n|-resisted|p2a: Tapu Koko\n|-damage|p2a: Tapu Koko|91\/100\n|\n|t:|1699414603\n|switch|p1a: Magearna|Magearna|100\/100|[from] U-turn\n|move|p2a: Tapu Koko|U-turn|p1a: Magearna\n|-resisted|p1a: Magearna\n|-damage|p1a: Magearna|97\/100\n|\n|t:|1699414607\n|switch|p2a: Iron Bundle|Iron Bundle|100\/100|[from] U-turn\n|-activate|p2a: Iron Bundle|ability: Quark Drive\n|-start|p2a: Iron Bundle|quarkdrivespa\n|\n|-heal|p1a: Magearna|100\/100|[from] item: Leftovers\n|upkeep\n|turn|2\n|j| Area39\n|\n|t:|1699414615\n|move|p2a: Iron Bundle|Hydro Pump|p1a: Magearna\n|-damage|p1a: Magearna|6\/100\n|move|p1a: Magearna|Volt Switch|p2a: Iron Bundle\n|-supereffective|p2a: Iron Bundle\n|-damage|p2a: Iron Bundle|0 fnt\n|faint|p2a: Iron Bundle\n|-ability|p1a: Magearna|Soul-Heart|boost\n|-boost|p1a: Magearna|spa|1\n|-end|p2a: Iron Bundle|Quark Drive|[silent]\n|\n|t:|1699414621\n|switch|p1a: Yveltal|Yveltal, shiny|100\/100|[from] Volt Switch\n|-ability|p1a: Yveltal|Dark Aura\n|\n|upkeep\n|\n|t:|1699414625\n|switch|p2a: Arceus|Arceus-Fairy|100\/100\n|turn|3\n|\n|t:|1699414631\n|move|p1a: Yveltal|U-turn|p2a: Arceus\n|-resisted|p2a: Arceus\n|-damage|p2a: Arceus|94\/100\n|\n|t:|1699414635\n|switch|p1a: Arceus|Arceus-Steel|100\/100|[from] U-turn\n|move|p2a: Arceus|Calm Mind|p2a: Arceus\n|-boost|p2a: Arceus|spa|1\n|-boost|p2a: Arceus|spd|1\n|\n|upkeep\n|turn|4\n|\n|t:|1699414641\n|move|p1a: Arceus|Taunt|p2a: Arceus\n|-start|p2a: Arceus|move: Taunt\n|move|p2a: Arceus|Earth Power|p1a: Arceus\n|-supereffective|p1a: Arceus\n|-damage|p1a: Arceus|51\/100\n|\n|upkeep\n|turn|5\n|\n|t:|1699414651\n|move|p1a: Arceus|Stealth Rock|p2a: Arceus\n|-sidestart|p2: TheGirl0nFire|move: Stealth Rock\n|move|p2a: Arceus|Earth Power|p1a: Arceus\n|-supereffective|p1a: Arceus\n|-damage|p1a: Arceus|2\/100\n|\n|upkeep\n|turn|6\n|\n|t:|1699414656\n|move|p1a: Arceus|Recover|p1a: Arceus\n|-heal|p1a: Arceus|52\/100\n|move|p2a: Arceus|Earth Power|p1a: Arceus\n|-supereffective|p1a: Arceus\n|-damage|p1a: Arceus|8\/100\n|\n|-end|p2a: Arceus|move: Taunt\n|upkeep\n|turn|7\n|\n|t:|1699414663\n|move|p1a: Arceus|Judgment|p2a: Arceus\n|-supereffective|p2a: Arceus\n|-damage|p2a: Arceus|60\/100\n|move|p2a: Arceus|Calm Mind|p2a: Arceus\n|-boost|p2a: Arceus|spa|1\n|-boost|p2a: Arceus|spd|1\n|\n|upkeep\n|turn|8\n|\n|t:|1699414671\n|move|p1a: Arceus|Taunt|p2a: Arceus\n|-start|p2a: Arceus|move: Taunt\n|move|p2a: Arceus|Earth Power|p1a: Arceus\n|-supereffective|p1a: Arceus\n|-damage|p1a: Arceus|0 fnt\n|faint|p1a: Arceus\n|\n|-fieldend|move: Electric Terrain\n|upkeep\n|\n|t:|1699414679\n|switch|p1a: Kangaskhan|Kangaskhan, F, shiny|100\/100\n|turn|9\n|\n|t:|1699414696\n|switch|p2a: Garganacl|Garganacl, F|100\/100\n|-damage|p2a: Garganacl|88\/100|[from] Stealth Rock\n|detailschange|p1a: Kangaskhan|Kangaskhan-Mega, F, shiny\n|-mega|p1a: Kangaskhan|Kangaskhan|Kangaskhanite\n|move|p1a: Kangaskhan|Fake Out|p2a: Garganacl\n|-resisted|p2a: Garganacl\n|-damage|p2a: Garganacl|83\/100\n|-resisted|p2a: Garganacl\n|-damage|p2a: Garganacl|82\/100\n|-hitcount|p2a: Garganacl|2\n|\n|-heal|p2a: Garganacl|88\/100|[from] item: Leftovers\n|upkeep\n|turn|10\n|\n|t:|1699414710\n|move|p1a: Kangaskhan|Drain Punch|p2a: Garganacl\n|-supereffective|p2a: Garganacl\n|-damage|p2a: Garganacl|61\/100\n|-supereffective|p2a: Garganacl\n|-damage|p2a: Garganacl|55\/100\n|-hitcount|p2a: Garganacl|2\n|move|p2a: Garganacl|Stealth Rock|p1a: Kangaskhan\n|-sidestart|p1: user64332|move: Stealth Rock\n|\n|-heal|p2a: Garganacl|62\/100|[from] item: Leftovers\n|upkeep\n|turn|11\n|\n|t:|1699414718\n|move|p1a: Kangaskhan|Seismic Toss|p2a: Garganacl\n|-damage|p2a: Garganacl|37\/100\n|-damage|p2a: Garganacl|12\/100\n|-hitcount|p2a: Garganacl|2\n|move|p2a: Garganacl|Recover|p2a: Garganacl\n|-heal|p2a: Garganacl|62\/100\n|\n|-heal|p2a: Garganacl|68\/100|[from] item: Leftovers\n|upkeep\n|turn|12\n|\n|t:|1699414725\n|move|p1a: Kangaskhan|Seismic Toss|p2a: Garganacl\n|-damage|p2a: Garganacl|44\/100\n|-damage|p2a: Garganacl|19\/100\n|-hitcount|p2a: Garganacl|2\n|move|p2a: Garganacl|Salt Cure|p1a: Kangaskhan\n|-damage|p1a: Kangaskhan|88\/100\n|-start|p1a: Kangaskhan|Salt Cure\n|\n|-heal|p2a: Garganacl|25\/100|[from] item: Leftovers\n|-damage|p1a: Kangaskhan|76\/100|[from] Salt Cure\n|upkeep\n|turn|13\n|\n|t:|1699414730\n|switch|p1a: Pheromosa|Pheromosa|100\/100\n|move|p2a: Garganacl|Protect||[still]\n|-fail|p2a: Garganacl\n|\n|-heal|p2a: Garganacl|31\/100|[from] item: Leftovers\n|upkeep\n|turn|14\n|\n|t:|1699414738\n|move|p2a: Garganacl|Protect|p2a: Garganacl\n|-singleturn|p2a: Garganacl|Protect\n|move|p1a: Pheromosa|Rapid Spin|p2a: Garganacl\n|-activate|p2a: Garganacl|move: Protect\n|\n|-heal|p2a: Garganacl|37\/100|[from] item: Leftovers\n|upkeep\n|turn|15\n|\n|t:|1699414744\n|move|p1a: Pheromosa|Close Combat|p2a: Garganacl\n|-supereffective|p2a: Garganacl\n|-damage|p2a: Garganacl|0 fnt\n|-unboost|p1a: Pheromosa|def|1\n|-unboost|p1a: Pheromosa|spd|1\n|faint|p2a: Garganacl\n|-ability|p1a: Pheromosa|Beast Boost|boost\n|-boost|p1a: Pheromosa|spe|1\n|\n|upkeep\n|\n|t:|1699414766\n|switch|p2a: Arceus|Arceus-Fairy|60\/100\n|-damage|p2a: Arceus|48\/100|[from] Stealth Rock\n|turn|16\n|\n|t:|1699414775\n|move|p1a: Pheromosa|Rapid Spin|p2a: Arceus\n|-damage|p2a: Arceus|35\/100\n|-boost|p1a: Pheromosa|spe|1\n|-sideend|p1: user64332|Stealth Rock|[from] move: Rapid Spin|[of] p1a: Pheromosa\n|move|p2a: Arceus|Recover|p2a: Arceus\n|-heal|p2a: Arceus|85\/100\n|\n|upkeep\n|turn|17\n|\n|t:|1699414784\n|move|p1a: Pheromosa|U-turn|p2a: Arceus\n|-resisted|p2a: Arceus\n|-damage|p2a: Arceus|72\/100\n|\n|t:|1699414799\n|switch|p1a: Kangaskhan|Kangaskhan-Mega, F, shiny|76\/100|[from] U-turn\n|move|p2a: Arceus|Calm Mind|p2a: Arceus\n|-boost|p2a: Arceus|spa|1\n|-boost|p2a: Arceus|spd|1\n|\n|upkeep\n|turn|18\n|\n|t:|1699414807\n|move|p1a: Kangaskhan|Fake Out|p2a: Arceus\n|-damage|p2a: Arceus|58\/100\n|-damage|p2a: Arceus|54\/100\n|-hitcount|p2a: Arceus|2\n|cant|p2a: Arceus|flinch\n|\n|upkeep\n|turn|19\n|\n|t:|1699414814\n|move|p1a: Kangaskhan|Body Slam|p2a: Arceus\n|-damage|p2a: Arceus|27\/100\n|-damage|p2a: Arceus|20\/100\n|-hitcount|p2a: Arceus|2\n|move|p2a: Arceus|Recover|p2a: Arceus\n|-heal|p2a: Arceus|70\/100\n|\n|upkeep\n|turn|20\n|\n|t:|1699414827\n|move|p1a: Kangaskhan|Body Slam|p2a: Arceus\n|-damage|p2a: Arceus|43\/100\n|-status|p2a: Arceus|par\n|-damage|p2a: Arceus|36\/100 par\n|-hitcount|p2a: Arceus|2\n|move|p2a: Arceus|Judgment|p1a: Kangaskhan\n|-damage|p1a: Kangaskhan|12\/100\n|\n|upkeep\n|turn|21\n|\n|t:|1699414839\n|move|p1a: Kangaskhan|Body Slam|p2a: Arceus\n|-damage|p2a: Arceus|5\/100 par\n|-damage|p2a: Arceus|0 fnt\n|faint|p2a: Arceus\n|-hitcount|p2: Arceus|2\n|\n|upkeep\n|l| Area39\n|\n|t:|1699414860\n|switch|p2a: Tapu Koko|Tapu Koko|91\/100\n|-damage|p2a: Tapu Koko|78\/100|[from] Stealth Rock\n|-fieldstart|move: Electric Terrain|[from] ability: Electric Surge|[of] p2a: Tapu Koko\n|turn|22\n|\n|t:|1699414876\n|move|p2a: Tapu Koko|U-turn|p1a: Kangaskhan\n|-damage|p1a: Kangaskhan|0 fnt\n|faint|p1a: Kangaskhan\n|\n|t:|1699414879\n|switch|p2a: Mewtwo|Mewtwo|100\/100|[from] U-turn\n|-ability|p2a: Mewtwo|Unnerve\n|-damage|p2a: Mewtwo|88\/100|[from] Stealth Rock\n|\n|upkeep\n|\n|t:|1699414885\n|switch|p1a: Yveltal|Yveltal, shiny|100\/100\n|-ability|p1a: Yveltal|Dark Aura\n|turn|23\n|inactive|TheGirl0nFire has 120 seconds left.\n|\n|t:|1699414927\n|-terastallize|p2a: Mewtwo|Fairy\n|move|p1a: Yveltal|Dark Pulse|p2a: Mewtwo\n|-resisted|p2a: Mewtwo\n|-damage|p2a: Mewtwo|57\/100\n|move|p2a: Mewtwo|Tera Blast|p1a: Yveltal|[anim] Tera Blast Fairy\n|-supereffective|p1a: Yveltal\n|-damage|p1a: Yveltal|0 fnt\n|faint|p1a: Yveltal\n|-damage|p2a: Mewtwo|47\/100|[from] item: Life Orb\n|\n|upkeep\n|\n|t:|1699414947\n|switch|p1a: Zygarde|Zygarde, shiny|100\/100\n|turn|24\n|inactive|TheGirl0nFire has 120 seconds left.\n|\n|t:|1699414953\n|-terastallize|p1a: Zygarde|Steel\n|move|p2a: Mewtwo|Ice Beam|p1a: Zygarde\n|-resisted|p1a: Zygarde\n|-damage|p1a: Zygarde|86\/100\n|-damage|p2a: Mewtwo|37\/100|[from] item: Life Orb\n|move|p1a: Zygarde|Glare|p2a: Mewtwo\n|-status|p2a: Mewtwo|par\n|\n|-heal|p1a: Zygarde|92\/100|[from] item: Leftovers\n|upkeep\n|turn|25\n|inactive|TheGirl0nFire has 120 seconds left.\n|\n|t:|1699414964\n|switch|p2a: Tapu Koko|Tapu Koko|78\/100\n|-damage|p2a: Tapu Koko|66\/100|[from] Stealth Rock\n|move|p1a: Zygarde|Substitute|p1a: Zygarde\n|-start|p1a: Zygarde|Substitute\n|-damage|p1a: Zygarde|67\/100\n|\n|-heal|p1a: Zygarde|73\/100|[from] item: Leftovers\n|upkeep\n|turn|26\n|\n|t:|1699414969\n|move|p2a: Tapu Koko|Taunt|p1a: Zygarde\n|-start|p1a: Zygarde|move: Taunt\n|cant|p1a: Zygarde|move: Taunt|Coil\n|\n|-heal|p1a: Zygarde|79\/100|[from] item: Leftovers\n|upkeep\n|turn|27\n|\n|t:|1699414975\n|move|p2a: Tapu Koko|U-turn|p1a: Zygarde\n|-resisted|p1a: Zygarde\n|-activate|p1a: Zygarde|move: Substitute|[damage]\n|\n|t:|1699414980\n|switch|p2a: Ursaluna|Ursaluna-Bloodmoon, M|100\/100|[from] U-turn\n|-damage|p2a: Ursaluna|94\/100|[from] Stealth Rock\n|-enditem|p2a: Ursaluna|Electric Seed\n|-boost|p2a: Ursaluna|def|1|[from] item: Electric Seed\n|move|p1a: Zygarde|Thousand Arrows|p2a: Ursaluna\n|-damage|p2a: Ursaluna|84\/100\n|\n|-heal|p1a: Zygarde|85\/100|[from] item: Leftovers\n|upkeep\n|turn|28\n|\n|t:|1699414991\n|move|p1a: Zygarde|Thousand Arrows|p2a: Ursaluna\n|-damage|p2a: Ursaluna|73\/100\n|move|p2a: Ursaluna|Calm Mind|p2a: Ursaluna\n|-boost|p2a: Ursaluna|spa|1\n|-boost|p2a: Ursaluna|spd|1\n|\n|-heal|p1a: Zygarde|92\/100|[from] item: Leftovers\n|-end|p1a: Zygarde|move: Taunt\n|upkeep\n|turn|29\n|\n|t:|1699415000\n|move|p1a: Zygarde|Glare|p2a: Ursaluna\n|-status|p2a: Ursaluna|par\n|move|p2a: Ursaluna|Earth Power|p1a: Zygarde\n|-supereffective|p1a: Zygarde\n|-end|p1a: Zygarde|Substitute\n|\n|-heal|p1a: Zygarde|98\/100|[from] item: Leftovers\n|-fieldend|move: Electric Terrain\n|upkeep\n|turn|30\n|\n|t:|1699415006\n|switch|p1a: Magearna|Magearna|6\/100\n|move|p2a: Ursaluna|Earth Power|p1a: Magearna\n|-supereffective|p1a: Magearna\n|-damage|p1a: Magearna|0 fnt\n|faint|p1a: Magearna\n|\n|upkeep\n|\n|t:|1699415008\n|switch|p1a: Pheromosa|Pheromosa|100\/100\n|turn|31\n|\n|t:|1699415020\n|move|p1a: Pheromosa|Close Combat|p2a: Ursaluna\n|-supereffective|p2a: Ursaluna\n|-damage|p2a: Ursaluna|30\/100 par\n|-unboost|p1a: Pheromosa|def|1\n|-unboost|p1a: Pheromosa|spd|1\n|move|p2a: Ursaluna|Blood Moon|p1a: Pheromosa\n|-damage|p1a: Pheromosa|0 fnt\n|faint|p1a: Pheromosa\n|\n|upkeep\n|\n|t:|1699415025\n|switch|p1a: Zygarde|Zygarde, shiny, tera:Steel|98\/100\n|turn|32\n|\n|t:|1699415031\n|move|p1a: Zygarde|Substitute|p1a: Zygarde\n|-start|p1a: Zygarde|Substitute\n|-damage|p1a: Zygarde|73\/100\n|move|p2a: Ursaluna|Earth Power|p1a: Zygarde\n|-supereffective|p1a: Zygarde\n|-end|p1a: Zygarde|Substitute\n|\n|-heal|p1a: Zygarde|79\/100|[from] item: Leftovers\n|upkeep\n|turn|33\n|\n|t:|1699415036\n|move|p1a: Zygarde|Substitute|p1a: Zygarde\n|-start|p1a: Zygarde|Substitute\n|-damage|p1a: Zygarde|54\/100\n|move|p2a: Ursaluna|Earth Power|p1a: Zygarde\n|-supereffective|p1a: Zygarde\n|-end|p1a: Zygarde|Substitute\n|\n|-heal|p1a: Zygarde|60\/100|[from] item: Leftovers\n|upkeep\n|turn|34\n|\n|t:|1699415043\n|move|p1a: Zygarde|Substitute|p1a: Zygarde\n|-start|p1a: Zygarde|Substitute\n|-damage|p1a: Zygarde|35\/100\n|move|p2a: Ursaluna|Earth Power|p1a: Zygarde\n|-supereffective|p1a: Zygarde\n|-end|p1a: Zygarde|Substitute\n|\n|-heal|p1a: Zygarde|41\/100|[from] item: Leftovers\n|-activate|p1a: Zygarde|ability: Power Construct\n|detailschange|p1a: Zygarde|Zygarde-Complete, shiny, tera:Steel\n|-heal|p1a: Zygarde|62\/100|[silent]\n|upkeep\n|turn|35\n|\n|t:|1699415060\n|move|p1a: Zygarde|Coil|p1a: Zygarde\n|-boost|p1a: Zygarde|atk|1\n|-boost|p1a: Zygarde|def|1\n|-boost|p1a: Zygarde|accuracy|1\n|move|p2a: Ursaluna|Earth Power|p1a: Zygarde\n|-supereffective|p1a: Zygarde\n|-damage|p1a: Zygarde|9\/100\n|-unboost|p1a: Zygarde|spd|1\n|\n|-heal|p1a: Zygarde|15\/100|[from] item: Leftovers\n|upkeep\n|turn|36\n|\n|t:|1699415065\n|move|p1a: Zygarde|Thousand Arrows|p2a: Ursaluna\n|-damage|p2a: Ursaluna|14\/100 par\n|cant|p2a: Ursaluna|par\n|\n|-heal|p1a: Zygarde|21\/100|[from] item: Leftovers\n|upkeep\n|turn|37\n|\n|t:|1699415075\n|move|p1a: Zygarde|Thousand Arrows|p2a: Ursaluna\n|-damage|p2a: Ursaluna|0 fnt\n|faint|p2a: Ursaluna\n|\n|-heal|p1a: Zygarde|27\/100|[from] item: Leftovers\n|upkeep\n|\n|t:|1699415085\n|switch|p2a: Mewtwo|Mewtwo, tera:Fairy|37\/100 par\n|-ability|p2a: Mewtwo|Unnerve\n|-damage|p2a: Mewtwo|24\/100 par|[from] Stealth Rock\n|turn|38\n|\n|t:|1699415100\n|move|p1a: Zygarde|Thousand Arrows|p2a: Mewtwo\n|-damage|p2a: Mewtwo|0 fnt\n|faint|p2a: Mewtwo\n|\n|-heal|p1a: Zygarde|33\/100|[from] item: Leftovers\n|upkeep\n|-message|TheGirl0nFire forfeited.\n|\n|win|user64332\n|raw|user64332's rating: 1391 &rarr; <strong>1421<\/strong><br \/>(+30 for winning)\n|raw|TheGirl0nFire's rating: 1587 &rarr; <strong>1557<\/strong><br \/>(-30 for losing)\n|l|\u2606TheGirl0nFire\n","uploadtime":1699415123,"views":5,"p1id":"user64332","p2id":"thegirl0nfire","formatid":"gen9nationaldexubers","rating":1421,"private":0,"password":""}