{"id":"gen9nationaldexubers-1999271223","p1":"Troglodyte87","p2":"Scoto13","format":"[Gen 9] National Dex Ubers","log":"|j|\u2606Troglodyte87\n|j|\u2606Scoto13\n|t:|1701053312\n|gametype|singles\n|player|p1|Troglodyte87|brycenman|1245\n|player|p2|Scoto13|lucas-gen4pt|1250\n|teamsize|p1|6\n|teamsize|p2|6\n|gen|9\n|tier|[Gen 9] National Dex Ubers\n|rated|\n|rule|HP Percentage Mod: HP is shown in percentages\n|rule|Endless Battle Clause: Forcing endless battles is banned\n|rule|OHKO Clause: OHKO moves are banned\n|rule|Evasion Moves Clause: Evasion moves are banned\n|rule|Evasion Items Clause: Evasion items are banned\n|rule|Species Clause: Limit one of each Pok\u00e9mon\n|rule|Sleep Clause Mod: Limit one foe put to sleep\n|rule|Mega Rayquaza Clause: You cannot mega evolve Rayquaza\n|clearpoke\n|poke|p1|Dracovish|\n|poke|p1|Necrozma-Dusk-Mane|\n|poke|p1|Ursaluna, M|\n|poke|p1|Magearna-Original|\n|poke|p1|Banette, M|\n|poke|p1|Iron Hands|\n|poke|p2|Typhlosion-Hisui, M|\n|poke|p2|Ursaluna, M|\n|poke|p2|Rotom-Wash|\n|poke|p2|Krookodile, M|\n|poke|p2|Slowking-Galar, M|\n|poke|p2|Dragonite, F|\n|teampreview\n|inactive|Battle timer is ON: inactive players will automatically lose when time's up. (requested by Scoto13)\n|\n|t:|1701053340\n|start\n|switch|p1a: Evil|Magearna-Original|100\/100\n|switch|p2a: Krookodile|Krookodile, M|100\/100\n|-ability|p2a: Krookodile|Intimidate|boost\n|-unboost|p1a: Evil|atk|1\n|turn|1\n|\n|t:|1701053354\n|move|p2a: Krookodile|Stealth Rock|p1a: Evil\n|-sidestart|p1: Troglodyte87|move: Stealth Rock\n|move|p1a: Evil|Trick Room|p1a: Evil\n|-fieldstart|move: Trick Room|[of] p1a: Evil\n|\n|upkeep\n|turn|2\n|\n|t:|1701053365\n|move|p1a: Evil|Spikes|p2a: Krookodile\n|-sidestart|p2: Scoto13|Spikes\n|move|p2a: Krookodile|Earthquake|p1a: Evil\n|-supereffective|p1a: Evil\n|-damage|p1a: Evil|39\/100\n|\n|-heal|p1a: Evil|45\/100|[from] item: Leftovers\n|upkeep\n|turn|3\n|\n|t:|1701053371\n|move|p1a: Evil|Fleur Cannon|p2a: Krookodile\n|-supereffective|p2a: Krookodile\n|-damage|p2a: Krookodile|0 fnt\n|-unboost|p1a: Evil|spa|2\n|faint|p2a: Krookodile\n|-ability|p1a: Evil|Soul-Heart|boost\n|-boost|p1a: Evil|spa|1\n|\n|-heal|p1a: Evil|51\/100|[from] item: Leftovers\n|upkeep\n|\n|t:|1701053379\n|switch|p2a: Slowking|Slowking-Galar, M|100\/100\n|-damage|p2a: Slowking|88\/100|[from] Spikes\n|turn|4\n|\n|t:|1701053383\n|move|p2a: Slowking|Flamethrower|p1a: Evil\n|-supereffective|p1a: Evil\n|-damage|p1a: Evil|9\/100\n|move|p1a: Evil|Spikes|p2a: Slowking\n|-sidestart|p2: Scoto13|Spikes\n|\n|-heal|p1a: Evil|15\/100|[from] item: Leftovers\n|upkeep\n|turn|5\n|\n|t:|1701053390\n|switch|p1a: Mr. Fish|Dracovish|100\/100\n|-damage|p1a: Mr. Fish|88\/100|[from] Stealth Rock\n|move|p2a: Slowking|Flamethrower|p1a: Mr. Fish\n|-resisted|p1a: Mr. Fish\n|-damage|p1a: Mr. Fish|81\/100\n|\n|-fieldend|move: Trick Room\n|upkeep\n|turn|6\n|\n|t:|1701053405\n|switch|p2a: Rotom|Rotom-Wash|100\/100\n|-terastallize|p1a: Mr. Fish|Water\n|move|p1a: Mr. Fish|Fishious Rend|p2a: Rotom\n|-resisted|p2a: Rotom\n|-damage|p2a: Rotom|11\/100\n|\n|-heal|p2a: Rotom|17\/100|[from] item: Leftovers\n|upkeep\n|turn|7\n|\n|t:|1701053421\n|switch|p1a: Evil|Magearna-Original|15\/100\n|-damage|p1a: Evil|9\/100|[from] Stealth Rock\n|move|p2a: Rotom|Will-O-Wisp|p1a: Evil\n|-status|p1a: Evil|brn\n|\n|-heal|p2a: Rotom|24\/100|[from] item: Leftovers\n|-heal|p1a: Evil|15\/100 brn|[from] item: Leftovers\n|-damage|p1a: Evil|9\/100 brn|[from] brn\n|upkeep\n|turn|8\n|\n|t:|1701053427\n|move|p2a: Rotom|Volt Switch|p1a: Evil\n|-damage|p1a: Evil|0 fnt\n|faint|p1a: Evil\n|\n|t:|1701053441\n|switch|p2a: Dragonite|Dragonite, F|100\/100|[from] Volt Switch\n|\n|upkeep\n|\n|t:|1701053445\n|switch|p1a: Necrozma|Necrozma-Dusk-Mane|100\/100\n|-damage|p1a: Necrozma|94\/100|[from] Stealth Rock\n|turn|9\n|\n|t:|1701053450\n|move|p2a: Dragonite|Dragon Dance|p2a: Dragonite\n|-boost|p2a: Dragonite|atk|1\n|-boost|p2a: Dragonite|spe|1\n|move|p1a: Necrozma|Trick Room|p1a: Necrozma\n|-fieldstart|move: Trick Room|[of] p1a: Necrozma\n|\n|-heal|p1a: Necrozma|100\/100|[from] item: Leftovers\n|upkeep\n|turn|10\n|\n|t:|1701053458\n|move|p1a: Necrozma|Sunsteel Strike|p2a: Dragonite\n|-damage|p2a: Dragonite|42\/100\n|move|p2a: Dragonite|Earthquake|p1a: Necrozma\n|-supereffective|p1a: Necrozma\n|-damage|p1a: Necrozma|54\/100\n|\n|-heal|p1a: Necrozma|60\/100|[from] item: Leftovers\n|upkeep\n|turn|11\n|\n|t:|1701053466\n|switch|p2a: Rotom|Rotom-Wash|24\/100\n|move|p1a: Necrozma|Sunsteel Strike|p2a: Rotom\n|-resisted|p2a: Rotom\n|-damage|p2a: Rotom|13\/100\n|\n|-heal|p1a: Necrozma|66\/100|[from] item: Leftovers\n|-heal|p2a: Rotom|20\/100|[from] item: Leftovers\n|upkeep\n|turn|12\n|\n|t:|1701053474\n|switch|p1a: Bear|Ursaluna, M, shiny|100\/100\n|-damage|p1a: Bear|94\/100|[from] Stealth Rock\n|move|p2a: Rotom|Volt Switch|p1a: Bear\n|-immune|p1a: Bear\n|\n|-heal|p2a: Rotom|26\/100|[from] item: Leftovers\n|-status|p1a: Bear|brn|[from] item: Flame Orb\n|upkeep\n|turn|13\n|\n|t:|1701053482\n|move|p1a: Bear|Facade|p2a: Rotom\n|-damage|p2a: Rotom|0 fnt\n|faint|p2a: Rotom\n|\n|-damage|p1a: Bear|88\/100 brn|[from] brn\n|-fieldend|move: Trick Room\n|upkeep\n|\n|t:|1701053489\n|switch|p2a: Ursaluna|Ursaluna, M|100\/100\n|-damage|p2a: Ursaluna|84\/100|[from] Spikes\n|turn|14\n|\n|t:|1701053494\n|move|p2a: Ursaluna|Earthquake|p1a: Bear\n|-damage|p1a: Bear|50\/100 brn\n|move|p1a: Bear|Facade|p2a: Ursaluna\n|-damage|p2a: Ursaluna|0 fnt\n|faint|p2a: Ursaluna\n|\n|-damage|p1a: Bear|43\/100 brn|[from] brn\n|upkeep\n|\n|t:|1701053501\n|switch|p2a: Dragonite|Dragonite, F|42\/100\n|turn|15\n|\n|t:|1701053505\n|move|p2a: Dragonite|Dragon Claw|p1a: Bear\n|-damage|p1a: Bear|10\/100 brn\n|move|p1a: Bear|Facade|p2a: Dragonite\n|-damage|p2a: Dragonite|0 fnt\n|faint|p2a: Dragonite\n|\n|-damage|p1a: Bear|4\/100 brn|[from] brn\n|upkeep\n|\n|t:|1701053512\n|switch|p2a: Typhlosion|Typhlosion-Hisui, M|100\/100\n|-damage|p2a: Typhlosion|84\/100|[from] Spikes\n|turn|16\n|\n|t:|1701053517\n|-terastallize|p2a: Typhlosion|Fire\n|move|p2a: Typhlosion|Burn Up|p1a: Bear\n|-crit|p1a: Bear\n|-damage|p1a: Bear|0 fnt\n|-start|p2a: Typhlosion|typechange|Fire|[from] move: Burn Up\n|faint|p1a: Bear\n|\n|upkeep\n|\n|t:|1701053529\n|switch|p1a: Necrozma|Necrozma-Dusk-Mane|66\/100\n|-damage|p1a: Necrozma|60\/100|[from] Stealth Rock\n|turn|17\n|\n|t:|1701053553\n|switch|p1a: Mr. Fish|Dracovish, tera:Water|81\/100\n|-damage|p1a: Mr. Fish|69\/100|[from] Stealth Rock\n|move|p2a: Typhlosion|Burn Up|p1a: Mr. Fish\n|-resisted|p1a: Mr. Fish\n|-damage|p1a: Mr. Fish|21\/100\n|-start|p2a: Typhlosion|typechange|Fire|[from] move: Burn Up\n|\n|upkeep\n|turn|18\n|inactive|Troglodyte87 has 120 seconds left.\n|\n|t:|1701053581\n|switch|p1a: Iron Hands|Iron Hands|100\/100\n|-damage|p1a: Iron Hands|94\/100|[from] Stealth Rock\n|-enditem|p1a: Iron Hands|Booster Energy\n|-activate|p1a: Iron Hands|ability: Quark Drive|[fromitem]\n|-start|p1a: Iron Hands|quarkdriveatk\n|move|p2a: Typhlosion|Burn Up|p1a: Iron Hands\n|-damage|p1a: Iron Hands|18\/100\n|-start|p2a: Typhlosion|typechange|Fire|[from] move: Burn Up\n|\n|upkeep\n|turn|19\n|\n|t:|1701053591\n|move|p2a: Typhlosion|Burn Up|p1a: Iron Hands\n|-damage|p1a: Iron Hands|0 fnt\n|-start|p2a: Typhlosion|typechange|Fire|[from] move: Burn Up\n|faint|p1a: Iron Hands\n|-end|p1a: Iron Hands|Quark Drive|[silent]\n|\n|upkeep\n|\n|t:|1701053594\n|switch|p1a: The Diddler|Banette, M|100\/100\n|-damage|p1a: The Diddler|88\/100|[from] Stealth Rock\n|turn|20\n|\n|t:|1701053598\n|detailschange|p1a: The Diddler|Banette-Mega, M\n|-mega|p1a: The Diddler|Banette|Banettite\n|move|p1a: The Diddler|Sucker Punch|p2a: Typhlosion\n|-damage|p2a: Typhlosion|41\/100\n|move|p2a: Typhlosion|Burn Up|p1a: The Diddler\n|-damage|p1a: The Diddler|0 fnt\n|-start|p2a: Typhlosion|typechange|Fire|[from] move: Burn Up\n|faint|p1a: The Diddler\n|\n|upkeep\n|\n|t:|1701053603\n|switch|p1a: Necrozma|Necrozma-Dusk-Mane|60\/100\n|-damage|p1a: Necrozma|54\/100|[from] Stealth Rock\n|turn|21\n|\n|t:|1701053608\n|move|p2a: Typhlosion|Burn Up|p1a: Necrozma\n|-supereffective|p1a: Necrozma\n|-damage|p1a: Necrozma|0 fnt\n|-start|p2a: Typhlosion|typechange|Fire|[from] move: Burn Up\n|faint|p1a: Necrozma\n|\n|upkeep\n|\n|t:|1701053610\n|switch|p1a: Mr. Fish|Dracovish, tera:Water|21\/100\n|-damage|p1a: Mr. Fish|8\/100|[from] Stealth Rock\n|turn|22\n|\n|t:|1701053612\n|move|p2a: Typhlosion|Burn Up|p1a: Mr. Fish\n|-resisted|p1a: Mr. Fish\n|-damage|p1a: Mr. Fish|0 fnt\n|-start|p2a: Typhlosion|typechange|Fire|[from] move: Burn Up\n|faint|p1a: Mr. Fish\n|\n|win|Scoto13\n|raw|Troglodyte87's rating: 1245 &rarr; <strong>1220<\/strong><br \/>(-25 for losing)\n|raw|Scoto13's rating: 1250 &rarr; <strong>1275<\/strong><br \/>(+25 for winning)\n|l|\u2606Troglodyte87\n","uploadtime":1701053621,"views":4,"p1id":"troglodyte87","p2id":"scoto13","formatid":"gen9nationaldexubers","rating":1220,"private":0,"password":""}