{"id":"gen9nationaldexubers-1985767612","p1":"Guj Genera","p2":"Pex Hater","format":"[Gen 9] National Dex Ubers","log":"|j|\u2606Guj Genera\n|j|\u2606Pex Hater\n|t:|1699404072\n|gametype|singles\n|player|p1|Guj Genera|red|\n|player|p2|Pex Hater|cheryl|\n|teamsize|p1|6\n|teamsize|p2|6\n|gen|9\n|tier|[Gen 9] National Dex Ubers\n|rule|HP Percentage Mod: HP is shown in percentages\n|rule|Endless Battle Clause: Forcing endless battles is banned\n|rule|OHKO Clause: OHKO moves are banned\n|rule|Evasion Moves Clause: Evasion moves are banned\n|rule|Evasion Items Clause: Evasion items are banned\n|rule|Species Clause: Limit one of each Pok\u00e9mon\n|rule|Sleep Clause Mod: Limit one foe put to sleep\n|rule|Mega Rayquaza Clause: You cannot mega evolve Rayquaza\n|clearpoke\n|poke|p1|Zeraora|\n|poke|p1|Cinderace, M|\n|poke|p1|Landorus-Therian, M|\n|poke|p1|Inteleon, M|\n|poke|p1|Kartana|\n|poke|p1|Diancie|\n|poke|p2|Venusaur, M|\n|poke|p2|Gengar, M|\n|poke|p2|Slowking-Galar, M|\n|poke|p2|Toxapex, M|\n|poke|p2|Overqwil, M|\n|poke|p2|Weezing-Galar, M|\n|teampreview\n|inactive|Battle timer is ON: inactive players will automatically lose when time's up. (requested by Guj Genera)\n|c|\u2606Guj Genera|glhf\n|inactive|Pex Hater has 270 seconds left.\n|c|\u2606Pex Hater|u2\n|\n|t:|1699404120\n|start\n|switch|p1a: Diancie|Diancie, shiny|100\/100\n|switch|p2a: Ebony Stem|Venusaur, M|100\/100\n|turn|1\n|\n|t:|1699404128\n|detailschange|p1a: Diancie|Diancie-Mega, shiny\n|-mega|p1a: Diancie|Diancie|Diancite\n|detailschange|p2a: Ebony Stem|Venusaur-Mega, M\n|-mega|p2a: Ebony Stem|Venusaur|Venusaurite\n|move|p1a: Diancie|Earth Power|p2a: Ebony Stem\n|-damage|p2a: Ebony Stem|71\/100\n|move|p2a: Ebony Stem|Giga Drain|p1a: Diancie\n|-supereffective|p1a: Diancie\n|-damage|p1a: Diancie|23\/100\n|-heal|p2a: Ebony Stem|96\/100|[from] drain|[of] p1a: Diancie\n|\n|upkeep\n|turn|2\n|\n|t:|1699404138\n|switch|p1a: Kartana|Kartana, shiny|100\/100\n|move|p2a: Ebony Stem|Giga Drain|p1a: Kartana\n|-resisted|p1a: Kartana\n|-damage|p1a: Kartana|77\/100\n|-heal|p2a: Ebony Stem|100\/100|[from] drain|[of] p1a: Kartana\n|\n|upkeep\n|turn|3\n|\n|t:|1699404142\n|move|p1a: Kartana|Knock Off|p2a: Ebony Stem\n|-damage|p2a: Ebony Stem|82\/100\n|move|p2a: Ebony Stem|Synthesis|p2a: Ebony Stem\n|-heal|p2a: Ebony Stem|100\/100\n|\n|upkeep\n|turn|4\n|\n|t:|1699404148\n|switch|p1a: Landorus|Landorus-Therian, M, shiny|100\/100\n|-ability|p1a: Landorus|Intimidate|boost\n|-unboost|p2a: Ebony Stem|atk|1\n|move|p2a: Ebony Stem|Giga Drain|p1a: Landorus\n|-damage|p1a: Landorus|67\/100\n|\n|upkeep\n|turn|5\n|\n|t:|1699404156\n|switch|p2a: Sunshower|Weezing-Galar, M|100\/100\n|move|p1a: Landorus|Stealth Rock|p2a: Sunshower\n|-sidestart|p2: Pex Hater|move: Stealth Rock\n|\n|upkeep\n|turn|6\n|\n|t:|1699404161\n|move|p1a: Landorus|U-turn|p2a: Sunshower\n|-resisted|p2a: Sunshower\n|-damage|p2a: Sunshower|97\/100\n|\n|t:|1699404163\n|switch|p1a: Diancie|Diancie-Mega, shiny|23\/100|[from] U-turn\n|move|p2a: Sunshower|Defog|p1a: Diancie\n|move|p1a: Diancie|Defog|p2a: Sunshower|[from]ability: Magic Bounce\n|-unboost|p2a: Sunshower|evasion|1\n|-sideend|p2: Pex Hater|Stealth Rock|[from] move: Defog|[of] p1a: Diancie\n|\n|-heal|p2a: Sunshower|100\/100|[from] item: Black Sludge\n|upkeep\n|turn|7\n|\n|t:|1699404170\n|switch|p1a: Landorus|Landorus-Therian, M, shiny|67\/100\n|-ability|p1a: Landorus|Intimidate|boost\n|-unboost|p2a: Sunshower|atk|1\n|switch|p2a: Ebony Stem|Venusaur-Mega, M|100\/100\n|\n|upkeep\n|turn|8\n|\n|t:|1699404174\n|switch|p2a: Sunshower|Weezing-Galar, M|100\/100\n|move|p1a: Landorus|Stealth Rock|p2a: Sunshower\n|-sidestart|p2: Pex Hater|move: Stealth Rock\n|\n|upkeep\n|turn|9\n|\n|t:|1699404177\n|switch|p1a: Diancie|Diancie-Mega, shiny|23\/100\n|move|p2a: Sunshower|Defog|p1a: Diancie\n|move|p1a: Diancie|Defog|p2a: Sunshower|[from]ability: Magic Bounce\n|-unboost|p2a: Sunshower|evasion|1\n|-sideend|p2: Pex Hater|Stealth Rock|[from] move: Defog|[of] p1a: Diancie\n|\n|upkeep\n|turn|10\n|\n|t:|1699404180\n|move|p1a: Diancie|Diamond Storm|p2a: Sunshower\n|-damage|p2a: Sunshower|65\/100\n|move|p2a: Sunshower|Strange Steam|p1a: Diancie\n|-damage|p1a: Diancie|0 fnt\n|faint|p1a: Diancie\n|\n|-heal|p2a: Sunshower|71\/100|[from] item: Black Sludge\n|upkeep\n|\n|t:|1699404186\n|switch|p1a: Cinderace|Cinderace, M, shiny|100\/100\n|turn|11\n|\n|t:|1699404188\n|switch|p2a: Fluid Sac|Toxapex, M|100\/100\n|move|p1a: Cinderace|Double-Edge|p2a: Fluid Sac\n|-start|p1a: Cinderace|typechange|Normal|[from] ability: Libero\n|-damage|p2a: Fluid Sac|53\/100\n|-damage|p1a: Cinderace|85\/100|[from] Recoil\n|\n|upkeep\n|turn|12\n|\n|t:|1699404190\n|switch|p2a: Hex Nail|Gengar, M|100\/100\n|move|p1a: Cinderace|Double-Edge|p2a: Hex Nail\n|-immune|p2a: Hex Nail\n|\n|upkeep\n|turn|13\n|\n|t:|1699404201\n|switch|p1a: Inteleon|Inteleon, M, shiny|100\/100\n|move|p2a: Hex Nail|Substitute|p2a: Hex Nail\n|-start|p2a: Hex Nail|Substitute\n|-damage|p2a: Hex Nail|76\/100\n|\n|upkeep\n|turn|14\n|\n|t:|1699404211\n|move|p1a: Inteleon|Dark Pulse|p2a: Hex Nail\n|-supereffective|p2a: Hex Nail\n|-end|p2a: Hex Nail|Substitute\n|move|p2a: Hex Nail|Shadow Ball|p1a: Inteleon\n|-damage|p1a: Inteleon|28\/100\n|-unboost|p1a: Inteleon|spd|1\n|\n|upkeep\n|turn|15\n|\n|t:|1699404217\n|switch|p2a: Roseate Desire|Overqwil, M|100\/100\n|-ability|p2a: Roseate Desire|Intimidate|boost\n|-unboost|p1a: Inteleon|atk|1\n|move|p1a: Inteleon|Dark Pulse|p2a: Roseate Desire\n|-resisted|p2a: Roseate Desire\n|-damage|p2a: Roseate Desire|73\/100\n|\n|-heal|p2a: Roseate Desire|80\/100|[from] item: Black Sludge\n|upkeep\n|turn|16\n|\n|t:|1699404226\n|switch|p1a: Landorus|Landorus-Therian, M, shiny|67\/100\n|-ability|p1a: Landorus|Intimidate|boost\n|-unboost|p2a: Roseate Desire|atk|1\n|move|p2a: Roseate Desire|Barb Barrage|p1a: Landorus\n|-resisted|p1a: Landorus\n|-damage|p1a: Landorus|61\/100\n|\n|-heal|p2a: Roseate Desire|86\/100|[from] item: Black Sludge\n|upkeep\n|turn|17\n|\n|t:|1699404231\n|switch|p2a: Sunshower|Weezing-Galar, M|71\/100\n|move|p1a: Landorus|U-turn|p2a: Sunshower\n|-resisted|p2a: Sunshower\n|-damage|p2a: Sunshower|68\/100\n|\n|t:|1699404235\n|switch|p1a: Cinderace|Cinderace, M, shiny|85\/100|[from] U-turn\n|\n|-heal|p2a: Sunshower|74\/100|[from] item: Black Sludge\n|upkeep\n|turn|18\n|\n|t:|1699404240\n|switch|p2a: Fluid Sac|Toxapex, M|86\/100\n|move|p1a: Cinderace|Pyro Ball|p2a: Fluid Sac\n|-resisted|p2a: Fluid Sac\n|-damage|p2a: Fluid Sac|58\/100\n|\n|upkeep\n|turn|19\n|\n|t:|1699404246\n|switch|p1a: Zeraora|Zeraora, shiny|100\/100\n|move|p2a: Fluid Sac|Recover|p2a: Fluid Sac\n|-heal|p2a: Fluid Sac|100\/100\n|\n|upkeep\n|turn|20\n|\n|t:|1699404249\n|switch|p2a: Ebony Stem|Venusaur-Mega, M|100\/100\n|move|p1a: Zeraora|Plasma Fists|p2a: Ebony Stem\n|-resisted|p2a: Ebony Stem\n|-damage|p2a: Ebony Stem|85\/100\n|-fieldactivate|move: Ion Deluge\n|-hint|Normal-type moves become Electric-type after using Plasma Fists.\n|\n|upkeep\n|turn|21\n|\n|t:|1699404253\n|switch|p1a: Kartana|Kartana, shiny|77\/100\n|move|p2a: Ebony Stem|Giga Drain|p1a: Kartana\n|-resisted|p1a: Kartana\n|-damage|p1a: Kartana|51\/100\n|-heal|p2a: Ebony Stem|94\/100|[from] drain|[of] p1a: Kartana\n|\n|upkeep\n|turn|22\n|\n|t:|1699404259\n|switch|p2a: Roseate Desire|Overqwil, M|86\/100\n|-ability|p2a: Roseate Desire|Intimidate|boost\n|-unboost|p1a: Kartana|atk|1\n|move|p1a: Kartana|Sacred Sword|p2a: Roseate Desire\n|-damage|p2a: Roseate Desire|65\/100\n|\n|-heal|p2a: Roseate Desire|71\/100|[from] item: Black Sludge\n|upkeep\n|turn|23\n|\n|t:|1699404268\n|move|p1a: Kartana|Sacred Sword|p2a: Roseate Desire\n|-damage|p2a: Roseate Desire|51\/100\n|move|p2a: Roseate Desire|Spikes|p1a: Kartana\n|-sidestart|p1: Guj Genera|Spikes\n|\n|-heal|p2a: Roseate Desire|57\/100|[from] item: Black Sludge\n|upkeep\n|turn|24\n|\n|t:|1699404273\n|move|p1a: Kartana|Sacred Sword|p2a: Roseate Desire\n|-damage|p2a: Roseate Desire|38\/100\n|move|p2a: Roseate Desire|Spikes|p1a: Kartana\n|-sidestart|p1: Guj Genera|Spikes\n|\n|-heal|p2a: Roseate Desire|44\/100|[from] item: Black Sludge\n|upkeep\n|turn|25\n|\n|t:|1699404275\n|switch|p2a: Hex Nail|Gengar, M|76\/100\n|move|p1a: Kartana|Sacred Sword|p2a: Hex Nail\n|-immune|p2a: Hex Nail\n|\n|upkeep\n|turn|26\n|\n|t:|1699404280\n|switch|p1a: Landorus|Landorus-Therian, M, shiny|61\/100\n|-ability|p1a: Landorus|Intimidate|boost\n|-unboost|p2a: Hex Nail|atk|1\n|move|p2a: Hex Nail|Shadow Ball|p1a: Landorus\n|-damage|p1a: Landorus|14\/100\n|\n|upkeep\n|turn|27\n|\n|t:|1699404283\n|move|p2a: Hex Nail|Shadow Ball|p1a: Landorus\n|-damage|p1a: Landorus|0 fnt\n|faint|p1a: Landorus\n|\n|upkeep\n|\n|t:|1699404291\n|switch|p1a: Inteleon|Inteleon, M, shiny|28\/100\n|-damage|p1a: Inteleon|11\/100|[from] Spikes\n|turn|28\n|\n|t:|1699404297\n|switch|p2a: Impending Day|Slowking-Galar, M|100\/100\n|move|p1a: Inteleon|Snipe Shot|p2a: Impending Day\n|-damage|p2a: Impending Day|76\/100\n|\n|upkeep\n|turn|29\n|\n|t:|1699404303\n|move|p1a: Inteleon|Snipe Shot|p2a: Impending Day\n|-damage|p2a: Impending Day|48\/100\n|move|p2a: Impending Day|Sludge Bomb|p1a: Inteleon\n|-damage|p1a: Inteleon|0 fnt\n|faint|p1a: Inteleon\n|\n|upkeep\n|\n|t:|1699404317\n|switch|p1a: Cinderace|Cinderace, M, shiny|85\/100\n|-damage|p1a: Cinderace|68\/100|[from] Spikes\n|turn|30\n|\n|t:|1699404321\n|switch|p2a: Fluid Sac|Toxapex, M|100\/100\n|move|p1a: Cinderace|Double-Edge|p2a: Fluid Sac\n|-start|p1a: Cinderace|typechange|Normal|[from] ability: Libero\n|-damage|p2a: Fluid Sac|52\/100\n|-damage|p1a: Cinderace|52\/100|[from] Recoil\n|\n|upkeep\n|turn|31\n|\n|t:|1699404325\n|switch|p1a: Kartana|Kartana, shiny|51\/100\n|-damage|p1a: Kartana|35\/100|[from] Spikes\n|switch|p2a: Hex Nail|Gengar, M|76\/100\n|\n|upkeep\n|turn|32\n|\n|t:|1699404329\n|switch|p2a: Roseate Desire|Overqwil, M|44\/100\n|-ability|p2a: Roseate Desire|Intimidate|boost\n|-unboost|p1a: Kartana|atk|1\n|move|p1a: Kartana|Knock Off|p2a: Roseate Desire\n|-resisted|p2a: Roseate Desire\n|-damage|p2a: Roseate Desire|33\/100\n|-enditem|p2a: Roseate Desire|Black Sludge|[from] move: Knock Off|[of] p1a: Kartana\n|\n|upkeep\n|turn|33\n|\n|t:|1699404333\n|move|p1a: Kartana|Knock Off|p2a: Roseate Desire\n|-resisted|p2a: Roseate Desire\n|-damage|p2a: Roseate Desire|26\/100\n|move|p2a: Roseate Desire|Crunch|p1a: Kartana\n|-damage|p1a: Kartana|1\/100\n|\n|upkeep\n|turn|34\n|\n|t:|1699404336\n|move|p1a: Kartana|Knock Off|p2a: Roseate Desire\n|-resisted|p2a: Roseate Desire\n|-damage|p2a: Roseate Desire|18\/100\n|move|p2a: Roseate Desire|Crunch|p1a: Kartana\n|-damage|p1a: Kartana|0 fnt\n|faint|p1a: Kartana\n|\n|upkeep\n|\n|t:|1699404339\n|switch|p1a: Zeraora|Zeraora, shiny|100\/100\n|-damage|p1a: Zeraora|84\/100|[from] Spikes\n|turn|35\n|\n|t:|1699404359\n|switch|p2a: Ebony Stem|Venusaur-Mega, M|94\/100\n|move|p1a: Zeraora|Plasma Fists|p2a: Ebony Stem\n|-resisted|p2a: Ebony Stem\n|-damage|p2a: Ebony Stem|80\/100\n|-fieldactivate|move: Ion Deluge\n|-hint|Normal-type moves become Electric-type after using Plasma Fists.\n|\n|upkeep\n|turn|36\n|\n|t:|1699404366\n|move|p1a: Zeraora|Plasma Fists|p2a: Ebony Stem\n|-resisted|p2a: Ebony Stem\n|-damage|p2a: Ebony Stem|66\/100\n|-fieldactivate|move: Ion Deluge\n|-hint|Normal-type moves become Electric-type after using Plasma Fists.\n|move|p2a: Ebony Stem|Sludge Bomb|p1a: Zeraora\n|-damage|p1a: Zeraora|36\/100\n|\n|upkeep\n|turn|37\n|\n|t:|1699404368\n|move|p1a: Zeraora|Plasma Fists|p2a: Ebony Stem\n|-resisted|p2a: Ebony Stem\n|-damage|p2a: Ebony Stem|51\/100\n|-fieldactivate|move: Ion Deluge\n|-hint|Normal-type moves become Electric-type after using Plasma Fists.\n|move|p2a: Ebony Stem|Synthesis|p2a: Ebony Stem\n|-heal|p2a: Ebony Stem|100\/100\n|\n|upkeep\n|turn|38\n|\n|t:|1699404370\n|move|p1a: Zeraora|Plasma Fists|p2a: Ebony Stem\n|-resisted|p2a: Ebony Stem\n|-damage|p2a: Ebony Stem|85\/100\n|-fieldactivate|move: Ion Deluge\n|-hint|Normal-type moves become Electric-type after using Plasma Fists.\n|move|p2a: Ebony Stem|Sludge Bomb|p1a: Zeraora\n|-damage|p1a: Zeraora|0 fnt\n|faint|p1a: Zeraora\n|\n|upkeep\n|\n|t:|1699404373\n|switch|p1a: Cinderace|Cinderace, M, shiny|52\/100\n|-damage|p1a: Cinderace|35\/100|[from] Spikes\n|turn|39\n|\n|t:|1699404377\n|move|p1a: Cinderace|Gunk Shot|p2a: Ebony Stem\n|-start|p1a: Cinderace|typechange|Poison|[from] ability: Libero\n|-damage|p2a: Ebony Stem|33\/100\n|move|p2a: Ebony Stem|Sludge Bomb|p1a: Cinderace\n|-resisted|p1a: Cinderace\n|-damage|p1a: Cinderace|8\/100\n|\n|upkeep\n|turn|40\n|\n|t:|1699404384\n|switch|p2a: Fluid Sac|Toxapex, M|85\/100\n|move|p1a: Cinderace|Gunk Shot|p2a: Fluid Sac\n|-resisted|p2a: Fluid Sac\n|-damage|p2a: Fluid Sac|58\/100\n|\n|upkeep\n|turn|41\n|\n|t:|1699404388\n|move|p1a: Cinderace|Gunk Shot|p2a: Fluid Sac|[miss]\n|-miss|p1a: Cinderace|p2a: Fluid Sac\n|move|p2a: Fluid Sac|Scald|p1a: Cinderace\n|-damage|p1a: Cinderace|0 fnt\n|faint|p1a: Cinderace\n|\n|win|Pex Hater\n|c|\u2606Pex Hater|gg\n","uploadtime":1699404398,"views":11,"p1id":"gujgenera","p2id":"pexhater","formatid":"gen9nationaldexubers","rating":0,"private":0,"password":""}