{"id":"gen9nationaldexubers-1996318125","p1":"KennyMckor","p2":"Grayson7810","format":"[Gen 9] National Dex Ubers","log":"|j|\u2606KennyMckor\n|j|\u2606Grayson7810\n|t:|1700670641\n|gametype|singles\n|player|p1|KennyMckor|biker-gen4|1009\n|player|p2|Grayson7810|wallace|1067\n|teamsize|p1|6\n|teamsize|p2|6\n|gen|9\n|tier|[Gen 9] National Dex Ubers\n|rated|\n|rule|HP Percentage Mod: HP is shown in percentages\n|rule|Endless Battle Clause: Forcing endless battles is banned\n|rule|OHKO Clause: OHKO moves are banned\n|rule|Evasion Moves Clause: Evasion moves are banned\n|rule|Evasion Items Clause: Evasion items are banned\n|rule|Species Clause: Limit one of each Pok\u00e9mon\n|rule|Sleep Clause Mod: Limit one foe put to sleep\n|rule|Mega Rayquaza Clause: You cannot mega evolve Rayquaza\n|clearpoke\n|poke|p1|Maushold-Four|\n|poke|p1|Dragonite, F|\n|poke|p1|Basculegion, M|\n|poke|p1|Volcarona, M|\n|poke|p1|Gliscor, M|\n|poke|p1|Tapu Fini|\n|poke|p2|Arceus|\n|poke|p2|Aggron, L1, M|\n|poke|p2|Blaziken, M|\n|poke|p2|Groudon|\n|poke|p2|Charizard, M|\n|poke|p2|Ho-Oh|\n|teampreview\n|\n|t:|1700670647\n|start\n|switch|p1a: Maushold|Maushold-Four|100\/100\n|switch|p2a: Arceus|Arceus|100\/100\n|turn|1\n|\n|t:|1700670656\n|move|p1a: Maushold|Thunder Wave|p2a: Arceus\n|-status|p2a: Arceus|par\n|move|p2a: Arceus|Substitute|p2a: Arceus\n|-start|p2a: Arceus|Substitute\n|-damage|p2a: Arceus|76\/100 par\n|\n|-heal|p2a: Arceus|82\/100 par|[from] item: Leftovers\n|upkeep\n|turn|2\n|\n|t:|1700670665\n|move|p2a: Arceus|Protect|p2a: Arceus\n|-singleturn|p2a: Arceus|Protect\n|move|p1a: Maushold|Population Bomb|p2a: Arceus\n|-activate|p2a: Arceus|move: Protect\n|\n|-heal|p2a: Arceus|88\/100 par|[from] item: Leftovers\n|upkeep\n|turn|3\n|\n|t:|1700670676\n|move|p1a: Maushold|Population Bomb|p2a: Arceus\n|-activate|p2a: Arceus|move: Substitute|[damage]\n|-activate|p2a: Arceus|move: Substitute|[damage]\n|-activate|p2a: Arceus|move: Substitute|[damage]\n|-end|p2a: Arceus|Substitute\n|-crit|p2a: Arceus\n|-damage|p2a: Arceus|76\/100 par\n|-damage|p2a: Arceus|67\/100 par\n|-damage|p2a: Arceus|59\/100 par\n|-damage|p2a: Arceus|51\/100 par\n|-damage|p2a: Arceus|43\/100 par\n|-hitcount|p2a: Arceus|9\n|cant|p2a: Arceus|flinch\n|\n|-heal|p2a: Arceus|49\/100 par|[from] item: Leftovers\n|upkeep\n|turn|4\n|\n|t:|1700670695\n|move|p1a: Maushold|Tidy Up|p1a: Maushold\n|-boost|p1a: Maushold|atk|1\n|-boost|p1a: Maushold|spe|1\n|cant|p2a: Arceus|par\n|\n|-heal|p2a: Arceus|55\/100 par|[from] item: Leftovers\n|upkeep\n|turn|5\n|\n|t:|1700670704\n|move|p1a: Maushold|Population Bomb|p2a: Arceus\n|-damage|p2a: Arceus|42\/100 par\n|-damage|p2a: Arceus|31\/100 par\n|-damage|p2a: Arceus|17\/100 par\n|-damage|p2a: Arceus|6\/100 par\n|-damage|p2a: Arceus|0 fnt\n|faint|p2a: Arceus\n|-hitcount|p2: Arceus|5\n|\n|upkeep\n|\n|t:|1700670714\n|switch|p2a: Aggron|Aggron, L1, M|100\/100\n|turn|6\n|\n|t:|1700670722\n|move|p1a: Maushold|Population Bomb|p2a: Aggron\n|-resisted|p2a: Aggron\n|-ability|p2a: Aggron|Sturdy\n|-damage|p2a: Aggron|8\/100\n|-resisted|p2a: Aggron\n|-damage|p2a: Aggron|0 fnt\n|faint|p2a: Aggron\n|-hitcount|p2: Aggron|2\n|\n|upkeep\n|\n|t:|1700670734\n|switch|p2a: Groudon|Groudon|100\/100\n|detailschange|p2a: Groudon|Groudon-Primal\n|-primal|p2a: Groudon|Red Orb\n|-weather|DesolateLand|[from] ability: Desolate Land|[of] p2a: Groudon\n|turn|7\n|\n|t:|1700670744\n|move|p1a: Maushold|Population Bomb|p2a: Groudon\n|-damage|p2a: Groudon|90\/100\n|-damage|p2a: Groudon|80\/100\n|-damage|p2a: Groudon|68\/100\n|-damage|p2a: Groudon|57\/100\n|-damage|p2a: Groudon|45\/100\n|-damage|p2a: Groudon|34\/100\n|-hitcount|p2a: Groudon|6\n|cant|p2a: Groudon|flinch\n|\n|-weather|DesolateLand|[upkeep]\n|upkeep\n|turn|8\n|\n|t:|1700670757\n|move|p1a: Maushold|Population Bomb|p2a: Groudon\n|-damage|p2a: Groudon|23\/100\n|-damage|p2a: Groudon|12\/100\n|-damage|p2a: Groudon|1\/100\n|-damage|p2a: Groudon|0 fnt\n|faint|p2a: Groudon\n|-weather|none\n|-hitcount|p2: Groudon|4\n|\n|upkeep\n|\n|t:|1700670766\n|switch|p2a: Blaziken|Blaziken, M|100\/100\n|turn|9\n|\n|t:|1700670775\n|move|p1a: Maushold|Population Bomb|p2a: Blaziken\n|-damage|p2a: Blaziken|77\/100\n|-damage|p2a: Blaziken|54\/100\n|-crit|p2a: Blaziken\n|-damage|p2a: Blaziken|21\/100\n|-hitcount|p2a: Blaziken|3\n|move|p2a: Blaziken|Aura Sphere|p1a: Maushold\n|-supereffective|p1a: Maushold\n|-damage|p1a: Maushold|0 fnt\n|faint|p1a: Maushold\n|\n|-heal|p2a: Blaziken|28\/100|[from] item: Leftovers\n|upkeep\n|\n|t:|1700670788\n|switch|p1a: Tapu Fini|Tapu Fini|100\/100\n|-fieldstart|move: Misty Terrain|[from] ability: Misty Surge|[of] p1a: Tapu Fini\n|turn|10\n|\n|t:|1700670797\n|move|p2a: Blaziken|Aura Sphere|p1a: Tapu Fini\n|-resisted|p1a: Tapu Fini\n|-damage|p1a: Tapu Fini|90\/100\n|move|p1a: Tapu Fini|Scald|p2a: Blaziken\n|-supereffective|p2a: Blaziken\n|-damage|p2a: Blaziken|0 fnt\n|faint|p2a: Blaziken\n|\n|-heal|p1a: Tapu Fini|96\/100|[from] item: Leftovers\n|upkeep\n|\n|t:|1700670808\n|switch|p2a: Charizard|Charizard, M|100\/100\n|turn|11\n|\n|t:|1700670813\n|detailschange|p2a: Charizard|Charizard-Mega-Y, M\n|-mega|p2a: Charizard|Charizard|Charizardite Y\n|-weather|SunnyDay|[from] ability: Drought|[of] p2a: Charizard\n|move|p2a: Charizard|Solar Beam||[still]\n|-prepare|p2a: Charizard|Solar Beam\n|-anim|p2a: Charizard|Solar Beam|p1a: Tapu Fini\n|-supereffective|p1a: Tapu Fini\n|-damage|p1a: Tapu Fini|41\/100\n|move|p1a: Tapu Fini|Draining Kiss|p2a: Charizard\n|-resisted|p2a: Charizard\n|-damage|p2a: Charizard|92\/100\n|-heal|p1a: Tapu Fini|46\/100|[from] drain|[of] p2a: Charizard\n|\n|-weather|SunnyDay|[upkeep]\n|-heal|p1a: Tapu Fini|53\/100|[from] item: Leftovers\n|upkeep\n|turn|12\n|\n|t:|1700670828\n|move|p2a: Charizard|Solar Beam||[still]\n|-prepare|p2a: Charizard|Solar Beam\n|-anim|p2a: Charizard|Solar Beam|p1a: Tapu Fini\n|-supereffective|p1a: Tapu Fini\n|-damage|p1a: Tapu Fini|0 fnt\n|faint|p1a: Tapu Fini\n|\n|-weather|SunnyDay|[upkeep]\n|upkeep\n|\n|t:|1700670834\n|switch|p1a: Basculegion|Basculegion, M|100\/100\n|turn|13\n|\n|t:|1700670838\n|move|p1a: Basculegion|Aqua Jet|p2a: Charizard\n|-supereffective|p2a: Charizard\n|-damage|p2a: Charizard|38\/100\n|move|p2a: Charizard|Solar Beam||[still]\n|-prepare|p2a: Charizard|Solar Beam\n|-anim|p2a: Charizard|Solar Beam|p1a: Basculegion\n|-supereffective|p1a: Basculegion\n|-damage|p1a: Basculegion|19\/100\n|\n|-weather|SunnyDay|[upkeep]\n|upkeep\n|turn|14\n|\n|t:|1700670853\n|move|p1a: Basculegion|Aqua Jet|p2a: Charizard\n|-supereffective|p2a: Charizard\n|-damage|p2a: Charizard|0 fnt\n|faint|p2a: Charizard\n|\n|-weather|SunnyDay|[upkeep]\n|-fieldend|Misty Terrain\n|upkeep\n|\n|t:|1700670860\n|switch|p2a: Ho-Oh|Ho-Oh|100\/100\n|turn|15\n|\n|t:|1700670866\n|move|p1a: Basculegion|Aqua Jet|p2a: Ho-Oh\n|-supereffective|p2a: Ho-Oh\n|-damage|p2a: Ho-Oh|57\/100\n|move|p2a: Ho-Oh|Brave Bird|p1a: Basculegion\n|-damage|p1a: Basculegion|0 fnt\n|faint|p1a: Basculegion\n|-damage|p2a: Ho-Oh|49\/100|[from] Recoil\n|\n|-weather|none\n|upkeep\n|\n|t:|1700670875\n|switch|p1a: Gliscor|Gliscor, M|100\/100\n|turn|16\n|\n|t:|1700670880\n|move|p2a: Ho-Oh|Solar Beam||[still]\n|-prepare|p2a: Ho-Oh|Solar Beam\n|move|p1a: Gliscor|Facade|p2a: Ho-Oh\n|-damage|p2a: Ho-Oh|33\/100\n|\n|-status|p1a: Gliscor|tox|[from] item: Toxic Orb\n|upkeep\n|turn|17\n|\n|t:|1700670888\n|switch|p1a: Volcarona|Volcarona, M|100\/100\n|move|p2a: Ho-Oh|Solar Beam|p1a: Volcarona|[from]lockedmove\n|-resisted|p1a: Volcarona\n|-damage|p1a: Volcarona|94\/100\n|\n|upkeep\n|turn|18\n|\n|t:|1700670896\n|-zpower|p1a: Volcarona\n|move|p1a: Volcarona|Savage Spin-Out|p2a: Ho-Oh|[zeffect]\n|-resisted|p2a: Ho-Oh\n|-damage|p2a: Ho-Oh|20\/100\n|move|p2a: Ho-Oh|Sacred Fire|p1a: Volcarona\n|-damage|p1a: Volcarona|38\/100\n|\n|upkeep\n|turn|19\n|\n|t:|1700670907\n|move|p1a: Volcarona|Flamethrower|p2a: Ho-Oh\n|-resisted|p2a: Ho-Oh\n|-damage|p2a: Ho-Oh|8\/100\n|move|p2a: Ho-Oh|Sacred Fire|p1a: Volcarona\n|-damage|p1a: Volcarona|0 fnt\n|faint|p1a: Volcarona\n|\n|upkeep\n|\n|t:|1700670914\n|switch|p1a: Gliscor|Gliscor, M|100\/100 tox\n|turn|20\n|\n|t:|1700670918\n|move|p2a: Ho-Oh|Sacred Fire|p1a: Gliscor\n|-damage|p1a: Gliscor|67\/100 tox\n|move|p1a: Gliscor|Facade|p2a: Ho-Oh\n|-damage|p2a: Ho-Oh|0 fnt\n|faint|p2a: Ho-Oh\n|\n|win|KennyMckor\n|raw|KennyMckor's rating: 1009 &rarr; <strong>1054<\/strong><br \/>(+45 for winning)\n|raw|Grayson7810's rating: 1067 &rarr; <strong>1044<\/strong><br \/>(-23 for losing)\n","uploadtime":1700670927,"views":3,"p1id":"kennymckor","p2id":"grayson7810","formatid":"gen9nationaldexubers","rating":1044,"private":0,"password":""}