{"id":"gen9nationaldexubers-1989286091","p1":"Jesus \\uwu\/","p2":"Elin Baecil","format":"[Gen 9] National Dex Ubers","log":"|j|\u2606Jesus \\uwu\/\n|j|\u2606Elin Baecil\n|t:|1699831994\n|gametype|singles\n|player|p1|Jesus \\uwu\/|102|\n|player|p2|Elin Baecil|leon-masters|\n|teamsize|p1|6\n|teamsize|p2|6\n|gen|9\n|tier|[Gen 9] National Dex Ubers\n|rule|HP Percentage Mod: HP is shown in percentages\n|rule|Endless Battle Clause: Forcing endless battles is banned\n|rule|OHKO Clause: OHKO moves are banned\n|rule|Evasion Moves Clause: Evasion moves are banned\n|rule|Evasion Items Clause: Evasion items are banned\n|rule|Species Clause: Limit one of each Pok\u00e9mon\n|rule|Sleep Clause Mod: Limit one foe put to sleep\n|rule|Mega Rayquaza Clause: You cannot mega evolve Rayquaza\n|clearpoke\n|poke|p1|Gyarados, M|\n|poke|p1|Celesteela|\n|poke|p1|Dragonite, F|\n|poke|p1|Zapdos|\n|poke|p1|Minior|\n|poke|p1|Talonflame, F|\n|poke|p2|Arceus|\n|poke|p2|Ursaluna-Bloodmoon, M|\n|poke|p2|Cyclizar, M|\n|poke|p2|Kangaskhan, F|\n|poke|p2|Porygon-Z|\n|poke|p2|Ditto|\n|teampreview\n|\n|t:|1699832009\n|start\n|switch|p1a: Talonflame|Talonflame, F|100\/100\n|switch|p2a: Cyclizar|Cyclizar, M|100\/100\n|turn|1\n|\n|t:|1699832039\n|move|p2a: Cyclizar|U-turn|p1a: Talonflame\n|-resisted|p1a: Talonflame\n|-damage|p1a: Talonflame|93\/100\n|\n|t:|1699832046\n|switch|p2a: Kangaskhan|Kangaskhan, F|100\/100|[from] U-turn\n|move|p1a: Talonflame|Will-O-Wisp|p2a: Kangaskhan\n|-status|p2a: Kangaskhan|brn\n|\n|-damage|p2a: Kangaskhan|94\/100 brn|[from] brn\n|upkeep\n|turn|2\n|\n|t:|1699832056\n|detailschange|p2a: Kangaskhan|Kangaskhan-Mega, F\n|-mega|p2a: Kangaskhan|Kangaskhan|Kangaskhanite\n|move|p1a: Talonflame|Flame Charge|p2a: Kangaskhan\n|-damage|p2a: Kangaskhan|76\/100 brn\n|-boost|p1a: Talonflame|spe|1\n|move|p2a: Kangaskhan|Seismic Toss|p1a: Talonflame\n|-damage|p1a: Talonflame|60\/100\n|-damage|p1a: Talonflame|26\/100\n|-hitcount|p1a: Talonflame|2\n|\n|-damage|p2a: Kangaskhan|70\/100 brn|[from] brn\n|upkeep\n|turn|3\n|\n|t:|1699832065\n|move|p1a: Talonflame|Brave Bird|p2a: Kangaskhan\n|-damage|p2a: Kangaskhan|27\/100 brn\n|-damage|p1a: Talonflame|9\/100|[from] Recoil\n|move|p2a: Kangaskhan|Seismic Toss|p1a: Talonflame\n|-damage|p1a: Talonflame|0 fnt\n|faint|p1a: Talonflame\n|-hitcount|p1: Talonflame|1\n|\n|-damage|p2a: Kangaskhan|21\/100 brn|[from] brn\n|upkeep\n|j| s.daninja\n|c| s.daninja|Dd?\n|\n|t:|1699832109\n|switch|p1a: Dragonite|Dragonite, F|100\/100\n|turn|4\n|\n|t:|1699832116\n|-terastallize|p1a: Dragonite|Normal\n|move|p1a: Dragonite|Extreme Speed|p2a: Kangaskhan\n|-damage|p2a: Kangaskhan|0 fnt\n|faint|p2a: Kangaskhan\n|\n|upkeep\n|c| s.daninja|Wooooo\n|\n|t:|1699832124\n|switch|p2a: Ursaluna|Ursaluna-Bloodmoon, M|100\/100\n|turn|5\n|\n|t:|1699832129\n|move|p1a: Dragonite|Dragon Dance|p1a: Dragonite\n|-boost|p1a: Dragonite|atk|1\n|-boost|p1a: Dragonite|spe|1\n|move|p2a: Ursaluna|Calm Mind|p2a: Ursaluna\n|-boost|p2a: Ursaluna|spa|1\n|-boost|p2a: Ursaluna|spd|1\n|\n|upkeep\n|turn|6\n|\n|t:|1699832133\n|move|p1a: Dragonite|Extreme Speed|p2a: Ursaluna\n|-damage|p2a: Ursaluna|63\/100\n|move|p2a: Ursaluna|Roar|p1a: Dragonite\n|drag|p1a: Celesteela|Celesteela|100\/100\n|\n|-heal|p2a: Ursaluna|69\/100|[from] item: Leftovers\n|upkeep\n|turn|7\n|c| s.daninja|Que\n|c| s.daninja|Le dabas 1ko\n|c| s.daninja|Pq roaf\n|\n|t:|1699832167\n|switch|p1a: Minior|Minior|100\/100\n|-formechange|p1a: Minior|Minior-Meteor||[from] ability: Shields Down\n|move|p2a: Ursaluna|Calm Mind|p2a: Ursaluna\n|-boost|p2a: Ursaluna|spa|1\n|-boost|p2a: Ursaluna|spd|1\n|\n|-heal|p2a: Ursaluna|75\/100|[from] item: Leftovers\n|upkeep\n|turn|8\n|\n|t:|1699832174\n|move|p1a: Minior|Acrobatics|p2a: Ursaluna\n|-damage|p2a: Ursaluna|65\/100\n|move|p2a: Ursaluna|Roar|p1a: Minior\n|drag|p1a: Dragonite|Dragonite, F, tera:Normal|100\/100\n|\n|-heal|p2a: Ursaluna|71\/100|[from] item: Leftovers\n|upkeep\n|turn|9\n|\n|t:|1699832181\n|move|p1a: Dragonite|Extreme Speed|p2a: Ursaluna\n|-damage|p2a: Ursaluna|47\/100\n|move|p2a: Ursaluna|Blood Moon|p1a: Dragonite\n|-damage|p1a: Dragonite|44\/100\n|\n|-heal|p1a: Dragonite|50\/100|[from] item: Leftovers\n|-heal|p2a: Ursaluna|53\/100|[from] item: Leftovers\n|upkeep\n|turn|10\n|c| s.daninja|Que asco el elin\n|c|\u2606Elin Baecil|No que 1KO?\n|c|\u2606Elin Baecil|Mejor no ayudes oe\n|\n|t:|1699832202\n|move|p1a: Dragonite|Outrage|p2a: Ursaluna\n|-damage|p2a: Ursaluna|16\/100\n|move|p2a: Ursaluna|Moonlight|p2a: Ursaluna\n|-heal|p2a: Ursaluna|66\/100\n|\n|-heal|p1a: Dragonite|56\/100|[from] item: Leftovers\n|-heal|p2a: Ursaluna|72\/100|[from] item: Leftovers\n|upkeep\n|turn|11\n|\n|t:|1699832207\n|move|p1a: Dragonite|Outrage|p2a: Ursaluna|[from]lockedmove\n|-damage|p2a: Ursaluna|32\/100\n|move|p2a: Ursaluna|Blood Moon|p1a: Dragonite\n|-damage|p1a: Dragonite|0 fnt\n|faint|p1a: Dragonite\n|\n|-heal|p2a: Ursaluna|38\/100|[from] item: Leftovers\n|upkeep\n|\n|t:|1699832216\n|switch|p1a: Gyarados|Gyarados, M|100\/100\n|-ability|p1a: Gyarados|Intimidate|boost\n|-unboost|p2a: Ursaluna|atk|1\n|turn|12\n|c| s.daninja|:( perd\u00f3n elin no fue mi un intenci\u00f3n no te enojes conmigo\n|\n|t:|1699832220\n|move|p1a: Gyarados|Waterfall|p2a: Ursaluna\n|-supereffective|p2a: Ursaluna\n|-damage|p2a: Ursaluna|0 fnt\n|faint|p2a: Ursaluna\n|\n|upkeep\n|\n|t:|1699832231\n|switch|p2a: Arceus|Arceus|100\/100\n|turn|13\n|c| s.daninja|\ud83d\ude3f\ud83d\ude3f\ud83d\ude3f\n|\n|t:|1699832238\n|switch|p1a: Zapdos|Zapdos|100\/100\n|move|p2a: Arceus|Swords Dance|p2a: Arceus\n|-boost|p2a: Arceus|atk|2\n|\n|upkeep\n|turn|14\n|\n|t:|1699832256\n|move|p2a: Arceus|Extreme Speed|p1a: Zapdos\n|-damage|p1a: Zapdos|0 fnt\n|-status|p2a: Arceus|par|[from] ability: Static|[of] p1a: Zapdos\n|faint|p1a: Zapdos\n|-damage|p2a: Arceus|91\/100 par|[from] item: Life Orb\n|\n|upkeep\n|\n|t:|1699832260\n|switch|p1a: Gyarados|Gyarados, M|100\/100\n|-ability|p1a: Gyarados|Intimidate|boost\n|-unboost|p2a: Arceus|atk|1\n|turn|15\n|\n|t:|1699832272\n|detailschange|p1a: Gyarados|Gyarados-Mega, M\n|-mega|p1a: Gyarados|Gyarados|Gyaradosite\n|-ability|p1a: Gyarados|Mold Breaker\n|-terastallize|p2a: Arceus|Normal\n|move|p2a: Arceus|Extreme Speed|p1a: Gyarados\n|-damage|p1a: Gyarados|5\/100\n|-damage|p2a: Arceus|81\/100 par|[from] item: Life Orb\n|move|p1a: Gyarados|Dragon Dance|p1a: Gyarados\n|-boost|p1a: Gyarados|atk|1\n|-boost|p1a: Gyarados|spe|1\n|\n|upkeep\n|turn|16\n|\n|t:|1699832282\n|move|p2a: Arceus|Extreme Speed|p1a: Gyarados\n|-damage|p1a: Gyarados|0 fnt\n|faint|p1a: Gyarados\n|-damage|p2a: Arceus|71\/100 par|[from] item: Life Orb\n|\n|upkeep\n|\n|t:|1699832285\n|switch|p1a: Celesteela|Celesteela|100\/100\n|turn|17\n|\n|t:|1699832294\n|switch|p2a: Cyclizar|Cyclizar, M|100\/100\n|move|p1a: Celesteela|Autotomize|p1a: Celesteela\n|-boost|p1a: Celesteela|spe|2\n|-start|p1a: Celesteela|Autotomize\n|\n|upkeep\n|turn|18\n|\n|t:|1699832298\n|move|p2a: Cyclizar|Shed Tail|p2a: Cyclizar\n|-start|p2a: Cyclizar|Substitute|[from] move: Shed Tail\n|-damage|p2a: Cyclizar|50\/100\n|\n|t:|1699832302\n|switch|p2a: Porygon-Z|Porygon-Z|100\/100|[from] Shed Tail\n|-ability|p2a: Porygon-Z|Download|boost\n|-boost|p2a: Porygon-Z|spa|1\n|move|p1a: Celesteela|Meteor Beam||[still]\n|-prepare|p1a: Celesteela|Meteor Beam\n|-boost|p1a: Celesteela|spa|1\n|-enditem|p1a: Celesteela|Power Herb\n|-anim|p1a: Celesteela|Meteor Beam|p2a: Porygon-Z|[miss]\n|-miss|p1a: Celesteela|p2a: Porygon-Z\n|\n|upkeep\n|turn|19\n|\n|t:|1699832313\n|move|p1a: Celesteela|Air Slash|p2a: Porygon-Z\n|-end|p2a: Porygon-Z|Substitute\n|-zpower|p2a: Porygon-Z\n|move|p2a: Porygon-Z|Z-Conversion|p2a: Porygon-Z|[anim]Conversion\n|-boost|p2a: Porygon-Z|atk|1|[zeffect]\n|-boost|p2a: Porygon-Z|def|1|[zeffect]\n|-boost|p2a: Porygon-Z|spa|1|[zeffect]\n|-boost|p2a: Porygon-Z|spd|1|[zeffect]\n|-boost|p2a: Porygon-Z|spe|1|[zeffect]\n|-start|p2a: Porygon-Z|typechange|Electric\n|\n|upkeep\n|turn|20\n|\n|t:|1699832320\n|move|p2a: Porygon-Z|Thunderbolt|p1a: Celesteela\n|-supereffective|p1a: Celesteela\n|-damage|p1a: Celesteela|0 fnt\n|faint|p1a: Celesteela\n|\n|upkeep\n|\n|t:|1699832323\n|switch|p1a: Minior|Minior|100\/100\n|-formechange|p1a: Minior|Minior-Meteor||[from] ability: Shields Down\n|turn|21\n|\n|t:|1699832326\n|move|p2a: Porygon-Z|Thunderbolt|p1a: Minior\n|-supereffective|p1a: Minior\n|-damage|p1a: Minior|0 fnt\n|faint|p1a: Minior\n|\n|win|Elin Baecil\n","uploadtime":1699832329,"views":6,"p1id":"jesusuwu","p2id":"elinbaecil","formatid":"gen9nationaldexubers","rating":0,"private":0,"password":""}