{"id":"gen9nationaldexubers-1981884144","p1":"Jcurry2021","p2":"Walter black 0000","format":"[Gen 9] National Dex Ubers","log":"|j|\u2606Jcurry2021\n|j|\u2606Walter black 0000\n|t:|1698948926\n|gametype|singles\n|player|p1|Jcurry2021|red|1614\n|player|p2|Walter black 0000|lance-gen2|1844\n|teamsize|p1|6\n|teamsize|p2|6\n|gen|9\n|tier|[Gen 9] National Dex Ubers\n|rated|\n|rule|HP Percentage Mod: HP is shown in percentages\n|rule|Endless Battle Clause: Forcing endless battles is banned\n|rule|OHKO Clause: OHKO moves are banned\n|rule|Evasion Moves Clause: Evasion moves are banned\n|rule|Evasion Items Clause: Evasion items are banned\n|rule|Species Clause: Limit one of each Pok\u00e9mon\n|rule|Sleep Clause Mod: Limit one foe put to sleep\n|rule|Mega Rayquaza Clause: You cannot mega evolve Rayquaza\n|clearpoke\n|poke|p1|Xerneas-*|\n|poke|p1|Yveltal|\n|poke|p1|Groudon|\n|poke|p1|Kyogre|\n|poke|p1|Necrozma-Dusk-Mane|\n|poke|p1|Zacian-*|\n|poke|p2|Eternatus|\n|poke|p2|Arceus-Fairy|\n|poke|p2|Ditto|\n|poke|p2|Necrozma-Dusk-Mane|\n|poke|p2|Zekrom|\n|poke|p2|Kingambit, M|\n|teampreview\n|inactive|Battle timer is ON: inactive players will automatically lose when time's up. (requested by Walter black 0000)\n|\n|t:|1698948948\n|start\n|switch|p1a: Groudon|Groudon, shiny|100\/100\n|switch|p2a: Necrozma|Necrozma-Dusk-Mane|100\/100\n|detailschange|p1a: Groudon|Groudon-Primal, shiny\n|-primal|p1a: Groudon|Red Orb\n|-weather|DesolateLand|[from] ability: Desolate Land|[of] p1a: Groudon\n|turn|1\n|j| ArcanineAntics\n|\n|t:|1698948966\n|detailschange|p2a: Necrozma|Necrozma-Ultra\n|-burst|p2a: Necrozma|Necrozma|Ultranecrozium Z\n|move|p2a: Necrozma|Earth Power|p1a: Groudon\n|-supereffective|p1a: Groudon\n|-damage|p1a: Groudon|3\/100\n|move|p1a: Groudon|Precipice Blades|p2a: Necrozma|[miss]\n|-miss|p1a: Groudon|p2a: Necrozma\n|\n|-weather|DesolateLand|[upkeep]\n|upkeep\n|turn|2\n|\n|t:|1698948975\n|-weather|none\n|switch|p1a: Yveltal|Yveltal, shiny|100\/100\n|-ability|p1a: Yveltal|Dark Aura\n|move|p2a: Necrozma|Stealth Rock|p1a: Yveltal\n|-sidestart|p1: Jcurry2021|move: Stealth Rock\n|\n|upkeep\n|turn|3\n|\n|t:|1698948985\n|switch|p2a: Arceus|Arceus-Fairy|100\/100\n|move|p1a: Yveltal|Taunt|p2a: Arceus\n|-start|p2a: Arceus|move: Taunt\n|\n|upkeep\n|turn|4\n|inactive|Walter black 0000 has 120 seconds left.\n|j| Baemaxx3\n|\n|t:|1698949041\n|-terastallize|p1a: Yveltal|Steel\n|move|p2a: Arceus|Judgment|p1a: Yveltal\n|-resisted|p1a: Yveltal\n|-damage|p1a: Yveltal|83\/100\n|move|p1a: Yveltal|Defog|p2a: Arceus\n|-unboost|p2a: Arceus|evasion|1\n|-sideend|p1: Jcurry2021|Stealth Rock|[from] move: Defog|[of] p1a: Yveltal\n|\n|upkeep\n|turn|5\n|\n|t:|1698949055\n|switch|p2a: Eternatus|Eternatus|100\/100\n|-ability|p2a: Eternatus|Pressure\n|move|p1a: Yveltal|U-turn|p2a: Eternatus\n|-resisted|p2a: Eternatus\n|-damage|p2a: Eternatus|91\/100\n|\n|t:|1698949063\n|switch|p1a: Necrozma|Necrozma-Dusk-Mane|100\/100|[from] U-turn\n|\n|-heal|p2a: Eternatus|97\/100|[from] item: Leftovers\n|upkeep\n|turn|6\n|\n|t:|1698949076\n|move|p2a: Eternatus|Cosmic Power|p2a: Eternatus\n|-boost|p2a: Eternatus|def|1\n|-boost|p2a: Eternatus|spd|1\n|move|p1a: Necrozma|Dragon Dance|p1a: Necrozma\n|-boost|p1a: Necrozma|atk|1\n|-boost|p1a: Necrozma|spe|1\n|\n|-heal|p2a: Eternatus|100\/100|[from] item: Leftovers\n|upkeep\n|turn|7\n|\n|t:|1698949094\n|detailschange|p1a: Necrozma|Necrozma-Ultra\n|-burst|p1a: Necrozma|Necrozma|Ultranecrozium Z\n|move|p1a: Necrozma|Photon Geyser|p2a: Eternatus\n|-supereffective|p2a: Eternatus\n|-damage|p2a: Eternatus|0 fnt\n|faint|p2a: Eternatus\n|\n|upkeep\n|\n|t:|1698949105\n|switch|p2a: Kingambit|Kingambit, M|100\/100\n|-activate|p2a: Kingambit|ability: Supreme Overlord\n|-start|p2a: Kingambit|fallen1|[silent]\n|turn|8\n|\n|t:|1698949112\n|switch|p1a: Groudon|Groudon-Primal, shiny|3\/100\n|-weather|DesolateLand|[from] ability: Desolate Land|[of] p1a: Groudon\n|move|p2a: Kingambit|Sucker Punch||[still]\n|-fail|p2a: Kingambit\n|\n|-weather|DesolateLand|[upkeep]\n|upkeep\n|turn|9\n|\n|t:|1698949118\n|move|p2a: Kingambit|Sucker Punch||[still]\n|-fail|p2a: Kingambit\n|move|p1a: Groudon|Rock Polish|p1a: Groudon\n|-boost|p1a: Groudon|spe|2\n|\n|-weather|DesolateLand|[upkeep]\n|upkeep\n|turn|10\n|\n|t:|1698949121\n|move|p2a: Kingambit|Sucker Punch||[still]\n|-fail|p2a: Kingambit\n|move|p1a: Groudon|Swords Dance|p1a: Groudon\n|-boost|p1a: Groudon|atk|2\n|\n|-weather|DesolateLand|[upkeep]\n|upkeep\n|turn|11\n|\n|t:|1698949124\n|move|p2a: Kingambit|Sucker Punch|p1a: Groudon\n|-damage|p1a: Groudon|0 fnt\n|faint|p1a: Groudon\n|-weather|none\n|\n|upkeep\n|\n|t:|1698949133\n|switch|p1a: Kyogre|Kyogre, shiny|100\/100\n|detailschange|p1a: Kyogre|Kyogre-Primal, shiny\n|-primal|p1a: Kyogre|Blue Orb\n|-weather|PrimordialSea|[from] ability: Primordial Sea|[of] p1a: Kyogre\n|turn|12\n|\n|t:|1698949139\n|-end|p2a: Kingambit|fallen1|[silent]\n|switch|p2a: Necrozma|Necrozma-Ultra|100\/100\n|move|p1a: Kyogre|Origin Pulse|p2a: Necrozma\n|-resisted|p2a: Necrozma\n|-damage|p2a: Necrozma|48\/100\n|\n|-weather|PrimordialSea|[upkeep]\n|upkeep\n|turn|13\n|\n|t:|1698949146\n|-zpower|p2a: Necrozma\n|move|p2a: Necrozma|Light That Burns the Sky|p1a: Kyogre|[zeffect]\n|-damage|p1a: Kyogre|24\/100\n|move|p1a: Kyogre|Ice Beam|p2a: Necrozma\n|-supereffective|p2a: Necrozma\n|-damage|p2a: Necrozma|0 fnt\n|faint|p2a: Necrozma\n|\n|-weather|PrimordialSea|[upkeep]\n|upkeep\n|\n|t:|1698949151\n|switch|p2a: Ditto|Ditto, shiny|100\/100\n|-transform|p2a: Ditto|p1a: Kyogre|[from] ability: Imposter\n|turn|14\n|\n|t:|1698949161\n|move|p2a: Ditto|Thunder|p1a: Kyogre\n|-supereffective|p1a: Kyogre\n|-damage|p1a: Kyogre|0 fnt\n|faint|p1a: Kyogre\n|\n|-weather|PrimordialSea|[upkeep]\n|upkeep\n|\n|t:|1698949173\n|switch|p1a: Zacian|Zacian-Crowned, shiny|100\/100\n|-ability|p1a: Zacian|Intrepid Sword|boost\n|-boost|p1a: Zacian|atk|1\n|turn|15\n|\n|t:|1698949186\n|-weather|none\n|switch|p2a: Zekrom|Zekrom|100\/100\n|-ability|p2a: Zekrom|Teravolt\n|move|p1a: Zacian|Play Rough|p2a: Zekrom\n|-supereffective|p2a: Zekrom\n|-damage|p2a: Zekrom|0 fnt\n|faint|p2a: Zekrom\n|\n|upkeep\n|\n|t:|1698949190\n|switch|p2a: Ditto|Ditto, shiny|100\/100\n|-transform|p2a: Ditto|p1a: Zacian|[from] ability: Imposter\n|-ability|p2a: Ditto|Intrepid Sword|boost\n|-boost|p2a: Ditto|atk|1\n|turn|16\n|\n|t:|1698949202\n|move|p2a: Ditto|Behemoth Blade|p1a: Zacian\n|-damage|p1a: Zacian|2\/100\n|move|p1a: Zacian|Behemoth Blade|p2a: Ditto\n|-damage|p2a: Ditto|9\/100\n|\n|upkeep\n|turn|17\n|\n|t:|1698949217\n|move|p2a: Ditto|Behemoth Blade|p1a: Zacian\n|-crit|p1a: Zacian\n|-damage|p1a: Zacian|0 fnt\n|faint|p1a: Zacian\n|\n|upkeep\n|\n|t:|1698949218\n|switch|p1a: Yveltal|Yveltal, shiny, tera:Steel|83\/100\n|-ability|p1a: Yveltal|Dark Aura\n|turn|18\n|\n|t:|1698949227\n|move|p2a: Ditto|Behemoth Blade|p1a: Yveltal\n|-resisted|p1a: Yveltal\n|-damage|p1a: Yveltal|35\/100\n|move|p1a: Yveltal|Knock Off|p2a: Ditto\n|-resisted|p2a: Ditto\n|-damage|p2a: Ditto|0 fnt\n|-enditem|p2a: Ditto|Choice Scarf|[from] move: Knock Off|[of] p1a: Yveltal\n|faint|p2a: Ditto\n|\n|upkeep\n|\n|t:|1698949247\n|switch|p2a: Kingambit|Kingambit, M|100\/100\n|-activate|p2a: Kingambit|ability: Supreme Overlord\n|-start|p2a: Kingambit|fallen4|[silent]\n|turn|19\n|\n|t:|1698949254\n|move|p2a: Kingambit|Sucker Punch||[still]\n|-fail|p2a: Kingambit\n|move|p1a: Yveltal|Taunt|p2a: Kingambit\n|-start|p2a: Kingambit|move: Taunt\n|\n|upkeep\n|turn|20\n|\n|t:|1698949261\n|move|p2a: Kingambit|Sucker Punch||[still]\n|-fail|p2a: Kingambit\n|move|p1a: Yveltal|Defog|p2a: Kingambit\n|-unboost|p2a: Kingambit|evasion|1\n|\n|upkeep\n|turn|21\n|\n|t:|1698949267\n|switch|p1a: Xerneas|Xerneas, shiny|100\/100\n|-ability|p1a: Xerneas|Fairy Aura\n|move|p2a: Kingambit|Sucker Punch||[still]\n|-fail|p2a: Kingambit\n|\n|upkeep\n|turn|22\n|\n|t:|1698949274\n|move|p1a: Xerneas|Moonblast|p2a: Kingambit\n|-damage|p2a: Kingambit|33\/100\n|move|p2a: Kingambit|Iron Head|p1a: Xerneas\n|-supereffective|p1a: Xerneas\n|-damage|p1a: Xerneas|0 fnt\n|faint|p1a: Xerneas\n|\n|-end|p2a: Kingambit|move: Taunt\n|upkeep\n|\n|t:|1698949282\n|switch|p1a: Yveltal|Yveltal, shiny, tera:Steel|35\/100\n|-ability|p1a: Yveltal|Dark Aura\n|turn|23\n|\n|t:|1698949286\n|move|p1a: Yveltal|Taunt|p2a: Kingambit\n|-start|p2a: Kingambit|move: Taunt\n|move|p2a: Kingambit|Knock Off|p1a: Yveltal\n|-damage|p1a: Yveltal|0 fnt\n|-enditem|p1a: Yveltal|Heavy-Duty Boots|[from] move: Knock Off|[of] p2a: Kingambit\n|faint|p1a: Yveltal\n|\n|upkeep\n|\n|t:|1698949292\n|switch|p1a: Necrozma|Necrozma-Ultra|100\/100\n|turn|24\n|\n|t:|1698949293\n|move|p1a: Necrozma|Dragon Dance|p1a: Necrozma\n|-boost|p1a: Necrozma|atk|1\n|-boost|p1a: Necrozma|spe|1\n|move|p2a: Kingambit|Knock Off|p1a: Necrozma\n|-supereffective|p1a: Necrozma\n|-damage|p1a: Necrozma|0 fnt\n|faint|p1a: Necrozma\n|\n|win|Walter black 0000\n|raw|Jcurry2021's rating: 1614 &rarr; <strong>1606<\/strong><br \/>(-8 for losing)\n|raw|Walter black 0000's rating: 1844 &rarr; <strong>1852<\/strong><br \/>(+8 for winning)\n","uploadtime":1698949305,"views":16,"p1id":"jcurry2021","p2id":"walterblack0000","formatid":"gen9nationaldexubers","rating":1606,"private":0,"password":""}