{"id":"gen9nationaldexubers-1988623731","p1":"HeirEhm","p2":"tbor2002","format":"[Gen 9] National Dex Ubers","log":"|j|\u2606HeirEhm\n|j|\u2606tbor2002\n|t:|1699743182\n|gametype|singles\n|player|p1|HeirEhm|cynthia-gen7|\n|player|p2|tbor2002|wattson|\n|teamsize|p1|6\n|teamsize|p2|6\n|gen|9\n|tier|[Gen 9] National Dex Ubers\n|rule|HP Percentage Mod: HP is shown in percentages\n|rule|Endless Battle Clause: Forcing endless battles is banned\n|rule|OHKO Clause: OHKO moves are banned\n|rule|Evasion Moves Clause: Evasion moves are banned\n|rule|Evasion Items Clause: Evasion items are banned\n|rule|Species Clause: Limit one of each Pok\u00e9mon\n|rule|Sleep Clause Mod: Limit one foe put to sleep\n|rule|Mega Rayquaza Clause: You cannot mega evolve Rayquaza\n|clearpoke\n|poke|p1|Garganacl, F|\n|poke|p1|Ceruledge, F|\n|poke|p1|Klefki, F|\n|poke|p1|Electrode-Hisui|\n|poke|p1|Chansey, F|\n|poke|p1|Murkrow, F|\n|poke|p2|Walking Wake|\n|poke|p2|Muk-Alola, M|\n|poke|p2|Jolteon, F|\n|poke|p2|Toxicroak, F|\n|poke|p2|Crabominable, F|\n|poke|p2|Glimmet, M|\n|teampreview\n|\n|t:|1699743198\n|start\n|switch|p1a: Wambulance|Chansey, F|100\/100\n|switch|p2a: Jolteon|Jolteon, F|100\/100\n|turn|1\n|\n|t:|1699743206\n|move|p2a: Jolteon|Rain Dance|p2a: Jolteon\n|-weather|RainDance\n|move|p1a: Wambulance|Tri Attack|p2a: Jolteon\n|-damage|p2a: Jolteon|76\/100\n|\n|-weather|RainDance|[upkeep]\n|upkeep\n|turn|2\n|j| PyroGaleZX\n|\n|t:|1699743221\n|move|p2a: Jolteon|Volt Switch|p1a: Wambulance\n|-damage|p1a: Wambulance|83\/100\n|\n|t:|1699743230\n|switch|p2a: Toxicroak|Toxicroak, F|100\/100|[from] Volt Switch\n|move|p1a: Wambulance|Tri Attack|p2a: Toxicroak\n|-crit|p2a: Toxicroak\n|-damage|p2a: Toxicroak|51\/100\n|-status|p2a: Toxicroak|par\n|\n|-weather|RainDance|[upkeep]\n|-heal|p2a: Toxicroak|64\/100 par|[from] ability: Dry Skin\n|upkeep\n|turn|3\n|\n|t:|1699743252\n|cant|p2a: Toxicroak|par\n|move|p1a: Wambulance|Tri Attack|p2a: Toxicroak\n|-damage|p2a: Toxicroak|33\/100 par\n|\n|-weather|RainDance|[upkeep]\n|-heal|p2a: Toxicroak|45\/100 par|[from] ability: Dry Skin\n|upkeep\n|turn|4\n|\n|t:|1699743268\n|cant|p2a: Toxicroak|par\n|move|p1a: Wambulance|Tri Attack|p2a: Toxicroak\n|-damage|p2a: Toxicroak|16\/100 par\n|\n|-weather|RainDance|[upkeep]\n|-heal|p2a: Toxicroak|29\/100 par|[from] ability: Dry Skin\n|upkeep\n|turn|5\n|\n|t:|1699743277\n|move|p2a: Toxicroak|Drain Punch|p1a: Wambulance\n|-supereffective|p1a: Wambulance\n|-damage|p1a: Wambulance|0 fnt\n|-heal|p2a: Toxicroak|100\/100 par|[from] drain|[of] p1a: Wambulance\n|faint|p1a: Wambulance\n|-damage|p2a: Toxicroak|91\/100 par|[from] item: Life Orb\n|\n|-weather|none\n|upkeep\n|\n|t:|1699743292\n|switch|p1a: Rowkrum|Murkrow, F|100\/100\n|turn|6\n|\n|t:|1699743298\n|-terastallize|p2a: Toxicroak|Dark\n|move|p1a: Rowkrum|Air Slash|p2a: Toxicroak\n|-damage|p2a: Toxicroak|36\/100 par\n|cant|p2a: Toxicroak|flinch\n|\n|upkeep\n|turn|7\n|\n|t:|1699743306\n|move|p2a: Toxicroak|Sucker Punch|p1a: Rowkrum\n|-resisted|p1a: Rowkrum\n|-damage|p1a: Rowkrum|65\/100\n|-damage|p2a: Toxicroak|26\/100 par|[from] item: Life Orb\n|move|p1a: Rowkrum|Air Slash|p2a: Toxicroak\n|-damage|p2a: Toxicroak|0 fnt\n|faint|p2a: Toxicroak\n|\n|upkeep\n|\n|t:|1699743313\n|switch|p2a: Glimmet|Glimmet, M|100\/100\n|turn|8\n|\n|t:|1699743325\n|move|p2a: Glimmet|Power Gem|p1a: Rowkrum\n|-supereffective|p1a: Rowkrum\n|-damage|p1a: Rowkrum|0 fnt\n|faint|p1a: Rowkrum\n|\n|upkeep\n|\n|t:|1699743339\n|switch|p1a: RegiSalt|Garganacl, F, shiny|100\/100\n|turn|9\n|\n|t:|1699743346\n|move|p2a: Glimmet|Sunny Day|p2a: Glimmet\n|-weather|SunnyDay\n|move|p1a: RegiSalt|Iron Defense|p1a: RegiSalt\n|-boost|p1a: RegiSalt|def|2\n|\n|-weather|SunnyDay|[upkeep]\n|upkeep\n|turn|10\n|\n|t:|1699743352\n|switch|p2a: Walking Wake|Walking Wake|100\/100\n|-activate|p2a: Walking Wake|ability: Protosynthesis\n|-start|p2a: Walking Wake|protosynthesisspa\n|move|p1a: RegiSalt|Salt Cure|p2a: Walking Wake\n|-damage|p2a: Walking Wake|86\/100\n|-start|p2a: Walking Wake|Salt Cure\n|\n|-weather|SunnyDay|[upkeep]\n|-damage|p2a: Walking Wake|61\/100|[from] Salt Cure\n|upkeep\n|turn|11\n|\n|t:|1699743371\n|switch|p1a: Beyblade beyblade|Electrode-Hisui|100\/100\n|move|p2a: Walking Wake|Hydro Steam|p1a: Beyblade beyblade\n|-resisted|p1a: Beyblade beyblade\n|-damage|p1a: Beyblade beyblade|14\/100\n|\n|-weather|SunnyDay|[upkeep]\n|-damage|p2a: Walking Wake|36\/100|[from] Salt Cure\n|upkeep\n|turn|12\n|\n|t:|1699743389\n|-end|p2a: Walking Wake|Protosynthesis|[silent]\n|switch|p2a: Glimmet|Glimmet, M|100\/100\n|move|p1a: Beyblade beyblade|Thunderbolt|p2a: Glimmet\n|-damage|p2a: Glimmet|11\/100\n|-damage|p1a: Beyblade beyblade|4\/100|[from] item: Life Orb\n|\n|-weather|SunnyDay|[upkeep]\n|upkeep\n|turn|13\n|\n|t:|1699743406\n|move|p1a: Beyblade beyblade|Thunderbolt|p2a: Glimmet\n|-damage|p2a: Glimmet|0 fnt\n|faint|p2a: Glimmet\n|-damage|p1a: Beyblade beyblade|0 fnt|[from] item: Life Orb\n|faint|p1a: Beyblade beyblade\n|\n|-weather|none\n|upkeep\n|\n|t:|1699743430\n|switch|p1a: SWORDSFORHANDS|Ceruledge, F|100\/100\n|switch|p2a: Crabominable|Crabominable, F|100\/100\n|turn|14\n|\n|t:|1699743448\n|move|p1a: SWORDSFORHANDS|Bitter Blade|p2a: Crabominable\n|-supereffective|p2a: Crabominable\n|-damage|p2a: Crabominable|5\/100\n|move|p2a: Crabominable|Earthquake|p1a: SWORDSFORHANDS\n|-supereffective|p1a: SWORDSFORHANDS\n|-damage|p1a: SWORDSFORHANDS|0 fnt\n|faint|p1a: SWORDSFORHANDS\n|\n|upkeep\n|\n|t:|1699743461\n|switch|p1a: Jingle Jingle|Klefki, F|100\/100\n|turn|15\n|\n|t:|1699743467\n|move|p1a: Jingle Jingle|Play Rough|p2a: Crabominable\n|-supereffective|p2a: Crabominable\n|-damage|p2a: Crabominable|0 fnt\n|faint|p2a: Crabominable\n|\n|upkeep\n|\n|t:|1699743478\n|switch|p2a: Jolteon|Jolteon, F|76\/100\n|turn|16\n|\n|t:|1699743489\n|move|p1a: Jingle Jingle|Light Screen|p1a: Jingle Jingle\n|-sidestart|p1: HeirEhm|move: Light Screen\n|move|p2a: Jolteon|Thunderbolt|p1a: Jingle Jingle\n|-damage|p1a: Jingle Jingle|76\/100\n|\n|upkeep\n|turn|17\n|\n|t:|1699743496\n|switch|p2a: Muk|Muk-Alola, M|100\/100\n|move|p1a: Jingle Jingle|Play Rough|p2a: Muk\n|-damage|p2a: Muk|71\/100\n|\n|upkeep\n|turn|18\n|\n|t:|1699743509\n|move|p1a: Jingle Jingle|Reflect|p1a: Jingle Jingle\n|-sidestart|p1: HeirEhm|Reflect\n|move|p2a: Muk|Knock Off|p1a: Jingle Jingle\n|-resisted|p1a: Jingle Jingle\n|-damage|p1a: Jingle Jingle|67\/100\n|-enditem|p1a: Jingle Jingle|Light Clay|[from] move: Knock Off|[of] p2a: Muk\n|\n|upkeep\n|turn|19\n|\n|t:|1699743516\n|move|p1a: Jingle Jingle|Play Rough|p2a: Muk|[miss]\n|-miss|p1a: Jingle Jingle|p2a: Muk\n|move|p2a: Muk|Brick Break|p1a: Jingle Jingle\n|-sideend|p1: HeirEhm|Reflect\n|-sideend|p1: HeirEhm|move: Light Screen\n|-damage|p1a: Jingle Jingle|46\/100\n|\n|upkeep\n|turn|20\n|\n|t:|1699743533\n|move|p1a: Jingle Jingle|Play Rough|p2a: Muk\n|-damage|p2a: Muk|44\/100\n|move|p2a: Muk|Brick Break|p1a: Jingle Jingle\n|-damage|p1a: Jingle Jingle|26\/100\n|\n|upkeep\n|turn|21\n|\n|t:|1699743539\n|move|p1a: Jingle Jingle|Play Rough|p2a: Muk\n|-damage|p2a: Muk|19\/100\n|move|p2a: Muk|Brick Break|p1a: Jingle Jingle\n|-damage|p1a: Jingle Jingle|4\/100\n|\n|upkeep\n|turn|22\n|\n|t:|1699743546\n|move|p1a: Jingle Jingle|Play Rough|p2a: Muk\n|-damage|p2a: Muk|0 fnt\n|faint|p2a: Muk\n|\n|upkeep\n|\n|t:|1699743551\n|switch|p2a: Jolteon|Jolteon, F|76\/100\n|turn|23\n|\n|t:|1699743559\n|switch|p1a: RegiSalt|Garganacl, F, shiny|100\/100\n|move|p2a: Jolteon|Thunderbolt|p1a: RegiSalt\n|-damage|p1a: RegiSalt|74\/100\n|\n|-heal|p1a: RegiSalt|80\/100|[from] item: Leftovers\n|upkeep\n|turn|24\n|\n|t:|1699743577\n|move|p2a: Jolteon|Rain Dance|p2a: Jolteon\n|-weather|RainDance\n|move|p1a: RegiSalt|Salt Cure|p2a: Jolteon\n|-damage|p2a: Jolteon|47\/100\n|-start|p2a: Jolteon|Salt Cure\n|\n|-weather|RainDance|[upkeep]\n|-heal|p1a: RegiSalt|86\/100|[from] item: Leftovers\n|-damage|p2a: Jolteon|35\/100|[from] Salt Cure\n|upkeep\n|turn|25\n|\n|t:|1699743584\n|move|p2a: Jolteon|Volt Switch|p1a: RegiSalt\n|-damage|p1a: RegiSalt|65\/100\n|\n|t:|1699743589\n|switch|p2a: Walking Wake|Walking Wake|36\/100|[from] Volt Switch\n|move|p1a: RegiSalt|Salt Cure|p2a: Walking Wake\n|-damage|p2a: Walking Wake|20\/100\n|-start|p2a: Walking Wake|Salt Cure\n|\n|-weather|RainDance|[upkeep]\n|-heal|p1a: RegiSalt|71\/100|[from] item: Leftovers\n|-damage|p2a: Walking Wake|0 fnt|[from] Salt Cure\n|faint|p2a: Walking Wake\n|-end|p2a: Walking Wake|Protosynthesis|[silent]\n|upkeep\n|\n|t:|1699743599\n|switch|p2a: Jolteon|Jolteon, F|35\/100\n|turn|26\n|\n|t:|1699743602\n|move|p2a: Jolteon|Thunderbolt|p1a: RegiSalt\n|-damage|p1a: RegiSalt|42\/100\n|move|p1a: RegiSalt|Salt Cure|p2a: Jolteon\n|-damage|p2a: Jolteon|9\/100\n|-start|p2a: Jolteon|Salt Cure\n|\n|-weather|RainDance|[upkeep]\n|-heal|p1a: RegiSalt|48\/100|[from] item: Leftovers\n|-damage|p2a: Jolteon|0 fnt|[from] Salt Cure\n|faint|p2a: Jolteon\n|\n|win|HeirEhm\n|upkeep\n","uploadtime":1699743608,"views":5,"p1id":"heirehm","p2id":"tbor2002","formatid":"gen9nationaldexubers","rating":0,"private":0,"password":""}