{"id":"gen9nationaldexubers-1995886066","p1":"merfa","p2":"Tran minh quan","format":"[Gen 9] National Dex Ubers","log":"|j|\u2606merfa\n|j|\u2606Tran minh quan\n|t:|1700613593\n|gametype|singles\n|player|p1|merfa|lass-gen4dp|1200\n|player|p2|Tran minh quan|lucas|1147\n|teamsize|p1|6\n|teamsize|p2|4\n|gen|9\n|tier|[Gen 9] National Dex Ubers\n|rated|\n|rule|HP Percentage Mod: HP is shown in percentages\n|rule|Endless Battle Clause: Forcing endless battles is banned\n|rule|OHKO Clause: OHKO moves are banned\n|rule|Evasion Moves Clause: Evasion moves are banned\n|rule|Evasion Items Clause: Evasion items are banned\n|rule|Species Clause: Limit one of each Pok\u00e9mon\n|rule|Sleep Clause Mod: Limit one foe put to sleep\n|rule|Mega Rayquaza Clause: You cannot mega evolve Rayquaza\n|clearpoke\n|poke|p1|Kyogre|\n|poke|p1|Marshadow|\n|poke|p1|Genesect-Burn|\n|poke|p1|Deoxys-Speed|\n|poke|p1|Eternatus|\n|poke|p1|Mewtwo|\n|poke|p2|Metang|\n|poke|p2|Litten, F|\n|poke|p2|Gligar, M|\n|poke|p2|Kubfu, F|\n|teampreview\n|\n|t:|1700613618\n|start\n|switch|p1a: Deoxys|Deoxys-Speed|100\/100\n|switch|p2a: Kubfu|Kubfu, F|100\/100\n|-ability|p1a: Deoxys|Pressure\n|turn|1\n|c|\u2606merfa|only 4\uff1f\n|\n|t:|1700613641\n|move|p2a: Kubfu|Iron Head|p1a: Deoxys\n|-damage|p1a: Deoxys|58\/100\n|cant|p1a: Deoxys|flinch\n|\n|upkeep\n|turn|2\n|\n|t:|1700613647\n|-singleturn|p2a: Kubfu|move: Focus Punch\n|move|p2a: Kubfu|Focus Punch|p1a: Deoxys\n|-resisted|p1a: Deoxys\n|-damage|p1a: Deoxys|0 fnt\n|faint|p1a: Deoxys\n|\n|upkeep\n|\n|t:|1700613663\n|switch|p1a: Mewtwo|Mewtwo|100\/100\n|-ability|p1a: Mewtwo|Pressure\n|turn|3\n|\n|t:|1700613672\n|-singleturn|p2a: Kubfu|move: Focus Punch\n|move|p1a: Mewtwo|Bulk Up|p1a: Mewtwo\n|-boost|p1a: Mewtwo|atk|1\n|-boost|p1a: Mewtwo|def|1\n|move|p2a: Kubfu|Focus Punch|p1a: Mewtwo\n|-resisted|p1a: Mewtwo\n|-damage|p1a: Mewtwo|79\/100\n|\n|upkeep\n|turn|4\n|\n|t:|1700613681\n|move|p1a: Mewtwo|Bulk Up|p1a: Mewtwo\n|-boost|p1a: Mewtwo|atk|1\n|-boost|p1a: Mewtwo|def|1\n|move|p2a: Kubfu|Iron Head|p1a: Mewtwo\n|-damage|p1a: Mewtwo|67\/100\n|\n|upkeep\n|turn|5\n|\n|t:|1700613690\n|-singleturn|p2a: Kubfu|move: Focus Punch\n|move|p1a: Mewtwo|Bulk Up|p1a: Mewtwo\n|-boost|p1a: Mewtwo|atk|1\n|-boost|p1a: Mewtwo|def|1\n|move|p2a: Kubfu|Focus Punch|p1a: Mewtwo\n|-resisted|p1a: Mewtwo\n|-damage|p1a: Mewtwo|54\/100\n|\n|upkeep\n|turn|6\n|\n|t:|1700613700\n|detailschange|p1a: Mewtwo|Mewtwo-Mega-X\n|-mega|p1a: Mewtwo|Mewtwo|Mewtwonite X\n|move|p1a: Mewtwo|Zen Headbutt|p2a: Kubfu\n|-supereffective|p2a: Kubfu\n|-damage|p2a: Kubfu|0 fnt\n|faint|p2a: Kubfu\n|\n|upkeep\n|\n|t:|1700613708\n|switch|p2a: Litten|Litten, F|100\/100\n|-ability|p2a: Litten|Intimidate|boost\n|-unboost|p1a: Mewtwo|atk|1\n|turn|7\n|\n|t:|1700613716\n|move|p1a: Mewtwo|Bulk Up|p1a: Mewtwo\n|-boost|p1a: Mewtwo|atk|1\n|-boost|p1a: Mewtwo|def|1\n|move|p2a: Litten|Flame Charge|p1a: Mewtwo\n|-damage|p1a: Mewtwo|48\/100\n|-boost|p2a: Litten|spe|1\n|\n|upkeep\n|turn|8\n|\n|t:|1700613725\n|move|p1a: Mewtwo|Bulk Up|p1a: Mewtwo\n|-boost|p1a: Mewtwo|atk|1\n|-boost|p1a: Mewtwo|def|1\n|move|p2a: Litten|Fire Fang|p1a: Mewtwo\n|-damage|p1a: Mewtwo|42\/100\n|\n|upkeep\n|turn|9\n|\n|t:|1700613734\n|-terastallize|p2a: Litten|Fire\n|move|p1a: Mewtwo|Drain Punch|p2a: Litten\n|-damage|p2a: Litten|0 fnt\n|-heal|p1a: Mewtwo|75\/100|[from] drain|[of] p2a: Litten\n|faint|p2a: Litten\n|\n|upkeep\n|\n|t:|1700613742\n|switch|p2a: Gligar|Gligar, M|100\/100\n|turn|10\n|\n|t:|1700613747\n|move|p1a: Mewtwo|Bulk Up|p1a: Mewtwo\n|-boost|p1a: Mewtwo|atk|1\n|-boost|p1a: Mewtwo|def|1\n|move|p2a: Gligar|Knock Off|p1a: Mewtwo\n|-damage|p1a: Mewtwo|71\/100\n|\n|upkeep\n|turn|11\n|\n|t:|1700613754\n|move|p1a: Mewtwo|Bulk Up|p1a: Mewtwo\n|-boost|p1a: Mewtwo|atk|1\n|-boost|p1a: Mewtwo|def|0\n|move|p2a: Gligar|Knock Off|p1a: Mewtwo\n|-damage|p1a: Mewtwo|67\/100\n|\n|upkeep\n|turn|12\n|\n|t:|1700613762\n|move|p1a: Mewtwo|Knock Off|p2a: Gligar\n|-damage|p2a: Gligar|0 fnt\n|faint|p2a: Gligar\n|\n|upkeep\n|\n|t:|1700613766\n|switch|p2a: Metang|Metang|100\/100\n|turn|13\n|\n|t:|1700613770\n|move|p2a: Metang|Bullet Punch|p1a: Mewtwo\n|-damage|p1a: Mewtwo|64\/100\n|move|p1a: Mewtwo|Bulk Up|p1a: Mewtwo\n|-boost|p1a: Mewtwo|atk|0\n|-boost|p1a: Mewtwo|def|0\n|\n|upkeep\n|turn|14\n|\n|t:|1700613780\n|move|p1a: Mewtwo|Zen Headbutt|p2a: Metang\n|-resisted|p2a: Metang\n|-damage|p2a: Metang|61\/100\n|cant|p2a: Metang|flinch\n|\n|upkeep\n|turn|15\n|\n|t:|1700613788\n|move|p2a: Metang|Bullet Punch|p1a: Mewtwo\n|-crit|p1a: Mewtwo\n|-damage|p1a: Mewtwo|47\/100\n|move|p1a: Mewtwo|Bulk Up|p1a: Mewtwo\n|-boost|p1a: Mewtwo|atk|0\n|-boost|p1a: Mewtwo|def|0\n|\n|upkeep\n|turn|16\n|\n|t:|1700613795\n|move|p2a: Metang|Bullet Punch|p1a: Mewtwo\n|-damage|p1a: Mewtwo|44\/100\n|move|p1a: Mewtwo|Drain Punch|p2a: Metang\n|-damage|p2a: Metang|0 fnt\n|-heal|p1a: Mewtwo|72\/100|[from] drain|[of] p2a: Metang\n|faint|p2a: Metang\n|\n|win|merfa\n|raw|merfa's rating: 1200 &rarr; <strong>1221<\/strong><br \/>(+21 for winning)\n|raw|Tran minh quan's rating: 1147 &rarr; <strong>1126<\/strong><br \/>(-21 for losing)\n|l|\u2606merfa\n","uploadtime":1700613809,"views":7,"p1id":"merfa","p2id":"tranminhquan","formatid":"gen9nationaldexubers","rating":1126,"private":0,"password":""}