{"id":"gen9nationaldexubers-1991384411","p1":"Oinkman","p2":"KarmaKazama0","format":"[Gen 9] National Dex Ubers","log":"|j|\u2606Oinkman\n|j|\u2606KarmaKazama0\n|t:|1700072638\n|gametype|singles\n|player|p1|Oinkman|sage|1323\n|player|p2|KarmaKazama0|265|1562\n|teamsize|p1|6\n|teamsize|p2|6\n|gen|9\n|tier|[Gen 9] National Dex Ubers\n|rated|\n|rule|HP Percentage Mod: HP is shown in percentages\n|rule|Endless Battle Clause: Forcing endless battles is banned\n|rule|OHKO Clause: OHKO moves are banned\n|rule|Evasion Moves Clause: Evasion moves are banned\n|rule|Evasion Items Clause: Evasion items are banned\n|rule|Species Clause: Limit one of each Pok\u00e9mon\n|rule|Sleep Clause Mod: Limit one foe put to sleep\n|rule|Mega Rayquaza Clause: You cannot mega evolve Rayquaza\n|clearpoke\n|poke|p1|Runerigus, M|\n|poke|p1|Garganacl, M|\n|poke|p1|Skeledirge, F|\n|poke|p1|Dragonite, M|\n|poke|p1|Serperior, F|\n|poke|p1|Grimmsnarl, M|\n|poke|p2|Groudon|\n|poke|p2|Zygarde|\n|poke|p2|Ho-Oh|\n|poke|p2|Xerneas-*|\n|poke|p2|Arceus-Grass|\n|poke|p2|Zacian-*|\n|teampreview\n|inactive|Battle timer is ON: inactive players will automatically lose when time's up. (requested by KarmaKazama0)\n|\n|t:|1700072666\n|start\n|switch|p1a: Runerigus|Runerigus, M|100\/100\n|switch|p2a: Zygarde|Zygarde|100\/100\n|turn|1\n|\n|t:|1700072673\n|move|p2a: Zygarde|Glare|p1a: Runerigus\n|-status|p1a: Runerigus|par\n|move|p1a: Runerigus|Stealth Rock|p2a: Zygarde\n|-sidestart|p2: KarmaKazama0|move: Stealth Rock\n|\n|upkeep\n|turn|2\n|\n|t:|1700072689\n|move|p2a: Zygarde|Thousand Arrows|p1a: Runerigus\n|-damage|p1a: Runerigus|80\/100 par\n|move|p1a: Runerigus|Toxic Spikes|p2a: Zygarde\n|-sidestart|p2: KarmaKazama0|move: Toxic Spikes\n|\n|upkeep\n|turn|3\n|\n|t:|1700072697\n|move|p2a: Zygarde|Thousand Arrows|p1a: Runerigus\n|-damage|p1a: Runerigus|57\/100 par\n|cant|p1a: Runerigus|par\n|\n|upkeep\n|turn|4\n|\n|t:|1700072703\n|move|p2a: Zygarde|Thousand Arrows|p1a: Runerigus\n|-damage|p1a: Runerigus|34\/100 par\n|-enditem|p1a: Runerigus|Sitrus Berry|[eat]\n|-heal|p1a: Runerigus|59\/100 par|[from] item: Sitrus Berry\n|move|p1a: Runerigus|Toxic Spikes|p2a: Zygarde\n|-sidestart|p2: KarmaKazama0|move: Toxic Spikes\n|\n|upkeep\n|turn|5\n|\n|t:|1700072710\n|move|p2a: Zygarde|Thousand Arrows|p1a: Runerigus\n|-damage|p1a: Runerigus|36\/100 par\n|move|p1a: Runerigus|Will-O-Wisp|p2a: Zygarde\n|-status|p2a: Zygarde|brn\n|\n|-damage|p2a: Zygarde|94\/100 brn|[from] brn\n|upkeep\n|turn|6\n|inactive|Oinkman has 120 seconds left.\n|\n|t:|1700072741\n|switch|p1a: Garganacl|Garganacl, M|100\/100\n|move|p2a: Zygarde|Rest|p2a: Zygarde\n|-status|p2a: Zygarde|slp|[from] move: Rest\n|-heal|p2a: Zygarde|100\/100 slp|[silent]\n|\n|upkeep\n|turn|7\n|\n|t:|1700072748\n|cant|p2a: Zygarde|slp\n|move|p1a: Garganacl|Salt Cure|p2a: Zygarde\n|-resisted|p2a: Zygarde\n|-damage|p2a: Zygarde|97\/100 slp\n|-start|p2a: Zygarde|Salt Cure\n|\n|-heal|p2a: Zygarde|100\/100 slp|[from] item: Leftovers\n|-damage|p2a: Zygarde|88\/100 slp|[from] Salt Cure\n|upkeep\n|turn|8\n|\n|t:|1700072759\n|cant|p2a: Zygarde|slp\n|move|p1a: Garganacl|Substitute|p1a: Garganacl\n|-start|p1a: Garganacl|Substitute\n|-damage|p1a: Garganacl|75\/100\n|\n|-heal|p2a: Zygarde|94\/100 slp|[from] item: Leftovers\n|-heal|p1a: Garganacl|82\/100|[from] item: Leftovers\n|-damage|p2a: Zygarde|82\/100 slp|[from] Salt Cure\n|upkeep\n|turn|9\n|\n|t:|1700072768\n|switch|p2a: Ho-Oh|Ho-Oh|100\/100\n|move|p1a: Garganacl|Iron Defense|p1a: Garganacl\n|-boost|p1a: Garganacl|def|2\n|\n|-heal|p1a: Garganacl|88\/100|[from] item: Leftovers\n|upkeep\n|turn|10\n|\n|t:|1700072774\n|move|p1a: Garganacl|Salt Cure|p2a: Ho-Oh\n|-supereffective|p2a: Ho-Oh\n|-damage|p2a: Ho-Oh|66\/100\n|-start|p2a: Ho-Oh|Salt Cure\n|move|p2a: Ho-Oh|Whirlwind|p1a: Garganacl\n|drag|p1a: Grimmsnarl|Grimmsnarl, M|100\/100\n|\n|-damage|p2a: Ho-Oh|54\/100|[from] Salt Cure\n|upkeep\n|turn|11\n|\n|t:|1700072783\n|move|p1a: Grimmsnarl|Light Screen|p1a: Grimmsnarl\n|-sidestart|p1: Oinkman|move: Light Screen\n|move|p2a: Ho-Oh|Defog|p1a: Grimmsnarl\n|-unboost|p1a: Grimmsnarl|evasion|1\n|-sideend|p1: Oinkman|move: Light Screen\n|-sideend|p2: KarmaKazama0|Toxic Spikes|[from] move: Defog|[of] p2a: Ho-Oh\n|-sideend|p2: KarmaKazama0|Stealth Rock|[from] move: Defog|[of] p2a: Ho-Oh\n|\n|-damage|p2a: Ho-Oh|41\/100|[from] Salt Cure\n|upkeep\n|turn|12\n|\n|t:|1700072792\n|switch|p2a: Zacian|Zacian-Crowned|100\/100\n|-ability|p2a: Zacian|Intrepid Sword|boost\n|-boost|p2a: Zacian|atk|1\n|move|p1a: Grimmsnarl|Parting Shot|p2a: Zacian\n|-unboost|p2a: Zacian|atk|1\n|-unboost|p2a: Zacian|spa|1\n|\n|t:|1700072810\n|switch|p1a: Runerigus|Runerigus, M|36\/100 par|[from] Parting Shot\n|\n|upkeep\n|turn|13\n|\n|t:|1700072829\n|switch|p2a: Groudon|Groudon|100\/100\n|detailschange|p2a: Groudon|Groudon-Primal\n|-primal|p2a: Groudon|Red Orb\n|-weather|DesolateLand|[from] ability: Desolate Land|[of] p2a: Groudon\n|move|p1a: Runerigus|Earthquake|p2a: Groudon\n|-supereffective|p2a: Groudon\n|-damage|p2a: Groudon|59\/100\n|\n|-weather|DesolateLand|[upkeep]\n|upkeep\n|turn|14\n|\n|t:|1700072841\n|move|p2a: Groudon|Precipice Blades|p1a: Runerigus\n|-damage|p1a: Runerigus|0 fnt\n|faint|p1a: Runerigus\n|\n|-weather|DesolateLand|[upkeep]\n|upkeep\n|\n|t:|1700072849\n|switch|p1a: Garganacl|Garganacl, M|88\/100\n|turn|15\n|\n|t:|1700072856\n|move|p2a: Groudon|Precipice Blades|p1a: Garganacl\n|-supereffective|p1a: Garganacl\n|-damage|p1a: Garganacl|0 fnt\n|faint|p1a: Garganacl\n|\n|-weather|DesolateLand|[upkeep]\n|upkeep\n|\n|t:|1700072863\n|switch|p1a: Grimmsnarl|Grimmsnarl, M|100\/100\n|turn|16\n|\n|t:|1700072872\n|-weather|none\n|switch|p2a: Ho-Oh|Ho-Oh|74\/100\n|move|p1a: Grimmsnarl|Light Screen|p1a: Grimmsnarl\n|-sidestart|p1: Oinkman|move: Light Screen\n|\n|upkeep\n|turn|17\n|\n|t:|1700072877\n|move|p1a: Grimmsnarl|Parting Shot|p2a: Ho-Oh\n|-unboost|p2a: Ho-Oh|atk|1\n|-unboost|p2a: Ho-Oh|spa|1\n|\n|t:|1700072883\n|switch|p1a: Dragonite|Dragonite, M|100\/100|[from] Parting Shot\n|move|p2a: Ho-Oh|Toxic|p1a: Dragonite\n|-status|p1a: Dragonite|tox\n|-enditem|p1a: Dragonite|Lum Berry|[eat]\n|-curestatus|p1a: Dragonite|tox|[msg]\n|\n|upkeep\n|turn|18\n|\n|t:|1700072892\n|move|p1a: Dragonite|Dragon Dance|p1a: Dragonite\n|-boost|p1a: Dragonite|atk|1\n|-boost|p1a: Dragonite|spe|1\n|move|p2a: Ho-Oh|Whirlwind|p1a: Dragonite\n|drag|p1a: Serperior|Serperior, F|100\/100\n|\n|upkeep\n|turn|19\n|\n|t:|1700072900\n|move|p1a: Serperior|Hidden Power|p2a: Ho-Oh\n|-supereffective|p2a: Ho-Oh\n|-damage|p2a: Ho-Oh|46\/100\n|move|p2a: Ho-Oh|Toxic|p1a: Serperior\n|-status|p1a: Serperior|tox\n|\n|-damage|p1a: Serperior|94\/100 tox|[from] psn\n|upkeep\n|turn|20\n|\n|t:|1700072912\n|switch|p2a: Zygarde|Zygarde|82\/100 slp\n|move|p1a: Serperior|Leaf Storm|p2a: Zygarde\n|-damage|p2a: Zygarde|45\/100 slp\n|-boost|p1a: Serperior|spa|2\n|\n|-heal|p2a: Zygarde|52\/100 slp|[from] item: Leftovers\n|-damage|p1a: Serperior|82\/100 tox|[from] psn\n|upkeep\n|turn|21\n|\n|t:|1700072930\n|-terastallize|p1a: Serperior|Dragon\n|move|p1a: Serperior|Dragon Pulse|p2a: Zygarde\n|-supereffective|p2a: Zygarde\n|-damage|p2a: Zygarde|0 fnt\n|faint|p2a: Zygarde\n|\n|-damage|p1a: Serperior|63\/100 tox|[from] psn\n|upkeep\n|\n|t:|1700072947\n|switch|p2a: Zacian|Zacian-Crowned|100\/100\n|turn|22\n|\n|t:|1700072952\n|switch|p1a: Skeledirge|Skeledirge, F|100\/100\n|move|p2a: Zacian|Behemoth Blade|p1a: Skeledirge\n|-resisted|p1a: Skeledirge\n|-damage|p1a: Skeledirge|84\/100\n|\n|-heal|p1a: Skeledirge|90\/100|[from] item: Leftovers\n|upkeep\n|turn|23\n|\n|t:|1700072959\n|switch|p2a: Groudon|Groudon-Primal|59\/100\n|-weather|DesolateLand|[from] ability: Desolate Land|[of] p2a: Groudon\n|move|p1a: Skeledirge|Will-O-Wisp|p2a: Groudon\n|-immune|p2a: Groudon\n|\n|-weather|DesolateLand|[upkeep]\n|-heal|p1a: Skeledirge|96\/100|[from] item: Leftovers\n|-sideend|p1: Oinkman|move: Light Screen\n|upkeep\n|turn|24\n|\n|t:|1700072969\n|move|p1a: Skeledirge|Protect|p1a: Skeledirge\n|-singleturn|p1a: Skeledirge|Protect\n|move|p2a: Groudon|Rock Polish|p2a: Groudon\n|-boost|p2a: Groudon|spe|2\n|\n|-weather|DesolateLand|[upkeep]\n|-heal|p1a: Skeledirge|100\/100|[from] item: Leftovers\n|upkeep\n|turn|25\n|\n|t:|1700072978\n|switch|p1a: Grimmsnarl|Grimmsnarl, M|100\/100\n|move|p2a: Groudon|Precipice Blades|p1a: Grimmsnarl|[miss]\n|-miss|p2a: Groudon|p1a: Grimmsnarl\n|\n|-weather|DesolateLand|[upkeep]\n|upkeep\n|turn|26\n|\n|t:|1700072984\n|move|p1a: Grimmsnarl|Reflect|p1a: Grimmsnarl\n|-sidestart|p1: Oinkman|Reflect\n|move|p2a: Groudon|Precipice Blades|p1a: Grimmsnarl\n|-damage|p1a: Grimmsnarl|61\/100\n|\n|-weather|DesolateLand|[upkeep]\n|upkeep\n|turn|27\n|\n|t:|1700072990\n|move|p1a: Grimmsnarl|Light Screen|p1a: Grimmsnarl\n|-sidestart|p1: Oinkman|move: Light Screen\n|move|p2a: Groudon|Precipice Blades|p1a: Grimmsnarl\n|-damage|p1a: Grimmsnarl|23\/100\n|\n|-weather|DesolateLand|[upkeep]\n|upkeep\n|turn|28\n|\n|t:|1700072995\n|move|p1a: Grimmsnarl|Parting Shot|p2a: Groudon\n|-unboost|p2a: Groudon|atk|1\n|-unboost|p2a: Groudon|spa|1\n|\n|t:|1700073002\n|switch|p1a: Dragonite|Dragonite, M|100\/100|[from] Parting Shot\n|move|p2a: Groudon|Stone Edge|p1a: Dragonite\n|-supereffective|p1a: Dragonite\n|-damage|p1a: Dragonite|86\/100\n|\n|-weather|DesolateLand|[upkeep]\n|upkeep\n|turn|29\n|\n|t:|1700073017\n|-weather|none\n|switch|p2a: Ho-Oh|Ho-Oh|79\/100\n|move|p1a: Dragonite|Dragon Dance|p1a: Dragonite\n|-boost|p1a: Dragonite|atk|1\n|-boost|p1a: Dragonite|spe|1\n|\n|upkeep\n|turn|30\n|\n|t:|1700073023\n|move|p1a: Dragonite|Extreme Speed|p2a: Ho-Oh\n|-damage|p2a: Ho-Oh|47\/100\n|move|p2a: Ho-Oh|Whirlwind|p1a: Dragonite\n|drag|p1a: Skeledirge|Skeledirge, F|100\/100\n|\n|upkeep\n|turn|31\n|\n|t:|1700073033\n|move|p2a: Ho-Oh|Toxic|p1a: Skeledirge|[miss]\n|-miss|p2a: Ho-Oh|p1a: Skeledirge\n|move|p1a: Skeledirge|Torch Song|p2a: Ho-Oh\n|-resisted|p2a: Ho-Oh\n|-damage|p2a: Ho-Oh|38\/100\n|-boost|p1a: Skeledirge|spa|1\n|\n|upkeep\n|turn|32\n|\n|t:|1700073042\n|move|p2a: Ho-Oh|Toxic|p1a: Skeledirge\n|-status|p1a: Skeledirge|tox\n|move|p1a: Skeledirge|Torch Song|p2a: Ho-Oh\n|-resisted|p2a: Ho-Oh\n|-damage|p2a: Ho-Oh|27\/100\n|-boost|p1a: Skeledirge|spa|1\n|\n|-damage|p1a: Skeledirge|94\/100 tox|[from] psn\n|upkeep\n|turn|33\n|\n|t:|1700073050\n|switch|p2a: Groudon|Groudon-Primal|59\/100\n|-weather|DesolateLand|[from] ability: Desolate Land|[of] p2a: Groudon\n|move|p1a: Skeledirge|Hex|p2a: Groudon\n|-damage|p2a: Groudon|9\/100\n|\n|-weather|DesolateLand|[upkeep]\n|-heal|p1a: Skeledirge|100\/100 tox|[from] item: Leftovers\n|-damage|p1a: Skeledirge|88\/100 tox|[from] psn\n|-sideend|p1: Oinkman|Reflect\n|upkeep\n|turn|34\n|\n|t:|1700073059\n|move|p2a: Groudon|Precipice Blades|p1a: Skeledirge\n|-supereffective|p1a: Skeledirge\n|-damage|p1a: Skeledirge|0 fnt\n|faint|p1a: Skeledirge\n|\n|-weather|DesolateLand|[upkeep]\n|-sideend|p1: Oinkman|move: Light Screen\n|upkeep\n|\n|t:|1700073065\n|switch|p1a: Grimmsnarl|Grimmsnarl, M|23\/100\n|turn|35\n|\n|t:|1700073072\n|move|p1a: Grimmsnarl|Reflect|p1a: Grimmsnarl\n|-sidestart|p1: Oinkman|Reflect\n|move|p2a: Groudon|Precipice Blades|p1a: Grimmsnarl\n|-crit|p1a: Grimmsnarl\n|-damage|p1a: Grimmsnarl|0 fnt\n|faint|p1a: Grimmsnarl\n|\n|-weather|DesolateLand|[upkeep]\n|upkeep\n|\n|t:|1700073078\n|switch|p1a: Serperior|Serperior, F, tera:Dragon|63\/100 tox\n|turn|36\n|\n|t:|1700073083\n|move|p1a: Serperior|Leaf Storm|p2a: Groudon\n|-damage|p2a: Groudon|0 fnt\n|-boost|p1a: Serperior|spa|2\n|faint|p2a: Groudon\n|-weather|none\n|\n|-damage|p1a: Serperior|57\/100 tox|[from] psn\n|upkeep\n|\n|t:|1700073088\n|switch|p2a: Ho-Oh|Ho-Oh|60\/100\n|turn|37\n|\n|t:|1700073091\n|move|p1a: Serperior|Hidden Power|p2a: Ho-Oh\n|-supereffective|p2a: Ho-Oh\n|-damage|p2a: Ho-Oh|6\/100\n|move|p2a: Ho-Oh|Whirlwind|p1a: Serperior\n|drag|p1a: Dragonite|Dragonite, M|86\/100\n|\n|upkeep\n|turn|38\n|\n|t:|1700073100\n|move|p1a: Dragonite|Extreme Speed|p2a: Ho-Oh\n|-damage|p2a: Ho-Oh|0 fnt\n|faint|p2a: Ho-Oh\n|\n|upkeep\n|\n|t:|1700073103\n|switch|p2a: Xerneas|Xerneas|100\/100\n|-ability|p2a: Xerneas|Fairy Aura\n|turn|39\n|\n|t:|1700073109\n|move|p2a: Xerneas|Geomancy||[still]\n|-prepare|p2a: Xerneas|Geomancy\n|-enditem|p2a: Xerneas|Power Herb\n|-anim|p2a: Xerneas|Geomancy|p2a: Xerneas\n|-boost|p2a: Xerneas|spa|2\n|-boost|p2a: Xerneas|spd|2\n|-boost|p2a: Xerneas|spe|2\n|move|p1a: Dragonite|Dragon Dance|p1a: Dragonite\n|-boost|p1a: Dragonite|atk|1\n|-boost|p1a: Dragonite|spe|1\n|\n|upkeep\n|turn|40\n|\n|t:|1700073117\n|move|p2a: Xerneas|Moonblast|p1a: Dragonite\n|-supereffective|p1a: Dragonite\n|-damage|p1a: Dragonite|0 fnt\n|faint|p1a: Dragonite\n|\n|upkeep\n|\n|t:|1700073121\n|switch|p1a: Serperior|Serperior, F, tera:Dragon|57\/100 tox\n|turn|41\n|\n|t:|1700073126\n|move|p2a: Xerneas|Moonblast|p1a: Serperior\n|-supereffective|p1a: Serperior\n|-crit|p1a: Serperior\n|-damage|p1a: Serperior|0 fnt\n|faint|p1a: Serperior\n|\n|win|KarmaKazama0\n|raw|Oinkman's rating: 1323 &rarr; <strong>1315<\/strong><br \/>(-8 for losing)\n|raw|KarmaKazama0's rating: 1562 &rarr; <strong>1570<\/strong><br \/>(+8 for winning)\n|c|\u2606Oinkman|gg\n|c|\u2606KarmaKazama0|gg\n","uploadtime":1700073142,"views":7,"p1id":"oinkman","p2id":"karmakazama0","formatid":"gen9nationaldexubers","rating":1315,"private":0,"password":""}