{"id":"gen9nationaldexubers-1985264817","p1":"Szymszym134","p2":"arafatr871","format":"[Gen 9] National Dex Ubers","log":"|j|\u2606Szymszym134\n|j|\u2606arafatr871\n|t:|1699357382\n|gametype|singles\n|player|p1|Szymszym134|elesa|1711\n|player|p2|arafatr871|silver|1775\n|teamsize|p1|6\n|teamsize|p2|6\n|gen|9\n|tier|[Gen 9] National Dex Ubers\n|rated|\n|rule|HP Percentage Mod: HP is shown in percentages\n|rule|Endless Battle Clause: Forcing endless battles is banned\n|rule|OHKO Clause: OHKO moves are banned\n|rule|Evasion Moves Clause: Evasion moves are banned\n|rule|Evasion Items Clause: Evasion items are banned\n|rule|Species Clause: Limit one of each Pok\u00e9mon\n|rule|Sleep Clause Mod: Limit one foe put to sleep\n|rule|Mega Rayquaza Clause: You cannot mega evolve Rayquaza\n|clearpoke\n|poke|p1|Mewtwo|\n|poke|p1|Kingambit, F|\n|poke|p1|Garganacl, M|\n|poke|p1|Arceus-Ground|\n|poke|p1|Urshifu-*, F|\n|poke|p1|Ditto|\n|poke|p2|Groudon|\n|poke|p2|Dondozo, M|\n|poke|p2|Yveltal|\n|poke|p2|Zacian-*|\n|poke|p2|Necrozma-Dusk-Mane|\n|poke|p2|Kyogre|\n|teampreview\n|inactive|Battle timer is ON: inactive players will automatically lose when time's up. (requested by Szymszym134)\n|inactive|arafatr871 also wants the timer to be on.\n|inactive|arafatr871 has 120 seconds left.\n|\n|t:|1699357414\n|start\n|switch|p1a: Arceus|Arceus-Ground|100\/100\n|switch|p2a: Kyogre|Kyogre|100\/100\n|detailschange|p2a: Kyogre|Kyogre-Primal\n|-primal|p2a: Kyogre|Blue Orb\n|-weather|PrimordialSea|[from] ability: Primordial Sea|[of] p2a: Kyogre\n|turn|1\n|\n|t:|1699357424\n|-terastallize|p1a: Arceus|Water\n|move|p1a: Arceus|Judgment|p2a: Kyogre\n|-damage|p2a: Kyogre|69\/100\n|move|p2a: Kyogre|Water Spout|p1a: Arceus\n|-resisted|p1a: Arceus\n|-damage|p1a: Arceus|66\/100\n|\n|-weather|PrimordialSea|[upkeep]\n|upkeep\n|turn|2\n|\n|t:|1699357431\n|move|p1a: Arceus|Judgment|p2a: Kyogre\n|-damage|p2a: Kyogre|37\/100\n|move|p2a: Kyogre|Thunder|p1a: Arceus\n|-supereffective|p1a: Arceus\n|-damage|p1a: Arceus|3\/100\n|\n|-weather|PrimordialSea|[upkeep]\n|upkeep\n|turn|3\n|\n|t:|1699357437\n|-weather|none\n|switch|p2a: Groudon|Groudon, shiny|100\/100\n|detailschange|p2a: Groudon|Groudon-Primal, shiny\n|-primal|p2a: Groudon|Red Orb\n|-weather|DesolateLand|[from] ability: Desolate Land|[of] p2a: Groudon\n|move|p1a: Arceus|Judgment|p2a: Groudon\n|-supereffective|p2a: Groudon\n|-damage|p2a: Groudon|0 fnt\n|faint|p2a: Groudon\n|-weather|none\n|\n|upkeep\n|\n|t:|1699357455\n|switch|p2a: Zacian|Zacian-Crowned|100\/100\n|-ability|p2a: Zacian|Intrepid Sword|boost\n|-boost|p2a: Zacian|atk|1\n|turn|4\n|\n|t:|1699357459\n|move|p2a: Zacian|Behemoth Blade|p1a: Arceus\n|-resisted|p1a: Arceus\n|-damage|p1a: Arceus|0 fnt\n|faint|p1a: Arceus\n|\n|upkeep\n|\n|t:|1699357461\n|switch|p1a: Ditto|Ditto|100\/100\n|-transform|p1a: Ditto|p2a: Zacian|[from] ability: Imposter\n|-ability|p1a: Ditto|Intrepid Sword|boost\n|-boost|p1a: Ditto|atk|1\n|turn|5\n|\n|t:|1699357478\n|switch|p2a: Dondozo|Dondozo, M, shiny|100\/100\n|move|p1a: Ditto|Behemoth Blade|p2a: Dondozo\n|-resisted|p2a: Dondozo\n|-damage|p2a: Dondozo|87\/100\n|\n|-heal|p2a: Dondozo|93\/100|[from] item: Leftovers\n|upkeep\n|turn|6\n|\n|t:|1699357484\n|switch|p1a: Garganacl|Garganacl, M|100\/100\n|move|p2a: Dondozo|Curse|p2a: Dondozo\n|-unboost|p2a: Dondozo|spe|1\n|-boost|p2a: Dondozo|atk|1\n|-boost|p2a: Dondozo|def|1\n|\n|-heal|p2a: Dondozo|99\/100|[from] item: Leftovers\n|upkeep\n|turn|7\n|\n|t:|1699357491\n|move|p1a: Garganacl|Salt Cure|p2a: Dondozo\n|-damage|p2a: Dondozo|94\/100\n|-start|p2a: Dondozo|Salt Cure\n|move|p2a: Dondozo|Liquidation|p1a: Garganacl\n|-supereffective|p1a: Garganacl\n|-damage|p1a: Garganacl|51\/100\n|\n|-heal|p1a: Garganacl|57\/100|[from] item: Leftovers\n|-heal|p2a: Dondozo|100\/100|[from] item: Leftovers\n|-damage|p2a: Dondozo|75\/100|[from] Salt Cure\n|upkeep\n|turn|8\n|\n|t:|1699357501\n|move|p1a: Garganacl|Recover|p1a: Garganacl\n|-heal|p1a: Garganacl|100\/100\n|move|p2a: Dondozo|Curse|p2a: Dondozo\n|-unboost|p2a: Dondozo|spe|1\n|-boost|p2a: Dondozo|atk|1\n|-boost|p2a: Dondozo|def|1\n|\n|-heal|p2a: Dondozo|82\/100|[from] item: Leftovers\n|-damage|p2a: Dondozo|57\/100|[from] Salt Cure\n|upkeep\n|turn|9\n|\n|t:|1699357509\n|move|p1a: Garganacl|Stealth Rock|p2a: Dondozo\n|-sidestart|p2: arafatr871|move: Stealth Rock\n|move|p2a: Dondozo|Earthquake|p1a: Garganacl\n|-supereffective|p1a: Garganacl\n|-damage|p1a: Garganacl|49\/100\n|\n|-heal|p1a: Garganacl|55\/100|[from] item: Leftovers\n|-heal|p2a: Dondozo|63\/100|[from] item: Leftovers\n|-damage|p2a: Dondozo|38\/100|[from] Salt Cure\n|upkeep\n|turn|10\n|\n|t:|1699357516\n|switch|p2a: Kyogre|Kyogre-Primal|37\/100\n|-damage|p2a: Kyogre|24\/100|[from] Stealth Rock\n|-weather|PrimordialSea|[from] ability: Primordial Sea|[of] p2a: Kyogre\n|move|p1a: Garganacl|Recover|p1a: Garganacl\n|-heal|p1a: Garganacl|100\/100\n|\n|-weather|PrimordialSea|[upkeep]\n|upkeep\n|turn|11\n|\n|t:|1699357520\n|switch|p1a: Ditto|Ditto|100\/100\n|-transform|p1a: Ditto|p2a: Kyogre|[from] ability: Imposter\n|move|p2a: Kyogre|Scald|p1a: Ditto\n|-resisted|p1a: Ditto\n|-damage|p1a: Ditto|68\/100\n|-status|p1a: Ditto|brn\n|\n|-weather|PrimordialSea|[upkeep]\n|-damage|p1a: Ditto|62\/100 brn|[from] brn\n|upkeep\n|turn|12\n|\n|t:|1699357544\n|move|p1a: Ditto|Thunder|p2a: Kyogre\n|-supereffective|p2a: Kyogre\n|-damage|p2a: Kyogre|0 fnt\n|faint|p2a: Kyogre\n|\n|-weather|PrimordialSea|[upkeep]\n|-damage|p1a: Ditto|56\/100 brn|[from] brn\n|upkeep\n|inactive|arafatr871 has 120 seconds left.\n|\n|t:|1699357560\n|switch|p2a: Zacian|Zacian-Crowned|100\/100\n|-damage|p2a: Zacian|94\/100|[from] Stealth Rock\n|turn|13\n|inactive|arafatr871 has 120 seconds left.\n|inactive|Szymszym134 has 120 seconds left.\n|\n|t:|1699357609\n|-weather|none\n|switch|p1a: Kingambit|Kingambit, F|100\/100\n|-activate|p1a: Kingambit|ability: Supreme Overlord\n|-start|p1a: Kingambit|fallen1|[silent]\n|-terastallize|p2a: Zacian|Ground\n|move|p2a: Zacian|Swords Dance|p2a: Zacian\n|-boost|p2a: Zacian|atk|2\n|\n|upkeep\n|turn|14\n|inactive|arafatr871 has 120 seconds left.\n|\n|t:|1699357622\n|move|p1a: Kingambit|Sucker Punch|p2a: Zacian\n|-damage|p2a: Zacian|37\/100\n|move|p2a: Zacian|Close Combat|p1a: Kingambit\n|-supereffective|p1a: Kingambit\n|-damage|p1a: Kingambit|0 fnt\n|-unboost|p2a: Zacian|def|1\n|-unboost|p2a: Zacian|spd|1\n|faint|p1a: Kingambit\n|-end|p1a: Kingambit|fallen1|[silent]\n|\n|upkeep\n|\n|t:|1699357627\n|switch|p1a: Ditto|Ditto|56\/100 brn\n|-transform|p1a: Ditto|p2a: Zacian|[from] ability: Imposter\n|-start|p1a: Ditto|typechange|Fairy\/Steel|[silent]\n|turn|15\n|\n|t:|1699357637\n|switch|p2a: Dondozo|Dondozo, M, shiny|38\/100\n|-damage|p2a: Dondozo|25\/100|[from] Stealth Rock\n|move|p1a: Ditto|Behemoth Blade|p2a: Dondozo\n|-resisted|p2a: Dondozo\n|-damage|p2a: Dondozo|19\/100\n|\n|-heal|p2a: Dondozo|25\/100|[from] item: Leftovers\n|-damage|p1a: Ditto|50\/100 brn|[from] brn\n|upkeep\n|turn|16\n|\n|t:|1699357643\n|switch|p1a: Garganacl|Garganacl, M|100\/100\n|move|p2a: Dondozo|Rest|p2a: Dondozo\n|-status|p2a: Dondozo|slp|[from] move: Rest\n|-heal|p2a: Dondozo|100\/100 slp|[silent]\n|\n|upkeep\n|turn|17\n|\n|t:|1699357655\n|move|p1a: Garganacl|Salt Cure|p2a: Dondozo\n|-damage|p2a: Dondozo|94\/100 slp\n|-start|p2a: Dondozo|Salt Cure\n|cant|p2a: Dondozo|slp\n|\n|-heal|p2a: Dondozo|99\/100 slp|[from] item: Leftovers\n|-damage|p2a: Dondozo|75\/100 slp|[from] Salt Cure\n|upkeep\n|turn|18\n|\n|t:|1699357661\n|switch|p2a: Necrozma|Necrozma-Dusk-Mane, shiny|100\/100\n|-damage|p2a: Necrozma|95\/100|[from] Stealth Rock\n|move|p1a: Garganacl|Salt Cure|p2a: Necrozma\n|-resisted|p2a: Necrozma\n|-damage|p2a: Necrozma|89\/100\n|-start|p2a: Necrozma|Salt Cure\n|\n|-damage|p2a: Necrozma|64\/100|[from] Salt Cure\n|upkeep\n|turn|19\n|\n|t:|1699357670\n|switch|p1a: Urshifu|Urshifu, F|100\/100\n|detailschange|p2a: Necrozma|Necrozma-Ultra, shiny\n|-burst|p2a: Necrozma|Necrozma|Ultranecrozium Z\n|move|p2a: Necrozma|Sunsteel Strike|p1a: Urshifu\n|-damage|p1a: Urshifu|59\/100\n|\n|-damage|p2a: Necrozma|52\/100|[from] Salt Cure\n|upkeep\n|turn|20\n|\n|t:|1699357679\n|switch|p2a: Dondozo|Dondozo, M, shiny|75\/100 slp\n|-damage|p2a: Dondozo|63\/100 slp|[from] Stealth Rock\n|move|p1a: Urshifu|Sucker Punch||[still]\n|-fail|p1a: Urshifu\n|\n|-heal|p2a: Dondozo|69\/100 slp|[from] item: Leftovers\n|upkeep\n|turn|21\n|\n|t:|1699357684\n|move|p1a: Urshifu|Low Kick|p2a: Dondozo\n|-damage|p2a: Dondozo|31\/100 slp\n|-damage|p1a: Urshifu|49\/100|[from] item: Life Orb\n|cant|p2a: Dondozo|slp\n|\n|-heal|p2a: Dondozo|37\/100 slp|[from] item: Leftovers\n|upkeep\n|turn|22\n|\n|t:|1699357689\n|move|p1a: Urshifu|Low Kick|p2a: Dondozo\n|-damage|p2a: Dondozo|0 fnt\n|faint|p2a: Dondozo\n|-damage|p1a: Urshifu|39\/100|[from] item: Life Orb\n|\n|upkeep\n|\n|t:|1699357694\n|switch|p2a: Yveltal|Yveltal, shiny|100\/100\n|-damage|p2a: Yveltal|76\/100|[from] Stealth Rock\n|-ability|p2a: Yveltal|Dark Aura\n|turn|23\n|\n|t:|1699357699\n|switch|p1a: Garganacl|Garganacl, M|100\/100\n|move|p2a: Yveltal|Dual Wingbeat|p1a: Garganacl\n|-resisted|p1a: Garganacl\n|-damage|p1a: Garganacl|94\/100\n|-resisted|p1a: Garganacl\n|-damage|p1a: Garganacl|87\/100\n|-hitcount|p1a: Garganacl|2\n|-damage|p2a: Yveltal|66\/100|[from] item: Life Orb\n|\n|-heal|p1a: Garganacl|93\/100|[from] item: Leftovers\n|upkeep\n|turn|24\n|\n|t:|1699357704\n|move|p2a: Yveltal|Knock Off|p1a: Garganacl\n|-damage|p1a: Garganacl|46\/100\n|-enditem|p1a: Garganacl|Leftovers|[from] move: Knock Off|[of] p2a: Yveltal\n|-damage|p2a: Yveltal|56\/100|[from] item: Life Orb\n|move|p1a: Garganacl|Salt Cure|p2a: Yveltal\n|-supereffective|p2a: Yveltal\n|-damage|p2a: Yveltal|31\/100\n|-start|p2a: Yveltal|Salt Cure\n|\n|-damage|p2a: Yveltal|18\/100|[from] Salt Cure\n|upkeep\n|turn|25\n|\n|t:|1699357720\n|move|p2a: Yveltal|Defog|p1a: Garganacl\n|-unboost|p1a: Garganacl|evasion|1\n|-sideend|p2: arafatr871|Stealth Rock|[from] move: Defog|[of] p2a: Yveltal\n|move|p1a: Garganacl|Recover|p1a: Garganacl\n|-heal|p1a: Garganacl|96\/100\n|\n|-damage|p2a: Yveltal|6\/100|[from] Salt Cure\n|upkeep\n|turn|26\n|\n|t:|1699357729\n|switch|p2a: Zacian|Zacian-Crowned, tera:Ground|37\/100\n|move|p1a: Garganacl|Protect||[still]\n|-fail|p1a: Garganacl\n|\n|upkeep\n|turn|27\n|\n|t:|1699357735\n|move|p2a: Zacian|Swords Dance|p2a: Zacian\n|-boost|p2a: Zacian|atk|2\n|move|p1a: Garganacl|Salt Cure|p2a: Zacian\n|-resisted|p2a: Zacian\n|-damage|p2a: Zacian|30\/100\n|-start|p2a: Zacian|Salt Cure\n|\n|-damage|p2a: Zacian|18\/100|[from] Salt Cure\n|upkeep\n|turn|28\n|\n|t:|1699357747\n|move|p1a: Garganacl|Protect|p1a: Garganacl\n|-singleturn|p1a: Garganacl|Protect\n|move|p2a: Zacian|Close Combat|p1a: Garganacl\n|-activate|p1a: Garganacl|move: Protect\n|\n|-damage|p2a: Zacian|6\/100|[from] Salt Cure\n|upkeep\n|turn|29\n|\n|t:|1699357754\n|move|p1a: Garganacl|Protect||[still]\n|-fail|p1a: Garganacl\n|move|p2a: Zacian|Close Combat|p1a: Garganacl\n|-supereffective|p1a: Garganacl\n|-damage|p1a: Garganacl|6\/100\n|-unboost|p2a: Zacian|def|1\n|-unboost|p2a: Zacian|spd|1\n|\n|-damage|p2a: Zacian|0 fnt|[from] Salt Cure\n|faint|p2a: Zacian\n|upkeep\n|\n|t:|1699357770\n|switch|p2a: Yveltal|Yveltal, shiny|6\/100\n|-ability|p2a: Yveltal|Dark Aura\n|turn|30\n|\n|t:|1699357772\n|move|p2a: Yveltal|Knock Off|p1a: Garganacl\n|-damage|p1a: Garganacl|0 fnt\n|faint|p1a: Garganacl\n|-damage|p2a: Yveltal|0 fnt|[from] item: Life Orb\n|faint|p2a: Yveltal\n|\n|upkeep\n|\n|t:|1699357776\n|switch|p2a: Necrozma|Necrozma-Ultra, shiny|52\/100\n|switch|p1a: Mewtwo|Mewtwo|100\/100\n|-ability|p1a: Mewtwo|Unnerve\n|turn|31\n|\n|t:|1699357782\n|detailschange|p1a: Mewtwo|Mewtwo-Mega-Y\n|-mega|p1a: Mewtwo|Mewtwo|Mewtwonite Y\n|move|p1a: Mewtwo|Ice Beam|p2a: Necrozma\n|-supereffective|p2a: Necrozma\n|-damage|p2a: Necrozma|0 fnt\n|faint|p2a: Necrozma\n|\n|win|Szymszym134\n|raw|Szymszym134's rating: 1711 &rarr; <strong>1735<\/strong><br \/>(+24 for winning)\n|raw|arafatr871's rating: 1775 &rarr; <strong>1751<\/strong><br \/>(-24 for losing)\n|l|\u2606arafatr871\n|l|\u2606Szymszym134\n","uploadtime":1699357894,"views":7,"p1id":"szymszym134","p2id":"arafatr871","formatid":"gen9nationaldexubers","rating":1735,"private":0,"password":""}