{"id":"gen9nationaldexubers-1996489267","p1":"harmony6","p2":"k7eenex","format":"[Gen 9] National Dex Ubers","log":"|j|\u2606harmony6\n|j|\u2606k7eenex\n|t:|1700686976\n|gametype|singles\n|player|p1|harmony6|lass-gen4dp|\n|player|p2|k7eenex|hiker-gen4|\n|teamsize|p1|6\n|teamsize|p2|6\n|gen|9\n|tier|[Gen 9] National Dex Ubers\n|rule|HP Percentage Mod: HP is shown in percentages\n|rule|Endless Battle Clause: Forcing endless battles is banned\n|rule|OHKO Clause: OHKO moves are banned\n|rule|Evasion Moves Clause: Evasion moves are banned\n|rule|Evasion Items Clause: Evasion items are banned\n|rule|Species Clause: Limit one of each Pok\u00e9mon\n|rule|Sleep Clause Mod: Limit one foe put to sleep\n|rule|Mega Rayquaza Clause: You cannot mega evolve Rayquaza\n|clearpoke\n|poke|p1|Lopunny, M|\n|poke|p1|Gastrodon, F|\n|poke|p1|Skeledirge, F|\n|poke|p1|Meowscarada, F|\n|poke|p1|Hatterene, F|\n|poke|p1|Zapdos|\n|poke|p2|Aerodactyl, M|\n|poke|p2|Tyranitar, F|\n|poke|p2|Ogerpon-Cornerstone, F|\n|poke|p2|Conkeldurr, M|\n|poke|p2|Golem-Alola, M|\n|poke|p2|Coalossal, M|\n|teampreview\n|\n|t:|1700686983\n|start\n|switch|p1a: Lopunny|Lopunny, M|100\/100\n|switch|p2a: Terminator|Aerodactyl, M, shiny|100\/100\n|-ability|p2a: Terminator|Unnerve\n|turn|1\n|\n|t:|1700686997\n|detailschange|p2a: Terminator|Aerodactyl-Mega, M, shiny\n|-mega|p2a: Terminator|Aerodactyl|Aerodactylite\n|detailschange|p1a: Lopunny|Lopunny-Mega, M\n|-mega|p1a: Lopunny|Lopunny|Lopunnite\n|move|p1a: Lopunny|Fake Out|p2a: Terminator\n|-resisted|p2a: Terminator\n|-damage|p2a: Terminator|87\/100\n|cant|p2a: Terminator|flinch\n|\n|upkeep\n|turn|2\n|\n|t:|1700687033\n|switch|p1a: Zapdos|Zapdos|100\/100\n|move|p2a: Terminator|Stone Edge|p1a: Zapdos|[miss]\n|-miss|p2a: Terminator|p1a: Zapdos\n|\n|upkeep\n|turn|3\n|c|\u2606k7eenex|dodged a bullet\n|\n|t:|1700687050\n|switch|p2a: TR4PHAU5|Golem-Alola, M|100\/100\n|move|p1a: Zapdos|Discharge|p2a: TR4PHAU5\n|-resisted|p2a: TR4PHAU5\n|-damage|p2a: TR4PHAU5|74\/100\n|\n|upkeep\n|turn|4\n|\n|t:|1700687066\n|switch|p1a: Gastrodon|Gastrodon, F|100\/100\n|move|p2a: TR4PHAU5|Rock Tomb|p1a: Gastrodon\n|-resisted|p1a: Gastrodon\n|-damage|p1a: Gastrodon|83\/100\n|-unboost|p1a: Gastrodon|spe|1\n|\n|-heal|p1a: Gastrodon|89\/100|[from] item: Leftovers\n|upkeep\n|turn|5\n|\n|t:|1700687084\n|switch|p2a: Die Hard|Conkeldurr, M|100\/100\n|move|p1a: Gastrodon|Scald|p2a: Die Hard\n|-damage|p2a: Die Hard|69\/100\n|\n|-heal|p1a: Gastrodon|95\/100|[from] item: Leftovers\n|-status|p2a: Die Hard|brn|[from] item: Flame Orb\n|upkeep\n|turn|6\n|c|\u2606harmony6|I expected dwb\n|c|\u2606harmony6|shoulda stayed in\n|\n|t:|1700687106\n|switch|p1a: Zapdos|Zapdos|100\/100\n|move|p2a: Die Hard|Facade|p1a: Zapdos\n|-damage|p1a: Zapdos|44\/100\n|\n|-damage|p2a: Die Hard|63\/100 brn|[from] brn\n|upkeep\n|turn|7\n|\n|t:|1700687118\n|switch|p2a: TR4PHAU5|Golem-Alola, M|74\/100\n|move|p1a: Zapdos|Roost|p1a: Zapdos\n|-heal|p1a: Zapdos|94\/100\n|-singleturn|p1a: Zapdos|move: Roost\n|\n|upkeep\n|turn|8\n|\n|t:|1700687138\n|move|p1a: Zapdos|Discharge|p2a: TR4PHAU5\n|-resisted|p2a: TR4PHAU5\n|-damage|p2a: TR4PHAU5|47\/100\n|move|p2a: TR4PHAU5|Rock Tomb|p1a: Zapdos\n|-supereffective|p1a: Zapdos\n|-damage|p1a: Zapdos|51\/100\n|-unboost|p1a: Zapdos|spe|1\n|\n|upkeep\n|turn|9\n|\n|t:|1700687156\n|move|p2a: TR4PHAU5|Earthquake|p1a: Zapdos\n|-immune|p1a: Zapdos\n|move|p1a: Zapdos|Roost|p1a: Zapdos\n|-heal|p1a: Zapdos|100\/100\n|-singleturn|p1a: Zapdos|move: Roost\n|\n|upkeep\n|turn|10\n|inactive|Battle timer is ON: inactive players will automatically lose when time's up. (requested by harmony6)\n|c|\u2606harmony6|Lmao\n|inactiveoff|Battle timer is now OFF.\n|c|\u2606k7eenex|wow i outsped u\n|c|\u2606harmony6|Oops\n|\n|t:|1700687173\n|move|p2a: TR4PHAU5|Rock Tomb|p1a: Zapdos\n|-supereffective|p1a: Zapdos\n|-damage|p1a: Zapdos|58\/100\n|-unboost|p1a: Zapdos|spe|1\n|move|p1a: Zapdos|Discharge|p2a: TR4PHAU5\n|-resisted|p2a: TR4PHAU5\n|-damage|p2a: TR4PHAU5|19\/100\n|\n|upkeep\n|turn|11\n|c|\u2606harmony6|I know lmao\n|\n|t:|1700687181\n|move|p2a: TR4PHAU5|Wild Charge|p1a: Zapdos\n|-crit|p1a: Zapdos\n|-damage|p1a: Zapdos|13\/100\n|-damage|p2a: TR4PHAU5|4\/100|[from] Recoil\n|move|p1a: Zapdos|Roost|p1a: Zapdos\n|-heal|p1a: Zapdos|63\/100\n|-singleturn|p1a: Zapdos|move: Roost\n|\n|upkeep\n|turn|12\n|\n|t:|1700687191\n|-zpower|p2a: TR4PHAU5\n|move|p2a: TR4PHAU5|Inferno Overdrive|p1a: Zapdos|[zeffect]\n|-damage|p1a: Zapdos|29\/100\n|move|p1a: Zapdos|Roost|p1a: Zapdos\n|-heal|p1a: Zapdos|79\/100\n|-singleturn|p1a: Zapdos|move: Roost\n|\n|upkeep\n|turn|13\n|\n|t:|1700687203\n|switch|p1a: Gastrodon|Gastrodon, F|95\/100\n|move|p2a: TR4PHAU5|Rock Tomb|p1a: Gastrodon\n|-resisted|p1a: Gastrodon\n|-damage|p1a: Gastrodon|78\/100\n|-unboost|p1a: Gastrodon|spe|1\n|\n|-heal|p1a: Gastrodon|84\/100|[from] item: Leftovers\n|upkeep\n|turn|14\n|\n|t:|1700687210\n|switch|p1a: Zapdos|Zapdos|79\/100\n|move|p2a: TR4PHAU5|Earthquake|p1a: Zapdos\n|-immune|p1a: Zapdos\n|\n|upkeep\n|turn|15\n|\n|t:|1700687217\n|move|p1a: Zapdos|Discharge|p2a: TR4PHAU5\n|-resisted|p2a: TR4PHAU5\n|-damage|p2a: TR4PHAU5|0 fnt\n|faint|p2a: TR4PHAU5\n|\n|upkeep\n|c|\u2606harmony6|I still find it funny how ferrothorn can be deadweight vs rock\n|\n|t:|1700687270\n|switch|p2a: Dopamine|Ogerpon-Cornerstone, F|100\/100\n|turn|16\n|\n|t:|1700687291\n|move|p2a: Dopamine|Ivy Cudgel|p1a: Zapdos|[anim] Ivy Cudgel Rock\n|-supereffective|p1a: Zapdos\n|-damage|p1a: Zapdos|0 fnt\n|faint|p1a: Zapdos\n|\n|upkeep\n|c|\u2606harmony6|Oh\n|\n|t:|1700687304\n|switch|p1a: Lopunny|Lopunny-Mega, M|100\/100\n|turn|17\n|\n|t:|1700687324\n|switch|p2a: BUFFALO WINGS|Coalossal, M|100\/100\n|move|p1a: Lopunny|Fake Out|p2a: BUFFALO WINGS\n|-resisted|p2a: BUFFALO WINGS\n|-damage|p2a: BUFFALO WINGS|95\/100\n|\n|upkeep\n|turn|18\n|\n|t:|1700687356\n|switch|p1a: Skeledirge|Skeledirge, F|100\/100\n|switch|p2a: Dopamine|Ogerpon-Cornerstone, F|100\/100\n|\n|upkeep\n|turn|19\n|\n|t:|1700687373\n|move|p2a: Dopamine|Ivy Cudgel|p1a: Skeledirge|[anim] Ivy Cudgel Rock\n|-supereffective|p1a: Skeledirge\n|-damage|p1a: Skeledirge|33\/100\n|move|p1a: Skeledirge|Will-O-Wisp|p2a: Dopamine\n|-status|p2a: Dopamine|brn\n|\n|-damage|p2a: Dopamine|95\/100 brn|[from] brn\n|upkeep\n|turn|20\n|\n|t:|1700687379\n|move|p2a: Dopamine|Ivy Cudgel|p1a: Skeledirge|[anim] Ivy Cudgel Rock\n|-supereffective|p1a: Skeledirge\n|-damage|p1a: Skeledirge|0 fnt\n|faint|p1a: Skeledirge\n|\n|-damage|p2a: Dopamine|89\/100 brn|[from] brn\n|upkeep\n|\n|t:|1700687385\n|switch|p1a: Lopunny|Lopunny-Mega, M|100\/100\n|turn|21\n|c|\u2606harmony6|Damn\n|\n|t:|1700687422\n|switch|p2a: BUFFALO WINGS|Coalossal, M|95\/100\n|move|p1a: Lopunny|Close Combat|p2a: BUFFALO WINGS\n|-supereffective|p2a: BUFFALO WINGS\n|-damage|p2a: BUFFALO WINGS|34\/100\n|-unboost|p1a: Lopunny|def|1\n|-unboost|p1a: Lopunny|spd|1\n|\n|upkeep\n|turn|22\n|\n|t:|1700687429\n|move|p1a: Lopunny|Close Combat|p2a: BUFFALO WINGS\n|-supereffective|p2a: BUFFALO WINGS\n|-damage|p2a: BUFFALO WINGS|0 fnt\n|-unboost|p1a: Lopunny|def|1\n|-unboost|p1a: Lopunny|spd|1\n|-status|p1a: Lopunny|brn|[from] ability: Flame Body|[of] p2a: BUFFALO WINGS\n|faint|p2a: BUFFALO WINGS\n|\n|-damage|p1a: Lopunny|95\/100 brn|[from] brn\n|upkeep\n|\n|t:|1700687445\n|switch|p2a: Die Hard|Conkeldurr, M|63\/100 brn\n|turn|23\n|c|\u2606harmony6|Some cursed shits about to happen\n|\n|t:|1700687457\n|switch|p1a: Hatterene|Hatterene, F|100\/100\n|move|p2a: Die Hard|Facade|p1a: Hatterene\n|-damage|p1a: Hatterene|28\/100\n|\n|-heal|p1a: Hatterene|34\/100|[from] item: Leftovers\n|-damage|p2a: Die Hard|57\/100 brn|[from] brn\n|upkeep\n|turn|24\n|\n|t:|1700687472\n|switch|p2a: NOTORIOUS|Tyranitar, F|100\/100\n|-weather|Sandstorm|[from] ability: Sand Stream|[of] p2a: NOTORIOUS\n|switch|p1a: Lopunny|Lopunny-Mega, M|95\/100 brn\n|\n|-weather|Sandstorm|[upkeep]\n|-damage|p1a: Lopunny|89\/100 brn|[from] Sandstorm\n|-damage|p1a: Lopunny|83\/100 brn|[from] brn\n|upkeep\n|turn|25\n|\n|t:|1700687483\n|switch|p2a: Die Hard|Conkeldurr, M|57\/100 brn\n|move|p1a: Lopunny|Close Combat|p2a: Die Hard\n|-damage|p2a: Die Hard|30\/100 brn\n|-unboost|p1a: Lopunny|def|1\n|-unboost|p1a: Lopunny|spd|1\n|\n|-weather|Sandstorm|[upkeep]\n|-damage|p1a: Lopunny|77\/100 brn|[from] Sandstorm\n|-damage|p2a: Die Hard|24\/100 brn|[from] Sandstorm\n|-damage|p1a: Lopunny|71\/100 brn|[from] brn\n|-damage|p2a: Die Hard|18\/100 brn|[from] brn\n|upkeep\n|turn|26\n|\n|t:|1700687491\n|switch|p1a: Hatterene|Hatterene, F|34\/100\n|move|p2a: Die Hard|Mach Punch|p1a: Hatterene\n|-resisted|p1a: Hatterene\n|-damage|p1a: Hatterene|26\/100\n|\n|-weather|Sandstorm|[upkeep]\n|-damage|p2a: Die Hard|12\/100 brn|[from] Sandstorm\n|-damage|p1a: Hatterene|20\/100|[from] Sandstorm\n|-heal|p1a: Hatterene|26\/100|[from] item: Leftovers\n|-damage|p2a: Die Hard|6\/100 brn|[from] brn\n|upkeep\n|turn|27\n|\n|t:|1700687528\n|switch|p2a: NOTORIOUS|Tyranitar, F|100\/100\n|switch|p1a: Lopunny|Lopunny-Mega, M|71\/100 brn\n|\n|-weather|Sandstorm|[upkeep]\n|-damage|p1a: Lopunny|65\/100 brn|[from] Sandstorm\n|-damage|p1a: Lopunny|59\/100 brn|[from] brn\n|upkeep\n|turn|28\n|c|\u2606harmony6|This is a scuffed endgame\n|l|\u2606harmony6\n|player|p1|\n|j|\u2606harmony6\n|player|p1|harmony6|lass-gen4dp\n|\n|t:|1700687613\n|switch|p2a: Die Hard|Conkeldurr, M|6\/100 brn\n|move|p1a: Lopunny|Close Combat|p2a: Die Hard\n|-damage|p2a: Die Hard|0 fnt\n|-unboost|p1a: Lopunny|def|1\n|-unboost|p1a: Lopunny|spd|1\n|faint|p2a: Die Hard\n|\n|-weather|none\n|-damage|p1a: Lopunny|53\/100 brn|[from] brn\n|upkeep\n|\n|t:|1700687621\n|switch|p2a: Terminator|Aerodactyl-Mega, M, shiny|87\/100\n|turn|29\n|\n|t:|1700687632\n|switch|p1a: Hatterene|Hatterene, F|26\/100\n|move|p2a: Terminator|Dual Wingbeat|p1a: Hatterene\n|-damage|p1a: Hatterene|2\/100\n|-damage|p1a: Hatterene|0 fnt\n|faint|p1a: Hatterene\n|-hitcount|p1: Hatterene|2\n|\n|upkeep\n|\n|t:|1700687644\n|switch|p1a: Gastrodon|Gastrodon, F|84\/100\n|turn|30\n|l|\u2606harmony6\n|player|p1|\n|j|\u2606harmony6\n|player|p1|harmony6|lass-gen4dp\n|\n|t:|1700687657\n|switch|p2a: Dopamine|Ogerpon-Cornerstone, F|89\/100 brn\n|move|p1a: Gastrodon|Scald|p2a: Dopamine\n|-damage|p2a: Dopamine|57\/100 brn\n|\n|-heal|p1a: Gastrodon|90\/100|[from] item: Leftovers\n|-damage|p2a: Dopamine|51\/100 brn|[from] brn\n|upkeep\n|turn|31\n|\n|t:|1700687675\n|switch|p1a: Meowscarada|Meowscarada, F|100\/100\n|move|p2a: Dopamine|Power Whip|p1a: Meowscarada\n|-resisted|p1a: Meowscarada\n|-damage|p1a: Meowscarada|72\/100\n|\n|-damage|p2a: Dopamine|45\/100 brn|[from] brn\n|upkeep\n|turn|32\n|\n|t:|1700687697\n|switch|p2a: NOTORIOUS|Tyranitar, F|100\/100\n|-weather|Sandstorm|[from] ability: Sand Stream|[of] p2a: NOTORIOUS\n|move|p1a: Meowscarada|U-turn|p2a: NOTORIOUS\n|-start|p1a: Meowscarada|typechange|Bug|[from] ability: Protean\n|-supereffective|p2a: NOTORIOUS\n|-damage|p2a: NOTORIOUS|5\/100\n|\n|t:|1700687700\n|switch|p1a: Lopunny|Lopunny-Mega, M|53\/100 brn|[from] U-turn\n|\n|-weather|Sandstorm|[upkeep]\n|-damage|p1a: Lopunny|47\/100 brn|[from] Sandstorm\n|-damage|p1a: Lopunny|41\/100 brn|[from] brn\n|upkeep\n|turn|33\n|\n|t:|1700687712\n|move|p1a: Lopunny|Fake Out|p2a: NOTORIOUS\n|-resisted|p2a: NOTORIOUS\n|-damage|p2a: NOTORIOUS|0 fnt\n|faint|p2a: NOTORIOUS\n|\n|-weather|Sandstorm|[upkeep]\n|-damage|p1a: Lopunny|36\/100 brn|[from] Sandstorm\n|-damage|p1a: Lopunny|30\/100 brn|[from] brn\n|upkeep\n|\n|t:|1700687717\n|switch|p2a: Terminator|Aerodactyl-Mega, M, shiny|87\/100\n|turn|34\n|c|\u2606harmony6|Scuffed is now an understatement\n|\n|t:|1700687727\n|move|p2a: Terminator|Dragon Dance|p2a: Terminator\n|-boost|p2a: Terminator|atk|1\n|-boost|p2a: Terminator|spe|1\n|move|p1a: Lopunny|Close Combat|p2a: Terminator\n|-damage|p2a: Terminator|42\/100\n|-unboost|p1a: Lopunny|def|1\n|-unboost|p1a: Lopunny|spd|1\n|\n|-weather|Sandstorm|[upkeep]\n|-damage|p1a: Lopunny|24\/100 brn|[from] Sandstorm\n|-damage|p1a: Lopunny|18\/100 brn|[from] brn\n|upkeep\n|turn|35\n|\n|t:|1700687738\n|move|p2a: Terminator|Earthquake|p1a: Lopunny\n|-damage|p1a: Lopunny|0 fnt\n|faint|p1a: Lopunny\n|\n|-weather|Sandstorm|[upkeep]\n|upkeep\n|\n|t:|1700687739\n|switch|p1a: Gastrodon|Gastrodon, F|90\/100\n|turn|36\n|\n|t:|1700687750\n|switch|p2a: Dopamine|Ogerpon-Cornerstone, F|45\/100 brn\n|move|p1a: Gastrodon|Scald|p2a: Dopamine\n|-damage|p2a: Dopamine|24\/100 brn\n|\n|-weather|none\n|-heal|p1a: Gastrodon|96\/100|[from] item: Leftovers\n|-damage|p2a: Dopamine|18\/100 brn|[from] brn\n|upkeep\n|turn|37\n|\n|t:|1700687762\n|switch|p1a: Meowscarada|Meowscarada, F|72\/100\n|move|p2a: Dopamine|Superpower|p1a: Meowscarada\n|-supereffective|p1a: Meowscarada\n|-damage|p1a: Meowscarada|0 fnt\n|-unboost|p2a: Dopamine|atk|1\n|-unboost|p2a: Dopamine|def|1\n|faint|p1a: Meowscarada\n|\n|-damage|p2a: Dopamine|12\/100 brn|[from] brn\n|upkeep\n|\n|t:|1700687764\n|switch|p1a: Gastrodon|Gastrodon, F|96\/100\n|turn|38\n|\n|t:|1700687777\n|move|p2a: Dopamine|Power Whip|p1a: Gastrodon\n|-supereffective|p1a: Gastrodon\n|-damage|p1a: Gastrodon|1\/100\n|move|p1a: Gastrodon|Recover|p1a: Gastrodon\n|-heal|p1a: Gastrodon|52\/100\n|\n|-heal|p1a: Gastrodon|58\/100|[from] item: Leftovers\n|-damage|p2a: Dopamine|6\/100 brn|[from] brn\n|upkeep\n|turn|39\n|\n|t:|1700687783\n|move|p2a: Dopamine|Power Whip|p1a: Gastrodon\n|-supereffective|p1a: Gastrodon\n|-damage|p1a: Gastrodon|0 fnt\n|faint|p1a: Gastrodon\n|\n|win|k7eenex\n|c|\u2606harmony6|Miss\n|c|\u2606harmony6|noooo\n|c|\u2606k7eenex|gg\n|c|\u2606harmony6|Ggs\n|c|\u2606harmony6|wp\n","uploadtime":1700687789,"views":26,"p1id":"harmony6","p2id":"k7eenex","formatid":"gen9nationaldexubers","rating":0,"private":0,"password":""}