{"id":"gen9nationaldexubers-1982566350","p1":"bepsi-can","p2":"El!te 00f","format":"[Gen 9] National Dex Ubers","log":"|j|\u2606bepsi-can\n|j|\u2606El!te 00f\n|t:|1699026088\n|gametype|singles\n|player|p1|bepsi-can|elesa|\n|player|p2|El!te 00f|serena-masters2|\n|teamsize|p1|6\n|teamsize|p2|6\n|gen|9\n|tier|[Gen 9] National Dex Ubers\n|rule|HP Percentage Mod: HP is shown in percentages\n|rule|Endless Battle Clause: Forcing endless battles is banned\n|rule|OHKO Clause: OHKO moves are banned\n|rule|Evasion Moves Clause: Evasion moves are banned\n|rule|Evasion Items Clause: Evasion items are banned\n|rule|Species Clause: Limit one of each Pok\u00e9mon\n|rule|Sleep Clause Mod: Limit one foe put to sleep\n|rule|Mega Rayquaza Clause: You cannot mega evolve Rayquaza\n|clearpoke\n|poke|p1|Annihilape, M|\n|poke|p1|Pelipper, M|\n|poke|p1|Tentacruel, M|\n|poke|p1|Miltank, F|\n|poke|p1|Sylveon, M|\n|poke|p1|Kingler, M|\n|poke|p2|Clodsire, F|\n|poke|p2|Pelipper, F|\n|poke|p2|Pawmot, F|\n|poke|p2|Walking Wake|\n|poke|p2|Floatzel, M|\n|poke|p2|Kingambit, F|\n|teampreview\n|inactive|Battle timer is ON: inactive players will automatically lose when time's up. (requested by bepsi-can)\n|c|\u2606El!te 00f|ignore wake\n|c|\u2606bepsi-can|you cheadle\n|inactiveoff|Battle timer is now OFF.\n|c|\u2606bepsi-can|grr\n|c|\u2606bepsi-can|grr\n|c|\u2606bepsi-can|grr\n|\n|t:|1699026117\n|start\n|switch|p1a: Costco Kyogre|Pelipper, M|100\/100\n|switch|p2a: Pelipper|Pelipper, F|100\/100\n|-weather|RainDance|[from] ability: Drizzle|[of] p1a: Costco Kyogre\n|turn|1\n|\n|t:|1699026125\n|move|p2a: Pelipper|Hurricane|p1a: Costco Kyogre\n|-damage|p1a: Costco Kyogre|48\/100\n|-start|p1a: Costco Kyogre|confusion\n|-activate|p1a: Costco Kyogre|confusion\n|move|p1a: Costco Kyogre|Toxic|p2a: Pelipper\n|-status|p2a: Pelipper|tox\n|\n|-weather|RainDance|[upkeep]\n|-damage|p2a: Pelipper|94\/100 tox|[from] psn\n|upkeep\n|turn|2\n|\n|t:|1699026132\n|-activate|p1a: Costco Kyogre|confusion\n|move|p1a: Costco Kyogre|Hurricane|p2a: Pelipper\n|-damage|p2a: Pelipper|40\/100 tox\n|move|p2a: Pelipper|Hurricane|p1a: Costco Kyogre\n|-damage|p1a: Costco Kyogre|0 fnt\n|faint|p1a: Costco Kyogre\n|\n|-weather|RainDance|[upkeep]\n|-damage|p2a: Pelipper|28\/100 tox|[from] psn\n|upkeep\n|\n|t:|1699026139\n|switch|p1a: Sleeper Pick|Tentacruel, M|100\/100\n|turn|3\n|\n|t:|1699026145\n|move|p1a: Sleeper Pick|Toxic Spikes|p2a: Pelipper\n|-sidestart|p2: El!te 00f|move: Toxic Spikes\n|move|p2a: Pelipper|U-turn|p1a: Sleeper Pick\n|-resisted|p1a: Sleeper Pick\n|-damage|p1a: Sleeper Pick|95\/100\n|\n|t:|1699026148\n|switch|p2a: Clodsire|Clodsire, F|100\/100|[from] U-turn\n|-sideend|p2: El!te 00f|move: Toxic Spikes|[of] p2a: Clodsire\n|\n|-weather|RainDance|[upkeep]\n|-heal|p1a: Sleeper Pick|100\/100|[from] ability: Rain Dish\n|upkeep\n|turn|4\n|\n|t:|1699026154\n|move|p1a: Sleeper Pick|Whirlpool|p2a: Clodsire\n|-immune|p2a: Clodsire|[from] ability: Water Absorb\n|move|p2a: Clodsire|Stealth Rock|p1a: Sleeper Pick\n|-sidestart|p1: bepsi-can|move: Stealth Rock\n|\n|-weather|RainDance|[upkeep]\n|upkeep\n|turn|5\n|\n|t:|1699026159\n|move|p1a: Sleeper Pick|Rapid Spin|p2a: Clodsire\n|-damage|p2a: Clodsire|92\/100\n|-boost|p1a: Sleeper Pick|spe|1\n|-sideend|p1: bepsi-can|Stealth Rock|[from] move: Rapid Spin|[of] p1a: Sleeper Pick\n|move|p2a: Clodsire|Earthquake|p1a: Sleeper Pick\n|-supereffective|p1a: Sleeper Pick\n|-damage|p1a: Sleeper Pick|25\/100\n|\n|-weather|RainDance|[upkeep]\n|-heal|p1a: Sleeper Pick|31\/100|[from] ability: Rain Dish\n|-heal|p1a: Sleeper Pick|37\/100|[from] item: Black Sludge\n|-heal|p2a: Clodsire|98\/100|[from] item: Black Sludge\n|upkeep\n|turn|6\n|c|\u2606bepsi-can|fuck you too\n|c|\u2606El!te 00f|i am solkkuuu\n|\n|t:|1699026173\n|switch|p1a: Gyatt!!!!|Miltank, F|100\/100\n|move|p2a: Clodsire|Stealth Rock|p1a: Gyatt!!!!\n|-sidestart|p1: bepsi-can|move: Stealth Rock\n|\n|-weather|RainDance|[upkeep]\n|-heal|p2a: Clodsire|100\/100|[from] item: Black Sludge\n|upkeep\n|turn|7\n|\n|t:|1699026179\n|move|p1a: Gyatt!!!!|Body Slam|p2a: Clodsire\n|-damage|p2a: Clodsire|73\/100\n|move|p2a: Clodsire|Toxic|p1a: Gyatt!!!!\n|-status|p1a: Gyatt!!!!|tox\n|\n|-weather|RainDance|[upkeep]\n|-heal|p2a: Clodsire|79\/100|[from] item: Black Sludge\n|-damage|p1a: Gyatt!!!!|94\/100 tox|[from] psn\n|upkeep\n|turn|8\n|\n|t:|1699026187\n|move|p1a: Gyatt!!!!|Body Slam|p2a: Clodsire\n|-damage|p2a: Clodsire|54\/100\n|-status|p2a: Clodsire|par\n|move|p2a: Clodsire|Earthquake|p1a: Gyatt!!!!\n|-damage|p1a: Gyatt!!!!|79\/100 tox\n|\n|-weather|none\n|-heal|p1a: Gyatt!!!!|85\/100 tox|[from] item: Leftovers\n|-heal|p2a: Clodsire|60\/100 par|[from] item: Black Sludge\n|-damage|p1a: Gyatt!!!!|73\/100 tox|[from] psn\n|upkeep\n|turn|9\n|\n|t:|1699026194\n|move|p1a: Gyatt!!!!|Body Slam|p2a: Clodsire\n|-damage|p2a: Clodsire|34\/100 par\n|move|p2a: Clodsire|Recover|p2a: Clodsire\n|-heal|p2a: Clodsire|85\/100 par\n|\n|-heal|p1a: Gyatt!!!!|79\/100 tox|[from] item: Leftovers\n|-heal|p2a: Clodsire|91\/100 par|[from] item: Black Sludge\n|-damage|p1a: Gyatt!!!!|61\/100 tox|[from] psn\n|upkeep\n|turn|10\n|\n|t:|1699026202\n|move|p1a: Gyatt!!!!|Body Slam|p2a: Clodsire\n|-damage|p2a: Clodsire|62\/100 par\n|move|p2a: Clodsire|Earthquake|p1a: Gyatt!!!!\n|-damage|p1a: Gyatt!!!!|45\/100 tox\n|\n|-heal|p1a: Gyatt!!!!|51\/100 tox|[from] item: Leftovers\n|-heal|p2a: Clodsire|69\/100 par|[from] item: Black Sludge\n|-damage|p1a: Gyatt!!!!|26\/100 tox|[from] psn\n|upkeep\n|turn|11\n|\n|t:|1699026213\n|move|p1a: Gyatt!!!!|Body Slam|p2a: Clodsire\n|-crit|p2a: Clodsire\n|-damage|p2a: Clodsire|30\/100 par\n|move|p2a: Clodsire|Recover|p2a: Clodsire\n|-heal|p2a: Clodsire|80\/100 par\n|\n|-heal|p1a: Gyatt!!!!|32\/100 tox|[from] item: Leftovers\n|-heal|p2a: Clodsire|86\/100 par|[from] item: Black Sludge\n|-damage|p1a: Gyatt!!!!|2\/100 tox|[from] psn\n|upkeep\n|turn|12\n|\n|t:|1699026224\n|move|p1a: Gyatt!!!!|Body Slam|p2a: Clodsire\n|-damage|p2a: Clodsire|60\/100 par\n|move|p2a: Clodsire|Recover|p2a: Clodsire\n|-heal|p2a: Clodsire|100\/100 par\n|\n|-heal|p1a: Gyatt!!!!|8\/100 tox|[from] item: Leftovers\n|-damage|p1a: Gyatt!!!!|0 fnt|[from] psn\n|faint|p1a: Gyatt!!!!\n|upkeep\n|\n|t:|1699026228\n|switch|p1a: Mankey Mk II|Annihilape, M|100\/100\n|-damage|p1a: Mankey Mk II|94\/100|[from] Stealth Rock\n|turn|13\n|\n|t:|1699026232\n|move|p1a: Mankey Mk II|Substitute|p1a: Mankey Mk II\n|-start|p1a: Mankey Mk II|Substitute\n|-damage|p1a: Mankey Mk II|69\/100\n|move|p2a: Clodsire|Toxic||[still]\n|-fail|p2a: Clodsire\n|\n|-heal|p1a: Mankey Mk II|75\/100|[from] item: Leftovers\n|upkeep\n|turn|14\n|\n|t:|1699026239\n|switch|p2a: Pelipper|Pelipper, F|28\/100 tox\n|-weather|RainDance|[from] ability: Drizzle|[of] p2a: Pelipper\n|move|p1a: Mankey Mk II|Bulk Up|p1a: Mankey Mk II\n|-boost|p1a: Mankey Mk II|atk|1\n|-boost|p1a: Mankey Mk II|def|1\n|\n|-weather|RainDance|[upkeep]\n|-heal|p1a: Mankey Mk II|82\/100|[from] item: Leftovers\n|-damage|p2a: Pelipper|22\/100 tox|[from] psn\n|upkeep\n|turn|15\n|\n|t:|1699026245\n|switch|p2a: Floatzel|Floatzel, M|100\/100\n|move|p1a: Mankey Mk II|Rage Fist|p2a: Floatzel\n|-damage|p2a: Floatzel|30\/100\n|\n|-weather|RainDance|[upkeep]\n|-heal|p1a: Mankey Mk II|88\/100|[from] item: Leftovers\n|upkeep\n|turn|16\n|\n|t:|1699026251\n|move|p2a: Floatzel|Wave Crash|p1a: Mankey Mk II\n|-end|p1a: Mankey Mk II|Substitute\n|-damage|p2a: Floatzel|19\/100|[from] Recoil|[of] p1a: Mankey Mk II\n|move|p1a: Mankey Mk II|Rage Fist|p2a: Floatzel\n|-damage|p2a: Floatzel|0 fnt\n|faint|p2a: Floatzel\n|\n|-weather|RainDance|[upkeep]\n|-heal|p1a: Mankey Mk II|94\/100|[from] item: Leftovers\n|upkeep\n|\n|t:|1699026256\n|switch|p2a: Walking Wake|Walking Wake|100\/100\n|turn|17\n|\n|t:|1699026263\n|move|p2a: Walking Wake|Hurricane|p1a: Mankey Mk II\n|-supereffective|p1a: Mankey Mk II\n|-damage|p1a: Mankey Mk II|0 fnt\n|faint|p1a: Mankey Mk II\n|\n|-weather|RainDance|[upkeep]\n|upkeep\n|\n|t:|1699026273\n|switch|p1a: Sylveon|Sylveon, M|100\/100\n|-damage|p1a: Sylveon|88\/100|[from] Stealth Rock\n|turn|18\n|\n|t:|1699026276\n|move|p2a: Walking Wake|Hurricane|p1a: Sylveon\n|-damage|p1a: Sylveon|47\/100\n|move|p1a: Sylveon|Echoed Voice|p2a: Walking Wake\n|-supereffective|p2a: Walking Wake\n|-damage|p2a: Walking Wake|54\/100\n|\n|-weather|RainDance|[upkeep]\n|-heal|p1a: Sylveon|54\/100|[from] item: Leftovers\n|upkeep\n|turn|19\n|\n|t:|1699026290\n|-terastallize|p1a: Sylveon|Steel\n|move|p2a: Walking Wake|Hurricane|p1a: Sylveon\n|-resisted|p1a: Sylveon\n|-damage|p1a: Sylveon|33\/100\n|-start|p1a: Sylveon|confusion\n|-activate|p1a: Sylveon|confusion\n|-damage|p1a: Sylveon|29\/100|[from] confusion\n|\n|-weather|RainDance|[upkeep]\n|-heal|p1a: Sylveon|36\/100|[from] item: Leftovers\n|upkeep\n|turn|20\n|\n|t:|1699026299\n|-end|p2a: Walking Wake|Protosynthesis|[silent]\n|switch|p2a: Clodsire|Clodsire, F|100\/100 par\n|-end|p1a: Sylveon|confusion\n|move|p1a: Sylveon|Echoed Voice|p2a: Clodsire\n|-resisted|p2a: Clodsire\n|-damage|p2a: Clodsire|96\/100 par\n|\n|-weather|RainDance|[upkeep]\n|-heal|p1a: Sylveon|42\/100|[from] item: Leftovers\n|-heal|p2a: Clodsire|100\/100 par|[from] item: Black Sludge\n|upkeep\n|turn|21\n|\n|t:|1699026315\n|move|p1a: Sylveon|Echoed Voice|p2a: Clodsire\n|-resisted|p2a: Clodsire\n|-damage|p2a: Clodsire|91\/100 par\n|move|p2a: Clodsire|Earthquake|p1a: Sylveon\n|-supereffective|p1a: Sylveon\n|-damage|p1a: Sylveon|0 fnt\n|faint|p1a: Sylveon\n|\n|-weather|none\n|-heal|p2a: Clodsire|97\/100 par|[from] item: Black Sludge\n|upkeep\n|\n|t:|1699026317\n|switch|p1a: Kingler|Kingler, M|100\/100\n|-damage|p1a: Kingler|88\/100|[from] Stealth Rock\n|turn|22\n|\n|t:|1699026326\n|move|p1a: Kingler|Knock Off|p2a: Clodsire\n|-damage|p2a: Clodsire|58\/100 par\n|-enditem|p2a: Clodsire|Black Sludge|[from] move: Knock Off|[of] p1a: Kingler\n|move|p2a: Clodsire|Toxic|p1a: Kingler\n|-status|p1a: Kingler|tox\n|\n|-damage|p1a: Kingler|82\/100 tox|[from] psn\n|upkeep\n|turn|23\n|\n|t:|1699026344\n|move|p1a: Kingler|Body Slam|p2a: Clodsire\n|-damage|p2a: Clodsire|11\/100 par\n|move|p2a: Clodsire|Recover|p2a: Clodsire\n|-heal|p2a: Clodsire|61\/100 par\n|\n|-damage|p1a: Kingler|70\/100 tox|[from] psn\n|upkeep\n|turn|24\n|\n|t:|1699026349\n|move|p1a: Kingler|Body Slam|p2a: Clodsire\n|-crit|p2a: Clodsire\n|-damage|p2a: Clodsire|0 fnt\n|faint|p2a: Clodsire\n|\n|-damage|p1a: Kingler|52\/100 tox|[from] psn\n|upkeep\n|\n|t:|1699026356\n|switch|p2a: Pawmot|Pawmot, F|100\/100\n|turn|25\n|\n|t:|1699026364\n|move|p2a: Pawmot|Double Shock|p1a: Kingler\n|-supereffective|p1a: Kingler\n|-damage|p1a: Kingler|0 fnt\n|-start|p2a: Pawmot|typechange|???\/Fighting|[from] move: Double Shock\n|faint|p1a: Kingler\n|\n|upkeep\n|\n|t:|1699026368\n|switch|p1a: Sleeper Pick|Tentacruel, M|37\/100\n|-damage|p1a: Sleeper Pick|24\/100|[from] Stealth Rock\n|turn|26\n|\n|t:|1699026379\n|move|p2a: Pawmot|Revival Blessing|p2a: Pawmot\n|-enditem|p2a: Pawmot|Leppa Berry|[eat]\n|-activate|p2a: Pawmot|item: Leppa Berry|Revival Blessing|[consumed]\n|\n|t:|1699026386\n|-heal|p2: Clodsire|50\/100|[from] move: Revival Blessing\n|move|p1a: Sleeper Pick|Toxic|p2a: Pawmot\n|-status|p2a: Pawmot|tox\n|\n|-heal|p1a: Sleeper Pick|30\/100|[from] item: Black Sludge\n|-damage|p2a: Pawmot|94\/100 tox|[from] psn\n|upkeep\n|turn|27\n|c|\u2606bepsi-can|im gonna count this as a win because of walking wake\n|c|\u2606bepsi-can|peepeepoopoo\n|c|\u2606bepsi-can|reeheehee\n|c|\u2606El!te 00f|I know\n|c|\u2606bepsi-can|could you replace it and we rematch?\n|c|\u2606bepsi-can|i actually wanna test the team\n|c|\u2606El!te 00f|I can look for others\n|c|\u2606bepsi-can|just get the best water special attacker\n|c|\u2606bepsi-can|staryu\n|c|\u2606bepsi-can|trust\n|c|\u2606bepsi-can|trust\n|c|\u2606El!te 00f|but if you don't have an answer for specially bulky pokemon anyway I can't help you\n|c|\u2606bepsi-can|staryu specs is dominating the hackmons meta\n|c|\u2606El!te 00f|that's hackmons\n|c|\u2606bepsi-can|im joking\n|\n|t:|1699026485\n|move|p2a: Pawmot|Revival Blessing|p2a: Pawmot\n|c|\u2606bepsi-can|anyways\n|\n|t:|1699026487\n|-heal|p2: Floatzel|50\/100|[from] move: Revival Blessing\n|move|p1a: Sleeper Pick|Whirlpool|p2a: Pawmot\n|-crit|p2a: Pawmot\n|-damage|p2a: Pawmot|66\/100 tox\n|-activate|p2a: Pawmot|move: Whirlpool|[of] p1a: Sleeper Pick\n|\n|-heal|p1a: Sleeper Pick|36\/100|[from] item: Black Sludge\n|-damage|p2a: Pawmot|54\/100 tox|[from] psn\n|-damage|p2a: Pawmot|42\/100 tox|[from] move: Whirlpool|[partiallytrapped]\n|upkeep\n|turn|28\n|\n|t:|1699026494\n|move|p2a: Pawmot|Close Combat|p1a: Sleeper Pick\n|-resisted|p1a: Sleeper Pick\n|-damage|p1a: Sleeper Pick|2\/100\n|-unboost|p2a: Pawmot|def|1\n|-unboost|p2a: Pawmot|spd|1\n|move|p1a: Sleeper Pick|Toxic Spikes|p2a: Pawmot\n|-sidestart|p2: El!te 00f|move: Toxic Spikes\n|\n|-heal|p1a: Sleeper Pick|8\/100|[from] item: Black Sludge\n|-damage|p2a: Pawmot|24\/100 tox|[from] psn\n|-damage|p2a: Pawmot|11\/100 tox|[from] move: Whirlpool|[partiallytrapped]\n|upkeep\n|turn|29\n|\n|t:|1699026505\n|move|p2a: Pawmot|Mach Punch|p1a: Sleeper Pick\n|-resisted|p1a: Sleeper Pick\n|-crit|p1a: Sleeper Pick\n|-damage|p1a: Sleeper Pick|0 fnt\n|faint|p1a: Sleeper Pick\n|\n|win|El!te 00f\n|c|\u2606El!te 00f|6-0\n|c|\u2606El!te 00f|trust\n|c|\u2606bepsi-can|trust\n|l|\u2606bepsi-can\n","uploadtime":1699026516,"views":4,"p1id":"bepsican","p2id":"elte00f","formatid":"gen9nationaldexubers","rating":0,"private":0,"password":""}