{"id":"gen9nationaldexubers-1992116297","p1":"JustMonika_CARR","p2":"Mega_Gigachad_X","format":"[Gen 9] National Dex Ubers","log":"|j|\u2606JustMonika_CARR\n|j|\u2606Mega_Gigachad_X\n|t:|1700156427\n|gametype|singles\n|player|p1|JustMonika_CARR|rosa|1326\n|player|p2|Mega_Gigachad_X|crasherwake|1452\n|teamsize|p1|6\n|teamsize|p2|6\n|gen|9\n|tier|[Gen 9] National Dex Ubers\n|rated|\n|rule|HP Percentage Mod: HP is shown in percentages\n|rule|Endless Battle Clause: Forcing endless battles is banned\n|rule|OHKO Clause: OHKO moves are banned\n|rule|Evasion Moves Clause: Evasion moves are banned\n|rule|Evasion Items Clause: Evasion items are banned\n|rule|Species Clause: Limit one of each Pok\u00e9mon\n|rule|Sleep Clause Mod: Limit one foe put to sleep\n|rule|Mega Rayquaza Clause: You cannot mega evolve Rayquaza\n|clearpoke\n|poke|p1|Marshadow|\n|poke|p1|Lopunny, F|\n|poke|p1|Eternatus|\n|poke|p1|Forretress, F|\n|poke|p1|Pheromosa|\n|poke|p1|Grimmsnarl, M|\n|poke|p2|Zekrom|\n|poke|p2|Yveltal|\n|poke|p2|Gholdengo|\n|poke|p2|Kyogre|\n|poke|p2|Shuckle, F|\n|poke|p2|Dondozo, M|\n|teampreview\n|inactive|Battle timer is ON: inactive players will automatically lose when time's up. (requested by Mega_Gigachad_X)\n|\n|t:|1700156436\n|start\n|switch|p1a: Forretress|Forretress, F, shiny|100\/100\n|switch|p2a: Kyogre|Kyogre|100\/100\n|detailschange|p2a: Kyogre|Kyogre-Primal\n|-primal|p2a: Kyogre|Blue Orb\n|-weather|PrimordialSea|[from] ability: Primordial Sea|[of] p2a: Kyogre\n|turn|1\n|\n|t:|1700156444\n|move|p2a: Kyogre|Water Spout|p1a: Forretress\n|-ability|p1a: Forretress|Sturdy\n|-damage|p1a: Forretress|1\/100\n|-enditem|p1a: Forretress|Red Card|[of] p2a: Kyogre\n|-weather|none\n|drag|p2a: Yveltal|Yveltal|100\/100\n|-ability|p2a: Yveltal|Dark Aura\n|move|p1a: Forretress|Toxic Spikes|p2a: Yveltal\n|-sidestart|p2: Mega_Gigachad_X|move: Toxic Spikes\n|\n|upkeep\n|turn|2\n|\n|t:|1700156455\n|move|p2a: Yveltal|Oblivion Wing|p1a: Forretress\n|-damage|p1a: Forretress|0 fnt\n|faint|p1a: Forretress\n|\n|upkeep\n|\n|t:|1700156460\n|switch|p1a: Grimmsnarl|Grimmsnarl, M, shiny|100\/100\n|turn|3\n|\n|t:|1700156468\n|switch|p2a: Gholdengo|Gholdengo|100\/100\n|move|p1a: Grimmsnarl|Spirit Break|p2a: Gholdengo\n|-resisted|p2a: Gholdengo\n|-damage|p2a: Gholdengo|84\/100\n|-unboost|p2a: Gholdengo|spa|1\n|\n|-heal|p2a: Gholdengo|90\/100|[from] item: Leftovers\n|upkeep\n|turn|4\n|\n|t:|1700156481\n|move|p1a: Grimmsnarl|Light Screen|p1a: Grimmsnarl\n|-sidestart|p1: JustMonika_CARR|move: Light Screen\n|move|p2a: Gholdengo|Thunder Wave|p1a: Grimmsnarl\n|-status|p1a: Grimmsnarl|par\n|\n|-heal|p2a: Gholdengo|96\/100|[from] item: Leftovers\n|upkeep\n|turn|5\n|\n|t:|1700156488\n|switch|p2a: Shuckle|Shuckle, F|100\/100\n|-status|p2a: Shuckle|psn\n|move|p1a: Grimmsnarl|Spirit Break|p2a: Shuckle\n|-damage|p2a: Shuckle|80\/100 psn\n|-unboost|p2a: Shuckle|spa|1\n|-enditem|p2a: Shuckle|Red Card|[of] p1a: Grimmsnarl\n|drag|p1a: Eternatus|Eternatus|100\/100\n|-ability|p1a: Eternatus|Pressure\n|\n|-damage|p2a: Shuckle|68\/100 psn|[from] psn\n|upkeep\n|turn|6\n|\n|t:|1700156506\n|switch|p1a: Pheromosa|Pheromosa, shiny|100\/100\n|move|p2a: Shuckle|Sticky Web|p1a: Pheromosa\n|-sidestart|p1: JustMonika_CARR|move: Sticky Web\n|\n|-damage|p2a: Shuckle|56\/100 psn|[from] psn\n|upkeep\n|turn|7\n|\n|t:|1700156515\n|move|p1a: Pheromosa|Rapid Spin|p2a: Shuckle\n|-resisted|p2a: Shuckle\n|-damage|p2a: Shuckle|51\/100 psn\n|-boost|p1a: Pheromosa|spe|1\n|-sideend|p1: JustMonika_CARR|Sticky Web|[from] move: Rapid Spin|[of] p1a: Pheromosa\n|move|p2a: Shuckle|Stealth Rock|p1a: Pheromosa\n|-sidestart|p1: JustMonika_CARR|move: Stealth Rock\n|\n|-damage|p2a: Shuckle|39\/100 psn|[from] psn\n|upkeep\n|turn|8\n|\n|t:|1700156525\n|move|p1a: Pheromosa|Close Combat|p2a: Shuckle\n|-damage|p2a: Shuckle|7\/100 psn\n|-unboost|p1a: Pheromosa|def|1\n|-unboost|p1a: Pheromosa|spd|1\n|move|p2a: Shuckle|Sticky Web|p1a: Pheromosa\n|-sidestart|p1: JustMonika_CARR|move: Sticky Web\n|\n|-damage|p2a: Shuckle|0 fnt|[from] psn\n|faint|p2a: Shuckle\n|-sideend|p1: JustMonika_CARR|move: Light Screen\n|upkeep\n|\n|t:|1700156532\n|switch|p2a: Dondozo|Dondozo, M|100\/100\n|-status|p2a: Dondozo|psn\n|turn|9\n|\n|t:|1700156539\n|move|p1a: Pheromosa|Rapid Spin|p2a: Dondozo\n|-damage|p2a: Dondozo|94\/100 psn\n|-boost|p1a: Pheromosa|spe|1\n|-damage|p1a: Pheromosa|84\/100|[from] item: Rocky Helmet|[of] p2a: Dondozo\n|-sideend|p1: JustMonika_CARR|Stealth Rock|[from] move: Rapid Spin|[of] p1a: Pheromosa\n|-sideend|p1: JustMonika_CARR|Sticky Web|[from] move: Rapid Spin|[of] p1a: Pheromosa\n|move|p2a: Dondozo|Liquidation|p1a: Pheromosa\n|-damage|p1a: Pheromosa|2\/100\n|-unboost|p1a: Pheromosa|def|1\n|\n|-damage|p2a: Dondozo|82\/100 psn|[from] psn\n|upkeep\n|turn|10\n|\n|t:|1700156566\n|move|p1a: Pheromosa|Silver Wind|p2a: Dondozo\n|-damage|p2a: Dondozo|45\/100 psn\n|move|p2a: Dondozo|Liquidation|p1a: Pheromosa\n|-damage|p1a: Pheromosa|0 fnt\n|faint|p1a: Pheromosa\n|\n|-damage|p2a: Dondozo|32\/100 psn|[from] psn\n|upkeep\n|\n|t:|1700156577\n|switch|p1a: Lopunny|Lopunny, F, shiny|100\/100\n|turn|11\n|\n|t:|1700156581\n|switch|p2a: Gholdengo|Gholdengo|96\/100\n|detailschange|p1a: Lopunny|Lopunny-Mega, F, shiny\n|-mega|p1a: Lopunny|Lopunny|Lopunnite\n|move|p1a: Lopunny|Fake Out|p2a: Gholdengo\n|-resisted|p2a: Gholdengo\n|-damage|p2a: Gholdengo|84\/100\n|\n|-heal|p2a: Gholdengo|90\/100|[from] item: Leftovers\n|upkeep\n|turn|12\n|\n|t:|1700156591\n|move|p1a: Lopunny|Close Combat|p2a: Gholdengo\n|-supereffective|p2a: Gholdengo\n|-damage|p2a: Gholdengo|0 fnt\n|-unboost|p1a: Lopunny|def|1\n|-unboost|p1a: Lopunny|spd|1\n|faint|p2a: Gholdengo\n|\n|upkeep\n|\n|t:|1700156596\n|switch|p2a: Dondozo|Dondozo, M|32\/100 psn\n|turn|13\n|\n|t:|1700156600\n|move|p1a: Lopunny|Close Combat|p2a: Dondozo\n|-damage|p2a: Dondozo|2\/100 psn\n|-unboost|p1a: Lopunny|def|1\n|-unboost|p1a: Lopunny|spd|1\n|-damage|p1a: Lopunny|84\/100|[from] item: Rocky Helmet|[of] p2a: Dondozo\n|move|p2a: Dondozo|Rest|p2a: Dondozo\n|-status|p2a: Dondozo|slp|[from] move: Rest\n|-heal|p2a: Dondozo|100\/100 slp|[silent]\n|\n|upkeep\n|turn|14\n|\n|t:|1700156619\n|switch|p1a: Eternatus|Eternatus|100\/100\n|-ability|p1a: Eternatus|Pressure\n|cant|p2a: Dondozo|slp\n|move|p2a: Dondozo|Sleep Talk|p2a: Dondozo\n|move|p2a: Dondozo|Rest||[from]move: Sleep Talk|[still]\n|-fail|p2a: Dondozo\n|\n|upkeep\n|turn|15\n|\n|t:|1700156640\n|switch|p2a: Yveltal|Yveltal|100\/100\n|-ability|p2a: Yveltal|Dark Aura\n|move|p1a: Eternatus|Dynamax Cannon|p2a: Yveltal\n|-damage|p2a: Yveltal|41\/100\n|\n|upkeep\n|turn|16\n|\n|t:|1700156648\n|move|p1a: Eternatus|Dynamax Cannon|p2a: Yveltal\n|-damage|p2a: Yveltal|0 fnt\n|faint|p2a: Yveltal\n|\n|upkeep\n|\n|t:|1700156651\n|switch|p2a: Kyogre|Kyogre-Primal|100\/100\n|-status|p2a: Kyogre|psn\n|-weather|PrimordialSea|[from] ability: Primordial Sea|[of] p2a: Kyogre\n|turn|17\n|\n|t:|1700156658\n|move|p1a: Eternatus|Dynamax Cannon|p2a: Kyogre\n|-damage|p2a: Kyogre|60\/100 psn\n|move|p2a: Kyogre|Ice Beam|p1a: Eternatus\n|-supereffective|p1a: Eternatus\n|-damage|p1a: Eternatus|32\/100\n|-status|p1a: Eternatus|frz\n|\n|-weather|PrimordialSea|[upkeep]\n|-damage|p2a: Kyogre|48\/100 psn|[from] psn\n|upkeep\n|turn|18\n|\n|t:|1700156668\n|switch|p1a: Grimmsnarl|Grimmsnarl, M, shiny|100\/100 par\n|move|p2a: Kyogre|Ice Beam|p1a: Grimmsnarl\n|-damage|p1a: Grimmsnarl|63\/100 par\n|\n|-weather|PrimordialSea|[upkeep]\n|-heal|p1a: Grimmsnarl|69\/100 par|[from] item: Leftovers\n|-damage|p2a: Kyogre|35\/100 psn|[from] psn\n|upkeep\n|turn|19\n|\n|t:|1700156679\n|cant|p1a: Grimmsnarl|par\n|move|p2a: Kyogre|Origin Pulse|p1a: Grimmsnarl\n|-damage|p1a: Grimmsnarl|0 fnt\n|faint|p1a: Grimmsnarl\n|\n|-weather|PrimordialSea|[upkeep]\n|-damage|p2a: Kyogre|23\/100 psn|[from] psn\n|upkeep\n|\n|t:|1700156689\n|switch|p1a: Lopunny|Lopunny-Mega, F, shiny|84\/100\n|turn|20\n|\n|t:|1700156693\n|-weather|none\n|switch|p2a: Dondozo|Dondozo, M|100\/100 slp\n|move|p1a: Lopunny|Fake Out|p2a: Dondozo\n|-damage|p2a: Dondozo|91\/100 slp\n|-damage|p1a: Lopunny|67\/100|[from] item: Rocky Helmet|[of] p2a: Dondozo\n|\n|upkeep\n|turn|21\n|\n|t:|1700156702\n|switch|p1a: Eternatus|Eternatus|32\/100 frz\n|-ability|p1a: Eternatus|Pressure\n|cant|p2a: Dondozo|slp\n|move|p2a: Dondozo|Sleep Talk|p2a: Dondozo\n|move|p2a: Dondozo|Curse|p2a: Dondozo|[from]move: Sleep Talk\n|-unboost|p2a: Dondozo|spe|1\n|-boost|p2a: Dondozo|atk|1\n|-boost|p2a: Dondozo|def|1\n|\n|upkeep\n|turn|22\n|\n|t:|1700156715\n|switch|p2a: Kyogre|Kyogre-Primal|23\/100 psn\n|-weather|PrimordialSea|[from] ability: Primordial Sea|[of] p2a: Kyogre\n|-curestatus|p1a: Eternatus|frz|[msg]\n|move|p1a: Eternatus|Fire Blast||[still]\n|-fail|p1a: Eternatus|Fire Blast|[from] Primordial Sea\n|\n|-weather|PrimordialSea|[upkeep]\n|-damage|p2a: Kyogre|11\/100 psn|[from] psn\n|upkeep\n|turn|23\n|\n|t:|1700156725\n|switch|p1a: Lopunny|Lopunny-Mega, F, shiny|67\/100\n|move|p2a: Kyogre|Ice Beam|p1a: Lopunny\n|-damage|p1a: Lopunny|16\/100\n|\n|-weather|PrimordialSea|[upkeep]\n|-damage|p2a: Kyogre|0 fnt|[from] psn\n|faint|p2a: Kyogre\n|-weather|none\n|upkeep\n|\n|t:|1700156734\n|switch|p2a: Dondozo|Dondozo, M|91\/100 slp\n|turn|24\n|\n|t:|1700156740\n|move|p1a: Lopunny|Close Combat|p2a: Dondozo\n|-damage|p2a: Dondozo|64\/100 slp\n|-unboost|p1a: Lopunny|def|1\n|-unboost|p1a: Lopunny|spd|1\n|-damage|p1a: Lopunny|0 fnt|[from] item: Rocky Helmet|[of] p2a: Dondozo\n|faint|p1a: Lopunny\n|-curestatus|p2a: Dondozo|slp|[msg]\n|move|p2a: Dondozo|Curse|p2a: Dondozo\n|-unboost|p2a: Dondozo|spe|1\n|-boost|p2a: Dondozo|atk|1\n|-boost|p2a: Dondozo|def|1\n|\n|upkeep\n|\n|t:|1700156753\n|switch|p1a: Eternatus|Eternatus|32\/100\n|-ability|p1a: Eternatus|Pressure\n|turn|25\n|\n|t:|1700156760\n|move|p1a: Eternatus|Dynamax Cannon|p2a: Dondozo\n|-damage|p2a: Dondozo|1\/100\n|move|p2a: Dondozo|Liquidation|p1a: Eternatus\n|-resisted|p1a: Eternatus\n|-damage|p1a: Eternatus|14\/100\n|-unboost|p1a: Eternatus|def|1\n|\n|upkeep\n|turn|26\n|\n|t:|1700156768\n|move|p1a: Eternatus|Dynamax Cannon|p2a: Dondozo\n|-damage|p2a: Dondozo|0 fnt\n|faint|p2a: Dondozo\n|\n|upkeep\n|\n|t:|1700156772\n|switch|p2a: Zekrom|Zekrom|100\/100\n|-status|p2a: Zekrom|psn\n|-ability|p2a: Zekrom|Teravolt\n|turn|27\n|\n|t:|1700156778\n|move|p1a: Eternatus|Dynamax Cannon|p2a: Zekrom\n|-supereffective|p2a: Zekrom\n|-damage|p2a: Zekrom|0 fnt\n|faint|p2a: Zekrom\n|\n|win|JustMonika_CARR\n|raw|JustMonika_CARR's rating: 1326 &rarr; <strong>1353<\/strong><br \/>(+27 for winning)\n|raw|Mega_Gigachad_X's rating: 1452 &rarr; <strong>1425<\/strong><br \/>(-27 for losing)\n|c|\u2606JustMonika_CARR|Gg\n|l|\u2606Mega_Gigachad_X\n","uploadtime":1700156792,"views":7,"p1id":"justmonikacarr","p2id":"megagigachadx","formatid":"gen9nationaldexubers","rating":1353,"private":0,"password":""}