{"id":"gen9nationaldexubers-1987230123","p1":"karma_akuma","p2":"Muni18","format":"[Gen 9] National Dex Ubers","log":"|j|\u2606karma_akuma\n|j|\u2606Muni18\n|t:|1699567453\n|gametype|singles\n|player|p1|karma_akuma|hugh|1067\n|player|p2|Muni18|1|1023\n|teamsize|p1|6\n|teamsize|p2|6\n|gen|9\n|tier|[Gen 9] National Dex Ubers\n|rated|\n|rule|HP Percentage Mod: HP is shown in percentages\n|rule|Endless Battle Clause: Forcing endless battles is banned\n|rule|OHKO Clause: OHKO moves are banned\n|rule|Evasion Moves Clause: Evasion moves are banned\n|rule|Evasion Items Clause: Evasion items are banned\n|rule|Species Clause: Limit one of each Pok\u00e9mon\n|rule|Sleep Clause Mod: Limit one foe put to sleep\n|rule|Mega Rayquaza Clause: You cannot mega evolve Rayquaza\n|clearpoke\n|poke|p1|Zangoose, F|\n|poke|p1|Drifblim, M|\n|poke|p1|Delphox, F|\n|poke|p1|Tapu Koko|\n|poke|p1|Scolipede, M|\n|poke|p1|Stakataka|\n|poke|p2|Arceus-Ice|\n|poke|p2|Giratina|\n|poke|p2|Thundurus, M|\n|poke|p2|Heatran, F|\n|poke|p2|Zacian-*|\n|poke|p2|Articuno-Galar|\n|teampreview\n|c|\u2606karma_akuma|Glhf\n|\n|t:|1699567466\n|start\n|switch|p1a: Spike|Tapu Koko, shiny|100\/100\n|switch|p2a: Articuno|Articuno-Galar|100\/100\n|-fieldstart|move: Electric Terrain|[from] ability: Electric Surge|[of] p1a: Spike\n|turn|1\n|\n|t:|1699567474\n|move|p1a: Spike|Thunderbolt|p2a: Articuno\n|-supereffective|p2a: Articuno\n|-damage|p2a: Articuno|0 fnt\n|faint|p2a: Articuno\n|\n|upkeep\n|\n|t:|1699567490\n|switch|p2a: Zacian|Zacian-Crowned|100\/100\n|-ability|p2a: Zacian|Intrepid Sword|boost\n|-boost|p2a: Zacian|atk|1\n|turn|2\n|\n|t:|1699567501\n|move|p2a: Zacian|Ice Fang|p1a: Spike\n|-damage|p1a: Spike|54\/100\n|cant|p1a: Spike|flinch\n|\n|upkeep\n|turn|3\n|\n|t:|1699567508\n|move|p2a: Zacian|Play Rough|p1a: Spike\n|-damage|p1a: Spike|0 fnt\n|faint|p1a: Spike\n|\n|upkeep\n|\n|t:|1699567519\n|switch|p1a: Fox|Delphox, F|100\/100\n|turn|4\n|\n|t:|1699567523\n|move|p2a: Zacian|Ice Fang|p1a: Fox\n|-resisted|p1a: Fox\n|-damage|p1a: Fox|74\/100\n|move|p1a: Fox|Flamethrower|p2a: Zacian\n|-supereffective|p2a: Zacian\n|-damage|p2a: Zacian|28\/100\n|\n|-heal|p1a: Fox|80\/100|[from] item: Leftovers\n|upkeep\n|turn|5\n|\n|t:|1699567536\n|move|p2a: Zacian|Agility|p2a: Zacian\n|-boost|p2a: Zacian|spe|2\n|move|p1a: Fox|Flamethrower|p2a: Zacian\n|-supereffective|p2a: Zacian\n|-damage|p2a: Zacian|0 fnt\n|faint|p2a: Zacian\n|\n|-heal|p1a: Fox|86\/100|[from] item: Leftovers\n|-fieldend|move: Electric Terrain\n|upkeep\n|\n|t:|1699567550\n|switch|p2a: Giratina|Giratina|100\/100\n|-ability|p2a: Giratina|Pressure\n|turn|6\n|\n|t:|1699567557\n|move|p1a: Fox|Dazzling Gleam|p2a: Giratina\n|-supereffective|p2a: Giratina\n|-damage|p2a: Giratina|69\/100\n|move|p2a: Giratina|Ancient Power|p1a: Fox\n|-supereffective|p1a: Fox\n|-damage|p1a: Fox|56\/100\n|\n|-heal|p1a: Fox|62\/100|[from] item: Leftovers\n|upkeep\n|turn|7\n|\n|t:|1699567574\n|move|p1a: Fox|Signal Beam|p2a: Giratina\n|-resisted|p2a: Giratina\n|-damage|p2a: Giratina|61\/100\n|move|p2a: Giratina|Draco Meteor|p1a: Fox\n|-damage|p1a: Fox|1\/100\n|-unboost|p2a: Giratina|spa|2\n|\n|-heal|p1a: Fox|7\/100|[from] item: Leftovers\n|upkeep\n|turn|8\n|\n|t:|1699567585\n|move|p1a: Fox|Dazzling Gleam|p2a: Giratina\n|-supereffective|p2a: Giratina\n|-damage|p2a: Giratina|29\/100\n|move|p2a: Giratina|Shadow Claw|p1a: Fox\n|-supereffective|p1a: Fox\n|-damage|p1a: Fox|0 fnt\n|faint|p1a: Fox\n|\n|upkeep\n|\n|t:|1699567594\n|switch|p1a: Roll|Scolipede, M|100\/100\n|turn|9\n|\n|t:|1699567610\n|move|p1a: Roll|Poison Jab|p2a: Giratina\n|-resisted|p2a: Giratina\n|-damage|p2a: Giratina|18\/100\n|move|p2a: Giratina|Poltergeist|p1a: Roll|[miss]\n|-miss|p2a: Giratina|p1a: Roll\n|\n|-ability|p1a: Roll|Speed Boost|boost\n|-boost|p1a: Roll|spe|1\n|upkeep\n|turn|10\n|\n|t:|1699567627\n|move|p1a: Roll|Swords Dance|p1a: Roll\n|-boost|p1a: Roll|atk|2\n|move|p2a: Giratina|Draco Meteor|p1a: Roll\n|-damage|p1a: Roll|51\/100\n|-unboost|p2a: Giratina|spa|2\n|\n|-ability|p1a: Roll|Speed Boost|boost\n|-boost|p1a: Roll|spe|1\n|upkeep\n|turn|11\n|\n|t:|1699567637\n|move|p1a: Roll|Earthquake|p2a: Giratina\n|-damage|p2a: Giratina|0 fnt\n|faint|p2a: Giratina\n|\n|-ability|p1a: Roll|Speed Boost|boost\n|-boost|p1a: Roll|spe|1\n|upkeep\n|\n|t:|1699567645\n|switch|p2a: Arceus|Arceus-Ice|100\/100\n|turn|12\n|\n|t:|1699567649\n|move|p1a: Roll|Earthquake|p2a: Arceus\n|-crit|p2a: Arceus\n|-damage|p2a: Arceus|26\/100\n|move|p2a: Arceus|Blizzard|p1a: Roll|[miss]\n|-miss|p2a: Arceus|p1a: Roll\n|\n|-ability|p1a: Roll|Speed Boost|boost\n|-boost|p1a: Roll|spe|1\n|upkeep\n|turn|13\n|\n|t:|1699567658\n|move|p1a: Roll|X-Scissor|p2a: Arceus\n|-damage|p2a: Arceus|0 fnt\n|faint|p2a: Arceus\n|\n|-ability|p1a: Roll|Speed Boost|boost\n|-boost|p1a: Roll|spe|1\n|upkeep\n|\n|t:|1699567665\n|switch|p2a: Heatran|Heatran, F|100\/100\n|turn|14\n|\n|t:|1699567669\n|move|p1a: Roll|Earthquake|p2a: Heatran\n|-supereffective|p2a: Heatran\n|-damage|p2a: Heatran|0 fnt\n|faint|p2a: Heatran\n|\n|-ability|p1a: Roll|Speed Boost|boost\n|-boost|p1a: Roll|spe|1\n|upkeep\n|\n|t:|1699567675\n|switch|p2a: Thundurus|Thundurus, M|100\/100\n|turn|15\n|\n|t:|1699567682\n|move|p1a: Roll|Poison Jab|p2a: Thundurus\n|-damage|p2a: Thundurus|33\/100\n|move|p2a: Thundurus|Thunderbolt|p1a: Roll\n|-damage|p1a: Roll|0 fnt\n|faint|p1a: Roll\n|\n|upkeep\n|\n|t:|1699567687\n|switch|p1a: Gold brick|Stakataka, shiny|100\/100\n|turn|16\n|\n|t:|1699567692\n|-terastallize|p1a: Gold brick|Ground\n|move|p2a: Thundurus|Volt Switch|p1a: Gold brick\n|-immune|p1a: Gold brick\n|move|p1a: Gold brick|Rock Slide|p2a: Thundurus\n|-supereffective|p2a: Thundurus\n|-damage|p2a: Thundurus|0 fnt\n|faint|p2a: Thundurus\n|\n|win|karma_akuma\n|raw|karma_akuma's rating: 1067 &rarr; <strong>1093<\/strong><br \/>(+26 for winning)\n|raw|Muni18's rating: 1023 &rarr; <strong>1011<\/strong><br \/>(-12 for losing)\n|l|\u2606Muni18\n|c|\u2606karma_akuma|Gg\n","uploadtime":1699567708,"views":6,"p1id":"karmaakuma","p2id":"muni18","formatid":"gen9nationaldexubers","rating":1011,"private":0,"password":""}