{"id":"gen9nationaldexubers-1992290117","p1":"ash ketchum 345","p2":"Honningborgen","format":"[Gen 9] National Dex Ubers","log":"|j|\u2606ash ketchum 345\n|j|\u2606Honningborgen\n|t:|1700171390\n|gametype|singles\n|player|p1|ash ketchum 345|leon|1138\n|player|p2|Honningborgen|policeman-gen4|1233\n|teamsize|p1|6\n|teamsize|p2|6\n|gen|9\n|tier|[Gen 9] National Dex Ubers\n|rated|\n|rule|HP Percentage Mod: HP is shown in percentages\n|rule|Endless Battle Clause: Forcing endless battles is banned\n|rule|OHKO Clause: OHKO moves are banned\n|rule|Evasion Moves Clause: Evasion moves are banned\n|rule|Evasion Items Clause: Evasion items are banned\n|rule|Species Clause: Limit one of each Pok\u00e9mon\n|rule|Sleep Clause Mod: Limit one foe put to sleep\n|rule|Mega Rayquaza Clause: You cannot mega evolve Rayquaza\n|clearpoke\n|poke|p1|Lucario, M|\n|poke|p1|Dragonite, M|\n|poke|p1|Dracovish|\n|poke|p1|Sirfetch\u2019d, M|\n|poke|p1|Gengar, F|\n|poke|p1|Pikachu, F|\n|poke|p2|Gengar, M|\n|poke|p2|Clefable, M|\n|poke|p2|Ho-Oh|\n|poke|p2|Fearow, F|\n|poke|p2|Lapras, M|\n|poke|p2|Great Tusk|\n|teampreview\n|inactive|Battle timer is ON: inactive players will automatically lose when time's up. (requested by ash ketchum 345)\n|\n|t:|1700171422\n|start\n|switch|p1a: Dracovish|Dracovish|100\/100\n|switch|p2a: Fearow|Fearow, F|100\/100\n|turn|1\n|c|\u2606ash ketchum 345|let's have fun!\n|\n|t:|1700171426\n|switch|p2a: Lapras|Lapras, M|100\/100\n|move|p1a: Dracovish|Fishious Rend|p2a: Lapras\n|-immune|p2a: Lapras|[from] ability: Water Absorb\n|\n|upkeep\n|turn|2\n|c|\u2606Honningborgen|Agreed!\n|\n|t:|1700171437\n|switch|p1a: Lucario|Lucario, M|100\/100\n|move|p2a: Lapras|Curse|p2a: Lapras\n|-unboost|p2a: Lapras|spe|1\n|-boost|p2a: Lapras|atk|1\n|-boost|p2a: Lapras|def|1\n|\n|upkeep\n|turn|3\n|\n|t:|1700171446\n|detailschange|p1a: Lucario|Lucario-Mega, M\n|-mega|p1a: Lucario|Lucario|Lucarionite\n|-terastallize|p2a: Lapras|Poison\n|move|p1a: Lucario|Aura Sphere|p2a: Lapras\n|-resisted|p2a: Lapras\n|-damage|p2a: Lapras|86\/100\n|move|p2a: Lapras|Curse|p2a: Lapras\n|-unboost|p2a: Lapras|spe|1\n|-boost|p2a: Lapras|atk|1\n|-boost|p2a: Lapras|def|1\n|\n|upkeep\n|turn|4\n|\n|t:|1700171459\n|move|p1a: Lucario|Meteor Mash|p2a: Lapras\n|-damage|p2a: Lapras|54\/100\n|move|p2a: Lapras|Liquidation|p1a: Lucario\n|-damage|p1a: Lucario|29\/100\n|\n|upkeep\n|turn|5\n|\n|t:|1700171465\n|move|p1a: Lucario|Meteor Mash|p2a: Lapras\n|-damage|p2a: Lapras|22\/100\n|move|p2a: Lapras|Rest|p2a: Lapras\n|-status|p2a: Lapras|slp|[from] move: Rest\n|-heal|p2a: Lapras|100\/100 slp|[silent]\n|-enditem|p2a: Lapras|Chesto Berry|[eat]\n|-curestatus|p2a: Lapras|slp|[msg]\n|\n|upkeep\n|turn|6\n|\n|t:|1700171476\n|switch|p1a: Pikachu|Pikachu, F|100\/100\n|move|p2a: Lapras|Avalanche|p1a: Pikachu\n|-damage|p1a: Pikachu|0 fnt\n|faint|p1a: Pikachu\n|\n|upkeep\n|\n|t:|1700171487\n|switch|p1a: Dracovish|Dracovish|100\/100\n|turn|7\n|\n|t:|1700171495\n|move|p1a: Dracovish|Outrage|p2a: Lapras\n|-damage|p2a: Lapras|78\/100\n|move|p2a: Lapras|Avalanche|p1a: Dracovish\n|-damage|p1a: Dracovish|18\/100\n|\n|upkeep\n|turn|8\n|\n|t:|1700171500\n|move|p1a: Dracovish|Outrage|p2a: Lapras|[from]lockedmove\n|-damage|p2a: Lapras|54\/100\n|-start|p1a: Dracovish|confusion|[fatigue]\n|move|p2a: Lapras|Avalanche|p1a: Dracovish\n|-damage|p1a: Dracovish|0 fnt\n|faint|p1a: Dracovish\n|\n|upkeep\n|\n|t:|1700171507\n|switch|p1a: Dragonite|Dragonite, M|100\/100\n|turn|9\n|\n|t:|1700171512\n|move|p1a: Dragonite|Dragon Dance|p1a: Dragonite\n|-boost|p1a: Dragonite|atk|1\n|-boost|p1a: Dragonite|spe|1\n|move|p2a: Lapras|Avalanche|p1a: Dragonite\n|-supereffective|p1a: Dragonite\n|-damage|p1a: Dragonite|26\/100\n|\n|upkeep\n|turn|10\n|\n|t:|1700171517\n|move|p1a: Dragonite|Dragon Claw|p2a: Lapras\n|-damage|p2a: Lapras|19\/100\n|move|p2a: Lapras|Avalanche|p1a: Dragonite\n|-supereffective|p1a: Dragonite\n|-damage|p1a: Dragonite|0 fnt\n|faint|p1a: Dragonite\n|\n|upkeep\n|\n|t:|1700171524\n|switch|p1a: Lucario|Lucario-Mega, M|29\/100\n|turn|11\n|\n|t:|1700171530\n|switch|p2a: Ho-Oh|Ho-Oh|100\/100\n|move|p1a: Lucario|Meteor Mash|p2a: Ho-Oh\n|-resisted|p2a: Ho-Oh\n|-damage|p2a: Ho-Oh|78\/100\n|\n|upkeep\n|turn|12\n|\n|t:|1700171534\n|move|p1a: Lucario|Bullet Punch|p2a: Ho-Oh\n|-resisted|p2a: Ho-Oh\n|-damage|p2a: Ho-Oh|68\/100\n|move|p2a: Ho-Oh|Sacred Fire|p1a: Lucario\n|-supereffective|p1a: Lucario\n|-damage|p1a: Lucario|0 fnt\n|faint|p1a: Lucario\n|\n|upkeep\n|\n|t:|1700171541\n|switch|p1a: Gengar|Gengar, F|100\/100\n|turn|13\n|\n|t:|1700171547\n|move|p1a: Gengar|Shadow Ball|p2a: Ho-Oh\n|-damage|p2a: Ho-Oh|44\/100\n|move|p2a: Ho-Oh|Sacred Fire|p1a: Gengar\n|-damage|p1a: Gengar|18\/100\n|-status|p1a: Gengar|brn\n|\n|-damage|p1a: Gengar|12\/100 brn|[from] brn\n|upkeep\n|turn|14\n|\n|t:|1700171557\n|switch|p2a: Great Tusk|Great Tusk|100\/100\n|-enditem|p2a: Great Tusk|Booster Energy\n|-activate|p2a: Great Tusk|ability: Protosynthesis|[fromitem]\n|-start|p2a: Great Tusk|protosynthesisspe\n|move|p1a: Gengar|Sludge Wave|p2a: Great Tusk\n|-resisted|p2a: Great Tusk\n|-damage|p2a: Great Tusk|71\/100\n|\n|-damage|p1a: Gengar|5\/100 brn|[from] brn\n|upkeep\n|turn|15\n|\n|t:|1700171564\n|move|p2a: Great Tusk|Ice Spinner|p1a: Gengar\n|-damage|p1a: Gengar|0 fnt\n|faint|p1a: Gengar\n|\n|upkeep\n|\n|t:|1700171569\n|switch|p1a: Sirfetch\u2019d|Sirfetch\u2019d, M|100\/100\n|turn|16\n|\n|t:|1700171574\n|-end|p2a: Great Tusk|Protosynthesis|[silent]\n|switch|p2a: Clefable|Clefable, M|100\/100\n|move|p1a: Sirfetch\u2019d|Leaf Blade|p2a: Clefable\n|-crit|p2a: Clefable\n|-damage|p2a: Clefable|61\/100\n|\n|-heal|p2a: Clefable|68\/100|[from] item: Leftovers\n|upkeep\n|turn|17\n|\n|t:|1700171580\n|move|p1a: Sirfetch\u2019d|Leaf Blade|p2a: Clefable\n|-crit|p2a: Clefable\n|-damage|p2a: Clefable|24\/100\n|move|p2a: Clefable|Moonblast|p1a: Sirfetch\u2019d\n|-supereffective|p1a: Sirfetch\u2019d\n|-damage|p1a: Sirfetch\u2019d|10\/100\n|-unboost|p1a: Sirfetch\u2019d|spa|1\n|\n|-heal|p2a: Clefable|30\/100|[from] item: Leftovers\n|upkeep\n|turn|18\n|c|\u2606Honningborgen|gg\n|inactive|ash ketchum 345 has 120 seconds left.\n|inactive|ash ketchum 345 has 90 seconds left.\n|\n|t:|1700171647\n|switch|p2a: Fearow|Fearow, F|100\/100\n|move|p1a: Sirfetch\u2019d|Leaf Blade|p2a: Fearow\n|-resisted|p2a: Fearow\n|-crit|p2a: Fearow\n|-damage|p2a: Fearow|55\/100\n|\n|upkeep\n|turn|19\n|\n|t:|1700171653\n|move|p2a: Fearow|Quick Attack|p1a: Sirfetch\u2019d\n|-damage|p1a: Sirfetch\u2019d|0 fnt\n|faint|p1a: Sirfetch\u2019d\n|\n|win|Honningborgen\n|raw|ash ketchum 345's rating: 1138 &rarr; <strong>1120<\/strong><br \/>(-18 for losing)\n|raw|Honningborgen's rating: 1233 &rarr; <strong>1251<\/strong><br \/>(+18 for winning)\n|c|\u2606ash ketchum 345|gg\n","uploadtime":1700171659,"views":26,"p1id":"ashketchum345","p2id":"honningborgen","formatid":"gen9nationaldexubers","rating":1120,"private":0,"password":""}