{"id":"gen9nationaldexubers-1978880630","p1":"meinhartkaizer","p2":"Godspeed06","format":"[Gen 9] National Dex Ubers","log":"|j|\u2606meinhartkaizer\n|j|\u2606Godspeed06\n|t:|1698605926\n|gametype|singles\n|player|p1|meinhartkaizer|1|1405\n|player|p2|Godspeed06|sabrina|1294\n|teamsize|p1|6\n|teamsize|p2|6\n|gen|9\n|tier|[Gen 9] National Dex Ubers\n|rated|\n|rule|HP Percentage Mod: HP is shown in percentages\n|rule|Endless Battle Clause: Forcing endless battles is banned\n|rule|OHKO Clause: OHKO moves are banned\n|rule|Evasion Moves Clause: Evasion moves are banned\n|rule|Evasion Items Clause: Evasion items are banned\n|rule|Species Clause: Limit one of each Pok\u00e9mon\n|rule|Sleep Clause Mod: Limit one foe put to sleep\n|rule|Mega Rayquaza Clause: You cannot mega evolve Rayquaza\n|clearpoke\n|poke|p1|Marshadow|\n|poke|p1|Zacian-*|\n|poke|p1|Ditto|\n|poke|p1|Kyogre|\n|poke|p1|Basculegion, M|\n|poke|p1|Cloyster, M|\n|poke|p2|Arceus-Water|\n|poke|p2|Kyogre|\n|poke|p2|Swampert, M|\n|poke|p2|Chansey, F|\n|poke|p2|Ferrothorn, F|\n|poke|p2|Thundurus-Therian, M|\n|teampreview\n|inactive|Battle timer is ON: inactive players will automatically lose when time's up. (requested by Godspeed06)\n|inactive|meinhartkaizer has 120 seconds left.\n|\n|t:|1698606008\n|start\n|switch|p1a: Cloyster|Cloyster, M|100\/100\n|switch|p2a: Thundurus|Thundurus-Therian, M|100\/100\n|turn|1\n|\n|t:|1698606018\n|-terastallize|p1a: Cloyster|Ground\n|move|p2a: Thundurus|Wildbolt Storm|p1a: Cloyster\n|-immune|p1a: Cloyster\n|move|p1a: Cloyster|Shell Smash|p1a: Cloyster\n|-unboost|p1a: Cloyster|def|1\n|-unboost|p1a: Cloyster|spd|1\n|-boost|p1a: Cloyster|atk|2\n|-boost|p1a: Cloyster|spa|2\n|-boost|p1a: Cloyster|spe|2\n|\n|upkeep\n|turn|2\n|\n|t:|1698606025\n|switch|p2a: Ferrothorn|Ferrothorn, F|100\/100\n|move|p1a: Cloyster|Icicle Spear|p2a: Ferrothorn\n|-damage|p2a: Ferrothorn|87\/100\n|-damage|p2a: Ferrothorn|74\/100\n|-damage|p2a: Ferrothorn|61\/100\n|-damage|p2a: Ferrothorn|47\/100\n|-damage|p2a: Ferrothorn|34\/100\n|-hitcount|p2a: Ferrothorn|5\n|\n|-heal|p2a: Ferrothorn|40\/100|[from] item: Leftovers\n|upkeep\n|turn|3\n|\n|t:|1698606041\n|move|p1a: Cloyster|Icicle Spear|p2a: Ferrothorn\n|-damage|p2a: Ferrothorn|25\/100\n|-damage|p2a: Ferrothorn|10\/100\n|-damage|p2a: Ferrothorn|0 fnt\n|faint|p2a: Ferrothorn\n|-hitcount|p2: Ferrothorn|3\n|\n|upkeep\n|\n|t:|1698606043\n|switch|p2a: Kyogre|Kyogre|100\/100\n|-weather|RainDance|[from] ability: Drizzle|[of] p2a: Kyogre\n|turn|4\n|\n|t:|1698606051\n|move|p2a: Kyogre|Water Spout|p1a: Cloyster\n|-supereffective|p1a: Cloyster\n|-damage|p1a: Cloyster|0 fnt\n|faint|p1a: Cloyster\n|\n|-weather|RainDance|[upkeep]\n|upkeep\n|\n|t:|1698606060\n|switch|p1a: Kyogre|Kyogre|100\/100\n|turn|5\n|\n|t:|1698606067\n|switch|p2a: Chansey|Chansey, F|100\/100\n|move|p1a: Kyogre|Thunder|p2a: Chansey\n|-damage|p2a: Chansey|88\/100\n|\n|-weather|RainDance|[upkeep]\n|upkeep\n|turn|6\n|\n|t:|1698606078\n|switch|p1a: Marshadow|Marshadow|100\/100\n|move|p2a: Chansey|Toxic|p1a: Marshadow\n|-status|p1a: Marshadow|tox\n|\n|-weather|RainDance|[upkeep]\n|-damage|p1a: Marshadow|94\/100 tox|[from] psn\n|upkeep\n|turn|7\n|\n|t:|1698606087\n|switch|p2a: Thundurus|Thundurus-Therian, M|100\/100\n|move|p1a: Marshadow|Drain Punch|p2a: Thundurus\n|-resisted|p2a: Thundurus\n|-damage|p2a: Thundurus|71\/100\n|-heal|p1a: Marshadow|100\/100 tox|[from] drain|[of] p2a: Thundurus\n|\n|-weather|RainDance|[upkeep]\n|-damage|p1a: Marshadow|88\/100 tox|[from] psn\n|upkeep\n|turn|8\n|\n|t:|1698606105\n|move|p2a: Thundurus|Wildbolt Storm|p1a: Marshadow\n|-damage|p1a: Marshadow|23\/100 tox\n|move|p1a: Marshadow|Spectral Thief|p2a: Thundurus\n|-damage|p2a: Thundurus|0 fnt\n|faint|p2a: Thundurus\n|\n|-weather|none\n|-damage|p1a: Marshadow|4\/100 tox|[from] psn\n|upkeep\n|\n|t:|1698606114\n|switch|p2a: Kyogre|Kyogre|100\/100\n|-weather|RainDance|[from] ability: Drizzle|[of] p2a: Kyogre\n|turn|9\n|\n|t:|1698606126\n|switch|p1a: Ditto|Ditto, shiny|100\/100\n|-transform|p1a: Ditto|p2a: Kyogre|[from] ability: Imposter\n|move|p2a: Kyogre|Thunder|p1a: Ditto\n|-supereffective|p1a: Ditto\n|-damage|p1a: Ditto|29\/100\n|-status|p1a: Ditto|par\n|\n|-weather|RainDance|[upkeep]\n|upkeep\n|turn|10\n|\n|t:|1698606138\n|move|p2a: Kyogre|Thunder|p1a: Ditto\n|-supereffective|p1a: Ditto\n|-damage|p1a: Ditto|0 fnt\n|faint|p1a: Ditto\n|\n|-weather|RainDance|[upkeep]\n|upkeep\n|\n|t:|1698606144\n|switch|p1a: Kyogre|Kyogre|100\/100\n|turn|11\n|\n|t:|1698606148\n|-terastallize|p2a: Kyogre|Grass\n|move|p2a: Kyogre|Thunder|p1a: Kyogre\n|-supereffective|p1a: Kyogre\n|-damage|p1a: Kyogre|39\/100\n|move|p1a: Kyogre|Thunder|p2a: Kyogre\n|-resisted|p2a: Kyogre\n|-damage|p2a: Kyogre|84\/100\n|\n|-weather|RainDance|[upkeep]\n|upkeep\n|turn|12\n|\n|t:|1698606157\n|switch|p1a: Zacian|Zacian-Crowned, shiny|100\/100\n|-ability|p1a: Zacian|Intrepid Sword|boost\n|-boost|p1a: Zacian|atk|1\n|move|p2a: Kyogre|Thunder|p1a: Zacian\n|-damage|p1a: Zacian|59\/100\n|\n|-weather|RainDance|[upkeep]\n|upkeep\n|turn|13\n|\n|t:|1698606166\n|move|p2a: Kyogre|Thunder|p1a: Zacian\n|-damage|p1a: Zacian|21\/100\n|move|p1a: Zacian|Play Rough|p2a: Kyogre\n|-damage|p2a: Kyogre|0 fnt\n|faint|p2a: Kyogre\n|\n|-weather|none\n|upkeep\n|\n|t:|1698606179\n|switch|p2a: Swampert|Swampert, M|100\/100\n|turn|14\n|\n|t:|1698606185\n|detailschange|p2a: Swampert|Swampert-Mega, M\n|-mega|p2a: Swampert|Swampert|Swampertite\n|move|p1a: Zacian|Play Rough|p2a: Swampert\n|-damage|p2a: Swampert|26\/100\n|move|p2a: Swampert|Earthquake|p1a: Zacian\n|-supereffective|p1a: Zacian\n|-damage|p1a: Zacian|0 fnt\n|faint|p1a: Zacian\n|\n|upkeep\n|\n|t:|1698606190\n|switch|p1a: Kyogre|Kyogre|39\/100\n|-weather|RainDance|[from] ability: Drizzle|[of] p1a: Kyogre\n|turn|15\n|\n|t:|1698606195\n|move|p2a: Swampert|Earthquake|p1a: Kyogre\n|-damage|p1a: Kyogre|0 fnt\n|faint|p1a: Kyogre\n|\n|-weather|RainDance|[upkeep]\n|upkeep\n|\n|t:|1698606207\n|switch|p1a: Basculegion|Basculegion, M|100\/100\n|turn|16\n|\n|t:|1698606220\n|move|p2a: Swampert|Bulk Up|p2a: Swampert\n|-boost|p2a: Swampert|atk|1\n|-boost|p2a: Swampert|def|1\n|move|p1a: Basculegion|Last Respects|p2a: Swampert\n|-damage|p2a: Swampert|0 fnt\n|faint|p2a: Swampert\n|\n|-weather|RainDance|[upkeep]\n|upkeep\n|\n|t:|1698606225\n|switch|p2a: Chansey|Chansey, F|88\/100\n|turn|17\n|inactive|meinhartkaizer has 120 seconds left.\n|inactive|meinhartkaizer has 90 seconds left.\n|inactive|meinhartkaizer has 60 seconds left.\n|inactive|meinhartkaizer has 30 seconds left.\n|inactive|meinhartkaizer has 20 seconds left.\n|inactive|meinhartkaizer has 15 seconds left.\n|inactive|meinhartkaizer has 10 seconds left.\n|inactive|meinhartkaizer has 5 seconds left.\n|-message|meinhartkaizer lost due to inactivity.\n|\n|win|Godspeed06\n|raw|meinhartkaizer's rating: 1405 &rarr; <strong>1379<\/strong><br \/>(-26 for losing)\n|raw|Godspeed06's rating: 1294 &rarr; <strong>1327<\/strong><br \/>(+33 for winning)\n","uploadtime":1698606435,"views":15,"p1id":"meinhartkaizer","p2id":"godspeed06","formatid":"gen9nationaldexubers","rating":1327,"private":0,"password":""}