{"id":"gen9nationaldexubers-1982128855","p1":"Kidhx","p2":"Breeze88","format":"[Gen 9] National Dex Ubers","log":"|j|\u2606Kidhx\n|j|\u2606Breeze88\n|t:|1698970811\n|gametype|singles\n|player|p1|Kidhx|preschooler|1402\n|player|p2|Breeze88|steven|1650\n|teamsize|p1|6\n|teamsize|p2|6\n|gen|9\n|tier|[Gen 9] National Dex Ubers\n|rated|\n|rule|HP Percentage Mod: HP is shown in percentages\n|rule|Endless Battle Clause: Forcing endless battles is banned\n|rule|OHKO Clause: OHKO moves are banned\n|rule|Evasion Moves Clause: Evasion moves are banned\n|rule|Evasion Items Clause: Evasion items are banned\n|rule|Species Clause: Limit one of each Pok\u00e9mon\n|rule|Sleep Clause Mod: Limit one foe put to sleep\n|rule|Mega Rayquaza Clause: You cannot mega evolve Rayquaza\n|clearpoke\n|poke|p1|Slurpuff, M|\n|poke|p1|Landorus, M|\n|poke|p1|Arceus-Ground|\n|poke|p1|Salamence, M|\n|poke|p1|Necrozma-Dusk-Mane|\n|poke|p1|Zacian-*|\n|poke|p2|Shuckle, F|\n|poke|p2|Gholdengo|\n|poke|p2|Yveltal|\n|poke|p2|Groudon|\n|poke|p2|Arceus-Ground|\n|poke|p2|Xerneas-*|\n|teampreview\n|inactive|Battle timer is ON: inactive players will automatically lose when time's up. (requested by Breeze88)\n|inactive|Kidhx also wants the timer to be on.\n|c|\u2606Breeze88|glhf\n|inactive|Breeze88 has 120 seconds left.\n|\n|t:|1698970848\n|start\n|switch|p1a: Landorus|Landorus, M|100\/100\n|switch|p2a: Yveltal|Yveltal, shiny|100\/100\n|-ability|p2a: Yveltal|Dark Aura\n|turn|1\n|\n|t:|1698970859\n|move|p1a: Landorus|Stealth Rock|p2a: Yveltal\n|-sidestart|p2: Breeze88|move: Stealth Rock\n|move|p2a: Yveltal|Dark Pulse|p1a: Landorus\n|-enditem|p1a: Landorus|Focus Sash\n|-damage|p1a: Landorus|1\/100\n|-damage|p2a: Yveltal|91\/100|[from] item: Life Orb\n|\n|upkeep\n|turn|2\n|\n|t:|1698970869\n|move|p2a: Yveltal|Sucker Punch|p1a: Landorus\n|-damage|p1a: Landorus|0 fnt\n|faint|p1a: Landorus\n|-damage|p2a: Yveltal|81\/100|[from] item: Life Orb\n|\n|upkeep\n|\n|t:|1698970876\n|switch|p1a: Slurpuff|Slurpuff, M|100\/100\n|turn|3\n|\n|t:|1698970885\n|move|p2a: Yveltal|Dark Pulse|p1a: Slurpuff\n|-resisted|p1a: Slurpuff\n|-damage|p1a: Slurpuff|28\/100\n|-damage|p2a: Yveltal|71\/100|[from] item: Life Orb\n|cant|p1a: Slurpuff|flinch\n|\n|upkeep\n|turn|4\n|c|\u2606Breeze88|im sorry\n|\n|t:|1698970904\n|move|p2a: Yveltal|Dark Pulse|p1a: Slurpuff\n|-resisted|p1a: Slurpuff\n|-damage|p1a: Slurpuff|0 fnt\n|faint|p1a: Slurpuff\n|-damage|p2a: Yveltal|61\/100|[from] item: Life Orb\n|\n|upkeep\n|\n|t:|1698970915\n|switch|p1a: Zacian|Zacian-Crowned|100\/100\n|-ability|p1a: Zacian|Intrepid Sword|boost\n|-boost|p1a: Zacian|atk|1\n|turn|5\n|\n|t:|1698970926\n|switch|p2a: Groudon|Groudon|100\/100\n|-damage|p2a: Groudon|94\/100|[from] Stealth Rock\n|detailschange|p2a: Groudon|Groudon-Primal\n|-primal|p2a: Groudon|Red Orb\n|-weather|DesolateLand|[from] ability: Desolate Land|[of] p2a: Groudon\n|move|p1a: Zacian|Wild Charge|p2a: Groudon\n|-immune|p2a: Groudon\n|\n|-weather|DesolateLand|[upkeep]\n|upkeep\n|turn|6\n|\n|t:|1698970940\n|move|p1a: Zacian|Close Combat|p2a: Groudon\n|-damage|p2a: Groudon|46\/100\n|-unboost|p1a: Zacian|def|1\n|-unboost|p1a: Zacian|spd|1\n|move|p2a: Groudon|Eruption|p1a: Zacian\n|-supereffective|p1a: Zacian\n|-damage|p1a: Zacian|0 fnt\n|faint|p1a: Zacian\n|\n|-weather|DesolateLand|[upkeep]\n|upkeep\n|\n|t:|1698970954\n|switch|p1a: Salamence|Salamence, M|100\/100\n|-ability|p1a: Salamence|Intimidate|boost\n|-unboost|p2a: Groudon|atk|1\n|turn|7\n|\n|t:|1698970960\n|detailschange|p1a: Salamence|Salamence-Mega, M\n|-mega|p1a: Salamence|Salamence|Salamencite\n|move|p1a: Salamence|Dragon Dance|p1a: Salamence\n|-boost|p1a: Salamence|atk|1\n|-boost|p1a: Salamence|spe|1\n|move|p2a: Groudon|Rock Tomb|p1a: Salamence\n|-supereffective|p1a: Salamence\n|-damage|p1a: Salamence|73\/100\n|-unboost|p1a: Salamence|spe|1\n|\n|-weather|DesolateLand|[upkeep]\n|upkeep\n|turn|8\n|\n|t:|1698970971\n|move|p1a: Salamence|Dragon Dance|p1a: Salamence\n|-boost|p1a: Salamence|atk|1\n|-boost|p1a: Salamence|spe|1\n|move|p2a: Groudon|Rock Tomb|p1a: Salamence\n|-supereffective|p1a: Salamence\n|-damage|p1a: Salamence|47\/100\n|-unboost|p1a: Salamence|spe|1\n|\n|-weather|DesolateLand|[upkeep]\n|upkeep\n|turn|9\n|\n|t:|1698970985\n|move|p1a: Salamence|Frustration|p2a: Groudon\n|-damage|p2a: Groudon|0 fnt\n|faint|p2a: Groudon\n|-weather|none\n|\n|upkeep\n|\n|t:|1698970988\n|switch|p2a: Yveltal|Yveltal, shiny|61\/100\n|-damage|p2a: Yveltal|36\/100|[from] Stealth Rock\n|-ability|p2a: Yveltal|Dark Aura\n|turn|10\n|\n|t:|1698970996\n|-terastallize|p2a: Yveltal|Dark\n|move|p2a: Yveltal|Sucker Punch||[still]\n|-fail|p2a: Yveltal\n|move|p1a: Salamence|Substitute|p1a: Salamence\n|-start|p1a: Salamence|Substitute\n|-damage|p1a: Salamence|23\/100\n|\n|upkeep\n|turn|11\n|c|\u2606Breeze88|gg\n|\n|t:|1698971007\n|move|p1a: Salamence|Frustration|p2a: Yveltal\n|-damage|p2a: Yveltal|0 fnt\n|faint|p2a: Yveltal\n|\n|upkeep\n|\n|t:|1698971010\n|switch|p2a: Shuckle|Shuckle, F, shiny|100\/100\n|-damage|p2a: Shuckle|75\/100|[from] Stealth Rock\n|turn|12\n|\n|t:|1698971022\n|move|p1a: Salamence|Earthquake|p2a: Shuckle\n|-damage|p2a: Shuckle|33\/100\n|move|p2a: Shuckle|Encore|p1a: Salamence\n|-start|p1a: Salamence|Encore\n|\n|upkeep\n|turn|13\n|\n|t:|1698971033\n|move|p1a: Salamence|Earthquake|p2a: Shuckle\n|-damage|p2a: Shuckle|0 fnt\n|faint|p2a: Shuckle\n|\n|upkeep\n|\n|t:|1698971037\n|switch|p2a: Gholdengo|Gholdengo|100\/100\n|-damage|p2a: Gholdengo|94\/100|[from] Stealth Rock\n|turn|14\n|\n|t:|1698971042\n|move|p1a: Salamence|Earthquake|p2a: Gholdengo\n|-supereffective|p2a: Gholdengo\n|-damage|p2a: Gholdengo|0 fnt\n|faint|p2a: Gholdengo\n|\n|upkeep\n|\n|t:|1698971054\n|switch|p2a: Xerneas|Xerneas, shiny|100\/100\n|-damage|p2a: Xerneas|88\/100|[from] Stealth Rock\n|-ability|p2a: Xerneas|Fairy Aura\n|turn|15\n|\n|t:|1698971060\n|move|p1a: Salamence|Earthquake|p2a: Xerneas\n|-damage|p2a: Xerneas|22\/100\n|move|p2a: Xerneas|Moonblast|p1a: Salamence\n|-supereffective|p1a: Salamence\n|-end|p1a: Salamence|Substitute\n|\n|-end|p1a: Salamence|Encore\n|upkeep\n|turn|16\n|\n|t:|1698971074\n|move|p1a: Salamence|Earthquake|p2a: Xerneas\n|-damage|p2a: Xerneas|0 fnt\n|faint|p2a: Xerneas\n|\n|upkeep\n|\n|t:|1698971076\n|switch|p2a: Arceus|Arceus-Ground|100\/100\n|-damage|p2a: Arceus|94\/100|[from] Stealth Rock\n|turn|17\n|\n|t:|1698971082\n|move|p1a: Salamence|Frustration|p2a: Arceus\n|-damage|p2a: Arceus|0 fnt\n|faint|p2a: Arceus\n|\n|win|Kidhx\n|raw|Kidhx's rating: 1402 &rarr; <strong>1434<\/strong><br \/>(+32 for winning)\n|raw|Breeze88's rating: 1650 &rarr; <strong>1618<\/strong><br \/>(-32 for losing)\n|l|\u2606Breeze88\n","uploadtime":1698971095,"views":6,"p1id":"kidhx","p2id":"breeze88","formatid":"gen9nationaldexubers","rating":1434,"private":0,"password":""}