{"id":"gen9nationaldexubers-1984459883","p1":"mega qy","p2":"85792195wwww","format":"[Gen 9] National Dex Ubers","log":"|j|\u2606mega qy\n|j|\u203d85792195wwww\n|t:|1699267284\n|gametype|singles\n|player|p1|mega qy|lusamine-nihilego|1742\n|player|p2|85792195wwww|mira|1866\n|teamsize|p1|6\n|teamsize|p2|6\n|gen|9\n|tier|[Gen 9] National Dex Ubers\n|rated|\n|rule|HP Percentage Mod: HP is shown in percentages\n|rule|Endless Battle Clause: Forcing endless battles is banned\n|rule|OHKO Clause: OHKO moves are banned\n|rule|Evasion Moves Clause: Evasion moves are banned\n|rule|Evasion Items Clause: Evasion items are banned\n|rule|Species Clause: Limit one of each Pok\u00e9mon\n|rule|Sleep Clause Mod: Limit one foe put to sleep\n|rule|Mega Rayquaza Clause: You cannot mega evolve Rayquaza\n|clearpoke\n|poke|p1|Hatterene, F|\n|poke|p1|Calyrex-Ice|\n|poke|p1|Arceus|\n|poke|p1|Cresselia, F|\n|poke|p1|Melmetal|\n|poke|p1|Groudon|\n|poke|p2|Arceus|\n|poke|p2|Xerneas-*|\n|poke|p2|Groudon|\n|poke|p2|Zacian-*|\n|poke|p2|Samurott-Hisui, F|\n|poke|p2|Rayquaza|\n|teampreview\n|\n|t:|1699267289\n|start\n|switch|p1a: \u9752\u6625\u97f3\u7bb1\u87c0\u4e0d\u4f1a\u68a6\u89c1\u9b54\u5973\u5b66\u59d0|Hatterene, F, shiny|100\/100\n|switch|p2a: Samurott|Samurott-Hisui, F|100\/100\n|turn|1\n|inactive|Battle timer is ON: inactive players will automatically lose when time's up. (requested by mega qy)\n|\n|t:|1699267297\n|move|p2a: Samurott|Ceaseless Edge|p1a: \u9752\u6625\u97f3\u7bb1\u87c0\u4e0d\u4f1a\u68a6\u89c1\u9b54\u5973\u5b66\u59d0\n|-damage|p1a: \u9752\u6625\u97f3\u7bb1\u87c0\u4e0d\u4f1a\u68a6\u89c1\u9b54\u5973\u5b66\u59d0|46\/100\n|-sidestart|p1: mega qy|Spikes\n|move|p1a: \u9752\u6625\u97f3\u7bb1\u87c0\u4e0d\u4f1a\u68a6\u89c1\u9b54\u5973\u5b66\u59d0|Trick Room|p1a: \u9752\u6625\u97f3\u7bb1\u87c0\u4e0d\u4f1a\u68a6\u89c1\u9b54\u5973\u5b66\u59d0\n|-fieldstart|move: Trick Room|[of] p1a: \u9752\u6625\u97f3\u7bb1\u87c0\u4e0d\u4f1a\u68a6\u89c1\u9b54\u5973\u5b66\u59d0\n|\n|upkeep\n|turn|2\n|\n|t:|1699267308\n|switch|p2a: Xerneas|Xerneas|100\/100\n|-ability|p2a: Xerneas|Fairy Aura\n|move|p1a: \u9752\u6625\u97f3\u7bb1\u87c0\u4e0d\u4f1a\u68a6\u89c1\u9b54\u5973\u5b66\u59d0|Misty Explosion|p2a: Xerneas\n|-damage|p2a: Xerneas|30\/100\n|faint|p1a: \u9752\u6625\u97f3\u7bb1\u87c0\u4e0d\u4f1a\u68a6\u89c1\u9b54\u5973\u5b66\u59d0\n|\n|upkeep\n|\n|t:|1699267312\n|switch|p1a: \u6211\u8981\u51b0\u5c01\u8fd9\u4e2a\u4e16\u754c|Calyrex-Ice|100\/100\n|-ability|p1a: \u6211\u8981\u51b0\u5c01\u8fd9\u4e2a\u4e16\u754c|As One\n|-ability|p1a: \u6211\u8981\u51b0\u5c01\u8fd9\u4e2a\u4e16\u754c|Unnerve\n|-damage|p1a: \u6211\u8981\u51b0\u5c01\u8fd9\u4e2a\u4e16\u754c|88\/100|[from] Spikes\n|turn|3\n|\n|t:|1699267327\n|-terastallize|p1a: \u6211\u8981\u51b0\u5c01\u8fd9\u4e2a\u4e16\u754c|Ice\n|move|p1a: \u6211\u8981\u51b0\u5c01\u8fd9\u4e2a\u4e16\u754c|Glacial Lance|p2a: Xerneas\n|-damage|p2a: Xerneas|0 fnt\n|faint|p2a: Xerneas\n|-ability|p1a: \u6211\u8981\u51b0\u5c01\u8fd9\u4e2a\u4e16\u754c|Chilling Neigh|boost\n|-boost|p1a: \u6211\u8981\u51b0\u5c01\u8fd9\u4e2a\u4e16\u754c|atk|1\n|\n|upkeep\n|inactive|85792195wwww has 120 seconds left.\n|\n|t:|1699267348\n|switch|p2a: Samurott|Samurott-Hisui, F|100\/100\n|turn|4\n|inactive|85792195wwww has 120 seconds left.\n|\n|t:|1699267360\n|move|p1a: \u6211\u8981\u51b0\u5c01\u8fd9\u4e2a\u4e16\u754c|Glacial Lance|p2a: Samurott\n|-resisted|p2a: Samurott\n|-enditem|p2a: Samurott|Focus Sash\n|-damage|p2a: Samurott|1\/100\n|move|p2a: Samurott|Ceaseless Edge|p1a: \u6211\u8981\u51b0\u5c01\u8fd9\u4e2a\u4e16\u754c\n|-damage|p1a: \u6211\u8981\u51b0\u5c01\u8fd9\u4e2a\u4e16\u754c|61\/100\n|-sidestart|p1: mega qy|Spikes\n|\n|upkeep\n|turn|5\n|\n|t:|1699267369\n|move|p1a: \u6211\u8981\u51b0\u5c01\u8fd9\u4e2a\u4e16\u754c|Glacial Lance|p2a: Samurott\n|-resisted|p2a: Samurott\n|-damage|p2a: Samurott|0 fnt\n|faint|p2a: Samurott\n|-ability|p1a: \u6211\u8981\u51b0\u5c01\u8fd9\u4e2a\u4e16\u754c|Chilling Neigh|boost\n|-boost|p1a: \u6211\u8981\u51b0\u5c01\u8fd9\u4e2a\u4e16\u754c|atk|1\n|\n|-fieldend|move: Trick Room\n|upkeep\n|inactive|85792195wwww has 120 seconds left.\n|\n|t:|1699267382\n|switch|p2a: Rayquaza|Rayquaza|100\/100\n|-ability|p2a: Rayquaza|Air Lock\n|turn|6\n|\n|t:|1699267390\n|-terastallize|p2a: Rayquaza|Flying\n|move|p2a: Rayquaza|Dragon Ascent|p1a: \u6211\u8981\u51b0\u5c01\u8fd9\u4e2a\u4e16\u754c\n|-damage|p1a: \u6211\u8981\u51b0\u5c01\u8fd9\u4e2a\u4e16\u754c|0 fnt\n|-unboost|p2a: Rayquaza|def|1\n|-unboost|p2a: Rayquaza|spd|1\n|faint|p1a: \u6211\u8981\u51b0\u5c01\u8fd9\u4e2a\u4e16\u754c\n|\n|upkeep\n|\n|t:|1699267396\n|switch|p1a: \u6700\u5f3a\u6218\u795e\u5b99\u65af|Arceus|100\/100\n|-damage|p1a: \u6700\u5f3a\u6218\u795e\u5b99\u65af|84\/100|[from] Spikes\n|turn|7\n|\n|t:|1699267403\n|move|p2a: Rayquaza|Dragon Ascent|p1a: \u6700\u5f3a\u6218\u795e\u5b99\u65af\n|-damage|p1a: \u6700\u5f3a\u6218\u795e\u5b99\u65af|12\/100\n|-unboost|p2a: Rayquaza|def|1\n|-unboost|p2a: Rayquaza|spd|1\n|move|p1a: \u6700\u5f3a\u6218\u795e\u5b99\u65af|Trick Room|p1a: \u6700\u5f3a\u6218\u795e\u5b99\u65af\n|-fieldstart|move: Trick Room|[of] p1a: \u6700\u5f3a\u6218\u795e\u5b99\u65af\n|\n|upkeep\n|turn|8\n|\n|t:|1699267411\n|move|p1a: \u6700\u5f3a\u6218\u795e\u5b99\u65af|Healing Wish|p1a: \u6700\u5f3a\u6218\u795e\u5b99\u65af\n|faint|p1a: \u6700\u5f3a\u6218\u795e\u5b99\u65af\n|move|p2a: Rayquaza|Dragon Ascent|p1: \u6700\u5f3a\u6218\u795e\u5b99\u65af|[notarget]\n|-fail|p2a: Rayquaza\n|\n|upkeep\n|\n|t:|1699267425\n|switch|p1a: \u5c0f\u667a\u51a0\u519b\u5927\u9171|Melmetal|100\/100\n|-damage|p1a: \u5c0f\u667a\u51a0\u519b\u5927\u9171|84\/100|[from] Spikes\n|turn|9\n|\n|t:|1699267432\n|switch|p2a: Zacian|Zacian-Crowned|100\/100\n|-ability|p2a: Zacian|Intrepid Sword|boost\n|-boost|p2a: Zacian|atk|1\n|move|p1a: \u5c0f\u667a\u51a0\u519b\u5927\u9171|Double Iron Bash|p2a: Zacian\n|-damage|p2a: Zacian|34\/100\n|-damage|p2a: Zacian|0 fnt\n|faint|p2a: Zacian\n|-hitcount|p2: Zacian|2\n|\n|upkeep\n|\n|t:|1699267444\n|switch|p2a: Arceus|Arceus|100\/100\n|turn|10\n|\n|t:|1699267449\n|move|p1a: \u5c0f\u667a\u51a0\u519b\u5927\u9171|Double Iron Bash|p2a: Arceus\n|-damage|p2a: Arceus|52\/100\n|-damage|p2a: Arceus|7\/100\n|-hitcount|p2a: Arceus|2\n|cant|p2a: Arceus|flinch\n|\n|upkeep\n|turn|11\n|\n|t:|1699267456\n|move|p1a: \u5c0f\u667a\u51a0\u519b\u5927\u9171|Double Iron Bash|p2a: Arceus\n|-damage|p2a: Arceus|0 fnt\n|faint|p2a: Arceus\n|-hitcount|p2: Arceus|1\n|\n|-fieldend|move: Trick Room\n|upkeep\n|\n|t:|1699267463\n|switch|p2a: Groudon|Groudon|100\/100\n|detailschange|p2a: Groudon|Groudon-Primal\n|-primal|p2a: Groudon|Red Orb\n|-weather|DesolateLand|[from] ability: Desolate Land|[of] p2a: Groudon\n|turn|12\n|\n|t:|1699267469\n|switch|p1a: \u4eca\u665a\u505a\u4e2a\u597d\u68a6\u5427|Cresselia, F|100\/100\n|move|p2a: Groudon|Swords Dance|p2a: Groudon\n|-boost|p2a: Groudon|atk|2\n|\n|-weather|DesolateLand|[upkeep]\n|upkeep\n|turn|13\n|\n|t:|1699267476\n|move|p2a: Groudon|Heat Crash|p1a: \u4eca\u665a\u505a\u4e2a\u597d\u68a6\u5427\n|-damage|p1a: \u4eca\u665a\u505a\u4e2a\u597d\u68a6\u5427|0 fnt\n|faint|p1a: \u4eca\u665a\u505a\u4e2a\u597d\u68a6\u5427\n|\n|-weather|DesolateLand|[upkeep]\n|upkeep\n|-message|mega qy forfeited.\n|\n|win|85792195wwww\n|raw|mega qy's rating: 1742 &rarr; <strong>1729<\/strong><br \/>(-13 for losing)\n|raw|85792195wwww's rating: 1866 &rarr; <strong>1879<\/strong><br \/>(+13 for winning)\n|l|\u2606mega qy\n","uploadtime":1699267492,"views":4,"p1id":"megaqy","p2id":"85792195wwww","formatid":"gen9nationaldexubers","rating":1729,"private":0,"password":""}