{"id":"gen9nationaldexubers-1978852306","p1":"commonapi","p2":"Obito 2001","format":"[Gen 9] National Dex Ubers","log":"|j|\u2606commonapi\n|j|\u2606Obito 2001\n|t:|1698602783\n|gametype|singles\n|player|p1|commonapi|169|1888\n|player|p2|Obito 2001|blue-gen3two|1916\n|teamsize|p1|6\n|teamsize|p2|6\n|gen|9\n|tier|[Gen 9] National Dex Ubers\n|rated|\n|rule|HP Percentage Mod: HP is shown in percentages\n|rule|Endless Battle Clause: Forcing endless battles is banned\n|rule|OHKO Clause: OHKO moves are banned\n|rule|Evasion Moves Clause: Evasion moves are banned\n|rule|Evasion Items Clause: Evasion items are banned\n|rule|Species Clause: Limit one of each Pok\u00e9mon\n|rule|Sleep Clause Mod: Limit one foe put to sleep\n|rule|Mega Rayquaza Clause: You cannot mega evolve Rayquaza\n|clearpoke\n|poke|p1|Ho-Oh|\n|poke|p1|Groudon|\n|poke|p1|Zacian-*|\n|poke|p1|Arceus|\n|poke|p1|Xerneas-*|\n|poke|p1|Kyogre|\n|poke|p2|Lunala|\n|poke|p2|Kingambit, F|\n|poke|p2|Ditto|\n|poke|p2|Arceus-Fairy|\n|poke|p2|Salamence, M|\n|poke|p2|Necrozma-Dusk-Mane|\n|teampreview\n|inactive|Battle timer is ON: inactive players will automatically lose when time's up. (requested by Obito 2001)\n|\n|t:|1698602799\n|start\n|switch|p1a: Groudon|Groudon|100\/100\n|switch|p2a: Necrozma|Necrozma-Dusk-Mane, shiny|100\/100\n|detailschange|p1a: Groudon|Groudon-Primal\n|-primal|p1a: Groudon|Red Orb\n|-weather|DesolateLand|[from] ability: Desolate Land|[of] p1a: Groudon\n|turn|1\n|\n|t:|1698602805\n|detailschange|p2a: Necrozma|Necrozma-Ultra, shiny\n|-burst|p2a: Necrozma|Necrozma|Ultranecrozium Z\n|move|p2a: Necrozma|Photon Geyser|p1a: Groudon\n|-damage|p1a: Groudon|44\/100\n|move|p1a: Groudon|Earthquake|p2a: Necrozma\n|-damage|p2a: Necrozma|31\/100\n|\n|-weather|DesolateLand|[upkeep]\n|upkeep\n|turn|2\n|\n|t:|1698602812\n|move|p2a: Necrozma|Stealth Rock|p1a: Groudon\n|-sidestart|p1: commonapi|move: Stealth Rock\n|move|p1a: Groudon|Earthquake|p2a: Necrozma\n|-damage|p2a: Necrozma|0 fnt\n|faint|p2a: Necrozma\n|\n|-weather|DesolateLand|[upkeep]\n|upkeep\n|\n|t:|1698602818\n|switch|p2a: Lunala|Lunala, shiny|100\/100\n|turn|3\n|\n|t:|1698602825\n|-weather|none\n|switch|p1a: Ho-Oh|Ho-Oh|100\/100\n|move|p2a: Lunala|Moongeist Beam|p1a: Ho-Oh\n|-damage|p1a: Ho-Oh|68\/100\n|\n|upkeep\n|turn|4\n|\n|t:|1698602832\n|move|p2a: Lunala|Psyshock|p1a: Ho-Oh\n|-damage|p1a: Ho-Oh|39\/100\n|move|p1a: Ho-Oh|Defog|p2a: Lunala\n|-unboost|p2a: Lunala|evasion|1\n|-sideend|p1: commonapi|Stealth Rock|[from] move: Defog|[of] p1a: Ho-Oh\n|\n|upkeep\n|turn|5\n|\n|t:|1698602837\n|move|p2a: Lunala|Moongeist Beam|p1a: Ho-Oh\n|-damage|p1a: Ho-Oh|10\/100\n|move|p1a: Ho-Oh|Toxic|p2a: Lunala\n|-status|p2a: Lunala|tox\n|\n|-damage|p2a: Lunala|94\/100 tox|[from] psn\n|upkeep\n|turn|6\n|\n|t:|1698602844\n|switch|p1a: Arceus|Arceus|100\/100\n|move|p2a: Lunala|Psyshock|p1a: Arceus\n|-damage|p1a: Arceus|73\/100\n|\n|-damage|p2a: Lunala|82\/100 tox|[from] psn\n|upkeep\n|turn|7\n|\n|t:|1698602852\n|move|p2a: Lunala|Psyshock|p1a: Arceus\n|-damage|p1a: Arceus|46\/100\n|move|p1a: Arceus|Earthquake|p2a: Lunala\n|-damage|p2a: Lunala|49\/100 tox\n|\n|-damage|p2a: Lunala|30\/100 tox|[from] psn\n|upkeep\n|turn|8\n|\n|t:|1698602870\n|move|p2a: Lunala|Psyshock|p1a: Arceus\n|-damage|p1a: Arceus|18\/100\n|move|p1a: Arceus|Earthquake|p2a: Lunala\n|-damage|p2a: Lunala|0 fnt\n|faint|p2a: Lunala\n|\n|upkeep\n|\n|t:|1698602884\n|switch|p2a: Salamence|Salamence, M|100\/100\n|-ability|p2a: Salamence|Intimidate|boost\n|-unboost|p1a: Arceus|atk|1\n|turn|9\n|\n|t:|1698602898\n|detailschange|p2a: Salamence|Salamence-Mega, M\n|-mega|p2a: Salamence|Salamence|Salamencite\n|move|p2a: Salamence|Dragon Dance|p2a: Salamence\n|-boost|p2a: Salamence|atk|1\n|-boost|p2a: Salamence|spe|1\n|move|p1a: Arceus|Swords Dance|p1a: Arceus\n|-boost|p1a: Arceus|atk|2\n|\n|upkeep\n|turn|10\n|\n|t:|1698602904\n|move|p1a: Arceus|Extreme Speed|p2a: Salamence\n|-damage|p2a: Salamence|48\/100\n|move|p2a: Salamence|Frustration|p1a: Arceus\n|-damage|p1a: Arceus|0 fnt\n|faint|p1a: Arceus\n|\n|upkeep\n|\n|t:|1698602910\n|switch|p1a: Xerneas|Xerneas|100\/100\n|-ability|p1a: Xerneas|Fairy Aura\n|turn|11\n|\n|t:|1698602915\n|move|p2a: Salamence|Frustration|p1a: Xerneas\n|-damage|p1a: Xerneas|25\/100\n|move|p1a: Xerneas|Draining Kiss|p2a: Salamence\n|-supereffective|p2a: Salamence\n|-damage|p2a: Salamence|0 fnt\n|-heal|p1a: Xerneas|51\/100|[from] drain|[of] p2a: Salamence\n|faint|p2a: Salamence\n|\n|upkeep\n|\n|t:|1698602920\n|switch|p2a: Arceus|Arceus-Fairy|100\/100\n|turn|12\n|\n|t:|1698602923\n|move|p2a: Arceus|Judgment|p1a: Xerneas\n|-damage|p1a: Xerneas|0 fnt\n|faint|p1a: Xerneas\n|\n|upkeep\n|\n|t:|1698602928\n|switch|p1a: Zacian|Zacian-Crowned|100\/100\n|-ability|p1a: Zacian|Intrepid Sword|boost\n|-boost|p1a: Zacian|atk|1\n|turn|13\n|\n|t:|1698602936\n|move|p1a: Zacian|Behemoth Blade|p2a: Arceus\n|-supereffective|p2a: Arceus\n|-damage|p2a: Arceus|0 fnt\n|faint|p2a: Arceus\n|\n|upkeep\n|\n|t:|1698602937\n|switch|p2a: Ditto|Ditto, shiny|100\/100\n|-transform|p2a: Ditto|p1a: Zacian|[from] ability: Imposter\n|-ability|p2a: Ditto|Intrepid Sword|boost\n|-boost|p2a: Ditto|atk|1\n|turn|14\n|\n|t:|1698602943\n|switch|p1a: Ho-Oh|Ho-Oh|43\/100\n|move|p2a: Ditto|Behemoth Blade|p1a: Ho-Oh\n|-resisted|p1a: Ho-Oh\n|-crit|p1a: Ho-Oh\n|-damage|p1a: Ho-Oh|0 fnt\n|faint|p1a: Ho-Oh\n|\n|upkeep\n|\n|t:|1698602948\n|switch|p1a: Groudon|Groudon-Primal|44\/100\n|-weather|DesolateLand|[from] ability: Desolate Land|[of] p1a: Groudon\n|turn|15\n|\n|t:|1698602952\n|move|p2a: Ditto|Behemoth Blade|p1a: Groudon\n|-resisted|p1a: Groudon\n|-damage|p1a: Groudon|16\/100\n|move|p1a: Groudon|Overheat|p2a: Ditto\n|-supereffective|p2a: Ditto\n|-damage|p2a: Ditto|0 fnt\n|-unboost|p1a: Groudon|spa|2\n|faint|p2a: Ditto\n|\n|-weather|DesolateLand|[upkeep]\n|upkeep\n|\n|t:|1698602955\n|switch|p2a: Kingambit|Kingambit, F|100\/100\n|-activate|p2a: Kingambit|ability: Supreme Overlord\n|-start|p2a: Kingambit|fallen5|[silent]\n|turn|16\n|\n|t:|1698602958\n|move|p2a: Kingambit|Sucker Punch|p1a: Groudon\n|-damage|p1a: Groudon|0 fnt\n|faint|p1a: Groudon\n|-weather|none\n|\n|upkeep\n|\n|t:|1698602961\n|switch|p1a: Kyogre|Kyogre|100\/100\n|detailschange|p1a: Kyogre|Kyogre-Primal\n|-primal|p1a: Kyogre|Blue Orb\n|-weather|PrimordialSea|[from] ability: Primordial Sea|[of] p1a: Kyogre\n|turn|17\n|\n|t:|1698602964\n|move|p2a: Kingambit|Sucker Punch|p1a: Kyogre\n|-damage|p1a: Kyogre|17\/100\n|move|p1a: Kyogre|Surf|p2a: Kingambit\n|-damage|p2a: Kingambit|9\/100\n|\n|-weather|PrimordialSea|[upkeep]\n|upkeep\n|turn|18\n|\n|t:|1698602971\n|move|p2a: Kingambit|Sucker Punch|p1a: Kyogre\n|-damage|p1a: Kyogre|0 fnt\n|faint|p1a: Kyogre\n|-weather|none\n|\n|upkeep\n|\n|t:|1698602974\n|switch|p1a: Zacian|Zacian-Crowned|100\/100\n|turn|19\n|\n|t:|1698602977\n|-terastallize|p2a: Kingambit|Ghost\n|move|p1a: Zacian|Behemoth Blade|p2a: Kingambit\n|-damage|p2a: Kingambit|0 fnt\n|faint|p2a: Kingambit\n|-end|p2a: Kingambit|fallen5|[silent]\n|\n|win|commonapi\n|raw|commonapi's rating: 1888 &rarr; <strong>1910<\/strong><br \/>(+22 for winning)\n|raw|Obito 2001's rating: 1916 &rarr; <strong>1894<\/strong><br \/>(-22 for losing)\n|l|\u2606Obito 2001\n","uploadtime":1698603020,"views":42,"p1id":"commonapi","p2id":"obito2001","formatid":"gen9nationaldexubers","rating":1894,"private":0,"password":""}