{"id":"gen9nationaldexubers-1992622437","p1":"Garchomp8000","p2":"Willooversace","format":"[Gen 9] National Dex Ubers","log":"|j|\u2606Garchomp8000\n|j|\u2606Willooversace\n|t:|1700216253\n|gametype|singles\n|player|p1|Garchomp8000|policeman-gen4|1313\n|player|p2|Willooversace|n|1440\n|teamsize|p1|6\n|teamsize|p2|6\n|gen|9\n|tier|[Gen 9] National Dex Ubers\n|rated|\n|rule|HP Percentage Mod: HP is shown in percentages\n|rule|Endless Battle Clause: Forcing endless battles is banned\n|rule|OHKO Clause: OHKO moves are banned\n|rule|Evasion Moves Clause: Evasion moves are banned\n|rule|Evasion Items Clause: Evasion items are banned\n|rule|Species Clause: Limit one of each Pok\u00e9mon\n|rule|Sleep Clause Mod: Limit one foe put to sleep\n|rule|Mega Rayquaza Clause: You cannot mega evolve Rayquaza\n|clearpoke\n|poke|p1|Yveltal|\n|poke|p1|Volcanion|\n|poke|p1|Zekrom|\n|poke|p1|Ditto|\n|poke|p1|Xatu, M|\n|poke|p1|Malamar, M|\n|poke|p2|Necrozma-Dusk-Mane|\n|poke|p2|Mewtwo|\n|poke|p2|Zacian-*|\n|poke|p2|Lugia|\n|poke|p2|Zygarde|\n|poke|p2|Grimmsnarl, M|\n|teampreview\n|\n|t:|1700216257\n|start\n|switch|p1a: Ditto|Ditto|100\/100\n|switch|p2a: Grimmsnarl|Grimmsnarl, M|100\/100\n|-transform|p1a: Ditto|p2a: Grimmsnarl|[from] ability: Imposter\n|turn|1\n|\n|t:|1700216270\n|move|p2a: Grimmsnarl|Reflect|p2a: Grimmsnarl\n|-sidestart|p2: Willooversace|Reflect\n|move|p1a: Ditto|Light Screen|p1a: Ditto\n|-sidestart|p1: Garchomp8000|move: Light Screen\n|\n|upkeep\n|turn|2\n|\n|t:|1700216282\n|move|p1a: Ditto|Reflect|p1a: Ditto\n|-sidestart|p1: Garchomp8000|Reflect\n|move|p2a: Grimmsnarl|Taunt|p1a: Ditto\n|-hint|Since gen 7, Dark is immune to Prankster moves.\n|-immune|p1a: Ditto\n|\n|upkeep\n|turn|3\n|\n|t:|1700216287\n|move|p1a: Ditto|Parting Shot|p2a: Grimmsnarl\n|-hint|Since gen 7, Dark is immune to Prankster moves.\n|-immune|p2a: Grimmsnarl\n|move|p2a: Grimmsnarl|Light Screen|p2a: Grimmsnarl\n|-sidestart|p2: Willooversace|move: Light Screen\n|\n|upkeep\n|turn|4\n|\n|t:|1700216301\n|switch|p1a: Xatu|Xatu, M, shiny|100\/100\n|move|p2a: Grimmsnarl|Taunt|p1a: Xatu\n|move|p1a: Xatu|Taunt|p2a: Grimmsnarl|[from]ability: Magic Bounce\n|-start|p2a: Grimmsnarl|move: Taunt\n|\n|upkeep\n|turn|5\n|\n|t:|1700216312\n|switch|p1a: Volcanion|Volcanion|100\/100\n|switch|p2a: Mewtwo|Mewtwo|100\/100\n|-ability|p2a: Mewtwo|Pressure\n|\n|-sideend|p1: Garchomp8000|move: Light Screen\n|upkeep\n|turn|6\n|\n|t:|1700216324\n|detailschange|p2a: Mewtwo|Mewtwo-Mega-Y\n|-mega|p2a: Mewtwo|Mewtwo|Mewtwonite Y\n|move|p2a: Mewtwo|Psystrike|p1a: Volcanion\n|-damage|p1a: Volcanion|43\/100\n|move|p1a: Volcanion|Defog|p2a: Mewtwo\n|-unboost|p2a: Mewtwo|evasion|1\n|-sideend|p2: Willooversace|Reflect\n|-sideend|p2: Willooversace|move: Light Screen\n|\n|-sideend|p1: Garchomp8000|Reflect\n|upkeep\n|turn|7\n|\n|t:|1700216332\n|switch|p1a: Yveltal|Yveltal|100\/100\n|-ability|p1a: Yveltal|Dark Aura\n|move|p2a: Mewtwo|Psystrike|p1a: Yveltal\n|-immune|p1a: Yveltal\n|\n|upkeep\n|turn|8\n|\n|t:|1700216335\n|switch|p2a: Zacian|Zacian-Crowned|100\/100\n|-ability|p2a: Zacian|Intrepid Sword|boost\n|-boost|p2a: Zacian|atk|1\n|move|p1a: Yveltal|Dark Pulse|p2a: Zacian\n|-resisted|p2a: Zacian\n|-damage|p2a: Zacian|67\/100\n|\n|upkeep\n|turn|9\n|\n|t:|1700216346\n|switch|p1a: Volcanion|Volcanion|43\/100\n|move|p2a: Zacian|Close Combat|p1a: Volcanion\n|-damage|p1a: Volcanion|0 fnt\n|-unboost|p2a: Zacian|def|1\n|-unboost|p2a: Zacian|spd|1\n|faint|p1a: Volcanion\n|\n|upkeep\n|\n|t:|1700216351\n|switch|p1a: Ditto|Ditto|100\/100\n|-transform|p1a: Ditto|p2a: Zacian|[from] ability: Imposter\n|-ability|p1a: Ditto|Intrepid Sword|boost\n|-boost|p1a: Ditto|atk|1\n|turn|10\n|\n|t:|1700216366\n|switch|p2a: Necrozma|Necrozma-Dusk-Mane|100\/100\n|move|p1a: Ditto|Behemoth Blade|p2a: Necrozma\n|-resisted|p2a: Necrozma\n|-damage|p2a: Necrozma|53\/100\n|\n|-heal|p2a: Necrozma|59\/100|[from] item: Leftovers\n|upkeep\n|turn|11\n|\n|t:|1700216381\n|switch|p1a: Zekrom|Zekrom|100\/100\n|-ability|p1a: Zekrom|Teravolt\n|move|p2a: Necrozma|Sunsteel Strike|p1a: Zekrom\n|-resisted|p1a: Zekrom\n|-damage|p1a: Zekrom|77\/100\n|\n|-heal|p2a: Necrozma|65\/100|[from] item: Leftovers\n|upkeep\n|turn|12\n|\n|t:|1700216391\n|switch|p2a: Grimmsnarl|Grimmsnarl, M|100\/100\n|move|p1a: Zekrom|Bolt Strike|p2a: Grimmsnarl\n|-damage|p2a: Grimmsnarl|43\/100\n|\n|upkeep\n|turn|13\n|\n|t:|1700216397\n|move|p2a: Grimmsnarl|Reflect|p2a: Grimmsnarl\n|-sidestart|p2: Willooversace|Reflect\n|move|p1a: Zekrom|Bolt Strike|p2a: Grimmsnarl\n|-damage|p2a: Grimmsnarl|11\/100\n|\n|upkeep\n|turn|14\n|\n|t:|1700216402\n|move|p2a: Grimmsnarl|Parting Shot|p1a: Zekrom\n|-unboost|p1a: Zekrom|atk|1\n|-unboost|p1a: Zekrom|spa|1\n|\n|t:|1700216405\n|switch|p2a: Zygarde|Zygarde|100\/100|[from] Parting Shot\n|move|p1a: Zekrom|Bolt Strike|p2a: Zygarde\n|-immune|p2a: Zygarde\n|\n|upkeep\n|turn|15\n|\n|t:|1700216417\n|move|p1a: Zekrom|Haze|p1a: Zekrom\n|-clearallboost\n|move|p2a: Zygarde|Thousand Arrows|p1a: Zekrom\n|-supereffective|p1a: Zekrom\n|-damage|p1a: Zekrom|8\/100\n|-enditem|p1a: Zekrom|Sitrus Berry|[eat]\n|-heal|p1a: Zekrom|33\/100|[from] item: Sitrus Berry\n|\n|upkeep\n|turn|16\n|\n|t:|1700216425\n|move|p2a: Zygarde|Thousand Arrows|p1a: Zekrom\n|-supereffective|p1a: Zekrom\n|-damage|p1a: Zekrom|0 fnt\n|faint|p1a: Zekrom\n|\n|upkeep\n|\n|t:|1700216437\n|switch|p1a: Yveltal|Yveltal|100\/100\n|-ability|p1a: Yveltal|Dark Aura\n|turn|17\n|\n|t:|1700216442\n|switch|p2a: Zacian|Zacian-Crowned|67\/100\n|move|p1a: Yveltal|Dark Pulse|p2a: Zacian\n|-resisted|p2a: Zacian\n|-damage|p2a: Zacian|38\/100\n|\n|upkeep\n|turn|18\n|\n|t:|1700216452\n|move|p2a: Zacian|Play Rough|p1a: Yveltal\n|-supereffective|p1a: Yveltal\n|-damage|p1a: Yveltal|0 fnt\n|faint|p1a: Yveltal\n|\n|upkeep\n|\n|t:|1700216455\n|switch|p1a: Ditto|Ditto|100\/100\n|-transform|p1a: Ditto|p2a: Zacian|[from] ability: Imposter\n|turn|19\n|\n|t:|1700216465\n|switch|p2a: Grimmsnarl|Grimmsnarl, M|11\/100\n|move|p1a: Ditto|Swords Dance|p1a: Ditto\n|-boost|p1a: Ditto|atk|2\n|\n|upkeep\n|turn|20\n|\n|t:|1700216478\n|move|p2a: Grimmsnarl|Taunt|p1a: Ditto\n|-start|p1a: Ditto|move: Taunt\n|move|p1a: Ditto|Behemoth Blade|p2a: Grimmsnarl\n|-supereffective|p2a: Grimmsnarl\n|-damage|p2a: Grimmsnarl|0 fnt\n|faint|p2a: Grimmsnarl\n|\n|-sideend|p2: Willooversace|Reflect\n|upkeep\n|\n|t:|1700216496\n|switch|p2a: Necrozma|Necrozma-Dusk-Mane|65\/100\n|turn|21\n|\n|t:|1700216516\n|move|p1a: Ditto|Close Combat|p2a: Necrozma\n|-damage|p2a: Necrozma|0 fnt\n|-unboost|p1a: Ditto|def|1\n|-unboost|p1a: Ditto|spd|1\n|faint|p2a: Necrozma\n|\n|upkeep\n|\n|t:|1700216522\n|switch|p2a: Lugia|Lugia|100\/100\n|turn|22\n|\n|t:|1700216531\n|switch|p1a: Xatu|Xatu, M, shiny|100\/100\n|move|p2a: Lugia|Whirlwind|p1a: Xatu\n|move|p1a: Xatu|Whirlwind|p2a: Lugia|[from]ability: Magic Bounce\n|drag|p2a: Zygarde|Zygarde|100\/100\n|\n|upkeep\n|turn|23\n|\n|t:|1700216538\n|move|p1a: Xatu|Dazzling Gleam|p2a: Zygarde\n|-supereffective|p2a: Zygarde\n|-damage|p2a: Zygarde|60\/100\n|move|p2a: Zygarde|Thousand Arrows|p1a: Xatu\n|-damage|p1a: Xatu|25\/100\n|-start|p1a: Xatu|Smack Down\n|\n|-heal|p1a: Xatu|31\/100|[from] item: Leftovers\n|-heal|p2a: Zygarde|67\/100|[from] item: Leftovers\n|upkeep\n|turn|24\n|\n|t:|1700216546\n|move|p2a: Zygarde|Extreme Speed|p1a: Xatu\n|-damage|p1a: Xatu|0 fnt\n|faint|p1a: Xatu\n|\n|-heal|p2a: Zygarde|73\/100|[from] item: Leftovers\n|upkeep\n|\n|t:|1700216551\n|switch|p1a: Malamar|Malamar, M|100\/100\n|turn|25\n|inactive|Battle timer is ON: inactive players will automatically lose when time's up. (requested by Garchomp8000)\n|\n|t:|1700216558\n|switch|p2a: Lugia|Lugia|100\/100\n|move|p1a: Malamar|Acupressure|p1a: Malamar\n|-boost|p1a: Malamar|evasion|2\n|\n|upkeep\n|turn|26\n|\n|t:|1700216563\n|-terastallize|p1a: Malamar|Ghost\n|move|p2a: Lugia|Toxic|p1a: Malamar|[miss]\n|-miss|p2a: Lugia|p1a: Malamar\n|move|p1a: Malamar|Acupressure|p1a: Malamar\n|-boost|p1a: Malamar|spd|2\n|\n|upkeep\n|turn|27\n|\n|t:|1700216567\n|move|p2a: Lugia|Toxic|p1a: Malamar|[miss]\n|-miss|p2a: Lugia|p1a: Malamar\n|move|p1a: Malamar|Acupressure|p1a: Malamar\n|-boost|p1a: Malamar|evasion|2\n|\n|upkeep\n|turn|28\n|\n|t:|1700216576\n|move|p1a: Malamar|Acupressure|p1a: Malamar\n|-boost|p1a: Malamar|evasion|2\n|move|p2a: Lugia|Whirlwind|p1a: Malamar\n|-activate|p1a: Malamar|ability: Suction Cups\n|\n|upkeep\n|turn|29\n|\n|t:|1700216582\n|move|p2a: Lugia|Toxic|p1a: Malamar|[miss]\n|-miss|p2a: Lugia|p1a: Malamar\n|move|p1a: Malamar|Acupressure|p1a: Malamar\n|-boost|p1a: Malamar|spa|2\n|\n|upkeep\n|turn|30\n|\n|t:|1700216585\n|move|p2a: Lugia|Toxic|p1a: Malamar|[miss]\n|-miss|p2a: Lugia|p1a: Malamar\n|move|p1a: Malamar|Acupressure|p1a: Malamar\n|-boost|p1a: Malamar|accuracy|2\n|\n|upkeep\n|turn|31\n|\n|t:|1700216587\n|move|p2a: Lugia|Toxic|p1a: Malamar\n|-status|p1a: Malamar|tox\n|move|p1a: Malamar|Acupressure|p1a: Malamar\n|-boost|p1a: Malamar|spe|2\n|\n|-damage|p1a: Malamar|94\/100 tox|[from] psn\n|upkeep\n|turn|32\n|\n|t:|1700216594\n|switch|p2a: Zacian|Zacian-Crowned|38\/100\n|move|p1a: Malamar|Acupressure|p1a: Malamar\n|-boost|p1a: Malamar|accuracy|2\n|\n|-damage|p1a: Malamar|82\/100 tox|[from] psn\n|upkeep\n|turn|33\n|\n|t:|1700216605\n|move|p2a: Zacian|Behemoth Blade|p1a: Malamar\n|-damage|p1a: Malamar|43\/100 tox\n|move|p1a: Malamar|Stored Power|p2a: Zacian\n|-resisted|p2a: Zacian\n|-damage|p2a: Zacian|0 fnt\n|faint|p2a: Zacian\n|\n|-damage|p1a: Malamar|24\/100 tox|[from] psn\n|upkeep\n|\n|t:|1700216622\n|switch|p2a: Lugia|Lugia|100\/100\n|turn|34\n|\n|t:|1700216625\n|move|p1a: Malamar|Rest|p1a: Malamar\n|-status|p1a: Malamar|slp|[from] move: Rest\n|-heal|p1a: Malamar|100\/100 slp|[silent]\n|move|p2a: Lugia|Recover||[still]\n|-fail|p2a: Lugia|heal\n|\n|upkeep\n|turn|35\n|\n|t:|1700216630\n|switch|p2a: Mewtwo|Mewtwo-Mega-Y|100\/100\n|cant|p1a: Malamar|slp\n|\n|upkeep\n|turn|36\n|\n|t:|1700216635\n|move|p2a: Mewtwo|Shadow Ball|p1a: Malamar|[miss]\n|-miss|p2a: Mewtwo|p1a: Malamar\n|cant|p1a: Malamar|slp\n|\n|upkeep\n|turn|37\n|\n|t:|1700216639\n|move|p2a: Mewtwo|Shadow Ball|p1a: Malamar\n|-supereffective|p1a: Malamar\n|-damage|p1a: Malamar|54\/100 slp\n|-curestatus|p1a: Malamar|slp|[msg]\n|move|p1a: Malamar|Acupressure|p1a: Malamar\n|-boost|p1a: Malamar|spe|2\n|\n|upkeep\n|turn|38\n|\n|t:|1700216647\n|move|p1a: Malamar|Acupressure|p1a: Malamar\n|-boost|p1a: Malamar|spd|2\n|move|p2a: Mewtwo|Nasty Plot|p2a: Mewtwo\n|-boost|p2a: Mewtwo|spa|2\n|\n|upkeep\n|turn|39\n|\n|t:|1700216650\n|move|p1a: Malamar|Topsy-Turvy|p2a: Mewtwo\n|-invertboost|p2a: Mewtwo|[from] move: Topsy-Turvy\n|move|p2a: Mewtwo|Shadow Ball|p1a: Malamar|[miss]\n|-miss|p2a: Mewtwo|p1a: Malamar\n|\n|upkeep\n|turn|40\n|\n|t:|1700216653\n|move|p1a: Malamar|Acupressure|p1a: Malamar\n|-boost|p1a: Malamar|spa|2\n|move|p2a: Mewtwo|Shadow Ball|p1a: Malamar\n|-supereffective|p1a: Malamar\n|-damage|p1a: Malamar|38\/100\n|\n|upkeep\n|turn|41\n|\n|t:|1700216662\n|move|p1a: Malamar|Acupressure|p1a: Malamar\n|-boost|p1a: Malamar|spe|2\n|move|p2a: Mewtwo|Shadow Ball|p1a: Malamar\n|-supereffective|p1a: Malamar\n|-damage|p1a: Malamar|23\/100\n|\n|upkeep\n|turn|42\n|\n|t:|1700216665\n|move|p1a: Malamar|Rest|p1a: Malamar\n|-status|p1a: Malamar|slp|[from] move: Rest\n|-heal|p1a: Malamar|100\/100 slp|[silent]\n|move|p2a: Mewtwo|Shadow Ball|p1a: Malamar|[miss]\n|-miss|p2a: Mewtwo|p1a: Malamar\n|\n|upkeep\n|turn|43\n|\n|t:|1700216667\n|cant|p1a: Malamar|slp\n|move|p2a: Mewtwo|Nasty Plot|p2a: Mewtwo\n|-boost|p2a: Mewtwo|spa|2\n|\n|upkeep\n|turn|44\n|\n|t:|1700216671\n|cant|p1a: Malamar|slp\n|move|p2a: Mewtwo|Shadow Ball|p1a: Malamar|[miss]\n|-miss|p2a: Mewtwo|p1a: Malamar\n|\n|upkeep\n|turn|45\n|\n|t:|1700216674\n|-curestatus|p1a: Malamar|slp|[msg]\n|move|p1a: Malamar|Acupressure|p1a: Malamar\n|-boost|p1a: Malamar|def|2\n|move|p2a: Mewtwo|Shadow Ball|p1a: Malamar\n|-supereffective|p1a: Malamar\n|-damage|p1a: Malamar|69\/100\n|\n|upkeep\n|turn|46\n|\n|t:|1700216681\n|move|p1a: Malamar|Acupressure|p1a: Malamar\n|-boost|p1a: Malamar|accuracy|2\n|move|p2a: Mewtwo|Shadow Ball|p1a: Malamar|[miss]\n|-miss|p2a: Mewtwo|p1a: Malamar\n|\n|upkeep\n|turn|47\n|\n|t:|1700216684\n|move|p1a: Malamar|Acupressure|p1a: Malamar\n|-boost|p1a: Malamar|atk|2\n|move|p2a: Mewtwo|Shadow Ball|p1a: Malamar\n|-supereffective|p1a: Malamar\n|-damage|p1a: Malamar|37\/100\n|\n|upkeep\n|turn|48\n|\n|t:|1700216692\n|move|p1a: Malamar|Stored Power|p2a: Mewtwo\n|-resisted|p2a: Mewtwo\n|-damage|p2a: Mewtwo|0 fnt\n|faint|p2a: Mewtwo\n|\n|upkeep\n|\n|t:|1700216698\n|switch|p2a: Zygarde|Zygarde|73\/100\n|turn|49\n|\n|t:|1700216701\n|move|p2a: Zygarde|Extreme Speed|p1a: Malamar\n|-immune|p1a: Malamar\n|move|p1a: Malamar|Stored Power|p2a: Zygarde\n|-damage|p2a: Zygarde|0 fnt\n|faint|p2a: Zygarde\n|\n|upkeep\n|c|\u2606Garchomp8000|-Ghost\n|-message|Willooversace forfeited.\n|\n|win|Garchomp8000\n|raw|Garchomp8000's rating: 1313 &rarr; <strong>1340<\/strong><br \/>(+27 for winning)\n|raw|Willooversace's rating: 1440 &rarr; <strong>1413<\/strong><br \/>(-27 for losing)\n|l|\u2606Willooversace\n","uploadtime":1700216711,"views":11,"p1id":"garchomp8000","p2id":"willooversace","formatid":"gen9nationaldexubers","rating":1340,"private":0,"password":""}