{"id":"gen9nationaldexubers-1977792152","p1":"KENTHARO 777","p2":"Gallade Maid","format":"[Gen 9] National Dex Ubers","log":"|j|\u2606KENTHARO 777\n|j|\u2606Gallade Maid\n|t:|1698450158\n|gametype|singles\n|player|p1|KENTHARO 777|nate|1000\n|player|p2|Gallade Maid|1|1011\n|teamsize|p1|6\n|teamsize|p2|1\n|gen|9\n|tier|[Gen 9] National Dex Ubers\n|rated|\n|rule|HP Percentage Mod: HP is shown in percentages\n|rule|Endless Battle Clause: Forcing endless battles is banned\n|rule|OHKO Clause: OHKO moves are banned\n|rule|Evasion Moves Clause: Evasion moves are banned\n|rule|Evasion Items Clause: Evasion items are banned\n|rule|Species Clause: Limit one of each Pok\u00e9mon\n|rule|Sleep Clause Mod: Limit one foe put to sleep\n|rule|Mega Rayquaza Clause: You cannot mega evolve Rayquaza\n|clearpoke\n|poke|p1|Diancie|\n|poke|p1|Venusaur, F|\n|poke|p1|Rayquaza|\n|poke|p1|Greninja-*, M|\n|poke|p1|Kingambit, F|\n|poke|p1|Annihilape, M|\n|poke|p2|Vivillon, F|\n|teampreview\n|inactive|Battle timer is ON: inactive players will automatically lose when time's up. (requested by Gallade Maid)\n|\n|t:|1698450165\n|start\n|switch|p1a: Greninja|Greninja, M|100\/100\n|switch|p2a: Vivillon|Vivillon, F|100\/100\n|turn|1\n|\n|t:|1698450185\n|-terastallize|p1a: Greninja|Ground\n|-terastallize|p2a: Vivillon|Steel\n|move|p1a: Greninja|Blizzard|p2a: Vivillon|[miss]\n|-miss|p1a: Greninja|p2a: Vivillon\n|move|p2a: Vivillon|Sleep Powder|p1a: Greninja\n|-status|p1a: Greninja|slp|[from] move: Sleep Powder\n|\n|upkeep\n|turn|2\n|\n|t:|1698450197\n|cant|p1a: Greninja|slp\n|move|p2a: Vivillon|Quiver Dance|p2a: Vivillon\n|-boost|p2a: Vivillon|spa|1\n|-boost|p2a: Vivillon|spd|1\n|-boost|p2a: Vivillon|spe|1\n|\n|upkeep\n|turn|3\n|\n|t:|1698450199\n|move|p2a: Vivillon|Substitute|p2a: Vivillon\n|-start|p2a: Vivillon|Substitute\n|-damage|p2a: Vivillon|76\/100\n|cant|p1a: Greninja|slp\n|\n|-heal|p2a: Vivillon|82\/100|[from] item: Leftovers\n|upkeep\n|turn|4\n|\n|t:|1698450201\n|move|p2a: Vivillon|Quiver Dance|p2a: Vivillon\n|-boost|p2a: Vivillon|spa|1\n|-boost|p2a: Vivillon|spd|1\n|-boost|p2a: Vivillon|spe|1\n|cant|p1a: Greninja|slp\n|\n|-heal|p2a: Vivillon|88\/100|[from] item: Leftovers\n|upkeep\n|turn|5\n|\n|t:|1698450204\n|move|p2a: Vivillon|Quiver Dance|p2a: Vivillon\n|-boost|p2a: Vivillon|spa|1\n|-boost|p2a: Vivillon|spd|1\n|-boost|p2a: Vivillon|spe|1\n|-curestatus|p1a: Greninja|slp|[msg]\n|move|p1a: Greninja|U-turn|p2a: Vivillon\n|-resisted|p2a: Vivillon\n|-activate|p2a: Vivillon|move: Substitute|[damage]\n|\n|t:|1698450212\n|switch|p1a: Diablos|Venusaur, F|100\/100|[from] U-turn\n|\n|-heal|p2a: Vivillon|94\/100|[from] item: Leftovers\n|upkeep\n|turn|6\n|\n|t:|1698450217\n|detailschange|p1a: Diablos|Venusaur-Mega, F\n|-mega|p1a: Diablos|Venusaur|Venusaurite\n|move|p2a: Vivillon|Hurricane|p1a: Diablos\n|-supereffective|p1a: Diablos\n|-damage|p1a: Diablos|0 fnt\n|faint|p1a: Diablos\n|\n|-heal|p2a: Vivillon|99\/100|[from] item: Leftovers\n|upkeep\n|\n|t:|1698450224\n|switch|p1a: Greninja|Greninja, M, tera:Ground|100\/100\n|turn|7\n|\n|t:|1698450232\n|move|p1a: Greninja|Shadow Sneak|p2a: Vivillon\n|-end|p2a: Vivillon|Substitute\n|move|p2a: Vivillon|Hurricane|p1a: Greninja\n|-crit|p1a: Greninja\n|-damage|p1a: Greninja|0 fnt\n|faint|p1a: Greninja\n|\n|-heal|p2a: Vivillon|100\/100|[from] item: Leftovers\n|upkeep\n|\n|t:|1698450236\n|switch|p1a: Nena|Diancie|100\/100\n|turn|8\n|\n|t:|1698450239\n|move|p2a: Vivillon|Substitute|p2a: Vivillon\n|-start|p2a: Vivillon|Substitute\n|-damage|p2a: Vivillon|76\/100\n|move|p1a: Nena|Body Press|p2a: Vivillon\n|-supereffective|p2a: Vivillon\n|-end|p2a: Vivillon|Substitute\n|\n|-heal|p2a: Vivillon|82\/100|[from] item: Leftovers\n|upkeep\n|turn|9\n|\n|t:|1698450244\n|move|p2a: Vivillon|Sleep Powder|p1a: Nena\n|-status|p1a: Nena|slp|[from] move: Sleep Powder\n|cant|p1a: Nena|slp\n|\n|-heal|p2a: Vivillon|88\/100|[from] item: Leftovers\n|upkeep\n|turn|10\n|\n|t:|1698450246\n|move|p2a: Vivillon|Substitute|p2a: Vivillon\n|-start|p2a: Vivillon|Substitute\n|-damage|p2a: Vivillon|63\/100\n|cant|p1a: Nena|slp\n|\n|-heal|p2a: Vivillon|69\/100|[from] item: Leftovers\n|upkeep\n|turn|11\n|\n|t:|1698450248\n|move|p2a: Vivillon|Quiver Dance|p2a: Vivillon\n|-boost|p2a: Vivillon|spa|1\n|-boost|p2a: Vivillon|spd|1\n|-boost|p2a: Vivillon|spe|1\n|cant|p1a: Nena|slp\n|\n|-heal|p2a: Vivillon|75\/100|[from] item: Leftovers\n|upkeep\n|turn|12\n|\n|t:|1698450251\n|move|p2a: Vivillon|Quiver Dance|p2a: Vivillon\n|-boost|p2a: Vivillon|spa|1\n|-boost|p2a: Vivillon|spd|1\n|-boost|p2a: Vivillon|spe|1\n|-curestatus|p1a: Nena|slp|[msg]\n|move|p1a: Nena|Body Press|p2a: Vivillon\n|-supereffective|p2a: Vivillon\n|-end|p2a: Vivillon|Substitute\n|\n|-heal|p2a: Vivillon|81\/100|[from] item: Leftovers\n|upkeep\n|turn|13\n|\n|t:|1698450253\n|move|p2a: Vivillon|Sleep Powder|p1a: Nena\n|-status|p1a: Nena|slp|[from] move: Sleep Powder\n|cant|p1a: Nena|slp\n|\n|-heal|p2a: Vivillon|87\/100|[from] item: Leftovers\n|upkeep\n|turn|14\n|\n|t:|1698450255\n|move|p2a: Vivillon|Substitute|p2a: Vivillon\n|-start|p2a: Vivillon|Substitute\n|-damage|p2a: Vivillon|62\/100\n|cant|p1a: Nena|slp\n|\n|-heal|p2a: Vivillon|68\/100|[from] item: Leftovers\n|upkeep\n|turn|15\n|\n|t:|1698450257\n|move|p2a: Vivillon|Quiver Dance|p2a: Vivillon\n|-boost|p2a: Vivillon|spa|1\n|-boost|p2a: Vivillon|spd|1\n|-boost|p2a: Vivillon|spe|1\n|cant|p1a: Nena|slp\n|\n|-heal|p2a: Vivillon|74\/100|[from] item: Leftovers\n|upkeep\n|turn|16\n|\n|t:|1698450258\n|move|p2a: Vivillon|Hurricane|p1a: Nena\n|-resisted|p1a: Nena\n|-damage|p1a: Nena|19\/100 slp\n|-start|p1a: Nena|confusion\n|-curestatus|p1a: Nena|slp|[msg]\n|-activate|p1a: Nena|confusion\n|move|p1a: Nena|Body Press|p2a: Vivillon\n|-supereffective|p2a: Vivillon\n|-end|p2a: Vivillon|Substitute\n|\n|-heal|p2a: Vivillon|80\/100|[from] item: Leftovers\n|upkeep\n|turn|17\n|\n|t:|1698450267\n|move|p2a: Vivillon|Hurricane|p1a: Nena\n|-resisted|p1a: Nena\n|-damage|p1a: Nena|0 fnt\n|faint|p1a: Nena\n|\n|-heal|p2a: Vivillon|86\/100|[from] item: Leftovers\n|upkeep\n|\n|t:|1698450275\n|switch|p1a: Annihilape|Annihilape, M|100\/100\n|turn|18\n|\n|t:|1698450279\n|move|p2a: Vivillon|Sleep Powder|p1a: Annihilape\n|-immune|p1a: Annihilape|[from] ability: Vital Spirit\n|move|p1a: Annihilape|Bulk Up|p1a: Annihilape\n|-boost|p1a: Annihilape|atk|1\n|-boost|p1a: Annihilape|def|1\n|\n|-heal|p2a: Vivillon|92\/100|[from] item: Leftovers\n|upkeep\n|turn|19\n|\n|t:|1698450285\n|move|p2a: Vivillon|Hurricane|p1a: Annihilape\n|-supereffective|p1a: Annihilape\n|-damage|p1a: Annihilape|0 fnt\n|faint|p1a: Annihilape\n|\n|-heal|p2a: Vivillon|98\/100|[from] item: Leftovers\n|upkeep\n|\n|t:|1698450288\n|switch|p1a: Helo n1gg@|Rayquaza, shiny|100\/100\n|-ability|p1a: Helo n1gg@|Air Lock\n|turn|20\n|\n|t:|1698450296\n|move|p2a: Vivillon|Sleep Powder|p1a: Helo n1gg@\n|-status|p1a: Helo n1gg@|slp|[from] move: Sleep Powder\n|cant|p1a: Helo n1gg@|slp\n|\n|-heal|p2a: Vivillon|100\/100|[from] item: Leftovers\n|upkeep\n|turn|21\n|\n|t:|1698450313\n|move|p2a: Vivillon|Substitute|p2a: Vivillon\n|-start|p2a: Vivillon|Substitute\n|-damage|p2a: Vivillon|76\/100\n|cant|p1a: Helo n1gg@|slp\n|\n|-heal|p2a: Vivillon|82\/100|[from] item: Leftovers\n|upkeep\n|turn|22\n|\n|t:|1698450315\n|move|p2a: Vivillon|Hurricane|p1a: Helo n1gg@\n|-damage|p1a: Helo n1gg@|0 fnt\n|faint|p1a: Helo n1gg@\n|\n|-heal|p2a: Vivillon|88\/100|[from] item: Leftovers\n|upkeep\n|\n|t:|1698450317\n|switch|p1a: Kingambit|Kingambit, F|100\/100\n|-activate|p1a: Kingambit|ability: Supreme Overlord\n|-start|p1a: Kingambit|fallen5|[silent]\n|turn|23\n|\n|t:|1698450329\n|move|p2a: Vivillon|Sleep Powder|p1a: Kingambit\n|-status|p1a: Kingambit|slp|[from] move: Sleep Powder\n|cant|p1a: Kingambit|slp\n|\n|-heal|p2a: Vivillon|94\/100|[from] item: Leftovers\n|upkeep\n|turn|24\n|\n|t:|1698450332\n|move|p2a: Vivillon|Hurricane|p1a: Kingambit\n|-resisted|p1a: Kingambit\n|-damage|p1a: Kingambit|1\/100 slp\n|cant|p1a: Kingambit|slp\n|\n|-heal|p2a: Vivillon|99\/100|[from] item: Leftovers\n|-heal|p1a: Kingambit|8\/100 slp|[from] item: Leftovers\n|upkeep\n|turn|25\n|\n|t:|1698450336\n|move|p2a: Vivillon|Hurricane|p1a: Kingambit\n|-resisted|p1a: Kingambit\n|-damage|p1a: Kingambit|0 fnt\n|faint|p1a: Kingambit\n|-end|p1a: Kingambit|fallen5|[silent]\n|\n|win|Gallade Maid\n|raw|KENTHARO 777's rating: 1000 &rarr; <strong>1000<\/strong><br \/>(+0 for losing)\n|raw|Gallade Maid's rating: 1011 &rarr; <strong>1048<\/strong><br \/>(+37 for winning)\n","uploadtime":1698450341,"views":7,"p1id":"kentharo777","p2id":"gallademaid","formatid":"gen9nationaldexubers","rating":1000,"private":0,"password":""}