{"id":"gen9nationaldexubers-1984890631","p1":"VampPhantom","p2":"RowletTheAnimator","format":"[Gen 9] National Dex Ubers","log":"|j|\u2606VampPhantom\n|j|\u2606RowletTheAnimator\n|t:|1699308014\n|gametype|singles\n|player|p1|VampPhantom|n|\n|player|p2|RowletTheAnimator|emmet|\n|teamsize|p1|6\n|teamsize|p2|6\n|gen|9\n|tier|[Gen 9] National Dex Ubers\n|rule|HP Percentage Mod: HP is shown in percentages\n|rule|Endless Battle Clause: Forcing endless battles is banned\n|rule|OHKO Clause: OHKO moves are banned\n|rule|Evasion Moves Clause: Evasion moves are banned\n|rule|Evasion Items Clause: Evasion items are banned\n|rule|Species Clause: Limit one of each Pok\u00e9mon\n|rule|Sleep Clause Mod: Limit one foe put to sleep\n|rule|Mega Rayquaza Clause: You cannot mega evolve Rayquaza\n|clearpoke\n|poke|p1|Piloswine, M|\n|poke|p1|Quagsire, M|\n|poke|p1|Arboliva, M|\n|poke|p1|Clodsire, M|\n|poke|p1|Cloyster, F|\n|poke|p1|Sinistcha-Masterpiece|\n|poke|p2|Tinkaton, F|\n|poke|p2|Chi-Yu|\n|poke|p2|Flutter Mane|\n|poke|p2|Ogerpon-Cornerstone, F|\n|poke|p2|Lapras, F|\n|poke|p2|Whimsicott, F|\n|teampreview\n|\n|t:|1699308027\n|start\n|switch|p1a: he he he haw|Cloyster, F|100\/100\n|switch|p2a: Lapras|Lapras, F|100\/100\n|turn|1\n|\n|t:|1699308037\n|move|p2a: Lapras|Thunder|p1a: he he he haw\n|-supereffective|p1a: he he he haw\n|-damage|p1a: he he he haw|0 fnt\n|faint|p1a: he he he haw\n|\n|upkeep\n|\n|t:|1699308045\n|switch|p1a: LAND FEESH|Quagsire, M|100\/100\n|turn|2\n|\n|t:|1699308050\n|move|p2a: Lapras|Dragon Dance|p2a: Lapras\n|-boost|p2a: Lapras|atk|1\n|-boost|p2a: Lapras|spe|1\n|move|p1a: LAND FEESH|Sludge Bomb|p2a: Lapras\n|-damage|p2a: Lapras|87\/100\n|\n|upkeep\n|turn|3\n|\n|t:|1699308058\n|move|p2a: Lapras|Dragon Dance|p2a: Lapras\n|-boost|p2a: Lapras|atk|1\n|-boost|p2a: Lapras|spe|1\n|move|p1a: LAND FEESH|Sludge Bomb|p2a: Lapras\n|-damage|p2a: Lapras|72\/100\n|\n|upkeep\n|turn|4\n|\n|t:|1699308067\n|move|p2a: Lapras|Dragon Dance|p2a: Lapras\n|-boost|p2a: Lapras|atk|1\n|-boost|p2a: Lapras|spe|1\n|move|p1a: LAND FEESH|Sludge Bomb|p2a: Lapras\n|-damage|p2a: Lapras|57\/100\n|\n|upkeep\n|turn|5\n|\n|t:|1699308073\n|move|p2a: Lapras|Surf|p1a: LAND FEESH\n|-damage|p1a: LAND FEESH|51\/100\n|move|p1a: LAND FEESH|Sludge Bomb|p2a: Lapras\n|-damage|p2a: Lapras|42\/100\n|\n|upkeep\n|turn|6\n|\n|t:|1699308079\n|move|p2a: Lapras|Surf|p1a: LAND FEESH\n|-damage|p1a: LAND FEESH|5\/100\n|move|p1a: LAND FEESH|Recover|p1a: LAND FEESH\n|-heal|p1a: LAND FEESH|55\/100\n|\n|upkeep\n|turn|7\n|\n|t:|1699308084\n|move|p2a: Lapras|Surf|p1a: LAND FEESH\n|-damage|p1a: LAND FEESH|5\/100\n|move|p1a: LAND FEESH|Recover|p1a: LAND FEESH\n|-heal|p1a: LAND FEESH|55\/100\n|\n|upkeep\n|turn|8\n|\n|t:|1699308092\n|-terastallize|p1a: LAND FEESH|Steel\n|move|p2a: Lapras|Surf|p1a: LAND FEESH\n|-damage|p1a: LAND FEESH|9\/100\n|move|p1a: LAND FEESH|Recover|p1a: LAND FEESH\n|-heal|p1a: LAND FEESH|59\/100\n|\n|upkeep\n|turn|9\n|\n|t:|1699308100\n|move|p2a: Lapras|Surf|p1a: LAND FEESH\n|-damage|p1a: LAND FEESH|11\/100\n|move|p1a: LAND FEESH|Sludge Bomb|p2a: Lapras\n|-damage|p2a: Lapras|29\/100\n|\n|upkeep\n|turn|10\n|\n|t:|1699308120\n|switch|p1a: BABY LAND FEESH|Clodsire, M|100\/100\n|move|p2a: Lapras|Surf|p1a: BABY LAND FEESH\n|-supereffective|p1a: BABY LAND FEESH\n|-damage|p1a: BABY LAND FEESH|40\/100\n|\n|upkeep\n|turn|11\n|\n|t:|1699308127\n|move|p2a: Lapras|Surf|p1a: BABY LAND FEESH\n|-supereffective|p1a: BABY LAND FEESH\n|-damage|p1a: BABY LAND FEESH|0 fnt\n|faint|p1a: BABY LAND FEESH\n|\n|upkeep\n|\n|t:|1699308132\n|switch|p1a: Mago|Arboliva, M|100\/100\n|turn|12\n|\n|t:|1699308145\n|move|p2a: Lapras|Ice Beam|p1a: Mago\n|-supereffective|p1a: Mago\n|-damage|p1a: Mago|23\/100\n|-status|p1a: Mago|frz\n|-enditem|p1a: Mago|Mago Berry|[eat]\n|-heal|p1a: Mago|56\/100 frz|[from] item: Mago Berry\n|cant|p1a: Mago|frz\n|\n|-item|p1a: Mago|Mago Berry|[from] ability: Harvest\n|upkeep\n|turn|13\n|\n|t:|1699308155\n|move|p2a: Lapras|Ice Beam|p1a: Mago\n|-supereffective|p1a: Mago\n|-damage|p1a: Mago|0 fnt\n|faint|p1a: Mago\n|\n|upkeep\n|\n|t:|1699308164\n|switch|p1a: LAND FEESH|Quagsire, M, tera:Steel|11\/100\n|turn|14\n|\n|t:|1699308170\n|move|p2a: Lapras|Surf|p1a: LAND FEESH\n|-damage|p1a: LAND FEESH|0 fnt\n|faint|p1a: LAND FEESH\n|\n|upkeep\n|\n|t:|1699308179\n|switch|p1a: sleepy boi|Piloswine, M|100\/100\n|turn|15\n|\n|t:|1699308184\n|move|p2a: Lapras|Surf|p1a: sleepy boi\n|-supereffective|p1a: sleepy boi\n|-damage|p1a: sleepy boi|30\/100\n|move|p1a: sleepy boi|Superpower|p2a: Lapras\n|-supereffective|p2a: Lapras\n|-damage|p2a: Lapras|0 fnt\n|-unboost|p1a: sleepy boi|atk|1\n|-unboost|p1a: sleepy boi|def|1\n|faint|p2a: Lapras\n|\n|upkeep\n|\n|t:|1699308192\n|switch|p2a: Smash.|Tinkaton, F|100\/100\n|-ability|p2a: Smash.|Mold Breaker\n|turn|16\n|\n|t:|1699308198\n|switch|p1a: matcha gotcha|Sinistcha-Masterpiece, shiny|100\/100\n|move|p2a: Smash.|Gigaton Hammer|p1a: matcha gotcha\n|-damage|p1a: matcha gotcha|12\/100\n|-damage|p2a: Smash.|91\/100|[from] item: Life Orb\n|\n|upkeep\n|turn|17\n|\n|t:|1699308208\n|switch|p1a: sleepy boi|Piloswine, M|30\/100\n|move|p2a: Smash.|Play Rough|p1a: sleepy boi\n|-damage|p1a: sleepy boi|1\/100\n|-damage|p2a: Smash.|81\/100|[from] item: Life Orb\n|\n|upkeep\n|turn|18\n|\n|t:|1699308216\n|move|p2a: Smash.|Play Rough|p1a: sleepy boi\n|-damage|p1a: sleepy boi|0 fnt\n|faint|p1a: sleepy boi\n|-damage|p2a: Smash.|71\/100|[from] item: Life Orb\n|\n|upkeep\n|\n|t:|1699308223\n|switch|p1a: matcha gotcha|Sinistcha-Masterpiece, shiny|12\/100\n|turn|19\n|\n|t:|1699308230\n|move|p2a: Smash.|Ice Hammer|p1a: matcha gotcha\n|-supereffective|p1a: matcha gotcha\n|-damage|p1a: matcha gotcha|0 fnt\n|-unboost|p2a: Smash.|spe|1\n|faint|p1a: matcha gotcha\n|-damage|p2a: Smash.|61\/100|[from] item: Life Orb\n|\n|win|RowletTheAnimator\n|l|\u2606VampPhantom\n","uploadtime":1699308249,"views":5,"p1id":"vampphantom","p2id":"rowlettheanimator","formatid":"gen9nationaldexubers","rating":0,"private":0,"password":""}