{"id":"gen9nationaldexubers-1983125514","p1":"Just B3A$T","p2":"Steven Stone 007","format":"[Gen 9] National Dex Ubers","log":"|j|\u2606Just B3A$T\n|j|\u2606Steven Stone 007\n|t:|1699091628\n|gametype|singles\n|player|p1|Just B3A$T|noland|\n|player|p2|Steven Stone 007|steven|\n|teamsize|p1|6\n|teamsize|p2|6\n|gen|9\n|tier|[Gen 9] National Dex Ubers\n|rule|HP Percentage Mod: HP is shown in percentages\n|rule|Endless Battle Clause: Forcing endless battles is banned\n|rule|OHKO Clause: OHKO moves are banned\n|rule|Evasion Moves Clause: Evasion moves are banned\n|rule|Evasion Items Clause: Evasion items are banned\n|rule|Species Clause: Limit one of each Pok\u00e9mon\n|rule|Sleep Clause Mod: Limit one foe put to sleep\n|rule|Mega Rayquaza Clause: You cannot mega evolve Rayquaza\n|clearpoke\n|poke|p1|Iron Valiant|\n|poke|p1|Gholdengo|\n|poke|p1|Sableye, M|\n|poke|p1|Conkeldurr, M|\n|poke|p1|Zapdos|\n|poke|p1|Toxapex, F|\n|poke|p2|Landorus-Therian, M|\n|poke|p2|Groudon|\n|poke|p2|Great Tusk|\n|poke|p2|Roaring Moon|\n|poke|p2|Sandy Shocks|\n|poke|p2|Gastrodon, F|\n|teampreview\n|inactive|Battle timer is ON: inactive players will automatically lose when time's up. (requested by Just B3A$T)\n|c|\u2606Steven Stone 007|GL\n|c|\u2606Just B3A$T|u2\n|c|\u2606Just B3A$T|ig\n|\n|t:|1699091638\n|start\n|switch|p1a: Profit!|Gholdengo|100\/100\n|switch|p2a: Groudon|Groudon|100\/100\n|-weather|SunnyDay|[from] ability: Drought|[of] p2a: Groudon\n|turn|1\n|\n|t:|1699091644\n|move|p1a: Profit!|Trick|p2a: Groudon\n|-activate|p1a: Profit!|move: Trick|[of] p2a: Groudon\n|-item|p2a: Groudon|Choice Scarf|[from] move: Trick\n|-item|p1a: Profit!|Heat Rock|[from] move: Trick\n|move|p2a: Groudon|Heat Crash|p1a: Profit!\n|-supereffective|p1a: Profit!\n|-damage|p1a: Profit!|0 fnt\n|faint|p1a: Profit!\n|\n|-weather|SunnyDay|[upkeep]\n|upkeep\n|c|\u2606Just B3A$T|good enough\n|\n|t:|1699091655\n|switch|p1a: pest|Toxapex, F|100\/100\n|turn|2\n|c|\u2606Steven Stone 007|scarf is also good\n|\n|t:|1699091659\n|switch|p2a: Landorus|Landorus-Therian, M|100\/100\n|-ability|p2a: Landorus|Intimidate|boost\n|-unboost|p1a: pest|atk|1\n|move|p1a: pest|Knock Off|p2a: Landorus\n|-damage|p2a: Landorus|89\/100\n|-enditem|p2a: Landorus|Choice Scarf|[from] move: Knock Off|[of] p1a: pest\n|\n|-weather|SunnyDay|[upkeep]\n|upkeep\n|turn|3\n|\n|t:|1699091666\n|switch|p1a: bolt beak!!!|Zapdos|100\/100\n|move|p2a: Landorus|Earthquake|p1a: bolt beak!!!\n|-immune|p1a: bolt beak!!!\n|\n|-weather|SunnyDay|[upkeep]\n|upkeep\n|turn|4\n|\n|t:|1699091672\n|move|p2a: Landorus|Rock Slide|p1a: bolt beak!!!\n|-supereffective|p1a: bolt beak!!!\n|-damage|p1a: bolt beak!!!|40\/100\n|cant|p1a: bolt beak!!!|flinch\n|\n|-weather|SunnyDay|[upkeep]\n|upkeep\n|turn|5\n|c|\u2606Just B3A$T|yo\n|\n|t:|1699091681\n|switch|p1a: Test Your Might!|Conkeldurr, M|100\/100\n|move|p2a: Landorus|Rock Slide|p1a: Test Your Might!\n|-resisted|p1a: Test Your Might!\n|-damage|p1a: Test Your Might!|89\/100\n|\n|-weather|SunnyDay|[upkeep]\n|upkeep\n|turn|6\n|\n|t:|1699091688\n|move|p2a: Landorus|Earthquake|p1a: Test Your Might!\n|-damage|p1a: Test Your Might!|36\/100\n|move|p1a: Test Your Might!|Ice Punch|p2a: Landorus\n|-supereffective|p2a: Landorus\n|-damage|p2a: Landorus|0 fnt\n|faint|p2a: Landorus\n|\n|-weather|SunnyDay|[upkeep]\n|upkeep\n|\n|t:|1699091697\n|switch|p2a: Sandy Shocks|Sandy Shocks|100\/100\n|-activate|p2a: Sandy Shocks|ability: Protosynthesis\n|-start|p2a: Sandy Shocks|protosynthesisspe\n|turn|7\n|\n|t:|1699091707\n|switch|p1a: Fear|Sableye, M|100\/100\n|move|p2a: Sandy Shocks|Discharge|p1a: Fear\n|-damage|p1a: Fear|36\/100\n|-status|p1a: Fear|par\n|\n|-weather|SunnyDay|[upkeep]\n|-heal|p1a: Fear|42\/100 par|[from] item: Leftovers\n|upkeep\n|turn|8\n|c|\u2606Just B3A$T|bruh\n|\n|t:|1699091715\n|move|p1a: Fear|Recover|p1a: Fear\n|-heal|p1a: Fear|92\/100 par\n|move|p2a: Sandy Shocks|Discharge|p1a: Fear\n|-damage|p1a: Fear|37\/100 par\n|\n|-weather|none\n|-end|p2a: Sandy Shocks|Protosynthesis\n|-heal|p1a: Fear|43\/100 par|[from] item: Leftovers\n|upkeep\n|turn|9\n|\n|t:|1699091719\n|move|p1a: Fear|Recover|p1a: Fear\n|-heal|p1a: Fear|93\/100 par\n|move|p2a: Sandy Shocks|Discharge|p1a: Fear\n|-damage|p1a: Fear|34\/100 par\n|\n|-heal|p1a: Fear|41\/100 par|[from] item: Leftovers\n|upkeep\n|turn|10\n|\n|t:|1699091730\n|move|p1a: Fear|Will-O-Wisp|p2a: Sandy Shocks\n|-status|p2a: Sandy Shocks|brn\n|move|p2a: Sandy Shocks|Discharge|p1a: Fear\n|-damage|p1a: Fear|0 fnt\n|faint|p1a: Fear\n|\n|-damage|p2a: Sandy Shocks|94\/100 brn|[from] brn\n|upkeep\n|\n|t:|1699091737\n|switch|p1a: bolt beak!!!|Zapdos|40\/100\n|turn|11\n|\n|t:|1699091740\n|move|p2a: Sandy Shocks|Discharge|p1a: bolt beak!!!\n|-damage|p1a: bolt beak!!!|0 fnt\n|faint|p1a: bolt beak!!!\n|\n|-damage|p2a: Sandy Shocks|88\/100 brn|[from] brn\n|upkeep\n|\n|t:|1699091746\n|switch|p1a: Test Your Might!|Conkeldurr, M|36\/100\n|turn|12\n|\n|t:|1699091748\n|move|p2a: Sandy Shocks|Discharge|p1a: Test Your Might!\n|-damage|p1a: Test Your Might!|0 fnt\n|faint|p1a: Test Your Might!\n|\n|-damage|p2a: Sandy Shocks|82\/100 brn|[from] brn\n|upkeep\n|\n|t:|1699091750\n|switch|p1a: Iron Pride Icon|Iron Valiant, shiny|100\/100\n|-enditem|p1a: Iron Pride Icon|Booster Energy\n|-activate|p1a: Iron Pride Icon|ability: Quark Drive|[fromitem]\n|-start|p1a: Iron Pride Icon|quarkdrivespe\n|turn|13\n|c|\u2606Steven Stone 007|no mach punch\n|\n|t:|1699091755\n|-end|p2a: Sandy Shocks|Protosynthesis|[silent]\n|switch|p2a: Groudon|Groudon|100\/100\n|-weather|SunnyDay|[from] ability: Drought|[of] p2a: Groudon\n|move|p1a: Iron Pride Icon|Swords Dance|p1a: Iron Pride Icon\n|-boost|p1a: Iron Pride Icon|atk|2\n|\n|-weather|SunnyDay|[upkeep]\n|upkeep\n|turn|14\n|c|\u2606Just B3A$T|i do have mach punch\n|c|\u2606Just B3A$T|but uhhh\n|c|\u2606Just B3A$T|wouldnt be much\n|\n|t:|1699091770\n|-terastallize|p1a: Iron Pride Icon|Water\n|move|p1a: Iron Pride Icon|Moonblast|p2a: Groudon\n|-damage|p2a: Groudon|55\/100\n|move|p2a: Groudon|Heat Crash|p1a: Iron Pride Icon\n|-resisted|p1a: Iron Pride Icon\n|-damage|p1a: Iron Pride Icon|53\/100\n|\n|-weather|SunnyDay|[upkeep]\n|upkeep\n|turn|15\n|\n|t:|1699091776\n|move|p1a: Iron Pride Icon|Close Combat|p2a: Groudon\n|-damage|p2a: Groudon|0 fnt\n|-unboost|p1a: Iron Pride Icon|def|1\n|-unboost|p1a: Iron Pride Icon|spd|1\n|faint|p2a: Groudon\n|\n|-weather|SunnyDay|[upkeep]\n|upkeep\n|\n|t:|1699091779\n|switch|p2a: Great Tusk|Great Tusk|100\/100\n|-activate|p2a: Great Tusk|ability: Protosynthesis\n|-start|p2a: Great Tusk|protosynthesisdef\n|turn|16\n|\n|t:|1699091784\n|move|p1a: Iron Pride Icon|Close Combat|p2a: Great Tusk\n|-damage|p2a: Great Tusk|59\/100\n|-unboost|p1a: Iron Pride Icon|def|1\n|-unboost|p1a: Iron Pride Icon|spd|1\n|move|p2a: Great Tusk|Earthquake|p1a: Iron Pride Icon\n|-damage|p1a: Iron Pride Icon|0 fnt\n|faint|p1a: Iron Pride Icon\n|-end|p1a: Iron Pride Icon|Quark Drive|[silent]\n|\n|-weather|SunnyDay|[upkeep]\n|-heal|p2a: Great Tusk|66\/100|[from] item: Leftovers\n|upkeep\n|c|\u2606Steven Stone 007|GG\n|c|\u2606Just B3A$T|you weren't gonna tera\n|c|\u2606Just B3A$T|damn\n|\n|t:|1699091796\n|switch|p1a: pest|Toxapex, F|100\/100\n|turn|17\n|c|\u2606Steven Stone 007|no need\n|\n|t:|1699091803\n|move|p2a: Great Tusk|Earthquake|p1a: pest\n|-supereffective|p1a: pest\n|-damage|p1a: pest|49\/100\n|move|p1a: pest|Scald|p2a: Great Tusk\n|-supereffective|p2a: Great Tusk\n|-damage|p2a: Great Tusk|46\/100\n|\n|-weather|none\n|-end|p2a: Great Tusk|Protosynthesis\n|-heal|p2a: Great Tusk|52\/100|[from] item: Leftovers\n|-heal|p1a: pest|55\/100|[from] item: Black Sludge\n|upkeep\n|turn|18\n|\n|t:|1699091807\n|move|p2a: Great Tusk|Earthquake|p1a: pest\n|-supereffective|p1a: pest\n|-damage|p1a: pest|2\/100\n|move|p1a: pest|Recover|p1a: pest\n|-heal|p1a: pest|52\/100\n|\n|-heal|p2a: Great Tusk|58\/100|[from] item: Leftovers\n|-heal|p1a: pest|58\/100|[from] item: Black Sludge\n|upkeep\n|turn|19\n|\n|t:|1699091811\n|-end|p2a: Great Tusk|Protosynthesis|[silent]\n|switch|p2a: Roaring Moon|Roaring Moon|100\/100\n|move|p1a: pest|Recover|p1a: pest\n|-heal|p1a: pest|100\/100\n|\n|upkeep\n|turn|20\n|\n|t:|1699091815\n|move|p2a: Roaring Moon|Focus Energy|p2a: Roaring Moon\n|-start|p2a: Roaring Moon|move: Focus Energy\n|move|p1a: pest|Scald|p2a: Roaring Moon\n|-resisted|p2a: Roaring Moon\n|-damage|p2a: Roaring Moon|93\/100\n|\n|upkeep\n|turn|21\n|\n|t:|1699091819\n|move|p2a: Roaring Moon|Earthquake|p1a: pest\n|-supereffective|p1a: pest\n|-damage|p1a: pest|57\/100\n|move|p1a: pest|Toxic|p2a: Roaring Moon\n|-status|p2a: Roaring Moon|tox\n|\n|-heal|p1a: pest|63\/100|[from] item: Black Sludge\n|-damage|p2a: Roaring Moon|87\/100 tox|[from] psn\n|upkeep\n|turn|22\n|\n|t:|1699091821\n|move|p2a: Roaring Moon|Earthquake|p1a: pest\n|-supereffective|p1a: pest\n|-crit|p1a: pest\n|-damage|p1a: pest|1\/100\n|move|p1a: pest|Recover|p1a: pest\n|-heal|p1a: pest|51\/100\n|\n|-heal|p1a: pest|57\/100|[from] item: Black Sludge\n|-damage|p2a: Roaring Moon|75\/100 tox|[from] psn\n|upkeep\n|turn|23\n|\n|t:|1699091824\n|move|p2a: Roaring Moon|Earthquake|p1a: pest\n|-supereffective|p1a: pest\n|-crit|p1a: pest\n|-damage|p1a: pest|0 fnt\n|faint|p1a: pest\n|\n|win|Steven Stone 007\n|c|\u2606Just B3A$T|gg\n|c|\u2606Steven Stone 007|GG\n","uploadtime":1699091830,"views":15,"p1id":"justb3at","p2id":"stevenstone007","formatid":"gen9nationaldexubers","rating":0,"private":0,"password":""}