{"id":"gen9nationaldexubers-1999872362","p1":"glkkgffutkjghg","p2":"pichufan01","format":"[Gen 9] National Dex Ubers","log":"|j|\u2606glkkgffutkjghg\n|j|\u2606pichufan01\n|t:|1701124913\n|gametype|singles\n|player|p1|glkkgffutkjghg|266|1000\n|player|p2|pichufan01|cynthia-gen4|1068\n|teamsize|p1|6\n|teamsize|p2|6\n|gen|9\n|tier|[Gen 9] National Dex Ubers\n|rated|\n|rule|HP Percentage Mod: HP is shown in percentages\n|rule|Endless Battle Clause: Forcing endless battles is banned\n|rule|OHKO Clause: OHKO moves are banned\n|rule|Evasion Moves Clause: Evasion moves are banned\n|rule|Evasion Items Clause: Evasion items are banned\n|rule|Species Clause: Limit one of each Pok\u00e9mon\n|rule|Sleep Clause Mod: Limit one foe put to sleep\n|rule|Mega Rayquaza Clause: You cannot mega evolve Rayquaza\n|clearpoke\n|poke|p1|Lurantis, M|\n|poke|p1|Blissey, F|\n|poke|p1|Diancie|\n|poke|p1|Garchomp, M|\n|poke|p1|Gyarados, M|\n|poke|p1|Mewtwo|\n|poke|p2|Granbull, M|\n|poke|p2|Chien-Pao|\n|poke|p2|Arcanine, M|\n|poke|p2|Hitmontop, M|\n|poke|p2|Metagross|\n|poke|p2|Aggron, M|\n|teampreview\n|\n|t:|1701124919\n|start\n|switch|p1a: Mewtwo|Mewtwo, shiny|100\/100\n|switch|p2a: Dr. bustdown|Hitmontop, M, shiny|100\/100\n|-ability|p1a: Mewtwo|Pressure\n|turn|1\n|\n|t:|1701124926\n|move|p2a: Dr. bustdown|Fake Out|p1a: Mewtwo\n|-damage|p1a: Mewtwo|86\/100\n|move|p1a: Mewtwo|Calm Mind|p1a: Mewtwo\n|-boost|p1a: Mewtwo|spa|1\n|-boost|p1a: Mewtwo|spd|1\n|\n|upkeep\n|turn|2\n|c|\u2606pichufan01|Wot\n|c|\u2606pichufan01|Hacker?\n|inactive|Battle timer is ON: inactive players will automatically lose when time's up. (requested by glkkgffutkjghg)\n|\n|t:|1701124973\n|move|p1a: Mewtwo|Calm Mind|p1a: Mewtwo\n|-boost|p1a: Mewtwo|spa|1\n|-boost|p1a: Mewtwo|spd|1\n|move|p2a: Dr. bustdown|Triple Axel|p1a: Mewtwo|[miss]\n|-miss|p2a: Dr. bustdown|p1a: Mewtwo\n|\n|upkeep\n|turn|3\n|\n|t:|1701124982\n|move|p1a: Mewtwo|Calm Mind|p1a: Mewtwo\n|-boost|p1a: Mewtwo|spa|1\n|-boost|p1a: Mewtwo|spd|1\n|move|p2a: Dr. bustdown|Triple Axel|p1a: Mewtwo\n|-damage|p1a: Mewtwo|79\/100\n|-damage|p1a: Mewtwo|63\/100\n|-hitcount|p1a: Mewtwo|2\n|\n|upkeep\n|turn|4\n|\n|t:|1701124991\n|move|p1a: Mewtwo|Stored Power|p2a: Dr. bustdown\n|-supereffective|p2a: Dr. bustdown\n|-damage|p2a: Dr. bustdown|0 fnt\n|faint|p2a: Dr. bustdown\n|\n|upkeep\n|\n|t:|1701124995\n|switch|p2a: Black panther|Chien-Pao|100\/100\n|-ability|p2a: Black panther|Sword of Ruin\n|turn|5\n|\n|t:|1701125003\n|move|p2a: Black panther|Sucker Punch||[still]\n|-fail|p2a: Black panther\n|move|p1a: Mewtwo|Will-O-Wisp|p2a: Black panther\n|-status|p2a: Black panther|brn\n|\n|-damage|p2a: Black panther|95\/100 brn|[from] brn\n|upkeep\n|turn|6\n|inactive|pichufan01 has 120 seconds left.\n|\n|t:|1701125039\n|switch|p2a: Ginger|Arcanine, M, shiny|100\/100\n|-ability|p2a: Ginger|Intimidate|boost\n|-unboost|p1a: Mewtwo|atk|1\n|move|p1a: Mewtwo|Calm Mind|p1a: Mewtwo\n|-boost|p1a: Mewtwo|spa|1\n|-boost|p1a: Mewtwo|spd|1\n|\n|upkeep\n|turn|7\n|inactive|pichufan01 has 120 seconds left.\n|\n|t:|1701125050\n|move|p2a: Ginger|Extreme Speed|p1a: Mewtwo\n|-damage|p1a: Mewtwo|44\/100\n|move|p1a: Mewtwo|Stored Power|p2a: Ginger\n|-damage|p2a: Ginger|0 fnt\n|faint|p2a: Ginger\n|\n|upkeep\n|\n|t:|1701125069\n|switch|p2a: Scooby Doo|Granbull, M|100\/100\n|-ability|p2a: Scooby Doo|Intimidate|boost\n|-unboost|p1a: Mewtwo|atk|1\n|turn|8\n|\n|t:|1701125074\n|move|p1a: Mewtwo|Stored Power|p2a: Scooby Doo\n|-damage|p2a: Scooby Doo|0 fnt\n|faint|p2a: Scooby Doo\n|\n|upkeep\n|\n|t:|1701125077\n|switch|p2a: Black panther|Chien-Pao|95\/100 brn\n|-ability|p2a: Black panther|Sword of Ruin\n|turn|9\n|\n|t:|1701125084\n|move|p2a: Black panther|Ice Spinner|p1a: Mewtwo\n|-damage|p1a: Mewtwo|23\/100\n|move|p1a: Mewtwo|Stored Power|p2a: Black panther\n|-immune|p2a: Black panther\n|\n|-damage|p2a: Black panther|89\/100 brn|[from] brn\n|upkeep\n|turn|10\n|\n|t:|1701125097\n|switch|p1a: Lurantis|Lurantis, M, shiny|100\/100\n|move|p2a: Black panther|Ice Spinner|p1a: Lurantis\n|-supereffective|p1a: Lurantis\n|-damage|p1a: Lurantis|48\/100\n|\n|-heal|p1a: Lurantis|54\/100|[from] item: Leftovers\n|-damage|p2a: Black panther|83\/100 brn|[from] brn\n|upkeep\n|turn|11\n|\n|t:|1701125117\n|move|p2a: Black panther|Ice Spinner|p1a: Lurantis\n|-supereffective|p1a: Lurantis\n|-damage|p1a: Lurantis|0 fnt\n|faint|p1a: Lurantis\n|\n|-damage|p2a: Black panther|77\/100 brn|[from] brn\n|upkeep\n|\n|t:|1701125128\n|switch|p1a: Gyarados|Gyarados, M, shiny|100\/100\n|-ability|p1a: Gyarados|Intimidate|boost\n|-unboost|p2a: Black panther|atk|1\n|turn|12\n|\n|t:|1701125136\n|switch|p2a: Iron mind|Metagross, shiny|100\/100\n|move|p1a: Gyarados|Scald|p2a: Iron mind\n|-damage|p2a: Iron mind|80\/100\n|\n|upkeep\n|turn|13\n|\n|t:|1701125146\n|move|p1a: Gyarados|Earthquake|p2a: Iron mind\n|-supereffective|p2a: Iron mind\n|-damage|p2a: Iron mind|47\/100\n|move|p2a: Iron mind|Stealth Rock|p1a: Gyarados\n|-sidestart|p1: glkkgffutkjghg|move: Stealth Rock\n|\n|upkeep\n|turn|14\n|\n|t:|1701125153\n|move|p1a: Gyarados|Earthquake|p2a: Iron mind\n|-supereffective|p2a: Iron mind\n|-damage|p2a: Iron mind|15\/100\n|move|p2a: Iron mind|Reflect|p2a: Iron mind\n|-sidestart|p2: pichufan01|Reflect\n|\n|upkeep\n|turn|15\n|\n|t:|1701125161\n|move|p1a: Gyarados|Earthquake|p2a: Iron mind\n|-supereffective|p2a: Iron mind\n|-damage|p2a: Iron mind|0 fnt\n|faint|p2a: Iron mind\n|\n|upkeep\n|\n|t:|1701125163\n|switch|p2a: A aron|Aggron, M, shiny|100\/100\n|turn|16\n|\n|t:|1701125169\n|detailschange|p2a: A aron|Aggron-Mega, M, shiny\n|-mega|p2a: A aron|Aggron|Aggronite\n|move|p1a: Gyarados|Earthquake|p2a: A aron\n|-supereffective|p2a: A aron\n|-damage|p2a: A aron|89\/100\n|move|p2a: A aron|Iron Defense|p2a: A aron\n|-boost|p2a: A aron|def|2\n|\n|upkeep\n|turn|17\n|\n|t:|1701125177\n|move|p1a: Gyarados|Scald|p2a: A aron\n|-damage|p2a: A aron|61\/100\n|move|p2a: A aron|Rock Polish|p2a: A aron\n|-boost|p2a: A aron|spe|2\n|\n|upkeep\n|turn|18\n|\n|t:|1701125193\n|switch|p1a: Blissey|Blissey, F, shiny|100\/100\n|-damage|p1a: Blissey|88\/100|[from] Stealth Rock\n|move|p2a: A aron|Iron Defense|p2a: A aron\n|-boost|p2a: A aron|def|2\n|\n|-heal|p1a: Blissey|94\/100|[from] item: Leftovers\n|upkeep\n|turn|19\n|\n|t:|1701125204\n|move|p2a: A aron|Body Press|p1a: Blissey\n|-supereffective|p1a: Blissey\n|-damage|p1a: Blissey|0 fnt\n|faint|p1a: Blissey\n|\n|upkeep\n|\n|t:|1701125209\n|switch|p1a: Garchomp|Garchomp, M, shiny|100\/100\n|-damage|p1a: Garchomp|94\/100|[from] Stealth Rock\n|turn|20\n|\n|t:|1701125216\n|move|p2a: A aron|Body Press|p1a: Garchomp\n|-damage|p1a: Garchomp|0 fnt\n|-damage|p2a: A aron|49\/100|[from] ability: Rough Skin|[of] p1a: Garchomp\n|faint|p1a: Garchomp\n|\n|upkeep\n|\n|t:|1701125223\n|switch|p1a: Gyarados|Gyarados, M, shiny|100\/100\n|-damage|p1a: Gyarados|76\/100|[from] Stealth Rock\n|-ability|p1a: Gyarados|Intimidate|boost\n|-unboost|p2a: A aron|atk|1\n|turn|21\n|\n|t:|1701125227\n|move|p2a: A aron|Body Press|p1a: Gyarados\n|-resisted|p1a: Gyarados\n|-damage|p1a: Gyarados|19\/100\n|move|p1a: Gyarados|Dragon Dance|p1a: Gyarados\n|-boost|p1a: Gyarados|atk|1\n|-boost|p1a: Gyarados|spe|1\n|\n|-heal|p1a: Gyarados|25\/100|[from] item: Leftovers\n|-sideend|p2: pichufan01|Reflect\n|upkeep\n|turn|22\n|\n|t:|1701125238\n|move|p2a: A aron|Body Press|p1a: Gyarados\n|-resisted|p1a: Gyarados\n|-damage|p1a: Gyarados|0 fnt\n|faint|p1a: Gyarados\n|\n|upkeep\n|\n|t:|1701125242\n|switch|p1a: Diancie|Diancie, shiny|100\/100\n|-damage|p1a: Diancie|88\/100|[from] Stealth Rock\n|turn|23\n|\n|t:|1701125246\n|move|p2a: A aron|Heavy Slam|p1a: Diancie\n|-supereffective|p1a: Diancie\n|-damage|p1a: Diancie|0 fnt\n|faint|p1a: Diancie\n|\n|upkeep\n|\n|t:|1701125250\n|switch|p1a: Mewtwo|Mewtwo, shiny|23\/100\n|-damage|p1a: Mewtwo|11\/100|[from] Stealth Rock\n|-ability|p1a: Mewtwo|Pressure\n|turn|24\n|\n|t:|1701125257\n|move|p2a: A aron|Body Press|p1a: Mewtwo\n|-resisted|p1a: Mewtwo\n|-damage|p1a: Mewtwo|0 fnt\n|faint|p1a: Mewtwo\n|\n|win|pichufan01\n|raw|glkkgffutkjghg's rating: 1000 &rarr; <strong>1000<\/strong><br \/>(+0 for losing)\n|raw|pichufan01's rating: 1068 &rarr; <strong>1092<\/strong><br \/>(+24 for winning)\n|l|\u2606glkkgffutkjghg\n|c|\u2606pichufan01|I just sweeped a hacker\n","uploadtime":1701125282,"views":14,"p1id":"glkkgffutkjghg","p2id":"pichufan01","formatid":"gen9nationaldexubers","rating":1000,"private":0,"password":""}