{"id":"gen9nationaldexubers-1990656838","p1":"Xatu Arg","p2":"Tmeh435","format":"[Gen 9] National Dex Ubers","log":"|j|\u2606Xatu Arg\n|j|\u2606Tmeh435\n|t:|1699989292\n|gametype|singles\n|player|p1|Xatu Arg|will|\n|player|p2|Tmeh435|169|\n|teamsize|p1|6\n|teamsize|p2|6\n|gen|9\n|tier|[Gen 9] National Dex Ubers\n|rule|HP Percentage Mod: HP is shown in percentages\n|rule|Endless Battle Clause: Forcing endless battles is banned\n|rule|OHKO Clause: OHKO moves are banned\n|rule|Evasion Moves Clause: Evasion moves are banned\n|rule|Evasion Items Clause: Evasion items are banned\n|rule|Species Clause: Limit one of each Pok\u00e9mon\n|rule|Sleep Clause Mod: Limit one foe put to sleep\n|rule|Mega Rayquaza Clause: You cannot mega evolve Rayquaza\n|clearpoke\n|poke|p1|Reshiram|\n|poke|p1|Xatu, F|\n|poke|p1|Skuntank, M|\n|poke|p1|Ferrothorn, F|\n|poke|p1|Dragonite, F|\n|poke|p1|Ampharos, M|\n|poke|p2|Necrozma-Dusk-Mane|\n|poke|p2|Landorus-Therian, M|\n|poke|p2|Raichu-Alola, M|\n|poke|p2|Silvally-*|\n|poke|p2|Flutter Mane|\n|poke|p2|Victini|\n|teampreview\n|\n|t:|1699989326\n|start\n|switch|p1a: 4 Traseros|Skuntank, M|100\/100\n|switch|p2a: Gliscor?|Landorus-Therian, M|100\/100\n|-ability|p2a: Gliscor?|Intimidate|boost\n|-unboost|p1a: 4 Traseros|atk|1\n|turn|1\n|\n|t:|1699989338\n|switch|p1a: XatuGod|Xatu, F|100\/100\n|move|p2a: Gliscor?|Stealth Rock|p1a: XatuGod\n|move|p1a: XatuGod|Stealth Rock|p2a: Gliscor?|[from]ability: Magic Bounce\n|-sidestart|p2: Tmeh435|move: Stealth Rock\n|\n|upkeep\n|turn|2\n|\n|t:|1699989351\n|move|p1a: XatuGod|Trick|p2a: Gliscor?\n|-activate|p1a: XatuGod|move: Trick|[of] p2a: Gliscor?\n|-item|p2a: Gliscor?|Choice Specs|[from] move: Trick\n|-item|p1a: XatuGod|Leftovers|[from] move: Trick\n|move|p2a: Gliscor?|U-turn|p1a: XatuGod\n|-damage|p1a: XatuGod|67\/100\n|\n|t:|1699989363\n|switch|p2a: Solgaleon't|Necrozma-Dusk-Mane|100\/100|[from] U-turn\n|-damage|p2a: Solgaleon't|94\/100|[from] Stealth Rock\n|\n|-heal|p1a: XatuGod|73\/100|[from] item: Leftovers\n|upkeep\n|turn|3\n|\n|t:|1699989373\n|move|p1a: XatuGod|Thunder Wave|p2a: Solgaleon't\n|-status|p2a: Solgaleon't|par\n|move|p2a: Solgaleon't|Knock Off|p1a: XatuGod\n|-supereffective|p1a: XatuGod\n|-damage|p1a: XatuGod|0 fnt\n|-enditem|p1a: XatuGod|Leftovers|[from] move: Knock Off|[of] p2a: Solgaleon't\n|faint|p1a: XatuGod\n|\n|upkeep\n|\n|t:|1699989444\n|switch|p1a: 4 Traseros|Skuntank, M|100\/100\n|turn|4\n|\n|t:|1699989459\n|switch|p2a: Gliscor?|Landorus-Therian, M|100\/100\n|-damage|p2a: Gliscor?|88\/100|[from] Stealth Rock\n|-ability|p2a: Gliscor?|Intimidate|boost\n|-unboost|p1a: 4 Traseros|atk|1\n|move|p1a: 4 Traseros|Toxic Spikes|p2a: Gliscor?\n|-sidestart|p2: Tmeh435|move: Toxic Spikes\n|\n|upkeep\n|turn|5\n|\n|t:|1699989475\n|move|p2a: Gliscor?|Earthquake|p1a: 4 Traseros\n|-supereffective|p1a: 4 Traseros\n|-enditem|p1a: 4 Traseros|Focus Sash\n|-damage|p1a: 4 Traseros|1\/100\n|move|p1a: 4 Traseros|Toxic Spikes|p2a: Gliscor?\n|-sidestart|p2: Tmeh435|move: Toxic Spikes\n|\n|upkeep\n|turn|6\n|\n|t:|1699989483\n|switch|p1a: Bicho de Mierda|Dragonite, F|100\/100\n|move|p2a: Gliscor?|Earthquake|p1a: Bicho de Mierda\n|-immune|p1a: Bicho de Mierda\n|\n|upkeep\n|turn|7\n|\n|t:|1699989497\n|switch|p2a: Solgaleon't|Necrozma-Dusk-Mane|94\/100 par\n|-damage|p2a: Solgaleon't|88\/100 par|[from] Stealth Rock\n|move|p1a: Bicho de Mierda|Dragon Dance|p1a: Bicho de Mierda\n|-boost|p1a: Bicho de Mierda|atk|1\n|-boost|p1a: Bicho de Mierda|spe|1\n|\n|upkeep\n|turn|8\n|\n|t:|1699989520\n|switch|p1a: Pokemon Negro|Reshiram|100\/100\n|-ability|p1a: Pokemon Negro|Turboblaze\n|cant|p2a: Solgaleon't|par\n|\n|upkeep\n|turn|9\n|\n|t:|1699989548\n|move|p1a: Pokemon Negro|Blue Flare|p2a: Solgaleon't|[miss]\n|-miss|p1a: Pokemon Negro|p2a: Solgaleon't\n|move|p2a: Solgaleon't|Knock Off|p1a: Pokemon Negro\n|-damage|p1a: Pokemon Negro|66\/100\n|-enditem|p1a: Pokemon Negro|Choice Specs|[from] move: Knock Off|[of] p2a: Solgaleon't\n|\n|upkeep\n|turn|10\n|\n|t:|1699989557\n|switch|p2a: Reptil?|Flutter Mane|100\/100\n|-damage|p2a: Reptil?|88\/100|[from] Stealth Rock\n|-status|p2a: Reptil?|tox\n|move|p1a: Pokemon Negro|Blue Flare|p2a: Reptil?\n|-damage|p2a: Reptil?|31\/100 tox\n|\n|-damage|p2a: Reptil?|25\/100 tox|[from] psn\n|upkeep\n|turn|11\n|\n|t:|1699989573\n|switch|p1a: Homofobo|Ferrothorn, F|100\/100\n|move|p2a: Reptil?|Dazzling Gleam|p1a: Homofobo\n|-resisted|p1a: Homofobo\n|-damage|p1a: Homofobo|79\/100\n|\n|-heal|p1a: Homofobo|85\/100|[from] item: Leftovers\n|-damage|p2a: Reptil?|13\/100 tox|[from] psn\n|upkeep\n|turn|12\n|\n|t:|1699989585\n|move|p1a: Homofobo|Protect|p1a: Homofobo\n|-singleturn|p1a: Homofobo|Protect\n|move|p2a: Reptil?|Shadow Ball|p1a: Homofobo\n|-activate|p1a: Homofobo|move: Protect\n|\n|-heal|p1a: Homofobo|92\/100|[from] item: Leftovers\n|-damage|p2a: Reptil?|0 fnt|[from] psn\n|faint|p2a: Reptil?\n|-end|p2a: Reptil?|Protosynthesis|[silent]\n|upkeep\n|\n|t:|1699989597\n|switch|p2a: Gliscor?|Landorus-Therian, M|88\/100\n|-damage|p2a: Gliscor?|75\/100|[from] Stealth Rock\n|-ability|p2a: Gliscor?|Intimidate|boost\n|-unboost|p1a: Homofobo|atk|1\n|turn|13\n|\n|t:|1699989614\n|switch|p1a: 4 Traseros|Skuntank, M|1\/100\n|move|p2a: Gliscor?|Stealth Rock|p1a: 4 Traseros\n|-sidestart|p1: Xatu Arg|move: Stealth Rock\n|\n|upkeep\n|turn|14\n|\n|t:|1699989629\n|switch|p2a: Solgaleon't|Necrozma-Dusk-Mane|88\/100 par\n|-damage|p2a: Solgaleon't|82\/100 par|[from] Stealth Rock\n|move|p1a: 4 Traseros|Super Fang|p2a: Solgaleon't|[miss]\n|-miss|p1a: 4 Traseros|p2a: Solgaleon't\n|\n|upkeep\n|turn|15\n|\n|t:|1699989641\n|move|p1a: 4 Traseros|Super Fang|p2a: Solgaleon't\n|-damage|p2a: Solgaleon't|41\/100 par\n|move|p2a: Solgaleon't|Knock Off|p1a: 4 Traseros\n|-resisted|p1a: 4 Traseros\n|-damage|p1a: 4 Traseros|0 fnt\n|-damage|p2a: Solgaleon't|17\/100 par|[from] ability: Aftermath|[of] p1a: 4 Traseros\n|faint|p1a: 4 Traseros\n|\n|upkeep\n|\n|t:|1699989652\n|switch|p1a: Homofobo|Ferrothorn, F|92\/100\n|-damage|p1a: Homofobo|85\/100|[from] Stealth Rock\n|turn|16\n|\n|t:|1699989658\n|move|p2a: Solgaleon't|Morning Sun|p2a: Solgaleon't\n|-heal|p2a: Solgaleon't|67\/100 par\n|move|p1a: Homofobo|Leech Seed|p2a: Solgaleon't\n|-start|p2a: Solgaleon't|move: Leech Seed\n|\n|-heal|p1a: Homofobo|92\/100|[from] item: Leftovers\n|-damage|p2a: Solgaleon't|54\/100 par|[from] Leech Seed|[of] p1a: Homofobo\n|-heal|p1a: Homofobo|100\/100|[silent]\n|upkeep\n|turn|17\n|\n|t:|1699989674\n|move|p2a: Solgaleon't|Knock Off|p1a: Homofobo\n|-damage|p1a: Homofobo|82\/100\n|-damage|p2a: Solgaleon't|42\/100 par|[from] ability: Iron Barbs|[of] p1a: Homofobo\n|-enditem|p1a: Homofobo|Leftovers|[from] move: Knock Off|[of] p2a: Solgaleon't\n|move|p1a: Homofobo|Knock Off|p2a: Solgaleon't\n|-supereffective|p2a: Solgaleon't\n|-damage|p2a: Solgaleon't|25\/100 par\n|-enditem|p2a: Solgaleon't|Occa Berry|[from] move: Knock Off|[of] p1a: Homofobo\n|\n|-damage|p2a: Solgaleon't|13\/100 par|[from] Leech Seed|[of] p1a: Homofobo\n|-heal|p1a: Homofobo|96\/100|[silent]\n|upkeep\n|turn|18\n|\n|t:|1699989695\n|move|p2a: Solgaleon't|Morning Sun|p2a: Solgaleon't\n|-heal|p2a: Solgaleon't|63\/100 par\n|move|p1a: Homofobo|Knock Off|p2a: Solgaleon't\n|-supereffective|p2a: Solgaleon't\n|-damage|p2a: Solgaleon't|52\/100 par\n|\n|-damage|p2a: Solgaleon't|39\/100 par|[from] Leech Seed|[of] p1a: Homofobo\n|-heal|p1a: Homofobo|100\/100|[silent]\n|upkeep\n|turn|19\n|\n|t:|1699989707\n|move|p2a: Solgaleon't|Thunder Wave|p1a: Homofobo\n|-status|p1a: Homofobo|par\n|move|p1a: Homofobo|Knock Off|p2a: Solgaleon't\n|-supereffective|p2a: Solgaleon't\n|-damage|p2a: Solgaleon't|27\/100 par\n|\n|-damage|p2a: Solgaleon't|15\/100 par|[from] Leech Seed|[of] p1a: Homofobo\n|upkeep\n|turn|20\n|\n|t:|1699989726\n|move|p2a: Solgaleon't|Morning Sun|p2a: Solgaleon't\n|-heal|p2a: Solgaleon't|65\/100 par\n|move|p1a: Homofobo|Knock Off|p2a: Solgaleon't\n|-supereffective|p2a: Solgaleon't\n|-damage|p2a: Solgaleon't|54\/100 par\n|\n|-damage|p2a: Solgaleon't|41\/100 par|[from] Leech Seed|[of] p1a: Homofobo\n|upkeep\n|turn|21\n|\n|t:|1699989735\n|switch|p2a: Arceus?|Victini|100\/100\n|move|p1a: Homofobo|Knock Off|p2a: Arceus?\n|-supereffective|p2a: Arceus?\n|-damage|p2a: Arceus?|58\/100\n|-enditem|p2a: Arceus?|Heavy-Duty Boots|[from] move: Knock Off|[of] p1a: Homofobo\n|\n|upkeep\n|turn|22\n|\n|t:|1699989744\n|move|p1a: Homofobo|Protect|p1a: Homofobo\n|-singleturn|p1a: Homofobo|Protect\n|move|p2a: Arceus?|Sunny Day|p2a: Arceus?\n|-weather|SunnyDay\n|\n|-weather|SunnyDay|[upkeep]\n|upkeep\n|turn|23\n|\n|t:|1699989758\n|switch|p1a: Pokemon Negro|Reshiram|66\/100\n|-damage|p1a: Pokemon Negro|41\/100|[from] Stealth Rock\n|-ability|p1a: Pokemon Negro|Turboblaze\n|move|p2a: Arceus?|Blue Flare|p1a: Pokemon Negro\n|-resisted|p1a: Pokemon Negro\n|-damage|p1a: Pokemon Negro|24\/100\n|\n|-weather|SunnyDay|[upkeep]\n|upkeep\n|turn|24\n|\n|t:|1699989775\n|move|p2a: Arceus?|Blue Flare|p1a: Pokemon Negro\n|-resisted|p1a: Pokemon Negro\n|-damage|p1a: Pokemon Negro|8\/100\n|move|p1a: Pokemon Negro|Earth Power|p2a: Arceus?\n|-supereffective|p2a: Arceus?\n|-damage|p2a: Arceus?|0 fnt\n|faint|p2a: Arceus?\n|\n|-weather|SunnyDay|[upkeep]\n|upkeep\n|\n|t:|1699989787\n|switch|p2a: Gliscor?|Landorus-Therian, M|75\/100\n|-damage|p2a: Gliscor?|63\/100|[from] Stealth Rock\n|-ability|p2a: Gliscor?|Intimidate|boost\n|-unboost|p1a: Pokemon Negro|atk|1\n|turn|25\n|\n|t:|1699989796\n|move|p2a: Gliscor?|U-turn|p1a: Pokemon Negro\n|-resisted|p1a: Pokemon Negro\n|-crit|p1a: Pokemon Negro\n|-damage|p1a: Pokemon Negro|0 fnt\n|faint|p1a: Pokemon Negro\n|\n|t:|1699989814\n|switch|p2a: Solgaleon't|Necrozma-Dusk-Mane|41\/100 par|[from] U-turn\n|-damage|p2a: Solgaleon't|35\/100 par|[from] Stealth Rock\n|\n|-weather|SunnyDay|[upkeep]\n|upkeep\n|\n|t:|1699989868\n|switch|p1a: Homofobo|Ferrothorn, F|100\/100 par\n|-damage|p1a: Homofobo|94\/100 par|[from] Stealth Rock\n|turn|26\n|\n|t:|1699989879\n|move|p2a: Solgaleon't|Sunsteel Strike|p1a: Homofobo\n|-resisted|p1a: Homofobo\n|-damage|p1a: Homofobo|80\/100 par\n|-damage|p2a: Solgaleon't|23\/100 par|[from] ability: Iron Barbs|[of] p1a: Homofobo\n|move|p1a: Homofobo|Leech Seed|p2a: Solgaleon't\n|-start|p2a: Solgaleon't|move: Leech Seed\n|\n|-weather|none\n|-damage|p2a: Solgaleon't|11\/100 par|[from] Leech Seed|[of] p1a: Homofobo\n|-heal|p1a: Homofobo|94\/100 par|[silent]\n|upkeep\n|turn|27\n|\n|t:|1699989894\n|move|p2a: Solgaleon't|Sunsteel Strike|p1a: Homofobo\n|-resisted|p1a: Homofobo\n|-damage|p1a: Homofobo|79\/100 par\n|-damage|p2a: Solgaleon't|0 fnt|[from] ability: Iron Barbs|[of] p1a: Homofobo\n|faint|p2a: Solgaleon't\n|move|p1a: Homofobo|Toxic|p2: Solgaleon't|[notarget]\n|-fail|p1a: Homofobo\n|\n|upkeep\n|\n|t:|1699989909\n|switch|p2a: Arceusn't|Silvally-Dark|100\/100\n|-damage|p2a: Arceusn't|88\/100|[from] Stealth Rock\n|-status|p2a: Arceusn't|tox\n|turn|28\n|\n|t:|1699989931\n|move|p2a: Arceusn't|Swords Dance|p2a: Arceusn't\n|-boost|p2a: Arceusn't|atk|2\n|move|p1a: Homofobo|Leech Seed|p2a: Arceusn't\n|-start|p2a: Arceusn't|move: Leech Seed\n|\n|-damage|p2a: Arceusn't|76\/100 tox|[from] Leech Seed|[of] p1a: Homofobo\n|-heal|p1a: Homofobo|91\/100 par|[silent]\n|-damage|p2a: Arceusn't|70\/100 tox|[from] psn\n|upkeep\n|turn|29\n|\n|t:|1699989946\n|move|p2a: Arceusn't|Multi-Attack|p1a: Homofobo\n|-damage|p1a: Homofobo|33\/100 par\n|-damage|p2a: Arceusn't|57\/100 tox|[from] ability: Iron Barbs|[of] p1a: Homofobo\n|cant|p1a: Homofobo|par\n|\n|-damage|p2a: Arceusn't|45\/100 tox|[from] Leech Seed|[of] p1a: Homofobo\n|-heal|p1a: Homofobo|45\/100 par|[silent]\n|-damage|p2a: Arceusn't|33\/100 tox|[from] psn\n|upkeep\n|turn|30\n|\n|t:|1699989959\n|move|p1a: Homofobo|Protect|p1a: Homofobo\n|-singleturn|p1a: Homofobo|Protect\n|move|p2a: Arceusn't|Multi-Attack|p1a: Homofobo\n|-activate|p1a: Homofobo|move: Protect\n|\n|-damage|p2a: Arceusn't|21\/100 tox|[from] Leech Seed|[of] p1a: Homofobo\n|-heal|p1a: Homofobo|57\/100 par|[silent]\n|-damage|p2a: Arceusn't|3\/100 tox|[from] psn\n|upkeep\n|turn|31\n|\n|t:|1699989970\n|cant|p1a: Homofobo|par\n|move|p2a: Arceusn't|Multi-Attack|p1a: Homofobo\n|-damage|p1a: Homofobo|1\/100 par\n|-damage|p2a: Arceusn't|0 fnt|[from] ability: Iron Barbs|[of] p1a: Homofobo\n|faint|p2a: Arceusn't\n|\n|upkeep\n|\n|t:|1699989984\n|switch|p2a: Gliscor?|Landorus-Therian, M|63\/100\n|-damage|p2a: Gliscor?|50\/100|[from] Stealth Rock\n|-ability|p2a: Gliscor?|Intimidate|boost\n|-unboost|p1a: Homofobo|atk|1\n|turn|32\n|\n|t:|1699989991\n|move|p2a: Gliscor?|U-turn|p1a: Homofobo\n|-damage|p1a: Homofobo|0 fnt\n|-damage|p2a: Gliscor?|38\/100|[from] ability: Iron Barbs|[of] p1a: Homofobo\n|faint|p1a: Homofobo\n|\n|t:|1699989996\n|switch|p2a: Grumpign't|Raichu-Alola, M|100\/100|[from] U-turn\n|-damage|p2a: Grumpign't|88\/100|[from] Stealth Rock\n|-status|p2a: Grumpign't|tox\n|\n|-damage|p2a: Grumpign't|82\/100 tox|[from] psn\n|upkeep\n|\n|t:|1699990002\n|switch|p1a: Bicho de Mierda|Dragonite, F|100\/100\n|-damage|p1a: Bicho de Mierda|75\/100|[from] Stealth Rock\n|turn|33\n|\n|t:|1699990013\n|move|p2a: Grumpign't|Psyshock|p1a: Bicho de Mierda\n|-damage|p1a: Bicho de Mierda|23\/100\n|move|p1a: Bicho de Mierda|Roost|p1a: Bicho de Mierda\n|-heal|p1a: Bicho de Mierda|73\/100\n|-singleturn|p1a: Bicho de Mierda|move: Roost\n|\n|-damage|p2a: Grumpign't|70\/100 tox|[from] psn\n|upkeep\n|turn|34\n|\n|t:|1699990024\n|move|p1a: Bicho de Mierda|Extreme Speed|p2a: Grumpign't\n|-damage|p2a: Grumpign't|0 fnt\n|faint|p2a: Grumpign't\n|\n|upkeep\n|\n|t:|1699990028\n|switch|p2a: Gliscor?|Landorus-Therian, M|38\/100\n|-damage|p2a: Gliscor?|25\/100|[from] Stealth Rock\n|-ability|p2a: Gliscor?|Intimidate|boost\n|-unboost|p1a: Bicho de Mierda|atk|1\n|turn|35\n|\n|t:|1699990038\n|move|p1a: Bicho de Mierda|Extreme Speed|p2a: Gliscor?\n|-damage|p2a: Gliscor?|0 fnt\n|faint|p2a: Gliscor?\n|\n|win|Xatu Arg\n|l|\u2606Tmeh435\n","uploadtime":1699990071,"views":8,"p1id":"xatuarg","p2id":"tmeh435","formatid":"gen9nationaldexubers","rating":0,"private":0,"password":""}