{"id":"gen9nationaldexubers-1990989435","p1":"Arnaenaed \u223e","p2":"DracoAxel","format":"[Gen 9] National Dex Ubers","log":"|j|\u2606Arnaenaed \u223e\n|j|\u2606DracoAxel\n|t:|1700024105\n|gametype|singles\n|player|p1|Arnaenaed \u223e|birdkeeper-gen3|\n|player|p2|DracoAxel|nate|\n|teamsize|p1|6\n|teamsize|p2|6\n|gen|9\n|tier|[Gen 9] National Dex Ubers\n|rule|HP Percentage Mod: HP is shown in percentages\n|rule|Endless Battle Clause: Forcing endless battles is banned\n|rule|OHKO Clause: OHKO moves are banned\n|rule|Evasion Moves Clause: Evasion moves are banned\n|rule|Evasion Items Clause: Evasion items are banned\n|rule|Species Clause: Limit one of each Pok\u00e9mon\n|rule|Sleep Clause Mod: Limit one foe put to sleep\n|rule|Mega Rayquaza Clause: You cannot mega evolve Rayquaza\n|clearpoke\n|poke|p1|Dracovish|\n|poke|p1|Basculegion, M|\n|poke|p1|Pelipper, M|\n|poke|p1|Greninja-*, M|\n|poke|p1|Metagross|\n|poke|p1|Amoonguss, M|\n|poke|p2|Urshifu-*, M|\n|poke|p2|Xurkitree|\n|poke|p2|Palafin, F|\n|poke|p2|Pinsir, F|\n|poke|p2|Garchomp, M|\n|poke|p2|Blacephalon|\n|teampreview\n|\n|t:|1700024112\n|start\n|switch|p1a: Pelipper|Pelipper, M|100\/100\n|switch|p2a: Xurkitree|Xurkitree|100\/100\n|-weather|RainDance|[from] ability: Drizzle|[of] p1a: Pelipper\n|turn|1\n|\n|t:|1700024125\n|switch|p1a: Amoonguss|Amoonguss, M|100\/100\n|move|p2a: Xurkitree|Volt Switch|p1a: Amoonguss\n|-resisted|p1a: Amoonguss\n|-damage|p1a: Amoonguss|84\/100\n|\n|t:|1700024130\n|switch|p2a: Pinsir|Pinsir, F|100\/100|[from] Volt Switch\n|\n|-weather|RainDance|[upkeep]\n|-heal|p1a: Amoonguss|90\/100|[from] item: Leftovers\n|upkeep\n|turn|2\n|\n|t:|1700024143\n|switch|p1a: Metagross|Metagross|100\/100\n|detailschange|p2a: Pinsir|Pinsir-Mega, F\n|-mega|p2a: Pinsir|Pinsir|Pinsirite\n|move|p2a: Pinsir|Double-Edge|p1a: Metagross\n|-resisted|p1a: Metagross\n|-damage|p1a: Metagross|63\/100\n|-damage|p2a: Pinsir|84\/100|[from] Recoil\n|\n|-weather|RainDance|[upkeep]\n|upkeep\n|turn|3\n|\n|t:|1700024154\n|detailschange|p1a: Metagross|Metagross-Mega\n|-mega|p1a: Metagross|Metagross|Metagrossite\n|move|p1a: Metagross|Rock Slide|p2a: Pinsir\n|-supereffective|p2a: Pinsir\n|-damage|p2a: Pinsir|0 fnt\n|faint|p2a: Pinsir\n|\n|-weather|RainDance|[upkeep]\n|upkeep\n|\n|t:|1700024161\n|switch|p2a: Urshifu|Urshifu, M|100\/100\n|turn|4\n|\n|t:|1700024168\n|move|p1a: Metagross|Bullet Punch|p2a: Urshifu\n|-damage|p2a: Urshifu|71\/100\n|move|p2a: Urshifu|Wicked Blow|p1a: Metagross\n|-supereffective|p1a: Metagross\n|-crit|p1a: Metagross\n|-damage|p1a: Metagross|0 fnt\n|faint|p1a: Metagross\n|\n|-weather|RainDance|[upkeep]\n|upkeep\n|\n|t:|1700024181\n|switch|p1a: Basculegion|Basculegion, M|100\/100\n|turn|5\n|\n|t:|1700024190\n|switch|p2a: Palafin|Palafin, F|100\/100\n|-terastallize|p1a: Basculegion|Water\n|move|p1a: Basculegion|Liquidation|p2a: Palafin\n|-resisted|p2a: Palafin\n|-damage|p2a: Palafin|34\/100\n|\n|-weather|RainDance|[upkeep]\n|-heal|p2a: Palafin|40\/100|[from] item: Leftovers\n|upkeep\n|turn|6\n|\n|t:|1700024203\n|move|p2a: Palafin|Jet Punch|p1a: Basculegion\n|-resisted|p1a: Basculegion\n|-damage|p1a: Basculegion|78\/100\n|move|p1a: Basculegion|Liquidation|p2a: Palafin\n|-resisted|p2a: Palafin\n|-damage|p2a: Palafin|0 fnt\n|faint|p2a: Palafin\n|\n|-weather|RainDance|[upkeep]\n|upkeep\n|\n|t:|1700024207\n|switch|p2a: Xurkitree|Xurkitree|100\/100\n|turn|7\n|\n|t:|1700024212\n|move|p1a: Basculegion|Liquidation|p2a: Xurkitree\n|-enditem|p2a: Xurkitree|Focus Sash\n|-damage|p2a: Xurkitree|1\/100\n|move|p2a: Xurkitree|Thunderbolt|p1a: Basculegion\n|-supereffective|p1a: Basculegion\n|-crit|p1a: Basculegion\n|-damage|p1a: Basculegion|0 fnt\n|faint|p1a: Basculegion\n|-ability|p2a: Xurkitree|Beast Boost|boost\n|-boost|p2a: Xurkitree|spa|1\n|\n|-weather|RainDance|[upkeep]\n|upkeep\n|\n|t:|1700024220\n|switch|p1a: Greninja|Greninja, M|100\/100\n|turn|8\n|\n|t:|1700024231\n|move|p1a: Greninja|Surf|p2a: Xurkitree\n|-damage|p2a: Xurkitree|0 fnt\n|faint|p2a: Xurkitree\n|-ability|p1a: Greninja|Battle Bond|boost\n|-boost|p1a: Greninja|atk|1\n|-boost|p1a: Greninja|spa|1\n|-boost|p1a: Greninja|spe|1\n|-activate|p1a: Greninja|ability: Battle Bond\n|-damage|p1a: Greninja|91\/100|[from] item: Life Orb\n|\n|-weather|none\n|upkeep\n|\n|t:|1700024237\n|switch|p2a: Urshifu|Urshifu, M|71\/100\n|turn|9\n|\n|t:|1700024241\n|move|p1a: Greninja|Surf|p2a: Urshifu\n|-damage|p2a: Urshifu|0 fnt\n|faint|p2a: Urshifu\n|-damage|p1a: Greninja|81\/100|[from] item: Life Orb\n|\n|upkeep\n|\n|t:|1700024247\n|switch|p2a: Garchomp|Garchomp, M|100\/100\n|turn|10\n|\n|t:|1700024252\n|-terastallize|p2a: Garchomp|Dragon\n|move|p1a: Greninja|Ice Beam|p2a: Garchomp\n|-supereffective|p2a: Garchomp\n|-damage|p2a: Garchomp|0 fnt\n|faint|p2a: Garchomp\n|-damage|p1a: Greninja|71\/100|[from] item: Life Orb\n|\n|upkeep\n|\n|t:|1700024257\n|switch|p2a: Blacephalon|Blacephalon|100\/100\n|turn|11\n|c|\u2606Arnaenaed \u223e|gg\n|\n|t:|1700024262\n|move|p1a: Greninja|Water Shuriken|p2a: Blacephalon\n|-supereffective|p2a: Blacephalon\n|-damage|p2a: Blacephalon|56\/100\n|-supereffective|p2a: Blacephalon\n|-damage|p2a: Blacephalon|15\/100\n|-supereffective|p2a: Blacephalon\n|-damage|p2a: Blacephalon|0 fnt\n|faint|p2a: Blacephalon\n|-hitcount|p2: Blacephalon|3\n|-damage|p1a: Greninja|61\/100|[from] item: Life Orb\n|\n|win|Arnaenaed \u223e\n|l|\u2606DracoAxel\n","uploadtime":1700024273,"views":7,"p1id":"arnaenaed","p2id":"dracoaxel","formatid":"gen9nationaldexubers","rating":0,"private":0,"password":""}