{"id":"gen9nationaldexubers-1986245158","p1":"Ginesect","p2":"ANinjaDude","format":"[Gen 9] National Dex Ubers","log":"|j|\u2606Ginesect\n|j|\u2606ANinjaDude\n|t:|1699462966\n|gametype|singles\n|player|p1|Ginesect|workerice|\n|player|p2|ANinjaDude|volkner|\n|teamsize|p1|6\n|teamsize|p2|6\n|gen|9\n|tier|[Gen 9] National Dex Ubers\n|rule|HP Percentage Mod: HP is shown in percentages\n|rule|Endless Battle Clause: Forcing endless battles is banned\n|rule|OHKO Clause: OHKO moves are banned\n|rule|Evasion Moves Clause: Evasion moves are banned\n|rule|Evasion Items Clause: Evasion items are banned\n|rule|Species Clause: Limit one of each Pok\u00e9mon\n|rule|Sleep Clause Mod: Limit one foe put to sleep\n|rule|Mega Rayquaza Clause: You cannot mega evolve Rayquaza\n|clearpoke\n|poke|p1|Chien-Pao|\n|poke|p1|Mandibuzz, F|\n|poke|p1|Mawile, F|\n|poke|p1|Grimmsnarl, M|\n|poke|p1|Greninja-*, M|\n|poke|p1|Ting-Lu|\n|poke|p2|Ribombee, M|\n|poke|p2|Urshifu-*, F|\n|poke|p2|Ogerpon-Wellspring, F|\n|poke|p2|Greninja-*, M|\n|poke|p2|Landorus-Therian, M|\n|poke|p2|Iron Valiant|\n|teampreview\n|inactive|Battle timer is ON: inactive players will automatically lose when time's up. (requested by ANinjaDude)\n|c|\u2606ANinjaDude|glhf\n|inactive|Ginesect has 270 seconds left.\n|c|\u2606Ginesect|Same ty\n|j| Kramaltsyzer\n|\n|t:|1699463013\n|start\n|switch|p1a: Mandibuzz|Mandibuzz, F|100\/100\n|switch|p2a: Landorus|Landorus-Therian, M|100\/100\n|-ability|p2a: Landorus|Intimidate|boost\n|-unboost|p1a: Mandibuzz|atk|1\n|turn|1\n|\n|t:|1699463016\n|move|p2a: Landorus|Stealth Rock|p1a: Mandibuzz\n|-sidestart|p1: Ginesect|move: Stealth Rock\n|move|p1a: Mandibuzz|U-turn|p2a: Landorus\n|-resisted|p2a: Landorus\n|-damage|p2a: Landorus|96\/100\n|\n|t:|1699463022\n|switch|p1a: Ting-Lu|Ting-Lu|100\/100|[from] U-turn\n|-damage|p1a: Ting-Lu|94\/100|[from] Stealth Rock\n|-ability|p1a: Ting-Lu|Vessel of Ruin\n|\n|-heal|p1a: Ting-Lu|100\/100|[from] item: Leftovers\n|upkeep\n|turn|2\n|\n|t:|1699463026\n|move|p2a: Landorus|Knock Off|p1a: Ting-Lu\n|-resisted|p1a: Ting-Lu\n|-damage|p1a: Ting-Lu|93\/100\n|-enditem|p1a: Ting-Lu|Leftovers|[from] move: Knock Off|[of] p2a: Landorus\n|move|p1a: Ting-Lu|Stealth Rock|p2a: Landorus\n|-sidestart|p2: ANinjaDude|move: Stealth Rock\n|\n|upkeep\n|turn|3\n|\n|t:|1699463030\n|move|p2a: Landorus|Explosion|p1a: Ting-Lu\n|-damage|p1a: Ting-Lu|54\/100\n|faint|p2a: Landorus\n|move|p1a: Ting-Lu|Whirlwind|p2: Landorus|[notarget]\n|-fail|p1a: Ting-Lu\n|\n|upkeep\n|c|\u2606Ginesect|Lol\n|\n|t:|1699463042\n|switch|p2a: Iron Valiant|Iron Valiant|100\/100\n|-damage|p2a: Iron Valiant|94\/100|[from] Stealth Rock\n|-enditem|p2a: Iron Valiant|Booster Energy\n|-activate|p2a: Iron Valiant|ability: Quark Drive|[fromitem]\n|-start|p2a: Iron Valiant|quarkdrivespe\n|turn|4\n|c| Kramaltsyzer|Kaboom\n|\n|t:|1699463048\n|move|p1a: Ting-Lu|Protect|p1a: Ting-Lu\n|-singleturn|p1a: Ting-Lu|Protect\n|move|p2a: Iron Valiant|Moonblast|p1a: Ting-Lu\n|-activate|p1a: Ting-Lu|move: Protect\n|\n|upkeep\n|turn|5\n|\n|t:|1699463053\n|-terastallize|p1a: Ting-Lu|Fairy\n|move|p2a: Iron Valiant|Calm Mind|p2a: Iron Valiant\n|-boost|p2a: Iron Valiant|spa|1\n|-boost|p2a: Iron Valiant|spd|1\n|move|p1a: Ting-Lu|Earthquake|p2a: Iron Valiant\n|-damage|p2a: Iron Valiant|45\/100\n|\n|upkeep\n|turn|6\n|c|\u2606ANinjaDude|its an old set\n|c|\u2606Ginesect|Oooh\n|\n|t:|1699463062\n|move|p2a: Iron Valiant|Moonblast|p1a: Ting-Lu\n|-damage|p1a: Ting-Lu|20\/100\n|-unboost|p1a: Ting-Lu|spa|1\n|move|p1a: Ting-Lu|Earthquake|p2a: Iron Valiant\n|-damage|p2a: Iron Valiant|0 fnt\n|faint|p2a: Iron Valiant\n|-end|p2a: Iron Valiant|Quark Drive|[silent]\n|\n|upkeep\n|c|\u2606ANinjaDude|iirc it was used in gen 6 a lot\n|\n|t:|1699463074\n|switch|p2a: Ogerpon|Ogerpon-Wellspring, F|100\/100\n|-damage|p2a: Ogerpon|88\/100|[from] Stealth Rock\n|turn|7\n|c|\u2606Ginesect|I see\n|\n|t:|1699463083\n|move|p2a: Ogerpon|Swords Dance|p2a: Ogerpon\n|-boost|p2a: Ogerpon|atk|2\n|move|p1a: Ting-Lu|Whirlwind|p2a: Ogerpon\n|drag|p2a: Greninja|Greninja, M|100\/100\n|-damage|p2a: Greninja|88\/100|[from] Stealth Rock\n|\n|upkeep\n|turn|8\n|c|\u2606Ginesect|Lol\n|\n|t:|1699463090\n|move|p1a: Ting-Lu|Protect|p1a: Ting-Lu\n|-singleturn|p1a: Ting-Lu|Protect\n|move|p2a: Greninja|Hydro Pump|p1a: Ting-Lu\n|-activate|p1a: Ting-Lu|move: Protect\n|\n|upkeep\n|turn|9\n|c|\u2606ANinjaDude|very well\n|\n|t:|1699463096\n|move|p2a: Greninja|Grass Knot|p1a: Ting-Lu\n|-damage|p1a: Ting-Lu|0 fnt\n|faint|p1a: Ting-Lu\n|-ability|p2a: Greninja|Battle Bond|boost\n|-boost|p2a: Greninja|atk|1\n|-boost|p2a: Greninja|spa|1\n|-boost|p2a: Greninja|spe|1\n|-activate|p2a: Greninja|ability: Battle Bond\n|-damage|p2a: Greninja|78\/100|[from] item: Life Orb\n|\n|upkeep\n|c| Kramaltsyzer|Ash ninja?\n|c|\u2606ANinjaDude|bbond\n|inactive|Ginesect has 270 seconds left.\n|\n|t:|1699463127\n|switch|p1a: Chien-Pao|Chien-Pao|100\/100\n|-damage|p1a: Chien-Pao|76\/100|[from] Stealth Rock\n|-ability|p1a: Chien-Pao|Sword of Ruin\n|turn|10\n|c| Kramaltsyzer|It didn't transform in ashninja\n|c|\u2606ANinjaDude|bbond got changed in gen 9\n|c|\u2606ANinjaDude|now it's a +1 to attack, speed, and SpA\n|c| Kramaltsyzer|oh.\n|c|\u2606ANinjaDude|but only once per game\n|\n|t:|1699463157\n|move|p1a: Chien-Pao|Sucker Punch|p2a: Greninja\n|-resisted|p2a: Greninja\n|-damage|p2a: Greninja|25\/100\n|move|p2a: Greninja|Hydro Pump|p1a: Chien-Pao\n|-damage|p1a: Chien-Pao|0 fnt\n|faint|p1a: Chien-Pao\n|-damage|p2a: Greninja|15\/100|[from] item: Life Orb\n|\n|upkeep\n|c|\u2606Ginesect|Ooff\n|c|\u2606ANinjaDude|lol\n|c|\u2606ANinjaDude|i resist dark after all\n|c| Kramaltsyzer|Well\n|inactive|Ginesect has 270 seconds left.\n|\n|t:|1699463174\n|switch|p1a: Mawile|Mawile, F|100\/100\n|-damage|p1a: Mawile|94\/100|[from] Stealth Rock\n|-ability|p1a: Mawile|Intimidate|boost\n|-unboost|p2a: Greninja|atk|1\n|turn|11\n|\n|t:|1699463178\n|detailschange|p1a: Mawile|Mawile-Mega, F\n|-mega|p1a: Mawile|Mawile|Mawilite\n|move|p1a: Mawile|Sucker Punch|p2a: Greninja\n|-resisted|p2a: Greninja\n|-damage|p2a: Greninja|0 fnt\n|faint|p2a: Greninja\n|\n|upkeep\n|\n|t:|1699463191\n|switch|p2a: Urshifu|Urshifu, F|100\/100\n|-damage|p2a: Urshifu|94\/100|[from] Stealth Rock\n|turn|12\n|\n|t:|1699463196\n|move|p2a: Urshifu|Close Combat|p1a: Mawile\n|-damage|p1a: Mawile|36\/100\n|-unboost|p2a: Urshifu|def|1\n|-unboost|p2a: Urshifu|spd|1\n|move|p1a: Mawile|Play Rough|p2a: Urshifu\n|-supereffective|p2a: Urshifu\n|-damage|p2a: Urshifu|0 fnt\n|faint|p2a: Urshifu\n|\n|upkeep\n|\n|t:|1699463201\n|switch|p2a: Ogerpon|Ogerpon-Wellspring, F|88\/100\n|-damage|p2a: Ogerpon|76\/100|[from] Stealth Rock\n|turn|13\n|\n|t:|1699463206\n|move|p1a: Mawile|Sucker Punch|p2a: Ogerpon\n|-damage|p2a: Ogerpon|18\/100\n|move|p2a: Ogerpon|Ivy Cudgel|p1a: Mawile\n|-damage|p1a: Mawile|0 fnt\n|faint|p1a: Mawile\n|\n|upkeep\n|c|\u2606Ginesect|gg\n|\n|t:|1699463212\n|switch|p1a: Greninja|Greninja, M|100\/100\n|-damage|p1a: Greninja|88\/100|[from] Stealth Rock\n|turn|14\n|\n|t:|1699463216\n|move|p1a: Greninja|Dark Pulse|p2a: Ogerpon\n|-damage|p2a: Ogerpon|0 fnt\n|faint|p2a: Ogerpon\n|-ability|p1a: Greninja|Battle Bond|boost\n|-boost|p1a: Greninja|atk|1\n|-boost|p1a: Greninja|spa|1\n|-boost|p1a: Greninja|spe|1\n|-activate|p1a: Greninja|ability: Battle Bond\n|\n|upkeep\n|c|\u2606ANinjaDude|dont diss the bee\n|\n|t:|1699463220\n|switch|p2a: Ribombee|Ribombee, M|100\/100\n|-damage|p2a: Ribombee|76\/100|[from] Stealth Rock\n|turn|15\n|\n|t:|1699463229\n|move|p1a: Greninja|Hydro Pump|p2a: Ribombee\n|-damage|p2a: Ribombee|0 fnt\n|faint|p2a: Ribombee\n|\n|win|Ginesect\n|c|\u2606ANinjaDude|ggs\n|c| Kramaltsyzer|Guess we have our winner\n|c|\u2606ANinjaDude|i was specs bee\n|c|\u2606Ginesect|Ooh\n","uploadtime":1699463241,"views":5,"p1id":"ginesect","p2id":"aninjadude","formatid":"gen9nationaldexubers","rating":0,"private":0,"password":""}