{"id":"gen9nationaldexubers-1988106574","p1":"cunningjams","p2":"tmbrobber","format":"[Gen 9] National Dex Ubers","log":"|j|\u2606cunningjams\n|j|\u2606tmbrobber\n|t:|1699670311\n|gametype|singles\n|player|p1|cunningjams|101|\n|player|p2|tmbrobber|benga|\n|teamsize|p1|6\n|teamsize|p2|6\n|gen|9\n|tier|[Gen 9] National Dex Ubers\n|rule|HP Percentage Mod: HP is shown in percentages\n|rule|Endless Battle Clause: Forcing endless battles is banned\n|rule|OHKO Clause: OHKO moves are banned\n|rule|Evasion Moves Clause: Evasion moves are banned\n|rule|Evasion Items Clause: Evasion items are banned\n|rule|Species Clause: Limit one of each Pok\u00e9mon\n|rule|Sleep Clause Mod: Limit one foe put to sleep\n|rule|Mega Rayquaza Clause: You cannot mega evolve Rayquaza\n|clearpoke\n|poke|p1|Tapu Koko|\n|poke|p1|Armarouge, M|\n|poke|p1|Pelipper, F|\n|poke|p1|Heracross, F|\n|poke|p1|Quaquaval, F|\n|poke|p1|Nidoqueen, F|\n|poke|p2|Lucario, M|\n|poke|p2|Gengar, M|\n|poke|p2|Cloyster, M|\n|poke|p2|Rotom-Heat|\n|poke|p2|Steelix, F|\n|poke|p2|Tornadus-Therian, M|\n|teampreview\n|c|\u2606cunningjams|gl dude!\n|\n|t:|1699670363\n|start\n|switch|p1a: Nidoanne|Nidoqueen, F|100\/100\n|switch|p2a: Metal Dong|Steelix, F|100\/100\n|turn|1\n|\n|t:|1699670375\n|detailschange|p2a: Metal Dong|Steelix-Mega, F\n|-mega|p2a: Metal Dong|Steelix|Steelixite\n|move|p1a: Nidoanne|Earth Power|p2a: Metal Dong\n|-supereffective|p2a: Metal Dong\n|-damage|p2a: Metal Dong|4\/100\n|move|p2a: Metal Dong|Stealth Rock|p1a: Nidoanne\n|-sidestart|p1: cunningjams|move: Stealth Rock\n|\n|upkeep\n|turn|2\n|\n|t:|1699670396\n|switch|p2a: S3x-Bird|Tornadus-Therian, M|100\/100\n|move|p1a: Nidoanne|Ice Beam|p2a: S3x-Bird\n|-supereffective|p2a: S3x-Bird\n|-damage|p2a: S3x-Bird|31\/100\n|\n|-heal|p2a: S3x-Bird|38\/100|[from] item: Leftovers\n|upkeep\n|turn|3\n|j| karkiarv000\n|\n|t:|1699670422\n|move|p2a: S3x-Bird|Psychic|p1a: Nidoanne\n|-supereffective|p1a: Nidoanne\n|-damage|p1a: Nidoanne|34\/100\n|-unboost|p1a: Nidoanne|spd|1\n|move|p1a: Nidoanne|Ice Beam|p2a: S3x-Bird\n|-supereffective|p2a: S3x-Bird\n|-damage|p2a: S3x-Bird|0 fnt\n|faint|p2a: S3x-Bird\n|\n|upkeep\n|\n|t:|1699670431\n|switch|p2a: C1it|Cloyster, M|100\/100\n|turn|4\n|\n|t:|1699670438\n|switch|p1a: David Byrne|Tapu Koko|100\/100\n|-damage|p1a: David Byrne|88\/100|[from] Stealth Rock\n|-fieldstart|move: Electric Terrain|[from] ability: Electric Surge|[of] p1a: David Byrne\n|move|p2a: C1it|Shell Smash|p2a: C1it\n|-unboost|p2a: C1it|def|1\n|-unboost|p2a: C1it|spd|1\n|-boost|p2a: C1it|atk|2\n|-boost|p2a: C1it|spa|2\n|-boost|p2a: C1it|spe|2\n|-enditem|p1a: David Byrne|Mirror Herb\n|-boost|p1a: David Byrne|atk|2|[from] item: Mirror Herb\n|-boost|p1a: David Byrne|spa|2|[from] item: Mirror Herb\n|-boost|p1a: David Byrne|spe|2|[from] item: Mirror Herb\n|\n|upkeep\n|turn|5\n|\n|t:|1699670455\n|move|p1a: David Byrne|Thunderbolt|p2a: C1it\n|-supereffective|p2a: C1it\n|-enditem|p2a: C1it|Focus Sash\n|-damage|p2a: C1it|1\/100\n|move|p2a: C1it|Icicle Spear|p1a: David Byrne\n|-damage|p1a: David Byrne|59\/100\n|-damage|p1a: David Byrne|30\/100\n|-damage|p1a: David Byrne|3\/100\n|-damage|p1a: David Byrne|0 fnt\n|faint|p1a: David Byrne\n|-hitcount|p1: David Byrne|4\n|\n|upkeep\n|c|\u2606cunningjams|:0\n|\n|t:|1699670473\n|switch|p1a: Eddie Gordo|Quaquaval, F, shiny|100\/100\n|-damage|p1a: Eddie Gordo|94\/100|[from] Stealth Rock\n|-enditem|p1a: Eddie Gordo|Electric Seed\n|-boost|p1a: Eddie Gordo|def|1|[from] item: Electric Seed\n|turn|6\n|\n|t:|1699670484\n|move|p1a: Eddie Gordo|Aqua Jet|p2a: C1it\n|-resisted|p2a: C1it\n|-damage|p2a: C1it|0 fnt\n|faint|p2a: C1it\n|-ability|p1a: Eddie Gordo|Moxie|boost\n|-boost|p1a: Eddie Gordo|atk|1\n|\n|upkeep\n|\n|t:|1699670499\n|switch|p2a: Vibrator|Rotom-Heat|100\/100\n|turn|7\n|l| karkiarv000\n|\n|t:|1699670513\n|move|p2a: Vibrator|Volt Switch|p1a: Eddie Gordo\n|-supereffective|p1a: Eddie Gordo\n|-damage|p1a: Eddie Gordo|11\/100\n|\n|t:|1699670522\n|switch|p2a: Metal Dong|Steelix-Mega, F|4\/100|[from] Volt Switch\n|move|p1a: Eddie Gordo|Wave Crash|p2a: Metal Dong\n|-supereffective|p2a: Metal Dong\n|-damage|p2a: Metal Dong|0 fnt\n|faint|p2a: Metal Dong\n|-ability|p1a: Eddie Gordo|Moxie|boost\n|-boost|p1a: Eddie Gordo|atk|1\n|-damage|p1a: Eddie Gordo|10\/100|[from] Recoil\n|\n|upkeep\n|\n|t:|1699670531\n|switch|p2a: Vibrator|Rotom-Heat|100\/100\n|turn|8\n|\n|t:|1699670543\n|switch|p1a: Nidoanne|Nidoqueen, F|34\/100\n|-damage|p1a: Nidoanne|28\/100|[from] Stealth Rock\n|move|p2a: Vibrator|Volt Switch|p1a: Nidoanne\n|-immune|p1a: Nidoanne\n|\n|-fieldend|move: Electric Terrain\n|upkeep\n|turn|9\n|\n|t:|1699670553\n|switch|p2a: Gaygar|Gengar, M|100\/100\n|move|p1a: Nidoanne|Toxic|p2a: Gaygar\n|-immune|p2a: Gaygar\n|\n|upkeep\n|turn|10\n|\n|t:|1699670588\n|move|p2a: Gaygar|Dazzling Gleam|p1a: Nidoanne\n|-resisted|p1a: Nidoanne\n|-damage|p1a: Nidoanne|9\/100\n|-damage|p2a: Gaygar|91\/100|[from] item: Life Orb\n|move|p1a: Nidoanne|Earth Power|p2a: Gaygar\n|-supereffective|p2a: Gaygar\n|-damage|p2a: Gaygar|0 fnt\n|-start|p1a: Nidoanne|Disable|Earth Power|[from] ability: Cursed Body|[of] p2a: Gaygar\n|faint|p2a: Gaygar\n|\n|upkeep\n|\n|t:|1699670600\n|switch|p2a: AssLicker|Lucario, M|100\/100\n|turn|11\n|\n|t:|1699670608\n|move|p2a: AssLicker|Swords Dance|p2a: AssLicker\n|-boost|p2a: AssLicker|atk|2\n|move|p1a: Nidoanne|Ice Beam|p2a: AssLicker\n|-resisted|p2a: AssLicker\n|-damage|p2a: AssLicker|74\/100\n|\n|upkeep\n|turn|12\n|\n|t:|1699670616\n|move|p2a: AssLicker|Earthquake|p1a: Nidoanne\n|-supereffective|p1a: Nidoanne\n|-damage|p1a: Nidoanne|0 fnt\n|faint|p1a: Nidoanne\n|\n|upkeep\n|\n|t:|1699670682\n|switch|p1a: The Gun Show|Armarouge, M|100\/100\n|-damage|p1a: The Gun Show|76\/100|[from] Stealth Rock\n|turn|13\n|\n|t:|1699670702\n|move|p2a: AssLicker|Earthquake|p1a: The Gun Show\n|-supereffective|p1a: The Gun Show\n|-damage|p1a: The Gun Show|0 fnt\n|faint|p1a: The Gun Show\n|\n|upkeep\n|\n|t:|1699670708\n|switch|p1a: Peepee Poopoo|Pelipper, F|100\/100\n|-damage|p1a: Peepee Poopoo|76\/100|[from] Stealth Rock\n|-weather|RainDance|[from] ability: Drizzle|[of] p1a: Peepee Poopoo\n|turn|14\n|\n|t:|1699670728\n|move|p2a: AssLicker|Drain Punch|p1a: Peepee Poopoo\n|-resisted|p1a: Peepee Poopoo\n|-damage|p1a: Peepee Poopoo|46\/100\n|-heal|p2a: AssLicker|91\/100|[from] drain|[of] p1a: Peepee Poopoo\n|move|p1a: Peepee Poopoo|Hurricane|p2a: AssLicker\n|-damage|p2a: AssLicker|35\/100\n|\n|-weather|RainDance|[upkeep]\n|upkeep\n|turn|15\n|\n|t:|1699670737\n|move|p2a: AssLicker|Extreme Speed|p1a: Peepee Poopoo\n|-damage|p1a: Peepee Poopoo|7\/100\n|move|p1a: Peepee Poopoo|Hurricane|p2a: AssLicker\n|-damage|p2a: AssLicker|0 fnt\n|faint|p2a: AssLicker\n|\n|-weather|RainDance|[upkeep]\n|upkeep\n|\n|t:|1699670745\n|switch|p2a: Vibrator|Rotom-Heat|100\/100\n|turn|16\n|\n|t:|1699670752\n|move|p2a: Vibrator|Volt Switch|p1a: Peepee Poopoo\n|-supereffective|p1a: Peepee Poopoo\n|-damage|p1a: Peepee Poopoo|0 fnt\n|faint|p1a: Peepee Poopoo\n|\n|-weather|RainDance|[upkeep]\n|upkeep\n|\n|t:|1699670768\n|switch|p1a: Heracross|Heracross, F|100\/100\n|-damage|p1a: Heracross|88\/100|[from] Stealth Rock\n|turn|17\n|\n|t:|1699670777\n|detailschange|p1a: Heracross|Heracross-Mega, F\n|-mega|p1a: Heracross|Heracross|Heracronite\n|move|p2a: Vibrator|Volt Switch|p1a: Heracross\n|-damage|p1a: Heracross|60\/100\n|move|p1a: Heracross|Rock Blast|p2a: Vibrator\n|-supereffective|p2a: Vibrator\n|-damage|p2a: Vibrator|66\/100\n|-supereffective|p2a: Vibrator\n|-damage|p2a: Vibrator|35\/100\n|-supereffective|p2a: Vibrator\n|-damage|p2a: Vibrator|5\/100\n|-supereffective|p2a: Vibrator\n|-damage|p2a: Vibrator|0 fnt\n|faint|p2a: Vibrator\n|-hitcount|p2: Vibrator|4\n|\n|win|cunningjams\n|c|\u2606tmbrobber|gg\n|c|\u2606cunningjams|gg dude!\n|l|\u2606tmbrobber\n|c|\u2606cunningjams|I hope you play next season, its good to have ya in the league!\n","uploadtime":1699670822,"views":23,"p1id":"cunningjams","p2id":"tmbrobber","formatid":"gen9nationaldexubers","rating":0,"private":0,"password":""}