{"id":"gen9nationaldexubers-1993989359","p1":"Lurfyywyd","p2":"Lebronjameser123","format":"[Gen 9] National Dex Ubers","log":"|j|\u2606Lurfyywyd\n|j|\u2606Lebronjameser123\n|t:|1700389160\n|gametype|singles\n|player|p1|Lurfyywyd|2|1111\n|player|p2|Lebronjameser123|101|1060\n|teamsize|p1|6\n|teamsize|p2|6\n|gen|9\n|tier|[Gen 9] National Dex Ubers\n|rated|\n|rule|HP Percentage Mod: HP is shown in percentages\n|rule|Endless Battle Clause: Forcing endless battles is banned\n|rule|OHKO Clause: OHKO moves are banned\n|rule|Evasion Moves Clause: Evasion moves are banned\n|rule|Evasion Items Clause: Evasion items are banned\n|rule|Species Clause: Limit one of each Pok\u00e9mon\n|rule|Sleep Clause Mod: Limit one foe put to sleep\n|rule|Mega Rayquaza Clause: You cannot mega evolve Rayquaza\n|clearpoke\n|poke|p1|Dragapult, F|\n|poke|p1|Chansey, F|\n|poke|p1|Toxapex, F|\n|poke|p1|Landorus-Therian, M|\n|poke|p1|Metagross|\n|poke|p1|Weavile, M|\n|poke|p2|Blaziken, F|\n|poke|p2|Marshadow|\n|poke|p2|Dragapult, F|\n|poke|p2|Ferrothorn, M|\n|poke|p2|Regieleki|\n|poke|p2|Weavile, M|\n|teampreview\n|\n|t:|1700389165\n|start\n|switch|p1a: Dragapult|Dragapult, F|100\/100\n|switch|p2a: Ferrothorn|Ferrothorn, M|100\/100\n|turn|1\n|\n|t:|1700389172\n|move|p1a: Dragapult|Dragon Dance|p1a: Dragapult\n|-boost|p1a: Dragapult|atk|1\n|-boost|p1a: Dragapult|spe|1\n|move|p2a: Ferrothorn|Stealth Rock|p1a: Dragapult\n|-sidestart|p1: Lurfyywyd|move: Stealth Rock\n|\n|upkeep\n|turn|2\n|\n|t:|1700389177\n|move|p1a: Dragapult|Dragon Dance|p1a: Dragapult\n|-boost|p1a: Dragapult|atk|1\n|-boost|p1a: Dragapult|spe|1\n|move|p2a: Ferrothorn|Spikes|p1a: Dragapult\n|-sidestart|p1: Lurfyywyd|Spikes\n|\n|upkeep\n|turn|3\n|\n|t:|1700389182\n|move|p1a: Dragapult|Dragon Darts|p2a: Ferrothorn\n|-resisted|p2a: Ferrothorn\n|-damage|p2a: Ferrothorn|81\/100\n|-anim|p1a: Dragapult|Dragon Darts|p2a: Ferrothorn\n|-resisted|p2a: Ferrothorn\n|-damage|p2a: Ferrothorn|62\/100\n|-damage|p1a: Dragapult|91\/100|[from] item: Life Orb\n|move|p2a: Ferrothorn|Gyro Ball|p1a: Dragapult\n|-damage|p1a: Dragapult|33\/100\n|\n|upkeep\n|turn|4\n|c|\u2606Lurfyywyd|Jesus\n|\n|t:|1700389194\n|switch|p1a: Metagross|Metagross|100\/100\n|-damage|p1a: Metagross|95\/100|[from] Stealth Rock\n|-damage|p1a: Metagross|82\/100|[from] Spikes\n|move|p2a: Ferrothorn|Gyro Ball|p1a: Metagross\n|-resisted|p1a: Metagross\n|-damage|p1a: Metagross|65\/100\n|\n|upkeep\n|turn|5\n|\n|t:|1700389201\n|detailschange|p1a: Metagross|Metagross-Mega\n|-mega|p1a: Metagross|Metagross|Metagrossite\n|move|p1a: Metagross|Earthquake|p2a: Ferrothorn\n|-damage|p2a: Ferrothorn|39\/100\n|move|p2a: Ferrothorn|Spikes|p1a: Metagross\n|-sidestart|p1: Lurfyywyd|Spikes\n|\n|upkeep\n|turn|6\n|\n|t:|1700389211\n|switch|p1a: Landorus|Landorus-Therian, M|100\/100\n|-damage|p1a: Landorus|88\/100|[from] Stealth Rock\n|-ability|p1a: Landorus|Intimidate|boost\n|-unboost|p2a: Ferrothorn|atk|1\n|move|p2a: Ferrothorn|Body Press|p1a: Landorus\n|-resisted|p1a: Landorus\n|-damage|p1a: Landorus|77\/100\n|\n|-heal|p1a: Landorus|83\/100|[from] item: Leftovers\n|upkeep\n|turn|7\n|\n|t:|1700389221\n|move|p1a: Landorus|Stealth Rock|p2a: Ferrothorn\n|-sidestart|p2: Lebronjameser123|move: Stealth Rock\n|move|p2a: Ferrothorn|Spikes|p1a: Landorus\n|-sidestart|p1: Lurfyywyd|Spikes\n|\n|-heal|p1a: Landorus|89\/100|[from] item: Leftovers\n|upkeep\n|turn|8\n|\n|t:|1700389229\n|move|p1a: Landorus|Defog|p2a: Ferrothorn\n|-unboost|p2a: Ferrothorn|evasion|1\n|-sideend|p2: Lebronjameser123|Stealth Rock|[from] move: Defog|[of] p1a: Landorus\n|-sideend|p1: Lurfyywyd|Spikes|[from] move: Defog|[of] p1a: Landorus\n|-sideend|p1: Lurfyywyd|Stealth Rock|[from] move: Defog|[of] p1a: Landorus\n|move|p2a: Ferrothorn|Gyro Ball|p1a: Landorus\n|-damage|p1a: Landorus|71\/100\n|\n|-heal|p1a: Landorus|77\/100|[from] item: Leftovers\n|upkeep\n|turn|9\n|\n|t:|1700389244\n|move|p1a: Landorus|Knock Off|p2a: Ferrothorn\n|-damage|p2a: Ferrothorn|22\/100\n|-damage|p1a: Landorus|65\/100|[from] ability: Iron Barbs|[of] p2a: Ferrothorn\n|-damage|p1a: Landorus|49\/100|[from] item: Rocky Helmet|[of] p2a: Ferrothorn\n|-enditem|p2a: Ferrothorn|Rocky Helmet|[from] move: Knock Off|[of] p1a: Landorus\n|move|p2a: Ferrothorn|Gyro Ball|p1a: Landorus\n|-damage|p1a: Landorus|31\/100\n|\n|-heal|p1a: Landorus|37\/100|[from] item: Leftovers\n|upkeep\n|turn|10\n|\n|t:|1700389254\n|move|p1a: Landorus|Knock Off|p2a: Ferrothorn\n|-damage|p2a: Ferrothorn|11\/100\n|-damage|p1a: Landorus|25\/100|[from] ability: Iron Barbs|[of] p2a: Ferrothorn\n|move|p2a: Ferrothorn|Stealth Rock|p1a: Landorus\n|-sidestart|p1: Lurfyywyd|move: Stealth Rock\n|\n|-heal|p1a: Landorus|31\/100|[from] item: Leftovers\n|upkeep\n|turn|11\n|\n|t:|1700389261\n|move|p1a: Landorus|Defog|p2a: Ferrothorn\n|-unboost|p2a: Ferrothorn|evasion|1\n|-sideend|p1: Lurfyywyd|Stealth Rock|[from] move: Defog|[of] p1a: Landorus\n|move|p2a: Ferrothorn|Spikes|p1a: Landorus\n|-sidestart|p1: Lurfyywyd|Spikes\n|\n|-heal|p1a: Landorus|37\/100|[from] item: Leftovers\n|upkeep\n|turn|12\n|\n|t:|1700389268\n|move|p1a: Landorus|Knock Off|p2a: Ferrothorn\n|-damage|p2a: Ferrothorn|0 fnt\n|-damage|p1a: Landorus|25\/100|[from] ability: Iron Barbs|[of] p2a: Ferrothorn\n|faint|p2a: Ferrothorn\n|\n|-heal|p1a: Landorus|31\/100|[from] item: Leftovers\n|upkeep\n|\n|t:|1700389274\n|switch|p2a: Weavile|Weavile, M|100\/100\n|-ability|p2a: Weavile|Pressure\n|turn|13\n|\n|t:|1700389278\n|switch|p1a: Toxapex|Toxapex, F|100\/100\n|-damage|p1a: Toxapex|88\/100|[from] Spikes\n|move|p2a: Weavile|Ice Shard|p1a: Toxapex\n|-resisted|p1a: Toxapex\n|-damage|p1a: Toxapex|81\/100\n|\n|-heal|p1a: Toxapex|88\/100|[from] item: Black Sludge\n|upkeep\n|turn|14\n|\n|t:|1700389287\n|move|p2a: Weavile|Knock Off|p1a: Toxapex\n|-damage|p1a: Toxapex|56\/100\n|-enditem|p1a: Toxapex|Black Sludge|[from] move: Knock Off|[of] p2a: Weavile\n|move|p1a: Toxapex|Scald|p2a: Weavile\n|-crit|p2a: Weavile\n|-damage|p2a: Weavile|68\/100\n|\n|upkeep\n|turn|15\n|\n|t:|1700389295\n|switch|p2a: Regieleki|Regieleki|100\/100\n|move|p1a: Toxapex|Baneful Bunker||[still]\n|-fail|p1a: Toxapex\n|\n|upkeep\n|turn|16\n|\n|t:|1700389301\n|switch|p1a: Landorus|Landorus-Therian, M|31\/100\n|-ability|p1a: Landorus|Intimidate|boost\n|-unboost|p2a: Regieleki|atk|1\n|move|p2a: Regieleki|Light Screen|p2a: Regieleki\n|-sidestart|p2: Lebronjameser123|move: Light Screen\n|\n|-heal|p1a: Landorus|37\/100|[from] item: Leftovers\n|upkeep\n|turn|17\n|\n|t:|1700389308\n|move|p2a: Regieleki|Reflect|p2a: Regieleki\n|-sidestart|p2: Lebronjameser123|Reflect\n|move|p1a: Landorus|Defog|p2a: Regieleki\n|-unboost|p2a: Regieleki|evasion|1\n|-sideend|p2: Lebronjameser123|Reflect\n|-sideend|p2: Lebronjameser123|move: Light Screen\n|-sideend|p1: Lurfyywyd|Spikes|[from] move: Defog|[of] p1a: Landorus\n|\n|-heal|p1a: Landorus|43\/100|[from] item: Leftovers\n|upkeep\n|turn|18\n|\n|t:|1700389316\n|move|p2a: Regieleki|Reflect|p2a: Regieleki\n|-sidestart|p2: Lebronjameser123|Reflect\n|move|p1a: Landorus|Knock Off|p2a: Regieleki\n|-damage|p2a: Regieleki|75\/100\n|-enditem|p2a: Regieleki|Light Clay|[from] move: Knock Off|[of] p1a: Landorus\n|\n|-heal|p1a: Landorus|49\/100|[from] item: Leftovers\n|upkeep\n|turn|19\n|\n|t:|1700389322\n|move|p2a: Regieleki|Light Screen|p2a: Regieleki\n|-sidestart|p2: Lebronjameser123|move: Light Screen\n|move|p1a: Landorus|Defog|p2a: Regieleki\n|-unboost|p2a: Regieleki|evasion|1\n|-sideend|p2: Lebronjameser123|Reflect\n|-sideend|p2: Lebronjameser123|move: Light Screen\n|\n|-heal|p1a: Landorus|55\/100|[from] item: Leftovers\n|upkeep\n|turn|20\n|c|\u2606Lebronjameser123|bro\n|\n|t:|1700389329\n|switch|p2a: Weavile|Weavile, M|68\/100\n|-ability|p2a: Weavile|Pressure\n|move|p1a: Landorus|Knock Off|p2a: Weavile\n|-resisted|p2a: Weavile\n|-damage|p2a: Weavile|41\/100\n|-enditem|p2a: Weavile|Heavy-Duty Boots|[from] move: Knock Off|[of] p1a: Landorus\n|\n|-heal|p1a: Landorus|61\/100|[from] item: Leftovers\n|upkeep\n|turn|21\n|\n|t:|1700389342\n|switch|p1a: Toxapex|Toxapex, F|89\/100\n|move|p2a: Weavile|Ice Shard|p1a: Toxapex\n|-resisted|p1a: Toxapex\n|-damage|p1a: Toxapex|82\/100\n|\n|upkeep\n|turn|22\n|\n|t:|1700389355\n|switch|p2a: Dragapult|Dragapult, F|100\/100\n|move|p1a: Toxapex|Recover|p1a: Toxapex\n|-heal|p1a: Toxapex|100\/100\n|\n|upkeep\n|turn|23\n|\n|t:|1700389360\n|move|p1a: Toxapex|Baneful Bunker|p1a: Toxapex\n|-singleturn|p1a: Toxapex|move: Protect\n|move|p2a: Dragapult|Substitute|p2a: Dragapult\n|-start|p2a: Dragapult|Substitute\n|-damage|p2a: Dragapult|76\/100\n|\n|upkeep\n|turn|24\n|\n|t:|1700389366\n|move|p2a: Dragapult|Dragon Dance|p2a: Dragapult\n|-boost|p2a: Dragapult|atk|1\n|-boost|p2a: Dragapult|spe|1\n|move|p1a: Toxapex|Scald|p2a: Dragapult\n|-resisted|p2a: Dragapult\n|-activate|p2a: Dragapult|move: Substitute|[damage]\n|\n|upkeep\n|turn|25\n|\n|t:|1700389373\n|move|p2a: Dragapult|Dragon Dance|p2a: Dragapult\n|-boost|p2a: Dragapult|atk|1\n|-boost|p2a: Dragapult|spe|1\n|move|p1a: Toxapex|Scald|p2a: Dragapult\n|-resisted|p2a: Dragapult\n|-activate|p2a: Dragapult|move: Substitute|[damage]\n|\n|upkeep\n|turn|26\n|\n|t:|1700389380\n|move|p2a: Dragapult|Dragon Dance|p2a: Dragapult\n|-boost|p2a: Dragapult|atk|1\n|-boost|p2a: Dragapult|spe|1\n|move|p1a: Toxapex|Haze|p1a: Toxapex\n|-clearallboost\n|\n|upkeep\n|turn|27\n|c|\u2606Lebronjameser123|u piece of crap\n|\n|t:|1700389391\n|move|p2a: Dragapult|Dragon Darts|p1a: Toxapex\n|-damage|p1a: Toxapex|82\/100\n|-anim|p2a: Dragapult|Dragon Darts|p1a: Toxapex\n|-damage|p1a: Toxapex|65\/100\n|move|p1a: Toxapex|Scald|p2a: Dragapult\n|-resisted|p2a: Dragapult\n|-end|p2a: Dragapult|Substitute\n|\n|upkeep\n|turn|28\n|\n|t:|1700389400\n|move|p2a: Dragapult|Substitute|p2a: Dragapult\n|-start|p2a: Dragapult|Substitute\n|-damage|p2a: Dragapult|51\/100\n|move|p1a: Toxapex|Scald|p2a: Dragapult\n|-resisted|p2a: Dragapult\n|-activate|p2a: Dragapult|move: Substitute|[damage]\n|\n|upkeep\n|turn|29\n|\n|t:|1700389406\n|move|p2a: Dragapult|Dragon Dance|p2a: Dragapult\n|-boost|p2a: Dragapult|atk|1\n|-boost|p2a: Dragapult|spe|1\n|move|p1a: Toxapex|Scald|p2a: Dragapult\n|-resisted|p2a: Dragapult\n|-activate|p2a: Dragapult|move: Substitute|[damage]\n|\n|upkeep\n|turn|30\n|\n|t:|1700389412\n|move|p2a: Dragapult|Dragon Darts|p1a: Toxapex\n|-damage|p1a: Toxapex|38\/100\n|-anim|p2a: Dragapult|Dragon Darts|p1a: Toxapex\n|-damage|p1a: Toxapex|9\/100\n|move|p1a: Toxapex|Haze|p1a: Toxapex\n|-clearallboost\n|\n|upkeep\n|turn|31\n|\n|t:|1700389421\n|move|p2a: Dragapult|Dragon Darts|p1a: Toxapex\n|-damage|p1a: Toxapex|0 fnt\n|faint|p1a: Toxapex\n|\n|upkeep\n|\n|t:|1700389424\n|switch|p1a: Landorus|Landorus-Therian, M|61\/100\n|-ability|p1a: Landorus|Intimidate|boost\n|-immune|p2a: Dragapult\n|turn|32\n|\n|t:|1700389427\n|move|p2a: Dragapult|Dragon Dance|p2a: Dragapult\n|-boost|p2a: Dragapult|atk|1\n|-boost|p2a: Dragapult|spe|1\n|move|p1a: Landorus|Knock Off|p2a: Dragapult\n|-supereffective|p2a: Dragapult\n|-end|p2a: Dragapult|Substitute\n|\n|-heal|p1a: Landorus|67\/100|[from] item: Leftovers\n|upkeep\n|turn|33\n|\n|t:|1700389435\n|move|p2a: Dragapult|Dragon Darts|p1a: Landorus\n|-damage|p1a: Landorus|42\/100\n|-anim|p2a: Dragapult|Dragon Darts|p1a: Landorus\n|-damage|p1a: Landorus|17\/100\n|move|p1a: Landorus|Knock Off|p2a: Dragapult\n|-supereffective|p2a: Dragapult\n|-damage|p2a: Dragapult|0 fnt\n|-enditem|p2a: Dragapult|Focus Sash|[from] move: Knock Off|[of] p1a: Landorus\n|faint|p2a: Dragapult\n|\n|-heal|p1a: Landorus|23\/100|[from] item: Leftovers\n|upkeep\n|\n|t:|1700389446\n|switch|p2a: Weavile|Weavile, M|41\/100\n|-ability|p2a: Weavile|Pressure\n|turn|34\n|\n|t:|1700389450\n|move|p2a: Weavile|Ice Shard|p1a: Landorus\n|-supereffective|p1a: Landorus\n|-damage|p1a: Landorus|0 fnt\n|faint|p1a: Landorus\n|\n|upkeep\n|c|\u2606Lebronjameser123|finally\n|\n|t:|1700389457\n|switch|p1a: Metagross|Metagross-Mega|65\/100\n|turn|35\n|\n|t:|1700389466\n|switch|p2a: Regieleki|Regieleki|75\/100\n|move|p1a: Metagross|Bullet Punch|p2a: Regieleki\n|-resisted|p2a: Regieleki\n|-damage|p2a: Regieleki|50\/100\n|\n|upkeep\n|turn|36\n|\n|t:|1700389471\n|move|p2a: Regieleki|Reflect|p2a: Regieleki\n|-sidestart|p2: Lebronjameser123|Reflect\n|move|p1a: Metagross|Earthquake|p2a: Regieleki\n|-supereffective|p2a: Regieleki\n|-damage|p2a: Regieleki|0 fnt\n|faint|p2a: Regieleki\n|\n|upkeep\n|\n|t:|1700389477\n|switch|p2a: Blaziken|Blaziken, F|100\/100\n|turn|37\n|\n|t:|1700389484\n|detailschange|p2a: Blaziken|Blaziken-Mega, F\n|-mega|p2a: Blaziken|Blaziken|Blazikenite\n|move|p2a: Blaziken|Flare Blitz|p1a: Metagross\n|-supereffective|p1a: Metagross\n|-damage|p1a: Metagross|0 fnt\n|faint|p1a: Metagross\n|-damage|p2a: Blaziken|79\/100|[from] Recoil\n|\n|-ability|p2a: Blaziken|Speed Boost|boost\n|-boost|p2a: Blaziken|spe|1\n|upkeep\n|\n|t:|1700389488\n|switch|p1a: Dragapult|Dragapult, F|33\/100\n|turn|38\n|\n|t:|1700389498\n|move|p2a: Blaziken|Flare Blitz|p1a: Dragapult\n|-resisted|p1a: Dragapult\n|-damage|p1a: Dragapult|0 fnt\n|faint|p1a: Dragapult\n|-damage|p2a: Blaziken|68\/100|[from] Recoil\n|\n|-ability|p2a: Blaziken|Speed Boost|boost\n|-boost|p2a: Blaziken|spe|1\n|upkeep\n|\n|t:|1700389501\n|switch|p1a: Chansey|Chansey, F|100\/100\n|turn|39\n|\n|t:|1700389508\n|move|p2a: Blaziken|Close Combat|p1a: Chansey\n|-supereffective|p1a: Chansey\n|-damage|p1a: Chansey|0 fnt\n|-unboost|p2a: Blaziken|def|1\n|-unboost|p2a: Blaziken|spd|1\n|faint|p1a: Chansey\n|\n|-ability|p2a: Blaziken|Speed Boost|boost\n|-boost|p2a: Blaziken|spe|1\n|upkeep\n|c|\u2606Lurfyywyd|Gg\n|c|\u2606Lebronjameser123|EZ EZ\n|\n|t:|1700389515\n|switch|p1a: Weavile|Weavile, M|100\/100\n|-ability|p1a: Weavile|Pressure\n|turn|40\n|inactive|Battle timer is ON: inactive players will automatically lose when time's up. (requested by Lebronjameser123)\n|c|\u2606Lebronjameser123|ok ima do my homework until timer is up\n|inactive|Lurfyywyd has 120 seconds left.\n|c|\u2606Lebronjameser123|get good noob\n|\n|t:|1700389571\n|move|p2a: Blaziken|Close Combat|p1a: Weavile\n|-supereffective|p1a: Weavile\n|-damage|p1a: Weavile|0 fnt\n|-unboost|p2a: Blaziken|def|1\n|-unboost|p2a: Blaziken|spd|1\n|faint|p1a: Weavile\n|\n|win|Lebronjameser123\n|raw|Lurfyywyd's rating: 1111 &rarr; <strong>1082<\/strong><br \/>(-29 for losing)\n|raw|Lebronjameser123's rating: 1060 &rarr; <strong>1096<\/strong><br \/>(+36 for winning)\n","uploadtime":1700389550,"views":6,"p1id":"lurfyywyd","p2id":"lebronjameser123","formatid":"gen9nationaldexubers","rating":1082,"private":0,"password":""}