{"id":"gen9nationaldexubers-1986050525","p1":"Chaitanya15","p2":"hugomanXx","format":"[Gen 9] National Dex Ubers","log":"|j|\u2606Chaitanya15\n|j|\u2606hugomanXx\n|t:|1699444025\n|gametype|singles\n|player|p1|Chaitanya15|266|1413\n|player|p2|hugomanXx|youngster-gen4dp|1347\n|teamsize|p1|6\n|teamsize|p2|6\n|gen|9\n|tier|[Gen 9] National Dex Ubers\n|rated|\n|rule|HP Percentage Mod: HP is shown in percentages\n|rule|Endless Battle Clause: Forcing endless battles is banned\n|rule|OHKO Clause: OHKO moves are banned\n|rule|Evasion Moves Clause: Evasion moves are banned\n|rule|Evasion Items Clause: Evasion items are banned\n|rule|Species Clause: Limit one of each Pok\u00e9mon\n|rule|Sleep Clause Mod: Limit one foe put to sleep\n|rule|Mega Rayquaza Clause: You cannot mega evolve Rayquaza\n|clearpoke\n|poke|p1|Kingambit, F|\n|poke|p1|Basculegion, M|\n|poke|p1|Kyogre|\n|poke|p1|Flutter Mane|\n|poke|p1|Deoxys-Speed|\n|poke|p1|Groudon|\n|poke|p2|Vivillon, M|\n|poke|p2|Tyrantrum, F|\n|poke|p2|Excadrill, M|\n|poke|p2|Blastoise, M|\n|poke|p2|Luxray, M|\n|poke|p2|Zygarde|\n|teampreview\n|inactive|Battle timer is ON: inactive players will automatically lose when time's up. (requested by Chaitanya15)\n|\n|t:|1699444035\n|start\n|switch|p1a: Deoxys|Deoxys-Speed|100\/100\n|switch|p2a: Luxray|Luxray, M|100\/100\n|-ability|p1a: Deoxys|Pressure\n|turn|1\n|\n|t:|1699444042\n|move|p1a: Deoxys|Stealth Rock|p2a: Luxray\n|-sidestart|p2: hugomanXx|move: Stealth Rock\n|move|p2a: Luxray|Trailblaze|p1a: Deoxys\n|-damage|p1a: Deoxys|78\/100\n|-boost|p2a: Luxray|spe|1\n|\n|-status|p2a: Luxray|brn|[from] item: Flame Orb\n|upkeep\n|turn|2\n|\n|t:|1699444059\n|switch|p1a: Groudon|Groudon|100\/100\n|detailschange|p1a: Groudon|Groudon-Primal\n|-primal|p1a: Groudon|Red Orb\n|-weather|DesolateLand|[from] ability: Desolate Land|[of] p1a: Groudon\n|move|p2a: Luxray|Ice Fang|p1a: Groudon\n|-damage|p1a: Groudon|80\/100\n|\n|-weather|DesolateLand|[upkeep]\n|-damage|p2a: Luxray|95\/100 brn|[from] brn\n|upkeep\n|turn|3\n|\n|t:|1699444073\n|move|p2a: Luxray|Ice Fang|p1a: Groudon\n|-damage|p1a: Groudon|57\/100\n|move|p1a: Groudon|Precipice Blades|p2a: Luxray\n|-supereffective|p2a: Luxray\n|-damage|p2a: Luxray|0 fnt\n|faint|p2a: Luxray\n|\n|-weather|DesolateLand|[upkeep]\n|upkeep\n|\n|t:|1699444080\n|switch|p2a: Excadrill|Excadrill, M|100\/100\n|-damage|p2a: Excadrill|97\/100|[from] Stealth Rock\n|turn|4\n|\n|t:|1699444092\n|-weather|none\n|switch|p1a: Deoxys|Deoxys-Speed|78\/100\n|-ability|p1a: Deoxys|Pressure\n|-terastallize|p2a: Excadrill|Flying\n|move|p2a: Excadrill|Rapid Spin|p1a: Deoxys\n|-damage|p1a: Deoxys|49\/100\n|-boost|p2a: Excadrill|spe|1\n|-sideend|p2: hugomanXx|Stealth Rock|[from] move: Rapid Spin|[of] p2a: Excadrill\n|\n|upkeep\n|turn|5\n|\n|t:|1699444106\n|move|p1a: Deoxys|Psychic|p2a: Excadrill\n|-damage|p2a: Excadrill|61\/100\n|move|p2a: Excadrill|Rapid Spin|p1a: Deoxys\n|-damage|p1a: Deoxys|22\/100\n|-boost|p2a: Excadrill|spe|1\n|\n|upkeep\n|turn|6\n|\n|t:|1699444114\n|move|p2a: Excadrill|Iron Head|p1a: Deoxys\n|-damage|p1a: Deoxys|0 fnt\n|faint|p1a: Deoxys\n|\n|upkeep\n|\n|t:|1699444120\n|switch|p1a: Flutter Mane|Flutter Mane|100\/100\n|-enditem|p1a: Flutter Mane|Booster Energy\n|-activate|p1a: Flutter Mane|ability: Protosynthesis|[fromitem]\n|-start|p1a: Flutter Mane|protosynthesisspe\n|turn|7\n|\n|t:|1699444127\n|move|p1a: Flutter Mane|Moonblast|p2a: Excadrill\n|-damage|p2a: Excadrill|0 fnt\n|faint|p2a: Excadrill\n|\n|upkeep\n|\n|t:|1699444137\n|switch|p2a: Blastoise|Blastoise, M|100\/100\n|turn|8\n|\n|t:|1699444141\n|detailschange|p2a: Blastoise|Blastoise-Mega, M\n|-mega|p2a: Blastoise|Blastoise|Blastoisinite\n|move|p1a: Flutter Mane|Moonblast|p2a: Blastoise\n|-damage|p2a: Blastoise|46\/100\n|move|p2a: Blastoise|Surf|p1a: Flutter Mane\n|-damage|p1a: Flutter Mane|40\/100\n|\n|upkeep\n|turn|9\n|\n|t:|1699444150\n|move|p1a: Flutter Mane|Moonblast|p2a: Blastoise\n|-damage|p2a: Blastoise|0 fnt\n|faint|p2a: Blastoise\n|\n|upkeep\n|\n|t:|1699444154\n|switch|p2a: Tyrantrum|Tyrantrum, F|100\/100\n|turn|10\n|\n|t:|1699444159\n|move|p1a: Flutter Mane|Moonblast|p2a: Tyrantrum\n|-supereffective|p2a: Tyrantrum\n|-damage|p2a: Tyrantrum|0 fnt\n|faint|p2a: Tyrantrum\n|\n|upkeep\n|\n|t:|1699444162\n|switch|p2a: Zygarde|Zygarde|100\/100\n|turn|11\n|\n|t:|1699444167\n|move|p1a: Flutter Mane|Moonblast|p2a: Zygarde\n|-supereffective|p2a: Zygarde\n|-damage|p2a: Zygarde|0 fnt\n|faint|p2a: Zygarde\n|\n|upkeep\n|\n|t:|1699444170\n|switch|p2a: Vivillon|Vivillon, M|100\/100\n|turn|12\n|\n|t:|1699444175\n|move|p1a: Flutter Mane|Mystical Fire|p2a: Vivillon\n|-supereffective|p2a: Vivillon\n|-damage|p2a: Vivillon|0 fnt\n|faint|p2a: Vivillon\n|\n|win|Chaitanya15\n|raw|Chaitanya15's rating: 1413 &rarr; <strong>1429<\/strong><br \/>(+16 for winning)\n|raw|hugomanXx's rating: 1347 &rarr; <strong>1331<\/strong><br \/>(-16 for losing)\n|l|\u2606hugomanXx\n","uploadtime":1699444184,"views":5,"p1id":"chaitanya15","p2id":"hugomanxx","formatid":"gen9nationaldexubers","rating":1331,"private":0,"password":""}