{"id":"gen9nationaldexubers-1999525996","p1":"PANDODEEEEZ","p2":"pickelate","format":"[Gen 9] National Dex Ubers","log":"|j|\u2606PANDODEEEEZ\n|j|\u203dpickelate\n|t:|1701092572\n|gametype|singles\n|player|p1|PANDODEEEEZ|lusamine-nihilego|1302\n|player|p2|pickelate|hiker-gen4|1315\n|teamsize|p1|6\n|teamsize|p2|6\n|gen|9\n|tier|[Gen 9] National Dex Ubers\n|rated|\n|rule|HP Percentage Mod: HP is shown in percentages\n|rule|Endless Battle Clause: Forcing endless battles is banned\n|rule|OHKO Clause: OHKO moves are banned\n|rule|Evasion Moves Clause: Evasion moves are banned\n|rule|Evasion Items Clause: Evasion items are banned\n|rule|Species Clause: Limit one of each Pok\u00e9mon\n|rule|Sleep Clause Mod: Limit one foe put to sleep\n|rule|Mega Rayquaza Clause: You cannot mega evolve Rayquaza\n|clearpoke\n|poke|p1|Golem-Alola, M|\n|poke|p1|Gliscor, F|\n|poke|p1|Aegislash, M|\n|poke|p1|Palkia-Origin|\n|poke|p1|Rayquaza|\n|poke|p1|Arceus-Water|\n|poke|p2|Baxcalibur, M|\n|poke|p2|Grimmsnarl, M|\n|poke|p2|Ferrothorn, F|\n|poke|p2|Volcarona, F|\n|poke|p2|Gliscor, M|\n|poke|p2|Garganacl, M|\n|teampreview\n|inactive|Battle timer is ON: inactive players will automatically lose when time's up. (requested by PANDODEEEEZ)\n|\n|t:|1701092593\n|start\n|switch|p1a: Rayquaza|Rayquaza|100\/100\n|switch|p2a: Grimmsnarl|Grimmsnarl, M, shiny|100\/100\n|-ability|p1a: Rayquaza|Air Lock\n|turn|1\n|\n|t:|1701092597\n|move|p2a: Grimmsnarl|Taunt|p1a: Rayquaza\n|-start|p1a: Rayquaza|move: Taunt\n|cant|p1a: Rayquaza|move: Taunt|Swords Dance\n|\n|upkeep\n|turn|2\n|\n|t:|1701092602\n|move|p2a: Grimmsnarl|Reflect|p2a: Grimmsnarl\n|-sidestart|p2: pickelate|Reflect\n|move|p1a: Rayquaza|Dragon Ascent|p2a: Grimmsnarl\n|-damage|p2a: Grimmsnarl|58\/100\n|-unboost|p1a: Rayquaza|def|1\n|-unboost|p1a: Rayquaza|spd|1\n|\n|upkeep\n|turn|3\n|\n|t:|1701092611\n|switch|p1a: Venture|Aegislash, M|100\/100\n|move|p2a: Grimmsnarl|Light Screen|p2a: Grimmsnarl\n|-sidestart|p2: pickelate|move: Light Screen\n|\n|upkeep\n|turn|4\n|\n|t:|1701092617\n|switch|p1a: Gamble|Gliscor, F|100\/100\n|move|p2a: Grimmsnarl|Parting Shot|p1a: Gamble\n|-unboost|p1a: Gamble|atk|1\n|-unboost|p1a: Gamble|spa|1\n|\n|t:|1701092633\n|switch|p2a: Garganacl|Garganacl, M|100\/100|[from] Parting Shot\n|\n|-status|p1a: Gamble|tox|[from] item: Toxic Orb\n|upkeep\n|turn|5\n|\n|t:|1701092640\n|move|p1a: Gamble|Stealth Rock|p2a: Garganacl\n|-sidestart|p2: pickelate|move: Stealth Rock\n|move|p2a: Garganacl|Iron Defense|p2a: Garganacl\n|-boost|p2a: Garganacl|def|2\n|\n|upkeep\n|turn|6\n|\n|t:|1701092646\n|switch|p1a: Arceus|Arceus-Water|100\/100\n|move|p2a: Garganacl|Iron Defense|p2a: Garganacl\n|-boost|p2a: Garganacl|def|2\n|\n|upkeep\n|turn|7\n|\n|t:|1701092652\n|move|p1a: Arceus|Whirlpool|p2a: Garganacl\n|-supereffective|p2a: Garganacl\n|-damage|p2a: Garganacl|90\/100\n|-activate|p2a: Garganacl|move: Whirlpool|[of] p1a: Arceus\n|move|p2a: Garganacl|Body Press|p1a: Arceus\n|-damage|p1a: Arceus|66\/100\n|\n|-heal|p2a: Garganacl|96\/100|[from] item: Leftovers\n|-damage|p2a: Garganacl|84\/100|[from] move: Whirlpool|[partiallytrapped]\n|upkeep\n|turn|8\n|\n|t:|1701092659\n|move|p1a: Arceus|Toxic|p2a: Garganacl|[miss]\n|-miss|p1a: Arceus|p2a: Garganacl\n|move|p2a: Garganacl|Salt Cure|p1a: Arceus\n|-crit|p1a: Arceus\n|-damage|p1a: Arceus|55\/100\n|-start|p1a: Arceus|Salt Cure\n|\n|-heal|p2a: Garganacl|90\/100|[from] item: Leftovers\n|-damage|p1a: Arceus|30\/100|[from] Salt Cure\n|-damage|p2a: Garganacl|77\/100|[from] move: Whirlpool|[partiallytrapped]\n|upkeep\n|turn|9\n|\n|t:|1701092664\n|move|p1a: Arceus|Recover|p1a: Arceus\n|-heal|p1a: Arceus|80\/100\n|move|p2a: Garganacl|Iron Defense|p2a: Garganacl\n|-boost|p2a: Garganacl|def|2\n|\n|-heal|p2a: Garganacl|84\/100|[from] item: Leftovers\n|-damage|p1a: Arceus|55\/100|[from] Salt Cure\n|-damage|p2a: Garganacl|71\/100|[from] move: Whirlpool|[partiallytrapped]\n|-sideend|p2: pickelate|Reflect\n|upkeep\n|turn|10\n|\n|t:|1701092670\n|switch|p1a: Palkia|Palkia-Origin|100\/100\n|-ability|p1a: Palkia|Pressure\n|move|p2a: Garganacl|Body Press|p1a: Palkia\n|-damage|p1a: Palkia|7\/100\n|\n|-heal|p2a: Garganacl|77\/100|[from] item: Leftovers\n|-end|p2a: Garganacl|Whirlpool|[partiallytrapped]|[silent]\n|-sideend|p2: pickelate|move: Light Screen\n|upkeep\n|turn|11\n|\n|t:|1701092681\n|-terastallize|p1a: Palkia|Water\n|move|p1a: Palkia|Hydro Pump|p2a: Garganacl\n|-supereffective|p2a: Garganacl\n|-damage|p2a: Garganacl|0 fnt\n|faint|p2a: Garganacl\n|\n|upkeep\n|\n|t:|1701092685\n|switch|p2a: Ferrothorn|Ferrothorn, F|100\/100\n|-damage|p2a: Ferrothorn|94\/100|[from] Stealth Rock\n|turn|12\n|\n|t:|1701092691\n|move|p1a: Palkia|Hydro Pump|p2a: Ferrothorn\n|-resisted|p2a: Ferrothorn\n|-damage|p2a: Ferrothorn|64\/100\n|move|p2a: Ferrothorn|Leech Seed|p1a: Palkia\n|-start|p1a: Palkia|move: Leech Seed\n|\n|-heal|p2a: Ferrothorn|70\/100|[from] item: Leftovers\n|-damage|p1a: Palkia|0 fnt|[from] Leech Seed|[of] p2a: Ferrothorn\n|-heal|p2a: Ferrothorn|75\/100|[silent]\n|faint|p1a: Palkia\n|upkeep\n|\n|t:|1701092703\n|switch|p1a: Rayquaza|Rayquaza|100\/100\n|-ability|p1a: Rayquaza|Air Lock\n|turn|13\n|\n|t:|1701092708\n|move|p1a: Rayquaza|Swords Dance|p1a: Rayquaza\n|-boost|p1a: Rayquaza|atk|2\n|move|p2a: Ferrothorn|Leech Seed|p1a: Rayquaza\n|-start|p1a: Rayquaza|move: Leech Seed\n|\n|-heal|p2a: Ferrothorn|82\/100|[from] item: Leftovers\n|-damage|p1a: Rayquaza|88\/100|[from] Leech Seed|[of] p2a: Ferrothorn\n|-heal|p2a: Ferrothorn|94\/100|[silent]\n|upkeep\n|turn|14\n|\n|t:|1701092714\n|switch|p2a: Gliscor|Gliscor, M|100\/100\n|-damage|p2a: Gliscor|88\/100|[from] Stealth Rock\n|move|p1a: Rayquaza|Swords Dance|p1a: Rayquaza\n|-boost|p1a: Rayquaza|atk|2\n|\n|-damage|p1a: Rayquaza|76\/100|[from] Leech Seed|[of] p2a: Gliscor\n|-heal|p2a: Gliscor|99\/100|[silent]\n|-status|p2a: Gliscor|tox|[from] item: Toxic Orb\n|upkeep\n|turn|15\n|\n|t:|1701092719\n|move|p1a: Rayquaza|Dragon Ascent|p2a: Gliscor\n|-damage|p2a: Gliscor|0 fnt\n|-unboost|p1a: Rayquaza|def|1\n|-unboost|p1a: Rayquaza|spd|1\n|faint|p2a: Gliscor\n|\n|upkeep\n|\n|t:|1701092725\n|switch|p2a: Grimmsnarl|Grimmsnarl, M, shiny|58\/100\n|-damage|p2a: Grimmsnarl|45\/100|[from] Stealth Rock\n|turn|16\n|\n|t:|1701092728\n|move|p1a: Rayquaza|Extreme Speed|p2a: Grimmsnarl\n|-damage|p2a: Grimmsnarl|0 fnt\n|faint|p2a: Grimmsnarl\n|\n|upkeep\n|\n|t:|1701092732\n|switch|p2a: Ferrothorn|Ferrothorn, F|94\/100\n|-damage|p2a: Ferrothorn|88\/100|[from] Stealth Rock\n|turn|17\n|\n|t:|1701092736\n|move|p2a: Ferrothorn|Protect|p2a: Ferrothorn\n|-singleturn|p2a: Ferrothorn|Protect\n|move|p1a: Rayquaza|Dragon Ascent|p2a: Ferrothorn\n|-activate|p2a: Ferrothorn|move: Protect\n|\n|-heal|p2a: Ferrothorn|94\/100|[from] item: Leftovers\n|-damage|p1a: Rayquaza|64\/100|[from] Leech Seed|[of] p2a: Ferrothorn\n|-heal|p2a: Ferrothorn|100\/100|[silent]\n|upkeep\n|turn|18\n|\n|t:|1701092740\n|move|p1a: Rayquaza|Dragon Ascent|p2a: Ferrothorn\n|-damage|p2a: Ferrothorn|0 fnt\n|-unboost|p1a: Rayquaza|def|1\n|-unboost|p1a: Rayquaza|spd|1\n|-damage|p1a: Rayquaza|51\/100|[from] ability: Iron Barbs|[of] p2a: Ferrothorn\n|faint|p2a: Ferrothorn\n|\n|upkeep\n|\n|t:|1701092744\n|switch|p2a: Baxcalibur|Baxcalibur, M|100\/100\n|-damage|p2a: Baxcalibur|76\/100|[from] Stealth Rock\n|turn|19\n|\n|t:|1701092750\n|move|p2a: Baxcalibur|Ice Shard|p1a: Rayquaza\n|-supereffective|p1a: Rayquaza\n|-damage|p1a: Rayquaza|0 fnt\n|faint|p1a: Rayquaza\n|\n|upkeep\n|\n|t:|1701092760\n|switch|p1a: Venture|Aegislash, M|100\/100\n|turn|20\n|\n|t:|1701092765\n|move|p2a: Baxcalibur|Dragon Dance|p2a: Baxcalibur\n|-boost|p2a: Baxcalibur|atk|1\n|-boost|p2a: Baxcalibur|spe|1\n|move|p1a: Venture|Toxic|p2a: Baxcalibur\n|-status|p2a: Baxcalibur|tox\n|\n|-damage|p2a: Baxcalibur|70\/100 tox|[from] psn\n|upkeep\n|turn|21\n|\n|t:|1701092777\n|move|p1a: Venture|King's Shield|p1a: Venture\n|-singleturn|p1a: Venture|Protect\n|move|p2a: Baxcalibur|Dragon Dance|p2a: Baxcalibur\n|-boost|p2a: Baxcalibur|atk|1\n|-boost|p2a: Baxcalibur|spe|1\n|\n|-damage|p2a: Baxcalibur|57\/100 tox|[from] psn\n|upkeep\n|turn|22\n|\n|t:|1701092780\n|move|p2a: Baxcalibur|Glaive Rush|p1a: Venture\n|-resisted|p1a: Venture\n|-damage|p1a: Venture|41\/100\n|-singlemove|p2a: Baxcalibur|Glaive Rush|[silent]\n|move|p1a: Venture|Substitute|p1a: Venture\n|-start|p1a: Venture|Substitute\n|-damage|p1a: Venture|16\/100\n|\n|-heal|p1a: Venture|22\/100|[from] item: Leftovers\n|-damage|p2a: Baxcalibur|39\/100 tox|[from] psn\n|upkeep\n|turn|23\n|\n|t:|1701092785\n|move|p1a: Venture|King's Shield|p1a: Venture\n|-singleturn|p1a: Venture|Protect\n|move|p2a: Baxcalibur|Icicle Spear|p1a: Venture\n|-activate|p1a: Venture|move: Protect\n|\n|-heal|p1a: Venture|29\/100|[from] item: Leftovers\n|-damage|p2a: Baxcalibur|14\/100 tox|[from] psn\n|upkeep\n|turn|24\n|\n|t:|1701092788\n|-formechange|p1a: Venture|Aegislash-Blade||[from] ability: Stance Change\n|move|p1a: Venture|Shadow Sneak|p2a: Baxcalibur\n|-crit|p2a: Baxcalibur\n|-damage|p2a: Baxcalibur|0 fnt\n|faint|p2a: Baxcalibur\n|\n|-heal|p1a: Venture|35\/100|[from] item: Leftovers\n|upkeep\n|\n|t:|1701092791\n|switch|p2a: Volcarona|Volcarona, F|100\/100\n|turn|25\n|\n|t:|1701092796\n|move|p2a: Volcarona|Quiver Dance|p2a: Volcarona\n|-boost|p2a: Volcarona|spa|1\n|-boost|p2a: Volcarona|spd|1\n|-boost|p2a: Volcarona|spe|1\n|move|p1a: Venture|Toxic|p2a: Volcarona\n|-status|p2a: Volcarona|tox\n|\n|-heal|p1a: Venture|41\/100|[from] item: Leftovers\n|-damage|p2a: Volcarona|94\/100 tox|[from] psn\n|upkeep\n|turn|26\n|\n|t:|1701092801\n|-formechange|p1a: Venture|Aegislash||[from] ability: Stance Change\n|move|p1a: Venture|King's Shield|p1a: Venture\n|-singleturn|p1a: Venture|Protect\n|move|p2a: Volcarona|Quiver Dance|p2a: Volcarona\n|-boost|p2a: Volcarona|spa|1\n|-boost|p2a: Volcarona|spd|1\n|-boost|p2a: Volcarona|spe|1\n|\n|-heal|p1a: Venture|47\/100|[from] item: Leftovers\n|-damage|p2a: Volcarona|82\/100 tox|[from] psn\n|upkeep\n|turn|27\n|\n|t:|1701092805\n|-formechange|p1a: Venture|Aegislash-Blade||[from] ability: Stance Change\n|move|p1a: Venture|Shadow Sneak|p2a: Volcarona\n|-damage|p2a: Volcarona|52\/100 tox\n|move|p2a: Volcarona|Flamethrower|p1a: Venture\n|-supereffective|p1a: Venture\n|-end|p1a: Venture|Substitute\n|\n|-heal|p1a: Venture|53\/100|[from] item: Leftovers\n|-damage|p2a: Volcarona|34\/100 tox|[from] psn\n|upkeep\n|turn|28\n|\n|t:|1701092810\n|-formechange|p1a: Venture|Aegislash||[from] ability: Stance Change\n|move|p1a: Venture|King's Shield|p1a: Venture\n|-singleturn|p1a: Venture|Protect\n|move|p2a: Volcarona|Flamethrower|p1a: Venture\n|-activate|p1a: Venture|move: Protect\n|\n|-heal|p1a: Venture|60\/100|[from] item: Leftovers\n|-damage|p2a: Volcarona|10\/100 tox|[from] psn\n|upkeep\n|turn|29\n|\n|t:|1701092813\n|-formechange|p1a: Venture|Aegislash-Blade||[from] ability: Stance Change\n|move|p1a: Venture|Shadow Sneak|p2a: Volcarona\n|-damage|p2a: Volcarona|0 fnt\n|faint|p2a: Volcarona\n|\n|win|PANDODEEEEZ\n|raw|PANDODEEEEZ's rating: 1302 &rarr; <strong>1323<\/strong><br \/>(+21 for winning)\n|raw|pickelate's rating: 1315 &rarr; <strong>1294<\/strong><br \/>(-21 for losing)\n","uploadtime":1701092817,"views":1,"p1id":"pandodeeeez","p2id":"pickelate","formatid":"gen9nationaldexubers","rating":1294,"private":0,"password":""}