{"id":"gen9nationaldexubers-1996677212","p1":"Snorkle Porkle","p2":"TheOfficialSlade","format":"[Gen 9] National Dex Ubers","log":"|j|\u2606Snorkle Porkle\n|j|\u2606TheOfficialSlade\n|t:|1700708489\n|gametype|singles\n|player|p1|Snorkle Porkle|170|\n|player|p2|TheOfficialSlade|shadowtriad|\n|teamsize|p1|6\n|teamsize|p2|6\n|gen|9\n|tier|[Gen 9] National Dex Ubers\n|rule|HP Percentage Mod: HP is shown in percentages\n|rule|Endless Battle Clause: Forcing endless battles is banned\n|rule|OHKO Clause: OHKO moves are banned\n|rule|Evasion Moves Clause: Evasion moves are banned\n|rule|Evasion Items Clause: Evasion items are banned\n|rule|Species Clause: Limit one of each Pok\u00e9mon\n|rule|Sleep Clause Mod: Limit one foe put to sleep\n|rule|Mega Rayquaza Clause: You cannot mega evolve Rayquaza\n|clearpoke\n|poke|p1|Drapion, M|\n|poke|p1|Talonflame, M|\n|poke|p1|Basculegion-F, F|\n|poke|p1|Garchomp, M|\n|poke|p1|Tapu Koko|\n|poke|p1|Metagross|\n|poke|p2|Zoroark-Hisui, M|\n|poke|p2|Espeon, F|\n|poke|p2|Togekiss, M|\n|poke|p2|Ferrothorn, M|\n|poke|p2|Ampharos, F|\n|poke|p2|Rhyperior, F|\n|teampreview\n|\n|t:|1700708513\n|start\n|switch|p1a: The Claaawwwww|Drapion, M|100\/100\n|switch|p2a: Ferrothorn|Ferrothorn, M|100\/100\n|turn|1\n|j| landlord79\n|j| usagi the weeb\n|\n|t:|1700708581\n|move|p1a: The Claaawwwww|Crunch|p2a: Ferrothorn\n|-damage|p2a: Ferrothorn|85\/100\n|-damage|p1a: The Claaawwwww|88\/100|[from] ability: Iron Barbs|[of] p2a: Ferrothorn\n|-damage|p1a: The Claaawwwww|71\/100|[from] item: Rocky Helmet|[of] p2a: Ferrothorn\n|move|p2a: Ferrothorn|Stealth Rock|p1a: The Claaawwwww\n|-sidestart|p1: Snorkle Porkle|move: Stealth Rock\n|\n|upkeep\n|turn|2\n|\n|t:|1700708594\n|switch|p1a: The Brave Bird|Talonflame, M|100\/100\n|move|p2a: Ferrothorn|Leech Seed|p1a: The Brave Bird\n|-start|p1a: The Brave Bird|move: Leech Seed\n|\n|-damage|p1a: The Brave Bird|88\/100|[from] Leech Seed|[of] p2a: Ferrothorn\n|-heal|p2a: Ferrothorn|98\/100|[silent]\n|upkeep\n|turn|3\n|\n|t:|1700708605\n|switch|p2a: Rhyperior|Rhyperior, F|100\/100\n|move|p1a: The Brave Bird|Flamethrower|p2a: Rhyperior\n|-resisted|p2a: Rhyperior\n|-damage|p2a: Rhyperior|84\/100\n|\n|-damage|p1a: The Brave Bird|75\/100|[from] Leech Seed|[of] p2a: Rhyperior\n|-heal|p2a: Rhyperior|96\/100|[silent]\n|upkeep\n|turn|4\n|\n|t:|1700708621\n|move|p1a: The Brave Bird|U-turn|p2a: Rhyperior\n|-damage|p2a: Rhyperior|88\/100\n|\n|t:|1700708625\n|switch|p1a: AQUA...Woman?|Basculegion-F, F, shiny|100\/100|[from] U-turn\n|-damage|p1a: AQUA...Woman?|88\/100|[from] Stealth Rock\n|move|p2a: Rhyperior|Megahorn|p1a: AQUA...Woman?\n|-resisted|p1a: AQUA...Woman?\n|-damage|p1a: AQUA...Woman?|58\/100\n|\n|upkeep\n|turn|5\n|\n|t:|1700708649\n|switch|p2a: Ferrothorn|Ferrothorn, M|98\/100\n|move|p1a: AQUA...Woman?|Flip Turn|p2a: Ferrothorn\n|-resisted|p2a: Ferrothorn\n|-damage|p2a: Ferrothorn|91\/100\n|-damage|p1a: AQUA...Woman?|46\/100|[from] ability: Iron Barbs|[of] p2a: Ferrothorn\n|-damage|p1a: AQUA...Woman?|29\/100|[from] item: Rocky Helmet|[of] p2a: Ferrothorn\n|\n|t:|1700708657\n|switch|p1a: The Brave Bird|Talonflame, M|75\/100|[from] Flip Turn\n|\n|upkeep\n|turn|6\n|\n|t:|1700708667\n|switch|p2a: Rhyperior|Rhyperior, F|88\/100\n|move|p1a: The Brave Bird|Roost|p1a: The Brave Bird\n|-heal|p1a: The Brave Bird|100\/100\n|-singleturn|p1a: The Brave Bird|move: Roost\n|\n|upkeep\n|turn|7\n|\n|t:|1700708685\n|move|p1a: The Brave Bird|U-turn|p2a: Rhyperior\n|-damage|p2a: Rhyperior|78\/100\n|\n|t:|1700708702\n|switch|p1a: Just A Dolphin|Garchomp, M|100\/100|[from] U-turn\n|-damage|p1a: Just A Dolphin|94\/100|[from] Stealth Rock\n|move|p2a: Rhyperior|Stone Edge|p1a: Just A Dolphin\n|-resisted|p1a: Just A Dolphin\n|-damage|p1a: Just A Dolphin|53\/100\n|\n|upkeep\n|turn|8\n|\n|t:|1700708718\n|switch|p2a: Togekiss|Togekiss, M|100\/100\n|move|p1a: Just A Dolphin|Earthquake|p2a: Togekiss\n|-immune|p2a: Togekiss\n|\n|upkeep\n|turn|9\n|\n|t:|1700708728\n|switch|p1a: Buried Treasure|Metagross, shiny|100\/100\n|-damage|p1a: Buried Treasure|94\/100|[from] Stealth Rock\n|move|p2a: Togekiss|Defog|p1a: Buried Treasure\n|-fail|p1a: Buried Treasure|unboost|[from] ability: Clear Body|[of] p1a: Buried Treasure\n|-sideend|p1: Snorkle Porkle|Stealth Rock|[from] move: Defog|[of] p2a: Togekiss\n|\n|upkeep\n|turn|10\n|\n|t:|1700708740\n|switch|p2a: Ferrothorn|Ferrothorn, M|91\/100\n|move|p1a: Buried Treasure|Meteor Mash|p2a: Ferrothorn\n|-resisted|p2a: Ferrothorn\n|-damage|p2a: Ferrothorn|79\/100\n|-damage|p1a: Buried Treasure|82\/100|[from] ability: Iron Barbs|[of] p2a: Ferrothorn\n|-damage|p1a: Buried Treasure|66\/100|[from] item: Rocky Helmet|[of] p2a: Ferrothorn\n|\n|upkeep\n|turn|11\n|\n|t:|1700708772\n|move|p1a: Buried Treasure|Hammer Arm|p2a: Ferrothorn\n|-supereffective|p2a: Ferrothorn\n|-damage|p2a: Ferrothorn|43\/100\n|-unboost|p1a: Buried Treasure|spe|1\n|-damage|p1a: Buried Treasure|53\/100|[from] ability: Iron Barbs|[of] p2a: Ferrothorn\n|-damage|p1a: Buried Treasure|37\/100|[from] item: Rocky Helmet|[of] p2a: Ferrothorn\n|move|p2a: Ferrothorn|Stealth Rock|p1a: Buried Treasure\n|-sidestart|p1: Snorkle Porkle|move: Stealth Rock\n|\n|upkeep\n|turn|12\n|\n|t:|1700708792\n|switch|p2a: Togekiss|Togekiss, M|100\/100\n|move|p1a: Buried Treasure|Earthquake|p2a: Togekiss\n|-immune|p2a: Togekiss\n|\n|upkeep\n|turn|13\n|\n|t:|1700708803\n|move|p2a: Togekiss|Thunder Wave|p1a: Buried Treasure\n|-status|p1a: Buried Treasure|par\n|move|p1a: Buried Treasure|Meteor Mash|p2a: Togekiss\n|-supereffective|p2a: Togekiss\n|-damage|p2a: Togekiss|29\/100\n|\n|upkeep\n|turn|14\n|\n|t:|1700708832\n|move|p1a: Buried Treasure|Bullet Punch|p2a: Togekiss\n|-supereffective|p2a: Togekiss\n|-damage|p2a: Togekiss|0 fnt\n|faint|p2a: Togekiss\n|\n|upkeep\n|\n|t:|1700708852\n|switch|p2a: Espeon|Espeon, F|100\/100\n|turn|15\n|\n|t:|1700708862\n|cant|p1a: Buried Treasure|par\n|move|p2a: Espeon|Shadow Ball|p1a: Buried Treasure\n|-supereffective|p1a: Buried Treasure\n|-damage|p1a: Buried Treasure|0 fnt\n|faint|p1a: Buried Treasure\n|\n|upkeep\n|\n|t:|1700708870\n|switch|p1a: The Claaawwwww|Drapion, M|71\/100\n|-damage|p1a: The Claaawwwww|59\/100|[from] Stealth Rock\n|turn|16\n|\n|t:|1700708876\n|-activate|p2a: Espeon|move: Pursuit\n|move|p1a: The Claaawwwww|Pursuit|p2a: Espeon|[from]Pursuit\n|-supereffective|p2a: Espeon\n|-damage|p2a: Espeon|2\/100\n|replace|p2a: Zoroark|Zoroark-Hisui, M, shiny\n|-end|p2a: Zoroark|Illusion\n|switch|p2a: Ferrothorn|Ferrothorn, M|43\/100\n|-terastallize|p1a: The Claaawwwww|Dark\n|\n|upkeep\n|turn|17\n|\n|t:|1700708937\n|switch|p1a: The Brave Bird|Talonflame, M|100\/100\n|move|p2a: Ferrothorn|Leech Seed|p1a: The Brave Bird\n|-start|p1a: The Brave Bird|move: Leech Seed\n|\n|-damage|p1a: The Brave Bird|88\/100|[from] Leech Seed|[of] p2a: Ferrothorn\n|-heal|p2a: Ferrothorn|56\/100|[silent]\n|upkeep\n|turn|18\n|\n|t:|1700708946\n|switch|p2a: Rhyperior|Rhyperior, F|78\/100\n|move|p1a: The Brave Bird|Air Slash|p2a: Rhyperior\n|-resisted|p2a: Rhyperior\n|-damage|p2a: Rhyperior|64\/100\n|\n|-damage|p1a: The Brave Bird|75\/100|[from] Leech Seed|[of] p2a: Rhyperior\n|-heal|p2a: Rhyperior|77\/100|[silent]\n|upkeep\n|turn|19\n|\n|t:|1700708964\n|move|p1a: The Brave Bird|U-turn|p2a: Rhyperior\n|-damage|p2a: Rhyperior|67\/100\n|\n|t:|1700708978\n|switch|p1a: Just A Dolphin|Garchomp, M|53\/100|[from] U-turn\n|-damage|p1a: Just A Dolphin|47\/100|[from] Stealth Rock\n|move|p2a: Rhyperior|Stone Edge|p1a: Just A Dolphin|[miss]\n|-miss|p2a: Rhyperior|p1a: Just A Dolphin\n|\n|upkeep\n|turn|20\n|\n|t:|1700708990\n|move|p1a: Just A Dolphin|Earthquake|p2a: Rhyperior\n|-supereffective|p2a: Rhyperior\n|-damage|p2a: Rhyperior|0 fnt\n|faint|p2a: Rhyperior\n|-damage|p1a: Just A Dolphin|37\/100|[from] item: Life Orb\n|\n|upkeep\n|\n|t:|1700708998\n|switch|p2a: Ampharos|Ampharos, F|100\/100\n|turn|21\n|\n|t:|1700709006\n|move|p1a: Just A Dolphin|Earthquake|p2a: Ampharos\n|-supereffective|p2a: Ampharos\n|-damage|p2a: Ampharos|0 fnt\n|faint|p2a: Ampharos\n|-damage|p1a: Just A Dolphin|27\/100|[from] item: Life Orb\n|\n|upkeep\n|\n|t:|1700709043\n|switch|p2a: Ferrothorn|Ferrothorn, M|56\/100\n|turn|22\n|\n|t:|1700709075\n|move|p1a: Just A Dolphin|Stealth Rock|p2a: Ferrothorn\n|-sidestart|p2: TheOfficialSlade|move: Stealth Rock\n|move|p2a: Ferrothorn|Gyro Ball|p1a: Just A Dolphin\n|-damage|p1a: Just A Dolphin|0 fnt\n|-damage|p2a: Ferrothorn|43\/100|[from] ability: Rough Skin|[of] p1a: Just A Dolphin\n|faint|p1a: Just A Dolphin\n|\n|upkeep\n|\n|t:|1700709082\n|switch|p1a: The Brave Bird|Talonflame, M|75\/100\n|turn|23\n|\n|t:|1700709090\n|move|p1a: The Brave Bird|Roost|p1a: The Brave Bird\n|-heal|p1a: The Brave Bird|100\/100\n|-singleturn|p1a: The Brave Bird|move: Roost\n|move|p2a: Ferrothorn|Leech Seed|p1a: The Brave Bird\n|-start|p1a: The Brave Bird|move: Leech Seed\n|\n|-damage|p1a: The Brave Bird|88\/100|[from] Leech Seed|[of] p2a: Ferrothorn\n|-heal|p2a: Ferrothorn|56\/100|[silent]\n|upkeep\n|turn|24\n|\n|t:|1700709108\n|switch|p2a: Espeon|Espeon, F|2\/100\n|-damage|p2a: Espeon|0 fnt|[from] Stealth Rock\n|faint|p2a: Espeon\n|move|p1a: The Brave Bird|Flamethrower|p2: Zoroark|[notarget]\n|-fail|p1a: The Brave Bird\n|\n|upkeep\n|\n|t:|1700709114\n|switch|p2a: Espeon|Espeon, F|100\/100\n|-damage|p2a: Espeon|88\/100|[from] Stealth Rock\n|turn|25\n|\n|t:|1700709136\n|switch|p1a: The Claaawwwww|Drapion, M, tera:Dark|59\/100\n|-damage|p1a: The Claaawwwww|46\/100|[from] Stealth Rock\n|move|p2a: Espeon|Calm Mind|p2a: Espeon\n|-boost|p2a: Espeon|spa|1\n|-boost|p2a: Espeon|spd|1\n|\n|-heal|p2a: Espeon|94\/100|[from] item: Leftovers\n|upkeep\n|turn|26\n|\n|t:|1700709148\n|switch|p2a: Ferrothorn|Ferrothorn, M|56\/100\n|-damage|p2a: Ferrothorn|50\/100|[from] Stealth Rock\n|move|p1a: The Claaawwwww|Crunch|p2a: Ferrothorn\n|-damage|p2a: Ferrothorn|30\/100\n|-damage|p1a: The Claaawwwww|34\/100|[from] ability: Iron Barbs|[of] p2a: Ferrothorn\n|-damage|p1a: The Claaawwwww|17\/100|[from] item: Rocky Helmet|[of] p2a: Ferrothorn\n|\n|upkeep\n|turn|27\n|\n|t:|1700709168\n|move|p1a: The Claaawwwww|Crunch|p2a: Ferrothorn\n|-damage|p2a: Ferrothorn|9\/100\n|-damage|p1a: The Claaawwwww|5\/100|[from] ability: Iron Barbs|[of] p2a: Ferrothorn\n|-damage|p1a: The Claaawwwww|0 fnt|[from] item: Rocky Helmet|[of] p2a: Ferrothorn\n|faint|p1a: The Claaawwwww\n|move|p2a: Ferrothorn|Gyro Ball|p1: The Claaawwwww|[notarget]\n|-fail|p2a: Ferrothorn\n|\n|upkeep\n|\n|t:|1700709186\n|switch|p1a: The Brave Bird|Talonflame, M|88\/100\n|turn|28\n|\n|t:|1700709203\n|move|p1a: The Brave Bird|Flamethrower|p2a: Ferrothorn\n|-supereffective|p2a: Ferrothorn\n|-damage|p2a: Ferrothorn|0 fnt\n|faint|p2a: Ferrothorn\n|\n|upkeep\n|\n|t:|1700709206\n|switch|p2a: Espeon|Espeon, F|94\/100\n|-damage|p2a: Espeon|82\/100|[from] Stealth Rock\n|turn|29\n|\n|t:|1700709237\n|move|p2a: Espeon|Calm Mind|p2a: Espeon\n|-boost|p2a: Espeon|spa|1\n|-boost|p2a: Espeon|spd|1\n|move|p1a: The Brave Bird|U-turn|p2a: Espeon\n|-supereffective|p2a: Espeon\n|-damage|p2a: Espeon|39\/100\n|\n|t:|1700709249\n|switch|p1a: 4 And 10|Tapu Koko, shiny|100\/100|[from] U-turn\n|-damage|p1a: 4 And 10|88\/100|[from] Stealth Rock\n|-fieldstart|move: Electric Terrain|[from] ability: Electric Surge|[of] p1a: 4 And 10\n|\n|-heal|p2a: Espeon|45\/100|[from] item: Leftovers\n|upkeep\n|turn|30\n|\n|t:|1700709262\n|-terastallize|p2a: Espeon|Fire\n|move|p1a: 4 And 10|U-turn|p2a: Espeon\n|-resisted|p2a: Espeon\n|-damage|p2a: Espeon|30\/100\n|\n|t:|1700709266\n|switch|p1a: AQUA...Woman?|Basculegion-F, F, shiny|29\/100|[from] U-turn\n|-damage|p1a: AQUA...Woman?|16\/100|[from] Stealth Rock\n|move|p2a: Espeon|Morning Sun|p2a: Espeon\n|-heal|p2a: Espeon|80\/100\n|\n|-heal|p2a: Espeon|86\/100|[from] item: Leftovers\n|upkeep\n|turn|31\n|\n|t:|1700709280\n|move|p2a: Espeon|Psyshock|p1a: AQUA...Woman?\n|-damage|p1a: AQUA...Woman?|0 fnt\n|faint|p1a: AQUA...Woman?\n|\n|-heal|p2a: Espeon|92\/100|[from] item: Leftovers\n|upkeep\n|\n|t:|1700709293\n|switch|p1a: 4 And 10|Tapu Koko, shiny|88\/100\n|-damage|p1a: 4 And 10|76\/100|[from] Stealth Rock\n|turn|32\n|\n|t:|1700709322\n|move|p1a: 4 And 10|Thunderbolt|p2a: Espeon\n|-damage|p2a: Espeon|45\/100\n|move|p2a: Espeon|Psyshock|p1a: 4 And 10\n|-damage|p1a: 4 And 10|0 fnt\n|faint|p1a: 4 And 10\n|\n|-heal|p2a: Espeon|51\/100|[from] item: Leftovers\n|upkeep\n|\n|t:|1700709332\n|switch|p1a: The Brave Bird|Talonflame, M|88\/100\n|turn|33\n|\n|t:|1700709402\n|move|p2a: Espeon|Psyshock|p1a: The Brave Bird\n|-damage|p1a: The Brave Bird|34\/100\n|move|p1a: The Brave Bird|Air Slash|p2a: Espeon\n|-damage|p2a: Espeon|33\/100\n|\n|-heal|p2a: Espeon|39\/100|[from] item: Leftovers\n|-fieldend|move: Electric Terrain\n|upkeep\n|turn|34\n|\n|t:|1700709410\n|move|p2a: Espeon|Psyshock|p1a: The Brave Bird\n|-damage|p1a: The Brave Bird|0 fnt\n|faint|p1a: The Brave Bird\n|\n|win|TheOfficialSlade\n","uploadtime":1700709417,"views":21,"p1id":"snorkleporkle","p2id":"theofficialslade","formatid":"gen9nationaldexubers","rating":0,"private":0,"password":""}