{"id":"gen9nationaldexubers-1985828937","p1":"GoxtozinhA","p2":"ShriveledMonkey","format":"[Gen 9] National Dex Ubers","log":"|j|\u2606GoxtozinhA\n|j|\u2606ShriveledMonkey\n|t:|1699410629\n|gametype|singles\n|player|p1|GoxtozinhA|101|1015\n|player|p2|ShriveledMonkey|1|1048\n|teamsize|p1|5\n|teamsize|p2|6\n|gen|9\n|tier|[Gen 9] National Dex Ubers\n|rated|\n|rule|HP Percentage Mod: HP is shown in percentages\n|rule|Endless Battle Clause: Forcing endless battles is banned\n|rule|OHKO Clause: OHKO moves are banned\n|rule|Evasion Moves Clause: Evasion moves are banned\n|rule|Evasion Items Clause: Evasion items are banned\n|rule|Species Clause: Limit one of each Pok\u00e9mon\n|rule|Sleep Clause Mod: Limit one foe put to sleep\n|rule|Mega Rayquaza Clause: You cannot mega evolve Rayquaza\n|clearpoke\n|poke|p1|Lucario, M|\n|poke|p1|Charizard, M|\n|poke|p1|Darkrai|\n|poke|p1|Ho-Oh|\n|poke|p1|Mewtwo|\n|poke|p2|Kleavor, M|\n|poke|p2|Rabsca, F|\n|poke|p2|Gourgeist-*, F|\n|poke|p2|Ludicolo, M|\n|poke|p2|Lucario, M|\n|poke|p2|Torkoal, F|\n|teampreview\n|\n|t:|1699410633\n|start\n|switch|p1a: Mewtwo|Mewtwo, shiny|100\/100\n|switch|p2a: Kleavor|Kleavor, M|100\/100\n|-ability|p1a: Mewtwo|Pressure\n|turn|1\n|\n|t:|1699410642\n|detailschange|p1a: Mewtwo|Mewtwo-Mega-Y, shiny\n|-mega|p1a: Mewtwo|Mewtwo|Mewtwonite Y\n|move|p2a: Kleavor|X-Scissor|p1a: Mewtwo\n|-supereffective|p1a: Mewtwo\n|-damage|p1a: Mewtwo|0 fnt\n|faint|p1a: Mewtwo\n|\n|upkeep\n|\n|t:|1699410652\n|switch|p1a: Darkrai|Darkrai|100\/100\n|turn|2\n|\n|t:|1699410655\n|move|p2a: Kleavor|X-Scissor|p1a: Darkrai\n|-supereffective|p1a: Darkrai\n|-damage|p1a: Darkrai|0 fnt\n|faint|p1a: Darkrai\n|\n|upkeep\n|\n|t:|1699410660\n|switch|p1a: Lucario|Lucario, M, shiny|100\/100\n|turn|3\n|\n|t:|1699410665\n|switch|p2a: Rabsca|Rabsca, F|100\/100\n|move|p1a: Lucario|High Jump Kick|p2a: Rabsca\n|-resisted|p2a: Rabsca\n|-damage|p2a: Rabsca|84\/100\n|\n|upkeep\n|turn|4\n|\n|t:|1699410673\n|switch|p1a: Charizard|Charizard, M|100\/100\n|move|p2a: Rabsca|Trick Room|p2a: Rabsca\n|-fieldstart|move: Trick Room|[of] p2a: Rabsca\n|\n|upkeep\n|turn|5\n|\n|t:|1699410682\n|move|p2a: Rabsca|Psyshock|p1a: Charizard\n|-damage|p1a: Charizard|42\/100\n|move|p1a: Charizard|Blaze Kick|p2a: Rabsca\n|-supereffective|p2a: Rabsca\n|-damage|p2a: Rabsca|0 fnt\n|faint|p2a: Rabsca\n|\n|upkeep\n|\n|t:|1699410691\n|switch|p2a: Ludicolo|Ludicolo, M|100\/100\n|turn|6\n|\n|t:|1699410696\n|move|p2a: Ludicolo|Hydro Pump|p1a: Charizard\n|-supereffective|p1a: Charizard\n|-damage|p1a: Charizard|0 fnt\n|faint|p1a: Charizard\n|-damage|p2a: Ludicolo|91\/100|[from] item: Life Orb\n|\n|upkeep\n|\n|t:|1699410700\n|switch|p1a: Lucario|Lucario, M, shiny|100\/100\n|turn|7\n|\n|t:|1699410705\n|move|p2a: Ludicolo|Focus Blast|p1a: Lucario|[miss]\n|-miss|p2a: Ludicolo|p1a: Lucario\n|move|p1a: Lucario|Close Combat|p2a: Ludicolo\n|-damage|p2a: Ludicolo|2\/100\n|-unboost|p1a: Lucario|def|1\n|-unboost|p1a: Lucario|spd|1\n|\n|upkeep\n|turn|8\n|\n|t:|1699410715\n|move|p2a: Ludicolo|Focus Blast|p1a: Lucario|[miss]\n|-miss|p2a: Ludicolo|p1a: Lucario\n|move|p1a: Lucario|Earthquake|p2a: Ludicolo\n|-resisted|p2a: Ludicolo\n|-damage|p2a: Ludicolo|0 fnt\n|faint|p2a: Ludicolo\n|\n|-fieldend|move: Trick Room\n|upkeep\n|c|\u2606ShriveledMonkey|oof\n|\n|t:|1699410722\n|switch|p2a: Lucario|Lucario, M|100\/100\n|turn|9\n|\n|t:|1699410728\n|detailschange|p2a: Lucario|Lucario-Mega, M\n|-mega|p2a: Lucario|Lucario|Lucarionite\n|move|p2a: Lucario|Close Combat|p1a: Lucario\n|-supereffective|p1a: Lucario\n|-damage|p1a: Lucario|0 fnt\n|-unboost|p2a: Lucario|def|1\n|-unboost|p2a: Lucario|spd|1\n|faint|p1a: Lucario\n|\n|upkeep\n|\n|t:|1699410732\n|switch|p1a: Ho-Oh|Ho-Oh|100\/100\n|-ability|p1a: Ho-Oh|Pressure\n|turn|10\n|\n|t:|1699410752\n|move|p2a: Lucario|Close Combat|p1a: Ho-Oh\n|-resisted|p1a: Ho-Oh\n|-damage|p1a: Ho-Oh|60\/100\n|-unboost|p2a: Lucario|def|1\n|-unboost|p2a: Lucario|spd|1\n|move|p1a: Ho-Oh|Will-O-Wisp|p2a: Lucario\n|-status|p2a: Lucario|brn\n|\n|-damage|p2a: Lucario|94\/100 brn|[from] brn\n|upkeep\n|turn|11\n|\n|t:|1699410763\n|switch|p2a: Torkoal|Torkoal, F|100\/100\n|-weather|SunnyDay|[from] ability: Drought|[of] p2a: Torkoal\n|move|p1a: Ho-Oh|Earthquake|p2a: Torkoal\n|-supereffective|p2a: Torkoal\n|-damage|p2a: Torkoal|54\/100\n|\n|-weather|SunnyDay|[upkeep]\n|upkeep\n|turn|12\n|\n|t:|1699410771\n|move|p1a: Ho-Oh|Earthquake|p2a: Torkoal\n|-supereffective|p2a: Torkoal\n|-damage|p2a: Torkoal|14\/100\n|move|p2a: Torkoal|Yawn|p1a: Ho-Oh\n|-start|p1a: Ho-Oh|move: Yawn|[of] p2a: Torkoal\n|\n|-weather|SunnyDay|[upkeep]\n|upkeep\n|turn|13\n|\n|t:|1699410781\n|move|p1a: Ho-Oh|Recover|p1a: Ho-Oh\n|-heal|p1a: Ho-Oh|100\/100\n|-zpower|p2a: Torkoal\n|move|p2a: Torkoal|Bloom Doom|p1a: Ho-Oh|[zeffect]\n|-resisted|p1a: Ho-Oh\n|-damage|p1a: Ho-Oh|95\/100\n|\n|-weather|SunnyDay|[upkeep]\n|-end|p1a: Ho-Oh|move: Yawn|[silent]\n|-status|p1a: Ho-Oh|slp\n|upkeep\n|turn|14\n|\n|t:|1699410792\n|switch|p2a: Kleavor|Kleavor, M|100\/100\n|cant|p1a: Ho-Oh|slp\n|\n|-weather|SunnyDay|[upkeep]\n|upkeep\n|turn|15\n|\n|t:|1699410800\n|move|p2a: Kleavor|Stone Axe|p1a: Ho-Oh\n|-supereffective|p1a: Ho-Oh\n|-damage|p1a: Ho-Oh|0 fnt\n|-sidestart|p1: GoxtozinhA|move: Stealth Rock\n|faint|p1a: Ho-Oh\n|\n|win|ShriveledMonkey\n|raw|GoxtozinhA's rating: 1015 &rarr; <strong>1004<\/strong><br \/>(-11 for losing)\n|raw|ShriveledMonkey's rating: 1048 &rarr; <strong>1078<\/strong><br \/>(+30 for winning)\n|l|\u2606GoxtozinhA\n","uploadtime":1699410808,"views":5,"p1id":"goxtozinha","p2id":"shriveledmonkey","formatid":"gen9nationaldexubers","rating":1004,"private":0,"password":""}