{"id":"gen9nationaldexubers-1980014853","p1":"Senjuro Orochi","p2":"Neosouls","format":"[Gen 9] National Dex Ubers","log":"|j|\u2606Senjuro Orochi\n|j|\u2606Neosouls\n|t:|1698746761\n|gametype|singles\n|player|p1|Senjuro Orochi|170|\n|player|p2|Neosouls|265|\n|teamsize|p1|3\n|teamsize|p2|2\n|gen|9\n|tier|[Gen 9] National Dex Ubers\n|rule|HP Percentage Mod: HP is shown in percentages\n|rule|Endless Battle Clause: Forcing endless battles is banned\n|rule|OHKO Clause: OHKO moves are banned\n|rule|Evasion Moves Clause: Evasion moves are banned\n|rule|Evasion Items Clause: Evasion items are banned\n|rule|Species Clause: Limit one of each Pok\u00e9mon\n|rule|Sleep Clause Mod: Limit one foe put to sleep\n|rule|Mega Rayquaza Clause: You cannot mega evolve Rayquaza\n|clearpoke\n|poke|p1|Torchic, L9, F|\n|poke|p1|Starly, L7, M|\n|poke|p1|Horsea, L7, M|\n|poke|p2|Charmander, L15, M|\n|poke|p2|Starly, L10, M|\n|teampreview\n|\n|t:|1698746774\n|start\n|switch|p1a: Horsea|Horsea, L7, M|100\/100\n|switch|p2a: Starscreem|Starly, L10, M|100\/100\n|turn|1\n|\n|t:|1698746785\n|move|p2a: Starscreem|Wing Attack|p1a: Horsea\n|-damage|p1a: Horsea|35\/100\n|move|p1a: Horsea|Twister|p2a: Starscreem\n|-damage|p2a: Starscreem|84\/100\n|\n|upkeep\n|turn|2\n|\n|t:|1698746795\n|move|p2a: Starscreem|Wing Attack|p1a: Horsea\n|-damage|p1a: Horsea|0 fnt\n|faint|p1a: Horsea\n|\n|upkeep\n|\n|t:|1698746804\n|switch|p1a: Torchic|Torchic, L9, F, shiny|100\/100\n|turn|3\n|c|\u2606Neosouls|styl\u00e9 l kfc\n|\n|t:|1698746819\n|move|p2a: Starscreem|Wing Attack|p1a: Torchic\n|-damage|p1a: Torchic|37\/100\n|move|p1a: Torchic|Ember|p2a: Starscreem\n|-damage|p2a: Starscreem|52\/100\n|-status|p2a: Starscreem|brn\n|\n|-damage|p2a: Starscreem|49\/100 brn|[from] brn\n|-ability|p1a: Torchic|Speed Boost|boost\n|-boost|p1a: Torchic|spe|1\n|upkeep\n|turn|4\n|\n|t:|1698746837\n|move|p2a: Starscreem|Quick Attack|p1a: Torchic\n|-damage|p1a: Torchic|17\/100\n|move|p1a: Torchic|Scratch|p2a: Starscreem\n|-damage|p2a: Starscreem|30\/100 brn\n|\n|-damage|p2a: Starscreem|26\/100 brn|[from] brn\n|-ability|p1a: Torchic|Speed Boost|boost\n|-boost|p1a: Torchic|spe|1\n|upkeep\n|turn|5\n|\n|t:|1698746848\n|move|p1a: Torchic|Quick Attack|p2a: Starscreem\n|-crit|p2a: Starscreem\n|-damage|p2a: Starscreem|0 fnt\n|faint|p2a: Starscreem\n|\n|-ability|p1a: Torchic|Speed Boost|boost\n|-boost|p1a: Torchic|spe|1\n|upkeep\n|\n|t:|1698746855\n|switch|p2a: Apollon|Charmander, L15, M|100\/100\n|turn|6\n|\n|t:|1698746865\n|move|p1a: Torchic|Quick Attack|p2a: Apollon\n|-damage|p2a: Apollon|88\/100\n|move|p2a: Apollon|Dragon Breath|p1a: Torchic\n|-crit|p1a: Torchic\n|-damage|p1a: Torchic|0 fnt\n|faint|p1a: Torchic\n|\n|upkeep\n|\n|t:|1698746871\n|switch|p1a: Starly|Starly, L7, M|100\/100\n|turn|7\n|\n|t:|1698746876\n|move|p2a: Apollon|Ember|p1a: Starly\n|-damage|p1a: Starly|0 fnt\n|faint|p1a: Starly\n|\n|win|Neosouls\n|c|\u2606Neosouls|gg\n","uploadtime":1698746889,"views":10,"p1id":"senjuroorochi","p2id":"neosouls","formatid":"gen9nationaldexubers","rating":0,"private":0,"password":""}