{"id":"gen9nationaldexubers-1978256507","p1":"Dark Zerzes","p2":"Bleadbodi","format":"[Gen 9] National Dex Ubers","log":"|j|\u2606Dark Zerzes\n|j|\u2606Bleadbodi\n|t:|1698517764\n|gametype|singles\n|player|p1|Dark Zerzes|grimsley|\n|player|p2|Bleadbodi|102|\n|teamsize|p1|6\n|teamsize|p2|6\n|gen|9\n|tier|[Gen 9] National Dex Ubers\n|rule|HP Percentage Mod: HP is shown in percentages\n|rule|Endless Battle Clause: Forcing endless battles is banned\n|rule|OHKO Clause: OHKO moves are banned\n|rule|Evasion Moves Clause: Evasion moves are banned\n|rule|Evasion Items Clause: Evasion items are banned\n|rule|Species Clause: Limit one of each Pok\u00e9mon\n|rule|Sleep Clause Mod: Limit one foe put to sleep\n|rule|Mega Rayquaza Clause: You cannot mega evolve Rayquaza\n|clearpoke\n|poke|p1|Galvantula, F|\n|poke|p1|Crobat, M|\n|poke|p1|Mimikyu, F|\n|poke|p1|Toxapex, M|\n|poke|p1|Houndoom, F|\n|poke|p1|Doublade, M|\n|poke|p2|Froslass, F|\n|poke|p2|Mimikyu, F|\n|poke|p2|Chandelure, F|\n|poke|p2|Gliscor, F|\n|poke|p2|Hatterene, F|\n|poke|p2|Galvantula, M|\n|teampreview\n|\n|t:|1698517796\n|start\n|switch|p1a: Elektra Spider|Galvantula, F|100\/100\n|switch|p2a: Gliscor|Gliscor, F|100\/100\n|turn|1\n|\n|t:|1698517818\n|switch|p1a: I am very TOXIC!|Toxapex, M|100\/100\n|move|p2a: Gliscor|Earthquake|p1a: I am very TOXIC!\n|-supereffective|p1a: I am very TOXIC!\n|-damage|p1a: I am very TOXIC!|47\/100\n|\n|-status|p2a: Gliscor|tox|[from] item: Toxic Orb\n|upkeep\n|turn|2\n|\n|t:|1698517836\n|switch|p1a: Night Slayer|Crobat, M, shiny|100\/100\n|move|p2a: Gliscor|Gunk Shot|p1a: Night Slayer\n|-resisted|p1a: Night Slayer\n|-damage|p1a: Night Slayer|82\/100\n|\n|upkeep\n|turn|3\n|\n|t:|1698517845\n|move|p1a: Night Slayer|Curse|p1a: Night Slayer\n|-unboost|p1a: Night Slayer|spe|1\n|-boost|p1a: Night Slayer|atk|1\n|-boost|p1a: Night Slayer|def|1\n|-enditem|p1a: Night Slayer|White Herb\n|-clearnegativeboost|p1a: Night Slayer|[silent]\n|move|p2a: Gliscor|Sky Attack||[still]\n|-prepare|p2a: Gliscor|Sky Attack\n|\n|upkeep\n|turn|4\n|\n|t:|1698517860\n|move|p1a: Night Slayer|Acrobatics|p2a: Gliscor\n|-damage|p2a: Gliscor|54\/100 tox\n|move|p2a: Gliscor|Sky Attack|p1a: Night Slayer|[from]lockedmove\n|-damage|p1a: Night Slayer|37\/100\n|\n|-heal|p2a: Gliscor|67\/100 tox|[from] ability: Poison Heal\n|upkeep\n|turn|5\n|\n|t:|1698517870\n|move|p1a: Night Slayer|Acrobatics|p2a: Gliscor\n|-damage|p2a: Gliscor|21\/100 tox\n|move|p2a: Gliscor|Crabhammer|p1a: Night Slayer\n|-damage|p1a: Night Slayer|17\/100\n|\n|-heal|p2a: Gliscor|33\/100 tox|[from] ability: Poison Heal\n|upkeep\n|turn|6\n|\n|t:|1698517880\n|switch|p2a: Galvantula|Galvantula, M|100\/100\n|move|p1a: Night Slayer|Acrobatics|p2a: Galvantula\n|-damage|p2a: Galvantula|17\/100\n|\n|upkeep\n|turn|7\n|\n|t:|1698517890\n|move|p1a: Night Slayer|Acrobatics|p2a: Galvantula\n|-damage|p2a: Galvantula|0 fnt\n|faint|p2a: Galvantula\n|\n|upkeep\n|\n|t:|1698517904\n|switch|p2a: Mimikyu|Mimikyu, F|100\/100\n|turn|8\n|\n|t:|1698517927\n|move|p2a: Mimikyu|Shadow Sneak|p1a: Night Slayer\n|-damage|p1a: Night Slayer|4\/100\n|move|p1a: Night Slayer|Cross Poison|p2a: Mimikyu\n|-activate|p2a: Mimikyu|ability: Disguise\n|-damage|p2a: Mimikyu|100\/100\n|-status|p2a: Mimikyu|psn\n|detailschange|p2a: Mimikyu|Mimikyu-Busted, F\n|-damage|p2a: Mimikyu|88\/100 psn|[from] pokemon: Mimikyu-Busted\n|\n|-damage|p2a: Mimikyu|76\/100 psn|[from] psn\n|upkeep\n|turn|9\n|\n|t:|1698517946\n|switch|p1a: I am very TOXIC!|Toxapex, M|80\/100\n|move|p2a: Mimikyu|Shadow Sneak|p1a: I am very TOXIC!\n|-damage|p1a: I am very TOXIC!|69\/100\n|\n|-damage|p2a: Mimikyu|64\/100 psn|[from] psn\n|upkeep\n|turn|10\n|\n|t:|1698517959\n|move|p2a: Mimikyu|Thunder Wave|p1a: I am very TOXIC!\n|-status|p1a: I am very TOXIC!|par\n|cant|p1a: I am very TOXIC!|par\n|\n|-damage|p2a: Mimikyu|52\/100 psn|[from] psn\n|upkeep\n|turn|11\n|\n|t:|1698517973\n|move|p2a: Mimikyu|Wood Hammer|p1a: I am very TOXIC!\n|-damage|p1a: I am very TOXIC!|44\/100 par\n|-damage|p2a: Mimikyu|43\/100 psn|[from] Recoil\n|move|p1a: I am very TOXIC!|Infestation|p2a: Mimikyu\n|-resisted|p2a: Mimikyu\n|-damage|p2a: Mimikyu|42\/100 psn\n|-activate|p2a: Mimikyu|move: Infestation|[of] p1a: I am very TOXIC!\n|\n|-damage|p2a: Mimikyu|30\/100 psn|[from] psn\n|-damage|p2a: Mimikyu|18\/100 psn|[from] move: Infestation|[partiallytrapped]\n|upkeep\n|-enditem|p2a: Mimikyu|Aguav Berry|[eat]\n|-heal|p2a: Mimikyu|51\/100 psn|[from] item: Aguav Berry\n|turn|12\n|\n|t:|1698518000\n|switch|p2a: Gliscor|Gliscor, F|33\/100 tox\n|move|p1a: I am very TOXIC!|Recover|p1a: I am very TOXIC!\n|-heal|p1a: I am very TOXIC!|94\/100 par\n|\n|-heal|p2a: Gliscor|46\/100 tox|[from] ability: Poison Heal\n|upkeep\n|turn|13\n|\n|t:|1698518019\n|switch|p1a: Night Slayer|Crobat, M, shiny|4\/100\n|move|p2a: Gliscor|Gunk Shot|p1a: Night Slayer\n|-resisted|p1a: Night Slayer\n|-damage|p1a: Night Slayer|0 fnt\n|faint|p1a: Night Slayer\n|\n|-heal|p2a: Gliscor|58\/100 tox|[from] ability: Poison Heal\n|upkeep\n|\n|t:|1698518029\n|switch|p1a: Lord of Doom|Houndoom, F|100\/100\n|-ability|p1a: Lord of Doom|Unnerve\n|turn|14\n|\n|t:|1698518042\n|move|p1a: Lord of Doom|Hidden Power|p2a: Gliscor\n|-supereffective|p2a: Gliscor\n|-damage|p2a: Gliscor|0 fnt\n|faint|p2a: Gliscor\n|-damage|p1a: Lord of Doom|91\/100|[from] item: Life Orb\n|\n|upkeep\n|\n|t:|1698518059\n|switch|p2a: Mimikyu|Mimikyu-Busted, F|51\/100 psn\n|turn|15\n|\n|t:|1698518074\n|move|p1a: Lord of Doom|Flamethrower|p2a: Mimikyu\n|-damage|p2a: Mimikyu|0 fnt\n|faint|p2a: Mimikyu\n|-damage|p1a: Lord of Doom|81\/100|[from] item: Life Orb\n|\n|upkeep\n|\n|t:|1698518082\n|switch|p2a: Hatterene|Hatterene, F|100\/100\n|turn|16\n|\n|t:|1698518098\n|move|p1a: Lord of Doom|Nasty Plot|p1a: Lord of Doom\n|-boost|p1a: Lord of Doom|spa|2\n|move|p2a: Hatterene|Dark Pulse|p1a: Lord of Doom\n|-resisted|p1a: Lord of Doom\n|-damage|p1a: Lord of Doom|64\/100\n|\n|upkeep\n|turn|17\n|\n|t:|1698518108\n|move|p1a: Lord of Doom|Dark Pulse|p2a: Hatterene\n|-damage|p2a: Hatterene|5\/100\n|-damage|p1a: Lord of Doom|54\/100|[from] item: Life Orb\n|move|p2a: Hatterene|Calm Mind|p2a: Hatterene\n|-boost|p2a: Hatterene|spa|1\n|-boost|p2a: Hatterene|spd|1\n|\n|upkeep\n|turn|18\n|\n|t:|1698518118\n|move|p1a: Lord of Doom|Dark Pulse|p2a: Hatterene\n|-damage|p2a: Hatterene|0 fnt\n|faint|p2a: Hatterene\n|-damage|p1a: Lord of Doom|44\/100|[from] item: Life Orb\n|\n|upkeep\n|\n|t:|1698518125\n|switch|p2a: Chandelure|Chandelure, F|100\/100\n|turn|19\n|\n|t:|1698518141\n|move|p1a: Lord of Doom|Dark Pulse|p2a: Chandelure\n|-supereffective|p2a: Chandelure\n|-damage|p2a: Chandelure|0 fnt\n|faint|p2a: Chandelure\n|-damage|p1a: Lord of Doom|34\/100|[from] item: Life Orb\n|\n|upkeep\n|\n|t:|1698518146\n|switch|p2a: Froslass|Froslass, F|100\/100\n|turn|20\n|\n|t:|1698518166\n|move|p2a: Froslass|Sucker Punch|p1a: Lord of Doom\n|-resisted|p1a: Lord of Doom\n|-damage|p1a: Lord of Doom|15\/100\n|move|p1a: Lord of Doom|Flamethrower|p2a: Froslass\n|-supereffective|p2a: Froslass\n|-damage|p2a: Froslass|0 fnt\n|faint|p2a: Froslass\n|-damage|p1a: Lord of Doom|5\/100|[from] item: Life Orb\n|\n|win|Dark Zerzes\n|c|\u2606Bleadbodi|GG\n|c|\u2606Dark Zerzes|Gg\n|l|\u2606Bleadbodi\n","uploadtime":1698518183,"views":10,"p1id":"darkzerzes","p2id":"bleadbodi","formatid":"gen9nationaldexubers","rating":0,"private":0,"password":""}