{"id":"gen9nationaldexubers-1999758921","p1":"Rafa_LS444","p2":"memeviewer2.0","format":"[Gen 9] National Dex Ubers","log":"|j|\u2606Rafa_LS444\n|j|\u2606memeviewer2.0\n|t:|1701114118\n|gametype|singles\n|player|p1|Rafa_LS444|palmer|1160\n|player|p2|memeviewer2.0|darach-caitlin|1123\n|teamsize|p1|1\n|teamsize|p2|6\n|gen|9\n|tier|[Gen 9] National Dex Ubers\n|rated|\n|rule|HP Percentage Mod: HP is shown in percentages\n|rule|Endless Battle Clause: Forcing endless battles is banned\n|rule|OHKO Clause: OHKO moves are banned\n|rule|Evasion Moves Clause: Evasion moves are banned\n|rule|Evasion Items Clause: Evasion items are banned\n|rule|Species Clause: Limit one of each Pok\u00e9mon\n|rule|Sleep Clause Mod: Limit one foe put to sleep\n|rule|Mega Rayquaza Clause: You cannot mega evolve Rayquaza\n|clearpoke\n|poke|p1|Arceus|\n|poke|p2|Braviary-Hisui, M|\n|poke|p2|Milotic, M|\n|poke|p2|Roserade, M|\n|poke|p2|Palafin, M|\n|poke|p2|Ogerpon-Hearthflame, F|\n|poke|p2|Metagross|\n|teampreview\n|\n|t:|1701114133\n|start\n|switch|p1a: Arceus|Arceus|100\/100\n|switch|p2a: Palafin|Palafin, M|100\/100\n|turn|1\n|inactive|Battle timer is ON: inactive players will automatically lose when time's up. (requested by Rafa_LS444)\n|\n|t:|1701114140\n|detailschange|p2a: Palafin|Palafin-Hero, M\n|switch|p2a: Metagross|Metagross|100\/100\n|move|p1a: Arceus|Swords Dance|p1a: Arceus\n|-boost|p1a: Arceus|atk|2\n|\n|upkeep\n|turn|2\n|\n|t:|1701114156\n|detailschange|p2a: Metagross|Metagross-Mega\n|-mega|p2a: Metagross|Metagross|Metagrossite\n|move|p1a: Arceus|Swords Dance|p1a: Arceus\n|-boost|p1a: Arceus|atk|2\n|move|p2a: Metagross|Ice Punch|p1a: Arceus\n|-damage|p1a: Arceus|75\/100\n|\n|upkeep\n|turn|3\n|\n|t:|1701114167\n|move|p1a: Arceus|Swords Dance|p1a: Arceus\n|-boost|p1a: Arceus|atk|2\n|move|p2a: Metagross|Ice Punch|p1a: Arceus\n|-damage|p1a: Arceus|51\/100\n|-status|p1a: Arceus|frz\n|\n|upkeep\n|turn|4\n|\n|t:|1701114182\n|-curestatus|p1a: Arceus|frz|[msg]\n|move|p1a: Arceus|Recover|p1a: Arceus\n|-heal|p1a: Arceus|100\/100\n|move|p2a: Metagross|Meteor Mash|p1a: Arceus\n|-damage|p1a: Arceus|51\/100\n|\n|upkeep\n|turn|5\n|\n|t:|1701114190\n|move|p1a: Arceus|Shadow Claw|p2a: Metagross\n|-supereffective|p2a: Metagross\n|-crit|p2a: Metagross\n|-damage|p2a: Metagross|0 fnt\n|faint|p2a: Metagross\n|\n|upkeep\n|\n|t:|1701114197\n|switch|p2a: Ogerpon|Ogerpon-Hearthflame, F|100\/100\n|-ability|p2a: Ogerpon|Mold Breaker\n|turn|6\n|\n|t:|1701114205\n|-terastallize|p1a: Arceus|Normal\n|move|p2a: Ogerpon|Spiky Shield|p2a: Ogerpon\n|-singleturn|p2a: Ogerpon|move: Protect\n|move|p1a: Arceus|Extreme Speed|p2a: Ogerpon\n|-activate|p2a: Ogerpon|move: Protect\n|-damage|p1a: Arceus|38\/100|[from] Spiky Shield|[of] p2a: Ogerpon\n|\n|upkeep\n|turn|7\n|\n|t:|1701114217\n|move|p1a: Arceus|Extreme Speed|p2a: Ogerpon\n|-damage|p2a: Ogerpon|0 fnt\n|faint|p2a: Ogerpon\n|\n|upkeep\n|\n|t:|1701114226\n|switch|p2a: Milotic|Milotic, M|100\/100\n|turn|8\n|\n|t:|1701114251\n|move|p1a: Arceus|Extreme Speed|p2a: Milotic\n|-damage|p2a: Milotic|0 fnt\n|faint|p2a: Milotic\n|\n|upkeep\n|\n|t:|1701114258\n|switch|p2a: Palafin|Palafin-Hero, M|100\/100\n|-activate|p2a: Palafin|ability: Zero to Hero\n|turn|9\n|\n|t:|1701114268\n|-terastallize|p2a: Palafin|Electric\n|move|p1a: Arceus|Extreme Speed|p2a: Palafin\n|-damage|p2a: Palafin|0 fnt\n|faint|p2a: Palafin\n|\n|upkeep\n|\n|t:|1701114276\n|switch|p2a: Roserade|Roserade, M|100\/100\n|turn|10\n|\n|t:|1701114299\n|move|p1a: Arceus|Extreme Speed|p2a: Roserade\n|-crit|p2a: Roserade\n|-damage|p2a: Roserade|0 fnt\n|faint|p2a: Roserade\n|\n|upkeep\n|\n|t:|1701114306\n|switch|p2a: Braviary|Braviary-Hisui, M|100\/100\n|turn|11\n|\n|t:|1701114325\n|move|p1a: Arceus|Extreme Speed|p2a: Braviary\n|-damage|p2a: Braviary|0 fnt\n|faint|p2a: Braviary\n|\n|win|Rafa_LS444\n|raw|Rafa_LS444's rating: 1160 &rarr; <strong>1182<\/strong><br \/>(+22 for winning)\n|raw|memeviewer2.0's rating: 1123 &rarr; <strong>1101<\/strong><br \/>(-22 for losing)\n|l|\u2606memeviewer2.0\n","uploadtime":1701114344,"views":3,"p1id":"rafals444","p2id":"memeviewer20","formatid":"gen9nationaldexubers","rating":1101,"private":0,"password":""}