{"id":"gen9nationaldexubers-1997637690","p1":"SylverOmega","p2":"championkenzy","format":"[Gen 9] National Dex Ubers","log":"|j|\u2606SylverOmega\n|j|\u2606championkenzy\n|t:|1700836045\n|gametype|singles\n|player|p1|SylverOmega|palmer|1301\n|player|p2|championkenzy|elio|1293\n|teamsize|p1|6\n|teamsize|p2|6\n|gen|9\n|tier|[Gen 9] National Dex Ubers\n|rated|\n|rule|HP Percentage Mod: HP is shown in percentages\n|rule|Endless Battle Clause: Forcing endless battles is banned\n|rule|OHKO Clause: OHKO moves are banned\n|rule|Evasion Moves Clause: Evasion moves are banned\n|rule|Evasion Items Clause: Evasion items are banned\n|rule|Species Clause: Limit one of each Pok\u00e9mon\n|rule|Sleep Clause Mod: Limit one foe put to sleep\n|rule|Mega Rayquaza Clause: You cannot mega evolve Rayquaza\n|clearpoke\n|poke|p1|Deoxys-Speed|\n|poke|p1|Tapu Lele|\n|poke|p1|Mewtwo|\n|poke|p1|Indeedee, M|\n|poke|p1|Necrozma-Dawn-Wings|\n|poke|p1|Victini|\n|poke|p2|Giratina-Origin|\n|poke|p2|Yveltal|\n|poke|p2|Zacian-*|\n|poke|p2|Alakazam, M|\n|poke|p2|Calyrex-Ice|\n|poke|p2|Ditto|\n|teampreview\n|inactive|Battle timer is ON: inactive players will automatically lose when time's up. (requested by SylverOmega)\n|c|\u2606SylverOmega|Hf\n|\n|t:|1700836060\n|start\n|switch|p1a: Mewtwo|Mewtwo|100\/100\n|switch|p2a: Alakazam|Alakazam, M|100\/100\n|-ability|p1a: Mewtwo|Pressure\n|turn|1\n|\n|t:|1700836069\n|detailschange|p1a: Mewtwo|Mewtwo-Mega-X\n|-mega|p1a: Mewtwo|Mewtwo|Mewtwonite X\n|detailschange|p2a: Alakazam|Alakazam-Mega, M\n|-mega|p2a: Alakazam|Alakazam|Alakazite\n|-ability|p2a: Alakazam|Steadfast|[from] ability: Trace|[of] p1a: Mewtwo\n|move|p2a: Alakazam|Shadow Ball|p1a: Mewtwo\n|-supereffective|p1a: Mewtwo\n|-damage|p1a: Mewtwo|39\/100\n|-unboost|p1a: Mewtwo|spd|1\n|move|p1a: Mewtwo|Shadow Ball|p2a: Alakazam\n|-supereffective|p2a: Alakazam\n|-damage|p2a: Alakazam|35\/100\n|\n|upkeep\n|turn|2\n|\n|t:|1700836084\n|switch|p1a: Indeedee|Indeedee, M|100\/100\n|-fieldstart|move: Psychic Terrain|[from] ability: Psychic Surge|[of] p1a: Indeedee\n|move|p2a: Alakazam|Shadow Ball|p1a: Indeedee\n|-immune|p1a: Indeedee\n|\n|upkeep\n|turn|3\n|\n|t:|1700836096\n|move|p2a: Alakazam|Psychic|p1a: Indeedee\n|-resisted|p1a: Indeedee\n|-damage|p1a: Indeedee|50\/100\n|move|p1a: Indeedee|Expanding Force|p2a: Alakazam\n|-resisted|p2a: Alakazam\n|-damage|p2a: Alakazam|0 fnt\n|faint|p2a: Alakazam\n|\n|upkeep\n|\n|t:|1700836107\n|switch|p2a: Yveltal|Yveltal|100\/100\n|-ability|p2a: Yveltal|Dark Aura\n|turn|4\n|\n|t:|1700836121\n|move|p1a: Indeedee|Expanding Force|p2a: Yveltal\n|-immune|p2a: Yveltal\n|move|p2a: Yveltal|Knock Off|p1a: Indeedee\n|-supereffective|p1a: Indeedee\n|-damage|p1a: Indeedee|0 fnt\n|-enditem|p1a: Indeedee|Choice Scarf|[from] move: Knock Off|[of] p2a: Yveltal\n|faint|p1a: Indeedee\n|\n|upkeep\n|\n|t:|1700836132\n|switch|p1a: Mewtwo|Mewtwo-Mega-X|39\/100\n|turn|5\n|\n|t:|1700836140\n|move|p2a: Yveltal|Sucker Punch|p1a: Mewtwo\n|-activate|p1a: Mewtwo|move: Psychic Terrain\n|move|p1a: Mewtwo|Drain Punch|p2a: Yveltal\n|-damage|p2a: Yveltal|56\/100\n|-heal|p1a: Mewtwo|64\/100|[from] drain|[of] p2a: Yveltal\n|\n|upkeep\n|turn|6\n|\n|t:|1700836144\n|move|p1a: Mewtwo|Ice Punch|p2a: Yveltal\n|-supereffective|p2a: Yveltal\n|-damage|p2a: Yveltal|0 fnt\n|faint|p2a: Yveltal\n|\n|-fieldend|move: Psychic Terrain\n|upkeep\n|\n|t:|1700836149\n|switch|p2a: Ditto|Ditto|100\/100\n|-transform|p2a: Ditto|p1a: Mewtwo|[from] ability: Imposter\n|turn|7\n|\n|t:|1700836162\n|move|p2a: Ditto|Psycho Cut|p1a: Mewtwo\n|-damage|p1a: Mewtwo|19\/100\n|move|p1a: Mewtwo|Shadow Ball|p2a: Ditto\n|-supereffective|p2a: Ditto\n|-damage|p2a: Ditto|22\/100\n|-unboost|p2a: Ditto|spd|1\n|\n|upkeep\n|turn|8\n|\n|t:|1700836171\n|switch|p1a: Tapu Lele|Tapu Lele|100\/100\n|-fieldstart|move: Psychic Terrain|[from] ability: Psychic Surge|[of] p1a: Tapu Lele\n|move|p2a: Ditto|Psycho Cut|p1a: Tapu Lele\n|-resisted|p1a: Tapu Lele\n|-damage|p1a: Tapu Lele|76\/100\n|\n|-heal|p1a: Tapu Lele|82\/100|[from] item: Leftovers\n|upkeep\n|turn|9\n|\n|t:|1700836187\n|switch|p2a: Giratina|Giratina-Origin|100\/100\n|move|p1a: Tapu Lele|Iron Defense|p1a: Tapu Lele\n|-boost|p1a: Tapu Lele|def|2\n|\n|-heal|p1a: Tapu Lele|88\/100|[from] item: Leftovers\n|upkeep\n|turn|10\n|\n|t:|1700836192\n|move|p2a: Giratina|Will-O-Wisp|p1a: Tapu Lele|[miss]\n|-miss|p2a: Giratina|p1a: Tapu Lele\n|move|p1a: Tapu Lele|Iron Defense|p1a: Tapu Lele\n|-boost|p1a: Tapu Lele|def|2\n|\n|-heal|p1a: Tapu Lele|94\/100|[from] item: Leftovers\n|upkeep\n|turn|11\n|\n|t:|1700836200\n|switch|p2a: Ditto|Ditto|22\/100\n|-transform|p2a: Ditto|p1a: Tapu Lele|[from] ability: Imposter\n|move|p1a: Tapu Lele|Iron Defense|p1a: Tapu Lele\n|-boost|p1a: Tapu Lele|def|2\n|\n|-heal|p1a: Tapu Lele|100\/100|[from] item: Leftovers\n|upkeep\n|turn|12\n|\n|t:|1700836214\n|move|p2a: Ditto|Stored Power|p1a: Tapu Lele\n|-resisted|p1a: Tapu Lele\n|-damage|p1a: Tapu Lele|76\/100\n|move|p1a: Tapu Lele|Draining Kiss|p2a: Ditto\n|-damage|p2a: Ditto|0 fnt\n|-heal|p1a: Tapu Lele|87\/100|[from] drain|[of] p2a: Ditto\n|faint|p2a: Ditto\n|\n|-heal|p1a: Tapu Lele|94\/100|[from] item: Leftovers\n|-fieldend|move: Psychic Terrain\n|upkeep\n|\n|t:|1700836220\n|switch|p2a: Giratina|Giratina-Origin|100\/100\n|turn|13\n|\n|t:|1700836227\n|-terastallize|p2a: Giratina|Fairy\n|move|p2a: Giratina|Will-O-Wisp|p1a: Tapu Lele\n|-status|p1a: Tapu Lele|brn\n|move|p1a: Tapu Lele|Calm Mind|p1a: Tapu Lele\n|-boost|p1a: Tapu Lele|spa|1\n|-boost|p1a: Tapu Lele|spd|1\n|\n|-heal|p1a: Tapu Lele|99\/100 brn|[from] item: Leftovers\n|-damage|p1a: Tapu Lele|94\/100 brn|[from] brn\n|upkeep\n|turn|14\n|\n|t:|1700836239\n|move|p2a: Giratina|Substitute|p2a: Giratina\n|-start|p2a: Giratina|Substitute\n|-damage|p2a: Giratina|76\/100\n|move|p1a: Tapu Lele|Calm Mind|p1a: Tapu Lele\n|-boost|p1a: Tapu Lele|spa|1\n|-boost|p1a: Tapu Lele|spd|1\n|\n|-heal|p1a: Tapu Lele|99\/100 brn|[from] item: Leftovers\n|-damage|p1a: Tapu Lele|94\/100 brn|[from] brn\n|upkeep\n|turn|15\n|\n|t:|1700836250\n|move|p2a: Giratina|Shadow Force||[still]\n|-prepare|p2a: Giratina|Shadow Force\n|move|p1a: Tapu Lele|Draining Kiss|p2a: Giratina|[miss]\n|-miss|p1a: Tapu Lele|p2a: Giratina\n|\n|-heal|p1a: Tapu Lele|99\/100 brn|[from] item: Leftovers\n|-damage|p1a: Tapu Lele|94\/100 brn|[from] brn\n|upkeep\n|turn|16\n|\n|t:|1700836258\n|move|p2a: Giratina|Shadow Force|p1a: Tapu Lele|[from]lockedmove\n|-supereffective|p1a: Tapu Lele\n|-damage|p1a: Tapu Lele|60\/100 brn\n|move|p1a: Tapu Lele|Draining Kiss|p2a: Giratina\n|-end|p2a: Giratina|Substitute\n|-heal|p1a: Tapu Lele|84\/100 brn|[from] drain|[of] p2a: Giratina\n|\n|-heal|p1a: Tapu Lele|90\/100 brn|[from] item: Leftovers\n|-damage|p1a: Tapu Lele|84\/100 brn|[from] brn\n|upkeep\n|turn|17\n|\n|t:|1700836270\n|move|p2a: Giratina|Substitute|p2a: Giratina\n|-start|p2a: Giratina|Substitute\n|-damage|p2a: Giratina|51\/100\n|move|p1a: Tapu Lele|Draining Kiss|p2a: Giratina\n|-end|p2a: Giratina|Substitute\n|-heal|p1a: Tapu Lele|100\/100 brn|[from] drain|[of] p2a: Giratina\n|\n|-damage|p1a: Tapu Lele|94\/100 brn|[from] brn\n|upkeep\n|turn|18\n|\n|t:|1700836280\n|move|p2a: Giratina|Shadow Force||[still]\n|-prepare|p2a: Giratina|Shadow Force\n|move|p1a: Tapu Lele|Calm Mind|p1a: Tapu Lele\n|-boost|p1a: Tapu Lele|spa|1\n|-boost|p1a: Tapu Lele|spd|1\n|\n|-heal|p1a: Tapu Lele|100\/100 brn|[from] item: Leftovers\n|-damage|p1a: Tapu Lele|94\/100 brn|[from] brn\n|upkeep\n|turn|19\n|\n|t:|1700836288\n|move|p2a: Giratina|Shadow Force|p1a: Tapu Lele|[from]lockedmove\n|-supereffective|p1a: Tapu Lele\n|-damage|p1a: Tapu Lele|66\/100 brn\n|move|p1a: Tapu Lele|Draining Kiss|p2a: Giratina\n|-damage|p2a: Giratina|8\/100\n|-heal|p1a: Tapu Lele|100\/100 brn|[from] drain|[of] p2a: Giratina\n|\n|-damage|p1a: Tapu Lele|94\/100 brn|[from] brn\n|upkeep\n|turn|20\n|\n|t:|1700836299\n|move|p2a: Giratina|Shadow Force||[still]\n|-prepare|p2a: Giratina|Shadow Force\n|move|p1a: Tapu Lele|Calm Mind|p1a: Tapu Lele\n|-boost|p1a: Tapu Lele|spa|1\n|-boost|p1a: Tapu Lele|spd|1\n|\n|-heal|p1a: Tapu Lele|100\/100 brn|[from] item: Leftovers\n|-damage|p1a: Tapu Lele|94\/100 brn|[from] brn\n|upkeep\n|turn|21\n|\n|t:|1700836308\n|move|p2a: Giratina|Shadow Force|p1a: Tapu Lele|[from]lockedmove\n|-supereffective|p1a: Tapu Lele\n|-damage|p1a: Tapu Lele|65\/100 brn\n|move|p1a: Tapu Lele|Draining Kiss|p2a: Giratina\n|-damage|p2a: Giratina|0 fnt\n|-heal|p1a: Tapu Lele|72\/100 brn|[from] drain|[of] p2a: Giratina\n|faint|p2a: Giratina\n|\n|-heal|p1a: Tapu Lele|78\/100 brn|[from] item: Leftovers\n|-damage|p1a: Tapu Lele|72\/100 brn|[from] brn\n|upkeep\n|\n|t:|1700836312\n|switch|p2a: Zacian|Zacian-Crowned|100\/100\n|-ability|p2a: Zacian|Intrepid Sword|boost\n|-boost|p2a: Zacian|atk|1\n|turn|22\n|\n|t:|1700836326\n|-terastallize|p1a: Tapu Lele|Psychic\n|move|p2a: Zacian|Swords Dance|p2a: Zacian\n|-boost|p2a: Zacian|atk|2\n|move|p1a: Tapu Lele|Stored Power|p2a: Zacian\n|-resisted|p2a: Zacian\n|-damage|p2a: Zacian|0 fnt\n|faint|p2a: Zacian\n|\n|-heal|p1a: Tapu Lele|78\/100 brn|[from] item: Leftovers\n|-damage|p1a: Tapu Lele|72\/100 brn|[from] brn\n|upkeep\n|\n|t:|1700836335\n|switch|p2a: Calyrex|Calyrex-Ice|100\/100\n|-ability|p2a: Calyrex|As One\n|-ability|p2a: Calyrex|Unnerve\n|turn|23\n|c|\u2606SylverOmega|Gg\n|\n|t:|1700836344\n|move|p1a: Tapu Lele|Draining Kiss|p2a: Calyrex\n|-damage|p2a: Calyrex|54\/100\n|-heal|p1a: Tapu Lele|100\/100 brn|[from] drain|[of] p2a: Calyrex\n|move|p2a: Calyrex|Trick Room|p2a: Calyrex\n|-fieldstart|move: Trick Room|[of] p2a: Calyrex\n|\n|-damage|p1a: Tapu Lele|94\/100 brn|[from] brn\n|upkeep\n|turn|24\n|\n|t:|1700836352\n|move|p2a: Calyrex|Glacial Lance|p1a: Tapu Lele\n|-damage|p1a: Tapu Lele|76\/100 brn\n|move|p1a: Tapu Lele|Stored Power|p2a: Calyrex\n|-resisted|p2a: Calyrex\n|-damage|p2a: Calyrex|0 fnt\n|faint|p2a: Calyrex\n|\n|win|SylverOmega\n|raw|SylverOmega's rating: 1301 &rarr; <strong>1321<\/strong><br \/>(+20 for winning)\n|raw|championkenzy's rating: 1293 &rarr; <strong>1269<\/strong><br \/>(-24 for losing)\n|l|\u2606championkenzy\n","uploadtime":1700836367,"views":13,"p1id":"sylveromega","p2id":"championkenzy","formatid":"gen9nationaldexubers","rating":1269,"private":0,"password":""}