{"id":"gen9nationaldexubers-1990431701","p1":"85792195wwww","p2":"shaoning1234","format":"[Gen 9] National Dex Ubers","log":"|j|\u260685792195wwww\n|j|\u2606shaoning1234\n|t:|1699970334\n|gametype|singles\n|player|p1|85792195wwww|mira|1526\n|player|p2|shaoning1234|169|1368\n|teamsize|p1|6\n|teamsize|p2|6\n|gen|9\n|tier|[Gen 9] National Dex Ubers\n|rated|\n|rule|HP Percentage Mod: HP is shown in percentages\n|rule|Endless Battle Clause: Forcing endless battles is banned\n|rule|OHKO Clause: OHKO moves are banned\n|rule|Evasion Moves Clause: Evasion moves are banned\n|rule|Evasion Items Clause: Evasion items are banned\n|rule|Species Clause: Limit one of each Pok\u00e9mon\n|rule|Sleep Clause Mod: Limit one foe put to sleep\n|rule|Mega Rayquaza Clause: You cannot mega evolve Rayquaza\n|clearpoke\n|poke|p1|Xerneas-*|\n|poke|p1|Arceus-Ground|\n|poke|p1|Deoxys-Speed|\n|poke|p1|Landorus, M|\n|poke|p1|Groudon|\n|poke|p1|Rayquaza|\n|poke|p2|Grimmsnarl, M|\n|poke|p2|Kyogre|\n|poke|p2|Urshifu-*, F|\n|poke|p2|Necrozma-Dusk-Mane|\n|poke|p2|Arceus-Ground|\n|poke|p2|Xerneas-*|\n|teampreview\n|\n|t:|1699970349\n|start\n|switch|p1a: Groudon|Groudon|100\/100\n|switch|p2a: Grimmsnarl|Grimmsnarl, M|100\/100\n|detailschange|p1a: Groudon|Groudon-Primal\n|-primal|p1a: Groudon|Red Orb\n|-weather|DesolateLand|[from] ability: Desolate Land|[of] p1a: Groudon\n|turn|1\n|\n|t:|1699970359\n|move|p2a: Grimmsnarl|Reflect|p2a: Grimmsnarl\n|-sidestart|p2: shaoning1234|Reflect\n|move|p1a: Groudon|Hone Claws|p1a: Groudon\n|-boost|p1a: Groudon|atk|1\n|-boost|p1a: Groudon|accuracy|1\n|\n|-weather|DesolateLand|[upkeep]\n|upkeep\n|turn|2\n|\n|t:|1699970365\n|move|p2a: Grimmsnarl|Taunt|p1a: Groudon\n|-start|p1a: Groudon|move: Taunt\n|move|p1a: Groudon|Heat Crash|p2a: Grimmsnarl\n|-damage|p2a: Grimmsnarl|0 fnt\n|faint|p2a: Grimmsnarl\n|\n|-weather|DesolateLand|[upkeep]\n|upkeep\n|\n|t:|1699970370\n|switch|p2a: Arceus|Arceus-Ground|100\/100\n|turn|3\n|\n|t:|1699970379\n|move|p2a: Arceus|Judgment|p1a: Groudon\n|-supereffective|p1a: Groudon\n|-damage|p1a: Groudon|0 fnt\n|faint|p1a: Groudon\n|-weather|none\n|\n|upkeep\n|\n|t:|1699970387\n|switch|p1a: Deoxys|Deoxys-Speed|100\/100\n|-ability|p1a: Deoxys|Pressure\n|turn|4\n|\n|t:|1699970396\n|switch|p2a: Urshifu|Urshifu-Rapid-Strike, F|100\/100\n|move|p1a: Deoxys|Spikes|p2a: Urshifu\n|-sidestart|p2: shaoning1234|Spikes\n|\n|upkeep\n|turn|5\n|\n|t:|1699970406\n|move|p1a: Deoxys|Spikes|p2a: Urshifu\n|-sidestart|p2: shaoning1234|Spikes\n|move|p2a: Urshifu|Trailblaze|p1a: Deoxys\n|-damage|p1a: Deoxys|74\/100\n|-boost|p2a: Urshifu|spe|1\n|\n|upkeep\n|turn|6\n|\n|t:|1699970415\n|move|p1a: Deoxys|Psycho Boost|p2a: Urshifu\n|-supereffective|p2a: Urshifu\n|-damage|p2a: Urshifu|0 fnt\n|-unboost|p1a: Deoxys|spa|2\n|faint|p2a: Urshifu\n|\n|upkeep\n|\n|t:|1699970420\n|switch|p2a: Necrozma|Necrozma-Dusk-Mane|100\/100\n|-damage|p2a: Necrozma|84\/100|[from] Spikes\n|turn|7\n|\n|t:|1699970425\n|move|p1a: Deoxys|Taunt|p2a: Necrozma\n|-start|p2a: Necrozma|move: Taunt\n|cant|p2a: Necrozma|move: Taunt|Dragon Dance\n|\n|upkeep\n|turn|8\n|\n|t:|1699970432\n|move|p1a: Deoxys|Spikes|p2a: Necrozma\n|-sidestart|p2: shaoning1234|Spikes\n|move|p2a: Necrozma|Sunsteel Strike|p1a: Deoxys\n|-damage|p1a: Deoxys|0 fnt\n|faint|p1a: Deoxys\n|\n|-sideend|p2: shaoning1234|Reflect\n|upkeep\n|\n|t:|1699970443\n|switch|p1a: Arceus|Arceus-Ground|100\/100\n|turn|9\n|\n|t:|1699970456\n|move|p1a: Arceus|Dragon Dance|p1a: Arceus\n|-boost|p1a: Arceus|atk|1\n|-boost|p1a: Arceus|spe|1\n|move|p2a: Necrozma|Earthquake|p1a: Arceus\n|-damage|p1a: Arceus|72\/100\n|\n|-end|p2a: Necrozma|move: Taunt\n|upkeep\n|turn|10\n|\n|t:|1699970465\n|move|p1a: Arceus|Earthquake|p2a: Necrozma\n|-supereffective|p2a: Necrozma\n|-damage|p2a: Necrozma|0 fnt\n|faint|p2a: Necrozma\n|\n|upkeep\n|-message|shaoning1234 forfeited.\n|\n|win|85792195wwww\n|raw|85792195wwww's rating: 1526 &rarr; <strong>1537<\/strong><br \/>(+11 for winning)\n|raw|shaoning1234's rating: 1368 &rarr; <strong>1357<\/strong><br \/>(-11 for losing)\n|l|\u2606shaoning1234\n","uploadtime":1699970486,"views":6,"p1id":"85792195wwww","p2id":"shaoning1234","formatid":"gen9nationaldexubers","rating":1357,"private":0,"password":""}