{"id":"gen9nationaldexubers-1999287979","p1":"MiniBearGrahams","p2":"m444rf","format":"[Gen 9] National Dex Ubers","log":"|j|\u2606MiniBearGrahams\n|j|\u2606m444rf\n|t:|1701055425\n|gametype|singles\n|player|p1|MiniBearGrahams|pokefanf-gen4|\n|player|p2|m444rf|1|\n|teamsize|p1|6\n|teamsize|p2|6\n|gen|9\n|tier|[Gen 9] National Dex Ubers\n|rule|HP Percentage Mod: HP is shown in percentages\n|rule|Endless Battle Clause: Forcing endless battles is banned\n|rule|OHKO Clause: OHKO moves are banned\n|rule|Evasion Moves Clause: Evasion moves are banned\n|rule|Evasion Items Clause: Evasion items are banned\n|rule|Species Clause: Limit one of each Pok\u00e9mon\n|rule|Sleep Clause Mod: Limit one foe put to sleep\n|rule|Mega Rayquaza Clause: You cannot mega evolve Rayquaza\n|clearpoke\n|poke|p1|Muk-Alola, M|\n|poke|p1|Cinderace, M|\n|poke|p1|Medicham, M|\n|poke|p1|Garchomp, M|\n|poke|p1|Inteleon, F|\n|poke|p1|Zapdos|\n|poke|p2|Dragapult, F|\n|poke|p2|Great Tusk|\n|poke|p2|Scolipede, F|\n|poke|p2|Moltres|\n|poke|p2|Bisharp, M|\n|poke|p2|Slowking, M|\n|teampreview\n|j| Lunar Sloth\n|j| Demolution545\n|l| Demolution545\n|j| Smackey_5\n|c|\u2606MiniBearGrahams|9:26 we can start\n|c|\u2606m444rf|ready?\n|c|\u2606MiniBearGrahams|oh\n|c|\u2606m444rf|ok\n|c|\u2606MiniBearGrahams|yeah kk\n|c|\u2606m444rf|im down to wait\n|c|\u2606MiniBearGrahams|just wanna make sure people can join and stuff\n|c|\u2606MiniBearGrahams|kk glhf !\n|c|\u2606m444rf|u2\n|\n|t:|1701055580\n|start\n|switch|p1a: Zapdos|Zapdos|100\/100\n|switch|p2a: Dragapult|Dragapult, F|100\/100\n|turn|1\n|\n|t:|1701055601\n|switch|p2a: Slowking|Slowking, M|100\/100\n|move|p1a: Zapdos|Volt Switch|p2a: Slowking\n|-supereffective|p2a: Slowking\n|-damage|p2a: Slowking|66\/100\n|\n|t:|1701055609\n|switch|p1a: Medicham|Medicham, M|100\/100|[from] Volt Switch\n|\n|-heal|p2a: Slowking|73\/100|[from] item: Leftovers\n|upkeep\n|turn|2\n|\n|t:|1701055629\n|switch|p2a: Dragapult|Dragapult, F|100\/100\n|detailschange|p1a: Medicham|Medicham-Mega, M\n|-mega|p1a: Medicham|Medicham|Medichamite\n|move|p1a: Medicham|Fake Out|p2a: Dragapult\n|-immune|p2a: Dragapult\n|\n|upkeep\n|turn|3\n|\n|t:|1701055638\n|switch|p1a: Muk|Muk-Alola, M|100\/100\n|move|p2a: Dragapult|Will-O-Wisp|p1a: Muk\n|-status|p1a: Muk|brn\n|\n|-damage|p1a: Muk|94\/100 brn|[from] brn\n|upkeep\n|turn|4\n|\n|t:|1701055644\n|move|p2a: Dragapult|Dragon Darts|p1a: Muk\n|-damage|p1a: Muk|76\/100 brn\n|-anim|p2a: Dragapult|Dragon Darts|p1a: Muk\n|-damage|p1a: Muk|59\/100 brn\n|move|p1a: Muk|Knock Off|p2a: Dragapult\n|-supereffective|p2a: Dragapult\n|-enditem|p2a: Dragapult|Colbur Berry|[eat]\n|-enditem|p2a: Dragapult|Colbur Berry|[weaken]\n|-damage|p2a: Dragapult|77\/100\n|-status|p2a: Dragapult|psn|[from] ability: Poison Touch|[of] p1a: Muk\n|\n|-damage|p2a: Dragapult|65\/100 psn|[from] psn\n|-damage|p1a: Muk|53\/100 brn|[from] brn\n|upkeep\n|turn|5\n|\n|t:|1701055684\n|move|p2a: Dragapult|Dragon Darts|p1a: Muk\n|-damage|p1a: Muk|34\/100 brn\n|-anim|p2a: Dragapult|Dragon Darts|p1a: Muk\n|-damage|p1a: Muk|14\/100 brn\n|move|p1a: Muk|Pursuit|p2a: Dragapult\n|-supereffective|p2a: Dragapult\n|-damage|p2a: Dragapult|43\/100 psn\n|\n|-damage|p2a: Dragapult|31\/100 psn|[from] psn\n|-damage|p1a: Muk|8\/100 brn|[from] brn\n|upkeep\n|turn|6\n|\n|t:|1701055693\n|switch|p1a: Zapdos|Zapdos|100\/100\n|move|p2a: Dragapult|Dragon Darts|p1a: Zapdos\n|-damage|p1a: Zapdos|76\/100\n|-anim|p2a: Dragapult|Dragon Darts|p1a: Zapdos\n|-damage|p1a: Zapdos|51\/100\n|\n|-damage|p2a: Dragapult|19\/100 psn|[from] psn\n|upkeep\n|turn|7\n|\n|t:|1701055700\n|move|p2a: Dragapult|U-turn|p1a: Zapdos\n|-resisted|p1a: Zapdos\n|-damage|p1a: Zapdos|39\/100\n|\n|t:|1701055704\n|switch|p2a: Great Tusk|Great Tusk|100\/100|[from] U-turn\n|move|p1a: Zapdos|Roost|p1a: Zapdos\n|-heal|p1a: Zapdos|89\/100\n|-singleturn|p1a: Zapdos|move: Roost\n|\n|upkeep\n|turn|8\n|\n|t:|1701055714\n|-end|p2a: Great Tusk|Protosynthesis|[silent]\n|switch|p2a: Slowking|Slowking, M|100\/100\n|move|p1a: Zapdos|Hurricane|p2a: Slowking\n|-damage|p2a: Slowking|74\/100\n|\n|-heal|p2a: Slowking|80\/100|[from] item: Leftovers\n|upkeep\n|turn|9\n|\n|t:|1701055724\n|move|p1a: Zapdos|Discharge|p2a: Slowking\n|-supereffective|p2a: Slowking\n|-damage|p2a: Slowking|45\/100\n|move|p2a: Slowking|Ice Beam|p1a: Zapdos\n|-supereffective|p1a: Zapdos\n|-damage|p1a: Zapdos|51\/100\n|\n|-heal|p2a: Slowking|51\/100|[from] item: Leftovers\n|upkeep\n|turn|10\n|\n|t:|1701055745\n|move|p1a: Zapdos|Volt Switch|p2a: Slowking\n|-supereffective|p2a: Slowking\n|-damage|p2a: Slowking|19\/100\n|\n|t:|1701055753\n|switch|p1a: Medicham|Medicham-Mega, M|100\/100|[from] Volt Switch\n|move|p2a: Slowking|Teleport|p2a: Slowking\n|\n|t:|1701055763\n|switch|p2a: Moltres|Moltres|100\/100|[from] Teleport\n|\n|upkeep\n|turn|11\n|\n|t:|1701055770\n|move|p1a: Medicham|Fake Out|p2a: Moltres\n|-damage|p2a: Moltres|83\/100\n|cant|p2a: Moltres|flinch\n|\n|upkeep\n|turn|12\n|\n|t:|1701055781\n|switch|p1a: Muk|Muk-Alola, M|8\/100 brn\n|move|p2a: Moltres|Will-O-Wisp|p1a: Muk\n|-fail|p1a: Muk|brn\n|\n|-damage|p1a: Muk|2\/100 brn|[from] brn\n|upkeep\n|turn|13\n|\n|t:|1701055793\n|move|p2a: Moltres|U-turn|p1a: Muk\n|-damage|p1a: Muk|0 fnt\n|faint|p1a: Muk\n|\n|t:|1701055795\n|switch|p2a: Dragapult|Dragapult, F|19\/100 psn|[from] U-turn\n|\n|-damage|p2a: Dragapult|6\/100 psn|[from] psn\n|upkeep\n|\n|t:|1701055808\n|switch|p1a: Inteleon|Inteleon, F|100\/100\n|turn|14\n|\n|t:|1701055828\n|move|p1a: Inteleon|U-turn|p2a: Dragapult\n|-resisted|p2a: Dragapult\n|-damage|p2a: Dragapult|0 fnt\n|faint|p2a: Dragapult\n|\n|t:|1701055853\n|switch|p1a: Zapdos|Zapdos|51\/100|[from] U-turn\n|\n|upkeep\n|\n|t:|1701055873\n|switch|p2a: Scolipede|Scolipede, F|100\/100\n|turn|15\n|\n|t:|1701055883\n|-terastallize|p2a: Scolipede|Rock\n|move|p2a: Scolipede|Rock Slide|p1a: Zapdos\n|-supereffective|p1a: Zapdos\n|-damage|p1a: Zapdos|0 fnt\n|faint|p1a: Zapdos\n|\n|-ability|p2a: Scolipede|Speed Boost|boost\n|-boost|p2a: Scolipede|spe|1\n|upkeep\n|\n|t:|1701055887\n|switch|p1a: Inteleon|Inteleon, F|100\/100\n|turn|16\n|\n|t:|1701055920\n|move|p1a: Inteleon|Surf|p2a: Scolipede\n|-supereffective|p2a: Scolipede\n|-crit|p2a: Scolipede\n|-enditem|p2a: Scolipede|Focus Sash\n|-damage|p2a: Scolipede|1\/100\n|move|p2a: Scolipede|Earthquake|p1a: Inteleon\n|-damage|p1a: Inteleon|47\/100\n|\n|-ability|p2a: Scolipede|Speed Boost|boost\n|-boost|p2a: Scolipede|spe|1\n|upkeep\n|turn|17\n|\n|t:|1701055936\n|switch|p1a: Garchomp|Garchomp, M|100\/100\n|move|p2a: Scolipede|Earthquake|p1a: Garchomp\n|-damage|p1a: Garchomp|77\/100\n|\n|-heal|p1a: Garchomp|83\/100|[from] item: Leftovers\n|-ability|p2a: Scolipede|Speed Boost|boost\n|-boost|p2a: Scolipede|spe|1\n|upkeep\n|turn|18\n|\n|t:|1701055944\n|switch|p2a: Great Tusk|Great Tusk|100\/100\n|move|p1a: Garchomp|Dragon Tail|p2a: Great Tusk\n|-damage|p2a: Great Tusk|86\/100\n|-end|p2a: Great Tusk|Protosynthesis|[silent]\n|drag|p2a: Bisharp|Bisharp, M|100\/100\n|\n|-heal|p1a: Garchomp|89\/100|[from] item: Leftovers\n|upkeep\n|turn|19\n|\n|t:|1701055978\n|switch|p2a: Great Tusk|Great Tusk|86\/100\n|move|p1a: Garchomp|Earthquake|p2a: Great Tusk\n|-damage|p2a: Great Tusk|59\/100\n|\n|-heal|p1a: Garchomp|95\/100|[from] item: Leftovers\n|-heal|p2a: Great Tusk|65\/100|[from] item: Leftovers\n|upkeep\n|turn|20\n|\n|t:|1701055986\n|-terastallize|p1a: Garchomp|Fairy\n|move|p2a: Great Tusk|Ice Spinner|p1a: Garchomp\n|-damage|p1a: Garchomp|72\/100\n|-damage|p2a: Great Tusk|53\/100|[from] ability: Rough Skin|[of] p1a: Garchomp\n|move|p1a: Garchomp|Dragon Tail|p2a: Great Tusk|[miss]\n|-miss|p1a: Garchomp|p2a: Great Tusk\n|\n|-heal|p1a: Garchomp|79\/100|[from] item: Leftovers\n|-heal|p2a: Great Tusk|59\/100|[from] item: Leftovers\n|upkeep\n|turn|21\n|\n|t:|1701056006\n|-end|p2a: Great Tusk|Protosynthesis|[silent]\n|switch|p2a: Moltres|Moltres|83\/100\n|move|p1a: Garchomp|Stealth Rock|p2a: Moltres\n|-sidestart|p2: m444rf|move: Stealth Rock\n|\n|-heal|p1a: Garchomp|85\/100|[from] item: Leftovers\n|upkeep\n|turn|22\n|\n|t:|1701056012\n|move|p2a: Moltres|Will-O-Wisp|p1a: Garchomp\n|-status|p1a: Garchomp|brn\n|move|p1a: Garchomp|Dragon Tail|p2a: Moltres\n|-damage|p2a: Moltres|73\/100\n|drag|p2a: Bisharp|Bisharp, M|100\/100\n|-damage|p2a: Bisharp|95\/100|[from] Stealth Rock\n|\n|-heal|p1a: Garchomp|91\/100 brn|[from] item: Leftovers\n|-damage|p1a: Garchomp|85\/100 brn|[from] brn\n|upkeep\n|turn|23\n|\n|t:|1701056023\n|move|p1a: Garchomp|Earthquake|p2a: Bisharp\n|-supereffective|p2a: Bisharp\n|-damage|p2a: Bisharp|52\/100\n|move|p2a: Bisharp|Iron Head|p1a: Garchomp\n|-supereffective|p1a: Garchomp\n|-damage|p1a: Garchomp|16\/100 brn\n|-damage|p2a: Bisharp|40\/100|[from] ability: Rough Skin|[of] p1a: Garchomp\n|\n|-heal|p1a: Garchomp|22\/100 brn|[from] item: Leftovers\n|-damage|p1a: Garchomp|16\/100 brn|[from] brn\n|upkeep\n|turn|24\n|\n|t:|1701056027\n|move|p2a: Bisharp|Sucker Punch|p1a: Garchomp\n|-resisted|p1a: Garchomp\n|-damage|p1a: Garchomp|0 fnt\n|-damage|p2a: Bisharp|28\/100|[from] ability: Rough Skin|[of] p1a: Garchomp\n|faint|p1a: Garchomp\n|\n|upkeep\n|\n|t:|1701056036\n|switch|p1a: Inteleon|Inteleon, F|47\/100\n|turn|25\n|\n|t:|1701056038\n|move|p1a: Inteleon|Vacuum Wave|p2a: Bisharp\n|-supereffective|p2a: Bisharp\n|-damage|p2a: Bisharp|0 fnt\n|faint|p2a: Bisharp\n|\n|upkeep\n|\n|t:|1701056047\n|switch|p2a: Great Tusk|Great Tusk|59\/100\n|-damage|p2a: Great Tusk|56\/100|[from] Stealth Rock\n|turn|26\n|\n|t:|1701056062\n|switch|p1a: Cinderace|Cinderace, M|100\/100\n|move|p2a: Great Tusk|Earthquake|p1a: Cinderace\n|-supereffective|p1a: Cinderace\n|-damage|p1a: Cinderace|0 fnt\n|faint|p1a: Cinderace\n|\n|-heal|p2a: Great Tusk|62\/100|[from] item: Leftovers\n|upkeep\n|\n|t:|1701056074\n|switch|p1a: Medicham|Medicham-Mega, M|100\/100\n|turn|27\n|\n|t:|1701056078\n|-end|p2a: Great Tusk|Protosynthesis|[silent]\n|switch|p2a: Scolipede|Scolipede, F, tera:Rock|1\/100\n|-damage|p2a: Scolipede|0 fnt|[from] Stealth Rock\n|faint|p2a: Scolipede\n|move|p1a: Medicham|Zen Headbutt|p2: Scolipede|[notarget]\n|-fail|p1a: Medicham\n|\n|upkeep\n|\n|t:|1701056081\n|switch|p2a: Moltres|Moltres|73\/100\n|turn|28\n|\n|t:|1701056094\n|move|p1a: Medicham|Zen Headbutt|p2a: Moltres\n|-damage|p2a: Moltres|25\/100\n|-status|p1a: Medicham|brn|[from] ability: Flame Body|[of] p2a: Moltres\n|move|p2a: Moltres|U-turn|p1a: Medicham\n|-damage|p1a: Medicham|77\/100 brn\n|\n|t:|1701056102\n|switch|p2a: Slowking|Slowking, M|52\/100|[from] U-turn\n|-damage|p2a: Slowking|40\/100|[from] Stealth Rock\n|\n|-heal|p2a: Slowking|46\/100|[from] item: Leftovers\n|-damage|p1a: Medicham|71\/100 brn|[from] brn\n|upkeep\n|turn|29\n|\n|t:|1701056106\n|move|p1a: Medicham|Trailblaze|p2a: Slowking\n|-supereffective|p2a: Slowking\n|-damage|p2a: Slowking|11\/100\n|-boost|p1a: Medicham|spe|1\n|move|p2a: Slowking|Teleport|p2a: Slowking\n|\n|t:|1701056131\n|switch|p2a: Great Tusk|Great Tusk|62\/100|[from] Teleport\n|-damage|p2a: Great Tusk|59\/100|[from] Stealth Rock\n|\n|-heal|p2a: Great Tusk|66\/100|[from] item: Leftovers\n|-damage|p1a: Medicham|64\/100 brn|[from] brn\n|upkeep\n|turn|30\n|\n|t:|1701056137\n|move|p1a: Medicham|Zen Headbutt|p2a: Great Tusk\n|-supereffective|p2a: Great Tusk\n|-crit|p2a: Great Tusk\n|-damage|p2a: Great Tusk|0 fnt\n|faint|p2a: Great Tusk\n|-end|p2a: Great Tusk|Protosynthesis|[silent]\n|\n|-damage|p1a: Medicham|58\/100 brn|[from] brn\n|upkeep\n|c| Lunar Sloth|wonder if that crit mattered\n|c| Lunar Sloth|probably\n|c|\u2606MiniBearGrahams|definitely\n|\n|t:|1701056152\n|switch|p2a: Slowking|Slowking, M|45\/100\n|-damage|p2a: Slowking|32\/100|[from] Stealth Rock\n|turn|31\n|\n|t:|1701056161\n|move|p1a: Medicham|Trailblaze|p2a: Slowking\n|-supereffective|p2a: Slowking\n|-damage|p2a: Slowking|0 fnt\n|-boost|p1a: Medicham|spe|1\n|faint|p2a: Slowking\n|\n|-damage|p1a: Medicham|52\/100 brn|[from] brn\n|upkeep\n|\n|t:|1701056162\n|switch|p2a: Moltres|Moltres|25\/100\n|turn|32\n|c|\u2606m444rf|man\n|\n|t:|1701056171\n|move|p1a: Medicham|Zen Headbutt|p2a: Moltres\n|-damage|p2a: Moltres|0 fnt\n|faint|p2a: Moltres\n|\n|win|MiniBearGrahams\n","uploadtime":1701056190,"views":4,"p1id":"minibeargrahams","p2id":"m444rf","formatid":"gen9nationaldexubers","rating":0,"private":0,"password":""}