{"id":"gen9nationaldexubers-1984815821","p1":"slice 1020","p2":"FLOWER-M0DE\u267b\ufe0f","format":"[Gen 9] National Dex Ubers","log":"|j|\u2606slice 1020\n|j|\u2606FLOWER-M0DE\u267b\ufe0f\n|t:|1699301361\n|gametype|singles\n|player|p1|slice 1020|supernerd|1106\n|player|p2|FLOWER-M0DE\u267b\ufe0f|erika-masters|1075\n|teamsize|p1|6\n|teamsize|p2|6\n|gen|9\n|tier|[Gen 9] National Dex Ubers\n|rated|\n|rule|HP Percentage Mod: HP is shown in percentages\n|rule|Endless Battle Clause: Forcing endless battles is banned\n|rule|OHKO Clause: OHKO moves are banned\n|rule|Evasion Moves Clause: Evasion moves are banned\n|rule|Evasion Items Clause: Evasion items are banned\n|rule|Species Clause: Limit one of each Pok\u00e9mon\n|rule|Sleep Clause Mod: Limit one foe put to sleep\n|rule|Mega Rayquaza Clause: You cannot mega evolve Rayquaza\n|clearpoke\n|poke|p1|Azumarill, M|\n|poke|p1|Simipour, F|\n|poke|p1|Gyarados, F|\n|poke|p1|Golisopod, F|\n|poke|p1|Rotom-Wash|\n|poke|p1|Toxapex, F|\n|poke|p2|Shaymin-Sky|\n|poke|p2|Leafeon, M|\n|poke|p2|Ogerpon-Hearthflame, F|\n|poke|p2|Tapu Bulu|\n|poke|p2|Lilligant, F|\n|poke|p2|Sceptile, M|\n|teampreview\n|c|\u2606slice 1020|uh oh\n|\n|t:|1699301379\n|start\n|switch|p1a: Toxapex|Toxapex, F, shiny|100\/100\n|switch|p2a: \ud83c\udf8d\ud83c\udf43TAPU BULU\ud83c\udf34|Tapu Bulu, shiny|100\/100\n|-fieldstart|move: Grassy Terrain|[from] ability: Grassy Surge|[of] p2a: \ud83c\udf8d\ud83c\udf43TAPU BULU\ud83c\udf34\n|turn|1\n|c|\u2606slice 1020|u really like plants\n|\n|t:|1699301392\n|move|p1a: Toxapex|Baneful Bunker|p1a: Toxapex\n|-singleturn|p1a: Toxapex|move: Protect\n|move|p2a: \ud83c\udf8d\ud83c\udf43TAPU BULU\ud83c\udf34|Sunny Day|p2a: \ud83c\udf8d\ud83c\udf43TAPU BULU\ud83c\udf34\n|-weather|SunnyDay\n|\n|-weather|SunnyDay|[upkeep]\n|upkeep\n|turn|2\n|\n|t:|1699301405\n|switch|p2a: \ud83c\udf3a\ud83d\udc90LILLIGANT\ud83d\udc90\ud83c\udf3a|Lilligant, F, shiny|100\/100\n|move|p1a: Toxapex|Toxic Spikes|p2a: \ud83c\udf3a\ud83d\udc90LILLIGANT\ud83d\udc90\ud83c\udf3a\n|-sidestart|p2: FLOWER-M0DE\u267b\ufe0f|move: Toxic Spikes\n|\n|-weather|SunnyDay|[upkeep]\n|upkeep\n|turn|3\n|\n|t:|1699301413\n|-terastallize|p2a: \ud83c\udf3a\ud83d\udc90LILLIGANT\ud83d\udc90\ud83c\udf3a|Grass\n|move|p2a: \ud83c\udf3a\ud83d\udc90LILLIGANT\ud83d\udc90\ud83c\udf3a|Quiver Dance|p2a: \ud83c\udf3a\ud83d\udc90LILLIGANT\ud83d\udc90\ud83c\udf3a\n|-boost|p2a: \ud83c\udf3a\ud83d\udc90LILLIGANT\ud83d\udc90\ud83c\udf3a|spa|1\n|-boost|p2a: \ud83c\udf3a\ud83d\udc90LILLIGANT\ud83d\udc90\ud83c\udf3a|spd|1\n|-boost|p2a: \ud83c\udf3a\ud83d\udc90LILLIGANT\ud83d\udc90\ud83c\udf3a|spe|1\n|move|p1a: Toxapex|Toxic Spikes|p2a: \ud83c\udf3a\ud83d\udc90LILLIGANT\ud83d\udc90\ud83c\udf3a\n|-sidestart|p2: FLOWER-M0DE\u267b\ufe0f|move: Toxic Spikes\n|\n|-weather|SunnyDay|[upkeep]\n|upkeep\n|turn|4\n|\n|t:|1699301423\n|move|p1a: Toxapex|Baneful Bunker|p1a: Toxapex\n|-singleturn|p1a: Toxapex|move: Protect\n|move|p2a: \ud83c\udf3a\ud83d\udc90LILLIGANT\ud83d\udc90\ud83c\udf3a|Solar Beam||[still]\n|-prepare|p2a: \ud83c\udf3a\ud83d\udc90LILLIGANT\ud83d\udc90\ud83c\udf3a|Solar Beam\n|-anim|p2a: \ud83c\udf3a\ud83d\udc90LILLIGANT\ud83d\udc90\ud83c\udf3a|Solar Beam|p1a: Toxapex\n|-activate|p1a: Toxapex|move: Protect\n|\n|-weather|SunnyDay|[upkeep]\n|upkeep\n|turn|5\n|\n|t:|1699301439\n|move|p2a: \ud83c\udf3a\ud83d\udc90LILLIGANT\ud83d\udc90\ud83c\udf3a|Solar Beam||[still]\n|-prepare|p2a: \ud83c\udf3a\ud83d\udc90LILLIGANT\ud83d\udc90\ud83c\udf3a|Solar Beam\n|-anim|p2a: \ud83c\udf3a\ud83d\udc90LILLIGANT\ud83d\udc90\ud83c\udf3a|Solar Beam|p1a: Toxapex\n|-damage|p1a: Toxapex|0 fnt\n|faint|p1a: Toxapex\n|\n|-weather|none\n|upkeep\n|\n|t:|1699301445\n|switch|p1a: Golisopod|Golisopod, F, shiny|100\/100\n|turn|6\n|\n|t:|1699301464\n|switch|p2a: \ud83c\udf8d\ud83c\udf43TAPU BULU\ud83c\udf34|Tapu Bulu, shiny|100\/100\n|-status|p2a: \ud83c\udf8d\ud83c\udf43TAPU BULU\ud83c\udf34|tox\n|move|p1a: Golisopod|First Impression|p2a: \ud83c\udf8d\ud83c\udf43TAPU BULU\ud83c\udf34\n|-damage|p2a: \ud83c\udf8d\ud83c\udf43TAPU BULU\ud83c\udf34|43\/100 tox\n|\n|-heal|p2a: \ud83c\udf8d\ud83c\udf43TAPU BULU\ud83c\udf34|49\/100 tox|[from] Grassy Terrain\n|-damage|p2a: \ud83c\udf8d\ud83c\udf43TAPU BULU\ud83c\udf34|43\/100 tox|[from] psn\n|upkeep\n|turn|7\n|\n|t:|1699301476\n|move|p2a: \ud83c\udf8d\ud83c\udf43TAPU BULU\ud83c\udf34|Horn Leech|p1a: Golisopod\n|-damage|p1a: Golisopod|57\/100\n|-heal|p2a: \ud83c\udf8d\ud83c\udf43TAPU BULU\ud83c\udf34|70\/100 tox|[from] drain|[of] p1a: Golisopod\n|-damage|p2a: \ud83c\udf8d\ud83c\udf43TAPU BULU\ud83c\udf34|54\/100 tox|[from] item: Rocky Helmet|[of] p1a: Golisopod\n|move|p1a: Golisopod|Bulk Up|p1a: Golisopod\n|-boost|p1a: Golisopod|atk|1\n|-boost|p1a: Golisopod|def|1\n|\n|-heal|p2a: \ud83c\udf8d\ud83c\udf43TAPU BULU\ud83c\udf34|60\/100 tox|[from] Grassy Terrain\n|-heal|p1a: Golisopod|63\/100|[from] Grassy Terrain\n|-damage|p2a: \ud83c\udf8d\ud83c\udf43TAPU BULU\ud83c\udf34|48\/100 tox|[from] psn\n|upkeep\n|turn|8\n|\n|t:|1699301491\n|move|p2a: \ud83c\udf8d\ud83c\udf43TAPU BULU\ud83c\udf34|Wood Hammer|p1a: Golisopod\n|-damage|p1a: Golisopod|20\/100\n|-damage|p2a: \ud83c\udf8d\ud83c\udf43TAPU BULU\ud83c\udf34|31\/100 tox|[from] item: Rocky Helmet|[of] p1a: Golisopod\n|-damage|p2a: \ud83c\udf8d\ud83c\udf43TAPU BULU\ud83c\udf34|14\/100 tox|[from] Recoil\n|-activate|p1a: Golisopod|ability: Emergency Exit\n|\n|t:|1699301501\n|switch|p1a: Azumarill|Azumarill, M, shiny|100\/100\n|\n|-heal|p2a: \ud83c\udf8d\ud83c\udf43TAPU BULU\ud83c\udf34|20\/100 tox|[from] Grassy Terrain\n|-damage|p2a: \ud83c\udf8d\ud83c\udf43TAPU BULU\ud83c\udf34|2\/100 tox|[from] psn\n|-fieldend|move: Grassy Terrain\n|upkeep\n|turn|9\n|\n|t:|1699301513\n|switch|p2a: \ud83c\udf3f\ud83c\udf3fSCEPTILE\ud83c\udf32\ud83c\udf32|Sceptile, M, shiny|100\/100\n|-status|p2a: \ud83c\udf3f\ud83c\udf3fSCEPTILE\ud83c\udf32\ud83c\udf32|tox\n|move|p1a: Azumarill|Aqua Jet|p2a: \ud83c\udf3f\ud83c\udf3fSCEPTILE\ud83c\udf32\ud83c\udf32\n|-resisted|p2a: \ud83c\udf3f\ud83c\udf3fSCEPTILE\ud83c\udf32\ud83c\udf32\n|-damage|p2a: \ud83c\udf3f\ud83c\udf3fSCEPTILE\ud83c\udf32\ud83c\udf32|79\/100 tox\n|\n|-damage|p2a: \ud83c\udf3f\ud83c\udf3fSCEPTILE\ud83c\udf32\ud83c\udf32|73\/100 tox|[from] psn\n|upkeep\n|turn|10\n|\n|t:|1699301524\n|detailschange|p2a: \ud83c\udf3f\ud83c\udf3fSCEPTILE\ud83c\udf32\ud83c\udf32|Sceptile-Mega, M, shiny\n|-mega|p2a: \ud83c\udf3f\ud83c\udf3fSCEPTILE\ud83c\udf32\ud83c\udf32|Sceptile|Sceptilite\n|move|p2a: \ud83c\udf3f\ud83c\udf3fSCEPTILE\ud83c\udf32\ud83c\udf32|Giga Drain|p1a: Azumarill\n|-supereffective|p1a: Azumarill\n|-damage|p1a: Azumarill|10\/100\n|-heal|p2a: \ud83c\udf3f\ud83c\udf3fSCEPTILE\ud83c\udf32\ud83c\udf32|100\/100 tox|[from] drain|[of] p1a: Azumarill\n|-enditem|p1a: Azumarill|Sitrus Berry|[eat]\n|-heal|p1a: Azumarill|35\/100|[from] item: Sitrus Berry\n|move|p1a: Azumarill|Belly Drum||[still]\n|-fail|p1a: Azumarill\n|\n|-damage|p2a: \ud83c\udf3f\ud83c\udf3fSCEPTILE\ud83c\udf32\ud83c\udf32|88\/100 tox|[from] psn\n|upkeep\n|turn|11\n|c|\u2606slice 1020|rude\n|\n|t:|1699301537\n|move|p2a: \ud83c\udf3f\ud83c\udf3fSCEPTILE\ud83c\udf32\ud83c\udf32|Giga Drain|p1a: Azumarill\n|-supereffective|p1a: Azumarill\n|-damage|p1a: Azumarill|0 fnt\n|-heal|p2a: \ud83c\udf3f\ud83c\udf3fSCEPTILE\ud83c\udf32\ud83c\udf32|100\/100 tox|[from] drain|[of] p1a: Azumarill\n|faint|p1a: Azumarill\n|\n|-damage|p2a: \ud83c\udf3f\ud83c\udf3fSCEPTILE\ud83c\udf32\ud83c\udf32|82\/100 tox|[from] psn\n|upkeep\n|\n|t:|1699301544\n|switch|p1a: Golisopod|Golisopod, F, shiny|20\/100\n|turn|12\n|\n|t:|1699301551\n|switch|p2a: \ud83c\udf8d\ud83c\udf43TAPU BULU\ud83c\udf34|Tapu Bulu, shiny|2\/100 tox\n|-fieldstart|move: Grassy Terrain|[from] ability: Grassy Surge|[of] p2a: \ud83c\udf8d\ud83c\udf43TAPU BULU\ud83c\udf34\n|move|p1a: Golisopod|Leech Life|p2a: \ud83c\udf8d\ud83c\udf43TAPU BULU\ud83c\udf34\n|-damage|p2a: \ud83c\udf8d\ud83c\udf43TAPU BULU\ud83c\udf34|0 fnt\n|-heal|p1a: Golisopod|21\/100|[from] drain|[of] p2a: \ud83c\udf8d\ud83c\udf43TAPU BULU\ud83c\udf34\n|faint|p2a: \ud83c\udf8d\ud83c\udf43TAPU BULU\ud83c\udf34\n|\n|-heal|p1a: Golisopod|27\/100|[from] Grassy Terrain\n|upkeep\n|\n|t:|1699301565\n|switch|p2a: \ud83d\udc90LEAFEON\u2618\ufe0f\ud83c\udf8b|Leafeon, M, shiny|100\/100\n|-status|p2a: \ud83d\udc90LEAFEON\u2618\ufe0f\ud83c\udf8b|tox\n|turn|13\n|\n|t:|1699301572\n|move|p2a: \ud83d\udc90LEAFEON\u2618\ufe0f\ud83c\udf8b|Sunny Day|p2a: \ud83d\udc90LEAFEON\u2618\ufe0f\ud83c\udf8b\n|-weather|SunnyDay\n|move|p1a: Golisopod|Leech Life|p2a: \ud83d\udc90LEAFEON\u2618\ufe0f\ud83c\udf8b\n|-supereffective|p2a: \ud83d\udc90LEAFEON\u2618\ufe0f\ud83c\udf8b\n|-damage|p2a: \ud83d\udc90LEAFEON\u2618\ufe0f\ud83c\udf8b|3\/100 tox\n|-heal|p1a: Golisopod|64\/100|[from] drain|[of] p2a: \ud83d\udc90LEAFEON\u2618\ufe0f\ud83c\udf8b\n|\n|-weather|SunnyDay|[upkeep]\n|-heal|p2a: \ud83d\udc90LEAFEON\u2618\ufe0f\ud83c\udf8b|9\/100 tox|[from] Grassy Terrain\n|-heal|p1a: Golisopod|71\/100|[from] Grassy Terrain\n|-damage|p2a: \ud83d\udc90LEAFEON\u2618\ufe0f\ud83c\udf8b|3\/100 tox|[from] psn\n|upkeep\n|turn|14\n|\n|t:|1699301592\n|move|p2a: \ud83d\udc90LEAFEON\u2618\ufe0f\ud83c\udf8b|Solar Blade||[still]\n|-prepare|p2a: \ud83d\udc90LEAFEON\u2618\ufe0f\ud83c\udf8b|Solar Blade\n|-anim|p2a: \ud83d\udc90LEAFEON\u2618\ufe0f\ud83c\udf8b|Solar Blade|p1a: Golisopod\n|-damage|p1a: Golisopod|20\/100\n|-damage|p2a: \ud83d\udc90LEAFEON\u2618\ufe0f\ud83c\udf8b|0 fnt|[from] item: Rocky Helmet|[of] p1a: Golisopod\n|faint|p2a: \ud83d\udc90LEAFEON\u2618\ufe0f\ud83c\udf8b\n|-activate|p1a: Golisopod|ability: Emergency Exit\n|\n|t:|1699301602\n|switch|p1a: Gyarados|Gyarados, F, shiny|100\/100\n|\n|-weather|SunnyDay|[upkeep]\n|upkeep\n|\n|t:|1699301609\n|switch|p2a: \ud83c\udf3f\ud83c\udf3fSCEPTILE\ud83c\udf32\ud83c\udf32|Sceptile-Mega, M, shiny|82\/100 tox\n|turn|15\n|\n|t:|1699301617\n|detailschange|p1a: Gyarados|Gyarados-Mega, F, shiny\n|-mega|p1a: Gyarados|Gyarados|Gyaradosite\n|-ability|p1a: Gyarados|Mold Breaker\n|move|p2a: \ud83c\udf3f\ud83c\udf3fSCEPTILE\ud83c\udf32\ud83c\udf32|Giga Drain|p1a: Gyarados\n|-supereffective|p1a: Gyarados\n|-damage|p1a: Gyarados|12\/100\n|-heal|p2a: \ud83c\udf3f\ud83c\udf3fSCEPTILE\ud83c\udf32\ud83c\udf32|100\/100 tox|[from] drain|[of] p1a: Gyarados\n|move|p1a: Gyarados|Crunch|p2a: \ud83c\udf3f\ud83c\udf3fSCEPTILE\ud83c\udf32\ud83c\udf32\n|-damage|p2a: \ud83c\udf3f\ud83c\udf3fSCEPTILE\ud83c\udf32\ud83c\udf32|18\/100 tox\n|\n|-weather|SunnyDay|[upkeep]\n|-heal|p2a: \ud83c\udf3f\ud83c\udf3fSCEPTILE\ud83c\udf32\ud83c\udf32|24\/100 tox|[from] Grassy Terrain\n|-heal|p1a: Gyarados|18\/100|[from] Grassy Terrain\n|-damage|p2a: \ud83c\udf3f\ud83c\udf3fSCEPTILE\ud83c\udf32\ud83c\udf32|18\/100 tox|[from] psn\n|upkeep\n|turn|16\n|\n|t:|1699301633\n|move|p2a: \ud83c\udf3f\ud83c\udf3fSCEPTILE\ud83c\udf32\ud83c\udf32|Giga Drain|p1a: Gyarados\n|-supereffective|p1a: Gyarados\n|-damage|p1a: Gyarados|0 fnt\n|-heal|p2a: \ud83c\udf3f\ud83c\udf3fSCEPTILE\ud83c\udf32\ud83c\udf32|28\/100 tox|[from] drain|[of] p1a: Gyarados\n|faint|p1a: Gyarados\n|\n|-weather|SunnyDay|[upkeep]\n|-heal|p2a: \ud83c\udf3f\ud83c\udf3fSCEPTILE\ud83c\udf32\ud83c\udf32|34\/100 tox|[from] Grassy Terrain\n|-damage|p2a: \ud83c\udf3f\ud83c\udf3fSCEPTILE\ud83c\udf32\ud83c\udf32|22\/100 tox|[from] psn\n|upkeep\n|\n|t:|1699301641\n|switch|p1a: Golisopod|Golisopod, F, shiny|20\/100\n|turn|17\n|\n|t:|1699301647\n|move|p1a: Golisopod|First Impression|p2a: \ud83c\udf3f\ud83c\udf3fSCEPTILE\ud83c\udf32\ud83c\udf32\n|-supereffective|p2a: \ud83c\udf3f\ud83c\udf3fSCEPTILE\ud83c\udf32\ud83c\udf32\n|-damage|p2a: \ud83c\udf3f\ud83c\udf3fSCEPTILE\ud83c\udf32\ud83c\udf32|0 fnt\n|faint|p2a: \ud83c\udf3f\ud83c\udf3fSCEPTILE\ud83c\udf32\ud83c\udf32\n|\n|-weather|SunnyDay|[upkeep]\n|-heal|p1a: Golisopod|26\/100|[from] Grassy Terrain\n|upkeep\n|\n|t:|1699301657\n|switch|p2a: \ud83c\udf3a\ud83d\udc90LILLIGANT\ud83d\udc90\ud83c\udf3a|Lilligant, F, shiny, tera:Grass|100\/100\n|-status|p2a: \ud83c\udf3a\ud83d\udc90LILLIGANT\ud83d\udc90\ud83c\udf3a|tox\n|turn|18\n|\n|t:|1699301663\n|switch|p1a: Simipour|Simipour, F, shiny|100\/100\n|move|p2a: \ud83c\udf3a\ud83d\udc90LILLIGANT\ud83d\udc90\ud83c\udf3a|Solar Beam||[still]\n|-prepare|p2a: \ud83c\udf3a\ud83d\udc90LILLIGANT\ud83d\udc90\ud83c\udf3a|Solar Beam\n|-anim|p2a: \ud83c\udf3a\ud83d\udc90LILLIGANT\ud83d\udc90\ud83c\udf3a|Solar Beam|p1a: Simipour\n|-supereffective|p1a: Simipour\n|-damage|p1a: Simipour|0 fnt\n|faint|p1a: Simipour\n|\n|-weather|SunnyDay|[upkeep]\n|-damage|p2a: \ud83c\udf3a\ud83d\udc90LILLIGANT\ud83d\udc90\ud83c\udf3a|94\/100 tox|[from] psn\n|upkeep\n|\n|t:|1699301672\n|switch|p1a: Golisopod|Golisopod, F, shiny|26\/100\n|turn|19\n|\n|t:|1699301688\n|switch|p2a: \ud83c\udf3a\ud83c\udf37SHAYMIN\ud83c\udf37\ud83d\udc90|Shaymin-Sky, shiny|100\/100\n|move|p1a: Golisopod|First Impression|p2a: \ud83c\udf3a\ud83c\udf37SHAYMIN\ud83c\udf37\ud83d\udc90\n|-damage|p2a: \ud83c\udf3a\ud83c\udf37SHAYMIN\ud83c\udf37\ud83d\udc90|40\/100\n|\n|-weather|SunnyDay|[upkeep]\n|-heal|p1a: Golisopod|33\/100|[from] Grassy Terrain\n|-fieldend|move: Grassy Terrain\n|upkeep\n|turn|20\n|\n|t:|1699301704\n|switch|p1a: Rotom|Rotom-Wash, shiny|100\/100\n|move|p2a: \ud83c\udf3a\ud83c\udf37SHAYMIN\ud83c\udf37\ud83d\udc90|Seed Flare|p1a: Rotom\n|-supereffective|p1a: Rotom\n|-damage|p1a: Rotom|0 fnt\n|faint|p1a: Rotom\n|\n|-weather|none\n|upkeep\n|\n|t:|1699301711\n|switch|p1a: Golisopod|Golisopod, F, shiny|33\/100\n|turn|21\n|\n|t:|1699301720\n|-terastallize|p1a: Golisopod|Bug\n|move|p1a: Golisopod|First Impression|p2a: \ud83c\udf3a\ud83c\udf37SHAYMIN\ud83c\udf37\ud83d\udc90\n|-damage|p2a: \ud83c\udf3a\ud83c\udf37SHAYMIN\ud83c\udf37\ud83d\udc90|0 fnt\n|faint|p2a: \ud83c\udf3a\ud83c\udf37SHAYMIN\ud83c\udf37\ud83d\udc90\n|\n|upkeep\n|\n|t:|1699301727\n|switch|p2a: \ud83c\udff5\ud83c\udf40OPERGON\ud83c\udf40\ud83d\udc90|Ogerpon-Hearthflame, F|100\/100\n|-status|p2a: \ud83c\udff5\ud83c\udf40OPERGON\ud83c\udf40\ud83d\udc90|tox\n|-ability|p2a: \ud83c\udff5\ud83c\udf40OPERGON\ud83c\udf40\ud83d\udc90|Mold Breaker\n|turn|22\n|\n|t:|1699301745\n|move|p2a: \ud83c\udff5\ud83c\udf40OPERGON\ud83c\udf40\ud83d\udc90|Ivy Cudgel|p1a: Golisopod\n|-supereffective|p1a: Golisopod\n|-damage|p1a: Golisopod|0 fnt\n|faint|p1a: Golisopod\n|\n|win|FLOWER-M0DE\u267b\ufe0f\n|raw|slice 1020's rating: 1106 &rarr; <strong>1079<\/strong><br \/>(-27 for losing)\n|raw|FLOWER-M0DE\u267b\ufe0f's rating: 1075 &rarr; <strong>1106<\/strong><br \/>(+31 for winning)\n|c|\u2606slice 1020|gg\n|l|\u2606slice 1020\n|c|\u2606FLOWER-M0DE\u267b\ufe0f|Gg\n","uploadtime":1699302080,"views":4,"p1id":"slice1020","p2id":"flowerm0de","formatid":"gen9nationaldexubers","rating":1079,"private":0,"password":""}