{"id":"gen9nationaldexubers-1985049486","p1":"Soup56168","p2":"tyhanssb","format":"[Gen 9] National Dex Ubers","log":"|j|\u2606Soup56168\n|j|\u2606tyhanssb\n|t:|1699324668\n|gametype|singles\n|player|p1|Soup56168|fisherman-gen4|\n|player|p2|tyhanssb|doubleteam|\n|teamsize|p1|6\n|teamsize|p2|6\n|gen|9\n|tier|[Gen 9] National Dex Ubers\n|rule|HP Percentage Mod: HP is shown in percentages\n|rule|Endless Battle Clause: Forcing endless battles is banned\n|rule|OHKO Clause: OHKO moves are banned\n|rule|Evasion Moves Clause: Evasion moves are banned\n|rule|Evasion Items Clause: Evasion items are banned\n|rule|Species Clause: Limit one of each Pok\u00e9mon\n|rule|Sleep Clause Mod: Limit one foe put to sleep\n|rule|Mega Rayquaza Clause: You cannot mega evolve Rayquaza\n|clearpoke\n|poke|p1|Blastoise, M|\n|poke|p1|Dragonite, F|\n|poke|p1|Genesect|\n|poke|p1|Aerodactyl, F|\n|poke|p1|Kommo-o, F|\n|poke|p1|Raichu-Alola, F|\n|poke|p2|Scovillain, F|\n|poke|p2|Scizor, M|\n|poke|p2|Necrozma-Dawn-Wings|\n|poke|p2|Dragapult, F|\n|poke|p2|Blissey, F|\n|poke|p2|Annihilape, M|\n|teampreview\n|\n|t:|1699324671\n|start\n|switch|p1a: Weird DWag|Kommo-o, F|100\/100\n|switch|p2a: Blissey|Blissey, F|100\/100\n|turn|1\n|\n|t:|1699324676\n|move|p1a: Weird DWag|Aura Sphere|p2a: Blissey\n|-supereffective|p2a: Blissey\n|-damage|p2a: Blissey|82\/100\n|move|p2a: Blissey|Toxic|p1a: Weird DWag|[miss]\n|-miss|p2a: Blissey|p1a: Weird DWag\n|\n|-heal|p2a: Blissey|88\/100|[from] item: Leftovers\n|upkeep\n|turn|2\n|\n|t:|1699324685\n|move|p1a: Weird DWag|Dragon Dance|p1a: Weird DWag\n|-boost|p1a: Weird DWag|atk|1\n|-boost|p1a: Weird DWag|spe|1\n|move|p2a: Blissey|Toxic|p1a: Weird DWag\n|-status|p1a: Weird DWag|tox\n|\n|-heal|p2a: Blissey|94\/100|[from] item: Leftovers\n|-damage|p1a: Weird DWag|94\/100 tox|[from] psn\n|upkeep\n|turn|3\n|\n|t:|1699324699\n|move|p1a: Weird DWag|Clanging Scales|p2a: Blissey\n|-damage|p2a: Blissey|82\/100\n|-unboost|p1a: Weird DWag|def|1\n|move|p2a: Blissey|Soft-Boiled|p2a: Blissey\n|-heal|p2a: Blissey|100\/100\n|\n|-damage|p1a: Weird DWag|82\/100 tox|[from] psn\n|upkeep\n|turn|4\n|\n|t:|1699324760\n|-zpower|p1a: Weird DWag\n|move|p1a: Weird DWag|Clangorous Soulblaze|p2a: Blissey|[zeffect]\n|-damage|p2a: Blissey|81\/100\n|-boost|p1a: Weird DWag|atk|1\n|-boost|p1a: Weird DWag|def|1\n|-boost|p1a: Weird DWag|spa|1\n|-boost|p1a: Weird DWag|spd|1\n|-boost|p1a: Weird DWag|spe|1\n|move|p2a: Blissey|Soft-Boiled|p2a: Blissey\n|-heal|p2a: Blissey|100\/100\n|\n|-damage|p1a: Weird DWag|64\/100 tox|[from] psn\n|upkeep\n|turn|5\n|\n|t:|1699324781\n|move|p1a: Weird DWag|Aura Sphere|p2a: Blissey\n|-supereffective|p2a: Blissey\n|-damage|p2a: Blissey|76\/100\n|move|p2a: Blissey|Toxic|p1a: Weird DWag\n|-fail|p1a: Weird DWag|tox\n|\n|-heal|p2a: Blissey|82\/100|[from] item: Leftovers\n|-damage|p1a: Weird DWag|40\/100 tox|[from] psn\n|upkeep\n|turn|6\n|\n|t:|1699324802\n|move|p1a: Weird DWag|Dragon Dance|p1a: Weird DWag\n|-boost|p1a: Weird DWag|atk|1\n|-boost|p1a: Weird DWag|spe|1\n|move|p2a: Blissey|Heal Bell||[still]\n|-activate|p2a: Blissey|move: Heal Bell\n|-fail|p2a: Blissey\n|\n|-heal|p2a: Blissey|88\/100|[from] item: Leftovers\n|-damage|p1a: Weird DWag|9\/100 tox|[from] psn\n|upkeep\n|turn|7\n|\n|t:|1699324822\n|move|p1a: Weird DWag|Clanging Scales|p2a: Blissey\n|-damage|p2a: Blissey|69\/100\n|-unboost|p1a: Weird DWag|def|1\n|move|p2a: Blissey|Soft-Boiled|p2a: Blissey\n|-heal|p2a: Blissey|100\/100\n|\n|-damage|p1a: Weird DWag|0 fnt|[from] psn\n|faint|p1a: Weird DWag\n|upkeep\n|\n|t:|1699324839\n|switch|p1a: ITS A RAT|Raichu-Alola, F|100\/100\n|turn|8\n|\n|t:|1699324844\n|move|p1a: ITS A RAT|Play Rough|p2a: Blissey\n|-damage|p2a: Blissey|62\/100\n|move|p2a: Blissey|Toxic|p1a: ITS A RAT\n|-status|p1a: ITS A RAT|tox\n|\n|-heal|p2a: Blissey|68\/100|[from] item: Leftovers\n|-damage|p1a: ITS A RAT|94\/100 tox|[from] psn\n|upkeep\n|turn|9\n|\n|t:|1699324853\n|move|p1a: ITS A RAT|Play Rough|p2a: Blissey\n|-damage|p2a: Blissey|24\/100\n|move|p2a: Blissey|Soft-Boiled|p2a: Blissey\n|-heal|p2a: Blissey|74\/100\n|\n|-heal|p2a: Blissey|80\/100|[from] item: Leftovers\n|-damage|p1a: ITS A RAT|82\/100 tox|[from] psn\n|upkeep\n|turn|10\n|\n|t:|1699324868\n|switch|p2a: Annihilape|Annihilape, M|100\/100\n|move|p1a: ITS A RAT|Play Rough|p2a: Annihilape\n|-supereffective|p2a: Annihilape\n|-damage|p2a: Annihilape|60\/100\n|\n|-damage|p1a: ITS A RAT|63\/100 tox|[from] psn\n|upkeep\n|turn|11\n|\n|t:|1699324878\n|-terastallize|p1a: ITS A RAT|Ground\n|move|p2a: Annihilape|Rage Fist|p1a: ITS A RAT\n|-damage|p1a: ITS A RAT|0 fnt\n|faint|p1a: ITS A RAT\n|\n|upkeep\n|\n|t:|1699324887\n|switch|p1a: EEE|Genesect|100\/100\n|-ability|p1a: EEE|Download|boost\n|-boost|p1a: EEE|atk|1\n|turn|12\n|\n|t:|1699324892\n|move|p2a: Annihilape|Rage Fist|p1a: EEE\n|-damage|p1a: EEE|45\/100\n|move|p1a: EEE|Dark Pulse|p2a: Annihilape\n|-damage|p2a: Annihilape|39\/100\n|\n|upkeep\n|turn|13\n|\n|t:|1699324905\n|move|p2a: Annihilape|Power-Up Punch|p1a: EEE\n|-damage|p1a: EEE|29\/100\n|-boost|p2a: Annihilape|atk|1\n|move|p1a: EEE|Energy Ball|p2a: Annihilape\n|-damage|p2a: Annihilape|13\/100\n|\n|upkeep\n|turn|14\n|\n|t:|1699324912\n|move|p2a: Annihilape|Rage Fist|p1a: EEE\n|-damage|p1a: EEE|0 fnt\n|faint|p1a: EEE\n|\n|upkeep\n|\n|t:|1699324917\n|switch|p1a: turtol|Blastoise, M|100\/100\n|turn|15\n|\n|t:|1699324924\n|-terastallize|p2a: Annihilape|Ghost\n|move|p2a: Annihilape|Rage Fist|p1a: turtol\n|-damage|p1a: turtol|0 fnt\n|faint|p1a: turtol\n|\n|upkeep\n|\n|t:|1699324930\n|switch|p1a: dino|Aerodactyl, F|100\/100\n|turn|16\n|\n|t:|1699324935\n|move|p1a: dino|Crunch|p2a: Annihilape\n|-supereffective|p2a: Annihilape\n|-damage|p2a: Annihilape|0 fnt\n|faint|p2a: Annihilape\n|\n|upkeep\n|\n|t:|1699324942\n|switch|p2a: Scizor|Scizor, M|100\/100\n|turn|17\n|\n|t:|1699324946\n|detailschange|p2a: Scizor|Scizor-Mega, M\n|-mega|p2a: Scizor|Scizor|Scizorite\n|move|p2a: Scizor|Bullet Punch|p1a: dino\n|-supereffective|p1a: dino\n|-damage|p1a: dino|17\/100\n|move|p1a: dino|Flamethrower|p2a: Scizor\n|-supereffective|p2a: Scizor\n|-damage|p2a: Scizor|21\/100\n|\n|upkeep\n|turn|18\n|\n|t:|1699324955\n|move|p2a: Scizor|Bullet Punch|p1a: dino\n|-supereffective|p1a: dino\n|-damage|p1a: dino|0 fnt\n|faint|p1a: dino\n|\n|upkeep\n|\n|t:|1699324962\n|switch|p1a: rahh|Dragonite, F|100\/100\n|turn|19\n|\n|t:|1699324968\n|move|p2a: Scizor|Bullet Punch|p1a: rahh\n|-damage|p1a: rahh|87\/100\n|move|p1a: rahh|Air Slash|p2a: Scizor\n|-damage|p2a: Scizor|0 fnt\n|faint|p2a: Scizor\n|\n|upkeep\n|\n|t:|1699324975\n|switch|p2a: Dragapult|Dragapult, F|100\/100\n|turn|20\n|\n|t:|1699324990\n|move|p2a: Dragapult|Phantom Force||[still]\n|-prepare|p2a: Dragapult|Phantom Force\n|move|p1a: rahh|Dragon Claw|p2a: Dragapult|[miss]\n|-miss|p1a: rahh|p2a: Dragapult\n|\n|upkeep\n|turn|21\n|\n|t:|1699324996\n|move|p2a: Dragapult|Phantom Force|p1a: rahh|[from]lockedmove\n|-damage|p1a: rahh|49\/100\n|move|p1a: rahh|Dragon Claw|p2a: Dragapult\n|-supereffective|p2a: Dragapult\n|-damage|p2a: Dragapult|0 fnt\n|faint|p2a: Dragapult\n|\n|upkeep\n|\n|t:|1699325010\n|switch|p2a: Scovillain|Scovillain, F|100\/100\n|turn|22\n|\n|t:|1699325014\n|move|p1a: rahh|Air Slash|p2a: Scovillain\n|-supereffective|p2a: Scovillain\n|-damage|p2a: Scovillain|32\/100\n|cant|p2a: Scovillain|flinch\n|\n|-heal|p2a: Scovillain|38\/100|[from] item: Leftovers\n|upkeep\n|turn|23\n|\n|t:|1699325022\n|move|p2a: Scovillain|Protect|p2a: Scovillain\n|-singleturn|p2a: Scovillain|Protect\n|move|p1a: rahh|Air Slash|p2a: Scovillain\n|-activate|p2a: Scovillain|move: Protect\n|\n|-heal|p2a: Scovillain|45\/100|[from] item: Leftovers\n|upkeep\n|turn|24\n|\n|t:|1699325028\n|move|p1a: rahh|Air Slash|p2a: Scovillain\n|-supereffective|p2a: Scovillain\n|-damage|p2a: Scovillain|0 fnt\n|faint|p2a: Scovillain\n|\n|upkeep\n|\n|t:|1699325032\n|switch|p2a: Blissey|Blissey, F|80\/100\n|turn|25\n|\n|t:|1699325039\n|move|p1a: rahh|Fire Blast|p2a: Blissey\n|-damage|p2a: Blissey|72\/100\n|move|p2a: Blissey|Toxic|p1a: rahh\n|-status|p1a: rahh|tox\n|\n|-heal|p2a: Blissey|78\/100|[from] item: Leftovers\n|-damage|p1a: rahh|43\/100 tox|[from] psn\n|upkeep\n|turn|26\n|\n|t:|1699325050\n|switch|p2a: Necrozma|Necrozma-Dawn-Wings|100\/100\n|move|p1a: rahh|Chilling Water|p2a: Necrozma\n|-damage|p2a: Necrozma|92\/100\n|-unboost|p2a: Necrozma|atk|1\n|\n|-damage|p1a: rahh|30\/100 tox|[from] psn\n|upkeep\n|turn|27\n|\n|t:|1699325059\n|detailschange|p2a: Necrozma|Necrozma-Ultra\n|-burst|p2a: Necrozma|Necrozma|Ultranecrozium Z\n|move|p2a: Necrozma|Heat Wave|p1a: rahh\n|-resisted|p1a: rahh\n|-damage|p1a: rahh|14\/100 tox\n|move|p1a: rahh|Dragon Claw|p2a: Necrozma\n|-supereffective|p2a: Necrozma\n|-damage|p2a: Necrozma|27\/100\n|\n|-damage|p1a: rahh|0 fnt|[from] psn\n|faint|p1a: rahh\n|\n|win|tyhanssb\n|upkeep\n","uploadtime":1699325080,"views":7,"p1id":"soup56168","p2id":"tyhanssb","formatid":"gen9nationaldexubers","rating":0,"private":0,"password":""}