{"id":"gen9nationaldexubers-1987987773","p1":"KingPepper7","p2":"vespyyy","format":"[Gen 9] National Dex Ubers","log":"|j|\u2606KingPepper7\n|j|\u2606vespyyy\n|t:|1699656308\n|gametype|singles\n|player|p1|KingPepper7|cheren-gen5bw2|\n|player|p2|vespyyy|juggler|\n|teamsize|p1|6\n|teamsize|p2|6\n|gen|9\n|tier|[Gen 9] National Dex Ubers\n|rule|HP Percentage Mod: HP is shown in percentages\n|rule|Endless Battle Clause: Forcing endless battles is banned\n|rule|OHKO Clause: OHKO moves are banned\n|rule|Evasion Moves Clause: Evasion moves are banned\n|rule|Evasion Items Clause: Evasion items are banned\n|rule|Species Clause: Limit one of each Pok\u00e9mon\n|rule|Sleep Clause Mod: Limit one foe put to sleep\n|rule|Mega Rayquaza Clause: You cannot mega evolve Rayquaza\n|clearpoke\n|poke|p1|Banette, M|\n|poke|p1|Tornadus-Therian, M|\n|poke|p1|Gliscor, F|\n|poke|p1|Volcarona, F|\n|poke|p1|Blissey, F|\n|poke|p1|Rotom-Wash|\n|poke|p2|Hatterene, F|\n|poke|p2|Slowking-Galar, M|\n|poke|p2|Gallade, M|\n|poke|p2|Tapu Lele|\n|poke|p2|Slowbro, F|\n|poke|p2|Victini|\n|teampreview\n|c|\u2606KingPepper7|glhf\n|\n|t:|1699656340\n|start\n|switch|p1a: Gliscor|Gliscor, F|100\/100\n|switch|p2a: Shells|Tapu Lele|100\/100\n|-fieldstart|move: Psychic Terrain|[from] ability: Psychic Surge|[of] p2a: Shells\n|turn|1\n|\n|t:|1699656346\n|move|p1a: Gliscor|Protect|p1a: Gliscor\n|-singleturn|p1a: Gliscor|Protect\n|move|p2a: Shells|Psyshock|p1a: Gliscor\n|-activate|p1a: Gliscor|move: Protect\n|\n|-status|p1a: Gliscor|tox|[from] item: Toxic Orb\n|upkeep\n|turn|2\n|\n|t:|1699656359\n|switch|p2a: Cannelloni|Hatterene, F|100\/100\n|move|p1a: Gliscor|Toxic|p2a: Cannelloni\n|move|p2a: Cannelloni|Toxic|p1a: Gliscor|[from]ability: Magic Bounce|[miss]\n|-miss|p2a: Cannelloni|p1a: Gliscor\n|\n|upkeep\n|turn|3\n|\n|t:|1699656375\n|switch|p1a: Banette|Banette, M, shiny|100\/100\n|move|p2a: Cannelloni|Psyshock|p1a: Banette\n|-damage|p1a: Banette|33\/100\n|\n|upkeep\n|turn|4\n|\n|t:|1699656382\n|detailschange|p1a: Banette|Banette-Mega, M, shiny\n|-mega|p1a: Banette|Banette|Banettite\n|move|p1a: Banette|Poltergeist|p2a: Cannelloni\n|-activate|p2a: Cannelloni|move: Poltergeist|Leftovers\n|-supereffective|p2a: Cannelloni\n|-damage|p2a: Cannelloni|6\/100\n|move|p2a: Cannelloni|Psyshock|p1a: Banette\n|-damage|p1a: Banette|0 fnt\n|faint|p1a: Banette\n|\n|-heal|p2a: Cannelloni|12\/100|[from] item: Leftovers\n|upkeep\n|\n|t:|1699656403\n|switch|p1a: Rotom|Rotom-Wash|100\/100\n|turn|5\n|\n|t:|1699656407\n|move|p1a: Rotom|Volt Switch|p2a: Cannelloni\n|-damage|p2a: Cannelloni|0 fnt\n|faint|p2a: Cannelloni\n|\n|t:|1699656413\n|switch|p1a: Gliscor|Gliscor, F|100\/100 tox|[from] Volt Switch\n|\n|-fieldend|move: Psychic Terrain\n|upkeep\n|\n|t:|1699656416\n|switch|p2a: Farfalle|Gallade, M|100\/100\n|turn|6\n|\n|t:|1699656422\n|detailschange|p2a: Farfalle|Gallade-Mega, M\n|-mega|p2a: Farfalle|Gallade|Galladite\n|move|p2a: Farfalle|Swords Dance|p2a: Farfalle\n|-boost|p2a: Farfalle|atk|2\n|move|p1a: Gliscor|Toxic|p2a: Farfalle\n|-status|p2a: Farfalle|tox\n|\n|-damage|p2a: Farfalle|94\/100 tox|[from] psn\n|upkeep\n|turn|7\n|\n|t:|1699656430\n|move|p1a: Gliscor|Protect|p1a: Gliscor\n|-singleturn|p1a: Gliscor|Protect\n|move|p2a: Farfalle|Swords Dance|p2a: Farfalle\n|-boost|p2a: Farfalle|atk|2\n|\n|-damage|p2a: Farfalle|82\/100 tox|[from] psn\n|upkeep\n|turn|8\n|j| Lillyshowdo\n|\n|t:|1699656442\n|switch|p1a: Rotom|Rotom-Wash|100\/100\n|move|p2a: Farfalle|Knock Off|p1a: Rotom\n|-damage|p1a: Rotom|9\/100\n|-enditem|p1a: Rotom|Leftovers|[from] move: Knock Off|[of] p2a: Farfalle\n|\n|-damage|p2a: Farfalle|64\/100 tox|[from] psn\n|upkeep\n|turn|9\n|\n|t:|1699656448\n|move|p2a: Farfalle|Knock Off|p1a: Rotom\n|-damage|p1a: Rotom|0 fnt\n|faint|p1a: Rotom\n|\n|-damage|p2a: Farfalle|39\/100 tox|[from] psn\n|upkeep\n|\n|t:|1699656453\n|switch|p1a: Tornadus|Tornadus-Therian, M|100\/100\n|turn|10\n|\n|t:|1699656456\n|switch|p2a: Rigatini|Victini|100\/100\n|move|p1a: Tornadus|Hurricane|p2a: Rigatini\n|-damage|p2a: Rigatini|58\/100\n|\n|upkeep\n|turn|11\n|\n|t:|1699656465\n|switch|p1a: Gliscor|Gliscor, F|100\/100 tox\n|move|p2a: Rigatini|V-create|p1a: Gliscor\n|-crit|p1a: Gliscor\n|-damage|p1a: Gliscor|33\/100 tox\n|-unboost|p2a: Rigatini|spe|1\n|-unboost|p2a: Rigatini|def|1\n|-unboost|p2a: Rigatini|spd|1\n|\n|-heal|p1a: Gliscor|45\/100 tox|[from] ability: Poison Heal\n|upkeep\n|turn|12\n|l| Lillyshowdo\n|\n|t:|1699656480\n|switch|p1a: Tornadus|Tornadus-Therian, M|100\/100\n|switch|p2a: Shells|Tapu Lele|100\/100\n|-fieldstart|move: Psychic Terrain|[from] ability: Psychic Surge|[of] p2a: Shells\n|\n|upkeep\n|turn|13\n|\n|t:|1699656484\n|move|p1a: Tornadus|Knock Off|p2a: Shells\n|-damage|p2a: Shells|72\/100\n|-enditem|p2a: Shells|Choice Specs|[from] move: Knock Off|[of] p1a: Tornadus\n|move|p2a: Shells|Psyshock|p1a: Tornadus\n|-damage|p1a: Tornadus|42\/100\n|\n|upkeep\n|turn|14\n|\n|t:|1699656494\n|move|p1a: Tornadus|Hurricane|p2a: Shells\n|-damage|p2a: Shells|31\/100\n|-start|p2a: Shells|confusion\n|-activate|p2a: Shells|confusion\n|move|p2a: Shells|Psychic|p1a: Tornadus\n|-damage|p1a: Tornadus|0 fnt\n|faint|p1a: Tornadus\n|\n|upkeep\n|\n|t:|1699656498\n|switch|p1a: Gliscor|Gliscor, F|45\/100 tox\n|turn|15\n|\n|t:|1699656501\n|move|p1a: Gliscor|Protect|p1a: Gliscor\n|-singleturn|p1a: Gliscor|Protect\n|-activate|p2a: Shells|confusion\n|-damage|p2a: Shells|21\/100|[from] confusion\n|\n|-heal|p1a: Gliscor|57\/100 tox|[from] ability: Poison Heal\n|upkeep\n|turn|16\n|\n|t:|1699656504\n|-activate|p2a: Shells|confusion\n|move|p2a: Shells|Psychic|p1a: Gliscor\n|-damage|p1a: Gliscor|0 fnt\n|faint|p1a: Gliscor\n|\n|-fieldend|move: Psychic Terrain\n|upkeep\n|\n|t:|1699656544\n|switch|p1a: Volcarona|Volcarona, F|100\/100\n|turn|17\n|\n|t:|1699656546\n|move|p1a: Volcarona|Quiver Dance|p1a: Volcarona\n|-boost|p1a: Volcarona|spa|1\n|-boost|p1a: Volcarona|spd|1\n|-boost|p1a: Volcarona|spe|1\n|-end|p2a: Shells|confusion\n|move|p2a: Shells|Psyshock|p1a: Volcarona\n|-damage|p1a: Volcarona|37\/100\n|\n|upkeep\n|turn|18\n|\n|t:|1699656557\n|move|p1a: Volcarona|Bug Buzz|p2a: Shells\n|-damage|p2a: Shells|0 fnt\n|faint|p2a: Shells\n|\n|upkeep\n|\n|t:|1699656559\n|switch|p2a: Cavatappi|Slowking-Galar, M|100\/100\n|turn|19\n|\n|t:|1699656569\n|switch|p1a: Blissey|Blissey, F|100\/100\n|move|p2a: Cavatappi|Power Gem|p1a: Blissey\n|-damage|p1a: Blissey|92\/100\n|\n|upkeep\n|turn|20\n|\n|t:|1699656576\n|switch|p2a: Rigatini|Victini|58\/100\n|move|p1a: Blissey|Seismic Toss|p2a: Rigatini\n|-damage|p2a: Rigatini|29\/100\n|\n|upkeep\n|turn|21\n|\n|t:|1699656581\n|move|p2a: Rigatini|V-create|p1a: Blissey\n|-damage|p1a: Blissey|23\/100\n|-unboost|p2a: Rigatini|spe|1\n|-unboost|p2a: Rigatini|def|1\n|-unboost|p2a: Rigatini|spd|1\n|move|p1a: Blissey|Soft-Boiled|p1a: Blissey\n|-heal|p1a: Blissey|73\/100\n|\n|upkeep\n|turn|22\n|\n|t:|1699656585\n|move|p2a: Rigatini|V-create|p1a: Blissey\n|-damage|p1a: Blissey|4\/100\n|-unboost|p2a: Rigatini|spe|1\n|-unboost|p2a: Rigatini|def|1\n|-unboost|p2a: Rigatini|spd|1\n|move|p1a: Blissey|Soft-Boiled|p1a: Blissey\n|-heal|p1a: Blissey|54\/100\n|\n|upkeep\n|turn|23\n|\n|t:|1699656589\n|move|p2a: Rigatini|V-create|p1a: Blissey\n|-damage|p1a: Blissey|0 fnt\n|-unboost|p2a: Rigatini|spe|1\n|-unboost|p2a: Rigatini|def|1\n|-unboost|p2a: Rigatini|spd|1\n|faint|p1a: Blissey\n|\n|upkeep\n|\n|t:|1699656592\n|switch|p1a: Volcarona|Volcarona, F|37\/100\n|turn|24\n|\n|t:|1699656595\n|move|p1a: Volcarona|Bug Buzz|p2a: Rigatini\n|-damage|p2a: Rigatini|0 fnt\n|faint|p2a: Rigatini\n|\n|upkeep\n|\n|t:|1699656603\n|switch|p2a: Farfalle|Gallade-Mega, M|39\/100 tox\n|turn|25\n|\n|t:|1699656607\n|move|p2a: Farfalle|Knock Off|p1a: Volcarona\n|-damage|p1a: Volcarona|0 fnt\n|-enditem|p1a: Volcarona|Heavy-Duty Boots|[from] move: Knock Off|[of] p2a: Farfalle\n|faint|p1a: Volcarona\n|\n|win|vespyyy\n|l|\u2606vespyyy\n|c|\u2606KingPepper7|gg\n|j|\u2606vespyyy\n|player|p2|vespyyy|juggler\n","uploadtime":1699656613,"views":24,"p1id":"kingpepper7","p2id":"vespyyy","formatid":"gen9nationaldexubers","rating":0,"private":0,"password":""}