{"id":"gen9nationaldexubers-1994293700","p1":"Autometalogolex11","p2":"The_OxAlChemist","format":"[Gen 9] National Dex Ubers","log":"|j|\u2606Autometalogolex11\n|j|\u2606The_OxAlChemist\n|t:|1700427940\n|gametype|singles\n|player|p1|Autometalogolex11|n|\n|player|p2|The_OxAlChemist|colress|\n|teamsize|p1|4\n|teamsize|p2|4\n|gen|9\n|tier|[Gen 9] National Dex Ubers\n|rule|HP Percentage Mod: HP is shown in percentages\n|rule|Endless Battle Clause: Forcing endless battles is banned\n|rule|OHKO Clause: OHKO moves are banned\n|rule|Evasion Moves Clause: Evasion moves are banned\n|rule|Evasion Items Clause: Evasion items are banned\n|rule|Species Clause: Limit one of each Pok\u00e9mon\n|rule|Sleep Clause Mod: Limit one foe put to sleep\n|rule|Mega Rayquaza Clause: You cannot mega evolve Rayquaza\n|clearpoke\n|poke|p1|Sneasler, M|\n|poke|p1|Necrozma-Dusk-Mane|\n|poke|p1|Gholdengo|\n|poke|p1|Pyroar, M|\n|poke|p2|Reuniclus, F|\n|poke|p2|Quaquaval, F|\n|poke|p2|Gengar, F|\n|poke|p2|Flapple, M|\n|teampreview\n|c|\u2606The_OxAlChemist|gl hf\n|c|\u2606Autometalogolex11|gl hf\n|\n|t:|1700427989\n|start\n|switch|p1a: long sneasel|Sneasler, M|100\/100\n|switch|p2a: Blueberry Jello|Reuniclus, F|100\/100\n|turn|1\n|\n|t:|1700427998\n|move|p1a: long sneasel|Fling|p2a: Blueberry Jello\n|-supereffective|p2a: Blueberry Jello\n|-damage|p2a: Blueberry Jello|2\/100\n|-enditem|p1a: long sneasel|Big Nugget|[from] move: Fling\n|move|p2a: Blueberry Jello|Psyshock|p1a: long sneasel\n|-supereffective|p1a: long sneasel\n|-damage|p1a: long sneasel|0 fnt\n|faint|p1a: long sneasel\n|\n|upkeep\n|\n|t:|1700428008\n|switch|p1a: The Boy Who Lives|Necrozma-Dusk-Mane|100\/100\n|turn|2\n|c|\u2606The_OxAlChemist|He lived on 5\n|c|\u2606Autometalogolex11|awesome\n|\n|t:|1700428027\n|move|p1a: The Boy Who Lives|Confusion|p2a: Blueberry Jello\n|-resisted|p2a: Blueberry Jello\n|-damage|p2a: Blueberry Jello|0 fnt\n|faint|p2a: Blueberry Jello\n|\n|upkeep\n|\n|t:|1700428037\n|switch|p2a: Fun Police|Gengar, F|100\/100\n|turn|3\n|\n|t:|1700428049\n|move|p2a: Fun Police|Shadow Ball|p1a: The Boy Who Lives\n|-supereffective|p1a: The Boy Who Lives\n|-damage|p1a: The Boy Who Lives|49\/100\n|-unboost|p1a: The Boy Who Lives|spd|1\n|move|p1a: The Boy Who Lives|Confusion|p2a: Fun Police\n|-supereffective|p2a: Fun Police\n|-damage|p2a: Fun Police|0 fnt\n|-start|p1a: The Boy Who Lives|Disable|Confusion|[from] ability: Cursed Body|[of] p2a: Fun Police\n|faint|p2a: Fun Police\n|\n|upkeep\n|\n|t:|1700428060\n|switch|p2a: WyrmInMyApple|Flapple, M|100\/100\n|turn|4\n|\n|t:|1700428068\n|switch|p1a: gold experience|Gholdengo|100\/100\n|move|p2a: WyrmInMyApple|Sucker Punch||[still]\n|-fail|p2a: WyrmInMyApple\n|\n|upkeep\n|turn|5\n|\n|t:|1700428089\n|move|p1a: gold experience|Thunder Wave|p2a: WyrmInMyApple|[miss]\n|-miss|p1a: gold experience|p2a: WyrmInMyApple\n|move|p2a: WyrmInMyApple|Dragon Rush|p1a: gold experience|[miss]\n|-miss|p2a: WyrmInMyApple|p1a: gold experience\n|-enditem|p2a: WyrmInMyApple|Blunder Policy\n|-boost|p2a: WyrmInMyApple|spe|2\n|\n|upkeep\n|turn|6\n|\n|t:|1700428105\n|move|p2a: WyrmInMyApple|Grav Apple|p1a: gold experience\n|-resisted|p1a: gold experience\n|-crit|p1a: gold experience\n|-damage|p1a: gold experience|72\/100\n|-unboost|p1a: gold experience|def|1\n|move|p1a: gold experience|Thunder Wave|p2a: WyrmInMyApple\n|-status|p2a: WyrmInMyApple|par\n|\n|-heal|p1a: gold experience|78\/100|[from] item: Leftovers\n|upkeep\n|turn|7\n|\n|t:|1700428115\n|move|p1a: gold experience|Recover|p1a: gold experience\n|-heal|p1a: gold experience|100\/100\n|move|p2a: WyrmInMyApple|Grav Apple|p1a: gold experience|[miss]\n|-miss|p2a: WyrmInMyApple|p1a: gold experience\n|\n|upkeep\n|turn|8\n|\n|t:|1700428121\n|switch|p2a: I CANT DANCE|Quaquaval, F|100\/100\n|move|p1a: gold experience|Hex|p2a: I CANT DANCE\n|-damage|p2a: I CANT DANCE|66\/100\n|\n|-heal|p2a: I CANT DANCE|72\/100|[from] item: Leftovers\n|upkeep\n|turn|9\n|\n|t:|1700428130\n|move|p2a: I CANT DANCE|Aqua Step|p1a: gold experience\n|-damage|p1a: gold experience|70\/100\n|-boost|p2a: I CANT DANCE|spe|1\n|move|p1a: gold experience|Thunder Wave|p2a: I CANT DANCE\n|-status|p2a: I CANT DANCE|par\n|\n|-heal|p2a: I CANT DANCE|78\/100 par|[from] item: Leftovers\n|-heal|p1a: gold experience|76\/100|[from] item: Leftovers\n|upkeep\n|turn|10\n|\n|t:|1700428139\n|move|p2a: I CANT DANCE|Aqua Step|p1a: gold experience\n|-damage|p1a: gold experience|43\/100\n|-boost|p2a: I CANT DANCE|spe|1\n|move|p1a: gold experience|Hex|p2a: I CANT DANCE\n|-damage|p2a: I CANT DANCE|13\/100 par\n|\n|-heal|p2a: I CANT DANCE|19\/100 par|[from] item: Leftovers\n|-heal|p1a: gold experience|49\/100|[from] item: Leftovers\n|upkeep\n|turn|11\n|\n|t:|1700428149\n|cant|p2a: I CANT DANCE|par\n|move|p1a: gold experience|Recover|p1a: gold experience\n|-heal|p1a: gold experience|99\/100\n|\n|-heal|p2a: I CANT DANCE|26\/100 par|[from] item: Leftovers\n|-heal|p1a: gold experience|100\/100|[from] item: Leftovers\n|upkeep\n|turn|12\n|\n|t:|1700428155\n|move|p2a: I CANT DANCE|Aqua Step|p1a: gold experience\n|-damage|p1a: gold experience|68\/100\n|-boost|p2a: I CANT DANCE|spe|1\n|move|p1a: gold experience|Hex|p2a: I CANT DANCE\n|-damage|p2a: I CANT DANCE|0 fnt\n|faint|p2a: I CANT DANCE\n|\n|-heal|p1a: gold experience|75\/100|[from] item: Leftovers\n|upkeep\n|c|\u2606The_OxAlChemist|Whoever submitted this is getting banned\n|\n|t:|1700428163\n|switch|p2a: WyrmInMyApple|Flapple, M|100\/100 par\n|turn|13\n|\n|t:|1700428169\n|move|p2a: WyrmInMyApple|Sucker Punch||[still]\n|-fail|p2a: WyrmInMyApple\n|move|p1a: gold experience|Substitute|p1a: gold experience\n|-start|p1a: gold experience|Substitute\n|-damage|p1a: gold experience|50\/100\n|\n|-heal|p1a: gold experience|56\/100|[from] item: Leftovers\n|upkeep\n|turn|14\n|c|\u2606The_OxAlChemist|Yep absolutely getting banned\n|\n|t:|1700428185\n|move|p1a: gold experience|Hex|p2a: WyrmInMyApple\n|-damage|p2a: WyrmInMyApple|13\/100 par\n|move|p2a: WyrmInMyApple|Grav Apple|p1a: gold experience|[miss]\n|-miss|p2a: WyrmInMyApple|p1a: gold experience\n|\n|-heal|p1a: gold experience|62\/100|[from] item: Leftovers\n|upkeep\n|turn|15\n|\n|t:|1700428192\n|move|p1a: gold experience|Hex|p2a: WyrmInMyApple\n|-damage|p2a: WyrmInMyApple|0 fnt\n|faint|p2a: WyrmInMyApple\n|\n|win|Autometalogolex11\n|c|\u2606Autometalogolex11|gg\n|c|\u2606The_OxAlChemist|GG\n|c|\u2606The_OxAlChemist|Onto the next\n","uploadtime":1700428219,"views":15,"p1id":"autometalogolex11","p2id":"theoxalchemist","formatid":"gen9nationaldexubers","rating":0,"private":0,"password":""}