{"id":"gen9nationaldexubers-1977913949","p1":"AshenAraquanid","p2":"PaperDrMario","format":"[Gen 9] National Dex Ubers","log":"|j|\u2606AshenAraquanid\n|j|\u2606PaperDrMario\n|t:|1698465648\n|gametype|singles\n|player|p1|AshenAraquanid|bugmaniac-gen3|\n|player|p2|PaperDrMario|hiker|\n|teamsize|p1|6\n|teamsize|p2|6\n|gen|9\n|tier|[Gen 9] National Dex Ubers\n|rule|HP Percentage Mod: HP is shown in percentages\n|rule|Endless Battle Clause: Forcing endless battles is banned\n|rule|OHKO Clause: OHKO moves are banned\n|rule|Evasion Moves Clause: Evasion moves are banned\n|rule|Evasion Items Clause: Evasion items are banned\n|rule|Species Clause: Limit one of each Pok\u00e9mon\n|rule|Sleep Clause Mod: Limit one foe put to sleep\n|rule|Mega Rayquaza Clause: You cannot mega evolve Rayquaza\n|clearpoke\n|poke|p1|Ditto|\n|poke|p1|Arceus|\n|poke|p1|Ursaluna-Bloodmoon, M|\n|poke|p1|Deoxys-Speed|\n|poke|p1|Beedrill, M|\n|poke|p1|Ogerpon-Hearthflame, F|\n|poke|p2|Glimmora, M|\n|poke|p2|Kingambit, F|\n|poke|p2|Giratina|\n|poke|p2|Klefki, F|\n|poke|p2|Arceus-Water|\n|poke|p2|Blissey, F|\n|teampreview\n|j| HopeAddict\n|j| AbstractVoid\n|\n|t:|1698465748\n|start\n|switch|p1a: he just like u fr|Ditto|100\/100\n|switch|p2a: Toe Biden|Glimmora, M|100\/100\n|-transform|p1a: he just like u fr|p2a: Toe Biden|[from] ability: Imposter\n|turn|1\n|j| lonly wolf\n|\n|t:|1698465773\n|switch|p2a: Locked out|Klefki, F|100\/100\n|move|p1a: he just like u fr|Stealth Rock|p2a: Locked out\n|-sidestart|p2: PaperDrMario|move: Stealth Rock\n|\n|upkeep\n|turn|2\n|j| ah3nny\n|c| AbstractVoid|The mythical non lead deoxys speed\n|c|\u2606AshenAraquanid|hehe\n|\n|t:|1698465834\n|switch|p1a: apple fritter|Ogerpon-Hearthflame, F|100\/100\n|-ability|p1a: apple fritter|Mold Breaker\n|move|p2a: Locked out|Spikes|p1a: apple fritter\n|-sidestart|p1: AshenAraquanid|Spikes\n|\n|upkeep\n|turn|3\n|c| HopeAddict|APPLE FRITTER\n|\n|t:|1698465849\n|move|p2a: Locked out|Reflect|p2a: Locked out\n|-sidestart|p2: PaperDrMario|Reflect\n|move|p1a: apple fritter|Substitute|p1a: apple fritter\n|-start|p1a: apple fritter|Substitute\n|-damage|p1a: apple fritter|76\/100\n|\n|upkeep\n|turn|4\n|j| Berryandon\n|\n|t:|1698465857\n|move|p2a: Locked out|Spikes|p1a: apple fritter\n|-sidestart|p1: AshenAraquanid|Spikes\n|move|p1a: apple fritter|Swords Dance|p1a: apple fritter\n|-boost|p1a: apple fritter|atk|2\n|\n|upkeep\n|turn|5\n|\n|t:|1698465888\n|switch|p2a: It's not a phase|Giratina|100\/100\n|-damage|p2a: It's not a phase|88\/100|[from] Stealth Rock\n|-ability|p2a: It's not a phase|Pressure\n|move|p1a: apple fritter|Swords Dance|p1a: apple fritter\n|-boost|p1a: apple fritter|atk|2\n|\n|-heal|p2a: It's not a phase|94\/100|[from] item: Leftovers\n|upkeep\n|turn|6\n|\n|t:|1698465898\n|move|p1a: apple fritter|Ivy Cudgel|p2a: It's not a phase\n|-resisted|p2a: It's not a phase\n|-damage|p2a: It's not a phase|74\/100\n|move|p2a: It's not a phase|Dragon Tail|p1a: apple fritter\n|-end|p1a: apple fritter|Substitute\n|\n|-heal|p2a: It's not a phase|80\/100|[from] item: Leftovers\n|upkeep\n|turn|7\n|\n|t:|1698465945\n|move|p1a: apple fritter|Horn Leech|p2a: It's not a phase\n|-resisted|p2a: It's not a phase\n|-damage|p2a: It's not a phase|64\/100\n|-heal|p1a: apple fritter|89\/100|[from] drain|[of] p2a: It's not a phase\n|move|p2a: It's not a phase|Dragon Tail|p1a: apple fritter\n|-damage|p1a: apple fritter|63\/100\n|drag|p1a: Heavy Atk B-33|Beedrill, M|100\/100\n|-damage|p1a: Heavy Atk B-33|84\/100|[from] Spikes\n|\n|-heal|p2a: It's not a phase|70\/100|[from] item: Leftovers\n|upkeep\n|turn|8\n|\n|t:|1698466034\n|detailschange|p1a: Heavy Atk B-33|Beedrill-Mega, M\n|-mega|p1a: Heavy Atk B-33|Beedrill|Beedrillite\n|move|p1a: Heavy Atk B-33|U-turn|p2a: It's not a phase\n|-resisted|p2a: It's not a phase\n|-damage|p2a: It's not a phase|63\/100\n|\n|t:|1698466062\n|switch|p1a: FiveNightsInOhio|Ursaluna-Bloodmoon, M|100\/100|[from] U-turn\n|-damage|p1a: FiveNightsInOhio|84\/100|[from] Spikes\n|move|p2a: It's not a phase|Poltergeist|p1a: FiveNightsInOhio\n|-immune|p1a: FiveNightsInOhio\n|\n|-heal|p2a: It's not a phase|69\/100|[from] item: Leftovers\n|upkeep\n|turn|9\n|c| Berryandon|freedy fazvgear!1!\n|c| lonly wolf|didnt that movie just come\n|\n|t:|1698466113\n|switch|p2a: Humpty Dumpy|Blissey, F|100\/100\n|-damage|p2a: Humpty Dumpy|88\/100|[from] Stealth Rock\n|move|p1a: FiveNightsInOhio|Blood Moon|p2a: Humpty Dumpy\n|-damage|p2a: Humpty Dumpy|64\/100\n|\n|-heal|p2a: Humpty Dumpy|70\/100|[from] item: Leftovers\n|upkeep\n|turn|10\n|c| Berryandon|yeah matpat is teh main cahractewr\n|\n|t:|1698466175\n|switch|p1a: GOAT STUCK|Arceus|100\/100\n|-damage|p1a: GOAT STUCK|84\/100|[from] Spikes\n|move|p2a: Humpty Dumpy|Ice Beam|p1a: GOAT STUCK\n|-damage|p1a: GOAT STUCK|74\/100\n|\n|-heal|p2a: Humpty Dumpy|76\/100|[from] item: Leftovers\n|-sideend|p2: PaperDrMario|Reflect\n|upkeep\n|turn|11\n|\n|t:|1698466204\n|switch|p2a: It's not a phase|Giratina|69\/100\n|-damage|p2a: It's not a phase|57\/100|[from] Stealth Rock\n|-ability|p2a: It's not a phase|Pressure\n|move|p1a: GOAT STUCK|Whirlpool|p2a: It's not a phase\n|-resisted|p2a: It's not a phase\n|-crit|p2a: It's not a phase\n|-damage|p2a: It's not a phase|53\/100\n|-activate|p2a: It's not a phase|move: Whirlpool|[of] p1a: GOAT STUCK\n|\n|-heal|p2a: It's not a phase|59\/100|[from] item: Leftovers\n|-damage|p2a: It's not a phase|47\/100|[from] move: Whirlpool|[partiallytrapped]\n|upkeep\n|turn|12\n|c| lonly wolf|what\n|c|\u2606PaperDrMario|we got cooking\n|c|\u2606PaperDrMario|i love to see it\n|c| AbstractVoid|What\n|c| Berryandon|is this guy for real\n|c|\u2606AshenAraquanid|nah I'm fake\n|c| HopeAddict|what is he cooking\n|\n|t:|1698466267\n|move|p1a: GOAT STUCK|Recover|p1a: GOAT STUCK\n|-heal|p1a: GOAT STUCK|100\/100\n|move|p2a: It's not a phase|Dragon Tail|p1a: GOAT STUCK|[miss]\n|-miss|p2a: It's not a phase|p1a: GOAT STUCK\n|\n|-heal|p2a: It's not a phase|53\/100|[from] item: Leftovers\n|-damage|p2a: It's not a phase|40\/100|[from] move: Whirlpool|[partiallytrapped]\n|upkeep\n|turn|13\n|c|\u2606PaperDrMario|this is why we take roar\n|c| lonly wolf|dragon tail do damage tho\n|c|\u2606PaperDrMario|roar dont miss\n|\n|t:|1698466314\n|move|p1a: GOAT STUCK|Whirlpool|p2a: It's not a phase\n|-resisted|p2a: It's not a phase\n|-crit|p2a: It's not a phase\n|-damage|p2a: It's not a phase|36\/100\n|move|p2a: It's not a phase|Dragon Tail|p1a: GOAT STUCK\n|-damage|p1a: GOAT STUCK|88\/100\n|drag|p1a: he just like u fr|Ditto|100\/100\n|-damage|p1a: he just like u fr|84\/100|[from] Spikes\n|-transform|p1a: he just like u fr|p2a: It's not a phase|[from] ability: Imposter\n|-ability|p1a: he just like u fr|Pressure\n|\n|-heal|p2a: It's not a phase|42\/100|[from] item: Leftovers\n|-end|p2a: It's not a phase|Whirlpool|[partiallytrapped]|[silent]\n|upkeep\n|turn|14\n|c|\u2606PaperDrMario|have i been crit by raor twice?\n|c|\u2606PaperDrMario|whirlpool\n|c|\u2606PaperDrMario|i mean\n|c|\u2606AshenAraquanid|wait yeah lol\n|c| lonly wolf|you have been crit by every whirlpool\n|c| lonly wolf|rage about it\n|\n|t:|1698466355\n|move|p2a: It's not a phase|Protect|p2a: It's not a phase\n|-singleturn|p2a: It's not a phase|Protect\n|move|p1a: he just like u fr|Dragon Tail|p2a: It's not a phase\n|-activate|p2a: It's not a phase|move: Protect\n|\n|-heal|p2a: It's not a phase|49\/100|[from] item: Leftovers\n|upkeep\n|turn|15\n|c|\u2606PaperDrMario|game is stacked against me\n|c| lonly wolf|the 4%\n|c| Berryandon|calling mods\n|c| Berryandon|Mr. Showdown what hte fuck\n|c| lonly wolf|not a single toxic in this game yall playin ubers wrong\n|\n|t:|1698466450\n|switch|p1a: GOAT STUCK|Arceus|88\/100\n|-damage|p1a: GOAT STUCK|71\/100|[from] Spikes\n|switch|p2a: Toe Biden|Glimmora, M|100\/100\n|-damage|p2a: Toe Biden|88\/100|[from] Stealth Rock\n|\n|upkeep\n|turn|16\n|l| AbstractVoid\n|c| Berryandon|16 turns and 12 pokemon are still alive theyre playing just right\n|c|\u2606PaperDrMario|fawn be like\n|c| Berryandon|see fawn is done\n|c|\u2606PaperDrMario|actual game\/\n|\n|t:|1698466488\n|switch|p2a: Humpty Dumpy|Blissey, F|76\/100\n|-damage|p2a: Humpty Dumpy|64\/100|[from] Stealth Rock\n|move|p1a: GOAT STUCK|Whirlpool|p2a: Humpty Dumpy\n|-damage|p2a: Humpty Dumpy|61\/100\n|-activate|p2a: Humpty Dumpy|move: Whirlpool|[of] p1a: GOAT STUCK\n|\n|-heal|p2a: Humpty Dumpy|67\/100|[from] item: Leftovers\n|-damage|p2a: Humpty Dumpy|55\/100|[from] move: Whirlpool|[partiallytrapped]\n|upkeep\n|turn|17\n|c|\u2606PaperDrMario|im out\n|\n|t:|1698466498\n|move|p1a: GOAT STUCK|Perish Song|p1a: GOAT STUCK\n|-start|p1a: GOAT STUCK|perish3|[silent]\n|-start|p2a: Humpty Dumpy|perish3|[silent]\n|-fieldactivate|move: Perish Song\n|move|p2a: Humpty Dumpy|Soft-Boiled|p2a: Humpty Dumpy\n|-heal|p2a: Humpty Dumpy|100\/100\n|\n|-damage|p2a: Humpty Dumpy|88\/100|[from] move: Whirlpool|[partiallytrapped]\n|-start|p1a: GOAT STUCK|perish3\n|-start|p2a: Humpty Dumpy|perish3\n|upkeep\n|turn|18\n|c|\u2606PaperDrMario|UR INSANE\n|c| lonly wolf|HUH\n|c|\u2606PaperDrMario|CRAZY\n|\n|t:|1698466516\n|move|p1a: GOAT STUCK|Judgment|p2a: Humpty Dumpy\n|-damage|p2a: Humpty Dumpy|76\/100\n|move|p2a: Humpty Dumpy|Seismic Toss|p1a: GOAT STUCK\n|-damage|p1a: GOAT STUCK|48\/100\n|\n|-heal|p2a: Humpty Dumpy|82\/100|[from] item: Leftovers\n|-damage|p2a: Humpty Dumpy|70\/100|[from] move: Whirlpool|[partiallytrapped]\n|-start|p1a: GOAT STUCK|perish2\n|-start|p2a: Humpty Dumpy|perish2\n|upkeep\n|turn|19\n|c| lonly wolf|what the fuck\n|\n|t:|1698466533\n|move|p1a: GOAT STUCK|Recover|p1a: GOAT STUCK\n|-heal|p1a: GOAT STUCK|98\/100\n|move|p2a: Humpty Dumpy|Soft-Boiled|p2a: Humpty Dumpy\n|-heal|p2a: Humpty Dumpy|100\/100\n|\n|-damage|p2a: Humpty Dumpy|88\/100|[from] move: Whirlpool|[partiallytrapped]\n|-start|p1a: GOAT STUCK|perish1\n|-start|p2a: Humpty Dumpy|perish1\n|upkeep\n|turn|20\n|c| lonly wolf|my mans should not be allowed in the kitchen\n|c| Berryandon|now waita fuckign second\n|\n|t:|1698466545\n|switch|p1a: he just like u fr|Ditto|84\/100\n|-damage|p1a: he just like u fr|68\/100|[from] Spikes\n|-transform|p1a: he just like u fr|p2a: Humpty Dumpy|[from] ability: Imposter\n|move|p2a: Humpty Dumpy|Teleport|p2a: Humpty Dumpy\n|c| Berryandon|THEW TELEORPTO\n|c|\u2606AshenAraquanid|omg\n|c| Berryandon|AHHHHHHHHHHHHHHH\n|c| lonly wolf|WHAT\n|\n|t:|1698466563\n|switch|p2a: Toe Biden|Glimmora, M|88\/100|[from] Teleport\n|-damage|p2a: Toe Biden|76\/100|[from] Stealth Rock\n|\n|upkeep\n|turn|21\n|c|\u2606AshenAraquanid|well player my good sir\n|c|\u2606AshenAraquanid|well\n|c|\u2606PaperDrMario|IM SO FUCKIGN SICK\n|c|\u2606AshenAraquanid|played\n|\n|t:|1698466618\n|switch|p1a: FiveNightsInOhio|Ursaluna-Bloodmoon, M|84\/100\n|-damage|p1a: FiveNightsInOhio|67\/100|[from] Spikes\n|move|p2a: Toe Biden|Stealth Rock|p1a: FiveNightsInOhio\n|-sidestart|p1: AshenAraquanid|move: Stealth Rock\n|\n|upkeep\n|turn|22\n|c| Berryandon|so like this is somethign every arceus can jsut do haha\n|c|\u2606PaperDrMario|https:\/\/i1.sndcdn.com\/artworks-zfQLKaxa6u0DyvHd-2xVi7g-t500x500.jpg\n|c| lonly wolf|yeah but is it good :thinking:\n|\n|t:|1698466686\n|switch|p2a: Humpty Dumpy|Blissey, F|88\/100\n|-damage|p2a: Humpty Dumpy|76\/100|[from] Stealth Rock\n|move|p1a: FiveNightsInOhio|Blood Moon|p2a: Humpty Dumpy\n|-damage|p2a: Humpty Dumpy|51\/100\n|\n|-heal|p2a: Humpty Dumpy|58\/100|[from] item: Leftovers\n|upkeep\n|turn|23\n|\n|t:|1698466701\n|move|p2a: Humpty Dumpy|Soft-Boiled|p2a: Humpty Dumpy\n|-heal|p2a: Humpty Dumpy|100\/100\n|move|p1a: FiveNightsInOhio|Rest|p1a: FiveNightsInOhio\n|-status|p1a: FiveNightsInOhio|slp|[from] move: Rest\n|-heal|p1a: FiveNightsInOhio|100\/100 slp|[silent]\n|\n|upkeep\n|turn|24\n|\n|t:|1698466715\n|switch|p1a: hey its me ur uber|Deoxys-Speed|100\/100\n|-damage|p1a: hey its me ur uber|84\/100|[from] Spikes\n|-damage|p1a: hey its me ur uber|72\/100|[from] Stealth Rock\n|-ability|p1a: hey its me ur uber|Pressure\n|move|p2a: Humpty Dumpy|Seismic Toss|p1a: hey its me ur uber\n|-damage|p1a: hey its me ur uber|39\/100\n|\n|-status|p1a: hey its me ur uber|tox|[from] item: Toxic Orb\n|upkeep\n|turn|25\n|c| Berryandon|i guess now that weve seen it the luster isnt as shiny\n|c|\u2606PaperDrMario|TOXIC ORB?\n|c|\u2606PaperDrMario|WHAT?\n|c|\u2606AshenAraquanid|yeah ima be honest that was a total misplay\n|\n|t:|1698466780\n|switch|p2a: Locked out|Klefki, F|100\/100\n|-damage|p2a: Locked out|95\/100|[from] Stealth Rock\n|move|p1a: hey its me ur uber|Taunt|p2a: Locked out\n|-start|p2a: Locked out|move: Taunt\n|\n|-damage|p1a: hey its me ur uber|32\/100 tox|[from] psn\n|upkeep\n|turn|26\n|c|\u2606PaperDrMario|care to share what you were thinking?\n|c| Berryandon|call the fucking fire department\n|\n|t:|1698466794\n|switch|p1a: apple fritter|Ogerpon-Hearthflame, F|63\/100\n|-damage|p1a: apple fritter|47\/100|[from] Spikes\n|-damage|p1a: apple fritter|22\/100|[from] Stealth Rock\n|-ability|p1a: apple fritter|Mold Breaker\n|move|p2a: Locked out|Dazzling Gleam|p1a: apple fritter\n|-resisted|p1a: apple fritter\n|-crit|p1a: apple fritter\n|-damage|p1a: apple fritter|3\/100\n|\n|upkeep\n|turn|27\n|c| lonly wolf|you know what he was thinking\n|\n|t:|1698466842\n|switch|p2a: It's raining men|Arceus-Water|100\/100\n|-damage|p2a: It's raining men|88\/100|[from] Stealth Rock\n|move|p1a: apple fritter|Ivy Cudgel|p2a: It's raining men\n|-resisted|p2a: It's raining men\n|-damage|p2a: It's raining men|67\/100\n|\n|upkeep\n|turn|28\n|\n|t:|1698466862\n|move|p2a: It's raining men|Substitute|p2a: It's raining men\n|-start|p2a: It's raining men|Substitute\n|-damage|p2a: It's raining men|42\/100\n|move|p1a: apple fritter|Horn Leech|p2a: It's raining men\n|-supereffective|p2a: It's raining men\n|-end|p2a: It's raining men|Substitute\n|-heal|p1a: apple fritter|19\/100|[from] drain|[of] p2a: It's raining men\n|\n|upkeep\n|turn|29\n|\n|t:|1698466869\n|move|p2a: It's raining men|Judgment|p1a: apple fritter\n|-damage|p1a: apple fritter|0 fnt\n|faint|p1a: apple fritter\n|\n|upkeep\n|\n|t:|1698466892\n|switch|p1a: he just like u fr|Ditto|68\/100\n|-damage|p1a: he just like u fr|51\/100|[from] Spikes\n|-damage|p1a: he just like u fr|39\/100|[from] Stealth Rock\n|-transform|p1a: he just like u fr|p2a: It's raining men|[from] ability: Imposter\n|turn|30\n|\n|t:|1698466928\n|move|p1a: he just like u fr|Judgment|p2a: It's raining men\n|-damage|p2a: It's raining men|17\/100\n|move|p2a: It's raining men|Recover|p2a: It's raining men\n|-heal|p2a: It's raining men|67\/100\n|\n|upkeep\n|turn|31\n|\n|t:|1698466942\n|move|p1a: he just like u fr|Judgment|p2a: It's raining men\n|-damage|p2a: It's raining men|41\/100\n|move|p2a: It's raining men|Recover|p2a: It's raining men\n|-heal|p2a: It's raining men|91\/100\n|\n|upkeep\n|turn|32\n|c|\u2606AshenAraquanid|alright just checking lol\n|\n|t:|1698466982\n|move|p1a: he just like u fr|Judgment|p2a: It's raining men\n|-damage|p2a: It's raining men|65\/100\n|move|p2a: It's raining men|Substitute|p2a: It's raining men\n|-start|p2a: It's raining men|Substitute\n|-damage|p2a: It's raining men|40\/100\n|\n|upkeep\n|turn|33\n|\n|t:|1698466995\n|switch|p1a: Heavy Atk B-33|Beedrill-Mega, M|84\/100\n|-damage|p1a: Heavy Atk B-33|67\/100|[from] Spikes\n|-damage|p1a: Heavy Atk B-33|42\/100|[from] Stealth Rock\n|move|p2a: It's raining men|Recover|p2a: It's raining men\n|-heal|p2a: It's raining men|90\/100\n|\n|upkeep\n|turn|34\n|\n|t:|1698467008\n|move|p1a: Heavy Atk B-33|Drill Run|p2a: It's raining men\n|-end|p2a: It's raining men|Substitute\n|move|p2a: It's raining men|Judgment|p1a: Heavy Atk B-33\n|-damage|p1a: Heavy Atk B-33|0 fnt\n|faint|p1a: Heavy Atk B-33\n|\n|upkeep\n|\n|t:|1698467022\n|switch|p1a: hey its me ur uber|Deoxys-Speed|32\/100 tox\n|-damage|p1a: hey its me ur uber|16\/100 tox|[from] Spikes\n|-damage|p1a: hey its me ur uber|3\/100 tox|[from] Stealth Rock\n|-ability|p1a: hey its me ur uber|Pressure\n|turn|35\n|\n|t:|1698467034\n|switch|p2a: Toe Biden|Glimmora, M|76\/100\n|-damage|p2a: Toe Biden|63\/100|[from] Stealth Rock\n|move|p1a: hey its me ur uber|Taunt|p2a: Toe Biden\n|-start|p2a: Toe Biden|move: Taunt\n|\n|-damage|p1a: hey its me ur uber|0 fnt|[from] psn\n|faint|p1a: hey its me ur uber\n|upkeep\n|\n|t:|1698467040\n|switch|p1a: FiveNightsInOhio|Ursaluna-Bloodmoon, M|100\/100 slp\n|-damage|p1a: FiveNightsInOhio|84\/100 slp|[from] Spikes\n|-damage|p1a: FiveNightsInOhio|78\/100 slp|[from] Stealth Rock\n|turn|36\n|\n|t:|1698467053\n|switch|p2a: Humpty Dumpy|Blissey, F|100\/100\n|-damage|p2a: Humpty Dumpy|88\/100|[from] Stealth Rock\n|cant|p1a: FiveNightsInOhio|slp\n|-zpower|p1a: FiveNightsInOhio\n|move|p1a: FiveNightsInOhio|Z-Sleep Talk|p1a: FiveNightsInOhio|[anim]Sleep Talk\n|-start|p1a: FiveNightsInOhio|move: Focus Energy|[zeffect]\n|move|p1a: FiveNightsInOhio|Tectonic Rage|p2a: Humpty Dumpy|[from]move: Sleep Talk\n|-damage|p2a: Humpty Dumpy|58\/100\n|\n|-heal|p2a: Humpty Dumpy|64\/100|[from] item: Leftovers\n|upkeep\n|turn|37\n|c|\u2606PaperDrMario|HUH\n|c| Berryandon|dude what the fuck\n|c|\u2606PaperDrMario|LOGAN UR SCARING ME\n|\n|t:|1698467081\n|move|p2a: Humpty Dumpy|Ice Beam|p1a: FiveNightsInOhio\n|-supereffective|p1a: FiveNightsInOhio\n|-damage|p1a: FiveNightsInOhio|44\/100 slp\n|cant|p1a: FiveNightsInOhio|slp\n|move|p1a: FiveNightsInOhio|Sleep Talk|p1a: FiveNightsInOhio\n|move|p1a: FiveNightsInOhio|Rest||[from]move: Sleep Talk|[still]\n|-fail|p1a: FiveNightsInOhio\n|\n|-heal|p2a: Humpty Dumpy|70\/100|[from] item: Leftovers\n|upkeep\n|turn|38\n|c| lonly wolf|z-sleep talk into earth power\n|c| lonly wolf|and it just fuckin made eartyh power the z version\n|c| Berryandon|ive never seen the words \"Critical Hit Boost\" on showdown like that\n|c| lonly wolf|mr gen 7 doing crazy gen 7 shit\n|\n|t:|1698467121\n|move|p2a: Humpty Dumpy|Ice Beam|p1a: FiveNightsInOhio\n|-supereffective|p1a: FiveNightsInOhio\n|-damage|p1a: FiveNightsInOhio|5\/100 slp\n|-curestatus|p1a: FiveNightsInOhio|slp|[msg]\n|move|p1a: FiveNightsInOhio|Rest|p1a: FiveNightsInOhio\n|-status|p1a: FiveNightsInOhio|slp|[from] move: Rest\n|-heal|p1a: FiveNightsInOhio|100\/100 slp|[silent]\n|\n|-heal|p2a: Humpty Dumpy|77\/100|[from] item: Leftovers\n|upkeep\n|turn|39\n|c|\u2606AshenAraquanid|i cooked too hard\n|\n|t:|1698467139\n|move|p2a: Humpty Dumpy|Ice Beam|p1a: FiveNightsInOhio\n|-supereffective|p1a: FiveNightsInOhio\n|-damage|p1a: FiveNightsInOhio|65\/100 slp\n|cant|p1a: FiveNightsInOhio|slp\n|move|p1a: FiveNightsInOhio|Sleep Talk|p1a: FiveNightsInOhio\n|move|p1a: FiveNightsInOhio|Earth Power|p2a: Humpty Dumpy|[from]move: Sleep Talk\n|-crit|p2a: Humpty Dumpy\n|-damage|p2a: Humpty Dumpy|53\/100\n|\n|-heal|p2a: Humpty Dumpy|59\/100|[from] item: Leftovers\n|upkeep\n|turn|40\n|\n|t:|1698467154\n|move|p2a: Humpty Dumpy|Ice Beam|p1a: FiveNightsInOhio\n|-supereffective|p1a: FiveNightsInOhio\n|-damage|p1a: FiveNightsInOhio|28\/100 slp\n|cant|p1a: FiveNightsInOhio|slp\n|move|p1a: FiveNightsInOhio|Sleep Talk|p1a: FiveNightsInOhio\n|move|p1a: FiveNightsInOhio|Blood Moon|p2a: Humpty Dumpy|[from]move: Sleep Talk\n|-crit|p2a: Humpty Dumpy\n|-damage|p2a: Humpty Dumpy|25\/100\n|\n|-heal|p2a: Humpty Dumpy|32\/100|[from] item: Leftovers\n|upkeep\n|turn|41\n|c|\u2606PaperDrMario|i have\n|c| Berryandon|okay now kill the blissey\n|c| Berryandon|freddy too tired\n|c|\u2606PaperDrMario|from the video with pult critting and killing everything\n|\n|t:|1698467220\n|move|p2a: Humpty Dumpy|Soft-Boiled|p2a: Humpty Dumpy\n|-heal|p2a: Humpty Dumpy|82\/100\n|-curestatus|p1a: FiveNightsInOhio|slp|[msg]\n|move|p1a: FiveNightsInOhio|Blood Moon|p2a: Humpty Dumpy\n|-damage|p2a: Humpty Dumpy|57\/100\n|\n|-heal|p2a: Humpty Dumpy|63\/100|[from] item: Leftovers\n|upkeep\n|turn|42\n|\n|t:|1698467228\n|move|p2a: Humpty Dumpy|Ice Beam|p1a: FiveNightsInOhio\n|-supereffective|p1a: FiveNightsInOhio\n|-damage|p1a: FiveNightsInOhio|0 fnt\n|faint|p1a: FiveNightsInOhio\n|\n|-heal|p2a: Humpty Dumpy|69\/100|[from] item: Leftovers\n|upkeep\n|\n|t:|1698467235\n|switch|p1a: GOAT STUCK|Arceus|98\/100\n|-damage|p1a: GOAT STUCK|82\/100|[from] Spikes\n|-damage|p1a: GOAT STUCK|69\/100|[from] Stealth Rock\n|turn|43\n|\n|t:|1698467243\n|move|p1a: GOAT STUCK|Judgment|p2a: Humpty Dumpy\n|-damage|p2a: Humpty Dumpy|58\/100\n|move|p2a: Humpty Dumpy|Seismic Toss|p1a: GOAT STUCK\n|-damage|p1a: GOAT STUCK|47\/100\n|\n|-heal|p2a: Humpty Dumpy|65\/100|[from] item: Leftovers\n|upkeep\n|turn|44\n|\n|t:|1698467260\n|move|p1a: GOAT STUCK|Whirlpool|p2a: Humpty Dumpy\n|-damage|p2a: Humpty Dumpy|62\/100\n|-activate|p2a: Humpty Dumpy|move: Whirlpool|[of] p1a: GOAT STUCK\n|move|p2a: Humpty Dumpy|Seismic Toss|p1a: GOAT STUCK\n|-damage|p1a: GOAT STUCK|24\/100\n|-enditem|p1a: GOAT STUCK|Mago Berry|[eat]\n|-heal|p1a: GOAT STUCK|58\/100|[from] item: Mago Berry\n|\n|-heal|p2a: Humpty Dumpy|68\/100|[from] item: Leftovers\n|-damage|p2a: Humpty Dumpy|55\/100|[from] move: Whirlpool|[partiallytrapped]\n|upkeep\n|turn|45\n|c|\u2606PaperDrMario|MAGO BERRY\n|c|\u2606PaperDrMario|logan ur so cool\n|c|\u2606PaperDrMario|i think ur really cool\n|c|\u2606AshenAraquanid|thank you haha\n|c| Berryandon|what is this flex\n|\n|t:|1698467304\n|move|p1a: GOAT STUCK|Judgment|p2a: Humpty Dumpy\n|-damage|p2a: Humpty Dumpy|44\/100\n|move|p2a: Humpty Dumpy|Soft-Boiled|p2a: Humpty Dumpy\n|-heal|p2a: Humpty Dumpy|94\/100\n|\n|-heal|p2a: Humpty Dumpy|100\/100|[from] item: Leftovers\n|-damage|p2a: Humpty Dumpy|88\/100|[from] move: Whirlpool|[partiallytrapped]\n|upkeep\n|turn|46\n|c| Berryandon|JSUT HOLD SITRUS\n|c| Berryandon|WHAT ARE WE DOING\n|\n|t:|1698467320\n|move|p1a: GOAT STUCK|Recover|p1a: GOAT STUCK\n|-heal|p1a: GOAT STUCK|100\/100\n|move|p2a: Humpty Dumpy|Seismic Toss|p1a: GOAT STUCK\n|-damage|p1a: GOAT STUCK|78\/100\n|\n|-heal|p2a: Humpty Dumpy|94\/100|[from] item: Leftovers\n|-damage|p2a: Humpty Dumpy|82\/100|[from] move: Whirlpool|[partiallytrapped]\n|upkeep\n|turn|47\n|\n|t:|1698467328\n|move|p1a: GOAT STUCK|Whirlpool|p2a: Humpty Dumpy\n|-damage|p2a: Humpty Dumpy|79\/100\n|move|p2a: Humpty Dumpy|Seismic Toss|p1a: GOAT STUCK\n|-damage|p1a: GOAT STUCK|55\/100\n|\n|-heal|p2a: Humpty Dumpy|85\/100|[from] item: Leftovers\n|-damage|p2a: Humpty Dumpy|73\/100|[from] move: Whirlpool|[partiallytrapped]\n|upkeep\n|turn|48\n|c|\u2606AshenAraquanid|our best\n|c| lonly wolf|my man is stuck in gen 7 where mago berry was better\n|\n|t:|1698467344\n|move|p1a: GOAT STUCK|Judgment|p2a: Humpty Dumpy\n|-damage|p2a: Humpty Dumpy|61\/100\n|move|p2a: Humpty Dumpy|Seismic Toss|p1a: GOAT STUCK\n|-damage|p1a: GOAT STUCK|33\/100\n|\n|-heal|p2a: Humpty Dumpy|67\/100|[from] item: Leftovers\n|-damage|p2a: Humpty Dumpy|55\/100|[from] move: Whirlpool|[partiallytrapped]\n|upkeep\n|turn|49\n|\n|t:|1698467367\n|move|p1a: GOAT STUCK|Recover|p1a: GOAT STUCK\n|-heal|p1a: GOAT STUCK|83\/100\n|move|p2a: Humpty Dumpy|Seismic Toss|p1a: GOAT STUCK\n|-damage|p1a: GOAT STUCK|60\/100\n|\n|-heal|p2a: Humpty Dumpy|61\/100|[from] item: Leftovers\n|-end|p2a: Humpty Dumpy|Whirlpool|[partiallytrapped]\n|upkeep\n|turn|50\n|\n|t:|1698467376\n|move|p1a: GOAT STUCK|Whirlpool|p2a: Humpty Dumpy\n|-damage|p2a: Humpty Dumpy|58\/100\n|-activate|p2a: Humpty Dumpy|move: Whirlpool|[of] p1a: GOAT STUCK\n|move|p2a: Humpty Dumpy|Seismic Toss|p1a: GOAT STUCK\n|-damage|p1a: GOAT STUCK|38\/100\n|\n|-heal|p2a: Humpty Dumpy|64\/100|[from] item: Leftovers\n|-damage|p2a: Humpty Dumpy|52\/100|[from] move: Whirlpool|[partiallytrapped]\n|upkeep\n|turn|51\n|\n|t:|1698467387\n|move|p1a: GOAT STUCK|Judgment|p2a: Humpty Dumpy\n|-crit|p2a: Humpty Dumpy\n|-damage|p2a: Humpty Dumpy|34\/100\n|move|p2a: Humpty Dumpy|Soft-Boiled|p2a: Humpty Dumpy\n|-heal|p2a: Humpty Dumpy|84\/100\n|\n|-heal|p2a: Humpty Dumpy|90\/100|[from] item: Leftovers\n|-damage|p2a: Humpty Dumpy|78\/100|[from] move: Whirlpool|[partiallytrapped]\n|upkeep\n|turn|52\n|c|\u2606PaperDrMario|HOW MANY CRITS\n|c|\u2606PaperDrMario|IS ENOUGH\n|\n|t:|1698467407\n|move|p1a: GOAT STUCK|Whirlpool|p2a: Humpty Dumpy\n|-damage|p2a: Humpty Dumpy|75\/100\n|move|p2a: Humpty Dumpy|Seismic Toss|p1a: GOAT STUCK\n|-damage|p1a: GOAT STUCK|15\/100\n|\n|-heal|p2a: Humpty Dumpy|81\/100|[from] item: Leftovers\n|-damage|p2a: Humpty Dumpy|69\/100|[from] move: Whirlpool|[partiallytrapped]\n|upkeep\n|turn|53\n|c| lonly wolf|his rng isnt gonna save him\n|\n|t:|1698467417\n|move|p1a: GOAT STUCK|Recover|p1a: GOAT STUCK\n|-heal|p1a: GOAT STUCK|65\/100\n|move|p2a: Humpty Dumpy|Seismic Toss|p1a: GOAT STUCK\n|-damage|p1a: GOAT STUCK|43\/100\n|\n|-heal|p2a: Humpty Dumpy|75\/100|[from] item: Leftovers\n|-damage|p2a: Humpty Dumpy|62\/100|[from] move: Whirlpool|[partiallytrapped]\n|upkeep\n|turn|54\n|\n|t:|1698467428\n|move|p1a: GOAT STUCK|Judgment|p2a: Humpty Dumpy\n|-damage|p2a: Humpty Dumpy|50\/100\n|move|p2a: Humpty Dumpy|Seismic Toss|p1a: GOAT STUCK\n|-damage|p1a: GOAT STUCK|20\/100\n|\n|-heal|p2a: Humpty Dumpy|56\/100|[from] item: Leftovers\n|-damage|p2a: Humpty Dumpy|44\/100|[from] move: Whirlpool|[partiallytrapped]\n|upkeep\n|turn|55\n|\n|t:|1698467436\n|move|p1a: GOAT STUCK|Recover|p1a: GOAT STUCK\n|-heal|p1a: GOAT STUCK|70\/100\n|move|p2a: Humpty Dumpy|Soft-Boiled|p2a: Humpty Dumpy\n|-heal|p2a: Humpty Dumpy|94\/100\n|\n|-heal|p2a: Humpty Dumpy|99\/100|[from] item: Leftovers\n|-end|p2a: Humpty Dumpy|Whirlpool|[partiallytrapped]\n|upkeep\n|turn|56\n|\n|t:|1698467443\n|move|p1a: GOAT STUCK|Whirlpool|p2a: Humpty Dumpy\n|-crit|p2a: Humpty Dumpy\n|-damage|p2a: Humpty Dumpy|95\/100\n|-activate|p2a: Humpty Dumpy|move: Whirlpool|[of] p1a: GOAT STUCK\n|move|p2a: Humpty Dumpy|Seismic Toss|p1a: GOAT STUCK\n|-damage|p1a: GOAT STUCK|48\/100\n|\n|-heal|p2a: Humpty Dumpy|100\/100|[from] item: Leftovers\n|-damage|p2a: Humpty Dumpy|88\/100|[from] move: Whirlpool|[partiallytrapped]\n|upkeep\n|turn|57\n|c| Berryandon|recover vs softboiled battle im gonna be sick\n|\n|t:|1698467452\n|move|p1a: GOAT STUCK|Judgment|p2a: Humpty Dumpy\n|-damage|p2a: Humpty Dumpy|77\/100\n|move|p2a: Humpty Dumpy|Seismic Toss|p1a: GOAT STUCK\n|-damage|p1a: GOAT STUCK|25\/100\n|\n|-heal|p2a: Humpty Dumpy|84\/100|[from] item: Leftovers\n|-damage|p2a: Humpty Dumpy|71\/100|[from] move: Whirlpool|[partiallytrapped]\n|upkeep\n|turn|58\n|c|\u2606PaperDrMario|so this game ended up being ubers after all\n|\n|t:|1698467466\n|move|p1a: GOAT STUCK|Judgment|p2a: Humpty Dumpy\n|-damage|p2a: Humpty Dumpy|59\/100\n|move|p2a: Humpty Dumpy|Seismic Toss|p1a: GOAT STUCK\n|-damage|p1a: GOAT STUCK|3\/100\n|\n|-heal|p2a: Humpty Dumpy|65\/100|[from] item: Leftovers\n|-damage|p2a: Humpty Dumpy|53\/100|[from] move: Whirlpool|[partiallytrapped]\n|upkeep\n|turn|59\n|\n|t:|1698467475\n|move|p1a: GOAT STUCK|Recover|p1a: GOAT STUCK\n|-heal|p1a: GOAT STUCK|53\/100\n|move|p2a: Humpty Dumpy|Seismic Toss|p1a: GOAT STUCK\n|-damage|p1a: GOAT STUCK|30\/100\n|\n|-heal|p2a: Humpty Dumpy|59\/100|[from] item: Leftovers\n|-damage|p2a: Humpty Dumpy|47\/100|[from] move: Whirlpool|[partiallytrapped]\n|upkeep\n|turn|60\n|\n|t:|1698467488\n|move|p1a: GOAT STUCK|Judgment|p2a: Humpty Dumpy\n|-damage|p2a: Humpty Dumpy|35\/100\n|move|p2a: Humpty Dumpy|Soft-Boiled|p2a: Humpty Dumpy\n|-heal|p2a: Humpty Dumpy|85\/100\n|\n|-heal|p2a: Humpty Dumpy|91\/100|[from] item: Leftovers\n|-end|p2a: Humpty Dumpy|Whirlpool|[partiallytrapped]\n|upkeep\n|turn|61\n|\n|t:|1698467494\n|move|p1a: GOAT STUCK|Recover|p1a: GOAT STUCK\n|-heal|p1a: GOAT STUCK|80\/100\n|move|p2a: Humpty Dumpy|Seismic Toss|p1a: GOAT STUCK\n|-damage|p1a: GOAT STUCK|58\/100\n|\n|-heal|p2a: Humpty Dumpy|97\/100|[from] item: Leftovers\n|upkeep\n|turn|62\n|\n|t:|1698467501\n|move|p1a: GOAT STUCK|Whirlpool|p2a: Humpty Dumpy\n|-damage|p2a: Humpty Dumpy|94\/100\n|-activate|p2a: Humpty Dumpy|move: Whirlpool|[of] p1a: GOAT STUCK\n|move|p2a: Humpty Dumpy|Seismic Toss|p1a: GOAT STUCK\n|-damage|p1a: GOAT STUCK|35\/100\n|\n|-heal|p2a: Humpty Dumpy|100\/100|[from] item: Leftovers\n|-damage|p2a: Humpty Dumpy|88\/100|[from] move: Whirlpool|[partiallytrapped]\n|upkeep\n|turn|63\n|\n|t:|1698467539\n|move|p1a: GOAT STUCK|Judgment|p2a: Humpty Dumpy\n|-damage|p2a: Humpty Dumpy|76\/100\n|move|p2a: Humpty Dumpy|Seismic Toss|p1a: GOAT STUCK\n|-damage|p1a: GOAT STUCK|13\/100\n|\n|-heal|p2a: Humpty Dumpy|82\/100|[from] item: Leftovers\n|-damage|p2a: Humpty Dumpy|70\/100|[from] move: Whirlpool|[partiallytrapped]\n|upkeep\n|turn|64\n|\n|t:|1698467558\n|move|p1a: GOAT STUCK|Judgment|p2a: Humpty Dumpy\n|-crit|p2a: Humpty Dumpy\n|-damage|p2a: Humpty Dumpy|53\/100\n|move|p2a: Humpty Dumpy|Teleport|p2a: Humpty Dumpy\n|\n|t:|1698467564\n|switch|p2a: I WANNA BE CRAZY|Kingambit, F|100\/100|[from] Teleport\n|-damage|p2a: I WANNA BE CRAZY|94\/100|[from] Stealth Rock\n|\n|upkeep\n|turn|65\n|c| lonly wolf|this end game hurt to watch\n|\n|t:|1698467590\n|-end|p2a: I WANNA BE CRAZY|fallenundefined|[silent]\n|switch|p2a: Humpty Dumpy|Blissey, F|53\/100\n|-damage|p2a: Humpty Dumpy|40\/100|[from] Stealth Rock\n|move|p1a: GOAT STUCK|Perish Song|p1a: GOAT STUCK\n|-start|p1a: GOAT STUCK|perish3|[silent]\n|-start|p2a: Humpty Dumpy|perish3|[silent]\n|-fieldactivate|move: Perish Song\n|\n|-heal|p2a: Humpty Dumpy|46\/100|[from] item: Leftovers\n|-start|p1a: GOAT STUCK|perish3\n|-start|p2a: Humpty Dumpy|perish3\n|upkeep\n|turn|66\n|c|\u2606PaperDrMario|i wanted to go crazy\n|\n|t:|1698467612\n|move|p1a: GOAT STUCK|Whirlpool|p2a: Humpty Dumpy\n|-damage|p2a: Humpty Dumpy|44\/100\n|-activate|p2a: Humpty Dumpy|move: Whirlpool|[of] p1a: GOAT STUCK\n|move|p2a: Humpty Dumpy|Seismic Toss|p1a: GOAT STUCK\n|-damage|p1a: GOAT STUCK|0 fnt\n|faint|p1a: GOAT STUCK\n|\n|-heal|p2a: Humpty Dumpy|50\/100|[from] item: Leftovers\n|-end|p2a: Humpty Dumpy|Whirlpool|[partiallytrapped]|[silent]\n|-start|p2a: Humpty Dumpy|perish2\n|upkeep\n|c|\u2606PaperDrMario|and then remembered ditto will copy that lmao\n|\n|t:|1698467615\n|switch|p1a: he just like u fr|Ditto|39\/100\n|-damage|p1a: he just like u fr|23\/100|[from] Spikes\n|-damage|p1a: he just like u fr|10\/100|[from] Stealth Rock\n|-transform|p1a: he just like u fr|p2a: Humpty Dumpy|[from] ability: Imposter\n|turn|67\n|c|\u2606AshenAraquanid|oh...\n|\n|t:|1698467634\n|move|p1a: he just like u fr|Seismic Toss|p2a: Humpty Dumpy\n|-damage|p2a: Humpty Dumpy|36\/100\n|move|p2a: Humpty Dumpy|Teleport|p2a: Humpty Dumpy\n|c|\u2606PaperDrMario|i thought it would copy perish for a sec\n|c| Berryandon|ignite your rusty heart.....\n|\n|t:|1698467642\n|switch|p2a: I WANNA BE CRAZY|Kingambit, F|94\/100|[from] Teleport\n|-damage|p2a: I WANNA BE CRAZY|88\/100|[from] Stealth Rock\n|\n|upkeep\n|turn|68\n|\n|t:|1698467648\n|move|p1a: he just like u fr|Seismic Toss|p2a: I WANNA BE CRAZY\n|-damage|p2a: I WANNA BE CRAZY|63\/100\n|move|p2a: I WANNA BE CRAZY|Knock Off|p1a: he just like u fr\n|-damage|p1a: he just like u fr|0 fnt\n|-enditem|p1a: he just like u fr|Choice Scarf|[from] move: Knock Off|[of] p2a: I WANNA BE CRAZY\n|faint|p1a: he just like u fr\n|\n|win|PaperDrMario\n|c|\u2606PaperDrMario|gg\n|c|\u2606AshenAraquanid|gg dude\n|l| HopeAddict\n","uploadtime":1698467661,"views":22,"p1id":"ashenaraquanid","p2id":"paperdrmario","formatid":"gen9nationaldexubers","rating":0,"private":0,"password":""}