{"id":"gen9nationaldexubers-1980259671","p1":"Gtg g u2","p2":"caduhellfire","format":"[Gen 9] National Dex Ubers","log":"|j|\u2606Gtg g u2\n|j|\u2606caduhellfire\n|t:|1698770351\n|gametype|singles\n|player|p1|Gtg g u2|red-masters|1074\n|player|p2|caduhellfire|lucas|1000\n|teamsize|p1|6\n|teamsize|p2|6\n|gen|9\n|tier|[Gen 9] National Dex Ubers\n|rated|\n|rule|HP Percentage Mod: HP is shown in percentages\n|rule|Endless Battle Clause: Forcing endless battles is banned\n|rule|OHKO Clause: OHKO moves are banned\n|rule|Evasion Moves Clause: Evasion moves are banned\n|rule|Evasion Items Clause: Evasion items are banned\n|rule|Species Clause: Limit one of each Pok\u00e9mon\n|rule|Sleep Clause Mod: Limit one foe put to sleep\n|rule|Mega Rayquaza Clause: You cannot mega evolve Rayquaza\n|clearpoke\n|poke|p1|Pikachu, M|\n|poke|p1|Rillaboom, M|\n|poke|p1|Cramorant, M|\n|poke|p1|Grapploct, M|\n|poke|p1|Centiskorch, M|\n|poke|p1|Runerigus, F|\n|poke|p2|Magnezone|\n|poke|p2|Gengar, M|\n|poke|p2|Gyarados, F|\n|poke|p2|Exeggutor-Alola, M|\n|poke|p2|Infernape, M|\n|poke|p2|Gallade, M|\n|teampreview\n|\n|t:|1698770354\n|start\n|switch|p1a: Rillaboom|Rillaboom, M|100\/100\n|switch|p2a: Gallade|Gallade, M|100\/100\n|-fieldstart|move: Grassy Terrain|[from] ability: Grassy Surge|[of] p1a: Rillaboom\n|turn|1\n|inactive|Battle timer is ON: inactive players will automatically lose when time's up. (requested by Gtg g u2)\n|\n|t:|1698770361\n|switch|p2a: Infernape|Infernape, M|100\/100\n|move|p1a: Rillaboom|Knock Off|p2a: Infernape\n|-resisted|p2a: Infernape\n|-damage|p2a: Infernape|79\/100\n|-damage|p1a: Rillaboom|91\/100|[from] item: Life Orb\n|\n|-heal|p1a: Rillaboom|97\/100|[from] Grassy Terrain\n|-heal|p2a: Infernape|85\/100|[from] Grassy Terrain\n|upkeep\n|turn|2\n|\n|t:|1698770375\n|switch|p1a: Centiskorch|Centiskorch, M|100\/100\n|move|p2a: Infernape|Flare Blitz|p1a: Centiskorch\n|-start|p1a: Centiskorch|ability: Flash Fire\n|\n|-heal|p2a: Infernape|91\/100|[from] Grassy Terrain\n|upkeep\n|turn|3\n|\n|t:|1698770385\n|move|p2a: Infernape|Earthquake|p1a: Centiskorch\n|-damage|p1a: Centiskorch|81\/100\n|move|p1a: Centiskorch|Fire Lash|p2a: Infernape\n|-resisted|p2a: Infernape\n|-damage|p2a: Infernape|45\/100\n|-unboost|p2a: Infernape|def|1\n|\n|-heal|p2a: Infernape|51\/100|[from] Grassy Terrain\n|-heal|p1a: Centiskorch|87\/100|[from] Grassy Terrain\n|upkeep\n|turn|4\n|\n|t:|1698770395\n|switch|p2a: Gyarados|Gyarados, F|100\/100\n|-ability|p2a: Gyarados|Intimidate|boost\n|-unboost|p1a: Centiskorch|atk|1\n|move|p1a: Centiskorch|Power Whip|p2a: Gyarados|[miss]\n|-miss|p1a: Centiskorch|p2a: Gyarados\n|\n|-heal|p1a: Centiskorch|94\/100|[from] Grassy Terrain\n|upkeep\n|turn|5\n|\n|t:|1698770406\n|-end|p1a: Centiskorch|ability: Flash Fire|[silent]\n|switch|p1a: Pikachu|Pikachu, M|100\/100\n|detailschange|p2a: Gyarados|Gyarados-Mega, F\n|-mega|p2a: Gyarados|Gyarados|Gyaradosite\n|-ability|p2a: Gyarados|Mold Breaker\n|move|p2a: Gyarados|Surf|p1a: Pikachu\n|-damage|p1a: Pikachu|24\/100\n|\n|-heal|p1a: Pikachu|30\/100|[from] Grassy Terrain\n|-fieldend|move: Grassy Terrain\n|upkeep\n|turn|6\n|\n|t:|1698770418\n|switch|p2a: Exeggutor|Exeggutor-Alola, M|100\/100\n|move|p1a: Pikachu|Thunderbolt|p2a: Exeggutor\n|-resisted|p2a: Exeggutor\n|-damage|p2a: Exeggutor|92\/100\n|\n|upkeep\n|turn|7\n|\n|t:|1698770426\n|switch|p1a: Cramorant|Cramorant, M|100\/100\n|move|p2a: Exeggutor|Earthquake|p1a: Cramorant\n|-immune|p1a: Cramorant\n|\n|upkeep\n|turn|8\n|\n|t:|1698770433\n|switch|p1a: Runerigus|Runerigus, F, shiny|100\/100\n|move|p2a: Exeggutor|Energy Ball|p1a: Runerigus\n|-supereffective|p1a: Runerigus\n|-damage|p1a: Runerigus|25\/100\n|\n|-heal|p1a: Runerigus|32\/100|[from] item: Leftovers\n|upkeep\n|turn|9\n|\n|t:|1698770463\n|switch|p1a: Centiskorch|Centiskorch, M|94\/100\n|-terastallize|p2a: Exeggutor|Ice\n|move|p2a: Exeggutor|Energy Ball|p1a: Centiskorch\n|-resisted|p1a: Centiskorch\n|-damage|p1a: Centiskorch|85\/100\n|-unboost|p1a: Centiskorch|spd|1\n|\n|upkeep\n|turn|10\n|\n|t:|1698770472\n|switch|p2a: Gyarados|Gyarados-Mega, F|100\/100\n|-ability|p2a: Gyarados|Mold Breaker\n|move|p1a: Centiskorch|Leech Life|p2a: Gyarados\n|-supereffective|p2a: Gyarados\n|-damage|p2a: Gyarados|20\/100\n|-heal|p1a: Centiskorch|100\/100|[from] drain|[of] p2a: Gyarados\n|\n|upkeep\n|turn|11\n|\n|t:|1698770483\n|switch|p1a: Cramorant|Cramorant, M|100\/100\n|move|p2a: Gyarados|Surf|p1a: Cramorant\n|-resisted|p1a: Cramorant\n|-damage|p1a: Cramorant|81\/100\n|\n|upkeep\n|turn|12\n|\n|t:|1698770493\n|move|p1a: Cramorant|Hurricane|p2a: Gyarados\n|-damage|p2a: Gyarados|0 fnt\n|faint|p2a: Gyarados\n|\n|upkeep\n|\n|t:|1698770500\n|switch|p2a: Magnezone|Magnezone|100\/100\n|turn|13\n|\n|t:|1698770518\n|switch|p1a: Runerigus|Runerigus, F, shiny|32\/100\n|move|p2a: Magnezone|Discharge|p1a: Runerigus\n|-immune|p1a: Runerigus\n|\n|-heal|p1a: Runerigus|38\/100|[from] item: Leftovers\n|upkeep\n|turn|14\n|\n|t:|1698770528\n|switch|p2a: Exeggutor|Exeggutor-Alola, M, tera:Ice|92\/100\n|move|p1a: Runerigus|Earthquake|p2a: Exeggutor\n|-damage|p2a: Exeggutor|50\/100\n|-enditem|p2a: Exeggutor|Sitrus Berry|[eat]\n|-heal|p2a: Exeggutor|75\/100|[from] item: Sitrus Berry\n|\n|-heal|p1a: Runerigus|44\/100|[from] item: Leftovers\n|-item|p2a: Exeggutor|Sitrus Berry|[from] ability: Harvest\n|upkeep\n|turn|15\n|\n|t:|1698770538\n|switch|p1a: Centiskorch|Centiskorch, M|100\/100\n|move|p2a: Exeggutor|Energy Ball|p1a: Centiskorch\n|-resisted|p1a: Centiskorch\n|-damage|p1a: Centiskorch|92\/100\n|\n|upkeep\n|turn|16\n|inactive|caduhellfire has 120 seconds left.\n|\n|t:|1698770581\n|switch|p2a: Infernape|Infernape, M|51\/100\n|move|p1a: Centiskorch|Fire Lash|p2a: Infernape\n|-resisted|p2a: Infernape\n|-damage|p2a: Infernape|22\/100\n|-unboost|p2a: Infernape|def|1\n|\n|upkeep\n|turn|17\n|\n|t:|1698770602\n|move|p2a: Infernape|Earthquake|p1a: Centiskorch\n|-damage|p1a: Centiskorch|58\/100\n|move|p1a: Centiskorch|Fire Lash|p2a: Infernape\n|-resisted|p2a: Infernape\n|-crit|p2a: Infernape\n|-damage|p2a: Infernape|0 fnt\n|faint|p2a: Infernape\n|\n|upkeep\n|-message|caduhellfire forfeited.\n|\n|win|Gtg g u2\n|raw|Gtg g u2's rating: 1074 &rarr; <strong>1097<\/strong><br \/>(+23 for winning)\n|raw|caduhellfire's rating: 1000 &rarr; <strong>1000<\/strong><br \/>(+0 for losing)\n|l|\u2606caduhellfire\n","uploadtime":1698770613,"views":8,"p1id":"gtggu2","p2id":"caduhellfire","formatid":"gen9nationaldexubers","rating":1000,"private":0,"password":""}