{"id":"gen9nationaldexubers-1997032641","p1":"ib71","p2":"St34lth_","format":"[Gen 9] National Dex Ubers","log":"|j|\u2606ib71\n|j|\u2606St34lth_\n|t:|1700757689\n|gametype|singles\n|player|p1|ib71|steven|1188\n|player|p2|St34lth_|baker|1325\n|teamsize|p1|6\n|teamsize|p2|6\n|gen|9\n|tier|[Gen 9] National Dex Ubers\n|rated|\n|rule|HP Percentage Mod: HP is shown in percentages\n|rule|Endless Battle Clause: Forcing endless battles is banned\n|rule|OHKO Clause: OHKO moves are banned\n|rule|Evasion Moves Clause: Evasion moves are banned\n|rule|Evasion Items Clause: Evasion items are banned\n|rule|Species Clause: Limit one of each Pok\u00e9mon\n|rule|Sleep Clause Mod: Limit one foe put to sleep\n|rule|Mega Rayquaza Clause: You cannot mega evolve Rayquaza\n|clearpoke\n|poke|p1|Victini|\n|poke|p1|Groudon|\n|poke|p1|Reshiram|\n|poke|p1|Volcanion|\n|poke|p1|Blaziken, F|\n|poke|p1|Charizard, F|\n|poke|p2|Aron, L1, F|\n|poke|p2|Gliscor, M|\n|poke|p2|Clodsire, M|\n|poke|p2|Zacian-*|\n|poke|p2|Regieleki|\n|poke|p2|Lunala|\n|teampreview\n|inactive|Battle timer is ON: inactive players will automatically lose when time's up. (requested by ib71)\n|\n|t:|1700757712\n|start\n|switch|p1a: Charizard|Charizard, F|100\/100\n|switch|p2a: Gliscor|Gliscor, M|100\/100\n|turn|1\n|\n|t:|1700757720\n|detailschange|p1a: Charizard|Charizard-Mega-X, F\n|-mega|p1a: Charizard|Charizard|Charizardite X\n|move|p1a: Charizard|Dragon Dance|p1a: Charizard\n|-boost|p1a: Charizard|atk|1\n|-boost|p1a: Charizard|spe|1\n|move|p2a: Gliscor|Toxic Spikes|p1a: Charizard\n|-sidestart|p1: ib71|move: Toxic Spikes\n|\n|-status|p2a: Gliscor|tox|[from] item: Toxic Orb\n|upkeep\n|turn|2\n|\n|t:|1700757730\n|switch|p2a: Clodsire|Clodsire, M|100\/100\n|move|p1a: Charizard|Outrage|p2a: Clodsire\n|-damage|p2a: Clodsire|30\/100\n|\n|-heal|p2a: Clodsire|37\/100|[from] item: Leftovers\n|upkeep\n|turn|3\n|c|\u2606ib71|ot\n|\n|t:|1700757737\n|switch|p2a: Zacian|Zacian-Crowned|100\/100\n|-ability|p2a: Zacian|Intrepid Sword|boost\n|-boost|p2a: Zacian|atk|1\n|move|p1a: Charizard|Outrage|p2a: Zacian|[from]lockedmove\n|-immune|p2a: Zacian\n|\n|upkeep\n|turn|4\n|c|\u2606ib71|mad guy\n|\n|t:|1700757750\n|move|p1a: Charizard|Overheat|p2a: Zacian|[miss]\n|-miss|p1a: Charizard|p2a: Zacian\n|move|p2a: Zacian|Play Rough|p1a: Charizard\n|-damage|p1a: Charizard|32\/100\n|\n|upkeep\n|turn|5\n|\n|t:|1700757766\n|switch|p2a: Clodsire|Clodsire, M|37\/100\n|move|p1a: Charizard|Overheat|p2a: Clodsire\n|-crit|p2a: Clodsire\n|-damage|p2a: Clodsire|0 fnt\n|-unboost|p1a: Charizard|spa|2\n|faint|p2a: Clodsire\n|\n|upkeep\n|c|\u2606ib71|oh\n|\n|t:|1700757776\n|switch|p2a: Regieleki|Regieleki|100\/100\n|turn|6\n|c|\u2606ib71|tt\n|inactive|St34lth_ has 120 seconds left.\n|c|\u2606ib71|tttttttttttttttttttttttttttttttttttttttttttttttttttttttt\n|\n|t:|1700757805\n|-terastallize|p2a: Regieleki|Ice\n|move|p2a: Regieleki|Tera Blast|p1a: Charizard|[anim] Tera Blast Ice\n|-damage|p1a: Charizard|0 fnt\n|faint|p1a: Charizard\n|\n|upkeep\n|c|\u2606ib71|tttttttttttttttttt\n|\n|t:|1700757822\n|switch|p1a: Victini|Victini|100\/100\n|-status|p1a: Victini|psn\n|turn|7\n|\n|t:|1700757829\n|move|p2a: Regieleki|Volt Switch|p1a: Victini\n|-damage|p1a: Victini|59\/100 psn\n|\n|t:|1700757832\n|switch|p2a: Gliscor|Gliscor, M|100\/100 tox|[from] Volt Switch\n|move|p1a: Victini|V-create|p2a: Gliscor\n|-damage|p2a: Gliscor|57\/100 tox\n|-unboost|p1a: Victini|spe|1\n|-unboost|p1a: Victini|def|1\n|-unboost|p1a: Victini|spd|1\n|\n|-heal|p2a: Gliscor|69\/100 tox|[from] ability: Poison Heal\n|-damage|p1a: Victini|47\/100 psn|[from] psn\n|upkeep\n|turn|8\n|c|\u2606ib71|vc\n|\n|t:|1700757841\n|switch|p1a: Groudon|Groudon|100\/100\n|-status|p1a: Groudon|psn\n|detailschange|p1a: Groudon|Groudon-Primal\n|-primal|p1a: Groudon|Red Orb\n|-weather|DesolateLand|[from] ability: Desolate Land|[of] p1a: Groudon\n|move|p2a: Gliscor|Spikes|p1a: Groudon\n|-sidestart|p1: ib71|Spikes\n|\n|-weather|DesolateLand|[upkeep]\n|-damage|p1a: Groudon|88\/100 psn|[from] psn\n|-heal|p2a: Gliscor|82\/100 tox|[from] ability: Poison Heal\n|upkeep\n|turn|9\n|\n|t:|1700757853\n|move|p1a: Groudon|Eruption|p2a: Gliscor\n|-damage|p2a: Gliscor|0 fnt\n|faint|p2a: Gliscor\n|\n|-weather|DesolateLand|[upkeep]\n|-damage|p1a: Groudon|76\/100 psn|[from] psn\n|upkeep\n|\n|t:|1700757857\n|switch|p2a: Aron|Aron, L1, F, shiny|100\/100\n|turn|10\n|\n|t:|1700757864\n|move|p1a: Groudon|Precipice Blades|p2a: Aron\n|-supereffective|p2a: Aron\n|-ability|p2a: Aron|Sturdy\n|-damage|p2a: Aron|9\/100\n|move|p2a: Aron|Endeavor|p1a: Groudon\n|-damage|p1a: Groudon|1\/100 psn\n|-heal|p2a: Aron|100\/100|[from] item: Shell Bell|[of] p1a: Groudon\n|\n|-weather|DesolateLand|[upkeep]\n|-damage|p1a: Groudon|0 fnt|[from] psn\n|faint|p1a: Groudon\n|-weather|none\n|upkeep\n|\n|t:|1700757873\n|switch|p1a: Blaziken|Blaziken, F|100\/100\n|-status|p1a: Blaziken|psn\n|-damage|p1a: Blaziken|88\/100 psn|[from] Spikes\n|turn|11\n|\n|t:|1700757882\n|move|p1a: Blaziken|Flare Blitz|p2a: Aron\n|-ability|p2a: Aron|Sturdy\n|-damage|p2a: Aron|9\/100\n|-damage|p1a: Blaziken|87\/100 psn|[from] Recoil\n|move|p2a: Aron|Endeavor|p1a: Blaziken\n|-damage|p1a: Blaziken|1\/100 psn\n|-heal|p2a: Aron|100\/100|[from] item: Shell Bell|[of] p1a: Blaziken\n|\n|-damage|p1a: Blaziken|0 fnt|[from] psn\n|faint|p1a: Blaziken\n|upkeep\n|\n|t:|1700757887\n|switch|p1a: Volcanion|Volcanion|100\/100\n|-status|p1a: Volcanion|psn\n|-damage|p1a: Volcanion|88\/100 psn|[from] Spikes\n|turn|12\n|\n|t:|1700757897\n|-zpower|p1a: Volcanion\n|move|p1a: Volcanion|Inferno Overdrive|p2a: Aron|[zeffect]\n|-crit|p2a: Aron\n|-ability|p2a: Aron|Sturdy\n|-damage|p2a: Aron|9\/100\n|move|p2a: Aron|Endeavor|p1a: Volcanion\n|-damage|p1a: Volcanion|1\/100 psn\n|-heal|p2a: Aron|100\/100|[from] item: Shell Bell|[of] p1a: Volcanion\n|\n|-damage|p1a: Volcanion|0 fnt|[from] psn\n|faint|p1a: Volcanion\n|upkeep\n|\n|t:|1700757906\n|switch|p1a: Reshiram|Reshiram|100\/100\n|-status|p1a: Reshiram|psn\n|-damage|p1a: Reshiram|88\/100 psn|[from] Spikes\n|-ability|p1a: Reshiram|Turboblaze\n|turn|13\n|\n|t:|1700757915\n|move|p1a: Reshiram|Blue Flare|p2a: Aron\n|-damage|p2a: Aron|0 fnt\n|faint|p2a: Aron\n|\n|-damage|p1a: Reshiram|76\/100 psn|[from] psn\n|upkeep\n|c|\u2606ib71|wtf\n|\n|t:|1700757923\n|switch|p2a: Zacian|Zacian-Crowned|100\/100\n|turn|14\n|\n|t:|1700757928\n|move|p2a: Zacian|Play Rough|p1a: Reshiram\n|-damage|p1a: Reshiram|26\/100 psn\n|move|p1a: Reshiram|Blue Flare|p2a: Zacian\n|-supereffective|p2a: Zacian\n|-damage|p2a: Zacian|0 fnt\n|faint|p2a: Zacian\n|\n|-damage|p1a: Reshiram|14\/100 psn|[from] psn\n|upkeep\n|\n|t:|1700757935\n|switch|p2a: Regieleki|Regieleki, tera:Ice|100\/100\n|turn|15\n|\n|t:|1700757941\n|move|p2a: Regieleki|Tera Blast|p1a: Reshiram|[anim] Tera Blast Ice\n|-damage|p1a: Reshiram|0 fnt\n|faint|p1a: Reshiram\n|\n|upkeep\n|\n|t:|1700757945\n|switch|p1a: Victini|Victini|47\/100 psn\n|-damage|p1a: Victini|35\/100 psn|[from] Spikes\n|turn|16\n|\n|t:|1700757952\n|move|p2a: Regieleki|Thunderbolt|p1a: Victini\n|-damage|p1a: Victini|0 fnt\n|faint|p1a: Victini\n|\n|win|St34lth_\n|raw|ib71's rating: 1188 &rarr; <strong>1172<\/strong><br \/>(-16 for losing)\n|raw|St34lth_'s rating: 1325 &rarr; <strong>1337<\/strong><br \/>(+12 for winning)\n|l|\u2606ib71\n","uploadtime":1700758067,"views":8,"p1id":"ib71","p2id":"st34lth","formatid":"gen9nationaldexubers","rating":1172,"private":0,"password":""}