{"id":"gen9nationaldexubers-1988738789","p1":"Sasha82","p2":"magnetic north","format":"[Gen 9] National Dex Ubers","log":"|j|\u2606Sasha82\n|j|\u2606magnetic north\n|t:|1699756917\n|gametype|singles\n|player|p1|Sasha82|beauty-gen4dp|1000\n|player|p2|magnetic north|swimmer-gen4|1093\n|teamsize|p1|6\n|teamsize|p2|6\n|gen|9\n|tier|[Gen 9] National Dex Ubers\n|rated|\n|rule|HP Percentage Mod: HP is shown in percentages\n|rule|Endless Battle Clause: Forcing endless battles is banned\n|rule|OHKO Clause: OHKO moves are banned\n|rule|Evasion Moves Clause: Evasion moves are banned\n|rule|Evasion Items Clause: Evasion items are banned\n|rule|Species Clause: Limit one of each Pok\u00e9mon\n|rule|Sleep Clause Mod: Limit one foe put to sleep\n|rule|Mega Rayquaza Clause: You cannot mega evolve Rayquaza\n|clearpoke\n|poke|p1|Chandelure, F|\n|poke|p1|Torterra, M|\n|poke|p1|Cloyster, F|\n|poke|p1|Scrafty, M|\n|poke|p1|Zekrom|\n|poke|p1|Gengar, F|\n|poke|p2|Lugia|\n|poke|p2|Garchomp, M|\n|poke|p2|Porygon-Z|\n|poke|p2|Klefki, M|\n|poke|p2|Typhlosion-Hisui, F|\n|poke|p2|Scolipede, M|\n|teampreview\n|inactive|Battle timer is ON: inactive players will automatically lose when time's up. (requested by magnetic north)\n|\n|t:|1699756929\n|start\n|switch|p1a: Gengar|Gengar, F|100\/100\n|switch|p2a: CROWD PLEASER|Porygon-Z, shiny|100\/100\n|-ability|p2a: CROWD PLEASER|Download|boost\n|-boost|p2a: CROWD PLEASER|atk|1\n|turn|1\n|\n|t:|1699756945\n|move|p1a: Gengar|Will-O-Wisp|p2a: CROWD PLEASER\n|-status|p2a: CROWD PLEASER|brn\n|move|p2a: CROWD PLEASER|Dark Pulse|p1a: Gengar\n|-supereffective|p1a: Gengar\n|-damage|p1a: Gengar|0 fnt\n|-start|p2a: CROWD PLEASER|Disable|Dark Pulse|[from] ability: Cursed Body|[of] p1a: Gengar\n|faint|p1a: Gengar\n|\n|-damage|p2a: CROWD PLEASER|94\/100 brn|[from] brn\n|upkeep\n|\n|t:|1699756962\n|switch|p1a: Chandelure|Chandelure, F|100\/100\n|turn|2\n|\n|t:|1699756975\n|switch|p2a: HOT ROUNDS|Scolipede, M, shiny|100\/100\n|move|p1a: Chandelure|Fire Blast|p2a: HOT ROUNDS\n|-supereffective|p2a: HOT ROUNDS\n|-enditem|p2a: HOT ROUNDS|Focus Sash\n|-damage|p2a: HOT ROUNDS|1\/100\n|-damage|p1a: Chandelure|91\/100|[from] item: Life Orb\n|\n|upkeep\n|turn|3\n|\n|t:|1699756989\n|move|p2a: HOT ROUNDS|Toxic Spikes|p1a: Chandelure\n|-sidestart|p1: Sasha82|move: Toxic Spikes\n|move|p1a: Chandelure|Fire Blast|p2a: HOT ROUNDS\n|-supereffective|p2a: HOT ROUNDS\n|-damage|p2a: HOT ROUNDS|0 fnt\n|faint|p2a: HOT ROUNDS\n|-damage|p1a: Chandelure|81\/100|[from] item: Life Orb\n|\n|upkeep\n|\n|t:|1699756998\n|switch|p2a: CROWD PLEASER|Porygon-Z, shiny|94\/100 brn\n|-ability|p2a: CROWD PLEASER|Download|boost\n|-boost|p2a: CROWD PLEASER|spa|1\n|turn|4\n|\n|t:|1699757009\n|move|p2a: CROWD PLEASER|Dark Pulse|p1a: Chandelure\n|-supereffective|p1a: Chandelure\n|-damage|p1a: Chandelure|0 fnt\n|faint|p1a: Chandelure\n|\n|-damage|p2a: CROWD PLEASER|88\/100 brn|[from] brn\n|upkeep\n|c|\u2606Sasha82|dark pulse is disabled..\n|c|\u2606magnetic north|was\n|c|\u2606Sasha82|is\n|inactive|Sasha82 has 120 seconds left.\n|c|\u2606magnetic north|was\n|\n|t:|1699757037\n|switch|p1a: Torterra|Torterra, M|100\/100\n|-status|p1a: Torterra|psn\n|turn|5\n|c|\u2606Sasha82|is\n|inactive|Sasha82 has 120 seconds left.\n|c|\u2606magnetic north|i swapped?\n|\n|t:|1699757057\n|switch|p2a: THICK-FIL-A|Lugia|100\/100\n|move|p1a: Torterra|Earthquake|p2a: THICK-FIL-A\n|-immune|p2a: THICK-FIL-A\n|\n|-damage|p1a: Torterra|88\/100 psn|[from] psn\n|upkeep\n|turn|6\n|inactive|Sasha82 has 120 seconds left.\n|c|\u2606Sasha82|Well it should stay even if you do swap\n|c|\u2606Sasha82|bullshit\n|\n|t:|1699757072\n|move|p2a: THICK-FIL-A|Aeroblast|p1a: Torterra\n|-supereffective|p1a: Torterra\n|-damage|p1a: Torterra|32\/100 psn\n|-enditem|p1a: Torterra|Weakness Policy\n|-boost|p1a: Torterra|atk|2|[from] item: Weakness Policy\n|-boost|p1a: Torterra|spa|2|[from] item: Weakness Policy\n|move|p1a: Torterra|Stone Edge|p2a: THICK-FIL-A\n|-supereffective|p2a: THICK-FIL-A\n|-damage|p2a: THICK-FIL-A|61\/100\n|\n|-heal|p2a: THICK-FIL-A|68\/100|[from] item: Leftovers\n|-damage|p1a: Torterra|20\/100 psn|[from] psn\n|upkeep\n|turn|7\n|c|\u2606magnetic north|sorry\n|inactive|Sasha82 has 120 seconds left.\n|c|\u2606magnetic north|thats how it works\n|c|\u2606magnetic north|i didnt make it up\n|\n|t:|1699757086\n|move|p2a: THICK-FIL-A|Roost|p2a: THICK-FIL-A\n|-heal|p2a: THICK-FIL-A|100\/100\n|-singleturn|p2a: THICK-FIL-A|move: Roost\n|move|p1a: Torterra|Stone Edge|p2a: THICK-FIL-A|[miss]\n|-miss|p1a: Torterra|p2a: THICK-FIL-A\n|\n|-damage|p1a: Torterra|7\/100 psn|[from] psn\n|upkeep\n|turn|8\n|inactive|Sasha82 has 120 seconds left.\n|c|\u2606Sasha82|No, pokemon made it up for some reason\n|\n|t:|1699757105\n|switch|p1a: Cloyster|Cloyster, F|100\/100\n|-status|p1a: Cloyster|psn\n|move|p2a: THICK-FIL-A|Whirlwind|p1a: Cloyster\n|drag|p1a: Torterra|Torterra, M|7\/100 psn\n|\n|-damage|p1a: Torterra|0 fnt|[from] psn\n|faint|p1a: Torterra\n|upkeep\n|c|\u2606magnetic north|if you dont like it, dont play lol\n|\n|t:|1699757115\n|switch|p1a: Cloyster|Cloyster, F|100\/100 psn\n|turn|9\n|c|\u2606magnetic north|do it\n|c|\u2606magnetic north|shell smash\n|c|\u2606Sasha82|well you wouldnt like it either if you played him\n|c|\u2606magnetic north|do it\n|\n|t:|1699757138\n|move|p1a: Cloyster|Rock Blast|p2a: THICK-FIL-A\n|-supereffective|p2a: THICK-FIL-A\n|-crit|p2a: THICK-FIL-A\n|-damage|p2a: THICK-FIL-A|94\/100\n|-supereffective|p2a: THICK-FIL-A\n|-damage|p2a: THICK-FIL-A|85\/100\n|-supereffective|p2a: THICK-FIL-A\n|-damage|p2a: THICK-FIL-A|78\/100\n|-supereffective|p2a: THICK-FIL-A\n|-damage|p2a: THICK-FIL-A|69\/100\n|-supereffective|p2a: THICK-FIL-A\n|-damage|p2a: THICK-FIL-A|62\/100\n|-hitcount|p2a: THICK-FIL-A|5\n|move|p2a: THICK-FIL-A|Whirlwind|p1a: Cloyster\n|drag|p1a: Zekrom|Zekrom|100\/100\n|-status|p1a: Zekrom|psn\n|-ability|p1a: Zekrom|Teravolt\n|\n|-heal|p2a: THICK-FIL-A|68\/100|[from] item: Leftovers\n|-damage|p1a: Zekrom|88\/100 psn|[from] psn\n|upkeep\n|turn|10\n|c|\u2606magnetic north|i dont like alot of things\n|inactive|Sasha82 has 90 seconds left.\n|c|\u2606Sasha82|im not stupid i know shell smash would have been useless\n|\n|t:|1699757164\n|switch|p2a: .50 CAL DESERT EEZ|Garchomp, M|100\/100\n|move|p1a: Zekrom|Substitute|p1a: Zekrom\n|-start|p1a: Zekrom|Substitute\n|-damage|p1a: Zekrom|63\/100 psn\n|\n|-heal|p1a: Zekrom|69\/100 psn|[from] item: Leftovers\n|-damage|p1a: Zekrom|57\/100 psn|[from] psn\n|upkeep\n|turn|11\n|inactive|Sasha82 has 90 seconds left.\n|c|\u2606magnetic north|lol i dunno. you thought disable carried over...\n|\n|t:|1699757189\n|switch|p2a: THICK-FIL-A|Lugia|68\/100\n|move|p1a: Zekrom|Dragon Dance|p1a: Zekrom\n|-boost|p1a: Zekrom|atk|1\n|-boost|p1a: Zekrom|spe|1\n|\n|-heal|p1a: Zekrom|63\/100 psn|[from] item: Leftovers\n|-heal|p2a: THICK-FIL-A|74\/100|[from] item: Leftovers\n|-damage|p1a: Zekrom|51\/100 psn|[from] psn\n|upkeep\n|turn|12\n|inactive|Sasha82 has 90 seconds left.\n|c|\u2606Sasha82|Yeh but like i dont run cursed body often, so\n|\n|t:|1699757207\n|-terastallize|p2a: THICK-FIL-A|Dark\n|move|p1a: Zekrom|Dragon Claw|p2a: THICK-FIL-A\n|-damage|p2a: THICK-FIL-A|37\/100\n|move|p2a: THICK-FIL-A|Roost|p2a: THICK-FIL-A\n|-heal|p2a: THICK-FIL-A|87\/100\n|\n|-heal|p1a: Zekrom|57\/100 psn|[from] item: Leftovers\n|-heal|p2a: THICK-FIL-A|93\/100|[from] item: Leftovers\n|-damage|p1a: Zekrom|45\/100 psn|[from] psn\n|upkeep\n|turn|13\n|inactive|Sasha82 has 90 seconds left.\n|\n|t:|1699757220\n|move|p1a: Zekrom|Dragon Dance|p1a: Zekrom\n|-boost|p1a: Zekrom|atk|1\n|-boost|p1a: Zekrom|spe|1\n|move|p2a: THICK-FIL-A|Whirlwind|p1a: Zekrom\n|drag|p1a: Scrafty|Scrafty, M|100\/100\n|-status|p1a: Scrafty|psn\n|\n|-heal|p2a: THICK-FIL-A|99\/100|[from] item: Leftovers\n|-damage|p1a: Scrafty|88\/100 psn|[from] psn\n|upkeep\n|turn|14\n|inactive|Sasha82 has 90 seconds left.\n|\n|t:|1699757230\n|switch|p2a: ICE QUEEN|Typhlosion-Hisui, F, shiny|100\/100\n|-item|p1a: Scrafty|Leftovers|[from] ability: Frisk|[of] p2a: ICE QUEEN|[identify]\n|move|p1a: Scrafty|Drain Punch|p2a: ICE QUEEN\n|-immune|p2a: ICE QUEEN\n|\n|-heal|p1a: Scrafty|94\/100 psn|[from] item: Leftovers\n|-damage|p1a: Scrafty|82\/100 psn|[from] psn\n|upkeep\n|turn|15\n|inactive|Sasha82 has 90 seconds left.\n|\n|t:|1699757240\n|move|p2a: ICE QUEEN|Detect|p2a: ICE QUEEN\n|-singleturn|p2a: ICE QUEEN|Protect\n|move|p1a: Scrafty|Crunch|p2a: ICE QUEEN\n|-activate|p2a: ICE QUEEN|move: Protect\n|\n|-heal|p1a: Scrafty|88\/100 psn|[from] item: Leftovers\n|-damage|p1a: Scrafty|76\/100 psn|[from] psn\n|upkeep\n|turn|16\n|inactive|Sasha82 has 90 seconds left.\n|c|\u2606Sasha82|maybe this team needs improvements, idk\n|\n|t:|1699757256\n|move|p1a: Scrafty|Rock Slide|p2a: ICE QUEEN\n|-supereffective|p2a: ICE QUEEN\n|-damage|p2a: ICE QUEEN|52\/100\n|move|p2a: ICE QUEEN|Burn Up|p1a: Scrafty\n|-damage|p1a: Scrafty|8\/100 psn\n|-start|p2a: ICE QUEEN|typechange|???\/Ghost|[from] move: Burn Up\n|\n|-heal|p1a: Scrafty|14\/100 psn|[from] item: Leftovers\n|-damage|p1a: Scrafty|2\/100 psn|[from] psn\n|upkeep\n|turn|17\n|c|\u2606magnetic north|its pretty good\n|c|\u2606magnetic north|you got it\n|-activate|p2a: ICE QUEEN|item: Quick Claw\n|\n|t:|1699757272\n|move|p2a: ICE QUEEN|Detect|p2a: ICE QUEEN\n|-singleturn|p2a: ICE QUEEN|Protect\n|move|p1a: Scrafty|Rock Slide|p2a: ICE QUEEN\n|-activate|p2a: ICE QUEEN|move: Protect\n|\n|-heal|p1a: Scrafty|8\/100 psn|[from] item: Leftovers\n|-damage|p1a: Scrafty|0 fnt|[from] psn\n|faint|p1a: Scrafty\n|upkeep\n|c|\u2606magnetic north|you play AG\n|c|\u2606Sasha82|idk how to improve i5 further\n|\n|t:|1699757288\n|switch|p1a: Zekrom|Zekrom|45\/100 psn\n|-ability|p1a: Zekrom|Teravolt\n|turn|18\n|\n|t:|1699757294\n|switch|p2a: .50 CAL DESERT EEZ|Garchomp, M|100\/100\n|move|p1a: Zekrom|Bolt Strike|p2a: .50 CAL DESERT EEZ\n|-immune|p2a: .50 CAL DESERT EEZ\n|\n|-heal|p1a: Zekrom|51\/100 psn|[from] item: Leftovers\n|-damage|p1a: Zekrom|39\/100 psn|[from] psn\n|upkeep\n|turn|19\n|c|\u2606magnetic north|kind of predictable\n|\n|t:|1699757311\n|move|p2a: .50 CAL DESERT EEZ|Earthquake|p1a: Zekrom\n|-supereffective|p1a: Zekrom\n|-damage|p1a: Zekrom|0 fnt\n|faint|p1a: Zekrom\n|\n|upkeep\n|inactive|Sasha82 has 60 seconds left.\n|c|\u2606Sasha82|I guess, but in this UU everyone is kind of predictible\n|\n|t:|1699757340\n|switch|p1a: Cloyster|Cloyster, F|100\/100 psn\n|turn|20\n|\n|t:|1699757354\n|move|p2a: .50 CAL DESERT EEZ|Earthquake|p1a: Cloyster\n|-crit|p1a: Cloyster\n|-damage|p1a: Cloyster|32\/100 psn\n|move|p1a: Cloyster|Shell Smash|p1a: Cloyster\n|-unboost|p1a: Cloyster|def|1\n|-unboost|p1a: Cloyster|spd|1\n|-boost|p1a: Cloyster|atk|2\n|-boost|p1a: Cloyster|spa|2\n|-boost|p1a: Cloyster|spe|2\n|\n|-damage|p1a: Cloyster|20\/100 psn|[from] psn\n|upkeep\n|turn|21\n|\n|t:|1699757368\n|switch|p2a: TUMMY TIME!|Klefki, M, shiny|100\/100\n|move|p1a: Cloyster|Icicle Spear|p2a: TUMMY TIME!\n|-resisted|p2a: TUMMY TIME!\n|-damage|p2a: TUMMY TIME!|90\/100\n|-resisted|p2a: TUMMY TIME!\n|-damage|p2a: TUMMY TIME!|79\/100\n|-resisted|p2a: TUMMY TIME!\n|-damage|p2a: TUMMY TIME!|69\/100\n|-resisted|p2a: TUMMY TIME!\n|-damage|p2a: TUMMY TIME!|57\/100\n|-resisted|p2a: TUMMY TIME!\n|-damage|p2a: TUMMY TIME!|46\/100\n|-hitcount|p2a: TUMMY TIME!|5\n|\n|-damage|p1a: Cloyster|7\/100 psn|[from] psn\n|upkeep\n|turn|22\n|\n|t:|1699757383\n|move|p2a: TUMMY TIME!|Spikes|p1a: Cloyster\n|-sidestart|p1: Sasha82|Spikes\n|move|p1a: Cloyster|Icicle Spear|p2a: TUMMY TIME!\n|-resisted|p2a: TUMMY TIME!\n|-damage|p2a: TUMMY TIME!|36\/100\n|-resisted|p2a: TUMMY TIME!\n|-damage|p2a: TUMMY TIME!|26\/100\n|-resisted|p2a: TUMMY TIME!\n|-damage|p2a: TUMMY TIME!|14\/100\n|-resisted|p2a: TUMMY TIME!\n|-crit|p2a: TUMMY TIME!\n|-damage|p2a: TUMMY TIME!|0 fnt\n|faint|p2a: TUMMY TIME!\n|-hitcount|p2: TUMMY TIME!|4\n|\n|-damage|p1a: Cloyster|0 fnt|[from] psn\n|faint|p1a: Cloyster\n|\n|win|magnetic north\n|upkeep\n|raw|Sasha82's rating: 1000 &rarr; <strong>1000<\/strong><br \/>(+0 for losing)\n|raw|magnetic north's rating: 1093 &rarr; <strong>1112<\/strong><br \/>(+19 for winning)\n|c|\u2606magnetic north|gg\n|c|\u2606magnetic north|wp\n|c|\u2606Sasha82|well gg u2\n|c|\u2606magnetic north|take\n|c|\u2606magnetic north|that scrafty off\n|c|\u2606magnetic north|whats he do?\n|c|\u2606Sasha82|play aggressive, but i thought gengar was worse\n|c|\u2606magnetic north|gengar is ok\n|c|\u2606magnetic north|good ghost to have\n|c|\u2606magnetic north|you also dont need 2?\n|c|\u2606Sasha82|2 what\n|c|\u2606magnetic north|ghosts\n","uploadtime":1699757491,"views":5,"p1id":"sasha82","p2id":"magneticnorth","formatid":"gen9nationaldexubers","rating":1000,"private":0,"password":""}