{"id":"gen9nationaldexubers-1984745800","p1":"pakiavatar9434","p2":"NOOB_1352011","format":"[Gen 9] National Dex Ubers","log":"|j|\u2606pakiavatar9434\n|j|\u2606NOOB_1352011\n|t:|1699295609\n|gametype|singles\n|player|p1|pakiavatar9434|dragontamer|1420\n|player|p2|NOOB_1352011|iris-gen5bw2|1426\n|teamsize|p1|6\n|teamsize|p2|6\n|gen|9\n|tier|[Gen 9] National Dex Ubers\n|rated|\n|rule|HP Percentage Mod: HP is shown in percentages\n|rule|Endless Battle Clause: Forcing endless battles is banned\n|rule|OHKO Clause: OHKO moves are banned\n|rule|Evasion Moves Clause: Evasion moves are banned\n|rule|Evasion Items Clause: Evasion items are banned\n|rule|Species Clause: Limit one of each Pok\u00e9mon\n|rule|Sleep Clause Mod: Limit one foe put to sleep\n|rule|Mega Rayquaza Clause: You cannot mega evolve Rayquaza\n|clearpoke\n|poke|p1|Melmetal|\n|poke|p1|Sharpedo, F|\n|poke|p1|Jellicent, F|\n|poke|p1|Blissey, F|\n|poke|p1|Xerneas-*|\n|poke|p1|Heatran, M|\n|poke|p2|Grimmsnarl, M|\n|poke|p2|Palkia-Origin|\n|poke|p2|Groudon|\n|poke|p2|Melmetal|\n|poke|p2|Mewtwo|\n|poke|p2|Landorus, M|\n|teampreview\n|inactive|Battle timer is ON: inactive players will automatically lose when time's up. (requested by NOOB_1352011)\n|inactive|NOOB_1352011 has 120 seconds left.\n|\n|t:|1699295643\n|start\n|switch|p1a: Sharpedo|Sharpedo, F|100\/100\n|switch|p2a: Grimmsnarl|Grimmsnarl, M|100\/100\n|turn|1\n|\n|t:|1699295649\n|move|p2a: Grimmsnarl|Reflect|p2a: Grimmsnarl\n|-sidestart|p2: NOOB_1352011|Reflect\n|move|p1a: Sharpedo|Waterfall|p2a: Grimmsnarl\n|-damage|p2a: Grimmsnarl|72\/100\n|\n|-ability|p1a: Sharpedo|Speed Boost|boost\n|-boost|p1a: Sharpedo|spe|1\n|upkeep\n|turn|2\n|\n|t:|1699295656\n|switch|p2a: Groudon|Groudon|100\/100\n|detailschange|p2a: Groudon|Groudon-Primal\n|-primal|p2a: Groudon|Red Orb\n|-weather|DesolateLand|[from] ability: Desolate Land|[of] p2a: Groudon\n|move|p1a: Sharpedo|Waterfall||[still]\n|-fail|p1a: Sharpedo|Waterfall|[from] Desolate Land\n|\n|-weather|DesolateLand|[upkeep]\n|-ability|p1a: Sharpedo|Speed Boost|boost\n|-boost|p1a: Sharpedo|spe|1\n|upkeep\n|turn|3\n|\n|t:|1699295661\n|move|p1a: Sharpedo|Protect|p1a: Sharpedo\n|-singleturn|p1a: Sharpedo|Protect\n|move|p2a: Groudon|Rock Polish|p2a: Groudon\n|-boost|p2a: Groudon|spe|2\n|\n|-weather|DesolateLand|[upkeep]\n|-ability|p1a: Sharpedo|Speed Boost|boost\n|-boost|p1a: Sharpedo|spe|1\n|upkeep\n|turn|4\n|\n|t:|1699295666\n|move|p2a: Groudon|Precipice Blades|p1a: Sharpedo\n|-enditem|p1a: Sharpedo|Focus Sash\n|-damage|p1a: Sharpedo|1\/100\n|move|p1a: Sharpedo|Roar|p2a: Groudon\n|-weather|none\n|drag|p2a: Grimmsnarl|Grimmsnarl, M|72\/100\n|\n|-ability|p1a: Sharpedo|Speed Boost|boost\n|-boost|p1a: Sharpedo|spe|1\n|upkeep\n|turn|5\n|\n|t:|1699295674\n|switch|p2a: Groudon|Groudon-Primal|100\/100\n|-weather|DesolateLand|[from] ability: Desolate Land|[of] p2a: Groudon\n|move|p1a: Sharpedo|Protect||[still]\n|-fail|p1a: Sharpedo\n|\n|-weather|DesolateLand|[upkeep]\n|-ability|p1a: Sharpedo|Speed Boost|boost\n|-boost|p1a: Sharpedo|spe|1\n|upkeep\n|turn|6\n|\n|t:|1699295678\n|move|p1a: Sharpedo|Destiny Bond|p1a: Sharpedo\n|-singlemove|p1a: Sharpedo|Destiny Bond\n|move|p2a: Groudon|Heat Crash|p1a: Sharpedo\n|-resisted|p1a: Sharpedo\n|-damage|p1a: Sharpedo|0 fnt\n|faint|p1a: Sharpedo\n|-activate|p1a: Sharpedo|move: Destiny Bond\n|faint|p2a: Groudon\n|-weather|none\n|\n|upkeep\n|\n|t:|1699295694\n|switch|p1a: Heatran|Heatran, M|100\/100\n|switch|p2a: Grimmsnarl|Grimmsnarl, M|72\/100\n|-item|p1a: Heatran|Air Balloon\n|turn|7\n|\n|t:|1699295699\n|move|p2a: Grimmsnarl|Light Screen|p2a: Grimmsnarl\n|-sidestart|p2: NOOB_1352011|move: Light Screen\n|move|p1a: Heatran|Magma Storm|p2a: Grimmsnarl|[miss]\n|-miss|p1a: Heatran|p2a: Grimmsnarl\n|\n|upkeep\n|turn|8\n|\n|t:|1699295704\n|move|p2a: Grimmsnarl|Parting Shot|p1a: Heatran\n|-unboost|p1a: Heatran|atk|1\n|-unboost|p1a: Heatran|spa|1\n|\n|t:|1699295714\n|switch|p2a: Palkia|Palkia-Origin|100\/100|[from] Parting Shot\n|-ability|p2a: Palkia|Pressure\n|move|p1a: Heatran|Magma Storm|p2a: Palkia\n|-resisted|p2a: Palkia\n|-damage|p2a: Palkia|96\/100\n|-activate|p2a: Palkia|move: Magma Storm|[of] p1a: Heatran\n|\n|-damage|p2a: Palkia|84\/100|[from] move: Magma Storm|[partiallytrapped]\n|-sideend|p2: NOOB_1352011|Reflect\n|upkeep\n|turn|9\n|\n|t:|1699295724\n|move|p2a: Palkia|Hydro Pump|p1a: Heatran\n|-supereffective|p1a: Heatran\n|-damage|p1a: Heatran|0 fnt\n|-enditem|p1a: Heatran|Air Balloon\n|faint|p1a: Heatran\n|\n|-end|p2a: Palkia|Magma Storm|[partiallytrapped]|[silent]\n|upkeep\n|\n|t:|1699295729\n|switch|p1a: Blissey|Blissey, F|100\/100\n|turn|10\n|\n|t:|1699295738\n|switch|p2a: Melmetal|Melmetal|100\/100\n|move|p1a: Blissey|Thunder Wave|p2a: Melmetal|[miss]\n|-miss|p1a: Blissey|p2a: Melmetal\n|\n|upkeep\n|turn|11\n|\n|t:|1699295742\n|switch|p1a: Jellicent|Jellicent, F|100\/100\n|move|p2a: Melmetal|Double Iron Bash|p1a: Jellicent\n|-resisted|p1a: Jellicent\n|-damage|p1a: Jellicent|84\/100\n|-resisted|p1a: Jellicent\n|-damage|p1a: Jellicent|66\/100\n|-hitcount|p1a: Jellicent|2\n|\n|upkeep\n|turn|12\n|\n|t:|1699295754\n|switch|p2a: Landorus|Landorus, M|100\/100\n|move|p1a: Jellicent|Strength Sap|p2a: Landorus\n|-unboost|p2a: Landorus|atk|1\n|-heal|p1a: Jellicent|100\/100\n|\n|upkeep\n|turn|13\n|\n|t:|1699295760\n|switch|p1a: Blissey|Blissey, F|100\/100\n|move|p2a: Landorus|Stealth Rock|p1a: Blissey\n|-sidestart|p1: pakiavatar9434|move: Stealth Rock\n|\n|upkeep\n|turn|14\n|\n|t:|1699295765\n|switch|p2a: Melmetal|Melmetal|100\/100\n|move|p1a: Blissey|Seismic Toss|p2a: Melmetal\n|-damage|p2a: Melmetal|79\/100\n|\n|-sideend|p2: NOOB_1352011|move: Light Screen\n|upkeep\n|turn|15\n|\n|t:|1699295770\n|switch|p1a: Jellicent|Jellicent, F|100\/100\n|-damage|p1a: Jellicent|88\/100|[from] Stealth Rock\n|move|p2a: Melmetal|Thunder Punch|p1a: Jellicent\n|-supereffective|p1a: Jellicent\n|-damage|p1a: Jellicent|36\/100\n|\n|upkeep\n|turn|16\n|\n|t:|1699295783\n|switch|p2a: Grimmsnarl|Grimmsnarl, M|72\/100\n|move|p1a: Jellicent|Strength Sap|p2a: Grimmsnarl\n|-unboost|p2a: Grimmsnarl|atk|1\n|-heal|p1a: Jellicent|90\/100\n|\n|upkeep\n|turn|17\n|\n|t:|1699295788\n|move|p2a: Grimmsnarl|Taunt|p1a: Jellicent\n|-start|p1a: Jellicent|move: Taunt\n|cant|p1a: Jellicent|move: Taunt|Substitute\n|\n|upkeep\n|turn|18\n|\n|t:|1699295793\n|move|p2a: Grimmsnarl|Light Screen|p2a: Grimmsnarl\n|-sidestart|p2: NOOB_1352011|move: Light Screen\n|move|p1a: Jellicent|Scald|p2a: Grimmsnarl\n|-damage|p2a: Grimmsnarl|63\/100\n|\n|upkeep\n|turn|19\n|\n|t:|1699295798\n|move|p2a: Grimmsnarl|Reflect|p2a: Grimmsnarl\n|-sidestart|p2: NOOB_1352011|Reflect\n|move|p1a: Jellicent|Scald|p2a: Grimmsnarl\n|-damage|p2a: Grimmsnarl|55\/100\n|\n|-end|p1a: Jellicent|move: Taunt\n|upkeep\n|turn|20\n|\n|t:|1699295806\n|move|p2a: Grimmsnarl|Taunt|p1a: Jellicent\n|-start|p1a: Jellicent|move: Taunt\n|move|p1a: Jellicent|Scald|p2a: Grimmsnarl\n|-damage|p2a: Grimmsnarl|47\/100\n|\n|upkeep\n|turn|21\n|\n|t:|1699295813\n|move|p2a: Grimmsnarl|Parting Shot|p1a: Jellicent\n|-unboost|p1a: Jellicent|atk|1\n|-unboost|p1a: Jellicent|spa|1\n|\n|t:|1699295820\n|switch|p2a: Melmetal|Melmetal|79\/100|[from] Parting Shot\n|move|p1a: Jellicent|Scald|p2a: Melmetal\n|-damage|p2a: Melmetal|74\/100\n|\n|upkeep\n|turn|22\n|\n|t:|1699295828\n|-terastallize|p1a: Jellicent|Poison\n|move|p1a: Jellicent|Scald|p2a: Melmetal\n|-damage|p2a: Melmetal|68\/100\n|-status|p2a: Melmetal|brn\n|move|p2a: Melmetal|Thunder Punch|p1a: Jellicent\n|-damage|p1a: Jellicent|76\/100\n|\n|-damage|p2a: Melmetal|62\/100 brn|[from] brn\n|-end|p1a: Jellicent|move: Taunt\n|upkeep\n|turn|23\n|c|\u2606NOOB_1352011|bruh\n|\n|t:|1699295841\n|switch|p2a: Mewtwo|Mewtwo|100\/100\n|-ability|p2a: Mewtwo|Unnerve\n|move|p1a: Jellicent|Substitute|p1a: Jellicent\n|-start|p1a: Jellicent|Substitute\n|-damage|p1a: Jellicent|51\/100\n|\n|upkeep\n|turn|24\n|\n|t:|1699295844\n|switch|p2a: Grimmsnarl|Grimmsnarl, M|47\/100\n|move|p1a: Jellicent|Strength Sap|p2a: Grimmsnarl\n|-unboost|p2a: Grimmsnarl|atk|1\n|-heal|p1a: Jellicent|100\/100\n|\n|upkeep\n|turn|25\n|\n|t:|1699295852\n|move|p2a: Grimmsnarl|Taunt|p1a: Jellicent\n|-start|p1a: Jellicent|move: Taunt\n|move|p1a: Jellicent|Scald|p2a: Grimmsnarl\n|-damage|p2a: Grimmsnarl|41\/100\n|-status|p2a: Grimmsnarl|brn\n|\n|-damage|p2a: Grimmsnarl|35\/100 brn|[from] brn\n|-sideend|p2: NOOB_1352011|move: Light Screen\n|upkeep\n|turn|26\n|\n|t:|1699295861\n|move|p2a: Grimmsnarl|Light Screen|p2a: Grimmsnarl\n|-sidestart|p2: NOOB_1352011|move: Light Screen\n|move|p1a: Jellicent|Scald|p2a: Grimmsnarl\n|-damage|p2a: Grimmsnarl|28\/100 brn\n|\n|-damage|p2a: Grimmsnarl|22\/100 brn|[from] brn\n|-sideend|p2: NOOB_1352011|Reflect\n|upkeep\n|turn|27\n|\n|t:|1699295868\n|move|p2a: Grimmsnarl|Reflect|p2a: Grimmsnarl\n|-sidestart|p2: NOOB_1352011|Reflect\n|move|p1a: Jellicent|Scald|p2a: Grimmsnarl\n|-damage|p2a: Grimmsnarl|16\/100 brn\n|\n|-damage|p2a: Grimmsnarl|10\/100 brn|[from] brn\n|-end|p1a: Jellicent|move: Taunt\n|upkeep\n|turn|28\n|\n|t:|1699295876\n|move|p2a: Grimmsnarl|Taunt|p1a: Jellicent\n|-start|p1a: Jellicent|move: Taunt\n|move|p1a: Jellicent|Scald|p2a: Grimmsnarl\n|-damage|p2a: Grimmsnarl|5\/100 brn\n|\n|-damage|p2a: Grimmsnarl|0 fnt|[from] brn\n|faint|p2a: Grimmsnarl\n|upkeep\n|\n|t:|1699295878\n|switch|p2a: Landorus|Landorus, M|100\/100\n|turn|29\n|\n|t:|1699295886\n|move|p2a: Landorus|Earth Power|p1a: Jellicent\n|-supereffective|p1a: Jellicent\n|-end|p1a: Jellicent|Substitute\n|-damage|p2a: Landorus|91\/100|[from] item: Life Orb\n|move|p1a: Jellicent|Scald|p2a: Landorus\n|-supereffective|p2a: Landorus\n|-damage|p2a: Landorus|72\/100\n|-status|p2a: Landorus|brn\n|\n|-damage|p2a: Landorus|66\/100 brn|[from] brn\n|upkeep\n|turn|30\n|c|\u2606NOOB_1352011|double burn omg\n|\n|t:|1699295899\n|switch|p1a: Blissey|Blissey, F|100\/100\n|-damage|p1a: Blissey|88\/100|[from] Stealth Rock\n|move|p2a: Landorus|Earth Power|p1a: Blissey\n|-damage|p1a: Blissey|68\/100\n|-damage|p2a: Landorus|56\/100 brn|[from] item: Life Orb\n|\n|-heal|p1a: Blissey|75\/100|[from] item: Leftovers\n|-damage|p2a: Landorus|50\/100 brn|[from] brn\n|upkeep\n|turn|31\n|c|\u2606pakiavatar9434|love thes burn rolls\n|inactive|NOOB_1352011 has 120 seconds left.\n|c|\u2606pakiavatar9434|1\/3 is pretty high tho\n|c|\u2606NOOB_1352011|well now my best blissey answer is burned and my other one got destiny bonded\n|\n|t:|1699295935\n|switch|p2a: Melmetal|Melmetal|62\/100 brn\n|move|p1a: Blissey|Wish|p1a: Blissey\n|\n|-heal|p1a: Blissey|81\/100|[from] item: Leftovers\n|-damage|p2a: Melmetal|56\/100 brn|[from] brn\n|upkeep\n|turn|32\n|c|\u2606pakiavatar9434|yah thats how my team works\n|c|\u2606pakiavatar9434|i have walls\n|c|\u2606pakiavatar9434|take out the pokemon that can wall break\n|c|\u2606pakiavatar9434|and then clean up\n|inactive|pakiavatar9434 has 120 seconds left.\n|\n|t:|1699295966\n|switch|p1a: Jellicent|Jellicent, F, tera:Poison|100\/100\n|-damage|p1a: Jellicent|88\/100|[from] Stealth Rock\n|move|p2a: Melmetal|Double Iron Bash|p1a: Jellicent\n|-damage|p1a: Jellicent|72\/100\n|-damage|p1a: Jellicent|54\/100\n|-hitcount|p1a: Jellicent|2\n|\n|-heal|p1a: Jellicent|100\/100|[from] move: Wish|[wisher] Blissey\n|-damage|p2a: Melmetal|50\/100 brn|[from] brn\n|upkeep\n|turn|33\n|\n|t:|1699295973\n|move|p1a: Jellicent|Substitute|p1a: Jellicent\n|-start|p1a: Jellicent|Substitute\n|-damage|p1a: Jellicent|75\/100\n|move|p2a: Melmetal|Earthquake|p1a: Jellicent\n|-supereffective|p1a: Jellicent\n|-end|p1a: Jellicent|Substitute\n|\n|-damage|p2a: Melmetal|44\/100 brn|[from] brn\n|-sideend|p2: NOOB_1352011|move: Light Screen\n|upkeep\n|turn|34\n|\n|t:|1699295975\n|move|p1a: Jellicent|Substitute|p1a: Jellicent\n|-start|p1a: Jellicent|Substitute\n|-damage|p1a: Jellicent|50\/100\n|move|p2a: Melmetal|Earthquake|p1a: Jellicent\n|-supereffective|p1a: Jellicent\n|-end|p1a: Jellicent|Substitute\n|\n|-damage|p2a: Melmetal|38\/100 brn|[from] brn\n|-sideend|p2: NOOB_1352011|Reflect\n|upkeep\n|turn|35\n|\n|t:|1699295981\n|switch|p2a: Landorus|Landorus, M|50\/100 brn\n|move|p1a: Jellicent|Strength Sap|p2a: Landorus\n|-unboost|p2a: Landorus|atk|1\n|-heal|p1a: Jellicent|100\/100\n|\n|-damage|p2a: Landorus|44\/100 brn|[from] brn\n|upkeep\n|turn|36\n|\n|t:|1699295985\n|switch|p1a: Blissey|Blissey, F|81\/100\n|-damage|p1a: Blissey|68\/100|[from] Stealth Rock\n|move|p2a: Landorus|Stealth Rock||[still]\n|-fail|p2a: Landorus\n|\n|-heal|p1a: Blissey|74\/100|[from] item: Leftovers\n|-damage|p2a: Landorus|38\/100 brn|[from] brn\n|upkeep\n|turn|37\n|c|\u2606NOOB_1352011|I thought I was highlighting earthpower :(\n|inactive|NOOB_1352011 has 120 seconds left.\n|c|\u2606pakiavatar9434|it wouldnt have mattered\n|c|\u2606pakiavatar9434|blissey eats it\n|c|\u2606NOOB_1352011|ik but extra chip damage\n|c|\u2606pakiavatar9434|like 30% max\n|\n|t:|1699296037\n|switch|p2a: Melmetal|Melmetal|38\/100 brn\n|move|p1a: Blissey|Wish|p1a: Blissey\n|\n|-heal|p1a: Blissey|81\/100|[from] item: Leftovers\n|-damage|p2a: Melmetal|32\/100 brn|[from] brn\n|upkeep\n|turn|38\n|\n|t:|1699296045\n|switch|p1a: Melmetal|Melmetal|100\/100\n|-damage|p1a: Melmetal|94\/100|[from] Stealth Rock\n|move|p2a: Melmetal|Double Iron Bash|p1a: Melmetal\n|-resisted|p1a: Melmetal\n|-damage|p1a: Melmetal|89\/100\n|-resisted|p1a: Melmetal\n|-damage|p1a: Melmetal|83\/100\n|-hitcount|p1a: Melmetal|2\n|\n|-heal|p1a: Melmetal|100\/100|[from] move: Wish|[wisher] Blissey\n|-damage|p2a: Melmetal|26\/100 brn|[from] brn\n|upkeep\n|turn|39\n|\n|t:|1699296058\n|move|p2a: Melmetal|Earthquake|p1a: Melmetal\n|-supereffective|p1a: Melmetal\n|-damage|p1a: Melmetal|78\/100\n|move|p1a: Melmetal|Double Iron Bash|p2a: Melmetal\n|-resisted|p2a: Melmetal\n|-damage|p2a: Melmetal|14\/100 brn\n|-resisted|p2a: Melmetal\n|-damage|p2a: Melmetal|3\/100 brn\n|-hitcount|p2a: Melmetal|2\n|\n|-damage|p2a: Melmetal|0 fnt|[from] brn\n|faint|p2a: Melmetal\n|upkeep\n|\n|t:|1699296070\n|switch|p2a: Landorus|Landorus, M|38\/100 brn\n|turn|40\n|\n|t:|1699296075\n|switch|p1a: Blissey|Blissey, F|81\/100\n|-damage|p1a: Blissey|68\/100|[from] Stealth Rock\n|move|p2a: Landorus|Earth Power|p1a: Blissey\n|-damage|p1a: Blissey|46\/100\n|-damage|p2a: Landorus|29\/100 brn|[from] item: Life Orb\n|\n|-heal|p1a: Blissey|52\/100|[from] item: Leftovers\n|-damage|p2a: Landorus|23\/100 brn|[from] brn\n|upkeep\n|turn|41\n|\n|t:|1699296080\n|move|p2a: Landorus|Earth Power|p1a: Blissey\n|-damage|p1a: Blissey|32\/100\n|-unboost|p1a: Blissey|spd|1\n|-damage|p2a: Landorus|13\/100 brn|[from] item: Life Orb\n|move|p1a: Blissey|Soft-Boiled|p1a: Blissey\n|-heal|p1a: Blissey|82\/100\n|\n|-heal|p1a: Blissey|88\/100|[from] item: Leftovers\n|-damage|p2a: Landorus|7\/100 brn|[from] brn\n|upkeep\n|turn|42\n|inactive|NOOB_1352011 has 120 seconds left.\n|c|\u2606NOOB_1352011|I thought I had a chance for a moment :(\n|\n|t:|1699296111\n|move|p2a: Landorus|Earth Power|p1a: Blissey\n|-damage|p1a: Blissey|58\/100\n|-damage|p2a: Landorus|0 fnt|[from] item: Life Orb\n|faint|p2a: Landorus\n|move|p1a: Blissey|Soft-Boiled|p1a: Blissey\n|-heal|p1a: Blissey|100\/100\n|\n|upkeep\n|c|\u2606pakiavatar9434|yaah its unfortunate\n|\n|t:|1699296121\n|switch|p2a: Palkia|Palkia-Origin|84\/100\n|-ability|p2a: Palkia|Pressure\n|turn|43\n|\n|t:|1699296125\n|switch|p1a: Jellicent|Jellicent, F, tera:Poison|100\/100\n|-damage|p1a: Jellicent|88\/100|[from] Stealth Rock\n|move|p2a: Palkia|Draco Meteor|p1a: Jellicent\n|-damage|p1a: Jellicent|16\/100\n|-unboost|p2a: Palkia|spa|2\n|\n|upkeep\n|turn|44\n|\n|t:|1699296134\n|switch|p1a: Blissey|Blissey, F|100\/100\n|-damage|p1a: Blissey|88\/100|[from] Stealth Rock\n|move|p2a: Palkia|Hydro Pump|p1a: Blissey\n|-damage|p1a: Blissey|73\/100\n|\n|-heal|p1a: Blissey|79\/100|[from] item: Leftovers\n|upkeep\n|turn|45\n|inactive|NOOB_1352011 has 120 seconds left.\n|\n|t:|1699296139\n|move|p2a: Palkia|Fire Blast|p1a: Blissey|[miss]\n|-miss|p2a: Palkia|p1a: Blissey\n|move|p1a: Blissey|Thunder Wave|p2a: Palkia\n|-status|p2a: Palkia|par\n|\n|-heal|p1a: Blissey|86\/100|[from] item: Leftovers\n|upkeep\n|turn|46\n|\n|t:|1699296143\n|switch|p2a: Mewtwo|Mewtwo|100\/100\n|-ability|p2a: Mewtwo|Unnerve\n|move|p1a: Blissey|Wish|p1a: Blissey\n|\n|-heal|p1a: Blissey|92\/100|[from] item: Leftovers\n|upkeep\n|turn|47\n|\n|t:|1699296146\n|switch|p2a: Palkia|Palkia-Origin|84\/100 par\n|-ability|p2a: Palkia|Pressure\n|move|p1a: Blissey|Thunder Wave|p2a: Palkia|[miss]\n|-miss|p1a: Blissey|p2a: Palkia\n|\n|-heal|p1a: Blissey|100\/100|[from] move: Wish|[wisher] Blissey\n|upkeep\n|turn|48\n|\n|t:|1699296152\n|move|p2a: Palkia|Hydro Pump|p1a: Blissey\n|-damage|p1a: Blissey|73\/100\n|move|p1a: Blissey|Wish|p1a: Blissey\n|\n|-heal|p1a: Blissey|79\/100|[from] item: Leftovers\n|upkeep\n|turn|49\n|\n|t:|1699296173\n|switch|p2a: Mewtwo|Mewtwo|100\/100\n|-ability|p2a: Mewtwo|Unnerve\n|switch|p1a: Jellicent|Jellicent, F, tera:Poison|16\/100\n|-damage|p1a: Jellicent|3\/100|[from] Stealth Rock\n|\n|-heal|p1a: Jellicent|92\/100|[from] move: Wish|[wisher] Blissey\n|upkeep\n|turn|50\n|inactive|NOOB_1352011 has 120 seconds left.\n|inactive|NOOB_1352011 has 90 seconds left.\n|\n|t:|1699296246\n|switch|p1a: Melmetal|Melmetal|78\/100\n|-damage|p1a: Melmetal|72\/100|[from] Stealth Rock\n|move|p2a: Mewtwo|Nasty Plot|p2a: Mewtwo\n|-boost|p2a: Mewtwo|spa|2\n|\n|upkeep\n|turn|51\n|c|\u2606NOOB_1352011|my chance?\n|-activate|p1a: Melmetal|item: Quick Claw\n|\n|t:|1699296256\n|detailschange|p2a: Mewtwo|Mewtwo-Mega-Y\n|-mega|p2a: Mewtwo|Mewtwo|Mewtwonite Y\n|move|p1a: Melmetal|Double Iron Bash|p2a: Mewtwo\n|-damage|p2a: Mewtwo|39\/100\n|-damage|p2a: Mewtwo|0 fnt\n|faint|p2a: Mewtwo\n|-hitcount|p2: Mewtwo|2\n|\n|upkeep\n|c|\u2606pakiavatar9434|nope\n|c|\u2606pakiavatar9434|quick claw robbed\n|\n|t:|1699296269\n|switch|p2a: Palkia|Palkia-Origin|84\/100 par\n|-ability|p2a: Palkia|Pressure\n|turn|52\n|c|\u2606NOOB_1352011|:(\n|c|\u2606pakiavatar9434|you did have a chance\n|c|\u2606pakiavatar9434|but\n|inactive|NOOB_1352011 has 60 seconds left.\n|c|\u2606pakiavatar9434|i unless u could do 75% to blissey\n|c|\u2606pakiavatar9434|without getting parad\n|c|\u2606NOOB_1352011|I just checked plus 2 psystrike kills blissey\n|c|\u2606pakiavatar9434|ooh\n|\n|t:|1699296318\n|move|p2a: Palkia|Earth Power|p1a: Melmetal\n|-supereffective|p1a: Melmetal\n|-damage|p1a: Melmetal|0 fnt\n|faint|p1a: Melmetal\n|\n|upkeep\n|c|\u2606pakiavatar9434|then u coulda had it\n|c|\u2606NOOB_1352011|well ggwp\n|\n|t:|1699296327\n|switch|p1a: Blissey|Blissey, F|79\/100\n|-damage|p1a: Blissey|67\/100|[from] Stealth Rock\n|turn|53\n|\n|t:|1699296331\n|move|p2a: Palkia|Hydro Pump|p1a: Blissey\n|-damage|p1a: Blissey|41\/100\n|move|p1a: Blissey|Soft-Boiled|p1a: Blissey\n|-heal|p1a: Blissey|91\/100\n|\n|-heal|p1a: Blissey|97\/100|[from] item: Leftovers\n|upkeep\n|turn|54\n|inactive|NOOB_1352011 has 60 seconds left.\n|\n|t:|1699296337\n|cant|p2a: Palkia|par\n|move|p1a: Blissey|Seismic Toss|p2a: Palkia\n|-damage|p2a: Palkia|53\/100 par\n|\n|-heal|p1a: Blissey|100\/100|[from] item: Leftovers\n|upkeep\n|turn|55\n|\n|t:|1699296341\n|cant|p2a: Palkia|par\n|move|p1a: Blissey|Seismic Toss|p2a: Palkia\n|-damage|p2a: Palkia|21\/100 par\n|\n|upkeep\n|turn|56\n|\n|t:|1699296346\n|cant|p2a: Palkia|par\n|move|p1a: Blissey|Seismic Toss|p2a: Palkia\n|-damage|p2a: Palkia|0 fnt\n|faint|p2a: Palkia\n|\n|win|pakiavatar9434\n|raw|pakiavatar9434's rating: 1435 &rarr; <strong>1454<\/strong><br \/>(+19 for winning)\n|raw|NOOB_1352011's rating: 1426 &rarr; <strong>1407<\/strong><br \/>(-19 for losing)\n|l|\u2606pakiavatar9434\n|c|\u2606NOOB_1352011|triple para for insult to injury gg\n|l|\u2606NOOB_1352011\n|j|\u2606NOOB_1352011\n|player|p2|NOOB_1352011|iris-gen5bw2\n","uploadtime":1699296906,"views":6,"p1id":"pakiavatar9434","p2id":"noob1352011","formatid":"gen9nationaldexubers","rating":1407,"private":0,"password":""}