{"id":"gen9nationaldexubers-1983791140","p1":"Soyeon is a cutie","p2":"Szymszym134","format":"[Gen 9] National Dex Ubers","log":"|j|\u2606Soyeon is a cutie\n|j|\u2606Szymszym134\n|t:|1699181790\n|gametype|singles\n|player|p1|Soyeon is a cutie|idol|1714\n|player|p2|Szymszym134|elesa|1645\n|teamsize|p1|6\n|teamsize|p2|6\n|gen|9\n|tier|[Gen 9] National Dex Ubers\n|rated|\n|rule|HP Percentage Mod: HP is shown in percentages\n|rule|Endless Battle Clause: Forcing endless battles is banned\n|rule|OHKO Clause: OHKO moves are banned\n|rule|Evasion Moves Clause: Evasion moves are banned\n|rule|Evasion Items Clause: Evasion items are banned\n|rule|Species Clause: Limit one of each Pok\u00e9mon\n|rule|Sleep Clause Mod: Limit one foe put to sleep\n|rule|Mega Rayquaza Clause: You cannot mega evolve Rayquaza\n|clearpoke\n|poke|p1|Arceus-Fairy|\n|poke|p1|Kingambit, M|\n|poke|p1|Ditto|\n|poke|p1|Urshifu-*, F|\n|poke|p1|Lunala|\n|poke|p1|Necrozma-Dusk-Mane|\n|poke|p2|Ho-Oh|\n|poke|p2|Ditto|\n|poke|p2|Mewtwo|\n|poke|p2|Kingambit, F|\n|poke|p2|Garganacl, F|\n|poke|p2|Arceus-Fairy|\n|teampreview\n|inactive|Battle timer is ON: inactive players will automatically lose when time's up. (requested by Szymszym134)\n|inactive|Soyeon is a cutie also wants the timer to be on.\n|c|\u2606Szymszym134|Hi\n|\n|t:|1699181812\n|start\n|switch|p1a: Arceus|Arceus-Fairy|100\/100\n|switch|p2a: Arceus|Arceus-Fairy|100\/100\n|turn|1\n|\n|t:|1699181817\n|move|p1a: Arceus|Taunt|p2a: Arceus\n|-start|p2a: Arceus|move: Taunt\n|move|p2a: Arceus|Judgment|p1a: Arceus\n|-damage|p1a: Arceus|67\/100\n|\n|upkeep\n|turn|2\n|\n|t:|1699181823\n|move|p1a: Arceus|Judgment|p2a: Arceus\n|-damage|p2a: Arceus|67\/100\n|move|p2a: Arceus|Judgment|p1a: Arceus\n|-damage|p1a: Arceus|35\/100\n|\n|upkeep\n|turn|3\n|\n|t:|1699181832\n|move|p1a: Arceus|Recover|p1a: Arceus\n|-heal|p1a: Arceus|85\/100\n|move|p2a: Arceus|Judgment|p1a: Arceus\n|-damage|p1a: Arceus|54\/100\n|\n|-end|p2a: Arceus|move: Taunt\n|upkeep\n|turn|4\n|\n|t:|1699181835\n|move|p1a: Arceus|Taunt|p2a: Arceus\n|-start|p2a: Arceus|move: Taunt\n|move|p2a: Arceus|Judgment|p1a: Arceus\n|-damage|p1a: Arceus|21\/100\n|\n|upkeep\n|turn|5\n|\n|t:|1699181840\n|move|p1a: Arceus|Recover|p1a: Arceus\n|-heal|p1a: Arceus|71\/100\n|move|p2a: Arceus|Judgment|p1a: Arceus\n|-damage|p1a: Arceus|42\/100\n|\n|upkeep\n|turn|6\n|\n|t:|1699181845\n|move|p1a: Arceus|Recover|p1a: Arceus\n|-heal|p1a: Arceus|92\/100\n|move|p2a: Arceus|Judgment|p1a: Arceus\n|-damage|p1a: Arceus|60\/100\n|\n|-end|p2a: Arceus|move: Taunt\n|upkeep\n|turn|7\n|\n|t:|1699181854\n|move|p1a: Arceus|Toxic|p2a: Arceus\n|-status|p2a: Arceus|tox\n|move|p2a: Arceus|Judgment|p1a: Arceus\n|-damage|p1a: Arceus|30\/100\n|\n|-damage|p2a: Arceus|61\/100 tox|[from] psn\n|upkeep\n|turn|8\n|\n|t:|1699181858\n|switch|p1a: Necrozma|Necrozma-Dusk-Mane, shiny|100\/100\n|move|p2a: Arceus|Judgment|p1a: Necrozma\n|-resisted|p1a: Necrozma\n|-damage|p1a: Necrozma|73\/100\n|\n|-damage|p2a: Arceus|49\/100 tox|[from] psn\n|upkeep\n|turn|9\n|\n|t:|1699181862\n|switch|p2a: Kingambit|Kingambit, F|100\/100\n|move|p1a: Necrozma|Stealth Rock|p2a: Kingambit\n|-sidestart|p2: Szymszym134|move: Stealth Rock\n|\n|upkeep\n|turn|10\n|\n|t:|1699181869\n|switch|p1a: Urshifu|Urshifu, F|100\/100\n|move|p2a: Kingambit|Knock Off|p1a: Urshifu\n|-resisted|p1a: Urshifu\n|-damage|p1a: Urshifu|82\/100\n|-enditem|p1a: Urshifu|Life Orb|[from] move: Knock Off|[of] p2a: Kingambit\n|\n|upkeep\n|turn|11\n|\n|t:|1699181876\n|-end|p2a: Kingambit|fallenundefined|[silent]\n|switch|p2a: Ho-Oh|Ho-Oh|100\/100\n|move|p1a: Urshifu|Wicked Blow|p2a: Ho-Oh\n|-crit|p2a: Ho-Oh\n|-damage|p2a: Ho-Oh|63\/100\n|\n|upkeep\n|turn|12\n|\n|t:|1699181881\n|move|p1a: Urshifu|Wicked Blow|p2a: Ho-Oh\n|-crit|p2a: Ho-Oh\n|-damage|p2a: Ho-Oh|24\/100\n|move|p2a: Ho-Oh|Defog|p1a: Urshifu\n|-unboost|p1a: Urshifu|evasion|1\n|-sideend|p2: Szymszym134|Stealth Rock|[from] move: Defog|[of] p2a: Ho-Oh\n|\n|upkeep\n|turn|13\n|\n|t:|1699181886\n|switch|p2a: Arceus|Arceus-Fairy|49\/100 tox\n|move|p1a: Urshifu|Wicked Blow|p2a: Arceus\n|-resisted|p2a: Arceus\n|-crit|p2a: Arceus\n|-damage|p2a: Arceus|32\/100 tox\n|\n|-damage|p2a: Arceus|26\/100 tox|[from] psn\n|upkeep\n|turn|14\n|\n|t:|1699181889\n|switch|p1a: Necrozma|Necrozma-Dusk-Mane, shiny|73\/100\n|move|p2a: Arceus|Recover|p2a: Arceus\n|-heal|p2a: Arceus|76\/100 tox\n|\n|-damage|p2a: Arceus|64\/100 tox|[from] psn\n|upkeep\n|turn|15\n|\n|t:|1699181893\n|switch|p2a: Kingambit|Kingambit, F|100\/100\n|move|p1a: Necrozma|Stealth Rock|p2a: Kingambit\n|-sidestart|p2: Szymszym134|move: Stealth Rock\n|\n|upkeep\n|turn|16\n|\n|t:|1699181899\n|detailschange|p1a: Necrozma|Necrozma-Ultra, shiny\n|-burst|p1a: Necrozma|Necrozma|Ultranecrozium Z\n|move|p1a: Necrozma|Earth Power|p2a: Kingambit\n|-supereffective|p2a: Kingambit\n|-damage|p2a: Kingambit|1\/100\n|move|p2a: Kingambit|Knock Off|p1a: Necrozma\n|-supereffective|p1a: Necrozma\n|-damage|p1a: Necrozma|0 fnt\n|faint|p1a: Necrozma\n|\n|upkeep\n|\n|t:|1699181907\n|switch|p1a: Urshifu|Urshifu, F|82\/100\n|turn|17\n|\n|t:|1699181920\n|-end|p2a: Kingambit|fallenundefined|[silent]\n|switch|p2a: Ho-Oh|Ho-Oh|57\/100\n|move|p1a: Urshifu|Wicked Blow|p2a: Ho-Oh\n|-crit|p2a: Ho-Oh\n|-damage|p2a: Ho-Oh|16\/100\n|\n|upkeep\n|turn|18\n|\n|t:|1699181928\n|switch|p2a: Arceus|Arceus-Fairy|64\/100 tox\n|-damage|p2a: Arceus|51\/100 tox|[from] Stealth Rock\n|move|p1a: Urshifu|Wicked Blow|p2a: Arceus\n|-resisted|p2a: Arceus\n|-crit|p2a: Arceus\n|-damage|p2a: Arceus|37\/100 tox\n|\n|-damage|p2a: Arceus|31\/100 tox|[from] psn\n|upkeep\n|turn|19\n|\n|t:|1699181936\n|move|p1a: Urshifu|Iron Head|p2a: Arceus\n|-supereffective|p2a: Arceus\n|-damage|p2a: Arceus|0 fnt\n|faint|p2a: Arceus\n|\n|upkeep\n|\n|t:|1699181940\n|switch|p2a: Ditto|Ditto|100\/100\n|-damage|p2a: Ditto|88\/100|[from] Stealth Rock\n|-transform|p2a: Ditto|p1a: Urshifu|[from] ability: Imposter\n|turn|20\n|\n|t:|1699181946\n|switch|p1a: Arceus|Arceus-Fairy|30\/100\n|move|p2a: Ditto|Low Kick|p1a: Arceus\n|-resisted|p1a: Arceus\n|-damage|p1a: Arceus|9\/100\n|\n|upkeep\n|turn|21\n|\n|t:|1699181949\n|switch|p1a: Lunala|Lunala, shiny|100\/100\n|move|p2a: Ditto|Low Kick|p1a: Lunala\n|-immune|p1a: Lunala\n|\n|upkeep\n|turn|22\n|\n|t:|1699181954\n|switch|p2a: Ho-Oh|Ho-Oh|49\/100\n|move|p1a: Lunala|Calm Mind|p1a: Lunala\n|-boost|p1a: Lunala|spa|1\n|-boost|p1a: Lunala|spd|1\n|\n|upkeep\n|turn|23\n|\n|t:|1699181958\n|move|p1a: Lunala|Psyshock|p2a: Ho-Oh\n|-damage|p2a: Ho-Oh|5\/100\n|move|p2a: Ho-Oh|Defog|p1a: Lunala\n|-unboost|p1a: Lunala|evasion|1\n|-sideend|p2: Szymszym134|Stealth Rock|[from] move: Defog|[of] p2a: Ho-Oh\n|\n|upkeep\n|turn|24\n|\n|t:|1699181963\n|switch|p2a: Kingambit|Kingambit, F|1\/100\n|-activate|p2a: Kingambit|ability: Supreme Overlord\n|-start|p2a: Kingambit|fallen1|[silent]\n|move|p1a: Lunala|Moongeist Beam|p2a: Kingambit\n|-resisted|p2a: Kingambit\n|-damage|p2a: Kingambit|0 fnt\n|faint|p2a: Kingambit\n|-end|p2a: Kingambit|fallen1|[silent]\n|\n|upkeep\n|\n|t:|1699181970\n|switch|p2a: Ditto|Ditto|88\/100\n|-transform|p2a: Ditto|p1a: Lunala|[from] ability: Imposter\n|turn|25\n|\n|t:|1699181975\n|-terastallize|p2a: Ditto|Ghost\n|-terastallize|p1a: Lunala|Fairy\n|move|p2a: Ditto|Moongeist Beam|p1a: Lunala\n|-damage|p1a: Lunala|70\/100\n|move|p1a: Lunala|Moongeist Beam|p2a: Ditto\n|-supereffective|p2a: Ditto\n|-damage|p2a: Ditto|0 fnt\n|faint|p2a: Ditto\n|\n|upkeep\n|\n|t:|1699181984\n|switch|p2a: Mewtwo|Mewtwo|100\/100\n|-ability|p2a: Mewtwo|Unnerve\n|turn|26\n|\n|t:|1699181989\n|detailschange|p2a: Mewtwo|Mewtwo-Mega-Y\n|-mega|p2a: Mewtwo|Mewtwo|Mewtwonite Y\n|move|p2a: Mewtwo|Psystrike|p1a: Lunala\n|-damage|p1a: Lunala|11\/100\n|move|p1a: Lunala|Moongeist Beam|p2a: Mewtwo\n|-supereffective|p2a: Mewtwo\n|-damage|p2a: Mewtwo|0 fnt\n|faint|p2a: Mewtwo\n|\n|upkeep\n|-message|Szymszym134 forfeited.\n|\n|win|Soyeon is a cutie\n|raw|Soyeon is a cutie's rating: 1714 &rarr; <strong>1730<\/strong><br \/>(+16 for winning)\n|raw|Szymszym134's rating: 1645 &rarr; <strong>1629<\/strong><br \/>(-16 for losing)\n|l|\u2606Szymszym134\n|l|\u2606Soyeon is a cutie\n","uploadtime":1699182065,"views":7,"p1id":"soyeonisacutie","p2id":"szymszym134","formatid":"gen9nationaldexubers","rating":1629,"private":0,"password":""}