{"id":"gen9nationaldexubers-1982921706","p1":"Breeze88","p2":"KurumiTokisakilove","format":"[Gen 9] National Dex Ubers","log":"|j|\u2606Breeze88\n|j|\u2606KurumiTokisakilove\n|t:|1699058934\n|gametype|singles\n|player|p1|Breeze88|steven|1552\n|player|p2|KurumiTokisakilove|sabrina-gen2|1934\n|teamsize|p1|6\n|teamsize|p2|6\n|gen|9\n|tier|[Gen 9] National Dex Ubers\n|rated|\n|rule|HP Percentage Mod: HP is shown in percentages\n|rule|Endless Battle Clause: Forcing endless battles is banned\n|rule|OHKO Clause: OHKO moves are banned\n|rule|Evasion Moves Clause: Evasion moves are banned\n|rule|Evasion Items Clause: Evasion items are banned\n|rule|Species Clause: Limit one of each Pok\u00e9mon\n|rule|Sleep Clause Mod: Limit one foe put to sleep\n|rule|Mega Rayquaza Clause: You cannot mega evolve Rayquaza\n|clearpoke\n|poke|p1|Shuckle, M|\n|poke|p1|Necrozma-Dusk-Mane|\n|poke|p1|Annihilape, F|\n|poke|p1|Groudon|\n|poke|p1|Arceus-Ground|\n|poke|p1|Xerneas-*|\n|poke|p2|Ho-Oh|\n|poke|p2|Yveltal|\n|poke|p2|Ditto|\n|poke|p2|Magearna|\n|poke|p2|Necrozma-Dusk-Mane|\n|poke|p2|Arceus-Ground|\n|teampreview\n|inactive|Battle timer is ON: inactive players will automatically lose when time's up. (requested by Breeze88)\n|inactive|KurumiTokisakilove also wants the timer to be on.\n|c|\u2606Breeze88|glhf\n|\n|t:|1699058959\n|start\n|switch|p1a: Nebbychadnezzar|Necrozma-Dusk-Mane, shiny|100\/100\n|switch|p2a: Ho-Oh|Ho-Oh|100\/100\n|turn|1\n|\n|t:|1699058967\n|switch|p1a: Shuckle|Shuckle, M, shiny|100\/100\n|move|p2a: Ho-Oh|Sacred Fire|p1a: Shuckle\n|-damage|p1a: Shuckle|56\/100\n|-status|p1a: Shuckle|brn\n|\n|-damage|p1a: Shuckle|50\/100 brn|[from] brn\n|upkeep\n|turn|2\n|\n|t:|1699058978\n|move|p2a: Ho-Oh|Sacred Fire|p1a: Shuckle\n|-damage|p1a: Shuckle|8\/100 brn\n|move|p1a: Shuckle|Stealth Rock|p2a: Ho-Oh\n|-sidestart|p2: KurumiTokisakilove|move: Stealth Rock\n|\n|-damage|p1a: Shuckle|2\/100 brn|[from] brn\n|upkeep\n|turn|3\n|\n|t:|1699058985\n|move|p2a: Ho-Oh|Sacred Fire|p1a: Shuckle\n|-damage|p1a: Shuckle|0 fnt\n|faint|p1a: Shuckle\n|\n|upkeep\n|\n|t:|1699058996\n|switch|p1a: Arceus|Arceus-Ground|100\/100\n|turn|4\n|\n|t:|1699059006\n|move|p1a: Arceus|Stone Edge|p2a: Ho-Oh\n|-supereffective|p2a: Ho-Oh\n|-damage|p2a: Ho-Oh|0 fnt\n|faint|p2a: Ho-Oh\n|\n|upkeep\n|\n|t:|1699059016\n|switch|p2a: Yveltal|Yveltal, shiny|100\/100\n|-ability|p2a: Yveltal|Dark Aura\n|turn|5\n|\n|t:|1699059028\n|move|p1a: Arceus|Taunt|p2a: Yveltal\n|-start|p2a: Yveltal|move: Taunt\n|cant|p2a: Yveltal|move: Taunt|Toxic\n|\n|upkeep\n|turn|6\n|\n|t:|1699059037\n|move|p1a: Arceus|Stone Edge|p2a: Yveltal\n|-supereffective|p2a: Yveltal\n|-damage|p2a: Yveltal|63\/100\n|move|p2a: Yveltal|Foul Play|p1a: Arceus\n|-crit|p1a: Arceus\n|-damage|p1a: Arceus|35\/100\n|\n|upkeep\n|turn|7\n|\n|t:|1699059047\n|switch|p1a: Xerneas|Xerneas, shiny|100\/100\n|-ability|p1a: Xerneas|Fairy Aura\n|move|p2a: Yveltal|Foul Play|p1a: Xerneas\n|-resisted|p1a: Xerneas\n|-damage|p1a: Xerneas|83\/100\n|\n|-end|p2a: Yveltal|move: Taunt\n|upkeep\n|turn|8\n|\n|t:|1699059051\n|switch|p1a: Groudon|Groudon|100\/100\n|detailschange|p1a: Groudon|Groudon-Primal\n|-primal|p1a: Groudon|Red Orb\n|-weather|DesolateLand|[from] ability: Desolate Land|[of] p1a: Groudon\n|switch|p2a: Magearna|Magearna|100\/100\n|-damage|p2a: Magearna|94\/100|[from] Stealth Rock\n|\n|-weather|DesolateLand|[upkeep]\n|upkeep\n|turn|9\n|\n|t:|1699059054\n|switch|p2a: Yveltal|Yveltal, shiny|63\/100\n|-ability|p2a: Yveltal|Dark Aura\n|move|p1a: Groudon|Eruption|p2a: Yveltal\n|-damage|p2a: Yveltal|0 fnt\n|faint|p2a: Yveltal\n|\n|-weather|DesolateLand|[upkeep]\n|upkeep\n|\n|t:|1699059057\n|switch|p2a: Arceus|Arceus-Ground|100\/100\n|-damage|p2a: Arceus|94\/100|[from] Stealth Rock\n|turn|10\n|\n|t:|1699059073\n|-weather|none\n|switch|p1a: Annihilape|Annihilape, F, shiny|100\/100\n|move|p2a: Arceus|Judgment|p1a: Annihilape\n|-damage|p1a: Annihilape|47\/100\n|\n|upkeep\n|turn|11\n|\n|t:|1699059077\n|move|p2a: Arceus|Judgment|p1a: Annihilape\n|-damage|p1a: Annihilape|0 fnt\n|faint|p1a: Annihilape\n|\n|upkeep\n|\n|t:|1699059091\n|switch|p1a: Nebbychadnezzar|Necrozma-Dusk-Mane, shiny|100\/100\n|turn|12\n|\n|t:|1699059106\n|move|p2a: Arceus|Judgment|p1a: Nebbychadnezzar\n|-supereffective|p1a: Nebbychadnezzar\n|-damage|p1a: Nebbychadnezzar|31\/100\n|-enditem|p1a: Nebbychadnezzar|Weakness Policy\n|-boost|p1a: Nebbychadnezzar|atk|2|[from] item: Weakness Policy\n|-boost|p1a: Nebbychadnezzar|spa|2|[from] item: Weakness Policy\n|move|p1a: Nebbychadnezzar|Sunsteel Strike|p2a: Arceus\n|-damage|p2a: Arceus|15\/100\n|\n|upkeep\n|turn|13\n|\n|t:|1699059126\n|-terastallize|p1a: Nebbychadnezzar|Flying\n|move|p2a: Arceus|Judgment|p1a: Nebbychadnezzar\n|-immune|p1a: Nebbychadnezzar\n|move|p1a: Nebbychadnezzar|Moonlight|p1a: Nebbychadnezzar\n|-heal|p1a: Nebbychadnezzar|80\/100\n|\n|upkeep\n|turn|14\n|\n|t:|1699059134\n|move|p2a: Arceus|Taunt|p1a: Nebbychadnezzar\n|-start|p1a: Nebbychadnezzar|move: Taunt\n|move|p1a: Nebbychadnezzar|Sunsteel Strike|p2a: Arceus\n|-damage|p2a: Arceus|0 fnt\n|faint|p2a: Arceus\n|\n|upkeep\n|\n|t:|1699059137\n|switch|p2a: Ditto|Ditto, shiny|100\/100\n|-damage|p2a: Ditto|88\/100|[from] Stealth Rock\n|-transform|p2a: Ditto|p1a: Nebbychadnezzar|[from] ability: Imposter\n|-start|p2a: Ditto|typechange|Psychic\/Steel|[silent]\n|turn|15\n|\n|t:|1699059147\n|switch|p1a: Arceus|Arceus-Ground|35\/100\n|move|p2a: Ditto|Sunsteel Strike|p1a: Arceus\n|-damage|p1a: Arceus|0 fnt\n|faint|p1a: Arceus\n|\n|upkeep\n|\n|t:|1699059150\n|switch|p1a: Groudon|Groudon-Primal|100\/100\n|-weather|DesolateLand|[from] ability: Desolate Land|[of] p1a: Groudon\n|turn|16\n|\n|t:|1699059178\n|move|p2a: Ditto|Sunsteel Strike|p1a: Groudon\n|-resisted|p1a: Groudon\n|-damage|p1a: Groudon|56\/100\n|move|p1a: Groudon|Eruption|p2a: Ditto\n|-supereffective|p2a: Ditto\n|-damage|p2a: Ditto|0 fnt\n|faint|p2a: Ditto\n|\n|-weather|DesolateLand|[upkeep]\n|upkeep\n|\n|t:|1699059180\n|switch|p2a: Necrozma|Necrozma-Dusk-Mane|100\/100\n|-damage|p2a: Necrozma|94\/100|[from] Stealth Rock\n|turn|17\n|\n|t:|1699059186\n|detailschange|p2a: Necrozma|Necrozma-Ultra\n|-burst|p2a: Necrozma|Necrozma|Ultranecrozium Z\n|move|p2a: Necrozma|Earth Power|p1a: Groudon\n|-supereffective|p1a: Groudon\n|-damage|p1a: Groudon|0 fnt\n|faint|p1a: Groudon\n|-weather|none\n|\n|upkeep\n|\n|t:|1699059191\n|switch|p1a: Xerneas|Xerneas, shiny|83\/100\n|-ability|p1a: Xerneas|Fairy Aura\n|turn|18\n|\n|t:|1699059199\n|switch|p2a: Magearna|Magearna|94\/100\n|-damage|p2a: Magearna|88\/100|[from] Stealth Rock\n|move|p1a: Xerneas|Geomancy||[still]\n|-prepare|p1a: Xerneas|Geomancy\n|-enditem|p1a: Xerneas|Power Herb\n|-anim|p1a: Xerneas|Geomancy|p1a: Xerneas\n|-boost|p1a: Xerneas|spa|2\n|-boost|p1a: Xerneas|spd|2\n|-boost|p1a: Xerneas|spe|2\n|\n|upkeep\n|turn|19\n|inactive|Breeze88 has 120 seconds left.\n|inactive|Breeze88 has 90 seconds left.\n|\n|t:|1699059261\n|switch|p1a: Nebbychadnezzar|Necrozma-Dusk-Mane, shiny, tera:Flying|80\/100\n|move|p2a: Magearna|Heart Swap|p1a: Nebbychadnezzar\n|-swapboost|p2a: Magearna|p1a: Nebbychadnezzar|[from] move: Heart Swap\n|\n|upkeep\n|turn|20\n|inactive|Breeze88 has 90 seconds left.\n|\n|t:|1699059273\n|move|p1a: Nebbychadnezzar|Earthquake|p2a: Magearna\n|-supereffective|p2a: Magearna\n|-damage|p2a: Magearna|21\/100\n|move|p2a: Magearna|Fleur Cannon|p1a: Nebbychadnezzar\n|-damage|p1a: Nebbychadnezzar|26\/100\n|-unboost|p2a: Magearna|spa|2\n|\n|upkeep\n|turn|21\n|\n|t:|1699059282\n|move|p1a: Nebbychadnezzar|Moonlight|p1a: Nebbychadnezzar\n|-heal|p1a: Nebbychadnezzar|76\/100\n|move|p2a: Magearna|Pain Split|p1a: Nebbychadnezzar\n|-sethp|p1a: Nebbychadnezzar|50\/100|[from] move: Pain Split|[silent]\n|-sethp|p2a: Magearna|46\/100|[from] move: Pain Split\n|\n|upkeep\n|turn|22\n|\n|t:|1699059292\n|move|p1a: Nebbychadnezzar|Earthquake|p2a: Magearna\n|-supereffective|p2a: Magearna\n|-damage|p2a: Magearna|0 fnt\n|faint|p2a: Magearna\n|\n|upkeep\n|\n|t:|1699059294\n|switch|p2a: Necrozma|Necrozma-Ultra|94\/100\n|-damage|p2a: Necrozma|82\/100|[from] Stealth Rock\n|turn|23\n|\n|t:|1699059298\n|move|p2a: Necrozma|Photon Geyser|p1a: Nebbychadnezzar\n|-damage|p1a: Nebbychadnezzar|0 fnt\n|faint|p1a: Nebbychadnezzar\n|\n|upkeep\n|\n|t:|1699059300\n|switch|p1a: Xerneas|Xerneas, shiny|83\/100\n|-ability|p1a: Xerneas|Fairy Aura\n|turn|24\n|\n|t:|1699059305\n|-zpower|p2a: Necrozma\n|move|p2a: Necrozma|Light That Burns the Sky|p1a: Xerneas|[zeffect]\n|-damage|p1a: Xerneas|0 fnt\n|faint|p1a: Xerneas\n|\n|win|KurumiTokisakilove\n|raw|Breeze88's rating: 1552 &rarr; <strong>1548<\/strong><br \/>(-4 for losing)\n|raw|KurumiTokisakilove's rating: 1934 &rarr; <strong>1938<\/strong><br \/>(+4 for winning)\n|c|\u2606Breeze88|ggwp\n|c|\u2606KurumiTokisakilove|Gg\n|c|\u2606Breeze88|thx\n|l|\u2606KurumiTokisakilove\n|l|\u2606Breeze88\n","uploadtime":1699059335,"views":15,"p1id":"breeze88","p2id":"kurumitokisakilove","formatid":"gen9nationaldexubers","rating":1548,"private":0,"password":""}