{"id":"gen9nationaldexubers-1998968736","p1":"Kawaii Senchou-San","p2":"hugomanXx","format":"[Gen 9] National Dex Ubers","log":"|j|\u2606Kawaii Senchou-San\n|j|\u2606hugomanXx\n|t:|1701018975\n|gametype|singles\n|player|p1|Kawaii Senchou-San|acerola-masters|1261\n|player|p2|hugomanXx|youngster-gen4dp|1216\n|teamsize|p1|6\n|teamsize|p2|6\n|gen|9\n|tier|[Gen 9] National Dex Ubers\n|rated|\n|rule|HP Percentage Mod: HP is shown in percentages\n|rule|Endless Battle Clause: Forcing endless battles is banned\n|rule|OHKO Clause: OHKO moves are banned\n|rule|Evasion Moves Clause: Evasion moves are banned\n|rule|Evasion Items Clause: Evasion items are banned\n|rule|Species Clause: Limit one of each Pok\u00e9mon\n|rule|Sleep Clause Mod: Limit one foe put to sleep\n|rule|Mega Rayquaza Clause: You cannot mega evolve Rayquaza\n|clearpoke\n|poke|p1|Kingambit, F|\n|poke|p1|Annihilape, F|\n|poke|p1|Deoxys-Speed|\n|poke|p1|Victini|\n|poke|p1|Hippowdon, F|\n|poke|p1|Houndstone, F|\n|poke|p2|Dugtrio, M|\n|poke|p2|Buzzwole|\n|poke|p2|Lugia|\n|poke|p2|Quagsire, M|\n|poke|p2|Toxapex, F|\n|poke|p2|Blissey, F|\n|teampreview\n|\n|t:|1701018985\n|start\n|switch|p1a: Deoxys|Deoxys-Speed|100\/100\n|switch|p2a: Dugtrio|Dugtrio, M|100\/100\n|-ability|p1a: Deoxys|Pressure\n|turn|1\n|\n|t:|1701018995\n|move|p1a: Deoxys|Spikes|p2a: Dugtrio\n|-sidestart|p2: hugomanXx|Spikes\n|move|p2a: Dugtrio|Earthquake|p1a: Deoxys\n|-damage|p1a: Deoxys|48\/100\n|\n|upkeep\n|turn|2\n|\n|t:|1701019000\n|move|p1a: Deoxys|Knock Off|p2a: Dugtrio\n|-damage|p2a: Dugtrio|37\/100\n|-enditem|p2a: Dugtrio|Focus Sash|[from] move: Knock Off|[of] p1a: Deoxys\n|move|p2a: Dugtrio|Stealth Rock|p1a: Deoxys\n|-sidestart|p1: Kawaii Senchou-San|move: Stealth Rock\n|\n|upkeep\n|turn|3\n|\n|t:|1701019005\n|move|p2a: Dugtrio|Sucker Punch|p1a: Deoxys\n|-supereffective|p1a: Deoxys\n|-crit|p1a: Deoxys\n|-damage|p1a: Deoxys|0 fnt\n|faint|p1a: Deoxys\n|\n|upkeep\n|\n|t:|1701019012\n|switch|p1a: Hippowdon|Hippowdon, F|100\/100\n|-damage|p1a: Hippowdon|94\/100|[from] Stealth Rock\n|-weather|Sandstorm|[from] ability: Sand Stream|[of] p1a: Hippowdon\n|turn|4\n|\n|t:|1701019015\n|move|p2a: Dugtrio|Earthquake|p1a: Hippowdon\n|-damage|p1a: Hippowdon|69\/100\n|move|p1a: Hippowdon|Earthquake|p2a: Dugtrio\n|-damage|p2a: Dugtrio|0 fnt\n|faint|p2a: Dugtrio\n|\n|-weather|Sandstorm|[upkeep]\n|upkeep\n|\n|t:|1701019021\n|switch|p2a: Quagsire|Quagsire, M|100\/100\n|-damage|p2a: Quagsire|88\/100|[from] Spikes\n|turn|5\n|\n|t:|1701019026\n|move|p1a: Hippowdon|Toxic|p2a: Quagsire\n|-status|p2a: Quagsire|tox\n|move|p2a: Quagsire|Liquidation|p1a: Hippowdon\n|-supereffective|p1a: Hippowdon\n|-damage|p1a: Hippowdon|0 fnt\n|faint|p1a: Hippowdon\n|\n|-weather|Sandstorm|[upkeep]\n|-damage|p2a: Quagsire|82\/100 tox|[from] psn\n|upkeep\n|\n|t:|1701019037\n|switch|p1a: Annihilape|Annihilape, F|100\/100\n|-damage|p1a: Annihilape|94\/100|[from] Stealth Rock\n|turn|6\n|\n|t:|1701019040\n|move|p1a: Annihilape|Final Gambit|p2a: Quagsire\n|-damage|p2a: Quagsire|0 fnt\n|faint|p1a: Annihilape\n|faint|p2a: Quagsire\n|\n|-weather|Sandstorm|[upkeep]\n|upkeep\n|\n|t:|1701019043\n|switch|p1a: Victini|Victini|100\/100\n|switch|p2a: Lugia|Lugia|100\/100\n|-damage|p1a: Victini|76\/100|[from] Stealth Rock\n|turn|7\n|\n|t:|1701019047\n|move|p1a: Victini|Final Gambit|p2a: Lugia\n|-damage|p2a: Lugia|28\/100\n|faint|p1a: Victini\n|move|p2a: Lugia|Earth Power|p1: Victini|[notarget]\n|-fail|p2a: Lugia\n|\n|-weather|Sandstorm|[upkeep]\n|-damage|p2a: Lugia|22\/100|[from] Sandstorm\n|upkeep\n|\n|t:|1701019050\n|switch|p1a: Houndstone|Houndstone, F|100\/100\n|-damage|p1a: Houndstone|88\/100|[from] Stealth Rock\n|turn|8\n|\n|t:|1701019054\n|switch|p1a: Kingambit|Kingambit, F|100\/100\n|-damage|p1a: Kingambit|94\/100|[from] Stealth Rock\n|-activate|p1a: Kingambit|ability: Supreme Overlord\n|-start|p1a: Kingambit|fallen4|[silent]\n|switch|p2a: Blissey|Blissey, F|100\/100\n|-damage|p2a: Blissey|88\/100|[from] Spikes\n|\n|-weather|Sandstorm|[upkeep]\n|-damage|p2a: Blissey|82\/100|[from] Sandstorm\n|upkeep\n|turn|9\n|\n|t:|1701019058\n|move|p2a: Blissey|Flamethrower|p1a: Kingambit\n|-supereffective|p1a: Kingambit\n|-crit|p1a: Kingambit\n|-damage|p1a: Kingambit|0 fnt\n|faint|p1a: Kingambit\n|-end|p1a: Kingambit|fallen4|[silent]\n|\n|-weather|Sandstorm|[upkeep]\n|-damage|p2a: Blissey|76\/100|[from] Sandstorm\n|upkeep\n|\n|t:|1701019063\n|switch|p1a: Houndstone|Houndstone, F|88\/100\n|-damage|p1a: Houndstone|76\/100|[from] Stealth Rock\n|turn|10\n|\n|t:|1701019069\n|move|p1a: Houndstone|Trick|p2a: Blissey\n|-activate|p1a: Houndstone|move: Trick|[of] p2a: Blissey\n|-item|p2a: Blissey|Choice Band|[from] move: Trick\n|-item|p1a: Houndstone|Choice Specs|[from] move: Trick\n|move|p2a: Blissey|Flamethrower|p1a: Houndstone\n|-damage|p1a: Houndstone|45\/100\n|\n|-weather|Sandstorm|[upkeep]\n|-damage|p2a: Blissey|70\/100|[from] Sandstorm\n|upkeep\n|turn|11\n|\n|t:|1701019078\n|move|p1a: Houndstone|Body Press|p2a: Blissey\n|-supereffective|p2a: Blissey\n|-damage|p2a: Blissey|0 fnt\n|faint|p2a: Blissey\n|\n|-weather|none\n|upkeep\n|\n|t:|1701019083\n|switch|p2a: Lugia|Lugia|22\/100\n|turn|12\n|\n|t:|1701019087\n|-terastallize|p1a: Houndstone|Fighting\n|move|p2a: Lugia|Aeroblast|p1a: Houndstone\n|-supereffective|p1a: Houndstone\n|-damage|p1a: Houndstone|0 fnt\n|faint|p1a: Houndstone\n|\n|win|hugomanXx\n|raw|Kawaii Senchou-San's rating: 1261 &rarr; <strong>1233<\/strong><br \/>(-28 for losing)\n|raw|hugomanXx's rating: 1216 &rarr; <strong>1244<\/strong><br \/>(+28 for winning)\n|l|\u2606Kawaii Senchou-San\n","uploadtime":1701019099,"views":4,"p1id":"kawaiisenchousan","p2id":"hugomanxx","formatid":"gen9nationaldexubers","rating":1233,"private":0,"password":""}