{"id":"gen9nationaldexubers-1990705812","p1":"Fetch'd Jr.","p2":"KEV - Phine","format":"[Gen 9] National Dex Ubers","log":"|j|\u2606Fetch'd Jr.\n|j|\u2606KEV - Phine\n|t:|1699993405\n|gametype|singles\n|player|p1|Fetch'd Jr.|janine|\n|player|p2|KEV - Phine|170|\n|teamsize|p1|6\n|teamsize|p2|6\n|gen|9\n|tier|[Gen 9] National Dex Ubers\n|rule|HP Percentage Mod: HP is shown in percentages\n|rule|Endless Battle Clause: Forcing endless battles is banned\n|rule|OHKO Clause: OHKO moves are banned\n|rule|Evasion Moves Clause: Evasion moves are banned\n|rule|Evasion Items Clause: Evasion items are banned\n|rule|Species Clause: Limit one of each Pok\u00e9mon\n|rule|Sleep Clause Mod: Limit one foe put to sleep\n|rule|Mega Rayquaza Clause: You cannot mega evolve Rayquaza\n|clearpoke\n|poke|p1|Zoroark-Hisui, M|\n|poke|p1|Annihilape, F|\n|poke|p1|Arcanine, F|\n|poke|p1|Mesprit|\n|poke|p1|Quaquaval, M|\n|poke|p1|Kingambit, M|\n|poke|p2|Arcanine-Hisui, F|\n|poke|p2|Flutter Mane|\n|poke|p2|Gyarados, M|\n|poke|p2|Garchomp, F|\n|poke|p2|Boltund, F|\n|poke|p2|Vulpix, M|\n|teampreview\n|c|\u2606KEV - Phine|gl hf\n|c|\u2606Fetch'd Jr.|glhf\n|c|\u2606KEV - Phine|gimme a second, I need to dig out the battle music\n|c|\u2606Fetch'd Jr.|sure\n|c|\u2606Fetch'd Jr.|god that vulpix\n|c|\u2606KEV - Phine|( \u0361\u00b0 \u035c\u0296 \u0361\u00b0)\n|c|\u2606KEV - Phine|just standing there... menacingly\n|c|\u2606Fetch'd Jr.|i live in fear\n|\n|t:|1699993575\n|start\n|switch|p1a: Irokese|Kingambit, M|100\/100\n|switch|p2a: Arcanine|Arcanine-Hisui, F|100\/100\n|turn|1\n|c|\u2606KEV - Phine|so... are you doing hairstyles or political stereotypes? lmao\n|c|\u2606Fetch'd Jr.|look what my entire team has for awesome hair styles\n|c|\u2606KEV - Phine|very fair point\n|\n|t:|1699993678\n|move|p2a: Arcanine|Flare Blitz|p1a: Irokese\n|-supereffective|p1a: Irokese\n|-crit|p1a: Irokese\n|-damage|p1a: Irokese|0 fnt\n|faint|p1a: Irokese\n|\n|upkeep\n|c|\u2606KEV - Phine|shouldve told me beforehand, I have awesome tails OO\n|c|\u2606Fetch'd Jr.|lmao\n|c|\u2606KEV - Phine|except for Flutter MANE I guess\n|c|\u2606Fetch'd Jr.|it has cool hair tho\n|\n|t:|1699993731\n|switch|p1a: Gelfrisur|Quaquaval, M|100\/100\n|turn|2\n|c|\u2606KEV - Phine|definitely\n|c|\u2606KEV - Phine|Gelfrisur, ich geh kaputt\n|\n|t:|1699993806\n|move|p2a: Arcanine|Psychic Fangs|p1a: Gelfrisur\n|-supereffective|p1a: Gelfrisur\n|-damage|p1a: Gelfrisur|29\/100\n|move|p1a: Gelfrisur|Aqua Step|p2a: Arcanine\n|-supereffective|p2a: Arcanine\n|-enditem|p2a: Arcanine|Focus Sash\n|-damage|p2a: Arcanine|1\/100\n|-boost|p1a: Gelfrisur|spe|1\n|\n|upkeep\n|turn|3\n|c|\u2606Fetch'd Jr.|goddamit\n|\n|t:|1699993902\n|switch|p1a: Sturmfrisur|Annihilape, F|100\/100\n|move|p2a: Arcanine|Extreme Speed|p1a: Sturmfrisur\n|-immune|p1a: Sturmfrisur\n|\n|upkeep\n|turn|4\n|\n|t:|1699993920\n|move|p1a: Sturmfrisur|Shadow Ball|p2a: Arcanine\n|-damage|p2a: Arcanine|0 fnt\n|faint|p2a: Arcanine\n|\n|upkeep\n|j| Karzon\n|c|\u2606Fetch'd Jr.|gott ich sehe jetzt erst dass das ein crit am ANfang war\n|c|\u2606KEV - Phine|lmao\n|c|\u2606Fetch'd Jr.|thought it was banded cause of that\n|\n|t:|1699994058\n|switch|p2a: Garchomp|Garchomp, F|100\/100\n|turn|5\n|\n|t:|1699994072\n|switch|p1a: Z\u00f6pfe|Mesprit|100\/100\n|move|p2a: Garchomp|Substitute|p2a: Garchomp\n|-start|p2a: Garchomp|Substitute\n|-damage|p2a: Garchomp|76\/100\n|\n|upkeep\n|turn|6\n|\n|t:|1699994082\n|move|p2a: Garchomp|Swords Dance|p2a: Garchomp\n|-boost|p2a: Garchomp|atk|2\n|move|p1a: Z\u00f6pfe|Reflect|p1a: Z\u00f6pfe\n|-sidestart|p1: Fetch'd Jr.|Reflect\n|\n|upkeep\n|turn|7\n|\n|t:|1699994125\n|move|p2a: Garchomp|Swords Dance|p2a: Garchomp\n|-boost|p2a: Garchomp|atk|2\n|move|p1a: Z\u00f6pfe|Psychic|p2a: Garchomp\n|-end|p2a: Garchomp|Substitute\n|\n|upkeep\n|turn|8\n|\n|t:|1699994138\n|move|p2a: Garchomp|Stone Edge|p1a: Z\u00f6pfe\n|-damage|p1a: Z\u00f6pfe|61\/100\n|move|p1a: Z\u00f6pfe|Light Screen|p1a: Z\u00f6pfe\n|-sidestart|p1: Fetch'd Jr.|move: Light Screen\n|\n|upkeep\n|turn|9\n|\n|t:|1699994210\n|move|p2a: Garchomp|Stone Edge|p1a: Z\u00f6pfe\n|-damage|p1a: Z\u00f6pfe|23\/100\n|move|p1a: Z\u00f6pfe|Psychic|p2a: Garchomp\n|-damage|p2a: Garchomp|37\/100\n|\n|upkeep\n|turn|10\n|\n|t:|1699994221\n|move|p2a: Garchomp|Substitute|p2a: Garchomp\n|-start|p2a: Garchomp|Substitute\n|-damage|p2a: Garchomp|12\/100\n|-enditem|p2a: Garchomp|Salac Berry|[eat]\n|-boost|p2a: Garchomp|spe|1|[from] item: Salac Berry\n|move|p1a: Z\u00f6pfe|Psychic|p2a: Garchomp\n|-end|p2a: Garchomp|Substitute\n|\n|upkeep\n|turn|11\n|\n|t:|1699994236\n|move|p2a: Garchomp|Stone Edge|p1a: Z\u00f6pfe|[miss]\n|-miss|p2a: Garchomp|p1a: Z\u00f6pfe\n|move|p1a: Z\u00f6pfe|U-turn|p2a: Garchomp\n|-damage|p2a: Garchomp|0 fnt\n|-damage|p1a: Z\u00f6pfe|11\/100|[from] ability: Rough Skin|[of] p2a: Garchomp\n|faint|p2a: Garchomp\n|c|\u2606KEV - Phine|I knew it\n|c|\u2606Fetch'd Jr.|sry\n|j| ShaymanAbyss\n|c|\u2606KEV - Phine|fair enough\n|\n|t:|1699994250\n|switch|p1a: Sturmfrisur|Annihilape, F|100\/100|[from] U-turn\n|\n|upkeep\n|\n|t:|1699994256\n|switch|p2a: Boltund|Boltund, F|100\/100\n|turn|12\n|\n|t:|1699994298\n|switch|p1a: L\u00f6wenm\u00e4hne|Arcanine, F|100\/100\n|-ability|p1a: L\u00f6wenm\u00e4hne|Intimidate|boost\n|-unboost|p2a: Boltund|atk|1\n|move|p2a: Boltund|Psychic Fangs|p1a: L\u00f6wenm\u00e4hne\n|-sideend|p1: Fetch'd Jr.|Reflect\n|-sideend|p1: Fetch'd Jr.|move: Light Screen\n|-damage|p1a: L\u00f6wenm\u00e4hne|76\/100\n|\n|upkeep\n|turn|13\n|\n|t:|1699994461\n|move|p2a: Boltund|Thunder Fang|p1a: L\u00f6wenm\u00e4hne\n|-damage|p1a: L\u00f6wenm\u00e4hne|50\/100\n|move|p1a: L\u00f6wenm\u00e4hne|Will-O-Wisp|p2a: Boltund\n|-status|p2a: Boltund|brn\n|\n|-damage|p2a: Boltund|95\/100 brn|[from] brn\n|upkeep\n|turn|14\n|\n|t:|1699994487\n|switch|p2a: Vulpix|Vulpix, M|100\/100\n|-weather|SunnyDay|[from] ability: Drought|[of] p2a: Vulpix\n|move|p1a: L\u00f6wenm\u00e4hne|Morning Sun|p1a: L\u00f6wenm\u00e4hne\n|-heal|p1a: L\u00f6wenm\u00e4hne|100\/100\n|\n|-weather|SunnyDay|[upkeep]\n|upkeep\n|turn|15\n|\n|t:|1699994500\n|move|p1a: L\u00f6wenm\u00e4hne|Bulldoze|p2a: Vulpix\n|-supereffective|p2a: Vulpix\n|-damage|p2a: Vulpix|46\/100\n|-unboost|p2a: Vulpix|spe|1\n|move|p2a: Vulpix|Reflect|p2a: Vulpix\n|-sidestart|p2: KEV - Phine|Reflect\n|\n|-weather|SunnyDay|[upkeep]\n|upkeep\n|turn|16\n|\n|t:|1699994515\n|move|p1a: L\u00f6wenm\u00e4hne|Bulldoze|p2a: Vulpix\n|-supereffective|p2a: Vulpix\n|-damage|p2a: Vulpix|22\/100\n|-unboost|p2a: Vulpix|spe|1\n|move|p2a: Vulpix|Encore|p1a: L\u00f6wenm\u00e4hne\n|-start|p1a: L\u00f6wenm\u00e4hne|Encore\n|\n|-weather|SunnyDay|[upkeep]\n|upkeep\n|turn|17\n|\n|t:|1699994528\n|switch|p1a: Z\u00f6pfe|Mesprit|11\/100\n|move|p2a: Vulpix|Memento|p1a: Z\u00f6pfe\n|-unboost|p1a: Z\u00f6pfe|atk|2\n|-unboost|p1a: Z\u00f6pfe|spa|2\n|faint|p2a: Vulpix\n|\n|-weather|SunnyDay|[upkeep]\n|upkeep\n|\n|t:|1699994618\n|switch|p2a: Gyarados|Gyarados, M|100\/100\n|turn|18\n|\n|t:|1699994644\n|switch|p1a: Sturmfrisur|Annihilape, F|100\/100\n|move|p2a: Gyarados|Waterfall|p1a: Sturmfrisur\n|-damage|p1a: Sturmfrisur|81\/100\n|\n|-weather|none\n|upkeep\n|turn|19\n|\n|t:|1699994681\n|switch|p2a: Boltund|Boltund, F|95\/100 brn\n|move|p1a: Sturmfrisur|Bulk Up|p1a: Sturmfrisur\n|-boost|p1a: Sturmfrisur|atk|1\n|-boost|p1a: Sturmfrisur|def|1\n|\n|-damage|p2a: Boltund|89\/100 brn|[from] brn\n|-sideend|p2: KEV - Phine|Reflect\n|upkeep\n|turn|20\n|\n|t:|1699994761\n|move|p2a: Boltund|Psychic Fangs|p1a: Sturmfrisur\n|-supereffective|p1a: Sturmfrisur\n|-damage|p1a: Sturmfrisur|53\/100\n|move|p1a: Sturmfrisur|Drain Punch|p2a: Boltund\n|-damage|p2a: Boltund|16\/100 brn\n|-heal|p1a: Sturmfrisur|78\/100|[from] drain|[of] p2a: Boltund\n|\n|-damage|p2a: Boltund|10\/100 brn|[from] brn\n|upkeep\n|turn|21\n|\n|t:|1699994786\n|switch|p1a: Z\u00f6pfe|Mesprit|11\/100\n|move|p2a: Boltund|Psychic Fangs|p1a: Z\u00f6pfe\n|-resisted|p1a: Z\u00f6pfe\n|-damage|p1a: Z\u00f6pfe|5\/100\n|\n|-damage|p2a: Boltund|4\/100 brn|[from] brn\n|upkeep\n|turn|22\n|\n|t:|1699994938\n|move|p2a: Boltund|Thunder Fang|p1a: Z\u00f6pfe\n|-crit|p1a: Z\u00f6pfe\n|-damage|p1a: Z\u00f6pfe|0 fnt\n|faint|p1a: Z\u00f6pfe\n|\n|-damage|p2a: Boltund|0 fnt|[from] brn\n|faint|p2a: Boltund\n|upkeep\n|\n|t:|1699994960\n|switch|p2a: Flutter Mane|Flutter Mane|100\/100\n|switch|p1a: L\u00f6wenm\u00e4hne|Arcanine, F|100\/100\n|-ability|p1a: L\u00f6wenm\u00e4hne|Intimidate|boost\n|-unboost|p2a: Flutter Mane|atk|1\n|-enditem|p2a: Flutter Mane|Booster Energy\n|-activate|p2a: Flutter Mane|ability: Protosynthesis|[fromitem]\n|-start|p2a: Flutter Mane|protosynthesisspe\n|turn|23\n|\n|t:|1699994972\n|move|p2a: Flutter Mane|Power Gem|p1a: L\u00f6wenm\u00e4hne\n|-supereffective|p1a: L\u00f6wenm\u00e4hne\n|-damage|p1a: L\u00f6wenm\u00e4hne|59\/100\n|move|p1a: L\u00f6wenm\u00e4hne|Bulldoze|p2a: Flutter Mane\n|-damage|p2a: Flutter Mane|67\/100\n|-unboost|p2a: Flutter Mane|spe|1\n|\n|upkeep\n|turn|24\n|\n|t:|1699995007\n|-end|p2a: Flutter Mane|Protosynthesis|[silent]\n|switch|p2a: Gyarados|Gyarados, M|100\/100\n|move|p1a: L\u00f6wenm\u00e4hne|Flare Blitz|p2a: Gyarados\n|-resisted|p2a: Gyarados\n|-damage|p2a: Gyarados|75\/100\n|-damage|p1a: L\u00f6wenm\u00e4hne|51\/100|[from] Recoil\n|\n|upkeep\n|turn|25\n|\n|t:|1699995019\n|switch|p1a: Sturmfrisur|Annihilape, F|78\/100\n|move|p2a: Gyarados|Waterfall|p1a: Sturmfrisur\n|-damage|p1a: Sturmfrisur|38\/100\n|\n|upkeep\n|turn|26\n|\n|t:|1699995259\n|move|p1a: Sturmfrisur|Rage Fist|p2a: Gyarados\n|-damage|p2a: Gyarados|0 fnt\n|faint|p2a: Gyarados\n|\n|upkeep\n|\n|t:|1699995266\n|switch|p2a: Flutter Mane|Flutter Mane|67\/100\n|turn|27\n|c|\u2606KEV - Phine|well my gamble lost, fuck me dead\n|c|\u2606Fetch'd Jr.|was my safest  bet\n|c|\u2606Fetch'd Jr.|tell you after why\n|c|\u2606KEV - Phine|I know why lmao\n|\n|t:|1699995304\n|move|p2a: Flutter Mane|Moonblast|p1a: Sturmfrisur\n|-supereffective|p1a: Sturmfrisur\n|-damage|p1a: Sturmfrisur|0 fnt\n|faint|p1a: Sturmfrisur\n|\n|upkeep\n|\n|t:|1699995309\n|switch|p1a: L\u00f6wenm\u00e4hne|Arcanine, F|100\/100\n|turn|28\n|\n|t:|1699995323\n|move|p1a: L\u00f6wenm\u00e4hne|Shadow Ball|p2a: Flutter Mane\n|-supereffective|p2a: Flutter Mane\n|-damage|p2a: Flutter Mane|0 fnt\n|faint|p2a: Flutter Mane\n|-end|p2a: Flutter Mane|Protosynthesis|[silent]\n|\n|win|Fetch'd Jr.\n|l| Karzon\n|c|\u2606Fetch'd Jr.|gg ig\n|l| ShaymanAbyss\n|c|\u2606KEV - Phine|gg\n","uploadtime":1699995362,"views":68,"p1id":"fetchdjr","p2id":"kevphine","formatid":"gen9nationaldexubers","rating":0,"private":0,"password":""}