{"id":"gen9nationaldexubers-1983432031","p1":"benleolee","p2":"MommyMikuNakano","format":"[Gen 9] National Dex Ubers","log":"|j|\u2606benleolee\n|j|\u2606MommyMikuNakano\n|t:|1699129507\n|gametype|singles\n|player|p1|benleolee|hilbert-wonderlauncher|1534\n|player|p2|MommyMikuNakano|erika-gen1|1818\n|teamsize|p1|6\n|teamsize|p2|6\n|gen|9\n|tier|[Gen 9] National Dex Ubers\n|rated|\n|rule|HP Percentage Mod: HP is shown in percentages\n|rule|Endless Battle Clause: Forcing endless battles is banned\n|rule|OHKO Clause: OHKO moves are banned\n|rule|Evasion Moves Clause: Evasion moves are banned\n|rule|Evasion Items Clause: Evasion items are banned\n|rule|Species Clause: Limit one of each Pok\u00e9mon\n|rule|Sleep Clause Mod: Limit one foe put to sleep\n|rule|Mega Rayquaza Clause: You cannot mega evolve Rayquaza\n|clearpoke\n|poke|p1|Arceus|\n|poke|p1|Kyogre|\n|poke|p1|Yveltal|\n|poke|p1|Zacian-*|\n|poke|p1|Necrozma-Dusk-Mane|\n|poke|p1|Xerneas-*|\n|poke|p2|Zygarde|\n|poke|p2|Magearna|\n|poke|p2|Ditto|\n|poke|p2|Rayquaza|\n|poke|p2|Arceus-Water|\n|poke|p2|Necrozma-Dusk-Mane|\n|teampreview\n|inactive|Battle timer is ON: inactive players will automatically lose when time's up. (requested by benleolee)\n|inactive|MommyMikuNakano also wants the timer to be on.\n|\n|t:|1699129527\n|start\n|switch|p1a: Necrozma|Necrozma-Dusk-Mane|100\/100\n|switch|p2a: Rayquaza|Rayquaza|100\/100\n|-ability|p2a: Rayquaza|Air Lock\n|turn|1\n|\n|t:|1699129533\n|move|p2a: Rayquaza|Dragon Dance|p2a: Rayquaza\n|-boost|p2a: Rayquaza|atk|1\n|-boost|p2a: Rayquaza|spe|1\n|move|p1a: Necrozma|Toxic|p2a: Rayquaza\n|-status|p2a: Rayquaza|tox\n|\n|-damage|p2a: Rayquaza|95\/100 tox|[from] psn\n|upkeep\n|turn|2\n|\n|t:|1699129541\n|move|p2a: Rayquaza|Earthquake|p1a: Necrozma\n|-supereffective|p1a: Necrozma\n|-damage|p1a: Necrozma|45\/100\n|move|p1a: Necrozma|Sunsteel Strike|p2a: Rayquaza\n|-damage|p2a: Rayquaza|36\/100 tox\n|\n|-heal|p1a: Necrozma|51\/100|[from] item: Leftovers\n|-damage|p2a: Rayquaza|24\/100 tox|[from] psn\n|upkeep\n|turn|3\n|\n|t:|1699129548\n|move|p1a: Necrozma|Protect|p1a: Necrozma\n|-singleturn|p1a: Necrozma|Protect\n|move|p2a: Rayquaza|Earthquake|p1a: Necrozma\n|-activate|p1a: Necrozma|move: Protect\n|\n|-heal|p1a: Necrozma|57\/100|[from] item: Leftovers\n|-damage|p2a: Rayquaza|6\/100 tox|[from] psn\n|upkeep\n|turn|4\n|\n|t:|1699129553\n|switch|p1a: Yveltal|Yveltal|100\/100\n|-ability|p1a: Yveltal|Dark Aura\n|move|p2a: Rayquaza|Earthquake|p1a: Yveltal\n|-immune|p1a: Yveltal\n|\n|-damage|p2a: Rayquaza|0 fnt|[from] psn\n|faint|p2a: Rayquaza\n|upkeep\n|\n|t:|1699129561\n|switch|p2a: Magearna|Magearna|100\/100\n|turn|5\n|\n|t:|1699129569\n|switch|p1a: Arceus|Arceus|100\/100\n|move|p2a: Magearna|Fleur Cannon|p1a: Arceus\n|-damage|p1a: Arceus|62\/100\n|-unboost|p2a: Magearna|spa|2\n|\n|upkeep\n|turn|6\n|\n|t:|1699129578\n|switch|p2a: Arceus|Arceus-Water|100\/100\n|move|p1a: Arceus|Recover|p1a: Arceus\n|-heal|p1a: Arceus|100\/100\n|\n|upkeep\n|turn|7\n|\n|t:|1699129587\n|move|p2a: Arceus|Toxic|p1a: Arceus\n|-status|p1a: Arceus|tox\n|move|p1a: Arceus|Swords Dance|p1a: Arceus\n|-boost|p1a: Arceus|atk|2\n|\n|-damage|p1a: Arceus|94\/100 tox|[from] psn\n|upkeep\n|turn|8\n|\n|t:|1699129601\n|move|p1a: Arceus|Extreme Speed|p2a: Arceus\n|-damage|p2a: Arceus|30\/100\n|-damage|p1a: Arceus|84\/100 tox|[from] item: Life Orb\n|move|p2a: Arceus|Recover|p2a: Arceus\n|-heal|p2a: Arceus|80\/100\n|\n|-damage|p1a: Arceus|72\/100 tox|[from] psn\n|upkeep\n|turn|9\n|\n|t:|1699129612\n|-terastallize|p1a: Arceus|Normal\n|move|p1a: Arceus|Extreme Speed|p2a: Arceus\n|-damage|p2a: Arceus|0 fnt\n|faint|p2a: Arceus\n|-damage|p1a: Arceus|62\/100 tox|[from] item: Life Orb\n|\n|-damage|p1a: Arceus|44\/100 tox|[from] psn\n|upkeep\n|\n|t:|1699129615\n|switch|p2a: Ditto|Ditto, shiny|100\/100\n|-transform|p2a: Ditto|p1a: Arceus|[from] ability: Imposter\n|turn|10\n|\n|t:|1699129619\n|move|p2a: Ditto|Extreme Speed|p1a: Arceus\n|-damage|p1a: Arceus|0 fnt\n|faint|p1a: Arceus\n|\n|upkeep\n|\n|t:|1699129646\n|switch|p1a: Zacian|Zacian-Crowned|100\/100\n|-ability|p1a: Zacian|Intrepid Sword|boost\n|-boost|p1a: Zacian|atk|1\n|turn|11\n|\n|t:|1699129655\n|switch|p2a: Necrozma|Necrozma-Dusk-Mane|100\/100\n|move|p1a: Zacian|Behemoth Blade|p2a: Necrozma\n|-resisted|p2a: Necrozma\n|-damage|p2a: Necrozma|67\/100\n|\n|upkeep\n|turn|12\n|\n|t:|1699129664\n|switch|p1a: Yveltal|Yveltal|100\/100\n|-ability|p1a: Yveltal|Dark Aura\n|detailschange|p2a: Necrozma|Necrozma-Ultra\n|-burst|p2a: Necrozma|Necrozma|Ultranecrozium Z\n|move|p2a: Necrozma|Earth Power|p1a: Yveltal\n|-immune|p1a: Yveltal\n|\n|upkeep\n|turn|13\n|\n|t:|1699129668\n|switch|p2a: Magearna|Magearna|100\/100\n|move|p1a: Yveltal|Foul Play|p2a: Magearna\n|-resisted|p2a: Magearna\n|-damage|p2a: Magearna|88\/100\n|\n|upkeep\n|turn|14\n|\n|t:|1699129690\n|switch|p1a: Xerneas|Xerneas|100\/100\n|-ability|p1a: Xerneas|Fairy Aura\n|switch|p2a: Necrozma|Necrozma-Ultra|67\/100\n|\n|upkeep\n|turn|15\n|\n|t:|1699129695\n|switch|p2a: Magearna|Magearna|88\/100\n|move|p1a: Xerneas|Moonblast|p2a: Magearna\n|-resisted|p2a: Magearna\n|-crit|p2a: Magearna\n|-damage|p2a: Magearna|55\/100\n|-unboost|p2a: Magearna|spa|1\n|\n|upkeep\n|turn|16\n|\n|t:|1699129700\n|move|p1a: Xerneas|Thunder|p2a: Magearna\n|-damage|p2a: Magearna|31\/100\n|move|p2a: Magearna|Pain Split|p1a: Xerneas\n|-sethp|p1a: Xerneas|65\/100|[from] move: Pain Split|[silent]\n|-sethp|p2a: Magearna|70\/100|[from] move: Pain Split\n|\n|upkeep\n|turn|17\n|\n|t:|1699129705\n|move|p1a: Xerneas|Moonblast|p2a: Magearna\n|-resisted|p2a: Magearna\n|-damage|p2a: Magearna|48\/100\n|-unboost|p2a: Magearna|spa|1\n|move|p2a: Magearna|Heart Swap|p1a: Xerneas\n|-swapboost|p2a: Magearna|p1a: Xerneas|[from] move: Heart Swap\n|\n|upkeep\n|turn|18\n|\n|t:|1699129720\n|switch|p1a: Necrozma|Necrozma-Dusk-Mane|57\/100\n|move|p2a: Magearna|Pain Split|p1a: Necrozma\n|-sethp|p1a: Necrozma|51\/100|[from] move: Pain Split|[silent]\n|-sethp|p2a: Magearna|55\/100|[from] move: Pain Split\n|\n|-heal|p1a: Necrozma|57\/100|[from] item: Leftovers\n|upkeep\n|turn|19\n|\n|t:|1699129727\n|switch|p2a: Ditto|Ditto, shiny|100\/100\n|-transform|p2a: Ditto|p1a: Necrozma|[from] ability: Imposter\n|move|p1a: Necrozma|Morning Sun|p1a: Necrozma\n|-heal|p1a: Necrozma|100\/100\n|\n|upkeep\n|turn|20\n|\n|t:|1699129736\n|switch|p2a: Necrozma|Necrozma-Ultra|67\/100\n|move|p1a: Necrozma|Sunsteel Strike|p2a: Necrozma\n|-crit|p2a: Necrozma\n|-damage|p2a: Necrozma|0 fnt\n|faint|p2a: Necrozma\n|\n|upkeep\n|\n|t:|1699129741\n|switch|p2a: Zygarde|Zygarde, shiny|100\/100\n|turn|21\n|\n|t:|1699129747\n|move|p2a: Zygarde|Substitute|p2a: Zygarde\n|-start|p2a: Zygarde|Substitute\n|-damage|p2a: Zygarde|76\/100\n|move|p1a: Necrozma|Toxic||[still]\n|-fail|p1a: Necrozma\n|\n|-heal|p2a: Zygarde|82\/100|[from] item: Leftovers\n|upkeep\n|turn|22\n|\n|t:|1699129750\n|move|p2a: Zygarde|Dragon Dance|p2a: Zygarde\n|-boost|p2a: Zygarde|atk|1\n|-boost|p2a: Zygarde|spe|1\n|move|p1a: Necrozma|Sunsteel Strike|p2a: Zygarde\n|-end|p2a: Zygarde|Substitute\n|\n|-heal|p2a: Zygarde|88\/100|[from] item: Leftovers\n|upkeep\n|turn|23\n|\n|t:|1699129754\n|move|p2a: Zygarde|Substitute|p2a: Zygarde\n|-start|p2a: Zygarde|Substitute\n|-damage|p2a: Zygarde|63\/100\n|move|p1a: Necrozma|Sunsteel Strike|p2a: Zygarde\n|-end|p2a: Zygarde|Substitute\n|\n|-heal|p2a: Zygarde|69\/100|[from] item: Leftovers\n|upkeep\n|turn|24\n|\n|t:|1699129757\n|move|p2a: Zygarde|Substitute|p2a: Zygarde\n|-start|p2a: Zygarde|Substitute\n|-damage|p2a: Zygarde|44\/100\n|move|p1a: Necrozma|Sunsteel Strike|p2a: Zygarde\n|-end|p2a: Zygarde|Substitute\n|\n|-heal|p2a: Zygarde|50\/100|[from] item: Leftovers\n|-activate|p2a: Zygarde|ability: Power Construct\n|detailschange|p2a: Zygarde|Zygarde-Complete, shiny\n|-heal|p2a: Zygarde|69\/100|[silent]\n|upkeep\n|turn|25\n|\n|t:|1699129765\n|move|p2a: Zygarde|Substitute|p2a: Zygarde\n|-start|p2a: Zygarde|Substitute\n|-damage|p2a: Zygarde|44\/100\n|move|p1a: Necrozma|Toxic||[still]\n|-fail|p1a: Necrozma\n|\n|-heal|p2a: Zygarde|50\/100|[from] item: Leftovers\n|upkeep\n|turn|26\n|\n|t:|1699129774\n|move|p2a: Zygarde|Thousand Arrows|p1a: Necrozma\n|-supereffective|p1a: Necrozma\n|-crit|p1a: Necrozma\n|-damage|p1a: Necrozma|25\/100\n|move|p1a: Necrozma|Sunsteel Strike|p2a: Zygarde\n|-end|p2a: Zygarde|Substitute\n|\n|-heal|p2a: Zygarde|57\/100|[from] item: Leftovers\n|-heal|p1a: Necrozma|31\/100|[from] item: Leftovers\n|upkeep\n|turn|27\n|\n|t:|1699129780\n|move|p2a: Zygarde|Dragon Dance|p2a: Zygarde\n|-boost|p2a: Zygarde|atk|1\n|-boost|p2a: Zygarde|spe|1\n|move|p1a: Necrozma|Sunsteel Strike|p2a: Zygarde\n|-damage|p2a: Zygarde|29\/100\n|\n|-heal|p2a: Zygarde|35\/100|[from] item: Leftovers\n|-heal|p1a: Necrozma|38\/100|[from] item: Leftovers\n|upkeep\n|turn|28\n|\n|t:|1699129783\n|move|p2a: Zygarde|Thousand Arrows|p1a: Necrozma\n|-supereffective|p1a: Necrozma\n|-damage|p1a: Necrozma|0 fnt\n|faint|p1a: Necrozma\n|\n|-heal|p2a: Zygarde|41\/100|[from] item: Leftovers\n|upkeep\n|\n|t:|1699129790\n|switch|p1a: Yveltal|Yveltal|100\/100\n|-ability|p1a: Yveltal|Dark Aura\n|turn|29\n|\n|t:|1699129812\n|switch|p2a: Magearna|Magearna|55\/100\n|move|p1a: Yveltal|Foul Play|p2a: Magearna\n|-resisted|p2a: Magearna\n|-damage|p2a: Magearna|41\/100\n|\n|upkeep\n|turn|30\n|\n|t:|1699129827\n|switch|p1a: Kyogre|Kyogre|100\/100\n|detailschange|p1a: Kyogre|Kyogre-Primal\n|-primal|p1a: Kyogre|Blue Orb\n|-weather|PrimordialSea|[from] ability: Primordial Sea|[of] p1a: Kyogre\n|move|p2a: Magearna|Pain Split|p1a: Kyogre\n|-sethp|p1a: Kyogre|72\/100|[from] move: Pain Split|[silent]\n|-sethp|p2a: Magearna|68\/100|[from] move: Pain Split\n|\n|-weather|PrimordialSea|[upkeep]\n|upkeep\n|turn|31\n|\n|t:|1699129839\n|switch|p2a: Ditto|Ditto, shiny|100\/100\n|-transform|p2a: Ditto|p1a: Kyogre|[from] ability: Imposter\n|move|p1a: Kyogre|Water Spout|p2a: Ditto\n|-resisted|p2a: Ditto\n|-damage|p2a: Ditto|60\/100\n|\n|-weather|PrimordialSea|[upkeep]\n|upkeep\n|turn|32\n|\n|t:|1699129850\n|move|p2a: Ditto|Origin Pulse|p1a: Kyogre|[miss]\n|-miss|p2a: Ditto|p1a: Kyogre\n|move|p1a: Kyogre|Water Spout|p2a: Ditto\n|-resisted|p2a: Ditto\n|-damage|p2a: Ditto|17\/100\n|\n|-weather|PrimordialSea|[upkeep]\n|upkeep\n|turn|33\n|\n|t:|1699129853\n|move|p2a: Ditto|Origin Pulse|p1a: Kyogre\n|-resisted|p1a: Kyogre\n|-damage|p1a: Kyogre|36\/100\n|move|p1a: Kyogre|Origin Pulse|p2a: Ditto\n|-resisted|p2a: Ditto\n|-damage|p2a: Ditto|0 fnt\n|faint|p2a: Ditto\n|\n|-weather|PrimordialSea|[upkeep]\n|upkeep\n|\n|t:|1699129865\n|switch|p2a: Zygarde|Zygarde-Complete, shiny|41\/100\n|turn|34\n|\n|t:|1699129876\n|-terastallize|p2a: Zygarde|Normal\n|move|p2a: Zygarde|Extreme Speed|p1a: Kyogre\n|-damage|p1a: Kyogre|0 fnt\n|faint|p1a: Kyogre\n|-weather|none\n|\n|-heal|p2a: Zygarde|47\/100|[from] item: Leftovers\n|upkeep\n|\n|t:|1699129887\n|switch|p1a: Zacian|Zacian-Crowned|100\/100\n|turn|35\n|\n|t:|1699129897\n|move|p1a: Zacian|Behemoth Blade|p2a: Zygarde\n|-damage|p2a: Zygarde|18\/100\n|move|p2a: Zygarde|Dragon Dance|p2a: Zygarde\n|-boost|p2a: Zygarde|atk|1\n|-boost|p2a: Zygarde|spe|1\n|\n|-heal|p2a: Zygarde|25\/100|[from] item: Leftovers\n|upkeep\n|turn|36\n|\n|t:|1699129902\n|move|p2a: Zygarde|Thousand Arrows|p1a: Zacian\n|-supereffective|p1a: Zacian\n|-damage|p1a: Zacian|0 fnt\n|faint|p1a: Zacian\n|\n|-heal|p2a: Zygarde|31\/100|[from] item: Leftovers\n|upkeep\n|\n|t:|1699129908\n|switch|p1a: Yveltal|Yveltal|100\/100\n|-ability|p1a: Yveltal|Dark Aura\n|turn|37\n|\n|t:|1699129919\n|switch|p2a: Magearna|Magearna|68\/100\n|move|p1a: Yveltal|Foul Play|p2a: Magearna\n|-resisted|p2a: Magearna\n|-crit|p2a: Magearna\n|-damage|p2a: Magearna|48\/100\n|\n|upkeep\n|turn|38\n|\n|t:|1699129923\n|move|p1a: Yveltal|Foul Play|p2a: Magearna\n|-resisted|p2a: Magearna\n|-damage|p2a: Magearna|34\/100\n|move|p2a: Magearna|Pain Split|p1a: Yveltal\n|-sethp|p1a: Yveltal|64\/100|[from] move: Pain Split|[silent]\n|-sethp|p2a: Magearna|80\/100|[from] move: Pain Split\n|\n|upkeep\n|turn|39\n|\n|t:|1699129947\n|move|p1a: Yveltal|Roost|p1a: Yveltal\n|-heal|p1a: Yveltal|100\/100\n|-singleturn|p1a: Yveltal|move: Roost\n|move|p2a: Magearna|Fleur Cannon|p1a: Yveltal\n|-supereffective|p1a: Yveltal\n|-damage|p1a: Yveltal|18\/100\n|-unboost|p2a: Magearna|spa|2\n|\n|upkeep\n|turn|40\n|\n|t:|1699129952\n|switch|p1a: Xerneas|Xerneas|65\/100\n|-ability|p1a: Xerneas|Fairy Aura\n|move|p2a: Magearna|Fleur Cannon|p1a: Xerneas|[miss]\n|-miss|p2a: Magearna|p1a: Xerneas\n|\n|upkeep\n|turn|41\n|\n|t:|1699129955\n|move|p1a: Xerneas|Geomancy||[still]\n|-prepare|p1a: Xerneas|Geomancy\n|-enditem|p1a: Xerneas|Power Herb\n|-anim|p1a: Xerneas|Geomancy|p1a: Xerneas\n|-boost|p1a: Xerneas|spa|2\n|-boost|p1a: Xerneas|spd|2\n|-boost|p1a: Xerneas|spe|2\n|move|p2a: Magearna|Heart Swap|p1a: Xerneas\n|-swapboost|p2a: Magearna|p1a: Xerneas|[from] move: Heart Swap\n|\n|upkeep\n|turn|42\n|\n|t:|1699129960\n|move|p2a: Magearna|Fleur Cannon|p1a: Xerneas\n|-damage|p1a: Xerneas|0 fnt\n|-unboost|p2a: Magearna|spa|2\n|faint|p1a: Xerneas\n|-ability|p2a: Magearna|Soul-Heart|boost\n|-boost|p2a: Magearna|spa|1\n|\n|upkeep\n|\n|t:|1699129961\n|switch|p1a: Yveltal|Yveltal|18\/100\n|-ability|p1a: Yveltal|Dark Aura\n|turn|43\n|-message|benleolee forfeited.\n|\n|win|MommyMikuNakano\n|raw|benleolee's rating: 1534 &rarr; <strong>1527<\/strong><br \/>(-7 for losing)\n|raw|MommyMikuNakano's rating: 1818 &rarr; <strong>1825<\/strong><br \/>(+7 for winning)\n|l|\u2606benleolee\n","uploadtime":1699129972,"views":9,"p1id":"benleolee","p2id":"mommymikunakano","formatid":"gen9nationaldexubers","rating":1527,"private":0,"password":""}