{"id":"gen9nationaldexubers-1992592706","p1":"bluebim","p2":"puddingss","format":"[Gen 9] National Dex Ubers","log":"|j|\u2606bluebim\n|j|\u2606puddingss\n|t:|1700211436\n|gametype|singles\n|player|p1|bluebim|169|1444\n|player|p2|puddingss|steven|1376\n|teamsize|p1|6\n|teamsize|p2|6\n|gen|9\n|tier|[Gen 9] National Dex Ubers\n|rated|\n|rule|HP Percentage Mod: HP is shown in percentages\n|rule|Endless Battle Clause: Forcing endless battles is banned\n|rule|OHKO Clause: OHKO moves are banned\n|rule|Evasion Moves Clause: Evasion moves are banned\n|rule|Evasion Items Clause: Evasion items are banned\n|rule|Species Clause: Limit one of each Pok\u00e9mon\n|rule|Sleep Clause Mod: Limit one foe put to sleep\n|rule|Mega Rayquaza Clause: You cannot mega evolve Rayquaza\n|clearpoke\n|poke|p1|Xerneas-*|\n|poke|p1|Kyogre|\n|poke|p1|Lunala|\n|poke|p1|Groudon|\n|poke|p1|Grimmsnarl, M|\n|poke|p1|Eternatus|\n|poke|p2|Cresselia, F|\n|poke|p2|Hatterene, F|\n|poke|p2|Arceus|\n|poke|p2|Calyrex-Ice|\n|poke|p2|Ursaluna-Bloodmoon, M|\n|poke|p2|Rayquaza|\n|teampreview\n|inactive|Battle timer is ON: inactive players will automatically lose when time's up. (requested by puddingss)\n|c|\u2606bluebim|oh hell no\n|\n|t:|1700211450\n|start\n|switch|p1a: Groudon|Groudon|100\/100\n|switch|p2a: Rayquaza|Rayquaza|100\/100\n|-ability|p2a: Rayquaza|Air Lock\n|detailschange|p1a: Groudon|Groudon-Primal\n|-primal|p1a: Groudon|Red Orb\n|-weather|DesolateLand|[from] ability: Desolate Land|[of] p1a: Groudon\n|turn|1\n|c|\u2606puddingss|hello\n|c|\u2606bluebim|I lose to trick room\n|c|\u2606bluebim|gg\n|\n|t:|1700211469\n|move|p2a: Rayquaza|Stealth Rock|p1a: Groudon\n|-sidestart|p1: bluebim|move: Stealth Rock\n|move|p1a: Groudon|Rock Tomb|p2a: Rayquaza\n|-supereffective|p2a: Rayquaza\n|-damage|p2a: Rayquaza|36\/100\n|-unboost|p2a: Rayquaza|spe|1\n|\n|-weather|DesolateLand|[upkeep]\n|upkeep\n|turn|2\n|\n|t:|1700211475\n|-weather|none\n|switch|p1a: Grimmsnarl|Grimmsnarl, M|100\/100\n|-damage|p1a: Grimmsnarl|88\/100|[from] Stealth Rock\n|move|p2a: Rayquaza|Earthquake|p1a: Grimmsnarl\n|-damage|p1a: Grimmsnarl|38\/100\n|\n|upkeep\n|turn|3\n|\n|t:|1700211479\n|move|p2a: Rayquaza|Dragon Ascent|p1a: Grimmsnarl\n|-damage|p1a: Grimmsnarl|0 fnt\n|-unboost|p2a: Rayquaza|def|1\n|-unboost|p2a: Rayquaza|spd|1\n|faint|p1a: Grimmsnarl\n|\n|upkeep\n|\n|t:|1700211482\n|switch|p1a: Eternatus|Eternatus|100\/100\n|-damage|p1a: Eternatus|88\/100|[from] Stealth Rock\n|-ability|p1a: Eternatus|Pressure\n|turn|4\n|\n|t:|1700211488\n|move|p1a: Eternatus|Sludge Bomb|p2a: Rayquaza\n|-damage|p2a: Rayquaza|0 fnt\n|faint|p2a: Rayquaza\n|\n|upkeep\n|\n|t:|1700211494\n|switch|p2a: Arceus|Arceus|100\/100\n|turn|5\n|inactive|bluebim has 120 seconds left.\n|\n|t:|1700211546\n|move|p1a: Eternatus|Sludge Bomb|p2a: Arceus\n|-damage|p2a: Arceus|67\/100\n|move|p2a: Arceus|Trick Room|p2a: Arceus\n|-fieldstart|move: Trick Room|[of] p2a: Arceus\n|\n|upkeep\n|turn|6\n|\n|t:|1700211558\n|switch|p1a: Lunala|Lunala|100\/100\n|move|p2a: Arceus|Healing Wish|p2a: Arceus\n|faint|p2a: Arceus\n|\n|upkeep\n|\n|t:|1700211560\n|switch|p2a: \u5de5\u5177\u4eba|Hatterene, F, shiny|100\/100\n|turn|7\n|inactive|bluebim has 120 seconds left.\n|\n|t:|1700211567\n|switch|p2a: Calyrex|Calyrex-Ice|100\/100\n|-ability|p2a: Calyrex|As One\n|-ability|p2a: Calyrex|Unnerve\n|switch|p1a: Xerneas|Xerneas|100\/100\n|-damage|p1a: Xerneas|88\/100|[from] Stealth Rock\n|-ability|p1a: Xerneas|Fairy Aura\n|\n|upkeep\n|turn|8\n|inactive|bluebim has 120 seconds left.\n|inactive|bluebim has 90 seconds left.\n|\n|t:|1700211629\n|-terastallize|p2a: Calyrex|Ice\n|move|p2a: Calyrex|Glacial Lance|p1a: Xerneas\n|-damage|p1a: Xerneas|0 fnt\n|faint|p1a: Xerneas\n|-ability|p2a: Calyrex|Chilling Neigh|boost\n|-boost|p2a: Calyrex|atk|1\n|\n|upkeep\n|\n|t:|1700211643\n|switch|p1a: Eternatus|Eternatus|88\/100\n|-damage|p1a: Eternatus|76\/100|[from] Stealth Rock\n|-ability|p1a: Eternatus|Pressure\n|turn|9\n|\n|t:|1700211651\n|-terastallize|p1a: Eternatus|Steel\n|move|p2a: Calyrex|Glacial Lance|p1a: Eternatus\n|-resisted|p1a: Eternatus\n|-damage|p1a: Eternatus|0 fnt\n|faint|p1a: Eternatus\n|-ability|p2a: Calyrex|Chilling Neigh|boost\n|-boost|p2a: Calyrex|atk|1\n|\n|-fieldend|move: Trick Room\n|upkeep\n|\n|t:|1700211655\n|switch|p1a: Kyogre|Kyogre|100\/100\n|-damage|p1a: Kyogre|88\/100|[from] Stealth Rock\n|detailschange|p1a: Kyogre|Kyogre-Primal\n|-primal|p1a: Kyogre|Blue Orb\n|-weather|PrimordialSea|[from] ability: Primordial Sea|[of] p1a: Kyogre\n|turn|10\n|\n|t:|1700211660\n|move|p1a: Kyogre|Water Spout|p2a: Calyrex\n|-damage|p2a: Calyrex|0 fnt\n|faint|p2a: Calyrex\n|\n|-weather|PrimordialSea|[upkeep]\n|upkeep\n|c|\u2606bluebim|yeah\n|\n|t:|1700211663\n|switch|p2a: \u5de5\u5177\u4eba|Hatterene, F, shiny|100\/100\n|turn|11\n|c|\u2606bluebim|this is why I don't like fighting trick room\n|c|\u2606bluebim|insane shit like this\n|\n|t:|1700211673\n|move|p1a: Kyogre|Water Spout|p2a: \u5de5\u5177\u4eba\n|-enditem|p2a: \u5de5\u5177\u4eba|Focus Sash\n|-damage|p2a: \u5de5\u5177\u4eba|1\/100\n|move|p2a: \u5de5\u5177\u4eba|Trick Room|p2a: \u5de5\u5177\u4eba\n|-fieldstart|move: Trick Room|[of] p2a: \u5de5\u5177\u4eba\n|\n|-weather|PrimordialSea|[upkeep]\n|upkeep\n|turn|12\n|\n|t:|1700211683\n|move|p2a: \u5de5\u5177\u4eba|Misty Explosion|p1a: Kyogre\n|-damage|p1a: Kyogre|57\/100\n|faint|p2a: \u5de5\u5177\u4eba\n|move|p1a: Kyogre|Calm Mind|p1a: Kyogre\n|-boost|p1a: Kyogre|spa|1\n|-boost|p1a: Kyogre|spd|1\n|\n|-weather|PrimordialSea|[upkeep]\n|upkeep\n|\n|t:|1700211687\n|switch|p2a: Ursaluna|Ursaluna-Bloodmoon, M|100\/100\n|turn|13\n|\n|t:|1700211691\n|move|p2a: Ursaluna|Blood Moon|p1a: Kyogre\n|-damage|p1a: Kyogre|20\/100\n|-damage|p2a: Ursaluna|90\/100|[from] item: Life Orb\n|move|p1a: Kyogre|Origin Pulse|p2a: Ursaluna\n|-supereffective|p2a: Ursaluna\n|-damage|p2a: Ursaluna|0 fnt\n|faint|p2a: Ursaluna\n|\n|-weather|PrimordialSea|[upkeep]\n|upkeep\n|c|\u2606bluebim|yo that's some sick ass anims\n|c|\u2606bluebim|oh wait\n|-message|puddingss forfeited.\n|\n|win|bluebim\n|raw|bluebim's rating: 1444 &rarr; <strong>1459<\/strong><br \/>(+15 for winning)\n|raw|puddingss's rating: 1363 &rarr; <strong>1348<\/strong><br \/>(-15 for losing)\n|l|\u2606puddingss\n|c|\u2606bluebim|your bloodmoon\n|l|\u2606bluebim\n","uploadtime":1700211717,"views":8,"p1id":"bluebim","p2id":"puddingss","formatid":"gen9nationaldexubers","rating":1348,"private":0,"password":""}