{"id":"gen9nationaldexubers-1985139077","p1":"Dankyul","p2":"85792195wwww","format":"[Gen 9] National Dex Ubers","log":"|j|\u2606Dankyul\n|j|\u260685792195wwww\n|t:|1699336774\n|gametype|singles\n|player|p1|Dankyul|lucas-gen4pt|1535\n|player|p2|85792195wwww|mira|1803\n|teamsize|p1|6\n|teamsize|p2|6\n|gen|9\n|tier|[Gen 9] National Dex Ubers\n|rated|\n|rule|HP Percentage Mod: HP is shown in percentages\n|rule|Endless Battle Clause: Forcing endless battles is banned\n|rule|OHKO Clause: OHKO moves are banned\n|rule|Evasion Moves Clause: Evasion moves are banned\n|rule|Evasion Items Clause: Evasion items are banned\n|rule|Species Clause: Limit one of each Pok\u00e9mon\n|rule|Sleep Clause Mod: Limit one foe put to sleep\n|rule|Mega Rayquaza Clause: You cannot mega evolve Rayquaza\n|clearpoke\n|poke|p1|Banette, F|\n|poke|p1|Glimmora, F|\n|poke|p1|Groudon|\n|poke|p1|Marshadow|\n|poke|p1|Dialga-Origin|\n|poke|p1|Xerneas-*|\n|poke|p2|Zacian-*|\n|poke|p2|Groudon|\n|poke|p2|Krookodile, F|\n|poke|p2|Blaziken, M|\n|poke|p2|Xerneas-*|\n|poke|p2|Arceus|\n|teampreview\n|inactive|Battle timer is ON: inactive players will automatically lose when time's up. (requested by Dankyul)\n|\n|t:|1699336779\n|start\n|switch|p1a: Glimmora|Glimmora, F, shiny|100\/100\n|switch|p2a: Xerneas|Xerneas|100\/100\n|-ability|p2a: Xerneas|Fairy Aura\n|turn|1\n|\n|t:|1699336788\n|move|p1a: Glimmora|Toxic|p2a: Xerneas\n|-status|p2a: Xerneas|tox\n|move|p2a: Xerneas|Geomancy||[still]\n|-prepare|p2a: Xerneas|Geomancy\n|-enditem|p2a: Xerneas|Power Herb\n|-anim|p2a: Xerneas|Geomancy|p2a: Xerneas\n|-boost|p2a: Xerneas|spa|2\n|-boost|p2a: Xerneas|spd|2\n|-boost|p2a: Xerneas|spe|2\n|\n|-damage|p2a: Xerneas|94\/100 tox|[from] psn\n|upkeep\n|turn|2\n|\n|t:|1699336799\n|move|p2a: Xerneas|Moonblast|p1a: Glimmora\n|-resisted|p1a: Glimmora\n|-damage|p1a: Glimmora|11\/100\n|-unboost|p1a: Glimmora|spa|1\n|move|p1a: Glimmora|Stealth Rock|p2a: Xerneas\n|-sidestart|p2: 85792195wwww|move: Stealth Rock\n|\n|-damage|p2a: Xerneas|82\/100 tox|[from] psn\n|upkeep\n|turn|3\n|\n|t:|1699336808\n|move|p2a: Xerneas|Moonblast|p1a: Glimmora\n|-resisted|p1a: Glimmora\n|-damage|p1a: Glimmora|0 fnt\n|faint|p1a: Glimmora\n|\n|-damage|p2a: Xerneas|64\/100 tox|[from] psn\n|upkeep\n|\n|t:|1699336816\n|switch|p1a: Dialga|Dialga-Origin, shiny|100\/100\n|-ability|p1a: Dialga|Pressure\n|turn|4\n|\n|t:|1699336821\n|move|p2a: Xerneas|Moonblast|p1a: Dialga\n|-damage|p1a: Dialga|0 fnt\n|faint|p1a: Dialga\n|\n|-damage|p2a: Xerneas|39\/100 tox|[from] psn\n|upkeep\n|\n|t:|1699336830\n|switch|p1a: Marshadow|Marshadow|100\/100\n|turn|5\n|\n|t:|1699336833\n|move|p1a: Marshadow|Shadow Sneak|p2a: Xerneas\n|-damage|p2a: Xerneas|17\/100 tox\n|move|p2a: Xerneas|Moonblast|p1a: Marshadow\n|-supereffective|p1a: Marshadow\n|-enditem|p1a: Marshadow|Focus Sash\n|-damage|p1a: Marshadow|1\/100\n|-unboost|p1a: Marshadow|spa|1\n|\n|-damage|p2a: Xerneas|0 fnt|[from] psn\n|faint|p2a: Xerneas\n|upkeep\n|\n|t:|1699336855\n|switch|p2a: Krookodile|Krookodile, F|100\/100\n|-damage|p2a: Krookodile|94\/100|[from] Stealth Rock\n|-ability|p2a: Krookodile|Intimidate|boost\n|-unboost|p1a: Marshadow|atk|1\n|turn|6\n|\n|t:|1699336866\n|switch|p2a: Blaziken|Blaziken, M|100\/100\n|-damage|p2a: Blaziken|88\/100|[from] Stealth Rock\n|move|p1a: Marshadow|Close Combat|p2a: Blaziken\n|-damage|p2a: Blaziken|24\/100\n|-unboost|p1a: Marshadow|def|1\n|-unboost|p1a: Marshadow|spd|1\n|\n|upkeep\n|turn|7\n|\n|t:|1699336878\n|detailschange|p2a: Blaziken|Blaziken-Mega, M\n|-mega|p2a: Blaziken|Blaziken|Blazikenite\n|move|p1a: Marshadow|Shadow Sneak|p2a: Blaziken\n|-damage|p2a: Blaziken|0 fnt\n|faint|p2a: Blaziken\n|\n|upkeep\n|\n|t:|1699336884\n|switch|p2a: Krookodile|Krookodile, F|94\/100\n|-damage|p2a: Krookodile|88\/100|[from] Stealth Rock\n|-ability|p2a: Krookodile|Intimidate|boost\n|-unboost|p1a: Marshadow|atk|1\n|turn|8\n|\n|t:|1699336894\n|move|p1a: Marshadow|Endeavor|p2a: Krookodile\n|-damage|p2a: Krookodile|1\/100\n|move|p2a: Krookodile|Stealth Rock|p1a: Marshadow\n|-sidestart|p1: Dankyul|move: Stealth Rock\n|\n|upkeep\n|turn|9\n|\n|t:|1699336902\n|move|p1a: Marshadow|Shadow Sneak|p2a: Krookodile\n|-resisted|p2a: Krookodile\n|-damage|p2a: Krookodile|0 fnt\n|faint|p2a: Krookodile\n|\n|upkeep\n|\n|t:|1699336907\n|switch|p2a: Zacian|Zacian-Crowned|100\/100\n|-damage|p2a: Zacian|94\/100|[from] Stealth Rock\n|-ability|p2a: Zacian|Intrepid Sword|boost\n|-boost|p2a: Zacian|atk|1\n|turn|10\n|\n|t:|1699336913\n|move|p1a: Marshadow|Shadow Sneak|p2a: Zacian\n|-damage|p2a: Zacian|80\/100\n|move|p2a: Zacian|Behemoth Blade|p1a: Marshadow\n|-damage|p1a: Marshadow|0 fnt\n|faint|p1a: Marshadow\n|\n|upkeep\n|\n|t:|1699336926\n|switch|p1a: Banette|Banette, F, shiny|100\/100\n|-damage|p1a: Banette|88\/100|[from] Stealth Rock\n|turn|11\n|\n|t:|1699336935\n|detailschange|p1a: Banette|Banette-Mega, F, shiny\n|-mega|p1a: Banette|Banette|Banettite\n|move|p1a: Banette|Destiny Bond|p1a: Banette\n|-singlemove|p1a: Banette|Destiny Bond\n|move|p2a: Zacian|Behemoth Blade|p1a: Banette\n|-damage|p1a: Banette|0 fnt\n|faint|p1a: Banette\n|-activate|p1a: Banette|move: Destiny Bond\n|faint|p2a: Zacian\n|\n|upkeep\n|\n|t:|1699336949\n|switch|p2a: Arceus|Arceus|100\/100\n|switch|p1a: Xerneas|Xerneas, shiny|100\/100\n|-damage|p2a: Arceus|88\/100|[from] Stealth Rock\n|-damage|p1a: Xerneas|88\/100|[from] Stealth Rock\n|-ability|p1a: Xerneas|Fairy Aura\n|turn|12\n|\n|t:|1699336958\n|move|p2a: Arceus|Swords Dance|p2a: Arceus\n|-boost|p2a: Arceus|atk|2\n|move|p1a: Xerneas|Defog|p2a: Arceus\n|-unboost|p2a: Arceus|evasion|1\n|-sideend|p2: 85792195wwww|Stealth Rock|[from] move: Defog|[of] p1a: Xerneas\n|-sideend|p1: Dankyul|Stealth Rock|[from] move: Defog|[of] p1a: Xerneas\n|\n|upkeep\n|turn|13\n|\n|t:|1699336968\n|move|p2a: Arceus|Taunt|p1a: Xerneas\n|-start|p1a: Xerneas|move: Taunt\n|-zpower|p1a: Xerneas\n|move|p1a: Xerneas|Twinkle Tackle|p2a: Arceus|[zeffect]\n|-damage|p2a: Arceus|25\/100\n|\n|upkeep\n|turn|14\n|\n|t:|1699336978\n|-terastallize|p2a: Arceus|Normal\n|move|p2a: Arceus|Extreme Speed|p1a: Xerneas\n|-damage|p1a: Xerneas|0 fnt\n|faint|p1a: Xerneas\n|-damage|p2a: Arceus|16\/100|[from] item: Life Orb\n|\n|upkeep\n|\n|t:|1699336984\n|switch|p1a: Groudon|Groudon, shiny|100\/100\n|detailschange|p1a: Groudon|Groudon-Primal, shiny\n|-primal|p1a: Groudon|Red Orb\n|-weather|DesolateLand|[from] ability: Desolate Land|[of] p1a: Groudon\n|turn|15\n|\n|t:|1699336991\n|move|p2a: Arceus|Earthquake|p1a: Groudon\n|-supereffective|p1a: Groudon\n|-damage|p1a: Groudon|0 fnt\n|faint|p1a: Groudon\n|-weather|none\n|-damage|p2a: Arceus|6\/100|[from] item: Life Orb\n|\n|win|85792195wwww\n|raw|Dankyul's rating: 1524 &rarr; <strong>1517<\/strong><br \/>(-7 for losing)\n|raw|85792195wwww's rating: 1803 &rarr; <strong>1810<\/strong><br \/>(+7 for winning)\n|l|\u2606Dankyul\n","uploadtime":1699336999,"views":5,"p1id":"dankyul","p2id":"85792195wwww","formatid":"gen9nationaldexubers","rating":1517,"private":0,"password":""}