{"id":"gen9nationaldexubers-1978244107","p1":"w7cky","p2":"JustMonika_CARR","format":"[Gen 9] National Dex Ubers","log":"|j|\u2606w7cky\n|j|\u2606JustMonika_CARR\n|t:|1698516451\n|gametype|singles\n|player|p1|w7cky|lucas|1302\n|player|p2|JustMonika_CARR|dawn|1409\n|teamsize|p1|6\n|teamsize|p2|6\n|gen|9\n|tier|[Gen 9] National Dex Ubers\n|rated|\n|rule|HP Percentage Mod: HP is shown in percentages\n|rule|Endless Battle Clause: Forcing endless battles is banned\n|rule|OHKO Clause: OHKO moves are banned\n|rule|Evasion Moves Clause: Evasion moves are banned\n|rule|Evasion Items Clause: Evasion items are banned\n|rule|Species Clause: Limit one of each Pok\u00e9mon\n|rule|Sleep Clause Mod: Limit one foe put to sleep\n|rule|Mega Rayquaza Clause: You cannot mega evolve Rayquaza\n|clearpoke\n|poke|p1|Ogerpon-Cornerstone, F|\n|poke|p1|Mewtwo|\n|poke|p1|Ursaluna-Bloodmoon, M|\n|poke|p1|Urshifu-*, M|\n|poke|p1|Pheromosa|\n|poke|p1|Ho-Oh|\n|poke|p2|Groudon|\n|poke|p2|Alakazam, M|\n|poke|p2|Gothitelle, F|\n|poke|p2|Deoxys-Speed|\n|poke|p2|Shuckle, M|\n|poke|p2|Durant, F|\n|teampreview\n|inactive|Battle timer is ON: inactive players will automatically lose when time's up. (requested by w7cky)\n|c|\u2606JustMonika_CARR|glhf\n|\n|t:|1698516469\n|start\n|switch|p1a: Ursaluna|Ursaluna-Bloodmoon, M|100\/100\n|switch|p2a: Groudon|Groudon, shiny|100\/100\n|detailschange|p2a: Groudon|Groudon-Primal, shiny\n|-primal|p2a: Groudon|Red Orb\n|-weather|DesolateLand|[from] ability: Desolate Land|[of] p2a: Groudon\n|turn|1\n|\n|t:|1698516477\n|move|p2a: Groudon|Heat Crash|p1a: Ursaluna\n|-damage|p1a: Ursaluna|36\/100\n|move|p1a: Ursaluna|Earth Power|p2a: Groudon\n|-supereffective|p2a: Groudon\n|-damage|p2a: Groudon|4\/100\n|\n|-weather|DesolateLand|[upkeep]\n|upkeep\n|turn|2\n|\n|t:|1698516483\n|move|p1a: Ursaluna|Vacuum Wave|p2a: Groudon\n|-damage|p2a: Groudon|0 fnt\n|faint|p2a: Groudon\n|-weather|none\n|\n|upkeep\n|\n|t:|1698516489\n|switch|p2a: Deoxys|Deoxys-Speed, shiny|100\/100\n|-ability|p2a: Deoxys|Pressure\n|turn|3\n|\n|t:|1698516496\n|move|p2a: Deoxys|Light Screen|p2a: Deoxys\n|-sidestart|p2: JustMonika_CARR|move: Light Screen\n|move|p1a: Ursaluna|Blood Moon|p2a: Deoxys\n|-damage|p2a: Deoxys|55\/100\n|\n|upkeep\n|turn|4\n|\n|t:|1698516502\n|move|p2a: Deoxys|Toxic|p1a: Ursaluna\n|-status|p1a: Ursaluna|tox\n|move|p1a: Ursaluna|Earth Power|p2a: Deoxys\n|-damage|p2a: Deoxys|23\/100\n|\n|-damage|p1a: Ursaluna|30\/100 tox|[from] psn\n|upkeep\n|turn|5\n|\n|t:|1698516510\n|move|p2a: Deoxys|Reflect|p2a: Deoxys\n|-sidestart|p2: JustMonika_CARR|Reflect\n|move|p1a: Ursaluna|Moonblast|p2a: Deoxys\n|-damage|p2a: Deoxys|3\/100\n|\n|-damage|p1a: Ursaluna|18\/100 tox|[from] psn\n|upkeep\n|turn|6\n|c|\u2606JustMonika_CARR|?\n|c|\u2606JustMonika_CARR|Why\n|\n|t:|1698516533\n|move|p1a: Ursaluna|Vacuum Wave|p2a: Deoxys\n|-resisted|p2a: Deoxys\n|-damage|p2a: Deoxys|0 fnt\n|faint|p2a: Deoxys\n|\n|-damage|p1a: Ursaluna|0 fnt|[from] psn\n|faint|p1a: Ursaluna\n|upkeep\n|\n|t:|1698516546\n|switch|p2a: Shuckle|Shuckle, M, shiny|100\/100\n|switch|p1a: Ho-Oh|Ho-Oh|100\/100\n|turn|7\n|\n|t:|1698516551\n|move|p1a: Ho-Oh|Sacred Fire|p2a: Shuckle\n|-damage|p2a: Shuckle|86\/100\n|-status|p2a: Shuckle|brn\n|move|p2a: Shuckle|Infestation|p1a: Ho-Oh\n|-resisted|p1a: Ho-Oh\n|-damage|p1a: Ho-Oh|99\/100\n|-activate|p1a: Ho-Oh|move: Infestation|[of] p2a: Shuckle\n|\n|-heal|p1a: Ho-Oh|100\/100|[from] item: Leftovers\n|-damage|p2a: Shuckle|80\/100 brn|[from] brn\n|-damage|p1a: Ho-Oh|88\/100|[from] move: Infestation|[partiallytrapped]\n|upkeep\n|turn|8\n|\n|t:|1698516561\n|move|p1a: Ho-Oh|Thunder Wave||[still]\n|-fail|p1a: Ho-Oh\n|move|p2a: Shuckle|Shell Smash|p2a: Shuckle\n|-boost|p2a: Shuckle|def|1\n|-boost|p2a: Shuckle|spd|1\n|-unboost|p2a: Shuckle|atk|2\n|-unboost|p2a: Shuckle|spa|2\n|-unboost|p2a: Shuckle|spe|2\n|\n|-heal|p1a: Ho-Oh|94\/100|[from] item: Leftovers\n|-damage|p2a: Shuckle|74\/100 brn|[from] brn\n|-damage|p1a: Ho-Oh|82\/100|[from] move: Infestation|[partiallytrapped]\n|upkeep\n|turn|9\n|c|\u2606JustMonika_CARR|?\n|\n|t:|1698516572\n|move|p1a: Ho-Oh|Thunder Wave||[still]\n|-fail|p1a: Ho-Oh\n|move|p2a: Shuckle|Shell Smash|p2a: Shuckle\n|-boost|p2a: Shuckle|def|1\n|-boost|p2a: Shuckle|spd|1\n|-unboost|p2a: Shuckle|atk|2\n|-unboost|p2a: Shuckle|spa|2\n|-unboost|p2a: Shuckle|spe|2\n|\n|-heal|p1a: Ho-Oh|88\/100|[from] item: Leftovers\n|-damage|p2a: Shuckle|68\/100 brn|[from] brn\n|-damage|p1a: Ho-Oh|75\/100|[from] move: Infestation|[partiallytrapped]\n|upkeep\n|turn|10\n|\n|t:|1698516583\n|move|p1a: Ho-Oh|Thunder Wave||[still]\n|-fail|p1a: Ho-Oh\n|move|p2a: Shuckle|Shell Smash|p2a: Shuckle\n|-boost|p2a: Shuckle|def|1\n|-boost|p2a: Shuckle|spd|1\n|-unboost|p2a: Shuckle|atk|2\n|-unboost|p2a: Shuckle|spa|2\n|-unboost|p2a: Shuckle|spe|2\n|\n|-heal|p1a: Ho-Oh|82\/100|[from] item: Leftovers\n|-damage|p2a: Shuckle|62\/100 brn|[from] brn\n|-damage|p1a: Ho-Oh|69\/100|[from] move: Infestation|[partiallytrapped]\n|-sideend|p2: JustMonika_CARR|move: Light Screen\n|upkeep\n|turn|11\n|\n|t:|1698516596\n|move|p1a: Ho-Oh|Tailwind|p1a: Ho-Oh\n|-sidestart|p1: w7cky|move: Tailwind\n|move|p2a: Shuckle|Shell Smash|p2a: Shuckle\n|-boost|p2a: Shuckle|def|1\n|-boost|p2a: Shuckle|spd|1\n|-unboost|p2a: Shuckle|atk|0\n|-unboost|p2a: Shuckle|spa|0\n|-unboost|p2a: Shuckle|spe|0\n|\n|-heal|p1a: Ho-Oh|75\/100|[from] item: Leftovers\n|-damage|p2a: Shuckle|56\/100 brn|[from] brn\n|-damage|p1a: Ho-Oh|63\/100|[from] move: Infestation|[partiallytrapped]\n|upkeep\n|turn|12\n|\n|t:|1698516610\n|move|p1a: Ho-Oh|Sacred Fire|p2a: Shuckle\n|-damage|p2a: Shuckle|52\/100 brn\n|move|p2a: Shuckle|Rest|p2a: Shuckle\n|-status|p2a: Shuckle|slp|[from] move: Rest\n|-heal|p2a: Shuckle|100\/100 slp|[silent]\n|-enditem|p2a: Shuckle|Chesto Berry|[eat]\n|-curestatus|p2a: Shuckle|slp|[msg]\n|\n|-heal|p1a: Ho-Oh|69\/100|[from] item: Leftovers\n|-end|p1a: Ho-Oh|Infestation|[partiallytrapped]\n|-sideend|p2: JustMonika_CARR|Reflect\n|upkeep\n|turn|13\n|\n|t:|1698516621\n|switch|p1a: Urshifu|Urshifu-Rapid-Strike, M|100\/100\n|move|p2a: Shuckle|Toxic|p1a: Urshifu\n|-status|p1a: Urshifu|tox\n|\n|-damage|p1a: Urshifu|94\/100 tox|[from] psn\n|upkeep\n|turn|14\n|c|\u2606JustMonika_CARR|Knew it\n|\n|t:|1698516630\n|-terastallize|p1a: Urshifu|Water\n|-terastallize|p2a: Shuckle|Electric\n|move|p1a: Urshifu|Surging Strikes|p2a: Shuckle\n|-crit|p2a: Shuckle\n|-damage|p2a: Shuckle|83\/100\n|-crit|p2a: Shuckle\n|-damage|p2a: Shuckle|66\/100\n|-crit|p2a: Shuckle\n|-damage|p2a: Shuckle|45\/100\n|-hitcount|p2a: Shuckle|3\n|move|p2a: Shuckle|Infestation|p1a: Urshifu\n|-damage|p1a: Urshifu|93\/100 tox\n|-activate|p1a: Urshifu|move: Infestation|[of] p2a: Shuckle\n|\n|-damage|p1a: Urshifu|81\/100 tox|[from] psn\n|-damage|p1a: Urshifu|69\/100 tox|[from] move: Infestation|[partiallytrapped]\n|-sideend|p1: w7cky|move: Tailwind\n|upkeep\n|turn|15\n|\n|t:|1698516645\n|move|p1a: Urshifu|Surging Strikes|p2a: Shuckle\n|-crit|p2a: Shuckle\n|-damage|p2a: Shuckle|25\/100\n|-crit|p2a: Shuckle\n|-damage|p2a: Shuckle|5\/100\n|-crit|p2a: Shuckle\n|-damage|p2a: Shuckle|0 fnt\n|faint|p2a: Shuckle\n|-hitcount|p2: Shuckle|3\n|\n|-damage|p1a: Urshifu|50\/100 tox|[from] psn\n|-end|p1a: Urshifu|Infestation|[partiallytrapped]|[silent]\n|upkeep\n|\n|t:|1698516655\n|switch|p2a: Alakazam|Alakazam, M, shiny|100\/100\n|turn|16\n|\n|t:|1698516662\n|detailschange|p2a: Alakazam|Alakazam-Mega, M, shiny\n|-mega|p2a: Alakazam|Alakazam|Alakazite\n|-ability|p2a: Alakazam|Unseen Fist|[from] ability: Trace|[of] p1a: Urshifu\n|move|p1a: Urshifu|Surging Strikes|p2a: Alakazam\n|-crit|p2a: Alakazam\n|-damage|p2a: Alakazam|42\/100\n|-crit|p2a: Alakazam\n|-damage|p2a: Alakazam|0 fnt\n|faint|p2a: Alakazam\n|-hitcount|p2: Alakazam|2\n|\n|-damage|p1a: Urshifu|26\/100 tox|[from] psn\n|upkeep\n|\n|t:|1698516672\n|switch|p2a: Durant|Durant, F, shiny|100\/100\n|turn|17\n|\n|t:|1698516683\n|switch|p1a: Ho-Oh|Ho-Oh|100\/100\n|move|p2a: Durant|Entrainment|p1a: Ho-Oh\n|-endability|p1a: Ho-Oh|Regenerator|[from] move: Entrainment\n|-ability|p1a: Ho-Oh|Truant|[from] move: Entrainment\n|\n|upkeep\n|turn|18\n|\n|t:|1698516689\n|cant|p2a: Durant|ability: Truant\n|move|p1a: Ho-Oh|Sacred Fire|p2a: Durant\n|-supereffective|p2a: Durant\n|-damage|p2a: Durant|0 fnt\n|faint|p2a: Durant\n|\n|upkeep\n|\n|t:|1698516699\n|switch|p2a: Gothitelle|Gothitelle, F, shiny|100\/100\n|turn|19\n|\n|t:|1698516712\n|cant|p1a: Ho-Oh|ability: Truant\n|move|p2a: Gothitelle|Substitute|p2a: Gothitelle\n|-start|p2a: Gothitelle|Substitute\n|-damage|p2a: Gothitelle|75\/100\n|\n|upkeep\n|turn|20\n|\n|t:|1698516733\n|move|p1a: Ho-Oh|Sacred Fire|p2a: Gothitelle|[miss]\n|-miss|p1a: Ho-Oh|p2a: Gothitelle\n|move|p2a: Gothitelle|Substitute|p2a: Gothitelle\n|-fail|p2a: Gothitelle|move: Substitute\n|\n|upkeep\n|turn|21\n|\n|t:|1698516740\n|cant|p1a: Ho-Oh|ability: Truant\n|move|p2a: Gothitelle|Substitute|p2a: Gothitelle\n|-fail|p2a: Gothitelle|move: Substitute\n|\n|upkeep\n|turn|22\n|\n|t:|1698516747\n|move|p1a: Ho-Oh|Sacred Fire|p2a: Gothitelle\n|-end|p2a: Gothitelle|Substitute\n|move|p2a: Gothitelle|Substitute|p2a: Gothitelle\n|-start|p2a: Gothitelle|Substitute\n|-damage|p2a: Gothitelle|50\/100\n|\n|upkeep\n|turn|23\n|\n|t:|1698516753\n|cant|p1a: Ho-Oh|ability: Truant\n|move|p2a: Gothitelle|Substitute|p2a: Gothitelle\n|-fail|p2a: Gothitelle|move: Substitute\n|\n|upkeep\n|turn|24\n|\n|t:|1698516759\n|move|p1a: Ho-Oh|Sacred Fire|p2a: Gothitelle\n|-end|p2a: Gothitelle|Substitute\n|move|p2a: Gothitelle|Substitute|p2a: Gothitelle\n|-start|p2a: Gothitelle|Substitute\n|-damage|p2a: Gothitelle|25\/100\n|-enditem|p2a: Gothitelle|Starf Berry|[eat]\n|-boost|p2a: Gothitelle|spd|2|[from] item: Starf Berry\n|\n|upkeep\n|turn|25\n|\n|t:|1698516768\n|cant|p1a: Ho-Oh|ability: Truant\n|move|p2a: Gothitelle|Recycle|p2a: Gothitelle\n|-item|p2a: Gothitelle|Starf Berry|[from] move: Recycle\n|-enditem|p2a: Gothitelle|Starf Berry|[eat]\n|-boost|p2a: Gothitelle|spd|2|[from] item: Starf Berry\n|\n|upkeep\n|turn|26\n|\n|t:|1698516776\n|move|p2a: Gothitelle|Protect|p2a: Gothitelle\n|-singleturn|p2a: Gothitelle|Protect\n|move|p1a: Ho-Oh|Sacred Fire|p2a: Gothitelle\n|-activate|p2a: Gothitelle|move: Protect\n|\n|upkeep\n|turn|27\n|\n|t:|1698516778\n|cant|p1a: Ho-Oh|ability: Truant\n|move|p2a: Gothitelle|Recycle|p2a: Gothitelle\n|-item|p2a: Gothitelle|Starf Berry|[from] move: Recycle\n|-enditem|p2a: Gothitelle|Starf Berry|[eat]\n|-boost|p2a: Gothitelle|atk|2|[from] item: Starf Berry\n|\n|upkeep\n|turn|28\n|\n|t:|1698516786\n|move|p2a: Gothitelle|Protect|p2a: Gothitelle\n|-singleturn|p2a: Gothitelle|Protect\n|move|p1a: Ho-Oh|Sacred Fire|p2a: Gothitelle\n|-activate|p2a: Gothitelle|move: Protect\n|\n|upkeep\n|turn|29\n|\n|t:|1698516797\n|cant|p1a: Ho-Oh|ability: Truant\n|move|p2a: Gothitelle|Recycle|p2a: Gothitelle\n|-item|p2a: Gothitelle|Starf Berry|[from] move: Recycle\n|-enditem|p2a: Gothitelle|Starf Berry|[eat]\n|-boost|p2a: Gothitelle|atk|2|[from] item: Starf Berry\n|\n|upkeep\n|turn|30\n|\n|t:|1698516810\n|move|p2a: Gothitelle|Protect|p2a: Gothitelle\n|-singleturn|p2a: Gothitelle|Protect\n|move|p1a: Ho-Oh|Thunder Wave|p2a: Gothitelle\n|-activate|p2a: Gothitelle|move: Protect\n|\n|upkeep\n|turn|31\n|\n|t:|1698516816\n|cant|p1a: Ho-Oh|ability: Truant\n|move|p2a: Gothitelle|Recycle|p2a: Gothitelle\n|-item|p2a: Gothitelle|Starf Berry|[from] move: Recycle\n|-enditem|p2a: Gothitelle|Starf Berry|[eat]\n|-boost|p2a: Gothitelle|def|2|[from] item: Starf Berry\n|\n|upkeep\n|turn|32\n|\n|t:|1698516822\n|move|p2a: Gothitelle|Protect|p2a: Gothitelle\n|-singleturn|p2a: Gothitelle|Protect\n|move|p1a: Ho-Oh|Will-O-Wisp|p2a: Gothitelle\n|-activate|p2a: Gothitelle|move: Protect\n|\n|upkeep\n|turn|33\n|\n|t:|1698516825\n|cant|p1a: Ho-Oh|ability: Truant\n|move|p2a: Gothitelle|Recycle|p2a: Gothitelle\n|-item|p2a: Gothitelle|Starf Berry|[from] move: Recycle\n|-enditem|p2a: Gothitelle|Starf Berry|[eat]\n|-boost|p2a: Gothitelle|spa|2|[from] item: Starf Berry\n|\n|upkeep\n|turn|34\n|\n|t:|1698516830\n|move|p2a: Gothitelle|Protect|p2a: Gothitelle\n|-singleturn|p2a: Gothitelle|Protect\n|move|p1a: Ho-Oh|Will-O-Wisp|p2a: Gothitelle\n|-activate|p2a: Gothitelle|move: Protect\n|\n|upkeep\n|turn|35\n|\n|t:|1698516836\n|cant|p1a: Ho-Oh|ability: Truant\n|move|p2a: Gothitelle|Recycle|p2a: Gothitelle\n|-item|p2a: Gothitelle|Starf Berry|[from] move: Recycle\n|-enditem|p2a: Gothitelle|Starf Berry|[eat]\n|-boost|p2a: Gothitelle|atk|2|[from] item: Starf Berry\n|\n|upkeep\n|turn|36\n|\n|t:|1698516850\n|move|p2a: Gothitelle|Protect|p2a: Gothitelle\n|-singleturn|p2a: Gothitelle|Protect\n|move|p1a: Ho-Oh|Tailwind|p1a: Ho-Oh\n|-sidestart|p1: w7cky|move: Tailwind\n|\n|upkeep\n|turn|37\n|\n|t:|1698516861\n|cant|p1a: Ho-Oh|ability: Truant\n|move|p2a: Gothitelle|Recycle|p2a: Gothitelle\n|-item|p2a: Gothitelle|Starf Berry|[from] move: Recycle\n|-enditem|p2a: Gothitelle|Starf Berry|[eat]\n|-boost|p2a: Gothitelle|spd|2|[from] item: Starf Berry\n|\n|upkeep\n|turn|38\n|\n|t:|1698516874\n|move|p2a: Gothitelle|Protect|p2a: Gothitelle\n|-singleturn|p2a: Gothitelle|Protect\n|move|p1a: Ho-Oh|Thunder Wave|p2a: Gothitelle\n|-activate|p2a: Gothitelle|move: Protect\n|\n|upkeep\n|turn|39\n|\n|t:|1698516880\n|cant|p1a: Ho-Oh|ability: Truant\n|move|p2a: Gothitelle|Recycle|p2a: Gothitelle\n|-item|p2a: Gothitelle|Starf Berry|[from] move: Recycle\n|-enditem|p2a: Gothitelle|Starf Berry|[eat]\n|-boost|p2a: Gothitelle|spa|2|[from] item: Starf Berry\n|\n|-sideend|p1: w7cky|move: Tailwind\n|upkeep\n|turn|40\n|\n|t:|1698516888\n|move|p2a: Gothitelle|Protect|p2a: Gothitelle\n|-singleturn|p2a: Gothitelle|Protect\n|move|p1a: Ho-Oh|Tailwind|p1a: Ho-Oh\n|-sidestart|p1: w7cky|move: Tailwind\n|\n|upkeep\n|turn|41\n|\n|t:|1698516899\n|cant|p1a: Ho-Oh|ability: Truant\n|move|p2a: Gothitelle|Recycle|p2a: Gothitelle\n|-item|p2a: Gothitelle|Starf Berry|[from] move: Recycle\n|-enditem|p2a: Gothitelle|Starf Berry|[eat]\n|-boost|p2a: Gothitelle|spe|2|[from] item: Starf Berry\n|\n|upkeep\n|turn|42\n|\n|t:|1698516907\n|move|p2a: Gothitelle|Protect|p2a: Gothitelle\n|-singleturn|p2a: Gothitelle|Protect\n|move|p1a: Ho-Oh|Tailwind||[still]\n|-fail|p1a: Ho-Oh\n|\n|upkeep\n|turn|43\n|\n|t:|1698516920\n|cant|p1a: Ho-Oh|ability: Truant\n|move|p2a: Gothitelle|Recycle|p2a: Gothitelle\n|-item|p2a: Gothitelle|Starf Berry|[from] move: Recycle\n|-enditem|p2a: Gothitelle|Starf Berry|[eat]\n|-boost|p2a: Gothitelle|spa|2|[from] item: Starf Berry\n|\n|-sideend|p1: w7cky|move: Tailwind\n|upkeep\n|turn|44\n|\n|t:|1698516927\n|move|p2a: Gothitelle|Protect|p2a: Gothitelle\n|-singleturn|p2a: Gothitelle|Protect\n|move|p1a: Ho-Oh|Tailwind|p1a: Ho-Oh\n|-sidestart|p1: w7cky|move: Tailwind\n|\n|upkeep\n|turn|45\n|\n|t:|1698516935\n|cant|p1a: Ho-Oh|ability: Truant\n|move|p2a: Gothitelle|Recycle|p2a: Gothitelle\n|-item|p2a: Gothitelle|Starf Berry|[from] move: Recycle\n|-enditem|p2a: Gothitelle|Starf Berry|[eat]\n|-boost|p2a: Gothitelle|def|2|[from] item: Starf Berry\n|\n|upkeep\n|turn|46\n|\n|t:|1698516942\n|move|p2a: Gothitelle|Protect|p2a: Gothitelle\n|-singleturn|p2a: Gothitelle|Protect\n|move|p1a: Ho-Oh|Tailwind||[still]\n|-fail|p1a: Ho-Oh\n|\n|upkeep\n|turn|47\n|\n|t:|1698516947\n|cant|p1a: Ho-Oh|ability: Truant\n|move|p2a: Gothitelle|Recycle|p2a: Gothitelle\n|-item|p2a: Gothitelle|Starf Berry|[from] move: Recycle\n|-enditem|p2a: Gothitelle|Starf Berry|[eat]\n|-boost|p2a: Gothitelle|spe|2|[from] item: Starf Berry\n|\n|-sideend|p1: w7cky|move: Tailwind\n|upkeep\n|turn|48\n|\n|t:|1698516955\n|move|p2a: Gothitelle|Recycle|p2a: Gothitelle\n|-item|p2a: Gothitelle|Starf Berry|[from] move: Recycle\n|-enditem|p2a: Gothitelle|Starf Berry|[eat]\n|-boost|p2a: Gothitelle|spe|2|[from] item: Starf Berry\n|move|p1a: Ho-Oh|Tailwind|p1a: Ho-Oh\n|-sidestart|p1: w7cky|move: Tailwind\n|\n|upkeep\n|turn|49\n|\n|t:|1698516961\n|move|p2a: Gothitelle|Recycle|p2a: Gothitelle\n|-item|p2a: Gothitelle|Starf Berry|[from] move: Recycle\n|-enditem|p2a: Gothitelle|Starf Berry|[eat]\n|-boost|p2a: Gothitelle|def|2|[from] item: Starf Berry\n|cant|p1a: Ho-Oh|ability: Truant\n|\n|upkeep\n|turn|50\n|\n|t:|1698516969\n|move|p2a: Gothitelle|Dark Pulse|p1a: Ho-Oh\n|-damage|p1a: Ho-Oh|60\/100\n|move|p1a: Ho-Oh|Tailwind||[still]\n|-fail|p1a: Ho-Oh\n|\n|-heal|p1a: Ho-Oh|66\/100|[from] item: Leftovers\n|upkeep\n|turn|51\n|\n|t:|1698516977\n|move|p2a: Gothitelle|Dark Pulse|p1a: Ho-Oh\n|-damage|p1a: Ho-Oh|25\/100\n|cant|p1a: Ho-Oh|ability: Truant\n|\n|-heal|p1a: Ho-Oh|31\/100|[from] item: Leftovers\n|-sideend|p1: w7cky|move: Tailwind\n|upkeep\n|turn|52\n|\n|t:|1698516986\n|move|p2a: Gothitelle|Dark Pulse|p1a: Ho-Oh\n|-damage|p1a: Ho-Oh|0 fnt\n|faint|p1a: Ho-Oh\n|\n|upkeep\n|\n|t:|1698516993\n|switch|p1a: Ogerpon|Ogerpon-Cornerstone, F|100\/100\n|turn|53\n|\n|t:|1698517001\n|move|p2a: Gothitelle|Dark Pulse|p1a: Ogerpon\n|-ability|p1a: Ogerpon|Sturdy\n|-damage|p1a: Ogerpon|1\/100\n|move|p1a: Ogerpon|Ivy Cudgel|p2a: Gothitelle\n|-activate|p2a: Gothitelle|move: Substitute|[damage]\n|\n|upkeep\n|turn|54\n|\n|t:|1698517011\n|move|p2a: Gothitelle|Dark Pulse|p1a: Ogerpon\n|-damage|p1a: Ogerpon|0 fnt\n|faint|p1a: Ogerpon\n|\n|upkeep\n|\n|t:|1698517019\n|switch|p1a: Urshifu|Urshifu-Rapid-Strike, M, tera:Water|26\/100 tox\n|turn|55\n|\n|t:|1698517022\n|move|p2a: Gothitelle|Dark Pulse|p1a: Urshifu\n|-damage|p1a: Urshifu|0 fnt\n|faint|p1a: Urshifu\n|\n|upkeep\n|\n|t:|1698517025\n|switch|p1a: Pheromosa|Pheromosa|100\/100\n|turn|56\n|\n|t:|1698517028\n|move|p2a: Gothitelle|Dark Pulse|p1a: Pheromosa\n|-resisted|p1a: Pheromosa\n|-damage|p1a: Pheromosa|0 fnt\n|faint|p1a: Pheromosa\n|\n|upkeep\n|\n|t:|1698517033\n|switch|p1a: Mewtwo|Mewtwo|100\/100\n|-ability|p1a: Mewtwo|Pressure\n|turn|57\n|c|\u2606JustMonika_CARR|gg\n|\n|t:|1698517037\n|detailschange|p1a: Mewtwo|Mewtwo-Mega-Y\n|-mega|p1a: Mewtwo|Mewtwo|Mewtwonite Y\n|move|p2a: Gothitelle|Dark Pulse|p1a: Mewtwo\n|-supereffective|p1a: Mewtwo\n|-damage|p1a: Mewtwo|0 fnt\n|faint|p1a: Mewtwo\n|\n|win|JustMonika_CARR\n|raw|w7cky's rating: 1302 &rarr; <strong>1288<\/strong><br \/>(-14 for losing)\n|raw|JustMonika_CARR's rating: 1409 &rarr; <strong>1423<\/strong><br \/>(+14 for winning)\n","uploadtime":1698517045,"views":5,"p1id":"w7cky","p2id":"justmonikacarr","formatid":"gen9nationaldexubers","rating":1288,"private":0,"password":""}