{"id":"gen9nationaldexubers-1986921726","p1":"Chen Yen","p2":"arafatr871","format":"[Gen 9] National Dex Ubers","log":"|j|\u2606Chen Yen\n|j|\u2606arafatr871\n|t:|1699541236\n|gametype|singles\n|player|p1|Chen Yen|266|1576\n|player|p2|arafatr871|silver|1648\n|teamsize|p1|6\n|teamsize|p2|6\n|gen|9\n|tier|[Gen 9] National Dex Ubers\n|rated|\n|rule|HP Percentage Mod: HP is shown in percentages\n|rule|Endless Battle Clause: Forcing endless battles is banned\n|rule|OHKO Clause: OHKO moves are banned\n|rule|Evasion Moves Clause: Evasion moves are banned\n|rule|Evasion Items Clause: Evasion items are banned\n|rule|Species Clause: Limit one of each Pok\u00e9mon\n|rule|Sleep Clause Mod: Limit one foe put to sleep\n|rule|Mega Rayquaza Clause: You cannot mega evolve Rayquaza\n|clearpoke\n|poke|p1|Groudon|\n|poke|p1|Dondozo, M|\n|poke|p1|Arceus-Dark|\n|poke|p1|Eternatus|\n|poke|p1|Ho-Oh|\n|poke|p1|Yveltal|\n|poke|p2|Groudon|\n|poke|p2|Dondozo, F|\n|poke|p2|Yveltal|\n|poke|p2|Zacian-*|\n|poke|p2|Kyogre|\n|poke|p2|Samurott-Hisui, F|\n|teampreview\n|inactive|Battle timer is ON: inactive players will automatically lose when time's up. (requested by arafatr871)\n|\n|t:|1699541258\n|start\n|switch|p1a: Groudon|Groudon|100\/100\n|switch|p2a: Samurott|Samurott-Hisui, F, shiny|100\/100\n|detailschange|p1a: Groudon|Groudon-Primal\n|-primal|p1a: Groudon|Red Orb\n|-weather|DesolateLand|[from] ability: Desolate Land|[of] p1a: Groudon\n|turn|1\n|\n|t:|1699541267\n|move|p2a: Samurott|Ceaseless Edge|p1a: Groudon\n|-damage|p1a: Groudon|71\/100\n|-sidestart|p1: Chen Yen|Spikes\n|move|p1a: Groudon|Spikes|p2a: Samurott\n|-sidestart|p2: arafatr871|Spikes\n|\n|-weather|DesolateLand|[upkeep]\n|upkeep\n|turn|2\n|\n|t:|1699541275\n|move|p2a: Samurott|Ceaseless Edge|p1a: Groudon\n|-damage|p1a: Groudon|45\/100\n|-sidestart|p1: Chen Yen|Spikes\n|move|p1a: Groudon|Thunder Wave|p2a: Samurott\n|-status|p2a: Samurott|par\n|\n|-weather|DesolateLand|[upkeep]\n|upkeep\n|turn|3\n|\n|t:|1699541282\n|move|p1a: Groudon|Precipice Blades|p2a: Samurott\n|-damage|p2a: Samurott|9\/100 par\n|move|p2a: Samurott|Ceaseless Edge|p1a: Groudon\n|-damage|p1a: Groudon|15\/100\n|-sidestart|p1: Chen Yen|Spikes\n|\n|-weather|DesolateLand|[upkeep]\n|upkeep\n|turn|4\n|\n|t:|1699541302\n|move|p1a: Groudon|Precipice Blades|p2a: Samurott\n|-damage|p2a: Samurott|0 fnt\n|faint|p2a: Samurott\n|\n|-weather|DesolateLand|[upkeep]\n|upkeep\n|\n|t:|1699541317\n|switch|p2a: Yveltal|Yveltal, shiny|100\/100\n|-ability|p2a: Yveltal|Dark Aura\n|turn|5\n|inactive|Chen Yen has 120 seconds left.\n|\n|t:|1699541360\n|move|p2a: Yveltal|Knock Off|p1a: Groudon\n|-damage|p1a: Groudon|0 fnt\n|faint|p1a: Groudon\n|-weather|none\n|-damage|p2a: Yveltal|91\/100|[from] item: Life Orb\n|\n|upkeep\n|\n|t:|1699541365\n|switch|p1a: Ho-Oh|Ho-Oh|100\/100\n|turn|6\n|\n|t:|1699541379\n|move|p2a: Yveltal|Knock Off|p1a: Ho-Oh\n|-damage|p1a: Ho-Oh|39\/100\n|-enditem|p1a: Ho-Oh|Heavy-Duty Boots|[from] move: Knock Off|[of] p2a: Yveltal\n|-damage|p2a: Yveltal|81\/100|[from] item: Life Orb\n|move|p1a: Ho-Oh|Defog|p2a: Yveltal\n|-unboost|p2a: Yveltal|evasion|1\n|-sideend|p2: arafatr871|Spikes|[from] move: Defog|[of] p1a: Ho-Oh\n|-sideend|p1: Chen Yen|Spikes|[from] move: Defog|[of] p1a: Ho-Oh\n|\n|upkeep\n|turn|7\n|\n|t:|1699541388\n|switch|p1a: Arceus|Arceus-Dark|100\/100\n|move|p2a: Yveltal|Knock Off|p1a: Arceus\n|-resisted|p1a: Arceus\n|-damage|p1a: Arceus|84\/100\n|-damage|p2a: Yveltal|71\/100|[from] item: Life Orb\n|\n|upkeep\n|turn|8\n|\n|t:|1699541396\n|switch|p2a: Dondozo|Dondozo, F, shiny|100\/100\n|move|p1a: Arceus|Calm Mind|p1a: Arceus\n|-boost|p1a: Arceus|spa|1\n|-boost|p1a: Arceus|spd|1\n|\n|upkeep\n|turn|9\n|\n|t:|1699541402\n|move|p1a: Arceus|Judgment|p2a: Dondozo\n|-damage|p2a: Dondozo|58\/100\n|move|p2a: Dondozo|Liquidation|p1a: Arceus\n|-damage|p1a: Arceus|58\/100\n|\n|-heal|p2a: Dondozo|64\/100|[from] item: Leftovers\n|upkeep\n|turn|10\n|\n|t:|1699541414\n|switch|p2a: Zacian|Zacian-Crowned|100\/100\n|-ability|p2a: Zacian|Intrepid Sword|boost\n|-boost|p2a: Zacian|atk|1\n|move|p1a: Arceus|Judgment|p2a: Zacian\n|-resisted|p2a: Zacian\n|-damage|p2a: Zacian|65\/100\n|\n|upkeep\n|turn|11\n|\n|t:|1699541421\n|switch|p1a: Ho-Oh|Ho-Oh|72\/100\n|move|p2a: Zacian|Behemoth Blade|p1a: Ho-Oh\n|-resisted|p1a: Ho-Oh\n|-damage|p1a: Ho-Oh|46\/100\n|\n|upkeep\n|turn|12\n|\n|t:|1699541431\n|switch|p2a: Kyogre|Kyogre|100\/100\n|detailschange|p2a: Kyogre|Kyogre-Primal\n|-primal|p2a: Kyogre|Blue Orb\n|-weather|PrimordialSea|[from] ability: Primordial Sea|[of] p2a: Kyogre\n|move|p1a: Ho-Oh|Toxic|p2a: Kyogre\n|-status|p2a: Kyogre|tox\n|\n|-weather|PrimordialSea|[upkeep]\n|-damage|p2a: Kyogre|94\/100 tox|[from] psn\n|upkeep\n|turn|13\n|\n|t:|1699541440\n|switch|p1a: Eternatus|Eternatus|100\/100\n|-ability|p1a: Eternatus|Pressure\n|move|p2a: Kyogre|Water Spout|p1a: Eternatus\n|-resisted|p1a: Eternatus\n|-damage|p1a: Eternatus|49\/100\n|\n|-weather|PrimordialSea|[upkeep]\n|-heal|p1a: Eternatus|55\/100|[from] item: Black Sludge\n|-damage|p2a: Kyogre|82\/100 tox|[from] psn\n|upkeep\n|turn|14\n|\n|t:|1699541451\n|move|p1a: Eternatus|Recover|p1a: Eternatus\n|-heal|p1a: Eternatus|100\/100\n|move|p2a: Kyogre|Ice Beam|p1a: Eternatus\n|-supereffective|p1a: Eternatus\n|-damage|p1a: Eternatus|42\/100\n|\n|-weather|PrimordialSea|[upkeep]\n|-heal|p1a: Eternatus|48\/100|[from] item: Black Sludge\n|-damage|p2a: Kyogre|63\/100 tox|[from] psn\n|upkeep\n|turn|15\n|\n|t:|1699541460\n|move|p1a: Eternatus|Recover|p1a: Eternatus\n|-heal|p1a: Eternatus|98\/100\n|move|p2a: Kyogre|Thunder|p1a: Eternatus\n|-resisted|p1a: Eternatus\n|-damage|p1a: Eternatus|82\/100\n|\n|-weather|PrimordialSea|[upkeep]\n|-heal|p1a: Eternatus|88\/100|[from] item: Black Sludge\n|-damage|p2a: Kyogre|39\/100 tox|[from] psn\n|upkeep\n|turn|16\n|\n|t:|1699541471\n|move|p1a: Eternatus|Cosmic Power|p1a: Eternatus\n|-boost|p1a: Eternatus|def|1\n|-boost|p1a: Eternatus|spd|1\n|move|p2a: Kyogre|Thunder|p1a: Eternatus\n|-resisted|p1a: Eternatus\n|-damage|p1a: Eternatus|76\/100\n|\n|-weather|PrimordialSea|[upkeep]\n|-heal|p1a: Eternatus|82\/100|[from] item: Black Sludge\n|-damage|p2a: Kyogre|8\/100 tox|[from] psn\n|upkeep\n|turn|17\n|\n|t:|1699541490\n|move|p1a: Eternatus|Cosmic Power|p1a: Eternatus\n|-boost|p1a: Eternatus|def|1\n|-boost|p1a: Eternatus|spd|1\n|move|p2a: Kyogre|Thunder|p1a: Eternatus\n|-resisted|p1a: Eternatus\n|-damage|p1a: Eternatus|73\/100\n|\n|-weather|PrimordialSea|[upkeep]\n|-heal|p1a: Eternatus|79\/100|[from] item: Black Sludge\n|-damage|p2a: Kyogre|0 fnt|[from] psn\n|faint|p2a: Kyogre\n|-weather|none\n|upkeep\n|\n|t:|1699541497\n|switch|p2a: Yveltal|Yveltal, shiny|71\/100\n|-ability|p2a: Yveltal|Dark Aura\n|turn|18\n|\n|t:|1699541503\n|switch|p1a: Arceus|Arceus-Dark|58\/100\n|move|p2a: Yveltal|Knock Off|p1a: Arceus\n|-resisted|p1a: Arceus\n|-damage|p1a: Arceus|40\/100\n|-damage|p2a: Yveltal|61\/100|[from] item: Life Orb\n|\n|upkeep\n|turn|19\n|\n|t:|1699541512\n|move|p1a: Arceus|Recover|p1a: Arceus\n|-heal|p1a: Arceus|90\/100\n|move|p2a: Yveltal|Dual Wingbeat|p1a: Arceus\n|-damage|p1a: Arceus|72\/100\n|-damage|p1a: Arceus|56\/100\n|-hitcount|p1a: Arceus|2\n|-damage|p2a: Yveltal|51\/100|[from] item: Life Orb\n|\n|upkeep\n|turn|20\n|\n|t:|1699541521\n|switch|p2a: Groudon|Groudon, shiny|100\/100\n|detailschange|p2a: Groudon|Groudon-Primal, shiny\n|-primal|p2a: Groudon|Red Orb\n|-weather|DesolateLand|[from] ability: Desolate Land|[of] p2a: Groudon\n|move|p1a: Arceus|Judgment|p2a: Groudon\n|-damage|p2a: Groudon|49\/100\n|\n|-weather|DesolateLand|[upkeep]\n|upkeep\n|turn|21\n|\n|t:|1699541529\n|move|p1a: Arceus|Judgment|p2a: Groudon\n|-damage|p2a: Groudon|0 fnt\n|faint|p2a: Groudon\n|-weather|none\n|\n|upkeep\n|\n|t:|1699541541\n|switch|p2a: Zacian|Zacian-Crowned|65\/100\n|turn|22\n|\n|t:|1699541559\n|switch|p1a: Ho-Oh|Ho-Oh|79\/100\n|move|p2a: Zacian|Swords Dance|p2a: Zacian\n|-boost|p2a: Zacian|atk|2\n|\n|upkeep\n|turn|23\n|\n|t:|1699541583\n|-terastallize|p2a: Zacian|Ground\n|move|p2a: Zacian|Behemoth Blade|p1a: Ho-Oh\n|-resisted|p1a: Ho-Oh\n|-damage|p1a: Ho-Oh|40\/100\n|move|p1a: Ho-Oh|Sacred Fire|p2a: Zacian\n|-damage|p2a: Zacian|22\/100\n|\n|upkeep\n|turn|24\n|\n|t:|1699541592\n|switch|p1a: Dondozo|Dondozo, M|100\/100\n|move|p2a: Zacian|Behemoth Blade|p1a: Dondozo\n|-resisted|p1a: Dondozo\n|-damage|p1a: Dondozo|87\/100\n|\n|-heal|p1a: Dondozo|93\/100|[from] item: Leftovers\n|upkeep\n|turn|25\n|\n|t:|1699541601\n|move|p2a: Zacian|Close Combat|p1a: Dondozo\n|-damage|p1a: Dondozo|72\/100\n|-unboost|p2a: Zacian|def|1\n|-unboost|p2a: Zacian|spd|1\n|move|p1a: Dondozo|Yawn|p2a: Zacian\n|-start|p2a: Zacian|move: Yawn|[of] p1a: Dondozo\n|\n|-heal|p1a: Dondozo|78\/100|[from] item: Leftovers\n|upkeep\n|turn|26\n|\n|t:|1699541611\n|switch|p2a: Yveltal|Yveltal, shiny|51\/100\n|-ability|p2a: Yveltal|Dark Aura\n|switch|p1a: Arceus|Arceus-Dark|56\/100\n|\n|upkeep\n|turn|27\n|-message|arafatr871 forfeited.\n|\n|win|Chen Yen\n|raw|Chen Yen's rating: 1576 &rarr; <strong>1600<\/strong><br \/>(+24 for winning)\n|raw|arafatr871's rating: 1648 &rarr; <strong>1624<\/strong><br \/>(-24 for losing)\n|l|\u2606arafatr871\n","uploadtime":1699541644,"views":4,"p1id":"chenyen","p2id":"arafatr871","formatid":"gen9nationaldexubers","rating":1600,"private":0,"password":""}