{"id":"gen9nationaldexubers-1982237303","p1":"DavBluDino","p2":"Are En Gee","format":"[Gen 9] National Dex Ubers","log":"|j|\u2606DavBluDino\n|j|\u2606Are En Gee\n|t:|1698982809\n|gametype|singles\n|player|p1|DavBluDino|102|1565\n|player|p2|Are En Gee|zinnia|1733\n|teamsize|p1|6\n|teamsize|p2|6\n|gen|9\n|tier|[Gen 9] National Dex Ubers\n|rated|\n|rule|HP Percentage Mod: HP is shown in percentages\n|rule|Endless Battle Clause: Forcing endless battles is banned\n|rule|OHKO Clause: OHKO moves are banned\n|rule|Evasion Moves Clause: Evasion moves are banned\n|rule|Evasion Items Clause: Evasion items are banned\n|rule|Species Clause: Limit one of each Pok\u00e9mon\n|rule|Sleep Clause Mod: Limit one foe put to sleep\n|rule|Mega Rayquaza Clause: You cannot mega evolve Rayquaza\n|clearpoke\n|poke|p1|Sableye, M|\n|poke|p1|Chansey, F|\n|poke|p1|Ferrothorn, M|\n|poke|p1|Toxapex, M|\n|poke|p1|Rotom-Wash|\n|poke|p1|Ditto|\n|poke|p2|Zygarde|\n|poke|p2|Arceus-Water|\n|poke|p2|Scizor, F|\n|poke|p2|Ferrothorn, F|\n|poke|p2|Ho-Oh|\n|poke|p2|Ditto|\n|teampreview\n|inactive|Battle timer is ON: inactive players will automatically lose when time's up. (requested by DavBluDino)\n|\n|t:|1698982827\n|start\n|switch|p1a: Chansey|Chansey, F|100\/100\n|switch|p2a: Scizor|Scizor, F|100\/100\n|turn|1\n|\n|t:|1698982832\n|detailschange|p2a: Scizor|Scizor-Mega, F\n|-mega|p2a: Scizor|Scizor|Scizorite\n|move|p2a: Scizor|U-turn|p1a: Chansey\n|-damage|p1a: Chansey|77\/100\n|\n|t:|1698982845\n|switch|p2a: Arceus|Arceus-Water|100\/100|[from] U-turn\n|move|p1a: Chansey|Stealth Rock|p2a: Arceus\n|-sidestart|p2: Are En Gee|move: Stealth Rock\n|\n|upkeep\n|turn|2\n|\n|t:|1698982849\n|switch|p2a: Ferrothorn|Ferrothorn, F|100\/100\n|-damage|p2a: Ferrothorn|94\/100|[from] Stealth Rock\n|move|p1a: Chansey|Toxic|p2a: Ferrothorn\n|-immune|p2a: Ferrothorn\n|\n|-heal|p2a: Ferrothorn|100\/100|[from] item: Leftovers\n|upkeep\n|turn|3\n|\n|t:|1698982855\n|switch|p1a: Rotom|Rotom-Wash|100\/100\n|move|p2a: Ferrothorn|Spikes|p1a: Rotom\n|-sidestart|p1: DavBluDino|Spikes\n|\n|upkeep\n|turn|4\n|\n|t:|1698982859\n|switch|p2a: Scizor|Scizor-Mega, F|100\/100\n|-damage|p2a: Scizor|88\/100|[from] Stealth Rock\n|move|p1a: Rotom|Trick||[still]\n|-fail|p1a: Rotom\n|\n|upkeep\n|turn|5\n|\n|t:|1698982865\n|switch|p1a: Toxapex|Toxapex, M|100\/100\n|-damage|p1a: Toxapex|88\/100|[from] Spikes\n|move|p2a: Scizor|U-turn|p1a: Toxapex\n|-resisted|p1a: Toxapex\n|-damage|p1a: Toxapex|76\/100\n|\n|t:|1698982869\n|switch|p2a: Zygarde|Zygarde|100\/100|[from] U-turn\n|-damage|p2a: Zygarde|94\/100|[from] Stealth Rock\n|\n|-heal|p2a: Zygarde|100\/100|[from] item: Leftovers\n|-heal|p1a: Toxapex|82\/100|[from] item: Leftovers\n|upkeep\n|turn|6\n|\n|t:|1698982876\n|move|p2a: Zygarde|Thousand Waves|p1a: Toxapex\n|-supereffective|p1a: Toxapex\n|-damage|p1a: Toxapex|25\/100\n|-activate|p1a: Toxapex|trapped\n|move|p1a: Toxapex|Toxic|p2a: Zygarde\n|-status|p2a: Zygarde|tox\n|\n|-heal|p1a: Toxapex|31\/100|[from] item: Leftovers\n|-damage|p2a: Zygarde|94\/100 tox|[from] psn\n|upkeep\n|turn|7\n|\n|t:|1698982884\n|move|p2a: Zygarde|Coil|p2a: Zygarde\n|-boost|p2a: Zygarde|atk|1\n|-boost|p2a: Zygarde|def|1\n|-boost|p2a: Zygarde|accuracy|1\n|move|p1a: Toxapex|Recover|p1a: Toxapex\n|-heal|p1a: Toxapex|81\/100\n|\n|-heal|p2a: Zygarde|100\/100 tox|[from] item: Leftovers\n|-heal|p1a: Toxapex|88\/100|[from] item: Leftovers\n|-damage|p2a: Zygarde|88\/100 tox|[from] psn\n|upkeep\n|turn|8\n|\n|t:|1698982891\n|move|p2a: Zygarde|Coil|p2a: Zygarde\n|-boost|p2a: Zygarde|atk|1\n|-boost|p2a: Zygarde|def|1\n|-boost|p2a: Zygarde|accuracy|1\n|move|p1a: Toxapex|Haze|p1a: Toxapex\n|-clearallboost\n|\n|-heal|p2a: Zygarde|94\/100 tox|[from] item: Leftovers\n|-heal|p1a: Toxapex|94\/100|[from] item: Leftovers\n|-damage|p2a: Zygarde|76\/100 tox|[from] psn\n|upkeep\n|turn|9\n|\n|t:|1698982895\n|move|p2a: Zygarde|Coil|p2a: Zygarde\n|-boost|p2a: Zygarde|atk|1\n|-boost|p2a: Zygarde|def|1\n|-boost|p2a: Zygarde|accuracy|1\n|move|p1a: Toxapex|Haze|p1a: Toxapex\n|-clearallboost\n|\n|-heal|p2a: Zygarde|82\/100 tox|[from] item: Leftovers\n|-heal|p1a: Toxapex|99\/100|[from] item: Leftovers\n|-damage|p2a: Zygarde|58\/100 tox|[from] psn\n|upkeep\n|turn|10\n|\n|t:|1698982900\n|move|p2a: Zygarde|Coil|p2a: Zygarde\n|-boost|p2a: Zygarde|atk|1\n|-boost|p2a: Zygarde|def|1\n|-boost|p2a: Zygarde|accuracy|1\n|move|p1a: Toxapex|Haze|p1a: Toxapex\n|-clearallboost\n|\n|-heal|p2a: Zygarde|64\/100 tox|[from] item: Leftovers\n|-heal|p1a: Toxapex|100\/100|[from] item: Leftovers\n|-damage|p2a: Zygarde|33\/100 tox|[from] psn\n|-activate|p2a: Zygarde|ability: Power Construct\n|detailschange|p2a: Zygarde|Zygarde-Complete\n|-heal|p2a: Zygarde|58\/100 tox|[silent]\n|upkeep\n|turn|11\n|\n|t:|1698982903\n|move|p2a: Zygarde|Rest|p2a: Zygarde\n|-status|p2a: Zygarde|slp|[from] move: Rest\n|-heal|p2a: Zygarde|100\/100 slp|[silent]\n|move|p1a: Toxapex|Haze|p1a: Toxapex\n|-clearallboost\n|\n|upkeep\n|turn|12\n|\n|t:|1698982911\n|cant|p2a: Zygarde|slp\n|move|p1a: Toxapex|Scald|p2a: Zygarde\n|-damage|p2a: Zygarde|91\/100 slp\n|\n|-heal|p2a: Zygarde|97\/100 slp|[from] item: Leftovers\n|upkeep\n|turn|13\n|\n|t:|1698982913\n|cant|p2a: Zygarde|slp\n|move|p1a: Toxapex|Scald|p2a: Zygarde\n|-damage|p2a: Zygarde|87\/100 slp\n|\n|-heal|p2a: Zygarde|93\/100 slp|[from] item: Leftovers\n|upkeep\n|turn|14\n|\n|t:|1698982916\n|-curestatus|p2a: Zygarde|slp|[msg]\n|move|p2a: Zygarde|Thousand Waves|p1a: Toxapex\n|-supereffective|p1a: Toxapex\n|-damage|p1a: Toxapex|43\/100\n|move|p1a: Toxapex|Scald|p2a: Zygarde\n|-damage|p2a: Zygarde|82\/100\n|\n|-heal|p2a: Zygarde|89\/100|[from] item: Leftovers\n|-heal|p1a: Toxapex|49\/100|[from] item: Leftovers\n|upkeep\n|turn|15\n|\n|t:|1698982921\n|move|p2a: Zygarde|Coil|p2a: Zygarde\n|-boost|p2a: Zygarde|atk|1\n|-boost|p2a: Zygarde|def|1\n|-boost|p2a: Zygarde|accuracy|1\n|move|p1a: Toxapex|Recover|p1a: Toxapex\n|-heal|p1a: Toxapex|99\/100\n|\n|-heal|p2a: Zygarde|95\/100|[from] item: Leftovers\n|-heal|p1a: Toxapex|100\/100|[from] item: Leftovers\n|upkeep\n|turn|16\n|\n|t:|1698982923\n|move|p2a: Zygarde|Thousand Waves|p1a: Toxapex\n|-supereffective|p1a: Toxapex\n|-damage|p1a: Toxapex|25\/100\n|move|p1a: Toxapex|Haze|p1a: Toxapex\n|-clearallboost\n|\n|-heal|p2a: Zygarde|100\/100|[from] item: Leftovers\n|-heal|p1a: Toxapex|31\/100|[from] item: Leftovers\n|upkeep\n|turn|17\n|\n|t:|1698982927\n|move|p2a: Zygarde|Coil|p2a: Zygarde\n|-boost|p2a: Zygarde|atk|1\n|-boost|p2a: Zygarde|def|1\n|-boost|p2a: Zygarde|accuracy|1\n|move|p1a: Toxapex|Toxic|p2a: Zygarde\n|-status|p2a: Zygarde|tox\n|\n|-heal|p1a: Toxapex|37\/100|[from] item: Leftovers\n|-damage|p2a: Zygarde|94\/100 tox|[from] psn\n|upkeep\n|turn|18\n|\n|t:|1698982930\n|move|p2a: Zygarde|Thousand Waves|p1a: Toxapex\n|-supereffective|p1a: Toxapex\n|-damage|p1a: Toxapex|0 fnt\n|faint|p1a: Toxapex\n|\n|-heal|p2a: Zygarde|100\/100 tox|[from] item: Leftovers\n|-damage|p2a: Zygarde|88\/100 tox|[from] psn\n|upkeep\n|\n|t:|1698982936\n|switch|p1a: Rotom|Rotom-Wash|100\/100\n|turn|19\n|\n|t:|1698982938\n|switch|p2a: Scizor|Scizor-Mega, F|88\/100\n|-damage|p2a: Scizor|76\/100|[from] Stealth Rock\n|move|p1a: Rotom|Trick||[still]\n|-fail|p1a: Rotom\n|\n|upkeep\n|turn|20\n|\n|t:|1698982944\n|switch|p1a: Ferrothorn|Ferrothorn, M|100\/100\n|-damage|p1a: Ferrothorn|88\/100|[from] Spikes\n|move|p2a: Scizor|Morning Sun|p2a: Scizor\n|-heal|p2a: Scizor|100\/100\n|\n|-heal|p1a: Ferrothorn|94\/100|[from] item: Leftovers\n|upkeep\n|turn|21\n|\n|t:|1698982946\n|move|p2a: Scizor|U-turn|p1a: Ferrothorn\n|-damage|p1a: Ferrothorn|75\/100\n|-damage|p2a: Scizor|88\/100|[from] ability: Iron Barbs|[of] p1a: Ferrothorn\n|\n|t:|1698982948\n|switch|p2a: Arceus|Arceus-Water|100\/100|[from] U-turn\n|-damage|p2a: Arceus|88\/100|[from] Stealth Rock\n|move|p1a: Ferrothorn|Spikes|p2a: Arceus\n|-sidestart|p2: Are En Gee|Spikes\n|\n|-heal|p1a: Ferrothorn|81\/100|[from] item: Leftovers\n|upkeep\n|turn|22\n|\n|t:|1698982950\n|move|p2a: Arceus|Whirlpool|p1a: Ferrothorn\n|-resisted|p1a: Ferrothorn\n|-damage|p1a: Ferrothorn|74\/100\n|-activate|p1a: Ferrothorn|move: Whirlpool|[of] p2a: Arceus\n|move|p1a: Ferrothorn|Leech Seed|p2a: Arceus|[miss]\n|-miss|p1a: Ferrothorn|p2a: Arceus\n|\n|-heal|p1a: Ferrothorn|80\/100|[from] item: Leftovers\n|-damage|p1a: Ferrothorn|68\/100|[from] move: Whirlpool|[partiallytrapped]\n|upkeep\n|turn|23\n|\n|t:|1698982953\n|move|p2a: Arceus|Perish Song|p2a: Arceus\n|-start|p1a: Ferrothorn|perish3|[silent]\n|-start|p2a: Arceus|perish3|[silent]\n|-fieldactivate|move: Perish Song\n|move|p1a: Ferrothorn|Leech Seed|p2a: Arceus\n|-start|p2a: Arceus|move: Leech Seed\n|\n|-heal|p1a: Ferrothorn|74\/100|[from] item: Leftovers\n|-damage|p2a: Arceus|76\/100|[from] Leech Seed|[of] p1a: Ferrothorn\n|-heal|p1a: Ferrothorn|90\/100|[silent]\n|-damage|p1a: Ferrothorn|77\/100|[from] move: Whirlpool|[partiallytrapped]\n|-start|p2a: Arceus|perish3\n|-start|p1a: Ferrothorn|perish3\n|upkeep\n|turn|24\n|\n|t:|1698982958\n|move|p2a: Arceus|Refresh||[still]\n|-fail|p2a: Arceus\n|move|p1a: Ferrothorn|Spikes|p2a: Arceus\n|-sidestart|p2: Are En Gee|Spikes\n|\n|-heal|p1a: Ferrothorn|83\/100|[from] item: Leftovers\n|-damage|p2a: Arceus|63\/100|[from] Leech Seed|[of] p1a: Ferrothorn\n|-heal|p1a: Ferrothorn|99\/100|[silent]\n|-damage|p1a: Ferrothorn|87\/100|[from] move: Whirlpool|[partiallytrapped]\n|-start|p2a: Arceus|perish2\n|-start|p1a: Ferrothorn|perish2\n|upkeep\n|turn|25\n|\n|t:|1698982962\n|move|p2a: Arceus|Recover|p2a: Arceus\n|-heal|p2a: Arceus|100\/100\n|move|p1a: Ferrothorn|Substitute|p1a: Ferrothorn\n|-start|p1a: Ferrothorn|Substitute\n|-end|p1a: Ferrothorn|Whirlpool|[partiallytrapped]|[silent]\n|-damage|p1a: Ferrothorn|62\/100\n|\n|-heal|p1a: Ferrothorn|68\/100|[from] item: Leftovers\n|-damage|p2a: Arceus|88\/100|[from] Leech Seed|[of] p1a: Ferrothorn\n|-heal|p1a: Ferrothorn|84\/100|[silent]\n|-start|p2a: Arceus|perish1\n|-start|p1a: Ferrothorn|perish1\n|upkeep\n|turn|26\n|\n|t:|1698982965\n|switch|p2a: Ho-Oh|Ho-Oh|100\/100\n|switch|p1a: Rotom|Rotom-Wash|100\/100\n|\n|upkeep\n|turn|27\n|\n|t:|1698982969\n|move|p1a: Rotom|Trick|p2a: Ho-Oh\n|-activate|p1a: Rotom|move: Trick|[of] p2a: Ho-Oh\n|-item|p2a: Ho-Oh|Choice Scarf|[from] move: Trick\n|-item|p1a: Rotom|Heavy-Duty Boots|[from] move: Trick\n|move|p2a: Ho-Oh|Defog|p1a: Rotom\n|-unboost|p1a: Rotom|evasion|1\n|-sideend|p1: DavBluDino|Spikes|[from] move: Defog|[of] p2a: Ho-Oh\n|-sideend|p2: Are En Gee|Spikes|[from] move: Defog|[of] p2a: Ho-Oh\n|-sideend|p2: Are En Gee|Stealth Rock|[from] move: Defog|[of] p2a: Ho-Oh\n|\n|upkeep\n|turn|28\n|\n|t:|1698982977\n|switch|p2a: Ferrothorn|Ferrothorn, F|100\/100\n|move|p1a: Rotom|Toxic|p2a: Ferrothorn\n|-immune|p2a: Ferrothorn\n|\n|upkeep\n|turn|29\n|\n|t:|1698983005\n|switch|p1a: Chansey|Chansey, F|77\/100\n|move|p2a: Ferrothorn|Spikes|p1a: Chansey\n|-sidestart|p1: DavBluDino|Spikes\n|\n|upkeep\n|turn|30\n|\n|t:|1698983009\n|switch|p2a: Arceus|Arceus-Water|88\/100\n|move|p1a: Chansey|Wish|p1a: Chansey\n|\n|upkeep\n|turn|31\n|\n|t:|1698983016\n|move|p2a: Arceus|Whirlpool|p1a: Chansey\n|-damage|p1a: Chansey|71\/100\n|-activate|p1a: Chansey|move: Whirlpool|[of] p2a: Arceus\n|move|p1a: Chansey|Stealth Rock|p2a: Arceus\n|-sidestart|p2: Are En Gee|move: Stealth Rock\n|\n|-heal|p1a: Chansey|100\/100|[from] move: Wish|[wisher] Chansey\n|-damage|p1a: Chansey|88\/100|[from] move: Whirlpool|[partiallytrapped]\n|upkeep\n|turn|32\n|\n|t:|1698983025\n|-terastallize|p1a: Chansey|Ghost\n|move|p2a: Arceus|Perish Song|p2a: Arceus\n|-start|p1a: Chansey|perish3|[silent]\n|-start|p2a: Arceus|perish3|[silent]\n|-fieldactivate|move: Perish Song\n|move|p1a: Chansey|Toxic|p2a: Arceus\n|-status|p2a: Arceus|tox\n|\n|-damage|p2a: Arceus|82\/100 tox|[from] psn\n|-damage|p1a: Chansey|76\/100|[from] move: Whirlpool|[partiallytrapped]\n|-start|p2a: Arceus|perish3\n|-start|p1a: Chansey|perish3\n|upkeep\n|turn|33\n|\n|t:|1698983031\n|switch|p1a: Sableye|Sableye, M|100\/100\n|-damage|p1a: Sableye|88\/100|[from] Spikes\n|move|p2a: Arceus|Refresh|p2a: Arceus\n|-curestatus|p2a: Arceus|tox|[msg]\n|\n|-start|p2a: Arceus|perish2\n|upkeep\n|turn|34\n|\n|t:|1698983041\n|switch|p2a: Scizor|Scizor-Mega, F|88\/100\n|-damage|p2a: Scizor|76\/100|[from] Stealth Rock\n|move|p1a: Sableye|Will-O-Wisp|p2a: Scizor\n|-status|p2a: Scizor|brn\n|\n|-damage|p2a: Scizor|70\/100 brn|[from] brn\n|upkeep\n|turn|35\n|\n|t:|1698983046\n|switch|p1a: Ferrothorn|Ferrothorn, M|84\/100\n|-damage|p1a: Ferrothorn|71\/100|[from] Spikes\n|move|p2a: Scizor|U-turn|p1a: Ferrothorn\n|-damage|p1a: Ferrothorn|61\/100\n|-damage|p2a: Scizor|58\/100 brn|[from] ability: Iron Barbs|[of] p1a: Ferrothorn\n|\n|t:|1698983050\n|switch|p2a: Ho-Oh|Ho-Oh|100\/100|[from] U-turn\n|-damage|p2a: Ho-Oh|51\/100|[from] Stealth Rock\n|\n|-heal|p1a: Ferrothorn|67\/100|[from] item: Leftovers\n|upkeep\n|turn|36\n|\n|t:|1698983056\n|switch|p1a: Rotom|Rotom-Wash|100\/100\n|move|p2a: Ho-Oh|Toxic|p1a: Rotom\n|-status|p1a: Rotom|tox\n|\n|-damage|p1a: Rotom|94\/100 tox|[from] psn\n|upkeep\n|turn|37\n|\n|t:|1698983063\n|switch|p2a: Ferrothorn|Ferrothorn, F|100\/100\n|-damage|p2a: Ferrothorn|94\/100|[from] Stealth Rock\n|move|p1a: Rotom|Toxic|p2a: Ferrothorn\n|-immune|p2a: Ferrothorn\n|\n|-heal|p2a: Ferrothorn|100\/100|[from] item: Leftovers\n|-damage|p1a: Rotom|82\/100 tox|[from] psn\n|upkeep\n|turn|38\n|\n|t:|1698983067\n|move|p1a: Rotom|Will-O-Wisp|p2a: Ferrothorn\n|-status|p2a: Ferrothorn|brn\n|move|p2a: Ferrothorn|Leech Seed|p1a: Rotom\n|-start|p1a: Rotom|move: Leech Seed\n|\n|-damage|p1a: Rotom|69\/100 tox|[from] Leech Seed|[of] p2a: Ferrothorn\n|-damage|p1a: Rotom|50\/100 tox|[from] psn\n|-damage|p2a: Ferrothorn|94\/100 brn|[from] brn\n|upkeep\n|turn|39\n|\n|t:|1698983070\n|switch|p1a: Ferrothorn|Ferrothorn, M|67\/100\n|-damage|p1a: Ferrothorn|55\/100|[from] Spikes\n|move|p2a: Ferrothorn|Spikes|p1a: Ferrothorn\n|-sidestart|p1: DavBluDino|Spikes\n|\n|-heal|p1a: Ferrothorn|61\/100|[from] item: Leftovers\n|-heal|p2a: Ferrothorn|100\/100 brn|[from] item: Leftovers\n|-damage|p2a: Ferrothorn|94\/100 brn|[from] brn\n|upkeep\n|turn|40\n|\n|t:|1698983074\n|move|p1a: Ferrothorn|Substitute|p1a: Ferrothorn\n|-start|p1a: Ferrothorn|Substitute\n|-damage|p1a: Ferrothorn|36\/100\n|move|p2a: Ferrothorn|Spikes|p1a: Ferrothorn\n|-sidestart|p1: DavBluDino|Spikes\n|\n|-heal|p1a: Ferrothorn|42\/100|[from] item: Leftovers\n|-heal|p2a: Ferrothorn|100\/100 brn|[from] item: Leftovers\n|-damage|p2a: Ferrothorn|94\/100 brn|[from] brn\n|upkeep\n|turn|41\n|\n|t:|1698983082\n|switch|p2a: Arceus|Arceus-Water|82\/100\n|-damage|p2a: Arceus|70\/100|[from] Stealth Rock\n|move|p1a: Ferrothorn|Spikes|p2a: Arceus\n|-sidestart|p2: Are En Gee|Spikes\n|\n|-heal|p1a: Ferrothorn|48\/100|[from] item: Leftovers\n|upkeep\n|turn|42\n|\n|t:|1698983086\n|move|p2a: Arceus|Perish Song|p2a: Arceus\n|-start|p1a: Ferrothorn|perish3|[silent]\n|-start|p2a: Arceus|perish3|[silent]\n|-fieldactivate|move: Perish Song\n|move|p1a: Ferrothorn|Leech Seed|p2a: Arceus\n|-start|p2a: Arceus|move: Leech Seed\n|\n|-heal|p1a: Ferrothorn|54\/100|[from] item: Leftovers\n|-damage|p2a: Arceus|57\/100|[from] Leech Seed|[of] p1a: Ferrothorn\n|-heal|p1a: Ferrothorn|70\/100|[silent]\n|-start|p2a: Arceus|perish3\n|-start|p1a: Ferrothorn|perish3\n|upkeep\n|turn|43\n|\n|t:|1698983089\n|move|p2a: Arceus|Whirlpool|p1a: Ferrothorn\n|-resisted|p1a: Ferrothorn\n|-activate|p1a: Ferrothorn|move: Substitute|[damage]\n|move|p1a: Ferrothorn|Spikes|p2a: Arceus\n|-sidestart|p2: Are En Gee|Spikes\n|\n|-heal|p1a: Ferrothorn|76\/100|[from] item: Leftovers\n|-damage|p2a: Arceus|45\/100|[from] Leech Seed|[of] p1a: Ferrothorn\n|-heal|p1a: Ferrothorn|91\/100|[silent]\n|-start|p2a: Arceus|perish2\n|-start|p1a: Ferrothorn|perish2\n|upkeep\n|turn|44\n|\n|t:|1698983094\n|move|p2a: Arceus|Recover|p2a: Arceus\n|-heal|p2a: Arceus|95\/100\n|move|p1a: Ferrothorn|Spikes|p2a: Arceus\n|-sidestart|p2: Are En Gee|Spikes\n|\n|-heal|p1a: Ferrothorn|97\/100|[from] item: Leftovers\n|-damage|p2a: Arceus|82\/100|[from] Leech Seed|[of] p1a: Ferrothorn\n|-heal|p1a: Ferrothorn|100\/100|[silent]\n|-start|p2a: Arceus|perish1\n|-start|p1a: Ferrothorn|perish1\n|upkeep\n|turn|45\n|\n|t:|1698983099\n|switch|p2a: Ho-Oh|Ho-Oh|84\/100\n|-damage|p2a: Ho-Oh|34\/100|[from] Stealth Rock\n|switch|p1a: Chansey|Chansey, F, tera:Ghost|76\/100\n|-damage|p1a: Chansey|51\/100|[from] Spikes\n|\n|upkeep\n|turn|46\n|\n|t:|1698983102\n|move|p2a: Ho-Oh|Defog|p1a: Chansey\n|-unboost|p1a: Chansey|evasion|1\n|-sideend|p1: DavBluDino|Spikes|[from] move: Defog|[of] p2a: Ho-Oh\n|-sideend|p2: Are En Gee|Spikes|[from] move: Defog|[of] p2a: Ho-Oh\n|-sideend|p2: Are En Gee|Stealth Rock|[from] move: Defog|[of] p2a: Ho-Oh\n|move|p1a: Chansey|Stealth Rock|p2a: Ho-Oh\n|-sidestart|p2: Are En Gee|move: Stealth Rock\n|\n|upkeep\n|turn|47\n|\n|t:|1698983105\n|move|p2a: Ho-Oh|Defog|p1a: Chansey\n|-unboost|p1a: Chansey|evasion|1\n|-sideend|p2: Are En Gee|Stealth Rock|[from] move: Defog|[of] p2a: Ho-Oh\n|move|p1a: Chansey|Wish|p1a: Chansey\n|\n|upkeep\n|turn|48\n|\n|t:|1698983111\n|switch|p2a: Ditto|Ditto|100\/100\n|-transform|p2a: Ditto|p1a: Chansey|[from] ability: Imposter\n|move|p1a: Chansey|Stealth Rock|p2a: Ditto\n|-sidestart|p2: Are En Gee|move: Stealth Rock\n|\n|-heal|p1a: Chansey|100\/100|[from] move: Wish|[wisher] Chansey\n|upkeep\n|turn|49\n|\n|t:|1698983116\n|move|p2a: Ditto|Stealth Rock|p1a: Chansey\n|-sidestart|p1: DavBluDino|move: Stealth Rock\n|move|p1a: Chansey|Wish|p1a: Chansey\n|\n|upkeep\n|turn|50\n|\n|t:|1698983118\n|switch|p2a: Zygarde|Zygarde-Complete|88\/100 tox\n|-damage|p2a: Zygarde|82\/100 tox|[from] Stealth Rock\n|switch|p1a: Rotom|Rotom-Wash|50\/100 tox\n|\n|-heal|p1a: Rotom|100\/100 tox|[from] move: Wish|[wisher] Chansey\n|-heal|p2a: Zygarde|88\/100 tox|[from] item: Leftovers\n|-damage|p2a: Zygarde|82\/100 tox|[from] psn\n|-damage|p1a: Rotom|94\/100 tox|[from] psn\n|upkeep\n|turn|51\n|\n|t:|1698983126\n|switch|p1a: Sableye|Sableye, M|88\/100\n|-damage|p1a: Sableye|76\/100|[from] Stealth Rock\n|move|p2a: Zygarde|Scale Shot|p1a: Sableye\n|-damage|p1a: Sableye|65\/100\n|-damage|p1a: Sableye|54\/100\n|-damage|p1a: Sableye|42\/100\n|-crit|p1a: Sableye\n|-damage|p1a: Sableye|27\/100\n|-hitcount|p1a: Sableye|4\n|-unboost|p2a: Zygarde|def|1\n|-boost|p2a: Zygarde|spe|1\n|\n|-heal|p2a: Zygarde|88\/100 tox|[from] item: Leftovers\n|-damage|p2a: Zygarde|76\/100 tox|[from] psn\n|upkeep\n|turn|52\n|\n|t:|1698983130\n|move|p1a: Sableye|Recover|p1a: Sableye\n|-heal|p1a: Sableye|77\/100\n|move|p2a: Zygarde|Scale Shot|p1a: Sableye\n|-damage|p1a: Sableye|66\/100\n|-damage|p1a: Sableye|55\/100\n|-hitcount|p1a: Sableye|2\n|-unboost|p2a: Zygarde|def|1\n|-boost|p2a: Zygarde|spe|1\n|\n|-heal|p2a: Zygarde|82\/100 tox|[from] item: Leftovers\n|-damage|p2a: Zygarde|63\/100 tox|[from] psn\n|upkeep\n|turn|53\n|\n|t:|1698983139\n|switch|p2a: Scizor|Scizor-Mega, F|58\/100 brn\n|-damage|p2a: Scizor|45\/100 brn|[from] Stealth Rock\n|move|p1a: Sableye|Recover|p1a: Sableye\n|-heal|p1a: Sableye|100\/100\n|\n|-damage|p2a: Scizor|39\/100 brn|[from] brn\n|upkeep\n|turn|54\n|\n|t:|1698983144\n|switch|p1a: Ferrothorn|Ferrothorn, M|100\/100\n|-damage|p1a: Ferrothorn|95\/100|[from] Stealth Rock\n|move|p2a: Scizor|Morning Sun|p2a: Scizor\n|-heal|p2a: Scizor|89\/100 brn\n|\n|-heal|p1a: Ferrothorn|100\/100|[from] item: Leftovers\n|-damage|p2a: Scizor|83\/100 brn|[from] brn\n|upkeep\n|turn|55\n|\n|t:|1698983150\n|move|p2a: Scizor|U-turn|p1a: Ferrothorn\n|-damage|p1a: Ferrothorn|90\/100\n|-damage|p2a: Scizor|71\/100 brn|[from] ability: Iron Barbs|[of] p1a: Ferrothorn\n|\n|t:|1698983154\n|switch|p2a: Arceus|Arceus-Water|82\/100|[from] U-turn\n|-damage|p2a: Arceus|70\/100|[from] Stealth Rock\n|move|p1a: Ferrothorn|Spikes|p2a: Arceus\n|-sidestart|p2: Are En Gee|Spikes\n|\n|-heal|p1a: Ferrothorn|96\/100|[from] item: Leftovers\n|upkeep\n|turn|56\n|\n|t:|1698983175\n|switch|p1a: Chansey|Chansey, F, tera:Ghost|100\/100\n|-damage|p1a: Chansey|88\/100|[from] Stealth Rock\n|move|p2a: Arceus|Perish Song|p2a: Arceus\n|-start|p1a: Chansey|perish3|[silent]\n|-start|p2a: Arceus|perish3|[silent]\n|-fieldactivate|move: Perish Song\n|\n|-start|p2a: Arceus|perish3\n|-start|p1a: Chansey|perish3\n|upkeep\n|turn|57\n|\n|t:|1698983184\n|switch|p2a: Scizor|Scizor-Mega, F|71\/100 brn\n|-damage|p2a: Scizor|59\/100 brn|[from] Stealth Rock\n|-damage|p2a: Scizor|46\/100 brn|[from] Spikes\n|move|p1a: Chansey|Toxic||[still]\n|-fail|p1a: Chansey\n|\n|-damage|p2a: Scizor|40\/100 brn|[from] brn\n|-start|p1a: Chansey|perish2\n|upkeep\n|turn|58\n|\n|t:|1698983188\n|switch|p1a: Ferrothorn|Ferrothorn, M|96\/100\n|-damage|p1a: Ferrothorn|90\/100|[from] Stealth Rock\n|move|p2a: Scizor|Morning Sun|p2a: Scizor\n|-heal|p2a: Scizor|90\/100 brn\n|\n|-heal|p1a: Ferrothorn|96\/100|[from] item: Leftovers\n|-damage|p2a: Scizor|84\/100 brn|[from] brn\n|upkeep\n|turn|59\n|\n|t:|1698983193\n|switch|p2a: Zygarde|Zygarde-Complete|63\/100 tox\n|-damage|p2a: Zygarde|57\/100 tox|[from] Stealth Rock\n|-damage|p2a: Zygarde|44\/100 tox|[from] Spikes\n|move|p1a: Ferrothorn|Spikes|p2a: Zygarde\n|-sidestart|p2: Are En Gee|Spikes\n|\n|-heal|p2a: Zygarde|51\/100 tox|[from] item: Leftovers\n|-heal|p1a: Ferrothorn|100\/100|[from] item: Leftovers\n|-damage|p2a: Zygarde|44\/100 tox|[from] psn\n|upkeep\n|turn|60\n|\n|t:|1698983201\n|move|p2a: Zygarde|Thousand Waves|p1a: Ferrothorn\n|-damage|p1a: Ferrothorn|77\/100\n|-activate|p1a: Ferrothorn|trapped\n|move|p1a: Ferrothorn|Leech Seed|p2a: Zygarde\n|-start|p2a: Zygarde|move: Leech Seed\n|\n|-heal|p2a: Zygarde|51\/100 tox|[from] item: Leftovers\n|-heal|p1a: Ferrothorn|83\/100|[from] item: Leftovers\n|-damage|p2a: Zygarde|38\/100 tox|[from] Leech Seed|[of] p1a: Ferrothorn\n|-heal|p1a: Ferrothorn|100\/100|[silent]\n|-damage|p2a: Zygarde|26\/100 tox|[from] psn\n|upkeep\n|turn|61\n|\n|t:|1698983206\n|move|p2a: Zygarde|Rest|p2a: Zygarde\n|-status|p2a: Zygarde|slp|[from] move: Rest\n|-heal|p2a: Zygarde|100\/100 slp|[silent]\n|move|p1a: Ferrothorn|Knock Off|p2a: Zygarde\n|-damage|p2a: Zygarde|91\/100 slp\n|-enditem|p2a: Zygarde|Leftovers|[from] move: Knock Off|[of] p1a: Ferrothorn\n|\n|-damage|p2a: Zygarde|79\/100 slp|[from] Leech Seed|[of] p1a: Ferrothorn\n|upkeep\n|turn|62\n|\n|t:|1698983208\n|cant|p2a: Zygarde|slp\n|move|p1a: Ferrothorn|Spikes|p2a: Zygarde\n|-sidestart|p2: Are En Gee|Spikes\n|\n|-damage|p2a: Zygarde|66\/100 slp|[from] Leech Seed|[of] p1a: Ferrothorn\n|upkeep\n|turn|63\n|\n|t:|1698983210\n|cant|p2a: Zygarde|slp\n|move|p1a: Ferrothorn|Substitute|p1a: Ferrothorn\n|-start|p1a: Ferrothorn|Substitute\n|-damage|p1a: Ferrothorn|76\/100\n|\n|-heal|p1a: Ferrothorn|82\/100|[from] item: Leftovers\n|-damage|p2a: Zygarde|54\/100 slp|[from] Leech Seed|[of] p1a: Ferrothorn\n|-heal|p1a: Ferrothorn|100\/100|[silent]\n|upkeep\n|turn|64\n|\n|t:|1698983213\n|-curestatus|p2a: Zygarde|slp|[msg]\n|move|p2a: Zygarde|Coil|p2a: Zygarde\n|-boost|p2a: Zygarde|atk|1\n|-boost|p2a: Zygarde|def|1\n|-boost|p2a: Zygarde|accuracy|1\n|move|p1a: Ferrothorn|Knock Off|p2a: Zygarde\n|-crit|p2a: Zygarde\n|-damage|p2a: Zygarde|45\/100\n|\n|-damage|p2a: Zygarde|33\/100|[from] Leech Seed|[of] p1a: Ferrothorn\n|upkeep\n|turn|65\n|\n|t:|1698983217\n|move|p2a: Zygarde|Coil|p2a: Zygarde\n|-boost|p2a: Zygarde|atk|1\n|-boost|p2a: Zygarde|def|1\n|-boost|p2a: Zygarde|accuracy|1\n|move|p1a: Ferrothorn|Substitute|p1a: Ferrothorn\n|-fail|p1a: Ferrothorn|move: Substitute\n|\n|-damage|p2a: Zygarde|20\/100|[from] Leech Seed|[of] p1a: Ferrothorn\n|upkeep\n|turn|66\n|\n|t:|1698983221\n|move|p2a: Zygarde|Rest|p2a: Zygarde\n|-status|p2a: Zygarde|slp|[from] move: Rest\n|-heal|p2a: Zygarde|100\/100 slp|[silent]\n|move|p1a: Ferrothorn|Knock Off|p2a: Zygarde\n|-damage|p2a: Zygarde|98\/100 slp\n|\n|-damage|p2a: Zygarde|85\/100 slp|[from] Leech Seed|[of] p1a: Ferrothorn\n|upkeep\n|turn|67\n|\n|t:|1698983225\n|cant|p2a: Zygarde|slp\n|move|p1a: Ferrothorn|Knock Off|p2a: Zygarde\n|-damage|p2a: Zygarde|82\/100 slp\n|\n|-damage|p2a: Zygarde|70\/100 slp|[from] Leech Seed|[of] p1a: Ferrothorn\n|upkeep\n|turn|68\n|\n|t:|1698983231\n|cant|p2a: Zygarde|slp\n|move|p1a: Ferrothorn|Spikes||[still]\n|-fail|p1a: Ferrothorn\n|\n|-damage|p2a: Zygarde|57\/100 slp|[from] Leech Seed|[of] p1a: Ferrothorn\n|upkeep\n|turn|69\n|\n|t:|1698983233\n|-curestatus|p2a: Zygarde|slp|[msg]\n|move|p2a: Zygarde|Coil|p2a: Zygarde\n|-boost|p2a: Zygarde|atk|1\n|-boost|p2a: Zygarde|def|1\n|-boost|p2a: Zygarde|accuracy|1\n|move|p1a: Ferrothorn|Substitute|p1a: Ferrothorn\n|-fail|p1a: Ferrothorn|move: Substitute\n|\n|-damage|p2a: Zygarde|45\/100|[from] Leech Seed|[of] p1a: Ferrothorn\n|upkeep\n|turn|70\n|\n|t:|1698983237\n|move|p2a: Zygarde|Coil|p2a: Zygarde\n|-boost|p2a: Zygarde|atk|1\n|-boost|p2a: Zygarde|def|1\n|-boost|p2a: Zygarde|accuracy|1\n|move|p1a: Ferrothorn|Spikes||[still]\n|-fail|p1a: Ferrothorn\n|\n|-damage|p2a: Zygarde|32\/100|[from] Leech Seed|[of] p1a: Ferrothorn\n|upkeep\n|turn|71\n|\n|t:|1698983240\n|move|p2a: Zygarde|Coil|p2a: Zygarde\n|-boost|p2a: Zygarde|atk|1\n|-boost|p2a: Zygarde|def|1\n|-boost|p2a: Zygarde|accuracy|1\n|move|p1a: Ferrothorn|Spikes||[still]\n|-fail|p1a: Ferrothorn\n|\n|-damage|p2a: Zygarde|20\/100|[from] Leech Seed|[of] p1a: Ferrothorn\n|upkeep\n|turn|72\n|\n|t:|1698983243\n|move|p2a: Zygarde|Rest|p2a: Zygarde\n|-status|p2a: Zygarde|slp|[from] move: Rest\n|-heal|p2a: Zygarde|100\/100 slp|[silent]\n|move|p1a: Ferrothorn|Spikes||[still]\n|-fail|p1a: Ferrothorn\n|\n|-damage|p2a: Zygarde|88\/100 slp|[from] Leech Seed|[of] p1a: Ferrothorn\n|upkeep\n|turn|73\n|\n|t:|1698983248\n|cant|p2a: Zygarde|slp\n|move|p1a: Ferrothorn|Knock Off|p2a: Zygarde\n|-damage|p2a: Zygarde|86\/100 slp\n|\n|-damage|p2a: Zygarde|74\/100 slp|[from] Leech Seed|[of] p1a: Ferrothorn\n|upkeep\n|turn|74\n|\n|t:|1698983250\n|cant|p2a: Zygarde|slp\n|move|p1a: Ferrothorn|Knock Off|p2a: Zygarde\n|-damage|p2a: Zygarde|72\/100 slp\n|\n|-damage|p2a: Zygarde|60\/100 slp|[from] Leech Seed|[of] p1a: Ferrothorn\n|upkeep\n|turn|75\n|\n|t:|1698983253\n|-curestatus|p2a: Zygarde|slp|[msg]\n|move|p2a: Zygarde|Coil|p2a: Zygarde\n|-boost|p2a: Zygarde|atk|1\n|-boost|p2a: Zygarde|def|1\n|-boost|p2a: Zygarde|accuracy|1\n|move|p1a: Ferrothorn|Substitute|p1a: Ferrothorn\n|-fail|p1a: Ferrothorn|move: Substitute\n|\n|-damage|p2a: Zygarde|47\/100|[from] Leech Seed|[of] p1a: Ferrothorn\n|upkeep\n|turn|76\n|\n|t:|1698983265\n|move|p2a: Zygarde|Scale Shot|p1a: Ferrothorn\n|-resisted|p1a: Ferrothorn\n|-activate|p1a: Ferrothorn|move: Substitute|[damage]\n|-resisted|p1a: Ferrothorn\n|-end|p1a: Ferrothorn|Substitute\n|-resisted|p1a: Ferrothorn\n|-damage|p1a: Ferrothorn|88\/100\n|-resisted|p1a: Ferrothorn\n|-damage|p1a: Ferrothorn|76\/100\n|-hitcount|p1a: Ferrothorn|4\n|-unboost|p2a: Zygarde|def|1\n|-boost|p2a: Zygarde|spe|1\n|move|p1a: Ferrothorn|Substitute|p1a: Ferrothorn\n|-start|p1a: Ferrothorn|Substitute\n|-damage|p1a: Ferrothorn|51\/100\n|\n|-heal|p1a: Ferrothorn|57\/100|[from] item: Leftovers\n|-damage|p2a: Zygarde|35\/100|[from] Leech Seed|[of] p1a: Ferrothorn\n|-heal|p1a: Ferrothorn|78\/100|[silent]\n|upkeep\n|turn|77\n|\n|t:|1698983277\n|move|p2a: Zygarde|Scale Shot|p1a: Ferrothorn\n|-resisted|p1a: Ferrothorn\n|-activate|p1a: Ferrothorn|move: Substitute|[damage]\n|-resisted|p1a: Ferrothorn\n|-activate|p1a: Ferrothorn|move: Substitute|[damage]\n|-resisted|p1a: Ferrothorn\n|-end|p1a: Ferrothorn|Substitute\n|-hitcount|p1a: Ferrothorn|3\n|-unboost|p2a: Zygarde|def|1\n|-boost|p2a: Zygarde|spe|1\n|move|p1a: Ferrothorn|Knock Off|p2a: Zygarde\n|-damage|p2a: Zygarde|33\/100\n|\n|-heal|p1a: Ferrothorn|84\/100|[from] item: Leftovers\n|-damage|p2a: Zygarde|20\/100|[from] Leech Seed|[of] p1a: Ferrothorn\n|-heal|p1a: Ferrothorn|100\/100|[silent]\n|upkeep\n|turn|78\n|\n|t:|1698983296\n|move|p2a: Zygarde|Thousand Waves|p1a: Ferrothorn\n|-damage|p1a: Ferrothorn|17\/100\n|move|p1a: Ferrothorn|Substitute|p1a: Ferrothorn\n|-fail|p1a: Ferrothorn|move: Substitute|[weak]\n|\n|-heal|p1a: Ferrothorn|23\/100|[from] item: Leftovers\n|-damage|p2a: Zygarde|8\/100|[from] Leech Seed|[of] p1a: Ferrothorn\n|-heal|p1a: Ferrothorn|44\/100|[silent]\n|upkeep\n|turn|79\n|\n|t:|1698983308\n|move|p2a: Zygarde|Rest|p2a: Zygarde\n|-status|p2a: Zygarde|slp|[from] move: Rest\n|-heal|p2a: Zygarde|100\/100 slp|[silent]\n|move|p1a: Ferrothorn|Knock Off|p2a: Zygarde\n|-damage|p2a: Zygarde|98\/100 slp\n|\n|-heal|p1a: Ferrothorn|50\/100|[from] item: Leftovers\n|-damage|p2a: Zygarde|86\/100 slp|[from] Leech Seed|[of] p1a: Ferrothorn\n|-heal|p1a: Ferrothorn|71\/100|[silent]\n|upkeep\n|turn|80\n|\n|t:|1698983311\n|cant|p2a: Zygarde|slp\n|move|p1a: Ferrothorn|Knock Off|p2a: Zygarde\n|-damage|p2a: Zygarde|84\/100 slp\n|\n|-heal|p1a: Ferrothorn|77\/100|[from] item: Leftovers\n|-damage|p2a: Zygarde|71\/100 slp|[from] Leech Seed|[of] p1a: Ferrothorn\n|-heal|p1a: Ferrothorn|98\/100|[silent]\n|upkeep\n|turn|81\n|\n|t:|1698983313\n|cant|p2a: Zygarde|slp\n|move|p1a: Ferrothorn|Substitute|p1a: Ferrothorn\n|-start|p1a: Ferrothorn|Substitute\n|-damage|p1a: Ferrothorn|73\/100\n|\n|-heal|p1a: Ferrothorn|79\/100|[from] item: Leftovers\n|-damage|p2a: Zygarde|59\/100 slp|[from] Leech Seed|[of] p1a: Ferrothorn\n|-heal|p1a: Ferrothorn|99\/100|[silent]\n|upkeep\n|turn|82\n|\n|t:|1698983317\n|-terastallize|p2a: Zygarde|Dragon\n|-curestatus|p2a: Zygarde|slp|[msg]\n|move|p2a: Zygarde|Scale Shot|p1a: Ferrothorn\n|-resisted|p1a: Ferrothorn\n|-activate|p1a: Ferrothorn|move: Substitute|[damage]\n|-resisted|p1a: Ferrothorn\n|-end|p1a: Ferrothorn|Substitute\n|-hitcount|p1a: Ferrothorn|2\n|-unboost|p2a: Zygarde|def|1\n|-boost|p2a: Zygarde|spe|1\n|move|p1a: Ferrothorn|Substitute|p1a: Ferrothorn\n|-start|p1a: Ferrothorn|Substitute\n|-damage|p1a: Ferrothorn|75\/100\n|\n|-heal|p1a: Ferrothorn|81\/100|[from] item: Leftovers\n|-damage|p2a: Zygarde|46\/100|[from] Leech Seed|[of] p1a: Ferrothorn\n|-heal|p1a: Ferrothorn|100\/100|[silent]\n|upkeep\n|turn|83\n|\n|t:|1698983334\n|move|p2a: Zygarde|Coil|p2a: Zygarde\n|-boost|p2a: Zygarde|atk|0\n|-boost|p2a: Zygarde|def|1\n|-boost|p2a: Zygarde|accuracy|0\n|move|p1a: Ferrothorn|Substitute|p1a: Ferrothorn\n|-fail|p1a: Ferrothorn|move: Substitute\n|\n|-damage|p2a: Zygarde|34\/100|[from] Leech Seed|[of] p1a: Ferrothorn\n|upkeep\n|turn|84\n|\n|t:|1698983338\n|move|p2a: Zygarde|Coil|p2a: Zygarde\n|-boost|p2a: Zygarde|atk|0\n|-boost|p2a: Zygarde|def|1\n|-boost|p2a: Zygarde|accuracy|0\n|move|p1a: Ferrothorn|Knock Off|p2a: Zygarde\n|-damage|p2a: Zygarde|32\/100\n|\n|-damage|p2a: Zygarde|20\/100|[from] Leech Seed|[of] p1a: Ferrothorn\n|upkeep\n|turn|85\n|\n|t:|1698983340\n|move|p2a: Zygarde|Rest|p2a: Zygarde\n|-status|p2a: Zygarde|slp|[from] move: Rest\n|-heal|p2a: Zygarde|100\/100 slp|[silent]\n|move|p1a: Ferrothorn|Knock Off|p2a: Zygarde\n|-damage|p2a: Zygarde|99\/100 slp\n|\n|-damage|p2a: Zygarde|86\/100 slp|[from] Leech Seed|[of] p1a: Ferrothorn\n|upkeep\n|turn|86\n|\n|t:|1698983344\n|cant|p2a: Zygarde|slp\n|move|p1a: Ferrothorn|Spikes||[still]\n|-fail|p1a: Ferrothorn\n|\n|-damage|p2a: Zygarde|74\/100 slp|[from] Leech Seed|[of] p1a: Ferrothorn\n|upkeep\n|turn|87\n|\n|t:|1698983346\n|cant|p2a: Zygarde|slp\n|move|p1a: Ferrothorn|Spikes||[still]\n|-fail|p1a: Ferrothorn\n|\n|-damage|p2a: Zygarde|61\/100 slp|[from] Leech Seed|[of] p1a: Ferrothorn\n|upkeep\n|turn|88\n|\n|t:|1698983348\n|-curestatus|p2a: Zygarde|slp|[msg]\n|move|p2a: Zygarde|Coil|p2a: Zygarde\n|-boost|p2a: Zygarde|atk|0\n|-boost|p2a: Zygarde|def|1\n|-boost|p2a: Zygarde|accuracy|0\n|move|p1a: Ferrothorn|Substitute|p1a: Ferrothorn\n|-fail|p1a: Ferrothorn|move: Substitute\n|\n|-damage|p2a: Zygarde|49\/100|[from] Leech Seed|[of] p1a: Ferrothorn\n|upkeep\n|turn|89\n|\n|t:|1698983353\n|move|p2a: Zygarde|Scale Shot|p1a: Ferrothorn\n|-resisted|p1a: Ferrothorn\n|-activate|p1a: Ferrothorn|move: Substitute|[damage]\n|-resisted|p1a: Ferrothorn\n|-crit|p1a: Ferrothorn\n|-end|p1a: Ferrothorn|Substitute\n|-hitcount|p1a: Ferrothorn|2\n|-unboost|p2a: Zygarde|def|1\n|-boost|p2a: Zygarde|spe|1\n|move|p1a: Ferrothorn|Knock Off|p2a: Zygarde\n|-damage|p2a: Zygarde|47\/100\n|\n|-damage|p2a: Zygarde|35\/100|[from] Leech Seed|[of] p1a: Ferrothorn\n|upkeep\n|turn|90\n|\n|t:|1698983357\n|move|p2a: Zygarde|Thousand Waves|p1a: Ferrothorn\n|-damage|p1a: Ferrothorn|6\/100\n|move|p1a: Ferrothorn|Substitute|p1a: Ferrothorn\n|-fail|p1a: Ferrothorn|move: Substitute|[weak]\n|\n|-heal|p1a: Ferrothorn|12\/100|[from] item: Leftovers\n|-damage|p2a: Zygarde|22\/100|[from] Leech Seed|[of] p1a: Ferrothorn\n|-heal|p1a: Ferrothorn|34\/100|[silent]\n|upkeep\n|turn|91\n|\n|t:|1698983372\n|move|p2a: Zygarde|Rest|p2a: Zygarde\n|-status|p2a: Zygarde|slp|[from] move: Rest\n|-heal|p2a: Zygarde|100\/100 slp|[silent]\n|move|p1a: Ferrothorn|Substitute|p1a: Ferrothorn\n|-start|p1a: Ferrothorn|Substitute\n|-damage|p1a: Ferrothorn|9\/100\n|\n|-heal|p1a: Ferrothorn|15\/100|[from] item: Leftovers\n|-damage|p2a: Zygarde|88\/100 slp|[from] Leech Seed|[of] p1a: Ferrothorn\n|-heal|p1a: Ferrothorn|36\/100|[silent]\n|upkeep\n|turn|92\n|\n|t:|1698983377\n|cant|p2a: Zygarde|slp\n|move|p1a: Ferrothorn|Knock Off|p2a: Zygarde\n|-damage|p2a: Zygarde|86\/100 slp\n|\n|-heal|p1a: Ferrothorn|42\/100|[from] item: Leftovers\n|-damage|p2a: Zygarde|74\/100 slp|[from] Leech Seed|[of] p1a: Ferrothorn\n|-heal|p1a: Ferrothorn|63\/100|[silent]\n|upkeep\n|turn|93\n|\n|t:|1698983380\n|cant|p2a: Zygarde|slp\n|move|p1a: Ferrothorn|Knock Off|p2a: Zygarde\n|-damage|p2a: Zygarde|72\/100 slp\n|\n|-heal|p1a: Ferrothorn|69\/100|[from] item: Leftovers\n|-damage|p2a: Zygarde|60\/100 slp|[from] Leech Seed|[of] p1a: Ferrothorn\n|-heal|p1a: Ferrothorn|90\/100|[silent]\n|upkeep\n|turn|94\n|\n|t:|1698983387\n|-curestatus|p2a: Zygarde|slp|[msg]\n|move|p2a: Zygarde|Scale Shot|p1a: Ferrothorn\n|-resisted|p1a: Ferrothorn\n|-activate|p1a: Ferrothorn|move: Substitute|[damage]\n|-resisted|p1a: Ferrothorn\n|-end|p1a: Ferrothorn|Substitute\n|-hitcount|p1a: Ferrothorn|2\n|-unboost|p2a: Zygarde|def|1\n|-boost|p2a: Zygarde|spe|1\n|move|p1a: Ferrothorn|Knock Off|p2a: Zygarde\n|-damage|p2a: Zygarde|57\/100\n|\n|-heal|p1a: Ferrothorn|96\/100|[from] item: Leftovers\n|-damage|p2a: Zygarde|45\/100|[from] Leech Seed|[of] p1a: Ferrothorn\n|-heal|p1a: Ferrothorn|100\/100|[silent]\n|upkeep\n|turn|95\n|\n|t:|1698983396\n|move|p2a: Zygarde|Coil|p2a: Zygarde\n|-boost|p2a: Zygarde|atk|0\n|-boost|p2a: Zygarde|def|1\n|-boost|p2a: Zygarde|accuracy|0\n|move|p1a: Ferrothorn|Knock Off|p2a: Zygarde\n|-damage|p2a: Zygarde|43\/100\n|\n|-damage|p2a: Zygarde|31\/100|[from] Leech Seed|[of] p1a: Ferrothorn\n|upkeep\n|turn|96\n|\n|t:|1698983400\n|move|p2a: Zygarde|Thousand Waves|p1a: Ferrothorn\n|-damage|p1a: Ferrothorn|9\/100\n|move|p1a: Ferrothorn|Substitute|p1a: Ferrothorn\n|-fail|p1a: Ferrothorn|move: Substitute|[weak]\n|\n|-heal|p1a: Ferrothorn|15\/100|[from] item: Leftovers\n|-damage|p2a: Zygarde|18\/100|[from] Leech Seed|[of] p1a: Ferrothorn\n|-heal|p1a: Ferrothorn|36\/100|[silent]\n|upkeep\n|turn|97\n|\n|t:|1698983420\n|move|p2a: Zygarde|Coil|p2a: Zygarde\n|-boost|p2a: Zygarde|atk|0\n|-boost|p2a: Zygarde|def|1\n|-boost|p2a: Zygarde|accuracy|0\n|move|p1a: Ferrothorn|Knock Off|p2a: Zygarde\n|-damage|p2a: Zygarde|17\/100\n|\n|-heal|p1a: Ferrothorn|42\/100|[from] item: Leftovers\n|-damage|p2a: Zygarde|4\/100|[from] Leech Seed|[of] p1a: Ferrothorn\n|-heal|p1a: Ferrothorn|63\/100|[silent]\n|upkeep\n|turn|98\n|\n|t:|1698983429\n|move|p2a: Zygarde|Rest|p2a: Zygarde\n|-status|p2a: Zygarde|slp|[from] move: Rest\n|-heal|p2a: Zygarde|100\/100 slp|[silent]\n|move|p1a: Ferrothorn|Substitute|p1a: Ferrothorn\n|-start|p1a: Ferrothorn|Substitute\n|-damage|p1a: Ferrothorn|38\/100\n|\n|-heal|p1a: Ferrothorn|44\/100|[from] item: Leftovers\n|-damage|p2a: Zygarde|88\/100 slp|[from] Leech Seed|[of] p1a: Ferrothorn\n|-heal|p1a: Ferrothorn|65\/100|[silent]\n|upkeep\n|turn|99\n|\n|t:|1698983432\n|cant|p2a: Zygarde|slp\n|move|p1a: Ferrothorn|Knock Off|p2a: Zygarde\n|-damage|p2a: Zygarde|87\/100 slp\n|\n|-heal|p1a: Ferrothorn|71\/100|[from] item: Leftovers\n|-damage|p2a: Zygarde|74\/100 slp|[from] Leech Seed|[of] p1a: Ferrothorn\n|-heal|p1a: Ferrothorn|93\/100|[silent]\n|upkeep\n|turn|100\n|\n|t:|1698983438\n|cant|p2a: Zygarde|slp\n|move|p1a: Ferrothorn|Spikes||[still]\n|-fail|p1a: Ferrothorn\n|\n|-heal|p1a: Ferrothorn|99\/100|[from] item: Leftovers\n|-damage|p2a: Zygarde|62\/100 slp|[from] Leech Seed|[of] p1a: Ferrothorn\n|-heal|p1a: Ferrothorn|100\/100|[silent]\n|upkeep\n|turn|101\n|\n|t:|1698983440\n|-curestatus|p2a: Zygarde|slp|[msg]\n|move|p2a: Zygarde|Scale Shot|p1a: Ferrothorn\n|-resisted|p1a: Ferrothorn\n|-activate|p1a: Ferrothorn|move: Substitute|[damage]\n|-resisted|p1a: Ferrothorn\n|-end|p1a: Ferrothorn|Substitute\n|-resisted|p1a: Ferrothorn\n|-damage|p1a: Ferrothorn|84\/100\n|-resisted|p1a: Ferrothorn\n|-damage|p1a: Ferrothorn|67\/100\n|-resisted|p1a: Ferrothorn\n|-damage|p1a: Ferrothorn|51\/100\n|-hitcount|p1a: Ferrothorn|5\n|-unboost|p2a: Zygarde|def|1\n|-boost|p2a: Zygarde|spe|1\n|move|p1a: Ferrothorn|Knock Off|p2a: Zygarde\n|-damage|p2a: Zygarde|60\/100\n|\n|-heal|p1a: Ferrothorn|57\/100|[from] item: Leftovers\n|-damage|p2a: Zygarde|47\/100|[from] Leech Seed|[of] p1a: Ferrothorn\n|-heal|p1a: Ferrothorn|78\/100|[silent]\n|upkeep\n|turn|102\n|\n|t:|1698983458\n|move|p2a: Zygarde|Thousand Waves|p1a: Ferrothorn\n|-damage|p1a: Ferrothorn|0 fnt\n|faint|p1a: Ferrothorn\n|\n|upkeep\n|\n|t:|1698983461\n|switch|p1a: Ditto|Ditto|100\/100\n|-damage|p1a: Ditto|88\/100|[from] Stealth Rock\n|-transform|p1a: Ditto|p2a: Zygarde|[from] ability: Imposter\n|-start|p1a: Ditto|typechange|Dragon\/Ground|[silent]\n|turn|103\n|\n|t:|1698983463\n|move|p1a: Ditto|Scale Shot|p2a: Zygarde\n|-supereffective|p2a: Zygarde\n|-damage|p2a: Zygarde|37\/100\n|-supereffective|p2a: Zygarde\n|-damage|p2a: Zygarde|26\/100\n|-supereffective|p2a: Zygarde\n|-damage|p2a: Zygarde|17\/100\n|-supereffective|p2a: Zygarde\n|-damage|p2a: Zygarde|7\/100\n|-hitcount|p2a: Zygarde|4\n|-unboost|p1a: Ditto|def|1\n|move|p2a: Zygarde|Scale Shot|p1a: Ditto\n|-supereffective|p1a: Ditto\n|-damage|p1a: Ditto|59\/100\n|-supereffective|p1a: Ditto\n|-damage|p1a: Ditto|29\/100\n|-supereffective|p1a: Ditto\n|-damage|p1a: Ditto|0 fnt\n|faint|p1a: Ditto\n|-hitcount|p1: Ditto|3\n|-unboost|p2a: Zygarde|def|1\n|\n|upkeep\n|\n|t:|1698983474\n|switch|p1a: Chansey|Chansey, F, tera:Ghost|88\/100\n|-damage|p1a: Chansey|76\/100|[from] Stealth Rock\n|turn|104\n|\n|t:|1698983479\n|move|p2a: Zygarde|Scale Shot|p1a: Chansey\n|-damage|p1a: Chansey|41\/100\n|-damage|p1a: Chansey|3\/100\n|-damage|p1a: Chansey|0 fnt\n|faint|p1a: Chansey\n|-hitcount|p1: Chansey|3\n|-unboost|p2a: Zygarde|def|1\n|\n|upkeep\n|\n|t:|1698983483\n|switch|p1a: Sableye|Sableye, M|100\/100\n|-damage|p1a: Sableye|88\/100|[from] Stealth Rock\n|turn|105\n|\n|t:|1698983497\n|move|p2a: Zygarde|Scale Shot|p1a: Sableye\n|-damage|p1a: Sableye|29\/100\n|-damage|p1a: Sableye|0 fnt\n|faint|p1a: Sableye\n|-hitcount|p1: Sableye|2\n|-unboost|p2a: Zygarde|def|1\n|\n|upkeep\n|-message|DavBluDino forfeited.\n|\n|win|Are En Gee\n|raw|DavBluDino's rating: 1565 &rarr; <strong>1554<\/strong><br \/>(-11 for losing)\n|raw|Are En Gee's rating: 1733 &rarr; <strong>1744<\/strong><br \/>(+11 for winning)\n|l|\u2606DavBluDino\n","uploadtime":1698983504,"views":5,"p1id":"davbludino","p2id":"areengee","formatid":"gen9nationaldexubers","rating":1554,"private":0,"password":""}