{"id":"gen9nationaldexubers-1985551066","p1":"MysteryDonut1","p2":"yeet46000","format":"[Gen 9] National Dex Ubers","log":"|j|\u2606MysteryDonut1\n|j|\u2606yeet46000\n|t:|1699383906\n|gametype|singles\n|player|p1|MysteryDonut1|olympia|1064\n|player|p2|yeet46000|janitor|1170\n|teamsize|p1|6\n|teamsize|p2|6\n|gen|9\n|tier|[Gen 9] National Dex Ubers\n|rated|\n|rule|HP Percentage Mod: HP is shown in percentages\n|rule|Endless Battle Clause: Forcing endless battles is banned\n|rule|OHKO Clause: OHKO moves are banned\n|rule|Evasion Moves Clause: Evasion moves are banned\n|rule|Evasion Items Clause: Evasion items are banned\n|rule|Species Clause: Limit one of each Pok\u00e9mon\n|rule|Sleep Clause Mod: Limit one foe put to sleep\n|rule|Mega Rayquaza Clause: You cannot mega evolve Rayquaza\n|clearpoke\n|poke|p1|Ho-Oh|\n|poke|p1|Corviknight, M|\n|poke|p1|Kartana|\n|poke|p1|Heatran, M|\n|poke|p1|Gholdengo|\n|poke|p1|Scizor, F|\n|poke|p2|Basculegion-F, F|\n|poke|p2|Ninetales-Alola, M|\n|poke|p2|Garchomp, F|\n|poke|p2|Orthworm, F|\n|poke|p2|Charizard, F|\n|poke|p2|Tsareena, F|\n|teampreview\n|\n|t:|1699383916\n|start\n|switch|p1a: Scizor|Scizor, F|100\/100\n|switch|p2a: Megalomaniac|Garchomp, F|100\/100\n|turn|1\n|\n|t:|1699383924\n|detailschange|p1a: Scizor|Scizor-Mega, F\n|-mega|p1a: Scizor|Scizor|Scizorite\n|move|p2a: Megalomaniac|Swords Dance|p2a: Megalomaniac\n|-boost|p2a: Megalomaniac|atk|2\n|move|p1a: Scizor|Swords Dance|p1a: Scizor\n|-boost|p1a: Scizor|atk|2\n|\n|upkeep\n|turn|2\n|\n|t:|1699383931\n|switch|p2a: Tsareena|Tsareena, F|100\/100\n|move|p1a: Scizor|Bullet Punch||[still]\n|cant|p2a: Tsareena|ability: Queenly Majesty|Bullet Punch|[of] p1a: Scizor\n|\n|upkeep\n|turn|3\n|\n|t:|1699383942\n|move|p1a: Scizor|U-turn|p2a: Tsareena\n|-supereffective|p2a: Tsareena\n|-damage|p2a: Tsareena|0 fnt\n|faint|p2a: Tsareena\n|\n|t:|1699383946\n|switch|p1a: Ho-Oh|Ho-Oh|100\/100|[from] U-turn\n|\n|upkeep\n|\n|t:|1699383952\n|switch|p2a: Basculegion|Basculegion-F, F|100\/100\n|turn|4\n|\n|t:|1699383963\n|-terastallize|p2a: Basculegion|Ghost\n|move|p2a: Basculegion|Last Respects|p1a: Ho-Oh\n|-damage|p1a: Ho-Oh|56\/100\n|move|p1a: Ho-Oh|Earthquake|p2a: Basculegion\n|-damage|p2a: Basculegion|64\/100\n|\n|upkeep\n|turn|5\n|\n|t:|1699383973\n|move|p2a: Basculegion|Last Respects|p1a: Ho-Oh\n|-damage|p1a: Ho-Oh|13\/100\n|move|p1a: Ho-Oh|Sacred Fire|p2a: Basculegion\n|-damage|p2a: Basculegion|11\/100\n|\n|upkeep\n|turn|6\n|\n|t:|1699383981\n|switch|p1a: Scizor|Scizor-Mega, F|100\/100\n|move|p2a: Basculegion|Last Respects|p1a: Scizor\n|-damage|p1a: Scizor|63\/100\n|\n|upkeep\n|turn|7\n|\n|t:|1699383990\n|switch|p2a: drago guy|Charizard, F|100\/100\n|move|p1a: Scizor|Bullet Punch|p2a: drago guy\n|-resisted|p2a: drago guy\n|-damage|p2a: drago guy|75\/100\n|\n|upkeep\n|turn|8\n|\n|t:|1699383999\n|switch|p1a: Ho-Oh|Ho-Oh|47\/100\n|move|p2a: drago guy|Belly Drum|p2a: drago guy\n|-damage|p2a: drago guy|25\/100\n|-setboost|p2a: drago guy|atk|6|[from] move: Belly Drum\n|\n|upkeep\n|turn|9\n|\n|t:|1699384009\n|move|p2a: drago guy|Fire Punch|p1a: Ho-Oh\n|-resisted|p1a: Ho-Oh\n|-damage|p1a: Ho-Oh|0 fnt\n|faint|p1a: Ho-Oh\n|\n|upkeep\n|\n|t:|1699384013\n|switch|p1a: Kartana|Kartana|100\/100\n|turn|10\n|\n|t:|1699384017\n|move|p1a: Kartana|Knock Off|p2a: drago guy\n|-damage|p2a: drago guy|0 fnt\n|-enditem|p2a: drago guy|Charcoal|[from] move: Knock Off|[of] p1a: Kartana\n|faint|p2a: drago guy\n|-ability|p1a: Kartana|Beast Boost|boost\n|-boost|p1a: Kartana|atk|1\n|\n|upkeep\n|\n|t:|1699384026\n|switch|p2a: Eleventales-Alola|Ninetales-Alola, M|100\/100\n|-weather|Snow|[from] ability: Snow Warning|[of] p2a: Eleventales-Alola\n|turn|11\n|\n|t:|1699384033\n|switch|p1a: Scizor|Scizor-Mega, F|63\/100\n|-zpower|p2a: Eleventales-Alola\n|move|p2a: Eleventales-Alola|Subzero Slammer|p1a: Scizor|[zeffect]\n|-resisted|p1a: Scizor\n|-damage|p1a: Scizor|31\/100\n|\n|-weather|Snow|[upkeep]\n|upkeep\n|turn|12\n|\n|t:|1699384044\n|move|p2a: Eleventales-Alola|Dig||[still]\n|-prepare|p2a: Eleventales-Alola|Dig\n|move|p1a: Scizor|Roost|p1a: Scizor\n|-heal|p1a: Scizor|81\/100\n|-singleturn|p1a: Scizor|move: Roost\n|\n|-weather|Snow|[upkeep]\n|upkeep\n|turn|13\n|\n|t:|1699384050\n|switch|p1a: Corviknight|Corviknight, M|100\/100\n|-ability|p1a: Corviknight|Pressure\n|move|p2a: Eleventales-Alola|Dig|p1a: Corviknight|[from]lockedmove\n|-immune|p1a: Corviknight\n|\n|-weather|Snow|[upkeep]\n|upkeep\n|turn|14\n|\n|t:|1699384058\n|move|p2a: Eleventales-Alola|Blizzard|p1a: Corviknight\n|-damage|p1a: Corviknight|61\/100\n|move|p1a: Corviknight|U-turn|p2a: Eleventales-Alola\n|-resisted|p2a: Eleventales-Alola\n|-damage|p2a: Eleventales-Alola|93\/100\n|\n|t:|1699384063\n|switch|p1a: Scizor|Scizor-Mega, F|81\/100|[from] U-turn\n|\n|-weather|Snow|[upkeep]\n|upkeep\n|turn|15\n|\n|t:|1699384075\n|move|p1a: Scizor|Bullet Punch|p2a: Eleventales-Alola\n|-supereffective|p2a: Eleventales-Alola\n|-damage|p2a: Eleventales-Alola|0 fnt\n|faint|p2a: Eleventales-Alola\n|\n|-weather|none\n|upkeep\n|\n|t:|1699384080\n|switch|p2a: Megalomaniac|Garchomp, F|100\/100\n|turn|16\n|\n|t:|1699384087\n|detailschange|p2a: Megalomaniac|Garchomp-Mega, F\n|-mega|p2a: Megalomaniac|Garchomp|Garchompite\n|move|p2a: Megalomaniac|Dragon Claw|p1a: Scizor\n|-resisted|p1a: Scizor\n|-damage|p1a: Scizor|61\/100\n|move|p1a: Scizor|U-turn|p2a: Megalomaniac\n|-damage|p2a: Megalomaniac|61\/100\n|\n|t:|1699384099\n|switch|p1a: Kartana|Kartana|100\/100|[from] U-turn\n|\n|upkeep\n|turn|17\n|\n|t:|1699384106\n|move|p1a: Kartana|Leaf Blade|p2a: Megalomaniac\n|-damage|p2a: Megalomaniac|9\/100\n|move|p2a: Megalomaniac|Dragon Claw|p1a: Kartana\n|-resisted|p1a: Kartana\n|-damage|p1a: Kartana|76\/100\n|\n|upkeep\n|turn|18\n|\n|t:|1699384113\n|switch|p2a: Wormy|Orthworm, F|100\/100\n|move|p1a: Kartana|Leaf Blade|p2a: Wormy\n|-resisted|p2a: Wormy\n|-crit|p2a: Wormy\n|-damage|p2a: Wormy|65\/100\n|\n|upkeep\n|turn|19\n|\n|t:|1699384134\n|switch|p1a: Corviknight|Corviknight, M|61\/100\n|-ability|p1a: Corviknight|Pressure\n|move|p2a: Wormy|Earthquake|p1a: Corviknight\n|-immune|p1a: Corviknight\n|\n|upkeep\n|turn|20\n|\n|t:|1699384143\n|move|p1a: Corviknight|U-turn|p2a: Wormy\n|-resisted|p2a: Wormy\n|-damage|p2a: Wormy|60\/100\n|\n|t:|1699384150\n|switch|p1a: Kartana|Kartana|76\/100|[from] U-turn\n|move|p2a: Wormy|Earthquake|p1a: Kartana\n|-damage|p1a: Kartana|55\/100\n|\n|upkeep\n|turn|21\n|\n|t:|1699384156\n|move|p1a: Kartana|Sacred Sword|p2a: Wormy\n|-supereffective|p2a: Wormy\n|-damage|p2a: Wormy|4\/100\n|move|p2a: Wormy|Iron Defense|p2a: Wormy\n|-boost|p2a: Wormy|def|2\n|\n|upkeep\n|turn|22\n|\n|t:|1699384163\n|switch|p2a: Basculegion|Basculegion-F, F, tera:Ghost|11\/100\n|move|p1a: Kartana|Sacred Sword|p2a: Basculegion\n|-immune|p2a: Basculegion\n|\n|upkeep\n|turn|23\n|\n|t:|1699384170\n|switch|p1a: Scizor|Scizor-Mega, F|61\/100\n|move|p2a: Basculegion|Last Respects|p1a: Scizor\n|-damage|p1a: Scizor|0 fnt\n|faint|p1a: Scizor\n|\n|upkeep\n|\n|t:|1699384174\n|switch|p1a: Kartana|Kartana|55\/100\n|turn|24\n|\n|t:|1699384180\n|move|p1a: Kartana|Knock Off|p2a: Basculegion\n|-supereffective|p2a: Basculegion\n|-damage|p2a: Basculegion|0 fnt\n|-enditem|p2a: Basculegion|Choice Scarf|[from] move: Knock Off|[of] p1a: Kartana\n|faint|p2a: Basculegion\n|-ability|p1a: Kartana|Beast Boost|boost\n|-boost|p1a: Kartana|atk|1\n|\n|upkeep\n|\n|t:|1699384187\n|switch|p2a: Megalomaniac|Garchomp-Mega, F|9\/100\n|turn|25\n|c|\u2606MysteryDonut1|gg\n|\n|t:|1699384194\n|move|p1a: Kartana|Knock Off|p2a: Megalomaniac\n|-damage|p2a: Megalomaniac|0 fnt\n|faint|p2a: Megalomaniac\n|-ability|p1a: Kartana|Beast Boost|boost\n|-boost|p1a: Kartana|atk|1\n|\n|upkeep\n|\n|t:|1699384200\n|switch|p2a: Wormy|Orthworm, F|4\/100\n|turn|26\n|\n|t:|1699384202\n|move|p1a: Kartana|Knock Off|p2a: Wormy\n|-damage|p2a: Wormy|0 fnt\n|faint|p2a: Wormy\n|\n|win|MysteryDonut1\n|raw|MysteryDonut1's rating: 1064 &rarr; <strong>1103<\/strong><br \/>(+39 for winning)\n|raw|yeet46000's rating: 1170 &rarr; <strong>1138<\/strong><br \/>(-32 for losing)\n|l|\u2606yeet46000\n","uploadtime":1699384209,"views":6,"p1id":"mysterydonut1","p2id":"yeet46000","formatid":"gen9nationaldexubers","rating":1103,"private":0,"password":""}