{"id":"gen9nationaldexubers-1981815428","p1":"JustCallMeX","p2":"Gtg g u2","format":"[Gen 9] National Dex Ubers","log":"|j|\u2606JustCallMeX\n|j|\u2606Gtg g u2\n|t:|1698943714\n|gametype|singles\n|player|p1|JustCallMeX|red-masters2|1085\n|player|p2|Gtg g u2|red-masters|1071\n|teamsize|p1|6\n|teamsize|p2|6\n|gen|9\n|tier|[Gen 9] National Dex Ubers\n|rated|\n|rule|HP Percentage Mod: HP is shown in percentages\n|rule|Endless Battle Clause: Forcing endless battles is banned\n|rule|OHKO Clause: OHKO moves are banned\n|rule|Evasion Moves Clause: Evasion moves are banned\n|rule|Evasion Items Clause: Evasion items are banned\n|rule|Species Clause: Limit one of each Pok\u00e9mon\n|rule|Sleep Clause Mod: Limit one foe put to sleep\n|rule|Mega Rayquaza Clause: You cannot mega evolve Rayquaza\n|clearpoke\n|poke|p1|Pikachu, M|\n|poke|p1|Greninja-*, M|\n|poke|p1|Dragapult, M|\n|poke|p1|Nidoking, M|\n|poke|p1|Espeon, F|\n|poke|p1|Gallade, M|\n|poke|p2|Pikachu, M|\n|poke|p2|Rillaboom, M|\n|poke|p2|Cramorant, M|\n|poke|p2|Grapploct, M|\n|poke|p2|Centiskorch, M|\n|poke|p2|Runerigus, F|\n|teampreview\n|inactive|Battle timer is ON: inactive players will automatically lose when time's up. (requested by Gtg g u2)\n|inactive|JustCallMeX also wants the timer to be on.\n|\n|t:|1698943718\n|start\n|switch|p1a: Eifie|Espeon, F|100\/100\n|switch|p2a: Rillaboom|Rillaboom, M|100\/100\n|-fieldstart|move: Grassy Terrain|[from] ability: Grassy Surge|[of] p2a: Rillaboom\n|turn|1\n|\n|t:|1698943727\n|move|p1a: Eifie|Psychic|p2a: Rillaboom\n|-damage|p2a: Rillaboom|41\/100\n|move|p2a: Rillaboom|Knock Off|p1a: Eifie\n|-supereffective|p1a: Eifie\n|-enditem|p1a: Eifie|Focus Sash\n|-damage|p1a: Eifie|1\/100\n|-damage|p2a: Rillaboom|31\/100|[from] item: Life Orb\n|\n|-heal|p1a: Eifie|7\/100|[from] Grassy Terrain\n|-heal|p2a: Rillaboom|37\/100|[from] Grassy Terrain\n|upkeep\n|turn|2\n|\n|t:|1698943736\n|move|p2a: Rillaboom|Grassy Glide|p1a: Eifie\n|-damage|p1a: Eifie|0 fnt\n|faint|p1a: Eifie\n|-damage|p2a: Rillaboom|27\/100|[from] item: Life Orb\n|\n|-heal|p2a: Rillaboom|33\/100|[from] Grassy Terrain\n|upkeep\n|\n|t:|1698943743\n|switch|p1a: Gallade|Gallade, M|100\/100\n|turn|3\n|\n|t:|1698943746\n|detailschange|p1a: Gallade|Gallade-Mega, M\n|-mega|p1a: Gallade|Gallade|Galladite\n|move|p1a: Gallade|Shadow Sneak|p2a: Rillaboom\n|-damage|p2a: Rillaboom|16\/100\n|move|p2a: Rillaboom|Grassy Glide|p1a: Gallade\n|-damage|p1a: Gallade|49\/100\n|-damage|p2a: Rillaboom|6\/100|[from] item: Life Orb\n|\n|-heal|p1a: Gallade|55\/100|[from] Grassy Terrain\n|-heal|p2a: Rillaboom|12\/100|[from] Grassy Terrain\n|upkeep\n|turn|4\n|\n|t:|1698943756\n|move|p1a: Gallade|Shadow Sneak|p2a: Rillaboom\n|-damage|p2a: Rillaboom|0 fnt\n|faint|p2a: Rillaboom\n|\n|-heal|p1a: Gallade|61\/100|[from] Grassy Terrain\n|upkeep\n|\n|t:|1698943759\n|switch|p2a: Runerigus|Runerigus, F, shiny|100\/100\n|turn|5\n|\n|t:|1698943763\n|move|p1a: Gallade|Leaf Blade|p2a: Runerigus\n|-supereffective|p2a: Runerigus\n|-crit|p2a: Runerigus\n|-damage|p2a: Runerigus|0 fnt\n|-activate|p2a: Runerigus|ability: Wandering Spirit|Inner Focus|Wandering Spirit|[of] p1a: Gallade\n|faint|p2a: Runerigus\n|\n|-heal|p1a: Gallade|67\/100|[from] Grassy Terrain\n|-fieldend|move: Grassy Terrain\n|upkeep\n|\n|t:|1698943768\n|switch|p2a: Cramorant|Cramorant, M|100\/100\n|turn|6\n|\n|t:|1698943776\n|move|p1a: Gallade|Psycho Cut|p2a: Cramorant\n|-damage|p2a: Cramorant|17\/100\n|move|p2a: Cramorant|Hurricane|p1a: Gallade\n|-supereffective|p1a: Gallade\n|-damage|p1a: Gallade|0 fnt\n|faint|p1a: Gallade\n|\n|upkeep\n|\n|t:|1698943783\n|switch|p1a: Pikachu|Pikachu, M|100\/100\n|turn|7\n|\n|t:|1698943788\n|move|p1a: Pikachu|Discharge|p2a: Cramorant\n|-supereffective|p2a: Cramorant\n|-damage|p2a: Cramorant|0 fnt\n|faint|p2a: Cramorant\n|\n|upkeep\n|\n|t:|1698943792\n|switch|p2a: Pikachu|Pikachu, M|100\/100\n|turn|8\n|\n|t:|1698943797\n|move|p2a: Pikachu|Play Rough|p1a: Pikachu\n|-damage|p1a: Pikachu|0 fnt\n|faint|p1a: Pikachu\n|\n|upkeep\n|\n|t:|1698943802\n|switch|p1a: Nidoking|Nidoking, M|100\/100\n|turn|9\n|\n|t:|1698943805\n|move|p2a: Pikachu|Surf|p1a: Nidoking\n|-supereffective|p1a: Nidoking\n|-damage|p1a: Nidoking|42\/100\n|move|p1a: Nidoking|Stealth Rock|p2a: Pikachu\n|-sidestart|p2: Gtg g u2|move: Stealth Rock\n|\n|-heal|p1a: Nidoking|48\/100|[from] item: Leftovers\n|upkeep\n|turn|10\n|\n|t:|1698943811\n|move|p2a: Pikachu|Surf|p1a: Nidoking\n|-supereffective|p1a: Nidoking\n|-damage|p1a: Nidoking|0 fnt\n|faint|p1a: Nidoking\n|\n|upkeep\n|\n|t:|1698943816\n|switch|p1a: Doraparuto|Dragapult, M|100\/100\n|turn|11\n|\n|t:|1698943818\n|move|p1a: Doraparuto|Dragon Darts|p2a: Pikachu\n|-damage|p2a: Pikachu|22\/100\n|-anim|p1a: Doraparuto|Dragon Darts|p2a: Pikachu\n|-damage|p2a: Pikachu|0 fnt\n|faint|p2a: Pikachu\n|\n|upkeep\n|\n|t:|1698943825\n|switch|p2a: Grapploct|Grapploct, M|100\/100\n|-damage|p2a: Grapploct|94\/100|[from] Stealth Rock\n|turn|12\n|\n|t:|1698943829\n|move|p1a: Doraparuto|Dragon Darts|p2a: Grapploct\n|-damage|p2a: Grapploct|71\/100\n|-anim|p1a: Doraparuto|Dragon Darts|p2a: Grapploct\n|-damage|p2a: Grapploct|46\/100\n|move|p2a: Grapploct|Ice Punch|p1a: Doraparuto\n|-supereffective|p1a: Doraparuto\n|-damage|p1a: Doraparuto|14\/100\n|\n|-heal|p2a: Grapploct|52\/100|[from] item: Leftovers\n|upkeep\n|turn|13\n|\n|t:|1698943838\n|move|p1a: Doraparuto|Dragon Darts|p2a: Grapploct\n|-damage|p2a: Grapploct|31\/100\n|-anim|p1a: Doraparuto|Dragon Darts|p2a: Grapploct\n|-damage|p2a: Grapploct|7\/100\n|move|p2a: Grapploct|Ice Punch|p1a: Doraparuto\n|-supereffective|p1a: Doraparuto\n|-damage|p1a: Doraparuto|0 fnt\n|faint|p1a: Doraparuto\n|\n|-heal|p2a: Grapploct|13\/100|[from] item: Leftovers\n|upkeep\n|\n|t:|1698943847\n|switch|p1a: Greninja|Greninja, M|100\/100\n|turn|14\n|\n|t:|1698943850\n|-terastallize|p1a: Greninja|Water\n|move|p1a: Greninja|Acrobatics|p2a: Grapploct\n|-supereffective|p2a: Grapploct\n|-damage|p2a: Grapploct|0 fnt\n|faint|p2a: Grapploct\n|-ability|p1a: Greninja|Battle Bond|boost\n|-boost|p1a: Greninja|atk|1\n|-boost|p1a: Greninja|spa|1\n|-boost|p1a: Greninja|spe|1\n|-activate|p1a: Greninja|ability: Battle Bond\n|\n|upkeep\n|\n|t:|1698943852\n|switch|p2a: Centiskorch|Centiskorch, M|100\/100\n|turn|15\n|\n|t:|1698943861\n|-terastallize|p2a: Centiskorch|Grass\n|move|p1a: Greninja|Water Shuriken|p2a: Centiskorch\n|-resisted|p2a: Centiskorch\n|-damage|p2a: Centiskorch|95\/100\n|-resisted|p2a: Centiskorch\n|-damage|p2a: Centiskorch|90\/100\n|-resisted|p2a: Centiskorch\n|-damage|p2a: Centiskorch|84\/100\n|-hitcount|p2a: Centiskorch|3\n|move|p2a: Centiskorch|Power Whip|p1a: Greninja\n|-supereffective|p1a: Greninja\n|-damage|p1a: Greninja|0 fnt\n|faint|p1a: Greninja\n|\n|win|Gtg g u2\n|raw|JustCallMeX's rating: 1085 &rarr; <strong>1061<\/strong><br \/>(-24 for losing)\n|raw|Gtg g u2's rating: 1071 &rarr; <strong>1102<\/strong><br \/>(+31 for winning)\n","uploadtime":1698943866,"views":9,"p1id":"justcallmex","p2id":"gtggu2","formatid":"gen9nationaldexubers","rating":1061,"private":0,"password":""}