{"id":"gen9nationaldexubers-1993566095","p1":"UsoJo","p2":"mimitox","format":"[Gen 9] National Dex Ubers","log":"|j|\u2606UsoJo\n|j|\u2606mimitox\n|t:|1700332442\n|gametype|singles\n|player|p1|UsoJo|ghetsis|1000\n|player|p2|mimitox|170|1052\n|teamsize|p1|6\n|teamsize|p2|6\n|gen|9\n|tier|[Gen 9] National Dex Ubers\n|rated|\n|rule|HP Percentage Mod: HP is shown in percentages\n|rule|Endless Battle Clause: Forcing endless battles is banned\n|rule|OHKO Clause: OHKO moves are banned\n|rule|Evasion Moves Clause: Evasion moves are banned\n|rule|Evasion Items Clause: Evasion items are banned\n|rule|Species Clause: Limit one of each Pok\u00e9mon\n|rule|Sleep Clause Mod: Limit one foe put to sleep\n|rule|Mega Rayquaza Clause: You cannot mega evolve Rayquaza\n|clearpoke\n|poke|p1|Marshadow|\n|poke|p1|Mr. Rime, M|\n|poke|p1|Chien-Pao|\n|poke|p1|Groudon|\n|poke|p1|Aegislash, M|\n|poke|p1|Lucario, M|\n|poke|p2|Lurantis, F|\n|poke|p2|Inteleon, M|\n|poke|p2|Blaziken, F|\n|poke|p2|Landorus-Therian, M|\n|poke|p2|Tinkaton, F|\n|poke|p2|Morpeko, F|\n|teampreview\n|\n|t:|1700332447\n|start\n|switch|p1a: Chien-Pao|Chien-Pao|100\/100\n|switch|p2a: Inteleon|Inteleon, M|100\/100\n|-ability|p1a: Chien-Pao|Sword of Ruin\n|turn|1\n|\n|t:|1700332467\n|move|p2a: Inteleon|Snipe Shot|p1a: Chien-Pao\n|-damage|p1a: Chien-Pao|8\/100\n|move|p1a: Chien-Pao|Swords Dance|p1a: Chien-Pao\n|-boost|p1a: Chien-Pao|atk|2\n|\n|upkeep\n|turn|2\n|\n|t:|1700332485\n|move|p2a: Inteleon|Snipe Shot|p1a: Chien-Pao\n|-damage|p1a: Chien-Pao|0 fnt\n|faint|p1a: Chien-Pao\n|\n|upkeep\n|c|\u2606mimitox|good damage\n|\n|t:|1700332496\n|switch|p1a: Groudon|Groudon, shiny|100\/100\n|detailschange|p1a: Groudon|Groudon-Primal, shiny\n|-primal|p1a: Groudon|Red Orb\n|-weather|DesolateLand|[from] ability: Desolate Land|[of] p1a: Groudon\n|turn|3\n|\n|t:|1700332504\n|move|p2a: Inteleon|Snipe Shot||[still]\n|-fail|p2a: Inteleon|Snipe Shot|[from] Desolate Land\n|move|p1a: Groudon|Rock Polish|p1a: Groudon\n|-boost|p1a: Groudon|spe|2\n|\n|-weather|DesolateLand|[upkeep]\n|upkeep\n|turn|4\n|c|\u2606UsoJo|surprise\n|\n|t:|1700332531\n|switch|p2a: Landorus|Landorus-Therian, M|100\/100\n|-ability|p2a: Landorus|Intimidate|boost\n|-unboost|p1a: Groudon|atk|1\n|move|p1a: Groudon|Precipice Blades|p2a: Landorus\n|-immune|p2a: Landorus\n|\n|-weather|DesolateLand|[upkeep]\n|upkeep\n|turn|5\n|c|\u2606mimitox|i forgot the talent of groudon\n|\n|t:|1700332543\n|move|p1a: Groudon|Heat Crash|p2a: Landorus\n|-damage|p2a: Landorus|13\/100\n|-damage|p1a: Groudon|84\/100|[from] item: Rocky Helmet|[of] p2a: Landorus\n|move|p2a: Landorus|Earthquake|p1a: Groudon\n|-supereffective|p1a: Groudon\n|-damage|p1a: Groudon|14\/100\n|\n|-weather|DesolateLand|[upkeep]\n|upkeep\n|turn|6\n|\n|t:|1700332558\n|move|p1a: Groudon|Rock Slide|p2a: Landorus|[miss]\n|-miss|p1a: Groudon|p2a: Landorus\n|move|p2a: Landorus|Earthquake|p1a: Groudon\n|-supereffective|p1a: Groudon\n|-damage|p1a: Groudon|0 fnt\n|faint|p1a: Groudon\n|-weather|none\n|\n|upkeep\n|\n|t:|1700332572\n|switch|p1a: Mr. Rime|Mr. Rime, M|100\/100\n|turn|7\n|\n|t:|1700332583\n|move|p2a: Landorus|U-turn|p1a: Mr. Rime\n|-supereffective|p1a: Mr. Rime\n|-damage|p1a: Mr. Rime|10\/100\n|-enditem|p1a: Mr. Rime|Iapapa Berry|[eat]\n|-heal|p1a: Mr. Rime|43\/100|[from] item: Iapapa Berry\n|-start|p1a: Mr. Rime|confusion\n|\n|t:|1700332590\n|switch|p2a: Inteleon|Inteleon, M|100\/100|[from] U-turn\n|-activate|p1a: Mr. Rime|confusion\n|-damage|p1a: Mr. Rime|32\/100|[from] confusion\n|\n|upkeep\n|turn|8\n|\n|t:|1700332634\n|move|p2a: Inteleon|Shadow Ball|p1a: Mr. Rime\n|-supereffective|p1a: Mr. Rime\n|-damage|p1a: Mr. Rime|0 fnt\n|faint|p1a: Mr. Rime\n|\n|upkeep\n|\n|t:|1700332642\n|switch|p1a: Aegislash|Aegislash, M, shiny|100\/100\n|-item|p1a: Aegislash|Air Balloon\n|turn|9\n|\n|t:|1700332666\n|move|p2a: Inteleon|Shadow Ball|p1a: Aegislash\n|-supereffective|p1a: Aegislash\n|-damage|p1a: Aegislash|16\/100\n|-unboost|p1a: Aegislash|spd|1\n|-enditem|p1a: Aegislash|Air Balloon\n|move|p1a: Aegislash|Swords Dance|p1a: Aegislash\n|-boost|p1a: Aegislash|atk|2\n|\n|upkeep\n|turn|10\n|\n|t:|1700332677\n|move|p2a: Inteleon|Shadow Ball|p1a: Aegislash\n|-supereffective|p1a: Aegislash\n|-damage|p1a: Aegislash|0 fnt\n|faint|p1a: Aegislash\n|\n|upkeep\n|\n|t:|1700332684\n|switch|p1a: Lucario|Lucario, M|100\/100\n|turn|11\n|\n|t:|1700332722\n|switch|p2a: Lurantis|Lurantis, F|100\/100\n|detailschange|p1a: Lucario|Lucario-Mega, M\n|-mega|p1a: Lucario|Lucario|Lucarionite\n|move|p1a: Lucario|Calm Mind|p1a: Lucario\n|-boost|p1a: Lucario|spa|1\n|-boost|p1a: Lucario|spd|1\n|\n|upkeep\n|turn|12\n|\n|t:|1700332738\n|move|p1a: Lucario|Dragon Pulse|p2a: Lurantis\n|-damage|p2a: Lurantis|50\/100\n|move|p2a: Lurantis|Superpower|p1a: Lucario\n|-supereffective|p1a: Lucario\n|-crit|p1a: Lucario\n|-damage|p1a: Lucario|0 fnt\n|-boost|p2a: Lurantis|atk|1\n|-boost|p2a: Lurantis|def|1\n|faint|p1a: Lucario\n|-damage|p2a: Lurantis|40\/100|[from] item: Life Orb\n|\n|upkeep\n|\n|t:|1700332750\n|switch|p1a: Marshadow|Marshadow|100\/100\n|turn|13\n|c|\u2606mimitox|i'm sorry for critical hit\n|\n|t:|1700332766\n|move|p1a: Marshadow|Spectral Thief||[still]\n|-clearpositiveboost|p2a: Lurantis|p1a: Marshadow|move: Spectral Thief\n|-boost|p1a: Marshadow|atk|1\n|-boost|p1a: Marshadow|def|1\n|-anim|p1a: Marshadow|Spectral Thief|p2a: Lurantis\n|-damage|p2a: Lurantis|0 fnt\n|faint|p2a: Lurantis\n|\n|upkeep\n|c|\u2606UsoJo|yoink\n|\n|t:|1700332783\n|switch|p2a: Inteleon|Inteleon, M|100\/100\n|turn|14\n|c|\u2606mimitox|gg\n|\n|t:|1700332796\n|move|p2a: Inteleon|Shadow Ball|p1a: Marshadow\n|-supereffective|p1a: Marshadow\n|-damage|p1a: Marshadow|9\/100\n|-zpower|p1a: Marshadow\n|move|p1a: Marshadow|Soul-Stealing 7-Star Strike|p2a: Inteleon|[zeffect]\n|-crit|p2a: Inteleon\n|-damage|p2a: Inteleon|0 fnt\n|faint|p2a: Inteleon\n|\n|upkeep\n|\n|t:|1700332806\n|switch|p2a: Blaziken|Blaziken, F|100\/100\n|turn|15\n|\n|t:|1700332820\n|move|p1a: Marshadow|Spectral Thief|p2a: Blaziken\n|-damage|p2a: Blaziken|10\/100\n|move|p2a: Blaziken|Flare Blitz|p1a: Marshadow\n|-damage|p1a: Marshadow|0 fnt\n|faint|p1a: Marshadow\n|-damage|p2a: Blaziken|7\/100|[from] Recoil\n|\n|win|mimitox\n|raw|UsoJo's rating: 1000 &rarr; <strong>1000<\/strong><br \/>(+0 for losing)\n|raw|mimitox's rating: 1052 &rarr; <strong>1079<\/strong><br \/>(+27 for winning)\n|l|\u2606UsoJo\n|c|\u2606mimitox|gg beautifull game\n","uploadtime":1700332846,"views":15,"p1id":"usojo","p2id":"mimitox","formatid":"gen9nationaldexubers","rating":1000,"private":0,"password":""}