{"id":"gen9nationaldexubers-1995969181","p1":"johnkharkiv","p2":"It is I Freddy","format":"[Gen 9] National Dex Ubers","log":"|j|\u2606johnkharkiv\n|j|\u2606It is I Freddy\n|t:|1700623395\n|gametype|singles\n|player|p1|johnkharkiv|swimmerf-gen4|\n|player|p2|It is I Freddy|morty|\n|teamsize|p1|6\n|teamsize|p2|6\n|gen|9\n|tier|[Gen 9] National Dex Ubers\n|rule|HP Percentage Mod: HP is shown in percentages\n|rule|Endless Battle Clause: Forcing endless battles is banned\n|rule|OHKO Clause: OHKO moves are banned\n|rule|Evasion Moves Clause: Evasion moves are banned\n|rule|Evasion Items Clause: Evasion items are banned\n|rule|Species Clause: Limit one of each Pok\u00e9mon\n|rule|Sleep Clause Mod: Limit one foe put to sleep\n|rule|Mega Rayquaza Clause: You cannot mega evolve Rayquaza\n|clearpoke\n|poke|p1|Kleavor, F|\n|poke|p1|Ninetales, F|\n|poke|p1|Gyarados, F|\n|poke|p1|Ogerpon, F|\n|poke|p1|Baxcalibur, M|\n|poke|p1|Typhlosion-Hisui, M|\n|poke|p2|Ceruledge, M|\n|poke|p2|Mandibuzz, F|\n|poke|p2|Espeon, M|\n|poke|p2|Banette, M|\n|poke|p2|Spidops, M|\n|poke|p2|Rotom-Heat|\n|teampreview\n|c|\u2606It is I Freddy|may the best man win\n|c|\u2606It is I Freddy|round 3\n|inactive|Battle timer is ON: inactive players will automatically lose when time's up. (requested by It is I Freddy)\n|\n|t:|1700623475\n|start\n|switch|p1a: Ax Murderer|Kleavor, F|100\/100\n|switch|p2a: Flame Knight|Ceruledge, M|100\/100\n|turn|1\n|\n|t:|1700623490\n|move|p2a: Flame Knight|Poltergeist|p1a: Ax Murderer\n|-activate|p1a: Ax Murderer|move: Poltergeist|Wide Lens\n|-damage|p1a: Ax Murderer|44\/100\n|move|p1a: Ax Murderer|Stone Axe|p2a: Flame Knight\n|-supereffective|p2a: Flame Knight\n|-enditem|p2a: Flame Knight|Focus Sash\n|-damage|p2a: Flame Knight|1\/100\n|-ability|p2a: Flame Knight|Weak Armor|boost\n|-unboost|p2a: Flame Knight|def|1\n|-boost|p2a: Flame Knight|spe|2\n|-sidestart|p2: It is I Freddy|move: Stealth Rock\n|\n|upkeep\n|turn|2\n|inactive|johnkharkiv has 270 seconds left.\n|\n|t:|1700623534\n|move|p2a: Flame Knight|Poltergeist|p1a: Ax Murderer\n|-activate|p1a: Ax Murderer|move: Poltergeist|Wide Lens\n|-damage|p1a: Ax Murderer|0 fnt\n|faint|p1a: Ax Murderer\n|\n|upkeep\n|\n|t:|1700623543\n|switch|p1a: Don\u2019t Ban Me|Baxcalibur, M|100\/100\n|turn|3\n|\n|t:|1700623552\n|move|p2a: Flame Knight|Shadow Sneak|p1a: Don\u2019t Ban Me\n|-damage|p1a: Don\u2019t Ban Me|83\/100\n|move|p1a: Don\u2019t Ban Me|Ice Shard|p2a: Flame Knight\n|-resisted|p2a: Flame Knight\n|-damage|p2a: Flame Knight|0 fnt\n|faint|p2a: Flame Knight\n|\n|upkeep\n|\n|t:|1700623562\n|switch|p2a: Magician's Cat|Espeon, M|100\/100\n|-damage|p2a: Magician's Cat|88\/100|[from] Stealth Rock\n|turn|4\n|inactive|johnkharkiv has 270 seconds left.\n|\n|t:|1700623577\n|-terastallize|p1a: Don\u2019t Ban Me|Ice\n|move|p2a: Magician's Cat|Dazzling Gleam|p1a: Don\u2019t Ban Me\n|-damage|p1a: Don\u2019t Ban Me|45\/100\n|move|p1a: Don\u2019t Ban Me|Icicle Spear|p2a: Magician's Cat\n|-damage|p2a: Magician's Cat|50\/100\n|-damage|p2a: Magician's Cat|12\/100\n|-damage|p2a: Magician's Cat|0 fnt\n|faint|p2a: Magician's Cat\n|-hitcount|p2: Magician's Cat|3\n|\n|upkeep\n|\n|t:|1700623595\n|switch|p2a: Poltergheist|Rotom-Heat|100\/100\n|-damage|p2a: Poltergheist|76\/100|[from] Stealth Rock\n|turn|5\n|inactive|johnkharkiv has 270 seconds left.\n|\n|t:|1700623618\n|switch|p1a: 69tales|Ninetales, F, shiny|100\/100\n|-weather|SunnyDay|[from] ability: Drought|[of] p1a: 69tales\n|move|p2a: Poltergheist|Thunderbolt|p1a: 69tales\n|-damage|p1a: 69tales|52\/100\n|\n|-weather|SunnyDay|[upkeep]\n|upkeep\n|turn|6\n|\n|t:|1700623641\n|move|p2a: Poltergheist|Thunderbolt|p1a: 69tales\n|-damage|p1a: 69tales|0 fnt\n|faint|p1a: 69tales\n|\n|-weather|SunnyDay|[upkeep]\n|upkeep\n|\n|t:|1700623651\n|switch|p1a: TrickOrTreat|Ogerpon, F|100\/100\n|turn|7\n|inactive|johnkharkiv has 240 seconds left.\n|\n|t:|1700623682\n|switch|p2a: Undead Vulture|Mandibuzz, F, shiny|100\/100\n|-damage|p2a: Undead Vulture|76\/100|[from] Stealth Rock\n|move|p1a: TrickOrTreat|Knock Off|p2a: Undead Vulture\n|-resisted|p2a: Undead Vulture\n|-damage|p2a: Undead Vulture|64\/100\n|-damage|p1a: TrickOrTreat|84\/100|[from] item: Rocky Helmet|[of] p2a: Undead Vulture\n|-enditem|p2a: Undead Vulture|Rocky Helmet|[from] move: Knock Off|[of] p1a: TrickOrTreat\n|-damage|p1a: TrickOrTreat|74\/100|[from] item: Life Orb\n|\n|-weather|SunnyDay|[upkeep]\n|upkeep\n|turn|8\n|\n|t:|1700623699\n|move|p1a: TrickOrTreat|Brick Break|p2a: Undead Vulture\n|-damage|p2a: Undead Vulture|44\/100\n|-damage|p1a: TrickOrTreat|64\/100|[from] item: Life Orb\n|move|p2a: Undead Vulture|Defog|p1a: TrickOrTreat\n|-unboost|p1a: TrickOrTreat|evasion|1\n|-ability|p1a: TrickOrTreat|Defiant|boost\n|-boost|p1a: TrickOrTreat|atk|2\n|-sideend|p2: It is I Freddy|Stealth Rock|[from] move: Defog|[of] p2a: Undead Vulture\n|\n|-weather|SunnyDay|[upkeep]\n|upkeep\n|turn|9\n|inactive|johnkharkiv has 210 seconds left.\n|\n|t:|1700623733\n|move|p1a: TrickOrTreat|Solar Blade||[still]\n|-prepare|p1a: TrickOrTreat|Solar Blade\n|-anim|p1a: TrickOrTreat|Solar Blade|p2a: Undead Vulture\n|-resisted|p2a: Undead Vulture\n|-damage|p2a: Undead Vulture|0 fnt\n|faint|p2a: Undead Vulture\n|-damage|p1a: TrickOrTreat|54\/100|[from] item: Life Orb\n|\n|-weather|SunnyDay|[upkeep]\n|upkeep\n|inactive|It is I Freddy has 270 seconds left.\n|\n|t:|1700623760\n|switch|p2a: Special Ops|Spidops, M|100\/100\n|turn|10\n|inactive|johnkharkiv has 210 seconds left.\n|inactive|It is I Freddy has 270 seconds left.\n|inactive|johnkharkiv has 180 seconds left.\n|\n|t:|1700623810\n|move|p1a: TrickOrTreat|Knock Off|p2a: Special Ops\n|-damage|p2a: Special Ops|36\/100\n|-enditem|p2a: Special Ops|Leftovers|[from] move: Knock Off|[of] p1a: TrickOrTreat\n|-damage|p1a: TrickOrTreat|44\/100|[from] item: Life Orb\n|move|p2a: Special Ops|Knock Off|p1a: TrickOrTreat\n|-damage|p1a: TrickOrTreat|21\/100\n|-enditem|p1a: TrickOrTreat|Life Orb|[from] move: Knock Off|[of] p2a: Special Ops\n|\n|-weather|SunnyDay|[upkeep]\n|upkeep\n|turn|11\n|inactive|johnkharkiv has 180 seconds left.\n|inactive|johnkharkiv has 150 seconds left.\n|\n|t:|1700623868\n|move|p1a: TrickOrTreat|Knock Off|p2a: Special Ops\n|-damage|p2a: Special Ops|0 fnt\n|faint|p2a: Special Ops\n|\n|-weather|SunnyDay|[upkeep]\n|upkeep\n|\n|t:|1700623889\n|switch|p2a: Smiley|Banette, M, shiny|100\/100\n|turn|12\n|inactive|It is I Freddy has 240 seconds left.\n|\n|t:|1700623905\n|-terastallize|p2a: Smiley|Ghost\n|move|p2a: Smiley|Shadow Sneak|p1a: TrickOrTreat\n|-damage|p1a: TrickOrTreat|0 fnt\n|faint|p1a: TrickOrTreat\n|-damage|p2a: Smiley|91\/100|[from] item: Life Orb\n|\n|-weather|none\n|upkeep\n|inactive|johnkharkiv has 120 seconds left.\n|\n|t:|1700623938\n|switch|p1a: Red Terror|Gyarados, F, shiny|100\/100\n|-ability|p1a: Red Terror|Intimidate|boost\n|-unboost|p2a: Smiley|atk|1\n|turn|13\n|\n|t:|1700623960\n|switch|p2a: Poltergheist|Rotom-Heat|76\/100\n|detailschange|p1a: Red Terror|Gyarados-Mega, F, shiny\n|-mega|p1a: Red Terror|Gyarados|Gyaradosite\n|-ability|p1a: Red Terror|Mold Breaker\n|move|p1a: Red Terror|Lash Out|p2a: Poltergheist\n|-damage|p2a: Poltergheist|12\/100\n|\n|upkeep\n|turn|14\n|\n|t:|1700623975\n|move|p2a: Poltergheist|Thunderbolt|p1a: Red Terror\n|-supereffective|p1a: Red Terror\n|-damage|p1a: Red Terror|40\/100\n|move|p1a: Red Terror|Lash Out|p2a: Poltergheist\n|-damage|p2a: Poltergheist|0 fnt\n|faint|p2a: Poltergheist\n|\n|upkeep\n|\n|t:|1700623983\n|switch|p2a: Smiley|Banette, M, shiny, tera:Ghost|91\/100\n|turn|15\n|c|\u2606johnkharkiv|GG\n|\n|t:|1700624005\n|move|p1a: Red Terror|Lash Out|p2a: Smiley\n|-supereffective|p2a: Smiley\n|-damage|p2a: Smiley|0 fnt\n|-start|p1a: Red Terror|Disable|Lash Out|[from] ability: Cursed Body|[of] p2a: Smiley\n|faint|p2a: Smiley\n|\n|win|johnkharkiv\n|c|\u2606It is I Freddy|gg\n|l|\u2606It is I Freddy\n","uploadtime":1700624026,"views":1,"p1id":"johnkharkiv","p2id":"itisifreddy","formatid":"gen9nationaldexubers","rating":0,"private":0,"password":""}