{"id":"gen9nationaldexubers-1991710056","p1":"Boston Blisseys","p2":"Waikiki Woopers","format":"[Gen 9] National Dex Ubers","log":"|j|\u2606Boston Blisseys\n|j|\u2606Waikiki Woopers\n|t:|1700105444\n|gametype|singles\n|player|p1|Boston Blisseys|hiker-gen4|\n|player|p2|Waikiki Woopers|swimmer|\n|teamsize|p1|6\n|teamsize|p2|6\n|gen|9\n|tier|[Gen 9] National Dex Ubers\n|rule|HP Percentage Mod: HP is shown in percentages\n|rule|Endless Battle Clause: Forcing endless battles is banned\n|rule|OHKO Clause: OHKO moves are banned\n|rule|Evasion Moves Clause: Evasion moves are banned\n|rule|Evasion Items Clause: Evasion items are banned\n|rule|Species Clause: Limit one of each Pok\u00e9mon\n|rule|Sleep Clause Mod: Limit one foe put to sleep\n|rule|Mega Rayquaza Clause: You cannot mega evolve Rayquaza\n|clearpoke\n|poke|p1|Magearna|\n|poke|p1|Arcanine-Hisui, M|\n|poke|p1|Rillaboom, F|\n|poke|p1|Umbreon, F|\n|poke|p1|Dragapult, M|\n|poke|p1|Quaquaval, M|\n|poke|p2|Iron Bundle|\n|poke|p2|Iron Valiant|\n|poke|p2|Tapu Koko|\n|poke|p2|Gyarados, M|\n|poke|p2|Iron Treads|\n|poke|p2|Arcanine, F|\n|teampreview\n|c|\u2606Waikiki Woopers|glhf! g2\n|c|\u2606Boston Blisseys|glhf\n|\n|t:|1700105466\n|start\n|switch|p1a: Tyrrany|Rillaboom, F|100\/100\n|switch|p2a: Galladiator|Iron Valiant, shiny|100\/100\n|-fieldstart|move: Grassy Terrain|[from] ability: Grassy Surge|[of] p1a: Tyrrany\n|turn|1\n|j| lelza\n|j| RNG_G0D\n|\n|t:|1700105478\n|-end|p2a: Galladiator|Quark Drive|[silent]\n|switch|p2a: Granny Tzu|Arcanine, F, shiny|100\/100\n|-ability|p2a: Granny Tzu|Intimidate|boost\n|-fail|p1a: Tyrrany|unboost|[from] item: Clear Amulet|[of] p1a: Tyrrany\n|move|p1a: Tyrrany|Swords Dance|p1a: Tyrrany\n|-boost|p1a: Tyrrany|atk|2\n|\n|upkeep\n|turn|2\n|\n|t:|1700105511\n|move|p1a: Tyrrany|High Horsepower|p2a: Granny Tzu\n|-supereffective|p2a: Granny Tzu\n|-damage|p2a: Granny Tzu|9\/100\n|-damage|p1a: Tyrrany|84\/100|[from] item: Rocky Helmet|[of] p2a: Granny Tzu\n|move|p2a: Granny Tzu|Will-O-Wisp|p1a: Tyrrany|[miss]\n|-miss|p2a: Granny Tzu|p1a: Tyrrany\n|\n|-heal|p1a: Tyrrany|90\/100|[from] Grassy Terrain\n|-heal|p2a: Granny Tzu|15\/100|[from] Grassy Terrain\n|upkeep\n|turn|3\n|c|\u2606Waikiki Woopers|NOOOOO RNG GOD WHYYYY\n|j| PokeHaint\n|\n|t:|1700105562\n|switch|p2a: The Santa Clause 2|Gyarados, M, shiny|100\/100\n|-ability|p2a: The Santa Clause 2|Intimidate|boost\n|-fail|p1a: Tyrrany|unboost|[from] item: Clear Amulet|[of] p1a: Tyrrany\n|move|p1a: Tyrrany|High Horsepower|p2a: The Santa Clause 2\n|-immune|p2a: The Santa Clause 2\n|\n|-heal|p1a: Tyrrany|96\/100|[from] Grassy Terrain\n|upkeep\n|turn|4\n|\n|t:|1700105568\n|move|p1a: Tyrrany|Grassy Glide|p2a: The Santa Clause 2\n|-damage|p2a: The Santa Clause 2|29\/100\n|move|p2a: The Santa Clause 2|Toxic|p1a: Tyrrany\n|-status|p1a: Tyrrany|tox\n|\n|-heal|p1a: Tyrrany|100\/100 tox|[from] Grassy Terrain\n|-heal|p2a: The Santa Clause 2|36\/100|[from] item: Leftovers\n|-damage|p1a: Tyrrany|94\/100 tox|[from] psn\n|upkeep\n|turn|5\n|c| PokeHaint|Because I willed it\n|c| RNG_G0D|For telling me to study of course\n|\n|t:|1700105582\n|switch|p2a: Granny Tzu|Arcanine, F, shiny|15\/100\n|-ability|p2a: Granny Tzu|Intimidate|boost\n|-fail|p1a: Tyrrany|unboost|[from] item: Clear Amulet|[of] p1a: Tyrrany\n|move|p1a: Tyrrany|Grassy Glide|p2a: Granny Tzu\n|-resisted|p2a: Granny Tzu\n|-damage|p2a: Granny Tzu|0 fnt\n|-damage|p1a: Tyrrany|78\/100 tox|[from] item: Rocky Helmet|[of] p2a: Granny Tzu\n|faint|p2a: Granny Tzu\n|\n|-heal|p1a: Tyrrany|84\/100 tox|[from] Grassy Terrain\n|-damage|p1a: Tyrrany|72\/100 tox|[from] psn\n|-fieldend|move: Grassy Terrain\n|upkeep\n|j| medi34\n|c| PokeHaint|Wait the real one is here!?\n|\n|t:|1700105594\n|switch|p2a: The Santa Clause 1|Iron Bundle|100\/100\n|turn|6\n|c| medi34|He's omniscient\n|c| medi34|omnipresent\n|c| medi34|omnipotent\n|\n|t:|1700105622\n|move|p2a: The Santa Clause 1|Freeze-Dry|p1a: Tyrrany\n|-supereffective|p1a: Tyrrany\n|-damage|p1a: Tyrrany|0 fnt\n|faint|p1a: Tyrrany\n|\n|upkeep\n|\n|t:|1700105640\n|switch|p1a: Say Hello|Dragapult, M|100\/100\n|turn|7\n|\n|t:|1700105677\n|move|p1a: Say Hello|Thunderbolt|p2a: The Santa Clause 1\n|-supereffective|p2a: The Santa Clause 1\n|-enditem|p2a: The Santa Clause 1|Focus Sash\n|-damage|p2a: The Santa Clause 1|1\/100\n|move|p2a: The Santa Clause 1|Flip Turn|p1a: Say Hello\n|-resisted|p1a: Say Hello\n|-damage|p1a: Say Hello|89\/100\n|l| RNG_G0D\n|\n|t:|1700105726\n|-end|p2a: The Santa Clause 1|Quark Drive|[silent]\n|switch|p2a: Tim|Tapu Koko, shiny|100\/100|[from] Flip Turn\n|-fieldstart|move: Electric Terrain|[from] ability: Electric Surge|[of] p2a: Tim\n|\n|upkeep\n|turn|8\n|j| RNG_G0D\n|c| medi34|Hello, Say Hello\n|c|\u2606Waikiki Woopers|Hello\n|\n|t:|1700105761\n|switch|p1a: 2|Umbreon, F|100\/100\n|move|p2a: Tim|Volt Switch|p1a: 2\n|-crit|p1a: 2\n|-damage|p1a: 2|76\/100\n|l| RNG_G0D\n|j| cincinnaticynda\n|c| PokeHaint|24% on a crit is wild\n|j| RNG_G0D\n|\n|t:|1700105784\n|switch|p2a: Free Hugs|Iron Treads|100\/100|[from] Volt Switch\n|-activate|p2a: Free Hugs|ability: Quark Drive\n|-start|p2a: Free Hugs|quarkdrivespe\n|\n|upkeep\n|turn|9\n|c| medi34|Umb is a legendary special tank\n|\n|t:|1700105799\n|-terastallize|p2a: Free Hugs|Fairy\n|move|p2a: Free Hugs|Tera Blast|p1a: 2|[anim] Tera Blast Fairy\n|-supereffective|p1a: 2\n|-damage|p1a: 2|26\/100\n|move|p1a: 2|Curse|p1a: 2\n|-unboost|p1a: 2|spe|1\n|-boost|p1a: 2|atk|1\n|-boost|p1a: 2|def|1\n|\n|upkeep\n|turn|10\n|c| medi34|:o\n|\n|t:|1700105853\n|move|p1a: 2|Detect|p1a: 2\n|-singleturn|p1a: 2|Protect\n|move|p2a: Free Hugs|Tera Blast|p1a: 2|[anim] Tera Blast Fairy\n|-activate|p1a: 2|move: Protect\n|\n|upkeep\n|turn|11\n|\n|t:|1700105891\n|-terastallize|p1a: 2|Ghost\n|move|p2a: Free Hugs|Tera Blast|p1a: 2|[anim] Tera Blast Fairy\n|-damage|p1a: 2|6\/100\n|move|p1a: 2|Wish|p1a: 2\n|\n|upkeep\n|turn|12\n|\n|t:|1700105906\n|-end|p2a: Free Hugs|Quark Drive|[silent]\n|switch|p2a: Tim|Tapu Koko, shiny|100\/100\n|move|p1a: 2|Detect||[still]\n|-fail|p1a: 2\n|\n|-heal|p1a: 2|56\/100|[from] move: Wish|[wisher] 2\n|upkeep\n|turn|13\n|\n|t:|1700105935\n|move|p2a: Tim|Taunt|p1a: 2\n|-start|p1a: 2|move: Taunt\n|-enditem|p1a: 2|Mental Herb\n|-end|p1a: 2|move: Taunt\n|move|p1a: 2|Wish|p1a: 2\n|\n|upkeep\n|turn|14\n|\n|t:|1700105945\n|switch|p2a: The Santa Clause 2|Gyarados, M, shiny|36\/100\n|-ability|p2a: The Santa Clause 2|Intimidate|boost\n|-unboost|p1a: 2|atk|1\n|move|p1a: 2|Payback|p2a: The Santa Clause 2\n|-damage|p2a: The Santa Clause 2|22\/100\n|\n|-heal|p1a: 2|100\/100|[from] move: Wish|[wisher] 2\n|-heal|p2a: The Santa Clause 2|28\/100|[from] item: Leftovers\n|-fieldend|move: Electric Terrain\n|upkeep\n|turn|15\n|\n|t:|1700105968\n|move|p2a: The Santa Clause 2|Toxic|p1a: 2\n|-status|p1a: 2|tox\n|-activate|p1a: 2|ability: Synchronize\n|-status|p2a: The Santa Clause 2|tox\n|move|p1a: 2|Payback|p2a: The Santa Clause 2\n|-damage|p2a: The Santa Clause 2|1\/100 tox\n|\n|-heal|p2a: The Santa Clause 2|7\/100 tox|[from] item: Leftovers\n|-damage|p2a: The Santa Clause 2|1\/100 tox|[from] psn\n|-damage|p1a: 2|94\/100 tox|[from] psn\n|upkeep\n|turn|16\n|\n|t:|1700105981\n|move|p1a: 2|Detect|p1a: 2\n|-singleturn|p1a: 2|Protect\n|move|p2a: The Santa Clause 2|Roar|p1a: 2\n|drag|p1a: Say Hello|Dragapult, M|89\/100\n|\n|-heal|p2a: The Santa Clause 2|7\/100 tox|[from] item: Leftovers\n|-damage|p2a: The Santa Clause 2|0 fnt|[from] psn\n|faint|p2a: The Santa Clause 2\n|upkeep\n|\n|t:|1700105988\n|switch|p2a: Tim|Tapu Koko, shiny|100\/100\n|-fieldstart|move: Electric Terrain|[from] ability: Electric Surge|[of] p2a: Tim\n|turn|17\n|\n|t:|1700106031\n|move|p1a: Say Hello|U-turn|p2a: Tim\n|-resisted|p2a: Tim\n|-damage|p2a: Tim|92\/100\n|c| PokeHaint|Hello\n|c| PokeHaint|Goodbye\n|\n|t:|1700106046\n|switch|p1a: Wakiki|Arcanine-Hisui, M|100\/100|[from] U-turn\n|move|p2a: Tim|Dazzling Gleam|p1a: Wakiki\n|-resisted|p1a: Wakiki\n|-damage|p1a: Wakiki|85\/100\n|\n|upkeep\n|turn|18\n|l| RNG_G0D\n|j| RNG_G0D\n|\n|t:|1700106073\n|switch|p2a: Free Hugs|Iron Treads, tera:Fairy|100\/100\n|-activate|p2a: Free Hugs|ability: Quark Drive\n|-start|p2a: Free Hugs|quarkdrivespe\n|move|p1a: Wakiki|Head Smash|p2a: Free Hugs\n|-damage|p2a: Free Hugs|32\/100\n|\n|upkeep\n|turn|19\n|\n|t:|1700106094\n|switch|p1a: 2|Umbreon, F, tera:Ghost|94\/100 tox\n|move|p2a: Free Hugs|Earthquake|p1a: 2\n|-damage|p1a: 2|59\/100 tox\n|\n|-damage|p1a: 2|53\/100 tox|[from] psn\n|upkeep\n|turn|20\n|\n|t:|1700106105\n|-end|p2a: Free Hugs|Quark Drive|[silent]\n|switch|p2a: Tim|Tapu Koko, shiny|92\/100\n|move|p1a: 2|Wish|p1a: 2\n|\n|-damage|p1a: 2|40\/100 tox|[from] psn\n|upkeep\n|turn|21\n|\n|t:|1700106115\n|move|p1a: 2|Detect|p1a: 2\n|-singleturn|p1a: 2|Protect\n|move|p2a: Tim|Taunt|p1a: 2\n|-activate|p1a: 2|move: Protect\n|\n|-heal|p1a: 2|90\/100 tox|[from] move: Wish|[wisher] 2\n|-damage|p1a: 2|72\/100 tox|[from] psn\n|upkeep\n|turn|22\n|\n|t:|1700106138\n|switch|p1a: Wakiki|Arcanine-Hisui, M|85\/100\n|move|p2a: Tim|Volt Switch|p1a: Wakiki\n|-damage|p1a: Wakiki|50\/100\n|\n|t:|1700106144\n|switch|p2a: Free Hugs|Iron Treads, tera:Fairy|32\/100|[from] Volt Switch\n|-activate|p2a: Free Hugs|ability: Quark Drive\n|-start|p2a: Free Hugs|quarkdrivespe\n|\n|upkeep\n|turn|23\n|\n|t:|1700106244\n|move|p2a: Free Hugs|Earthquake|p1a: Wakiki\n|-supereffective|p1a: Wakiki\n|-damage|p1a: Wakiki|0 fnt\n|faint|p1a: Wakiki\n|\n|upkeep\n|\n|t:|1700106259\n|switch|p1a: Little Friend|Magearna|100\/100\n|turn|24\n|\n|t:|1700106273\n|move|p2a: Free Hugs|Earthquake|p1a: Little Friend\n|-supereffective|p1a: Little Friend\n|-damage|p1a: Little Friend|40\/100\n|move|p1a: Little Friend|Iron Defense|p1a: Little Friend\n|-boost|p1a: Little Friend|def|2\n|\n|-heal|p1a: Little Friend|47\/100|[from] item: Leftovers\n|-fieldend|move: Electric Terrain\n|-end|p2a: Free Hugs|Quark Drive\n|upkeep\n|turn|25\n|\n|t:|1700106299\n|-end|p2a: Free Hugs|Quark Drive|[silent]\n|switch|p2a: Tim|Tapu Koko, shiny|92\/100\n|-fieldstart|move: Electric Terrain|[from] ability: Electric Surge|[of] p2a: Tim\n|move|p1a: Little Friend|Draining Kiss|p2a: Tim\n|-damage|p2a: Tim|66\/100\n|-heal|p1a: Little Friend|65\/100|[from] drain|[of] p2a: Tim\n|\n|-heal|p1a: Little Friend|71\/100|[from] item: Leftovers\n|upkeep\n|turn|26\n|\n|t:|1700106313\n|move|p2a: Tim|Taunt|p1a: Little Friend\n|-start|p1a: Little Friend|move: Taunt\n|move|p1a: Little Friend|Draining Kiss|p2a: Tim\n|-damage|p2a: Tim|41\/100\n|-heal|p1a: Little Friend|89\/100|[from] drain|[of] p2a: Tim\n|\n|-heal|p1a: Little Friend|95\/100|[from] item: Leftovers\n|upkeep\n|turn|27\n|\n|t:|1700106322\n|move|p2a: Tim|Roost|p2a: Tim\n|-heal|p2a: Tim|91\/100\n|-singleturn|p2a: Tim|move: Roost\n|move|p1a: Little Friend|Draining Kiss|p2a: Tim\n|-damage|p2a: Tim|66\/100\n|-heal|p1a: Little Friend|100\/100|[from] drain|[of] p2a: Tim\n|\n|upkeep\n|turn|28\n|\n|t:|1700106335\n|move|p2a: Tim|Dazzling Gleam|p1a: Little Friend\n|-resisted|p1a: Little Friend\n|-damage|p1a: Little Friend|90\/100\n|move|p1a: Little Friend|Stored Power|p2a: Tim\n|-damage|p2a: Tim|43\/100\n|\n|-heal|p1a: Little Friend|96\/100|[from] item: Leftovers\n|-end|p1a: Little Friend|move: Taunt\n|upkeep\n|turn|29\n|\n|t:|1700106348\n|move|p2a: Tim|Taunt|p1a: Little Friend\n|-start|p1a: Little Friend|move: Taunt\n|cant|p1a: Little Friend|move: Taunt|Calm Mind\n|\n|-heal|p1a: Little Friend|100\/100|[from] item: Leftovers\n|upkeep\n|turn|30\n|\n|t:|1700106357\n|move|p2a: Tim|Roost|p2a: Tim\n|-heal|p2a: Tim|94\/100\n|-singleturn|p2a: Tim|move: Roost\n|move|p1a: Little Friend|Stored Power|p2a: Tim\n|-damage|p2a: Tim|74\/100\n|\n|upkeep\n|turn|31\n|\n|t:|1700106389\n|switch|p1a: 2|Umbreon, F, tera:Ghost|72\/100 tox\n|move|p2a: Tim|Taunt|p1a: 2\n|-start|p1a: 2|move: Taunt\n|\n|-damage|p1a: 2|66\/100 tox|[from] psn\n|upkeep\n|turn|32\n|\n|t:|1700106408\n|move|p2a: Tim|Volt Switch|p1a: 2\n|-damage|p1a: 2|48\/100 tox\n|\n|t:|1700106421\n|switch|p2a: Free Hugs|Iron Treads, tera:Fairy|32\/100|[from] Volt Switch\n|-activate|p2a: Free Hugs|ability: Quark Drive\n|-start|p2a: Free Hugs|quarkdrivespe\n|move|p1a: 2|Payback|p2a: Free Hugs\n|-resisted|p2a: Free Hugs\n|-damage|p2a: Free Hugs|27\/100\n|\n|-damage|p1a: 2|36\/100 tox|[from] psn\n|-fieldend|move: Electric Terrain\n|-end|p2a: Free Hugs|Quark Drive\n|upkeep\n|turn|33\n|\n|t:|1700106435\n|move|p2a: Free Hugs|Earthquake|p1a: 2\n|-damage|p1a: 2|2\/100 tox\n|move|p1a: 2|Payback|p2a: Free Hugs\n|-resisted|p2a: Free Hugs\n|-damage|p2a: Free Hugs|15\/100\n|\n|-damage|p1a: 2|0 fnt|[from] psn\n|faint|p1a: 2\n|upkeep\n|\n|t:|1700106453\n|switch|p1a: Say Hello|Dragapult, M|89\/100\n|turn|34\n|l| RNG_G0D\n|\n|t:|1700106477\n|-end|p2a: Free Hugs|Quark Drive|[silent]\n|switch|p2a: Tim|Tapu Koko, shiny|74\/100\n|-fieldstart|move: Electric Terrain|[from] ability: Electric Surge|[of] p2a: Tim\n|move|p1a: Say Hello|Shadow Ball|p2a: Tim\n|-damage|p2a: Tim|16\/100\n|\n|upkeep\n|turn|35\n|\n|t:|1700106489\n|switch|p2a: Galladiator|Iron Valiant, shiny|100\/100\n|-activate|p2a: Galladiator|ability: Quark Drive\n|-start|p2a: Galladiator|quarkdrivespa\n|move|p1a: Say Hello|Shadow Ball|p2a: Galladiator\n|-damage|p2a: Galladiator|13\/100\n|\n|upkeep\n|turn|36\n|\n|t:|1700106520\n|switch|p1a: Little Friend|Magearna|100\/100\n|move|p2a: Galladiator|Moonblast|p1a: Little Friend\n|-resisted|p1a: Little Friend\n|-damage|p1a: Little Friend|74\/100\n|\n|-heal|p1a: Little Friend|80\/100|[from] item: Leftovers\n|upkeep\n|turn|37\n|\n|t:|1700106535\n|-end|p2a: Galladiator|Quark Drive|[silent]\n|switch|p2a: The Santa Clause 1|Iron Bundle|1\/100\n|-activate|p2a: The Santa Clause 1|ability: Quark Drive\n|-start|p2a: The Santa Clause 1|quarkdrivespe\n|move|p1a: Little Friend|Calm Mind|p1a: Little Friend\n|-boost|p1a: Little Friend|spa|1\n|-boost|p1a: Little Friend|spd|1\n|\n|-heal|p1a: Little Friend|86\/100|[from] item: Leftovers\n|upkeep\n|turn|38\n|\n|t:|1700106543\n|move|p2a: The Santa Clause 1|Taunt|p1a: Little Friend\n|-start|p1a: Little Friend|move: Taunt\n|move|p1a: Little Friend|Draining Kiss|p2a: The Santa Clause 1\n|-damage|p2a: The Santa Clause 1|0 fnt\n|-heal|p1a: Little Friend|87\/100|[from] drain|[of] p2a: The Santa Clause 1\n|faint|p2a: The Santa Clause 1\n|-ability|p1a: Little Friend|Soul-Heart|boost\n|-boost|p1a: Little Friend|spa|1\n|-end|p2a: The Santa Clause 1|Quark Drive|[silent]\n|\n|-heal|p1a: Little Friend|93\/100|[from] item: Leftovers\n|upkeep\n|\n|t:|1700106550\n|switch|p2a: Tim|Tapu Koko, shiny|16\/100\n|turn|39\n|\n|t:|1700106552\n|move|p2a: Tim|Roost|p2a: Tim\n|-heal|p2a: Tim|66\/100\n|-singleturn|p2a: Tim|move: Roost\n|move|p1a: Little Friend|Draining Kiss|p2a: Tim\n|-damage|p2a: Tim|19\/100\n|-heal|p1a: Little Friend|100\/100|[from] drain|[of] p2a: Tim\n|\n|upkeep\n|turn|40\n|\n|t:|1700106564\n|move|p2a: Tim|Roost|p2a: Tim\n|-heal|p2a: Tim|69\/100\n|-singleturn|p2a: Tim|move: Roost\n|move|p1a: Little Friend|Stored Power|p2a: Tim\n|-damage|p2a: Tim|13\/100\n|\n|-end|p1a: Little Friend|move: Taunt\n|upkeep\n|turn|41\n|c|\u2606Waikiki Woopers|gg\n|\n|t:|1700106578\n|move|p2a: Tim|Taunt|p1a: Little Friend\n|-start|p1a: Little Friend|move: Taunt\n|move|p1a: Little Friend|Stored Power|p2a: Tim\n|-damage|p2a: Tim|0 fnt\n|faint|p2a: Tim\n|-ability|p1a: Little Friend|Soul-Heart|boost\n|-boost|p1a: Little Friend|spa|1\n|\n|-fieldend|move: Electric Terrain\n|upkeep\n|\n|t:|1700106581\n|switch|p2a: Free Hugs|Iron Treads, tera:Fairy|15\/100\n|turn|42\n|\n|t:|1700106589\n|move|p2a: Free Hugs|Earthquake|p1a: Little Friend\n|-supereffective|p1a: Little Friend\n|-damage|p1a: Little Friend|47\/100\n|move|p1a: Little Friend|Draining Kiss|p2a: Free Hugs\n|-damage|p2a: Free Hugs|0 fnt\n|-heal|p1a: Little Friend|57\/100|[from] drain|[of] p2a: Free Hugs\n|faint|p2a: Free Hugs\n|-ability|p1a: Little Friend|Soul-Heart|boost\n|-boost|p1a: Little Friend|spa|1\n|-end|p2a: Free Hugs|Quark Drive|[silent]\n|\n|-heal|p1a: Little Friend|63\/100|[from] item: Leftovers\n|upkeep\n|\n|t:|1700106596\n|switch|p2a: Galladiator|Iron Valiant, shiny|13\/100\n|turn|43\n|\n|t:|1700106602\n|move|p2a: Galladiator|Moonblast|p1a: Little Friend\n|-resisted|p1a: Little Friend\n|-damage|p1a: Little Friend|48\/100\n|move|p1a: Little Friend|Draining Kiss|p2a: Galladiator\n|-supereffective|p2a: Galladiator\n|-damage|p2a: Galladiator|0 fnt\n|-heal|p1a: Little Friend|56\/100|[from] drain|[of] p2a: Galladiator\n|faint|p2a: Galladiator\n|-end|p2a: Galladiator|Quark Drive|[silent]\n|\n|win|Boston Blisseys\n|c| medi34|what a match\n|c|\u2606Waikiki Woopers|dang gg\n|l| PokeHaint\n|c|\u2606Boston Blisseys|gg\n","uploadtime":1700106613,"views":18,"p1id":"bostonblisseys","p2id":"waikikiwoopers","formatid":"gen9nationaldexubers","rating":0,"private":0,"password":""}