{"id":"gen9nationaldexubers-1999885828","p1":"straightoutta14BC","p2":"DerpyAchoque","format":"[Gen 9] National Dex Ubers","log":"|j|\u2606straightoutta14BC\n|j|\u2606DerpyAchoque\n|inactive|Battle timer is ON: inactive players will automatically lose when time's up.\n|t:|1701126333\n|gametype|singles\n|player|p1|straightoutta14BC|266|\n|player|p2|DerpyAchoque|elio|\n|teamsize|p1|6\n|teamsize|p2|6\n|gen|9\n|tier|[Gen 9] National Dex Ubers\n|rated|Tournament battle\n|rule|HP Percentage Mod: HP is shown in percentages\n|rule|Endless Battle Clause: Forcing endless battles is banned\n|rule|OHKO Clause: OHKO moves are banned\n|rule|Evasion Moves Clause: Evasion moves are banned\n|rule|Evasion Items Clause: Evasion items are banned\n|rule|Species Clause: Limit one of each Pok\u00e9mon\n|rule|Sleep Clause Mod: Limit one foe put to sleep\n|rule|Mega Rayquaza Clause: You cannot mega evolve Rayquaza\n|rule|Dynamax Clause: You cannot dynamax\n|rule|Terastal Clause: You cannot Terastallize\n|rule|Same Type Clause: Pok\u00e9mon in a team must share a type\n|clearpoke\n|poke|p1|Klefki, F|\n|poke|p1|Mawile, F|\n|poke|p1|Dialga|\n|poke|p1|Necrozma-Dusk-Mane|\n|poke|p1|Kartana|\n|poke|p1|Excadrill, M|\n|poke|p2|Rayquaza|\n|poke|p2|Dialga-Origin|\n|poke|p2|Palkia-Origin|\n|poke|p2|Giratina-Origin|\n|poke|p2|Zygarde|\n|poke|p2|Eternatus|\n|teampreview\n|j| kirblaster\n|j| Franko159\n|inactive|straightoutta14BC has 120 seconds left.\n|j| hatsir\n|inactive|straightoutta14BC has 90 seconds left.\n|\n|t:|1701126397\n|start\n|switch|p1a: Deep Impact|Excadrill, M|100\/100\n|switch|p2a: Spikey Guy|Dialga-Origin|100\/100\n|-ability|p1a: Deep Impact|Mold Breaker\n|-ability|p2a: Spikey Guy|Pressure\n|turn|1\n|\n|t:|1701126410\n|move|p1a: Deep Impact|Rapid Spin|p2a: Spikey Guy\n|-resisted|p2a: Spikey Guy\n|-damage|p2a: Spikey Guy|94\/100\n|-boost|p1a: Deep Impact|spe|1\n|move|p2a: Spikey Guy|Stealth Rock|p1a: Deep Impact\n|-sidestart|p1: straightoutta14BC|move: Stealth Rock\n|\n|upkeep\n|turn|2\n|\n|t:|1701126416\n|switch|p2a: Tentacle Guy|Giratina-Origin|100\/100\n|move|p1a: Deep Impact|Rapid Spin|p2a: Tentacle Guy\n|-immune|p2a: Tentacle Guy\n|\n|upkeep\n|turn|3\n|\n|t:|1701126424\n|move|p1a: Deep Impact|Earthquake|p2a: Tentacle Guy\n|-damage|p2a: Tentacle Guy|63\/100\n|move|p2a: Tentacle Guy|Will-O-Wisp|p1a: Deep Impact\n|-status|p1a: Deep Impact|brn\n|\n|-damage|p1a: Deep Impact|94\/100 brn|[from] brn\n|upkeep\n|turn|4\n|\n|t:|1701126436\n|switch|p1a: Pioneer|Dialga|100\/100\n|-damage|p1a: Pioneer|94\/100|[from] Stealth Rock\n|-ability|p1a: Pioneer|Pressure\n|switch|p2a: Spinach Sheet|Zygarde|100\/100\n|\n|upkeep\n|turn|5\n|\n|t:|1701126443\n|move|p2a: Spinach Sheet|Thousand Arrows|p1a: Pioneer\n|-supereffective|p1a: Pioneer\n|-damage|p1a: Pioneer|39\/100\n|move|p1a: Pioneer|Trick Room|p1a: Pioneer\n|-fieldstart|move: Trick Room|[of] p1a: Pioneer\n|\n|upkeep\n|turn|6\n|\n|t:|1701126464\n|switch|p1a: Valentina|Mawile, F|100\/100\n|-damage|p1a: Valentina|94\/100|[from] Stealth Rock\n|-ability|p1a: Valentina|Intimidate|boost\n|-unboost|p2a: Spinach Sheet|atk|1\n|move|p2a: Spinach Sheet|Thousand Arrows|p1a: Valentina\n|-supereffective|p1a: Valentina\n|-damage|p1a: Valentina|27\/100\n|\n|upkeep\n|turn|7\n|c| kirblaster|woah dialga\n|j|+bruised thighs\u2661\n|l|+bruised thighs\u2661\n|\n|t:|1701126473\n|detailschange|p1a: Valentina|Mawile-Mega, F\n|-mega|p1a: Valentina|Mawile|Mawilite\n|move|p1a: Valentina|Play Rough|p2a: Spinach Sheet\n|-supereffective|p2a: Spinach Sheet\n|-damage|p2a: Spinach Sheet|0 fnt\n|faint|p2a: Spinach Sheet\n|\n|upkeep\n|j|+bruised thighs\u2661\n|\n|t:|1701126482\n|switch|p2a: Spikey Guy|Dialga-Origin|94\/100\n|-ability|p2a: Spikey Guy|Pressure\n|turn|8\n|inactive|straightoutta14BC has 120 seconds left.\n|\n|t:|1701126512\n|switch|p1a: Pioneer|Dialga|39\/100\n|-damage|p1a: Pioneer|33\/100|[from] Stealth Rock\n|-ability|p1a: Pioneer|Pressure\n|move|p2a: Spikey Guy|Flash Cannon|p1a: Pioneer\n|-resisted|p1a: Pioneer\n|-damage|p1a: Pioneer|14\/100\n|\n|upkeep\n|turn|9\n|\n|t:|1701126523\n|move|p1a: Pioneer|Draco Meteor|p2a: Spikey Guy\n|-damage|p2a: Spikey Guy|55\/100\n|-unboost|p1a: Pioneer|spa|2\n|move|p2a: Spikey Guy|Substitute|p2a: Spikey Guy\n|-start|p2a: Spikey Guy|Substitute\n|-damage|p2a: Spikey Guy|30\/100\n|\n|-fieldend|move: Trick Room\n|upkeep\n|turn|10\n|\n|t:|1701126529\n|move|p2a: Spikey Guy|Flash Cannon|p1a: Pioneer\n|-resisted|p1a: Pioneer\n|-damage|p1a: Pioneer|0 fnt\n|faint|p1a: Pioneer\n|\n|upkeep\n|inactive|straightoutta14BC has 120 seconds left.\n|\n|t:|1701126544\n|switch|p1a: Deep Impact|Excadrill, M|94\/100 brn\n|-damage|p1a: Deep Impact|91\/100 brn|[from] Stealth Rock\n|-ability|p1a: Deep Impact|Mold Breaker\n|turn|11\n|inactive|straightoutta14BC has 120 seconds left.\n|c|\u2606DerpyAchoque|mawile is very scary\n|\n|t:|1701126579\n|switch|p2a: Spinach Noodle|Rayquaza|100\/100\n|-ability|p2a: Spinach Noodle|Air Lock\n|move|p1a: Deep Impact|Earthquake|p2a: Spinach Noodle\n|-immune|p2a: Spinach Noodle\n|\n|-damage|p1a: Deep Impact|85\/100 brn|[from] brn\n|upkeep\n|turn|12\n|\n|t:|1701126584\n|move|p1a: Deep Impact|Rapid Spin|p2a: Spinach Noodle\n|-damage|p2a: Spinach Noodle|91\/100\n|-boost|p1a: Deep Impact|spe|1\n|-sideend|p1: straightoutta14BC|Stealth Rock|[from] move: Rapid Spin|[of] p1a: Deep Impact\n|move|p2a: Spinach Noodle|Dragon Dance|p2a: Spinach Noodle\n|-boost|p2a: Spinach Noodle|atk|1\n|-boost|p2a: Spinach Noodle|spe|1\n|\n|-damage|p1a: Deep Impact|79\/100 brn|[from] brn\n|upkeep\n|turn|13\n|inactive|straightoutta14BC has 120 seconds left.\n|\n|t:|1701126590\n|move|p1a: Deep Impact|Rock Slide|p2a: Spinach Noodle\n|-supereffective|p2a: Spinach Noodle\n|-damage|p2a: Spinach Noodle|65\/100\n|move|p2a: Spinach Noodle|Dragon Dance|p2a: Spinach Noodle\n|-boost|p2a: Spinach Noodle|atk|1\n|-boost|p2a: Spinach Noodle|spe|1\n|\n|-damage|p1a: Deep Impact|73\/100 brn|[from] brn\n|upkeep\n|turn|14\n|\n|t:|1701126598\n|move|p2a: Spinach Noodle|Dragon Ascent|p1a: Deep Impact\n|-resisted|p1a: Deep Impact\n|-damage|p1a: Deep Impact|0 fnt\n|-unboost|p2a: Spinach Noodle|def|1\n|-unboost|p2a: Spinach Noodle|spd|1\n|faint|p1a: Deep Impact\n|\n|upkeep\n|inactive|straightoutta14BC has 120 seconds left.\n|\n|t:|1701126615\n|switch|p1a: Mir|Klefki, F|100\/100\n|turn|15\n|inactive|straightoutta14BC has 120 seconds left.\n|\n|t:|1701126620\n|move|p1a: Mir|Reflect|p1a: Mir\n|-sidestart|p1: straightoutta14BC|Reflect\n|move|p2a: Spinach Noodle|Dragon Ascent|p1a: Mir\n|-resisted|p1a: Mir\n|-damage|p1a: Mir|71\/100\n|-unboost|p2a: Spinach Noodle|def|1\n|-unboost|p2a: Spinach Noodle|spd|1\n|\n|upkeep\n|turn|16\n|\n|t:|1701126628\n|move|p2a: Spinach Noodle|Dragon Ascent|p1a: Mir\n|-resisted|p1a: Mir\n|-damage|p1a: Mir|38\/100\n|-unboost|p2a: Spinach Noodle|def|1\n|-unboost|p2a: Spinach Noodle|spd|1\n|move|p1a: Mir|Trick Room|p1a: Mir\n|-fieldstart|move: Trick Room|[of] p1a: Mir\n|\n|upkeep\n|turn|17\n|\n|t:|1701126634\n|move|p1a: Mir|Steel Beam|p2a: Spinach Noodle\n|-damage|p2a: Spinach Noodle|0 fnt\n|-damage|p1a: Mir|0 fnt|[from] steelbeam\n|faint|p1a: Mir\n|faint|p2a: Spinach Noodle\n|\n|upkeep\n|\n|t:|1701126647\n|switch|p1a: Valentina|Mawile-Mega, F|27\/100\n|switch|p2a: Spikey Guy|Dialga-Origin|30\/100\n|-ability|p2a: Spikey Guy|Pressure\n|turn|18\n|l|+bruised thighs\u2661\n|l| kirblaster\n|\n|t:|1701126651\n|move|p1a: Valentina|Play Rough|p2a: Spikey Guy\n|-damage|p2a: Spikey Guy|0 fnt\n|faint|p2a: Spikey Guy\n|\n|upkeep\n|\n|t:|1701126656\n|switch|p2a: Tentacle Guy|Giratina-Origin|63\/100\n|turn|19\n|\n|t:|1701126658\n|move|p1a: Valentina|Play Rough|p2a: Tentacle Guy\n|-supereffective|p2a: Tentacle Guy\n|-crit|p2a: Tentacle Guy\n|-damage|p2a: Tentacle Guy|0 fnt\n|faint|p2a: Tentacle Guy\n|\n|-sideend|p1: straightoutta14BC|Reflect\n|upkeep\n|\n|t:|1701126665\n|switch|p2a: Horse Guy|Palkia-Origin|100\/100\n|-ability|p2a: Horse Guy|Pressure\n|turn|20\n|\n|t:|1701126668\n|move|p1a: Valentina|Play Rough|p2a: Horse Guy\n|-supereffective|p2a: Horse Guy\n|-damage|p2a: Horse Guy|0 fnt\n|faint|p2a: Horse Guy\n|\n|-fieldend|move: Trick Room\n|upkeep\n|\n|t:|1701126670\n|switch|p2a: Bug Lizard|Eternatus|100\/100\n|-ability|p2a: Bug Lizard|Pressure\n|turn|21\n|\n|t:|1701126673\n|move|p2a: Bug Lizard|Flamethrower|p1a: Valentina\n|-supereffective|p1a: Valentina\n|-damage|p1a: Valentina|0 fnt\n|faint|p1a: Valentina\n|-damage|p2a: Bug Lizard|91\/100|[from] item: Life Orb\n|\n|upkeep\n|\n|t:|1701126674\n|switch|p1a: Dyson|Necrozma-Dusk-Mane|100\/100\n|turn|22\n|\n|t:|1701126677\n|move|p2a: Bug Lizard|Shadow Ball|p1a: Dyson\n|-supereffective|p1a: Dyson\n|-damage|p1a: Dyson|50\/100\n|-enditem|p1a: Dyson|Weakness Policy\n|-boost|p1a: Dyson|atk|2|[from] item: Weakness Policy\n|-boost|p1a: Dyson|spa|2|[from] item: Weakness Policy\n|-damage|p2a: Bug Lizard|81\/100|[from] item: Life Orb\n|move|p1a: Dyson|Rock Polish|p1a: Dyson\n|-boost|p1a: Dyson|spe|2\n|\n|upkeep\n|turn|23\n|\n|t:|1701126680\n|move|p1a: Dyson|Stored Power|p2a: Bug Lizard\n|-supereffective|p2a: Bug Lizard\n|-damage|p2a: Bug Lizard|0 fnt\n|faint|p2a: Bug Lizard\n|\n|win|straightoutta14BC\n|n|\u2606straightoutta14BC|straightoutta14bc\n|n|\u2606DerpyAchoque|derpyachoque\n|n| Franko159|franko159\n|n| hatsir|hatsir\n|c|\u2606DerpyAchoque|gg\n","uploadtime":1701126684,"views":2,"p1id":"straightoutta14bc","p2id":"derpyachoque","formatid":"gen9nationaldexubers","rating":0,"private":0,"password":""}