{"id":"gen9nationaldexubers-1996215200","p1":"John-Halsey","p2":"KingoftheTitans","format":"[Gen 9] National Dex Ubers","log":"|j|\u2606John-Halsey\n|j|\u2606KingoftheTitans\n|t:|1700660114\n|gametype|singles\n|player|p1|John-Halsey|veteran|\n|player|p2|KingoftheTitans|102|\n|teamsize|p1|6\n|teamsize|p2|6\n|gen|9\n|tier|[Gen 9] National Dex Ubers\n|rule|HP Percentage Mod: HP is shown in percentages\n|rule|Endless Battle Clause: Forcing endless battles is banned\n|rule|OHKO Clause: OHKO moves are banned\n|rule|Evasion Moves Clause: Evasion moves are banned\n|rule|Evasion Items Clause: Evasion items are banned\n|rule|Species Clause: Limit one of each Pok\u00e9mon\n|rule|Sleep Clause Mod: Limit one foe put to sleep\n|rule|Mega Rayquaza Clause: You cannot mega evolve Rayquaza\n|clearpoke\n|poke|p1|Bronzong|\n|poke|p1|Marowak-Alola, M|\n|poke|p1|Crawdaunt, M|\n|poke|p1|Porygon2|\n|poke|p1|Cresselia, F|\n|poke|p1|Melmetal|\n|poke|p2|Kingambit, M|\n|poke|p2|Aggron, M|\n|poke|p2|Tornadus-Therian, M|\n|poke|p2|Heatran, F|\n|poke|p2|Shaymin-Sky|\n|poke|p2|Dondozo, M|\n|teampreview\n|\n|t:|1700660135\n|start\n|switch|p1a: Bronzong|Bronzong|100\/100\n|switch|p2a: Kingambit|Kingambit, M|100\/100\n|turn|1\n|\n|t:|1700660141\n|move|p2a: Kingambit|Kowtow Cleave|p1a: Bronzong\n|-supereffective|p1a: Bronzong\n|-damage|p1a: Bronzong|8\/100\n|move|p1a: Bronzong|Trick Room|p1a: Bronzong\n|-fieldstart|move: Trick Room|[of] p1a: Bronzong\n|\n|upkeep\n|turn|2\n|\n|t:|1700660149\n|move|p1a: Bronzong|Stealth Rock|p2a: Kingambit\n|-sidestart|p2: KingoftheTitans|move: Stealth Rock\n|move|p2a: Kingambit|Swords Dance|p2a: Kingambit\n|-boost|p2a: Kingambit|atk|2\n|\n|upkeep\n|turn|3\n|\n|t:|1700660155\n|move|p1a: Bronzong|Earthquake|p2a: Kingambit\n|-supereffective|p2a: Kingambit\n|-damage|p2a: Kingambit|59\/100\n|move|p2a: Kingambit|Iron Head|p1a: Bronzong\n|-resisted|p1a: Bronzong\n|-damage|p1a: Bronzong|0 fnt\n|faint|p1a: Bronzong\n|\n|-heal|p2a: Kingambit|66\/100|[from] item: Leftovers\n|upkeep\n|\n|t:|1700660174\n|switch|p1a: Melmetal|Melmetal|100\/100\n|turn|4\n|\n|t:|1700660179\n|-terastallize|p1a: Melmetal|Steel\n|move|p2a: Kingambit|Sucker Punch|p1a: Melmetal\n|-damage|p1a: Melmetal|58\/100\n|move|p1a: Melmetal|Double Iron Bash|p2a: Kingambit\n|-resisted|p2a: Kingambit\n|-damage|p2a: Kingambit|37\/100\n|-resisted|p2a: Kingambit\n|-damage|p2a: Kingambit|7\/100\n|-hitcount|p2a: Kingambit|2\n|-damage|p1a: Melmetal|48\/100|[from] item: Life Orb\n|\n|-heal|p2a: Kingambit|13\/100|[from] item: Leftovers\n|upkeep\n|turn|5\n|\n|t:|1700660191\n|move|p2a: Kingambit|Sucker Punch|p1a: Melmetal\n|-damage|p1a: Melmetal|5\/100\n|move|p1a: Melmetal|Earthquake|p2a: Kingambit\n|-supereffective|p2a: Kingambit\n|-damage|p2a: Kingambit|0 fnt\n|faint|p2a: Kingambit\n|-end|p2a: Kingambit|fallenundefined|[silent]\n|-damage|p1a: Melmetal|0 fnt|[from] item: Life Orb\n|faint|p1a: Melmetal\n|\n|-fieldend|move: Trick Room\n|upkeep\n|c|\u2606John-Halsey|nice\n|c|\u2606KingoftheTitans|THAT GUY IS FINALLY DEAD\n|c|\u2606John-Halsey|^^\n|\n|t:|1700660208\n|switch|p2a: Heatran|Heatran, F|100\/100\n|switch|p1a: OH MY DUCK|Porygon2|100\/100\n|-damage|p2a: Heatran|88\/100|[from] Stealth Rock\n|-item|p2a: Heatran|Air Balloon\n|-ability|p1a: OH MY DUCK|Download|boost\n|-boost|p1a: OH MY DUCK|spa|1\n|turn|6\n|\n|t:|1700660216\n|move|p2a: Heatran|Taunt|p1a: OH MY DUCK\n|-start|p1a: OH MY DUCK|move: Taunt\n|cant|p1a: OH MY DUCK|move: Taunt|Trick Room\n|\n|upkeep\n|turn|7\n|\n|t:|1700660223\n|switch|p1a: Crawdaunt|Crawdaunt, M, shiny|100\/100\n|move|p2a: Heatran|Magma Storm|p1a: Crawdaunt|[miss]\n|-miss|p2a: Heatran|p1a: Crawdaunt\n|\n|upkeep\n|turn|8\n|\n|t:|1700660232\n|switch|p2a: Dondozo|Dondozo, M|100\/100\n|-damage|p2a: Dondozo|88\/100|[from] Stealth Rock\n|move|p1a: Crawdaunt|Crabhammer|p2a: Dondozo\n|-resisted|p2a: Dondozo\n|-damage|p2a: Dondozo|60\/100\n|-damage|p1a: Crawdaunt|90\/100|[from] item: Life Orb\n|\n|-heal|p2a: Dondozo|66\/100|[from] item: Leftovers\n|upkeep\n|turn|9\n|\n|t:|1700660242\n|move|p2a: Dondozo|Body Press|p1a: Crawdaunt\n|-supereffective|p1a: Crawdaunt\n|-damage|p1a: Crawdaunt|41\/100\n|move|p1a: Crawdaunt|Knock Off|p2a: Dondozo\n|-damage|p2a: Dondozo|14\/100\n|-enditem|p2a: Dondozo|Leftovers|[from] move: Knock Off|[of] p1a: Crawdaunt\n|-damage|p1a: Crawdaunt|31\/100|[from] item: Life Orb\n|\n|upkeep\n|turn|10\n|\n|t:|1700660256\n|move|p1a: Crawdaunt|Aqua Jet|p2a: Dondozo\n|-resisted|p2a: Dondozo\n|-damage|p2a: Dondozo|2\/100\n|-damage|p1a: Crawdaunt|21\/100|[from] item: Life Orb\n|move|p2a: Dondozo|Body Press|p1a: Crawdaunt\n|-supereffective|p1a: Crawdaunt\n|-damage|p1a: Crawdaunt|0 fnt\n|faint|p1a: Crawdaunt\n|\n|upkeep\n|\n|t:|1700660264\n|switch|p1a: Cresselia|Cresselia, F|100\/100\n|turn|11\n|\n|t:|1700660276\n|move|p2a: Dondozo|Liquidation|p1a: Cresselia\n|-damage|p1a: Cresselia|81\/100\n|-unboost|p1a: Cresselia|def|1\n|move|p1a: Cresselia|Trick Room|p1a: Cresselia\n|-fieldstart|move: Trick Room|[of] p1a: Cresselia\n|\n|upkeep\n|turn|12\n|\n|t:|1700660294\n|move|p2a: Dondozo|Liquidation|p1a: Cresselia\n|-damage|p1a: Cresselia|60\/100\n|move|p1a: Cresselia|Psychic|p2a: Dondozo\n|-damage|p2a: Dondozo|0 fnt\n|faint|p2a: Dondozo\n|\n|upkeep\n|l|\u2606KingoftheTitans\n|player|p2|\n|j|\u2606KingoftheTitans\n|player|p2|KingoftheTitans|102\n|\n|t:|1700660341\n|switch|p2a: Aggron|Aggron, M|100\/100\n|-damage|p2a: Aggron|94\/100|[from] Stealth Rock\n|turn|13\n|\n|t:|1700660348\n|detailschange|p2a: Aggron|Aggron-Mega, M\n|-mega|p2a: Aggron|Aggron|Aggronite\n|move|p2a: Aggron|Heavy Slam|p1a: Cresselia\n|-damage|p1a: Cresselia|16\/100\n|move|p1a: Cresselia|Ice Beam|p2a: Aggron\n|-resisted|p2a: Aggron\n|-damage|p2a: Aggron|84\/100\n|\n|upkeep\n|turn|14\n|\n|t:|1700660366\n|switch|p1a: Marowak|Marowak-Alola, M|100\/100\n|move|p2a: Aggron|Body Press|p1a: Marowak\n|-immune|p1a: Marowak\n|\n|upkeep\n|turn|15\n|l|\u2606KingoftheTitans\n|player|p2|\n|j|\u2606KingoftheTitans\n|player|p2|KingoftheTitans|102\n|\n|t:|1700660408\n|move|p1a: Marowak|Bonemerang|p2a: Aggron\n|-supereffective|p2a: Aggron\n|-damage|p2a: Aggron|62\/100\n|-supereffective|p2a: Aggron\n|-damage|p2a: Aggron|42\/100\n|-hitcount|p2a: Aggron|2\n|move|p2a: Aggron|Earthquake|p1a: Marowak\n|-supereffective|p1a: Marowak\n|-damage|p1a: Marowak|19\/100\n|\n|-fieldend|move: Trick Room\n|upkeep\n|turn|16\n|\n|t:|1700660427\n|switch|p1a: OH MY DUCK|Porygon2|100\/100\n|-ability|p1a: OH MY DUCK|Download|boost\n|-boost|p1a: OH MY DUCK|spa|1\n|move|p2a: Aggron|Earthquake|p1a: OH MY DUCK\n|-damage|p1a: OH MY DUCK|81\/100\n|\n|upkeep\n|turn|17\n|\n|t:|1700660450\n|move|p2a: Aggron|Body Press|p1a: OH MY DUCK\n|-supereffective|p1a: OH MY DUCK\n|-damage|p1a: OH MY DUCK|44\/100\n|move|p1a: OH MY DUCK|Trick Room|p1a: OH MY DUCK\n|-fieldstart|move: Trick Room|[of] p1a: OH MY DUCK\n|\n|upkeep\n|turn|18\n|\n|t:|1700660459\n|move|p1a: OH MY DUCK|Shadow Ball|p2a: Aggron\n|-damage|p2a: Aggron|8\/100\n|move|p2a: Aggron|Body Press|p1a: OH MY DUCK\n|-supereffective|p1a: OH MY DUCK\n|-damage|p1a: OH MY DUCK|4\/100\n|\n|upkeep\n|turn|19\n|\n|t:|1700660468\n|move|p1a: OH MY DUCK|Shadow Ball|p2a: Aggron\n|-damage|p2a: Aggron|0 fnt\n|faint|p2a: Aggron\n|\n|upkeep\n|\n|t:|1700660474\n|switch|p2a: Tornadus|Tornadus-Therian, M|100\/100\n|-damage|p2a: Tornadus|76\/100|[from] Stealth Rock\n|turn|20\n|\n|t:|1700660484\n|-terastallize|p2a: Tornadus|Fire\n|move|p2a: Tornadus|U-turn|p1a: OH MY DUCK\n|-damage|p1a: OH MY DUCK|0 fnt\n|faint|p1a: OH MY DUCK\n|\n|t:|1700660490\n|switch|p2a: Heatran|Heatran, F|88\/100|[from] U-turn\n|-damage|p2a: Heatran|76\/100|[from] Stealth Rock\n|-item|p2a: Heatran|Air Balloon\n|\n|upkeep\n|\n|t:|1700660496\n|switch|p1a: Marowak|Marowak-Alola, M|19\/100\n|turn|21\n|\n|t:|1700660502\n|move|p1a: Marowak|Bonemerang|p2a: Heatran\n|-immune|p2a: Heatran\n|move|p2a: Heatran|Earth Power|p1a: Marowak\n|-supereffective|p1a: Marowak\n|-damage|p1a: Marowak|0 fnt\n|faint|p1a: Marowak\n|\n|-fieldend|move: Trick Room\n|upkeep\n|c|\u2606John-Halsey|balooooon\n|c|\u2606KingoftheTitans|Uh...\n|c|\u2606John-Halsey|not see\n|\n|t:|1700660512\n|switch|p1a: Cresselia|Cresselia, F|16\/100\n|turn|22\n|c|\u2606KingoftheTitans|gg\n|c|\u2606John-Halsey|gg\n|c|\u2606KingoftheTitans|FINALLY THO\n|c|\u2606John-Halsey|not ntice the baloon\n|c|\u2606KingoftheTitans|I HATE TRICK ROOM SO MUCH\n|\n|t:|1700660525\n|move|p2a: Heatran|Magma Storm|p1a: Cresselia|[miss]\n|-miss|p2a: Heatran|p1a: Cresselia\n|move|p1a: Cresselia|Trick Room|p1a: Cresselia\n|-fieldstart|move: Trick Room|[of] p1a: Cresselia\n|\n|upkeep\n|turn|23\n|c|\u2606John-Halsey|x)\n|\n|t:|1700660534\n|move|p1a: Cresselia|Lunar Dance||[still]\n|-fail|p1a: Cresselia\n|move|p2a: Heatran|Magma Storm|p1a: Cresselia\n|-damage|p1a: Cresselia|0 fnt\n|faint|p1a: Cresselia\n|\n|win|KingoftheTitans\n|c|\u2606KingoftheTitans|gg\n|c|\u2606John-Halsey|gg\n","uploadtime":1700660542,"views":3,"p1id":"johnhalsey","p2id":"kingofthetitans","formatid":"gen9nationaldexubers","rating":0,"private":0,"password":""}