{"id":"gen9nationaldexubers-1989121665","p1":"xcvxcvcxvcxv","p2":"bot1 randomteam","format":"[Gen 9] National Dex Ubers","log":"|j|\u2606xcvxcvcxvcxv\n|j|\u2606bot1 randomteam\n|t:|1699814557\n|gametype|singles\n|player|p1|xcvxcvcxvcxv|2|1052\n|player|p2|bot1 randomteam|lucas|1050\n|teamsize|p1|6\n|teamsize|p2|6\n|gen|9\n|tier|[Gen 9] National Dex Ubers\n|rated|\n|rule|HP Percentage Mod: HP is shown in percentages\n|rule|Endless Battle Clause: Forcing endless battles is banned\n|rule|OHKO Clause: OHKO moves are banned\n|rule|Evasion Moves Clause: Evasion moves are banned\n|rule|Evasion Items Clause: Evasion items are banned\n|rule|Species Clause: Limit one of each Pok\u00e9mon\n|rule|Sleep Clause Mod: Limit one foe put to sleep\n|rule|Mega Rayquaza Clause: You cannot mega evolve Rayquaza\n|clearpoke\n|poke|p1|Melmetal|\n|poke|p1|Calyrex-Ice|\n|poke|p1|Xatu, F|\n|poke|p1|Hatterene, F|\n|poke|p1|Porygon2|\n|poke|p1|Dracovish|\n|poke|p2|Leavanny, F|\n|poke|p2|Taillow, L1, M|\n|poke|p2|Roserade, F|\n|poke|p2|Breloom, M|\n|poke|p2|Absol, M|\n|poke|p2|Kangaskhan, F|\n|teampreview\n|\n|t:|1699814564\n|start\n|switch|p1a: Xatu|Xatu, F|100\/100\n|switch|p2a: Roserade|Roserade, F|100\/100\n|turn|1\n|\n|t:|1699814570\n|switch|p2a: Kangaskhan|Kangaskhan, F|100\/100\n|move|p1a: Xatu|Trick Room|p1a: Xatu\n|-fieldstart|move: Trick Room|[of] p1a: Xatu\n|\n|upkeep\n|turn|2\n|\n|t:|1699814575\n|move|p2a: Kangaskhan|Fake Out|p1a: Xatu\n|-damage|p1a: Xatu|85\/100\n|cant|p1a: Xatu|flinch\n|\n|upkeep\n|turn|3\n|inactive|Battle timer is ON: inactive players will automatically lose when time's up. (requested by xcvxcvcxvcxv)\n|\n|t:|1699814580\n|move|p2a: Kangaskhan|Seismic Toss|p1a: Xatu\n|-damage|p1a: Xatu|55\/100\n|move|p1a: Xatu|Teleport|p1a: Xatu\n|\n|t:|1699814590\n|switch|p1a: Melmetal|Melmetal|100\/100|[from] Teleport\n|\n|upkeep\n|turn|4\n|\n|t:|1699814596\n|move|p1a: Melmetal|Double Iron Bash|p2a: Kangaskhan\n|-damage|p2a: Kangaskhan|26\/100\n|-damage|p2a: Kangaskhan|0 fnt\n|faint|p2a: Kangaskhan\n|-hitcount|p2: Kangaskhan|2\n|\n|upkeep\n|\n|t:|1699814605\n|switch|p2a: Taillow|Taillow, L1, M, shiny|100\/100\n|turn|5\n|\n|t:|1699814608\n|move|p2a: Taillow|Protect|p2a: Taillow\n|-singleturn|p2a: Taillow|Protect\n|move|p1a: Melmetal|Double Iron Bash|p2a: Taillow\n|-activate|p2a: Taillow|move: Protect\n|\n|-fieldend|move: Trick Room\n|upkeep\n|turn|6\n|\n|t:|1699814617\n|switch|p1a: Xatu|Xatu, F|55\/100\n|move|p2a: Taillow|Endeavor|p1a: Xatu\n|-damage|p1a: Xatu|4\/100\n|\n|upkeep\n|turn|7\n|\n|t:|1699814625\n|move|p2a: Taillow|Endeavor|p1a: Xatu\n|-immune|p1a: Xatu\n|move|p1a: Xatu|Trick Room|p1a: Xatu\n|-fieldstart|move: Trick Room|[of] p1a: Xatu\n|\n|upkeep\n|turn|8\n|\n|t:|1699814632\n|move|p2a: Taillow|Toxic|p1a: Xatu\n|move|p1a: Xatu|Toxic|p2a: Taillow|[from]ability: Magic Bounce\n|-status|p2a: Taillow|tox\n|move|p1a: Xatu|Teleport|p1a: Xatu\n|\n|t:|1699814645\n|switch|p1a: Melmetal|Melmetal|100\/100|[from] Teleport\n|\n|-damage|p2a: Taillow|92\/100 tox|[from] psn\n|upkeep\n|turn|9\n|\n|t:|1699814652\n|switch|p1a: Xatu|Xatu, F|4\/100\n|move|p2a: Taillow|Endeavor|p1a: Xatu\n|-damage|p1a: Xatu|4\/100\n|\n|-damage|p2a: Taillow|75\/100 tox|[from] psn\n|upkeep\n|turn|10\n|\n|t:|1699814660\n|switch|p2a: Absol|Absol, M|100\/100\n|-ability|p2a: Absol|Pressure\n|move|p1a: Xatu|Wish|p1a: Xatu\n|\n|upkeep\n|turn|11\n|\n|t:|1699814667\n|detailschange|p2a: Absol|Absol-Mega, M\n|-mega|p2a: Absol|Absol|Absolite\n|move|p2a: Absol|Swords Dance|p2a: Absol\n|-boost|p2a: Absol|atk|2\n|move|p1a: Xatu|Teleport|p1a: Xatu\n|\n|t:|1699814676\n|switch|p1a: Hatterene|Hatterene, F|100\/100|[from] Teleport\n|\n|-fieldend|move: Trick Room\n|upkeep\n|turn|12\n|\n|t:|1699814680\n|move|p2a: Absol|Knock Off|p1a: Hatterene\n|-enditem|p1a: Hatterene|Focus Sash\n|-damage|p1a: Hatterene|1\/100\n|move|p1a: Hatterene|Trick Room|p1a: Hatterene\n|-fieldstart|move: Trick Room|[of] p1a: Hatterene\n|\n|upkeep\n|turn|13\n|\n|t:|1699814697\n|move|p2a: Absol|Sucker Punch|p1a: Hatterene\n|-damage|p1a: Hatterene|0 fnt\n|faint|p1a: Hatterene\n|\n|upkeep\n|\n|t:|1699814706\n|switch|p1a: Melmetal|Melmetal|100\/100\n|turn|14\n|\n|t:|1699814709\n|move|p2a: Absol|Sucker Punch|p1a: Melmetal\n|-damage|p1a: Melmetal|60\/100\n|move|p1a: Melmetal|Double Iron Bash|p2a: Absol\n|-damage|p2a: Absol|0 fnt\n|faint|p2a: Absol\n|-hitcount|p2: Absol|1\n|\n|upkeep\n|\n|t:|1699814718\n|switch|p2a: Taillow|Taillow, L1, M, shiny|75\/100 tox\n|turn|15\n|\n|t:|1699814734\n|switch|p2a: Breloom|Breloom, M, shiny|100\/100\n|switch|p1a: Xatu|Xatu, F|4\/100\n|\n|upkeep\n|turn|16\n|\n|t:|1699814740\n|move|p2a: Breloom|Mach Punch|p1a: Xatu\n|-resisted|p1a: Xatu\n|-damage|p1a: Xatu|0 fnt\n|faint|p1a: Xatu\n|\n|-fieldend|move: Trick Room\n|upkeep\n|\n|t:|1699814747\n|switch|p1a: Porygon2|Porygon2|100\/100\n|-ability|p1a: Porygon2|Technician|[from] ability: Trace|[of] p2a: Breloom\n|turn|17\n|\n|t:|1699814753\n|-terastallize|p1a: Porygon2|Ghost\n|move|p2a: Breloom|Spore|p1a: Porygon2\n|-status|p1a: Porygon2|slp|[from] move: Spore\n|cant|p1a: Porygon2|slp\n|\n|upkeep\n|turn|18\n|\n|t:|1699814758\n|switch|p2a: Taillow|Taillow, L1, M, shiny|75\/100 tox\n|-curestatus|p1a: Porygon2|slp|[msg]\n|move|p1a: Porygon2|Trick Room|p1a: Porygon2\n|-fieldstart|move: Trick Room|[of] p1a: Porygon2\n|\n|-damage|p2a: Taillow|67\/100 tox|[from] psn\n|upkeep\n|turn|19\n|\n|t:|1699814773\n|move|p2a: Taillow|Endeavor|p1a: Porygon2\n|-damage|p1a: Porygon2|3\/100\n|move|p1a: Porygon2|Trick Room|p1a: Porygon2\n|-fieldend|move: Trick Room\n|\n|-damage|p2a: Taillow|50\/100 tox|[from] psn\n|upkeep\n|turn|20\n|\n|t:|1699814780\n|move|p2a: Taillow|Quick Attack|p1a: Porygon2\n|-damage|p1a: Porygon2|2\/100\n|move|p1a: Porygon2|Recover|p1a: Porygon2\n|-heal|p1a: Porygon2|52\/100\n|\n|-damage|p2a: Taillow|25\/100 tox|[from] psn\n|upkeep\n|turn|21\n|\n|t:|1699814788\n|switch|p2a: Leavanny|Leavanny, F, shiny|100\/100\n|move|p1a: Porygon2|Recover|p1a: Porygon2\n|-heal|p1a: Porygon2|100\/100\n|\n|upkeep\n|turn|22\n|\n|t:|1699814793\n|move|p2a: Leavanny|Knock Off|p1a: Porygon2\n|-supereffective|p1a: Porygon2\n|-damage|p1a: Porygon2|75\/100\n|-enditem|p1a: Porygon2|Eviolite|[from] move: Knock Off|[of] p2a: Leavanny\n|move|p1a: Porygon2|Toxic|p2a: Leavanny\n|-status|p2a: Leavanny|tox\n|\n|-damage|p2a: Leavanny|94\/100 tox|[from] psn\n|upkeep\n|turn|23\n|\n|t:|1699814802\n|switch|p2a: Roserade|Roserade, F|100\/100\n|move|p1a: Porygon2|Recover|p1a: Porygon2\n|-heal|p1a: Porygon2|100\/100\n|\n|upkeep\n|turn|24\n|\n|t:|1699814807\n|move|p2a: Roserade|Spikes|p1a: Porygon2\n|-sidestart|p1: xcvxcvcxvcxv|Spikes\n|move|p1a: Porygon2|Trick Room|p1a: Porygon2\n|-fieldstart|move: Trick Room|[of] p1a: Porygon2\n|\n|upkeep\n|turn|25\n|\n|t:|1699814813\n|move|p2a: Roserade|Spikes|p1a: Porygon2\n|-sidestart|p1: xcvxcvcxvcxv|Spikes\n|move|p1a: Porygon2|Teleport|p1a: Porygon2\n|\n|t:|1699814819\n|switch|p1a: Melmetal|Melmetal|60\/100|[from] Teleport\n|-damage|p1a: Melmetal|44\/100|[from] Spikes\n|\n|upkeep\n|turn|26\n|\n|t:|1699814826\n|-terastallize|p2a: Roserade|Fire\n|move|p1a: Melmetal|Double Iron Bash|p2a: Roserade\n|-resisted|p2a: Roserade\n|-damage|p2a: Roserade|38\/100\n|-resisted|p2a: Roserade\n|-damage|p2a: Roserade|0 fnt\n|faint|p2a: Roserade\n|-hitcount|p2: Roserade|2\n|\n|upkeep\n|\n|t:|1699814830\n|switch|p2a: Taillow|Taillow, L1, M, shiny|25\/100 tox\n|turn|27\n|\n|t:|1699814835\n|move|p2a: Taillow|Endeavor|p1a: Melmetal\n|-damage|p1a: Melmetal|1\/100\n|move|p1a: Melmetal|Double Iron Bash|p2a: Taillow\n|-damage|p2a: Taillow|0 fnt\n|faint|p2a: Taillow\n|-hitcount|p2: Taillow|1\n|\n|upkeep\n|\n|t:|1699814840\n|switch|p2a: Breloom|Breloom, M, shiny|100\/100\n|turn|28\n|\n|t:|1699814843\n|move|p2a: Breloom|Mach Punch|p1a: Melmetal\n|-supereffective|p1a: Melmetal\n|-damage|p1a: Melmetal|0 fnt\n|faint|p1a: Melmetal\n|\n|-fieldend|move: Trick Room\n|upkeep\n|\n|t:|1699814848\n|switch|p1a: Porygon2|Porygon2, tera:Ghost|100\/100\n|-damage|p1a: Porygon2|84\/100|[from] Spikes\n|-ability|p1a: Porygon2|Technician|[from] ability: Trace|[of] p2a: Breloom\n|turn|29\n|\n|t:|1699814853\n|move|p2a: Breloom|Spore|p1a: Porygon2\n|-status|p1a: Porygon2|slp|[from] move: Spore\n|cant|p1a: Porygon2|slp\n|\n|upkeep\n|turn|30\n|\n|t:|1699814859\n|move|p2a: Breloom|Bullet Seed|p1a: Porygon2\n|-damage|p1a: Porygon2|70\/100 slp\n|-damage|p1a: Porygon2|55\/100 slp\n|-damage|p1a: Porygon2|41\/100 slp\n|-hitcount|p1a: Porygon2|3\n|cant|p1a: Porygon2|slp\n|\n|upkeep\n|turn|31\n|\n|t:|1699814865\n|move|p2a: Breloom|Bullet Seed|p1a: Porygon2\n|-damage|p1a: Porygon2|28\/100 slp\n|-damage|p1a: Porygon2|15\/100 slp\n|-damage|p1a: Porygon2|0 fnt\n|faint|p1a: Porygon2\n|-hitcount|p1: Porygon2|3\n|\n|upkeep\n|\n|t:|1699814871\n|switch|p1a: Calyrex|Calyrex-Ice|100\/100\n|-ability|p1a: Calyrex|As One\n|-ability|p1a: Calyrex|Unnerve\n|-damage|p1a: Calyrex|84\/100|[from] Spikes\n|turn|32\n|\n|t:|1699814877\n|move|p2a: Breloom|Spore|p1a: Calyrex\n|-status|p1a: Calyrex|slp|[from] move: Spore\n|cant|p1a: Calyrex|slp\n|\n|upkeep\n|turn|33\n|\n|t:|1699814882\n|move|p2a: Breloom|Bullet Seed|p1a: Calyrex\n|-damage|p1a: Calyrex|72\/100 slp\n|-damage|p1a: Calyrex|61\/100 slp\n|-damage|p1a: Calyrex|49\/100 slp\n|-hitcount|p1a: Calyrex|3\n|cant|p1a: Calyrex|slp\n|\n|upkeep\n|turn|34\n|\n|t:|1699814892\n|switch|p2a: Leavanny|Leavanny, F, shiny|94\/100 tox\n|-curestatus|p1a: Calyrex|slp|[msg]\n|move|p1a: Calyrex|Trick Room|p1a: Calyrex\n|-fieldstart|move: Trick Room|[of] p1a: Calyrex\n|\n|-damage|p2a: Leavanny|88\/100 tox|[from] psn\n|upkeep\n|turn|35\n|\n|t:|1699814900\n|move|p1a: Calyrex|Glacial Lance|p2a: Leavanny\n|-supereffective|p2a: Leavanny\n|-damage|p2a: Leavanny|0 fnt\n|faint|p2a: Leavanny\n|-ability|p1a: Calyrex|Chilling Neigh|boost\n|-boost|p1a: Calyrex|atk|1\n|\n|upkeep\n|\n|t:|1699814903\n|switch|p2a: Breloom|Breloom, M, shiny|100\/100\n|turn|36\n|\n|t:|1699814908\n|move|p1a: Calyrex|Glacial Lance|p2a: Breloom\n|-supereffective|p2a: Breloom\n|-enditem|p2a: Breloom|Focus Sash\n|-damage|p2a: Breloom|1\/100\n|move|p2a: Breloom|Spore|p1a: Calyrex\n|-status|p1a: Calyrex|slp|[from] move: Spore\n|\n|upkeep\n|turn|37\n|\n|t:|1699814915\n|cant|p1a: Calyrex|slp\n|move|p2a: Breloom|Bullet Seed|p1a: Calyrex\n|-damage|p1a: Calyrex|36\/100 slp\n|-damage|p1a: Calyrex|24\/100 slp\n|-hitcount|p1a: Calyrex|2\n|\n|upkeep\n|turn|38\n|\n|t:|1699814922\n|move|p2a: Breloom|Mach Punch|p1a: Calyrex\n|-damage|p1a: Calyrex|5\/100 slp\n|cant|p1a: Calyrex|slp\n|\n|-fieldend|move: Trick Room\n|upkeep\n|turn|39\n|\n|t:|1699814927\n|move|p2a: Breloom|Mach Punch|p1a: Calyrex\n|-damage|p1a: Calyrex|0 fnt\n|faint|p1a: Calyrex\n|\n|upkeep\n|\n|t:|1699814931\n|switch|p1a: Dracovish|Dracovish|100\/100\n|-damage|p1a: Dracovish|84\/100|[from] Spikes\n|turn|40\n|\n|t:|1699814935\n|move|p2a: Breloom|Spore|p1a: Dracovish\n|-status|p1a: Dracovish|slp|[from] move: Spore\n|cant|p1a: Dracovish|slp\n|\n|upkeep\n|turn|41\n|\n|t:|1699814939\n|move|p2a: Breloom|Bullet Seed|p1a: Dracovish\n|-damage|p1a: Dracovish|65\/100 slp\n|-damage|p1a: Dracovish|47\/100 slp\n|-hitcount|p1a: Dracovish|2\n|cant|p1a: Dracovish|slp\n|\n|upkeep\n|turn|42\n|\n|t:|1699814945\n|move|p2a: Breloom|Bullet Seed|p1a: Dracovish\n|-crit|p1a: Dracovish\n|-damage|p1a: Dracovish|18\/100 slp\n|-damage|p1a: Dracovish|2\/100 slp\n|-damage|p1a: Dracovish|0 fnt\n|faint|p1a: Dracovish\n|-hitcount|p1: Dracovish|3\n|\n|win|bot1 randomteam\n|raw|xcvxcvcxvcxv's rating: 1052 &rarr; <strong>1036<\/strong><br \/>(-16 for losing)\n|raw|bot1 randomteam's rating: 1090 &rarr; <strong>1114<\/strong><br \/>(+24 for winning)\n|l|\u2606xcvxcvcxvcxv\n|n|\u2606bot1 randomteam|bot1randomteam\n|c|\u2606bot1 randomteam|GG\n","uploadtime":1699814953,"views":27,"p1id":"xcvxcvcxvcxv","p2id":"bot1randomteam","formatid":"gen9nationaldexubers","rating":1036,"private":0,"password":""}