{"id":"gen9nationaldexubers-1998958263","p1":"Rainer367","p2":"MrTRB","format":"[Gen 9] National Dex Ubers","log":"|j|\u2606Rainer367\n|j|\u2606MrTRB\n|t:|1701017770\n|gametype|singles\n|player|p1|Rainer367|will|\n|player|p2|MrTRB|benga|\n|teamsize|p1|6\n|teamsize|p2|6\n|gen|9\n|tier|[Gen 9] National Dex Ubers\n|rule|HP Percentage Mod: HP is shown in percentages\n|rule|Endless Battle Clause: Forcing endless battles is banned\n|rule|OHKO Clause: OHKO moves are banned\n|rule|Evasion Moves Clause: Evasion moves are banned\n|rule|Evasion Items Clause: Evasion items are banned\n|rule|Species Clause: Limit one of each Pok\u00e9mon\n|rule|Sleep Clause Mod: Limit one foe put to sleep\n|rule|Mega Rayquaza Clause: You cannot mega evolve Rayquaza\n|clearpoke\n|poke|p1|Polteageist|\n|poke|p1|Dragapult, F|\n|poke|p1|Mimikyu, F|\n|poke|p1|Houndstone, F|\n|poke|p1|Tyranitar, F|\n|poke|p1|Annihilape, M|\n|poke|p2|Garganacl, F|\n|poke|p2|Gholdengo|\n|poke|p2|Cyclizar, F|\n|poke|p2|Pelipper, M|\n|poke|p2|Serperior, F|\n|poke|p2|Palafin, F|\n|teampreview\n|\n|t:|1701017789\n|start\n|switch|p1a: Hawk T1|Mimikyu, F, shiny|100\/100\n|switch|p2a: Cyclizar|Cyclizar, F|100\/100\n|turn|1\n|\n|t:|1701017804\n|move|p2a: Cyclizar|Shed Tail|p2a: Cyclizar\n|-start|p2a: Cyclizar|Substitute|[from] move: Shed Tail\n|-damage|p2a: Cyclizar|50\/100\n|-enditem|p2a: Cyclizar|Sitrus Berry|[eat]\n|-heal|p2a: Cyclizar|75\/100|[from] item: Sitrus Berry\n|j| Rainer565\n|\n|t:|1701017823\n|switch|p2a: Garganacl|Garganacl, F|100\/100|[from] Shed Tail\n|move|p1a: Hawk T1|Swords Dance|p1a: Hawk T1\n|-boost|p1a: Hawk T1|atk|2\n|\n|upkeep\n|turn|2\n|c| Rainer565|sup\n|c|\u2606Rainer367|sup\n|\n|t:|1701017833\n|move|p1a: Hawk T1|Shadow Sneak|p2a: Garganacl\n|-activate|p2a: Garganacl|move: Substitute|[damage]\n|move|p2a: Garganacl|Salt Cure|p1a: Hawk T1\n|-activate|p1a: Hawk T1|ability: Disguise\n|-damage|p1a: Hawk T1|100\/100\n|-start|p1a: Hawk T1|Salt Cure\n|detailschange|p1a: Hawk T1|Mimikyu-Busted, F, shiny\n|-damage|p1a: Hawk T1|88\/100|[from] pokemon: Mimikyu-Busted\n|\n|-damage|p1a: Hawk T1|76\/100|[from] Salt Cure\n|upkeep\n|turn|3\n|\n|t:|1701017845\n|move|p1a: Hawk T1|Shadow Sneak|p2a: Garganacl\n|-end|p2a: Garganacl|Substitute\n|move|p2a: Garganacl|Curse|p2a: Garganacl\n|-unboost|p2a: Garganacl|spe|1\n|-boost|p2a: Garganacl|atk|1\n|-boost|p2a: Garganacl|def|1\n|\n|-damage|p1a: Hawk T1|63\/100|[from] Salt Cure\n|upkeep\n|turn|4\n|\n|t:|1701017855\n|-zpower|p1a: Hawk T1\n|move|p1a: Hawk T1|Let's Snuggle Forever|p2a: Garganacl|[zeffect]\n|-crit|p2a: Garganacl\n|-damage|p2a: Garganacl|0 fnt\n|faint|p2a: Garganacl\n|\n|-damage|p1a: Hawk T1|51\/100|[from] Salt Cure\n|upkeep\n|c|\u2606Rainer367|The crit\n|\n|t:|1701017869\n|switch|p2a: Palafin|Palafin, F|100\/100\n|turn|5\n|c| Rainer565|noice\n|\n|t:|1701017876\n|move|p1a: Hawk T1|Play Rough|p2a: Palafin\n|-damage|p2a: Palafin|19\/100\n|-unboost|p2a: Palafin|atk|1\n|move|p2a: Palafin|Flip Turn|p1a: Hawk T1\n|-damage|p1a: Hawk T1|28\/100\n|c| Rainer565|im counting on you\n|\n|t:|1701017887\n|detailschange|p2a: Palafin|Palafin-Hero, F\n|switch|p2a: Serperior|Serperior, F, shiny|100\/100|[from] Flip Turn\n|\n|-damage|p1a: Hawk T1|16\/100|[from] Salt Cure\n|upkeep\n|turn|6\n|\n|t:|1701017901\n|move|p2a: Serperior|Glare|p1a: Hawk T1\n|-status|p1a: Hawk T1|par\n|move|p1a: Hawk T1|Phantom Force||[still]\n|-prepare|p1a: Hawk T1|Phantom Force\n|\n|-damage|p1a: Hawk T1|3\/100 par|[from] Salt Cure\n|upkeep\n|turn|7\n|\n|t:|1701017909\n|move|p2a: Serperior|Substitute|p2a: Serperior\n|-start|p2a: Serperior|Substitute\n|-damage|p2a: Serperior|76\/100\n|move|p1a: Hawk T1|Phantom Force|p2a: Serperior|[from]lockedmove\n|-end|p2a: Serperior|Substitute\n|\n|-heal|p2a: Serperior|82\/100|[from] item: Leftovers\n|-damage|p1a: Hawk T1|0 fnt|[from] Salt Cure\n|faint|p1a: Hawk T1\n|upkeep\n|\n|t:|1701017914\n|switch|p1a: B-2 Spirit|Dragapult, F, shiny|100\/100\n|turn|8\n|\n|t:|1701017925\n|-terastallize|p2a: Serperior|Steel\n|move|p1a: B-2 Spirit|Dragon Dance|p1a: B-2 Spirit\n|-boost|p1a: B-2 Spirit|atk|1\n|-boost|p1a: B-2 Spirit|spe|1\n|move|p2a: Serperior|Leaf Storm|p1a: B-2 Spirit\n|-resisted|p1a: B-2 Spirit\n|-damage|p1a: B-2 Spirit|78\/100\n|-boost|p2a: Serperior|spa|2\n|\n|-heal|p2a: Serperior|88\/100|[from] item: Leftovers\n|upkeep\n|turn|9\n|\n|t:|1701017939\n|move|p1a: B-2 Spirit|Flamethrower|p2a: Serperior\n|-supereffective|p2a: Serperior\n|-damage|p2a: Serperior|31\/100\n|-damage|p1a: B-2 Spirit|68\/100|[from] item: Life Orb\n|move|p2a: Serperior|Glare|p1a: B-2 Spirit\n|-status|p1a: B-2 Spirit|par\n|\n|-heal|p2a: Serperior|37\/100|[from] item: Leftovers\n|upkeep\n|turn|10\n|\n|t:|1701017949\n|move|p2a: Serperior|Leaf Storm|p1a: B-2 Spirit\n|-resisted|p1a: B-2 Spirit\n|-damage|p1a: B-2 Spirit|20\/100 par\n|-boost|p2a: Serperior|spa|2\n|cant|p1a: B-2 Spirit|par\n|\n|-heal|p2a: Serperior|43\/100|[from] item: Leftovers\n|upkeep\n|turn|11\n|c|\u2606Rainer367|damn\n|\n|t:|1701017959\n|move|p2a: Serperior|Giga Drain|p1a: B-2 Spirit\n|-resisted|p1a: B-2 Spirit\n|-damage|p1a: B-2 Spirit|0 fnt\n|-heal|p2a: Serperior|52\/100|[from] drain|[of] p1a: B-2 Spirit\n|faint|p1a: B-2 Spirit\n|\n|-heal|p2a: Serperior|58\/100|[from] item: Leftovers\n|upkeep\n|c| Rainer565|rip\n|\n|t:|1701017964\n|switch|p1a: F-15 Eagle|Annihilape, M, shiny|100\/100\n|turn|12\n|\n|t:|1701017971\n|move|p2a: Serperior|Glare|p1a: F-15 Eagle\n|-status|p1a: F-15 Eagle|par\n|move|p1a: F-15 Eagle|Drain Punch|p2a: Serperior\n|-supereffective|p2a: Serperior\n|-damage|p2a: Serperior|4\/100\n|\n|-heal|p2a: Serperior|10\/100|[from] item: Leftovers\n|upkeep\n|turn|13\n|c|\u2606Rainer367|damn\n|\n|t:|1701017981\n|move|p2a: Serperior|Leaf Storm|p1a: F-15 Eagle\n|-damage|p1a: F-15 Eagle|35\/100 par\n|-boost|p2a: Serperior|spa|2\n|move|p1a: F-15 Eagle|Drain Punch|p2a: Serperior\n|-supereffective|p2a: Serperior\n|-damage|p2a: Serperior|0 fnt\n|-heal|p1a: F-15 Eagle|39\/100 par|[from] drain|[of] p2a: Serperior\n|faint|p2a: Serperior\n|\n|-heal|p1a: F-15 Eagle|45\/100 par|[from] item: Leftovers\n|upkeep\n|\n|t:|1701017994\n|switch|p2a: Gholdengo|Gholdengo|100\/100\n|turn|14\n|\n|t:|1701017999\n|move|p2a: Gholdengo|Shadow Ball|p1a: F-15 Eagle\n|-supereffective|p1a: F-15 Eagle\n|-damage|p1a: F-15 Eagle|0 fnt\n|faint|p1a: F-15 Eagle\n|\n|upkeep\n|\n|t:|1701018002\n|switch|p1a: A-10 Thunderbolt|Tyranitar, F, shiny|100\/100\n|-weather|Sandstorm|[from] ability: Sand Stream|[of] p1a: A-10 Thunderbolt\n|turn|15\n|\n|t:|1701018010\n|move|p2a: Gholdengo|Shadow Ball|p1a: A-10 Thunderbolt\n|-resisted|p1a: A-10 Thunderbolt\n|-damage|p1a: A-10 Thunderbolt|87\/100\n|-unboost|p1a: A-10 Thunderbolt|spd|1\n|move|p1a: A-10 Thunderbolt|Dragon Dance|p1a: A-10 Thunderbolt\n|-boost|p1a: A-10 Thunderbolt|atk|1\n|-boost|p1a: A-10 Thunderbolt|spe|1\n|\n|-weather|Sandstorm|[upkeep]\n|upkeep\n|turn|16\n|\n|t:|1701018036\n|move|p1a: A-10 Thunderbolt|Fire Punch|p2a: Gholdengo\n|-supereffective|p2a: Gholdengo\n|-damage|p2a: Gholdengo|3\/100\n|move|p2a: Gholdengo|Nasty Plot|p2a: Gholdengo\n|-boost|p2a: Gholdengo|spa|2\n|\n|-weather|Sandstorm|[upkeep]\n|upkeep\n|turn|17\n|\n|t:|1701018044\n|move|p1a: A-10 Thunderbolt|Fire Punch|p2a: Gholdengo\n|-supereffective|p2a: Gholdengo\n|-damage|p2a: Gholdengo|0 fnt\n|faint|p2a: Gholdengo\n|\n|-weather|Sandstorm|[upkeep]\n|upkeep\n|\n|t:|1701018053\n|switch|p2a: Pelipper|Pelipper, M, shiny|100\/100\n|-weather|RainDance|[from] ability: Drizzle|[of] p2a: Pelipper\n|turn|18\n|c|\u2606Rainer367|oh wait I didn't tera\n|c|\u2606Rainer367|woops my bad\n|\n|t:|1701018077\n|-terastallize|p1a: A-10 Thunderbolt|Ghost\n|move|p1a: A-10 Thunderbolt|Fire Punch|p2a: Pelipper\n|-resisted|p2a: Pelipper\n|-damage|p2a: Pelipper|89\/100\n|move|p2a: Pelipper|Tailwind|p2a: Pelipper\n|-sidestart|p2: MrTRB|move: Tailwind\n|\n|-weather|RainDance|[upkeep]\n|upkeep\n|turn|19\n|\n|t:|1701018087\n|switch|p1a: F-35 Lightning II|Houndstone, F, shiny|100\/100\n|move|p2a: Pelipper|Hurricane|p1a: F-35 Lightning II\n|-damage|p1a: F-35 Lightning II|35\/100\n|\n|-weather|RainDance|[upkeep]\n|upkeep\n|turn|20\n|\n|t:|1701018098\n|move|p1a: F-35 Lightning II|Last Respects|p2a: Pelipper\n|-damage|p2a: Pelipper|0 fnt\n|faint|p2a: Pelipper\n|\n|-weather|RainDance|[upkeep]\n|upkeep\n|\n|t:|1701018105\n|switch|p2a: Palafin|Palafin-Hero, F|19\/100\n|-activate|p2a: Palafin|ability: Zero to Hero\n|turn|21\n|\n|t:|1701018112\n|move|p2a: Palafin|Jet Punch|p1a: F-35 Lightning II\n|-damage|p1a: F-35 Lightning II|0 fnt\n|faint|p1a: F-35 Lightning II\n|\n|-weather|RainDance|[upkeep]\n|-heal|p2a: Palafin|25\/100|[from] item: Leftovers\n|-sideend|p2: MrTRB|move: Tailwind\n|upkeep\n|\n|t:|1701018115\n|switch|p1a: A-10 Thunderbolt|Tyranitar, F, shiny, tera:Ghost|87\/100\n|-weather|Sandstorm|[from] ability: Sand Stream|[of] p1a: A-10 Thunderbolt\n|turn|22\n|\n|t:|1701018129\n|move|p2a: Palafin|Jet Punch|p1a: A-10 Thunderbolt\n|-damage|p1a: A-10 Thunderbolt|54\/100\n|move|p1a: A-10 Thunderbolt|Earthquake|p2a: Palafin\n|-damage|p2a: Palafin|0 fnt\n|faint|p2a: Palafin\n|\n|-weather|Sandstorm|[upkeep]\n|-damage|p1a: A-10 Thunderbolt|48\/100|[from] Sandstorm\n|upkeep\n|\n|t:|1701018136\n|switch|p2a: Cyclizar|Cyclizar, F|100\/100\n|turn|23\n|\n|t:|1701018142\n|move|p2a: Cyclizar|Ice Spinner|p1a: A-10 Thunderbolt\n|-damage|p1a: A-10 Thunderbolt|30\/100\n|move|p1a: A-10 Thunderbolt|Dragon Dance|p1a: A-10 Thunderbolt\n|-boost|p1a: A-10 Thunderbolt|atk|1\n|-boost|p1a: A-10 Thunderbolt|spe|1\n|\n|-weather|Sandstorm|[upkeep]\n|-damage|p2a: Cyclizar|94\/100|[from] Sandstorm\n|-damage|p1a: A-10 Thunderbolt|24\/100|[from] Sandstorm\n|upkeep\n|turn|24\n|\n|t:|1701018147\n|move|p2a: Cyclizar|Draco Meteor|p1a: A-10 Thunderbolt\n|-damage|p1a: A-10 Thunderbolt|0 fnt\n|-unboost|p2a: Cyclizar|spa|2\n|faint|p1a: A-10 Thunderbolt\n|\n|-weather|Sandstorm|[upkeep]\n|-damage|p2a: Cyclizar|88\/100|[from] Sandstorm\n|upkeep\n|\n|t:|1701018150\n|switch|p1a: C-5 Galaxy|Polteageist, shiny|100\/100\n|turn|25\n|\n|t:|1701018153\n|move|p2a: Cyclizar|Draco Meteor|p1a: C-5 Galaxy\n|-damage|p1a: C-5 Galaxy|79\/100\n|-unboost|p2a: Cyclizar|spa|2\n|move|p1a: C-5 Galaxy|Shell Smash|p1a: C-5 Galaxy\n|-unboost|p1a: C-5 Galaxy|def|1\n|-unboost|p1a: C-5 Galaxy|spd|1\n|-boost|p1a: C-5 Galaxy|atk|2\n|-boost|p1a: C-5 Galaxy|spa|2\n|-boost|p1a: C-5 Galaxy|spe|2\n|\n|-weather|Sandstorm|[upkeep]\n|-damage|p1a: C-5 Galaxy|73\/100|[from] Sandstorm\n|-damage|p2a: Cyclizar|82\/100|[from] Sandstorm\n|upkeep\n|turn|26\n|\n|t:|1701018174\n|move|p1a: C-5 Galaxy|Stored Power|p2a: Cyclizar\n|-damage|p2a: Cyclizar|0 fnt\n|faint|p2a: Cyclizar\n|\n|win|Rainer367\n|c|\u2606Rainer367|gg\n","uploadtime":1701018181,"views":6,"p1id":"rainer367","p2id":"mrtrb","formatid":"gen9nationaldexubers","rating":0,"private":0,"password":""}