{"id":"gen9nationaldexubers-1988082292","p1":"danish13","p2":"kitmash","format":"[Gen 9] National Dex Ubers","log":"|j|\u2606danish13\n|j|\u2606kitmash\n|t:|1699667347\n|gametype|singles\n|player|p1|danish13|lance|1480\n|player|p2|kitmash|101|1617\n|teamsize|p1|6\n|teamsize|p2|6\n|gen|9\n|tier|[Gen 9] National Dex Ubers\n|rated|\n|rule|HP Percentage Mod: HP is shown in percentages\n|rule|Endless Battle Clause: Forcing endless battles is banned\n|rule|OHKO Clause: OHKO moves are banned\n|rule|Evasion Moves Clause: Evasion moves are banned\n|rule|Evasion Items Clause: Evasion items are banned\n|rule|Species Clause: Limit one of each Pok\u00e9mon\n|rule|Sleep Clause Mod: Limit one foe put to sleep\n|rule|Mega Rayquaza Clause: You cannot mega evolve Rayquaza\n|clearpoke\n|poke|p1|Salamence, M|\n|poke|p1|Groudon|\n|poke|p1|Yveltal|\n|poke|p1|Rayquaza|\n|poke|p1|Dracovish|\n|poke|p1|Palkia|\n|poke|p2|Ursaluna-Bloodmoon, M|\n|poke|p2|Chi-Yu|\n|poke|p2|Salamence, M|\n|poke|p2|Arceus-Poison|\n|poke|p2|Lugia|\n|poke|p2|Zacian-*|\n|teampreview\n|inactive|Battle timer is ON: inactive players will automatically lose when time's up. (requested by danish13)\n|\n|t:|1699667397\n|start\n|switch|p1a: Dracovish|Dracovish|100\/100\n|switch|p2a: Salamence|Salamence, M|100\/100\n|-ability|p2a: Salamence|Intimidate|boost\n|-unboost|p1a: Dracovish|atk|1\n|turn|1\n|\n|t:|1699667416\n|switch|p2a: Zacian|Zacian-Crowned|100\/100\n|-ability|p2a: Zacian|Intrepid Sword|boost\n|-boost|p2a: Zacian|atk|1\n|move|p1a: Dracovish|Ice Fang|p2a: Zacian\n|-resisted|p2a: Zacian\n|-damage|p2a: Zacian|95\/100\n|\n|upkeep\n|turn|2\n|\n|t:|1699667431\n|switch|p1a: Salamence|Salamence, M|100\/100\n|-ability|p1a: Salamence|Intimidate|boost\n|-unboost|p2a: Zacian|atk|1\n|switch|p2a: Salamence|Salamence, M|100\/100\n|-ability|p2a: Salamence|Intimidate|boost\n|-unboost|p1a: Salamence|atk|1\n|\n|upkeep\n|turn|3\n|\n|t:|1699667441\n|switch|p1a: Dracovish|Dracovish|100\/100\n|switch|p2a: Ursaluna|Ursaluna-Bloodmoon, M|100\/100\n|\n|upkeep\n|turn|4\n|\n|t:|1699667448\n|switch|p2a: Salamence|Salamence, M|100\/100\n|-ability|p2a: Salamence|Intimidate|boost\n|-unboost|p1a: Dracovish|atk|1\n|move|p1a: Dracovish|Fishious Rend|p2a: Salamence\n|-resisted|p2a: Salamence\n|-damage|p2a: Salamence|76\/100\n|\n|upkeep\n|turn|5\n|\n|t:|1699667454\n|switch|p1a: Salamence|Salamence, M|100\/100\n|-ability|p1a: Salamence|Intimidate|boost\n|-unboost|p2a: Salamence|atk|1\n|detailschange|p2a: Salamence|Salamence-Mega, M\n|-mega|p2a: Salamence|Salamence|Salamencite\n|move|p2a: Salamence|Toxic|p1a: Salamence\n|-status|p1a: Salamence|tox\n|\n|-damage|p1a: Salamence|94\/100 tox|[from] psn\n|upkeep\n|turn|6\n|\n|t:|1699667466\n|switch|p2a: Zacian|Zacian-Crowned|95\/100\n|detailschange|p1a: Salamence|Salamence-Mega, M\n|-mega|p1a: Salamence|Salamence|Salamencite\n|move|p1a: Salamence|Facade|p2a: Zacian\n|-resisted|p2a: Zacian\n|-damage|p2a: Zacian|64\/100\n|\n|-damage|p1a: Salamence|82\/100 tox|[from] psn\n|upkeep\n|turn|7\n|\n|t:|1699667479\n|switch|p1a: Groudon|Groudon|100\/100\n|detailschange|p1a: Groudon|Groudon-Primal\n|-primal|p1a: Groudon|Red Orb\n|-weather|DesolateLand|[from] ability: Desolate Land|[of] p1a: Groudon\n|move|p2a: Zacian|Play Rough|p1a: Groudon\n|-resisted|p1a: Groudon\n|-damage|p1a: Groudon|86\/100\n|\n|-weather|DesolateLand|[upkeep]\n|upkeep\n|turn|8\n|\n|t:|1699667500\n|switch|p2a: Salamence|Salamence-Mega, M|76\/100\n|move|p1a: Groudon|Fire Punch|p2a: Salamence\n|-resisted|p2a: Salamence\n|-damage|p2a: Salamence|56\/100\n|\n|-weather|DesolateLand|[upkeep]\n|upkeep\n|turn|9\n|\n|t:|1699667507\n|move|p2a: Salamence|Roost|p2a: Salamence\n|-heal|p2a: Salamence|100\/100\n|-singleturn|p2a: Salamence|move: Roost\n|move|p1a: Groudon|Dragon Tail|p2a: Salamence\n|-supereffective|p2a: Salamence\n|-damage|p2a: Salamence|71\/100\n|drag|p2a: Chi-Yu|Chi-Yu|100\/100\n|-ability|p2a: Chi-Yu|Beads of Ruin\n|\n|-weather|DesolateLand|[upkeep]\n|upkeep\n|turn|10\n|\n|t:|1699667526\n|move|p2a: Chi-Yu|Dark Pulse|p1a: Groudon\n|-damage|p1a: Groudon|0 fnt\n|faint|p1a: Groudon\n|-weather|none\n|\n|upkeep\n|\n|t:|1699667531\n|switch|p1a: Dracovish|Dracovish|100\/100\n|turn|11\n|inactive|kitmash has 120 seconds left.\n|\n|t:|1699667561\n|move|p1a: Dracovish|Ice Fang|p2a: Chi-Yu\n|-resisted|p2a: Chi-Yu\n|-damage|p2a: Chi-Yu|79\/100\n|cant|p2a: Chi-Yu|flinch\n|\n|upkeep\n|turn|12\n|inactive|kitmash has 120 seconds left.\n|\n|t:|1699667567\n|switch|p1a: Yveltal|Yveltal|100\/100\n|-ability|p1a: Yveltal|Dark Aura\n|move|p2a: Chi-Yu|Dark Pulse|p1a: Yveltal\n|-resisted|p1a: Yveltal\n|-damage|p1a: Yveltal|48\/100\n|\n|upkeep\n|turn|13\n|\n|t:|1699667577\n|move|p1a: Yveltal|Sucker Punch|p2a: Chi-Yu\n|-resisted|p2a: Chi-Yu\n|-damage|p2a: Chi-Yu|26\/100\n|-damage|p1a: Yveltal|38\/100|[from] item: Life Orb\n|move|p2a: Chi-Yu|Dark Pulse|p1a: Yveltal\n|-resisted|p1a: Yveltal\n|-damage|p1a: Yveltal|0 fnt\n|faint|p1a: Yveltal\n|\n|upkeep\n|\n|t:|1699667585\n|switch|p1a: Rayquaza|Rayquaza|100\/100\n|-ability|p1a: Rayquaza|Air Lock\n|turn|14\n|\n|t:|1699667597\n|move|p1a: Rayquaza|Extreme Speed|p2a: Chi-Yu\n|-damage|p2a: Chi-Yu|0 fnt\n|faint|p2a: Chi-Yu\n|-damage|p1a: Rayquaza|91\/100|[from] item: Life Orb\n|\n|upkeep\n|inactive|kitmash has 120 seconds left.\n|\n|t:|1699667622\n|switch|p2a: Ursaluna|Ursaluna-Bloodmoon, M|100\/100\n|turn|15\n|\n|t:|1699667628\n|move|p1a: Rayquaza|Swords Dance|p1a: Rayquaza\n|-boost|p1a: Rayquaza|atk|2\n|move|p2a: Ursaluna|Blood Moon|p1a: Rayquaza\n|-damage|p1a: Rayquaza|0 fnt\n|faint|p1a: Rayquaza\n|\n|upkeep\n|\n|t:|1699667635\n|switch|p1a: Dracovish|Dracovish|100\/100\n|turn|16\n|\n|t:|1699667651\n|switch|p2a: Salamence|Salamence-Mega, M|71\/100\n|-terastallize|p1a: Dracovish|Water\n|move|p1a: Dracovish|Fishious Rend|p2a: Salamence\n|-resisted|p2a: Salamence\n|-damage|p2a: Salamence|33\/100\n|\n|upkeep\n|turn|17\n|\n|t:|1699667661\n|move|p1a: Dracovish|Fishious Rend|p2a: Salamence\n|-resisted|p2a: Salamence\n|-damage|p2a: Salamence|0 fnt\n|faint|p2a: Salamence\n|\n|upkeep\n|inactive|kitmash has 120 seconds left.\n|\n|t:|1699667694\n|switch|p2a: Lugia|Lugia|100\/100\n|turn|18\n|\n|t:|1699667707\n|-terastallize|p2a: Lugia|Grass\n|move|p1a: Dracovish|Fishious Rend|p2a: Lugia\n|-resisted|p2a: Lugia\n|-damage|p2a: Lugia|77\/100\n|move|p2a: Lugia|Aeroblast|p1a: Dracovish\n|-damage|p1a: Dracovish|62\/100\n|\n|upkeep\n|turn|19\n|\n|t:|1699667719\n|switch|p1a: Palkia|Palkia|100\/100\n|-ability|p1a: Palkia|Pressure\n|move|p2a: Lugia|Roost|p2a: Lugia\n|-heal|p2a: Lugia|100\/100\n|\n|upkeep\n|turn|20\n|\n|t:|1699667728\n|switch|p2a: Arceus|Arceus-Poison|100\/100\n|move|p1a: Palkia|Flamethrower|p2a: Arceus\n|-damage|p2a: Arceus|79\/100\n|-damage|p1a: Palkia|91\/100|[from] item: Life Orb\n|\n|upkeep\n|turn|21\n|\n|t:|1699667745\n|move|p1a: Palkia|Spacial Rend|p2a: Arceus\n|-damage|p2a: Arceus|38\/100\n|-damage|p1a: Palkia|81\/100|[from] item: Life Orb\n|move|p2a: Arceus|Gunk Shot|p1a: Palkia\n|-damage|p1a: Palkia|14\/100\n|-status|p1a: Palkia|psn\n|\n|-damage|p1a: Palkia|1\/100 psn|[from] psn\n|upkeep\n|turn|22\n|\n|t:|1699667754\n|move|p1a: Palkia|Flamethrower|p2a: Arceus\n|-damage|p2a: Arceus|16\/100\n|-damage|p1a: Palkia|0 fnt|[from] item: Life Orb\n|faint|p1a: Palkia\n|move|p2a: Arceus|Recover|p2a: Arceus\n|-heal|p2a: Arceus|66\/100\n|\n|upkeep\n|\n|t:|1699667765\n|switch|p1a: Dracovish|Dracovish, tera:Water|62\/100\n|turn|23\n|inactive|kitmash has 120 seconds left.\n|\n|t:|1699667774\n|move|p1a: Dracovish|Fishious Rend|p2a: Arceus\n|-damage|p2a: Arceus|0 fnt\n|faint|p2a: Arceus\n|\n|upkeep\n|\n|t:|1699667778\n|switch|p2a: Lugia|Lugia, tera:Grass|100\/100\n|turn|24\n|\n|t:|1699667783\n|switch|p1a: Salamence|Salamence-Mega, M|82\/100 tox\n|move|p2a: Lugia|Aeroblast|p1a: Salamence\n|-damage|p1a: Salamence|49\/100 tox\n|\n|-damage|p1a: Salamence|43\/100 tox|[from] psn\n|upkeep\n|turn|25\n|\n|t:|1699667791\n|switch|p2a: Ursaluna|Ursaluna-Bloodmoon, M|100\/100\n|move|p1a: Salamence|Facade|p2a: Ursaluna\n|-damage|p2a: Ursaluna|36\/100\n|\n|-damage|p1a: Salamence|31\/100 tox|[from] psn\n|upkeep\n|turn|26\n|\n|t:|1699667799\n|move|p2a: Ursaluna|Vacuum Wave|p1a: Salamence\n|-resisted|p1a: Salamence\n|-damage|p1a: Salamence|18\/100 tox\n|move|p1a: Salamence|Facade|p2a: Ursaluna\n|-damage|p2a: Ursaluna|0 fnt\n|faint|p2a: Ursaluna\n|\n|-damage|p1a: Salamence|0 fnt|[from] psn\n|faint|p1a: Salamence\n|upkeep\n|\n|t:|1699667810\n|switch|p1a: Dracovish|Dracovish, tera:Water|62\/100\n|switch|p2a: Lugia|Lugia, tera:Grass|100\/100\n|turn|27\n|\n|t:|1699667819\n|move|p1a: Dracovish|Fishious Rend|p2a: Lugia\n|-resisted|p2a: Lugia\n|-damage|p2a: Lugia|77\/100\n|move|p2a: Lugia|Aeroblast|p1a: Dracovish\n|-damage|p1a: Dracovish|24\/100\n|\n|upkeep\n|turn|28\n|\n|t:|1699667825\n|move|p1a: Dracovish|Fishious Rend|p2a: Lugia\n|-resisted|p2a: Lugia\n|-damage|p2a: Lugia|30\/100\n|move|p2a: Lugia|Aeroblast|p1a: Dracovish\n|-damage|p1a: Dracovish|0 fnt\n|faint|p1a: Dracovish\n|\n|win|kitmash\n|raw|danish13's rating: 1480 &rarr; <strong>1468<\/strong><br \/>(-12 for losing)\n|raw|kitmash's rating: 1617 &rarr; <strong>1629<\/strong><br \/>(+12 for winning)\n|l|\u2606danish13\n","uploadtime":1699667838,"views":4,"p1id":"danish13","p2id":"kitmash","formatid":"gen9nationaldexubers","rating":1468,"private":0,"password":""}