{"id":"gen9nationaldexubers-1986360061","p1":"Mice X Family","p2":"MystroPoken","format":"[Gen 9] National Dex Ubers","log":"|j|\u2606Mice X Family\n|j|\u2606MystroPoken\n|t:|1699472258\n|gametype|singles\n|player|p1|Mice X Family|giovanni|\n|player|p2|MystroPoken|crasherwake|\n|teamsize|p1|6\n|teamsize|p2|6\n|gen|9\n|tier|[Gen 9] National Dex Ubers\n|rule|HP Percentage Mod: HP is shown in percentages\n|rule|Endless Battle Clause: Forcing endless battles is banned\n|rule|OHKO Clause: OHKO moves are banned\n|rule|Evasion Moves Clause: Evasion moves are banned\n|rule|Evasion Items Clause: Evasion items are banned\n|rule|Species Clause: Limit one of each Pok\u00e9mon\n|rule|Sleep Clause Mod: Limit one foe put to sleep\n|rule|Mega Rayquaza Clause: You cannot mega evolve Rayquaza\n|clearpoke\n|poke|p1|Salamence, F|\n|poke|p1|Jellicent, M|\n|poke|p1|Maushold|\n|poke|p1|Great Tusk|\n|poke|p1|Amoonguss, M|\n|poke|p1|Garganacl, M|\n|poke|p2|Durant, F|\n|poke|p2|Ribombee, F|\n|poke|p2|Glalie, M|\n|poke|p2|Dragapult, F|\n|poke|p2|Sandy Shocks|\n|poke|p2|Kingambit, M|\n|teampreview\n|c|\u2606Mice X Family|gl hf\n|c|\u2606MystroPoken|glhf\n|\n|t:|1699472299\n|start\n|switch|p1a: Garganacl|Garganacl, M|100\/100\n|switch|p2a: Sandy Cheeks|Sandy Shocks|100\/100\n|turn|1\n|\n|t:|1699472315\n|switch|p1a: Amoonguss|Amoonguss, M|100\/100\n|move|p2a: Sandy Cheeks|Volt Switch|p1a: Amoonguss\n|-resisted|p1a: Amoonguss\n|-damage|p1a: Amoonguss|83\/100\n|-enditem|p1a: Amoonguss|Red Card|[of] p2a: Sandy Cheeks\n|-end|p2a: Sandy Cheeks|Protosynthesis|[silent]\n|drag|p2a: bee movie 2|Ribombee, F|100\/100\n|\n|upkeep\n|turn|2\n|c|\u2606MystroPoken|ill take it\n|\n|t:|1699472351\n|move|p2a: bee movie 2|Sticky Web|p1a: Amoonguss\n|-sidestart|p1: Mice X Family|move: Sticky Web\n|move|p1a: Amoonguss|Clear Smog|p2a: bee movie 2\n|-supereffective|p2a: bee movie 2\n|-crit|p2a: bee movie 2\n|-damage|p2a: bee movie 2|20\/100\n|-clearboost|p2a: bee movie 2\n|\n|upkeep\n|turn|3\n|\n|t:|1699472367\n|move|p2a: bee movie 2|Moonblast|p1a: Amoonguss\n|-resisted|p1a: Amoonguss\n|-crit|p1a: Amoonguss\n|-damage|p1a: Amoonguss|57\/100\n|-unboost|p1a: Amoonguss|spa|1\n|move|p1a: Amoonguss|Spore|p2a: bee movie 2\n|-status|p2a: bee movie 2|slp|[from] move: Spore\n|\n|upkeep\n|turn|4\n|\n|t:|1699472377\n|switch|p2a: antman|Durant, F|100\/100\n|switch|p1a: Maushold|Maushold|100\/100\n|\n|upkeep\n|turn|5\n|\n|t:|1699472407\n|switch|p1a: Salamence|Salamence, F|100\/100\n|-ability|p1a: Salamence|Intimidate|boost\n|-unboost|p2a: antman|atk|1\n|move|p2a: antman|Superpower|p1a: Salamence|[miss]\n|-miss|p2a: antman|p1a: Salamence\n|\n|upkeep\n|turn|6\n|c|\u2606MystroPoken|man\n|\n|t:|1699472426\n|switch|p2a: boo|Dragapult, F|100\/100\n|detailschange|p1a: Salamence|Salamence-Mega, F\n|-mega|p1a: Salamence|Salamence|Salamencite\n|move|p1a: Salamence|Dragon Dance|p1a: Salamence\n|-boost|p1a: Salamence|atk|1\n|-boost|p1a: Salamence|spe|1\n|\n|upkeep\n|turn|7\n|\n|t:|1699472443\n|switch|p2a: bee movie 2|Ribombee, F|20\/100 slp\n|move|p1a: Salamence|Facade|p2a: bee movie 2\n|-supereffective|p2a: bee movie 2\n|-damage|p2a: bee movie 2|0 fnt\n|faint|p2a: bee movie 2\n|\n|upkeep\n|\n|t:|1699472447\n|switch|p2a: moody :>|Glalie, M|100\/100\n|turn|8\n|\n|t:|1699472477\n|switch|p1a: Jellicent|Jellicent, M|100\/100\n|-activate|p1a: Jellicent|move: Sticky Web\n|-unboost|p1a: Jellicent|spe|1\n|detailschange|p2a: moody :>|Glalie-Mega, M\n|-mega|p2a: moody :>|Glalie|Glalitite\n|move|p2a: moody :>|Ice Shard|p1a: Jellicent\n|-resisted|p1a: Jellicent\n|-damage|p1a: Jellicent|89\/100\n|\n|-heal|p1a: Jellicent|95\/100|[from] item: Leftovers\n|upkeep\n|turn|9\n|\n|t:|1699472499\n|switch|p2a: boo|Dragapult, F|100\/100\n|move|p1a: Jellicent|Will-O-Wisp|p2a: boo\n|-status|p2a: boo|brn\n|\n|-heal|p1a: Jellicent|100\/100|[from] item: Leftovers\n|-damage|p2a: boo|95\/100 brn|[from] brn\n|upkeep\n|turn|10\n|\n|t:|1699472506\n|-terastallize|p1a: Jellicent|Dark\n|move|p2a: boo|Will-O-Wisp|p1a: Jellicent\n|-status|p1a: Jellicent|brn\n|move|p1a: Jellicent|Hex|p2a: boo\n|-supereffective|p2a: boo\n|-damage|p2a: boo|0 fnt\n|faint|p2a: boo\n|\n|-damage|p1a: Jellicent|94\/100 brn|[from] brn\n|upkeep\n|\n|t:|1699472515\n|switch|p2a: antman|Durant, F|100\/100\n|turn|11\n|\n|t:|1699472531\n|switch|p2a: moody :>|Glalie-Mega, M|100\/100\n|switch|p1a: Salamence|Salamence-Mega, F|100\/100\n|\n|upkeep\n|turn|12\n|\n|t:|1699472541\n|switch|p1a: Garganacl|Garganacl, M|100\/100\n|-activate|p1a: Garganacl|move: Sticky Web\n|-unboost|p1a: Garganacl|spe|1\n|move|p2a: moody :>|Freeze-Dry|p1a: Garganacl\n|-damage|p1a: Garganacl|78\/100\n|\n|-heal|p1a: Garganacl|84\/100|[from] item: Leftovers\n|upkeep\n|turn|13\n|\n|t:|1699472553\n|switch|p2a: Sandy Cheeks|Sandy Shocks|100\/100\n|move|p1a: Garganacl|Salt Cure|p2a: Sandy Cheeks\n|-resisted|p2a: Sandy Cheeks\n|-damage|p2a: Sandy Cheeks|92\/100\n|-start|p2a: Sandy Cheeks|Salt Cure\n|\n|-heal|p1a: Garganacl|91\/100|[from] item: Leftovers\n|-damage|p2a: Sandy Cheeks|80\/100|[from] Salt Cure\n|upkeep\n|turn|14\n|j| ElevatedGodlyness\n|\n|t:|1699472565\n|-end|p2a: Sandy Cheeks|Protosynthesis|[silent]\n|switch|p2a: moody :>|Glalie-Mega, M|100\/100\n|switch|p1a: Jellicent|Jellicent, M, tera:Dark|94\/100 brn\n|-activate|p1a: Jellicent|move: Sticky Web\n|-unboost|p1a: Jellicent|spe|1\n|\n|-heal|p1a: Jellicent|100\/100 brn|[from] item: Leftovers\n|-damage|p1a: Jellicent|94\/100 brn|[from] brn\n|upkeep\n|turn|15\n|\n|t:|1699472575\n|switch|p2a: Sandy Cheeks|Sandy Shocks|80\/100\n|move|p1a: Jellicent|Will-O-Wisp|p2a: Sandy Cheeks\n|-status|p2a: Sandy Cheeks|brn\n|\n|-heal|p1a: Jellicent|100\/100 brn|[from] item: Leftovers\n|-damage|p2a: Sandy Cheeks|74\/100 brn|[from] brn\n|-damage|p1a: Jellicent|94\/100 brn|[from] brn\n|upkeep\n|turn|16\n|\n|t:|1699472583\n|move|p2a: Sandy Cheeks|Stealth Rock|p1a: Jellicent\n|-sidestart|p1: Mice X Family|move: Stealth Rock\n|move|p1a: Jellicent|Hex|p2a: Sandy Cheeks\n|-damage|p2a: Sandy Cheeks|26\/100 brn\n|\n|-heal|p1a: Jellicent|100\/100 brn|[from] item: Leftovers\n|-damage|p2a: Sandy Cheeks|19\/100 brn|[from] brn\n|-damage|p1a: Jellicent|94\/100 brn|[from] brn\n|upkeep\n|turn|17\n|\n|t:|1699472593\n|switch|p1a: Maushold|Maushold|100\/100\n|move|p2a: Sandy Cheeks|Volt Switch|p1a: Maushold\n|-damage|p1a: Maushold|52\/100\n|\n|t:|1699472632\n|-end|p2a: Sandy Cheeks|Protosynthesis|[silent]\n|switch|p2a: antman|Durant, F|100\/100|[from] Volt Switch\n|\n|upkeep\n|turn|18\n|\n|t:|1699472649\n|switch|p1a: Amoonguss|Amoonguss, M|90\/100\n|-activate|p1a: Amoonguss|move: Sticky Web\n|-unboost|p1a: Amoonguss|spe|1\n|-damage|p1a: Amoonguss|77\/100|[from] Stealth Rock\n|move|p2a: antman|First Impression|p1a: Amoonguss\n|-damage|p1a: Amoonguss|19\/100\n|-damage|p2a: antman|91\/100|[from] item: Life Orb\n|\n|upkeep\n|turn|19\n|\n|t:|1699472657\n|move|p2a: antman|Iron Head|p1a: Amoonguss\n|-damage|p1a: Amoonguss|0 fnt\n|faint|p1a: Amoonguss\n|-damage|p2a: antman|81\/100|[from] item: Life Orb\n|\n|upkeep\n|\n|t:|1699472660\n|switch|p1a: Maushold|Maushold|52\/100\n|turn|20\n|\n|t:|1699472672\n|move|p1a: Maushold|Tidy Up|p1a: Maushold\n|-sideend|p1: Mice X Family|Stealth Rock\n|-sideend|p1: Mice X Family|Sticky Web\n|-activate|p1a: Maushold|move: Tidy Up\n|-boost|p1a: Maushold|atk|1\n|-boost|p1a: Maushold|spe|1\n|move|p2a: antman|Iron Head|p1a: Maushold\n|-damage|p1a: Maushold|0 fnt\n|faint|p1a: Maushold\n|-damage|p2a: antman|71\/100|[from] item: Life Orb\n|\n|upkeep\n|\n|t:|1699472679\n|switch|p1a: Salamence|Salamence-Mega, F|100\/100\n|turn|21\n|\n|t:|1699472697\n|move|p1a: Salamence|Facade|p2a: antman\n|-damage|p2a: antman|17\/100\n|move|p2a: antman|Iron Head|p1a: Salamence\n|-damage|p1a: Salamence|50\/100\n|-damage|p2a: antman|8\/100|[from] item: Life Orb\n|\n|upkeep\n|turn|22\n|\n|t:|1699472706\n|switch|p2a: meta|Kingambit, M|100\/100\n|-activate|p2a: meta|ability: Supreme Overlord\n|-start|p2a: meta|fallen2|[silent]\n|move|p1a: Salamence|Earthquake|p2a: meta\n|-supereffective|p2a: meta\n|-damage|p2a: meta|45\/100\n|\n|upkeep\n|turn|23\n|\n|t:|1699472722\n|switch|p1a: Great Tusk|Great Tusk|100\/100\n|move|p2a: meta|Sucker Punch||[still]\n|-fail|p2a: meta\n|\n|upkeep\n|turn|24\n|\n|t:|1699472742\n|-end|p2a: meta|fallen2|[silent]\n|switch|p2a: moody :>|Glalie-Mega, M|100\/100\n|move|p1a: Great Tusk|Body Press|p2a: moody :>\n|-supereffective|p2a: moody :>\n|-damage|p2a: moody :>|0 fnt\n|faint|p2a: moody :>\n|\n|upkeep\n|\n|t:|1699472749\n|switch|p2a: Sandy Cheeks|Sandy Shocks|19\/100 brn\n|turn|25\n|\n|t:|1699472752\n|-end|p1a: Great Tusk|Protosynthesis|[silent]\n|switch|p1a: Jellicent|Jellicent, M, tera:Dark|94\/100 brn\n|move|p2a: Sandy Cheeks|Earth Power|p1a: Jellicent\n|-damage|p1a: Jellicent|69\/100 brn\n|\n|-heal|p1a: Jellicent|75\/100 brn|[from] item: Leftovers\n|-damage|p2a: Sandy Cheeks|13\/100 brn|[from] brn\n|-damage|p1a: Jellicent|69\/100 brn|[from] brn\n|upkeep\n|turn|26\n|\n|t:|1699472758\n|move|p2a: Sandy Cheeks|Thunderbolt|p1a: Jellicent\n|-damage|p1a: Jellicent|43\/100 brn\n|move|p1a: Jellicent|Recover|p1a: Jellicent\n|-heal|p1a: Jellicent|93\/100 brn\n|\n|-heal|p1a: Jellicent|99\/100 brn|[from] item: Leftovers\n|-damage|p2a: Sandy Cheeks|7\/100 brn|[from] brn\n|-damage|p1a: Jellicent|93\/100 brn|[from] brn\n|upkeep\n|turn|27\n|\n|t:|1699472763\n|switch|p1a: Salamence|Salamence-Mega, F|50\/100\n|move|p2a: Sandy Cheeks|Volt Switch|p1a: Salamence\n|-damage|p1a: Salamence|14\/100\n|\n|t:|1699472766\n|-end|p2a: Sandy Cheeks|Protosynthesis|[silent]\n|switch|p2a: antman|Durant, F|8\/100|[from] Volt Switch\n|\n|upkeep\n|turn|28\n|\n|t:|1699472780\n|move|p2a: antman|First Impression|p1a: Salamence\n|-resisted|p1a: Salamence\n|-damage|p1a: Salamence|0 fnt\n|faint|p1a: Salamence\n|-damage|p2a: antman|0 fnt|[from] item: Life Orb\n|faint|p2a: antman\n|\n|upkeep\n|\n|t:|1699472787\n|switch|p1a: Great Tusk|Great Tusk|100\/100\n|switch|p2a: Sandy Cheeks|Sandy Shocks|7\/100 brn\n|turn|29\n|\n|t:|1699472795\n|-end|p1a: Great Tusk|Protosynthesis|[silent]\n|switch|p1a: Garganacl|Garganacl, M|91\/100\n|move|p2a: Sandy Cheeks|Earth Power|p1a: Garganacl\n|-supereffective|p1a: Garganacl\n|-damage|p1a: Garganacl|20\/100\n|\n|-heal|p1a: Garganacl|26\/100|[from] item: Leftovers\n|-damage|p2a: Sandy Cheeks|1\/100 brn|[from] brn\n|upkeep\n|turn|30\n|\n|t:|1699472801\n|move|p2a: Sandy Cheeks|Volt Switch|p1a: Garganacl\n|-damage|p1a: Garganacl|0 fnt\n|faint|p1a: Garganacl\n|\n|t:|1699472804\n|-end|p2a: Sandy Cheeks|Protosynthesis|[silent]\n|switch|p2a: meta|Kingambit, M|45\/100|[from] Volt Switch\n|-activate|p2a: meta|ability: Supreme Overlord\n|-start|p2a: meta|fallen4|[silent]\n|\n|upkeep\n|\n|t:|1699472806\n|switch|p1a: Great Tusk|Great Tusk|100\/100\n|turn|31\n|c|\u2606Mice X Family|gg\n|\n|t:|1699472817\n|-end|p2a: meta|fallen4|[silent]\n|switch|p2a: Sandy Cheeks|Sandy Shocks|1\/100 brn\n|move|p1a: Great Tusk|Body Press|p2a: Sandy Cheeks\n|-damage|p2a: Sandy Cheeks|0 fnt\n|faint|p2a: Sandy Cheeks\n|-end|p2a: Sandy Cheeks|Protosynthesis|[silent]\n|\n|upkeep\n|\n|t:|1699472819\n|switch|p2a: meta|Kingambit, M|45\/100\n|-activate|p2a: meta|ability: Supreme Overlord\n|-start|p2a: meta|fallen5|[silent]\n|turn|32\n|c|\u2606MystroPoken|spare\n|\n|t:|1699472827\n|move|p1a: Great Tusk|Body Press|p2a: meta\n|-supereffective|p2a: meta\n|-crit|p2a: meta\n|-damage|p2a: meta|0 fnt\n|faint|p2a: meta\n|-end|p2a: meta|fallen5|[silent]\n|\n|win|Mice X Family\n|c|\u2606MystroPoken|ggwp\n|c|\u2606MystroPoken|lol\n|c|\u2606Mice X Family|gg\n","uploadtime":1699472831,"views":51,"p1id":"micexfamily","p2id":"mystropoken","formatid":"gen9nationaldexubers","rating":0,"private":0,"password":""}