{"id":"gen9nationaldexubers-2000318483","p1":"SerasVSpectra","p2":"Muralik29","format":"[Gen 9] National Dex Ubers","log":"|j|\u2606SerasVSpectra\n|j|\u2606Muralik29\n|t:|1701184506\n|gametype|singles\n|player|p1|SerasVSpectra|guitarist|1422\n|player|p2|Muralik29|swimmerf-gen4|1464\n|teamsize|p1|6\n|teamsize|p2|6\n|gen|9\n|tier|[Gen 9] National Dex Ubers\n|rated|\n|rule|HP Percentage Mod: HP is shown in percentages\n|rule|Endless Battle Clause: Forcing endless battles is banned\n|rule|OHKO Clause: OHKO moves are banned\n|rule|Evasion Moves Clause: Evasion moves are banned\n|rule|Evasion Items Clause: Evasion items are banned\n|rule|Species Clause: Limit one of each Pok\u00e9mon\n|rule|Sleep Clause Mod: Limit one foe put to sleep\n|rule|Mega Rayquaza Clause: You cannot mega evolve Rayquaza\n|clearpoke\n|poke|p1|Deoxys-Attack|\n|poke|p1|Necrozma-Dawn-Wings|\n|poke|p1|Excadrill, F|\n|poke|p1|Indeedee, M|\n|poke|p1|Shuckle, F|\n|poke|p1|Groudon|\n|poke|p2|Ogerpon-Hearthflame, F|\n|poke|p2|Zacian-*|\n|poke|p2|Groudon|\n|poke|p2|Zygarde|\n|poke|p2|Lugia|\n|poke|p2|Baxcalibur, M|\n|teampreview\n|inactive|Battle timer is ON: inactive players will automatically lose when time's up. (requested by Muralik29)\n|\n|t:|1701184514\n|start\n|switch|p1a: Shuckle|Shuckle, F|100\/100\n|switch|p2a: Groudon|Groudon, shiny|100\/100\n|detailschange|p2a: Groudon|Groudon-Primal, shiny\n|-primal|p2a: Groudon|Red Orb\n|-weather|DesolateLand|[from] ability: Desolate Land|[of] p2a: Groudon\n|turn|1\n|inactive|Muralik29 has 120 seconds left.\n|\n|t:|1701184550\n|move|p2a: Groudon|Rock Polish|p2a: Groudon\n|-boost|p2a: Groudon|spe|2\n|move|p1a: Shuckle|Stealth Rock|p2a: Groudon\n|-sidestart|p2: Muralik29|move: Stealth Rock\n|\n|-weather|DesolateLand|[upkeep]\n|upkeep\n|turn|2\n|inactive|Muralik29 has 120 seconds left.\n|\n|t:|1701184571\n|move|p2a: Groudon|Swords Dance|p2a: Groudon\n|-boost|p2a: Groudon|atk|2\n|move|p1a: Shuckle|Sticky Web|p2a: Groudon\n|-sidestart|p2: Muralik29|move: Sticky Web\n|\n|-weather|DesolateLand|[upkeep]\n|upkeep\n|turn|3\n|\n|t:|1701184575\n|move|p2a: Groudon|Heat Crash|p1a: Shuckle\n|-ability|p1a: Shuckle|Sturdy\n|-damage|p1a: Shuckle|1\/100\n|-enditem|p1a: Shuckle|Red Card|[of] p2a: Groudon\n|-weather|none\n|drag|p2a: Lugia|Lugia|100\/100\n|move|p1a: Shuckle|Toxic|p2a: Lugia\n|-status|p2a: Lugia|tox\n|\n|-damage|p2a: Lugia|94\/100 tox|[from] psn\n|upkeep\n|turn|4\n|inactive|Muralik29 has 120 seconds left.\n|\n|t:|1701184584\n|move|p2a: Lugia|Defog|p1a: Shuckle\n|-unboost|p1a: Shuckle|evasion|1\n|-sideend|p2: Muralik29|Stealth Rock|[from] move: Defog|[of] p2a: Lugia\n|-sideend|p2: Muralik29|Sticky Web|[from] move: Defog|[of] p2a: Lugia\n|move|p1a: Shuckle|Sticky Web|p2a: Lugia\n|-sidestart|p2: Muralik29|move: Sticky Web\n|\n|-damage|p2a: Lugia|82\/100 tox|[from] psn\n|upkeep\n|turn|5\n|\n|t:|1701184591\n|move|p2a: Lugia|Defog|p1a: Shuckle\n|-unboost|p1a: Shuckle|evasion|1\n|-sideend|p2: Muralik29|Sticky Web|[from] move: Defog|[of] p2a: Lugia\n|move|p1a: Shuckle|Sticky Web|p2a: Lugia\n|-sidestart|p2: Muralik29|move: Sticky Web\n|\n|-damage|p2a: Lugia|63\/100 tox|[from] psn\n|upkeep\n|turn|6\n|\n|t:|1701184596\n|move|p2a: Lugia|Aeroblast|p1a: Shuckle\n|-damage|p1a: Shuckle|0 fnt\n|faint|p1a: Shuckle\n|\n|-damage|p2a: Lugia|38\/100 tox|[from] psn\n|upkeep\n|\n|t:|1701184604\n|switch|p1a: Necrozma|Necrozma-Dawn-Wings|100\/100\n|turn|7\n|\n|t:|1701184622\n|detailschange|p1a: Necrozma|Necrozma-Ultra\n|-burst|p1a: Necrozma|Necrozma|Ultranecrozium Z\n|move|p1a: Necrozma|Moongeist Beam|p2a: Lugia\n|-supereffective|p2a: Lugia\n|-damage|p2a: Lugia|0 fnt\n|faint|p2a: Lugia\n|\n|upkeep\n|inactive|Muralik29 has 120 seconds left.\n|\n|t:|1701184652\n|switch|p2a: Zygarde|Zygarde|100\/100\n|-activate|p2a: Zygarde|move: Sticky Web\n|-unboost|p2a: Zygarde|spe|1\n|turn|8\n|\n|t:|1701184672\n|-terastallize|p2a: Zygarde|Normal\n|move|p1a: Necrozma|Dragon Pulse|p2a: Zygarde\n|-damage|p2a: Zygarde|55\/100\n|move|p2a: Zygarde|Coil|p2a: Zygarde\n|-boost|p2a: Zygarde|atk|1\n|-boost|p2a: Zygarde|def|1\n|-boost|p2a: Zygarde|accuracy|1\n|\n|-heal|p2a: Zygarde|61\/100|[from] item: Leftovers\n|upkeep\n|turn|9\n|inactive|Muralik29 has 120 seconds left.\n|inactive|Muralik29 has 90 seconds left.\n|\n|t:|1701184727\n|switch|p1a: Indeedee|Indeedee, M|100\/100\n|-fieldstart|move: Psychic Terrain|[from] ability: Psychic Surge|[of] p1a: Indeedee\n|move|p2a: Zygarde|Coil|p2a: Zygarde\n|-boost|p2a: Zygarde|atk|1\n|-boost|p2a: Zygarde|def|1\n|-boost|p2a: Zygarde|accuracy|1\n|\n|-heal|p2a: Zygarde|67\/100|[from] item: Leftovers\n|upkeep\n|turn|10\n|\n|t:|1701184735\n|move|p1a: Indeedee|Healing Wish|p1a: Indeedee\n|faint|p1a: Indeedee\n|move|p2a: Zygarde|Thousand Arrows|p1: Indeedee|[notarget]\n|-fail|p2a: Zygarde\n|\n|-heal|p2a: Zygarde|73\/100|[from] item: Leftovers\n|upkeep\n|\n|t:|1701184741\n|switch|p1a: Deoxys|Deoxys-Attack|100\/100\n|-ability|p1a: Deoxys|Pressure\n|turn|11\n|\n|t:|1701184750\n|-terastallize|p1a: Deoxys|Psychic\n|move|p1a: Deoxys|Psychic|p2a: Zygarde\n|-damage|p2a: Zygarde|0 fnt\n|faint|p2a: Zygarde\n|\n|upkeep\n|\n|t:|1701184759\n|switch|p2a: Groudon|Groudon-Primal, shiny|100\/100\n|-activate|p2a: Groudon|move: Sticky Web\n|-unboost|p2a: Groudon|spe|1\n|-weather|DesolateLand|[from] ability: Desolate Land|[of] p2a: Groudon\n|turn|12\n|\n|t:|1701184766\n|move|p1a: Deoxys|Psychic|p2a: Groudon\n|-damage|p2a: Groudon|0 fnt\n|faint|p2a: Groudon\n|-weather|none\n|\n|upkeep\n|\n|t:|1701184769\n|switch|p2a: Zacian|Zacian-Crowned|100\/100\n|-activate|p2a: Zacian|move: Sticky Web\n|-unboost|p2a: Zacian|spe|1\n|-ability|p2a: Zacian|Intrepid Sword|boost\n|-boost|p2a: Zacian|atk|1\n|turn|13\n|inactive|Muralik29 has 120 seconds left.\n|\n|t:|1701184776\n|move|p1a: Deoxys|Thunderbolt|p2a: Zacian\n|-damage|p2a: Zacian|65\/100\n|move|p2a: Zacian|Behemoth Blade|p1a: Deoxys\n|-enditem|p1a: Deoxys|Focus Sash\n|-damage|p1a: Deoxys|1\/100\n|\n|upkeep\n|turn|14\n|\n|t:|1701184789\n|switch|p1a: Groudon|Groudon, shiny|100\/100\n|detailschange|p1a: Groudon|Groudon-Primal, shiny\n|-primal|p1a: Groudon|Red Orb\n|-weather|DesolateLand|[from] ability: Desolate Land|[of] p1a: Groudon\n|move|p2a: Zacian|Behemoth Blade|p1a: Groudon\n|-resisted|p1a: Groudon\n|-damage|p1a: Groudon|73\/100\n|\n|-weather|DesolateLand|[upkeep]\n|upkeep\n|turn|15\n|\n|t:|1701184798\n|switch|p2a: Baxcalibur|Baxcalibur, M|100\/100\n|-activate|p2a: Baxcalibur|move: Sticky Web\n|-unboost|p2a: Baxcalibur|spe|1\n|move|p1a: Groudon|Precipice Blades|p2a: Baxcalibur|[miss]\n|-miss|p1a: Groudon|p2a: Baxcalibur\n|\n|-weather|DesolateLand|[upkeep]\n|upkeep\n|turn|16\n|\n|t:|1701184808\n|move|p1a: Groudon|Rock Blast|p2a: Baxcalibur\n|-supereffective|p2a: Baxcalibur\n|-damage|p2a: Baxcalibur|80\/100\n|-supereffective|p2a: Baxcalibur\n|-damage|p2a: Baxcalibur|56\/100\n|-hitcount|p2a: Baxcalibur|2\n|move|p2a: Baxcalibur|Icicle Spear|p1a: Groudon\n|-damage|p1a: Groudon|63\/100\n|-crit|p1a: Groudon\n|-damage|p1a: Groudon|48\/100\n|-damage|p1a: Groudon|38\/100\n|-damage|p1a: Groudon|30\/100\n|-damage|p1a: Groudon|20\/100\n|-hitcount|p1a: Groudon|5\n|\n|-weather|DesolateLand|[upkeep]\n|-fieldend|move: Psychic Terrain\n|upkeep\n|turn|17\n|\n|t:|1701184817\n|move|p2a: Baxcalibur|Ice Shard|p1a: Groudon\n|-damage|p1a: Groudon|5\/100\n|move|p1a: Groudon|Rock Blast|p2a: Baxcalibur\n|-supereffective|p2a: Baxcalibur\n|-damage|p2a: Baxcalibur|33\/100\n|-supereffective|p2a: Baxcalibur\n|-damage|p2a: Baxcalibur|12\/100\n|-hitcount|p2a: Baxcalibur|2\n|\n|-weather|DesolateLand|[upkeep]\n|upkeep\n|turn|18\n|\n|t:|1701184826\n|move|p2a: Baxcalibur|Ice Shard|p1a: Groudon\n|-damage|p1a: Groudon|0 fnt\n|faint|p1a: Groudon\n|-weather|none\n|\n|upkeep\n|\n|t:|1701184829\n|switch|p1a: Deoxys|Deoxys-Attack, tera:Psychic|1\/100\n|-heal|p1a: Deoxys|100\/100|[from] move: Healing Wish\n|-ability|p1a: Deoxys|Pressure\n|turn|19\n|\n|t:|1701184834\n|move|p1a: Deoxys|Extreme Speed|p2a: Baxcalibur\n|-damage|p2a: Baxcalibur|0 fnt\n|faint|p2a: Baxcalibur\n|\n|upkeep\n|\n|t:|1701184839\n|switch|p2a: Zacian|Zacian-Crowned|65\/100\n|-activate|p2a: Zacian|move: Sticky Web\n|-unboost|p2a: Zacian|spe|1\n|turn|20\n|\n|t:|1701184844\n|switch|p1a: Excadrill|Excadrill, F|100\/100\n|-ability|p1a: Excadrill|Mold Breaker\n|-item|p1a: Excadrill|Air Balloon\n|move|p2a: Zacian|Behemoth Blade|p1a: Excadrill\n|-resisted|p1a: Excadrill\n|-damage|p1a: Excadrill|62\/100\n|-enditem|p1a: Excadrill|Air Balloon\n|\n|upkeep\n|turn|21\n|\n|t:|1701184855\n|move|p2a: Zacian|Sacred Sword|p1a: Excadrill\n|-supereffective|p1a: Excadrill\n|-damage|p1a: Excadrill|0 fnt\n|faint|p1a: Excadrill\n|\n|upkeep\n|\n|t:|1701184859\n|switch|p1a: Necrozma|Necrozma-Ultra|100\/100\n|turn|22\n|\n|t:|1701184862\n|-zpower|p1a: Necrozma\n|move|p1a: Necrozma|Light That Burns the Sky|p2a: Zacian|[zeffect]\n|-resisted|p2a: Zacian\n|-damage|p2a: Zacian|3\/100\n|move|p2a: Zacian|Play Rough|p1a: Necrozma\n|-supereffective|p1a: Necrozma\n|-damage|p1a: Necrozma|0 fnt\n|faint|p1a: Necrozma\n|\n|upkeep\n|\n|t:|1701184871\n|switch|p1a: Deoxys|Deoxys-Attack, tera:Psychic|100\/100\n|-ability|p1a: Deoxys|Pressure\n|turn|23\n|\n|t:|1701184875\n|move|p1a: Deoxys|Psychic|p2a: Zacian\n|-resisted|p2a: Zacian\n|-damage|p2a: Zacian|0 fnt\n|faint|p2a: Zacian\n|\n|upkeep\n|\n|t:|1701184877\n|switch|p2a: Ogerpon|Ogerpon-Hearthflame, F|100\/100\n|-activate|p2a: Ogerpon|move: Sticky Web\n|-unboost|p2a: Ogerpon|spe|1\n|-ability|p2a: Ogerpon|Mold Breaker\n|turn|24\n|c|\u2606SerasVSpectra|Gg\n|\n|t:|1701184884\n|move|p1a: Deoxys|Psychic|p2a: Ogerpon\n|-damage|p2a: Ogerpon|11\/100\n|move|p2a: Ogerpon|Ivy Cudgel|p1a: Deoxys|[anim] Ivy Cudgel Fire\n|-crit|p1a: Deoxys\n|-damage|p1a: Deoxys|0 fnt\n|faint|p1a: Deoxys\n|\n|win|Muralik29\n|raw|SerasVSpectra's rating: 1422 &rarr; <strong>1404<\/strong><br \/>(-18 for losing)\n|raw|Muralik29's rating: 1464 &rarr; <strong>1482<\/strong><br \/>(+18 for winning)\n|c|\u2606Muralik29|gg\n|l|\u2606SerasVSpectra\n","uploadtime":1701184909,"views":2,"p1id":"serasvspectra","p2id":"muralik29","formatid":"gen9nationaldexubers","rating":1404,"private":0,"password":""}