{"id":"gen9nationaldexubers-1982351740","p1":"C0ld as Ice","p2":"KurumiTokisakilove","format":"[Gen 9] National Dex Ubers","log":"|j|\u2606C0ld as Ice\n|j|\u2606KurumiTokisakilove\n|t:|1699002453\n|gametype|singles\n|player|p1|C0ld as Ice|schoolkid-gen4dp|1796\n|player|p2|KurumiTokisakilove|sabrina-gen2|1938\n|teamsize|p1|6\n|teamsize|p2|6\n|gen|9\n|tier|[Gen 9] National Dex Ubers\n|rated|\n|rule|HP Percentage Mod: HP is shown in percentages\n|rule|Endless Battle Clause: Forcing endless battles is banned\n|rule|OHKO Clause: OHKO moves are banned\n|rule|Evasion Moves Clause: Evasion moves are banned\n|rule|Evasion Items Clause: Evasion items are banned\n|rule|Species Clause: Limit one of each Pok\u00e9mon\n|rule|Sleep Clause Mod: Limit one foe put to sleep\n|rule|Mega Rayquaza Clause: You cannot mega evolve Rayquaza\n|clearpoke\n|poke|p1|Salamence, M|\n|poke|p1|Marshadow|\n|poke|p1|Zygarde|\n|poke|p1|Xerneas-*|\n|poke|p1|Necrozma-Dusk-Mane|\n|poke|p1|Donphan, F|\n|poke|p2|Ho-Oh|\n|poke|p2|Yveltal|\n|poke|p2|Ditto|\n|poke|p2|Magearna|\n|poke|p2|Necrozma-Dusk-Mane|\n|poke|p2|Arceus-Ground|\n|teampreview\n|inactive|Battle timer is ON: inactive players will automatically lose when time's up. (requested by KurumiTokisakilove)\n|inactive|C0ld as Ice also wants the timer to be on.\n|\n|t:|1699002466\n|start\n|switch|p1a: Xerneas|Xerneas, shiny|100\/100\n|switch|p2a: Arceus|Arceus-Ground|100\/100\n|-ability|p1a: Xerneas|Fairy Aura\n|turn|1\n|\n|t:|1699002470\n|switch|p2a: Magearna|Magearna|100\/100\n|move|p1a: Xerneas|Moonblast|p2a: Magearna\n|-resisted|p2a: Magearna\n|-damage|p2a: Magearna|77\/100\n|\n|upkeep\n|turn|2\n|\n|t:|1699002474\n|switch|p1a: Donphan|Donphan, F, shiny|100\/100\n|move|p2a: Magearna|Fleur Cannon|p1a: Donphan\n|-damage|p1a: Donphan|18\/100\n|-unboost|p2a: Magearna|spa|2\n|\n|upkeep\n|turn|3\n|-enditem|p1a: Donphan|Custap Berry|[eat]\n|-activate|p1a: Donphan|item: Custap Berry|[consumed]\n|\n|t:|1699002481\n|move|p1a: Donphan|Stealth Rock|p2a: Magearna\n|-sidestart|p2: KurumiTokisakilove|move: Stealth Rock\n|move|p2a: Magearna|Fleur Cannon|p1a: Donphan\n|-damage|p1a: Donphan|0 fnt\n|-unboost|p2a: Magearna|spa|2\n|faint|p1a: Donphan\n|-ability|p2a: Magearna|Soul-Heart|boost\n|-boost|p2a: Magearna|spa|1\n|\n|upkeep\n|\n|t:|1699002498\n|switch|p1a: Zygarde|Zygarde, shiny|100\/100\n|turn|4\n|\n|t:|1699002507\n|move|p1a: Zygarde|Dragon Dance|p1a: Zygarde\n|-boost|p1a: Zygarde|atk|1\n|-boost|p1a: Zygarde|spe|1\n|move|p2a: Magearna|Fleur Cannon|p1a: Zygarde\n|-supereffective|p1a: Zygarde\n|-damage|p1a: Zygarde|54\/100\n|-unboost|p2a: Magearna|spa|2\n|\n|-heal|p1a: Zygarde|60\/100|[from] item: Leftovers\n|upkeep\n|turn|5\n|\n|t:|1699002513\n|switch|p2a: Yveltal|Yveltal, shiny|100\/100\n|-ability|p2a: Yveltal|Dark Aura\n|move|p1a: Zygarde|Thousand Arrows|p2a: Yveltal\n|-damage|p2a: Yveltal|68\/100\n|-start|p2a: Yveltal|Smack Down\n|\n|-heal|p1a: Zygarde|66\/100|[from] item: Leftovers\n|upkeep\n|turn|6\n|\n|t:|1699002529\n|move|p1a: Zygarde|Substitute|p1a: Zygarde\n|-start|p1a: Zygarde|Substitute\n|-damage|p1a: Zygarde|41\/100\n|move|p2a: Yveltal|Foul Play|p1a: Zygarde\n|-end|p1a: Zygarde|Substitute\n|\n|-heal|p1a: Zygarde|47\/100|[from] item: Leftovers\n|-activate|p1a: Zygarde|ability: Power Construct\n|detailschange|p1a: Zygarde|Zygarde-Complete, shiny\n|-heal|p1a: Zygarde|67\/100|[silent]\n|upkeep\n|turn|7\n|\n|t:|1699002539\n|move|p1a: Zygarde|Thousand Arrows|p2a: Yveltal\n|-damage|p2a: Yveltal|35\/100\n|move|p2a: Yveltal|Foul Play|p1a: Zygarde\n|-damage|p1a: Zygarde|33\/100\n|\n|-heal|p1a: Zygarde|39\/100|[from] item: Leftovers\n|upkeep\n|turn|8\n|\n|t:|1699002550\n|move|p1a: Zygarde|Thousand Arrows|p2a: Yveltal\n|-damage|p2a: Yveltal|5\/100\n|move|p2a: Yveltal|Roost|p2a: Yveltal\n|-heal|p2a: Yveltal|55\/100\n|-singleturn|p2a: Yveltal|move: Roost\n|\n|-heal|p1a: Zygarde|45\/100|[from] item: Leftovers\n|upkeep\n|turn|9\n|\n|t:|1699002557\n|move|p1a: Zygarde|Thousand Arrows|p2a: Yveltal\n|-damage|p2a: Yveltal|24\/100\n|move|p2a: Yveltal|Foul Play|p1a: Zygarde\n|-damage|p1a: Zygarde|12\/100\n|\n|-heal|p1a: Zygarde|18\/100|[from] item: Leftovers\n|upkeep\n|turn|10\n|\n|t:|1699002565\n|move|p1a: Zygarde|Thousand Arrows|p2a: Yveltal\n|-crit|p2a: Yveltal\n|-damage|p2a: Yveltal|0 fnt\n|faint|p2a: Yveltal\n|\n|-heal|p1a: Zygarde|25\/100|[from] item: Leftovers\n|upkeep\n|\n|t:|1699002568\n|switch|p2a: Ditto|Ditto, shiny|100\/100\n|-damage|p2a: Ditto|88\/100|[from] Stealth Rock\n|-transform|p2a: Ditto|p1a: Zygarde|[from] ability: Imposter\n|turn|11\n|\n|t:|1699002571\n|switch|p1a: Salamence|Salamence, M|100\/100\n|-ability|p1a: Salamence|Intimidate|boost\n|-unboost|p2a: Ditto|atk|1\n|move|p2a: Ditto|Thousand Arrows|p1a: Salamence\n|-damage|p1a: Salamence|54\/100\n|-start|p1a: Salamence|Smack Down\n|\n|upkeep\n|turn|12\n|\n|t:|1699002591\n|switch|p2a: Necrozma|Necrozma-Dusk-Mane|100\/100\n|-damage|p2a: Necrozma|94\/100|[from] Stealth Rock\n|detailschange|p1a: Salamence|Salamence-Mega, M\n|-mega|p1a: Salamence|Salamence|Salamencite\n|move|p1a: Salamence|Roost|p1a: Salamence\n|-heal|p1a: Salamence|100\/100\n|-singleturn|p1a: Salamence|move: Roost\n|\n|upkeep\n|turn|13\n|\n|t:|1699002598\n|switch|p1a: Xerneas|Xerneas, shiny|100\/100\n|-ability|p1a: Xerneas|Fairy Aura\n|move|p2a: Necrozma|Stealth Rock|p1a: Xerneas\n|-sidestart|p1: C0ld as Ice|move: Stealth Rock\n|\n|upkeep\n|turn|14\n|\n|t:|1699002608\n|switch|p2a: Ho-Oh|Ho-Oh|100\/100\n|-damage|p2a: Ho-Oh|51\/100|[from] Stealth Rock\n|move|p1a: Xerneas|Moonblast|p2a: Ho-Oh\n|-resisted|p2a: Ho-Oh\n|-damage|p2a: Ho-Oh|26\/100\n|\n|upkeep\n|turn|15\n|\n|t:|1699002613\n|move|p2a: Ho-Oh|Brave Bird|p1a: Xerneas\n|-damage|p1a: Xerneas|28\/100\n|-damage|p2a: Ho-Oh|0 fnt|[from] Recoil\n|faint|p2a: Ho-Oh\n|move|p1a: Xerneas|Moonblast|p2: Ho-Oh|[notarget]\n|-fail|p1a: Xerneas\n|\n|upkeep\n|\n|t:|1699002622\n|switch|p2a: Arceus|Arceus-Ground|100\/100\n|-damage|p2a: Arceus|94\/100|[from] Stealth Rock\n|turn|16\n|\n|t:|1699002624\n|move|p2a: Arceus|Judgment|p1a: Xerneas\n|-damage|p1a: Xerneas|0 fnt\n|faint|p1a: Xerneas\n|\n|upkeep\n|\n|t:|1699002627\n|switch|p1a: Salamence|Salamence-Mega, M|100\/100\n|-damage|p1a: Salamence|76\/100|[from] Stealth Rock\n|turn|17\n|\n|t:|1699002633\n|switch|p2a: Magearna|Magearna|77\/100\n|-damage|p2a: Magearna|71\/100|[from] Stealth Rock\n|move|p1a: Salamence|Facade|p2a: Magearna\n|-resisted|p2a: Magearna\n|-damage|p2a: Magearna|48\/100\n|\n|upkeep\n|turn|18\n|\n|t:|1699002638\n|switch|p1a: Necrozma|Necrozma-Dusk-Mane, shiny|100\/100\n|-damage|p1a: Necrozma|94\/100|[from] Stealth Rock\n|move|p2a: Magearna|Fleur Cannon|p1a: Necrozma\n|-resisted|p1a: Necrozma\n|-damage|p1a: Necrozma|70\/100\n|-unboost|p2a: Magearna|spa|2\n|\n|upkeep\n|turn|19\n|\n|t:|1699002643\n|move|p1a: Necrozma|Dragon Dance|p1a: Necrozma\n|-boost|p1a: Necrozma|atk|1\n|-boost|p1a: Necrozma|spe|1\n|move|p2a: Magearna|Pain Split|p1a: Necrozma\n|-sethp|p1a: Necrozma|61\/100|[from] move: Pain Split|[silent]\n|-sethp|p2a: Magearna|57\/100|[from] move: Pain Split\n|\n|upkeep\n|turn|20\n|\n|t:|1699002646\n|move|p1a: Necrozma|Earthquake|p2a: Magearna\n|-supereffective|p2a: Magearna\n|-damage|p2a: Magearna|0 fnt\n|faint|p2a: Magearna\n|\n|upkeep\n|\n|t:|1699002655\n|switch|p2a: Arceus|Arceus-Ground|94\/100\n|-damage|p2a: Arceus|88\/100|[from] Stealth Rock\n|turn|21\n|\n|t:|1699002657\n|detailschange|p1a: Necrozma|Necrozma-Ultra, shiny\n|-burst|p1a: Necrozma|Necrozma|Ultranecrozium Z\n|move|p1a: Necrozma|Photon Geyser|p2a: Arceus\n|-damage|p2a: Arceus|24\/100\n|move|p2a: Arceus|Judgment|p1a: Necrozma\n|-crit|p1a: Necrozma\n|-damage|p1a: Necrozma|0 fnt\n|faint|p1a: Necrozma\n|\n|upkeep\n|\n|t:|1699002660\n|switch|p1a: Marshadow|Marshadow|100\/100\n|-damage|p1a: Marshadow|94\/100|[from] Stealth Rock\n|turn|22\n|\n|t:|1699002667\n|move|p1a: Marshadow|Shadow Sneak|p2a: Arceus\n|-damage|p2a: Arceus|0 fnt\n|faint|p2a: Arceus\n|-damage|p1a: Marshadow|84\/100|[from] item: Life Orb\n|\n|upkeep\n|\n|t:|1699002676\n|switch|p2a: Ditto|Ditto, shiny|88\/100\n|-damage|p2a: Ditto|76\/100|[from] Stealth Rock\n|-transform|p2a: Ditto|p1a: Marshadow|[from] ability: Imposter\n|turn|23\n|\n|t:|1699002679\n|switch|p1a: Zygarde|Zygarde-Complete, shiny|25\/100\n|-damage|p1a: Zygarde|18\/100|[from] Stealth Rock\n|-terastallize|p2a: Ditto|Ghost\n|move|p2a: Ditto|Shadow Sneak|p1a: Zygarde\n|-damage|p1a: Zygarde|0 fnt\n|faint|p1a: Zygarde\n|\n|upkeep\n|\n|t:|1699002681\n|switch|p1a: Salamence|Salamence-Mega, M|76\/100\n|-damage|p1a: Salamence|51\/100|[from] Stealth Rock\n|turn|24\n|\n|t:|1699002702\n|switch|p2a: Necrozma|Necrozma-Dusk-Mane|94\/100\n|-damage|p2a: Necrozma|88\/100|[from] Stealth Rock\n|move|p1a: Salamence|Dragon Dance|p1a: Salamence\n|-boost|p1a: Salamence|atk|1\n|-boost|p1a: Salamence|spe|1\n|\n|upkeep\n|turn|25\n|\n|t:|1699002712\n|move|p1a: Salamence|Double-Edge|p2a: Necrozma\n|-resisted|p2a: Necrozma\n|-damage|p2a: Necrozma|32\/100\n|-damage|p1a: Salamence|32\/100|[from] Recoil\n|move|p2a: Necrozma|Dragon Pulse|p1a: Salamence\n|-supereffective|p1a: Salamence\n|-crit|p1a: Salamence\n|-damage|p1a: Salamence|0 fnt\n|faint|p1a: Salamence\n|\n|upkeep\n|\n|t:|1699002714\n|switch|p1a: Marshadow|Marshadow|84\/100\n|-damage|p1a: Marshadow|78\/100|[from] Stealth Rock\n|turn|26\n|\n|t:|1699002720\n|detailschange|p2a: Necrozma|Necrozma-Ultra\n|-burst|p2a: Necrozma|Necrozma|Ultranecrozium Z\n|move|p1a: Marshadow|Shadow Sneak|p2a: Necrozma\n|-supereffective|p2a: Necrozma\n|-damage|p2a: Necrozma|0 fnt\n|faint|p2a: Necrozma\n|-damage|p1a: Marshadow|68\/100|[from] item: Life Orb\n|\n|upkeep\n|\n|t:|1699002722\n|switch|p2a: Ditto|Ditto, shiny, tera:Ghost|76\/100\n|-damage|p2a: Ditto|63\/100|[from] Stealth Rock\n|-transform|p2a: Ditto|p1a: Marshadow|[from] ability: Imposter\n|turn|27\n|\n|t:|1699002725\n|move|p2a: Ditto|Shadow Sneak|p1a: Marshadow\n|-supereffective|p1a: Marshadow\n|-damage|p1a: Marshadow|0 fnt\n|faint|p1a: Marshadow\n|\n|win|KurumiTokisakilove\n|raw|C0ld as Ice's rating: 1796 &rarr; <strong>1784<\/strong><br \/>(-12 for losing)\n|raw|KurumiTokisakilove's rating: 1938 &rarr; <strong>1950<\/strong><br \/>(+12 for winning)\n|l|\u2606C0ld as Ice\n|l|\u2606KurumiTokisakilove\n","uploadtime":1699002730,"views":34,"p1id":"c0ldasice","p2id":"kurumitokisakilove","formatid":"gen9nationaldexubers","rating":1784,"private":0,"password":""}