{"id":"gen9nationaldexubers-1979773292","p1":"SaintZoroark","p2":"Aloe Vera Plant","format":"[Gen 9] National Dex Ubers","log":"|j|\u2606SaintZoroark\n|j|\u2606Aloe Vera Plant\n|t:|1698711773\n|gametype|singles\n|player|p1|SaintZoroark|ethan|\n|player|p2|Aloe Vera Plant|265|\n|teamsize|p1|6\n|teamsize|p2|6\n|gen|9\n|tier|[Gen 9] National Dex Ubers\n|rule|HP Percentage Mod: HP is shown in percentages\n|rule|Endless Battle Clause: Forcing endless battles is banned\n|rule|OHKO Clause: OHKO moves are banned\n|rule|Evasion Moves Clause: Evasion moves are banned\n|rule|Evasion Items Clause: Evasion items are banned\n|rule|Species Clause: Limit one of each Pok\u00e9mon\n|rule|Sleep Clause Mod: Limit one foe put to sleep\n|rule|Mega Rayquaza Clause: You cannot mega evolve Rayquaza\n|clearpoke\n|poke|p1|Hydreigon, F|\n|poke|p1|Thundurus, M|\n|poke|p1|Excadrill, M|\n|poke|p1|Dusclops, M|\n|poke|p1|Espeon, M|\n|poke|p1|Tyranitar, F|\n|poke|p2|Iron Valiant|\n|poke|p2|Diancie|\n|poke|p2|Corviknight, M|\n|poke|p2|Clodsire, F|\n|poke|p2|Talonflame, F|\n|poke|p2|Flapple, F|\n|teampreview\n|\n|t:|1698711800\n|start\n|switch|p1a: Monty|Excadrill, M|100\/100\n|switch|p2a: Iron Valiant|Iron Valiant|100\/100\n|turn|1\n|j| applesaucem13\n|\n|t:|1698711828\n|-terastallize|p1a: Monty|Flying\n|move|p2a: Iron Valiant|Aura Sphere|p1a: Monty\n|-resisted|p1a: Monty\n|-damage|p1a: Monty|75\/100\n|move|p1a: Monty|Iron Head|p2a: Iron Valiant\n|-supereffective|p2a: Iron Valiant\n|-damage|p2a: Iron Valiant|0 fnt\n|faint|p2a: Iron Valiant\n|-end|p2a: Iron Valiant|Quark Drive|[silent]\n|\n|upkeep\n|\n|t:|1698711848\n|switch|p2a: Diancie|Diancie|100\/100\n|turn|2\n|\n|t:|1698711857\n|detailschange|p2a: Diancie|Diancie-Mega\n|-mega|p2a: Diancie|Diancie|Diancite\n|move|p2a: Diancie|Diamond Storm|p1a: Monty\n|-supereffective|p1a: Monty\n|-damage|p1a: Monty|0 fnt\n|faint|p1a: Monty\n|\n|upkeep\n|\n|t:|1698711897\n|switch|p1a: Fitz|Dusclops, M, shiny|100\/100\n|-ability|p1a: Fitz|Pressure\n|turn|3\n|\n|t:|1698711909\n|move|p2a: Diancie|Moonblast|p1a: Fitz\n|-damage|p1a: Fitz|61\/100\n|-unboost|p1a: Fitz|spa|1\n|move|p1a: Fitz|Will-O-Wisp|p2a: Diancie\n|move|p2a: Diancie|Will-O-Wisp|p1a: Fitz|[from]ability: Magic Bounce\n|-status|p1a: Fitz|brn\n|\n|-damage|p1a: Fitz|55\/100 brn|[from] brn\n|upkeep\n|turn|4\n|\n|t:|1698711920\n|move|p1a: Fitz|Protect|p1a: Fitz\n|-singleturn|p1a: Fitz|Protect\n|move|p2a: Diancie|Moonblast|p1a: Fitz\n|-activate|p1a: Fitz|move: Protect\n|\n|-damage|p1a: Fitz|49\/100 brn|[from] brn\n|upkeep\n|turn|5\n|\n|t:|1698711975\n|move|p2a: Diancie|Mystical Fire|p1a: Fitz\n|-damage|p1a: Fitz|29\/100 brn\n|-unboost|p1a: Fitz|spa|1\n|move|p1a: Fitz|Hex|p2a: Diancie\n|-damage|p2a: Diancie|89\/100\n|\n|-damage|p1a: Fitz|23\/100 brn|[from] brn\n|upkeep\n|turn|6\n|\n|t:|1698711994\n|move|p2a: Diancie|Mystical Fire|p1a: Fitz\n|-damage|p1a: Fitz|3\/100 brn\n|-unboost|p1a: Fitz|spa|1\n|move|p1a: Fitz|Destiny Bond|p1a: Fitz\n|-singlemove|p1a: Fitz|Destiny Bond\n|\n|-damage|p1a: Fitz|0 fnt|[from] brn\n|faint|p1a: Fitz\n|upkeep\n|\n|t:|1698712014\n|switch|p1a: Piccolo|Espeon, M, shiny|100\/100\n|turn|7\n|\n|t:|1698712036\n|move|p1a: Piccolo|Psychic|p2a: Diancie\n|-damage|p2a: Diancie|0 fnt\n|faint|p2a: Diancie\n|\n|upkeep\n|l| applesaucem13\n|j| applesaucem13\n|\n|t:|1698712063\n|switch|p2a: Flapple|Flapple, F|100\/100\n|turn|8\n|\n|t:|1698712070\n|move|p2a: Flapple|Sucker Punch|p1a: Piccolo\n|-supereffective|p1a: Piccolo\n|-damage|p1a: Piccolo|0 fnt\n|faint|p1a: Piccolo\n|\n|upkeep\n|\n|t:|1698712083\n|switch|p1a: Will Smith|Thundurus, M|100\/100\n|turn|9\n|\n|t:|1698712104\n|move|p1a: Will Smith|Thunder Wave|p2a: Flapple\n|-status|p2a: Flapple|par\n|move|p2a: Flapple|Draco Meteor|p1a: Will Smith\n|-damage|p1a: Will Smith|44\/100\n|-unboost|p2a: Flapple|spa|2\n|\n|upkeep\n|turn|10\n|\n|t:|1698712110\n|move|p1a: Will Smith|Volt Switch|p2a: Flapple\n|-resisted|p2a: Flapple\n|-damage|p2a: Flapple|82\/100 par\n|\n|t:|1698712119\n|switch|p1a: Dystopia|Hydreigon, F, shiny|100\/100|[from] Volt Switch\n|move|p2a: Flapple|U-turn|p1a: Dystopia\n|-supereffective|p1a: Dystopia\n|-damage|p1a: Dystopia|24\/100\n|\n|t:|1698712139\n|switch|p2a: Clodsire|Clodsire, F|100\/100|[from] U-turn\n|\n|upkeep\n|turn|11\n|\n|t:|1698712157\n|switch|p1a: Will Smith|Thundurus, M|44\/100\n|move|p2a: Clodsire|Toxic|p1a: Will Smith\n|-status|p1a: Will Smith|tox\n|\n|-damage|p1a: Will Smith|38\/100 tox|[from] psn\n|upkeep\n|turn|12\n|\n|t:|1698712164\n|switch|p2a: Flapple|Flapple, F|82\/100 par\n|move|p1a: Will Smith|Psychic|p2a: Flapple\n|-damage|p2a: Flapple|14\/100 par\n|\n|-damage|p1a: Will Smith|26\/100 tox|[from] psn\n|upkeep\n|turn|13\n|\n|t:|1698712175\n|move|p2a: Flapple|Sucker Punch|p1a: Will Smith\n|-damage|p1a: Will Smith|0 fnt\n|faint|p1a: Will Smith\n|\n|upkeep\n|\n|t:|1698712201\n|switch|p1a: Sahara|Tyranitar, F, shiny|100\/100\n|-weather|Sandstorm|[from] ability: Sand Stream|[of] p1a: Sahara\n|turn|14\n|\n|t:|1698712222\n|move|p1a: Sahara|Crunch|p2a: Flapple\n|-damage|p2a: Flapple|0 fnt\n|faint|p2a: Flapple\n|\n|-weather|Sandstorm|[upkeep]\n|upkeep\n|\n|t:|1698712232\n|switch|p2a: Clodsire|Clodsire, F|100\/100\n|turn|15\n|\n|t:|1698712246\n|move|p1a: Sahara|Crunch|p2a: Clodsire\n|-damage|p2a: Clodsire|25\/100\n|move|p2a: Clodsire|Toxic|p1a: Sahara\n|-status|p1a: Sahara|tox\n|\n|-weather|Sandstorm|[upkeep]\n|-heal|p2a: Clodsire|32\/100|[from] item: Black Sludge\n|-damage|p1a: Sahara|94\/100 tox|[from] psn\n|upkeep\n|turn|16\n|\n|t:|1698712255\n|switch|p2a: Corviknight|Corviknight, M|100\/100\n|move|p1a: Sahara|Crunch|p2a: Corviknight\n|-damage|p2a: Corviknight|62\/100\n|-ability|p2a: Corviknight|Mirror Armor\n|-unboost|p1a: Sahara|def|1\n|-damage|p1a: Sahara|78\/100 tox|[from] item: Rocky Helmet|[of] p2a: Corviknight\n|\n|-weather|Sandstorm|[upkeep]\n|-damage|p1a: Sahara|65\/100 tox|[from] psn\n|upkeep\n|turn|17\n|\n|t:|1698712273\n|move|p2a: Corviknight|Roost|p2a: Corviknight\n|-heal|p2a: Corviknight|100\/100\n|-singleturn|p2a: Corviknight|move: Roost\n|move|p1a: Sahara|Crunch|p2a: Corviknight\n|-damage|p2a: Corviknight|60\/100\n|-damage|p1a: Sahara|49\/100 tox|[from] item: Rocky Helmet|[of] p2a: Corviknight\n|\n|-weather|Sandstorm|[upkeep]\n|-damage|p1a: Sahara|30\/100 tox|[from] psn\n|upkeep\n|turn|18\n|\n|t:|1698712296\n|move|p2a: Corviknight|Roost|p2a: Corviknight\n|-heal|p2a: Corviknight|100\/100\n|-singleturn|p2a: Corviknight|move: Roost\n|move|p1a: Sahara|Crunch|p2a: Corviknight\n|-damage|p2a: Corviknight|58\/100\n|-damage|p1a: Sahara|13\/100 tox|[from] item: Rocky Helmet|[of] p2a: Corviknight\n|\n|-weather|none\n|-damage|p1a: Sahara|0 fnt|[from] psn\n|faint|p1a: Sahara\n|upkeep\n|\n|t:|1698712298\n|switch|p1a: Dystopia|Hydreigon, F, shiny|24\/100\n|turn|19\n|\n|t:|1698712323\n|move|p1a: Dystopia|Flamethrower|p2a: Corviknight\n|-supereffective|p2a: Corviknight\n|-damage|p2a: Corviknight|0 fnt\n|faint|p2a: Corviknight\n|-damage|p1a: Dystopia|14\/100|[from] item: Life Orb\n|\n|upkeep\n|\n|t:|1698712332\n|switch|p2a: Talonflame|Talonflame, F|100\/100\n|turn|20\n|\n|t:|1698712337\n|move|p2a: Talonflame|Brave Bird|p1a: Dystopia\n|-damage|p1a: Dystopia|0 fnt\n|faint|p1a: Dystopia\n|-damage|p2a: Talonflame|96\/100|[from] Recoil\n|\n|win|Aloe Vera Plant\n","uploadtime":1698712347,"views":14,"p1id":"saintzoroark","p2id":"aloeveraplant","formatid":"gen9nationaldexubers","rating":0,"private":0,"password":""}