{"id":"gen9nationaldexubers-1984540731","p1":"Soyeon is a cutie","p2":"85792195wwww","format":"[Gen 9] National Dex Ubers","log":"|j|\u2606Soyeon is a cutie\n|j|\u260685792195wwww\n|t:|1699277850\n|gametype|singles\n|player|p1|Soyeon is a cutie|idol|1793\n|player|p2|85792195wwww|mira|1820\n|teamsize|p1|6\n|teamsize|p2|6\n|gen|9\n|tier|[Gen 9] National Dex Ubers\n|rated|\n|rule|HP Percentage Mod: HP is shown in percentages\n|rule|Endless Battle Clause: Forcing endless battles is banned\n|rule|OHKO Clause: OHKO moves are banned\n|rule|Evasion Moves Clause: Evasion moves are banned\n|rule|Evasion Items Clause: Evasion items are banned\n|rule|Species Clause: Limit one of each Pok\u00e9mon\n|rule|Sleep Clause Mod: Limit one foe put to sleep\n|rule|Mega Rayquaza Clause: You cannot mega evolve Rayquaza\n|clearpoke\n|poke|p1|Arceus-Fairy|\n|poke|p1|Kingambit, F|\n|poke|p1|Ditto|\n|poke|p1|Urshifu-*, M|\n|poke|p1|Lunala|\n|poke|p1|Necrozma-Dusk-Mane|\n|poke|p2|Arceus|\n|poke|p2|Xerneas-*|\n|poke|p2|Groudon|\n|poke|p2|Zacian-*|\n|poke|p2|Krookodile, M|\n|poke|p2|Kyurem-Black|\n|teampreview\n|inactive|Battle timer is ON: inactive players will automatically lose when time's up. (requested by Soyeon is a cutie)\n|\n|t:|1699277859\n|start\n|switch|p1a: Necrozma|Necrozma-Dusk-Mane, shiny|100\/100\n|switch|p2a: Zacian|Zacian-Crowned|100\/100\n|-ability|p2a: Zacian|Intrepid Sword|boost\n|-boost|p2a: Zacian|atk|1\n|turn|1\n|\n|t:|1699277877\n|move|p2a: Zacian|Close Combat|p1a: Necrozma\n|-damage|p1a: Necrozma|46\/100\n|-unboost|p2a: Zacian|def|1\n|-unboost|p2a: Zacian|spd|1\n|move|p1a: Necrozma|Stealth Rock|p2a: Zacian\n|-sidestart|p2: 85792195wwww|move: Stealth Rock\n|\n|upkeep\n|turn|2\n|\n|t:|1699277885\n|detailschange|p1a: Necrozma|Necrozma-Ultra, shiny\n|-burst|p1a: Necrozma|Necrozma|Ultranecrozium Z\n|move|p2a: Zacian|Behemoth Blade|p1a: Necrozma\n|-damage|p1a: Necrozma|0 fnt\n|faint|p1a: Necrozma\n|\n|upkeep\n|\n|t:|1699277889\n|switch|p1a: Ditto|Ditto, shiny|100\/100\n|-transform|p1a: Ditto|p2a: Zacian|[from] ability: Imposter\n|-ability|p1a: Ditto|Intrepid Sword|boost\n|-boost|p1a: Ditto|atk|1\n|turn|3\n|\n|t:|1699277899\n|switch|p2a: Kyurem|Kyurem-Black|100\/100\n|-damage|p2a: Kyurem|76\/100|[from] Stealth Rock\n|-ability|p2a: Kyurem|Teravolt\n|move|p1a: Ditto|Close Combat|p2a: Kyurem\n|-supereffective|p2a: Kyurem\n|-damage|p2a: Kyurem|0 fnt\n|-unboost|p1a: Ditto|def|1\n|-unboost|p1a: Ditto|spd|1\n|faint|p2a: Kyurem\n|\n|upkeep\n|\n|t:|1699277919\n|switch|p2a: Xerneas|Xerneas|100\/100\n|-damage|p2a: Xerneas|88\/100|[from] Stealth Rock\n|-ability|p2a: Xerneas|Fairy Aura\n|turn|4\n|\n|t:|1699277932\n|switch|p1a: Arceus|Arceus-Fairy|100\/100\n|move|p2a: Xerneas|Moonblast|p1a: Arceus\n|-crit|p1a: Arceus\n|-damage|p1a: Arceus|27\/100\n|\n|upkeep\n|turn|5\n|\n|t:|1699277939\n|move|p1a: Arceus|Judgment|p2a: Xerneas\n|-damage|p2a: Xerneas|29\/100\n|move|p2a: Xerneas|Moonblast|p1a: Arceus\n|-damage|p1a: Arceus|0 fnt\n|faint|p1a: Arceus\n|\n|upkeep\n|j| strashtegy\n|\n|t:|1699277945\n|switch|p1a: Lunala|Lunala, shiny|100\/100\n|turn|6\n|\n|t:|1699277959\n|move|p1a: Lunala|Moongeist Beam|p2a: Xerneas\n|-damage|p2a: Xerneas|0 fnt\n|faint|p2a: Xerneas\n|\n|upkeep\n|\n|t:|1699277970\n|switch|p2a: Krookodile|Krookodile, M|100\/100\n|-damage|p2a: Krookodile|94\/100|[from] Stealth Rock\n|-ability|p2a: Krookodile|Intimidate|boost\n|-unboost|p1a: Lunala|atk|1\n|turn|7\n|\n|t:|1699277978\n|move|p1a: Lunala|Moonblast|p2a: Krookodile\n|-supereffective|p2a: Krookodile\n|-damage|p2a: Krookodile|0 fnt\n|faint|p2a: Krookodile\n|\n|upkeep\n|\n|t:|1699277985\n|switch|p2a: Arceus|Arceus|100\/100\n|-damage|p2a: Arceus|88\/100|[from] Stealth Rock\n|turn|8\n|\n|t:|1699277993\n|switch|p1a: Urshifu|Urshifu, M|100\/100\n|move|p2a: Arceus|Swords Dance|p2a: Arceus\n|-boost|p2a: Arceus|atk|2\n|\n|upkeep\n|turn|9\n|\n|t:|1699278003\n|-terastallize|p1a: Urshifu|Steel\n|move|p2a: Arceus|Extreme Speed|p1a: Urshifu\n|-resisted|p1a: Urshifu\n|-damage|p1a: Urshifu|44\/100\n|-damage|p2a: Arceus|78\/100|[from] item: Life Orb\n|move|p1a: Urshifu|Wicked Blow|p2a: Arceus\n|-crit|p2a: Arceus\n|-damage|p2a: Arceus|22\/100\n|-damage|p1a: Urshifu|34\/100|[from] item: Life Orb\n|\n|upkeep\n|turn|10\n|\n|t:|1699278015\n|move|p2a: Arceus|Extreme Speed|p1a: Urshifu\n|-resisted|p1a: Urshifu\n|-damage|p1a: Urshifu|0 fnt\n|faint|p1a: Urshifu\n|-damage|p2a: Arceus|12\/100|[from] item: Life Orb\n|\n|upkeep\n|\n|t:|1699278021\n|switch|p1a: Lunala|Lunala, shiny|100\/100\n|turn|11\n|j| 1 em trach thu\n|\n|t:|1699278030\n|move|p2a: Arceus|Earthquake|p1a: Lunala\n|-damage|p1a: Lunala|55\/100\n|-damage|p2a: Arceus|2\/100|[from] item: Life Orb\n|move|p1a: Lunala|Psyshock|p2a: Arceus\n|-damage|p2a: Arceus|0 fnt\n|faint|p2a: Arceus\n|\n|upkeep\n|\n|t:|1699278041\n|switch|p2a: Zacian|Zacian-Crowned|100\/100\n|-damage|p2a: Zacian|94\/100|[from] Stealth Rock\n|turn|12\n|\n|t:|1699278046\n|move|p2a: Zacian|Behemoth Blade|p1a: Lunala\n|-damage|p1a: Lunala|3\/100\n|move|p1a: Lunala|Moongeist Beam|p2a: Zacian\n|-damage|p2a: Zacian|48\/100\n|\n|upkeep\n|turn|13\n|\n|t:|1699278055\n|move|p2a: Zacian|Behemoth Blade|p1a: Lunala\n|-damage|p1a: Lunala|0 fnt\n|faint|p1a: Lunala\n|\n|upkeep\n|\n|t:|1699278057\n|switch|p1a: Ditto|Ditto, shiny|100\/100\n|-transform|p1a: Ditto|p2a: Zacian|[from] ability: Imposter\n|turn|14\n|\n|t:|1699278066\n|move|p1a: Ditto|Behemoth Blade|p2a: Zacian\n|-damage|p2a: Zacian|0 fnt\n|faint|p2a: Zacian\n|\n|upkeep\n|\n|t:|1699278072\n|switch|p2a: Groudon|Groudon|100\/100\n|-damage|p2a: Groudon|94\/100|[from] Stealth Rock\n|detailschange|p2a: Groudon|Groudon-Primal\n|-primal|p2a: Groudon|Red Orb\n|-weather|DesolateLand|[from] ability: Desolate Land|[of] p2a: Groudon\n|turn|15\n|\n|t:|1699278080\n|switch|p1a: Kingambit|Kingambit, F|100\/100\n|-activate|p1a: Kingambit|ability: Supreme Overlord\n|-start|p1a: Kingambit|fallen4|[silent]\n|move|p2a: Groudon|Heat Crash|p1a: Kingambit\n|-supereffective|p1a: Kingambit\n|-damage|p1a: Kingambit|0 fnt\n|faint|p1a: Kingambit\n|-end|p1a: Kingambit|fallen4|[silent]\n|\n|-weather|DesolateLand|[upkeep]\n|upkeep\n|\n|t:|1699278083\n|switch|p1a: Ditto|Ditto, shiny|100\/100\n|-transform|p1a: Ditto|p2a: Groudon|[from] ability: Imposter\n|turn|16\n|\n|t:|1699278094\n|move|p1a: Ditto|Precipice Blades|p2a: Groudon\n|-supereffective|p2a: Groudon\n|-damage|p2a: Groudon|0 fnt\n|faint|p2a: Groudon\n|\n|win|Soyeon is a cutie\n|raw|Soyeon is a cutie's rating: 1793 &rarr; <strong>1815<\/strong><br \/>(+22 for winning)\n|raw|85792195wwww's rating: 1820 &rarr; <strong>1798<\/strong><br \/>(-22 for losing)\n|l|\u260685792195wwww\n|l| strashtegy\n","uploadtime":1699278104,"views":8,"p1id":"soyeonisacutie","p2id":"85792195wwww","formatid":"gen9nationaldexubers","rating":1798,"private":0,"password":""}