{"id":"gen9nationaldexubers-1992718536","p1":"JustMonika_CARR","p2":"FoodDude72","format":"[Gen 9] National Dex Ubers","log":"|j|\u2606JustMonika_CARR\n|j|\u2606FoodDude72\n|t:|1700228766\n|gametype|singles\n|player|p1|JustMonika_CARR|rosa|1408\n|player|p2|FoodDude72|drayden|1457\n|teamsize|p1|6\n|teamsize|p2|6\n|gen|9\n|tier|[Gen 9] National Dex Ubers\n|rated|\n|rule|HP Percentage Mod: HP is shown in percentages\n|rule|Endless Battle Clause: Forcing endless battles is banned\n|rule|OHKO Clause: OHKO moves are banned\n|rule|Evasion Moves Clause: Evasion moves are banned\n|rule|Evasion Items Clause: Evasion items are banned\n|rule|Species Clause: Limit one of each Pok\u00e9mon\n|rule|Sleep Clause Mod: Limit one foe put to sleep\n|rule|Mega Rayquaza Clause: You cannot mega evolve Rayquaza\n|clearpoke\n|poke|p1|Beedrill, F|\n|poke|p1|Pheromosa|\n|poke|p1|Gothitelle, F|\n|poke|p1|Deoxys-Speed|\n|poke|p1|Shuckle, M|\n|poke|p1|Durant, F|\n|poke|p2|Skarmory, M|\n|poke|p2|Lugia|\n|poke|p2|Ursaluna-Bloodmoon, M|\n|poke|p2|Tinkaton, F|\n|poke|p2|Absol, M|\n|poke|p2|Quagsire, M|\n|teampreview\n|inactive|Battle timer is ON: inactive players will automatically lose when time's up. (requested by FoodDude72)\n|\n|t:|1700228782\n|start\n|switch|p1a: Deoxys|Deoxys-Speed, shiny|100\/100\n|switch|p2a: Tinkaton|Tinkaton, F|100\/100\n|-ability|p1a: Deoxys|Pressure\n|-ability|p2a: Tinkaton|Mold Breaker\n|turn|1\n|\n|t:|1700228793\n|move|p1a: Deoxys|Stealth Rock|p2a: Tinkaton\n|-sidestart|p2: FoodDude72|move: Stealth Rock\n|move|p2a: Tinkaton|Knock Off|p1a: Deoxys\n|-supereffective|p1a: Deoxys\n|-damage|p1a: Deoxys|56\/100\n|-enditem|p1a: Deoxys|Light Clay|[from] move: Knock Off|[of] p2a: Tinkaton\n|\n|upkeep\n|turn|2\n|\n|t:|1700228808\n|move|p1a: Deoxys|Taunt|p2a: Tinkaton\n|-start|p2a: Tinkaton|move: Taunt\n|move|p2a: Tinkaton|Gigaton Hammer|p1a: Deoxys\n|-damage|p1a: Deoxys|6\/100\n|\n|upkeep\n|turn|3\n|\n|t:|1700228817\n|switch|p2a: Absol|Absol, M|100\/100\n|-damage|p2a: Absol|88\/100|[from] Stealth Rock\n|move|p1a: Deoxys|Reflect|p1a: Deoxys\n|-sidestart|p1: JustMonika_CARR|Reflect\n|\n|upkeep\n|turn|4\n|\n|t:|1700228824\n|detailschange|p2a: Absol|Absol-Mega, M\n|-mega|p2a: Absol|Absol|Absolite\n|move|p1a: Deoxys|Light Screen|p1a: Deoxys\n|-sidestart|p1: JustMonika_CARR|move: Light Screen\n|move|p2a: Absol|Knock Off|p1a: Deoxys\n|-supereffective|p1a: Deoxys\n|-damage|p1a: Deoxys|0 fnt\n|faint|p1a: Deoxys\n|\n|upkeep\n|\n|t:|1700228839\n|switch|p1a: Beedrill|Beedrill, F, shiny|100\/100\n|turn|5\n|\n|t:|1700228846\n|switch|p2a: Tinkaton|Tinkaton, F|100\/100\n|-damage|p2a: Tinkaton|94\/100|[from] Stealth Rock\n|-ability|p2a: Tinkaton|Mold Breaker\n|detailschange|p1a: Beedrill|Beedrill-Mega, F, shiny\n|-mega|p1a: Beedrill|Beedrill|Beedrillite\n|move|p1a: Beedrill|U-turn|p2a: Tinkaton\n|-resisted|p2a: Tinkaton\n|-damage|p2a: Tinkaton|81\/100\n|\n|t:|1700228868\n|switch|p1a: Durant|Durant, F, shiny|100\/100|[from] U-turn\n|\n|-heal|p2a: Tinkaton|87\/100|[from] item: Leftovers\n|upkeep\n|turn|6\n|\n|t:|1700228874\n|switch|p2a: Absol|Absol-Mega, M|88\/100\n|-damage|p2a: Absol|75\/100|[from] Stealth Rock\n|move|p1a: Durant|Entrainment|p2a: Absol\n|move|p2a: Absol|Entrainment||[from]ability: Magic Bounce|[still]\n|-fail|p2a: Absol\n|\n|upkeep\n|turn|7\n|\n|t:|1700228889\n|switch|p1a: Beedrill|Beedrill-Mega, F, shiny|100\/100\n|move|p2a: Absol|Knock Off|p1a: Beedrill\n|-damage|p1a: Beedrill|53\/100\n|\n|-sideend|p1: JustMonika_CARR|Reflect\n|upkeep\n|turn|8\n|\n|t:|1700228904\n|move|p2a: Absol|Sucker Punch|p1a: Beedrill\n|-damage|p1a: Beedrill|0 fnt\n|faint|p1a: Beedrill\n|\n|-sideend|p1: JustMonika_CARR|move: Light Screen\n|upkeep\n|\n|t:|1700228910\n|switch|p1a: Pheromosa|Pheromosa, shiny|100\/100\n|turn|9\n|\n|t:|1700228920\n|move|p2a: Absol|Sucker Punch|p1a: Pheromosa\n|-resisted|p1a: Pheromosa\n|-damage|p1a: Pheromosa|46\/100\n|move|p1a: Pheromosa|Bug Buzz|p2a: Absol\n|-supereffective|p2a: Absol\n|-crit|p2a: Absol\n|-damage|p2a: Absol|0 fnt\n|faint|p2a: Absol\n|-ability|p1a: Pheromosa|Beast Boost|boost\n|-boost|p1a: Pheromosa|spa|1\n|\n|upkeep\n|\n|t:|1700228928\n|switch|p2a: Skarmory|Skarmory, M|100\/100\n|turn|10\n|\n|t:|1700228935\n|move|p1a: Pheromosa|Ice Beam|p2a: Skarmory\n|-damage|p2a: Skarmory|45\/100\n|move|p2a: Skarmory|Defog|p1a: Pheromosa\n|-unboost|p1a: Pheromosa|evasion|1\n|-sideend|p2: FoodDude72|Stealth Rock|[from] move: Defog|[of] p2a: Skarmory\n|\n|upkeep\n|turn|11\n|\n|t:|1700228945\n|move|p1a: Pheromosa|Ice Beam|p2a: Skarmory\n|-damage|p2a: Skarmory|0 fnt\n|faint|p2a: Skarmory\n|-ability|p1a: Pheromosa|Beast Boost|boost\n|-boost|p1a: Pheromosa|spa|1\n|\n|upkeep\n|j| kilopolik\n|\n|t:|1700228956\n|switch|p2a: Lugia|Lugia|100\/100\n|turn|12\n|\n|t:|1700228963\n|move|p1a: Pheromosa|Bug Buzz|p2a: Lugia\n|-damage|p2a: Lugia|74\/100\n|move|p2a: Lugia|Aeroblast|p1a: Pheromosa\n|-supereffective|p1a: Pheromosa\n|-damage|p1a: Pheromosa|0 fnt\n|faint|p1a: Pheromosa\n|\n|-heal|p2a: Lugia|80\/100|[from] item: Leftovers\n|upkeep\n|\n|t:|1700228977\n|switch|p1a: Durant|Durant, F, shiny|100\/100\n|turn|13\n|\n|t:|1700228981\n|move|p1a: Durant|Entrainment|p2a: Lugia\n|-endability|p2a: Lugia|Multiscale|[from] move: Entrainment\n|-ability|p2a: Lugia|Truant|[from] move: Entrainment\n|move|p2a: Lugia|Aeroblast|p1a: Durant\n|-damage|p1a: Durant|23\/100\n|\n|-heal|p2a: Lugia|86\/100|[from] item: Leftovers\n|upkeep\n|turn|14\n|\n|t:|1700228990\n|switch|p2a: Tinkaton|Tinkaton, F|87\/100\n|-ability|p2a: Tinkaton|Mold Breaker\n|cant|p1a: Durant|ability: Truant\n|\n|-heal|p2a: Tinkaton|93\/100|[from] item: Leftovers\n|upkeep\n|turn|15\n|\n|t:|1700229008\n|move|p1a: Durant|Entrainment|p2a: Tinkaton\n|-endability|p2a: Tinkaton|Mold Breaker|[from] move: Entrainment\n|-ability|p2a: Tinkaton|Truant|[from] move: Entrainment\n|move|p2a: Tinkaton|Gigaton Hammer|p1a: Durant\n|-resisted|p1a: Durant\n|-damage|p1a: Durant|0 fnt\n|faint|p1a: Durant\n|\n|-heal|p2a: Tinkaton|99\/100|[from] item: Leftovers\n|upkeep\n|\n|t:|1700229019\n|switch|p1a: Gothitelle|Gothitelle, F, shiny|100\/100\n|turn|16\n|\n|t:|1700229023\n|cant|p2a: Tinkaton|ability: Truant\n|move|p1a: Gothitelle|Substitute|p1a: Gothitelle\n|-start|p1a: Gothitelle|Substitute\n|-damage|p1a: Gothitelle|75\/100\n|\n|-heal|p2a: Tinkaton|100\/100|[from] item: Leftovers\n|upkeep\n|turn|17\n|\n|t:|1700229031\n|move|p2a: Tinkaton|Encore|p1a: Gothitelle\n|-start|p1a: Gothitelle|Encore\n|move|p1a: Gothitelle|Substitute|p1a: Gothitelle\n|-fail|p1a: Gothitelle|move: Substitute\n|\n|upkeep\n|turn|18\n|\n|t:|1700229037\n|cant|p2a: Tinkaton|ability: Truant\n|move|p1a: Gothitelle|Substitute|p1a: Gothitelle\n|-fail|p1a: Gothitelle|move: Substitute\n|\n|upkeep\n|turn|19\n|\n|t:|1700229043\n|move|p2a: Tinkaton|Knock Off|p1a: Gothitelle\n|-supereffective|p1a: Gothitelle\n|-end|p1a: Gothitelle|Substitute\n|move|p1a: Gothitelle|Substitute|p1a: Gothitelle\n|-start|p1a: Gothitelle|Substitute\n|-damage|p1a: Gothitelle|50\/100\n|\n|-end|p1a: Gothitelle|Encore\n|upkeep\n|turn|20\n|\n|t:|1700229053\n|cant|p2a: Tinkaton|ability: Truant\n|move|p1a: Gothitelle|Substitute|p1a: Gothitelle\n|-fail|p1a: Gothitelle|move: Substitute\n|\n|upkeep\n|turn|21\n|\n|t:|1700229060\n|move|p2a: Tinkaton|Encore|p1a: Gothitelle\n|-start|p1a: Gothitelle|Encore\n|move|p1a: Gothitelle|Substitute|p1a: Gothitelle\n|-fail|p1a: Gothitelle|move: Substitute\n|\n|upkeep\n|turn|22\n|\n|t:|1700229066\n|cant|p2a: Tinkaton|ability: Truant\n|move|p1a: Gothitelle|Substitute|p1a: Gothitelle\n|-fail|p1a: Gothitelle|move: Substitute\n|\n|upkeep\n|turn|23\n|\n|t:|1700229070\n|move|p2a: Tinkaton|Knock Off|p1a: Gothitelle\n|-supereffective|p1a: Gothitelle\n|-end|p1a: Gothitelle|Substitute\n|move|p1a: Gothitelle|Substitute|p1a: Gothitelle\n|-start|p1a: Gothitelle|Substitute\n|-damage|p1a: Gothitelle|25\/100\n|-enditem|p1a: Gothitelle|Starf Berry|[eat]\n|-boost|p1a: Gothitelle|spe|2|[from] item: Starf Berry\n|\n|-end|p1a: Gothitelle|Encore\n|upkeep\n|turn|24\n|\n|t:|1700229097\n|move|p1a: Gothitelle|Recycle|p1a: Gothitelle\n|-item|p1a: Gothitelle|Starf Berry|[from] move: Recycle\n|-enditem|p1a: Gothitelle|Starf Berry|[eat]\n|-boost|p1a: Gothitelle|spd|2|[from] item: Starf Berry\n|cant|p2a: Tinkaton|ability: Truant\n|\n|upkeep\n|turn|25\n|\n|t:|1700229100\n|move|p1a: Gothitelle|Protect|p1a: Gothitelle\n|-singleturn|p1a: Gothitelle|Protect\n|move|p2a: Tinkaton|Encore|p1a: Gothitelle\n|-activate|p1a: Gothitelle|move: Protect\n|\n|upkeep\n|turn|26\n|\n|t:|1700229108\n|move|p1a: Gothitelle|Recycle|p1a: Gothitelle\n|-item|p1a: Gothitelle|Starf Berry|[from] move: Recycle\n|-enditem|p1a: Gothitelle|Starf Berry|[eat]\n|-boost|p1a: Gothitelle|atk|2|[from] item: Starf Berry\n|cant|p2a: Tinkaton|ability: Truant\n|\n|upkeep\n|turn|27\n|\n|t:|1700229112\n|move|p1a: Gothitelle|Protect|p1a: Gothitelle\n|-singleturn|p1a: Gothitelle|Protect\n|move|p2a: Tinkaton|Knock Off|p1a: Gothitelle\n|-activate|p1a: Gothitelle|move: Protect\n|\n|upkeep\n|turn|28\n|\n|t:|1700229115\n|move|p1a: Gothitelle|Recycle|p1a: Gothitelle\n|-item|p1a: Gothitelle|Starf Berry|[from] move: Recycle\n|-enditem|p1a: Gothitelle|Starf Berry|[eat]\n|-boost|p1a: Gothitelle|spd|2|[from] item: Starf Berry\n|cant|p2a: Tinkaton|ability: Truant\n|\n|upkeep\n|turn|29\n|\n|t:|1700229117\n|move|p1a: Gothitelle|Protect|p1a: Gothitelle\n|-singleturn|p1a: Gothitelle|Protect\n|move|p2a: Tinkaton|Encore|p1a: Gothitelle\n|-activate|p1a: Gothitelle|move: Protect\n|\n|upkeep\n|turn|30\n|\n|t:|1700229119\n|move|p1a: Gothitelle|Recycle|p1a: Gothitelle\n|-item|p1a: Gothitelle|Starf Berry|[from] move: Recycle\n|-enditem|p1a: Gothitelle|Starf Berry|[eat]\n|-boost|p1a: Gothitelle|spa|2|[from] item: Starf Berry\n|cant|p2a: Tinkaton|ability: Truant\n|\n|upkeep\n|turn|31\n|\n|t:|1700229121\n|move|p1a: Gothitelle|Protect|p1a: Gothitelle\n|-singleturn|p1a: Gothitelle|Protect\n|move|p2a: Tinkaton|Knock Off|p1a: Gothitelle\n|-activate|p1a: Gothitelle|move: Protect\n|\n|upkeep\n|turn|32\n|\n|t:|1700229123\n|move|p1a: Gothitelle|Recycle|p1a: Gothitelle\n|-item|p1a: Gothitelle|Starf Berry|[from] move: Recycle\n|-enditem|p1a: Gothitelle|Starf Berry|[eat]\n|-boost|p1a: Gothitelle|spa|2|[from] item: Starf Berry\n|cant|p2a: Tinkaton|ability: Truant\n|\n|upkeep\n|turn|33\n|\n|t:|1700229131\n|move|p1a: Gothitelle|Protect|p1a: Gothitelle\n|-singleturn|p1a: Gothitelle|Protect\n|move|p2a: Tinkaton|Knock Off|p1a: Gothitelle\n|-activate|p1a: Gothitelle|move: Protect\n|\n|upkeep\n|turn|34\n|\n|t:|1700229137\n|move|p1a: Gothitelle|Recycle|p1a: Gothitelle\n|-item|p1a: Gothitelle|Starf Berry|[from] move: Recycle\n|-enditem|p1a: Gothitelle|Starf Berry|[eat]\n|-boost|p1a: Gothitelle|spa|2|[from] item: Starf Berry\n|cant|p2a: Tinkaton|ability: Truant\n|\n|upkeep\n|turn|35\n|\n|t:|1700229139\n|move|p1a: Gothitelle|Protect|p1a: Gothitelle\n|-singleturn|p1a: Gothitelle|Protect\n|move|p2a: Tinkaton|Knock Off|p1a: Gothitelle\n|-activate|p1a: Gothitelle|move: Protect\n|\n|upkeep\n|turn|36\n|\n|t:|1700229142\n|move|p1a: Gothitelle|Recycle|p1a: Gothitelle\n|-item|p1a: Gothitelle|Starf Berry|[from] move: Recycle\n|-enditem|p1a: Gothitelle|Starf Berry|[eat]\n|-boost|p1a: Gothitelle|def|2|[from] item: Starf Berry\n|cant|p2a: Tinkaton|ability: Truant\n|\n|upkeep\n|turn|37\n|\n|t:|1700229144\n|move|p1a: Gothitelle|Protect|p1a: Gothitelle\n|-singleturn|p1a: Gothitelle|Protect\n|move|p2a: Tinkaton|Knock Off|p1a: Gothitelle\n|-activate|p1a: Gothitelle|move: Protect\n|\n|upkeep\n|turn|38\n|\n|t:|1700229146\n|move|p1a: Gothitelle|Recycle|p1a: Gothitelle\n|-item|p1a: Gothitelle|Starf Berry|[from] move: Recycle\n|-enditem|p1a: Gothitelle|Starf Berry|[eat]\n|-boost|p1a: Gothitelle|atk|2|[from] item: Starf Berry\n|cant|p2a: Tinkaton|ability: Truant\n|\n|upkeep\n|turn|39\n|\n|t:|1700229148\n|move|p1a: Gothitelle|Protect|p1a: Gothitelle\n|-singleturn|p1a: Gothitelle|Protect\n|move|p2a: Tinkaton|Knock Off|p1a: Gothitelle\n|-activate|p1a: Gothitelle|move: Protect\n|\n|upkeep\n|turn|40\n|\n|t:|1700229150\n|move|p1a: Gothitelle|Recycle|p1a: Gothitelle\n|-item|p1a: Gothitelle|Starf Berry|[from] move: Recycle\n|-enditem|p1a: Gothitelle|Starf Berry|[eat]\n|-boost|p1a: Gothitelle|atk|2|[from] item: Starf Berry\n|cant|p2a: Tinkaton|ability: Truant\n|\n|upkeep\n|turn|41\n|\n|t:|1700229152\n|move|p1a: Gothitelle|Protect|p1a: Gothitelle\n|-singleturn|p1a: Gothitelle|Protect\n|move|p2a: Tinkaton|Knock Off|p1a: Gothitelle\n|-activate|p1a: Gothitelle|move: Protect\n|\n|upkeep\n|turn|42\n|\n|t:|1700229155\n|move|p1a: Gothitelle|Recycle|p1a: Gothitelle\n|-item|p1a: Gothitelle|Starf Berry|[from] move: Recycle\n|-enditem|p1a: Gothitelle|Starf Berry|[eat]\n|-boost|p1a: Gothitelle|spd|2|[from] item: Starf Berry\n|cant|p2a: Tinkaton|ability: Truant\n|\n|upkeep\n|turn|43\n|\n|t:|1700229163\n|move|p1a: Gothitelle|Protect|p1a: Gothitelle\n|-singleturn|p1a: Gothitelle|Protect\n|move|p2a: Tinkaton|Knock Off|p1a: Gothitelle\n|-activate|p1a: Gothitelle|move: Protect\n|\n|upkeep\n|turn|44\n|\n|t:|1700229165\n|move|p1a: Gothitelle|Recycle|p1a: Gothitelle\n|-item|p1a: Gothitelle|Starf Berry|[from] move: Recycle\n|-enditem|p1a: Gothitelle|Starf Berry|[eat]\n|-boost|p1a: Gothitelle|def|2|[from] item: Starf Berry\n|cant|p2a: Tinkaton|ability: Truant\n|\n|upkeep\n|turn|45\n|\n|t:|1700229171\n|move|p1a: Gothitelle|Protect|p1a: Gothitelle\n|-singleturn|p1a: Gothitelle|Protect\n|move|p2a: Tinkaton|Knock Off|p1a: Gothitelle\n|-activate|p1a: Gothitelle|move: Protect\n|\n|upkeep\n|turn|46\n|\n|t:|1700229173\n|move|p1a: Gothitelle|Recycle|p1a: Gothitelle\n|-item|p1a: Gothitelle|Starf Berry|[from] move: Recycle\n|-enditem|p1a: Gothitelle|Starf Berry|[eat]\n|-boost|p1a: Gothitelle|def|2|[from] item: Starf Berry\n|cant|p2a: Tinkaton|ability: Truant\n|\n|upkeep\n|turn|47\n|\n|t:|1700229181\n|move|p1a: Gothitelle|Protect|p1a: Gothitelle\n|-singleturn|p1a: Gothitelle|Protect\n|move|p2a: Tinkaton|Knock Off|p1a: Gothitelle\n|-activate|p1a: Gothitelle|move: Protect\n|\n|upkeep\n|turn|48\n|\n|t:|1700229184\n|move|p1a: Gothitelle|Recycle|p1a: Gothitelle\n|-item|p1a: Gothitelle|Starf Berry|[from] move: Recycle\n|-enditem|p1a: Gothitelle|Starf Berry|[eat]\n|-boost|p1a: Gothitelle|spe|2|[from] item: Starf Berry\n|cant|p2a: Tinkaton|ability: Truant\n|\n|upkeep\n|turn|49\n|\n|t:|1700229192\n|move|p1a: Gothitelle|Protect|p1a: Gothitelle\n|-singleturn|p1a: Gothitelle|Protect\n|move|p2a: Tinkaton|Knock Off|p1a: Gothitelle\n|-activate|p1a: Gothitelle|move: Protect\n|\n|upkeep\n|turn|50\n|\n|t:|1700229195\n|move|p1a: Gothitelle|Recycle|p1a: Gothitelle\n|-item|p1a: Gothitelle|Starf Berry|[from] move: Recycle\n|-enditem|p1a: Gothitelle|Starf Berry|[eat]\n|-boost|p1a: Gothitelle|spe|2|[from] item: Starf Berry\n|cant|p2a: Tinkaton|ability: Truant\n|\n|upkeep\n|turn|51\n|\n|t:|1700229196\n|move|p1a: Gothitelle|Protect|p1a: Gothitelle\n|-singleturn|p1a: Gothitelle|Protect\n|move|p2a: Tinkaton|Knock Off|p1a: Gothitelle\n|-activate|p1a: Gothitelle|move: Protect\n|\n|upkeep\n|turn|52\n|c| kilopolik|madman if you baton pass to shuckle\n|\n|t:|1700229204\n|move|p1a: Gothitelle|Dark Pulse|p2a: Tinkaton\n|-resisted|p2a: Tinkaton\n|-damage|p2a: Tinkaton|68\/100\n|cant|p2a: Tinkaton|ability: Truant\n|\n|-heal|p2a: Tinkaton|74\/100|[from] item: Leftovers\n|upkeep\n|turn|53\n|\n|t:|1700229213\n|move|p1a: Gothitelle|Protect|p1a: Gothitelle\n|-singleturn|p1a: Gothitelle|Protect\n|move|p2a: Tinkaton|Knock Off|p1a: Gothitelle\n|-activate|p1a: Gothitelle|move: Protect\n|\n|-heal|p2a: Tinkaton|80\/100|[from] item: Leftovers\n|upkeep\n|turn|54\n|\n|t:|1700229218\n|move|p1a: Gothitelle|Dark Pulse|p2a: Tinkaton\n|-resisted|p2a: Tinkaton\n|-damage|p2a: Tinkaton|47\/100\n|cant|p2a: Tinkaton|ability: Truant\n|\n|-heal|p2a: Tinkaton|53\/100|[from] item: Leftovers\n|upkeep\n|turn|55\n|\n|t:|1700229223\n|move|p1a: Gothitelle|Protect|p1a: Gothitelle\n|-singleturn|p1a: Gothitelle|Protect\n|move|p2a: Tinkaton|Knock Off|p1a: Gothitelle\n|-activate|p1a: Gothitelle|move: Protect\n|\n|-heal|p2a: Tinkaton|59\/100|[from] item: Leftovers\n|upkeep\n|turn|56\n|\n|t:|1700229228\n|move|p1a: Gothitelle|Dark Pulse|p2a: Tinkaton\n|-resisted|p2a: Tinkaton\n|-damage|p2a: Tinkaton|24\/100\n|cant|p2a: Tinkaton|ability: Truant\n|\n|-heal|p2a: Tinkaton|30\/100|[from] item: Leftovers\n|upkeep\n|turn|57\n|c| kilopolik|quag prollt have unaware tho\n|\n|t:|1700229237\n|move|p1a: Gothitelle|Dark Pulse|p2a: Tinkaton\n|-resisted|p2a: Tinkaton\n|-damage|p2a: Tinkaton|0 fnt\n|faint|p2a: Tinkaton\n|\n|upkeep\n|\n|t:|1700229247\n|switch|p2a: Quagsire|Quagsire, M|100\/100\n|turn|58\n|\n|t:|1700229251\n|move|p1a: Gothitelle|Dark Pulse|p2a: Quagsire\n|-crit|p2a: Quagsire\n|-damage|p2a: Quagsire|61\/100\n|move|p2a: Quagsire|Earthquake|p1a: Gothitelle\n|-end|p1a: Gothitelle|Substitute\n|\n|-heal|p2a: Quagsire|68\/100|[from] item: Leftovers\n|upkeep\n|turn|59\n|\n|t:|1700229264\n|-terastallize|p1a: Gothitelle|Dark\n|move|p1a: Gothitelle|Dark Pulse|p2a: Quagsire\n|-damage|p2a: Quagsire|28\/100\n|move|p2a: Quagsire|Recover|p2a: Quagsire\n|-heal|p2a: Quagsire|78\/100\n|\n|-heal|p2a: Quagsire|84\/100|[from] item: Leftovers\n|upkeep\n|turn|60\n|\n|t:|1700229274\n|move|p1a: Gothitelle|Dark Pulse|p2a: Quagsire\n|-damage|p2a: Quagsire|43\/100\n|move|p2a: Quagsire|Recover|p2a: Quagsire\n|-heal|p2a: Quagsire|93\/100\n|\n|-heal|p2a: Quagsire|99\/100|[from] item: Leftovers\n|upkeep\n|turn|61\n|\n|t:|1700229282\n|move|p1a: Gothitelle|Dark Pulse|p2a: Quagsire\n|-damage|p2a: Quagsire|58\/100\n|move|p2a: Quagsire|Earthquake|p1a: Gothitelle\n|-damage|p1a: Gothitelle|0 fnt\n|faint|p1a: Gothitelle\n|\n|-heal|p2a: Quagsire|64\/100|[from] item: Leftovers\n|upkeep\n|\n|t:|1700229292\n|switch|p1a: Shuckle|Shuckle, M, shiny|100\/100\n|turn|62\n|\n|t:|1700229297\n|move|p2a: Quagsire|Toxic|p1a: Shuckle\n|-status|p1a: Shuckle|tox\n|move|p1a: Shuckle|Infestation|p2a: Quagsire\n|-damage|p2a: Quagsire|62\/100\n|-activate|p2a: Quagsire|move: Infestation|[of] p1a: Shuckle\n|\n|-heal|p2a: Quagsire|68\/100|[from] item: Leftovers\n|-damage|p1a: Shuckle|94\/100 tox|[from] psn\n|-damage|p2a: Quagsire|56\/100|[from] move: Infestation|[partiallytrapped]\n|upkeep\n|turn|63\n|\n|t:|1700229308\n|move|p2a: Quagsire|Earthquake|p1a: Shuckle\n|-damage|p1a: Shuckle|77\/100 tox\n|move|p1a: Shuckle|Toxic|p2a: Quagsire\n|-status|p2a: Quagsire|tox\n|\n|-heal|p2a: Quagsire|62\/100 tox|[from] item: Leftovers\n|-damage|p2a: Quagsire|56\/100 tox|[from] psn\n|-damage|p1a: Shuckle|65\/100 tox|[from] psn\n|-damage|p2a: Quagsire|43\/100 tox|[from] move: Infestation|[partiallytrapped]\n|upkeep\n|turn|64\n|\n|t:|1700229319\n|move|p2a: Quagsire|Earthquake|p1a: Shuckle\n|-damage|p1a: Shuckle|47\/100 tox\n|move|p1a: Shuckle|Shell Smash|p1a: Shuckle\n|-boost|p1a: Shuckle|def|1\n|-boost|p1a: Shuckle|spd|1\n|-unboost|p1a: Shuckle|atk|2\n|-unboost|p1a: Shuckle|spa|2\n|-unboost|p1a: Shuckle|spe|2\n|\n|-heal|p2a: Quagsire|49\/100 tox|[from] item: Leftovers\n|-damage|p2a: Quagsire|37\/100 tox|[from] psn\n|-damage|p1a: Shuckle|29\/100 tox|[from] psn\n|-damage|p2a: Quagsire|25\/100 tox|[from] move: Infestation|[partiallytrapped]\n|upkeep\n|turn|65\n|\n|t:|1700229332\n|move|p2a: Quagsire|Recover|p2a: Quagsire\n|-heal|p2a: Quagsire|75\/100 tox\n|move|p1a: Shuckle|Rest|p1a: Shuckle\n|-status|p1a: Shuckle|slp|[from] move: Rest\n|-heal|p1a: Shuckle|100\/100 slp|[silent]\n|-enditem|p1a: Shuckle|Chesto Berry|[eat]\n|-curestatus|p1a: Shuckle|slp|[msg]\n|\n|-heal|p2a: Quagsire|81\/100 tox|[from] item: Leftovers\n|-damage|p2a: Quagsire|62\/100 tox|[from] psn\n|-damage|p2a: Quagsire|50\/100 tox|[from] move: Infestation|[partiallytrapped]\n|upkeep\n|turn|66\n|\n|t:|1700229345\n|move|p2a: Quagsire|Toxic|p1a: Shuckle\n|-status|p1a: Shuckle|tox\n|move|p1a: Shuckle|Shell Smash|p1a: Shuckle\n|-boost|p1a: Shuckle|def|1\n|-boost|p1a: Shuckle|spd|1\n|-unboost|p1a: Shuckle|atk|2\n|-unboost|p1a: Shuckle|spa|2\n|-unboost|p1a: Shuckle|spe|2\n|\n|-heal|p2a: Quagsire|56\/100 tox|[from] item: Leftovers\n|-damage|p2a: Quagsire|32\/100 tox|[from] psn\n|-damage|p1a: Shuckle|94\/100 tox|[from] psn\n|-end|p2a: Quagsire|Infestation|[partiallytrapped]\n|upkeep\n|turn|67\n|\n|t:|1700229363\n|switch|p2a: Lugia|Lugia|86\/100\n|move|p1a: Shuckle|Shell Smash|p1a: Shuckle\n|-boost|p1a: Shuckle|def|1\n|-boost|p1a: Shuckle|spd|1\n|-unboost|p1a: Shuckle|atk|2\n|-unboost|p1a: Shuckle|spa|2\n|-unboost|p1a: Shuckle|spe|2\n|\n|-heal|p2a: Lugia|92\/100|[from] item: Leftovers\n|-damage|p1a: Shuckle|82\/100 tox|[from] psn\n|upkeep\n|turn|68\n|\n|t:|1700229375\n|move|p2a: Lugia|Aeroblast|p1a: Shuckle\n|-damage|p1a: Shuckle|74\/100 tox\n|move|p1a: Shuckle|Infestation|p2a: Lugia\n|-damage|p2a: Lugia|92\/100\n|-activate|p2a: Lugia|move: Infestation|[of] p1a: Shuckle\n|\n|-heal|p2a: Lugia|98\/100|[from] item: Leftovers\n|-damage|p1a: Shuckle|56\/100 tox|[from] psn\n|-damage|p2a: Lugia|85\/100|[from] move: Infestation|[partiallytrapped]\n|upkeep\n|turn|69\n|l| kilopolik\n|\n|t:|1700229396\n|move|p2a: Lugia|Aeroblast|p1a: Shuckle\n|-damage|p1a: Shuckle|47\/100 tox\n|move|p1a: Shuckle|Toxic|p2a: Lugia\n|-status|p2a: Lugia|tox\n|\n|-heal|p2a: Lugia|91\/100 tox|[from] item: Leftovers\n|-damage|p2a: Lugia|85\/100 tox|[from] psn\n|-damage|p1a: Shuckle|23\/100 tox|[from] psn\n|-damage|p2a: Lugia|73\/100 tox|[from] move: Infestation|[partiallytrapped]\n|upkeep\n|turn|70\n|\n|t:|1700229411\n|move|p2a: Lugia|Aeroblast|p1a: Shuckle\n|-damage|p1a: Shuckle|15\/100 tox\n|move|p1a: Shuckle|Rest|p1a: Shuckle\n|-status|p1a: Shuckle|slp|[from] move: Rest\n|-heal|p1a: Shuckle|100\/100 slp|[silent]\n|\n|-heal|p2a: Lugia|79\/100 tox|[from] item: Leftovers\n|-damage|p2a: Lugia|67\/100 tox|[from] psn\n|-damage|p2a: Lugia|55\/100 tox|[from] move: Infestation|[partiallytrapped]\n|upkeep\n|turn|71\n|\n|t:|1700229421\n|move|p2a: Lugia|Roost|p2a: Lugia\n|-heal|p2a: Lugia|100\/100 tox\n|-singleturn|p2a: Lugia|move: Roost\n|cant|p1a: Shuckle|slp\n|\n|-damage|p2a: Lugia|82\/100 tox|[from] psn\n|-damage|p2a: Lugia|70\/100 tox|[from] move: Infestation|[partiallytrapped]\n|upkeep\n|turn|72\n|\n|t:|1700229439\n|move|p2a: Lugia|Roost|p2a: Lugia\n|-heal|p2a: Lugia|100\/100 tox\n|-singleturn|p2a: Lugia|move: Roost\n|cant|p1a: Shuckle|slp\n|\n|-damage|p2a: Lugia|76\/100 tox|[from] psn\n|-damage|p2a: Lugia|64\/100 tox|[from] move: Infestation|[partiallytrapped]\n|upkeep\n|turn|73\n|\n|t:|1700229449\n|move|p2a: Lugia|Aeroblast|p1a: Shuckle\n|-damage|p1a: Shuckle|93\/100 slp\n|-curestatus|p1a: Shuckle|slp|[msg]\n|move|p1a: Shuckle|Shell Smash|p1a: Shuckle\n|-boost|p1a: Shuckle|def|1\n|-boost|p1a: Shuckle|spd|1\n|-unboost|p1a: Shuckle|atk|0\n|-unboost|p1a: Shuckle|spa|0\n|-unboost|p1a: Shuckle|spe|0\n|\n|-heal|p2a: Lugia|70\/100 tox|[from] item: Leftovers\n|-damage|p2a: Lugia|40\/100 tox|[from] psn\n|-end|p2a: Lugia|Infestation|[partiallytrapped]\n|upkeep\n|turn|74\n|\n|t:|1700229463\n|switch|p2a: Quagsire|Quagsire, M|32\/100 tox\n|move|p1a: Shuckle|Infestation|p2a: Quagsire\n|-crit|p2a: Quagsire\n|-damage|p2a: Quagsire|29\/100 tox\n|-activate|p2a: Quagsire|move: Infestation|[of] p1a: Shuckle\n|\n|-heal|p2a: Quagsire|35\/100 tox|[from] item: Leftovers\n|-damage|p2a: Quagsire|29\/100 tox|[from] psn\n|-damage|p2a: Quagsire|16\/100 tox|[from] move: Infestation|[partiallytrapped]\n|upkeep\n|turn|75\n|\n|t:|1700229477\n|move|p2a: Quagsire|Recover|p2a: Quagsire\n|-heal|p2a: Quagsire|66\/100 tox\n|move|p1a: Shuckle|Shell Smash|p1a: Shuckle\n|-boost|p1a: Shuckle|def|1\n|-boost|p1a: Shuckle|spd|1\n|-unboost|p1a: Shuckle|atk|0\n|-unboost|p1a: Shuckle|spa|0\n|-unboost|p1a: Shuckle|spe|0\n|\n|-heal|p2a: Quagsire|72\/100 tox|[from] item: Leftovers\n|-damage|p2a: Quagsire|60\/100 tox|[from] psn\n|-damage|p2a: Quagsire|48\/100 tox|[from] move: Infestation|[partiallytrapped]\n|upkeep\n|turn|76\n|\n|t:|1700229490\n|move|p2a: Quagsire|Earthquake|p1a: Shuckle\n|-damage|p1a: Shuckle|75\/100\n|move|p1a: Shuckle|Shell Smash|p1a: Shuckle\n|-boost|p1a: Shuckle|def|1\n|-boost|p1a: Shuckle|spd|1\n|-unboost|p1a: Shuckle|atk|0\n|-unboost|p1a: Shuckle|spa|0\n|-unboost|p1a: Shuckle|spe|0\n|\n|-heal|p2a: Quagsire|54\/100 tox|[from] item: Leftovers\n|-damage|p2a: Quagsire|36\/100 tox|[from] psn\n|-damage|p2a: Quagsire|23\/100 tox|[from] move: Infestation|[partiallytrapped]\n|upkeep\n|turn|77\n|\n|t:|1700229503\n|move|p2a: Quagsire|Toxic|p1a: Shuckle\n|-status|p1a: Shuckle|tox\n|move|p1a: Shuckle|Infestation|p2a: Quagsire\n|-damage|p2a: Quagsire|21\/100 tox\n|\n|-heal|p2a: Quagsire|27\/100 tox|[from] item: Leftovers\n|-damage|p2a: Quagsire|3\/100 tox|[from] psn\n|-damage|p1a: Shuckle|69\/100 tox|[from] psn\n|-damage|p2a: Quagsire|0 fnt|[from] move: Infestation|[partiallytrapped]\n|faint|p2a: Quagsire\n|upkeep\n|\n|t:|1700229512\n|switch|p2a: Ursaluna|Ursaluna-Bloodmoon, M|100\/100\n|turn|78\n|\n|t:|1700229517\n|switch|p2a: Lugia|Lugia|40\/100 tox\n|move|p1a: Shuckle|Infestation|p2a: Lugia\n|-damage|p2a: Lugia|40\/100 tox\n|-activate|p2a: Lugia|move: Infestation|[of] p1a: Shuckle\n|\n|-heal|p2a: Lugia|46\/100 tox|[from] item: Leftovers\n|-damage|p2a: Lugia|40\/100 tox|[from] psn\n|-damage|p1a: Shuckle|57\/100 tox|[from] psn\n|-damage|p2a: Lugia|27\/100 tox|[from] move: Infestation|[partiallytrapped]\n|upkeep\n|turn|79\n|\n|t:|1700229528\n|move|p2a: Lugia|Aeroblast|p1a: Shuckle\n|-damage|p1a: Shuckle|51\/100 tox\n|move|p1a: Shuckle|Rest|p1a: Shuckle\n|-status|p1a: Shuckle|slp|[from] move: Rest\n|-heal|p1a: Shuckle|100\/100 slp|[silent]\n|\n|-heal|p2a: Lugia|34\/100 tox|[from] item: Leftovers\n|-damage|p2a: Lugia|21\/100 tox|[from] psn\n|-damage|p2a: Lugia|9\/100 tox|[from] move: Infestation|[partiallytrapped]\n|upkeep\n|turn|80\n|\n|t:|1700229540\n|move|p2a: Lugia|Aeroblast|p1a: Shuckle\n|-damage|p1a: Shuckle|95\/100 slp\n|cant|p1a: Shuckle|slp\n|\n|-heal|p2a: Lugia|15\/100 tox|[from] item: Leftovers\n|-damage|p2a: Lugia|0 fnt|[from] psn\n|faint|p2a: Lugia\n|upkeep\n|c|\u2606FoodDude72|gg\n|c|\u2606FoodDude72|i never get aeroblast crits\n|\n|t:|1700229556\n|switch|p2a: Ursaluna|Ursaluna-Bloodmoon, M|100\/100\n|turn|81\n|\n|t:|1700229561\n|move|p2a: Ursaluna|Blood Moon|p1a: Shuckle\n|-resisted|p1a: Shuckle\n|-damage|p1a: Shuckle|88\/100 slp\n|cant|p1a: Shuckle|slp\n|\n|upkeep\n|turn|82\n|\n|t:|1700229569\n|move|p2a: Ursaluna|Earth Power|p1a: Shuckle\n|-damage|p1a: Shuckle|80\/100 slp\n|-curestatus|p1a: Shuckle|slp|[msg]\n|move|p1a: Shuckle|Toxic|p2a: Ursaluna|[miss]\n|-miss|p1a: Shuckle|p2a: Ursaluna\n|\n|upkeep\n|turn|83\n|\n|t:|1700229576\n|move|p2a: Ursaluna|Blood Moon|p1a: Shuckle\n|-resisted|p1a: Shuckle\n|-damage|p1a: Shuckle|74\/100\n|move|p1a: Shuckle|Toxic|p2a: Ursaluna\n|-status|p2a: Ursaluna|tox\n|\n|-damage|p2a: Ursaluna|94\/100 tox|[from] psn\n|upkeep\n|turn|84\n|\n|t:|1700229586\n|move|p2a: Ursaluna|Earth Power|p1a: Shuckle\n|-damage|p1a: Shuckle|65\/100\n|move|p1a: Shuckle|Infestation|p2a: Ursaluna\n|-damage|p2a: Ursaluna|94\/100 tox\n|-activate|p2a: Ursaluna|move: Infestation|[of] p1a: Shuckle\n|\n|-damage|p2a: Ursaluna|82\/100 tox|[from] psn\n|-damage|p2a: Ursaluna|69\/100 tox|[from] move: Infestation|[partiallytrapped]\n|upkeep\n|turn|85\n|\n|t:|1700229596\n|move|p2a: Ursaluna|Blood Moon|p1a: Shuckle\n|-resisted|p1a: Shuckle\n|-damage|p1a: Shuckle|58\/100\n|move|p1a: Shuckle|Rest|p1a: Shuckle\n|-status|p1a: Shuckle|slp|[from] move: Rest\n|-heal|p1a: Shuckle|100\/100 slp|[silent]\n|\n|-damage|p2a: Ursaluna|51\/100 tox|[from] psn\n|-damage|p2a: Ursaluna|39\/100 tox|[from] move: Infestation|[partiallytrapped]\n|upkeep\n|-enditem|p2a: Ursaluna|Sitrus Berry|[eat]\n|-heal|p2a: Ursaluna|64\/100 tox|[from] item: Sitrus Berry\n|turn|86\n|c|\u2606JustMonika_CARR|Gg\n|\n|t:|1700229625\n|move|p2a: Ursaluna|Earth Power|p1a: Shuckle\n|-damage|p1a: Shuckle|91\/100 slp\n|cant|p1a: Shuckle|slp\n|\n|-damage|p2a: Ursaluna|39\/100 tox|[from] psn\n|-damage|p2a: Ursaluna|27\/100 tox|[from] move: Infestation|[partiallytrapped]\n|upkeep\n|turn|87\n|c|\u2606JustMonika_CARR|Shuckle always  takes crits\n|inactive|JustMonika_CARR has 120 seconds left.\n|c|\u2606JustMonika_CARR|I'm surprised it didn't take one from Aeroblast\n|\n|t:|1700229668\n|move|p2a: Ursaluna|Blood Moon|p1a: Shuckle\n|-resisted|p1a: Shuckle\n|-damage|p1a: Shuckle|85\/100 slp\n|cant|p1a: Shuckle|slp\n|\n|-damage|p2a: Ursaluna|0 fnt|[from] psn\n|faint|p2a: Ursaluna\n|\n|win|JustMonika_CARR\n|upkeep\n|raw|JustMonika_CARR's rating: 1408 &rarr; <strong>1431<\/strong><br \/>(+23 for winning)\n|raw|FoodDude72's rating: 1457 &rarr; <strong>1434<\/strong><br \/>(-23 for losing)\n","uploadtime":1700229681,"views":7,"p1id":"justmonikacarr","p2id":"fooddude72","formatid":"gen9nationaldexubers","rating":1431,"private":0,"password":""}