{"id":"gen9nationaldexubers-1994249572","p1":"georgefable1","p2":"emmaloubibbityboo","format":"[Gen 9] National Dex Ubers","log":"|j|\u2606georgefable1\n|j|\u2606emmaloubibbityboo\n|t:|1700423383\n|gametype|singles\n|player|p1|georgefable1|266|\n|player|p2|emmaloubibbityboo|hilda|\n|teamsize|p1|4\n|teamsize|p2|4\n|gen|9\n|tier|[Gen 9] National Dex Ubers\n|rule|HP Percentage Mod: HP is shown in percentages\n|rule|Endless Battle Clause: Forcing endless battles is banned\n|rule|OHKO Clause: OHKO moves are banned\n|rule|Evasion Moves Clause: Evasion moves are banned\n|rule|Evasion Items Clause: Evasion items are banned\n|rule|Species Clause: Limit one of each Pok\u00e9mon\n|rule|Sleep Clause Mod: Limit one foe put to sleep\n|rule|Mega Rayquaza Clause: You cannot mega evolve Rayquaza\n|clearpoke\n|poke|p1|Dragonite, M|\n|poke|p1|Beartic, M|\n|poke|p1|Gardevoir, M|\n|poke|p1|Spinda, M|\n|poke|p2|Flamigo, F|\n|poke|p2|Gallade, M|\n|poke|p2|Eiscue, M|\n|poke|p2|Klefki, M|\n|teampreview\n|\n|t:|1700423392\n|start\n|switch|p1a: opposite day|Spinda, M|100\/100\n|switch|p2a: What'sUpFlamigos|Flamigo, F|100\/100\n|turn|1\n|\n|t:|1700423438\n|switch|p1a: Is this Gen 1?|Dragonite, M|100\/100\n|move|p2a: What'sUpFlamigos|Tailwind|p2a: What'sUpFlamigos\n|-sidestart|p2: emmaloubibbityboo|move: Tailwind\n|\n|upkeep\n|turn|2\n|\n|t:|1700423446\n|move|p2a: What'sUpFlamigos|U-turn|p1a: Is this Gen 1?\n|-resisted|p1a: Is this Gen 1?\n|-damage|p1a: Is this Gen 1?|94\/100\n|\n|t:|1700423450\n|switch|p2a: Pingu|Eiscue, M, shiny|100\/100|[from] U-turn\n|move|p1a: Is this Gen 1?|Agility|p1a: Is this Gen 1?\n|-boost|p1a: Is this Gen 1?|spe|2\n|\n|-heal|p1a: Is this Gen 1?|99\/100|[from] item: Leftovers\n|upkeep\n|turn|3\n|\n|t:|1700423471\n|switch|p1a: Herbert|Beartic, M|100\/100\n|move|p2a: Pingu|Icicle Spear|p1a: Herbert\n|-resisted|p1a: Herbert\n|-damage|p1a: Herbert|95\/100\n|-resisted|p1a: Herbert\n|-damage|p1a: Herbert|89\/100\n|-hitcount|p1a: Herbert|2\n|\n|upkeep\n|turn|4\n|\n|t:|1700423480\n|move|p2a: Pingu|Substitute|p2a: Pingu\n|-start|p2a: Pingu|Substitute\n|-damage|p2a: Pingu|75\/100\n|move|p1a: Herbert|Power-Up Punch|p2a: Pingu\n|-supereffective|p2a: Pingu\n|-end|p2a: Pingu|Substitute\n|-boost|p1a: Herbert|atk|1\n|\n|-sideend|p2: emmaloubibbityboo|move: Tailwind\n|upkeep\n|turn|5\n|\n|t:|1700423490\n|move|p1a: Herbert|Power-Up Punch|p2a: Pingu\n|-activate|p2a: Pingu|ability: Ice Face\n|-damage|p2a: Pingu|75\/100\n|-boost|p1a: Herbert|atk|1\n|detailschange|p2a: Pingu|Eiscue-Noice, M, shiny\n|move|p2a: Pingu|Belly Drum|p2a: Pingu\n|-damage|p2a: Pingu|25\/100\n|-setboost|p2a: Pingu|atk|6|[from] move: Belly Drum\n|-enditem|p2a: Pingu|Salac Berry|[eat]\n|-boost|p2a: Pingu|spe|1|[from] item: Salac Berry\n|\n|upkeep\n|turn|6\n|\n|t:|1700423513\n|move|p2a: Pingu|Zen Headbutt|p1a: Herbert\n|-damage|p1a: Herbert|0 fnt\n|faint|p1a: Herbert\n|\n|upkeep\n|\n|t:|1700423517\n|switch|p1a: opposite day|Spinda, M|100\/100\n|turn|7\n|\n|t:|1700423526\n|move|p1a: opposite day|Sucker Punch|p2a: Pingu\n|-damage|p2a: Pingu|0 fnt\n|faint|p2a: Pingu\n|\n|upkeep\n|\n|t:|1700423539\n|switch|p2a: ClearlyLevitates|Klefki, M|100\/100\n|-item|p2a: ClearlyLevitates|Air Balloon\n|turn|8\n|\n|t:|1700423561\n|switch|p1a: *notices bulge*|Gardevoir, M, shiny|100\/100\n|-ability|p1a: *notices bulge*|Magician|[from] ability: Trace|[of] p2a: ClearlyLevitates\n|move|p2a: ClearlyLevitates|Switcheroo|p1a: *notices bulge*\n|-activate|p2a: ClearlyLevitates|move: Trick|[of] p1a: *notices bulge*\n|-item|p1a: *notices bulge*|Air Balloon\n|-item|p1a: *notices bulge*|Air Balloon|[from] move: Switcheroo\n|-item|p2a: ClearlyLevitates|Blunder Policy|[from] move: Switcheroo\n|\n|upkeep\n|turn|9\n|\n|t:|1700423589\n|move|p1a: *notices bulge*|Hypnosis|p2a: ClearlyLevitates\n|-status|p2a: ClearlyLevitates|slp|[from] move: Hypnosis\n|cant|p2a: ClearlyLevitates|slp\n|\n|upkeep\n|turn|10\n|\n|t:|1700423596\n|switch|p1a: opposite day|Spinda, M|100\/100\n|cant|p2a: ClearlyLevitates|slp\n|\n|upkeep\n|turn|11\n|\n|t:|1700423608\n|move|p1a: opposite day|Superpower|p2a: ClearlyLevitates\n|-damage|p2a: ClearlyLevitates|73\/100 slp\n|-boost|p1a: opposite day|atk|1\n|-boost|p1a: opposite day|def|1\n|cant|p2a: ClearlyLevitates|slp\n|\n|upkeep\n|turn|12\n|\n|t:|1700423620\n|switch|p2a: en Gardevoir|Gallade, M|100\/100\n|move|p1a: opposite day|Superpower|p2a: en Gardevoir\n|-resisted|p2a: en Gardevoir\n|-damage|p2a: en Gardevoir|71\/100\n|-boost|p1a: opposite day|atk|1\n|-boost|p1a: opposite day|def|1\n|\n|upkeep\n|turn|13\n|\n|t:|1700423650\n|move|p1a: opposite day|Superpower|p2a: en Gardevoir\n|-resisted|p2a: en Gardevoir\n|-damage|p2a: en Gardevoir|34\/100\n|-boost|p1a: opposite day|atk|1\n|-boost|p1a: opposite day|def|1\n|move|p2a: en Gardevoir|Aura Sphere|p1a: opposite day\n|-supereffective|p1a: opposite day\n|-damage|p1a: opposite day|0 fnt\n|faint|p1a: opposite day\n|\n|upkeep\n|\n|t:|1700423665\n|switch|p1a: *notices bulge*|Gardevoir, M, shiny|100\/100\n|-item|p1a: *notices bulge*|Air Balloon\n|-ability|p1a: *notices bulge*|Sharpness|[from] ability: Trace|[of] p2a: en Gardevoir\n|turn|14\n|\n|t:|1700423678\n|move|p1a: *notices bulge*|Draining Kiss|p2a: en Gardevoir\n|-supereffective|p2a: en Gardevoir\n|-damage|p2a: en Gardevoir|6\/100\n|move|p2a: en Gardevoir|Air Slash|p1a: *notices bulge*\n|-damage|p1a: *notices bulge*|73\/100\n|-enditem|p1a: *notices bulge*|Air Balloon\n|\n|upkeep\n|turn|15\n|\n|t:|1700423686\n|move|p2a: en Gardevoir|Vacuum Wave|p1a: *notices bulge*\n|-resisted|p1a: *notices bulge*\n|-damage|p1a: *notices bulge*|69\/100\n|move|p1a: *notices bulge*|Draining Kiss|p2a: en Gardevoir\n|-supereffective|p2a: en Gardevoir\n|-damage|p2a: en Gardevoir|0 fnt\n|-heal|p1a: *notices bulge*|74\/100|[from] drain|[of] p2a: en Gardevoir\n|faint|p2a: en Gardevoir\n|\n|upkeep\n|\n|t:|1700423694\n|switch|p2a: ClearlyLevitates|Klefki, M|73\/100 slp\n|turn|16\n|\n|t:|1700423700\n|move|p1a: *notices bulge*|Dream Eater|p2a: ClearlyLevitates\n|-resisted|p2a: ClearlyLevitates\n|-damage|p2a: ClearlyLevitates|43\/100 slp\n|-heal|p1a: *notices bulge*|91\/100|[from] drain|[of] p2a: ClearlyLevitates\n|-curestatus|p2a: ClearlyLevitates|slp|[msg]\n|move|p2a: ClearlyLevitates|Steel Beam|p1a: *notices bulge*\n|-supereffective|p1a: *notices bulge*\n|-damage|p1a: *notices bulge*|0 fnt\n|-damage|p2a: ClearlyLevitates|0 fnt|[from] steelbeam\n|faint|p2a: ClearlyLevitates\n|faint|p1a: *notices bulge*\n|\n|upkeep\n|\n|t:|1700423712\n|switch|p1a: Is this Gen 1?|Dragonite, M|99\/100\n|switch|p2a: What'sUpFlamigos|Flamigo, F|100\/100\n|turn|17\n|\n|t:|1700423732\n|move|p2a: What'sUpFlamigos|Swords Dance|p2a: What'sUpFlamigos\n|-boost|p2a: What'sUpFlamigos|atk|2\n|move|p1a: Is this Gen 1?|Agility|p1a: Is this Gen 1?\n|-boost|p1a: Is this Gen 1?|spe|2\n|\n|-heal|p1a: Is this Gen 1?|100\/100|[from] item: Leftovers\n|upkeep\n|turn|18\n|\n|t:|1700423741\n|move|p1a: Is this Gen 1?|Blizzard|p2a: What'sUpFlamigos|[miss]\n|-miss|p1a: Is this Gen 1?|p2a: What'sUpFlamigos\n|move|p2a: What'sUpFlamigos|U-turn|p1a: Is this Gen 1?\n|-resisted|p1a: Is this Gen 1?\n|-damage|p1a: Is this Gen 1?|89\/100\n|\n|-heal|p1a: Is this Gen 1?|95\/100|[from] item: Leftovers\n|upkeep\n|turn|19\n|\n|t:|1700423751\n|move|p1a: Is this Gen 1?|Blizzard|p2a: What'sUpFlamigos|[miss]\n|-miss|p1a: Is this Gen 1?|p2a: What'sUpFlamigos\n|move|p2a: What'sUpFlamigos|Close Combat|p1a: Is this Gen 1?\n|-resisted|p1a: Is this Gen 1?\n|-damage|p1a: Is this Gen 1?|30\/100\n|-unboost|p2a: What'sUpFlamigos|def|1\n|-unboost|p2a: What'sUpFlamigos|spd|1\n|\n|-heal|p1a: Is this Gen 1?|36\/100|[from] item: Leftovers\n|upkeep\n|turn|20\n|\n|t:|1700423760\n|move|p1a: Is this Gen 1?|Blizzard|p2a: What'sUpFlamigos\n|-supereffective|p2a: What'sUpFlamigos\n|-enditem|p2a: What'sUpFlamigos|Focus Sash\n|-damage|p2a: What'sUpFlamigos|1\/100\n|move|p2a: What'sUpFlamigos|Close Combat|p1a: Is this Gen 1?\n|-resisted|p1a: Is this Gen 1?\n|-damage|p1a: Is this Gen 1?|0 fnt\n|-unboost|p2a: What'sUpFlamigos|def|1\n|-unboost|p2a: What'sUpFlamigos|spd|1\n|faint|p1a: Is this Gen 1?\n|\n|win|emmaloubibbityboo\n|c|\u2606georgefable1|ffs\n|c|\u2606georgefable1|gg\n|c|\u2606emmaloubibbityboo|i'm sorry\n|c|\u2606emmaloubibbityboo|gg\n|c|\u2606georgefable1|double miss\n|c|\u2606georgefable1|is so rough\n|c|\u2606emmaloubibbityboo|it really is\n|c|\u2606georgefable1|and that klefki hard walls my entire team\n|c|\u2606emmaloubibbityboo|it did kinda\n|c|\u2606georgefable1|ggz tho u played well\n|c|\u2606emmaloubibbityboo|cheers\n|c|\u2606georgefable1|did not expect the tailwind at the start\n|c|\u2606emmaloubibbityboo|you played well as well, considering the matchup\n|c|\u2606georgefable1|thanks appreciate that\n","uploadtime":1700423831,"views":9,"p1id":"georgefable1","p2id":"emmaloubibbityboo","formatid":"gen9nationaldexubers","rating":0,"private":0,"password":""}