{"id":"gen9nationaldexubers-1984980236","p1":"Tytheguy004","p2":"ANinjaDude","format":"[Gen 9] National Dex Ubers","log":"|j|\u2606Tytheguy004\n|j|\u2606ANinjaDude\n|t:|1699317145\n|gametype|singles\n|player|p1|Tytheguy004|266|\n|player|p2|ANinjaDude|volkner|\n|teamsize|p1|6\n|teamsize|p2|6\n|gen|9\n|tier|[Gen 9] National Dex Ubers\n|rule|HP Percentage Mod: HP is shown in percentages\n|rule|Endless Battle Clause: Forcing endless battles is banned\n|rule|OHKO Clause: OHKO moves are banned\n|rule|Evasion Moves Clause: Evasion moves are banned\n|rule|Evasion Items Clause: Evasion items are banned\n|rule|Species Clause: Limit one of each Pok\u00e9mon\n|rule|Sleep Clause Mod: Limit one foe put to sleep\n|rule|Mega Rayquaza Clause: You cannot mega evolve Rayquaza\n|clearpoke\n|poke|p1|Urshifu-*, M|\n|poke|p1|Pelipper, F|\n|poke|p1|Scizor, F|\n|poke|p1|Iron Bundle|\n|poke|p1|Floatzel, F|\n|poke|p1|Krookodile, F|\n|poke|p2|Landorus-Therian, M|\n|poke|p2|Celesteela|\n|poke|p2|Thundurus-Therian, M|\n|poke|p2|Dragonite, M|\n|poke|p2|Shaymin-Sky|\n|poke|p2|Iron Valiant|\n|teampreview\n|inactive|Battle timer is ON: inactive players will automatically lose when time's up. (requested by Tytheguy004)\n|inactive|ANinjaDude also wants the timer to be on.\n|c|\u2606ANinjaDude|glhf\n|c|\u2606Tytheguy004|your allowed to have other mons tera to flying\n|c|\u2606Tytheguy004|damn did not expect that\n|c|\u2606Tytheguy004|but glhf\n|\n|t:|1699317169\n|start\n|switch|p1a: Urshifu|Urshifu-Rapid-Strike, M|100\/100\n|switch|p2a: Landorus|Landorus-Therian, M|100\/100\n|-ability|p2a: Landorus|Intimidate|boost\n|-unboost|p1a: Urshifu|atk|1\n|turn|1\n|c|\u2606ANinjaDude|i am allowed one non-flying pokemon\n|\n|t:|1699317182\n|move|p1a: Urshifu|Surging Strikes|p2a: Landorus\n|-supereffective|p2a: Landorus\n|-crit|p2a: Landorus\n|-damage|p2a: Landorus|51\/100\n|-supereffective|p2a: Landorus\n|-crit|p2a: Landorus\n|-damage|p2a: Landorus|3\/100\n|-supereffective|p2a: Landorus\n|-crit|p2a: Landorus\n|-damage|p2a: Landorus|0 fnt\n|faint|p2a: Landorus\n|-hitcount|p2: Landorus|3\n|\n|upkeep\n|\n|t:|1699317186\n|switch|p2a: Shaymin|Shaymin-Sky|100\/100\n|turn|2\n|c|\u2606Tytheguy004|K got it\n|\n|t:|1699317193\n|switch|p1a: Pelipper|Pelipper, F|100\/100\n|-weather|RainDance|[from] ability: Drizzle|[of] p1a: Pelipper\n|move|p2a: Shaymin|Air Slash|p1a: Pelipper\n|-damage|p1a: Pelipper|50\/100\n|\n|-weather|RainDance|[upkeep]\n|upkeep\n|turn|3\n|c|\u2606ANinjaDude|it is not required to tera flying either\n|\n|t:|1699317202\n|move|p2a: Shaymin|Air Slash|p1a: Pelipper\n|-damage|p1a: Pelipper|0 fnt\n|faint|p1a: Pelipper\n|\n|-weather|RainDance|[upkeep]\n|upkeep\n|c|\u2606ANinjaDude|just a fair warning\n|\n|t:|1699317204\n|switch|p1a: Floatzel|Floatzel, F|100\/100\n|turn|4\n|\n|t:|1699317209\n|move|p1a: Floatzel|Ice Spinner|p2a: Shaymin\n|-supereffective|p2a: Shaymin\n|-damage|p2a: Shaymin|0 fnt\n|faint|p2a: Shaymin\n|\n|-weather|RainDance|[upkeep]\n|upkeep\n|c|\u2606Tytheguy004|got it\n|\n|t:|1699317214\n|switch|p2a: Celesteela|Celesteela|100\/100\n|turn|5\n|\n|t:|1699317221\n|switch|p1a: Scizor|Scizor, F|100\/100\n|move|p2a: Celesteela|Autotomize|p2a: Celesteela\n|-boost|p2a: Celesteela|spe|2\n|-start|p2a: Celesteela|Autotomize\n|\n|-weather|RainDance|[upkeep]\n|upkeep\n|turn|6\n|\n|t:|1699317226\n|detailschange|p1a: Scizor|Scizor-Mega, F\n|-mega|p1a: Scizor|Scizor|Scizorite\n|move|p2a: Celesteela|Air Slash|p1a: Scizor\n|-damage|p1a: Scizor|69\/100\n|cant|p1a: Scizor|flinch\n|\n|-weather|RainDance|[upkeep]\n|upkeep\n|turn|7\n|\n|t:|1699317231\n|move|p2a: Celesteela|Air Slash|p1a: Scizor\n|-damage|p1a: Scizor|35\/100\n|move|p1a: Scizor|Close Combat|p2a: Celesteela\n|-damage|p2a: Celesteela|62\/100\n|-unboost|p1a: Scizor|def|1\n|-unboost|p1a: Scizor|spd|1\n|\n|-weather|RainDance|[upkeep]\n|upkeep\n|turn|8\n|\n|t:|1699317238\n|move|p2a: Celesteela|Air Slash|p1a: Scizor\n|-damage|p1a: Scizor|0 fnt\n|faint|p1a: Scizor\n|-ability|p2a: Celesteela|Beast Boost|boost\n|-boost|p2a: Celesteela|spa|1\n|\n|-weather|RainDance|[upkeep]\n|upkeep\n|\n|t:|1699317241\n|switch|p1a: Floatzel|Floatzel, F|100\/100\n|turn|9\n|\n|t:|1699317244\n|move|p1a: Floatzel|Wave Crash|p2a: Celesteela\n|-damage|p2a: Celesteela|0 fnt\n|faint|p2a: Celesteela\n|-damage|p1a: Floatzel|79\/100|[from] Recoil\n|\n|-weather|none\n|upkeep\n|\n|t:|1699317248\n|switch|p2a: Dragonite|Dragonite, M|100\/100\n|turn|10\n|\n|t:|1699317254\n|switch|p1a: Iron Bundle|Iron Bundle|100\/100\n|move|p2a: Dragonite|Dragon Dance|p2a: Dragonite\n|-boost|p2a: Dragonite|atk|1\n|-boost|p2a: Dragonite|spe|1\n|\n|upkeep\n|turn|11\n|\n|t:|1699317262\n|-terastallize|p2a: Dragonite|Normal\n|move|p2a: Dragonite|Extreme Speed|p1a: Iron Bundle\n|-damage|p1a: Iron Bundle|17\/100\n|move|p1a: Iron Bundle|Freeze-Dry|p2a: Dragonite\n|-damage|p2a: Dragonite|82\/100\n|\n|upkeep\n|turn|12\n|\n|t:|1699317271\n|move|p2a: Dragonite|Extreme Speed|p1a: Iron Bundle\n|-damage|p1a: Iron Bundle|0 fnt\n|faint|p1a: Iron Bundle\n|-end|p1a: Iron Bundle|Quark Drive|[silent]\n|\n|upkeep\n|\n|t:|1699317273\n|switch|p1a: Urshifu|Urshifu-Rapid-Strike, M|100\/100\n|turn|13\n|\n|t:|1699317279\n|-terastallize|p1a: Urshifu|Steel\n|move|p2a: Dragonite|Extreme Speed|p1a: Urshifu\n|-resisted|p1a: Urshifu\n|-damage|p1a: Urshifu|71\/100\n|move|p1a: Urshifu|Drain Punch|p2a: Dragonite\n|-supereffective|p2a: Dragonite\n|-damage|p2a: Dragonite|0 fnt\n|-heal|p1a: Urshifu|100\/100|[from] drain|[of] p2a: Dragonite\n|faint|p2a: Dragonite\n|\n|upkeep\n|\n|t:|1699317283\n|switch|p2a: Thundurus|Thundurus-Therian, M|100\/100\n|turn|14\n|\n|t:|1699317289\n|switch|p1a: Krookodile|Krookodile, F|100\/100\n|-ability|p1a: Krookodile|Intimidate|boost\n|-unboost|p2a: Thundurus|atk|1\n|move|p2a: Thundurus|Substitute|p2a: Thundurus\n|-start|p2a: Thundurus|Substitute\n|-damage|p2a: Thundurus|76\/100\n|\n|upkeep\n|turn|15\n|\n|t:|1699317294\n|move|p1a: Krookodile|Gunk Shot|p2a: Thundurus|[miss]\n|-miss|p1a: Krookodile|p2a: Thundurus\n|move|p2a: Thundurus|Nasty Plot|p2a: Thundurus\n|-boost|p2a: Thundurus|spa|2\n|\n|upkeep\n|turn|16\n|\n|t:|1699317298\n|move|p1a: Krookodile|Gunk Shot|p2a: Thundurus|[miss]\n|-miss|p1a: Krookodile|p2a: Thundurus\n|move|p2a: Thundurus|Tera Blast|p1a: Krookodile\n|-damage|p1a: Krookodile|14\/100\n|\n|upkeep\n|turn|17\n|\n|t:|1699317301\n|move|p1a: Krookodile|Gunk Shot|p2a: Thundurus|[miss]\n|-miss|p1a: Krookodile|p2a: Thundurus\n|move|p2a: Thundurus|Tera Blast|p1a: Krookodile\n|-damage|p1a: Krookodile|0 fnt\n|faint|p1a: Krookodile\n|\n|upkeep\n|c|\u2606ANinjaDude|unfort\n|c|\u2606Tytheguy004|3 damn\n|\n|t:|1699317308\n|switch|p1a: Floatzel|Floatzel, F|79\/100\n|turn|18\n|\n|t:|1699317311\n|move|p1a: Floatzel|Aqua Jet|p2a: Thundurus\n|-end|p2a: Thundurus|Substitute\n|move|p2a: Thundurus|Thunderbolt|p1a: Floatzel\n|-supereffective|p1a: Floatzel\n|-damage|p1a: Floatzel|0 fnt\n|faint|p1a: Floatzel\n|\n|upkeep\n|\n|t:|1699317315\n|switch|p1a: Urshifu|Urshifu-Rapid-Strike, M, tera:Steel|100\/100\n|turn|19\n|c|\u2606Tytheguy004|gg\n|c|\u2606ANinjaDude|ggs\n|\n|t:|1699317319\n|move|p2a: Thundurus|Thunderbolt|p1a: Urshifu\n|-damage|p1a: Urshifu|0 fnt\n|faint|p1a: Urshifu\n|\n|win|ANinjaDude\n","uploadtime":1699317324,"views":10,"p1id":"tytheguy004","p2id":"aninjadude","formatid":"gen9nationaldexubers","rating":0,"private":0,"password":""}