{"id":"gen9nationaldexubers-1982906614","p1":"Malice Incarnate","p2":"SkechiArt","format":"[Gen 9] National Dex Ubers","log":"|j|\u2606Malice Incarnate\n|j|\u2606SkechiArt\n|t:|1699057207\n|gametype|singles\n|player|p1|Malice Incarnate|palmer|\n|player|p2|SkechiArt|acetrainerf|\n|teamsize|p1|6\n|teamsize|p2|6\n|gen|9\n|tier|[Gen 9] National Dex Ubers\n|rule|HP Percentage Mod: HP is shown in percentages\n|rule|Endless Battle Clause: Forcing endless battles is banned\n|rule|OHKO Clause: OHKO moves are banned\n|rule|Evasion Moves Clause: Evasion moves are banned\n|rule|Evasion Items Clause: Evasion items are banned\n|rule|Species Clause: Limit one of each Pok\u00e9mon\n|rule|Sleep Clause Mod: Limit one foe put to sleep\n|rule|Mega Rayquaza Clause: You cannot mega evolve Rayquaza\n|clearpoke\n|poke|p1|Scizor, F|\n|poke|p1|Landorus-Therian, M|\n|poke|p1|Greninja-*, F|\n|poke|p1|Corviknight, M|\n|poke|p1|Blissey, F|\n|poke|p1|Conkeldurr, F|\n|poke|p2|Melmetal|\n|poke|p2|Corviknight, F|\n|poke|p2|Kingambit, M|\n|poke|p2|Dialga-Origin|\n|poke|p2|Heatran, M|\n|poke|p2|Scizor, M|\n|teampreview\n|inactive|Battle timer is ON: inactive players will automatically lose when time's up. (requested by Malice Incarnate)\n|j| Destinum\n|c|\u2606SkechiArt|glhf\n|c|\u2606SkechiArt|i hate using gambit\n|c|\u2606Malice Incarnate|u2\n|c|\u2606SkechiArt|i apoligise in advance\n|inactive|Malice Incarnate has 270 seconds left.\n|\n|t:|1699057238\n|start\n|switch|p1a: Conkeldurr|Conkeldurr, F|100\/100\n|switch|p2a: Grand Doomer|Dialga-Origin|100\/100\n|-ability|p2a: Grand Doomer|Pressure\n|turn|1\n|\n|t:|1699057245\n|switch|p1a: Blissey|Blissey, F|100\/100\n|move|p2a: Grand Doomer|Stealth Rock|p1a: Blissey\n|-sidestart|p1: Malice Incarnate|move: Stealth Rock\n|\n|upkeep\n|turn|2\n|\n|t:|1699057250\n|switch|p2a: Meta Knight|Scizor, M|100\/100\n|move|p1a: Blissey|Seismic Toss|p2a: Meta Knight\n|-damage|p2a: Meta Knight|71\/100\n|\n|upkeep\n|turn|3\n|\n|t:|1699057254\n|detailschange|p2a: Meta Knight|Scizor-Mega, M\n|-mega|p2a: Meta Knight|Scizor|Scizorite\n|move|p2a: Meta Knight|Swords Dance|p2a: Meta Knight\n|-boost|p2a: Meta Knight|atk|2\n|move|p1a: Blissey|Teleport|p1a: Blissey\n|\n|t:|1699057259\n|switch|p1a: Landorus|Landorus-Therian, M|100\/100|[from] Teleport\n|-damage|p1a: Landorus|88\/100|[from] Stealth Rock\n|-ability|p1a: Landorus|Intimidate|boost\n|-unboost|p2a: Meta Knight|atk|1\n|\n|upkeep\n|turn|4\n|\n|t:|1699057269\n|move|p1a: Landorus|Earthquake|p2a: Meta Knight\n|-damage|p2a: Meta Knight|30\/100\n|move|p2a: Meta Knight|Trailblaze|p1a: Landorus\n|-damage|p1a: Landorus|28\/100\n|-boost|p2a: Meta Knight|spe|1\n|\n|upkeep\n|turn|5\n|\n|t:|1699057282\n|switch|p1a: Greninja|Greninja, F|100\/100\n|-damage|p1a: Greninja|88\/100|[from] Stealth Rock\n|move|p2a: Meta Knight|Bullet Punch|p1a: Greninja\n|-resisted|p1a: Greninja\n|-damage|p1a: Greninja|35\/100\n|\n|upkeep\n|turn|6\n|\n|t:|1699057293\n|move|p2a: Meta Knight|Bullet Punch|p1a: Greninja\n|-resisted|p1a: Greninja\n|-damage|p1a: Greninja|0 fnt\n|faint|p1a: Greninja\n|\n|upkeep\n|\n|t:|1699057297\n|switch|p1a: Corviknight|Corviknight, M|100\/100\n|-damage|p1a: Corviknight|88\/100|[from] Stealth Rock\n|-ability|p1a: Corviknight|Pressure\n|turn|7\n|j| Frosty707\n|\n|t:|1699057305\n|move|p2a: Meta Knight|Bug Bite|p1a: Corviknight\n|-resisted|p1a: Corviknight\n|-damage|p1a: Corviknight|73\/100\n|-damage|p2a: Meta Knight|13\/100|[from] item: Rocky Helmet|[of] p1a: Corviknight\n|move|p1a: Corviknight|Body Press|p2a: Meta Knight\n|-damage|p2a: Meta Knight|0 fnt\n|faint|p2a: Meta Knight\n|\n|upkeep\n|\n|t:|1699057310\n|switch|p2a: Pyribbit|Heatran, M|100\/100\n|turn|8\n|\n|t:|1699057316\n|-terastallize|p2a: Pyribbit|Fire\n|-terastallize|p1a: Corviknight|Dragon\n|move|p2a: Pyribbit|Eruption|p1a: Corviknight\n|-resisted|p1a: Corviknight\n|-damage|p1a: Corviknight|24\/100\n|move|p1a: Corviknight|U-turn|p2a: Pyribbit\n|-resisted|p2a: Pyribbit\n|-damage|p2a: Pyribbit|93\/100\n|\n|t:|1699057326\n|switch|p1a: Blissey|Blissey, F|100\/100|[from] U-turn\n|\n|upkeep\n|turn|9\n|c| Destinum|Why can't I have Corviknight on Mono Ice? :(\n|\n|t:|1699057331\n|switch|p2a: Void Termina|Melmetal|100\/100\n|move|p1a: Blissey|Seismic Toss|p2a: Void Termina\n|-damage|p2a: Void Termina|79\/100\n|\n|upkeep\n|turn|10\n|\n|t:|1699057335\n|switch|p1a: Landorus|Landorus-Therian, M|28\/100\n|-damage|p1a: Landorus|16\/100|[from] Stealth Rock\n|-ability|p1a: Landorus|Intimidate|boost\n|-unboost|p2a: Void Termina|atk|1\n|move|p2a: Void Termina|Double Iron Bash|p1a: Landorus\n|-damage|p1a: Landorus|0 fnt\n|faint|p1a: Landorus\n|-hitcount|p1: Landorus|1\n|\n|upkeep\n|\n|t:|1699057341\n|switch|p1a: Conkeldurr|Conkeldurr, F|100\/100\n|-damage|p1a: Conkeldurr|94\/100|[from] Stealth Rock\n|turn|11\n|c|\u2606SkechiArt|unfortunate\n|c|\u2606SkechiArt|melmetal doesnt believe in intimidate\n|\n|t:|1699057360\n|move|p1a: Conkeldurr|Close Combat|p2a: Void Termina\n|-supereffective|p2a: Void Termina\n|-damage|p2a: Void Termina|0 fnt\n|-unboost|p1a: Conkeldurr|def|1\n|-unboost|p1a: Conkeldurr|spd|1\n|faint|p2a: Void Termina\n|\n|-status|p1a: Conkeldurr|brn|[from] item: Flame Orb\n|upkeep\n|\n|t:|1699057367\n|switch|p2a: Pyribbit|Heatran, M, tera:Fire|93\/100\n|turn|12\n|\n|t:|1699057369\n|move|p1a: Conkeldurr|Mach Punch|p2a: Pyribbit\n|-damage|p2a: Pyribbit|57\/100\n|move|p2a: Pyribbit|Eruption|p1a: Conkeldurr\n|-damage|p1a: Conkeldurr|0 fnt\n|faint|p1a: Conkeldurr\n|\n|upkeep\n|\n|t:|1699057374\n|switch|p1a: Corviknight|Corviknight, M, tera:Dragon|24\/100\n|-damage|p1a: Corviknight|12\/100|[from] Stealth Rock\n|-ability|p1a: Corviknight|Pressure\n|turn|13\n|\n|t:|1699057377\n|move|p2a: Pyribbit|Eruption|p1a: Corviknight\n|-resisted|p1a: Corviknight\n|-damage|p1a: Corviknight|0 fnt\n|faint|p1a: Corviknight\n|\n|upkeep\n|\n|t:|1699057381\n|switch|p1a: Blissey|Blissey, F|100\/100\n|turn|14\n|\n|t:|1699057385\n|switch|p2a: Dynablade|Corviknight, F|100\/100\n|move|p1a: Blissey|Seismic Toss|p2a: Dynablade\n|-damage|p2a: Dynablade|75\/100\n|\n|-heal|p2a: Dynablade|82\/100|[from] item: Leftovers\n|upkeep\n|turn|15\n|\n|t:|1699057388\n|move|p2a: Dynablade|Body Press|p1a: Blissey\n|-supereffective|p1a: Blissey\n|-damage|p1a: Blissey|56\/100\n|move|p1a: Blissey|Teleport|p1a: Blissey\n|\n|t:|1699057390\n|switch|p1a: Scizor|Scizor, F|100\/100|[from] Teleport\n|-damage|p1a: Scizor|88\/100|[from] Stealth Rock\n|\n|-heal|p2a: Dynablade|88\/100|[from] item: Leftovers\n|upkeep\n|turn|16\n|\n|t:|1699057394\n|detailschange|p1a: Scizor|Scizor-Mega, F\n|-mega|p1a: Scizor|Scizor|Scizorite\n|move|p1a: Scizor|Swords Dance|p1a: Scizor\n|-boost|p1a: Scizor|atk|2\n|move|p2a: Dynablade|Taunt|p1a: Scizor\n|-start|p1a: Scizor|move: Taunt\n|\n|-heal|p2a: Dynablade|94\/100|[from] item: Leftovers\n|upkeep\n|turn|17\n|\n|t:|1699057399\n|move|p1a: Scizor|Bullet Punch|p2a: Dynablade\n|-resisted|p2a: Dynablade\n|-damage|p2a: Dynablade|77\/100\n|move|p2a: Dynablade|Body Press|p1a: Scizor\n|-damage|p1a: Scizor|71\/100\n|\n|-heal|p2a: Dynablade|83\/100|[from] item: Leftovers\n|upkeep\n|turn|18\n|\n|t:|1699057401\n|move|p1a: Scizor|Bullet Punch|p2a: Dynablade\n|-resisted|p2a: Dynablade\n|-damage|p2a: Dynablade|66\/100\n|move|p2a: Dynablade|Body Press|p1a: Scizor\n|-damage|p1a: Scizor|53\/100\n|\n|-heal|p2a: Dynablade|73\/100|[from] item: Leftovers\n|upkeep\n|turn|19\n|\n|t:|1699057408\n|move|p1a: Scizor|Bullet Punch|p2a: Dynablade\n|-resisted|p2a: Dynablade\n|-damage|p2a: Dynablade|56\/100\n|move|p2a: Dynablade|Body Press|p1a: Scizor\n|-damage|p1a: Scizor|37\/100\n|\n|-heal|p2a: Dynablade|62\/100|[from] item: Leftovers\n|-end|p1a: Scizor|move: Taunt\n|upkeep\n|turn|20\n|\n|t:|1699057410\n|move|p1a: Scizor|Roost|p1a: Scizor\n|-heal|p1a: Scizor|87\/100\n|-singleturn|p1a: Scizor|move: Roost\n|move|p2a: Dynablade|Taunt|p1a: Scizor\n|-start|p1a: Scizor|move: Taunt\n|\n|-heal|p2a: Dynablade|68\/100|[from] item: Leftovers\n|upkeep\n|turn|21\n|\n|t:|1699057412\n|move|p1a: Scizor|Bullet Punch|p2a: Dynablade\n|-resisted|p2a: Dynablade\n|-damage|p2a: Dynablade|51\/100\n|move|p2a: Dynablade|Body Press|p1a: Scizor\n|-damage|p1a: Scizor|70\/100\n|\n|-heal|p2a: Dynablade|57\/100|[from] item: Leftovers\n|upkeep\n|turn|22\n|\n|t:|1699057414\n|move|p1a: Scizor|Bullet Punch|p2a: Dynablade\n|-resisted|p2a: Dynablade\n|-damage|p2a: Dynablade|38\/100\n|move|p2a: Dynablade|Body Press|p1a: Scizor\n|-damage|p1a: Scizor|52\/100\n|\n|-heal|p2a: Dynablade|45\/100|[from] item: Leftovers\n|upkeep\n|turn|23\n|\n|t:|1699057417\n|move|p1a: Scizor|Bullet Punch|p2a: Dynablade\n|-resisted|p2a: Dynablade\n|-damage|p2a: Dynablade|27\/100\n|move|p2a: Dynablade|Roost|p2a: Dynablade\n|-heal|p2a: Dynablade|77\/100\n|-singleturn|p2a: Dynablade|move: Roost\n|\n|-heal|p2a: Dynablade|83\/100|[from] item: Leftovers\n|-end|p1a: Scizor|move: Taunt\n|upkeep\n|turn|24\n|\n|t:|1699057420\n|move|p1a: Scizor|Roost|p1a: Scizor\n|-heal|p1a: Scizor|100\/100\n|-singleturn|p1a: Scizor|move: Roost\n|move|p2a: Dynablade|Taunt|p1a: Scizor\n|-start|p1a: Scizor|move: Taunt\n|\n|-heal|p2a: Dynablade|89\/100|[from] item: Leftovers\n|upkeep\n|turn|25\n|\n|t:|1699057422\n|move|p1a: Scizor|Bullet Punch|p2a: Dynablade\n|-resisted|p2a: Dynablade\n|-damage|p2a: Dynablade|72\/100\n|move|p2a: Dynablade|Body Press|p1a: Scizor\n|-damage|p1a: Scizor|85\/100\n|\n|-heal|p2a: Dynablade|78\/100|[from] item: Leftovers\n|upkeep\n|turn|26\n|\n|t:|1699057426\n|move|p1a: Scizor|Bullet Punch|p2a: Dynablade\n|-resisted|p2a: Dynablade\n|-damage|p2a: Dynablade|60\/100\n|move|p2a: Dynablade|Body Press|p1a: Scizor\n|-damage|p1a: Scizor|69\/100\n|\n|-heal|p2a: Dynablade|67\/100|[from] item: Leftovers\n|upkeep\n|turn|27\n|\n|t:|1699057428\n|move|p1a: Scizor|Bullet Punch|p2a: Dynablade\n|-resisted|p2a: Dynablade\n|-damage|p2a: Dynablade|49\/100\n|move|p2a: Dynablade|Body Press|p1a: Scizor\n|-damage|p1a: Scizor|53\/100\n|\n|-heal|p2a: Dynablade|56\/100|[from] item: Leftovers\n|-end|p1a: Scizor|move: Taunt\n|upkeep\n|turn|28\n|\n|t:|1699057431\n|move|p1a: Scizor|Swords Dance|p1a: Scizor\n|-boost|p1a: Scizor|atk|2\n|move|p2a: Dynablade|Taunt|p1a: Scizor\n|-start|p1a: Scizor|move: Taunt\n|\n|-heal|p2a: Dynablade|62\/100|[from] item: Leftovers\n|upkeep\n|turn|29\n|\n|t:|1699057434\n|move|p1a: Scizor|Bullet Punch|p2a: Dynablade\n|-resisted|p2a: Dynablade\n|-damage|p2a: Dynablade|36\/100\n|move|p2a: Dynablade|Body Press|p1a: Scizor\n|-damage|p1a: Scizor|36\/100\n|\n|-heal|p2a: Dynablade|42\/100|[from] item: Leftovers\n|upkeep\n|turn|30\n|\n|t:|1699057437\n|move|p1a: Scizor|Bullet Punch|p2a: Dynablade\n|-resisted|p2a: Dynablade\n|-damage|p2a: Dynablade|17\/100\n|move|p2a: Dynablade|Body Press|p1a: Scizor\n|-damage|p1a: Scizor|20\/100\n|\n|-heal|p2a: Dynablade|24\/100|[from] item: Leftovers\n|upkeep\n|turn|31\n|\n|t:|1699057440\n|move|p1a: Scizor|Bullet Punch|p2a: Dynablade\n|-resisted|p2a: Dynablade\n|-damage|p2a: Dynablade|0 fnt\n|faint|p2a: Dynablade\n|\n|-end|p1a: Scizor|move: Taunt\n|upkeep\n|\n|t:|1699057445\n|switch|p2a: Morpho Knight|Kingambit, M|100\/100\n|-activate|p2a: Morpho Knight|ability: Supreme Overlord\n|-start|p2a: Morpho Knight|fallen3|[silent]\n|turn|32\n|\n|t:|1699057447\n|move|p2a: Morpho Knight|Sucker Punch||[still]\n|-fail|p2a: Morpho Knight\n|move|p1a: Scizor|Roost|p1a: Scizor\n|-heal|p1a: Scizor|70\/100\n|-singleturn|p1a: Scizor|move: Roost\n|\n|upkeep\n|turn|33\n|\n|t:|1699057456\n|-end|p2a: Morpho Knight|fallen3|[silent]\n|switch|p2a: Grand Doomer|Dialga-Origin|100\/100\n|-ability|p2a: Grand Doomer|Pressure\n|move|p1a: Scizor|Bullet Punch|p2a: Grand Doomer\n|-resisted|p2a: Grand Doomer\n|-damage|p2a: Grand Doomer|64\/100\n|\n|upkeep\n|turn|34\n|\n|t:|1699057465\n|move|p2a: Grand Doomer|Flash Cannon|p1a: Scizor\n|-resisted|p1a: Scizor\n|-damage|p1a: Scizor|46\/100\n|move|p1a: Scizor|Roost|p1a: Scizor\n|-heal|p1a: Scizor|96\/100\n|-singleturn|p1a: Scizor|move: Roost\n|\n|upkeep\n|turn|35\n|\n|t:|1699057471\n|move|p2a: Grand Doomer|Aura Sphere|p1a: Scizor\n|-damage|p1a: Scizor|71\/100\n|move|p1a: Scizor|Swords Dance|p1a: Scizor\n|-boost|p1a: Scizor|atk|2\n|\n|upkeep\n|turn|36\n|\n|t:|1699057477\n|move|p2a: Grand Doomer|Aura Sphere|p1a: Scizor\n|-damage|p1a: Scizor|44\/100\n|move|p1a: Scizor|Roost|p1a: Scizor\n|-heal|p1a: Scizor|94\/100\n|-singleturn|p1a: Scizor|move: Roost\n|\n|upkeep\n|turn|37\n|\n|t:|1699057481\n|move|p1a: Scizor|Bullet Punch|p2a: Grand Doomer\n|-resisted|p2a: Grand Doomer\n|-damage|p2a: Grand Doomer|13\/100\n|move|p2a: Grand Doomer|Aura Sphere|p1a: Scizor\n|-damage|p1a: Scizor|65\/100\n|\n|upkeep\n|turn|38\n|\n|t:|1699057486\n|move|p2a: Grand Doomer|Aura Sphere|p1a: Scizor\n|-damage|p1a: Scizor|36\/100\n|move|p1a: Scizor|Roost|p1a: Scizor\n|-heal|p1a: Scizor|86\/100\n|-singleturn|p1a: Scizor|move: Roost\n|\n|upkeep\n|turn|39\n|\n|t:|1699057490\n|move|p2a: Grand Doomer|Aura Sphere|p1a: Scizor\n|-damage|p1a: Scizor|59\/100\n|move|p1a: Scizor|Roost|p1a: Scizor\n|-heal|p1a: Scizor|100\/100\n|-singleturn|p1a: Scizor|move: Roost\n|\n|upkeep\n|turn|40\n|\n|t:|1699057494\n|move|p1a: Scizor|Bullet Punch|p2a: Grand Doomer\n|-resisted|p2a: Grand Doomer\n|-damage|p2a: Grand Doomer|0 fnt\n|faint|p2a: Grand Doomer\n|\n|upkeep\n|\n|t:|1699057496\n|switch|p2a: Pyribbit|Heatran, M, tera:Fire|57\/100\n|turn|41\n|\n|t:|1699057499\n|move|p1a: Scizor|Bullet Punch|p2a: Pyribbit\n|-resisted|p2a: Pyribbit\n|-damage|p2a: Pyribbit|0 fnt\n|faint|p2a: Pyribbit\n|\n|upkeep\n|\n|t:|1699057502\n|switch|p2a: Morpho Knight|Kingambit, M|100\/100\n|-activate|p2a: Morpho Knight|ability: Supreme Overlord\n|-start|p2a: Morpho Knight|fallen5|[silent]\n|turn|42\n|c|\u2606Malice Incarnate|THE GOAT\n|\n|t:|1699057513\n|move|p1a: Scizor|U-turn|p2a: Morpho Knight\n|-damage|p2a: Morpho Knight|8\/100\n|\n|t:|1699057516\n|switch|p1a: Blissey|Blissey, F|56\/100|[from] U-turn\n|move|p2a: Morpho Knight|Kowtow Cleave|p1a: Blissey\n|-damage|p1a: Blissey|0 fnt\n|faint|p1a: Blissey\n|\n|upkeep\n|\n|t:|1699057517\n|switch|p1a: Scizor|Scizor-Mega, F|100\/100\n|-damage|p1a: Scizor|88\/100|[from] Stealth Rock\n|turn|43\n|\n|t:|1699057519\n|move|p1a: Scizor|Bullet Punch|p2a: Morpho Knight\n|-resisted|p2a: Morpho Knight\n|-damage|p2a: Morpho Knight|0 fnt\n|faint|p2a: Morpho Knight\n|-end|p2a: Morpho Knight|fallen5|[silent]\n|\n|win|Malice Incarnate\n","uploadtime":1699057536,"views":10,"p1id":"maliceincarnate","p2id":"skechiart","formatid":"gen9nationaldexubers","rating":0,"private":0,"password":""}