{"id":"gen9nationaldexubers-1990605804","p1":"NOOB_1352011","p2":"85792195wwww","format":"[Gen 9] National Dex Ubers","log":"|j|\u2606NOOB_1352011\n|j|\u260685792195wwww\n|t:|1699985163\n|gametype|singles\n|player|p1|NOOB_1352011|iris-gen5bw2|1517\n|player|p2|85792195wwww|mira|1700\n|teamsize|p1|6\n|teamsize|p2|6\n|gen|9\n|tier|[Gen 9] National Dex Ubers\n|rated|\n|rule|HP Percentage Mod: HP is shown in percentages\n|rule|Endless Battle Clause: Forcing endless battles is banned\n|rule|OHKO Clause: OHKO moves are banned\n|rule|Evasion Moves Clause: Evasion moves are banned\n|rule|Evasion Items Clause: Evasion items are banned\n|rule|Species Clause: Limit one of each Pok\u00e9mon\n|rule|Sleep Clause Mod: Limit one foe put to sleep\n|rule|Mega Rayquaza Clause: You cannot mega evolve Rayquaza\n|clearpoke\n|poke|p1|Grimmsnarl, M|\n|poke|p1|Palkia-Origin|\n|poke|p1|Groudon|\n|poke|p1|Mewtwo|\n|poke|p1|Zacian-*|\n|poke|p1|Landorus-Therian, M|\n|poke|p2|Arceus-Ground|\n|poke|p2|Deoxys-Speed|\n|poke|p2|Landorus, M|\n|poke|p2|Zacian-*|\n|poke|p2|Groudon|\n|poke|p2|Kyurem-Black|\n|teampreview\n|inactive|Battle timer is ON: inactive players will automatically lose when time's up. (requested by NOOB_1352011)\n|inactive|NOOB_1352011 has 120 seconds left.\n|\n|t:|1699985217\n|start\n|switch|p1a: Landorus|Landorus-Therian, M|100\/100\n|switch|p2a: Landorus|Landorus, M|100\/100\n|-ability|p1a: Landorus|Intimidate|boost\n|-unboost|p2a: Landorus|atk|1\n|turn|1\n|\n|t:|1699985226\n|switch|p2a: Deoxys|Deoxys-Speed|100\/100\n|-ability|p2a: Deoxys|Pressure\n|move|p1a: Landorus|Stealth Rock|p2a: Deoxys\n|-sidestart|p2: 85792195wwww|move: Stealth Rock\n|\n|upkeep\n|turn|2\n|\n|t:|1699985236\n|move|p2a: Deoxys|Stealth Rock|p1a: Landorus\n|-sidestart|p1: NOOB_1352011|move: Stealth Rock\n|move|p1a: Landorus|U-turn|p2a: Deoxys\n|-supereffective|p2a: Deoxys\n|-damage|p2a: Deoxys|12\/100\n|\n|t:|1699985246\n|switch|p1a: Grimmsnarl|Grimmsnarl, M|100\/100|[from] U-turn\n|-damage|p1a: Grimmsnarl|88\/100|[from] Stealth Rock\n|\n|upkeep\n|turn|3\n|\n|t:|1699985256\n|move|p1a: Grimmsnarl|Thunder Wave|p2a: Deoxys|[miss]\n|-miss|p1a: Grimmsnarl|p2a: Deoxys\n|move|p2a: Deoxys|Taunt|p1a: Grimmsnarl\n|-start|p1a: Grimmsnarl|move: Taunt\n|\n|upkeep\n|turn|4\n|c|\u2606NOOB_1352011|awsome\n|\n|t:|1699985265\n|switch|p1a: Landorus|Landorus-Therian, M|100\/100\n|-damage|p1a: Landorus|88\/100|[from] Stealth Rock\n|-ability|p1a: Landorus|Intimidate|boost\n|-unboost|p2a: Deoxys|atk|1\n|move|p2a: Deoxys|Spikes|p1a: Landorus\n|-sidestart|p1: NOOB_1352011|Spikes\n|\n|upkeep\n|turn|5\n|\n|t:|1699985274\n|move|p2a: Deoxys|Taunt|p1a: Landorus\n|-start|p1a: Landorus|move: Taunt\n|move|p1a: Landorus|U-turn|p2a: Deoxys\n|-supereffective|p2a: Deoxys\n|-damage|p2a: Deoxys|0 fnt\n|faint|p2a: Deoxys\n|\n|t:|1699985289\n|switch|p1a: Grimmsnarl|Grimmsnarl, M|88\/100|[from] U-turn\n|-damage|p1a: Grimmsnarl|76\/100|[from] Stealth Rock\n|-damage|p1a: Grimmsnarl|63\/100|[from] Spikes\n|\n|upkeep\n|\n|t:|1699985296\n|switch|p2a: Landorus|Landorus, M|100\/100\n|-damage|p2a: Landorus|88\/100|[from] Stealth Rock\n|turn|6\n|\n|t:|1699985302\n|move|p1a: Grimmsnarl|Light Screen|p1a: Grimmsnarl\n|-sidestart|p1: NOOB_1352011|move: Light Screen\n|move|p2a: Landorus|Nasty Plot|p2a: Landorus\n|-boost|p2a: Landorus|spa|2\n|\n|upkeep\n|turn|7\n|\n|t:|1699985314\n|move|p1a: Grimmsnarl|Taunt|p2a: Landorus\n|-start|p2a: Landorus|move: Taunt\n|move|p2a: Landorus|Sludge Wave|p1a: Grimmsnarl\n|-supereffective|p1a: Grimmsnarl\n|-damage|p1a: Grimmsnarl|0 fnt\n|faint|p1a: Grimmsnarl\n|\n|upkeep\n|\n|t:|1699985318\n|switch|p1a: Palkia|Palkia-Origin|100\/100\n|-damage|p1a: Palkia|88\/100|[from] Stealth Rock\n|-damage|p1a: Palkia|76\/100|[from] Spikes\n|-ability|p1a: Palkia|Pressure\n|turn|8\n|\n|t:|1699985335\n|move|p1a: Palkia|Hydro Pump|p2a: Landorus|[miss]\n|-miss|p1a: Palkia|p2a: Landorus\n|move|p2a: Landorus|Earth Power|p1a: Palkia\n|-damage|p1a: Palkia|9\/100\n|\n|upkeep\n|turn|9\n|\n|t:|1699985343\n|move|p1a: Palkia|Hydro Pump|p2a: Landorus\n|-supereffective|p2a: Landorus\n|-damage|p2a: Landorus|0 fnt\n|faint|p2a: Landorus\n|\n|upkeep\n|\n|t:|1699985349\n|switch|p2a: Zacian|Zacian-Crowned|100\/100\n|-damage|p2a: Zacian|94\/100|[from] Stealth Rock\n|-ability|p2a: Zacian|Intrepid Sword|boost\n|-boost|p2a: Zacian|atk|1\n|turn|10\n|\n|t:|1699985355\n|move|p2a: Zacian|Swords Dance|p2a: Zacian\n|-boost|p2a: Zacian|atk|2\n|move|p1a: Palkia|Fire Blast|p2a: Zacian\n|-supereffective|p2a: Zacian\n|-damage|p2a: Zacian|21\/100\n|\n|upkeep\n|turn|11\n|\n|t:|1699985366\n|move|p2a: Zacian|Behemoth Blade|p1a: Palkia\n|-resisted|p1a: Palkia\n|-damage|p1a: Palkia|0 fnt\n|faint|p1a: Palkia\n|\n|upkeep\n|\n|t:|1699985378\n|switch|p1a: Groudon|Groudon|100\/100\n|-damage|p1a: Groudon|94\/100|[from] Stealth Rock\n|-damage|p1a: Groudon|82\/100|[from] Spikes\n|detailschange|p1a: Groudon|Groudon-Primal\n|-primal|p1a: Groudon|Red Orb\n|-weather|DesolateLand|[from] ability: Desolate Land|[of] p1a: Groudon\n|turn|12\n|\n|t:|1699985386\n|-terastallize|p2a: Zacian|Fighting\n|move|p2a: Zacian|Close Combat|p1a: Groudon\n|-damage|p1a: Groudon|0 fnt\n|-unboost|p2a: Zacian|def|1\n|-unboost|p2a: Zacian|spd|1\n|faint|p1a: Groudon\n|-weather|none\n|\n|upkeep\n|\n|t:|1699985403\n|switch|p1a: Zacian|Zacian-Crowned|100\/100\n|-damage|p1a: Zacian|94\/100|[from] Stealth Rock\n|-damage|p1a: Zacian|82\/100|[from] Spikes\n|-ability|p1a: Zacian|Intrepid Sword|boost\n|-boost|p1a: Zacian|atk|1\n|turn|13\n|\n|t:|1699985410\n|move|p2a: Zacian|Behemoth Blade|p1a: Zacian\n|-damage|p1a: Zacian|0 fnt\n|faint|p1a: Zacian\n|\n|-sideend|p1: NOOB_1352011|move: Light Screen\n|upkeep\n|\n|t:|1699985415\n|switch|p1a: Landorus|Landorus-Therian, M|88\/100\n|-damage|p1a: Landorus|76\/100|[from] Stealth Rock\n|-ability|p1a: Landorus|Intimidate|boost\n|-unboost|p2a: Zacian|atk|1\n|turn|14\n|\n|t:|1699985421\n|move|p2a: Zacian|Behemoth Blade|p1a: Landorus\n|-damage|p1a: Landorus|0 fnt\n|faint|p1a: Landorus\n|\n|upkeep\n|\n|t:|1699985424\n|switch|p1a: Mewtwo|Mewtwo|100\/100\n|-ability|p1a: Mewtwo|Unnerve\n|-damage|p1a: Mewtwo|88\/100|[from] Stealth Rock\n|-damage|p1a: Mewtwo|76\/100|[from] Spikes\n|turn|15\n|\n|t:|1699985432\n|move|p2a: Zacian|Behemoth Blade|p1a: Mewtwo\n|-crit|p1a: Mewtwo\n|-damage|p1a: Mewtwo|0 fnt\n|faint|p1a: Mewtwo\n|\n|win|85792195wwww\n|raw|NOOB_1352011's rating: 1517 &rarr; <strong>1507<\/strong><br \/>(-10 for losing)\n|raw|85792195wwww's rating: 1700 &rarr; <strong>1710<\/strong><br \/>(+10 for winning)\n|c|\u2606NOOB_1352011|awsome\n","uploadtime":1699985439,"views":7,"p1id":"noob1352011","p2id":"85792195wwww","formatid":"gen9nationaldexubers","rating":1507,"private":0,"password":""}