{"id":"gen9nationaldexubers-1991978215","p1":"Sir Grandmaster","p2":"Bunnysai","format":"[Gen 9] National Dex Ubers","log":"|j|\u2606Sir Grandmaster\n|j|\u2606Bunnysai\n|inactive|Battle timer is ON: inactive players will automatically lose when time's up.\n|t:|1700144515\n|gametype|singles\n|player|p1|Sir Grandmaster|ghetsis|\n|player|p2|Bunnysai|brock|\n|teamsize|p1|6\n|teamsize|p2|6\n|gen|9\n|tier|[Gen 9] National Dex Ubers\n|rated|Tournament battle\n|rule|HP Percentage Mod: HP is shown in percentages\n|rule|Endless Battle Clause: Forcing endless battles is banned\n|rule|OHKO Clause: OHKO moves are banned\n|rule|Evasion Moves Clause: Evasion moves are banned\n|rule|Evasion Items Clause: Evasion items are banned\n|rule|Species Clause: Limit one of each Pok\u00e9mon\n|rule|Sleep Clause Mod: Limit one foe put to sleep\n|rule|Mega Rayquaza Clause: You cannot mega evolve Rayquaza\n|clearpoke\n|poke|p1|Tyranitar-Mega, M|\n|poke|p1|Necrozma-Ultra|\n|poke|p1|Groudon-Primal|\n|poke|p1|Arceus|\n|poke|p1|Yveltal|\n|poke|p1|Zacian-Crowned|\n|poke|p2|Deoxys-Speed|\n|poke|p2|Xerneas-*|\n|poke|p2|Necrozma-Dusk-Mane|\n|poke|p2|Arceus|\n|poke|p2|Eternatus|\n|poke|p2|Blaziken-Mega, F|\n|teampreview\n|j|*Lady Monita \u2746\n|inactive|Bunnysai also wants the timer to be on.\n|inactive|Sir Grandmaster has 120 seconds left.\n|inactive|Sir Grandmaster has 90 seconds left.\n|\n|t:|1700144598\n|start\n|switch|p1a: Boom|Groudon-Primal, shiny|100\/100\n|switch|p2a: Xerneas|Xerneas|100\/100\n|-ability|p2a: Xerneas|Fairy Aura\n|-weather|DesolateLand|[from] ability: Desolate Land|[of] p1a: Boom\n|turn|1\n|inactive|Bunnysai has 120 seconds left.\n|\n|t:|1700144637\n|move|p2a: Xerneas|Geomancy||[still]\n|-prepare|p2a: Xerneas|Geomancy\n|-enditem|p2a: Xerneas|Power Herb\n|-anim|p2a: Xerneas|Geomancy|p2a: Xerneas\n|-boost|p2a: Xerneas|spa|2\n|-boost|p2a: Xerneas|spd|2\n|-boost|p2a: Xerneas|spe|2\n|move|p1a: Boom|Fire Punch|p2a: Xerneas\n|-damage|p2a: Xerneas|14\/100\n|-damage|p1a: Boom|91\/100|[from] item: Life Orb\n|\n|-weather|DesolateLand|[upkeep]\n|upkeep\n|turn|2\n|inactive|Bunnysai has 120 seconds left.\n|\n|t:|1700144647\n|move|p2a: Xerneas|Moonblast|p1a: Boom\n|-resisted|p1a: Boom\n|-damage|p1a: Boom|27\/100\n|-unboost|p1a: Boom|spa|1\n|move|p1a: Boom|Fire Punch|p2a: Xerneas\n|-damage|p2a: Xerneas|0 fnt\n|faint|p2a: Xerneas\n|-damage|p1a: Boom|17\/100|[from] item: Life Orb\n|\n|-weather|DesolateLand|[upkeep]\n|upkeep\n|inactive|Bunnysai has 120 seconds left.\n|\n|t:|1700144657\n|switch|p2a: Blaziken|Blaziken-Mega, F|100\/100\n|turn|3\n|\n|t:|1700144664\n|move|p2a: Blaziken|Protect|p2a: Blaziken\n|-singleturn|p2a: Blaziken|Protect\n|move|p1a: Boom|Rock Polish|p1a: Boom\n|-boost|p1a: Boom|spe|2\n|\n|-weather|DesolateLand|[upkeep]\n|-ability|p2a: Blaziken|Speed Boost|boost\n|-boost|p2a: Blaziken|spe|1\n|upkeep\n|turn|4\n|\n|t:|1700144673\n|move|p2a: Blaziken|Close Combat|p1a: Boom\n|-damage|p1a: Boom|0 fnt\n|-unboost|p2a: Blaziken|def|1\n|-unboost|p2a: Blaziken|spd|1\n|faint|p1a: Boom\n|-weather|none\n|\n|-ability|p2a: Blaziken|Speed Boost|boost\n|-boost|p2a: Blaziken|spe|1\n|upkeep\n|\n|t:|1700144688\n|switch|p1a: Red Eagle|Yveltal, shiny|100\/100\n|-ability|p1a: Red Eagle|Dark Aura\n|turn|5\n|\n|t:|1700144696\n|move|p2a: Blaziken|Flare Blitz|p1a: Red Eagle\n|-damage|p1a: Red Eagle|23\/100\n|-damage|p2a: Blaziken|67\/100|[from] Recoil\n|move|p1a: Red Eagle|Oblivion Wing|p2a: Blaziken\n|-supereffective|p2a: Blaziken\n|-damage|p2a: Blaziken|0 fnt\n|-heal|p1a: Red Eagle|61\/100|[from] drain|[of] p2a: Blaziken\n|faint|p2a: Blaziken\n|\n|upkeep\n|\n|t:|1700144702\n|switch|p2a: Deoxys|Deoxys-Speed|100\/100\n|-ability|p2a: Deoxys|Pressure\n|turn|6\n|\n|t:|1700144724\n|move|p2a: Deoxys|Ice Beam|p1a: Red Eagle\n|-supereffective|p1a: Red Eagle\n|-damage|p1a: Red Eagle|6\/100\n|-damage|p2a: Deoxys|91\/100|[from] item: Life Orb\n|-zpower|p1a: Red Eagle\n|move|p1a: Red Eagle|Black Hole Eclipse|p2a: Deoxys|[zeffect]\n|-supereffective|p2a: Deoxys\n|-damage|p2a: Deoxys|0 fnt\n|faint|p2a: Deoxys\n|\n|upkeep\n|\n|t:|1700144737\n|switch|p2a: Eternatus|Eternatus|100\/100\n|-ability|p2a: Eternatus|Pressure\n|turn|7\n|\n|t:|1700144741\n|move|p2a: Eternatus|Meteor Beam||[still]\n|-prepare|p2a: Eternatus|Meteor Beam\n|-boost|p2a: Eternatus|spa|1\n|-enditem|p2a: Eternatus|Power Herb\n|-anim|p2a: Eternatus|Meteor Beam|p1a: Red Eagle\n|-supereffective|p1a: Red Eagle\n|-damage|p1a: Red Eagle|0 fnt\n|faint|p1a: Red Eagle\n|\n|upkeep\n|\n|t:|1700144744\n|switch|p1a: Necrozma|Necrozma-Ultra|100\/100\n|turn|8\n|\n|t:|1700144756\n|-terastallize|p2a: Eternatus|Fire\n|move|p2a: Eternatus|Dynamax Cannon|p1a: Necrozma\n|-supereffective|p1a: Necrozma\n|-damage|p1a: Necrozma|0 fnt\n|faint|p1a: Necrozma\n|\n|upkeep\n|\n|t:|1700144778\n|switch|p1a: Tyranitar|Tyranitar-Mega, M|100\/100\n|-weather|Sandstorm|[from] ability: Sand Stream|[of] p1a: Tyranitar\n|turn|9\n|\n|t:|1700144784\n|move|p2a: Eternatus|Dynamax Cannon|p1a: Tyranitar\n|-damage|p1a: Tyranitar|50\/100\n|move|p1a: Tyranitar|Stone Edge|p2a: Eternatus\n|-supereffective|p2a: Eternatus\n|-damage|p2a: Eternatus|0 fnt\n|faint|p2a: Eternatus\n|\n|-weather|Sandstorm|[upkeep]\n|upkeep\n|\n|t:|1700144792\n|switch|p2a: Necrozma|Necrozma-Dusk-Mane|100\/100\n|turn|10\n|\n|t:|1700144795\n|move|p1a: Tyranitar|Pursuit|p2a: Necrozma\n|-supereffective|p2a: Necrozma\n|-damage|p2a: Necrozma|72\/100\n|-enditem|p2a: Necrozma|Weakness Policy\n|-boost|p2a: Necrozma|atk|2|[from] item: Weakness Policy\n|-boost|p2a: Necrozma|spa|2|[from] item: Weakness Policy\n|move|p2a: Necrozma|Trick Room|p2a: Necrozma\n|-fieldstart|move: Trick Room|[of] p2a: Necrozma\n|\n|-weather|Sandstorm|[upkeep]\n|upkeep\n|turn|11\n|\n|t:|1700144807\n|move|p2a: Necrozma|Sunsteel Strike|p1a: Tyranitar\n|-supereffective|p1a: Tyranitar\n|-damage|p1a: Tyranitar|0 fnt\n|faint|p1a: Tyranitar\n|\n|-weather|Sandstorm|[upkeep]\n|upkeep\n|\n|t:|1700144813\n|switch|p1a: So call God|Arceus|100\/100\n|turn|12\n|\n|t:|1700144825\n|move|p2a: Necrozma|Photon Geyser|p1a: So call God\n|-damage|p1a: So call God|10\/100\n|move|p1a: So call God|Shadow Claw|p2a: Necrozma\n|-supereffective|p2a: Necrozma\n|-damage|p2a: Necrozma|47\/100\n|\n|-weather|Sandstorm|[upkeep]\n|-damage|p1a: So call God|4\/100|[from] Sandstorm\n|upkeep\n|turn|13\n|\n|t:|1700144833\n|move|p1a: So call God|Extreme Speed|p2a: Necrozma\n|-resisted|p2a: Necrozma\n|-damage|p2a: Necrozma|32\/100\n|move|p2a: Necrozma|Sunsteel Strike|p1a: So call God\n|-damage|p1a: So call God|0 fnt\n|faint|p1a: So call God\n|\n|-weather|none\n|upkeep\n|\n|t:|1700144835\n|switch|p1a: Big Dawg|Zacian-Crowned|100\/100\n|-ability|p1a: Big Dawg|Intrepid Sword|boost\n|-boost|p1a: Big Dawg|atk|1\n|turn|14\n|\n|t:|1700144843\n|move|p2a: Necrozma|Earthquake|p1a: Big Dawg\n|-supereffective|p1a: Big Dawg\n|-damage|p1a: Big Dawg|0 fnt\n|faint|p1a: Big Dawg\n|\n|win|Bunnysai\n|n|\u2606Sir Grandmaster|sirgrandmaster\n|n|\u2606Bunnysai|bunnysai\n|n|*Lady Monita \u2746|ladymonita\n","uploadtime":1700144844,"views":11,"p1id":"sirgrandmaster","p2id":"bunnysai","formatid":"gen9nationaldexubers","rating":0,"private":0,"password":""}