{"id":"gen9nationaldexubers-1980070839","p1":"Enzo000007","p2":"aquiles meo","format":"[Gen 9] National Dex Ubers","log":"|j|\u2606Enzo000007\n|j|\u2606aquiles meo\n|t:|1698754139\n|gametype|singles\n|player|p1|Enzo000007|pokemaniac|1089\n|player|p2|aquiles meo|ethan|1075\n|teamsize|p1|6\n|teamsize|p2|6\n|gen|9\n|tier|[Gen 9] National Dex Ubers\n|rated|\n|rule|HP Percentage Mod: HP is shown in percentages\n|rule|Endless Battle Clause: Forcing endless battles is banned\n|rule|OHKO Clause: OHKO moves are banned\n|rule|Evasion Moves Clause: Evasion moves are banned\n|rule|Evasion Items Clause: Evasion items are banned\n|rule|Species Clause: Limit one of each Pok\u00e9mon\n|rule|Sleep Clause Mod: Limit one foe put to sleep\n|rule|Mega Rayquaza Clause: You cannot mega evolve Rayquaza\n|clearpoke\n|poke|p1|Charizard, M|\n|poke|p1|Urshifu-*, M|\n|poke|p1|Rillaboom, M|\n|poke|p1|Landorus-Therian, M|\n|poke|p1|Heatran, M|\n|poke|p1|Melmetal|\n|poke|p2|Jirachi|\n|poke|p2|Ho-Oh|\n|poke|p2|Rayquaza|\n|poke|p2|Pidgeot, M|\n|poke|p2|Lucario, M|\n|poke|p2|Luxray, M|\n|teampreview\n|\n|t:|1698754153\n|start\n|switch|p1a: Charizard|Charizard, M, shiny|100\/100\n|switch|p2a: Jirachi|Jirachi, shiny|100\/100\n|turn|1\n|\n|t:|1698754163\n|detailschange|p1a: Charizard|Charizard-Mega-Y, M, shiny\n|-mega|p1a: Charizard|Charizard|Charizardite Y\n|-weather|SunnyDay|[from] ability: Drought|[of] p1a: Charizard\n|-terastallize|p2a: Jirachi|Water\n|move|p1a: Charizard|Flamethrower|p2a: Jirachi\n|-resisted|p2a: Jirachi\n|-crit|p2a: Jirachi\n|-damage|p2a: Jirachi|45\/100\n|move|p2a: Jirachi|Iron Head|p1a: Charizard\n|-resisted|p1a: Charizard\n|-damage|p1a: Charizard|79\/100\n|\n|-weather|SunnyDay|[upkeep]\n|-heal|p2a: Jirachi|51\/100|[from] item: Leftovers\n|upkeep\n|turn|2\n|\n|t:|1698754178\n|move|p2a: Jirachi|Doom Desire|p1a: Charizard\n|-start|p2a: Jirachi|Doom Desire\n|move|p1a: Charizard|Solar Beam||[still]\n|-prepare|p1a: Charizard|Solar Beam\n|-anim|p1a: Charizard|Solar Beam|p2a: Jirachi\n|-supereffective|p2a: Jirachi\n|-crit|p2a: Jirachi\n|-damage|p2a: Jirachi|0 fnt\n|faint|p2a: Jirachi\n|\n|-weather|SunnyDay|[upkeep]\n|upkeep\n|\n|t:|1698754190\n|switch|p2a: Rayquaza|Rayquaza, shiny|100\/100\n|-ability|p2a: Rayquaza|Air Lock\n|turn|3\n|\n|t:|1698754199\n|move|p1a: Charizard|Flamethrower|p2a: Rayquaza\n|-resisted|p2a: Rayquaza\n|-damage|p2a: Rayquaza|71\/100\n|move|p2a: Rayquaza|Dragon Ascent|p1a: Charizard\n|-damage|p1a: Charizard|0 fnt\n|-unboost|p2a: Rayquaza|def|1\n|-unboost|p2a: Rayquaza|spd|1\n|faint|p1a: Charizard\n|\n|-weather|SunnyDay|[upkeep]\n|upkeep\n|\n|t:|1698754204\n|switch|p1a: Melmetal|Melmetal|100\/100\n|turn|4\n|\n|t:|1698754221\n|switch|p2a: Ho-Oh|Ho-Oh, shiny|100\/100\n|move|p1a: Melmetal|Ice Punch|p2a: Ho-Oh\n|-damage|p2a: Ho-Oh|68\/100\n|\n|-weather|SunnyDay|[upkeep]\n|-end|p1a: Melmetal|move: Doom Desire\n|-resisted|p1a: Melmetal\n|-damage|p1a: Melmetal|87\/100\n|upkeep\n|turn|5\n|\n|t:|1698754234\n|move|p2a: Ho-Oh|Burn Up|p1a: Melmetal\n|-supereffective|p1a: Melmetal\n|-damage|p1a: Melmetal|0 fnt\n|-start|p2a: Ho-Oh|typechange|???\/Flying|[from] move: Burn Up\n|faint|p1a: Melmetal\n|\n|-weather|none\n|upkeep\n|-message|Enzo000007 forfeited.\n|\n|win|aquiles meo\n|raw|Enzo000007's rating: 1089 &rarr; <strong>1065<\/strong><br \/>(-24 for losing)\n|raw|aquiles meo's rating: 1075 &rarr; <strong>1105<\/strong><br \/>(+30 for winning)\n|l|\u2606Enzo000007\n","uploadtime":1698754268,"views":8,"p1id":"enzo000007","p2id":"aquilesmeo","formatid":"gen9nationaldexubers","rating":1065,"private":0,"password":""}