{"id":"gen9nationaldexubers-1977841526","p1":"LTitan9","p2":"Legendaries_$uck","format":"[Gen 9] National Dex Ubers","log":"|j|\u2606LTitan9\n|j|\u2606Legendaries_$uck\n|t:|1698456230\n|gametype|singles\n|player|p1|LTitan9|acetrainer|1552\n|player|p2|Legendaries_$uck|lucas|1552\n|teamsize|p1|6\n|teamsize|p2|6\n|gen|9\n|tier|[Gen 9] National Dex Ubers\n|rated|\n|rule|HP Percentage Mod: HP is shown in percentages\n|rule|Endless Battle Clause: Forcing endless battles is banned\n|rule|OHKO Clause: OHKO moves are banned\n|rule|Evasion Moves Clause: Evasion moves are banned\n|rule|Evasion Items Clause: Evasion items are banned\n|rule|Species Clause: Limit one of each Pok\u00e9mon\n|rule|Sleep Clause Mod: Limit one foe put to sleep\n|rule|Mega Rayquaza Clause: You cannot mega evolve Rayquaza\n|clearpoke\n|poke|p1|Necrozma-Dusk-Mane|\n|poke|p1|Arceus|\n|poke|p1|Ho-Oh|\n|poke|p1|Yveltal|\n|poke|p1|Mewtwo|\n|poke|p1|Groudon|\n|poke|p2|Arceus-Fairy|\n|poke|p2|Melmetal|\n|poke|p2|Ursaluna, M|\n|poke|p2|Calyrex-Ice|\n|poke|p2|Kyogre|\n|poke|p2|Hatterene, F|\n|teampreview\n|inactive|Battle timer is ON: inactive players will automatically lose when time's up. (requested by LTitan9)\n|\n|t:|1698456235\n|start\n|switch|p1a: Groudon|Groudon|100\/100\n|switch|p2a: Hatterene|Hatterene, F|100\/100\n|detailschange|p1a: Groudon|Groudon-Primal\n|-primal|p1a: Groudon|Red Orb\n|-weather|DesolateLand|[from] ability: Desolate Land|[of] p1a: Groudon\n|turn|1\n|\n|t:|1698456239\n|move|p1a: Groudon|Heat Crash|p2a: Hatterene\n|-enditem|p2a: Hatterene|Focus Sash\n|-damage|p2a: Hatterene|1\/100\n|move|p2a: Hatterene|Trick Room|p2a: Hatterene\n|-fieldstart|move: Trick Room|[of] p2a: Hatterene\n|\n|-weather|DesolateLand|[upkeep]\n|upkeep\n|turn|2\n|\n|t:|1698456246\n|move|p2a: Hatterene|Healing Wish|p2a: Hatterene\n|faint|p2a: Hatterene\n|move|p1a: Groudon|Heat Crash|p2: Hatterene|[notarget]\n|-fail|p1a: Groudon\n|\n|-weather|DesolateLand|[upkeep]\n|upkeep\n|\n|t:|1698456274\n|switch|p2a: Ursaluna|Ursaluna, M|100\/100\n|turn|3\n|\n|t:|1698456285\n|-weather|none\n|switch|p1a: Ho-Oh|Ho-Oh|100\/100\n|move|p2a: Ursaluna|Facade|p1a: Ho-Oh\n|-damage|p1a: Ho-Oh|66\/100\n|\n|-status|p2a: Ursaluna|brn|[from] item: Flame Orb\n|upkeep\n|turn|4\n|\n|t:|1698456294\n|move|p2a: Ursaluna|Facade|p1a: Ho-Oh\n|-damage|p1a: Ho-Oh|0 fnt\n|faint|p1a: Ho-Oh\n|\n|-damage|p2a: Ursaluna|94\/100 brn|[from] brn\n|upkeep\n|\n|t:|1698456300\n|switch|p1a: Arceus|Arceus|100\/100\n|turn|5\n|\n|t:|1698456304\n|-terastallize|p1a: Arceus|Ghost\n|move|p2a: Ursaluna|Facade|p1a: Arceus\n|-immune|p1a: Arceus\n|move|p1a: Arceus|Swords Dance|p1a: Arceus\n|-boost|p1a: Arceus|atk|2\n|\n|-damage|p2a: Ursaluna|88\/100 brn|[from] brn\n|-fieldend|move: Trick Room\n|upkeep\n|turn|6\n|\n|t:|1698456330\n|move|p1a: Arceus|Extreme Speed|p2a: Ursaluna\n|-damage|p2a: Ursaluna|30\/100 brn\n|move|p2a: Ursaluna|Headlong Rush|p1a: Arceus\n|-damage|p1a: Arceus|32\/100\n|-unboost|p2a: Ursaluna|def|1\n|-unboost|p2a: Ursaluna|spd|1\n|\n|-heal|p1a: Arceus|38\/100|[from] item: Leftovers\n|-damage|p2a: Ursaluna|24\/100 brn|[from] brn\n|upkeep\n|turn|7\n|\n|t:|1698456336\n|move|p1a: Arceus|Extreme Speed|p2a: Ursaluna\n|-damage|p2a: Ursaluna|0 fnt\n|faint|p2a: Ursaluna\n|\n|-heal|p1a: Arceus|44\/100|[from] item: Leftovers\n|upkeep\n|\n|t:|1698456356\n|switch|p2a: Arceus|Arceus-Fairy|100\/100\n|turn|8\n|\n|t:|1698456358\n|move|p1a: Arceus|Extreme Speed|p2a: Arceus\n|-damage|p2a: Arceus|44\/100\n|move|p2a: Arceus|Trick Room|p2a: Arceus\n|-fieldstart|move: Trick Room|[of] p2a: Arceus\n|\n|-heal|p1a: Arceus|50\/100|[from] item: Leftovers\n|upkeep\n|turn|9\n|\n|t:|1698456364\n|switch|p2a: Melmetal|Melmetal|100\/100\n|move|p1a: Arceus|Extreme Speed|p2a: Melmetal\n|-resisted|p2a: Melmetal\n|-damage|p2a: Melmetal|78\/100\n|\n|-heal|p1a: Arceus|56\/100|[from] item: Leftovers\n|upkeep\n|turn|10\n|\n|t:|1698456372\n|switch|p1a: Groudon|Groudon-Primal|100\/100\n|-weather|DesolateLand|[from] ability: Desolate Land|[of] p1a: Groudon\n|-terastallize|p2a: Melmetal|Steel\n|move|p2a: Melmetal|Double Iron Bash|p1a: Groudon\n|-resisted|p1a: Groudon\n|-damage|p1a: Groudon|74\/100\n|-resisted|p1a: Groudon\n|-damage|p1a: Groudon|43\/100\n|-hitcount|p1a: Groudon|2\n|\n|-weather|DesolateLand|[upkeep]\n|upkeep\n|turn|11\n|\n|t:|1698456385\n|move|p2a: Melmetal|Double Iron Bash|p1a: Groudon\n|-resisted|p1a: Groudon\n|-damage|p1a: Groudon|12\/100\n|-resisted|p1a: Groudon\n|-damage|p1a: Groudon|0 fnt\n|faint|p1a: Groudon\n|-weather|none\n|-hitcount|p1: Groudon|2\n|\n|upkeep\n|\n|t:|1698456392\n|switch|p1a: Necrozma|Necrozma-Dusk-Mane|100\/100\n|turn|12\n|\n|t:|1698456399\n|switch|p2a: Kyogre|Kyogre|100\/100\n|detailschange|p2a: Kyogre|Kyogre-Primal\n|-primal|p2a: Kyogre|Blue Orb\n|-weather|PrimordialSea|[from] ability: Primordial Sea|[of] p2a: Kyogre\n|move|p1a: Necrozma|Dragon Dance|p1a: Necrozma\n|-boost|p1a: Necrozma|atk|1\n|-boost|p1a: Necrozma|spe|1\n|\n|-weather|PrimordialSea|[upkeep]\n|-fieldend|move: Trick Room\n|upkeep\n|turn|13\n|\n|t:|1698456404\n|detailschange|p1a: Necrozma|Necrozma-Ultra\n|-burst|p1a: Necrozma|Necrozma|Ultranecrozium Z\n|move|p1a: Necrozma|Photon Geyser|p2a: Kyogre\n|-damage|p2a: Kyogre|1\/100\n|move|p2a: Kyogre|Ice Beam|p1a: Necrozma\n|-supereffective|p1a: Necrozma\n|-damage|p1a: Necrozma|20\/100\n|\n|-weather|PrimordialSea|[upkeep]\n|upkeep\n|turn|14\n|j| mario123MAMAMIA\n|\n|t:|1698456415\n|move|p1a: Necrozma|Photon Geyser|p2a: Kyogre\n|-damage|p2a: Kyogre|0 fnt\n|faint|p2a: Kyogre\n|-weather|none\n|\n|upkeep\n|\n|t:|1698456418\n|switch|p2a: Arceus|Arceus-Fairy|44\/100\n|-heal|p2a: Arceus|100\/100|[from] move: Healing Wish\n|turn|15\n|\n|t:|1698456429\n|switch|p2a: Melmetal|Melmetal, tera:Steel|78\/100\n|-zpower|p1a: Necrozma\n|move|p1a: Necrozma|Light That Burns the Sky|p2a: Melmetal|[zeffect]\n|-resisted|p2a: Melmetal\n|-damage|p2a: Melmetal|27\/100\n|\n|upkeep\n|turn|16\n|\n|t:|1698456444\n|switch|p2a: Calyrex|Calyrex-Ice|100\/100\n|-ability|p2a: Calyrex|As One\n|-ability|p2a: Calyrex|Unnerve\n|move|p1a: Necrozma|Earthquake|p2a: Calyrex\n|-damage|p2a: Calyrex|60\/100\n|\n|upkeep\n|turn|17\n|\n|t:|1698456457\n|move|p1a: Necrozma|Sunsteel Strike|p2a: Calyrex\n|-supereffective|p2a: Calyrex\n|-damage|p2a: Calyrex|0 fnt\n|faint|p2a: Calyrex\n|\n|upkeep\n|\n|t:|1698456460\n|switch|p2a: Arceus|Arceus-Fairy|100\/100\n|turn|18\n|\n|t:|1698456473\n|move|p1a: Necrozma|Sunsteel Strike|p2a: Arceus\n|-supereffective|p2a: Arceus\n|-damage|p2a: Arceus|4\/100\n|move|p2a: Arceus|Trick Room|p2a: Arceus\n|-fieldstart|move: Trick Room|[of] p2a: Arceus\n|\n|upkeep\n|turn|19\n|\n|t:|1698456484\n|move|p2a: Arceus|Healing Wish|p2a: Arceus\n|faint|p2a: Arceus\n|move|p1a: Necrozma|Sunsteel Strike|p2: Arceus|[notarget]\n|-fail|p1a: Necrozma\n|\n|upkeep\n|\n|t:|1698456486\n|switch|p2a: Melmetal|Melmetal, tera:Steel|27\/100\n|-heal|p2a: Melmetal|100\/100|[from] move: Healing Wish\n|turn|20\n|\n|t:|1698456499\n|move|p2a: Melmetal|Double Iron Bash|p1a: Necrozma\n|-damage|p1a: Necrozma|0 fnt\n|faint|p1a: Necrozma\n|-hitcount|p1: Necrozma|1\n|\n|upkeep\n|\n|t:|1698456510\n|switch|p1a: Yveltal|Yveltal|100\/100\n|-ability|p1a: Yveltal|Dark Aura\n|turn|21\n|\n|t:|1698456515\n|move|p1a: Yveltal|Sucker Punch|p2a: Melmetal\n|-damage|p2a: Melmetal|72\/100\n|-damage|p1a: Yveltal|91\/100|[from] item: Life Orb\n|move|p2a: Melmetal|Double Iron Bash|p1a: Yveltal\n|-damage|p1a: Yveltal|0 fnt\n|faint|p1a: Yveltal\n|-hitcount|p1: Yveltal|1\n|\n|upkeep\n|\n|t:|1698456521\n|switch|p1a: Arceus|Arceus, tera:Ghost|56\/100\n|turn|22\n|\n|t:|1698456524\n|move|p1a: Arceus|Extreme Speed|p2a: Melmetal\n|-resisted|p2a: Melmetal\n|-crit|p2a: Melmetal\n|-damage|p2a: Melmetal|55\/100\n|move|p2a: Melmetal|Double Iron Bash|p1a: Arceus\n|-damage|p1a: Arceus|2\/100\n|-damage|p1a: Arceus|0 fnt\n|faint|p1a: Arceus\n|-hitcount|p1: Arceus|2\n|\n|-fieldend|move: Trick Room\n|upkeep\n|\n|t:|1698456526\n|switch|p1a: Mewtwo|Mewtwo|100\/100\n|-ability|p1a: Mewtwo|Pressure\n|turn|23\n|\n|t:|1698456528\n|detailschange|p1a: Mewtwo|Mewtwo-Mega-Y\n|-mega|p1a: Mewtwo|Mewtwo|Mewtwonite Y\n|move|p1a: Mewtwo|Fire Blast|p2a: Melmetal\n|-supereffective|p2a: Melmetal\n|-damage|p2a: Melmetal|0 fnt\n|faint|p2a: Melmetal\n|\n|win|LTitan9\n|raw|LTitan9's rating: 1552 &rarr; <strong>1572<\/strong><br \/>(+20 for winning)\n|raw|Legendaries_$uck's rating: 1552 &rarr; <strong>1532<\/strong><br \/>(-20 for losing)\n|c|\u2606LTitan9|gg\n","uploadtime":1698456557,"views":10,"p1id":"ltitan9","p2id":"legendariesuck","formatid":"gen9nationaldexubers","rating":1532,"private":0,"password":""}