{"id":"gen9nationaldexubers-1993797241","p1":"Sh000ms","p2":"Juaner95","format":"[Gen 9] National Dex Ubers","log":"|j|\u2606Sh000ms\n|j|\u2606Juaner95\n|t:|1700358428\n|gametype|singles\n|player|p1|Sh000ms|101|1140\n|player|p2|Juaner95|skyla|1127\n|teamsize|p1|6\n|teamsize|p2|6\n|gen|9\n|tier|[Gen 9] National Dex Ubers\n|rated|\n|rule|HP Percentage Mod: HP is shown in percentages\n|rule|Endless Battle Clause: Forcing endless battles is banned\n|rule|OHKO Clause: OHKO moves are banned\n|rule|Evasion Moves Clause: Evasion moves are banned\n|rule|Evasion Items Clause: Evasion items are banned\n|rule|Species Clause: Limit one of each Pok\u00e9mon\n|rule|Sleep Clause Mod: Limit one foe put to sleep\n|rule|Mega Rayquaza Clause: You cannot mega evolve Rayquaza\n|clearpoke\n|poke|p1|Slowbro-Galar, F|\n|poke|p1|Wobbuffet, F|\n|poke|p1|Ditto|\n|poke|p1|Mimikyu, F|\n|poke|p1|Aron, L1, F|\n|poke|p1|Groudon|\n|poke|p2|Latias, F|\n|poke|p2|Entei|\n|poke|p2|Umbreon, M|\n|poke|p2|Dialga|\n|poke|p2|Articuno|\n|poke|p2|Pikachu-Original, M|\n|teampreview\n|inactive|Battle timer is ON: inactive players will automatically lose when time's up. (requested by Sh000ms)\n|\n|t:|1700358453\n|start\n|switch|p1a: Bing Bong|Wobbuffet, F, shiny|100\/100\n|switch|p2a: Pikachu|Pikachu-Original, M|100\/100\n|turn|1\n|\n|t:|1700358461\n|move|p2a: Pikachu|Volt Switch|p1a: Bing Bong\n|-damage|p1a: Bing Bong|85\/100\n|\n|t:|1700358472\n|switch|p2a: Umbreon|Umbreon, M|100\/100|[from] Volt Switch\n|move|p1a: Bing Bong|Encore||[still]\n|-fail|p1a: Bing Bong\n|\n|upkeep\n|turn|2\n|\n|t:|1700358481\n|move|p2a: Umbreon|Curse|p2a: Umbreon\n|-unboost|p2a: Umbreon|spe|1\n|-boost|p2a: Umbreon|atk|1\n|-boost|p2a: Umbreon|def|1\n|move|p1a: Bing Bong|Counter||[still]\n|-fail|p1a: Bing Bong\n|\n|upkeep\n|turn|3\n|\n|t:|1700358486\n|move|p1a: Bing Bong|Encore|p2a: Umbreon\n|-start|p2a: Umbreon|Encore\n|move|p2a: Umbreon|Curse|p2a: Umbreon\n|-unboost|p2a: Umbreon|spe|1\n|-boost|p2a: Umbreon|atk|1\n|-boost|p2a: Umbreon|def|1\n|\n|upkeep\n|turn|4\n|\n|t:|1700358494\n|switch|p1a: Floop|Aron, L1, F, shiny|100\/100\n|move|p2a: Umbreon|Curse|p2a: Umbreon\n|-unboost|p2a: Umbreon|spe|1\n|-boost|p2a: Umbreon|atk|1\n|-boost|p2a: Umbreon|def|1\n|\n|upkeep\n|turn|5\n|\n|t:|1700358502\n|switch|p2a: Pikachu|Pikachu-Original, M|100\/100\n|move|p1a: Floop|Endeavor|p2a: Pikachu\n|-damage|p2a: Pikachu|5\/100\n|\n|upkeep\n|turn|6\n|\n|t:|1700358512\n|switch|p2a: Umbreon|Umbreon, M|100\/100\n|switch|p1a: Speedy Bruh|Slowbro-Galar, F|100\/100\n|\n|upkeep\n|turn|7\n|\n|t:|1700358523\n|-terastallize|p1a: Speedy Bruh|Poison\n|move|p2a: Umbreon|Wish|p2a: Umbreon\n|move|p1a: Speedy Bruh|Gunk Shot|p2a: Umbreon|[miss]\n|-miss|p1a: Speedy Bruh|p2a: Umbreon\n|\n|upkeep\n|turn|8\n|\n|t:|1700358529\n|switch|p2a: Pikachu|Pikachu-Original, M|5\/100\n|move|p1a: Speedy Bruh|Gunk Shot|p2a: Pikachu\n|-damage|p2a: Pikachu|0 fnt\n|faint|p2a: Pikachu\n|\n|upkeep\n|\n|t:|1700358534\n|switch|p2a: Dialga|Dialga, shiny|100\/100\n|-ability|p2a: Dialga|Pressure\n|turn|9\n|\n|t:|1700358545\n|switch|p1a: Bing Bong|Wobbuffet, F, shiny|85\/100\n|move|p2a: Dialga|Stealth Rock|p1a: Bing Bong\n|-sidestart|p1: Sh000ms|move: Stealth Rock\n|\n|upkeep\n|turn|10\n|\n|t:|1700358550\n|move|p1a: Bing Bong|Encore|p2a: Dialga\n|-start|p2a: Dialga|Encore\n|move|p2a: Dialga|Stealth Rock||[still]\n|-fail|p2a: Dialga\n|\n|upkeep\n|turn|11\n|\n|t:|1700358557\n|switch|p1a: Floop|Aron, L1, F, shiny|100\/100\n|-damage|p1a: Floop|92\/100|[from] Stealth Rock\n|move|p2a: Dialga|Stealth Rock||[still]\n|-fail|p2a: Dialga\n|\n|upkeep\n|turn|12\n|\n|t:|1700358569\n|switch|p2a: Entei|Entei, shiny|100\/100\n|-ability|p2a: Entei|Pressure\n|move|p1a: Floop|Endeavor|p2a: Entei\n|-damage|p2a: Entei|3\/100\n|-heal|p1a: Floop|100\/100|[from] item: Shell Bell|[of] p2a: Entei\n|\n|upkeep\n|turn|13\n|\n|t:|1700358584\n|switch|p2a: Umbreon|Umbreon, M|100\/100\n|move|p1a: Floop|Sandstorm|p1a: Floop\n|-weather|Sandstorm\n|\n|-weather|Sandstorm|[upkeep]\n|-damage|p2a: Umbreon|94\/100|[from] Sandstorm\n|-heal|p2a: Umbreon|100\/100|[from] item: Leftovers\n|upkeep\n|turn|14\n|\n|t:|1700358591\n|move|p2a: Umbreon|Wish|p2a: Umbreon\n|move|p1a: Floop|Endeavor|p2a: Umbreon\n|-damage|p2a: Umbreon|4\/100\n|\n|-weather|Sandstorm|[upkeep]\n|-damage|p2a: Umbreon|0 fnt|[from] Sandstorm\n|faint|p2a: Umbreon\n|upkeep\n|\n|t:|1700358597\n|switch|p2a: Entei|Entei, shiny|3\/100\n|-ability|p2a: Entei|Pressure\n|turn|15\n|\n|t:|1700358602\n|move|p2a: Entei|Extreme Speed|p1a: Floop\n|-resisted|p1a: Floop\n|-ability|p1a: Floop|Sturdy\n|-damage|p1a: Floop|9\/100\n|-damage|p2a: Entei|0 fnt|[from] item: Life Orb\n|faint|p2a: Entei\n|move|p1a: Floop|Endeavor|p2: Entei|[notarget]\n|-fail|p1a: Floop\n|\n|-weather|Sandstorm|[upkeep]\n|upkeep\n|\n|t:|1700358613\n|switch|p2a: Articuno|Articuno, shiny|100\/100\n|-ability|p2a: Articuno|Pressure\n|turn|16\n|\n|t:|1700358620\n|move|p2a: Articuno|Ice Beam|p1a: Floop\n|-resisted|p1a: Floop\n|-damage|p1a: Floop|0 fnt\n|faint|p1a: Floop\n|\n|-weather|Sandstorm|[upkeep]\n|-damage|p2a: Articuno|94\/100|[from] Sandstorm\n|-heal|p2a: Articuno|100\/100|[from] item: Leftovers\n|upkeep\n|\n|t:|1700358629\n|switch|p1a: My Favourite|Mimikyu, F|100\/100\n|-damage|p1a: My Favourite|88\/100|[from] Stealth Rock\n|turn|17\n|\n|t:|1700358633\n|move|p1a: My Favourite|Curse|p2a: Articuno\n|-start|p2a: Articuno|Curse|[of] p1a: My Favourite\n|-damage|p1a: My Favourite|39\/100\n|move|p2a: Articuno|Ice Beam|p1a: My Favourite\n|-activate|p1a: My Favourite|ability: Disguise\n|-damage|p1a: My Favourite|39\/100\n|-status|p1a: My Favourite|frz\n|detailschange|p1a: My Favourite|Mimikyu-Busted, F\n|-damage|p1a: My Favourite|26\/100 frz|[from] pokemon: Mimikyu-Busted\n|\n|-weather|none\n|-damage|p2a: Articuno|75\/100|[from] Curse\n|upkeep\n|turn|18\n|\n|t:|1700358645\n|switch|p2a: Dialga|Dialga, shiny|100\/100\n|-ability|p2a: Dialga|Pressure\n|cant|p1a: My Favourite|frz\n|\n|upkeep\n|turn|19\n|\n|t:|1700358651\n|cant|p1a: My Favourite|frz\n|move|p2a: Dialga|Dragon Pulse|p1a: My Favourite\n|-immune|p1a: My Favourite\n|\n|upkeep\n|turn|20\n|\n|t:|1700358657\n|cant|p1a: My Favourite|frz\n|move|p2a: Dialga|Thunder|p1a: My Favourite\n|-damage|p1a: My Favourite|0 fnt\n|faint|p1a: My Favourite\n|\n|upkeep\n|\n|t:|1700358664\n|switch|p1a: Bing Bong|Wobbuffet, F, shiny|85\/100\n|-damage|p1a: Bing Bong|72\/100|[from] Stealth Rock\n|turn|21\n|-activate|p1a: Bing Bong|item: Quick Claw\n|\n|t:|1700358671\n|move|p1a: Bing Bong|Mirror Coat||[still]\n|-fail|p1a: Bing Bong\n|move|p2a: Dialga|Roar|p1a: Bing Bong\n|drag|p1a: Gumball|Ditto, shiny|100\/100\n|-transform|p1a: Gumball|p2a: Dialga|[from] ability: Imposter\n|-ability|p1a: Gumball|Pressure\n|\n|upkeep\n|turn|22\n|\n|t:|1700358680\n|move|p1a: Gumball|Dragon Pulse|p2a: Dialga\n|-damage|p2a: Dialga|73\/100\n|move|p2a: Dialga|Roar|p1a: Gumball\n|drag|p1a: Bing Bong|Wobbuffet, F, shiny|72\/100\n|-damage|p1a: Bing Bong|60\/100|[from] Stealth Rock\n|\n|-heal|p2a: Dialga|79\/100|[from] item: Leftovers\n|upkeep\n|turn|23\n|\n|t:|1700358688\n|move|p1a: Bing Bong|Encore|p2a: Dialga\n|-start|p2a: Dialga|Encore\n|move|p2a: Dialga|Roar|p1a: Bing Bong\n|drag|p1a: Ima Zzzzz|Groudon|100\/100\n|-damage|p1a: Ima Zzzzz|94\/100|[from] Stealth Rock\n|detailschange|p1a: Ima Zzzzz|Groudon-Primal\n|-primal|p1a: Ima Zzzzz|Red Orb\n|-weather|DesolateLand|[from] ability: Desolate Land|[of] p1a: Ima Zzzzz\n|\n|-weather|DesolateLand|[upkeep]\n|-heal|p2a: Dialga|85\/100|[from] item: Leftovers\n|upkeep\n|turn|24\n|\n|t:|1700358697\n|switch|p2a: Latias|Latias, F|100\/100\n|move|p1a: Ima Zzzzz|Eruption|p2a: Latias\n|-resisted|p2a: Latias\n|-damage|p2a: Latias|60\/100\n|\n|-weather|DesolateLand|[upkeep]\n|upkeep\n|turn|25\n|\n|t:|1700358705\n|detailschange|p2a: Latias|Latias-Mega, F\n|-mega|p2a: Latias|Latias|Latiasite\n|move|p2a: Latias|Calm Mind|p2a: Latias\n|-boost|p2a: Latias|spa|1\n|-boost|p2a: Latias|spd|1\n|move|p1a: Ima Zzzzz|Precipice Blades|p2a: Latias\n|-immune|p2a: Latias|[from] ability: Levitate\n|\n|-weather|DesolateLand|[upkeep]\n|upkeep\n|turn|26\n|\n|t:|1700358714\n|move|p2a: Latias|Recover|p2a: Latias\n|-heal|p2a: Latias|100\/100\n|move|p1a: Ima Zzzzz|Eruption|p2a: Latias\n|-resisted|p2a: Latias\n|-damage|p2a: Latias|77\/100\n|\n|-weather|DesolateLand|[upkeep]\n|upkeep\n|turn|27\n|\n|t:|1700358721\n|-weather|none\n|switch|p1a: Bing Bong|Wobbuffet, F, shiny|60\/100\n|-damage|p1a: Bing Bong|47\/100|[from] Stealth Rock\n|move|p2a: Latias|Calm Mind|p2a: Latias\n|-boost|p2a: Latias|spa|1\n|-boost|p2a: Latias|spd|1\n|\n|upkeep\n|turn|28\n|\n|t:|1700358728\n|move|p2a: Latias|Calm Mind|p2a: Latias\n|-boost|p2a: Latias|spa|1\n|-boost|p2a: Latias|spd|1\n|move|p1a: Bing Bong|Encore|p2a: Latias\n|-start|p2a: Latias|Encore\n|\n|upkeep\n|turn|29\n|\n|t:|1700358733\n|move|p2a: Latias|Calm Mind|p2a: Latias\n|-boost|p2a: Latias|spa|1\n|-boost|p2a: Latias|spd|1\n|move|p1a: Bing Bong|Encore||[still]\n|-fail|p1a: Bing Bong\n|\n|upkeep\n|turn|30\n|\n|t:|1700358741\n|switch|p1a: Gumball|Ditto, shiny|100\/100\n|-transform|p1a: Gumball|p2a: Latias|[from] ability: Imposter\n|move|p2a: Latias|Calm Mind|p2a: Latias\n|-boost|p2a: Latias|spa|1\n|-boost|p2a: Latias|spd|1\n|\n|upkeep\n|turn|31\n|\n|t:|1700358751\n|move|p1a: Gumball|Surf|p2a: Latias\n|-resisted|p2a: Latias\n|-damage|p2a: Latias|69\/100\n|move|p2a: Latias|Calm Mind|p2a: Latias\n|-boost|p2a: Latias|spa|1\n|-boost|p2a: Latias|spd|1\n|\n|-end|p2a: Latias|Encore\n|upkeep\n|turn|32\n|\n|t:|1700358758\n|move|p1a: Gumball|Psyshock|p2a: Latias\n|-resisted|p2a: Latias\n|-damage|p2a: Latias|25\/100\n|move|p2a: Latias|Recover|p2a: Latias\n|-heal|p2a: Latias|75\/100\n|\n|upkeep\n|turn|33\n|\n|t:|1700358764\n|move|p1a: Gumball|Psyshock|p2a: Latias\n|-resisted|p2a: Latias\n|-damage|p2a: Latias|27\/100\n|move|p2a: Latias|Psyshock|p1a: Gumball\n|-resisted|p1a: Gumball\n|-damage|p1a: Gumball|20\/100\n|\n|upkeep\n|turn|34\n|\n|t:|1700358771\n|move|p2a: Latias|Recover|p2a: Latias\n|-heal|p2a: Latias|77\/100\n|move|p1a: Gumball|Psyshock|p2a: Latias\n|-resisted|p2a: Latias\n|-damage|p2a: Latias|30\/100\n|\n|upkeep\n|turn|35\n|\n|t:|1700358777\n|move|p2a: Latias|Recover|p2a: Latias\n|-heal|p2a: Latias|80\/100\n|move|p1a: Gumball|Recover|p1a: Gumball\n|-heal|p1a: Gumball|70\/100\n|\n|upkeep\n|turn|36\n|\n|t:|1700358782\n|move|p2a: Latias|Psyshock|p1a: Gumball\n|-resisted|p1a: Gumball\n|-damage|p1a: Gumball|0 fnt\n|faint|p1a: Gumball\n|\n|upkeep\n|\n|t:|1700358786\n|switch|p1a: Bing Bong|Wobbuffet, F, shiny|47\/100\n|-damage|p1a: Bing Bong|35\/100|[from] Stealth Rock\n|turn|37\n|c|\u2606Juaner95|GG\n|\n|t:|1700358790\n|move|p2a: Latias|Surf|p1a: Bing Bong\n|-damage|p1a: Bing Bong|0 fnt\n|faint|p1a: Bing Bong\n|\n|upkeep\n|-message|Sh000ms forfeited.\n|\n|win|Juaner95\n|raw|Sh000ms's rating: 1140 &rarr; <strong>1114<\/strong><br \/>(-26 for losing)\n|raw|Juaner95's rating: 1127 &rarr; <strong>1153<\/strong><br \/>(+26 for winning)\n|l|\u2606Sh000ms\n","uploadtime":1700358836,"views":8,"p1id":"sh000ms","p2id":"juaner95","formatid":"gen9nationaldexubers","rating":1114,"private":0,"password":""}