{"id":"gen9nationaldexubers-1996014004","p1":"Just B3A$T","p2":"dreepy airlines","format":"[Gen 9] National Dex Ubers","log":"|j|\u2606Just B3A$T\n|j|\u2606dreepy airlines\n|t:|1700629468\n|gametype|singles\n|player|p1|Just B3A$T|noland|\n|player|p2|dreepy airlines|waitress-gen6|\n|teamsize|p1|6\n|teamsize|p2|6\n|gen|9\n|tier|[Gen 9] National Dex Ubers\n|rule|HP Percentage Mod: HP is shown in percentages\n|rule|Endless Battle Clause: Forcing endless battles is banned\n|rule|OHKO Clause: OHKO moves are banned\n|rule|Evasion Moves Clause: Evasion moves are banned\n|rule|Evasion Items Clause: Evasion items are banned\n|rule|Species Clause: Limit one of each Pok\u00e9mon\n|rule|Sleep Clause Mod: Limit one foe put to sleep\n|rule|Mega Rayquaza Clause: You cannot mega evolve Rayquaza\n|clearpoke\n|poke|p1|Landorus-Therian, M|\n|poke|p1|Genesect|\n|poke|p1|Mawile, F|\n|poke|p1|Heatran, M|\n|poke|p1|Empoleon, M|\n|poke|p1|Corviknight, M|\n|poke|p2|Annihilape, F|\n|poke|p2|Garganacl, F|\n|poke|p2|Empoleon, M|\n|poke|p2|Gliscor, F|\n|poke|p2|Gholdengo|\n|poke|p2|Roaring Moon|\n|teampreview\n|inactive|Battle timer is ON: inactive players will automatically lose when time's up. (requested by Just B3A$T)\n|inactive|dreepy airlines also wants the timer to be on.\n|c|\u2606dreepy airlines|hf\n|c|\u2606Just B3A$T|seems like a real bulky team\n|c|\u2606Just B3A$T|U2\n|\n|t:|1700629487\n|start\n|switch|p1a: Krakatoa|Heatran, M|100\/100\n|switch|p2a: Gliscor|Gliscor, F|100\/100\n|turn|1\n|\n|t:|1700629507\n|switch|p1a: Paladin|Empoleon, M|100\/100\n|move|p2a: Gliscor|Spikes|p1a: Paladin\n|-sidestart|p1: Just B3A$T|Spikes\n|\n|-status|p2a: Gliscor|tox|[from] item: Toxic Orb\n|upkeep\n|turn|2\n|\n|t:|1700629511\n|move|p2a: Gliscor|Earthquake|p1a: Paladin\n|-supereffective|p1a: Paladin\n|-damage|p1a: Paladin|18\/100\n|-enditem|p1a: Paladin|Weakness Policy\n|-boost|p1a: Paladin|atk|2|[from] item: Weakness Policy\n|-boost|p1a: Paladin|spa|2|[from] item: Weakness Policy\n|move|p1a: Paladin|Agility|p1a: Paladin\n|-boost|p1a: Paladin|spe|2\n|\n|upkeep\n|turn|3\n|c|\u2606dreepy airlines|offensive 0.o\n|\n|t:|1700629522\n|switch|p2a: Empoleon|Empoleon, M|100\/100\n|move|p1a: Paladin|Ice Beam|p2a: Empoleon\n|-resisted|p2a: Empoleon\n|-damage|p2a: Empoleon|92\/100\n|\n|-heal|p2a: Empoleon|98\/100|[from] item: Leftovers\n|upkeep\n|turn|4\n|\n|t:|1700629529\n|move|p1a: Paladin|Grass Knot|p2a: Empoleon\n|-damage|p2a: Empoleon|67\/100\n|move|p2a: Empoleon|Stealth Rock|p1a: Paladin\n|-sidestart|p1: Just B3A$T|move: Stealth Rock\n|\n|-heal|p2a: Empoleon|73\/100|[from] item: Leftovers\n|upkeep\n|turn|5\n|\n|t:|1700629533\n|move|p1a: Paladin|Grass Knot|p2a: Empoleon\n|-damage|p2a: Empoleon|43\/100\n|move|p2a: Empoleon|Roost|p2a: Empoleon\n|-heal|p2a: Empoleon|93\/100\n|-singleturn|p2a: Empoleon|move: Roost\n|\n|-heal|p2a: Empoleon|99\/100|[from] item: Leftovers\n|upkeep\n|turn|6\n|c|\u2606Just B3A$T|pain\n|\n|t:|1700629540\n|move|p1a: Paladin|Hydro Pump|p2a: Empoleon\n|-resisted|p2a: Empoleon\n|-damage|p2a: Empoleon|65\/100\n|move|p2a: Empoleon|Knock Off|p1a: Paladin\n|-damage|p1a: Paladin|2\/100\n|\n|-heal|p2a: Empoleon|71\/100|[from] item: Leftovers\n|upkeep\n|turn|7\n|\n|t:|1700629544\n|move|p1a: Paladin|Hydro Pump|p2a: Empoleon|[miss]\n|-miss|p1a: Paladin|p2a: Empoleon\n|move|p2a: Empoleon|Roost|p2a: Empoleon\n|-heal|p2a: Empoleon|100\/100\n|-singleturn|p2a: Empoleon|move: Roost\n|\n|upkeep\n|turn|8\n|\n|t:|1700629547\n|move|p1a: Paladin|Hydro Pump|p2a: Empoleon\n|-resisted|p2a: Empoleon\n|-damage|p2a: Empoleon|66\/100\n|move|p2a: Empoleon|Knock Off|p1a: Paladin\n|-damage|p1a: Paladin|0 fnt\n|faint|p1a: Paladin\n|\n|-heal|p2a: Empoleon|73\/100|[from] item: Leftovers\n|upkeep\n|\n|t:|1700629552\n|switch|p1a: Adamantine|Corviknight, M, shiny|100\/100\n|-damage|p1a: Adamantine|88\/100|[from] Stealth Rock\n|turn|9\n|\n|t:|1700629560\n|switch|p2a: Gholdengo|Gholdengo|100\/100\n|move|p1a: Adamantine|Defog|p2a: Gholdengo\n|-immune|p2a: Gholdengo|[from] ability: Good as Gold\n|\n|-heal|p1a: Adamantine|94\/100|[from] item: Leftovers\n|upkeep\n|turn|10\n|c|\u2606Just B3A$T|I'm dumb\n|c|\u2606Just B3A$T|!!!\n|\n|t:|1700629589\n|move|p2a: Gholdengo|Thunder Wave|p1a: Adamantine\n|-status|p1a: Adamantine|par\n|move|p1a: Adamantine|Brave Bird|p2a: Gholdengo\n|-resisted|p2a: Gholdengo\n|-damage|p2a: Gholdengo|88\/100\n|-damage|p1a: Adamantine|90\/100 par|[from] Recoil\n|\n|-heal|p2a: Gholdengo|94\/100|[from] item: Leftovers\n|-heal|p1a: Adamantine|96\/100 par|[from] item: Leftovers\n|upkeep\n|turn|11\n|\n|t:|1700629597\n|switch|p1a: Lion Up!!!|Landorus-Therian, M|100\/100\n|-damage|p1a: Lion Up!!!|88\/100|[from] Stealth Rock\n|-ability|p1a: Lion Up!!!|Intimidate|boost\n|-unboost|p2a: Gholdengo|atk|1\n|move|p2a: Gholdengo|Nasty Plot|p2a: Gholdengo\n|-boost|p2a: Gholdengo|spa|2\n|\n|-heal|p2a: Gholdengo|99\/100|[from] item: Leftovers\n|upkeep\n|turn|12\n|\n|t:|1700629605\n|switch|p2a: Gliscor|Gliscor, F|100\/100 tox\n|move|p1a: Lion Up!!!|Earthquake|p2a: Gliscor\n|-immune|p2a: Gliscor\n|\n|upkeep\n|turn|13\n|\n|t:|1700629611\n|move|p1a: Lion Up!!!|Rock Polish|p1a: Lion Up!!!\n|-boost|p1a: Lion Up!!!|spe|2\n|move|p2a: Gliscor|Spikes|p1a: Lion Up!!!\n|-sidestart|p1: Just B3A$T|Spikes\n|\n|upkeep\n|turn|14\n|\n|t:|1700629614\n|move|p1a: Lion Up!!!|Swords Dance|p1a: Lion Up!!!\n|-boost|p1a: Lion Up!!!|atk|2\n|move|p2a: Gliscor|Toxic|p1a: Lion Up!!!\n|-status|p1a: Lion Up!!!|tox\n|-enditem|p1a: Lion Up!!!|Lum Berry|[eat]\n|-curestatus|p1a: Lion Up!!!|tox|[msg]\n|\n|upkeep\n|turn|15\n|\n|t:|1700629620\n|move|p1a: Lion Up!!!|Stone Edge|p2a: Gliscor\n|-damage|p2a: Gliscor|38\/100 tox\n|move|p2a: Gliscor|Toxic|p1a: Lion Up!!!\n|-status|p1a: Lion Up!!!|tox\n|\n|-damage|p1a: Lion Up!!!|82\/100 tox|[from] psn\n|-heal|p2a: Gliscor|50\/100 tox|[from] ability: Poison Heal\n|upkeep\n|turn|16\n|inactive|dreepy airlines has 270 seconds left.\n|\n|t:|1700629660\n|switch|p2a: Empoleon|Empoleon, M|73\/100\n|move|p1a: Lion Up!!!|Stone Edge|p2a: Empoleon|[miss]\n|-miss|p1a: Lion Up!!!|p2a: Empoleon\n|\n|-heal|p2a: Empoleon|79\/100|[from] item: Leftovers\n|-damage|p1a: Lion Up!!!|70\/100 tox|[from] psn\n|upkeep\n|turn|17\n|inactive|dreepy airlines has 270 seconds left.\n|\n|t:|1700629666\n|switch|p2a: Gliscor|Gliscor, F|50\/100 tox\n|move|p1a: Lion Up!!!|Stone Edge|p2a: Gliscor\n|-damage|p2a: Gliscor|0 fnt\n|faint|p2a: Gliscor\n|\n|-damage|p1a: Lion Up!!!|53\/100 tox|[from] psn\n|upkeep\n|\n|t:|1700629671\n|switch|p2a: Roaring Moon|Roaring Moon|100\/100\n|-enditem|p2a: Roaring Moon|Booster Energy\n|-activate|p2a: Roaring Moon|ability: Protosynthesis|[fromitem]\n|-start|p2a: Roaring Moon|protosynthesisatk\n|turn|18\n|inactive|dreepy airlines has 270 seconds left.\n|c|\u2606dreepy airlines|wait i cant tera this mon\n|c|\u2606dreepy airlines|im sellinggg\n|\n|t:|1700629701\n|-end|p2a: Roaring Moon|Protosynthesis|[silent]\n|switch|p2a: Empoleon|Empoleon, M|79\/100\n|move|p1a: Lion Up!!!|Earthquake|p2a: Empoleon\n|-supereffective|p2a: Empoleon\n|-damage|p2a: Empoleon|0 fnt\n|faint|p2a: Empoleon\n|\n|-damage|p1a: Lion Up!!!|29\/100 tox|[from] psn\n|upkeep\n|\n|t:|1700629704\n|switch|p2a: Garganacl|Garganacl, F|100\/100\n|turn|19\n|c|\u2606dreepy airlines|cmonn\n|c|\u2606Just B3A$T|Tera Garg\n|c|\u2606dreepy airlines|yea ofc\n|inactive|Just B3A$T has 270 seconds left.\n|c|\u2606Just B3A$T|you'd think Garg's a setup fodder for Steel types\n|c|\u2606Just B3A$T|at first glance\n|c|\u2606dreepy airlines|no?\n|c|\u2606dreepy airlines|dont tell me what i think\n|c|\u2606Just B3A$T|but Tera just makes it a big pest\n|inactive|Just B3A$T has 240 seconds left.\n|c|\u2606dreepy airlines|thats garg\n|c|\u2606Just B3A$T|I mean in general\n|\n|t:|1700629771\n|-terastallize|p2a: Garganacl|Water\n|move|p1a: Lion Up!!!|Earthquake|p2a: Garganacl\n|-damage|p2a: Garganacl|45\/100\n|move|p2a: Garganacl|Curse|p2a: Garganacl\n|-unboost|p2a: Garganacl|spe|1\n|-boost|p2a: Garganacl|atk|1\n|-boost|p2a: Garganacl|def|1\n|\n|-heal|p2a: Garganacl|51\/100|[from] item: Leftovers\n|-damage|p1a: Lion Up!!!|0 fnt|[from] psn\n|faint|p1a: Lion Up!!!\n|upkeep\n|\n|t:|1700629783\n|switch|p1a: Krakatoa|Heatran, M|100\/100\n|-damage|p1a: Krakatoa|84\/100|[from] Spikes\n|-damage|p1a: Krakatoa|72\/100|[from] Stealth Rock\n|turn|20\n|inactive|dreepy airlines has 270 seconds left.\n|\n|t:|1700629791\n|move|p1a: Krakatoa|Earth Power|p2a: Garganacl\n|-damage|p2a: Garganacl|23\/100\n|move|p2a: Garganacl|Earthquake|p1a: Krakatoa\n|-supereffective|p1a: Krakatoa\n|-damage|p1a: Krakatoa|0 fnt\n|faint|p1a: Krakatoa\n|\n|-heal|p2a: Garganacl|29\/100|[from] item: Leftovers\n|upkeep\n|inactive|Just B3A$T has 240 seconds left.\n|\n|t:|1700629813\n|switch|p1a: Insecticon|Genesect, shiny|100\/100\n|-damage|p1a: Insecticon|84\/100|[from] Spikes\n|-damage|p1a: Insecticon|72\/100|[from] Stealth Rock\n|-ability|p1a: Insecticon|Download|boost\n|-boost|p1a: Insecticon|spa|1\n|turn|21\n|\n|t:|1700629818\n|move|p1a: Insecticon|Gunk Shot|p2a: Garganacl\n|-damage|p2a: Garganacl|15\/100\n|move|p2a: Garganacl|Recover|p2a: Garganacl\n|-heal|p2a: Garganacl|65\/100\n|\n|-heal|p1a: Insecticon|78\/100|[from] item: Leftovers\n|-heal|p2a: Garganacl|72\/100|[from] item: Leftovers\n|upkeep\n|turn|22\n|c|\u2606dreepy airlines|wrong one\n|\n|t:|1700629825\n|move|p1a: Insecticon|Shift Gear|p1a: Insecticon\n|-boost|p1a: Insecticon|spe|2\n|-boost|p1a: Insecticon|atk|1\n|move|p2a: Garganacl|Salt Cure|p1a: Insecticon\n|-damage|p1a: Insecticon|49\/100\n|-start|p1a: Insecticon|Salt Cure\n|\n|-heal|p1a: Insecticon|55\/100|[from] item: Leftovers\n|-heal|p2a: Garganacl|78\/100|[from] item: Leftovers\n|-damage|p1a: Insecticon|30\/100|[from] Salt Cure\n|upkeep\n|turn|23\n|\n|t:|1700629829\n|move|p1a: Insecticon|Gunk Shot|p2a: Garganacl\n|-damage|p2a: Garganacl|56\/100\n|move|p2a: Garganacl|Recover|p2a: Garganacl\n|-heal|p2a: Garganacl|100\/100\n|\n|-heal|p1a: Insecticon|36\/100|[from] item: Leftovers\n|-damage|p1a: Insecticon|11\/100|[from] Salt Cure\n|upkeep\n|turn|24\n|\n|t:|1700629833\n|move|p1a: Insecticon|Gunk Shot|p2a: Garganacl\n|-damage|p2a: Garganacl|82\/100\n|move|p2a: Garganacl|Curse|p2a: Garganacl\n|-unboost|p2a: Garganacl|spe|1\n|-boost|p2a: Garganacl|atk|1\n|-boost|p2a: Garganacl|def|1\n|\n|-heal|p1a: Insecticon|17\/100|[from] item: Leftovers\n|-heal|p2a: Garganacl|88\/100|[from] item: Leftovers\n|-damage|p1a: Insecticon|0 fnt|[from] Salt Cure\n|faint|p1a: Insecticon\n|upkeep\n|\n|t:|1700629839\n|switch|p1a: Pixie Fatale|Mawile, F, shiny|100\/100\n|-damage|p1a: Pixie Fatale|84\/100|[from] Spikes\n|-damage|p1a: Pixie Fatale|78\/100|[from] Stealth Rock\n|turn|25\n|\n|t:|1700629844\n|detailschange|p1a: Pixie Fatale|Mawile-Mega, F, shiny\n|-mega|p1a: Pixie Fatale|Mawile|Mawilite\n|move|p1a: Pixie Fatale|Knock Off|p2a: Garganacl\n|-damage|p2a: Garganacl|72\/100\n|-enditem|p2a: Garganacl|Leftovers|[from] move: Knock Off|[of] p1a: Pixie Fatale\n|move|p2a: Garganacl|Earthquake|p1a: Pixie Fatale\n|-supereffective|p1a: Pixie Fatale\n|-damage|p1a: Pixie Fatale|0 fnt\n|faint|p1a: Pixie Fatale\n|\n|upkeep\n|c|\u2606dreepy airlines|gg\n|c|\u2606Just B3A$T|yeah gg\n|inactive|Just B3A$T has 270 seconds left.\n|c|\u2606dreepy airlines|e4 time\n|c|\u2606Just B3A$T|it really sucks that Steel has no amazing Special attackers\n|c|\u2606Just B3A$T|just Special walls\n|c|\u2606dreepy airlines|it does\n|c|\u2606dreepy airlines|have plenty\n|c|\u2606dreepy airlines|of spatackers\n|c|\u2606Just B3A$T|Steela isn't enough\n|inactive|Just B3A$T has 240 seconds left.\n|\n|t:|1700629882\n|switch|p1a: Adamantine|Corviknight, M, shiny|96\/100 par\n|-damage|p1a: Adamantine|84\/100 par|[from] Stealth Rock\n|turn|26\n|c|\u2606dreepy airlines|heard of gholdengo?\n|\n|t:|1700629887\n|cant|p1a: Adamantine|par\n|move|p2a: Garganacl|Salt Cure|p1a: Adamantine\n|-damage|p1a: Adamantine|69\/100 par\n|-start|p1a: Adamantine|Salt Cure\n|\n|-heal|p1a: Adamantine|75\/100 par|[from] item: Leftovers\n|-damage|p1a: Adamantine|50\/100 par|[from] Salt Cure\n|upkeep\n|turn|27\n|c|\u2606Just B3A$T|I don't think I can use that\n|c|\u2606Just B3A$T|can I?\n|c|\u2606Just B3A$T|wait no\n|c|\u2606Just B3A$T|now I can\n|c|\u2606dreepy airlines|look at my team dude\n|inactive|Just B3A$T has 240 seconds left.\n|c|\u2606Just B3A$T|cause I'm a gym leader\n|c|\u2606Just B3A$T|I get one Ace\n|c|\u2606Just B3A$T|that's why\n|c|\u2606dreepy airlines|ghold isnt an ace\n|c|\u2606dreepy airlines|its an unrestricted\n|c|\u2606dreepy airlines|dude like\n|\n|t:|1700629937\n|cant|p1a: Adamantine|par\n|move|p2a: Garganacl|Salt Cure|p1a: Adamantine\n|-damage|p1a: Adamantine|34\/100 par\n|\n|-heal|p1a: Adamantine|40\/100 par|[from] item: Leftovers\n|-damage|p1a: Adamantine|15\/100 par|[from] Salt Cure\n|upkeep\n|turn|28\n|c|\u2606dreepy airlines|whatever you dont gotta use it if you dont wanna\n|\n|t:|1700629945\n|move|p1a: Adamantine|Brave Bird|p2a: Garganacl\n|-damage|p2a: Garganacl|61\/100\n|-damage|p1a: Adamantine|12\/100 par|[from] Recoil\n|move|p2a: Garganacl|Salt Cure|p1a: Adamantine\n|-damage|p1a: Adamantine|0 fnt\n|faint|p1a: Adamantine\n|\n|win|dreepy airlines\n|c|\u2606Just B3A$T|I do\n|c|\u2606Just B3A$T|want to\n|c|\u2606dreepy airlines|then ???\n|c|\u2606dreepy airlines|also\n|c|\u2606Just B3A$T|guess I'll use it\n|c|\u2606dreepy airlines|genesect\n|c|\u2606dreepy airlines|is a spatacker\n|c|\u2606dreepy airlines|like better as a spatacker\n|c|\u2606Just B3A$T|depends on the set ngl\n|c|\u2606Just B3A$T|This one was phys\n|c|\u2606dreepy airlines|yeah and spa sets are better??\n|c|\u2606Just B3A$T|I do have special ones\n|l|\u2606dreepy airlines\n","uploadtime":1700629958,"views":3,"p1id":"justb3at","p2id":"dreepyairlines","formatid":"gen9nationaldexubers","rating":0,"private":0,"password":""}