{"id":"gen9nationaldexubers-1980068363","p1":"09-10a","p2":"AnimeZZZZ5","format":"[Gen 9] National Dex Ubers","log":"|j|\u260609-10a\n|j|\u2606AnimeZZZZ5\n|t:|1698753852\n|gametype|singles\n|player|p1|09-10a|schoolkid-gen4dp|1803\n|player|p2|AnimeZZZZ5|2|1588\n|teamsize|p1|6\n|teamsize|p2|6\n|gen|9\n|tier|[Gen 9] National Dex Ubers\n|rated|\n|rule|HP Percentage Mod: HP is shown in percentages\n|rule|Endless Battle Clause: Forcing endless battles is banned\n|rule|OHKO Clause: OHKO moves are banned\n|rule|Evasion Moves Clause: Evasion moves are banned\n|rule|Evasion Items Clause: Evasion items are banned\n|rule|Species Clause: Limit one of each Pok\u00e9mon\n|rule|Sleep Clause Mod: Limit one foe put to sleep\n|rule|Mega Rayquaza Clause: You cannot mega evolve Rayquaza\n|clearpoke\n|poke|p1|Eternatus|\n|poke|p1|Arceus-Fairy|\n|poke|p1|Necrozma-Dusk-Mane|\n|poke|p1|Groudon, L99|\n|poke|p1|Marshadow|\n|poke|p1|Zygarde|\n|poke|p2|Arceus-Fairy|\n|poke|p2|Hatterene, F|\n|poke|p2|Melmetal|\n|poke|p2|Calyrex-Ice|\n|poke|p2|Ursaluna-Bloodmoon, M|\n|poke|p2|Yveltal|\n|teampreview\n|inactive|Battle timer is ON: inactive players will automatically lose when time's up. (requested by 09-10a)\n|inactive|AnimeZZZZ5 has 120 seconds left.\n|\n|t:|1698753889\n|start\n|switch|p1a: Marshadow|Marshadow|100\/100\n|switch|p2a: Hatterene|Hatterene, F|100\/100\n|turn|1\n|inactive|AnimeZZZZ5 has 120 seconds left.\n|\n|t:|1698753927\n|move|p1a: Marshadow|Shadow Sneak|p2a: Hatterene\n|-supereffective|p2a: Hatterene\n|-enditem|p2a: Hatterene|Focus Sash\n|-damage|p2a: Hatterene|1\/100\n|move|p2a: Hatterene|Trick Room|p2a: Hatterene\n|-fieldstart|move: Trick Room|[of] p2a: Hatterene\n|\n|upkeep\n|turn|2\n|inactive|AnimeZZZZ5 has 120 seconds left.\n|inactive|09-10a has 120 seconds left.\n|\n|t:|1698753959\n|switch|p2a: Melmetal|Melmetal|100\/100\n|move|p1a: Marshadow|Shadow Sneak|p2a: Melmetal\n|-damage|p2a: Melmetal|72\/100\n|\n|upkeep\n|turn|3\n|inactive|AnimeZZZZ5 has 120 seconds left.\n|\n|t:|1698753996\n|switch|p1a: Groudon|Groudon, L99, shiny|100\/100\n|detailschange|p1a: Groudon|Groudon-Primal, L99, shiny\n|-primal|p1a: Groudon|Red Orb\n|-weather|DesolateLand|[from] ability: Desolate Land|[of] p1a: Groudon\n|-terastallize|p2a: Melmetal|Steel\n|move|p2a: Melmetal|Double Iron Bash|p1a: Groudon\n|-resisted|p1a: Groudon\n|-damage|p1a: Groudon|80\/100\n|-resisted|p1a: Groudon\n|-damage|p1a: Groudon|61\/100\n|-hitcount|p1a: Groudon|2\n|\n|-weather|DesolateLand|[upkeep]\n|upkeep\n|turn|4\n|\n|t:|1698754000\n|move|p2a: Melmetal|Double Iron Bash|p1a: Groudon\n|-resisted|p1a: Groudon\n|-damage|p1a: Groudon|41\/100\n|-resisted|p1a: Groudon\n|-damage|p1a: Groudon|20\/100\n|-hitcount|p1a: Groudon|2\n|cant|p1a: Groudon|flinch\n|\n|-weather|DesolateLand|[upkeep]\n|upkeep\n|turn|5\n|\n|t:|1698754012\n|-weather|none\n|switch|p1a: Necrozma|Necrozma-Dusk-Mane, shiny|100\/100\n|move|p2a: Melmetal|Double Iron Bash|p1a: Necrozma\n|-resisted|p1a: Necrozma\n|-damage|p1a: Necrozma|71\/100\n|-resisted|p1a: Necrozma\n|-damage|p1a: Necrozma|45\/100\n|-hitcount|p1a: Necrozma|2\n|\n|-fieldend|move: Trick Room\n|upkeep\n|turn|6\n|inactive|AnimeZZZZ5 has 120 seconds left.\n|inactive|AnimeZZZZ5 has 90 seconds left.\n|\n|t:|1698754070\n|move|p1a: Necrozma|Moonlight|p1a: Necrozma\n|-heal|p1a: Necrozma|95\/100\n|move|p2a: Melmetal|Double Iron Bash|p1a: Necrozma\n|-resisted|p1a: Necrozma\n|-damage|p1a: Necrozma|68\/100\n|-resisted|p1a: Necrozma\n|-damage|p1a: Necrozma|39\/100\n|-hitcount|p1a: Necrozma|2\n|\n|upkeep\n|turn|7\n|\n|t:|1698754079\n|switch|p2a: Calyrex|Calyrex-Ice|100\/100\n|-ability|p2a: Calyrex|As One\n|-ability|p2a: Calyrex|Unnerve\n|move|p1a: Necrozma|Moonlight|p1a: Necrozma\n|-heal|p1a: Necrozma|89\/100\n|\n|upkeep\n|turn|8\n|\n|t:|1698754084\n|-zpower|p1a: Necrozma\n|move|p1a: Necrozma|Searing Sunraze Smash|p2a: Calyrex|[zeffect]\n|-supereffective|p2a: Calyrex\n|-damage|p2a: Calyrex|0 fnt\n|faint|p2a: Calyrex\n|\n|upkeep\n|\n|t:|1698754092\n|switch|p2a: Ursaluna|Ursaluna-Bloodmoon, M|100\/100\n|turn|9\n|\n|t:|1698754097\n|move|p1a: Necrozma|Dragon Dance|p1a: Necrozma\n|-boost|p1a: Necrozma|atk|1\n|-boost|p1a: Necrozma|spe|1\n|move|p2a: Ursaluna|Earth Power|p1a: Necrozma\n|-supereffective|p1a: Necrozma\n|-damage|p1a: Necrozma|20\/100\n|-damage|p2a: Ursaluna|90\/100|[from] item: Life Orb\n|\n|upkeep\n|turn|10\n|\n|t:|1698754106\n|switch|p1a: Eternatus|Eternatus|100\/100\n|-ability|p1a: Eternatus|Pressure\n|-item|p1a: Eternatus|Air Balloon\n|move|p2a: Ursaluna|Vacuum Wave|p1a: Eternatus\n|-resisted|p1a: Eternatus\n|-damage|p1a: Eternatus|95\/100\n|-enditem|p1a: Eternatus|Air Balloon\n|-damage|p2a: Ursaluna|80\/100|[from] item: Life Orb\n|\n|upkeep\n|turn|11\n|\n|t:|1698754111\n|move|p1a: Eternatus|Toxic Spikes|p2a: Ursaluna\n|-sidestart|p2: AnimeZZZZ5|move: Toxic Spikes\n|move|p2a: Ursaluna|Blood Moon|p1a: Eternatus\n|-damage|p1a: Eternatus|29\/100\n|-damage|p2a: Ursaluna|70\/100|[from] item: Life Orb\n|\n|upkeep\n|turn|12\n|\n|t:|1698754115\n|move|p1a: Eternatus|Mystical Fire|p2a: Ursaluna\n|-damage|p2a: Ursaluna|45\/100\n|-unboost|p2a: Ursaluna|spa|1\n|move|p2a: Ursaluna|Earth Power|p1a: Eternatus\n|-supereffective|p1a: Eternatus\n|-damage|p1a: Eternatus|0 fnt\n|faint|p1a: Eternatus\n|-damage|p2a: Ursaluna|35\/100|[from] item: Life Orb\n|\n|upkeep\n|\n|t:|1698754122\n|switch|p1a: Arceus|Arceus-Fairy|100\/100\n|turn|13\n|\n|t:|1698754128\n|move|p1a: Arceus|Judgment|p2a: Ursaluna\n|-damage|p2a: Ursaluna|0 fnt\n|faint|p2a: Ursaluna\n|\n|upkeep\n|\n|t:|1698754132\n|switch|p2a: Melmetal|Melmetal, tera:Steel|72\/100\n|turn|14\n|\n|t:|1698754138\n|switch|p1a: Groudon|Groudon-Primal, L99, shiny|20\/100\n|-weather|DesolateLand|[from] ability: Desolate Land|[of] p1a: Groudon\n|move|p2a: Melmetal|Double Iron Bash|p1a: Groudon\n|-resisted|p1a: Groudon\n|-damage|p1a: Groudon|0 fnt\n|faint|p1a: Groudon\n|-weather|none\n|-hitcount|p1: Groudon|1\n|\n|upkeep\n|\n|t:|1698754140\n|switch|p1a: Necrozma|Necrozma-Dusk-Mane, shiny|20\/100\n|turn|15\n|\n|t:|1698754143\n|switch|p2a: Yveltal|Yveltal|100\/100\n|-ability|p2a: Yveltal|Dark Aura\n|move|p1a: Necrozma|Moonlight|p1a: Necrozma\n|-heal|p1a: Necrozma|70\/100\n|\n|upkeep\n|turn|16\n|\n|t:|1698754149\n|switch|p2a: Arceus|Arceus-Fairy|100\/100\n|-status|p2a: Arceus|psn\n|switch|p1a: Arceus|Arceus-Fairy|100\/100\n|\n|-damage|p2a: Arceus|88\/100 psn|[from] psn\n|upkeep\n|turn|17\n|\n|t:|1698754163\n|move|p1a: Arceus|Roar|p2a: Arceus\n|drag|p2a: Yveltal|Yveltal|100\/100\n|-ability|p2a: Yveltal|Dark Aura\n|\n|upkeep\n|turn|18\n|\n|t:|1698754169\n|switch|p2a: Hatterene|Hatterene, F|1\/100\n|-status|p2a: Hatterene|psn\n|move|p1a: Arceus|Judgment|p2a: Hatterene\n|-damage|p2a: Hatterene|0 fnt\n|faint|p2a: Hatterene\n|\n|upkeep\n|\n|t:|1698754171\n|switch|p2a: Arceus|Arceus-Fairy|88\/100 psn\n|turn|19\n|\n|t:|1698754173\n|move|p2a: Arceus|Taunt|p1a: Arceus\n|-start|p1a: Arceus|move: Taunt\n|cant|p1a: Arceus|move: Taunt|Roar\n|\n|-damage|p2a: Arceus|76\/100 psn|[from] psn\n|upkeep\n|turn|20\n|\n|t:|1698754177\n|switch|p1a: Necrozma|Necrozma-Dusk-Mane, shiny|70\/100\n|move|p2a: Arceus|Trick Room|p2a: Arceus\n|-fieldstart|move: Trick Room|[of] p2a: Arceus\n|\n|-damage|p2a: Arceus|63\/100 psn|[from] psn\n|upkeep\n|turn|21\n|\n|t:|1698754181\n|move|p1a: Necrozma|Moonlight|p1a: Necrozma\n|-heal|p1a: Necrozma|100\/100\n|move|p2a: Arceus|Healing Wish|p2a: Arceus\n|faint|p2a: Arceus\n|\n|upkeep\n|\n|t:|1698754183\n|switch|p2a: Melmetal|Melmetal, tera:Steel|72\/100\n|-heal|p2a: Melmetal|100\/100|[from] move: Healing Wish\n|turn|22\n|\n|t:|1698754211\n|move|p2a: Melmetal|Double Iron Bash|p1a: Necrozma\n|-resisted|p1a: Necrozma\n|-damage|p1a: Necrozma|73\/100\n|-resisted|p1a: Necrozma\n|-damage|p1a: Necrozma|43\/100\n|-hitcount|p1a: Necrozma|2\n|move|p1a: Necrozma|Moonlight|p1a: Necrozma\n|-heal|p1a: Necrozma|92\/100\n|\n|upkeep\n|turn|23\n|inactive|AnimeZZZZ5 has 120 seconds left.\n|\n|t:|1698754249\n|move|p2a: Melmetal|Double Iron Bash|p1a: Necrozma\n|-resisted|p1a: Necrozma\n|-damage|p1a: Necrozma|64\/100\n|-resisted|p1a: Necrozma\n|-damage|p1a: Necrozma|38\/100\n|-hitcount|p1a: Necrozma|2\n|cant|p1a: Necrozma|flinch\n|\n|upkeep\n|turn|24\n|\n|t:|1698754256\n|move|p2a: Melmetal|Double Iron Bash|p1a: Necrozma\n|-resisted|p1a: Necrozma\n|-crit|p1a: Necrozma\n|-damage|p1a: Necrozma|0 fnt\n|faint|p1a: Necrozma\n|-hitcount|p1: Necrozma|1\n|\n|-fieldend|move: Trick Room\n|upkeep\n|\n|t:|1698754258\n|switch|p1a: Arceus|Arceus-Fairy|100\/100\n|turn|25\n|\n|t:|1698754261\n|switch|p2a: Yveltal|Yveltal|100\/100\n|-ability|p2a: Yveltal|Dark Aura\n|-terastallize|p1a: Arceus|Water\n|move|p1a: Arceus|Will-O-Wisp|p2a: Yveltal\n|-status|p2a: Yveltal|brn\n|\n|-damage|p2a: Yveltal|94\/100 brn|[from] brn\n|upkeep\n|turn|26\n|\n|t:|1698754266\n|move|p2a: Yveltal|Oblivion Wing|p1a: Arceus\n|-damage|p1a: Arceus|62\/100\n|-heal|p2a: Yveltal|100\/100 brn|[from] drain|[of] p1a: Arceus\n|-damage|p2a: Yveltal|91\/100 brn|[from] item: Life Orb\n|move|p1a: Arceus|Judgment|p2a: Yveltal\n|-supereffective|p2a: Yveltal\n|-damage|p2a: Yveltal|13\/100 brn\n|\n|-damage|p2a: Yveltal|7\/100 brn|[from] brn\n|upkeep\n|turn|27\n|\n|t:|1698754291\n|move|p2a: Yveltal|Oblivion Wing|p1a: Arceus\n|-damage|p1a: Arceus|24\/100\n|-heal|p2a: Yveltal|37\/100 brn|[from] drain|[of] p1a: Arceus\n|-damage|p2a: Yveltal|27\/100 brn|[from] item: Life Orb\n|move|p1a: Arceus|Recover|p1a: Arceus\n|-heal|p1a: Arceus|74\/100\n|\n|-damage|p2a: Yveltal|21\/100 brn|[from] brn\n|upkeep\n|turn|28\n|inactive|AnimeZZZZ5 has 120 seconds left.\n|inactive|AnimeZZZZ5 has 90 seconds left.\n|\n|t:|1698754360\n|move|p2a: Yveltal|Dark Pulse|p1a: Arceus\n|-damage|p1a: Arceus|25\/100\n|-damage|p2a: Yveltal|11\/100 brn|[from] item: Life Orb\n|move|p1a: Arceus|Judgment|p2a: Yveltal\n|-supereffective|p2a: Yveltal\n|-damage|p2a: Yveltal|0 fnt\n|faint|p2a: Yveltal\n|\n|upkeep\n|-message|AnimeZZZZ5 forfeited.\n|\n|win|09-10a\n|raw|09-10a's rating: 1777 &rarr; <strong>1787<\/strong><br \/>(+10 for winning)\n|raw|AnimeZZZZ5's rating: 1588 &rarr; <strong>1578<\/strong><br \/>(-10 for losing)\n|l|\u2606AnimeZZZZ5\n","uploadtime":1698754403,"views":6,"p1id":"0910a","p2id":"animezzzz5","formatid":"gen9nationaldexubers","rating":1578,"private":0,"password":""}