{"id":"gen9nationaldexubers-1986924607","p1":"1 em trach thu","p2":"qqqwsx","format":"[Gen 9] National Dex Ubers","log":"|j|\u26061 em trach thu\n|j|\u2606qqqwsx\n|t:|1699541496\n|gametype|singles\n|player|p1|1 em trach thu|169|1600\n|player|p2|qqqwsx|266|1658\n|teamsize|p1|6\n|teamsize|p2|6\n|gen|9\n|tier|[Gen 9] National Dex Ubers\n|rated|\n|rule|HP Percentage Mod: HP is shown in percentages\n|rule|Endless Battle Clause: Forcing endless battles is banned\n|rule|OHKO Clause: OHKO moves are banned\n|rule|Evasion Moves Clause: Evasion moves are banned\n|rule|Evasion Items Clause: Evasion items are banned\n|rule|Species Clause: Limit one of each Pok\u00e9mon\n|rule|Sleep Clause Mod: Limit one foe put to sleep\n|rule|Mega Rayquaza Clause: You cannot mega evolve Rayquaza\n|clearpoke\n|poke|p1|Kyogre|\n|poke|p1|Groudon|\n|poke|p1|Zacian-*|\n|poke|p1|Arceus|\n|poke|p1|Rayquaza|\n|poke|p1|Banette, M|\n|poke|p2|Salamence, M|\n|poke|p2|Arceus|\n|poke|p2|Necrozma-Dusk-Mane|\n|poke|p2|Zacian-*|\n|poke|p2|Xerneas-*|\n|poke|p2|Zygarde|\n|teampreview\n|inactive|Battle timer is ON: inactive players will automatically lose when time's up. (requested by qqqwsx)\n|\n|t:|1699541526\n|start\n|switch|p1a: Arceus|Arceus|100\/100\n|switch|p2a: Zygarde|Zygarde|100\/100\n|turn|1\n|\n|t:|1699541537\n|move|p1a: Arceus|Toxic|p2a: Zygarde\n|-status|p2a: Zygarde|tox\n|move|p2a: Zygarde|Glare|p1a: Arceus\n|-status|p1a: Arceus|par\n|\n|-damage|p2a: Zygarde|94\/100 tox|[from] psn\n|upkeep\n|turn|2\n|\n|t:|1699541547\n|switch|p2a: Xerneas|Xerneas|100\/100\n|-ability|p2a: Xerneas|Fairy Aura\n|move|p1a: Arceus|Stealth Rock|p2a: Xerneas\n|-sidestart|p2: qqqwsx|move: Stealth Rock\n|\n|upkeep\n|turn|3\n|\n|t:|1699541554\n|switch|p1a: Banette|Banette, M|100\/100\n|-item|p2a: Xerneas|Power Herb|[from] ability: Frisk|[of] p1a: Banette|[identify]\n|move|p2a: Xerneas|Aromatherapy|p2a: Xerneas\n|-activate|p2a: Xerneas|move: Aromatherapy\n|-curestatus|p2: Zygarde|tox|[msg]\n|\n|upkeep\n|turn|4\n|\n|t:|1699541563\n|detailschange|p1a: Banette|Banette-Mega, M\n|-mega|p1a: Banette|Banette|Banettite\n|move|p1a: Banette|Encore|p2a: Xerneas\n|-start|p2a: Xerneas|Encore\n|move|p2a: Xerneas|Aromatherapy||[still]\n|-activate|p2a: Xerneas|move: Aromatherapy\n|-fail|p2a: Xerneas\n|\n|upkeep\n|turn|5\n|\n|t:|1699541572\n|move|p1a: Banette|Knock Off|p2a: Xerneas\n|-resisted|p2a: Xerneas\n|-crit|p2a: Xerneas\n|-damage|p2a: Xerneas|77\/100\n|-enditem|p2a: Xerneas|Power Herb|[from] move: Knock Off|[of] p1a: Banette\n|move|p2a: Xerneas|Aromatherapy||[still]\n|-activate|p2a: Xerneas|move: Aromatherapy\n|-fail|p2a: Xerneas\n|\n|upkeep\n|turn|6\n|\n|t:|1699541586\n|switch|p1a: Zacian|Zacian-Crowned|100\/100\n|-ability|p1a: Zacian|Intrepid Sword|boost\n|-boost|p1a: Zacian|atk|1\n|switch|p2a: Zacian|Zacian-Crowned|100\/100\n|-damage|p2a: Zacian|94\/100|[from] Stealth Rock\n|-ability|p2a: Zacian|Intrepid Sword|boost\n|-boost|p2a: Zacian|atk|1\n|\n|upkeep\n|turn|7\n|\n|t:|1699541597\n|-terastallize|p1a: Zacian|Ground\n|move|p2a: Zacian|Behemoth Blade|p1a: Zacian\n|-damage|p1a: Zacian|16\/100\n|move|p1a: Zacian|Tera Blast|p2a: Zacian|[anim] Tera Blast Ground\n|-supereffective|p2a: Zacian\n|-damage|p2a: Zacian|0 fnt\n|faint|p2a: Zacian\n|\n|upkeep\n|\n|t:|1699541601\n|switch|p2a: Arceus|Arceus|100\/100\n|-damage|p2a: Arceus|88\/100|[from] Stealth Rock\n|turn|8\n|\n|t:|1699541611\n|switch|p1a: Banette|Banette-Mega, M|100\/100\n|move|p2a: Arceus|Extreme Speed|p1a: Banette\n|-immune|p1a: Banette\n|\n|-heal|p2a: Arceus|94\/100|[from] item: Leftovers\n|upkeep\n|turn|9\n|\n|t:|1699541621\n|switch|p2a: Xerneas|Xerneas|77\/100\n|-damage|p2a: Xerneas|64\/100|[from] Stealth Rock\n|-ability|p2a: Xerneas|Fairy Aura\n|move|p1a: Banette|Knock Off|p2a: Xerneas\n|-resisted|p2a: Xerneas\n|-damage|p2a: Xerneas|54\/100\n|\n|upkeep\n|turn|10\n|\n|t:|1699541634\n|switch|p1a: Arceus|Arceus|100\/100 par\n|move|p2a: Xerneas|Moonblast|p1a: Arceus\n|-damage|p1a: Arceus|47\/100 par\n|\n|-heal|p1a: Arceus|53\/100 par|[from] item: Leftovers\n|upkeep\n|turn|11\n|\n|t:|1699541643\n|move|p2a: Xerneas|Moonblast|p1a: Arceus\n|-damage|p1a: Arceus|0 fnt\n|faint|p1a: Arceus\n|\n|upkeep\n|\n|t:|1699541649\n|switch|p1a: Groudon|Groudon|100\/100\n|detailschange|p1a: Groudon|Groudon-Primal\n|-primal|p1a: Groudon|Red Orb\n|-weather|DesolateLand|[from] ability: Desolate Land|[of] p1a: Groudon\n|turn|12\n|inactive|qqqwsx has 120 seconds left.\n|\n|t:|1699541681\n|move|p2a: Xerneas|Moonblast|p1a: Groudon\n|-resisted|p1a: Groudon\n|-damage|p1a: Groudon|64\/100\n|move|p1a: Groudon|Rock Polish|p1a: Groudon\n|-boost|p1a: Groudon|spe|2\n|\n|-weather|DesolateLand|[upkeep]\n|upkeep\n|turn|13\n|\n|t:|1699541690\n|move|p1a: Groudon|Flamethrower|p2a: Xerneas\n|-damage|p2a: Xerneas|0 fnt\n|faint|p2a: Xerneas\n|\n|-weather|DesolateLand|[upkeep]\n|upkeep\n|\n|t:|1699541694\n|switch|p2a: Salamence|Salamence, M|100\/100\n|-damage|p2a: Salamence|76\/100|[from] Stealth Rock\n|-ability|p2a: Salamence|Intimidate|boost\n|-unboost|p1a: Groudon|atk|1\n|turn|14\n|\n|t:|1699541704\n|detailschange|p2a: Salamence|Salamence-Mega, M\n|-mega|p2a: Salamence|Salamence|Salamencite\n|move|p1a: Groudon|Ancient Power|p2a: Salamence\n|-supereffective|p2a: Salamence\n|-damage|p2a: Salamence|21\/100\n|move|p2a: Salamence|Earthquake|p1a: Groudon\n|-supereffective|p1a: Groudon\n|-damage|p1a: Groudon|13\/100\n|\n|-weather|DesolateLand|[upkeep]\n|upkeep\n|turn|15\n|\n|t:|1699541713\n|move|p1a: Groudon|Ancient Power|p2a: Salamence\n|-supereffective|p2a: Salamence\n|-damage|p2a: Salamence|0 fnt\n|faint|p2a: Salamence\n|\n|-weather|DesolateLand|[upkeep]\n|upkeep\n|\n|t:|1699541718\n|switch|p2a: Arceus|Arceus|94\/100\n|-damage|p2a: Arceus|82\/100|[from] Stealth Rock\n|turn|16\n|\n|t:|1699541725\n|move|p1a: Groudon|Flamethrower|p2a: Arceus\n|-damage|p2a: Arceus|28\/100\n|move|p2a: Arceus|Earthquake|p1a: Groudon\n|-supereffective|p1a: Groudon\n|-damage|p1a: Groudon|0 fnt\n|faint|p1a: Groudon\n|-weather|none\n|\n|-heal|p2a: Arceus|34\/100|[from] item: Leftovers\n|upkeep\n|\n|t:|1699541736\n|switch|p1a: Kyogre|Kyogre|100\/100\n|detailschange|p1a: Kyogre|Kyogre-Primal\n|-primal|p1a: Kyogre|Blue Orb\n|-weather|PrimordialSea|[from] ability: Primordial Sea|[of] p1a: Kyogre\n|turn|17\n|\n|t:|1699541742\n|move|p2a: Arceus|Extreme Speed|p1a: Kyogre\n|-damage|p1a: Kyogre|54\/100\n|move|p1a: Kyogre|Surf|p2a: Arceus\n|-crit|p2a: Arceus\n|-damage|p2a: Arceus|0 fnt\n|faint|p2a: Arceus\n|\n|-weather|PrimordialSea|[upkeep]\n|upkeep\n|\n|t:|1699541748\n|switch|p2a: Necrozma|Necrozma-Dusk-Mane|100\/100\n|-damage|p2a: Necrozma|94\/100|[from] Stealth Rock\n|turn|18\n|\n|t:|1699541756\n|move|p1a: Kyogre|Surf|p2a: Necrozma\n|-damage|p2a: Necrozma|22\/100\n|move|p2a: Necrozma|Dragon Dance|p2a: Necrozma\n|-boost|p2a: Necrozma|atk|1\n|-boost|p2a: Necrozma|spe|1\n|\n|-weather|PrimordialSea|[upkeep]\n|upkeep\n|turn|19\n|\n|t:|1699541763\n|detailschange|p2a: Necrozma|Necrozma-Ultra\n|-burst|p2a: Necrozma|Necrozma|Ultranecrozium Z\n|move|p2a: Necrozma|Photon Geyser|p1a: Kyogre\n|-damage|p1a: Kyogre|0 fnt\n|faint|p1a: Kyogre\n|-weather|none\n|\n|upkeep\n|\n|t:|1699541773\n|switch|p1a: Rayquaza|Rayquaza|100\/100\n|-ability|p1a: Rayquaza|Air Lock\n|turn|20\n|\n|t:|1699541778\n|move|p1a: Rayquaza|Extreme Speed|p2a: Necrozma\n|-damage|p2a: Necrozma|0 fnt\n|faint|p2a: Necrozma\n|\n|upkeep\n|\n|t:|1699541783\n|switch|p2a: Zygarde|Zygarde|94\/100\n|-damage|p2a: Zygarde|88\/100|[from] Stealth Rock\n|turn|21\n|\n|t:|1699541788\n|move|p1a: Rayquaza|Extreme Speed|p2a: Zygarde\n|-damage|p2a: Zygarde|69\/100\n|move|p2a: Zygarde|Glare|p1a: Rayquaza\n|-status|p1a: Rayquaza|par\n|\n|-heal|p2a: Zygarde|75\/100|[from] item: Leftovers\n|upkeep\n|turn|22\n|\n|t:|1699541792\n|move|p2a: Zygarde|Substitute|p2a: Zygarde\n|-start|p2a: Zygarde|Substitute\n|-damage|p2a: Zygarde|50\/100\n|move|p1a: Rayquaza|Draco Meteor|p2a: Zygarde\n|-supereffective|p2a: Zygarde\n|-end|p2a: Zygarde|Substitute\n|-unboost|p1a: Rayquaza|spa|2\n|\n|-heal|p2a: Zygarde|56\/100|[from] item: Leftovers\n|upkeep\n|turn|23\n|\n|t:|1699541802\n|move|p2a: Zygarde|Substitute|p2a: Zygarde\n|-start|p2a: Zygarde|Substitute\n|-damage|p2a: Zygarde|32\/100\n|move|p1a: Rayquaza|Draco Meteor|p2a: Zygarde\n|-supereffective|p2a: Zygarde\n|-end|p2a: Zygarde|Substitute\n|-unboost|p1a: Rayquaza|spa|2\n|\n|-heal|p2a: Zygarde|38\/100|[from] item: Leftovers\n|-activate|p2a: Zygarde|ability: Power Construct\n|detailschange|p2a: Zygarde|Zygarde-Complete\n|-heal|p2a: Zygarde|59\/100|[silent]\n|upkeep\n|turn|24\n|\n|t:|1699541817\n|switch|p1a: Banette|Banette-Mega, M|100\/100\n|move|p2a: Zygarde|Substitute|p2a: Zygarde\n|-start|p2a: Zygarde|Substitute\n|-damage|p2a: Zygarde|34\/100\n|\n|-heal|p2a: Zygarde|41\/100|[from] item: Leftovers\n|upkeep\n|turn|25\n|\n|t:|1699541825\n|move|p1a: Banette|Encore|p2a: Zygarde\n|-start|p2a: Zygarde|Encore\n|move|p2a: Zygarde|Substitute|p2a: Zygarde\n|-fail|p2a: Zygarde|move: Substitute\n|\n|-heal|p2a: Zygarde|47\/100|[from] item: Leftovers\n|upkeep\n|turn|26\n|\n|t:|1699541833\n|move|p1a: Banette|Knock Off|p2a: Zygarde\n|-activate|p2a: Zygarde|move: Substitute|[damage]\n|move|p2a: Zygarde|Substitute|p2a: Zygarde\n|-fail|p2a: Zygarde|move: Substitute\n|\n|-heal|p2a: Zygarde|53\/100|[from] item: Leftovers\n|upkeep\n|turn|27\n|\n|t:|1699541841\n|move|p1a: Banette|Knock Off|p2a: Zygarde\n|-end|p2a: Zygarde|Substitute\n|move|p2a: Zygarde|Substitute|p2a: Zygarde\n|-start|p2a: Zygarde|Substitute\n|-damage|p2a: Zygarde|28\/100\n|\n|-heal|p2a: Zygarde|34\/100|[from] item: Leftovers\n|-end|p2a: Zygarde|Encore\n|upkeep\n|turn|28\n|\n|t:|1699541860\n|move|p1a: Banette|Encore|p2a: Zygarde\n|-start|p2a: Zygarde|Encore\n|move|p2a: Zygarde|Substitute|p2a: Zygarde\n|-fail|p2a: Zygarde|move: Substitute\n|\n|-heal|p2a: Zygarde|41\/100|[from] item: Leftovers\n|upkeep\n|turn|29\n|\n|t:|1699541873\n|move|p1a: Banette|Knock Off|p2a: Zygarde\n|-activate|p2a: Zygarde|move: Substitute|[damage]\n|move|p2a: Zygarde|Substitute|p2a: Zygarde\n|-fail|p2a: Zygarde|move: Substitute\n|\n|-heal|p2a: Zygarde|47\/100|[from] item: Leftovers\n|upkeep\n|turn|30\n|\n|t:|1699541881\n|move|p1a: Banette|Knock Off|p2a: Zygarde\n|-end|p2a: Zygarde|Substitute\n|move|p2a: Zygarde|Substitute|p2a: Zygarde\n|-start|p2a: Zygarde|Substitute\n|-damage|p2a: Zygarde|22\/100\n|\n|-heal|p2a: Zygarde|28\/100|[from] item: Leftovers\n|-end|p2a: Zygarde|Encore\n|upkeep\n|turn|31\n|\n|t:|1699541895\n|move|p1a: Banette|Taunt|p2a: Zygarde\n|-start|p2a: Zygarde|move: Taunt\n|cant|p2a: Zygarde|move: Taunt|Coil\n|\n|-heal|p2a: Zygarde|34\/100|[from] item: Leftovers\n|upkeep\n|turn|32\n|\n|t:|1699541907\n|move|p1a: Banette|Knock Off|p2a: Zygarde\n|-activate|p2a: Zygarde|move: Substitute|[damage]\n|move|p2a: Zygarde|Thousand Arrows|p1a: Banette\n|-damage|p1a: Banette|48\/100\n|\n|-heal|p2a: Zygarde|41\/100|[from] item: Leftovers\n|upkeep\n|turn|33\n|\n|t:|1699541916\n|move|p1a: Banette|Destiny Bond|p1a: Banette\n|-singlemove|p1a: Banette|Destiny Bond\n|move|p2a: Zygarde|Thousand Arrows|p1a: Banette\n|-damage|p1a: Banette|2\/100\n|\n|-heal|p2a: Zygarde|47\/100|[from] item: Leftovers\n|-end|p2a: Zygarde|move: Taunt\n|upkeep\n|turn|34\n|\n|t:|1699541936\n|move|p1a: Banette|Knock Off|p2a: Zygarde\n|-end|p2a: Zygarde|Substitute\n|move|p2a: Zygarde|Thousand Arrows|p1a: Banette\n|-damage|p1a: Banette|0 fnt\n|faint|p1a: Banette\n|\n|-heal|p2a: Zygarde|53\/100|[from] item: Leftovers\n|upkeep\n|\n|t:|1699541946\n|switch|p1a: Zacian|Zacian-Crowned, tera:Ground|16\/100\n|turn|35\n|\n|t:|1699541951\n|-terastallize|p2a: Zygarde|Steel\n|move|p1a: Zacian|Play Rough|p2a: Zygarde\n|-resisted|p2a: Zygarde\n|-damage|p2a: Zygarde|42\/100\n|move|p2a: Zygarde|Glare|p1a: Zacian\n|-status|p1a: Zacian|par\n|\n|-heal|p2a: Zygarde|48\/100|[from] item: Leftovers\n|upkeep\n|turn|36\n|\n|t:|1699541962\n|switch|p1a: Rayquaza|Rayquaza|100\/100 par\n|-ability|p1a: Rayquaza|Air Lock\n|move|p2a: Zygarde|Substitute|p2a: Zygarde\n|-start|p2a: Zygarde|Substitute\n|-damage|p2a: Zygarde|23\/100\n|\n|-heal|p2a: Zygarde|29\/100|[from] item: Leftovers\n|upkeep\n|turn|37\n|\n|t:|1699541971\n|move|p2a: Zygarde|Coil|p2a: Zygarde\n|-boost|p2a: Zygarde|atk|1\n|-boost|p2a: Zygarde|def|1\n|-boost|p2a: Zygarde|accuracy|1\n|move|p1a: Rayquaza|V-create|p2a: Zygarde\n|-supereffective|p2a: Zygarde\n|-end|p2a: Zygarde|Substitute\n|-unboost|p1a: Rayquaza|spe|1\n|-unboost|p1a: Rayquaza|def|1\n|-unboost|p1a: Rayquaza|spd|1\n|\n|-heal|p2a: Zygarde|36\/100|[from] item: Leftovers\n|upkeep\n|turn|38\n|\n|t:|1699541989\n|move|p2a: Zygarde|Substitute|p2a: Zygarde\n|-start|p2a: Zygarde|Substitute\n|-damage|p2a: Zygarde|11\/100\n|move|p1a: Rayquaza|V-create|p2a: Zygarde\n|-supereffective|p2a: Zygarde\n|-end|p2a: Zygarde|Substitute\n|-unboost|p1a: Rayquaza|spe|1\n|-unboost|p1a: Rayquaza|def|1\n|-unboost|p1a: Rayquaza|spd|1\n|\n|-heal|p2a: Zygarde|17\/100|[from] item: Leftovers\n|upkeep\n|turn|39\n|\n|t:|1699542000\n|move|p2a: Zygarde|Thousand Arrows|p1a: Rayquaza\n|-damage|p1a: Rayquaza|8\/100 par\n|-start|p1a: Rayquaza|Smack Down\n|cant|p1a: Rayquaza|par\n|\n|-heal|p2a: Zygarde|23\/100|[from] item: Leftovers\n|upkeep\n|turn|40\n|\n|t:|1699542010\n|move|p2a: Zygarde|Thousand Arrows|p1a: Rayquaza\n|-damage|p1a: Rayquaza|0 fnt\n|faint|p1a: Rayquaza\n|\n|-heal|p2a: Zygarde|29\/100|[from] item: Leftovers\n|upkeep\n|\n|t:|1699542017\n|switch|p1a: Zacian|Zacian-Crowned, tera:Ground|16\/100 par\n|turn|41\n|c|\u2606qqqwsx|gg\n|\n|t:|1699542025\n|move|p2a: Zygarde|Thousand Arrows|p1a: Zacian\n|-damage|p1a: Zacian|0 fnt\n|faint|p1a: Zacian\n|\n|win|qqqwsx\n|raw|1 em trach thu's rating: 1600 &rarr; <strong>1583<\/strong><br \/>(-17 for losing)\n|raw|qqqwsx's rating: 1658 &rarr; <strong>1675<\/strong><br \/>(+17 for winning)\n|l|\u2606qqqwsx\n|l|\u26061 em trach thu\n","uploadtime":1699542087,"views":5,"p1id":"1emtrachthu","p2id":"qqqwsx","formatid":"gen9nationaldexubers","rating":1583,"private":0,"password":""}