{"id":"gen9nationaldexubers-1986332242","p1":"TheEmoOni","p2":"Leyveta","format":"[Gen 9] National Dex Ubers","log":"|j|\u2606TheEmoOni\n|j|\u2606Leyveta\n|t:|1699469999\n|gametype|singles\n|player|p1|TheEmoOni|2|\n|player|p2|Leyveta|leaf-masters|\n|teamsize|p1|6\n|teamsize|p2|6\n|gen|9\n|tier|[Gen 9] National Dex Ubers\n|rule|HP Percentage Mod: HP is shown in percentages\n|rule|Endless Battle Clause: Forcing endless battles is banned\n|rule|OHKO Clause: OHKO moves are banned\n|rule|Evasion Moves Clause: Evasion moves are banned\n|rule|Evasion Items Clause: Evasion items are banned\n|rule|Species Clause: Limit one of each Pok\u00e9mon\n|rule|Sleep Clause Mod: Limit one foe put to sleep\n|rule|Mega Rayquaza Clause: You cannot mega evolve Rayquaza\n|clearpoke\n|poke|p1|Lucario, M|\n|poke|p1|Corviknight, M|\n|poke|p1|Aegislash, M|\n|poke|p1|Bisharp, M|\n|poke|p1|Duraludon, M|\n|poke|p1|Celesteela|\n|poke|p2|Dondozo, M|\n|poke|p2|Blaziken, F|\n|poke|p2|Serperior, F|\n|poke|p2|Banette, F|\n|poke|p2|Grimmsnarl, M|\n|poke|p2|Kingambit, F|\n|teampreview\n|c|\u2606Leyveta|glhf\n|c|\u2606TheEmoOni|glhf\n|\n|t:|1699470023\n|start\n|switch|p1a: Draco|Duraludon, M|100\/100\n|switch|p2a: Konton|Grimmsnarl, M, shiny|100\/100\n|turn|1\n|\n|t:|1699470032\n|move|p2a: Konton|Light Screen|p2a: Konton\n|-sidestart|p2: Leyveta|move: Light Screen\n|move|p1a: Draco|Iron Head|p2a: Konton\n|-supereffective|p2a: Konton\n|-damage|p2a: Konton|58\/100\n|\n|upkeep\n|turn|2\n|\n|t:|1699470039\n|move|p2a: Konton|Reflect|p2a: Konton\n|-sidestart|p2: Leyveta|Reflect\n|move|p1a: Draco|Iron Head|p2a: Konton\n|-supereffective|p2a: Konton\n|-damage|p2a: Konton|35\/100\n|\n|upkeep\n|turn|3\n|\n|t:|1699470053\n|switch|p1a: Aegis|Aegislash, M, shiny|100\/100\n|move|p2a: Konton|Parting Shot|p1a: Aegis\n|-unboost|p1a: Aegis|atk|1\n|-unboost|p1a: Aegis|spa|1\n|\n|t:|1699470068\n|switch|p2a: Kusaseji|Serperior, F, shiny|100\/100|[from] Parting Shot\n|\n|upkeep\n|turn|4\n|\n|t:|1699470080\n|move|p2a: Kusaseji|Substitute|p2a: Kusaseji\n|-start|p2a: Kusaseji|Substitute\n|-damage|p2a: Kusaseji|75\/100\n|move|p1a: Aegis|Swords Dance|p1a: Aegis\n|-boost|p1a: Aegis|atk|2\n|\n|-heal|p2a: Kusaseji|82\/100|[from] item: Leftovers\n|upkeep\n|turn|5\n|\n|t:|1699470088\n|move|p2a: Kusaseji|Leaf Storm|p1a: Aegis\n|-resisted|p1a: Aegis\n|-damage|p1a: Aegis|79\/100\n|-boost|p2a: Kusaseji|spa|2\n|-formechange|p1a: Aegis|Aegislash-Blade||[from] ability: Stance Change\n|move|p1a: Aegis|Iron Head|p2a: Kusaseji\n|-end|p2a: Kusaseji|Substitute\n|\n|-heal|p2a: Kusaseji|88\/100|[from] item: Leftovers\n|-heal|p1a: Aegis|85\/100|[from] item: Leftovers\n|upkeep\n|turn|6\n|\n|t:|1699470099\n|move|p2a: Kusaseji|Hidden Power|p1a: Aegis\n|-supereffective|p1a: Aegis\n|-damage|p1a: Aegis|0 fnt\n|faint|p1a: Aegis\n|\n|-heal|p2a: Kusaseji|94\/100|[from] item: Leftovers\n|upkeep\n|\n|t:|1699470109\n|switch|p1a: Ares|Lucario, M|100\/100\n|turn|7\n|\n|t:|1699470117\n|detailschange|p1a: Ares|Lucario-Mega, M\n|-mega|p1a: Ares|Lucario|Lucarionite\n|move|p2a: Kusaseji|Glare|p1a: Ares\n|-status|p1a: Ares|par\n|move|p1a: Ares|Aura Sphere|p2a: Kusaseji\n|-damage|p2a: Kusaseji|59\/100\n|\n|-heal|p2a: Kusaseji|65\/100|[from] item: Leftovers\n|upkeep\n|turn|8\n|\n|t:|1699470127\n|move|p2a: Kusaseji|Hidden Power|p1a: Ares\n|-supereffective|p1a: Ares\n|-damage|p1a: Ares|0 fnt\n|faint|p1a: Ares\n|\n|-heal|p2a: Kusaseji|71\/100|[from] item: Leftovers\n|-sideend|p2: Leyveta|move: Light Screen\n|upkeep\n|c|\u2606TheEmoOni|What Hidden Power is this?\n|\n|t:|1699470144\n|switch|p1a: Stellar|Celesteela, shiny|100\/100\n|turn|9\n|c|\u2606Leyveta|ground\n|\n|t:|1699470161\n|switch|p2a: Koi|Dondozo, M, shiny|100\/100\n|move|p1a: Stellar|Autotomize|p1a: Stellar\n|-boost|p1a: Stellar|spe|2\n|-start|p1a: Stellar|Autotomize\n|\n|-sideend|p2: Leyveta|Reflect\n|upkeep\n|turn|10\n|c|\u2606TheEmoOni|Alr\n|\n|t:|1699470172\n|move|p1a: Stellar|Earthquake|p2a: Koi\n|-damage|p2a: Koi|86\/100\n|move|p2a: Koi|Curse|p2a: Koi\n|-unboost|p2a: Koi|spe|1\n|-boost|p2a: Koi|atk|1\n|-boost|p2a: Koi|def|1\n|\n|-heal|p2a: Koi|92\/100|[from] item: Leftovers\n|upkeep\n|turn|11\n|\n|t:|1699470182\n|switch|p1a: Draco|Duraludon, M|100\/100\n|move|p2a: Koi|Curse|p2a: Koi\n|-unboost|p2a: Koi|spe|1\n|-boost|p2a: Koi|atk|1\n|-boost|p2a: Koi|def|1\n|\n|-heal|p2a: Koi|98\/100|[from] item: Leftovers\n|upkeep\n|turn|12\n|c|\u2606Leyveta|what the hell my koi fish's tera type changed\n|\n|t:|1699470190\n|move|p1a: Draco|Thunderbolt|p2a: Koi\n|-supereffective|p2a: Koi\n|-damage|p2a: Koi|41\/100\n|move|p2a: Koi|Curse|p2a: Koi\n|-unboost|p2a: Koi|spe|1\n|-boost|p2a: Koi|atk|1\n|-boost|p2a: Koi|def|1\n|\n|-heal|p2a: Koi|48\/100|[from] item: Leftovers\n|upkeep\n|turn|13\n|c|\u2606Leyveta|ohhh i see why\n|\n|t:|1699470203\n|-terastallize|p2a: Koi|Grass\n|move|p1a: Draco|Thunderbolt|p2a: Koi\n|-resisted|p2a: Koi\n|-damage|p2a: Koi|32\/100\n|move|p2a: Koi|Body Press|p1a: Draco\n|-supereffective|p1a: Draco\n|-damage|p1a: Draco|0 fnt\n|faint|p1a: Draco\n|\n|-heal|p2a: Koi|39\/100|[from] item: Leftovers\n|upkeep\n|\n|t:|1699470217\n|switch|p1a: Corvi|Corviknight, M|100\/100\n|-ability|p1a: Corvi|Pressure\n|turn|14\n|\n|t:|1699470223\n|move|p1a: Corvi|Iron Defense|p1a: Corvi\n|-boost|p1a: Corvi|def|2\n|move|p2a: Koi|Rest|p2a: Koi\n|-status|p2a: Koi|slp|[from] move: Rest\n|-heal|p2a: Koi|100\/100 slp|[silent]\n|\n|upkeep\n|turn|15\n|\n|t:|1699470232\n|move|p1a: Corvi|Iron Defense|p1a: Corvi\n|-boost|p1a: Corvi|def|2\n|cant|p2a: Koi|slp\n|\n|upkeep\n|turn|16\n|\n|t:|1699470272\n|move|p1a: Corvi|Iron Defense|p1a: Corvi\n|-boost|p1a: Corvi|def|2\n|cant|p2a: Koi|slp\n|\n|upkeep\n|turn|17\n|\n|t:|1699470279\n|move|p1a: Corvi|Body Press|p2a: Koi\n|-damage|p2a: Koi|96\/100 slp\n|-curestatus|p2a: Koi|slp|[msg]\n|move|p2a: Koi|Curse|p2a: Koi\n|-unboost|p2a: Koi|spe|1\n|-boost|p2a: Koi|atk|1\n|-boost|p2a: Koi|def|1\n|\n|-heal|p2a: Koi|100\/100|[from] item: Leftovers\n|upkeep\n|turn|18\n|c|\u2606Leyveta|did\n|c|\u2606Leyveta|did you just set up on a dondozo\n|\n|t:|1699470294\n|move|p1a: Corvi|Body Press|p2a: Koi\n|-damage|p2a: Koi|97\/100\n|move|p2a: Koi|Curse|p2a: Koi\n|-unboost|p2a: Koi|spe|1\n|-boost|p2a: Koi|atk|1\n|-boost|p2a: Koi|def|1\n|\n|-heal|p2a: Koi|100\/100|[from] item: Leftovers\n|upkeep\n|turn|19\n|c|\u2606TheEmoOni|I forgor\n|\n|t:|1699470305\n|move|p1a: Corvi|Body Press|p2a: Koi\n|-damage|p2a: Koi|98\/100\n|move|p2a: Koi|Curse|p2a: Koi\n|-unboost|p2a: Koi|spe|1\n|-boost|p2a: Koi|atk|1\n|-boost|p2a: Koi|def|1\n|\n|-heal|p2a: Koi|100\/100|[from] item: Leftovers\n|upkeep\n|turn|20\n|c|\u2606Leyveta|do you like this battle\n|c|\u2606TheEmoOni|I don't\n|c|\u2606Leyveta|why\n|\n|t:|1699470326\n|move|p1a: Corvi|Body Press|p2a: Koi\n|-damage|p2a: Koi|98\/100\n|move|p2a: Koi|Rest|p2a: Koi\n|-status|p2a: Koi|slp|[from] move: Rest\n|-heal|p2a: Koi|100\/100 slp|[silent]\n|\n|upkeep\n|turn|21\n|c|\u2606Leyveta|this is the same dondozo i stalled with when i was champion\n|c|\u2606TheEmoOni|Koi the Stall beast\n|c|\u2606Leyveta|actually\n|c|\u2606Leyveta|it's his son\n|c|\u2606Leyveta|since that one was named :Moyai:\n|\n|t:|1699470360\n|switch|p1a: Stellar|Celesteela, shiny|100\/100\n|cant|p2a: Koi|slp\n|\n|upkeep\n|turn|22\n|\n|t:|1699470367\n|move|p1a: Stellar|Earthquake|p2a: Koi\n|-resisted|p2a: Koi\n|-damage|p2a: Koi|99\/100 slp\n|cant|p2a: Koi|slp\n|\n|-heal|p2a: Koi|100\/100 slp|[from] item: Leftovers\n|upkeep\n|turn|23\n|c|\u2606Leyveta|why\n|\n|t:|1699470378\n|move|p1a: Stellar|Earthquake|p2a: Koi\n|-resisted|p2a: Koi\n|-damage|p2a: Koi|98\/100 slp\n|-curestatus|p2a: Koi|slp|[msg]\n|move|p2a: Koi|Body Press|p1a: Stellar\n|-damage|p1a: Stellar|0 fnt\n|faint|p1a: Stellar\n|\n|-heal|p2a: Koi|100\/100|[from] item: Leftovers\n|upkeep\n|\n|t:|1699470391\n|switch|p1a: Corvi|Corviknight, M|100\/100\n|-ability|p1a: Corvi|Pressure\n|turn|24\n|c|\u2606Leyveta|rocket ship killed by local fat fish\n|\n|t:|1699470400\n|move|p1a: Corvi|Iron Defense|p1a: Corvi\n|-boost|p1a: Corvi|def|2\n|move|p2a: Koi|Curse|p2a: Koi\n|\n|upkeep\n|turn|25\n|\n|t:|1699470410\n|move|p1a: Corvi|Body Press|p2a: Koi\n|-damage|p2a: Koi|98\/100\n|move|p2a: Koi|Curse|p2a: Koi\n|\n|-heal|p2a: Koi|100\/100|[from] item: Leftovers\n|upkeep\n|turn|26\n|\n|t:|1699470417\n|move|p1a: Corvi|Body Press|p2a: Koi\n|-damage|p2a: Koi|98\/100\n|move|p2a: Koi|Curse|p2a: Koi\n|\n|-heal|p2a: Koi|100\/100|[from] item: Leftovers\n|upkeep\n|turn|27\n|c|\u2606Leyveta|do you want to die\n|c|\u2606TheEmoOni|Stop\n|\n|t:|1699470431\n|move|p1a: Corvi|Body Press|p2a: Koi\n|-damage|p2a: Koi|98\/100\n|move|p2a: Koi|Curse|p2a: Koi\n|\n|-heal|p2a: Koi|100\/100|[from] item: Leftovers\n|upkeep\n|turn|28\n|c|\u2606TheEmoOni|Stop Corsing\n|c|\u2606TheEmoOni|*Cursing\n|c|\u2606Leyveta|brave bird would be more effective against this\n|c|\u2606TheEmoOni|I want to keep this Family Friendly\n|\n|t:|1699470454\n|move|p1a: Corvi|U-turn|p2a: Koi\n|-supereffective|p2a: Koi\n|-damage|p2a: Koi|97\/100\n|c|\u2606Leyveta|too bad\n|\n|t:|1699470460\n|switch|p1a: Bishop|Bisharp, M|100\/100|[from] U-turn\n|move|p2a: Koi|Curse|p2a: Koi\n|\n|-heal|p2a: Koi|100\/100|[from] item: Leftovers\n|upkeep\n|turn|29\n|c|\u2606Leyveta|ohhh u-turn knight\n|c|\u2606TheEmoOni|The Last Move is Defog\n|c|\u2606Leyveta|makes sense\n|\n|t:|1699470481\n|-terastallize|p1a: Bishop|Dark\n|move|p1a: Bishop|Sucker Punch||[still]\n|-fail|p1a: Bishop\n|move|p2a: Koi|Curse|p2a: Koi\n|\n|upkeep\n|turn|30\n|c|\u2606TheEmoOni|Reverse Sweep\n|\n|t:|1699470497\n|move|p1a: Bishop|Sucker Punch||[still]\n|-fail|p1a: Bishop\n|move|p2a: Koi|Curse|p2a: Koi\n|\n|upkeep\n|turn|31\n|c|\u2606Leyveta|gl\n|c|\u2606Leyveta|not setting up?\n|c|\u2606Leyveta|i promise not to use an attacking move until my curse and rest pp is gone\n|\n|t:|1699470521\n|move|p1a: Bishop|Brick Break|p2a: Koi\n|-damage|p2a: Koi|98\/100\n|move|p2a: Koi|Curse|p2a: Koi\n|\n|-heal|p2a: Koi|100\/100|[from] item: Leftovers\n|upkeep\n|turn|32\n|\n|t:|1699470540\n|move|p1a: Bishop|Brick Break|p2a: Koi\n|-damage|p2a: Koi|97\/100\n|move|p2a: Koi|Curse|p2a: Koi\n|\n|-heal|p2a: Koi|100\/100|[from] item: Leftovers\n|upkeep\n|turn|33\n|c|\u2606TheEmoOni|It's an Unaware Dozo\n|\n|t:|1699470550\n|move|p1a: Bishop|Brick Break|p2a: Koi\n|-crit|p2a: Koi\n|-damage|p2a: Koi|84\/100\n|move|p2a: Koi|Curse|p2a: Koi\n|\n|-heal|p2a: Koi|90\/100|[from] item: Leftovers\n|upkeep\n|turn|34\n|c|\u2606Leyveta|hey you got a crit!\n|c|\u2606Leyveta|im so proud\n|\n|t:|1699470564\n|move|p1a: Bishop|Psycho Cut|p2a: Koi\n|-damage|p2a: Koi|87\/100\n|move|p2a: Koi|Rest|p2a: Koi\n|-status|p2a: Koi|slp|[from] move: Rest\n|-heal|p2a: Koi|100\/100 slp|[silent]\n|\n|upkeep\n|turn|35\n|\n|t:|1699470571\n|move|p1a: Bishop|Psycho Cut|p2a: Koi\n|-damage|p2a: Koi|98\/100 slp\n|cant|p2a: Koi|slp\n|\n|-heal|p2a: Koi|100\/100 slp|[from] item: Leftovers\n|upkeep\n|turn|36\n|\n|t:|1699470580\n|move|p1a: Bishop|Psycho Cut|p2a: Koi\n|-damage|p2a: Koi|98\/100 slp\n|cant|p2a: Koi|slp\n|\n|-heal|p2a: Koi|100\/100 slp|[from] item: Leftovers\n|upkeep\n|turn|37\n|\n|t:|1699470588\n|move|p1a: Bishop|Psycho Cut|p2a: Koi\n|-damage|p2a: Koi|98\/100 slp\n|-curestatus|p2a: Koi|slp|[msg]\n|move|p2a: Koi|Rest|p2a: Koi\n|-status|p2a: Koi|slp|[from] move: Rest\n|-heal|p2a: Koi|100\/100 slp|[silent]\n|\n|upkeep\n|turn|38\n|c|\u2606Leyveta|do you have a move that can flinch\n|\n|t:|1699470608\n|move|p1a: Bishop|Psycho Cut|p2a: Koi\n|-damage|p2a: Koi|98\/100 slp\n|cant|p2a: Koi|slp\n|\n|-heal|p2a: Koi|100\/100 slp|[from] item: Leftovers\n|upkeep\n|turn|39\n|c|\u2606Leyveta|make my stall more effective\n|c|\u2606TheEmoOni|I forfeit\n|c|\u2606TheEmoOni|You won\n|c|\u2606Leyveta|no forfeiting\n|c|\u2606Leyveta|i wont accept a forfeit\n|\n|t:|1699470634\n|move|p1a: Bishop|Psycho Cut|p2a: Koi\n|-damage|p2a: Koi|98\/100 slp\n|cant|p2a: Koi|slp\n|\n|-heal|p2a: Koi|100\/100 slp|[from] item: Leftovers\n|upkeep\n|turn|40\n|c|\u2606Leyveta|4x3 more turns\n|c|\u2606Leyveta|so 12 turns left\n|c|\u2606Leyveta|+2\n|\n|t:|1699470660\n|move|p1a: Bishop|Psycho Cut|p2a: Koi\n|-damage|p2a: Koi|98\/100 slp\n|-curestatus|p2a: Koi|slp|[msg]\n|move|p2a: Koi|Rest|p2a: Koi\n|-status|p2a: Koi|slp|[from] move: Rest\n|-heal|p2a: Koi|100\/100 slp|[silent]\n|\n|upkeep\n|turn|41\n|j| zPollo\n|c|\u2606Leyveta|hi speed\n|c|\u2606Leyveta|im bullying oni\n|c| zPollo|hola\n|l| zPollo\n|j| zPollo\n|c|\u2606Leyveta|come on oni i wont accept you forfeiting\n|c| zPollo|\u2615\ufe0f\n|c|\u2606TheEmoOni|zPollo plz help\n|\n|t:|1699470749\n|move|p1a: Bishop|Psycho Cut|p2a: Koi\n|-damage|p2a: Koi|98\/100 slp\n|cant|p2a: Koi|slp\n|\n|-heal|p2a: Koi|100\/100 slp|[from] item: Leftovers\n|upkeep\n|turn|42\n|\n|t:|1699470757\n|move|p1a: Bishop|Psycho Cut|p2a: Koi\n|-damage|p2a: Koi|97\/100 slp\n|cant|p2a: Koi|slp\n|\n|-heal|p2a: Koi|100\/100 slp|[from] item: Leftovers\n|upkeep\n|turn|43\n|c|\u2606Leyveta|speedy do you know how he can ohko this without special attacking moves\n|c| zPollo|how do i help\n|\n|t:|1699470792\n|move|p1a: Bishop|Psycho Cut|p2a: Koi\n|-damage|p2a: Koi|97\/100 slp\n|-curestatus|p2a: Koi|slp|[msg]\n|move|p2a: Koi|Rest|p2a: Koi\n|-status|p2a: Koi|slp|[from] move: Rest\n|-heal|p2a: Koi|100\/100 slp|[silent]\n|\n|upkeep\n|turn|44\n|c|\u2606TheEmoOni|This is my Torture\n|c|\u2606Leyveta|this is why i cant redeem myself\n|c| zPollo|enjoy your torture\n|c|\u2606TheEmoOni|zPollo plz tell me how to beat this thing\n|c|\u2606Leyveta|this is a sin beyond all sins\n|\n|t:|1699470813\n|move|p1a: Bishop|Psycho Cut|p2a: Koi\n|-damage|p2a: Koi|98\/100 slp\n|cant|p2a: Koi|slp\n|\n|-heal|p2a: Koi|100\/100 slp|[from] item: Leftovers\n|upkeep\n|turn|45\n|c| zPollo|Forfeit\n|c| zPollo|thats how\n|c|\u2606Leyveta|how havent you critted\n|c|\u2606Leyveta|also i refuse to accept a forfeit as a win\n|c|\u2606TheEmoOni|Leyveta won't accept a Forfeit\n|\n|t:|1699470833\n|move|p1a: Bishop|Psycho Cut|p2a: Koi\n|-damage|p2a: Koi|97\/100 slp\n|cant|p2a: Koi|slp\n|\n|-heal|p2a: Koi|100\/100 slp|[from] item: Leftovers\n|upkeep\n|turn|46\n|c| zPollo|bro has Kuros luck\n|c| zPollo|I see.\n|c| zPollo|Hve fun\n|c|\u2606Leyveta|he critted with a move that wasnt psycho cut\n|c|\u2606Leyveta|but hasnt critted with psycho cut\n|\n|t:|1699470858\n|move|p1a: Bishop|Psycho Cut|p2a: Koi\n|-damage|p2a: Koi|98\/100 slp\n|-curestatus|p2a: Koi|slp|[msg]\n|move|p2a: Koi|Rest|p2a: Koi\n|-status|p2a: Koi|slp|[from] move: Rest\n|-heal|p2a: Koi|100\/100 slp|[silent]\n|\n|upkeep\n|turn|47\n|c|\u2606Leyveta|5 turns\n|\n|t:|1699470868\n|move|p1a: Bishop|Psycho Cut|p2a: Koi\n|-damage|p2a: Koi|98\/100 slp\n|cant|p2a: Koi|slp\n|\n|-heal|p2a: Koi|100\/100 slp|[from] item: Leftovers\n|upkeep\n|turn|48\n|c| zPollo|do you want me to help him or\n|c|\u2606Leyveta|you can\n|\n|t:|1699470875\n|move|p1a: Bishop|Psycho Cut|p2a: Koi\n|-damage|p2a: Koi|97\/100 slp\n|cant|p2a: Koi|slp\n|\n|-heal|p2a: Koi|100\/100 slp|[from] item: Leftovers\n|upkeep\n|turn|49\n|c|\u2606Leyveta|i doubt he can beat me even if you, kuro, and sus were helping him\n|c|\u2606Leyveta|in this scenario at least\n|\n|t:|1699470894\n|move|p1a: Bishop|Psycho Cut|p2a: Koi\n|-damage|p2a: Koi|98\/100 slp\n|-curestatus|p2a: Koi|slp|[msg]\n|move|p2a: Koi|Rest|p2a: Koi\n|-status|p2a: Koi|slp|[from] move: Rest\n|-heal|p2a: Koi|100\/100 slp|[silent]\n|\n|upkeep\n|turn|50\n|\n|t:|1699470906\n|move|p1a: Bishop|Sucker Punch|p2a: Koi\n|-damage|p2a: Koi|95\/100 slp\n|cant|p2a: Koi|slp\n|\n|-heal|p2a: Koi|100\/100 slp|[from] item: Leftovers\n|upkeep\n|turn|51\n|c| zPollo|\u2615\ufe0f\n|c| zPollo|well i cant help\n|c|\u2606Leyveta|lmao\n|\n|t:|1699470919\n|move|p1a: Bishop|Sucker Punch|p2a: Koi\n|-damage|p2a: Koi|94\/100 slp\n|cant|p2a: Koi|slp\n|\n|-heal|p2a: Koi|100\/100 slp|[from] item: Leftovers\n|upkeep\n|turn|52\n|c| zPollo|my only solution wouldnt work\n|l| zPollo\n|c|\u2606Leyveta|goodnight oni\n|c|\u2606TheEmoOni|Crit three times in Row RNGezus plz\n|j| zPollo\n|c|\u2606Leyveta|your peace era has ended\n|\n|t:|1699470940\n|move|p1a: Bishop|Sucker Punch|p2a: Koi\n|-damage|p2a: Koi|94\/100 slp\n|-curestatus|p2a: Koi|slp|[msg]\n|move|p2a: Koi|Waterfall|p1a: Bishop\n|-damage|p1a: Bishop|19\/100\n|\n|-heal|p2a: Koi|100\/100|[from] item: Leftovers\n|upkeep\n|turn|53\n|\n|t:|1699470952\n|move|p1a: Bishop|Sucker Punch|p2a: Koi\n|-damage|p2a: Koi|95\/100\n|move|p2a: Koi|Waterfall|p1a: Bishop\n|-crit|p1a: Bishop\n|-damage|p1a: Bishop|0 fnt\n|faint|p1a: Bishop\n|\n|-heal|p2a: Koi|100\/100|[from] item: Leftovers\n|upkeep\n|\n|t:|1699470960\n|switch|p1a: Corvi|Corviknight, M|100\/100\n|-ability|p1a: Corvi|Pressure\n|turn|54\n|c|\u2606TheEmoOni|gg\n|\n|t:|1699470969\n|move|p1a: Corvi|U-turn|p2a: Koi\n|-supereffective|p2a: Koi\n|-damage|p2a: Koi|97\/100\n|move|p2a: Koi|Waterfall|p1a: Corvi\n|-damage|p1a: Corvi|12\/100\n|\n|-heal|p1a: Corvi|18\/100|[from] item: Leftovers\n|-heal|p2a: Koi|100\/100|[from] item: Leftovers\n|upkeep\n|turn|55\n|\n|t:|1699470979\n|move|p1a: Corvi|U-turn|p2a: Koi\n|-supereffective|p2a: Koi\n|-damage|p2a: Koi|97\/100\n|move|p2a: Koi|Waterfall|p1a: Corvi\n|-damage|p1a: Corvi|0 fnt\n|faint|p1a: Corvi\n|\n|win|Leyveta\n|c|\u2606Leyveta|gg\n|c| zPollo|ggs\n|l| zPollo\n|c|\u2606TheEmoOni|Can I show this to Kuro?\n|c|\u2606Leyveta|sure?\n|c|\u2606Leyveta|dunno why you couldnt\n|l|\u2606Leyveta\n","uploadtime":1699471038,"views":7,"p1id":"theemooni","p2id":"leyveta","formatid":"gen9nationaldexubers","rating":0,"private":0,"password":""}