{"id":"gen9nationaldexubers-1983480418","p1":"goobiathan","p2":"Tudedude_cooldude","format":"[Gen 9] National Dex Ubers","log":"|j|\u2606goobiathan\n|j|\u2606Tudedude_cooldude\n|t:|1699134661\n|gametype|singles\n|player|p1|goobiathan|n|\n|player|p2|Tudedude_cooldude|170|\n|teamsize|p1|6\n|teamsize|p2|6\n|gen|9\n|tier|[Gen 9] National Dex Ubers\n|rule|HP Percentage Mod: HP is shown in percentages\n|rule|Endless Battle Clause: Forcing endless battles is banned\n|rule|OHKO Clause: OHKO moves are banned\n|rule|Evasion Moves Clause: Evasion moves are banned\n|rule|Evasion Items Clause: Evasion items are banned\n|rule|Species Clause: Limit one of each Pok\u00e9mon\n|rule|Sleep Clause Mod: Limit one foe put to sleep\n|rule|Mega Rayquaza Clause: You cannot mega evolve Rayquaza\n|clearpoke\n|poke|p1|Urshifu-*, F|\n|poke|p1|Silvally-*|\n|poke|p1|Ninetales, F|\n|poke|p1|Moltres-Galar|\n|poke|p1|Charizard, M|\n|poke|p1|Brute Bonnet|\n|poke|p2|Beedrill, F|\n|poke|p2|Clefairy, F|\n|poke|p2|Infernape, M|\n|poke|p2|Sandslash, M|\n|poke|p2|Skarmory, M|\n|poke|p2|Vivillon, F|\n|teampreview\n|\n|t:|1699134690\n|start\n|switch|p1a: Urshifu|Urshifu-Rapid-Strike, F|100\/100\n|switch|p2a: Ali|Vivillon, F|100\/100\n|turn|1\n|\n|t:|1699134702\n|move|p1a: Urshifu|Surging Strikes|p2a: Ali\n|-crit|p2a: Ali\n|-damage|p2a: Ali|63\/100\n|-crit|p2a: Ali\n|-damage|p2a: Ali|25\/100\n|-crit|p2a: Ali\n|-damage|p2a: Ali|0 fnt\n|faint|p2a: Ali\n|-hitcount|p2: Ali|3\n|-damage|p1a: Urshifu|91\/100|[from] item: Life Orb\n|\n|upkeep\n|c|\u2606Tudedude_cooldude|wtf\n|c|\u2606Tudedude_cooldude|o life orb\n|\n|t:|1699134723\n|switch|p2a: Wyvern|Skarmory, M|100\/100\n|turn|2\n|j| The23rdPower\n|\n|t:|1699134729\n|move|p1a: Urshifu|Bulk Up|p1a: Urshifu\n|-boost|p1a: Urshifu|atk|1\n|-boost|p1a: Urshifu|def|1\n|move|p2a: Wyvern|Curse|p2a: Wyvern\n|-unboost|p2a: Wyvern|spe|1\n|-boost|p2a: Wyvern|atk|1\n|-boost|p2a: Wyvern|def|1\n|\n|upkeep\n|turn|3\n|j| NotMHP\n|j| mostgoodX\n|c| mostgoodX|salty runback\n|\n|t:|1699134743\n|move|p1a: Urshifu|Bulk Up|p1a: Urshifu\n|-boost|p1a: Urshifu|atk|1\n|-boost|p1a: Urshifu|def|1\n|move|p2a: Wyvern|Curse|p2a: Wyvern\n|-unboost|p2a: Wyvern|spe|1\n|-boost|p2a: Wyvern|atk|1\n|-boost|p2a: Wyvern|def|1\n|\n|upkeep\n|turn|4\n|\n|t:|1699134751\n|move|p1a: Urshifu|Bulk Up|p1a: Urshifu\n|-boost|p1a: Urshifu|atk|1\n|-boost|p1a: Urshifu|def|1\n|move|p2a: Wyvern|Curse|p2a: Wyvern\n|-unboost|p2a: Wyvern|spe|1\n|-boost|p2a: Wyvern|atk|1\n|-boost|p2a: Wyvern|def|1\n|\n|upkeep\n|turn|5\n|c| The23rdPower|Remember that Surging Strikes crits through\n|c| The23rdPower|So you gotta attack him too before he sets up to max\n|\n|t:|1699134791\n|move|p1a: Urshifu|Bulk Up|p1a: Urshifu\n|-boost|p1a: Urshifu|atk|1\n|-boost|p1a: Urshifu|def|1\n|move|p2a: Wyvern|Drill Peck|p1a: Urshifu\n|-supereffective|p1a: Urshifu\n|-damage|p1a: Urshifu|54\/100\n|\n|upkeep\n|turn|6\n|\n|t:|1699134798\n|move|p1a: Urshifu|Bulk Up|p1a: Urshifu\n|-boost|p1a: Urshifu|atk|1\n|-boost|p1a: Urshifu|def|1\n|move|p2a: Wyvern|Drill Peck|p1a: Urshifu\n|-supereffective|p1a: Urshifu\n|-damage|p1a: Urshifu|18\/100\n|\n|upkeep\n|turn|7\n|\n|t:|1699134811\n|move|p1a: Urshifu|Surging Strikes|p2a: Wyvern\n|-crit|p2a: Wyvern\n|-damage|p2a: Wyvern|48\/100\n|-damage|p1a: Urshifu|1\/100|[from] item: Rocky Helmet|[of] p2a: Wyvern\n|-crit|p2a: Wyvern\n|-damage|p2a: Wyvern|0 fnt\n|-damage|p1a: Urshifu|0 fnt|[from] item: Rocky Helmet|[of] p2a: Wyvern\n|faint|p2a: Wyvern\n|faint|p1a: Urshifu\n|-hitcount|p2: Wyvern|2\n|\n|upkeep\n|c| The23rdPower|Mutual KO\n|c| The23rdPower|W\n|\n|t:|1699134836\n|switch|p1a: Ninetales|Ninetales, F, shiny|100\/100\n|switch|p2a: Cardi Bee|Beedrill, F|100\/100\n|-weather|SunnyDay|[from] ability: Drought|[of] p1a: Ninetales\n|turn|8\n|c| The23rdPower|Wait did you lead Vivillon?\n|c| The23rdPower|That only works if he's Punching Gloves\n|\n|t:|1699134851\n|detailschange|p2a: Cardi Bee|Beedrill-Mega, F\n|-mega|p2a: Cardi Bee|Beedrill|Beedrillite\n|move|p2a: Cardi Bee|U-turn|p1a: Ninetales\n|-resisted|p1a: Ninetales\n|-damage|p1a: Ninetales|55\/100\n|\n|t:|1699134855\n|switch|p2a: Knuckles|Sandslash, M, shiny|100\/100|[from] U-turn\n|move|p1a: Ninetales|Heat Wave|p2a: Knuckles|[miss]\n|-miss|p1a: Ninetales|p2a: Knuckles\n|\n|-weather|SunnyDay|[upkeep]\n|upkeep\n|turn|9\n|\n|t:|1699134869\n|move|p1a: Ninetales|Solar Beam||[still]\n|-prepare|p1a: Ninetales|Solar Beam\n|-anim|p1a: Ninetales|Solar Beam|p2a: Knuckles\n|-supereffective|p2a: Knuckles\n|-damage|p2a: Knuckles|0 fnt\n|faint|p2a: Knuckles\n|\n|-weather|SunnyDay|[upkeep]\n|upkeep\n|\n|t:|1699134880\n|switch|p2a: Cardi Bee|Beedrill-Mega, F|100\/100\n|turn|10\n|\n|t:|1699134885\n|switch|p1a: Silvally|Silvally-Fire, shiny|100\/100\n|move|p2a: Cardi Bee|Poison Jab|p1a: Silvally\n|-damage|p1a: Silvally|37\/100\n|-status|p1a: Silvally|psn\n|\n|-weather|SunnyDay|[upkeep]\n|-damage|p1a: Silvally|25\/100 psn|[from] psn\n|upkeep\n|turn|11\n|\n|t:|1699134898\n|move|p2a: Cardi Bee|Poison Jab|p1a: Silvally\n|-damage|p1a: Silvally|0 fnt\n|faint|p1a: Silvally\n|\n|-weather|SunnyDay|[upkeep]\n|upkeep\n|\n|t:|1699134906\n|switch|p1a: Moltres|Moltres-Galar|100\/100\n|turn|12\n|\n|t:|1699134918\n|move|p2a: Cardi Bee|U-turn|p1a: Moltres\n|-damage|p1a: Moltres|43\/100\n|-ability|p1a: Moltres|Berserk|boost\n|-boost|p1a: Moltres|spa|1\n|\n|t:|1699134923\n|switch|p2a: Chamsey|Clefairy, F|100\/100|[from] U-turn\n|move|p1a: Moltres|Agility|p1a: Moltres\n|-boost|p1a: Moltres|spe|2\n|\n|-weather|SunnyDay|[upkeep]\n|upkeep\n|turn|13\n|c| NotMHP|gg\n|c| The23rdPower|How?\n|\n|t:|1699134939\n|move|p1a: Moltres|Air Slash|p2a: Chamsey\n|-damage|p2a: Chamsey|70\/100\n|cant|p2a: Chamsey|flinch\n|\n|-weather|SunnyDay|[upkeep]\n|upkeep\n|turn|14\n|\n|t:|1699134949\n|move|p1a: Moltres|Air Slash|p2a: Chamsey\n|-damage|p2a: Chamsey|38\/100\n|move|p2a: Chamsey|Toxic|p1a: Moltres\n|-status|p1a: Moltres|tox\n|\n|-weather|SunnyDay|[upkeep]\n|-damage|p1a: Moltres|37\/100 tox|[from] psn\n|upkeep\n|turn|15\n|\n|t:|1699134956\n|move|p1a: Moltres|Air Slash|p2a: Chamsey\n|-damage|p2a: Chamsey|4\/100\n|cant|p2a: Chamsey|flinch\n|\n|-weather|none\n|-damage|p1a: Moltres|24\/100 tox|[from] psn\n|upkeep\n|turn|16\n|c| The23rdPower|Hax\n|\n|t:|1699134977\n|move|p1a: Moltres|Air Slash|p2a: Chamsey\n|-damage|p2a: Chamsey|0 fnt\n|faint|p2a: Chamsey\n|\n|-damage|p1a: Moltres|6\/100 tox|[from] psn\n|upkeep\n|\n|t:|1699134983\n|switch|p2a: Cardi Bee|Beedrill-Mega, F|100\/100\n|turn|17\n|c| The23rdPower|No\n|c| The23rdPower|He's faster\n|\n|t:|1699134992\n|move|p1a: Moltres|Air Slash|p2a: Cardi Bee|[miss]\n|-miss|p1a: Moltres|p2a: Cardi Bee\n|move|p2a: Cardi Bee|U-turn|p1a: Moltres\n|-damage|p1a: Moltres|0 fnt\n|faint|p1a: Moltres\n|c| The23rdPower|LOL\n|c|\u2606Tudedude_cooldude|LETS GOOO\n|c| The23rdPower|Deserved\n|c| NotMHP|Click on the fucking ape already\n|\n|t:|1699135065\n|switch|p2a: noodle boy|Infernape, M|100\/100|[from] U-turn\n|\n|upkeep\n|c|\u2606Tudedude_cooldude|o lol\n|\n|t:|1699135078\n|switch|p1a: Charizard|Charizard, M|100\/100\n|turn|18\n|c| The23rdPower|Tbh,\n|c| The23rdPower|Ok well\n|\n|t:|1699135089\n|detailschange|p1a: Charizard|Charizard-Mega-X, M\n|-mega|p1a: Charizard|Charizard|Charizardite X\n|move|p1a: Charizard|Dragon Dance|p1a: Charizard\n|-boost|p1a: Charizard|atk|1\n|-boost|p1a: Charizard|spe|1\n|move|p2a: noodle boy|Counter||[still]\n|-fail|p2a: noodle boy\n|\n|upkeep\n|turn|19\n|c|\u2606goobiathan|Let's see the zard counter\n|\n|t:|1699135096\n|move|p1a: Charizard|Dragon Dance|p1a: Charizard\n|-boost|p1a: Charizard|atk|1\n|-boost|p1a: Charizard|spe|1\n|move|p2a: noodle boy|Counter||[still]\n|-fail|p2a: noodle boy\n|\n|upkeep\n|turn|20\n|\n|t:|1699135101\n|move|p1a: Charizard|Dragon Dance|p1a: Charizard\n|-boost|p1a: Charizard|atk|1\n|-boost|p1a: Charizard|spe|1\n|move|p2a: noodle boy|Counter||[still]\n|-fail|p2a: noodle boy\n|\n|upkeep\n|turn|21\n|\n|t:|1699135106\n|move|p1a: Charizard|Earthquake|p2a: noodle boy\n|-supereffective|p2a: noodle boy\n|-enditem|p2a: noodle boy|Focus Sash\n|-damage|p2a: noodle boy|1\/100\n|move|p2a: noodle boy|Counter|p1a: Charizard\n|-damage|p1a: Charizard|0 fnt\n|faint|p1a: Charizard\n|\n|upkeep\n|\n|t:|1699135117\n|switch|p1a: Ninetales|Ninetales, F, shiny|55\/100\n|-weather|SunnyDay|[from] ability: Drought|[of] p1a: Ninetales\n|turn|22\n|j| superoinge22\n|c| mostgoodX|that was the zard answer\n|c| NotMHP|that's it\n|c| The23rdPower|Yup\n|\n|t:|1699135128\n|move|p2a: noodle boy|Reversal|p1a: Ninetales\n|-damage|p1a: Ninetales|0 fnt\n|faint|p1a: Ninetales\n|\n|-weather|SunnyDay|[upkeep]\n|upkeep\n|c| NotMHP|that's the whole thing\n|\n|t:|1699135132\n|switch|p1a: Brute Bonnet|Brute Bonnet|100\/100\n|-activate|p1a: Brute Bonnet|ability: Protosynthesis\n|-start|p1a: Brute Bonnet|protosynthesisatk\n|turn|23\n|c| mostgoodX|oh brother\n|\n|t:|1699135139\n|move|p1a: Brute Bonnet|Sucker Punch|p2a: noodle boy\n|-resisted|p2a: noodle boy\n|-damage|p2a: noodle boy|0 fnt\n|faint|p2a: noodle boy\n|\n|-weather|SunnyDay|[upkeep]\n|upkeep\n|c| The23rdPower|Now he could play around Sucker Punch\n|c| The23rdPower|Or not\n|\n|t:|1699135145\n|switch|p2a: Cardi Bee|Beedrill-Mega, F|100\/100\n|turn|24\n|\n|t:|1699135153\n|move|p1a: Brute Bonnet|Sucker Punch|p2a: Cardi Bee\n|-damage|p2a: Cardi Bee|4\/100\n|move|p2a: Cardi Bee|Poison Jab|p1a: Brute Bonnet\n|-supereffective|p1a: Brute Bonnet\n|-damage|p1a: Brute Bonnet|0 fnt\n|faint|p1a: Brute Bonnet\n|-end|p1a: Brute Bonnet|Protosynthesis|[silent]\n|\n|win|Tudedude_cooldude\n|c| The23rdPower|LET'S GO\n|c|\u2606Tudedude_cooldude|LETS GOOOO\n|l|\u2606goobiathan\n|c|\u2606Tudedude_cooldude|gg tho\n|l| superoinge22\n|l| The23rdPower\n|j| The23rdPower\n","uploadtime":1699135407,"views":14,"p1id":"goobiathan","p2id":"tudedudecooldude","formatid":"gen9nationaldexubers","rating":0,"private":0,"password":""}