{"id":"gen9nationaldexubers-1996805927","p1":"pauz69","p2":"jannyster","format":"[Gen 9] National Dex Ubers","log":"|j|\u2606pauz69\n|j|\u2606jannyster\n|t:|1700728323\n|gametype|singles\n|player|p1|pauz69|cynthia|1047\n|player|p2|jannyster|1|1116\n|teamsize|p1|1\n|teamsize|p2|6\n|gen|9\n|tier|[Gen 9] National Dex Ubers\n|rated|\n|rule|HP Percentage Mod: HP is shown in percentages\n|rule|Endless Battle Clause: Forcing endless battles is banned\n|rule|OHKO Clause: OHKO moves are banned\n|rule|Evasion Moves Clause: Evasion moves are banned\n|rule|Evasion Items Clause: Evasion items are banned\n|rule|Species Clause: Limit one of each Pok\u00e9mon\n|rule|Sleep Clause Mod: Limit one foe put to sleep\n|rule|Mega Rayquaza Clause: You cannot mega evolve Rayquaza\n|clearpoke\n|poke|p1|Dudunsparce-*, F|\n|poke|p2|Scizor, M|\n|poke|p2|Yanmega, F|\n|poke|p2|Galvantula, M|\n|poke|p2|Volcarona, F|\n|poke|p2|Iron Moth|\n|poke|p2|Iron Valiant|\n|teampreview\n|c|\u2606jannyster|Dun dun Thun tun to thunn\n|\n|t:|1700728346\n|start\n|switch|p1a: Dudunsparce|Dudunsparce, F|100\/100\n|switch|p2a: Yanmega|Yanmega, F|100\/100\n|turn|1\n|\n|t:|1700728353\n|move|p2a: Yanmega|Tailwind|p2a: Yanmega\n|-sidestart|p2: jannyster|move: Tailwind\n|move|p1a: Dudunsparce|Ancient Power|p2a: Yanmega\n|-supereffective|p2a: Yanmega\n|-damage|p2a: Yanmega|27\/100\n|\n|upkeep\n|turn|2\n|\n|t:|1700728364\n|-terastallize|p2a: Yanmega|Bug\n|move|p2a: Yanmega|Bug Buzz|p1a: Dudunsparce\n|-damage|p1a: Dudunsparce|49\/100\n|move|p1a: Dudunsparce|Ancient Power|p2a: Yanmega\n|-supereffective|p2a: Yanmega\n|-damage|p2a: Yanmega|0 fnt\n|-boost|p1a: Dudunsparce|atk|1\n|-boost|p1a: Dudunsparce|def|1\n|-boost|p1a: Dudunsparce|spa|1\n|-boost|p1a: Dudunsparce|spd|1\n|-boost|p1a: Dudunsparce|spe|1\n|faint|p2a: Yanmega\n|\n|-heal|p1a: Dudunsparce|55\/100|[from] item: Leftovers\n|upkeep\n|\n|t:|1700728372\n|switch|p2a: Galvantula|Galvantula, M|100\/100\n|turn|3\n|\n|t:|1700728383\n|move|p2a: Galvantula|Thunder|p1a: Dudunsparce|[miss]\n|-miss|p2a: Galvantula|p1a: Dudunsparce\n|move|p1a: Dudunsparce|Roost|p1a: Dudunsparce\n|-heal|p1a: Dudunsparce|100\/100\n|-singleturn|p1a: Dudunsparce|move: Roost\n|\n|upkeep\n|turn|4\n|\n|t:|1700728386\n|move|p2a: Galvantula|Thunder|p1a: Dudunsparce\n|-damage|p1a: Dudunsparce|69\/100\n|-status|p1a: Dudunsparce|par\n|move|p1a: Dudunsparce|Ancient Power|p2a: Galvantula\n|-supereffective|p2a: Galvantula\n|-damage|p2a: Galvantula|31\/100\n|\n|-heal|p1a: Dudunsparce|75\/100 par|[from] item: Leftovers\n|-sideend|p2: jannyster|move: Tailwind\n|upkeep\n|turn|5\n|\n|t:|1700728395\n|move|p2a: Galvantula|Bug Buzz|p1a: Dudunsparce\n|-crit|p1a: Dudunsparce\n|-damage|p1a: Dudunsparce|18\/100 par\n|move|p1a: Dudunsparce|Ancient Power|p2a: Galvantula\n|-supereffective|p2a: Galvantula\n|-damage|p2a: Galvantula|0 fnt\n|faint|p2a: Galvantula\n|\n|-heal|p1a: Dudunsparce|25\/100 par|[from] item: Leftovers\n|upkeep\n|\n|t:|1700728398\n|switch|p2a: Iron Moth|Iron Moth|100\/100\n|turn|6\n|\n|t:|1700728420\n|move|p2a: Iron Moth|Sludge Wave|p1a: Dudunsparce\n|-damage|p1a: Dudunsparce|0 fnt\n|faint|p1a: Dudunsparce\n|\n|win|jannyster\n|raw|pauz69's rating: 1047 &rarr; <strong>1033<\/strong><br \/>(-14 for losing)\n|raw|jannyster's rating: 1116 &rarr; <strong>1136<\/strong><br \/>(+20 for winning)\n|l|\u2606pauz69\n","uploadtime":1700728426,"views":1,"p1id":"pauz69","p2id":"jannyster","formatid":"gen9nationaldexubers","rating":1033,"private":0,"password":""}