{"id":"gen9nationaldexubers-1994255942","p1":"KEL NUKE","p2":"time tematico","format":"[Gen 9] National Dex Ubers","log":"|j|\u2606KEL NUKE\n|j|\u2606time tematico\n|t:|1700424050\n|gametype|singles\n|player|p1|KEL NUKE|elesa|1266\n|player|p2|time tematico|265|1168\n|teamsize|p1|6\n|teamsize|p2|6\n|gen|9\n|tier|[Gen 9] National Dex Ubers\n|rated|\n|rule|HP Percentage Mod: HP is shown in percentages\n|rule|Endless Battle Clause: Forcing endless battles is banned\n|rule|OHKO Clause: OHKO moves are banned\n|rule|Evasion Moves Clause: Evasion moves are banned\n|rule|Evasion Items Clause: Evasion items are banned\n|rule|Species Clause: Limit one of each Pok\u00e9mon\n|rule|Sleep Clause Mod: Limit one foe put to sleep\n|rule|Mega Rayquaza Clause: You cannot mega evolve Rayquaza\n|clearpoke\n|poke|p1|Pelipper, F|\n|poke|p1|Palafin, M|\n|poke|p1|Kyogre|\n|poke|p1|Chien-Pao|\n|poke|p1|Scizor, M|\n|poke|p1|Iron Bundle|\n|poke|p2|Cloyster, M|\n|poke|p2|Nidoking, M|\n|poke|p2|Xerneas-*|\n|poke|p2|Alakazam, M|\n|poke|p2|Xurkitree|\n|poke|p2|Unfezant, F|\n|teampreview\n|inactive|Battle timer is ON: inactive players will automatically lose when time's up. (requested by KEL NUKE)\n|\n|t:|1700424056\n|start\n|switch|p1a: Palafin|Palafin, M|100\/100\n|switch|p2a: Unfezant|Unfezant, F|100\/100\n|turn|1\n|\n|t:|1700424062\n|detailschange|p1a: Palafin|Palafin-Hero, M\n|switch|p1a: Pelipper|Pelipper, F|100\/100\n|-weather|RainDance|[from] ability: Drizzle|[of] p1a: Pelipper\n|move|p2a: Unfezant|Focus Energy|p2a: Unfezant\n|-start|p2a: Unfezant|move: Focus Energy\n|\n|-weather|RainDance|[upkeep]\n|upkeep\n|turn|2\n|\n|t:|1700424091\n|move|p2a: Unfezant|Return|p1a: Pelipper\n|-crit|p1a: Pelipper\n|-damage|p1a: Pelipper|25\/100\n|move|p1a: Pelipper|U-turn|p2a: Unfezant\n|-resisted|p2a: Unfezant\n|-damage|p2a: Unfezant|95\/100\n|inactive|KEL NUKE has 120 seconds left.\n|\n|t:|1700424105\n|switch|p1a: Iron Bundle|Iron Bundle|100\/100|[from] U-turn\n|\n|-weather|RainDance|[upkeep]\n|upkeep\n|turn|3\n|\n|t:|1700424112\n|move|p1a: Iron Bundle|Flip Turn|p2a: Unfezant\n|-damage|p2a: Unfezant|64\/100\n|inactive|KEL NUKE has 120 seconds left.\n|\n|t:|1700424147\n|-end|p1a: Iron Bundle|Quark Drive|[silent]\n|switch|p1a: Scizor|Scizor, M|100\/100|[from] Flip Turn\n|move|p2a: Unfezant|Return|p1a: Scizor\n|-resisted|p1a: Scizor\n|-crit|p1a: Scizor\n|-damage|p1a: Scizor|58\/100\n|\n|-weather|RainDance|[upkeep]\n|upkeep\n|turn|4\n|inactive|KEL NUKE has 90 seconds left.\n|inactive|KEL NUKE has 60 seconds left.\n|inactive|KEL NUKE has 30 seconds left.\n|inactive|KEL NUKE has 20 seconds left.\n|\n|t:|1700424241\n|detailschange|p1a: Scizor|Scizor-Mega, M\n|-mega|p1a: Scizor|Scizor|Scizorite\n|move|p1a: Scizor|Bullet Punch|p2a: Unfezant\n|-crit|p2a: Unfezant\n|-damage|p2a: Unfezant|0 fnt\n|faint|p2a: Unfezant\n|\n|-weather|RainDance|[upkeep]\n|upkeep\n|inactive|KEL NUKE has 25 seconds left this turn.\n|\n|t:|1700424248\n|switch|p2a: Nidoking|Nidoking, M|100\/100\n|turn|5\n|inactive|KEL NUKE has 30 seconds left.\n|inactive|KEL NUKE has 20 seconds left.\n|inactive|KEL NUKE has 15 seconds left.\n|inactive|KEL NUKE has 10 seconds left.\n|\n|t:|1700424277\n|-terastallize|p2a: Nidoking|Fire\n|move|p1a: Scizor|Bullet Punch|p2a: Nidoking\n|-resisted|p2a: Nidoking\n|-damage|p2a: Nidoking|73\/100\n|move|p2a: Nidoking|Flamethrower|p1a: Scizor\n|-supereffective|p1a: Scizor\n|-damage|p1a: Scizor|0 fnt\n|faint|p1a: Scizor\n|\n|-weather|RainDance|[upkeep]\n|upkeep\n|inactive|KEL NUKE has 15 seconds left this turn.\n|inactive|KEL NUKE has 10 seconds left.\n|\n|t:|1700424285\n|switch|p1a: Palafin|Palafin-Hero, M|100\/100\n|-activate|p1a: Palafin|ability: Zero to Hero\n|turn|6\n|inactive|KEL NUKE has 20 seconds left this turn.\n|\n|t:|1700424309\n|move|p2a: Nidoking|Sludge Wave|p1a: Palafin\n|-damage|p1a: Palafin|33\/100\n|move|p1a: Palafin|Bulk Up|p1a: Palafin\n|-boost|p1a: Palafin|atk|1\n|-boost|p1a: Palafin|def|1\n|\n|-weather|RainDance|[upkeep]\n|upkeep\n|turn|7\n|inactive|KEL NUKE has 30 seconds left this turn.\n|\n|t:|1700424327\n|move|p1a: Palafin|Jet Punch|p2a: Nidoking\n|-supereffective|p2a: Nidoking\n|-damage|p2a: Nidoking|0 fnt\n|faint|p2a: Nidoking\n|\n|-weather|RainDance|[upkeep]\n|upkeep\n|inactive|KEL NUKE has 30 seconds left this turn.\n|\n|t:|1700424333\n|switch|p2a: Cloyster|Cloyster, M|100\/100\n|turn|8\n|\n|t:|1700424339\n|move|p2a: Cloyster|Shell Smash|p2a: Cloyster\n|-unboost|p2a: Cloyster|def|1\n|-unboost|p2a: Cloyster|spd|1\n|-boost|p2a: Cloyster|atk|2\n|-boost|p2a: Cloyster|spa|2\n|-boost|p2a: Cloyster|spe|2\n|move|p1a: Palafin|Drain Punch|p2a: Cloyster\n|-supereffective|p2a: Cloyster\n|-damage|p2a: Cloyster|0 fnt\n|-heal|p1a: Palafin|63\/100|[from] drain|[of] p2a: Cloyster\n|faint|p2a: Cloyster\n|\n|-weather|none\n|upkeep\n|\n|t:|1700424352\n|switch|p2a: Xurkitree|Xurkitree|100\/100\n|turn|9\n|\n|t:|1700424368\n|move|p2a: Xurkitree|Energy Ball|p1a: Palafin\n|-supereffective|p1a: Palafin\n|-damage|p1a: Palafin|0 fnt\n|faint|p1a: Palafin\n|-ability|p2a: Xurkitree|Beast Boost|boost\n|-boost|p2a: Xurkitree|spa|1\n|\n|upkeep\n|\n|t:|1700424376\n|switch|p1a: Chien-Pao|Chien-Pao|100\/100\n|-ability|p1a: Chien-Pao|Sword of Ruin\n|turn|10\n|\n|t:|1700424383\n|move|p1a: Chien-Pao|Crunch|p2a: Xurkitree\n|-damage|p2a: Xurkitree|17\/100\n|move|p2a: Xurkitree|Dazzling Gleam|p1a: Chien-Pao\n|-supereffective|p1a: Chien-Pao\n|-enditem|p1a: Chien-Pao|Focus Sash\n|-damage|p1a: Chien-Pao|1\/100\n|\n|upkeep\n|turn|11\n|\n|t:|1700424392\n|move|p1a: Chien-Pao|Ice Shard|p2a: Xurkitree\n|-damage|p2a: Xurkitree|0 fnt\n|faint|p2a: Xurkitree\n|\n|upkeep\n|\n|t:|1700424399\n|switch|p2a: Xerneas|Xerneas|100\/100\n|-ability|p2a: Xerneas|Fairy Aura\n|turn|12\n|\n|t:|1700424405\n|switch|p1a: Kyogre|Kyogre|100\/100\n|detailschange|p1a: Kyogre|Kyogre-Primal\n|-primal|p1a: Kyogre|Blue Orb\n|-weather|PrimordialSea|[from] ability: Primordial Sea|[of] p1a: Kyogre\n|move|p2a: Xerneas|Geomancy||[still]\n|-prepare|p2a: Xerneas|Geomancy\n|-enditem|p2a: Xerneas|Power Herb\n|-anim|p2a: Xerneas|Geomancy|p2a: Xerneas\n|-boost|p2a: Xerneas|spa|2\n|-boost|p2a: Xerneas|spd|2\n|-boost|p2a: Xerneas|spe|2\n|\n|-weather|PrimordialSea|[upkeep]\n|upkeep\n|turn|13\n|\n|t:|1700424419\n|move|p2a: Xerneas|Moonblast|p1a: Kyogre\n|-damage|p1a: Kyogre|17\/100\n|-unboost|p1a: Kyogre|spa|1\n|move|p1a: Kyogre|Origin Pulse|p2a: Xerneas\n|-damage|p2a: Xerneas|68\/100\n|\n|-weather|PrimordialSea|[upkeep]\n|upkeep\n|turn|14\n|\n|t:|1700424432\n|move|p2a: Xerneas|Moonblast|p1a: Kyogre\n|-damage|p1a: Kyogre|0 fnt\n|faint|p1a: Kyogre\n|-weather|none\n|\n|upkeep\n|\n|t:|1700424435\n|switch|p1a: Pelipper|Pelipper, F|25\/100\n|-weather|RainDance|[from] ability: Drizzle|[of] p1a: Pelipper\n|turn|15\n|\n|t:|1700424440\n|move|p2a: Xerneas|Moonblast|p1a: Pelipper\n|-damage|p1a: Pelipper|0 fnt\n|faint|p1a: Pelipper\n|\n|-weather|RainDance|[upkeep]\n|upkeep\n|\n|t:|1700424443\n|switch|p1a: Iron Bundle|Iron Bundle|100\/100\n|turn|16\n|\n|t:|1700424448\n|-terastallize|p1a: Iron Bundle|Ice\n|move|p2a: Xerneas|Moonblast|p1a: Iron Bundle\n|-damage|p1a: Iron Bundle|0 fnt\n|faint|p1a: Iron Bundle\n|-end|p1a: Iron Bundle|Quark Drive|[silent]\n|\n|-weather|RainDance|[upkeep]\n|upkeep\n|\n|t:|1700424454\n|switch|p1a: Chien-Pao|Chien-Pao|1\/100\n|-ability|p1a: Chien-Pao|Sword of Ruin\n|turn|17\n|\n|t:|1700424458\n|move|p1a: Chien-Pao|Ice Shard|p2a: Xerneas\n|-damage|p2a: Xerneas|42\/100\n|move|p2a: Xerneas|Moonblast|p1a: Chien-Pao\n|-supereffective|p1a: Chien-Pao\n|-damage|p1a: Chien-Pao|0 fnt\n|faint|p1a: Chien-Pao\n|\n|win|time tematico\n|raw|KEL NUKE's rating: 1266 &rarr; <strong>1233<\/strong><br \/>(-33 for losing)\n|raw|time tematico's rating: 1158 &rarr; <strong>1191<\/strong><br \/>(+33 for winning)\n|l|\u2606KEL NUKE\n","uploadtime":1700424466,"views":11,"p1id":"kelnuke","p2id":"timetematico","formatid":"gen9nationaldexubers","rating":1191,"private":0,"password":""}