{"id":"gen9nationaldexubers-1978553401","p1":"ShadeDoll","p2":"Angel Karma","format":"[Gen 9] National Dex Ubers","log":"|j|\u2606ShadeDoll\n|j|\u2606Angel Karma\n|t:|1698554919\n|gametype|singles\n|player|p1|ShadeDoll|giovanni|1456\n|player|p2|Angel Karma|unknown|1532\n|teamsize|p1|6\n|teamsize|p2|6\n|gen|9\n|tier|[Gen 9] National Dex Ubers\n|rated|\n|rule|HP Percentage Mod: HP is shown in percentages\n|rule|Endless Battle Clause: Forcing endless battles is banned\n|rule|OHKO Clause: OHKO moves are banned\n|rule|Evasion Moves Clause: Evasion moves are banned\n|rule|Evasion Items Clause: Evasion items are banned\n|rule|Species Clause: Limit one of each Pok\u00e9mon\n|rule|Sleep Clause Mod: Limit one foe put to sleep\n|rule|Mega Rayquaza Clause: You cannot mega evolve Rayquaza\n|clearpoke\n|poke|p1|Sableye, M|\n|poke|p1|Banette, M|\n|poke|p1|Giratina-Origin|\n|poke|p1|Dragapult, F|\n|poke|p1|Zoroark-Hisui, M|\n|poke|p1|Marshadow|\n|poke|p2|Haxorus, M|\n|poke|p2|Groudon|\n|poke|p2|Basculegion, M|\n|poke|p2|Yveltal|\n|poke|p2|Flutter Mane|\n|poke|p2|Lucario, F|\n|teampreview\n|\n|t:|1698554935\n|start\n|switch|p1a: Terastall eater|Sableye, M|100\/100\n|switch|p2a: Groudon|Groudon, shiny|100\/100\n|detailschange|p2a: Groudon|Groudon-Primal, shiny\n|-primal|p2a: Groudon|Red Orb\n|-weather|DesolateLand|[from] ability: Desolate Land|[of] p2a: Groudon\n|turn|1\n|inactive|Battle timer is ON: inactive players will automatically lose when time's up. (requested by Angel Karma)\n|\n|t:|1698554962\n|-weather|none\n|switch|p2a: Lucario|Lucario, F, shiny|100\/100\n|move|p1a: Terastall eater|Metal Burst||[still]\n|-fail|p1a: Terastall eater\n|\n|upkeep\n|turn|2\n|\n|t:|1698554970\n|move|p2a: Lucario|Bullet Punch|p1a: Terastall eater\n|-damage|p1a: Terastall eater|73\/100\n|move|p1a: Terastall eater|Metal Burst|p2a: Lucario\n|-damage|p2a: Lucario|56\/100\n|\n|upkeep\n|turn|3\n|\n|t:|1698554978\n|detailschange|p2a: Lucario|Lucario-Mega, F, shiny\n|-mega|p2a: Lucario|Lucario|Lucarionite\n|move|p2a: Lucario|Stone Edge|p1a: Terastall eater\n|-damage|p1a: Terastall eater|15\/100\n|move|p1a: Terastall eater|Metal Burst|p2a: Lucario\n|-damage|p2a: Lucario|0 fnt\n|faint|p2a: Lucario\n|\n|upkeep\n|\n|t:|1698554989\n|switch|p2a: Yveltal|Yveltal|100\/100\n|-ability|p2a: Yveltal|Dark Aura\n|turn|4\n|\n|t:|1698554994\n|move|p1a: Terastall eater|Shadow Sneak|p2a: Yveltal\n|-resisted|p2a: Yveltal\n|-damage|p2a: Yveltal|94\/100\n|move|p2a: Yveltal|Dark Pulse|p1a: Terastall eater\n|-damage|p1a: Terastall eater|0 fnt\n|faint|p1a: Terastall eater\n|\n|upkeep\n|\n|t:|1698554999\n|switch|p1a: Deproblemator|Banette, M|100\/100\n|turn|5\n|\n|t:|1698555008\n|switch|p2a: Flutter Mane|Flutter Mane|100\/100\n|detailschange|p1a: Deproblemator|Banette-Mega, M\n|-mega|p1a: Deproblemator|Banette|Banettite\n|move|p1a: Deproblemator|Destiny Bond|p1a: Deproblemator\n|-singlemove|p1a: Deproblemator|Destiny Bond\n|\n|upkeep\n|turn|6\n|\n|t:|1698555017\n|switch|p1a: Dragapult|Dragapult, F|100\/100\n|move|p2a: Flutter Mane|Thunder Wave|p1a: Dragapult|[miss]\n|-miss|p2a: Flutter Mane|p1a: Dragapult\n|\n|upkeep\n|turn|7\n|\n|t:|1698555025\n|move|p2a: Flutter Mane|Thunder Wave|p1a: Dragapult\n|-status|p1a: Dragapult|par\n|move|p1a: Dragapult|Bitter Malice|p2a: Flutter Mane\n|-supereffective|p2a: Flutter Mane\n|-damage|p2a: Flutter Mane|22\/100\n|-unboost|p2a: Flutter Mane|atk|1\n|\n|upkeep\n|turn|8\n|\n|t:|1698555036\n|-end|p2a: Flutter Mane|Protosynthesis|[silent]\n|switch|p2a: Yveltal|Yveltal|94\/100\n|-ability|p2a: Yveltal|Dark Aura\n|cant|p1a: Dragapult|par\n|\n|upkeep\n|turn|9\n|\n|t:|1698555045\n|move|p2a: Yveltal|Dark Pulse|p1a: Dragapult\n|-supereffective|p1a: Dragapult\n|-enditem|p1a: Dragapult|Focus Sash\n|-damage|p1a: Dragapult|1\/100 par\n|replace|p1a: The Power of Zv2.0|Zoroark-Hisui, M\n|-end|p1a: The Power of Zv2.0|Illusion\n|move|p1a: The Power of Zv2.0|Taunt|p2a: Yveltal\n|-start|p2a: Yveltal|move: Taunt\n|\n|upkeep\n|turn|10\n|\n|t:|1698555055\n|move|p2a: Yveltal|Dark Pulse|p1a: The Power of Zv2.0\n|-supereffective|p1a: The Power of Zv2.0\n|-damage|p1a: The Power of Zv2.0|0 fnt\n|faint|p1a: The Power of Zv2.0\n|\n|upkeep\n|\n|t:|1698555058\n|switch|p1a: Deproblemator|Banette-Mega, M|100\/100\n|turn|11\n|\n|t:|1698555066\n|switch|p2a: Haxorus|Haxorus, M|100\/100\n|-ability|p2a: Haxorus|Mold Breaker\n|move|p1a: Deproblemator|Destiny Bond|p1a: Deproblemator\n|-singlemove|p1a: Deproblemator|Destiny Bond\n|\n|upkeep\n|turn|12\n|\n|t:|1698555074\n|move|p1a: Deproblemator|Swords Dance|p1a: Deproblemator\n|-boost|p1a: Deproblemator|atk|2\n|-enditem|p2a: Haxorus|Mirror Herb\n|-boost|p2a: Haxorus|atk|2|[from] item: Mirror Herb\n|move|p2a: Haxorus|Dragon Dance|p2a: Haxorus\n|-boost|p2a: Haxorus|atk|1\n|-boost|p2a: Haxorus|spe|1\n|\n|upkeep\n|turn|13\n|\n|t:|1698555088\n|move|p1a: Deproblemator|Destiny Bond|p1a: Deproblemator\n|-singlemove|p1a: Deproblemator|Destiny Bond\n|move|p2a: Haxorus|Iron Head|p1a: Deproblemator\n|-damage|p1a: Deproblemator|0 fnt\n|faint|p1a: Deproblemator\n|-activate|p1a: Deproblemator|move: Destiny Bond\n|faint|p2a: Haxorus\n|\n|upkeep\n|\n|t:|1698555101\n|switch|p2a: Yveltal|Yveltal|94\/100\n|switch|p1a: Giratina|Giratina-Origin, shiny|100\/100\n|-ability|p2a: Yveltal|Dark Aura\n|turn|14\n|\n|t:|1698555114\n|switch|p2a: Flutter Mane|Flutter Mane|22\/100\n|-terastallize|p1a: Giratina|Electric\n|move|p1a: Giratina|Outrage|p2a: Flutter Mane\n|-immune|p2a: Flutter Mane\n|\n|upkeep\n|turn|15\n|\n|t:|1698555126\n|-terastallize|p2a: Flutter Mane|Ground\n|move|p1a: Giratina|Shadow Sneak|p2a: Flutter Mane\n|-damage|p2a: Flutter Mane|0 fnt\n|faint|p2a: Flutter Mane\n|-end|p2a: Flutter Mane|Protosynthesis|[silent]\n|\n|upkeep\n|\n|t:|1698555134\n|switch|p2a: Basculegion|Basculegion, M|100\/100\n|turn|16\n|\n|t:|1698555139\n|move|p2a: Basculegion|Last Respects|p1a: Giratina\n|-damage|p1a: Giratina|0 fnt\n|faint|p1a: Giratina\n|\n|upkeep\n|\n|t:|1698555144\n|switch|p1a: MrStealUrStats|Marshadow|100\/100\n|turn|17\n|\n|t:|1698555148\n|move|p2a: Basculegion|Last Respects|p1a: MrStealUrStats\n|-supereffective|p1a: MrStealUrStats\n|-enditem|p1a: MrStealUrStats|Focus Sash\n|-damage|p1a: MrStealUrStats|1\/100\n|move|p1a: MrStealUrStats|Spectral Thief|p2a: Basculegion\n|-supereffective|p2a: Basculegion\n|-damage|p2a: Basculegion|0 fnt\n|faint|p2a: Basculegion\n|\n|upkeep\n|\n|t:|1698555160\n|switch|p2a: Groudon|Groudon-Primal, shiny|100\/100\n|-weather|DesolateLand|[from] ability: Desolate Land|[of] p2a: Groudon\n|turn|18\n|\n|t:|1698555182\n|move|p1a: MrStealUrStats|Spectral Thief|p2a: Groudon\n|-crit|p2a: Groudon\n|-damage|p2a: Groudon|58\/100\n|move|p2a: Groudon|Heat Crash|p1a: MrStealUrStats\n|-damage|p1a: MrStealUrStats|0 fnt\n|faint|p1a: MrStealUrStats\n|\n|-weather|DesolateLand|[upkeep]\n|upkeep\n|-message|ShadeDoll forfeited.\n|\n|win|Angel Karma\n|raw|ShadeDoll's rating: 1456 &rarr; <strong>1440<\/strong><br \/>(-16 for losing)\n|raw|Angel Karma's rating: 1532 &rarr; <strong>1548<\/strong><br \/>(+16 for winning)\n|l|\u2606ShadeDoll\n","uploadtime":1698555195,"views":12,"p1id":"shadedoll","p2id":"angelkarma","formatid":"gen9nationaldexubers","rating":1440,"private":0,"password":""}