{"id":"gen9nationaldexubers-1978541441","p1":"BTT2023","p2":"reallydumb","format":"[Gen 9] National Dex Ubers","log":"|j|\u2606BTT2023\n|j|\u2606reallydumb\n|t:|1698552996\n|gametype|singles\n|player|p1|BTT2023|red|1146\n|player|p2|reallydumb|170|1170\n|teamsize|p1|6\n|teamsize|p2|6\n|gen|9\n|tier|[Gen 9] National Dex Ubers\n|rated|\n|rule|HP Percentage Mod: HP is shown in percentages\n|rule|Endless Battle Clause: Forcing endless battles is banned\n|rule|OHKO Clause: OHKO moves are banned\n|rule|Evasion Moves Clause: Evasion moves are banned\n|rule|Evasion Items Clause: Evasion items are banned\n|rule|Species Clause: Limit one of each Pok\u00e9mon\n|rule|Sleep Clause Mod: Limit one foe put to sleep\n|rule|Mega Rayquaza Clause: You cannot mega evolve Rayquaza\n|clearpoke\n|poke|p1|Groudon|\n|poke|p1|Kyogre|\n|poke|p1|Rayquaza|\n|poke|p1|Yveltal|\n|poke|p1|Xerneas-*|\n|poke|p1|Zygarde|\n|poke|p2|Pineco, L1, M|\n|poke|p2|Blastoise, F|\n|poke|p2|Regieleki|\n|poke|p2|Moltres-Galar|\n|poke|p2|Quagsire, F|\n|poke|p2|Dugtrio, M|\n|teampreview\n|\n|t:|1698553013\n|start\n|switch|p1a: Xerneas|Xerneas|100\/100\n|switch|p2a: Pineco|Pineco, L1, M|100\/100\n|-ability|p1a: Xerneas|Fairy Aura\n|turn|1\n|\n|t:|1698553020\n|move|p1a: Xerneas|Geomancy||[still]\n|-prepare|p1a: Xerneas|Geomancy\n|-enditem|p1a: Xerneas|Power Herb\n|-anim|p1a: Xerneas|Geomancy|p1a: Xerneas\n|-boost|p1a: Xerneas|spa|2\n|-boost|p1a: Xerneas|spd|2\n|-boost|p1a: Xerneas|spe|2\n|move|p2a: Pineco|Stealth Rock|p1a: Xerneas\n|-sidestart|p1: BTT2023|move: Stealth Rock\n|\n|upkeep\n|turn|2\n|\n|t:|1698553026\n|move|p1a: Xerneas|Moonblast|p2a: Pineco\n|-ability|p2a: Pineco|Sturdy\n|-damage|p2a: Pineco|9\/100\n|-enditem|p2a: Pineco|Berry Juice\n|-heal|p2a: Pineco|100\/100|[from] item: Berry Juice\n|move|p2a: Pineco|Spikes|p1a: Xerneas\n|-sidestart|p1: BTT2023|Spikes\n|\n|upkeep\n|turn|3\n|\n|t:|1698553033\n|move|p1a: Xerneas|Thunderbolt|p2a: Pineco\n|-ability|p2a: Pineco|Sturdy\n|-damage|p2a: Pineco|9\/100\n|move|p2a: Pineco|Pain Split|p1a: Xerneas\n|-sethp|p1a: Xerneas|51\/100|[from] move: Pain Split|[silent]\n|-sethp|p2a: Pineco|100\/100|[from] move: Pain Split\n|\n|upkeep\n|turn|4\n|\n|t:|1698553043\n|move|p1a: Xerneas|Thunderbolt|p2a: Pineco\n|-ability|p2a: Pineco|Sturdy\n|-damage|p2a: Pineco|9\/100\n|move|p2a: Pineco|Pain Split|p1a: Xerneas\n|-sethp|p1a: Xerneas|26\/100|[from] move: Pain Split|[silent]\n|-sethp|p2a: Pineco|100\/100|[from] move: Pain Split\n|\n|upkeep\n|turn|5\n|\n|t:|1698553048\n|move|p1a: Xerneas|Thunderbolt|p2a: Pineco\n|-ability|p2a: Pineco|Sturdy\n|-damage|p2a: Pineco|9\/100\n|move|p2a: Pineco|Pain Split|p1a: Xerneas\n|-sethp|p1a: Xerneas|13\/100|[from] move: Pain Split|[silent]\n|-sethp|p2a: Pineco|100\/100|[from] move: Pain Split\n|\n|upkeep\n|turn|6\n|\n|t:|1698553051\n|move|p1a: Xerneas|Thunderbolt|p2a: Pineco\n|-ability|p2a: Pineco|Sturdy\n|-damage|p2a: Pineco|9\/100\n|move|p2a: Pineco|Pain Split|p1a: Xerneas\n|-sethp|p1a: Xerneas|7\/100|[from] move: Pain Split|[silent]\n|-sethp|p2a: Pineco|100\/100|[from] move: Pain Split\n|\n|upkeep\n|turn|7\n|\n|t:|1698553058\n|move|p1a: Xerneas|Thunderbolt|p2a: Pineco\n|-ability|p2a: Pineco|Sturdy\n|-damage|p2a: Pineco|9\/100\n|move|p2a: Pineco|Pain Split|p1a: Xerneas\n|-sethp|p1a: Xerneas|4\/100|[from] move: Pain Split|[silent]\n|-sethp|p2a: Pineco|100\/100|[from] move: Pain Split\n|\n|upkeep\n|turn|8\n|\n|t:|1698553070\n|move|p1a: Xerneas|Thunderbolt|p2a: Pineco\n|-ability|p2a: Pineco|Sturdy\n|-damage|p2a: Pineco|9\/100\n|move|p2a: Pineco|Spikes|p1a: Xerneas\n|-sidestart|p1: BTT2023|Spikes\n|\n|upkeep\n|turn|9\n|\n|t:|1698553076\n|move|p1a: Xerneas|Thunderbolt|p2a: Pineco\n|-damage|p2a: Pineco|0 fnt\n|faint|p2a: Pineco\n|\n|upkeep\n|\n|t:|1698553078\n|switch|p2a: Quagsire|Quagsire, F, shiny|100\/100\n|turn|10\n|\n|t:|1698553084\n|move|p1a: Xerneas|Moonblast|p2a: Quagsire\n|-damage|p2a: Quagsire|17\/100\n|move|p2a: Quagsire|Scald|p1a: Xerneas\n|-damage|p1a: Xerneas|0 fnt\n|faint|p1a: Xerneas\n|\n|-heal|p2a: Quagsire|23\/100|[from] item: Leftovers\n|upkeep\n|\n|t:|1698553097\n|switch|p1a: Groudon|Groudon|100\/100\n|-damage|p1a: Groudon|94\/100|[from] Stealth Rock\n|-damage|p1a: Groudon|78\/100|[from] Spikes\n|detailschange|p1a: Groudon|Groudon-Primal\n|-primal|p1a: Groudon|Red Orb\n|-weather|DesolateLand|[from] ability: Desolate Land|[of] p1a: Groudon\n|turn|11\n|\n|t:|1698553100\n|move|p1a: Groudon|Solar Beam||[still]\n|-prepare|p1a: Groudon|Solar Beam\n|-anim|p1a: Groudon|Solar Beam|p2a: Quagsire\n|-supereffective|p2a: Quagsire\n|-damage|p2a: Quagsire|0 fnt\n|faint|p2a: Quagsire\n|\n|-weather|DesolateLand|[upkeep]\n|upkeep\n|\n|t:|1698553102\n|switch|p2a: Regieleki|Regieleki|100\/100\n|turn|12\n|\n|t:|1698553107\n|move|p2a: Regieleki|Light Screen|p2a: Regieleki\n|-sidestart|p2: reallydumb|move: Light Screen\n|move|p1a: Groudon|Precipice Blades|p2a: Regieleki\n|-supereffective|p2a: Regieleki\n|-damage|p2a: Regieleki|0 fnt\n|faint|p2a: Regieleki\n|\n|-weather|DesolateLand|[upkeep]\n|upkeep\n|\n|t:|1698553113\n|switch|p2a: Moltres|Moltres-Galar, shiny|100\/100\n|turn|13\n|\n|t:|1698553120\n|move|p1a: Groudon|Eruption|p2a: Moltres\n|-damage|p2a: Moltres|65\/100\n|move|p2a: Moltres|Agility|p2a: Moltres\n|-boost|p2a: Moltres|spe|2\n|\n|-weather|DesolateLand|[upkeep]\n|upkeep\n|turn|14\n|\n|t:|1698553126\n|move|p2a: Moltres|Nasty Plot|p2a: Moltres\n|-boost|p2a: Moltres|spa|2\n|move|p1a: Groudon|Heavy Slam|p2a: Moltres\n|-damage|p2a: Moltres|6\/100\n|-ability|p2a: Moltres|Berserk|boost\n|-boost|p2a: Moltres|spa|1\n|\n|-weather|DesolateLand|[upkeep]\n|upkeep\n|turn|15\n|\n|t:|1698553133\n|-zpower|p2a: Moltres\n|move|p2a: Moltres|Supersonic Skystrike|p1a: Groudon|[zeffect]\n|-damage|p1a: Groudon|0 fnt\n|faint|p1a: Groudon\n|-weather|none\n|\n|upkeep\n|\n|t:|1698553137\n|switch|p1a: Zygarde|Zygarde|100\/100\n|-damage|p1a: Zygarde|94\/100|[from] Stealth Rock\n|-damage|p1a: Zygarde|78\/100|[from] Spikes\n|turn|16\n|\n|t:|1698553140\n|move|p1a: Zygarde|Extreme Speed|p2a: Moltres\n|-damage|p2a: Moltres|0 fnt\n|faint|p2a: Moltres\n|\n|upkeep\n|\n|t:|1698553143\n|switch|p2a: Blastoise|Blastoise, F|100\/100\n|turn|17\n|l|\u2606reallydumb\n|player|p2|\n|j|\u2606reallydumb\n|player|p2|reallydumb|170\n|\n|t:|1698553157\n|detailschange|p2a: Blastoise|Blastoise-Mega, F\n|-mega|p2a: Blastoise|Blastoise|Blastoisinite\n|move|p1a: Zygarde|Dragon Dance|p1a: Zygarde\n|-boost|p1a: Zygarde|atk|1\n|-boost|p1a: Zygarde|spe|1\n|move|p2a: Blastoise|Shell Smash|p2a: Blastoise\n|-unboost|p2a: Blastoise|def|1\n|-unboost|p2a: Blastoise|spd|1\n|-boost|p2a: Blastoise|atk|2\n|-boost|p2a: Blastoise|spa|2\n|-boost|p2a: Blastoise|spe|2\n|\n|upkeep\n|turn|18\n|\n|t:|1698553169\n|move|p2a: Blastoise|Ice Beam|p1a: Zygarde\n|-supereffective|p1a: Zygarde\n|-damage|p1a: Zygarde|0 fnt\n|faint|p1a: Zygarde\n|\n|upkeep\n|\n|t:|1698553175\n|switch|p1a: Kyogre|Kyogre|100\/100\n|-damage|p1a: Kyogre|88\/100|[from] Stealth Rock\n|-damage|p1a: Kyogre|72\/100|[from] Spikes\n|detailschange|p1a: Kyogre|Kyogre-Primal\n|-primal|p1a: Kyogre|Blue Orb\n|-weather|PrimordialSea|[from] ability: Primordial Sea|[of] p1a: Kyogre\n|turn|19\n|\n|t:|1698553177\n|move|p2a: Blastoise|Dark Pulse|p1a: Kyogre\n|-damage|p1a: Kyogre|12\/100\n|move|p1a: Kyogre|Thunder|p2a: Blastoise\n|-supereffective|p2a: Blastoise\n|-damage|p2a: Blastoise|30\/100\n|\n|-weather|PrimordialSea|[upkeep]\n|-sideend|p2: reallydumb|move: Light Screen\n|upkeep\n|turn|20\n|\n|t:|1698553184\n|move|p2a: Blastoise|Dark Pulse|p1a: Kyogre\n|-damage|p1a: Kyogre|0 fnt\n|faint|p1a: Kyogre\n|-weather|none\n|\n|upkeep\n|\n|t:|1698553189\n|switch|p1a: Rayquaza|Rayquaza|100\/100\n|-damage|p1a: Rayquaza|76\/100|[from] Stealth Rock\n|-ability|p1a: Rayquaza|Air Lock\n|turn|21\n|-activate|p1a: Rayquaza|item: Quick Claw\n|\n|t:|1698553191\n|move|p1a: Rayquaza|Extreme Speed|p2a: Blastoise\n|-damage|p2a: Blastoise|0 fnt\n|faint|p2a: Blastoise\n|\n|upkeep\n|\n|t:|1698553194\n|switch|p2a: Dugtrio|Dugtrio, M|100\/100\n|turn|22\n|-activate|p1a: Rayquaza|item: Quick Claw\n|\n|t:|1698553199\n|move|p1a: Rayquaza|Dragon Dance|p1a: Rayquaza\n|-boost|p1a: Rayquaza|atk|1\n|-boost|p1a: Rayquaza|spe|1\n|move|p2a: Dugtrio|Stone Edge|p1a: Rayquaza\n|-supereffective|p1a: Rayquaza\n|-damage|p1a: Rayquaza|8\/100\n|\n|upkeep\n|turn|23\n|\n|t:|1698553208\n|move|p2a: Dugtrio|Stone Edge|p1a: Rayquaza\n|-supereffective|p1a: Rayquaza\n|-damage|p1a: Rayquaza|0 fnt\n|faint|p1a: Rayquaza\n|\n|upkeep\n|\n|t:|1698553214\n|switch|p1a: Yveltal|Yveltal|100\/100\n|-damage|p1a: Yveltal|76\/100|[from] Stealth Rock\n|-ability|p1a: Yveltal|Dark Aura\n|turn|24\n|\n|t:|1698553224\n|move|p2a: Dugtrio|Stone Edge|p1a: Yveltal\n|-supereffective|p1a: Yveltal\n|-damage|p1a: Yveltal|14\/100\n|move|p1a: Yveltal|Oblivion Wing|p2a: Dugtrio\n|-damage|p2a: Dugtrio|0 fnt\n|-heal|p1a: Yveltal|55\/100|[from] drain|[of] p2a: Dugtrio\n|faint|p2a: Dugtrio\n|-damage|p1a: Yveltal|45\/100|[from] item: Life Orb\n|\n|win|BTT2023\n|raw|BTT2023's rating: 1146 &rarr; <strong>1173<\/strong><br \/>(+27 for winning)\n|raw|reallydumb's rating: 1170 &rarr; <strong>1143<\/strong><br \/>(-27 for losing)\n|l|\u2606reallydumb\n|c|\u2606BTT2023|GG :)\n","uploadtime":1698553236,"views":13,"p1id":"btt2023","p2id":"reallydumb","formatid":"gen9nationaldexubers","rating":1143,"private":0,"password":""}