{"id":"gen9nationaldexubers-1988540931","p1":"jacothaptrllr","p2":"Tysa_3s","format":"[Gen 9] National Dex Ubers","log":"|j|\u2606jacothaptrllr\n|j|\u2606Tysa_3s\n|t:|1699733994\n|gametype|singles\n|player|p1|jacothaptrllr|shadowtriad|1106\n|player|p2|Tysa_3s|102|1072\n|teamsize|p1|6\n|teamsize|p2|6\n|gen|9\n|tier|[Gen 9] National Dex Ubers\n|rated|\n|rule|HP Percentage Mod: HP is shown in percentages\n|rule|Endless Battle Clause: Forcing endless battles is banned\n|rule|OHKO Clause: OHKO moves are banned\n|rule|Evasion Moves Clause: Evasion moves are banned\n|rule|Evasion Items Clause: Evasion items are banned\n|rule|Species Clause: Limit one of each Pok\u00e9mon\n|rule|Sleep Clause Mod: Limit one foe put to sleep\n|rule|Mega Rayquaza Clause: You cannot mega evolve Rayquaza\n|clearpoke\n|poke|p1|Goodra-Hisui, M|\n|poke|p1|Iron Valiant|\n|poke|p1|Skeledirge, F|\n|poke|p1|Thundurus-Therian, M|\n|poke|p1|Deoxys-Speed|\n|poke|p1|Annihilape, F|\n|poke|p2|Blastoise, F|\n|poke|p2|Dragonite, F|\n|poke|p2|Rayquaza|\n|poke|p2|Ho-Oh|\n|poke|p2|Arceus-Poison|\n|poke|p2|Marshadow|\n|teampreview\n|inactive|Battle timer is ON: inactive players will automatically lose when time's up. (requested by jacothaptrllr)\n|\n|t:|1699734007\n|start\n|switch|p1a: big stepper #1|Goodra-Hisui, M|100\/100\n|switch|p2a: Marshadow|Marshadow|100\/100\n|-item|p1a: big stepper #1|Air Balloon\n|turn|1\n|\n|t:|1699734032\n|switch|p1a: big stepper #8|Annihilape, F|100\/100\n|-terastallize|p2a: Marshadow|Fighting\n|move|p2a: Marshadow|Shadow Sneak|p1a: big stepper #8\n|-supereffective|p1a: big stepper #8\n|-crit|p1a: big stepper #8\n|-damage|p1a: big stepper #8|17\/100\n|-damage|p2a: Marshadow|84\/100|[from] item: Rocky Helmet|[of] p1a: big stepper #8\n|\n|-heal|p2a: Marshadow|90\/100|[from] item: Leftovers\n|upkeep\n|turn|2\n|\n|t:|1699734044\n|move|p2a: Marshadow|Shadow Sneak|p1a: big stepper #8\n|-supereffective|p1a: big stepper #8\n|-damage|p1a: big stepper #8|0 fnt\n|-damage|p2a: Marshadow|73\/100|[from] item: Rocky Helmet|[of] p1a: big stepper #8\n|faint|p1a: big stepper #8\n|\n|-heal|p2a: Marshadow|80\/100|[from] item: Leftovers\n|upkeep\n|\n|t:|1699734054\n|switch|p1a: big stepper #2|Iron Valiant|100\/100\n|-enditem|p1a: big stepper #2|Booster Energy\n|-activate|p1a: big stepper #2|ability: Quark Drive|[fromitem]\n|-start|p1a: big stepper #2|quarkdrivespe\n|turn|3\n|\n|t:|1699734065\n|move|p1a: big stepper #2|Spirit Break|p2a: Marshadow\n|-supereffective|p2a: Marshadow\n|-damage|p2a: Marshadow|3\/100\n|-unboost|p2a: Marshadow|spa|1\n|move|p2a: Marshadow|Bulk Up|p2a: Marshadow\n|-boost|p2a: Marshadow|atk|1\n|-boost|p2a: Marshadow|def|1\n|\n|-heal|p2a: Marshadow|9\/100|[from] item: Leftovers\n|upkeep\n|turn|4\n|\n|t:|1699734077\n|move|p2a: Marshadow|Shadow Sneak|p1a: big stepper #2\n|-damage|p1a: big stepper #2|54\/100\n|move|p1a: big stepper #2|Spirit Break|p2a: Marshadow\n|-supereffective|p2a: Marshadow\n|-damage|p2a: Marshadow|0 fnt\n|faint|p2a: Marshadow\n|\n|upkeep\n|\n|t:|1699734087\n|switch|p2a: Dragonite|Dragonite, F|100\/100\n|turn|5\n|\n|t:|1699734093\n|move|p1a: big stepper #2|Knock Off|p2a: Dragonite\n|-damage|p2a: Dragonite|69\/100\n|-enditem|p2a: Dragonite|Leftovers|[from] move: Knock Off|[of] p1a: big stepper #2\n|move|p2a: Dragonite|Dragon Dance|p2a: Dragonite\n|-boost|p2a: Dragonite|atk|1\n|-boost|p2a: Dragonite|spe|1\n|\n|upkeep\n|turn|6\n|\n|t:|1699734102\n|move|p2a: Dragonite|Extreme Speed|p1a: big stepper #2\n|-damage|p1a: big stepper #2|10\/100\n|move|p1a: big stepper #2|Encore|p2a: Dragonite\n|-start|p2a: Dragonite|Encore\n|\n|upkeep\n|turn|7\n|\n|t:|1699734111\n|-end|p1a: big stepper #2|Quark Drive|[silent]\n|switch|p1a: Mr Morale|Skeledirge, F|100\/100\n|move|p2a: Dragonite|Extreme Speed|p1a: Mr Morale\n|-immune|p1a: Mr Morale\n|\n|upkeep\n|turn|8\n|\n|t:|1699734126\n|switch|p2a: Blastoise|Blastoise, F|100\/100\n|move|p1a: Mr Morale|Substitute|p1a: Mr Morale\n|-start|p1a: Mr Morale|Substitute\n|-damage|p1a: Mr Morale|76\/100\n|\n|upkeep\n|turn|9\n|\n|t:|1699734136\n|detailschange|p2a: Blastoise|Blastoise-Mega, F\n|-mega|p2a: Blastoise|Blastoise|Blastoisinite\n|move|p2a: Blastoise|Fake Out|p1a: Mr Morale\n|-immune|p1a: Mr Morale\n|move|p1a: Mr Morale|Torch Song|p2a: Blastoise\n|-resisted|p2a: Blastoise\n|-damage|p2a: Blastoise|86\/100\n|-boost|p1a: Mr Morale|spa|1\n|\n|upkeep\n|turn|10\n|\n|t:|1699734148\n|move|p2a: Blastoise|Aqua Tail|p1a: Mr Morale\n|-supereffective|p1a: Mr Morale\n|-end|p1a: Mr Morale|Substitute\n|move|p1a: Mr Morale|Torch Song|p2a: Blastoise\n|-resisted|p2a: Blastoise\n|-damage|p2a: Blastoise|64\/100\n|-boost|p1a: Mr Morale|spa|1\n|\n|upkeep\n|turn|11\n|\n|t:|1699734157\n|switch|p1a: big stepper #1|Goodra-Hisui, M|100\/100\n|-item|p1a: big stepper #1|Air Balloon\n|move|p2a: Blastoise|Aqua Tail|p1a: big stepper #1|[miss]\n|-miss|p2a: Blastoise|p1a: big stepper #1\n|\n|upkeep\n|turn|12\n|\n|t:|1699734167\n|move|p2a: Blastoise|Aqua Tail|p1a: big stepper #1\n|-resisted|p1a: big stepper #1\n|-damage|p1a: big stepper #1|86\/100\n|-ability|p1a: big stepper #1|Gooey\n|-unboost|p2a: Blastoise|spe|1\n|-enditem|p1a: big stepper #1|Air Balloon\n|move|p1a: big stepper #1|Thunderbolt|p2a: Blastoise\n|-supereffective|p2a: Blastoise\n|-damage|p2a: Blastoise|15\/100\n|\n|upkeep\n|turn|13\n|\n|t:|1699734179\n|-singleturn|p2a: Blastoise|move: Focus Punch\n|move|p1a: big stepper #1|Thunderbolt|p2a: Blastoise\n|-supereffective|p2a: Blastoise\n|-damage|p2a: Blastoise|0 fnt\n|faint|p2a: Blastoise\n|\n|upkeep\n|\n|t:|1699734190\n|switch|p2a: Arceus|Arceus-Poison|100\/100\n|turn|14\n|\n|t:|1699734197\n|move|p2a: Arceus|Calm Mind|p2a: Arceus\n|-boost|p2a: Arceus|spa|1\n|-boost|p2a: Arceus|spd|1\n|move|p1a: big stepper #1|Flash Cannon|p2a: Arceus\n|-crit|p2a: Arceus\n|-damage|p2a: Arceus|59\/100\n|\n|upkeep\n|turn|15\n|\n|t:|1699734205\n|move|p2a: Arceus|Flamethrower|p1a: big stepper #1\n|-damage|p1a: big stepper #1|62\/100\n|move|p1a: big stepper #1|Flash Cannon|p2a: Arceus\n|-damage|p2a: Arceus|40\/100\n|\n|upkeep\n|turn|16\n|\n|t:|1699734212\n|move|p2a: Arceus|Dark Pulse|p1a: big stepper #1\n|-damage|p1a: big stepper #1|42\/100\n|move|p1a: big stepper #1|Flash Cannon|p2a: Arceus\n|-damage|p2a: Arceus|21\/100\n|\n|upkeep\n|turn|17\n|\n|t:|1699734219\n|move|p2a: Arceus|Sludge Bomb|p1a: big stepper #1\n|-immune|p1a: big stepper #1\n|move|p1a: big stepper #1|Flash Cannon|p2a: Arceus\n|-damage|p2a: Arceus|4\/100\n|\n|upkeep\n|turn|18\n|\n|t:|1699734227\n|move|p2a: Arceus|Calm Mind|p2a: Arceus\n|-boost|p2a: Arceus|spa|1\n|-boost|p2a: Arceus|spd|1\n|move|p1a: big stepper #1|Thunderbolt|p2a: Arceus\n|-crit|p2a: Arceus\n|-damage|p2a: Arceus|0 fnt\n|faint|p2a: Arceus\n|\n|upkeep\n|\n|t:|1699734241\n|switch|p2a: Dragonite|Dragonite, F|69\/100\n|turn|19\n|\n|t:|1699734246\n|move|p2a: Dragonite|Dragon Dance|p2a: Dragonite\n|-boost|p2a: Dragonite|atk|1\n|-boost|p2a: Dragonite|spe|1\n|move|p1a: big stepper #1|Ice Beam|p2a: Dragonite\n|-supereffective|p2a: Dragonite\n|-damage|p2a: Dragonite|0 fnt\n|faint|p2a: Dragonite\n|\n|upkeep\n|\n|t:|1699734254\n|switch|p2a: Rayquaza|Rayquaza|100\/100\n|-ability|p2a: Rayquaza|Air Lock\n|turn|20\n|\n|t:|1699734259\n|move|p2a: Rayquaza|Draco Meteor|p1a: big stepper #1\n|-damage|p1a: big stepper #1|2\/100\n|-unboost|p2a: Rayquaza|spa|2\n|move|p1a: big stepper #1|Ice Beam|p2a: Rayquaza\n|-supereffective|p2a: Rayquaza\n|-damage|p2a: Rayquaza|0 fnt\n|faint|p2a: Rayquaza\n|\n|upkeep\n|\n|t:|1699734268\n|switch|p2a: Ho-Oh|Ho-Oh|100\/100\n|-ability|p2a: Ho-Oh|Pressure\n|turn|21\n|c|\u2606jacothaptrllr|dayum\n|\n|t:|1699734277\n|move|p2a: Ho-Oh|Sacred Fire|p1a: big stepper #1|[miss]\n|-miss|p2a: Ho-Oh|p1a: big stepper #1\n|move|p1a: big stepper #1|Thunderbolt|p2a: Ho-Oh\n|-supereffective|p2a: Ho-Oh\n|-damage|p2a: Ho-Oh|66\/100\n|\n|-heal|p2a: Ho-Oh|73\/100|[from] item: Leftovers\n|upkeep\n|turn|22\n|c|\u2606jacothaptrllr|homie is not having a good day\n|\n|t:|1699734292\n|move|p2a: Ho-Oh|Sacred Fire|p1a: big stepper #1\n|-damage|p1a: big stepper #1|0 fnt\n|faint|p1a: big stepper #1\n|\n|-heal|p2a: Ho-Oh|79\/100|[from] item: Leftovers\n|upkeep\n|\n|t:|1699734297\n|switch|p1a: big stepper #2|Iron Valiant|10\/100\n|turn|23\n|\n|t:|1699734305\n|move|p1a: big stepper #2|Knock Off|p2a: Ho-Oh\n|-damage|p2a: Ho-Oh|51\/100\n|-enditem|p2a: Ho-Oh|Leftovers|[from] move: Knock Off|[of] p1a: big stepper #2\n|move|p2a: Ho-Oh|Sacred Fire|p1a: big stepper #2\n|-damage|p1a: big stepper #2|0 fnt\n|faint|p1a: big stepper #2\n|-end|p1a: big stepper #2|Quark Drive|[silent]\n|\n|upkeep\n|\n|t:|1699734318\n|switch|p1a: big stepper #4|Thundurus-Therian, M|100\/100\n|turn|24\n|\n|t:|1699734322\n|move|p1a: big stepper #4|Discharge|p2a: Ho-Oh\n|-supereffective|p2a: Ho-Oh\n|-damage|p2a: Ho-Oh|2\/100\n|-status|p2a: Ho-Oh|par\n|cant|p2a: Ho-Oh|par\n|\n|upkeep\n|turn|25\n|\n|t:|1699734329\n|move|p1a: big stepper #4|Discharge|p2a: Ho-Oh\n|-supereffective|p2a: Ho-Oh\n|-damage|p2a: Ho-Oh|0 fnt\n|faint|p2a: Ho-Oh\n|\n|win|jacothaptrllr\n|raw|jacothaptrllr's rating: 1106 &rarr; <strong>1129<\/strong><br \/>(+23 for winning)\n|raw|Tysa_3s's rating: 1072 &rarr; <strong>1053<\/strong><br \/>(-19 for losing)\n|c|\u2606jacothaptrllr|gg man\n|l|\u2606Tysa_3s\n","uploadtime":1699734357,"views":4,"p1id":"jacothaptrllr","p2id":"tysa3s","formatid":"gen9nationaldexubers","rating":1053,"private":0,"password":""}