{"id":"gen9nationaldexubers-1988480620","p1":"BigMommaBadger","p2":"AERO-M0DE\u2b06\ufe0f","format":"[Gen 9] National Dex Ubers","log":"|j|\u2606BigMommaBadger\n|j|\u2606AERO-M0DE\u2b06\ufe0f\n|t:|1699727500\n|gametype|singles\n|player|p1|BigMommaBadger|pokemonrangerf|1079\n|player|p2|AERO-M0DE\u2b06\ufe0f|winona-gen6|1000\n|teamsize|p1|6\n|teamsize|p2|6\n|gen|9\n|tier|[Gen 9] National Dex Ubers\n|rated|\n|rule|HP Percentage Mod: HP is shown in percentages\n|rule|Endless Battle Clause: Forcing endless battles is banned\n|rule|OHKO Clause: OHKO moves are banned\n|rule|Evasion Moves Clause: Evasion moves are banned\n|rule|Evasion Items Clause: Evasion items are banned\n|rule|Species Clause: Limit one of each Pok\u00e9mon\n|rule|Sleep Clause Mod: Limit one foe put to sleep\n|rule|Mega Rayquaza Clause: You cannot mega evolve Rayquaza\n|clearpoke\n|poke|p1|Reshiram|\n|poke|p1|Arceus-Water|\n|poke|p1|Ogerpon-Cornerstone, F|\n|poke|p1|Marshadow|\n|poke|p1|Lugia|\n|poke|p1|Zacian-*|\n|poke|p2|Tornadus-Therian, M|\n|poke|p2|Swellow, F|\n|poke|p2|Staraptor, M|\n|poke|p2|Kilowattrel, M|\n|poke|p2|Pelipper, M|\n|poke|p2|Pidgeot, F|\n|teampreview\n|\n|t:|1699727515\n|start\n|switch|p1a: Erebus|Marshadow|100\/100\n|switch|p2a: \ud83c\udf2cSTARAPTOR\ud83c\udf2a\ud83c\udf2a|Staraptor, M|100\/100\n|turn|1\n|\n|t:|1699727522\n|switch|p1a: Athena|Zacian-Crowned, shiny|100\/100\n|-ability|p1a: Athena|Intrepid Sword|boost\n|-boost|p1a: Athena|atk|1\n|move|p2a: \ud83c\udf2cSTARAPTOR\ud83c\udf2a\ud83c\udf2a|Tailwind|p2a: \ud83c\udf2cSTARAPTOR\ud83c\udf2a\ud83c\udf2a\n|-sidestart|p2: AERO-M0DE\u2b06\ufe0f|move: Tailwind\n|\n|upkeep\n|turn|2\n|\n|t:|1699727540\n|move|p2a: \ud83c\udf2cSTARAPTOR\ud83c\udf2a\ud83c\udf2a|Close Combat|p1a: Athena\n|-damage|p1a: Athena|61\/100\n|-unboost|p2a: \ud83c\udf2cSTARAPTOR\ud83c\udf2a\ud83c\udf2a|def|1\n|-unboost|p2a: \ud83c\udf2cSTARAPTOR\ud83c\udf2a\ud83c\udf2a|spd|1\n|move|p1a: Athena|Swords Dance|p1a: Athena\n|-boost|p1a: Athena|atk|2\n|\n|upkeep\n|turn|3\n|\n|t:|1699727551\n|-terastallize|p2a: \ud83c\udf2cSTARAPTOR\ud83c\udf2a\ud83c\udf2a|Flying\n|move|p2a: \ud83c\udf2cSTARAPTOR\ud83c\udf2a\ud83c\udf2a|Brave Bird|p1a: Athena\n|-resisted|p1a: Athena\n|-damage|p1a: Athena|0 fnt\n|faint|p1a: Athena\n|-damage|p2a: \ud83c\udf2cSTARAPTOR\ud83c\udf2a\ud83c\udf2a|80\/100|[from] Recoil\n|\n|upkeep\n|\n|t:|1699727558\n|switch|p1a: Poseidon|Arceus-Water, shiny|100\/100\n|turn|4\n|\n|t:|1699727565\n|-terastallize|p1a: Poseidon|Water\n|move|p2a: \ud83c\udf2cSTARAPTOR\ud83c\udf2a\ud83c\udf2a|Brave Bird|p1a: Poseidon\n|-damage|p1a: Poseidon|14\/100\n|-damage|p2a: \ud83c\udf2cSTARAPTOR\ud83c\udf2a\ud83c\udf2a|39\/100|[from] Recoil\n|move|p1a: Poseidon|Judgment|p2a: \ud83c\udf2cSTARAPTOR\ud83c\udf2a\ud83c\udf2a\n|-damage|p2a: \ud83c\udf2cSTARAPTOR\ud83c\udf2a\ud83c\udf2a|0 fnt\n|faint|p2a: \ud83c\udf2cSTARAPTOR\ud83c\udf2a\ud83c\udf2a\n|\n|-sideend|p2: AERO-M0DE\u2b06\ufe0f|move: Tailwind\n|upkeep\n|\n|t:|1699727579\n|switch|p2a: \ud83c\udf2cPELLIPPER\ud83c\udf2a|Pelipper, M|100\/100\n|-weather|RainDance|[from] ability: Drizzle|[of] p2a: \ud83c\udf2cPELLIPPER\ud83c\udf2a\n|turn|5\n|\n|t:|1699727584\n|move|p1a: Poseidon|Recover|p1a: Poseidon\n|-heal|p1a: Poseidon|64\/100\n|move|p2a: \ud83c\udf2cPELLIPPER\ud83c\udf2a|U-turn|p1a: Poseidon\n|-damage|p1a: Poseidon|60\/100\n|\n|t:|1699727592\n|switch|p2a: \ud83c\udf2cKILOWATTREL\ud83c\udf2a\u26a1\ufe0f|Kilowattrel, M, shiny|100\/100|[from] U-turn\n|\n|-weather|RainDance|[upkeep]\n|upkeep\n|turn|6\n|\n|t:|1699727598\n|move|p2a: \ud83c\udf2cKILOWATTREL\ud83c\udf2a\u26a1\ufe0f|Thunder|p1a: Poseidon\n|-supereffective|p1a: Poseidon\n|-damage|p1a: Poseidon|0 fnt\n|faint|p1a: Poseidon\n|\n|-weather|RainDance|[upkeep]\n|upkeep\n|\n|t:|1699727601\n|switch|p1a: Medusa|Ogerpon-Cornerstone, F|100\/100\n|turn|7\n|\n|t:|1699727610\n|-zpower|p2a: \ud83c\udf2cKILOWATTREL\ud83c\udf2a\u26a1\ufe0f\n|move|p2a: \ud83c\udf2cKILOWATTREL\ud83c\udf2a\u26a1\ufe0f|Supersonic Skystrike|p1a: Medusa|[zeffect]\n|-damage|p1a: Medusa|2\/100\n|move|p1a: Medusa|Ivy Cudgel|p2a: \ud83c\udf2cKILOWATTREL\ud83c\udf2a\u26a1\ufe0f\n|-supereffective|p2a: \ud83c\udf2cKILOWATTREL\ud83c\udf2a\u26a1\ufe0f\n|-damage|p2a: \ud83c\udf2cKILOWATTREL\ud83c\udf2a\u26a1\ufe0f|0 fnt\n|faint|p2a: \ud83c\udf2cKILOWATTREL\ud83c\udf2a\u26a1\ufe0f\n|\n|-weather|RainDance|[upkeep]\n|upkeep\n|\n|t:|1699727634\n|switch|p2a: \ud83c\udf2cSWELLOW\ud83c\udf2a\ud83c\udf2a|Swellow, F, shiny|100\/100\n|turn|8\n|\n|t:|1699727638\n|move|p2a: \ud83c\udf2cSWELLOW\ud83c\udf2a\ud83c\udf2a|Hurricane|p1a: Medusa\n|-damage|p1a: Medusa|0 fnt\n|faint|p1a: Medusa\n|\n|-weather|RainDance|[upkeep]\n|upkeep\n|\n|t:|1699727641\n|switch|p1a: Hapheastus|Reshiram, shiny|100\/100\n|-ability|p1a: Hapheastus|Turboblaze\n|turn|9\n|\n|t:|1699727650\n|move|p2a: \ud83c\udf2cSWELLOW\ud83c\udf2a\ud83c\udf2a|Hurricane|p1a: Hapheastus\n|-damage|p1a: Hapheastus|61\/100\n|move|p1a: Hapheastus|Defog|p2a: \ud83c\udf2cSWELLOW\ud83c\udf2a\ud83c\udf2a\n|-unboost|p2a: \ud83c\udf2cSWELLOW\ud83c\udf2a\ud83c\udf2a|evasion|1\n|\n|-weather|RainDance|[upkeep]\n|-heal|p1a: Hapheastus|67\/100|[from] item: Leftovers\n|upkeep\n|turn|10\n|\n|t:|1699727659\n|move|p2a: \ud83c\udf2cSWELLOW\ud83c\udf2a\ud83c\udf2a|Hurricane|p1a: Hapheastus\n|-crit|p1a: Hapheastus\n|-damage|p1a: Hapheastus|9\/100\n|move|p1a: Hapheastus|Dragon Pulse|p2a: \ud83c\udf2cSWELLOW\ud83c\udf2a\ud83c\udf2a\n|-damage|p2a: \ud83c\udf2cSWELLOW\ud83c\udf2a\ud83c\udf2a|0 fnt\n|faint|p2a: \ud83c\udf2cSWELLOW\ud83c\udf2a\ud83c\udf2a\n|\n|-weather|RainDance|[upkeep]\n|-heal|p1a: Hapheastus|15\/100|[from] item: Leftovers\n|upkeep\n|\n|t:|1699727671\n|switch|p2a: \ud83c\udf2cPIDGEOT\ud83c\udf2a\ud83c\udf2a|Pidgeot, F, shiny|100\/100\n|turn|11\n|\n|t:|1699727677\n|detailschange|p2a: \ud83c\udf2cPIDGEOT\ud83c\udf2a\ud83c\udf2a|Pidgeot-Mega, F, shiny\n|-mega|p2a: \ud83c\udf2cPIDGEOT\ud83c\udf2a\ud83c\udf2a|Pidgeot|Pidgeotite\n|move|p2a: \ud83c\udf2cPIDGEOT\ud83c\udf2a\ud83c\udf2a|Hurricane|p1a: Hapheastus\n|-damage|p1a: Hapheastus|0 fnt\n|faint|p1a: Hapheastus\n|\n|-weather|RainDance|[upkeep]\n|upkeep\n|\n|t:|1699727682\n|switch|p1a: Psyche|Lugia, shiny|100\/100\n|turn|12\n|\n|t:|1699727690\n|move|p1a: Psyche|Calm Mind|p1a: Psyche\n|-boost|p1a: Psyche|spa|1\n|-boost|p1a: Psyche|spd|1\n|move|p2a: \ud83c\udf2cPIDGEOT\ud83c\udf2a\ud83c\udf2a|Hurricane|p1a: Psyche\n|-damage|p1a: Psyche|88\/100\n|\n|-weather|none\n|-heal|p1a: Psyche|94\/100|[from] item: Leftovers\n|upkeep\n|turn|13\n|\n|t:|1699727704\n|move|p1a: Psyche|Calm Mind|p1a: Psyche\n|-boost|p1a: Psyche|spa|1\n|-boost|p1a: Psyche|spd|1\n|move|p2a: \ud83c\udf2cPIDGEOT\ud83c\udf2a\ud83c\udf2a|Air Slash|p1a: Psyche\n|-damage|p1a: Psyche|83\/100\n|\n|-heal|p1a: Psyche|89\/100|[from] item: Leftovers\n|upkeep\n|turn|14\n|\n|t:|1699727713\n|move|p1a: Psyche|Calm Mind|p1a: Psyche\n|-boost|p1a: Psyche|spa|1\n|-boost|p1a: Psyche|spd|1\n|move|p2a: \ud83c\udf2cPIDGEOT\ud83c\udf2a\ud83c\udf2a|Hurricane|p1a: Psyche\n|-damage|p1a: Psyche|75\/100\n|\n|-heal|p1a: Psyche|81\/100|[from] item: Leftovers\n|upkeep\n|turn|15\n|\n|t:|1699727722\n|move|p1a: Psyche|Calm Mind|p1a: Psyche\n|-boost|p1a: Psyche|spa|1\n|-boost|p1a: Psyche|spd|1\n|move|p2a: \ud83c\udf2cPIDGEOT\ud83c\udf2a\ud83c\udf2a|Hurricane|p1a: Psyche\n|-damage|p1a: Psyche|70\/100\n|\n|-heal|p1a: Psyche|76\/100|[from] item: Leftovers\n|upkeep\n|turn|16\n|\n|t:|1699727731\n|move|p1a: Psyche|Calm Mind|p1a: Psyche\n|-boost|p1a: Psyche|spa|1\n|-boost|p1a: Psyche|spd|1\n|move|p2a: \ud83c\udf2cPIDGEOT\ud83c\udf2a\ud83c\udf2a|Hurricane|p1a: Psyche\n|-damage|p1a: Psyche|66\/100\n|\n|-heal|p1a: Psyche|72\/100|[from] item: Leftovers\n|upkeep\n|turn|17\n|\n|t:|1699727740\n|move|p1a: Psyche|Calm Mind|p1a: Psyche\n|-boost|p1a: Psyche|spa|1\n|-boost|p1a: Psyche|spd|1\n|move|p2a: \ud83c\udf2cPIDGEOT\ud83c\udf2a\ud83c\udf2a|Hurricane|p1a: Psyche\n|-damage|p1a: Psyche|63\/100\n|\n|-heal|p1a: Psyche|69\/100|[from] item: Leftovers\n|upkeep\n|turn|18\n|\n|t:|1699727758\n|move|p1a: Psyche|Giga Drain|p2a: \ud83c\udf2cPIDGEOT\ud83c\udf2a\ud83c\udf2a\n|-resisted|p2a: \ud83c\udf2cPIDGEOT\ud83c\udf2a\ud83c\udf2a\n|-damage|p2a: \ud83c\udf2cPIDGEOT\ud83c\udf2a\ud83c\udf2a|59\/100\n|-heal|p1a: Psyche|84\/100|[from] drain|[of] p2a: \ud83c\udf2cPIDGEOT\ud83c\udf2a\ud83c\udf2a\n|move|p2a: \ud83c\udf2cPIDGEOT\ud83c\udf2a\ud83c\udf2a|Brave Bird|p1a: Psyche\n|-crit|p1a: Psyche\n|-damage|p1a: Psyche|54\/100\n|-damage|p2a: \ud83c\udf2cPIDGEOT\ud83c\udf2a\ud83c\udf2a|46\/100|[from] Recoil\n|\n|-heal|p1a: Psyche|60\/100|[from] item: Leftovers\n|upkeep\n|turn|19\n|\n|t:|1699727771\n|move|p1a: Psyche|Psychic|p2a: \ud83c\udf2cPIDGEOT\ud83c\udf2a\ud83c\udf2a\n|-damage|p2a: \ud83c\udf2cPIDGEOT\ud83c\udf2a\ud83c\udf2a|0 fnt\n|faint|p2a: \ud83c\udf2cPIDGEOT\ud83c\udf2a\ud83c\udf2a\n|\n|-heal|p1a: Psyche|66\/100|[from] item: Leftovers\n|upkeep\n|\n|t:|1699727780\n|switch|p2a: \ud83c\udf2cPELLIPPER\ud83c\udf2a|Pelipper, M|100\/100\n|-weather|RainDance|[from] ability: Drizzle|[of] p2a: \ud83c\udf2cPELLIPPER\ud83c\udf2a\n|turn|20\n|\n|t:|1699727789\n|move|p1a: Psyche|Giga Drain|p2a: \ud83c\udf2cPELLIPPER\ud83c\udf2a\n|-crit|p2a: \ud83c\udf2cPELLIPPER\ud83c\udf2a\n|-damage|p2a: \ud83c\udf2cPELLIPPER\ud83c\udf2a|0 fnt\n|-heal|p1a: Psyche|98\/100|[from] drain|[of] p2a: \ud83c\udf2cPELLIPPER\ud83c\udf2a\n|faint|p2a: \ud83c\udf2cPELLIPPER\ud83c\udf2a\n|\n|-weather|RainDance|[upkeep]\n|-heal|p1a: Psyche|100\/100|[from] item: Leftovers\n|upkeep\n|\n|t:|1699727797\n|switch|p2a: \ud83c\udf2cTORNADUS\ud83c\udf2a\ud83c\udf2a|Tornadus-Therian, M, shiny|100\/100\n|turn|21\n|-message|AERO-M0DE\u2b06\ufe0f forfeited.\n|\n|win|BigMommaBadger\n|raw|BigMommaBadger's rating: 1079 &rarr; <strong>1101<\/strong><br \/>(+22 for winning)\n|raw|AERO-M0DE\u2b06\ufe0f's rating: 1000 &rarr; <strong>1000<\/strong><br \/>(+0 for losing)\n|l|\u2606AERO-M0DE\u2b06\ufe0f\n","uploadtime":1699727810,"views":5,"p1id":"bigmommabadger","p2id":"aerom0de","formatid":"gen9nationaldexubers","rating":1000,"private":0,"password":""}