{"id":"gen9nationaldexubers-1981023282","p1":"swiss_cheese95","p2":"700club","format":"[Gen 9] National Dex Ubers","log":"|j|\u2606swiss_cheese95\n|j|\u2606700club\n|t:|1698857526\n|gametype|singles\n|player|p1|swiss_cheese95|102|1060\n|player|p2|700club|shadowtriad|1033\n|teamsize|p1|6\n|teamsize|p2|6\n|gen|9\n|tier|[Gen 9] National Dex Ubers\n|rated|\n|rule|HP Percentage Mod: HP is shown in percentages\n|rule|Endless Battle Clause: Forcing endless battles is banned\n|rule|OHKO Clause: OHKO moves are banned\n|rule|Evasion Moves Clause: Evasion moves are banned\n|rule|Evasion Items Clause: Evasion items are banned\n|rule|Species Clause: Limit one of each Pok\u00e9mon\n|rule|Sleep Clause Mod: Limit one foe put to sleep\n|rule|Mega Rayquaza Clause: You cannot mega evolve Rayquaza\n|clearpoke\n|poke|p1|Mewtwo|\n|poke|p1|Marshadow|\n|poke|p1|Greninja-*, M|\n|poke|p1|Lucario, M|\n|poke|p1|Victini|\n|poke|p1|Arceus-Psychic|\n|poke|p2|Ogerpon-Hearthflame, F|\n|poke|p2|Arceus-Poison|\n|poke|p2|Deoxys-Speed|\n|poke|p2|Alakazam, F|\n|poke|p2|Necrozma-Dusk-Mane|\n|poke|p2|Yveltal|\n|teampreview\n|j| SAGGYBAWLZ\n|c|\u2606700club|hi\n|inactive|Battle timer is ON: inactive players will automatically lose when time's up. (requested by swiss_cheese95)\n|inactive|700club has 120 seconds left.\n|inactive|700club has 90 seconds left.\n|c|\u2606700club|sorry phone call\n|inactive|700club has 60 seconds left.\n|inactive|700club has 30 seconds left.\n|inactiveoff|Battle timer is now OFF.\n|c|\u2606700club|glhf\n|\n|t:|1698857773\n|start\n|switch|p1a: Arceus|Arceus-Psychic|100\/100\n|switch|p2a: Deoxys|Deoxys-Speed|100\/100\n|-ability|p2a: Deoxys|Pressure\n|turn|1\n|inactive|Battle timer is ON: inactive players will automatically lose when time's up. (requested by swiss_cheese95)\n|\n|t:|1698857786\n|move|p2a: Deoxys|Taunt|p1a: Arceus\n|-start|p1a: Arceus|move: Taunt\n|move|p1a: Arceus|Stone Edge|p2a: Deoxys\n|-damage|p2a: Deoxys|69\/100\n|\n|upkeep\n|turn|2\n|\n|t:|1698857793\n|move|p2a: Deoxys|Stealth Rock|p1a: Arceus\n|-sidestart|p1: swiss_cheese95|move: Stealth Rock\n|move|p1a: Arceus|Spacial Rend|p2a: Deoxys\n|-damage|p2a: Deoxys|29\/100\n|\n|upkeep\n|turn|3\n|\n|t:|1698857806\n|switch|p2a: Yveltal|Yveltal|100\/100\n|-ability|p2a: Yveltal|Dark Aura\n|move|p1a: Arceus|Spacial Rend|p2a: Yveltal\n|-damage|p2a: Yveltal|73\/100\n|\n|-end|p1a: Arceus|move: Taunt\n|upkeep\n|turn|4\n|\n|t:|1698857822\n|move|p2a: Yveltal|Taunt|p1a: Arceus\n|-start|p1a: Arceus|move: Taunt\n|cant|p1a: Arceus|move: Taunt|Defog\n|\n|upkeep\n|turn|5\n|inactive|700club has 90 seconds left.\n|\n|t:|1698857838\n|move|p2a: Yveltal|Foul Play|p1a: Arceus\n|-supereffective|p1a: Arceus\n|-damage|p1a: Arceus|19\/100\n|move|p1a: Arceus|Stone Edge|p2a: Yveltal\n|-supereffective|p2a: Yveltal\n|-damage|p2a: Yveltal|36\/100\n|\n|upkeep\n|turn|6\n|\n|t:|1698857848\n|switch|p1a: Victini|Victini|100\/100\n|-damage|p1a: Victini|76\/100|[from] Stealth Rock\n|move|p2a: Yveltal|Foul Play|p1a: Victini\n|-supereffective|p1a: Victini\n|-damage|p1a: Victini|3\/100\n|\n|-heal|p1a: Victini|10\/100|[from] item: Leftovers\n|upkeep\n|turn|7\n|inactive|700club has 90 seconds left.\n|\n|t:|1698857865\n|move|p1a: Victini|Dazzling Gleam|p2a: Yveltal\n|-supereffective|p2a: Yveltal\n|-damage|p2a: Yveltal|0 fnt\n|faint|p2a: Yveltal\n|\n|-heal|p1a: Victini|16\/100|[from] item: Leftovers\n|upkeep\n|inactive|700club has 90 seconds left.\n|\n|t:|1698857878\n|switch|p2a: Alakazam|Alakazam, F|100\/100\n|turn|8\n|inactive|700club has 90 seconds left.\n|\n|t:|1698857899\n|switch|p1a: Arceus|Arceus-Psychic|19\/100\n|-damage|p1a: Arceus|7\/100|[from] Stealth Rock\n|move|p2a: Alakazam|Psychic|p1a: Arceus\n|-resisted|p1a: Arceus\n|-damage|p1a: Arceus|0 fnt\n|faint|p1a: Arceus\n|\n|upkeep\n|\n|t:|1698857906\n|switch|p1a: Victini|Victini|16\/100\n|-damage|p1a: Victini|0 fnt|[from] Stealth Rock\n|faint|p1a: Victini\n|\n|t:|1698857915\n|switch|p1a: Greninja|Greninja, M|100\/100\n|-damage|p1a: Greninja|88\/100|[from] Stealth Rock\n|turn|9\n|inactive|700club has 90 seconds left.\n|\n|t:|1698857922\n|move|p1a: Greninja|Dark Pulse|p2a: Alakazam\n|-supereffective|p2a: Alakazam\n|-enditem|p2a: Alakazam|Focus Sash\n|-damage|p2a: Alakazam|1\/100\n|cant|p2a: Alakazam|flinch\n|\n|upkeep\n|turn|10\n|\n|t:|1698857931\n|move|p1a: Greninja|Dark Pulse|p2a: Alakazam\n|-supereffective|p2a: Alakazam\n|-damage|p2a: Alakazam|0 fnt\n|faint|p2a: Alakazam\n|-ability|p1a: Greninja|Battle Bond|boost\n|-boost|p1a: Greninja|atk|1\n|-boost|p1a: Greninja|spa|1\n|-boost|p1a: Greninja|spe|1\n|-activate|p1a: Greninja|ability: Battle Bond\n|\n|upkeep\n|\n|t:|1698857940\n|switch|p2a: Arceus|Arceus-Poison|100\/100\n|turn|11\n|\n|t:|1698857948\n|move|p1a: Greninja|Extrasensory|p2a: Arceus\n|-supereffective|p2a: Arceus\n|-damage|p2a: Arceus|57\/100\n|cant|p2a: Arceus|flinch\n|\n|upkeep\n|turn|12\n|\n|t:|1698857954\n|move|p1a: Greninja|Extrasensory|p2a: Arceus\n|-supereffective|p2a: Arceus\n|-damage|p2a: Arceus|12\/100\n|move|p2a: Arceus|Body Press|p1a: Greninja\n|-supereffective|p1a: Greninja\n|-damage|p1a: Greninja|5\/100\n|\n|upkeep\n|turn|13\n|\n|t:|1698857961\n|move|p1a: Greninja|Extrasensory|p2a: Arceus\n|-supereffective|p2a: Arceus\n|-damage|p2a: Arceus|0 fnt\n|faint|p2a: Arceus\n|\n|upkeep\n|\n|t:|1698857969\n|switch|p2a: Ogerpon|Ogerpon-Hearthflame, F|100\/100\n|-ability|p2a: Ogerpon|Mold Breaker\n|turn|14\n|\n|t:|1698857981\n|move|p1a: Greninja|Liquidation|p2a: Ogerpon\n|-damage|p2a: Ogerpon|58\/100\n|move|p2a: Ogerpon|Horn Leech|p1a: Greninja\n|-supereffective|p1a: Greninja\n|-damage|p1a: Greninja|0 fnt\n|-heal|p2a: Ogerpon|60\/100|[from] drain|[of] p1a: Greninja\n|faint|p1a: Greninja\n|\n|upkeep\n|\n|t:|1698857988\n|switch|p1a: Lucario|Lucario, M|100\/100\n|-damage|p1a: Lucario|98\/100|[from] Stealth Rock\n|turn|15\n|inactive|700club has 120 seconds left.\n|\n|t:|1698857996\n|-terastallize|p2a: Ogerpon|Fire\n|detailschange|p2a: Ogerpon|Ogerpon-Hearthflame-Tera, F, tera:Fire\n|-ability|p2a: Ogerpon|Embody Aspect (Hearthflame)|boost\n|-boost|p2a: Ogerpon|atk|1\n|move|p2a: Ogerpon|Ivy Cudgel|p1a: Lucario\n|-supereffective|p1a: Lucario\n|-crit|p1a: Lucario\n|-damage|p1a: Lucario|0 fnt\n|faint|p1a: Lucario\n|\n|upkeep\n|\n|t:|1698858011\n|switch|p1a: Marshadow|Marshadow|100\/100\n|-damage|p1a: Marshadow|94\/100|[from] Stealth Rock\n|turn|16\n|\n|t:|1698858024\n|switch|p2a: Deoxys|Deoxys-Speed|29\/100\n|-ability|p2a: Deoxys|Pressure\n|move|p1a: Marshadow|Spectral Thief|p2a: Deoxys\n|-supereffective|p2a: Deoxys\n|-damage|p2a: Deoxys|0 fnt\n|faint|p2a: Deoxys\n|\n|upkeep\n|\n|t:|1698858034\n|switch|p2a: Necrozma|Necrozma-Dusk-Mane|100\/100\n|turn|17\n|\n|t:|1698858040\n|move|p1a: Marshadow|Agility|p1a: Marshadow\n|-boost|p1a: Marshadow|spe|2\n|move|p2a: Necrozma|Photon Geyser|p1a: Marshadow\n|-supereffective|p1a: Marshadow\n|-damage|p1a: Marshadow|0 fnt\n|faint|p1a: Marshadow\n|\n|upkeep\n|\n|t:|1698858048\n|switch|p1a: Mewtwo|Mewtwo|100\/100\n|-damage|p1a: Mewtwo|88\/100|[from] Stealth Rock\n|-ability|p1a: Mewtwo|Pressure\n|turn|18\n|\n|t:|1698858061\n|detailschange|p1a: Mewtwo|Mewtwo-Mega-X\n|-mega|p1a: Mewtwo|Mewtwo|Mewtwonite X\n|detailschange|p2a: Necrozma|Necrozma-Ultra\n|-burst|p2a: Necrozma|Necrozma|Ultranecrozium Z\n|move|p1a: Mewtwo|Shadow Ball|p2a: Necrozma\n|-supereffective|p2a: Necrozma\n|-crit|p2a: Necrozma\n|-damage|p2a: Necrozma|12\/100\n|move|p2a: Necrozma|Earthquake|p1a: Mewtwo\n|-damage|p1a: Mewtwo|35\/100\n|\n|upkeep\n|turn|19\n|\n|t:|1698858087\n|move|p1a: Mewtwo|Shadow Ball|p2a: Necrozma\n|-supereffective|p2a: Necrozma\n|-damage|p2a: Necrozma|0 fnt\n|faint|p2a: Necrozma\n|\n|upkeep\n|\n|t:|1698858092\n|switch|p2a: Ogerpon|Ogerpon-Hearthflame-Tera, F, tera:Fire|60\/100\n|-ability|p2a: Ogerpon|Embody Aspect (Hearthflame)|boost\n|-boost|p2a: Ogerpon|atk|1\n|turn|20\n|\n|t:|1698858106\n|move|p1a: Mewtwo|Psystrike|p2a: Ogerpon\n|-damage|p2a: Ogerpon|6\/100\n|move|p2a: Ogerpon|Ivy Cudgel|p1a: Mewtwo\n|-damage|p1a: Mewtwo|0 fnt\n|faint|p1a: Mewtwo\n|\n|win|700club\n|raw|swiss_cheese95's rating: 1060 &rarr; <strong>1040<\/strong><br \/>(-20 for losing)\n|raw|700club's rating: 1033 &rarr; <strong>1071<\/strong><br \/>(+38 for winning)\n|l|\u2606swiss_cheese95\n|c|\u2606700club|gg\n","uploadtime":1698858116,"views":12,"p1id":"swisscheese95","p2id":"700club","formatid":"gen9nationaldexubers","rating":1040,"private":0,"password":""}