{"id":"gen9nationaldexubers-1978426811","p1":"AltariaGolden","p2":"85792195wwww","format":"[Gen 9] National Dex Ubers","log":"|j|\u2606AltariaGolden\n|j|\u260685792195wwww\n|t:|1698537475\n|gametype|singles\n|player|p1|AltariaGolden|lillie|1507\n|player|p2|85792195wwww|lady|1744\n|teamsize|p1|6\n|teamsize|p2|6\n|gen|9\n|tier|[Gen 9] National Dex Ubers\n|rated|\n|rule|HP Percentage Mod: HP is shown in percentages\n|rule|Endless Battle Clause: Forcing endless battles is banned\n|rule|OHKO Clause: OHKO moves are banned\n|rule|Evasion Moves Clause: Evasion moves are banned\n|rule|Evasion Items Clause: Evasion items are banned\n|rule|Species Clause: Limit one of each Pok\u00e9mon\n|rule|Sleep Clause Mod: Limit one foe put to sleep\n|rule|Mega Rayquaza Clause: You cannot mega evolve Rayquaza\n|clearpoke\n|poke|p1|Iron Bundle|\n|poke|p1|Kyurem-Black|\n|poke|p1|Arctozolt|\n|poke|p1|Ninetales-Alola, M|\n|poke|p1|Cloyster, F|\n|poke|p1|Cryogonal|\n|poke|p2|Zacian-*|\n|poke|p2|Kyogre|\n|poke|p2|Xerneas-*|\n|poke|p2|Krookodile, F|\n|poke|p2|Groudon|\n|poke|p2|Arceus|\n|teampreview\n|\n|t:|1698537491\n|start\n|switch|p1a: Cloyster|Cloyster, F|100\/100\n|switch|p2a: Zacian|Zacian-Crowned|100\/100\n|-ability|p2a: Zacian|Intrepid Sword|boost\n|-boost|p2a: Zacian|atk|1\n|turn|1\n|\n|t:|1698537500\n|move|p2a: Zacian|Wild Charge|p1a: Cloyster\n|-supereffective|p1a: Cloyster\n|-damage|p1a: Cloyster|13\/100\n|-damage|p2a: Zacian|84\/100|[from] Recoil\n|move|p1a: Cloyster|Shell Smash|p1a: Cloyster\n|-unboost|p1a: Cloyster|def|1\n|-unboost|p1a: Cloyster|spd|1\n|-boost|p1a: Cloyster|atk|2\n|-boost|p1a: Cloyster|spa|2\n|-boost|p1a: Cloyster|spe|2\n|\n|upkeep\n|turn|2\n|j| potential paradox\n|\n|t:|1698537511\n|move|p1a: Cloyster|Icicle Spear|p2a: Zacian\n|-resisted|p2a: Zacian\n|-damage|p2a: Zacian|74\/100\n|-resisted|p2a: Zacian\n|-damage|p2a: Zacian|64\/100\n|-resisted|p2a: Zacian\n|-damage|p2a: Zacian|53\/100\n|-resisted|p2a: Zacian\n|-damage|p2a: Zacian|43\/100\n|-resisted|p2a: Zacian\n|-damage|p2a: Zacian|32\/100\n|-hitcount|p2a: Zacian|5\n|move|p2a: Zacian|Wild Charge|p1a: Cloyster\n|-supereffective|p1a: Cloyster\n|-damage|p1a: Cloyster|0 fnt\n|faint|p1a: Cloyster\n|-damage|p2a: Zacian|29\/100|[from] Recoil\n|\n|upkeep\n|\n|t:|1698537539\n|switch|p1a: Kyurem|Kyurem-Black|100\/100\n|-ability|p1a: Kyurem|Teravolt\n|turn|3\n|\n|t:|1698537544\n|-terastallize|p1a: Kyurem|Electric\n|move|p2a: Zacian|Behemoth Blade|p1a: Kyurem\n|-resisted|p1a: Kyurem\n|-damage|p1a: Kyurem|60\/100\n|move|p1a: Kyurem|Dragon Dance|p1a: Kyurem\n|-boost|p1a: Kyurem|atk|1\n|-boost|p1a: Kyurem|spe|1\n|\n|upkeep\n|turn|4\n|\n|t:|1698537555\n|switch|p2a: Krookodile|Krookodile, F|100\/100\n|-ability|p2a: Krookodile|Intimidate|boost\n|-unboost|p1a: Kyurem|atk|1\n|move|p1a: Kyurem|Icicle Spear|p2a: Krookodile\n|-supereffective|p2a: Krookodile\n|-damage|p2a: Krookodile|60\/100\n|-supereffective|p2a: Krookodile\n|-damage|p2a: Krookodile|23\/100\n|-supereffective|p2a: Krookodile\n|-damage|p2a: Krookodile|0 fnt\n|faint|p2a: Krookodile\n|-hitcount|p2: Krookodile|3\n|\n|upkeep\n|\n|t:|1698537575\n|switch|p2a: Arceus|Arceus|100\/100\n|turn|5\n|\n|t:|1698537580\n|move|p1a: Kyurem|Icicle Spear|p2a: Arceus\n|-damage|p2a: Arceus|88\/100\n|-damage|p2a: Arceus|76\/100\n|-damage|p2a: Arceus|64\/100\n|-damage|p2a: Arceus|51\/100\n|-damage|p2a: Arceus|40\/100\n|-hitcount|p2a: Arceus|5\n|move|p2a: Arceus|Earthquake|p1a: Kyurem\n|-supereffective|p1a: Kyurem\n|-damage|p1a: Kyurem|0 fnt\n|faint|p1a: Kyurem\n|-damage|p2a: Arceus|30\/100|[from] item: Life Orb\n|\n|upkeep\n|\n|t:|1698537595\n|switch|p1a: Ninetales|Ninetales-Alola, M|100\/100\n|-weather|Snow|[from] ability: Snow Warning|[of] p1a: Ninetales\n|turn|6\n|\n|t:|1698537600\n|switch|p2a: Groudon|Groudon|100\/100\n|detailschange|p2a: Groudon|Groudon-Primal\n|-primal|p2a: Groudon|Red Orb\n|-weather|DesolateLand|[from] ability: Desolate Land|[of] p2a: Groudon\n|move|p1a: Ninetales|Encore||[still]\n|-fail|p1a: Ninetales\n|\n|-weather|DesolateLand|[upkeep]\n|upkeep\n|turn|7\n|\n|t:|1698537610\n|switch|p1a: Cryogonal|Cryogonal|100\/100\n|move|p2a: Groudon|Rock Polish|p2a: Groudon\n|-boost|p2a: Groudon|spe|2\n|\n|-weather|DesolateLand|[upkeep]\n|upkeep\n|turn|8\n|\n|t:|1698537617\n|move|p2a: Groudon|Heat Crash|p1a: Cryogonal\n|-supereffective|p1a: Cryogonal\n|-damage|p1a: Cryogonal|0 fnt\n|faint|p1a: Cryogonal\n|\n|-weather|DesolateLand|[upkeep]\n|upkeep\n|\n|t:|1698537625\n|switch|p1a: Iron Bundle|Iron Bundle|100\/100\n|-enditem|p1a: Iron Bundle|Booster Energy\n|-activate|p1a: Iron Bundle|ability: Quark Drive|[fromitem]\n|-start|p1a: Iron Bundle|quarkdrivespe\n|turn|9\n|\n|t:|1698537631\n|move|p1a: Iron Bundle|Freeze-Dry|p2a: Groudon\n|-crit|p2a: Groudon\n|-damage|p2a: Groudon|49\/100\n|move|p2a: Groudon|Heat Crash|p1a: Iron Bundle\n|-damage|p1a: Iron Bundle|0 fnt\n|faint|p1a: Iron Bundle\n|-end|p1a: Iron Bundle|Quark Drive|[silent]\n|\n|-weather|DesolateLand|[upkeep]\n|upkeep\n|-message|AltariaGolden forfeited.\n|\n|win|85792195wwww\n|raw|AltariaGolden's rating: 1507 &rarr; <strong>1499<\/strong><br \/>(-8 for losing)\n|raw|85792195wwww's rating: 1744 &rarr; <strong>1752<\/strong><br \/>(+8 for winning)\n|l|\u2606AltariaGolden\n","uploadtime":1698537642,"views":12,"p1id":"altariagolden","p2id":"85792195wwww","formatid":"gen9nationaldexubers","rating":1499,"private":0,"password":""}