{"id":"gen9nationaldexubers-1992653105","p1":"NotGlitchXD","p2":"VEN0M-MODE\u2716\ufe0f","format":"[Gen 9] National Dex Ubers","log":"|j|\u2606NotGlitchXD\n|j|\u2606VEN0M-MODE\u2716\ufe0f\n|t:|1700220793\n|gametype|singles\n|player|p1|NotGlitchXD|backpackerf|1149\n|player|p2|VEN0M-MODE\u2716\ufe0f|janine|1113\n|teamsize|p1|6\n|teamsize|p2|6\n|gen|9\n|tier|[Gen 9] National Dex Ubers\n|rated|\n|rule|HP Percentage Mod: HP is shown in percentages\n|rule|Endless Battle Clause: Forcing endless battles is banned\n|rule|OHKO Clause: OHKO moves are banned\n|rule|Evasion Moves Clause: Evasion moves are banned\n|rule|Evasion Items Clause: Evasion items are banned\n|rule|Species Clause: Limit one of each Pok\u00e9mon\n|rule|Sleep Clause Mod: Limit one foe put to sleep\n|rule|Mega Rayquaza Clause: You cannot mega evolve Rayquaza\n|clearpoke\n|poke|p1|Charizard, F|\n|poke|p1|Corviknight, M|\n|poke|p1|Quagsire, M|\n|poke|p1|Blissey, F|\n|poke|p1|Espathra, M|\n|poke|p1|Kyogre|\n|poke|p2|Sneasler, M|\n|poke|p2|Revavroom, M|\n|poke|p2|Salazzle, F|\n|poke|p2|Crobat, M|\n|poke|p2|Drapion, M|\n|poke|p2|Eternatus|\n|teampreview\n|c|\u2606NotGlitchXD|Glhf\n|\n|t:|1700220810\n|start\n|switch|p1a: Kyogre|Kyogre|100\/100\n|switch|p2a: \ud83d\udfea\u2623\ufe0eSNEASLER\u2623\ufe0e\ud83d\udfea|Sneasler, M|100\/100\n|detailschange|p1a: Kyogre|Kyogre-Primal\n|-primal|p1a: Kyogre|Blue Orb\n|-weather|PrimordialSea|[from] ability: Primordial Sea|[of] p1a: Kyogre\n|turn|1\n|\n|t:|1700220822\n|-weather|none\n|switch|p1a: Corviknight|Corviknight, M|100\/100\n|-terastallize|p2a: \ud83d\udfea\u2623\ufe0eSNEASLER\u2623\ufe0e\ud83d\udfea|Poison\n|move|p2a: \ud83d\udfea\u2623\ufe0eSNEASLER\u2623\ufe0e\ud83d\udfea|Dire Claw|p1a: Corviknight\n|-immune|p1a: Corviknight\n|\n|upkeep\n|turn|2\n|\n|t:|1700220834\n|switch|p2a: \ud83d\udfea\u2623\ufe0eSALAZZLE\u2623\ufe0e\ud83d\udfea|Salazzle, F|100\/100\n|move|p1a: Corviknight|Agility|p1a: Corviknight\n|-boost|p1a: Corviknight|spe|2\n|\n|upkeep\n|turn|3\n|\n|t:|1700220843\n|-terastallize|p1a: Corviknight|Flying\n|move|p2a: \ud83d\udfea\u2623\ufe0eSALAZZLE\u2623\ufe0e\ud83d\udfea|Toxic|p1a: Corviknight\n|-status|p1a: Corviknight|tox\n|move|p1a: Corviknight|Bulk Up|p1a: Corviknight\n|-boost|p1a: Corviknight|atk|1\n|-boost|p1a: Corviknight|def|1\n|\n|-damage|p1a: Corviknight|94\/100 tox|[from] psn\n|upkeep\n|turn|4\n|inactive|Battle timer is ON: inactive players will automatically lose when time's up. (requested by NotGlitchXD)\n|\n|t:|1700220855\n|move|p2a: \ud83d\udfea\u2623\ufe0eSALAZZLE\u2623\ufe0e\ud83d\udfea|Fire Blast|p1a: Corviknight\n|-damage|p1a: Corviknight|59\/100 tox\n|move|p1a: Corviknight|Bulk Up|p1a: Corviknight\n|-boost|p1a: Corviknight|atk|1\n|-boost|p1a: Corviknight|def|1\n|\n|-heal|p1a: Corviknight|65\/100 tox|[from] item: Leftovers\n|-damage|p1a: Corviknight|53\/100 tox|[from] psn\n|upkeep\n|turn|5\n|\n|t:|1700220866\n|move|p2a: \ud83d\udfea\u2623\ufe0eSALAZZLE\u2623\ufe0e\ud83d\udfea|Acid Spray|p1a: Corviknight\n|-damage|p1a: Corviknight|37\/100 tox\n|-ability|p1a: Corviknight|Mirror Armor\n|-unboost|p2a: \ud83d\udfea\u2623\ufe0eSALAZZLE\u2623\ufe0e\ud83d\udfea|spd|2\n|move|p1a: Corviknight|Agility|p1a: Corviknight\n|-boost|p1a: Corviknight|spe|2\n|\n|-heal|p1a: Corviknight|44\/100 tox|[from] item: Leftovers\n|-damage|p1a: Corviknight|25\/100 tox|[from] psn\n|upkeep\n|turn|6\n|\n|t:|1700220880\n|switch|p2a: \ud83d\udfea\u2623\ufe0eCROBAT\u2623\ufe0e\ud83d\udfea|Crobat, M|100\/100\n|move|p1a: Corviknight|Roost|p1a: Corviknight\n|-heal|p1a: Corviknight|75\/100 tox\n|-hint|If a Flying Terastallized Pokemon uses Roost, it remains Flying-type.\n|\n|-heal|p1a: Corviknight|81\/100 tox|[from] item: Leftovers\n|-damage|p1a: Corviknight|56\/100 tox|[from] psn\n|upkeep\n|turn|7\n|\n|t:|1700220892\n|move|p2a: \ud83d\udfea\u2623\ufe0eCROBAT\u2623\ufe0e\ud83d\udfea|Protect|p2a: \ud83d\udfea\u2623\ufe0eCROBAT\u2623\ufe0e\ud83d\udfea\n|-singleturn|p2a: \ud83d\udfea\u2623\ufe0eCROBAT\u2623\ufe0e\ud83d\udfea|Protect\n|move|p1a: Corviknight|Power Trip|p2a: \ud83d\udfea\u2623\ufe0eCROBAT\u2623\ufe0e\ud83d\udfea\n|-activate|p2a: \ud83d\udfea\u2623\ufe0eCROBAT\u2623\ufe0e\ud83d\udfea|move: Protect\n|\n|-heal|p1a: Corviknight|62\/100 tox|[from] item: Leftovers\n|-damage|p1a: Corviknight|31\/100 tox|[from] psn\n|upkeep\n|turn|8\n|\n|t:|1700220906\n|move|p2a: \ud83d\udfea\u2623\ufe0eCROBAT\u2623\ufe0e\ud83d\udfea|Protect||[still]\n|-fail|p2a: \ud83d\udfea\u2623\ufe0eCROBAT\u2623\ufe0e\ud83d\udfea\n|move|p1a: Corviknight|Roost|p1a: Corviknight\n|-heal|p1a: Corviknight|81\/100 tox\n|-hint|If a Flying Terastallized Pokemon uses Roost, it remains Flying-type.\n|\n|-heal|p1a: Corviknight|87\/100 tox|[from] item: Leftovers\n|-damage|p1a: Corviknight|50\/100 tox|[from] psn\n|upkeep\n|turn|9\n|\n|t:|1700220916\n|move|p2a: \ud83d\udfea\u2623\ufe0eCROBAT\u2623\ufe0e\ud83d\udfea|Protect|p2a: \ud83d\udfea\u2623\ufe0eCROBAT\u2623\ufe0e\ud83d\udfea\n|-singleturn|p2a: \ud83d\udfea\u2623\ufe0eCROBAT\u2623\ufe0e\ud83d\udfea|Protect\n|move|p1a: Corviknight|Roost|p1a: Corviknight\n|-heal|p1a: Corviknight|99\/100 tox\n|-hint|If a Flying Terastallized Pokemon uses Roost, it remains Flying-type.\n|\n|-heal|p1a: Corviknight|100\/100 tox|[from] item: Leftovers\n|-damage|p1a: Corviknight|57\/100 tox|[from] psn\n|upkeep\n|turn|10\n|\n|t:|1700220929\n|switch|p2a: \ud83d\udfea\u2623\ufe0eDRAPION\u2623\ufe0e\ud83d\udfea|Drapion, M|100\/100\n|move|p1a: Corviknight|Power Trip|p2a: \ud83d\udfea\u2623\ufe0eDRAPION\u2623\ufe0e\ud83d\udfea\n|-resisted|p2a: \ud83d\udfea\u2623\ufe0eDRAPION\u2623\ufe0e\ud83d\udfea\n|-damage|p2a: \ud83d\udfea\u2623\ufe0eDRAPION\u2623\ufe0e\ud83d\udfea|59\/100\n|\n|-heal|p1a: Corviknight|63\/100 tox|[from] item: Leftovers\n|-damage|p1a: Corviknight|13\/100 tox|[from] psn\n|upkeep\n|turn|11\n|\n|t:|1700220940\n|move|p1a: Corviknight|Power Trip|p2a: \ud83d\udfea\u2623\ufe0eDRAPION\u2623\ufe0e\ud83d\udfea\n|-resisted|p2a: \ud83d\udfea\u2623\ufe0eDRAPION\u2623\ufe0e\ud83d\udfea\n|-damage|p2a: \ud83d\udfea\u2623\ufe0eDRAPION\u2623\ufe0e\ud83d\udfea|20\/100\n|move|p2a: \ud83d\udfea\u2623\ufe0eDRAPION\u2623\ufe0e\ud83d\udfea|Toxic Spikes|p1a: Corviknight\n|-sidestart|p1: NotGlitchXD|move: Toxic Spikes\n|\n|-heal|p1a: Corviknight|19\/100 tox|[from] item: Leftovers\n|-damage|p1a: Corviknight|0 fnt|[from] psn\n|faint|p1a: Corviknight\n|upkeep\n|\n|t:|1700220959\n|switch|p1a: Charizard|Charizard, F|100\/100\n|turn|12\n|\n|t:|1700220968\n|move|p1a: Charizard|Substitute|p1a: Charizard\n|-start|p1a: Charizard|Substitute\n|-damage|p1a: Charizard|76\/100\n|move|p2a: \ud83d\udfea\u2623\ufe0eDRAPION\u2623\ufe0e\ud83d\udfea|Toxic Spikes|p1a: Charizard\n|-sidestart|p1: NotGlitchXD|move: Toxic Spikes\n|\n|upkeep\n|turn|13\n|\n|t:|1700220981\n|move|p1a: Charizard|Belly Drum|p1a: Charizard\n|-damage|p1a: Charizard|26\/100\n|-setboost|p1a: Charizard|atk|6|[from] move: Belly Drum\n|move|p2a: \ud83d\udfea\u2623\ufe0eDRAPION\u2623\ufe0e\ud83d\udfea|Knock Off|p1a: Charizard\n|-end|p1a: Charizard|Substitute\n|\n|upkeep\n|turn|14\n|\n|t:|1700220995\n|move|p1a: Charizard|Roost|p1a: Charizard\n|-heal|p1a: Charizard|76\/100\n|-singleturn|p1a: Charizard|move: Roost\n|-zpower|p2a: \ud83d\udfea\u2623\ufe0eDRAPION\u2623\ufe0e\ud83d\udfea\n|move|p2a: \ud83d\udfea\u2623\ufe0eDRAPION\u2623\ufe0e\ud83d\udfea|Acid Downpour|p1a: Charizard|[zeffect]\n|-damage|p1a: Charizard|0 fnt\n|faint|p1a: Charizard\n|\n|upkeep\n|\n|t:|1700221006\n|switch|p1a: Kyogre|Kyogre-Primal|100\/100\n|-status|p1a: Kyogre|tox\n|-weather|PrimordialSea|[from] ability: Primordial Sea|[of] p1a: Kyogre\n|turn|15\n|\n|t:|1700221012\n|move|p2a: \ud83d\udfea\u2623\ufe0eDRAPION\u2623\ufe0e\ud83d\udfea|Poison Jab|p1a: Kyogre\n|-damage|p1a: Kyogre|75\/100 tox\n|move|p1a: Kyogre|Origin Pulse|p2a: \ud83d\udfea\u2623\ufe0eDRAPION\u2623\ufe0e\ud83d\udfea\n|-damage|p2a: \ud83d\udfea\u2623\ufe0eDRAPION\u2623\ufe0e\ud83d\udfea|0 fnt\n|faint|p2a: \ud83d\udfea\u2623\ufe0eDRAPION\u2623\ufe0e\ud83d\udfea\n|\n|-weather|PrimordialSea|[upkeep]\n|-damage|p1a: Kyogre|68\/100 tox|[from] psn\n|upkeep\n|\n|t:|1700221022\n|switch|p2a: \ud83d\udfea\u2623\ufe0eETERNATUS\u2623\ufe0e\ud83d\udfea|Eternatus|100\/100\n|-ability|p2a: \ud83d\udfea\u2623\ufe0eETERNATUS\u2623\ufe0e\ud83d\udfea|Pressure\n|turn|16\n|\n|t:|1700221028\n|move|p2a: \ud83d\udfea\u2623\ufe0eETERNATUS\u2623\ufe0e\ud83d\udfea|Venoshock|p1a: Kyogre\n|-damage|p1a: Kyogre|13\/100 tox\n|move|p1a: Kyogre|Blizzard|p2a: \ud83d\udfea\u2623\ufe0eETERNATUS\u2623\ufe0e\ud83d\udfea|[miss]\n|-miss|p1a: Kyogre|p2a: \ud83d\udfea\u2623\ufe0eETERNATUS\u2623\ufe0e\ud83d\udfea\n|\n|-weather|PrimordialSea|[upkeep]\n|-damage|p1a: Kyogre|1\/100 tox|[from] psn\n|upkeep\n|turn|17\n|\n|t:|1700221038\n|-weather|none\n|switch|p1a: Blissey|Blissey, F|100\/100\n|-status|p1a: Blissey|tox\n|move|p2a: \ud83d\udfea\u2623\ufe0eETERNATUS\u2623\ufe0e\ud83d\udfea|Sludge Wave|p1a: Blissey\n|-damage|p1a: Blissey|74\/100 tox\n|\n|-heal|p1a: Blissey|81\/100 tox|[from] item: Leftovers\n|-damage|p1a: Blissey|74\/100 tox|[from] psn\n|upkeep\n|turn|18\n|\n|t:|1700221050\n|move|p2a: \ud83d\udfea\u2623\ufe0eETERNATUS\u2623\ufe0e\ud83d\udfea|Sludge Wave|p1a: Blissey\n|-damage|p1a: Blissey|48\/100 tox\n|move|p1a: Blissey|Heal Bell|p1a: Blissey\n|-activate|p1a: Blissey|move: Heal Bell\n|-curestatus|p1a: Blissey|tox|[msg]\n|-curestatus|p1: Kyogre|tox|[msg]\n|\n|-heal|p1a: Blissey|54\/100|[from] item: Leftovers\n|upkeep\n|turn|19\n|\n|t:|1700221062\n|move|p2a: \ud83d\udfea\u2623\ufe0eETERNATUS\u2623\ufe0e\ud83d\udfea|Sludge Wave|p1a: Blissey\n|-damage|p1a: Blissey|28\/100\n|move|p1a: Blissey|Wish|p1a: Blissey\n|\n|-heal|p1a: Blissey|34\/100|[from] item: Leftovers\n|upkeep\n|turn|20\n|\n|t:|1700221070\n|move|p2a: \ud83d\udfea\u2623\ufe0eETERNATUS\u2623\ufe0e\ud83d\udfea|Sludge Wave|p1a: Blissey\n|-crit|p1a: Blissey\n|-damage|p1a: Blissey|0 fnt\n|faint|p1a: Blissey\n|\n|upkeep\n|\n|t:|1700221076\n|switch|p1a: Kyogre|Kyogre-Primal|1\/100\n|-status|p1a: Kyogre|tox\n|-weather|PrimordialSea|[from] ability: Primordial Sea|[of] p1a: Kyogre\n|turn|21\n|\n|t:|1700221084\n|move|p2a: \ud83d\udfea\u2623\ufe0eETERNATUS\u2623\ufe0e\ud83d\udfea|Sludge Wave|p1a: Kyogre\n|-damage|p1a: Kyogre|0 fnt\n|faint|p1a: Kyogre\n|-weather|none\n|\n|upkeep\n|-message|NotGlitchXD forfeited.\n|\n|win|VEN0M-MODE\u2716\ufe0f\n|raw|NotGlitchXD's rating: 1149 &rarr; <strong>1121<\/strong><br \/>(-28 for losing)\n|raw|VEN0M-MODE\u2716\ufe0f's rating: 1113 &rarr; <strong>1141<\/strong><br \/>(+28 for winning)\n|l|\u2606NotGlitchXD\n","uploadtime":1700221368,"views":8,"p1id":"notglitchxd","p2id":"ven0mmode","formatid":"gen9nationaldexubers","rating":1121,"private":0,"password":""}