{"id":"gen9nationaldexubers-1993470056","p1":"uiuo","p2":"The power of ROCK","format":"[Gen 9] National Dex Ubers","log":"|j|\u2606uiuo\n|j|\u2606The power of ROCK\n|t:|1700321787\n|gametype|singles\n|player|p1|uiuo|2|\n|player|p2|The power of ROCK|roark|\n|teamsize|p1|6\n|teamsize|p2|6\n|gen|9\n|tier|[Gen 9] National Dex Ubers\n|rule|HP Percentage Mod: HP is shown in percentages\n|rule|Endless Battle Clause: Forcing endless battles is banned\n|rule|OHKO Clause: OHKO moves are banned\n|rule|Evasion Moves Clause: Evasion moves are banned\n|rule|Evasion Items Clause: Evasion items are banned\n|rule|Species Clause: Limit one of each Pok\u00e9mon\n|rule|Sleep Clause Mod: Limit one foe put to sleep\n|rule|Mega Rayquaza Clause: You cannot mega evolve Rayquaza\n|clearpoke\n|poke|p1|Necrozma-Dawn-Wings|\n|poke|p1|Yveltal|\n|poke|p1|Arceus-Fairy|\n|poke|p1|Kyurem-Black|\n|poke|p1|Solgaleo|\n|poke|p1|Rayquaza|\n|poke|p2|Tyranitar, F|\n|poke|p2|Garganacl, M|\n|poke|p2|Aggron, M|\n|poke|p2|Glimmora, M|\n|poke|p2|Probopass, L1, M|\n|poke|p2|Aron, L1, M|\n|teampreview\n|\n|t:|1700321793\n|start\n|switch|p1a: Kyurem|Kyurem-Black, shiny|100\/100\n|switch|p2a: Aron|Aron, L1, M|100\/100\n|-ability|p1a: Kyurem|Teravolt\n|turn|1\n|c|\u2606The power of ROCK|Welcome to the ROCK gym\n|\n|t:|1700321808\n|switch|p2a: Aggron|Aggron, M|100\/100\n|move|p1a: Kyurem|Fusion Bolt|p2a: Aggron\n|-damage|p2a: Aggron|84\/100\n|\n|upkeep\n|turn|2\n|\n|t:|1700321816\n|detailschange|p2a: Aggron|Aggron-Mega, M\n|-mega|p2a: Aggron|Aggron|Aggronite\n|move|p1a: Kyurem|Freeze Shock||[still]\n|-prepare|p1a: Kyurem|Freeze Shock\n|move|p2a: Aggron|Body Press|p1a: Kyurem\n|-supereffective|p1a: Kyurem\n|-damage|p1a: Kyurem|33\/100\n|\n|-heal|p1a: Kyurem|39\/100|[from] item: Leftovers\n|upkeep\n|turn|3\n|\n|t:|1700321824\n|move|p1a: Kyurem|Freeze Shock|p2a: Aggron|[from]lockedmove\n|-resisted|p2a: Aggron\n|-damage|p2a: Aggron|68\/100\n|-status|p2a: Aggron|par\n|move|p2a: Aggron|Body Press|p1a: Kyurem\n|-supereffective|p1a: Kyurem\n|-damage|p1a: Kyurem|0 fnt\n|faint|p1a: Kyurem\n|\n|upkeep\n|\n|t:|1700321838\n|switch|p1a: Solgaleo|Solgaleo, shiny|100\/100\n|turn|4\n|\n|t:|1700321865\n|move|p1a: Solgaleo|Fire Blast|p2a: Aggron|[miss]\n|-miss|p1a: Solgaleo|p2a: Aggron\n|move|p2a: Aggron|Iron Defense|p2a: Aggron\n|-boost|p2a: Aggron|def|2\n|\n|upkeep\n|turn|5\n|c|\u2606The power of ROCK|AAAAAAAAAAAAAAAAAH\n|\n|t:|1700321888\n|switch|p2a: Glimmora|Glimmora, M|100\/100\n|move|p1a: Solgaleo|Flare Blitz|p2a: Glimmora\n|-resisted|p2a: Glimmora\n|-damage|p2a: Glimmora|78\/100\n|-activate|p2a: Glimmora|ability: Toxic Debris\n|-sidestart|p1: uiuo|move: Toxic Spikes\n|-damage|p1a: Solgaleo|96\/100|[from] Recoil\n|\n|upkeep\n|turn|6\n|c|\u2606The power of ROCK|AAAAAAAAAAAHHHHHHHHHH\n|\n|t:|1700321903\n|move|p2a: Glimmora|Earth Power|p1a: Solgaleo\n|-supereffective|p1a: Solgaleo\n|-damage|p1a: Solgaleo|56\/100\n|move|p1a: Solgaleo|Sunsteel Strike|p2a: Glimmora\n|-supereffective|p2a: Glimmora\n|-damage|p2a: Glimmora|0 fnt\n|-activate|p2a: Glimmora|ability: Toxic Debris\n|-sidestart|p1: uiuo|move: Toxic Spikes\n|faint|p2a: Glimmora\n|\n|upkeep\n|c|\u2606The power of ROCK|AHHHHHHHHHHHHH\n|c|\u2606The power of ROCK|why is it unkillable\n|\n|t:|1700321915\n|switch|p2a: Garganacl|Garganacl, M|100\/100\n|turn|7\n|\n|t:|1700321919\n|-terastallize|p2a: Garganacl|Ghost\n|move|p1a: Solgaleo|Protect|p1a: Solgaleo\n|-singleturn|p1a: Solgaleo|Protect\n|move|p2a: Garganacl|Iron Defense|p2a: Garganacl\n|-boost|p2a: Garganacl|def|2\n|\n|upkeep\n|turn|8\n|\n|t:|1700321928\n|move|p1a: Solgaleo|Fire Blast|p2a: Garganacl\n|-damage|p2a: Garganacl|84\/100\n|-enditem|p2a: Garganacl|Maranga Berry|[eat]\n|-boost|p2a: Garganacl|spd|1|[from] item: Maranga Berry\n|move|p2a: Garganacl|Salt Cure|p1a: Solgaleo\n|-resisted|p1a: Solgaleo\n|-damage|p1a: Solgaleo|51\/100\n|-start|p1a: Solgaleo|Salt Cure\n|\n|-damage|p1a: Solgaleo|26\/100|[from] Salt Cure\n|upkeep\n|turn|9\n|\n|t:|1700321940\n|switch|p1a: Yveltal|Yveltal, shiny|100\/100\n|-ability|p1a: Yveltal|Dark Aura\n|move|p2a: Garganacl|Iron Defense|p2a: Garganacl\n|-boost|p2a: Garganacl|def|2\n|\n|upkeep\n|turn|10\n|\n|t:|1700321952\n|move|p1a: Yveltal|Oblivion Wing|p2a: Garganacl\n|-damage|p2a: Garganacl|68\/100\n|move|p2a: Garganacl|Recover|p2a: Garganacl\n|-heal|p2a: Garganacl|100\/100\n|\n|upkeep\n|turn|11\n|\n|t:|1700321962\n|-terastallize|p1a: Yveltal|Dark\n|move|p1a: Yveltal|Foul Play|p2a: Garganacl\n|-supereffective|p2a: Garganacl\n|-damage|p2a: Garganacl|71\/100\n|move|p2a: Garganacl|Salt Cure|p1a: Yveltal\n|-damage|p1a: Yveltal|92\/100\n|-start|p1a: Yveltal|Salt Cure\n|\n|-damage|p1a: Yveltal|79\/100|[from] Salt Cure\n|upkeep\n|turn|12\n|\n|t:|1700321991\n|move|p1a: Yveltal|Foul Play|p2a: Garganacl\n|-supereffective|p2a: Garganacl\n|-damage|p2a: Garganacl|41\/100\n|move|p2a: Garganacl|Recover|p2a: Garganacl\n|-heal|p2a: Garganacl|91\/100\n|\n|-damage|p1a: Yveltal|67\/100|[from] Salt Cure\n|upkeep\n|turn|13\n|\n|t:|1700322002\n|move|p1a: Yveltal|Oblivion Wing|p2a: Garganacl\n|-damage|p2a: Garganacl|75\/100\n|-heal|p1a: Yveltal|78\/100|[from] drain|[of] p2a: Garganacl\n|move|p2a: Garganacl|Recover|p2a: Garganacl\n|-heal|p2a: Garganacl|100\/100\n|\n|-damage|p1a: Yveltal|65\/100|[from] Salt Cure\n|upkeep\n|turn|14\n|\n|t:|1700322027\n|move|p1a: Yveltal|Hurricane|p2a: Garganacl|[miss]\n|-miss|p1a: Yveltal|p2a: Garganacl\n|move|p2a: Garganacl|Body Press|p1a: Yveltal\n|-supereffective|p1a: Yveltal\n|-damage|p1a: Yveltal|0 fnt\n|faint|p1a: Yveltal\n|\n|upkeep\n|\n|t:|1700322034\n|switch|p1a: Rayquaza|Rayquaza, shiny|100\/100\n|-ability|p1a: Rayquaza|Air Lock\n|turn|15\n|c|\u2606uiuo|Watch out!!\n|\n|t:|1700322088\n|move|p1a: Rayquaza|Ice Beam|p2a: Garganacl\n|-damage|p2a: Garganacl|88\/100\n|move|p2a: Garganacl|Salt Cure|p1a: Rayquaza\n|-supereffective|p1a: Rayquaza\n|-damage|p1a: Rayquaza|82\/100\n|-start|p1a: Rayquaza|Salt Cure\n|\n|-damage|p1a: Rayquaza|69\/100|[from] Salt Cure\n|upkeep\n|turn|16\n|\n|t:|1700322098\n|move|p1a: Rayquaza|Fire Blast|p2a: Garganacl\n|-damage|p2a: Garganacl|71\/100\n|move|p2a: Garganacl|Salt Cure|p1a: Rayquaza\n|-supereffective|p1a: Rayquaza\n|-damage|p1a: Rayquaza|50\/100\n|\n|-damage|p1a: Rayquaza|38\/100|[from] Salt Cure\n|upkeep\n|turn|17\n|\n|t:|1700322108\n|move|p1a: Rayquaza|Dragon Ascent|p2a: Garganacl\n|-damage|p2a: Garganacl|57\/100\n|-unboost|p1a: Rayquaza|def|1\n|-unboost|p1a: Rayquaza|spd|1\n|move|p2a: Garganacl|Recover|p2a: Garganacl\n|-heal|p2a: Garganacl|100\/100\n|\n|-damage|p1a: Rayquaza|26\/100|[from] Salt Cure\n|upkeep\n|turn|18\n|\n|t:|1700322118\n|switch|p1a: Ultra Necrozma|Necrozma-Dawn-Wings, shiny|100\/100\n|-status|p1a: Ultra Necrozma|tox\n|move|p2a: Garganacl|Salt Cure|p1a: Ultra Necrozma\n|-damage|p1a: Ultra Necrozma|90\/100 tox\n|-start|p1a: Ultra Necrozma|Salt Cure\n|\n|-damage|p1a: Ultra Necrozma|84\/100 tox|[from] psn\n|-damage|p1a: Ultra Necrozma|71\/100 tox|[from] Salt Cure\n|upkeep\n|turn|19\n|\n|t:|1700322132\n|switch|p2a: Tyranitar|Tyranitar, F|100\/100\n|-weather|Sandstorm|[from] ability: Sand Stream|[of] p2a: Tyranitar\n|detailschange|p1a: Ultra Necrozma|Necrozma-Ultra, shiny\n|-burst|p1a: Ultra Necrozma|Necrozma|Ultranecrozium Z\n|move|p1a: Ultra Necrozma|Photon Geyser|p2a: Tyranitar\n|-immune|p2a: Tyranitar\n|\n|-weather|Sandstorm|[upkeep]\n|-damage|p1a: Ultra Necrozma|65\/100 tox|[from] Sandstorm\n|-damage|p1a: Ultra Necrozma|53\/100 tox|[from] psn\n|-damage|p1a: Ultra Necrozma|41\/100 tox|[from] Salt Cure\n|upkeep\n|turn|20\n|\n|t:|1700322148\n|-activate|p1a: Ultra Necrozma|move: Pursuit\n|move|p2a: Tyranitar|Pursuit|p1a: Ultra Necrozma|[from]Pursuit\n|-supereffective|p1a: Ultra Necrozma\n|-damage|p1a: Ultra Necrozma|0 fnt\n|faint|p1a: Ultra Necrozma\n|-hint|A Pokemon can't switch between when it runs out of HP and when it faints\n|\n|-weather|Sandstorm|[upkeep]\n|upkeep\n|\n|t:|1700322165\n|switch|p1a: Solgaleo|Solgaleo, shiny|26\/100\n|turn|21\n|\n|t:|1700322181\n|switch|p2a: Aron|Aron, L1, M|100\/100\n|move|p1a: Solgaleo|Sunsteel Strike|p2a: Aron\n|-crit|p2a: Aron\n|-damage|p2a: Aron|0 fnt\n|faint|p2a: Aron\n|\n|-weather|Sandstorm|[upkeep]\n|upkeep\n|\n|t:|1700322183\n|switch|p2a: Garganacl|Garganacl, M, tera:Ghost|100\/100\n|turn|22\n|\n|t:|1700322195\n|move|p1a: Solgaleo|Protect|p1a: Solgaleo\n|-singleturn|p1a: Solgaleo|Protect\n|move|p2a: Garganacl|Iron Defense|p2a: Garganacl\n|-boost|p2a: Garganacl|def|2\n|\n|-weather|Sandstorm|[upkeep]\n|-damage|p2a: Garganacl|94\/100|[from] Sandstorm\n|upkeep\n|turn|23\n|\n|t:|1700322203\n|move|p1a: Solgaleo|Fire Blast|p2a: Garganacl\n|-damage|p2a: Garganacl|77\/100\n|move|p2a: Garganacl|Iron Defense|p2a: Garganacl\n|-boost|p2a: Garganacl|def|2\n|\n|-weather|none\n|upkeep\n|turn|24\n|\n|t:|1700322209\n|move|p1a: Solgaleo|Protect|p1a: Solgaleo\n|-singleturn|p1a: Solgaleo|Protect\n|move|p2a: Garganacl|Recover|p2a: Garganacl\n|-heal|p2a: Garganacl|100\/100\n|\n|upkeep\n|turn|25\n|\n|t:|1700322218\n|-zpower|p1a: Solgaleo\n|move|p1a: Solgaleo|Searing Sunraze Smash|p2a: Garganacl|[zeffect]\n|-damage|p2a: Garganacl|81\/100\n|move|p2a: Garganacl|Salt Cure|p1a: Solgaleo\n|-resisted|p1a: Solgaleo\n|-damage|p1a: Solgaleo|22\/100\n|-start|p1a: Solgaleo|Salt Cure\n|\n|-damage|p1a: Solgaleo|0 fnt|[from] Salt Cure\n|faint|p1a: Solgaleo\n|upkeep\n|\n|t:|1700322232\n|switch|p1a: Arceus|Arceus-Fairy|100\/100\n|-status|p1a: Arceus|tox\n|turn|26\n|\n|t:|1700322244\n|move|p1a: Arceus|Hydro Cannon|p2a: Garganacl\n|-damage|p2a: Garganacl|55\/100\n|-mustrecharge|p1a: Arceus\n|move|p2a: Garganacl|Salt Cure|p1a: Arceus\n|-damage|p1a: Arceus|91\/100 tox\n|-start|p1a: Arceus|Salt Cure\n|\n|-damage|p1a: Arceus|85\/100 tox|[from] psn\n|-damage|p1a: Arceus|73\/100 tox|[from] Salt Cure\n|upkeep\n|turn|27\n|\n|t:|1700322254\n|cant|p1a: Arceus|recharge\n|move|p2a: Garganacl|Recover|p2a: Garganacl\n|-heal|p2a: Garganacl|100\/100\n|\n|-damage|p1a: Arceus|60\/100 tox|[from] psn\n|-damage|p1a: Arceus|48\/100 tox|[from] Salt Cure\n|upkeep\n|turn|28\n|\n|t:|1700322263\n|move|p1a: Arceus|Draco Meteor|p2a: Garganacl\n|-damage|p2a: Garganacl|77\/100\n|-unboost|p1a: Arceus|spa|2\n|move|p2a: Garganacl|Body Press|p1a: Arceus\n|-resisted|p1a: Arceus\n|-damage|p1a: Arceus|23\/100 tox\n|\n|-damage|p1a: Arceus|5\/100 tox|[from] psn\n|-damage|p1a: Arceus|0 fnt|[from] Salt Cure\n|faint|p1a: Arceus\n|upkeep\n|\n|t:|1700322274\n|switch|p1a: Rayquaza|Rayquaza, shiny|26\/100\n|-ability|p1a: Rayquaza|Air Lock\n|turn|29\n|\n|t:|1700322281\n|move|p1a: Rayquaza|Fire Blast|p2a: Garganacl\n|-damage|p2a: Garganacl|54\/100\n|move|p2a: Garganacl|Salt Cure|p1a: Rayquaza\n|-supereffective|p1a: Rayquaza\n|-damage|p1a: Rayquaza|6\/100\n|-start|p1a: Rayquaza|Salt Cure\n|\n|-damage|p1a: Rayquaza|0 fnt|[from] Salt Cure\n|faint|p1a: Rayquaza\n|\n|win|The power of ROCK\n|upkeep\n|c|\u2606The power of ROCK|gg : )\n|l|\u2606uiuo\n","uploadtime":1700322287,"views":8,"p1id":"uiuo","p2id":"thepowerofrock","formatid":"gen9nationaldexubers","rating":0,"private":0,"password":""}