{"id":"gen9nationaldexubers-1990871011","p1":"tbor2002","p2":"Solaris2003","format":"[Gen 9] National Dex Ubers","log":"|j|\u2606tbor2002\n|j|\u2606Solaris2003\n|t:|1700009720\n|gametype|singles\n|player|p1|tbor2002|wattson|\n|player|p2|Solaris2003|265|\n|teamsize|p1|6\n|teamsize|p2|6\n|gen|9\n|tier|[Gen 9] National Dex Ubers\n|rule|HP Percentage Mod: HP is shown in percentages\n|rule|Endless Battle Clause: Forcing endless battles is banned\n|rule|OHKO Clause: OHKO moves are banned\n|rule|Evasion Moves Clause: Evasion moves are banned\n|rule|Evasion Items Clause: Evasion items are banned\n|rule|Species Clause: Limit one of each Pok\u00e9mon\n|rule|Sleep Clause Mod: Limit one foe put to sleep\n|rule|Mega Rayquaza Clause: You cannot mega evolve Rayquaza\n|clearpoke\n|poke|p1|Walking Wake|\n|poke|p1|Muk-Alola, F|\n|poke|p1|Jolteon, F|\n|poke|p1|Toxicroak, F|\n|poke|p1|Crabominable, M|\n|poke|p1|Glimmet, M|\n|poke|p2|Cinderace, F|\n|poke|p2|Lycanroc-Dusk, M|\n|poke|p2|Noivern, M|\n|poke|p2|Copperajah, F|\n|poke|p2|Leafeon, M|\n|poke|p2|Flaaffy, M|\n|teampreview\n|\n|t:|1700009728\n|start\n|switch|p1a: Toxicroak|Toxicroak, F|100\/100\n|switch|p2a: Flaaffy|Flaaffy, M|100\/100\n|turn|1\n|\n|t:|1700009734\n|move|p1a: Toxicroak|Swords Dance|p1a: Toxicroak\n|-boost|p1a: Toxicroak|atk|2\n|move|p2a: Flaaffy|Sunny Day|p2a: Flaaffy\n|-weather|SunnyDay\n|\n|-weather|SunnyDay|[upkeep]\n|-damage|p1a: Toxicroak|88\/100|[from] ability: Dry Skin|[of] p1a: Toxicroak\n|upkeep\n|turn|2\n|j| Jam20Jam\n|\n|t:|1700009745\n|move|p1a: Toxicroak|Gunk Shot|p2a: Flaaffy\n|-damage|p2a: Flaaffy|0 fnt\n|faint|p2a: Flaaffy\n|-damage|p1a: Toxicroak|78\/100|[from] item: Life Orb\n|\n|-weather|SunnyDay|[upkeep]\n|-damage|p1a: Toxicroak|66\/100|[from] ability: Dry Skin|[of] p1a: Toxicroak\n|upkeep\n|\n|t:|1700009782\n|switch|p2a: Glockeon Jr|Leafeon, M|100\/100\n|turn|3\n|\n|t:|1700009824\n|move|p1a: Toxicroak|Sucker Punch|p2a: Glockeon Jr\n|-damage|p2a: Glockeon Jr|49\/100\n|-damage|p1a: Toxicroak|56\/100|[from] item: Life Orb\n|move|p2a: Glockeon Jr|Solar Blade||[still]\n|-prepare|p2a: Glockeon Jr|Solar Blade\n|-anim|p2a: Glockeon Jr|Solar Blade|p1a: Toxicroak\n|-resisted|p1a: Toxicroak\n|-damage|p1a: Toxicroak|0 fnt\n|faint|p1a: Toxicroak\n|-damage|p2a: Glockeon Jr|39\/100|[from] item: Life Orb\n|\n|-weather|SunnyDay|[upkeep]\n|upkeep\n|\n|t:|1700009843\n|switch|p1a: Glimmet|Glimmet, M|100\/100\n|turn|4\n|\n|t:|1700009861\n|move|p2a: Glockeon Jr|Knock Off|p1a: Glimmet\n|-enditem|p1a: Glimmet|Focus Sash\n|-damage|p1a: Glimmet|1\/100\n|-activate|p1a: Glimmet|ability: Toxic Debris\n|-sidestart|p2: Solaris2003|move: Toxic Spikes\n|-damage|p2a: Glockeon Jr|29\/100|[from] item: Life Orb\n|move|p1a: Glimmet|Stealth Rock|p2a: Glockeon Jr\n|-sidestart|p2: Solaris2003|move: Stealth Rock\n|\n|-weather|SunnyDay|[upkeep]\n|upkeep\n|turn|5\n|\n|t:|1700009871\n|move|p2a: Glockeon Jr|Swords Dance|p2a: Glockeon Jr\n|-boost|p2a: Glockeon Jr|atk|2\n|move|p1a: Glimmet|Power Gem|p2a: Glockeon Jr\n|-damage|p2a: Glockeon Jr|0 fnt\n|faint|p2a: Glockeon Jr\n|\n|-weather|SunnyDay|[upkeep]\n|upkeep\n|\n|t:|1700009879\n|switch|p2a: Cinderace|Cinderace, F|100\/100\n|turn|6\n|\n|t:|1700009883\n|move|p2a: Cinderace|Court Change|p2a: Cinderace\n|-start|p2a: Cinderace|typechange|Normal|[from] ability: Libero\n|-swapsideconditions\n|-activate|p2a: Cinderace|move: Court Change\n|move|p1a: Glimmet|Power Gem|p2a: Cinderace\n|-damage|p2a: Cinderace|46\/100\n|\n|-weather|SunnyDay|[upkeep]\n|upkeep\n|turn|7\n|\n|t:|1700009894\n|move|p2a: Cinderace|Sucker Punch||[still]\n|-fail|p2a: Cinderace\n|move|p1a: Glimmet|Spikes|p2a: Cinderace\n|-sidestart|p2: Solaris2003|Spikes\n|\n|-weather|SunnyDay|[upkeep]\n|upkeep\n|turn|8\n|\n|t:|1700009904\n|move|p2a: Cinderace|Sucker Punch||[still]\n|-fail|p2a: Cinderace\n|move|p1a: Glimmet|Stealth Rock|p2a: Cinderace\n|-sidestart|p2: Solaris2003|move: Stealth Rock\n|\n|-weather|none\n|upkeep\n|turn|9\n|\n|t:|1700009910\n|move|p2a: Cinderace|Pyro Ball|p1a: Glimmet|[miss]\n|-miss|p2a: Cinderace|p1a: Glimmet\n|move|p1a: Glimmet|Spikes|p2a: Cinderace\n|-sidestart|p2: Solaris2003|Spikes\n|\n|upkeep\n|turn|10\n|\n|t:|1700009918\n|move|p2a: Cinderace|Pyro Ball|p1a: Glimmet\n|-resisted|p1a: Glimmet\n|-damage|p1a: Glimmet|0 fnt\n|-activate|p1a: Glimmet|ability: Toxic Debris\n|-sidestart|p2: Solaris2003|move: Toxic Spikes\n|faint|p1a: Glimmet\n|\n|upkeep\n|\n|t:|1700009931\n|switch|p1a: Muk|Muk-Alola, F|100\/100\n|-sideend|p1: tbor2002|move: Toxic Spikes|[of] p1a: Muk\n|-damage|p1a: Muk|88\/100|[from] Stealth Rock\n|turn|11\n|\n|t:|1700009943\n|move|p2a: Cinderace|Pyro Ball|p1a: Muk\n|-crit|p1a: Muk\n|-damage|p1a: Muk|25\/100\n|move|p1a: Muk|Brick Break|p2a: Cinderace\n|-supereffective|p2a: Cinderace\n|-crit|p2a: Cinderace\n|-damage|p2a: Cinderace|0 fnt\n|faint|p2a: Cinderace\n|\n|upkeep\n|\n|t:|1700009951\n|switch|p2a: Copperajah|Copperajah, F|100\/100\n|-damage|p2a: Copperajah|84\/100|[from] Spikes\n|-damage|p2a: Copperajah|78\/100|[from] Stealth Rock\n|turn|12\n|\n|t:|1700009970\n|move|p1a: Muk|Brick Break|p2a: Copperajah\n|-supereffective|p2a: Copperajah\n|-damage|p2a: Copperajah|26\/100\n|move|p2a: Copperajah|Stone Edge|p1a: Muk\n|-damage|p1a: Muk|0 fnt\n|faint|p1a: Muk\n|\n|-heal|p2a: Copperajah|33\/100|[from] item: Leftovers\n|upkeep\n|\n|t:|1700009983\n|switch|p1a: Crabominable|Crabominable, M|100\/100\n|-damage|p1a: Crabominable|88\/100|[from] Stealth Rock\n|turn|13\n|\n|t:|1700009999\n|move|p1a: Crabominable|Drain Punch|p2a: Copperajah\n|-supereffective|p2a: Copperajah\n|-damage|p2a: Copperajah|0 fnt\n|-heal|p1a: Crabominable|100\/100|[from] drain|[of] p2a: Copperajah\n|faint|p2a: Copperajah\n|\n|upkeep\n|\n|t:|1700010007\n|switch|p2a: Lycanroc|Lycanroc-Dusk, M|100\/100\n|-damage|p2a: Lycanroc|84\/100|[from] Spikes\n|-damage|p2a: Lycanroc|72\/100|[from] Stealth Rock\n|-status|p2a: Lycanroc|psn\n|turn|14\n|\n|t:|1700010021\n|move|p2a: Lycanroc|Psychic Fangs|p1a: Crabominable\n|-supereffective|p1a: Crabominable\n|-damage|p1a: Crabominable|0 fnt\n|faint|p1a: Crabominable\n|\n|-damage|p2a: Lycanroc|59\/100 psn|[from] psn\n|upkeep\n|\n|t:|1700010029\n|switch|p1a: Walking Wake|Walking Wake|100\/100\n|-damage|p1a: Walking Wake|88\/100|[from] Stealth Rock\n|turn|15\n|\n|t:|1700010039\n|move|p2a: Lycanroc|Psychic Fangs|p1a: Walking Wake\n|-damage|p1a: Walking Wake|27\/100\n|move|p1a: Walking Wake|Hydro Steam|p2a: Lycanroc\n|-supereffective|p2a: Lycanroc\n|-damage|p2a: Lycanroc|0 fnt\n|faint|p2a: Lycanroc\n|\n|upkeep\n|\n|t:|1700010046\n|switch|p2a: Noivern|Noivern, M|100\/100\n|-damage|p2a: Noivern|76\/100|[from] Stealth Rock\n|turn|16\n|\n|t:|1700010072\n|move|p2a: Noivern|Air Slash|p1a: Walking Wake\n|-damage|p1a: Walking Wake|0 fnt\n|faint|p1a: Walking Wake\n|-end|p1a: Walking Wake|Protosynthesis|[silent]\n|-damage|p2a: Noivern|66\/100|[from] item: Life Orb\n|\n|upkeep\n|\n|t:|1700010076\n|switch|p1a: Jolteon|Jolteon, F|100\/100\n|turn|17\n|\n|t:|1700010100\n|-terastallize|p1a: Jolteon|Ice\n|-terastallize|p2a: Noivern|Steel\n|move|p1a: Jolteon|Tera Blast|p2a: Noivern|[anim] Tera Blast Ice\n|-resisted|p2a: Noivern\n|-damage|p2a: Noivern|41\/100\n|move|p2a: Noivern|Draco Meteor|p1a: Jolteon\n|-damage|p1a: Jolteon|12\/100\n|-unboost|p2a: Noivern|spa|2\n|-damage|p2a: Noivern|31\/100|[from] item: Life Orb\n|\n|upkeep\n|turn|18\n|\n|t:|1700010114\n|move|p1a: Jolteon|Tera Blast|p2a: Noivern|[anim] Tera Blast Ice\n|-resisted|p2a: Noivern\n|-damage|p2a: Noivern|8\/100\n|move|p2a: Noivern|Air Slash|p1a: Jolteon\n|-damage|p1a: Jolteon|0 fnt\n|faint|p1a: Jolteon\n|-damage|p2a: Noivern|0 fnt|[from] item: Life Orb\n|faint|p2a: Noivern\n|\n|win|Solaris2003\n","uploadtime":1700010127,"views":7,"p1id":"tbor2002","p2id":"solaris2003","formatid":"gen9nationaldexubers","rating":0,"private":0,"password":""}