{"id":"gen9nationaldexubers-1987369063","p1":"85792195wwww","p2":"mecles","format":"[Gen 9] National Dex Ubers","log":"|j|\u260685792195wwww\n|j|\u2606mecles\n|t:|1699582689\n|gametype|singles\n|player|p1|85792195wwww|mira|1464\n|player|p2|mecles|pokekid|1497\n|teamsize|p1|6\n|teamsize|p2|6\n|gen|9\n|tier|[Gen 9] National Dex Ubers\n|rated|\n|rule|HP Percentage Mod: HP is shown in percentages\n|rule|Endless Battle Clause: Forcing endless battles is banned\n|rule|OHKO Clause: OHKO moves are banned\n|rule|Evasion Moves Clause: Evasion moves are banned\n|rule|Evasion Items Clause: Evasion items are banned\n|rule|Species Clause: Limit one of each Pok\u00e9mon\n|rule|Sleep Clause Mod: Limit one foe put to sleep\n|rule|Mega Rayquaza Clause: You cannot mega evolve Rayquaza\n|clearpoke\n|poke|p1|Kyurem-Black|\n|poke|p1|Samurott-Hisui, F|\n|poke|p1|Gholdengo|\n|poke|p1|Groudon|\n|poke|p1|Arceus-Ground|\n|poke|p1|Ribombee, F|\n|poke|p2|Marshadow|\n|poke|p2|Kyogre|\n|poke|p2|Groudon|\n|poke|p2|Yveltal|\n|poke|p2|Necrozma-Dusk-Mane|\n|poke|p2|Xerneas-*|\n|teampreview\n|inactive|Battle timer is ON: inactive players will automatically lose when time's up. (requested by mecles)\n|\n|t:|1699582697\n|start\n|switch|p1a: Ribombee|Ribombee, F|100\/100\n|switch|p2a: God?|Xerneas, shiny|100\/100\n|-ability|p2a: God?|Fairy Aura\n|turn|1\n|\n|t:|1699582706\n|move|p1a: Ribombee|Switcheroo|p2a: God?\n|-activate|p1a: Ribombee|move: Trick|[of] p2a: God?\n|-item|p2a: God?|Focus Sash|[from] move: Switcheroo\n|-item|p1a: Ribombee|Power Herb|[from] move: Switcheroo\n|move|p2a: God?|Geomancy||[still]\n|-prepare|p2a: God?|Geomancy\n|\n|upkeep\n|turn|2\n|\n|t:|1699582720\n|move|p1a: Ribombee|Moonblast|p2a: God?\n|-crit|p2a: God?\n|-damage|p2a: God?|39\/100\n|-unboost|p2a: God?|spa|1\n|move|p2a: God?|Geomancy|p2a: God?|[from]lockedmove\n|-boost|p2a: God?|spa|2\n|-boost|p2a: God?|spd|2\n|-boost|p2a: God?|spe|2\n|\n|upkeep\n|turn|3\n|\n|t:|1699582733\n|move|p2a: God?|Moonblast|p1a: Ribombee\n|-damage|p1a: Ribombee|0 fnt\n|faint|p1a: Ribombee\n|\n|upkeep\n|\n|t:|1699582745\n|switch|p1a: Samurott|Samurott-Hisui, F|100\/100\n|turn|4\n|\n|t:|1699582749\n|move|p2a: God?|Moonblast|p1a: Samurott\n|-supereffective|p1a: Samurott\n|-enditem|p1a: Samurott|Focus Sash\n|-damage|p1a: Samurott|1\/100\n|move|p1a: Samurott|Razor Shell|p2a: God?\n|-damage|p2a: God?|0 fnt\n|faint|p2a: God?\n|\n|upkeep\n|\n|t:|1699582757\n|switch|p2a: Shadow|Marshadow|100\/100\n|turn|5\n|\n|t:|1699582766\n|switch|p1a: Arceus|Arceus-Ground|100\/100\n|move|p2a: Shadow|Shadow Sneak|p1a: Arceus\n|-damage|p1a: Arceus|78\/100\n|\n|upkeep\n|turn|6\n|\n|t:|1699582774\n|move|p2a: Shadow|Ice Punch|p1a: Arceus\n|-supereffective|p1a: Arceus\n|-damage|p1a: Arceus|39\/100\n|move|p1a: Arceus|Stone Edge|p2a: Shadow\n|-resisted|p2a: Shadow\n|-damage|p2a: Shadow|77\/100\n|\n|upkeep\n|turn|7\n|\n|t:|1699582783\n|move|p2a: Shadow|Ice Punch|p1a: Arceus\n|-supereffective|p1a: Arceus\n|-damage|p1a: Arceus|0 fnt\n|faint|p1a: Arceus\n|\n|upkeep\n|\n|t:|1699582792\n|switch|p1a: Groudon|Groudon|100\/100\n|detailschange|p1a: Groudon|Groudon-Primal\n|-primal|p1a: Groudon|Red Orb\n|-weather|DesolateLand|[from] ability: Desolate Land|[of] p1a: Groudon\n|turn|8\n|\n|t:|1699582799\n|-terastallize|p2a: Shadow|Fighting\n|move|p2a: Shadow|Close Combat|p1a: Groudon\n|-crit|p1a: Groudon\n|-damage|p1a: Groudon|17\/100\n|-unboost|p2a: Shadow|def|1\n|-unboost|p2a: Shadow|spd|1\n|move|p1a: Groudon|Earth Power|p2a: Shadow\n|-damage|p2a: Shadow|0 fnt\n|faint|p2a: Shadow\n|\n|-weather|DesolateLand|[upkeep]\n|upkeep\n|\n|t:|1699582818\n|switch|p2a: death|Yveltal, shiny|100\/100\n|-ability|p2a: death|Dark Aura\n|turn|9\n|\n|t:|1699582825\n|move|p2a: death|Dark Pulse|p1a: Groudon\n|-damage|p1a: Groudon|0 fnt\n|faint|p1a: Groudon\n|-weather|none\n|\n|upkeep\n|\n|t:|1699582831\n|switch|p1a: Kyurem|Kyurem-Black|100\/100\n|-ability|p1a: Kyurem|Teravolt\n|turn|10\n|\n|t:|1699582843\n|move|p2a: death|Dark Pulse|p1a: Kyurem\n|-damage|p1a: Kyurem|40\/100\n|move|p1a: Kyurem|Dragon Dance|p1a: Kyurem\n|-boost|p1a: Kyurem|atk|1\n|-boost|p1a: Kyurem|spe|1\n|\n|upkeep\n|turn|11\n|\n|t:|1699582850\n|move|p1a: Kyurem|Substitute|p1a: Kyurem\n|-start|p1a: Kyurem|Substitute\n|-damage|p1a: Kyurem|15\/100\n|move|p2a: death|Dark Pulse|p1a: Kyurem\n|-crit|p1a: Kyurem\n|-end|p1a: Kyurem|Substitute\n|\n|upkeep\n|turn|12\n|\n|t:|1699582858\n|move|p1a: Kyurem|Icicle Spear|p2a: death\n|-supereffective|p2a: death\n|-damage|p2a: death|56\/100\n|-supereffective|p2a: death\n|-damage|p2a: death|10\/100\n|-supereffective|p2a: death\n|-damage|p2a: death|0 fnt\n|faint|p2a: death\n|-hitcount|p2: death|3\n|\n|upkeep\n|\n|t:|1699582862\n|switch|p2a: Lion King|Necrozma-Dusk-Mane, shiny|100\/100\n|turn|13\n|\n|t:|1699582872\n|detailschange|p2a: Lion King|Necrozma-Ultra, shiny\n|-burst|p2a: Lion King|Necrozma|Ultranecrozium Z\n|move|p1a: Kyurem|Fusion Bolt|p2a: Lion King\n|-resisted|p2a: Lion King\n|-crit|p2a: Lion King\n|-damage|p2a: Lion King|52\/100\n|move|p2a: Lion King|Sunsteel Strike|p1a: Kyurem\n|-supereffective|p1a: Kyurem\n|-damage|p1a: Kyurem|0 fnt\n|faint|p1a: Kyurem\n|\n|upkeep\n|\n|t:|1699582885\n|switch|p1a: Gholdengo|Gholdengo|100\/100\n|-item|p1a: Gholdengo|Air Balloon\n|turn|14\n|\n|t:|1699582890\n|switch|p1a: Samurott|Samurott-Hisui, F|1\/100\n|-zpower|p2a: Lion King\n|move|p2a: Lion King|Light That Burns the Sky|p1a: Samurott|[zeffect]\n|-immune|p1a: Samurott\n|\n|upkeep\n|turn|15\n|\n|t:|1699582900\n|move|p2a: Lion King|Earthquake|p1a: Samurott\n|-damage|p1a: Samurott|0 fnt\n|faint|p1a: Samurott\n|\n|upkeep\n|\n|t:|1699582905\n|switch|p1a: Gholdengo|Gholdengo|100\/100\n|-item|p1a: Gholdengo|Air Balloon\n|turn|16\n|\n|t:|1699582910\n|move|p1a: Gholdengo|Shadow Ball|p2a: Lion King\n|-supereffective|p2a: Lion King\n|-damage|p2a: Lion King|0 fnt\n|faint|p2a: Lion King\n|\n|upkeep\n|\n|t:|1699582917\n|switch|p2a: Orca|Kyogre, shiny|100\/100\n|detailschange|p2a: Orca|Kyogre-Primal, shiny\n|-primal|p2a: Orca|Blue Orb\n|-weather|PrimordialSea|[from] ability: Primordial Sea|[of] p2a: Orca\n|turn|17\n|-message|85792195wwww forfeited.\n|\n|win|mecles\n|raw|85792195wwww's rating: 1464 &rarr; <strong>1446<\/strong><br \/>(-18 for losing)\n|raw|mecles's rating: 1497 &rarr; <strong>1515<\/strong><br \/>(+18 for winning)\n|l|\u260685792195wwww\n|l|\u2606mecles\n","uploadtime":1699582943,"views":5,"p1id":"85792195wwww","p2id":"mecles","formatid":"gen9nationaldexubers","rating":1446,"private":0,"password":""}