{"id":"gen9nationaldexubers-1999205882","p1":"Captain_118","p2":"bananabreadbitch","format":"[Gen 9] National Dex Ubers","log":"|j|\u2606Captain_118\n|j|\u2606bananabreadbitch\n|t:|1701045290\n|gametype|singles\n|player|p1|Captain_118|n|\n|player|p2|bananabreadbitch|mars|\n|teamsize|p1|6\n|teamsize|p2|6\n|gen|9\n|tier|[Gen 9] National Dex Ubers\n|rule|HP Percentage Mod: HP is shown in percentages\n|rule|Endless Battle Clause: Forcing endless battles is banned\n|rule|OHKO Clause: OHKO moves are banned\n|rule|Evasion Moves Clause: Evasion moves are banned\n|rule|Evasion Items Clause: Evasion items are banned\n|rule|Species Clause: Limit one of each Pok\u00e9mon\n|rule|Sleep Clause Mod: Limit one foe put to sleep\n|rule|Mega Rayquaza Clause: You cannot mega evolve Rayquaza\n|clearpoke\n|poke|p1|Pelipper, M|\n|poke|p1|Tornadus-Therian, M|\n|poke|p1|Swampert, M|\n|poke|p1|Clodsire, M|\n|poke|p1|Kilowattrel, F|\n|poke|p1|Kingdra, F|\n|poke|p2|Galvantula, M|\n|poke|p2|Charizard, M|\n|poke|p2|Walking Wake|\n|poke|p2|Amoonguss, M|\n|poke|p2|Slither Wing|\n|poke|p2|Scizor, F|\n|teampreview\n|c|\u2606Captain_118|gl hf\n|\n|t:|1701045349\n|start\n|switch|p1a: Roar of the Spark|Kilowattrel, F|100\/100\n|switch|p2a: Galvantula|Galvantula, M|100\/100\n|turn|1\n|j| Hnard\n|\n|t:|1701045368\n|move|p1a: Roar of the Spark|Hurricane|p2a: Galvantula\n|-damage|p2a: Galvantula|17\/100\n|-start|p2a: Galvantula|confusion\n|-activate|p2a: Galvantula|confusion\n|move|p2a: Galvantula|Sticky Web|p1a: Roar of the Spark\n|-sidestart|p1: Captain_118|move: Sticky Web\n|\n|upkeep\n|turn|2\n|\n|t:|1701045408\n|move|p1a: Roar of the Spark|Volt Switch|p2a: Galvantula\n|-resisted|p2a: Galvantula\n|-damage|p2a: Galvantula|0 fnt\n|faint|p2a: Galvantula\n|\n|t:|1701045419\n|switch|p1a: Requiem|Tornadus-Therian, M|100\/100|[from] Volt Switch\n|\n|upkeep\n|l| Hnard\n|\n|t:|1701045455\n|switch|p2a: Charizard|Charizard, M|100\/100\n|turn|3\n|\n|t:|1701045491\n|detailschange|p2a: Charizard|Charizard-Mega-Y, M\n|-mega|p2a: Charizard|Charizard|Charizardite Y\n|-weather|SunnyDay|[from] ability: Drought|[of] p2a: Charizard\n|move|p1a: Requiem|Defog|p2a: Charizard\n|-unboost|p2a: Charizard|evasion|1\n|-sideend|p1: Captain_118|Sticky Web|[from] move: Defog|[of] p1a: Requiem\n|move|p2a: Charizard|Fire Blast|p1a: Requiem\n|-damage|p1a: Requiem|2\/100\n|\n|-weather|SunnyDay|[upkeep]\n|upkeep\n|turn|4\n|\n|t:|1701045515\n|move|p1a: Requiem|U-turn|p2a: Charizard\n|-resisted|p2a: Charizard\n|-damage|p2a: Charizard|95\/100\n|\n|t:|1701045517\n|switch|p1a: Drift|Pelipper, M|100\/100|[from] U-turn\n|-weather|RainDance|[from] ability: Drizzle|[of] p1a: Drift\n|move|p2a: Charizard|Solar Beam||[still]\n|-prepare|p2a: Charizard|Solar Beam\n|\n|-weather|RainDance|[upkeep]\n|upkeep\n|turn|5\n|\n|t:|1701045530\n|move|p2a: Charizard|Solar Beam|p1a: Drift|[from]lockedmove\n|-damage|p1a: Drift|77\/100\n|move|p1a: Drift|Scald|p2a: Charizard\n|-supereffective|p2a: Charizard\n|-damage|p2a: Charizard|19\/100\n|\n|-weather|RainDance|[upkeep]\n|upkeep\n|turn|6\n|\n|t:|1701045537\n|switch|p2a: Walking Wake|Walking Wake|100\/100\n|move|p1a: Drift|U-turn|p2a: Walking Wake\n|-damage|p2a: Walking Wake|91\/100\n|\n|t:|1701045569\n|switch|p1a: Crawl|Kingdra, F|100\/100|[from] U-turn\n|\n|-weather|RainDance|[upkeep]\n|upkeep\n|turn|7\n|l|\u2606bananabreadbitch\n|player|p2|\n|j|\u2606bananabreadbitch\n|player|p2|bananabreadbitch|mars\n|\n|t:|1701045605\n|-end|p2a: Walking Wake|Protosynthesis|[silent]\n|switch|p2a: Scizor|Scizor, F|100\/100\n|move|p1a: Crawl|Draco Meteor|p2a: Scizor\n|-resisted|p2a: Scizor\n|-damage|p2a: Scizor|49\/100\n|-unboost|p1a: Crawl|spa|2\n|\n|-weather|RainDance|[upkeep]\n|upkeep\n|turn|8\n|\n|t:|1701045619\n|switch|p1a: Roar of the Spark|Kilowattrel, F|100\/100\n|move|p2a: Scizor|U-turn|p1a: Roar of the Spark\n|-resisted|p1a: Roar of the Spark\n|-damage|p1a: Roar of the Spark|52\/100\n|\n|t:|1701045628\n|switch|p2a: Walking Wake|Walking Wake|91\/100|[from] U-turn\n|\n|-weather|RainDance|[upkeep]\n|upkeep\n|turn|9\n|\n|t:|1701045645\n|move|p1a: Roar of the Spark|Volt Switch|p2a: Walking Wake\n|-damage|p2a: Walking Wake|48\/100\n|\n|t:|1701045649\n|switch|p1a: Simple Life|Clodsire, M|100\/100|[from] Volt Switch\n|move|p2a: Walking Wake|Hydro Steam|p1a: Simple Life\n|-immune|p1a: Simple Life|[from] ability: Water Absorb\n|\n|-weather|RainDance|[upkeep]\n|upkeep\n|turn|10\n|\n|t:|1701045675\n|-end|p2a: Walking Wake|Protosynthesis|[silent]\n|switch|p2a: Slither Wing|Slither Wing|100\/100\n|move|p1a: Simple Life|Stealth Rock|p2a: Slither Wing\n|-sidestart|p2: bananabreadbitch|move: Stealth Rock\n|\n|-weather|RainDance|[upkeep]\n|upkeep\n|turn|11\n|\n|t:|1701045696\n|move|p2a: Slither Wing|U-turn|p1a: Simple Life\n|-resisted|p1a: Simple Life\n|-damage|p1a: Simple Life|67\/100\n|\n|t:|1701045701\n|-end|p2a: Slither Wing|Protosynthesis|[silent]\n|switch|p2a: Amoonguss|Amoonguss, M|100\/100|[from] U-turn\n|move|p1a: Simple Life|Yawn|p2a: Amoonguss\n|-start|p2a: Amoonguss|move: Yawn|[of] p1a: Simple Life\n|\n|-weather|none\n|-heal|p1a: Simple Life|73\/100|[from] item: Black Sludge\n|upkeep\n|turn|12\n|\n|t:|1701045708\n|switch|p1a: Drift|Pelipper, M|77\/100\n|-weather|RainDance|[from] ability: Drizzle|[of] p1a: Drift\n|move|p2a: Amoonguss|Spore|p1a: Drift\n|-status|p1a: Drift|slp|[from] move: Spore\n|\n|-weather|RainDance|[upkeep]\n|-end|p2a: Amoonguss|move: Yawn|[silent]\n|-status|p2a: Amoonguss|slp\n|upkeep\n|turn|13\n|\n|t:|1701045715\n|switch|p1a: Requiem|Tornadus-Therian, M|36\/100\n|switch|p2a: Charizard|Charizard-Mega-Y, M|19\/100\n|-damage|p2a: Charizard|0 fnt|[from] Stealth Rock\n|faint|p2a: Charizard\n|\n|-weather|RainDance|[upkeep]\n|upkeep\n|\n|t:|1701045724\n|switch|p2a: Walking Wake|Walking Wake|48\/100\n|-damage|p2a: Walking Wake|35\/100|[from] Stealth Rock\n|turn|14\n|\n|t:|1701045734\n|move|p1a: Requiem|Bleakwind Storm|p2a: Walking Wake\n|-damage|p2a: Walking Wake|0 fnt\n|faint|p2a: Walking Wake\n|-end|p2a: Walking Wake|Protosynthesis|[silent]\n|\n|-weather|RainDance|[upkeep]\n|upkeep\n|\n|t:|1701045748\n|switch|p2a: Slither Wing|Slither Wing|100\/100\n|-damage|p2a: Slither Wing|88\/100|[from] Stealth Rock\n|turn|15\n|\n|t:|1701045801\n|switch|p1a: Simple Life|Clodsire, M|73\/100\n|move|p2a: Slither Wing|First Impression|p1a: Simple Life\n|-resisted|p1a: Simple Life\n|-damage|p1a: Simple Life|31\/100\n|\n|-weather|RainDance|[upkeep]\n|-heal|p1a: Simple Life|37\/100|[from] item: Black Sludge\n|upkeep\n|turn|16\n|l|\u2606bananabreadbitch\n|player|p2|\n|j|\u2606bananabreadbitch\n|player|p2|bananabreadbitch|mars\n|\n|t:|1701045825\n|-end|p2a: Slither Wing|Protosynthesis|[silent]\n|switch|p2a: Scizor|Scizor, F|49\/100\n|-damage|p2a: Scizor|37\/100|[from] Stealth Rock\n|switch|p1a: Crawl|Kingdra, F|100\/100\n|\n|-weather|RainDance|[upkeep]\n|upkeep\n|turn|17\n|\n|t:|1701045830\n|move|p1a: Crawl|Hurricane|p2a: Scizor\n|-damage|p2a: Scizor|0 fnt\n|faint|p2a: Scizor\n|\n|-weather|RainDance|[upkeep]\n|upkeep\n|\n|t:|1701045833\n|switch|p2a: Slither Wing|Slither Wing|88\/100\n|-damage|p2a: Slither Wing|76\/100|[from] Stealth Rock\n|turn|18\n|\n|t:|1701045849\n|move|p2a: Slither Wing|First Impression|p1a: Crawl\n|-damage|p1a: Crawl|19\/100\n|move|p1a: Crawl|Hurricane|p2a: Slither Wing\n|-supereffective|p2a: Slither Wing\n|-damage|p2a: Slither Wing|0 fnt\n|faint|p2a: Slither Wing\n|-end|p2a: Slither Wing|Protosynthesis|[silent]\n|\n|-weather|RainDance|[upkeep]\n|upkeep\n|\n|t:|1701045854\n|switch|p2a: Amoonguss|Amoonguss, M|100\/100 slp\n|turn|19\n|\n|t:|1701045856\n|move|p1a: Crawl|Hurricane|p2a: Amoonguss\n|-supereffective|p2a: Amoonguss\n|-damage|p2a: Amoonguss|9\/100 slp\n|cant|p2a: Amoonguss|slp\n|\n|-weather|none\n|upkeep\n|turn|20\n|\n|t:|1701045878\n|switch|p1a: Requiem|Tornadus-Therian, M|69\/100\n|-curestatus|p2a: Amoonguss|slp|[msg]\n|move|p2a: Amoonguss|Spore|p1a: Requiem\n|-message|Sleep Clause Mod activated.\n|-hint|Sleep Clause Mod prevents players from putting more than one of their opponent's Pok\u00e9mon to sleep at a time\n|\n|upkeep\n|turn|21\n|\n|t:|1701045895\n|move|p1a: Requiem|U-turn|p2a: Amoonguss\n|-damage|p2a: Amoonguss|0 fnt\n|faint|p2a: Amoonguss\n|\n|win|Captain_118\n|c|\u2606Captain_118|ggs\n","uploadtime":1701045900,"views":15,"p1id":"captain118","p2id":"bananabreadbitch","formatid":"gen9nationaldexubers","rating":0,"private":0,"password":""}