{"id":"gen9nationaldexubers-1978745472","p1":"Chaitanya15","p2":"king7025","format":"[Gen 9] National Dex Ubers","log":"|j|\u2606Chaitanya15\n|j|\u2606king7025\n|t:|1698590085\n|gametype|singles\n|player|p1|Chaitanya15|102|1233\n|player|p2|king7025|veteran|1202\n|teamsize|p1|6\n|teamsize|p2|6\n|gen|9\n|tier|[Gen 9] National Dex Ubers\n|rated|\n|rule|HP Percentage Mod: HP is shown in percentages\n|rule|Endless Battle Clause: Forcing endless battles is banned\n|rule|OHKO Clause: OHKO moves are banned\n|rule|Evasion Moves Clause: Evasion moves are banned\n|rule|Evasion Items Clause: Evasion items are banned\n|rule|Species Clause: Limit one of each Pok\u00e9mon\n|rule|Sleep Clause Mod: Limit one foe put to sleep\n|rule|Mega Rayquaza Clause: You cannot mega evolve Rayquaza\n|clearpoke\n|poke|p1|Pikachu, F|\n|poke|p1|Dragonite, F|\n|poke|p1|Gengar, M|\n|poke|p1|Sirfetch\u2019d, M|\n|poke|p1|Lucario, F|\n|poke|p1|Dracovish|\n|poke|p2|Komala, M|\n|poke|p2|Nihilego|\n|poke|p2|Darkrai|\n|poke|p2|Ditto|\n|poke|p2|Calyrex-Ice|\n|poke|p2|Melmetal|\n|teampreview\n|\n|t:|1698590092\n|start\n|switch|p1a: Pikachu|Pikachu, F|100\/100\n|switch|p2a: Calyrex|Calyrex-Ice|100\/100\n|-ability|p2a: Calyrex|As One\n|-ability|p2a: Calyrex|Unnerve\n|turn|1\n|inactive|Battle timer is ON: inactive players will automatically lose when time's up. (requested by Chaitanya15)\n|\n|t:|1698590102\n|move|p1a: Pikachu|Fake Out|p2a: Calyrex\n|-crit|p2a: Calyrex\n|-damage|p2a: Calyrex|84\/100\n|cant|p2a: Calyrex|flinch\n|\n|upkeep\n|turn|2\n|\n|t:|1698590108\n|move|p1a: Pikachu|Volt Tackle|p2a: Calyrex\n|-damage|p2a: Calyrex|30\/100\n|-damage|p1a: Pikachu|71\/100|[from] Recoil\n|move|p2a: Calyrex|Trick Room|p2a: Calyrex\n|-fieldstart|move: Trick Room|[of] p2a: Calyrex\n|\n|upkeep\n|turn|3\n|\n|t:|1698590116\n|move|p1a: Pikachu|Extreme Speed|p2a: Calyrex\n|-damage|p2a: Calyrex|8\/100\n|move|p2a: Calyrex|Glacial Lance|p1a: Pikachu\n|-damage|p1a: Pikachu|0 fnt\n|faint|p1a: Pikachu\n|-ability|p2a: Calyrex|Chilling Neigh|boost\n|-boost|p2a: Calyrex|atk|1\n|-damage|p2a: Calyrex|0 fnt|[from] item: Life Orb\n|faint|p2a: Calyrex\n|\n|upkeep\n|\n|t:|1698590133\n|switch|p2a: Komala|Komala, M|100\/100\n|switch|p1a: Sirfetch\u2019d|Sirfetch\u2019d, M|100\/100\n|-ability|p2a: Komala|Comatose\n|turn|4\n|\n|t:|1698590142\n|move|p1a: Sirfetch\u2019d|Close Combat|p2a: Komala\n|-supereffective|p2a: Komala\n|-crit|p2a: Komala\n|-damage|p2a: Komala|0 fnt\n|-unboost|p1a: Sirfetch\u2019d|def|1\n|-unboost|p1a: Sirfetch\u2019d|spd|1\n|faint|p2a: Komala\n|\n|upkeep\n|\n|t:|1698590156\n|switch|p2a: Darkrai|Darkrai|100\/100\n|turn|5\n|\n|t:|1698590161\n|-terastallize|p2a: Darkrai|Fairy\n|move|p1a: Sirfetch\u2019d|Close Combat|p2a: Darkrai\n|-resisted|p2a: Darkrai\n|-crit|p2a: Darkrai\n|-damage|p2a: Darkrai|30\/100\n|-unboost|p1a: Sirfetch\u2019d|def|1\n|-unboost|p1a: Sirfetch\u2019d|spd|1\n|move|p2a: Darkrai|Hypnosis|p1a: Sirfetch\u2019d\n|-status|p1a: Sirfetch\u2019d|slp|[from] move: Hypnosis\n|\n|-damage|p1a: Sirfetch\u2019d|88\/100 slp|[from] ability: Bad Dreams|[of] p2a: Darkrai\n|upkeep\n|turn|6\n|\n|t:|1698590174\n|cant|p1a: Sirfetch\u2019d|slp\n|move|p2a: Darkrai|Nasty Plot|p2a: Darkrai\n|-boost|p2a: Darkrai|spa|2\n|\n|-fieldend|move: Trick Room\n|-damage|p1a: Sirfetch\u2019d|76\/100 slp|[from] ability: Bad Dreams|[of] p2a: Darkrai\n|upkeep\n|turn|7\n|\n|t:|1698590184\n|switch|p1a: Gengar|Gengar, M|100\/100\n|move|p2a: Darkrai|Dark Pulse|p1a: Gengar\n|-supereffective|p1a: Gengar\n|-damage|p1a: Gengar|0 fnt\n|faint|p1a: Gengar\n|\n|upkeep\n|\n|t:|1698590192\n|switch|p1a: Lucario|Lucario, F|100\/100\n|turn|8\n|\n|t:|1698590203\n|detailschange|p1a: Lucario|Lucario-Mega, F\n|-mega|p1a: Lucario|Lucario|Lucarionite\n|move|p1a: Lucario|Bullet Punch|p2a: Darkrai\n|-supereffective|p2a: Darkrai\n|-damage|p2a: Darkrai|0 fnt\n|faint|p2a: Darkrai\n|\n|upkeep\n|\n|t:|1698590213\n|switch|p2a: Melmetal|Melmetal|100\/100\n|turn|9\n|\n|t:|1698590218\n|move|p1a: Lucario|Close Combat|p2a: Melmetal\n|-supereffective|p2a: Melmetal\n|-damage|p2a: Melmetal|3\/100\n|-unboost|p1a: Lucario|def|1\n|-unboost|p1a: Lucario|spd|1\n|move|p2a: Melmetal|Earthquake|p1a: Lucario\n|-supereffective|p1a: Lucario\n|-damage|p1a: Lucario|0 fnt\n|faint|p1a: Lucario\n|\n|upkeep\n|\n|t:|1698590228\n|switch|p1a: Dracovish|Dracovish|100\/100\n|turn|10\n|\n|t:|1698590235\n|move|p1a: Dracovish|Fishious Rend|p2a: Melmetal\n|-damage|p2a: Melmetal|0 fnt\n|faint|p2a: Melmetal\n|\n|upkeep\n|\n|t:|1698590244\n|switch|p2a: Nihilego|Nihilego|100\/100\n|turn|11\n|\n|t:|1698590249\n|move|p1a: Dracovish|Fishious Rend|p2a: Nihilego\n|-supereffective|p2a: Nihilego\n|-damage|p2a: Nihilego|0 fnt\n|faint|p2a: Nihilego\n|\n|upkeep\n|\n|t:|1698590254\n|switch|p2a: Ditto|Ditto, shiny|100\/100\n|-transform|p2a: Ditto|p1a: Dracovish|[from] ability: Imposter\n|turn|12\n|\n|t:|1698590260\n|switch|p1a: Sirfetch\u2019d|Sirfetch\u2019d, M|76\/100 slp\n|move|p2a: Ditto|Outrage|p1a: Sirfetch\u2019d\n|-damage|p1a: Sirfetch\u2019d|21\/100 slp\n|\n|upkeep\n|turn|13\n|\n|t:|1698590267\n|cant|p1a: Sirfetch\u2019d|slp\n|move|p2a: Ditto|Outrage|p1a: Sirfetch\u2019d|[from]lockedmove\n|-damage|p1a: Sirfetch\u2019d|0 fnt\n|faint|p1a: Sirfetch\u2019d\n|-start|p2a: Ditto|confusion|[fatigue]\n|\n|upkeep\n|\n|t:|1698590275\n|switch|p1a: Dragonite|Dragonite, F|100\/100\n|turn|14\n|\n|t:|1698590283\n|-terastallize|p1a: Dragonite|Dragon\n|-activate|p2a: Ditto|confusion\n|-damage|p2a: Ditto|87\/100|[from] confusion\n|move|p1a: Dragonite|Dragon Claw|p2a: Ditto\n|-supereffective|p2a: Ditto\n|-damage|p2a: Ditto|0 fnt\n|faint|p2a: Ditto\n|\n|win|Chaitanya15\n|raw|Chaitanya15's rating: 1233 &rarr; <strong>1256<\/strong><br \/>(+23 for winning)\n|raw|king7025's rating: 1202 &rarr; <strong>1179<\/strong><br \/>(-23 for losing)\n|c|\u2606Chaitanya15|gg\n|l|\u2606king7025\n","uploadtime":1698590297,"views":11,"p1id":"chaitanya15","p2id":"king7025","formatid":"gen9nationaldexubers","rating":1179,"private":0,"password":""}