{"id":"gen9nationaldexubers-1988537767","p1":"flamezz69","p2":"Durpmaster","format":"[Gen 9] National Dex Ubers","log":"|j|\u2606flamezz69\n|j|\u2606Durpmaster\n|t:|1699733641\n|gametype|singles\n|player|p1|flamezz69|lucas|\n|player|p2|Durpmaster|crasherwake|\n|teamsize|p1|6\n|teamsize|p2|6\n|gen|9\n|tier|[Gen 9] National Dex Ubers\n|rule|HP Percentage Mod: HP is shown in percentages\n|rule|Endless Battle Clause: Forcing endless battles is banned\n|rule|OHKO Clause: OHKO moves are banned\n|rule|Evasion Moves Clause: Evasion moves are banned\n|rule|Evasion Items Clause: Evasion items are banned\n|rule|Species Clause: Limit one of each Pok\u00e9mon\n|rule|Sleep Clause Mod: Limit one foe put to sleep\n|rule|Mega Rayquaza Clause: You cannot mega evolve Rayquaza\n|clearpoke\n|poke|p1|Baxcalibur, M|\n|poke|p1|Dracovish|\n|poke|p1|Beedrill, F|\n|poke|p1|Pelipper, M|\n|poke|p1|Ludicolo, M|\n|poke|p1|Regieleki|\n|poke|p2|Stakataka|\n|poke|p2|Scream Tail|\n|poke|p2|Dipplin, M|\n|poke|p2|Mimikyu, F|\n|poke|p2|Guzzlord|\n|poke|p2|Garganacl, M|\n|teampreview\n|\n|t:|1699733666\n|start\n|switch|p1a: Regieleki|Regieleki|100\/100\n|switch|p2a: Stakataka|Stakataka, shiny|100\/100\n|-item|p1a: Regieleki|Air Balloon\n|turn|1\n|\n|t:|1699733673\n|move|p1a: Regieleki|Reflect|p1a: Regieleki\n|-sidestart|p1: flamezz69|Reflect\n|move|p2a: Stakataka|Trick Room|p2a: Stakataka\n|-fieldstart|move: Trick Room|[of] p2a: Stakataka\n|\n|upkeep\n|turn|2\n|\n|t:|1699733690\n|move|p2a: Stakataka|Gyro Ball|p1a: Regieleki\n|-resisted|p1a: Regieleki\n|-damage|p1a: Regieleki|74\/100\n|-enditem|p1a: Regieleki|Air Balloon\n|move|p1a: Regieleki|Light Screen|p1a: Regieleki\n|-sidestart|p1: flamezz69|move: Light Screen\n|\n|upkeep\n|turn|3\n|\n|t:|1699733701\n|switch|p1a: Pelipper|Pelipper, M|100\/100\n|-weather|RainDance|[from] ability: Drizzle|[of] p1a: Pelipper\n|move|p2a: Stakataka|Rock Tomb|p1a: Pelipper\n|-supereffective|p1a: Pelipper\n|-damage|p1a: Pelipper|79\/100\n|-unboost|p1a: Pelipper|spe|1\n|\n|-weather|RainDance|[upkeep]\n|upkeep\n|turn|4\n|\n|t:|1699733713\n|move|p2a: Stakataka|Gyro Ball|p1a: Pelipper\n|-resisted|p1a: Pelipper\n|-damage|p1a: Pelipper|71\/100\n|move|p1a: Pelipper|Scald|p2a: Stakataka\n|-supereffective|p2a: Stakataka\n|-damage|p2a: Stakataka|32\/100\n|\n|-weather|RainDance|[upkeep]\n|-heal|p2a: Stakataka|38\/100|[from] item: Leftovers\n|upkeep\n|turn|5\n|\n|t:|1699733724\n|move|p2a: Stakataka|Body Press|p1a: Pelipper\n|-resisted|p1a: Pelipper\n|-damage|p1a: Pelipper|64\/100\n|move|p1a: Pelipper|Scald|p2a: Stakataka\n|-supereffective|p2a: Stakataka\n|-damage|p2a: Stakataka|0 fnt\n|faint|p2a: Stakataka\n|\n|-weather|RainDance|[upkeep]\n|-sideend|p1: flamezz69|Reflect\n|-fieldend|move: Trick Room\n|upkeep\n|\n|t:|1699733746\n|switch|p2a: Mimikyu|Mimikyu, F|100\/100\n|turn|6\n|\n|t:|1699733755\n|move|p1a: Pelipper|U-turn|p2a: Mimikyu\n|-activate|p2a: Mimikyu|ability: Disguise\n|-damage|p2a: Mimikyu|100\/100\n|detailschange|p2a: Mimikyu|Mimikyu-Busted, F\n|-damage|p2a: Mimikyu|88\/100|[from] pokemon: Mimikyu-Busted\n|\n|t:|1699733762\n|switch|p1a: Regieleki|Regieleki|74\/100|[from] U-turn\n|move|p2a: Mimikyu|Trick Room|p2a: Mimikyu\n|-fieldstart|move: Trick Room|[of] p2a: Mimikyu\n|\n|-weather|RainDance|[upkeep]\n|-sideend|p1: flamezz69|move: Light Screen\n|upkeep\n|turn|7\n|\n|t:|1699733770\n|switch|p2a: Garganacl|Garganacl, M|100\/100\n|move|p1a: Regieleki|Light Screen|p1a: Regieleki\n|-sidestart|p1: flamezz69|move: Light Screen\n|\n|-weather|RainDance|[upkeep]\n|upkeep\n|turn|8\n|\n|t:|1699733777\n|move|p2a: Garganacl|Salt Cure|p1a: Regieleki\n|-damage|p1a: Regieleki|50\/100\n|-start|p1a: Regieleki|Salt Cure\n|move|p1a: Regieleki|Reflect|p1a: Regieleki\n|-sidestart|p1: flamezz69|Reflect\n|\n|-weather|RainDance|[upkeep]\n|-damage|p1a: Regieleki|38\/100|[from] Salt Cure\n|upkeep\n|turn|9\n|\n|t:|1699733788\n|switch|p1a: Pelipper|Pelipper, M|64\/100\n|move|p2a: Garganacl|Stealth Rock|p1a: Pelipper\n|-sidestart|p1: flamezz69|move: Stealth Rock\n|\n|-weather|RainDance|[upkeep]\n|upkeep\n|turn|10\n|\n|t:|1699733797\n|move|p2a: Garganacl|Salt Cure|p1a: Pelipper\n|-supereffective|p1a: Pelipper\n|-damage|p1a: Pelipper|53\/100\n|-start|p1a: Pelipper|Salt Cure\n|move|p1a: Pelipper|Defog|p2a: Garganacl\n|-unboost|p2a: Garganacl|evasion|1\n|-sideend|p1: flamezz69|Stealth Rock|[from] move: Defog|[of] p1a: Pelipper\n|\n|-weather|none\n|-damage|p1a: Pelipper|28\/100|[from] Salt Cure\n|-fieldend|move: Trick Room\n|upkeep\n|turn|11\n|\n|t:|1699733811\n|move|p2a: Garganacl|Protect|p2a: Garganacl\n|-singleturn|p2a: Garganacl|Protect\n|move|p1a: Pelipper|U-turn|p2a: Garganacl\n|-activate|p2a: Garganacl|move: Protect\n|\n|-damage|p1a: Pelipper|3\/100|[from] Salt Cure\n|-sideend|p1: flamezz69|move: Light Screen\n|upkeep\n|turn|12\n|\n|t:|1699733820\n|move|p1a: Pelipper|Scald|p2a: Garganacl\n|-supereffective|p2a: Garganacl\n|-damage|p2a: Garganacl|63\/100\n|move|p2a: Garganacl|Salt Cure|p1a: Pelipper\n|-supereffective|p1a: Pelipper\n|-damage|p1a: Pelipper|0 fnt\n|faint|p1a: Pelipper\n|-heal|p2a: Garganacl|63\/100|[from] item: Shell Bell|[of] p1: Pelipper\n|\n|-sideend|p1: flamezz69|Reflect\n|upkeep\n|\n|t:|1699733836\n|switch|p1a: Ludicolo|Ludicolo, M|100\/100\n|turn|13\n|\n|t:|1699733854\n|switch|p2a: Mimikyu|Mimikyu-Busted, F|88\/100\n|move|p1a: Ludicolo|Giga Drain|p2a: Mimikyu\n|-damage|p2a: Mimikyu|41\/100\n|-damage|p1a: Ludicolo|91\/100|[from] item: Life Orb\n|\n|upkeep\n|turn|14\n|\n|t:|1699733863\n|move|p1a: Ludicolo|Giga Drain|p2a: Mimikyu\n|-damage|p2a: Mimikyu|0 fnt\n|-heal|p1a: Ludicolo|100\/100|[from] drain|[of] p2a: Mimikyu\n|faint|p2a: Mimikyu\n|-damage|p1a: Ludicolo|91\/100|[from] item: Life Orb\n|\n|upkeep\n|\n|t:|1699733876\n|switch|p2a: Dipplin|Dipplin, M, shiny|100\/100\n|turn|15\n|\n|t:|1699733892\n|-terastallize|p2a: Dipplin|Fire\n|move|p1a: Ludicolo|Ice Beam|p2a: Dipplin\n|-resisted|p2a: Dipplin\n|-damage|p2a: Dipplin|90\/100\n|-damage|p1a: Ludicolo|81\/100|[from] item: Life Orb\n|move|p2a: Dipplin|Tera Blast|p1a: Ludicolo|[anim] Tera Blast Fire\n|-damage|p1a: Ludicolo|46\/100\n|\n|upkeep\n|turn|16\n|\n|t:|1699733909\n|-terastallize|p1a: Ludicolo|Water\n|move|p1a: Ludicolo|Weather Ball|p2a: Dipplin\n|-damage|p2a: Dipplin|78\/100\n|-damage|p1a: Ludicolo|36\/100|[from] item: Life Orb\n|move|p2a: Dipplin|Tera Blast|p1a: Ludicolo|[anim] Tera Blast Fire\n|-resisted|p1a: Ludicolo\n|-damage|p1a: Ludicolo|20\/100\n|\n|upkeep\n|turn|17\n|\n|t:|1699733921\n|move|p1a: Ludicolo|Hidden Power|p2a: Dipplin\n|-damage|p2a: Dipplin|62\/100\n|-damage|p1a: Ludicolo|10\/100|[from] item: Life Orb\n|move|p2a: Dipplin|Dragon Pulse|p1a: Ludicolo\n|-damage|p1a: Ludicolo|0 fnt\n|faint|p1a: Ludicolo\n|\n|upkeep\n|\n|t:|1699733928\n|switch|p1a: Dracovish|Dracovish|100\/100\n|turn|18\n|\n|t:|1699733934\n|move|p1a: Dracovish|Fishious Rend|p2a: Dipplin\n|-supereffective|p2a: Dipplin\n|-damage|p2a: Dipplin|0 fnt\n|faint|p2a: Dipplin\n|\n|upkeep\n|\n|t:|1699733950\n|switch|p2a: Scream Tail|Scream Tail|100\/100\n|-enditem|p2a: Scream Tail|Booster Energy\n|-activate|p2a: Scream Tail|ability: Protosynthesis|[fromitem]\n|-start|p2a: Scream Tail|protosynthesisspe\n|turn|19\n|\n|t:|1699733959\n|switch|p1a: Regieleki|Regieleki|38\/100\n|move|p2a: Scream Tail|Play Rough|p1a: Regieleki\n|-damage|p1a: Regieleki|0 fnt\n|faint|p1a: Regieleki\n|\n|upkeep\n|\n|t:|1699733965\n|switch|p1a: Beedrill|Beedrill, F|100\/100\n|turn|20\n|\n|t:|1699733977\n|detailschange|p1a: Beedrill|Beedrill-Mega, F\n|-mega|p1a: Beedrill|Beedrill|Beedrillite\n|move|p2a: Scream Tail|Psychic Fangs|p1a: Beedrill\n|-supereffective|p1a: Beedrill\n|-damage|p1a: Beedrill|0 fnt\n|faint|p1a: Beedrill\n|\n|upkeep\n|\n|t:|1699733995\n|switch|p1a: Baxcalibur|Baxcalibur, M|100\/100\n|turn|21\n|\n|t:|1699734001\n|move|p2a: Scream Tail|Play Rough|p1a: Baxcalibur\n|-supereffective|p1a: Baxcalibur\n|-damage|p1a: Baxcalibur|50\/100\n|move|p1a: Baxcalibur|Icicle Spear|p2a: Scream Tail\n|-damage|p2a: Scream Tail|85\/100\n|-damage|p2a: Scream Tail|70\/100\n|-damage|p2a: Scream Tail|56\/100\n|-damage|p2a: Scream Tail|41\/100\n|-damage|p2a: Scream Tail|26\/100\n|-hitcount|p2a: Scream Tail|5\n|\n|upkeep\n|turn|22\n|\n|t:|1699734011\n|move|p2a: Scream Tail|Play Rough|p1a: Baxcalibur\n|-supereffective|p1a: Baxcalibur\n|-damage|p1a: Baxcalibur|3\/100\n|move|p1a: Baxcalibur|Icicle Spear|p2a: Scream Tail\n|-damage|p2a: Scream Tail|11\/100\n|-damage|p2a: Scream Tail|0 fnt\n|faint|p2a: Scream Tail\n|-end|p2a: Scream Tail|Protosynthesis|[silent]\n|-hitcount|p2: Scream Tail|2\n|\n|upkeep\n|\n|t:|1699734038\n|switch|p2a: Guzzlord|Guzzlord, shiny|100\/100\n|turn|23\n|\n|t:|1699734048\n|move|p1a: Baxcalibur|Icicle Spear|p2a: Guzzlord\n|-supereffective|p2a: Guzzlord\n|-damage|p2a: Guzzlord|80\/100\n|-supereffective|p2a: Guzzlord\n|-damage|p2a: Guzzlord|60\/100\n|-supereffective|p2a: Guzzlord\n|-damage|p2a: Guzzlord|41\/100\n|-supereffective|p2a: Guzzlord\n|-damage|p2a: Guzzlord|23\/100\n|-hitcount|p2a: Guzzlord|4\n|move|p2a: Guzzlord|Dragon Claw|p1a: Baxcalibur\n|-supereffective|p1a: Baxcalibur\n|-damage|p1a: Baxcalibur|0 fnt\n|faint|p1a: Baxcalibur\n|-ability|p2a: Guzzlord|Beast Boost|boost\n|-boost|p2a: Guzzlord|atk|1\n|\n|upkeep\n|\n|t:|1699734060\n|switch|p1a: Dracovish|Dracovish|100\/100\n|turn|24\n|\n|t:|1699734071\n|move|p1a: Dracovish|Fishious Rend|p2a: Guzzlord\n|-resisted|p2a: Guzzlord\n|-damage|p2a: Guzzlord|0 fnt\n|faint|p2a: Guzzlord\n|\n|upkeep\n|\n|t:|1699734078\n|switch|p2a: Garganacl|Garganacl, M|63\/100\n|turn|25\n|\n|t:|1699734086\n|move|p1a: Dracovish|Fishious Rend|p2a: Garganacl\n|-supereffective|p2a: Garganacl\n|-damage|p2a: Garganacl|0 fnt\n|faint|p2a: Garganacl\n|\n|win|flamezz69\n|l|\u2606flamezz69\n","uploadtime":1699734093,"views":63,"p1id":"flamezz69","p2id":"durpmaster","formatid":"gen9nationaldexubers","rating":0,"private":0,"password":""}