{"id":"gen9nationaldexubers-1981974892","p1":"Braquelo","p2":"tryharderidontlose","format":"[Gen 9] National Dex Ubers","log":"|j|\u2606Braquelo\n|j|\u2606tryharderidontlose\n|t:|1698956305\n|gametype|singles\n|player|p1|Braquelo|raihan|1157\n|player|p2|tryharderidontlose|hugh|1090\n|teamsize|p1|6\n|teamsize|p2|6\n|gen|9\n|tier|[Gen 9] National Dex Ubers\n|rated|\n|rule|HP Percentage Mod: HP is shown in percentages\n|rule|Endless Battle Clause: Forcing endless battles is banned\n|rule|OHKO Clause: OHKO moves are banned\n|rule|Evasion Moves Clause: Evasion moves are banned\n|rule|Evasion Items Clause: Evasion items are banned\n|rule|Species Clause: Limit one of each Pok\u00e9mon\n|rule|Sleep Clause Mod: Limit one foe put to sleep\n|rule|Mega Rayquaza Clause: You cannot mega evolve Rayquaza\n|clearpoke\n|poke|p1|Lucario, M|\n|poke|p1|Iron Thorns|\n|poke|p1|Dragapult, M|\n|poke|p1|Talonflame, M|\n|poke|p1|Swampert, M|\n|poke|p1|Tinkaton, F|\n|poke|p2|Charizard, M|\n|poke|p2|Dragonite, M|\n|poke|p2|Lugia|\n|poke|p2|Jolteon, F|\n|poke|p2|Golem, M|\n|poke|p2|Forretress, M|\n|teampreview\n|\n|t:|1698956314\n|start\n|switch|p1a: Swampert|Swampert, M|100\/100\n|switch|p2a: Charizard|Charizard, M|100\/100\n|turn|1\n|\n|t:|1698956337\n|switch|p2a: Lugia|Lugia|100\/100\n|move|p1a: Swampert|Flip Turn|p2a: Lugia\n|-damage|p2a: Lugia|90\/100\n|\n|t:|1698956357\n|switch|p1a: Tinkaton|Tinkaton, F|100\/100|[from] Flip Turn\n|-ability|p1a: Tinkaton|Mold Breaker\n|\n|upkeep\n|turn|2\n|\n|t:|1698956365\n|move|p1a: Tinkaton|Stealth Rock|p2a: Lugia\n|-sidestart|p2: tryharderidontlose|move: Stealth Rock\n|move|p2a: Lugia|Earth Power|p1a: Tinkaton\n|-supereffective|p1a: Tinkaton\n|-damage|p1a: Tinkaton|48\/100\n|\n|upkeep\n|turn|3\n|\n|t:|1698956382\n|switch|p1a: Swampert|Swampert, M|100\/100\n|move|p2a: Lugia|Earth Power|p1a: Swampert\n|-damage|p1a: Swampert|83\/100\n|\n|upkeep\n|turn|4\n|\n|t:|1698956388\n|move|p2a: Lugia|Psychic|p1a: Swampert\n|-damage|p1a: Swampert|56\/100\n|move|p1a: Swampert|Ice Punch|p2a: Lugia\n|-supereffective|p2a: Lugia\n|-damage|p2a: Lugia|58\/100\n|-enditem|p2a: Lugia|Weakness Policy\n|-boost|p2a: Lugia|atk|2|[from] item: Weakness Policy\n|-boost|p2a: Lugia|spa|2|[from] item: Weakness Policy\n|\n|upkeep\n|turn|5\n|\n|t:|1698956397\n|-terastallize|p2a: Lugia|Psychic\n|move|p2a: Lugia|Psychic|p1a: Swampert\n|-damage|p1a: Swampert|0 fnt\n|faint|p1a: Swampert\n|\n|upkeep\n|\n|t:|1698956404\n|switch|p1a: Dragapult|Dragapult, M|100\/100\n|turn|6\n|\n|t:|1698956414\n|switch|p2a: Forretress|Forretress, M|100\/100\n|-damage|p2a: Forretress|88\/100|[from] Stealth Rock\n|-zpower|p1a: Dragapult\n|move|p1a: Dragapult|Devastating Drake|p2a: Forretress|[zeffect]\n|-resisted|p2a: Forretress\n|-damage|p2a: Forretress|25\/100\n|\n|upkeep\n|turn|7\n|\n|t:|1698956421\n|move|p1a: Dragapult|Flamethrower|p2a: Forretress\n|-supereffective|p2a: Forretress\n|-damage|p2a: Forretress|0 fnt\n|faint|p2a: Forretress\n|\n|upkeep\n|\n|t:|1698956425\n|switch|p2a: Golem|Golem, M|100\/100\n|-damage|p2a: Golem|94\/100|[from] Stealth Rock\n|turn|8\n|\n|t:|1698956429\n|move|p1a: Dragapult|U-turn|p2a: Golem\n|-damage|p2a: Golem|81\/100\n|\n|t:|1698956446\n|switch|p1a: Talonflame|Talonflame, M|100\/100|[from] U-turn\n|move|p2a: Golem|Stealth Rock|p1a: Talonflame\n|-sidestart|p1: Braquelo|move: Stealth Rock\n|\n|upkeep\n|turn|9\n|\n|t:|1698956455\n|move|p1a: Talonflame|Defog|p2a: Golem\n|-unboost|p2a: Golem|evasion|1\n|-sideend|p2: tryharderidontlose|Stealth Rock|[from] move: Defog|[of] p1a: Talonflame\n|-sideend|p1: Braquelo|Stealth Rock|[from] move: Defog|[of] p1a: Talonflame\n|move|p2a: Golem|Autotomize|p2a: Golem\n|-boost|p2a: Golem|spe|2\n|-start|p2a: Golem|Autotomize\n|\n|upkeep\n|turn|10\n|\n|t:|1698956461\n|move|p1a: Talonflame|Flare Blitz|p2a: Golem\n|-resisted|p2a: Golem\n|-damage|p2a: Golem|63\/100\n|-damage|p1a: Talonflame|93\/100|[from] Recoil\n|move|p2a: Golem|Rock Blast|p1a: Talonflame|[miss]\n|-miss|p2a: Golem|p1a: Talonflame\n|\n|upkeep\n|turn|11\n|\n|t:|1698956478\n|move|p1a: Talonflame|Flare Blitz|p2a: Golem\n|-resisted|p2a: Golem\n|-damage|p2a: Golem|46\/100\n|-damage|p1a: Talonflame|86\/100|[from] Recoil\n|move|p2a: Golem|Autotomize|p2a: Golem\n|-boost|p2a: Golem|spe|2\n|-start|p2a: Golem|Autotomize\n|\n|upkeep\n|turn|12\n|\n|t:|1698956497\n|move|p1a: Talonflame|Brave Bird|p2a: Golem\n|-resisted|p2a: Golem\n|-damage|p2a: Golem|28\/100\n|-damage|p1a: Talonflame|79\/100|[from] Recoil\n|move|p2a: Golem|Stealth Rock|p1a: Talonflame\n|-sidestart|p1: Braquelo|move: Stealth Rock\n|\n|upkeep\n|turn|13\n|\n|t:|1698956506\n|move|p1a: Talonflame|Defog|p2a: Golem\n|-unboost|p2a: Golem|evasion|1\n|-sideend|p1: Braquelo|Stealth Rock|[from] move: Defog|[of] p1a: Talonflame\n|move|p2a: Golem|Autotomize|p2a: Golem\n|-boost|p2a: Golem|spe|2\n|-start|p2a: Golem|Autotomize\n|\n|upkeep\n|turn|14\n|\n|t:|1698956512\n|move|p2a: Golem|Rock Blast|p1a: Talonflame|[miss]\n|-miss|p2a: Golem|p1a: Talonflame\n|move|p1a: Talonflame|Flare Blitz|p2a: Golem\n|-resisted|p2a: Golem\n|-damage|p2a: Golem|12\/100\n|-damage|p1a: Talonflame|73\/100|[from] Recoil\n|\n|upkeep\n|turn|15\n|\n|t:|1698956523\n|switch|p1a: Lucario|Lucario, M|100\/100\n|move|p2a: Golem|Rock Blast|p1a: Lucario\n|-resisted|p1a: Lucario\n|-crit|p1a: Lucario\n|-damage|p1a: Lucario|93\/100\n|-resisted|p1a: Lucario\n|-damage|p1a: Lucario|88\/100\n|-resisted|p1a: Lucario\n|-damage|p1a: Lucario|83\/100\n|-resisted|p1a: Lucario\n|-damage|p1a: Lucario|77\/100\n|-resisted|p1a: Lucario\n|-damage|p1a: Lucario|72\/100\n|-hitcount|p1a: Lucario|5\n|\n|upkeep\n|turn|16\n|\n|t:|1698956533\n|detailschange|p1a: Lucario|Lucario-Mega, M\n|-mega|p1a: Lucario|Lucario|Lucarionite\n|move|p1a: Lucario|Bullet Punch|p2a: Golem\n|-supereffective|p2a: Golem\n|-damage|p2a: Golem|0 fnt\n|faint|p2a: Golem\n|\n|upkeep\n|\n|t:|1698956540\n|switch|p2a: Charizard|Charizard, M|100\/100\n|turn|17\n|\n|t:|1698956552\n|switch|p1a: Talonflame|Talonflame, M|73\/100\n|detailschange|p2a: Charizard|Charizard-Mega-Y, M\n|-mega|p2a: Charizard|Charizard|Charizardite Y\n|-weather|SunnyDay|[from] ability: Drought|[of] p2a: Charizard\n|move|p2a: Charizard|Will-O-Wisp|p1a: Talonflame\n|-immune|p1a: Talonflame\n|\n|-weather|SunnyDay|[upkeep]\n|upkeep\n|turn|18\n|\n|t:|1698956562\n|switch|p2a: Jolteon|Jolteon, F|100\/100\n|move|p1a: Talonflame|Brave Bird|p2a: Jolteon\n|-resisted|p2a: Jolteon\n|-damage|p2a: Jolteon|57\/100\n|-damage|p1a: Talonflame|59\/100|[from] Recoil\n|\n|-weather|SunnyDay|[upkeep]\n|upkeep\n|turn|19\n|\n|t:|1698956567\n|switch|p1a: Iron Thorns|Iron Thorns|100\/100\n|move|p2a: Jolteon|Zap Cannon|p1a: Iron Thorns\n|-resisted|p1a: Iron Thorns\n|-damage|p1a: Iron Thorns|52\/100\n|\n|-weather|SunnyDay|[upkeep]\n|upkeep\n|turn|20\n|\n|t:|1698956577\n|switch|p2a: Charizard|Charizard-Mega-Y, M|100\/100\n|move|p1a: Iron Thorns|Dragon Dance|p1a: Iron Thorns\n|-boost|p1a: Iron Thorns|atk|1\n|-boost|p1a: Iron Thorns|spe|1\n|\n|-weather|SunnyDay|[upkeep]\n|upkeep\n|turn|21\n|\n|t:|1698956606\n|move|p1a: Iron Thorns|Rock Blast|p2a: Charizard\n|-supereffective|p2a: Charizard\n|-damage|p2a: Charizard|0 fnt\n|faint|p2a: Charizard\n|-hitcount|p2: Charizard|1\n|\n|-weather|none\n|upkeep\n|\n|t:|1698956612\n|switch|p2a: Lugia|Lugia, tera:Psychic|58\/100\n|turn|22\n|\n|t:|1698956622\n|move|p1a: Iron Thorns|Pin Missile|p2a: Lugia\n|-supereffective|p2a: Lugia\n|-damage|p2a: Lugia|38\/100\n|-supereffective|p2a: Lugia\n|-damage|p2a: Lugia|20\/100\n|-supereffective|p2a: Lugia\n|-damage|p2a: Lugia|1\/100\n|-supereffective|p2a: Lugia\n|-damage|p2a: Lugia|0 fnt\n|faint|p2a: Lugia\n|-hitcount|p2: Lugia|4\n|\n|upkeep\n|\n|t:|1698956631\n|switch|p2a: Dragonite|Dragonite, M|100\/100\n|turn|23\n|\n|t:|1698956636\n|move|p1a: Iron Thorns|Rock Blast|p2a: Dragonite\n|-supereffective|p2a: Dragonite\n|-damage|p2a: Dragonite|79\/100\n|-enditem|p2a: Dragonite|Weakness Policy\n|-boost|p2a: Dragonite|atk|2|[from] item: Weakness Policy\n|-boost|p2a: Dragonite|spa|2|[from] item: Weakness Policy\n|-supereffective|p2a: Dragonite\n|-damage|p2a: Dragonite|35\/100\n|-supereffective|p2a: Dragonite\n|-damage|p2a: Dragonite|0 fnt\n|faint|p2a: Dragonite\n|-hitcount|p2: Dragonite|3\n|\n|upkeep\n|-message|tryharderidontlose forfeited.\n|\n|win|Braquelo\n|raw|Braquelo's rating: 1157 &rarr; <strong>1177<\/strong><br \/>(+20 for winning)\n|raw|tryharderidontlose's rating: 1090 &rarr; <strong>1071<\/strong><br \/>(-19 for losing)\n|l|\u2606tryharderidontlose\n","uploadtime":1698956648,"views":10,"p1id":"braquelo","p2id":"tryharderidontlose","formatid":"gen9nationaldexubers","rating":1071,"private":0,"password":""}