{"id":"gen9nationaldexubers-1978669435","p1":"wyneria","p2":"1998 Mercedes-Benz","format":"[Gen 9] National Dex Ubers","log":"|j|\u2606wyneria\n|j|\u26061998 Mercedes-Benz\n|t:|1698578423\n|gametype|singles\n|player|p1|wyneria|pokemonrangerf|1122\n|player|p2|1998 Mercedes-Benz|aromalady-gen6|1045\n|teamsize|p1|6\n|teamsize|p2|6\n|gen|9\n|tier|[Gen 9] National Dex Ubers\n|rated|\n|rule|HP Percentage Mod: HP is shown in percentages\n|rule|Endless Battle Clause: Forcing endless battles is banned\n|rule|OHKO Clause: OHKO moves are banned\n|rule|Evasion Moves Clause: Evasion moves are banned\n|rule|Evasion Items Clause: Evasion items are banned\n|rule|Species Clause: Limit one of each Pok\u00e9mon\n|rule|Sleep Clause Mod: Limit one foe put to sleep\n|rule|Mega Rayquaza Clause: You cannot mega evolve Rayquaza\n|clearpoke\n|poke|p1|Palafin, M|\n|poke|p1|Groudon|\n|poke|p1|Greninja-*, F|\n|poke|p1|Blaziken, M|\n|poke|p1|Gliscor, M|\n|poke|p1|Garganacl, M|\n|poke|p2|Necrozma-Dusk-Mane|\n|poke|p2|Groudon|\n|poke|p2|Marshadow|\n|poke|p2|Glimmora, F|\n|poke|p2|Ho-Oh|\n|poke|p2|Xerneas-*|\n|teampreview\n|inactive|Battle timer is ON: inactive players will automatically lose when time's up. (requested by 1998 Mercedes-Benz)\n|c|\u26061998 Mercedes-Benz|huh\n|c|\u2606wyneria|good name\n|c|\u26061998 Mercedes-Benz|ty\n|inactive|1998 Mercedes-Benz has 120 seconds left.\n|c|\u26061998 Mercedes-Benz|why is it showing your team\n|c|\u26061998 Mercedes-Benz|as time\n|c|\u26061998 Mercedes-Benz|wth\n|inactive|1998 Mercedes-Benz has 90 seconds left.\n|\n|t:|1698578490\n|start\n|switch|p1a: Palafin|Palafin, M|100\/100\n|switch|p2a: Molly|Glimmora, F, shiny|100\/100\n|turn|1\n|c|\u26061998 Mercedes-Benz|https:\/\/gyazo.com\/831f578dd1f5a689a10bcd6fb6fd2cba\n|c|\u26061998 Mercedes-Benz|look at dis\n|inactive|wyneria has 120 seconds left.\n|\n|t:|1698578524\n|detailschange|p1a: Palafin|Palafin-Hero, M\n|switch|p1a: Groudon|Groudon|100\/100\n|-weather|SunnyDay|[from] ability: Drought|[of] p1a: Groudon\n|move|p2a: Molly|Stealth Rock|p1a: Groudon\n|-sidestart|p1: wyneria|move: Stealth Rock\n|\n|-weather|SunnyDay|[upkeep]\n|upkeep\n|turn|2\n|inactive|wyneria has 120 seconds left.\n|c|\u2606wyneria|its normal\n|\n|t:|1698578541\n|move|p2a: Molly|Mortal Spin|p1a: Groudon\n|-resisted|p1a: Groudon\n|-damage|p1a: Groudon|99\/100\n|-status|p1a: Groudon|psn\n|move|p1a: Groudon|Earthquake|p2a: Molly\n|-supereffective|p2a: Molly\n|-enditem|p2a: Molly|Focus Sash\n|-damage|p2a: Molly|1\/100\n|-activate|p2a: Molly|ability: Toxic Debris\n|-sidestart|p1: wyneria|move: Toxic Spikes\n|\n|-weather|SunnyDay|[upkeep]\n|-heal|p1a: Groudon|100\/100 psn|[from] item: Leftovers\n|-damage|p1a: Groudon|88\/100 psn|[from] psn\n|upkeep\n|turn|3\n|inactive|wyneria has 120 seconds left.\n|\n|t:|1698578557\n|move|p2a: Molly|Mud Shot|p1a: Groudon\n|-damage|p1a: Groudon|70\/100 psn\n|-unboost|p1a: Groudon|spe|1\n|move|p1a: Groudon|Earthquake|p2a: Molly\n|-supereffective|p2a: Molly\n|-damage|p2a: Molly|0 fnt\n|-activate|p2a: Molly|ability: Toxic Debris\n|-sidestart|p1: wyneria|move: Toxic Spikes\n|faint|p2a: Molly\n|\n|-weather|SunnyDay|[upkeep]\n|-heal|p1a: Groudon|76\/100 psn|[from] item: Leftovers\n|-damage|p1a: Groudon|64\/100 psn|[from] psn\n|upkeep\n|\n|t:|1698578572\n|switch|p2a: Stupid MF|Marshadow|100\/100\n|turn|4\n|\n|t:|1698578577\n|move|p2a: Stupid MF|Bulk Up|p2a: Stupid MF\n|-boost|p2a: Stupid MF|atk|1\n|-boost|p2a: Stupid MF|def|1\n|move|p1a: Groudon|Stealth Rock|p2a: Stupid MF\n|-sidestart|p2: 1998 Mercedes-Benz|move: Stealth Rock\n|\n|-weather|SunnyDay|[upkeep]\n|-heal|p1a: Groudon|70\/100 psn|[from] item: Leftovers\n|-damage|p1a: Groudon|58\/100 psn|[from] psn\n|upkeep\n|turn|5\n|\n|t:|1698578591\n|move|p2a: Stupid MF|Bulk Up|p2a: Stupid MF\n|-boost|p2a: Stupid MF|atk|1\n|-boost|p2a: Stupid MF|def|1\n|move|p1a: Groudon|Spikes|p2a: Stupid MF\n|-sidestart|p2: 1998 Mercedes-Benz|Spikes\n|\n|-weather|none\n|-heal|p1a: Groudon|64\/100 psn|[from] item: Leftovers\n|-damage|p1a: Groudon|52\/100 psn|[from] psn\n|upkeep\n|turn|6\n|\n|t:|1698578602\n|move|p2a: Stupid MF|Bulk Up|p2a: Stupid MF\n|-boost|p2a: Stupid MF|atk|1\n|-boost|p2a: Stupid MF|def|1\n|move|p1a: Groudon|Earthquake|p2a: Stupid MF\n|-damage|p2a: Stupid MF|66\/100\n|\n|-heal|p1a: Groudon|58\/100 psn|[from] item: Leftovers\n|-damage|p1a: Groudon|46\/100 psn|[from] psn\n|upkeep\n|turn|7\n|\n|t:|1698578610\n|switch|p1a: Greninja|Greninja, F, shiny|100\/100\n|-damage|p1a: Greninja|88\/100|[from] Stealth Rock\n|-status|p1a: Greninja|tox\n|move|p2a: Stupid MF|Shadow Sneak|p1a: Greninja\n|-resisted|p1a: Greninja\n|-damage|p1a: Greninja|2\/100 tox\n|-damage|p2a: Stupid MF|56\/100|[from] item: Life Orb\n|\n|-damage|p1a: Greninja|0 fnt|[from] psn\n|faint|p1a: Greninja\n|upkeep\n|\n|t:|1698578612\n|switch|p1a: Palafin|Palafin-Hero, M|100\/100\n|-damage|p1a: Palafin|88\/100|[from] Stealth Rock\n|-status|p1a: Palafin|tox\n|-activate|p1a: Palafin|ability: Zero to Hero\n|turn|8\n|\n|t:|1698578619\n|move|p2a: Stupid MF|Shadow Sneak|p1a: Palafin\n|-damage|p1a: Palafin|0 fnt\n|faint|p1a: Palafin\n|-damage|p2a: Stupid MF|46\/100|[from] item: Life Orb\n|\n|upkeep\n|\n|t:|1698578627\n|switch|p1a: Gliscor|Gliscor, M|100\/100\n|-damage|p1a: Gliscor|88\/100|[from] Stealth Rock\n|turn|9\n|c|\u26061998 Mercedes-Benz|you really wanted the hazards huh\n|\n|t:|1698578633\n|move|p1a: Gliscor|Protect|p1a: Gliscor\n|-singleturn|p1a: Gliscor|Protect\n|move|p2a: Stupid MF|Poltergeist|p1a: Gliscor\n|-activate|p1a: Gliscor|move: Protect\n|\n|-status|p1a: Gliscor|tox|[from] item: Toxic Orb\n|upkeep\n|turn|10\n|\n|t:|1698578642\n|move|p2a: Stupid MF|Poltergeist|p1a: Gliscor\n|-activate|p1a: Gliscor|move: Poltergeist|Toxic Orb\n|-damage|p1a: Gliscor|0 fnt\n|faint|p1a: Gliscor\n|-damage|p2a: Stupid MF|36\/100|[from] item: Life Orb\n|\n|upkeep\n|\n|t:|1698578658\n|switch|p1a: Garganacl|Garganacl, M|100\/100\n|-damage|p1a: Garganacl|88\/100|[from] Stealth Rock\n|-status|p1a: Garganacl|tox\n|turn|11\n|inactive|wyneria has 120 seconds left.\n|c|\u2606wyneria|sorry i'm tired\n|\n|t:|1698578700\n|move|p2a: Stupid MF|Close Combat|p1a: Garganacl\n|-supereffective|p1a: Garganacl\n|-damage|p1a: Garganacl|0 fnt\n|-unboost|p2a: Stupid MF|def|1\n|-unboost|p2a: Stupid MF|spd|1\n|-damage|p2a: Stupid MF|20\/100|[from] item: Rocky Helmet|[of] p1a: Garganacl\n|faint|p1a: Garganacl\n|-damage|p2a: Stupid MF|10\/100|[from] item: Life Orb\n|\n|upkeep\n|\n|t:|1698578704\n|switch|p1a: Groudon|Groudon|46\/100 psn\n|-damage|p1a: Groudon|39\/100 psn|[from] Stealth Rock\n|-weather|SunnyDay|[from] ability: Drought|[of] p1a: Groudon\n|turn|12\n|c|\u26061998 Mercedes-Benz|ah\n|c|\u26061998 Mercedes-Benz|its alright\n|\n|t:|1698578711\n|move|p2a: Stupid MF|Shadow Sneak|p1a: Groudon\n|-damage|p1a: Groudon|0 fnt\n|faint|p1a: Groudon\n|-damage|p2a: Stupid MF|0 fnt|[from] item: Life Orb\n|faint|p2a: Stupid MF\n|\n|-weather|SunnyDay|[upkeep]\n|upkeep\n|inactive|wyneria has 120 seconds left.\n|\n|t:|1698578718\n|switch|p2a: Shut Me Up|Groudon|100\/100\n|switch|p1a: Blaziken|Blaziken, M|100\/100\n|-damage|p2a: Shut Me Up|94\/100|[from] Stealth Rock\n|-damage|p2a: Shut Me Up|82\/100|[from] Spikes\n|-damage|p1a: Blaziken|88\/100|[from] Stealth Rock\n|-status|p1a: Blaziken|tox\n|detailschange|p2a: Shut Me Up|Groudon-Primal\n|-primal|p2a: Shut Me Up|Red Orb\n|-weather|DesolateLand|[from] ability: Desolate Land|[of] p2a: Shut Me Up\n|turn|13\n|inactive|wyneria has 120 seconds left.\n|\n|t:|1698578732\n|detailschange|p1a: Blaziken|Blaziken-Mega, M\n|-mega|p1a: Blaziken|Blaziken|Blazikenite\n|move|p1a: Blaziken|High Jump Kick|p2a: Shut Me Up\n|-damage|p2a: Shut Me Up|22\/100\n|move|p2a: Shut Me Up|Rock Polish|p2a: Shut Me Up\n|-boost|p2a: Shut Me Up|spe|2\n|\n|-weather|DesolateLand|[upkeep]\n|-damage|p1a: Blaziken|82\/100 tox|[from] psn\n|-ability|p1a: Blaziken|Speed Boost|boost\n|-boost|p1a: Blaziken|spe|1\n|upkeep\n|turn|14\n|\n|t:|1698578738\n|move|p2a: Shut Me Up|Earthquake|p1a: Blaziken\n|-supereffective|p1a: Blaziken\n|-damage|p1a: Blaziken|0 fnt\n|faint|p1a: Blaziken\n|\n|win|1998 Mercedes-Benz\n|raw|wyneria's rating: 1122 &rarr; <strong>1092<\/strong><br \/>(-30 for losing)\n|raw|1998 Mercedes-Benz's rating: 1045 &rarr; <strong>1086<\/strong><br \/>(+41 for winning)\n|c|\u26061998 Mercedes-Benz|gg\n|l|\u2606wyneria\n","uploadtime":1698578744,"views":19,"p1id":"wyneria","p2id":"1998mercedesbenz","formatid":"gen9nationaldexubers","rating":1086,"private":0,"password":""}