{"id":"gen9nationaldexubers-1984859662","p1":"nicolasg96","p2":"CringeWeirdo02","format":"[Gen 9] National Dex Ubers","log":"|j|\u2606nicolasg96\n|j|\u2606CringeWeirdo02\n|t:|1699305194\n|gametype|singles\n|player|p1|nicolasg96|265|1264\n|player|p2|CringeWeirdo02|larry|1348\n|teamsize|p1|6\n|teamsize|p2|6\n|gen|9\n|tier|[Gen 9] National Dex Ubers\n|rated|\n|rule|HP Percentage Mod: HP is shown in percentages\n|rule|Endless Battle Clause: Forcing endless battles is banned\n|rule|OHKO Clause: OHKO moves are banned\n|rule|Evasion Moves Clause: Evasion moves are banned\n|rule|Evasion Items Clause: Evasion items are banned\n|rule|Species Clause: Limit one of each Pok\u00e9mon\n|rule|Sleep Clause Mod: Limit one foe put to sleep\n|rule|Mega Rayquaza Clause: You cannot mega evolve Rayquaza\n|clearpoke\n|poke|p1|Alakazam, M|\n|poke|p1|Arceus-Ghost|\n|poke|p1|Espathra, M|\n|poke|p1|Deoxys-Attack|\n|poke|p1|Magearna-Original|\n|poke|p1|Ho-Oh|\n|poke|p2|Clamperl, M|\n|poke|p2|Galvantula, M|\n|poke|p2|Grimmsnarl, M|\n|poke|p2|Darmanitan, M|\n|poke|p2|Zygarde|\n|poke|p2|Regieleki|\n|teampreview\n|inactive|Battle timer is ON: inactive players will automatically lose when time's up. (requested by nicolasg96)\n|\n|t:|1699305207\n|start\n|switch|p1a: Ho-Oh|Ho-Oh|100\/100\n|switch|p2a: Spiderpiss|Galvantula, M|100\/100\n|turn|1\n|\n|t:|1699305212\n|move|p2a: Spiderpiss|Thunder Wave|p1a: Ho-Oh\n|-status|p1a: Ho-Oh|par\n|move|p1a: Ho-Oh|Sacred Fire|p2a: Spiderpiss\n|-supereffective|p2a: Spiderpiss\n|-enditem|p2a: Spiderpiss|Focus Sash\n|-damage|p2a: Spiderpiss|1\/100\n|-status|p2a: Spiderpiss|brn\n|\n|-damage|p2a: Spiderpiss|0 fnt|[from] brn\n|faint|p2a: Spiderpiss\n|upkeep\n|\n|t:|1699305230\n|switch|p2a: The Magic Conch|Clamperl, M, shiny|100\/100\n|turn|2\n|\n|t:|1699305239\n|move|p2a: The Magic Conch|Shell Smash|p2a: The Magic Conch\n|-unboost|p2a: The Magic Conch|def|1\n|-unboost|p2a: The Magic Conch|spd|1\n|-boost|p2a: The Magic Conch|atk|2\n|-boost|p2a: The Magic Conch|spa|2\n|-boost|p2a: The Magic Conch|spe|2\n|move|p1a: Ho-Oh|Toxic|p2a: The Magic Conch|[miss]\n|-miss|p1a: Ho-Oh|p2a: The Magic Conch\n|\n|upkeep\n|turn|3\n|\n|t:|1699305247\n|move|p2a: The Magic Conch|Surf|p1a: Ho-Oh\n|-supereffective|p1a: Ho-Oh\n|-damage|p1a: Ho-Oh|0 fnt\n|faint|p1a: Ho-Oh\n|\n|upkeep\n|\n|t:|1699305257\n|switch|p1a: Alakazam|Alakazam, M|100\/100\n|turn|4\n|\n|t:|1699305265\n|move|p1a: Alakazam|Disable|p2a: The Magic Conch\n|-start|p2a: The Magic Conch|Disable|Surf\n|move|p2a: The Magic Conch|Ice Beam|p1a: Alakazam\n|-damage|p1a: Alakazam|0 fnt\n|faint|p1a: Alakazam\n|\n|upkeep\n|\n|t:|1699305272\n|switch|p1a: Magearna|Magearna-Original|100\/100\n|turn|5\n|\n|t:|1699305280\n|move|p2a: The Magic Conch|Hidden Power|p1a: Magearna\n|-damage|p1a: Magearna|37\/100\n|move|p1a: Magearna|Flash Cannon|p2a: The Magic Conch\n|-resisted|p2a: The Magic Conch\n|-damage|p2a: The Magic Conch|10\/100\n|\n|-heal|p1a: Magearna|43\/100|[from] item: Leftovers\n|upkeep\n|turn|6\n|\n|t:|1699305286\n|move|p2a: The Magic Conch|Hidden Power|p1a: Magearna\n|-damage|p1a: Magearna|0 fnt\n|faint|p1a: Magearna\n|\n|upkeep\n|\n|t:|1699305290\n|switch|p1a: Arceus|Arceus-Ghost|100\/100\n|turn|7\n|\n|t:|1699305298\n|-terastallize|p2a: The Magic Conch|Ghost\n|move|p1a: Arceus|Extreme Speed|p2a: The Magic Conch\n|-immune|p2a: The Magic Conch\n|move|p2a: The Magic Conch|Ice Beam|p1a: Arceus\n|-damage|p1a: Arceus|31\/100\n|\n|-end|p2a: The Magic Conch|Disable\n|upkeep\n|turn|8\n|c|\u2606nicolasg96|srsly\n|c|\u2606CringeWeirdo02|hee hee :)\n|-message|nicolasg96 forfeited.\n|\n|win|CringeWeirdo02\n|raw|nicolasg96's rating: 1264 &rarr; <strong>1245<\/strong><br \/>(-19 for losing)\n|raw|CringeWeirdo02's rating: 1348 &rarr; <strong>1363<\/strong><br \/>(+15 for winning)\n|l|\u2606nicolasg96\n","uploadtime":1699305703,"views":23,"p1id":"nicolasg96","p2id":"cringeweirdo02","formatid":"gen9nationaldexubers","rating":1245,"private":0,"password":""}