{"id":"gen9nationaldexubers-1994199174","p1":"dstacuba","p2":"rxjg9nduber","format":"[Gen 9] National Dex Ubers","log":"|j|\u2606dstacuba\n|j|\u2606rxjg9nduber\n|t:|1700418070\n|gametype|singles\n|player|p1|dstacuba|schoolkid-gen4|1204\n|player|p2|rxjg9nduber|kimonogirl|1252\n|teamsize|p1|6\n|teamsize|p2|6\n|gen|9\n|tier|[Gen 9] National Dex Ubers\n|rated|\n|rule|HP Percentage Mod: HP is shown in percentages\n|rule|Endless Battle Clause: Forcing endless battles is banned\n|rule|OHKO Clause: OHKO moves are banned\n|rule|Evasion Moves Clause: Evasion moves are banned\n|rule|Evasion Items Clause: Evasion items are banned\n|rule|Species Clause: Limit one of each Pok\u00e9mon\n|rule|Sleep Clause Mod: Limit one foe put to sleep\n|rule|Mega Rayquaza Clause: You cannot mega evolve Rayquaza\n|clearpoke\n|poke|p1|Lokix, M|\n|poke|p1|Iron Valiant|\n|poke|p1|Dragapult, F|\n|poke|p1|Blaziken, F|\n|poke|p1|Jirachi|\n|poke|p1|Ogerpon-Hearthflame, F|\n|poke|p2|Zacian-*|\n|poke|p2|Kingambit, F|\n|poke|p2|Rayquaza|\n|poke|p2|Corviknight, M|\n|poke|p2|Groudon|\n|poke|p2|Mewtwo|\n|teampreview\n|inactive|Battle timer is ON: inactive players will automatically lose when time's up. (requested by rxjg9nduber)\n|inactive|rxjg9nduber has 120 seconds left.\n|\n|t:|1700418104\n|start\n|switch|p1a: Iron Valiant|Iron Valiant|100\/100\n|switch|p2a: Mewtwo|Mewtwo|100\/100\n|-ability|p2a: Mewtwo|Unnerve\n|turn|1\n|\n|t:|1700418113\n|detailschange|p2a: Mewtwo|Mewtwo-Mega-Y\n|-mega|p2a: Mewtwo|Mewtwo|Mewtwonite Y\n|move|p2a: Mewtwo|Psystrike|p1a: Iron Valiant\n|-supereffective|p1a: Iron Valiant\n|-damage|p1a: Iron Valiant|0 fnt\n|faint|p1a: Iron Valiant\n|-end|p1a: Iron Valiant|Quark Drive|[silent]\n|\n|upkeep\n|\n|t:|1700418122\n|switch|p1a: Lokix|Lokix, M|100\/100\n|turn|2\n|\n|t:|1700418126\n|switch|p2a: Corviknight|Corviknight, M|100\/100\n|-ability|p2a: Corviknight|Pressure\n|move|p1a: Lokix|First Impression|p2a: Corviknight\n|-resisted|p2a: Corviknight\n|-damage|p2a: Corviknight|83\/100\n|-damage|p1a: Lokix|91\/100|[from] item: Life Orb\n|\n|-heal|p2a: Corviknight|90\/100|[from] item: Leftovers\n|upkeep\n|turn|3\n|\n|t:|1700418138\n|switch|p1a: Blaziken|Blaziken, F|100\/100\n|move|p2a: Corviknight|Body Press|p1a: Blaziken\n|-damage|p1a: Blaziken|63\/100\n|\n|-heal|p2a: Corviknight|96\/100|[from] item: Leftovers\n|upkeep\n|turn|4\n|inactive|rxjg9nduber has 120 seconds left.\n|inactive|rxjg9nduber has 90 seconds left.\n|inactive|rxjg9nduber has 60 seconds left.\n|\n|t:|1700418232\n|detailschange|p1a: Blaziken|Blaziken-Mega, F\n|-mega|p1a: Blaziken|Blaziken|Blazikenite\n|move|p1a: Blaziken|Close Combat|p2a: Corviknight\n|-damage|p2a: Corviknight|52\/100\n|-unboost|p1a: Blaziken|def|1\n|-unboost|p1a: Blaziken|spd|1\n|move|p2a: Corviknight|Body Press|p1a: Blaziken\n|-damage|p1a: Blaziken|9\/100\n|\n|-heal|p2a: Corviknight|58\/100|[from] item: Leftovers\n|-ability|p1a: Blaziken|Speed Boost|boost\n|-boost|p1a: Blaziken|spe|1\n|upkeep\n|turn|5\n|inactive|rxjg9nduber has 60 seconds left.\n|\n|t:|1700418260\n|switch|p2a: Rayquaza|Rayquaza|100\/100\n|-ability|p2a: Rayquaza|Air Lock\n|move|p1a: Blaziken|Blaze Kick|p2a: Rayquaza\n|-resisted|p2a: Rayquaza\n|-damage|p2a: Rayquaza|72\/100\n|\n|-ability|p1a: Blaziken|Speed Boost|boost\n|-boost|p1a: Blaziken|spe|1\n|upkeep\n|turn|6\n|\n|t:|1700418275\n|switch|p1a: Jirachi|Jirachi|100\/100\n|move|p2a: Rayquaza|Extreme Speed|p1a: Jirachi\n|-resisted|p1a: Jirachi\n|-damage|p1a: Jirachi|77\/100\n|\n|upkeep\n|turn|7\n|\n|t:|1700418282\n|switch|p2a: Groudon|Groudon|100\/100\n|detailschange|p2a: Groudon|Groudon-Primal\n|-primal|p2a: Groudon|Red Orb\n|-weather|DesolateLand|[from] ability: Desolate Land|[of] p2a: Groudon\n|move|p1a: Jirachi|Ice Punch|p2a: Groudon\n|-damage|p2a: Groudon|88\/100\n|\n|-weather|DesolateLand|[upkeep]\n|upkeep\n|turn|8\n|\n|t:|1700418293\n|move|p1a: Jirachi|Ice Punch|p2a: Groudon\n|-damage|p2a: Groudon|77\/100\n|move|p2a: Groudon|Rock Polish|p2a: Groudon\n|-boost|p2a: Groudon|spe|2\n|\n|-weather|DesolateLand|[upkeep]\n|upkeep\n|turn|9\n|\n|t:|1700418301\n|move|p2a: Groudon|Heat Crash|p1a: Jirachi\n|-supereffective|p1a: Jirachi\n|-damage|p1a: Jirachi|0 fnt\n|faint|p1a: Jirachi\n|\n|-weather|DesolateLand|[upkeep]\n|upkeep\n|\n|t:|1700418308\n|switch|p1a: Lokix|Lokix, M|91\/100\n|turn|10\n|\n|t:|1700418312\n|move|p1a: Lokix|First Impression|p2a: Groudon\n|-resisted|p2a: Groudon\n|-damage|p2a: Groudon|42\/100\n|-damage|p1a: Lokix|81\/100|[from] item: Life Orb\n|move|p2a: Groudon|Heat Crash|p1a: Lokix\n|-supereffective|p1a: Lokix\n|-damage|p1a: Lokix|0 fnt\n|faint|p1a: Lokix\n|\n|-weather|DesolateLand|[upkeep]\n|upkeep\n|\n|t:|1700418322\n|switch|p1a: Dragapult|Dragapult, F|100\/100\n|turn|11\n|\n|t:|1700418332\n|move|p2a: Groudon|Crunch|p1a: Dragapult\n|-supereffective|p1a: Dragapult\n|-damage|p1a: Dragapult|0 fnt\n|faint|p1a: Dragapult\n|\n|-weather|DesolateLand|[upkeep]\n|upkeep\n|\n|t:|1700418338\n|switch|p1a: Blaziken|Blaziken-Mega, F|9\/100\n|turn|12\n|\n|t:|1700418341\n|move|p1a: Blaziken|Protect|p1a: Blaziken\n|-singleturn|p1a: Blaziken|Protect\n|move|p2a: Groudon|Rock Polish|p2a: Groudon\n|-boost|p2a: Groudon|spe|2\n|\n|-weather|DesolateLand|[upkeep]\n|-ability|p1a: Blaziken|Speed Boost|boost\n|-boost|p1a: Blaziken|spe|1\n|upkeep\n|turn|13\n|\n|t:|1700418350\n|move|p2a: Groudon|Heat Crash|p1a: Blaziken\n|-resisted|p1a: Blaziken\n|-crit|p1a: Blaziken\n|-damage|p1a: Blaziken|0 fnt\n|faint|p1a: Blaziken\n|\n|-weather|DesolateLand|[upkeep]\n|upkeep\n|\n|t:|1700418356\n|switch|p1a: Ogerpon|Ogerpon-Hearthflame, F|100\/100\n|-ability|p1a: Ogerpon|Mold Breaker\n|turn|14\n|\n|t:|1700418363\n|-terastallize|p1a: Ogerpon|Fire\n|detailschange|p1a: Ogerpon|Ogerpon-Hearthflame-Tera, F, tera:Fire\n|-ability|p1a: Ogerpon|Embody Aspect (Hearthflame)|boost\n|-boost|p1a: Ogerpon|atk|1\n|move|p1a: Ogerpon|Spiky Shield|p1a: Ogerpon\n|-singleturn|p1a: Ogerpon|move: Protect\n|move|p2a: Groudon|Heat Crash|p1a: Ogerpon\n|-activate|p1a: Ogerpon|move: Protect\n|-damage|p2a: Groudon|29\/100|[from] Spiky Shield|[of] p1a: Ogerpon\n|\n|-weather|DesolateLand|[upkeep]\n|upkeep\n|turn|15\n|\n|t:|1700418376\n|move|p2a: Groudon|Precipice Blades|p1a: Ogerpon\n|-supereffective|p1a: Ogerpon\n|-damage|p1a: Ogerpon|0 fnt\n|faint|p1a: Ogerpon\n|\n|win|rxjg9nduber\n|raw|dstacuba's rating: 1204 &rarr; <strong>1182<\/strong><br \/>(-22 for losing)\n|raw|rxjg9nduber's rating: 1252 &rarr; <strong>1274<\/strong><br \/>(+22 for winning)\n|l|\u2606dstacuba\n","uploadtime":1700418381,"views":3,"p1id":"dstacuba","p2id":"rxjg9nduber","formatid":"gen9nationaldexubers","rating":1182,"private":0,"password":""}