{"id":"gen9nationaldexubers-1998647469","p1":"Jackimaster","p2":"UCC EmeUno","format":"[Gen 9] National Dex Ubers","log":"|j|\u2606Jackimaster\n|j|\u2606UCC EmeUno\n|t:|1700967256\n|gametype|singles\n|player|p1|Jackimaster|unknown|\n|player|p2|UCC EmeUno|cynthia-gen7|\n|teamsize|p1|6\n|teamsize|p2|6\n|gen|9\n|tier|[Gen 9] National Dex Ubers\n|rule|HP Percentage Mod: HP is shown in percentages\n|rule|Endless Battle Clause: Forcing endless battles is banned\n|rule|OHKO Clause: OHKO moves are banned\n|rule|Evasion Moves Clause: Evasion moves are banned\n|rule|Evasion Items Clause: Evasion items are banned\n|rule|Species Clause: Limit one of each Pok\u00e9mon\n|rule|Sleep Clause Mod: Limit one foe put to sleep\n|rule|Mega Rayquaza Clause: You cannot mega evolve Rayquaza\n|clearpoke\n|poke|p1|Ribombee, F|\n|poke|p1|Excadrill, M|\n|poke|p1|Quaquaval, F|\n|poke|p1|Lopunny, M|\n|poke|p1|Iron Moth|\n|poke|p1|Dragapult, M|\n|poke|p2|Galvantula, F|\n|poke|p2|Excadrill, F|\n|poke|p2|Gyarados, F|\n|poke|p2|Dragapult, M|\n|poke|p2|Mimikyu, F|\n|poke|p2|Nidoking, M|\n|teampreview\n|c|\u2606UCC EmeUno|joer y tu si puedes usar a ribombee\n|c|\u2606UCC EmeUno|pipipi\n|c|\u2606Jackimaster|cositas\n|\n|t:|1700967290\n|start\n|switch|p1a: Ribombee|Ribombee, F|100\/100\n|switch|p2a: Galvantula|Galvantula, F|100\/100\n|turn|1\n|c|\u2606UCC EmeUno|ni trueno tengo\n|c|\u2606UCC EmeUno|XD\n|c|\u2606Jackimaster|xd\n|\n|t:|1700967322\n|move|p1a: Ribombee|Sticky Web|p2a: Galvantula\n|-sidestart|p2: UCC EmeUno|move: Sticky Web\n|move|p2a: Galvantula|Sticky Web|p1a: Ribombee\n|-sidestart|p1: Jackimaster|move: Sticky Web\n|\n|upkeep\n|turn|2\n|c|\u2606UCC EmeUno|mames jaki xd\n|\n|t:|1700967365\n|switch|p1a: Excadrill|Excadrill, M|100\/100\n|-activate|p1a: Excadrill|move: Sticky Web\n|-unboost|p1a: Excadrill|spe|1\n|switch|p2a: Excadrill|Excadrill, F|100\/100\n|-activate|p2a: Excadrill|move: Sticky Web\n|-unboost|p2a: Excadrill|spe|1\n|-ability|p2a: Excadrill|Mold Breaker\n|\n|upkeep\n|turn|3\n|\n|t:|1700967399\n|move|p1a: Excadrill|Rapid Spin|p2a: Excadrill\n|-resisted|p2a: Excadrill\n|-crit|p2a: Excadrill\n|-damage|p2a: Excadrill|82\/100\n|-boost|p1a: Excadrill|spe|1\n|-sideend|p1: Jackimaster|Sticky Web|[from] move: Rapid Spin|[of] p1a: Excadrill\n|move|p2a: Excadrill|Stealth Rock|p1a: Excadrill\n|-sidestart|p1: Jackimaster|move: Stealth Rock\n|\n|upkeep\n|turn|4\n|\n|t:|1700967415\n|move|p1a: Excadrill|Earthquake|p2a: Excadrill\n|-supereffective|p2a: Excadrill\n|-damage|p2a: Excadrill|0 fnt\n|faint|p2a: Excadrill\n|\n|upkeep\n|\n|t:|1700967444\n|switch|p2a: Gyarados|Gyarados, F|100\/100\n|turn|5\n|c|\u2606UCC EmeUno|top 7 decepciones\n|c|\u2606UCC EmeUno|no tiene intimidate\n|c|\u2606UCC EmeUno|XD\n|c|\u2606Jackimaster|XD\n|c|\u2606UCC EmeUno|ya lo habia visto pero aja, es mi mejor opcion\n|c|\u2606Jackimaster|que hago aca\n|c|\u2606Jackimaster|che\n|c|\u2606Jackimaster|ya me mori\n|c|\u2606Jackimaster|xd\n|c|\u2606UCC EmeUno|es que rock tomb era padre aca\n|c|\u2606UCC EmeUno|de hecho yo tambien lo extra\u00f1e pipipi\n|c|\u2606UCC EmeUno|bueno no s\u00e9 si decirte porque si te digo, luego puedo decidir otra cosa yo\n|c|\u2606Jackimaster|aia\n|c|\u2606UCC EmeUno|est\u00e1 la opci\u00f3n de meter rocas, quitar las tuyas o buscar a quaquaval\n|c|\u2606UCC EmeUno|o dagapult ya que el mano que buildeo el team se olvido de crunch\n|c|\u2606UCC EmeUno|draga*\n|\n|t:|1700967591\n|move|p1a: Excadrill|Iron Head|p2a: Gyarados\n|-resisted|p2a: Gyarados\n|-damage|p2a: Gyarados|72\/100\n|cant|p2a: Gyarados|flinch\n|\n|upkeep\n|turn|6\n|c|\u2606UCC EmeUno|na encima le sale XD\n|c|\u2606Jackimaster|KJDSJDS\n|c|\u2606UCC EmeUno|creo q era la peor opcion pq no hacia nada\n|\n|t:|1700967612\n|move|p1a: Excadrill|Iron Head|p2a: Gyarados\n|-resisted|p2a: Gyarados\n|-damage|p2a: Gyarados|45\/100\n|cant|p2a: Gyarados|flinch\n|\n|upkeep\n|turn|7\n|c|\u2606Jackimaster|LOLL\n|\n|t:|1700967635\n|move|p1a: Excadrill|Iron Head|p2a: Gyarados\n|-resisted|p2a: Gyarados\n|-damage|p2a: Gyarados|17\/100\n|move|p2a: Gyarados|Dragon Dance|p2a: Gyarados\n|-boost|p2a: Gyarados|atk|1\n|-boost|p2a: Gyarados|spe|1\n|\n|upkeep\n|turn|8\n|c|\u2606UCC EmeUno|a ver si me sale a mi, no? xd\n|\n|t:|1700967648\n|detailschange|p2a: Gyarados|Gyarados-Mega, F\n|-mega|p2a: Gyarados|Gyarados|Gyaradosite\n|-ability|p2a: Gyarados|Mold Breaker\n|move|p2a: Gyarados|Waterfall|p1a: Excadrill\n|-supereffective|p1a: Excadrill\n|-enditem|p1a: Excadrill|Focus Sash\n|-damage|p1a: Excadrill|1\/100\n|move|p1a: Excadrill|Iron Head|p2a: Gyarados\n|-resisted|p2a: Gyarados\n|-damage|p2a: Gyarados|0 fnt\n|faint|p2a: Gyarados\n|\n|upkeep\n|c|\u2606UCC EmeUno|man, el intimidate\n|c|\u2606UCC EmeUno|por favor\n|c|\u2606UCC EmeUno|ponselo\n|c|\u2606UCC EmeUno|XD\n|c|\u2606Jackimaster|SI\n|c|\u2606Jackimaster|Si\n|c|\u2606UCC EmeUno|era clave el intimidate ahi\n|\n|t:|1700967701\n|switch|p2a: Dragapult|Dragapult, M|100\/100\n|-activate|p2a: Dragapult|move: Sticky Web\n|-fail|p2a: Dragapult|unboost|[from] ability: Clear Body|[of] p2a: Dragapult\n|turn|9\n|c|\u2606Jackimaster|M1\n|c|\u2606Jackimaster|dale we\n|c|\u2606Jackimaster|que me tengo q ir\n|c|\u2606Jackimaster|xd\n|c|\u2606UCC EmeUno|encima tengo q jugar r\u00e1pido pipipi\n|c|\u2606UCC EmeUno|XD\n|c|\u2606Jackimaster|si\n|c|\u2606Jackimaster|te pongo timer\n|c|\u2606Jackimaster|xD\n|c|\u2606UCC EmeUno|es q ho se juega asi XD hay que planear\n|\n|t:|1700967746\n|move|p2a: Dragapult|Dragon Dance|p2a: Dragapult\n|-boost|p2a: Dragapult|atk|1\n|-boost|p2a: Dragapult|spe|1\n|move|p1a: Excadrill|Stealth Rock|p2a: Dragapult\n|-sidestart|p2: UCC EmeUno|move: Stealth Rock\n|\n|upkeep\n|turn|10\n|\n|t:|1700967762\n|move|p2a: Dragapult|Dragon Darts|p1a: Excadrill\n|-resisted|p1a: Excadrill\n|-damage|p1a: Excadrill|0 fnt\n|faint|p1a: Excadrill\n|\n|upkeep\n|c|\u2606UCC EmeUno|creo q podia meterme otro pero esa muerte de gyarados me dolio\n|\n|t:|1700967776\n|switch|p1a: Lopunny|Lopunny, M|100\/100\n|-damage|p1a: Lopunny|88\/100|[from] Stealth Rock\n|turn|11\n|c|\u2606UCC EmeUno|me afecto sentimentalmente\n|\n|t:|1700967794\n|detailschange|p1a: Lopunny|Lopunny-Mega, M\n|-mega|p1a: Lopunny|Lopunny|Lopunnite\n|move|p1a: Lopunny|Fake Out|p2a: Dragapult\n|-damage|p2a: Dragapult|72\/100\n|cant|p2a: Dragapult|flinch\n|\n|upkeep\n|turn|12\n|\n|t:|1700967804\n|move|p2a: Dragapult|Dragon Darts|p1a: Lopunny\n|-damage|p1a: Lopunny|20\/100\n|-anim|p2a: Dragapult|Dragon Darts|p1a: Lopunny\n|-crit|p1a: Lopunny\n|-damage|p1a: Lopunny|0 fnt\n|faint|p1a: Lopunny\n|\n|upkeep\n|c|\u2606Jackimaster|ya fue\n|\n|t:|1700967813\n|switch|p1a: Iron Moth|Iron Moth|100\/100\n|-damage|p1a: Iron Moth|76\/100|[from] Stealth Rock\n|-item|p1a: Iron Moth|Air Balloon\n|turn|13\n|\n|t:|1700967819\n|move|p2a: Dragapult|Dragon Darts|p1a: Iron Moth\n|-damage|p1a: Iron Moth|0 fnt\n|-enditem|p1a: Iron Moth|Air Balloon\n|faint|p1a: Iron Moth\n|-end|p1a: Iron Moth|Quark Drive|[silent]\n|\n|upkeep\n|\n|t:|1700967822\n|switch|p1a: Dragapult|Dragapult, M|100\/100\n|-damage|p1a: Dragapult|88\/100|[from] Stealth Rock\n|turn|14\n|c|\u2606UCC EmeUno|esta fuelte este mano\n|\n|t:|1700967830\n|move|p1a: Dragapult|Sucker Punch|p2a: Dragapult\n|-supereffective|p2a: Dragapult\n|-damage|p2a: Dragapult|11\/100\n|move|p2a: Dragapult|Dragon Darts|p1a: Dragapult\n|-supereffective|p1a: Dragapult\n|-damage|p1a: Dragapult|0 fnt\n|faint|p1a: Dragapult\n|\n|upkeep\n|\n|t:|1700967836\n|switch|p1a: Quaquaval|Quaquaval, F|100\/100\n|-damage|p1a: Quaquaval|94\/100|[from] Stealth Rock\n|turn|15\n|c|\u2606UCC EmeUno|esa fue buena\n|\n|t:|1700967849\n|move|p2a: Dragapult|Dragon Darts|p1a: Quaquaval\n|-damage|p1a: Quaquaval|34\/100\n|-anim|p2a: Dragapult|Dragon Darts|p1a: Quaquaval\n|-damage|p1a: Quaquaval|0 fnt\n|faint|p1a: Quaquaval\n|\n|upkeep\n|\n|t:|1700967852\n|switch|p1a: Ribombee|Ribombee, F|100\/100\n|-damage|p1a: Ribombee|76\/100|[from] Stealth Rock\n|turn|16\n|\n|t:|1700967857\n|move|p2a: Dragapult|Phantom Force||[still]\n|-prepare|p2a: Dragapult|Phantom Force\n|move|p1a: Ribombee|Moonblast|p2a: Dragapult|[miss]\n|-miss|p1a: Ribombee|p2a: Dragapult\n|\n|upkeep\n|turn|17\n|\n|t:|1700967861\n|move|p2a: Dragapult|Phantom Force|p1a: Ribombee|[from]lockedmove\n|-damage|p1a: Ribombee|0 fnt\n|faint|p1a: Ribombee\n|\n|win|UCC EmeUno\n|c|\u2606Jackimaster|nimodo\n|c|\u2606UCC EmeUno|vale gg casi lloro\n|c|\u2606UCC EmeUno|XD\n|c|\u2606Jackimaster|dale otro\n|c|\u2606Jackimaster|xd\n|c|\u2606UCC EmeUno|A\n|c|\u2606UCC EmeUno|va\n","uploadtime":1700967879,"views":1,"p1id":"jackimaster","p2id":"uccemeuno","formatid":"gen9nationaldexubers","rating":0,"private":0,"password":""}