{"id":"gen9nationaldexubers-1981754735","p1":"BigPengSus","p2":"indie_10","format":"[Gen 9] National Dex Ubers","log":"|j|\u2606BigPengSus\n|j|\u2606indie_10\n|t:|1698939139\n|gametype|singles\n|player|p1|BigPengSus|linebacker|1157\n|player|p2|indie_10|lucas|1046\n|teamsize|p1|6\n|teamsize|p2|6\n|gen|9\n|tier|[Gen 9] National Dex Ubers\n|rated|\n|rule|HP Percentage Mod: HP is shown in percentages\n|rule|Endless Battle Clause: Forcing endless battles is banned\n|rule|OHKO Clause: OHKO moves are banned\n|rule|Evasion Moves Clause: Evasion moves are banned\n|rule|Evasion Items Clause: Evasion items are banned\n|rule|Species Clause: Limit one of each Pok\u00e9mon\n|rule|Sleep Clause Mod: Limit one foe put to sleep\n|rule|Mega Rayquaza Clause: You cannot mega evolve Rayquaza\n|clearpoke\n|poke|p1|Galvantula, F|\n|poke|p1|Zekrom|\n|poke|p1|Greninja-*, M|\n|poke|p1|Talonflame, F|\n|poke|p1|Diglett, M|\n|poke|p1|Metagross|\n|poke|p2|Blastoise, F|\n|poke|p2|Annihilape, M|\n|poke|p2|Smeargle, F|\n|poke|p2|Zacian-*|\n|poke|p2|Garchomp, M|\n|poke|p2|Groudon|\n|teampreview\n|\n|t:|1698939147\n|start\n|switch|p1a: Galvantula|Galvantula, F|100\/100\n|switch|p2a: eu vim barganhar!|Groudon|100\/100\n|detailschange|p2a: eu vim barganhar!|Groudon-Primal\n|-primal|p2a: eu vim barganhar!|Red Orb\n|-weather|DesolateLand|[from] ability: Desolate Land|[of] p2a: eu vim barganhar!\n|turn|1\n|\n|t:|1698939157\n|move|p1a: Galvantula|Sticky Web|p2a: eu vim barganhar!\n|-sidestart|p2: indie_10|move: Sticky Web\n|move|p2a: eu vim barganhar!|Lava Plume|p1a: Galvantula\n|-supereffective|p1a: Galvantula\n|-enditem|p1a: Galvantula|Focus Sash\n|-damage|p1a: Galvantula|1\/100\n|\n|-weather|DesolateLand|[upkeep]\n|upkeep\n|turn|2\n|inactive|Battle timer is ON: inactive players will automatically lose when time's up. (requested by BigPengSus)\n|\n|t:|1698939168\n|move|p1a: Galvantula|Toxic|p2a: eu vim barganhar!\n|-status|p2a: eu vim barganhar!|tox\n|move|p2a: eu vim barganhar!|Body Press|p1a: Galvantula\n|-resisted|p1a: Galvantula\n|-damage|p1a: Galvantula|0 fnt\n|faint|p1a: Galvantula\n|\n|-weather|DesolateLand|[upkeep]\n|-damage|p2a: eu vim barganhar!|94\/100 tox|[from] psn\n|upkeep\n|\n|t:|1698939174\n|switch|p1a: Diglett|Diglett, M|100\/100\n|turn|3\n|\n|t:|1698939182\n|move|p1a: Diglett|Earthquake|p2a: eu vim barganhar!\n|-supereffective|p2a: eu vim barganhar!\n|-damage|p2a: eu vim barganhar!|56\/100 tox\n|move|p2a: eu vim barganhar!|Iron Head|p1a: Diglett\n|-enditem|p1a: Diglett|Focus Sash\n|-damage|p1a: Diglett|1\/100\n|\n|-weather|DesolateLand|[upkeep]\n|-damage|p2a: eu vim barganhar!|43\/100 tox|[from] psn\n|upkeep\n|turn|4\n|\n|t:|1698939200\n|move|p1a: Diglett|Earthquake|p2a: eu vim barganhar!\n|-supereffective|p2a: eu vim barganhar!\n|-damage|p2a: eu vim barganhar!|4\/100 tox\n|move|p2a: eu vim barganhar!|Body Press|p1a: Diglett\n|-damage|p1a: Diglett|0 fnt\n|faint|p1a: Diglett\n|\n|-weather|DesolateLand|[upkeep]\n|-damage|p2a: eu vim barganhar!|0 fnt|[from] psn\n|faint|p2a: eu vim barganhar!\n|-weather|none\n|upkeep\n|\n|t:|1698939212\n|switch|p1a: Talonflame|Talonflame, F|100\/100\n|switch|p2a: Best suporte|Smeargle, F|100\/100\n|-activate|p2a: Best suporte|move: Sticky Web\n|-unboost|p2a: Best suporte|spe|1\n|turn|5\n|\n|t:|1698939224\n|-terastallize|p2a: Best suporte|Normal\n|move|p1a: Talonflame|Tailwind|p1a: Talonflame\n|-sidestart|p1: BigPengSus|move: Tailwind\n|move|p2a: Best suporte|Toxic Spikes|p1a: Talonflame\n|-sidestart|p1: BigPengSus|move: Toxic Spikes\n|\n|upkeep\n|turn|6\n|\n|t:|1698939233\n|move|p1a: Talonflame|U-turn|p2a: Best suporte\n|-damage|p2a: Best suporte|78\/100\n|\n|t:|1698939238\n|switch|p1a: Metagross|Metagross|100\/100|[from] U-turn\n|move|p2a: Best suporte|Spikes|p1a: Metagross\n|-sidestart|p1: BigPengSus|Spikes\n|\n|upkeep\n|turn|7\n|\n|t:|1698939251\n|detailschange|p1a: Metagross|Metagross-Mega\n|-mega|p1a: Metagross|Metagross|Metagrossite\n|move|p1a: Metagross|Iron Head|p2a: Best suporte\n|-damage|p2a: Best suporte|0 fnt\n|faint|p2a: Best suporte\n|\n|upkeep\n|\n|t:|1698939258\n|switch|p2a: Raivoso|Annihilape, M|100\/100\n|-activate|p2a: Raivoso|move: Sticky Web\n|-unboost|p2a: Raivoso|spe|1\n|turn|8\n|\n|t:|1698939266\n|move|p1a: Metagross|Zen Headbutt|p2a: Raivoso|[miss]\n|-miss|p1a: Metagross|p2a: Raivoso\n|move|p2a: Raivoso|Rage Fist|p1a: Metagross\n|-supereffective|p1a: Metagross\n|-damage|p1a: Metagross|56\/100\n|\n|-sideend|p1: BigPengSus|move: Tailwind\n|upkeep\n|turn|9\n|\n|t:|1698939277\n|switch|p1a: Talonflame|Talonflame, F|100\/100\n|move|p2a: Raivoso|Rage Fist|p1a: Talonflame\n|-damage|p1a: Talonflame|64\/100\n|\n|upkeep\n|turn|10\n|\n|t:|1698939285\n|move|p1a: Talonflame|Defog|p2a: Raivoso\n|-unboost|p2a: Raivoso|evasion|1\n|-sideend|p2: indie_10|Sticky Web|[from] move: Defog|[of] p1a: Talonflame\n|-sideend|p1: BigPengSus|Spikes|[from] move: Defog|[of] p1a: Talonflame\n|-sideend|p1: BigPengSus|Toxic Spikes|[from] move: Defog|[of] p1a: Talonflame\n|move|p2a: Raivoso|Rage Fist|p1a: Talonflame\n|-damage|p1a: Talonflame|28\/100\n|\n|upkeep\n|turn|11\n|\n|t:|1698939294\n|move|p1a: Talonflame|Hurricane|p2a: Raivoso\n|-supereffective|p2a: Raivoso\n|-damage|p2a: Raivoso|41\/100\n|move|p2a: Raivoso|Rage Fist|p1a: Talonflame\n|-damage|p1a: Talonflame|0 fnt\n|faint|p1a: Talonflame\n|\n|upkeep\n|c|\u2606BigPengSus|!weak annihilape\n|c| BigPengSus|\/raw <div class=\"infobox\">Annihilape (ignoring abilities):<br \/><span class=\"message-effect-weak\">Weaknesses<\/span>: Fairy, Flying, Ghost, Psychic<br \/><span class=\"message-effect-resist\">Resistances<\/span>: <b>Bug<\/b>, Poison, Rock<br \/><span class=\"message-effect-immune\">Immunities<\/span>: Fighting, Normal, Trapping<\/div>\n|\n|t:|1698939324\n|switch|p1a: Metagross|Metagross-Mega|56\/100\n|turn|12\n|\n|t:|1698939328\n|move|p1a: Metagross|Zen Headbutt|p2a: Raivoso\n|-supereffective|p2a: Raivoso\n|-damage|p2a: Raivoso|0 fnt\n|faint|p2a: Raivoso\n|\n|upkeep\n|\n|t:|1698939335\n|switch|p2a: Espad\u00e3o|Zacian|100\/100\n|-ability|p2a: Espad\u00e3o|Intrepid Sword|boost\n|-boost|p2a: Espad\u00e3o|atk|1\n|turn|13\n|\n|t:|1698939343\n|move|p2a: Espad\u00e3o|Sleep Talk||[still]\n|-fail|p2a: Espad\u00e3o\n|move|p1a: Metagross|Iron Head|p2a: Espad\u00e3o\n|-supereffective|p2a: Espad\u00e3o\n|-damage|p2a: Espad\u00e3o|0 fnt\n|faint|p2a: Espad\u00e3o\n|\n|upkeep\n|\n|t:|1698939351\n|switch|p2a: Canudo|Blastoise, F|100\/100\n|turn|14\n|\n|t:|1698939362\n|move|p1a: Metagross|Zen Headbutt|p2a: Canudo\n|-damage|p2a: Canudo|31\/100\n|cant|p2a: Canudo|flinch\n|\n|upkeep\n|turn|15\n|\n|t:|1698939369\n|switch|p2a: Brabo|Garchomp, M|100\/100\n|move|p1a: Metagross|Zen Headbutt|p2a: Brabo\n|-damage|p2a: Brabo|56\/100\n|-damage|p1a: Metagross|44\/100|[from] ability: Rough Skin|[of] p2a: Brabo\n|\n|upkeep\n|turn|16\n|\n|t:|1698939379\n|move|p1a: Metagross|Ice Punch|p2a: Brabo\n|-supereffective|p2a: Brabo\n|-crit|p2a: Brabo\n|-damage|p2a: Brabo|0 fnt\n|-damage|p1a: Metagross|31\/100|[from] ability: Rough Skin|[of] p2a: Brabo\n|faint|p2a: Brabo\n|\n|upkeep\n|\n|t:|1698939387\n|switch|p2a: Canudo|Blastoise, F|31\/100\n|turn|17\n|\n|t:|1698939402\n|move|p1a: Metagross|Iron Head|p2a: Canudo\n|-resisted|p2a: Canudo\n|-damage|p2a: Canudo|0 fnt\n|faint|p2a: Canudo\n|\n|win|BigPengSus\n|raw|BigPengSus's rating: 1157 &rarr; <strong>1174<\/strong><br \/>(+17 for winning)\n|raw|indie_10's rating: 1046 &rarr; <strong>1034<\/strong><br \/>(-12 for losing)\n|l|\u2606BigPengSus\n","uploadtime":1698939408,"views":11,"p1id":"bigpengsus","p2id":"indie10","formatid":"gen9nationaldexubers","rating":1034,"private":0,"password":""}