{"id":"gen9nationaldexubers-1985797775","p1":"KingoftheTitans","p2":"dertdog","format":"[Gen 9] National Dex Ubers","log":"|j|\u2606KingoftheTitans\n|j|\u2606dertdog\n|t:|1699407239\n|gametype|singles\n|player|p1|KingoftheTitans|170|1237\n|player|p2|dertdog|ghetsis-gen5bw|1251\n|teamsize|p1|6\n|teamsize|p2|6\n|gen|9\n|tier|[Gen 9] National Dex Ubers\n|rated|\n|rule|HP Percentage Mod: HP is shown in percentages\n|rule|Endless Battle Clause: Forcing endless battles is banned\n|rule|OHKO Clause: OHKO moves are banned\n|rule|Evasion Moves Clause: Evasion moves are banned\n|rule|Evasion Items Clause: Evasion items are banned\n|rule|Species Clause: Limit one of each Pok\u00e9mon\n|rule|Sleep Clause Mod: Limit one foe put to sleep\n|rule|Mega Rayquaza Clause: You cannot mega evolve Rayquaza\n|clearpoke\n|poke|p1|Porygon-Z|\n|poke|p1|Absol, F|\n|poke|p1|Iron Valiant|\n|poke|p1|Heatran, M|\n|poke|p1|Genesect|\n|poke|p1|Rotom-Wash|\n|poke|p2|Mewtwo|\n|poke|p2|Salamence, M|\n|poke|p2|Xerneas-*|\n|poke|p2|Flutter Mane|\n|poke|p2|Naganadel|\n|poke|p2|Necrozma-Dusk-Mane|\n|teampreview\n|\n|t:|1699407250\n|start\n|switch|p1a: Genesect|Genesect, shiny|100\/100\n|switch|p2a: Salamence|Salamence, M|100\/100\n|-ability|p1a: Genesect|Download|boost\n|-boost|p1a: Genesect|atk|1\n|turn|1\n|\n|t:|1699407260\n|move|p1a: Genesect|Ice Beam|p2a: Salamence\n|-supereffective|p2a: Salamence\n|-damage|p2a: Salamence|0 fnt\n|faint|p2a: Salamence\n|\n|upkeep\n|\n|t:|1699407265\n|switch|p2a: Naganadel|Naganadel|100\/100\n|turn|2\n|\n|t:|1699407270\n|switch|p1a: Heatran|Heatran, M|100\/100\n|-item|p1a: Heatran|Air Balloon\n|move|p2a: Naganadel|Flamethrower|p1a: Heatran\n|-start|p1a: Heatran|ability: Flash Fire\n|\n|upkeep\n|turn|3\n|\n|t:|1699407278\n|move|p2a: Naganadel|Nasty Plot|p2a: Naganadel\n|-boost|p2a: Naganadel|spa|2\n|move|p1a: Heatran|Earth Power|p2a: Naganadel\n|-supereffective|p2a: Naganadel\n|-damage|p2a: Naganadel|0 fnt\n|faint|p2a: Naganadel\n|\n|upkeep\n|\n|t:|1699407287\n|switch|p2a: Necrozma|Necrozma-Dusk-Mane|100\/100\n|turn|4\n|\n|t:|1699407291\n|detailschange|p2a: Necrozma|Necrozma-Ultra\n|-burst|p2a: Necrozma|Necrozma|Ultranecrozium Z\n|move|p2a: Necrozma|Swords Dance|p2a: Necrozma\n|-boost|p2a: Necrozma|atk|2\n|move|p1a: Heatran|Magma Storm|p2a: Necrozma|[miss]\n|-miss|p1a: Heatran|p2a: Necrozma\n|\n|upkeep\n|turn|5\n|\n|t:|1699407301\n|move|p2a: Necrozma|Photon Geyser|p1a: Heatran\n|-resisted|p1a: Heatran\n|-damage|p1a: Heatran|37\/100\n|-enditem|p1a: Heatran|Air Balloon\n|move|p1a: Heatran|Magma Storm|p2a: Necrozma\n|-resisted|p2a: Necrozma\n|-damage|p2a: Necrozma|59\/100\n|-activate|p2a: Necrozma|move: Magma Storm|[of] p1a: Heatran\n|\n|-damage|p2a: Necrozma|47\/100|[from] move: Magma Storm|[partiallytrapped]\n|upkeep\n|turn|6\n|\n|t:|1699407312\n|move|p2a: Necrozma|Photon Geyser|p1a: Heatran\n|-resisted|p1a: Heatran\n|-damage|p1a: Heatran|0 fnt\n|faint|p1a: Heatran\n|\n|-end|p2a: Necrozma|Magma Storm|[partiallytrapped]|[silent]\n|upkeep\n|\n|t:|1699407318\n|switch|p1a: Genesect|Genesect, shiny|100\/100\n|-ability|p1a: Genesect|Download|boost\n|-boost|p1a: Genesect|spa|1\n|turn|7\n|\n|t:|1699407332\n|move|p1a: Genesect|U-turn|p2a: Necrozma\n|-supereffective|p2a: Necrozma\n|-damage|p2a: Necrozma|0 fnt\n|faint|p2a: Necrozma\n|\n|t:|1699407343\n|switch|p1a: Porygon-Z|Porygon-Z|100\/100|[from] U-turn\n|\n|upkeep\n|\n|t:|1699407348\n|switch|p2a: Mewtwo|Mewtwo|100\/100\n|-ability|p2a: Mewtwo|Pressure\n|turn|8\n|\n|t:|1699407359\n|switch|p1a: Rotom|Rotom-Wash|100\/100\n|detailschange|p2a: Mewtwo|Mewtwo-Mega-Y\n|-mega|p2a: Mewtwo|Mewtwo|Mewtwonite Y\n|move|p2a: Mewtwo|Nasty Plot|p2a: Mewtwo\n|-boost|p2a: Mewtwo|spa|2\n|\n|upkeep\n|turn|9\n|\n|t:|1699407366\n|move|p2a: Mewtwo|Psystrike|p1a: Rotom\n|-damage|p1a: Rotom|0 fnt\n|faint|p1a: Rotom\n|\n|upkeep\n|\n|t:|1699407371\n|switch|p1a: Genesect|Genesect, shiny|100\/100\n|-ability|p1a: Genesect|Download|boost\n|-boost|p1a: Genesect|atk|1\n|turn|10\n|\n|t:|1699407381\n|move|p1a: Genesect|U-turn|p2a: Mewtwo\n|-supereffective|p2a: Mewtwo\n|-damage|p2a: Mewtwo|0 fnt\n|faint|p2a: Mewtwo\n|\n|t:|1699407384\n|switch|p1a: Absol|Absol, F|100\/100|[from] U-turn\n|-ability|p1a: Absol|Pressure\n|\n|upkeep\n|\n|t:|1699407389\n|switch|p2a: Xerneas|Xerneas|100\/100\n|-ability|p2a: Xerneas|Fairy Aura\n|turn|11\n|\n|t:|1699407394\n|detailschange|p1a: Absol|Absol-Mega, F\n|-mega|p1a: Absol|Absol|Absolite\n|move|p1a: Absol|Knock Off|p2a: Xerneas\n|-resisted|p2a: Xerneas\n|-damage|p2a: Xerneas|73\/100\n|-enditem|p2a: Xerneas|Power Herb|[from] move: Knock Off|[of] p1a: Absol\n|move|p2a: Xerneas|Geomancy||[still]\n|-prepare|p2a: Xerneas|Geomancy\n|\n|upkeep\n|turn|12\n|\n|t:|1699407405\n|move|p1a: Absol|Play Rough|p2a: Xerneas\n|-damage|p2a: Xerneas|33\/100\n|move|p2a: Xerneas|Geomancy|p2a: Xerneas|[from]lockedmove\n|-boost|p2a: Xerneas|spa|2\n|-boost|p2a: Xerneas|spd|2\n|-boost|p2a: Xerneas|spe|2\n|\n|upkeep\n|turn|13\n|\n|t:|1699407414\n|move|p1a: Absol|Sucker Punch|p2a: Xerneas\n|-resisted|p2a: Xerneas\n|-damage|p2a: Xerneas|15\/100\n|move|p2a: Xerneas|Moonblast|p1a: Absol\n|-supereffective|p1a: Absol\n|-damage|p1a: Absol|0 fnt\n|faint|p1a: Absol\n|\n|upkeep\n|\n|t:|1699407421\n|switch|p1a: Genesect|Genesect, shiny|100\/100\n|-ability|p1a: Genesect|Download|boost\n|-boost|p1a: Genesect|atk|1\n|turn|14\n|\n|t:|1699407425\n|move|p1a: Genesect|Extreme Speed|p2a: Xerneas\n|-damage|p2a: Xerneas|0 fnt\n|faint|p2a: Xerneas\n|\n|upkeep\n|\n|t:|1699407430\n|switch|p2a: Flutter Mane|Flutter Mane|100\/100\n|-enditem|p2a: Flutter Mane|Booster Energy\n|-activate|p2a: Flutter Mane|ability: Protosynthesis|[fromitem]\n|-start|p2a: Flutter Mane|protosynthesisspe\n|turn|15\n|\n|t:|1699407435\n|switch|p1a: Porygon-Z|Porygon-Z|100\/100\n|move|p2a: Flutter Mane|Mystical Fire|p1a: Porygon-Z\n|-damage|p1a: Porygon-Z|65\/100\n|-unboost|p1a: Porygon-Z|spa|1\n|\n|upkeep\n|turn|16\n|\n|t:|1699407446\n|move|p2a: Flutter Mane|Calm Mind|p2a: Flutter Mane\n|-boost|p2a: Flutter Mane|spa|1\n|-boost|p2a: Flutter Mane|spd|1\n|move|p1a: Porygon-Z|Shadow Ball|p2a: Flutter Mane\n|-supereffective|p2a: Flutter Mane\n|-damage|p2a: Flutter Mane|64\/100\n|-damage|p1a: Porygon-Z|55\/100|[from] item: Life Orb\n|\n|upkeep\n|turn|17\n|\n|t:|1699407454\n|move|p2a: Flutter Mane|Moonblast|p1a: Porygon-Z\n|-damage|p1a: Porygon-Z|0 fnt\n|faint|p1a: Porygon-Z\n|\n|upkeep\n|\n|t:|1699407458\n|switch|p1a: Iron Valiant|Iron Valiant|100\/100\n|-enditem|p1a: Iron Valiant|Booster Energy\n|-activate|p1a: Iron Valiant|ability: Quark Drive|[fromitem]\n|-start|p1a: Iron Valiant|quarkdrivespe\n|turn|18\n|\n|t:|1699407464\n|move|p2a: Flutter Mane|Moonblast|p1a: Iron Valiant\n|-supereffective|p1a: Iron Valiant\n|-damage|p1a: Iron Valiant|0 fnt\n|faint|p1a: Iron Valiant\n|-end|p1a: Iron Valiant|Quark Drive|[silent]\n|\n|upkeep\n|\n|t:|1699407469\n|switch|p1a: Genesect|Genesect, shiny|100\/100\n|-ability|p1a: Genesect|Download|boost\n|-boost|p1a: Genesect|atk|1\n|turn|19\n|\n|t:|1699407475\n|-terastallize|p2a: Flutter Mane|Fire\n|-terastallize|p1a: Genesect|Normal\n|move|p2a: Flutter Mane|Mystical Fire|p1a: Genesect\n|-damage|p1a: Genesect|22\/100\n|-unboost|p1a: Genesect|spa|1\n|move|p1a: Genesect|Iron Head|p2a: Flutter Mane\n|-resisted|p2a: Flutter Mane\n|-damage|p2a: Flutter Mane|0 fnt\n|faint|p2a: Flutter Mane\n|-end|p2a: Flutter Mane|Protosynthesis|[silent]\n|\n|win|KingoftheTitans\n|raw|KingoftheTitans's rating: 1237 &rarr; <strong>1263<\/strong><br \/>(+26 for winning)\n|raw|dertdog's rating: 1251 &rarr; <strong>1225<\/strong><br \/>(-26 for losing)\n|c|\u2606KingoftheTitans|gg\n","uploadtime":1699407491,"views":12,"p1id":"kingofthetitans","p2id":"dertdog","formatid":"gen9nationaldexubers","rating":1225,"private":0,"password":""}