{"id":"gen9nationaldexubers-1991611372","p1":"alive!12","p2":"mr Deuzp","format":"[Gen 9] National Dex Ubers","log":"|j|\u2606alive!12\n|j|\u2606mr Deuzp\n|t:|1700094052\n|gametype|singles\n|player|p1|alive!12|cynthia-gen4|1270\n|player|p2|mr Deuzp|shadowtriad|1384\n|teamsize|p1|6\n|teamsize|p2|6\n|gen|9\n|tier|[Gen 9] National Dex Ubers\n|rated|\n|rule|HP Percentage Mod: HP is shown in percentages\n|rule|Endless Battle Clause: Forcing endless battles is banned\n|rule|OHKO Clause: OHKO moves are banned\n|rule|Evasion Moves Clause: Evasion moves are banned\n|rule|Evasion Items Clause: Evasion items are banned\n|rule|Species Clause: Limit one of each Pok\u00e9mon\n|rule|Sleep Clause Mod: Limit one foe put to sleep\n|rule|Mega Rayquaza Clause: You cannot mega evolve Rayquaza\n|clearpoke\n|poke|p1|Spiritomb, M|\n|poke|p1|Roserade, F|\n|poke|p1|Togekiss, F|\n|poke|p1|Milotic, F|\n|poke|p1|Lucario, F|\n|poke|p1|Garchomp, M|\n|poke|p2|Ho-Oh|\n|poke|p2|Pheromosa|\n|poke|p2|Naganadel|\n|poke|p2|Galvantula, M|\n|poke|p2|Shaymin-Sky|\n|poke|p2|Metagross|\n|teampreview\n|inactive|Battle timer is ON: inactive players will automatically lose when time's up. (requested by alive!12)\n|\n|t:|1700094081\n|start\n|switch|p1a: Spiritomb|Spiritomb, M|100\/100\n|switch|p2a: Galvantula|Galvantula, M, shiny|100\/100\n|turn|1\n|\n|t:|1700094088\n|move|p2a: Galvantula|Thunder Wave|p1a: Spiritomb\n|-status|p1a: Spiritomb|par\n|move|p1a: Spiritomb|Will-O-Wisp|p2a: Galvantula\n|-status|p2a: Galvantula|brn\n|\n|-damage|p2a: Galvantula|94\/100 brn|[from] brn\n|upkeep\n|turn|2\n|\n|t:|1700094099\n|move|p2a: Galvantula|Sticky Web|p1a: Spiritomb\n|-sidestart|p1: alive!12|move: Sticky Web\n|move|p1a: Spiritomb|Hex|p2a: Galvantula\n|-damage|p2a: Galvantula|23\/100 brn\n|\n|-damage|p2a: Galvantula|17\/100 brn|[from] brn\n|upkeep\n|turn|3\n|\n|t:|1700094114\n|move|p2a: Galvantula|Thunder|p1a: Spiritomb\n|-damage|p1a: Spiritomb|67\/100 par\n|move|p1a: Spiritomb|Hex|p2a: Galvantula\n|-crit|p2a: Galvantula\n|-damage|p2a: Galvantula|0 fnt\n|faint|p2a: Galvantula\n|\n|upkeep\n|inactive|mr Deuzp has 120 seconds left.\n|\n|t:|1700094161\n|switch|p2a: Shaymin|Shaymin-Sky, shiny|100\/100\n|turn|4\n|\n|t:|1700094169\n|-terastallize|p2a: Shaymin|Flying\n|move|p2a: Shaymin|Air Slash|p1a: Spiritomb\n|-crit|p1a: Spiritomb\n|-damage|p1a: Spiritomb|11\/100 par\n|cant|p1a: Spiritomb|par\n|\n|upkeep\n|turn|5\n|inactive|mr Deuzp has 120 seconds left.\n|-enditem|p1a: Spiritomb|Custap Berry|[eat]\n|-activate|p1a: Spiritomb|item: Custap Berry|[consumed]\n|\n|t:|1700094180\n|move|p1a: Spiritomb|Destiny Bond|p1a: Spiritomb\n|-singlemove|p1a: Spiritomb|Destiny Bond\n|move|p2a: Shaymin|Air Slash|p1a: Spiritomb\n|-damage|p1a: Spiritomb|0 fnt\n|faint|p1a: Spiritomb\n|-activate|p1a: Spiritomb|move: Destiny Bond\n|faint|p2a: Shaymin\n|\n|upkeep\n|inactive|mr Deuzp has 120 seconds left.\n|\n|t:|1700094199\n|switch|p2a: Ho-Oh|Ho-Oh, shiny|100\/100\n|switch|p1a: Milotic|Milotic, F|100\/100\n|-activate|p1a: Milotic|move: Sticky Web\n|-unboost|p1a: Milotic|spe|1\n|turn|6\n|\n|t:|1700094208\n|-zpower|p2a: Ho-Oh\n|move|p2a: Ho-Oh|Z-Celebrate|p2a: Ho-Oh|[anim]Celebrate\n|-boost|p2a: Ho-Oh|atk|1|[zeffect]\n|-boost|p2a: Ho-Oh|def|1|[zeffect]\n|-boost|p2a: Ho-Oh|spa|1|[zeffect]\n|-boost|p2a: Ho-Oh|spd|1|[zeffect]\n|-boost|p2a: Ho-Oh|spe|1|[zeffect]\n|-activate|p2a: Ho-Oh|move: Celebrate\n|move|p1a: Milotic|Scald|p2a: Ho-Oh\n|-supereffective|p2a: Ho-Oh\n|-damage|p2a: Ho-Oh|84\/100\n|\n|-status|p1a: Milotic|brn|[from] item: Flame Orb\n|upkeep\n|turn|7\n|\n|t:|1700094221\n|move|p2a: Ho-Oh|Brave Bird|p1a: Milotic\n|-damage|p1a: Milotic|63\/100 brn\n|-damage|p2a: Ho-Oh|72\/100|[from] Recoil\n|move|p1a: Milotic|Haze|p1a: Milotic\n|-clearallboost\n|\n|-damage|p1a: Milotic|57\/100 brn|[from] brn\n|upkeep\n|turn|8\n|\n|t:|1700094231\n|move|p2a: Ho-Oh|Brave Bird|p1a: Milotic\n|-damage|p1a: Milotic|32\/100 brn\n|-damage|p2a: Ho-Oh|65\/100|[from] Recoil\n|move|p1a: Milotic|Recover|p1a: Milotic\n|-heal|p1a: Milotic|82\/100 brn\n|\n|-damage|p1a: Milotic|76\/100 brn|[from] brn\n|upkeep\n|turn|9\n|\n|t:|1700094244\n|switch|p2a: Metagross|Metagross, shiny|100\/100\n|move|p1a: Milotic|Scald|p2a: Metagross\n|-damage|p2a: Metagross|67\/100\n|\n|-damage|p1a: Milotic|70\/100 brn|[from] brn\n|upkeep\n|turn|10\n|\n|t:|1700094255\n|detailschange|p2a: Metagross|Metagross-Mega, shiny\n|-mega|p2a: Metagross|Metagross|Metagrossite\n|move|p2a: Metagross|Zen Headbutt|p1a: Milotic\n|-damage|p1a: Milotic|41\/100 brn\n|move|p1a: Milotic|Recover|p1a: Milotic\n|-heal|p1a: Milotic|91\/100 brn\n|\n|-damage|p1a: Milotic|85\/100 brn|[from] brn\n|upkeep\n|turn|11\n|\n|t:|1700094266\n|move|p2a: Metagross|Zen Headbutt|p1a: Milotic|[miss]\n|-miss|p2a: Metagross|p1a: Milotic\n|move|p1a: Milotic|Scald|p2a: Metagross\n|-damage|p2a: Metagross|36\/100\n|\n|-damage|p1a: Milotic|79\/100 brn|[from] brn\n|upkeep\n|turn|12\n|\n|t:|1700094279\n|move|p2a: Metagross|Zen Headbutt|p1a: Milotic\n|-damage|p1a: Milotic|50\/100 brn\n|move|p1a: Milotic|Scald|p2a: Metagross\n|-damage|p2a: Metagross|7\/100\n|\n|-damage|p1a: Milotic|44\/100 brn|[from] brn\n|upkeep\n|turn|13\n|\n|t:|1700094304\n|move|p2a: Metagross|Zen Headbutt|p1a: Milotic\n|-damage|p1a: Milotic|16\/100 brn\n|move|p1a: Milotic|Recover|p1a: Milotic\n|-heal|p1a: Milotic|66\/100 brn\n|\n|-damage|p1a: Milotic|60\/100 brn|[from] brn\n|upkeep\n|turn|14\n|\n|t:|1700094314\n|move|p2a: Metagross|Zen Headbutt|p1a: Milotic\n|-crit|p1a: Milotic\n|-damage|p1a: Milotic|20\/100 brn\n|move|p1a: Milotic|Recover|p1a: Milotic\n|-heal|p1a: Milotic|70\/100 brn\n|\n|-damage|p1a: Milotic|63\/100 brn|[from] brn\n|upkeep\n|turn|15\n|\n|t:|1700094323\n|move|p2a: Metagross|Zen Headbutt|p1a: Milotic\n|-damage|p1a: Milotic|35\/100 brn\n|move|p1a: Milotic|Recover|p1a: Milotic\n|-heal|p1a: Milotic|85\/100 brn\n|\n|-damage|p1a: Milotic|79\/100 brn|[from] brn\n|upkeep\n|turn|16\n|\n|t:|1700094337\n|switch|p1a: Lucario|Lucario, F|100\/100\n|-activate|p1a: Lucario|move: Sticky Web\n|-unboost|p1a: Lucario|spe|1\n|move|p2a: Metagross|Zen Headbutt|p1a: Lucario\n|-damage|p1a: Lucario|12\/100\n|\n|upkeep\n|turn|17\n|\n|t:|1700094354\n|detailschange|p1a: Lucario|Lucario-Mega, F\n|-mega|p1a: Lucario|Lucario|Lucarionite\n|move|p2a: Metagross|Bullet Punch|p1a: Lucario\n|-resisted|p1a: Lucario\n|-damage|p1a: Lucario|0 fnt\n|faint|p1a: Lucario\n|\n|upkeep\n|c|\u2606alive!12|Nicely done\n|inactive|alive!12 has 120 seconds left.\n|inactive|alive!12 has 90 seconds left.\n|inactiveoff|Battle timer is now OFF.\n|\n|t:|1700094420\n|switch|p1a: Garchomp|Garchomp, M|100\/100\n|-activate|p1a: Garchomp|move: Sticky Web\n|-unboost|p1a: Garchomp|spe|1\n|turn|18\n|\n|t:|1700094450\n|move|p2a: Metagross|Ice Punch|p1a: Garchomp\n|-supereffective|p1a: Garchomp\n|-damage|p1a: Garchomp|0 fnt\n|-damage|p2a: Metagross|0 fnt|[from] ability: Rough Skin|[of] p1a: Garchomp\n|faint|p1a: Garchomp\n|faint|p2a: Metagross\n|\n|upkeep\n|\n|t:|1700094471\n|switch|p2a: Naganadel|Naganadel, shiny|100\/100\n|switch|p1a: Milotic|Milotic, F|79\/100 brn\n|-activate|p1a: Milotic|move: Sticky Web\n|-unboost|p1a: Milotic|spe|1\n|turn|19\n|\n|t:|1700094483\n|move|p2a: Naganadel|Nasty Plot|p2a: Naganadel\n|-boost|p2a: Naganadel|spa|2\n|move|p1a: Milotic|Ice Beam|p2a: Naganadel\n|-supereffective|p2a: Naganadel\n|-damage|p2a: Naganadel|32\/100\n|\n|-damage|p1a: Milotic|73\/100 brn|[from] brn\n|upkeep\n|turn|20\n|\n|t:|1700094500\n|move|p2a: Naganadel|Sludge Bomb|p1a: Milotic\n|-damage|p1a: Milotic|4\/100 brn\n|move|p1a: Milotic|Ice Beam|p2a: Naganadel\n|-supereffective|p2a: Naganadel\n|-damage|p2a: Naganadel|0 fnt\n|faint|p2a: Naganadel\n|\n|-damage|p1a: Milotic|0 fnt|[from] brn\n|faint|p1a: Milotic\n|upkeep\n|\n|t:|1700094523\n|switch|p2a: Pheromosa|Pheromosa, shiny|100\/100\n|switch|p1a: Togekiss|Togekiss, F|100\/100\n|turn|21\n|\n|t:|1700094534\n|move|p2a: Pheromosa|U-turn|p1a: Togekiss\n|-resisted|p1a: Togekiss\n|-damage|p1a: Togekiss|92\/100\n|\n|t:|1700094537\n|switch|p2a: Ho-Oh|Ho-Oh, shiny|98\/100|[from] U-turn\n|move|p1a: Togekiss|Air Slash|p2a: Ho-Oh\n|-damage|p2a: Ho-Oh|81\/100\n|\n|upkeep\n|turn|22\n|\n|t:|1700094558\n|-terastallize|p1a: Togekiss|Fire\n|move|p2a: Ho-Oh|Sacred Fire|p1a: Togekiss\n|-resisted|p1a: Togekiss\n|-damage|p1a: Togekiss|71\/100\n|move|p1a: Togekiss|Tailwind|p1a: Togekiss\n|-sidestart|p1: alive!12|move: Tailwind\n|\n|upkeep\n|turn|23\n|\n|t:|1700094572\n|move|p1a: Togekiss|Air Slash|p2a: Ho-Oh\n|-damage|p2a: Ho-Oh|63\/100\n|cant|p2a: Ho-Oh|flinch\n|\n|upkeep\n|turn|24\n|\n|t:|1700094578\n|move|p1a: Togekiss|Air Slash|p2a: Ho-Oh\n|-damage|p2a: Ho-Oh|47\/100\n|cant|p2a: Ho-Oh|flinch\n|\n|upkeep\n|turn|25\n|\n|t:|1700094586\n|move|p1a: Togekiss|Air Slash|p2a: Ho-Oh\n|-damage|p2a: Ho-Oh|29\/100\n|move|p2a: Ho-Oh|Brave Bird|p1a: Togekiss\n|-damage|p1a: Togekiss|19\/100\n|-damage|p2a: Ho-Oh|14\/100|[from] Recoil\n|\n|-sideend|p1: alive!12|move: Tailwind\n|upkeep\n|turn|26\n|\n|t:|1700094616\n|switch|p1a: Roserade|Roserade, F|100\/100\n|-activate|p1a: Roserade|move: Sticky Web\n|-unboost|p1a: Roserade|spe|1\n|move|p2a: Ho-Oh|Roost|p2a: Ho-Oh\n|-heal|p2a: Ho-Oh|64\/100\n|-singleturn|p2a: Ho-Oh|move: Roost\n|\n|upkeep\n|turn|27\n|\n|t:|1700094632\n|move|p2a: Ho-Oh|Sacred Fire|p1a: Roserade\n|-supereffective|p1a: Roserade\n|-enditem|p1a: Roserade|Focus Sash\n|-damage|p1a: Roserade|1\/100\n|-status|p1a: Roserade|brn\n|move|p1a: Roserade|Shadow Ball|p2a: Ho-Oh\n|-damage|p2a: Ho-Oh|52\/100\n|\n|-damage|p1a: Roserade|0 fnt|[from] brn\n|faint|p1a: Roserade\n|upkeep\n|\n|t:|1700094645\n|switch|p1a: Togekiss|Togekiss, F, tera:Fire|19\/100\n|-activate|p1a: Togekiss|move: Sticky Web\n|-unboost|p1a: Togekiss|spe|1\n|turn|28\n|\n|t:|1700094654\n|move|p2a: Ho-Oh|Brave Bird|p1a: Togekiss\n|-damage|p1a: Togekiss|0 fnt\n|faint|p1a: Togekiss\n|-damage|p2a: Ho-Oh|47\/100|[from] Recoil\n|\n|win|mr Deuzp\n|raw|alive!12's rating: 1270 &rarr; <strong>1253<\/strong><br \/>(-17 for losing)\n|raw|mr Deuzp's rating: 1384 &rarr; <strong>1398<\/strong><br \/>(+14 for winning)\n","uploadtime":1700094662,"views":9,"p1id":"alive12","p2id":"mrdeuzp","formatid":"gen9nationaldexubers","rating":1253,"private":0,"password":""}