{"id":"gen9nationaldexubers-1981926333","p1":"XDpokemons","p2":"Walter black 0000","format":"[Gen 9] National Dex Ubers","log":"|j|\u2606XDpokemons\n|j|\u2606Walter black 0000\n|t:|1698952261\n|gametype|singles\n|player|p1|XDpokemons|fisherman-gen4|1586\n|player|p2|Walter black 0000|lance-gen2|1840\n|teamsize|p1|6\n|teamsize|p2|6\n|gen|9\n|tier|[Gen 9] National Dex Ubers\n|rated|\n|rule|HP Percentage Mod: HP is shown in percentages\n|rule|Endless Battle Clause: Forcing endless battles is banned\n|rule|OHKO Clause: OHKO moves are banned\n|rule|Evasion Moves Clause: Evasion moves are banned\n|rule|Evasion Items Clause: Evasion items are banned\n|rule|Species Clause: Limit one of each Pok\u00e9mon\n|rule|Sleep Clause Mod: Limit one foe put to sleep\n|rule|Mega Rayquaza Clause: You cannot mega evolve Rayquaza\n|clearpoke\n|poke|p1|Giratina-Origin|\n|poke|p1|Magearna|\n|poke|p1|Kingambit, F|\n|poke|p1|Ditto|\n|poke|p1|Arceus-Fairy|\n|poke|p1|Necrozma-Dusk-Mane|\n|poke|p2|Kangaskhan, F|\n|poke|p2|Ditto|\n|poke|p2|Arceus-Fairy|\n|poke|p2|Zamazenta-*|\n|poke|p2|Eternatus|\n|poke|p2|Necrozma-Dusk-Mane|\n|teampreview\n|inactive|Battle timer is ON: inactive players will automatically lose when time's up. (requested by Walter black 0000)\n|j| AnimeZZZZ5\n|c|\u2606Walter black 0000|Kurumi is that you\n|inactive|XDpokemons has 120 seconds left.\n|c|\u2606XDpokemons|yea\n|\n|t:|1698952305\n|start\n|switch|p1a: Arceus|Arceus-Fairy|100\/100\n|switch|p2a: Necrozma|Necrozma-Dusk-Mane|100\/100\n|turn|1\n|c|\u2606Walter black 0000|Ah crap go easy on me\n|\n|t:|1698952330\n|switch|p2a: Eternatus|Eternatus|100\/100\n|-ability|p2a: Eternatus|Pressure\n|move|p1a: Arceus|Taunt|p2a: Eternatus\n|-start|p2a: Eternatus|move: Taunt\n|\n|upkeep\n|turn|2\n|j| Szymszym134\n|inactive|XDpokemons has 120 seconds left.\n|\n|t:|1698952373\n|switch|p1a: Magearna|Magearna|100\/100\n|move|p2a: Eternatus|Flamethrower|p1a: Magearna\n|-supereffective|p1a: Magearna\n|-damage|p1a: Magearna|57\/100\n|\n|upkeep\n|turn|3\n|\n|t:|1698952382\n|move|p2a: Eternatus|Flamethrower|p1a: Magearna\n|-supereffective|p1a: Magearna\n|-damage|p1a: Magearna|12\/100\n|move|p1a: Magearna|Pain Split|p2a: Eternatus\n|-sethp|p2a: Eternatus|55\/100|[from] move: Pain Split|[silent]\n|-sethp|p1a: Magearna|64\/100|[from] move: Pain Split\n|\n|-end|p2a: Eternatus|move: Taunt\n|upkeep\n|turn|4\n|inactive|XDpokemons has 120 seconds left.\n|\n|t:|1698952390\n|move|p2a: Eternatus|Flamethrower|p1a: Magearna\n|-supereffective|p1a: Magearna\n|-crit|p1a: Magearna\n|-damage|p1a: Magearna|6\/100\n|move|p1a: Magearna|Fleur Cannon|p2a: Eternatus\n|-damage|p2a: Eternatus|4\/100\n|-unboost|p1a: Magearna|spa|2\n|\n|upkeep\n|turn|5\n|inactive|XDpokemons has 120 seconds left.\n|\n|t:|1698952403\n|move|p2a: Eternatus|Flamethrower|p1a: Magearna\n|-supereffective|p1a: Magearna\n|-damage|p1a: Magearna|0 fnt\n|faint|p1a: Magearna\n|\n|upkeep\n|inactive|XDpokemons has 120 seconds left.\n|\n|t:|1698952411\n|switch|p1a: Ditto|Ditto|100\/100\n|-transform|p1a: Ditto|p2a: Eternatus|[from] ability: Imposter\n|-ability|p1a: Ditto|Pressure\n|turn|6\n|inactive|XDpokemons has 120 seconds left.\n|\n|t:|1698952425\n|switch|p2a: Necrozma|Necrozma-Dusk-Mane|100\/100\n|move|p1a: Ditto|Dynamax Cannon|p2a: Necrozma\n|-resisted|p2a: Necrozma\n|-damage|p2a: Necrozma|75\/100\n|\n|upkeep\n|turn|7\n|inactive|XDpokemons has 120 seconds left.\n|\n|t:|1698952441\n|switch|p1a: Giratina|Giratina-Origin|100\/100\n|move|p2a: Necrozma|Stealth Rock|p1a: Giratina\n|-sidestart|p1: XDpokemons|move: Stealth Rock\n|\n|upkeep\n|turn|8\n|c|\u2606Walter black 0000|NVM your not kurumi your just a copy\n|inactive|XDpokemons has 120 seconds left.\n|\n|t:|1698952464\n|switch|p1a: Arceus|Arceus-Fairy|100\/100\n|-damage|p1a: Arceus|88\/100|[from] Stealth Rock\n|switch|p2a: Kangaskhan|Kangaskhan, F|100\/100\n|\n|upkeep\n|turn|9\n|\n|t:|1698952484\n|switch|p2a: Necrozma|Necrozma-Dusk-Mane|75\/100\n|move|p1a: Arceus|Taunt|p2a: Necrozma\n|-start|p2a: Necrozma|move: Taunt\n|\n|upkeep\n|turn|10\n|\n|t:|1698952495\n|switch|p1a: Giratina|Giratina-Origin|100\/100\n|-damage|p1a: Giratina|88\/100|[from] Stealth Rock\n|move|p2a: Necrozma|Photon Geyser|p1a: Giratina\n|-damage|p1a: Giratina|52\/100\n|\n|upkeep\n|turn|11\n|\n|t:|1698952505\n|switch|p2a: Kangaskhan|Kangaskhan, F|100\/100\n|move|p1a: Giratina|Stone Edge|p2a: Kangaskhan\n|-damage|p2a: Kangaskhan|56\/100\n|\n|upkeep\n|turn|12\n|\n|t:|1698952515\n|switch|p1a: Arceus|Arceus-Fairy|88\/100\n|-damage|p1a: Arceus|76\/100|[from] Stealth Rock\n|detailschange|p2a: Kangaskhan|Kangaskhan-Mega, F\n|-mega|p2a: Kangaskhan|Kangaskhan|Kangaskhanite\n|move|p2a: Kangaskhan|Sucker Punch||[still]\n|-fail|p2a: Kangaskhan\n|\n|upkeep\n|turn|13\n|\n|t:|1698952524\n|switch|p2a: Necrozma|Necrozma-Dusk-Mane|75\/100\n|move|p1a: Arceus|Judgment|p2a: Necrozma\n|-resisted|p2a: Necrozma\n|-damage|p2a: Necrozma|51\/100\n|\n|upkeep\n|turn|14\n|\n|t:|1698952539\n|switch|p1a: Necrozma|Necrozma-Dusk-Mane|100\/100\n|-damage|p1a: Necrozma|95\/100|[from] Stealth Rock\n|move|p2a: Necrozma|Photon Geyser|p1a: Necrozma\n|-resisted|p1a: Necrozma\n|-damage|p1a: Necrozma|84\/100\n|\n|upkeep\n|turn|15\n|\n|t:|1698952552\n|detailschange|p2a: Necrozma|Necrozma-Ultra\n|-burst|p2a: Necrozma|Necrozma|Ultranecrozium Z\n|detailschange|p1a: Necrozma|Necrozma-Ultra\n|-burst|p1a: Necrozma|Necrozma|Ultranecrozium Z\n|move|p2a: Necrozma|Dragon Pulse|p1a: Necrozma\n|-supereffective|p1a: Necrozma\n|-damage|p1a: Necrozma|0 fnt\n|faint|p1a: Necrozma\n|\n|upkeep\n|\n|t:|1698952562\n|switch|p1a: Kingambit|Kingambit, F|100\/100\n|-damage|p1a: Kingambit|94\/100|[from] Stealth Rock\n|-activate|p1a: Kingambit|ability: Supreme Overlord\n|-start|p1a: Kingambit|fallen2|[silent]\n|turn|16\n|\n|t:|1698952570\n|switch|p2a: Eternatus|Eternatus|4\/100\n|-ability|p2a: Eternatus|Pressure\n|move|p1a: Kingambit|Knock Off|p2a: Eternatus\n|-damage|p2a: Eternatus|0 fnt\n|-enditem|p2a: Eternatus|Power Herb|[from] move: Knock Off|[of] p1a: Kingambit\n|faint|p2a: Eternatus\n|\n|upkeep\n|\n|t:|1698952578\n|switch|p2a: Kangaskhan|Kangaskhan-Mega, F|56\/100\n|turn|17\n|j| denek\n|inactive|XDpokemons has 90 seconds left.\n|\n|t:|1698952624\n|-end|p1a: Kingambit|fallen2|[silent]\n|switch|p1a: Arceus|Arceus-Fairy|76\/100\n|-damage|p1a: Arceus|63\/100|[from] Stealth Rock\n|move|p2a: Kangaskhan|Power-Up Punch|p1a: Arceus\n|-resisted|p1a: Arceus\n|-damage|p1a: Arceus|59\/100\n|-boost|p2a: Kangaskhan|atk|1\n|-resisted|p1a: Arceus\n|-damage|p1a: Arceus|57\/100\n|-boost|p2a: Kangaskhan|atk|1\n|-hitcount|p1a: Arceus|2\n|\n|upkeep\n|turn|18\n|\n|t:|1698952635\n|move|p1a: Arceus|Toxic|p2a: Kangaskhan\n|-status|p2a: Kangaskhan|tox\n|move|p2a: Kangaskhan|Return|p1a: Arceus\n|-damage|p1a: Arceus|0 fnt\n|faint|p1a: Arceus\n|-hitcount|p1: Arceus|1\n|\n|-damage|p2a: Kangaskhan|50\/100 tox|[from] psn\n|upkeep\n|\n|t:|1698952647\n|switch|p1a: Ditto|Ditto|100\/100\n|-damage|p1a: Ditto|88\/100|[from] Stealth Rock\n|-transform|p1a: Ditto|p2a: Kangaskhan|[from] ability: Imposter\n|turn|19\n|inactive|XDpokemons has 60 seconds left.\n|\n|t:|1698952667\n|switch|p1a: Giratina|Giratina-Origin|52\/100\n|-damage|p1a: Giratina|40\/100|[from] Stealth Rock\n|move|p2a: Kangaskhan|Sucker Punch||[still]\n|-fail|p2a: Kangaskhan\n|\n|-damage|p2a: Kangaskhan|38\/100 tox|[from] psn\n|upkeep\n|turn|20\n|inactive|XDpokemons has 60 seconds left.\n|\n|t:|1698952679\n|switch|p2a: Arceus|Arceus-Fairy|100\/100\n|move|p1a: Giratina|Hone Claws|p1a: Giratina\n|-boost|p1a: Giratina|atk|1\n|-boost|p1a: Giratina|accuracy|1\n|\n|upkeep\n|turn|21\n|\n|t:|1698952687\n|-terastallize|p1a: Giratina|Fairy\n|move|p2a: Arceus|Judgment|p1a: Giratina\n|-damage|p1a: Giratina|5\/100\n|move|p1a: Giratina|Poltergeist|p2a: Arceus\n|-activate|p2a: Arceus|move: Poltergeist|Pixie Plate\n|-damage|p2a: Arceus|32\/100\n|\n|upkeep\n|turn|22\n|\n|t:|1698952696\n|switch|p2a: Kangaskhan|Kangaskhan-Mega, F|38\/100 tox\n|move|p1a: Giratina|Shadow Sneak|p2a: Kangaskhan\n|-immune|p2a: Kangaskhan\n|\n|-damage|p2a: Kangaskhan|32\/100 tox|[from] psn\n|upkeep\n|turn|23\n|\n|t:|1698952702\n|move|p2a: Kangaskhan|Power-Up Punch|p1a: Giratina\n|-resisted|p1a: Giratina\n|-crit|p1a: Giratina\n|-damage|p1a: Giratina|0 fnt\n|-boost|p2a: Kangaskhan|atk|1\n|faint|p1a: Giratina\n|-hitcount|p1: Giratina|1\n|\n|-damage|p2a: Kangaskhan|20\/100 tox|[from] psn\n|upkeep\n|\n|t:|1698952715\n|switch|p1a: Ditto|Ditto|88\/100\n|-damage|p1a: Ditto|76\/100|[from] Stealth Rock\n|-transform|p1a: Ditto|p2a: Kangaskhan|[from] ability: Imposter\n|turn|24\n|\n|t:|1698952731\n|move|p2a: Kangaskhan|Sucker Punch|p1a: Ditto\n|-damage|p1a: Ditto|34\/100\n|-damage|p1a: Ditto|24\/100\n|-hitcount|p1a: Ditto|2\n|move|p1a: Ditto|Return|p2a: Kangaskhan\n|-crit|p2a: Kangaskhan\n|-damage|p2a: Kangaskhan|0 fnt\n|faint|p2a: Kangaskhan\n|-hitcount|p2: Kangaskhan|1\n|\n|upkeep\n|\n|t:|1698952740\n|switch|p2a: Zamazenta|Zamazenta-Crowned|100\/100\n|-ability|p2a: Zamazenta|Dauntless Shield|boost\n|-boost|p2a: Zamazenta|def|1\n|turn|25\n|\n|t:|1698952747\n|switch|p1a: Kingambit|Kingambit, F|94\/100\n|-damage|p1a: Kingambit|88\/100|[from] Stealth Rock\n|-activate|p1a: Kingambit|ability: Supreme Overlord\n|-start|p1a: Kingambit|fallen4|[silent]\n|move|p2a: Zamazenta|Body Press|p1a: Kingambit\n|-supereffective|p1a: Kingambit\n|-damage|p1a: Kingambit|0 fnt\n|faint|p1a: Kingambit\n|-end|p1a: Kingambit|fallen4|[silent]\n|\n|upkeep\n|\n|t:|1698952756\n|switch|p1a: Ditto|Ditto|24\/100\n|-damage|p1a: Ditto|11\/100|[from] Stealth Rock\n|-transform|p1a: Ditto|p2a: Zamazenta|[from] ability: Imposter\n|-ability|p1a: Ditto|Dauntless Shield|boost\n|-boost|p1a: Ditto|def|1\n|turn|26\n|\n|t:|1698952776\n|move|p1a: Ditto|Body Press|p2a: Zamazenta\n|-supereffective|p2a: Zamazenta\n|-damage|p2a: Zamazenta|40\/100\n|move|p2a: Zamazenta|Body Press|p1a: Ditto\n|-supereffective|p1a: Ditto\n|-damage|p1a: Ditto|0 fnt\n|faint|p1a: Ditto\n|\n|win|Walter black 0000\n|raw|XDpokemons's rating: 1586 &rarr; <strong>1578<\/strong><br \/>(-8 for losing)\n|raw|Walter black 0000's rating: 1840 &rarr; <strong>1848<\/strong><br \/>(+8 for winning)\n|c|\u2606Walter black 0000|Gg\n|c|\u2606Walter black 0000|Copying others team won't work mate\n","uploadtime":1698952793,"views":19,"p1id":"xdpokemons","p2id":"walterblack0000","formatid":"gen9nationaldexubers","rating":1578,"private":0,"password":""}