{"id":"gen9nationaldexubers-1998360122","p1":"Fueghost","p2":"g0dpain","format":"[Gen 9] National Dex Ubers","log":"|j|\u2606Fueghost\n|j|\u2606g0dpain\n|t:|1700933632\n|gametype|singles\n|player|p1|Fueghost|1|\n|player|p2|g0dpain|1|\n|teamsize|p1|6\n|teamsize|p2|6\n|gen|9\n|tier|[Gen 9] National Dex Ubers\n|rule|HP Percentage Mod: HP is shown in percentages\n|rule|Endless Battle Clause: Forcing endless battles is banned\n|rule|OHKO Clause: OHKO moves are banned\n|rule|Evasion Moves Clause: Evasion moves are banned\n|rule|Evasion Items Clause: Evasion items are banned\n|rule|Species Clause: Limit one of each Pok\u00e9mon\n|rule|Sleep Clause Mod: Limit one foe put to sleep\n|rule|Mega Rayquaza Clause: You cannot mega evolve Rayquaza\n|clearpoke\n|poke|p1|Torkoal, F|\n|poke|p1|Mandibuzz, F|\n|poke|p1|Venusaur, M|\n|poke|p1|Hatterene, F|\n|poke|p1|Darmanitan, F|\n|poke|p1|Chansey, F|\n|poke|p2|Ferrothorn, M|\n|poke|p2|Rotom-Wash|\n|poke|p2|Tyranitar, F|\n|poke|p2|Excadrill, F|\n|poke|p2|Clefable, M|\n|poke|p2|Dragapult, F|\n|teampreview\n|inactive|Battle timer is ON: inactive players will automatically lose when time's up. (requested by g0dpain)\n|\n|t:|1700933652\n|start\n|switch|p1a: Torkoal|Torkoal, F|100\/100\n|switch|p2a: Rotom|Rotom-Wash|100\/100\n|-weather|SunnyDay|[from] ability: Drought|[of] p1a: Torkoal\n|turn|1\n|\n|t:|1700933665\n|move|p2a: Rotom|Hydro Pump|p1a: Torkoal\n|-supereffective|p1a: Torkoal\n|-damage|p1a: Torkoal|46\/100\n|move|p1a: Torkoal|Stealth Rock|p2a: Rotom\n|-sidestart|p2: g0dpain|move: Stealth Rock\n|\n|-weather|SunnyDay|[upkeep]\n|upkeep\n|turn|2\n|\n|t:|1700933673\n|switch|p1a: Venusaur|Venusaur, M|100\/100\n|move|p2a: Rotom|Toxic|p1a: Venusaur\n|-immune|p1a: Venusaur\n|\n|-weather|SunnyDay|[upkeep]\n|upkeep\n|turn|3\n|\n|t:|1700933680\n|move|p1a: Venusaur|Growth|p1a: Venusaur\n|-boost|p1a: Venusaur|atk|2\n|-boost|p1a: Venusaur|spa|2\n|move|p2a: Rotom|Volt Switch|p1a: Venusaur\n|-resisted|p1a: Venusaur\n|-damage|p1a: Venusaur|86\/100\n|\n|t:|1700933688\n|switch|p2a: Tyranitar|Tyranitar, F|100\/100|[from] Volt Switch\n|-damage|p2a: Tyranitar|88\/100|[from] Stealth Rock\n|-weather|Sandstorm|[from] ability: Sand Stream|[of] p2a: Tyranitar\n|\n|-weather|Sandstorm|[upkeep]\n|-damage|p1a: Venusaur|80\/100|[from] Sandstorm\n|upkeep\n|turn|4\n|inactive|g0dpain has 270 seconds left.\n|\n|t:|1700933722\n|switch|p2a: Clefable|Clefable, M|100\/100\n|move|p1a: Venusaur|Giga Drain|p2a: Clefable\n|-damage|p2a: Clefable|12\/100\n|-heal|p1a: Venusaur|100\/100|[from] drain|[of] p2a: Clefable\n|-damage|p1a: Venusaur|91\/100|[from] item: Life Orb\n|\n|-weather|Sandstorm|[upkeep]\n|-damage|p1a: Venusaur|85\/100|[from] Sandstorm\n|upkeep\n|turn|5\n|\n|t:|1700933735\n|move|p1a: Venusaur|Weather Ball|p2a: Clefable\n|-damage|p2a: Clefable|0 fnt\n|faint|p2a: Clefable\n|-damage|p1a: Venusaur|75\/100|[from] item: Life Orb\n|\n|-weather|Sandstorm|[upkeep]\n|-damage|p1a: Venusaur|69\/100|[from] Sandstorm\n|upkeep\n|\n|t:|1700933745\n|switch|p2a: Dragapult|Dragapult, F|100\/100\n|-damage|p2a: Dragapult|88\/100|[from] Stealth Rock\n|turn|6\n|\n|t:|1700933753\n|switch|p1a: Chansey|Chansey, F|100\/100\n|move|p2a: Dragapult|U-turn|p1a: Chansey\n|-damage|p1a: Chansey|90\/100\n|\n|t:|1700933765\n|switch|p2a: Excadrill|Excadrill, F|100\/100|[from] U-turn\n|-damage|p2a: Excadrill|97\/100|[from] Stealth Rock\n|\n|-weather|Sandstorm|[upkeep]\n|-damage|p1a: Chansey|84\/100|[from] Sandstorm\n|-heal|p2a: Excadrill|100\/100|[from] item: Leftovers\n|upkeep\n|turn|7\n|\n|t:|1700933776\n|switch|p1a: Mandibuzz|Mandibuzz, F|100\/100\n|move|p2a: Excadrill|Swords Dance|p2a: Excadrill\n|-boost|p2a: Excadrill|atk|2\n|\n|-weather|none\n|upkeep\n|turn|8\n|\n|t:|1700933787\n|move|p2a: Excadrill|Iron Head|p1a: Mandibuzz\n|-damage|p1a: Mandibuzz|47\/100\n|cant|p1a: Mandibuzz|flinch\n|\n|upkeep\n|turn|9\n|\n|t:|1700933795\n|move|p2a: Excadrill|Iron Head|p1a: Mandibuzz\n|-damage|p1a: Mandibuzz|0 fnt\n|faint|p1a: Mandibuzz\n|\n|upkeep\n|\n|t:|1700933799\n|switch|p1a: Darmanitan|Darmanitan, F|100\/100\n|turn|10\n|\n|t:|1700933806\n|switch|p2a: Tyranitar|Tyranitar, F|88\/100\n|-damage|p2a: Tyranitar|76\/100|[from] Stealth Rock\n|-weather|Sandstorm|[from] ability: Sand Stream|[of] p2a: Tyranitar\n|move|p1a: Darmanitan|Flare Blitz|p2a: Tyranitar\n|-resisted|p2a: Tyranitar\n|-damage|p2a: Tyranitar|34\/100\n|-damage|p1a: Darmanitan|87\/100|[from] Recoil\n|\n|-weather|Sandstorm|[upkeep]\n|-damage|p1a: Darmanitan|81\/100|[from] Sandstorm\n|upkeep\n|turn|11\n|\n|t:|1700933817\n|switch|p2a: Ferrothorn|Ferrothorn, M|100\/100\n|-damage|p2a: Ferrothorn|94\/100|[from] Stealth Rock\n|move|p1a: Darmanitan|Flare Blitz|p2a: Ferrothorn\n|-supereffective|p2a: Ferrothorn\n|-damage|p2a: Ferrothorn|0 fnt\n|-damage|p1a: Darmanitan|68\/100|[from] ability: Iron Barbs|[of] p2a: Ferrothorn\n|faint|p2a: Ferrothorn\n|-damage|p1a: Darmanitan|37\/100|[from] Recoil\n|\n|-weather|Sandstorm|[upkeep]\n|-damage|p1a: Darmanitan|31\/100|[from] Sandstorm\n|upkeep\n|\n|t:|1700933824\n|switch|p2a: Rotom|Rotom-Wash|100\/100\n|-damage|p2a: Rotom|88\/100|[from] Stealth Rock\n|turn|12\n|\n|t:|1700933832\n|switch|p1a: Chansey|Chansey, F|84\/100\n|move|p2a: Rotom|Toxic|p1a: Chansey\n|-status|p1a: Chansey|tox\n|\n|-weather|Sandstorm|[upkeep]\n|-damage|p2a: Rotom|82\/100|[from] Sandstorm\n|-damage|p1a: Chansey|78\/100 tox|[from] Sandstorm\n|-heal|p2a: Rotom|88\/100|[from] item: Leftovers\n|-damage|p1a: Chansey|71\/100 tox|[from] psn\n|upkeep\n|turn|13\n|\n|t:|1700933843\n|move|p2a: Rotom|Volt Switch|p1a: Chansey\n|-damage|p1a: Chansey|64\/100 tox\n|\n|t:|1700933846\n|switch|p2a: Tyranitar|Tyranitar, F|34\/100|[from] Volt Switch\n|-damage|p2a: Tyranitar|21\/100|[from] Stealth Rock\n|move|p1a: Chansey|Teleport|p1a: Chansey\n|\n|t:|1700933852\n|-curestatus|p1a: Chansey|tox|[from] ability: Natural Cure\n|switch|p1a: Torkoal|Torkoal, F|46\/100|[from] Teleport\n|-weather|SunnyDay|[from] ability: Drought|[of] p1a: Torkoal\n|\n|-weather|SunnyDay|[upkeep]\n|upkeep\n|turn|14\n|\n|t:|1700933866\n|move|p2a: Tyranitar|Heavy Slam|p1a: Torkoal\n|-resisted|p1a: Torkoal\n|-damage|p1a: Torkoal|36\/100\n|move|p1a: Torkoal|Lava Plume|p2a: Tyranitar\n|-resisted|p2a: Tyranitar\n|-damage|p2a: Tyranitar|2\/100\n|\n|-weather|SunnyDay|[upkeep]\n|upkeep\n|turn|15\n|\n|t:|1700933875\n|switch|p2a: Rotom|Rotom-Wash|88\/100\n|-damage|p2a: Rotom|75\/100|[from] Stealth Rock\n|move|p1a: Torkoal|Lava Plume|p2a: Rotom\n|-resisted|p2a: Rotom\n|-damage|p2a: Rotom|56\/100\n|\n|-weather|SunnyDay|[upkeep]\n|-heal|p2a: Rotom|62\/100|[from] item: Leftovers\n|upkeep\n|turn|16\n|\n|t:|1700933885\n|switch|p1a: Chansey|Chansey, F|64\/100\n|move|p2a: Rotom|Hydro Pump|p1a: Chansey\n|-damage|p1a: Chansey|58\/100\n|\n|-weather|SunnyDay|[upkeep]\n|-heal|p2a: Rotom|68\/100|[from] item: Leftovers\n|upkeep\n|turn|17\n|\n|t:|1700933894\n|move|p2a: Rotom|Volt Switch|p1a: Chansey\n|-damage|p1a: Chansey|50\/100\n|\n|t:|1700933899\n|switch|p2a: Excadrill|Excadrill, F|100\/100|[from] Volt Switch\n|-damage|p2a: Excadrill|97\/100|[from] Stealth Rock\n|move|p1a: Chansey|Teleport|p1a: Chansey\n|\n|t:|1700933907\n|switch|p1a: Venusaur|Venusaur, M|69\/100|[from] Teleport\n|\n|-weather|SunnyDay|[upkeep]\n|-heal|p2a: Excadrill|100\/100|[from] item: Leftovers\n|upkeep\n|turn|18\n|\n|t:|1700933913\n|switch|p2a: Tyranitar|Tyranitar, F|2\/100\n|-damage|p2a: Tyranitar|0 fnt|[from] Stealth Rock\n|faint|p2a: Tyranitar\n|move|p1a: Venusaur|Weather Ball|p2: Tyranitar|[notarget]\n|-fail|p1a: Venusaur\n|\n|-weather|SunnyDay|[upkeep]\n|upkeep\n|\n|t:|1700933921\n|switch|p2a: Dragapult|Dragapult, F|88\/100\n|-damage|p2a: Dragapult|76\/100|[from] Stealth Rock\n|turn|19\n|\n|t:|1700933928\n|move|p1a: Venusaur|Sludge Bomb|p2a: Dragapult\n|-resisted|p2a: Dragapult\n|-damage|p2a: Dragapult|35\/100\n|-damage|p1a: Venusaur|59\/100|[from] item: Life Orb\n|move|p2a: Dragapult|Flamethrower|p1a: Venusaur\n|-supereffective|p1a: Venusaur\n|-damage|p1a: Venusaur|0 fnt\n|faint|p1a: Venusaur\n|\n|-weather|SunnyDay|[upkeep]\n|upkeep\n|\n|t:|1700933941\n|switch|p1a: Hatterene|Hatterene, F|100\/100\n|turn|20\n|\n|t:|1700933954\n|switch|p2a: Excadrill|Excadrill, F|100\/100\n|-damage|p2a: Excadrill|97\/100|[from] Stealth Rock\n|move|p1a: Hatterene|Draining Kiss|p2a: Excadrill\n|-resisted|p2a: Excadrill\n|-damage|p2a: Excadrill|82\/100\n|\n|-weather|none\n|-heal|p2a: Excadrill|88\/100|[from] item: Leftovers\n|upkeep\n|turn|21\n|\n|t:|1700933963\n|move|p2a: Excadrill|Iron Head|p1a: Hatterene\n|-supereffective|p1a: Hatterene\n|-damage|p1a: Hatterene|21\/100\n|cant|p1a: Hatterene|flinch\n|\n|-heal|p2a: Excadrill|94\/100|[from] item: Leftovers\n|-heal|p1a: Hatterene|27\/100|[from] item: Leftovers\n|upkeep\n|turn|22\n|\n|t:|1700933971\n|move|p2a: Excadrill|Rapid Spin|p1a: Hatterene\n|-damage|p1a: Hatterene|12\/100\n|-boost|p2a: Excadrill|spe|1\n|-sideend|p2: g0dpain|Stealth Rock|[from] move: Rapid Spin|[of] p2a: Excadrill\n|move|p1a: Hatterene|Mystical Fire|p2a: Excadrill\n|-supereffective|p2a: Excadrill\n|-damage|p2a: Excadrill|31\/100\n|-unboost|p2a: Excadrill|spa|1\n|\n|-heal|p2a: Excadrill|37\/100|[from] item: Leftovers\n|-heal|p1a: Hatterene|17\/100|[from] item: Leftovers\n|upkeep\n|turn|23\n|\n|t:|1700933983\n|move|p2a: Excadrill|Iron Head|p1a: Hatterene\n|-supereffective|p1a: Hatterene\n|-damage|p1a: Hatterene|0 fnt\n|faint|p1a: Hatterene\n|\n|-heal|p2a: Excadrill|43\/100|[from] item: Leftovers\n|upkeep\n|\n|t:|1700933992\n|switch|p1a: Darmanitan|Darmanitan, F|31\/100\n|turn|24\n|\n|t:|1700933998\n|move|p1a: Darmanitan|Flare Blitz|p2a: Excadrill\n|-supereffective|p2a: Excadrill\n|-damage|p2a: Excadrill|0 fnt\n|faint|p2a: Excadrill\n|-damage|p1a: Darmanitan|16\/100|[from] Recoil\n|\n|upkeep\n|\n|t:|1700934001\n|switch|p2a: Rotom|Rotom-Wash|68\/100\n|turn|25\n|\n|t:|1700934007\n|switch|p1a: Torkoal|Torkoal, F|36\/100\n|-weather|SunnyDay|[from] ability: Drought|[of] p1a: Torkoal\n|move|p2a: Rotom|Volt Switch|p1a: Torkoal\n|-damage|p1a: Torkoal|5\/100\n|\n|t:|1700934014\n|switch|p2a: Dragapult|Dragapult, F|35\/100|[from] Volt Switch\n|\n|-weather|SunnyDay|[upkeep]\n|upkeep\n|turn|26\n|\n|t:|1700934022\n|move|p2a: Dragapult|Draco Meteor|p1a: Torkoal\n|-damage|p1a: Torkoal|0 fnt\n|-unboost|p2a: Dragapult|spa|2\n|faint|p1a: Torkoal\n|\n|-weather|SunnyDay|[upkeep]\n|upkeep\n|\n|t:|1700934027\n|switch|p1a: Chansey|Chansey, F|50\/100\n|turn|27\n|\n|t:|1700934031\n|switch|p2a: Rotom|Rotom-Wash|68\/100\n|move|p1a: Chansey|Soft-Boiled|p1a: Chansey\n|-heal|p1a: Chansey|99\/100\n|\n|-weather|SunnyDay|[upkeep]\n|-heal|p2a: Rotom|75\/100|[from] item: Leftovers\n|upkeep\n|turn|28\n|\n|t:|1700934038\n|move|p2a: Rotom|Hydro Pump|p1a: Chansey\n|-damage|p1a: Chansey|93\/100\n|move|p1a: Chansey|Toxic|p2a: Rotom\n|-status|p2a: Rotom|tox\n|\n|-weather|SunnyDay|[upkeep]\n|-heal|p2a: Rotom|81\/100 tox|[from] item: Leftovers\n|-damage|p2a: Rotom|75\/100 tox|[from] psn\n|upkeep\n|turn|29\n|\n|t:|1700934047\n|move|p2a: Rotom|Toxic|p1a: Chansey\n|-status|p1a: Chansey|tox\n|move|p1a: Chansey|Seismic Toss|p2a: Rotom\n|-damage|p2a: Rotom|42\/100 tox\n|\n|-weather|SunnyDay|[upkeep]\n|-heal|p2a: Rotom|48\/100 tox|[from] item: Leftovers\n|-damage|p2a: Rotom|35\/100 tox|[from] psn\n|-damage|p1a: Chansey|87\/100 tox|[from] psn\n|upkeep\n|turn|30\n|\n|t:|1700934055\n|move|p2a: Rotom|Pain Split|p1a: Chansey\n|-sethp|p1a: Chansey|51\/100 tox|[from] move: Pain Split|[silent]\n|-sethp|p2a: Rotom|100\/100 tox|[from] move: Pain Split\n|move|p1a: Chansey|Seismic Toss|p2a: Rotom\n|-damage|p2a: Rotom|68\/100 tox\n|\n|-weather|SunnyDay|[upkeep]\n|-heal|p2a: Rotom|74\/100 tox|[from] item: Leftovers\n|-damage|p2a: Rotom|55\/100 tox|[from] psn\n|-damage|p1a: Chansey|39\/100 tox|[from] psn\n|upkeep\n|turn|31\n|\n|t:|1700934067\n|move|p2a: Rotom|Volt Switch|p1a: Chansey\n|-damage|p1a: Chansey|31\/100 tox\n|\n|t:|1700934071\n|switch|p2a: Dragapult|Dragapult, F|35\/100|[from] Volt Switch\n|move|p1a: Chansey|Soft-Boiled|p1a: Chansey\n|-heal|p1a: Chansey|81\/100 tox\n|\n|-weather|SunnyDay|[upkeep]\n|-damage|p1a: Chansey|62\/100 tox|[from] psn\n|upkeep\n|turn|32\n|\n|t:|1700934084\n|move|p2a: Dragapult|Draco Meteor|p1a: Chansey|[miss]\n|-miss|p2a: Dragapult|p1a: Chansey\n|move|p1a: Chansey|Toxic|p2a: Dragapult\n|-status|p2a: Dragapult|tox\n|\n|-weather|none\n|-damage|p2a: Dragapult|29\/100 tox|[from] psn\n|-damage|p1a: Chansey|37\/100 tox|[from] psn\n|upkeep\n|turn|33\n|\n|t:|1700934093\n|move|p2a: Dragapult|Draco Meteor|p1a: Chansey\n|-damage|p1a: Chansey|7\/100 tox\n|-unboost|p2a: Dragapult|spa|2\n|move|p1a: Chansey|Teleport|p1a: Chansey\n|\n|t:|1700934098\n|-curestatus|p1a: Chansey|tox|[from] ability: Natural Cure\n|switch|p1a: Darmanitan|Darmanitan, F|16\/100|[from] Teleport\n|\n|-damage|p2a: Dragapult|17\/100 tox|[from] psn\n|upkeep\n|turn|34\n|\n|t:|1700934106\n|move|p1a: Darmanitan|Flare Blitz|p2a: Dragapult\n|-resisted|p2a: Dragapult\n|-damage|p2a: Dragapult|0 fnt\n|faint|p2a: Dragapult\n|-damage|p1a: Darmanitan|12\/100|[from] Recoil\n|\n|upkeep\n|\n|t:|1700934109\n|switch|p2a: Rotom|Rotom-Wash|55\/100 tox\n|turn|35\n|\n|t:|1700934115\n|switch|p1a: Chansey|Chansey, F|7\/100\n|move|p2a: Rotom|Pain Split|p1a: Chansey\n|-sethp|p1a: Chansey|15\/100|[from] move: Pain Split|[silent]\n|-sethp|p2a: Rotom|35\/100 tox|[from] move: Pain Split\n|\n|-heal|p2a: Rotom|41\/100 tox|[from] item: Leftovers\n|-damage|p2a: Rotom|35\/100 tox|[from] psn\n|upkeep\n|turn|36\n|\n|t:|1700934125\n|move|p2a: Rotom|Toxic|p1a: Chansey\n|-status|p1a: Chansey|tox\n|move|p1a: Chansey|Seismic Toss|p2a: Rotom\n|-damage|p2a: Rotom|2\/100 tox\n|\n|-heal|p2a: Rotom|8\/100 tox|[from] item: Leftovers\n|-damage|p2a: Rotom|0 fnt|[from] psn\n|faint|p2a: Rotom\n|\n|win|Fueghost\n|upkeep\n","uploadtime":1700934136,"views":10,"p1id":"fueghost","p2id":"g0dpain","formatid":"gen9nationaldexubers","rating":0,"private":0,"password":""}