{"id":"gen9nationaldexubers-1994517687","p1":"Ccastillo0201","p2":"JackTheWaffleMan","format":"[Gen 9] National Dex Ubers","log":"|j|\u2606Ccastillo0201\n|j|\u2606JackTheWaffleMan\n|t:|1700453519\n|gametype|singles\n|player|p1|Ccastillo0201|170|\n|player|p2|JackTheWaffleMan|firebreather|\n|teamsize|p1|6\n|teamsize|p2|6\n|gen|9\n|tier|[Gen 9] National Dex Ubers\n|rule|HP Percentage Mod: HP is shown in percentages\n|rule|Endless Battle Clause: Forcing endless battles is banned\n|rule|OHKO Clause: OHKO moves are banned\n|rule|Evasion Moves Clause: Evasion moves are banned\n|rule|Evasion Items Clause: Evasion items are banned\n|rule|Species Clause: Limit one of each Pok\u00e9mon\n|rule|Sleep Clause Mod: Limit one foe put to sleep\n|rule|Mega Rayquaza Clause: You cannot mega evolve Rayquaza\n|clearpoke\n|poke|p1|Garchomp, M|\n|poke|p1|Mew|\n|poke|p1|Greninja-*, M|\n|poke|p1|Tornadus-Therian, M|\n|poke|p1|Magnezone|\n|poke|p1|Diancie|\n|poke|p2|Roaring Moon|\n|poke|p2|Melmetal|\n|poke|p2|Gyarados, M|\n|poke|p2|Victini|\n|poke|p2|Charizard, M|\n|poke|p2|Annihilape, F|\n|teampreview\n|\n|t:|1700453563\n|start\n|switch|p1a: Tornadus|Tornadus-Therian, M|100\/100\n|switch|p2a: Victini|Victini|100\/100\n|turn|1\n|c|\u2606JackTheWaffleMan|!weaknesses tornadus\n|c| JackTheWaffleMan|\/raw <div class=\"infobox\">Tornadus (ignoring abilities):<br \/><span class=\"message-effect-weak\">Weaknesses<\/span>: Electric, Ice, Rock<br \/><span class=\"message-effect-resist\">Resistances<\/span>: Bug, Fighting, Grass<br \/><span class=\"message-effect-immune\">Immunities<\/span>: Ground<\/div>\n|\n|t:|1700453630\n|move|p2a: Victini|Bolt Strike|p1a: Tornadus\n|-supereffective|p1a: Tornadus\n|-damage|p1a: Tornadus|0 fnt\n|faint|p1a: Tornadus\n|\n|upkeep\n|\n|t:|1700453635\n|switch|p1a: Greninja|Greninja, M|100\/100\n|turn|2\n|\n|t:|1700453641\n|move|p2a: Victini|Bolt Strike|p1a: Greninja\n|-supereffective|p1a: Greninja\n|-damage|p1a: Greninja|0 fnt\n|faint|p1a: Greninja\n|\n|upkeep\n|\n|t:|1700453647\n|switch|p1a: Garchomp|Garchomp, M|100\/100\n|turn|3\n|\n|t:|1700453673\n|switch|p2a: Gyarados|Gyarados, M|100\/100\n|-ability|p2a: Gyarados|Intimidate|boost\n|-unboost|p1a: Garchomp|atk|1\n|move|p1a: Garchomp|Aqua Tail|p2a: Gyarados\n|-resisted|p2a: Gyarados\n|-damage|p2a: Gyarados|82\/100\n|-damage|p1a: Garchomp|91\/100|[from] item: Life Orb\n|\n|upkeep\n|turn|4\n|\n|t:|1700453691\n|switch|p1a: Magnezone|Magnezone|100\/100\n|move|p2a: Gyarados|Waterfall|p1a: Magnezone\n|-damage|p1a: Magnezone|48\/100\n|-damage|p2a: Gyarados|72\/100|[from] item: Life Orb\n|\n|upkeep\n|turn|5\n|\n|t:|1700453700\n|move|p2a: Gyarados|Protect|p2a: Gyarados\n|-singleturn|p2a: Gyarados|Protect\n|move|p1a: Magnezone|Thunderbolt|p2a: Gyarados\n|-activate|p2a: Gyarados|move: Protect\n|\n|upkeep\n|turn|6\n|\n|t:|1700453718\n|switch|p2a: Melmetal|Melmetal|100\/100\n|move|p1a: Magnezone|Thunderbolt|p2a: Melmetal\n|-damage|p2a: Melmetal|55\/100\n|\n|upkeep\n|turn|7\n|\n|t:|1700453738\n|move|p1a: Magnezone|Thunderbolt|p2a: Melmetal\n|-damage|p2a: Melmetal|9\/100\n|move|p2a: Melmetal|Earthquake|p1a: Magnezone\n|-supereffective|p1a: Magnezone\n|-damage|p1a: Magnezone|0 fnt\n|faint|p1a: Magnezone\n|\n|upkeep\n|\n|t:|1700453748\n|switch|p1a: Diancie|Diancie|100\/100\n|turn|8\n|\n|t:|1700453801\n|switch|p2a: Gyarados|Gyarados, M|72\/100\n|-ability|p2a: Gyarados|Intimidate|boost\n|-fail|p1a: Diancie|unboost|[from] ability: Clear Body|[of] p1a: Diancie\n|move|p1a: Diancie|Moonblast|p2a: Gyarados\n|-damage|p2a: Gyarados|29\/100\n|\n|upkeep\n|turn|9\n|\n|t:|1700453830\n|move|p2a: Gyarados|Waterfall|p1a: Diancie\n|-supereffective|p1a: Diancie\n|-damage|p1a: Diancie|3\/100\n|-damage|p2a: Gyarados|19\/100|[from] item: Life Orb\n|move|p1a: Diancie|Moonblast|p2a: Gyarados\n|-damage|p2a: Gyarados|0 fnt\n|faint|p2a: Gyarados\n|\n|upkeep\n|\n|t:|1700453845\n|switch|p2a: Annihilape|Annihilape, F|100\/100\n|turn|10\n|\n|t:|1700453872\n|move|p2a: Annihilape|Drain Punch|p1a: Diancie\n|-damage|p1a: Diancie|0 fnt\n|faint|p1a: Diancie\n|\n|upkeep\n|\n|t:|1700453877\n|switch|p1a: Mew|Mew|100\/100\n|turn|11\n|\n|t:|1700453946\n|switch|p2a: Roaring Moon|Roaring Moon|100\/100\n|-enditem|p2a: Roaring Moon|Booster Energy\n|-activate|p2a: Roaring Moon|ability: Protosynthesis|[fromitem]\n|-start|p2a: Roaring Moon|protosynthesisatk\n|move|p1a: Mew|Play Rough|p2a: Roaring Moon\n|-supereffective|p2a: Roaring Moon\n|-damage|p2a: Roaring Moon|1\/100\n|-unboost|p2a: Roaring Moon|atk|1\n|\n|upkeep\n|turn|12\n|\n|t:|1700453959\n|move|p2a: Roaring Moon|Acrobatics|p1a: Mew\n|-damage|p1a: Mew|69\/100\n|move|p1a: Mew|Play Rough|p2a: Roaring Moon|[miss]\n|-miss|p1a: Mew|p2a: Roaring Moon\n|\n|upkeep\n|turn|13\n|\n|t:|1700453980\n|move|p2a: Roaring Moon|Knock Off|p1a: Mew\n|-supereffective|p1a: Mew\n|-damage|p1a: Mew|17\/100\n|move|p1a: Mew|Psychic|p2a: Roaring Moon\n|-immune|p2a: Roaring Moon\n|\n|upkeep\n|turn|14\n|\n|t:|1700453998\n|move|p2a: Roaring Moon|U-turn|p1a: Mew\n|-supereffective|p1a: Mew\n|-damage|p1a: Mew|0 fnt\n|faint|p1a: Mew\n|\n|t:|1700454003\n|-end|p2a: Roaring Moon|Protosynthesis|[silent]\n|switch|p2a: Annihilape|Annihilape, F|100\/100|[from] U-turn\n|\n|upkeep\n|\n|t:|1700454006\n|switch|p1a: Garchomp|Garchomp, M|91\/100\n|turn|15\n|\n|t:|1700454041\n|move|p1a: Garchomp|Dragon Claw|p2a: Annihilape\n|-damage|p2a: Annihilape|43\/100\n|-damage|p1a: Garchomp|81\/100|[from] item: Life Orb\n|move|p2a: Annihilape|Drain Punch|p1a: Garchomp\n|-damage|p1a: Garchomp|38\/100\n|-heal|p2a: Annihilape|61\/100|[from] drain|[of] p1a: Garchomp\n|-damage|p2a: Annihilape|49\/100|[from] ability: Rough Skin|[of] p1a: Garchomp\n|\n|-heal|p2a: Annihilape|55\/100|[from] item: Leftovers\n|upkeep\n|turn|16\n|\n|t:|1700454062\n|move|p1a: Garchomp|Dragon Claw|p2a: Annihilape\n|-damage|p2a: Annihilape|5\/100\n|-damage|p1a: Garchomp|28\/100|[from] item: Life Orb\n|move|p2a: Annihilape|Rage Fist|p1a: Garchomp\n|-damage|p1a: Garchomp|0 fnt\n|-damage|p2a: Annihilape|0 fnt|[from] ability: Rough Skin|[of] p1a: Garchomp\n|faint|p1a: Garchomp\n|faint|p2a: Annihilape\n|\n|win|JackTheWaffleMan\n|l|\u2606Ccastillo0201\n|l|\u2606JackTheWaffleMan\n","uploadtime":1700454662,"views":10,"p1id":"ccastillo0201","p2id":"jackthewaffleman","formatid":"gen9nationaldexubers","rating":0,"private":0,"password":""}