{"id":"gen9nationaldexubers-1984518734","p1":"LelouchZr","p2":"85792195wwww","format":"[Gen 9] National Dex Ubers","log":"|j|\u2606LelouchZr\n|j|\u260685792195wwww\n|t:|1699275382\n|gametype|singles\n|player|p1|LelouchZr|n|1614\n|player|p2|85792195wwww|mira|1842\n|teamsize|p1|6\n|teamsize|p2|6\n|gen|9\n|tier|[Gen 9] National Dex Ubers\n|rated|\n|rule|HP Percentage Mod: HP is shown in percentages\n|rule|Endless Battle Clause: Forcing endless battles is banned\n|rule|OHKO Clause: OHKO moves are banned\n|rule|Evasion Moves Clause: Evasion moves are banned\n|rule|Evasion Items Clause: Evasion items are banned\n|rule|Species Clause: Limit one of each Pok\u00e9mon\n|rule|Sleep Clause Mod: Limit one foe put to sleep\n|rule|Mega Rayquaza Clause: You cannot mega evolve Rayquaza\n|clearpoke\n|poke|p1|Necrozma-Dusk-Mane|\n|poke|p1|Ho-Oh|\n|poke|p1|Marshadow|\n|poke|p1|Yveltal|\n|poke|p1|Zygarde|\n|poke|p1|Kyogre|\n|poke|p2|Arceus|\n|poke|p2|Xerneas-*|\n|poke|p2|Groudon|\n|poke|p2|Zacian-*|\n|poke|p2|Krookodile, M|\n|poke|p2|Yveltal|\n|teampreview\n|inactive|Battle timer is ON: inactive players will automatically lose when time's up. (requested by LelouchZr)\n|\n|t:|1699275388\n|start\n|switch|p1a: Kyogre|Kyogre|100\/100\n|switch|p2a: Krookodile|Krookodile, M|100\/100\n|-ability|p2a: Krookodile|Intimidate|boost\n|-unboost|p1a: Kyogre|atk|1\n|detailschange|p1a: Kyogre|Kyogre-Primal\n|-primal|p1a: Kyogre|Blue Orb\n|-weather|PrimordialSea|[from] ability: Primordial Sea|[of] p1a: Kyogre\n|turn|1\n|\n|t:|1699275400\n|switch|p2a: Groudon|Groudon|100\/100\n|detailschange|p2a: Groudon|Groudon-Primal\n|-primal|p2a: Groudon|Red Orb\n|-weather|DesolateLand|[from] ability: Desolate Land|[of] p2a: Groudon\n|move|p1a: Kyogre|Ice Beam|p2a: Groudon\n|-damage|p2a: Groudon|57\/100\n|\n|-weather|DesolateLand|[upkeep]\n|upkeep\n|turn|2\n|j| Incredible Gassy\n|\n|t:|1699275410\n|-weather|none\n|switch|p2a: Krookodile|Krookodile, M|100\/100\n|-ability|p2a: Krookodile|Intimidate|boost\n|-unboost|p1a: Kyogre|atk|1\n|move|p1a: Kyogre|Ice Beam|p2a: Krookodile\n|-supereffective|p2a: Krookodile\n|-enditem|p2a: Krookodile|Focus Sash\n|-damage|p2a: Krookodile|1\/100\n|\n|upkeep\n|turn|3\n|\n|t:|1699275421\n|move|p2a: Krookodile|Stealth Rock|p1a: Kyogre\n|-sidestart|p1: LelouchZr|move: Stealth Rock\n|move|p1a: Kyogre|Ice Beam|p2a: Krookodile\n|-supereffective|p2a: Krookodile\n|-damage|p2a: Krookodile|0 fnt\n|faint|p2a: Krookodile\n|\n|upkeep\n|\n|t:|1699275432\n|switch|p2a: Zacian|Zacian-Crowned|100\/100\n|-ability|p2a: Zacian|Intrepid Sword|boost\n|-boost|p2a: Zacian|atk|1\n|turn|4\n|\n|t:|1699275437\n|move|p2a: Zacian|Swords Dance|p2a: Zacian\n|-boost|p2a: Zacian|atk|2\n|move|p1a: Kyogre|Scald|p2a: Zacian\n|-damage|p2a: Zacian|47\/100\n|\n|upkeep\n|turn|5\n|\n|t:|1699275445\n|move|p2a: Zacian|Wild Charge|p1a: Kyogre\n|-supereffective|p1a: Kyogre\n|-damage|p1a: Kyogre|0 fnt\n|faint|p1a: Kyogre\n|-damage|p2a: Zacian|16\/100|[from] Recoil\n|\n|upkeep\n|\n|t:|1699275460\n|switch|p1a: Marshadow|Marshadow|100\/100\n|-damage|p1a: Marshadow|94\/100|[from] Stealth Rock\n|turn|6\n|\n|t:|1699275466\n|move|p1a: Marshadow|Shadow Sneak|p2a: Zacian\n|-damage|p2a: Zacian|0 fnt\n|faint|p2a: Zacian\n|\n|upkeep\n|\n|t:|1699275481\n|switch|p2a: Xerneas|Xerneas|100\/100\n|-ability|p2a: Xerneas|Fairy Aura\n|turn|7\n|\n|t:|1699275486\n|switch|p1a: Ho-Oh|Ho-Oh|100\/100\n|move|p2a: Xerneas|Geomancy||[still]\n|-prepare|p2a: Xerneas|Geomancy\n|-enditem|p2a: Xerneas|Power Herb\n|-anim|p2a: Xerneas|Geomancy|p2a: Xerneas\n|-boost|p2a: Xerneas|spa|2\n|-boost|p2a: Xerneas|spd|2\n|-boost|p2a: Xerneas|spe|2\n|\n|upkeep\n|turn|8\n|\n|t:|1699275496\n|-terastallize|p1a: Ho-Oh|Fairy\n|move|p2a: Xerneas|Moonblast|p1a: Ho-Oh\n|-damage|p1a: Ho-Oh|17\/100\n|move|p1a: Ho-Oh|Defog|p2a: Xerneas\n|-unboost|p2a: Xerneas|evasion|1\n|-sideend|p1: LelouchZr|Stealth Rock|[from] move: Defog|[of] p1a: Ho-Oh\n|\n|upkeep\n|turn|9\n|\n|t:|1699275505\n|move|p2a: Xerneas|Moonblast|p1a: Ho-Oh\n|-crit|p1a: Ho-Oh\n|-damage|p1a: Ho-Oh|0 fnt\n|faint|p1a: Ho-Oh\n|\n|upkeep\n|\n|t:|1699275513\n|switch|p1a: Necrozma|Necrozma-Dusk-Mane|100\/100\n|turn|10\n|\n|t:|1699275519\n|-terastallize|p2a: Xerneas|Electric\n|move|p2a: Xerneas|Thunderbolt|p1a: Necrozma\n|-damage|p1a: Necrozma|10\/100\n|move|p1a: Necrozma|Sunsteel Strike|p2a: Xerneas\n|-resisted|p2a: Xerneas\n|-damage|p2a: Xerneas|77\/100\n|\n|upkeep\n|turn|11\n|\n|t:|1699275530\n|detailschange|p1a: Necrozma|Necrozma-Ultra\n|-burst|p1a: Necrozma|Necrozma|Ultranecrozium Z\n|move|p2a: Xerneas|Moonblast|p1a: Necrozma\n|-supereffective|p1a: Necrozma\n|-damage|p1a: Necrozma|0 fnt\n|faint|p1a: Necrozma\n|\n|upkeep\n|-message|LelouchZr forfeited.\n|\n|win|85792195wwww\n|raw|LelouchZr's rating: 1614 &rarr; <strong>1606<\/strong><br \/>(-8 for losing)\n|raw|85792195wwww's rating: 1842 &rarr; <strong>1850<\/strong><br \/>(+8 for winning)\n|l|\u2606LelouchZr\n|l| Incredible Gassy\n","uploadtime":1699275542,"views":6,"p1id":"lelouchzr","p2id":"85792195wwww","formatid":"gen9nationaldexubers","rating":1606,"private":0,"password":""}