{"id":"gen9nationaldexubers-1992352443","p1":"pokXD","p2":"dracomafon","format":"[Gen 9] National Dex Ubers","log":"|j|\u2606pokXD\n|j|\u2606dracomafon\n|t:|1700177751\n|gametype|singles\n|player|p1|pokXD|cynthia-gen7|1125\n|player|p2|dracomafon|benga|1150\n|teamsize|p1|6\n|teamsize|p2|6\n|gen|9\n|tier|[Gen 9] National Dex Ubers\n|rated|\n|rule|HP Percentage Mod: HP is shown in percentages\n|rule|Endless Battle Clause: Forcing endless battles is banned\n|rule|OHKO Clause: OHKO moves are banned\n|rule|Evasion Moves Clause: Evasion moves are banned\n|rule|Evasion Items Clause: Evasion items are banned\n|rule|Species Clause: Limit one of each Pok\u00e9mon\n|rule|Sleep Clause Mod: Limit one foe put to sleep\n|rule|Mega Rayquaza Clause: You cannot mega evolve Rayquaza\n|clearpoke\n|poke|p1|Deoxys-Attack|\n|poke|p1|Xerneas-*|\n|poke|p1|Garchomp, M|\n|poke|p1|Groudon|\n|poke|p1|Salamence, F|\n|poke|p1|Gengar, M|\n|poke|p2|Groudon|\n|poke|p2|Xerneas-*|\n|poke|p2|Kyogre|\n|poke|p2|Jirachi|\n|poke|p2|Blaziken, F|\n|poke|p2|Sneasler, F|\n|teampreview\n|c|\u2606dracomafon|hi!\n|c|\u2606dracomafon|I COME IN SNEASLER\n|c|\u2606dracomafon|glhf\n|\n|t:|1700177779\n|start\n|switch|p1a: Slurrrpp|Gengar, M|100\/100\n|switch|p2a: good lord why|Sneasler, F|100\/100\n|turn|1\n|c|\u2606dracomafon|naw dat name\n|\n|t:|1700177798\n|move|p2a: good lord why|Lash Out|p1a: Slurrrpp\n|-supereffective|p1a: Slurrrpp\n|-damage|p1a: Slurrrpp|0 fnt\n|faint|p1a: Slurrrpp\n|\n|upkeep\n|\n|t:|1700177809\n|switch|p1a: Fraudchomp|Garchomp, M, shiny|100\/100\n|turn|2\n|c|\u2606dracomafon|sneasler moment\n|\n|t:|1700177815\n|move|p2a: good lord why|Dire Claw|p1a: Fraudchomp\n|-resisted|p1a: Fraudchomp\n|-damage|p1a: Fraudchomp|78\/100\n|-damage|p2a: good lord why|88\/100|[from] ability: Rough Skin|[of] p1a: Fraudchomp\n|move|p1a: Fraudchomp|Swords Dance|p1a: Fraudchomp\n|-boost|p1a: Fraudchomp|atk|2\n|\n|upkeep\n|turn|3\n|c|\u2606dracomafon|why u disrespecting garchomp like dat\n|\n|t:|1700177826\n|move|p2a: good lord why|Dire Claw|p1a: Fraudchomp\n|-resisted|p1a: Fraudchomp\n|-damage|p1a: Fraudchomp|53\/100\n|-damage|p2a: good lord why|76\/100|[from] ability: Rough Skin|[of] p1a: Fraudchomp\n|move|p1a: Fraudchomp|Scale Shot|p2a: good lord why\n|-damage|p2a: good lord why|25\/100\n|-damage|p2a: good lord why|0 fnt\n|faint|p2a: good lord why\n|-hitcount|p2: good lord why|2\n|-unboost|p1a: Fraudchomp|def|1\n|-boost|p1a: Fraudchomp|spe|1\n|\n|upkeep\n|c|\u2606dracomafon|scared*\n|\n|t:|1700177851\n|switch|p2a: Narmangander|Kyogre|100\/100\n|detailschange|p2a: Narmangander|Kyogre-Primal\n|-primal|p2a: Narmangander|Blue Orb\n|-weather|PrimordialSea|[from] ability: Primordial Sea|[of] p2a: Narmangander\n|turn|4\n|c|\u2606dracomafon|DIE\n|j| mrnexuslink\n|\n|t:|1700177873\n|switch|p1a: THE CARRY|Xerneas, shiny|100\/100\n|-ability|p1a: THE CARRY|Fairy Aura\n|move|p2a: Narmangander|Ice Beam|p1a: THE CARRY\n|-damage|p1a: THE CARRY|63\/100\n|\n|-weather|PrimordialSea|[upkeep]\n|upkeep\n|turn|5\n|\n|t:|1700177882\n|move|p1a: THE CARRY|Geomancy||[still]\n|-prepare|p1a: THE CARRY|Geomancy\n|-enditem|p1a: THE CARRY|Power Herb\n|-anim|p1a: THE CARRY|Geomancy|p1a: THE CARRY\n|-boost|p1a: THE CARRY|spa|2\n|-boost|p1a: THE CARRY|spd|2\n|-boost|p1a: THE CARRY|spe|2\n|move|p2a: Narmangander|Ice Beam|p1a: THE CARRY\n|-damage|p1a: THE CARRY|41\/100\n|\n|-weather|PrimordialSea|[upkeep]\n|upkeep\n|turn|6\n|c|\u2606dracomafon|DIE DIE DIE DIE DIE DIE DIE DIE DIE\n|\n|t:|1700177908\n|move|p1a: THE CARRY|Draining Kiss|p2a: Narmangander\n|-damage|p2a: Narmangander|59\/100\n|-heal|p1a: THE CARRY|69\/100|[from] drain|[of] p2a: Narmangander\n|move|p2a: Narmangander|Scald|p1a: THE CARRY\n|-damage|p1a: THE CARRY|29\/100\n|\n|-weather|PrimordialSea|[upkeep]\n|upkeep\n|turn|7\n|c|\u2606dracomafon|i swear to god if i get sweeped by a deer\n|\n|t:|1700177916\n|move|p1a: THE CARRY|Draining Kiss|p2a: Narmangander\n|-damage|p2a: Narmangander|14\/100\n|-heal|p1a: THE CARRY|59\/100|[from] drain|[of] p2a: Narmangander\n|move|p2a: Narmangander|Scald|p1a: THE CARRY\n|-damage|p1a: THE CARRY|23\/100\n|\n|-weather|PrimordialSea|[upkeep]\n|upkeep\n|turn|8\n|c|\u2606dracomafon|i was praying for burn\n|\n|t:|1700177932\n|-weather|none\n|switch|p2a: Wishy|Jirachi|100\/100\n|move|p1a: THE CARRY|Draining Kiss|p2a: Wishy\n|-resisted|p2a: Wishy\n|-damage|p2a: Wishy|64\/100\n|-heal|p1a: THE CARRY|46\/100|[from] drain|[of] p2a: Wishy\n|\n|-heal|p2a: Wishy|71\/100|[from] item: Leftovers\n|upkeep\n|turn|9\n|c|\u2606dracomafon|JIRACHI GO\n|\n|t:|1700177943\n|move|p1a: THE CARRY|Draining Kiss|p2a: Wishy\n|-resisted|p2a: Wishy\n|-damage|p2a: Wishy|35\/100\n|-heal|p1a: THE CARRY|70\/100|[from] drain|[of] p2a: Wishy\n|move|p2a: Wishy|Iron Head|p1a: THE CARRY\n|-supereffective|p1a: THE CARRY\n|-damage|p1a: THE CARRY|1\/100\n|\n|-heal|p2a: Wishy|41\/100|[from] item: Leftovers\n|upkeep\n|turn|10\n|c|\u2606dracomafon|KILL THE DEER PLEASE\n|c|\u2606dracomafon|END ITS LIFE\n|\n|t:|1700177957\n|switch|p1a: GRAHHHH|Salamence, F, shiny|100\/100\n|move|p2a: Wishy|Iron Head|p1a: GRAHHHH\n|-damage|p1a: GRAHHHH|58\/100\n|\n|-heal|p2a: Wishy|47\/100|[from] item: Leftovers\n|upkeep\n|turn|11\n|\n|t:|1700177968\n|detailschange|p1a: GRAHHHH|Salamence-Mega, F, shiny\n|-mega|p1a: GRAHHHH|Salamence|Salamencite\n|move|p1a: GRAHHHH|Fire Blast|p2a: Wishy\n|-supereffective|p2a: Wishy\n|-damage|p2a: Wishy|0 fnt\n|faint|p2a: Wishy\n|\n|upkeep\n|\n|t:|1700177977\n|switch|p2a: Flamebringer|Blaziken, F, shiny|100\/100\n|turn|12\n|\n|t:|1700177988\n|move|p2a: Flamebringer|Protect|p2a: Flamebringer\n|-singleturn|p2a: Flamebringer|Protect\n|move|p1a: GRAHHHH|Earthquake|p2a: Flamebringer\n|-activate|p2a: Flamebringer|move: Protect\n|\n|-ability|p2a: Flamebringer|Speed Boost|boost\n|-boost|p2a: Flamebringer|spe|1\n|upkeep\n|turn|13\n|c|\u2606dracomafon|i just realized how dumb of a switch i made\n|\n|t:|1700178013\n|move|p2a: Flamebringer|Blaze Kick|p1a: GRAHHHH\n|-resisted|p1a: GRAHHHH\n|-damage|p1a: GRAHHHH|38\/100\n|move|p1a: GRAHHHH|Dragon Dance|p1a: GRAHHHH\n|-boost|p1a: GRAHHHH|atk|1\n|-boost|p1a: GRAHHHH|spe|1\n|\n|-ability|p2a: Flamebringer|Speed Boost|boost\n|-boost|p2a: Flamebringer|spe|1\n|upkeep\n|turn|14\n|j| XJohnson\n|\n|t:|1700178022\n|move|p2a: Flamebringer|Close Combat|p1a: GRAHHHH\n|-resisted|p1a: GRAHHHH\n|-damage|p1a: GRAHHHH|13\/100\n|-unboost|p2a: Flamebringer|def|1\n|-unboost|p2a: Flamebringer|spd|1\n|move|p1a: GRAHHHH|Earthquake|p2a: Flamebringer\n|-supereffective|p2a: Flamebringer\n|-damage|p2a: Flamebringer|0 fnt\n|faint|p2a: Flamebringer\n|\n|upkeep\n|c|\u2606dracomafon|I HAVE LIKE ZERO PRIORITY\n|\n|t:|1700178038\n|switch|p2a: Narmangander|Kyogre-Primal|14\/100\n|-weather|PrimordialSea|[from] ability: Primordial Sea|[of] p2a: Narmangander\n|turn|15\n|c|\u2606dracomafon|IM SO DONE\n|\n|t:|1700178045\n|move|p1a: GRAHHHH|Dragon Claw|p2a: Narmangander\n|-damage|p2a: Narmangander|0 fnt\n|faint|p2a: Narmangander\n|-weather|none\n|\n|upkeep\n|c|\u2606dracomafon|rip\n|\n|t:|1700178050\n|switch|p2a: Tarmangander|Xerneas|100\/100\n|-ability|p2a: Tarmangander|Fairy Aura\n|turn|16\n|c|\u2606dracomafon|WEL DAT SUCKS\n|c|\u2606dracomafon|gg\n|c|\u2606dracomafon|well played\n|c|\u2606dracomafon|u prob win\n|\n|t:|1700178069\n|move|p1a: GRAHHHH|Earthquake|p2a: Tarmangander\n|-damage|p2a: Tarmangander|53\/100\n|move|p2a: Tarmangander|Draining Kiss|p1a: GRAHHHH\n|-supereffective|p1a: GRAHHHH\n|-damage|p1a: GRAHHHH|0 fnt\n|-heal|p2a: Tarmangander|61\/100|[from] drain|[of] p1a: GRAHHHH\n|faint|p1a: GRAHHHH\n|\n|upkeep\n|c|\u2606dracomafon|maybe....just maybe....\n|c|\u2606dracomafon|i stand a chance\n|\n|t:|1700178103\n|switch|p1a: Goku|Deoxys-Attack|100\/100\n|-ability|p1a: Goku|Pressure\n|turn|17\n|c|\u2606dracomafon|prob not tho lol\n|\n|t:|1700178111\n|move|p1a: Goku|Psycho Boost|p2a: Tarmangander\n|-damage|p2a: Tarmangander|0 fnt\n|-unboost|p1a: Goku|spa|2\n|faint|p2a: Tarmangander\n|-damage|p1a: Goku|91\/100|[from] item: Life Orb\n|\n|upkeep\n|\n|t:|1700178118\n|switch|p2a: Nartangander|Groudon, shiny|100\/100\n|detailschange|p2a: Nartangander|Groudon-Primal, shiny\n|-primal|p2a: Nartangander|Red Orb\n|-weather|DesolateLand|[from] ability: Desolate Land|[of] p2a: Nartangander\n|turn|18\n|c|\u2606dracomafon|welp guess im dead\n|\n|t:|1700178131\n|switch|p1a: Girthyfella|Groudon|100\/100\n|detailschange|p1a: Girthyfella|Groudon-Primal\n|-primal|p1a: Girthyfella|Red Orb\n|move|p2a: Nartangander|Shadow Claw|p1a: Girthyfella\n|-crit|p1a: Girthyfella\n|-damage|p1a: Girthyfella|67\/100\n|\n|-weather|DesolateLand|[upkeep]\n|upkeep\n|turn|19\n|\n|t:|1700178146\n|move|p1a: Girthyfella|Bulk Up|p1a: Girthyfella\n|-boost|p1a: Girthyfella|atk|1\n|-boost|p1a: Girthyfella|def|1\n|move|p2a: Nartangander|Earthquake|p1a: Girthyfella\n|-supereffective|p1a: Girthyfella\n|-damage|p1a: Girthyfella|4\/100\n|\n|-weather|DesolateLand|[upkeep]\n|upkeep\n|turn|20\n|c|\u2606dracomafon|EARTHQUAKE!!!!\n|c|\u2606dracomafon|aw frick\n|\n|t:|1700178154\n|move|p1a: Girthyfella|Precipice Blades|p2a: Nartangander\n|-supereffective|p2a: Nartangander\n|-damage|p2a: Nartangander|0 fnt\n|faint|p2a: Nartangander\n|\n|win|pokXD\n|raw|pokXD's rating: 1125 &rarr; <strong>1152<\/strong><br \/>(+27 for winning)\n|raw|dracomafon's rating: 1150 &rarr; <strong>1123<\/strong><br \/>(-27 for losing)\n","uploadtime":1700177900,"views":8,"p1id":"pokxd","p2id":"dracomafon","formatid":"gen9nationaldexubers","rating":1123,"private":0,"password":""}