{"id":"gen9nationaldexubers-1985073516","p1":"norkborkd","p2":"Random Vorax","format":"[Gen 9] National Dex Ubers","log":"|j|\u2606norkborkd\n|j|\u2606Random Vorax\n|t:|1699327443\n|gametype|singles\n|player|p1|norkborkd|marley|1327\n|player|p2|Random Vorax|gentleman-gen4|1467\n|teamsize|p1|6\n|teamsize|p2|6\n|gen|9\n|tier|[Gen 9] National Dex Ubers\n|rated|\n|rule|HP Percentage Mod: HP is shown in percentages\n|rule|Endless Battle Clause: Forcing endless battles is banned\n|rule|OHKO Clause: OHKO moves are banned\n|rule|Evasion Moves Clause: Evasion moves are banned\n|rule|Evasion Items Clause: Evasion items are banned\n|rule|Species Clause: Limit one of each Pok\u00e9mon\n|rule|Sleep Clause Mod: Limit one foe put to sleep\n|rule|Mega Rayquaza Clause: You cannot mega evolve Rayquaza\n|clearpoke\n|poke|p1|Cloyster, F|\n|poke|p1|Darkrai|\n|poke|p1|Diancie|\n|poke|p1|Zapdos|\n|poke|p1|Sinistcha|\n|poke|p1|Groudon|\n|poke|p2|Cyclizar, M|\n|poke|p2|Porygon-Z|\n|poke|p2|Genesect|\n|poke|p2|Ursaluna-Bloodmoon, M|\n|poke|p2|Heracross, F|\n|poke|p2|Garchomp, F|\n|teampreview\n|\n|t:|1699327461\n|start\n|switch|p1a: QUEENLYGF|Diancie|100\/100\n|switch|p2a: Genesect|Genesect|100\/100\n|-ability|p2a: Genesect|Download|boost\n|-boost|p2a: Genesect|atk|1\n|turn|1\n|\n|t:|1699327466\n|switch|p1a: Big Claws|Groudon|100\/100\n|detailschange|p1a: Big Claws|Groudon-Primal\n|-primal|p1a: Big Claws|Red Orb\n|-weather|DesolateLand|[from] ability: Desolate Land|[of] p1a: Big Claws\n|move|p2a: Genesect|Iron Head|p1a: Big Claws\n|-resisted|p1a: Big Claws\n|-damage|p1a: Big Claws|86\/100\n|\n|-weather|DesolateLand|[upkeep]\n|upkeep\n|turn|2\n|inactive|Battle timer is ON: inactive players will automatically lose when time's up. (requested by Random Vorax)\n|\n|t:|1699327489\n|switch|p2a: Cyclizar|Cyclizar, M|100\/100\n|-weather|none\n|switch|p1a: MR CLOY\ud83d\udcde\ud83d\udcde\ud83d\udcde|Cloyster, F|100\/100\n|\n|upkeep\n|turn|3\n|\n|t:|1699327495\n|move|p2a: Cyclizar|Shed Tail|p2a: Cyclizar\n|-start|p2a: Cyclizar|Substitute|[from] move: Shed Tail\n|-damage|p2a: Cyclizar|50\/100\n|\n|t:|1699327507\n|switch|p2a: Garchomp|Garchomp, F|100\/100|[from] Shed Tail\n|move|p1a: MR CLOY\ud83d\udcde\ud83d\udcde\ud83d\udcde|Shell Smash|p1a: MR CLOY\ud83d\udcde\ud83d\udcde\ud83d\udcde\n|-unboost|p1a: MR CLOY\ud83d\udcde\ud83d\udcde\ud83d\udcde|def|1\n|-unboost|p1a: MR CLOY\ud83d\udcde\ud83d\udcde\ud83d\udcde|spd|1\n|-boost|p1a: MR CLOY\ud83d\udcde\ud83d\udcde\ud83d\udcde|atk|2\n|-boost|p1a: MR CLOY\ud83d\udcde\ud83d\udcde\ud83d\udcde|spa|2\n|-boost|p1a: MR CLOY\ud83d\udcde\ud83d\udcde\ud83d\udcde|spe|2\n|\n|upkeep\n|turn|4\n|inactive|Random Vorax has 120 seconds left.\n|\n|t:|1699327543\n|-terastallize|p2a: Garchomp|Fire\n|move|p1a: MR CLOY\ud83d\udcde\ud83d\udcde\ud83d\udcde|Rock Blast|p2a: Garchomp\n|-supereffective|p2a: Garchomp\n|-end|p2a: Garchomp|Substitute\n|-supereffective|p2a: Garchomp\n|-damage|p2a: Garchomp|72\/100\n|-supereffective|p2a: Garchomp\n|-damage|p2a: Garchomp|40\/100\n|-supereffective|p2a: Garchomp\n|-damage|p2a: Garchomp|8\/100\n|-supereffective|p2a: Garchomp\n|-damage|p2a: Garchomp|0 fnt\n|faint|p2a: Garchomp\n|-hitcount|p2: Garchomp|5\n|\n|upkeep\n|\n|t:|1699327561\n|switch|p2a: Cyclizar|Cyclizar, M|84\/100\n|turn|5\n|c|\u2606norkborkd|SHAMONEDDDDDD\n|\n|t:|1699327567\n|move|p1a: MR CLOY\ud83d\udcde\ud83d\udcde\ud83d\udcde|Icicle Crash|p2a: Cyclizar\n|-supereffective|p2a: Cyclizar\n|-damage|p2a: Cyclizar|0 fnt\n|faint|p2a: Cyclizar\n|\n|upkeep\n|\n|t:|1699327572\n|switch|p2a: Heracross|Heracross, F|100\/100\n|turn|6\n|\n|t:|1699327575\n|detailschange|p2a: Heracross|Heracross-Mega, F\n|-mega|p2a: Heracross|Heracross|Heracronite\n|move|p1a: MR CLOY\ud83d\udcde\ud83d\udcde\ud83d\udcde|Rock Blast|p2a: Heracross\n|-damage|p2a: Heracross|86\/100\n|-damage|p2a: Heracross|71\/100\n|-damage|p2a: Heracross|56\/100\n|-damage|p2a: Heracross|40\/100\n|-damage|p2a: Heracross|25\/100\n|-hitcount|p2a: Heracross|5\n|cant|p2a: Heracross|flinch\n|\n|upkeep\n|turn|7\n|inactive|Random Vorax has 120 seconds left.\n|\n|t:|1699327588\n|move|p1a: MR CLOY\ud83d\udcde\ud83d\udcde\ud83d\udcde|Rock Blast|p2a: Heracross\n|-damage|p2a: Heracross|8\/100\n|-damage|p2a: Heracross|0 fnt\n|faint|p2a: Heracross\n|-hitcount|p2: Heracross|2\n|\n|upkeep\n|inactive|Random Vorax has 120 seconds left.\n|\n|t:|1699327594\n|switch|p2a: Ursaluna|Ursaluna-Bloodmoon, M|100\/100\n|turn|8\n|\n|t:|1699327596\n|move|p2a: Ursaluna|Vacuum Wave|p1a: MR CLOY\ud83d\udcde\ud83d\udcde\ud83d\udcde\n|-supereffective|p1a: MR CLOY\ud83d\udcde\ud83d\udcde\ud83d\udcde\n|-damage|p1a: MR CLOY\ud83d\udcde\ud83d\udcde\ud83d\udcde|0 fnt\n|faint|p1a: MR CLOY\ud83d\udcde\ud83d\udcde\ud83d\udcde\n|\n|upkeep\n|\n|t:|1699327624\n|switch|p1a: Fraud Ass Mon|Darkrai|100\/100\n|turn|9\n|\n|t:|1699327631\n|switch|p2a: Genesect|Genesect|100\/100\n|-ability|p2a: Genesect|Download|boost\n|-boost|p2a: Genesect|atk|1\n|-terastallize|p1a: Fraud Ass Mon|Ghost\n|move|p1a: Fraud Ass Mon|Hypnosis|p2a: Genesect|[miss]\n|-miss|p1a: Fraud Ass Mon|p2a: Genesect\n|-enditem|p1a: Fraud Ass Mon|Blunder Policy\n|-boost|p1a: Fraud Ass Mon|spe|2\n|\n|upkeep\n|turn|10\n|\n|t:|1699327640\n|move|p1a: Fraud Ass Mon|Hypnosis|p2a: Genesect\n|-status|p2a: Genesect|slp|[from] move: Hypnosis\n|cant|p2a: Genesect|slp\n|\n|-damage|p2a: Genesect|88\/100 slp|[from] ability: Bad Dreams|[of] p1a: Fraud Ass Mon\n|upkeep\n|turn|11\n|\n|t:|1699327646\n|switch|p2a: Ursaluna|Ursaluna-Bloodmoon, M|100\/100\n|move|p1a: Fraud Ass Mon|Calm Mind|p1a: Fraud Ass Mon\n|-boost|p1a: Fraud Ass Mon|spa|1\n|-boost|p1a: Fraud Ass Mon|spd|1\n|\n|upkeep\n|turn|12\n|\n|t:|1699327650\n|move|p1a: Fraud Ass Mon|Focus Blast|p2a: Ursaluna\n|-supereffective|p2a: Ursaluna\n|-damage|p2a: Ursaluna|0 fnt\n|faint|p2a: Ursaluna\n|\n|upkeep\n|\n|t:|1699327653\n|switch|p2a: Porygon-Z|Porygon-Z|100\/100\n|turn|13\n|\n|t:|1699327655\n|move|p1a: Fraud Ass Mon|Focus Blast|p2a: Porygon-Z|[miss]\n|-miss|p1a: Fraud Ass Mon|p2a: Porygon-Z\n|-zpower|p2a: Porygon-Z\n|move|p2a: Porygon-Z|Z-Conversion|p2a: Porygon-Z|[anim]Conversion\n|-boost|p2a: Porygon-Z|atk|1|[zeffect]\n|-boost|p2a: Porygon-Z|def|1|[zeffect]\n|-boost|p2a: Porygon-Z|spa|1|[zeffect]\n|-boost|p2a: Porygon-Z|spd|1|[zeffect]\n|-boost|p2a: Porygon-Z|spe|1|[zeffect]\n|-start|p2a: Porygon-Z|typechange|Electric\n|\n|upkeep\n|turn|14\n|\n|t:|1699327662\n|move|p1a: Fraud Ass Mon|Focus Blast|p2a: Porygon-Z\n|-damage|p2a: Porygon-Z|38\/100\n|move|p2a: Porygon-Z|Thunderbolt|p1a: Fraud Ass Mon\n|-damage|p1a: Fraud Ass Mon|14\/100\n|\n|upkeep\n|turn|15\n|\n|t:|1699327669\n|move|p1a: Fraud Ass Mon|Focus Blast|p2a: Porygon-Z|[miss]\n|-miss|p1a: Fraud Ass Mon|p2a: Porygon-Z\n|move|p2a: Porygon-Z|Thunderbolt|p1a: Fraud Ass Mon\n|-damage|p1a: Fraud Ass Mon|0 fnt\n|faint|p1a: Fraud Ass Mon\n|\n|upkeep\n|\n|t:|1699327676\n|switch|p1a: QUEENLYGF|Diancie|100\/100\n|turn|16\n|\n|t:|1699327681\n|detailschange|p1a: QUEENLYGF|Diancie-Mega\n|-mega|p1a: QUEENLYGF|Diancie|Diancite\n|move|p2a: Porygon-Z|Recover|p2a: Porygon-Z\n|-heal|p2a: Porygon-Z|89\/100\n|move|p1a: QUEENLYGF|Play Rough|p2a: Porygon-Z\n|-damage|p2a: Porygon-Z|42\/100\n|\n|upkeep\n|turn|17\n|\n|t:|1699327689\n|move|p2a: Porygon-Z|Recover|p2a: Porygon-Z\n|-heal|p2a: Porygon-Z|92\/100\n|move|p1a: QUEENLYGF|Play Rough|p2a: Porygon-Z\n|-damage|p2a: Porygon-Z|45\/100\n|\n|upkeep\n|turn|18\n|\n|t:|1699327699\n|move|p2a: Porygon-Z|Recover|p2a: Porygon-Z\n|-heal|p2a: Porygon-Z|95\/100\n|move|p1a: QUEENLYGF|Play Rough|p2a: Porygon-Z\n|-damage|p2a: Porygon-Z|49\/100\n|\n|upkeep\n|turn|19\n|\n|t:|1699327706\n|move|p2a: Porygon-Z|Thunderbolt|p1a: QUEENLYGF\n|-damage|p1a: QUEENLYGF|29\/100\n|move|p1a: QUEENLYGF|Play Rough|p2a: Porygon-Z\n|-damage|p2a: Porygon-Z|3\/100\n|\n|upkeep\n|turn|20\n|\n|t:|1699327713\n|move|p2a: Porygon-Z|Thunderbolt|p1a: QUEENLYGF\n|-damage|p1a: QUEENLYGF|0 fnt\n|faint|p1a: QUEENLYGF\n|\n|upkeep\n|\n|t:|1699327720\n|switch|p1a: Big Claws|Groudon-Primal|86\/100\n|-weather|DesolateLand|[from] ability: Desolate Land|[of] p1a: Big Claws\n|turn|21\n|\n|t:|1699327723\n|move|p2a: Porygon-Z|Ice Beam|p1a: Big Claws\n|-damage|p1a: Big Claws|29\/100\n|move|p1a: Big Claws|Overheat|p2a: Porygon-Z\n|-damage|p2a: Porygon-Z|0 fnt\n|-unboost|p1a: Big Claws|spa|2\n|faint|p2a: Porygon-Z\n|\n|-weather|DesolateLand|[upkeep]\n|upkeep\n|\n|t:|1699327728\n|switch|p2a: Genesect|Genesect|88\/100 slp\n|-ability|p2a: Genesect|Download|boost\n|-boost|p2a: Genesect|spa|1\n|turn|22\n|\n|t:|1699327733\n|-curestatus|p2a: Genesect|slp|[msg]\n|move|p2a: Genesect|Ice Beam|p1a: Big Claws\n|-damage|p1a: Big Claws|0 fnt\n|faint|p1a: Big Claws\n|-weather|none\n|\n|upkeep\n|\n|t:|1699327739\n|switch|p1a: Ok Goated|Zapdos|100\/100\n|turn|23\n|\n|t:|1699327742\n|move|p2a: Genesect|Ice Beam|p1a: Ok Goated\n|-supereffective|p1a: Ok Goated\n|-damage|p1a: Ok Goated|39\/100\n|move|p1a: Ok Goated|Hurricane|p2a: Genesect\n|-damage|p2a: Genesect|31\/100\n|\n|upkeep\n|turn|24\n|-activate|p1a: Ok Goated|item: Quick Claw\n|\n|t:|1699327745\n|move|p1a: Ok Goated|Hurricane|p2a: Genesect\n|-damage|p2a: Genesect|0 fnt\n|faint|p2a: Genesect\n|\n|win|norkborkd\n|raw|norkborkd's rating: 1327 &rarr; <strong>1355<\/strong><br \/>(+28 for winning)\n|raw|Random Vorax's rating: 1467 &rarr; <strong>1439<\/strong><br \/>(-28 for losing)\n|c|\u2606norkborkd|GGGGGGGGGG\n","uploadtime":1699327756,"views":38,"p1id":"norkborkd","p2id":"randomvorax","formatid":"gen9nationaldexubers","rating":1355,"private":0,"password":""}