{"id":"gen9nationaldexubers-1993727836","p1":"MorningStar53","p2":"85792195wwww","format":"[Gen 9] National Dex Ubers","log":"|j|\u2606MorningStar53\n|j|\u260685792195wwww\n|t:|1700350172\n|gametype|singles\n|player|p1|MorningStar53|li|1536\n|player|p2|85792195wwww|mira|1621\n|teamsize|p1|6\n|teamsize|p2|6\n|gen|9\n|tier|[Gen 9] National Dex Ubers\n|rated|\n|rule|HP Percentage Mod: HP is shown in percentages\n|rule|Endless Battle Clause: Forcing endless battles is banned\n|rule|OHKO Clause: OHKO moves are banned\n|rule|Evasion Moves Clause: Evasion moves are banned\n|rule|Evasion Items Clause: Evasion items are banned\n|rule|Species Clause: Limit one of each Pok\u00e9mon\n|rule|Sleep Clause Mod: Limit one foe put to sleep\n|rule|Mega Rayquaza Clause: You cannot mega evolve Rayquaza\n|clearpoke\n|poke|p1|Marshadow|\n|poke|p1|Arceus-Water|\n|poke|p1|Xerneas-*|\n|poke|p1|Salamence, M|\n|poke|p1|Groudon|\n|poke|p1|Ho-Oh|\n|poke|p2|Xerneas-*|\n|poke|p2|Mewtwo|\n|poke|p2|Arceus|\n|poke|p2|Kyogre|\n|poke|p2|Krookodile, M|\n|poke|p2|Groudon|\n|teampreview\n|\n|t:|1700350194\n|start\n|switch|p1a: Ho-Oh|Ho-Oh|100\/100\n|switch|p2a: Krookodile|Krookodile, M|100\/100\n|-ability|p2a: Krookodile|Intimidate|boost\n|-unboost|p1a: Ho-Oh|atk|1\n|turn|1\n|\n|t:|1700350202\n|move|p2a: Krookodile|Knock Off|p1a: Ho-Oh\n|-damage|p1a: Ho-Oh|68\/100\n|-enditem|p1a: Ho-Oh|Leftovers|[from] move: Knock Off|[of] p2a: Krookodile\n|move|p1a: Ho-Oh|Toxic|p2a: Krookodile\n|-status|p2a: Krookodile|tox\n|\n|-damage|p2a: Krookodile|94\/100 tox|[from] psn\n|upkeep\n|turn|2\n|\n|t:|1700350212\n|move|p2a: Krookodile|Knock Off|p1a: Ho-Oh\n|-damage|p1a: Ho-Oh|47\/100\n|move|p1a: Ho-Oh|Recover|p1a: Ho-Oh\n|-heal|p1a: Ho-Oh|97\/100\n|\n|-damage|p2a: Krookodile|82\/100 tox|[from] psn\n|upkeep\n|turn|3\n|\n|t:|1700350226\n|switch|p1a: Arceus|Arceus-Water|100\/100\n|move|p2a: Krookodile|Stealth Rock|p1a: Arceus\n|-sidestart|p1: MorningStar53|move: Stealth Rock\n|\n|-damage|p2a: Krookodile|64\/100 tox|[from] psn\n|upkeep\n|turn|4\n|\n|t:|1700350240\n|move|p1a: Arceus|Recover||[still]\n|-fail|p1a: Arceus|heal\n|move|p2a: Krookodile|Taunt|p1a: Arceus\n|-start|p1a: Arceus|move: Taunt\n|\n|-damage|p2a: Krookodile|40\/100 tox|[from] psn\n|upkeep\n|turn|5\n|l|\u260685792195wwww\n|player|p2|\n|inactive|Battle timer is ON: inactive players will automatically lose when time's up. (requested by MorningStar53)\n|j|\u260685792195wwww\n|inactive|85792195wwww reconnected and has 145 seconds left.\n|player|p2|85792195wwww|mira\n|l|\u260685792195wwww\n|inactive|85792195wwww disconnected and has a minute to reconnect!\n|player|p2|\n|j|\u260685792195wwww\n|inactive|85792195wwww reconnected and has 125 seconds left.\n|player|p2|85792195wwww|mira\n|inactive|85792195wwww has 120 seconds left.\n|\n|t:|1700350375\n|switch|p2a: Arceus|Arceus|100\/100\n|move|p1a: Arceus|Ice Beam|p2a: Arceus\n|-damage|p2a: Arceus|83\/100\n|\n|upkeep\n|turn|6\n|\n|t:|1700350385\n|switch|p1a: Ho-Oh|Ho-Oh|100\/100\n|-damage|p1a: Ho-Oh|50\/100|[from] Stealth Rock\n|switch|p2a: Mewtwo|Mewtwo|100\/100\n|-ability|p2a: Mewtwo|Pressure\n|\n|upkeep\n|turn|7\n|\n|t:|1700350398\n|move|p2a: Mewtwo|Nasty Plot|p2a: Mewtwo\n|-boost|p2a: Mewtwo|spa|2\n|move|p1a: Ho-Oh|Recover|p1a: Ho-Oh\n|-heal|p1a: Ho-Oh|100\/100\n|\n|upkeep\n|turn|8\n|\n|t:|1700350405\n|detailschange|p2a: Mewtwo|Mewtwo-Mega-Y\n|-mega|p2a: Mewtwo|Mewtwo|Mewtwonite Y\n|move|p2a: Mewtwo|Psystrike|p1a: Ho-Oh\n|-damage|p1a: Ho-Oh|15\/100\n|move|p1a: Ho-Oh|Defog|p2a: Mewtwo\n|-unboost|p2a: Mewtwo|evasion|1\n|-sideend|p1: MorningStar53|Stealth Rock|[from] move: Defog|[of] p1a: Ho-Oh\n|\n|upkeep\n|turn|9\n|\n|t:|1700350417\n|switch|p1a: Arceus|Arceus-Water|100\/100\n|move|p2a: Mewtwo|Psystrike|p1a: Arceus\n|-damage|p1a: Arceus|16\/100\n|\n|upkeep\n|turn|10\n|\n|t:|1700350424\n|move|p2a: Mewtwo|Psystrike|p1a: Arceus\n|-damage|p1a: Arceus|0 fnt\n|faint|p1a: Arceus\n|\n|upkeep\n|\n|t:|1700350430\n|switch|p1a: Marshadow|Marshadow|100\/100\n|turn|11\n|\n|t:|1700350434\n|switch|p2a: Arceus|Arceus|83\/100\n|move|p1a: Marshadow|Spectral Thief|p2a: Arceus\n|-immune|p2a: Arceus\n|\n|upkeep\n|turn|12\n|\n|t:|1700350443\n|switch|p1a: Ho-Oh|Ho-Oh|48\/100\n|move|p2a: Arceus|Will-O-Wisp|p1a: Ho-Oh\n|-immune|p1a: Ho-Oh\n|\n|upkeep\n|turn|13\n|\n|t:|1700350451\n|switch|p2a: Krookodile|Krookodile, M|40\/100 tox\n|-ability|p2a: Krookodile|Intimidate|boost\n|-unboost|p1a: Ho-Oh|atk|1\n|move|p1a: Ho-Oh|Toxic|p2a: Krookodile|[miss]\n|-miss|p1a: Ho-Oh|p2a: Krookodile\n|\n|-damage|p2a: Krookodile|34\/100 tox|[from] psn\n|upkeep\n|turn|14\n|\n|t:|1700350466\n|switch|p1a: Salamence|Salamence, M|100\/100\n|-ability|p1a: Salamence|Intimidate|boost\n|-unboost|p2a: Krookodile|atk|1\n|move|p2a: Krookodile|Stealth Rock|p1a: Salamence\n|-sidestart|p1: MorningStar53|move: Stealth Rock\n|\n|-damage|p2a: Krookodile|22\/100 tox|[from] psn\n|upkeep\n|turn|15\n|\n|t:|1700350479\n|switch|p2a: Xerneas|Xerneas|100\/100\n|-ability|p2a: Xerneas|Fairy Aura\n|move|p1a: Salamence|Dragon Dance|p1a: Salamence\n|-boost|p1a: Salamence|atk|1\n|-boost|p1a: Salamence|spe|1\n|\n|upkeep\n|turn|16\n|\n|t:|1700350497\n|detailschange|p1a: Salamence|Salamence-Mega, M\n|-mega|p1a: Salamence|Salamence|Salamencite\n|move|p1a: Salamence|Double-Edge|p2a: Xerneas\n|-damage|p2a: Xerneas|12\/100\n|-damage|p1a: Salamence|66\/100|[from] Recoil\n|move|p2a: Xerneas|Moonblast|p1a: Salamence\n|-supereffective|p1a: Salamence\n|-damage|p1a: Salamence|0 fnt\n|faint|p1a: Salamence\n|\n|upkeep\n|\n|t:|1700350507\n|switch|p1a: Ho-Oh|Ho-Oh|81\/100\n|-damage|p1a: Ho-Oh|31\/100|[from] Stealth Rock\n|turn|17\n|\n|t:|1700350512\n|move|p2a: Xerneas|Hidden Power|p1a: Ho-Oh\n|-supereffective|p1a: Ho-Oh\n|-crit|p1a: Ho-Oh\n|-damage|p1a: Ho-Oh|0 fnt\n|faint|p1a: Ho-Oh\n|\n|upkeep\n|\n|t:|1700350521\n|switch|p1a: Groudon|Groudon|100\/100\n|-damage|p1a: Groudon|94\/100|[from] Stealth Rock\n|detailschange|p1a: Groudon|Groudon-Primal\n|-primal|p1a: Groudon|Red Orb\n|-weather|DesolateLand|[from] ability: Desolate Land|[of] p1a: Groudon\n|turn|18\n|\n|t:|1700350529\n|move|p1a: Groudon|Rock Polish|p1a: Groudon\n|-boost|p1a: Groudon|spe|2\n|move|p2a: Xerneas|Moonblast|p1a: Groudon\n|-resisted|p1a: Groudon\n|-damage|p1a: Groudon|57\/100\n|\n|-weather|DesolateLand|[upkeep]\n|upkeep\n|turn|19\n|\n|t:|1700350537\n|move|p1a: Groudon|Hone Claws|p1a: Groudon\n|-boost|p1a: Groudon|atk|1\n|-boost|p1a: Groudon|accuracy|1\n|move|p2a: Xerneas|Moonblast|p1a: Groudon\n|-resisted|p1a: Groudon\n|-damage|p1a: Groudon|14\/100\n|-unboost|p1a: Groudon|spa|1\n|\n|-weather|DesolateLand|[upkeep]\n|upkeep\n|turn|20\n|\n|t:|1700350546\n|move|p1a: Groudon|Precipice Blades|p2a: Xerneas\n|-damage|p2a: Xerneas|0 fnt\n|faint|p2a: Xerneas\n|\n|-weather|DesolateLand|[upkeep]\n|upkeep\n|\n|t:|1700350552\n|switch|p2a: Arceus|Arceus|83\/100\n|turn|21\n|\n|t:|1700350558\n|-terastallize|p2a: Arceus|Normal\n|move|p2a: Arceus|Extreme Speed|p1a: Groudon\n|-damage|p1a: Groudon|0 fnt\n|faint|p1a: Groudon\n|-weather|none\n|-damage|p2a: Arceus|73\/100|[from] item: Life Orb\n|\n|upkeep\n|\n|t:|1700350566\n|switch|p1a: Xerneas|Xerneas|100\/100\n|-damage|p1a: Xerneas|88\/100|[from] Stealth Rock\n|-ability|p1a: Xerneas|Fairy Aura\n|turn|22\n|\n|t:|1700350575\n|move|p2a: Arceus|Extreme Speed|p1a: Xerneas\n|-damage|p1a: Xerneas|21\/100\n|-damage|p2a: Arceus|63\/100|[from] item: Life Orb\n|move|p1a: Xerneas|Moonblast|p2a: Arceus\n|-damage|p2a: Arceus|12\/100\n|\n|upkeep\n|turn|23\n|\n|t:|1700350584\n|move|p2a: Arceus|Earthquake|p1a: Xerneas\n|-damage|p1a: Xerneas|0 fnt\n|faint|p1a: Xerneas\n|-damage|p2a: Arceus|2\/100|[from] item: Life Orb\n|\n|upkeep\n|\n|t:|1700350590\n|switch|p1a: Marshadow|Marshadow|100\/100\n|-damage|p1a: Marshadow|94\/100|[from] Stealth Rock\n|turn|24\n|\n|t:|1700350599\n|move|p1a: Marshadow|Drain Punch|p2a: Arceus\n|-supereffective|p2a: Arceus\n|-damage|p2a: Arceus|0 fnt\n|-heal|p1a: Marshadow|95\/100|[from] drain|[of] p2a: Arceus\n|faint|p2a: Arceus\n|\n|upkeep\n|\n|t:|1700350607\n|switch|p2a: Mewtwo|Mewtwo-Mega-Y|100\/100\n|turn|25\n|\n|t:|1700350613\n|move|p2a: Mewtwo|Psystrike|p1a: Marshadow\n|-supereffective|p1a: Marshadow\n|-damage|p1a: Marshadow|0 fnt\n|faint|p1a: Marshadow\n|\n|win|85792195wwww\n|raw|MorningStar53's rating: 1536 &rarr; <strong>1521<\/strong><br \/>(-15 for losing)\n|raw|85792195wwww's rating: 1621 &rarr; <strong>1636<\/strong><br \/>(+15 for winning)\n","uploadtime":1700350621,"views":6,"p1id":"morningstar53","p2id":"85792195wwww","formatid":"gen9nationaldexubers","rating":1521,"private":0,"password":""}