{"id":"gen9nationaldexubers-1997860603","p1":"MrTRB","p2":"ApocalypticTofu","format":"[Gen 9] National Dex Ubers","log":"|j|\u2606MrTRB\n|j|\u2606ApocalypticTofu\n|t:|1700860756\n|gametype|singles\n|player|p1|MrTRB|benga|\n|player|p2|ApocalypticTofu|plasmagrunt|\n|teamsize|p1|4\n|teamsize|p2|4\n|gen|9\n|tier|[Gen 9] National Dex Ubers\n|rule|HP Percentage Mod: HP is shown in percentages\n|rule|Endless Battle Clause: Forcing endless battles is banned\n|rule|OHKO Clause: OHKO moves are banned\n|rule|Evasion Moves Clause: Evasion moves are banned\n|rule|Evasion Items Clause: Evasion items are banned\n|rule|Species Clause: Limit one of each Pok\u00e9mon\n|rule|Sleep Clause Mod: Limit one foe put to sleep\n|rule|Mega Rayquaza Clause: You cannot mega evolve Rayquaza\n|clearpoke\n|poke|p1|Garganacl, F|\n|poke|p1|Pelipper, M|\n|poke|p1|Seismitoad, F|\n|poke|p1|Gholdengo|\n|poke|p2|Golisopod, F|\n|poke|p2|Crustle, M|\n|poke|p2|Slither Wing|\n|poke|p2|Pinsir, F|\n|teampreview\n|c|\u2606ApocalypticTofu|ooh\n|j| CloysterEnjoyer\n|\n|t:|1700860781\n|start\n|switch|p1a: Pelipper|Pelipper, M, shiny|100\/100\n|switch|p2a: Pinsir|Pinsir, F|100\/100\n|-weather|RainDance|[from] ability: Drizzle|[of] p1a: Pelipper\n|turn|1\n|\n|t:|1700860789\n|detailschange|p2a: Pinsir|Pinsir-Mega, F\n|-mega|p2a: Pinsir|Pinsir|Pinsirite\n|move|p2a: Pinsir|Double-Edge|p1a: Pelipper\n|-crit|p1a: Pelipper\n|-damage|p1a: Pelipper|0 fnt\n|faint|p1a: Pelipper\n|-damage|p2a: Pinsir|61\/100|[from] Recoil\n|\n|-weather|RainDance|[upkeep]\n|upkeep\n|\n|t:|1700860795\n|switch|p1a: Seismitoad|Seismitoad, F, shiny|100\/100\n|turn|2\n|c| CloysterEnjoyer|can't fly in rain D:\n|c|\u2606ApocalypticTofu|lucky crit\n|\n|t:|1700860812\n|move|p1a: Seismitoad|Ice Punch|p2a: Pinsir\n|-supereffective|p2a: Pinsir\n|-damage|p2a: Pinsir|13\/100\n|move|p2a: Pinsir|Double-Edge|p1a: Seismitoad\n|-damage|p1a: Seismitoad|0 fnt\n|faint|p1a: Seismitoad\n|-damage|p2a: Pinsir|0 fnt|[from] Recoil\n|faint|p2a: Pinsir\n|\n|-weather|RainDance|[upkeep]\n|upkeep\n|\n|t:|1700860826\n|switch|p2a: Crustle|Crustle, M|100\/100\n|switch|p1a: Garganacl|Garganacl, F|100\/100\n|turn|3\n|\n|t:|1700860835\n|move|p2a: Crustle|Shell Smash|p2a: Crustle\n|-unboost|p2a: Crustle|def|1\n|-unboost|p2a: Crustle|spd|1\n|-boost|p2a: Crustle|atk|2\n|-boost|p2a: Crustle|spa|2\n|-boost|p2a: Crustle|spe|2\n|move|p1a: Garganacl|Salt Cure|p2a: Crustle\n|-supereffective|p2a: Crustle\n|-damage|p2a: Crustle|57\/100\n|-start|p2a: Crustle|Salt Cure\n|-ability|p2a: Crustle|Weak Armor|boost\n|-unboost|p2a: Crustle|def|1\n|-boost|p2a: Crustle|spe|2\n|\n|-weather|RainDance|[upkeep]\n|-heal|p2a: Crustle|63\/100|[from] item: Leftovers\n|-damage|p2a: Crustle|51\/100|[from] Salt Cure\n|upkeep\n|turn|4\n|\n|t:|1700860851\n|move|p2a: Crustle|Earthquake|p1a: Garganacl\n|-supereffective|p1a: Garganacl\n|-damage|p1a: Garganacl|23\/100\n|move|p1a: Garganacl|Body Press|p2a: Crustle\n|-damage|p2a: Crustle|6\/100\n|-ability|p2a: Crustle|Weak Armor|boost\n|-unboost|p2a: Crustle|def|1\n|-boost|p2a: Crustle|spe|2\n|\n|-weather|RainDance|[upkeep]\n|-heal|p2a: Crustle|12\/100|[from] item: Leftovers\n|-heal|p1a: Garganacl|29\/100|[from] item: Leftovers\n|-damage|p2a: Crustle|0 fnt|[from] Salt Cure\n|faint|p2a: Crustle\n|upkeep\n|\n|t:|1700860869\n|switch|p2a: Slither Wing|Slither Wing|100\/100\n|-enditem|p2a: Slither Wing|Booster Energy\n|-activate|p2a: Slither Wing|ability: Protosynthesis|[fromitem]\n|-start|p2a: Slither Wing|protosynthesisatk\n|turn|5\n|c|\u2606ApocalypticTofu|oh crazy defense\n|\n|t:|1700860879\n|-terastallize|p2a: Slither Wing|Bug\n|move|p2a: Slither Wing|First Impression|p1a: Garganacl\n|-damage|p1a: Garganacl|0 fnt\n|faint|p1a: Garganacl\n|\n|-weather|RainDance|[upkeep]\n|upkeep\n|c|\u2606MrTRB|me\n|c|\u2606ApocalypticTofu|garganacl is a beast\n|c|\u2606ApocalypticTofu|it's fine dude\n|c|\u2606MrTRB|casually underestimating the power of first fucking impression\n|\n|t:|1700860900\n|switch|p1a: Gholdengo|Gholdengo|100\/100\n|turn|6\n|c|\u2606ApocalypticTofu|lol\n|c|\u2606ApocalypticTofu|first impression is the tm i'd give if i were an actual gym leader lol\n|c|\u2606ApocalypticTofu|did i just use lol twice\n|c| CloysterEnjoyer|go\n|\n|t:|1700860927\n|move|p1a: Gholdengo|Nasty Plot|p1a: Gholdengo\n|-boost|p1a: Gholdengo|spa|2\n|move|p2a: Slither Wing|High Horsepower|p1a: Gholdengo\n|-supereffective|p1a: Gholdengo\n|-damage|p1a: Gholdengo|0 fnt\n|faint|p1a: Gholdengo\n|\n|win|ApocalypticTofu\n|c|\u2606ApocalypticTofu|i have been\n|c| CloysterEnjoyer|nah\n|c|\u2606MrTRB|i am\n","uploadtime":1700860947,"views":5,"p1id":"mrtrb","p2id":"apocalyptictofu","formatid":"gen9nationaldexubers","rating":0,"private":0,"password":""}