{"id":"gen9nationaldexubers-1982699111","p1":"CringeWeirdo02","p2":"Chaitanya15","format":"[Gen 9] National Dex Ubers","log":"|j|\u2606CringeWeirdo02\n|j|\u2606Chaitanya15\n|t:|1699036838\n|gametype|singles\n|player|p1|CringeWeirdo02|larry|1310\n|player|p2|Chaitanya15|101|1407\n|teamsize|p1|6\n|teamsize|p2|6\n|gen|9\n|tier|[Gen 9] National Dex Ubers\n|rated|\n|rule|HP Percentage Mod: HP is shown in percentages\n|rule|Endless Battle Clause: Forcing endless battles is banned\n|rule|OHKO Clause: OHKO moves are banned\n|rule|Evasion Moves Clause: Evasion moves are banned\n|rule|Evasion Items Clause: Evasion items are banned\n|rule|Species Clause: Limit one of each Pok\u00e9mon\n|rule|Sleep Clause Mod: Limit one foe put to sleep\n|rule|Mega Rayquaza Clause: You cannot mega evolve Rayquaza\n|clearpoke\n|poke|p1|Gliscor, M|\n|poke|p1|Sableye, M|\n|poke|p1|Skeledirge, M|\n|poke|p1|Cofagrigus, M|\n|poke|p1|Whimsicott, M|\n|poke|p1|Tyranitar, F|\n|poke|p2|Kingambit, F|\n|poke|p2|Basculegion, M|\n|poke|p2|Pikachu, F|\n|poke|p2|Kyogre|\n|poke|p2|Flutter Mane|\n|poke|p2|Deoxys-Speed|\n|teampreview\n|inactive|Battle timer is ON: inactive players will automatically lose when time's up. (requested by CringeWeirdo02)\n|c|\u2606CringeWeirdo02|glhf\n|\n|t:|1699036855\n|start\n|switch|p1a: > Iron Thorns|Tyranitar, F|100\/100\n|switch|p2a: Deoxys|Deoxys-Speed|100\/100\n|-ability|p2a: Deoxys|Pressure\n|-weather|Sandstorm|[from] ability: Sand Stream|[of] p1a: > Iron Thorns\n|turn|1\n|c|\u2606Chaitanya15|Same to you\n|\n|t:|1699036867\n|move|p2a: Deoxys|Stealth Rock|p1a: > Iron Thorns\n|-sidestart|p1: CringeWeirdo02|move: Stealth Rock\n|move|p1a: > Iron Thorns|Pursuit|p2a: Deoxys\n|-supereffective|p2a: Deoxys\n|-damage|p2a: Deoxys|35\/100\n|\n|-weather|Sandstorm|[upkeep]\n|-damage|p2a: Deoxys|29\/100|[from] Sandstorm\n|upkeep\n|turn|2\n|\n|t:|1699036877\n|move|p2a: Deoxys|Spikes|p1a: > Iron Thorns\n|-sidestart|p1: CringeWeirdo02|Spikes\n|move|p1a: > Iron Thorns|Stealth Rock|p2a: Deoxys\n|-sidestart|p2: Chaitanya15|move: Stealth Rock\n|\n|-weather|Sandstorm|[upkeep]\n|-damage|p2a: Deoxys|23\/100|[from] Sandstorm\n|upkeep\n|turn|3\n|\n|t:|1699036885\n|move|p2a: Deoxys|Spikes|p1a: > Iron Thorns\n|-sidestart|p1: CringeWeirdo02|Spikes\n|move|p1a: > Iron Thorns|Iron Head|p2a: Deoxys\n|-damage|p2a: Deoxys|0 fnt\n|faint|p2a: Deoxys\n|\n|-weather|Sandstorm|[upkeep]\n|upkeep\n|\n|t:|1699036893\n|switch|p2a: Pikachu|Pikachu, F|100\/100\n|-damage|p2a: Pikachu|88\/100|[from] Stealth Rock\n|turn|4\n|\n|t:|1699036905\n|switch|p1a: Ground Dracula|Gliscor, M|100\/100\n|-damage|p1a: Ground Dracula|88\/100|[from] Stealth Rock\n|move|p2a: Pikachu|Brick Break|p1a: Ground Dracula\n|-resisted|p1a: Ground Dracula\n|-damage|p1a: Ground Dracula|77\/100\n|\n|-weather|Sandstorm|[upkeep]\n|-damage|p2a: Pikachu|82\/100|[from] Sandstorm\n|-status|p1a: Ground Dracula|tox|[from] item: Toxic Orb\n|upkeep\n|turn|5\n|\n|t:|1699036916\n|move|p1a: Ground Dracula|Protect|p1a: Ground Dracula\n|-singleturn|p1a: Ground Dracula|Protect\n|move|p2a: Pikachu|Extreme Speed|p1a: Ground Dracula\n|-activate|p1a: Ground Dracula|move: Protect\n|\n|-weather|none\n|-damage|p1a: Ground Dracula|71\/100 tox|[from] psn\n|upkeep\n|turn|6\n|c|\u2606CringeWeirdo02|i forgot to pur toxic heal..\n|\n|t:|1699036931\n|move|p2a: Pikachu|Extreme Speed|p1a: Ground Dracula\n|-damage|p1a: Ground Dracula|45\/100 tox\n|move|p1a: Ground Dracula|Earthquake|p2a: Pikachu\n|-supereffective|p2a: Pikachu\n|-damage|p2a: Pikachu|0 fnt\n|faint|p2a: Pikachu\n|\n|-damage|p1a: Ground Dracula|33\/100 tox|[from] psn\n|upkeep\n|c|\u2606Chaitanya15|That\u2019s funny\n|\n|t:|1699036957\n|switch|p2a: Flutter Mane|Flutter Mane|100\/100\n|-damage|p2a: Flutter Mane|88\/100|[from] Stealth Rock\n|-enditem|p2a: Flutter Mane|Booster Energy\n|-activate|p2a: Flutter Mane|ability: Protosynthesis|[fromitem]\n|-start|p2a: Flutter Mane|protosynthesisspe\n|turn|7\n|\n|t:|1699036965\n|move|p2a: Flutter Mane|Moonblast|p1a: Ground Dracula\n|-damage|p1a: Ground Dracula|0 fnt\n|faint|p1a: Ground Dracula\n|\n|upkeep\n|\n|t:|1699036975\n|switch|p1a: > Iron Thorns|Tyranitar, F|100\/100\n|-damage|p1a: > Iron Thorns|88\/100|[from] Stealth Rock\n|-damage|p1a: > Iron Thorns|71\/100|[from] Spikes\n|-weather|Sandstorm|[from] ability: Sand Stream|[of] p1a: > Iron Thorns\n|turn|8\n|\n|t:|1699036982\n|move|p2a: Flutter Mane|Moonblast|p1a: > Iron Thorns\n|-supereffective|p1a: > Iron Thorns\n|-damage|p1a: > Iron Thorns|20\/100\n|move|p1a: > Iron Thorns|Iron Head|p2a: Flutter Mane\n|-supereffective|p2a: Flutter Mane\n|-damage|p2a: Flutter Mane|0 fnt\n|faint|p2a: Flutter Mane\n|-end|p2a: Flutter Mane|Protosynthesis|[silent]\n|\n|-weather|Sandstorm|[upkeep]\n|-heal|p1a: > Iron Thorns|26\/100|[from] item: Leftovers\n|upkeep\n|\n|t:|1699036994\n|switch|p2a: Kyogre|Kyogre|100\/100\n|-damage|p2a: Kyogre|88\/100|[from] Stealth Rock\n|-weather|RainDance|[from] ability: Drizzle|[of] p2a: Kyogre\n|turn|9\n|\n|t:|1699037005\n|move|p2a: Kyogre|Water Spout|p1a: > Iron Thorns\n|-supereffective|p1a: > Iron Thorns\n|-damage|p1a: > Iron Thorns|0 fnt\n|faint|p1a: > Iron Thorns\n|\n|-weather|RainDance|[upkeep]\n|upkeep\n|\n|t:|1699037018\n|switch|p1a: US Politician|Cofagrigus, M, shiny|100\/100\n|-damage|p1a: US Politician|88\/100|[from] Stealth Rock\n|-damage|p1a: US Politician|71\/100|[from] Spikes\n|turn|10\n|c|\u2606Chaitanya15|I really thought you would switch\n|\n|t:|1699037032\n|move|p2a: Kyogre|Water Spout|p1a: US Politician\n|-damage|p1a: US Politician|0 fnt\n|faint|p1a: US Politician\n|\n|-weather|RainDance|[upkeep]\n|upkeep\n|\n|t:|1699037036\n|switch|p1a: Picked Cotton|Whimsicott, M, shiny|100\/100\n|-damage|p1a: Picked Cotton|88\/100|[from] Stealth Rock\n|-damage|p1a: Picked Cotton|71\/100|[from] Spikes\n|turn|11\n|\n|t:|1699037045\n|move|p1a: Picked Cotton|Leech Seed|p2a: Kyogre\n|-start|p2a: Kyogre|move: Leech Seed\n|move|p2a: Kyogre|Water Spout|p1a: Picked Cotton\n|-resisted|p1a: Picked Cotton\n|-damage|p1a: Picked Cotton|8\/100\n|\n|-weather|RainDance|[upkeep]\n|-heal|p1a: Picked Cotton|14\/100|[from] item: Leftovers\n|-damage|p2a: Kyogre|76\/100|[from] Leech Seed|[of] p1a: Picked Cotton\n|-heal|p1a: Picked Cotton|27\/100|[silent]\n|upkeep\n|turn|12\n|\n|t:|1699037056\n|move|p1a: Picked Cotton|Substitute|p1a: Picked Cotton\n|-start|p1a: Picked Cotton|Substitute\n|-damage|p1a: Picked Cotton|2\/100\n|move|p2a: Kyogre|Water Spout|p1a: Picked Cotton\n|-resisted|p1a: Picked Cotton\n|-end|p1a: Picked Cotton|Substitute\n|\n|-weather|RainDance|[upkeep]\n|-heal|p1a: Picked Cotton|8\/100|[from] item: Leftovers\n|-damage|p2a: Kyogre|64\/100|[from] Leech Seed|[of] p1a: Picked Cotton\n|-heal|p1a: Picked Cotton|21\/100|[silent]\n|upkeep\n|turn|13\n|\n|t:|1699037076\n|switch|p2a: Kingambit|Kingambit, F|100\/100\n|-damage|p2a: Kingambit|94\/100|[from] Stealth Rock\n|-activate|p2a: Kingambit|ability: Supreme Overlord\n|-start|p2a: Kingambit|fallen3|[silent]\n|move|p1a: Picked Cotton|Leech Seed|p2a: Kingambit\n|-hint|Since gen 7, Dark is immune to Prankster moves.\n|-immune|p2a: Kingambit\n|\n|-weather|none\n|-heal|p1a: Picked Cotton|27\/100|[from] item: Leftovers\n|upkeep\n|turn|14\n|\n|t:|1699037088\n|switch|p1a: Florida Gater|Skeledirge, M, shiny|100\/100\n|-damage|p1a: Florida Gater|75\/100|[from] Stealth Rock\n|-damage|p1a: Florida Gater|59\/100|[from] Spikes\n|move|p2a: Kingambit|Swords Dance|p2a: Kingambit\n|-boost|p2a: Kingambit|atk|2\n|\n|-heal|p1a: Florida Gater|65\/100|[from] item: Leftovers\n|upkeep\n|turn|15\n|\n|t:|1699037101\n|-terastallize|p2a: Kingambit|Dark\n|move|p1a: Florida Gater|Will-O-Wisp|p2a: Kingambit\n|-status|p2a: Kingambit|brn\n|move|p2a: Kingambit|Kowtow Cleave|p1a: Florida Gater\n|-supereffective|p1a: Florida Gater\n|-damage|p1a: Florida Gater|0 fnt\n|faint|p1a: Florida Gater\n|-damage|p2a: Kingambit|84\/100 brn|[from] item: Life Orb\n|\n|-damage|p2a: Kingambit|78\/100 brn|[from] brn\n|upkeep\n|\n|t:|1699037112\n|switch|p1a: Piss Goblin|Sableye, M, shiny|100\/100\n|-damage|p1a: Piss Goblin|88\/100|[from] Stealth Rock\n|-damage|p1a: Piss Goblin|72\/100|[from] Spikes\n|turn|16\n|\n|t:|1699037122\n|detailschange|p1a: Piss Goblin|Sableye-Mega, M, shiny\n|-mega|p1a: Piss Goblin|Sableye|Sablenite\n|move|p2a: Kingambit|Kowtow Cleave|p1a: Piss Goblin\n|-damage|p1a: Piss Goblin|0 fnt\n|faint|p1a: Piss Goblin\n|-damage|p2a: Kingambit|68\/100 brn|[from] item: Life Orb\n|\n|-damage|p2a: Kingambit|62\/100 brn|[from] brn\n|upkeep\n|c|\u2606CringeWeirdo02|gg\n|-message|CringeWeirdo02 forfeited.\n|\n|win|Chaitanya15\n|raw|CringeWeirdo02's rating: 1310 &rarr; <strong>1295<\/strong><br \/>(-15 for losing)\n|raw|Chaitanya15's rating: 1407 &rarr; <strong>1422<\/strong><br \/>(+15 for winning)\n|l|\u2606CringeWeirdo02\n","uploadtime":1699037136,"views":6,"p1id":"cringeweirdo02","p2id":"chaitanya15","formatid":"gen9nationaldexubers","rating":1295,"private":0,"password":""}