{"id":"gen9nationaldexubers-1982216746","p1":"FoxasBat","p2":"lunchbox5536","format":"[Gen 9] National Dex Ubers","log":"|j|\u2606FoxasBat\n|j|\u2606lunchbox5536\n|t:|1698980346\n|gametype|singles\n|player|p1|FoxasBat|170|\n|player|p2|lunchbox5536|ghetsis|\n|teamsize|p1|6\n|teamsize|p2|6\n|gen|9\n|tier|[Gen 9] National Dex Ubers\n|rule|HP Percentage Mod: HP is shown in percentages\n|rule|Endless Battle Clause: Forcing endless battles is banned\n|rule|OHKO Clause: OHKO moves are banned\n|rule|Evasion Moves Clause: Evasion moves are banned\n|rule|Evasion Items Clause: Evasion items are banned\n|rule|Species Clause: Limit one of each Pok\u00e9mon\n|rule|Sleep Clause Mod: Limit one foe put to sleep\n|rule|Mega Rayquaza Clause: You cannot mega evolve Rayquaza\n|clearpoke\n|poke|p1|Clodsire, F|\n|poke|p1|Roaring Moon|\n|poke|p1|Armarouge, F|\n|poke|p1|Decidueye, M|\n|poke|p1|Sliggoo-Hisui, M|\n|poke|p1|Dunsparce, F|\n|poke|p2|Torkoal, F|\n|poke|p2|Zoroark-Hisui, F|\n|poke|p2|Grimmsnarl, M|\n|poke|p2|Articuno|\n|poke|p2|Leafeon, M|\n|poke|p2|Shelgon, M|\n|teampreview\n|\n|t:|1698980363\n|start\n|switch|p1a: Armarouge|Armarouge, F|100\/100\n|switch|p2a: Grimmsnarl|Grimmsnarl, M|100\/100\n|turn|1\n|j| Jam20Jam\n|\n|t:|1698980373\n|move|p2a: Grimmsnarl|Shadow Ball|p1a: Armarouge\n|-supereffective|p1a: Armarouge\n|-damage|p1a: Armarouge|0 fnt\n|faint|p1a: Armarouge\n|\n|upkeep\n|j| HeirEhm\n|\n|t:|1698980387\n|switch|p1a: Clodsire|Clodsire, F|100\/100\n|turn|2\n|\n|t:|1698980407\n|switch|p2a: Shelgon|Shelgon, M|100\/100\n|move|p1a: Clodsire|Stealth Rock|p2a: Shelgon\n|-sidestart|p2: lunchbox5536|move: Stealth Rock\n|\n|upkeep\n|turn|3\n|\n|t:|1698980416\n|move|p1a: Clodsire|Toxic|p2a: Shelgon\n|-status|p2a: Shelgon|tox\n|move|p2a: Shelgon|Dragon Tail|p1a: Clodsire\n|-damage|p1a: Clodsire|80\/100\n|drag|p1a: Decidueye|Decidueye, M|100\/100\n|\n|-damage|p2a: Shelgon|95\/100 tox|[from] psn\n|upkeep\n|turn|4\n|\n|t:|1698980428\n|move|p1a: Decidueye|Spirit Shackle|p2a: Shelgon\n|-crit|p2a: Shelgon\n|-damage|p2a: Shelgon|73\/100 tox\n|-activate|p2a: Shelgon|trapped\n|move|p2a: Shelgon|Toxic|p1a: Decidueye\n|-status|p1a: Decidueye|tox\n|\n|-damage|p1a: Decidueye|94\/100 tox|[from] psn\n|-damage|p2a: Shelgon|61\/100 tox|[from] psn\n|upkeep\n|turn|5\n|\n|t:|1698980453\n|move|p1a: Decidueye|Spirit Shackle|p2a: Shelgon\n|-damage|p2a: Shelgon|46\/100 tox\n|move|p2a: Shelgon|Wish|p2a: Shelgon\n|\n|-damage|p1a: Decidueye|82\/100 tox|[from] psn\n|-damage|p2a: Shelgon|28\/100 tox|[from] psn\n|upkeep\n|turn|6\n|\n|t:|1698980461\n|move|p1a: Decidueye|Spirit Shackle|p2a: Shelgon\n|-damage|p2a: Shelgon|15\/100 tox\n|move|p2a: Shelgon|Iron Head|p1a: Decidueye\n|-damage|p1a: Decidueye|68\/100 tox\n|\n|-heal|p2a: Shelgon|65\/100 tox|[from] move: Wish|[wisher] Shelgon\n|-damage|p1a: Decidueye|50\/100 tox|[from] psn\n|-damage|p2a: Shelgon|41\/100 tox|[from] psn\n|upkeep\n|turn|7\n|\n|t:|1698980471\n|move|p1a: Decidueye|Spirit Shackle|p2a: Shelgon\n|-damage|p2a: Shelgon|25\/100 tox\n|move|p2a: Shelgon|Wish|p2a: Shelgon\n|\n|-damage|p1a: Decidueye|25\/100 tox|[from] psn\n|-damage|p2a: Shelgon|0 fnt|[from] psn\n|faint|p2a: Shelgon\n|upkeep\n|\n|t:|1698980477\n|switch|p2a: Articuno|Articuno|100\/100\n|-ability|p2a: Articuno|Pressure\n|turn|8\n|\n|t:|1698980483\n|move|p2a: Articuno|Defog|p1a: Decidueye\n|-unboost|p1a: Decidueye|evasion|1\n|-sideend|p2: lunchbox5536|Stealth Rock|[from] move: Defog|[of] p2a: Articuno\n|move|p1a: Decidueye|U-turn|p2a: Articuno\n|-resisted|p2a: Articuno\n|-damage|p2a: Articuno|92\/100\n|\n|t:|1698980497\n|switch|p1a: Sliggoo|Sliggoo-Hisui, M|100\/100|[from] U-turn\n|\n|-heal|p2a: Articuno|100\/100|[from] move: Wish|[wisher] Shelgon\n|upkeep\n|turn|9\n|\n|t:|1698980515\n|switch|p2a: Torkoal|Torkoal, F|100\/100\n|-weather|SunnyDay|[from] ability: Drought|[of] p2a: Torkoal\n|move|p1a: Sliggoo|Acid Spray|p2a: Torkoal\n|-damage|p2a: Torkoal|91\/100\n|-unboost|p2a: Torkoal|spd|2\n|\n|-weather|SunnyDay|[upkeep]\n|upkeep\n|turn|10\n|\n|t:|1698980529\n|move|p1a: Sliggoo|Dragon Pulse|p2a: Torkoal\n|-damage|p2a: Torkoal|31\/100\n|move|p2a: Torkoal|Yawn|p1a: Sliggoo\n|-start|p1a: Sliggoo|move: Yawn|[of] p2a: Torkoal\n|\n|-weather|SunnyDay|[upkeep]\n|upkeep\n|turn|11\n|\n|t:|1698980544\n|switch|p2a: Leafeon|Leafeon, M|100\/100\n|move|p1a: Sliggoo|Acid Spray|p2a: Leafeon\n|-supereffective|p2a: Leafeon\n|-damage|p2a: Leafeon|60\/100\n|-unboost|p2a: Leafeon|spd|2\n|\n|-weather|SunnyDay|[upkeep]\n|-end|p1a: Sliggoo|move: Yawn|[silent]\n|-status|p1a: Sliggoo|slp\n|upkeep\n|turn|12\n|\n|t:|1698980559\n|-terastallize|p1a: Sliggoo|Water\n|move|p2a: Leafeon|Swords Dance|p2a: Leafeon\n|-boost|p2a: Leafeon|atk|2\n|cant|p1a: Sliggoo|slp\n|\n|-weather|SunnyDay|[upkeep]\n|upkeep\n|turn|13\n|\n|t:|1698980572\n|move|p2a: Leafeon|Solar Blade||[still]\n|-prepare|p2a: Leafeon|Solar Blade\n|-anim|p2a: Leafeon|Solar Blade|p1a: Sliggoo\n|-ability|p1a: Sliggoo|Sap Sipper|boost\n|-boost|p1a: Sliggoo|atk|1\n|-curestatus|p1a: Sliggoo|slp|[msg]\n|move|p1a: Sliggoo|Dragon Pulse|p2a: Leafeon\n|-damage|p2a: Leafeon|0 fnt\n|faint|p2a: Leafeon\n|\n|-weather|SunnyDay|[upkeep]\n|upkeep\n|\n|t:|1698980598\n|switch|p2a: Grimmsnarl|Grimmsnarl, M|100\/100\n|turn|14\n|\n|t:|1698980603\n|move|p2a: Grimmsnarl|Light Screen|p2a: Grimmsnarl\n|-sidestart|p2: lunchbox5536|move: Light Screen\n|move|p1a: Sliggoo|Acid Spray|p2a: Grimmsnarl\n|-supereffective|p2a: Grimmsnarl\n|-damage|p2a: Grimmsnarl|93\/100\n|-unboost|p2a: Grimmsnarl|spd|2\n|\n|-weather|SunnyDay|[upkeep]\n|upkeep\n|turn|15\n|\n|t:|1698980624\n|move|p2a: Grimmsnarl|Reflect|p2a: Grimmsnarl\n|-sidestart|p2: lunchbox5536|Reflect\n|move|p1a: Sliggoo|Acid Spray|p2a: Grimmsnarl\n|-supereffective|p2a: Grimmsnarl\n|-damage|p2a: Grimmsnarl|78\/100\n|-unboost|p2a: Grimmsnarl|spd|2\n|\n|-weather|SunnyDay|[upkeep]\n|upkeep\n|turn|16\n|\n|t:|1698980632\n|move|p2a: Grimmsnarl|Parting Shot|p1a: Sliggoo\n|-unboost|p1a: Sliggoo|atk|1\n|-unboost|p1a: Sliggoo|spa|1\n|\n|t:|1698980641\n|switch|p2a: Articuno|Articuno|100\/100|[from] Parting Shot\n|-ability|p2a: Articuno|Pressure\n|move|p1a: Sliggoo|Flash Cannon|p2a: Articuno\n|-supereffective|p2a: Articuno\n|-damage|p2a: Articuno|84\/100\n|-unboost|p2a: Articuno|spd|1\n|\n|-weather|none\n|upkeep\n|turn|17\n|\n|t:|1698980653\n|move|p2a: Articuno|Hurricane|p1a: Sliggoo\n|-damage|p1a: Sliggoo|73\/100\n|move|p1a: Sliggoo|Acid Spray|p2a: Articuno\n|-damage|p2a: Articuno|79\/100\n|-unboost|p2a: Articuno|spd|2\n|\n|upkeep\n|turn|18\n|\n|t:|1698980701\n|move|p2a: Articuno|Extrasensory|p1a: Sliggoo\n|-damage|p1a: Sliggoo|60\/100\n|move|p1a: Sliggoo|Flash Cannon|p2a: Articuno\n|-supereffective|p2a: Articuno\n|-damage|p2a: Articuno|34\/100\n|\n|upkeep\n|turn|19\n|\n|t:|1698980709\n|switch|p2a: Torkoal|Torkoal, F|31\/100\n|-weather|SunnyDay|[from] ability: Drought|[of] p2a: Torkoal\n|move|p1a: Sliggoo|Flash Cannon|p2a: Torkoal\n|-resisted|p2a: Torkoal\n|-damage|p2a: Torkoal|26\/100\n|\n|-weather|SunnyDay|[upkeep]\n|upkeep\n|turn|20\n|\n|t:|1698980727\n|move|p1a: Sliggoo|Dragon Pulse|p2a: Torkoal\n|-damage|p2a: Torkoal|17\/100\n|move|p2a: Torkoal|Stealth Rock|p1a: Sliggoo\n|-sidestart|p1: FoxasBat|move: Stealth Rock\n|\n|-weather|SunnyDay|[upkeep]\n|upkeep\n|turn|21\n|\n|t:|1698980736\n|move|p1a: Sliggoo|Dragon Pulse|p2a: Torkoal\n|-damage|p2a: Torkoal|7\/100\n|move|p2a: Torkoal|Lava Plume|p1a: Sliggoo\n|-resisted|p1a: Sliggoo\n|-damage|p1a: Sliggoo|47\/100\n|\n|-weather|SunnyDay|[upkeep]\n|-sideend|p2: lunchbox5536|move: Light Screen\n|upkeep\n|turn|22\n|\n|t:|1698980744\n|move|p1a: Sliggoo|Flash Cannon|p2a: Torkoal\n|-resisted|p2a: Torkoal\n|-damage|p2a: Torkoal|0 fnt\n|faint|p2a: Torkoal\n|\n|-weather|SunnyDay|[upkeep]\n|-sideend|p2: lunchbox5536|Reflect\n|upkeep\n|l| Jam20Jam\n|\n|t:|1698980751\n|switch|p2a: Articuno|Articuno|100\/100\n|turn|23\n|j| Jam20Jam\n|\n|t:|1698980762\n|-terastallize|p2a: Articuno|Normal\n|move|p2a: Articuno|Hyper Voice|p1a: Sliggoo\n|-damage|p1a: Sliggoo|6\/100\n|move|p1a: Sliggoo|Flash Cannon|p2a: Articuno\n|-damage|p2a: Articuno|61\/100\n|replace|p2a: Zoroark|Zoroark-Hisui, F\n|-end|p2a: Zoroark|Illusion\n|\n|-weather|SunnyDay|[upkeep]\n|upkeep\n|turn|24\n|\n|t:|1698980775\n|move|p2a: Zoroark|Hyper Voice|p1a: Sliggoo\n|-damage|p1a: Sliggoo|0 fnt\n|faint|p1a: Sliggoo\n|\n|-weather|SunnyDay|[upkeep]\n|upkeep\n|\n|t:|1698980784\n|switch|p1a: Decidueye|Decidueye, M|25\/100 tox\n|turn|25\n|\n|t:|1698980790\n|switch|p2a: Grimmsnarl|Grimmsnarl, M|78\/100\n|move|p1a: Decidueye|Defog|p2a: Grimmsnarl\n|-unboost|p2a: Grimmsnarl|evasion|1\n|-sideend|p1: FoxasBat|Stealth Rock|[from] move: Defog|[of] p1a: Decidueye\n|\n|-weather|SunnyDay|[upkeep]\n|-damage|p1a: Decidueye|19\/100 tox|[from] psn\n|upkeep\n|turn|26\n|\n|t:|1698980804\n|move|p2a: Grimmsnarl|Reflect|p2a: Grimmsnarl\n|-sidestart|p2: lunchbox5536|Reflect\n|move|p1a: Decidueye|U-turn|p2a: Grimmsnarl\n|-damage|p2a: Grimmsnarl|67\/100\n|l| HeirEhm\n|\n|t:|1698980812\n|switch|p1a: Dunsparce|Dunsparce, F|100\/100|[from] U-turn\n|\n|-weather|none\n|upkeep\n|turn|27\n|\n|t:|1698980817\n|move|p2a: Grimmsnarl|Taunt|p1a: Dunsparce\n|-start|p1a: Dunsparce|move: Taunt\n|cant|p1a: Dunsparce|move: Taunt|Coil\n|\n|upkeep\n|turn|28\n|\n|t:|1698980825\n|move|p2a: Grimmsnarl|Parting Shot|p1a: Dunsparce\n|-unboost|p1a: Dunsparce|atk|1\n|-unboost|p1a: Dunsparce|spa|1\n|\n|t:|1698980829\n|switch|p2a: Articuno|Articuno|34\/100|[from] Parting Shot\n|-ability|p2a: Articuno|Pressure\n|move|p1a: Dunsparce|Body Slam|p2a: Articuno\n|-damage|p2a: Articuno|26\/100\n|-status|p2a: Articuno|par\n|\n|upkeep\n|turn|29\n|\n|t:|1698980842\n|move|p2a: Articuno|Blizzard|p1a: Dunsparce|[miss]\n|-miss|p2a: Articuno|p1a: Dunsparce\n|move|p1a: Dunsparce|Body Slam|p2a: Articuno\n|-crit|p2a: Articuno\n|-damage|p2a: Articuno|0 fnt\n|faint|p2a: Articuno\n|\n|-end|p1a: Dunsparce|move: Taunt\n|upkeep\n|\n|t:|1698980851\n|switch|p2a: Grimmsnarl|Grimmsnarl, M, tera:Normal|61\/100\n|turn|30\n|\n|t:|1698980857\n|move|p2a: Grimmsnarl|Focus Blast|p1a: Dunsparce\n|-supereffective|p1a: Dunsparce\n|-damage|p1a: Dunsparce|30\/100\n|move|p1a: Dunsparce|Body Slam|p2a: Grimmsnarl\n|-damage|p2a: Grimmsnarl|46\/100\n|-status|p2a: Grimmsnarl|par\n|replace|p2a: Zoroark|Zoroark-Hisui, F\n|-end|p2a: Zoroark|Illusion\n|\n|-heal|p1a: Dunsparce|36\/100|[from] item: Leftovers\n|upkeep\n|turn|31\n|\n|t:|1698980869\n|move|p2a: Zoroark|Focus Blast|p1a: Dunsparce|[miss]\n|-miss|p2a: Zoroark|p1a: Dunsparce\n|move|p1a: Dunsparce|Roost|p1a: Dunsparce\n|-heal|p1a: Dunsparce|86\/100\n|-singleturn|p1a: Dunsparce|move: Roost\n|\n|-heal|p1a: Dunsparce|93\/100|[from] item: Leftovers\n|upkeep\n|turn|32\n|\n|t:|1698980878\n|move|p2a: Zoroark|Focus Blast|p1a: Dunsparce|[miss]\n|-miss|p2a: Zoroark|p1a: Dunsparce\n|move|p1a: Dunsparce|Body Slam|p2a: Zoroark\n|-damage|p2a: Zoroark|32\/100 par\n|\n|-heal|p1a: Dunsparce|99\/100|[from] item: Leftovers\n|upkeep\n|turn|33\n|\n|t:|1698980886\n|cant|p2a: Zoroark|par\n|move|p1a: Dunsparce|Coil|p1a: Dunsparce\n|-boost|p1a: Dunsparce|atk|1\n|-boost|p1a: Dunsparce|def|1\n|-boost|p1a: Dunsparce|accuracy|1\n|\n|-heal|p1a: Dunsparce|100\/100|[from] item: Leftovers\n|-sideend|p2: lunchbox5536|Reflect\n|upkeep\n|turn|34\n|\n|t:|1698980893\n|cant|p2a: Zoroark|par\n|move|p1a: Dunsparce|Coil|p1a: Dunsparce\n|-boost|p1a: Dunsparce|atk|1\n|-boost|p1a: Dunsparce|def|1\n|-boost|p1a: Dunsparce|accuracy|1\n|\n|upkeep\n|turn|35\n|\n|t:|1698980901\n|move|p2a: Zoroark|Focus Blast|p1a: Dunsparce|[miss]\n|-miss|p2a: Zoroark|p1a: Dunsparce\n|move|p1a: Dunsparce|Coil|p1a: Dunsparce\n|-boost|p1a: Dunsparce|atk|1\n|-boost|p1a: Dunsparce|def|1\n|-boost|p1a: Dunsparce|accuracy|1\n|\n|upkeep\n|turn|36\n|\n|t:|1698980908\n|move|p2a: Zoroark|Focus Blast|p1a: Dunsparce|[miss]\n|-miss|p2a: Zoroark|p1a: Dunsparce\n|move|p1a: Dunsparce|Body Slam|p2a: Zoroark\n|-damage|p2a: Zoroark|0 fnt\n|faint|p2a: Zoroark\n|\n|upkeep\n|\n|t:|1698980916\n|switch|p2a: Grimmsnarl|Grimmsnarl, M|67\/100\n|turn|37\n|\n|t:|1698980922\n|move|p2a: Grimmsnarl|Reflect|p2a: Grimmsnarl\n|-sidestart|p2: lunchbox5536|Reflect\n|move|p1a: Dunsparce|Body Slam|p2a: Grimmsnarl\n|-damage|p2a: Grimmsnarl|41\/100\n|\n|upkeep\n|turn|38\n|\n|t:|1698980929\n|move|p2a: Grimmsnarl|Parting Shot|p1a: Dunsparce\n|-unboost|p1a: Dunsparce|atk|1\n|-unboost|p1a: Dunsparce|spa|1\n|move|p1a: Dunsparce|Body Slam|p2a: Grimmsnarl\n|-damage|p2a: Grimmsnarl|21\/100\n|\n|upkeep\n|turn|39\n|\n|t:|1698980936\n|move|p2a: Grimmsnarl|Parting Shot|p1a: Dunsparce\n|-unboost|p1a: Dunsparce|atk|1\n|-unboost|p1a: Dunsparce|spa|1\n|move|p1a: Dunsparce|Body Slam|p2a: Grimmsnarl\n|-damage|p2a: Grimmsnarl|7\/100\n|-status|p2a: Grimmsnarl|par\n|\n|upkeep\n|turn|40\n|\n|t:|1698980943\n|move|p2a: Grimmsnarl|Parting Shot|p1a: Dunsparce\n|-unboost|p1a: Dunsparce|atk|1\n|-unboost|p1a: Dunsparce|spa|1\n|move|p1a: Dunsparce|Body Slam|p2a: Grimmsnarl\n|-damage|p2a: Grimmsnarl|0 fnt\n|faint|p2a: Grimmsnarl\n|\n|win|FoxasBat\n","uploadtime":1698980980,"views":9,"p1id":"foxasbat","p2id":"lunchbox5536","formatid":"gen9nationaldexubers","rating":0,"private":0,"password":""}