{"id":"gen9nationaldexubers-1994553925","p1":"Trainitar4","p2":"flushedXDDCC","format":"[Gen 9] National Dex Ubers","log":"|j|\u2606Trainitar4\n|j|\u2606flushedXDDCC\n|t:|1700458887\n|gametype|singles\n|player|p1|Trainitar4|ninjaboy|1046\n|player|p2|flushedXDDCC|unknownf|1345\n|teamsize|p1|6\n|teamsize|p2|6\n|gen|9\n|tier|[Gen 9] National Dex Ubers\n|rated|\n|rule|HP Percentage Mod: HP is shown in percentages\n|rule|Endless Battle Clause: Forcing endless battles is banned\n|rule|OHKO Clause: OHKO moves are banned\n|rule|Evasion Moves Clause: Evasion moves are banned\n|rule|Evasion Items Clause: Evasion items are banned\n|rule|Species Clause: Limit one of each Pok\u00e9mon\n|rule|Sleep Clause Mod: Limit one foe put to sleep\n|rule|Mega Rayquaza Clause: You cannot mega evolve Rayquaza\n|clearpoke\n|poke|p1|Xerneas-*|\n|poke|p1|Marshadow|\n|poke|p1|Groudon|\n|poke|p1|Deoxys-Speed|\n|poke|p1|Necrozma-Dusk-Mane|\n|poke|p1|Pheromosa|\n|poke|p2|Deoxys-Speed|\n|poke|p2|Kyurem-Black|\n|poke|p2|Marshadow|\n|poke|p2|Arceus-Water|\n|poke|p2|Chien-Pao|\n|poke|p2|Zacian-*|\n|teampreview\n|inactive|Battle timer is ON: inactive players will automatically lose when time's up. (requested by Trainitar4)\n|\n|t:|1700458902\n|start\n|switch|p1a: Deoxys|Deoxys-Speed, shiny|100\/100\n|switch|p2a: Deoxys|Deoxys-Speed|100\/100\n|-ability|p1a: Deoxys|Pressure\n|-ability|p2a: Deoxys|Pressure\n|turn|1\n|\n|t:|1700458911\n|switch|p2a: Kyurem|Kyurem-Black|100\/100\n|-ability|p2a: Kyurem|Teravolt\n|move|p1a: Deoxys|Magic Coat|p1a: Deoxys\n|-singleturn|p1a: Deoxys|move: Magic Coat\n|\n|upkeep\n|turn|2\n|\n|t:|1700458919\n|move|p1a: Deoxys|Taunt|p2a: Kyurem\n|-start|p2a: Kyurem|move: Taunt\n|cant|p2a: Kyurem|move: Taunt|Dragon Dance\n|\n|upkeep\n|turn|3\n|\n|t:|1700458926\n|move|p1a: Deoxys|Stealth Rock|p2a: Kyurem\n|-sidestart|p2: flushedXDDCC|move: Stealth Rock\n|move|p2a: Kyurem|Icicle Spear|p1a: Deoxys\n|-damage|p1a: Deoxys|80\/100\n|-damage|p1a: Deoxys|58\/100\n|-damage|p1a: Deoxys|37\/100\n|-damage|p1a: Deoxys|14\/100\n|-hitcount|p1a: Deoxys|4\n|\n|upkeep\n|turn|4\n|\n|t:|1700458939\n|move|p1a: Deoxys|Spikes|p2a: Kyurem\n|-sidestart|p2: flushedXDDCC|Spikes\n|move|p2a: Kyurem|Fusion Bolt|p1a: Deoxys\n|-damage|p1a: Deoxys|0 fnt\n|faint|p1a: Deoxys\n|\n|-end|p2a: Kyurem|move: Taunt\n|upkeep\n|\n|t:|1700458944\n|switch|p1a: Necrozma|Necrozma-Dusk-Mane, shiny|100\/100\n|turn|5\n|\n|t:|1700458952\n|switch|p2a: Zacian|Zacian-Crowned|100\/100\n|-damage|p2a: Zacian|94\/100|[from] Stealth Rock\n|-damage|p2a: Zacian|82\/100|[from] Spikes\n|-ability|p2a: Zacian|Intrepid Sword|boost\n|-boost|p2a: Zacian|atk|1\n|move|p1a: Necrozma|Dragon Dance|p1a: Necrozma\n|-boost|p1a: Necrozma|atk|1\n|-boost|p1a: Necrozma|spe|1\n|\n|upkeep\n|turn|6\n|\n|t:|1700458969\n|detailschange|p1a: Necrozma|Necrozma-Ultra, shiny\n|-burst|p1a: Necrozma|Necrozma|Ultranecrozium Z\n|move|p1a: Necrozma|Earthquake|p2a: Zacian\n|-supereffective|p2a: Zacian\n|-damage|p2a: Zacian|0 fnt\n|faint|p2a: Zacian\n|\n|upkeep\n|\n|t:|1700458974\n|switch|p2a: Marshadow|Marshadow|100\/100\n|-damage|p2a: Marshadow|94\/100|[from] Stealth Rock\n|-damage|p2a: Marshadow|82\/100|[from] Spikes\n|turn|7\n|\n|t:|1700458984\n|move|p1a: Necrozma|Photon Geyser|p2a: Marshadow\n|-supereffective|p2a: Marshadow\n|-damage|p2a: Marshadow|0 fnt\n|faint|p2a: Marshadow\n|\n|upkeep\n|-message|flushedXDDCC forfeited.\n|\n|win|Trainitar4\n|raw|Trainitar4's rating: 1046 &rarr; <strong>1102<\/strong><br \/>(+56 for winning)\n|raw|flushedXDDCC's rating: 1345 &rarr; <strong>1311<\/strong><br \/>(-34 for losing)\n|l|\u2606flushedXDDCC\n","uploadtime":1700458993,"views":4,"p1id":"trainitar4","p2id":"flushedxddcc","formatid":"gen9nationaldexubers","rating":1102,"private":0,"password":""}