{"id":"gen9nationaldexubers-1984718178","p1":"jhnjmjmjm","p2":"Gtg g u2","format":"[Gen 9] National Dex Ubers","log":"|j|\u2606jhnjmjmjm\n|j|\u2606Gtg g u2\n|t:|1699293388\n|gametype|singles\n|player|p1|jhnjmjmjm|dahlia|1059\n|player|p2|Gtg g u2|red-masters|1186\n|teamsize|p1|6\n|teamsize|p2|6\n|gen|9\n|tier|[Gen 9] National Dex Ubers\n|rated|\n|rule|HP Percentage Mod: HP is shown in percentages\n|rule|Endless Battle Clause: Forcing endless battles is banned\n|rule|OHKO Clause: OHKO moves are banned\n|rule|Evasion Moves Clause: Evasion moves are banned\n|rule|Evasion Items Clause: Evasion items are banned\n|rule|Species Clause: Limit one of each Pok\u00e9mon\n|rule|Sleep Clause Mod: Limit one foe put to sleep\n|rule|Mega Rayquaza Clause: You cannot mega evolve Rayquaza\n|clearpoke\n|poke|p1|Torkoal, F|\n|poke|p1|Whimsicott, M|\n|poke|p1|Toxapex, F|\n|poke|p1|Typhlosion-Hisui, F|\n|poke|p1|Slither Wing|\n|poke|p1|Houndoom, M|\n|poke|p2|Pikachu, M|\n|poke|p2|Kleavor, M|\n|poke|p2|Gengar, M|\n|poke|p2|Lucario, M|\n|poke|p2|Flygon, F|\n|poke|p2|Dracovish|\n|teampreview\n|inactive|Battle timer is ON: inactive players will automatically lose when time's up. (requested by Gtg g u2)\n|\n|t:|1699293403\n|start\n|switch|p1a: Torkoal|Torkoal, F|100\/100\n|switch|p2a: Kleavor|Kleavor, M|100\/100\n|-weather|SunnyDay|[from] ability: Drought|[of] p1a: Torkoal\n|turn|1\n|\n|t:|1699293408\n|move|p2a: Kleavor|Stone Axe|p1a: Torkoal\n|-supereffective|p1a: Torkoal\n|-damage|p1a: Torkoal|32\/100\n|-sidestart|p1: jhnjmjmjm|move: Stealth Rock\n|move|p1a: Torkoal|Stealth Rock|p2a: Kleavor\n|-sidestart|p2: Gtg g u2|move: Stealth Rock\n|\n|-weather|SunnyDay|[upkeep]\n|upkeep\n|turn|2\n|\n|t:|1699293412\n|move|p2a: Kleavor|Stone Axe|p1a: Torkoal\n|-supereffective|p1a: Torkoal\n|-damage|p1a: Torkoal|0 fnt\n|faint|p1a: Torkoal\n|\n|-weather|SunnyDay|[upkeep]\n|upkeep\n|\n|t:|1699293425\n|switch|p1a: Toxapex|Toxapex, F|100\/100\n|-damage|p1a: Toxapex|88\/100|[from] Stealth Rock\n|turn|3\n|\n|t:|1699293428\n|move|p2a: Kleavor|Swords Dance|p2a: Kleavor\n|-boost|p2a: Kleavor|atk|2\n|move|p1a: Toxapex|Toxic|p2a: Kleavor\n|-status|p2a: Kleavor|tox\n|\n|-weather|SunnyDay|[upkeep]\n|-heal|p1a: Toxapex|94\/100|[from] item: Black Sludge\n|-damage|p2a: Kleavor|94\/100 tox|[from] psn\n|upkeep\n|turn|4\n|\n|t:|1699293432\n|move|p1a: Toxapex|Baneful Bunker|p1a: Toxapex\n|-singleturn|p1a: Toxapex|move: Protect\n|move|p2a: Kleavor|Stone Axe|p1a: Toxapex\n|-activate|p1a: Toxapex|move: Protect\n|\n|-weather|SunnyDay|[upkeep]\n|-heal|p1a: Toxapex|100\/100|[from] item: Black Sludge\n|-damage|p2a: Kleavor|82\/100 tox|[from] psn\n|upkeep\n|turn|5\n|\n|t:|1699293440\n|move|p2a: Kleavor|Stone Axe|p1a: Toxapex\n|-damage|p1a: Toxapex|33\/100\n|move|p1a: Toxapex|Recover|p1a: Toxapex\n|-heal|p1a: Toxapex|83\/100\n|\n|-weather|SunnyDay|[upkeep]\n|-heal|p1a: Toxapex|89\/100|[from] item: Black Sludge\n|-damage|p2a: Kleavor|64\/100 tox|[from] psn\n|upkeep\n|turn|6\n|\n|t:|1699293450\n|move|p2a: Kleavor|Swords Dance|p2a: Kleavor\n|-boost|p2a: Kleavor|atk|2\n|move|p1a: Toxapex|Scald|p2a: Kleavor\n|-supereffective|p2a: Kleavor\n|-damage|p2a: Kleavor|40\/100 tox\n|\n|-weather|SunnyDay|[upkeep]\n|-heal|p1a: Toxapex|96\/100|[from] item: Black Sludge\n|-damage|p2a: Kleavor|16\/100 tox|[from] psn\n|upkeep\n|turn|7\n|\n|t:|1699293455\n|move|p1a: Toxapex|Baneful Bunker|p1a: Toxapex\n|-singleturn|p1a: Toxapex|move: Protect\n|move|p2a: Kleavor|Stone Axe|p1a: Toxapex\n|-activate|p1a: Toxapex|move: Protect\n|\n|-weather|SunnyDay|[upkeep]\n|-heal|p1a: Toxapex|100\/100|[from] item: Black Sludge\n|-damage|p2a: Kleavor|0 fnt|[from] psn\n|faint|p2a: Kleavor\n|upkeep\n|\n|t:|1699293457\n|switch|p2a: Pikachu|Pikachu, M|100\/100\n|-damage|p2a: Pikachu|88\/100|[from] Stealth Rock\n|turn|8\n|\n|t:|1699293465\n|-terastallize|p1a: Toxapex|Poison\n|move|p2a: Pikachu|Thunderbolt|p1a: Toxapex\n|-damage|p1a: Toxapex|72\/100\n|move|p1a: Toxapex|Toxic|p2a: Pikachu\n|-status|p2a: Pikachu|tox\n|\n|-weather|none\n|-heal|p1a: Toxapex|78\/100|[from] item: Black Sludge\n|-damage|p2a: Pikachu|82\/100 tox|[from] psn\n|upkeep\n|turn|9\n|\n|t:|1699293470\n|move|p2a: Pikachu|Thunderbolt|p1a: Toxapex\n|-damage|p1a: Toxapex|49\/100\n|move|p1a: Toxapex|Scald|p2a: Pikachu\n|-damage|p2a: Pikachu|33\/100 tox\n|\n|-heal|p1a: Toxapex|55\/100|[from] item: Black Sludge\n|-damage|p2a: Pikachu|21\/100 tox|[from] psn\n|upkeep\n|turn|10\n|\n|t:|1699293478\n|move|p2a: Pikachu|Thunderbolt|p1a: Toxapex\n|-damage|p1a: Toxapex|27\/100\n|move|p1a: Toxapex|Recover|p1a: Toxapex\n|-heal|p1a: Toxapex|77\/100\n|\n|-heal|p1a: Toxapex|83\/100|[from] item: Black Sludge\n|-damage|p2a: Pikachu|2\/100 tox|[from] psn\n|upkeep\n|turn|11\n|\n|t:|1699293480\n|move|p1a: Toxapex|Baneful Bunker|p1a: Toxapex\n|-singleturn|p1a: Toxapex|move: Protect\n|move|p2a: Pikachu|Thunderbolt|p1a: Toxapex\n|-activate|p1a: Toxapex|move: Protect\n|\n|-heal|p1a: Toxapex|90\/100|[from] item: Black Sludge\n|-damage|p2a: Pikachu|0 fnt|[from] psn\n|faint|p2a: Pikachu\n|upkeep\n|\n|t:|1699293483\n|switch|p2a: Flygon|Flygon, F|100\/100\n|-damage|p2a: Flygon|95\/100|[from] Stealth Rock\n|turn|12\n|\n|t:|1699293488\n|switch|p1a: Slither Wing|Slither Wing|100\/100\n|-damage|p1a: Slither Wing|88\/100|[from] Stealth Rock\n|-terastallize|p2a: Flygon|Steel\n|move|p2a: Flygon|Dragon Dance|p2a: Flygon\n|-boost|p2a: Flygon|atk|1\n|-boost|p2a: Flygon|spe|1\n|\n|upkeep\n|turn|13\n|\n|t:|1699293492\n|switch|p2a: Gengar|Gengar, M|100\/100\n|-damage|p2a: Gengar|88\/100|[from] Stealth Rock\n|move|p1a: Slither Wing|Close Combat|p2a: Gengar\n|-immune|p2a: Gengar\n|\n|upkeep\n|turn|14\n|\n|t:|1699293498\n|move|p2a: Gengar|Dazzling Gleam|p1a: Slither Wing\n|-supereffective|p1a: Slither Wing\n|-damage|p1a: Slither Wing|30\/100\n|move|p1a: Slither Wing|Flame Charge|p2a: Gengar\n|-damage|p2a: Gengar|42\/100\n|-boost|p1a: Slither Wing|spe|1\n|-start|p1a: Slither Wing|Disable|Flame Charge|[from] ability: Cursed Body|[of] p2a: Gengar\n|-damage|p1a: Slither Wing|20\/100|[from] item: Life Orb\n|\n|upkeep\n|turn|15\n|\n|t:|1699293507\n|move|p1a: Slither Wing|Wild Charge|p2a: Gengar\n|-damage|p2a: Gengar|0 fnt\n|faint|p2a: Gengar\n|-damage|p1a: Slither Wing|11\/100|[from] Recoil\n|-damage|p1a: Slither Wing|1\/100|[from] item: Life Orb\n|\n|upkeep\n|\n|t:|1699293509\n|switch|p2a: Dracovish|Dracovish|100\/100\n|-damage|p2a: Dracovish|88\/100|[from] Stealth Rock\n|turn|16\n|\n|t:|1699293514\n|move|p1a: Slither Wing|Close Combat|p2a: Dracovish\n|-damage|p2a: Dracovish|1\/100\n|-unboost|p1a: Slither Wing|def|1\n|-unboost|p1a: Slither Wing|spd|1\n|-damage|p1a: Slither Wing|0 fnt|[from] item: Life Orb\n|faint|p1a: Slither Wing\n|-end|p1a: Slither Wing|Protosynthesis|[silent]\n|move|p2a: Dracovish|Fishious Rend|p1: Slither Wing|[notarget]\n|-fail|p2a: Dracovish\n|\n|upkeep\n|\n|t:|1699293533\n|switch|p1a: Toxapex|Toxapex, F, tera:Poison|100\/100\n|-damage|p1a: Toxapex|88\/100|[from] Stealth Rock\n|turn|17\n|\n|t:|1699293535\n|move|p1a: Toxapex|Baneful Bunker|p1a: Toxapex\n|-singleturn|p1a: Toxapex|move: Protect\n|move|p2a: Dracovish|Fishious Rend|p1a: Toxapex\n|-activate|p1a: Toxapex|move: Protect\n|-status|p2a: Dracovish|psn\n|\n|-heal|p1a: Toxapex|94\/100|[from] item: Black Sludge\n|-damage|p2a: Dracovish|0 fnt|[from] psn\n|faint|p2a: Dracovish\n|upkeep\n|\n|t:|1699293537\n|switch|p2a: Flygon|Flygon, F, tera:Steel|95\/100\n|-damage|p2a: Flygon|89\/100|[from] Stealth Rock\n|turn|18\n|\n|t:|1699293549\n|move|p2a: Flygon|Dragon Dance|p2a: Flygon\n|-boost|p2a: Flygon|atk|1\n|-boost|p2a: Flygon|spe|1\n|move|p1a: Toxapex|Scald|p2a: Flygon\n|-damage|p2a: Flygon|66\/100\n|\n|-heal|p1a: Toxapex|100\/100|[from] item: Black Sludge\n|upkeep\n|turn|19\n|\n|t:|1699293556\n|move|p2a: Flygon|Dragon Dance|p2a: Flygon\n|-boost|p2a: Flygon|atk|1\n|-boost|p2a: Flygon|spe|1\n|move|p1a: Toxapex|Scald|p2a: Flygon\n|-damage|p2a: Flygon|43\/100\n|\n|upkeep\n|turn|20\n|\n|t:|1699293559\n|move|p2a: Flygon|Earthquake|p1a: Toxapex\n|-supereffective|p1a: Toxapex\n|-damage|p1a: Toxapex|0 fnt\n|faint|p1a: Toxapex\n|-damage|p2a: Flygon|33\/100|[from] item: Life Orb\n|\n|upkeep\n|\n|t:|1699293567\n|switch|p1a: Whimsicott|Whimsicott, M|100\/100\n|-damage|p1a: Whimsicott|88\/100|[from] Stealth Rock\n|turn|21\n|\n|t:|1699293570\n|move|p2a: Flygon|Stone Edge|p1a: Whimsicott\n|-damage|p1a: Whimsicott|0 fnt\n|faint|p1a: Whimsicott\n|-damage|p2a: Flygon|23\/100|[from] item: Life Orb\n|\n|upkeep\n|\n|t:|1699293574\n|switch|p1a: Typhlosion|Typhlosion-Hisui, F|100\/100\n|-damage|p1a: Typhlosion|76\/100|[from] Stealth Rock\n|turn|22\n|\n|t:|1699293578\n|move|p2a: Flygon|Earthquake|p1a: Typhlosion\n|-supereffective|p1a: Typhlosion\n|-damage|p1a: Typhlosion|0 fnt\n|faint|p1a: Typhlosion\n|-damage|p2a: Flygon|13\/100|[from] item: Life Orb\n|\n|upkeep\n|\n|t:|1699293581\n|switch|p1a: Houndoom|Houndoom, M|100\/100\n|-damage|p1a: Houndoom|76\/100|[from] Stealth Rock\n|turn|23\n|\n|t:|1699293584\n|detailschange|p1a: Houndoom|Houndoom-Mega, M\n|-mega|p1a: Houndoom|Houndoom|Houndoominite\n|move|p2a: Flygon|Earthquake|p1a: Houndoom\n|-supereffective|p1a: Houndoom\n|-damage|p1a: Houndoom|0 fnt\n|faint|p1a: Houndoom\n|-damage|p2a: Flygon|3\/100|[from] item: Life Orb\n|\n|win|Gtg g u2\n|raw|jhnjmjmjm's rating: 1059 &rarr; <strong>1047<\/strong><br \/>(-12 for losing)\n|raw|Gtg g u2's rating: 1186 &rarr; <strong>1202<\/strong><br \/>(+16 for winning)\n","uploadtime":1699293586,"views":5,"p1id":"jhnjmjmjm","p2id":"gtggu2","formatid":"gen9nationaldexubers","rating":1047,"private":0,"password":""}