{"id":"gen9nationaldexubers-1989411467","p1":"vic_ketchum","p2":"vizhionop","format":"[Gen 9] National Dex Ubers","log":"|j|\u2606vic_ketchum\n|j|\u2606vizhionop\n|t:|1699846810\n|gametype|singles\n|player|p1|vic_ketchum|ash-unova|1075\n|player|p2|vizhionop|alder|1049\n|teamsize|p1|6\n|teamsize|p2|5\n|gen|9\n|tier|[Gen 9] National Dex Ubers\n|rated|\n|rule|HP Percentage Mod: HP is shown in percentages\n|rule|Endless Battle Clause: Forcing endless battles is banned\n|rule|OHKO Clause: OHKO moves are banned\n|rule|Evasion Moves Clause: Evasion moves are banned\n|rule|Evasion Items Clause: Evasion items are banned\n|rule|Species Clause: Limit one of each Pok\u00e9mon\n|rule|Sleep Clause Mod: Limit one foe put to sleep\n|rule|Mega Rayquaza Clause: You cannot mega evolve Rayquaza\n|clearpoke\n|poke|p1|Mewtwo|\n|poke|p1|Pheromosa|\n|poke|p1|Deoxys|\n|poke|p1|Buzzwole|\n|poke|p1|Zoroark, M|\n|poke|p1|Scizor, M|\n|poke|p2|Abomasnow, M|\n|poke|p2|Darmanitan-Galar, M|\n|poke|p2|Garchomp, M|\n|poke|p2|Walking Wake|\n|poke|p2|Kyurem|\n|teampreview\n|inactive|Battle timer is ON: inactive players will automatically lose when time's up. (requested by vizhionop)\n|c|\u2606vizhionop|glhf!\n|c|\u2606vic_ketchum|si\n|\n|t:|1699846825\n|start\n|switch|p1a: CELL|Pheromosa|100\/100\n|switch|p2a: Abomasnow|Abomasnow, M|100\/100\n|-weather|Snow|[from] ability: Snow Warning|[of] p2a: Abomasnow\n|turn|1\n|\n|t:|1699846831\n|move|p1a: CELL|Poison Jab|p2a: Abomasnow\n|-supereffective|p2a: Abomasnow\n|-damage|p2a: Abomasnow|63\/100\n|move|p2a: Abomasnow|Aurora Veil|p2a: Abomasnow\n|-sidestart|p2: vizhionop|move: Aurora Veil\n|\n|-weather|Snow|[upkeep]\n|upkeep\n|turn|2\n|\n|t:|1699846844\n|move|p1a: CELL|Bug Buzz|p2a: Abomasnow\n|-supereffective|p2a: Abomasnow\n|-damage|p2a: Abomasnow|32\/100\n|move|p2a: Abomasnow|Blizzard|p1a: CELL\n|-damage|p1a: CELL|21\/100\n|\n|-weather|Snow|[upkeep]\n|upkeep\n|turn|3\n|\n|t:|1699846851\n|move|p1a: CELL|Bug Buzz|p2a: Abomasnow\n|-supereffective|p2a: Abomasnow\n|-damage|p2a: Abomasnow|2\/100\n|move|p2a: Abomasnow|Blizzard|p1a: CELL\n|-damage|p1a: CELL|0 fnt\n|faint|p1a: CELL\n|\n|-weather|Snow|[upkeep]\n|upkeep\n|\n|t:|1699846859\n|switch|p1a: XICOR|Scizor, M, shiny|100\/100\n|turn|4\n|\n|t:|1699846873\n|move|p1a: XICOR|Brick Break|p2a: Abomasnow\n|-sideend|p2: vizhionop|move: Aurora Veil\n|-supereffective|p2a: Abomasnow\n|-damage|p2a: Abomasnow|0 fnt\n|faint|p2a: Abomasnow\n|\n|-weather|Snow|[upkeep]\n|upkeep\n|\n|t:|1699846876\n|switch|p2a: Darmanitan|Darmanitan-Galar, M|100\/100\n|turn|5\n|\n|t:|1699846881\n|move|p2a: Darmanitan|Belly Drum|p2a: Darmanitan\n|-damage|p2a: Darmanitan|50\/100\n|-setboost|p2a: Darmanitan|atk|6|[from] move: Belly Drum\n|-enditem|p2a: Darmanitan|Sitrus Berry|[eat]\n|-heal|p2a: Darmanitan|75\/100|[from] item: Sitrus Berry\n|move|p1a: XICOR|Flamethrower|p2a: Darmanitan\n|-supereffective|p2a: Darmanitan\n|-damage|p2a: Darmanitan|0 fnt\n|faint|p2a: Darmanitan\n|\n|-weather|none\n|upkeep\n|\n|t:|1699846895\n|switch|p2a: Garchomp|Garchomp, M|100\/100\n|turn|6\n|\n|t:|1699846898\n|move|p2a: Garchomp|Fire Fang|p1a: XICOR\n|-crit|p1a: XICOR\n|-damage|p1a: XICOR|37\/100\n|replace|p1a: ZAMAS|Zoroark, M\n|-end|p1a: ZAMAS|Illusion\n|move|p1a: ZAMAS|Toxic|p2a: Garchomp\n|-status|p2a: Garchomp|tox\n|\n|-damage|p2a: Garchomp|94\/100 tox|[from] psn\n|upkeep\n|turn|7\n|\n|t:|1699846914\n|move|p2a: Garchomp|Scale Shot|p1a: ZAMAS\n|-damage|p1a: ZAMAS|13\/100\n|-damage|p1a: ZAMAS|0 fnt\n|faint|p1a: ZAMAS\n|-hitcount|p1: ZAMAS|2\n|-unboost|p2a: Garchomp|def|1\n|-boost|p2a: Garchomp|spe|1\n|\n|-damage|p2a: Garchomp|82\/100 tox|[from] psn\n|upkeep\n|\n|t:|1699846926\n|switch|p1a: XICOR|Scizor, M, shiny|100\/100\n|turn|8\n|\n|t:|1699846930\n|move|p2a: Garchomp|Fire Fang|p1a: XICOR\n|-supereffective|p1a: XICOR\n|-damage|p1a: XICOR|8\/100\n|move|p1a: XICOR|Swords Dance|p1a: XICOR\n|-boost|p1a: XICOR|atk|2\n|\n|-damage|p2a: Garchomp|64\/100 tox|[from] psn\n|upkeep\n|turn|9\n|\n|t:|1699846937\n|move|p1a: XICOR|Bullet Punch|p2a: Garchomp\n|-damage|p2a: Garchomp|0 fnt\n|faint|p2a: Garchomp\n|\n|upkeep\n|\n|t:|1699846940\n|switch|p2a: Walking Wake|Walking Wake|100\/100\n|turn|10\n|\n|t:|1699846942\n|move|p1a: XICOR|Bullet Punch|p2a: Walking Wake\n|-resisted|p2a: Walking Wake\n|-damage|p2a: Walking Wake|68\/100\n|move|p2a: Walking Wake|Flamethrower|p1a: XICOR\n|-supereffective|p1a: XICOR\n|-damage|p1a: XICOR|0 fnt\n|faint|p1a: XICOR\n|\n|upkeep\n|\n|t:|1699846950\n|switch|p1a: BROLY|Buzzwole, shiny|100\/100\n|turn|11\n|\n|t:|1699846953\n|move|p2a: Walking Wake|Flamethrower|p1a: BROLY\n|-supereffective|p1a: BROLY\n|-damage|p1a: BROLY|20\/100\n|move|p1a: BROLY|Outrage|p2a: Walking Wake\n|-supereffective|p2a: Walking Wake\n|-damage|p2a: Walking Wake|0 fnt\n|faint|p2a: Walking Wake\n|-end|p2a: Walking Wake|Protosynthesis|[silent]\n|-ability|p1a: BROLY|Beast Boost|boost\n|-boost|p1a: BROLY|atk|1\n|\n|upkeep\n|\n|t:|1699846956\n|switch|p2a: Kyurem|Kyurem|100\/100\n|-ability|p2a: Kyurem|Pressure\n|turn|12\n|\n|t:|1699846974\n|move|p2a: Kyurem|Ice Beam|p1a: BROLY\n|-damage|p1a: BROLY|0 fnt\n|faint|p1a: BROLY\n|\n|upkeep\n|\n|t:|1699846980\n|switch|p1a: MAJIN BUU|Deoxys|100\/100\n|-ability|p1a: MAJIN BUU|Pressure\n|turn|13\n|\n|t:|1699846990\n|move|p1a: MAJIN BUU|Dark Pulse|p2a: Kyurem\n|-damage|p2a: Kyurem|73\/100\n|cant|p2a: Kyurem|flinch\n|\n|upkeep\n|turn|14\n|\n|t:|1699846994\n|move|p1a: MAJIN BUU|Dark Pulse|p2a: Kyurem\n|-damage|p2a: Kyurem|43\/100\n|move|p2a: Kyurem|Ice Beam|p1a: MAJIN BUU\n|-damage|p1a: MAJIN BUU|8\/100\n|\n|upkeep\n|turn|15\n|\n|t:|1699847001\n|move|p1a: MAJIN BUU|Psychic|p2a: Kyurem\n|-damage|p2a: Kyurem|0 fnt\n|faint|p2a: Kyurem\n|\n|win|vic_ketchum\n|raw|vic_ketchum's rating: 1075 &rarr; <strong>1102<\/strong><br \/>(+27 for winning)\n|raw|vizhionop's rating: 1049 &rarr; <strong>1033<\/strong><br \/>(-16 for losing)\n|c|\u2606vizhionop|gg!\n","uploadtime":1699847005,"views":6,"p1id":"vicketchum","p2id":"vizhionop","formatid":"gen9nationaldexubers","rating":1033,"private":0,"password":""}