{"id":"gen9nationaldexubers-1998336572","p1":"Schneider123","p2":"KingoftheTitans","format":"[Gen 9] National Dex Ubers","log":"|j|\u2606Schneider123\n|j|\u2606KingoftheTitans\n|t:|1700930948\n|gametype|singles\n|player|p1|Schneider123|volkner|1339\n|player|p2|KingoftheTitans|101|1297\n|teamsize|p1|6\n|teamsize|p2|6\n|gen|9\n|tier|[Gen 9] National Dex Ubers\n|rated|\n|rule|HP Percentage Mod: HP is shown in percentages\n|rule|Endless Battle Clause: Forcing endless battles is banned\n|rule|OHKO Clause: OHKO moves are banned\n|rule|Evasion Moves Clause: Evasion moves are banned\n|rule|Evasion Items Clause: Evasion items are banned\n|rule|Species Clause: Limit one of each Pok\u00e9mon\n|rule|Sleep Clause Mod: Limit one foe put to sleep\n|rule|Mega Rayquaza Clause: You cannot mega evolve Rayquaza\n|clearpoke\n|poke|p1|Ursaluna-Bloodmoon, M|\n|poke|p1|Porygon-Z|\n|poke|p1|Arboliva, M|\n|poke|p1|Swellow, F|\n|poke|p1|Lopunny, F|\n|poke|p1|Regigigas|\n|poke|p2|Tornadus, M|\n|poke|p2|Basculegion, M|\n|poke|p2|Druddigon, M|\n|poke|p2|Iron Thorns|\n|poke|p2|Torterra, M|\n|poke|p2|Aggron, M|\n|teampreview\n|inactive|Battle timer is ON: inactive players will automatically lose when time's up. (requested by Schneider123)\n|\n|t:|1700930975\n|start\n|switch|p1a: Swellow|Swellow, F|100\/100\n|switch|p2a: Torterra|Torterra, M|100\/100\n|turn|1\n|\n|t:|1700930982\n|move|p1a: Swellow|Boomburst|p2a: Torterra\n|-damage|p2a: Torterra|36\/100\n|-enditem|p1a: Swellow|Throat Spray\n|-boost|p1a: Swellow|spa|1|[from] item: Throat Spray\n|move|p2a: Torterra|Shell Smash|p2a: Torterra\n|-unboost|p2a: Torterra|def|1\n|-unboost|p2a: Torterra|spd|1\n|-boost|p2a: Torterra|atk|2\n|-boost|p2a: Torterra|spa|2\n|-boost|p2a: Torterra|spe|2\n|\n|upkeep\n|turn|2\n|\n|t:|1700930996\n|move|p2a: Torterra|Rock Blast|p1a: Swellow\n|-supereffective|p1a: Swellow\n|-damage|p1a: Swellow|39\/100\n|-supereffective|p1a: Swellow\n|-damage|p1a: Swellow|0 fnt\n|faint|p1a: Swellow\n|-hitcount|p1: Swellow|2\n|\n|upkeep\n|\n|t:|1700931002\n|switch|p1a: Porygon-Z|Porygon-Z|100\/100\n|-ability|p1a: Porygon-Z|Download|boost\n|-boost|p1a: Porygon-Z|spa|1\n|turn|3\n|\n|t:|1700931008\n|move|p2a: Torterra|Bullet Seed|p1a: Porygon-Z\n|-damage|p1a: Porygon-Z|68\/100\n|-damage|p1a: Porygon-Z|35\/100\n|-damage|p1a: Porygon-Z|1\/100\n|-crit|p1a: Porygon-Z\n|-damage|p1a: Porygon-Z|0 fnt\n|faint|p1a: Porygon-Z\n|-hitcount|p1: Porygon-Z|4\n|\n|upkeep\n|\n|t:|1700931016\n|switch|p1a: Lopunny|Lopunny, F|100\/100\n|turn|4\n|\n|t:|1700931020\n|switch|p2a: Aggron|Aggron, M, shiny|100\/100\n|detailschange|p1a: Lopunny|Lopunny-Mega, F\n|-mega|p1a: Lopunny|Lopunny|Lopunnite\n|move|p1a: Lopunny|Fake Out|p2a: Aggron\n|-resisted|p2a: Aggron\n|-crit|p2a: Aggron\n|-damage|p2a: Aggron|96\/100\n|\n|upkeep\n|turn|5\n|\n|t:|1700931028\n|detailschange|p2a: Aggron|Aggron-Mega, M, shiny\n|-mega|p2a: Aggron|Aggron|Aggronite\n|move|p1a: Lopunny|Close Combat|p2a: Aggron\n|-supereffective|p2a: Aggron\n|-damage|p2a: Aggron|49\/100\n|-unboost|p1a: Lopunny|def|1\n|-unboost|p1a: Lopunny|spd|1\n|move|p2a: Aggron|Body Press|p1a: Lopunny\n|-supereffective|p1a: Lopunny\n|-damage|p1a: Lopunny|0 fnt\n|faint|p1a: Lopunny\n|\n|upkeep\n|\n|t:|1700931038\n|switch|p1a: Arboliva|Arboliva, M|100\/100\n|turn|6\n|\n|t:|1700931043\n|move|p2a: Aggron|Body Press|p1a: Arboliva\n|-supereffective|p1a: Arboliva\n|-damage|p1a: Arboliva|42\/100\n|-fieldstart|move: Grassy Terrain|[from] ability: Seed Sower|[of] p1a: Arboliva\n|move|p1a: Arboliva|Leech Seed|p2a: Aggron\n|-start|p2a: Aggron|move: Leech Seed\n|\n|-heal|p2a: Aggron|56\/100|[from] Grassy Terrain\n|-heal|p1a: Arboliva|48\/100|[from] Grassy Terrain\n|-heal|p1a: Arboliva|54\/100|[from] item: Leftovers\n|-damage|p2a: Aggron|43\/100|[from] Leech Seed|[of] p1a: Arboliva\n|-heal|p1a: Arboliva|66\/100|[silent]\n|upkeep\n|turn|7\n|\n|t:|1700931061\n|switch|p2a: Tornadus|Tornadus, M|100\/100\n|move|p1a: Arboliva|Giga Drain|p2a: Tornadus\n|-resisted|p2a: Tornadus\n|-damage|p2a: Tornadus|74\/100\n|-heal|p1a: Arboliva|77\/100|[from] drain|[of] p2a: Tornadus\n|\n|-heal|p1a: Arboliva|83\/100|[from] Grassy Terrain\n|-heal|p1a: Arboliva|89\/100|[from] item: Leftovers\n|upkeep\n|turn|8\n|\n|t:|1700931071\n|move|p2a: Tornadus|Hurricane|p1a: Arboliva\n|-supereffective|p1a: Arboliva\n|-damage|p1a: Arboliva|0 fnt\n|faint|p1a: Arboliva\n|\n|upkeep\n|\n|t:|1700931077\n|switch|p1a: Regigigas|Regigigas|100\/100\n|-start|p1a: Regigigas|ability: Slow Start\n|turn|9\n|\n|t:|1700931084\n|-terastallize|p2a: Tornadus|Fighting\n|move|p2a: Tornadus|Focus Blast|p1a: Regigigas\n|-supereffective|p1a: Regigigas\n|-damage|p1a: Regigigas|12\/100\n|move|p1a: Regigigas|Thunder Wave|p2a: Tornadus\n|-status|p2a: Tornadus|par\n|\n|-heal|p2a: Tornadus|80\/100 par|[from] Grassy Terrain\n|-heal|p1a: Regigigas|18\/100|[from] Grassy Terrain\n|-heal|p1a: Regigigas|25\/100|[from] item: Leftovers\n|upkeep\n|turn|10\n|\n|t:|1700931097\n|move|p1a: Regigigas|Protect|p1a: Regigigas\n|-singleturn|p1a: Regigigas|Protect\n|move|p2a: Tornadus|Hurricane|p1a: Regigigas\n|-activate|p1a: Regigigas|move: Protect\n|\n|-heal|p2a: Tornadus|86\/100 par|[from] Grassy Terrain\n|-heal|p1a: Regigigas|31\/100|[from] Grassy Terrain\n|-heal|p1a: Regigigas|37\/100|[from] item: Leftovers\n|-fieldend|move: Grassy Terrain\n|upkeep\n|turn|11\n|\n|t:|1700931107\n|move|p2a: Tornadus|Focus Blast|p1a: Regigigas\n|-supereffective|p1a: Regigigas\n|-damage|p1a: Regigigas|0 fnt\n|faint|p1a: Regigigas\n|-end|p1a: Regigigas|Slow Start|[silent]\n|\n|upkeep\n|\n|t:|1700931112\n|switch|p1a: Ursaluna|Ursaluna-Bloodmoon, M|100\/100\n|turn|12\n|\n|t:|1700931126\n|-terastallize|p1a: Ursaluna|Ground\n|move|p2a: Tornadus|Focus Blast|p1a: Ursaluna\n|-damage|p1a: Ursaluna|24\/100\n|-unboost|p1a: Ursaluna|spd|1\n|move|p1a: Ursaluna|Blood Moon|p2a: Tornadus\n|-damage|p2a: Tornadus|0 fnt\n|faint|p2a: Tornadus\n|\n|upkeep\n|\n|t:|1700931141\n|switch|p2a: Basculegion|Basculegion, M|100\/100\n|turn|13\n|\n|t:|1700931147\n|move|p2a: Basculegion|Wave Crash|p1a: Ursaluna\n|-supereffective|p1a: Ursaluna\n|-damage|p1a: Ursaluna|0 fnt\n|faint|p1a: Ursaluna\n|-damage|p2a: Basculegion|92\/100|[from] Recoil\n|\n|win|KingoftheTitans\n|raw|Schneider123's rating: 1339 &rarr; <strong>1317<\/strong><br \/>(-22 for losing)\n|raw|KingoftheTitans's rating: 1297 &rarr; <strong>1325<\/strong><br \/>(+28 for winning)\n|l|\u2606Schneider123\n|c|\u2606KingoftheTitans|gg\n","uploadtime":1700931158,"views":0,"p1id":"schneider123","p2id":"kingofthetitans","formatid":"gen9nationaldexubers","rating":1317,"private":0,"password":""}