{"id":"gen9nationaldexubers-1985905559","p1":"hutoew","p2":"Lengnapaul","format":"[Gen 9] National Dex Ubers","log":"|j|\u2606hutoew\n|j|\u2606Lengnapaul\n|t:|1699420464\n|gametype|singles\n|player|p1|hutoew|hilda|1399\n|player|p2|Lengnapaul|giovanni|1405\n|teamsize|p1|6\n|teamsize|p2|6\n|gen|9\n|tier|[Gen 9] National Dex Ubers\n|rated|\n|rule|HP Percentage Mod: HP is shown in percentages\n|rule|Endless Battle Clause: Forcing endless battles is banned\n|rule|OHKO Clause: OHKO moves are banned\n|rule|Evasion Moves Clause: Evasion moves are banned\n|rule|Evasion Items Clause: Evasion items are banned\n|rule|Species Clause: Limit one of each Pok\u00e9mon\n|rule|Sleep Clause Mod: Limit one foe put to sleep\n|rule|Mega Rayquaza Clause: You cannot mega evolve Rayquaza\n|clearpoke\n|poke|p1|Xerneas-*|\n|poke|p1|Yveltal|\n|poke|p1|Marshadow|\n|poke|p1|Cinderace, M|\n|poke|p1|Kartana|\n|poke|p1|Kyurem-White|\n|poke|p2|Arceus|\n|poke|p2|Ursaluna-Bloodmoon, M|\n|poke|p2|Marshadow|\n|poke|p2|Toxapex, F|\n|poke|p2|Blissey, F|\n|poke|p2|Necrozma-Dusk-Mane|\n|teampreview\n|inactive|Battle timer is ON: inactive players will automatically lose when time's up. (requested by Lengnapaul)\n|\n|t:|1699420475\n|start\n|switch|p1a: Xerneas|Xerneas|100\/100\n|switch|p2a: Toxapex|Toxapex, F|100\/100\n|-ability|p1a: Xerneas|Fairy Aura\n|turn|1\n|\n|t:|1699420480\n|move|p1a: Xerneas|Zen Headbutt|p2a: Toxapex\n|-supereffective|p2a: Toxapex\n|-crit|p2a: Toxapex\n|-damage|p2a: Toxapex|22\/100\n|-damage|p1a: Xerneas|84\/100|[from] item: Rocky Helmet|[of] p2a: Toxapex\n|cant|p2a: Toxapex|flinch\n|\n|upkeep\n|turn|2\n|\n|t:|1699420489\n|switch|p2a: Blissey|Blissey, F|100\/100\n|move|p1a: Xerneas|Zen Headbutt|p2a: Blissey\n|-damage|p2a: Blissey|11\/100\n|\n|-heal|p2a: Blissey|17\/100|[from] item: Leftovers\n|upkeep\n|turn|3\n|\n|t:|1699420494\n|move|p2a: Blissey|Protect|p2a: Blissey\n|-singleturn|p2a: Blissey|Protect\n|move|p1a: Xerneas|Zen Headbutt|p2a: Blissey\n|-activate|p2a: Blissey|move: Protect\n|\n|-heal|p2a: Blissey|23\/100|[from] item: Leftovers\n|upkeep\n|turn|4\n|\n|t:|1699420503\n|switch|p2a: Arceus|Arceus|100\/100\n|move|p1a: Xerneas|Zen Headbutt|p2a: Arceus\n|-damage|p2a: Arceus|75\/100\n|\n|-heal|p2a: Arceus|81\/100|[from] item: Leftovers\n|upkeep\n|turn|5\n|\n|t:|1699420508\n|switch|p1a: Yveltal|Yveltal|100\/100\n|-ability|p1a: Yveltal|Dark Aura\n|move|p2a: Arceus|Extreme Speed|p1a: Yveltal\n|-damage|p1a: Yveltal|62\/100\n|\n|-heal|p2a: Arceus|87\/100|[from] item: Leftovers\n|upkeep\n|turn|6\n|\n|t:|1699420514\n|move|p2a: Arceus|Extreme Speed|p1a: Yveltal\n|-damage|p1a: Yveltal|23\/100\n|move|p1a: Yveltal|Knock Off|p2a: Arceus\n|-damage|p2a: Arceus|45\/100\n|-enditem|p2a: Arceus|Leftovers|[from] move: Knock Off|[of] p1a: Yveltal\n|\n|upkeep\n|turn|7\n|\n|t:|1699420518\n|switch|p1a: Marshadow|Marshadow|100\/100\n|move|p2a: Arceus|Extreme Speed|p1a: Marshadow\n|-immune|p1a: Marshadow\n|\n|upkeep\n|turn|8\n|\n|t:|1699420525\n|move|p1a: Marshadow|Knock Off|p2a: Arceus\n|-damage|p2a: Arceus|24\/100\n|move|p2a: Arceus|Flare Blitz|p1a: Marshadow\n|-damage|p1a: Marshadow|45\/100\n|-damage|p2a: Arceus|10\/100|[from] Recoil\n|\n|upkeep\n|turn|9\n|\n|t:|1699420531\n|move|p1a: Marshadow|Knock Off|p2a: Arceus\n|-damage|p2a: Arceus|0 fnt\n|faint|p2a: Arceus\n|\n|upkeep\n|\n|t:|1699420537\n|switch|p2a: Toxapex|Toxapex, F|55\/100\n|turn|10\n|\n|t:|1699420541\n|move|p2a: Toxapex|Baneful Bunker|p2a: Toxapex\n|-singleturn|p2a: Toxapex|move: Protect\n|move|p1a: Marshadow|Knock Off|p2a: Toxapex\n|-activate|p2a: Toxapex|move: Protect\n|-status|p1a: Marshadow|psn\n|\n|-damage|p1a: Marshadow|33\/100 psn|[from] psn\n|upkeep\n|turn|11\n|\n|t:|1699420546\n|move|p1a: Marshadow|Knock Off|p2a: Toxapex\n|-damage|p2a: Toxapex|28\/100\n|-damage|p1a: Marshadow|16\/100 psn|[from] item: Rocky Helmet|[of] p2a: Toxapex\n|-enditem|p2a: Toxapex|Rocky Helmet|[from] move: Knock Off|[of] p1a: Marshadow\n|move|p2a: Toxapex|Toxic Spikes|p1a: Marshadow\n|-sidestart|p1: hutoew|move: Toxic Spikes\n|\n|-damage|p1a: Marshadow|4\/100 psn|[from] psn\n|upkeep\n|turn|12\n|\n|t:|1699420552\n|switch|p1a: Cinderace|Cinderace, M|100\/100\n|move|p2a: Toxapex|Toxic Spikes|p1a: Cinderace\n|-sidestart|p1: hutoew|move: Toxic Spikes\n|\n|upkeep\n|turn|13\n|\n|t:|1699420561\n|move|p1a: Cinderace|Court Change|p1a: Cinderace\n|-start|p1a: Cinderace|typechange|Normal|[from] ability: Libero\n|-swapsideconditions\n|-activate|p1a: Cinderace|move: Court Change\n|move|p2a: Toxapex|Toxic|p1a: Cinderace\n|-status|p1a: Cinderace|tox\n|\n|-damage|p1a: Cinderace|95\/100 tox|[from] psn\n|upkeep\n|turn|14\n|\n|t:|1699420574\n|switch|p2a: Blissey|Blissey, F|23\/100\n|-status|p2a: Blissey|tox\n|move|p1a: Cinderace|Pyro Ball|p2a: Blissey\n|-damage|p2a: Blissey|0 fnt\n|faint|p2a: Blissey\n|\n|-damage|p1a: Cinderace|83\/100 tox|[from] psn\n|upkeep\n|\n|t:|1699420578\n|switch|p2a: Toxapex|Toxapex, F|61\/100\n|-sideend|p2: Lengnapaul|move: Toxic Spikes|[of] p2a: Toxapex\n|turn|15\n|\n|t:|1699420585\n|switch|p1a: Kyurem|Kyurem-White|100\/100\n|-ability|p1a: Kyurem|Turboblaze\n|move|p2a: Toxapex|Toxic Spikes|p1a: Kyurem\n|-sidestart|p1: hutoew|move: Toxic Spikes\n|\n|upkeep\n|turn|16\n|\n|t:|1699420591\n|move|p1a: Kyurem|Freeze-Dry|p2a: Toxapex\n|-supereffective|p2a: Toxapex\n|-damage|p2a: Toxapex|0 fnt\n|faint|p2a: Toxapex\n|\n|upkeep\n|\n|t:|1699420604\n|switch|p2a: Necrozma|Necrozma-Dusk-Mane|100\/100\n|turn|17\n|\n|t:|1699420609\n|switch|p1a: Marshadow|Marshadow|4\/100 psn\n|move|p2a: Necrozma|Dragon Dance|p2a: Necrozma\n|-boost|p2a: Necrozma|atk|1\n|-boost|p2a: Necrozma|spe|1\n|\n|-damage|p1a: Marshadow|0 fnt|[from] psn\n|faint|p1a: Marshadow\n|upkeep\n|\n|t:|1699420613\n|switch|p1a: Kartana|Kartana|100\/100\n|turn|18\n|\n|t:|1699420618\n|move|p1a: Kartana|Knock Off|p2a: Necrozma\n|-supereffective|p2a: Necrozma\n|-damage|p2a: Necrozma|57\/100\n|move|p2a: Necrozma|Earthquake|p1a: Kartana\n|-damage|p1a: Kartana|44\/100\n|\n|upkeep\n|turn|19\n|\n|t:|1699420633\n|move|p1a: Kartana|Knock Off|p2a: Necrozma\n|-supereffective|p2a: Necrozma\n|-damage|p2a: Necrozma|17\/100\n|move|p2a: Necrozma|Earthquake|p1a: Kartana\n|-crit|p1a: Kartana\n|-damage|p1a: Kartana|0 fnt\n|faint|p1a: Kartana\n|\n|upkeep\n|\n|t:|1699420638\n|switch|p1a: Yveltal|Yveltal|23\/100\n|-ability|p1a: Yveltal|Dark Aura\n|turn|20\n|\n|t:|1699420646\n|move|p1a: Yveltal|Sucker Punch||[still]\n|-fail|p1a: Yveltal\n|move|p2a: Necrozma|Morning Sun|p2a: Necrozma\n|-heal|p2a: Necrozma|67\/100\n|\n|upkeep\n|turn|21\n|\n|t:|1699420661\n|detailschange|p2a: Necrozma|Necrozma-Ultra\n|-burst|p2a: Necrozma|Necrozma|Ultranecrozium Z\n|move|p1a: Yveltal|Sucker Punch|p2a: Necrozma\n|-supereffective|p2a: Necrozma\n|-damage|p2a: Necrozma|0 fnt\n|faint|p2a: Necrozma\n|\n|upkeep\n|\n|t:|1699420674\n|switch|p2a: Ursaluna|Ursaluna-Bloodmoon, M|100\/100\n|turn|22\n|\n|t:|1699420678\n|move|p1a: Yveltal|Oblivion Wing|p2a: Ursaluna\n|-damage|p2a: Ursaluna|60\/100\n|-heal|p1a: Yveltal|56\/100|[from] drain|[of] p2a: Ursaluna\n|move|p2a: Ursaluna|Calm Mind|p2a: Ursaluna\n|-boost|p2a: Ursaluna|spa|1\n|-boost|p2a: Ursaluna|spd|1\n|\n|-heal|p2a: Ursaluna|67\/100|[from] item: Leftovers\n|upkeep\n|turn|23\n|\n|t:|1699420682\n|move|p1a: Yveltal|Knock Off|p2a: Ursaluna\n|-damage|p2a: Ursaluna|17\/100\n|-enditem|p2a: Ursaluna|Leftovers|[from] move: Knock Off|[of] p1a: Yveltal\n|move|p2a: Ursaluna|Calm Mind|p2a: Ursaluna\n|-boost|p2a: Ursaluna|spa|1\n|-boost|p2a: Ursaluna|spd|1\n|\n|upkeep\n|turn|24\n|\n|t:|1699420686\n|move|p1a: Yveltal|Sucker Punch|p2a: Ursaluna\n|-damage|p2a: Ursaluna|0 fnt\n|faint|p2a: Ursaluna\n|\n|upkeep\n|\n|t:|1699420690\n|switch|p2a: Marshadow|Marshadow|100\/100\n|turn|25\n|\n|t:|1699420701\n|-terastallize|p2a: Marshadow|Fighting\n|move|p2a: Marshadow|Drain Punch|p1a: Yveltal\n|-damage|p1a: Yveltal|8\/100\n|move|p1a: Yveltal|Oblivion Wing|p2a: Marshadow\n|-supereffective|p2a: Marshadow\n|-damage|p2a: Marshadow|26\/100\n|-heal|p1a: Yveltal|54\/100|[from] drain|[of] p2a: Marshadow\n|\n|upkeep\n|turn|26\n|\n|t:|1699420706\n|move|p2a: Marshadow|Shadow Sneak|p1a: Yveltal\n|-resisted|p1a: Yveltal\n|-damage|p1a: Yveltal|38\/100\n|move|p1a: Yveltal|Sucker Punch||[still]\n|-fail|p1a: Yveltal\n|\n|upkeep\n|turn|27\n|\n|t:|1699420710\n|move|p2a: Marshadow|Drain Punch|p1a: Yveltal\n|-damage|p1a: Yveltal|0 fnt\n|-heal|p2a: Marshadow|48\/100|[from] drain|[of] p1a: Yveltal\n|faint|p1a: Yveltal\n|\n|upkeep\n|\n|t:|1699420718\n|switch|p1a: Xerneas|Xerneas|84\/100\n|-status|p1a: Xerneas|psn\n|-ability|p1a: Xerneas|Fairy Aura\n|turn|28\n|\n|t:|1699420723\n|move|p2a: Marshadow|Spectral Thief|p1a: Xerneas\n|-damage|p1a: Xerneas|43\/100 psn\n|move|p1a: Xerneas|Play Rough|p2a: Marshadow\n|-supereffective|p2a: Marshadow\n|-damage|p2a: Marshadow|0 fnt\n|faint|p2a: Marshadow\n|\n|win|hutoew\n|raw|hutoew's rating: 1399 &rarr; <strong>1419<\/strong><br \/>(+20 for winning)\n|raw|Lengnapaul's rating: 1405 &rarr; <strong>1385<\/strong><br \/>(-20 for losing)\n|l|\u2606Lengnapaul\n","uploadtime":1699420745,"views":6,"p1id":"hutoew","p2id":"lengnapaul","formatid":"gen9nationaldexubers","rating":1385,"private":0,"password":""}