{"id":"gen9nationaldexubers-1999166618","p1":"carutothehocarge","p2":"I Hate AP Chem","format":"[Gen 9] National Dex Ubers","log":"|j|\u2606carutothehocarge\n|j|\u2606I Hate AP Chem\n|t:|1701040540\n|gametype|singles\n|player|p1|carutothehocarge|ghetsis-gen5bw|\n|player|p2|I Hate AP Chem|sisandbro|\n|teamsize|p1|6\n|teamsize|p2|6\n|gen|9\n|tier|[Gen 9] National Dex Ubers\n|rule|HP Percentage Mod: HP is shown in percentages\n|rule|Endless Battle Clause: Forcing endless battles is banned\n|rule|OHKO Clause: OHKO moves are banned\n|rule|Evasion Moves Clause: Evasion moves are banned\n|rule|Evasion Items Clause: Evasion items are banned\n|rule|Species Clause: Limit one of each Pok\u00e9mon\n|rule|Sleep Clause Mod: Limit one foe put to sleep\n|rule|Mega Rayquaza Clause: You cannot mega evolve Rayquaza\n|clearpoke\n|poke|p1|Lycanroc, F|\n|poke|p1|Hippowdon, M|\n|poke|p1|Steelix, M|\n|poke|p1|Mr. Rime, M|\n|poke|p1|Victini|\n|poke|p1|Necrozma|\n|poke|p2|Tapu Bulu|\n|poke|p2|Meowscarada, M|\n|poke|p2|Sneasler, M|\n|poke|p2|Zapdos-Galar|\n|poke|p2|Ribombee, M|\n|poke|p2|Blastoise, M|\n|teampreview\n|j| Porkedcar\n|\n|t:|1701040567\n|start\n|switch|p1a: Hippowdon|Hippowdon, M|100\/100\n|switch|p2a: Ribombee|Ribombee, M|100\/100\n|-weather|Sandstorm|[from] ability: Sand Stream|[of] p1a: Hippowdon\n|turn|1\n|\n|t:|1701040581\n|move|p2a: Ribombee|Sticky Web|p1a: Hippowdon\n|-sidestart|p1: carutothehocarge|move: Sticky Web\n|move|p1a: Hippowdon|Stealth Rock|p2a: Ribombee\n|-sidestart|p2: I Hate AP Chem|move: Stealth Rock\n|\n|-weather|Sandstorm|[upkeep]\n|-damage|p2a: Ribombee|94\/100|[from] Sandstorm\n|upkeep\n|turn|2\n|\n|t:|1701040589\n|move|p2a: Ribombee|Stun Spore|p1a: Hippowdon\n|-status|p1a: Hippowdon|par\n|move|p1a: Hippowdon|Heavy Slam|p2a: Ribombee\n|-supereffective|p2a: Ribombee\n|-damage|p2a: Ribombee|0 fnt\n|faint|p2a: Ribombee\n|\n|-weather|Sandstorm|[upkeep]\n|upkeep\n|\n|t:|1701040609\n|switch|p2a: Tapu Bulu|Tapu Bulu|100\/100\n|-damage|p2a: Tapu Bulu|88\/100|[from] Stealth Rock\n|-fieldstart|move: Grassy Terrain|[from] ability: Grassy Surge|[of] p2a: Tapu Bulu\n|turn|3\n|\n|t:|1701040655\n|move|p2a: Tapu Bulu|Wood Hammer|p1a: Hippowdon\n|-supereffective|p1a: Hippowdon\n|-damage|p1a: Hippowdon|0 fnt\n|faint|p1a: Hippowdon\n|-damage|p2a: Tapu Bulu|48\/100|[from] Recoil\n|\n|-weather|Sandstorm|[upkeep]\n|-damage|p2a: Tapu Bulu|42\/100|[from] Sandstorm\n|-heal|p2a: Tapu Bulu|48\/100|[from] Grassy Terrain\n|upkeep\n|\n|t:|1701040665\n|switch|p1a: Lycanroc|Lycanroc, F|100\/100\n|-item|p1a: Lycanroc|Air Balloon\n|turn|4\n|\n|t:|1701040723\n|switch|p1a: Steelix|Steelix, M|100\/100\n|-activate|p1a: Steelix|move: Sticky Web\n|-unboost|p1a: Steelix|spe|1\n|move|p2a: Tapu Bulu|Wood Hammer|p1a: Steelix\n|-damage|p1a: Steelix|36\/100\n|-damage|p2a: Tapu Bulu|26\/100|[from] Recoil\n|\n|-weather|Sandstorm|[upkeep]\n|-damage|p2a: Tapu Bulu|19\/100|[from] Sandstorm\n|-heal|p2a: Tapu Bulu|26\/100|[from] Grassy Terrain\n|-heal|p1a: Steelix|42\/100|[from] Grassy Terrain\n|upkeep\n|turn|5\n|\n|t:|1701040748\n|move|p2a: Tapu Bulu|Wood Hammer|p1a: Steelix\n|-damage|p1a: Steelix|0 fnt\n|faint|p1a: Steelix\n|-damage|p2a: Tapu Bulu|11\/100|[from] Recoil\n|\n|-weather|Sandstorm|[upkeep]\n|-damage|p2a: Tapu Bulu|5\/100|[from] Sandstorm\n|-heal|p2a: Tapu Bulu|11\/100|[from] Grassy Terrain\n|upkeep\n|\n|t:|1701040775\n|switch|p1a: Victini|Victini|100\/100\n|-activate|p1a: Victini|move: Sticky Web\n|-unboost|p1a: Victini|spe|1\n|turn|6\n|\n|t:|1701040790\n|move|p1a: Victini|V-create|p2a: Tapu Bulu\n|-supereffective|p2a: Tapu Bulu\n|-damage|p2a: Tapu Bulu|0 fnt\n|-unboost|p1a: Victini|spe|1\n|-unboost|p1a: Victini|def|1\n|-unboost|p1a: Victini|spd|1\n|faint|p2a: Tapu Bulu\n|-damage|p1a: Victini|91\/100|[from] item: Life Orb\n|\n|-weather|Sandstorm|[upkeep]\n|-damage|p1a: Victini|84\/100|[from] Sandstorm\n|-heal|p1a: Victini|91\/100|[from] Grassy Terrain\n|upkeep\n|\n|t:|1701040805\n|switch|p2a: smurfcat jpg|Meowscarada, M|100\/100\n|-damage|p2a: smurfcat jpg|88\/100|[from] Stealth Rock\n|turn|7\n|\n|t:|1701040813\n|move|p2a: smurfcat jpg|Knock Off|p1a: Victini\n|-supereffective|p1a: Victini\n|-damage|p1a: Victini|0 fnt\n|-enditem|p1a: Victini|Life Orb|[from] move: Knock Off|[of] p2a: smurfcat jpg\n|faint|p1a: Victini\n|-damage|p2a: smurfcat jpg|78\/100|[from] item: Life Orb\n|\n|-weather|Sandstorm|[upkeep]\n|-damage|p2a: smurfcat jpg|72\/100|[from] Sandstorm\n|-heal|p2a: smurfcat jpg|78\/100|[from] Grassy Terrain\n|-fieldend|move: Grassy Terrain\n|upkeep\n|\n|t:|1701040821\n|switch|p1a: Lycanroc|Lycanroc, F|100\/100\n|-item|p1a: Lycanroc|Air Balloon\n|turn|8\n|\n|t:|1701040827\n|switch|p2a: Zapdos|Zapdos-Galar|100\/100\n|-damage|p2a: Zapdos|88\/100|[from] Stealth Rock\n|move|p1a: Lycanroc|Close Combat|p2a: Zapdos\n|-resisted|p2a: Zapdos\n|-damage|p2a: Zapdos|67\/100\n|-unboost|p1a: Lycanroc|def|1\n|-unboost|p1a: Lycanroc|spd|1\n|\n|-weather|none\n|upkeep\n|turn|9\n|\n|t:|1701040844\n|move|p2a: Zapdos|Thunderous Kick|p1a: Lycanroc\n|-supereffective|p1a: Lycanroc\n|-damage|p1a: Lycanroc|0 fnt\n|-enditem|p1a: Lycanroc|Air Balloon\n|faint|p1a: Lycanroc\n|\n|upkeep\n|\n|t:|1701040853\n|switch|p1a: Necrozma|Necrozma|100\/100\n|-activate|p1a: Necrozma|move: Sticky Web\n|-unboost|p1a: Necrozma|spe|1\n|turn|10\n|\n|t:|1701040866\n|move|p2a: Zapdos|Thunderous Kick|p1a: Necrozma\n|-resisted|p1a: Necrozma\n|-damage|p1a: Necrozma|78\/100\n|-unboost|p1a: Necrozma|def|1\n|move|p1a: Necrozma|Photon Geyser|p2a: Zapdos\n|-supereffective|p2a: Zapdos\n|-damage|p2a: Zapdos|0 fnt\n|faint|p2a: Zapdos\n|\n|upkeep\n|\n|t:|1701040878\n|switch|p2a: smurfcat jpg|Meowscarada, M|78\/100\n|-damage|p2a: smurfcat jpg|66\/100|[from] Stealth Rock\n|turn|11\n|\n|t:|1701040904\n|move|p2a: smurfcat jpg|Knock Off|p1a: Necrozma\n|-supereffective|p1a: Necrozma\n|-damage|p1a: Necrozma|0 fnt\n|faint|p1a: Necrozma\n|-damage|p2a: smurfcat jpg|56\/100|[from] item: Life Orb\n|\n|upkeep\n|\n|t:|1701040912\n|switch|p1a: Mr. Rime|Mr. Rime, M|100\/100\n|turn|12\n|\n|t:|1701040916\n|move|p2a: smurfcat jpg|Knock Off|p1a: Mr. Rime\n|-supereffective|p1a: Mr. Rime\n|-damage|p1a: Mr. Rime|0 fnt\n|-enditem|p1a: Mr. Rime|Heavy-Duty Boots|[from] move: Knock Off|[of] p2a: smurfcat jpg\n|faint|p1a: Mr. Rime\n|-damage|p2a: smurfcat jpg|46\/100|[from] item: Life Orb\n|\n|win|I Hate AP Chem\n","uploadtime":1701040923,"views":36,"p1id":"carutothehocarge","p2id":"ihateapchem","formatid":"gen9nationaldexubers","rating":0,"private":0,"password":""}