{"id":"gen9nationaldexubers-1982720118","p1":"Dashu16","p2":"Ur trashzl","format":"[Gen 9] National Dex Ubers","log":"|j|\u2606Dashu16\n|j|\u2606Ur trashzl\n|t:|1699038669\n|gametype|singles\n|player|p1|Dashu16|red|1254\n|player|p2|Ur trashzl|169|1135\n|teamsize|p1|6\n|teamsize|p2|6\n|gen|9\n|tier|[Gen 9] National Dex Ubers\n|rated|\n|rule|HP Percentage Mod: HP is shown in percentages\n|rule|Endless Battle Clause: Forcing endless battles is banned\n|rule|OHKO Clause: OHKO moves are banned\n|rule|Evasion Moves Clause: Evasion moves are banned\n|rule|Evasion Items Clause: Evasion items are banned\n|rule|Species Clause: Limit one of each Pok\u00e9mon\n|rule|Sleep Clause Mod: Limit one foe put to sleep\n|rule|Mega Rayquaza Clause: You cannot mega evolve Rayquaza\n|clearpoke\n|poke|p1|Darkrai|\n|poke|p1|Xerneas-*|\n|poke|p1|Zygarde|\n|poke|p1|Arceus-Electric|\n|poke|p1|Ditto|\n|poke|p1|Marshadow|\n|poke|p2|Blaziken, M|\n|poke|p2|Cyclizar, M|\n|poke|p2|Darmanitan-Galar, M|\n|poke|p2|Ditto|\n|poke|p2|Zygarde|\n|poke|p2|Smeargle, M|\n|teampreview\n|\n|t:|1699038674\n|start\n|switch|p1a: Ser\u00e9 sincero Baki|Ditto, shiny|100\/100\n|switch|p2a: Immunity:Hazards|Cyclizar, M|100\/100\n|-transform|p1a: Ser\u00e9 sincero Baki|p2a: Immunity:Hazards|[from] ability: Imposter\n|turn|1\n|\n|t:|1699038681\n|move|p1a: Ser\u00e9 sincero Baki|Taunt|p2a: Immunity:Hazards\n|-start|p2a: Immunity:Hazards|move: Taunt\n|cant|p2a: Immunity:Hazards|move: Taunt|Taunt\n|\n|upkeep\n|turn|2\n|\n|t:|1699038687\n|move|p1a: Ser\u00e9 sincero Baki|Ice Spinner|p2a: Immunity:Hazards\n|-supereffective|p2a: Immunity:Hazards\n|-damage|p2a: Immunity:Hazards|50\/100\n|move|p2a: Immunity:Hazards|Ice Spinner|p1a: Ser\u00e9 sincero Baki\n|-supereffective|p1a: Ser\u00e9 sincero Baki\n|-damage|p1a: Ser\u00e9 sincero Baki|47\/100\n|\n|upkeep\n|turn|3\n|\n|t:|1699038694\n|move|p2a: Immunity:Hazards|Ice Spinner|p1a: Ser\u00e9 sincero Baki\n|-supereffective|p1a: Ser\u00e9 sincero Baki\n|-damage|p1a: Ser\u00e9 sincero Baki|0 fnt\n|faint|p1a: Ser\u00e9 sincero Baki\n|\n|-end|p2a: Immunity:Hazards|move: Taunt\n|upkeep\n|c|\u2606Ur trashzl|YEAHHHHH\n|c|\u2606Ur trashzl|I WON\n|c|\u2606Ur trashzl|ASS DITTO\n|c|\u2606Ur trashzl|FUCKING DIE\n|c|\u2606Ur trashzl|IN A PIT\n|c|\u2606Ur trashzl|YEAHVHHHHHHHHHHYHHHHHHHH\n|c|\u2606Ur trashzl|H\n|c|\u2606Ur trashzl|H\n|c|\u2606Ur trashzl|H\n|c|\u2606Ur trashzl|H\n|c|\u2606Ur trashzl|H\n|c|\u2606Ur trashzl|H\n|inactive|Battle timer is ON: inactive players will automatically lose when time's up. (requested by Ur trashzl)\n|\n|t:|1699038731\n|switch|p1a: Bryant Myers|Marshadow|100\/100\n|turn|4\n|\n|t:|1699038737\n|move|p2a: Immunity:Hazards|Taunt|p1a: Bryant Myers\n|-start|p1a: Bryant Myers|move: Taunt\n|move|p1a: Bryant Myers|Low Kick|p2a: Immunity:Hazards\n|-supereffective|p2a: Immunity:Hazards\n|-damage|p2a: Immunity:Hazards|0 fnt\n|faint|p2a: Immunity:Hazards\n|\n|upkeep\n|c|\u2606Dashu16|nah\n|\n|t:|1699038745\n|switch|p2a: Darmanitan|Darmanitan-Galar, M|100\/100\n|turn|5\n|c|\u2606Dashu16|you lost the pokemon\n|\n|t:|1699038758\n|switch|p1a: Mandem|Xerneas, shiny|100\/100\n|-ability|p1a: Mandem|Fairy Aura\n|move|p2a: Darmanitan|Endure||[still]\n|-fail|p2a: Darmanitan\n|\n|upkeep\n|turn|6\n|\n|t:|1699038772\n|-terastallize|p2a: Darmanitan|Ice\n|-zpower|p1a: Mandem\n|move|p1a: Mandem|Z-Geomancy||[anim]Geomancy|[still]\n|-boost|p1a: Mandem|atk|1|[zeffect]\n|-boost|p1a: Mandem|def|1|[zeffect]\n|-boost|p1a: Mandem|spa|1|[zeffect]\n|-boost|p1a: Mandem|spd|1|[zeffect]\n|-boost|p1a: Mandem|spe|1|[zeffect]\n|-prepare|p1a: Mandem|Geomancy\n|move|p2a: Darmanitan|Ice Punch|p1a: Mandem\n|-damage|p1a: Mandem|67\/100\n|\n|upkeep\n|turn|7\n|\n|t:|1699038782\n|move|p2a: Darmanitan|Endure|p2a: Darmanitan\n|-singleturn|p2a: Darmanitan|move: Endure\n|move|p1a: Mandem|Geomancy|p1a: Mandem|[from]lockedmove\n|-boost|p1a: Mandem|spa|2\n|-boost|p1a: Mandem|spd|2\n|-boost|p1a: Mandem|spe|2\n|\n|upkeep\n|turn|8\n|\n|t:|1699038804\n|move|p1a: Mandem|Moonblast|p2a: Darmanitan\n|-damage|p2a: Darmanitan|0 fnt\n|faint|p2a: Darmanitan\n|\n|upkeep\n|-message|Ur trashzl forfeited.\n|\n|win|Dashu16\n|raw|Dashu16's rating: 1254 &rarr; <strong>1271<\/strong><br \/>(+17 for winning)\n|raw|Ur trashzl's rating: 1135 &rarr; <strong>1118<\/strong><br \/>(-17 for losing)\n|l|\u2606Ur trashzl\n","uploadtime":1699038704,"views":7,"p1id":"dashu16","p2id":"urtrashzl","formatid":"gen9nationaldexubers","rating":1118,"private":0,"password":""}