{"id":"gen9nationaldexubers-1998701681","p1":"AndrewAlmighty","p2":"kapithedumdum","format":"[Gen 9] National Dex Ubers","log":"|j|\u2606AndrewAlmighty\n|j|\u2606kapithedumdum\n|t:|1700974662\n|gametype|singles\n|player|p1|AndrewAlmighty|giovanni|1431\n|player|p2|kapithedumdum|101|1414\n|teamsize|p1|6\n|teamsize|p2|6\n|gen|9\n|tier|[Gen 9] National Dex Ubers\n|rated|\n|rule|HP Percentage Mod: HP is shown in percentages\n|rule|Endless Battle Clause: Forcing endless battles is banned\n|rule|OHKO Clause: OHKO moves are banned\n|rule|Evasion Moves Clause: Evasion moves are banned\n|rule|Evasion Items Clause: Evasion items are banned\n|rule|Species Clause: Limit one of each Pok\u00e9mon\n|rule|Sleep Clause Mod: Limit one foe put to sleep\n|rule|Mega Rayquaza Clause: You cannot mega evolve Rayquaza\n|clearpoke\n|poke|p1|Kyogre|\n|poke|p1|Landorus, M|\n|poke|p1|Palkia-Origin|\n|poke|p1|Giratina-Origin|\n|poke|p1|Kingambit, M|\n|poke|p1|Kangaskhan, F|\n|poke|p2|Kyogre|\n|poke|p2|Ho-Oh|\n|poke|p2|Ferrothorn, M|\n|poke|p2|Zacian-*|\n|poke|p2|Ribombee, F|\n|poke|p2|Ditto|\n|teampreview\n|inactive|Battle timer is ON: inactive players will automatically lose when time's up. (requested by kapithedumdum)\n|inactive|AndrewAlmighty has 120 seconds left.\n|\n|t:|1700974705\n|start\n|switch|p1a: Hades|Giratina-Origin|100\/100\n|switch|p2a: Ribombee|Ribombee, F, shiny|100\/100\n|turn|1\n|\n|t:|1700974711\n|move|p1a: Hades|Shadow Sneak|p2a: Ribombee\n|-damage|p2a: Ribombee|48\/100\n|move|p2a: Ribombee|Sticky Web|p1a: Hades\n|-sidestart|p1: AndrewAlmighty|move: Sticky Web\n|\n|upkeep\n|turn|2\n|\n|t:|1700974716\n|move|p1a: Hades|Shadow Sneak|p2a: Ribombee\n|-damage|p2a: Ribombee|0 fnt\n|faint|p2a: Ribombee\n|\n|upkeep\n|\n|t:|1700974721\n|switch|p2a: Ferrothorn|Ferrothorn, M|100\/100\n|turn|3\n|\n|t:|1700974724\n|move|p1a: Hades|Defog|p2a: Ferrothorn\n|-unboost|p2a: Ferrothorn|evasion|1\n|-sideend|p1: AndrewAlmighty|Sticky Web|[from] move: Defog|[of] p1a: Hades\n|move|p2a: Ferrothorn|Leech Seed|p1a: Hades\n|-start|p1a: Hades|move: Leech Seed\n|\n|-damage|p1a: Hades|88\/100|[from] Leech Seed|[of] p2a: Ferrothorn\n|upkeep\n|turn|4\n|\n|t:|1700974732\n|switch|p1a: Lando|Landorus, M, shiny|100\/100\n|move|p2a: Ferrothorn|Spikes|p1a: Lando\n|-sidestart|p1: AndrewAlmighty|Spikes\n|\n|upkeep\n|turn|5\n|\n|t:|1700974736\n|switch|p2a: Ho-Oh|Ho-Oh|100\/100\n|move|p1a: Lando|Focus Blast|p2a: Ho-Oh\n|-resisted|p2a: Ho-Oh\n|-damage|p2a: Ho-Oh|81\/100\n|\n|upkeep\n|turn|6\n|\n|t:|1700974747\n|switch|p1a: Hades|Giratina-Origin|88\/100\n|move|p2a: Ho-Oh|Sacred Fire|p1a: Hades\n|-resisted|p1a: Hades\n|-damage|p1a: Hades|71\/100\n|\n|upkeep\n|turn|7\n|\n|t:|1700974756\n|switch|p2a: Ferrothorn|Ferrothorn, M|100\/100\n|move|p1a: Hades|Defog|p2a: Ferrothorn\n|-unboost|p2a: Ferrothorn|evasion|1\n|-sideend|p1: AndrewAlmighty|Spikes|[from] move: Defog|[of] p1a: Hades\n|\n|upkeep\n|turn|8\n|\n|t:|1700974770\n|move|p1a: Hades|Earthquake|p2a: Ferrothorn\n|-damage|p2a: Ferrothorn|80\/100\n|move|p2a: Ferrothorn|Leech Seed|p1a: Hades\n|-start|p1a: Hades|move: Leech Seed\n|\n|-heal|p2a: Ferrothorn|86\/100|[from] item: Leftovers\n|-damage|p1a: Hades|59\/100|[from] Leech Seed|[of] p2a: Ferrothorn\n|-heal|p2a: Ferrothorn|100\/100|[silent]\n|upkeep\n|turn|9\n|\n|t:|1700974777\n|switch|p1a: Lando|Landorus, M, shiny|100\/100\n|move|p2a: Ferrothorn|Spikes|p1a: Lando\n|-sidestart|p1: AndrewAlmighty|Spikes\n|\n|upkeep\n|turn|10\n|\n|t:|1700974782\n|switch|p2a: Ho-Oh|Ho-Oh|100\/100\n|move|p1a: Lando|Focus Blast|p2a: Ho-Oh\n|-resisted|p2a: Ho-Oh\n|-damage|p2a: Ho-Oh|80\/100\n|\n|upkeep\n|turn|11\n|\n|t:|1700974812\n|switch|p1a: Hades|Giratina-Origin|59\/100\n|switch|p2a: Ferrothorn|Ferrothorn, M|100\/100\n|\n|upkeep\n|turn|12\n|\n|t:|1700974817\n|move|p1a: Hades|Defog|p2a: Ferrothorn\n|-unboost|p2a: Ferrothorn|evasion|1\n|-sideend|p1: AndrewAlmighty|Spikes|[from] move: Defog|[of] p1a: Hades\n|move|p2a: Ferrothorn|Leech Seed|p1a: Hades\n|-start|p1a: Hades|move: Leech Seed\n|\n|-damage|p1a: Hades|47\/100|[from] Leech Seed|[of] p2a: Ferrothorn\n|upkeep\n|turn|13\n|\n|t:|1700974831\n|switch|p1a: Lando|Landorus, M, shiny|100\/100\n|move|p2a: Ferrothorn|Gyro Ball|p1a: Lando\n|-damage|p1a: Lando|43\/100\n|\n|upkeep\n|turn|14\n|\n|t:|1700974838\n|switch|p2a: Ho-Oh|Ho-Oh|100\/100\n|move|p1a: Lando|Psychic|p2a: Ho-Oh\n|-damage|p2a: Ho-Oh|70\/100\n|\n|upkeep\n|turn|15\n|\n|t:|1700974847\n|switch|p1a: Centaur|Palkia-Origin, shiny|100\/100\n|-ability|p1a: Centaur|Pressure\n|move|p2a: Ho-Oh|Brave Bird|p1a: Centaur\n|-damage|p1a: Centaur|35\/100\n|-damage|p2a: Ho-Oh|50\/100|[from] Recoil\n|\n|upkeep\n|turn|16\n|\n|t:|1700974850\n|switch|p2a: Ferrothorn|Ferrothorn, M|100\/100\n|move|p1a: Centaur|Surf|p2a: Ferrothorn\n|-resisted|p2a: Ferrothorn\n|-damage|p2a: Ferrothorn|74\/100\n|\n|-heal|p2a: Ferrothorn|80\/100|[from] item: Leftovers\n|upkeep\n|turn|17\n|\n|t:|1700974862\n|switch|p1a: Vengeance|Kingambit, M|100\/100\n|move|p2a: Ferrothorn|Leech Seed|p1a: Vengeance\n|-start|p1a: Vengeance|move: Leech Seed\n|\n|-heal|p2a: Ferrothorn|86\/100|[from] item: Leftovers\n|-damage|p1a: Vengeance|88\/100|[from] Leech Seed|[of] p2a: Ferrothorn\n|-heal|p2a: Ferrothorn|99\/100|[silent]\n|upkeep\n|turn|18\n|\n|t:|1700974867\n|move|p1a: Vengeance|Knock Off|p2a: Ferrothorn\n|-damage|p2a: Ferrothorn|69\/100\n|-damage|p1a: Vengeance|76\/100|[from] ability: Iron Barbs|[of] p2a: Ferrothorn\n|-enditem|p2a: Ferrothorn|Leftovers|[from] move: Knock Off|[of] p1a: Vengeance\n|move|p2a: Ferrothorn|Spikes|p1a: Vengeance\n|-sidestart|p1: AndrewAlmighty|Spikes\n|\n|-damage|p1a: Vengeance|63\/100|[from] Leech Seed|[of] p2a: Ferrothorn\n|-heal|p2a: Ferrothorn|83\/100|[silent]\n|upkeep\n|turn|19\n|\n|t:|1700974874\n|-end|p1a: Vengeance|fallenundefined|[silent]\n|switch|p1a: Hades|Giratina-Origin|47\/100\n|move|p2a: Ferrothorn|Spikes|p1a: Hades\n|-sidestart|p1: AndrewAlmighty|Spikes\n|\n|upkeep\n|turn|20\n|\n|t:|1700974878\n|move|p1a: Hades|Defog|p2a: Ferrothorn\n|-unboost|p2a: Ferrothorn|evasion|1\n|-sideend|p1: AndrewAlmighty|Spikes|[from] move: Defog|[of] p1a: Hades\n|move|p2a: Ferrothorn|Leech Seed|p1a: Hades\n|-start|p1a: Hades|move: Leech Seed\n|\n|-damage|p1a: Hades|34\/100|[from] Leech Seed|[of] p2a: Ferrothorn\n|-heal|p2a: Ferrothorn|100\/100|[silent]\n|upkeep\n|turn|21\n|\n|t:|1700974901\n|switch|p1a: Lando|Landorus, M, shiny|43\/100\n|move|p2a: Ferrothorn|Gyro Ball|p1a: Lando\n|-damage|p1a: Lando|0 fnt\n|faint|p1a: Lando\n|\n|upkeep\n|c|\u2606kapithedumdum|this is just sisyphus\n|inactive|AndrewAlmighty has 120 seconds left.\n|\n|t:|1700974941\n|switch|p1a: Centaur|Palkia-Origin, shiny|35\/100\n|-ability|p1a: Centaur|Pressure\n|turn|22\n|\n|t:|1700974944\n|move|p1a: Centaur|Ice Beam|p2a: Ferrothorn\n|-damage|p2a: Ferrothorn|71\/100\n|-status|p2a: Ferrothorn|frz\n|-curestatus|p2a: Ferrothorn|frz|[msg]\n|move|p2a: Ferrothorn|Leech Seed|p1a: Centaur\n|-start|p1a: Centaur|move: Leech Seed\n|\n|-damage|p1a: Centaur|22\/100|[from] Leech Seed|[of] p2a: Ferrothorn\n|-heal|p2a: Ferrothorn|82\/100|[silent]\n|upkeep\n|turn|23\n|c|\u2606kapithedumdum|flamethrower where\n|\n|t:|1700974962\n|switch|p1a: Single Mom|Kangaskhan, F|100\/100\n|move|p2a: Ferrothorn|Gyro Ball|p1a: Single Mom\n|-damage|p1a: Single Mom|40\/100\n|\n|upkeep\n|turn|24\n|\n|t:|1700974986\n|switch|p2a: Ho-Oh|Ho-Oh|84\/100\n|detailschange|p1a: Single Mom|Kangaskhan-Mega, F\n|-mega|p1a: Single Mom|Kangaskhan|Kangaskhanite\n|move|p1a: Single Mom|Power-Up Punch|p2a: Ho-Oh\n|-resisted|p2a: Ho-Oh\n|-crit|p2a: Ho-Oh\n|-damage|p2a: Ho-Oh|72\/100\n|-boost|p1a: Single Mom|atk|1\n|-resisted|p2a: Ho-Oh\n|-damage|p2a: Ho-Oh|69\/100\n|-boost|p1a: Single Mom|atk|1\n|-hitcount|p2a: Ho-Oh|2\n|\n|upkeep\n|turn|25\n|\n|t:|1700974996\n|move|p1a: Single Mom|Body Slam|p2a: Ho-Oh\n|-damage|p2a: Ho-Oh|0 fnt\n|faint|p2a: Ho-Oh\n|-hitcount|p2: Ho-Oh|1\n|\n|upkeep\n|\n|t:|1700974999\n|switch|p2a: Ditto|Ditto|100\/100\n|-transform|p2a: Ditto|p1a: Single Mom|[from] ability: Imposter\n|turn|26\n|c|\u2606kapithedumdum|thank u :3\n|\n|t:|1700975025\n|move|p1a: Single Mom|Sucker Punch|p2a: Ditto\n|-damage|p2a: Ditto|50\/100\n|-damage|p2a: Ditto|36\/100\n|-hitcount|p2a: Ditto|2\n|move|p2a: Ditto|Power-Up Punch|p1a: Single Mom\n|-supereffective|p1a: Single Mom\n|-damage|p1a: Single Mom|0 fnt\n|-boost|p2a: Ditto|atk|1\n|faint|p1a: Single Mom\n|-hitcount|p1: Single Mom|1\n|\n|upkeep\n|\n|t:|1700975032\n|switch|p1a: Vengeance|Kingambit, M|63\/100\n|-activate|p1a: Vengeance|ability: Supreme Overlord\n|-start|p1a: Vengeance|fallen2|[silent]\n|turn|27\n|\n|t:|1700975037\n|-terastallize|p2a: Ditto|Fairy\n|move|p1a: Vengeance|Sucker Punch|p2a: Ditto\n|-resisted|p2a: Ditto\n|-damage|p2a: Ditto|10\/100\n|move|p2a: Ditto|Power-Up Punch|p1a: Vengeance\n|-supereffective|p1a: Vengeance\n|-damage|p1a: Vengeance|0 fnt\n|-boost|p2a: Ditto|atk|1\n|faint|p1a: Vengeance\n|-end|p1a: Vengeance|fallen2|[silent]\n|-hitcount|p1: Vengeance|1\n|\n|upkeep\n|\n|t:|1700975045\n|switch|p1a: Hades|Giratina-Origin|34\/100\n|turn|28\n|\n|t:|1700975051\n|switch|p2a: Ferrothorn|Ferrothorn, M|82\/100\n|move|p1a: Hades|Shadow Sneak|p2a: Ferrothorn\n|-damage|p2a: Ferrothorn|67\/100\n|-damage|p1a: Hades|22\/100|[from] ability: Iron Barbs|[of] p2a: Ferrothorn\n|\n|upkeep\n|turn|29\n|inactive|AndrewAlmighty has 120 seconds left.\n|inactive|AndrewAlmighty has 90 seconds left.\n|\n|t:|1700975104\n|move|p1a: Hades|Breaking Swipe|p2a: Ferrothorn\n|-resisted|p2a: Ferrothorn\n|-damage|p2a: Ferrothorn|56\/100\n|-unboost|p2a: Ferrothorn|atk|1\n|-damage|p1a: Hades|10\/100|[from] ability: Iron Barbs|[of] p2a: Ferrothorn\n|move|p2a: Ferrothorn|Leech Seed|p1a: Hades\n|-start|p1a: Hades|move: Leech Seed\n|\n|-damage|p1a: Hades|0 fnt|[from] Leech Seed|[of] p2a: Ferrothorn\n|-heal|p2a: Ferrothorn|69\/100|[silent]\n|faint|p1a: Hades\n|upkeep\n|\n|t:|1700975106\n|switch|p1a: Neptune|Kyogre|100\/100\n|-weather|RainDance|[from] ability: Drizzle|[of] p1a: Neptune\n|turn|30\n|\n|t:|1700975117\n|move|p1a: Neptune|Ice Beam|p2a: Ferrothorn\n|-damage|p2a: Ferrothorn|40\/100\n|move|p2a: Ferrothorn|Leech Seed|p1a: Neptune\n|-start|p1a: Neptune|move: Leech Seed\n|\n|-weather|RainDance|[upkeep]\n|-damage|p1a: Neptune|88\/100|[from] Leech Seed|[of] p2a: Ferrothorn\n|-heal|p2a: Ferrothorn|52\/100|[silent]\n|upkeep\n|turn|31\n|\n|t:|1700975122\n|move|p2a: Ferrothorn|Protect|p2a: Ferrothorn\n|-singleturn|p2a: Ferrothorn|Protect\n|move|p1a: Neptune|Ice Beam|p2a: Ferrothorn\n|-activate|p2a: Ferrothorn|move: Protect\n|\n|-weather|RainDance|[upkeep]\n|-damage|p1a: Neptune|76\/100|[from] Leech Seed|[of] p2a: Ferrothorn\n|-heal|p2a: Ferrothorn|64\/100|[silent]\n|upkeep\n|turn|32\n|-message|AndrewAlmighty forfeited.\n|\n|win|kapithedumdum\n|raw|AndrewAlmighty's rating: 1431 &rarr; <strong>1410<\/strong><br \/>(-21 for losing)\n|raw|kapithedumdum's rating: 1414 &rarr; <strong>1435<\/strong><br \/>(+21 for winning)\n|l|\u2606AndrewAlmighty\n|c|\u2606kapithedumdum|gg\n","uploadtime":1700975139,"views":31,"p1id":"andrewalmighty","p2id":"kapithedumdum","formatid":"gen9nationaldexubers","rating":1410,"private":0,"password":""}