{"id":"gen9nationaldexubers-1993484155","p1":"Peladiyo1","p2":"Xelemental 4ever","format":"[Gen 9] National Dex Ubers","log":"|j|\u2606Peladiyo1\n|j|\u2606Xelemental 4ever\n|t:|1700323431\n|gametype|singles\n|player|p1|Peladiyo1|102|\n|player|p2|Xelemental 4ever|1|\n|teamsize|p1|6\n|teamsize|p2|6\n|gen|9\n|tier|[Gen 9] National Dex Ubers\n|rule|HP Percentage Mod: HP is shown in percentages\n|rule|Endless Battle Clause: Forcing endless battles is banned\n|rule|OHKO Clause: OHKO moves are banned\n|rule|Evasion Moves Clause: Evasion moves are banned\n|rule|Evasion Items Clause: Evasion items are banned\n|rule|Species Clause: Limit one of each Pok\u00e9mon\n|rule|Sleep Clause Mod: Limit one foe put to sleep\n|rule|Mega Rayquaza Clause: You cannot mega evolve Rayquaza\n|clearpoke\n|poke|p1|Kartana|\n|poke|p1|Zangoose, F|\n|poke|p1|Vaporeon, F|\n|poke|p1|Obstagoon, F|\n|poke|p1|Lopunny, F|\n|poke|p1|Bouffalant, F|\n|poke|p2|Flutter Mane|\n|poke|p2|Vikavolt, M|\n|poke|p2|Absol, F|\n|poke|p2|Cherrim, F|\n|poke|p2|Sandy Shocks|\n|poke|p2|Mismagius, F|\n|teampreview\n|c|\u2606Xelemental 4ever|Que gane el mejhor y el m\u00e1s suertudo\n|\n|t:|1700323483\n|start\n|switch|p1a: Kartana|Kartana|100\/100\n|switch|p2a: Mismagius|Mismagius, F|100\/100\n|turn|1\n|c|\u2606Peladiyo1|exacto sobre todo sortudo jajaja\n|\n|t:|1700323513\n|move|p2a: Mismagius|Mystical Fire|p1a: Kartana\n|-supereffective|p1a: Kartana\n|-enditem|p1a: Kartana|Focus Sash\n|-damage|p1a: Kartana|1\/100\n|-unboost|p1a: Kartana|spa|1\n|move|p1a: Kartana|Swords Dance|p1a: Kartana\n|-boost|p1a: Kartana|atk|2\n|\n|upkeep\n|turn|2\n|\n|t:|1700323529\n|switch|p1a: Vaporeon|Vaporeon, F|100\/100\n|move|p2a: Mismagius|Sunny Day|p2a: Mismagius\n|-weather|SunnyDay\n|\n|-weather|SunnyDay|[upkeep]\n|upkeep\n|turn|3\n|\n|t:|1700323540\n|move|p2a: Mismagius|Thunder Wave|p1a: Vaporeon|[miss]\n|-miss|p2a: Mismagius|p1a: Vaporeon\n|move|p1a: Vaporeon|Scald|p2a: Mismagius\n|-damage|p2a: Mismagius|87\/100\n|\n|-weather|SunnyDay|[upkeep]\n|upkeep\n|turn|4\n|\n|t:|1700323561\n|switch|p1a: Lopunny|Lopunny, F|100\/100\n|move|p2a: Mismagius|Thunder Wave|p1a: Lopunny\n|-immune|p1a: Lopunny|[from] ability: Limber\n|\n|-weather|SunnyDay|[upkeep]\n|upkeep\n|turn|5\n|\n|t:|1700323571\n|detailschange|p1a: Lopunny|Lopunny-Mega, F\n|-mega|p1a: Lopunny|Lopunny|Lopunnite\n|move|p1a: Lopunny|Fake Out|p2a: Mismagius\n|-damage|p2a: Mismagius|55\/100\n|cant|p2a: Mismagius|flinch\n|\n|-weather|SunnyDay|[upkeep]\n|upkeep\n|turn|6\n|\n|t:|1700323588\n|switch|p2a: Cherrim|Cherrim, F|100\/100\n|-formechange|p2a: Cherrim|Cherrim-Sunshine|[msg]|[from] ability: Flower Gift\n|move|p1a: Lopunny|Ice Punch|p2a: Cherrim\n|-supereffective|p2a: Cherrim\n|-damage|p2a: Cherrim|20\/100\n|\n|-weather|none\n|-formechange|p2a: Cherrim|Cherrim|[msg]|[from] ability: Flower Gift\n|upkeep\n|turn|7\n|-enditem|p2a: Cherrim|Custap Berry|[eat]\n|-activate|p2a: Cherrim|item: Custap Berry|[consumed]\n|\n|t:|1700323602\n|move|p2a: Cherrim|Giga Drain|p1a: Lopunny\n|-damage|p1a: Lopunny|68\/100\n|-heal|p2a: Cherrim|34\/100|[from] drain|[of] p1a: Lopunny\n|move|p1a: Lopunny|Ice Punch|p2a: Cherrim\n|-supereffective|p2a: Cherrim\n|-damage|p2a: Cherrim|0 fnt\n|faint|p2a: Cherrim\n|\n|upkeep\n|\n|t:|1700323614\n|switch|p2a: Sandy Shocks|Sandy Shocks|100\/100\n|turn|8\n|\n|t:|1700323632\n|move|p2a: Sandy Shocks|Discharge|p1a: Lopunny\n|-damage|p1a: Lopunny|15\/100\n|move|p1a: Lopunny|Ice Punch|p2a: Sandy Shocks\n|-supereffective|p2a: Sandy Shocks\n|-damage|p2a: Sandy Shocks|40\/100\n|\n|upkeep\n|turn|9\n|\n|t:|1700323642\n|switch|p1a: Bouffalant|Bouffalant, F|100\/100\n|move|p2a: Sandy Shocks|Discharge|p1a: Bouffalant\n|-crit|p1a: Bouffalant\n|-damage|p1a: Bouffalant|49\/100\n|\n|upkeep\n|turn|10\n|\n|t:|1700323654\n|-end|p2a: Sandy Shocks|Protosynthesis|[silent]\n|switch|p2a: Mismagius|Mismagius, F|55\/100\n|move|p1a: Bouffalant|Head Charge|p2a: Mismagius\n|-immune|p2a: Mismagius\n|\n|upkeep\n|turn|11\n|\n|t:|1700323670\n|move|p2a: Mismagius|Sunny Day|p2a: Mismagius\n|-weather|SunnyDay\n|move|p1a: Bouffalant|Lash Out|p2a: Mismagius\n|-supereffective|p2a: Mismagius\n|-damage|p2a: Mismagius|0 fnt\n|faint|p2a: Mismagius\n|-damage|p1a: Bouffalant|39\/100|[from] item: Life Orb\n|\n|-weather|SunnyDay|[upkeep]\n|upkeep\n|\n|t:|1700323677\n|switch|p2a: Flutter Mane|Flutter Mane|100\/100\n|-activate|p2a: Flutter Mane|ability: Protosynthesis\n|-start|p2a: Flutter Mane|protosynthesisspe\n|turn|12\n|\n|t:|1700323695\n|move|p2a: Flutter Mane|Substitute|p2a: Flutter Mane\n|-start|p2a: Flutter Mane|Substitute\n|-damage|p2a: Flutter Mane|76\/100\n|move|p1a: Bouffalant|Wild Charge|p2a: Flutter Mane\n|-end|p2a: Flutter Mane|Substitute\n|-damage|p1a: Bouffalant|35\/100|[from] Recoil|[of] p2a: Flutter Mane\n|-damage|p1a: Bouffalant|25\/100|[from] item: Life Orb\n|\n|-weather|SunnyDay|[upkeep]\n|upkeep\n|turn|13\n|\n|t:|1700323706\n|move|p2a: Flutter Mane|Moonblast|p1a: Bouffalant\n|-damage|p1a: Bouffalant|0 fnt\n|faint|p1a: Bouffalant\n|\n|-weather|SunnyDay|[upkeep]\n|upkeep\n|\n|t:|1700323722\n|switch|p1a: Obstagoon|Obstagoon, F|100\/100\n|turn|14\n|\n|t:|1700323727\n|move|p1a: Obstagoon|Obstruct|p1a: Obstagoon\n|-singleturn|p1a: Obstagoon|Protect\n|move|p2a: Flutter Mane|Substitute|p2a: Flutter Mane\n|-start|p2a: Flutter Mane|Substitute\n|-damage|p2a: Flutter Mane|51\/100\n|\n|-weather|SunnyDay|[upkeep]\n|-status|p1a: Obstagoon|brn|[from] item: Flame Orb\n|upkeep\n|turn|15\n|\n|t:|1700323738\n|-terastallize|p1a: Obstagoon|Fire\n|move|p2a: Flutter Mane|Moonblast|p1a: Obstagoon\n|-resisted|p1a: Obstagoon\n|-damage|p1a: Obstagoon|70\/100 brn\n|move|p1a: Obstagoon|Knock Off|p2a: Flutter Mane\n|-crit|p2a: Flutter Mane\n|-end|p2a: Flutter Mane|Substitute\n|\n|-weather|none\n|-end|p2a: Flutter Mane|Protosynthesis\n|-damage|p1a: Obstagoon|64\/100 brn|[from] brn\n|upkeep\n|turn|16\n|\n|t:|1700323749\n|-zpower|p2a: Flutter Mane\n|move|p2a: Flutter Mane|Continental Crush|p1a: Obstagoon|[zeffect]\n|-supereffective|p1a: Obstagoon\n|-damage|p1a: Obstagoon|0 fnt\n|faint|p1a: Obstagoon\n|\n|upkeep\n|\n|t:|1700323761\n|switch|p1a: Zangoose|Zangoose, F|100\/100\n|turn|17\n|\n|t:|1700323791\n|switch|p1a: Vaporeon|Vaporeon, F|100\/100\n|move|p2a: Flutter Mane|Moonblast|p1a: Vaporeon\n|-damage|p1a: Vaporeon|58\/100\n|\n|-heal|p1a: Vaporeon|64\/100|[from] item: Leftovers\n|upkeep\n|turn|18\n|\n|t:|1700323799\n|-end|p2a: Flutter Mane|Protosynthesis|[silent]\n|switch|p2a: Vikavolt|Vikavolt, M|100\/100\n|move|p1a: Vaporeon|Scald|p2a: Vikavolt\n|-damage|p2a: Vikavolt|64\/100\n|\n|-heal|p1a: Vaporeon|70\/100|[from] item: Leftovers\n|upkeep\n|turn|19\n|\n|t:|1700323810\n|move|p1a: Vaporeon|Protect|p1a: Vaporeon\n|-singleturn|p1a: Vaporeon|Protect\n|move|p2a: Vikavolt|Discharge|p1a: Vaporeon\n|-activate|p1a: Vaporeon|move: Protect\n|\n|-heal|p1a: Vaporeon|76\/100|[from] item: Leftovers\n|upkeep\n|turn|20\n|\n|t:|1700323827\n|move|p1a: Vaporeon|Scald|p2a: Vikavolt\n|-damage|p2a: Vikavolt|28\/100\n|-status|p2a: Vikavolt|brn\n|move|p2a: Vikavolt|Volt Switch|p1a: Vaporeon\n|-supereffective|p1a: Vaporeon\n|-damage|p1a: Vaporeon|13\/100\n|\n|t:|1700323841\n|switch|p2a: Flutter Mane|Flutter Mane|51\/100|[from] Volt Switch\n|\n|-heal|p1a: Vaporeon|19\/100|[from] item: Leftovers\n|upkeep\n|turn|21\n|\n|t:|1700323852\n|move|p2a: Flutter Mane|Substitute|p2a: Flutter Mane\n|-start|p2a: Flutter Mane|Substitute\n|-damage|p2a: Flutter Mane|26\/100\n|move|p1a: Vaporeon|Wish|p1a: Vaporeon\n|\n|-heal|p1a: Vaporeon|25\/100|[from] item: Leftovers\n|upkeep\n|turn|22\n|\n|t:|1700323860\n|move|p2a: Flutter Mane|Moonblast|p1a: Vaporeon\n|-damage|p1a: Vaporeon|0 fnt\n|faint|p1a: Vaporeon\n|\n|upkeep\n|\n|t:|1700323869\n|switch|p1a: Lopunny|Lopunny-Mega, F|15\/100\n|turn|23\n|\n|t:|1700323875\n|move|p1a: Lopunny|Fake Out|p2a: Flutter Mane\n|-end|p2a: Flutter Mane|Substitute\n|move|p2a: Flutter Mane|Moonblast|p1a: Lopunny\n|-supereffective|p1a: Lopunny\n|-damage|p1a: Lopunny|0 fnt\n|faint|p1a: Lopunny\n|\n|upkeep\n|\n|t:|1700323886\n|switch|p1a: Kartana|Kartana|1\/100\n|turn|24\n|\n|t:|1700323889\n|move|p2a: Flutter Mane|Mystical Fire|p1a: Kartana\n|-supereffective|p1a: Kartana\n|-damage|p1a: Kartana|0 fnt\n|faint|p1a: Kartana\n|\n|upkeep\n|c|\u2606Peladiyo1|has ganado no puedo tocarte\n|\n|t:|1700323904\n|switch|p1a: Zangoose|Zangoose, F|100\/100\n|turn|25\n|c|\u2606Peladiyo1|solo tengo tipo normal de ataques\n|\n|t:|1700323930\n|move|p1a: Zangoose|Quick Attack|p2a: Flutter Mane\n|-immune|p2a: Flutter Mane\n|move|p2a: Flutter Mane|Moonblast|p1a: Zangoose\n|-damage|p1a: Zangoose|5\/100\n|\n|-status|p1a: Zangoose|tox|[from] item: Toxic Orb\n|upkeep\n|turn|26\n|c|\u2606Xelemental 4ever|ostras xd\n|\n|t:|1700323938\n|move|p1a: Zangoose|Quick Attack|p2a: Flutter Mane\n|-immune|p2a: Flutter Mane\n|move|p2a: Flutter Mane|Power Gem|p1a: Zangoose\n|-damage|p1a: Zangoose|0 fnt\n|faint|p1a: Zangoose\n|\n|win|Xelemental 4ever\n|c|\u2606Peladiyo1|buen combate tio\n","uploadtime":1700323951,"views":13,"p1id":"peladiyo1","p2id":"xelemental4ever","formatid":"gen9nationaldexubers","rating":0,"private":0,"password":""}