{"id":"gen9nationaldexubers-1983873805","p1":"Viviexists","p2":"Destinum","format":"[Gen 9] National Dex Ubers","log":"|j|\u2606Viviexists\n|j|\u2606Destinum\n|t:|1699194664\n|gametype|singles\n|player|p1|Viviexists|102|\n|player|p2|Destinum|colress|\n|teamsize|p1|6\n|teamsize|p2|6\n|gen|9\n|tier|[Gen 9] National Dex Ubers\n|rule|HP Percentage Mod: HP is shown in percentages\n|rule|Endless Battle Clause: Forcing endless battles is banned\n|rule|OHKO Clause: OHKO moves are banned\n|rule|Evasion Moves Clause: Evasion moves are banned\n|rule|Evasion Items Clause: Evasion items are banned\n|rule|Species Clause: Limit one of each Pok\u00e9mon\n|rule|Sleep Clause Mod: Limit one foe put to sleep\n|rule|Mega Rayquaza Clause: You cannot mega evolve Rayquaza\n|clearpoke\n|poke|p1|Sinistcha|\n|poke|p1|Ting-Lu|\n|poke|p1|Alomomola, F|\n|poke|p1|Iron Hands|\n|poke|p1|Sableye, M|\n|poke|p1|Skeledirge, M|\n|poke|p2|Ninetales-Alola, F|\n|poke|p2|Cetitan, M|\n|poke|p2|Darmanitan-Galar, M|\n|poke|p2|Piloswine, M|\n|poke|p2|Articuno|\n|poke|p2|Kyurem|\n|teampreview\n|c|\u2606Destinum|Semi-stall? Fun.\n|j| Moonz_e\n|j| IncandescentCandle\n|\n|t:|1699194703\n|start\n|switch|p1a: Rudolph|Ting-Lu|100\/100\n|switch|p2a: Let It Go|Ninetales-Alola, F|100\/100\n|-weather|Snow|[from] ability: Snow Warning|[of] p2a: Let It Go\n|-ability|p1a: Rudolph|Vessel of Ruin\n|turn|1\n|\n|t:|1699194713\n|move|p2a: Let It Go|Aurora Veil|p2a: Let It Go\n|-sidestart|p2: Destinum|move: Aurora Veil\n|move|p1a: Rudolph|Stealth Rock|p2a: Let It Go\n|-sidestart|p2: Destinum|move: Stealth Rock\n|\n|-weather|Snow|[upkeep]\n|upkeep\n|turn|2\n|c|\u2606Destinum|Tera btw? Fairy Skeledirge?\n|\n|t:|1699194727\n|move|p2a: Let It Go|Encore|p1a: Rudolph\n|-start|p1a: Rudolph|Encore\n|move|p1a: Rudolph|Stealth Rock||[still]\n|-fail|p1a: Rudolph\n|\n|-weather|Snow|[upkeep]\n|upkeep\n|turn|3\n|c| IncandescentCandle|this team isn't nearly as bad as the bliss clef stuff i brought\n|c| IncandescentCandle|much less longetivity\n|\n|t:|1699194754\n|switch|p1a: A Christmas Carol|Skeledirge, M|100\/100\n|move|p2a: Let It Go|Moonblast|p1a: A Christmas Carol\n|-resisted|p1a: A Christmas Carol\n|-damage|p1a: A Christmas Carol|88\/100\n|\n|-weather|Snow|[upkeep]\n|upkeep\n|turn|4\n|\n|t:|1699194766\n|switch|p2a: The Godfeather|Articuno|100\/100\n|-ability|p2a: The Godfeather|Pressure\n|move|p1a: A Christmas Carol|Torch Song|p2a: The Godfeather\n|-supereffective|p2a: The Godfeather\n|-damage|p2a: The Godfeather|80\/100\n|-boost|p1a: A Christmas Carol|spa|1\n|\n|-weather|Snow|[upkeep]\n|upkeep\n|turn|5\n|\n|t:|1699194798\n|move|p2a: The Godfeather|Defog|p1a: A Christmas Carol\n|-unboost|p1a: A Christmas Carol|evasion|1\n|-sideend|p2: Destinum|Stealth Rock|[from] move: Defog|[of] p2a: The Godfeather\n|move|p1a: A Christmas Carol|Torch Song|p2a: The Godfeather\n|-supereffective|p2a: The Godfeather\n|-damage|p2a: The Godfeather|46\/100\n|-boost|p1a: A Christmas Carol|spa|1\n|\n|-weather|none\n|upkeep\n|turn|6\n|\n|t:|1699194804\n|move|p2a: The Godfeather|U-turn|p1a: A Christmas Carol\n|-resisted|p1a: A Christmas Carol\n|-damage|p1a: A Christmas Carol|86\/100\n|\n|t:|1699194809\n|switch|p2a: A Madafaking T-Rex|Kyurem|100\/100|[from] U-turn\n|-ability|p2a: A Madafaking T-Rex|Pressure\n|move|p1a: A Christmas Carol|Torch Song|p2a: A Madafaking T-Rex\n|-damage|p2a: A Madafaking T-Rex|73\/100\n|-boost|p1a: A Christmas Carol|spa|1\n|\n|upkeep\n|turn|7\n|j| Astro Rifk\n|\n|t:|1699194832\n|-terastallize|p2a: A Madafaking T-Rex|Dragon\n|-terastallize|p1a: A Christmas Carol|Water\n|move|p2a: A Madafaking T-Rex|Draco Meteor|p1a: A Christmas Carol\n|-damage|p1a: A Christmas Carol|0 fnt\n|-unboost|p2a: A Madafaking T-Rex|spa|2\n|faint|p1a: A Christmas Carol\n|\n|upkeep\n|\n|t:|1699194841\n|switch|p1a: Frosty the Snowman|Iron Hands|100\/100\n|turn|8\n|\n|t:|1699194848\n|switch|p2a: Let It Go|Ninetales-Alola, F|100\/100\n|-weather|Snow|[from] ability: Snow Warning|[of] p2a: Let It Go\n|move|p1a: Frosty the Snowman|Drain Punch|p2a: Let It Go\n|-damage|p2a: Let It Go|80\/100\n|\n|-weather|Snow|[upkeep]\n|-sideend|p2: Destinum|move: Aurora Veil\n|upkeep\n|turn|9\n|\n|t:|1699194853\n|move|p2a: Let It Go|Aurora Veil|p2a: Let It Go\n|-sidestart|p2: Destinum|move: Aurora Veil\n|move|p1a: Frosty the Snowman|Drain Punch|p2a: Let It Go\n|-damage|p2a: Let It Go|56\/100\n|\n|-weather|Snow|[upkeep]\n|upkeep\n|turn|10\n|\n|t:|1699194859\n|move|p2a: Let It Go|Moonblast|p1a: Frosty the Snowman\n|-supereffective|p1a: Frosty the Snowman\n|-damage|p1a: Frosty the Snowman|59\/100\n|move|p1a: Frosty the Snowman|Wild Charge|p2a: Let It Go\n|-crit|p2a: Let It Go\n|-damage|p2a: Let It Go|0 fnt\n|faint|p2a: Let It Go\n|-damage|p1a: Frosty the Snowman|52\/100|[from] Recoil\n|\n|-weather|Snow|[upkeep]\n|upkeep\n|\n|t:|1699194872\n|switch|p2a: I Choose Violence|Darmanitan-Galar, M|100\/100\n|turn|11\n|\n|t:|1699194878\n|-end|p1a: Frosty the Snowman|Quark Drive|[silent]\n|switch|p1a: Home Alone|Alomomola, F|100\/100\n|move|p2a: I Choose Violence|Earthquake|p1a: Home Alone\n|-damage|p1a: Home Alone|73\/100\n|\n|-weather|Snow|[upkeep]\n|upkeep\n|turn|12\n|\n|t:|1699194897\n|switch|p2a: Moby Thicc|Cetitan, M|100\/100\n|move|p1a: Home Alone|Flip Turn|p2a: Moby Thicc\n|-damage|p2a: Moby Thicc|96\/100\n|\n|t:|1699194906\n|switch|p1a: Frosty the Snowman|Iron Hands|52\/100|[from] Flip Turn\n|\n|-weather|none\n|upkeep\n|turn|13\n|j| ArcticIzagi\n|\n|t:|1699194993\n|move|p2a: Moby Thicc|Belly Drum|p2a: Moby Thicc\n|-damage|p2a: Moby Thicc|46\/100\n|-setboost|p2a: Moby Thicc|atk|6|[from] move: Belly Drum\n|-enditem|p2a: Moby Thicc|Sitrus Berry|[eat]\n|-heal|p2a: Moby Thicc|71\/100|[from] item: Sitrus Berry\n|move|p1a: Frosty the Snowman|Drain Punch|p2a: Moby Thicc\n|-supereffective|p2a: Moby Thicc\n|-damage|p2a: Moby Thicc|24\/100\n|-heal|p1a: Frosty the Snowman|74\/100|[from] drain|[of] p2a: Moby Thicc\n|\n|upkeep\n|turn|14\n|\n|t:|1699195006\n|move|p2a: Moby Thicc|Earthquake|p1a: Frosty the Snowman\n|-supereffective|p1a: Frosty the Snowman\n|-damage|p1a: Frosty the Snowman|0 fnt\n|faint|p1a: Frosty the Snowman\n|-end|p1a: Frosty the Snowman|Quark Drive|[silent]\n|\n|upkeep\n|\n|t:|1699195014\n|switch|p1a: Rudolph|Ting-Lu|100\/100\n|-ability|p1a: Rudolph|Vessel of Ruin\n|turn|15\n|\n|t:|1699195018\n|move|p2a: Moby Thicc|Icicle Crash|p1a: Rudolph\n|-supereffective|p1a: Rudolph\n|-damage|p1a: Rudolph|0 fnt\n|faint|p1a: Rudolph\n|\n|upkeep\n|\n|t:|1699195022\n|switch|p1a: Elf|Sableye, M|100\/100\n|turn|16\n|c|\u2606Viviexists|Ugghh\n|c|\u2606Viviexists|I forgot to make this thing\n|c|\u2606Viviexists|prankster\n|c|\u2606Viviexists|while not mega\n|\n|t:|1699195045\n|detailschange|p1a: Elf|Sableye-Mega, M\n|-mega|p1a: Elf|Sableye|Sablenite\n|move|p2a: Moby Thicc|Ice Shard|p1a: Elf\n|-damage|p1a: Elf|31\/100\n|move|p1a: Elf|Will-O-Wisp|p2a: Moby Thicc\n|-status|p2a: Moby Thicc|brn\n|\n|-damage|p2a: Moby Thicc|18\/100 brn|[from] brn\n|-sideend|p2: Destinum|move: Aurora Veil\n|upkeep\n|turn|17\n|\n|t:|1699195053\n|move|p2a: Moby Thicc|Ice Shard|p1a: Elf\n|-damage|p1a: Elf|0 fnt\n|faint|p1a: Elf\n|\n|-damage|p2a: Moby Thicc|11\/100 brn|[from] brn\n|upkeep\n|\n|t:|1699195057\n|switch|p1a: Home Alone|Alomomola, F|100\/100\n|turn|18\n|\n|t:|1699195060\n|move|p1a: Home Alone|Protect|p1a: Home Alone\n|-singleturn|p1a: Home Alone|Protect\n|move|p2a: Moby Thicc|Earthquake|p1a: Home Alone\n|-activate|p1a: Home Alone|move: Protect\n|\n|-damage|p2a: Moby Thicc|5\/100 brn|[from] brn\n|upkeep\n|turn|19\n|\n|t:|1699195067\n|move|p2a: Moby Thicc|Earthquake|p1a: Home Alone\n|-damage|p1a: Home Alone|70\/100\n|move|p1a: Home Alone|Flip Turn|p2a: Moby Thicc\n|-damage|p2a: Moby Thicc|0 fnt\n|faint|p2a: Moby Thicc\n|\n|t:|1699195070\n|switch|p1a: Die Hard|Sinistcha|100\/100|[from] Flip Turn\n|\n|upkeep\n|\n|t:|1699195076\n|switch|p2a: A Madafaking T-Rex|Kyurem, tera:Dragon|73\/100\n|-ability|p2a: A Madafaking T-Rex|Pressure\n|turn|20\n|\n|t:|1699195095\n|move|p2a: A Madafaking T-Rex|Freeze-Dry|p1a: Die Hard\n|-supereffective|p1a: Die Hard\n|-damage|p1a: Die Hard|0 fnt\n|faint|p1a: Die Hard\n|\n|upkeep\n|\n|t:|1699195097\n|switch|p1a: Home Alone|Alomomola, F|100\/100\n|turn|21\n|c|\u2606Destinum|gg\n|\n|t:|1699195100\n|move|p1a: Home Alone|Protect|p1a: Home Alone\n|-singleturn|p1a: Home Alone|Protect\n|move|p2a: A Madafaking T-Rex|Freeze-Dry|p1a: Home Alone\n|-activate|p1a: Home Alone|move: Protect\n|\n|upkeep\n|turn|22\n|c|\u2606Viviexists|Gg\n|c|\u2606Viviexists|I was not expecting you to just\n|c|\u2606Viviexists|draco\n|c|\u2606Viviexists|on skele\n|c|\u2606Viviexists|I thought you would try to like earth power or something\n|c| IncandescentCandle|girl\n|c| IncandescentCandle|its specs kyurem\n|c|\u2606Destinum|I saw it wasn't Tera Fairy, so I balled.\n|c|\u2606Viviexists|Lmao\n|c| IncandescentCandle|it clicks draco and literally everything dies\n|c|\u2606Viviexists|fair enough\n|l|\u2606Viviexists\n|player|p1|\n|c|\u2606Destinum|Umm...\n|inactive|Battle timer is ON: inactive players will automatically lose when time's up. (requested by Destinum)\n|j|\u2606Viviexists\n|inactive|Viviexists reconnected and has 300 seconds left.\n|player|p1|Viviexists|102\n|\n|t:|1699195251\n|move|p2a: A Madafaking T-Rex|Freeze-Dry|p1a: Home Alone\n|-supereffective|p1a: Home Alone\n|-crit|p1a: Home Alone\n|-damage|p1a: Home Alone|0 fnt\n|faint|p1a: Home Alone\n|\n|win|Destinum\n","uploadtime":1699195257,"views":5,"p1id":"viviexists","p2id":"destinum","formatid":"gen9nationaldexubers","rating":0,"private":0,"password":""}