{"id":"gen9nationaldexubers-1979160500","p1":"ColdSobaNoodle","p2":"Lunar Sloth","format":"[Gen 9] National Dex Ubers","log":"|j|\u2606ColdSobaNoodle\n|j|\u2606Lunar Sloth\n|t:|1698641273\n|gametype|singles\n|player|p1|ColdSobaNoodle|anabel|\n|player|p2|Lunar Sloth|169|\n|teamsize|p1|6\n|teamsize|p2|6\n|gen|9\n|tier|[Gen 9] National Dex Ubers\n|rule|HP Percentage Mod: HP is shown in percentages\n|rule|Endless Battle Clause: Forcing endless battles is banned\n|rule|OHKO Clause: OHKO moves are banned\n|rule|Evasion Moves Clause: Evasion moves are banned\n|rule|Evasion Items Clause: Evasion items are banned\n|rule|Species Clause: Limit one of each Pok\u00e9mon\n|rule|Sleep Clause Mod: Limit one foe put to sleep\n|rule|Mega Rayquaza Clause: You cannot mega evolve Rayquaza\n|clearpoke\n|poke|p1|Ninetales-Alola, F|\n|poke|p1|Arctozolt|\n|poke|p1|Torterra, F|\n|poke|p1|Zygarde-10%|\n|poke|p1|Banette, F|\n|poke|p1|Corviknight, F|\n|poke|p2|Blissey, F|\n|poke|p2|Slowbro, F|\n|poke|p2|Iron Treads|\n|poke|p2|Slither Wing|\n|poke|p2|Iron Valiant|\n|poke|p2|Silvally-*|\n|teampreview\n|\n|t:|1698641288\n|start\n|switch|p1a: Silly Billy|Banette, F|100\/100\n|switch|p2a: Iron Valiant|Iron Valiant|100\/100\n|turn|1\n|j| VoIteon\n|\n|t:|1698641307\n|-end|p2a: Iron Valiant|Quark Drive|[silent]\n|switch|p2a: Slowbro|Slowbro, F|100\/100\n|detailschange|p1a: Silly Billy|Banette-Mega, F\n|-mega|p1a: Silly Billy|Banette|Banettite\n|move|p1a: Silly Billy|Thunder Wave|p2a: Slowbro\n|-status|p2a: Slowbro|par\n|\n|upkeep\n|turn|2\n|\n|t:|1698641325\n|switch|p1a: \u7a32\u8377|Ninetales-Alola, F, shiny|100\/100\n|-weather|Snow|[from] ability: Snow Warning|[of] p1a: \u7a32\u8377\n|cant|p2a: Slowbro|par\n|\n|-weather|Snow|[upkeep]\n|upkeep\n|turn|3\n|j| m444rf\n|j| Smackey_5\n|\n|t:|1698641332\n|move|p1a: \u7a32\u8377|Aurora Veil|p1a: \u7a32\u8377\n|-sidestart|p1: ColdSobaNoodle|move: Aurora Veil\n|move|p2a: Slowbro|Teleport|p2a: Slowbro\n|\n|t:|1698641335\n|switch|p2a: Iron Valiant|Iron Valiant|100\/100|[from] Teleport\n|\n|-weather|Snow|[upkeep]\n|upkeep\n|turn|4\n|\n|t:|1698641345\n|-end|p2a: Iron Valiant|Quark Drive|[silent]\n|switch|p2a: Blissey|Blissey, F|100\/100\n|switch|p1a: Silly Billy|Banette-Mega, F|100\/100\n|\n|-weather|Snow|[upkeep]\n|upkeep\n|turn|5\n|j| Demolution545\n|\n|t:|1698641359\n|switch|p2a: Slowbro|Slowbro, F|100\/100 par\n|move|p1a: Silly Billy|Taunt|p2a: Slowbro\n|-start|p2a: Slowbro|move: Taunt\n|\n|-weather|Snow|[upkeep]\n|upkeep\n|turn|6\n|\n|t:|1698641377\n|switch|p1a: Minecraft|Torterra, F|100\/100\n|switch|p2a: Silvally|Silvally-Fire|100\/100\n|\n|-weather|none\n|upkeep\n|turn|7\n|\n|t:|1698641385\n|switch|p1a: \u7a32\u8377|Ninetales-Alola, F, shiny|100\/100\n|-weather|Snow|[from] ability: Snow Warning|[of] p1a: \u7a32\u8377\n|move|p2a: Silvally|Toxic|p1a: \u7a32\u8377\n|-status|p1a: \u7a32\u8377|tox\n|\n|-weather|Snow|[upkeep]\n|-damage|p1a: \u7a32\u8377|95\/100 tox|[from] psn\n|upkeep\n|turn|8\n|\n|t:|1698641391\n|move|p1a: \u7a32\u8377|Encore|p2a: Silvally\n|-start|p2a: Silvally|Encore\n|move|p2a: Silvally|Toxic|p1a: \u7a32\u8377\n|-fail|p1a: \u7a32\u8377|tox\n|\n|-weather|Snow|[upkeep]\n|-damage|p1a: \u7a32\u8377|83\/100 tox|[from] psn\n|upkeep\n|turn|9\n|j| Keaton_fgc\n|\n|t:|1698641409\n|switch|p1a: Kentucky|Arctozolt, shiny|100\/100\n|move|p2a: Silvally|Toxic|p1a: Kentucky\n|-status|p1a: Kentucky|tox\n|\n|-weather|Snow|[upkeep]\n|-damage|p1a: Kentucky|94\/100 tox|[from] psn\n|upkeep\n|turn|10\n|\n|t:|1698641415\n|switch|p2a: Iron Treads|Iron Treads|100\/100\n|-enditem|p2a: Iron Treads|Booster Energy\n|-activate|p2a: Iron Treads|ability: Quark Drive|[fromitem]\n|-start|p2a: Iron Treads|quarkdrivespe\n|move|p1a: Kentucky|Bolt Beak|p2a: Iron Treads\n|-immune|p2a: Iron Treads\n|\n|-weather|Snow|[upkeep]\n|-damage|p1a: Kentucky|82\/100 tox|[from] psn\n|-sideend|p1: ColdSobaNoodle|move: Aurora Veil\n|upkeep\n|turn|11\n|\n|t:|1698641423\n|move|p2a: Iron Treads|Stealth Rock|p1a: Kentucky\n|-sidestart|p1: ColdSobaNoodle|move: Stealth Rock\n|move|p1a: Kentucky|Low Kick|p2a: Iron Treads\n|-supereffective|p2a: Iron Treads\n|-damage|p2a: Iron Treads|37\/100\n|\n|-weather|none\n|-damage|p1a: Kentucky|63\/100 tox|[from] psn\n|upkeep\n|turn|12\n|\n|t:|1698641432\n|move|p2a: Iron Treads|Earthquake|p1a: Kentucky\n|-supereffective|p1a: Kentucky\n|-damage|p1a: Kentucky|0 fnt\n|faint|p1a: Kentucky\n|\n|upkeep\n|\n|t:|1698641434\n|switch|p1a: Rook|Corviknight, F, shiny|100\/100\n|-damage|p1a: Rook|88\/100|[from] Stealth Rock\n|-ability|p1a: Rook|Pressure\n|turn|13\n|\n|t:|1698641445\n|move|p2a: Iron Treads|Ice Spinner|p1a: Rook\n|-damage|p1a: Rook|75\/100\n|-damage|p2a: Iron Treads|21\/100|[from] item: Rocky Helmet|[of] p1a: Rook\n|move|p1a: Rook|Defog|p2a: Iron Treads\n|-unboost|p2a: Iron Treads|evasion|1\n|-sideend|p1: ColdSobaNoodle|Stealth Rock|[from] move: Defog|[of] p1a: Rook\n|\n|upkeep\n|turn|14\n|\n|t:|1698641453\n|move|p2a: Iron Treads|Stealth Rock|p1a: Rook\n|-sidestart|p1: ColdSobaNoodle|move: Stealth Rock\n|move|p1a: Rook|U-turn|p2a: Iron Treads\n|-resisted|p2a: Iron Treads\n|-damage|p2a: Iron Treads|16\/100\n|\n|t:|1698641468\n|switch|p1a: Jax|Zygarde-10%, shiny|100\/100|[from] U-turn\n|-damage|p1a: Jax|94\/100|[from] Stealth Rock\n|-ability|p1a: Jax|Aura Break\n|\n|upkeep\n|turn|15\n|\n|t:|1698641476\n|switch|p1a: Rook|Corviknight, F, shiny|75\/100\n|-damage|p1a: Rook|63\/100|[from] Stealth Rock\n|-ability|p1a: Rook|Pressure\n|move|p2a: Iron Treads|Ice Spinner|p1a: Rook\n|-crit|p1a: Rook\n|-damage|p1a: Rook|45\/100\n|-damage|p2a: Iron Treads|0 fnt|[from] item: Rocky Helmet|[of] p1a: Rook\n|faint|p2a: Iron Treads\n|-end|p2a: Iron Treads|Quark Drive|[silent]\n|\n|upkeep\n|\n|t:|1698641480\n|switch|p2a: Silvally|Silvally-Fire|100\/100\n|turn|16\n|\n|t:|1698641484\n|switch|p1a: Jax|Zygarde-10%, shiny|94\/100\n|-damage|p1a: Jax|88\/100|[from] Stealth Rock\n|-ability|p1a: Jax|Aura Break\n|move|p2a: Silvally|Flamethrower|p1a: Jax\n|-resisted|p1a: Jax\n|-damage|p1a: Jax|60\/100\n|\n|upkeep\n|turn|17\n|\n|t:|1698641496\n|switch|p2a: Slowbro|Slowbro, F|100\/100 par\n|move|p1a: Jax|Toxic||[still]\n|-fail|p1a: Jax\n|\n|upkeep\n|turn|18\n|\n|t:|1698641501\n|switch|p1a: Rook|Corviknight, F, shiny|45\/100\n|-damage|p1a: Rook|33\/100|[from] Stealth Rock\n|-ability|p1a: Rook|Pressure\n|cant|p2a: Slowbro|par\n|\n|upkeep\n|turn|19\n|\n|t:|1698641510\n|switch|p2a: Silvally|Silvally-Fire|100\/100\n|move|p1a: Rook|Defog|p2a: Silvally\n|-unboost|p2a: Silvally|evasion|1\n|-sideend|p1: ColdSobaNoodle|Stealth Rock|[from] move: Defog|[of] p1a: Rook\n|\n|upkeep\n|turn|20\n|\n|t:|1698641515\n|switch|p1a: Jax|Zygarde-10%, shiny|60\/100\n|-ability|p1a: Jax|Aura Break\n|move|p2a: Silvally|Flamethrower|p1a: Jax\n|-resisted|p1a: Jax\n|-damage|p1a: Jax|34\/100\n|\n|upkeep\n|turn|21\n|\n|t:|1698641526\n|switch|p1a: Rook|Corviknight, F, shiny|33\/100\n|-ability|p1a: Rook|Pressure\n|move|p2a: Silvally|Surf|p1a: Rook\n|-damage|p1a: Rook|8\/100\n|\n|upkeep\n|turn|22\n|\n|t:|1698641541\n|move|p2a: Silvally|Flamethrower|p1a: Rook\n|-supereffective|p1a: Rook\n|-damage|p1a: Rook|0 fnt\n|faint|p1a: Rook\n|\n|upkeep\n|\n|t:|1698641548\n|switch|p1a: Minecraft|Torterra, F|100\/100\n|turn|23\n|\n|t:|1698641552\n|switch|p1a: Jax|Zygarde-10%, shiny|34\/100\n|-ability|p1a: Jax|Aura Break\n|move|p2a: Silvally|Toxic|p1a: Jax\n|-status|p1a: Jax|tox\n|\n|-damage|p1a: Jax|28\/100 tox|[from] psn\n|upkeep\n|turn|24\n|\n|t:|1698641567\n|switch|p2a: Blissey|Blissey, F|100\/100\n|move|p1a: Jax|Toxic|p2a: Blissey\n|-status|p2a: Blissey|tox\n|\n|-damage|p1a: Jax|16\/100 tox|[from] psn\n|-damage|p2a: Blissey|94\/100 tox|[from] psn\n|upkeep\n|turn|25\n|\n|t:|1698641597\n|switch|p1a: \u7a32\u8377|Ninetales-Alola, F, shiny|83\/100 tox\n|-weather|Snow|[from] ability: Snow Warning|[of] p1a: \u7a32\u8377\n|-curestatus|p2a: Blissey|tox|[from] ability: Natural Cure\n|switch|p2a: Slither Wing|Slither Wing|100\/100\n|\n|-weather|Snow|[upkeep]\n|-damage|p1a: \u7a32\u8377|77\/100 tox|[from] psn\n|upkeep\n|turn|26\n|\n|t:|1698641603\n|move|p1a: \u7a32\u8377|Aurora Veil|p1a: \u7a32\u8377\n|-sidestart|p1: ColdSobaNoodle|move: Aurora Veil\n|move|p2a: Slither Wing|U-turn|p1a: \u7a32\u8377\n|-resisted|p1a: \u7a32\u8377\n|-damage|p1a: \u7a32\u8377|66\/100 tox\n|\n|t:|1698641608\n|-end|p2a: Slither Wing|Protosynthesis|[silent]\n|switch|p2a: Iron Valiant|Iron Valiant|100\/100|[from] U-turn\n|\n|-weather|Snow|[upkeep]\n|-damage|p1a: \u7a32\u8377|54\/100 tox|[from] psn\n|upkeep\n|turn|27\n|\n|t:|1698641614\n|switch|p1a: Silly Billy|Banette-Mega, F|100\/100\n|move|p2a: Iron Valiant|Brick Break|p1a: Silly Billy\n|-immune|p1a: Silly Billy\n|\n|-weather|Snow|[upkeep]\n|upkeep\n|turn|28\n|\n|t:|1698641629\n|-end|p2a: Iron Valiant|Quark Drive|[silent]\n|switch|p2a: Silvally|Silvally-Fire|100\/100\n|switch|p1a: Minecraft|Torterra, F|100\/100\n|\n|-weather|Snow|[upkeep]\n|upkeep\n|turn|29\n|\n|t:|1698641633\n|-terastallize|p1a: Minecraft|Electric\n|move|p2a: Silvally|Toxic|p1a: Minecraft\n|-status|p1a: Minecraft|tox\n|move|p1a: Minecraft|Shell Smash|p1a: Minecraft\n|-unboost|p1a: Minecraft|def|1\n|-unboost|p1a: Minecraft|spd|1\n|-boost|p1a: Minecraft|atk|2\n|-boost|p1a: Minecraft|spa|2\n|-boost|p1a: Minecraft|spe|2\n|\n|-weather|none\n|-damage|p1a: Minecraft|94\/100 tox|[from] psn\n|upkeep\n|turn|30\n|\n|t:|1698641644\n|-terastallize|p2a: Silvally|Grass\n|move|p1a: Minecraft|Shell Smash|p1a: Minecraft\n|-unboost|p1a: Minecraft|def|1\n|-unboost|p1a: Minecraft|spd|1\n|-boost|p1a: Minecraft|atk|2\n|-boost|p1a: Minecraft|spa|2\n|-boost|p1a: Minecraft|spe|2\n|move|p2a: Silvally|Parting Shot|p1a: Minecraft\n|-unboost|p1a: Minecraft|atk|1\n|-unboost|p1a: Minecraft|spa|1\n|\n|t:|1698641657\n|switch|p2a: Blissey|Blissey, F|94\/100|[from] Parting Shot\n|\n|-heal|p2a: Blissey|100\/100|[from] item: Leftovers\n|-damage|p1a: Minecraft|82\/100 tox|[from] psn\n|upkeep\n|turn|31\n|c| Demolution545|double shell smash\n|\n|t:|1698641669\n|move|p1a: Minecraft|Bullet Seed|p2a: Blissey\n|-damage|p2a: Blissey|71\/100\n|-crit|p2a: Blissey\n|-damage|p2a: Blissey|29\/100\n|-damage|p2a: Blissey|0 fnt\n|faint|p2a: Blissey\n|-hitcount|p2: Blissey|3\n|\n|-damage|p1a: Minecraft|64\/100 tox|[from] psn\n|upkeep\n|\n|t:|1698641676\n|switch|p2a: Silvally|Silvally-Fire, tera:Grass|100\/100\n|turn|32\n|\n|t:|1698641681\n|move|p1a: Minecraft|Bullet Seed|p2a: Silvally\n|-resisted|p2a: Silvally\n|-damage|p2a: Silvally|88\/100\n|-resisted|p2a: Silvally\n|-damage|p2a: Silvally|76\/100\n|-resisted|p2a: Silvally\n|-damage|p2a: Silvally|64\/100\n|-resisted|p2a: Silvally\n|-damage|p2a: Silvally|52\/100\n|-hitcount|p2a: Silvally|4\n|move|p2a: Silvally|Flamethrower|p1a: Minecraft\n|-damage|p1a: Minecraft|23\/100 tox\n|\n|-damage|p1a: Minecraft|0 fnt|[from] psn\n|faint|p1a: Minecraft\n|upkeep\n|c|\u2606ColdSobaNoodle|he's using x ray\n|\n|t:|1698641694\n|switch|p1a: Silly Billy|Banette-Mega, F|100\/100\n|turn|33\n|\n|t:|1698641703\n|switch|p2a: Slowbro|Slowbro, F|100\/100 par\n|move|p1a: Silly Billy|Thunder Wave|p2a: Slowbro\n|-fail|p2a: Slowbro|par\n|\n|-sideend|p1: ColdSobaNoodle|move: Aurora Veil\n|upkeep\n|turn|34\n|\n|t:|1698641706\n|move|p1a: Silly Billy|Knock Off|p2a: Slowbro\n|-supereffective|p2a: Slowbro\n|-damage|p2a: Slowbro|69\/100 par\n|cant|p2a: Slowbro|par\n|\n|upkeep\n|turn|35\n|\n|t:|1698641711\n|move|p1a: Silly Billy|Knock Off|p2a: Slowbro\n|-supereffective|p2a: Slowbro\n|-damage|p2a: Slowbro|31\/100 par\n|move|p2a: Slowbro|Scald|p1a: Silly Billy\n|-damage|p1a: Silly Billy|67\/100\n|-status|p1a: Silly Billy|brn\n|\n|-damage|p1a: Silly Billy|61\/100 brn|[from] brn\n|upkeep\n|turn|36\n|\n|t:|1698641718\n|switch|p2a: Silvally|Silvally-Fire, tera:Grass|52\/100\n|move|p1a: Silly Billy|Knock Off|p2a: Silvally\n|-damage|p2a: Silvally|41\/100\n|\n|-damage|p1a: Silly Billy|55\/100 brn|[from] brn\n|upkeep\n|turn|37\n|\n|t:|1698641725\n|move|p1a: Silly Billy|Thunder Wave|p2a: Silvally\n|-status|p2a: Silvally|par\n|move|p2a: Silvally|Parting Shot|p1a: Silly Billy\n|-unboost|p1a: Silly Billy|atk|1\n|-unboost|p1a: Silly Billy|spa|1\n|\n|t:|1698641728\n|switch|p2a: Slither Wing|Slither Wing|100\/100|[from] Parting Shot\n|\n|-damage|p1a: Silly Billy|49\/100 brn|[from] brn\n|upkeep\n|turn|38\n|\n|t:|1698641733\n|-end|p2a: Slither Wing|Protosynthesis|[silent]\n|switch|p2a: Slowbro|Slowbro, F|65\/100 par\n|move|p1a: Silly Billy|Thunder Wave|p2a: Slowbro\n|-fail|p2a: Slowbro|par\n|\n|-damage|p1a: Silly Billy|43\/100 brn|[from] brn\n|upkeep\n|turn|39\n|\n|t:|1698641737\n|move|p1a: Silly Billy|Knock Off|p2a: Slowbro\n|-supereffective|p2a: Slowbro\n|-damage|p2a: Slowbro|52\/100 par\n|move|p2a: Slowbro|Future Sight|p1a: Silly Billy\n|-start|p2a: Slowbro|move: Future Sight\n|\n|-damage|p1a: Silly Billy|37\/100 brn|[from] brn\n|upkeep\n|turn|40\n|\n|t:|1698641747\n|move|p1a: Silly Billy|Knock Off|p2a: Slowbro\n|-supereffective|p2a: Slowbro\n|-damage|p2a: Slowbro|40\/100 par\n|move|p2a: Slowbro|Teleport|p2a: Slowbro\n|\n|t:|1698641756\n|switch|p2a: Slither Wing|Slither Wing|100\/100|[from] Teleport\n|\n|-damage|p1a: Silly Billy|31\/100 brn|[from] brn\n|upkeep\n|turn|41\n|\n|t:|1698641767\n|-end|p2a: Slither Wing|Protosynthesis|[silent]\n|switch|p2a: Slowbro|Slowbro, F|73\/100 par\n|move|p1a: Silly Billy|Destiny Bond|p1a: Silly Billy\n|-singlemove|p1a: Silly Billy|Destiny Bond\n|\n|-end|p1a: Silly Billy|move: Future Sight\n|-damage|p1a: Silly Billy|0 fnt\n|faint|p1a: Silly Billy\n|upkeep\n|\n|t:|1698641776\n|switch|p1a: \u7a32\u8377|Ninetales-Alola, F, shiny|54\/100 tox\n|-weather|Snow|[from] ability: Snow Warning|[of] p1a: \u7a32\u8377\n|turn|42\n|\n|t:|1698641781\n|switch|p2a: Iron Valiant|Iron Valiant|100\/100\n|move|p1a: \u7a32\u8377|Freeze-Dry|p2a: Iron Valiant\n|-damage|p2a: Iron Valiant|57\/100\n|\n|-weather|Snow|[upkeep]\n|-damage|p1a: \u7a32\u8377|48\/100 tox|[from] psn\n|upkeep\n|turn|43\n|\n|t:|1698641788\n|move|p2a: Iron Valiant|Brick Break|p1a: \u7a32\u8377\n|-damage|p1a: \u7a32\u8377|2\/100 tox\n|move|p1a: \u7a32\u8377|Moonblast|p2a: Iron Valiant\n|-supereffective|p2a: Iron Valiant\n|-damage|p2a: Iron Valiant|0 fnt\n|faint|p2a: Iron Valiant\n|-end|p2a: Iron Valiant|Quark Drive|[silent]\n|\n|-weather|Snow|[upkeep]\n|-damage|p1a: \u7a32\u8377|0 fnt|[from] psn\n|faint|p1a: \u7a32\u8377\n|upkeep\n|\n|t:|1698641792\n|switch|p2a: Slither Wing|Slither Wing|100\/100\n|switch|p1a: Jax|Zygarde-10%, shiny|16\/100 tox\n|-ability|p1a: Jax|Aura Break\n|turn|44\n|c|\u2606ColdSobaNoodle|ggs\n|c|\u2606Lunar Sloth|ggs\n|c|\u2606ColdSobaNoodle|I tried not to lose yet another 2-o\n|c|\u2606ColdSobaNoodle|Advice is just get good ig\n|\n|t:|1698641813\n|move|p2a: Slither Wing|First Impression|p1a: Jax\n|-damage|p1a: Jax|0 fnt\n|faint|p1a: Jax\n|\n|win|Lunar Sloth\n|l| Keaton_fgc\n|c| Demolution545|this was good turn around though\n","uploadtime":1698641834,"views":18,"p1id":"coldsobanoodle","p2id":"lunarsloth","formatid":"gen9nationaldexubers","rating":0,"private":0,"password":""}