{"id":"gen9nationaldexubers-1982703224","p1":"Go Birds EAGLES","p2":"Chaitanya15","format":"[Gen 9] National Dex Ubers","log":"|j|\u2606Go Birds EAGLES\n|j|\u2606Chaitanya15\n|t:|1699037187\n|gametype|singles\n|player|p1|Go Birds EAGLES|hanbei-conquest|1426\n|player|p2|Chaitanya15|101|1422\n|teamsize|p1|6\n|teamsize|p2|6\n|gen|9\n|tier|[Gen 9] National Dex Ubers\n|rated|\n|rule|HP Percentage Mod: HP is shown in percentages\n|rule|Endless Battle Clause: Forcing endless battles is banned\n|rule|OHKO Clause: OHKO moves are banned\n|rule|Evasion Moves Clause: Evasion moves are banned\n|rule|Evasion Items Clause: Evasion items are banned\n|rule|Species Clause: Limit one of each Pok\u00e9mon\n|rule|Sleep Clause Mod: Limit one foe put to sleep\n|rule|Mega Rayquaza Clause: You cannot mega evolve Rayquaza\n|clearpoke\n|poke|p1|Groudon|\n|poke|p1|Marshadow|\n|poke|p1|Necrozma-Dusk-Mane|\n|poke|p1|Deoxys-Speed|\n|poke|p1|Yveltal|\n|poke|p1|Xerneas-*|\n|poke|p2|Kingambit, M|\n|poke|p2|Basculegion, M|\n|poke|p2|Pikachu, F|\n|poke|p2|Kyogre|\n|poke|p2|Flutter Mane|\n|poke|p2|Deoxys-Speed|\n|teampreview\n|inactive|Battle timer is ON: inactive players will automatically lose when time's up. (requested by Go Birds EAGLES)\n|\n|t:|1699037203\n|start\n|switch|p1a: CRUSHER!|Deoxys-Speed|100\/100\n|switch|p2a: Deoxys|Deoxys-Speed|100\/100\n|-ability|p2a: Deoxys|Pressure\n|-ability|p1a: CRUSHER!|Pressure\n|turn|1\n|\n|t:|1699037211\n|move|p1a: CRUSHER!|Taunt|p2a: Deoxys\n|-start|p2a: Deoxys|move: Taunt\n|cant|p2a: Deoxys|move: Taunt|Stealth Rock\n|\n|upkeep\n|turn|2\n|\n|t:|1699037218\n|move|p2a: Deoxys|Extreme Speed|p1a: CRUSHER!\n|-damage|p1a: CRUSHER!|80\/100\n|move|p1a: CRUSHER!|Stealth Rock|p2a: Deoxys\n|-sidestart|p2: Chaitanya15|move: Stealth Rock\n|\n|upkeep\n|turn|3\n|\n|t:|1699037224\n|switch|p2a: Flutter Mane|Flutter Mane|100\/100\n|-damage|p2a: Flutter Mane|88\/100|[from] Stealth Rock\n|-enditem|p2a: Flutter Mane|Booster Energy\n|-activate|p2a: Flutter Mane|ability: Protosynthesis|[fromitem]\n|-start|p2a: Flutter Mane|protosynthesisspe\n|move|p1a: CRUSHER!|Spikes|p2a: Flutter Mane\n|-sidestart|p2: Chaitanya15|Spikes\n|\n|upkeep\n|turn|4\n|\n|t:|1699037234\n|move|p2a: Flutter Mane|Shadow Ball|p1a: CRUSHER!\n|-supereffective|p1a: CRUSHER!\n|-damage|p1a: CRUSHER!|0 fnt\n|faint|p1a: CRUSHER!\n|\n|upkeep\n|\n|t:|1699037254\n|switch|p1a: Big Red Fred|Groudon|100\/100\n|detailschange|p1a: Big Red Fred|Groudon-Primal\n|-primal|p1a: Big Red Fred|Red Orb\n|-weather|DesolateLand|[from] ability: Desolate Land|[of] p1a: Big Red Fred\n|turn|5\n|\n|t:|1699037264\n|-terastallize|p2a: Flutter Mane|Ghost\n|move|p2a: Flutter Mane|Shadow Ball|p1a: Big Red Fred\n|-damage|p1a: Big Red Fred|34\/100\n|-unboost|p1a: Big Red Fred|spd|1\n|move|p1a: Big Red Fred|Precipice Blades|p2a: Flutter Mane|[miss]\n|-miss|p1a: Big Red Fred|p2a: Flutter Mane\n|\n|-weather|DesolateLand|[upkeep]\n|upkeep\n|turn|6\n|\n|t:|1699037274\n|move|p2a: Flutter Mane|Shadow Ball|p1a: Big Red Fred\n|-damage|p1a: Big Red Fred|0 fnt\n|faint|p1a: Big Red Fred\n|-weather|none\n|\n|upkeep\n|\n|t:|1699037276\n|switch|p1a: Logan Paul|Marshadow|100\/100\n|turn|7\n|\n|t:|1699037287\n|move|p1a: Logan Paul|Shadow Sneak|p2a: Flutter Mane\n|-supereffective|p2a: Flutter Mane\n|-damage|p2a: Flutter Mane|0 fnt\n|faint|p2a: Flutter Mane\n|-end|p2a: Flutter Mane|Protosynthesis|[silent]\n|\n|upkeep\n|\n|t:|1699037293\n|switch|p2a: Deoxys|Deoxys-Speed|100\/100\n|-damage|p2a: Deoxys|88\/100|[from] Stealth Rock\n|-damage|p2a: Deoxys|76\/100|[from] Spikes\n|-ability|p2a: Deoxys|Pressure\n|turn|8\n|\n|t:|1699037300\n|move|p1a: Logan Paul|Shadow Sneak|p2a: Deoxys\n|-supereffective|p2a: Deoxys\n|-damage|p2a: Deoxys|0 fnt\n|faint|p2a: Deoxys\n|\n|upkeep\n|\n|t:|1699037306\n|switch|p2a: Kyogre|Kyogre|100\/100\n|-damage|p2a: Kyogre|88\/100|[from] Stealth Rock\n|-damage|p2a: Kyogre|76\/100|[from] Spikes\n|-weather|RainDance|[from] ability: Drizzle|[of] p2a: Kyogre\n|turn|9\n|\n|t:|1699037318\n|move|p2a: Kyogre|Water Spout|p1a: Logan Paul\n|-damage|p1a: Logan Paul|0 fnt\n|faint|p1a: Logan Paul\n|\n|-weather|RainDance|[upkeep]\n|upkeep\n|\n|t:|1699037321\n|switch|p1a: 10 Calories|Xerneas|100\/100\n|-ability|p1a: 10 Calories|Fairy Aura\n|turn|10\n|\n|t:|1699037328\n|move|p1a: 10 Calories|Moonblast|p2a: Kyogre\n|-damage|p2a: Kyogre|26\/100\n|move|p2a: Kyogre|Water Spout|p1a: 10 Calories\n|-damage|p1a: 10 Calories|70\/100\n|\n|-weather|RainDance|[upkeep]\n|upkeep\n|turn|11\n|\n|t:|1699037342\n|switch|p2a: Pikachu|Pikachu, F|100\/100\n|-damage|p2a: Pikachu|88\/100|[from] Stealth Rock\n|-damage|p2a: Pikachu|76\/100|[from] Spikes\n|move|p1a: 10 Calories|Moonblast|p2a: Pikachu\n|-damage|p2a: Pikachu|0 fnt\n|faint|p2a: Pikachu\n|\n|-weather|RainDance|[upkeep]\n|upkeep\n|\n|t:|1699037353\n|switch|p2a: Kingambit|Kingambit, M|100\/100\n|-damage|p2a: Kingambit|94\/100|[from] Stealth Rock\n|-damage|p2a: Kingambit|82\/100|[from] Spikes\n|-activate|p2a: Kingambit|ability: Supreme Overlord\n|-start|p2a: Kingambit|fallen3|[silent]\n|turn|12\n|\n|t:|1699037360\n|switch|p1a: SPACE DARGON|Necrozma-Dusk-Mane|100\/100\n|move|p2a: Kingambit|Iron Head|p1a: SPACE DARGON\n|-resisted|p1a: SPACE DARGON\n|-damage|p1a: SPACE DARGON|70\/100\n|-damage|p2a: Kingambit|72\/100|[from] item: Life Orb\n|\n|-weather|RainDance|[upkeep]\n|upkeep\n|turn|13\n|\n|t:|1699037370\n|-terastallize|p1a: SPACE DARGON|Steel\n|move|p1a: SPACE DARGON|Dragon Dance|p1a: SPACE DARGON\n|-boost|p1a: SPACE DARGON|atk|1\n|-boost|p1a: SPACE DARGON|spe|1\n|move|p2a: Kingambit|Kowtow Cleave|p1a: SPACE DARGON\n|-damage|p1a: SPACE DARGON|6\/100\n|-damage|p2a: Kingambit|62\/100|[from] item: Life Orb\n|\n|-weather|none\n|upkeep\n|turn|14\n|\n|t:|1699037380\n|move|p2a: Kingambit|Sucker Punch||[still]\n|-fail|p2a: Kingambit\n|move|p1a: SPACE DARGON|Dragon Dance|p1a: SPACE DARGON\n|-boost|p1a: SPACE DARGON|atk|1\n|-boost|p1a: SPACE DARGON|spe|1\n|\n|upkeep\n|turn|15\n|\n|t:|1699037387\n|move|p2a: Kingambit|Sucker Punch|p1a: SPACE DARGON\n|-damage|p1a: SPACE DARGON|0 fnt\n|faint|p1a: SPACE DARGON\n|-damage|p2a: Kingambit|52\/100|[from] item: Life Orb\n|\n|upkeep\n|\n|t:|1699037389\n|switch|p1a: Sneaky Surprise|Yveltal|100\/100\n|-ability|p1a: Sneaky Surprise|Dark Aura\n|turn|16\n|\n|t:|1699037397\n|move|p1a: Sneaky Surprise|Heat Wave|p2a: Kingambit\n|-supereffective|p2a: Kingambit\n|-damage|p2a: Kingambit|0 fnt\n|faint|p2a: Kingambit\n|-end|p2a: Kingambit|fallen3|[silent]\n|-damage|p1a: Sneaky Surprise|91\/100|[from] item: Life Orb\n|\n|upkeep\n|\n|t:|1699037403\n|switch|p2a: Kyogre|Kyogre|26\/100\n|-damage|p2a: Kyogre|14\/100|[from] Stealth Rock\n|-damage|p2a: Kyogre|2\/100|[from] Spikes\n|-weather|RainDance|[from] ability: Drizzle|[of] p2a: Kyogre\n|turn|17\n|\n|t:|1699037417\n|move|p2a: Kyogre|Thunder|p1a: Sneaky Surprise\n|-supereffective|p1a: Sneaky Surprise\n|-damage|p1a: Sneaky Surprise|0 fnt\n|faint|p1a: Sneaky Surprise\n|\n|-weather|RainDance|[upkeep]\n|upkeep\n|\n|t:|1699037418\n|switch|p1a: 10 Calories|Xerneas|70\/100\n|-ability|p1a: 10 Calories|Fairy Aura\n|turn|18\n|\n|t:|1699037427\n|move|p1a: 10 Calories|Thunder|p2a: Kyogre\n|-supereffective|p2a: Kyogre\n|-damage|p2a: Kyogre|0 fnt\n|faint|p2a: Kyogre\n|\n|-weather|RainDance|[upkeep]\n|upkeep\n|\n|t:|1699037435\n|switch|p2a: Basculegion|Basculegion, M|100\/100\n|-damage|p2a: Basculegion|88\/100|[from] Stealth Rock\n|-damage|p2a: Basculegion|76\/100|[from] Spikes\n|turn|19\n|\n|t:|1699037440\n|move|p2a: Basculegion|Last Respects|p1a: 10 Calories\n|-damage|p1a: 10 Calories|0 fnt\n|faint|p1a: 10 Calories\n|\n|win|Chaitanya15\n|raw|Go Birds EAGLES's rating: 1426 &rarr; <strong>1406<\/strong><br \/>(-20 for losing)\n|raw|Chaitanya15's rating: 1422 &rarr; <strong>1442<\/strong><br \/>(+20 for winning)\n|l|\u2606Go Birds EAGLES\n|c|\u2606Chaitanya15|Gg\n","uploadtime":1699037451,"views":8,"p1id":"gobirdseagles","p2id":"chaitanya15","formatid":"gen9nationaldexubers","rating":1406,"private":0,"password":""}