{"id":"gen9nationaldexubers-1986249203","p1":"Laewen","p2":"DrArkane15","format":"[Gen 9] National Dex Ubers","log":"|j|\u2606Laewen\n|j|\u2606DrArkane15\n|t:|1699463292\n|gametype|singles\n|player|p1|Laewen|dawn|\n|player|p2|DrArkane15|102|\n|teamsize|p1|6\n|teamsize|p2|3\n|gen|9\n|tier|[Gen 9] National Dex Ubers\n|rule|HP Percentage Mod: HP is shown in percentages\n|rule|Endless Battle Clause: Forcing endless battles is banned\n|rule|OHKO Clause: OHKO moves are banned\n|rule|Evasion Moves Clause: Evasion moves are banned\n|rule|Evasion Items Clause: Evasion items are banned\n|rule|Species Clause: Limit one of each Pok\u00e9mon\n|rule|Sleep Clause Mod: Limit one foe put to sleep\n|rule|Mega Rayquaza Clause: You cannot mega evolve Rayquaza\n|clearpoke\n|poke|p1|Riolu, L28, M|\n|poke|p1|Luxio, L28, F|\n|poke|p1|Fletchinder, L28, M|\n|poke|p1|Dartrix, L28, F|\n|poke|p1|Staravia, L28, M|\n|poke|p1|Horsea, L28, M|\n|poke|p2|Scrafty, L27, F|\n|poke|p2|Drowzee, L27, M|\n|poke|p2|Golbat, L27, F|\n|teampreview\n|inactive|Battle timer is ON: inactive players will automatically lose when time's up. (requested by DrArkane15)\n|\n|t:|1699463337\n|start\n|switch|p1a: Riolu|Riolu, L28, M|100\/100\n|switch|p2a: Golbat|Golbat, L27, F|100\/100\n|turn|1\n|j| Neosouls\n|c| Neosouls|aller Kaede\n|inactive|Laewen has 270 seconds left.\n|\n|t:|1699463371\n|move|p1a: Riolu|Vacuum Wave|p2a: Golbat\n|-resisted|p2a: Golbat\n|-damage|p2a: Golbat|99\/100\n|move|p2a: Golbat|Leech Life|p1a: Riolu\n|-resisted|p1a: Riolu\n|-damage|p1a: Riolu|76\/100\n|-heal|p2a: Golbat|100\/100|[from] drain|[of] p1a: Riolu\n|\n|upkeep\n|turn|2\n|\n|t:|1699463379\n|switch|p1a: Luxio|Luxio, L28, F|100\/100\n|move|p2a: Golbat|Hypnosis|p1a: Luxio|[miss]\n|-miss|p2a: Golbat|p1a: Luxio\n|\n|upkeep\n|turn|3\n|\n|t:|1699463386\n|move|p2a: Golbat|Hypnosis|p1a: Luxio|[miss]\n|-miss|p2a: Golbat|p1a: Luxio\n|move|p1a: Luxio|Thunder Shock|p2a: Golbat\n|-supereffective|p2a: Golbat\n|-damage|p2a: Golbat|63\/100\n|\n|upkeep\n|turn|4\n|\n|t:|1699463392\n|move|p2a: Golbat|Hypnosis|p1a: Luxio|[miss]\n|-miss|p2a: Golbat|p1a: Luxio\n|move|p1a: Luxio|Thunder Shock|p2a: Golbat\n|-supereffective|p2a: Golbat\n|-damage|p2a: Golbat|25\/100\n|\n|upkeep\n|turn|5\n|\n|t:|1699463398\n|move|p2a: Golbat|Hypnosis|p1a: Luxio\n|-status|p1a: Luxio|slp|[from] move: Hypnosis\n|cant|p1a: Luxio|slp\n|\n|upkeep\n|turn|6\n|\n|t:|1699463416\n|switch|p1a: Riolu|Riolu, L28, M|76\/100\n|move|p2a: Golbat|Leech Life|p1a: Riolu\n|-resisted|p1a: Riolu\n|-damage|p1a: Riolu|47\/100\n|-heal|p2a: Golbat|37\/100|[from] drain|[of] p1a: Riolu\n|\n|upkeep\n|turn|7\n|\n|t:|1699463426\n|move|p2a: Golbat|Leech Life|p1a: Riolu\n|-resisted|p1a: Riolu\n|-damage|p1a: Riolu|22\/100\n|-heal|p2a: Golbat|48\/100|[from] drain|[of] p1a: Riolu\n|move|p1a: Riolu|Metal Claw|p2a: Golbat\n|-crit|p2a: Golbat\n|-damage|p2a: Golbat|19\/100\n|\n|upkeep\n|turn|8\n|inactive|DrArkane15 has 270 seconds left.\n|\n|t:|1699463473\n|switch|p1a: Staravia|Staravia, L28, M|100\/100\n|-ability|p1a: Staravia|Intimidate|boost\n|-fail|p2a: Golbat|unboost|Attack|[from] ability: Inner Focus|[of] p2a: Golbat\n|move|p2a: Golbat|Leech Life|p1a: Staravia\n|-resisted|p1a: Staravia\n|-damage|p1a: Staravia|80\/100\n|-heal|p2a: Golbat|29\/100|[from] drain|[of] p1a: Staravia\n|\n|upkeep\n|turn|9\n|inactive|DrArkane15 has 240 seconds left.\n|\n|t:|1699463519\n|move|p2a: Golbat|Hypnosis|p1a: Staravia|[miss]\n|-miss|p2a: Golbat|p1a: Staravia\n|move|p1a: Staravia|Aerial Ace|p2a: Golbat\n|-damage|p2a: Golbat|0 fnt\n|faint|p2a: Golbat\n|\n|upkeep\n|\n|t:|1699463522\n|switch|p2a: Drowzee|Drowzee, L27, M|100\/100\n|turn|10\n|\n|t:|1699463535\n|switch|p1a: Dartrix|Dartrix, L28, F|100\/100\n|move|p2a: Drowzee|Hypnosis|p1a: Dartrix|[miss]\n|-miss|p2a: Drowzee|p1a: Dartrix\n|\n|upkeep\n|turn|11\n|inactive|DrArkane15 has 240 seconds left.\n|\n|t:|1699463550\n|move|p1a: Dartrix|Shadow Sneak|p2a: Drowzee\n|-supereffective|p2a: Drowzee\n|-crit|p2a: Drowzee\n|-damage|p2a: Drowzee|35\/100\n|move|p2a: Drowzee|Poison Gas|p1a: Dartrix\n|-status|p1a: Dartrix|psn\n|\n|-damage|p1a: Dartrix|88\/100 psn|[from] psn\n|upkeep\n|turn|12\n|\n|t:|1699463558\n|move|p1a: Dartrix|Peck|p2a: Drowzee\n|-crit|p2a: Drowzee\n|-damage|p2a: Drowzee|0 fnt\n|faint|p2a: Drowzee\n|\n|-damage|p1a: Dartrix|76\/100 psn|[from] psn\n|upkeep\n|inactive|DrArkane15 has 240 seconds left.\n|\n|t:|1699463575\n|switch|p2a: Scrafty|Scrafty, L27, F|100\/100\n|turn|13\n|inactive|DrArkane15 has 240 seconds left.\n|\n|t:|1699463582\n|move|p1a: Dartrix|Shadow Sneak|p2a: Scrafty\n|-resisted|p2a: Scrafty\n|-damage|p2a: Scrafty|94\/100\n|move|p2a: Scrafty|Drain Punch|p1a: Dartrix\n|-resisted|p1a: Dartrix\n|-damage|p1a: Dartrix|59\/100 psn\n|-heal|p2a: Scrafty|100\/100|[from] drain|[of] p1a: Dartrix\n|\n|-damage|p1a: Dartrix|47\/100 psn|[from] psn\n|upkeep\n|turn|14\n|\n|t:|1699463603\n|switch|p1a: Fletchinder|Fletchinder, L28, M|100\/100\n|move|p2a: Scrafty|Bulk Up|p2a: Scrafty\n|-boost|p2a: Scrafty|atk|1\n|-boost|p2a: Scrafty|def|1\n|\n|upkeep\n|turn|15\n|\n|t:|1699463614\n|move|p1a: Fletchinder|Aerial Ace|p2a: Scrafty\n|-supereffective|p2a: Scrafty\n|-damage|p2a: Scrafty|70\/100\n|move|p2a: Scrafty|Drain Punch|p1a: Fletchinder\n|-resisted|p1a: Fletchinder\n|-damage|p1a: Fletchinder|70\/100\n|-heal|p2a: Scrafty|83\/100|[from] drain|[of] p1a: Fletchinder\n|-status|p2a: Scrafty|brn|[from] ability: Flame Body|[of] p1a: Fletchinder\n|\n|-activate|p2a: Scrafty|ability: Shed Skin\n|-curestatus|p2a: Scrafty|brn|[msg]\n|-heal|p2a: Scrafty|89\/100|[from] item: Leftovers\n|upkeep\n|turn|16\n|\n|t:|1699463627\n|move|p1a: Fletchinder|Flame Charge|p2a: Scrafty\n|-damage|p2a: Scrafty|76\/100\n|-boost|p1a: Fletchinder|spe|1\n|move|p2a: Scrafty|Bulk Up|p2a: Scrafty\n|-boost|p2a: Scrafty|atk|1\n|-boost|p2a: Scrafty|def|1\n|\n|-heal|p2a: Scrafty|82\/100|[from] item: Leftovers\n|upkeep\n|turn|17\n|\n|t:|1699463646\n|move|p1a: Fletchinder|Acrobatics|p2a: Scrafty\n|-supereffective|p2a: Scrafty\n|-damage|p2a: Scrafty|39\/100\n|move|p2a: Scrafty|Bulk Up|p2a: Scrafty\n|-boost|p2a: Scrafty|atk|1\n|-boost|p2a: Scrafty|def|1\n|\n|-heal|p2a: Scrafty|45\/100|[from] item: Leftovers\n|upkeep\n|turn|18\n|\n|t:|1699463659\n|move|p1a: Fletchinder|Acrobatics|p2a: Scrafty\n|-supereffective|p2a: Scrafty\n|-crit|p2a: Scrafty\n|-damage|p2a: Scrafty|0 fnt\n|faint|p2a: Scrafty\n|\n|win|Laewen\n|l|\u2606DrArkane15\n","uploadtime":1699463667,"views":20,"p1id":"laewen","p2id":"drarkane15","formatid":"gen9nationaldexubers","rating":0,"private":0,"password":""}