{"id":"gen9nationaldexubers-1996477437","p1":"Morohathepupper","p2":"yiyi yizi","format":"[Gen 9] National Dex Ubers","log":"|j|\u2606Morohathepupper\n|j|\u2606yiyi yizi\n|t:|1700685830\n|gametype|singles\n|player|p1|Morohathepupper|gambler|1449\n|player|p2|yiyi yizi|hilbert|1469\n|teamsize|p1|6\n|teamsize|p2|6\n|gen|9\n|tier|[Gen 9] National Dex Ubers\n|rated|\n|rule|HP Percentage Mod: HP is shown in percentages\n|rule|Endless Battle Clause: Forcing endless battles is banned\n|rule|OHKO Clause: OHKO moves are banned\n|rule|Evasion Moves Clause: Evasion moves are banned\n|rule|Evasion Items Clause: Evasion items are banned\n|rule|Species Clause: Limit one of each Pok\u00e9mon\n|rule|Sleep Clause Mod: Limit one foe put to sleep\n|rule|Mega Rayquaza Clause: You cannot mega evolve Rayquaza\n|clearpoke\n|poke|p1|Shuckle, F|\n|poke|p1|Pyukumuku, M|\n|poke|p1|Groudon|\n|poke|p1|Zacian-*|\n|poke|p1|Necrozma-Dusk-Mane|\n|poke|p1|Zygarde|\n|poke|p2|Corsola-Galar, M|\n|poke|p2|Gliscor, M|\n|poke|p2|Togedemaru, L1, F|\n|poke|p2|Dusclops, M|\n|poke|p2|Yveltal|\n|poke|p2|Magnemite, L1|\n|teampreview\n|inactive|Battle timer is ON: inactive players will automatically lose when time's up. (requested by yiyi yizi)\n|\n|t:|1700685839\n|start\n|switch|p1a: Shuckle|Shuckle, F|100\/100\n|switch|p2a: Gliscor|Gliscor, M, shiny|100\/100\n|turn|1\n|c|\u2606Morohathepupper|Wtf is this?\n|\n|t:|1700685848\n|move|p2a: Gliscor|Toxic|p1a: Shuckle\n|-status|p1a: Shuckle|tox\n|move|p1a: Shuckle|Sticky Web|p2a: Gliscor\n|-sidestart|p2: yiyi yizi|move: Sticky Web\n|\n|-damage|p1a: Shuckle|94\/100 tox|[from] psn\n|-status|p2a: Gliscor|tox|[from] item: Toxic Orb\n|upkeep\n|turn|2\n|\n|t:|1700685855\n|switch|p2a: Magnemite|Magnemite, L1|100\/100\n|-activate|p2a: Magnemite|move: Sticky Web\n|-unboost|p2a: Magnemite|spe|1\n|move|p1a: Shuckle|Stealth Rock|p2a: Magnemite\n|-sidestart|p2: yiyi yizi|move: Stealth Rock\n|\n|-damage|p1a: Shuckle|82\/100 tox|[from] psn\n|upkeep\n|turn|3\n|\n|t:|1700685862\n|move|p2a: Magnemite|Protect|p2a: Magnemite\n|-singleturn|p2a: Magnemite|Protect\n|move|p1a: Shuckle|Infestation|p2a: Magnemite\n|-activate|p2a: Magnemite|move: Protect\n|\n|-damage|p1a: Shuckle|64\/100 tox|[from] psn\n|upkeep\n|turn|4\n|\n|t:|1700685868\n|move|p1a: Shuckle|Infestation|p2a: Magnemite\n|-resisted|p2a: Magnemite\n|-ability|p2a: Magnemite|Sturdy\n|-damage|p2a: Magnemite|10\/100\n|-activate|p2a: Magnemite|move: Infestation|[of] p1a: Shuckle\n|-enditem|p2a: Magnemite|Oran Berry|[eat]\n|-heal|p2a: Magnemite|100\/100|[from] item: Oran Berry\n|move|p2a: Magnemite|Substitute|p2a: Magnemite\n|-start|p2a: Magnemite|Substitute\n|-end|p2a: Magnemite|Infestation|[partiallytrapped]|[silent]\n|-damage|p2a: Magnemite|82\/100\n|\n|-damage|p1a: Shuckle|40\/100 tox|[from] psn\n|upkeep\n|turn|5\n|\n|t:|1700685878\n|move|p2a: Magnemite|Protect|p2a: Magnemite\n|-singleturn|p2a: Magnemite|Protect\n|move|p1a: Shuckle|Infestation|p2a: Magnemite\n|-activate|p2a: Magnemite|move: Protect\n|\n|-damage|p1a: Shuckle|9\/100 tox|[from] psn\n|upkeep\n|turn|6\n|\n|t:|1700685884\n|move|p1a: Shuckle|Infestation|p2a: Magnemite\n|-resisted|p2a: Magnemite\n|-end|p2a: Magnemite|Substitute\n|move|p2a: Magnemite|Toxic|p1a: Shuckle\n|-fail|p1a: Shuckle|tox\n|\n|-damage|p1a: Shuckle|0 fnt|[from] psn\n|faint|p1a: Shuckle\n|upkeep\n|\n|t:|1700685902\n|switch|p1a: beefasaurus rex|Zygarde|100\/100\n|turn|7\n|\n|t:|1700685908\n|switch|p2a: Dusclops|Dusclops, M|100\/100\n|-activate|p2a: Dusclops|move: Sticky Web\n|-unboost|p2a: Dusclops|spe|1\n|-damage|p2a: Dusclops|88\/100|[from] Stealth Rock\n|-ability|p2a: Dusclops|Pressure\n|move|p1a: beefasaurus rex|Thousand Arrows|p2a: Dusclops\n|-damage|p2a: Dusclops|68\/100\n|\n|upkeep\n|turn|8\n|\n|t:|1700685917\n|move|p1a: beefasaurus rex|Coil|p1a: beefasaurus rex\n|-boost|p1a: beefasaurus rex|atk|1\n|-boost|p1a: beefasaurus rex|def|1\n|-boost|p1a: beefasaurus rex|accuracy|1\n|move|p2a: Dusclops|Will-O-Wisp|p1a: beefasaurus rex\n|-status|p1a: beefasaurus rex|brn\n|\n|-damage|p1a: beefasaurus rex|94\/100 brn|[from] brn\n|upkeep\n|turn|9\n|\n|t:|1700685930\n|move|p1a: beefasaurus rex|Coil|p1a: beefasaurus rex\n|-boost|p1a: beefasaurus rex|atk|1\n|-boost|p1a: beefasaurus rex|def|1\n|-boost|p1a: beefasaurus rex|accuracy|1\n|move|p2a: Dusclops|Trick Room|p2a: Dusclops\n|-fieldstart|move: Trick Room|[of] p2a: Dusclops\n|\n|-heal|p1a: beefasaurus rex|100\/100 brn|[from] item: Leftovers\n|-damage|p1a: beefasaurus rex|94\/100 brn|[from] brn\n|upkeep\n|turn|10\n|\n|t:|1700685939\n|move|p2a: Dusclops|Curse|p1a: beefasaurus rex\n|-start|p1a: beefasaurus rex|Curse|[of] p2a: Dusclops\n|-damage|p2a: Dusclops|18\/100\n|move|p1a: beefasaurus rex|Coil|p1a: beefasaurus rex\n|-boost|p1a: beefasaurus rex|atk|1\n|-boost|p1a: beefasaurus rex|def|1\n|-boost|p1a: beefasaurus rex|accuracy|1\n|\n|-heal|p1a: beefasaurus rex|100\/100 brn|[from] item: Leftovers\n|-damage|p1a: beefasaurus rex|94\/100 brn|[from] brn\n|-damage|p1a: beefasaurus rex|69\/100 brn|[from] Curse\n|upkeep\n|turn|11\n|\n|t:|1700685950\n|move|p2a: Dusclops|Rest|p2a: Dusclops\n|-status|p2a: Dusclops|slp|[from] move: Rest\n|-heal|p2a: Dusclops|100\/100 slp|[silent]\n|move|p1a: beefasaurus rex|Rest|p1a: beefasaurus rex\n|-status|p1a: beefasaurus rex|slp|[from] move: Rest\n|-heal|p1a: beefasaurus rex|100\/100 slp|[silent]\n|\n|-damage|p1a: beefasaurus rex|76\/100 slp|[from] Curse\n|upkeep\n|turn|12\n|\n|t:|1700685974\n|switch|p2a: Yveltal|Yveltal, shiny|100\/100\n|-damage|p2a: Yveltal|76\/100|[from] Stealth Rock\n|-ability|p2a: Yveltal|Dark Aura\n|switch|p1a: Zacian|Zacian-Crowned|100\/100\n|-ability|p1a: Zacian|Intrepid Sword|boost\n|-boost|p1a: Zacian|atk|1\n|\n|upkeep\n|turn|13\n|\n|t:|1700685985\n|-terastallize|p2a: Yveltal|Fire\n|move|p2a: Yveltal|Heat Wave|p1a: Zacian\n|-supereffective|p1a: Zacian\n|-damage|p1a: Zacian|0 fnt\n|faint|p1a: Zacian\n|\n|-fieldend|move: Trick Room\n|upkeep\n|\n|t:|1700685993\n|switch|p1a: beefasaurus rex|Zygarde|76\/100 slp\n|turn|14\n|\n|t:|1700686001\n|-terastallize|p1a: beefasaurus rex|Fairy\n|move|p2a: Yveltal|Dark Pulse|p1a: beefasaurus rex\n|-resisted|p1a: beefasaurus rex\n|-damage|p1a: beefasaurus rex|48\/100 slp\n|cant|p1a: beefasaurus rex|slp\n|\n|-heal|p1a: beefasaurus rex|54\/100 slp|[from] item: Leftovers\n|upkeep\n|turn|15\n|\n|t:|1700686011\n|switch|p2a: Dusclops|Dusclops, M|100\/100 slp\n|-activate|p2a: Dusclops|move: Sticky Web\n|-unboost|p2a: Dusclops|spe|1\n|-damage|p2a: Dusclops|88\/100 slp|[from] Stealth Rock\n|-ability|p2a: Dusclops|Pressure\n|cant|p1a: beefasaurus rex|slp\n|\n|-heal|p1a: beefasaurus rex|60\/100 slp|[from] item: Leftovers\n|upkeep\n|turn|16\n|\n|t:|1700686020\n|-curestatus|p1a: beefasaurus rex|slp|[msg]\n|move|p1a: beefasaurus rex|Thousand Arrows|p2a: Dusclops\n|-damage|p2a: Dusclops|66\/100 slp\n|cant|p2a: Dusclops|slp\n|\n|-heal|p1a: beefasaurus rex|67\/100|[from] item: Leftovers\n|upkeep\n|turn|17\n|\n|t:|1700686028\n|move|p1a: beefasaurus rex|Coil|p1a: beefasaurus rex\n|-boost|p1a: beefasaurus rex|atk|1\n|-boost|p1a: beefasaurus rex|def|1\n|-boost|p1a: beefasaurus rex|accuracy|1\n|cant|p2a: Dusclops|slp\n|\n|-heal|p1a: beefasaurus rex|73\/100|[from] item: Leftovers\n|upkeep\n|turn|18\n|\n|t:|1700686044\n|move|p1a: beefasaurus rex|Thousand Arrows|p2a: Dusclops\n|-damage|p2a: Dusclops|35\/100 slp\n|-curestatus|p2a: Dusclops|slp|[msg]\n|move|p2a: Dusclops|Trick Room|p2a: Dusclops\n|-fieldstart|move: Trick Room|[of] p2a: Dusclops\n|\n|-heal|p1a: beefasaurus rex|79\/100|[from] item: Leftovers\n|upkeep\n|turn|19\n|\n|t:|1700686052\n|move|p2a: Dusclops|Will-O-Wisp|p1a: beefasaurus rex\n|-status|p1a: beefasaurus rex|brn\n|move|p1a: beefasaurus rex|Thousand Arrows|p2a: Dusclops\n|-crit|p2a: Dusclops\n|-damage|p2a: Dusclops|14\/100\n|\n|-heal|p1a: beefasaurus rex|85\/100 brn|[from] item: Leftovers\n|-damage|p1a: beefasaurus rex|79\/100 brn|[from] brn\n|upkeep\n|turn|20\n|\n|t:|1700686060\n|move|p2a: Dusclops|Rest|p2a: Dusclops\n|-status|p2a: Dusclops|slp|[from] move: Rest\n|-heal|p2a: Dusclops|100\/100 slp|[silent]\n|move|p1a: beefasaurus rex|Thousand Arrows|p2a: Dusclops\n|-crit|p2a: Dusclops\n|-damage|p2a: Dusclops|79\/100 slp\n|\n|-heal|p1a: beefasaurus rex|85\/100 brn|[from] item: Leftovers\n|-damage|p1a: beefasaurus rex|79\/100 brn|[from] brn\n|upkeep\n|turn|21\n|\n|t:|1700686070\n|cant|p2a: Dusclops|slp\n|move|p1a: beefasaurus rex|Coil|p1a: beefasaurus rex\n|-boost|p1a: beefasaurus rex|atk|1\n|-boost|p1a: beefasaurus rex|def|1\n|-boost|p1a: beefasaurus rex|accuracy|1\n|\n|-heal|p1a: beefasaurus rex|85\/100 brn|[from] item: Leftovers\n|-damage|p1a: beefasaurus rex|79\/100 brn|[from] brn\n|upkeep\n|turn|22\n|\n|t:|1700686077\n|cant|p2a: Dusclops|slp\n|move|p1a: beefasaurus rex|Coil|p1a: beefasaurus rex\n|-boost|p1a: beefasaurus rex|atk|1\n|-boost|p1a: beefasaurus rex|def|1\n|-boost|p1a: beefasaurus rex|accuracy|1\n|\n|-heal|p1a: beefasaurus rex|85\/100 brn|[from] item: Leftovers\n|-damage|p1a: beefasaurus rex|79\/100 brn|[from] brn\n|-fieldend|move: Trick Room\n|upkeep\n|turn|23\n|\n|t:|1700686085\n|move|p1a: beefasaurus rex|Coil|p1a: beefasaurus rex\n|-boost|p1a: beefasaurus rex|atk|1\n|-boost|p1a: beefasaurus rex|def|1\n|-boost|p1a: beefasaurus rex|accuracy|1\n|-curestatus|p2a: Dusclops|slp|[msg]\n|move|p2a: Dusclops|Trick Room|p2a: Dusclops\n|-fieldstart|move: Trick Room|[of] p2a: Dusclops\n|\n|-heal|p1a: beefasaurus rex|85\/100 brn|[from] item: Leftovers\n|-damage|p1a: beefasaurus rex|79\/100 brn|[from] brn\n|upkeep\n|turn|24\n|\n|t:|1700686095\n|move|p2a: Dusclops|Curse|p1a: beefasaurus rex\n|-start|p1a: beefasaurus rex|Curse|[of] p2a: Dusclops\n|-damage|p2a: Dusclops|29\/100\n|move|p1a: beefasaurus rex|Coil|p1a: beefasaurus rex\n|-boost|p1a: beefasaurus rex|atk|1\n|-boost|p1a: beefasaurus rex|def|1\n|-boost|p1a: beefasaurus rex|accuracy|1\n|\n|-heal|p1a: beefasaurus rex|85\/100 brn|[from] item: Leftovers\n|-damage|p1a: beefasaurus rex|79\/100 brn|[from] brn\n|-damage|p1a: beefasaurus rex|54\/100 brn|[from] Curse\n|upkeep\n|turn|25\n|\n|t:|1700686105\n|move|p2a: Dusclops|Rest|p2a: Dusclops\n|-status|p2a: Dusclops|slp|[from] move: Rest\n|-heal|p2a: Dusclops|100\/100 slp|[silent]\n|move|p1a: beefasaurus rex|Thousand Arrows|p2a: Dusclops\n|-damage|p2a: Dusclops|67\/100 slp\n|\n|-heal|p1a: beefasaurus rex|60\/100 brn|[from] item: Leftovers\n|-damage|p1a: beefasaurus rex|54\/100 brn|[from] brn\n|-damage|p1a: beefasaurus rex|29\/100 brn|[from] Curse\n|-activate|p1a: beefasaurus rex|ability: Power Construct\n|detailschange|p1a: beefasaurus rex|Zygarde-Complete, tera:Fairy\n|-heal|p1a: beefasaurus rex|54\/100 brn|[silent]\n|upkeep\n|turn|26\n|\n|t:|1700686118\n|switch|p2a: Corsola|Corsola-Galar, M, shiny|100\/100\n|-activate|p2a: Corsola|move: Sticky Web\n|-unboost|p2a: Corsola|spe|1\n|-damage|p2a: Corsola|88\/100|[from] Stealth Rock\n|move|p1a: beefasaurus rex|Rest|p1a: beefasaurus rex\n|-status|p1a: beefasaurus rex|slp|[from] move: Rest\n|-heal|p1a: beefasaurus rex|100\/100 slp|[silent]\n|\n|-damage|p1a: beefasaurus rex|76\/100 slp|[from] Curse\n|upkeep\n|turn|27\n|\n|t:|1700686129\n|move|p2a: Corsola|Whirlpool|p1a: beefasaurus rex\n|-damage|p1a: beefasaurus rex|72\/100 slp\n|-activate|p1a: beefasaurus rex|move: Whirlpool|[of] p2a: Corsola\n|cant|p1a: beefasaurus rex|slp\n|\n|-heal|p1a: beefasaurus rex|78\/100 slp|[from] item: Leftovers\n|-damage|p1a: beefasaurus rex|53\/100 slp|[from] Curse\n|-damage|p1a: beefasaurus rex|41\/100 slp|[from] move: Whirlpool|[partiallytrapped]\n|-fieldend|move: Trick Room\n|upkeep\n|turn|28\n|\n|t:|1700686139\n|cant|p1a: beefasaurus rex|slp\n|move|p2a: Corsola|Strength Sap|p1a: beefasaurus rex\n|-unboost|p1a: beefasaurus rex|atk|1\n|-heal|p2a: Corsola|100\/100\n|\n|-heal|p1a: beefasaurus rex|47\/100 slp|[from] item: Leftovers\n|-damage|p1a: beefasaurus rex|22\/100 slp|[from] Curse\n|-damage|p1a: beefasaurus rex|10\/100 slp|[from] move: Whirlpool|[partiallytrapped]\n|upkeep\n|turn|29\n|\n|t:|1700686147\n|-curestatus|p1a: beefasaurus rex|slp|[msg]\n|move|p1a: beefasaurus rex|Thousand Arrows|p2a: Corsola\n|-damage|p2a: Corsola|57\/100\n|move|p2a: Corsola|Night Shade|p1a: beefasaurus rex\n|-damage|p1a: beefasaurus rex|0 fnt\n|faint|p1a: beefasaurus rex\n|\n|upkeep\n|\n|t:|1700686158\n|switch|p1a: Necrozma|Necrozma-Dusk-Mane|100\/100\n|turn|30\n|\n|t:|1700686167\n|move|p1a: Necrozma|Dragon Dance|p1a: Necrozma\n|-boost|p1a: Necrozma|atk|1\n|-boost|p1a: Necrozma|spe|1\n|move|p2a: Corsola|Strength Sap|p1a: Necrozma\n|-unboost|p1a: Necrozma|atk|1\n|-heal|p2a: Corsola|100\/100\n|\n|upkeep\n|turn|31\n|\n|t:|1700686173\n|move|p1a: Necrozma|Dragon Dance|p1a: Necrozma\n|-boost|p1a: Necrozma|atk|1\n|-boost|p1a: Necrozma|spe|1\n|move|p2a: Corsola|Will-O-Wisp|p1a: Necrozma|[miss]\n|-miss|p2a: Corsola|p1a: Necrozma\n|\n|upkeep\n|turn|32\n|\n|t:|1700686182\n|detailschange|p1a: Necrozma|Necrozma-Ultra\n|-burst|p1a: Necrozma|Necrozma|Ultranecrozium Z\n|move|p1a: Necrozma|Photon Geyser|p2a: Corsola\n|-damage|p2a: Corsola|49\/100\n|move|p2a: Corsola|Will-O-Wisp|p1a: Necrozma\n|-status|p1a: Necrozma|brn\n|\n|-damage|p1a: Necrozma|95\/100 brn|[from] brn\n|upkeep\n|turn|33\n|\n|t:|1700686195\n|-zpower|p1a: Necrozma\n|move|p1a: Necrozma|Light That Burns the Sky|p2a: Corsola|[zeffect]\n|-damage|p2a: Corsola|0 fnt\n|-start|p1a: Necrozma|Disable|Light That Burns the Sky|[from] ability: Cursed Body|[of] p2a: Corsola\n|faint|p2a: Corsola\n|\n|-damage|p1a: Necrozma|89\/100 brn|[from] brn\n|upkeep\n|\n|t:|1700686206\n|switch|p2a: Yveltal|Yveltal, shiny, tera:Fire|76\/100\n|-activate|p2a: Yveltal|move: Sticky Web\n|-unboost|p2a: Yveltal|spe|1\n|-damage|p2a: Yveltal|51\/100|[from] Stealth Rock\n|-ability|p2a: Yveltal|Dark Aura\n|turn|34\n|\n|t:|1700686214\n|move|p1a: Necrozma|Stone Edge|p2a: Yveltal|[miss]\n|-miss|p1a: Necrozma|p2a: Yveltal\n|move|p2a: Yveltal|Oblivion Wing|p1a: Necrozma\n|-damage|p1a: Necrozma|36\/100 brn\n|-heal|p2a: Yveltal|84\/100|[from] drain|[of] p1a: Necrozma\n|\n|-damage|p1a: Necrozma|30\/100 brn|[from] brn\n|upkeep\n|turn|35\n|\n|t:|1700686223\n|switch|p2a: Gliscor|Gliscor, M, shiny|100\/100 tox\n|-damage|p2a: Gliscor|88\/100 tox|[from] Stealth Rock\n|move|p1a: Necrozma|Stone Edge|p2a: Gliscor\n|-damage|p2a: Gliscor|62\/100 tox\n|\n|-heal|p2a: Gliscor|74\/100 tox|[from] ability: Poison Heal\n|-damage|p1a: Necrozma|24\/100 brn|[from] brn\n|upkeep\n|turn|36\n|\n|t:|1700686236\n|move|p1a: Necrozma|Photon Geyser|p2a: Gliscor\n|-damage|p2a: Gliscor|32\/100 tox\n|move|p2a: Gliscor|Substitute|p2a: Gliscor\n|-start|p2a: Gliscor|Substitute\n|-damage|p2a: Gliscor|8\/100 tox\n|\n|-heal|p2a: Gliscor|20\/100 tox|[from] ability: Poison Heal\n|-damage|p1a: Necrozma|18\/100 brn|[from] brn\n|-end|p1a: Necrozma|Disable\n|upkeep\n|turn|37\n|\n|t:|1700686247\n|move|p2a: Gliscor|Protect|p2a: Gliscor\n|-singleturn|p2a: Gliscor|Protect\n|move|p1a: Necrozma|Photon Geyser|p2a: Gliscor\n|-activate|p2a: Gliscor|move: Protect\n|\n|-heal|p2a: Gliscor|32\/100 tox|[from] ability: Poison Heal\n|-damage|p1a: Necrozma|12\/100 brn|[from] brn\n|upkeep\n|turn|38\n|c|\u2606Morohathepupper|I need a taunter\n|\n|t:|1700686264\n|move|p1a: Necrozma|Photon Geyser|p2a: Gliscor\n|-end|p2a: Gliscor|Substitute\n|move|p2a: Gliscor|Substitute|p2a: Gliscor\n|-start|p2a: Gliscor|Substitute\n|-damage|p2a: Gliscor|8\/100 tox\n|\n|-heal|p2a: Gliscor|20\/100 tox|[from] ability: Poison Heal\n|-damage|p1a: Necrozma|6\/100 brn|[from] brn\n|upkeep\n|turn|39\n|\n|t:|1700686275\n|move|p2a: Gliscor|Protect|p2a: Gliscor\n|-singleturn|p2a: Gliscor|Protect\n|move|p1a: Necrozma|Photon Geyser|p2a: Gliscor\n|-activate|p2a: Gliscor|move: Protect\n|\n|-heal|p2a: Gliscor|32\/100 tox|[from] ability: Poison Heal\n|-damage|p1a: Necrozma|0 fnt|[from] brn\n|faint|p1a: Necrozma\n|upkeep\n|-message|Morohathepupper forfeited.\n|\n|win|yiyi yizi\n|raw|Morohathepupper's rating: 1449 &rarr; <strong>1430<\/strong><br \/>(-19 for losing)\n|raw|yiyi yizi's rating: 1469 &rarr; <strong>1488<\/strong><br \/>(+19 for winning)\n|l|\u2606Morohathepupper\n","uploadtime":1700686289,"views":1,"p1id":"morohathepupper","p2id":"yiyiyizi","formatid":"gen9nationaldexubers","rating":1430,"private":0,"password":""}