{"id":"gen9nationaldexubers-1978834077","p1":"Slygirl","p2":"ShadowFan134","format":"[Gen 9] National Dex Ubers","log":"|j|\u2606Slygirl\n|j|\u2606ShadowFan134\n|t:|1698600722\n|gametype|singles\n|player|p1|Slygirl|1|1082\n|player|p2|ShadowFan134|marlon|1129\n|teamsize|p1|6\n|teamsize|p2|6\n|gen|9\n|tier|[Gen 9] National Dex Ubers\n|rated|\n|rule|HP Percentage Mod: HP is shown in percentages\n|rule|Endless Battle Clause: Forcing endless battles is banned\n|rule|OHKO Clause: OHKO moves are banned\n|rule|Evasion Moves Clause: Evasion moves are banned\n|rule|Evasion Items Clause: Evasion items are banned\n|rule|Species Clause: Limit one of each Pok\u00e9mon\n|rule|Sleep Clause Mod: Limit one foe put to sleep\n|rule|Mega Rayquaza Clause: You cannot mega evolve Rayquaza\n|clearpoke\n|poke|p1|Charizard, F|\n|poke|p1|Venusaur, M|\n|poke|p1|Murkrow, F|\n|poke|p1|Infernape, M|\n|poke|p1|Groudon|\n|poke|p1|Rotom-Wash|\n|poke|p2|Mew|\n|poke|p2|Zacian-*|\n|poke|p2|Zamazenta-*|\n|poke|p2|Melmetal|\n|poke|p2|Pheromosa|\n|poke|p2|Mewtwo|\n|teampreview\n|inactive|Battle timer is ON: inactive players will automatically lose when time's up. (requested by ShadowFan134)\n|inactive|Slygirl also wants the timer to be on.\n|\n|t:|1698600732\n|start\n|switch|p1a: Groudon|Groudon|100\/100\n|switch|p2a: Mew|Mew|100\/100\n|-weather|SunnyDay|[from] ability: Drought|[of] p1a: Groudon\n|turn|1\n|\n|t:|1698600741\n|move|p2a: Mew|Toxic Spikes|p1a: Groudon\n|-sidestart|p1: Slygirl|move: Toxic Spikes\n|move|p1a: Groudon|Stealth Rock|p2a: Mew\n|-sidestart|p2: ShadowFan134|move: Stealth Rock\n|\n|-weather|SunnyDay|[upkeep]\n|upkeep\n|turn|2\n|\n|t:|1698600748\n|move|p2a: Mew|Stealth Rock|p1a: Groudon\n|-sidestart|p1: Slygirl|move: Stealth Rock\n|move|p1a: Groudon|Heat Crash|p2a: Mew\n|-damage|p2a: Mew|46\/100\n|\n|-weather|SunnyDay|[upkeep]\n|upkeep\n|turn|3\n|\n|t:|1698600754\n|-zpower|p2a: Mew\n|move|p2a: Mew|Genesis Supernova|p1a: Groudon|[zeffect]\n|-damage|p1a: Groudon|50\/100\n|-fieldstart|move: Psychic Terrain\n|move|p1a: Groudon|Heat Crash|p2a: Mew\n|-damage|p2a: Mew|0 fnt\n|faint|p2a: Mew\n|\n|-weather|SunnyDay|[upkeep]\n|upkeep\n|\n|t:|1698600764\n|switch|p2a: Zacian|Zacian-Crowned|100\/100\n|-damage|p2a: Zacian|94\/100|[from] Stealth Rock\n|-ability|p2a: Zacian|Intrepid Sword|boost\n|-boost|p2a: Zacian|atk|1\n|turn|4\n|\n|t:|1698600774\n|move|p2a: Zacian|Behemoth Blade|p1a: Groudon\n|-damage|p1a: Groudon|0 fnt\n|faint|p1a: Groudon\n|\n|-weather|SunnyDay|[upkeep]\n|upkeep\n|\n|t:|1698600779\n|switch|p1a: Venusaur|Venusaur, M|100\/100\n|-sideend|p1: Slygirl|move: Toxic Spikes|[of] p1a: Venusaur\n|-damage|p1a: Venusaur|88\/100|[from] Stealth Rock\n|turn|5\n|\n|t:|1698600785\n|move|p1a: Venusaur|Weather Ball|p2a: Zacian\n|-supereffective|p2a: Zacian\n|-damage|p2a: Zacian|0 fnt\n|faint|p2a: Zacian\n|-damage|p1a: Venusaur|78\/100|[from] item: Life Orb\n|\n|-weather|SunnyDay|[upkeep]\n|upkeep\n|\n|t:|1698600792\n|switch|p2a: Zamazenta|Zamazenta-Crowned|100\/100\n|-damage|p2a: Zamazenta|97\/100|[from] Stealth Rock\n|-ability|p2a: Zamazenta|Dauntless Shield|boost\n|-boost|p2a: Zamazenta|def|1\n|turn|6\n|\n|t:|1698600797\n|move|p1a: Venusaur|Weather Ball|p2a: Zamazenta\n|-supereffective|p2a: Zamazenta\n|-damage|p2a: Zamazenta|22\/100\n|-damage|p1a: Venusaur|68\/100|[from] item: Life Orb\n|move|p2a: Zamazenta|Iron Defense|p2a: Zamazenta\n|-boost|p2a: Zamazenta|def|2\n|\n|-weather|SunnyDay|[upkeep]\n|upkeep\n|turn|7\n|\n|t:|1698600805\n|move|p1a: Venusaur|Weather Ball|p2a: Zamazenta\n|-supereffective|p2a: Zamazenta\n|-damage|p2a: Zamazenta|0 fnt\n|faint|p2a: Zamazenta\n|-damage|p1a: Venusaur|58\/100|[from] item: Life Orb\n|\n|-weather|SunnyDay|[upkeep]\n|-fieldend|move: Psychic Terrain\n|upkeep\n|\n|t:|1698600811\n|switch|p2a: Melmetal|Melmetal|100\/100\n|-damage|p2a: Melmetal|94\/100|[from] Stealth Rock\n|turn|8\n|\n|t:|1698600829\n|-terastallize|p2a: Melmetal|Steel\n|move|p1a: Venusaur|Weather Ball|p2a: Melmetal\n|-supereffective|p2a: Melmetal\n|-damage|p2a: Melmetal|0 fnt\n|faint|p2a: Melmetal\n|-damage|p1a: Venusaur|48\/100|[from] item: Life Orb\n|\n|-weather|none\n|upkeep\n|\n|t:|1698600836\n|switch|p2a: Pheromosa|Pheromosa|100\/100\n|-damage|p2a: Pheromosa|88\/100|[from] Stealth Rock\n|turn|9\n|\n|t:|1698600842\n|switch|p1a: Murkrow|Murkrow, F|100\/100\n|-damage|p1a: Murkrow|75\/100|[from] Stealth Rock\n|move|p2a: Pheromosa|Me First||[still]\n|-fail|p2a: Pheromosa\n|\n|upkeep\n|turn|10\n|\n|t:|1698600850\n|move|p1a: Murkrow|Taunt|p2a: Pheromosa\n|-start|p2a: Pheromosa|move: Taunt\n|cant|p2a: Pheromosa|move: Taunt|Agility\n|\n|upkeep\n|turn|11\n|\n|t:|1698600856\n|move|p1a: Murkrow|Toxic|p2a: Pheromosa\n|-status|p2a: Pheromosa|tox\n|move|p2a: Pheromosa|Drill Run|p1a: Murkrow\n|-immune|p1a: Murkrow\n|\n|-damage|p2a: Pheromosa|82\/100 tox|[from] psn\n|upkeep\n|turn|12\n|\n|t:|1698600868\n|move|p1a: Murkrow|Taunt||[still]\n|-fail|p1a: Murkrow\n|move|p2a: Pheromosa|Lunge|p1a: Murkrow\n|-damage|p1a: Murkrow|23\/100\n|-unboost|p1a: Murkrow|atk|1\n|\n|-damage|p2a: Pheromosa|70\/100 tox|[from] psn\n|-end|p2a: Pheromosa|move: Taunt\n|upkeep\n|turn|13\n|\n|t:|1698600877\n|move|p1a: Murkrow|Taunt|p2a: Pheromosa\n|-start|p2a: Pheromosa|move: Taunt\n|cant|p2a: Pheromosa|move: Taunt|Agility\n|\n|-damage|p2a: Pheromosa|52\/100 tox|[from] psn\n|upkeep\n|turn|14\n|\n|t:|1698600888\n|move|p1a: Murkrow|Roost|p1a: Murkrow\n|-heal|p1a: Murkrow|73\/100\n|-singleturn|p1a: Murkrow|move: Roost\n|move|p2a: Pheromosa|Lunge|p1a: Murkrow\n|-supereffective|p1a: Murkrow\n|-damage|p1a: Murkrow|0 fnt\n|faint|p1a: Murkrow\n|-ability|p2a: Pheromosa|Beast Boost|boost\n|-boost|p2a: Pheromosa|spe|1\n|\n|-damage|p2a: Pheromosa|28\/100 tox|[from] psn\n|upkeep\n|\n|t:|1698600903\n|switch|p1a: Rotom|Rotom-Wash|100\/100\n|-damage|p1a: Rotom|88\/100|[from] Stealth Rock\n|turn|15\n|\n|t:|1698600912\n|move|p2a: Pheromosa|Lunge|p1a: Rotom\n|-damage|p1a: Rotom|29\/100\n|-unboost|p1a: Rotom|atk|1\n|move|p1a: Rotom|Thunderbolt|p2a: Pheromosa\n|-damage|p2a: Pheromosa|0 fnt\n|faint|p2a: Pheromosa\n|\n|-heal|p1a: Rotom|35\/100|[from] item: Leftovers\n|upkeep\n|\n|t:|1698600922\n|switch|p2a: Mewtwo|Mewtwo|100\/100\n|-damage|p2a: Mewtwo|88\/100|[from] Stealth Rock\n|-ability|p2a: Mewtwo|Pressure\n|turn|16\n|\n|t:|1698600932\n|detailschange|p2a: Mewtwo|Mewtwo-Mega-X\n|-mega|p2a: Mewtwo|Mewtwo|Mewtwonite X\n|move|p1a: Rotom|Thunderbolt|p2a: Mewtwo\n|-damage|p2a: Mewtwo|50\/100\n|move|p2a: Mewtwo|Psycho Cut|p1a: Rotom\n|-damage|p1a: Rotom|0 fnt\n|faint|p1a: Rotom\n|\n|upkeep\n|\n|t:|1698600951\n|switch|p1a: Infernape|Infernape, M|100\/100\n|-damage|p1a: Infernape|88\/100|[from] Stealth Rock\n|turn|17\n|\n|t:|1698600975\n|-terastallize|p1a: Infernape|Steel\n|move|p1a: Infernape|Knock Off|p2a: Mewtwo\n|-damage|p2a: Mewtwo|29\/100\n|move|p2a: Mewtwo|Psycho Cut|p1a: Infernape\n|-resisted|p1a: Infernape\n|-damage|p1a: Infernape|48\/100\n|\n|upkeep\n|turn|18\n|\n|t:|1698600982\n|move|p1a: Infernape|Knock Off|p2a: Mewtwo\n|-damage|p2a: Mewtwo|6\/100\n|move|p2a: Mewtwo|Aura Sphere|p1a: Infernape\n|-supereffective|p1a: Infernape\n|-damage|p1a: Infernape|0 fnt\n|faint|p1a: Infernape\n|\n|upkeep\n|\n|t:|1698600986\n|switch|p1a: Charizard|Charizard, F|100\/100\n|-damage|p1a: Charizard|51\/100|[from] Stealth Rock\n|turn|19\n|\n|t:|1698600997\n|detailschange|p1a: Charizard|Charizard-Mega-Y, F\n|-mega|p1a: Charizard|Charizard|Charizardite Y\n|-weather|SunnyDay|[from] ability: Drought|[of] p1a: Charizard\n|move|p1a: Charizard|Flamethrower|p2a: Mewtwo\n|-damage|p2a: Mewtwo|0 fnt\n|faint|p2a: Mewtwo\n|\n|win|Slygirl\n|raw|Slygirl's rating: 1082 &rarr; <strong>1113<\/strong><br \/>(+31 for winning)\n|raw|ShadowFan134's rating: 1129 &rarr; <strong>1101<\/strong><br \/>(-28 for losing)\n|l|\u2606ShadowFan134\n","uploadtime":1698601026,"views":10,"p1id":"slygirl","p2id":"shadowfan134","formatid":"gen9nationaldexubers","rating":1101,"private":0,"password":""}