{"id":"gen9nationaldexubers-1996037325","p1":"U Gov","p2":"Rhyfinn1.2.1","format":"[Gen 9] National Dex Ubers","log":"|j|\u203dU Gov\n|j|\u2606Rhyfinn1.2.1\n|t:|1700633264\n|gametype|singles\n|player|p1|U Gov|koga|1000\n|player|p2|Rhyfinn1.2.1|ninjaboy|1000\n|teamsize|p1|6\n|teamsize|p2|6\n|gen|9\n|tier|[Gen 9] National Dex Ubers\n|rated|\n|rule|HP Percentage Mod: HP is shown in percentages\n|rule|Endless Battle Clause: Forcing endless battles is banned\n|rule|OHKO Clause: OHKO moves are banned\n|rule|Evasion Moves Clause: Evasion moves are banned\n|rule|Evasion Items Clause: Evasion items are banned\n|rule|Species Clause: Limit one of each Pok\u00e9mon\n|rule|Sleep Clause Mod: Limit one foe put to sleep\n|rule|Mega Rayquaza Clause: You cannot mega evolve Rayquaza\n|clearpoke\n|poke|p1|Melmetal|\n|poke|p1|Mewtwo|\n|poke|p1|Kingambit, F|\n|poke|p1|Marshadow|\n|poke|p1|Regieleki|\n|poke|p1|Necrozma-Dawn-Wings|\n|poke|p2|Xerneas-*|\n|poke|p2|Marshadow|\n|poke|p2|Groudon|\n|poke|p2|Deoxys-Speed|\n|poke|p2|Necrozma-Dusk-Mane|\n|poke|p2|Pheromosa|\n|teampreview\n|inactive|Battle timer is ON: inactive players will automatically lose when time's up. (requested by U Gov)\n|inactive|Rhyfinn1.2.1 also wants the timer to be on.\n|\n|t:|1700633275\n|start\n|switch|p1a: Mewtwo|Mewtwo, shiny|100\/100\n|switch|p2a: Deoxys|Deoxys-Speed, shiny|100\/100\n|-ability|p2a: Deoxys|Pressure\n|-ability|p1a: Mewtwo|Pressure\n|turn|1\n|\n|t:|1700633290\n|detailschange|p1a: Mewtwo|Mewtwo-Mega-Y, shiny\n|-mega|p1a: Mewtwo|Mewtwo|Mewtwonite Y\n|move|p2a: Deoxys|Taunt|p1a: Mewtwo\n|-start|p1a: Mewtwo|move: Taunt\n|move|p1a: Mewtwo|Shadow Ball|p2a: Deoxys\n|-supereffective|p2a: Deoxys\n|-damage|p2a: Deoxys|11\/100\n|-unboost|p2a: Deoxys|spd|1\n|\n|upkeep\n|turn|2\n|\n|t:|1700633299\n|move|p2a: Deoxys|Stealth Rock|p1a: Mewtwo\n|-sidestart|p1: U Gov|move: Stealth Rock\n|move|p1a: Mewtwo|Shadow Ball|p2a: Deoxys\n|-supereffective|p2a: Deoxys\n|-damage|p2a: Deoxys|0 fnt\n|faint|p2a: Deoxys\n|\n|upkeep\n|\n|t:|1700633304\n|switch|p2a: Pheromosa|Pheromosa, shiny|100\/100\n|turn|3\n|\n|t:|1700633317\n|switch|p1a: Melmetal|Melmetal, shiny|100\/100\n|-damage|p1a: Melmetal|94\/100|[from] Stealth Rock\n|move|p2a: Pheromosa|Bug Buzz|p1a: Melmetal\n|-resisted|p1a: Melmetal\n|-damage|p1a: Melmetal|75\/100\n|-damage|p2a: Pheromosa|91\/100|[from] item: Life Orb\n|\n|upkeep\n|turn|4\n|\n|t:|1700633331\n|move|p2a: Pheromosa|Close Combat|p1a: Melmetal\n|-supereffective|p1a: Melmetal\n|-damage|p1a: Melmetal|0 fnt\n|-unboost|p2a: Pheromosa|def|1\n|-unboost|p2a: Pheromosa|spd|1\n|faint|p1a: Melmetal\n|-ability|p2a: Pheromosa|Beast Boost|boost\n|-boost|p2a: Pheromosa|spe|1\n|-damage|p2a: Pheromosa|81\/100|[from] item: Life Orb\n|\n|upkeep\n|\n|t:|1700633342\n|switch|p1a: Marshadow|Marshadow|100\/100\n|-damage|p1a: Marshadow|94\/100|[from] Stealth Rock\n|turn|5\n|\n|t:|1700633349\n|switch|p2a: Groudon|Groudon, shiny|100\/100\n|detailschange|p2a: Groudon|Groudon-Primal, shiny\n|-primal|p2a: Groudon|Red Orb\n|-weather|DesolateLand|[from] ability: Desolate Land|[of] p2a: Groudon\n|move|p1a: Marshadow|Spectral Thief|p2a: Groudon\n|-damage|p2a: Groudon|67\/100\n|\n|-weather|DesolateLand|[upkeep]\n|upkeep\n|turn|6\n|\n|t:|1700633358\n|-zpower|p1a: Marshadow\n|move|p1a: Marshadow|Soul-Stealing 7-Star Strike|p2a: Groudon|[zeffect]\n|-damage|p2a: Groudon|5\/100\n|move|p2a: Groudon|Flamethrower|p1a: Marshadow\n|-damage|p1a: Marshadow|0 fnt\n|faint|p1a: Marshadow\n|\n|-weather|DesolateLand|[upkeep]\n|upkeep\n|\n|t:|1700633370\n|switch|p1a: Regieleki|Regieleki|100\/100\n|turn|7\n|\n|t:|1700633381\n|move|p1a: Regieleki|Rapid Spin|p2a: Groudon\n|-damage|p2a: Groudon|0 fnt\n|-boost|p1a: Regieleki|spe|1\n|-sideend|p1: U Gov|Stealth Rock|[from] move: Rapid Spin|[of] p1a: Regieleki\n|faint|p2a: Groudon\n|-weather|none\n|\n|upkeep\n|\n|t:|1700633390\n|switch|p2a: Xerneas|Xerneas|100\/100\n|-ability|p2a: Xerneas|Fairy Aura\n|turn|8\n|\n|t:|1700633394\n|move|p1a: Regieleki|Thunder Cage|p2a: Xerneas\n|-damage|p2a: Xerneas|63\/100\n|-activate|p2a: Xerneas|move: Thunder Cage|[of] p1a: Regieleki\n|move|p2a: Xerneas|Geomancy||[still]\n|-prepare|p2a: Xerneas|Geomancy\n|-enditem|p2a: Xerneas|Power Herb\n|-anim|p2a: Xerneas|Geomancy|p2a: Xerneas\n|-boost|p2a: Xerneas|spa|2\n|-boost|p2a: Xerneas|spd|2\n|-boost|p2a: Xerneas|spe|2\n|\n|-damage|p2a: Xerneas|51\/100|[from] move: Thunder Cage|[partiallytrapped]\n|upkeep\n|turn|9\n|\n|t:|1700633405\n|move|p1a: Regieleki|Protect|p1a: Regieleki\n|-singleturn|p1a: Regieleki|Protect\n|move|p2a: Xerneas|Moonblast|p1a: Regieleki\n|-activate|p1a: Regieleki|move: Protect\n|\n|-damage|p2a: Xerneas|39\/100|[from] move: Thunder Cage|[partiallytrapped]\n|upkeep\n|turn|10\n|\n|t:|1700633416\n|move|p1a: Regieleki|Protect||[still]\n|-fail|p1a: Regieleki\n|move|p2a: Xerneas|Moonblast|p1a: Regieleki\n|-damage|p1a: Regieleki|0 fnt\n|faint|p1a: Regieleki\n|\n|-end|p2a: Xerneas|Thunder Cage|[partiallytrapped]|[silent]\n|upkeep\n|\n|t:|1700633428\n|switch|p1a: Mewtwo|Mewtwo-Mega-Y, shiny|100\/100\n|turn|11\n|\n|t:|1700633432\n|move|p2a: Xerneas|Moonblast|p1a: Mewtwo\n|-damage|p1a: Mewtwo|0 fnt\n|faint|p1a: Mewtwo\n|\n|upkeep\n|\n|t:|1700633434\n|switch|p1a: Necrozma|Necrozma-Dawn-Wings, shiny|100\/100\n|turn|12\n|\n|t:|1700633438\n|move|p2a: Xerneas|Moonblast|p1a: Necrozma\n|-damage|p1a: Necrozma|0 fnt\n|faint|p1a: Necrozma\n|\n|upkeep\n|\n|t:|1700633440\n|switch|p1a: Kingambit|Kingambit, F, shiny|100\/100\n|-activate|p1a: Kingambit|ability: Supreme Overlord\n|-start|p1a: Kingambit|fallen5|[silent]\n|turn|13\n|\n|t:|1700633445\n|move|p2a: Xerneas|Moonblast|p1a: Kingambit\n|-damage|p1a: Kingambit|8\/100\n|move|p1a: Kingambit|Poison Jab|p2a: Xerneas\n|-supereffective|p2a: Xerneas\n|-damage|p2a: Xerneas|0 fnt\n|faint|p2a: Xerneas\n|\n|upkeep\n|\n|t:|1700633451\n|switch|p2a: Marshadow|Marshadow|100\/100\n|turn|14\n|\n|t:|1700633455\n|-terastallize|p1a: Kingambit|Dark\n|move|p1a: Kingambit|Sucker Punch|p2a: Marshadow\n|-enditem|p2a: Marshadow|Focus Sash\n|-damage|p2a: Marshadow|1\/100\n|move|p2a: Marshadow|Close Combat|p1a: Kingambit\n|-supereffective|p1a: Kingambit\n|-damage|p1a: Kingambit|0 fnt\n|-unboost|p2a: Marshadow|def|1\n|-unboost|p2a: Marshadow|spd|1\n|faint|p1a: Kingambit\n|-end|p1a: Kingambit|fallen5|[silent]\n|\n|win|Rhyfinn1.2.1\n|raw|U Gov's rating: 1000 &rarr; <strong>1000<\/strong><br \/>(+0 for losing)\n|raw|Rhyfinn1.2.1's rating: 1000 &rarr; <strong>1040<\/strong><br \/>(+40 for winning)\n","uploadtime":1700633460,"views":0,"p1id":"ugov","p2id":"rhyfinn121","formatid":"gen9nationaldexubers","rating":1000,"private":0,"password":""}