{"id":"gen9nationaldexubers-1996749300","p1":"danish13","p2":"85792195wwww","format":"[Gen 9] National Dex Ubers","log":"|j|\u2606danish13\n|j|\u260685792195wwww\n|t:|1700718718\n|gametype|singles\n|player|p1|danish13|lance|1551\n|player|p2|85792195wwww|mira|1745\n|teamsize|p1|6\n|teamsize|p2|6\n|gen|9\n|tier|[Gen 9] National Dex Ubers\n|rated|\n|rule|HP Percentage Mod: HP is shown in percentages\n|rule|Endless Battle Clause: Forcing endless battles is banned\n|rule|OHKO Clause: OHKO moves are banned\n|rule|Evasion Moves Clause: Evasion moves are banned\n|rule|Evasion Items Clause: Evasion items are banned\n|rule|Species Clause: Limit one of each Pok\u00e9mon\n|rule|Sleep Clause Mod: Limit one foe put to sleep\n|rule|Mega Rayquaza Clause: You cannot mega evolve Rayquaza\n|clearpoke\n|poke|p1|Salamence, M|\n|poke|p1|Yveltal|\n|poke|p1|Rayquaza|\n|poke|p1|Roaring Moon|\n|poke|p1|Ting-Lu|\n|poke|p1|Arceus|\n|poke|p2|Arceus|\n|poke|p2|Zacian-*|\n|poke|p2|Xerneas-*|\n|poke|p2|Kyogre|\n|poke|p2|Groudon|\n|poke|p2|Deoxys-Speed|\n|teampreview\n|inactive|Battle timer is ON: inactive players will automatically lose when time's up. (requested by danish13)\n|\n|t:|1700718728\n|start\n|switch|p1a: Arceus|Arceus|100\/100\n|switch|p2a: Deoxys|Deoxys-Speed|100\/100\n|-ability|p2a: Deoxys|Pressure\n|turn|1\n|\n|t:|1700718736\n|move|p1a: Arceus|Extreme Speed|p2a: Deoxys\n|-damage|p2a: Deoxys|51\/100\n|move|p2a: Deoxys|Trick|p1a: Arceus\n|-activate|p2a: Deoxys|move: Trick|[of] p1a: Arceus\n|-item|p1a: Arceus|Choice Scarf|[from] move: Trick\n|-item|p2a: Deoxys|Chople Berry|[from] move: Trick\n|\n|upkeep\n|turn|2\n|\n|t:|1700718747\n|switch|p2a: Zacian|Zacian-Crowned|100\/100\n|-ability|p2a: Zacian|Intrepid Sword|boost\n|-boost|p2a: Zacian|atk|1\n|move|p1a: Arceus|Extreme Speed|p2a: Zacian\n|-resisted|p2a: Zacian\n|-damage|p2a: Zacian|82\/100\n|\n|upkeep\n|turn|3\n|\n|t:|1700718757\n|switch|p1a: Ting-Lu|Ting-Lu|100\/100\n|-ability|p1a: Ting-Lu|Vessel of Ruin\n|move|p2a: Zacian|Swords Dance|p2a: Zacian\n|-boost|p2a: Zacian|atk|2\n|\n|upkeep\n|turn|4\n|\n|t:|1700718766\n|move|p2a: Zacian|Behemoth Blade|p1a: Ting-Lu\n|-damage|p1a: Ting-Lu|29\/100\n|-damage|p2a: Zacian|65\/100|[from] item: Rocky Helmet|[of] p1a: Ting-Lu\n|move|p1a: Ting-Lu|Stealth Rock|p2a: Zacian\n|-sidestart|p2: 85792195wwww|move: Stealth Rock\n|\n|upkeep\n|turn|5\n|\n|t:|1700718773\n|move|p2a: Zacian|Behemoth Blade|p1a: Ting-Lu\n|-damage|p1a: Ting-Lu|0 fnt\n|-damage|p2a: Zacian|48\/100|[from] item: Rocky Helmet|[of] p1a: Ting-Lu\n|faint|p1a: Ting-Lu\n|\n|upkeep\n|\n|t:|1700718780\n|switch|p1a: Arceus|Arceus|100\/100\n|turn|6\n|\n|t:|1700718785\n|move|p1a: Arceus|Earthquake|p2a: Zacian\n|-supereffective|p2a: Zacian\n|-damage|p2a: Zacian|0 fnt\n|faint|p2a: Zacian\n|\n|upkeep\n|\n|t:|1700718796\n|switch|p2a: Xerneas|Xerneas|100\/100\n|-damage|p2a: Xerneas|88\/100|[from] Stealth Rock\n|-ability|p2a: Xerneas|Fairy Aura\n|turn|7\n|\n|t:|1700718803\n|-terastallize|p1a: Arceus|Ground\n|move|p1a: Arceus|Earthquake|p2a: Xerneas\n|-damage|p2a: Xerneas|49\/100\n|move|p2a: Xerneas|Geomancy||[still]\n|-prepare|p2a: Xerneas|Geomancy\n|-enditem|p2a: Xerneas|Power Herb\n|-anim|p2a: Xerneas|Geomancy|p2a: Xerneas\n|-boost|p2a: Xerneas|spa|2\n|-boost|p2a: Xerneas|spd|2\n|-boost|p2a: Xerneas|spe|2\n|\n|upkeep\n|turn|8\n|\n|t:|1700718818\n|switch|p1a: Roaring Moon|Roaring Moon|100\/100\n|-enditem|p1a: Roaring Moon|Booster Energy\n|-activate|p1a: Roaring Moon|ability: Protosynthesis|[fromitem]\n|-start|p1a: Roaring Moon|protosynthesisatk\n|move|p2a: Xerneas|Moonblast|p1a: Roaring Moon\n|-supereffective|p1a: Roaring Moon\n|-crit|p1a: Roaring Moon\n|-damage|p1a: Roaring Moon|0 fnt\n|faint|p1a: Roaring Moon\n|-end|p1a: Roaring Moon|Protosynthesis|[silent]\n|\n|upkeep\n|\n|t:|1700718833\n|switch|p1a: Yveltal|Yveltal|100\/100\n|-ability|p1a: Yveltal|Dark Aura\n|turn|9\n|\n|t:|1700718840\n|move|p2a: Xerneas|Moonblast|p1a: Yveltal\n|-supereffective|p1a: Yveltal\n|-damage|p1a: Yveltal|0 fnt\n|faint|p1a: Yveltal\n|\n|upkeep\n|\n|t:|1700718846\n|switch|p1a: Arceus|Arceus, tera:Ground|100\/100\n|turn|10\n|\n|t:|1700718849\n|move|p1a: Arceus|Extreme Speed|p2a: Xerneas\n|-damage|p2a: Xerneas|19\/100\n|move|p2a: Xerneas|Moonblast|p1a: Arceus\n|-damage|p1a: Arceus|0 fnt\n|faint|p1a: Arceus\n|\n|upkeep\n|\n|t:|1700718856\n|switch|p1a: Rayquaza|Rayquaza|100\/100\n|-ability|p1a: Rayquaza|Air Lock\n|turn|11\n|\n|t:|1700718861\n|move|p1a: Rayquaza|Extreme Speed|p2a: Xerneas\n|-damage|p2a: Xerneas|0 fnt\n|faint|p2a: Xerneas\n|-damage|p1a: Rayquaza|91\/100|[from] item: Life Orb\n|\n|upkeep\n|j| Evil T-tar\n|\n|t:|1700718887\n|switch|p2a: Arceus|Arceus|100\/100\n|-damage|p2a: Arceus|88\/100|[from] Stealth Rock\n|turn|12\n|inactive|danish13 has 120 seconds left.\n|\n|t:|1700718919\n|move|p2a: Arceus|Swords Dance|p2a: Arceus\n|-boost|p2a: Arceus|atk|2\n|move|p1a: Rayquaza|V-create|p2a: Arceus\n|-damage|p2a: Arceus|15\/100\n|-unboost|p1a: Rayquaza|spe|1\n|-unboost|p1a: Rayquaza|def|1\n|-unboost|p1a: Rayquaza|spd|1\n|-damage|p1a: Rayquaza|81\/100|[from] item: Life Orb\n|\n|upkeep\n|turn|13\n|\n|t:|1700718929\n|move|p2a: Arceus|Extreme Speed|p1a: Rayquaza\n|-damage|p1a: Rayquaza|0 fnt\n|faint|p1a: Rayquaza\n|-damage|p2a: Arceus|5\/100|[from] item: Life Orb\n|\n|upkeep\n|\n|t:|1700718934\n|switch|p1a: Salamence|Salamence, M|100\/100\n|-ability|p1a: Salamence|Intimidate|boost\n|-unboost|p2a: Arceus|atk|1\n|turn|14\n|\n|t:|1700718940\n|detailschange|p1a: Salamence|Salamence-Mega, M\n|-mega|p1a: Salamence|Salamence|Salamencite\n|-terastallize|p2a: Arceus|Normal\n|move|p2a: Arceus|Extreme Speed|p1a: Salamence\n|-damage|p1a: Salamence|15\/100\n|-damage|p2a: Arceus|0 fnt|[from] item: Life Orb\n|faint|p2a: Arceus\n|move|p1a: Salamence|Dragon Dance|p1a: Salamence\n|-boost|p1a: Salamence|atk|1\n|-boost|p1a: Salamence|spe|1\n|\n|upkeep\n|\n|t:|1700718952\n|switch|p2a: Deoxys|Deoxys-Speed|51\/100\n|-damage|p2a: Deoxys|38\/100|[from] Stealth Rock\n|-ability|p2a: Deoxys|Pressure\n|turn|15\n|\n|t:|1700718959\n|move|p2a: Deoxys|Thunder Wave|p1a: Salamence\n|-status|p1a: Salamence|par\n|cant|p1a: Salamence|par\n|\n|upkeep\n|turn|16\n|-message|danish13 forfeited.\n|\n|win|85792195wwww\n|raw|danish13's rating: 1551 &rarr; <strong>1541<\/strong><br \/>(-10 for losing)\n|raw|85792195wwww's rating: 1745 &rarr; <strong>1755<\/strong><br \/>(+10 for winning)\n|l|\u2606danish13\n","uploadtime":1700718970,"views":2,"p1id":"danish13","p2id":"85792195wwww","formatid":"gen9nationaldexubers","rating":1541,"private":0,"password":""}