{"id":"gen9nationaldexubers-1987641600","p1":"The power of ROCK","p2":"Reality_Check56","format":"[Gen 9] National Dex Ubers","log":"|j|\u2606The power of ROCK\n|j|\u2606Reality_Check56\n|t:|1699623028\n|gametype|singles\n|player|p1|The power of ROCK|roark|\n|player|p2|Reality_Check56|psychic-gen6|\n|teamsize|p1|6\n|teamsize|p2|6\n|gen|9\n|tier|[Gen 9] National Dex Ubers\n|rule|HP Percentage Mod: HP is shown in percentages\n|rule|Endless Battle Clause: Forcing endless battles is banned\n|rule|OHKO Clause: OHKO moves are banned\n|rule|Evasion Moves Clause: Evasion moves are banned\n|rule|Evasion Items Clause: Evasion items are banned\n|rule|Species Clause: Limit one of each Pok\u00e9mon\n|rule|Sleep Clause Mod: Limit one foe put to sleep\n|rule|Mega Rayquaza Clause: You cannot mega evolve Rayquaza\n|clearpoke\n|poke|p1|Tyranitar, F|\n|poke|p1|Garganacl, M|\n|poke|p1|Aggron, F|\n|poke|p1|Cradily, F|\n|poke|p1|Glimmora, M|\n|poke|p1|Stakataka|\n|poke|p2|Stakataka|\n|poke|p2|Pheromosa|\n|poke|p2|Kartana|\n|poke|p2|Xurkitree|\n|poke|p2|Blacephalon|\n|poke|p2|Naganadel|\n|teampreview\n|c|\u2606Reality_Check56|glhf\n|j| NDUU9SCRN EM\n|c|\u2606The power of ROCK|Welcome to the ROCK gym\n|l| NDUU9SCRN EM\n|c|\u2606Reality_Check56|Yea yea Hurry up\n|c|\u2606Reality_Check56|My stakata better\n|\n|t:|1699623058\n|start\n|switch|p1a: Aggron|Aggron, F|100\/100\n|switch|p2a: Kartana|Kartana|100\/100\n|turn|1\n|\n|t:|1699623066\n|detailschange|p1a: Aggron|Aggron-Mega, F\n|-mega|p1a: Aggron|Aggron|Aggronite\n|move|p2a: Kartana|Swords Dance|p2a: Kartana\n|-boost|p2a: Kartana|atk|2\n|move|p1a: Aggron|Body Press|p2a: Kartana\n|-supereffective|p2a: Kartana\n|-damage|p2a: Kartana|7\/100\n|\n|upkeep\n|turn|2\n|c|\u2606The power of ROCK|heh we'll see\n|c|\u2606The power of ROCK|HUH\n|c|\u2606The power of ROCK|it didn't kill?\n|c|\u2606Reality_Check56|Nope\n|c|\u2606Reality_Check56|HEHEHEHEH\n|c|\u2606The power of ROCK|damn your tough\n|\n|t:|1699623087\n|move|p2a: Kartana|Smart Strike|p1a: Aggron\n|-resisted|p1a: Aggron\n|-damage|p1a: Aggron|75\/100\n|-damage|p2a: Kartana|0 fnt|[from] item: Life Orb\n|faint|p2a: Kartana\n|move|p1a: Aggron|Body Press|p2: Kartana|[notarget]\n|-fail|p1a: Aggron\n|\n|upkeep\n|\n|t:|1699623096\n|switch|p2a: Blacephalon|Blacephalon|100\/100\n|turn|3\n|\n|t:|1699623107\n|switch|p1a: Tyranitar|Tyranitar, F|100\/100\n|-weather|Sandstorm|[from] ability: Sand Stream|[of] p1a: Tyranitar\n|-zpower|p2a: Blacephalon\n|move|p2a: Blacephalon|Inferno Overdrive|p1a: Tyranitar|[zeffect]\n|-resisted|p1a: Tyranitar\n|-damage|p1a: Tyranitar|85\/100\n|\n|-weather|Sandstorm|[upkeep]\n|-damage|p2a: Blacephalon|94\/100|[from] Sandstorm\n|upkeep\n|turn|4\n|\n|t:|1699623118\n|move|p2a: Blacephalon|Calm Mind|p2a: Blacephalon\n|-boost|p2a: Blacephalon|spa|1\n|-boost|p2a: Blacephalon|spd|1\n|move|p1a: Tyranitar|Pursuit|p2a: Blacephalon\n|-supereffective|p2a: Blacephalon\n|-damage|p2a: Blacephalon|9\/100\n|\n|-weather|Sandstorm|[upkeep]\n|-damage|p2a: Blacephalon|3\/100|[from] Sandstorm\n|upkeep\n|turn|5\n|\n|t:|1699623131\n|move|p2a: Blacephalon|Dark Pulse|p1a: Tyranitar\n|-resisted|p1a: Tyranitar\n|-damage|p1a: Tyranitar|78\/100\n|move|p1a: Tyranitar|Pursuit|p2a: Blacephalon\n|-supereffective|p2a: Blacephalon\n|-damage|p2a: Blacephalon|0 fnt\n|faint|p2a: Blacephalon\n|\n|-weather|Sandstorm|[upkeep]\n|upkeep\n|c|\u2606The power of ROCK|nice damage xD\n|\n|t:|1699623145\n|switch|p2a: Naganadel|Naganadel|100\/100\n|turn|6\n|\n|t:|1699623149\n|move|p2a: Naganadel|Nasty Plot|p2a: Naganadel\n|-boost|p2a: Naganadel|spa|2\n|move|p1a: Tyranitar|Knock Off|p2a: Naganadel\n|-damage|p2a: Naganadel|29\/100\n|-enditem|p2a: Naganadel|Heavy-Duty Boots|[from] move: Knock Off|[of] p1a: Tyranitar\n|\n|-weather|Sandstorm|[upkeep]\n|-damage|p2a: Naganadel|23\/100|[from] Sandstorm\n|upkeep\n|turn|7\n|c|\u2606Reality_Check56|welp\n|c|\u2606The power of ROCK|i can take it\n|c|\u2606The power of ROCK|BRING IT\n|c|\u2606The power of ROCK|hit with with what u got\n|\n|t:|1699623163\n|move|p2a: Naganadel|Draco Meteor|p1a: Tyranitar\n|-crit|p1a: Tyranitar\n|-damage|p1a: Tyranitar|22\/100\n|-unboost|p2a: Naganadel|spa|2\n|move|p1a: Tyranitar|Knock Off|p2a: Naganadel\n|-damage|p2a: Naganadel|0 fnt\n|faint|p2a: Naganadel\n|\n|-weather|none\n|upkeep\n|c|\u2606The power of ROCK|you got a crit\n|c|\u2606The power of ROCK|and still couldnt kill me xD\n|\n|t:|1699623177\n|switch|p2a: Stakataka|Stakataka|100\/100\n|turn|8\n|\n|t:|1699623182\n|switch|p1a: Aggron|Aggron-Mega, F|75\/100\n|-terastallize|p2a: Stakataka|Fighting\n|move|p2a: Stakataka|Trick Room|p2a: Stakataka\n|-fieldstart|move: Trick Room|[of] p2a: Stakataka\n|\n|upkeep\n|turn|9\n|c|\u2606The power of ROCK|oh no way\n|\n|t:|1699623189\n|move|p2a: Stakataka|Iron Defense|p2a: Stakataka\n|-boost|p2a: Stakataka|def|2\n|move|p1a: Aggron|Iron Defense|p1a: Aggron\n|-boost|p1a: Aggron|def|2\n|\n|upkeep\n|turn|10\n|c|\u2606The power of ROCK|sit\n|c|\u2606The power of ROCK|omg\n|\n|t:|1699623195\n|move|p2a: Stakataka|Iron Defense|p2a: Stakataka\n|-boost|p2a: Stakataka|def|2\n|move|p1a: Aggron|Iron Defense|p1a: Aggron\n|-boost|p1a: Aggron|def|2\n|\n|upkeep\n|turn|11\n|c|\u2606Reality_Check56|FIGHT TERA\n|\n|t:|1699623200\n|move|p2a: Stakataka|Body Press|p1a: Aggron\n|-supereffective|p1a: Aggron\n|-damage|p1a: Aggron|40\/100\n|move|p1a: Aggron|Iron Defense|p1a: Aggron\n|-boost|p1a: Aggron|def|2\n|\n|upkeep\n|turn|12\n|\n|t:|1699623209\n|move|p2a: Stakataka|Iron Defense|p2a: Stakataka\n|-boost|p2a: Stakataka|def|2\n|move|p1a: Aggron|Body Press|p2a: Stakataka\n|-damage|p2a: Stakataka|79\/100\n|\n|-fieldend|move: Trick Room\n|upkeep\n|turn|13\n|c|\u2606Reality_Check56|heh\n|c|\u2606The power of ROCK|i did 0\n|c|\u2606The power of ROCK|WHAT\n|c|\u2606Reality_Check56|yep\n|\n|t:|1699623223\n|move|p1a: Aggron|Body Press|p2a: Stakataka\n|-damage|p2a: Stakataka|57\/100\n|move|p2a: Stakataka|Gyro Ball|p1a: Aggron\n|-resisted|p1a: Aggron\n|-damage|p1a: Aggron|36\/100\n|\n|upkeep\n|turn|14\n|j| xlr8benten\n|\n|t:|1699623231\n|move|p1a: Aggron|Body Press|p2a: Stakataka\n|-damage|p2a: Stakataka|34\/100\n|move|p2a: Stakataka|Trick Room|p2a: Stakataka\n|-fieldstart|move: Trick Room|[of] p2a: Stakataka\n|\n|upkeep\n|turn|15\n|\n|t:|1699623236\n|move|p2a: Stakataka|Body Press|p1a: Aggron\n|-supereffective|p1a: Aggron\n|-damage|p1a: Aggron|0 fnt\n|faint|p1a: Aggron\n|\n|upkeep\n|c|\u2606The power of ROCK|NOOOOOOOOOOOOOOOOOOOOOOOOOOO\n|c|\u2606Reality_Check56|iron ball\n|\n|t:|1699623246\n|switch|p1a: Glimmora|Glimmora, M|100\/100\n|turn|16\n|\n|t:|1699623249\n|move|p2a: Stakataka|Body Press|p1a: Glimmora\n|-damage|p1a: Glimmora|0 fnt\n|-activate|p1a: Glimmora|ability: Toxic Debris\n|-sidestart|p2: Reality_Check56|move: Toxic Spikes\n|faint|p1a: Glimmora\n|\n|upkeep\n|\n|t:|1699623252\n|switch|p1a: Garganacl|Garganacl, M|100\/100\n|turn|17\n|\n|t:|1699623256\n|-terastallize|p1a: Garganacl|Ghost\n|move|p2a: Stakataka|Body Press|p1a: Garganacl\n|-immune|p1a: Garganacl\n|move|p1a: Garganacl|Iron Defense|p1a: Garganacl\n|-boost|p1a: Garganacl|def|2\n|\n|upkeep\n|turn|18\n|c|\u2606Reality_Check56|welp\n|\n|t:|1699623262\n|move|p2a: Stakataka|Gyro Ball|p1a: Garganacl\n|-damage|p1a: Garganacl|80\/100\n|move|p1a: Garganacl|Iron Defense|p1a: Garganacl\n|-boost|p1a: Garganacl|def|2\n|\n|-fieldend|move: Trick Room\n|upkeep\n|turn|19\n|\n|t:|1699623270\n|switch|p2a: Xurkitree|Xurkitree|100\/100\n|-status|p2a: Xurkitree|psn\n|move|p1a: Garganacl|Salt Cure|p2a: Xurkitree\n|-damage|p2a: Xurkitree|79\/100 psn\n|-start|p2a: Xurkitree|Salt Cure\n|\n|-heal|p2a: Xurkitree|85\/100 psn|[from] item: Leftovers\n|-damage|p2a: Xurkitree|73\/100 psn|[from] psn\n|-damage|p2a: Xurkitree|60\/100 psn|[from] Salt Cure\n|upkeep\n|turn|20\n|c|\u2606Reality_Check56|welp\n|\n|t:|1699623282\n|move|p2a: Xurkitree|Thunder|p1a: Garganacl|[miss]\n|-miss|p2a: Xurkitree|p1a: Garganacl\n|move|p1a: Garganacl|Body Press|p2a: Xurkitree\n|-crit|p2a: Xurkitree\n|-damage|p2a: Xurkitree|0 fnt\n|faint|p2a: Xurkitree\n|\n|upkeep\n|c| xlr8benten|chiped\n|c|\u2606The power of ROCK|YAY gg\n|c|\u2606Reality_Check56|heheh\n|\n|t:|1699623289\n|switch|p2a: Pheromosa|Pheromosa|100\/100\n|-status|p2a: Pheromosa|psn\n|turn|21\n|c|\u2606Reality_Check56|HAHAHAHAH\n|\n|t:|1699623293\n|move|p2a: Pheromosa|Triple Axel|p1a: Garganacl\n|-damage|p1a: Garganacl|79\/100\n|-damage|p1a: Garganacl|76\/100\n|-hitcount|p1a: Garganacl|2\n|move|p1a: Garganacl|Salt Cure|p2a: Pheromosa\n|-damage|p2a: Pheromosa|63\/100 psn\n|-start|p2a: Pheromosa|Salt Cure\n|\n|-damage|p2a: Pheromosa|51\/100 psn|[from] psn\n|-damage|p2a: Pheromosa|38\/100 psn|[from] Salt Cure\n|upkeep\n|turn|22\n|\n|t:|1699623303\n|move|p2a: Pheromosa|Bug Buzz|p1a: Garganacl\n|-resisted|p1a: Garganacl\n|-damage|p1a: Garganacl|61\/100\n|-enditem|p1a: Garganacl|Maranga Berry|[eat]\n|-boost|p1a: Garganacl|spd|1|[from] item: Maranga Berry\n|move|p1a: Garganacl|Recover|p1a: Garganacl\n|-heal|p1a: Garganacl|100\/100\n|\n|-damage|p2a: Pheromosa|26\/100 psn|[from] psn\n|-damage|p2a: Pheromosa|14\/100 psn|[from] Salt Cure\n|upkeep\n|turn|23\n|c|\u2606Reality_Check56|welp\n|c|\u2606Reality_Check56|Ghost tera Cheap\n|c|\u2606The power of ROCK|xD\n|\n|t:|1699623318\n|move|p2a: Pheromosa|Quiver Dance|p2a: Pheromosa\n|-boost|p2a: Pheromosa|spa|1\n|-boost|p2a: Pheromosa|spd|1\n|-boost|p2a: Pheromosa|spe|1\n|move|p1a: Garganacl|Iron Defense|p1a: Garganacl\n|-boost|p1a: Garganacl|def|2\n|\n|-damage|p2a: Pheromosa|1\/100 psn|[from] psn\n|-damage|p2a: Pheromosa|0 fnt|[from] Salt Cure\n|faint|p2a: Pheromosa\n|upkeep\n|c|\u2606The power of ROCK|OOF\n|c|\u2606Reality_Check56|HEHEH\n|\n|t:|1699623326\n|switch|p2a: Stakataka|Stakataka, tera:Fighting|34\/100\n|-status|p2a: Stakataka|psn\n|turn|24\n|\n|t:|1699623331\n|move|p1a: Garganacl|Body Press|p2a: Stakataka\n|-damage|p2a: Stakataka|0 fnt\n|faint|p2a: Stakataka\n|\n|win|The power of ROCK\n|c|\u2606The power of ROCK|GG : )\n|c|\u2606Reality_Check56|rematch\n|l|\u2606Reality_Check56\n|c|\u2606The power of ROCK|sure\n|c| xlr8benten|lol\n","uploadtime":1699623342,"views":5,"p1id":"thepowerofrock","p2id":"realitycheck56","formatid":"gen9nationaldexubers","rating":0,"private":0,"password":""}