{"id":"gen9nationaldexubers-1983555050","p1":"Eimint64","p2":"lwc10086","format":"[Gen 9] National Dex Ubers","log":"|j|\u2606Eimint64\n|j|\u2606lwc10086\n|t:|1699142882\n|gametype|singles\n|player|p1|Eimint64|blackbelt-gen4dp|1456\n|player|p2|lwc10086|169|1503\n|teamsize|p1|6\n|teamsize|p2|6\n|gen|9\n|tier|[Gen 9] National Dex Ubers\n|rated|\n|rule|HP Percentage Mod: HP is shown in percentages\n|rule|Endless Battle Clause: Forcing endless battles is banned\n|rule|OHKO Clause: OHKO moves are banned\n|rule|Evasion Moves Clause: Evasion moves are banned\n|rule|Evasion Items Clause: Evasion items are banned\n|rule|Species Clause: Limit one of each Pok\u00e9mon\n|rule|Sleep Clause Mod: Limit one foe put to sleep\n|rule|Mega Rayquaza Clause: You cannot mega evolve Rayquaza\n|clearpoke\n|poke|p1|Pheromosa|\n|poke|p1|Marshadow|\n|poke|p1|Basculin-White-Striped, M|\n|poke|p1|Wobbuffet, M|\n|poke|p1|Glalie, F|\n|poke|p1|Cyclizar, F|\n|poke|p2|Arceus|\n|poke|p2|Blastoise, F|\n|poke|p2|Groudon|\n|poke|p2|Chien-Pao|\n|poke|p2|Ho-Oh|\n|poke|p2|Zacian-*|\n|teampreview\n|inactive|Battle timer is ON: inactive players will automatically lose when time's up. (requested by Eimint64)\n|\n|t:|1699142896\n|start\n|switch|p1a: Cyclizar|Cyclizar, F|100\/100\n|switch|p2a: Blastoise|Blastoise, F|100\/100\n|turn|1\n|\n|t:|1699142911\n|detailschange|p2a: Blastoise|Blastoise-Mega, F\n|-mega|p2a: Blastoise|Blastoise|Blastoisinite\n|move|p1a: Cyclizar|Shed Tail|p1a: Cyclizar\n|-start|p1a: Cyclizar|Substitute|[from] move: Shed Tail\n|-damage|p1a: Cyclizar|50\/100\n|\n|t:|1699142915\n|switch|p1a: Marshadow|Marshadow|100\/100|[from] Shed Tail\n|move|p2a: Blastoise|Shell Smash|p2a: Blastoise\n|-unboost|p2a: Blastoise|def|1\n|-unboost|p2a: Blastoise|spd|1\n|-boost|p2a: Blastoise|atk|2\n|-boost|p2a: Blastoise|spa|2\n|-boost|p2a: Blastoise|spe|2\n|-enditem|p1a: Marshadow|Mirror Herb\n|-boost|p1a: Marshadow|atk|2|[from] item: Mirror Herb\n|-boost|p1a: Marshadow|spa|2|[from] item: Mirror Herb\n|-boost|p1a: Marshadow|spe|2|[from] item: Mirror Herb\n|\n|upkeep\n|turn|2\n|\n|t:|1699142918\n|move|p1a: Marshadow|Spectral Thief||[still]\n|-clearpositiveboost|p2a: Blastoise|p1a: Marshadow|move: Spectral Thief\n|-boost|p1a: Marshadow|atk|2\n|-boost|p1a: Marshadow|spa|2\n|-boost|p1a: Marshadow|spe|2\n|-anim|p1a: Marshadow|Spectral Thief|p2a: Blastoise\n|-damage|p2a: Blastoise|0 fnt\n|faint|p2a: Blastoise\n|\n|upkeep\n|\n|t:|1699142926\n|switch|p2a: Chien-Pao|Chien-Pao|100\/100\n|-ability|p2a: Chien-Pao|Sword of Ruin\n|turn|3\n|\n|t:|1699142931\n|move|p2a: Chien-Pao|Sucker Punch|p1a: Marshadow\n|-end|p1a: Marshadow|Substitute\n|move|p1a: Marshadow|Force Palm|p2a: Chien-Pao\n|-supereffective|p2a: Chien-Pao\n|-enditem|p2a: Chien-Pao|Focus Sash\n|-damage|p2a: Chien-Pao|1\/100\n|-status|p2a: Chien-Pao|par\n|\n|upkeep\n|turn|4\n|\n|t:|1699142934\n|move|p1a: Marshadow|Shadow Sneak|p2a: Chien-Pao\n|-resisted|p2a: Chien-Pao\n|-damage|p2a: Chien-Pao|0 fnt\n|faint|p2a: Chien-Pao\n|\n|upkeep\n|\n|t:|1699142938\n|switch|p2a: Arceus|Arceus|100\/100\n|turn|5\n|\n|t:|1699142941\n|-terastallize|p2a: Arceus|Ghost\n|move|p1a: Marshadow|Spectral Thief|p2a: Arceus\n|-supereffective|p2a: Arceus\n|-damage|p2a: Arceus|0 fnt\n|faint|p2a: Arceus\n|\n|upkeep\n|\n|t:|1699142947\n|switch|p2a: Groudon|Groudon|100\/100\n|detailschange|p2a: Groudon|Groudon-Primal\n|-primal|p2a: Groudon|Red Orb\n|-weather|DesolateLand|[from] ability: Desolate Land|[of] p2a: Groudon\n|turn|6\n|\n|t:|1699142951\n|move|p1a: Marshadow|Force Palm|p2a: Groudon\n|-damage|p2a: Groudon|5\/100\n|move|p2a: Groudon|Heat Crash|p1a: Marshadow\n|-damage|p1a: Marshadow|0 fnt\n|faint|p1a: Marshadow\n|\n|-weather|DesolateLand|[upkeep]\n|upkeep\n|\n|t:|1699142958\n|switch|p1a: Pheromosa|Pheromosa|100\/100\n|turn|7\n|\n|t:|1699142960\n|move|p1a: Pheromosa|Swagger|p2a: Groudon|[miss]\n|-miss|p1a: Pheromosa|p2a: Groudon\n|move|p2a: Groudon|Heat Crash|p1a: Pheromosa\n|-supereffective|p1a: Pheromosa\n|-damage|p1a: Pheromosa|0 fnt\n|faint|p1a: Pheromosa\n|\n|-weather|DesolateLand|[upkeep]\n|upkeep\n|\n|t:|1699142967\n|switch|p1a: Glalie|Glalie, F|100\/100\n|turn|8\n|\n|t:|1699142971\n|move|p1a: Glalie|Protect|p1a: Glalie\n|-singleturn|p1a: Glalie|Protect\n|move|p2a: Groudon|Heat Crash|p1a: Glalie\n|-activate|p1a: Glalie|move: Protect\n|\n|-weather|DesolateLand|[upkeep]\n|-ability|p1a: Glalie|Moody|boost\n|-boost|p1a: Glalie|spe|2\n|-unboost|p1a: Glalie|spa|1\n|upkeep\n|turn|9\n|\n|t:|1699142973\n|move|p1a: Glalie|Freeze-Dry|p2a: Groudon\n|-damage|p2a: Groudon|0 fnt\n|faint|p2a: Groudon\n|-weather|none\n|\n|-ability|p1a: Glalie|Moody|boost\n|-boost|p1a: Glalie|spa|2\n|-unboost|p1a: Glalie|spe|1\n|upkeep\n|\n|t:|1699142977\n|switch|p2a: Zacian|Zacian-Crowned|100\/100\n|-ability|p2a: Zacian|Intrepid Sword|boost\n|-boost|p2a: Zacian|atk|1\n|turn|10\n|\n|t:|1699142983\n|move|p2a: Zacian|Sacred Sword|p1a: Glalie\n|-supereffective|p1a: Glalie\n|-damage|p1a: Glalie|0 fnt\n|faint|p1a: Glalie\n|\n|upkeep\n|\n|t:|1699142988\n|switch|p1a: Wobbuffet|Wobbuffet, M|100\/100\n|turn|11\n|\n|t:|1699143006\n|move|p2a: Zacian|Swords Dance|p2a: Zacian\n|-boost|p2a: Zacian|atk|2\n|move|p1a: Wobbuffet|Encore|p2a: Zacian\n|-start|p2a: Zacian|Encore\n|\n|upkeep\n|turn|12\n|\n|t:|1699143013\n|switch|p1a: Cyclizar|Cyclizar, F|84\/100\n|move|p2a: Zacian|Swords Dance|p2a: Zacian\n|-boost|p2a: Zacian|atk|2\n|\n|upkeep\n|turn|13\n|\n|t:|1699143015\n|move|p2a: Zacian|Swords Dance|p2a: Zacian\n|-boost|p2a: Zacian|atk|1\n|move|p1a: Cyclizar|Shed Tail|p1a: Cyclizar\n|-start|p1a: Cyclizar|Substitute|[from] move: Shed Tail\n|-damage|p1a: Cyclizar|34\/100\n|\n|t:|1699143017\n|switch|p1a: Basculin|Basculin-White-Striped, M|100\/100|[from] Shed Tail\n|\n|upkeep\n|turn|14\n|\n|t:|1699143023\n|-terastallize|p1a: Basculin|Ghost\n|move|p1a: Basculin|Last Respects|p2a: Zacian\n|-damage|p2a: Zacian|0 fnt\n|faint|p2a: Zacian\n|\n|upkeep\n|\n|t:|1699143028\n|switch|p2a: Ho-Oh|Ho-Oh|100\/100\n|turn|15\n|\n|t:|1699143031\n|move|p1a: Basculin|Last Respects|p2a: Ho-Oh\n|-damage|p2a: Ho-Oh|7\/100\n|move|p2a: Ho-Oh|Sacred Fire|p1a: Basculin\n|-end|p1a: Basculin|Substitute\n|\n|upkeep\n|turn|16\n|\n|t:|1699143035\n|move|p1a: Basculin|Last Respects|p2a: Ho-Oh\n|-damage|p2a: Ho-Oh|0 fnt\n|faint|p2a: Ho-Oh\n|\n|win|Eimint64\n|raw|Eimint64's rating: 1456 &rarr; <strong>1479<\/strong><br \/>(+23 for winning)\n|raw|lwc10086's rating: 1503 &rarr; <strong>1480<\/strong><br \/>(-23 for losing)\n|c|\u2606Eimint64|Gg\n|l|\u2606lwc10086\n","uploadtime":1699143047,"views":6,"p1id":"eimint64","p2id":"lwc10086","formatid":"gen9nationaldexubers","rating":1479,"private":0,"password":""}