{"id":"gen9nationaldexubers-1998485789","p1":"hobinrobin","p2":"LostSilver00800","format":"[Gen 9] National Dex Ubers","log":"|j|\u2606hobinrobin\n|j|\u2606LostSilver00800\n|t:|1700947705\n|gametype|singles\n|player|p1|hobinrobin|steven|1063\n|player|p2|LostSilver00800|psychic-gen4|1106\n|teamsize|p1|6\n|teamsize|p2|6\n|gen|9\n|tier|[Gen 9] National Dex Ubers\n|rated|\n|rule|HP Percentage Mod: HP is shown in percentages\n|rule|Endless Battle Clause: Forcing endless battles is banned\n|rule|OHKO Clause: OHKO moves are banned\n|rule|Evasion Moves Clause: Evasion moves are banned\n|rule|Evasion Items Clause: Evasion items are banned\n|rule|Species Clause: Limit one of each Pok\u00e9mon\n|rule|Sleep Clause Mod: Limit one foe put to sleep\n|rule|Mega Rayquaza Clause: You cannot mega evolve Rayquaza\n|clearpoke\n|poke|p1|Banette, F|\n|poke|p1|Celebi|\n|poke|p1|Whimsicott, M|\n|poke|p1|Lopunny, M|\n|poke|p1|Zygarde|\n|poke|p1|Necrozma|\n|poke|p2|Necrozma-Dawn-Wings|\n|poke|p2|Lilligant-Hisui, F|\n|poke|p2|Mawile, M|\n|poke|p2|Dracovish|\n|poke|p2|Marshadow|\n|poke|p2|Hitmonlee, M|\n|teampreview\n|inactive|Battle timer is ON: inactive players will automatically lose when time's up. (requested by hobinrobin)\n|\n|t:|1700947711\n|start\n|switch|p1a: #25|Banette, F|100\/100\n|switch|p2a: Draco|Dracovish|100\/100\n|-item|p2a: Draco|Choice Scarf|[from] ability: Frisk|[of] p1a: #25|[identify]\n|turn|1\n|\n|t:|1700947718\n|-terastallize|p2a: Draco|Water\n|move|p2a: Draco|Fishious Rend|p1a: #25\n|-damage|p1a: #25|0 fnt\n|faint|p1a: #25\n|\n|upkeep\n|inactive|hobinrobin has 120 seconds left.\n|c|\u2606LostSilver00800|The vish\n|\n|t:|1700947770\n|switch|p1a: #27|Whimsicott, M|100\/100\n|turn|2\n|inactive|hobinrobin has 90 seconds left.\n|\n|t:|1700947803\n|move|p1a: #27|Tailwind|p1a: #27\n|-sidestart|p1: hobinrobin|move: Tailwind\n|move|p2a: Draco|Fishious Rend|p1a: #27\n|-resisted|p1a: #27\n|-damage|p1a: #27|51\/100\n|\n|upkeep\n|turn|3\n|\n|t:|1700947809\n|move|p1a: #27|Energy Ball|p2a: Draco\n|-supereffective|p2a: Draco\n|-crit|p2a: Draco\n|-damage|p2a: Draco|0 fnt\n|faint|p2a: Draco\n|\n|upkeep\n|\n|t:|1700947816\n|switch|p2a: Flowee|Lilligant-Hisui, F, shiny|100\/100\n|turn|4\n|\n|t:|1700947825\n|move|p1a: #27|Dazzling Gleam|p2a: Flowee\n|-supereffective|p2a: Flowee\n|-enditem|p2a: Flowee|Focus Sash\n|-damage|p2a: Flowee|1\/100\n|move|p2a: Flowee|Victory Dance|p2a: Flowee\n|-boost|p2a: Flowee|atk|1\n|-boost|p2a: Flowee|def|1\n|-boost|p2a: Flowee|spe|1\n|\n|upkeep\n|turn|5\n|\n|t:|1700947837\n|move|p1a: #27|Dazzling Gleam|p2a: Flowee\n|-supereffective|p2a: Flowee\n|-damage|p2a: Flowee|0 fnt\n|faint|p2a: Flowee\n|\n|-sideend|p1: hobinrobin|move: Tailwind\n|upkeep\n|c|\u2606LostSilver00800|I\u2019m fucking stupid\n|\n|t:|1700947847\n|switch|p2a: Blood Moon|Necrozma-Dawn-Wings, shiny|100\/100\n|turn|6\n|\n|t:|1700947850\n|detailschange|p2a: Blood Moon|Necrozma-Ultra, shiny\n|-burst|p2a: Blood Moon|Necrozma|Ultranecrozium Z\n|move|p1a: #27|Tailwind|p1a: #27\n|-sidestart|p1: hobinrobin|move: Tailwind\n|move|p2a: Blood Moon|Photon Geyser|p1a: #27\n|-damage|p1a: #27|0 fnt\n|faint|p1a: #27\n|\n|upkeep\n|inactive|hobinrobin has 90 seconds left.\n|\n|t:|1700947889\n|switch|p1a: #30|Necrozma|100\/100\n|turn|7\n|inactive|hobinrobin has 90 seconds left.\n|\n|t:|1700947900\n|move|p1a: #30|Signal Beam|p2a: Blood Moon\n|-supereffective|p2a: Blood Moon\n|-damage|p2a: Blood Moon|52\/100\n|move|p2a: Blood Moon|Moongeist Beam|p1a: #30\n|-supereffective|p1a: #30\n|-damage|p1a: #30|4\/100\n|\n|upkeep\n|turn|8\n|\n|t:|1700947909\n|move|p1a: #30|Signal Beam|p2a: Blood Moon\n|-supereffective|p2a: Blood Moon\n|-damage|p2a: Blood Moon|0 fnt\n|faint|p2a: Blood Moon\n|\n|upkeep\n|\n|t:|1700947915\n|switch|p2a: Mia|Mawile, M|100\/100\n|-ability|p2a: Mia|Intimidate|boost\n|-unboost|p1a: #30|atk|1\n|turn|9\n|\n|t:|1700947920\n|detailschange|p2a: Mia|Mawile-Mega, M\n|-mega|p2a: Mia|Mawile|Mawilite\n|move|p2a: Mia|Sucker Punch|p1a: #30\n|-supereffective|p1a: #30\n|-damage|p1a: #30|0 fnt\n|faint|p1a: #30\n|\n|-sideend|p1: hobinrobin|move: Tailwind\n|upkeep\n|inactive|hobinrobin has 90 seconds left.\n|\n|t:|1700947957\n|switch|p1a: #26|Celebi|100\/100\n|turn|10\n|\n|t:|1700947962\n|move|p2a: Mia|Sucker Punch||[still]\n|-fail|p2a: Mia\n|move|p1a: #26|Nasty Plot|p1a: #26\n|-boost|p1a: #26|spa|2\n|\n|upkeep\n|turn|11\n|inactive|hobinrobin has 90 seconds left.\n|\n|t:|1700947968\n|move|p2a: Mia|Sucker Punch||[still]\n|-fail|p2a: Mia\n|move|p1a: #26|Nasty Plot|p1a: #26\n|-boost|p1a: #26|spa|2\n|\n|upkeep\n|turn|12\n|\n|t:|1700947973\n|move|p2a: Mia|Sucker Punch||[still]\n|-fail|p2a: Mia\n|move|p1a: #26|Nasty Plot|p1a: #26\n|-boost|p1a: #26|spa|2\n|\n|upkeep\n|turn|13\n|\n|t:|1700947980\n|move|p2a: Mia|Sucker Punch|p1a: #26\n|-supereffective|p1a: #26\n|-damage|p1a: #26|15\/100\n|-zpower|p1a: #26\n|move|p1a: #26|Bloom Doom|p2a: Mia|[zeffect]\n|-resisted|p2a: Mia\n|-damage|p2a: Mia|0 fnt\n|faint|p2a: Mia\n|\n|upkeep\n|\n|t:|1700947992\n|switch|p2a: I forgor to name|Hitmonlee, M|100\/100\n|turn|14\n|\n|t:|1700947998\n|move|p2a: I forgor to name|Endure|p2a: I forgor to name\n|-singleturn|p2a: I forgor to name|move: Endure\n|move|p1a: #26|Recover|p1a: #26\n|-heal|p1a: #26|65\/100\n|\n|upkeep\n|turn|15\n|inactive|hobinrobin has 120 seconds left.\n|-message|LostSilver00800 forfeited.\n|\n|win|hobinrobin\n|raw|hobinrobin's rating: 1063 &rarr; <strong>1097<\/strong><br \/>(+34 for winning)\n|raw|LostSilver00800's rating: 1106 &rarr; <strong>1078<\/strong><br \/>(-28 for losing)\n|l|\u2606LostSilver00800\n","uploadtime":1700948014,"views":2,"p1id":"hobinrobin","p2id":"lostsilver00800","formatid":"gen9nationaldexubers","rating":1078,"private":0,"password":""}