{"id":"gen9nationaldexubers-1992052803","p1":"ash ash jr","p2":"Kdisue","format":"[Gen 9] National Dex Ubers","log":"|j|\u2606ash ash jr\n|j|\u2606Kdisue\n|t:|1700151118\n|gametype|singles\n|player|p1|ash ash jr|1|1117\n|player|p2|Kdisue|101|1304\n|teamsize|p1|6\n|teamsize|p2|6\n|gen|9\n|tier|[Gen 9] National Dex Ubers\n|rated|\n|rule|HP Percentage Mod: HP is shown in percentages\n|rule|Endless Battle Clause: Forcing endless battles is banned\n|rule|OHKO Clause: OHKO moves are banned\n|rule|Evasion Moves Clause: Evasion moves are banned\n|rule|Evasion Items Clause: Evasion items are banned\n|rule|Species Clause: Limit one of each Pok\u00e9mon\n|rule|Sleep Clause Mod: Limit one foe put to sleep\n|rule|Mega Rayquaza Clause: You cannot mega evolve Rayquaza\n|clearpoke\n|poke|p1|Alakazam, M|\n|poke|p1|Chi-Yu|\n|poke|p1|Dracovish|\n|poke|p1|Gholdengo|\n|poke|p1|Flutter Mane|\n|poke|p1|Torkoal, F|\n|poke|p2|Arceus-Bug|\n|poke|p2|Genesect|\n|poke|p2|Beedrill, M|\n|poke|p2|Kleavor, M|\n|poke|p2|Volcarona, M|\n|poke|p2|Ursaluna-Bloodmoon, M|\n|teampreview\n|inactive|Battle timer is ON: inactive players will automatically lose when time's up. (requested by Kdisue)\n|\n|t:|1700151138\n|start\n|switch|p1a: Chi-Yu|Chi-Yu|100\/100\n|switch|p2a: Truck ; ;|Kleavor, M|100\/100\n|-ability|p1a: Chi-Yu|Beads of Ruin\n|turn|1\n|\n|t:|1700151147\n|move|p2a: Truck ; ;|Stone Axe|p1a: Chi-Yu\n|-supereffective|p1a: Chi-Yu\n|-damage|p1a: Chi-Yu|0 fnt\n|-sidestart|p1: ash ash jr|move: Stealth Rock\n|faint|p1a: Chi-Yu\n|\n|upkeep\n|\n|t:|1700151160\n|switch|p1a: Dracovish|Dracovish|100\/100\n|-damage|p1a: Dracovish|88\/100|[from] Stealth Rock\n|turn|2\n|\n|t:|1700151166\n|-terastallize|p1a: Dracovish|Water\n|move|p2a: Truck ; ;|Stone Axe|p1a: Dracovish\n|-damage|p1a: Dracovish|33\/100\n|move|p1a: Dracovish|Fishious Rend|p2a: Truck ; ;\n|-supereffective|p2a: Truck ; ;\n|-damage|p2a: Truck ; ;|0 fnt\n|faint|p2a: Truck ; ;\n|\n|upkeep\n|\n|t:|1700151177\n|switch|p2a: Truck :v:|Genesect, shiny|100\/100\n|-ability|p2a: Truck :v:|Download|boost\n|-boost|p2a: Truck :v:|spa|1\n|turn|3\n|\n|t:|1700151189\n|move|p2a: Truck :v:|U-turn|p1a: Dracovish\n|-damage|p1a: Dracovish|0 fnt\n|faint|p1a: Dracovish\n|\n|t:|1700151196\n|switch|p2a: Truck :.:|Beedrill, M, shiny|100\/100|[from] U-turn\n|\n|upkeep\n|\n|t:|1700151202\n|switch|p1a: Flutter Mane|Flutter Mane|100\/100\n|-damage|p1a: Flutter Mane|88\/100|[from] Stealth Rock\n|turn|4\n|\n|t:|1700151210\n|-end|p1a: Flutter Mane|Protosynthesis|[silent]\n|switch|p1a: Torkoal|Torkoal, F|100\/100\n|-damage|p1a: Torkoal|76\/100|[from] Stealth Rock\n|-weather|SunnyDay|[from] ability: Drought|[of] p1a: Torkoal\n|detailschange|p2a: Truck :.:|Beedrill-Mega, M, shiny\n|-mega|p2a: Truck :.:|Beedrill|Beedrillite\n|move|p2a: Truck :.:|Poison Jab|p1a: Torkoal\n|-damage|p1a: Torkoal|38\/100\n|\n|-weather|SunnyDay|[upkeep]\n|upkeep\n|turn|5\n|\n|t:|1700151223\n|move|p2a: Truck :.:|U-turn|p1a: Torkoal\n|-resisted|p1a: Torkoal\n|-damage|p1a: Torkoal|22\/100\n|\n|t:|1700151226\n|switch|p2a: Articulated Lorry|Volcarona, M|100\/100|[from] U-turn\n|move|p1a: Torkoal|Rapid Spin|p2a: Articulated Lorry\n|-damage|p2a: Articulated Lorry|88\/100\n|-boost|p1a: Torkoal|spe|1\n|-sideend|p1: ash ash jr|Stealth Rock|[from] move: Rapid Spin|[of] p1a: Torkoal\n|\n|-weather|SunnyDay|[upkeep]\n|upkeep\n|turn|6\n|\n|t:|1700151237\n|move|p2a: Articulated Lorry|Quiver Dance|p2a: Articulated Lorry\n|-boost|p2a: Articulated Lorry|spa|1\n|-boost|p2a: Articulated Lorry|spd|1\n|-boost|p2a: Articulated Lorry|spe|1\n|move|p1a: Torkoal|Earthquake|p2a: Articulated Lorry\n|-damage|p2a: Articulated Lorry|66\/100\n|\n|-weather|SunnyDay|[upkeep]\n|upkeep\n|turn|7\n|\n|t:|1700151246\n|move|p2a: Articulated Lorry|Quiver Dance|p2a: Articulated Lorry\n|-boost|p2a: Articulated Lorry|spa|1\n|-boost|p2a: Articulated Lorry|spd|1\n|-boost|p2a: Articulated Lorry|spe|1\n|move|p1a: Torkoal|Earthquake|p2a: Articulated Lorry\n|-damage|p2a: Articulated Lorry|41\/100\n|\n|-weather|SunnyDay|[upkeep]\n|upkeep\n|turn|8\n|\n|t:|1700151255\n|move|p2a: Articulated Lorry|Fiery Dance|p1a: Torkoal\n|-resisted|p1a: Torkoal\n|-damage|p1a: Torkoal|0 fnt\n|-boost|p2a: Articulated Lorry|spa|1\n|faint|p1a: Torkoal\n|\n|-weather|SunnyDay|[upkeep]\n|upkeep\n|\n|t:|1700151268\n|switch|p1a: Flutter Mane|Flutter Mane|88\/100\n|-activate|p1a: Flutter Mane|ability: Protosynthesis\n|-start|p1a: Flutter Mane|protosynthesisspe\n|turn|9\n|\n|t:|1700151276\n|move|p1a: Flutter Mane|Moonblast|p2a: Articulated Lorry\n|-resisted|p2a: Articulated Lorry\n|-damage|p2a: Articulated Lorry|20\/100\n|move|p2a: Articulated Lorry|Fiery Dance|p1a: Flutter Mane\n|-damage|p1a: Flutter Mane|0 fnt\n|faint|p1a: Flutter Mane\n|-end|p1a: Flutter Mane|Protosynthesis|[silent]\n|\n|-weather|SunnyDay|[upkeep]\n|upkeep\n|\n|t:|1700151285\n|switch|p1a: Alakazam|Alakazam, M|100\/100\n|turn|10\n|\n|t:|1700151291\n|detailschange|p1a: Alakazam|Alakazam-Mega, M\n|-mega|p1a: Alakazam|Alakazam|Alakazite\n|-ability|p1a: Alakazam|Flame Body|[from] ability: Trace|[of] p2a: Articulated Lorry\n|move|p2a: Articulated Lorry|Fiery Dance|p1a: Alakazam\n|-damage|p1a: Alakazam|0 fnt\n|-boost|p2a: Articulated Lorry|spa|1\n|faint|p1a: Alakazam\n|\n|-weather|SunnyDay|[upkeep]\n|upkeep\n|-message|ash ash jr forfeited.\n|\n|win|Kdisue\n|raw|ash ash jr's rating: 1117 &rarr; <strong>1104<\/strong><br \/>(-13 for losing)\n|raw|Kdisue's rating: 1304 &rarr; <strong>1314<\/strong><br \/>(+10 for winning)\n","uploadtime":1700151308,"views":8,"p1id":"ashashjr","p2id":"kdisue","formatid":"gen9nationaldexubers","rating":1104,"private":0,"password":""}