{"id":"gen9nationaldexubers-1978077678","p1":"ArthurXcalibur","p2":"DrArkane16","format":"[Gen 9] National Dex Ubers","log":"|j|\u2606ArthurXcalibur\n|j|\u2606DrArkane16\n|t:|1698495981\n|gametype|singles\n|player|p1|ArthurXcalibur|riley|\n|player|p2|DrArkane16|cyrus|\n|teamsize|p1|3\n|teamsize|p2|2\n|gen|9\n|tier|[Gen 9] National Dex Ubers\n|rule|HP Percentage Mod: HP is shown in percentages\n|rule|Endless Battle Clause: Forcing endless battles is banned\n|rule|OHKO Clause: OHKO moves are banned\n|rule|Evasion Moves Clause: Evasion moves are banned\n|rule|Evasion Items Clause: Evasion items are banned\n|rule|Species Clause: Limit one of each Pok\u00e9mon\n|rule|Sleep Clause Mod: Limit one foe put to sleep\n|rule|Mega Rayquaza Clause: You cannot mega evolve Rayquaza\n|clearpoke\n|poke|p1|Mudkip, L15, M|\n|poke|p1|Fletchling, L12, M|\n|poke|p1|Poliwag, L15, M|\n|poke|p2|Riolu, L15, F|\n|poke|p2|Kubfu, L13, F|\n|teampreview\n|\n|t:|1698495987\n|start\n|switch|p1a: Caladrius|Fletchling, L12, M|100\/100\n|switch|p2a: Kubfu|Kubfu, L13, F|100\/100\n|turn|1\n|\n|t:|1698495996\n|move|p2a: Kubfu|Leer|p1a: Caladrius\n|-fail|p1a: Caladrius|unboost|Defense|[from] ability: Big Pecks|[of] p1a: Caladrius\n|move|p1a: Caladrius|Peck|p2a: Kubfu\n|-supereffective|p2a: Kubfu\n|-damage|p2a: Kubfu|58\/100\n|\n|upkeep\n|turn|2\n|\n|t:|1698496006\n|move|p2a: Kubfu|Rock Smash|p1a: Caladrius\n|-damage|p1a: Caladrius|57\/100\n|move|p1a: Caladrius|Peck|p2a: Kubfu\n|-supereffective|p2a: Kubfu\n|-damage|p2a: Kubfu|24\/100\n|\n|upkeep\n|turn|3\n|\n|t:|1698496014\n|move|p2a: Kubfu|Leer|p1a: Caladrius\n|-fail|p1a: Caladrius|unboost|Defense|[from] ability: Big Pecks|[of] p1a: Caladrius\n|move|p1a: Caladrius|Peck|p2a: Kubfu\n|-supereffective|p2a: Kubfu\n|-damage|p2a: Kubfu|0 fnt\n|faint|p2a: Kubfu\n|\n|upkeep\n|\n|t:|1698496020\n|switch|p2a: Riolu|Riolu, L15, F|100\/100\n|turn|4\n|\n|t:|1698496024\n|move|p1a: Caladrius|Peck|p2a: Riolu\n|-supereffective|p2a: Riolu\n|-damage|p2a: Riolu|52\/100\n|move|p2a: Riolu|Counter|p1a: Caladrius\n|-damage|p1a: Caladrius|0 fnt\n|faint|p1a: Caladrius\n|\n|upkeep\n|\n|t:|1698496032\n|switch|p1a: Leviosa!|Poliwag, L15, M|100\/100\n|turn|5\n|\n|t:|1698496036\n|move|p1a: Leviosa!|Hypnosis|p2a: Riolu\n|-status|p2a: Riolu|slp|[from] move: Hypnosis\n|cant|p2a: Riolu|slp\n|\n|upkeep\n|turn|6\n|\n|t:|1698496042\n|move|p1a: Leviosa!|Water Gun|p2a: Riolu\n|-damage|p2a: Riolu|15\/100 slp\n|cant|p2a: Riolu|slp\n|\n|upkeep\n|turn|7\n|\n|t:|1698496049\n|move|p1a: Leviosa!|Mud Shot|p2a: Riolu\n|-damage|p2a: Riolu|0 fnt\n|faint|p2a: Riolu\n|\n|win|ArthurXcalibur\n","uploadtime":1698496056,"views":15,"p1id":"arthurxcalibur","p2id":"drarkane16","formatid":"gen9nationaldexubers","rating":0,"private":0,"password":""}