{"id":"gen9nationaldexubers-1995888677","p1":"FunnyBunny8","p2":"Angel Karma","format":"[Gen 9] National Dex Ubers","log":"|j|\u2606FunnyBunny8\n|j|\u2606Angel Karma\n|t:|1700613893\n|gametype|singles\n|player|p1|FunnyBunny8|waiter|1424\n|player|p2|Angel Karma|unknown|1350\n|teamsize|p1|6\n|teamsize|p2|6\n|gen|9\n|tier|[Gen 9] National Dex Ubers\n|rated|\n|rule|HP Percentage Mod: HP is shown in percentages\n|rule|Endless Battle Clause: Forcing endless battles is banned\n|rule|OHKO Clause: OHKO moves are banned\n|rule|Evasion Moves Clause: Evasion moves are banned\n|rule|Evasion Items Clause: Evasion items are banned\n|rule|Species Clause: Limit one of each Pok\u00e9mon\n|rule|Sleep Clause Mod: Limit one foe put to sleep\n|rule|Mega Rayquaza Clause: You cannot mega evolve Rayquaza\n|clearpoke\n|poke|p1|Arceus|\n|poke|p1|Dracovish|\n|poke|p1|Deoxys-Attack|\n|poke|p1|Rayquaza|\n|poke|p1|Necrozma-Dusk-Mane|\n|poke|p1|Marshadow|\n|poke|p2|Haxorus, F|\n|poke|p2|Groudon|\n|poke|p2|Basculegion, M|\n|poke|p2|Yveltal|\n|poke|p2|Flutter Mane|\n|poke|p2|Lucario, F|\n|teampreview\n|inactive|Battle timer is ON: inactive players will automatically lose when time's up. (requested by FunnyBunny8)\n|\n|t:|1700613904\n|start\n|switch|p1a: Necrozma|Necrozma-Dusk-Mane|100\/100\n|switch|p2a: Yveltal|Yveltal|100\/100\n|-ability|p2a: Yveltal|Dark Aura\n|turn|1\n|\n|t:|1700613913\n|move|p2a: Yveltal|Dark Pulse|p1a: Necrozma\n|-supereffective|p1a: Necrozma\n|-damage|p1a: Necrozma|17\/100\n|move|p1a: Necrozma|Dragon Dance|p1a: Necrozma\n|-boost|p1a: Necrozma|atk|1\n|-boost|p1a: Necrozma|spe|1\n|\n|upkeep\n|turn|2\n|\n|t:|1700613923\n|switch|p2a: Haxorus|Haxorus, F|100\/100\n|-ability|p2a: Haxorus|Mold Breaker\n|detailschange|p1a: Necrozma|Necrozma-Ultra\n|-burst|p1a: Necrozma|Necrozma|Ultranecrozium Z\n|move|p1a: Necrozma|Sunsteel Strike|p2a: Haxorus\n|-damage|p2a: Haxorus|9\/100\n|\n|upkeep\n|turn|3\n|\n|t:|1700613935\n|switch|p2a: Flutter Mane|Flutter Mane|100\/100\n|move|p1a: Necrozma|Earthquake|p2a: Flutter Mane\n|-enditem|p2a: Flutter Mane|Focus Sash\n|-damage|p2a: Flutter Mane|1\/100\n|\n|upkeep\n|turn|4\n|\n|t:|1700613943\n|move|p1a: Necrozma|Photon Geyser|p2a: Flutter Mane\n|-damage|p2a: Flutter Mane|0 fnt\n|faint|p2a: Flutter Mane\n|-end|p2a: Flutter Mane|Protosynthesis|[silent]\n|\n|upkeep\n|\n|t:|1700613950\n|switch|p2a: Lucario|Lucario, F, shiny|100\/100\n|turn|5\n|\n|t:|1700613954\n|detailschange|p2a: Lucario|Lucario-Mega, F, shiny\n|-mega|p2a: Lucario|Lucario|Lucarionite\n|move|p2a: Lucario|Bullet Punch|p1a: Necrozma\n|-damage|p1a: Necrozma|0 fnt\n|faint|p1a: Necrozma\n|\n|upkeep\n|\n|t:|1700613964\n|switch|p1a: Arceus|Arceus|100\/100\n|turn|6\n|\n|t:|1700613969\n|-terastallize|p1a: Arceus|Ghost\n|move|p1a: Arceus|Swords Dance|p1a: Arceus\n|-boost|p1a: Arceus|atk|2\n|move|p2a: Lucario|Hone Claws|p2a: Lucario\n|-boost|p2a: Lucario|atk|1\n|-boost|p2a: Lucario|accuracy|1\n|\n|upkeep\n|turn|7\n|\n|t:|1700613979\n|move|p2a: Lucario|Bullet Punch|p1a: Arceus\n|-damage|p1a: Arceus|66\/100\n|move|p1a: Arceus|Tera Blast|p2a: Lucario|[anim] Tera Blast Ghost\n|-damage|p2a: Lucario|0 fnt\n|faint|p2a: Lucario\n|\n|upkeep\n|\n|t:|1700613992\n|switch|p2a: Basculegion|Basculegion, M|100\/100\n|turn|8\n|\n|t:|1700613996\n|move|p2a: Basculegion|Last Respects|p1a: Arceus\n|-supereffective|p1a: Arceus\n|-damage|p1a: Arceus|0 fnt\n|faint|p1a: Arceus\n|\n|upkeep\n|\n|t:|1700614001\n|switch|p1a: Dracovish|Dracovish, shiny|100\/100\n|turn|9\n|\n|t:|1700614008\n|switch|p2a: Groudon|Groudon, shiny|100\/100\n|detailschange|p2a: Groudon|Groudon-Primal, shiny\n|-primal|p2a: Groudon|Red Orb\n|-weather|DesolateLand|[from] ability: Desolate Land|[of] p2a: Groudon\n|move|p1a: Dracovish|Outrage|p2a: Groudon\n|-damage|p2a: Groudon|71\/100\n|\n|-weather|DesolateLand|[upkeep]\n|upkeep\n|turn|10\n|\n|t:|1700614021\n|move|p1a: Dracovish|Outrage|p2a: Groudon|[from]lockedmove\n|-damage|p2a: Groudon|39\/100\n|move|p2a: Groudon|Rock Polish|p2a: Groudon\n|-boost|p2a: Groudon|spe|2\n|\n|-weather|DesolateLand|[upkeep]\n|upkeep\n|turn|11\n|\n|t:|1700614031\n|move|p2a: Groudon|Heat Crash|p1a: Dracovish\n|-resisted|p1a: Dracovish\n|-damage|p1a: Dracovish|70\/100\n|move|p1a: Dracovish|Outrage|p2a: Groudon|[from]lockedmove\n|-damage|p2a: Groudon|9\/100\n|-start|p1a: Dracovish|confusion|[fatigue]\n|\n|-weather|DesolateLand|[upkeep]\n|upkeep\n|turn|12\n|\n|t:|1700614040\n|switch|p1a: Marshadow|Marshadow|100\/100\n|move|p2a: Groudon|Precipice Blades|p1a: Marshadow\n|-damage|p1a: Marshadow|0 fnt\n|faint|p1a: Marshadow\n|\n|-weather|DesolateLand|[upkeep]\n|upkeep\n|\n|t:|1700614053\n|switch|p1a: Deoxys|Deoxys-Attack|100\/100\n|-ability|p1a: Deoxys|Pressure\n|turn|13\n|\n|t:|1700614060\n|move|p1a: Deoxys|Shadow Ball|p2a: Groudon\n|-damage|p2a: Groudon|0 fnt\n|faint|p2a: Groudon\n|-weather|none\n|\n|upkeep\n|\n|t:|1700614069\n|switch|p2a: Yveltal|Yveltal|100\/100\n|-ability|p2a: Yveltal|Dark Aura\n|turn|14\n|\n|t:|1700614092\n|switch|p1a: Rayquaza|Rayquaza|100\/100\n|-ability|p1a: Rayquaza|Air Lock\n|move|p2a: Yveltal|Dark Pulse|p1a: Rayquaza\n|-damage|p1a: Rayquaza|41\/100\n|\n|upkeep\n|turn|15\n|\n|t:|1700614100\n|move|p2a: Yveltal|Dark Pulse|p1a: Rayquaza\n|-damage|p1a: Rayquaza|0 fnt\n|faint|p1a: Rayquaza\n|\n|upkeep\n|\n|t:|1700614104\n|switch|p1a: Dracovish|Dracovish, shiny|70\/100\n|turn|16\n|\n|t:|1700614108\n|move|p2a: Yveltal|Dark Pulse|p1a: Dracovish\n|-damage|p1a: Dracovish|0 fnt\n|faint|p1a: Dracovish\n|\n|upkeep\n|\n|t:|1700614112\n|switch|p1a: Deoxys|Deoxys-Attack|100\/100\n|-ability|p1a: Deoxys|Pressure\n|turn|17\n|\n|t:|1700614118\n|move|p1a: Deoxys|Signal Beam|p2a: Yveltal\n|-damage|p2a: Yveltal|72\/100\n|move|p2a: Yveltal|Dark Pulse|p1a: Deoxys\n|-supereffective|p1a: Deoxys\n|-damage|p1a: Deoxys|0 fnt\n|faint|p1a: Deoxys\n|\n|win|Angel Karma\n|raw|FunnyBunny8's rating: 1424 &rarr; <strong>1400<\/strong><br \/>(-24 for losing)\n|raw|Angel Karma's rating: 1350 &rarr; <strong>1374<\/strong><br \/>(+24 for winning)\n|l|\u2606FunnyBunny8\n","uploadtime":1700614130,"views":1,"p1id":"funnybunny8","p2id":"angelkarma","formatid":"gen9nationaldexubers","rating":1374,"private":0,"password":""}