{"id":"gen9nationaldexubers-1998701031","p1":"bailuTv","p2":"Vinh612","format":"[Gen 9] National Dex Ubers","log":"|j|\u2606bailuTv\n|j|\u2606Vinh612\n|t:|1700974569\n|gametype|singles\n|player|p1|bailuTv|backersf|1111\n|player|p2|Vinh612|lucas|1132\n|teamsize|p1|6\n|teamsize|p2|6\n|gen|9\n|tier|[Gen 9] National Dex Ubers\n|rated|\n|rule|HP Percentage Mod: HP is shown in percentages\n|rule|Endless Battle Clause: Forcing endless battles is banned\n|rule|OHKO Clause: OHKO moves are banned\n|rule|Evasion Moves Clause: Evasion moves are banned\n|rule|Evasion Items Clause: Evasion items are banned\n|rule|Species Clause: Limit one of each Pok\u00e9mon\n|rule|Sleep Clause Mod: Limit one foe put to sleep\n|rule|Mega Rayquaza Clause: You cannot mega evolve Rayquaza\n|clearpoke\n|poke|p1|Groudon|\n|poke|p1|Melmetal|\n|poke|p1|Magearna|\n|poke|p1|Dracovish|\n|poke|p1|Arceus|\n|poke|p1|Dialga|\n|poke|p2|Arceus|\n|poke|p2|Kyogre|\n|poke|p2|Groudon|\n|poke|p2|Mewtwo|\n|poke|p2|Yveltal|\n|poke|p2|Necrozma-Dusk-Mane|\n|teampreview\n|inactive|Battle timer is ON: inactive players will automatically lose when time's up. (requested by bailuTv)\n|\n|t:|1700974576\n|start\n|switch|p1a: Dialga|Dialga|100\/100\n|switch|p2a: Mewtwo|Mewtwo|100\/100\n|-ability|p2a: Mewtwo|Pressure\n|-ability|p1a: Dialga|Pressure\n|turn|1\n|\n|t:|1700974584\n|detailschange|p2a: Mewtwo|Mewtwo-Mega-X\n|-mega|p2a: Mewtwo|Mewtwo|Mewtwonite X\n|move|p2a: Mewtwo|Ice Beam|p1a: Dialga\n|-damage|p1a: Dialga|73\/100\n|move|p1a: Dialga|Trick Room|p1a: Dialga\n|-fieldstart|move: Trick Room|[of] p1a: Dialga\n|\n|upkeep\n|turn|2\n|\n|t:|1700974594\n|move|p1a: Dialga|Draco Meteor|p2a: Mewtwo\n|-damage|p2a: Mewtwo|22\/100\n|-unboost|p1a: Dialga|spa|2\n|-enditem|p1a: Dialga|Eject Pack\n|\n|t:|1700974608\n|switch|p1a: Melmetal|Melmetal|100\/100\n|move|p2a: Mewtwo|Zen Headbutt|p1a: Melmetal|[miss]\n|-miss|p2a: Mewtwo|p1a: Melmetal\n|\n|upkeep\n|turn|3\n|\n|t:|1700974615\n|move|p1a: Melmetal|Double Iron Bash|p2a: Mewtwo\n|-damage|p2a: Mewtwo|0 fnt\n|faint|p2a: Mewtwo\n|-hitcount|p2: Mewtwo|1\n|\n|upkeep\n|\n|t:|1700974622\n|switch|p2a: Groudon|Groudon|100\/100\n|detailschange|p2a: Groudon|Groudon-Primal\n|-primal|p2a: Groudon|Red Orb\n|-weather|DesolateLand|[from] ability: Desolate Land|[of] p2a: Groudon\n|turn|4\n|\n|t:|1700974647\n|move|p1a: Melmetal|Double Iron Bash|p2a: Groudon\n|-resisted|p2a: Groudon\n|-damage|p2a: Groudon|77\/100\n|-resisted|p2a: Groudon\n|-damage|p2a: Groudon|55\/100\n|-hitcount|p2a: Groudon|2\n|cant|p2a: Groudon|flinch\n|\n|-weather|DesolateLand|[upkeep]\n|upkeep\n|turn|5\n|\n|t:|1700974655\n|-terastallize|p1a: Melmetal|Steel\n|move|p1a: Melmetal|Double Iron Bash|p2a: Groudon\n|-resisted|p2a: Groudon\n|-damage|p2a: Groudon|24\/100\n|-resisted|p2a: Groudon\n|-damage|p2a: Groudon|0 fnt\n|faint|p2a: Groudon\n|-weather|none\n|-hitcount|p2: Groudon|2\n|\n|-fieldend|move: Trick Room\n|upkeep\n|\n|t:|1700974664\n|switch|p2a: Necrozma|Necrozma-Dusk-Mane|100\/100\n|turn|6\n|\n|t:|1700974671\n|detailschange|p2a: Necrozma|Necrozma-Ultra\n|-burst|p2a: Necrozma|Necrozma|Ultranecrozium Z\n|move|p2a: Necrozma|Photon Geyser|p1a: Melmetal\n|-resisted|p1a: Melmetal\n|-damage|p1a: Melmetal|83\/100\n|move|p1a: Melmetal|Double Iron Bash|p2a: Necrozma\n|-damage|p2a: Necrozma|22\/100\n|-damage|p2a: Necrozma|0 fnt\n|faint|p2a: Necrozma\n|-hitcount|p2: Necrozma|2\n|\n|upkeep\n|\n|t:|1700974683\n|switch|p2a: Yveltal|Yveltal|100\/100\n|-ability|p2a: Yveltal|Dark Aura\n|turn|7\n|\n|t:|1700974687\n|move|p2a: Yveltal|Toxic|p1a: Melmetal|[miss]\n|-miss|p2a: Yveltal|p1a: Melmetal\n|move|p1a: Melmetal|Double Iron Bash|p2a: Yveltal\n|-damage|p2a: Yveltal|14\/100\n|-damage|p2a: Yveltal|0 fnt\n|faint|p2a: Yveltal\n|-hitcount|p2: Yveltal|2\n|\n|upkeep\n|\n|t:|1700974694\n|switch|p2a: Arceus|Arceus|100\/100\n|turn|8\n|\n|t:|1700974701\n|-terastallize|p2a: Arceus|Normal\n|move|p2a: Arceus|Shadow Claw|p1a: Melmetal\n|-damage|p1a: Melmetal|73\/100\n|move|p1a: Melmetal|Double Iron Bash|p2a: Arceus\n|-damage|p2a: Arceus|40\/100\n|-damage|p2a: Arceus|0 fnt\n|faint|p2a: Arceus\n|-hitcount|p2: Arceus|2\n|\n|upkeep\n|\n|t:|1700974711\n|switch|p2a: Kyogre|Kyogre|100\/100\n|detailschange|p2a: Kyogre|Kyogre-Primal\n|-primal|p2a: Kyogre|Blue Orb\n|-weather|PrimordialSea|[from] ability: Primordial Sea|[of] p2a: Kyogre\n|turn|9\n|\n|t:|1700974716\n|switch|p1a: Dialga|Dialga|73\/100\n|-ability|p1a: Dialga|Pressure\n|move|p2a: Kyogre|Ice Beam|p1a: Dialga\n|-damage|p1a: Dialga|41\/100\n|\n|-weather|PrimordialSea|[upkeep]\n|upkeep\n|turn|10\n|\n|t:|1700974724\n|move|p2a: Kyogre|Ice Beam|p1a: Dialga\n|-damage|p1a: Dialga|7\/100\n|move|p1a: Dialga|Trick Room|p1a: Dialga\n|-fieldstart|move: Trick Room|[of] p1a: Dialga\n|\n|-weather|PrimordialSea|[upkeep]\n|upkeep\n|turn|11\n|\n|t:|1700974729\n|move|p2a: Kyogre|Water Spout|p1a: Dialga\n|-resisted|p1a: Dialga\n|-damage|p1a: Dialga|0 fnt\n|faint|p1a: Dialga\n|\n|-weather|PrimordialSea|[upkeep]\n|upkeep\n|\n|t:|1700974735\n|switch|p1a: Melmetal|Melmetal, tera:Steel|73\/100\n|turn|12\n|\n|t:|1700974738\n|move|p1a: Melmetal|Double Iron Bash|p2a: Kyogre\n|-resisted|p2a: Kyogre\n|-damage|p2a: Kyogre|61\/100\n|-resisted|p2a: Kyogre\n|-damage|p2a: Kyogre|17\/100\n|-hitcount|p2a: Kyogre|2\n|move|p2a: Kyogre|Ice Beam|p1a: Melmetal\n|-resisted|p1a: Melmetal\n|-damage|p1a: Melmetal|53\/100\n|\n|-weather|PrimordialSea|[upkeep]\n|upkeep\n|turn|13\n|\n|t:|1700974746\n|move|p1a: Melmetal|Double Iron Bash|p2a: Kyogre\n|-resisted|p2a: Kyogre\n|-damage|p2a: Kyogre|0 fnt\n|faint|p2a: Kyogre\n|-weather|none\n|-hitcount|p2: Kyogre|1\n|\n|win|bailuTv\n|raw|bailuTv's rating: 1111 &rarr; <strong>1138<\/strong><br \/>(+27 for winning)\n|raw|Vinh612's rating: 1132 &rarr; <strong>1105<\/strong><br \/>(-27 for losing)\n","uploadtime":1700974750,"views":10,"p1id":"bailutv","p2id":"vinh612","formatid":"gen9nationaldexubers","rating":1105,"private":0,"password":""}