{"id":"gen9nationaldexubers-1996315654","p1":"Aroma Nobody","p2":"AlolanSandslashOU","format":"[Gen 9] National Dex Ubers","log":"|j|\u2606Aroma Nobody\n|j|\u2606AlolanSandslashOU\n|t:|1700670408\n|gametype|singles\n|player|p1|Aroma Nobody|turo-ai|\n|player|p2|AlolanSandslashOU|volkner|\n|teamsize|p1|6\n|teamsize|p2|6\n|gen|9\n|tier|[Gen 9] National Dex Ubers\n|rule|HP Percentage Mod: HP is shown in percentages\n|rule|Endless Battle Clause: Forcing endless battles is banned\n|rule|OHKO Clause: OHKO moves are banned\n|rule|Evasion Moves Clause: Evasion moves are banned\n|rule|Evasion Items Clause: Evasion items are banned\n|rule|Species Clause: Limit one of each Pok\u00e9mon\n|rule|Sleep Clause Mod: Limit one foe put to sleep\n|rule|Mega Rayquaza Clause: You cannot mega evolve Rayquaza\n|clearpoke\n|poke|p1|Tyranitar, F|\n|poke|p1|Houndstone, F|\n|poke|p1|Quagsire, F|\n|poke|p1|Iron Hands|\n|poke|p1|Scizor, M|\n|poke|p1|Aegislash, M|\n|poke|p2|Chien-Pao|\n|poke|p2|Ting-Lu|\n|poke|p2|Greninja-*, F|\n|poke|p2|Meowscarada, F|\n|poke|p2|Urshifu-*, F|\n|poke|p2|Gholdengo|\n|teampreview\n|c|\u2606AlolanSandslashOU|Remember last respects is banned\n|c|\u2606Aroma Nobody|z-moves too\n|c|\u2606AlolanSandslashOU|Yeah that\u2019s my ban\n|c|\u2606Aroma Nobody|which I just noticed D:\n|c|\u2606Aroma Nobody|glhf\n|\n|t:|1700670446\n|start\n|switch|p1a: Scizor|Scizor, M|100\/100\n|switch|p2a: Meowscarada|Meowscarada, F|100\/100\n|turn|1\n|\n|t:|1700670452\n|move|p2a: Meowscarada|U-turn|p1a: Scizor\n|-start|p2a: Meowscarada|typechange|Bug|[from] ability: Protean\n|-resisted|p1a: Scizor\n|-damage|p1a: Scizor|81\/100\n|\n|t:|1700670455\n|switch|p2a: Gholdengo|Gholdengo|100\/100|[from] U-turn\n|move|p1a: Scizor|U-turn|p2a: Gholdengo\n|-resisted|p2a: Gholdengo\n|-crit|p2a: Gholdengo\n|-damage|p2a: Gholdengo|75\/100\n|\n|t:|1700670459\n|switch|p1a: Quagsire|Quagsire, F|100\/100|[from] U-turn\n|\n|upkeep\n|turn|2\n|\n|t:|1700670467\n|switch|p2a: Ting-Lu|Ting-Lu|100\/100\n|-ability|p2a: Ting-Lu|Vessel of Ruin\n|move|p1a: Quagsire|Earthquake|p2a: Ting-Lu\n|-damage|p2a: Ting-Lu|65\/100\n|\n|-heal|p2a: Ting-Lu|71\/100|[from] item: Leftovers\n|upkeep\n|turn|3\n|\n|t:|1700670477\n|switch|p1a: Iron Hands|Iron Hands|100\/100\n|move|p2a: Ting-Lu|Spikes|p1a: Iron Hands\n|-sidestart|p1: Aroma Nobody|Spikes\n|\n|-heal|p2a: Ting-Lu|77\/100|[from] item: Leftovers\n|upkeep\n|turn|4\n|\n|t:|1700670488\n|move|p1a: Iron Hands|Close Combat|p2a: Ting-Lu\n|-supereffective|p2a: Ting-Lu\n|-damage|p2a: Ting-Lu|0 fnt\n|-unboost|p1a: Iron Hands|def|1\n|-unboost|p1a: Iron Hands|spd|1\n|faint|p2a: Ting-Lu\n|\n|upkeep\n|\n|t:|1700670493\n|switch|p2a: Gholdengo|Gholdengo|75\/100\n|turn|5\n|\n|t:|1700670501\n|-end|p1a: Iron Hands|Quark Drive|[silent]\n|switch|p1a: Quagsire|Quagsire, F|100\/100\n|-damage|p1a: Quagsire|88\/100|[from] Spikes\n|move|p2a: Gholdengo|Shadow Ball|p1a: Quagsire\n|-damage|p1a: Quagsire|3\/100\n|\n|upkeep\n|turn|6\n|c|\u2606Aroma Nobody|oof\n|c|\u2606Aroma Nobody|that did way more\n|c|\u2606AlolanSandslashOU|You are not tanking shit\n|\n|t:|1700670521\n|move|p2a: Gholdengo|Shadow Ball|p1a: Quagsire\n|-damage|p1a: Quagsire|0 fnt\n|faint|p1a: Quagsire\n|\n|upkeep\n|\n|t:|1700670525\n|switch|p1a: Tyranitar|Tyranitar, F|100\/100\n|-damage|p1a: Tyranitar|88\/100|[from] Spikes\n|-weather|Sandstorm|[from] ability: Sand Stream|[of] p1a: Tyranitar\n|turn|7\n|c|\u2606Aroma Nobody|now I am\n|\n|t:|1700670540\n|switch|p2a: Meowscarada|Meowscarada, F|100\/100\n|move|p1a: Tyranitar|Earthquake|p2a: Meowscarada\n|-resisted|p2a: Meowscarada\n|-damage|p2a: Meowscarada|52\/100\n|\n|-weather|Sandstorm|[upkeep]\n|-damage|p2a: Meowscarada|46\/100|[from] Sandstorm\n|upkeep\n|turn|8\n|\n|t:|1700670546\n|switch|p1a: Scizor|Scizor, M|81\/100\n|-damage|p1a: Scizor|69\/100|[from] Spikes\n|move|p2a: Meowscarada|Flower Trick|p1a: Scizor\n|-start|p2a: Meowscarada|typechange|Grass|[from] ability: Protean\n|-resisted|p1a: Scizor\n|-crit|p1a: Scizor\n|-damage|p1a: Scizor|55\/100\n|\n|-weather|Sandstorm|[upkeep]\n|-damage|p2a: Meowscarada|39\/100|[from] Sandstorm\n|upkeep\n|turn|9\n|\n|t:|1700670555\n|switch|p2a: Greninja|Greninja, F|100\/100\n|move|p1a: Scizor|Knock Off|p2a: Greninja\n|-resisted|p2a: Greninja\n|-damage|p2a: Greninja|52\/100\n|-enditem|p2a: Greninja|Choice Specs|[from] move: Knock Off|[of] p1a: Scizor\n|\n|-weather|Sandstorm|[upkeep]\n|-damage|p2a: Greninja|46\/100|[from] Sandstorm\n|upkeep\n|turn|10\n|\n|t:|1700670570\n|move|p2a: Greninja|Surf|p1a: Scizor\n|-start|p2a: Greninja|typechange|Water|[from] ability: Protean\n|-damage|p1a: Scizor|1\/100\n|move|p1a: Scizor|Knock Off|p2a: Greninja\n|-damage|p2a: Greninja|0 fnt\n|faint|p2a: Greninja\n|\n|-weather|Sandstorm|[upkeep]\n|upkeep\n|c|\u2606AlolanSandslashOU|Fucking hell\n|c|\u2606Aroma Nobody|hehehehee\n|c|\u2606AlolanSandslashOU|ONE\n|c|\u2606Aroma Nobody|the hidden sash!\n|\n|t:|1700670587\n|switch|p2a: Gholdengo|Gholdengo|75\/100\n|turn|11\n|\n|t:|1700670591\n|move|p2a: Gholdengo|Make It Rain|p1a: Scizor\n|-resisted|p1a: Scizor\n|-damage|p1a: Scizor|0 fnt\n|-unboost|p2a: Gholdengo|spa|1\n|faint|p1a: Scizor\n|\n|-weather|none\n|upkeep\n|\n|t:|1700670597\n|switch|p1a: Aegislash|Aegislash, M|100\/100\n|-damage|p1a: Aegislash|88\/100|[from] Spikes\n|turn|12\n|\n|t:|1700670605\n|switch|p2a: Meowscarada|Meowscarada, F|39\/100\n|-formechange|p1a: Aegislash|Aegislash-Blade||[from] ability: Stance Change\n|move|p1a: Aegislash|Iron Head|p2a: Meowscarada\n|-damage|p2a: Meowscarada|0 fnt\n|faint|p2a: Meowscarada\n|\n|upkeep\n|\n|t:|1700670607\n|switch|p2a: Urshifu|Urshifu, F|100\/100\n|turn|13\n|\n|t:|1700670611\n|switch|p1a: Iron Hands|Iron Hands|100\/100\n|-damage|p1a: Iron Hands|88\/100|[from] Spikes\n|move|p2a: Urshifu|Wicked Blow|p1a: Iron Hands\n|-resisted|p1a: Iron Hands\n|-crit|p1a: Iron Hands\n|-damage|p1a: Iron Hands|58\/100\n|\n|upkeep\n|turn|14\n|\n|t:|1700670622\n|switch|p2a: Gholdengo|Gholdengo|75\/100\n|move|p1a: Iron Hands|Wild Charge|p2a: Gholdengo\n|-damage|p2a: Gholdengo|0 fnt\n|faint|p2a: Gholdengo\n|-damage|p1a: Iron Hands|46\/100|[from] Recoil\n|\n|upkeep\n|\n|t:|1700670626\n|switch|p2a: Chien-Pao|Chien-Pao|100\/100\n|-ability|p2a: Chien-Pao|Sword of Ruin\n|turn|15\n|\n|t:|1700670633\n|move|p2a: Chien-Pao|Ice Spinner|p1a: Iron Hands\n|-damage|p1a: Iron Hands|0 fnt\n|faint|p1a: Iron Hands\n|-end|p1a: Iron Hands|Quark Drive|[silent]\n|\n|upkeep\n|\n|t:|1700670637\n|switch|p1a: Aegislash|Aegislash, M|88\/100\n|-damage|p1a: Aegislash|76\/100|[from] Spikes\n|turn|16\n|\n|t:|1700670642\n|switch|p2a: Urshifu|Urshifu, F|100\/100\n|-formechange|p1a: Aegislash|Aegislash-Blade||[from] ability: Stance Change\n|move|p1a: Aegislash|Close Combat|p2a: Urshifu\n|-supereffective|p2a: Urshifu\n|-damage|p2a: Urshifu|0 fnt\n|-unboost|p1a: Aegislash|def|1\n|-unboost|p1a: Aegislash|spd|1\n|faint|p2a: Urshifu\n|\n|upkeep\n|\n|t:|1700670645\n|switch|p2a: Chien-Pao|Chien-Pao|100\/100\n|-ability|p2a: Chien-Pao|Sword of Ruin\n|turn|17\n|\n|t:|1700670653\n|move|p2a: Chien-Pao|Crunch|p1a: Aegislash\n|-supereffective|p1a: Aegislash\n|-damage|p1a: Aegislash|0 fnt\n|faint|p1a: Aegislash\n|\n|upkeep\n|\n|t:|1700670657\n|switch|p1a: Tyranitar|Tyranitar, F|88\/100\n|-damage|p1a: Tyranitar|76\/100|[from] Spikes\n|-weather|Sandstorm|[from] ability: Sand Stream|[of] p1a: Tyranitar\n|turn|18\n|\n|t:|1700670664\n|move|p2a: Chien-Pao|Crunch|p1a: Tyranitar\n|-resisted|p1a: Tyranitar\n|-damage|p1a: Tyranitar|39\/100\n|move|p1a: Tyranitar|Earthquake|p2a: Chien-Pao\n|-damage|p2a: Chien-Pao|19\/100\n|\n|-weather|Sandstorm|[upkeep]\n|-damage|p2a: Chien-Pao|13\/100|[from] Sandstorm\n|upkeep\n|turn|19\n|\n|t:|1700670669\n|move|p2a: Chien-Pao|Crunch|p1a: Tyranitar\n|-resisted|p1a: Tyranitar\n|-damage|p1a: Tyranitar|4\/100\n|move|p1a: Tyranitar|Earthquake|p2a: Chien-Pao\n|-damage|p2a: Chien-Pao|0 fnt\n|faint|p2a: Chien-Pao\n|\n|win|Aroma Nobody\n|c|\u2606Aroma Nobody|gg\n|c|\u2606AlolanSandslashOU|Ggs\n","uploadtime":1700670682,"views":1,"p1id":"aromanobody","p2id":"alolansandslashou","formatid":"gen9nationaldexubers","rating":0,"private":0,"password":""}