{"id":"gen9nationaldexubers-1990196336","p1":"Big Old Wang","p2":"applesaucem13","format":"[Gen 9] National Dex Ubers","log":"|j|\u2606Big Old Wang\n|j|\u2606applesaucem13\n|t:|1699935834\n|gametype|singles\n|player|p1|Big Old Wang|101|\n|player|p2|applesaucem13|hugh|\n|teamsize|p1|6\n|teamsize|p2|6\n|gen|9\n|tier|[Gen 9] National Dex Ubers\n|rule|HP Percentage Mod: HP is shown in percentages\n|rule|Endless Battle Clause: Forcing endless battles is banned\n|rule|OHKO Clause: OHKO moves are banned\n|rule|Evasion Moves Clause: Evasion moves are banned\n|rule|Evasion Items Clause: Evasion items are banned\n|rule|Species Clause: Limit one of each Pok\u00e9mon\n|rule|Sleep Clause Mod: Limit one foe put to sleep\n|rule|Mega Rayquaza Clause: You cannot mega evolve Rayquaza\n|clearpoke\n|poke|p1|Annihilape, M|\n|poke|p1|Baxcalibur, M|\n|poke|p1|Ting-Lu|\n|poke|p1|Slowking-Galar, F|\n|poke|p1|Darmanitan-Galar, M|\n|poke|p1|Rotom-Wash|\n|poke|p2|Ursaluna-Bloodmoon, M|\n|poke|p2|Garchomp, M|\n|poke|p2|Gliscor, M|\n|poke|p2|Alakazam, F|\n|poke|p2|Roserade, F|\n|poke|p2|Palafin, M|\n|teampreview\n|j| Aloe Vera Plant\n|j| StanchYeti\n|\n|t:|1699935856\n|start\n|switch|p1a: Slowking|Slowking-Galar, F|100\/100\n|switch|p2a: Roserade|Roserade, F|100\/100\n|turn|1\n|\n|t:|1699935867\n|move|p2a: Roserade|Leech Seed|p1a: Slowking\n|-start|p1a: Slowking|move: Leech Seed\n|move|p1a: Slowking|Chilly Reception|p1a: Slowking\n|-weather|Snow\n|\n|t:|1699935888\n|switch|p1a: Specs Monke|Darmanitan-Galar, M|100\/100|[from] Chilly Reception\n|\n|-weather|Snow|[upkeep]\n|upkeep\n|turn|2\n|\n|t:|1699935925\n|move|p2a: Roserade|Protect|p2a: Roserade\n|-singleturn|p2a: Roserade|Protect\n|move|p1a: Specs Monke|U-turn|p2a: Roserade\n|-activate|p2a: Roserade|move: Protect\n|\n|-weather|Snow|[upkeep]\n|upkeep\n|turn|3\n|\n|t:|1699935937\n|move|p1a: Specs Monke|U-turn|p2a: Roserade\n|-damage|p2a: Roserade|46\/100\n|\n|t:|1699935940\n|switch|p1a: Slowking|Slowking-Galar, F|100\/100|[from] U-turn\n|move|p2a: Roserade|Toxic|p1a: Slowking\n|-immune|p1a: Slowking\n|\n|-weather|Snow|[upkeep]\n|-heal|p2a: Roserade|52\/100|[from] item: Black Sludge\n|upkeep\n|turn|4\n|\n|t:|1699935982\n|move|p2a: Roserade|Leech Seed|p1a: Slowking\n|-start|p1a: Slowking|move: Leech Seed\n|move|p1a: Slowking|Flamethrower|p2a: Roserade\n|-supereffective|p2a: Roserade\n|-damage|p2a: Roserade|17\/100\n|\n|-weather|Snow|[upkeep]\n|-heal|p2a: Roserade|23\/100|[from] item: Black Sludge\n|-damage|p1a: Slowking|88\/100|[from] Leech Seed|[of] p2a: Roserade\n|-heal|p2a: Roserade|38\/100|[silent]\n|upkeep\n|turn|5\n|\n|t:|1699935995\n|move|p2a: Roserade|Protect|p2a: Roserade\n|-singleturn|p2a: Roserade|Protect\n|move|p1a: Slowking|Flamethrower|p2a: Roserade\n|-activate|p2a: Roserade|move: Protect\n|\n|-weather|none\n|-heal|p2a: Roserade|45\/100|[from] item: Black Sludge\n|-heal|p1a: Slowking|94\/100|[from] item: Black Sludge\n|-damage|p1a: Slowking|82\/100|[from] Leech Seed|[of] p2a: Roserade\n|-heal|p2a: Roserade|60\/100|[silent]\n|upkeep\n|turn|6\n|\n|t:|1699936006\n|switch|p2a: Palafin|Palafin, M|100\/100\n|move|p1a: Slowking|Flamethrower|p2a: Palafin\n|-resisted|p2a: Palafin\n|-damage|p2a: Palafin|83\/100\n|\n|-heal|p1a: Slowking|88\/100|[from] item: Black Sludge\n|-damage|p1a: Slowking|75\/100|[from] Leech Seed|[of] p2a: Palafin\n|-heal|p2a: Palafin|97\/100|[silent]\n|upkeep\n|turn|7\n|\n|t:|1699936017\n|move|p2a: Palafin|Flip Turn|p1a: Slowking\n|-damage|p1a: Slowking|54\/100\n|\n|t:|1699936028\n|detailschange|p2a: Palafin|Palafin-Hero, M\n|switch|p2a: Ursaluna|Ursaluna-Bloodmoon, M|100\/100|[from] Flip Turn\n|move|p1a: Slowking|Chilly Reception|p1a: Slowking\n|-weather|Snow\n|\n|t:|1699936034\n|switch|p1a: Outraj = Kil = Gud|Baxcalibur, M, shiny|100\/100|[from] Chilly Reception\n|\n|-weather|Snow|[upkeep]\n|upkeep\n|turn|8\n|\n|t:|1699936047\n|move|p1a: Outraj = Kil = Gud|Dragon Dance|p1a: Outraj = Kil = Gud\n|-boost|p1a: Outraj = Kil = Gud|atk|1\n|-boost|p1a: Outraj = Kil = Gud|spe|1\n|move|p2a: Ursaluna|Moonblast|p1a: Outraj = Kil = Gud\n|-supereffective|p1a: Outraj = Kil = Gud\n|-damage|p1a: Outraj = Kil = Gud|19\/100\n|\n|-weather|Snow|[upkeep]\n|upkeep\n|turn|9\n|\n|t:|1699936059\n|move|p1a: Outraj = Kil = Gud|Icicle Spear|p2a: Ursaluna\n|-supereffective|p2a: Ursaluna\n|-damage|p2a: Ursaluna|74\/100\n|-supereffective|p2a: Ursaluna\n|-damage|p2a: Ursaluna|42\/100\n|-supereffective|p2a: Ursaluna\n|-damage|p2a: Ursaluna|12\/100\n|-enditem|p2a: Ursaluna|Aguav Berry|[eat]\n|-heal|p2a: Ursaluna|45\/100|[from] item: Aguav Berry\n|-supereffective|p2a: Ursaluna\n|-damage|p2a: Ursaluna|13\/100\n|-hitcount|p2a: Ursaluna|4\n|move|p2a: Ursaluna|Moonblast|p1a: Outraj = Kil = Gud\n|-supereffective|p1a: Outraj = Kil = Gud\n|-damage|p1a: Outraj = Kil = Gud|0 fnt\n|faint|p1a: Outraj = Kil = Gud\n|\n|-weather|Snow|[upkeep]\n|upkeep\n|\n|t:|1699936085\n|switch|p1a: Specs Monke|Darmanitan-Galar, M|100\/100\n|turn|10\n|\n|t:|1699936093\n|move|p1a: Specs Monke|Iron Head|p2a: Ursaluna\n|-damage|p2a: Ursaluna|0 fnt\n|faint|p2a: Ursaluna\n|\n|-weather|Snow|[upkeep]\n|upkeep\n|\n|t:|1699936122\n|switch|p2a: Palafin|Palafin-Hero, M|97\/100\n|-activate|p2a: Palafin|ability: Zero to Hero\n|turn|11\n|\n|t:|1699936132\n|switch|p1a: Ting-Chilling|Ting-Lu|100\/100\n|-ability|p1a: Ting-Chilling|Vessel of Ruin\n|move|p2a: Palafin|Close Combat|p1a: Ting-Chilling\n|-supereffective|p1a: Ting-Chilling\n|-damage|p1a: Ting-Chilling|60\/100\n|-unboost|p2a: Palafin|def|1\n|-unboost|p2a: Palafin|spd|1\n|\n|-weather|none\n|-heal|p1a: Ting-Chilling|66\/100|[from] item: Leftovers\n|upkeep\n|turn|12\n|\n|t:|1699936146\n|switch|p2a: Roserade|Roserade, F|60\/100\n|move|p1a: Ting-Chilling|Stealth Rock|p2a: Roserade\n|-sidestart|p2: applesaucem13|move: Stealth Rock\n|\n|-heal|p2a: Roserade|66\/100|[from] item: Black Sludge\n|-heal|p1a: Ting-Chilling|72\/100|[from] item: Leftovers\n|upkeep\n|turn|13\n|\n|t:|1699936163\n|switch|p1a: Slowking|Slowking-Galar, F|87\/100\n|move|p2a: Roserade|Toxic|p1a: Slowking\n|-immune|p1a: Slowking\n|\n|-heal|p2a: Roserade|72\/100|[from] item: Black Sludge\n|-heal|p1a: Slowking|93\/100|[from] item: Black Sludge\n|upkeep\n|turn|14\n|\n|t:|1699936191\n|switch|p2a: Palafin|Palafin-Hero, M|97\/100\n|-damage|p2a: Palafin|85\/100|[from] Stealth Rock\n|move|p1a: Slowking|Flamethrower|p2a: Palafin\n|-resisted|p2a: Palafin\n|-damage|p2a: Palafin|71\/100\n|\n|-heal|p1a: Slowking|99\/100|[from] item: Black Sludge\n|upkeep\n|turn|15\n|\n|t:|1699936206\n|move|p2a: Palafin|Flip Turn|p1a: Slowking\n|-damage|p1a: Slowking|61\/100\n|\n|t:|1699936214\n|switch|p2a: Alakazam|Alakazam, F|100\/100|[from] Flip Turn\n|move|p1a: Slowking|Chilly Reception|p1a: Slowking\n|-weather|Snow\n|\n|t:|1699936219\n|switch|p1a: Specs Monke|Darmanitan-Galar, M|100\/100|[from] Chilly Reception\n|\n|-weather|Snow|[upkeep]\n|upkeep\n|turn|16\n|\n|t:|1699936271\n|move|p1a: Specs Monke|U-turn|p2a: Alakazam\n|-supereffective|p2a: Alakazam\n|-enditem|p2a: Alakazam|Focus Sash\n|-damage|p2a: Alakazam|1\/100\n|\n|t:|1699936276\n|switch|p1a: Slowking|Slowking-Galar, F|95\/100|[from] U-turn\n|move|p2a: Alakazam|Psychic|p1a: Slowking\n|-damage|p1a: Slowking|65\/100\n|\n|-weather|Snow|[upkeep]\n|-heal|p1a: Slowking|71\/100|[from] item: Black Sludge\n|upkeep\n|turn|17\n|\n|t:|1699936288\n|move|p2a: Alakazam|Shadow Ball|p1a: Slowking\n|-supereffective|p1a: Slowking\n|-damage|p1a: Slowking|34\/100\n|move|p1a: Slowking|Flamethrower|p2a: Alakazam\n|-damage|p2a: Alakazam|0 fnt\n|faint|p2a: Alakazam\n|\n|-weather|Snow|[upkeep]\n|-heal|p1a: Slowking|40\/100|[from] item: Black Sludge\n|upkeep\n|\n|t:|1699936308\n|switch|p2a: Palafin|Palafin-Hero, M|71\/100\n|-damage|p2a: Palafin|59\/100|[from] Stealth Rock\n|turn|18\n|\n|t:|1699936314\n|switch|p1a: Ting-Chilling|Ting-Lu|72\/100\n|-ability|p1a: Ting-Chilling|Vessel of Ruin\n|move|p2a: Palafin|Zen Headbutt|p1a: Ting-Chilling\n|-immune|p1a: Ting-Chilling\n|\n|-weather|Snow|[upkeep]\n|-heal|p1a: Ting-Chilling|79\/100|[from] item: Leftovers\n|upkeep\n|turn|19\n|\n|t:|1699936328\n|switch|p2a: Roserade|Roserade, F|72\/100\n|-damage|p2a: Roserade|60\/100|[from] Stealth Rock\n|move|p1a: Ting-Chilling|Whirlwind|p2a: Roserade\n|drag|p2a: Palafin|Palafin-Hero, M|59\/100\n|-damage|p2a: Palafin|47\/100|[from] Stealth Rock\n|\n|-weather|none\n|-heal|p1a: Ting-Chilling|85\/100|[from] item: Leftovers\n|upkeep\n|turn|20\n|\n|t:|1699936339\n|move|p2a: Palafin|Flip Turn|p1a: Ting-Chilling\n|-supereffective|p1a: Ting-Chilling\n|-damage|p1a: Ting-Chilling|55\/100\n|\n|t:|1699936344\n|switch|p2a: Gliscor|Gliscor, M|100\/100|[from] Flip Turn\n|-damage|p2a: Gliscor|88\/100|[from] Stealth Rock\n|move|p1a: Ting-Chilling|Earthquake|p2a: Gliscor\n|-immune|p2a: Gliscor\n|\n|-heal|p1a: Ting-Chilling|62\/100|[from] item: Leftovers\n|-status|p2a: Gliscor|tox|[from] item: Toxic Orb\n|upkeep\n|turn|21\n|\n|t:|1699936359\n|move|p2a: Gliscor|Defog|p1a: Ting-Chilling\n|-unboost|p1a: Ting-Chilling|evasion|1\n|-sideend|p2: applesaucem13|Stealth Rock|[from] move: Defog|[of] p2a: Gliscor\n|move|p1a: Ting-Chilling|Whirlwind|p2a: Gliscor\n|drag|p2a: Roserade|Roserade, F|60\/100\n|\n|-heal|p2a: Roserade|66\/100|[from] item: Black Sludge\n|-heal|p1a: Ting-Chilling|68\/100|[from] item: Leftovers\n|upkeep\n|turn|22\n|\n|t:|1699936368\n|move|p2a: Roserade|Leech Seed|p1a: Ting-Chilling\n|-start|p1a: Ting-Chilling|move: Leech Seed\n|move|p1a: Ting-Chilling|Stealth Rock|p2a: Roserade\n|-sidestart|p2: applesaucem13|move: Stealth Rock\n|\n|-heal|p2a: Roserade|72\/100|[from] item: Black Sludge\n|-heal|p1a: Ting-Chilling|74\/100|[from] item: Leftovers\n|-damage|p1a: Ting-Chilling|62\/100|[from] Leech Seed|[of] p2a: Roserade\n|-heal|p2a: Roserade|92\/100|[silent]\n|upkeep\n|turn|23\n|\n|t:|1699936377\n|switch|p1a: Slowking|Slowking-Galar, F|73\/100\n|move|p2a: Roserade|Toxic|p1a: Slowking\n|-immune|p1a: Slowking\n|\n|-heal|p2a: Roserade|98\/100|[from] item: Black Sludge\n|-heal|p1a: Slowking|79\/100|[from] item: Black Sludge\n|upkeep\n|turn|24\n|\n|t:|1699936387\n|switch|p2a: Gliscor|Gliscor, M|88\/100 tox\n|-damage|p2a: Gliscor|76\/100 tox|[from] Stealth Rock\n|switch|p1a: Ting-Chilling|Ting-Lu|62\/100\n|-ability|p1a: Ting-Chilling|Vessel of Ruin\n|\n|-heal|p1a: Ting-Chilling|68\/100|[from] item: Leftovers\n|-heal|p2a: Gliscor|88\/100 tox|[from] ability: Poison Heal\n|upkeep\n|turn|25\n|\n|t:|1699936398\n|switch|p1a: Annihilape|Annihilape, M|100\/100\n|move|p2a: Gliscor|Defog|p1a: Annihilape\n|-unboost|p1a: Annihilape|evasion|1\n|-ability|p1a: Annihilape|Defiant|boost\n|-boost|p1a: Annihilape|atk|2\n|-sideend|p2: applesaucem13|Stealth Rock|[from] move: Defog|[of] p2a: Gliscor\n|\n|-heal|p2a: Gliscor|100\/100 tox|[from] ability: Poison Heal\n|upkeep\n|turn|26\n|\n|t:|1699936414\n|switch|p2a: Roserade|Roserade, F|98\/100\n|move|p1a: Annihilape|Bulk Up|p1a: Annihilape\n|-boost|p1a: Annihilape|atk|1\n|-boost|p1a: Annihilape|def|1\n|\n|-heal|p2a: Roserade|100\/100|[from] item: Black Sludge\n|upkeep\n|turn|27\n|\n|t:|1699936426\n|move|p2a: Roserade|Toxic|p1a: Annihilape\n|-status|p1a: Annihilape|tox\n|move|p1a: Annihilape|Rage Fist|p2a: Roserade\n|-damage|p2a: Roserade|27\/100\n|\n|-heal|p2a: Roserade|33\/100|[from] item: Black Sludge\n|-damage|p1a: Annihilape|94\/100 tox|[from] psn\n|upkeep\n|turn|28\n|\n|t:|1699936435\n|move|p2a: Roserade|Leech Seed|p1a: Annihilape\n|-start|p1a: Annihilape|move: Leech Seed\n|move|p1a: Annihilape|Rage Fist|p2a: Roserade\n|-damage|p2a: Roserade|0 fnt\n|faint|p2a: Roserade\n|\n|-damage|p1a: Annihilape|82\/100 tox|[from] psn\n|upkeep\n|\n|t:|1699936470\n|switch|p2a: Garchomp|Garchomp, M|100\/100\n|turn|29\n|\n|t:|1699936476\n|-terastallize|p2a: Garchomp|Steel\n|move|p2a: Garchomp|Swords Dance|p2a: Garchomp\n|-boost|p2a: Garchomp|atk|2\n|move|p1a: Annihilape|Rest|p1a: Annihilape\n|-status|p1a: Annihilape|slp|[from] move: Rest\n|-heal|p1a: Annihilape|100\/100 slp|[silent]\n|-enditem|p1a: Annihilape|Chesto Berry|[eat]\n|-curestatus|p1a: Annihilape|slp|[msg]\n|\n|-damage|p1a: Annihilape|88\/100|[from] Leech Seed|[of] p2a: Garchomp\n|upkeep\n|turn|30\n|\n|t:|1699936499\n|move|p2a: Garchomp|Outrage|p1a: Annihilape\n|-damage|p1a: Annihilape|0 fnt\n|faint|p1a: Annihilape\n|-damage|p2a: Garchomp|91\/100|[from] item: Life Orb\n|\n|upkeep\n|\n|t:|1699936511\n|switch|p1a: Specs Monke|Darmanitan-Galar, M|100\/100\n|turn|31\n|\n|t:|1699936523\n|-terastallize|p1a: Specs Monke|Fighting\n|move|p1a: Specs Monke|Superpower|p2a: Garchomp\n|-supereffective|p2a: Garchomp\n|-damage|p2a: Garchomp|0 fnt\n|-unboost|p1a: Specs Monke|atk|1\n|-unboost|p1a: Specs Monke|def|1\n|-damage|p1a: Specs Monke|88\/100|[from] ability: Rough Skin|[of] p2a: Garchomp\n|faint|p2a: Garchomp\n|\n|upkeep\n|\n|t:|1699936532\n|switch|p2a: Palafin|Palafin-Hero, M|47\/100\n|turn|32\n|\n|t:|1699936539\n|switch|p1a: Ting-Chilling|Ting-Lu|68\/100\n|-ability|p1a: Ting-Chilling|Vessel of Ruin\n|move|p2a: Palafin|Zen Headbutt|p1a: Ting-Chilling\n|-immune|p1a: Ting-Chilling\n|\n|-heal|p1a: Ting-Chilling|74\/100|[from] item: Leftovers\n|upkeep\n|turn|33\n|\n|t:|1699936548\n|switch|p2a: Gliscor|Gliscor, M|100\/100 tox\n|switch|p1a: scRotom-Wash|Rotom-Wash|100\/100\n|\n|upkeep\n|turn|34\n|\n|t:|1699936557\n|move|p1a: scRotom-Wash|Hydro Pump|p2a: Gliscor\n|-supereffective|p2a: Gliscor\n|-damage|p2a: Gliscor|0 fnt\n|faint|p2a: Gliscor\n|\n|upkeep\n|\n|t:|1699936561\n|switch|p2a: Palafin|Palafin-Hero, M|47\/100\n|turn|35\n|\n|t:|1699936567\n|move|p2a: Palafin|Close Combat|p1a: scRotom-Wash\n|-damage|p1a: scRotom-Wash|35\/100\n|-unboost|p2a: Palafin|def|1\n|-unboost|p2a: Palafin|spd|1\n|move|p1a: scRotom-Wash|Hydro Pump|p2a: Palafin\n|-resisted|p2a: Palafin\n|-damage|p2a: Palafin|7\/100\n|\n|upkeep\n|turn|36\n|\n|t:|1699936583\n|move|p2a: Palafin|Close Combat|p1a: scRotom-Wash\n|-damage|p1a: scRotom-Wash|0 fnt\n|-unboost|p2a: Palafin|def|1\n|-unboost|p2a: Palafin|spd|1\n|faint|p1a: scRotom-Wash\n|\n|upkeep\n|\n|t:|1699936593\n|switch|p1a: Specs Monke|Darmanitan-Galar, M, tera:Fighting|88\/100\n|turn|37\n|\n|t:|1699936598\n|move|p2a: Palafin|Close Combat|p1a: Specs Monke\n|-damage|p1a: Specs Monke|15\/100\n|-unboost|p2a: Palafin|def|1\n|-unboost|p2a: Palafin|spd|1\n|move|p1a: Specs Monke|U-turn|p2a: Palafin\n|-damage|p2a: Palafin|0 fnt\n|faint|p2a: Palafin\n|\n|win|Big Old Wang\n","uploadtime":1699936616,"views":10,"p1id":"bigoldwang","p2id":"applesaucem13","formatid":"gen9nationaldexubers","rating":0,"private":0,"password":""}