{"id":"gen9nationaldexubers-1993829022","p1":"memeviewer2.0","p2":"Rhyfinn08","format":"[Gen 9] National Dex Ubers","log":"|j|\u2606memeviewer2.0\n|j|\u2606Rhyfinn08\n|t:|1700362399\n|gametype|singles\n|player|p1|memeviewer2.0|darach-caitlin|1143\n|player|p2|Rhyfinn08|ninjaboy|1219\n|teamsize|p1|6\n|teamsize|p2|6\n|gen|9\n|tier|[Gen 9] National Dex Ubers\n|rated|\n|rule|HP Percentage Mod: HP is shown in percentages\n|rule|Endless Battle Clause: Forcing endless battles is banned\n|rule|OHKO Clause: OHKO moves are banned\n|rule|Evasion Moves Clause: Evasion moves are banned\n|rule|Evasion Items Clause: Evasion items are banned\n|rule|Species Clause: Limit one of each Pok\u00e9mon\n|rule|Sleep Clause Mod: Limit one foe put to sleep\n|rule|Mega Rayquaza Clause: You cannot mega evolve Rayquaza\n|clearpoke\n|poke|p1|Braviary-Hisui, M|\n|poke|p1|Milotic, F|\n|poke|p1|Roserade, M|\n|poke|p1|Palafin, F|\n|poke|p1|Ogerpon-Hearthflame, F|\n|poke|p1|Metagross|\n|poke|p2|Xerneas-*|\n|poke|p2|Marshadow|\n|poke|p2|Groudon|\n|poke|p2|Deoxys-Speed|\n|poke|p2|Necrozma-Dusk-Mane|\n|poke|p2|Pheromosa|\n|teampreview\n|inactive|Battle timer is ON: inactive players will automatically lose when time's up. (requested by Rhyfinn08)\n|\n|t:|1700362420\n|start\n|switch|p1a: Palafin|Palafin, F|100\/100\n|switch|p2a: Deoxys|Deoxys-Speed, shiny|100\/100\n|-ability|p2a: Deoxys|Pressure\n|turn|1\n|\n|t:|1700362432\n|detailschange|p1a: Palafin|Palafin-Hero, F\n|switch|p1a: Roserade|Roserade, M|100\/100\n|move|p2a: Deoxys|Stealth Rock|p1a: Roserade\n|-sidestart|p1: memeviewer2.0|move: Stealth Rock\n|\n|upkeep\n|turn|2\n|\n|t:|1700362439\n|move|p2a: Deoxys|Taunt|p1a: Roserade\n|-start|p1a: Roserade|move: Taunt\n|cant|p1a: Roserade|move: Taunt|Toxic Spikes\n|\n|upkeep\n|turn|3\n|\n|t:|1700362451\n|move|p2a: Deoxys|Spikes|p1a: Roserade\n|-sidestart|p1: memeviewer2.0|Spikes\n|move|p1a: Roserade|Shadow Ball|p2a: Deoxys\n|-supereffective|p2a: Deoxys\n|-damage|p2a: Deoxys|28\/100\n|-unboost|p2a: Deoxys|spd|1\n|\n|upkeep\n|turn|4\n|\n|t:|1700362459\n|move|p2a: Deoxys|Spikes|p1a: Roserade\n|-sidestart|p1: memeviewer2.0|Spikes\n|move|p1a: Roserade|Shadow Ball|p2a: Deoxys\n|-supereffective|p2a: Deoxys\n|-damage|p2a: Deoxys|0 fnt\n|faint|p2a: Deoxys\n|\n|-end|p1a: Roserade|move: Taunt\n|upkeep\n|\n|t:|1700362473\n|switch|p2a: Necrozma|Necrozma-Dusk-Mane, shiny|100\/100\n|turn|5\n|\n|t:|1700362477\n|move|p2a: Necrozma|Dragon Dance|p2a: Necrozma\n|-boost|p2a: Necrozma|atk|1\n|-boost|p2a: Necrozma|spe|1\n|move|p1a: Roserade|Shadow Ball|p2a: Necrozma\n|-supereffective|p2a: Necrozma\n|-damage|p2a: Necrozma|58\/100\n|\n|upkeep\n|turn|6\n|\n|t:|1700362491\n|detailschange|p2a: Necrozma|Necrozma-Ultra, shiny\n|-burst|p2a: Necrozma|Necrozma|Ultranecrozium Z\n|move|p2a: Necrozma|Photon Geyser|p1a: Roserade\n|-supereffective|p1a: Roserade\n|-damage|p1a: Roserade|0 fnt\n|faint|p1a: Roserade\n|\n|upkeep\n|\n|t:|1700362511\n|switch|p1a: Braviary|Braviary-Hisui, M|100\/100\n|-damage|p1a: Braviary|76\/100|[from] Stealth Rock\n|turn|7\n|\n|t:|1700362519\n|move|p2a: Necrozma|Sunsteel Strike|p1a: Braviary\n|-damage|p1a: Braviary|2\/100\n|move|p1a: Braviary|Dual Wingbeat|p2a: Necrozma\n|-damage|p2a: Necrozma|42\/100\n|-damage|p2a: Necrozma|26\/100\n|-hitcount|p2a: Necrozma|2\n|\n|upkeep\n|turn|8\n|\n|t:|1700362533\n|move|p2a: Necrozma|Photon Geyser|p1a: Braviary\n|-resisted|p1a: Braviary\n|-damage|p1a: Braviary|0 fnt\n|faint|p1a: Braviary\n|\n|upkeep\n|\n|t:|1700362540\n|switch|p1a: Ogerpon|Ogerpon-Hearthflame, F|100\/100\n|-damage|p1a: Ogerpon|76\/100|[from] Stealth Rock\n|-damage|p1a: Ogerpon|59\/100|[from] Spikes\n|-ability|p1a: Ogerpon|Mold Breaker\n|turn|9\n|\n|t:|1700362547\n|move|p2a: Necrozma|Photon Geyser|p1a: Ogerpon\n|-damage|p1a: Ogerpon|0 fnt\n|faint|p1a: Ogerpon\n|\n|upkeep\n|\n|t:|1700362561\n|switch|p1a: Palafin|Palafin-Hero, F|100\/100\n|-damage|p1a: Palafin|88\/100|[from] Stealth Rock\n|-damage|p1a: Palafin|72\/100|[from] Spikes\n|-activate|p1a: Palafin|ability: Zero to Hero\n|turn|10\n|\n|t:|1700362576\n|move|p1a: Palafin|Jet Punch|p2a: Necrozma\n|-resisted|p2a: Necrozma\n|-damage|p2a: Necrozma|0 fnt\n|faint|p2a: Necrozma\n|\n|upkeep\n|\n|t:|1700362579\n|switch|p2a: Groudon|Groudon, shiny|100\/100\n|detailschange|p2a: Groudon|Groudon-Primal, shiny\n|-primal|p2a: Groudon|Red Orb\n|-weather|DesolateLand|[from] ability: Desolate Land|[of] p2a: Groudon\n|turn|11\n|\n|t:|1700362593\n|move|p1a: Palafin|Aqua Tail||[still]\n|-fail|p1a: Palafin|Aqua Tail|[from] Desolate Land\n|move|p2a: Groudon|Rock Polish|p2a: Groudon\n|-boost|p2a: Groudon|spe|2\n|\n|-weather|DesolateLand|[upkeep]\n|upkeep\n|turn|12\n|\n|t:|1700362603\n|-terastallize|p1a: Palafin|Electric\n|move|p2a: Groudon|Solar Beam||[still]\n|-prepare|p2a: Groudon|Solar Beam\n|-anim|p2a: Groudon|Solar Beam|p1a: Palafin\n|-damage|p1a: Palafin|16\/100\n|move|p1a: Palafin|Tera Blast|p2a: Groudon|[anim] Tera Blast Electric\n|-immune|p2a: Groudon\n|\n|-weather|DesolateLand|[upkeep]\n|upkeep\n|turn|13\n|c|\u2606Rhyfinn08|bruh\n|\n|t:|1700362616\n|move|p1a: Palafin|Protect|p1a: Palafin\n|-singleturn|p1a: Palafin|Protect\n|move|p2a: Groudon|Earth Power|p1a: Palafin\n|-activate|p1a: Palafin|move: Protect\n|\n|-weather|DesolateLand|[upkeep]\n|upkeep\n|turn|14\n|\n|t:|1700362627\n|move|p1a: Palafin|Jet Punch||[still]\n|-fail|p1a: Palafin|Jet Punch|[from] Desolate Land\n|move|p2a: Groudon|Earth Power|p1a: Palafin\n|-supereffective|p1a: Palafin\n|-damage|p1a: Palafin|0 fnt\n|faint|p1a: Palafin\n|\n|-weather|DesolateLand|[upkeep]\n|upkeep\n|\n|t:|1700362636\n|switch|p1a: Metagross|Metagross|100\/100\n|-damage|p1a: Metagross|95\/100|[from] Stealth Rock\n|-damage|p1a: Metagross|78\/100|[from] Spikes\n|turn|15\n|\n|t:|1700362642\n|detailschange|p1a: Metagross|Metagross-Mega\n|-mega|p1a: Metagross|Metagross|Metagrossite\n|move|p2a: Groudon|Flamethrower|p1a: Metagross\n|-supereffective|p1a: Metagross\n|-damage|p1a: Metagross|0 fnt\n|faint|p1a: Metagross\n|\n|-weather|DesolateLand|[upkeep]\n|upkeep\n|\n|t:|1700362652\n|switch|p1a: Milotic|Milotic, F|100\/100\n|-damage|p1a: Milotic|88\/100|[from] Stealth Rock\n|-damage|p1a: Milotic|71\/100|[from] Spikes\n|turn|16\n|\n|t:|1700362668\n|move|p2a: Groudon|Solar Beam||[still]\n|-prepare|p2a: Groudon|Solar Beam\n|-anim|p2a: Groudon|Solar Beam|p1a: Milotic\n|-supereffective|p1a: Milotic\n|-damage|p1a: Milotic|0 fnt\n|faint|p1a: Milotic\n|\n|win|Rhyfinn08\n|raw|memeviewer2.0's rating: 1143 &rarr; <strong>1123<\/strong><br \/>(-20 for losing)\n|raw|Rhyfinn08's rating: 1219 &rarr; <strong>1239<\/strong><br \/>(+20 for winning)\n","uploadtime":1700362672,"views":6,"p1id":"memeviewer20","p2id":"rhyfinn08","formatid":"gen9nationaldexubers","rating":1123,"private":0,"password":""}