{"id":"gen9nationaldexubers-1993592391","p1":"terra990","p2":"Deletta","format":"[Gen 9] National Dex Ubers","log":"|j|\u2606terra990\n|j|\u2606Deletta\n|t:|1700335290\n|gametype|singles\n|player|p1|terra990|nate|1390\n|player|p2|Deletta|fisherman-gen4|1329\n|teamsize|p1|6\n|teamsize|p2|6\n|gen|9\n|tier|[Gen 9] National Dex Ubers\n|rated|\n|rule|HP Percentage Mod: HP is shown in percentages\n|rule|Endless Battle Clause: Forcing endless battles is banned\n|rule|OHKO Clause: OHKO moves are banned\n|rule|Evasion Moves Clause: Evasion moves are banned\n|rule|Evasion Items Clause: Evasion items are banned\n|rule|Species Clause: Limit one of each Pok\u00e9mon\n|rule|Sleep Clause Mod: Limit one foe put to sleep\n|rule|Mega Rayquaza Clause: You cannot mega evolve Rayquaza\n|clearpoke\n|poke|p1|Kangaskhan, F|\n|poke|p1|Marshadow|\n|poke|p1|Flygon, F|\n|poke|p1|Kyogre|\n|poke|p1|Shuckle, M|\n|poke|p1|Zygarde|\n|poke|p2|Mewtwo|\n|poke|p2|Excadrill, M|\n|poke|p2|Wo-Chien|\n|poke|p2|Baxcalibur, F|\n|poke|p2|Ninetales-Alola, F|\n|poke|p2|Zygarde|\n|teampreview\n|\n|t:|1700335304\n|start\n|switch|p1a: Shuckle|Shuckle, M|100\/100\n|switch|p2a: Cachorro sa\u00e3o|Ninetales-Alola, F|100\/100\n|-weather|Snow|[from] ability: Snow Warning|[of] p2a: Cachorro sa\u00e3o\n|turn|1\n|\n|t:|1700335311\n|move|p2a: Cachorro sa\u00e3o|Aurora Veil|p2a: Cachorro sa\u00e3o\n|-sidestart|p2: Deletta|move: Aurora Veil\n|move|p1a: Shuckle|Sticky Web|p2a: Cachorro sa\u00e3o\n|-sidestart|p2: Deletta|move: Sticky Web\n|\n|-weather|Snow|[upkeep]\n|upkeep\n|turn|2\n|\n|t:|1700335320\n|move|p2a: Cachorro sa\u00e3o|Blizzard|p1a: Shuckle\n|-damage|p1a: Shuckle|77\/100\n|move|p1a: Shuckle|Stealth Rock|p2a: Cachorro sa\u00e3o\n|-sidestart|p2: Deletta|move: Stealth Rock\n|\n|-weather|Snow|[upkeep]\n|upkeep\n|turn|3\n|\n|t:|1700335325\n|switch|p2a: Cocaine sniffer|Excadrill, M|100\/100\n|-activate|p2a: Cocaine sniffer|move: Sticky Web\n|-unboost|p2a: Cocaine sniffer|spe|1\n|-damage|p2a: Cocaine sniffer|97\/100|[from] Stealth Rock\n|-ability|p2a: Cocaine sniffer|Mold Breaker\n|move|p1a: Shuckle|Knock Off|p2a: Cocaine sniffer\n|-damage|p2a: Cocaine sniffer|95\/100\n|-enditem|p2a: Cocaine sniffer|Leftovers|[from] move: Knock Off|[of] p1a: Shuckle\n|\n|-weather|Snow|[upkeep]\n|upkeep\n|turn|4\n|\n|t:|1700335340\n|switch|p1a: Kangaskhan|Kangaskhan, F|100\/100\n|move|p2a: Cocaine sniffer|Toxic|p1a: Kangaskhan\n|-status|p1a: Kangaskhan|tox\n|\n|-weather|Snow|[upkeep]\n|-damage|p1a: Kangaskhan|94\/100 tox|[from] psn\n|upkeep\n|turn|5\n|\n|t:|1700335348\n|detailschange|p1a: Kangaskhan|Kangaskhan-Mega, F\n|-mega|p1a: Kangaskhan|Kangaskhan|Kangaskhanite\n|move|p1a: Kangaskhan|Power-Up Punch|p2a: Cocaine sniffer\n|-supereffective|p2a: Cocaine sniffer\n|-damage|p2a: Cocaine sniffer|85\/100\n|-boost|p1a: Kangaskhan|atk|1\n|-supereffective|p2a: Cocaine sniffer\n|-damage|p2a: Cocaine sniffer|81\/100\n|-boost|p1a: Kangaskhan|atk|1\n|-hitcount|p2a: Cocaine sniffer|2\n|move|p2a: Cocaine sniffer|Rapid Spin|p1a: Kangaskhan\n|-damage|p1a: Kangaskhan|82\/100 tox\n|-boost|p2a: Cocaine sniffer|spe|1\n|-sideend|p2: Deletta|Stealth Rock|[from] move: Rapid Spin|[of] p2a: Cocaine sniffer\n|-sideend|p2: Deletta|Sticky Web|[from] move: Rapid Spin|[of] p2a: Cocaine sniffer\n|\n|-weather|none\n|-damage|p1a: Kangaskhan|70\/100 tox|[from] psn\n|upkeep\n|turn|6\n|\n|t:|1700335368\n|move|p1a: Kangaskhan|Earthquake|p2a: Cocaine sniffer\n|-supereffective|p2a: Cocaine sniffer\n|-damage|p2a: Cocaine sniffer|30\/100\n|-supereffective|p2a: Cocaine sniffer\n|-damage|p2a: Cocaine sniffer|16\/100\n|-hitcount|p2a: Cocaine sniffer|2\n|move|p2a: Cocaine sniffer|Earthquake|p1a: Kangaskhan\n|-damage|p1a: Kangaskhan|30\/100 tox\n|\n|-damage|p1a: Kangaskhan|11\/100 tox|[from] psn\n|upkeep\n|turn|7\n|\n|t:|1700335389\n|switch|p2a: Monge chines|Wo-Chien|100\/100\n|-ability|p2a: Monge chines|Tablets of Ruin\n|move|p1a: Kangaskhan|Sucker Punch||[still]\n|-fail|p1a: Kangaskhan\n|\n|-damage|p1a: Kangaskhan|0 fnt|[from] psn\n|faint|p1a: Kangaskhan\n|upkeep\n|\n|t:|1700335397\n|switch|p1a: Shuckle|Shuckle, M|77\/100\n|turn|8\n|\n|t:|1700335402\n|move|p2a: Monge chines|Giga Drain|p1a: Shuckle\n|-damage|p1a: Shuckle|59\/100\n|move|p1a: Shuckle|Sticky Web|p2a: Monge chines\n|-sidestart|p2: Deletta|move: Sticky Web\n|\n|-sideend|p2: Deletta|move: Aurora Veil\n|upkeep\n|turn|9\n|\n|t:|1700335411\n|move|p2a: Monge chines|Reflect|p2a: Monge chines\n|-sidestart|p2: Deletta|Reflect\n|move|p1a: Shuckle|Stealth Rock|p2a: Monge chines\n|-sidestart|p2: Deletta|move: Stealth Rock\n|\n|upkeep\n|turn|10\n|\n|t:|1700335415\n|move|p2a: Monge chines|Light Screen|p2a: Monge chines\n|-sidestart|p2: Deletta|move: Light Screen\n|move|p1a: Shuckle|Knock Off|p2a: Monge chines\n|-resisted|p2a: Monge chines\n|-damage|p2a: Monge chines|99\/100\n|-enditem|p2a: Monge chines|Light Clay|[from] move: Knock Off|[of] p1a: Shuckle\n|\n|upkeep\n|turn|11\n|\n|t:|1700335432\n|switch|p1a: Marshadow|Marshadow|100\/100\n|move|p2a: Monge chines|Giga Drain|p1a: Marshadow\n|-crit|p1a: Marshadow\n|-damage|p1a: Marshadow|41\/100\n|-heal|p2a: Monge chines|100\/100|[from] drain|[of] p1a: Marshadow\n|\n|upkeep\n|turn|12\n|\n|t:|1700335440\n|move|p1a: Marshadow|Drain Punch|p2a: Monge chines\n|-supereffective|p2a: Monge chines\n|-damage|p2a: Monge chines|74\/100\n|-heal|p1a: Marshadow|56\/100|[from] drain|[of] p2a: Monge chines\n|move|p2a: Monge chines|Dark Pulse|p1a: Marshadow\n|-damage|p1a: Marshadow|12\/100\n|\n|upkeep\n|turn|13\n|\n|t:|1700335447\n|move|p1a: Marshadow|Drain Punch|p2a: Monge chines\n|-supereffective|p2a: Monge chines\n|-damage|p2a: Monge chines|50\/100\n|-heal|p1a: Marshadow|27\/100|[from] drain|[of] p2a: Monge chines\n|move|p2a: Monge chines|Dark Pulse|p1a: Marshadow\n|-damage|p1a: Marshadow|0 fnt\n|faint|p1a: Marshadow\n|\n|upkeep\n|\n|t:|1700335455\n|switch|p1a: Zygarde|Zygarde|100\/100\n|turn|14\n|\n|t:|1700335465\n|switch|p2a: Cocaine sniffer|Excadrill, M|16\/100\n|-activate|p2a: Cocaine sniffer|move: Sticky Web\n|-unboost|p2a: Cocaine sniffer|spe|1\n|-damage|p2a: Cocaine sniffer|13\/100|[from] Stealth Rock\n|-ability|p2a: Cocaine sniffer|Mold Breaker\n|move|p1a: Zygarde|Dragon Dance|p1a: Zygarde\n|-boost|p1a: Zygarde|atk|1\n|-boost|p1a: Zygarde|spe|1\n|\n|upkeep\n|turn|15\n|\n|t:|1700335475\n|move|p1a: Zygarde|Extreme Speed|p2a: Cocaine sniffer\n|-resisted|p2a: Cocaine sniffer\n|-damage|p2a: Cocaine sniffer|7\/100\n|move|p2a: Cocaine sniffer|Rapid Spin|p1a: Zygarde\n|-damage|p1a: Zygarde|87\/100\n|-boost|p2a: Cocaine sniffer|spe|1\n|-sideend|p2: Deletta|Stealth Rock|[from] move: Rapid Spin|[of] p2a: Cocaine sniffer\n|-sideend|p2: Deletta|Sticky Web|[from] move: Rapid Spin|[of] p2a: Cocaine sniffer\n|\n|upkeep\n|turn|16\n|\n|t:|1700335484\n|move|p1a: Zygarde|Thousand Arrows|p2a: Cocaine sniffer\n|-supereffective|p2a: Cocaine sniffer\n|-damage|p2a: Cocaine sniffer|0 fnt\n|faint|p2a: Cocaine sniffer\n|\n|-sideend|p2: Deletta|Reflect\n|upkeep\n|\n|t:|1700335489\n|switch|p2a: Cachorro sa\u00e3o|Ninetales-Alola, F|100\/100\n|-weather|Snow|[from] ability: Snow Warning|[of] p2a: Cachorro sa\u00e3o\n|turn|17\n|\n|t:|1700335494\n|-terastallize|p1a: Zygarde|Normal\n|move|p1a: Zygarde|Dragon Dance|p1a: Zygarde\n|-boost|p1a: Zygarde|atk|1\n|-boost|p1a: Zygarde|spe|1\n|move|p2a: Cachorro sa\u00e3o|Blizzard|p1a: Zygarde\n|-damage|p1a: Zygarde|42\/100\n|\n|-weather|Snow|[upkeep]\n|-sideend|p2: Deletta|move: Light Screen\n|-activate|p1a: Zygarde|ability: Power Construct\n|detailschange|p1a: Zygarde|Zygarde-Complete, tera:Normal\n|-heal|p1a: Zygarde|64\/100|[silent]\n|upkeep\n|turn|18\n|\n|t:|1700335505\n|move|p1a: Zygarde|Thousand Arrows|p2a: Cachorro sa\u00e3o\n|-damage|p2a: Cachorro sa\u00e3o|27\/100\n|move|p2a: Cachorro sa\u00e3o|Aurora Veil|p2a: Cachorro sa\u00e3o\n|-sidestart|p2: Deletta|move: Aurora Veil\n|\n|-weather|Snow|[upkeep]\n|upkeep\n|turn|19\n|\n|t:|1700335516\n|switch|p2a: Bagre|Baxcalibur, F|100\/100\n|move|p1a: Zygarde|Thousand Arrows|p2a: Bagre\n|-damage|p2a: Bagre|76\/100\n|\n|-weather|Snow|[upkeep]\n|upkeep\n|turn|20\n|\n|t:|1700335524\n|move|p2a: Bagre|Icicle Spear|p1a: Zygarde\n|-damage|p1a: Zygarde|56\/100\n|-damage|p1a: Zygarde|48\/100\n|-damage|p1a: Zygarde|41\/100\n|-damage|p1a: Zygarde|32\/100\n|-damage|p1a: Zygarde|25\/100\n|-hitcount|p1a: Zygarde|5\n|move|p1a: Zygarde|Dragon Tail|p2a: Bagre\n|-supereffective|p2a: Bagre\n|-damage|p2a: Bagre|41\/100\n|drag|p2a: CNPJoto|Mewtwo|100\/100\n|-ability|p2a: CNPJoto|Pressure\n|\n|-weather|Snow|[upkeep]\n|upkeep\n|turn|21\n|\n|t:|1700335539\n|detailschange|p2a: CNPJoto|Mewtwo-Mega-Y\n|-mega|p2a: CNPJoto|Mewtwo|Mewtwonite Y\n|move|p1a: Zygarde|Thousand Arrows|p2a: CNPJoto\n|-damage|p2a: CNPJoto|58\/100\n|move|p2a: CNPJoto|Psystrike|p1a: Zygarde\n|-crit|p1a: Zygarde\n|-damage|p1a: Zygarde|0 fnt\n|faint|p1a: Zygarde\n|\n|-weather|none\n|upkeep\n|\n|t:|1700335548\n|switch|p1a: Shuckle|Shuckle, M|59\/100\n|turn|22\n|\n|t:|1700335557\n|move|p2a: CNPJoto|Fire Blast|p1a: Shuckle\n|-damage|p1a: Shuckle|33\/100\n|move|p1a: Shuckle|Sticky Web|p2a: CNPJoto\n|-sidestart|p2: Deletta|move: Sticky Web\n|\n|upkeep\n|turn|23\n|\n|t:|1700335562\n|move|p2a: CNPJoto|Psystrike|p1a: Shuckle\n|-damage|p1a: Shuckle|0 fnt\n|faint|p1a: Shuckle\n|\n|upkeep\n|\n|t:|1700335569\n|switch|p1a: Flygon|Flygon, F|100\/100\n|turn|24\n|\n|t:|1700335577\n|move|p2a: CNPJoto|Psystrike|p1a: Flygon\n|-damage|p1a: Flygon|8\/100\n|move|p1a: Flygon|Dragon Dance|p1a: Flygon\n|-boost|p1a: Flygon|atk|1\n|-boost|p1a: Flygon|spe|1\n|\n|-heal|p1a: Flygon|14\/100|[from] item: Leftovers\n|upkeep\n|turn|25\n|\n|t:|1700335585\n|move|p1a: Flygon|Dragon Claw|p2a: CNPJoto\n|-damage|p2a: CNPJoto|28\/100\n|move|p2a: CNPJoto|Psystrike|p1a: Flygon\n|-damage|p1a: Flygon|0 fnt\n|faint|p1a: Flygon\n|\n|-sideend|p2: Deletta|move: Aurora Veil\n|upkeep\n|\n|t:|1700335592\n|switch|p1a: Kyogre|Kyogre|100\/100\n|detailschange|p1a: Kyogre|Kyogre-Primal\n|-primal|p1a: Kyogre|Blue Orb\n|-weather|PrimordialSea|[from] ability: Primordial Sea|[of] p1a: Kyogre\n|turn|26\n|\n|t:|1700335598\n|move|p2a: CNPJoto|Psystrike|p1a: Kyogre\n|-damage|p1a: Kyogre|33\/100\n|move|p1a: Kyogre|Thunder|p2a: CNPJoto\n|-damage|p2a: CNPJoto|0 fnt\n|faint|p2a: CNPJoto\n|\n|-weather|PrimordialSea|[upkeep]\n|upkeep\n|\n|t:|1700335606\n|switch|p2a: Monge chines|Wo-Chien|50\/100\n|-activate|p2a: Monge chines|move: Sticky Web\n|-unboost|p2a: Monge chines|spe|1\n|-ability|p2a: Monge chines|Tablets of Ruin\n|turn|27\n|\n|t:|1700335611\n|move|p1a: Kyogre|Ice Beam|p2a: Monge chines\n|-supereffective|p2a: Monge chines\n|-damage|p2a: Monge chines|0 fnt\n|faint|p2a: Monge chines\n|\n|-weather|PrimordialSea|[upkeep]\n|upkeep\n|\n|t:|1700335618\n|switch|p2a: Cachorro sa\u00e3o|Ninetales-Alola, F|27\/100\n|-activate|p2a: Cachorro sa\u00e3o|move: Sticky Web\n|-unboost|p2a: Cachorro sa\u00e3o|spe|1\n|-ability|p2a: Cachorro sa\u00e3o|Snow Warning|[from] primordialsea|[fail]\n|turn|28\n|\n|t:|1700335632\n|move|p1a: Kyogre|Thunder|p2a: Cachorro sa\u00e3o\n|-damage|p2a: Cachorro sa\u00e3o|0 fnt\n|faint|p2a: Cachorro sa\u00e3o\n|\n|-weather|PrimordialSea|[upkeep]\n|upkeep\n|\n|t:|1700335635\n|switch|p2a: Bagre|Baxcalibur, F|41\/100\n|-activate|p2a: Bagre|move: Sticky Web\n|-unboost|p2a: Bagre|spe|1\n|turn|29\n|\n|t:|1700335644\n|move|p1a: Kyogre|Origin Pulse|p2a: Bagre\n|-resisted|p2a: Bagre\n|-crit|p2a: Bagre\n|-damage|p2a: Bagre|0 fnt\n|faint|p2a: Bagre\n|\n|-weather|PrimordialSea|[upkeep]\n|upkeep\n|\n|t:|1700335648\n|switch|p2a: Zycardo|Zygarde|100\/100\n|-activate|p2a: Zycardo|move: Sticky Web\n|-unboost|p2a: Zycardo|spe|1\n|turn|30\n|\n|t:|1700335652\n|move|p1a: Kyogre|Origin Pulse|p2a: Zycardo|[miss]\n|-miss|p1a: Kyogre|p2a: Zycardo\n|move|p2a: Zycardo|Thousand Arrows|p1a: Kyogre\n|-damage|p1a: Kyogre|0 fnt\n|faint|p1a: Kyogre\n|-weather|none\n|\n|win|Deletta\n|raw|terra990's rating: 1390 &rarr; <strong>1367<\/strong><br \/>(-23 for losing)\n|raw|Deletta's rating: 1329 &rarr; <strong>1352<\/strong><br \/>(+23 for winning)\n|c|\u2606terra990|gg\n|l|\u2606terra990\n","uploadtime":1700335660,"views":9,"p1id":"terra990","p2id":"deletta","formatid":"gen9nationaldexubers","rating":1352,"private":0,"password":""}