{"id":"gen9nationaldexubers-1997415611","p1":"Headhunter19711","p2":"Ash Ketchum344","format":"[Gen 9] National Dex Ubers","log":"|j|\u2606Headhunter19711\n|j|\u2606Ash Ketchum344\n|t:|1700801570\n|gametype|singles\n|player|p1|Headhunter19711|170|1120\n|player|p2|Ash Ketchum344|lucas-gen4pt|1138\n|teamsize|p1|6\n|teamsize|p2|6\n|gen|9\n|tier|[Gen 9] National Dex Ubers\n|rated|\n|rule|HP Percentage Mod: HP is shown in percentages\n|rule|Endless Battle Clause: Forcing endless battles is banned\n|rule|OHKO Clause: OHKO moves are banned\n|rule|Evasion Moves Clause: Evasion moves are banned\n|rule|Evasion Items Clause: Evasion items are banned\n|rule|Species Clause: Limit one of each Pok\u00e9mon\n|rule|Sleep Clause Mod: Limit one foe put to sleep\n|rule|Mega Rayquaza Clause: You cannot mega evolve Rayquaza\n|clearpoke\n|poke|p1|Tapu Koko|\n|poke|p1|Beedrill, F|\n|poke|p1|Kommo-o, M|\n|poke|p1|Charizard, F|\n|poke|p1|Torkoal, M|\n|poke|p1|Serperior, M|\n|poke|p2|Lucario, M|\n|poke|p2|Dragonite, F|\n|poke|p2|Dracovish|\n|poke|p2|Gengar, M|\n|poke|p2|Sirfetch\u2019d, M|\n|poke|p2|Raichu, F|\n|teampreview\n|inactive|Battle timer is ON: inactive players will automatically lose when time's up. (requested by Ash Ketchum344)\n|\n|t:|1700801582\n|start\n|switch|p1a: Torkoal|Torkoal, M|100\/100\n|switch|p2a: Raichu|Raichu, F|100\/100\n|-weather|SunnyDay|[from] ability: Drought|[of] p1a: Torkoal\n|turn|1\n|\n|t:|1700801591\n|move|p2a: Raichu|Fake Out|p1a: Torkoal\n|-damage|p1a: Torkoal|94\/100\n|cant|p1a: Torkoal|flinch\n|\n|-weather|SunnyDay|[upkeep]\n|upkeep\n|turn|2\n|\n|t:|1700801598\n|-zpower|p2a: Raichu\n|move|p2a: Raichu|Gigavolt Havoc|p1a: Torkoal|[zeffect]\n|-damage|p1a: Torkoal|50\/100\n|move|p1a: Torkoal|Fire Blast|p2a: Raichu\n|-damage|p2a: Raichu|28\/100\n|-status|p2a: Raichu|brn\n|\n|-weather|SunnyDay|[upkeep]\n|-damage|p2a: Raichu|22\/100 brn|[from] brn\n|upkeep\n|turn|3\n|\n|t:|1700801616\n|move|p2a: Raichu|Nuzzle|p1a: Torkoal\n|-damage|p1a: Torkoal|47\/100\n|-status|p1a: Torkoal|par\n|move|p1a: Torkoal|Eruption|p2a: Raichu\n|-damage|p2a: Raichu|0 fnt\n|faint|p2a: Raichu\n|\n|-weather|SunnyDay|[upkeep]\n|upkeep\n|\n|t:|1700801628\n|switch|p2a: Dragonite|Dragonite, F|100\/100\n|turn|4\n|\n|t:|1700801631\n|move|p2a: Dragonite|Dragon Dance|p2a: Dragonite\n|-boost|p2a: Dragonite|atk|1\n|-boost|p2a: Dragonite|spe|1\n|cant|p1a: Torkoal|par\n|\n|-weather|SunnyDay|[upkeep]\n|upkeep\n|turn|5\n|\n|t:|1700801640\n|switch|p1a: Serperior|Serperior, M|100\/100\n|move|p2a: Dragonite|Dragon Dance|p2a: Dragonite\n|-boost|p2a: Dragonite|atk|1\n|-boost|p2a: Dragonite|spe|1\n|\n|-weather|none\n|upkeep\n|turn|6\n|\n|t:|1700801647\n|move|p2a: Dragonite|Fire Punch|p1a: Serperior\n|-supereffective|p1a: Serperior\n|-damage|p1a: Serperior|0 fnt\n|faint|p1a: Serperior\n|\n|upkeep\n|inactive|Headhunter19711 has 120 seconds left.\n|\n|t:|1700801691\n|switch|p1a: Kommo-o|Kommo-o, M|100\/100\n|turn|7\n|\n|t:|1700801696\n|move|p2a: Dragonite|Dragon Rush|p1a: Kommo-o\n|-supereffective|p1a: Kommo-o\n|-damage|p1a: Kommo-o|0 fnt\n|faint|p1a: Kommo-o\n|\n|upkeep\n|\n|t:|1700801700\n|switch|p1a: Charizard|Charizard, F|100\/100\n|turn|8\n|\n|t:|1700801712\n|move|p2a: Dragonite|Extreme Speed|p1a: Charizard\n|-damage|p1a: Charizard|26\/100\n|move|p1a: Charizard|Swords Dance|p1a: Charizard\n|-boost|p1a: Charizard|atk|2\n|\n|upkeep\n|turn|9\n|\n|t:|1700801718\n|move|p1a: Charizard|Endure|p1a: Charizard\n|-singleturn|p1a: Charizard|move: Endure\n|move|p2a: Dragonite|Extreme Speed|p1a: Charizard\n|-activate|p1a: Charizard|move: Endure\n|-damage|p1a: Charizard|1\/100\n|-enditem|p1a: Charizard|Salac Berry|[eat]\n|-boost|p1a: Charizard|spe|1|[from] item: Salac Berry\n|\n|upkeep\n|turn|10\n|\n|t:|1700801738\n|move|p2a: Dragonite|Extreme Speed|p1a: Charizard\n|-damage|p1a: Charizard|0 fnt\n|faint|p1a: Charizard\n|\n|upkeep\n|inactive|Headhunter19711 has 120 seconds left.\n|\n|t:|1700801748\n|switch|p1a: Beedrill|Beedrill, F|100\/100\n|turn|11\n|\n|t:|1700801757\n|detailschange|p1a: Beedrill|Beedrill-Mega, F\n|-mega|p1a: Beedrill|Beedrill|Beedrillite\n|move|p2a: Dragonite|Fire Punch|p1a: Beedrill\n|-supereffective|p1a: Beedrill\n|-damage|p1a: Beedrill|0 fnt\n|faint|p1a: Beedrill\n|\n|upkeep\n|\n|t:|1700801764\n|switch|p1a: Torkoal|Torkoal, M|47\/100 par\n|-weather|SunnyDay|[from] ability: Drought|[of] p1a: Torkoal\n|turn|12\n|-message|Headhunter19711 forfeited.\n|\n|win|Ash Ketchum344\n|raw|Headhunter19711's rating: 1120 &rarr; <strong>1096<\/strong><br \/>(-24 for losing)\n|raw|Ash Ketchum344's rating: 1138 &rarr; <strong>1162<\/strong><br \/>(+24 for winning)\n|l|\u2606Headhunter19711\n","uploadtime":1700801777,"views":4,"p1id":"headhunter19711","p2id":"ashketchum344","formatid":"gen9nationaldexubers","rating":1096,"private":0,"password":""}