{"id":"gen9nationaldexubers-1992552647","p1":"GeorgiaEternatuss","p2":"akysai","format":"[Gen 9] National Dex Ubers","log":"|j|\u2606GeorgiaEternatuss\n|j|\u2606akysai\n|t:|1700204451\n|gametype|singles\n|player|p1|GeorgiaEternatuss|steven|1250\n|player|p2|akysai|ghetsis|1219\n|teamsize|p1|6\n|teamsize|p2|6\n|gen|9\n|tier|[Gen 9] National Dex Ubers\n|rated|\n|rule|HP Percentage Mod: HP is shown in percentages\n|rule|Endless Battle Clause: Forcing endless battles is banned\n|rule|OHKO Clause: OHKO moves are banned\n|rule|Evasion Moves Clause: Evasion moves are banned\n|rule|Evasion Items Clause: Evasion items are banned\n|rule|Species Clause: Limit one of each Pok\u00e9mon\n|rule|Sleep Clause Mod: Limit one foe put to sleep\n|rule|Mega Rayquaza Clause: You cannot mega evolve Rayquaza\n|clearpoke\n|poke|p1|Xerneas-*|\n|poke|p1|Zapdos|\n|poke|p1|Umbreon, M|\n|poke|p1|Marshadow|\n|poke|p1|Diancie|\n|poke|p1|Celesteela|\n|poke|p2|Houndstone, M|\n|poke|p2|Tyranitar, M|\n|poke|p2|Lopunny, M|\n|poke|p2|Marshadow|\n|poke|p2|Ninjask, F|\n|poke|p2|Murkrow, M|\n|teampreview\n|inactive|Battle timer is ON: inactive players will automatically lose when time's up. (requested by akysai)\n|\n|t:|1700204457\n|start\n|switch|p1a: Diancie|Diancie|100\/100\n|switch|p2a: Lopunny|Lopunny, M|100\/100\n|turn|1\n|\n|t:|1700204473\n|detailschange|p2a: Lopunny|Lopunny-Mega, M\n|-mega|p2a: Lopunny|Lopunny|Lopunnite\n|detailschange|p1a: Diancie|Diancie-Mega\n|-mega|p1a: Diancie|Diancie|Diancite\n|move|p2a: Lopunny|Fake Out|p1a: Diancie\n|-resisted|p1a: Diancie\n|-damage|p1a: Diancie|87\/100\n|cant|p1a: Diancie|flinch\n|\n|upkeep\n|turn|2\n|\n|t:|1700204483\n|switch|p1a: Zapdos|Zapdos|100\/100\n|move|p2a: Lopunny|High Jump Kick|p1a: Zapdos\n|-resisted|p1a: Zapdos\n|-damage|p1a: Zapdos|77\/100\n|-damage|p2a: Lopunny|84\/100|[from] item: Rocky Helmet|[of] p1a: Zapdos\n|\n|upkeep\n|turn|3\n|\n|t:|1700204496\n|move|p2a: Lopunny|Ice Punch|p1a: Zapdos\n|-supereffective|p1a: Zapdos\n|-damage|p1a: Zapdos|40\/100\n|-damage|p2a: Lopunny|67\/100|[from] item: Rocky Helmet|[of] p1a: Zapdos\n|-status|p2a: Lopunny|par|[from] ability: Static|[of] p1a: Zapdos\n|move|p1a: Zapdos|Volt Switch|p2a: Lopunny\n|-damage|p2a: Lopunny|30\/100 par\n|\n|t:|1700204507\n|switch|p1a: Diancie|Diancie-Mega|87\/100|[from] Volt Switch\n|\n|upkeep\n|turn|4\n|\n|t:|1700204514\n|move|p1a: Diancie|Diamond Storm|p2a: Lopunny\n|-resisted|p2a: Lopunny\n|-damage|p2a: Lopunny|0 fnt\n|-boost|p1a: Diancie|def|2\n|faint|p2a: Lopunny\n|\n|upkeep\n|\n|t:|1700204523\n|switch|p2a: Murkrow|Murkrow, M, shiny|100\/100\n|turn|5\n|\n|t:|1700204534\n|move|p2a: Murkrow|Haze|p2a: Murkrow\n|-clearallboost\n|move|p1a: Diancie|Diamond Storm|p2a: Murkrow\n|-supereffective|p2a: Murkrow\n|-damage|p2a: Murkrow|0 fnt\n|faint|p2a: Murkrow\n|\n|upkeep\n|\n|t:|1700204542\n|switch|p2a: Ninjask|Ninjask, F|100\/100\n|turn|6\n|\n|t:|1700204545\n|-zpower|p2a: Ninjask\n|move|p2a: Ninjask|Tectonic Rage|p1a: Diancie|[zeffect]\n|-supereffective|p1a: Diancie\n|-damage|p1a: Diancie|0 fnt\n|faint|p1a: Diancie\n|\n|-ability|p2a: Ninjask|Speed Boost|boost\n|-boost|p2a: Ninjask|spe|1\n|upkeep\n|\n|t:|1700204556\n|switch|p1a: Zapdos|Zapdos|40\/100\n|turn|7\n|\n|t:|1700204566\n|move|p2a: Ninjask|Leech Life|p1a: Zapdos\n|-resisted|p1a: Zapdos\n|-damage|p1a: Zapdos|28\/100\n|-damage|p2a: Ninjask|84\/100|[from] item: Rocky Helmet|[of] p1a: Zapdos\n|move|p1a: Zapdos|Roost|p1a: Zapdos\n|-heal|p1a: Zapdos|78\/100\n|-singleturn|p1a: Zapdos|move: Roost\n|\n|-ability|p2a: Ninjask|Speed Boost|boost\n|-boost|p2a: Ninjask|spe|1\n|upkeep\n|turn|8\n|\n|t:|1700204577\n|move|p2a: Ninjask|Swords Dance|p2a: Ninjask\n|-boost|p2a: Ninjask|atk|2\n|move|p1a: Zapdos|Volt Switch|p2a: Ninjask\n|-supereffective|p2a: Ninjask\n|-damage|p2a: Ninjask|0 fnt\n|faint|p2a: Ninjask\n|inactive|GeorgiaEternatuss has 120 seconds left.\n|\n|t:|1700204615\n|switch|p1a: Celesteela|Celesteela|100\/100|[from] Volt Switch\n|\n|upkeep\n|\n|t:|1700204622\n|switch|p2a: Marshadow|Marshadow|100\/100\n|turn|9\n|inactive|GeorgiaEternatuss has 120 seconds left.\n|\n|t:|1700204644\n|move|p2a: Marshadow|Bulk Up|p2a: Marshadow\n|-boost|p2a: Marshadow|atk|1\n|-boost|p2a: Marshadow|def|1\n|move|p1a: Celesteela|Air Slash|p2a: Marshadow\n|-supereffective|p2a: Marshadow\n|-damage|p2a: Marshadow|21\/100\n|\n|upkeep\n|turn|10\n|\n|t:|1700204656\n|move|p2a: Marshadow|Spectral Thief|p1a: Celesteela\n|-damage|p1a: Celesteela|36\/100\n|move|p1a: Celesteela|Air Slash|p2a: Marshadow\n|-supereffective|p2a: Marshadow\n|-damage|p2a: Marshadow|0 fnt\n|faint|p2a: Marshadow\n|-ability|p1a: Celesteela|Beast Boost|boost\n|-boost|p1a: Celesteela|spa|1\n|\n|-heal|p1a: Celesteela|42\/100|[from] item: Leftovers\n|upkeep\n|\n|t:|1700204662\n|switch|p2a: Tyranitar|Tyranitar, M|100\/100\n|-weather|Sandstorm|[from] ability: Sand Stream|[of] p2a: Tyranitar\n|turn|11\n|\n|t:|1700204689\n|switch|p1a: Zapdos|Zapdos|78\/100\n|move|p2a: Tyranitar|Ice Punch|p1a: Zapdos\n|-supereffective|p1a: Zapdos\n|-damage|p1a: Zapdos|36\/100\n|-damage|p2a: Tyranitar|84\/100|[from] item: Rocky Helmet|[of] p1a: Zapdos\n|-status|p2a: Tyranitar|par|[from] ability: Static|[of] p1a: Zapdos\n|\n|-weather|Sandstorm|[upkeep]\n|-damage|p1a: Zapdos|30\/100|[from] Sandstorm\n|upkeep\n|turn|12\n|inactive|akysai has 120 seconds left.\n|inactive|akysai has 90 seconds left.\n|\n|t:|1700204766\n|move|p1a: Zapdos|Roost|p1a: Zapdos\n|-heal|p1a: Zapdos|80\/100\n|-singleturn|p1a: Zapdos|move: Roost\n|cant|p2a: Tyranitar|par\n|\n|-weather|Sandstorm|[upkeep]\n|-damage|p1a: Zapdos|73\/100|[from] Sandstorm\n|upkeep\n|turn|13\n|\n|t:|1700204781\n|move|p1a: Zapdos|Volt Switch|p2a: Tyranitar\n|-damage|p2a: Tyranitar|69\/100 par\n|\n|t:|1700204789\n|switch|p1a: Celesteela|Celesteela|42\/100|[from] Volt Switch\n|move|p2a: Tyranitar|Stone Edge|p1a: Celesteela\n|-crit|p1a: Celesteela\n|-damage|p1a: Celesteela|0 fnt\n|faint|p1a: Celesteela\n|\n|-weather|Sandstorm|[upkeep]\n|upkeep\n|inactive|GeorgiaEternatuss has 90 seconds left.\n|\n|t:|1700204811\n|switch|p1a: Umbreon|Umbreon, M|100\/100\n|turn|14\n|inactive|akysai has 90 seconds left.\n|inactive|akysai has 60 seconds left.\n|\n|t:|1700204859\n|move|p1a: Umbreon|Wish|p1a: Umbreon\n|move|p2a: Tyranitar|Brick Break|p1a: Umbreon\n|-supereffective|p1a: Umbreon\n|-damage|p1a: Umbreon|60\/100\n|\n|-weather|Sandstorm|[upkeep]\n|-damage|p1a: Umbreon|54\/100|[from] Sandstorm\n|-heal|p1a: Umbreon|60\/100|[from] item: Leftovers\n|upkeep\n|turn|15\n|inactive|GeorgiaEternatuss has 90 seconds left.\n|\n|t:|1700204870\n|switch|p1a: Zapdos|Zapdos|73\/100\n|cant|p2a: Tyranitar|par\n|\n|-weather|Sandstorm|[upkeep]\n|-damage|p1a: Zapdos|67\/100|[from] Sandstorm\n|-heal|p1a: Zapdos|100\/100|[from] move: Wish|[wisher] Umbreon\n|upkeep\n|turn|16\n|inactive|GeorgiaEternatuss has 90 seconds left.\n|\n|t:|1700204880\n|cant|p2a: Tyranitar|par\n|move|p1a: Zapdos|Whirlwind|p2a: Tyranitar\n|drag|p2a: Houndstone|Houndstone, M|100\/100\n|\n|-weather|Sandstorm|[upkeep]\n|-damage|p1a: Zapdos|94\/100|[from] Sandstorm\n|upkeep\n|turn|17\n|\n|t:|1700204895\n|switch|p2a: Tyranitar|Tyranitar, M|69\/100 par\n|move|p1a: Zapdos|Volt Switch|p2a: Tyranitar\n|-damage|p2a: Tyranitar|55\/100 par\n|inactive|GeorgiaEternatuss has 90 seconds left.\n|\n|t:|1700204915\n|switch|p1a: Marshadow|Marshadow|100\/100|[from] Volt Switch\n|\n|-weather|Sandstorm|[upkeep]\n|-damage|p1a: Marshadow|94\/100|[from] Sandstorm\n|upkeep\n|turn|18\n|\n|t:|1700204923\n|move|p1a: Marshadow|Drain Punch|p2a: Tyranitar\n|-supereffective|p2a: Tyranitar\n|-damage|p2a: Tyranitar|0 fnt\n|-heal|p1a: Marshadow|100\/100|[from] drain|[of] p2a: Tyranitar\n|faint|p2a: Tyranitar\n|\n|-weather|none\n|upkeep\n|\n|t:|1700204925\n|switch|p2a: Houndstone|Houndstone, M|100\/100\n|turn|19\n|\n|t:|1700204934\n|move|p2a: Houndstone|Last Respects|p1a: Marshadow\n|-supereffective|p1a: Marshadow\n|-enditem|p1a: Marshadow|Focus Sash\n|-damage|p1a: Marshadow|1\/100\n|move|p1a: Marshadow|Spectral Thief|p2a: Houndstone\n|-supereffective|p2a: Houndstone\n|-damage|p2a: Houndstone|0 fnt\n|faint|p2a: Houndstone\n|\n|win|GeorgiaEternatuss\n|raw|GeorgiaEternatuss's rating: 1250 &rarr; <strong>1273<\/strong><br \/>(+23 for winning)\n|raw|akysai's rating: 1219 &rarr; <strong>1196<\/strong><br \/>(-23 for losing)\n|l|\u2606akysai\n","uploadtime":1700204952,"views":9,"p1id":"georgiaeternatuss","p2id":"akysai","formatid":"gen9nationaldexubers","rating":1196,"private":0,"password":""}