{"id":"gen9nationaldexubers-1994345965","p1":"tusmuelas","p2":"sppregaladog01","format":"[Gen 9] National Dex Ubers","log":"|j|\u2606tusmuelas\n|j|\u203dsppregaladog01\n|t:|1700433502\n|gametype|singles\n|player|p1|tusmuelas|misty|\n|player|p2|sppregaladog01|lucas-gen4pt|\n|teamsize|p1|6\n|teamsize|p2|6\n|gen|9\n|tier|[Gen 9] National Dex Ubers\n|rule|HP Percentage Mod: HP is shown in percentages\n|rule|Endless Battle Clause: Forcing endless battles is banned\n|rule|OHKO Clause: OHKO moves are banned\n|rule|Evasion Moves Clause: Evasion moves are banned\n|rule|Evasion Items Clause: Evasion items are banned\n|rule|Species Clause: Limit one of each Pok\u00e9mon\n|rule|Sleep Clause Mod: Limit one foe put to sleep\n|rule|Mega Rayquaza Clause: You cannot mega evolve Rayquaza\n|clearpoke\n|poke|p1|Zapdos-Galar|\n|poke|p1|Porygon2|\n|poke|p1|Slowbro-Galar, M|\n|poke|p1|Duraludon, F|\n|poke|p1|Miltank, F|\n|poke|p1|Celebi|\n|poke|p2|Sirfetch\u2019d, M|\n|poke|p2|Dragapult, F|\n|poke|p2|Steelix, M|\n|poke|p2|Ariados, M|\n|poke|p2|Morgrem, M|\n|poke|p2|Inteleon, M|\n|teampreview\n|j| santysas\n|c| santysas|Morgrem y ariados\n|c| santysas|Se vienen cositas\n|c| santysas|Aunque Kaki tiene a Celebi asi que mi bias est\u00e1 con \u00e9l para que gane\n|c| santysas|Celebimicasita\n|c|\u2606tusmuelas|puto celebii\n|c|\u2606tusmuelas|papel lamentable en lo que llevamos de torneo\n|j| Juanjomaster\n|c| santysas|Tienes que agarrarle la mano y darle cari\u00f1o\n|c| santysas|Ser\u00e1 como el pato yo tengo fe\n|c| santysas|Renegabas y al final super clave en tus match\n|c| santysas|Bueno ya estamos todos los importantes empiecen\n|\n|t:|1700433727\n|start\n|switch|p1a: El retorno del rey|Zapdos-Galar|100\/100\n|switch|p2a: Morgrem|Morgrem, M|100\/100\n|turn|1\n|j| zereffu\n|\n|t:|1700433746\n|move|p2a: Morgrem|Thunder Wave|p1a: El retorno del rey\n|-status|p1a: El retorno del rey|par\n|move|p1a: El retorno del rey|U-turn|p2a: Morgrem\n|-damage|p2a: Morgrem|75\/100\n|l| zereffu\n|\n|t:|1700433778\n|switch|p1a: Ahora con pistola|Slowbro-Galar, M|100\/100|[from] U-turn\n|\n|upkeep\n|turn|2\n|\n|t:|1700433788\n|move|p2a: Morgrem|Parting Shot|p1a: Ahora con pistola\n|-unboost|p1a: Ahora con pistola|atk|1\n|-unboost|p1a: Ahora con pistola|spa|1\n|\n|t:|1700433791\n|switch|p2a: Ariados|Ariados, M|100\/100|[from] Parting Shot\n|move|p1a: Ahora con pistola|Calm Mind|p1a: Ahora con pistola\n|-boost|p1a: Ahora con pistola|spa|1\n|-boost|p1a: Ahora con pistola|spd|1\n|\n|upkeep\n|turn|3\n|\n|t:|1700433812\n|move|p2a: Ariados|Sticky Web|p1a: Ahora con pistola\n|-sidestart|p1: tusmuelas|move: Sticky Web\n|move|p1a: Ahora con pistola|Flamethrower|p2a: Ariados\n|-supereffective|p2a: Ariados\n|-damage|p2a: Ariados|26\/100\n|\n|upkeep\n|turn|4\n|\n|t:|1700433819\n|move|p2a: Ariados|Knock Off|p1a: Ahora con pistola\n|-supereffective|p1a: Ahora con pistola\n|-damage|p1a: Ahora con pistola|61\/100\n|-enditem|p1a: Ahora con pistola|Leftovers|[from] move: Knock Off|[of] p2a: Ariados\n|move|p1a: Ahora con pistola|Psyshock|p2a: Ariados\n|-supereffective|p2a: Ariados\n|-enditem|p2a: Ariados|Payapa Berry|[eat]\n|-enditem|p2a: Ariados|Payapa Berry|[weaken]\n|-damage|p2a: Ariados|0 fnt\n|faint|p2a: Ariados\n|\n|upkeep\n|j| Ric94\n|\n|t:|1700433833\n|switch|p2a: Steelix|Steelix, M|100\/100\n|turn|5\n|c| santysas|Baya Payapa buena, te asegurabas sobrevivir un golpe\n|j| LeKatuh\n|c| LeKatuh|VAMO\n|\n|t:|1700433897\n|switch|p1a: Windows 10|Porygon2|100\/100\n|-activate|p1a: Windows 10|move: Sticky Web\n|-unboost|p1a: Windows 10|spe|1\n|-ability|p1a: Windows 10|Download|boost\n|-boost|p1a: Windows 10|spa|1\n|detailschange|p2a: Steelix|Steelix-Mega, M\n|-mega|p2a: Steelix|Steelix|Steelixite\n|move|p2a: Steelix|Earthquake|p1a: Windows 10\n|-damage|p1a: Windows 10|46\/100\n|\n|upkeep\n|turn|6\n|\n|t:|1700433912\n|move|p1a: Windows 10|Ice Beam|p2a: Steelix\n|-damage|p2a: Steelix|54\/100\n|move|p2a: Steelix|Heavy Slam|p1a: Windows 10\n|-damage|p1a: Windows 10|0 fnt\n|faint|p1a: Windows 10\n|\n|upkeep\n|c| santysas|Dios mio que fuerte pega Steelix\n|c|\u2606tusmuelas|no tengo na contra esee\n|\n|t:|1700433959\n|switch|p1a: El retorno del rey|Zapdos-Galar|100\/100 par\n|turn|7\n|c| Ric94|Celebi\n|\n|t:|1700433968\n|switch|p2a: Dragapult|Dragapult, F|100\/100\n|move|p1a: El retorno del rey|Thunderous Kick|p2a: Dragapult\n|-immune|p2a: Dragapult\n|\n|upkeep\n|turn|8\n|\n|t:|1700433981\n|move|p2a: Dragapult|Substitute|p2a: Dragapult\n|-start|p2a: Dragapult|Substitute\n|-damage|p2a: Dragapult|76\/100\n|move|p1a: El retorno del rey|Knock Off|p2a: Dragapult\n|-supereffective|p2a: Dragapult\n|-end|p2a: Dragapult|Substitute\n|\n|-heal|p2a: Dragapult|82\/100|[from] item: Leftovers\n|upkeep\n|turn|9\n|\n|t:|1700433997\n|move|p2a: Dragapult|Dragon Pulse|p1a: El retorno del rey\n|-damage|p1a: El retorno del rey|69\/100 par\n|move|p1a: El retorno del rey|Knock Off|p2a: Dragapult\n|-supereffective|p2a: Dragapult\n|-damage|p2a: Dragapult|0 fnt\n|-enditem|p2a: Dragapult|Leftovers|[from] move: Knock Off|[of] p1a: El retorno del rey\n|faint|p2a: Dragapult\n|\n|upkeep\n|c| santysas|Dragapult con restos wtf\n|\n|t:|1700434006\n|switch|p2a: Sirfetch\u2019d|Sirfetch\u2019d, M|100\/100\n|turn|10\n|c| Juanjomaster|Dragapult pecho frio\n|c|\u2606tusmuelas|lol\n|c| santysas|Wtf\n|c|\u2606tusmuelas|el uber el peor\n|\n|t:|1700434016\n|move|p2a: Sirfetch\u2019d|Brave Bird|p1a: El retorno del rey\n|-supereffective|p1a: El retorno del rey\n|-damage|p1a: El retorno del rey|0 fnt\n|faint|p1a: El retorno del rey\n|-damage|p2a: Sirfetch\u2019d|73\/100|[from] Recoil\n|\n|upkeep\n|c| santysas|No entiendo los sets de Dragapult djsvskssv\n|\n|t:|1700434030\n|switch|p1a: Ahora con pistola|Slowbro-Galar, M|95\/100\n|-activate|p1a: Ahora con pistola|move: Sticky Web\n|-unboost|p1a: Ahora con pistola|spe|1\n|turn|11\n|\n|t:|1700434053\n|switch|p2a: Morgrem|Morgrem, M|75\/100\n|move|p1a: Ahora con pistola|Flamethrower|p2a: Morgrem\n|-damage|p2a: Morgrem|29\/100\n|\n|upkeep\n|turn|12\n|\n|t:|1700434069\n|move|p2a: Morgrem|Parting Shot|p1a: Ahora con pistola\n|-unboost|p1a: Ahora con pistola|atk|1\n|-unboost|p1a: Ahora con pistola|spa|1\n|c|\u2606tusmuelas|q pesao el gnomo mierder\n|\n|t:|1700434089\n|switch|p2a: Inteleon|Inteleon, M|100\/100|[from] Parting Shot\n|move|p1a: Ahora con pistola|Flamethrower|p2a: Inteleon\n|-resisted|p2a: Inteleon\n|-damage|p2a: Inteleon|85\/100\n|\n|upkeep\n|turn|13\n|l| LeKatuh\n|\n|t:|1700434099\n|move|p2a: Inteleon|Focus Energy|p2a: Inteleon\n|-start|p2a: Inteleon|move: Focus Energy\n|move|p1a: Ahora con pistola|Calm Mind|p1a: Ahora con pistola\n|-boost|p1a: Ahora con pistola|spa|1\n|-boost|p1a: Ahora con pistola|spd|1\n|\n|upkeep\n|turn|14\n|j| Lucaslakd\n|l| Ric94\n|\n|t:|1700434113\n|move|p2a: Inteleon|Dark Pulse|p1a: Ahora con pistola\n|-supereffective|p1a: Ahora con pistola\n|-damage|p1a: Ahora con pistola|46\/100\n|move|p1a: Ahora con pistola|Sludge Bomb|p2a: Inteleon\n|-damage|p2a: Inteleon|17\/100\n|-status|p2a: Inteleon|psn\n|\n|-damage|p2a: Inteleon|5\/100 psn|[from] psn\n|upkeep\n|turn|15\n|\n|t:|1700434137\n|switch|p1a: Whitney|Miltank, F|100\/100\n|-activate|p1a: Whitney|move: Sticky Web\n|-unboost|p1a: Whitney|spe|1\n|move|p2a: Inteleon|Snipe Shot|p1a: Whitney\n|-crit|p1a: Whitney\n|-damage|p1a: Whitney|0 fnt\n|faint|p1a: Whitney\n|\n|-damage|p2a: Inteleon|0 fnt|[from] psn\n|faint|p2a: Inteleon\n|upkeep\n|c|\u2606tusmuelas|lol\n|\n|t:|1700434155\n|switch|p2a: Morgrem|Morgrem, M|29\/100\n|switch|p1a: Haz algo ha vuelto|Duraludon, F|100\/100\n|-activate|p1a: Haz algo ha vuelto|move: Sticky Web\n|-unboost|p1a: Haz algo ha vuelto|spe|1\n|turn|16\n|c| santysas|F Miltank\n|\n|t:|1700434173\n|move|p2a: Morgrem|Parting Shot|p1a: Haz algo ha vuelto\n|-unboost|p1a: Haz algo ha vuelto|atk|1\n|-unboost|p1a: Haz algo ha vuelto|spa|1\n|j| Ric94\n|\n|t:|1700434177\n|switch|p2a: Sirfetch\u2019d|Sirfetch\u2019d, M|73\/100|[from] Parting Shot\n|move|p1a: Haz algo ha vuelto|Reflect|p1a: Haz algo ha vuelto\n|-sidestart|p1: tusmuelas|Reflect\n|\n|upkeep\n|turn|17\n|\n|t:|1700434185\n|-terastallize|p2a: Sirfetch\u2019d|Fighting\n|move|p2a: Sirfetch\u2019d|Close Combat|p1a: Haz algo ha vuelto\n|-supereffective|p1a: Haz algo ha vuelto\n|-damage|p1a: Haz algo ha vuelto|0 fnt\n|-unboost|p2a: Sirfetch\u2019d|def|1\n|-unboost|p2a: Sirfetch\u2019d|spd|1\n|faint|p1a: Haz algo ha vuelto\n|\n|upkeep\n|c| Juanjomaster|uh, pantallas\n|c| Juanjomaster|F\n|j| LeKatuh\n|\n|t:|1700434199\n|switch|p1a: Ahora con pistola|Slowbro-Galar, M|79\/100\n|-activate|p1a: Ahora con pistola|move: Sticky Web\n|-unboost|p1a: Ahora con pistola|spe|1\n|turn|18\n|c| santysas|No sirvieron de mucho\n|c| santysas|No tenia Tera tmb el Duraludon?\n|c|\u2606tusmuelas|se me olvido x completo\n|\n|t:|1700434227\n|move|p2a: Sirfetch\u2019d|Knock Off|p1a: Ahora con pistola\n|-supereffective|p1a: Ahora con pistola\n|-damage|p1a: Ahora con pistola|54\/100\n|move|p1a: Ahora con pistola|Calm Mind|p1a: Ahora con pistola\n|-boost|p1a: Ahora con pistola|spa|1\n|-boost|p1a: Ahora con pistola|spd|1\n|\n|upkeep\n|turn|19\n|c| santysas|F\n|c|\u2606tusmuelas|con el tera winneaba si\n|c|\u2606tusmuelas|F\n|\n|t:|1700434238\n|move|p2a: Sirfetch\u2019d|Knock Off|p1a: Ahora con pistola\n|-supereffective|p1a: Ahora con pistola\n|-crit|p1a: Ahora con pistola\n|-damage|p1a: Ahora con pistola|0 fnt\n|faint|p1a: Ahora con pistola\n|\n|upkeep\n|c| Ric94|Pega\n|c| Ric94|Pegaaaaa\n|c|\u2606tusmuelas|VENGA YA\n|c|\u2606tusmuelas|sin critico taba muerto ya ese\n|\n|t:|1700434248\n|switch|p1a: Ceboll\u00edn|Celebi|100\/100\n|-activate|p1a: Ceboll\u00edn|move: Sticky Web\n|-unboost|p1a: Ceboll\u00edn|spe|1\n|turn|20\n|l| LeKatuh\n|c| Ric94|Si pegaba, ganabas\n|c| santysas|El sirfetchd puede que tenga el item propio\n|c| Ric94|Ten\u00eda baja la defensa\n|c| santysas|Que le aumenta los criticos\n|c|\u2606tusmuelas|si ric\n|c|\u2606tusmuelas|addsgsdg\n|c| Ric94|Ganaba solo el slow\n|c|\u2606tusmuelas|me cost\u00f3 la pelea\n|\n|t:|1700434286\n|switch|p2a: Morgrem|Morgrem, M|29\/100\n|move|p1a: Ceboll\u00edn|Psycho Cut|p2a: Morgrem\n|-immune|p2a: Morgrem\n|\n|upkeep\n|turn|21\n|j| SilverKeith\n|\n|t:|1700434295\n|move|p2a: Morgrem|Parting Shot|p1a: Ceboll\u00edn\n|-unboost|p1a: Ceboll\u00edn|atk|1\n|-unboost|p1a: Ceboll\u00edn|spa|1\n|c| Ric94|Chale cita\n|c|\u2606tusmuelas|o el tera de duraludon\n|c|\u2606tusmuelas|ya nada\n|\n|t:|1700434316\n|switch|p2a: Sirfetch\u2019d|Sirfetch\u2019d, M, tera:Fighting|73\/100|[from] Parting Shot\n|move|p1a: Ceboll\u00edn|Leaf Blade|p2a: Sirfetch\u2019d\n|-crit|p2a: Sirfetch\u2019d\n|-damage|p2a: Sirfetch\u2019d|0 fnt\n|faint|p2a: Sirfetch\u2019d\n|\n|upkeep\n|c|\u2606tusmuelas|pa tu casa\n|\n|t:|1700434325\n|switch|p2a: Morgrem|Morgrem, M|29\/100\n|turn|22\n|c| Ric94|Ojo\n|\n|t:|1700434330\n|-zpower|p2a: Morgrem\n|move|p2a: Morgrem|Z-Parting Shot|p1a: Ceboll\u00edn|[anim]Parting Shot\n|-activate|p2a: Morgrem|healreplacement\n|-unboost|p1a: Ceboll\u00edn|atk|1\n|-unboost|p1a: Ceboll\u00edn|spa|1\n|c| santysas|Kill para celebi lesgooo\n|\n|t:|1700434336\n|switch|p2a: Steelix|Steelix-Mega, M|54\/100|[from] Parting Shot\n|-heal|p2a: Steelix|100\/100|[from] move: Parting Shot|[zeffect]\n|move|p1a: Ceboll\u00edn|Leaf Blade|p2a: Steelix\n|-crit|p2a: Steelix\n|-damage|p2a: Steelix|73\/100\n|\n|upkeep\n|turn|23\n|\n|t:|1700434346\n|move|p1a: Ceboll\u00edn|Leaf Blade|p2a: Steelix\n|-damage|p2a: Steelix|64\/100\n|move|p2a: Steelix|Heavy Slam|p1a: Ceboll\u00edn\n|-damage|p1a: Ceboll\u00edn|65\/100\n|\n|-sideend|p1: tusmuelas|Reflect\n|upkeep\n|turn|24\n|\n|t:|1700434353\n|move|p1a: Ceboll\u00edn|Leaf Blade|p2a: Steelix\n|-damage|p2a: Steelix|54\/100\n|move|p2a: Steelix|Heavy Slam|p1a: Ceboll\u00edn\n|-damage|p1a: Ceboll\u00edn|3\/100\n|\n|upkeep\n|turn|25\n|\n|t:|1700434358\n|move|p1a: Ceboll\u00edn|Leaf Blade|p2a: Steelix\n|-crit|p2a: Steelix\n|-damage|p2a: Steelix|26\/100\n|move|p2a: Steelix|Heavy Slam|p1a: Ceboll\u00edn\n|-damage|p1a: Ceboll\u00edn|0 fnt\n|faint|p1a: Ceboll\u00edn\n|\n|win|sppregaladog01\n|c| santysas|Ggs\n|c| Ric94|Gg\n|c|\u2606tusmuelas|gg\n|c| santysas|Como Grae no posteo en el tema no cuenta\n|c| Juanjomaster|gg\n|c|\u2606tusmuelas|lastima q soy idiota y ni recuerdo los teras xD\n|c|\u2606tusmuelas|esa es santy\n","uploadtime":1700434381,"views":10,"p1id":"tusmuelas","p2id":"sppregaladog01","formatid":"gen9nationaldexubers","rating":0,"private":0,"password":""}