{"id":"gen9nationaldexubers-1989119318","p1":"bot1 randomteam","p2":"Lucas929392","format":"[Gen 9] National Dex Ubers","log":"|j|\u2606bot1 randomteam\n|j|\u2606Lucas929392\n|t:|1699814304\n|gametype|singles\n|player|p1|bot1 randomteam|lucas|1050\n|player|p2|Lucas929392|lucas|1130\n|teamsize|p1|6\n|teamsize|p2|6\n|gen|9\n|tier|[Gen 9] National Dex Ubers\n|rated|\n|rule|HP Percentage Mod: HP is shown in percentages\n|rule|Endless Battle Clause: Forcing endless battles is banned\n|rule|OHKO Clause: OHKO moves are banned\n|rule|Evasion Moves Clause: Evasion moves are banned\n|rule|Evasion Items Clause: Evasion items are banned\n|rule|Species Clause: Limit one of each Pok\u00e9mon\n|rule|Sleep Clause Mod: Limit one foe put to sleep\n|rule|Mega Rayquaza Clause: You cannot mega evolve Rayquaza\n|clearpoke\n|poke|p1|Leavanny, F|\n|poke|p1|Taillow, L1, M|\n|poke|p1|Roserade, F|\n|poke|p1|Breloom, M|\n|poke|p1|Absol, M|\n|poke|p1|Kangaskhan, F|\n|poke|p2|Lucario, F|\n|poke|p2|Jirachi|\n|poke|p2|Raichu-Alola, M|\n|poke|p2|Cloyster, M|\n|poke|p2|Linoone, M|\n|poke|p2|Dragonite, F|\n|teampreview\n|\n|t:|1699814320\n|start\n|switch|p1a: Leavanny|Leavanny, F, shiny|100\/100\n|switch|p2a: Lucario|Lucario, F, shiny|100\/100\n|turn|1\n|\n|t:|1699814327\n|detailschange|p2a: Lucario|Lucario-Mega, F, shiny\n|-mega|p2a: Lucario|Lucario|Lucarionite\n|move|p2a: Lucario|Swords Dance|p2a: Lucario\n|-boost|p2a: Lucario|atk|2\n|move|p1a: Leavanny|Sticky Web|p2a: Lucario\n|-sidestart|p2: Lucas929392|move: Sticky Web\n|\n|upkeep\n|turn|2\n|\n|t:|1699814335\n|move|p2a: Lucario|Swords Dance|p2a: Lucario\n|-boost|p2a: Lucario|atk|2\n|move|p1a: Leavanny|Leaf Blade|p2a: Lucario\n|-resisted|p2a: Lucario\n|-damage|p2a: Lucario|76\/100\n|\n|upkeep\n|turn|3\n|\n|t:|1699814346\n|move|p2a: Lucario|Swords Dance|p2a: Lucario\n|-boost|p2a: Lucario|atk|2\n|move|p1a: Leavanny|Leaf Blade|p2a: Lucario\n|-resisted|p2a: Lucario\n|-damage|p2a: Lucario|50\/100\n|\n|upkeep\n|turn|4\n|\n|t:|1699814358\n|move|p2a: Lucario|Close Combat|p1a: Leavanny\n|-resisted|p1a: Leavanny\n|-enditem|p1a: Leavanny|Focus Sash\n|-damage|p1a: Leavanny|1\/100\n|-unboost|p2a: Lucario|def|1\n|-unboost|p2a: Lucario|spd|1\n|move|p1a: Leavanny|Leaf Blade|p2a: Lucario\n|-resisted|p2a: Lucario\n|-damage|p2a: Lucario|12\/100\n|\n|upkeep\n|turn|5\n|\n|t:|1699814371\n|move|p2a: Lucario|Extreme Speed|p1a: Leavanny\n|-damage|p1a: Leavanny|0 fnt\n|faint|p1a: Leavanny\n|\n|upkeep\n|\n|t:|1699814372\n|switch|p1a: Breloom|Breloom, M, shiny|100\/100\n|turn|6\n|\n|t:|1699814382\n|move|p1a: Breloom|Mach Punch|p2a: Lucario\n|-supereffective|p2a: Lucario\n|-damage|p2a: Lucario|0 fnt\n|faint|p2a: Lucario\n|\n|upkeep\n|\n|t:|1699814399\n|switch|p2a: Linoone|Linoone, M, shiny|100\/100\n|-activate|p2a: Linoone|move: Sticky Web\n|-unboost|p2a: Linoone|spe|1\n|turn|7\n|\n|t:|1699814413\n|move|p1a: Breloom|Spore|p2a: Linoone\n|-status|p2a: Linoone|slp|[from] move: Spore\n|cant|p2a: Linoone|slp\n|\n|upkeep\n|turn|8\n|\n|t:|1699814419\n|move|p1a: Breloom|Mach Punch|p2a: Linoone\n|-supereffective|p2a: Linoone\n|-damage|p2a: Linoone|0 fnt\n|faint|p2a: Linoone\n|\n|upkeep\n|\n|t:|1699814434\n|switch|p2a: Jirachi|Jirachi|100\/100\n|-activate|p2a: Jirachi|move: Sticky Web\n|-unboost|p2a: Jirachi|spe|1\n|turn|9\n|\n|t:|1699814442\n|switch|p1a: Absol|Absol, M|100\/100\n|-ability|p1a: Absol|Pressure\n|move|p2a: Jirachi|Heart Stamp|p1a: Absol\n|-immune|p1a: Absol\n|\n|upkeep\n|turn|10\n|\n|t:|1699814455\n|detailschange|p1a: Absol|Absol-Mega, M\n|-mega|p1a: Absol|Absol|Absolite\n|move|p1a: Absol|Knock Off|p2a: Jirachi\n|-supereffective|p2a: Jirachi\n|-damage|p2a: Jirachi|0 fnt\n|-enditem|p2a: Jirachi|Leftovers|[from] move: Knock Off|[of] p1a: Absol\n|faint|p2a: Jirachi\n|\n|upkeep\n|\n|t:|1699814464\n|switch|p2a: Raichu|Raichu-Alola, M, shiny|100\/100\n|-activate|p2a: Raichu|move: Sticky Web\n|-unboost|p2a: Raichu|spe|1\n|turn|11\n|\n|t:|1699814473\n|move|p1a: Absol|Knock Off|p2a: Raichu\n|-supereffective|p2a: Raichu\n|-damage|p2a: Raichu|0 fnt\n|-enditem|p2a: Raichu|Leftovers|[from] move: Knock Off|[of] p1a: Absol\n|faint|p2a: Raichu\n|\n|upkeep\n|\n|t:|1699814480\n|switch|p2a: Dragonite|Dragonite, F, shiny|100\/100\n|turn|12\n|\n|t:|1699814514\n|move|p1a: Absol|Play Rough|p2a: Dragonite\n|-supereffective|p2a: Dragonite\n|-damage|p2a: Dragonite|65\/100\n|-enditem|p2a: Dragonite|Weakness Policy\n|-boost|p2a: Dragonite|atk|2|[from] item: Weakness Policy\n|-boost|p2a: Dragonite|spa|2|[from] item: Weakness Policy\n|move|p2a: Dragonite|Outrage|p1a: Absol\n|-damage|p1a: Absol|0 fnt\n|faint|p1a: Absol\n|\n|upkeep\n|\n|t:|1699814526\n|switch|p1a: Taillow|Taillow, L1, M, shiny|100\/100\n|turn|13\n|\n|t:|1699814534\n|move|p2a: Dragonite|Outrage|p1a: Taillow|[from]lockedmove\n|-enditem|p1a: Taillow|Focus Sash\n|-damage|p1a: Taillow|9\/100\n|move|p1a: Taillow|Endeavor|p2a: Dragonite\n|-damage|p2a: Dragonite|1\/100\n|\n|upkeep\n|turn|14\n|\n|t:|1699814544\n|move|p1a: Taillow|Quick Attack|p2a: Dragonite\n|-damage|p2a: Dragonite|0 fnt\n|faint|p2a: Dragonite\n|\n|upkeep\n|\n|t:|1699814550\n|switch|p2a: Cloyster|Cloyster, M, shiny|100\/100\n|-activate|p2a: Cloyster|move: Sticky Web\n|-unboost|p2a: Cloyster|spe|1\n|turn|15\n|\n|t:|1699814556\n|move|p2a: Cloyster|Shell Smash|p2a: Cloyster\n|-unboost|p2a: Cloyster|def|1\n|-unboost|p2a: Cloyster|spd|1\n|-boost|p2a: Cloyster|atk|2\n|-boost|p2a: Cloyster|spa|2\n|-boost|p2a: Cloyster|spe|2\n|move|p1a: Taillow|Endeavor|p2a: Cloyster\n|-damage|p2a: Cloyster|1\/100\n|\n|-heal|p2a: Cloyster|7\/100|[from] item: Leftovers\n|upkeep\n|turn|16\n|-message|Lucas929392 forfeited.\n|\n|win|bot1 randomteam\n|raw|bot1 randomteam's rating: 1050 &rarr; <strong>1090<\/strong><br \/>(+40 for winning)\n|raw|Lucas929392's rating: 1130 &rarr; <strong>1099<\/strong><br \/>(-31 for losing)\n|l|\u2606Lucas929392\n","uploadtime":1699814589,"views":5,"p1id":"bot1randomteam","p2id":"lucas929392","formatid":"gen9nationaldexubers","rating":1090,"private":0,"password":""}