{"id":"gen9nationaldexubers-1999909551","p1":"Marioipod","p2":"TalisWaffle","format":"[Gen 9] National Dex Ubers","log":"|j|\u203dMarioipod\n|j|\u2606TalisWaffle\n|t:|1701128939\n|gametype|singles\n|player|p1|Marioipod|may-gen3rs|1270\n|player|p2|TalisWaffle|ingo|1292\n|teamsize|p1|6\n|teamsize|p2|6\n|gen|9\n|tier|[Gen 9] National Dex Ubers\n|rated|\n|rule|HP Percentage Mod: HP is shown in percentages\n|rule|Endless Battle Clause: Forcing endless battles is banned\n|rule|OHKO Clause: OHKO moves are banned\n|rule|Evasion Moves Clause: Evasion moves are banned\n|rule|Evasion Items Clause: Evasion items are banned\n|rule|Species Clause: Limit one of each Pok\u00e9mon\n|rule|Sleep Clause Mod: Limit one foe put to sleep\n|rule|Mega Rayquaza Clause: You cannot mega evolve Rayquaza\n|clearpoke\n|poke|p1|Arceus|\n|poke|p1|Zygarde|\n|poke|p1|Metagross|\n|poke|p1|Kyogre|\n|poke|p1|Giratina-Origin|\n|poke|p1|Kyurem-Black|\n|poke|p2|Ninetales-Alola, F|\n|poke|p2|Dachsbun, F|\n|poke|p2|Avalugg, F|\n|poke|p2|Articuno|\n|poke|p2|Slowking-Galar, M|\n|poke|p2|Kyurem-White|\n|teampreview\n|inactive|Battle timer is ON: inactive players will automatically lose when time's up. (requested by TalisWaffle)\n|\n|t:|1701128950\n|start\n|switch|p1a: Kyurem|Kyurem-Black|100\/100\n|switch|p2a: Ninetales|Ninetales-Alola, F, shiny|100\/100\n|-ability|p1a: Kyurem|Teravolt\n|turn|1\n|\n|t:|1701128964\n|move|p1a: Kyurem|Dragon Dance|p1a: Kyurem\n|-boost|p1a: Kyurem|atk|1\n|-boost|p1a: Kyurem|spe|1\n|move|p2a: Ninetales|Nasty Plot|p2a: Ninetales\n|-boost|p2a: Ninetales|spa|2\n|\n|upkeep\n|turn|2\n|\n|t:|1701128967\n|move|p1a: Kyurem|Fusion Bolt|p2a: Ninetales\n|-damage|p2a: Ninetales|16\/100\n|move|p2a: Ninetales|Moonblast|p1a: Kyurem\n|-supereffective|p1a: Kyurem\n|-damage|p1a: Kyurem|0 fnt\n|faint|p1a: Kyurem\n|\n|upkeep\n|\n|t:|1701128972\n|switch|p1a: Metagross|Metagross, shiny|100\/100\n|turn|3\n|\n|t:|1701128977\n|detailschange|p1a: Metagross|Metagross-Mega, shiny\n|-mega|p1a: Metagross|Metagross|Metagrossite\n|move|p1a: Metagross|Bullet Punch|p2a: Ninetales\n|-supereffective|p2a: Ninetales\n|-damage|p2a: Ninetales|0 fnt\n|faint|p2a: Ninetales\n|\n|upkeep\n|\n|t:|1701128987\n|switch|p2a: Slowking|Slowking-Galar, M, shiny|100\/100\n|turn|4\n|\n|t:|1701128989\n|move|p1a: Metagross|Zen Headbutt|p2a: Slowking|[miss]\n|-miss|p1a: Metagross|p2a: Slowking\n|move|p2a: Slowking|Chilly Reception|p2a: Slowking\n|-weather|Snow\n|\n|t:|1701128995\n|switch|p2a: Kyurem|Kyurem-White, shiny|100\/100|[from] Chilly Reception\n|-ability|p2a: Kyurem|Turboblaze\n|\n|-weather|Snow|[upkeep]\n|upkeep\n|turn|5\n|\n|t:|1701129001\n|-terastallize|p2a: Kyurem|Ghost\n|move|p1a: Metagross|Bullet Punch|p2a: Kyurem\n|-damage|p2a: Kyurem|73\/100\n|move|p2a: Kyurem|Shadow Ball|p1a: Metagross\n|-supereffective|p1a: Metagross\n|-damage|p1a: Metagross|11\/100\n|\n|-weather|Snow|[upkeep]\n|upkeep\n|turn|6\n|\n|t:|1701129010\n|move|p1a: Metagross|Bullet Punch|p2a: Kyurem\n|-damage|p2a: Kyurem|48\/100\n|move|p2a: Kyurem|Shadow Ball|p1a: Metagross\n|-supereffective|p1a: Metagross\n|-crit|p1a: Metagross\n|-damage|p1a: Metagross|0 fnt\n|faint|p1a: Metagross\n|\n|-weather|Snow|[upkeep]\n|upkeep\n|\n|t:|1701129019\n|switch|p1a: Giratina|Giratina-Origin|100\/100\n|turn|7\n|\n|t:|1701129021\n|move|p2a: Kyurem|Draco Meteor|p1a: Giratina\n|-supereffective|p1a: Giratina\n|-damage|p1a: Giratina|0 fnt\n|-unboost|p2a: Kyurem|spa|2\n|-enditem|p2a: Kyurem|White Herb\n|-clearnegativeboost|p2a: Kyurem|[silent]\n|faint|p1a: Giratina\n|\n|-weather|Snow|[upkeep]\n|upkeep\n|\n|t:|1701129024\n|switch|p1a: Zygarde|Zygarde|100\/100\n|turn|8\n|\n|t:|1701129027\n|move|p1a: Zygarde|Coil|p1a: Zygarde\n|-boost|p1a: Zygarde|atk|1\n|-boost|p1a: Zygarde|def|1\n|-boost|p1a: Zygarde|accuracy|1\n|move|p2a: Kyurem|Blizzard|p1a: Zygarde\n|-supereffective|p1a: Zygarde\n|-damage|p1a: Zygarde|0 fnt\n|faint|p1a: Zygarde\n|\n|-weather|none\n|upkeep\n|\n|t:|1701129030\n|switch|p1a: Kyogre|Kyogre|100\/100\n|detailschange|p1a: Kyogre|Kyogre-Primal\n|-primal|p1a: Kyogre|Blue Orb\n|-weather|PrimordialSea|[from] ability: Primordial Sea|[of] p1a: Kyogre\n|turn|9\n|\n|t:|1701129039\n|switch|p2a: Slowking|Slowking-Galar, M, shiny|100\/100\n|move|p1a: Kyogre|Origin Pulse|p2a: Slowking\n|-damage|p2a: Slowking|3\/100\n|\n|-weather|PrimordialSea|[upkeep]\n|upkeep\n|turn|10\n|\n|t:|1701129042\n|move|p1a: Kyogre|Thunder|p2a: Slowking\n|-damage|p2a: Slowking|0 fnt\n|faint|p2a: Slowking\n|\n|-weather|PrimordialSea|[upkeep]\n|upkeep\n|\n|t:|1701129060\n|switch|p2a: Articuno|Articuno, shiny|100\/100\n|turn|11\n|\n|t:|1701129063\n|move|p1a: Kyogre|Thunder|p2a: Articuno\n|-supereffective|p2a: Articuno\n|-damage|p2a: Articuno|24\/100\n|move|p2a: Articuno|Hurricane|p1a: Kyogre\n|-damage|p1a: Kyogre|65\/100\n|\n|-weather|PrimordialSea|[upkeep]\n|upkeep\n|turn|12\n|\n|t:|1701129069\n|move|p1a: Kyogre|Thunder|p2a: Articuno\n|-supereffective|p2a: Articuno\n|-damage|p2a: Articuno|0 fnt\n|faint|p2a: Articuno\n|\n|-weather|PrimordialSea|[upkeep]\n|upkeep\n|\n|t:|1701129073\n|switch|p2a: Dachsbun|Dachsbun, F, shiny|100\/100\n|turn|13\n|\n|t:|1701129079\n|move|p1a: Kyogre|Origin Pulse|p2a: Dachsbun\n|-damage|p2a: Dachsbun|0 fnt\n|faint|p2a: Dachsbun\n|\n|-weather|PrimordialSea|[upkeep]\n|upkeep\n|\n|t:|1701129081\n|switch|p2a: Avalugg|Avalugg, F, shiny|100\/100\n|turn|14\n|\n|t:|1701129089\n|move|p1a: Kyogre|Water Spout|p2a: Avalugg\n|-damage|p2a: Avalugg|30\/100\n|move|p2a: Avalugg|Gyro Ball|p1a: Kyogre\n|-resisted|p1a: Kyogre\n|-damage|p1a: Kyogre|48\/100\n|\n|-weather|PrimordialSea|[upkeep]\n|upkeep\n|turn|15\n|\n|t:|1701129095\n|move|p1a: Kyogre|Thunder|p2a: Avalugg\n|-damage|p2a: Avalugg|0 fnt\n|faint|p2a: Avalugg\n|\n|-weather|PrimordialSea|[upkeep]\n|upkeep\n|\n|t:|1701129098\n|switch|p2a: Kyurem|Kyurem-White, shiny, tera:Ghost|48\/100\n|-ability|p2a: Kyurem|Turboblaze\n|turn|16\n|\n|t:|1701129101\n|move|p1a: Kyogre|Origin Pulse|p2a: Kyurem\n|-damage|p2a: Kyurem|0 fnt\n|faint|p2a: Kyurem\n|\n|win|Marioipod\n|raw|Marioipod's rating: 1270 &rarr; <strong>1297<\/strong><br \/>(+27 for winning)\n|raw|TalisWaffle's rating: 1292 &rarr; <strong>1265<\/strong><br \/>(-27 for losing)\n|l|\u2606TalisWaffle\n","uploadtime":1701129104,"views":2,"p1id":"marioipod","p2id":"taliswaffle","formatid":"gen9nationaldexubers","rating":1265,"private":0,"password":""}