{"id":"gen9nationaldexubers-1981150731","p1":"Ezael_Stormblood","p2":"JarboXXL","format":"[Gen 9] National Dex Ubers","log":"|j|\u2606Ezael_Stormblood\n|j|\u2606JarboXXL\n|t:|1698867678\n|gametype|singles\n|player|p1|Ezael_Stormblood|hiker-gen4|1175\n|player|p2|JarboXXL|ghetsis-gen5bw|1196\n|teamsize|p1|6\n|teamsize|p2|6\n|gen|9\n|tier|[Gen 9] National Dex Ubers\n|rated|\n|rule|HP Percentage Mod: HP is shown in percentages\n|rule|Endless Battle Clause: Forcing endless battles is banned\n|rule|OHKO Clause: OHKO moves are banned\n|rule|Evasion Moves Clause: Evasion moves are banned\n|rule|Evasion Items Clause: Evasion items are banned\n|rule|Species Clause: Limit one of each Pok\u00e9mon\n|rule|Sleep Clause Mod: Limit one foe put to sleep\n|rule|Mega Rayquaza Clause: You cannot mega evolve Rayquaza\n|clearpoke\n|poke|p1|Groudon|\n|poke|p1|Kyogre|\n|poke|p1|Mewtwo|\n|poke|p1|Lugia|\n|poke|p1|Volcarona, F|\n|poke|p1|Garchomp, F|\n|poke|p2|Venusaur, F|\n|poke|p2|Gliscor, F|\n|poke|p2|Corviknight, M|\n|poke|p2|Annihilape, F|\n|poke|p2|Torkoal, F|\n|poke|p2|Baxcalibur, F|\n|teampreview\n|inactive|Battle timer is ON: inactive players will automatically lose when time's up. (requested by JarboXXL)\n|\n|t:|1698867686\n|start\n|switch|p1a: Garchomp|Garchomp, F|100\/100\n|switch|p2a: Gliscor|Gliscor, F|100\/100\n|turn|1\n|\n|t:|1698867694\n|switch|p1a: Mewtwo|Mewtwo|100\/100\n|-ability|p1a: Mewtwo|Pressure\n|move|p2a: Gliscor|Toxic|p1a: Mewtwo\n|-status|p1a: Mewtwo|tox\n|\n|-damage|p1a: Mewtwo|94\/100 tox|[from] psn\n|-status|p2a: Gliscor|tox|[from] item: Toxic Orb\n|upkeep\n|turn|2\n|\n|t:|1698867706\n|detailschange|p1a: Mewtwo|Mewtwo-Mega-Y\n|-mega|p1a: Mewtwo|Mewtwo|Mewtwonite Y\n|move|p1a: Mewtwo|Ice Beam|p2a: Gliscor\n|-supereffective|p2a: Gliscor\n|-damage|p2a: Gliscor|0 fnt\n|faint|p2a: Gliscor\n|\n|-damage|p1a: Mewtwo|82\/100 tox|[from] psn\n|upkeep\n|\n|t:|1698867718\n|switch|p2a: Torkoal|Torkoal, F|100\/100\n|-weather|SunnyDay|[from] ability: Drought|[of] p2a: Torkoal\n|turn|3\n|\n|t:|1698867726\n|move|p1a: Mewtwo|Nasty Plot|p1a: Mewtwo\n|-boost|p1a: Mewtwo|spa|2\n|move|p2a: Torkoal|Flare Blitz|p1a: Mewtwo\n|-damage|p1a: Mewtwo|9\/100 tox\n|-damage|p2a: Torkoal|76\/100|[from] Recoil\n|\n|-weather|SunnyDay|[upkeep]\n|-damage|p1a: Mewtwo|0 fnt|[from] psn\n|faint|p1a: Mewtwo\n|upkeep\n|\n|t:|1698867735\n|switch|p1a: Garchomp|Garchomp, F|100\/100\n|turn|4\n|\n|t:|1698867740\n|move|p1a: Garchomp|Swords Dance|p1a: Garchomp\n|-boost|p1a: Garchomp|atk|2\n|move|p2a: Torkoal|Flare Blitz|p1a: Garchomp\n|-resisted|p1a: Garchomp\n|-damage|p1a: Garchomp|71\/100\n|-status|p1a: Garchomp|brn\n|-damage|p2a: Torkoal|63\/100|[from] ability: Rough Skin|[of] p1a: Garchomp\n|-damage|p2a: Torkoal|53\/100|[from] Recoil\n|\n|-weather|SunnyDay|[upkeep]\n|-damage|p1a: Garchomp|64\/100 brn|[from] brn\n|upkeep\n|turn|5\n|\n|t:|1698867753\n|move|p1a: Garchomp|Earthquake|p2a: Torkoal\n|-supereffective|p2a: Torkoal\n|-crit|p2a: Torkoal\n|-damage|p2a: Torkoal|0 fnt\n|faint|p2a: Torkoal\n|\n|-weather|SunnyDay|[upkeep]\n|-damage|p1a: Garchomp|58\/100 brn|[from] brn\n|upkeep\n|\n|t:|1698867761\n|switch|p2a: Venusaur|Venusaur, F|100\/100\n|turn|6\n|\n|t:|1698867785\n|-terastallize|p1a: Garchomp|Dragon\n|move|p2a: Venusaur|Giga Drain|p1a: Garchomp\n|-resisted|p1a: Garchomp\n|-damage|p1a: Garchomp|31\/100 brn\n|-damage|p2a: Venusaur|91\/100|[from] item: Life Orb\n|move|p1a: Garchomp|Dragon Claw|p2a: Venusaur\n|-damage|p2a: Venusaur|21\/100\n|\n|-weather|SunnyDay|[upkeep]\n|-damage|p1a: Garchomp|25\/100 brn|[from] brn\n|upkeep\n|turn|7\n|\n|t:|1698867805\n|move|p2a: Venusaur|Sludge Bomb|p1a: Garchomp\n|-damage|p1a: Garchomp|0 fnt\n|faint|p1a: Garchomp\n|-damage|p2a: Venusaur|11\/100|[from] item: Life Orb\n|\n|-weather|SunnyDay|[upkeep]\n|upkeep\n|\n|t:|1698867823\n|switch|p1a: Lugia|Lugia|100\/100\n|turn|8\n|\n|t:|1698867827\n|move|p2a: Venusaur|Giga Drain|p1a: Lugia\n|-resisted|p1a: Lugia\n|-damage|p1a: Lugia|94\/100\n|-heal|p2a: Venusaur|16\/100|[from] drain|[of] p1a: Lugia\n|-damage|p2a: Venusaur|6\/100|[from] item: Life Orb\n|move|p1a: Lugia|Aeroblast|p2a: Venusaur\n|-supereffective|p2a: Venusaur\n|-damage|p2a: Venusaur|0 fnt\n|faint|p2a: Venusaur\n|\n|-weather|SunnyDay|[upkeep]\n|upkeep\n|l|\u2606JarboXXL\n|inactive|JarboXXL disconnected and has a minute to reconnect!\n|player|p2|\n|j|\u2606JarboXXL\n|inactive|JarboXXL reconnected and has 125 seconds left.\n|player|p2|JarboXXL|ghetsis-gen5bw\n|inactive|JarboXXL has 120 seconds left.\n|\n|t:|1698867863\n|switch|p2a: Annihilape|Annihilape, F|100\/100\n|turn|9\n|\n|t:|1698867873\n|move|p1a: Lugia|Calm Mind|p1a: Lugia\n|-boost|p1a: Lugia|spa|1\n|-boost|p1a: Lugia|spd|1\n|move|p2a: Annihilape|Bulk Up|p2a: Annihilape\n|-boost|p2a: Annihilape|atk|1\n|-boost|p2a: Annihilape|def|1\n|\n|-weather|SunnyDay|[upkeep]\n|upkeep\n|turn|10\n|\n|t:|1698867882\n|move|p1a: Lugia|Aeroblast|p2a: Annihilape\n|-supereffective|p2a: Annihilape\n|-damage|p2a: Annihilape|45\/100\n|move|p2a: Annihilape|Rage Fist|p1a: Lugia\n|-supereffective|p1a: Lugia\n|-damage|p1a: Lugia|29\/100\n|\n|-weather|none\n|-heal|p2a: Annihilape|51\/100|[from] item: Leftovers\n|upkeep\n|turn|11\n|\n|t:|1698867892\n|move|p1a: Lugia|Aeroblast|p2a: Annihilape\n|-supereffective|p2a: Annihilape\n|-damage|p2a: Annihilape|0 fnt\n|faint|p2a: Annihilape\n|\n|upkeep\n|\n|t:|1698867898\n|switch|p2a: Corviknight|Corviknight, M, shiny|100\/100\n|turn|12\n|\n|t:|1698867904\n|move|p1a: Lugia|Recover|p1a: Lugia\n|-heal|p1a: Lugia|79\/100\n|move|p2a: Corviknight|Brave Bird|p1a: Lugia\n|-crit|p1a: Lugia\n|-damage|p1a: Lugia|46\/100\n|-damage|p2a: Corviknight|89\/100|[from] Recoil\n|\n|-heal|p2a: Corviknight|95\/100|[from] item: Leftovers\n|upkeep\n|turn|13\n|\n|t:|1698867915\n|move|p1a: Lugia|Recover|p1a: Lugia\n|-heal|p1a: Lugia|96\/100\n|move|p2a: Corviknight|Iron Defense|p2a: Corviknight\n|-boost|p2a: Corviknight|def|2\n|\n|-heal|p2a: Corviknight|100\/100|[from] item: Leftovers\n|upkeep\n|turn|14\n|\n|t:|1698867933\n|move|p1a: Lugia|Calm Mind|p1a: Lugia\n|-boost|p1a: Lugia|spa|1\n|-boost|p1a: Lugia|spd|1\n|move|p2a: Corviknight|Iron Defense|p2a: Corviknight\n|-boost|p2a: Corviknight|def|2\n|\n|upkeep\n|turn|15\n|\n|t:|1698867956\n|move|p1a: Lugia|Calm Mind|p1a: Lugia\n|-boost|p1a: Lugia|spa|1\n|-boost|p1a: Lugia|spd|1\n|move|p2a: Corviknight|Body Press|p1a: Lugia\n|-resisted|p1a: Lugia\n|-damage|p1a: Lugia|85\/100\n|\n|upkeep\n|turn|16\n|c|\u2606Ezael_Stormblood|pffff\n|\n|t:|1698867965\n|move|p1a: Lugia|Calm Mind|p1a: Lugia\n|-boost|p1a: Lugia|spa|1\n|-boost|p1a: Lugia|spd|1\n|move|p2a: Corviknight|Brave Bird|p1a: Lugia\n|-damage|p1a: Lugia|64\/100\n|-damage|p2a: Corviknight|93\/100|[from] Recoil\n|\n|-heal|p2a: Corviknight|99\/100|[from] item: Leftovers\n|upkeep\n|turn|17\n|\n|t:|1698867976\n|switch|p2a: Baxcalibur|Baxcalibur, F|100\/100\n|move|p1a: Lugia|Recover|p1a: Lugia\n|-heal|p1a: Lugia|100\/100\n|\n|upkeep\n|turn|18\n|\n|t:|1698867986\n|-terastallize|p2a: Baxcalibur|Fire\n|move|p2a: Baxcalibur|Scale Shot|p1a: Lugia\n|-damage|p1a: Lugia|97\/100\n|-damage|p1a: Lugia|89\/100\n|-damage|p1a: Lugia|82\/100\n|-damage|p1a: Lugia|75\/100\n|-crit|p1a: Lugia\n|-damage|p1a: Lugia|64\/100\n|-hitcount|p1a: Lugia|5\n|-unboost|p2a: Baxcalibur|def|1\n|-boost|p2a: Baxcalibur|spe|1\n|move|p1a: Lugia|Aeroblast|p2a: Baxcalibur\n|-damage|p2a: Baxcalibur|4\/100\n|\n|upkeep\n|turn|19\n|\n|t:|1698868002\n|move|p2a: Baxcalibur|Icicle Spear|p1a: Lugia\n|-supereffective|p1a: Lugia\n|-damage|p1a: Lugia|48\/100\n|-supereffective|p1a: Lugia\n|-damage|p1a: Lugia|32\/100\n|-supereffective|p1a: Lugia\n|-damage|p1a: Lugia|16\/100\n|-supereffective|p1a: Lugia\n|-damage|p1a: Lugia|1\/100\n|-hitcount|p1a: Lugia|4\n|move|p1a: Lugia|Aeroblast|p2a: Baxcalibur\n|-damage|p2a: Baxcalibur|0 fnt\n|faint|p2a: Baxcalibur\n|\n|upkeep\n|\n|t:|1698868014\n|switch|p2a: Corviknight|Corviknight, M, shiny|99\/100\n|turn|20\n|\n|t:|1698868017\n|move|p1a: Lugia|Recover|p1a: Lugia\n|-heal|p1a: Lugia|51\/100\n|move|p2a: Corviknight|Brave Bird|p1a: Lugia\n|-damage|p1a: Lugia|29\/100\n|-damage|p2a: Corviknight|92\/100|[from] Recoil\n|\n|-heal|p2a: Corviknight|98\/100|[from] item: Leftovers\n|upkeep\n|turn|21\n|-message|JarboXXL forfeited.\n|\n|win|Ezael_Stormblood\n|raw|Ezael_Stormblood's rating: 1175 &rarr; <strong>1202<\/strong><br \/>(+27 for winning)\n|raw|JarboXXL's rating: 1196 &rarr; <strong>1169<\/strong><br \/>(-27 for losing)\n|l|\u2606JarboXXL\n","uploadtime":1698868030,"views":16,"p1id":"ezaelstormblood","p2id":"jarboxxl","formatid":"gen9nationaldexubers","rating":1169,"private":0,"password":""}