{"id":"gen9nationaldexubers-1996570466","p1":"galaxystudios370","p2":"The_Gh0st_Shadow","format":"[Gen 9] National Dex Ubers","log":"|j|\u2606galaxystudios370\n|j|\u2606The_Gh0st_Shadow\n|inactive|Battle timer is ON: inactive players will automatically lose when time's up.\n|t:|1700695528\n|gametype|singles\n|player|p1|galaxystudios370|hilbert|\n|player|p2|The_Gh0st_Shadow|ghetsis|\n|teamsize|p1|6\n|teamsize|p2|6\n|gen|9\n|tier|[Gen 9] National Dex Ubers\n|rated|Tournament battle\n|rule|HP Percentage Mod: HP is shown in percentages\n|rule|Endless Battle Clause: Forcing endless battles is banned\n|rule|OHKO Clause: OHKO moves are banned\n|rule|Evasion Moves Clause: Evasion moves are banned\n|rule|Evasion Items Clause: Evasion items are banned\n|rule|Species Clause: Limit one of each Pok\u00e9mon\n|rule|Sleep Clause Mod: Limit one foe put to sleep\n|rule|Mega Rayquaza Clause: You cannot mega evolve Rayquaza\n|rule|Dynamax Clause: You cannot dynamax\n|rule|Terastal Clause: You cannot Terastallize\n|rule|Same Type Clause: Pok\u00e9mon in a team must share a type\n|clearpoke\n|poke|p1|Hatterene, F|\n|poke|p1|Calyrex-Ice|\n|poke|p1|Necrozma-Dusk-Mane|\n|poke|p1|Lunala|\n|poke|p1|Mewtwo|\n|poke|p1|Tapu Lele|\n|poke|p2|Tapu Koko|\n|poke|p2|Regieleki|\n|poke|p2|Zapdos|\n|poke|p2|Rotom-Wash|\n|poke|p2|Zekrom|\n|poke|p2|Zeraora|\n|teampreview\n|j| Fixzation\n|c|\u2606galaxystudios370|Let's dance.\n|c|\u2606The_Gh0st_Shadow|K\n|inactive|The_Gh0st_Shadow has 120 seconds left.\n|\n|t:|1700695559\n|start\n|switch|p1a: Mistral|Hatterene, F|100\/100\n|switch|p2a: Tapu Koko|Tapu Koko|100\/100\n|-fieldstart|move: Electric Terrain|[from] ability: Electric Surge|[of] p2a: Tapu Koko\n|turn|1\n|\n|t:|1700695563\n|move|p2a: Tapu Koko|Volt Switch|p1a: Mistral\n|-damage|p1a: Mistral|63\/100\n|\n|t:|1700695567\n|switch|p2a: Zeraora|Zeraora|100\/100|[from] Volt Switch\n|move|p1a: Mistral|Trick Room|p1a: Mistral\n|-fieldstart|move: Trick Room|[of] p1a: Mistral\n|\n|upkeep\n|turn|2\n|c|\u2606The_Gh0st_Shadow|Bru\n|c|\u2606The_Gh0st_Shadow|I should\u2019ve known\n|\n|t:|1700695583\n|move|p1a: Mistral|Healing Wish|p1a: Mistral\n|faint|p1a: Mistral\n|move|p2a: Zeraora|Plasma Fists|p1: Mistral|[notarget]\n|-fail|p2a: Zeraora\n|\n|upkeep\n|\n|t:|1700695590\n|switch|p1a: Blade Wolf|Necrozma-Dusk-Mane|100\/100\n|turn|3\n|\n|t:|1700695594\n|move|p1a: Blade Wolf|Earthquake|p2a: Zeraora\n|-supereffective|p2a: Zeraora\n|-damage|p2a: Zeraora|0 fnt\n|faint|p2a: Zeraora\n|\n|upkeep\n|\n|t:|1700695598\n|switch|p2a: Zapdos|Zapdos, shiny|100\/100\n|turn|4\n|\n|t:|1700695609\n|move|p1a: Blade Wolf|Stone Edge|p2a: Zapdos\n|-supereffective|p2a: Zapdos\n|-damage|p2a: Zapdos|33\/100\n|move|p2a: Zapdos|Hurricane|p1a: Blade Wolf\n|-resisted|p1a: Blade Wolf\n|-damage|p1a: Blade Wolf|82\/100\n|-start|p1a: Blade Wolf|confusion\n|\n|upkeep\n|turn|5\n|\n|t:|1700695621\n|switch|p1a: Monsoon|Tapu Lele|100\/100\n|-fieldstart|move: Psychic Terrain|[from] ability: Psychic Surge|[of] p1a: Monsoon\n|switch|p2a: Zekrom|Zekrom, shiny|100\/100\n|-ability|p2a: Zekrom|Teravolt\n|\n|-fieldend|move: Trick Room\n|upkeep\n|turn|6\n|c|\u2606The_Gh0st_Shadow|Liiiiiiiiive\n|\n|t:|1700695639\n|move|p1a: Monsoon|Moonblast|p2a: Zekrom\n|-supereffective|p2a: Zekrom\n|-damage|p2a: Zekrom|4\/100\n|move|p2a: Zekrom|Dragon Dance|p2a: Zekrom\n|-boost|p2a: Zekrom|atk|1\n|-boost|p2a: Zekrom|spe|1\n|\n|-heal|p2a: Zekrom|10\/100|[from] item: Leftovers\n|upkeep\n|turn|7\n|c|\u2606The_Gh0st_Shadow|Thank god\n|\n|t:|1700695653\n|switch|p1a: Armstrong|Mewtwo|100\/100\n|-ability|p1a: Armstrong|Pressure\n|move|p2a: Zekrom|Steel Wing|p1a: Armstrong\n|-damage|p1a: Armstrong|57\/100\n|\n|-heal|p2a: Zekrom|16\/100|[from] item: Leftovers\n|upkeep\n|turn|8\n|c|\u2606The_Gh0st_Shadow|I know for a fact that thing is scarfed\n|\n|t:|1700695673\n|detailschange|p1a: Armstrong|Mewtwo-Mega-Y\n|-mega|p1a: Armstrong|Mewtwo|Mewtwonite Y\n|move|p2a: Zekrom|Bolt Strike|p1a: Armstrong|[miss]\n|-miss|p2a: Zekrom|p1a: Armstrong\n|move|p1a: Armstrong|Psystrike|p2a: Zekrom\n|-damage|p2a: Zekrom|0 fnt\n|faint|p2a: Zekrom\n|\n|upkeep\n|c|\u2606The_Gh0st_Shadow|Nvm\n|c|\u2606galaxystudios370|my plan was to sac this\n|inactive|The_Gh0st_Shadow has 120 seconds left.\n|c|\u2606galaxystudios370|and take a hit with lunala\n|inactive|The_Gh0st_Shadow has 90 seconds left.\n|\n|t:|1700695745\n|switch|p2a: Tapu Koko|Tapu Koko|100\/100\n|-fieldstart|move: Electric Terrain|[from] ability: Electric Surge|[of] p2a: Tapu Koko\n|turn|9\n|c|\u2606The_Gh0st_Shadow|This is bad\n|inactive|The_Gh0st_Shadow has 60 seconds left.\n|\n|t:|1700695765\n|move|p2a: Tapu Koko|Thunderbolt|p1a: Armstrong\n|-damage|p1a: Armstrong|15\/100\n|move|p1a: Armstrong|Psystrike|p2a: Tapu Koko\n|-damage|p2a: Tapu Koko|0 fnt\n|faint|p2a: Tapu Koko\n|\n|upkeep\n|c|\u2606The_Gh0st_Shadow|How\n|inactive|The_Gh0st_Shadow has 60 seconds left.\n|\n|t:|1700695784\n|switch|p2a: Regieleki|Regieleki|100\/100\n|turn|10\n|c|\u2606galaxystudios370|I forgot that some of this thing's 780 bst is in its bulk\n|\n|t:|1700695787\n|switch|p1a: Monsoon|Tapu Lele|100\/100\n|-fieldstart|move: Psychic Terrain|[from] ability: Psychic Surge|[of] p1a: Monsoon\n|move|p2a: Regieleki|Rising Voltage|p1a: Monsoon\n|-damage|p1a: Monsoon|40\/100\n|-enditem|p1a: Monsoon|Eject Button\n|\n|t:|1700695792\n|switch|p1a: Sundowner|Lunala|100\/100\n|\n|upkeep\n|turn|11\n|inactive|The_Gh0st_Shadow has 60 seconds left.\n|\n|t:|1700695811\n|switch|p2a: Rotom|Rotom-Wash, shiny|100\/100\n|move|p1a: Sundowner|Trick Room|p1a: Sundowner\n|-fieldstart|move: Trick Room|[of] p1a: Sundowner\n|\n|upkeep\n|turn|12\n|\n|t:|1700695815\n|move|p1a: Sundowner|Meteor Beam||[still]\n|-prepare|p1a: Sundowner|Meteor Beam\n|-boost|p1a: Sundowner|spa|1\n|-enditem|p1a: Sundowner|Power Herb\n|-anim|p1a: Sundowner|Meteor Beam|p2a: Rotom\n|-damage|p2a: Rotom|44\/100\n|move|p2a: Rotom|Hydro Pump|p1a: Sundowner\n|-damage|p1a: Sundowner|87\/100\n|\n|-heal|p2a: Rotom|50\/100|[from] item: Leftovers\n|upkeep\n|turn|13\n|\n|t:|1700695821\n|move|p1a: Sundowner|Moongeist Beam|p2a: Rotom\n|-crit|p2a: Rotom\n|-damage|p2a: Rotom|0 fnt\n|faint|p2a: Rotom\n|\n|upkeep\n|c|\u2606galaxystudios370|gg\n|c|\u2606The_Gh0st_Shadow|GG\n|c|\u2606The_Gh0st_Shadow|WP\n|\n|t:|1700695832\n|switch|p2a: Regieleki|Regieleki|100\/100\n|turn|14\n|\n|t:|1700695838\n|move|p1a: Sundowner|Moongeist Beam|p2a: Regieleki\n|-damage|p2a: Regieleki|0 fnt\n|faint|p2a: Regieleki\n|\n|-fieldend|move: Psychic Terrain\n|upkeep\n|\n|t:|1700695841\n|switch|p2a: Zapdos|Zapdos, shiny|33\/100\n|turn|15\n|inactive|The_Gh0st_Shadow has 90 seconds left.\n|c|\u2606The_Gh0st_Shadow|Nice Psy team\n|c|\u2606The_Gh0st_Shadow|im stealing it\n|\n|t:|1700695856\n|move|p1a: Sundowner|Moongeist Beam|p2a: Zapdos\n|-damage|p2a: Zapdos|0 fnt\n|faint|p2a: Zapdos\n|\n|win|galaxystudios370\n|n|\u2606galaxystudios370|galaxystudios370\n|n|\u2606The_Gh0st_Shadow|thegh0stshadow\n|n| Fixzation|fixzation\n","uploadtime":1700695857,"views":11,"p1id":"galaxystudios370","p2id":"thegh0stshadow","formatid":"gen9nationaldexubers","rating":0,"private":0,"password":""}