{"id":"gen9nationaldexubers-1996846948","p1":"plotuser","p2":"ironjaw kench","format":"[Gen 9] National Dex Ubers","log":"|j|\u2606plotuser\n|j|\u2606ironjaw kench\n|t:|1700734744\n|gametype|singles\n|player|p1|plotuser|2|1183\n|player|p2|ironjaw kench|1|1208\n|teamsize|p1|6\n|teamsize|p2|6\n|gen|9\n|tier|[Gen 9] National Dex Ubers\n|rated|\n|rule|HP Percentage Mod: HP is shown in percentages\n|rule|Endless Battle Clause: Forcing endless battles is banned\n|rule|OHKO Clause: OHKO moves are banned\n|rule|Evasion Moves Clause: Evasion moves are banned\n|rule|Evasion Items Clause: Evasion items are banned\n|rule|Species Clause: Limit one of each Pok\u00e9mon\n|rule|Sleep Clause Mod: Limit one foe put to sleep\n|rule|Mega Rayquaza Clause: You cannot mega evolve Rayquaza\n|clearpoke\n|poke|p1|Volcarona, M|\n|poke|p1|Deoxys-Speed|\n|poke|p1|Yveltal|\n|poke|p1|Altaria, F|\n|poke|p1|Marshadow|\n|poke|p1|Amoonguss, F|\n|poke|p2|Kyurem-White|\n|poke|p2|Chien-Pao|\n|poke|p2|Ninetales-Alola, F|\n|poke|p2|Iron Bundle|\n|poke|p2|Calyrex-Ice|\n|poke|p2|Darmanitan-Galar, M|\n|teampreview\n|inactive|Battle timer is ON: inactive players will automatically lose when time's up. (requested by plotuser)\n|c|\u2606plotuser|mono ice\n|inactive|ironjaw kench has 120 seconds left.\n|inactive|ironjaw kench has 90 seconds left.\n|c|\u2606ironjaw kench|yessir\n|c|\u2606ironjaw kench|gl hf\n|\n|t:|1700734822\n|start\n|switch|p1a: Deoxys|Deoxys-Speed|100\/100\n|switch|p2a: Darmanitan|Darmanitan-Galar, M|100\/100\n|-ability|p1a: Deoxys|Pressure\n|turn|1\n|\n|t:|1700734826\n|move|p1a: Deoxys|Psycho Boost|p2a: Darmanitan\n|-damage|p2a: Darmanitan|1\/100\n|-unboost|p1a: Deoxys|spa|2\n|-enditem|p2a: Darmanitan|Salac Berry|[eat]\n|-boost|p2a: Darmanitan|spe|1|[from] item: Salac Berry\n|move|p2a: Darmanitan|Substitute|p2a: Darmanitan\n|-fail|p2a: Darmanitan|move: Substitute|[weak]\n|\n|-formechange|p2a: Darmanitan|Darmanitan-Galar-Zen|\n|upkeep\n|turn|2\n|c|\u2606plotuser|1\n|\n|t:|1700734841\n|move|p1a: Deoxys|Extreme Speed|p2a: Darmanitan\n|-damage|p2a: Darmanitan|0 fnt\n|faint|p2a: Darmanitan\n|\n|upkeep\n|c|\u2606ironjaw kench|less than one even\n|c|\u2606ironjaw kench|was at 0,3%\n|c|\u2606plotuser|k\n|\n|t:|1700734855\n|switch|p2a: Ninetales|Ninetales-Alola, F|100\/100\n|-weather|Snow|[from] ability: Snow Warning|[of] p2a: Ninetales\n|turn|3\n|\n|t:|1700734858\n|move|p1a: Deoxys|Taunt|p2a: Ninetales\n|-start|p2a: Ninetales|move: Taunt\n|cant|p2a: Ninetales|move: Taunt|Aurora Veil\n|\n|-weather|Snow|[upkeep]\n|upkeep\n|turn|4\n|c|\u2606plotuser|no more\n|\n|t:|1700734869\n|switch|p2a: Chien-Pao|Chien-Pao|100\/100\n|-ability|p2a: Chien-Pao|Sword of Ruin\n|move|p1a: Deoxys|Stealth Rock|p2a: Chien-Pao\n|-sidestart|p2: ironjaw kench|move: Stealth Rock\n|\n|-weather|Snow|[upkeep]\n|upkeep\n|turn|5\n|\n|t:|1700734875\n|move|p1a: Deoxys|Extreme Speed|p2a: Chien-Pao\n|-damage|p2a: Chien-Pao|83\/100\n|move|p2a: Chien-Pao|Ice Spinner|p1a: Deoxys\n|-damage|p1a: Deoxys|9\/100\n|\n|-weather|Snow|[upkeep]\n|upkeep\n|turn|6\n|\n|t:|1700734879\n|move|p1a: Deoxys|Extreme Speed|p2a: Chien-Pao\n|-damage|p2a: Chien-Pao|67\/100\n|move|p2a: Chien-Pao|Swords Dance|p2a: Chien-Pao\n|-boost|p2a: Chien-Pao|atk|2\n|\n|-weather|Snow|[upkeep]\n|upkeep\n|turn|7\n|\n|t:|1700734882\n|move|p1a: Deoxys|Extreme Speed|p2a: Chien-Pao\n|-damage|p2a: Chien-Pao|51\/100\n|move|p2a: Chien-Pao|Ice Spinner|p1a: Deoxys\n|-damage|p1a: Deoxys|0 fnt\n|faint|p1a: Deoxys\n|\n|-weather|Snow|[upkeep]\n|upkeep\n|\n|t:|1700734900\n|switch|p1a: Marshadow|Marshadow|100\/100\n|turn|8\n|\n|t:|1700734902\n|move|p2a: Chien-Pao|Sucker Punch|p1a: Marshadow\n|-enditem|p1a: Marshadow|Focus Sash\n|-damage|p1a: Marshadow|1\/100\n|move|p1a: Marshadow|Close Combat|p2a: Chien-Pao\n|-supereffective|p2a: Chien-Pao\n|-damage|p2a: Chien-Pao|0 fnt\n|-unboost|p1a: Marshadow|def|1\n|-unboost|p1a: Marshadow|spd|1\n|faint|p2a: Chien-Pao\n|\n|-weather|Snow|[upkeep]\n|upkeep\n|\n|t:|1700734910\n|switch|p2a: Ninetales|Ninetales-Alola, F|100\/100\n|-damage|p2a: Ninetales|76\/100|[from] Stealth Rock\n|turn|9\n|\n|t:|1700734913\n|move|p1a: Marshadow|Close Combat|p2a: Ninetales\n|-damage|p2a: Ninetales|14\/100\n|-unboost|p1a: Marshadow|def|1\n|-unboost|p1a: Marshadow|spd|1\n|move|p2a: Ninetales|Aurora Veil|p2a: Ninetales\n|-sidestart|p2: ironjaw kench|move: Aurora Veil\n|\n|-weather|Snow|[upkeep]\n|upkeep\n|turn|10\n|\n|t:|1700734919\n|move|p1a: Marshadow|Close Combat|p2a: Ninetales\n|-damage|p2a: Ninetales|0 fnt\n|-unboost|p1a: Marshadow|def|1\n|-unboost|p1a: Marshadow|spd|1\n|faint|p2a: Ninetales\n|\n|-weather|none\n|upkeep\n|\n|t:|1700734922\n|switch|p2a: Kyurem|Kyurem-White|100\/100\n|-damage|p2a: Kyurem|76\/100|[from] Stealth Rock\n|-ability|p2a: Kyurem|Turboblaze\n|turn|11\n|\n|t:|1700734932\n|move|p2a: Kyurem|Blizzard|p1a: Marshadow\n|-damage|p1a: Marshadow|0 fnt\n|faint|p1a: Marshadow\n|\n|upkeep\n|\n|t:|1700734936\n|switch|p1a: Volcarona|Volcarona, M|100\/100\n|turn|12\n|\n|t:|1700734940\n|switch|p2a: Iron Bundle|Iron Bundle|100\/100\n|-damage|p2a: Iron Bundle|76\/100|[from] Stealth Rock\n|-enditem|p2a: Iron Bundle|Booster Energy\n|-activate|p2a: Iron Bundle|ability: Quark Drive|[fromitem]\n|-start|p2a: Iron Bundle|quarkdrivespe\n|move|p1a: Volcarona|Quiver Dance|p1a: Volcarona\n|-boost|p1a: Volcarona|spa|1\n|-boost|p1a: Volcarona|spd|1\n|-boost|p1a: Volcarona|spe|1\n|\n|upkeep\n|turn|13\n|\n|t:|1700734946\n|switch|p1a: Amoonguss|Amoonguss, F|100\/100\n|move|p2a: Iron Bundle|Encore||[still]\n|-fail|p2a: Iron Bundle\n|\n|-sideend|p2: ironjaw kench|move: Aurora Veil\n|upkeep\n|turn|14\n|\n|t:|1700734953\n|-terastallize|p2a: Iron Bundle|Poison\n|move|p2a: Iron Bundle|Freeze-Dry|p1a: Amoonguss\n|-supereffective|p1a: Amoonguss\n|-damage|p1a: Amoonguss|33\/100\n|move|p1a: Amoonguss|Spore|p2a: Iron Bundle\n|-status|p2a: Iron Bundle|slp|[from] move: Spore\n|\n|-heal|p1a: Amoonguss|40\/100|[from] item: Black Sludge\n|upkeep\n|turn|15\n|c|\u2606plotuser|k\n|\n|t:|1700734964\n|switch|p1a: Volcarona|Volcarona, M|100\/100\n|cant|p2a: Iron Bundle|slp\n|\n|upkeep\n|turn|16\n|\n|t:|1700734968\n|cant|p2a: Iron Bundle|slp\n|move|p1a: Volcarona|Quiver Dance|p1a: Volcarona\n|-boost|p1a: Volcarona|spa|1\n|-boost|p1a: Volcarona|spd|1\n|-boost|p1a: Volcarona|spe|1\n|\n|upkeep\n|turn|17\n|\n|t:|1700734974\n|-curestatus|p2a: Iron Bundle|slp|[msg]\n|move|p2a: Iron Bundle|Encore|p1a: Volcarona\n|-start|p1a: Volcarona|Encore\n|move|p1a: Volcarona|Quiver Dance|p1a: Volcarona\n|-boost|p1a: Volcarona|spa|1\n|-boost|p1a: Volcarona|spd|1\n|-boost|p1a: Volcarona|spe|1\n|\n|upkeep\n|turn|18\n|\n|t:|1700734978\n|switch|p1a: Amoonguss|Amoonguss, F|73\/100\n|move|p2a: Iron Bundle|Hydro Pump|p1a: Amoonguss\n|-resisted|p1a: Amoonguss\n|-damage|p1a: Amoonguss|47\/100\n|\n|-heal|p1a: Amoonguss|53\/100|[from] item: Black Sludge\n|upkeep\n|turn|19\n|\n|t:|1700734984\n|switch|p1a: Volcarona|Volcarona, M|100\/100\n|move|p2a: Iron Bundle|Freeze-Dry|p1a: Volcarona\n|-resisted|p1a: Volcarona\n|-damage|p1a: Volcarona|82\/100\n|\n|upkeep\n|turn|20\n|\n|t:|1700734988\n|move|p2a: Iron Bundle|Hydro Pump|p1a: Volcarona\n|-supereffective|p1a: Volcarona\n|-damage|p1a: Volcarona|0 fnt\n|faint|p1a: Volcarona\n|\n|upkeep\n|\n|t:|1700734992\n|switch|p1a: Altaria|Altaria, F|100\/100\n|-ability|p1a: Altaria|Cloud Nine\n|turn|21\n|\n|t:|1700734994\n|detailschange|p1a: Altaria|Altaria-Mega, F\n|-mega|p1a: Altaria|Altaria|Altarianite\n|move|p2a: Iron Bundle|Freeze-Dry|p1a: Altaria\n|-supereffective|p1a: Altaria\n|-damage|p1a: Altaria|14\/100\n|-status|p1a: Altaria|frz\n|-curestatus|p1a: Altaria|frz|[msg]\n|move|p1a: Altaria|Dragon Dance|p1a: Altaria\n|-boost|p1a: Altaria|atk|1\n|-boost|p1a: Altaria|spe|1\n|\n|upkeep\n|turn|22\n|\n|t:|1700735001\n|move|p2a: Iron Bundle|Freeze-Dry|p1a: Altaria\n|-supereffective|p1a: Altaria\n|-damage|p1a: Altaria|0 fnt\n|faint|p1a: Altaria\n|\n|upkeep\n|\n|t:|1700735003\n|switch|p1a: Yveltal|Yveltal|100\/100\n|-ability|p1a: Yveltal|Dark Aura\n|turn|23\n|\n|t:|1700735007\n|move|p1a: Yveltal|Sucker Punch|p2a: Iron Bundle\n|-damage|p2a: Iron Bundle|30\/100\n|move|p2a: Iron Bundle|Freeze-Dry|p1a: Yveltal\n|-supereffective|p1a: Yveltal\n|-damage|p1a: Yveltal|49\/100\n|\n|-heal|p1a: Yveltal|55\/100|[from] item: Leftovers\n|upkeep\n|turn|24\n|\n|t:|1700735013\n|move|p2a: Iron Bundle|Encore|p1a: Yveltal\n|-start|p1a: Yveltal|Encore\n|move|p1a: Yveltal|Sucker Punch||[still]\n|-fail|p1a: Yveltal\n|\n|-heal|p1a: Yveltal|61\/100|[from] item: Leftovers\n|upkeep\n|turn|25\n|\n|t:|1700735019\n|switch|p1a: Amoonguss|Amoonguss, F|87\/100\n|move|p2a: Iron Bundle|Encore||[still]\n|-fail|p2a: Iron Bundle\n|\n|-heal|p1a: Amoonguss|93\/100|[from] item: Black Sludge\n|upkeep\n|turn|26\n|\n|t:|1700735027\n|move|p2a: Iron Bundle|Freeze-Dry|p1a: Amoonguss\n|-supereffective|p1a: Amoonguss\n|-damage|p1a: Amoonguss|27\/100\n|move|p1a: Amoonguss|Spore|p2a: Iron Bundle\n|-status|p2a: Iron Bundle|slp|[from] move: Spore\n|\n|-heal|p1a: Amoonguss|33\/100|[from] item: Black Sludge\n|upkeep\n|turn|27\n|\n|t:|1700735030\n|switch|p1a: Yveltal|Yveltal|61\/100\n|-ability|p1a: Yveltal|Dark Aura\n|cant|p2a: Iron Bundle|slp\n|\n|-heal|p1a: Yveltal|68\/100|[from] item: Leftovers\n|upkeep\n|turn|28\n|\n|t:|1700735033\n|cant|p2a: Iron Bundle|slp\n|move|p1a: Yveltal|Oblivion Wing|p2a: Iron Bundle\n|-damage|p2a: Iron Bundle|0 fnt\n|-heal|p1a: Yveltal|80\/100|[from] drain|[of] p2a: Iron Bundle\n|faint|p2a: Iron Bundle\n|-end|p2a: Iron Bundle|Quark Drive|[silent]\n|\n|-heal|p1a: Yveltal|86\/100|[from] item: Leftovers\n|upkeep\n|\n|t:|1700735036\n|switch|p2a: Kyurem|Kyurem-White|76\/100\n|-damage|p2a: Kyurem|51\/100|[from] Stealth Rock\n|-ability|p2a: Kyurem|Turboblaze\n|turn|29\n|\n|t:|1700735039\n|-terastallize|p1a: Yveltal|Dark\n|move|p1a: Yveltal|Sucker Punch|p2a: Kyurem\n|-damage|p2a: Kyurem|1\/100\n|move|p2a: Kyurem|Blizzard|p1a: Yveltal|[miss]\n|-miss|p2a: Kyurem|p1a: Yveltal\n|\n|-heal|p1a: Yveltal|92\/100|[from] item: Leftovers\n|upkeep\n|turn|30\n|\n|t:|1700735045\n|move|p2a: Kyurem|Blizzard|p1a: Yveltal\n|-damage|p1a: Yveltal|34\/100\n|move|p1a: Yveltal|Dark Pulse|p2a: Kyurem\n|-damage|p2a: Kyurem|0 fnt\n|faint|p2a: Kyurem\n|\n|-heal|p1a: Yveltal|40\/100|[from] item: Leftovers\n|upkeep\n|\n|t:|1700735048\n|switch|p2a: Calyrex|Calyrex-Ice|100\/100\n|-ability|p2a: Calyrex|As One\n|-ability|p2a: Calyrex|Unnerve\n|-damage|p2a: Calyrex|76\/100|[from] Stealth Rock\n|turn|31\n|c|\u2606plotuser|gg\n|\n|t:|1700735054\n|move|p1a: Yveltal|Dark Pulse|p2a: Calyrex\n|-supereffective|p2a: Calyrex\n|-damage|p2a: Calyrex|2\/100\n|move|p2a: Calyrex|Glacial Lance|p1a: Yveltal\n|-damage|p1a: Yveltal|0 fnt\n|faint|p1a: Yveltal\n|-ability|p2a: Calyrex|Chilling Neigh|boost\n|-boost|p2a: Calyrex|atk|1\n|\n|upkeep\n|\n|t:|1700735058\n|switch|p1a: Amoonguss|Amoonguss, F|67\/100\n|turn|32\n|\n|t:|1700735062\n|move|p2a: Calyrex|Glacial Lance|p1a: Amoonguss\n|-supereffective|p1a: Amoonguss\n|-damage|p1a: Amoonguss|0 fnt\n|faint|p1a: Amoonguss\n|\n|win|ironjaw kench\n|raw|plotuser's rating: 1183 &rarr; <strong>1160<\/strong><br \/>(-23 for losing)\n|raw|ironjaw kench's rating: 1208 &rarr; <strong>1231<\/strong><br \/>(+23 for winning)\n|c|\u2606ironjaw kench|ggs\n|c|\u2606ironjaw kench|close game\n|c|\u2606plotuser|yes\n","uploadtime":1700735079,"views":1,"p1id":"plotuser","p2id":"ironjawkench","formatid":"gen9nationaldexubers","rating":1160,"private":0,"password":""}