{"id":"gen9nationaldexubers-1982394576","p1":"Steven Stone 007","p2":"Aroma Nobody","format":"[Gen 9] National Dex Ubers","log":"|j|\u2606Steven Stone 007\n|j|\u2606Aroma Nobody\n|t:|1699009215\n|gametype|singles\n|player|p1|Steven Stone 007|steven|\n|player|p2|Aroma Nobody|turo-ai|\n|teamsize|p1|6\n|teamsize|p2|6\n|gen|9\n|tier|[Gen 9] National Dex Ubers\n|rule|HP Percentage Mod: HP is shown in percentages\n|rule|Endless Battle Clause: Forcing endless battles is banned\n|rule|OHKO Clause: OHKO moves are banned\n|rule|Evasion Moves Clause: Evasion moves are banned\n|rule|Evasion Items Clause: Evasion items are banned\n|rule|Species Clause: Limit one of each Pok\u00e9mon\n|rule|Sleep Clause Mod: Limit one foe put to sleep\n|rule|Mega Rayquaza Clause: You cannot mega evolve Rayquaza\n|clearpoke\n|poke|p1|Dragapult, F|\n|poke|p1|Cresselia, F|\n|poke|p1|Ferrothorn, F|\n|poke|p1|Milotic, M|\n|poke|p1|Lopunny, F|\n|poke|p1|Ninetales-Alola, M|\n|poke|p2|Iron Bundle|\n|poke|p2|Slowking, M|\n|poke|p2|Toxapex, F|\n|poke|p2|Armarouge, F|\n|poke|p2|Blastoise, M|\n|poke|p2|Urshifu-*, M|\n|teampreview\n|c|\u2606Steven Stone 007|GL\n|c|\u2606Aroma Nobody|Glhf\n|\n|t:|1699009237\n|start\n|switch|p1a: Lopunny|Lopunny, F|100\/100\n|switch|p2a: Urshifu|Urshifu-Rapid-Strike, M|100\/100\n|turn|1\n|\n|t:|1699009243\n|switch|p2a: Toxapex|Toxapex, F|100\/100\n|detailschange|p1a: Lopunny|Lopunny-Mega, F\n|-mega|p1a: Lopunny|Lopunny|Lopunnite\n|move|p1a: Lopunny|Fake Out|p2a: Toxapex\n|-damage|p2a: Toxapex|88\/100\n|\n|-heal|p2a: Toxapex|94\/100|[from] item: Leftovers\n|upkeep\n|turn|2\n|\n|t:|1699009274\n|switch|p1a: Milotic|Milotic, M|100\/100\n|switch|p2a: Urshifu|Urshifu-Rapid-Strike, M|100\/100\n|\n|upkeep\n|turn|3\n|\n|t:|1699009314\n|move|p2a: Urshifu|Close Combat|p1a: Milotic\n|-damage|p1a: Milotic|0 fnt\n|-unboost|p2a: Urshifu|def|1\n|-unboost|p2a: Urshifu|spd|1\n|faint|p1a: Milotic\n|\n|upkeep\n|\n|t:|1699009320\n|switch|p1a: Dragapult|Dragapult, F|100\/100\n|turn|4\n|c|\u2606Steven Stone 007|band\n|\n|t:|1699009334\n|switch|p2a: Slowking|Slowking, M|100\/100\n|move|p1a: Dragapult|Substitute|p1a: Dragapult\n|-start|p1a: Dragapult|Substitute\n|-damage|p1a: Dragapult|76\/100\n|\n|-heal|p1a: Dragapult|82\/100|[from] item: Leftovers\n|upkeep\n|turn|5\n|\n|t:|1699009342\n|move|p1a: Dragapult|Dragon Dance|p1a: Dragapult\n|-boost|p1a: Dragapult|atk|1\n|-boost|p1a: Dragapult|spe|1\n|move|p2a: Slowking|Future Sight|p1a: Dragapult\n|-start|p2a: Slowking|move: Future Sight\n|\n|-heal|p1a: Dragapult|88\/100|[from] item: Leftovers\n|upkeep\n|turn|6\n|\n|t:|1699009348\n|move|p1a: Dragapult|Dragon Dance|p1a: Dragapult\n|-boost|p1a: Dragapult|atk|1\n|-boost|p1a: Dragapult|spe|1\n|move|p2a: Slowking|Chilly Reception|p2a: Slowking\n|-weather|Snow\n|\n|t:|1699009351\n|switch|p2a: Toxapex|Toxapex, F|100\/100|[from] Chilly Reception\n|\n|-weather|Snow|[upkeep]\n|-heal|p1a: Dragapult|94\/100|[from] item: Leftovers\n|upkeep\n|turn|7\n|\n|t:|1699009357\n|-terastallize|p1a: Dragapult|Ghost\n|move|p1a: Dragapult|Tera Blast|p2a: Toxapex|[anim] Tera Blast Ghost\n|-damage|p2a: Toxapex|31\/100\n|move|p2a: Toxapex|Haze|p2a: Toxapex\n|-clearallboost\n|\n|-weather|Snow|[upkeep]\n|-end|p1a: Dragapult|move: Future Sight\n|-end|p1a: Dragapult|Substitute\n|-heal|p1a: Dragapult|99\/100|[from] item: Leftovers\n|-heal|p2a: Toxapex|38\/100|[from] item: Leftovers\n|upkeep\n|turn|8\n|\n|t:|1699009368\n|switch|p2a: Iron Bundle|Iron Bundle|100\/100\n|move|p1a: Dragapult|Substitute|p1a: Dragapult\n|-start|p1a: Dragapult|Substitute\n|-damage|p1a: Dragapult|75\/100\n|\n|-weather|Snow|[upkeep]\n|-heal|p1a: Dragapult|81\/100|[from] item: Leftovers\n|upkeep\n|turn|9\n|\n|t:|1699009373\n|move|p2a: Iron Bundle|Ice Beam|p1a: Dragapult\n|-end|p1a: Dragapult|Substitute\n|move|p1a: Dragapult|Dragon Darts|p2a: Iron Bundle\n|-damage|p2a: Iron Bundle|80\/100\n|-anim|p1a: Dragapult|Dragon Darts|p2a: Iron Bundle\n|-damage|p2a: Iron Bundle|60\/100\n|\n|-weather|Snow|[upkeep]\n|-heal|p1a: Dragapult|87\/100|[from] item: Leftovers\n|upkeep\n|turn|10\n|\n|t:|1699009380\n|move|p2a: Iron Bundle|Ice Beam|p1a: Dragapult\n|-damage|p1a: Dragapult|28\/100\n|move|p1a: Dragapult|Dragon Dance|p1a: Dragapult\n|-boost|p1a: Dragapult|atk|1\n|-boost|p1a: Dragapult|spe|1\n|\n|-weather|none\n|-heal|p1a: Dragapult|34\/100|[from] item: Leftovers\n|upkeep\n|turn|11\n|\n|t:|1699009392\n|move|p1a: Dragapult|Tera Blast|p2a: Iron Bundle|[anim] Tera Blast Ghost\n|-damage|p2a: Iron Bundle|0 fnt\n|faint|p2a: Iron Bundle\n|-end|p2a: Iron Bundle|Quark Drive|[silent]\n|\n|-heal|p1a: Dragapult|40\/100|[from] item: Leftovers\n|upkeep\n|\n|t:|1699009396\n|switch|p2a: Toxapex|Toxapex, F|71\/100\n|turn|12\n|\n|t:|1699009399\n|move|p1a: Dragapult|Substitute|p1a: Dragapult\n|-start|p1a: Dragapult|Substitute\n|-damage|p1a: Dragapult|15\/100\n|move|p2a: Toxapex|Haze|p2a: Toxapex\n|-clearallboost\n|\n|-heal|p1a: Dragapult|21\/100|[from] item: Leftovers\n|-heal|p2a: Toxapex|77\/100|[from] item: Leftovers\n|upkeep\n|turn|13\n|\n|t:|1699009408\n|switch|p2a: Blastoise|Blastoise, M|100\/100\n|move|p1a: Dragapult|Dragon Dance|p1a: Dragapult\n|-boost|p1a: Dragapult|atk|1\n|-boost|p1a: Dragapult|spe|1\n|\n|-heal|p1a: Dragapult|27\/100|[from] item: Leftovers\n|upkeep\n|turn|14\n|\n|t:|1699009413\n|move|p1a: Dragapult|Dragon Dance|p1a: Dragapult\n|-boost|p1a: Dragapult|atk|1\n|-boost|p1a: Dragapult|spe|1\n|move|p2a: Blastoise|Ice Beam|p1a: Dragapult\n|-end|p1a: Dragapult|Substitute\n|-damage|p2a: Blastoise|91\/100|[from] item: Life Orb\n|\n|-heal|p1a: Dragapult|33\/100|[from] item: Leftovers\n|upkeep\n|turn|15\n|\n|t:|1699009418\n|move|p1a: Dragapult|Tera Blast|p2a: Blastoise|[anim] Tera Blast Ghost\n|-damage|p2a: Blastoise|0 fnt\n|faint|p2a: Blastoise\n|\n|-heal|p1a: Dragapult|39\/100|[from] item: Leftovers\n|upkeep\n|\n|t:|1699009427\n|switch|p2a: Toxapex|Toxapex, F|100\/100\n|turn|16\n|\n|t:|1699009430\n|move|p1a: Dragapult|Tera Blast|p2a: Toxapex|[anim] Tera Blast Ghost\n|-crit|p2a: Toxapex\n|-damage|p2a: Toxapex|0 fnt\n|faint|p2a: Toxapex\n|\n|-heal|p1a: Dragapult|45\/100|[from] item: Leftovers\n|upkeep\n|c|\u2606Steven Stone 007|WTF\n|c|\u2606Aroma Nobody|Crit\n|c|\u2606Steven Stone 007|Sad\n|c|\u2606Aroma Nobody|Gg\n|\n|t:|1699009447\n|switch|p2a: Armarouge|Armarouge, F|100\/100\n|turn|17\n|c|\u2606Steven Stone 007|GG\n|\n|t:|1699009451\n|move|p2a: Armarouge|Endure|p2a: Armarouge\n|-singleturn|p2a: Armarouge|move: Endure\n|move|p1a: Dragapult|Dragon Darts|p2a: Armarouge\n|-damage|p2a: Armarouge|45\/100\n|-ability|p2a: Armarouge|Weak Armor|boost\n|-unboost|p2a: Armarouge|def|1\n|-boost|p2a: Armarouge|spe|2\n|-anim|p1a: Dragapult|Dragon Darts|p2a: Armarouge\n|-activate|p2a: Armarouge|move: Endure\n|-damage|p2a: Armarouge|1\/100\n|-ability|p2a: Armarouge|Weak Armor|boost\n|-unboost|p2a: Armarouge|def|1\n|-boost|p2a: Armarouge|spe|2\n|\n|-heal|p1a: Dragapult|51\/100|[from] item: Leftovers\n|upkeep\n|turn|18\n|c|\u2606Steven Stone 007|oooo\n|\n|t:|1699009462\n|-terastallize|p2a: Armarouge|Psychic\n|move|p2a: Armarouge|Expanding Force|p1a: Dragapult\n|-damage|p1a: Dragapult|0 fnt\n|faint|p1a: Dragapult\n|\n|upkeep\n|\n|t:|1699009466\n|switch|p1a: Lopunny|Lopunny-Mega, F|100\/100\n|turn|19\n|c|\u2606Aroma Nobody|Oh\n|c|\u2606Aroma Nobody|That works\n|\n|t:|1699009475\n|move|p2a: Armarouge|Endure|p2a: Armarouge\n|-singleturn|p2a: Armarouge|move: Endure\n|move|p1a: Lopunny|Fake Out|p2a: Armarouge\n|-activate|p2a: Armarouge|move: Endure\n|-damage|p2a: Armarouge|1\/100\n|-ability|p2a: Armarouge|Weak Armor|boost\n|-unboost|p2a: Armarouge|def|1\n|-boost|p2a: Armarouge|spe|2\n|\n|upkeep\n|turn|20\n|\n|t:|1699009483\n|switch|p1a: Cresselia|Cresselia, F, shiny|100\/100\n|move|p2a: Armarouge|Expanding Force|p1a: Cresselia\n|-resisted|p1a: Cresselia\n|-damage|p1a: Cresselia|84\/100\n|\n|upkeep\n|turn|21\n|\n|t:|1699009488\n|move|p2a: Armarouge|Armor Cannon|p1a: Cresselia\n|-damage|p1a: Cresselia|47\/100\n|-unboost|p2a: Armarouge|def|1\n|-unboost|p2a: Armarouge|spd|1\n|move|p1a: Cresselia|Calm Mind|p1a: Cresselia\n|-boost|p1a: Cresselia|spa|1\n|-boost|p1a: Cresselia|spd|1\n|\n|upkeep\n|turn|22\n|\n|t:|1699009493\n|move|p2a: Armarouge|Armor Cannon|p1a: Cresselia\n|-damage|p1a: Cresselia|20\/100\n|-unboost|p2a: Armarouge|def|1\n|-unboost|p2a: Armarouge|spd|1\n|move|p1a: Cresselia|Moonlight|p1a: Cresselia\n|-heal|p1a: Cresselia|70\/100\n|\n|upkeep\n|turn|23\n|\n|t:|1699009496\n|move|p2a: Armarouge|Armor Cannon|p1a: Cresselia\n|-damage|p1a: Cresselia|43\/100\n|-unboost|p2a: Armarouge|def|1\n|-unboost|p2a: Armarouge|spd|1\n|move|p1a: Cresselia|Calm Mind|p1a: Cresselia\n|-boost|p1a: Cresselia|spa|1\n|-boost|p1a: Cresselia|spd|1\n|\n|upkeep\n|turn|24\n|\n|t:|1699009500\n|switch|p2a: Urshifu|Urshifu-Rapid-Strike, M|100\/100\n|move|p1a: Cresselia|Moonlight|p1a: Cresselia\n|-heal|p1a: Cresselia|93\/100\n|\n|upkeep\n|turn|25\n|\n|t:|1699009503\n|move|p2a: Urshifu|Surging Strikes|p1a: Cresselia\n|-crit|p1a: Cresselia\n|-damage|p1a: Cresselia|77\/100\n|-crit|p1a: Cresselia\n|-damage|p1a: Cresselia|58\/100\n|-crit|p1a: Cresselia\n|-damage|p1a: Cresselia|40\/100\n|-hitcount|p1a: Cresselia|3\n|move|p1a: Cresselia|Stored Power|p2a: Urshifu\n|-supereffective|p2a: Urshifu\n|-damage|p2a: Urshifu|0 fnt\n|faint|p2a: Urshifu\n|\n|upkeep\n|\n|t:|1699009508\n|switch|p2a: Armarouge|Armarouge, F, tera:Psychic|1\/100\n|turn|26\n|\n|t:|1699009510\n|move|p2a: Armarouge|Armor Cannon|p1a: Cresselia\n|-damage|p1a: Cresselia|19\/100\n|-unboost|p2a: Armarouge|def|1\n|-unboost|p2a: Armarouge|spd|1\n|move|p1a: Cresselia|Moonlight|p1a: Cresselia\n|-heal|p1a: Cresselia|69\/100\n|\n|upkeep\n|turn|27\n|\n|t:|1699009515\n|move|p2a: Armarouge|Armor Cannon|p1a: Cresselia\n|-damage|p1a: Cresselia|49\/100\n|-unboost|p2a: Armarouge|def|1\n|-unboost|p2a: Armarouge|spd|1\n|move|p1a: Cresselia|Moonlight|p1a: Cresselia\n|-heal|p1a: Cresselia|99\/100\n|\n|upkeep\n|turn|28\n|c|\u2606Steven Stone 007|GG\n|c|\u2606Aroma Nobody|Gg\n|\n|t:|1699009540\n|move|p2a: Armarouge|Endure|p2a: Armarouge\n|-singleturn|p2a: Armarouge|move: Endure\n|move|p1a: Cresselia|Calm Mind|p1a: Cresselia\n|-boost|p1a: Cresselia|spa|1\n|-boost|p1a: Cresselia|spd|1\n|\n|upkeep\n|turn|29\n|\n|t:|1699009542\n|move|p2a: Armarouge|Armor Cannon|p1a: Cresselia\n|-damage|p1a: Cresselia|84\/100\n|-unboost|p2a: Armarouge|def|1\n|-unboost|p2a: Armarouge|spd|1\n|move|p1a: Cresselia|Stored Power|p2a: Armarouge\n|-resisted|p2a: Armarouge\n|-damage|p2a: Armarouge|0 fnt\n|faint|p2a: Armarouge\n|\n|upkeep\n|\n|t:|1699009544\n|switch|p2a: Slowking|Slowking, M|100\/100\n|turn|30\n|\n|t:|1699009546\n|move|p1a: Cresselia|Moonblast|p2a: Slowking\n|-damage|p2a: Slowking|74\/100\n|-unboost|p2a: Slowking|spa|1\n|move|p2a: Slowking|Future Sight|p1a: Cresselia\n|-start|p2a: Slowking|move: Future Sight\n|\n|upkeep\n|turn|31\n|\n|t:|1699009610\n|move|p1a: Cresselia|Stored Power|p2a: Slowking\n|-resisted|p2a: Slowking\n|-damage|p2a: Slowking|48\/100\n|move|p2a: Slowking|Surf|p1a: Cresselia\n|-damage|p1a: Cresselia|79\/100\n|\n|upkeep\n|turn|32\n|c|\u2606Aroma Nobody|Mb thought i died\n|\n|t:|1699009639\n|move|p1a: Cresselia|Stored Power|p2a: Slowking\n|-resisted|p2a: Slowking\n|-damage|p2a: Slowking|18\/100\n|move|p2a: Slowking|Chilly Reception|p2a: Slowking\n|-weather|Snow\n|\n|-weather|Snow|[upkeep]\n|-end|p1a: Cresselia|move: Future Sight\n|-resisted|p1a: Cresselia\n|-damage|p1a: Cresselia|75\/100\n|upkeep\n|turn|33\n|\n|t:|1699009647\n|move|p1a: Cresselia|Stored Power|p2a: Slowking\n|-resisted|p2a: Slowking\n|-damage|p2a: Slowking|0 fnt\n|faint|p2a: Slowking\n|\n|win|Steven Stone 007\n|c|\u2606Aroma Nobody|Gg\n","uploadtime":1699009665,"views":18,"p1id":"stevenstone007","p2id":"aromanobody","formatid":"gen9nationaldexubers","rating":0,"private":0,"password":""}