{"id":"gen9nationaldexubers-1984111342","p1":"M3wL0v3r","p2":"Rigostar","format":"[Gen 9] National Dex Ubers","log":"|j|\u2606M3wL0v3r\n|j|\u2606Rigostar\n|t:|1699219832\n|gametype|singles\n|player|p1|M3wL0v3r|170|1060\n|player|p2|Rigostar|265|1013\n|teamsize|p1|6\n|teamsize|p2|6\n|gen|9\n|tier|[Gen 9] National Dex Ubers\n|rated|\n|rule|HP Percentage Mod: HP is shown in percentages\n|rule|Endless Battle Clause: Forcing endless battles is banned\n|rule|OHKO Clause: OHKO moves are banned\n|rule|Evasion Moves Clause: Evasion moves are banned\n|rule|Evasion Items Clause: Evasion items are banned\n|rule|Species Clause: Limit one of each Pok\u00e9mon\n|rule|Sleep Clause Mod: Limit one foe put to sleep\n|rule|Mega Rayquaza Clause: You cannot mega evolve Rayquaza\n|clearpoke\n|poke|p1|Marshadow|\n|poke|p1|Marowak, F|\n|poke|p1|Miltank, F|\n|poke|p1|Quagsire, F|\n|poke|p1|Amoonguss, M|\n|poke|p1|Raichu, F|\n|poke|p2|Krookodile, M|\n|poke|p2|Tropius, M|\n|poke|p2|Skarmory, M|\n|poke|p2|Quagsire, M|\n|poke|p2|Chansey, F|\n|poke|p2|Gengar, M|\n|teampreview\n|\n|t:|1699219842\n|start\n|switch|p1a: Marowak|Marowak, F|100\/100\n|switch|p2a: Krookodile|Krookodile, M|100\/100\n|-ability|p2a: Krookodile|Intimidate|boost\n|-unboost|p1a: Marowak|atk|1\n|turn|1\n|l|\u2606M3wL0v3r\n|player|p1|\n|c|\u2606Rigostar|ez\n|inactive|Battle timer is ON: inactive players will automatically lose when time's up. (requested by Rigostar)\n|inactive|M3wL0v3r has 30 seconds to reconnect!\n|inactive|M3wL0v3r has 20 seconds to reconnect!\n|inactive|M3wL0v3r has 15 seconds to reconnect!\n|inactive|M3wL0v3r has 10 seconds to reconnect!\n|inactive|M3wL0v3r has 5 seconds to reconnect!\n|j|\u2606M3wL0v3r\n|inactive|M3wL0v3r reconnected and has 95 seconds left.\n|player|p1|M3wL0v3r|170\n|inactive|M3wL0v3r has 90 seconds left.\n|\n|t:|1699219930\n|move|p2a: Krookodile|Stealth Rock|p1a: Marowak\n|-sidestart|p1: M3wL0v3r|move: Stealth Rock\n|move|p1a: Marowak|Swords Dance|p1a: Marowak\n|-boost|p1a: Marowak|atk|2\n|\n|upkeep\n|turn|2\n|\n|t:|1699219935\n|move|p2a: Krookodile|Taunt|p1a: Marowak\n|-start|p1a: Marowak|move: Taunt\n|move|p1a: Marowak|Bonemerang|p2a: Krookodile\n|-damage|p2a: Krookodile|53\/100\n|-damage|p2a: Krookodile|2\/100\n|-hitcount|p2a: Krookodile|2\n|\n|-heal|p2a: Krookodile|8\/100|[from] item: Leftovers\n|upkeep\n|turn|3\n|\n|t:|1699219944\n|switch|p2a: Skarmory|Skarmory, M|100\/100\n|move|p1a: Marowak|Bonemerang|p2a: Skarmory\n|-immune|p2a: Skarmory\n|\n|upkeep\n|turn|4\n|\n|t:|1699219953\n|move|p1a: Marowak|Smack Down|p2a: Skarmory\n|-damage|p2a: Skarmory|78\/100\n|-start|p2a: Skarmory|Smack Down\n|move|p2a: Skarmory|Counter|p1a: Marowak\n|-damage|p1a: Marowak|53\/100\n|\n|-end|p1a: Marowak|move: Taunt\n|upkeep\n|turn|5\n|\n|t:|1699219965\n|move|p1a: Marowak|Bonemerang|p2a: Skarmory\n|-supereffective|p2a: Skarmory\n|-damage|p2a: Skarmory|0 fnt\n|faint|p2a: Skarmory\n|-hitcount|p2: Skarmory|1\n|\n|upkeep\n|\n|t:|1699219974\n|switch|p2a: Tropius|Tropius, M|100\/100\n|turn|6\n|\n|t:|1699219980\n|switch|p1a: Steak|Miltank, F|100\/100\n|-damage|p1a: Steak|88\/100|[from] Stealth Rock\n|move|p2a: Tropius|Protect||[still]\n|-fail|p2a: Tropius\n|\n|upkeep\n|turn|7\n|\n|t:|1699219987\n|move|p1a: Steak|Ice Punch|p2a: Tropius\n|-supereffective|p2a: Tropius\n|-damage|p2a: Tropius|21\/100\n|-enditem|p2a: Tropius|Sitrus Berry|[eat]\n|-heal|p2a: Tropius|46\/100|[from] item: Sitrus Berry\n|move|p2a: Tropius|Substitute|p2a: Tropius\n|-start|p2a: Tropius|Substitute\n|-damage|p2a: Tropius|21\/100\n|\n|upkeep\n|turn|8\n|\n|t:|1699219994\n|move|p1a: Steak|Ice Punch|p2a: Tropius\n|-supereffective|p2a: Tropius\n|-end|p2a: Tropius|Substitute\n|move|p2a: Tropius|Leech Seed|p1a: Steak\n|-ability|p1a: Steak|Sap Sipper|boost\n|-boost|p1a: Steak|atk|1\n|\n|-item|p2a: Tropius|Sitrus Berry|[from] ability: Harvest\n|upkeep\n|-enditem|p2a: Tropius|Sitrus Berry|[eat]\n|-heal|p2a: Tropius|46\/100|[from] item: Sitrus Berry\n|turn|9\n|\n|t:|1699220009\n|switch|p2a: Gengar|Gengar, M|100\/100\n|move|p1a: Steak|Ice Punch|p2a: Gengar\n|-damage|p2a: Gengar|42\/100\n|\n|-heal|p2a: Gengar|48\/100|[from] item: Black Sludge\n|upkeep\n|turn|10\n|\n|t:|1699220024\n|switch|p2a: Quagsire|Quagsire, M|100\/100\n|move|p1a: Steak|Earthquake|p2a: Quagsire\n|-damage|p2a: Quagsire|82\/100\n|\n|-heal|p2a: Quagsire|88\/100|[from] item: Leftovers\n|upkeep\n|turn|11\n|\n|t:|1699220033\n|move|p1a: Steak|Ice Punch|p2a: Quagsire\n|-damage|p2a: Quagsire|75\/100\n|move|p2a: Quagsire|Haze|p2a: Quagsire\n|-clearallboost\n|\n|-heal|p2a: Quagsire|81\/100|[from] item: Leftovers\n|upkeep\n|turn|12\n|\n|t:|1699220044\n|switch|p1a: Amoonguss|Amoonguss, M|100\/100\n|-damage|p1a: Amoonguss|88\/100|[from] Stealth Rock\n|move|p2a: Quagsire|Toxic|p1a: Amoonguss\n|-immune|p1a: Amoonguss\n|\n|-heal|p2a: Quagsire|87\/100|[from] item: Leftovers\n|upkeep\n|turn|13\n|\n|t:|1699220051\n|move|p1a: Amoonguss|Spore|p2a: Quagsire\n|-status|p2a: Quagsire|slp|[from] move: Spore\n|cant|p2a: Quagsire|slp\n|\n|-heal|p2a: Quagsire|93\/100 slp|[from] item: Leftovers\n|upkeep\n|turn|14\n|\n|t:|1699220059\n|switch|p2a: Chansey|Chansey, F|100\/100\n|move|p1a: Amoonguss|Giga Drain|p2a: Chansey\n|-damage|p2a: Chansey|91\/100\n|-heal|p1a: Amoonguss|96\/100|[from] drain|[of] p2a: Chansey\n|\n|upkeep\n|turn|15\n|\n|t:|1699220066\n|move|p2a: Chansey|Seismic Toss|p1a: Amoonguss\n|-damage|p1a: Amoonguss|73\/100\n|move|p1a: Amoonguss|Sludge Bomb|p2a: Chansey\n|-damage|p2a: Chansey|79\/100\n|\n|upkeep\n|turn|16\n|\n|t:|1699220086\n|move|p2a: Chansey|Seismic Toss|p1a: Amoonguss\n|-damage|p1a: Amoonguss|49\/100\n|move|p1a: Amoonguss|Spore|p2a: Chansey\n|-message|Sleep Clause Mod activated.\n|-hint|Sleep Clause Mod prevents players from putting more than one of their opponent's Pok\u00e9mon to sleep at a time\n|\n|upkeep\n|turn|17\n|\n|t:|1699220096\n|switch|p1a: Steak|Miltank, F|88\/100\n|-damage|p1a: Steak|76\/100|[from] Stealth Rock\n|move|p2a: Chansey|Seismic Toss|p1a: Steak\n|-damage|p1a: Steak|50\/100\n|\n|upkeep\n|turn|18\n|\n|t:|1699220103\n|switch|p2a: Quagsire|Quagsire, M|93\/100 slp\n|move|p1a: Steak|Milk Drink|p1a: Steak\n|-heal|p1a: Steak|99\/100\n|\n|-heal|p2a: Quagsire|99\/100 slp|[from] item: Leftovers\n|upkeep\n|turn|19\n|\n|t:|1699220116\n|switch|p1a: Amoonguss|Amoonguss, M|49\/100\n|-damage|p1a: Amoonguss|37\/100|[from] Stealth Rock\n|-curestatus|p2a: Quagsire|slp|[msg]\n|move|p2a: Quagsire|Toxic|p1a: Amoonguss\n|-immune|p1a: Amoonguss\n|\n|-heal|p2a: Quagsire|100\/100|[from] item: Leftovers\n|upkeep\n|turn|20\n|\n|t:|1699220124\n|switch|p2a: Chansey|Chansey, F|79\/100\n|move|p1a: Amoonguss|Giga Drain|p2a: Chansey\n|-damage|p2a: Chansey|68\/100\n|-heal|p1a: Amoonguss|46\/100|[from] drain|[of] p2a: Chansey\n|\n|upkeep\n|turn|21\n|\n|t:|1699220133\n|switch|p1a: Steak|Miltank, F|99\/100\n|-damage|p1a: Steak|88\/100|[from] Stealth Rock\n|move|p2a: Chansey|Heal Bell||[still]\n|-activate|p2a: Chansey|move: Heal Bell\n|-fail|p2a: Chansey\n|\n|upkeep\n|turn|22\n|\n|t:|1699220161\n|switch|p2a: Quagsire|Quagsire, M|100\/100\n|move|p1a: Steak|Ice Punch|p2a: Quagsire\n|-damage|p2a: Quagsire|87\/100\n|\n|-heal|p2a: Quagsire|93\/100|[from] item: Leftovers\n|upkeep\n|turn|23\n|inactive|M3wL0v3r has 120 seconds left.\n|\n|t:|1699220182\n|switch|p1a: Amoonguss|Amoonguss, M|46\/100\n|-damage|p1a: Amoonguss|34\/100|[from] Stealth Rock\n|move|p2a: Quagsire|Toxic|p1a: Amoonguss\n|-immune|p1a: Amoonguss\n|\n|-heal|p2a: Quagsire|99\/100|[from] item: Leftovers\n|upkeep\n|turn|24\n|inactive|M3wL0v3r has 120 seconds left.\n|\n|t:|1699220190\n|switch|p2a: Chansey|Chansey, F|68\/100\n|move|p1a: Amoonguss|Spore|p2a: Chansey\n|-status|p2a: Chansey|slp|[from] move: Spore\n|\n|upkeep\n|turn|25\n|\n|t:|1699220199\n|cant|p2a: Chansey|slp\n|move|p1a: Amoonguss|Giga Drain|p2a: Chansey\n|-damage|p2a: Chansey|58\/100 slp\n|-heal|p1a: Amoonguss|42\/100|[from] drain|[of] p2a: Chansey\n|\n|upkeep\n|turn|26\n|\n|t:|1699220207\n|switch|p1a: Thief|Marshadow|100\/100\n|-damage|p1a: Thief|94\/100|[from] Stealth Rock\n|cant|p2a: Chansey|slp\n|\n|upkeep\n|turn|27\n|\n|t:|1699220221\n|-curestatus|p2a: Chansey|slp|[from] ability: Natural Cure\n|switch|p2a: Tropius|Tropius, M|46\/100\n|-terastallize|p1a: Thief|Fighting\n|move|p1a: Thief|Brick Break|p2a: Tropius\n|-resisted|p2a: Tropius\n|-damage|p2a: Tropius|25\/100\n|\n|upkeep\n|turn|28\n|\n|t:|1699220233\n|move|p2a: Tropius|Protect|p2a: Tropius\n|-singleturn|p2a: Tropius|Protect\n|move|p1a: Thief|Spectral Thief|p2a: Tropius\n|-activate|p2a: Tropius|move: Protect\n|\n|upkeep\n|turn|29\n|\n|t:|1699220249\n|switch|p2a: Quagsire|Quagsire, M|99\/100\n|move|p1a: Thief|Spectral Thief|p2a: Quagsire\n|-damage|p2a: Quagsire|66\/100\n|\n|-heal|p2a: Quagsire|72\/100|[from] item: Leftovers\n|upkeep\n|turn|30\n|\n|t:|1699220266\n|move|p1a: Thief|Spectral Thief|p2a: Quagsire\n|-damage|p2a: Quagsire|37\/100\n|move|p2a: Quagsire|Toxic|p1a: Thief\n|-status|p1a: Thief|tox\n|\n|-heal|p2a: Quagsire|43\/100|[from] item: Leftovers\n|-damage|p1a: Thief|88\/100 tox|[from] psn\n|upkeep\n|turn|31\n|\n|t:|1699220278\n|move|p1a: Thief|Knock Off|p2a: Quagsire\n|-damage|p2a: Quagsire|19\/100\n|-enditem|p2a: Quagsire|Leftovers|[from] move: Knock Off|[of] p1a: Thief\n|move|p2a: Quagsire|Recover|p2a: Quagsire\n|-heal|p2a: Quagsire|69\/100\n|\n|-damage|p1a: Thief|76\/100 tox|[from] psn\n|upkeep\n|turn|32\n|\n|t:|1699220285\n|switch|p1a: Amoonguss|Amoonguss, M|42\/100\n|-damage|p1a: Amoonguss|30\/100|[from] Stealth Rock\n|move|p2a: Quagsire|Recover|p2a: Quagsire\n|-heal|p2a: Quagsire|100\/100\n|\n|upkeep\n|turn|33\n|\n|t:|1699220292\n|switch|p2a: Chansey|Chansey, F|58\/100\n|move|p1a: Amoonguss|Giga Drain|p2a: Chansey\n|-damage|p2a: Chansey|48\/100\n|-heal|p1a: Amoonguss|38\/100|[from] drain|[of] p2a: Chansey\n|\n|upkeep\n|turn|34\n|\n|t:|1699220302\n|move|p2a: Chansey|Soft-Boiled|p2a: Chansey\n|-heal|p2a: Chansey|98\/100\n|move|p1a: Amoonguss|Spore|p2a: Chansey\n|-status|p2a: Chansey|slp|[from] move: Spore\n|\n|upkeep\n|turn|35\n|\n|t:|1699220308\n|switch|p1a: Thief|Marshadow, tera:Fighting|76\/100 tox\n|-damage|p1a: Thief|69\/100 tox|[from] Stealth Rock\n|cant|p2a: Chansey|slp\n|\n|-damage|p1a: Thief|63\/100 tox|[from] psn\n|upkeep\n|turn|36\n|\n|t:|1699220316\n|-curestatus|p2a: Chansey|slp|[from] ability: Natural Cure\n|switch|p2a: Quagsire|Quagsire, M|100\/100\n|move|p1a: Thief|Brick Break|p2a: Quagsire\n|-damage|p2a: Quagsire|65\/100\n|\n|-damage|p1a: Thief|51\/100 tox|[from] psn\n|upkeep\n|turn|37\n|\n|t:|1699220324\n|switch|p1a: Amoonguss|Amoonguss, M|38\/100\n|-damage|p1a: Amoonguss|26\/100|[from] Stealth Rock\n|move|p2a: Quagsire|Recover|p2a: Quagsire\n|-heal|p2a: Quagsire|100\/100\n|\n|upkeep\n|turn|38\n|\n|t:|1699220331\n|switch|p2a: Chansey|Chansey, F|98\/100\n|move|p1a: Amoonguss|Giga Drain|p2a: Chansey\n|-damage|p2a: Chansey|88\/100\n|-heal|p1a: Amoonguss|34\/100|[from] drain|[of] p2a: Chansey\n|\n|upkeep\n|turn|39\n|\n|t:|1699220337\n|move|p2a: Chansey|Seismic Toss|p1a: Amoonguss\n|-damage|p1a: Amoonguss|11\/100\n|-enditem|p1a: Amoonguss|Aguav Berry|[eat]\n|-heal|p1a: Amoonguss|44\/100|[from] item: Aguav Berry\n|move|p1a: Amoonguss|Spore|p2a: Chansey\n|-status|p2a: Chansey|slp|[from] move: Spore\n|\n|upkeep\n|turn|40\n|\n|t:|1699220355\n|-curestatus|p2a: Chansey|slp|[from] ability: Natural Cure\n|switch|p2a: Tropius|Tropius, M|25\/100\n|switch|p1a: Marowak|Marowak, F|53\/100\n|-damage|p1a: Marowak|47\/100|[from] Stealth Rock\n|\n|-item|p2a: Tropius|Sitrus Berry|[from] ability: Harvest\n|upkeep\n|-enditem|p2a: Tropius|Sitrus Berry|[eat]\n|-heal|p2a: Tropius|50\/100|[from] item: Sitrus Berry\n|turn|41\n|\n|t:|1699220367\n|switch|p1a: Steak|Miltank, F|88\/100\n|-damage|p1a: Steak|75\/100|[from] Stealth Rock\n|move|p2a: Tropius|Substitute|p2a: Tropius\n|-start|p2a: Tropius|Substitute\n|-damage|p2a: Tropius|25\/100\n|\n|upkeep\n|turn|42\n|\n|t:|1699220374\n|move|p1a: Steak|Ice Punch|p2a: Tropius\n|-supereffective|p2a: Tropius\n|-end|p2a: Tropius|Substitute\n|move|p2a: Tropius|Leech Seed|p1a: Steak\n|-ability|p1a: Steak|Sap Sipper|boost\n|-boost|p1a: Steak|atk|1\n|\n|-item|p2a: Tropius|Sitrus Berry|[from] ability: Harvest\n|upkeep\n|-enditem|p2a: Tropius|Sitrus Berry|[eat]\n|-heal|p2a: Tropius|50\/100|[from] item: Sitrus Berry\n|turn|43\n|\n|t:|1699220384\n|switch|p2a: Quagsire|Quagsire, M|100\/100\n|move|p1a: Steak|Ice Punch|p2a: Quagsire\n|-damage|p2a: Quagsire|86\/100\n|\n|upkeep\n|turn|44\n|\n|t:|1699220399\n|switch|p1a: Marowak|Marowak, F|47\/100\n|-damage|p1a: Marowak|41\/100|[from] Stealth Rock\n|move|p2a: Quagsire|Toxic|p1a: Marowak\n|-status|p1a: Marowak|tox\n|\n|-damage|p1a: Marowak|35\/100 tox|[from] psn\n|upkeep\n|turn|45\n|\n|t:|1699220414\n|switch|p2a: Tropius|Tropius, M|50\/100\n|move|p1a: Marowak|Bonemerang|p2a: Tropius\n|-immune|p2a: Tropius\n|\n|-damage|p1a: Marowak|22\/100 tox|[from] psn\n|upkeep\n|turn|46\n|\n|t:|1699220430\n|switch|p1a: Amoonguss|Amoonguss, M|44\/100\n|-damage|p1a: Amoonguss|32\/100|[from] Stealth Rock\n|move|p2a: Tropius|Substitute|p2a: Tropius\n|-start|p2a: Tropius|Substitute\n|-damage|p2a: Tropius|25\/100\n|\n|-item|p2a: Tropius|Sitrus Berry|[from] ability: Harvest\n|upkeep\n|-enditem|p2a: Tropius|Sitrus Berry|[eat]\n|-heal|p2a: Tropius|50\/100|[from] item: Sitrus Berry\n|turn|47\n|\n|t:|1699220440\n|move|p2a: Tropius|Leech Seed|p1a: Amoonguss\n|-immune|p1a: Amoonguss\n|move|p1a: Amoonguss|Sludge Bomb|p2a: Tropius\n|-supereffective|p2a: Tropius\n|-end|p2a: Tropius|Substitute\n|\n|upkeep\n|turn|48\n|\n|t:|1699220453\n|move|p2a: Tropius|Air Slash|p1a: Amoonguss\n|-supereffective|p1a: Amoonguss\n|-damage|p1a: Amoonguss|0 fnt\n|faint|p1a: Amoonguss\n|\n|upkeep\n|\n|t:|1699220456\n|switch|p1a: Steak|Miltank, F|75\/100\n|-damage|p1a: Steak|63\/100|[from] Stealth Rock\n|turn|49\n|\n|t:|1699220461\n|switch|p2a: Quagsire|Quagsire, M|86\/100\n|move|p1a: Steak|Ice Punch|p2a: Quagsire\n|-damage|p2a: Quagsire|72\/100\n|-status|p2a: Quagsire|frz\n|\n|upkeep\n|turn|50\n|\n|t:|1699220481\n|move|p1a: Steak|Ice Punch|p2a: Quagsire\n|-damage|p2a: Quagsire|58\/100 frz\n|cant|p2a: Quagsire|frz\n|\n|upkeep\n|turn|51\n|\n|t:|1699220493\n|switch|p1a: Marowak|Marowak, F|22\/100 tox\n|-damage|p1a: Marowak|16\/100 tox|[from] Stealth Rock\n|cant|p2a: Quagsire|frz\n|\n|-damage|p1a: Marowak|10\/100 tox|[from] psn\n|upkeep\n|turn|52\n|\n|t:|1699220508\n|switch|p2a: Tropius|Tropius, M|50\/100\n|move|p1a: Marowak|Bonemerang|p2a: Tropius\n|-immune|p2a: Tropius\n|\n|-damage|p1a: Marowak|0 fnt|[from] psn\n|faint|p1a: Marowak\n|upkeep\n|\n|t:|1699220519\n|switch|p1a: Steak|Miltank, F|63\/100\n|-damage|p1a: Steak|50\/100|[from] Stealth Rock\n|turn|53\n|\n|t:|1699220527\n|move|p1a: Steak|Milk Drink|p1a: Steak\n|-heal|p1a: Steak|100\/100\n|move|p2a: Tropius|Substitute|p2a: Tropius\n|-start|p2a: Tropius|Substitute\n|-damage|p2a: Tropius|25\/100\n|\n|-item|p2a: Tropius|Sitrus Berry|[from] ability: Harvest\n|upkeep\n|-enditem|p2a: Tropius|Sitrus Berry|[eat]\n|-heal|p2a: Tropius|50\/100|[from] item: Sitrus Berry\n|turn|54\n|\n|t:|1699220535\n|move|p1a: Steak|Ice Punch|p2a: Tropius\n|-supereffective|p2a: Tropius\n|-end|p2a: Tropius|Substitute\n|move|p2a: Tropius|Leech Seed|p1a: Steak\n|-ability|p1a: Steak|Sap Sipper|boost\n|-boost|p1a: Steak|atk|1\n|\n|-item|p2a: Tropius|Sitrus Berry|[from] ability: Harvest\n|upkeep\n|-enditem|p2a: Tropius|Sitrus Berry|[eat]\n|-heal|p2a: Tropius|75\/100|[from] item: Sitrus Berry\n|turn|55\n|\n|t:|1699220545\n|switch|p2a: Quagsire|Quagsire, M|58\/100 frz\n|move|p1a: Steak|Ice Punch|p2a: Quagsire\n|-damage|p2a: Quagsire|44\/100 frz\n|\n|upkeep\n|turn|56\n|\n|t:|1699220551\n|move|p1a: Steak|Ice Punch|p2a: Quagsire\n|-damage|p2a: Quagsire|28\/100 frz\n|cant|p2a: Quagsire|frz\n|\n|upkeep\n|turn|57\n|\n|t:|1699220555\n|move|p1a: Steak|Ice Punch|p2a: Quagsire\n|-damage|p2a: Quagsire|15\/100 frz\n|cant|p2a: Quagsire|frz\n|\n|upkeep\n|turn|58\n|\n|t:|1699220560\n|move|p1a: Steak|Ice Punch|p2a: Quagsire\n|-damage|p2a: Quagsire|0 fnt\n|faint|p2a: Quagsire\n|\n|upkeep\n|\n|t:|1699220565\n|switch|p2a: Gengar|Gengar, M|48\/100\n|turn|59\n|\n|t:|1699220569\n|move|p2a: Gengar|Will-O-Wisp|p1a: Steak\n|-status|p1a: Steak|brn\n|move|p1a: Steak|Earthquake|p2a: Gengar\n|-supereffective|p2a: Gengar\n|-damage|p2a: Gengar|0 fnt\n|faint|p2a: Gengar\n|\n|-damage|p1a: Steak|94\/100 brn|[from] brn\n|upkeep\n|\n|t:|1699220581\n|switch|p2a: Tropius|Tropius, M|75\/100\n|turn|60\n|\n|t:|1699220584\n|move|p1a: Steak|Ice Punch|p2a: Tropius\n|-supereffective|p2a: Tropius\n|-damage|p2a: Tropius|19\/100\n|move|p2a: Tropius|Substitute|p2a: Tropius\n|-fail|p2a: Tropius|move: Substitute|[weak]\n|\n|-damage|p1a: Steak|88\/100 brn|[from] brn\n|-item|p2a: Tropius|Sitrus Berry|[from] ability: Harvest\n|upkeep\n|-enditem|p2a: Tropius|Sitrus Berry|[eat]\n|-heal|p2a: Tropius|44\/100|[from] item: Sitrus Berry\n|turn|61\n|\n|t:|1699220594\n|move|p2a: Tropius|Protect|p2a: Tropius\n|-singleturn|p2a: Tropius|Protect\n|move|p1a: Steak|Ice Punch|p2a: Tropius\n|-activate|p2a: Tropius|move: Protect\n|\n|-damage|p1a: Steak|82\/100 brn|[from] brn\n|upkeep\n|turn|62\n|\n|t:|1699220601\n|move|p1a: Steak|Ice Punch|p2a: Tropius\n|-supereffective|p2a: Tropius\n|-damage|p2a: Tropius|0 fnt\n|faint|p2a: Tropius\n|\n|-damage|p1a: Steak|76\/100 brn|[from] brn\n|upkeep\n|\n|t:|1699220607\n|switch|p2a: Krookodile|Krookodile, M|8\/100\n|-ability|p2a: Krookodile|Intimidate|boost\n|-unboost|p1a: Steak|atk|1\n|turn|63\n|\n|t:|1699220615\n|move|p2a: Krookodile|Earthquake|p1a: Steak\n|-damage|p1a: Steak|45\/100 brn\n|move|p1a: Steak|Ice Punch|p2a: Krookodile\n|-supereffective|p2a: Krookodile\n|-damage|p2a: Krookodile|0 fnt\n|faint|p2a: Krookodile\n|\n|-damage|p1a: Steak|39\/100 brn|[from] brn\n|upkeep\n|-message|Rigostar forfeited.\n|\n|win|M3wL0v3r\n|raw|M3wL0v3r's rating: 1060 &rarr; <strong>1087<\/strong><br \/>(+27 for winning)\n|raw|Rigostar's rating: 1013 &rarr; <strong>1003<\/strong><br \/>(-10 for losing)\n|l|\u2606Rigostar\n","uploadtime":1699220628,"views":3,"p1id":"m3wl0v3r","p2id":"rigostar","formatid":"gen9nationaldexubers","rating":1003,"private":0,"password":""}