{"id":"gen9nationaldexubers-1994284644","p1":"floorangel","p2":"PrinceLokiii","format":"[Gen 9] National Dex Ubers","log":"|j|\u2606floorangel\n|j|\u2606PrinceLokiii\n|t:|1700426990\n|gametype|singles\n|player|p1|floorangel|265|1000\n|player|p2|PrinceLokiii|cyrus|1111\n|teamsize|p1|6\n|teamsize|p2|6\n|gen|9\n|tier|[Gen 9] National Dex Ubers\n|rated|\n|rule|HP Percentage Mod: HP is shown in percentages\n|rule|Endless Battle Clause: Forcing endless battles is banned\n|rule|OHKO Clause: OHKO moves are banned\n|rule|Evasion Moves Clause: Evasion moves are banned\n|rule|Evasion Items Clause: Evasion items are banned\n|rule|Species Clause: Limit one of each Pok\u00e9mon\n|rule|Sleep Clause Mod: Limit one foe put to sleep\n|rule|Mega Rayquaza Clause: You cannot mega evolve Rayquaza\n|clearpoke\n|poke|p1|Ninetales-Alola, F|\n|poke|p1|Incineroar, F|\n|poke|p1|Glimmora, F|\n|poke|p1|Celesteela|\n|poke|p1|Salamence, F|\n|poke|p1|Kingambit, F|\n|poke|p2|Darkrai|\n|poke|p2|Eternatus|\n|poke|p2|Zacian-*|\n|poke|p2|Darmanitan, F|\n|poke|p2|Dracovish|\n|poke|p2|Grimmsnarl, M|\n|teampreview\n|\n|t:|1700427015\n|start\n|switch|p1a: \uc6b0\ub801\ucc2c\uaf2c\ub9ac|Ninetales-Alola, F, shiny|100\/100\n|switch|p2a: Grimmsnarl|Grimmsnarl, M|100\/100\n|-weather|Snow|[from] ability: Snow Warning|[of] p1a: \uc6b0\ub801\ucc2c\uaf2c\ub9ac\n|turn|1\n|\n|t:|1700427043\n|move|p2a: Grimmsnarl|Light Screen|p2a: Grimmsnarl\n|-sidestart|p2: PrinceLokiii|move: Light Screen\n|move|p1a: \uc6b0\ub801\ucc2c\uaf2c\ub9ac|Moonblast|p2a: Grimmsnarl\n|-supereffective|p2a: Grimmsnarl\n|-damage|p2a: Grimmsnarl|79\/100\n|\n|-weather|Snow|[upkeep]\n|upkeep\n|turn|2\n|\n|t:|1700427050\n|move|p2a: Grimmsnarl|Reflect|p2a: Grimmsnarl\n|-sidestart|p2: PrinceLokiii|Reflect\n|move|p1a: \uc6b0\ub801\ucc2c\uaf2c\ub9ac|Encore|p2a: Grimmsnarl\n|-start|p2a: Grimmsnarl|Encore\n|\n|-weather|Snow|[upkeep]\n|upkeep\n|turn|3\n|\n|t:|1700427056\n|switch|p2a: Darmanitan|Darmanitan, F|100\/100\n|move|p1a: \uc6b0\ub801\ucc2c\uaf2c\ub9ac|Aurora Veil|p1a: \uc6b0\ub801\ucc2c\uaf2c\ub9ac\n|-sidestart|p1: floorangel|move: Aurora Veil\n|\n|-weather|Snow|[upkeep]\n|upkeep\n|turn|4\n|\n|t:|1700427074\n|switch|p1a: Glimmora|Glimmora, F, shiny|100\/100\n|move|p2a: Darmanitan|Flare Blitz|p1a: Glimmora\n|-resisted|p1a: Glimmora\n|-damage|p1a: Glimmora|86\/100\n|-activate|p1a: Glimmora|ability: Toxic Debris\n|-sidestart|p2: PrinceLokiii|move: Toxic Spikes\n|-damage|p2a: Darmanitan|95\/100|[from] Recoil\n|\n|-weather|Snow|[upkeep]\n|upkeep\n|turn|5\n|\n|t:|1700427094\n|switch|p2a: Dracovish|Dracovish|100\/100\n|-status|p2a: Dracovish|psn\n|move|p1a: Glimmora|Stealth Rock|p2a: Dracovish\n|-sidestart|p2: PrinceLokiii|move: Stealth Rock\n|\n|-weather|none\n|-damage|p2a: Dracovish|88\/100 psn|[from] psn\n|upkeep\n|turn|6\n|\n|t:|1700427119\n|switch|p1a: Salamence|Salamence, F|100\/100\n|-ability|p1a: Salamence|Intimidate|boost\n|-unboost|p2a: Dracovish|atk|1\n|move|p2a: Dracovish|Fishious Rend|p1a: Salamence\n|-resisted|p1a: Salamence\n|-damage|p1a: Salamence|83\/100\n|\n|-damage|p2a: Dracovish|76\/100 psn|[from] psn\n|upkeep\n|turn|7\n|\n|t:|1700427134\n|switch|p2a: Zacian|Zacian-Crowned|100\/100\n|-damage|p2a: Zacian|94\/100|[from] Stealth Rock\n|-ability|p2a: Zacian|Intrepid Sword|boost\n|-boost|p2a: Zacian|atk|1\n|detailschange|p1a: Salamence|Salamence-Mega, F\n|-mega|p1a: Salamence|Salamence|Salamencite\n|move|p1a: Salamence|Dragon Dance|p1a: Salamence\n|-boost|p1a: Salamence|atk|1\n|-boost|p1a: Salamence|spe|1\n|\n|upkeep\n|turn|8\n|\n|t:|1700427154\n|move|p1a: Salamence|Earthquake|p2a: Zacian\n|-supereffective|p2a: Zacian\n|-damage|p2a: Zacian|42\/100\n|move|p2a: Zacian|Play Rough|p1a: Salamence\n|-supereffective|p1a: Salamence\n|-damage|p1a: Salamence|24\/100\n|\n|-sideend|p2: PrinceLokiii|move: Light Screen\n|upkeep\n|turn|9\n|\n|t:|1700427172\n|move|p1a: Salamence|Earthquake|p2a: Zacian\n|-supereffective|p2a: Zacian\n|-damage|p2a: Zacian|0 fnt\n|faint|p2a: Zacian\n|\n|-sideend|p2: PrinceLokiii|Reflect\n|upkeep\n|\n|t:|1700427175\n|switch|p2a: Grimmsnarl|Grimmsnarl, M|79\/100\n|-status|p2a: Grimmsnarl|psn\n|-damage|p2a: Grimmsnarl|66\/100 psn|[from] Stealth Rock\n|turn|10\n|\n|t:|1700427187\n|move|p2a: Grimmsnarl|Thunder Wave|p1a: Salamence\n|-status|p1a: Salamence|par\n|cant|p1a: Salamence|par\n|\n|-damage|p2a: Grimmsnarl|54\/100 psn|[from] psn\n|-sideend|p1: floorangel|move: Aurora Veil\n|upkeep\n|turn|11\n|\n|t:|1700427195\n|move|p2a: Grimmsnarl|Light Screen|p2a: Grimmsnarl\n|-sidestart|p2: PrinceLokiii|move: Light Screen\n|move|p1a: Salamence|Roost|p1a: Salamence\n|-heal|p1a: Salamence|74\/100 par\n|-singleturn|p1a: Salamence|move: Roost\n|\n|-damage|p2a: Grimmsnarl|42\/100 psn|[from] psn\n|upkeep\n|turn|12\n|\n|t:|1700427208\n|move|p2a: Grimmsnarl|Reflect|p2a: Grimmsnarl\n|-sidestart|p2: PrinceLokiii|Reflect\n|cant|p1a: Salamence|par\n|\n|-damage|p2a: Grimmsnarl|29\/100 psn|[from] psn\n|upkeep\n|turn|13\n|\n|t:|1700427212\n|move|p2a: Grimmsnarl|Parting Shot|p1a: Salamence\n|-unboost|p1a: Salamence|atk|1\n|-unboost|p1a: Salamence|spa|1\n|\n|t:|1700427215\n|switch|p2a: Dracovish|Dracovish|76\/100 psn|[from] Parting Shot\n|-damage|p2a: Dracovish|63\/100 psn|[from] Stealth Rock\n|move|p1a: Salamence|Dragon Dance|p1a: Salamence\n|-boost|p1a: Salamence|atk|1\n|-boost|p1a: Salamence|spe|1\n|\n|-damage|p2a: Dracovish|51\/100 psn|[from] psn\n|upkeep\n|turn|14\n|\n|t:|1700427231\n|move|p2a: Dracovish|Outrage|p1a: Salamence\n|-supereffective|p1a: Salamence\n|-damage|p1a: Salamence|8\/100 par\n|cant|p1a: Salamence|par\n|\n|-damage|p2a: Dracovish|38\/100 psn|[from] psn\n|upkeep\n|turn|15\n|\n|t:|1700427239\n|switch|p1a: \uc6b0\ub801\ucc2c\uaf2c\ub9ac|Ninetales-Alola, F, shiny|100\/100\n|-weather|Snow|[from] ability: Snow Warning|[of] p1a: \uc6b0\ub801\ucc2c\uaf2c\ub9ac\n|move|p2a: Dracovish|Outrage|p1a: \uc6b0\ub801\ucc2c\uaf2c\ub9ac|[from]lockedmove\n|-immune|p1a: \uc6b0\ub801\ucc2c\uaf2c\ub9ac\n|\n|-weather|Snow|[upkeep]\n|-damage|p2a: Dracovish|26\/100 psn|[from] psn\n|upkeep\n|turn|16\n|\n|t:|1700427253\n|switch|p2a: Eternatus|Eternatus|100\/100\n|-sideend|p2: PrinceLokiii|move: Toxic Spikes|[of] p2a: Eternatus\n|-damage|p2a: Eternatus|88\/100|[from] Stealth Rock\n|-ability|p2a: Eternatus|Pressure\n|move|p1a: \uc6b0\ub801\ucc2c\uaf2c\ub9ac|Aurora Veil|p1a: \uc6b0\ub801\ucc2c\uaf2c\ub9ac\n|-sidestart|p1: floorangel|move: Aurora Veil\n|\n|-weather|Snow|[upkeep]\n|-heal|p2a: Eternatus|94\/100|[from] item: Leftovers\n|upkeep\n|turn|17\n|\n|t:|1700427275\n|switch|p1a: Celesteela|Celesteela|100\/100\n|move|p2a: Eternatus|Flamethrower|p1a: Celesteela\n|-supereffective|p1a: Celesteela\n|-damage|p1a: Celesteela|75\/100\n|\n|-weather|Snow|[upkeep]\n|-heal|p2a: Eternatus|100\/100|[from] item: Leftovers\n|-heal|p1a: Celesteela|81\/100|[from] item: Leftovers\n|upkeep\n|turn|18\n|\n|t:|1700427296\n|move|p2a: Eternatus|Dragon Dance|p2a: Eternatus\n|-boost|p2a: Eternatus|atk|1\n|-boost|p2a: Eternatus|spe|1\n|move|p1a: Celesteela|Leech Seed|p2a: Eternatus\n|-start|p2a: Eternatus|move: Leech Seed\n|\n|-weather|Snow|[upkeep]\n|-heal|p1a: Celesteela|87\/100|[from] item: Leftovers\n|-damage|p2a: Eternatus|88\/100|[from] Leech Seed|[of] p1a: Celesteela\n|-heal|p1a: Celesteela|100\/100|[silent]\n|-sideend|p2: PrinceLokiii|move: Light Screen\n|upkeep\n|turn|19\n|\n|t:|1700427306\n|move|p2a: Eternatus|Dragon Dance|p2a: Eternatus\n|-boost|p2a: Eternatus|atk|1\n|-boost|p2a: Eternatus|spe|1\n|move|p1a: Celesteela|Substitute|p1a: Celesteela\n|-start|p1a: Celesteela|Substitute\n|-damage|p1a: Celesteela|75\/100\n|\n|-weather|none\n|-heal|p2a: Eternatus|94\/100|[from] item: Leftovers\n|-heal|p1a: Celesteela|82\/100|[from] item: Leftovers\n|-damage|p2a: Eternatus|82\/100|[from] Leech Seed|[of] p1a: Celesteela\n|-heal|p1a: Celesteela|99\/100|[silent]\n|-sideend|p2: PrinceLokiii|Reflect\n|upkeep\n|turn|20\n|\n|t:|1700427329\n|move|p2a: Eternatus|Dragon Dance|p2a: Eternatus\n|-boost|p2a: Eternatus|atk|1\n|-boost|p2a: Eternatus|spe|1\n|move|p1a: Celesteela|Heavy Slam|p2a: Eternatus\n|-damage|p2a: Eternatus|72\/100\n|\n|-heal|p2a: Eternatus|78\/100|[from] item: Leftovers\n|-heal|p1a: Celesteela|100\/100|[from] item: Leftovers\n|-damage|p2a: Eternatus|66\/100|[from] Leech Seed|[of] p1a: Celesteela\n|upkeep\n|turn|21\n|\n|t:|1700427339\n|move|p2a: Eternatus|Flamethrower|p1a: Celesteela\n|-supereffective|p1a: Celesteela\n|-activate|p1a: Celesteela|move: Substitute|[damage]\n|move|p1a: Celesteela|Flamethrower|p2a: Eternatus\n|-resisted|p2a: Eternatus\n|-damage|p2a: Eternatus|58\/100\n|\n|-heal|p2a: Eternatus|64\/100|[from] item: Leftovers\n|-damage|p2a: Eternatus|52\/100|[from] Leech Seed|[of] p1a: Celesteela\n|upkeep\n|turn|22\n|\n|t:|1700427352\n|move|p2a: Eternatus|Dynamax Cannon|p1a: Celesteela\n|-resisted|p1a: Celesteela\n|-end|p1a: Celesteela|Substitute\n|move|p1a: Celesteela|Heavy Slam|p2a: Eternatus\n|-damage|p2a: Eternatus|42\/100\n|\n|-heal|p2a: Eternatus|48\/100|[from] item: Leftovers\n|-damage|p2a: Eternatus|35\/100|[from] Leech Seed|[of] p1a: Celesteela\n|upkeep\n|turn|23\n|\n|t:|1700427360\n|move|p2a: Eternatus|Flamethrower|p1a: Celesteela\n|-supereffective|p1a: Celesteela\n|-damage|p1a: Celesteela|74\/100\n|move|p1a: Celesteela|Substitute|p1a: Celesteela\n|-start|p1a: Celesteela|Substitute\n|-damage|p1a: Celesteela|49\/100\n|\n|-heal|p2a: Eternatus|42\/100|[from] item: Leftovers\n|-heal|p1a: Celesteela|55\/100|[from] item: Leftovers\n|-damage|p2a: Eternatus|29\/100|[from] Leech Seed|[of] p1a: Celesteela\n|-heal|p1a: Celesteela|72\/100|[silent]\n|-sideend|p1: floorangel|move: Aurora Veil\n|upkeep\n|turn|24\n|\n|t:|1700427373\n|move|p2a: Eternatus|Recover|p2a: Eternatus\n|-heal|p2a: Eternatus|79\/100\n|move|p1a: Celesteela|Heavy Slam|p2a: Eternatus\n|-damage|p2a: Eternatus|70\/100\n|\n|-heal|p2a: Eternatus|76\/100|[from] item: Leftovers\n|-heal|p1a: Celesteela|78\/100|[from] item: Leftovers\n|-damage|p2a: Eternatus|64\/100|[from] Leech Seed|[of] p1a: Celesteela\n|-heal|p1a: Celesteela|96\/100|[silent]\n|upkeep\n|turn|25\n|\n|t:|1700427382\n|switch|p2a: Darmanitan|Darmanitan, F|95\/100\n|-damage|p2a: Darmanitan|71\/100|[from] Stealth Rock\n|move|p1a: Celesteela|Heavy Slam|p2a: Darmanitan\n|-resisted|p2a: Darmanitan\n|-damage|p2a: Darmanitan|43\/100\n|\n|-heal|p1a: Celesteela|100\/100|[from] item: Leftovers\n|upkeep\n|turn|26\n|\n|t:|1700427391\n|move|p2a: Darmanitan|Flare Blitz|p1a: Celesteela\n|-supereffective|p1a: Celesteela\n|-end|p1a: Celesteela|Substitute\n|-damage|p2a: Darmanitan|35\/100|[from] Recoil|[of] p1a: Celesteela\n|move|p1a: Celesteela|Leech Seed|p2a: Darmanitan\n|-start|p2a: Darmanitan|move: Leech Seed\n|\n|-damage|p2a: Darmanitan|23\/100|[from] Leech Seed|[of] p1a: Celesteela\n|upkeep\n|turn|27\n|\n|t:|1700427433\n|switch|p1a: \ub9ac\ubca4\uc9c0|Incineroar, F|100\/100\n|-ability|p1a: \ub9ac\ubca4\uc9c0|Intimidate|boost\n|-unboost|p2a: Darmanitan|atk|1\n|move|p2a: Darmanitan|Flare Blitz|p1a: \ub9ac\ubca4\uc9c0\n|-resisted|p1a: \ub9ac\ubca4\uc9c0\n|-damage|p1a: \ub9ac\ubca4\uc9c0|75\/100\n|-damage|p2a: Darmanitan|14\/100|[from] Recoil\n|\n|-damage|p2a: Darmanitan|1\/100|[from] Leech Seed|[of] p1a: \ub9ac\ubca4\uc9c0\n|-heal|p1a: \ub9ac\ubca4\uc9c0|86\/100|[silent]\n|upkeep\n|turn|28\n|-message|PrinceLokiii forfeited.\n|\n|win|floorangel\n|raw|floorangel's rating: 1000 &rarr; <strong>1052<\/strong><br \/>(+52 for winning)\n|raw|PrinceLokiii's rating: 1111 &rarr; <strong>1078<\/strong><br \/>(-33 for losing)\n|l|\u2606PrinceLokiii\n","uploadtime":1700427454,"views":4,"p1id":"floorangel","p2id":"princelokiii","formatid":"gen9nationaldexubers","rating":1052,"private":0,"password":""}