{"id":"gen9nationaldexubers-1982894949","p1":"HeirEhm","p2":"tbor2002","format":"[Gen 9] National Dex Ubers","log":"|j|\u2606HeirEhm\n|j|\u2606tbor2002\n|t:|1699055897\n|gametype|singles\n|player|p1|HeirEhm|cynthia-gen7|\n|player|p2|tbor2002|wattson|\n|teamsize|p1|6\n|teamsize|p2|6\n|gen|9\n|tier|[Gen 9] National Dex Ubers\n|rule|HP Percentage Mod: HP is shown in percentages\n|rule|Endless Battle Clause: Forcing endless battles is banned\n|rule|OHKO Clause: OHKO moves are banned\n|rule|Evasion Moves Clause: Evasion moves are banned\n|rule|Evasion Items Clause: Evasion items are banned\n|rule|Species Clause: Limit one of each Pok\u00e9mon\n|rule|Sleep Clause Mod: Limit one foe put to sleep\n|rule|Mega Rayquaza Clause: You cannot mega evolve Rayquaza\n|clearpoke\n|poke|p1|Garganacl, F|\n|poke|p1|Ceruledge, M|\n|poke|p1|Klefki, M|\n|poke|p1|Electrode-Hisui|\n|poke|p1|Zangoose, M|\n|poke|p1|Murkrow, M|\n|poke|p2|Walking Wake|\n|poke|p2|Muk-Alola, F|\n|poke|p2|Jolteon, M|\n|poke|p2|Toxicroak, F|\n|poke|p2|Falinks|\n|poke|p2|Glimmet, M|\n|teampreview\n|\n|t:|1699055936\n|start\n|switch|p1a: SWORDSFORHANDS|Ceruledge, M|100\/100\n|switch|p2a: Glimmet|Glimmet, M|100\/100\n|turn|1\n|\n|t:|1699055944\n|move|p1a: SWORDSFORHANDS|Bulk Up|p1a: SWORDSFORHANDS\n|-boost|p1a: SWORDSFORHANDS|atk|1\n|-boost|p1a: SWORDSFORHANDS|def|1\n|move|p2a: Glimmet|Stealth Rock|p1a: SWORDSFORHANDS\n|-sidestart|p1: HeirEhm|move: Stealth Rock\n|\n|upkeep\n|turn|2\n|\n|t:|1699055956\n|move|p1a: SWORDSFORHANDS|Brick Break|p2a: Glimmet\n|-enditem|p2a: Glimmet|Focus Sash\n|-damage|p2a: Glimmet|1\/100\n|-activate|p2a: Glimmet|ability: Toxic Debris\n|-sidestart|p1: HeirEhm|move: Toxic Spikes\n|move|p2a: Glimmet|Spikes|p1a: SWORDSFORHANDS\n|-sidestart|p1: HeirEhm|Spikes\n|\n|upkeep\n|turn|3\n|\n|t:|1699055966\n|move|p1a: SWORDSFORHANDS|Bitter Blade|p2a: Glimmet\n|-resisted|p2a: Glimmet\n|-damage|p2a: Glimmet|0 fnt\n|-activate|p2a: Glimmet|ability: Toxic Debris\n|-sidestart|p1: HeirEhm|move: Toxic Spikes\n|faint|p2a: Glimmet\n|\n|upkeep\n|\n|t:|1699055995\n|switch|p2a: Walking Wake|Walking Wake|100\/100\n|turn|4\n|\n|t:|1699056018\n|move|p1a: SWORDSFORHANDS|Shadow Sneak|p2a: Walking Wake\n|-damage|p2a: Walking Wake|70\/100\n|move|p2a: Walking Wake|Hydro Steam|p1a: SWORDSFORHANDS\n|-supereffective|p1a: SWORDSFORHANDS\n|-damage|p1a: SWORDSFORHANDS|0 fnt\n|faint|p1a: SWORDSFORHANDS\n|\n|upkeep\n|\n|t:|1699056034\n|switch|p1a: Murkrow|Murkrow, M|100\/100\n|-damage|p1a: Murkrow|76\/100|[from] Stealth Rock\n|turn|5\n|\n|t:|1699056057\n|-end|p2a: Walking Wake|Protosynthesis|[silent]\n|switch|p2a: Muk|Muk-Alola, F|100\/100\n|move|p1a: Murkrow|Defog|p2a: Muk\n|-hint|Since gen 7, Dark is immune to Prankster moves.\n|-immune|p2a: Muk\n|\n|upkeep\n|turn|6\n|\n|t:|1699056094\n|switch|p1a: Jingle Jingle|Klefki, M|100\/100\n|-damage|p1a: Jingle Jingle|95\/100|[from] Stealth Rock\n|-damage|p1a: Jingle Jingle|82\/100|[from] Spikes\n|move|p2a: Muk|Poison Jab|p1a: Jingle Jingle\n|-immune|p1a: Jingle Jingle\n|\n|upkeep\n|turn|7\n|\n|t:|1699056105\n|move|p1a: Jingle Jingle|Reflect|p1a: Jingle Jingle\n|-sidestart|p1: HeirEhm|Reflect\n|move|p2a: Muk|Rock Slide|p1a: Jingle Jingle\n|-resisted|p1a: Jingle Jingle\n|-crit|p1a: Jingle Jingle\n|-damage|p1a: Jingle Jingle|70\/100\n|\n|upkeep\n|turn|8\n|\n|t:|1699056110\n|move|p1a: Jingle Jingle|Light Screen|p1a: Jingle Jingle\n|-sidestart|p1: HeirEhm|move: Light Screen\n|move|p2a: Muk|Knock Off|p1a: Jingle Jingle\n|-resisted|p1a: Jingle Jingle\n|-damage|p1a: Jingle Jingle|64\/100\n|-enditem|p1a: Jingle Jingle|Light Clay|[from] move: Knock Off|[of] p2a: Muk\n|\n|upkeep\n|turn|9\n|\n|t:|1699056134\n|move|p1a: Jingle Jingle|Play Rough|p2a: Muk\n|-damage|p2a: Muk|75\/100\n|move|p2a: Muk|Rock Slide|p1a: Jingle Jingle\n|-resisted|p1a: Jingle Jingle\n|-damage|p1a: Jingle Jingle|60\/100\n|\n|upkeep\n|turn|10\n|\n|t:|1699056140\n|move|p1a: Jingle Jingle|Play Rough|p2a: Muk\n|-damage|p2a: Muk|50\/100\n|move|p2a: Muk|Lash Out|p1a: Jingle Jingle\n|-resisted|p1a: Jingle Jingle\n|-crit|p1a: Jingle Jingle\n|-damage|p1a: Jingle Jingle|44\/100\n|\n|upkeep\n|turn|11\n|\n|t:|1699056150\n|move|p1a: Jingle Jingle|Play Rough|p2a: Muk\n|-damage|p2a: Muk|21\/100\n|move|p2a: Muk|Lash Out|p1a: Jingle Jingle\n|-resisted|p1a: Jingle Jingle\n|-damage|p1a: Jingle Jingle|38\/100\n|\n|upkeep\n|turn|12\n|\n|t:|1699056157\n|move|p1a: Jingle Jingle|Play Rough|p2a: Muk\n|-damage|p2a: Muk|0 fnt\n|faint|p2a: Muk\n|\n|upkeep\n|\n|t:|1699056175\n|switch|p2a: Toxicroak|Toxicroak, F|100\/100\n|turn|13\n|\n|t:|1699056184\n|move|p2a: Toxicroak|Swords Dance|p2a: Toxicroak\n|-boost|p2a: Toxicroak|atk|2\n|move|p1a: Jingle Jingle|Play Rough|p2a: Toxicroak|[miss]\n|-miss|p1a: Jingle Jingle|p2a: Toxicroak\n|\n|upkeep\n|turn|14\n|\n|t:|1699056190\n|move|p2a: Toxicroak|Close Combat|p1a: Jingle Jingle\n|-damage|p1a: Jingle Jingle|0 fnt\n|-unboost|p2a: Toxicroak|def|1\n|-unboost|p2a: Toxicroak|spd|1\n|faint|p1a: Jingle Jingle\n|-damage|p2a: Toxicroak|91\/100|[from] item: Life Orb\n|\n|-sideend|p1: HeirEhm|Reflect\n|upkeep\n|\n|t:|1699056195\n|switch|p1a: Murkrow|Murkrow, M|76\/100\n|-damage|p1a: Murkrow|51\/100|[from] Stealth Rock\n|turn|15\n|\n|t:|1699056205\n|-terastallize|p2a: Toxicroak|Dark\n|move|p1a: Murkrow|Defog|p2a: Toxicroak\n|-hint|Since gen 7, Dark is immune to Prankster moves.\n|-immune|p2a: Toxicroak\n|move|p2a: Toxicroak|Close Combat|p1a: Murkrow\n|-damage|p1a: Murkrow|0 fnt\n|-unboost|p2a: Toxicroak|def|1\n|-unboost|p2a: Toxicroak|spd|1\n|faint|p1a: Murkrow\n|-damage|p2a: Toxicroak|81\/100|[from] item: Life Orb\n|\n|-sideend|p1: HeirEhm|move: Light Screen\n|upkeep\n|\n|t:|1699056218\n|switch|p1a: Zangoose|Zangoose, M|100\/100\n|-damage|p1a: Zangoose|88\/100|[from] Stealth Rock\n|-status|p1a: Zangoose|tox\n|-damage|p1a: Zangoose|76\/100 tox|[from] Spikes\n|turn|16\n|\n|t:|1699056232\n|move|p1a: Zangoose|Facade|p2a: Toxicroak\n|-crit|p2a: Toxicroak\n|-damage|p2a: Toxicroak|0 fnt\n|faint|p2a: Toxicroak\n|\n|-damage|p1a: Zangoose|70\/100 tox|[from] psn\n|upkeep\n|\n|t:|1699056239\n|switch|p2a: Falinks|Falinks|100\/100\n|turn|17\n|\n|t:|1699056246\n|move|p1a: Zangoose|Facade|p2a: Falinks\n|-damage|p2a: Falinks|0 fnt\n|faint|p2a: Falinks\n|\n|-damage|p1a: Zangoose|58\/100 tox|[from] psn\n|upkeep\n|\n|t:|1699056252\n|switch|p2a: Walking Wake|Walking Wake|70\/100\n|turn|18\n|\n|t:|1699056285\n|move|p1a: Zangoose|Quick Attack|p2a: Walking Wake\n|-damage|p2a: Walking Wake|38\/100\n|move|p2a: Walking Wake|Hydro Steam|p1a: Zangoose\n|-damage|p1a: Zangoose|0 fnt\n|faint|p1a: Zangoose\n|\n|upkeep\n|\n|t:|1699056291\n|switch|p1a: Electrode|Electrode-Hisui|100\/100\n|-damage|p1a: Electrode|88\/100|[from] Stealth Rock\n|-status|p1a: Electrode|tox\n|-damage|p1a: Electrode|76\/100 tox|[from] Spikes\n|turn|19\n|\n|t:|1699056305\n|-end|p2a: Walking Wake|Protosynthesis|[silent]\n|switch|p2a: Jolteon|Jolteon, M|100\/100\n|move|p1a: Electrode|Energy Ball|p2a: Jolteon\n|-damage|p2a: Jolteon|39\/100\n|-damage|p1a: Electrode|66\/100 tox|[from] item: Life Orb\n|\n|-damage|p1a: Electrode|60\/100 tox|[from] psn\n|upkeep\n|turn|20\n|\n|t:|1699056315\n|move|p1a: Electrode|Energy Ball|p2a: Jolteon\n|-damage|p2a: Jolteon|0 fnt\n|faint|p2a: Jolteon\n|-damage|p1a: Electrode|50\/100 tox|[from] item: Life Orb\n|\n|-damage|p1a: Electrode|38\/100 tox|[from] psn\n|upkeep\n|\n|t:|1699056323\n|switch|p2a: Walking Wake|Walking Wake|38\/100\n|turn|21\n|\n|t:|1699056328\n|move|p1a: Electrode|Energy Ball|p2a: Walking Wake\n|-crit|p2a: Walking Wake\n|-damage|p2a: Walking Wake|0 fnt\n|faint|p2a: Walking Wake\n|-end|p2a: Walking Wake|Protosynthesis|[silent]\n|-damage|p1a: Electrode|28\/100 tox|[from] item: Life Orb\n|\n|win|HeirEhm\n","uploadtime":1699056333,"views":9,"p1id":"heirehm","p2id":"tbor2002","formatid":"gen9nationaldexubers","rating":0,"private":0,"password":""}