{"id":"gen9nationaldexubers-1981602336","p1":"Incredible Gassy","p2":"MommyMikuNakano","format":"[Gen 9] National Dex Ubers","log":"|j|\u2606Incredible Gassy\n|j|\u2606MommyMikuNakano\n|t:|1698924694\n|gametype|singles\n|player|p1|Incredible Gassy|rocker-gen3|1596\n|player|p2|MommyMikuNakano|erika-gen1|1752\n|teamsize|p1|6\n|teamsize|p2|6\n|gen|9\n|tier|[Gen 9] National Dex Ubers\n|rated|\n|rule|HP Percentage Mod: HP is shown in percentages\n|rule|Endless Battle Clause: Forcing endless battles is banned\n|rule|OHKO Clause: OHKO moves are banned\n|rule|Evasion Moves Clause: Evasion moves are banned\n|rule|Evasion Items Clause: Evasion items are banned\n|rule|Species Clause: Limit one of each Pok\u00e9mon\n|rule|Sleep Clause Mod: Limit one foe put to sleep\n|rule|Mega Rayquaza Clause: You cannot mega evolve Rayquaza\n|clearpoke\n|poke|p1|Sandy Shocks|\n|poke|p1|Salamence, F|\n|poke|p1|Marshadow|\n|poke|p1|Arceus-Ground|\n|poke|p1|Palkia-Origin|\n|poke|p1|Zacian-*|\n|poke|p2|Salamence, F|\n|poke|p2|Kingambit, M|\n|poke|p2|Ditto|\n|poke|p2|Groudon|\n|poke|p2|Necrozma-Dusk-Mane|\n|poke|p2|Arceus-Fairy|\n|teampreview\n|inactive|Battle timer is ON: inactive players will automatically lose when time's up. (requested by Incredible Gassy)\n|inactive|MommyMikuNakano also wants the timer to be on.\n|\n|t:|1698924702\n|start\n|switch|p1a: it's time to DUEL|Sandy Shocks|100\/100\n|switch|p2a: Necrozma|Necrozma-Dusk-Mane, shiny|100\/100\n|turn|1\n|\n|t:|1698924706\n|move|p1a: it's time to DUEL|Thunder Wave|p2a: Necrozma\n|-status|p2a: Necrozma|par\n|move|p2a: Necrozma|Photon Geyser|p1a: it's time to DUEL\n|-damage|p1a: it's time to DUEL|43\/100\n|\n|upkeep\n|turn|2\n|\n|t:|1698924714\n|move|p1a: it's time to DUEL|Stealth Rock|p2a: Necrozma\n|-sidestart|p2: MommyMikuNakano|move: Stealth Rock\n|move|p2a: Necrozma|Photon Geyser|p1a: it's time to DUEL\n|-damage|p1a: it's time to DUEL|0 fnt\n|faint|p1a: it's time to DUEL\n|-end|p1a: it's time to DUEL|Protosynthesis|[silent]\n|\n|upkeep\n|\n|t:|1698924716\n|switch|p1a: the biggest one|Arceus-Ground|100\/100\n|turn|3\n|\n|t:|1698924723\n|detailschange|p2a: Necrozma|Necrozma-Ultra, shiny\n|-burst|p2a: Necrozma|Necrozma|Ultranecrozium Z\n|move|p1a: the biggest one|Calm Mind|p1a: the biggest one\n|-boost|p1a: the biggest one|spa|1\n|-boost|p1a: the biggest one|spd|1\n|move|p2a: Necrozma|Photon Geyser|p1a: the biggest one\n|-damage|p1a: the biggest one|74\/100\n|\n|upkeep\n|turn|4\n|\n|t:|1698924727\n|move|p1a: the biggest one|Recover|p1a: the biggest one\n|-heal|p1a: the biggest one|100\/100\n|-zpower|p2a: Necrozma\n|move|p2a: Necrozma|Light That Burns the Sky|p1a: the biggest one|[zeffect]\n|-damage|p1a: the biggest one|50\/100\n|\n|upkeep\n|turn|5\n|\n|t:|1698924730\n|switch|p2a: Arceus|Arceus-Fairy|100\/100\n|-damage|p2a: Arceus|88\/100|[from] Stealth Rock\n|move|p1a: the biggest one|Recover|p1a: the biggest one\n|-heal|p1a: the biggest one|99\/100\n|\n|upkeep\n|turn|6\n|\n|t:|1698924732\n|move|p2a: Arceus|Toxic|p1a: the biggest one|[miss]\n|-miss|p2a: Arceus|p1a: the biggest one\n|move|p1a: the biggest one|Judgment|p2a: Arceus\n|-damage|p2a: Arceus|42\/100\n|\n|upkeep\n|turn|7\n|\n|t:|1698924736\n|move|p1a: the biggest one|Judgment|p2a: Arceus\n|-damage|p2a: Arceus|0 fnt\n|faint|p2a: Arceus\n|\n|upkeep\n|\n|t:|1698924750\n|switch|p2a: Salamence|Salamence, F|100\/100\n|-damage|p2a: Salamence|76\/100|[from] Stealth Rock\n|-ability|p2a: Salamence|Intimidate|boost\n|-unboost|p1a: the biggest one|atk|1\n|turn|8\n|\n|t:|1698924753\n|detailschange|p2a: Salamence|Salamence-Mega, F\n|-mega|p2a: Salamence|Salamence|Salamencite\n|move|p1a: the biggest one|Power Gem|p2a: Salamence\n|-supereffective|p2a: Salamence\n|-damage|p2a: Salamence|5\/100\n|move|p2a: Salamence|Frustration|p1a: the biggest one\n|-damage|p1a: the biggest one|56\/100\n|\n|upkeep\n|turn|9\n|\n|t:|1698924758\n|move|p1a: the biggest one|Power Gem|p2a: Salamence\n|-supereffective|p2a: Salamence\n|-damage|p2a: Salamence|0 fnt\n|faint|p2a: Salamence\n|\n|upkeep\n|\n|t:|1698924768\n|switch|p2a: Necrozma|Necrozma-Ultra, shiny|100\/100 par\n|-damage|p2a: Necrozma|88\/100 par|[from] Stealth Rock\n|turn|10\n|\n|t:|1698924770\n|move|p1a: the biggest one|Recover|p1a: the biggest one\n|-heal|p1a: the biggest one|100\/100\n|move|p2a: Necrozma|Earth Power|p1a: the biggest one\n|-damage|p1a: the biggest one|82\/100\n|\n|upkeep\n|turn|11\n|\n|t:|1698924772\n|move|p1a: the biggest one|Calm Mind|p1a: the biggest one\n|-boost|p1a: the biggest one|spa|1\n|-boost|p1a: the biggest one|spd|1\n|cant|p2a: Necrozma|par\n|\n|upkeep\n|turn|12\n|-message|MommyMikuNakano forfeited.\n|\n|win|Incredible Gassy\n|raw|Incredible Gassy's rating: 1596 &rarr; <strong>1624<\/strong><br \/>(+28 for winning)\n|raw|MommyMikuNakano's rating: 1752 &rarr; <strong>1724<\/strong><br \/>(-28 for losing)\n|l|\u2606MommyMikuNakano\n|l|\u2606Incredible Gassy\n","uploadtime":1698924800,"views":7,"p1id":"incrediblegassy","p2id":"mommymikunakano","formatid":"gen9nationaldexubers","rating":1624,"private":0,"password":""}