{"id":"gen9nationaldexubers-1979782047","p1":"steals many wives","p2":"Neo Destruction","format":"[Gen 9] National Dex Ubers","log":"|j|\u2606steals many wives\n|j|\u2606Neo Destruction\n|t:|1698712686\n|gametype|singles\n|player|p1|steals many wives|waitress|1121\n|player|p2|Neo Destruction|lance-lgpe|1092\n|teamsize|p1|6\n|teamsize|p2|6\n|gen|9\n|tier|[Gen 9] National Dex Ubers\n|rated|\n|rule|HP Percentage Mod: HP is shown in percentages\n|rule|Endless Battle Clause: Forcing endless battles is banned\n|rule|OHKO Clause: OHKO moves are banned\n|rule|Evasion Moves Clause: Evasion moves are banned\n|rule|Evasion Items Clause: Evasion items are banned\n|rule|Species Clause: Limit one of each Pok\u00e9mon\n|rule|Sleep Clause Mod: Limit one foe put to sleep\n|rule|Mega Rayquaza Clause: You cannot mega evolve Rayquaza\n|clearpoke\n|poke|p1|Blissey, F|\n|poke|p1|Diancie|\n|poke|p1|Magearna|\n|poke|p1|Delphox, F|\n|poke|p1|Froslass, F|\n|poke|p1|Lilligant-Hisui, F|\n|poke|p2|Infernape, M|\n|poke|p2|Seismitoad, M|\n|poke|p2|Leavanny, F|\n|poke|p2|Genesect-Douse|\n|poke|p2|Hydreigon, M|\n|poke|p2|Zekrom|\n|teampreview\n|inactive|Battle timer is ON: inactive players will automatically lose when time's up. (requested by steals many wives)\n|\n|t:|1698712734\n|start\n|switch|p1a: Fox Waifu|Delphox, F|100\/100\n|switch|p2a: Infernape|Infernape, M|100\/100\n|turn|1\n|\n|t:|1698712744\n|move|p2a: Infernape|Thunder Punch|p1a: Fox Waifu\n|-damage|p1a: Fox Waifu|58\/100\n|move|p1a: Fox Waifu|Psychic|p2a: Infernape\n|-supereffective|p2a: Infernape\n|-damage|p2a: Infernape|0 fnt\n|faint|p2a: Infernape\n|\n|upkeep\n|\n|t:|1698712751\n|switch|p2a: Seismitoad|Seismitoad, M|100\/100\n|turn|2\n|\n|t:|1698712762\n|move|p1a: Fox Waifu|Wish|p1a: Fox Waifu\n|move|p2a: Seismitoad|Liquidation|p1a: Fox Waifu\n|-supereffective|p1a: Fox Waifu\n|-damage|p1a: Fox Waifu|0 fnt\n|faint|p1a: Fox Waifu\n|\n|upkeep\n|\n|t:|1698712767\n|switch|p1a: Plant Wife|Lilligant-Hisui, F|100\/100\n|turn|3\n|\n|t:|1698712785\n|move|p1a: Plant Wife|Victory Dance|p1a: Plant Wife\n|-boost|p1a: Plant Wife|atk|1\n|-boost|p1a: Plant Wife|def|1\n|-boost|p1a: Plant Wife|spe|1\n|move|p2a: Seismitoad|Drain Punch|p1a: Plant Wife\n|-damage|p1a: Plant Wife|74\/100\n|-status|p1a: Plant Wife|psn|[from] ability: Poison Touch|[of] p2a: Seismitoad\n|\n|-heal|p1a: Plant Wife|100\/100 psn|[from] move: Wish|[wisher] Fox Waifu\n|-damage|p1a: Plant Wife|88\/100 psn|[from] psn\n|upkeep\n|turn|4\n|\n|t:|1698712801\n|move|p1a: Plant Wife|Leaf Blade|p2a: Seismitoad\n|-supereffective|p2a: Seismitoad\n|-damage|p2a: Seismitoad|0 fnt\n|faint|p2a: Seismitoad\n|\n|-damage|p1a: Plant Wife|76\/100 psn|[from] psn\n|upkeep\n|\n|t:|1698712806\n|switch|p2a: Leavanny|Leavanny, F|100\/100\n|turn|5\n|\n|t:|1698712813\n|move|p1a: Plant Wife|Ice Spinner|p2a: Leavanny\n|-supereffective|p2a: Leavanny\n|-damage|p2a: Leavanny|5\/100\n|move|p2a: Leavanny|Lunge|p1a: Plant Wife\n|-damage|p1a: Plant Wife|36\/100 psn\n|-unboost|p1a: Plant Wife|atk|1\n|\n|-damage|p1a: Plant Wife|24\/100 psn|[from] psn\n|upkeep\n|turn|6\n|\n|t:|1698712821\n|move|p1a: Plant Wife|Ice Spinner|p2a: Leavanny\n|-supereffective|p2a: Leavanny\n|-damage|p2a: Leavanny|0 fnt\n|faint|p2a: Leavanny\n|\n|-damage|p1a: Plant Wife|11\/100 psn|[from] psn\n|upkeep\n|\n|t:|1698712824\n|switch|p2a: Genesect|Genesect-Douse|100\/100\n|-ability|p2a: Genesect|Download|boost\n|-boost|p2a: Genesect|spa|1\n|turn|7\n|\n|t:|1698712833\n|move|p1a: Plant Wife|Close Combat|p2a: Genesect\n|-damage|p2a: Genesect|35\/100\n|-unboost|p1a: Plant Wife|def|1\n|-unboost|p1a: Plant Wife|spd|1\n|move|p2a: Genesect|Bug Buzz|p1a: Plant Wife\n|-damage|p1a: Plant Wife|0 fnt\n|faint|p1a: Plant Wife\n|\n|upkeep\n|\n|t:|1698712841\n|switch|p1a: Robo waifu|Magearna|100\/100\n|turn|8\n|c|\u2606Neo Destruction|that would be Iron Valiant\n|\n|t:|1698712857\n|move|p2a: Genesect|Techno Blast|p1a: Robo waifu\n|-damage|p1a: Robo waifu|49\/100\n|move|p1a: Robo waifu|Flash Cannon|p2a: Genesect\n|-resisted|p2a: Genesect\n|-damage|p2a: Genesect|8\/100\n|\n|upkeep\n|turn|9\n|c|\u2606steals many wives|Yeah, but i don't like the acknowledge that gen 9 exists\n|inactive|steals many wives has 120 seconds left.\n|c|\u2606steals many wives|magearna will always live inside my heart\n|\n|t:|1698712893\n|move|p2a: Genesect|Techno Blast|p1a: Robo waifu\n|-damage|p1a: Robo waifu|0 fnt\n|faint|p1a: Robo waifu\n|\n|upkeep\n|\n|t:|1698712906\n|switch|p1a: Rock Waifu|Diancie|100\/100\n|turn|10\n|c|\u2606Neo Destruction|then I won't acknowledge you\n|\n|t:|1698712917\n|detailschange|p1a: Rock Waifu|Diancie-Mega\n|-mega|p1a: Rock Waifu|Diancie|Diancite\n|move|p1a: Rock Waifu|Body Press|p2a: Genesect\n|-damage|p2a: Genesect|0 fnt\n|faint|p2a: Genesect\n|\n|upkeep\n|\n|t:|1698712921\n|switch|p2a: Hydreigon|Hydreigon, M|100\/100\n|turn|11\n|\n|t:|1698712925\n|move|p1a: Rock Waifu|Play Rough|p2a: Hydreigon\n|-supereffective|p2a: Hydreigon\n|-damage|p2a: Hydreigon|0 fnt\n|faint|p2a: Hydreigon\n|\n|upkeep\n|\n|t:|1698712929\n|switch|p2a: Zekrom|Zekrom|100\/100\n|-ability|p2a: Zekrom|Teravolt\n|turn|12\n|\n|t:|1698712934\n|-terastallize|p2a: Zekrom|Steel\n|move|p1a: Rock Waifu|Play Rough|p2a: Zekrom\n|-resisted|p2a: Zekrom\n|-damage|p2a: Zekrom|79\/100\n|move|p2a: Zekrom|Steel Wing|p1a: Rock Waifu\n|-supereffective|p1a: Rock Waifu\n|-damage|p1a: Rock Waifu|0 fnt\n|faint|p1a: Rock Waifu\n|\n|upkeep\n|c|\u2606steals many wives|always with the tera\n|\n|t:|1698712949\n|switch|p1a: Ghost Waifu|Froslass, F|100\/100\n|turn|13\n|\n|t:|1698712953\n|move|p1a: Ghost Waifu|Shadow Ball|p2a: Zekrom\n|-damage|p2a: Zekrom|52\/100\n|move|p2a: Zekrom|Steel Wing|p1a: Ghost Waifu\n|-supereffective|p1a: Ghost Waifu\n|-enditem|p1a: Ghost Waifu|Focus Sash\n|-damage|p1a: Ghost Waifu|1\/100\n|\n|upkeep\n|turn|14\n|\n|t:|1698712961\n|move|p1a: Ghost Waifu|Destiny Bond|p1a: Ghost Waifu\n|-singlemove|p1a: Ghost Waifu|Destiny Bond\n|move|p2a: Zekrom|Dragon Claw|p1a: Ghost Waifu\n|-damage|p1a: Ghost Waifu|0 fnt\n|faint|p1a: Ghost Waifu\n|-activate|p1a: Ghost Waifu|move: Destiny Bond\n|faint|p2a: Zekrom\n|\n|win|steals many wives\n|raw|steals many wives's rating: 1121 &rarr; <strong>1144<\/strong><br \/>(+23 for winning)\n|raw|Neo Destruction's rating: 1092 &rarr; <strong>1070<\/strong><br \/>(-22 for losing)\n|l|\u2606Neo Destruction\n","uploadtime":1698712972,"views":5,"p1id":"stealsmanywives","p2id":"neodestruction","formatid":"gen9nationaldexubers","rating":1070,"private":0,"password":""}