{"id":"gen9nationaldexubers-1978404622","p1":"BugCatcherRaidBoss","p2":"straightoutta14BC","format":"[Gen 9] National Dex Ubers","log":"|j|\u2606BugCatcherRaidBoss\n|j|\u2606straightoutta14BC\n|inactive|Battle timer is ON: inactive players will automatically lose when time's up.\n|t:|1698534639\n|gametype|singles\n|player|p1|BugCatcherRaidBoss|shelly|\n|player|p2|straightoutta14BC|266|\n|teamsize|p1|6\n|teamsize|p2|6\n|gen|9\n|tier|[Gen 9] National Dex Ubers\n|rated|Tournament battle\n|rule|HP Percentage Mod: HP is shown in percentages\n|rule|Endless Battle Clause: Forcing endless battles is banned\n|rule|OHKO Clause: OHKO moves are banned\n|rule|Evasion Moves Clause: Evasion moves are banned\n|rule|Evasion Items Clause: Evasion items are banned\n|rule|Species Clause: Limit one of each Pok\u00e9mon\n|rule|Sleep Clause Mod: Limit one foe put to sleep\n|rule|Mega Rayquaza Clause: You cannot mega evolve Rayquaza\n|rule|Dynamax Clause: You cannot dynamax\n|rule|Terastal Clause: You cannot Terastallize\n|rule|Same Type Clause: Pok\u00e9mon in a team must share a type\n|clearpoke\n|poke|p1|Pheromosa|\n|poke|p1|Genesect|\n|poke|p1|Pinsir, M|\n|poke|p1|Araquanid, F|\n|poke|p1|Galvantula, F|\n|poke|p1|Armaldo, M|\n|poke|p2|Klinklang|\n|poke|p2|Mawile, F|\n|poke|p2|Stakataka|\n|poke|p2|Corviknight, M|\n|poke|p2|Ferrothorn, F|\n|poke|p2|Heatran, F|\n|teampreview\n|j| galaxystudios370\n|j| V-Creating Victory\n|j| XXMurdrXX\n|j| Franko159\n|j| WjB2\n|inactive|straightoutta14BC has 120 seconds left.\n|inactive|straightoutta14BC has 90 seconds left.\n|\n|t:|1698534728\n|start\n|switch|p1a: Urban Guerrilla|Genesect, shiny|100\/100\n|switch|p2a: Skylon|Corviknight, M|100\/100\n|-ability|p1a: Urban Guerrilla|Download|boost\n|-boost|p1a: Urban Guerrilla|spa|1\n|-ability|p2a: Skylon|Pressure\n|turn|1\n|c|\u2606BugCatcherRaidBoss|Atleast it's a different team composition\n|inactive|straightoutta14BC has 120 seconds left.\n|c| Franko159|you hate tr?\n|c|\u2606BugCatcherRaidBoss|What when did I say that?\n|\n|t:|1698534766\n|switch|p2a: Venera|Ferrothorn, F|100\/100\n|move|p1a: Urban Guerrilla|Flamethrower|p2a: Venera\n|-supereffective|p2a: Venera\n|-damage|p2a: Venera|0 fnt\n|faint|p2a: Venera\n|-damage|p1a: Urban Guerrilla|91\/100|[from] item: Life Orb\n|\n|upkeep\n|c| Franko159|it was a question, not an afirmation\n|\n|t:|1698534772\n|switch|p2a: InSight|Heatran, F|100\/100\n|turn|2\n|\n|t:|1698534778\n|switch|p1a: Levitation|Araquanid, F, shiny|100\/100\n|move|p2a: InSight|Stealth Rock|p1a: Levitation\n|-sidestart|p1: BugCatcherRaidBoss|move: Stealth Rock\n|\n|upkeep\n|turn|3\n|j| FadedCharm\n|inactive|straightoutta14BC has 90 seconds left.\n|l| XXMurdrXX\n|l| FadedCharm\n|inactive|straightoutta14BC has 60 seconds left.\n|c| Franko159|affirmation*, double f xd\n|c|\u2606BugCatcherRaidBoss|Im gonna do it\n|\n|t:|1698534854\n|switch|p2a: Skylon|Corviknight, M|100\/100\n|-ability|p2a: Skylon|Pressure\n|move|p1a: Levitation|Liquidation|p2a: Skylon\n|-damage|p2a: Skylon|58\/100\n|\n|-heal|p2a: Skylon|64\/100|[from] item: Leftovers\n|upkeep\n|turn|4\n|\n|t:|1698534864\n|switch|p1a: Lord Of Light|Armaldo, M, shiny|100\/100\n|move|p2a: Skylon|Roost|p2a: Skylon\n|-heal|p2a: Skylon|100\/100\n|-singleturn|p2a: Skylon|move: Roost\n|\n|upkeep\n|turn|5\n|\n|t:|1698534873\n|switch|p2a: InSight|Heatran, F|100\/100\n|move|p1a: Lord Of Light|Rapid Spin|p2a: InSight\n|-resisted|p2a: InSight\n|-damage|p2a: InSight|93\/100\n|-boost|p1a: Lord Of Light|spe|1\n|-sideend|p1: BugCatcherRaidBoss|Stealth Rock|[from] move: Rapid Spin|[of] p1a: Lord Of Light\n|\n|upkeep\n|turn|6\n|\n|t:|1698534894\n|move|p1a: Lord Of Light|Knock Off|p2a: InSight\n|-damage|p2a: InSight|66\/100\n|-enditem|p2a: InSight|Life Orb|[from] move: Knock Off|[of] p1a: Lord Of Light\n|move|p2a: InSight|Fire Blast|p1a: Lord Of Light\n|-damage|p1a: Lord Of Light|29\/100\n|\n|upkeep\n|turn|7\n|\n|t:|1698534906\n|move|p1a: Lord Of Light|Stealth Rock|p2a: InSight\n|-sidestart|p2: straightoutta14BC|move: Stealth Rock\n|move|p2a: InSight|Stealth Rock|p1a: Lord Of Light\n|-sidestart|p1: BugCatcherRaidBoss|move: Stealth Rock\n|\n|upkeep\n|turn|8\n|\n|t:|1698534921\n|move|p1a: Lord Of Light|Rapid Spin|p2a: InSight\n|-resisted|p2a: InSight\n|-damage|p2a: InSight|58\/100\n|-boost|p1a: Lord Of Light|spe|1\n|-sideend|p1: BugCatcherRaidBoss|Stealth Rock|[from] move: Rapid Spin|[of] p1a: Lord Of Light\n|move|p2a: InSight|Flash Cannon|p1a: Lord Of Light\n|-supereffective|p1a: Lord Of Light\n|-damage|p1a: Lord Of Light|0 fnt\n|faint|p1a: Lord Of Light\n|\n|upkeep\n|\n|t:|1698534937\n|switch|p1a: Brainbox pollution|Pinsir, M, shiny|100\/100\n|turn|9\n|inactive|straightoutta14BC has 60 seconds left.\n|\n|t:|1698534950\n|switch|p2a: Skylon|Corviknight, M|100\/100\n|-damage|p2a: Skylon|88\/100|[from] Stealth Rock\n|-ability|p2a: Skylon|Pressure\n|detailschange|p1a: Brainbox pollution|Pinsir-Mega, M, shiny\n|-mega|p1a: Brainbox pollution|Pinsir|Pinsirite\n|move|p1a: Brainbox pollution|Swords Dance|p1a: Brainbox pollution\n|-boost|p1a: Brainbox pollution|atk|2\n|\n|-heal|p2a: Skylon|94\/100|[from] item: Leftovers\n|upkeep\n|turn|10\n|\n|t:|1698534963\n|move|p1a: Brainbox pollution|Close Combat|p2a: Skylon\n|-damage|p2a: Skylon|39\/100\n|-unboost|p1a: Brainbox pollution|def|1\n|-unboost|p1a: Brainbox pollution|spd|1\n|move|p2a: Skylon|Defog|p1a: Brainbox pollution\n|-unboost|p1a: Brainbox pollution|evasion|1\n|-sideend|p2: straightoutta14BC|Stealth Rock|[from] move: Defog|[of] p2a: Skylon\n|\n|-heal|p2a: Skylon|45\/100|[from] item: Leftovers\n|upkeep\n|turn|11\n|inactive|straightoutta14BC has 60 seconds left.\n|\n|t:|1698535002\n|move|p1a: Brainbox pollution|Close Combat|p2a: Skylon\n|-damage|p2a: Skylon|0 fnt\n|-unboost|p1a: Brainbox pollution|def|1\n|-unboost|p1a: Brainbox pollution|spd|1\n|faint|p2a: Skylon\n|\n|upkeep\n|c|\u2606BugCatcherRaidBoss|Decisions decisions\n|\n|t:|1698535004\n|switch|p2a: Shenzhou|Klinklang|100\/100\n|turn|12\n|\n|t:|1698535012\n|move|p1a: Brainbox pollution|Close Combat|p2a: Shenzhou\n|-supereffective|p2a: Shenzhou\n|-enditem|p2a: Shenzhou|Focus Sash\n|-damage|p2a: Shenzhou|1\/100\n|-unboost|p1a: Brainbox pollution|def|1\n|-unboost|p1a: Brainbox pollution|spd|1\n|move|p2a: Shenzhou|Trick Room|p2a: Shenzhou\n|-fieldstart|move: Trick Room|[of] p2a: Shenzhou\n|\n|upkeep\n|turn|13\n|\n|t:|1698535023\n|move|p1a: Brainbox pollution|Quick Attack|p2a: Shenzhou\n|-resisted|p2a: Shenzhou\n|-damage|p2a: Shenzhou|0 fnt\n|faint|p2a: Shenzhou\n|\n|upkeep\n|\n|t:|1698535035\n|switch|p2a: Valentina|Mawile, F|100\/100\n|-ability|p2a: Valentina|Intimidate|boost\n|-unboost|p1a: Brainbox pollution|atk|1\n|turn|14\n|\n|t:|1698535044\n|detailschange|p2a: Valentina|Mawile-Mega, F\n|-mega|p2a: Valentina|Mawile|Mawilite\n|move|p1a: Brainbox pollution|Quick Attack|p2a: Valentina\n|-resisted|p2a: Valentina\n|-damage|p2a: Valentina|79\/100\n|move|p2a: Valentina|Thunder Punch|p1a: Brainbox pollution\n|-supereffective|p1a: Brainbox pollution\n|-damage|p1a: Brainbox pollution|0 fnt\n|faint|p1a: Brainbox pollution\n|\n|upkeep\n|\n|t:|1698535057\n|switch|p1a: Motorhead|Galvantula, F, shiny|100\/100\n|turn|15\n|\n|t:|1698535065\n|move|p2a: Valentina|Fire Fang|p1a: Motorhead\n|-supereffective|p1a: Motorhead\n|-crit|p1a: Motorhead\n|-enditem|p1a: Motorhead|Focus Sash\n|-damage|p1a: Motorhead|1\/100\n|move|p1a: Motorhead|Thunder|p2a: Valentina\n|-crit|p2a: Valentina\n|-damage|p2a: Valentina|0 fnt\n|faint|p2a: Valentina\n|\n|upkeep\n|\n|t:|1698535074\n|switch|p2a: InSight|Heatran, F|58\/100\n|turn|16\n|-message|straightoutta14BC forfeited.\n|\n|win|BugCatcherRaidBoss\n|n|\u2606BugCatcherRaidBoss|bugcatcherraidboss\n|n|\u2606straightoutta14BC|straightoutta14bc\n|n| galaxystudios370|galaxystudios370\n|n| V-Creating Victory|vcreatingvictory\n|n| Franko159|franko159\n|n| WjB2|wjb2\n|l| galaxystudios370\n|c|\u2606BugCatcherRaidBoss|Gg\n|l|\u2606BugCatcherRaidBoss\n|c|\u2606straightoutta14BC|what am I doing wrong\n|c| Franko159|letting be critted\n","uploadtime":1698535121,"views":5,"p1id":"bugcatcherraidboss","p2id":"straightoutta14bc","formatid":"gen9nationaldexubers","rating":0,"private":0,"password":""}