{"id":"gen9nationaldexubers-1984261870","p1":"tuck7","p2":"Ripped27","format":"[Gen 9] National Dex Ubers","log":"|j|\u2606tuck7\n|j|\u2606Ripped27\n|t:|1699236283\n|gametype|singles\n|player|p1|tuck7|infielder|\n|player|p2|Ripped27|101|\n|teamsize|p1|6\n|teamsize|p2|6\n|gen|9\n|tier|[Gen 9] National Dex Ubers\n|rule|HP Percentage Mod: HP is shown in percentages\n|rule|Endless Battle Clause: Forcing endless battles is banned\n|rule|OHKO Clause: OHKO moves are banned\n|rule|Evasion Moves Clause: Evasion moves are banned\n|rule|Evasion Items Clause: Evasion items are banned\n|rule|Species Clause: Limit one of each Pok\u00e9mon\n|rule|Sleep Clause Mod: Limit one foe put to sleep\n|rule|Mega Rayquaza Clause: You cannot mega evolve Rayquaza\n|clearpoke\n|poke|p1|Charizard, M|\n|poke|p1|Garchomp, M|\n|poke|p1|Azumarill, F|\n|poke|p1|Iron Hands|\n|poke|p1|Metagross|\n|poke|p1|Nihilego|\n|poke|p2|Garchomp, F|\n|poke|p2|Regieleki|\n|poke|p2|Weavile, M|\n|poke|p2|Heatran, M|\n|poke|p2|Leavanny, F|\n|poke|p2|Hippowdon, M|\n|teampreview\n|j| Dizzihey\n|l| Dizzihey\n|c|\u2606Ripped27|srry one sec\n|c|\u2606Ripped27|cat\n|c|\u2606tuck7|np, i had to make sure mine was fed so she didn't bother me\n|c|\u2606Ripped27|fellow cat owner stuggles\n|\n|t:|1699236514\n|start\n|switch|p1a: Garchomp|Garchomp, M|100\/100\n|switch|p2a: Little Guy|Leavanny, F|100\/100\n|turn|1\n|\n|t:|1699236553\n|move|p2a: Little Guy|Sticky Web|p1a: Garchomp\n|-sidestart|p1: tuck7|move: Sticky Web\n|move|p1a: Garchomp|Spikes|p2a: Little Guy\n|-sidestart|p2: Ripped27|Spikes\n|\n|upkeep\n|turn|2\n|\n|t:|1699236604\n|switch|p2a: Loaf|Hippowdon, M|100\/100\n|-damage|p2a: Loaf|88\/100|[from] Spikes\n|-weather|Sandstorm|[from] ability: Sand Stream|[of] p2a: Loaf\n|move|p1a: Garchomp|Toxic|p2a: Loaf\n|-status|p2a: Loaf|tox\n|\n|-weather|Sandstorm|[upkeep]\n|-damage|p2a: Loaf|82\/100 tox|[from] psn\n|upkeep\n|turn|3\n|\n|t:|1699236626\n|move|p1a: Garchomp|Spikes|p2a: Loaf\n|-sidestart|p2: Ripped27|Spikes\n|move|p2a: Loaf|Ice Fang|p1a: Garchomp\n|-supereffective|p1a: Garchomp\n|-damage|p1a: Garchomp|48\/100\n|-damage|p2a: Loaf|70\/100 tox|[from] ability: Rough Skin|[of] p1a: Garchomp\n|-damage|p2a: Loaf|53\/100 tox|[from] item: Rocky Helmet|[of] p1a: Garchomp\n|\n|-weather|Sandstorm|[upkeep]\n|-damage|p2a: Loaf|40\/100 tox|[from] psn\n|upkeep\n|turn|4\n|\n|t:|1699236639\n|move|p2a: Loaf|Ice Fang|p1a: Garchomp\n|-supereffective|p1a: Garchomp\n|-damage|p1a: Garchomp|0 fnt\n|-damage|p2a: Loaf|28\/100 tox|[from] ability: Rough Skin|[of] p1a: Garchomp\n|-damage|p2a: Loaf|11\/100 tox|[from] item: Rocky Helmet|[of] p1a: Garchomp\n|faint|p1a: Garchomp\n|\n|-weather|Sandstorm|[upkeep]\n|-damage|p2a: Loaf|0 fnt|[from] psn\n|faint|p2a: Loaf\n|upkeep\n|j| AndohRuruka\n|\n|t:|1699236655\n|switch|p1a: Charizard|Charizard, M, shiny|100\/100\n|switch|p2a: Transistor|Regieleki|100\/100\n|-damage|p2a: Transistor|84\/100|[from] Spikes\n|turn|5\n|\n|t:|1699236672\n|switch|p1a: Metagross|Metagross, shiny|100\/100\n|-activate|p1a: Metagross|move: Sticky Web\n|-fail|p1a: Metagross|unboost|[from] ability: Clear Body|[of] p1a: Metagross\n|move|p2a: Transistor|Thunderbolt|p1a: Metagross\n|-damage|p1a: Metagross|40\/100\n|\n|-weather|Sandstorm|[upkeep]\n|upkeep\n|turn|6\n|\n|t:|1699236685\n|move|p2a: Transistor|Thunderbolt|p1a: Metagross\n|-damage|p1a: Metagross|0 fnt\n|faint|p1a: Metagross\n|\n|-weather|none\n|upkeep\n|\n|t:|1699236707\n|switch|p1a: Nihilego|Nihilego|100\/100\n|-activate|p1a: Nihilego|move: Sticky Web\n|-unboost|p1a: Nihilego|spe|1\n|turn|7\n|\n|t:|1699236755\n|move|p2a: Transistor|Rapid Spin|p1a: Nihilego\n|-resisted|p1a: Nihilego\n|-damage|p1a: Nihilego|92\/100\n|-boost|p2a: Transistor|spe|1\n|-sideend|p2: Ripped27|Spikes|[from] move: Rapid Spin|[of] p2a: Transistor\n|move|p1a: Nihilego|Sludge Bomb|p2a: Transistor\n|-damage|p2a: Transistor|0 fnt\n|faint|p2a: Transistor\n|-ability|p1a: Nihilego|Beast Boost|boost\n|-boost|p1a: Nihilego|spe|1\n|\n|-heal|p1a: Nihilego|98\/100|[from] item: Black Sludge\n|upkeep\n|\n|t:|1699236834\n|switch|p2a: Switchblade|Garchomp, F|100\/100\n|turn|8\n|\n|t:|1699236860\n|detailschange|p2a: Switchblade|Garchomp-Mega, F\n|-mega|p2a: Switchblade|Garchomp|Garchompite\n|move|p1a: Nihilego|Sludge Bomb|p2a: Switchblade\n|-resisted|p2a: Switchblade\n|-damage|p2a: Switchblade|78\/100\n|-status|p2a: Switchblade|psn\n|move|p2a: Switchblade|Earthquake|p1a: Nihilego\n|-supereffective|p1a: Nihilego\n|-damage|p1a: Nihilego|0 fnt\n|faint|p1a: Nihilego\n|\n|-damage|p2a: Switchblade|65\/100 psn|[from] psn\n|upkeep\n|\n|t:|1699236889\n|switch|p1a: Iron Hands|Iron Hands|100\/100\n|-activate|p1a: Iron Hands|move: Sticky Web\n|-unboost|p1a: Iron Hands|spe|1\n|-enditem|p1a: Iron Hands|Booster Energy\n|-activate|p1a: Iron Hands|ability: Quark Drive|[fromitem]\n|-start|p1a: Iron Hands|quarkdriveatk\n|turn|9\n|\n|t:|1699236907\n|move|p2a: Switchblade|Earthquake|p1a: Iron Hands\n|-supereffective|p1a: Iron Hands\n|-damage|p1a: Iron Hands|8\/100\n|move|p1a: Iron Hands|Ice Punch|p2a: Switchblade\n|-supereffective|p2a: Switchblade\n|-damage|p2a: Switchblade|0 fnt\n|faint|p2a: Switchblade\n|\n|upkeep\n|\n|t:|1699236917\n|switch|p2a: Katana|Weavile, M|100\/100\n|-ability|p2a: Katana|Pressure\n|turn|10\n|\n|t:|1699236931\n|move|p2a: Katana|Pursuit|p1a: Iron Hands\n|-resisted|p1a: Iron Hands\n|-damage|p1a: Iron Hands|1\/100\n|move|p1a: Iron Hands|Drain Punch|p2a: Katana\n|-supereffective|p2a: Katana\n|-damage|p2a: Katana|0 fnt\n|-heal|p1a: Iron Hands|30\/100|[from] drain|[of] p2a: Katana\n|faint|p2a: Katana\n|\n|upkeep\n|c|\u2606Ripped27|AAA\n|c|\u2606tuck7|i feel that\n|\n|t:|1699236954\n|switch|p2a: Thermos|Heatran, M|100\/100\n|-item|p2a: Thermos|Air Balloon\n|turn|11\n|\n|t:|1699236969\n|move|p2a: Thermos|Flamethrower|p1a: Iron Hands\n|-damage|p1a: Iron Hands|0 fnt\n|faint|p1a: Iron Hands\n|-end|p1a: Iron Hands|Quark Drive|[silent]\n|\n|upkeep\n|\n|t:|1699236986\n|switch|p1a: Azumarill|Azumarill, F, shiny|100\/100\n|-activate|p1a: Azumarill|move: Sticky Web\n|-unboost|p1a: Azumarill|spe|1\n|turn|12\n|\n|t:|1699237009\n|move|p1a: Azumarill|Aqua Jet|p2a: Thermos\n|-supereffective|p2a: Thermos\n|-damage|p2a: Thermos|65\/100\n|-enditem|p2a: Thermos|Air Balloon\n|move|p2a: Thermos|Hidden Power|p1a: Azumarill\n|-supereffective|p1a: Azumarill\n|-damage|p1a: Azumarill|73\/100\n|\n|upkeep\n|turn|13\n|\n|t:|1699237024\n|switch|p2a: Little Guy|Leavanny, F|100\/100\n|move|p1a: Azumarill|Liquidation|p2a: Little Guy\n|-resisted|p2a: Little Guy\n|-damage|p2a: Little Guy|66\/100\n|\n|upkeep\n|turn|14\n|\n|t:|1699237031\n|move|p2a: Little Guy|Leaf Blade|p1a: Azumarill\n|-supereffective|p1a: Azumarill\n|-damage|p1a: Azumarill|0 fnt\n|faint|p1a: Azumarill\n|\n|upkeep\n|\n|t:|1699237036\n|switch|p1a: Charizard|Charizard, M, shiny|100\/100\n|turn|15\n|\n|t:|1699237052\n|switch|p2a: Thermos|Heatran, M|65\/100\n|detailschange|p1a: Charizard|Charizard-Mega-Y, M, shiny\n|-mega|p1a: Charizard|Charizard|Charizardite Y\n|-weather|SunnyDay|[from] ability: Drought|[of] p1a: Charizard\n|move|p1a: Charizard|Hurricane|p2a: Thermos|[miss]\n|-miss|p1a: Charizard|p2a: Thermos\n|\n|-weather|SunnyDay|[upkeep]\n|upkeep\n|turn|16\n|\n|t:|1699237101\n|move|p1a: Charizard|Hurricane|p2a: Thermos|[miss]\n|-miss|p1a: Charizard|p2a: Thermos\n|move|p2a: Thermos|Flash Cannon|p1a: Charizard\n|-resisted|p1a: Charizard\n|-damage|p1a: Charizard|79\/100\n|\n|-weather|SunnyDay|[upkeep]\n|upkeep\n|turn|17\n|\n|t:|1699237122\n|move|p1a: Charizard|Hurricane|p2a: Thermos|[miss]\n|-miss|p1a: Charizard|p2a: Thermos\n|move|p2a: Thermos|Flash Cannon|p1a: Charizard\n|-resisted|p1a: Charizard\n|-damage|p1a: Charizard|54\/100\n|\n|-weather|SunnyDay|[upkeep]\n|upkeep\n|turn|18\n|\n|t:|1699237145\n|move|p1a: Charizard|Hurricane|p2a: Thermos\n|-resisted|p2a: Thermos\n|-damage|p2a: Thermos|36\/100\n|move|p2a: Thermos|Flash Cannon|p1a: Charizard\n|-resisted|p1a: Charizard\n|-damage|p1a: Charizard|32\/100\n|\n|-weather|SunnyDay|[upkeep]\n|upkeep\n|turn|19\n|\n|t:|1699237154\n|move|p1a: Charizard|Roost|p1a: Charizard\n|-heal|p1a: Charizard|82\/100\n|-singleturn|p1a: Charizard|move: Roost\n|move|p2a: Thermos|Flash Cannon|p1a: Charizard\n|-resisted|p1a: Charizard\n|-damage|p1a: Charizard|59\/100\n|\n|-weather|none\n|upkeep\n|turn|20\n|\n|t:|1699237187\n|move|p1a: Charizard|Hurricane|p2a: Thermos\n|-resisted|p2a: Thermos\n|-crit|p2a: Thermos\n|-damage|p2a: Thermos|0 fnt\n|faint|p2a: Thermos\n|\n|upkeep\n|\n|t:|1699237192\n|switch|p2a: Little Guy|Leavanny, F|66\/100\n|turn|21\n|\n|t:|1699237205\n|move|p1a: Charizard|Flamethrower|p2a: Little Guy\n|-supereffective|p2a: Little Guy\n|-damage|p2a: Little Guy|0 fnt\n|faint|p2a: Little Guy\n|\n|win|tuck7\n|c|\u2606tuck7|gg\n|c|\u2606Ripped27|gg!\n|c|\u2606tuck7|that was stressful lmao\n","uploadtime":1699237221,"views":21,"p1id":"tuck7","p2id":"ripped27","formatid":"gen9nationaldexubers","rating":0,"private":0,"password":""}