{"id":"gen9nationaldexubers-1977872491","p1":"Scampton","p2":"Egg O War","format":"[Gen 9] National Dex Ubers","log":"|j|\u2606Scampton\n|j|\u2606Egg O War\n|t:|1698460080\n|gametype|singles\n|player|p1|Scampton|clown|\n|player|p2|Egg O War|drayden|\n|teamsize|p1|6\n|teamsize|p2|6\n|gen|9\n|tier|[Gen 9] National Dex Ubers\n|rule|HP Percentage Mod: HP is shown in percentages\n|rule|Endless Battle Clause: Forcing endless battles is banned\n|rule|OHKO Clause: OHKO moves are banned\n|rule|Evasion Moves Clause: Evasion moves are banned\n|rule|Evasion Items Clause: Evasion items are banned\n|rule|Species Clause: Limit one of each Pok\u00e9mon\n|rule|Sleep Clause Mod: Limit one foe put to sleep\n|rule|Mega Rayquaza Clause: You cannot mega evolve Rayquaza\n|clearpoke\n|poke|p1|Groudon|\n|poke|p1|Walking Wake|\n|poke|p1|Politoed, F|\n|poke|p1|Palafin, F|\n|poke|p1|Duraludon, F|\n|poke|p1|Alomomola, F|\n|poke|p2|Slowbro-Galar, M|\n|poke|p2|Grimmsnarl, M|\n|poke|p2|Ursaluna, M|\n|poke|p2|Enamorus-Therian, F|\n|poke|p2|Iron Hands|\n|poke|p2|Kingambit, F|\n|teampreview\n|\n|t:|1698460113\n|start\n|switch|p1a: Groudon|Groudon|100\/100\n|switch|p2a: Guldo|Grimmsnarl, M|100\/100\n|-weather|SunnyDay|[from] ability: Drought|[of] p1a: Groudon\n|turn|1\n|\n|t:|1698460127\n|move|p2a: Guldo|Reflect|p2a: Guldo\n|-sidestart|p2: Egg O War|Reflect\n|move|p1a: Groudon|Heavy Slam|p2a: Guldo\n|-supereffective|p2a: Guldo\n|-damage|p2a: Guldo|61\/100\n|\n|-weather|SunnyDay|[upkeep]\n|upkeep\n|turn|2\n|\n|t:|1698460130\n|move|p2a: Guldo|Taunt|p1a: Groudon\n|-start|p1a: Groudon|move: Taunt\n|move|p1a: Groudon|Heavy Slam|p2a: Guldo\n|-supereffective|p2a: Guldo\n|-damage|p2a: Guldo|25\/100\n|\n|-weather|SunnyDay|[upkeep]\n|upkeep\n|turn|3\n|-activate|p1a: Groudon|item: Quick Claw\n|\n|t:|1698460133\n|move|p2a: Guldo|Parting Shot|p1a: Groudon\n|-unboost|p1a: Groudon|atk|1\n|-unboost|p1a: Groudon|spa|1\n|\n|t:|1698460143\n|switch|p2a: Jeice|Enamorus-Therian, F|100\/100|[from] Parting Shot\n|move|p1a: Groudon|Solar Beam||[still]\n|-prepare|p1a: Groudon|Solar Beam\n|-anim|p1a: Groudon|Solar Beam|p2a: Jeice\n|-resisted|p2a: Jeice\n|-damage|p2a: Jeice|90\/100\n|\n|-weather|SunnyDay|[upkeep]\n|upkeep\n|turn|4\n|-activate|p2a: Jeice|item: Quick Claw\n|\n|t:|1698460148\n|switch|p1a: Politoed|Politoed, F|100\/100\n|-weather|RainDance|[from] ability: Drizzle|[of] p1a: Politoed\n|move|p2a: Jeice|Calm Mind|p2a: Jeice\n|-boost|p2a: Jeice|spa|1\n|-boost|p2a: Jeice|spd|1\n|\n|-weather|RainDance|[upkeep]\n|upkeep\n|turn|5\n|\n|t:|1698460165\n|move|p1a: Politoed|Toxic|p2a: Jeice\n|-status|p2a: Jeice|tox\n|move|p2a: Jeice|Grass Knot|p1a: Politoed\n|-supereffective|p1a: Politoed\n|-damage|p1a: Politoed|35\/100\n|\n|-weather|RainDance|[upkeep]\n|-damage|p2a: Jeice|84\/100 tox|[from] psn\n|upkeep\n|turn|6\n|j| fried mochi\n|\n|t:|1698460177\n|move|p1a: Politoed|Encore|p2a: Jeice\n|-start|p2a: Jeice|Encore\n|move|p2a: Jeice|Grass Knot|p1a: Politoed\n|-supereffective|p1a: Politoed\n|-damage|p1a: Politoed|0 fnt\n|faint|p1a: Politoed\n|\n|-weather|RainDance|[upkeep]\n|-damage|p2a: Jeice|72\/100 tox|[from] psn\n|upkeep\n|\n|t:|1698460183\n|switch|p1a: Detective|Duraludon, F|100\/100\n|turn|7\n|\n|t:|1698460196\n|move|p1a: Detective|Brick Break|p2a: Jeice\n|-sideend|p2: Egg O War|Reflect\n|-resisted|p2a: Jeice\n|-damage|p2a: Jeice|68\/100 tox\n|move|p2a: Jeice|Grass Knot|p1a: Detective\n|-resisted|p1a: Detective\n|-damage|p1a: Detective|84\/100\n|\n|-weather|RainDance|[upkeep]\n|-damage|p2a: Jeice|50\/100 tox|[from] psn\n|upkeep\n|turn|8\n|\n|t:|1698460203\n|move|p1a: Detective|Heavy Slam|p2a: Jeice\n|-supereffective|p2a: Jeice\n|-damage|p2a: Jeice|28\/100 tox\n|move|p2a: Jeice|Grass Knot|p1a: Detective\n|-resisted|p1a: Detective\n|-damage|p1a: Detective|66\/100\n|\n|-weather|RainDance|[upkeep]\n|-damage|p2a: Jeice|4\/100 tox|[from] psn\n|-end|p2a: Jeice|Encore\n|upkeep\n|turn|9\n|-activate|p2a: Jeice|item: Quick Claw\n|\n|t:|1698460218\n|switch|p1a: Alomomola|Alomomola, F|100\/100\n|move|p2a: Jeice|Earth Power|p1a: Alomomola\n|-damage|p1a: Alomomola|38\/100\n|\n|-weather|RainDance|[upkeep]\n|-damage|p2a: Jeice|0 fnt|[from] psn\n|faint|p2a: Jeice\n|upkeep\n|\n|t:|1698460232\n|switch|p2a: Guldo|Grimmsnarl, M|25\/100\n|turn|10\n|\n|t:|1698460235\n|move|p2a: Guldo|Taunt|p1a: Alomomola\n|-start|p1a: Alomomola|move: Taunt\n|cant|p1a: Alomomola|move: Taunt|Wish\n|\n|-weather|RainDance|[upkeep]\n|upkeep\n|turn|11\n|\n|t:|1698460241\n|move|p2a: Guldo|Light Screen|p2a: Guldo\n|-sidestart|p2: Egg O War|move: Light Screen\n|move|p1a: Alomomola|Flip Turn|p2a: Guldo\n|-damage|p2a: Guldo|3\/100\n|\n|t:|1698460261\n|switch|p1a: Groudon|Groudon|100\/100|[from] Flip Turn\n|-weather|SunnyDay|[from] ability: Drought|[of] p1a: Groudon\n|\n|-weather|SunnyDay|[upkeep]\n|upkeep\n|turn|12\n|-activate|p1a: Groudon|item: Quick Claw\n|\n|t:|1698460273\n|move|p2a: Guldo|Reflect|p2a: Guldo\n|-sidestart|p2: Egg O War|Reflect\n|move|p1a: Groudon|Swords Dance|p1a: Groudon\n|-boost|p1a: Groudon|atk|2\n|\n|-weather|SunnyDay|[upkeep]\n|upkeep\n|turn|13\n|\n|t:|1698460278\n|move|p2a: Guldo|Taunt|p1a: Groudon\n|-start|p1a: Groudon|move: Taunt\n|move|p1a: Groudon|Solar Beam||[still]\n|-prepare|p1a: Groudon|Solar Beam\n|-anim|p1a: Groudon|Solar Beam|p2a: Guldo\n|-damage|p2a: Guldo|0 fnt\n|faint|p2a: Guldo\n|\n|-weather|SunnyDay|[upkeep]\n|upkeep\n|\n|t:|1698460289\n|switch|p2a: Recoome|Ursaluna, M|100\/100\n|turn|14\n|\n|t:|1698460295\n|switch|p1a: Alomomola|Alomomola, F|71\/100\n|move|p2a: Recoome|Avalanche|p1a: Alomomola\n|-resisted|p1a: Alomomola\n|-damage|p1a: Alomomola|65\/100\n|\n|-weather|SunnyDay|[upkeep]\n|upkeep\n|turn|15\n|\n|t:|1698460303\n|move|p2a: Recoome|Swords Dance|p2a: Recoome\n|-boost|p2a: Recoome|atk|2\n|move|p1a: Alomomola|Flip Turn|p2a: Recoome\n|-supereffective|p2a: Recoome\n|-damage|p2a: Recoome|94\/100\n|\n|t:|1698460307\n|switch|p1a: Walking Wake|Walking Wake|100\/100|[from] Flip Turn\n|-activate|p1a: Walking Wake|ability: Protosynthesis\n|-start|p1a: Walking Wake|protosynthesisspa\n|\n|-weather|none\n|-end|p1a: Walking Wake|Protosynthesis\n|upkeep\n|turn|16\n|-activate|p2a: Recoome|item: Quick Claw\n|\n|t:|1698460321\n|-end|p1a: Walking Wake|Protosynthesis|[silent]\n|switch|p1a: Groudon|Groudon|100\/100\n|-weather|SunnyDay|[from] ability: Drought|[of] p1a: Groudon\n|move|p2a: Recoome|Headlong Rush|p1a: Groudon\n|-damage|p1a: Groudon|0 fnt\n|-unboost|p2a: Recoome|def|1\n|-unboost|p2a: Recoome|spd|1\n|faint|p1a: Groudon\n|\n|-weather|SunnyDay|[upkeep]\n|upkeep\n|\n|t:|1698460326\n|switch|p1a: Walking Wake|Walking Wake|100\/100\n|-activate|p1a: Walking Wake|ability: Protosynthesis\n|-start|p1a: Walking Wake|protosynthesisspa\n|turn|17\n|\n|t:|1698460335\n|move|p1a: Walking Wake|Hydro Steam|p2a: Recoome\n|-supereffective|p2a: Recoome\n|-damage|p2a: Recoome|0 fnt\n|faint|p2a: Recoome\n|\n|-weather|SunnyDay|[upkeep]\n|upkeep\n|\n|t:|1698460352\n|switch|p2a: Captain Ginyu|Iron Hands|100\/100\n|turn|18\n|-activate|p1a: Walking Wake|item: Quick Claw\n|\n|t:|1698460360\n|move|p1a: Walking Wake|Flamethrower|p2a: Captain Ginyu\n|-damage|p2a: Captain Ginyu|69\/100\n|move|p2a: Captain Ginyu|Drain Punch|p1a: Walking Wake\n|-damage|p1a: Walking Wake|65\/100\n|-heal|p2a: Captain Ginyu|80\/100|[from] drain|[of] p1a: Walking Wake\n|\n|-weather|SunnyDay|[upkeep]\n|-sideend|p2: Egg O War|move: Light Screen\n|upkeep\n|turn|19\n|\n|t:|1698460377\n|move|p1a: Walking Wake|Hydro Steam|p2a: Captain Ginyu\n|-damage|p2a: Captain Ginyu|6\/100\n|move|p2a: Captain Ginyu|Drain Punch|p1a: Walking Wake\n|-damage|p1a: Walking Wake|26\/100\n|-heal|p2a: Captain Ginyu|19\/100|[from] drain|[of] p1a: Walking Wake\n|\n|-weather|SunnyDay|[upkeep]\n|-sideend|p2: Egg O War|Reflect\n|upkeep\n|turn|20\n|-activate|p2a: Captain Ginyu|item: Quick Claw\n|\n|t:|1698460387\n|move|p2a: Captain Ginyu|Drain Punch|p1a: Walking Wake\n|-damage|p1a: Walking Wake|0 fnt\n|-heal|p2a: Captain Ginyu|27\/100|[from] drain|[of] p1a: Walking Wake\n|faint|p1a: Walking Wake\n|-end|p1a: Walking Wake|Protosynthesis|[silent]\n|\n|-weather|none\n|upkeep\n|\n|t:|1698460394\n|switch|p1a: Detective|Duraludon, F|66\/100\n|turn|21\n|-activate|p1a: Detective|item: Quick Claw\n|\n|t:|1698460398\n|move|p1a: Detective|Draco Meteor|p2a: Captain Ginyu\n|-damage|p2a: Captain Ginyu|0 fnt\n|-unboost|p1a: Detective|spa|2\n|faint|p2a: Captain Ginyu\n|-end|p2a: Captain Ginyu|Quark Drive|[silent]\n|\n|upkeep\n|\n|t:|1698460415\n|switch|p2a: Burter|Slowbro-Galar, M|100\/100\n|turn|22\n|\n|t:|1698460424\n|move|p1a: Detective|Dark Pulse|p2a: Burter\n|-supereffective|p2a: Burter\n|-damage|p2a: Burter|65\/100\n|move|p2a: Burter|Nasty Plot|p2a: Burter\n|-boost|p2a: Burter|spa|2\n|\n|upkeep\n|turn|23\n|-activate|p2a: Burter|ability: Quick Draw\n|\n|t:|1698460431\n|move|p2a: Burter|Psyshock|p1a: Detective\n|-resisted|p1a: Detective\n|-damage|p1a: Detective|25\/100\n|move|p1a: Detective|Dark Pulse|p2a: Burter\n|-supereffective|p2a: Burter\n|-damage|p2a: Burter|34\/100\n|\n|upkeep\n|turn|24\n|\n|t:|1698460439\n|move|p1a: Detective|Draco Meteor|p2a: Burter\n|-damage|p2a: Burter|0 fnt\n|-unboost|p1a: Detective|spa|2\n|faint|p2a: Burter\n|\n|upkeep\n|\n|t:|1698460443\n|switch|p2a: Lord Frieza|Kingambit, F|100\/100\n|-activate|p2a: Lord Frieza|ability: Supreme Overlord\n|-start|p2a: Lord Frieza|fallen5|[silent]\n|turn|25\n|j| Tumbledown\n|\n|t:|1698460449\n|move|p1a: Detective|Brick Break|p2a: Lord Frieza\n|-supereffective|p2a: Lord Frieza\n|-damage|p2a: Lord Frieza|54\/100\n|move|p2a: Lord Frieza|Low Kick|p1a: Detective\n|-supereffective|p1a: Detective\n|-damage|p1a: Detective|0 fnt\n|faint|p1a: Detective\n|\n|upkeep\n|\n|t:|1698460454\n|switch|p1a: Palafin|Palafin, F|100\/100\n|turn|26\n|\n|t:|1698460467\n|move|p1a: Palafin|Drain Punch|p2a: Lord Frieza\n|-supereffective|p2a: Lord Frieza\n|-crit|p2a: Lord Frieza\n|-damage|p2a: Lord Frieza|0 fnt\n|faint|p2a: Lord Frieza\n|-end|p2a: Lord Frieza|fallen5|[silent]\n|\n|win|Scampton\n","uploadtime":1698460471,"views":19,"p1id":"scampton","p2id":"eggowar","formatid":"gen9nationaldexubers","rating":0,"private":0,"password":""}