{"id":"gen9nationaldexubers-1986905799","p1":"lemur8889","p2":"Jnenenss","format":"[Gen 9] National Dex Ubers","log":"|j|\u2606lemur8889\n|j|\u2606Jnenenss\n|t:|1699539748\n|gametype|singles\n|player|p1|lemur8889|lucas|1055\n|player|p2|Jnenenss|266|1089\n|teamsize|p1|6\n|teamsize|p2|6\n|gen|9\n|tier|[Gen 9] National Dex Ubers\n|rated|\n|rule|HP Percentage Mod: HP is shown in percentages\n|rule|Endless Battle Clause: Forcing endless battles is banned\n|rule|OHKO Clause: OHKO moves are banned\n|rule|Evasion Moves Clause: Evasion moves are banned\n|rule|Evasion Items Clause: Evasion items are banned\n|rule|Species Clause: Limit one of each Pok\u00e9mon\n|rule|Sleep Clause Mod: Limit one foe put to sleep\n|rule|Mega Rayquaza Clause: You cannot mega evolve Rayquaza\n|clearpoke\n|poke|p1|Meowstic, M|\n|poke|p1|Flutter Mane|\n|poke|p1|Swampert, F|\n|poke|p1|Grafaiai, M|\n|poke|p1|Sliggoo-Hisui, F|\n|poke|p1|Tyrantrum, M|\n|poke|p2|Cinderace, M|\n|poke|p2|Corviknight, M|\n|poke|p2|Urshifu-*, M|\n|poke|p2|Slowking-Galar, M|\n|poke|p2|Grimmsnarl, M|\n|poke|p2|Dragapult, M|\n|teampreview\n|\n|t:|1699539756\n|start\n|switch|p1a: Meowstic|Meowstic, M|100\/100\n|switch|p2a: Urshifu|Urshifu-Rapid-Strike, M|100\/100\n|turn|1\n|\n|t:|1699539769\n|move|p1a: Meowstic|Barrier|p1a: Meowstic\n|-boost|p1a: Meowstic|def|2\n|move|p2a: Urshifu|U-turn|p1a: Meowstic\n|-supereffective|p1a: Meowstic\n|-damage|p1a: Meowstic|65\/100\n|\n|t:|1699539775\n|switch|p2a: Dragapult|Dragapult, M|100\/100|[from] U-turn\n|\n|-heal|p1a: Meowstic|71\/100|[from] item: Leftovers\n|upkeep\n|turn|2\n|\n|t:|1699539783\n|move|p1a: Meowstic|Barrier|p1a: Meowstic\n|-boost|p1a: Meowstic|def|2\n|move|p2a: Dragapult|Draco Meteor|p1a: Meowstic\n|-damage|p1a: Meowstic|0 fnt\n|-unboost|p2a: Dragapult|spa|2\n|faint|p1a: Meowstic\n|\n|upkeep\n|\n|t:|1699539796\n|switch|p1a: Flutter Mane1|Flutter Mane|100\/100\n|-enditem|p1a: Flutter Mane1|Booster Energy\n|-activate|p1a: Flutter Mane1|ability: Protosynthesis|[fromitem]\n|-start|p1a: Flutter Mane1|protosynthesisspa\n|turn|3\n|\n|t:|1699539810\n|switch|p2a: Slowking|Slowking-Galar, M|100\/100\n|move|p1a: Flutter Mane1|Moonblast|p2a: Slowking\n|-resisted|p2a: Slowking\n|-damage|p2a: Slowking|85\/100\n|\n|upkeep\n|turn|4\n|\n|t:|1699539818\n|move|p1a: Flutter Mane1|Calm Mind|p1a: Flutter Mane1\n|-boost|p1a: Flutter Mane1|spa|1\n|-boost|p1a: Flutter Mane1|spd|1\n|move|p2a: Slowking|Future Sight|p1a: Flutter Mane1\n|-start|p2a: Slowking|move: Future Sight\n|\n|upkeep\n|turn|5\n|\n|t:|1699539826\n|move|p1a: Flutter Mane1|Calm Mind|p1a: Flutter Mane1\n|-boost|p1a: Flutter Mane1|spa|1\n|-boost|p1a: Flutter Mane1|spd|1\n|move|p2a: Slowking|Sludge Bomb|p1a: Flutter Mane1\n|-damage|p1a: Flutter Mane1|83\/100\n|\n|upkeep\n|turn|6\n|\n|t:|1699539840\n|switch|p2a: Urshifu|Urshifu-Rapid-Strike, M|100\/100\n|move|p1a: Flutter Mane1|Shadow Ball|p2a: Urshifu\n|-damage|p2a: Urshifu|0 fnt\n|faint|p2a: Urshifu\n|\n|-end|p1a: Flutter Mane1|move: Future Sight\n|-damage|p1a: Flutter Mane1|59\/100\n|upkeep\n|\n|t:|1699539854\n|switch|p2a: Corviknight|Corviknight, M|100\/100\n|turn|7\n|\n|t:|1699539860\n|move|p1a: Flutter Mane1|Mystical Fire|p2a: Corviknight\n|-supereffective|p2a: Corviknight\n|-damage|p2a: Corviknight|0 fnt\n|faint|p2a: Corviknight\n|\n|upkeep\n|\n|t:|1699539866\n|switch|p2a: Grimmsnarl|Grimmsnarl, M|100\/100\n|turn|8\n|\n|t:|1699539875\n|move|p2a: Grimmsnarl|Thunder Wave|p1a: Flutter Mane1\n|-status|p1a: Flutter Mane1|par\n|move|p1a: Flutter Mane1|Moonblast|p2a: Grimmsnarl\n|-supereffective|p2a: Grimmsnarl\n|-damage|p2a: Grimmsnarl|0 fnt\n|faint|p2a: Grimmsnarl\n|\n|upkeep\n|\n|t:|1699539878\n|switch|p2a: Cinderace|Cinderace, M|100\/100\n|turn|9\n|\n|t:|1699539894\n|move|p2a: Cinderace|Pyro Ball|p1a: Flutter Mane1|[miss]\n|-miss|p2a: Cinderace|p1a: Flutter Mane1\n|move|p1a: Flutter Mane1|Shadow Ball|p2a: Cinderace\n|-damage|p2a: Cinderace|0 fnt\n|faint|p2a: Cinderace\n|\n|upkeep\n|\n|t:|1699539901\n|switch|p2a: Dragapult|Dragapult, M|100\/100\n|turn|10\n|\n|t:|1699539904\n|-terastallize|p2a: Dragapult|Ghost\n|move|p2a: Dragapult|Shadow Ball|p1a: Flutter Mane1\n|-supereffective|p1a: Flutter Mane1\n|-damage|p1a: Flutter Mane1|0 fnt\n|faint|p1a: Flutter Mane1\n|-end|p1a: Flutter Mane1|Protosynthesis|[silent]\n|\n|upkeep\n|\n|t:|1699539933\n|switch|p1a: jwa|Tyrantrum, M, shiny|100\/100\n|turn|11\n|\n|t:|1699539939\n|-terastallize|p1a: jwa|Dark\n|move|p2a: Dragapult|Shadow Ball|p1a: jwa\n|-resisted|p1a: jwa\n|-damage|p1a: jwa|38\/100\n|-unboost|p1a: jwa|spd|1\n|move|p1a: jwa|Crunch|p2a: Dragapult\n|-supereffective|p2a: Dragapult\n|-damage|p2a: Dragapult|0 fnt\n|faint|p2a: Dragapult\n|\n|upkeep\n|\n|t:|1699539945\n|switch|p2a: Slowking|Slowking-Galar, M|100\/100\n|turn|12\n|\n|t:|1699539956\n|move|p1a: jwa|Crunch|p2a: Slowking\n|-supereffective|p2a: Slowking\n|-damage|p2a: Slowking|0 fnt\n|faint|p2a: Slowking\n|\n|win|lemur8889\n|raw|lemur8889's rating: 1089 &rarr; <strong>1116<\/strong><br \/>(+27 for winning)\n|raw|Jnenenss's rating: 1089 &rarr; <strong>1066<\/strong><br \/>(-23 for losing)\n|l|\u2606Jnenenss\n","uploadtime":1699540090,"views":4,"p1id":"lemur8889","p2id":"jnenenss","formatid":"gen9nationaldexubers","rating":1066,"private":0,"password":""}