{"id":"gen9nationaldexubers-1988698129","p1":"David uwu35","p2":"AdrianGarcia1604","format":"[Gen 9] National Dex Ubers","log":"|j|\u2606David uwu35\n|j|\u2606AdrianGarcia1604\n|t:|1699752022\n|gametype|singles\n|player|p1|David uwu35|shadowtriad|\n|player|p2|AdrianGarcia1604|ethan|\n|teamsize|p1|6\n|teamsize|p2|6\n|gen|9\n|tier|[Gen 9] National Dex Ubers\n|rule|HP Percentage Mod: HP is shown in percentages\n|rule|Endless Battle Clause: Forcing endless battles is banned\n|rule|OHKO Clause: OHKO moves are banned\n|rule|Evasion Moves Clause: Evasion moves are banned\n|rule|Evasion Items Clause: Evasion items are banned\n|rule|Species Clause: Limit one of each Pok\u00e9mon\n|rule|Sleep Clause Mod: Limit one foe put to sleep\n|rule|Mega Rayquaza Clause: You cannot mega evolve Rayquaza\n|clearpoke\n|poke|p1|Magearna|\n|poke|p1|Iron Hands|\n|poke|p1|Lilligant-Hisui, F|\n|poke|p1|Quaquaval, M|\n|poke|p1|Iron Leaves|\n|poke|p1|Iron Moth|\n|poke|p2|Tornadus, M|\n|poke|p2|Gardevoir, F|\n|poke|p2|Sneasler, F|\n|poke|p2|Kartana|\n|poke|p2|Meowscarada, F|\n|poke|p2|Cinderace, F|\n|teampreview\n|j| Yoswuert8808\n|\n|t:|1699752047\n|start\n|switch|p1a: Magearna|Magearna|100\/100\n|switch|p2a: La Pulga .|Cinderace, F, shiny|100\/100\n|turn|1\n|j| SAENS13\n|\n|t:|1699752083\n|-terastallize|p1a: Magearna|Flying\n|move|p2a: La Pulga .|Pyro Ball|p1a: Magearna\n|-damage|p1a: Magearna|37\/100\n|-damage|p2a: La Pulga .|91\/100|[from] item: Life Orb\n|move|p1a: Magearna|Iron Defense|p1a: Magearna\n|-boost|p1a: Magearna|def|2\n|\n|-heal|p1a: Magearna|43\/100|[from] item: Leftovers\n|upkeep\n|turn|2\n|\n|t:|1699752100\n|move|p2a: La Pulga .|Iron Head|p1a: Magearna\n|-start|p2a: La Pulga .|typechange|Steel|[from] ability: Libero\n|-damage|p1a: Magearna|21\/100\n|-damage|p2a: La Pulga .|81\/100|[from] item: Life Orb\n|move|p1a: Magearna|Draining Kiss|p2a: La Pulga .\n|-resisted|p2a: La Pulga .\n|-damage|p2a: La Pulga .|63\/100\n|-heal|p1a: Magearna|34\/100|[from] drain|[of] p2a: La Pulga .\n|\n|-heal|p1a: Magearna|40\/100|[from] item: Leftovers\n|upkeep\n|turn|3\n|\n|t:|1699752115\n|move|p2a: La Pulga .|Pyro Ball|p1a: Magearna\n|-damage|p1a: Magearna|20\/100\n|-damage|p2a: La Pulga .|53\/100|[from] item: Life Orb\n|move|p1a: Magearna|Draining Kiss|p2a: La Pulga .\n|-resisted|p2a: La Pulga .\n|-damage|p2a: La Pulga .|35\/100\n|-heal|p1a: Magearna|34\/100|[from] drain|[of] p2a: La Pulga .\n|\n|-heal|p1a: Magearna|40\/100|[from] item: Leftovers\n|upkeep\n|turn|4\n|j| zMesa\n|\n|t:|1699752139\n|move|p2a: La Pulga .|Pyro Ball|p1a: Magearna\n|-damage|p1a: Magearna|21\/100\n|-damage|p2a: La Pulga .|25\/100|[from] item: Life Orb\n|move|p1a: Magearna|Draining Kiss|p2a: La Pulga .\n|-resisted|p2a: La Pulga .\n|-damage|p2a: La Pulga .|8\/100\n|-heal|p1a: Magearna|33\/100|[from] drain|[of] p2a: La Pulga .\n|\n|-heal|p1a: Magearna|39\/100|[from] item: Leftovers\n|upkeep\n|turn|5\n|\n|t:|1699752157\n|switch|p2a: Noctis|Kartana, shiny|100\/100\n|move|p1a: Magearna|Draining Kiss|p2a: Noctis\n|-resisted|p2a: Noctis\n|-damage|p2a: Noctis|60\/100\n|-heal|p1a: Magearna|66\/100|[from] drain|[of] p2a: Noctis\n|\n|-heal|p1a: Magearna|72\/100|[from] item: Leftovers\n|upkeep\n|turn|6\n|\n|t:|1699752169\n|move|p2a: Noctis|Leaf Blade|p1a: Magearna\n|-resisted|p1a: Magearna\n|-damage|p1a: Magearna|59\/100\n|move|p1a: Magearna|Iron Defense|p1a: Magearna\n|-boost|p1a: Magearna|def|2\n|\n|-heal|p1a: Magearna|65\/100|[from] item: Leftovers\n|upkeep\n|turn|7\n|\n|t:|1699752179\n|move|p2a: Noctis|Swords Dance|p2a: Noctis\n|-boost|p2a: Noctis|atk|2\n|move|p1a: Magearna|Calm Mind|p1a: Magearna\n|-boost|p1a: Magearna|spa|1\n|-boost|p1a: Magearna|spd|1\n|\n|-heal|p1a: Magearna|71\/100|[from] item: Leftovers\n|upkeep\n|turn|8\n|\n|t:|1699752210\n|move|p2a: Noctis|Swords Dance|p2a: Noctis\n|-boost|p2a: Noctis|atk|2\n|move|p1a: Magearna|Draining Kiss|p2a: Noctis\n|-resisted|p2a: Noctis\n|-damage|p2a: Noctis|0 fnt\n|-heal|p1a: Magearna|100\/100|[from] drain|[of] p2a: Noctis\n|faint|p2a: Noctis\n|-ability|p1a: Magearna|Soul-Heart|boost\n|-boost|p1a: Magearna|spa|1\n|\n|upkeep\n|\n|t:|1699752217\n|switch|p2a: Brutus|Tornadus, M, shiny|100\/100\n|turn|9\n|\n|t:|1699752226\n|move|p2a: Brutus|Sludge Bomb|p1a: Magearna\n|-damage|p1a: Magearna|79\/100\n|-damage|p2a: Brutus|91\/100|[from] item: Life Orb\n|move|p1a: Magearna|Calm Mind|p1a: Magearna\n|-boost|p1a: Magearna|spa|1\n|-boost|p1a: Magearna|spd|1\n|\n|-heal|p1a: Magearna|85\/100|[from] item: Leftovers\n|upkeep\n|turn|10\n|\n|t:|1699752236\n|move|p2a: Brutus|Sludge Bomb|p1a: Magearna\n|-damage|p1a: Magearna|69\/100\n|-damage|p2a: Brutus|81\/100|[from] item: Life Orb\n|move|p1a: Magearna|Calm Mind|p1a: Magearna\n|-boost|p1a: Magearna|spa|1\n|-boost|p1a: Magearna|spd|1\n|\n|-heal|p1a: Magearna|75\/100|[from] item: Leftovers\n|upkeep\n|turn|11\n|\n|t:|1699752246\n|move|p2a: Brutus|Sludge Bomb|p1a: Magearna\n|-crit|p1a: Magearna\n|-damage|p1a: Magearna|30\/100\n|-status|p1a: Magearna|psn\n|-damage|p2a: Brutus|71\/100|[from] item: Life Orb\n|move|p1a: Magearna|Draining Kiss|p2a: Brutus\n|-damage|p2a: Brutus|0 fnt\n|-heal|p1a: Magearna|83\/100 psn|[from] drain|[of] p2a: Brutus\n|faint|p2a: Brutus\n|-ability|p1a: Magearna|Soul-Heart|boost\n|-boost|p1a: Magearna|spa|1\n|\n|-heal|p1a: Magearna|89\/100 psn|[from] item: Leftovers\n|-damage|p1a: Magearna|76\/100 psn|[from] psn\n|upkeep\n|\n|t:|1699752255\n|switch|p2a: Violet|Gardevoir, F, shiny|100\/100\n|-ability|p2a: Violet|Soul-Heart|[from] ability: Trace|[of] p1a: Magearna\n|turn|12\n|c| SAENS13|XDDDDD\n|c| SAENS13|Hsuwjs\n|\n|t:|1699752268\n|detailschange|p2a: Violet|Gardevoir-Mega, F, shiny\n|-mega|p2a: Violet|Gardevoir|Gardevoirite\n|move|p2a: Violet|Calm Mind|p2a: Violet\n|-boost|p2a: Violet|spa|1\n|-boost|p2a: Violet|spd|1\n|move|p1a: Magearna|Stored Power|p2a: Violet\n|-resisted|p2a: Violet\n|-damage|p2a: Violet|2\/100\n|\n|-heal|p1a: Magearna|82\/100 psn|[from] item: Leftovers\n|-damage|p1a: Magearna|70\/100 psn|[from] psn\n|upkeep\n|turn|13\n|\n|t:|1699752281\n|move|p2a: Violet|Hypnosis||[still]\n|-fail|p2a: Violet\n|move|p1a: Magearna|Stored Power|p2a: Violet\n|-resisted|p2a: Violet\n|-damage|p2a: Violet|0 fnt\n|faint|p2a: Violet\n|-ability|p1a: Magearna|Soul-Heart|boost\n|-boost|p1a: Magearna|spa|1\n|\n|-heal|p1a: Magearna|76\/100 psn|[from] item: Leftovers\n|-damage|p1a: Magearna|64\/100 psn|[from] psn\n|upkeep\n|\n|t:|1699752288\n|switch|p2a: Raven|Meowscarada, F, shiny|100\/100\n|turn|14\n|\n|t:|1699752297\n|-terastallize|p2a: Raven|Fairy\n|move|p2a: Raven|Thunder Punch|p1a: Magearna\n|-supereffective|p1a: Magearna\n|-damage|p1a: Magearna|46\/100 psn\n|-damage|p2a: Raven|91\/100|[from] item: Life Orb\n|move|p1a: Magearna|Draining Kiss|p2a: Raven\n|-damage|p2a: Raven|0 fnt\n|-heal|p1a: Magearna|100\/100 psn|[from] drain|[of] p2a: Raven\n|faint|p2a: Raven\n|\n|-damage|p1a: Magearna|88\/100 psn|[from] psn\n|upkeep\n|\n|t:|1699752311\n|switch|p2a: La Pulga .|Cinderace, F, shiny|8\/100\n|turn|15\n|\n|t:|1699752316\n|move|p2a: La Pulga .|Pyro Ball|p1a: Magearna\n|-damage|p1a: Magearna|68\/100 psn\n|-damage|p2a: La Pulga .|0 fnt|[from] item: Life Orb\n|faint|p2a: La Pulga .\n|move|p1a: Magearna|Stored Power|p2: La Pulga .|[notarget]\n|-fail|p1a: Magearna\n|\n|-heal|p1a: Magearna|74\/100 psn|[from] item: Leftovers\n|-damage|p1a: Magearna|62\/100 psn|[from] psn\n|upkeep\n|c| SAENS13|Metapop\n|\n|t:|1699752323\n|switch|p2a: Gatita|Sneasler, F, shiny|100\/100\n|turn|16\n|c| SAENS13|Aeiou\n|\n|t:|1699752339\n|move|p2a: Gatita|Poison Jab|p1a: Magearna\n|-damage|p1a: Magearna|46\/100 psn\n|-damage|p2a: Gatita|91\/100|[from] item: Life Orb\n|move|p1a: Magearna|Stored Power|p2a: Gatita\n|-supereffective|p2a: Gatita\n|-damage|p2a: Gatita|0 fnt\n|faint|p2a: Gatita\n|\n|win|David uwu35\n|l|\u2606AdrianGarcia1604\n","uploadtime":1699752358,"views":5,"p1id":"daviduwu35","p2id":"adriangarcia1604","formatid":"gen9nationaldexubers","rating":0,"private":0,"password":""}