{"id":"gen9nationaldexubers-1999223519","p1":"Bulky Ben","p2":"eusociality","format":"[Gen 9] National Dex Ubers","log":"|j|\u2606Bulky Ben\n|j|\u2606eusociality\n|t:|1701047474\n|gametype|singles\n|player|p1|Bulky Ben|crasherwake|1344\n|player|p2|eusociality|hugh|1424\n|teamsize|p1|6\n|teamsize|p2|6\n|gen|9\n|tier|[Gen 9] National Dex Ubers\n|rated|\n|rule|HP Percentage Mod: HP is shown in percentages\n|rule|Endless Battle Clause: Forcing endless battles is banned\n|rule|OHKO Clause: OHKO moves are banned\n|rule|Evasion Moves Clause: Evasion moves are banned\n|rule|Evasion Items Clause: Evasion items are banned\n|rule|Species Clause: Limit one of each Pok\u00e9mon\n|rule|Sleep Clause Mod: Limit one foe put to sleep\n|rule|Mega Rayquaza Clause: You cannot mega evolve Rayquaza\n|clearpoke\n|poke|p1|Garganacl, M|\n|poke|p1|Glimmora, M|\n|poke|p1|Zygarde|\n|poke|p1|Wobbuffet, F|\n|poke|p1|Ferrothorn, F|\n|poke|p1|Pyukumuku, F|\n|poke|p2|Dracovish|\n|poke|p2|Kyogre|\n|poke|p2|Blastoise, M|\n|poke|p2|Palafin, F|\n|poke|p2|Landorus, M|\n|poke|p2|Great Tusk|\n|teampreview\n|inactive|Battle timer is ON: inactive players will automatically lose when time's up. (requested by eusociality)\n|\n|t:|1701047489\n|start\n|switch|p1a: Glimmora|Glimmora, M|100\/100\n|switch|p2a: Wallbreaker 2|Palafin, F|100\/100\n|turn|1\n|\n|t:|1701047500\n|move|p2a: Wallbreaker 2|Flip Turn|p1a: Glimmora\n|-supereffective|p1a: Glimmora\n|-damage|p1a: Glimmora|16\/100\n|-activate|p1a: Glimmora|ability: Toxic Debris\n|-sidestart|p2: eusociality|move: Toxic Spikes\n|\n|t:|1701047505\n|detailschange|p2a: Wallbreaker 2|Palafin-Hero, F\n|switch|p2a: Dentist Needed|Great Tusk|100\/100|[from] Flip Turn\n|-status|p2a: Dentist Needed|psn\n|-enditem|p2a: Dentist Needed|Booster Energy\n|-activate|p2a: Dentist Needed|ability: Protosynthesis|[fromitem]\n|-start|p2a: Dentist Needed|protosynthesisspe\n|move|p1a: Glimmora|Stealth Rock|p2a: Dentist Needed\n|-sidestart|p2: eusociality|move: Stealth Rock\n|\n|-damage|p2a: Dentist Needed|88\/100 psn|[from] psn\n|upkeep\n|turn|2\n|\n|t:|1701047519\n|move|p2a: Dentist Needed|Rapid Spin|p1a: Glimmora\n|-resisted|p1a: Glimmora\n|-damage|p1a: Glimmora|7\/100\n|-boost|p2a: Dentist Needed|spe|1\n|-activate|p1a: Glimmora|ability: Toxic Debris\n|-sidestart|p2: eusociality|move: Toxic Spikes\n|-sideend|p2: eusociality|Toxic Spikes|[from] move: Rapid Spin|[of] p2a: Dentist Needed\n|-sideend|p2: eusociality|Stealth Rock|[from] move: Rapid Spin|[of] p2a: Dentist Needed\n|move|p1a: Glimmora|Earth Power|p2a: Dentist Needed\n|-damage|p2a: Dentist Needed|45\/100 psn\n|\n|-damage|p2a: Dentist Needed|33\/100 psn|[from] psn\n|upkeep\n|turn|3\n|\n|t:|1701047537\n|move|p2a: Dentist Needed|Rapid Spin|p1a: Glimmora\n|-resisted|p1a: Glimmora\n|-damage|p1a: Glimmora|0 fnt\n|-boost|p2a: Dentist Needed|spe|1\n|-activate|p1a: Glimmora|ability: Toxic Debris\n|-sidestart|p2: eusociality|move: Toxic Spikes\n|-sideend|p2: eusociality|Toxic Spikes|[from] move: Rapid Spin|[of] p2a: Dentist Needed\n|faint|p1a: Glimmora\n|\n|-damage|p2a: Dentist Needed|21\/100 psn|[from] psn\n|upkeep\n|\n|t:|1701047553\n|switch|p1a: Ferrothorn|Ferrothorn, F|100\/100\n|turn|4\n|\n|t:|1701047560\n|switch|p1a: Pyukumuku|Pyukumuku, F|100\/100\n|move|p2a: Dentist Needed|Earthquake|p1a: Pyukumuku\n|-damage|p1a: Pyukumuku|71\/100\n|\n|-damage|p2a: Dentist Needed|8\/100 psn|[from] psn\n|upkeep\n|turn|5\n|\n|t:|1701047567\n|move|p2a: Dentist Needed|Stealth Rock|p1a: Pyukumuku\n|-sidestart|p1: Bulky Ben|move: Stealth Rock\n|move|p1a: Pyukumuku|Recover|p1a: Pyukumuku\n|-heal|p1a: Pyukumuku|100\/100\n|\n|-damage|p2a: Dentist Needed|0 fnt|[from] psn\n|faint|p2a: Dentist Needed\n|-end|p2a: Dentist Needed|Protosynthesis|[silent]\n|upkeep\n|\n|t:|1701047576\n|switch|p2a: Big boy|Kyogre|100\/100\n|-weather|RainDance|[from] ability: Drizzle|[of] p2a: Big boy\n|turn|6\n|\n|t:|1701047580\n|move|p2a: Big boy|Thunder|p1a: Pyukumuku\n|-supereffective|p1a: Pyukumuku\n|-damage|p1a: Pyukumuku|24\/100\n|move|p1a: Pyukumuku|Toxic|p2a: Big boy\n|-status|p2a: Big boy|tox\n|\n|-weather|RainDance|[upkeep]\n|-damage|p2a: Big boy|94\/100 tox|[from] psn\n|upkeep\n|turn|7\n|j| 85792195wwww\n|\n|t:|1701047588\n|switch|p1a: Ferrothorn|Ferrothorn, F|100\/100\n|-damage|p1a: Ferrothorn|94\/100|[from] Stealth Rock\n|move|p2a: Big boy|Water Spout|p1a: Ferrothorn\n|-resisted|p1a: Ferrothorn\n|-crit|p1a: Ferrothorn\n|-damage|p1a: Ferrothorn|31\/100\n|\n|-weather|RainDance|[upkeep]\n|-heal|p1a: Ferrothorn|38\/100|[from] item: Leftovers\n|-damage|p2a: Big boy|82\/100 tox|[from] psn\n|upkeep\n|turn|8\n|\n|t:|1701047598\n|move|p2a: Big boy|Water Spout|p1a: Ferrothorn\n|-resisted|p1a: Ferrothorn\n|-damage|p1a: Ferrothorn|0 fnt\n|faint|p1a: Ferrothorn\n|\n|-weather|RainDance|[upkeep]\n|-damage|p2a: Big boy|64\/100 tox|[from] psn\n|upkeep\n|\n|t:|1701047616\n|switch|p1a: Garganacl|Garganacl, M|100\/100\n|-damage|p1a: Garganacl|88\/100|[from] Stealth Rock\n|turn|9\n|\n|t:|1701047638\n|-terastallize|p1a: Garganacl|Water\n|move|p2a: Big boy|Origin Pulse|p1a: Garganacl\n|-resisted|p1a: Garganacl\n|-damage|p1a: Garganacl|54\/100\n|move|p1a: Garganacl|Salt Cure|p2a: Big boy\n|-damage|p2a: Big boy|49\/100 tox\n|-start|p2a: Big boy|Salt Cure\n|\n|-weather|RainDance|[upkeep]\n|-heal|p1a: Garganacl|60\/100|[from] item: Leftovers\n|-damage|p2a: Big boy|25\/100 tox|[from] psn\n|-damage|p2a: Big boy|0 fnt|[from] Salt Cure\n|faint|p2a: Big boy\n|upkeep\n|\n|t:|1701047646\n|switch|p2a: Wallbreaker|Dracovish|100\/100\n|turn|10\n|\n|t:|1701047650\n|move|p2a: Wallbreaker|Fishious Rend|p1a: Garganacl\n|-resisted|p1a: Garganacl\n|-damage|p1a: Garganacl|0 fnt\n|faint|p1a: Garganacl\n|\n|-weather|RainDance|[upkeep]\n|upkeep\n|\n|t:|1701047665\n|switch|p1a: Wobbuffet|Wobbuffet, F|100\/100\n|-damage|p1a: Wobbuffet|88\/100|[from] Stealth Rock\n|turn|11\n|inactive|Bulky Ben has 120 seconds left.\n|\n|t:|1701047719\n|move|p2a: Wallbreaker|Fishious Rend|p1a: Wobbuffet\n|-damage|p1a: Wobbuffet|0 fnt\n|faint|p1a: Wobbuffet\n|\n|-weather|RainDance|[upkeep]\n|upkeep\n|inactive|Bulky Ben has 90 seconds left.\n|\n|t:|1701047741\n|switch|p1a: Zygarde|Zygarde|100\/100\n|-damage|p1a: Zygarde|94\/100|[from] Stealth Rock\n|turn|12\n|\n|t:|1701047752\n|switch|p1a: Pyukumuku|Pyukumuku, F|24\/100\n|-damage|p1a: Pyukumuku|12\/100|[from] Stealth Rock\n|move|p2a: Wallbreaker|Fishious Rend|p1a: Pyukumuku\n|-resisted|p1a: Pyukumuku\n|-damage|p1a: Pyukumuku|0 fnt\n|-damage|p2a: Wallbreaker|84\/100|[from] item: Rocky Helmet|[of] p1a: Pyukumuku\n|faint|p1a: Pyukumuku\n|\n|-weather|RainDance|[upkeep]\n|upkeep\n|\n|t:|1701047761\n|switch|p1a: Zygarde|Zygarde|94\/100\n|-damage|p1a: Zygarde|88\/100|[from] Stealth Rock\n|turn|13\n|\n|t:|1701047767\n|move|p2a: Wallbreaker|Fishious Rend|p1a: Zygarde\n|-damage|p1a: Zygarde|0 fnt\n|faint|p1a: Zygarde\n|\n|win|eusociality\n|raw|Bulky Ben's rating: 1344 &rarr; <strong>1329<\/strong><br \/>(-15 for losing)\n|raw|eusociality's rating: 1424 &rarr; <strong>1439<\/strong><br \/>(+15 for winning)\n|l|\u2606Bulky Ben\n|c|\u2606eusociality|gg\n","uploadtime":1701047809,"views":14,"p1id":"bulkyben","p2id":"eusociality","formatid":"gen9nationaldexubers","rating":1329,"private":0,"password":""}