{"id":"gen9nationaldexubers-1996691960","p1":"Ezael_Stormblood","p2":"K.WON.J.M","format":"[Gen 9] National Dex Ubers","log":"|j|\u2606Ezael_Stormblood\n|j|\u2606K.WON.J.M\n|t:|1700710367\n|gametype|singles\n|player|p1|Ezael_Stormblood|hiker-gen4|1116\n|player|p2|K.WON.J.M|diantha-masters|1101\n|teamsize|p1|6\n|teamsize|p2|6\n|gen|9\n|tier|[Gen 9] National Dex Ubers\n|rated|\n|rule|HP Percentage Mod: HP is shown in percentages\n|rule|Endless Battle Clause: Forcing endless battles is banned\n|rule|OHKO Clause: OHKO moves are banned\n|rule|Evasion Moves Clause: Evasion moves are banned\n|rule|Evasion Items Clause: Evasion items are banned\n|rule|Species Clause: Limit one of each Pok\u00e9mon\n|rule|Sleep Clause Mod: Limit one foe put to sleep\n|rule|Mega Rayquaza Clause: You cannot mega evolve Rayquaza\n|clearpoke\n|poke|p1|Reshiram|\n|poke|p1|Groudon|\n|poke|p1|Zoroark, F|\n|poke|p1|Delphox, F|\n|poke|p1|Absol, F|\n|poke|p1|Suicune|\n|poke|p2|Gardevoir, M|\n|poke|p2|Goodra, F|\n|poke|p2|Hawlucha, M|\n|poke|p2|Gourgeist-*, M|\n|poke|p2|Aurorus, M|\n|poke|p2|Tyrantrum, M|\n|teampreview\n|inactive|Battle timer is ON: inactive players will automatically lose when time's up. (requested by K.WON.J.M)\n|\n|t:|1700710381\n|start\n|switch|p1a: Reshiram|Reshiram, shiny|100\/100\n|switch|p2a: Aurorus|Aurorus, M|100\/100\n|-ability|p1a: Reshiram|Turboblaze\n|-weather|Snow|[from] ability: Snow Warning|[of] p2a: Aurorus\n|turn|1\n|\n|t:|1700710397\n|switch|p1a: Groudon|Groudon|100\/100\n|detailschange|p1a: Groudon|Groudon-Primal\n|-primal|p1a: Groudon|Red Orb\n|-weather|DesolateLand|[from] ability: Desolate Land|[of] p1a: Groudon\n|move|p2a: Aurorus|Aurora Veil||[still]\n|-fail|p2a: Aurorus\n|\n|-weather|DesolateLand|[upkeep]\n|upkeep\n|turn|2\n|\n|t:|1700710407\n|switch|p2a: Tyrantrum|Tyrantrum, M|100\/100\n|move|p1a: Groudon|Heat Crash|p2a: Tyrantrum\n|-resisted|p2a: Tyrantrum\n|-damage|p2a: Tyrantrum|82\/100\n|\n|-weather|DesolateLand|[upkeep]\n|upkeep\n|turn|3\n|\n|t:|1700710414\n|move|p2a: Tyrantrum|Head Smash|p1a: Groudon\n|-damage|p1a: Groudon|36\/100\n|move|p1a: Groudon|Precipice Blades|p2a: Tyrantrum\n|-supereffective|p2a: Tyrantrum\n|-damage|p2a: Tyrantrum|0 fnt\n|faint|p2a: Tyrantrum\n|\n|-weather|DesolateLand|[upkeep]\n|upkeep\n|\n|t:|1700710428\n|switch|p2a: Hawlucha|Hawlucha, M|100\/100\n|turn|4\n|\n|t:|1700710442\n|move|p2a: Hawlucha|Close Combat|p1a: Groudon\n|-damage|p1a: Groudon|8\/100\n|-unboost|p2a: Hawlucha|def|1\n|-unboost|p2a: Hawlucha|spd|1\n|-enditem|p2a: Hawlucha|White Herb\n|-clearnegativeboost|p2a: Hawlucha|[silent]\n|move|p1a: Groudon|Heat Crash|p2a: Hawlucha\n|-damage|p2a: Hawlucha|0 fnt\n|faint|p2a: Hawlucha\n|\n|-weather|DesolateLand|[upkeep]\n|upkeep\n|\n|t:|1700710450\n|switch|p2a: Gardevoir|Gardevoir, M, shiny|100\/100\n|-ability|p2a: Gardevoir|Desolate Land|[from] ability: Trace|[of] p1a: Groudon\n|turn|5\n|\n|t:|1700710458\n|detailschange|p2a: Gardevoir|Gardevoir-Mega, M, shiny\n|-mega|p2a: Gardevoir|Gardevoir|Gardevoirite\n|move|p2a: Gardevoir|Hyper Voice|p1a: Groudon\n|-resisted|p1a: Groudon\n|-damage|p1a: Groudon|0 fnt\n|faint|p1a: Groudon\n|-weather|none\n|\n|upkeep\n|\n|t:|1700710464\n|switch|p1a: Absol|Absol, F|100\/100\n|-ability|p1a: Absol|Pressure\n|turn|6\n|\n|t:|1700710470\n|detailschange|p1a: Absol|Absol-Mega, F\n|-mega|p1a: Absol|Absol|Absolite\n|move|p1a: Absol|Sucker Punch|p2a: Gardevoir\n|-damage|p2a: Gardevoir|30\/100\n|move|p2a: Gardevoir|Hyper Voice|p1a: Absol\n|-supereffective|p1a: Absol\n|-damage|p1a: Absol|0 fnt\n|faint|p1a: Absol\n|\n|upkeep\n|\n|t:|1700710481\n|switch|p1a: Suicune|Suicune|100\/100\n|turn|7\n|\n|t:|1700710498\n|move|p1a: Suicune|Sucker Punch|p2a: Gardevoir\n|-damage|p2a: Gardevoir|0 fnt\n|faint|p2a: Gardevoir\n|\n|upkeep\n|\n|t:|1700710506\n|switch|p2a: Goodra|Goodra, F|100\/100\n|turn|8\n|\n|t:|1700710522\n|-terastallize|p1a: Suicune|Dark\n|move|p1a: Suicune|Night Slash|p2a: Goodra\n|-damage|p2a: Goodra|46\/100\n|move|p2a: Goodra|Dragon Claw|p1a: Suicune\n|-damage|p1a: Suicune|26\/100\n|replace|p1a: Zoroark|Zoroark, F\n|-end|p1a: Zoroark|Illusion\n|\n|upkeep\n|turn|9\n|\n|t:|1700710533\n|move|p1a: Zoroark|Night Slash|p2a: Goodra\n|-crit|p2a: Goodra\n|-damage|p2a: Goodra|0 fnt\n|faint|p2a: Goodra\n|\n|upkeep\n|\n|t:|1700710536\n|switch|p2a: Aurorus|Aurorus, M|100\/100\n|-weather|Snow|[from] ability: Snow Warning|[of] p2a: Aurorus\n|turn|10\n|\n|t:|1700710544\n|move|p1a: Zoroark|Night Slash|p2a: Aurorus\n|-damage|p2a: Aurorus|73\/100\n|move|p2a: Aurorus|Aurora Veil|p2a: Aurorus\n|-sidestart|p2: K.WON.J.M|move: Aurora Veil\n|\n|-weather|Snow|[upkeep]\n|upkeep\n|turn|11\n|\n|t:|1700710551\n|move|p1a: Zoroark|Night Slash|p2a: Aurorus\n|-crit|p2a: Aurorus\n|-damage|p2a: Aurorus|32\/100\n|move|p2a: Aurorus|Stealth Rock|p1a: Zoroark\n|-sidestart|p1: Ezael_Stormblood|move: Stealth Rock\n|\n|-weather|Snow|[upkeep]\n|upkeep\n|turn|12\n|\n|t:|1700710558\n|move|p1a: Zoroark|Night Slash|p2a: Aurorus\n|-damage|p2a: Aurorus|20\/100\n|move|p2a: Aurorus|Blizzard|p1a: Zoroark\n|-damage|p1a: Zoroark|0 fnt\n|faint|p1a: Zoroark\n|\n|-weather|Snow|[upkeep]\n|upkeep\n|\n|t:|1700710565\n|switch|p1a: Suicune|Suicune|100\/100\n|-damage|p1a: Suicune|88\/100|[from] Stealth Rock\n|-ability|p1a: Suicune|Pressure\n|turn|13\n|\n|t:|1700710591\n|move|p1a: Suicune|Scald|p2a: Aurorus\n|-supereffective|p2a: Aurorus\n|-damage|p2a: Aurorus|3\/100\n|move|p2a: Aurorus|Stealth Rock||[still]\n|-fail|p2a: Aurorus\n|\n|-weather|Snow|[upkeep]\n|-heal|p1a: Suicune|94\/100|[from] item: Leftovers\n|upkeep\n|turn|14\n|\n|t:|1700710599\n|move|p1a: Suicune|Scald|p2a: Aurorus\n|-supereffective|p2a: Aurorus\n|-damage|p2a: Aurorus|0 fnt\n|faint|p2a: Aurorus\n|\n|-weather|none\n|-heal|p1a: Suicune|100\/100|[from] item: Leftovers\n|upkeep\n|\n|t:|1700710604\n|switch|p2a: Gourgeist|Gourgeist-Large, M|100\/100\n|-item|p1a: Suicune|Leftovers|[from] ability: Frisk|[of] p2a: Gourgeist|[identify]\n|turn|15\n|\n|t:|1700710609\n|move|p2a: Gourgeist|Trick|p1a: Suicune\n|-activate|p2a: Gourgeist|move: Trick|[of] p1a: Suicune\n|-item|p1a: Suicune|Choice Scarf|[from] move: Trick\n|-item|p2a: Gourgeist|Leftovers|[from] move: Trick\n|move|p1a: Suicune|Ice Beam|p2a: Gourgeist\n|-supereffective|p2a: Gourgeist\n|-damage|p2a: Gourgeist|80\/100\n|\n|-heal|p2a: Gourgeist|86\/100|[from] item: Leftovers\n|upkeep\n|turn|16\n|\n|t:|1700710617\n|move|p1a: Suicune|Ice Beam|p2a: Gourgeist\n|-supereffective|p2a: Gourgeist\n|-damage|p2a: Gourgeist|66\/100\n|move|p2a: Gourgeist|Leech Seed|p1a: Suicune\n|-start|p1a: Suicune|move: Leech Seed\n|\n|-heal|p2a: Gourgeist|72\/100|[from] item: Leftovers\n|-damage|p1a: Suicune|88\/100|[from] Leech Seed|[of] p2a: Gourgeist\n|-heal|p2a: Gourgeist|89\/100|[silent]\n|upkeep\n|turn|17\n|\n|t:|1700710624\n|move|p1a: Suicune|Ice Beam|p2a: Gourgeist\n|-supereffective|p2a: Gourgeist\n|-damage|p2a: Gourgeist|71\/100\n|move|p2a: Gourgeist|Will-O-Wisp|p1a: Suicune\n|-status|p1a: Suicune|brn\n|\n|-heal|p2a: Gourgeist|77\/100|[from] item: Leftovers\n|-damage|p1a: Suicune|76\/100 brn|[from] Leech Seed|[of] p2a: Gourgeist\n|-heal|p2a: Gourgeist|94\/100|[silent]\n|-damage|p1a: Suicune|70\/100 brn|[from] brn\n|-sideend|p2: K.WON.J.M|move: Aurora Veil\n|upkeep\n|turn|18\n|\n|t:|1700710636\n|switch|p1a: Reshiram|Reshiram, shiny|100\/100\n|-damage|p1a: Reshiram|76\/100|[from] Stealth Rock\n|-ability|p1a: Reshiram|Turboblaze\n|move|p2a: Gourgeist|Will-O-Wisp|p1a: Reshiram\n|-immune|p1a: Reshiram\n|\n|-heal|p2a: Gourgeist|99\/100|[from] item: Leftovers\n|upkeep\n|turn|19\n|\n|t:|1700710647\n|-terastallize|p2a: Gourgeist|Ghost\n|move|p1a: Reshiram|Blue Flare|p2a: Gourgeist\n|-damage|p2a: Gourgeist|0 fnt\n|faint|p2a: Gourgeist\n|\n|win|Ezael_Stormblood\n|raw|Ezael_Stormblood's rating: 1116 &rarr; <strong>1140<\/strong><br \/>(+24 for winning)\n|raw|K.WON.J.M's rating: 1101 &rarr; <strong>1077<\/strong><br \/>(-24 for losing)\n|c|\u2606Ezael_Stormblood|gg\n|l|\u2606K.WON.J.M\n","uploadtime":1700710657,"views":1,"p1id":"ezaelstormblood","p2id":"kwonjm","formatid":"gen9nationaldexubers","rating":1077,"private":0,"password":""}