{"id":"gen9nationaldexubers-1990786674","p1":"ihjku","p2":"Mr. Buggy Boy","format":"[Gen 9] National Dex Ubers","log":"|j|\u2606ihjku\n|j|\u2606Mr. Buggy Boy\n|t:|1700000753\n|gametype|singles\n|player|p1|ihjku|265|1000\n|player|p2|Mr. Buggy Boy|bugcatcher-gen4dp|1087\n|teamsize|p1|6\n|teamsize|p2|6\n|gen|9\n|tier|[Gen 9] National Dex Ubers\n|rated|\n|rule|HP Percentage Mod: HP is shown in percentages\n|rule|Endless Battle Clause: Forcing endless battles is banned\n|rule|OHKO Clause: OHKO moves are banned\n|rule|Evasion Moves Clause: Evasion moves are banned\n|rule|Evasion Items Clause: Evasion items are banned\n|rule|Species Clause: Limit one of each Pok\u00e9mon\n|rule|Sleep Clause Mod: Limit one foe put to sleep\n|rule|Mega Rayquaza Clause: You cannot mega evolve Rayquaza\n|clearpoke\n|poke|p1|Forretress, M|\n|poke|p1|Charizard, M|\n|poke|p1|Blastoise, M|\n|poke|p1|Onix, M|\n|poke|p1|Gyarados, M|\n|poke|p1|Kyurem-Black|\n|poke|p2|Heracross, M|\n|poke|p2|Golisopod, M|\n|poke|p2|Volcarona, F|\n|poke|p2|Galvantula, F|\n|poke|p2|Forretress, M|\n|poke|p2|Kleavor, M|\n|teampreview\n|\n|t:|1700000765\n|start\n|switch|p1a: Forretress|Forretress, M, shiny|100\/100\n|switch|p2a: Galvantula|Galvantula, F|100\/100\n|turn|1\n|c|\u2606Mr. Buggy Boy|Its bugging time\n|\n|t:|1700000773\n|move|p2a: Galvantula|Sticky Web|p1a: Forretress\n|-sidestart|p1: ihjku|move: Sticky Web\n|move|p1a: Forretress|Toxic Spikes|p2a: Galvantula\n|-sidestart|p2: Mr. Buggy Boy|move: Toxic Spikes\n|\n|upkeep\n|turn|2\n|\n|t:|1700000778\n|move|p2a: Galvantula|Thunder|p1a: Forretress\n|-damage|p1a: Forretress|46\/100\n|move|p1a: Forretress|Toxic Spikes|p2a: Galvantula\n|-sidestart|p2: Mr. Buggy Boy|move: Toxic Spikes\n|\n|upkeep\n|turn|3\n|\n|t:|1700000784\n|move|p2a: Galvantula|Thunder|p1a: Forretress\n|-damage|p1a: Forretress|0 fnt\n|faint|p1a: Forretress\n|\n|upkeep\n|\n|t:|1700000788\n|switch|p1a: Blastoise|Blastoise, M, shiny|100\/100\n|-activate|p1a: Blastoise|move: Sticky Web\n|-unboost|p1a: Blastoise|spe|1\n|turn|4\n|\n|t:|1700000794\n|move|p2a: Galvantula|Volt Switch|p1a: Blastoise\n|-supereffective|p1a: Blastoise\n|-damage|p1a: Blastoise|44\/100\n|\n|t:|1700000798\n|switch|p2a: Forretress|Forretress, M|100\/100|[from] Volt Switch\n|move|p1a: Blastoise|Flash Cannon|p2a: Forretress\n|-resisted|p2a: Forretress\n|-damage|p2a: Forretress|92\/100\n|\n|upkeep\n|turn|5\n|\n|t:|1700000807\n|detailschange|p1a: Blastoise|Blastoise-Mega, M, shiny\n|-mega|p1a: Blastoise|Blastoise|Blastoisinite\n|move|p1a: Blastoise|Secret Power|p2a: Forretress\n|-resisted|p2a: Forretress\n|-damage|p2a: Forretress|82\/100\n|-status|p2a: Forretress|par\n|move|p2a: Forretress|Rapid Spin|p1a: Blastoise\n|-damage|p1a: Blastoise|32\/100\n|-boost|p2a: Forretress|spe|1\n|-sideend|p2: Mr. Buggy Boy|Toxic Spikes|[from] move: Rapid Spin|[of] p2a: Forretress\n|\n|upkeep\n|turn|6\n|\n|t:|1700000819\n|switch|p1a: Charizard|Charizard, M, shiny|100\/100\n|cant|p2a: Forretress|par\n|\n|upkeep\n|turn|7\n|\n|t:|1700000825\n|move|p1a: Charizard|Flare Blitz|p2a: Forretress\n|-supereffective|p2a: Forretress\n|-damage|p2a: Forretress|0 fnt\n|faint|p2a: Forretress\n|-damage|p1a: Charizard|79\/100|[from] Recoil\n|\n|upkeep\n|\n|t:|1700000832\n|switch|p2a: Kleavor|Kleavor, M|100\/100\n|turn|8\n|\n|t:|1700000836\n|move|p2a: Kleavor|Stone Axe|p1a: Charizard|[miss]\n|-miss|p2a: Kleavor|p1a: Charizard\n|move|p1a: Charizard|Flare Blitz|p2a: Kleavor\n|-damage|p2a: Kleavor|56\/100\n|-damage|p1a: Charizard|67\/100|[from] Recoil\n|\n|upkeep\n|turn|9\n|c|\u2606Mr. Buggy Boy|I have had terrible rng all night lmao\n|\n|t:|1700000850\n|move|p2a: Kleavor|Stone Axe|p1a: Charizard\n|-supereffective|p1a: Charizard\n|-damage|p1a: Charizard|0 fnt\n|-sidestart|p1: ihjku|move: Stealth Rock\n|faint|p1a: Charizard\n|\n|upkeep\n|\n|t:|1700000858\n|switch|p1a: Gyarados|Gyarados, M|100\/100\n|-damage|p1a: Gyarados|76\/100|[from] Stealth Rock\n|-ability|p1a: Gyarados|Intimidate|boost\n|-unboost|p2a: Kleavor|atk|1\n|turn|10\n|c|\u2606ihjku|ha\n|\n|t:|1700000865\n|move|p2a: Kleavor|Tailwind|p2a: Kleavor\n|-sidestart|p2: Mr. Buggy Boy|move: Tailwind\n|move|p1a: Gyarados|Flamethrower|p2a: Kleavor\n|-damage|p2a: Kleavor|30\/100\n|\n|upkeep\n|turn|11\n|\n|t:|1700000871\n|move|p2a: Kleavor|Stone Axe|p1a: Gyarados\n|-supereffective|p1a: Gyarados\n|-damage|p1a: Gyarados|4\/100\n|move|p1a: Gyarados|Outrage|p2a: Kleavor\n|-damage|p2a: Kleavor|0 fnt\n|faint|p2a: Kleavor\n|\n|upkeep\n|\n|t:|1700000879\n|switch|p2a: Galvantula|Galvantula, F|100\/100\n|turn|12\n|\n|t:|1700000886\n|move|p2a: Galvantula|Volt Switch|p1a: Gyarados\n|-supereffective|p1a: Gyarados\n|-damage|p1a: Gyarados|0 fnt\n|faint|p1a: Gyarados\n|c|\u2606ihjku|ggs\n|\n|t:|1700000896\n|switch|p2a: Heracross|Heracross, M|100\/100|[from] Volt Switch\n|\n|upkeep\n|\n|t:|1700000902\n|switch|p1a: Kyurem|Kyurem-Black, shiny|100\/100\n|-activate|p1a: Kyurem|move: Sticky Web\n|-unboost|p1a: Kyurem|spe|1\n|-damage|p1a: Kyurem|76\/100|[from] Stealth Rock\n|-ability|p1a: Kyurem|Teravolt\n|turn|13\n|\n|t:|1700000910\n|detailschange|p2a: Heracross|Heracross-Mega, M\n|-mega|p2a: Heracross|Heracross|Heracronite\n|move|p2a: Heracross|Arm Thrust|p1a: Kyurem\n|-supereffective|p1a: Kyurem\n|-damage|p1a: Kyurem|63\/100\n|-supereffective|p1a: Kyurem\n|-damage|p1a: Kyurem|51\/100\n|-supereffective|p1a: Kyurem\n|-damage|p1a: Kyurem|39\/100\n|-supereffective|p1a: Kyurem\n|-damage|p1a: Kyurem|25\/100\n|-supereffective|p1a: Kyurem\n|-damage|p1a: Kyurem|12\/100\n|-hitcount|p1a: Kyurem|5\n|move|p1a: Kyurem|Fusion Bolt|p2a: Heracross\n|-damage|p2a: Heracross|70\/100\n|\n|-sideend|p2: Mr. Buggy Boy|move: Tailwind\n|upkeep\n|turn|14\n|\n|t:|1700000928\n|move|p2a: Heracross|Shadow Claw|p1a: Kyurem\n|-damage|p1a: Kyurem|0 fnt\n|faint|p1a: Kyurem\n|\n|upkeep\n|c|\u2606ihjku|fkn anoying ngl\n|\n|t:|1700000938\n|switch|p1a: Onix|Onix, M, shiny|100\/100\n|-activate|p1a: Onix|move: Sticky Web\n|-unboost|p1a: Onix|spe|1\n|-damage|p1a: Onix|94\/100|[from] Stealth Rock\n|turn|15\n|c|\u2606Mr. Buggy Boy|Buggin time\n|\n|t:|1700000956\n|move|p2a: Heracross|Arm Thrust|p1a: Onix\n|-supereffective|p1a: Onix\n|-damage|p1a: Onix|79\/100\n|-supereffective|p1a: Onix\n|-damage|p1a: Onix|63\/100\n|-supereffective|p1a: Onix\n|-damage|p1a: Onix|47\/100\n|-supereffective|p1a: Onix\n|-damage|p1a: Onix|31\/100\n|-supereffective|p1a: Onix\n|-damage|p1a: Onix|15\/100\n|-hitcount|p1a: Onix|5\n|move|p1a: Onix|Dragon Breath|p2a: Heracross\n|-damage|p2a: Heracross|65\/100\n|-status|p2a: Heracross|par\n|\n|upkeep\n|turn|16\n|n|!ihjku|ihjku\n|-message|ihjku forfeited.\n|\n|win|Mr. Buggy Boy\n|raw|ihjku's rating: 1000 &rarr; <strong>1000<\/strong><br \/>(+0 for losing)\n|raw|Mr. Buggy Boy's rating: 1087 &rarr; <strong>1107<\/strong><br \/>(+20 for winning)\n|l|!ihjku\n","uploadtime":1700000973,"views":6,"p1id":"ihjku","p2id":"mrbuggyboy","formatid":"gen9nationaldexubers","rating":1000,"private":0,"password":""}