{"id":"gen9nationaldexubers-1988562840","p1":"monner2005","p2":"Zake202012","format":"[Gen 9] National Dex Ubers","log":"|j|\u2606monner2005\n|j|\u2606Zake202012\n|t:|1699736451\n|gametype|singles\n|player|p1|monner2005|n|1184\n|player|p2|Zake202012|n|1302\n|teamsize|p1|6\n|teamsize|p2|6\n|gen|9\n|tier|[Gen 9] National Dex Ubers\n|rated|\n|rule|HP Percentage Mod: HP is shown in percentages\n|rule|Endless Battle Clause: Forcing endless battles is banned\n|rule|OHKO Clause: OHKO moves are banned\n|rule|Evasion Moves Clause: Evasion moves are banned\n|rule|Evasion Items Clause: Evasion items are banned\n|rule|Species Clause: Limit one of each Pok\u00e9mon\n|rule|Sleep Clause Mod: Limit one foe put to sleep\n|rule|Mega Rayquaza Clause: You cannot mega evolve Rayquaza\n|clearpoke\n|poke|p1|Aerodactyl, M|\n|poke|p1|Tyrantrum, M|\n|poke|p1|Carracosta, M|\n|poke|p1|Aurorus, F|\n|poke|p1|Gigalith, F|\n|poke|p1|Dracovish|\n|poke|p2|Iron Hands|\n|poke|p2|Okidogi, M|\n|poke|p2|Linoone, M|\n|poke|p2|Ninetales-Alola, M|\n|poke|p2|Aggron, F|\n|poke|p2|Aegislash, F|\n|teampreview\n|inactive|Battle timer is ON: inactive players will automatically lose when time's up. (requested by Zake202012)\n|\n|t:|1699736467\n|start\n|switch|p1a: Gigalith|Gigalith, F, shiny|100\/100\n|switch|p2a: Aggron|Aggron, F|100\/100\n|-weather|Sandstorm|[from] ability: Sand Stream|[of] p1a: Gigalith\n|turn|1\n|j| nwolfgd\n|\n|t:|1699736481\n|detailschange|p2a: Aggron|Aggron-Mega, F\n|-mega|p2a: Aggron|Aggron|Aggronite\n|move|p2a: Aggron|Iron Defense|p2a: Aggron\n|-boost|p2a: Aggron|def|2\n|move|p1a: Gigalith|Earthquake|p2a: Aggron\n|-supereffective|p2a: Aggron\n|-damage|p2a: Aggron|88\/100\n|\n|-weather|Sandstorm|[upkeep]\n|upkeep\n|turn|2\n|\n|t:|1699736491\n|move|p2a: Aggron|Rock Polish|p2a: Aggron\n|-boost|p2a: Aggron|spe|2\n|move|p1a: Gigalith|Stealth Rock|p2a: Aggron\n|-sidestart|p2: Zake202012|move: Stealth Rock\n|\n|-weather|Sandstorm|[upkeep]\n|upkeep\n|turn|3\n|\n|t:|1699736511\n|move|p2a: Aggron|Iron Defense|p2a: Aggron\n|-boost|p2a: Aggron|def|2\n|move|p1a: Gigalith|Earthquake|p2a: Aggron\n|-supereffective|p2a: Aggron\n|-damage|p2a: Aggron|80\/100\n|\n|-weather|Sandstorm|[upkeep]\n|upkeep\n|turn|4\n|inactive|monner2005 has 120 seconds left.\n|\n|t:|1699736535\n|switch|p1a: Dracovish|Dracovish|100\/100\n|move|p2a: Aggron|Iron Defense|p2a: Aggron\n|-boost|p2a: Aggron|def|2\n|\n|-weather|Sandstorm|[upkeep]\n|upkeep\n|turn|5\n|\n|t:|1699736544\n|move|p1a: Dracovish|Fishious Rend|p2a: Aggron\n|-damage|p2a: Aggron|67\/100\n|-damage|p1a: Dracovish|91\/100|[from] item: Life Orb\n|move|p2a: Aggron|Body Press|p1a: Dracovish\n|-damage|p1a: Dracovish|0 fnt\n|faint|p1a: Dracovish\n|\n|-weather|none\n|upkeep\n|\n|t:|1699736552\n|switch|p1a: Aurorus|Aurorus, F|100\/100\n|-weather|Snow|[from] ability: Snow Warning|[of] p1a: Aurorus\n|turn|6\n|inactive|monner2005 has 120 seconds left.\n|\n|t:|1699736569\n|move|p2a: Aggron|Body Press|p1a: Aurorus\n|-supereffective|p1a: Aurorus\n|-damage|p1a: Aurorus|0 fnt\n|faint|p1a: Aurorus\n|\n|-weather|Snow|[upkeep]\n|upkeep\n|inactive|monner2005 has 120 seconds left.\n|\n|t:|1699736580\n|switch|p1a: Gigalith|Gigalith, F, shiny|100\/100\n|-weather|Sandstorm|[from] ability: Sand Stream|[of] p1a: Gigalith\n|turn|7\n|inactive|monner2005 has 120 seconds left.\n|\n|t:|1699736587\n|move|p2a: Aggron|Body Press|p1a: Gigalith\n|-supereffective|p1a: Gigalith\n|-damage|p1a: Gigalith|0 fnt\n|faint|p1a: Gigalith\n|\n|-weather|Sandstorm|[upkeep]\n|upkeep\n|inactive|monner2005 has 120 seconds left.\n|\n|t:|1699736595\n|switch|p1a: Carracosta|Carracosta, M|100\/100\n|turn|8\n|\n|t:|1699736602\n|move|p2a: Aggron|Body Press|p1a: Carracosta\n|-supereffective|p1a: Carracosta\n|-ability|p1a: Carracosta|Sturdy\n|-damage|p1a: Carracosta|1\/100\n|move|p1a: Carracosta|Shell Smash|p1a: Carracosta\n|-unboost|p1a: Carracosta|def|1\n|-unboost|p1a: Carracosta|spd|1\n|-boost|p1a: Carracosta|atk|2\n|-boost|p1a: Carracosta|spa|2\n|-boost|p1a: Carracosta|spe|2\n|\n|-weather|Sandstorm|[upkeep]\n|upkeep\n|turn|9\n|inactive|monner2005 has 120 seconds left.\n|\n|t:|1699736631\n|move|p2a: Aggron|Body Press|p1a: Carracosta\n|-supereffective|p1a: Carracosta\n|-damage|p1a: Carracosta|0 fnt\n|faint|p1a: Carracosta\n|\n|-weather|Sandstorm|[upkeep]\n|upkeep\n|\n|t:|1699736640\n|switch|p1a: Tyrantrum|Tyrantrum, M|100\/100\n|turn|10\n|\n|t:|1699736648\n|move|p2a: Aggron|Body Press|p1a: Tyrantrum\n|-supereffective|p1a: Tyrantrum\n|-damage|p1a: Tyrantrum|0 fnt\n|faint|p1a: Tyrantrum\n|\n|-weather|Sandstorm|[upkeep]\n|upkeep\n|\n|t:|1699736653\n|switch|p1a: Aerodactyl|Aerodactyl, M|100\/100\n|turn|11\n|inactive|monner2005 has 120 seconds left.\n|\n|t:|1699736666\n|detailschange|p1a: Aerodactyl|Aerodactyl-Mega, M\n|-mega|p1a: Aerodactyl|Aerodactyl|Aerodactylite\n|move|p1a: Aerodactyl|Earthquake|p2a: Aggron\n|-supereffective|p2a: Aggron\n|-damage|p2a: Aggron|60\/100\n|move|p2a: Aggron|Body Press|p1a: Aerodactyl\n|-damage|p1a: Aerodactyl|0 fnt\n|faint|p1a: Aerodactyl\n|\n|win|Zake202012\n|raw|monner2005's rating: 1184 &rarr; <strong>1167<\/strong><br \/>(-17 for losing)\n|raw|Zake202012's rating: 1302 &rarr; <strong>1315<\/strong><br \/>(+13 for winning)\n","uploadtime":1699736677,"views":10,"p1id":"monner2005","p2id":"zake202012","formatid":"gen9nationaldexubers","rating":1167,"private":0,"password":""}