{"id":"gen9nationaldexubers-1987914283","p1":"SirChewsALot","p2":"blerg","format":"[Gen 9] National Dex Ubers","log":"|j|\u2606SirChewsALot\n|j|\u2606blerg\n|t:|1699648665\n|gametype|singles\n|player|p1|SirChewsALot|acetrainerf|\n|player|p2|blerg|volo|\n|teamsize|p1|6\n|teamsize|p2|6\n|gen|9\n|tier|[Gen 9] National Dex Ubers\n|rule|HP Percentage Mod: HP is shown in percentages\n|rule|Endless Battle Clause: Forcing endless battles is banned\n|rule|OHKO Clause: OHKO moves are banned\n|rule|Evasion Moves Clause: Evasion moves are banned\n|rule|Evasion Items Clause: Evasion items are banned\n|rule|Species Clause: Limit one of each Pok\u00e9mon\n|rule|Sleep Clause Mod: Limit one foe put to sleep\n|rule|Mega Rayquaza Clause: You cannot mega evolve Rayquaza\n|rule|Scalemons Mod: Every Pokemon's stats, barring HP, are scaled to come as close to a BST of 600 as possible\n|clearpoke\n|poke|p1|Ursaluna-Bloodmoon, M|\n|poke|p1|Volcarona, M|\n|poke|p1|Garganacl, M|\n|poke|p1|Tornadus-Therian, M|\n|poke|p1|Ogerpon-Wellspring, F|\n|poke|p1|Lopunny, M|\n|poke|p2|Golurk|\n|poke|p2|Sableye, M|\n|poke|p2|Brambleghast, F|\n|poke|p2|Haunter, F|\n|poke|p2|Doublade, M|\n|poke|p2|Bunnelby, F|\n|teampreview\n|\n|t:|1699648676\n|start\n|switch|p1a: Tornadus|Tornadus-Therian, M|100\/100\n|switch|p2a: marshmallow man|Golurk|100\/100\n|turn|1\n|\n|t:|1699648685\n|move|p1a: Tornadus|Knock Off|p2a: marshmallow man\n|-supereffective|p2a: marshmallow man\n|-damage|p2a: marshmallow man|64\/100\n|-enditem|p2a: marshmallow man|Leftovers|[from] move: Knock Off|[of] p1a: Tornadus\n|move|p2a: marshmallow man|Stealth Rock|p1a: Tornadus\n|-sidestart|p1: SirChewsALot|move: Stealth Rock\n|\n|upkeep\n|turn|2\n|\n|t:|1699648705\n|switch|p1a: Volcarona|Volcarona, M|100\/100\n|move|p2a: marshmallow man|Dynamic Punch|p1a: Volcarona\n|-resisted|p1a: Volcarona\n|-damage|p1a: Volcarona|70\/100\n|-start|p1a: Volcarona|confusion\n|\n|upkeep\n|turn|3\n|\n|t:|1699648721\n|-activate|p1a: Volcarona|confusion\n|move|p1a: Volcarona|Quiver Dance|p1a: Volcarona\n|-boost|p1a: Volcarona|spa|1\n|-boost|p1a: Volcarona|spd|1\n|-boost|p1a: Volcarona|spe|1\n|move|p2a: marshmallow man|Poltergeist|p1a: Volcarona\n|-activate|p1a: Volcarona|move: Poltergeist|Heavy-Duty Boots\n|-damage|p1a: Volcarona|0 fnt\n|faint|p1a: Volcarona\n|\n|upkeep\n|\n|t:|1699648735\n|switch|p1a: Ogerpon|Ogerpon-Wellspring, F|100\/100\n|-damage|p1a: Ogerpon|88\/100|[from] Stealth Rock\n|turn|4\n|\n|t:|1699648746\n|move|p1a: Ogerpon|Ivy Cudgel|p2a: marshmallow man\n|-supereffective|p2a: marshmallow man\n|-damage|p2a: marshmallow man|0 fnt\n|faint|p2a: marshmallow man\n|\n|upkeep\n|c|\u2606SirChewsALot|i like the name marshmallow man\n|c|\u2606blerg|thank you\n|\n|t:|1699648787\n|switch|p2a: tomato|Brambleghast, F|100\/100\n|turn|5\n|\n|t:|1699648796\n|move|p1a: Ogerpon|Knock Off|p2a: tomato\n|-supereffective|p2a: tomato\n|-damage|p2a: tomato|0 fnt\n|-enditem|p2a: tomato|Heavy-Duty Boots|[from] move: Knock Off|[of] p1a: Ogerpon\n|faint|p2a: tomato\n|\n|upkeep\n|c|\u2606blerg|whyd that die in one\n|\n|t:|1699648807\n|switch|p2a: caerbannog|Bunnelby, F|100\/100\n|turn|6\n|\n|t:|1699648816\n|move|p2a: caerbannog|Return|p1a: Ogerpon\n|-damage|p1a: Ogerpon|0 fnt\n|faint|p1a: Ogerpon\n|\n|upkeep\n|\n|t:|1699648820\n|switch|p1a: Tornadus|Tornadus-Therian, M|100\/100\n|-damage|p1a: Tornadus|76\/100|[from] Stealth Rock\n|turn|7\n|\n|t:|1699648829\n|move|p1a: Tornadus|Superpower|p2a: caerbannog\n|-supereffective|p2a: caerbannog\n|-damage|p2a: caerbannog|15\/100\n|-unboost|p1a: Tornadus|atk|1\n|-unboost|p1a: Tornadus|def|1\n|move|p2a: caerbannog|Return|p1a: Tornadus\n|-damage|p1a: Tornadus|0 fnt\n|faint|p1a: Tornadus\n|\n|upkeep\n|c|\u2606SirChewsALot|fuck\n|c|\u2606blerg|tornadus is a fraud...\n|c|\u2606SirChewsALot|bruh\n|c|\u2606SirChewsALot|I forgot to ev it lmaooooo\n|\n|t:|1699648863\n|switch|p1a: Lopunny|Lopunny, M|100\/100\n|-damage|p1a: Lopunny|88\/100|[from] Stealth Rock\n|turn|8\n|\n|t:|1699648879\n|switch|p2a: skinwalker|Sableye, M|100\/100\n|detailschange|p1a: Lopunny|Lopunny-Mega, M\n|-mega|p1a: Lopunny|Lopunny|Lopunnite\n|move|p1a: Lopunny|Fake Out|p2a: skinwalker\n|-damage|p2a: skinwalker|78\/100\n|\n|-heal|p2a: skinwalker|85\/100|[from] item: Leftovers\n|upkeep\n|turn|9\n|\n|t:|1699648889\n|move|p2a: skinwalker|Bulk Up|p2a: skinwalker\n|-boost|p2a: skinwalker|atk|1\n|-boost|p2a: skinwalker|def|1\n|move|p1a: Lopunny|High Jump Kick|p2a: skinwalker\n|-supereffective|p2a: skinwalker\n|-damage|p2a: skinwalker|0 fnt\n|faint|p2a: skinwalker\n|\n|upkeep\n|\n|t:|1699648897\n|switch|p2a: dullahan|Doublade, M, shiny|100\/100\n|turn|10\n|\n|t:|1699648904\n|-terastallize|p2a: dullahan|Water\n|move|p1a: Lopunny|High Jump Kick|p2a: dullahan\n|-damage|p2a: dullahan|60\/100\n|move|p2a: dullahan|Swords Dance|p2a: dullahan\n|-boost|p2a: dullahan|atk|2\n|\n|-heal|p2a: dullahan|66\/100|[from] item: Leftovers\n|upkeep\n|turn|11\n|\n|t:|1699648919\n|move|p1a: Lopunny|High Jump Kick|p2a: dullahan\n|-damage|p2a: dullahan|27\/100\n|move|p2a: dullahan|Close Combat|p1a: Lopunny\n|-supereffective|p1a: Lopunny\n|-damage|p1a: Lopunny|0 fnt\n|-unboost|p2a: dullahan|def|1\n|-unboost|p2a: dullahan|spd|1\n|faint|p1a: Lopunny\n|\n|-heal|p2a: dullahan|33\/100|[from] item: Leftovers\n|upkeep\n|\n|t:|1699648932\n|switch|p1a: Garganacl|Garganacl, M|100\/100\n|-damage|p1a: Garganacl|88\/100|[from] Stealth Rock\n|turn|12\n|\n|t:|1699648946\n|move|p2a: dullahan|Close Combat|p1a: Garganacl\n|-supereffective|p1a: Garganacl\n|-damage|p1a: Garganacl|0 fnt\n|-unboost|p2a: dullahan|def|1\n|-unboost|p2a: dullahan|spd|1\n|faint|p1a: Garganacl\n|\n|-heal|p2a: dullahan|39\/100|[from] item: Leftovers\n|upkeep\n|\n|t:|1699648953\n|switch|p1a: Ursaluna|Ursaluna-Bloodmoon, M|100\/100\n|-damage|p1a: Ursaluna|95\/100|[from] Stealth Rock\n|turn|13\n|\n|t:|1699648964\n|-terastallize|p1a: Ursaluna|Fighting\n|move|p1a: Ursaluna|Vacuum Wave|p2a: dullahan\n|-damage|p2a: dullahan|0 fnt\n|faint|p2a: dullahan\n|\n|upkeep\n|c|\u2606SirChewsALot|ggs\n|\n|t:|1699648976\n|switch|p2a: caerbannog|Bunnelby, F|15\/100\n|turn|14\n|\n|t:|1699648980\n|move|p1a: Ursaluna|Vacuum Wave|p2a: caerbannog\n|-supereffective|p2a: caerbannog\n|-damage|p2a: caerbannog|0 fnt\n|faint|p2a: caerbannog\n|\n|upkeep\n|c|\u2606blerg|WTF\n|c|\u2606blerg|insane tech...\n|\n|t:|1699648992\n|switch|p2a: casper|Haunter, F|100\/100\n|turn|15\n|\n|t:|1699648998\n|move|p2a: casper|Substitute|p2a: casper\n|-start|p2a: casper|Substitute\n|-damage|p2a: casper|76\/100\n|move|p1a: Ursaluna|Blood Moon|p2a: casper\n|-end|p2a: casper|Substitute\n|\n|upkeep\n|turn|16\n|\n|t:|1699649008\n|move|p2a: casper|Sludge Bomb|p1a: Ursaluna\n|-damage|p1a: Ursaluna|48\/100\n|-damage|p2a: casper|66\/100|[from] item: Life Orb\n|move|p1a: Ursaluna|Snarl|p2a: casper|[miss]\n|-miss|p1a: Ursaluna|p2a: casper\n|\n|upkeep\n|turn|17\n|c|\u2606blerg|LMAO\n|c|\u2606SirChewsALot|fuck\n|c|\u2606blerg|theres no way...\n|\n|t:|1699649024\n|move|p2a: casper|Sludge Bomb|p1a: Ursaluna\n|-damage|p1a: Ursaluna|5\/100\n|-damage|p2a: casper|56\/100|[from] item: Life Orb\n|move|p1a: Ursaluna|Snarl|p2a: casper\n|-supereffective|p2a: casper\n|-damage|p2a: casper|0 fnt\n|faint|p2a: casper\n|\n|win|SirChewsALot\n|c|\u2606blerg|gg\n|c|\u2606SirChewsALot|wait how did i live\n|c|\u2606SirChewsALot|gg's\n|c|\u2606blerg|ursaluna is so bulky\n|c|\u2606SirChewsALot|jeebus\n|c|\u2606SirChewsALot|tbf I did assult vest and full invest special defnese\n|c|\u2606blerg|it worked\n|c|\u2606SirChewsALot|outta curiosity, what was bunnelby moveset?\n|c|\u2606SirChewsALot|i remember return and u-turn\n|c|\u2606blerg|just that and eq\n|c|\u2606blerg|then a fourth that must never be clicked...\n|l|\u2606blerg\n","uploadtime":1699649129,"views":35,"p1id":"sirchewsalot","p2id":"blerg","formatid":"gen9nationaldexubers","rating":0,"private":0,"password":""}