{"id":"gen9nationaldexubers-1987969106","p1":"Wikit","p2":"biden brane","format":"[Gen 9] National Dex Ubers","log":"|j|\u2606Wikit\n|j|\u2606biden brane\n|t:|1699654296\n|gametype|singles\n|player|p1|Wikit|266|\n|player|p2|biden brane|giovanni|\n|teamsize|p1|6\n|teamsize|p2|6\n|gen|9\n|tier|[Gen 9] National Dex Ubers\n|rule|HP Percentage Mod: HP is shown in percentages\n|rule|Endless Battle Clause: Forcing endless battles is banned\n|rule|OHKO Clause: OHKO moves are banned\n|rule|Evasion Moves Clause: Evasion moves are banned\n|rule|Evasion Items Clause: Evasion items are banned\n|rule|Species Clause: Limit one of each Pok\u00e9mon\n|rule|Sleep Clause Mod: Limit one foe put to sleep\n|rule|Mega Rayquaza Clause: You cannot mega evolve Rayquaza\n|clearpoke\n|poke|p1|Dracovish|\n|poke|p1|Grimmsnarl, M|\n|poke|p1|Lopunny, M|\n|poke|p1|Iron Valiant|\n|poke|p1|Tapu Koko|\n|poke|p1|Gholdengo|\n|poke|p2|Tyranitar, F|\n|poke|p2|Excadrill, M|\n|poke|p2|Landorus, M|\n|poke|p2|Gardevoir, F|\n|poke|p2|Torterra, F|\n|poke|p2|Volcanion|\n|teampreview\n|inactive|Battle timer is ON: inactive players will automatically lose when time's up. (requested by biden brane)\n|\n|t:|1699654309\n|start\n|switch|p1a: Lopunny|Lopunny, M|100\/100\n|switch|p2a: Box of Rocks|Tyranitar, F|100\/100\n|-weather|Sandstorm|[from] ability: Sand Stream|[of] p2a: Box of Rocks\n|turn|1\n|\n|t:|1699654324\n|detailschange|p1a: Lopunny|Lopunny-Mega, M\n|-mega|p1a: Lopunny|Lopunny|Lopunnite\n|move|p1a: Lopunny|Fake Out|p2a: Box of Rocks\n|-resisted|p2a: Box of Rocks\n|-damage|p2a: Box of Rocks|94\/100\n|cant|p2a: Box of Rocks|flinch\n|\n|-weather|Sandstorm|[upkeep]\n|-damage|p1a: Lopunny|95\/100|[from] Sandstorm\n|upkeep\n|turn|2\n|\n|t:|1699654347\n|move|p1a: Lopunny|Close Combat|p2a: Box of Rocks\n|-supereffective|p2a: Box of Rocks\n|-enditem|p2a: Box of Rocks|Chople Berry|[eat]\n|-enditem|p2a: Box of Rocks|Chople Berry|[weaken]\n|-damage|p2a: Box of Rocks|26\/100\n|-unboost|p1a: Lopunny|def|1\n|-unboost|p1a: Lopunny|spd|1\n|move|p2a: Box of Rocks|Counter|p1a: Lopunny\n|-damage|p1a: Lopunny|0 fnt\n|faint|p1a: Lopunny\n|\n|-weather|Sandstorm|[upkeep]\n|upkeep\n|inactive|Wikit has 270 seconds left.\n|\n|t:|1699654359\n|switch|p1a: Dracovish|Dracovish|100\/100\n|turn|3\n|\n|t:|1699654366\n|switch|p2a: Gates of Hades|Volcanion|100\/100\n|move|p1a: Dracovish|Earthquake|p2a: Gates of Hades\n|-supereffective|p2a: Gates of Hades\n|-damage|p2a: Gates of Hades|50\/100\n|\n|-weather|Sandstorm|[upkeep]\n|-damage|p2a: Gates of Hades|44\/100|[from] Sandstorm\n|upkeep\n|turn|4\n|j| bomby23\n|\n|t:|1699654385\n|switch|p1a: Grimmsnarl|Grimmsnarl, M|100\/100\n|switch|p2a: Wamuu|Landorus, M|100\/100\n|\n|-weather|Sandstorm|[upkeep]\n|-damage|p1a: Grimmsnarl|94\/100|[from] Sandstorm\n|upkeep\n|turn|5\n|inactive|Wikit has 270 seconds left.\n|\n|t:|1699654405\n|move|p1a: Grimmsnarl|Light Screen|p1a: Grimmsnarl\n|-sidestart|p1: Wikit|move: Light Screen\n|move|p2a: Wamuu|Sludge Wave|p1a: Grimmsnarl\n|-supereffective|p1a: Grimmsnarl\n|-damage|p1a: Grimmsnarl|62\/100\n|\n|-weather|none\n|upkeep\n|turn|6\n|\n|t:|1699654413\n|switch|p2a: Box of Rocks|Tyranitar, F|26\/100\n|-weather|Sandstorm|[from] ability: Sand Stream|[of] p2a: Box of Rocks\n|move|p1a: Grimmsnarl|Reflect|p1a: Grimmsnarl\n|-sidestart|p1: Wikit|Reflect\n|\n|-weather|Sandstorm|[upkeep]\n|-damage|p1a: Grimmsnarl|56\/100|[from] Sandstorm\n|upkeep\n|turn|7\n|\n|t:|1699654420\n|move|p2a: Box of Rocks|Stealth Rock|p1a: Grimmsnarl\n|-sidestart|p1: Wikit|move: Stealth Rock\n|move|p1a: Grimmsnarl|Spirit Break|p2a: Box of Rocks\n|-supereffective|p2a: Box of Rocks\n|-damage|p2a: Box of Rocks|0 fnt\n|faint|p2a: Box of Rocks\n|\n|-weather|Sandstorm|[upkeep]\n|-damage|p1a: Grimmsnarl|50\/100|[from] Sandstorm\n|upkeep\n|\n|t:|1699654428\n|switch|p2a: QuakerOats|Excadrill, M|100\/100\n|turn|8\n|\n|t:|1699654438\n|move|p1a: Grimmsnarl|Parting Shot|p2a: QuakerOats\n|-unboost|p2a: QuakerOats|atk|1\n|-unboost|p2a: QuakerOats|spa|1\n|\n|t:|1699654444\n|switch|p1a: Dracovish|Dracovish|100\/100|[from] Parting Shot\n|-damage|p1a: Dracovish|88\/100|[from] Stealth Rock\n|move|p2a: QuakerOats|Brick Break|p1a: Dracovish\n|-sideend|p1: Wikit|Reflect\n|-sideend|p1: Wikit|move: Light Screen\n|-damage|p1a: Dracovish|57\/100\n|\n|-weather|Sandstorm|[upkeep]\n|upkeep\n|turn|9\n|\n|t:|1699654461\n|switch|p2a: Gates of Hades|Volcanion|44\/100\n|move|p1a: Dracovish|Fishious Rend|p2a: Gates of Hades\n|-heal|p2a: Gates of Hades|69\/100|[from] ability: Water Absorb|[of] p1a: Dracovish\n|\n|-weather|Sandstorm|[upkeep]\n|-damage|p2a: Gates of Hades|63\/100|[from] Sandstorm\n|upkeep\n|turn|10\n|\n|t:|1699654483\n|switch|p1a: Tapu Koko|Tapu Koko|100\/100\n|-damage|p1a: Tapu Koko|88\/100|[from] Stealth Rock\n|-fieldstart|move: Electric Terrain|[from] ability: Electric Surge|[of] p1a: Tapu Koko\n|switch|p2a: Wamuu|Landorus, M|100\/100\n|\n|-weather|none\n|upkeep\n|turn|11\n|\n|t:|1699654493\n|move|p2a: Wamuu|Earth Power|p1a: Tapu Koko\n|-supereffective|p1a: Tapu Koko\n|-damage|p1a: Tapu Koko|0 fnt\n|faint|p1a: Tapu Koko\n|\n|upkeep\n|inactive|Wikit has 270 seconds left.\n|\n|t:|1699654511\n|switch|p1a: Iron Valiant|Iron Valiant|100\/100\n|-damage|p1a: Iron Valiant|94\/100|[from] Stealth Rock\n|-activate|p1a: Iron Valiant|ability: Quark Drive\n|-start|p1a: Iron Valiant|quarkdrivespe\n|turn|12\n|\n|t:|1699654517\n|move|p1a: Iron Valiant|Ice Punch|p2a: Wamuu\n|-supereffective|p2a: Wamuu\n|-damage|p2a: Wamuu|0 fnt\n|faint|p2a: Wamuu\n|-damage|p1a: Iron Valiant|85\/100|[from] item: Life Orb\n|\n|upkeep\n|\n|t:|1699654544\n|switch|p2a: Gates of Hades|Volcanion|63\/100\n|turn|13\n|\n|t:|1699654556\n|move|p1a: Iron Valiant|Close Combat|p2a: Gates of Hades\n|-damage|p2a: Gates of Hades|0 fnt\n|-unboost|p1a: Iron Valiant|def|1\n|-unboost|p1a: Iron Valiant|spd|1\n|faint|p2a: Gates of Hades\n|-damage|p1a: Iron Valiant|75\/100|[from] item: Life Orb\n|\n|upkeep\n|\n|t:|1699654566\n|switch|p2a: Will'o Smith|Gardevoir, F|100\/100\n|turn|14\n|\n|t:|1699654571\n|detailschange|p2a: Will'o Smith|Gardevoir-Mega, F\n|-mega|p2a: Will'o Smith|Gardevoir|Gardevoirite\n|move|p1a: Iron Valiant|Poison Jab|p2a: Will'o Smith\n|-supereffective|p2a: Will'o Smith\n|-damage|p2a: Will'o Smith|0 fnt\n|faint|p2a: Will'o Smith\n|-damage|p1a: Iron Valiant|65\/100|[from] item: Life Orb\n|\n|upkeep\n|\n|t:|1699654576\n|switch|p2a: QuakerOats|Excadrill, M|100\/100\n|turn|15\n|\n|t:|1699654582\n|move|p1a: Iron Valiant|Close Combat|p2a: QuakerOats\n|-supereffective|p2a: QuakerOats\n|-damage|p2a: QuakerOats|0 fnt\n|-unboost|p1a: Iron Valiant|def|1\n|-unboost|p1a: Iron Valiant|spd|1\n|faint|p2a: QuakerOats\n|-damage|p1a: Iron Valiant|56\/100|[from] item: Life Orb\n|\n|upkeep\n|\n|t:|1699654586\n|switch|p2a: 652atk STAB|Torterra, F|100\/100\n|turn|16\n|\n|t:|1699654592\n|move|p1a: Iron Valiant|Ice Punch|p2a: 652atk STAB\n|-supereffective|p2a: 652atk STAB\n|-damage|p2a: 652atk STAB|0 fnt\n|faint|p2a: 652atk STAB\n|-damage|p1a: Iron Valiant|46\/100|[from] item: Life Orb\n|\n|win|Wikit\n","uploadtime":1699654662,"views":35,"p1id":"wikit","p2id":"bidenbrane","formatid":"gen9nationaldexubers","rating":0,"private":0,"password":""}