{"id":"gen9nationaldexubers-1982118025","p1":"Holiss77","p2":"XX_1nfinity_XX","format":"[Gen 9] National Dex Ubers","log":"|j|\u2606Holiss77\n|j|\u2606XX_1nfinity_XX\n|t:|1698969674\n|gametype|singles\n|player|p1|Holiss77|lucas|\n|player|p2|XX_1nfinity_XX|blackbelt-gen4dp|\n|teamsize|p1|6\n|teamsize|p2|6\n|gen|9\n|tier|[Gen 9] National Dex Ubers\n|rule|HP Percentage Mod: HP is shown in percentages\n|rule|Endless Battle Clause: Forcing endless battles is banned\n|rule|OHKO Clause: OHKO moves are banned\n|rule|Evasion Moves Clause: Evasion moves are banned\n|rule|Evasion Items Clause: Evasion items are banned\n|rule|Species Clause: Limit one of each Pok\u00e9mon\n|rule|Sleep Clause Mod: Limit one foe put to sleep\n|rule|Mega Rayquaza Clause: You cannot mega evolve Rayquaza\n|clearpoke\n|poke|p1|Kartana|\n|poke|p1|Tapu Lele|\n|poke|p1|Sneasler, M|\n|poke|p1|Zapdos|\n|poke|p1|Great Tusk|\n|poke|p1|Gyarados, F|\n|poke|p2|Flutter Mane|\n|poke|p2|Skeledirge, F|\n|poke|p2|Golurk|\n|poke|p2|Corsola-Galar, F|\n|poke|p2|Sableye, F|\n|poke|p2|Mandibuzz, F|\n|teampreview\n|inactive|Battle timer is ON: inactive players will automatically lose when time's up. (requested by XX_1nfinity_XX)\n|c|\u2606XX_1nfinity_XX|hmmm\n|c|\u2606XX_1nfinity_XX|glhf\n|\n|t:|1698969696\n|start\n|switch|p1a: Tapu Lele|Tapu Lele, shiny|100\/100\n|switch|p2a: Corsola|Corsola-Galar, F|100\/100\n|-fieldstart|move: Psychic Terrain|[from] ability: Psychic Surge|[of] p1a: Tapu Lele\n|turn|1\n|\n|t:|1698969716\n|move|p1a: Tapu Lele|Psychic|p2a: Corsola\n|-damage|p2a: Corsola|58\/100\n|move|p2a: Corsola|Will-O-Wisp|p1a: Tapu Lele|[miss]\n|-miss|p2a: Corsola|p1a: Tapu Lele\n|\n|upkeep\n|turn|2\n|\n|t:|1698969727\n|switch|p2a: Mandibuzz|Mandibuzz, F|100\/100\n|move|p1a: Tapu Lele|Psychic|p2a: Mandibuzz\n|-immune|p2a: Mandibuzz\n|\n|upkeep\n|turn|3\n|\n|t:|1698969732\n|switch|p1a: Zapdos|Zapdos|100\/100\n|move|p2a: Mandibuzz|Foul Play|p1a: Zapdos\n|-damage|p1a: Zapdos|72\/100\n|-status|p2a: Mandibuzz|par|[from] ability: Static|[of] p1a: Zapdos\n|\n|upkeep\n|turn|4\n|\n|t:|1698969740\n|switch|p2a: Golurk|Golurk|100\/100\n|move|p1a: Zapdos|Roost|p1a: Zapdos\n|-heal|p1a: Zapdos|100\/100\n|-singleturn|p1a: Zapdos|move: Roost\n|\n|upkeep\n|turn|5\n|\n|t:|1698969744\n|move|p1a: Zapdos|Hurricane|p2a: Golurk\n|-damage|p2a: Golurk|32\/100\n|move|p2a: Golurk|Rock Polish|p2a: Golurk\n|-boost|p2a: Golurk|spe|2\n|\n|-heal|p2a: Golurk|38\/100|[from] item: Leftovers\n|-fieldend|move: Psychic Terrain\n|upkeep\n|turn|6\n|\n|t:|1698969756\n|move|p2a: Golurk|Stone Edge|p1a: Zapdos\n|-supereffective|p1a: Zapdos\n|-damage|p1a: Zapdos|4\/100\n|move|p1a: Zapdos|Hurricane|p2a: Golurk\n|-damage|p2a: Golurk|0 fnt\n|faint|p2a: Golurk\n|\n|upkeep\n|c|\u2606XX_1nfinity_XX|man\n|\n|t:|1698969764\n|switch|p2a: Flutter Mane|Flutter Mane|100\/100\n|turn|7\n|\n|t:|1698969779\n|move|p2a: Flutter Mane|Moonblast|p1a: Zapdos\n|-damage|p1a: Zapdos|0 fnt\n|faint|p1a: Zapdos\n|\n|upkeep\n|\n|t:|1698969787\n|switch|p1a: Tapu Lele|Tapu Lele, shiny|100\/100\n|-fieldstart|move: Psychic Terrain|[from] ability: Psychic Surge|[of] p1a: Tapu Lele\n|turn|8\n|\n|t:|1698969795\n|-end|p2a: Flutter Mane|Protosynthesis|[silent]\n|switch|p2a: Mandibuzz|Mandibuzz, F|100\/100 par\n|move|p1a: Tapu Lele|Moonblast|p2a: Mandibuzz\n|-supereffective|p2a: Mandibuzz\n|-damage|p2a: Mandibuzz|0 fnt\n|faint|p2a: Mandibuzz\n|\n|upkeep\n|\n|t:|1698969801\n|switch|p2a: Skeledirge|Skeledirge, F|100\/100\n|turn|9\n|\n|t:|1698969809\n|move|p1a: Tapu Lele|Moonblast|p2a: Skeledirge\n|-resisted|p2a: Skeledirge\n|-damage|p2a: Skeledirge|74\/100\n|move|p2a: Skeledirge|Will-O-Wisp|p1a: Tapu Lele\n|-status|p1a: Tapu Lele|brn\n|\n|-damage|p1a: Tapu Lele|94\/100 brn|[from] brn\n|upkeep\n|turn|10\n|\n|t:|1698969815\n|switch|p1a: Gyarados|Gyarados, F|100\/100\n|-ability|p1a: Gyarados|Intimidate|boost\n|-unboost|p2a: Skeledirge|atk|1\n|move|p2a: Skeledirge|Hex|p1a: Gyarados\n|-damage|p1a: Gyarados|77\/100\n|\n|upkeep\n|turn|11\n|\n|t:|1698969825\n|switch|p1a: Tapu Lele|Tapu Lele, shiny|94\/100 brn\n|-terastallize|p2a: Skeledirge|Fairy\n|move|p2a: Skeledirge|Will-O-Wisp|p1a: Tapu Lele|[miss]\n|-miss|p2a: Skeledirge|p1a: Tapu Lele\n|\n|-damage|p1a: Tapu Lele|88\/100 brn|[from] brn\n|upkeep\n|turn|12\n|\n|t:|1698969844\n|move|p1a: Tapu Lele|Moonblast|p2a: Skeledirge\n|-damage|p2a: Skeledirge|22\/100\n|-unboost|p2a: Skeledirge|spa|1\n|move|p2a: Skeledirge|Slack Off|p2a: Skeledirge\n|-heal|p2a: Skeledirge|72\/100\n|\n|-damage|p1a: Tapu Lele|82\/100 brn|[from] brn\n|-fieldend|move: Psychic Terrain\n|upkeep\n|turn|13\n|\n|t:|1698969854\n|switch|p2a: Corsola|Corsola-Galar, F|58\/100\n|move|p1a: Tapu Lele|Moonblast|p2a: Corsola\n|-damage|p2a: Corsola|17\/100\n|\n|-damage|p1a: Tapu Lele|76\/100 brn|[from] brn\n|upkeep\n|turn|14\n|\n|t:|1698969863\n|move|p1a: Tapu Lele|Moonblast|p2a: Corsola\n|-damage|p2a: Corsola|0 fnt\n|faint|p2a: Corsola\n|\n|-damage|p1a: Tapu Lele|70\/100 brn|[from] brn\n|upkeep\n|\n|t:|1698969865\n|switch|p2a: Flutter Mane|Flutter Mane|100\/100\n|turn|15\n|\n|t:|1698969869\n|move|p2a: Flutter Mane|Substitute|p2a: Flutter Mane\n|-start|p2a: Flutter Mane|Substitute\n|-damage|p2a: Flutter Mane|76\/100\n|move|p1a: Tapu Lele|Moonblast|p2a: Flutter Mane\n|-end|p2a: Flutter Mane|Substitute\n|\n|-damage|p1a: Tapu Lele|64\/100 brn|[from] brn\n|upkeep\n|turn|16\n|\n|t:|1698969871\n|move|p2a: Flutter Mane|Shadow Ball|p1a: Tapu Lele\n|-supereffective|p1a: Tapu Lele\n|-damage|p1a: Tapu Lele|0 fnt\n|faint|p1a: Tapu Lele\n|\n|upkeep\n|\n|t:|1698969877\n|switch|p1a: Enma|Kartana, shiny|100\/100\n|turn|17\n|\n|t:|1698969881\n|-end|p2a: Flutter Mane|Protosynthesis|[silent]\n|switch|p2a: Sableye|Sableye, F|100\/100\n|move|p1a: Enma|Smart Strike|p2a: Sableye\n|-damage|p2a: Sableye|32\/100\n|\n|upkeep\n|turn|18\n|\n|t:|1698969889\n|switch|p1a: Sneasler|Sneasler, M|100\/100\n|move|p2a: Sableye|Will-O-Wisp|p1a: Sneasler\n|-status|p1a: Sneasler|brn\n|\n|-damage|p1a: Sneasler|95\/100 brn|[from] brn\n|upkeep\n|turn|19\n|\n|t:|1698969892\n|move|p2a: Sableye|Recover|p2a: Sableye\n|-heal|p2a: Sableye|82\/100\n|move|p1a: Sneasler|Swords Dance|p1a: Sneasler\n|-boost|p1a: Sneasler|atk|2\n|\n|-damage|p1a: Sneasler|89\/100 brn|[from] brn\n|upkeep\n|turn|20\n|\n|t:|1698969900\n|switch|p2a: Skeledirge|Skeledirge, F, tera:Fairy|72\/100\n|move|p1a: Sneasler|Dire Claw|p2a: Skeledirge\n|-supereffective|p2a: Skeledirge\n|-damage|p2a: Skeledirge|32\/100\n|-status|p2a: Skeledirge|par\n|\n|-damage|p1a: Sneasler|83\/100 brn|[from] brn\n|upkeep\n|turn|21\n|\n|t:|1698969904\n|move|p1a: Sneasler|Dire Claw|p2a: Skeledirge\n|-supereffective|p2a: Skeledirge\n|-damage|p2a: Skeledirge|0 fnt\n|faint|p2a: Skeledirge\n|\n|-damage|p1a: Sneasler|77\/100 brn|[from] brn\n|upkeep\n|\n|t:|1698969908\n|switch|p2a: Flutter Mane|Flutter Mane|76\/100\n|turn|22\n|\n|t:|1698969918\n|move|p2a: Flutter Mane|Shadow Ball|p1a: Sneasler\n|-damage|p1a: Sneasler|17\/100 brn\n|move|p1a: Sneasler|Dire Claw|p2a: Flutter Mane\n|-damage|p2a: Flutter Mane|0 fnt\n|faint|p2a: Flutter Mane\n|-end|p2a: Flutter Mane|Protosynthesis|[silent]\n|\n|-damage|p1a: Sneasler|11\/100 brn|[from] brn\n|upkeep\n|\n|t:|1698969921\n|switch|p2a: Sableye|Sableye, F|82\/100\n|turn|23\n|\n|t:|1698969926\n|move|p1a: Sneasler|Dire Claw|p2a: Sableye\n|-resisted|p2a: Sableye\n|-damage|p2a: Sableye|47\/100\n|move|p2a: Sableye|Knock Off|p1a: Sneasler\n|-resisted|p1a: Sneasler\n|-damage|p1a: Sneasler|0 fnt\n|-enditem|p1a: Sneasler|Psychic Seed|[from] move: Knock Off|[of] p2a: Sableye\n|faint|p1a: Sneasler\n|\n|upkeep\n|\n|t:|1698969932\n|switch|p1a: Gyarados|Gyarados, F|77\/100\n|-ability|p1a: Gyarados|Intimidate|boost\n|-unboost|p2a: Sableye|atk|1\n|turn|24\n|\n|t:|1698969935\n|detailschange|p1a: Gyarados|Gyarados-Mega, F\n|-mega|p1a: Gyarados|Gyarados|Gyaradosite\n|-ability|p1a: Gyarados|Mold Breaker\n|detailschange|p2a: Sableye|Sableye-Mega, F\n|-mega|p2a: Sableye|Sableye|Sablenite\n|move|p1a: Gyarados|Dragon Dance|p1a: Gyarados\n|-boost|p1a: Gyarados|atk|1\n|-boost|p1a: Gyarados|spe|1\n|move|p2a: Sableye|Will-O-Wisp|p1a: Gyarados\n|-status|p1a: Gyarados|brn\n|\n|-damage|p1a: Gyarados|71\/100 brn|[from] brn\n|upkeep\n|turn|25\n|j| Toxic Ariados\n|\n|t:|1698969948\n|move|p1a: Gyarados|Waterfall|p2a: Sableye\n|-damage|p2a: Sableye|12\/100\n|cant|p2a: Sableye|flinch\n|\n|-damage|p1a: Gyarados|65\/100 brn|[from] brn\n|upkeep\n|turn|26\n|l| Toxic Ariados\n|c|\u2606XX_1nfinity_XX|RIP\n|\n|t:|1698969956\n|move|p1a: Gyarados|Crunch|p2a: Sableye\n|-damage|p2a: Sableye|0 fnt\n|faint|p2a: Sableye\n|\n|win|Holiss77\n","uploadtime":1698969960,"views":7,"p1id":"holiss77","p2id":"xx1nfinityxx","formatid":"gen9nationaldexubers","rating":0,"private":0,"password":""}