{"id":"gen9nationaldexubers-1982973225","p1":"XM307","p2":"Slumpyboocus","format":"[Gen 9] National Dex Ubers","log":"|j|\u2606XM307\n|j|\u2606Slumpyboocus\n|t:|1699064955\n|gametype|singles\n|player|p1|XM307|red|1119\n|player|p2|Slumpyboocus|ash|1213\n|teamsize|p1|6\n|teamsize|p2|6\n|gen|9\n|tier|[Gen 9] National Dex Ubers\n|rated|\n|rule|HP Percentage Mod: HP is shown in percentages\n|rule|Endless Battle Clause: Forcing endless battles is banned\n|rule|OHKO Clause: OHKO moves are banned\n|rule|Evasion Moves Clause: Evasion moves are banned\n|rule|Evasion Items Clause: Evasion items are banned\n|rule|Species Clause: Limit one of each Pok\u00e9mon\n|rule|Sleep Clause Mod: Limit one foe put to sleep\n|rule|Mega Rayquaza Clause: You cannot mega evolve Rayquaza\n|clearpoke\n|poke|p1|Regieleki|\n|poke|p1|Alakazam, F|\n|poke|p1|Xerneas-*|\n|poke|p1|Arceus-Bug|\n|poke|p1|Chien-Pao|\n|poke|p1|Dialga|\n|poke|p2|Baxcalibur, F|\n|poke|p2|Heatran, F|\n|poke|p2|Scream Tail|\n|poke|p2|Roaring Moon|\n|poke|p2|Zarude-Dada|\n|poke|p2|Mimikyu, M|\n|teampreview\n|inactive|Battle timer is ON: inactive players will automatically lose when time's up. (requested by XM307)\n|\n|t:|1699064959\n|start\n|switch|p1a: Elec Man|Regieleki, shiny|100\/100\n|switch|p2a: Papa|Scream Tail|100\/100\n|turn|1\n|\n|t:|1699064965\n|move|p1a: Elec Man|Light Screen|p1a: Elec Man\n|-sidestart|p1: XM307|move: Light Screen\n|move|p2a: Papa|Light Screen|p2a: Papa\n|-sidestart|p2: Slumpyboocus|move: Light Screen\n|\n|upkeep\n|turn|2\n|\n|t:|1699064968\n|move|p1a: Elec Man|Reflect|p1a: Elec Man\n|-sidestart|p1: XM307|Reflect\n|move|p2a: Papa|Reflect|p2a: Papa\n|-sidestart|p2: Slumpyboocus|Reflect\n|\n|upkeep\n|turn|3\n|\n|t:|1699064975\n|-end|p2a: Papa|Protosynthesis|[silent]\n|switch|p2a: Daddy|Baxcalibur, F|100\/100\n|move|p1a: Elec Man|Assurance|p2a: Daddy\n|-damage|p2a: Daddy|92\/100\n|\n|upkeep\n|turn|4\n|\n|t:|1699064981\n|switch|p1a: Rose|Alakazam, F, shiny|100\/100\n|move|p2a: Daddy|Dragon Dance|p2a: Daddy\n|-boost|p2a: Daddy|atk|1\n|-boost|p2a: Daddy|spe|1\n|\n|upkeep\n|turn|5\n|\n|t:|1699064988\n|detailschange|p1a: Rose|Alakazam-Mega, F, shiny\n|-mega|p1a: Rose|Alakazam|Alakazite\n|-ability|p1a: Rose|Thermal Exchange|[from] ability: Trace|[of] p2a: Daddy\n|move|p1a: Rose|Calm Mind|p1a: Rose\n|-boost|p1a: Rose|spa|1\n|-boost|p1a: Rose|spd|1\n|move|p2a: Daddy|Dragon Dance|p2a: Daddy\n|-boost|p2a: Daddy|atk|1\n|-boost|p2a: Daddy|spe|1\n|\n|upkeep\n|turn|6\n|\n|t:|1699064997\n|move|p2a: Daddy|Glaive Rush|p1a: Rose\n|-damage|p1a: Rose|0 fnt\n|-singlemove|p2a: Daddy|Glaive Rush|[silent]\n|faint|p1a: Rose\n|\n|upkeep\n|\n|t:|1699065004\n|switch|p1a: Elec Man|Regieleki, shiny|100\/100\n|turn|7\n|\n|t:|1699065010\n|move|p2a: Daddy|Ice Shard|p1a: Elec Man\n|-damage|p1a: Elec Man|52\/100\n|move|p1a: Elec Man|Assurance|p2a: Daddy\n|-damage|p2a: Daddy|84\/100\n|\n|upkeep\n|turn|8\n|\n|t:|1699065018\n|switch|p1a: Adelhied|Xerneas, shiny|100\/100\n|-ability|p1a: Adelhied|Fairy Aura\n|move|p2a: Daddy|Earthquake|p1a: Adelhied\n|-damage|p1a: Adelhied|67\/100\n|\n|-sideend|p2: Slumpyboocus|move: Light Screen\n|-sideend|p1: XM307|move: Light Screen\n|upkeep\n|turn|9\n|\n|t:|1699065029\n|-terastallize|p1a: Adelhied|Electric\n|move|p2a: Daddy|Earthquake|p1a: Adelhied\n|-supereffective|p1a: Adelhied\n|-damage|p1a: Adelhied|1\/100\n|move|p1a: Adelhied|Geomancy||[still]\n|-prepare|p1a: Adelhied|Geomancy\n|-enditem|p1a: Adelhied|Power Herb\n|-anim|p1a: Adelhied|Geomancy|p1a: Adelhied\n|-boost|p1a: Adelhied|spa|2\n|-boost|p1a: Adelhied|spd|2\n|-boost|p1a: Adelhied|spe|2\n|\n|-sideend|p1: XM307|Reflect\n|-sideend|p2: Slumpyboocus|Reflect\n|upkeep\n|turn|10\n|\n|t:|1699065041\n|move|p2a: Daddy|Ice Shard|p1a: Adelhied\n|-damage|p1a: Adelhied|0 fnt\n|faint|p1a: Adelhied\n|\n|upkeep\n|c|\u2606Slumpyboocus|GG\n|\n|t:|1699065046\n|switch|p1a: Elec Man|Regieleki, shiny|52\/100\n|turn|11\n|\n|t:|1699065049\n|move|p2a: Daddy|Ice Shard|p1a: Elec Man\n|-damage|p1a: Elec Man|0 fnt\n|faint|p1a: Elec Man\n|\n|upkeep\n|\n|t:|1699065055\n|switch|p1a: Dale|Arceus-Bug, shiny|100\/100\n|turn|12\n|\n|t:|1699065058\n|move|p2a: Daddy|Glaive Rush|p1a: Dale\n|-damage|p1a: Dale|0 fnt\n|-singlemove|p2a: Daddy|Glaive Rush|[silent]\n|faint|p1a: Dale\n|\n|upkeep\n|\n|t:|1699065062\n|switch|p1a: Gen|Chien-Pao|100\/100\n|-ability|p1a: Gen|Sword of Ruin\n|turn|13\n|\n|t:|1699065068\n|move|p2a: Daddy|Glaive Rush|p1a: Gen\n|-damage|p1a: Gen|0 fnt\n|-singlemove|p2a: Daddy|Glaive Rush|[silent]\n|faint|p1a: Gen\n|\n|upkeep\n|\n|t:|1699065075\n|switch|p1a: Orochi|Dialga, shiny|100\/100\n|-ability|p1a: Orochi|Pressure\n|turn|14\n|\n|t:|1699065081\n|move|p2a: Daddy|Earthquake|p1a: Orochi\n|-supereffective|p1a: Orochi\n|-damage|p1a: Orochi|0 fnt\n|faint|p1a: Orochi\n|\n|win|Slumpyboocus\n|raw|XM307's rating: 1119 &rarr; <strong>1101<\/strong><br \/>(-18 for losing)\n|raw|Slumpyboocus's rating: 1213 &rarr; <strong>1231<\/strong><br \/>(+18 for winning)\n|l|\u2606XM307\n","uploadtime":1699065185,"views":8,"p1id":"xm307","p2id":"slumpyboocus","formatid":"gen9nationaldexubers","rating":1101,"private":0,"password":""}