{"id":"gen9nationaldexubers-1992548284","p1":"VerduOsane","p2":"AppleBoi29310","format":"[Gen 9] National Dex Ubers","log":"|j|\u2606VerduOsane\n|j|\u2606AppleBoi29310\n|t:|1700203657\n|gametype|singles\n|player|p1|VerduOsane|101|1102\n|player|p2|AppleBoi29310|gambler|1029\n|teamsize|p1|6\n|teamsize|p2|6\n|gen|9\n|tier|[Gen 9] National Dex Ubers\n|rated|\n|rule|HP Percentage Mod: HP is shown in percentages\n|rule|Endless Battle Clause: Forcing endless battles is banned\n|rule|OHKO Clause: OHKO moves are banned\n|rule|Evasion Moves Clause: Evasion moves are banned\n|rule|Evasion Items Clause: Evasion items are banned\n|rule|Species Clause: Limit one of each Pok\u00e9mon\n|rule|Sleep Clause Mod: Limit one foe put to sleep\n|rule|Mega Rayquaza Clause: You cannot mega evolve Rayquaza\n|clearpoke\n|poke|p1|Xurkitree|\n|poke|p1|Rampardos, M|\n|poke|p1|Ninjask, F|\n|poke|p1|Mantine, F|\n|poke|p1|Chansey, F|\n|poke|p1|Cloyster, F|\n|poke|p2|Clodsire, M|\n|poke|p2|Cloyster, F|\n|poke|p2|Gliscor, M|\n|poke|p2|Corviknight, F|\n|poke|p2|Toxapex, M|\n|poke|p2|Nosepass, L1, F|\n|teampreview\n|inactive|Battle timer is ON: inactive players will automatically lose when time's up. (requested by AppleBoi29310)\n|\n|t:|1700203683\n|start\n|switch|p1a: Sp.|Xurkitree, shiny|100\/100\n|switch|p2a: Cloyster|Cloyster, F|100\/100\n|turn|1\n|\n|t:|1700203699\n|-zpower|p1a: Sp.\n|move|p1a: Sp.|Z-Hypnosis|p2a: Cloyster|[anim]Hypnosis|[miss]\n|-boost|p1a: Sp.|spe|1|[zeffect]\n|-miss|p1a: Sp.|p2a: Cloyster\n|move|p2a: Cloyster|Shell Smash|p2a: Cloyster\n|-unboost|p2a: Cloyster|def|1\n|-unboost|p2a: Cloyster|spd|1\n|-boost|p2a: Cloyster|atk|2\n|-boost|p2a: Cloyster|spa|2\n|-boost|p2a: Cloyster|spe|2\n|\n|upkeep\n|turn|2\n|c|\u2606VerduOsane|dammit, I didn\u2019t finish nicknaming..\n|\n|t:|1700203715\n|move|p2a: Cloyster|Drill Run|p1a: Sp.\n|-supereffective|p1a: Sp.\n|-damage|p1a: Sp.|0 fnt\n|faint|p1a: Sp.\n|\n|upkeep\n|c|\u2606VerduOsane|and I think I just lise\n|\n|t:|1700203730\n|switch|p1a: Ninjask|Ninjask, F|100\/100\n|turn|3\n|\n|t:|1700203733\n|move|p1a: Ninjask|Protect|p1a: Ninjask\n|-singleturn|p1a: Ninjask|Protect\n|move|p2a: Cloyster|Icicle Spear|p1a: Ninjask\n|-activate|p1a: Ninjask|move: Protect\n|\n|-ability|p1a: Ninjask|Speed Boost|boost\n|-boost|p1a: Ninjask|spe|1\n|upkeep\n|turn|4\n|\n|t:|1700203740\n|move|p1a: Ninjask|Dual Wingbeat|p2a: Cloyster\n|-damage|p2a: Cloyster|80\/100\n|-damage|p2a: Cloyster|61\/100\n|-hitcount|p2a: Cloyster|2\n|move|p2a: Cloyster|Icicle Spear|p1a: Ninjask\n|-supereffective|p1a: Ninjask\n|-damage|p1a: Ninjask|34\/100\n|-supereffective|p1a: Ninjask\n|-damage|p1a: Ninjask|0 fnt\n|faint|p1a: Ninjask\n|-hitcount|p1: Ninjask|2\n|\n|upkeep\n|\n|t:|1700203746\n|switch|p1a: Mantine|Mantine, F|100\/100\n|turn|5\n|\n|t:|1700203752\n|move|p2a: Cloyster|Tera Blast|p1a: Mantine\n|-damage|p1a: Mantine|87\/100\n|move|p1a: Mantine|Hurricane|p2a: Cloyster\n|-damage|p2a: Cloyster|0 fnt\n|faint|p2a: Cloyster\n|\n|upkeep\n|\n|t:|1700203760\n|switch|p2a: Nosepass|Nosepass, L1, F|100\/100\n|turn|6\n|\n|t:|1700203765\n|move|p1a: Mantine|Scald|p2a: Nosepass\n|-supereffective|p2a: Nosepass\n|-ability|p2a: Nosepass|Sturdy\n|-damage|p2a: Nosepass|10\/100\n|move|p2a: Nosepass|Pain Split|p1a: Mantine\n|-sethp|p1a: Mantine|44\/100|[from] move: Pain Split|[silent]\n|-sethp|p2a: Nosepass|100\/100|[from] move: Pain Split\n|\n|upkeep\n|turn|7\n|\n|t:|1700203774\n|move|p2a: Nosepass|Protect|p2a: Nosepass\n|-singleturn|p2a: Nosepass|Protect\n|move|p1a: Mantine|Scald|p2a: Nosepass\n|-activate|p2a: Nosepass|move: Protect\n|\n|upkeep\n|turn|8\n|\n|t:|1700203780\n|switch|p1a: Chansey|Chansey, F|100\/100\n|move|p2a: Nosepass|Pain Split|p1a: Chansey\n|-sethp|p1a: Chansey|51\/100|[from] move: Pain Split|[silent]\n|-sethp|p2a: Nosepass|100\/100|[from] move: Pain Split\n|\n|upkeep\n|turn|9\n|\n|t:|1700203786\n|move|p1a: Chansey|Toxic|p2a: Nosepass\n|-status|p2a: Nosepass|tox\n|move|p2a: Nosepass|Pain Split|p1a: Chansey\n|-sethp|p1a: Chansey|27\/100|[from] move: Pain Split|[silent]\n|-sethp|p2a: Nosepass|100\/100 tox|[from] move: Pain Split\n|\n|-damage|p2a: Nosepass|91\/100 tox|[from] psn\n|upkeep\n|turn|10\n|\n|t:|1700203794\n|move|p2a: Nosepass|Protect|p2a: Nosepass\n|-singleturn|p2a: Nosepass|Protect\n|move|p1a: Chansey|Wish|p1a: Chansey\n|\n|-damage|p2a: Nosepass|73\/100 tox|[from] psn\n|upkeep\n|turn|11\n|\n|t:|1700203802\n|move|p1a: Chansey|Seismic Toss|p2a: Nosepass\n|-damage|p2a: Nosepass|0 fnt\n|faint|p2a: Nosepass\n|\n|-heal|p1a: Chansey|77\/100|[from] move: Wish|[wisher] Chansey\n|upkeep\n|\n|t:|1700203809\n|switch|p2a: Clodsire|Clodsire, M|100\/100\n|turn|12\n|\n|t:|1700203816\n|-terastallize|p1a: Chansey|Poison\n|move|p2a: Clodsire|Earthquake|p1a: Chansey\n|-supereffective|p1a: Chansey\n|-damage|p1a: Chansey|26\/100\n|move|p1a: Chansey|Stealth Rock|p2a: Clodsire\n|-sidestart|p2: AppleBoi29310|move: Stealth Rock\n|\n|upkeep\n|turn|13\n|\n|t:|1700203824\n|switch|p1a: Mantine|Mantine, F|44\/100\n|move|p2a: Clodsire|Earthquake|p1a: Mantine\n|-immune|p1a: Mantine\n|\n|upkeep\n|turn|14\n|\n|t:|1700203829\n|move|p1a: Mantine|Ice Beam|p2a: Clodsire\n|-supereffective|p2a: Clodsire\n|-damage|p2a: Clodsire|62\/100\n|move|p2a: Clodsire|Trailblaze|p1a: Mantine\n|-damage|p1a: Mantine|28\/100\n|-boost|p2a: Clodsire|spe|1\n|\n|-heal|p2a: Clodsire|68\/100|[from] item: Leftovers\n|upkeep\n|turn|15\n|\n|t:|1700203838\n|move|p2a: Clodsire|Poison Jab|p1a: Mantine\n|-damage|p1a: Mantine|0 fnt\n|faint|p1a: Mantine\n|\n|-heal|p2a: Clodsire|74\/100|[from] item: Leftovers\n|upkeep\n|\n|t:|1700203842\n|switch|p1a: Cloyster|Cloyster, F|100\/100\n|turn|16\n|\n|t:|1700203846\n|move|p1a: Cloyster|Shell Smash|p1a: Cloyster\n|-unboost|p1a: Cloyster|def|1\n|-unboost|p1a: Cloyster|spd|1\n|-boost|p1a: Cloyster|atk|2\n|-boost|p1a: Cloyster|spa|2\n|-boost|p1a: Cloyster|spe|2\n|-enditem|p1a: Cloyster|White Herb\n|-clearnegativeboost|p1a: Cloyster|[silent]\n|move|p2a: Clodsire|Earthquake|p1a: Cloyster\n|-damage|p1a: Cloyster|73\/100\n|\n|-heal|p2a: Clodsire|80\/100|[from] item: Leftovers\n|upkeep\n|turn|17\n|\n|t:|1700203857\n|move|p1a: Cloyster|Icicle Spear|p2a: Clodsire\n|-supereffective|p2a: Clodsire\n|-damage|p2a: Clodsire|52\/100\n|-supereffective|p2a: Clodsire\n|-damage|p2a: Clodsire|23\/100\n|-supereffective|p2a: Clodsire\n|-damage|p2a: Clodsire|0 fnt\n|faint|p2a: Clodsire\n|-hitcount|p2: Clodsire|3\n|\n|upkeep\n|\n|t:|1700203865\n|switch|p2a: Toxapex|Toxapex, M|100\/100\n|-damage|p2a: Toxapex|88\/100|[from] Stealth Rock\n|turn|18\n|\n|t:|1700203875\n|move|p1a: Cloyster|Rock Blast|p2a: Toxapex\n|-damage|p2a: Toxapex|78\/100\n|-damage|p2a: Toxapex|67\/100\n|-damage|p2a: Toxapex|56\/100\n|-damage|p2a: Toxapex|45\/100\n|-damage|p2a: Toxapex|35\/100\n|-hitcount|p2a: Toxapex|5\n|move|p2a: Toxapex|Haze|p2a: Toxapex\n|-clearallboost\n|\n|upkeep\n|turn|19\n|\n|t:|1700203889\n|move|p1a: Cloyster|Shell Smash|p1a: Cloyster\n|-unboost|p1a: Cloyster|def|1\n|-unboost|p1a: Cloyster|spd|1\n|-boost|p1a: Cloyster|atk|2\n|-boost|p1a: Cloyster|spa|2\n|-boost|p1a: Cloyster|spe|2\n|move|p2a: Toxapex|Recover|p2a: Toxapex\n|-heal|p2a: Toxapex|85\/100\n|\n|upkeep\n|turn|20\n|\n|t:|1700203897\n|switch|p1a: Chansey|Chansey, F, tera:Poison|26\/100\n|move|p2a: Toxapex|Baneful Bunker||[still]\n|-fail|p2a: Toxapex\n|\n|upkeep\n|turn|21\n|\n|t:|1700203905\n|move|p1a: Chansey|Wish|p1a: Chansey\n|move|p2a: Toxapex|Surf|p1a: Chansey\n|-crit|p1a: Chansey\n|-damage|p1a: Chansey|15\/100\n|\n|upkeep\n|turn|22\n|\n|t:|1700203912\n|move|p1a: Chansey|Seismic Toss|p2a: Toxapex\n|-damage|p2a: Toxapex|44\/100\n|move|p2a: Toxapex|Surf|p1a: Chansey\n|-damage|p1a: Chansey|8\/100\n|\n|-heal|p1a: Chansey|58\/100|[from] move: Wish|[wisher] Chansey\n|upkeep\n|turn|23\n|\n|t:|1700203922\n|move|p1a: Chansey|Wish|p1a: Chansey\n|move|p2a: Toxapex|Recover|p2a: Toxapex\n|-heal|p2a: Toxapex|94\/100\n|\n|upkeep\n|turn|24\n|\n|t:|1700203927\n|move|p2a: Toxapex|Baneful Bunker|p2a: Toxapex\n|-singleturn|p2a: Toxapex|move: Protect\n|move|p1a: Chansey|Seismic Toss|p2a: Toxapex\n|-activate|p2a: Toxapex|move: Protect\n|\n|-heal|p1a: Chansey|100\/100|[from] move: Wish|[wisher] Chansey\n|upkeep\n|turn|25\n|\n|t:|1700203938\n|switch|p2a: Corviknight|Corviknight, F|100\/100\n|-damage|p2a: Corviknight|88\/100|[from] Stealth Rock\n|move|p1a: Chansey|Wish|p1a: Chansey\n|\n|-heal|p2a: Corviknight|94\/100|[from] item: Leftovers\n|upkeep\n|turn|26\n|\n|t:|1700203945\n|switch|p1a: Cloyster|Cloyster, F|73\/100\n|move|p2a: Corviknight|Body Press|p1a: Cloyster\n|-supereffective|p1a: Cloyster\n|-damage|p1a: Cloyster|35\/100\n|\n|-heal|p1a: Cloyster|100\/100|[from] move: Wish|[wisher] Chansey\n|-heal|p2a: Corviknight|100\/100|[from] item: Leftovers\n|upkeep\n|turn|27\n|\n|t:|1700203954\n|move|p1a: Cloyster|Shell Smash|p1a: Cloyster\n|-unboost|p1a: Cloyster|def|1\n|-unboost|p1a: Cloyster|spd|1\n|-boost|p1a: Cloyster|atk|2\n|-boost|p1a: Cloyster|spa|2\n|-boost|p1a: Cloyster|spe|2\n|move|p2a: Corviknight|Body Press|p1a: Cloyster\n|-supereffective|p1a: Cloyster\n|-damage|p1a: Cloyster|47\/100\n|\n|upkeep\n|turn|28\n|\n|t:|1700203969\n|-terastallize|p2a: Corviknight|Water\n|move|p1a: Cloyster|Icicle Spear|p2a: Corviknight\n|-resisted|p2a: Corviknight\n|-damage|p2a: Corviknight|92\/100\n|-resisted|p2a: Corviknight\n|-damage|p2a: Corviknight|84\/100\n|-resisted|p2a: Corviknight\n|-damage|p2a: Corviknight|76\/100\n|-resisted|p2a: Corviknight\n|-damage|p2a: Corviknight|67\/100\n|-resisted|p2a: Corviknight\n|-damage|p2a: Corviknight|58\/100\n|-hitcount|p2a: Corviknight|5\n|move|p2a: Corviknight|Body Press|p1a: Cloyster\n|-supereffective|p1a: Cloyster\n|-damage|p1a: Cloyster|0 fnt\n|faint|p1a: Cloyster\n|\n|-heal|p2a: Corviknight|64\/100|[from] item: Leftovers\n|upkeep\n|\n|t:|1700203975\n|switch|p1a: Chansey|Chansey, F, tera:Poison|100\/100\n|turn|29\n|\n|t:|1700203987\n|move|p2a: Corviknight|Brave Bird|p1a: Chansey\n|-damage|p1a: Chansey|78\/100\n|-damage|p2a: Corviknight|49\/100|[from] Recoil\n|move|p1a: Chansey|Toxic|p2a: Corviknight\n|-status|p2a: Corviknight|tox\n|\n|-heal|p2a: Corviknight|55\/100 tox|[from] item: Leftovers\n|-damage|p2a: Corviknight|49\/100 tox|[from] psn\n|upkeep\n|turn|30\n|\n|t:|1700204001\n|move|p2a: Corviknight|U-turn|p1a: Chansey\n|-resisted|p1a: Chansey\n|-damage|p1a: Chansey|73\/100\n|\n|t:|1700204005\n|switch|p2a: Toxapex|Toxapex, M|94\/100|[from] U-turn\n|-damage|p2a: Toxapex|81\/100|[from] Stealth Rock\n|move|p1a: Chansey|Seismic Toss|p2a: Toxapex\n|-damage|p2a: Toxapex|40\/100\n|\n|upkeep\n|turn|31\n|\n|t:|1700204012\n|move|p1a: Chansey|Seismic Toss|p2a: Toxapex\n|-damage|p2a: Toxapex|0 fnt\n|faint|p2a: Toxapex\n|\n|upkeep\n|\n|t:|1700204018\n|switch|p2a: Gliscor|Gliscor, M|100\/100\n|-damage|p2a: Gliscor|88\/100|[from] Stealth Rock\n|turn|32\n|\n|t:|1700204023\n|move|p2a: Gliscor|Earthquake|p1a: Chansey\n|-supereffective|p1a: Chansey\n|-damage|p1a: Chansey|19\/100\n|move|p1a: Chansey|Wish|p1a: Chansey\n|\n|-status|p2a: Gliscor|tox|[from] item: Toxic Orb\n|upkeep\n|turn|33\n|\n|t:|1700204030\n|move|p2a: Gliscor|Earthquake|p1a: Chansey\n|-supereffective|p1a: Chansey\n|-damage|p1a: Chansey|0 fnt\n|faint|p1a: Chansey\n|\n|-damage|p2a: Gliscor|82\/100 tox|[from] psn\n|upkeep\n|\n|t:|1700204032\n|switch|p1a: Rampardos|Rampardos, M|100\/100\n|turn|34\n|\n|t:|1700204037\n|move|p2a: Gliscor|Earthquake|p1a: Rampardos\n|-supereffective|p1a: Rampardos\n|-enditem|p1a: Rampardos|Focus Sash\n|-damage|p1a: Rampardos|1\/100\n|move|p1a: Rampardos|Rock Polish|p1a: Rampardos\n|-boost|p1a: Rampardos|spe|2\n|\n|-damage|p2a: Gliscor|70\/100 tox|[from] psn\n|upkeep\n|turn|35\n|\n|t:|1700204055\n|move|p1a: Rampardos|Iron Head|p2a: Gliscor\n|-damage|p2a: Gliscor|24\/100 tox\n|move|p2a: Gliscor|Earthquake|p1a: Rampardos\n|-supereffective|p1a: Rampardos\n|-damage|p1a: Rampardos|0 fnt\n|faint|p1a: Rampardos\n|\n|win|AppleBoi29310\n|raw|VerduOsane's rating: 1102 &rarr; <strong>1072<\/strong><br \/>(-30 for losing)\n|raw|AppleBoi29310's rating: 1029 &rarr; <strong>1072<\/strong><br \/>(+43 for winning)\n|l|\u2606VerduOsane\n|c|\u2606AppleBoi29310|WP\n","uploadtime":1700204064,"views":7,"p1id":"verduosane","p2id":"appleboi29310","formatid":"gen9nationaldexubers","rating":1072,"private":0,"password":""}