{"id":"gen9nationaldexubers-1988997235","p1":"Gatita golosa 123","p2":"JG981","format":"[Gen 9] National Dex Ubers","log":"|j|\u2606Gatita golosa 123\n|j|\u2606JG981\n|t:|1699800128\n|gametype|singles\n|player|p1|Gatita golosa 123|pokekid|\n|player|p2|JG981|ingo|\n|teamsize|p1|6\n|teamsize|p2|6\n|gen|9\n|tier|[Gen 9] National Dex Ubers\n|rule|HP Percentage Mod: HP is shown in percentages\n|rule|Endless Battle Clause: Forcing endless battles is banned\n|rule|OHKO Clause: OHKO moves are banned\n|rule|Evasion Moves Clause: Evasion moves are banned\n|rule|Evasion Items Clause: Evasion items are banned\n|rule|Species Clause: Limit one of each Pok\u00e9mon\n|rule|Sleep Clause Mod: Limit one foe put to sleep\n|rule|Mega Rayquaza Clause: You cannot mega evolve Rayquaza\n|clearpoke\n|poke|p1|Iron Bundle|\n|poke|p1|Kyogre|\n|poke|p1|Palafin, M|\n|poke|p1|Urshifu-*, M|\n|poke|p1|Palkia-Origin|\n|poke|p1|Basculegion, M|\n|poke|p2|Spectrier|\n|poke|p2|Zoroark-Hisui, F|\n|poke|p2|Dragapult, F|\n|poke|p2|Gholdengo|\n|poke|p2|Flutter Mane|\n|poke|p2|Marshadow|\n|teampreview\n|c|\u2606Gatita golosa 123|Suerte\n|\n|t:|1699800161\n|start\n|switch|p1a: Urshifu|Urshifu-Rapid-Strike, M|100\/100\n|switch|p2a: Dragapult|Dragapult, F|100\/100\n|turn|1\n|\n|t:|1699800180\n|move|p1a: Urshifu|U-turn|p2a: Dragapult\n|-resisted|p2a: Dragapult\n|-damage|p2a: Dragapult|84\/100\n|\n|t:|1699800187\n|switch|p1a: Palkia|Palkia-Origin|100\/100|[from] U-turn\n|-ability|p1a: Palkia|Pressure\n|move|p2a: Dragapult|Dragon Dance|p2a: Dragapult\n|-boost|p2a: Dragapult|atk|1\n|-boost|p2a: Dragapult|spe|1\n|\n|upkeep\n|turn|2\n|\n|t:|1699800216\n|-terastallize|p1a: Palkia|Fairy\n|move|p2a: Dragapult|Dragon Darts|p1a: Palkia\n|-immune|p1a: Palkia\n|move|p1a: Palkia|Draco Meteor|p2a: Dragapult\n|-supereffective|p2a: Dragapult\n|-damage|p2a: Dragapult|0 fnt\n|-unboost|p1a: Palkia|spa|2\n|faint|p2a: Dragapult\n|\n|upkeep\n|c|\u2606JG981|Pepepepepep\n|\n|t:|1699800229\n|switch|p2a: Marshadow|Marshadow|100\/100\n|turn|3\n|\n|t:|1699800237\n|move|p2a: Marshadow|Sludge Bomb|p1a: Palkia\n|-supereffective|p1a: Palkia\n|-damage|p1a: Palkia|41\/100\n|-status|p1a: Palkia|psn\n|move|p1a: Palkia|Surf|p2a: Marshadow\n|-damage|p2a: Marshadow|41\/100\n|replace|p2a: Zoroark|Zoroark-Hisui, F\n|-end|p2a: Zoroark|Illusion\n|\n|-damage|p1a: Palkia|28\/100 psn|[from] psn\n|upkeep\n|turn|4\n|\n|t:|1699800280\n|move|p2a: Zoroark|Sludge Bomb|p1a: Palkia\n|-supereffective|p1a: Palkia\n|-damage|p1a: Palkia|0 fnt\n|faint|p1a: Palkia\n|\n|upkeep\n|\n|t:|1699800297\n|switch|p1a: Urshifu|Urshifu-Rapid-Strike, M|100\/100\n|turn|5\n|\n|t:|1699800306\n|move|p2a: Zoroark|Sludge Bomb|p1a: Urshifu\n|-damage|p1a: Urshifu|52\/100\n|move|p1a: Urshifu|Surging Strikes|p2a: Zoroark\n|-crit|p2a: Zoroark\n|-damage|p2a: Zoroark|0 fnt\n|faint|p2a: Zoroark\n|-hitcount|p2: Zoroark|1\n|\n|upkeep\n|\n|t:|1699800317\n|switch|p2a: Spectrier|Spectrier|100\/100\n|turn|6\n|\n|t:|1699800323\n|move|p1a: Urshifu|Surging Strikes|p2a: Spectrier\n|-crit|p2a: Spectrier\n|-damage|p2a: Spectrier|73\/100\n|-crit|p2a: Spectrier\n|-damage|p2a: Spectrier|44\/100\n|-crit|p2a: Spectrier\n|-damage|p2a: Spectrier|15\/100\n|-hitcount|p2a: Spectrier|3\n|move|p2a: Spectrier|Draining Kiss|p1a: Urshifu\n|-supereffective|p1a: Urshifu\n|-crit|p1a: Urshifu\n|-damage|p1a: Urshifu|0 fnt\n|-heal|p2a: Spectrier|53\/100|[from] drain|[of] p1a: Urshifu\n|faint|p1a: Urshifu\n|-ability|p2a: Spectrier|Grim Neigh|boost\n|-boost|p2a: Spectrier|spa|1\n|\n|-heal|p2a: Spectrier|59\/100|[from] item: Leftovers\n|upkeep\n|\n|t:|1699800333\n|switch|p1a: Kyogre|Kyogre|100\/100\n|-weather|RainDance|[from] ability: Drizzle|[of] p1a: Kyogre\n|turn|7\n|\n|t:|1699800360\n|move|p2a: Spectrier|Draining Kiss|p1a: Kyogre\n|-crit|p1a: Kyogre\n|-damage|p1a: Kyogre|68\/100\n|-heal|p2a: Spectrier|83\/100|[from] drain|[of] p1a: Kyogre\n|move|p1a: Kyogre|Surf|p2a: Spectrier\n|-damage|p2a: Spectrier|0 fnt\n|faint|p2a: Spectrier\n|\n|-weather|RainDance|[upkeep]\n|upkeep\n|\n|t:|1699800367\n|switch|p2a: Flutter Mane|Flutter Mane|100\/100\n|-enditem|p2a: Flutter Mane|Booster Energy\n|-activate|p2a: Flutter Mane|ability: Protosynthesis|[fromitem]\n|-start|p2a: Flutter Mane|protosynthesisspa\n|turn|8\n|\n|t:|1699800379\n|move|p2a: Flutter Mane|Energy Ball|p1a: Kyogre\n|-supereffective|p1a: Kyogre\n|-damage|p1a: Kyogre|0 fnt\n|faint|p1a: Kyogre\n|\n|-weather|RainDance|[upkeep]\n|upkeep\n|\n|t:|1699800383\n|switch|p1a: Basculegion|Basculegion, M|100\/100\n|turn|9\n|\n|t:|1699800409\n|-end|p2a: Flutter Mane|Protosynthesis|[silent]\n|switch|p2a: Gholdengo|Gholdengo|100\/100\n|move|p1a: Basculegion|Last Respects|p2a: Gholdengo\n|-supereffective|p2a: Gholdengo\n|-damage|p2a: Gholdengo|0 fnt\n|faint|p2a: Gholdengo\n|\n|-weather|RainDance|[upkeep]\n|upkeep\n|\n|t:|1699800419\n|switch|p2a: Marshadow|Marshadow|100\/100\n|turn|10\n|\n|t:|1699800427\n|move|p2a: Marshadow|Shadow Sneak|p1a: Basculegion\n|-supereffective|p1a: Basculegion\n|-damage|p1a: Basculegion|17\/100\n|move|p1a: Basculegion|Last Respects|p2a: Marshadow\n|-supereffective|p2a: Marshadow\n|-enditem|p2a: Marshadow|Focus Sash\n|-damage|p2a: Marshadow|1\/100\n|\n|-weather|RainDance|[upkeep]\n|upkeep\n|turn|11\n|\n|t:|1699800433\n|move|p2a: Marshadow|Shadow Sneak|p1a: Basculegion\n|-supereffective|p1a: Basculegion\n|-damage|p1a: Basculegion|0 fnt\n|faint|p1a: Basculegion\n|\n|-weather|RainDance|[upkeep]\n|upkeep\n|\n|t:|1699800435\n|switch|p1a: Palafin|Palafin, M|100\/100\n|turn|12\n|\n|t:|1699800449\n|move|p1a: Palafin|Jet Punch|p2a: Marshadow\n|-damage|p2a: Marshadow|0 fnt\n|faint|p2a: Marshadow\n|\n|-weather|RainDance|[upkeep]\n|upkeep\n|\n|t:|1699800451\n|switch|p2a: Flutter Mane|Flutter Mane|100\/100\n|turn|13\n|\n|t:|1699800462\n|move|p1a: Palafin|Jet Punch|p2a: Flutter Mane\n|-damage|p2a: Flutter Mane|0 fnt\n|faint|p2a: Flutter Mane\n|-end|p2a: Flutter Mane|Protosynthesis|[silent]\n|\n|win|Gatita golosa 123\n|c|\u2606JG981|Gg\n|c|\u2606Gatita golosa 123|Gg pa\n|c|\u2606Gatita golosa 123|Pa*\n|c|\u2606JG981|Creo que quitar\u00e9 al caballo\n|c|\u2606Gatita golosa 123|Maybe\n|c|\u2606JG981|Que\n|c|\u2606Gatita golosa 123|Que tal vez\n|l|\u2606Gatita golosa 123\n|j|\u2606Gatita golosa 123\n|player|p1|Gatita golosa 123|pokekid\n","uploadtime":1699801379,"views":8,"p1id":"gatitagolosa123","p2id":"jg981","formatid":"gen9nationaldexubers","rating":0,"private":0,"password":""}