{"id":"gen9nationaldexubers-1994507114","p1":"king schmuck","p2":"MisterGreenz","format":"[Gen 9] National Dex Ubers","log":"|j|\u2606king schmuck\n|j|\u2606MisterGreenz\n|t:|1700452130\n|gametype|singles\n|player|p1|king schmuck|biker|\n|player|p2|MisterGreenz|2|\n|teamsize|p1|6\n|teamsize|p2|6\n|gen|9\n|tier|[Gen 9] National Dex Ubers\n|rule|HP Percentage Mod: HP is shown in percentages\n|rule|Endless Battle Clause: Forcing endless battles is banned\n|rule|OHKO Clause: OHKO moves are banned\n|rule|Evasion Moves Clause: Evasion moves are banned\n|rule|Evasion Items Clause: Evasion items are banned\n|rule|Species Clause: Limit one of each Pok\u00e9mon\n|rule|Sleep Clause Mod: Limit one foe put to sleep\n|rule|Mega Rayquaza Clause: You cannot mega evolve Rayquaza\n|clearpoke\n|poke|p1|Tapu Lele|\n|poke|p1|Charizard, M|\n|poke|p1|Heliolisk, F|\n|poke|p1|Roaring Moon|\n|poke|p1|Bronzong|\n|poke|p1|Mamoswine, M|\n|poke|p2|Clefable, M|\n|poke|p2|Porygon-Z|\n|poke|p2|Terrakion|\n|poke|p2|Magnezone|\n|poke|p2|Pinsir, F|\n|poke|p2|Gliscor, F|\n|teampreview\n|j| Hotpepper22\n|c|\u2606MisterGreenz|forgot the trade\n|c|\u2606MisterGreenz|i should be good now\n|c|\u2606king schmuck|all good\n|j| foofoo1\n|c| Hotpepper22|Lol\n|\n|t:|1700452164\n|start\n|switch|p1a: THE LAST CHARIZARD|Charizard, M|100\/100\n|switch|p2a: Pinsir|Pinsir, F, shiny|100\/100\n|turn|1\n|j| Slumpyboocus\n|\n|t:|1700452197\n|switch|p2a: Terrakion|Terrakion|100\/100\n|detailschange|p1a: THE LAST CHARIZARD|Charizard-Mega-Y, M\n|-mega|p1a: THE LAST CHARIZARD|Charizard|Charizardite Y\n|-weather|SunnyDay|[from] ability: Drought|[of] p1a: THE LAST CHARIZARD\n|move|p1a: THE LAST CHARIZARD|Flamethrower|p2a: Terrakion\n|-resisted|p2a: Terrakion\n|-damage|p2a: Terrakion|57\/100\n|\n|-weather|SunnyDay|[upkeep]\n|upkeep\n|turn|2\n|\n|t:|1700452218\n|switch|p1a: BARRACK OBAMA|Heliolisk, F, shiny|100\/100\n|move|p2a: Terrakion|Rock Polish|p2a: Terrakion\n|-boost|p2a: Terrakion|spe|2\n|\n|-weather|SunnyDay|[upkeep]\n|-damage|p1a: BARRACK OBAMA|88\/100|[from] ability: Solar Power|[of] p1a: BARRACK OBAMA\n|upkeep\n|turn|3\n|\n|t:|1700452247\n|move|p2a: Terrakion|Close Combat|p1a: BARRACK OBAMA\n|-supereffective|p1a: BARRACK OBAMA\n|-damage|p1a: BARRACK OBAMA|0 fnt\n|-unboost|p2a: Terrakion|def|1\n|-unboost|p2a: Terrakion|spd|1\n|-enditem|p2a: Terrakion|White Herb\n|-clearnegativeboost|p2a: Terrakion|[silent]\n|faint|p1a: BARRACK OBAMA\n|\n|-weather|SunnyDay|[upkeep]\n|upkeep\n|\n|t:|1700452252\n|switch|p1a: METHBELL|Bronzong, shiny|100\/100\n|turn|4\n|\n|t:|1700452279\n|move|p2a: Terrakion|Iron Head|p1a: METHBELL\n|-resisted|p1a: METHBELL\n|-damage|p1a: METHBELL|86\/100\n|move|p1a: METHBELL|Trick Room|p1a: METHBELL\n|-fieldstart|move: Trick Room|[of] p1a: METHBELL\n|\n|-weather|SunnyDay|[upkeep]\n|upkeep\n|turn|5\n|\n|t:|1700452288\n|switch|p2a: Gliscor|Gliscor, F|100\/100\n|move|p1a: METHBELL|Gyro Ball|p2a: Gliscor\n|-damage|p2a: Gliscor|45\/100\n|\n|-weather|none\n|-status|p2a: Gliscor|tox|[from] item: Toxic Orb\n|upkeep\n|turn|6\n|c|\u2606MisterGreenz|i misclicked so hard im screamin\n|\n|t:|1700452334\n|switch|p2a: Magnezone|Magnezone|100\/100\n|move|p1a: METHBELL|Gyro Ball|p2a: Magnezone\n|-resisted|p2a: Magnezone\n|-damage|p2a: Magnezone|92\/100\n|\n|upkeep\n|turn|7\n|\n|t:|1700452352\n|move|p1a: METHBELL|Earthquake|p2a: Magnezone\n|-supereffective|p2a: Magnezone\n|-damage|p2a: Magnezone|0 fnt\n|faint|p2a: Magnezone\n|\n|upkeep\n|\n|t:|1700452366\n|switch|p2a: Clefable|Clefable, M|100\/100\n|turn|8\n|\n|t:|1700452379\n|move|p1a: METHBELL|Gyro Ball|p2a: Clefable\n|-supereffective|p2a: Clefable\n|-damage|p2a: Clefable|0 fnt\n|-damage|p1a: METHBELL|70\/100|[from] item: Rocky Helmet|[of] p2a: Clefable\n|faint|p2a: Clefable\n|\n|-fieldend|move: Trick Room\n|upkeep\n|\n|t:|1700452398\n|switch|p2a: Pinsir|Pinsir, F, shiny|100\/100\n|turn|9\n|\n|t:|1700452422\n|move|p2a: Pinsir|Quick Attack|p1a: METHBELL\n|-resisted|p1a: METHBELL\n|-damage|p1a: METHBELL|64\/100\n|move|p1a: METHBELL|Trick Room|p1a: METHBELL\n|-fieldstart|move: Trick Room|[of] p1a: METHBELL\n|\n|upkeep\n|turn|10\n|\n|t:|1700452432\n|detailschange|p2a: Pinsir|Pinsir-Mega, F, shiny\n|-mega|p2a: Pinsir|Pinsir|Pinsirite\n|move|p1a: METHBELL|Gyro Ball|p2a: Pinsir\n|-damage|p2a: Pinsir|26\/100\n|move|p2a: Pinsir|Earthquake|p1a: METHBELL\n|-immune|p1a: METHBELL|[from] ability: Levitate\n|\n|upkeep\n|turn|11\n|c|\u2606MisterGreenz|nice\n|\n|t:|1700452446\n|move|p2a: Pinsir|Quick Attack|p1a: METHBELL\n|-resisted|p1a: METHBELL\n|-damage|p1a: METHBELL|50\/100\n|move|p1a: METHBELL|Gyro Ball|p2a: Pinsir\n|-damage|p2a: Pinsir|0 fnt\n|faint|p2a: Pinsir\n|\n|upkeep\n|\n|t:|1700452453\n|switch|p2a: Gliscor|Gliscor, F|45\/100 tox\n|turn|12\n|\n|t:|1700452459\n|move|p1a: METHBELL|Gyro Ball|p2a: Gliscor\n|-damage|p2a: Gliscor|0 fnt\n|faint|p2a: Gliscor\n|\n|upkeep\n|\n|t:|1700452463\n|switch|p2a: Porygon-Z|Porygon-Z|100\/100\n|turn|13\n|\n|t:|1700452470\n|move|p1a: METHBELL|Earthquake|p2a: Porygon-Z\n|-damage|p2a: Porygon-Z|58\/100\n|move|p2a: Porygon-Z|Hidden Power|p1a: METHBELL\n|-supereffective|p1a: METHBELL\n|-damage|p1a: METHBELL|11\/100\n|\n|-fieldend|move: Trick Room\n|upkeep\n|turn|14\n|\n|t:|1700452477\n|move|p2a: Porygon-Z|Hidden Power|p1a: METHBELL\n|-supereffective|p1a: METHBELL\n|-damage|p1a: METHBELL|0 fnt\n|faint|p1a: METHBELL\n|\n|upkeep\n|\n|t:|1700452484\n|switch|p1a: MIKE OBAMA|Tapu Lele, shiny|100\/100\n|-fieldstart|move: Psychic Terrain|[from] ability: Psychic Surge|[of] p1a: MIKE OBAMA\n|turn|15\n|\n|t:|1700452491\n|move|p2a: Porygon-Z|Hidden Power|p1a: MIKE OBAMA\n|-damage|p1a: MIKE OBAMA|73\/100\n|move|p1a: MIKE OBAMA|Psychic|p2a: Porygon-Z\n|-damage|p2a: Porygon-Z|0 fnt\n|faint|p2a: Porygon-Z\n|\n|upkeep\n|\n|t:|1700452497\n|switch|p2a: Terrakion|Terrakion|57\/100\n|turn|16\n|\n|t:|1700452502\n|move|p2a: Terrakion|Poison Jab|p1a: MIKE OBAMA\n|-supereffective|p1a: MIKE OBAMA\n|-damage|p1a: MIKE OBAMA|0 fnt\n|faint|p1a: MIKE OBAMA\n|\n|upkeep\n|\n|t:|1700452504\n|switch|p1a: THE LAST CHARIZARD|Charizard-Mega-Y, M|100\/100\n|-weather|SunnyDay|[from] ability: Drought|[of] p1a: THE LAST CHARIZARD\n|turn|17\n|\n|t:|1700452531\n|move|p1a: THE LAST CHARIZARD|Flamethrower|p2a: Terrakion\n|-resisted|p2a: Terrakion\n|-damage|p2a: Terrakion|7\/100\n|move|p2a: Terrakion|Poison Jab|p1a: THE LAST CHARIZARD\n|-damage|p1a: THE LAST CHARIZARD|61\/100\n|\n|-weather|SunnyDay|[upkeep]\n|upkeep\n|turn|18\n|\n|t:|1700452539\n|move|p1a: THE LAST CHARIZARD|Flamethrower|p2a: Terrakion\n|-resisted|p2a: Terrakion\n|-damage|p2a: Terrakion|0 fnt\n|faint|p2a: Terrakion\n|\n|win|king schmuck\n|c|\u2606king schmuck|gg\n|c|\u2606MisterGreenz|gg\n|l| Slumpyboocus\n|l|\u2606MisterGreenz\n|l| Hotpepper22\n","uploadtime":1700452556,"views":12,"p1id":"kingschmuck","p2id":"mistergreenz","formatid":"gen9nationaldexubers","rating":0,"private":0,"password":""}