{"id":"gen9nationaldexubers-1986090640","p1":"Potatoot","p2":"KingoftheTitans","format":"[Gen 9] National Dex Ubers","log":"|j|\u2606Potatoot\n|j|\u2606KingoftheTitans\n|t:|1699449034\n|gametype|singles\n|player|p1|Potatoot|winona|1371\n|player|p2|KingoftheTitans|102|1352\n|teamsize|p1|6\n|teamsize|p2|6\n|gen|9\n|tier|[Gen 9] National Dex Ubers\n|rated|\n|rule|HP Percentage Mod: HP is shown in percentages\n|rule|Endless Battle Clause: Forcing endless battles is banned\n|rule|OHKO Clause: OHKO moves are banned\n|rule|Evasion Moves Clause: Evasion moves are banned\n|rule|Evasion Items Clause: Evasion items are banned\n|rule|Species Clause: Limit one of each Pok\u00e9mon\n|rule|Sleep Clause Mod: Limit one foe put to sleep\n|rule|Mega Rayquaza Clause: You cannot mega evolve Rayquaza\n|clearpoke\n|poke|p1|Glimmora, M|\n|poke|p1|Xerneas-*|\n|poke|p1|Dracovish|\n|poke|p1|Deoxys-Attack|\n|poke|p1|Mewtwo|\n|poke|p1|Groudon|\n|poke|p2|Porygon-Z|\n|poke|p2|Absol, F|\n|poke|p2|Iron Valiant|\n|poke|p2|Heatran, M|\n|poke|p2|Genesect|\n|poke|p2|Rotom-Wash|\n|teampreview\n|\n|t:|1699449041\n|start\n|switch|p1a: Xerneas|Xerneas|100\/100\n|switch|p2a: Heatran|Heatran, M|100\/100\n|-ability|p1a: Xerneas|Fairy Aura\n|-item|p2a: Heatran|Air Balloon\n|turn|1\n|\n|t:|1699449048\n|switch|p1a: Glimmora|Glimmora, M|100\/100\n|move|p2a: Heatran|Taunt|p1a: Glimmora\n|-start|p1a: Glimmora|move: Taunt\n|\n|upkeep\n|turn|2\n|\n|t:|1699449055\n|switch|p1a: Dracovish|Dracovish|100\/100\n|move|p2a: Heatran|Flash Cannon|p1a: Dracovish\n|-resisted|p1a: Dracovish\n|-damage|p1a: Dracovish|71\/100\n|\n|upkeep\n|turn|3\n|\n|t:|1699449065\n|switch|p2a: Rotom|Rotom-Wash|100\/100\n|move|p1a: Dracovish|Fishious Rend|p2a: Rotom\n|-resisted|p2a: Rotom\n|-damage|p2a: Rotom|34\/100\n|\n|-heal|p2a: Rotom|40\/100|[from] item: Leftovers\n|upkeep\n|turn|4\n|\n|t:|1699449072\n|move|p1a: Dracovish|Fishious Rend|p2a: Rotom\n|-resisted|p2a: Rotom\n|-damage|p2a: Rotom|0 fnt\n|faint|p2a: Rotom\n|\n|upkeep\n|\n|t:|1699449076\n|switch|p2a: Genesect|Genesect, shiny|100\/100\n|-ability|p2a: Genesect|Download|boost\n|-boost|p2a: Genesect|spa|1\n|turn|5\n|\n|t:|1699449080\n|move|p2a: Genesect|Ice Beam|p1a: Dracovish\n|-damage|p1a: Dracovish|23\/100\n|move|p1a: Dracovish|Fishious Rend|p2a: Genesect\n|-damage|p2a: Genesect|25\/100\n|\n|upkeep\n|turn|6\n|\n|t:|1699449089\n|switch|p1a: Groudon|Groudon|100\/100\n|detailschange|p1a: Groudon|Groudon-Primal\n|-primal|p1a: Groudon|Red Orb\n|-weather|DesolateLand|[from] ability: Desolate Land|[of] p1a: Groudon\n|move|p2a: Genesect|Ice Beam|p1a: Groudon\n|-damage|p1a: Groudon|63\/100\n|\n|-weather|DesolateLand|[upkeep]\n|upkeep\n|turn|7\n|\n|t:|1699449100\n|switch|p2a: Heatran|Heatran, M|100\/100\n|-item|p2a: Heatran|Air Balloon\n|move|p1a: Groudon|Rock Polish|p1a: Groudon\n|-boost|p1a: Groudon|spe|2\n|\n|-weather|DesolateLand|[upkeep]\n|upkeep\n|turn|8\n|\n|t:|1699449108\n|move|p1a: Groudon|Swords Dance|p1a: Groudon\n|-boost|p1a: Groudon|atk|2\n|move|p2a: Heatran|Earth Power|p1a: Groudon\n|-supereffective|p1a: Groudon\n|-damage|p1a: Groudon|0 fnt\n|faint|p1a: Groudon\n|-weather|none\n|\n|upkeep\n|\n|t:|1699449116\n|switch|p1a: Deoxys|Deoxys-Attack|100\/100\n|-ability|p1a: Deoxys|Pressure\n|turn|9\n|\n|t:|1699449120\n|move|p1a: Deoxys|Superpower|p2a: Heatran\n|-supereffective|p2a: Heatran\n|-damage|p2a: Heatran|0 fnt\n|-unboost|p1a: Deoxys|atk|1\n|-unboost|p1a: Deoxys|def|1\n|-enditem|p2a: Heatran|Air Balloon\n|faint|p2a: Heatran\n|-damage|p1a: Deoxys|91\/100|[from] item: Life Orb\n|\n|upkeep\n|\n|t:|1699449128\n|switch|p2a: Genesect|Genesect, shiny|25\/100\n|-ability|p2a: Genesect|Download|boost\n|-boost|p2a: Genesect|atk|1\n|turn|10\n|\n|t:|1699449149\n|switch|p1a: Glimmora|Glimmora, M|100\/100\n|move|p2a: Genesect|U-turn|p1a: Glimmora\n|-resisted|p1a: Glimmora\n|-damage|p1a: Glimmora|74\/100\n|-activate|p1a: Glimmora|ability: Toxic Debris\n|-sidestart|p2: KingoftheTitans|move: Toxic Spikes\n|\n|t:|1699449163\n|switch|p2a: Porygon-Z|Porygon-Z|100\/100|[from] U-turn\n|-status|p2a: Porygon-Z|psn\n|\n|-damage|p2a: Porygon-Z|88\/100 psn|[from] psn\n|upkeep\n|turn|11\n|\n|t:|1699449171\n|move|p2a: Porygon-Z|Psychic|p1a: Glimmora\n|-supereffective|p1a: Glimmora\n|-damage|p1a: Glimmora|0 fnt\n|faint|p1a: Glimmora\n|-damage|p2a: Porygon-Z|78\/100 psn|[from] item: Life Orb\n|\n|-damage|p2a: Porygon-Z|66\/100 psn|[from] psn\n|upkeep\n|\n|t:|1699449181\n|switch|p1a: Deoxys|Deoxys-Attack|91\/100\n|-ability|p1a: Deoxys|Pressure\n|turn|12\n|\n|t:|1699449195\n|-terastallize|p2a: Porygon-Z|Psychic\n|move|p1a: Deoxys|Superpower|p2a: Porygon-Z\n|-resisted|p2a: Porygon-Z\n|-damage|p2a: Porygon-Z|19\/100 psn\n|-unboost|p1a: Deoxys|atk|1\n|-unboost|p1a: Deoxys|def|1\n|-damage|p1a: Deoxys|81\/100|[from] item: Life Orb\n|move|p2a: Porygon-Z|Shadow Ball|p1a: Deoxys\n|-supereffective|p1a: Deoxys\n|-damage|p1a: Deoxys|0 fnt\n|faint|p1a: Deoxys\n|-damage|p2a: Porygon-Z|9\/100 psn|[from] item: Life Orb\n|\n|-damage|p2a: Porygon-Z|0 fnt|[from] psn\n|faint|p2a: Porygon-Z\n|upkeep\n|\n|t:|1699449212\n|switch|p1a: Dracovish|Dracovish|23\/100\n|switch|p2a: Genesect|Genesect, shiny|25\/100\n|-ability|p2a: Genesect|Download|boost\n|-boost|p2a: Genesect|spa|1\n|turn|13\n|\n|t:|1699449223\n|move|p2a: Genesect|U-turn|p1a: Dracovish\n|-damage|p1a: Dracovish|0 fnt\n|faint|p1a: Dracovish\n|\n|t:|1699449232\n|switch|p2a: Iron Valiant|Iron Valiant|100\/100|[from] U-turn\n|-status|p2a: Iron Valiant|psn\n|-enditem|p2a: Iron Valiant|Booster Energy\n|-activate|p2a: Iron Valiant|ability: Quark Drive|[fromitem]\n|-start|p2a: Iron Valiant|quarkdrivespe\n|\n|-damage|p2a: Iron Valiant|88\/100 psn|[from] psn\n|upkeep\n|\n|t:|1699449235\n|switch|p1a: Xerneas|Xerneas|100\/100\n|-ability|p1a: Xerneas|Fairy Aura\n|turn|14\n|\n|t:|1699449242\n|move|p2a: Iron Valiant|Destiny Bond|p2a: Iron Valiant\n|-singlemove|p2a: Iron Valiant|Destiny Bond\n|move|p1a: Xerneas|Geomancy||[still]\n|-prepare|p1a: Xerneas|Geomancy\n|-enditem|p1a: Xerneas|Power Herb\n|-anim|p1a: Xerneas|Geomancy|p1a: Xerneas\n|-boost|p1a: Xerneas|spa|2\n|-boost|p1a: Xerneas|spd|2\n|-boost|p1a: Xerneas|spe|2\n|\n|-damage|p2a: Iron Valiant|76\/100 psn|[from] psn\n|upkeep\n|turn|15\n|\n|t:|1699449258\n|move|p1a: Xerneas|Geomancy||[still]\n|-prepare|p1a: Xerneas|Geomancy\n|move|p2a: Iron Valiant|Moonblast|p1a: Xerneas\n|-damage|p1a: Xerneas|71\/100\n|-unboost|p1a: Xerneas|spa|1\n|\n|-damage|p2a: Iron Valiant|63\/100 psn|[from] psn\n|upkeep\n|turn|16\n|\n|t:|1699449265\n|move|p1a: Xerneas|Geomancy|p1a: Xerneas|[from]lockedmove\n|-boost|p1a: Xerneas|spa|2\n|-boost|p1a: Xerneas|spd|2\n|-boost|p1a: Xerneas|spe|2\n|move|p2a: Iron Valiant|Destiny Bond|p2a: Iron Valiant\n|-singlemove|p2a: Iron Valiant|Destiny Bond\n|\n|-damage|p2a: Iron Valiant|51\/100 psn|[from] psn\n|upkeep\n|turn|17\n|\n|t:|1699449288\n|move|p1a: Xerneas|Geomancy||[still]\n|-prepare|p1a: Xerneas|Geomancy\n|move|p2a: Iron Valiant|Moonblast|p1a: Xerneas\n|-damage|p1a: Xerneas|53\/100\n|\n|-damage|p2a: Iron Valiant|38\/100 psn|[from] psn\n|upkeep\n|turn|18\n|\n|t:|1699449297\n|move|p1a: Xerneas|Geomancy|p1a: Xerneas|[from]lockedmove\n|-boost|p1a: Xerneas|spa|2\n|-boost|p1a: Xerneas|spd|2\n|-boost|p1a: Xerneas|spe|2\n|move|p2a: Iron Valiant|Destiny Bond|p2a: Iron Valiant\n|-singlemove|p2a: Iron Valiant|Destiny Bond\n|\n|-damage|p2a: Iron Valiant|26\/100 psn|[from] psn\n|upkeep\n|turn|19\n|\n|t:|1699449304\n|move|p1a: Xerneas|Geomancy||[still]\n|-prepare|p1a: Xerneas|Geomancy\n|move|p2a: Iron Valiant|Moonblast|p1a: Xerneas\n|-damage|p1a: Xerneas|40\/100\n|\n|-damage|p2a: Iron Valiant|13\/100 psn|[from] psn\n|upkeep\n|turn|20\n|\n|t:|1699449311\n|move|p1a: Xerneas|Geomancy|p1a: Xerneas|[from]lockedmove\n|-boost|p1a: Xerneas|spa|1\n|-boost|p1a: Xerneas|spd|0\n|-boost|p1a: Xerneas|spe|0\n|move|p2a: Iron Valiant|Moonblast|p1a: Xerneas\n|-damage|p1a: Xerneas|24\/100\n|\n|-damage|p2a: Iron Valiant|1\/100 psn|[from] psn\n|upkeep\n|turn|21\n|\n|t:|1699449321\n|move|p1a: Xerneas|Geomancy||[still]\n|-prepare|p1a: Xerneas|Geomancy\n|move|p2a: Iron Valiant|Destiny Bond|p2a: Iron Valiant\n|-singlemove|p2a: Iron Valiant|Destiny Bond\n|\n|-damage|p2a: Iron Valiant|0 fnt|[from] psn\n|faint|p2a: Iron Valiant\n|-end|p2a: Iron Valiant|Quark Drive|[silent]\n|upkeep\n|\n|t:|1699449327\n|switch|p2a: Absol|Absol, F|100\/100\n|-status|p2a: Absol|psn\n|-ability|p2a: Absol|Pressure\n|turn|22\n|\n|t:|1699449333\n|detailschange|p2a: Absol|Absol-Mega, F\n|-mega|p2a: Absol|Absol|Absolite\n|move|p1a: Xerneas|Geomancy|p1a: Xerneas|[from]lockedmove\n|-boost|p1a: Xerneas|spa|0\n|-boost|p1a: Xerneas|spd|0\n|-boost|p1a: Xerneas|spe|0\n|move|p2a: Absol|Play Rough|p1a: Xerneas\n|-damage|p1a: Xerneas|0 fnt\n|faint|p1a: Xerneas\n|\n|-damage|p2a: Absol|88\/100 psn|[from] psn\n|upkeep\n|\n|t:|1699449335\n|switch|p1a: Mewtwo|Mewtwo|100\/100\n|-ability|p1a: Mewtwo|Pressure\n|turn|23\n|\n|t:|1699449345\n|detailschange|p1a: Mewtwo|Mewtwo-Mega-Y\n|-mega|p1a: Mewtwo|Mewtwo|Mewtwonite Y\n|move|p2a: Absol|Sucker Punch|p1a: Mewtwo\n|-supereffective|p1a: Mewtwo\n|-damage|p1a: Mewtwo|0 fnt\n|faint|p1a: Mewtwo\n|\n|win|KingoftheTitans\n|raw|Potatoot's rating: 1371 &rarr; <strong>1350<\/strong><br \/>(-21 for losing)\n|raw|KingoftheTitans's rating: 1352 &rarr; <strong>1373<\/strong><br \/>(+21 for winning)\n","uploadtime":1699449352,"views":10,"p1id":"potatoot","p2id":"kingofthetitans","formatid":"gen9nationaldexubers","rating":1350,"private":0,"password":""}