{"id":"gen9nationaldexubers-1992212146","p1":"enma 6","p2":"INSECT-M0DE\ufe0f\u2733\ufe0f","format":"[Gen 9] National Dex Ubers","log":"|j|\u2606enma 6\n|j|\u2606INSECT-M0DE\ufe0f\u2733\ufe0f\n|t:|1700164313\n|gametype|singles\n|player|p1|enma 6|101|1011\n|player|p2|INSECT-M0DE\ufe0f\u2733\ufe0f|viola|1000\n|teamsize|p1|6\n|teamsize|p2|6\n|gen|9\n|tier|[Gen 9] National Dex Ubers\n|rated|\n|rule|HP Percentage Mod: HP is shown in percentages\n|rule|Endless Battle Clause: Forcing endless battles is banned\n|rule|OHKO Clause: OHKO moves are banned\n|rule|Evasion Moves Clause: Evasion moves are banned\n|rule|Evasion Items Clause: Evasion items are banned\n|rule|Species Clause: Limit one of each Pok\u00e9mon\n|rule|Sleep Clause Mod: Limit one foe put to sleep\n|rule|Mega Rayquaza Clause: You cannot mega evolve Rayquaza\n|clearpoke\n|poke|p1|Giratina-Origin|\n|poke|p1|Celesteela|\n|poke|p1|Sneasler, F|\n|poke|p1|Toxapex, M|\n|poke|p1|Ho-Oh|\n|poke|p1|Gothitelle, M|\n|poke|p2|Galvantula, F|\n|poke|p2|Yanmega, F|\n|poke|p2|Venomoth, F|\n|poke|p2|Volcarona, F|\n|poke|p2|Mothim, M|\n|poke|p2|Pinsir, F|\n|teampreview\n|\n|t:|1700164328\n|start\n|switch|p1a: Toxapex|Toxapex, M|100\/100\n|switch|p2a: \ud83d\udd78GALVANTULA\ud83d\udd78\ud83d\udd77\ud83d\udd77|Galvantula, F|100\/100\n|turn|1\n|\n|t:|1700164337\n|move|p2a: \ud83d\udd78GALVANTULA\ud83d\udd78\ud83d\udd77\ud83d\udd77|Sticky Web|p1a: Toxapex\n|-sidestart|p1: enma 6|move: Sticky Web\n|move|p1a: Toxapex|Gunk Shot|p2a: \ud83d\udd78GALVANTULA\ud83d\udd78\ud83d\udd77\ud83d\udd77|[miss]\n|-miss|p1a: Toxapex|p2a: \ud83d\udd78GALVANTULA\ud83d\udd78\ud83d\udd77\ud83d\udd77\n|\n|upkeep\n|turn|2\n|\n|t:|1700164344\n|move|p2a: \ud83d\udd78GALVANTULA\ud83d\udd78\ud83d\udd77\ud83d\udd77|Thunder|p1a: Toxapex\n|-supereffective|p1a: Toxapex\n|-damage|p1a: Toxapex|10\/100\n|-status|p1a: Toxapex|par\n|move|p1a: Toxapex|Gunk Shot|p2a: \ud83d\udd78GALVANTULA\ud83d\udd78\ud83d\udd77\ud83d\udd77\n|-damage|p2a: \ud83d\udd78GALVANTULA\ud83d\udd78\ud83d\udd77\ud83d\udd77|27\/100\n|\n|upkeep\n|turn|3\n|\n|t:|1700164356\n|switch|p1a: Sneasler|Sneasler, F|100\/100\n|-activate|p1a: Sneasler|move: Sticky Web\n|-unboost|p1a: Sneasler|spe|1\n|-ability|p1a: Sneasler|Pressure\n|move|p2a: \ud83d\udd78GALVANTULA\ud83d\udd78\ud83d\udd77\ud83d\udd77|Bug Buzz|p1a: Sneasler\n|-resisted|p1a: Sneasler\n|-damage|p1a: Sneasler|90\/100\n|-unboost|p1a: Sneasler|spd|1\n|\n|upkeep\n|turn|4\n|\n|t:|1700164368\n|move|p2a: \ud83d\udd78GALVANTULA\ud83d\udd78\ud83d\udd77\ud83d\udd77|Thunder|p1a: Sneasler\n|-damage|p1a: Sneasler|21\/100\n|move|p1a: Sneasler|Gunk Shot|p2a: \ud83d\udd78GALVANTULA\ud83d\udd78\ud83d\udd77\ud83d\udd77\n|-damage|p2a: \ud83d\udd78GALVANTULA\ud83d\udd78\ud83d\udd77\ud83d\udd77|0 fnt\n|faint|p2a: \ud83d\udd78GALVANTULA\ud83d\udd78\ud83d\udd77\ud83d\udd77\n|\n|upkeep\n|\n|t:|1700164383\n|switch|p2a: \ud83e\udeb0\ud83e\udd8bVENOMITH\ud83e\udd8b\ud83e\udeb0|Venomoth, F, shiny|100\/100\n|turn|5\n|\n|t:|1700164393\n|move|p2a: \ud83e\udeb0\ud83e\udd8bVENOMITH\ud83e\udd8b\ud83e\udeb0|Quiver Dance|p2a: \ud83e\udeb0\ud83e\udd8bVENOMITH\ud83e\udd8b\ud83e\udeb0\n|-boost|p2a: \ud83e\udeb0\ud83e\udd8bVENOMITH\ud83e\udd8b\ud83e\udeb0|spa|1\n|-boost|p2a: \ud83e\udeb0\ud83e\udd8bVENOMITH\ud83e\udd8b\ud83e\udeb0|spd|1\n|-boost|p2a: \ud83e\udeb0\ud83e\udd8bVENOMITH\ud83e\udd8b\ud83e\udeb0|spe|1\n|move|p1a: Sneasler|Gunk Shot|p2a: \ud83e\udeb0\ud83e\udd8bVENOMITH\ud83e\udd8b\ud83e\udeb0\n|-resisted|p2a: \ud83e\udeb0\ud83e\udd8bVENOMITH\ud83e\udd8b\ud83e\udeb0\n|-damage|p2a: \ud83e\udeb0\ud83e\udd8bVENOMITH\ud83e\udd8b\ud83e\udeb0|44\/100\n|\n|upkeep\n|turn|6\n|\n|t:|1700164402\n|move|p2a: \ud83e\udeb0\ud83e\udd8bVENOMITH\ud83e\udd8b\ud83e\udeb0|Bug Buzz|p1a: Sneasler\n|-resisted|p1a: Sneasler\n|-damage|p1a: Sneasler|0 fnt\n|faint|p1a: Sneasler\n|\n|upkeep\n|\n|t:|1700164409\n|switch|p1a: Giratina|Giratina-Origin|100\/100\n|turn|7\n|\n|t:|1700164421\n|move|p2a: \ud83e\udeb0\ud83e\udd8bVENOMITH\ud83e\udd8b\ud83e\udeb0|Poison Fang|p1a: Giratina\n|-resisted|p1a: Giratina\n|-damage|p1a: Giratina|92\/100\n|move|p1a: Giratina|Dream Eater|p2a: \ud83e\udeb0\ud83e\udd8bVENOMITH\ud83e\udd8b\ud83e\udeb0\n|-immune|p2a: \ud83e\udeb0\ud83e\udd8bVENOMITH\ud83e\udd8b\ud83e\udeb0\n|\n|upkeep\n|turn|8\n|\n|t:|1700164430\n|move|p2a: \ud83e\udeb0\ud83e\udd8bVENOMITH\ud83e\udd8b\ud83e\udeb0|Poison Fang|p1a: Giratina\n|-resisted|p1a: Giratina\n|-damage|p1a: Giratina|84\/100\n|-status|p1a: Giratina|tox\n|move|p1a: Giratina|Shadow Force||[still]\n|-prepare|p1a: Giratina|Shadow Force\n|\n|-damage|p1a: Giratina|78\/100 tox|[from] psn\n|upkeep\n|turn|9\n|\n|t:|1700164449\n|move|p2a: \ud83e\udeb0\ud83e\udd8bVENOMITH\ud83e\udd8b\ud83e\udeb0|Quiver Dance|p2a: \ud83e\udeb0\ud83e\udd8bVENOMITH\ud83e\udd8b\ud83e\udeb0\n|-boost|p2a: \ud83e\udeb0\ud83e\udd8bVENOMITH\ud83e\udd8b\ud83e\udeb0|spa|1\n|-boost|p2a: \ud83e\udeb0\ud83e\udd8bVENOMITH\ud83e\udd8b\ud83e\udeb0|spd|1\n|-boost|p2a: \ud83e\udeb0\ud83e\udd8bVENOMITH\ud83e\udd8b\ud83e\udeb0|spe|1\n|move|p1a: Giratina|Shadow Force|p2a: \ud83e\udeb0\ud83e\udd8bVENOMITH\ud83e\udd8b\ud83e\udeb0|[from]lockedmove\n|-damage|p2a: \ud83e\udeb0\ud83e\udd8bVENOMITH\ud83e\udd8b\ud83e\udeb0|0 fnt\n|faint|p2a: \ud83e\udeb0\ud83e\udd8bVENOMITH\ud83e\udd8b\ud83e\udeb0\n|\n|-damage|p1a: Giratina|65\/100 tox|[from] psn\n|upkeep\n|\n|t:|1700164462\n|switch|p2a: \ud83e\udeb0\ud83e\udd8bYANMEGA\ud83e\udd8b\ud83e\udeb0|Yanmega, F, shiny|100\/100\n|turn|10\n|\n|t:|1700164472\n|move|p2a: \ud83e\udeb0\ud83e\udd8bYANMEGA\ud83e\udd8b\ud83e\udeb0|Lunge|p1a: Giratina\n|-resisted|p1a: Giratina\n|-damage|p1a: Giratina|54\/100 tox\n|-unboost|p1a: Giratina|atk|1\n|move|p1a: Giratina|Thunder|p2a: \ud83e\udeb0\ud83e\udd8bYANMEGA\ud83e\udd8b\ud83e\udeb0\n|-supereffective|p2a: \ud83e\udeb0\ud83e\udd8bYANMEGA\ud83e\udd8b\ud83e\udeb0\n|-damage|p2a: \ud83e\udeb0\ud83e\udd8bYANMEGA\ud83e\udd8b\ud83e\udeb0|0 fnt\n|faint|p2a: \ud83e\udeb0\ud83e\udd8bYANMEGA\ud83e\udd8b\ud83e\udeb0\n|\n|-damage|p1a: Giratina|35\/100 tox|[from] psn\n|upkeep\n|\n|t:|1700164485\n|switch|p2a: \ud83e\udd8b\ud83e\udd8bMOTHIM\ud83e\udd8b\ud83e\udd8b|Mothim, M, shiny|100\/100\n|turn|11\n|\n|t:|1700164490\n|move|p2a: \ud83e\udd8b\ud83e\udd8bMOTHIM\ud83e\udd8b\ud83e\udd8b|Quiver Dance|p2a: \ud83e\udd8b\ud83e\udd8bMOTHIM\ud83e\udd8b\ud83e\udd8b\n|-boost|p2a: \ud83e\udd8b\ud83e\udd8bMOTHIM\ud83e\udd8b\ud83e\udd8b|spa|1\n|-boost|p2a: \ud83e\udd8b\ud83e\udd8bMOTHIM\ud83e\udd8b\ud83e\udd8b|spd|1\n|-boost|p2a: \ud83e\udd8b\ud83e\udd8bMOTHIM\ud83e\udd8b\ud83e\udd8b|spe|1\n|move|p1a: Giratina|Thunder|p2a: \ud83e\udd8b\ud83e\udd8bMOTHIM\ud83e\udd8b\ud83e\udd8b\n|-supereffective|p2a: \ud83e\udd8b\ud83e\udd8bMOTHIM\ud83e\udd8b\ud83e\udd8b\n|-damage|p2a: \ud83e\udd8b\ud83e\udd8bMOTHIM\ud83e\udd8b\ud83e\udd8b|0 fnt\n|faint|p2a: \ud83e\udd8b\ud83e\udd8bMOTHIM\ud83e\udd8b\ud83e\udd8b\n|\n|-damage|p1a: Giratina|11\/100 tox|[from] psn\n|upkeep\n|\n|t:|1700164501\n|switch|p2a: \ud83d\udd78VOLCARONA\ud83d\udd78\ud83e\udd8b|Volcarona, F, shiny|100\/100\n|turn|12\n|\n|t:|1700164510\n|move|p2a: \ud83d\udd78VOLCARONA\ud83d\udd78\ud83e\udd8b|Quiver Dance|p2a: \ud83d\udd78VOLCARONA\ud83d\udd78\ud83e\udd8b\n|-boost|p2a: \ud83d\udd78VOLCARONA\ud83d\udd78\ud83e\udd8b|spa|1\n|-boost|p2a: \ud83d\udd78VOLCARONA\ud83d\udd78\ud83e\udd8b|spd|1\n|-boost|p2a: \ud83d\udd78VOLCARONA\ud83d\udd78\ud83e\udd8b|spe|1\n|move|p1a: Giratina|Outrage|p2a: \ud83d\udd78VOLCARONA\ud83d\udd78\ud83e\udd8b\n|-damage|p2a: \ud83d\udd78VOLCARONA\ud83d\udd78\ud83e\udd8b|45\/100\n|\n|-damage|p1a: Giratina|0 fnt|[from] psn\n|faint|p1a: Giratina\n|upkeep\n|\n|t:|1700164523\n|switch|p1a: Gothitelle|Gothitelle, M|100\/100\n|-activate|p1a: Gothitelle|move: Sticky Web\n|-unboost|p1a: Gothitelle|spe|1\n|-item|p2a: \ud83d\udd78VOLCARONA\ud83d\udd78\ud83e\udd8b|Insect Plate|[from] ability: Frisk|[of] p1a: Gothitelle|[identify]\n|turn|13\n|\n|t:|1700164539\n|-terastallize|p2a: \ud83d\udd78VOLCARONA\ud83d\udd78\ud83e\udd8b|Bug\n|move|p2a: \ud83d\udd78VOLCARONA\ud83d\udd78\ud83e\udd8b|Fiery Dance|p1a: Gothitelle\n|-damage|p1a: Gothitelle|47\/100\n|-boost|p2a: \ud83d\udd78VOLCARONA\ud83d\udd78\ud83e\udd8b|spa|1\n|move|p1a: Gothitelle|Focus Blast|p2a: \ud83d\udd78VOLCARONA\ud83d\udd78\ud83e\udd8b\n|-resisted|p2a: \ud83d\udd78VOLCARONA\ud83d\udd78\ud83e\udd8b\n|-damage|p2a: \ud83d\udd78VOLCARONA\ud83d\udd78\ud83e\udd8b|34\/100\n|\n|upkeep\n|turn|14\n|\n|t:|1700164553\n|move|p2a: \ud83d\udd78VOLCARONA\ud83d\udd78\ud83e\udd8b|Quiver Dance|p2a: \ud83d\udd78VOLCARONA\ud83d\udd78\ud83e\udd8b\n|-boost|p2a: \ud83d\udd78VOLCARONA\ud83d\udd78\ud83e\udd8b|spa|1\n|-boost|p2a: \ud83d\udd78VOLCARONA\ud83d\udd78\ud83e\udd8b|spd|1\n|-boost|p2a: \ud83d\udd78VOLCARONA\ud83d\udd78\ud83e\udd8b|spe|1\n|move|p1a: Gothitelle|Focus Blast|p2a: \ud83d\udd78VOLCARONA\ud83d\udd78\ud83e\udd8b\n|-resisted|p2a: \ud83d\udd78VOLCARONA\ud83d\udd78\ud83e\udd8b\n|-damage|p2a: \ud83d\udd78VOLCARONA\ud83d\udd78\ud83e\udd8b|25\/100\n|\n|upkeep\n|turn|15\n|\n|t:|1700164563\n|move|p2a: \ud83d\udd78VOLCARONA\ud83d\udd78\ud83e\udd8b|Quiver Dance|p2a: \ud83d\udd78VOLCARONA\ud83d\udd78\ud83e\udd8b\n|-boost|p2a: \ud83d\udd78VOLCARONA\ud83d\udd78\ud83e\udd8b|spa|1\n|-boost|p2a: \ud83d\udd78VOLCARONA\ud83d\udd78\ud83e\udd8b|spd|1\n|-boost|p2a: \ud83d\udd78VOLCARONA\ud83d\udd78\ud83e\udd8b|spe|1\n|move|p1a: Gothitelle|Hidden Power|p2a: \ud83d\udd78VOLCARONA\ud83d\udd78\ud83e\udd8b\n|-damage|p2a: \ud83d\udd78VOLCARONA\ud83d\udd78\ud83e\udd8b|18\/100\n|\n|upkeep\n|turn|16\n|\n|t:|1700164576\n|move|p2a: \ud83d\udd78VOLCARONA\ud83d\udd78\ud83e\udd8b|Fiery Dance|p1a: Gothitelle\n|-damage|p1a: Gothitelle|0 fnt\n|-boost|p2a: \ud83d\udd78VOLCARONA\ud83d\udd78\ud83e\udd8b|spa|1\n|faint|p1a: Gothitelle\n|\n|upkeep\n|\n|t:|1700164585\n|switch|p1a: Ho-Oh|Ho-Oh|100\/100\n|-ability|p1a: Ho-Oh|Pressure\n|turn|17\n|\n|t:|1700164592\n|move|p2a: \ud83d\udd78VOLCARONA\ud83d\udd78\ud83e\udd8b|Bug Buzz|p1a: Ho-Oh\n|-resisted|p1a: Ho-Oh\n|-damage|p1a: Ho-Oh|44\/100\n|move|p1a: Ho-Oh|Overheat|p2a: \ud83d\udd78VOLCARONA\ud83d\udd78\ud83e\udd8b\n|-supereffective|p2a: \ud83d\udd78VOLCARONA\ud83d\udd78\ud83e\udd8b\n|-damage|p2a: \ud83d\udd78VOLCARONA\ud83d\udd78\ud83e\udd8b|0 fnt\n|-unboost|p1a: Ho-Oh|spa|2\n|faint|p2a: \ud83d\udd78VOLCARONA\ud83d\udd78\ud83e\udd8b\n|\n|upkeep\n|\n|t:|1700164601\n|switch|p2a: \ud83d\udd78PINSIR\ud83e\udeb2REBORN\ud83d\udd78|Pinsir, F, shiny|100\/100\n|turn|18\n|\n|t:|1700164607\n|detailschange|p2a: \ud83d\udd78PINSIR\ud83e\udeb2REBORN\ud83d\udd78|Pinsir-Mega, F, shiny\n|-mega|p2a: \ud83d\udd78PINSIR\ud83e\udeb2REBORN\ud83d\udd78|Pinsir|Pinsirite\n|move|p2a: \ud83d\udd78PINSIR\ud83e\udeb2REBORN\ud83d\udd78|Swords Dance|p2a: \ud83d\udd78PINSIR\ud83e\udeb2REBORN\ud83d\udd78\n|-boost|p2a: \ud83d\udd78PINSIR\ud83e\udeb2REBORN\ud83d\udd78|atk|2\n|move|p1a: Ho-Oh|Overheat|p2a: \ud83d\udd78PINSIR\ud83e\udeb2REBORN\ud83d\udd78\n|-supereffective|p2a: \ud83d\udd78PINSIR\ud83e\udeb2REBORN\ud83d\udd78\n|-damage|p2a: \ud83d\udd78PINSIR\ud83e\udeb2REBORN\ud83d\udd78|0 fnt\n|-unboost|p1a: Ho-Oh|spa|2\n|faint|p2a: \ud83d\udd78PINSIR\ud83e\udeb2REBORN\ud83d\udd78\n|\n|win|enma 6\n|raw|enma 6's rating: 1011 &rarr; <strong>1048<\/strong><br \/>(+37 for winning)\n|raw|INSECT-M0DE\ufe0f\u2733\ufe0f's rating: 1000 &rarr; <strong>1000<\/strong><br \/>(+0 for losing)\n|l|\u2606INSECT-M0DE\ufe0f\u2733\ufe0f\n","uploadtime":1700164636,"views":8,"p1id":"enma6","p2id":"insectm0de","formatid":"gen9nationaldexubers","rating":1000,"private":0,"password":""}