{"id":"gen9nationaldexubers-1982484614","p1":"Gtg g u2","p2":"pikapikaboomboom","format":"[Gen 9] National Dex Ubers","log":"|j|\u2606Gtg g u2\n|j|\u2606pikapikaboomboom\n|t:|1699019232\n|gametype|singles\n|player|p1|Gtg g u2|red-masters|1137\n|player|p2|pikapikaboomboom|266|1120\n|teamsize|p1|6\n|teamsize|p2|6\n|gen|9\n|tier|[Gen 9] National Dex Ubers\n|rated|\n|rule|HP Percentage Mod: HP is shown in percentages\n|rule|Endless Battle Clause: Forcing endless battles is banned\n|rule|OHKO Clause: OHKO moves are banned\n|rule|Evasion Moves Clause: Evasion moves are banned\n|rule|Evasion Items Clause: Evasion items are banned\n|rule|Species Clause: Limit one of each Pok\u00e9mon\n|rule|Sleep Clause Mod: Limit one foe put to sleep\n|rule|Mega Rayquaza Clause: You cannot mega evolve Rayquaza\n|clearpoke\n|poke|p1|Pikachu, M|\n|poke|p1|Kleavor, M|\n|poke|p1|Gengar, M|\n|poke|p1|Lucario, F|\n|poke|p1|Flygon, F|\n|poke|p1|Dracovish|\n|poke|p2|Zoroark-Hisui, F|\n|poke|p2|Kingambit, F|\n|poke|p2|Ninetales-Alola, M|\n|poke|p2|Beedrill, M|\n|poke|p2|Aegislash, M|\n|poke|p2|Ursaluna, M|\n|teampreview\n|inactive|Battle timer is ON: inactive players will automatically lose when time's up. (requested by Gtg g u2)\n|\n|t:|1699019237\n|start\n|switch|p1a: Kleavor|Kleavor, M|100\/100\n|switch|p2a: Aegislash|Aegislash, M|100\/100\n|turn|1\n|\n|t:|1699019242\n|move|p2a: Aegislash|King's Shield|p2a: Aegislash\n|-singleturn|p2a: Aegislash|Protect\n|move|p1a: Kleavor|Swords Dance|p1a: Kleavor\n|-boost|p1a: Kleavor|atk|2\n|\n|upkeep\n|turn|2\n|\n|t:|1699019248\n|move|p1a: Kleavor|Stone Axe|p2a: Aegislash\n|-resisted|p2a: Aegislash\n|-damage|p2a: Aegislash|64\/100\n|-sidestart|p2: pikapikaboomboom|move: Stealth Rock\n|-formechange|p2a: Aegislash|Aegislash-Blade||[from] ability: Stance Change\n|move|p2a: Aegislash|Gyro Ball|p1a: Kleavor\n|-supereffective|p1a: Kleavor\n|-damage|p1a: Kleavor|27\/100\n|\n|-heal|p2a: Aegislash|70\/100|[from] item: Leftovers\n|upkeep\n|turn|3\n|\n|t:|1699019256\n|-formechange|p2a: Aegislash|Aegislash||[from] ability: Stance Change\n|move|p2a: Aegislash|King's Shield|p2a: Aegislash\n|-singleturn|p2a: Aegislash|Protect\n|move|p1a: Kleavor|Pounce|p2a: Aegislash\n|-activate|p2a: Aegislash|move: Protect\n|-unboost|p1a: Kleavor|atk|1\n|\n|-heal|p2a: Aegislash|76\/100|[from] item: Leftovers\n|upkeep\n|turn|4\n|\n|t:|1699019268\n|move|p1a: Kleavor|Stone Axe|p2a: Aegislash\n|-resisted|p2a: Aegislash\n|-damage|p2a: Aegislash|49\/100\n|-formechange|p2a: Aegislash|Aegislash-Blade||[from] ability: Stance Change\n|move|p2a: Aegislash|Gyro Ball|p1a: Kleavor\n|-supereffective|p1a: Kleavor\n|-damage|p1a: Kleavor|0 fnt\n|faint|p1a: Kleavor\n|\n|-heal|p2a: Aegislash|55\/100|[from] item: Leftovers\n|upkeep\n|\n|t:|1699019271\n|switch|p1a: Gengar|Gengar, M|100\/100\n|turn|5\n|\n|t:|1699019281\n|-formechange|p2a: Aegislash|Aegislash||[from] ability: Stance Change\n|move|p2a: Aegislash|King's Shield|p2a: Aegislash\n|-singleturn|p2a: Aegislash|Protect\n|move|p1a: Gengar|Shadow Ball|p2a: Aegislash\n|-activate|p2a: Aegislash|move: Protect\n|\n|-heal|p2a: Aegislash|61\/100|[from] item: Leftovers\n|upkeep\n|turn|6\n|\n|t:|1699019288\n|move|p1a: Gengar|Shadow Ball|p2a: Aegislash\n|-supereffective|p2a: Aegislash\n|-damage|p2a: Aegislash|0 fnt\n|faint|p2a: Aegislash\n|\n|upkeep\n|\n|t:|1699019295\n|switch|p2a: Kingambit|Kingambit, F|100\/100\n|-damage|p2a: Kingambit|94\/100|[from] Stealth Rock\n|-activate|p2a: Kingambit|ability: Supreme Overlord\n|-start|p2a: Kingambit|fallen1|[silent]\n|turn|7\n|\n|t:|1699019298\n|-terastallize|p2a: Kingambit|Dark\n|move|p2a: Kingambit|Sucker Punch|p1a: Gengar\n|-supereffective|p1a: Gengar\n|-enditem|p1a: Gengar|Focus Sash\n|-damage|p1a: Gengar|1\/100\n|move|p1a: Gengar|Dazzling Gleam|p2a: Kingambit\n|-supereffective|p2a: Kingambit\n|-damage|p2a: Kingambit|40\/100\n|\n|upkeep\n|turn|8\n|\n|t:|1699019306\n|move|p2a: Kingambit|Sucker Punch|p1a: Gengar\n|-supereffective|p1a: Gengar\n|-damage|p1a: Gengar|0 fnt\n|faint|p1a: Gengar\n|\n|upkeep\n|\n|t:|1699019307\n|switch|p1a: Flygon|Flygon, F|100\/100\n|turn|9\n|\n|t:|1699019310\n|-terastallize|p1a: Flygon|Steel\n|move|p2a: Kingambit|Sucker Punch||[still]\n|-fail|p2a: Kingambit\n|move|p1a: Flygon|Dragon Dance|p1a: Flygon\n|-boost|p1a: Flygon|atk|1\n|-boost|p1a: Flygon|spe|1\n|\n|upkeep\n|turn|10\n|\n|t:|1699019316\n|move|p2a: Kingambit|Sucker Punch|p1a: Flygon\n|-damage|p1a: Flygon|0 fnt\n|faint|p1a: Flygon\n|\n|upkeep\n|\n|t:|1699019318\n|switch|p1a: Lucario|Lucario, F|100\/100\n|turn|11\n|\n|t:|1699019322\n|detailschange|p1a: Lucario|Lucario-Mega, F\n|-mega|p1a: Lucario|Lucario|Lucarionite\n|move|p2a: Kingambit|Sucker Punch|p1a: Lucario\n|-resisted|p1a: Lucario\n|-damage|p1a: Lucario|37\/100\n|move|p1a: Lucario|Aura Sphere|p2a: Kingambit\n|-supereffective|p2a: Kingambit\n|-damage|p2a: Kingambit|0 fnt\n|faint|p2a: Kingambit\n|-end|p2a: Kingambit|fallen1|[silent]\n|\n|upkeep\n|\n|t:|1699019334\n|switch|p2a: Ursaluna|Ursaluna, M|100\/100\n|-damage|p2a: Ursaluna|94\/100|[from] Stealth Rock\n|turn|12\n|\n|t:|1699019338\n|move|p1a: Lucario|Aura Sphere|p2a: Ursaluna\n|-supereffective|p2a: Ursaluna\n|-crit|p2a: Ursaluna\n|-damage|p2a: Ursaluna|0 fnt\n|faint|p2a: Ursaluna\n|\n|upkeep\n|\n|t:|1699019346\n|switch|p2a: Beedrill|Beedrill, M|100\/100\n|-damage|p2a: Beedrill|88\/100|[from] Stealth Rock\n|turn|13\n|\n|t:|1699019351\n|move|p1a: Lucario|Flash Cannon|p2a: Beedrill\n|-damage|p2a: Beedrill|0 fnt\n|replace|p2a: Zoroark|Zoroark-Hisui, F\n|-end|p2a: Zoroark|Illusion\n|faint|p2a: Zoroark\n|\n|upkeep\n|\n|t:|1699019355\n|switch|p2a: Beedrill|Beedrill, M|100\/100\n|-damage|p2a: Beedrill|76\/100|[from] Stealth Rock\n|turn|14\n|\n|t:|1699019358\n|detailschange|p2a: Beedrill|Beedrill-Mega, M\n|-mega|p2a: Beedrill|Beedrill|Beedrillite\n|move|p2a: Beedrill|X-Scissor|p1a: Lucario\n|-resisted|p1a: Lucario\n|-damage|p1a: Lucario|14\/100\n|move|p1a: Lucario|Flash Cannon|p2a: Beedrill\n|-damage|p2a: Beedrill|0 fnt\n|faint|p2a: Beedrill\n|\n|upkeep\n|\n|t:|1699019365\n|switch|p2a: Ninetales|Ninetales-Alola, M|100\/100\n|-damage|p2a: Ninetales|76\/100|[from] Stealth Rock\n|-weather|Snow|[from] ability: Snow Warning|[of] p2a: Ninetales\n|turn|15\n|-message|pikapikaboomboom forfeited.\n|\n|win|Gtg g u2\n|raw|Gtg g u2's rating: 1137 &rarr; <strong>1161<\/strong><br \/>(+24 for winning)\n|raw|pikapikaboomboom's rating: 1120 &rarr; <strong>1096<\/strong><br \/>(-24 for losing)\n|l|\u2606pikapikaboomboom\n|l|\u2606Gtg g u2\n|j|\u2606Gtg g u2\n|player|p1|Gtg g u2|red-masters\n","uploadtime":1699019381,"views":8,"p1id":"gtggu2","p2id":"pikapikaboomboom","formatid":"gen9nationaldexubers","rating":1096,"private":0,"password":""}