{"id":"gen9nationaldexubers-1988689074","p1":"The_Opposum","p2":"basilcheer","format":"[Gen 9] National Dex Ubers","log":"|j|\u2606The_Opposum\n|j|\u2606basilcheer\n|t:|1699750911\n|gametype|singles\n|player|p1|The_Opposum|cynthia-masters3|\n|player|p2|basilcheer|marnie|\n|teamsize|p1|6\n|teamsize|p2|6\n|gen|9\n|tier|[Gen 9] National Dex Ubers\n|rule|HP Percentage Mod: HP is shown in percentages\n|rule|Endless Battle Clause: Forcing endless battles is banned\n|rule|OHKO Clause: OHKO moves are banned\n|rule|Evasion Moves Clause: Evasion moves are banned\n|rule|Evasion Items Clause: Evasion items are banned\n|rule|Species Clause: Limit one of each Pok\u00e9mon\n|rule|Sleep Clause Mod: Limit one foe put to sleep\n|rule|Mega Rayquaza Clause: You cannot mega evolve Rayquaza\n|clearpoke\n|poke|p1|Whimsicott, M|\n|poke|p1|Wo-Chien|\n|poke|p1|Mimikyu, M|\n|poke|p1|Necrozma|\n|poke|p1|Great Tusk|\n|poke|p1|Heatran, M|\n|poke|p2|Azelf|\n|poke|p2|Doublade, F|\n|poke|p2|Mawile, M|\n|poke|p2|Lurantis, F|\n|poke|p2|Feraligatr, F|\n|poke|p2|Haxorus, F|\n|teampreview\n|\n|t:|1699750918\n|start\n|switch|p1a: Necrozma|Necrozma|100\/100\n|switch|p2a: Azelf|Azelf|100\/100\n|turn|1\n|j| fairlylame\n|\n|t:|1699750925\n|move|p2a: Azelf|Taunt|p1a: Necrozma\n|-start|p1a: Necrozma|move: Taunt\n|cant|p1a: Necrozma|move: Taunt|Cosmic Power\n|\n|upkeep\n|turn|2\n|\n|t:|1699750935\n|switch|p1a: Whimsicott|Whimsicott, M|100\/100\n|move|p2a: Azelf|Reflect|p2a: Azelf\n|-sidestart|p2: basilcheer|Reflect\n|\n|upkeep\n|turn|3\n|\n|t:|1699750941\n|move|p1a: Whimsicott|Encore|p2a: Azelf\n|-start|p2a: Azelf|Encore\n|move|p2a: Azelf|Reflect||[still]\n|-fail|p2a: Azelf\n|\n|upkeep\n|turn|4\n|\n|t:|1699750953\n|switch|p2a: Doublade|Doublade, F|100\/100\n|move|p1a: Whimsicott|Sunny Day|p1a: Whimsicott\n|-weather|SunnyDay\n|\n|-weather|SunnyDay|[upkeep]\n|upkeep\n|turn|5\n|j| palestjade\n|\n|t:|1699750969\n|switch|p1a: Coldstop|Heatran, M|100\/100\n|move|p2a: Doublade|Gyro Ball|p1a: Coldstop\n|-resisted|p1a: Coldstop\n|-damage|p1a: Coldstop|82\/100\n|\n|-weather|SunnyDay|[upkeep]\n|upkeep\n|turn|6\n|j| Celine_Helios\n|\n|t:|1699750983\n|switch|p2a: Feraligatr|Feraligatr, F|100\/100\n|move|p1a: Coldstop|Eruption|p2a: Feraligatr\n|-resisted|p2a: Feraligatr\n|-damage|p2a: Feraligatr|38\/100\n|\n|-weather|SunnyDay|[upkeep]\n|upkeep\n|turn|7\n|j| azhduha\n|\n|t:|1699750991\n|move|p1a: Coldstop|Eruption|p2a: Feraligatr\n|-resisted|p2a: Feraligatr\n|-damage|p2a: Feraligatr|0 fnt\n|faint|p2a: Feraligatr\n|\n|-weather|SunnyDay|[upkeep]\n|upkeep\n|\n|t:|1699751003\n|switch|p2a: Azelf|Azelf|100\/100\n|turn|8\n|\n|t:|1699751007\n|move|p1a: Coldstop|Eruption|p2a: Azelf\n|-damage|p2a: Azelf|0 fnt\n|faint|p2a: Azelf\n|\n|-weather|SunnyDay|[upkeep]\n|upkeep\n|c|\u2606The_Opposum|azhduha who is you\n|c| palestjade|probably random person\n|c| Celine_Helios|we're in a draft tourney\n|c| Celine_Helios|so beware\n|c|\u2606basilcheer|hiiii hiiii omg hiiii\n|\n|t:|1699751049\n|switch|p2a: Lurantis|Lurantis, F|100\/100\n|turn|9\n|\n|t:|1699751059\n|move|p1a: Coldstop|Eruption|p2a: Lurantis\n|-supereffective|p2a: Lurantis\n|-damage|p2a: Lurantis|0 fnt\n|faint|p2a: Lurantis\n|\n|-weather|SunnyDay|[upkeep]\n|-sideend|p2: basilcheer|Reflect\n|upkeep\n|\n|t:|1699751068\n|switch|p2a: Haxorus|Haxorus, F|100\/100\n|turn|10\n|\n|t:|1699751071\n|move|p1a: Coldstop|Eruption|p2a: Haxorus\n|-resisted|p2a: Haxorus\n|-damage|p2a: Haxorus|22\/100\n|move|p2a: Haxorus|Earthquake|p1a: Coldstop\n|-supereffective|p1a: Coldstop\n|-damage|p1a: Coldstop|0 fnt\n|faint|p1a: Coldstop\n|\n|-weather|SunnyDay|[upkeep]\n|upkeep\n|l| palestjade\n|j| palestjade\n|\n|t:|1699751097\n|switch|p1a: Wo-Chien|Wo-Chien|100\/100\n|-ability|p1a: Wo-Chien|Tablets of Ruin\n|turn|11\n|\n|t:|1699751104\n|move|p2a: Haxorus|Close Combat|p1a: Wo-Chien\n|-supereffective|p1a: Wo-Chien\n|-damage|p1a: Wo-Chien|49\/100\n|-unboost|p2a: Haxorus|def|1\n|-unboost|p2a: Haxorus|spd|1\n|move|p1a: Wo-Chien|Knock Off|p2a: Haxorus\n|-damage|p2a: Haxorus|0 fnt\n|-enditem|p2a: Haxorus|Lum Berry|[from] move: Knock Off|[of] p1a: Wo-Chien\n|faint|p2a: Haxorus\n|\n|-weather|none\n|-heal|p1a: Wo-Chien|55\/100|[from] item: Leftovers\n|upkeep\n|\n|t:|1699751115\n|switch|p2a: Doublade|Doublade, F|100\/100\n|turn|12\n|\n|t:|1699751123\n|move|p1a: Wo-Chien|Substitute|p1a: Wo-Chien\n|-start|p1a: Wo-Chien|Substitute\n|-damage|p1a: Wo-Chien|30\/100\n|move|p2a: Doublade|Swords Dance|p2a: Doublade\n|-boost|p2a: Doublade|atk|2\n|\n|-heal|p1a: Wo-Chien|36\/100|[from] item: Leftovers\n|upkeep\n|turn|13\n|\n|t:|1699751131\n|move|p1a: Wo-Chien|Leech Seed|p2a: Doublade\n|-start|p2a: Doublade|move: Leech Seed\n|move|p2a: Doublade|Sacred Sword|p1a: Wo-Chien\n|-supereffective|p1a: Wo-Chien\n|-end|p1a: Wo-Chien|Substitute\n|\n|-heal|p1a: Wo-Chien|42\/100|[from] item: Leftovers\n|-damage|p2a: Doublade|88\/100|[from] Leech Seed|[of] p1a: Wo-Chien\n|-heal|p1a: Wo-Chien|53\/100|[silent]\n|upkeep\n|turn|14\n|\n|t:|1699751140\n|move|p1a: Wo-Chien|Substitute|p1a: Wo-Chien\n|-start|p1a: Wo-Chien|Substitute\n|-damage|p1a: Wo-Chien|28\/100\n|move|p2a: Doublade|Sacred Sword|p1a: Wo-Chien\n|-supereffective|p1a: Wo-Chien\n|-end|p1a: Wo-Chien|Substitute\n|\n|-heal|p1a: Wo-Chien|34\/100|[from] item: Leftovers\n|-damage|p2a: Doublade|76\/100|[from] Leech Seed|[of] p1a: Wo-Chien\n|-heal|p1a: Wo-Chien|45\/100|[silent]\n|upkeep\n|turn|15\n|\n|t:|1699751164\n|move|p1a: Wo-Chien|Substitute|p1a: Wo-Chien\n|-start|p1a: Wo-Chien|Substitute\n|-damage|p1a: Wo-Chien|20\/100\n|move|p2a: Doublade|Sacred Sword|p1a: Wo-Chien\n|-supereffective|p1a: Wo-Chien\n|-end|p1a: Wo-Chien|Substitute\n|\n|-heal|p1a: Wo-Chien|26\/100|[from] item: Leftovers\n|-damage|p2a: Doublade|63\/100|[from] Leech Seed|[of] p1a: Wo-Chien\n|-heal|p1a: Wo-Chien|37\/100|[silent]\n|upkeep\n|turn|16\n|\n|t:|1699751176\n|move|p1a: Wo-Chien|Substitute|p1a: Wo-Chien\n|-start|p1a: Wo-Chien|Substitute\n|-damage|p1a: Wo-Chien|12\/100\n|move|p2a: Doublade|Sacred Sword|p1a: Wo-Chien\n|-supereffective|p1a: Wo-Chien\n|-end|p1a: Wo-Chien|Substitute\n|\n|-heal|p1a: Wo-Chien|18\/100|[from] item: Leftovers\n|-damage|p2a: Doublade|51\/100|[from] Leech Seed|[of] p1a: Wo-Chien\n|-heal|p1a: Wo-Chien|29\/100|[silent]\n|upkeep\n|turn|17\n|l| azhduha\n|\n|t:|1699751185\n|move|p2a: Doublade|Shadow Sneak|p1a: Wo-Chien\n|-resisted|p1a: Wo-Chien\n|-damage|p1a: Wo-Chien|19\/100\n|move|p1a: Wo-Chien|Substitute|p1a: Wo-Chien\n|-fail|p1a: Wo-Chien|move: Substitute|[weak]\n|\n|-heal|p1a: Wo-Chien|26\/100|[from] item: Leftovers\n|-damage|p2a: Doublade|38\/100|[from] Leech Seed|[of] p1a: Wo-Chien\n|-heal|p1a: Wo-Chien|36\/100|[silent]\n|upkeep\n|turn|18\n|c| palestjade|yeah this is literally just the correct thing to do lol\n|c| palestjade|LARGE BRAIN\n|\n|t:|1699751193\n|switch|p2a: Mawile|Mawile, M|100\/100\n|-ability|p2a: Mawile|Intimidate|boost\n|-unboost|p1a: Wo-Chien|atk|1\n|move|p1a: Wo-Chien|Substitute|p1a: Wo-Chien\n|-start|p1a: Wo-Chien|Substitute\n|-damage|p1a: Wo-Chien|11\/100\n|\n|-heal|p1a: Wo-Chien|18\/100|[from] item: Leftovers\n|upkeep\n|turn|19\n|\n|t:|1699751206\n|detailschange|p2a: Mawile|Mawile-Mega, M\n|-mega|p2a: Mawile|Mawile|Mawilite\n|move|p1a: Wo-Chien|Knock Off|p2a: Mawile\n|-resisted|p2a: Mawile\n|-damage|p2a: Mawile|95\/100\n|move|p2a: Mawile|Iron Head|p1a: Wo-Chien\n|-end|p1a: Wo-Chien|Substitute\n|\n|-heal|p1a: Wo-Chien|24\/100|[from] item: Leftovers\n|upkeep\n|turn|20\n|c| palestjade|subseed wochien\n|c| palestjade|lfg\n|\n|t:|1699751220\n|move|p1a: Wo-Chien|Giga Drain|p2a: Mawile\n|-resisted|p2a: Mawile\n|-damage|p2a: Mawile|80\/100\n|-heal|p1a: Wo-Chien|30\/100|[from] drain|[of] p2a: Mawile\n|move|p2a: Mawile|Iron Head|p1a: Wo-Chien\n|-damage|p1a: Wo-Chien|0 fnt\n|faint|p1a: Wo-Chien\n|\n|upkeep\n|\n|t:|1699751242\n|switch|p1a: Great Tusk|Great Tusk|100\/100\n|turn|21\n|\n|t:|1699751251\n|move|p2a: Mawile|Sucker Punch|p1a: Great Tusk\n|-resisted|p1a: Great Tusk\n|-damage|p1a: Great Tusk|84\/100\n|move|p1a: Great Tusk|Close Combat|p2a: Mawile\n|-damage|p2a: Mawile|20\/100\n|-unboost|p1a: Great Tusk|def|1\n|-unboost|p1a: Great Tusk|spd|1\n|\n|upkeep\n|turn|22\n|\n|t:|1699751259\n|move|p1a: Great Tusk|Close Combat|p2a: Mawile\n|-damage|p2a: Mawile|0 fnt\n|-unboost|p1a: Great Tusk|def|1\n|-unboost|p1a: Great Tusk|spd|1\n|faint|p2a: Mawile\n|\n|upkeep\n|c| palestjade|geegee\n|\n|t:|1699751264\n|switch|p2a: Doublade|Doublade, F|38\/100\n|turn|23\n|\n|t:|1699751269\n|-terastallize|p2a: Doublade|Ghost\n|move|p2a: Doublade|Shadow Sneak|p1a: Great Tusk\n|-damage|p1a: Great Tusk|41\/100\n|move|p1a: Great Tusk|Headlong Rush|p2a: Doublade\n|-damage|p2a: Doublade|2\/100\n|-unboost|p1a: Great Tusk|def|1\n|-unboost|p1a: Great Tusk|spd|1\n|\n|upkeep\n|turn|24\n|\n|t:|1699751276\n|move|p2a: Doublade|Shadow Sneak|p1a: Great Tusk\n|-damage|p1a: Great Tusk|0 fnt\n|faint|p1a: Great Tusk\n|-end|p1a: Great Tusk|Protosynthesis|[silent]\n|\n|upkeep\n|\n|t:|1699751280\n|switch|p1a: Whimsicott|Whimsicott, M|100\/100\n|turn|25\n|l| palestjade\n|\n|t:|1699751287\n|move|p1a: Whimsicott|Giga Drain|p2a: Doublade\n|-damage|p2a: Doublade|0 fnt\n|faint|p2a: Doublade\n|\n|win|The_Opposum\n","uploadtime":1699751293,"views":6,"p1id":"theopposum","p2id":"basilcheer","formatid":"gen9nationaldexubers","rating":0,"private":0,"password":""}