{"id":"gen9nationaldexubers-1986609637","p1":"FoxasBat","p2":"HeirEhm","format":"[Gen 9] National Dex Ubers","log":"|j|\u2606FoxasBat\n|j|\u2606HeirEhm\n|t:|1699497529\n|gametype|singles\n|player|p1|FoxasBat|169|\n|player|p2|HeirEhm|cynthia-gen7|\n|teamsize|p1|6\n|teamsize|p2|6\n|gen|9\n|tier|[Gen 9] National Dex Ubers\n|rule|HP Percentage Mod: HP is shown in percentages\n|rule|Endless Battle Clause: Forcing endless battles is banned\n|rule|OHKO Clause: OHKO moves are banned\n|rule|Evasion Moves Clause: Evasion moves are banned\n|rule|Evasion Items Clause: Evasion items are banned\n|rule|Species Clause: Limit one of each Pok\u00e9mon\n|rule|Sleep Clause Mod: Limit one foe put to sleep\n|rule|Mega Rayquaza Clause: You cannot mega evolve Rayquaza\n|clearpoke\n|poke|p1|Clodsire, M|\n|poke|p1|Roaring Moon|\n|poke|p1|Armarouge, M|\n|poke|p1|Decidueye, M|\n|poke|p1|Sliggoo-Hisui, M|\n|poke|p1|Dunsparce, F|\n|poke|p2|Garganacl, F|\n|poke|p2|Ceruledge, M|\n|poke|p2|Klefki, F|\n|poke|p2|Electrode-Hisui|\n|poke|p2|Zangoose, M|\n|poke|p2|Murkrow, M|\n|teampreview\n|\n|t:|1699497554\n|start\n|switch|p1a: Roaring Moon|Roaring Moon|100\/100\n|switch|p2a: Electrode|Electrode-Hisui|100\/100\n|-enditem|p1a: Roaring Moon|Booster Energy\n|-activate|p1a: Roaring Moon|ability: Protosynthesis|[fromitem]\n|-start|p1a: Roaring Moon|protosynthesisatk\n|turn|1\n|\n|t:|1699497565\n|-terastallize|p2a: Electrode|Ice\n|move|p2a: Electrode|Tera Blast|p1a: Roaring Moon|[anim] Tera Blast Ice\n|-supereffective|p1a: Roaring Moon\n|-damage|p1a: Roaring Moon|20\/100\n|-damage|p2a: Electrode|91\/100|[from] item: Life Orb\n|move|p1a: Roaring Moon|Earthquake|p2a: Electrode\n|-damage|p2a: Electrode|0 fnt\n|faint|p2a: Electrode\n|\n|upkeep\n|\n|t:|1699497607\n|switch|p2a: Zangoose|Zangoose, M|100\/100\n|turn|2\n|\n|t:|1699497619\n|move|p2a: Zangoose|Quick Attack|p1a: Roaring Moon\n|-damage|p1a: Roaring Moon|0 fnt\n|faint|p1a: Roaring Moon\n|-end|p1a: Roaring Moon|Protosynthesis|[silent]\n|\n|-status|p2a: Zangoose|tox|[from] item: Toxic Orb\n|upkeep\n|\n|t:|1699497636\n|switch|p1a: Dunsparce|Dunsparce, F|100\/100\n|turn|3\n|\n|t:|1699497641\n|move|p2a: Zangoose|Facade|p1a: Dunsparce\n|-damage|p1a: Dunsparce|0 fnt\n|faint|p1a: Dunsparce\n|\n|-damage|p2a: Zangoose|95\/100 tox|[from] psn\n|upkeep\n|\n|t:|1699497648\n|switch|p1a: Sliggoo|Sliggoo-Hisui, M|100\/100\n|turn|4\n|\n|t:|1699497654\n|move|p2a: Zangoose|Knock Off|p1a: Sliggoo\n|-damage|p1a: Sliggoo|63\/100\n|-enditem|p1a: Sliggoo|Eviolite|[from] move: Knock Off|[of] p2a: Zangoose\n|move|p1a: Sliggoo|Flash Cannon|p2a: Zangoose\n|-damage|p2a: Zangoose|42\/100 tox\n|\n|-damage|p2a: Zangoose|30\/100 tox|[from] psn\n|upkeep\n|turn|5\n|\n|t:|1699497670\n|switch|p2a: SWORDSFORHANDS|Ceruledge, M|100\/100\n|move|p1a: Sliggoo|Flash Cannon|p2a: SWORDSFORHANDS\n|-resisted|p2a: SWORDSFORHANDS\n|-damage|p2a: SWORDSFORHANDS|83\/100\n|\n|upkeep\n|turn|6\n|\n|t:|1699497685\n|switch|p1a: Armarouge|Armarouge, M|100\/100\n|move|p2a: SWORDSFORHANDS|Bitter Blade|p1a: Armarouge\n|-resisted|p1a: Armarouge\n|-damage|p1a: Armarouge|76\/100\n|-heal|p2a: SWORDSFORHANDS|96\/100|[from] drain|[of] p1a: Armarouge\n|-ability|p1a: Armarouge|Weak Armor|boost\n|-unboost|p1a: Armarouge|def|1\n|-boost|p1a: Armarouge|spe|2\n|\n|upkeep\n|turn|7\n|\n|t:|1699497695\n|move|p1a: Armarouge|Calm Mind|p1a: Armarouge\n|-boost|p1a: Armarouge|spa|1\n|-boost|p1a: Armarouge|spd|1\n|move|p2a: SWORDSFORHANDS|Bulk Up|p2a: SWORDSFORHANDS\n|-boost|p2a: SWORDSFORHANDS|atk|1\n|-boost|p2a: SWORDSFORHANDS|def|1\n|\n|upkeep\n|turn|8\n|\n|t:|1699497704\n|move|p2a: SWORDSFORHANDS|Shadow Sneak|p1a: Armarouge\n|-supereffective|p1a: Armarouge\n|-damage|p1a: Armarouge|0 fnt\n|faint|p1a: Armarouge\n|\n|upkeep\n|\n|t:|1699497712\n|switch|p1a: Decidueye|Decidueye, M|100\/100\n|turn|9\n|\n|t:|1699497725\n|move|p2a: SWORDSFORHANDS|Shadow Sneak|p1a: Decidueye\n|-supereffective|p1a: Decidueye\n|-damage|p1a: Decidueye|50\/100\n|move|p1a: Decidueye|Spirit Shackle|p2a: SWORDSFORHANDS\n|-supereffective|p2a: SWORDSFORHANDS\n|-damage|p2a: SWORDSFORHANDS|36\/100\n|-ability|p2a: SWORDSFORHANDS|Weak Armor|boost\n|-unboost|p2a: SWORDSFORHANDS|def|1\n|-boost|p2a: SWORDSFORHANDS|spe|2\n|\n|upkeep\n|turn|10\n|\n|t:|1699497744\n|switch|p1a: Clodsire|Clodsire, M|100\/100\n|move|p2a: SWORDSFORHANDS|Bitter Blade|p1a: Clodsire\n|-damage|p1a: Clodsire|51\/100\n|-heal|p2a: SWORDSFORHANDS|75\/100|[from] drain|[of] p1a: Clodsire\n|\n|-heal|p1a: Clodsire|57\/100|[from] item: Leftovers\n|upkeep\n|turn|11\n|\n|t:|1699497756\n|move|p2a: SWORDSFORHANDS|Bitter Blade|p1a: Clodsire\n|-damage|p1a: Clodsire|8\/100\n|-heal|p2a: SWORDSFORHANDS|100\/100|[from] drain|[of] p1a: Clodsire\n|move|p1a: Clodsire|Earthquake|p2a: SWORDSFORHANDS\n|-supereffective|p2a: SWORDSFORHANDS\n|-damage|p2a: SWORDSFORHANDS|24\/100\n|-ability|p2a: SWORDSFORHANDS|Weak Armor|boost\n|-unboost|p2a: SWORDSFORHANDS|def|1\n|-boost|p2a: SWORDSFORHANDS|spe|2\n|\n|-heal|p1a: Clodsire|15\/100|[from] item: Leftovers\n|upkeep\n|turn|12\n|\n|t:|1699497769\n|switch|p1a: Sliggoo|Sliggoo-Hisui, M|63\/100\n|move|p2a: SWORDSFORHANDS|Bitter Blade|p1a: Sliggoo\n|-damage|p1a: Sliggoo|0 fnt\n|-heal|p2a: SWORDSFORHANDS|59\/100|[from] drain|[of] p1a: Sliggoo\n|faint|p1a: Sliggoo\n|\n|upkeep\n|\n|t:|1699497775\n|switch|p1a: Decidueye|Decidueye, M|50\/100\n|turn|13\n|\n|t:|1699497778\n|move|p2a: SWORDSFORHANDS|Bitter Blade|p1a: Decidueye\n|-supereffective|p1a: Decidueye\n|-damage|p1a: Decidueye|0 fnt\n|-heal|p2a: SWORDSFORHANDS|89\/100|[from] drain|[of] p1a: Decidueye\n|faint|p1a: Decidueye\n|\n|upkeep\n|\n|t:|1699497783\n|switch|p1a: Clodsire|Clodsire, M|15\/100\n|turn|14\n|\n|t:|1699497787\n|move|p2a: SWORDSFORHANDS|Bitter Blade|p1a: Clodsire\n|-damage|p1a: Clodsire|0 fnt\n|-heal|p2a: SWORDSFORHANDS|100\/100|[from] drain|[of] p1a: Clodsire\n|faint|p1a: Clodsire\n|\n|win|HeirEhm\n","uploadtime":1699497794,"views":4,"p1id":"foxasbat","p2id":"heirehm","formatid":"gen9nationaldexubers","rating":0,"private":0,"password":""}