{"id":"gen9nationaldexubers-1994397060","p1":"SaintZoroark","p2":"Aloe Vera Plant","format":"[Gen 9] National Dex Ubers","log":"|j|\u2606SaintZoroark\n|j|\u2606Aloe Vera Plant\n|t:|1700439234\n|gametype|singles\n|player|p1|SaintZoroark|ethan|\n|player|p2|Aloe Vera Plant|101|\n|teamsize|p1|6\n|teamsize|p2|6\n|gen|9\n|tier|[Gen 9] National Dex Ubers\n|rule|HP Percentage Mod: HP is shown in percentages\n|rule|Endless Battle Clause: Forcing endless battles is banned\n|rule|OHKO Clause: OHKO moves are banned\n|rule|Evasion Moves Clause: Evasion moves are banned\n|rule|Evasion Items Clause: Evasion items are banned\n|rule|Species Clause: Limit one of each Pok\u00e9mon\n|rule|Sleep Clause Mod: Limit one foe put to sleep\n|rule|Mega Rayquaza Clause: You cannot mega evolve Rayquaza\n|clearpoke\n|poke|p1|Excadrill, M|\n|poke|p1|Dusclops, M|\n|poke|p1|Tyranitar, F|\n|poke|p1|Thundurus, M|\n|poke|p1|Chandelure, M|\n|poke|p1|Hydreigon, M|\n|poke|p2|Iron Valiant|\n|poke|p2|Diancie|\n|poke|p2|Talonflame, F|\n|poke|p2|Corviknight, F|\n|poke|p2|Tapu Koko|\n|poke|p2|Ferrothorn, M|\n|teampreview\n|\n|t:|1700439269\n|start\n|switch|p1a: Sahara|Tyranitar, F, shiny|100\/100\n|switch|p2a: Iron Valiant|Iron Valiant|100\/100\n|-weather|Sandstorm|[from] ability: Sand Stream|[of] p1a: Sahara\n|turn|1\n|j| StanchYeti\n|\n|t:|1700439312\n|move|p2a: Iron Valiant|Close Combat|p1a: Sahara\n|-supereffective|p1a: Sahara\n|-damage|p1a: Sahara|0 fnt\n|-unboost|p2a: Iron Valiant|def|1\n|-unboost|p2a: Iron Valiant|spd|1\n|faint|p1a: Sahara\n|\n|-weather|Sandstorm|[upkeep]\n|-damage|p2a: Iron Valiant|94\/100|[from] Sandstorm\n|upkeep\n|\n|t:|1700439337\n|switch|p1a: Mr. Resetti|Excadrill, M|100\/100\n|turn|2\n|\n|t:|1700439345\n|-end|p2a: Iron Valiant|Quark Drive|[silent]\n|switch|p2a: Corviknight|Corviknight, F|100\/100\n|move|p1a: Mr. Resetti|Iron Head|p2a: Corviknight\n|-resisted|p2a: Corviknight\n|-damage|p2a: Corviknight|83\/100\n|\n|-weather|Sandstorm|[upkeep]\n|-heal|p2a: Corviknight|89\/100|[from] item: Leftovers\n|upkeep\n|turn|3\n|\n|t:|1700439360\n|switch|p1a: Fitz|Dusclops, M, shiny|100\/100\n|-item|p2a: Corviknight|Leftovers|[from] ability: Frisk|[of] p1a: Fitz|[identify]\n|move|p2a: Corviknight|Body Press|p1a: Fitz\n|-immune|p1a: Fitz\n|\n|-weather|Sandstorm|[upkeep]\n|-damage|p1a: Fitz|94\/100|[from] Sandstorm\n|-heal|p2a: Corviknight|96\/100|[from] item: Leftovers\n|upkeep\n|turn|4\n|\n|t:|1700439373\n|switch|p2a: Ferrothorn|Ferrothorn, M|100\/100\n|move|p1a: Fitz|Will-O-Wisp|p2a: Ferrothorn\n|-status|p2a: Ferrothorn|brn\n|\n|-weather|Sandstorm|[upkeep]\n|-damage|p1a: Fitz|88\/100|[from] Sandstorm\n|-damage|p2a: Ferrothorn|95\/100 brn|[from] brn\n|upkeep\n|turn|5\n|\n|t:|1700439392\n|move|p1a: Fitz|Night Shade|p2a: Ferrothorn\n|-damage|p2a: Ferrothorn|66\/100 brn\n|move|p2a: Ferrothorn|Knock Off|p1a: Fitz\n|-supereffective|p1a: Fitz\n|-damage|p1a: Fitz|79\/100\n|-enditem|p1a: Fitz|Eviolite|[from] move: Knock Off|[of] p2a: Ferrothorn\n|\n|-weather|none\n|-damage|p2a: Ferrothorn|60\/100 brn|[from] brn\n|upkeep\n|turn|6\n|\n|t:|1700439401\n|move|p1a: Fitz|Night Shade|p2a: Ferrothorn\n|-damage|p2a: Ferrothorn|32\/100 brn\n|move|p2a: Ferrothorn|Stealth Rock|p1a: Fitz\n|-sidestart|p1: SaintZoroark|move: Stealth Rock\n|\n|-damage|p2a: Ferrothorn|26\/100 brn|[from] brn\n|upkeep\n|turn|7\n|\n|t:|1700439418\n|switch|p2a: Diancie|Diancie|100\/100\n|move|p1a: Fitz|Night Shade|p2a: Diancie\n|-damage|p2a: Diancie|59\/100\n|\n|upkeep\n|turn|8\n|\n|t:|1700439470\n|switch|p1a: Arnim Zola|Hydreigon, M|100\/100\n|-damage|p1a: Arnim Zola|88\/100|[from] Stealth Rock\n|detailschange|p2a: Diancie|Diancie-Mega\n|-mega|p2a: Diancie|Diancie|Diancite\n|move|p2a: Diancie|Moonblast|p1a: Arnim Zola\n|-supereffective|p1a: Arnim Zola\n|-damage|p1a: Arnim Zola|0 fnt\n|faint|p1a: Arnim Zola\n|\n|upkeep\n|\n|t:|1700439492\n|switch|p1a: Will Smith|Thundurus, M|100\/100\n|-damage|p1a: Will Smith|76\/100|[from] Stealth Rock\n|turn|9\n|\n|t:|1700439501\n|move|p1a: Will Smith|Flash Cannon|p2a: Diancie\n|-supereffective|p2a: Diancie\n|-damage|p2a: Diancie|0 fnt\n|faint|p2a: Diancie\n|\n|upkeep\n|\n|t:|1700439512\n|switch|p2a: Iron Valiant|Iron Valiant|94\/100\n|turn|10\n|j| KeyToBozo\n|\n|t:|1700439528\n|switch|p1a: Fitz|Dusclops, M, shiny|79\/100\n|-damage|p1a: Fitz|66\/100|[from] Stealth Rock\n|-item|p2a: Iron Valiant|Choice Band|[from] ability: Frisk|[of] p1a: Fitz|[identify]\n|move|p2a: Iron Valiant|Ice Punch|p1a: Fitz\n|-damage|p1a: Fitz|36\/100\n|-status|p1a: Fitz|frz\n|\n|upkeep\n|turn|11\n|\n|t:|1700439537\n|move|p2a: Iron Valiant|Ice Punch|p1a: Fitz\n|-damage|p1a: Fitz|6\/100 frz\n|cant|p1a: Fitz|frz\n|\n|upkeep\n|turn|12\n|\n|t:|1700439545\n|move|p2a: Iron Valiant|Ice Punch|p1a: Fitz\n|-damage|p1a: Fitz|0 fnt\n|faint|p1a: Fitz\n|\n|upkeep\n|\n|t:|1700439549\n|switch|p1a: Mr. Resetti|Excadrill, M|100\/100\n|-damage|p1a: Mr. Resetti|97\/100|[from] Stealth Rock\n|turn|13\n|\n|t:|1700439577\n|-end|p2a: Iron Valiant|Quark Drive|[silent]\n|switch|p2a: Corviknight|Corviknight, F|96\/100\n|move|p1a: Mr. Resetti|Rock Slide|p2a: Corviknight|[miss]\n|-miss|p1a: Mr. Resetti|p2a: Corviknight\n|\n|-heal|p2a: Corviknight|100\/100|[from] item: Leftovers\n|upkeep\n|turn|14\n|\n|t:|1700439595\n|switch|p1a: Whisper|Chandelure, M|100\/100\n|move|p2a: Corviknight|Body Press|p1a: Whisper\n|-immune|p1a: Whisper\n|\n|upkeep\n|turn|15\n|\n|t:|1700439601\n|move|p1a: Whisper|Flamethrower|p2a: Corviknight\n|-supereffective|p2a: Corviknight\n|-damage|p2a: Corviknight|0 fnt\n|faint|p2a: Corviknight\n|\n|upkeep\n|\n|t:|1700439613\n|switch|p2a: Tapu Koko|Tapu Koko|100\/100\n|-fieldstart|move: Electric Terrain|[from] ability: Electric Surge|[of] p2a: Tapu Koko\n|turn|16\n|\n|t:|1700439623\n|move|p2a: Tapu Koko|Volt Switch|p1a: Whisper\n|-damage|p1a: Whisper|20\/100\n|\n|t:|1700439626\n|switch|p2a: Ferrothorn|Ferrothorn, M|26\/100 brn|[from] Volt Switch\n|move|p1a: Whisper|Flamethrower|p2a: Ferrothorn\n|-supereffective|p2a: Ferrothorn\n|-damage|p2a: Ferrothorn|0 fnt\n|faint|p2a: Ferrothorn\n|\n|upkeep\n|\n|t:|1700439640\n|switch|p2a: Tapu Koko|Tapu Koko|100\/100\n|turn|17\n|\n|t:|1700439649\n|move|p2a: Tapu Koko|Volt Switch|p1a: Whisper\n|-damage|p1a: Whisper|0 fnt\n|faint|p1a: Whisper\n|\n|t:|1700439653\n|switch|p2a: Iron Valiant|Iron Valiant|94\/100|[from] Volt Switch\n|-activate|p2a: Iron Valiant|ability: Quark Drive\n|-start|p2a: Iron Valiant|quarkdrivespe\n|\n|upkeep\n|\n|t:|1700439656\n|switch|p1a: Mr. Resetti|Excadrill, M|97\/100\n|-damage|p1a: Mr. Resetti|94\/100|[from] Stealth Rock\n|turn|18\n|\n|t:|1700439666\n|-end|p2a: Iron Valiant|Quark Drive|[silent]\n|switch|p2a: Talonflame|Talonflame, F|100\/100\n|move|p1a: Mr. Resetti|Iron Head|p2a: Talonflame\n|-resisted|p2a: Talonflame\n|-damage|p2a: Talonflame|75\/100\n|\n|upkeep\n|turn|19\n|\n|t:|1700439695\n|switch|p1a: Will Smith|Thundurus, M|76\/100\n|-damage|p1a: Will Smith|51\/100|[from] Stealth Rock\n|move|p2a: Talonflame|Will-O-Wisp|p1a: Will Smith\n|-status|p1a: Will Smith|brn\n|\n|-damage|p1a: Will Smith|45\/100 brn|[from] brn\n|upkeep\n|turn|20\n|\n|t:|1700439715\n|move|p2a: Talonflame|Taunt|p1a: Will Smith\n|-start|p1a: Will Smith|move: Taunt\n|move|p1a: Will Smith|Volt Switch|p2a: Talonflame\n|-supereffective|p2a: Talonflame\n|-damage|p2a: Talonflame|0 fnt\n|faint|p2a: Talonflame\n|\n|t:|1700439720\n|switch|p1a: Mr. Resetti|Excadrill, M|94\/100|[from] Volt Switch\n|-damage|p1a: Mr. Resetti|91\/100|[from] Stealth Rock\n|\n|-fieldend|move: Electric Terrain\n|upkeep\n|\n|t:|1700439736\n|switch|p2a: Tapu Koko|Tapu Koko|100\/100\n|-fieldstart|move: Electric Terrain|[from] ability: Electric Surge|[of] p2a: Tapu Koko\n|turn|21\n|\n|t:|1700439748\n|move|p1a: Mr. Resetti|Earthquake|p2a: Tapu Koko\n|-supereffective|p2a: Tapu Koko\n|-damage|p2a: Tapu Koko|0 fnt\n|faint|p2a: Tapu Koko\n|\n|upkeep\n|\n|t:|1700439759\n|switch|p2a: Iron Valiant|Iron Valiant|94\/100\n|-activate|p2a: Iron Valiant|ability: Quark Drive\n|-start|p2a: Iron Valiant|quarkdrivespe\n|turn|22\n|l|\u2606Aloe Vera Plant\n|player|p2|\n|j|\u2606Aloe Vera Plant\n|player|p2|Aloe Vera Plant|101\n|\n|t:|1700439849\n|-terastallize|p1a: Mr. Resetti|Water\n|move|p2a: Iron Valiant|Ice Punch|p1a: Mr. Resetti\n|-resisted|p1a: Mr. Resetti\n|-damage|p1a: Mr. Resetti|63\/100\n|move|p1a: Mr. Resetti|Earthquake|p2a: Iron Valiant\n|-damage|p2a: Iron Valiant|25\/100\n|\n|upkeep\n|turn|23\n|\n|t:|1700439857\n|-terastallize|p2a: Iron Valiant|Fairy\n|move|p2a: Iron Valiant|Ice Punch|p1a: Mr. Resetti\n|-resisted|p1a: Mr. Resetti\n|-crit|p1a: Mr. Resetti\n|-damage|p1a: Mr. Resetti|23\/100\n|move|p1a: Mr. Resetti|Earthquake|p2a: Iron Valiant\n|-damage|p2a: Iron Valiant|0 fnt\n|faint|p2a: Iron Valiant\n|-end|p2a: Iron Valiant|Quark Drive|[silent]\n|\n|win|SaintZoroark\n","uploadtime":1700439867,"views":15,"p1id":"saintzoroark","p2id":"aloeveraplant","formatid":"gen9nationaldexubers","rating":0,"private":0,"password":""}