{"id":"gen9nationaldexubers-1987419303","p1":"PrimalBuneary","p2":"BTT2023","format":"[Gen 9] National Dex Ubers","log":"|j|\u2606PrimalBuneary\n|j|\u2606BTT2023\n|t:|1699588900\n|gametype|singles\n|player|p1|PrimalBuneary|kahili|1127\n|player|p2|BTT2023|red|1099\n|teamsize|p1|6\n|teamsize|p2|6\n|gen|9\n|tier|[Gen 9] National Dex Ubers\n|rated|\n|rule|HP Percentage Mod: HP is shown in percentages\n|rule|Endless Battle Clause: Forcing endless battles is banned\n|rule|OHKO Clause: OHKO moves are banned\n|rule|Evasion Moves Clause: Evasion moves are banned\n|rule|Evasion Items Clause: Evasion items are banned\n|rule|Species Clause: Limit one of each Pok\u00e9mon\n|rule|Sleep Clause Mod: Limit one foe put to sleep\n|rule|Mega Rayquaza Clause: You cannot mega evolve Rayquaza\n|clearpoke\n|poke|p1|Sneasler, M|\n|poke|p1|Ting-Lu|\n|poke|p1|Hatterene, F|\n|poke|p1|Rillaboom, M|\n|poke|p1|Lucario, M|\n|poke|p1|Iron Bundle|\n|poke|p2|Genesect|\n|poke|p2|Lucario, M|\n|poke|p2|Skarmory, M|\n|poke|p2|Tangrowth, M|\n|poke|p2|Mewtwo|\n|poke|p2|Deoxys|\n|teampreview\n|c|\u2606PrimalBuneary|glhf\n|\n|t:|1699588921\n|start\n|switch|p1a: Iron Bundle|Iron Bundle|100\/100\n|switch|p2a: Deoxys|Deoxys|100\/100\n|-ability|p2a: Deoxys|Pressure\n|turn|1\n|\n|t:|1699588932\n|-terastallize|p1a: Iron Bundle|Ice\n|move|p2a: Deoxys|Taunt|p1a: Iron Bundle\n|-start|p1a: Iron Bundle|move: Taunt\n|move|p1a: Iron Bundle|Freeze-Dry|p2a: Deoxys\n|-damage|p2a: Deoxys|0 fnt\n|faint|p2a: Deoxys\n|-damage|p1a: Iron Bundle|91\/100|[from] item: Life Orb\n|\n|upkeep\n|c|\u2606BTT2023|Thanks, u2\n|\n|t:|1699588943\n|switch|p2a: Lucario|Lucario, M|100\/100\n|turn|2\n|\n|t:|1699588948\n|detailschange|p2a: Lucario|Lucario-Mega, M\n|-mega|p2a: Lucario|Lucario|Lucarionite\n|move|p1a: Iron Bundle|Flip Turn|p2a: Lucario\n|-damage|p2a: Lucario|76\/100\n|-damage|p1a: Iron Bundle|81\/100|[from] item: Life Orb\n|\n|t:|1699588959\n|-end|p1a: Iron Bundle|Quark Drive|[silent]\n|switch|p1a: Ting-Lu|Ting-Lu|100\/100|[from] Flip Turn\n|-ability|p1a: Ting-Lu|Vessel of Ruin\n|move|p2a: Lucario|Aura Sphere|p1a: Ting-Lu\n|-supereffective|p1a: Ting-Lu\n|-damage|p1a: Ting-Lu|45\/100\n|\n|-heal|p1a: Ting-Lu|51\/100|[from] item: Leftovers\n|upkeep\n|turn|3\n|\n|t:|1699588971\n|move|p2a: Lucario|Aura Sphere|p1a: Ting-Lu\n|-supereffective|p1a: Ting-Lu\n|-damage|p1a: Ting-Lu|0 fnt\n|faint|p1a: Ting-Lu\n|\n|upkeep\n|\n|t:|1699588978\n|switch|p1a: Sneasler|Sneasler, M|100\/100\n|turn|4\n|\n|t:|1699588981\n|move|p1a: Sneasler|Close Combat|p2a: Lucario\n|-supereffective|p2a: Lucario\n|-damage|p2a: Lucario|0 fnt\n|-unboost|p1a: Sneasler|def|1\n|-unboost|p1a: Sneasler|spd|1\n|faint|p2a: Lucario\n|\n|upkeep\n|\n|t:|1699589006\n|switch|p2a: Tangrowth|Tangrowth, M|100\/100\n|turn|5\n|\n|t:|1699589010\n|move|p1a: Sneasler|Dire Claw|p2a: Tangrowth\n|-supereffective|p2a: Tangrowth\n|-damage|p2a: Tangrowth|41\/100\n|-status|p2a: Tangrowth|psn|[from] ability: Poison Touch|[of] p1a: Sneasler\n|move|p2a: Tangrowth|Knock Off|p1a: Sneasler\n|-resisted|p1a: Sneasler\n|-damage|p1a: Sneasler|58\/100\n|-enditem|p1a: Sneasler|Protective Pads|[from] move: Knock Off|[of] p2a: Tangrowth\n|\n|-damage|p2a: Tangrowth|28\/100 psn|[from] psn\n|upkeep\n|turn|6\n|\n|t:|1699589022\n|move|p1a: Sneasler|Dire Claw|p2a: Tangrowth\n|-supereffective|p2a: Tangrowth\n|-crit|p2a: Tangrowth\n|-damage|p2a: Tangrowth|0 fnt\n|-damage|p1a: Sneasler|41\/100|[from] item: Rocky Helmet|[of] p2a: Tangrowth\n|faint|p2a: Tangrowth\n|\n|upkeep\n|\n|t:|1699589026\n|switch|p2a: Skarmory|Skarmory, M|100\/100\n|turn|7\n|\n|t:|1699589033\n|move|p1a: Sneasler|Fake Out||[still]\n|-hint|Fake Out only works on your first turn out.\n|-fail|p1a: Sneasler\n|move|p2a: Skarmory|Spikes|p1a: Sneasler\n|-sidestart|p1: PrimalBuneary|Spikes\n|\n|upkeep\n|turn|8\n|\n|t:|1699589041\n|move|p1a: Sneasler|Close Combat|p2a: Skarmory\n|-damage|p2a: Skarmory|56\/100\n|-unboost|p1a: Sneasler|def|1\n|-unboost|p1a: Sneasler|spd|1\n|-damage|p1a: Sneasler|24\/100|[from] item: Rocky Helmet|[of] p2a: Skarmory\n|move|p2a: Skarmory|Iron Defense|p2a: Skarmory\n|-boost|p2a: Skarmory|def|2\n|\n|upkeep\n|turn|9\n|\n|t:|1699589051\n|move|p1a: Sneasler|Close Combat|p2a: Skarmory\n|-damage|p2a: Skarmory|33\/100\n|-unboost|p1a: Sneasler|def|1\n|-unboost|p1a: Sneasler|spd|1\n|-damage|p1a: Sneasler|8\/100|[from] item: Rocky Helmet|[of] p2a: Skarmory\n|move|p2a: Skarmory|Roost|p2a: Skarmory\n|-heal|p2a: Skarmory|83\/100\n|-singleturn|p2a: Skarmory|move: Roost\n|\n|upkeep\n|turn|10\n|\n|t:|1699589065\n|move|p1a: Sneasler|U-turn|p2a: Skarmory\n|-resisted|p2a: Skarmory\n|-damage|p2a: Skarmory|81\/100\n|-damage|p1a: Sneasler|0 fnt|[from] item: Rocky Helmet|[of] p2a: Skarmory\n|faint|p1a: Sneasler\n|move|p2a: Skarmory|Spikes|p1: Sneasler\n|-sidestart|p1: PrimalBuneary|Spikes\n|\n|upkeep\n|\n|t:|1699589077\n|switch|p1a: Lucario|Lucario, M|100\/100\n|-damage|p1a: Lucario|84\/100|[from] Spikes\n|turn|11\n|\n|t:|1699589085\n|detailschange|p1a: Lucario|Lucario-Mega, M\n|-mega|p1a: Lucario|Lucario|Lucarionite\n|move|p1a: Lucario|Nasty Plot|p1a: Lucario\n|-boost|p1a: Lucario|spa|2\n|move|p2a: Skarmory|Body Press|p1a: Lucario\n|-supereffective|p1a: Lucario\n|-damage|p1a: Lucario|0 fnt\n|faint|p1a: Lucario\n|\n|upkeep\n|\n|t:|1699589098\n|switch|p1a: Hatterene|Hatterene, F|100\/100\n|-damage|p1a: Hatterene|84\/100|[from] Spikes\n|turn|12\n|\n|t:|1699589103\n|move|p2a: Skarmory|Body Press|p1a: Hatterene\n|-resisted|p1a: Hatterene\n|-crit|p1a: Hatterene\n|-damage|p1a: Hatterene|64\/100\n|move|p1a: Hatterene|Mystical Fire|p2a: Skarmory\n|-supereffective|p2a: Skarmory\n|-damage|p2a: Skarmory|23\/100\n|-unboost|p2a: Skarmory|spa|1\n|\n|upkeep\n|turn|13\n|\n|t:|1699589113\n|move|p2a: Skarmory|Roost|p2a: Skarmory\n|-heal|p2a: Skarmory|73\/100\n|-singleturn|p2a: Skarmory|move: Roost\n|move|p1a: Hatterene|Mystical Fire|p2a: Skarmory\n|-supereffective|p2a: Skarmory\n|-damage|p2a: Skarmory|14\/100\n|-unboost|p2a: Skarmory|spa|1\n|\n|upkeep\n|turn|14\n|\n|t:|1699589121\n|move|p2a: Skarmory|Roost|p2a: Skarmory\n|-heal|p2a: Skarmory|64\/100\n|-singleturn|p2a: Skarmory|move: Roost\n|move|p1a: Hatterene|Mystical Fire|p2a: Skarmory\n|-supereffective|p2a: Skarmory\n|-damage|p2a: Skarmory|10\/100\n|-unboost|p2a: Skarmory|spa|1\n|\n|upkeep\n|turn|15\n|\n|t:|1699589131\n|move|p2a: Skarmory|Spikes|p1a: Hatterene\n|move|p1a: Hatterene|Spikes|p2a: Skarmory|[from]ability: Magic Bounce\n|-sidestart|p2: BTT2023|Spikes\n|move|p1a: Hatterene|Mystical Fire|p2a: Skarmory\n|-supereffective|p2a: Skarmory\n|-damage|p2a: Skarmory|0 fnt\n|faint|p2a: Skarmory\n|\n|upkeep\n|\n|t:|1699589149\n|switch|p2a: Genesect|Genesect|100\/100\n|-damage|p2a: Genesect|88\/100|[from] Spikes\n|-ability|p2a: Genesect|Download|boost\n|-boost|p2a: Genesect|atk|1\n|turn|16\n|\n|t:|1699589157\n|-terastallize|p2a: Genesect|Flying\n|move|p2a: Genesect|Iron Head|p1a: Hatterene\n|-supereffective|p1a: Hatterene\n|-damage|p1a: Hatterene|0 fnt\n|faint|p1a: Hatterene\n|\n|upkeep\n|\n|t:|1699589163\n|switch|p1a: Iron Bundle|Iron Bundle, tera:Ice|81\/100\n|-damage|p1a: Iron Bundle|64\/100|[from] Spikes\n|turn|17\n|\n|t:|1699589169\n|move|p2a: Genesect|Iron Head|p1a: Iron Bundle\n|-supereffective|p1a: Iron Bundle\n|-damage|p1a: Iron Bundle|0 fnt\n|faint|p1a: Iron Bundle\n|-end|p1a: Iron Bundle|Quark Drive|[silent]\n|\n|upkeep\n|\n|t:|1699589176\n|switch|p1a: Rillaboom|Rillaboom, M, shiny|100\/100\n|-damage|p1a: Rillaboom|84\/100|[from] Spikes\n|-fieldstart|move: Grassy Terrain|[from] ability: Grassy Surge|[of] p1a: Rillaboom\n|turn|18\n|\n|t:|1699589187\n|move|p2a: Genesect|Iron Head|p1a: Rillaboom\n|-damage|p1a: Rillaboom|27\/100\n|-zpower|p1a: Rillaboom\n|move|p1a: Rillaboom|Black Hole Eclipse|p2a: Genesect|[zeffect]\n|-damage|p2a: Genesect|8\/100\n|\n|-heal|p1a: Rillaboom|33\/100|[from] Grassy Terrain\n|upkeep\n|turn|19\n|\n|t:|1699589198\n|move|p1a: Rillaboom|Grassy Glide|p2a: Genesect\n|-resisted|p2a: Genesect\n|-damage|p2a: Genesect|0 fnt\n|faint|p2a: Genesect\n|\n|-heal|p1a: Rillaboom|39\/100|[from] Grassy Terrain\n|upkeep\n|\n|t:|1699589205\n|switch|p2a: Mewtwo|Mewtwo|100\/100\n|-damage|p2a: Mewtwo|88\/100|[from] Spikes\n|-ability|p2a: Mewtwo|Pressure\n|turn|20\n|\n|t:|1699589213\n|move|p1a: Rillaboom|Grassy Glide|p2a: Mewtwo\n|-damage|p2a: Mewtwo|48\/100\n|move|p2a: Mewtwo|Psystrike|p1a: Rillaboom\n|-damage|p1a: Rillaboom|0 fnt\n|faint|p1a: Rillaboom\n|\n|win|BTT2023\n|raw|PrimalBuneary's rating: 1127 &rarr; <strong>1100<\/strong><br \/>(-27 for losing)\n|raw|BTT2023's rating: 1099 &rarr; <strong>1126<\/strong><br \/>(+27 for winning)\n|c|\u2606BTT2023|GG :)\n","uploadtime":1699589221,"views":5,"p1id":"primalbuneary","p2id":"btt2023","formatid":"gen9nationaldexubers","rating":1100,"private":0,"password":""}