{"id":"gen9nationaldexubers-1988169412","p1":"GOJOxSATURO","p2":"Testdummy5678","format":"[Gen 9] National Dex Ubers","log":"|j|\u2606GOJOxSATURO\n|j|\u2606Testdummy5678\n|t:|1699678797\n|gametype|singles\n|player|p1|GOJOxSATURO|red|1528\n|player|p2|Testdummy5678|hilbert|1550\n|teamsize|p1|6\n|teamsize|p2|6\n|gen|9\n|tier|[Gen 9] National Dex Ubers\n|rated|\n|rule|HP Percentage Mod: HP is shown in percentages\n|rule|Endless Battle Clause: Forcing endless battles is banned\n|rule|OHKO Clause: OHKO moves are banned\n|rule|Evasion Moves Clause: Evasion moves are banned\n|rule|Evasion Items Clause: Evasion items are banned\n|rule|Species Clause: Limit one of each Pok\u00e9mon\n|rule|Sleep Clause Mod: Limit one foe put to sleep\n|rule|Mega Rayquaza Clause: You cannot mega evolve Rayquaza\n|clearpoke\n|poke|p1|Groudon|\n|poke|p1|Zacian-*|\n|poke|p1|Lugia|\n|poke|p1|Xerneas-*|\n|poke|p1|Marshadow|\n|poke|p1|Zygarde|\n|poke|p2|Ho-Oh|\n|poke|p2|Yveltal|\n|poke|p2|Groudon|\n|poke|p2|Zacian-*|\n|poke|p2|Arceus-Dark|\n|poke|p2|Eternatus|\n|teampreview\n|inactive|Battle timer is ON: inactive players will automatically lose when time's up. (requested by GOJOxSATURO)\n|c|\u2606Testdummy5678|Glhf\n|\n|t:|1699678810\n|start\n|switch|p1a: Zygarde|Zygarde|100\/100\n|switch|p2a: Yveltal|Yveltal|100\/100\n|-ability|p2a: Yveltal|Dark Aura\n|turn|1\n|\n|t:|1699678824\n|move|p2a: Yveltal|Foul Play|p1a: Zygarde\n|-damage|p1a: Zygarde|72\/100\n|move|p1a: Zygarde|Coil|p1a: Zygarde\n|-boost|p1a: Zygarde|atk|1\n|-boost|p1a: Zygarde|def|1\n|-boost|p1a: Zygarde|accuracy|1\n|\n|-heal|p1a: Zygarde|78\/100|[from] item: Leftovers\n|upkeep\n|turn|2\n|\n|t:|1699678829\n|switch|p2a: Arceus|Arceus-Dark|100\/100\n|move|p1a: Zygarde|Coil|p1a: Zygarde\n|-boost|p1a: Zygarde|atk|1\n|-boost|p1a: Zygarde|def|1\n|-boost|p1a: Zygarde|accuracy|1\n|\n|-heal|p1a: Zygarde|84\/100|[from] item: Leftovers\n|upkeep\n|turn|3\n|\n|t:|1699678849\n|move|p2a: Arceus|Taunt|p1a: Zygarde\n|-start|p1a: Zygarde|move: Taunt\n|cant|p1a: Zygarde|move: Taunt|Coil\n|\n|-heal|p1a: Zygarde|90\/100|[from] item: Leftovers\n|upkeep\n|turn|4\n|\n|t:|1699678852\n|move|p2a: Arceus|Calm Mind|p2a: Arceus\n|-boost|p2a: Arceus|spa|1\n|-boost|p2a: Arceus|spd|1\n|move|p1a: Zygarde|Thousand Arrows|p2a: Arceus\n|-damage|p2a: Arceus|56\/100\n|\n|-heal|p1a: Zygarde|96\/100|[from] item: Leftovers\n|upkeep\n|turn|5\n|\n|t:|1699678861\n|switch|p2a: Ho-Oh|Ho-Oh|100\/100\n|move|p1a: Zygarde|Thousand Arrows|p2a: Ho-Oh\n|-damage|p2a: Ho-Oh|42\/100\n|-start|p2a: Ho-Oh|Smack Down\n|\n|-heal|p1a: Zygarde|100\/100|[from] item: Leftovers\n|-end|p1a: Zygarde|move: Taunt\n|upkeep\n|turn|6\n|\n|t:|1699678867\n|move|p1a: Zygarde|Thousand Arrows|p2a: Ho-Oh\n|-supereffective|p2a: Ho-Oh\n|-damage|p2a: Ho-Oh|0 fnt\n|faint|p2a: Ho-Oh\n|\n|upkeep\n|\n|t:|1699678875\n|switch|p2a: Groudon|Groudon|100\/100\n|detailschange|p2a: Groudon|Groudon-Primal\n|-primal|p2a: Groudon|Red Orb\n|-weather|DesolateLand|[from] ability: Desolate Land|[of] p2a: Groudon\n|turn|7\n|\n|t:|1699678879\n|move|p1a: Zygarde|Thousand Arrows|p2a: Groudon\n|-supereffective|p2a: Groudon\n|-damage|p2a: Groudon|34\/100\n|move|p2a: Groudon|Toxic|p1a: Zygarde\n|-status|p1a: Zygarde|tox\n|\n|-weather|DesolateLand|[upkeep]\n|-damage|p1a: Zygarde|94\/100 tox|[from] psn\n|upkeep\n|turn|8\n|\n|t:|1699678883\n|move|p1a: Zygarde|Thousand Arrows|p2a: Groudon\n|-supereffective|p2a: Groudon\n|-damage|p2a: Groudon|0 fnt\n|faint|p2a: Groudon\n|-weather|none\n|\n|-heal|p1a: Zygarde|100\/100 tox|[from] item: Leftovers\n|-damage|p1a: Zygarde|88\/100 tox|[from] psn\n|upkeep\n|\n|t:|1699678886\n|switch|p2a: Eternatus|Eternatus|100\/100\n|-ability|p2a: Eternatus|Pressure\n|turn|9\n|\n|t:|1699678893\n|move|p2a: Eternatus|Meteor Beam||[still]\n|-prepare|p2a: Eternatus|Meteor Beam\n|-boost|p2a: Eternatus|spa|1\n|-enditem|p2a: Eternatus|Power Herb\n|-anim|p2a: Eternatus|Meteor Beam|p1a: Zygarde\n|-resisted|p1a: Zygarde\n|-damage|p1a: Zygarde|61\/100 tox\n|move|p1a: Zygarde|Thousand Arrows|p2a: Eternatus\n|-supereffective|p2a: Eternatus\n|-damage|p2a: Eternatus|0 fnt\n|faint|p2a: Eternatus\n|\n|-heal|p1a: Zygarde|67\/100 tox|[from] item: Leftovers\n|-damage|p1a: Zygarde|48\/100 tox|[from] psn\n|-activate|p1a: Zygarde|ability: Power Construct\n|detailschange|p1a: Zygarde|Zygarde-Complete\n|-heal|p1a: Zygarde|67\/100 tox|[silent]\n|upkeep\n|\n|t:|1699678897\n|switch|p2a: Yveltal|Yveltal|100\/100\n|-ability|p2a: Yveltal|Dark Aura\n|turn|10\n|\n|t:|1699678901\n|move|p2a: Yveltal|Foul Play|p1a: Zygarde\n|-damage|p1a: Zygarde|49\/100 tox\n|move|p1a: Zygarde|Rest|p1a: Zygarde\n|-status|p1a: Zygarde|slp|[from] move: Rest\n|-heal|p1a: Zygarde|100\/100 slp|[silent]\n|\n|upkeep\n|turn|11\n|\n|t:|1699678909\n|switch|p2a: Zacian|Zacian-Crowned|100\/100\n|-ability|p2a: Zacian|Intrepid Sword|boost\n|-boost|p2a: Zacian|atk|1\n|cant|p1a: Zygarde|slp\n|move|p1a: Zygarde|Sleep Talk|p1a: Zygarde\n|move|p1a: Zygarde|Coil|p1a: Zygarde|[from]move: Sleep Talk\n|-boost|p1a: Zygarde|atk|1\n|-boost|p1a: Zygarde|def|1\n|-boost|p1a: Zygarde|accuracy|1\n|\n|upkeep\n|turn|12\n|\n|t:|1699678921\n|move|p2a: Zacian|Swords Dance|p2a: Zacian\n|-boost|p2a: Zacian|atk|2\n|cant|p1a: Zygarde|slp\n|\n|upkeep\n|turn|13\n|\n|t:|1699678926\n|move|p2a: Zacian|Play Rough|p1a: Zygarde\n|-supereffective|p1a: Zygarde\n|-damage|p1a: Zygarde|59\/100 slp\n|-curestatus|p1a: Zygarde|slp|[msg]\n|move|p1a: Zygarde|Thousand Arrows|p2a: Zacian\n|-supereffective|p2a: Zacian\n|-damage|p2a: Zacian|0 fnt\n|faint|p2a: Zacian\n|\n|-heal|p1a: Zygarde|65\/100|[from] item: Leftovers\n|upkeep\n|\n|t:|1699678931\n|switch|p2a: Arceus|Arceus-Dark|56\/100\n|turn|14\n|j| asdkfnoiawjfdisa\n|\n|t:|1699678941\n|move|p2a: Arceus|Judgment|p1a: Zygarde\n|-damage|p1a: Zygarde|41\/100\n|move|p1a: Zygarde|Thousand Arrows|p2a: Arceus\n|-damage|p2a: Arceus|6\/100\n|\n|-heal|p1a: Zygarde|47\/100|[from] item: Leftovers\n|upkeep\n|turn|15\n|\n|t:|1699678945\n|move|p2a: Arceus|Judgment|p1a: Zygarde\n|-damage|p1a: Zygarde|23\/100\n|move|p1a: Zygarde|Thousand Arrows|p2a: Arceus\n|-damage|p2a: Arceus|0 fnt\n|faint|p2a: Arceus\n|\n|-heal|p1a: Zygarde|29\/100|[from] item: Leftovers\n|upkeep\n|c|\u2606Testdummy5678|Gg\n|\n|t:|1699678949\n|switch|p2a: Yveltal|Yveltal|100\/100\n|-ability|p2a: Yveltal|Dark Aura\n|turn|16\n|\n|t:|1699678953\n|move|p2a: Yveltal|Foul Play|p1a: Zygarde\n|-damage|p1a: Zygarde|11\/100\n|move|p1a: Zygarde|Thousand Arrows|p2a: Yveltal\n|-damage|p2a: Yveltal|57\/100\n|-start|p2a: Yveltal|Smack Down\n|\n|-heal|p1a: Zygarde|17\/100|[from] item: Leftovers\n|upkeep\n|turn|17\n|\n|t:|1699678959\n|move|p2a: Yveltal|Foul Play|p1a: Zygarde\n|-damage|p1a: Zygarde|0 fnt\n|faint|p1a: Zygarde\n|\n|upkeep\n|\n|t:|1699678967\n|switch|p1a: Zacian|Zacian-Crowned|100\/100\n|-ability|p1a: Zacian|Intrepid Sword|boost\n|-boost|p1a: Zacian|atk|1\n|turn|18\n|\n|t:|1699678973\n|-terastallize|p2a: Yveltal|Ghost\n|move|p1a: Zacian|Sacred Sword|p2a: Yveltal\n|-immune|p2a: Yveltal\n|move|p2a: Yveltal|Foul Play|p1a: Zacian\n|-resisted|p1a: Zacian\n|-damage|p1a: Zacian|51\/100\n|\n|upkeep\n|turn|19\n|\n|t:|1699678977\n|move|p1a: Zacian|Play Rough|p2a: Yveltal|[miss]\n|-miss|p1a: Zacian|p2a: Yveltal\n|move|p2a: Yveltal|Roost|p2a: Yveltal\n|-heal|p2a: Yveltal|100\/100\n|\n|upkeep\n|turn|20\n|\n|t:|1699678982\n|-terastallize|p1a: Zacian|Flying\n|move|p1a: Zacian|Play Rough|p2a: Yveltal\n|-damage|p2a: Yveltal|53\/100\n|move|p2a: Yveltal|Foul Play|p1a: Zacian\n|-damage|p1a: Zacian|0 fnt\n|faint|p1a: Zacian\n|\n|upkeep\n|\n|t:|1699678990\n|switch|p1a: Xerneas|Xerneas|100\/100\n|-ability|p1a: Xerneas|Fairy Aura\n|turn|21\n|\n|t:|1699678994\n|move|p1a: Xerneas|Geomancy||[still]\n|-prepare|p1a: Xerneas|Geomancy\n|-enditem|p1a: Xerneas|Power Herb\n|-anim|p1a: Xerneas|Geomancy|p1a: Xerneas\n|-boost|p1a: Xerneas|spa|2\n|-boost|p1a: Xerneas|spd|2\n|-boost|p1a: Xerneas|spe|2\n|move|p2a: Yveltal|Toxic|p1a: Xerneas|[miss]\n|-miss|p2a: Yveltal|p1a: Xerneas\n|\n|upkeep\n|turn|22\n|\n|t:|1699678996\n|move|p1a: Xerneas|Draining Kiss|p2a: Yveltal\n|-damage|p2a: Yveltal|0 fnt\n|faint|p2a: Yveltal\n|\n|win|GOJOxSATURO\n|raw|GOJOxSATURO's rating: 1528 &rarr; <strong>1549<\/strong><br \/>(+21 for winning)\n|raw|Testdummy5678's rating: 1550 &rarr; <strong>1529<\/strong><br \/>(-21 for losing)\n|l|\u2606GOJOxSATURO\n|l|\u2606Testdummy5678\n|l| asdkfnoiawjfdisa\n","uploadtime":1699679455,"views":5,"p1id":"gojoxsaturo","p2id":"testdummy5678","formatid":"gen9nationaldexubers","rating":1529,"private":0,"password":""}