{"id":"gen9nationaldexubers-1979675972","p1":"777Clearnu","p2":"09-10a","format":"[Gen 9] National Dex Ubers","log":"|j|\u2606777Clearnu\n|j|\u260609-10a\n|t:|1698702262\n|gametype|singles\n|player|p1|777Clearnu|guitarist-gen4|1743\n|player|p2|09-10a|schoolkid-gen4dp|1727\n|teamsize|p1|6\n|teamsize|p2|6\n|gen|9\n|tier|[Gen 9] National Dex Ubers\n|rated|\n|rule|HP Percentage Mod: HP is shown in percentages\n|rule|Endless Battle Clause: Forcing endless battles is banned\n|rule|OHKO Clause: OHKO moves are banned\n|rule|Evasion Moves Clause: Evasion moves are banned\n|rule|Evasion Items Clause: Evasion items are banned\n|rule|Species Clause: Limit one of each Pok\u00e9mon\n|rule|Sleep Clause Mod: Limit one foe put to sleep\n|rule|Mega Rayquaza Clause: You cannot mega evolve Rayquaza\n|clearpoke\n|poke|p1|Ho-Oh|\n|poke|p1|Zygarde|\n|poke|p1|Marshadow|\n|poke|p1|Groudon|\n|poke|p1|Arceus-Dark|\n|poke|p1|Kyogre|\n|poke|p2|Eternatus|\n|poke|p2|Arceus-Fairy|\n|poke|p2|Necrozma-Dusk-Mane|\n|poke|p2|Marshadow|\n|poke|p2|Zygarde|\n|poke|p2|Groudon, L99|\n|teampreview\n|inactive|Battle timer is ON: inactive players will automatically lose when time's up. (requested by 777Clearnu)\n|inactive|09-10a also wants the timer to be on.\n|\n|t:|1698702284\n|start\n|switch|p1a: kid named eruption|Groudon|100\/100\n|switch|p2a: Eternatus|Eternatus|100\/100\n|-ability|p2a: Eternatus|Pressure\n|detailschange|p1a: kid named eruption|Groudon-Primal\n|-primal|p1a: kid named eruption|Red Orb\n|-weather|DesolateLand|[from] ability: Desolate Land|[of] p1a: kid named eruption\n|turn|1\n|\n|t:|1698702289\n|switch|p2a: Zygarde|Zygarde, shiny|100\/100\n|move|p1a: kid named eruption|Swords Dance|p1a: kid named eruption\n|-boost|p1a: kid named eruption|atk|2\n|\n|-weather|DesolateLand|[upkeep]\n|upkeep\n|turn|2\n|\n|t:|1698702295\n|move|p1a: kid named eruption|Precipice Blades|p2a: Zygarde\n|-damage|p2a: Zygarde|0 fnt\n|faint|p2a: Zygarde\n|\n|-weather|DesolateLand|[upkeep]\n|upkeep\n|\n|t:|1698702301\n|switch|p2a: Marshadow|Marshadow|100\/100\n|turn|3\n|\n|t:|1698702314\n|-weather|none\n|switch|p1a: looks at you funny|Zygarde|100\/100\n|move|p2a: Marshadow|Poltergeist|p1a: looks at you funny\n|-activate|p1a: looks at you funny|move: Poltergeist|Chesto Berry\n|-damage|p1a: looks at you funny|50\/100\n|\n|-activate|p1a: looks at you funny|ability: Power Construct\n|detailschange|p1a: looks at you funny|Zygarde-Complete\n|-heal|p1a: looks at you funny|67\/100|[silent]\n|upkeep\n|turn|4\n|\n|t:|1698702340\n|-terastallize|p2a: Marshadow|Ghost\n|move|p2a: Marshadow|Poltergeist|p1a: looks at you funny\n|-activate|p1a: looks at you funny|move: Poltergeist|Chesto Berry\n|-damage|p1a: looks at you funny|21\/100\n|move|p1a: looks at you funny|Glare|p2a: Marshadow\n|-status|p2a: Marshadow|par\n|\n|upkeep\n|turn|5\n|j| MentalInt\n|\n|t:|1698702348\n|move|p1a: looks at you funny|Rest|p1a: looks at you funny\n|-status|p1a: looks at you funny|slp|[from] move: Rest\n|-heal|p1a: looks at you funny|100\/100 slp|[silent]\n|-enditem|p1a: looks at you funny|Chesto Berry|[eat]\n|-curestatus|p1a: looks at you funny|slp|[msg]\n|move|p2a: Marshadow|Poltergeist||[still]\n|-fail|p2a: Marshadow\n|\n|upkeep\n|turn|6\n|\n|t:|1698702366\n|switch|p2a: Arceus|Arceus-Fairy|100\/100\n|move|p1a: looks at you funny|Coil|p1a: looks at you funny\n|-boost|p1a: looks at you funny|atk|1\n|-boost|p1a: looks at you funny|def|1\n|-boost|p1a: looks at you funny|accuracy|1\n|\n|upkeep\n|turn|7\n|\n|t:|1698702372\n|-terastallize|p1a: looks at you funny|Fairy\n|move|p2a: Arceus|Will-O-Wisp|p1a: looks at you funny\n|-status|p1a: looks at you funny|brn\n|move|p1a: looks at you funny|Glare|p2a: Arceus\n|-status|p2a: Arceus|par\n|\n|-damage|p1a: looks at you funny|94\/100 brn|[from] brn\n|upkeep\n|turn|8\n|\n|t:|1698702382\n|switch|p2a: Necrozma|Necrozma-Dusk-Mane|100\/100\n|move|p1a: looks at you funny|Coil|p1a: looks at you funny\n|-boost|p1a: looks at you funny|atk|1\n|-boost|p1a: looks at you funny|def|1\n|-boost|p1a: looks at you funny|accuracy|1\n|\n|-damage|p1a: looks at you funny|88\/100 brn|[from] brn\n|upkeep\n|turn|9\n|\n|t:|1698702387\n|move|p2a: Necrozma|Dragon Dance|p2a: Necrozma\n|-boost|p2a: Necrozma|atk|1\n|-boost|p2a: Necrozma|spe|1\n|move|p1a: looks at you funny|Glare|p2a: Necrozma\n|-status|p2a: Necrozma|par\n|\n|-damage|p1a: looks at you funny|82\/100 brn|[from] brn\n|upkeep\n|turn|10\n|\n|t:|1698702391\n|move|p1a: looks at you funny|Coil|p1a: looks at you funny\n|-boost|p1a: looks at you funny|atk|1\n|-boost|p1a: looks at you funny|def|1\n|-boost|p1a: looks at you funny|accuracy|1\n|cant|p2a: Necrozma|par\n|\n|-damage|p1a: looks at you funny|76\/100 brn|[from] brn\n|upkeep\n|turn|11\n|\n|t:|1698702394\n|move|p1a: looks at you funny|Coil|p1a: looks at you funny\n|-boost|p1a: looks at you funny|atk|1\n|-boost|p1a: looks at you funny|def|1\n|-boost|p1a: looks at you funny|accuracy|1\n|cant|p2a: Necrozma|par\n|\n|-damage|p1a: looks at you funny|70\/100 brn|[from] brn\n|upkeep\n|turn|12\n|\n|t:|1698702413\n|move|p1a: looks at you funny|Rest|p1a: looks at you funny\n|-status|p1a: looks at you funny|slp|[from] move: Rest\n|-heal|p1a: looks at you funny|100\/100 slp|[silent]\n|move|p2a: Necrozma|Dragon Dance|p2a: Necrozma\n|-boost|p2a: Necrozma|atk|1\n|-boost|p2a: Necrozma|spe|1\n|\n|upkeep\n|turn|13\n|\n|t:|1698702416\n|cant|p2a: Necrozma|par\n|cant|p1a: looks at you funny|slp\n|\n|upkeep\n|turn|14\n|\n|t:|1698702419\n|move|p2a: Necrozma|Dragon Dance|p2a: Necrozma\n|-boost|p2a: Necrozma|atk|1\n|-boost|p2a: Necrozma|spe|1\n|cant|p1a: looks at you funny|slp\n|\n|upkeep\n|turn|15\n|\n|t:|1698702423\n|move|p2a: Necrozma|Dragon Dance|p2a: Necrozma\n|-boost|p2a: Necrozma|atk|1\n|-boost|p2a: Necrozma|spe|1\n|-curestatus|p1a: looks at you funny|slp|[msg]\n|move|p1a: looks at you funny|Thousand Arrows|p2a: Necrozma\n|-supereffective|p2a: Necrozma\n|-damage|p2a: Necrozma|0 fnt\n|faint|p2a: Necrozma\n|\n|upkeep\n|-message|09-10a forfeited.\n|\n|win|777Clearnu\n|raw|777Clearnu's rating: 1743 &rarr; <strong>1760<\/strong><br \/>(+17 for winning)\n|raw|09-10a's rating: 1695 &rarr; <strong>1678<\/strong><br \/>(-17 for losing)\n|l|\u260609-10a\n|l| MentalInt\n","uploadtime":1698702455,"views":7,"p1id":"777clearnu","p2id":"0910a","formatid":"gen9nationaldexubers","rating":1678,"private":0,"password":""}