{"id":"gen9nationaldexubers-1992172358","p1":"Cibbstr","p2":"MorningStar53","format":"[Gen 9] National Dex Ubers","log":"|j|\u2606Cibbstr\n|j|\u2606MorningStar53\n|t:|1700161003\n|gametype|singles\n|player|p1|Cibbstr|giovanni|1361\n|player|p2|MorningStar53|li|1403\n|teamsize|p1|6\n|teamsize|p2|6\n|gen|9\n|tier|[Gen 9] National Dex Ubers\n|rated|\n|rule|HP Percentage Mod: HP is shown in percentages\n|rule|Endless Battle Clause: Forcing endless battles is banned\n|rule|OHKO Clause: OHKO moves are banned\n|rule|Evasion Moves Clause: Evasion moves are banned\n|rule|Evasion Items Clause: Evasion items are banned\n|rule|Species Clause: Limit one of each Pok\u00e9mon\n|rule|Sleep Clause Mod: Limit one foe put to sleep\n|rule|Mega Rayquaza Clause: You cannot mega evolve Rayquaza\n|clearpoke\n|poke|p1|Zacian-*|\n|poke|p1|Zygarde|\n|poke|p1|Marshadow|\n|poke|p1|Kyogre|\n|poke|p1|Kingambit, M|\n|poke|p1|Ho-Oh|\n|poke|p2|Marshadow|\n|poke|p2|Zygarde|\n|poke|p2|Xerneas-*|\n|poke|p2|Alakazam, F|\n|poke|p2|Groudon|\n|poke|p2|Landorus, M|\n|teampreview\n|\n|t:|1700161023\n|start\n|switch|p1a: Ho-Oh|Ho-Oh, shiny|100\/100\n|switch|p2a: Landorus|Landorus, M|100\/100\n|turn|1\n|\n|t:|1700161031\n|move|p2a: Landorus|Stealth Rock|p1a: Ho-Oh\n|-sidestart|p1: Cibbstr|move: Stealth Rock\n|move|p1a: Ho-Oh|Brave Bird|p2a: Landorus\n|-damage|p2a: Landorus|35\/100\n|-damage|p1a: Ho-Oh|80\/100|[from] Recoil\n|\n|-heal|p2a: Landorus|41\/100|[from] item: Leftovers\n|upkeep\n|turn|2\n|\n|t:|1700161039\n|move|p2a: Landorus|Rock Slide|p1a: Ho-Oh\n|-supereffective|p1a: Ho-Oh\n|-damage|p1a: Ho-Oh|0 fnt\n|faint|p1a: Ho-Oh\n|\n|-heal|p2a: Landorus|48\/100|[from] item: Leftovers\n|upkeep\n|\n|t:|1700161046\n|switch|p1a: Zygarde|Zygarde|100\/100\n|-damage|p1a: Zygarde|94\/100|[from] Stealth Rock\n|turn|3\n|\n|t:|1700161051\n|move|p2a: Landorus|Earthquake|p1a: Zygarde\n|-damage|p1a: Zygarde|59\/100\n|move|p1a: Zygarde|Coil|p1a: Zygarde\n|-boost|p1a: Zygarde|atk|1\n|-boost|p1a: Zygarde|def|1\n|-boost|p1a: Zygarde|accuracy|1\n|\n|-heal|p2a: Landorus|54\/100|[from] item: Leftovers\n|-heal|p1a: Zygarde|65\/100|[from] item: Leftovers\n|upkeep\n|turn|4\n|\n|t:|1700161061\n|move|p2a: Landorus|Earthquake|p1a: Zygarde\n|-damage|p1a: Zygarde|44\/100\n|move|p1a: Zygarde|Scale Shot|p2a: Landorus\n|-damage|p2a: Landorus|35\/100\n|-damage|p2a: Landorus|17\/100\n|-damage|p2a: Landorus|0 fnt\n|faint|p2a: Landorus\n|-hitcount|p2: Landorus|3\n|-unboost|p1a: Zygarde|def|1\n|-boost|p1a: Zygarde|spe|1\n|\n|-heal|p1a: Zygarde|50\/100|[from] item: Leftovers\n|-activate|p1a: Zygarde|ability: Power Construct\n|detailschange|p1a: Zygarde|Zygarde-Complete\n|-heal|p1a: Zygarde|67\/100|[silent]\n|upkeep\n|\n|t:|1700161077\n|switch|p2a: Marshadow|Marshadow|100\/100\n|turn|5\n|\n|t:|1700161085\n|move|p2a: Marshadow|Spectral Thief||[still]\n|-clearpositiveboost|p1a: Zygarde|p2a: Marshadow|move: Spectral Thief\n|-boost|p2a: Marshadow|atk|1\n|-boost|p2a: Marshadow|spe|1\n|-boost|p2a: Marshadow|accuracy|1\n|-anim|p2a: Marshadow|Spectral Thief|p1a: Zygarde\n|-damage|p1a: Zygarde|34\/100\n|move|p1a: Zygarde|Scale Shot|p2a: Marshadow\n|-damage|p2a: Marshadow|86\/100\n|-crit|p2a: Marshadow\n|-damage|p2a: Marshadow|64\/100\n|-damage|p2a: Marshadow|49\/100\n|-damage|p2a: Marshadow|35\/100\n|-hitcount|p2a: Marshadow|4\n|-unboost|p1a: Zygarde|def|1\n|-boost|p1a: Zygarde|spe|1\n|\n|-heal|p1a: Zygarde|41\/100|[from] item: Leftovers\n|upkeep\n|turn|6\n|\n|t:|1700161104\n|move|p2a: Marshadow|Spectral Thief||[still]\n|-clearpositiveboost|p1a: Zygarde|p2a: Marshadow|move: Spectral Thief\n|-boost|p2a: Marshadow|spe|1\n|-anim|p2a: Marshadow|Spectral Thief|p1a: Zygarde\n|-damage|p1a: Zygarde|0 fnt\n|faint|p1a: Zygarde\n|\n|upkeep\n|\n|t:|1700161114\n|switch|p1a: Marshadow|Marshadow|100\/100\n|-damage|p1a: Marshadow|94\/100|[from] Stealth Rock\n|turn|7\n|\n|t:|1700161122\n|-terastallize|p2a: Marshadow|Normal\n|-terastallize|p1a: Marshadow|Normal\n|move|p2a: Marshadow|Drain Punch|p1a: Marshadow\n|-supereffective|p1a: Marshadow\n|-damage|p1a: Marshadow|0 fnt\n|-heal|p2a: Marshadow|82\/100|[from] drain|[of] p1a: Marshadow\n|faint|p1a: Marshadow\n|\n|upkeep\n|\n|t:|1700161132\n|switch|p1a: Zacian|Zacian-Crowned|100\/100\n|-damage|p1a: Zacian|94\/100|[from] Stealth Rock\n|-ability|p1a: Zacian|Intrepid Sword|boost\n|-boost|p1a: Zacian|atk|1\n|turn|8\n|c|\u2606MorningStar53|not my first rodeo lol\n|\n|t:|1700161142\n|move|p1a: Zacian|Quick Attack|p2a: Marshadow\n|-damage|p2a: Marshadow|52\/100\n|move|p2a: Marshadow|Spectral Thief||[still]\n|-clearpositiveboost|p1a: Zacian|p2a: Marshadow|move: Spectral Thief\n|-boost|p2a: Marshadow|atk|1\n|-anim|p2a: Marshadow|Spectral Thief|p1a: Zacian\n|-damage|p1a: Zacian|7\/100\n|\n|upkeep\n|turn|9\n|\n|t:|1700161153\n|move|p2a: Marshadow|Shadow Sneak|p1a: Zacian\n|-damage|p1a: Zacian|0 fnt\n|faint|p1a: Zacian\n|\n|upkeep\n|\n|t:|1700161157\n|switch|p1a: Kyogre|Kyogre, shiny|100\/100\n|-damage|p1a: Kyogre|88\/100|[from] Stealth Rock\n|detailschange|p1a: Kyogre|Kyogre-Primal, shiny\n|-primal|p1a: Kyogre|Blue Orb\n|-weather|PrimordialSea|[from] ability: Primordial Sea|[of] p1a: Kyogre\n|turn|10\n|\n|t:|1700161164\n|move|p2a: Marshadow|Spectral Thief|p1a: Kyogre\n|-damage|p1a: Kyogre|10\/100\n|move|p1a: Kyogre|Origin Pulse|p2a: Marshadow\n|-damage|p2a: Marshadow|0 fnt\n|faint|p2a: Marshadow\n|\n|-weather|PrimordialSea|[upkeep]\n|upkeep\n|\n|t:|1700161180\n|switch|p2a: Groudon|Groudon|100\/100\n|detailschange|p2a: Groudon|Groudon-Primal\n|-primal|p2a: Groudon|Red Orb\n|-weather|DesolateLand|[from] ability: Desolate Land|[of] p2a: Groudon\n|turn|11\n|\n|t:|1700161188\n|move|p2a: Groudon|Rock Polish|p2a: Groudon\n|-boost|p2a: Groudon|spe|2\n|move|p1a: Kyogre|Ice Beam|p2a: Groudon\n|-damage|p2a: Groudon|60\/100\n|\n|-weather|DesolateLand|[upkeep]\n|upkeep\n|turn|12\n|\n|t:|1700161195\n|move|p2a: Groudon|Precipice Blades|p1a: Kyogre\n|-damage|p1a: Kyogre|0 fnt\n|faint|p1a: Kyogre\n|\n|-weather|DesolateLand|[upkeep]\n|upkeep\n|\n|t:|1700161199\n|switch|p1a: Kingambit|Kingambit, M|100\/100\n|-damage|p1a: Kingambit|94\/100|[from] Stealth Rock\n|-activate|p1a: Kingambit|ability: Supreme Overlord\n|-start|p1a: Kingambit|fallen5|[silent]\n|turn|13\n|\n|t:|1700161205\n|move|p2a: Groudon|Precipice Blades|p1a: Kingambit\n|-supereffective|p1a: Kingambit\n|-damage|p1a: Kingambit|0 fnt\n|faint|p1a: Kingambit\n|-end|p1a: Kingambit|fallen5|[silent]\n|\n|win|MorningStar53\n|raw|Cibbstr's rating: 1361 &rarr; <strong>1343<\/strong><br \/>(-18 for losing)\n|raw|MorningStar53's rating: 1403 &rarr; <strong>1421<\/strong><br \/>(+18 for winning)\n|l|\u2606Cibbstr\n","uploadtime":1700161249,"views":15,"p1id":"cibbstr","p2id":"morningstar53","formatid":"gen9nationaldexubers","rating":1343,"private":0,"password":""}