{"id":"gen9nationaldexubers-1980967619","p1":"Soyeon is a cutie","p2":"EpicGamer069420","format":"[Gen 9] National Dex Ubers","log":"|j|\u2606Soyeon is a cutie\n|j|\u2606EpicGamer069420\n|t:|1698853054\n|gametype|singles\n|player|p1|Soyeon is a cutie|idol|1830\n|player|p2|EpicGamer069420|lucas|1631\n|teamsize|p1|6\n|teamsize|p2|6\n|gen|9\n|tier|[Gen 9] National Dex Ubers\n|rated|\n|rule|HP Percentage Mod: HP is shown in percentages\n|rule|Endless Battle Clause: Forcing endless battles is banned\n|rule|OHKO Clause: OHKO moves are banned\n|rule|Evasion Moves Clause: Evasion moves are banned\n|rule|Evasion Items Clause: Evasion items are banned\n|rule|Species Clause: Limit one of each Pok\u00e9mon\n|rule|Sleep Clause Mod: Limit one foe put to sleep\n|rule|Mega Rayquaza Clause: You cannot mega evolve Rayquaza\n|clearpoke\n|poke|p1|Arceus-Fairy|\n|poke|p1|Kingambit, F|\n|poke|p1|Ditto|\n|poke|p1|Urshifu-*, M|\n|poke|p1|Lunala|\n|poke|p1|Necrozma-Dusk-Mane|\n|poke|p2|Heatran, F|\n|poke|p2|Necrozma-Dusk-Mane|\n|poke|p2|Xerneas-*|\n|poke|p2|Groudon|\n|poke|p2|Lugia|\n|poke|p2|Arceus-Ground|\n|teampreview\n|inactive|Battle timer is ON: inactive players will automatically lose when time's up. (requested by EpicGamer069420)\n|inactive|Soyeon is a cutie also wants the timer to be on.\n|\n|t:|1698853073\n|start\n|switch|p1a: Urshifu|Urshifu, M|100\/100\n|switch|p2a: Necrozma|Necrozma-Dusk-Mane|100\/100\n|turn|1\n|\n|t:|1698853080\n|switch|p2a: Xerneas|Xerneas|100\/100\n|-ability|p2a: Xerneas|Fairy Aura\n|move|p1a: Urshifu|Wicked Blow|p2a: Xerneas\n|-resisted|p2a: Xerneas\n|-crit|p2a: Xerneas\n|-damage|p2a: Xerneas|78\/100\n|-damage|p1a: Urshifu|91\/100|[from] item: Life Orb\n|\n|-heal|p2a: Xerneas|84\/100|[from] item: Leftovers\n|upkeep\n|turn|2\n|\n|t:|1698853089\n|switch|p1a: Necrozma|Necrozma-Dusk-Mane, shiny|100\/100\n|switch|p2a: Groudon|Groudon|100\/100\n|detailschange|p2a: Groudon|Groudon-Primal\n|-primal|p2a: Groudon|Red Orb\n|-weather|DesolateLand|[from] ability: Desolate Land|[of] p2a: Groudon\n|\n|-weather|DesolateLand|[upkeep]\n|upkeep\n|turn|3\n|\n|t:|1698853096\n|detailschange|p1a: Necrozma|Necrozma-Ultra, shiny\n|-burst|p1a: Necrozma|Necrozma|Ultranecrozium Z\n|move|p1a: Necrozma|Earth Power|p2a: Groudon\n|-supereffective|p2a: Groudon\n|-damage|p2a: Groudon|0 fnt\n|faint|p2a: Groudon\n|-weather|none\n|\n|upkeep\n|\n|t:|1698853103\n|switch|p2a: Lugia|Lugia|100\/100\n|turn|4\n|\n|t:|1698853107\n|switch|p1a: Kingambit|Kingambit, F|100\/100\n|move|p2a: Lugia|Toxic|p1a: Kingambit\n|-immune|p1a: Kingambit\n|\n|upkeep\n|turn|5\n|\n|t:|1698853111\n|switch|p2a: Arceus|Arceus-Ground|100\/100\n|move|p1a: Kingambit|Knock Off|p2a: Arceus\n|-damage|p2a: Arceus|75\/100\n|\n|upkeep\n|turn|6\n|\n|t:|1698853117\n|-end|p1a: Kingambit|fallenundefined|[silent]\n|switch|p1a: Arceus|Arceus-Fairy|100\/100\n|move|p2a: Arceus|Judgment|p1a: Arceus\n|-damage|p1a: Arceus|71\/100\n|\n|upkeep\n|turn|7\n|\n|t:|1698853120\n|switch|p2a: Necrozma|Necrozma-Dusk-Mane|100\/100\n|move|p1a: Arceus|Toxic|p2a: Necrozma|[miss]\n|-miss|p1a: Arceus|p2a: Necrozma\n|\n|upkeep\n|turn|8\n|\n|t:|1698853132\n|switch|p1a: Ditto|Ditto, shiny|100\/100\n|-transform|p1a: Ditto|p2a: Necrozma|[from] ability: Imposter\n|move|p2a: Necrozma|Toxic|p1a: Ditto\n|-immune|p1a: Ditto\n|\n|upkeep\n|turn|9\n|\n|t:|1698853138\n|move|p1a: Ditto|Knock Off|p2a: Necrozma\n|-supereffective|p2a: Necrozma\n|-damage|p2a: Necrozma|74\/100\n|-enditem|p2a: Necrozma|Leftovers|[from] move: Knock Off|[of] p1a: Ditto\n|move|p2a: Necrozma|Knock Off|p1a: Ditto\n|-supereffective|p1a: Ditto\n|-damage|p1a: Ditto|64\/100\n|-enditem|p1a: Ditto|Choice Scarf|[from] move: Knock Off|[of] p2a: Necrozma\n|\n|upkeep\n|turn|10\n|\n|t:|1698853146\n|move|p1a: Ditto|Knock Off|p2a: Necrozma\n|-supereffective|p2a: Necrozma\n|-damage|p2a: Necrozma|57\/100\n|move|p2a: Necrozma|Earthquake|p1a: Ditto\n|-supereffective|p1a: Ditto\n|-damage|p1a: Ditto|30\/100\n|\n|upkeep\n|turn|11\n|\n|t:|1698853150\n|move|p1a: Ditto|Morning Sun|p1a: Ditto\n|-heal|p1a: Ditto|79\/100\n|move|p2a: Necrozma|Morning Sun|p2a: Necrozma\n|-heal|p2a: Necrozma|100\/100\n|\n|upkeep\n|turn|12\n|\n|t:|1698853157\n|move|p1a: Ditto|Earthquake|p2a: Necrozma\n|-supereffective|p2a: Necrozma\n|-damage|p2a: Necrozma|74\/100\n|move|p2a: Necrozma|Earthquake|p1a: Ditto\n|-supereffective|p1a: Ditto\n|-damage|p1a: Ditto|44\/100\n|\n|upkeep\n|turn|13\n|\n|t:|1698853163\n|move|p2a: Necrozma|Earthquake|p1a: Ditto\n|-supereffective|p1a: Ditto\n|-damage|p1a: Ditto|9\/100\n|move|p1a: Ditto|Morning Sun|p1a: Ditto\n|-heal|p1a: Ditto|59\/100\n|\n|upkeep\n|turn|14\n|\n|t:|1698853167\n|move|p2a: Necrozma|Earthquake|p1a: Ditto\n|-supereffective|p1a: Ditto\n|-damage|p1a: Ditto|22\/100\n|move|p1a: Ditto|Morning Sun|p1a: Ditto\n|-heal|p1a: Ditto|72\/100\n|\n|upkeep\n|turn|15\n|\n|t:|1698853169\n|move|p2a: Necrozma|Earthquake|p1a: Ditto\n|-supereffective|p1a: Ditto\n|-damage|p1a: Ditto|37\/100\n|move|p1a: Ditto|Earthquake|p2a: Necrozma\n|-supereffective|p2a: Necrozma\n|-damage|p2a: Necrozma|47\/100\n|\n|upkeep\n|turn|16\n|\n|t:|1698853175\n|move|p1a: Ditto|Morning Sun|p1a: Ditto\n|-heal|p1a: Ditto|86\/100\n|move|p2a: Necrozma|Morning Sun|p2a: Necrozma\n|-heal|p2a: Necrozma|97\/100\n|\n|upkeep\n|turn|17\n|\n|t:|1698853178\n|move|p1a: Ditto|Earthquake|p2a: Necrozma\n|-supereffective|p2a: Necrozma\n|-damage|p2a: Necrozma|71\/100\n|move|p2a: Necrozma|Earthquake|p1a: Ditto\n|-supereffective|p1a: Ditto\n|-damage|p1a: Ditto|53\/100\n|\n|upkeep\n|turn|18\n|\n|t:|1698853182\n|move|p1a: Ditto|Morning Sun|p1a: Ditto\n|-heal|p1a: Ditto|100\/100\n|move|p2a: Necrozma|Earthquake|p1a: Ditto\n|-supereffective|p1a: Ditto\n|-damage|p1a: Ditto|63\/100\n|\n|upkeep\n|turn|19\n|\n|t:|1698853184\n|switch|p1a: Lunala|Lunala, shiny|100\/100\n|move|p2a: Necrozma|Earthquake|p1a: Lunala\n|-damage|p1a: Lunala|86\/100\n|\n|upkeep\n|turn|20\n|\n|t:|1698853186\n|move|p1a: Lunala|Moongeist Beam|p2a: Necrozma\n|-supereffective|p2a: Necrozma\n|-damage|p2a: Necrozma|3\/100\n|move|p2a: Necrozma|Knock Off|p1a: Lunala\n|-supereffective|p1a: Lunala\n|-damage|p1a: Lunala|0 fnt\n|-enditem|p1a: Lunala|Heavy-Duty Boots|[from] move: Knock Off|[of] p2a: Necrozma\n|faint|p1a: Lunala\n|\n|upkeep\n|\n|t:|1698853197\n|switch|p1a: Necrozma|Necrozma-Ultra, shiny|100\/100\n|turn|21\n|\n|t:|1698853201\n|switch|p2a: Lugia|Lugia|100\/100\n|move|p1a: Necrozma|Photon Geyser|p2a: Lugia\n|-resisted|p2a: Lugia\n|-damage|p2a: Lugia|83\/100\n|\n|upkeep\n|turn|22\n|\n|t:|1698853203\n|switch|p1a: Kingambit|Kingambit, F|100\/100\n|-activate|p1a: Kingambit|ability: Supreme Overlord\n|-start|p1a: Kingambit|fallen1|[silent]\n|move|p2a: Lugia|Toxic|p1a: Kingambit\n|-immune|p1a: Kingambit\n|\n|upkeep\n|turn|23\n|\n|t:|1698853209\n|switch|p2a: Arceus|Arceus-Ground|75\/100\n|move|p1a: Kingambit|Knock Off|p2a: Arceus\n|-damage|p2a: Arceus|47\/100\n|\n|upkeep\n|turn|24\n|\n|t:|1698853215\n|-end|p1a: Kingambit|fallen1|[silent]\n|switch|p1a: Urshifu|Urshifu, M|91\/100\n|move|p2a: Arceus|Recover|p2a: Arceus\n|-heal|p2a: Arceus|97\/100\n|\n|upkeep\n|turn|25\n|\n|t:|1698853219\n|switch|p2a: Xerneas|Xerneas|84\/100\n|-ability|p2a: Xerneas|Fairy Aura\n|move|p1a: Urshifu|Iron Head|p2a: Xerneas\n|-supereffective|p2a: Xerneas\n|-damage|p2a: Xerneas|43\/100\n|-damage|p1a: Urshifu|81\/100|[from] item: Life Orb\n|\n|-heal|p2a: Xerneas|49\/100|[from] item: Leftovers\n|upkeep\n|turn|26\n|\n|t:|1698853229\n|-terastallize|p1a: Urshifu|Steel\n|move|p1a: Urshifu|Iron Head|p2a: Xerneas\n|-supereffective|p2a: Xerneas\n|-damage|p2a: Xerneas|0 fnt\n|faint|p2a: Xerneas\n|-damage|p1a: Urshifu|71\/100|[from] item: Life Orb\n|\n|upkeep\n|\n|t:|1698853238\n|switch|p2a: Arceus|Arceus-Ground|97\/100\n|turn|27\n|\n|t:|1698853244\n|switch|p1a: Arceus|Arceus-Fairy|71\/100\n|move|p2a: Arceus|Judgment|p1a: Arceus\n|-damage|p1a: Arceus|38\/100\n|\n|upkeep\n|turn|28\n|\n|t:|1698853262\n|switch|p2a: Heatran|Heatran, F|100\/100\n|-item|p2a: Heatran|Air Balloon\n|move|p1a: Arceus|Recover|p1a: Arceus\n|-heal|p1a: Arceus|88\/100\n|\n|upkeep\n|turn|29\n|\n|t:|1698853270\n|move|p1a: Arceus|Taunt|p2a: Heatran\n|-start|p2a: Heatran|move: Taunt\n|cant|p2a: Heatran|move: Taunt|Toxic\n|\n|upkeep\n|turn|30\n|\n|t:|1698853273\n|move|p1a: Arceus|Judgment|p2a: Heatran\n|-resisted|p2a: Heatran\n|-damage|p2a: Heatran|90\/100\n|-enditem|p2a: Heatran|Air Balloon\n|move|p2a: Heatran|Magma Storm|p1a: Arceus\n|-damage|p1a: Arceus|48\/100\n|-activate|p1a: Arceus|move: Magma Storm|[of] p2a: Heatran\n|\n|-damage|p1a: Arceus|35\/100|[from] move: Magma Storm|[partiallytrapped]\n|upkeep\n|turn|31\n|\n|t:|1698853276\n|move|p1a: Arceus|Recover|p1a: Arceus\n|-heal|p1a: Arceus|85\/100\n|move|p2a: Heatran|Earth Power|p1a: Arceus\n|-damage|p1a: Arceus|64\/100\n|\n|-damage|p1a: Arceus|52\/100|[from] move: Magma Storm|[partiallytrapped]\n|-end|p2a: Heatran|move: Taunt\n|upkeep\n|turn|32\n|\n|t:|1698853281\n|move|p1a: Arceus|Recover|p1a: Arceus\n|-heal|p1a: Arceus|100\/100\n|move|p2a: Heatran|Magma Storm|p1a: Arceus\n|-damage|p1a: Arceus|63\/100\n|\n|-damage|p1a: Arceus|50\/100|[from] move: Magma Storm|[partiallytrapped]\n|upkeep\n|turn|33\n|\n|t:|1698853285\n|move|p1a: Arceus|Taunt|p2a: Heatran\n|-start|p2a: Heatran|move: Taunt\n|cant|p2a: Heatran|move: Taunt|Toxic\n|\n|-damage|p1a: Arceus|38\/100|[from] move: Magma Storm|[partiallytrapped]\n|upkeep\n|turn|34\n|\n|t:|1698853287\n|move|p1a: Arceus|Recover|p1a: Arceus\n|-heal|p1a: Arceus|88\/100\n|move|p2a: Heatran|Magma Storm|p1a: Arceus\n|-damage|p1a: Arceus|51\/100\n|\n|-end|p1a: Arceus|Magma Storm|[partiallytrapped]\n|upkeep\n|turn|35\n|\n|t:|1698853292\n|switch|p1a: Ditto|Ditto, shiny|63\/100\n|-transform|p1a: Ditto|p2a: Heatran|[from] ability: Imposter\n|move|p2a: Heatran|Magma Storm|p1a: Ditto\n|-start|p1a: Ditto|ability: Flash Fire\n|\n|-end|p2a: Heatran|move: Taunt\n|upkeep\n|turn|36\n|\n|t:|1698853298\n|move|p2a: Heatran|Earth Power|p1a: Ditto\n|-supereffective|p1a: Ditto\n|-damage|p1a: Ditto|0 fnt\n|faint|p1a: Ditto\n|\n|upkeep\n|\n|t:|1698853305\n|switch|p1a: Urshifu|Urshifu, M, tera:Steel|71\/100\n|turn|37\n|\n|t:|1698853323\n|switch|p2a: Necrozma|Necrozma-Dusk-Mane|3\/100\n|move|p1a: Urshifu|Low Kick|p2a: Necrozma\n|-damage|p2a: Necrozma|0 fnt\n|faint|p2a: Necrozma\n|-damage|p1a: Urshifu|61\/100|[from] item: Life Orb\n|\n|upkeep\n|\n|t:|1698853328\n|switch|p2a: Arceus|Arceus-Ground|97\/100\n|turn|38\n|\n|t:|1698853334\n|move|p1a: Urshifu|Sucker Punch||[still]\n|-fail|p1a: Urshifu\n|move|p2a: Arceus|Calm Mind|p2a: Arceus\n|-boost|p2a: Arceus|spa|1\n|-boost|p2a: Arceus|spd|1\n|\n|upkeep\n|turn|39\n|\n|t:|1698853337\n|move|p1a: Urshifu|Sucker Punch|p2a: Arceus\n|-damage|p2a: Arceus|73\/100\n|-damage|p1a: Urshifu|51\/100|[from] item: Life Orb\n|move|p2a: Arceus|Judgment|p1a: Urshifu\n|-supereffective|p1a: Urshifu\n|-damage|p1a: Urshifu|0 fnt\n|faint|p1a: Urshifu\n|\n|upkeep\n|\n|t:|1698853343\n|switch|p1a: Arceus|Arceus-Fairy|51\/100\n|turn|40\n|\n|t:|1698853352\n|switch|p2a: Heatran|Heatran, F|90\/100\n|move|p1a: Arceus|Toxic|p2a: Heatran\n|-immune|p2a: Heatran\n|\n|upkeep\n|turn|41\n|\n|t:|1698853357\n|switch|p1a: Necrozma|Necrozma-Ultra, shiny|100\/100\n|move|p2a: Heatran|Magma Storm|p1a: Necrozma|[miss]\n|-miss|p2a: Heatran|p1a: Necrozma\n|\n|upkeep\n|turn|42\n|\n|t:|1698853361\n|switch|p2a: Lugia|Lugia|83\/100\n|move|p1a: Necrozma|Stealth Rock|p2a: Lugia\n|-sidestart|p2: EpicGamer069420|move: Stealth Rock\n|\n|upkeep\n|turn|43\n|\n|t:|1698853365\n|switch|p1a: Kingambit|Kingambit, F|100\/100\n|-activate|p1a: Kingambit|ability: Supreme Overlord\n|-start|p1a: Kingambit|fallen3|[silent]\n|move|p2a: Lugia|Defog|p1a: Kingambit\n|-unboost|p1a: Kingambit|evasion|1\n|-sideend|p2: EpicGamer069420|Stealth Rock|[from] move: Defog|[of] p2a: Lugia\n|\n|upkeep\n|turn|44\n|\n|t:|1698853368\n|switch|p2a: Arceus|Arceus-Ground|73\/100\n|move|p1a: Kingambit|Knock Off|p2a: Arceus\n|-damage|p2a: Arceus|39\/100\n|\n|upkeep\n|turn|45\n|\n|t:|1698853371\n|-end|p1a: Kingambit|fallen3|[silent]\n|switch|p1a: Necrozma|Necrozma-Ultra, shiny|100\/100\n|move|p2a: Arceus|Recover|p2a: Arceus\n|-heal|p2a: Arceus|89\/100\n|\n|upkeep\n|turn|46\n|\n|t:|1698853374\n|move|p1a: Necrozma|Photon Geyser|p2a: Arceus\n|-damage|p2a: Arceus|51\/100\n|move|p2a: Arceus|Judgment|p1a: Necrozma\n|-damage|p1a: Necrozma|45\/100\n|\n|upkeep\n|turn|47\n|\n|t:|1698853381\n|move|p1a: Necrozma|Stealth Rock|p2a: Arceus\n|-sidestart|p2: EpicGamer069420|move: Stealth Rock\n|move|p2a: Arceus|Recover|p2a: Arceus\n|-heal|p2a: Arceus|100\/100\n|\n|upkeep\n|turn|48\n|\n|t:|1698853398\n|switch|p2a: Lugia|Lugia|83\/100\n|-zpower|p1a: Necrozma\n|move|p1a: Necrozma|Light That Burns the Sky|p2a: Lugia|[zeffect]\n|-resisted|p2a: Lugia\n|-damage|p2a: Lugia|45\/100\n|\n|upkeep\n|turn|49\n|\n|t:|1698853401\n|switch|p1a: Kingambit|Kingambit, F|100\/100\n|-activate|p1a: Kingambit|ability: Supreme Overlord\n|-start|p1a: Kingambit|fallen3|[silent]\n|move|p2a: Lugia|Defog|p1a: Kingambit\n|-unboost|p1a: Kingambit|evasion|1\n|-sideend|p2: EpicGamer069420|Stealth Rock|[from] move: Defog|[of] p2a: Lugia\n|\n|upkeep\n|turn|50\n|\n|t:|1698853404\n|switch|p2a: Arceus|Arceus-Ground|100\/100\n|move|p1a: Kingambit|Knock Off|p2a: Arceus\n|-damage|p2a: Arceus|68\/100\n|\n|upkeep\n|turn|51\n|\n|t:|1698853408\n|-end|p1a: Kingambit|fallen3|[silent]\n|switch|p1a: Arceus|Arceus-Fairy|51\/100\n|move|p2a: Arceus|Judgment|p1a: Arceus\n|-damage|p1a: Arceus|17\/100\n|\n|upkeep\n|turn|52\n|\n|t:|1698853410\n|move|p1a: Arceus|Judgment|p2a: Arceus\n|-damage|p2a: Arceus|35\/100\n|move|p2a: Arceus|Judgment|p1a: Arceus\n|-damage|p1a: Arceus|0 fnt\n|faint|p1a: Arceus\n|\n|upkeep\n|\n|t:|1698853415\n|switch|p1a: Necrozma|Necrozma-Ultra, shiny|45\/100\n|turn|53\n|\n|t:|1698853422\n|switch|p2a: Heatran|Heatran, F|90\/100\n|move|p1a: Necrozma|Dragon Pulse|p2a: Heatran\n|-resisted|p2a: Heatran\n|-damage|p2a: Heatran|66\/100\n|\n|upkeep\n|turn|54\n|\n|t:|1698853438\n|switch|p2a: Lugia|Lugia|45\/100\n|move|p1a: Necrozma|Dragon Pulse|p2a: Lugia\n|-damage|p2a: Lugia|15\/100\n|\n|upkeep\n|turn|55\n|\n|t:|1698853442\n|move|p1a: Necrozma|Dragon Pulse|p2a: Lugia\n|-damage|p2a: Lugia|0 fnt\n|faint|p2a: Lugia\n|\n|upkeep\n|\n|t:|1698853447\n|switch|p2a: Heatran|Heatran, F|66\/100\n|turn|56\n|\n|t:|1698853449\n|-terastallize|p2a: Heatran|Grass\n|move|p1a: Necrozma|Earth Power|p2a: Heatran\n|-resisted|p2a: Heatran\n|-damage|p2a: Heatran|47\/100\n|move|p2a: Heatran|Magma Storm|p1a: Necrozma\n|-resisted|p1a: Necrozma\n|-damage|p1a: Necrozma|14\/100\n|-activate|p1a: Necrozma|move: Magma Storm|[of] p2a: Heatran\n|\n|-damage|p1a: Necrozma|1\/100|[from] move: Magma Storm|[partiallytrapped]\n|upkeep\n|turn|57\n|\n|t:|1698853453\n|move|p1a: Necrozma|Photon Geyser|p2a: Heatran\n|-damage|p2a: Heatran|0 fnt\n|faint|p2a: Heatran\n|\n|-end|p1a: Necrozma|Magma Storm|[partiallytrapped]|[silent]\n|upkeep\n|\n|t:|1698853456\n|switch|p2a: Arceus|Arceus-Ground|35\/100\n|turn|58\n|\n|t:|1698853458\n|move|p1a: Necrozma|Photon Geyser|p2a: Arceus\n|-damage|p2a: Arceus|0 fnt\n|faint|p2a: Arceus\n|\n|win|Soyeon is a cutie\n|raw|Soyeon is a cutie's rating: 1830 &rarr; <strong>1840<\/strong><br \/>(+10 for winning)\n|raw|EpicGamer069420's rating: 1631 &rarr; <strong>1621<\/strong><br \/>(-10 for losing)\n|l|\u2606EpicGamer069420\n|l|\u2606Soyeon is a cutie\n","uploadtime":1698853470,"views":7,"p1id":"soyeonisacutie","p2id":"epicgamer069420","formatid":"gen9nationaldexubers","rating":1621,"private":0,"password":""}