{"id":"gen9nationaldexubers-1978063971","p1":"youssefjaipasdin","p2":"DrArkane16","format":"[Gen 9] National Dex Ubers","log":"|j|\u2606youssefjaipasdin\n|j|\u2606DrArkane16\n|t:|1698493777\n|gametype|singles\n|player|p1|youssefjaipasdin|lucas|\n|player|p2|DrArkane16|cyrus|\n|teamsize|p1|3\n|teamsize|p2|2\n|gen|9\n|tier|[Gen 9] National Dex Ubers\n|rule|HP Percentage Mod: HP is shown in percentages\n|rule|Endless Battle Clause: Forcing endless battles is banned\n|rule|OHKO Clause: OHKO moves are banned\n|rule|Evasion Moves Clause: Evasion moves are banned\n|rule|Evasion Items Clause: Evasion items are banned\n|rule|Species Clause: Limit one of each Pok\u00e9mon\n|rule|Sleep Clause Mod: Limit one foe put to sleep\n|rule|Mega Rayquaza Clause: You cannot mega evolve Rayquaza\n|clearpoke\n|poke|p1|Riolu, L8, M|\n|poke|p1|Taillow, L10, M|\n|poke|p1|Magikarp, L4, F|\n|poke|p2|Riolu, L15, F|\n|poke|p2|Kubfu, L13, F|\n|teampreview\n|j| THEGAMER3777\n|\n|t:|1698493785\n|start\n|switch|p1a: Magikarp|Magikarp, L4, F|100\/100\n|switch|p2a: Kubfu|Kubfu, L13, F|100\/100\n|turn|1\n|\n|t:|1698493793\n|move|p2a: Kubfu|Leer|p1a: Magikarp\n|-unboost|p1a: Magikarp|def|1\n|move|p1a: Magikarp|Splash|p1a: Magikarp\n|-nothing\n|\n|upkeep\n|turn|2\n|\n|t:|1698493799\n|move|p2a: Kubfu|Rock Smash|p1a: Magikarp\n|-damage|p1a: Magikarp|0 fnt\n|faint|p1a: Magikarp\n|\n|upkeep\n|\n|t:|1698493805\n|switch|p1a: Taillow|Taillow, L10, M|100\/100\n|turn|3\n|\n|t:|1698493809\n|move|p2a: Kubfu|Leer|p1a: Taillow\n|-unboost|p1a: Taillow|def|1\n|move|p1a: Taillow|Peck|p2a: Kubfu\n|-supereffective|p2a: Kubfu\n|-crit|p2a: Kubfu\n|-damage|p2a: Kubfu|43\/100\n|\n|upkeep\n|turn|4\n|\n|t:|1698493823\n|move|p2a: Kubfu|Endure|p2a: Kubfu\n|-singleturn|p2a: Kubfu|move: Endure\n|move|p1a: Taillow|Peck|p2a: Kubfu\n|-supereffective|p2a: Kubfu\n|-damage|p2a: Kubfu|10\/100\n|\n|upkeep\n|turn|5\n|\n|t:|1698493829\n|move|p1a: Taillow|Quick Attack|p2a: Kubfu\n|-damage|p2a: Kubfu|0 fnt\n|faint|p2a: Kubfu\n|\n|upkeep\n|\n|t:|1698493833\n|switch|p2a: Riolu|Riolu, L15, F|100\/100\n|turn|6\n|c| THEGAMER3777|bien jou\u00e9 hermes\n|\n|t:|1698493845\n|move|p2a: Riolu|Metal Claw|p1a: Taillow\n|-damage|p1a: Taillow|30\/100\n|move|p1a: Taillow|Peck|p2a: Riolu\n|-supereffective|p2a: Riolu\n|-damage|p2a: Riolu|57\/100\n|\n|upkeep\n|turn|7\n|\n|t:|1698493852\n|move|p1a: Taillow|Quick Attack|p2a: Riolu\n|-damage|p2a: Riolu|35\/100\n|move|p2a: Riolu|Metal Claw|p1a: Taillow|[miss]\n|-miss|p2a: Riolu|p1a: Taillow\n|\n|upkeep\n|turn|8\n|\n|t:|1698493860\n|move|p2a: Riolu|Quick Attack|p1a: Taillow\n|-damage|p1a: Taillow|0 fnt\n|faint|p1a: Taillow\n|\n|upkeep\n|\n|t:|1698493865\n|switch|p1a: Riolu|Riolu, L8, M|100\/100\n|turn|9\n|\n|t:|1698493871\n|move|p2a: Riolu|Metal Claw|p1a: Riolu\n|-damage|p1a: Riolu|16\/100\n|move|p1a: Riolu|Rock Smash|p2a: Riolu\n|-damage|p2a: Riolu|18\/100\n|\n|upkeep\n|turn|10\n|\n|t:|1698493880\n|move|p2a: Riolu|Quick Attack|p1a: Riolu\n|-damage|p1a: Riolu|0 fnt\n|faint|p1a: Riolu\n|\n|win|DrArkane16\n|c| THEGAMER3777|dommage\n|c| THEGAMER3777|presque\n","uploadtime":1698493889,"views":13,"p1id":"youssefjaipasdin","p2id":"drarkane16","formatid":"gen9nationaldexubers","rating":0,"private":0,"password":""}