{"id":"gen9nationaldexubers-1982125688","p1":"abuzzi","p2":"g33builder","format":"[Gen 9] National Dex Ubers","log":"|j|\u2606abuzzi\n|j|\u2606g33builder\n|t:|1698970481\n|gametype|singles\n|player|p1|abuzzi|bianca|\n|player|p2|g33builder|brycenman|\n|teamsize|p1|6\n|teamsize|p2|6\n|gen|9\n|tier|[Gen 9] National Dex Ubers\n|rule|HP Percentage Mod: HP is shown in percentages\n|rule|Endless Battle Clause: Forcing endless battles is banned\n|rule|OHKO Clause: OHKO moves are banned\n|rule|Evasion Moves Clause: Evasion moves are banned\n|rule|Evasion Items Clause: Evasion items are banned\n|rule|Species Clause: Limit one of each Pok\u00e9mon\n|rule|Sleep Clause Mod: Limit one foe put to sleep\n|rule|Mega Rayquaza Clause: You cannot mega evolve Rayquaza\n|clearpoke\n|poke|p1|Pelipper, F|\n|poke|p1|Iron Hands|\n|poke|p1|Grimmsnarl, M|\n|poke|p1|Swampert, F|\n|poke|p1|Dragapult, M|\n|poke|p1|Venusaur, F|\n|poke|p2|Zamazenta-*|\n|poke|p2|Corviknight, F|\n|poke|p2|Iron Valiant|\n|poke|p2|Enamorus, F|\n|poke|p2|Chansey, F|\n|poke|p2|Toxapex, M|\n|teampreview\n|j| soggytoastman\n|\n|t:|1698970570\n|start\n|switch|p1a: Grimmsnarl|Grimmsnarl, M|100\/100\n|switch|p2a: Twink Death|Enamorus, F, shiny|100\/100\n|turn|1\n|\n|t:|1698970582\n|move|p1a: Grimmsnarl|Light Screen|p1a: Grimmsnarl\n|-sidestart|p1: abuzzi|move: Light Screen\n|move|p2a: Twink Death|Moonblast|p1a: Grimmsnarl\n|-supereffective|p1a: Grimmsnarl\n|-damage|p1a: Grimmsnarl|58\/100\n|\n|-heal|p1a: Grimmsnarl|64\/100|[from] item: Leftovers\n|upkeep\n|turn|2\n|\n|t:|1698970589\n|move|p1a: Grimmsnarl|Reflect|p1a: Grimmsnarl\n|-sidestart|p1: abuzzi|Reflect\n|move|p2a: Twink Death|Moonblast|p1a: Grimmsnarl\n|-supereffective|p1a: Grimmsnarl\n|-damage|p1a: Grimmsnarl|18\/100\n|\n|-heal|p1a: Grimmsnarl|24\/100|[from] item: Leftovers\n|upkeep\n|turn|3\n|\n|t:|1698970603\n|move|p1a: Grimmsnarl|Thunder Wave|p2a: Twink Death\n|-status|p2a: Twink Death|par\n|cant|p2a: Twink Death|par\n|\n|-heal|p1a: Grimmsnarl|30\/100|[from] item: Leftovers\n|upkeep\n|turn|4\n|\n|t:|1698970634\n|move|p1a: Grimmsnarl|Metronome|p1a: Grimmsnarl\n|move|p1a: Grimmsnarl|Spore||[from]move: Metronome|[still]\n|-fail|p1a: Grimmsnarl\n|move|p2a: Twink Death|Mystical Fire|p1a: Grimmsnarl\n|-damage|p1a: Grimmsnarl|20\/100\n|-unboost|p1a: Grimmsnarl|spa|1\n|\n|-heal|p1a: Grimmsnarl|26\/100|[from] item: Leftovers\n|upkeep\n|turn|5\n|\n|t:|1698970675\n|switch|p1a: Iron Hands|Iron Hands|100\/100\n|-enditem|p1a: Iron Hands|Booster Energy\n|-activate|p1a: Iron Hands|ability: Quark Drive|[fromitem]\n|-start|p1a: Iron Hands|quarkdriveatk\n|move|p2a: Twink Death|Moonblast|p1a: Iron Hands\n|-supereffective|p1a: Iron Hands\n|-damage|p1a: Iron Hands|46\/100\n|-unboost|p1a: Iron Hands|spa|1\n|\n|-sideend|p1: abuzzi|move: Light Screen\n|upkeep\n|turn|6\n|\n|t:|1698970711\n|switch|p2a: Z a z a|Zamazenta|100\/100\n|-ability|p2a: Z a z a|Dauntless Shield|boost\n|-boost|p2a: Z a z a|def|1\n|move|p1a: Iron Hands|Thunder Punch|p2a: Z a z a\n|-damage|p2a: Z a z a|79\/100\n|\n|-heal|p2a: Z a z a|86\/100|[from] item: Leftovers\n|-sideend|p1: abuzzi|Reflect\n|upkeep\n|turn|7\n|\n|t:|1698970742\n|-end|p1a: Iron Hands|Quark Drive|[silent]\n|switch|p1a: Dragapult|Dragapult, M|100\/100\n|move|p2a: Z a z a|Substitute|p2a: Z a z a\n|-start|p2a: Z a z a|Substitute\n|-damage|p2a: Z a z a|61\/100\n|\n|-heal|p2a: Z a z a|67\/100|[from] item: Leftovers\n|upkeep\n|turn|8\n|\n|t:|1698970754\n|move|p1a: Dragapult|Draco Meteor|p2a: Z a z a\n|-damage|p2a: Z a z a|24\/100\n|-unboost|p1a: Dragapult|spa|2\n|move|p2a: Z a z a|Ice Fang|p1a: Dragapult\n|-supereffective|p1a: Dragapult\n|-damage|p1a: Dragapult|54\/100\n|-damage|p2a: Z a z a|7\/100|[from] item: Rocky Helmet|[of] p1a: Dragapult\n|\n|-heal|p2a: Z a z a|14\/100|[from] item: Leftovers\n|upkeep\n|turn|9\n|\n|t:|1698970774\n|switch|p2a: Twink Death|Enamorus, F, shiny|100\/100 par\n|move|p1a: Dragapult|Hex|p2a: Twink Death\n|-damage|p2a: Twink Death|59\/100 par\n|\n|upkeep\n|turn|10\n|\n|t:|1698970788\n|switch|p2a: Bane of Arthropods|Chansey, F, shiny|100\/100\n|move|p1a: Dragapult|Hex|p2a: Bane of Arthropods\n|-immune|p2a: Bane of Arthropods\n|\n|upkeep\n|turn|11\n|\n|t:|1698970801\n|switch|p1a: Venusaur|Venusaur, F|100\/100\n|move|p2a: Bane of Arthropods|Stealth Rock|p1a: Venusaur\n|-sidestart|p1: abuzzi|move: Stealth Rock\n|\n|upkeep\n|turn|12\n|\n|t:|1698970823\n|switch|p1a: Swampert|Swampert, F|100\/100\n|-damage|p1a: Swampert|94\/100|[from] Stealth Rock\n|switch|p2a: Darth Fortnite|Corviknight, F, shiny|100\/100\n|\n|upkeep\n|turn|13\n|\n|t:|1698970864\n|detailschange|p1a: Swampert|Swampert-Mega, F\n|-mega|p1a: Swampert|Swampert|Swampertite\n|move|p1a: Swampert|Power-Up Punch|p2a: Darth Fortnite\n|-damage|p2a: Darth Fortnite|88\/100\n|-boost|p1a: Swampert|atk|1\n|move|p2a: Darth Fortnite|U-turn|p1a: Swampert\n|-damage|p1a: Swampert|82\/100\n|\n|t:|1698970876\n|switch|p2a: Iron Valorant|Iron Valiant|100\/100|[from] U-turn\n|-enditem|p2a: Iron Valorant|Booster Energy\n|-activate|p2a: Iron Valorant|ability: Quark Drive|[fromitem]\n|-start|p2a: Iron Valorant|quarkdrivespe\n|\n|upkeep\n|turn|14\n|\n|t:|1698970898\n|move|p2a: Iron Valorant|Energy Ball|p1a: Swampert\n|-supereffective|p1a: Swampert\n|-damage|p1a: Swampert|0 fnt\n|faint|p1a: Swampert\n|\n|upkeep\n|\n|t:|1698970903\n|switch|p1a: Venusaur|Venusaur, F|100\/100\n|-damage|p1a: Venusaur|88\/100|[from] Stealth Rock\n|turn|15\n|\n|t:|1698970918\n|-end|p2a: Iron Valorant|Quark Drive|[silent]\n|switch|p2a: Darth Fortnite|Corviknight, F, shiny|88\/100\n|move|p1a: Venusaur|Toxic|p2a: Darth Fortnite\n|-immune|p2a: Darth Fortnite\n|\n|-heal|p1a: Venusaur|94\/100|[from] item: Leftovers\n|-heal|p2a: Darth Fortnite|95\/100|[from] item: Leftovers\n|upkeep\n|turn|16\n|\n|t:|1698970956\n|switch|p1a: Dragapult|Dragapult, M|54\/100\n|-damage|p1a: Dragapult|42\/100|[from] Stealth Rock\n|move|p2a: Darth Fortnite|U-turn|p1a: Dragapult\n|-resisted|p1a: Dragapult\n|-damage|p1a: Dragapult|32\/100\n|-damage|p2a: Darth Fortnite|78\/100|[from] item: Rocky Helmet|[of] p1a: Dragapult\n|\n|t:|1698970967\n|switch|p2a: Bane of Arthropods|Chansey, F, shiny|100\/100|[from] U-turn\n|\n|upkeep\n|turn|17\n|\n|t:|1698970998\n|switch|p1a: Venusaur|Venusaur, F|94\/100\n|-damage|p1a: Venusaur|82\/100|[from] Stealth Rock\n|move|p2a: Bane of Arthropods|Toxic|p1a: Venusaur\n|-immune|p1a: Venusaur\n|\n|-heal|p1a: Venusaur|88\/100|[from] item: Leftovers\n|upkeep\n|turn|18\n|\n|t:|1698971020\n|switch|p1a: Pelipper|Pelipper, F|100\/100\n|-damage|p1a: Pelipper|75\/100|[from] Stealth Rock\n|-weather|RainDance|[from] ability: Drizzle|[of] p1a: Pelipper\n|switch|p2a: Darth Fortnite|Corviknight, F, shiny|78\/100\n|\n|-weather|RainDance|[upkeep]\n|-heal|p2a: Darth Fortnite|84\/100|[from] item: Leftovers\n|-heal|p1a: Pelipper|82\/100|[from] item: Leftovers\n|upkeep\n|turn|19\n|\n|t:|1698971054\n|move|p2a: Darth Fortnite|U-turn|p1a: Pelipper\n|-resisted|p1a: Pelipper\n|-damage|p1a: Pelipper|76\/100\n|\n|t:|1698971057\n|switch|p2a: Bane of Arthropods|Chansey, F, shiny|100\/100|[from] U-turn\n|move|p1a: Pelipper|Tailwind|p1a: Pelipper\n|-sidestart|p1: abuzzi|move: Tailwind\n|\n|-weather|RainDance|[upkeep]\n|-heal|p1a: Pelipper|82\/100|[from] item: Leftovers\n|upkeep\n|turn|20\n|\n|t:|1698971073\n|switch|p1a: Iron Hands|Iron Hands|46\/100\n|-damage|p1a: Iron Hands|40\/100|[from] Stealth Rock\n|move|p2a: Bane of Arthropods|Toxic|p1a: Iron Hands\n|-status|p1a: Iron Hands|tox\n|\n|-weather|RainDance|[upkeep]\n|-damage|p1a: Iron Hands|33\/100 tox|[from] psn\n|upkeep\n|turn|21\n|\n|t:|1698971090\n|switch|p2a: Microwave Baby|Toxapex, M, shiny|100\/100\n|move|p1a: Iron Hands|Drain Punch|p2a: Microwave Baby\n|-resisted|p2a: Microwave Baby\n|-damage|p2a: Microwave Baby|88\/100\n|-heal|p1a: Iron Hands|37\/100 tox|[from] drain|[of] p2a: Microwave Baby\n|\n|-weather|RainDance|[upkeep]\n|-heal|p2a: Microwave Baby|94\/100|[from] item: Black Sludge\n|-damage|p1a: Iron Hands|25\/100 tox|[from] psn\n|upkeep\n|turn|22\n|\n|t:|1698971113\n|move|p2a: Microwave Baby|Baneful Bunker|p2a: Microwave Baby\n|-singleturn|p2a: Microwave Baby|move: Protect\n|move|p1a: Iron Hands|Thunder Punch|p2a: Microwave Baby\n|-activate|p2a: Microwave Baby|move: Protect\n|\n|-weather|none\n|-heal|p2a: Microwave Baby|100\/100|[from] item: Black Sludge\n|-damage|p1a: Iron Hands|6\/100 tox|[from] psn\n|-sideend|p1: abuzzi|move: Tailwind\n|upkeep\n|turn|23\n|\n|t:|1698971129\n|move|p1a: Iron Hands|Thunder Punch|p2a: Microwave Baby\n|-supereffective|p2a: Microwave Baby\n|-damage|p2a: Microwave Baby|49\/100\n|move|p2a: Microwave Baby|Recover|p2a: Microwave Baby\n|-heal|p2a: Microwave Baby|99\/100\n|\n|-heal|p2a: Microwave Baby|100\/100|[from] item: Black Sludge\n|-damage|p1a: Iron Hands|0 fnt|[from] psn\n|faint|p1a: Iron Hands\n|-end|p1a: Iron Hands|Quark Drive|[silent]\n|upkeep\n|\n|t:|1698971167\n|switch|p1a: Venusaur|Venusaur, F|88\/100\n|-damage|p1a: Venusaur|75\/100|[from] Stealth Rock\n|turn|24\n|\n|t:|1698971178\n|move|p1a: Venusaur|Earth Power|p2a: Microwave Baby\n|-supereffective|p2a: Microwave Baby\n|-damage|p2a: Microwave Baby|51\/100\n|move|p2a: Microwave Baby|Scald|p1a: Venusaur\n|-resisted|p1a: Venusaur\n|-damage|p1a: Venusaur|68\/100\n|\n|-heal|p1a: Venusaur|74\/100|[from] item: Leftovers\n|-heal|p2a: Microwave Baby|57\/100|[from] item: Black Sludge\n|upkeep\n|turn|25\n|\n|t:|1698971199\n|move|p2a: Microwave Baby|Baneful Bunker|p2a: Microwave Baby\n|-singleturn|p2a: Microwave Baby|move: Protect\n|move|p1a: Venusaur|Earth Power|p2a: Microwave Baby\n|-activate|p2a: Microwave Baby|move: Protect\n|\n|-heal|p1a: Venusaur|80\/100|[from] item: Leftovers\n|-heal|p2a: Microwave Baby|64\/100|[from] item: Black Sludge\n|upkeep\n|turn|26\n|\n|t:|1698971211\n|switch|p2a: Darth Fortnite|Corviknight, F, shiny|84\/100\n|move|p1a: Venusaur|Giga Drain|p2a: Darth Fortnite\n|-resisted|p2a: Darth Fortnite\n|-damage|p2a: Darth Fortnite|76\/100\n|-heal|p1a: Venusaur|85\/100|[from] drain|[of] p2a: Darth Fortnite\n|\n|-heal|p1a: Venusaur|91\/100|[from] item: Leftovers\n|-heal|p2a: Darth Fortnite|82\/100|[from] item: Leftovers\n|upkeep\n|turn|27\n|\n|t:|1698971234\n|switch|p1a: Grimmsnarl|Grimmsnarl, M|26\/100\n|-damage|p1a: Grimmsnarl|13\/100|[from] Stealth Rock\n|move|p2a: Darth Fortnite|Brave Bird|p1a: Grimmsnarl\n|-damage|p1a: Grimmsnarl|0 fnt\n|faint|p1a: Grimmsnarl\n|-damage|p2a: Darth Fortnite|78\/100|[from] Recoil\n|\n|-heal|p2a: Darth Fortnite|84\/100|[from] item: Leftovers\n|upkeep\n|\n|t:|1698971247\n|switch|p1a: Dragapult|Dragapult, M|32\/100\n|-damage|p1a: Dragapult|20\/100|[from] Stealth Rock\n|turn|28\n|\n|t:|1698971264\n|switch|p2a: Bane of Arthropods|Chansey, F, shiny|100\/100\n|move|p1a: Dragapult|Flamethrower|p2a: Bane of Arthropods\n|-damage|p2a: Bane of Arthropods|94\/100\n|\n|upkeep\n|turn|29\n|\n|t:|1698971292\n|switch|p1a: Venusaur|Venusaur, F|91\/100\n|-damage|p1a: Venusaur|79\/100|[from] Stealth Rock\n|move|p2a: Bane of Arthropods|Toxic|p1a: Venusaur\n|-immune|p1a: Venusaur\n|\n|-heal|p1a: Venusaur|85\/100|[from] item: Leftovers\n|upkeep\n|turn|30\n|\n|t:|1698971310\n|switch|p2a: Darth Fortnite|Corviknight, F, shiny|84\/100\n|move|p1a: Venusaur|Giga Drain|p2a: Darth Fortnite\n|-resisted|p2a: Darth Fortnite\n|-damage|p2a: Darth Fortnite|77\/100\n|-heal|p1a: Venusaur|89\/100|[from] drain|[of] p2a: Darth Fortnite\n|\n|-heal|p1a: Venusaur|95\/100|[from] item: Leftovers\n|-heal|p2a: Darth Fortnite|83\/100|[from] item: Leftovers\n|upkeep\n|turn|31\n|\n|t:|1698971324\n|switch|p1a: Pelipper|Pelipper, F|82\/100\n|-damage|p1a: Pelipper|57\/100|[from] Stealth Rock\n|-weather|RainDance|[from] ability: Drizzle|[of] p1a: Pelipper\n|move|p2a: Darth Fortnite|Brave Bird|p1a: Pelipper\n|-damage|p1a: Pelipper|29\/100\n|-damage|p2a: Darth Fortnite|75\/100|[from] Recoil\n|\n|-weather|RainDance|[upkeep]\n|-heal|p2a: Darth Fortnite|82\/100|[from] item: Leftovers\n|-heal|p1a: Pelipper|35\/100|[from] item: Leftovers\n|upkeep\n|turn|32\n|\n|t:|1698971343\n|switch|p2a: Bane of Arthropods|Chansey, F, shiny|94\/100\n|move|p1a: Pelipper|Protect||[still]\n|-fail|p1a: Pelipper\n|\n|-weather|RainDance|[upkeep]\n|-heal|p1a: Pelipper|41\/100|[from] item: Leftovers\n|upkeep\n|turn|33\n|\n|t:|1698971378\n|switch|p1a: Venusaur|Venusaur, F|95\/100\n|-damage|p1a: Venusaur|82\/100|[from] Stealth Rock\n|move|p2a: Bane of Arthropods|Toxic|p1a: Venusaur\n|-immune|p1a: Venusaur\n|\n|-weather|RainDance|[upkeep]\n|-heal|p1a: Venusaur|88\/100|[from] item: Leftovers\n|upkeep\n|turn|34\n|\n|t:|1698971420\n|switch|p2a: Darth Fortnite|Corviknight, F, shiny|82\/100\n|move|p1a: Venusaur|Giga Drain|p2a: Darth Fortnite\n|-resisted|p2a: Darth Fortnite\n|-damage|p2a: Darth Fortnite|74\/100\n|-heal|p1a: Venusaur|93\/100|[from] drain|[of] p2a: Darth Fortnite\n|\n|-weather|RainDance|[upkeep]\n|-heal|p1a: Venusaur|99\/100|[from] item: Leftovers\n|-heal|p2a: Darth Fortnite|80\/100|[from] item: Leftovers\n|upkeep\n|turn|35\n|\n|t:|1698971432\n|move|p1a: Venusaur|Giga Drain|p2a: Darth Fortnite\n|-resisted|p2a: Darth Fortnite\n|-damage|p2a: Darth Fortnite|73\/100\n|-heal|p1a: Venusaur|100\/100|[from] drain|[of] p2a: Darth Fortnite\n|move|p2a: Darth Fortnite|Brave Bird|p1a: Venusaur\n|-supereffective|p1a: Venusaur\n|-damage|p1a: Venusaur|8\/100\n|-damage|p2a: Darth Fortnite|45\/100|[from] Recoil\n|\n|-weather|none\n|-heal|p1a: Venusaur|14\/100|[from] item: Leftovers\n|-heal|p2a: Darth Fortnite|51\/100|[from] item: Leftovers\n|upkeep\n|turn|36\n|\n|t:|1698971448\n|move|p1a: Venusaur|Giga Drain|p2a: Darth Fortnite\n|-resisted|p2a: Darth Fortnite\n|-damage|p2a: Darth Fortnite|43\/100\n|-heal|p1a: Venusaur|19\/100|[from] drain|[of] p2a: Darth Fortnite\n|move|p2a: Darth Fortnite|Roost|p2a: Darth Fortnite\n|-heal|p2a: Darth Fortnite|93\/100\n|-singleturn|p2a: Darth Fortnite|move: Roost\n|\n|-heal|p1a: Venusaur|25\/100|[from] item: Leftovers\n|-heal|p2a: Darth Fortnite|99\/100|[from] item: Leftovers\n|upkeep\n|turn|37\n|\n|t:|1698971462\n|move|p1a: Venusaur|Giga Drain|p2a: Darth Fortnite\n|-resisted|p2a: Darth Fortnite\n|-damage|p2a: Darth Fortnite|91\/100\n|-heal|p1a: Venusaur|29\/100|[from] drain|[of] p2a: Darth Fortnite\n|move|p2a: Darth Fortnite|Brave Bird|p1a: Venusaur\n|-supereffective|p1a: Venusaur\n|-damage|p1a: Venusaur|0 fnt\n|faint|p1a: Venusaur\n|-damage|p2a: Darth Fortnite|83\/100|[from] Recoil\n|\n|-heal|p2a: Darth Fortnite|89\/100|[from] item: Leftovers\n|upkeep\n|\n|t:|1698971480\n|switch|p1a: Pelipper|Pelipper, F|41\/100\n|-damage|p1a: Pelipper|16\/100|[from] Stealth Rock\n|-weather|RainDance|[from] ability: Drizzle|[of] p1a: Pelipper\n|turn|38\n|\n|t:|1698971493\n|move|p2a: Darth Fortnite|Brave Bird|p1a: Pelipper\n|-damage|p1a: Pelipper|0 fnt\n|faint|p1a: Pelipper\n|-damage|p2a: Darth Fortnite|85\/100|[from] Recoil\n|\n|-weather|RainDance|[upkeep]\n|-heal|p2a: Darth Fortnite|91\/100|[from] item: Leftovers\n|upkeep\n|\n|t:|1698971501\n|switch|p1a: Dragapult|Dragapult, M|20\/100\n|-damage|p1a: Dragapult|8\/100|[from] Stealth Rock\n|turn|39\n|\n|t:|1698971507\n|move|p1a: Dragapult|Flamethrower|p2a: Darth Fortnite\n|-supereffective|p2a: Darth Fortnite\n|-crit|p2a: Darth Fortnite\n|-damage|p2a: Darth Fortnite|54\/100\n|move|p2a: Darth Fortnite|Brave Bird|p1a: Dragapult\n|-damage|p1a: Dragapult|0 fnt\n|-damage|p2a: Darth Fortnite|38\/100|[from] item: Rocky Helmet|[of] p1a: Dragapult\n|faint|p1a: Dragapult\n|-damage|p2a: Darth Fortnite|36\/100|[from] Recoil\n|\n|win|g33builder\n|c|\u2606abuzzi|gg\n|c|\u2606g33builder|gg\n","uploadtime":1698971526,"views":10,"p1id":"abuzzi","p2id":"g33builder","formatid":"gen9nationaldexubers","rating":0,"private":0,"password":""}