{"id":"gen9nationaldexubers-1991607956","p1":"Im the soup","p2":"charliereall","format":"[Gen 9] National Dex Ubers","log":"|j|\u2606Im the soup\n|j|\u2606charliereall\n|t:|1700093667\n|gametype|singles\n|player|p1|Im the soup|169|1200\n|player|p2|charliereall|cynthia|1270\n|teamsize|p1|6\n|teamsize|p2|6\n|gen|9\n|tier|[Gen 9] National Dex Ubers\n|rated|\n|rule|HP Percentage Mod: HP is shown in percentages\n|rule|Endless Battle Clause: Forcing endless battles is banned\n|rule|OHKO Clause: OHKO moves are banned\n|rule|Evasion Moves Clause: Evasion moves are banned\n|rule|Evasion Items Clause: Evasion items are banned\n|rule|Species Clause: Limit one of each Pok\u00e9mon\n|rule|Sleep Clause Mod: Limit one foe put to sleep\n|rule|Mega Rayquaza Clause: You cannot mega evolve Rayquaza\n|clearpoke\n|poke|p1|Smeargle, M|\n|poke|p1|Shaymin-Sky|\n|poke|p1|Grafaiai, M|\n|poke|p1|Regieleki|\n|poke|p1|Lucario, M|\n|poke|p1|Kyurem-Black|\n|poke|p2|Deoxys-Speed|\n|poke|p2|Xerneas-*|\n|poke|p2|Groudon|\n|poke|p2|Necrozma-Dusk-Mane|\n|poke|p2|Arceus|\n|poke|p2|Eternatus|\n|teampreview\n|inactive|Battle timer is ON: inactive players will automatically lose when time's up. (requested by charliereall)\n|inactive|Im the soup also wants the timer to be on.\n|inactive|charliereall has 120 seconds left.\n|\n|t:|1700093707\n|start\n|switch|p1a: TERA SINK|Regieleki|100\/100\n|switch|p2a: Eternatus|Eternatus|100\/100\n|-ability|p2a: Eternatus|Pressure\n|turn|1\n|\n|t:|1700093719\n|move|p1a: TERA SINK|Volt Switch|p2a: Eternatus\n|-resisted|p2a: Eternatus\n|-damage|p2a: Eternatus|81\/100\n|\n|t:|1700093724\n|switch|p1a: Better bax|Kyurem-Black|100\/100|[from] Volt Switch\n|-ability|p1a: Better bax|Teravolt\n|move|p2a: Eternatus|Dynamax Cannon|p1a: Better bax\n|-supereffective|p1a: Better bax\n|-damage|p1a: Better bax|0 fnt\n|faint|p1a: Better bax\n|\n|upkeep\n|\n|t:|1700093728\n|switch|p1a: Cheeser|Shaymin-Sky, shiny|100\/100\n|turn|2\n|\n|t:|1700093734\n|move|p2a: Eternatus|Sludge Bomb|p1a: Cheeser\n|-supereffective|p1a: Cheeser\n|-damage|p1a: Cheeser|0 fnt\n|faint|p1a: Cheeser\n|\n|upkeep\n|\n|t:|1700093739\n|switch|p1a: Epic guy|Lucario, M|100\/100\n|turn|3\n|\n|t:|1700093746\n|detailschange|p1a: Epic guy|Lucario-Mega, M\n|-mega|p1a: Epic guy|Lucario|Lucarionite\n|move|p2a: Eternatus|Flamethrower|p1a: Epic guy\n|-supereffective|p1a: Epic guy\n|-damage|p1a: Epic guy|0 fnt\n|faint|p1a: Epic guy\n|\n|upkeep\n|\n|t:|1700093751\n|switch|p1a: Pure skill|Grafaiai, M, shiny|100\/100\n|turn|4\n|\n|t:|1700093756\n|move|p2a: Eternatus|Meteor Beam||[still]\n|-prepare|p2a: Eternatus|Meteor Beam\n|-boost|p2a: Eternatus|spa|1\n|-enditem|p2a: Eternatus|Power Herb\n|-anim|p2a: Eternatus|Meteor Beam|p1a: Pure skill\n|-damage|p1a: Pure skill|14\/100\n|move|p1a: Pure skill|Dig||[still]\n|-prepare|p1a: Pure skill|Dig\n|\n|upkeep\n|turn|5\n|\n|t:|1700093767\n|move|p2a: Eternatus|Flamethrower|p1a: Pure skill|[miss]\n|-miss|p2a: Eternatus|p1a: Pure skill\n|move|p1a: Pure skill|Dig|p2a: Eternatus|[from]lockedmove\n|-supereffective|p2a: Eternatus\n|-damage|p2a: Eternatus|35\/100\n|\n|upkeep\n|turn|6\n|\n|t:|1700093774\n|move|p1a: Pure skill|Copycat|p1a: Pure skill\n|move|p1a: Pure skill|Dig||[from]move: Copycat|[still]\n|-prepare|p1a: Pure skill|Dig\n|move|p2a: Eternatus|Dynamax Cannon|p1a: Pure skill|[miss]\n|-miss|p2a: Eternatus|p1a: Pure skill\n|\n|upkeep\n|turn|7\n|inactive|charliereall has 120 seconds left.\n|\n|t:|1700093807\n|move|p2a: Eternatus|Flamethrower|p1a: Pure skill|[miss]\n|-miss|p2a: Eternatus|p1a: Pure skill\n|move|p1a: Pure skill|Dig|p2a: Eternatus|[from]lockedmove\n|-supereffective|p2a: Eternatus\n|-damage|p2a: Eternatus|0 fnt\n|faint|p2a: Eternatus\n|\n|upkeep\n|inactive|charliereall has 120 seconds left.\n|\n|t:|1700093816\n|switch|p2a: Arceus|Arceus|100\/100\n|turn|8\n|\n|t:|1700093833\n|move|p2a: Arceus|Extreme Speed|p1a: Pure skill\n|-damage|p1a: Pure skill|0 fnt\n|faint|p1a: Pure skill\n|\n|upkeep\n|\n|t:|1700093843\n|switch|p1a: TERA SINK|Regieleki|100\/100\n|turn|9\n|\n|t:|1700093858\n|move|p1a: TERA SINK|Thunderbolt|p2a: Arceus\n|-damage|p2a: Arceus|54\/100\n|move|p2a: Arceus|Swords Dance|p2a: Arceus\n|-boost|p2a: Arceus|atk|2\n|\n|upkeep\n|turn|10\n|\n|t:|1700093874\n|move|p2a: Arceus|Extreme Speed|p1a: TERA SINK\n|-damage|p1a: TERA SINK|0 fnt\n|faint|p1a: TERA SINK\n|\n|upkeep\n|\n|t:|1700093877\n|switch|p1a: Sir webbington|Smeargle, M|100\/100\n|turn|11\n|\n|t:|1700093880\n|-terastallize|p1a: Sir webbington|Ghost\n|move|p2a: Arceus|Extreme Speed|p1a: Sir webbington\n|-immune|p1a: Sir webbington\n|move|p1a: Sir webbington|Spore|p2a: Arceus\n|-status|p2a: Arceus|slp|[from] move: Spore\n|\n|-ability|p1a: Sir webbington|Moody|boost\n|-boost|p1a: Sir webbington|spa|2\n|-unboost|p1a: Sir webbington|spe|1\n|upkeep\n|turn|12\n|\n|t:|1700093885\n|cant|p2a: Arceus|slp\n|move|p1a: Sir webbington|Substitute|p1a: Sir webbington\n|-start|p1a: Sir webbington|Substitute\n|-damage|p1a: Sir webbington|76\/100\n|\n|-heal|p1a: Sir webbington|82\/100|[from] item: Leftovers\n|-ability|p1a: Sir webbington|Moody|boost\n|-boost|p1a: Sir webbington|spa|2\n|-unboost|p1a: Sir webbington|def|1\n|upkeep\n|turn|13\n|\n|t:|1700093888\n|-curestatus|p2a: Arceus|slp|[msg]\n|move|p2a: Arceus|Shadow Claw|p1a: Sir webbington\n|-supereffective|p1a: Sir webbington\n|-end|p1a: Sir webbington|Substitute\n|move|p1a: Sir webbington|Spore|p2a: Arceus\n|-status|p2a: Arceus|slp|[from] move: Spore\n|\n|-heal|p1a: Sir webbington|88\/100|[from] item: Leftovers\n|-ability|p1a: Sir webbington|Moody|boost\n|-boost|p1a: Sir webbington|def|2\n|-unboost|p1a: Sir webbington|spe|1\n|upkeep\n|turn|14\n|\n|t:|1700093897\n|cant|p2a: Arceus|slp\n|move|p1a: Sir webbington|Substitute|p1a: Sir webbington\n|-start|p1a: Sir webbington|Substitute\n|-damage|p1a: Sir webbington|63\/100\n|\n|-heal|p1a: Sir webbington|69\/100|[from] item: Leftovers\n|-ability|p1a: Sir webbington|Moody|boost\n|-boost|p1a: Sir webbington|spa|2\n|-unboost|p1a: Sir webbington|atk|1\n|upkeep\n|turn|15\n|\n|t:|1700093903\n|cant|p2a: Arceus|slp\n|move|p1a: Sir webbington|Spore|p2a: Arceus\n|-fail|p2a: Arceus|slp\n|\n|-heal|p1a: Sir webbington|75\/100|[from] item: Leftovers\n|-ability|p1a: Sir webbington|Moody|boost\n|-boost|p1a: Sir webbington|def|2\n|-unboost|p1a: Sir webbington|spa|1\n|upkeep\n|turn|16\n|\n|t:|1700093905\n|cant|p2a: Arceus|slp\n|move|p1a: Sir webbington|Spore|p2a: Arceus\n|-fail|p2a: Arceus|slp\n|\n|-heal|p1a: Sir webbington|81\/100|[from] item: Leftovers\n|-ability|p1a: Sir webbington|Moody|boost\n|-boost|p1a: Sir webbington|atk|2\n|-unboost|p1a: Sir webbington|spd|1\n|upkeep\n|turn|17\n|\n|t:|1700093907\n|-curestatus|p2a: Arceus|slp|[msg]\n|move|p2a: Arceus|Shadow Claw|p1a: Sir webbington\n|-supereffective|p1a: Sir webbington\n|-end|p1a: Sir webbington|Substitute\n|move|p1a: Sir webbington|Spore|p2a: Arceus\n|-status|p2a: Arceus|slp|[from] move: Spore\n|\n|-heal|p1a: Sir webbington|87\/100|[from] item: Leftovers\n|-ability|p1a: Sir webbington|Moody|boost\n|-boost|p1a: Sir webbington|def|2\n|-unboost|p1a: Sir webbington|spa|1\n|upkeep\n|turn|18\n|\n|t:|1700093922\n|cant|p2a: Arceus|slp\n|move|p1a: Sir webbington|Substitute|p1a: Sir webbington\n|-start|p1a: Sir webbington|Substitute\n|-damage|p1a: Sir webbington|62\/100\n|\n|-heal|p1a: Sir webbington|68\/100|[from] item: Leftovers\n|-ability|p1a: Sir webbington|Moody|boost\n|-boost|p1a: Sir webbington|atk|2\n|-unboost|p1a: Sir webbington|spa|1\n|upkeep\n|turn|19\n|\n|t:|1700093930\n|cant|p2a: Arceus|slp\n|move|p1a: Sir webbington|Shell Smash|p1a: Sir webbington\n|-unboost|p1a: Sir webbington|def|1\n|-unboost|p1a: Sir webbington|spd|1\n|-boost|p1a: Sir webbington|atk|2\n|-boost|p1a: Sir webbington|spa|2\n|-boost|p1a: Sir webbington|spe|2\n|\n|-heal|p1a: Sir webbington|74\/100|[from] item: Leftovers\n|-ability|p1a: Sir webbington|Moody|boost\n|-boost|p1a: Sir webbington|spd|2\n|-unboost|p1a: Sir webbington|spa|1\n|upkeep\n|turn|20\n|\n|t:|1700093934\n|cant|p2a: Arceus|slp\n|move|p1a: Sir webbington|Spore|p2a: Arceus\n|-fail|p2a: Arceus|slp\n|\n|-heal|p1a: Sir webbington|80\/100|[from] item: Leftovers\n|-ability|p1a: Sir webbington|Moody|boost\n|-boost|p1a: Sir webbington|spa|2\n|-unboost|p1a: Sir webbington|def|1\n|upkeep\n|turn|21\n|\n|t:|1700093939\n|-curestatus|p2a: Arceus|slp|[msg]\n|move|p2a: Arceus|Shadow Claw|p1a: Sir webbington\n|-supereffective|p1a: Sir webbington\n|-end|p1a: Sir webbington|Substitute\n|move|p1a: Sir webbington|Spore|p2a: Arceus\n|-status|p2a: Arceus|slp|[from] move: Spore\n|\n|-heal|p1a: Sir webbington|86\/100|[from] item: Leftovers\n|-ability|p1a: Sir webbington|Moody|boost\n|-boost|p1a: Sir webbington|spd|2\n|-unboost|p1a: Sir webbington|def|1\n|upkeep\n|turn|22\n|c|\u2606charliereall|LMFAO\n|\n|t:|1700093949\n|cant|p2a: Arceus|slp\n|move|p1a: Sir webbington|Substitute|p1a: Sir webbington\n|-start|p1a: Sir webbington|Substitute\n|-damage|p1a: Sir webbington|61\/100\n|\n|-heal|p1a: Sir webbington|67\/100|[from] item: Leftovers\n|-ability|p1a: Sir webbington|Moody|boost\n|-boost|p1a: Sir webbington|spe|2\n|-unboost|p1a: Sir webbington|spa|1\n|upkeep\n|turn|23\n|\n|t:|1700093964\n|move|p1a: Sir webbington|Power Trip|p2a: Arceus\n|-damage|p2a: Arceus|0 fnt\n|faint|p2a: Arceus\n|\n|-heal|p1a: Sir webbington|73\/100|[from] item: Leftovers\n|-ability|p1a: Sir webbington|Moody|boost\n|-boost|p1a: Sir webbington|atk|1\n|-unboost|p1a: Sir webbington|def|1\n|upkeep\n|inactive|charliereall has 120 seconds left.\n|\n|t:|1700093997\n|switch|p2a: Xerneas|Xerneas|100\/100\n|-ability|p2a: Xerneas|Fairy Aura\n|turn|24\n|\n|t:|1700094006\n|move|p1a: Sir webbington|Power Trip|p2a: Xerneas\n|-resisted|p2a: Xerneas\n|-damage|p2a: Xerneas|16\/100\n|move|p2a: Xerneas|Substitute|p2a: Xerneas\n|-fail|p2a: Xerneas|move: Substitute|[weak]\n|\n|-heal|p1a: Sir webbington|79\/100|[from] item: Leftovers\n|-ability|p1a: Sir webbington|Moody|boost\n|-boost|p1a: Sir webbington|spd|2\n|-unboost|p1a: Sir webbington|spa|1\n|upkeep\n|turn|25\n|inactive|charliereall has 120 seconds left.\n|\n|t:|1700094024\n|move|p1a: Sir webbington|Power Trip|p2a: Xerneas\n|-resisted|p2a: Xerneas\n|-damage|p2a: Xerneas|0 fnt\n|faint|p2a: Xerneas\n|\n|-heal|p1a: Sir webbington|85\/100|[from] item: Leftovers\n|-ability|p1a: Sir webbington|Moody|boost\n|-boost|p1a: Sir webbington|spe|2\n|-unboost|p1a: Sir webbington|atk|1\n|upkeep\n|inactive|charliereall has 120 seconds left.\n|\n|t:|1700094029\n|switch|p2a: Deoxys|Deoxys-Speed|100\/100\n|-ability|p2a: Deoxys|Pressure\n|turn|26\n|inactive|charliereall has 120 seconds left.\n|\n|t:|1700094042\n|move|p1a: Sir webbington|Power Trip|p2a: Deoxys\n|-supereffective|p2a: Deoxys\n|-damage|p2a: Deoxys|0 fnt\n|-damage|p1a: Sir webbington|69\/100|[from] item: Rocky Helmet|[of] p2a: Deoxys\n|faint|p2a: Deoxys\n|\n|-heal|p1a: Sir webbington|75\/100|[from] item: Leftovers\n|-ability|p1a: Sir webbington|Moody|boost\n|-boost|p1a: Sir webbington|spa|2\n|-unboost|p1a: Sir webbington|spd|1\n|upkeep\n|inactive|charliereall has 120 seconds left.\n|\n|t:|1700094050\n|switch|p2a: Groudon|Groudon|100\/100\n|detailschange|p2a: Groudon|Groudon-Primal\n|-primal|p2a: Groudon|Red Orb\n|-weather|DesolateLand|[from] ability: Desolate Land|[of] p2a: Groudon\n|turn|27\n|-message|charliereall forfeited.\n|\n|win|Im the soup\n|raw|Im the soup's rating: 1216 &rarr; <strong>1245<\/strong><br \/>(+29 for winning)\n|raw|charliereall's rating: 1270 &rarr; <strong>1241<\/strong><br \/>(-29 for losing)\n|l|\u2606charliereall\n","uploadtime":1700094199,"views":16,"p1id":"imthesoup","p2id":"charliereall","formatid":"gen9nationaldexubers","rating":1241,"private":0,"password":""}