{"id":"gen9nationaldexubers-1982386015","p1":"Rhyfinn jr.","p2":"whitestormronin","format":"[Gen 9] National Dex Ubers","log":"|j|\u2606Rhyfinn jr.\n|j|\u2606whitestormronin\n|t:|1699007971\n|gametype|singles\n|player|p1|Rhyfinn jr.|ninjaboy|1000\n|player|p2|whitestormronin|shadowtriad|1050\n|teamsize|p1|6\n|teamsize|p2|5\n|gen|9\n|tier|[Gen 9] National Dex Ubers\n|rated|\n|rule|HP Percentage Mod: HP is shown in percentages\n|rule|Endless Battle Clause: Forcing endless battles is banned\n|rule|OHKO Clause: OHKO moves are banned\n|rule|Evasion Moves Clause: Evasion moves are banned\n|rule|Evasion Items Clause: Evasion items are banned\n|rule|Species Clause: Limit one of each Pok\u00e9mon\n|rule|Sleep Clause Mod: Limit one foe put to sleep\n|rule|Mega Rayquaza Clause: You cannot mega evolve Rayquaza\n|clearpoke\n|poke|p1|Salamence, M|\n|poke|p1|Xerneas-*|\n|poke|p1|Ho-Oh|\n|poke|p1|Marshadow|\n|poke|p1|Groudon|\n|poke|p1|Urshifu-*, F|\n|poke|p2|Pikachu-Unova, M|\n|poke|p2|Charizard, M|\n|poke|p2|Machamp, M|\n|poke|p2|Lapras, M|\n|poke|p2|Mewtwo|\n|teampreview\n|inactive|Battle timer is ON: inactive players will automatically lose when time's up. (requested by Rhyfinn jr.)\n|j| LightningSword6354\n|l| LightningSword6354\n|\n|t:|1699007987\n|start\n|switch|p1a: Urshifu|Urshifu, F|100\/100\n|switch|p2a: Pikachu|Pikachu-Unova, M|100\/100\n|turn|1\n|\n|t:|1699007997\n|move|p1a: Urshifu|Wicked Blow|p2a: Pikachu\n|-crit|p2a: Pikachu\n|-damage|p2a: Pikachu|0 fnt\n|faint|p2a: Pikachu\n|\n|upkeep\n|\n|t:|1699008003\n|switch|p2a: Charizard|Charizard, M, shiny|100\/100\n|turn|2\n|\n|t:|1699008007\n|move|p1a: Urshifu|Wicked Blow|p2a: Charizard\n|-crit|p2a: Charizard\n|-damage|p2a: Charizard|24\/100\n|-enditem|p2a: Charizard|Sitrus Berry|[eat]\n|-heal|p2a: Charizard|49\/100|[from] item: Sitrus Berry\n|move|p2a: Charizard|Will-O-Wisp|p1a: Urshifu\n|-status|p1a: Urshifu|brn\n|\n|-damage|p1a: Urshifu|94\/100 brn|[from] brn\n|upkeep\n|turn|3\n|\n|t:|1699008018\n|move|p1a: Urshifu|Wicked Blow|p2a: Charizard\n|-crit|p2a: Charizard\n|-damage|p2a: Charizard|15\/100\n|move|p2a: Charizard|Roost|p2a: Charizard\n|-heal|p2a: Charizard|65\/100\n|-singleturn|p2a: Charizard|move: Roost\n|\n|-damage|p1a: Urshifu|88\/100 brn|[from] brn\n|upkeep\n|turn|4\n|\n|t:|1699008035\n|switch|p1a: Xerneas|Xerneas|100\/100\n|-ability|p1a: Xerneas|Fairy Aura\n|move|p2a: Charizard|Roost|p2a: Charizard\n|-heal|p2a: Charizard|100\/100\n|-singleturn|p2a: Charizard|move: Roost\n|\n|upkeep\n|turn|5\n|\n|t:|1699008044\n|move|p1a: Xerneas|Geomancy||[still]\n|-prepare|p1a: Xerneas|Geomancy\n|-enditem|p1a: Xerneas|Power Herb\n|-anim|p1a: Xerneas|Geomancy|p1a: Xerneas\n|-boost|p1a: Xerneas|spa|2\n|-boost|p1a: Xerneas|spd|2\n|-boost|p1a: Xerneas|spe|2\n|move|p2a: Charizard|Fire Spin|p1a: Xerneas\n|-damage|p1a: Xerneas|94\/100\n|-activate|p1a: Xerneas|move: Fire Spin|[of] p2a: Charizard\n|\n|-damage|p1a: Xerneas|81\/100|[from] move: Fire Spin|[partiallytrapped]\n|upkeep\n|turn|6\n|\n|t:|1699008056\n|move|p1a: Xerneas|Psyshock|p2a: Charizard\n|-damage|p2a: Charizard|34\/100\n|move|p2a: Charizard|Mystical Fire|p1a: Xerneas\n|-damage|p1a: Xerneas|69\/100\n|-unboost|p1a: Xerneas|spa|1\n|\n|-damage|p1a: Xerneas|56\/100|[from] move: Fire Spin|[partiallytrapped]\n|upkeep\n|turn|7\n|\n|t:|1699008066\n|move|p1a: Xerneas|Psyshock|p2a: Charizard\n|-damage|p2a: Charizard|0 fnt\n|faint|p2a: Charizard\n|\n|-end|p1a: Xerneas|Fire Spin|[partiallytrapped]|[silent]\n|upkeep\n|\n|t:|1699008074\n|switch|p2a: Lapras|Lapras, M|100\/100\n|turn|8\n|\n|t:|1699008083\n|move|p1a: Xerneas|Geomancy||[still]\n|-prepare|p1a: Xerneas|Geomancy\n|move|p2a: Lapras|Sing|p1a: Xerneas\n|-status|p1a: Xerneas|slp|[from] move: Sing\n|\n|upkeep\n|turn|9\n|\n|t:|1699008090\n|cant|p1a: Xerneas|slp\n|move|p2a: Lapras|Rain Dance|p2a: Lapras\n|-weather|RainDance\n|\n|-weather|RainDance|[upkeep]\n|upkeep\n|turn|10\n|\n|t:|1699008097\n|switch|p1a: Groudon|Groudon|100\/100\n|detailschange|p1a: Groudon|Groudon-Primal\n|-primal|p1a: Groudon|Red Orb\n|-weather|DesolateLand|[from] ability: Desolate Land|[of] p1a: Groudon\n|-zpower|p2a: Lapras\n|move|p2a: Lapras|Hydro Vortex||[zeffect]|[still]\n|-fail|p2a: Lapras|Hydro Vortex|[from] Desolate Land\n|\n|-weather|DesolateLand|[upkeep]\n|upkeep\n|turn|11\n|\n|t:|1699008111\n|move|p1a: Groudon|Rock Polish|p1a: Groudon\n|-boost|p1a: Groudon|spe|2\n|move|p2a: Lapras|Sing|p1a: Groudon|[miss]\n|-miss|p2a: Lapras|p1a: Groudon\n|\n|-weather|DesolateLand|[upkeep]\n|upkeep\n|turn|12\n|\n|t:|1699008122\n|move|p1a: Groudon|Rock Polish|p1a: Groudon\n|-boost|p1a: Groudon|spe|2\n|move|p2a: Lapras|Thunder|p1a: Groudon\n|-immune|p1a: Groudon\n|\n|-weather|DesolateLand|[upkeep]\n|upkeep\n|turn|13\n|\n|t:|1699008133\n|switch|p2a: Machamp|Machamp, M|100\/100\n|move|p1a: Groudon|Rock Polish|p1a: Groudon\n|-boost|p1a: Groudon|spe|2\n|\n|-weather|DesolateLand|[upkeep]\n|upkeep\n|turn|14\n|\n|t:|1699008143\n|-terastallize|p2a: Machamp|Steel\n|move|p2a: Machamp|Bullet Punch|p1a: Groudon\n|-resisted|p1a: Groudon\n|-damage|p1a: Groudon|91\/100\n|-damage|p2a: Machamp|91\/100|[from] item: Life Orb\n|move|p1a: Groudon|Flamethrower|p2a: Machamp\n|-supereffective|p2a: Machamp\n|-damage|p2a: Machamp|0 fnt\n|faint|p2a: Machamp\n|\n|-weather|DesolateLand|[upkeep]\n|upkeep\n|\n|t:|1699008154\n|switch|p2a: Mewtwo|Mewtwo|100\/100\n|-ability|p2a: Mewtwo|Unnerve\n|turn|15\n|\n|t:|1699008162\n|move|p1a: Groudon|Flamethrower|p2a: Mewtwo\n|-damage|p2a: Mewtwo|17\/100\n|move|p2a: Mewtwo|Energy Ball|p1a: Groudon\n|-damage|p1a: Groudon|22\/100\n|-unboost|p1a: Groudon|spd|1\n|\n|-weather|DesolateLand|[upkeep]\n|upkeep\n|turn|16\n|c|\u2606Rhyfinn jr.|gg ez\n|\n|t:|1699008170\n|move|p1a: Groudon|Flamethrower|p2a: Mewtwo\n|-damage|p2a: Mewtwo|0 fnt\n|faint|p2a: Mewtwo\n|\n|-weather|DesolateLand|[upkeep]\n|upkeep\n|\n|t:|1699008176\n|switch|p2a: Lapras|Lapras, M|100\/100\n|turn|17\n|\n|t:|1699008179\n|move|p1a: Groudon|Solar Beam||[still]\n|-prepare|p1a: Groudon|Solar Beam\n|-anim|p1a: Groudon|Solar Beam|p2a: Lapras\n|-supereffective|p2a: Lapras\n|-damage|p2a: Lapras|7\/100\n|move|p2a: Lapras|Thunder|p1a: Groudon\n|-immune|p1a: Groudon\n|\n|-weather|DesolateLand|[upkeep]\n|upkeep\n|turn|18\n|\n|t:|1699008188\n|move|p1a: Groudon|Rock Polish|p1a: Groudon\n|-boost|p1a: Groudon|spe|0\n|move|p2a: Lapras|Hydro Pump||[still]\n|-fail|p2a: Lapras|Hydro Pump|[from] Desolate Land\n|\n|-weather|DesolateLand|[upkeep]\n|upkeep\n|turn|19\n|\n|t:|1699008196\n|move|p1a: Groudon|Rock Polish|p1a: Groudon\n|-boost|p1a: Groudon|spe|0\n|move|p2a: Lapras|Sing|p1a: Groudon|[miss]\n|-miss|p2a: Lapras|p1a: Groudon\n|\n|-weather|DesolateLand|[upkeep]\n|upkeep\n|turn|20\n|-message|whitestormronin forfeited.\n|\n|win|Rhyfinn jr.\n|raw|Rhyfinn jr.'s rating: 1000 &rarr; <strong>1046<\/strong><br \/>(+46 for winning)\n|raw|whitestormronin's rating: 1050 &rarr; <strong>1030<\/strong><br \/>(-20 for losing)\n|l|\u2606whitestormronin\n","uploadtime":1699008204,"views":8,"p1id":"rhyfinnjr","p2id":"whitestormronin","formatid":"gen9nationaldexubers","rating":1030,"private":0,"password":""}