{"id":"gen9nationaldexubers-1978067418","p1":"DrArkane16","p2":"THEGAMER3777","format":"[Gen 9] National Dex Ubers","log":"|j|\u2606DrArkane16\n|j|\u2606THEGAMER3777\n|t:|1698494343\n|gametype|singles\n|player|p1|DrArkane16|cyrus|\n|player|p2|THEGAMER3777|lucas|\n|teamsize|p1|2\n|teamsize|p2|6\n|gen|9\n|tier|[Gen 9] National Dex Ubers\n|rule|HP Percentage Mod: HP is shown in percentages\n|rule|Endless Battle Clause: Forcing endless battles is banned\n|rule|OHKO Clause: OHKO moves are banned\n|rule|Evasion Moves Clause: Evasion moves are banned\n|rule|Evasion Items Clause: Evasion items are banned\n|rule|Species Clause: Limit one of each Pok\u00e9mon\n|rule|Sleep Clause Mod: Limit one foe put to sleep\n|rule|Mega Rayquaza Clause: You cannot mega evolve Rayquaza\n|clearpoke\n|poke|p1|Riolu, L15, M|\n|poke|p1|Kubfu, L13, M|\n|poke|p2|Charmander, L15, M|\n|poke|p2|Zigzagoon, L4, M|\n|poke|p2|Magikarp, L4, F|\n|poke|p2|Pidgey, L7, M|\n|poke|p2|Starly, L6, M|\n|poke|p2|Shinx, L4, F|\n|teampreview\n|\n|t:|1698494347\n|start\n|switch|p1a: Kubfu|Kubfu, L13, M|100\/100\n|switch|p2a: Ziggy|Zigzagoon, L4, M|100\/100\n|turn|1\n|\n|t:|1698494353\n|move|p1a: Kubfu|Rock Smash|p2a: Ziggy\n|-supereffective|p2a: Ziggy\n|-damage|p2a: Ziggy|0 fnt\n|faint|p2a: Ziggy\n|\n|upkeep\n|\n|t:|1698494357\n|switch|p2a: Levy|Magikarp, L4, F|100\/100\n|turn|2\n|\n|t:|1698494360\n|move|p1a: Kubfu|Rock Smash|p2a: Levy\n|-damage|p2a: Levy|0 fnt\n|faint|p2a: Levy\n|\n|upkeep\n|\n|t:|1698494364\n|switch|p2a: Etimi|Starly, L6, M|100\/100\n|turn|3\n|\n|t:|1698494367\n|move|p1a: Kubfu|Rock Smash|p2a: Etimi\n|-damage|p2a: Etimi|0 fnt\n|faint|p2a: Etimi\n|\n|upkeep\n|\n|t:|1698494371\n|switch|p2a: Pt'i Eclair|Shinx, L4, F|100\/100\n|turn|4\n|\n|t:|1698494374\n|move|p1a: Kubfu|Rock Smash|p2a: Pt'i Eclair\n|-damage|p2a: Pt'i Eclair|0 fnt\n|faint|p2a: Pt'i Eclair\n|\n|upkeep\n|\n|t:|1698494378\n|switch|p2a: Zozio|Pidgey, L7, M|100\/100\n|turn|5\n|\n|t:|1698494382\n|move|p1a: Kubfu|Rock Smash|p2a: Zozio\n|-damage|p2a: Zozio|4\/100\n|-unboost|p2a: Zozio|def|1\n|move|p2a: Zozio|Sand Attack|p1a: Kubfu\n|-unboost|p1a: Kubfu|accuracy|1\n|\n|upkeep\n|turn|6\n|\n|t:|1698494389\n|move|p1a: Kubfu|Rock Smash|p2a: Zozio|[miss]\n|-miss|p1a: Kubfu|p2a: Zozio\n|move|p2a: Zozio|Tackle|p1a: Kubfu\n|-damage|p1a: Kubfu|91\/100\n|\n|upkeep\n|turn|7\n|\n|t:|1698494395\n|move|p1a: Kubfu|Rock Smash|p2a: Zozio|[miss]\n|-miss|p1a: Kubfu|p2a: Zozio\n|move|p2a: Zozio|Tackle|p1a: Kubfu\n|-damage|p1a: Kubfu|81\/100\n|\n|upkeep\n|turn|8\n|\n|t:|1698494400\n|move|p1a: Kubfu|Rock Smash|p2a: Zozio|[miss]\n|-miss|p1a: Kubfu|p2a: Zozio\n|move|p2a: Zozio|Tackle|p1a: Kubfu\n|-damage|p1a: Kubfu|72\/100\n|\n|upkeep\n|turn|9\n|j| Half_A_Ako\n|\n|t:|1698494407\n|move|p1a: Kubfu|Aerial Ace|p2a: Zozio\n|-damage|p2a: Zozio|0 fnt\n|faint|p2a: Zozio\n|\n|upkeep\n|\n|t:|1698494411\n|switch|p2a: Pyro(le GOAT)|Charmander, L15, M|100\/100\n|turn|10\n|\n|t:|1698494415\n|move|p1a: Kubfu|Endure|p1a: Kubfu\n|-singleturn|p1a: Kubfu|move: Endure\n|move|p2a: Pyro(le GOAT)|Ember|p1a: Kubfu\n|-damage|p1a: Kubfu|36\/100\n|\n|upkeep\n|turn|11\n|\n|t:|1698494421\n|move|p1a: Kubfu|Endure||[still]\n|-fail|p1a: Kubfu\n|move|p2a: Pyro(le GOAT)|Ember|p1a: Kubfu\n|-damage|p1a: Kubfu|5\/100\n|\n|upkeep\n|turn|12\n|\n|t:|1698494426\n|move|p1a: Kubfu|Endure|p1a: Kubfu\n|-singleturn|p1a: Kubfu|move: Endure\n|move|p2a: Pyro(le GOAT)|Scratch|p1a: Kubfu\n|-activate|p1a: Kubfu|move: Endure\n|-damage|p1a: Kubfu|3\/100\n|\n|upkeep\n|turn|13\n|\n|t:|1698494434\n|move|p1a: Kubfu|Endure||[still]\n|-fail|p1a: Kubfu\n|move|p2a: Pyro(le GOAT)|Scratch|p1a: Kubfu\n|-damage|p1a: Kubfu|0 fnt\n|faint|p1a: Kubfu\n|\n|upkeep\n|\n|t:|1698494440\n|switch|p1a: Riolu|Riolu, L15, M|100\/100\n|turn|14\n|\n|t:|1698494447\n|move|p2a: Pyro(le GOAT)|Ember|p1a: Riolu\n|-damage|p1a: Riolu|69\/100\n|move|p1a: Riolu|Counter||[still]\n|-fail|p1a: Riolu\n|\n|upkeep\n|turn|15\n|\n|t:|1698494453\n|move|p1a: Riolu|Quick Attack|p2a: Pyro(le GOAT)\n|-damage|p2a: Pyro(le GOAT)|78\/100\n|move|p2a: Pyro(le GOAT)|Ember|p1a: Riolu\n|-damage|p1a: Riolu|32\/100\n|\n|upkeep\n|turn|16\n|\n|t:|1698494459\n|move|p1a: Riolu|Metal Claw|p2a: Pyro(le GOAT)\n|-resisted|p2a: Pyro(le GOAT)\n|-damage|p2a: Pyro(le GOAT)|64\/100\n|move|p2a: Pyro(le GOAT)|Dragon Breath|p1a: Riolu\n|-damage|p1a: Riolu|0 fnt\n|faint|p1a: Riolu\n|\n|win|THEGAMER3777\n","uploadtime":1698494468,"views":10,"p1id":"drarkane16","p2id":"thegamer3777","formatid":"gen9nationaldexubers","rating":0,"private":0,"password":""}