{"id":"gen9nationaldexubers-1996625517","p1":"samsea123","p2":"DecibelTheNoivern","format":"[Gen 9] National Dex Ubers","log":"|j|\u2606samsea123\n|j|\u2606DecibelTheNoivern\n|t:|1700702135\n|gametype|singles\n|player|p1|samsea123|1|1055\n|player|p2|DecibelTheNoivern|266|1132\n|teamsize|p1|6\n|teamsize|p2|6\n|gen|9\n|tier|[Gen 9] National Dex Ubers\n|rated|\n|rule|HP Percentage Mod: HP is shown in percentages\n|rule|Endless Battle Clause: Forcing endless battles is banned\n|rule|OHKO Clause: OHKO moves are banned\n|rule|Evasion Moves Clause: Evasion moves are banned\n|rule|Evasion Items Clause: Evasion items are banned\n|rule|Species Clause: Limit one of each Pok\u00e9mon\n|rule|Sleep Clause Mod: Limit one foe put to sleep\n|rule|Mega Rayquaza Clause: You cannot mega evolve Rayquaza\n|clearpoke\n|poke|p1|Necrozma-Dawn-Wings|\n|poke|p1|Raikou|\n|poke|p1|Lunala|\n|poke|p1|Urshifu-*, M|\n|poke|p1|Zygarde-10%|\n|poke|p1|Deoxys-Speed|\n|poke|p2|Urshifu-*, M|\n|poke|p2|Zoroark-Hisui, F|\n|poke|p2|Blaziken, F|\n|poke|p2|Lopunny, M|\n|poke|p2|Zamazenta-*|\n|poke|p2|Deoxys-Speed|\n|teampreview\n|\n|t:|1700702141\n|start\n|switch|p1a: Deoxys|Deoxys-Speed|100\/100\n|switch|p2a: Endoskeleton|Deoxys-Speed|100\/100\n|-ability|p1a: Deoxys|Pressure\n|-ability|p2a: Endoskeleton|Pressure\n|turn|1\n|\n|t:|1700702147\n|move|p2a: Endoskeleton|Magic Coat|p2a: Endoskeleton\n|-singleturn|p2a: Endoskeleton|move: Magic Coat\n|move|p1a: Deoxys|Taunt|p2a: Endoskeleton\n|move|p2a: Endoskeleton|Taunt|p1a: Deoxys|[from]Magic Coat\n|-start|p1a: Deoxys|move: Taunt\n|\n|upkeep\n|turn|2\n|\n|t:|1700702153\n|move|p2a: Endoskeleton|Stealth Rock|p1a: Deoxys\n|-sidestart|p1: samsea123|move: Stealth Rock\n|move|p1a: Deoxys|Knock Off|p2a: Endoskeleton\n|-supereffective|p2a: Endoskeleton\n|-damage|p2a: Endoskeleton|49\/100\n|-enditem|p2a: Endoskeleton|Focus Sash|[from] move: Knock Off|[of] p1a: Deoxys\n|\n|upkeep\n|turn|3\n|\n|t:|1700702156\n|move|p2a: Endoskeleton|Spikes|p1a: Deoxys\n|-sidestart|p1: samsea123|Spikes\n|move|p1a: Deoxys|Knock Off|p2a: Endoskeleton\n|-supereffective|p2a: Endoskeleton\n|-damage|p2a: Endoskeleton|10\/100\n|\n|upkeep\n|turn|4\n|\n|t:|1700702161\n|move|p1a: Deoxys|Knock Off|p2a: Endoskeleton\n|-supereffective|p2a: Endoskeleton\n|-damage|p2a: Endoskeleton|0 fnt\n|faint|p2a: Endoskeleton\n|\n|-end|p1a: Deoxys|move: Taunt\n|upkeep\n|\n|t:|1700702166\n|switch|p2a: Chica the Chicken|Blaziken, F|100\/100\n|turn|5\n|\n|t:|1700702172\n|move|p2a: Chica the Chicken|Protect|p2a: Chica the Chicken\n|-singleturn|p2a: Chica the Chicken|Protect\n|move|p1a: Deoxys|Stealth Rock|p2a: Chica the Chicken\n|-sidestart|p2: DecibelTheNoivern|move: Stealth Rock\n|\n|-ability|p2a: Chica the Chicken|Speed Boost|boost\n|-boost|p2a: Chica the Chicken|spe|1\n|upkeep\n|turn|6\n|\n|t:|1700702176\n|move|p1a: Deoxys|Spikes|p2a: Chica the Chicken\n|-sidestart|p2: DecibelTheNoivern|Spikes\n|move|p2a: Chica the Chicken|Swords Dance|p2a: Chica the Chicken\n|-boost|p2a: Chica the Chicken|atk|2\n|\n|-ability|p2a: Chica the Chicken|Speed Boost|boost\n|-boost|p2a: Chica the Chicken|spe|1\n|upkeep\n|turn|7\n|\n|t:|1700702181\n|move|p2a: Chica the Chicken|Protect|p2a: Chica the Chicken\n|-singleturn|p2a: Chica the Chicken|Protect\n|move|p1a: Deoxys|Spikes|p2a: Chica the Chicken\n|-sidestart|p2: DecibelTheNoivern|Spikes\n|\n|-ability|p2a: Chica the Chicken|Speed Boost|boost\n|-boost|p2a: Chica the Chicken|spe|1\n|upkeep\n|turn|8\n|\n|t:|1700702189\n|move|p2a: Chica the Chicken|Blaze Kick|p1a: Deoxys\n|-enditem|p1a: Deoxys|Focus Sash\n|-damage|p1a: Deoxys|1\/100\n|move|p1a: Deoxys|Spikes|p2a: Chica the Chicken\n|-sidestart|p2: DecibelTheNoivern|Spikes\n|\n|-ability|p2a: Chica the Chicken|Speed Boost|boost\n|-boost|p2a: Chica the Chicken|spe|1\n|upkeep\n|turn|9\n|\n|t:|1700702193\n|move|p2a: Chica the Chicken|Blaze Kick|p1a: Deoxys\n|-crit|p1a: Deoxys\n|-damage|p1a: Deoxys|0 fnt\n|faint|p1a: Deoxys\n|\n|-ability|p2a: Chica the Chicken|Speed Boost|boost\n|-boost|p2a: Chica the Chicken|spe|1\n|upkeep\n|\n|t:|1700702197\n|switch|p1a: Necrozma|Necrozma-Dawn-Wings|100\/100\n|-damage|p1a: Necrozma|88\/100|[from] Stealth Rock\n|-damage|p1a: Necrozma|76\/100|[from] Spikes\n|turn|10\n|\n|t:|1700702204\n|detailschange|p1a: Necrozma|Necrozma-Ultra\n|-burst|p1a: Necrozma|Necrozma|Ultranecrozium Z\n|move|p2a: Chica the Chicken|Blaze Kick|p1a: Necrozma\n|-resisted|p1a: Necrozma\n|-damage|p1a: Necrozma|36\/100\n|move|p1a: Necrozma|Photon Geyser|p2a: Chica the Chicken\n|-supereffective|p2a: Chica the Chicken\n|-enditem|p2a: Chica the Chicken|Focus Sash\n|-damage|p2a: Chica the Chicken|1\/100\n|\n|-ability|p2a: Chica the Chicken|Speed Boost|boost\n|-boost|p2a: Chica the Chicken|spe|1\n|upkeep\n|turn|11\n|\n|t:|1700702213\n|move|p2a: Chica the Chicken|Blaze Kick|p1a: Necrozma\n|-resisted|p1a: Necrozma\n|-damage|p1a: Necrozma|0 fnt\n|faint|p1a: Necrozma\n|\n|upkeep\n|\n|t:|1700702214\n|switch|p1a: Urshifu|Urshifu, M|100\/100\n|-damage|p1a: Urshifu|94\/100|[from] Stealth Rock\n|-damage|p1a: Urshifu|82\/100|[from] Spikes\n|turn|12\n|\n|t:|1700702218\n|move|p2a: Chica the Chicken|Protect|p2a: Chica the Chicken\n|-singleturn|p2a: Chica the Chicken|Protect\n|move|p1a: Urshifu|Sucker Punch||[still]\n|-fail|p1a: Urshifu\n|\n|upkeep\n|turn|13\n|\n|t:|1700702223\n|move|p1a: Urshifu|Sucker Punch||[still]\n|-fail|p1a: Urshifu\n|move|p2a: Chica the Chicken|Swords Dance|p2a: Chica the Chicken\n|-boost|p2a: Chica the Chicken|atk|2\n|\n|upkeep\n|turn|14\n|\n|t:|1700702233\n|move|p1a: Urshifu|Sucker Punch|p2a: Chica the Chicken\n|-resisted|p2a: Chica the Chicken\n|-damage|p2a: Chica the Chicken|0 fnt\n|faint|p2a: Chica the Chicken\n|-damage|p1a: Urshifu|72\/100|[from] item: Life Orb\n|\n|upkeep\n|\n|t:|1700702257\n|switch|p2a: Bonnie the Bunny|Lopunny, M|100\/100\n|-damage|p2a: Bonnie the Bunny|88\/100|[from] Stealth Rock\n|-damage|p2a: Bonnie the Bunny|64\/100|[from] Spikes\n|turn|15\n|\n|t:|1700702261\n|detailschange|p2a: Bonnie the Bunny|Lopunny-Mega, M\n|-mega|p2a: Bonnie the Bunny|Lopunny|Lopunnite\n|move|p2a: Bonnie the Bunny|High Jump Kick|p1a: Urshifu\n|-supereffective|p1a: Urshifu\n|-damage|p1a: Urshifu|0 fnt\n|faint|p1a: Urshifu\n|\n|upkeep\n|\n|t:|1700702265\n|switch|p1a: Zygarde|Zygarde-10%|100\/100\n|-damage|p1a: Zygarde|94\/100|[from] Stealth Rock\n|-damage|p1a: Zygarde|82\/100|[from] Spikes\n|turn|16\n|\n|t:|1700702269\n|move|p2a: Bonnie the Bunny|Triple Axel|p1a: Zygarde\n|-supereffective|p1a: Zygarde\n|-damage|p1a: Zygarde|31\/100\n|-supereffective|p1a: Zygarde\n|-damage|p1a: Zygarde|0 fnt\n|faint|p1a: Zygarde\n|-hitcount|p1: Zygarde|2\n|\n|upkeep\n|\n|t:|1700702273\n|switch|p1a: Lunala|Lunala|100\/100\n|-damage|p1a: Lunala|88\/100|[from] Stealth Rock\n|-damage|p1a: Lunala|76\/100|[from] Spikes\n|turn|17\n|\n|t:|1700702278\n|move|p2a: Bonnie the Bunny|Return|p1a: Lunala\n|-damage|p1a: Lunala|29\/100\n|-zpower|p1a: Lunala\n|move|p1a: Lunala|Menacing Moonraze Maelstrom|p2a: Bonnie the Bunny|[zeffect]\n|-immune|p2a: Bonnie the Bunny\n|\n|upkeep\n|turn|18\n|\n|t:|1700702283\n|move|p2a: Bonnie the Bunny|Return|p1a: Lunala\n|-damage|p1a: Lunala|0 fnt\n|faint|p1a: Lunala\n|\n|upkeep\n|\n|t:|1700702285\n|switch|p1a: Raikou|Raikou|100\/100\n|-damage|p1a: Raikou|88\/100|[from] Stealth Rock\n|-damage|p1a: Raikou|76\/100|[from] Spikes\n|turn|19\n|\n|t:|1700702296\n|move|p2a: Bonnie the Bunny|High Jump Kick|p1a: Raikou\n|-damage|p1a: Raikou|0 fnt\n|faint|p1a: Raikou\n|\n|win|DecibelTheNoivern\n|raw|samsea123's rating: 1055 &rarr; <strong>1041<\/strong><br \/>(-14 for losing)\n|raw|DecibelTheNoivern's rating: 1132 &rarr; <strong>1152<\/strong><br \/>(+20 for winning)\n|l|\u2606samsea123\n","uploadtime":1700702305,"views":2,"p1id":"samsea123","p2id":"decibelthenoivern","formatid":"gen9nationaldexubers","rating":1041,"private":0,"password":""}