{"id":"gen9nationaldexubers-1992289800","p1":"ILIkEChEEzEe","p2":"VerduOsane","format":"[Gen 9] National Dex Ubers","log":"|j|\u2606ILIkEChEEzEe\n|j|\u2606VerduOsane\n|t:|1700171359\n|gametype|singles\n|player|p1|ILIkEChEEzEe|2|1000\n|player|p2|VerduOsane|101|1074\n|teamsize|p1|4\n|teamsize|p2|6\n|gen|9\n|tier|[Gen 9] National Dex Ubers\n|rated|\n|rule|HP Percentage Mod: HP is shown in percentages\n|rule|Endless Battle Clause: Forcing endless battles is banned\n|rule|OHKO Clause: OHKO moves are banned\n|rule|Evasion Moves Clause: Evasion moves are banned\n|rule|Evasion Items Clause: Evasion items are banned\n|rule|Species Clause: Limit one of each Pok\u00e9mon\n|rule|Sleep Clause Mod: Limit one foe put to sleep\n|rule|Mega Rayquaza Clause: You cannot mega evolve Rayquaza\n|clearpoke\n|poke|p1|Aron, M|\n|poke|p1|Hippopotas, F|\n|poke|p1|Dracovish|\n|poke|p1|Kyogre|\n|poke|p2|Xurkitree|\n|poke|p2|Rampardos, M|\n|poke|p2|Ninjask, M|\n|poke|p2|Mantine, F|\n|poke|p2|Chansey, F|\n|poke|p2|Cloyster, M|\n|teampreview\n|\n|t:|1700171366\n|start\n|switch|p1a: Kyogre|Kyogre|100\/100\n|switch|p2a: Cloyster|Cloyster, M|100\/100\n|-weather|RainDance|[from] ability: Drizzle|[of] p1a: Kyogre\n|turn|1\n|\n|t:|1700171377\n|switch|p2a: Chansey|Chansey, F|100\/100\n|move|p1a: Kyogre|Body Slam|p2a: Chansey\n|-damage|p2a: Chansey|85\/100\n|\n|-weather|RainDance|[upkeep]\n|upkeep\n|turn|2\n|\n|t:|1700171386\n|move|p1a: Kyogre|Water Spout|p2a: Chansey\n|-damage|p2a: Chansey|45\/100\n|move|p2a: Chansey|Toxic|p1a: Kyogre\n|-status|p1a: Kyogre|tox\n|\n|-weather|RainDance|[upkeep]\n|-damage|p1a: Kyogre|94\/100 tox|[from] psn\n|upkeep\n|turn|3\n|\n|t:|1700171396\n|move|p1a: Kyogre|Water Spout|p2a: Chansey\n|-damage|p2a: Chansey|10\/100\n|move|p2a: Chansey|Wish|p2a: Chansey\n|\n|-weather|RainDance|[upkeep]\n|-heal|p1a: Kyogre|100\/100 tox|[from] item: Leftovers\n|-damage|p1a: Kyogre|88\/100 tox|[from] psn\n|upkeep\n|turn|4\n|\n|t:|1700171414\n|switch|p2a: Mantine|Mantine, F|100\/100\n|move|p1a: Kyogre|Earthquake|p2a: Mantine\n|-immune|p2a: Mantine\n|\n|-weather|RainDance|[upkeep]\n|-heal|p1a: Kyogre|94\/100 tox|[from] item: Leftovers\n|-damage|p1a: Kyogre|76\/100 tox|[from] psn\n|upkeep\n|turn|5\n|\n|t:|1700171431\n|switch|p1a: Dracovish|Dracovish|100\/100\n|move|p2a: Mantine|Hurricane|p1a: Dracovish\n|-damage|p1a: Dracovish|40\/100\n|\n|-weather|none\n|upkeep\n|turn|6\n|\n|t:|1700171441\n|move|p1a: Dracovish|Fishious Rend|p2a: Mantine\n|-resisted|p2a: Mantine\n|-damage|p2a: Mantine|69\/100\n|move|p2a: Mantine|Hurricane|p1a: Dracovish|[miss]\n|-miss|p2a: Mantine|p1a: Dracovish\n|\n|upkeep\n|turn|7\n|\n|t:|1700171450\n|switch|p1a: Kyogre|Kyogre|76\/100 tox\n|-weather|RainDance|[from] ability: Drizzle|[of] p1a: Kyogre\n|move|p2a: Mantine|Scald|p1a: Kyogre\n|-resisted|p1a: Kyogre\n|-damage|p1a: Kyogre|57\/100 tox\n|\n|-weather|RainDance|[upkeep]\n|-heal|p1a: Kyogre|63\/100 tox|[from] item: Leftovers\n|-damage|p1a: Kyogre|57\/100 tox|[from] psn\n|upkeep\n|turn|8\n|\n|t:|1700171466\n|switch|p1a: Hippopotas|Hippopotas, F|100\/100\n|-weather|Sandstorm|[from] ability: Sand Stream|[of] p1a: Hippopotas\n|move|p2a: Mantine|Hurricane|p1a: Hippopotas\n|-damage|p1a: Hippopotas|0 fnt\n|faint|p1a: Hippopotas\n|\n|-weather|Sandstorm|[upkeep]\n|-damage|p2a: Mantine|63\/100|[from] Sandstorm\n|upkeep\n|\n|t:|1700171475\n|switch|p1a: Aron|Aron, M|100\/100\n|turn|9\n|\n|t:|1700171484\n|-terastallize|p1a: Aron|Ghost\n|move|p2a: Mantine|Scald|p1a: Aron\n|-damage|p1a: Aron|3\/100\n|-status|p1a: Aron|brn\n|move|p1a: Aron|Endeavor|p2a: Mantine\n|-damage|p2a: Mantine|2\/100\n|-heal|p1a: Aron|15\/100 brn|[from] item: Shell Bell|[of] p2a: Mantine\n|\n|-weather|Sandstorm|[upkeep]\n|-damage|p2a: Mantine|0 fnt|[from] Sandstorm\n|-damage|p1a: Aron|8\/100 brn|[from] Sandstorm\n|faint|p2a: Mantine\n|-damage|p1a: Aron|2\/100 brn|[from] brn\n|upkeep\n|\n|t:|1700171514\n|switch|p2a: Chansey|Chansey, F|10\/100\n|turn|10\n|c|\u2606ILIkEChEEzEe|Bruh ur so lucky u got the burn\n|\n|t:|1700171520\n|move|p2a: Chansey|Wish|p2a: Chansey\n|move|p1a: Aron|Endeavor|p2a: Chansey\n|-damage|p2a: Chansey|1\/100\n|-heal|p1a: Aron|5\/100 brn|[from] item: Shell Bell|[of] p2a: Chansey\n|\n|-weather|Sandstorm|[upkeep]\n|-damage|p2a: Chansey|0 fnt|[from] Sandstorm\n|-damage|p1a: Aron|0 fnt|[from] Sandstorm\n|faint|p2a: Chansey\n|faint|p1a: Aron\n|upkeep\n|\n|t:|1700171551\n|switch|p2a: Rampardos|Rampardos, M|100\/100\n|switch|p1a: Kyogre|Kyogre|57\/100 tox\n|-weather|RainDance|[from] ability: Drizzle|[of] p1a: Kyogre\n|turn|11\n|\n|t:|1700171558\n|move|p1a: Kyogre|Water Spout|p2a: Rampardos\n|-supereffective|p2a: Rampardos\n|-enditem|p2a: Rampardos|Focus Sash\n|-damage|p2a: Rampardos|1\/100\n|move|p2a: Rampardos|Rock Polish|p2a: Rampardos\n|-boost|p2a: Rampardos|spe|2\n|\n|-weather|RainDance|[upkeep]\n|-heal|p2a: Rampardos|100\/100|[from] move: Wish|[wisher] Chansey\n|-heal|p1a: Kyogre|63\/100 tox|[from] item: Leftovers\n|-damage|p1a: Kyogre|57\/100 tox|[from] psn\n|upkeep\n|turn|12\n|\n|t:|1700171574\n|-terastallize|p2a: Rampardos|Psychic\n|move|p2a: Rampardos|Zen Headbutt|p1a: Kyogre\n|-damage|p1a: Kyogre|0 fnt\n|faint|p1a: Kyogre\n|\n|-weather|RainDance|[upkeep]\n|upkeep\n|\n|t:|1700171579\n|switch|p1a: Dracovish|Dracovish|40\/100\n|turn|13\n|\n|t:|1700171584\n|move|p2a: Rampardos|Zen Headbutt|p1a: Dracovish\n|-damage|p1a: Dracovish|0 fnt\n|faint|p1a: Dracovish\n|\n|win|VerduOsane\n|raw|ILIkEChEEzEe's rating: 1000 &rarr; <strong>1000<\/strong><br \/>(+0 for losing)\n|raw|VerduOsane's rating: 1074 &rarr; <strong>1097<\/strong><br \/>(+23 for winning)\n","uploadtime":1700171604,"views":8,"p1id":"ilikecheezee","p2id":"verduosane","formatid":"gen9nationaldexubers","rating":1000,"private":0,"password":""}