{"id":"gen9nationaldexubers-1981208239","p1":"zillygaming","p2":"Stitchthemuffin","format":"[Gen 9] National Dex Ubers","log":"|j|\u2606zillygaming\n|j|\u2606Stitchthemuffin\n|t:|1698872570\n|gametype|singles\n|player|p1|zillygaming|ingo|\n|player|p2|Stitchthemuffin|caitlin|\n|teamsize|p1|6\n|teamsize|p2|6\n|gen|9\n|tier|[Gen 9] National Dex Ubers\n|rule|HP Percentage Mod: HP is shown in percentages\n|rule|Endless Battle Clause: Forcing endless battles is banned\n|rule|OHKO Clause: OHKO moves are banned\n|rule|Evasion Moves Clause: Evasion moves are banned\n|rule|Evasion Items Clause: Evasion items are banned\n|rule|Species Clause: Limit one of each Pok\u00e9mon\n|rule|Sleep Clause Mod: Limit one foe put to sleep\n|rule|Mega Rayquaza Clause: You cannot mega evolve Rayquaza\n|clearpoke\n|poke|p1|Cottonee, L1, F|\n|poke|p1|Aron, L1, M|\n|poke|p1|Lycanroc-Dusk, F|\n|poke|p1|Meowscarada, M|\n|poke|p1|Rattata, L1, M|\n|poke|p1|Lunala|\n|poke|p2|Kyogre|\n|poke|p2|Blaziken, M|\n|poke|p2|Rillaboom, F|\n|poke|p2|Deoxys-Speed|\n|poke|p2|Dracovish|\n|poke|p2|Zacian-*|\n|teampreview\n|\n|t:|1698872582\n|start\n|switch|p1a: Lunala|Lunala|100\/100\n|switch|p2a: Blaziken|Blaziken, M, shiny|100\/100\n|turn|1\n|\n|t:|1698872597\n|detailschange|p2a: Blaziken|Blaziken-Mega, M, shiny\n|-mega|p2a: Blaziken|Blaziken|Blazikenite\n|-terastallize|p1a: Lunala|Fairy\n|move|p2a: Blaziken|Blaze Kick|p1a: Lunala\n|-damage|p1a: Lunala|78\/100\n|move|p1a: Lunala|Expanding Force|p2a: Blaziken\n|-supereffective|p2a: Blaziken\n|-damage|p2a: Blaziken|0 fnt\n|faint|p2a: Blaziken\n|\n|upkeep\n|\n|t:|1698872608\n|switch|p2a: Deoxys|Deoxys-Speed, shiny|100\/100\n|-ability|p2a: Deoxys|Pressure\n|turn|2\n|\n|t:|1698872615\n|-terastallize|p2a: Deoxys|Ghost\n|move|p2a: Deoxys|Psychic|p1a: Lunala\n|-damage|p1a: Lunala|49\/100\n|move|p1a: Lunala|Moongeist Beam|p2a: Deoxys\n|-supereffective|p2a: Deoxys\n|-enditem|p2a: Deoxys|Focus Sash\n|-damage|p2a: Deoxys|1\/100\n|\n|upkeep\n|turn|3\n|c|\u2606zillygaming|Hyper offense lunala moment\n|\n|t:|1698872637\n|move|p2a: Deoxys|Psychic|p1a: Lunala\n|-damage|p1a: Lunala|19\/100\n|move|p1a: Lunala|Moongeist Beam|p2a: Deoxys\n|-supereffective|p2a: Deoxys\n|-damage|p2a: Deoxys|0 fnt\n|faint|p2a: Deoxys\n|\n|upkeep\n|c|\u2606Stitchthemuffin|FG\n|c|\u2606Stitchthemuffin|F\n|c|\u2606Stitchthemuffin|F\n|c|\u2606Stitchthemuffin|F\n|c|\u2606Stitchthemuffin|F\n|c|\u2606Stitchthemuffin|F\n|c|\u2606zillygaming|xD\n|\n|t:|1698872657\n|switch|p2a: Rillaboom|Rillaboom, F, shiny|100\/100\n|-fieldstart|move: Grassy Terrain|[from] ability: Grassy Surge|[of] p2a: Rillaboom\n|turn|4\n|\n|t:|1698872670\n|move|p2a: Rillaboom|Fake Out|p1a: Lunala\n|-damage|p1a: Lunala|5\/100\n|-damage|p2a: Rillaboom|91\/100|[from] item: Life Orb\n|cant|p1a: Lunala|flinch\n|\n|-heal|p1a: Lunala|11\/100|[from] Grassy Terrain\n|-heal|p2a: Rillaboom|97\/100|[from] Grassy Terrain\n|upkeep\n|turn|5\n|\n|t:|1698872681\n|move|p2a: Rillaboom|Grassy Glide|p1a: Lunala\n|-crit|p1a: Lunala\n|-damage|p1a: Lunala|0 fnt\n|faint|p1a: Lunala\n|-damage|p2a: Rillaboom|87\/100|[from] item: Life Orb\n|\n|-heal|p2a: Rillaboom|93\/100|[from] Grassy Terrain\n|upkeep\n|c|\u2606Stitchthemuffin|finally\n|\n|t:|1698872690\n|switch|p1a: Meowscarada|Meowscarada, M, shiny|100\/100\n|turn|6\n|c|\u2606Stitchthemuffin|defeated my nightmare\n|\n|t:|1698872699\n|switch|p2a: Dracovish|Dracovish, shiny|100\/100\n|move|p1a: Meowscarada|Toxic Spikes|p2a: Dracovish\n|-start|p1a: Meowscarada|typechange|Poison|[from] ability: Protean\n|-sidestart|p2: Stitchthemuffin|move: Toxic Spikes\n|\n|upkeep\n|turn|7\n|c|\u2606zillygaming|Ohh its not over tho\n|c|\u2606Stitchthemuffin|FUCK YOU\n|\n|t:|1698872713\n|move|p2a: Dracovish|Outrage|p1a: Meowscarada\n|-damage|p1a: Meowscarada|47\/100\n|move|p1a: Meowscarada|Toxic Spikes|p2a: Dracovish\n|-sidestart|p2: Stitchthemuffin|move: Toxic Spikes\n|\n|-heal|p1a: Meowscarada|53\/100|[from] Grassy Terrain\n|-heal|p1a: Meowscarada|59\/100|[from] item: Leftovers\n|upkeep\n|turn|8\n|c|\u2606Stitchthemuffin|WITH YOUR POISION SPIKKESSS\n|c|\u2606zillygaming|xD\n|\n|t:|1698872728\n|move|p1a: Meowscarada|Protect|p1a: Meowscarada\n|-singleturn|p1a: Meowscarada|Protect\n|move|p2a: Dracovish|Outrage|p1a: Meowscarada|[from]lockedmove\n|-activate|p1a: Meowscarada|move: Protect\n|-start|p2a: Dracovish|confusion|[fatigue]\n|\n|-heal|p1a: Meowscarada|65\/100|[from] Grassy Terrain\n|-heal|p1a: Meowscarada|71\/100|[from] item: Leftovers\n|-fieldend|move: Grassy Terrain\n|upkeep\n|turn|9\n|\n|t:|1698872742\n|-activate|p2a: Dracovish|confusion\n|move|p2a: Dracovish|Outrage|p1a: Meowscarada\n|-damage|p1a: Meowscarada|14\/100\n|move|p1a: Meowscarada|Knock Off|p2a: Dracovish\n|-crit|p2a: Dracovish\n|-damage|p2a: Dracovish|62\/100\n|-enditem|p2a: Dracovish|Choice Scarf|[from] move: Knock Off|[of] p1a: Meowscarada\n|\n|-heal|p1a: Meowscarada|20\/100|[from] item: Leftovers\n|upkeep\n|turn|10\n|c|\u2606zillygaming|I got you out of being locked into one move\n|c|\u2606zillygaming|Your welcome\n|c|\u2606zillygaming|:D\n|c|\u2606Stitchthemuffin|ty\n|c|\u2606zillygaming|However your slower now\n|c|\u2606zillygaming|>:D\n|c|\u2606Stitchthemuffin|WTF-\n|c|\u2606Stitchthemuffin|I HEARD A BARK\n|\n|t:|1698872798\n|move|p1a: Meowscarada|Knock Off|p2a: Dracovish\n|-damage|p2a: Dracovish|43\/100\n|-activate|p2a: Dracovish|confusion\n|move|p2a: Dracovish|Outrage|p1a: Meowscarada|[from]lockedmove\n|-damage|p1a: Meowscarada|0 fnt\n|faint|p1a: Meowscarada\n|\n|upkeep\n|c|\u2606Stitchthemuffin|L meowscarada\n|\n|t:|1698872814\n|switch|p1a: Rattata|Rattata, L1, M|100\/100\n|turn|11\n|c|\u2606zillygaming|Check this out\n|c|\u2606Stitchthemuffin|NO\n|c|\u2606Stitchthemuffin|NO\n|c|\u2606zillygaming|Level one pokemon sweep\n|\n|t:|1698872830\n|switch|p2a: Zacian|Zacian-Crowned, shiny|100\/100\n|-ability|p2a: Zacian|Intrepid Sword|boost\n|-boost|p2a: Zacian|atk|1\n|move|p1a: Rattata|Endeavor|p2a: Zacian\n|-damage|p2a: Zacian|4\/100\n|\n|upkeep\n|turn|12\n|c|\u2606Stitchthemuffin|wtff\n|c|\u2606zillygaming|I have 6 hp points xD\n|\n|t:|1698872859\n|switch|p2a: Rillaboom|Rillaboom, F, shiny|93\/100\n|-status|p2a: Rillaboom|tox\n|-fieldstart|move: Grassy Terrain|[from] ability: Grassy Surge|[of] p2a: Rillaboom\n|move|p1a: Rattata|Quick Attack|p2a: Rillaboom\n|-damage|p2a: Rillaboom|93\/100 tox\n|\n|-heal|p2a: Rillaboom|99\/100 tox|[from] Grassy Terrain\n|-damage|p2a: Rillaboom|93\/100 tox|[from] psn\n|upkeep\n|turn|13\n|c|\u2606Stitchthemuffin|heheheh\n|l|\u2606zillygaming\n|player|p1|\n|j|\u2606zillygaming\n|player|p1|zillygaming|ingo\n|\n|t:|1698872884\n|move|p2a: Rillaboom|Fake Out|p1a: Rattata\n|-enditem|p1a: Rattata|Focus Sash\n|-damage|p1a: Rattata|10\/100\n|-damage|p2a: Rillaboom|83\/100 tox|[from] item: Life Orb\n|cant|p1a: Rattata|flinch\n|\n|-heal|p2a: Rillaboom|89\/100 tox|[from] Grassy Terrain\n|-heal|p1a: Rattata|19\/100|[from] Grassy Terrain\n|-damage|p2a: Rillaboom|76\/100 tox|[from] psn\n|upkeep\n|turn|14\n|\n|t:|1698872895\n|move|p1a: Rattata|Protect|p1a: Rattata\n|-singleturn|p1a: Rattata|Protect\n|move|p2a: Rillaboom|Fake Out||[still]\n|-hint|Fake Out only works on your first turn out.\n|-fail|p2a: Rillaboom\n|\n|-heal|p2a: Rillaboom|83\/100 tox|[from] Grassy Terrain\n|-heal|p1a: Rattata|28\/100|[from] Grassy Terrain\n|-damage|p2a: Rillaboom|64\/100 tox|[from] psn\n|upkeep\n|turn|15\n|l|\u2606zillygaming\n|player|p1|\n|j|\u2606zillygaming\n|player|p1|zillygaming|ingo\n|c|\u2606Stitchthemuffin|Bro turned into a little kid\n|c|\u2606zillygaming|MY INTERNETAGSHHSVSJKXHS\n|c|\u2606Stitchthemuffin|\ud83d\udc80\n|\n|t:|1698872932\n|move|p1a: Rattata|Quick Attack|p2a: Rillaboom\n|-damage|p2a: Rillaboom|64\/100 tox\n|move|p2a: Rillaboom|Earthquake|p1a: Rattata\n|-damage|p1a: Rattata|0 fnt\n|faint|p1a: Rattata\n|-damage|p2a: Rillaboom|54\/100 tox|[from] item: Life Orb\n|\n|-heal|p2a: Rillaboom|60\/100 tox|[from] Grassy Terrain\n|-damage|p2a: Rillaboom|35\/100 tox|[from] psn\n|upkeep\n|c|\u2606Stitchthemuffin|L rattata\n|\n|t:|1698872948\n|switch|p1a: Lycanroc|Lycanroc-Dusk, F|100\/100\n|turn|16\n|\n|t:|1698872956\n|move|p2a: Rillaboom|Fake Out||[still]\n|-hint|Fake Out only works on your first turn out.\n|-fail|p2a: Rillaboom\n|move|p1a: Lycanroc|Sucker Punch||[still]\n|-fail|p1a: Lycanroc\n|\n|-heal|p2a: Rillaboom|42\/100 tox|[from] Grassy Terrain\n|-damage|p2a: Rillaboom|11\/100 tox|[from] psn\n|-fieldend|move: Grassy Terrain\n|upkeep\n|turn|17\n|\n|t:|1698872966\n|move|p2a: Rillaboom|Fake Out||[still]\n|-hint|Fake Out only works on your first turn out.\n|-fail|p2a: Rillaboom\n|move|p1a: Lycanroc|Accelerock|p2a: Rillaboom\n|-damage|p2a: Rillaboom|0 fnt\n|faint|p2a: Rillaboom\n|\n|upkeep\n|c|\u2606zillygaming|Pff\n|c|\u2606zillygaming|Fa\n|c|\u2606zillygaming|Nshhdhehne\n|c|\u2606zillygaming|HiHha\n|\n|t:|1698872987\n|switch|p2a: Dracovish|Dracovish, shiny|43\/100\n|-status|p2a: Dracovish|tox\n|turn|18\n|c|\u2606zillygaming|Fake out only works first turn you witch in xD\n|c|\u2606Stitchthemuffin|aaaaaaaaaa\n|\n|t:|1698873000\n|move|p2a: Dracovish|Outrage|p1a: Lycanroc\n|-damage|p1a: Lycanroc|17\/100\n|move|p1a: Lycanroc|Endeavor|p2a: Dracovish\n|-damage|p2a: Dracovish|15\/100 tox\n|\n|-damage|p2a: Dracovish|9\/100 tox|[from] psn\n|upkeep\n|turn|19\n|c|\u2606Stitchthemuffin|just what I wanted..\n|\n|t:|1698873009\n|move|p1a: Lycanroc|Sucker Punch|p2a: Dracovish\n|-damage|p2a: Dracovish|0 fnt\n|faint|p2a: Dracovish\n|\n|upkeep\n|\n|t:|1698873015\n|switch|p2a: Kyogre|Kyogre, shiny|100\/100\n|-status|p2a: Kyogre|tox\n|detailschange|p2a: Kyogre|Kyogre-Primal, shiny\n|-primal|p2a: Kyogre|Blue Orb\n|-weather|PrimordialSea|[from] ability: Primordial Sea|[of] p2a: Kyogre\n|turn|20\n|\n|t:|1698873026\n|move|p1a: Lycanroc|Sucker Punch|p2a: Kyogre\n|-damage|p2a: Kyogre|68\/100 tox\n|move|p2a: Kyogre|Water Spout|p1a: Lycanroc\n|-supereffective|p1a: Lycanroc\n|-damage|p1a: Lycanroc|0 fnt\n|faint|p1a: Lycanroc\n|\n|-weather|PrimordialSea|[upkeep]\n|-damage|p2a: Kyogre|62\/100 tox|[from] psn\n|upkeep\n|c|\u2606zillygaming|Your gonna lose to a level one aron.\n|\n|t:|1698873048\n|switch|p1a: Aron|Aron, L1, M|100\/100\n|turn|21\n|c|\u2606Stitchthemuffin|NO\n|c|\u2606Stitchthemuffin|NONOONNONOONOONONONONOO\n|\n|t:|1698873056\n|-weather|none\n|switch|p2a: Zacian|Zacian-Crowned, shiny|4\/100\n|move|p1a: Aron|Endeavor|p2a: Zacian\n|-immune|p2a: Zacian\n|\n|upkeep\n|turn|22\n|\n|t:|1698873066\n|move|p1a: Aron|Protect|p1a: Aron\n|-singleturn|p1a: Aron|Protect\n|move|p2a: Zacian|Behemoth Blade|p1a: Aron\n|-activate|p1a: Aron|move: Protect\n|\n|upkeep\n|turn|23\n|\n|t:|1698873093\n|switch|p1a: Cottonee|Cottonee, L1, F|100\/100\n|move|p2a: Zacian|Behemoth Blade|p1a: Cottonee\n|-supereffective|p1a: Cottonee\n|-enditem|p1a: Cottonee|Focus Sash\n|-damage|p1a: Cottonee|9\/100\n|\n|upkeep\n|turn|24\n|c|\u2606Stitchthemuffin|hah what you-\n|c|\u2606Stitchthemuffin|NOOOO\n|c|\u2606Stitchthemuffin|wait\n|\n|t:|1698873107\n|switch|p2a: Kyogre|Kyogre-Primal, shiny|62\/100 tox\n|-weather|PrimordialSea|[from] ability: Primordial Sea|[of] p2a: Kyogre\n|move|p1a: Cottonee|Leech Seed|p2a: Kyogre\n|-start|p2a: Kyogre|move: Leech Seed\n|\n|-weather|PrimordialSea|[upkeep]\n|-damage|p2a: Kyogre|49\/100 tox|[from] Leech Seed|[of] p1a: Cottonee\n|-heal|p1a: Cottonee|100\/100|[silent]\n|-damage|p2a: Kyogre|43\/100 tox|[from] psn\n|upkeep\n|turn|25\n|\n|t:|1698873119\n|move|p1a: Cottonee|Protect|p1a: Cottonee\n|-singleturn|p1a: Cottonee|Protect\n|move|p2a: Kyogre|Ice Beam|p1a: Cottonee\n|-activate|p1a: Cottonee|move: Protect\n|\n|-weather|PrimordialSea|[upkeep]\n|-damage|p2a: Kyogre|31\/100 tox|[from] Leech Seed|[of] p1a: Cottonee\n|-damage|p2a: Kyogre|19\/100 tox|[from] psn\n|upkeep\n|turn|26\n|\n|t:|1698873130\n|move|p1a: Cottonee|Substitute|p1a: Cottonee\n|-start|p1a: Cottonee|Substitute\n|-damage|p1a: Cottonee|75\/100\n|move|p2a: Kyogre|Ice Beam|p1a: Cottonee\n|-supereffective|p1a: Cottonee\n|-end|p1a: Cottonee|Substitute\n|\n|-weather|PrimordialSea|[upkeep]\n|-damage|p2a: Kyogre|6\/100 tox|[from] Leech Seed|[of] p1a: Cottonee\n|-heal|p1a: Cottonee|100\/100|[silent]\n|-damage|p2a: Kyogre|0 fnt|[from] psn\n|faint|p2a: Kyogre\n|-weather|none\n|upkeep\n|\n|t:|1698873140\n|switch|p2a: Zacian|Zacian-Crowned, shiny|4\/100\n|turn|27\n|\n|t:|1698873148\n|move|p1a: Cottonee|Leech Seed|p2a: Zacian\n|-start|p2a: Zacian|move: Leech Seed\n|move|p2a: Zacian|Play Rough|p1a: Cottonee\n|-damage|p1a: Cottonee|0 fnt\n|faint|p1a: Cottonee\n|\n|upkeep\n|c|\u2606zillygaming|Bro lost \ud83d\udc80\n|\n|t:|1698873155\n|switch|p1a: Aron|Aron, L1, M|100\/100\n|turn|28\n|\n|t:|1698873162\n|move|p1a: Aron|Protect|p1a: Aron\n|-singleturn|p1a: Aron|Protect\n|move|p2a: Zacian|Play Rough|p1a: Aron\n|-activate|p1a: Aron|move: Protect\n|\n|-damage|p2a: Zacian|0 fnt|[from] Leech Seed|[of] p1a: Aron\n|faint|p2a: Zacian\n|\n|win|zillygaming\n|upkeep\n|c|\u2606Stitchthemuffin|noooooooooooooooooooooooooooo\n|c|\u2606zillygaming|Ggs\n|c|\u2606Stitchthemuffin|gg\n|c|\u2606Stitchthemuffin|NOW LEMME WATCH THIS THING\n|c|\u2606zillygaming|Alr xD\n","uploadtime":1698873197,"views":13,"p1id":"zillygaming","p2id":"stitchthemuffin","formatid":"gen9nationaldexubers","rating":0,"private":0,"password":""}