{"id":"gen9nationaldexubers-1995900047","p1":"KJ.nyc","p2":"Marz the Mewz","format":"[Gen 9] National Dex Ubers","log":"|j|\u2606KJ.nyc\n|j|\u2606Marz the Mewz\n|t:|1700615221\n|gametype|singles\n|player|p1|KJ.nyc|hilbert|1121\n|player|p2|Marz the Mewz|wallace|1065\n|teamsize|p1|6\n|teamsize|p2|6\n|gen|9\n|tier|[Gen 9] National Dex Ubers\n|rated|\n|rule|HP Percentage Mod: HP is shown in percentages\n|rule|Endless Battle Clause: Forcing endless battles is banned\n|rule|OHKO Clause: OHKO moves are banned\n|rule|Evasion Moves Clause: Evasion moves are banned\n|rule|Evasion Items Clause: Evasion items are banned\n|rule|Species Clause: Limit one of each Pok\u00e9mon\n|rule|Sleep Clause Mod: Limit one foe put to sleep\n|rule|Mega Rayquaza Clause: You cannot mega evolve Rayquaza\n|clearpoke\n|poke|p1|Pikachu, M|\n|poke|p1|Dragonite, F|\n|poke|p1|Gengar, M|\n|poke|p1|Lucario, M|\n|poke|p1|Sirfetch\u2019d, M|\n|poke|p1|Dracovish|\n|poke|p2|Blaziken, F|\n|poke|p2|Ursaluna-Bloodmoon, M|\n|poke|p2|Wo-Chien|\n|poke|p2|Braviary-Hisui, M|\n|poke|p2|Toxapex, F|\n|poke|p2|Froslass, F|\n|teampreview\n|c|\u2606KJ.nyc|glhf\n|inactive|Battle timer is ON: inactive players will automatically lose when time's up. (requested by KJ.nyc)\n|c|\u2606Marz the Mewz|gl hf my friend\n|\n|t:|1700615251\n|start\n|switch|p1a: Dracovish|Dracovish|100\/100\n|switch|p2a: Toxxy|Toxapex, F|100\/100\n|turn|1\n|\n|t:|1700615265\n|move|p1a: Dracovish|Fishious Rend|p2a: Toxxy\n|-resisted|p2a: Toxxy\n|-damage|p2a: Toxxy|46\/100\n|move|p2a: Toxxy|Toxic Spikes|p1a: Dracovish\n|-sidestart|p1: KJ.nyc|move: Toxic Spikes\n|\n|upkeep\n|turn|2\n|\n|t:|1700615271\n|move|p2a: Toxxy|Baneful Bunker|p2a: Toxxy\n|-singleturn|p2a: Toxxy|move: Protect\n|move|p1a: Dracovish|Fishious Rend|p2a: Toxxy\n|-activate|p2a: Toxxy|move: Protect\n|-status|p1a: Dracovish|psn\n|\n|-damage|p1a: Dracovish|88\/100 psn|[from] psn\n|upkeep\n|turn|3\n|inactive|Marz the Mewz has 120 seconds left.\n|\n|t:|1700615309\n|move|p1a: Dracovish|Fishious Rend|p2a: Toxxy\n|-resisted|p2a: Toxxy\n|-damage|p2a: Toxxy|0 fnt\n|faint|p2a: Toxxy\n|\n|-damage|p1a: Dracovish|75\/100 psn|[from] psn\n|upkeep\n|\n|t:|1700615319\n|switch|p2a: Braviary|Braviary-Hisui, M|100\/100\n|turn|4\n|inactive|Marz the Mewz has 120 seconds left.\n|\n|t:|1700615329\n|move|p2a: Braviary|Dazzling Gleam|p1a: Dracovish\n|-supereffective|p1a: Dracovish\n|-damage|p1a: Dracovish|7\/100 psn\n|move|p1a: Dracovish|Fishious Rend|p2a: Braviary\n|-damage|p2a: Braviary|0 fnt\n|faint|p2a: Braviary\n|\n|-damage|p1a: Dracovish|0 fnt|[from] psn\n|faint|p1a: Dracovish\n|upkeep\n|inactive|Marz the Mewz has 120 seconds left.\n|\n|t:|1700615346\n|switch|p2a: Blaziken|Blaziken, F|100\/100\n|switch|p1a: Gengar|Gengar, M|100\/100\n|-sideend|p1: KJ.nyc|move: Toxic Spikes|[of] p1a: Gengar\n|turn|5\n|inactive|Marz the Mewz has 120 seconds left.\n|\n|t:|1700615356\n|move|p1a: Gengar|Sludge Bomb|p2a: Blaziken\n|-damage|p2a: Blaziken|32\/100\n|move|p2a: Blaziken|Hone Claws|p2a: Blaziken\n|-boost|p2a: Blaziken|atk|1\n|-boost|p2a: Blaziken|accuracy|1\n|\n|-heal|p2a: Blaziken|38\/100|[from] item: Leftovers\n|-ability|p2a: Blaziken|Speed Boost|boost\n|-boost|p2a: Blaziken|spe|1\n|upkeep\n|turn|6\n|inactive|Marz the Mewz has 120 seconds left.\n|\n|t:|1700615366\n|move|p2a: Blaziken|Shadow Claw|p1a: Gengar\n|-supereffective|p1a: Gengar\n|-enditem|p1a: Gengar|Focus Sash\n|-damage|p1a: Gengar|1\/100\n|move|p1a: Gengar|Sludge Bomb|p2a: Blaziken\n|-damage|p2a: Blaziken|0 fnt\n|faint|p2a: Blaziken\n|\n|upkeep\n|inactive|Marz the Mewz has 120 seconds left.\n|\n|t:|1700615378\n|switch|p2a: Wo-Chien|Wo-Chien|100\/100\n|-ability|p2a: Wo-Chien|Tablets of Ruin\n|turn|7\n|inactive|Marz the Mewz has 120 seconds left.\n|\n|t:|1700615389\n|move|p1a: Gengar|Sludge Bomb|p2a: Wo-Chien\n|-supereffective|p2a: Wo-Chien\n|-damage|p2a: Wo-Chien|37\/100\n|-status|p2a: Wo-Chien|psn\n|move|p2a: Wo-Chien|Leech Seed|p1a: Gengar\n|-start|p1a: Gengar|move: Leech Seed\n|\n|-heal|p2a: Wo-Chien|44\/100 psn|[from] item: Leftovers\n|-damage|p1a: Gengar|0 fnt|[from] Leech Seed|[of] p2a: Wo-Chien\n|-heal|p2a: Wo-Chien|44\/100 psn|[silent]\n|faint|p1a: Gengar\n|-damage|p2a: Wo-Chien|32\/100 psn|[from] psn\n|upkeep\n|\n|t:|1700615408\n|switch|p1a: Dragonite|Dragonite, F|100\/100\n|turn|8\n|inactive|Marz the Mewz has 120 seconds left.\n|\n|t:|1700615424\n|switch|p2a: Froslass|Froslass, F|100\/100\n|move|p1a: Dragonite|Fire Punch|p2a: Froslass\n|-supereffective|p2a: Froslass\n|-damage|p2a: Froslass|14\/100\n|\n|upkeep\n|turn|9\n|inactive|Marz the Mewz has 120 seconds left.\n|\n|t:|1700615431\n|move|p2a: Froslass|Ice Beam|p1a: Dragonite\n|-supereffective|p1a: Dragonite\n|-damage|p1a: Dragonite|15\/100\n|-status|p1a: Dragonite|frz\n|cant|p1a: Dragonite|frz\n|\n|-heal|p1a: Dragonite|21\/100 frz|[from] item: Leftovers\n|upkeep\n|turn|10\n|inactive|Marz the Mewz has 120 seconds left.\n|\n|t:|1700615445\n|move|p2a: Froslass|Draining Kiss|p1a: Dragonite\n|-supereffective|p1a: Dragonite\n|-damage|p1a: Dragonite|0 fnt\n|-heal|p2a: Froslass|31\/100|[from] drain|[of] p1a: Dragonite\n|faint|p1a: Dragonite\n|\n|upkeep\n|\n|t:|1700615448\n|switch|p1a: Sirfetch\u2019d|Sirfetch\u2019d, M|100\/100\n|turn|11\n|\n|t:|1700615453\n|move|p2a: Froslass|Draining Kiss|p1a: Sirfetch\u2019d\n|-supereffective|p1a: Sirfetch\u2019d\n|-damage|p1a: Sirfetch\u2019d|57\/100\n|-heal|p2a: Froslass|67\/100|[from] drain|[of] p1a: Sirfetch\u2019d\n|move|p1a: Sirfetch\u2019d|Night Slash|p2a: Froslass\n|-supereffective|p2a: Froslass\n|-crit|p2a: Froslass\n|-damage|p2a: Froslass|0 fnt\n|faint|p2a: Froslass\n|\n|upkeep\n|\n|t:|1700615463\n|switch|p2a: Wo-Chien|Wo-Chien|32\/100 psn\n|-ability|p2a: Wo-Chien|Tablets of Ruin\n|turn|12\n|\n|t:|1700615469\n|move|p1a: Sirfetch\u2019d|Close Combat|p2a: Wo-Chien\n|-supereffective|p2a: Wo-Chien\n|-crit|p2a: Wo-Chien\n|-damage|p2a: Wo-Chien|0 fnt\n|-unboost|p1a: Sirfetch\u2019d|def|1\n|-unboost|p1a: Sirfetch\u2019d|spd|1\n|faint|p2a: Wo-Chien\n|\n|upkeep\n|\n|t:|1700615475\n|switch|p2a: Ursaluna|Ursaluna-Bloodmoon, M|100\/100\n|turn|13\n|\n|t:|1700615484\n|-terastallize|p2a: Ursaluna|Ground\n|move|p1a: Sirfetch\u2019d|Close Combat|p2a: Ursaluna\n|-crit|p2a: Ursaluna\n|-damage|p2a: Ursaluna|32\/100\n|-unboost|p1a: Sirfetch\u2019d|def|1\n|-unboost|p1a: Sirfetch\u2019d|spd|1\n|move|p2a: Ursaluna|Moonlight|p2a: Ursaluna\n|-heal|p2a: Ursaluna|82\/100\n|\n|upkeep\n|turn|14\n|\n|t:|1700615494\n|move|p1a: Sirfetch\u2019d|Close Combat|p2a: Ursaluna\n|-damage|p2a: Ursaluna|38\/100\n|-unboost|p1a: Sirfetch\u2019d|def|1\n|-unboost|p1a: Sirfetch\u2019d|spd|1\n|move|p2a: Ursaluna|Earth Power|p1a: Sirfetch\u2019d\n|-damage|p1a: Sirfetch\u2019d|0 fnt\n|faint|p1a: Sirfetch\u2019d\n|-damage|p2a: Ursaluna|28\/100|[from] item: Life Orb\n|\n|upkeep\n|\n|t:|1700615500\n|switch|p1a: Lucario|Lucario, M|100\/100\n|turn|15\n|\n|t:|1700615505\n|detailschange|p1a: Lucario|Lucario-Mega, M\n|-mega|p1a: Lucario|Lucario|Lucarionite\n|move|p1a: Lucario|Aura Sphere|p2a: Ursaluna\n|-damage|p2a: Ursaluna|0 fnt\n|faint|p2a: Ursaluna\n|\n|win|KJ.nyc\n|raw|KJ.nyc's rating: 1121 &rarr; <strong>1142<\/strong><br \/>(+21 for winning)\n|raw|Marz the Mewz's rating: 1065 &rarr; <strong>1048<\/strong><br \/>(-17 for losing)\n|c|\u2606KJ.nyc|gg\n|c|\u2606Marz the Mewz|gg\n","uploadtime":1700615517,"views":0,"p1id":"kjnyc","p2id":"marzthemewz","formatid":"gen9nationaldexubers","rating":1048,"private":0,"password":""}