{"id":"gen9nationaldexubers-1996211101","p1":"puddingss","p2":"dais1234","format":"[Gen 9] National Dex Ubers","log":"|j|\u2606puddingss\n|j|\u2606dais1234\n|t:|1700659626\n|gametype|singles\n|player|p1|puddingss|steven|1552\n|player|p2|dais1234|red|1476\n|teamsize|p1|6\n|teamsize|p2|6\n|gen|9\n|tier|[Gen 9] National Dex Ubers\n|rated|\n|rule|HP Percentage Mod: HP is shown in percentages\n|rule|Endless Battle Clause: Forcing endless battles is banned\n|rule|OHKO Clause: OHKO moves are banned\n|rule|Evasion Moves Clause: Evasion moves are banned\n|rule|Evasion Items Clause: Evasion items are banned\n|rule|Species Clause: Limit one of each Pok\u00e9mon\n|rule|Sleep Clause Mod: Limit one foe put to sleep\n|rule|Mega Rayquaza Clause: You cannot mega evolve Rayquaza\n|clearpoke\n|poke|p1|Arceus-Ground|\n|poke|p1|Groudon|\n|poke|p1|Giratina-Origin|\n|poke|p1|Ho-Oh|\n|poke|p1|Marshadow|\n|poke|p1|Yveltal|\n|poke|p2|Iron Bundle|\n|poke|p2|Groudon|\n|poke|p2|Necrozma-Dusk-Mane|\n|poke|p2|Zacian-*|\n|poke|p2|Grimmsnarl, M|\n|poke|p2|Arceus|\n|teampreview\n|inactive|Battle timer is ON: inactive players will automatically lose when time's up. (requested by puddingss)\n|\n|t:|1700659633\n|start\n|switch|p1a: Yveltal|Yveltal|100\/100\n|switch|p2a: Grimmsnarl|Grimmsnarl, M|100\/100\n|-ability|p1a: Yveltal|Dark Aura\n|turn|1\n|\n|t:|1700659643\n|move|p2a: Grimmsnarl|Reflect|p2a: Grimmsnarl\n|-sidestart|p2: dais1234|Reflect\n|move|p1a: Yveltal|Oblivion Wing|p2a: Grimmsnarl\n|-damage|p2a: Grimmsnarl|43\/100\n|-damage|p1a: Yveltal|91\/100|[from] item: Life Orb\n|\n|upkeep\n|turn|2\n|\n|t:|1700659649\n|switch|p1a: Ho-Oh|Ho-Oh|100\/100\n|move|p2a: Grimmsnarl|Light Screen|p2a: Grimmsnarl\n|-sidestart|p2: dais1234|move: Light Screen\n|\n|upkeep\n|turn|3\n|\n|t:|1700659651\n|move|p2a: Grimmsnarl|Taunt|p1a: Ho-Oh\n|-start|p1a: Ho-Oh|move: Taunt\n|move|p1a: Ho-Oh|Sacred Fire|p2a: Grimmsnarl\n|-damage|p2a: Grimmsnarl|24\/100\n|\n|upkeep\n|turn|4\n|\n|t:|1700659658\n|switch|p1a: Yveltal|Yveltal|91\/100\n|-ability|p1a: Yveltal|Dark Aura\n|move|p2a: Grimmsnarl|Parting Shot|p1a: Yveltal\n|-hint|Since gen 7, Dark is immune to Prankster moves.\n|-immune|p1a: Yveltal\n|\n|upkeep\n|turn|5\n|\n|t:|1700659665\n|switch|p1a: Ho-Oh|Ho-Oh|100\/100\n|switch|p2a: Iron Bundle|Iron Bundle|100\/100\n|-enditem|p2a: Iron Bundle|Booster Energy\n|-activate|p2a: Iron Bundle|ability: Quark Drive|[fromitem]\n|-start|p2a: Iron Bundle|quarkdrivespe\n|\n|upkeep\n|turn|6\n|\n|t:|1700659670\n|switch|p1a: Groudon|Groudon|100\/100\n|detailschange|p1a: Groudon|Groudon-Primal\n|-primal|p1a: Groudon|Red Orb\n|-weather|DesolateLand|[from] ability: Desolate Land|[of] p1a: Groudon\n|move|p2a: Iron Bundle|Substitute|p2a: Iron Bundle\n|-start|p2a: Iron Bundle|Substitute\n|-damage|p2a: Iron Bundle|76\/100\n|\n|-weather|DesolateLand|[upkeep]\n|upkeep\n|turn|7\n|\n|t:|1700659675\n|move|p2a: Iron Bundle|Freeze-Dry|p1a: Groudon\n|-damage|p1a: Groudon|62\/100\n|move|p1a: Groudon|Earthquake|p2a: Iron Bundle\n|-end|p2a: Iron Bundle|Substitute\n|\n|-weather|DesolateLand|[upkeep]\n|upkeep\n|turn|8\n|\n|t:|1700659681\n|move|p2a: Iron Bundle|Freeze-Dry|p1a: Groudon\n|-damage|p1a: Groudon|21\/100\n|move|p1a: Groudon|Earthquake|p2a: Iron Bundle\n|-damage|p2a: Iron Bundle|38\/100\n|\n|-weather|DesolateLand|[upkeep]\n|-sideend|p2: dais1234|Reflect\n|upkeep\n|turn|9\n|\n|t:|1700659687\n|move|p2a: Iron Bundle|Freeze-Dry|p1a: Groudon\n|-damage|p1a: Groudon|0 fnt\n|faint|p1a: Groudon\n|-weather|none\n|\n|-sideend|p2: dais1234|move: Light Screen\n|upkeep\n|\n|t:|1700659690\n|switch|p1a: Marshadow|Marshadow|100\/100\n|turn|10\n|\n|t:|1700659703\n|-terastallize|p2a: Iron Bundle|Ghost\n|move|p1a: Marshadow|Shadow Sneak|p2a: Iron Bundle\n|-supereffective|p2a: Iron Bundle\n|-damage|p2a: Iron Bundle|0 fnt\n|faint|p2a: Iron Bundle\n|-end|p2a: Iron Bundle|Quark Drive|[silent]\n|\n|upkeep\n|\n|t:|1700659712\n|switch|p2a: Groudon|Groudon|100\/100\n|detailschange|p2a: Groudon|Groudon-Primal\n|-primal|p2a: Groudon|Red Orb\n|-weather|DesolateLand|[from] ability: Desolate Land|[of] p2a: Groudon\n|turn|11\n|\n|t:|1700659741\n|switch|p1a: Giratina|Giratina-Origin|100\/100\n|move|p2a: Groudon|Heat Crash|p1a: Giratina\n|-resisted|p1a: Giratina\n|-damage|p1a: Giratina|90\/100\n|\n|-weather|DesolateLand|[upkeep]\n|upkeep\n|turn|12\n|inactive|puddingss has 120 seconds left.\n|\n|t:|1700659768\n|-weather|none\n|switch|p2a: Zacian|Zacian-Crowned|100\/100\n|-ability|p2a: Zacian|Intrepid Sword|boost\n|-boost|p2a: Zacian|atk|1\n|move|p1a: Giratina|Dragon Tail|p2a: Zacian\n|-immune|p2a: Zacian\n|\n|upkeep\n|turn|13\n|\n|t:|1700659775\n|move|p2a: Zacian|Play Rough|p1a: Giratina\n|-supereffective|p1a: Giratina\n|-damage|p1a: Giratina|10\/100\n|move|p1a: Giratina|Will-O-Wisp|p2a: Zacian\n|-status|p2a: Zacian|brn\n|\n|-damage|p2a: Zacian|94\/100 brn|[from] brn\n|upkeep\n|turn|14\n|\n|t:|1700659782\n|move|p2a: Zacian|Behemoth Blade|p1a: Giratina\n|-damage|p1a: Giratina|0 fnt\n|faint|p1a: Giratina\n|\n|-damage|p2a: Zacian|88\/100 brn|[from] brn\n|upkeep\n|\n|t:|1700659785\n|switch|p1a: Ho-Oh|Ho-Oh|100\/100\n|turn|15\n|\n|t:|1700659789\n|switch|p2a: Groudon|Groudon-Primal|100\/100\n|-weather|DesolateLand|[from] ability: Desolate Land|[of] p2a: Groudon\n|move|p1a: Ho-Oh|Sacred Fire|p2a: Groudon\n|-resisted|p2a: Groudon\n|-damage|p2a: Groudon|82\/100\n|\n|-weather|DesolateLand|[upkeep]\n|upkeep\n|turn|16\n|\n|t:|1700659797\n|switch|p1a: Arceus|Arceus-Ground|100\/100\n|move|p2a: Groudon|Thunder Punch|p1a: Arceus\n|-immune|p1a: Arceus\n|\n|-weather|DesolateLand|[upkeep]\n|upkeep\n|turn|17\n|\n|t:|1700659801\n|move|p1a: Arceus|Calm Mind|p1a: Arceus\n|-boost|p1a: Arceus|spa|1\n|-boost|p1a: Arceus|spd|1\n|move|p2a: Groudon|Precipice Blades|p1a: Arceus\n|-damage|p1a: Arceus|38\/100\n|\n|-weather|DesolateLand|[upkeep]\n|upkeep\n|turn|18\n|\n|t:|1700659809\n|move|p1a: Arceus|Judgment|p2a: Groudon\n|-supereffective|p2a: Groudon\n|-damage|p2a: Groudon|0 fnt\n|faint|p2a: Groudon\n|-weather|none\n|\n|upkeep\n|\n|t:|1700659814\n|switch|p2a: Grimmsnarl|Grimmsnarl, M|24\/100\n|turn|19\n|\n|t:|1700659831\n|move|p2a: Grimmsnarl|Light Screen|p2a: Grimmsnarl\n|-sidestart|p2: dais1234|move: Light Screen\n|move|p1a: Arceus|Recover|p1a: Arceus\n|-heal|p1a: Arceus|88\/100\n|\n|upkeep\n|turn|20\n|\n|t:|1700659835\n|move|p2a: Grimmsnarl|Taunt|p1a: Arceus\n|-start|p1a: Arceus|move: Taunt\n|move|p1a: Arceus|Judgment|p2a: Grimmsnarl\n|-damage|p2a: Grimmsnarl|0 fnt\n|faint|p2a: Grimmsnarl\n|\n|upkeep\n|\n|t:|1700659843\n|switch|p2a: Arceus|Arceus|100\/100\n|turn|21\n|\n|t:|1700659845\n|move|p1a: Arceus|Judgment|p2a: Arceus\n|-damage|p2a: Arceus|70\/100\n|move|p2a: Arceus|Swords Dance|p2a: Arceus\n|-boost|p2a: Arceus|atk|2\n|\n|upkeep\n|turn|22\n|\n|t:|1700659852\n|move|p2a: Arceus|Extreme Speed|p1a: Arceus\n|-crit|p1a: Arceus\n|-damage|p1a: Arceus|0 fnt\n|faint|p1a: Arceus\n|-damage|p2a: Arceus|60\/100|[from] item: Life Orb\n|\n|upkeep\n|\n|t:|1700659855\n|switch|p1a: Marshadow|Marshadow|100\/100\n|turn|23\n|\n|t:|1700659858\n|switch|p2a: Zacian|Zacian-Crowned|88\/100 brn\n|move|p1a: Marshadow|Close Combat|p2a: Zacian\n|-damage|p2a: Zacian|26\/100 brn\n|-unboost|p1a: Marshadow|def|1\n|-unboost|p1a: Marshadow|spd|1\n|\n|-damage|p2a: Zacian|20\/100 brn|[from] brn\n|upkeep\n|turn|24\n|\n|t:|1700659864\n|switch|p1a: Ho-Oh|Ho-Oh|100\/100\n|move|p2a: Zacian|Play Rough|p1a: Ho-Oh\n|-resisted|p1a: Ho-Oh\n|-damage|p1a: Ho-Oh|88\/100\n|\n|-damage|p2a: Zacian|14\/100 brn|[from] brn\n|upkeep\n|turn|25\n|\n|t:|1700659869\n|move|p2a: Zacian|Wild Charge|p1a: Ho-Oh\n|-supereffective|p1a: Ho-Oh\n|-damage|p1a: Ho-Oh|55\/100\n|-damage|p2a: Zacian|3\/100 brn|[from] Recoil\n|move|p1a: Ho-Oh|Sacred Fire|p2a: Zacian\n|-supereffective|p2a: Zacian\n|-damage|p2a: Zacian|0 fnt\n|faint|p2a: Zacian\n|\n|upkeep\n|\n|t:|1700659872\n|switch|p2a: Necrozma|Necrozma-Dusk-Mane|100\/100\n|turn|26\n|\n|t:|1700659877\n|detailschange|p2a: Necrozma|Necrozma-Ultra\n|-burst|p2a: Necrozma|Necrozma|Ultranecrozium Z\n|move|p2a: Necrozma|Photon Geyser|p1a: Ho-Oh\n|-damage|p1a: Ho-Oh|0 fnt\n|faint|p1a: Ho-Oh\n|\n|-sideend|p2: dais1234|move: Light Screen\n|upkeep\n|\n|t:|1700659882\n|switch|p1a: Yveltal|Yveltal|91\/100\n|-ability|p1a: Yveltal|Dark Aura\n|turn|27\n|\n|t:|1700659887\n|move|p2a: Necrozma|Outrage|p1a: Yveltal\n|-damage|p1a: Yveltal|9\/100\n|move|p1a: Yveltal|Dark Pulse|p2a: Necrozma\n|-supereffective|p2a: Necrozma\n|-damage|p2a: Necrozma|0 fnt\n|faint|p2a: Necrozma\n|-damage|p1a: Yveltal|0 fnt|[from] item: Life Orb\n|faint|p1a: Yveltal\n|\n|upkeep\n|\n|t:|1700659894\n|switch|p2a: Arceus|Arceus|60\/100\n|switch|p1a: Marshadow|Marshadow|100\/100\n|turn|28\n|\n|t:|1700659898\n|move|p1a: Marshadow|Close Combat|p2a: Arceus\n|-supereffective|p2a: Arceus\n|-damage|p2a: Arceus|0 fnt\n|-unboost|p1a: Marshadow|def|1\n|-unboost|p1a: Marshadow|spd|1\n|faint|p2a: Arceus\n|\n|win|puddingss\n|raw|puddingss's rating: 1552 &rarr; <strong>1568<\/strong><br \/>(+16 for winning)\n|raw|dais1234's rating: 1476 &rarr; <strong>1460<\/strong><br \/>(-16 for losing)\n|l|\u2606dais1234\n|j|\u2606dais1234\n|player|p2|dais1234|red\n|l|\u2606dais1234\n|player|p2|\n","uploadtime":1700660662,"views":8,"p1id":"puddingss","p2id":"dais1234","formatid":"gen9nationaldexubers","rating":1460,"private":0,"password":""}