{"id":"gen9nationaldexubers-1997187975","p1":"Hugo67538","p2":"Danfire1045","format":"[Gen 9] National Dex Ubers","log":"|j|\u2606Hugo67538\n|j|\u2606Danfire1045\n|t:|1700773549\n|gametype|singles\n|player|p1|Hugo67538|lucas|1206\n|player|p2|Danfire1045|marlon|1121\n|teamsize|p1|6\n|teamsize|p2|6\n|gen|9\n|tier|[Gen 9] National Dex Ubers\n|rated|\n|rule|HP Percentage Mod: HP is shown in percentages\n|rule|Endless Battle Clause: Forcing endless battles is banned\n|rule|OHKO Clause: OHKO moves are banned\n|rule|Evasion Moves Clause: Evasion moves are banned\n|rule|Evasion Items Clause: Evasion items are banned\n|rule|Species Clause: Limit one of each Pok\u00e9mon\n|rule|Sleep Clause Mod: Limit one foe put to sleep\n|rule|Mega Rayquaza Clause: You cannot mega evolve Rayquaza\n|clearpoke\n|poke|p1|Charizard, F|\n|poke|p1|Greninja-*, M|\n|poke|p1|Great Tusk|\n|poke|p1|Lycanroc-Dusk, F|\n|poke|p1|Dragonite, M|\n|poke|p1|Dragapult, F|\n|poke|p2|Sandaconda, F|\n|poke|p2|Ogerpon-Hearthflame, F|\n|poke|p2|Torkoal, M|\n|poke|p2|Walking Wake|\n|poke|p2|Ribombee, M|\n|poke|p2|Decidueye-Hisui, M|\n|teampreview\n|inactive|Battle timer is ON: inactive players will automatically lose when time's up. (requested by Danfire1045)\n|\n|t:|1700773562\n|start\n|switch|p1a: Dragapult|Dragapult, F|100\/100\n|switch|p2a: Oogway|Torkoal, M|100\/100\n|-weather|SunnyDay|[from] ability: Drought|[of] p2a: Oogway\n|turn|1\n|\n|t:|1700773570\n|switch|p1a: Great Tusk|Great Tusk|100\/100\n|-activate|p1a: Great Tusk|ability: Protosynthesis\n|-start|p1a: Great Tusk|protosynthesisatk\n|move|p2a: Oogway|Overheat|p1a: Great Tusk\n|-damage|p1a: Great Tusk|36\/100\n|-unboost|p2a: Oogway|spa|2\n|-enditem|p2a: Oogway|Eject Pack\n|\n|t:|1700773575\n|switch|p2a: Dino DNA|Walking Wake|100\/100\n|-activate|p2a: Dino DNA|ability: Protosynthesis\n|-start|p2a: Dino DNA|protosynthesisspe\n|\n|-weather|SunnyDay|[upkeep]\n|upkeep\n|turn|2\n|\n|t:|1700773591\n|move|p2a: Dino DNA|Hydro Steam|p1a: Great Tusk\n|-supereffective|p1a: Great Tusk\n|-damage|p1a: Great Tusk|0 fnt\n|faint|p1a: Great Tusk\n|-end|p1a: Great Tusk|Protosynthesis|[silent]\n|-damage|p2a: Dino DNA|91\/100|[from] item: Life Orb\n|\n|-weather|SunnyDay|[upkeep]\n|upkeep\n|\n|t:|1700773607\n|switch|p1a: Dragapult|Dragapult, F|100\/100\n|turn|3\n|\n|t:|1700773611\n|move|p2a: Dino DNA|Dragon Pulse|p1a: Dragapult\n|-supereffective|p1a: Dragapult\n|-enditem|p1a: Dragapult|Focus Sash\n|-damage|p1a: Dragapult|1\/100\n|-damage|p2a: Dino DNA|81\/100|[from] item: Life Orb\n|move|p1a: Dragapult|Dragon Darts|p2a: Dino DNA\n|-supereffective|p2a: Dino DNA\n|-damage|p2a: Dino DNA|30\/100\n|-anim|p1a: Dragapult|Dragon Darts|p2a: Dino DNA\n|-supereffective|p2a: Dino DNA\n|-damage|p2a: Dino DNA|0 fnt\n|faint|p2a: Dino DNA\n|-end|p2a: Dino DNA|Protosynthesis|[silent]\n|\n|-weather|SunnyDay|[upkeep]\n|upkeep\n|\n|t:|1700773615\n|switch|p2a: SpooderWemon|Ribombee, M, shiny|100\/100\n|turn|4\n|\n|t:|1700773627\n|move|p1a: Dragapult|Steel Wing|p2a: SpooderWemon\n|-supereffective|p2a: SpooderWemon\n|-damage|p2a: SpooderWemon|12\/100\n|move|p2a: SpooderWemon|Quiver Dance|p2a: SpooderWemon\n|-boost|p2a: SpooderWemon|spa|1\n|-boost|p2a: SpooderWemon|spd|1\n|-boost|p2a: SpooderWemon|spe|1\n|\n|-weather|SunnyDay|[upkeep]\n|upkeep\n|turn|5\n|\n|t:|1700773636\n|move|p2a: SpooderWemon|Moonblast|p1a: Dragapult\n|-supereffective|p1a: Dragapult\n|-crit|p1a: Dragapult\n|-damage|p1a: Dragapult|0 fnt\n|faint|p1a: Dragapult\n|\n|-weather|none\n|upkeep\n|\n|t:|1700773648\n|switch|p1a: Charizard|Charizard, F|100\/100\n|turn|6\n|\n|t:|1700773654\n|move|p2a: SpooderWemon|Sticky Web|p1a: Charizard\n|-sidestart|p1: Hugo67538|move: Sticky Web\n|move|p1a: Charizard|Flare Blitz|p2a: SpooderWemon\n|-supereffective|p2a: SpooderWemon\n|-damage|p2a: SpooderWemon|0 fnt\n|faint|p2a: SpooderWemon\n|-damage|p1a: Charizard|97\/100|[from] Recoil\n|\n|upkeep\n|\n|t:|1700773657\n|switch|p2a: Druid|Sandaconda, F, shiny|100\/100\n|turn|7\n|\n|t:|1700773671\n|switch|p1a: Greninja|Greninja, M|100\/100\n|-activate|p1a: Greninja|move: Sticky Web\n|-unboost|p1a: Greninja|spe|1\n|move|p2a: Druid|Stone Edge|p1a: Greninja|[miss]\n|-miss|p2a: Druid|p1a: Greninja\n|\n|upkeep\n|turn|8\n|\n|t:|1700773681\n|switch|p2a: Katnipp|Decidueye-Hisui, M, shiny|100\/100\n|-terastallize|p1a: Greninja|Water\n|move|p1a: Greninja|Surf|p2a: Katnipp\n|-resisted|p2a: Katnipp\n|-damage|p2a: Katnipp|65\/100\n|-damage|p1a: Greninja|91\/100|[from] item: Life Orb\n|\n|upkeep\n|turn|9\n|\n|t:|1700773692\n|move|p1a: Greninja|Ice Beam|p2a: Katnipp\n|-supereffective|p2a: Katnipp\n|-damage|p2a: Katnipp|1\/100\n|-damage|p1a: Greninja|81\/100|[from] item: Life Orb\n|move|p2a: Katnipp|Leaf Blade|p1a: Greninja\n|-supereffective|p1a: Greninja\n|-damage|p1a: Greninja|0 fnt\n|faint|p1a: Greninja\n|\n|upkeep\n|\n|t:|1700773705\n|switch|p1a: Dragonite|Dragonite, M|100\/100\n|turn|10\n|\n|t:|1700773718\n|move|p1a: Dragonite|Dragon Dance|p1a: Dragonite\n|-boost|p1a: Dragonite|atk|1\n|-boost|p1a: Dragonite|spe|1\n|move|p2a: Katnipp|Leaf Blade|p1a: Dragonite\n|-resisted|p1a: Dragonite\n|-damage|p1a: Dragonite|83\/100\n|\n|upkeep\n|turn|11\n|\n|t:|1700773726\n|move|p1a: Dragonite|Dragon Dance|p1a: Dragonite\n|-boost|p1a: Dragonite|atk|1\n|-boost|p1a: Dragonite|spe|1\n|move|p2a: Katnipp|Leaf Blade|p1a: Dragonite\n|-resisted|p1a: Dragonite\n|-damage|p1a: Dragonite|62\/100\n|\n|upkeep\n|turn|12\n|\n|t:|1700773734\n|move|p1a: Dragonite|Dragon Dance|p1a: Dragonite\n|-boost|p1a: Dragonite|atk|1\n|-boost|p1a: Dragonite|spe|1\n|move|p2a: Katnipp|Leaf Blade|p1a: Dragonite\n|-resisted|p1a: Dragonite\n|-damage|p1a: Dragonite|44\/100\n|\n|upkeep\n|turn|13\n|\n|t:|1700773744\n|move|p1a: Dragonite|Dragon Claw|p2a: Katnipp\n|-damage|p2a: Katnipp|0 fnt\n|faint|p2a: Katnipp\n|-damage|p1a: Dragonite|34\/100|[from] item: Life Orb\n|\n|upkeep\n|\n|t:|1700773754\n|switch|p2a: Druid|Sandaconda, F, shiny|100\/100\n|turn|14\n|\n|t:|1700773760\n|-terastallize|p2a: Druid|Steel\n|move|p1a: Dragonite|Dragon Claw|p2a: Druid\n|-resisted|p2a: Druid\n|-damage|p2a: Druid|39\/100\n|-weather|Sandstorm|[from] ability: Sand Spit|[of] p2a: Druid\n|-damage|p1a: Dragonite|24\/100|[from] item: Life Orb\n|move|p2a: Druid|Stone Edge|p1a: Dragonite|[miss]\n|-miss|p2a: Druid|p1a: Dragonite\n|\n|-weather|Sandstorm|[upkeep]\n|-damage|p1a: Dragonite|18\/100|[from] Sandstorm\n|upkeep\n|turn|15\n|\n|t:|1700773785\n|move|p1a: Dragonite|Brick Break|p2a: Druid\n|-supereffective|p2a: Druid\n|-damage|p2a: Druid|0 fnt\n|faint|p2a: Druid\n|-damage|p1a: Dragonite|8\/100|[from] item: Life Orb\n|\n|-weather|Sandstorm|[upkeep]\n|-damage|p1a: Dragonite|2\/100|[from] Sandstorm\n|upkeep\n|\n|t:|1700773788\n|switch|p2a: Dream|Ogerpon-Hearthflame, F|100\/100\n|-ability|p2a: Dream|Mold Breaker\n|turn|16\n|\n|t:|1700773802\n|switch|p2a: Oogway|Torkoal, M|100\/100\n|-weather|SunnyDay|[from] ability: Drought|[of] p2a: Oogway\n|move|p1a: Dragonite|Dragon Claw|p2a: Oogway\n|-damage|p2a: Oogway|0 fnt\n|faint|p2a: Oogway\n|-damage|p1a: Dragonite|0 fnt|[from] item: Life Orb\n|faint|p1a: Dragonite\n|\n|-weather|SunnyDay|[upkeep]\n|upkeep\n|\n|t:|1700773820\n|switch|p1a: Charizard|Charizard, F|97\/100\n|switch|p2a: Dream|Ogerpon-Hearthflame, F|100\/100\n|-ability|p2a: Dream|Mold Breaker\n|turn|17\n|\n|t:|1700773843\n|detailschange|p1a: Charizard|Charizard-Mega-X, F\n|-mega|p1a: Charizard|Charizard|Charizardite X\n|move|p2a: Dream|Spiky Shield|p2a: Dream\n|-singleturn|p2a: Dream|move: Protect\n|move|p1a: Charizard|Dragon Claw|p2a: Dream\n|-activate|p2a: Dream|move: Protect\n|-damage|p1a: Charizard|85\/100|[from] Spiky Shield|[of] p2a: Dream\n|\n|-weather|SunnyDay|[upkeep]\n|upkeep\n|turn|18\n|inactive|Hugo67538 has 120 seconds left.\n|\n|t:|1700773861\n|move|p2a: Dream|Superpower|p1a: Charizard\n|-damage|p1a: Charizard|37\/100\n|-unboost|p2a: Dream|atk|1\n|-unboost|p2a: Dream|def|1\n|move|p1a: Charizard|Dragon Claw|p2a: Dream\n|-crit|p2a: Dream\n|-damage|p2a: Dream|0 fnt\n|faint|p2a: Dream\n|\n|win|Hugo67538\n|raw|Hugo67538's rating: 1206 &rarr; <strong>1225<\/strong><br \/>(+19 for winning)\n|raw|Danfire1045's rating: 1121 &rarr; <strong>1102<\/strong><br \/>(-19 for losing)\n|l|\u2606Danfire1045\n","uploadtime":1700773886,"views":4,"p1id":"hugo67538","p2id":"danfire1045","formatid":"gen9nationaldexubers","rating":1102,"private":0,"password":""}