{"id":"gen9nationaldexubers-1985863216","p1":"FoxasBat","p2":"w0909","format":"[Gen 9] National Dex Ubers","log":"|j|\u2606FoxasBat\n|j|\u2606w0909\n|t:|1699414626\n|gametype|singles\n|player|p1|FoxasBat|1|\n|player|p2|w0909|klara|\n|teamsize|p1|6\n|teamsize|p2|6\n|gen|9\n|tier|[Gen 9] National Dex Ubers\n|rule|HP Percentage Mod: HP is shown in percentages\n|rule|Endless Battle Clause: Forcing endless battles is banned\n|rule|OHKO Clause: OHKO moves are banned\n|rule|Evasion Moves Clause: Evasion moves are banned\n|rule|Evasion Items Clause: Evasion items are banned\n|rule|Species Clause: Limit one of each Pok\u00e9mon\n|rule|Sleep Clause Mod: Limit one foe put to sleep\n|rule|Mega Rayquaza Clause: You cannot mega evolve Rayquaza\n|clearpoke\n|poke|p1|Clodsire, F|\n|poke|p1|Roaring Moon|\n|poke|p1|Armarouge, F|\n|poke|p1|Decidueye, M|\n|poke|p1|Sliggoo-Hisui, F|\n|poke|p1|Dunsparce, M|\n|poke|p2|Corviknight, F|\n|poke|p2|Regidrago|\n|poke|p2|Sylveon, M|\n|poke|p2|Medicham, F|\n|poke|p2|Avalugg-Hisui, M|\n|poke|p2|Arctibax, M|\n|teampreview\n|\n|t:|1699414631\n|start\n|switch|p1a: Clodsire|Clodsire, F|100\/100\n|switch|p2a: Avalugg|Avalugg-Hisui, M|100\/100\n|turn|1\n|c|\u2606w0909|we meet again\n|\n|t:|1699414643\n|switch|p1a: Roaring Moon|Roaring Moon|100\/100\n|-enditem|p1a: Roaring Moon|Booster Energy\n|-activate|p1a: Roaring Moon|ability: Protosynthesis|[fromitem]\n|-start|p1a: Roaring Moon|protosynthesisatk\n|move|p2a: Avalugg|Mountain Gale|p1a: Roaring Moon\n|-supereffective|p1a: Roaring Moon\n|-damage|p1a: Roaring Moon|0 fnt\n|faint|p1a: Roaring Moon\n|-end|p1a: Roaring Moon|Protosynthesis|[silent]\n|\n|upkeep\n|c|\u2606FoxasBat|oh im so dumb\n|\n|t:|1699414658\n|switch|p1a: Dunsparce|Dunsparce, M|100\/100\n|turn|2\n|c|\u2606w0909|rip\n|\n|t:|1699414669\n|-terastallize|p2a: Avalugg|Ground\n|move|p1a: Dunsparce|Earth Power|p2a: Avalugg\n|-damage|p2a: Avalugg|74\/100\n|move|p2a: Avalugg|Earthquake|p1a: Dunsparce\n|-damage|p1a: Dunsparce|31\/100\n|\n|-heal|p1a: Dunsparce|37\/100|[from] item: Leftovers\n|upkeep\n|turn|3\n|\n|t:|1699414681\n|move|p1a: Dunsparce|Body Slam|p2a: Avalugg\n|-damage|p2a: Avalugg|62\/100\n|-status|p2a: Avalugg|par\n|move|p2a: Avalugg|Earthquake|p1a: Dunsparce\n|-damage|p1a: Dunsparce|0 fnt\n|faint|p1a: Dunsparce\n|\n|upkeep\n|\n|t:|1699414691\n|switch|p1a: Clodsire|Clodsire, F|100\/100\n|turn|4\n|\n|t:|1699414697\n|move|p1a: Clodsire|Earthquake|p2a: Avalugg\n|-damage|p2a: Avalugg|49\/100 par\n|move|p2a: Avalugg|Mountain Gale|p1a: Clodsire\n|-supereffective|p1a: Clodsire\n|-damage|p1a: Clodsire|0 fnt\n|faint|p1a: Clodsire\n|\n|upkeep\n|c|\u2606w0909|RAAAAAAAAAAAAA\n|\n|t:|1699414705\n|switch|p1a: Armarouge|Armarouge, F|100\/100\n|turn|5\n|\n|t:|1699414708\n|move|p1a: Armarouge|Calm Mind|p1a: Armarouge\n|-boost|p1a: Armarouge|spa|1\n|-boost|p1a: Armarouge|spd|1\n|move|p2a: Avalugg|Earthquake|p1a: Armarouge\n|-supereffective|p1a: Armarouge\n|-damage|p1a: Armarouge|0 fnt\n|faint|p1a: Armarouge\n|\n|upkeep\n|c|\u2606w0909|RAAAAAAAAAAAAA\n|\n|t:|1699414717\n|switch|p1a: Sliggoo|Sliggoo-Hisui, F|100\/100\n|turn|6\n|c|\u2606FoxasBat|ggs\n|\n|t:|1699414723\n|move|p1a: Sliggoo|Flash Cannon|p2a: Avalugg\n|-damage|p2a: Avalugg|0 fnt\n|faint|p2a: Avalugg\n|\n|upkeep\n|c|\u2606FoxasBat|waitttttt\n|\n|t:|1699414730\n|switch|p2a: Regidrago|Regidrago|100\/100\n|turn|7\n|\n|t:|1699414733\n|move|p2a: Regidrago|Dragon Energy|p1a: Sliggoo\n|-damage|p1a: Sliggoo|6\/100\n|move|p1a: Sliggoo|Ice Beam|p2a: Regidrago\n|-supereffective|p2a: Regidrago\n|-damage|p2a: Regidrago|53\/100\n|\n|upkeep\n|turn|8\n|\n|t:|1699414742\n|move|p2a: Regidrago|Dragon Energy|p1a: Sliggoo\n|-damage|p1a: Sliggoo|0 fnt\n|faint|p1a: Sliggoo\n|\n|upkeep\n|\n|t:|1699414746\n|switch|p1a: Decidueye|Decidueye, M|100\/100\n|turn|9\n|c|\u2606FoxasBat|ggs\n|\n|t:|1699414753\n|move|p2a: Regidrago|Dragon Energy|p1a: Decidueye\n|-damage|p1a: Decidueye|30\/100\n|move|p1a: Decidueye|Spirit Shackle|p2a: Regidrago\n|-damage|p2a: Regidrago|20\/100\n|-activate|p2a: Regidrago|trapped\n|\n|upkeep\n|turn|10\n|c|\u2606w0909|ggs\n|\n|t:|1699414760\n|move|p2a: Regidrago|Dragon Energy|p1a: Decidueye\n|-damage|p1a: Decidueye|2\/100\n|move|p1a: Decidueye|Spirit Shackle|p2a: Regidrago\n|-damage|p2a: Regidrago|0 fnt\n|faint|p2a: Regidrago\n|\n|upkeep\n|c|\u2606w0909|almost lol\n|\n|t:|1699414767\n|switch|p2a: Medicham|Medicham, F|100\/100\n|turn|11\n|c|\u2606FoxasBat|watttttt\n|\n|t:|1699414770\n|move|p2a: Medicham|Bullet Punch|p1a: Decidueye\n|-damage|p1a: Decidueye|0 fnt\n|faint|p1a: Decidueye\n|\n|win|w0909\n|c|\u2606FoxasBat|hey im glad that I got 1\n|c|\u2606FoxasBat|thanks for the battles\n|c|\u2606w0909|yes\n|c|\u2606w0909|of course always fun\n|c|\u2606FoxasBat|<3\n|c|\u2606FoxasBat|have fun at your meeting\n|c|\u2606w0909|thanks pookie\n|c|\u2606FoxasBat|ofc\n|c|\u2606w0909|we'll chat soon\n|c|\u2606FoxasBat|sounds good\n|l|\u2606FoxasBat\n","uploadtime":1699414796,"views":7,"p1id":"foxasbat","p2id":"w0909","formatid":"gen9nationaldexubers","rating":0,"private":0,"password":""}