{"id":"gen9nationaldexubers-1991571037","p1":"ninjamage13","p2":"Shlartog","format":"[Gen 9] National Dex Ubers","log":"|j|\u2606ninjamage13\n|j|\u2606Shlartog\n|t:|1700089566\n|gametype|singles\n|player|p1|ninjamage13|pokemonranger-gen6xy|\n|player|p2|Shlartog|169|\n|teamsize|p1|6\n|teamsize|p2|6\n|gen|9\n|tier|[Gen 9] National Dex Ubers\n|rule|HP Percentage Mod: HP is shown in percentages\n|rule|Endless Battle Clause: Forcing endless battles is banned\n|rule|OHKO Clause: OHKO moves are banned\n|rule|Evasion Moves Clause: Evasion moves are banned\n|rule|Evasion Items Clause: Evasion items are banned\n|rule|Species Clause: Limit one of each Pok\u00e9mon\n|rule|Sleep Clause Mod: Limit one foe put to sleep\n|rule|Mega Rayquaza Clause: You cannot mega evolve Rayquaza\n|clearpoke\n|poke|p1|Baxcalibur, M|\n|poke|p1|Victini|\n|poke|p1|Ursaluna-Bloodmoon, M|\n|poke|p1|Zapdos|\n|poke|p1|Alomomola, F|\n|poke|p1|Goodra-Hisui, M|\n|poke|p2|Araquanid, M|\n|poke|p2|Kleavor, F|\n|poke|p2|Scizor, F|\n|poke|p2|Buzzwole|\n|poke|p2|Forretress, F|\n|poke|p2|Volcarona, F|\n|teampreview\n|c|\u2606Shlartog|Glhf\n|c|\u2606ninjamage13|u2\n|j| Somalian killah\n|\n|t:|1700089630\n|start\n|switch|p1a: CAPALA|Zapdos|100\/100\n|switch|p2a: Amythest|Forretress, F|100\/100\n|turn|1\n|\n|t:|1700089641\n|move|p1a: CAPALA|Volt Switch|p2a: Amythest\n|-damage|p2a: Amythest|56\/100\n|\n|t:|1700089649\n|switch|p1a: HOT THOUGHTS|Victini|100\/100|[from] Volt Switch\n|move|p2a: Amythest|Volt Switch|p1a: HOT THOUGHTS\n|-damage|p1a: HOT THOUGHTS|89\/100\n|\n|t:|1700089661\n|switch|p2a: Obsidian|Kleavor, F|100\/100|[from] Volt Switch\n|\n|upkeep\n|turn|2\n|\n|t:|1700089674\n|switch|p1a: KILL THE MOONLIGHT|Ursaluna-Bloodmoon, M|100\/100\n|move|p2a: Obsidian|Knock Off|p1a: KILL THE MOONLIGHT\n|-damage|p1a: KILL THE MOONLIGHT|81\/100\n|\n|upkeep\n|turn|3\n|j| Pex Hater\n|\n|t:|1700089689\n|switch|p2a: Aquamarine|Araquanid, M|100\/100\n|move|p1a: KILL THE MOONLIGHT|Earth Power|p2a: Aquamarine\n|-resisted|p2a: Aquamarine\n|-damage|p2a: Aquamarine|79\/100\n|-unboost|p2a: Aquamarine|spd|1\n|\n|upkeep\n|turn|4\n|\n|t:|1700089741\n|move|p1a: KILL THE MOONLIGHT|Blood Moon|p2a: Aquamarine\n|-damage|p2a: Aquamarine|0 fnt\n|faint|p2a: Aquamarine\n|\n|upkeep\n|c| Somalian killah|fuck\n|c| Somalian killah|that thing\n|c| Somalian killah|hits hard\n|c|\u2606ninjamage13|yeah this thing is strong as hell\n|c|\u2606ninjamage13|exactly why it's on our radar lol\n|\n|t:|1700089768\n|switch|p2a: Obsidian|Kleavor, F|100\/100\n|turn|5\n|\n|t:|1700089774\n|move|p2a: Obsidian|Close Combat|p1a: KILL THE MOONLIGHT\n|-supereffective|p1a: KILL THE MOONLIGHT\n|-damage|p1a: KILL THE MOONLIGHT|16\/100\n|-unboost|p2a: Obsidian|def|1\n|-unboost|p2a: Obsidian|spd|1\n|move|p1a: KILL THE MOONLIGHT|Moonlight|p1a: KILL THE MOONLIGHT\n|-heal|p1a: KILL THE MOONLIGHT|66\/100\n|\n|upkeep\n|turn|6\n|\n|t:|1700089797\n|switch|p1a: I WISH I WAS A...|Alomomola, F|100\/100\n|move|p2a: Obsidian|Close Combat|p1a: I WISH I WAS A...\n|-damage|p1a: I WISH I WAS A...|78\/100\n|-unboost|p2a: Obsidian|def|1\n|-unboost|p2a: Obsidian|spd|1\n|\n|upkeep\n|turn|7\n|\n|t:|1700089804\n|switch|p2a: Amythest|Forretress, F|56\/100\n|move|p1a: I WISH I WAS A...|Flip Turn|p2a: Amythest\n|-damage|p2a: Amythest|47\/100\n|\n|t:|1700089814\n|switch|p1a: KILL THE MOONLIGHT|Ursaluna-Bloodmoon, M|66\/100|[from] Flip Turn\n|\n|-heal|p2a: Amythest|54\/100|[from] item: Leftovers\n|upkeep\n|turn|8\n|\n|t:|1700089820\n|move|p1a: KILL THE MOONLIGHT|Earth Power|p2a: Amythest\n|-damage|p2a: Amythest|0 fnt\n|faint|p2a: Amythest\n|\n|upkeep\n|\n|t:|1700089825\n|switch|p2a: Topaz|Volcarona, F|100\/100\n|turn|9\n|\n|t:|1700089848\n|move|p2a: Topaz|Quiver Dance|p2a: Topaz\n|-boost|p2a: Topaz|spa|1\n|-boost|p2a: Topaz|spd|1\n|-boost|p2a: Topaz|spe|1\n|-zpower|p1a: KILL THE MOONLIGHT\n|move|p1a: KILL THE MOONLIGHT|Breakneck Blitz|p2a: Topaz|[zeffect]\n|-damage|p2a: Topaz|12\/100\n|\n|upkeep\n|turn|10\n|\n|t:|1700089864\n|switch|p1a: RAINY TAXI|Goodra-Hisui, M|100\/100\n|move|p2a: Topaz|Giga Drain|p1a: RAINY TAXI\n|-resisted|p1a: RAINY TAXI\n|-damage|p1a: RAINY TAXI|96\/100\n|-heal|p2a: Topaz|15\/100|[from] drain|[of] p1a: RAINY TAXI\n|\n|upkeep\n|turn|11\n|\n|t:|1700089873\n|move|p2a: Topaz|Fiery Dance|p1a: RAINY TAXI\n|-damage|p1a: RAINY TAXI|63\/100\n|move|p1a: RAINY TAXI|Draco Meteor|p2a: Topaz\n|-damage|p2a: Topaz|0 fnt\n|-unboost|p1a: RAINY TAXI|spa|2\n|faint|p2a: Topaz\n|\n|upkeep\n|\n|t:|1700089878\n|switch|p2a: Jasper|Buzzwole|100\/100\n|turn|12\n|\n|t:|1700089894\n|switch|p1a: I WISH I WAS A...|Alomomola, F|100\/100\n|move|p2a: Jasper|Bulk Up|p2a: Jasper\n|-boost|p2a: Jasper|atk|1\n|-boost|p2a: Jasper|def|1\n|\n|upkeep\n|turn|13\n|\n|t:|1700089910\n|move|p2a: Jasper|Bulk Up|p2a: Jasper\n|-boost|p2a: Jasper|atk|1\n|-boost|p2a: Jasper|def|1\n|move|p1a: I WISH I WAS A...|Scald|p2a: Jasper\n|-damage|p2a: Jasper|83\/100\n|-status|p2a: Jasper|brn\n|\n|-damage|p2a: Jasper|76\/100 brn|[from] brn\n|upkeep\n|turn|14\n|\n|t:|1700089914\n|move|p2a: Jasper|Bulk Up|p2a: Jasper\n|-boost|p2a: Jasper|atk|1\n|-boost|p2a: Jasper|def|1\n|move|p1a: I WISH I WAS A...|Flip Turn|p2a: Jasper\n|-damage|p2a: Jasper|73\/100 brn\n|\n|t:|1700089921\n|switch|p1a: CAPALA|Zapdos|100\/100|[from] Flip Turn\n|\n|-damage|p2a: Jasper|67\/100 brn|[from] brn\n|upkeep\n|turn|15\n|\n|t:|1700089928\n|move|p1a: CAPALA|Hurricane|p2a: Jasper\n|-supereffective|p2a: Jasper\n|-damage|p2a: Jasper|0 fnt\n|faint|p2a: Jasper\n|\n|upkeep\n|\n|t:|1700089930\n|switch|p2a: Obsidian|Kleavor, F|100\/100\n|turn|16\n|\n|t:|1700089942\n|switch|p1a: I WISH I WAS A...|Alomomola, F|100\/100\n|move|p2a: Obsidian|Stone Axe|p1a: I WISH I WAS A...\n|-damage|p1a: I WISH I WAS A...|71\/100\n|-sidestart|p1: ninjamage13|move: Stealth Rock\n|\n|upkeep\n|turn|17\n|\n|t:|1700089950\n|move|p2a: Obsidian|Stone Axe|p1a: I WISH I WAS A...\n|-damage|p1a: I WISH I WAS A...|41\/100\n|move|p1a: I WISH I WAS A...|Flip Turn|p2a: Obsidian\n|-supereffective|p2a: Obsidian\n|-crit|p2a: Obsidian\n|-damage|p2a: Obsidian|36\/100\n|\n|t:|1700089957\n|switch|p1a: KILL THE MOONLIGHT|Ursaluna-Bloodmoon, M|66\/100|[from] Flip Turn\n|-damage|p1a: KILL THE MOONLIGHT|60\/100|[from] Stealth Rock\n|\n|upkeep\n|turn|18\n|\n|t:|1700089960\n|move|p2a: Obsidian|Stone Axe|p1a: KILL THE MOONLIGHT\n|-resisted|p1a: KILL THE MOONLIGHT\n|-damage|p1a: KILL THE MOONLIGHT|41\/100\n|move|p1a: KILL THE MOONLIGHT|Moonlight|p1a: KILL THE MOONLIGHT\n|-heal|p1a: KILL THE MOONLIGHT|91\/100\n|\n|upkeep\n|turn|19\n|\n|t:|1700089963\n|switch|p2a: Ruby|Scizor, F|100\/100\n|move|p1a: KILL THE MOONLIGHT|Calm Mind|p1a: KILL THE MOONLIGHT\n|-boost|p1a: KILL THE MOONLIGHT|spa|1\n|-boost|p1a: KILL THE MOONLIGHT|spd|1\n|\n|upkeep\n|turn|20\n|\n|t:|1700089965\n|move|p1a: KILL THE MOONLIGHT|Earth Power|p2a: Ruby\n|-damage|p2a: Ruby|0 fnt\n|faint|p2a: Ruby\n|\n|upkeep\n|\n|t:|1700089968\n|switch|p2a: Obsidian|Kleavor, F|36\/100\n|turn|21\n|c|\u2606Shlartog|GG\n|\n|t:|1700089971\n|move|p2a: Obsidian|Close Combat|p1a: KILL THE MOONLIGHT\n|-supereffective|p1a: KILL THE MOONLIGHT\n|-damage|p1a: KILL THE MOONLIGHT|26\/100\n|-unboost|p2a: Obsidian|def|1\n|-unboost|p2a: Obsidian|spd|1\n|move|p1a: KILL THE MOONLIGHT|Earth Power|p2a: Obsidian\n|-damage|p2a: Obsidian|0 fnt\n|faint|p2a: Obsidian\n|\n|win|ninjamage13\n|c|\u2606ninjamage13|gg\n|l| Somalian killah\n","uploadtime":1700089984,"views":15,"p1id":"ninjamage13","p2id":"shlartog","formatid":"gen9nationaldexubers","rating":0,"private":0,"password":""}