{"id":"gen9nationaldexubers-1984695841","p1":"BigMonyMan","p2":"shadow king the","format":"[Gen 9] National Dex Ubers","log":"|j|\u2606BigMonyMan\n|j|\u2606shadow king the\n|t:|1699291584\n|gametype|singles\n|player|p1|BigMonyMan|102|1046\n|player|p2|shadow king the|hilbert-wonderlauncher|1106\n|teamsize|p1|6\n|teamsize|p2|6\n|gen|9\n|tier|[Gen 9] National Dex Ubers\n|rated|\n|rule|HP Percentage Mod: HP is shown in percentages\n|rule|Endless Battle Clause: Forcing endless battles is banned\n|rule|OHKO Clause: OHKO moves are banned\n|rule|Evasion Moves Clause: Evasion moves are banned\n|rule|Evasion Items Clause: Evasion items are banned\n|rule|Species Clause: Limit one of each Pok\u00e9mon\n|rule|Sleep Clause Mod: Limit one foe put to sleep\n|rule|Mega Rayquaza Clause: You cannot mega evolve Rayquaza\n|clearpoke\n|poke|p1|Kangaskhan, F|\n|poke|p1|Pheromosa|\n|poke|p1|Dipplin, F|\n|poke|p1|Sableye, F|\n|poke|p1|Heracross, F|\n|poke|p1|Alakazam, F|\n|poke|p2|Tyranitar, F|\n|poke|p2|Garchomp, F|\n|poke|p2|Dragapult, M|\n|poke|p2|Salamence, F|\n|poke|p2|Goodra-Hisui, F|\n|poke|p2|Hydreigon, M|\n|teampreview\n|c|\u2606BigMonyMan|pseudos only?\n|\n|t:|1699291599\n|start\n|switch|p1a: Alakazam|Alakazam, F|100\/100\n|switch|p2a: Dragapult|Dragapult, M|100\/100\n|turn|1\n|\n|t:|1699291608\n|move|p2a: Dragapult|U-turn|p1a: Alakazam\n|-supereffective|p1a: Alakazam\n|-damage|p1a: Alakazam|0 fnt\n|faint|p1a: Alakazam\n|-damage|p2a: Dragapult|91\/100|[from] item: Life Orb\n|\n|t:|1699291615\n|switch|p2a: Tyranitar|Tyranitar, F|100\/100|[from] U-turn\n|-weather|Sandstorm|[from] ability: Sand Stream|[of] p2a: Tyranitar\n|\n|-weather|Sandstorm|[upkeep]\n|upkeep\n|\n|t:|1699291618\n|switch|p1a: Kangaskhan|Kangaskhan, F|100\/100\n|turn|2\n|\n|t:|1699291632\n|detailschange|p1a: Kangaskhan|Kangaskhan-Mega, F\n|-mega|p1a: Kangaskhan|Kangaskhan|Kangaskhanite\n|move|p1a: Kangaskhan|Power-Up Punch|p2a: Tyranitar\n|-supereffective|p2a: Tyranitar\n|-damage|p2a: Tyranitar|55\/100\n|-boost|p1a: Kangaskhan|atk|1\n|-enditem|p2a: Tyranitar|Weakness Policy\n|-boost|p2a: Tyranitar|atk|2|[from] item: Weakness Policy\n|-boost|p2a: Tyranitar|spa|2|[from] item: Weakness Policy\n|-supereffective|p2a: Tyranitar\n|-damage|p2a: Tyranitar|41\/100\n|-boost|p1a: Kangaskhan|atk|1\n|-hitcount|p2a: Tyranitar|2\n|move|p2a: Tyranitar|Earthquake|p1a: Kangaskhan\n|-damage|p1a: Kangaskhan|31\/100\n|\n|-weather|Sandstorm|[upkeep]\n|-damage|p1a: Kangaskhan|25\/100|[from] Sandstorm\n|upkeep\n|turn|3\n|\n|t:|1699291652\n|move|p1a: Kangaskhan|Power-Up Punch|p2a: Tyranitar\n|-supereffective|p2a: Tyranitar\n|-damage|p2a: Tyranitar|0 fnt\n|-boost|p1a: Kangaskhan|atk|1\n|faint|p2a: Tyranitar\n|-hitcount|p2: Tyranitar|1\n|\n|-weather|Sandstorm|[upkeep]\n|-damage|p1a: Kangaskhan|19\/100|[from] Sandstorm\n|upkeep\n|c|\u2606BigMonyMan|Throat chop time\n|\n|t:|1699291662\n|switch|p2a: Dragapult|Dragapult, M|91\/100\n|turn|4\n|c|\u2606BigMonyMan|YESSIR, GO MY THROAT CHOP!\n|\n|t:|1699291677\n|move|p2a: Dragapult|U-turn|p1a: Kangaskhan\n|-damage|p1a: Kangaskhan|0 fnt\n|faint|p1a: Kangaskhan\n|-damage|p2a: Dragapult|81\/100|[from] item: Life Orb\n|c|\u2606BigMonyMan|damn\n|\n|t:|1699291690\n|switch|p2a: Hydreigon|Hydreigon, M|100\/100|[from] U-turn\n|\n|-weather|Sandstorm|[upkeep]\n|-damage|p2a: Hydreigon|94\/100|[from] Sandstorm\n|upkeep\n|\n|t:|1699291696\n|switch|p1a: Sableye|Sableye, F|100\/100\n|turn|5\n|\n|t:|1699291708\n|move|p1a: Sableye|Trick|p2a: Hydreigon\n|-hint|Since gen 7, Dark is immune to Prankster moves.\n|-immune|p2a: Hydreigon\n|move|p2a: Hydreigon|Focus Blast|p1a: Sableye\n|-immune|p1a: Sableye\n|\n|-weather|none\n|upkeep\n|turn|6\n|c|\u2606BigMonyMan|i dont think either of us were thinking\n|\n|t:|1699291732\n|switch|p1a: Dipplin|Dipplin, F|100\/100\n|move|p2a: Hydreigon|Draco Meteor|p1a: Dipplin\n|-supereffective|p1a: Dipplin\n|-damage|p1a: Dipplin|0 fnt\n|-unboost|p2a: Hydreigon|spa|2\n|faint|p1a: Dipplin\n|-damage|p2a: Hydreigon|84\/100|[from] item: Life Orb\n|\n|upkeep\n|\n|t:|1699291742\n|switch|p1a: Pheromosa|Pheromosa|100\/100\n|turn|7\n|\n|t:|1699291754\n|move|p1a: Pheromosa|Low Kick|p2a: Hydreigon\n|-supereffective|p2a: Hydreigon\n|-damage|p2a: Hydreigon|0 fnt\n|faint|p2a: Hydreigon\n|-ability|p1a: Pheromosa|Beast Boost|boost\n|-boost|p1a: Pheromosa|spe|1\n|-damage|p1a: Pheromosa|91\/100|[from] item: Life Orb\n|\n|upkeep\n|\n|t:|1699291766\n|switch|p2a: Dragapult|Dragapult, M|81\/100\n|turn|8\n|\n|t:|1699291777\n|move|p1a: Pheromosa|Ice Beam|p2a: Dragapult\n|-supereffective|p2a: Dragapult\n|-crit|p2a: Dragapult\n|-damage|p2a: Dragapult|0 fnt\n|faint|p2a: Dragapult\n|-ability|p1a: Pheromosa|Beast Boost|boost\n|-boost|p1a: Pheromosa|spe|1\n|-damage|p1a: Pheromosa|81\/100|[from] item: Life Orb\n|\n|upkeep\n|\n|t:|1699291787\n|switch|p2a: Goodra|Goodra-Hisui, F|100\/100\n|turn|9\n|\n|t:|1699291792\n|move|p1a: Pheromosa|Low Kick|p2a: Goodra\n|-supereffective|p2a: Goodra\n|-damage|p2a: Goodra|0 fnt\n|faint|p2a: Goodra\n|-ability|p1a: Pheromosa|Beast Boost|boost\n|-boost|p1a: Pheromosa|spe|1\n|-damage|p1a: Pheromosa|71\/100|[from] item: Life Orb\n|\n|upkeep\n|\n|t:|1699291801\n|switch|p2a: Salamence|Salamence, F|100\/100\n|-ability|p2a: Salamence|Intimidate|boost\n|-unboost|p1a: Pheromosa|atk|1\n|turn|10\n|\n|t:|1699291810\n|detailschange|p2a: Salamence|Salamence-Mega, F\n|-mega|p2a: Salamence|Salamence|Salamencite\n|move|p1a: Pheromosa|Ice Beam|p2a: Salamence\n|-supereffective|p2a: Salamence\n|-damage|p2a: Salamence|0 fnt\n|faint|p2a: Salamence\n|-ability|p1a: Pheromosa|Beast Boost|boost\n|-boost|p1a: Pheromosa|spe|1\n|-damage|p1a: Pheromosa|61\/100|[from] item: Life Orb\n|\n|upkeep\n|\n|t:|1699291820\n|switch|p2a: Garchomp|Garchomp, F|100\/100\n|turn|11\n|\n|t:|1699291829\n|move|p1a: Pheromosa|Ice Beam|p2a: Garchomp\n|-supereffective|p2a: Garchomp\n|-damage|p2a: Garchomp|0 fnt\n|faint|p2a: Garchomp\n|-damage|p1a: Pheromosa|51\/100|[from] item: Life Orb\n|\n|win|BigMonyMan\n|raw|BigMonyMan's rating: 1046 &rarr; <strong>1085<\/strong><br \/>(+39 for winning)\n|raw|shadow king the's rating: 1106 &rarr; <strong>1077<\/strong><br \/>(-29 for losing)\n|l|\u2606shadow king the\n","uploadtime":1699291857,"views":4,"p1id":"bigmonyman","p2id":"shadowkingthe","formatid":"gen9nationaldexubers","rating":1077,"private":0,"password":""}