{"id":"gen9nationaldexubers-1997642364","p1":"Dontoutpizzathehut","p2":"JustMonika_CARR","format":"[Gen 9] National Dex Ubers","log":"|j|\u2606Dontoutpizzathehut\n|j|\u2606JustMonika_CARR\n|t:|1700836611\n|gametype|singles\n|player|p1|Dontoutpizzathehut|102|1238\n|player|p2|JustMonika_CARR|rosa|1436\n|teamsize|p1|6\n|teamsize|p2|6\n|gen|9\n|tier|[Gen 9] National Dex Ubers\n|rated|\n|rule|HP Percentage Mod: HP is shown in percentages\n|rule|Endless Battle Clause: Forcing endless battles is banned\n|rule|OHKO Clause: OHKO moves are banned\n|rule|Evasion Moves Clause: Evasion moves are banned\n|rule|Evasion Items Clause: Evasion items are banned\n|rule|Species Clause: Limit one of each Pok\u00e9mon\n|rule|Sleep Clause Mod: Limit one foe put to sleep\n|rule|Mega Rayquaza Clause: You cannot mega evolve Rayquaza\n|clearpoke\n|poke|p1|Ogerpon-Hearthflame, F|\n|poke|p1|Scovillain, F|\n|poke|p1|Fezandipiti, M|\n|poke|p1|Weezing-Galar, M|\n|poke|p1|Zygarde-10%|\n|poke|p1|Garchomp, F|\n|poke|p2|Blaziken, F|\n|poke|p2|Pheromosa|\n|poke|p2|Gothitelle, F|\n|poke|p2|Deoxys-Speed|\n|poke|p2|Arceus|\n|poke|p2|Durant, F|\n|teampreview\n|inactive|Battle timer is ON: inactive players will automatically lose when time's up. (requested by Dontoutpizzathehut)\n|\n|t:|1700836618\n|start\n|switch|p1a: Zygarde|Zygarde-10%|100\/100\n|switch|p2a: Deoxys|Deoxys-Speed, shiny|100\/100\n|-ability|p2a: Deoxys|Pressure\n|turn|1\n|\n|t:|1700836623\n|move|p2a: Deoxys|Reflect|p2a: Deoxys\n|-sidestart|p2: JustMonika_CARR|Reflect\n|move|p1a: Zygarde|Dragon Dance|p1a: Zygarde\n|-boost|p1a: Zygarde|atk|1\n|-boost|p1a: Zygarde|spe|1\n|\n|upkeep\n|turn|2\n|\n|t:|1700836626\n|move|p1a: Zygarde|Dragon Dance|p1a: Zygarde\n|-boost|p1a: Zygarde|atk|1\n|-boost|p1a: Zygarde|spe|1\n|move|p2a: Deoxys|Stealth Rock|p1a: Zygarde\n|-sidestart|p1: Dontoutpizzathehut|move: Stealth Rock\n|\n|upkeep\n|turn|3\n|\n|t:|1700836631\n|move|p1a: Zygarde|Dragon Dance|p1a: Zygarde\n|-boost|p1a: Zygarde|atk|1\n|-boost|p1a: Zygarde|spe|1\n|move|p2a: Deoxys|Toxic|p1a: Zygarde\n|-status|p1a: Zygarde|tox\n|\n|-damage|p1a: Zygarde|94\/100 tox|[from] psn\n|upkeep\n|turn|4\n|\n|t:|1700836637\n|move|p1a: Zygarde|Dragon Dance|p1a: Zygarde\n|-boost|p1a: Zygarde|atk|1\n|-boost|p1a: Zygarde|spe|1\n|move|p2a: Deoxys|Light Screen|p2a: Deoxys\n|-sidestart|p2: JustMonika_CARR|move: Light Screen\n|\n|-damage|p1a: Zygarde|82\/100 tox|[from] psn\n|upkeep\n|turn|5\n|\n|t:|1700836643\n|move|p1a: Zygarde|Thousand Arrows|p2a: Deoxys\n|-damage|p2a: Deoxys|33\/100\n|move|p2a: Deoxys|Stealth Rock||[still]\n|-fail|p2a: Deoxys\n|\n|-damage|p1a: Zygarde|64\/100 tox|[from] psn\n|upkeep\n|turn|6\n|\n|t:|1700836647\n|move|p1a: Zygarde|Thousand Arrows|p2a: Deoxys\n|-damage|p2a: Deoxys|0 fnt\n|faint|p2a: Deoxys\n|\n|-damage|p1a: Zygarde|40\/100 tox|[from] psn\n|-activate|p1a: Zygarde|ability: Power Construct\n|detailschange|p1a: Zygarde|Zygarde-Complete\n|-heal|p1a: Zygarde|74\/100 tox|[silent]\n|upkeep\n|\n|t:|1700836650\n|switch|p2a: Pheromosa|Pheromosa, shiny|100\/100\n|turn|7\n|\n|t:|1700836655\n|move|p1a: Zygarde|Thousand Arrows|p2a: Pheromosa\n|-resisted|p2a: Pheromosa\n|-damage|p2a: Pheromosa|25\/100\n|move|p2a: Pheromosa|Ice Beam|p1a: Zygarde\n|-supereffective|p1a: Zygarde\n|-damage|p1a: Zygarde|0 fnt\n|faint|p1a: Zygarde\n|-ability|p2a: Pheromosa|Beast Boost|boost\n|-boost|p2a: Pheromosa|spa|1\n|\n|upkeep\n|\n|t:|1700836665\n|switch|p1a: Scovillain|Scovillain, F|100\/100\n|-damage|p1a: Scovillain|75\/100|[from] Stealth Rock\n|turn|8\n|\n|t:|1700836673\n|move|p2a: Pheromosa|Bug Buzz|p1a: Scovillain\n|-damage|p1a: Scovillain|9\/100\n|move|p1a: Scovillain|Flamethrower|p2a: Pheromosa\n|-supereffective|p2a: Pheromosa\n|-damage|p2a: Pheromosa|0 fnt\n|faint|p2a: Pheromosa\n|\n|-sideend|p2: JustMonika_CARR|Reflect\n|-ability|p1a: Scovillain|Moody|boost\n|-boost|p1a: Scovillain|spa|2\n|-unboost|p1a: Scovillain|def|1\n|upkeep\n|\n|t:|1700836683\n|switch|p2a: Blaziken|Blaziken, F, shiny|100\/100\n|turn|9\n|\n|t:|1700836688\n|detailschange|p2a: Blaziken|Blaziken-Mega, F, shiny\n|-mega|p2a: Blaziken|Blaziken|Blazikenite\n|move|p2a: Blaziken|Hone Claws|p2a: Blaziken\n|-boost|p2a: Blaziken|atk|1\n|-boost|p2a: Blaziken|accuracy|1\n|move|p1a: Scovillain|Lash Out|p2a: Blaziken\n|-resisted|p2a: Blaziken\n|-damage|p2a: Blaziken|89\/100\n|\n|-ability|p2a: Blaziken|Speed Boost|boost\n|-boost|p2a: Blaziken|spe|1\n|-ability|p1a: Scovillain|Moody|boost\n|-boost|p1a: Scovillain|spd|2\n|-unboost|p1a: Scovillain|spe|1\n|upkeep\n|turn|10\n|\n|t:|1700836696\n|move|p2a: Blaziken|Blaze Kick|p1a: Scovillain\n|-damage|p1a: Scovillain|0 fnt\n|faint|p1a: Scovillain\n|\n|-ability|p2a: Blaziken|Speed Boost|boost\n|-boost|p2a: Blaziken|spe|1\n|upkeep\n|\n|t:|1700836700\n|switch|p1a: Ogerpon|Ogerpon-Hearthflame, F|100\/100\n|-damage|p1a: Ogerpon|76\/100|[from] Stealth Rock\n|-ability|p1a: Ogerpon|Mold Breaker\n|turn|11\n|\n|t:|1700836711\n|-terastallize|p1a: Ogerpon|Fire\n|detailschange|p1a: Ogerpon|Ogerpon-Hearthflame-Tera, F, tera:Fire\n|-ability|p1a: Ogerpon|Embody Aspect (Hearthflame)|boost\n|-boost|p1a: Ogerpon|atk|1\n|move|p2a: Blaziken|High Jump Kick|p1a: Ogerpon\n|-damage|p1a: Ogerpon|0 fnt\n|faint|p1a: Ogerpon\n|\n|-sideend|p2: JustMonika_CARR|move: Light Screen\n|-ability|p2a: Blaziken|Speed Boost|boost\n|-boost|p2a: Blaziken|spe|1\n|upkeep\n|\n|t:|1700836715\n|switch|p1a: Fezandipiti|Fezandipiti, M|100\/100\n|-damage|p1a: Fezandipiti|88\/100|[from] Stealth Rock\n|turn|12\n|\n|t:|1700836726\n|move|p2a: Blaziken|Blaze Kick|p1a: Fezandipiti\n|-crit|p1a: Fezandipiti\n|-damage|p1a: Fezandipiti|0 fnt\n|faint|p1a: Fezandipiti\n|\n|-ability|p2a: Blaziken|Speed Boost|boost\n|-boost|p2a: Blaziken|spe|1\n|upkeep\n|\n|t:|1700836729\n|switch|p1a: Garchomp|Garchomp, F|100\/100\n|-damage|p1a: Garchomp|94\/100|[from] Stealth Rock\n|turn|13\n|\n|t:|1700836733\n|detailschange|p1a: Garchomp|Garchomp-Mega, F\n|-mega|p1a: Garchomp|Garchomp|Garchompite\n|move|p2a: Blaziken|High Jump Kick|p1a: Garchomp\n|-damage|p1a: Garchomp|6\/100\n|move|p1a: Garchomp|Earthquake|p2a: Blaziken\n|-supereffective|p2a: Blaziken\n|-damage|p2a: Blaziken|0 fnt\n|faint|p2a: Blaziken\n|\n|upkeep\n|\n|t:|1700836744\n|switch|p2a: Durant|Durant, F, shiny|100\/100\n|turn|14\n|\n|t:|1700836752\n|move|p2a: Durant|Entrainment|p1a: Garchomp\n|-endability|p1a: Garchomp|Sand Force|[from] move: Entrainment\n|-ability|p1a: Garchomp|Truant|[from] move: Entrainment\n|move|p1a: Garchomp|Earthquake|p2a: Durant\n|-damage|p2a: Durant|36\/100\n|\n|upkeep\n|turn|15\n|\n|t:|1700836758\n|switch|p1a: Weezing|Weezing-Galar, M|100\/100\n|-damage|p1a: Weezing|88\/100|[from] Stealth Rock\n|-fieldstart|move: Misty Terrain|[from] ability: Misty Surge|[of] p1a: Weezing\n|cant|p2a: Durant|ability: Truant\n|\n|-heal|p1a: Weezing|94\/100|[from] item: Black Sludge\n|upkeep\n|turn|16\n|\n|t:|1700836763\n|move|p2a: Durant|Entrainment|p1a: Weezing\n|-endability|p1a: Weezing|Misty Surge|[from] move: Entrainment\n|-ability|p1a: Weezing|Truant|[from] move: Entrainment\n|move|p1a: Weezing|Toxic Spikes|p2a: Durant\n|-sidestart|p2: JustMonika_CARR|move: Toxic Spikes\n|\n|-heal|p1a: Weezing|99\/100|[from] item: Black Sludge\n|upkeep\n|turn|17\n|\n|t:|1700836768\n|switch|p2a: Arceus|Arceus|100\/100\n|switch|p1a: Garchomp|Garchomp-Mega, F|6\/100\n|-damage|p1a: Garchomp|0 fnt|[from] Stealth Rock\n|faint|p1a: Garchomp\n|\n|upkeep\n|\n|t:|1700836770\n|switch|p1a: Weezing|Weezing-Galar, M|99\/100\n|-damage|p1a: Weezing|88\/100|[from] Stealth Rock\n|turn|18\n|\n|t:|1700836779\n|move|p2a: Arceus|Cosmic Power|p2a: Arceus\n|-boost|p2a: Arceus|def|1\n|-boost|p2a: Arceus|spd|1\n|move|p1a: Weezing|Misty Explosion|p2a: Arceus\n|-damage|p2a: Arceus|84\/100\n|faint|p1a: Weezing\n|\n|win|JustMonika_CARR\n|raw|Dontoutpizzathehut's rating: 1238 &rarr; <strong>1226<\/strong><br \/>(-12 for losing)\n|raw|JustMonika_CARR's rating: 1436 &rarr; <strong>1446<\/strong><br \/>(+10 for winning)\n|l|\u2606Dontoutpizzathehut\n","uploadtime":1700836789,"views":1,"p1id":"dontoutpizzathehut","p2id":"justmonikacarr","formatid":"gen9nationaldexubers","rating":1226,"private":0,"password":""}