{"id":"gen9nationaldexubers-1996199471","p1":"Reality_Check56","p2":"Techvast","format":"[Gen 9] National Dex Ubers","log":"|j|\u2606Reality_Check56\n|j|\u2606Techvast\n|t:|1700658239\n|gametype|singles\n|player|p1|Reality_Check56|cogita|1261\n|player|p2|Techvast|pilot|1240\n|teamsize|p1|6\n|teamsize|p2|6\n|gen|9\n|tier|[Gen 9] National Dex Ubers\n|rated|\n|rule|HP Percentage Mod: HP is shown in percentages\n|rule|Endless Battle Clause: Forcing endless battles is banned\n|rule|OHKO Clause: OHKO moves are banned\n|rule|Evasion Moves Clause: Evasion moves are banned\n|rule|Evasion Items Clause: Evasion items are banned\n|rule|Species Clause: Limit one of each Pok\u00e9mon\n|rule|Sleep Clause Mod: Limit one foe put to sleep\n|rule|Mega Rayquaza Clause: You cannot mega evolve Rayquaza\n|clearpoke\n|poke|p1|Yveltal|\n|poke|p1|Necrozma-Dusk-Mane|\n|poke|p1|Arceus|\n|poke|p1|Eternatus|\n|poke|p1|Giratina-Origin|\n|poke|p1|Xerneas-*|\n|poke|p2|Dracovish|\n|poke|p2|Pelipper, F|\n|poke|p2|Swampert, M|\n|poke|p2|Ferrothorn, F|\n|poke|p2|Zapdos|\n|poke|p2|Kyogre|\n|teampreview\n|c|\u2606Reality_Check56|glhf\n|\n|t:|1700658245\n|start\n|switch|p1a: Arceus|Arceus|100\/100\n|switch|p2a: Pelipper|Pelipper, F|100\/100\n|-weather|RainDance|[from] ability: Drizzle|[of] p2a: Pelipper\n|turn|1\n|c|\u2606Techvast|Gl\n|\n|t:|1700658274\n|move|p1a: Arceus|Swords Dance|p1a: Arceus\n|-boost|p1a: Arceus|atk|2\n|move|p2a: Pelipper|Toxic|p1a: Arceus\n|-status|p1a: Arceus|tox\n|-enditem|p1a: Arceus|Lum Berry|[eat]\n|-curestatus|p1a: Arceus|tox|[msg]\n|\n|-weather|RainDance|[upkeep]\n|upkeep\n|turn|2\n|\n|t:|1700658300\n|move|p1a: Arceus|Extreme Speed|p2a: Pelipper\n|-damage|p2a: Pelipper|26\/100\n|move|p2a: Pelipper|Toxic|p1a: Arceus\n|-status|p1a: Arceus|tox\n|\n|-weather|RainDance|[upkeep]\n|-damage|p1a: Arceus|94\/100 tox|[from] psn\n|upkeep\n|turn|3\n|inactive|Battle timer is ON: inactive players will automatically lose when time's up. (requested by Techvast)\n|\n|t:|1700658323\n|switch|p2a: Ferrothorn|Ferrothorn, F|100\/100\n|move|p1a: Arceus|Extreme Speed|p2a: Ferrothorn\n|-resisted|p2a: Ferrothorn\n|-damage|p2a: Ferrothorn|75\/100\n|-damage|p1a: Arceus|82\/100 tox|[from] ability: Iron Barbs|[of] p2a: Ferrothorn\n|\n|-weather|RainDance|[upkeep]\n|-heal|p2a: Ferrothorn|82\/100|[from] item: Leftovers\n|-damage|p1a: Arceus|70\/100 tox|[from] psn\n|upkeep\n|turn|4\n|c|\u2606Reality_Check56|hmmm\n|\n|t:|1700658333\n|move|p2a: Ferrothorn|Protect|p2a: Ferrothorn\n|-singleturn|p2a: Ferrothorn|Protect\n|move|p1a: Arceus|Swords Dance|p1a: Arceus\n|-boost|p1a: Arceus|atk|2\n|\n|-weather|RainDance|[upkeep]\n|-heal|p2a: Ferrothorn|88\/100|[from] item: Leftovers\n|-damage|p1a: Arceus|51\/100 tox|[from] psn\n|upkeep\n|turn|5\n|inactive|Reality_Check56 has 120 seconds left.\n|\n|t:|1700658380\n|move|p1a: Arceus|Extreme Speed|p2a: Ferrothorn\n|-resisted|p2a: Ferrothorn\n|-damage|p2a: Ferrothorn|49\/100\n|-damage|p1a: Arceus|39\/100 tox|[from] ability: Iron Barbs|[of] p2a: Ferrothorn\n|move|p2a: Ferrothorn|Leech Seed|p1a: Arceus\n|-start|p1a: Arceus|move: Leech Seed\n|\n|-weather|RainDance|[upkeep]\n|-heal|p2a: Ferrothorn|55\/100|[from] item: Leftovers\n|-damage|p1a: Arceus|26\/100 tox|[from] Leech Seed|[of] p2a: Ferrothorn\n|-heal|p2a: Ferrothorn|70\/100|[silent]\n|-damage|p1a: Arceus|2\/100 tox|[from] psn\n|upkeep\n|turn|6\n|\n|t:|1700658391\n|move|p2a: Ferrothorn|Protect|p2a: Ferrothorn\n|-singleturn|p2a: Ferrothorn|Protect\n|move|p1a: Arceus|Extreme Speed|p2a: Ferrothorn\n|-activate|p2a: Ferrothorn|move: Protect\n|\n|-weather|RainDance|[upkeep]\n|-heal|p2a: Ferrothorn|77\/100|[from] item: Leftovers\n|-damage|p1a: Arceus|0 fnt|[from] Leech Seed|[of] p2a: Ferrothorn\n|-heal|p2a: Ferrothorn|78\/100|[silent]\n|faint|p1a: Arceus\n|upkeep\n|inactive|Reality_Check56 has 90 seconds left.\n|\n|t:|1700658417\n|switch|p1a: Xerneas|Xerneas|100\/100\n|-ability|p1a: Xerneas|Fairy Aura\n|turn|7\n|inactive|Reality_Check56 has 90 seconds left.\n|\n|t:|1700658423\n|move|p1a: Xerneas|Geomancy||[still]\n|-prepare|p1a: Xerneas|Geomancy\n|-enditem|p1a: Xerneas|Power Herb\n|-anim|p1a: Xerneas|Geomancy|p1a: Xerneas\n|-boost|p1a: Xerneas|spa|2\n|-boost|p1a: Xerneas|spd|2\n|-boost|p1a: Xerneas|spe|2\n|move|p2a: Ferrothorn|Leech Seed|p1a: Xerneas\n|-start|p1a: Xerneas|move: Leech Seed\n|\n|-weather|RainDance|[upkeep]\n|-heal|p2a: Ferrothorn|85\/100|[from] item: Leftovers\n|-damage|p1a: Xerneas|88\/100|[from] Leech Seed|[of] p2a: Ferrothorn\n|-heal|p2a: Ferrothorn|99\/100|[silent]\n|upkeep\n|turn|8\n|j| noob2top100\n|inactive|Reality_Check56 has 90 seconds left.\n|c| noob2top100|bro is climbing\n|c| noob2top100|nice\n|inactive|Reality_Check56 has 60 seconds left.\n|c| noob2top100|already 1260\n|c|\u2606Techvast|Huh?\n|c|\u2606Techvast|Frfr\n|\n|t:|1700658470\n|move|p1a: Xerneas|Moonblast|p2a: Ferrothorn\n|-resisted|p2a: Ferrothorn\n|-damage|p2a: Ferrothorn|39\/100\n|move|p2a: Ferrothorn|Power Whip|p1a: Xerneas\n|-damage|p1a: Xerneas|56\/100\n|\n|-weather|none\n|-heal|p2a: Ferrothorn|45\/100|[from] item: Leftovers\n|-damage|p1a: Xerneas|44\/100|[from] Leech Seed|[of] p2a: Ferrothorn\n|-heal|p2a: Ferrothorn|60\/100|[silent]\n|upkeep\n|turn|9\n|c| noob2top100|reality\n|inactive|Reality_Check56 has 60 seconds left.\n|c| noob2top100|and\n|c| noob2top100|tech\n|\n|t:|1700658480\n|move|p2a: Ferrothorn|Protect|p2a: Ferrothorn\n|-singleturn|p2a: Ferrothorn|Protect\n|move|p1a: Xerneas|Moonblast|p2a: Ferrothorn\n|-activate|p2a: Ferrothorn|move: Protect\n|\n|-heal|p2a: Ferrothorn|66\/100|[from] item: Leftovers\n|-damage|p1a: Xerneas|32\/100|[from] Leech Seed|[of] p2a: Ferrothorn\n|-heal|p2a: Ferrothorn|80\/100|[silent]\n|upkeep\n|turn|10\n|inactive|Reality_Check56 has 60 seconds left.\n|\n|t:|1700658491\n|move|p1a: Xerneas|Moonblast|p2a: Ferrothorn\n|-resisted|p2a: Ferrothorn\n|-damage|p2a: Ferrothorn|20\/100\n|move|p2a: Ferrothorn|Stealth Rock|p1a: Xerneas\n|-sidestart|p1: Reality_Check56|move: Stealth Rock\n|\n|-heal|p2a: Ferrothorn|27\/100|[from] item: Leftovers\n|-damage|p1a: Xerneas|19\/100|[from] Leech Seed|[of] p2a: Ferrothorn\n|-heal|p2a: Ferrothorn|41\/100|[silent]\n|upkeep\n|turn|11\n|inactive|Reality_Check56 has 60 seconds left.\n|l| noob2top100\n|\n|t:|1700658512\n|move|p2a: Ferrothorn|Protect|p2a: Ferrothorn\n|-singleturn|p2a: Ferrothorn|Protect\n|move|p1a: Xerneas|Thunderbolt|p2a: Ferrothorn\n|-activate|p2a: Ferrothorn|move: Protect\n|\n|-heal|p2a: Ferrothorn|47\/100|[from] item: Leftovers\n|-damage|p1a: Xerneas|7\/100|[from] Leech Seed|[of] p2a: Ferrothorn\n|-heal|p2a: Ferrothorn|61\/100|[silent]\n|upkeep\n|turn|12\n|\n|t:|1700658530\n|switch|p2a: Pelipper|Pelipper, F|26\/100\n|-weather|RainDance|[from] ability: Drizzle|[of] p2a: Pelipper\n|move|p1a: Xerneas|Moonblast|p2a: Pelipper\n|-damage|p2a: Pelipper|0 fnt\n|faint|p2a: Pelipper\n|\n|-weather|RainDance|[upkeep]\n|upkeep\n|\n|t:|1700658539\n|switch|p2a: Ferrothorn|Ferrothorn, F|61\/100\n|turn|13\n|\n|t:|1700658544\n|move|p2a: Ferrothorn|Protect|p2a: Ferrothorn\n|-singleturn|p2a: Ferrothorn|Protect\n|move|p1a: Xerneas|Moonblast|p2a: Ferrothorn\n|-activate|p2a: Ferrothorn|move: Protect\n|\n|-weather|RainDance|[upkeep]\n|-heal|p2a: Ferrothorn|68\/100|[from] item: Leftovers\n|-damage|p1a: Xerneas|0 fnt|[from] Leech Seed|[of] p2a: Ferrothorn\n|-heal|p2a: Ferrothorn|75\/100|[silent]\n|faint|p1a: Xerneas\n|upkeep\n|\n|t:|1700658553\n|switch|p1a: Eternatus|Eternatus|100\/100\n|-damage|p1a: Eternatus|88\/100|[from] Stealth Rock\n|-ability|p1a: Eternatus|Pressure\n|turn|14\n|inactive|Reality_Check56 has 60 seconds left.\n|\n|t:|1700658561\n|switch|p2a: Dracovish|Dracovish|100\/100\n|move|p1a: Eternatus|Flamethrower|p2a: Dracovish\n|-resisted|p2a: Dracovish\n|-damage|p2a: Dracovish|96\/100\n|\n|-weather|RainDance|[upkeep]\n|-heal|p1a: Eternatus|94\/100|[from] item: Leftovers\n|upkeep\n|turn|15\n|c|\u2606Reality_Check56|hmm\n|\n|t:|1700658569\n|switch|p1a: Necrozma|Necrozma-Dusk-Mane|100\/100\n|-damage|p1a: Necrozma|94\/100|[from] Stealth Rock\n|-terastallize|p2a: Dracovish|Water\n|move|p2a: Dracovish|Fishious Rend|p1a: Necrozma\n|-damage|p1a: Necrozma|0 fnt\n|-damage|p2a: Dracovish|80\/100|[from] item: Rocky Helmet|[of] p1a: Necrozma\n|faint|p1a: Necrozma\n|\n|-weather|RainDance|[upkeep]\n|upkeep\n|c|\u2606Reality_Check56|Ah crap\n|inactive|Reality_Check56 has 60 seconds left.\n|\n|t:|1700658581\n|switch|p1a: Yveltal|Yveltal|100\/100\n|-ability|p1a: Yveltal|Dark Aura\n|turn|16\n|\n|t:|1700658586\n|move|p2a: Dracovish|Fishious Rend|p1a: Yveltal\n|-damage|p1a: Yveltal|0 fnt\n|faint|p1a: Yveltal\n|\n|-weather|RainDance|[upkeep]\n|upkeep\n|c|\u2606Reality_Check56|Scarf\n|\n|t:|1700658591\n|switch|p1a: Giratina|Giratina-Origin|100\/100\n|-damage|p1a: Giratina|88\/100|[from] Stealth Rock\n|turn|17\n|c|\u2606Techvast|Omg dracovish is indane\n|\n|t:|1700658598\n|-terastallize|p1a: Giratina|Poison\n|move|p2a: Dracovish|Fishious Rend|p1a: Giratina\n|-damage|p1a: Giratina|0 fnt\n|faint|p1a: Giratina\n|\n|-weather|RainDance|[upkeep]\n|upkeep\n|c|\u2606Reality_Check56|Gg\n|-message|Reality_Check56 forfeited.\n|\n|win|Techvast\n|raw|Reality_Check56's rating: 1261 &rarr; <strong>1234<\/strong><br \/>(-27 for losing)\n|raw|Techvast's rating: 1240 &rarr; <strong>1267<\/strong><br \/>(+27 for winning)\n|l|\u2606Reality_Check56\n|c|\u2606Techvast|Gg\n","uploadtime":1700658695,"views":5,"p1id":"realitycheck56","p2id":"techvast","formatid":"gen9nationaldexubers","rating":1234,"private":0,"password":""}