{"id":"gen9nationaldexubers-1985864255","p1":"Background Char.","p2":"yiyi yizi","format":"[Gen 9] National Dex Ubers","log":"|j|\u2606Background Char.\n|j|\u2606yiyi yizi\n|t:|1699414754\n|gametype|singles\n|player|p1|Background Char.|steven|1351\n|player|p2|yiyi yizi|hilbert|1405\n|teamsize|p1|6\n|teamsize|p2|6\n|gen|9\n|tier|[Gen 9] National Dex Ubers\n|rated|\n|rule|HP Percentage Mod: HP is shown in percentages\n|rule|Endless Battle Clause: Forcing endless battles is banned\n|rule|OHKO Clause: OHKO moves are banned\n|rule|Evasion Moves Clause: Evasion moves are banned\n|rule|Evasion Items Clause: Evasion items are banned\n|rule|Species Clause: Limit one of each Pok\u00e9mon\n|rule|Sleep Clause Mod: Limit one foe put to sleep\n|rule|Mega Rayquaza Clause: You cannot mega evolve Rayquaza\n|clearpoke\n|poke|p1|Corviknight, M|\n|poke|p1|Iron Treads|\n|poke|p1|Bronzong|\n|poke|p1|Metagross|\n|poke|p1|Gholdengo|\n|poke|p1|Zacian-*|\n|poke|p2|Corsola-Galar, F|\n|poke|p2|Gliscor, M|\n|poke|p2|Togedemaru, L1, M|\n|poke|p2|Dusclops, F|\n|poke|p2|Yveltal|\n|poke|p2|Iron Valiant|\n|teampreview\n|inactive|Battle timer is ON: inactive players will automatically lose when time's up. (requested by yiyi yizi)\n|inactive|Background Char. also wants the timer to be on.\n|\n|t:|1699414763\n|start\n|switch|p1a: Bronzong|Bronzong|100\/100\n|switch|p2a: Iron Valiant|Iron Valiant|100\/100\n|turn|1\n|\n|t:|1699414769\n|move|p2a: Iron Valiant|Trick|p1a: Bronzong\n|-activate|p2a: Iron Valiant|move: Trick|[of] p1a: Bronzong\n|-item|p1a: Bronzong|Choice Scarf|[from] move: Trick\n|-item|p2a: Iron Valiant|Light Clay|[from] move: Trick\n|move|p1a: Bronzong|Light Screen|p1a: Bronzong\n|-sidestart|p1: Background Char.|move: Light Screen\n|\n|upkeep\n|turn|2\n|\n|t:|1699414784\n|switch|p1a: Metagross|Metagross|100\/100\n|move|p2a: Iron Valiant|Shadow Ball|p1a: Metagross\n|-supereffective|p1a: Metagross\n|-damage|p1a: Metagross|70\/100\n|\n|upkeep\n|turn|3\n|\n|t:|1699414788\n|detailschange|p1a: Metagross|Metagross-Mega\n|-mega|p1a: Metagross|Metagross|Metagrossite\n|move|p2a: Iron Valiant|Trick||[still]\n|-fail|p2a: Iron Valiant\n|move|p1a: Metagross|Agility|p1a: Metagross\n|-boost|p1a: Metagross|spe|2\n|\n|upkeep\n|turn|4\n|\n|t:|1699414797\n|-end|p2a: Iron Valiant|Quark Drive|[silent]\n|switch|p2a: Yveltal|Yveltal, shiny|100\/100\n|-ability|p2a: Yveltal|Dark Aura\n|move|p1a: Metagross|Meteor Mash|p2a: Yveltal\n|-damage|p2a: Yveltal|45\/100\n|-boost|p1a: Metagross|atk|1\n|\n|upkeep\n|turn|5\n|\n|t:|1699414803\n|switch|p2a: Corsola|Corsola-Galar, F, shiny|100\/100\n|move|p1a: Metagross|Meteor Mash|p2a: Corsola\n|-damage|p2a: Corsola|46\/100\n|\n|-sideend|p1: Background Char.|move: Light Screen\n|upkeep\n|turn|6\n|\n|t:|1699414813\n|switch|p2a: Dusclops|Dusclops, F|100\/100\n|-ability|p2a: Dusclops|Pressure\n|move|p1a: Metagross|Meteor Mash|p2a: Dusclops|[miss]\n|-miss|p1a: Metagross|p2a: Dusclops\n|\n|upkeep\n|turn|7\n|\n|t:|1699414819\n|move|p1a: Metagross|Meteor Mash|p2a: Dusclops|[miss]\n|-miss|p1a: Metagross|p2a: Dusclops\n|move|p2a: Dusclops|Will-O-Wisp|p1a: Metagross\n|-status|p1a: Metagross|brn\n|\n|-damage|p1a: Metagross|64\/100 brn|[from] brn\n|upkeep\n|turn|8\n|\n|t:|1699414822\n|move|p1a: Metagross|Meteor Mash|p2a: Dusclops\n|-damage|p2a: Dusclops|70\/100\n|move|p2a: Dusclops|Trick Room|p2a: Dusclops\n|-fieldstart|move: Trick Room|[of] p2a: Dusclops\n|\n|-damage|p1a: Metagross|58\/100 brn|[from] brn\n|upkeep\n|turn|9\n|\n|t:|1699414825\n|switch|p2a: Corsola|Corsola-Galar, F, shiny|46\/100\n|move|p1a: Metagross|Meteor Mash|p2a: Corsola|[miss]\n|-miss|p1a: Metagross|p2a: Corsola\n|\n|-damage|p1a: Metagross|52\/100 brn|[from] brn\n|upkeep\n|turn|10\n|\n|t:|1699414830\n|move|p2a: Corsola|Strength Sap|p1a: Metagross\n|-unboost|p1a: Metagross|atk|1\n|-heal|p2a: Corsola|100\/100\n|move|p1a: Metagross|Earthquake|p2a: Corsola\n|-damage|p2a: Corsola|92\/100\n|\n|-damage|p1a: Metagross|46\/100 brn|[from] brn\n|upkeep\n|turn|11\n|\n|t:|1699414841\n|switch|p2a: Gliscor|Gliscor, M, shiny|100\/100\n|move|p1a: Metagross|Meteor Mash|p2a: Gliscor\n|-damage|p2a: Gliscor|76\/100\n|-boost|p1a: Metagross|atk|1\n|\n|-damage|p1a: Metagross|40\/100 brn|[from] brn\n|-status|p2a: Gliscor|tox|[from] item: Toxic Orb\n|upkeep\n|turn|12\n|\n|t:|1699414847\n|move|p2a: Gliscor|Earthquake|p1a: Metagross\n|-supereffective|p1a: Metagross\n|-crit|p1a: Metagross\n|-damage|p1a: Metagross|0 fnt\n|faint|p1a: Metagross\n|\n|-heal|p2a: Gliscor|89\/100 tox|[from] ability: Poison Heal\n|-fieldend|move: Trick Room\n|upkeep\n|\n|t:|1699414866\n|switch|p1a: Corviknight|Corviknight, M|100\/100\n|-ability|p1a: Corviknight|Pressure\n|turn|13\n|\n|t:|1699414877\n|switch|p2a: Dusclops|Dusclops, F|70\/100\n|-ability|p2a: Dusclops|Pressure\n|move|p1a: Corviknight|U-turn|p2a: Dusclops\n|-resisted|p2a: Dusclops\n|-damage|p2a: Dusclops|65\/100\n|\n|t:|1699414884\n|switch|p1a: Gholdengo|Gholdengo|100\/100|[from] U-turn\n|\n|upkeep\n|turn|14\n|\n|t:|1699414890\n|-zpower|p1a: Gholdengo\n|move|p1a: Gholdengo|Never-Ending Nightmare|p2a: Dusclops|[zeffect]\n|-supereffective|p2a: Dusclops\n|-damage|p2a: Dusclops|0 fnt\n|faint|p2a: Dusclops\n|\n|upkeep\n|\n|t:|1699414899\n|switch|p2a: Yveltal|Yveltal, shiny|45\/100\n|-ability|p2a: Yveltal|Dark Aura\n|turn|15\n|\n|t:|1699414906\n|switch|p1a: Zacian|Zacian-Crowned|100\/100\n|-ability|p1a: Zacian|Intrepid Sword|boost\n|-boost|p1a: Zacian|atk|1\n|move|p2a: Yveltal|Dark Pulse|p1a: Zacian\n|-resisted|p1a: Zacian\n|-crit|p1a: Zacian\n|-damage|p1a: Zacian|56\/100\n|\n|upkeep\n|turn|16\n|\n|t:|1699414917\n|switch|p2a: Corsola|Corsola-Galar, F, shiny|92\/100\n|move|p1a: Zacian|Behemoth Blade|p2a: Corsola\n|-damage|p2a: Corsola|46\/100\n|-start|p1a: Zacian|Disable|Behemoth Blade|[from] ability: Cursed Body|[of] p2a: Corsola\n|\n|upkeep\n|turn|17\n|\n|t:|1699414923\n|move|p1a: Zacian|Wild Charge|p2a: Corsola\n|-damage|p2a: Corsola|21\/100\n|-damage|p1a: Zacian|50\/100|[from] Recoil\n|move|p2a: Corsola|Strength Sap|p1a: Zacian\n|-unboost|p1a: Zacian|atk|1\n|-heal|p2a: Corsola|100\/100\n|\n|upkeep\n|turn|18\n|\n|t:|1699414934\n|move|p1a: Zacian|Wild Charge|p2a: Corsola\n|-damage|p2a: Corsola|82\/100\n|-damage|p1a: Zacian|45\/100|[from] Recoil\n|move|p2a: Corsola|Will-O-Wisp|p1a: Zacian\n|-status|p1a: Zacian|brn\n|\n|-damage|p1a: Zacian|39\/100 brn|[from] brn\n|upkeep\n|turn|19\n|\n|t:|1699414938\n|switch|p1a: Gholdengo|Gholdengo|100\/100\n|move|p2a: Corsola|Whirlpool|p1a: Gholdengo|[miss]\n|-miss|p2a: Corsola|p1a: Gholdengo\n|\n|upkeep\n|turn|20\n|\n|t:|1699414956\n|switch|p2a: Iron Valiant|Iron Valiant|100\/100\n|move|p1a: Gholdengo|Shadow Ball|p2a: Iron Valiant\n|-damage|p2a: Iron Valiant|30\/100\n|\n|upkeep\n|turn|21\n|\n|t:|1699414963\n|move|p2a: Iron Valiant|Shadow Ball|p1a: Gholdengo\n|-supereffective|p1a: Gholdengo\n|-damage|p1a: Gholdengo|33\/100\n|move|p1a: Gholdengo|Shadow Ball|p2a: Iron Valiant\n|-damage|p2a: Iron Valiant|0 fnt\n|faint|p2a: Iron Valiant\n|-end|p2a: Iron Valiant|Quark Drive|[silent]\n|\n|upkeep\n|\n|t:|1699414968\n|switch|p2a: Yveltal|Yveltal, shiny|45\/100\n|-ability|p2a: Yveltal|Dark Aura\n|turn|22\n|\n|t:|1699414985\n|switch|p1a: Zacian|Zacian-Crowned|39\/100 brn\n|move|p2a: Yveltal|Dark Pulse|p1a: Zacian\n|-resisted|p1a: Zacian\n|-damage|p1a: Zacian|8\/100 brn\n|\n|-damage|p1a: Zacian|2\/100 brn|[from] brn\n|upkeep\n|turn|23\n|\n|t:|1699415014\n|switch|p2a: Corsola|Corsola-Galar, F, shiny|82\/100\n|move|p1a: Zacian|Wild Charge|p2a: Corsola\n|-damage|p2a: Corsola|73\/100\n|-start|p1a: Zacian|Disable|Wild Charge|[from] ability: Cursed Body|[of] p2a: Corsola\n|-damage|p1a: Zacian|0 fnt|[from] Recoil\n|faint|p1a: Zacian\n|\n|upkeep\n|\n|t:|1699415022\n|switch|p1a: Iron Treads|Iron Treads|100\/100\n|-enditem|p1a: Iron Treads|Booster Energy\n|-activate|p1a: Iron Treads|ability: Quark Drive|[fromitem]\n|-start|p1a: Iron Treads|quarkdrivespe\n|turn|24\n|\n|t:|1699415025\n|move|p1a: Iron Treads|Knock Off|p2a: Corsola\n|-supereffective|p2a: Corsola\n|-damage|p2a: Corsola|42\/100\n|-enditem|p2a: Corsola|Eviolite|[from] move: Knock Off|[of] p1a: Iron Treads\n|move|p2a: Corsola|Will-O-Wisp|p1a: Iron Treads\n|-status|p1a: Iron Treads|brn\n|\n|-damage|p1a: Iron Treads|94\/100 brn|[from] brn\n|upkeep\n|turn|25\n|\n|t:|1699415035\n|move|p1a: Iron Treads|Knock Off|p2a: Corsola\n|-supereffective|p2a: Corsola\n|-damage|p2a: Corsola|27\/100\n|move|p2a: Corsola|Strength Sap|p1a: Iron Treads\n|-unboost|p1a: Iron Treads|atk|1\n|-heal|p2a: Corsola|100\/100\n|\n|-damage|p1a: Iron Treads|88\/100 brn|[from] brn\n|upkeep\n|turn|26\n|\n|t:|1699415040\n|-end|p1a: Iron Treads|Quark Drive|[silent]\n|switch|p1a: Gholdengo|Gholdengo|33\/100\n|switch|p2a: Gliscor|Gliscor, M, shiny|89\/100 tox\n|\n|-heal|p2a: Gliscor|100\/100 tox|[from] ability: Poison Heal\n|upkeep\n|turn|27\n|\n|t:|1699415045\n|switch|p1a: Corviknight|Corviknight, M|100\/100\n|-ability|p1a: Corviknight|Pressure\n|-terastallize|p2a: Gliscor|Fire\n|move|p2a: Gliscor|Earthquake|p1a: Corviknight\n|-immune|p1a: Corviknight\n|\n|upkeep\n|turn|28\n|\n|t:|1699415069\n|switch|p2a: Yveltal|Yveltal, shiny|45\/100\n|-ability|p2a: Yveltal|Dark Aura\n|move|p1a: Corviknight|Brave Bird|p2a: Yveltal\n|-damage|p2a: Yveltal|10\/100\n|-damage|p1a: Corviknight|89\/100|[from] Recoil\n|\n|upkeep\n|turn|29\n|\n|t:|1699415072\n|move|p2a: Yveltal|Heat Wave|p1a: Corviknight\n|-supereffective|p1a: Corviknight\n|-crit|p1a: Corviknight\n|-damage|p1a: Corviknight|0 fnt\n|faint|p1a: Corviknight\n|\n|upkeep\n|\n|t:|1699415078\n|switch|p1a: Iron Treads|Iron Treads|88\/100 brn\n|turn|30\n|\n|t:|1699415084\n|switch|p2a: Gliscor|Gliscor, M, shiny, tera:Fire|100\/100 tox\n|move|p1a: Iron Treads|Ice Spinner|p2a: Gliscor\n|-resisted|p2a: Gliscor\n|-damage|p2a: Gliscor|95\/100 tox\n|\n|-heal|p2a: Gliscor|100\/100 tox|[from] ability: Poison Heal\n|-damage|p1a: Iron Treads|82\/100 brn|[from] brn\n|upkeep\n|turn|31\n|\n|t:|1699415087\n|move|p1a: Iron Treads|Earthquake|p2a: Gliscor\n|-supereffective|p2a: Gliscor\n|-damage|p2a: Gliscor|65\/100 tox\n|move|p2a: Gliscor|Substitute|p2a: Gliscor\n|-start|p2a: Gliscor|Substitute\n|-damage|p2a: Gliscor|41\/100 tox\n|\n|-heal|p2a: Gliscor|53\/100 tox|[from] ability: Poison Heal\n|-damage|p1a: Iron Treads|76\/100 brn|[from] brn\n|upkeep\n|turn|32\n|\n|t:|1699415111\n|-terastallize|p1a: Iron Treads|Ground\n|move|p2a: Gliscor|Protect|p2a: Gliscor\n|-singleturn|p2a: Gliscor|Protect\n|move|p1a: Iron Treads|Earthquake|p2a: Gliscor\n|-activate|p2a: Gliscor|move: Protect\n|\n|-heal|p2a: Gliscor|65\/100 tox|[from] ability: Poison Heal\n|-damage|p1a: Iron Treads|69\/100 brn|[from] brn\n|upkeep\n|turn|33\n|\n|t:|1699415117\n|move|p1a: Iron Treads|Earthquake|p2a: Gliscor\n|-supereffective|p2a: Gliscor\n|-end|p2a: Gliscor|Substitute\n|move|p2a: Gliscor|Earthquake|p1a: Iron Treads\n|-damage|p1a: Iron Treads|40\/100 brn\n|\n|-heal|p2a: Gliscor|78\/100 tox|[from] ability: Poison Heal\n|-damage|p1a: Iron Treads|33\/100 brn|[from] brn\n|upkeep\n|turn|34\n|\n|t:|1699415131\n|move|p2a: Gliscor|Protect|p2a: Gliscor\n|-singleturn|p2a: Gliscor|Protect\n|move|p1a: Iron Treads|Knock Off|p2a: Gliscor\n|-activate|p2a: Gliscor|move: Protect\n|\n|-heal|p2a: Gliscor|90\/100 tox|[from] ability: Poison Heal\n|-damage|p1a: Iron Treads|27\/100 brn|[from] brn\n|upkeep\n|turn|35\n|\n|t:|1699415137\n|move|p1a: Iron Treads|Earthquake|p2a: Gliscor\n|-supereffective|p2a: Gliscor\n|-damage|p2a: Gliscor|39\/100 tox\n|move|p2a: Gliscor|Substitute|p2a: Gliscor\n|-start|p2a: Gliscor|Substitute\n|-damage|p2a: Gliscor|14\/100 tox\n|\n|-heal|p2a: Gliscor|26\/100 tox|[from] ability: Poison Heal\n|-damage|p1a: Iron Treads|21\/100 brn|[from] brn\n|upkeep\n|turn|36\n|\n|t:|1699415140\n|move|p2a: Gliscor|Protect|p2a: Gliscor\n|-singleturn|p2a: Gliscor|Protect\n|move|p1a: Iron Treads|Earthquake|p2a: Gliscor\n|-activate|p2a: Gliscor|move: Protect\n|\n|-heal|p2a: Gliscor|39\/100 tox|[from] ability: Poison Heal\n|-damage|p1a: Iron Treads|15\/100 brn|[from] brn\n|upkeep\n|turn|37\n|\n|t:|1699415155\n|move|p1a: Iron Treads|Earthquake|p2a: Gliscor\n|-supereffective|p2a: Gliscor\n|-end|p2a: Gliscor|Substitute\n|move|p2a: Gliscor|Substitute|p2a: Gliscor\n|-start|p2a: Gliscor|Substitute\n|-damage|p2a: Gliscor|14\/100 tox\n|\n|-heal|p2a: Gliscor|26\/100 tox|[from] ability: Poison Heal\n|-damage|p1a: Iron Treads|9\/100 brn|[from] brn\n|upkeep\n|turn|38\n|\n|t:|1699415159\n|move|p2a: Gliscor|Protect|p2a: Gliscor\n|-singleturn|p2a: Gliscor|Protect\n|move|p1a: Iron Treads|Earthquake|p2a: Gliscor\n|-activate|p2a: Gliscor|move: Protect\n|\n|-heal|p2a: Gliscor|39\/100 tox|[from] ability: Poison Heal\n|-damage|p1a: Iron Treads|2\/100 brn|[from] brn\n|upkeep\n|turn|39\n|\n|t:|1699415162\n|move|p1a: Iron Treads|Earthquake|p2a: Gliscor\n|-supereffective|p2a: Gliscor\n|-end|p2a: Gliscor|Substitute\n|move|p2a: Gliscor|Substitute|p2a: Gliscor\n|-start|p2a: Gliscor|Substitute\n|-damage|p2a: Gliscor|14\/100 tox\n|\n|-heal|p2a: Gliscor|26\/100 tox|[from] ability: Poison Heal\n|-damage|p1a: Iron Treads|0 fnt|[from] brn\n|faint|p1a: Iron Treads\n|-end|p1a: Iron Treads|Quark Drive|[silent]\n|upkeep\n|\n|t:|1699415171\n|switch|p1a: Bronzong|Bronzong|100\/100\n|turn|40\n|\n|t:|1699415197\n|move|p2a: Gliscor|Protect|p2a: Gliscor\n|-singleturn|p2a: Gliscor|Protect\n|move|p1a: Bronzong|Body Press|p2a: Gliscor\n|-activate|p2a: Gliscor|move: Protect\n|\n|-heal|p2a: Gliscor|39\/100 tox|[from] ability: Poison Heal\n|upkeep\n|turn|41\n|\n|t:|1699415201\n|move|p2a: Gliscor|Earthquake|p1a: Bronzong\n|-supereffective|p1a: Bronzong\n|-damage|p1a: Bronzong|49\/100\n|move|p1a: Bronzong|Body Press|p2a: Gliscor\n|-activate|p2a: Gliscor|move: Substitute|[damage]\n|\n|-heal|p2a: Gliscor|51\/100 tox|[from] ability: Poison Heal\n|upkeep\n|turn|42\n|-message|Background Char. forfeited.\n|\n|win|yiyi yizi\n|raw|Background Char.'s rating: 1351 &rarr; <strong>1334<\/strong><br \/>(-17 for losing)\n|raw|yiyi yizi's rating: 1405 &rarr; <strong>1422<\/strong><br \/>(+17 for winning)\n|l|\u2606Background Char.\n","uploadtime":1699415209,"views":6,"p1id":"backgroundchar","p2id":"yiyiyizi","formatid":"gen9nationaldexubers","rating":1334,"private":0,"password":""}