{"id":"gen9nationaldexubers-1984096037","p1":"KEV - Phine","p2":"essencityscraftys","format":"[Gen 9] National Dex Ubers","log":"|j|\u2606KEV - Phine\n|j|\u2606essencityscraftys\n|t:|1699218241\n|gametype|singles\n|player|p1|KEV - Phine|170|\n|player|p2|essencityscraftys|102|\n|teamsize|p1|6\n|teamsize|p2|6\n|gen|9\n|tier|[Gen 9] National Dex Ubers\n|rule|HP Percentage Mod: HP is shown in percentages\n|rule|Endless Battle Clause: Forcing endless battles is banned\n|rule|OHKO Clause: OHKO moves are banned\n|rule|Evasion Moves Clause: Evasion moves are banned\n|rule|Evasion Items Clause: Evasion items are banned\n|rule|Species Clause: Limit one of each Pok\u00e9mon\n|rule|Sleep Clause Mod: Limit one foe put to sleep\n|rule|Mega Rayquaza Clause: You cannot mega evolve Rayquaza\n|clearpoke\n|poke|p1|Buzzwole|\n|poke|p1|Flutter Mane|\n|poke|p1|Gyarados, M|\n|poke|p1|Jirachi|\n|poke|p1|Garchomp, F|\n|poke|p1|Weezing-Galar, F|\n|poke|p2|Enamorus, F|\n|poke|p2|Kommo-o, F|\n|poke|p2|Chien-Pao|\n|poke|p2|Regieleki|\n|poke|p2|Ferrothorn, M|\n|poke|p2|Skeledirge, M|\n|teampreview\n|\n|t:|1699218302\n|start\n|switch|p1a: Flutter Mane|Flutter Mane, shiny|100\/100\n|switch|p2a: Skeledirge|Skeledirge, M|100\/100\n|turn|1\n|\n|t:|1699218371\n|switch|p2a: Ferrothorn|Ferrothorn, M|100\/100\n|move|p1a: Flutter Mane|Shadow Ball|p2a: Ferrothorn\n|-damage|p2a: Ferrothorn|74\/100\n|-unboost|p2a: Ferrothorn|spd|1\n|\n|upkeep\n|turn|2\n|\n|t:|1699218443\n|-end|p1a: Flutter Mane|Protosynthesis|[silent]\n|switch|p1a: Weezing|Weezing-Galar, F, shiny|100\/100\n|move|p2a: Ferrothorn|Gyro Ball|p1a: Weezing\n|-supereffective|p1a: Weezing\n|-damage|p1a: Weezing|57\/100\n|\n|-heal|p1a: Weezing|63\/100|[from] item: Black Sludge\n|upkeep\n|turn|3\n|\n|t:|1699218478\n|switch|p1a: Garchomp|Garchomp, F, shiny|100\/100\n|move|p2a: Ferrothorn|Protect||[still]\n|-fail|p2a: Ferrothorn\n|\n|upkeep\n|turn|4\n|\n|t:|1699218548\n|move|p1a: Garchomp|Stealth Rock|p2a: Ferrothorn\n|-sidestart|p2: essencityscraftys|move: Stealth Rock\n|move|p2a: Ferrothorn|Leech Seed|p1a: Garchomp\n|-start|p1a: Garchomp|move: Leech Seed\n|\n|-damage|p1a: Garchomp|88\/100|[from] Leech Seed|[of] p2a: Ferrothorn\n|-heal|p2a: Ferrothorn|89\/100|[silent]\n|upkeep\n|turn|5\n|j| Karzon\n|\n|t:|1699218561\n|move|p1a: Garchomp|Earthquake|p2a: Ferrothorn\n|-damage|p2a: Ferrothorn|51\/100\n|move|p2a: Ferrothorn|Spikes|p1a: Garchomp\n|-sidestart|p1: KEV - Phine|Spikes\n|\n|-damage|p1a: Garchomp|76\/100|[from] Leech Seed|[of] p2a: Ferrothorn\n|-heal|p2a: Ferrothorn|66\/100|[silent]\n|upkeep\n|turn|6\n|\n|t:|1699218574\n|move|p2a: Ferrothorn|Protect|p2a: Ferrothorn\n|-singleturn|p2a: Ferrothorn|Protect\n|move|p1a: Garchomp|Earthquake|p2a: Ferrothorn\n|-activate|p2a: Ferrothorn|move: Protect\n|\n|-damage|p1a: Garchomp|63\/100|[from] Leech Seed|[of] p2a: Ferrothorn\n|-heal|p2a: Ferrothorn|81\/100|[silent]\n|upkeep\n|turn|7\n|l| Karzon\n|\n|t:|1699218598\n|move|p1a: Garchomp|Earthquake|p2a: Ferrothorn\n|-damage|p2a: Ferrothorn|43\/100\n|move|p2a: Ferrothorn|Spikes|p1a: Garchomp\n|-sidestart|p1: KEV - Phine|Spikes\n|\n|-damage|p1a: Garchomp|51\/100|[from] Leech Seed|[of] p2a: Ferrothorn\n|-heal|p2a: Ferrothorn|58\/100|[silent]\n|upkeep\n|turn|8\n|\n|t:|1699218609\n|switch|p1a: Weezing|Weezing-Galar, F, shiny|63\/100\n|move|p2a: Ferrothorn|Protect||[still]\n|-fail|p2a: Ferrothorn\n|\n|-heal|p1a: Weezing|69\/100|[from] item: Black Sludge\n|upkeep\n|turn|9\n|\n|t:|1699218621\n|move|p1a: Weezing|Defog|p2a: Ferrothorn\n|-unboost|p2a: Ferrothorn|evasion|1\n|-sideend|p2: essencityscraftys|Stealth Rock|[from] move: Defog|[of] p1a: Weezing\n|-sideend|p1: KEV - Phine|Spikes|[from] move: Defog|[of] p1a: Weezing\n|move|p2a: Ferrothorn|Gyro Ball|p1a: Weezing\n|-supereffective|p1a: Weezing\n|-damage|p1a: Weezing|25\/100\n|\n|-heal|p1a: Weezing|31\/100|[from] item: Black Sludge\n|upkeep\n|turn|10\n|\n|t:|1699218647\n|move|p1a: Weezing|Fire Blast|p2a: Ferrothorn\n|-supereffective|p2a: Ferrothorn\n|-enditem|p2a: Ferrothorn|Occa Berry|[eat]\n|-enditem|p2a: Ferrothorn|Occa Berry|[weaken]\n|-damage|p2a: Ferrothorn|16\/100\n|move|p2a: Ferrothorn|Gyro Ball|p1a: Weezing\n|-supereffective|p1a: Weezing\n|-damage|p1a: Weezing|0 fnt\n|faint|p1a: Weezing\n|\n|upkeep\n|\n|t:|1699218663\n|switch|p1a: Flutter Mane|Flutter Mane, shiny|100\/100\n|turn|11\n|\n|t:|1699218767\n|move|p1a: Flutter Mane|Shadow Ball|p2a: Ferrothorn\n|-damage|p2a: Ferrothorn|0 fnt\n|faint|p2a: Ferrothorn\n|\n|upkeep\n|\n|t:|1699218955\n|switch|p2a: Regieleki|Regieleki|100\/100\n|turn|12\n|\n|t:|1699218968\n|switch|p2a: Chien-Pao|Chien-Pao|100\/100\n|-ability|p2a: Chien-Pao|Sword of Ruin\n|move|p1a: Flutter Mane|Moonblast|p2a: Chien-Pao\n|-supereffective|p2a: Chien-Pao\n|-damage|p2a: Chien-Pao|0 fnt\n|faint|p2a: Chien-Pao\n|\n|upkeep\n|\n|t:|1699219030\n|switch|p2a: Enamorus|Enamorus, F|100\/100\n|turn|13\n|\n|t:|1699219044\n|move|p1a: Flutter Mane|Thunderbolt|p2a: Enamorus\n|-supereffective|p2a: Enamorus\n|-damage|p2a: Enamorus|43\/100\n|move|p2a: Enamorus|Moonblast|p1a: Flutter Mane\n|-damage|p1a: Flutter Mane|68\/100\n|-unboost|p1a: Flutter Mane|spa|1\n|\n|upkeep\n|turn|14\n|\n|t:|1699219255\n|-end|p1a: Flutter Mane|Protosynthesis|[silent]\n|switch|p1a: Jirachi|Jirachi, shiny|100\/100\n|move|p2a: Enamorus|Earth Power|p1a: Jirachi\n|-supereffective|p1a: Jirachi\n|-damage|p1a: Jirachi|52\/100\n|\n|-heal|p1a: Jirachi|59\/100|[from] item: Leftovers\n|upkeep\n|turn|15\n|\n|t:|1699219347\n|switch|p2a: Regieleki|Regieleki|100\/100\n|move|p1a: Jirachi|Wish|p1a: Jirachi\n|\n|-heal|p1a: Jirachi|65\/100|[from] item: Leftovers\n|upkeep\n|turn|16\n|\n|t:|1699219446\n|switch|p2a: Enamorus|Enamorus, F|43\/100\n|move|p1a: Jirachi|U-turn|p2a: Enamorus\n|-resisted|p2a: Enamorus\n|-damage|p2a: Enamorus|36\/100\n|\n|t:|1699219453\n|switch|p1a: Flutter Mane|Flutter Mane, shiny|68\/100|[from] U-turn\n|\n|-heal|p1a: Flutter Mane|100\/100|[from] move: Wish|[wisher] Jirachi\n|upkeep\n|turn|17\n|\n|t:|1699219513\n|move|p1a: Flutter Mane|Moonblast|p2a: Enamorus\n|-damage|p2a: Enamorus|0 fnt\n|faint|p2a: Enamorus\n|\n|upkeep\n|\n|t:|1699219517\n|switch|p2a: Regieleki|Regieleki|100\/100\n|turn|18\n|\n|t:|1699219524\n|move|p2a: Regieleki|Wild Charge|p1a: Flutter Mane\n|-damage|p1a: Flutter Mane|5\/100\n|-damage|p2a: Regieleki|80\/100|[from] Recoil\n|move|p1a: Flutter Mane|Moonblast|p2a: Regieleki\n|-damage|p2a: Regieleki|0 fnt\n|faint|p2a: Regieleki\n|\n|upkeep\n|\n|t:|1699219546\n|switch|p2a: Kommo-o|Kommo-o, F|100\/100\n|turn|19\n|\n|t:|1699219579\n|move|p1a: Flutter Mane|Moonblast|p2a: Kommo-o\n|-supereffective|p2a: Kommo-o\n|-damage|p2a: Kommo-o|0 fnt\n|faint|p2a: Kommo-o\n|\n|upkeep\n|\n|t:|1699219583\n|switch|p2a: Skeledirge|Skeledirge, M|100\/100\n|turn|20\n|\n|t:|1699219592\n|move|p2a: Skeledirge|Torch Song|p1a: Flutter Mane\n|-damage|p1a: Flutter Mane|0 fnt\n|-boost|p2a: Skeledirge|spa|1\n|faint|p1a: Flutter Mane\n|-end|p1a: Flutter Mane|Protosynthesis|[silent]\n|\n|upkeep\n|\n|t:|1699219607\n|switch|p1a: Gyarados|Gyarados, M, shiny|100\/100\n|-ability|p1a: Gyarados|Intimidate|boost\n|-unboost|p2a: Skeledirge|atk|1\n|turn|21\n|\n|t:|1699219616\n|detailschange|p1a: Gyarados|Gyarados-Mega, M, shiny\n|-mega|p1a: Gyarados|Gyarados|Gyaradosite\n|-ability|p1a: Gyarados|Mold Breaker\n|move|p2a: Skeledirge|Torch Song|p1a: Gyarados\n|-resisted|p1a: Gyarados\n|-damage|p1a: Gyarados|78\/100\n|-boost|p2a: Skeledirge|spa|1\n|move|p1a: Gyarados|Waterfall|p2a: Skeledirge\n|-supereffective|p2a: Skeledirge\n|-damage|p2a: Skeledirge|11\/100\n|\n|upkeep\n|turn|22\n|\n|t:|1699219626\n|move|p2a: Skeledirge|Torch Song|p1a: Gyarados\n|-resisted|p1a: Gyarados\n|-damage|p1a: Gyarados|36\/100\n|-boost|p2a: Skeledirge|spa|1\n|move|p1a: Gyarados|Waterfall|p2a: Skeledirge\n|-supereffective|p2a: Skeledirge\n|-crit|p2a: Skeledirge\n|-damage|p2a: Skeledirge|0 fnt\n|faint|p2a: Skeledirge\n|\n|win|KEV - Phine\n","uploadtime":1699219644,"views":20,"p1id":"kevphine","p2id":"essencityscraftys","formatid":"gen9nationaldexubers","rating":0,"private":0,"password":""}