{"id":"gen9nationaldexubers-1986959903","p1":"heavylever","p2":"777Clearnu","format":"[Gen 9] National Dex Ubers","log":"|j|\u2606heavylever\n|j|\u2606777Clearnu\n|t:|1699544575\n|gametype|singles\n|player|p1|heavylever|ash-unova|1646\n|player|p2|777Clearnu|skier|1696\n|teamsize|p1|6\n|teamsize|p2|6\n|gen|9\n|tier|[Gen 9] National Dex Ubers\n|rated|\n|rule|HP Percentage Mod: HP is shown in percentages\n|rule|Endless Battle Clause: Forcing endless battles is banned\n|rule|OHKO Clause: OHKO moves are banned\n|rule|Evasion Moves Clause: Evasion moves are banned\n|rule|Evasion Items Clause: Evasion items are banned\n|rule|Species Clause: Limit one of each Pok\u00e9mon\n|rule|Sleep Clause Mod: Limit one foe put to sleep\n|rule|Mega Rayquaza Clause: You cannot mega evolve Rayquaza\n|clearpoke\n|poke|p1|Groudon|\n|poke|p1|Giratina-Origin|\n|poke|p1|Necrozma-Dusk-Mane|\n|poke|p1|Zekrom|\n|poke|p1|Yveltal|\n|poke|p1|Mewtwo|\n|poke|p2|Kyogre|\n|poke|p2|Lunala|\n|poke|p2|Groudon|\n|poke|p2|Ho-Oh|\n|poke|p2|Zacian-*|\n|poke|p2|Arceus|\n|teampreview\n|inactive|Battle timer is ON: inactive players will automatically lose when time's up. (requested by 777Clearnu)\n|\n|t:|1699544592\n|start\n|switch|p1a: Yveltal|Yveltal|100\/100\n|switch|p2a: Groudon|Groudon|100\/100\n|-ability|p1a: Yveltal|Dark Aura\n|detailschange|p2a: Groudon|Groudon-Primal\n|-primal|p2a: Groudon|Red Orb\n|-weather|DesolateLand|[from] ability: Desolate Land|[of] p2a: Groudon\n|turn|1\n|\n|t:|1699544597\n|move|p1a: Yveltal|Dark Pulse|p2a: Groudon\n|-damage|p2a: Groudon|45\/100\n|-damage|p1a: Yveltal|91\/100|[from] item: Life Orb\n|move|p2a: Groudon|Stone Edge|p1a: Yveltal\n|-supereffective|p1a: Yveltal\n|-damage|p1a: Yveltal|10\/100\n|\n|-weather|DesolateLand|[upkeep]\n|upkeep\n|turn|2\n|\n|t:|1699544605\n|-weather|none\n|switch|p2a: Zacian|Zacian-Crowned|100\/100\n|-ability|p2a: Zacian|Intrepid Sword|boost\n|-boost|p2a: Zacian|atk|1\n|move|p1a: Yveltal|Dark Pulse|p2a: Zacian\n|-resisted|p2a: Zacian\n|-damage|p2a: Zacian|70\/100\n|-damage|p1a: Yveltal|0 fnt|[from] item: Life Orb\n|faint|p1a: Yveltal\n|\n|upkeep\n|\n|t:|1699544617\n|switch|p1a: Groudon|Groudon|100\/100\n|detailschange|p1a: Groudon|Groudon-Primal\n|-primal|p1a: Groudon|Red Orb\n|-weather|DesolateLand|[from] ability: Desolate Land|[of] p1a: Groudon\n|turn|3\n|\n|t:|1699544642\n|move|p2a: Zacian|Close Combat|p1a: Groudon\n|-damage|p1a: Groudon|61\/100\n|-unboost|p2a: Zacian|def|1\n|-unboost|p2a: Zacian|spd|1\n|move|p1a: Groudon|Earthquake|p2a: Zacian\n|-supereffective|p2a: Zacian\n|-damage|p2a: Zacian|0 fnt\n|faint|p2a: Zacian\n|\n|-weather|DesolateLand|[upkeep]\n|upkeep\n|\n|t:|1699544650\n|switch|p2a: BKC|Kyogre|100\/100\n|detailschange|p2a: BKC|Kyogre-Primal\n|-primal|p2a: BKC|Blue Orb\n|-weather|PrimordialSea|[from] ability: Primordial Sea|[of] p2a: BKC\n|turn|4\n|\n|t:|1699544661\n|switch|p1a: Giratina|Giratina-Origin|100\/100\n|move|p2a: BKC|Water Spout|p1a: Giratina\n|-resisted|p1a: Giratina\n|-damage|p1a: Giratina|51\/100\n|\n|-weather|PrimordialSea|[upkeep]\n|upkeep\n|turn|5\n|\n|t:|1699544681\n|move|p2a: BKC|Ice Beam|p1a: Giratina\n|-supereffective|p1a: Giratina\n|-damage|p1a: Giratina|0 fnt\n|faint|p1a: Giratina\n|\n|-weather|PrimordialSea|[upkeep]\n|upkeep\n|\n|t:|1699544683\n|switch|p1a: Mewtwo|Mewtwo|100\/100\n|-ability|p1a: Mewtwo|Pressure\n|turn|6\n|\n|t:|1699544686\n|detailschange|p1a: Mewtwo|Mewtwo-Mega-Y\n|-mega|p1a: Mewtwo|Mewtwo|Mewtwonite Y\n|move|p1a: Mewtwo|Psystrike|p2a: BKC\n|-damage|p2a: BKC|24\/100\n|move|p2a: BKC|Water Spout|p1a: Mewtwo\n|-damage|p1a: Mewtwo|71\/100\n|\n|-weather|PrimordialSea|[upkeep]\n|upkeep\n|turn|7\n|\n|t:|1699544697\n|move|p1a: Mewtwo|Psystrike|p2a: BKC\n|-damage|p2a: BKC|0 fnt\n|faint|p2a: BKC\n|-weather|none\n|\n|upkeep\n|\n|t:|1699544702\n|switch|p2a: Car Seat Headrest|Lunala|100\/100\n|turn|8\n|\n|t:|1699544706\n|switch|p1a: Groudon|Groudon-Primal|61\/100\n|-weather|DesolateLand|[from] ability: Desolate Land|[of] p1a: Groudon\n|move|p2a: Car Seat Headrest|Agility|p2a: Car Seat Headrest\n|-boost|p2a: Car Seat Headrest|spe|2\n|\n|-weather|DesolateLand|[upkeep]\n|upkeep\n|turn|9\n|\n|t:|1699544711\n|move|p2a: Car Seat Headrest|Meteor Beam||[still]\n|-prepare|p2a: Car Seat Headrest|Meteor Beam\n|-boost|p2a: Car Seat Headrest|spa|1\n|-enditem|p2a: Car Seat Headrest|Power Herb\n|-anim|p2a: Car Seat Headrest|Meteor Beam|p1a: Groudon\n|-damage|p1a: Groudon|0 fnt\n|faint|p1a: Groudon\n|-weather|none\n|\n|upkeep\n|\n|t:|1699544720\n|switch|p1a: Zekrom|Zekrom|100\/100\n|-ability|p1a: Zekrom|Teravolt\n|turn|10\n|\n|t:|1699544726\n|move|p2a: Car Seat Headrest|Moongeist Beam|p1a: Zekrom\n|-damage|p1a: Zekrom|15\/100\n|move|p1a: Zekrom|Bolt Strike|p2a: Car Seat Headrest\n|-damage|p2a: Car Seat Headrest|68\/100\n|-status|p2a: Car Seat Headrest|par\n|\n|upkeep\n|turn|11\n|\n|t:|1699544734\n|move|p1a: Zekrom|Bolt Strike|p2a: Car Seat Headrest\n|-damage|p2a: Car Seat Headrest|0 fnt\n|faint|p2a: Car Seat Headrest\n|\n|upkeep\n|\n|t:|1699544741\n|switch|p2a: Groudon|Groudon-Primal|45\/100\n|-weather|DesolateLand|[from] ability: Desolate Land|[of] p2a: Groudon\n|turn|12\n|\n|t:|1699544745\n|move|p1a: Zekrom|Dragon Claw|p2a: Groudon\n|-damage|p2a: Groudon|20\/100\n|move|p2a: Groudon|Earthquake|p1a: Zekrom\n|-supereffective|p1a: Zekrom\n|-damage|p1a: Zekrom|0 fnt\n|faint|p1a: Zekrom\n|\n|-weather|DesolateLand|[upkeep]\n|upkeep\n|\n|t:|1699544756\n|switch|p1a: Mewtwo|Mewtwo-Mega-Y|71\/100\n|turn|13\n|inactive|777Clearnu has 120 seconds left.\n|\n|t:|1699544793\n|move|p1a: Mewtwo|Psystrike|p2a: Groudon\n|-damage|p2a: Groudon|0 fnt\n|faint|p2a: Groudon\n|-weather|none\n|\n|upkeep\n|\n|t:|1699544799\n|switch|p2a: birdspam|Ho-Oh|100\/100\n|turn|14\n|\n|t:|1699544802\n|move|p1a: Mewtwo|Nasty Plot|p1a: Mewtwo\n|-boost|p1a: Mewtwo|spa|2\n|move|p2a: birdspam|Sacred Fire|p1a: Mewtwo\n|-damage|p1a: Mewtwo|19\/100\n|-status|p1a: Mewtwo|brn\n|\n|-damage|p1a: Mewtwo|12\/100 brn|[from] brn\n|upkeep\n|turn|15\n|\n|t:|1699544804\n|move|p1a: Mewtwo|Psystrike|p2a: birdspam\n|-damage|p2a: birdspam|3\/100\n|move|p2a: birdspam|Sacred Fire|p1a: Mewtwo\n|-damage|p1a: Mewtwo|0 fnt\n|faint|p1a: Mewtwo\n|\n|upkeep\n|\n|t:|1699544809\n|switch|p1a: Necrozma|Necrozma-Dusk-Mane|100\/100\n|turn|16\n|\n|t:|1699544816\n|move|p1a: Necrozma|Sunsteel Strike|p2a: birdspam\n|-resisted|p2a: birdspam\n|-damage|p2a: birdspam|0 fnt\n|faint|p2a: birdspam\n|\n|upkeep\n|\n|t:|1699544822\n|switch|p2a: jonker|Arceus|100\/100\n|turn|17\n|\n|t:|1699544829\n|detailschange|p1a: Necrozma|Necrozma-Ultra\n|-burst|p1a: Necrozma|Necrozma|Ultranecrozium Z\n|move|p1a: Necrozma|Dragon Dance|p1a: Necrozma\n|-boost|p1a: Necrozma|atk|1\n|-boost|p1a: Necrozma|spe|1\n|move|p2a: jonker|Earthquake|p1a: Necrozma\n|-damage|p1a: Necrozma|54\/100\n|-damage|p2a: jonker|91\/100|[from] item: Life Orb\n|\n|upkeep\n|turn|18\n|c|\u2606heavylever|gg\n|\n|t:|1699544836\n|move|p2a: jonker|Extreme Speed|p1a: Necrozma\n|-damage|p1a: Necrozma|0 fnt\n|faint|p1a: Necrozma\n|-damage|p2a: jonker|81\/100|[from] item: Life Orb\n|\n|win|777Clearnu\n|raw|heavylever's rating: 1646 &rarr; <strong>1629<\/strong><br \/>(-17 for losing)\n|raw|777Clearnu's rating: 1696 &rarr; <strong>1713<\/strong><br \/>(+17 for winning)\n|c|\u2606777Clearnu|gg\n|l|\u2606heavylever\n|l|\u2606777Clearnu\n","uploadtime":1699544899,"views":5,"p1id":"heavylever","p2id":"777clearnu","formatid":"gen9nationaldexubers","rating":1629,"private":0,"password":""}