{"id":"gen9nationaldexubers-1984311932","p1":"danbultheman","p2":"superoinge22","format":"[Gen 9] National Dex Ubers","log":"|j|\u2606danbultheman\n|j|\u2606superoinge22\n|t:|1699242241\n|gametype|singles\n|player|p1|danbultheman|hero2-conquest|\n|player|p2|superoinge22|101|\n|teamsize|p1|6\n|teamsize|p2|6\n|gen|9\n|tier|[Gen 9] National Dex Ubers\n|rule|HP Percentage Mod: HP is shown in percentages\n|rule|Endless Battle Clause: Forcing endless battles is banned\n|rule|OHKO Clause: OHKO moves are banned\n|rule|Evasion Moves Clause: Evasion moves are banned\n|rule|Evasion Items Clause: Evasion items are banned\n|rule|Species Clause: Limit one of each Pok\u00e9mon\n|rule|Sleep Clause Mod: Limit one foe put to sleep\n|rule|Mega Rayquaza Clause: You cannot mega evolve Rayquaza\n|clearpoke\n|poke|p1|Venusaur, F|\n|poke|p1|Rotom-Wash|\n|poke|p1|Heatran, F|\n|poke|p1|Mandibuzz, F|\n|poke|p1|Gliscor, F|\n|poke|p1|Ninjask, F|\n|poke|p2|Mew|\n|poke|p2|Salamence, M|\n|poke|p2|Iron Treads|\n|poke|p2|Armarouge, M|\n|poke|p2|Jigglypuff, M|\n|poke|p2|Eelektross, M|\n|teampreview\n|j| mostgoodX\n|c|\u2606superoinge22|not the same 6\n|c|\u2606superoinge22|thats nice\n|j| aplestick\n|j| xdd-Rayleigh\n|j| Standjeezy\n|j| Server77\n|c| mostgoodX|Quit bringing Jigglypuff to every single game you minuscule green MUNCHKIN\n|l| Standjeezy\n|c|\u2606superoinge22|jigglypuff is important\n|c| mostgoodX|H O W\n|j| itzZen\n|j| Standjeezy\n|c|\u2606superoinge22|i may accidentally sac him tho\n|c| mostgoodX|oh my lord\n|c| Server77|What Jigglypuff gonna do\n|\n|t:|1699242317\n|start\n|switch|p1a: Gliscor|Gliscor, F|100\/100\n|switch|p2a: Mew|Mew|100\/100\n|turn|1\n|c| aplestick|No wobbuffet? Hope you get 6-0d\n|j| goobiathan\n|j| The23rdPower\n|c| The23rdPower|W\n|c|\u2606superoinge22|mb\n|\n|t:|1699242331\n|move|p2a: Mew|Nasty Plot|p2a: Mew\n|-boost|p2a: Mew|spa|2\n|move|p1a: Gliscor|Toxic Spikes|p2a: Mew\n|-sidestart|p2: superoinge22|move: Toxic Spikes\n|\n|-status|p1a: Gliscor|tox|[from] item: Toxic Orb\n|upkeep\n|turn|2\n|c| The23rdPower|OINGE CAN WIN\n|c| mostgoodX|Unexpected lead\n|\n|t:|1699242342\n|move|p2a: Mew|Ice Beam|p1a: Gliscor\n|-supereffective|p1a: Gliscor\n|-damage|p1a: Gliscor|0 fnt\n|faint|p1a: Gliscor\n|\n|upkeep\n|c|\u2606danbultheman|oh ok\n|c| Standjeezy|FRAUD\n|c|\u2606superoinge22|ok theres one\n|\n|t:|1699242349\n|switch|p1a: Ninjask|Ninjask, F|100\/100\n|turn|3\n|c| mostgoodX|. Salt\n|c| Standjeezy|FRAUD\n|c| goobiathan|Mew SWEEP\n|c|\u2606superoinge22|hmmm\n|c| goobiathan|lets go kill him\n|c| Server77|Fraud alert\n|c|\u2606superoinge22|nice one man\n|c| mostgoodX|Bro should\u2019ve been hyper cutter\n|c| mostgoodX|There are 10 fucking users\n|\n|t:|1699242372\n|switch|p2a: Iron Treads|Iron Treads|100\/100\n|move|p1a: Ninjask|Final Gambit|p2a: Iron Treads\n|-damage|p2a: Iron Treads|16\/100\n|faint|p1a: Ninjask\n|\n|-heal|p2a: Iron Treads|22\/100|[from] item: Leftovers\n|upkeep\n|c| goobiathan|HUH\n|c|\u2606superoinge22|you heartless bastard\n|c| aplestick|Lmao\n|c| mostgoodX|oh no\n|c| Server77|GUH?\n|c|\u2606superoinge22|easy dodge tho\n|c|\u2606danbultheman|funny achieved\n|c| Standjeezy|GUH???\n|\n|t:|1699242394\n|switch|p1a: Rotom|Rotom-Wash|100\/100\n|turn|4\n|c| goobiathan|GUH???\n|\n|t:|1699242401\n|move|p1a: Rotom|Shadow Ball|p2a: Iron Treads\n|-damage|p2a: Iron Treads|0 fnt\n|faint|p2a: Iron Treads\n|-end|p2a: Iron Treads|Quark Drive|[silent]\n|\n|upkeep\n|c|\u2606superoinge22|oh so those are staying alright\n|c| Server77|Rip Iron Soul\n|\n|t:|1699242413\n|switch|p2a: Jigglypuff|Jigglypuff, M|100\/100\n|-status|p2a: Jigglypuff|psn\n|turn|5\n|\n|t:|1699242420\n|switch|p1a: Venusaur|Venusaur, F|100\/100\n|move|p2a: Jigglypuff|Stealth Rock|p1a: Venusaur\n|-sidestart|p1: danbultheman|move: Stealth Rock\n|\n|-damage|p2a: Jigglypuff|88\/100 psn|[from] psn\n|upkeep\n|turn|6\n|c| Server77|What this mfer gonna do\n|c| goobiathan|I like how half of Oinge team is unaffected by spikes\n|c| Server77|oh lmao\n|c| goobiathan|Good job Salt\n|c| Server77|Rock Jigglypuff\n|\n|t:|1699242440\n|detailschange|p1a: Venusaur|Venusaur-Mega, F\n|-mega|p1a: Venusaur|Venusaur|Venusaurite\n|move|p1a: Venusaur|Leech Seed|p2a: Jigglypuff|[miss]\n|-miss|p1a: Venusaur|p2a: Jigglypuff\n|move|p2a: Jigglypuff|Teleport|p2a: Jigglypuff\n|c|\u2606danbultheman|huge\n|c| Server77|Huge miss\n|c| mostgoodX|teleport.\n|\n|t:|1699242464\n|switch|p2a: Eelektross|Eelektross, M|100\/100|[from] Teleport\n|\n|upkeep\n|turn|7\n|c| Server77|Oinge is playing 5D chess rn\n|\n|t:|1699242477\n|move|p1a: Venusaur|Leech Seed|p2a: Eelektross\n|-start|p2a: Eelektross|move: Leech Seed\n|move|p2a: Eelektross|Roar|p1a: Venusaur\n|drag|p1a: Rotom|Rotom-Wash|100\/100\n|-damage|p1a: Rotom|88\/100|[from] Stealth Rock\n|\n|-damage|p2a: Eelektross|88\/100|[from] Leech Seed|[of] p1a: Rotom\n|-heal|p1a: Rotom|100\/100|[silent]\n|upkeep\n|turn|8\n|c| The23rdPower|LOL\n|\n|t:|1699242488\n|move|p1a: Rotom|Volt Switch|p2a: Eelektross\n|-resisted|p2a: Eelektross\n|-damage|p2a: Eelektross|68\/100\n|c| goobiathan|23rd tech\n|\n|t:|1699242490\n|switch|p1a: Venusaur|Venusaur-Mega, F|100\/100|[from] Volt Switch\n|-damage|p1a: Venusaur|88\/100|[from] Stealth Rock\n|-zpower|p2a: Eelektross\n|move|p2a: Eelektross|Bloom Doom|p1a: Venusaur|[zeffect]\n|-resisted|p1a: Venusaur\n|-damage|p1a: Venusaur|78\/100\n|\n|-damage|p2a: Eelektross|56\/100|[from] Leech Seed|[of] p1a: Venusaur\n|-heal|p1a: Venusaur|91\/100|[silent]\n|upkeep\n|turn|9\n|c|\u2606danbultheman|huge\n|c|\u2606superoinge22|eh didnt think that would work\n|c|\u2606superoinge22|all good tho\n|c| aplestick|23rd a visionary\n|\n|t:|1699242502\n|move|p1a: Venusaur|Sludge Bomb|p2a: Eelektross\n|-damage|p2a: Eelektross|13\/100\n|move|p2a: Eelektross|Volt Switch|p1a: Venusaur\n|-resisted|p1a: Venusaur\n|-damage|p1a: Venusaur|76\/100\n|c|\u2606danbultheman|its soulful\n|c|\u2606danbultheman|i respect it\n|c| Standjeezy|Lmao\n|c| Server77|Wasteful Z Move\n|c| goobiathan|23rd has caused permanent damage to our draft\n|\n|t:|1699242516\n|switch|p2a: Mew|Mew|100\/100|[from] Volt Switch\n|-status|p2a: Mew|psn\n|-enditem|p2a: Mew|Lum Berry|[eat]\n|-curestatus|p2a: Mew|psn|[msg]\n|\n|upkeep\n|turn|10\n|c| Server77|HE HAD WHAT\n|c| The23rdPower|Now Roar him back\n|c| goobiathan|Outrage Mew\n|\n|t:|1699242530\n|switch|p1a: Heatran|Heatran, F|100\/100\n|-damage|p1a: Heatran|88\/100|[from] Stealth Rock\n|move|p2a: Mew|Nasty Plot|p2a: Mew\n|-boost|p2a: Mew|spa|2\n|\n|-heal|p1a: Heatran|94\/100|[from] item: Leftovers\n|upkeep\n|turn|11\n|c| The23rdPower|Oops coaching\n|\n|t:|1699242536\n|move|p2a: Mew|Earth Power|p1a: Heatran\n|-supereffective|p1a: Heatran\n|-damage|p1a: Heatran|0 fnt\n|faint|p1a: Heatran\n|\n|upkeep\n|c|\u2606danbultheman|bruh\n|c| goobiathan|W READ\n|c| mostgoodX|Hm\n|c| goobiathan|GIVE HIM THE GOOB TECHNIQUE\n|c| The23rdPower|Come on man, he gets every TM\n|c| Standjeezy|Lmao\n|c| goobiathan|GRAAAAHHHHHH SETUP SWEEPERS\n|c|\u2606superoinge22|yea spoiler alert this is just nasty plot sweep mew\n|c|\u2606superoinge22|no funny business\n|c| goobiathan|GRAAAAAHHHHHHHHY\n|c| goobiathan|THATS MY KING OINGE\n|c| mostgoodX|Out of all the possibilities sometimes the most predictable one is the best\n|\n|t:|1699242591\n|switch|p1a: Rotom|Rotom-Wash|100\/100\n|-damage|p1a: Rotom|88\/100|[from] Stealth Rock\n|turn|12\n|c| goobiathan|SWEEP HIS ASS\n|c|\u2606superoinge22|this mf boutta lose without making me use my secret technique\n|c|\u2606superoinge22|rip\n|\n|t:|1699242602\n|-terastallize|p1a: Rotom|Ghost\n|move|p1a: Rotom|Shadow Ball|p2a: Mew\n|-supereffective|p2a: Mew\n|-damage|p2a: Mew|22\/100\n|move|p2a: Mew|Psychic|p1a: Rotom\n|-damage|p1a: Rotom|9\/100\n|\n|upkeep\n|turn|13\n|c| Server77|Crit Hydro Pump\n|c|\u2606superoinge22|oh maybe not\n|c|\u2606superoinge22|hmmm\n|c| Server77|HYGE\n|c| Server77|huge\n|\n|t:|1699242617\n|switch|p1a: Mandibuzz|Mandibuzz, F|100\/100\n|switch|p2a: Jigglypuff|Jigglypuff, M|88\/100 psn\n|\n|-damage|p2a: Jigglypuff|76\/100 psn|[from] psn\n|upkeep\n|turn|14\n|c| goobiathan|12 TURNS 4 MONS DEAD THATS WHAT I LIKE TO SEE\n|\n|t:|1699242630\n|move|p1a: Mandibuzz|Defog|p2a: Jigglypuff\n|-unboost|p2a: Jigglypuff|evasion|1\n|-sideend|p2: superoinge22|Toxic Spikes|[from] move: Defog|[of] p1a: Mandibuzz\n|-sideend|p1: danbultheman|Stealth Rock|[from] move: Defog|[of] p1a: Mandibuzz\n|move|p2a: Jigglypuff|Toxic|p1a: Mandibuzz\n|-status|p1a: Mandibuzz|tox\n|\n|-damage|p1a: Mandibuzz|94\/100 tox|[from] psn\n|-damage|p2a: Jigglypuff|63\/100 psn|[from] psn\n|upkeep\n|turn|15\n|\n|t:|1699242638\n|move|p1a: Mandibuzz|U-turn|p2a: Jigglypuff\n|-resisted|p2a: Jigglypuff\n|-damage|p2a: Jigglypuff|54\/100 psn\n|-start|p1a: Mandibuzz|Attract|[from] ability: Cute Charm|[of] p2a: Jigglypuff\n|\n|t:|1699242641\n|switch|p1a: Venusaur|Venusaur-Mega, F|76\/100|[from] U-turn\n|move|p2a: Jigglypuff|Wish|p2a: Jigglypuff\n|\n|-damage|p2a: Jigglypuff|41\/100 psn|[from] psn\n|upkeep\n|turn|16\n|c| mostgoodX|I\u2019m sick of this puff actually doing things\n|c| mostgoodX|wtf cute charm\n|\n|t:|1699242654\n|switch|p1a: Mandibuzz|Mandibuzz, F|94\/100 tox\n|move|p2a: Jigglypuff|Stealth Rock|p1a: Mandibuzz\n|-sidestart|p1: danbultheman|move: Stealth Rock\n|\n|-heal|p2a: Jigglypuff|91\/100 psn|[from] move: Wish|[wisher] Jigglypuff\n|-damage|p1a: Mandibuzz|88\/100 tox|[from] psn\n|-damage|p2a: Jigglypuff|79\/100 psn|[from] psn\n|upkeep\n|turn|17\n|\n|t:|1699242660\n|move|p1a: Mandibuzz|Defog|p2a: Jigglypuff\n|-unboost|p2a: Jigglypuff|evasion|1\n|-sideend|p1: danbultheman|Stealth Rock|[from] move: Defog|[of] p1a: Mandibuzz\n|move|p2a: Jigglypuff|Teleport|p2a: Jigglypuff\n|\n|t:|1699242668\n|switch|p2a: Armarouge|Armarouge, M|100\/100|[from] Teleport\n|\n|-damage|p1a: Mandibuzz|76\/100 tox|[from] psn\n|upkeep\n|turn|18\n|c| Server77|Read\n|\n|t:|1699242682\n|move|p2a: Armarouge|Substitute|p2a: Armarouge\n|-start|p2a: Armarouge|Substitute\n|-damage|p2a: Armarouge|75\/100\n|move|p1a: Mandibuzz|U-turn|p2a: Armarouge\n|-activate|p2a: Armarouge|move: Substitute|[damage]\n|\n|t:|1699242685\n|switch|p1a: Rotom|Rotom-Wash, tera:Ghost|9\/100|[from] U-turn\n|\n|-heal|p2a: Armarouge|82\/100|[from] item: Leftovers\n|upkeep\n|turn|19\n|\n|t:|1699242693\n|move|p1a: Rotom|Volt Switch|p2a: Armarouge\n|-end|p2a: Armarouge|Substitute\n|\n|t:|1699242696\n|switch|p1a: Mandibuzz|Mandibuzz, F|76\/100 tox|[from] Volt Switch\n|move|p2a: Armarouge|Psychic|p1a: Mandibuzz\n|-immune|p1a: Mandibuzz\n|\n|-heal|p2a: Armarouge|88\/100|[from] item: Leftovers\n|-damage|p1a: Mandibuzz|70\/100 tox|[from] psn\n|upkeep\n|turn|20\n|c| mostgoodX|Oh nah\n|c| Standjeezy|Its over i fear\n|c|\u2606superoinge22|oh well played man\n|\n|t:|1699242712\n|move|p2a: Armarouge|Armor Cannon|p1a: Mandibuzz\n|-damage|p1a: Mandibuzz|10\/100 tox\n|-unboost|p2a: Armarouge|def|1\n|-unboost|p2a: Armarouge|spd|1\n|move|p1a: Mandibuzz|Foul Play|p2a: Armarouge\n|-supereffective|p2a: Armarouge\n|-damage|p2a: Armarouge|39\/100\n|\n|-heal|p2a: Armarouge|45\/100|[from] item: Leftovers\n|-damage|p1a: Mandibuzz|0 fnt|[from] psn\n|faint|p1a: Mandibuzz\n|upkeep\n|c|\u2606danbultheman|mew proving why he's 18\n|\n|t:|1699242721\n|switch|p1a: Rotom|Rotom-Wash, tera:Ghost|9\/100\n|turn|21\n|\n|t:|1699242737\n|switch|p2a: Eelektross|Eelektross, M|13\/100\n|move|p1a: Rotom|Thunderbolt|p2a: Eelektross\n|-resisted|p2a: Eelektross\n|-damage|p2a: Eelektross|0 fnt\n|faint|p2a: Eelektross\n|\n|upkeep\n|\n|t:|1699242749\n|switch|p2a: Jigglypuff|Jigglypuff, M|79\/100 psn\n|turn|22\n|c| The23rdPower|Is it over just yet?\n|l| aplestick\n|c| mostgoodX|Get that munchkin OFF THE ROAD\n|c| goobiathan|I dont get how Oinge also drafted scream tail\n|l| itzZen\n|c|\u2606superoinge22|true\n|\n|t:|1699242783\n|move|p1a: Rotom|Thunderbolt|p2a: Jigglypuff\n|-damage|p2a: Jigglypuff|45\/100 psn\n|move|p2a: Jigglypuff|Stealth Rock|p1a: Rotom\n|-sidestart|p1: danbultheman|move: Stealth Rock\n|\n|-damage|p2a: Jigglypuff|33\/100 psn|[from] psn\n|upkeep\n|turn|23\n|j| aplestick\n|c| The23rdPower|Hmm\n|\n|t:|1699242801\n|move|p1a: Rotom|Thunderbolt|p2a: Jigglypuff\n|-damage|p2a: Jigglypuff|0 fnt\n|faint|p2a: Jigglypuff\n|\n|upkeep\n|c|\u2606superoinge22|rip\n|c| mostgoodX|why are you throwing\n|\n|t:|1699242808\n|switch|p2a: Salamence|Salamence, M|100\/100\n|turn|24\n|\n|t:|1699242814\n|move|p1a: Rotom|Thunderbolt|p2a: Salamence\n|-damage|p2a: Salamence|35\/100\n|move|p2a: Salamence|Air Slash|p1a: Rotom\n|-damage|p1a: Rotom|0 fnt\n|faint|p1a: Rotom\n|-ability|p2a: Salamence|Moxie|boost\n|-boost|p2a: Salamence|atk|1\n|\n|upkeep\n|\n|t:|1699242817\n|switch|p1a: Venusaur|Venusaur-Mega, F|76\/100\n|-damage|p1a: Venusaur|64\/100|[from] Stealth Rock\n|turn|25\n|c|\u2606danbultheman|SPECIAL\n|\n|t:|1699242823\n|move|p2a: Salamence|Air Slash|p1a: Venusaur\n|-supereffective|p1a: Venusaur\n|-damage|p1a: Venusaur|0 fnt\n|faint|p1a: Venusaur\n|\n|win|superoinge22\n|c|\u2606danbultheman|welp gg\n|c|\u2606superoinge22|ok the secret is\n|c|\u2606superoinge22|i'm both\n|c| goobiathan|Oinge addicted to special mence\n|c|\u2606superoinge22|eq stone edge air slash pump\n|c| goobiathan|W\n|c| mostgoodX|Bro\n|c| aplestick|Demon\n|c|\u2606danbultheman|mew is a demon lol\n|l| mostgoodX\n|c|\u2606superoinge22|get the replay\n|l| Server77\n|c|\u2606superoinge22|i gtg for now\n|c|\u2606danbultheman|i didnt rly have any cplay for it\n","uploadtime":1699242856,"views":18,"p1id":"danbultheman","p2id":"superoinge22","formatid":"gen9nationaldexubers","rating":0,"private":0,"password":""}