{"id":"gen9nationaldexubers-1980720328","p1":"D. Lawrenzz","p2":"Just B3A$T","format":"[Gen 9] National Dex Ubers","log":"|j|\u2606D. Lawrenzz\n|j|\u2606Just B3A$T\n|t:|1698819017\n|gametype|singles\n|player|p1|D. Lawrenzz|blue-masters|\n|player|p2|Just B3A$T|noland|\n|teamsize|p1|6\n|teamsize|p2|6\n|gen|9\n|tier|[Gen 9] National Dex Ubers\n|rule|HP Percentage Mod: HP is shown in percentages\n|rule|Endless Battle Clause: Forcing endless battles is banned\n|rule|OHKO Clause: OHKO moves are banned\n|rule|Evasion Moves Clause: Evasion moves are banned\n|rule|Evasion Items Clause: Evasion items are banned\n|rule|Species Clause: Limit one of each Pok\u00e9mon\n|rule|Sleep Clause Mod: Limit one foe put to sleep\n|rule|Mega Rayquaza Clause: You cannot mega evolve Rayquaza\n|clearpoke\n|poke|p1|Ribombee, M|\n|poke|p1|Medicham, M|\n|poke|p1|Great Tusk|\n|poke|p1|Ogerpon-Wellspring, F|\n|poke|p1|Gholdengo|\n|poke|p1|Iron Moth|\n|poke|p2|Gholdengo|\n|poke|p2|Bisharp, M|\n|poke|p2|Mawile, F|\n|poke|p2|Genesect-Chill|\n|poke|p2|Celesteela|\n|poke|p2|Heatran, M|\n|teampreview\n|inactive|Battle timer is ON: inactive players will automatically lose when time's up. (requested by Just B3A$T)\n|inactive|D. Lawrenzz also wants the timer to be on.\n|c|\u2606Just B3A$T|webs\n|c|\u2606Just B3A$T|welp\n|c|\u2606Just B3A$T|hm...\n|c|\u2606D. Lawrenzz|cteam\n|c|\u2606Just B3A$T|Taste my steeled fangs of vengeance!\n|c|\u2606Just B3A$T|even this will be beaten!\n|inactive|Just B3A$T has 270 seconds left.\n|\n|t:|1698819054\n|start\n|switch|p1a: Ribombee|Ribombee, M|100\/100\n|switch|p2a: Milagro Man|Gholdengo|100\/100\n|turn|1\n|\n|t:|1698819061\n|move|p2a: Milagro Man|Trick|p1a: Ribombee\n|-activate|p2a: Milagro Man|move: Trick|[of] p1a: Ribombee\n|-item|p1a: Ribombee|Choice Scarf|[from] move: Trick\n|-item|p2a: Milagro Man|Focus Sash|[from] move: Trick\n|move|p1a: Ribombee|Sticky Web|p2a: Milagro Man\n|-sidestart|p2: Just B3A$T|move: Sticky Web\n|\n|upkeep\n|turn|2\n|\n|t:|1698819075\n|switch|p1a: Great Tusk|Great Tusk|100\/100\n|-enditem|p1a: Great Tusk|Booster Energy\n|-activate|p1a: Great Tusk|ability: Protosynthesis|[fromitem]\n|-start|p1a: Great Tusk|protosynthesisatk\n|switch|p2a: LAVAAAA|Heatran, M, shiny|100\/100\n|-item|p2a: LAVAAAA|Air Balloon\n|\n|upkeep\n|turn|3\n|\n|t:|1698819079\n|move|p1a: Great Tusk|Rapid Spin|p2a: LAVAAAA\n|-resisted|p2a: LAVAAAA\n|-damage|p2a: LAVAAAA|90\/100\n|-boost|p1a: Great Tusk|spe|1\n|-enditem|p2a: LAVAAAA|Air Balloon\n|move|p2a: LAVAAAA|Stealth Rock|p1a: Great Tusk\n|-sidestart|p1: D. Lawrenzz|move: Stealth Rock\n|\n|upkeep\n|turn|4\n|\n|t:|1698819085\n|switch|p2a: Spaceship!!!|Celesteela, shiny|100\/100\n|move|p1a: Great Tusk|Earthquake|p2a: Spaceship!!!\n|-immune|p2a: Spaceship!!!\n|\n|upkeep\n|turn|5\n|\n|t:|1698819087\n|move|p1a: Great Tusk|Close Combat|p2a: Spaceship!!!\n|-damage|p2a: Spaceship!!!|20\/100\n|-unboost|p1a: Great Tusk|def|1\n|-unboost|p1a: Great Tusk|spd|1\n|move|p2a: Spaceship!!!|Autotomize|p2a: Spaceship!!!\n|-boost|p2a: Spaceship!!!|spe|2\n|-start|p2a: Spaceship!!!|Autotomize\n|\n|upkeep\n|turn|6\n|\n|t:|1698819091\n|move|p1a: Great Tusk|Close Combat|p2a: Spaceship!!!\n|-damage|p2a: Spaceship!!!|0 fnt\n|-unboost|p1a: Great Tusk|def|1\n|-unboost|p1a: Great Tusk|spd|1\n|faint|p2a: Spaceship!!!\n|\n|upkeep\n|c|\u2606Just B3A$T|right\n|\n|t:|1698819102\n|switch|p2a: Milagro Man|Gholdengo|100\/100\n|-activate|p2a: Milagro Man|move: Sticky Web\n|-unboost|p2a: Milagro Man|spe|1\n|turn|7\n|\n|t:|1698819107\n|move|p1a: Great Tusk|Earthquake|p2a: Milagro Man\n|-supereffective|p2a: Milagro Man\n|-enditem|p2a: Milagro Man|Focus Sash\n|-damage|p2a: Milagro Man|1\/100\n|move|p2a: Milagro Man|Shadow Ball|p1a: Great Tusk\n|-damage|p1a: Great Tusk|0 fnt\n|faint|p1a: Great Tusk\n|-end|p1a: Great Tusk|Protosynthesis|[silent]\n|\n|upkeep\n|\n|t:|1698819123\n|switch|p1a: Iron Moth|Iron Moth|100\/100\n|-damage|p1a: Iron Moth|76\/100|[from] Stealth Rock\n|-enditem|p1a: Iron Moth|Booster Energy\n|-activate|p1a: Iron Moth|ability: Quark Drive|[fromitem]\n|-start|p1a: Iron Moth|quarkdrivespa\n|turn|8\n|\n|t:|1698819127\n|move|p1a: Iron Moth|Fiery Dance|p2a: Milagro Man\n|-supereffective|p2a: Milagro Man\n|-damage|p2a: Milagro Man|0 fnt\n|faint|p2a: Milagro Man\n|\n|upkeep\n|\n|t:|1698819131\n|switch|p2a: LAVAAAA|Heatran, M, shiny|90\/100\n|-activate|p2a: LAVAAAA|move: Sticky Web\n|-unboost|p2a: LAVAAAA|spe|1\n|turn|9\n|inactive|D. Lawrenzz has 270 seconds left.\n|inactive|Just B3A$T has 270 seconds left.\n|\n|t:|1698819187\n|-end|p1a: Iron Moth|Quark Drive|[silent]\n|switch|p1a: Ribombee|Ribombee, M|100\/100\n|-damage|p1a: Ribombee|76\/100|[from] Stealth Rock\n|move|p2a: LAVAAAA|Lava Plume|p1a: Ribombee\n|-supereffective|p1a: Ribombee\n|-damage|p1a: Ribombee|0 fnt\n|faint|p1a: Ribombee\n|\n|upkeep\n|j| theironpikachu\n|inactive|D. Lawrenzz has 240 seconds left.\n|\n|t:|1698819212\n|switch|p1a: Ogerpon|Ogerpon-Wellspring, F|100\/100\n|-damage|p1a: Ogerpon|88\/100|[from] Stealth Rock\n|turn|10\n|inactive|Just B3A$T has 270 seconds left.\n|inactive|D. Lawrenzz has 240 seconds left.\n|\n|t:|1698819239\n|switch|p2a: Edgelord|Bisharp, M, shiny|100\/100\n|-activate|p2a: Edgelord|move: Sticky Web\n|-unboost|p2a: Edgelord|spe|1\n|-ability|p2a: Edgelord|Defiant|boost\n|-boost|p2a: Edgelord|atk|2\n|-terastallize|p1a: Ogerpon|Water\n|detailschange|p1a: Ogerpon|Ogerpon-Wellspring-Tera, F, tera:Water\n|-ability|p1a: Ogerpon|Embody Aspect (Wellspring)|boost\n|-boost|p1a: Ogerpon|spd|1\n|move|p1a: Ogerpon|Swords Dance|p1a: Ogerpon\n|-boost|p1a: Ogerpon|atk|2\n|\n|upkeep\n|turn|11\n|inactive|D. Lawrenzz has 240 seconds left.\n|\n|t:|1698819246\n|move|p2a: Edgelord|Sucker Punch|p1a: Ogerpon\n|-damage|p1a: Ogerpon|0 fnt\n|faint|p1a: Ogerpon\n|\n|upkeep\n|inactive|D. Lawrenzz has 240 seconds left.\n|\n|t:|1698819258\n|switch|p1a: Medicham|Medicham, M|100\/100\n|-damage|p1a: Medicham|94\/100|[from] Stealth Rock\n|turn|12\n|inactive|D. Lawrenzz has 240 seconds left.\n|inactive|Just B3A$T has 270 seconds left.\n|\n|t:|1698819266\n|detailschange|p1a: Medicham|Medicham-Mega, M\n|-mega|p1a: Medicham|Medicham|Medichamite\n|move|p2a: Edgelord|Sucker Punch||[still]\n|-fail|p2a: Edgelord\n|move|p1a: Medicham|Substitute|p1a: Medicham\n|-start|p1a: Medicham|Substitute\n|-damage|p1a: Medicham|69\/100\n|\n|upkeep\n|turn|13\n|c|\u2606D. Lawrenzz|huh\n|inactive|Just B3A$T has 270 seconds left.\n|\n|t:|1698819277\n|move|p1a: Medicham|High Jump Kick|p2a: Edgelord\n|-supereffective|p2a: Edgelord\n|-damage|p2a: Edgelord|0 fnt\n|faint|p2a: Edgelord\n|\n|upkeep\n|c|\u2606D. Lawrenzz|defiant\n|c|\u2606Just B3A$T|damn\n|inactive|Just B3A$T has 270 seconds left.\n|j| XX_1nfinity_XX\n|l| XX_1nfinity_XX\n|inactive|Just B3A$T has 240 seconds left.\n|\n|t:|1698819315\n|switch|p2a: Pixie Fatale|Mawile, F, shiny|100\/100\n|-activate|p2a: Pixie Fatale|move: Sticky Web\n|-unboost|p2a: Pixie Fatale|spe|1\n|turn|14\n|\n|t:|1698819328\n|detailschange|p2a: Pixie Fatale|Mawile-Mega, F, shiny\n|-mega|p2a: Pixie Fatale|Mawile|Mawilite\n|move|p1a: Medicham|High Jump Kick|p2a: Pixie Fatale\n|-damage|p2a: Pixie Fatale|0 fnt\n|faint|p2a: Pixie Fatale\n|\n|upkeep\n|c|\u2606Just B3A$T|bruh\n|c|\u2606D. Lawrenzz|damn\n|\n|t:|1698819339\n|switch|p2a: best bug|Genesect-Chill, shiny|100\/100\n|-activate|p2a: best bug|move: Sticky Web\n|-unboost|p2a: best bug|spe|1\n|-ability|p2a: best bug|Download|boost\n|-boost|p2a: best bug|atk|1\n|turn|15\n|\n|t:|1698819346\n|-terastallize|p2a: best bug|Water\n|move|p2a: best bug|Extreme Speed|p1a: Medicham\n|-end|p1a: Medicham|Substitute\n|move|p1a: Medicham|High Jump Kick|p2a: best bug\n|-damage|p2a: best bug|0 fnt\n|faint|p2a: best bug\n|\n|upkeep\n|c|\u2606Just B3A$T|bruh\n|c|\u2606Just B3A$T|not again\n|\n|t:|1698819355\n|switch|p2a: LAVAAAA|Heatran, M, shiny|90\/100\n|-activate|p2a: LAVAAAA|move: Sticky Web\n|-unboost|p2a: LAVAAAA|spe|1\n|turn|16\n|c|\u2606D. Lawrenzz|damn\n|j| XX_1nfinity_XX\n|c|\u2606Just B3A$T|wish i actually had good tera\n|c|\u2606Just B3A$T|pain\n|inactive|Just B3A$T has 240 seconds left.\n|c|\u2606Just B3A$T|if this misses i win\n|c|\u2606Just B3A$T|but it wont\n|c|\u2606Just B3A$T|gg\n|\n|t:|1698819386\n|move|p1a: Medicham|High Jump Kick|p2a: LAVAAAA\n|-supereffective|p2a: LAVAAAA\n|-damage|p2a: LAVAAAA|0 fnt\n|faint|p2a: LAVAAAA\n|\n|win|D. Lawrenzz\n|c| theironpikachu|reveal protect\n|c| theironpikachu|rip\n|c|\u2606Just B3A$T|me whne\n|c|\u2606Just B3A$T|*when\n|c|\u2606D. Lawrenzz|lol\n|c|\u2606D. Lawrenzz|gg\n|c|\u2606Just B3A$T|gg\n|c|\u2606Just B3A$T|shouldve expected sub\n|l| theironpikachu\n|l| XX_1nfinity_XX\n|l|\u2606D. Lawrenzz\n","uploadtime":1698819428,"views":12,"p1id":"dlawrenzz","p2id":"justb3at","formatid":"gen9nationaldexubers","rating":0,"private":0,"password":""}