{"id":"gen9nationaldexubers-1997786027","p1":"faraodomangue","p2":"JustMonika_CARR","format":"[Gen 9] National Dex Ubers","log":"|j|\u2606faraodomangue\n|j|\u2606JustMonika_CARR\n|t:|1700852507\n|gametype|singles\n|player|p1|faraodomangue|harlequin|1572\n|player|p2|JustMonika_CARR|rosa|1483\n|teamsize|p1|6\n|teamsize|p2|6\n|gen|9\n|tier|[Gen 9] National Dex Ubers\n|rated|\n|rule|HP Percentage Mod: HP is shown in percentages\n|rule|Endless Battle Clause: Forcing endless battles is banned\n|rule|OHKO Clause: OHKO moves are banned\n|rule|Evasion Moves Clause: Evasion moves are banned\n|rule|Evasion Items Clause: Evasion items are banned\n|rule|Species Clause: Limit one of each Pok\u00e9mon\n|rule|Sleep Clause Mod: Limit one foe put to sleep\n|rule|Mega Rayquaza Clause: You cannot mega evolve Rayquaza\n|clearpoke\n|poke|p1|Porygon2|\n|poke|p1|Cresselia, F|\n|poke|p1|Marowak-Alola, M|\n|poke|p1|Hatterene, F|\n|poke|p1|Calyrex-Ice|\n|poke|p1|Melmetal|\n|poke|p2|Marshadow|\n|poke|p2|Lopunny, F|\n|poke|p2|Eternatus|\n|poke|p2|Forretress, F|\n|poke|p2|Pheromosa|\n|poke|p2|Grimmsnarl, M|\n|teampreview\n|c|\u2606JustMonika_CARR|Sigh\n|c|\u2606JustMonika_CARR|Another trick room team\n|\n|t:|1700852536\n|start\n|switch|p1a: Porygon2|Porygon2, shiny|100\/100\n|switch|p2a: Grimmsnarl|Grimmsnarl, M, shiny|100\/100\n|-ability|p1a: Porygon2|Prankster|[from] ability: Trace|[of] p2a: Grimmsnarl\n|turn|1\n|\n|t:|1700852546\n|switch|p1a: Hatterene|Hatterene, F, shiny|100\/100\n|move|p2a: Grimmsnarl|Taunt|p1a: Hatterene\n|move|p1a: Hatterene|Taunt|p2a: Grimmsnarl|[from]ability: Magic Bounce\n|-start|p2a: Grimmsnarl|move: Taunt\n|\n|upkeep\n|turn|2\n|\n|t:|1700852560\n|move|p2a: Grimmsnarl|Spirit Break|p1a: Hatterene\n|-damage|p1a: Hatterene|63\/100\n|-unboost|p1a: Hatterene|spa|1\n|move|p1a: Hatterene|Trick Room|p1a: Hatterene\n|-fieldstart|move: Trick Room|[of] p1a: Hatterene\n|\n|upkeep\n|turn|3\n|\n|t:|1700852567\n|switch|p1a: Calyrex|Calyrex-Ice|100\/100\n|-ability|p1a: Calyrex|As One\n|-ability|p1a: Calyrex|Unnerve\n|move|p2a: Grimmsnarl|Spirit Break|p1a: Calyrex\n|-damage|p1a: Calyrex|81\/100\n|-unboost|p1a: Calyrex|spa|1\n|\n|upkeep\n|turn|4\n|\n|t:|1700852573\n|-terastallize|p1a: Calyrex|Ice\n|move|p1a: Calyrex|Glacial Lance|p2a: Grimmsnarl\n|-damage|p2a: Grimmsnarl|0 fnt\n|faint|p2a: Grimmsnarl\n|-ability|p1a: Calyrex|Chilling Neigh|boost\n|-boost|p1a: Calyrex|atk|1\n|\n|upkeep\n|\n|t:|1700852583\n|switch|p2a: Forretress|Forretress, F, shiny|100\/100\n|turn|5\n|\n|t:|1700852587\n|switch|p1a: Hatterene|Hatterene, F, shiny|63\/100\n|move|p2a: Forretress|Toxic Spikes|p1a: Hatterene\n|move|p1a: Hatterene|Toxic Spikes|p2a: Forretress|[from]ability: Magic Bounce\n|-sidestart|p2: JustMonika_CARR|move: Toxic Spikes\n|\n|upkeep\n|turn|6\n|\n|t:|1700852595\n|move|p1a: Hatterene|Mystical Fire|p2a: Forretress\n|-supereffective|p2a: Forretress\n|-ability|p2a: Forretress|Sturdy\n|-damage|p2a: Forretress|1\/100\n|-unboost|p2a: Forretress|spa|1\n|-enditem|p2a: Forretress|Red Card|[of] p1a: Hatterene\n|drag|p1a: Cresselia|Cresselia, F|100\/100\n|move|p2a: Forretress|Rapid Spin|p1a: Cresselia\n|-damage|p1a: Cresselia|92\/100\n|-boost|p2a: Forretress|spe|1\n|-sideend|p2: JustMonika_CARR|Toxic Spikes|[from] move: Rapid Spin|[of] p2a: Forretress\n|\n|-fieldend|move: Trick Room\n|upkeep\n|turn|7\n|\n|t:|1700852605\n|switch|p1a: Hatterene|Hatterene, F, shiny|63\/100\n|move|p2a: Forretress|Toxic Spikes|p1a: Hatterene\n|move|p1a: Hatterene|Toxic Spikes|p2a: Forretress|[from]ability: Magic Bounce\n|-sidestart|p2: JustMonika_CARR|move: Toxic Spikes\n|\n|upkeep\n|turn|8\n|\n|t:|1700852612\n|move|p2a: Forretress|Rapid Spin|p1a: Hatterene\n|-damage|p1a: Hatterene|52\/100\n|-boost|p2a: Forretress|spe|1\n|-sideend|p2: JustMonika_CARR|Toxic Spikes|[from] move: Rapid Spin|[of] p2a: Forretress\n|move|p1a: Hatterene|Mystical Fire|p2a: Forretress\n|-supereffective|p2a: Forretress\n|-damage|p2a: Forretress|0 fnt\n|faint|p2a: Forretress\n|\n|upkeep\n|\n|t:|1700852624\n|switch|p2a: Pheromosa|Pheromosa, shiny|100\/100\n|turn|9\n|\n|t:|1700852629\n|move|p2a: Pheromosa|Bug Buzz|p1a: Hatterene\n|-damage|p1a: Hatterene|0 fnt\n|faint|p1a: Hatterene\n|-ability|p2a: Pheromosa|Beast Boost|boost\n|-boost|p2a: Pheromosa|spa|1\n|\n|upkeep\n|\n|t:|1700852637\n|switch|p1a: Marowak|Marowak-Alola, M|100\/100\n|turn|10\n|\n|t:|1700852645\n|move|p2a: Pheromosa|Ice Beam|p1a: Marowak\n|-resisted|p1a: Marowak\n|-crit|p1a: Marowak\n|-damage|p1a: Marowak|49\/100\n|move|p1a: Marowak|Flare Blitz|p2a: Pheromosa\n|-supereffective|p2a: Pheromosa\n|-enditem|p2a: Pheromosa|Focus Sash\n|-damage|p2a: Pheromosa|1\/100\n|\n|upkeep\n|turn|11\n|\n|t:|1700852652\n|move|p2a: Pheromosa|Ice Beam|p1a: Marowak\n|-resisted|p1a: Marowak\n|-damage|p1a: Marowak|13\/100\n|move|p1a: Marowak|Flare Blitz|p2a: Pheromosa\n|-supereffective|p2a: Pheromosa\n|-damage|p2a: Pheromosa|0 fnt\n|faint|p2a: Pheromosa\n|\n|upkeep\n|\n|t:|1700852660\n|switch|p2a: Lopunny|Lopunny, F, shiny|100\/100\n|turn|12\n|\n|t:|1700852666\n|switch|p1a: Porygon2|Porygon2, shiny|100\/100\n|-ability|p1a: Porygon2|Limber|[from] ability: Trace|[of] p2a: Lopunny\n|detailschange|p2a: Lopunny|Lopunny-Mega, F, shiny\n|-mega|p2a: Lopunny|Lopunny|Lopunnite\n|move|p2a: Lopunny|Power-Up Punch|p1a: Porygon2\n|-supereffective|p1a: Porygon2\n|-damage|p1a: Porygon2|70\/100\n|-boost|p2a: Lopunny|atk|1\n|\n|upkeep\n|turn|13\n|\n|t:|1700852671\n|move|p2a: Lopunny|Drain Punch|p1a: Porygon2\n|-supereffective|p1a: Porygon2\n|-damage|p1a: Porygon2|0 fnt\n|faint|p1a: Porygon2\n|\n|upkeep\n|inactive|Battle timer is ON: inactive players will automatically lose when time's up. (requested by JustMonika_CARR)\n|\n|t:|1700852735\n|switch|p1a: Cresselia|Cresselia, F|92\/100\n|turn|14\n|\n|t:|1700852741\n|move|p2a: Lopunny|Return|p1a: Cresselia\n|-damage|p1a: Cresselia|32\/100\n|move|p1a: Cresselia|Trick Room|p1a: Cresselia\n|-fieldstart|move: Trick Room|[of] p1a: Cresselia\n|\n|upkeep\n|turn|15\n|\n|t:|1700852747\n|move|p1a: Cresselia|Lunar Dance|p1a: Cresselia\n|faint|p1a: Cresselia\n|move|p2a: Lopunny|Return|p1: Cresselia|[notarget]\n|-fail|p2a: Lopunny\n|\n|upkeep\n|\n|t:|1700852750\n|switch|p1a: Calyrex|Calyrex-Ice, tera:Ice|81\/100\n|-ability|p1a: Calyrex|As One\n|-ability|p1a: Calyrex|Unnerve\n|-heal|p1a: Calyrex|100\/100|[from] move: Lunar Dance\n|turn|16\n|\n|t:|1700852758\n|move|p1a: Calyrex|Glacial Lance|p2a: Lopunny\n|-damage|p2a: Lopunny|0 fnt\n|faint|p2a: Lopunny\n|-ability|p1a: Calyrex|Chilling Neigh|boost\n|-boost|p1a: Calyrex|atk|1\n|\n|upkeep\n|\n|t:|1700852762\n|switch|p2a: Marshadow|Marshadow|100\/100\n|turn|17\n|\n|t:|1700852764\n|move|p1a: Calyrex|Glacial Lance|p2a: Marshadow\n|-enditem|p2a: Marshadow|Focus Sash\n|-damage|p2a: Marshadow|1\/100\n|move|p2a: Marshadow|Spectral Thief||[still]\n|-clearpositiveboost|p1a: Calyrex|p2a: Marshadow|move: Spectral Thief\n|-boost|p2a: Marshadow|atk|1\n|-anim|p2a: Marshadow|Spectral Thief|p1a: Calyrex\n|-damage|p1a: Calyrex|59\/100\n|\n|upkeep\n|turn|18\n|\n|t:|1700852769\n|move|p2a: Marshadow|Shadow Sneak|p1a: Calyrex\n|-damage|p1a: Calyrex|33\/100\n|move|p1a: Calyrex|Glacial Lance|p2a: Marshadow\n|-damage|p2a: Marshadow|0 fnt\n|faint|p2a: Marshadow\n|-ability|p1a: Calyrex|Chilling Neigh|boost\n|-boost|p1a: Calyrex|atk|1\n|\n|-fieldend|move: Trick Room\n|upkeep\n|\n|t:|1700852776\n|switch|p2a: Eternatus|Eternatus|100\/100\n|-ability|p2a: Eternatus|Pressure\n|turn|19\n|\n|t:|1700852797\n|-terastallize|p2a: Eternatus|Ground\n|move|p2a: Eternatus|Tera Blast|p1a: Calyrex|[anim] Tera Blast Ground\n|-damage|p1a: Calyrex|0 fnt\n|faint|p1a: Calyrex\n|\n|upkeep\n|\n|t:|1700852803\n|switch|p1a: Melmetal|Melmetal|100\/100\n|turn|20\n|\n|t:|1700852805\n|move|p2a: Eternatus|Tera Blast|p1a: Melmetal|[anim] Tera Blast Ground\n|-supereffective|p1a: Melmetal\n|-damage|p1a: Melmetal|0 fnt\n|faint|p1a: Melmetal\n|\n|upkeep\n|\n|t:|1700852809\n|switch|p1a: Marowak|Marowak-Alola, M|13\/100\n|turn|21\n|\n|t:|1700852812\n|move|p2a: Eternatus|Tera Blast|p1a: Marowak|[anim] Tera Blast Ground\n|-supereffective|p1a: Marowak\n|-damage|p1a: Marowak|0 fnt\n|faint|p1a: Marowak\n|\n|win|JustMonika_CARR\n|raw|faraodomangue's rating: 1572 &rarr; <strong>1547<\/strong><br \/>(-25 for losing)\n|raw|JustMonika_CARR's rating: 1483 &rarr; <strong>1508<\/strong><br \/>(+25 for winning)\n|c|\u2606JustMonika_CARR|Gg\n|l|\u2606faraodomangue\n","uploadtime":1700852826,"views":2,"p1id":"faraodomangue","p2id":"justmonikacarr","formatid":"gen9nationaldexubers","rating":1508,"private":0,"password":""}