{"id":"gen9nationaldexubers-1978278240","p1":"Tiny Rhino","p2":"alucs","format":"[Gen 9] National Dex Ubers","log":"|j|\u2606Tiny Rhino\n|j|\u2606alucs\n|t:|1698520128\n|gametype|singles\n|player|p1|Tiny Rhino|102|\n|player|p2|alucs|zossie|\n|teamsize|p1|4\n|teamsize|p2|4\n|gen|9\n|tier|[Gen 9] National Dex Ubers\n|rule|HP Percentage Mod: HP is shown in percentages\n|rule|Endless Battle Clause: Forcing endless battles is banned\n|rule|OHKO Clause: OHKO moves are banned\n|rule|Evasion Moves Clause: Evasion moves are banned\n|rule|Evasion Items Clause: Evasion items are banned\n|rule|Species Clause: Limit one of each Pok\u00e9mon\n|rule|Sleep Clause Mod: Limit one foe put to sleep\n|rule|Mega Rayquaza Clause: You cannot mega evolve Rayquaza\n|clearpoke\n|poke|p1|Gliscor, M|\n|poke|p1|Lopunny, M|\n|poke|p1|Quaquaval, F|\n|poke|p1|Melmetal|\n|poke|p2|Pawmot, M|\n|poke|p2|Trevenant, F|\n|poke|p2|Sigilyph, M|\n|poke|p2|Porygon-Z|\n|teampreview\n|inactive|Battle timer is ON: inactive players will automatically lose when time's up. (requested by alucs)\n|\n|t:|1698520143\n|start\n|switch|p1a: I CANT DANCE|Quaquaval, F|100\/100\n|switch|p2a: It's Blarmin Time|Porygon-Z, shiny|100\/100\n|turn|1\n|\n|t:|1698520157\n|switch|p1a: Totally not banded|Melmetal|100\/100\n|-zpower|p2a: It's Blarmin Time\n|move|p2a: It's Blarmin Time|Z-Conversion|p2a: It's Blarmin Time|[anim]Conversion\n|-boost|p2a: It's Blarmin Time|atk|1|[zeffect]\n|-boost|p2a: It's Blarmin Time|def|1|[zeffect]\n|-boost|p2a: It's Blarmin Time|spa|1|[zeffect]\n|-boost|p2a: It's Blarmin Time|spd|1|[zeffect]\n|-boost|p2a: It's Blarmin Time|spe|1|[zeffect]\n|-start|p2a: It's Blarmin Time|typechange|Electric\n|\n|upkeep\n|turn|2\n|c|\u2606alucs|Brrrrrr\n|c|\u2606Tiny Rhino|oh no\n|inactive|Tiny Rhino has 270 seconds left.\n|\n|t:|1698520191\n|move|p2a: It's Blarmin Time|Zap Cannon|p1a: Totally not banded\n|-damage|p1a: Totally not banded|0 fnt\n|faint|p1a: Totally not banded\n|\n|upkeep\n|inactive|Tiny Rhino has 270 seconds left.\n|c|\u2606alucs|BRRRR\n|\n|t:|1698520197\n|switch|p1a: Get Down!|Gliscor, M|100\/100\n|turn|3\n|\n|t:|1698520203\n|move|p1a: Get Down!|Protect|p1a: Get Down!\n|-singleturn|p1a: Get Down!|Protect\n|move|p2a: It's Blarmin Time|Psywave|p1a: Get Down!\n|-activate|p1a: Get Down!|move: Protect\n|\n|-status|p1a: Get Down!|tox|[from] item: Toxic Orb\n|upkeep\n|turn|4\n|c|\u2606alucs|Lol\n|\n|t:|1698520214\n|move|p2a: It's Blarmin Time|Psywave|p1a: Get Down!\n|-damage|p1a: Get Down!|58\/100 tox\n|move|p1a: Get Down!|Stealth Rock|p2a: It's Blarmin Time\n|-sidestart|p2: alucs|move: Stealth Rock\n|\n|-heal|p1a: Get Down!|71\/100 tox|[from] ability: Poison Heal\n|upkeep\n|turn|5\n|c|\u2606Tiny Rhino|!dt psywave\n|raw|<ul class=\"utilichart\"><li class=\"result\"><span class=\"col movenamecol\"><a href=\"https:\/\/dex.pokemonshowdown.com\/moves\/psywave\">Psywave<\/a><\/span> <span class=\"col typecol\"><img src=\"\/\/play.pokemonshowdown.com\/sprites\/types\/Psychic.png\" alt=\"Psychic\" width=\"32\" height=\"14\"><img src=\"\/\/play.pokemonshowdown.com\/sprites\/categories\/Special.png\" alt=\"Special\" width=\"32\" height=\"14\"><\/span> <span class=\"col widelabelcol\"><em>Accuracy<\/em><br>100%<\/span> <span class=\"col pplabelcol\"><em>PP<\/em><br>24<\/span> <span class=\"col movedesccol\">Random damage equal to 0.5x-1.5x user's level.<\/span> <\/li><li style=\"clear:both\"><\/li><\/ul>\n|raw|<font size=\"1\"><font color=\"#686868\">Priority:<\/font> 0&nbsp;|&ThickSpace;<font color=\"#686868\">Gen:<\/font> 1&nbsp;|&ThickSpace;&#10007; Past Gens Only&nbsp;|&ThickSpace;<font color=\"#686868\">Z-Power:<\/font> 100&nbsp;|&ThickSpace;<font color=\"#686868\">Dynamax Power:<\/font> 100&nbsp;|&ThickSpace;<font color=\"#686868\">Target:<\/font> One Adjacent Pok\u00e9mon<\/font>\n\n|inactive|Tiny Rhino has 270 seconds left.\n|\n|t:|1698520237\n|move|p1a: Get Down!|Protect|p1a: Get Down!\n|-singleturn|p1a: Get Down!|Protect\n|move|p2a: It's Blarmin Time|Psywave|p1a: Get Down!\n|-activate|p1a: Get Down!|move: Protect\n|\n|-heal|p1a: Get Down!|83\/100 tox|[from] ability: Poison Heal\n|upkeep\n|turn|6\n|\n|t:|1698520245\n|move|p2a: It's Blarmin Time|Psywave|p1a: Get Down!\n|-damage|p1a: Get Down!|48\/100 tox\n|move|p1a: Get Down!|Dig||[still]\n|-prepare|p1a: Get Down!|Dig\n|\n|-heal|p1a: Get Down!|61\/100 tox|[from] ability: Poison Heal\n|upkeep\n|turn|7\n|\n|t:|1698520252\n|move|p2a: It's Blarmin Time|Zap Cannon|p1a: Get Down!|[miss]\n|-miss|p2a: It's Blarmin Time|p1a: Get Down!\n|move|p1a: Get Down!|Dig|p2a: It's Blarmin Time|[from]lockedmove\n|-supereffective|p2a: It's Blarmin Time\n|-damage|p2a: It's Blarmin Time|37\/100\n|\n|-heal|p1a: Get Down!|73\/100 tox|[from] ability: Poison Heal\n|upkeep\n|turn|8\n|\n|t:|1698520262\n|move|p2a: It's Blarmin Time|Psywave|p1a: Get Down!\n|-damage|p1a: Get Down!|21\/100 tox\n|move|p1a: Get Down!|Dig||[still]\n|-prepare|p1a: Get Down!|Dig\n|\n|-heal|p1a: Get Down!|34\/100 tox|[from] ability: Poison Heal\n|upkeep\n|turn|9\n|\n|t:|1698520269\n|move|p2a: It's Blarmin Time|Recover|p2a: It's Blarmin Time\n|-heal|p2a: It's Blarmin Time|87\/100\n|move|p1a: Get Down!|Dig|p2a: It's Blarmin Time|[from]lockedmove\n|-supereffective|p2a: It's Blarmin Time\n|-damage|p2a: It's Blarmin Time|19\/100\n|\n|-heal|p1a: Get Down!|46\/100 tox|[from] ability: Poison Heal\n|upkeep\n|turn|10\n|\n|t:|1698520280\n|move|p1a: Get Down!|Protect|p1a: Get Down!\n|-singleturn|p1a: Get Down!|Protect\n|move|p2a: It's Blarmin Time|Recover|p2a: It's Blarmin Time\n|-heal|p2a: It's Blarmin Time|69\/100\n|\n|-heal|p1a: Get Down!|59\/100 tox|[from] ability: Poison Heal\n|upkeep\n|turn|11\n|\n|t:|1698520291\n|move|p2a: It's Blarmin Time|Psywave|p1a: Get Down!\n|-damage|p1a: Get Down!|36\/100 tox\n|move|p1a: Get Down!|Fling|p2a: It's Blarmin Time\n|-damage|p2a: It's Blarmin Time|60\/100\n|-status|p2a: It's Blarmin Time|tox\n|-enditem|p1a: Get Down!|Toxic Orb|[from] move: Fling\n|\n|-damage|p2a: It's Blarmin Time|54\/100 tox|[from] psn\n|-heal|p1a: Get Down!|48\/100 tox|[from] ability: Poison Heal\n|upkeep\n|turn|12\n|\n|t:|1698520301\n|move|p1a: Get Down!|Protect|p1a: Get Down!\n|-singleturn|p1a: Get Down!|Protect\n|move|p2a: It's Blarmin Time|Psywave|p1a: Get Down!\n|-activate|p1a: Get Down!|move: Protect\n|\n|-damage|p2a: It's Blarmin Time|42\/100 tox|[from] psn\n|-heal|p1a: Get Down!|61\/100 tox|[from] ability: Poison Heal\n|upkeep\n|turn|13\n|\n|t:|1698520311\n|move|p2a: It's Blarmin Time|Psywave|p1a: Get Down!\n|-damage|p1a: Get Down!|18\/100 tox\n|move|p1a: Get Down!|Dig||[still]\n|-prepare|p1a: Get Down!|Dig\n|\n|-damage|p2a: It's Blarmin Time|24\/100 tox|[from] psn\n|-heal|p1a: Get Down!|31\/100 tox|[from] ability: Poison Heal\n|upkeep\n|turn|14\n|\n|t:|1698520318\n|switch|p2a: Mouth Gap?|Trevenant, F|100\/100\n|-damage|p2a: Mouth Gap?|88\/100|[from] Stealth Rock\n|move|p1a: Get Down!|Dig|p2a: Mouth Gap?|[from]lockedmove\n|-resisted|p2a: Mouth Gap?\n|-damage|p2a: Mouth Gap?|75\/100\n|\n|-heal|p1a: Get Down!|43\/100 tox|[from] ability: Poison Heal\n|upkeep\n|turn|15\n|\n|t:|1698520326\n|move|p1a: Get Down!|Protect|p1a: Get Down!\n|-singleturn|p1a: Get Down!|Protect\n|move|p2a: Mouth Gap?|Leech Seed|p1a: Get Down!\n|-activate|p1a: Get Down!|move: Protect\n|\n|-heal|p1a: Get Down!|55\/100 tox|[from] ability: Poison Heal\n|upkeep\n|turn|16\n|inactive|Tiny Rhino has 270 seconds left.\n|\n|t:|1698520370\n|switch|p1a: I caught a pokemon|Lopunny, M|100\/100\n|move|p2a: Mouth Gap?|Leech Seed|p1a: I caught a pokemon\n|-start|p1a: I caught a pokemon|move: Leech Seed\n|\n|-damage|p1a: I caught a pokemon|88\/100|[from] Leech Seed|[of] p2a: Mouth Gap?\n|-heal|p2a: Mouth Gap?|84\/100|[silent]\n|upkeep\n|turn|17\n|\n|t:|1698520378\n|switch|p2a: It's Blarmin Time|Porygon-Z, shiny|24\/100 tox\n|-damage|p2a: It's Blarmin Time|11\/100 tox|[from] Stealth Rock\n|move|p1a: I caught a pokemon|U-turn|p2a: It's Blarmin Time\n|-damage|p2a: It's Blarmin Time|0 fnt\n|faint|p2a: It's Blarmin Time\n|\n|t:|1698520386\n|switch|p1a: I CANT DANCE|Quaquaval, F|100\/100|[from] U-turn\n|\n|upkeep\n|\n|t:|1698520391\n|switch|p2a: Heroes never die!|Pawmot, M|100\/100\n|-damage|p2a: Heroes never die!|94\/100|[from] Stealth Rock\n|turn|18\n|inactive|Tiny Rhino has 270 seconds left.\n|\n|t:|1698520430\n|move|p2a: Heroes never die!|Revival Blessing|p2a: Heroes never die!\n|-enditem|p2a: Heroes never die!|Leppa Berry|[eat]\n|-activate|p2a: Heroes never die!|item: Leppa Berry|Revival Blessing|[consumed]\n|\n|t:|1698520433\n|-heal|p2: It's Blarmin Time|50\/100|[from] move: Revival Blessing\n|move|p1a: I CANT DANCE|Aqua Step|p2a: Heroes never die!\n|-damage|p2a: Heroes never die!|40\/100\n|-boost|p1a: I CANT DANCE|spe|1\n|\n|upkeep\n|turn|19\n|\n|t:|1698520445\n|switch|p2a: Mouth Gap?|Trevenant, F|84\/100\n|-damage|p2a: Mouth Gap?|71\/100|[from] Stealth Rock\n|move|p1a: I CANT DANCE|Aqua Step|p2a: Mouth Gap?\n|-resisted|p2a: Mouth Gap?\n|-damage|p2a: Mouth Gap?|55\/100\n|-boost|p1a: I CANT DANCE|spe|1\n|\n|upkeep\n|turn|20\n|\n|t:|1698520454\n|move|p1a: I CANT DANCE|Ice Spinner|p2a: Mouth Gap?\n|-supereffective|p2a: Mouth Gap?\n|-damage|p2a: Mouth Gap?|16\/100\n|-enditem|p2a: Mouth Gap?|Sitrus Berry|[eat]\n|-heal|p2a: Mouth Gap?|41\/100|[from] item: Sitrus Berry\n|move|p2a: Mouth Gap?|Will-O-Wisp|p1a: I CANT DANCE\n|-status|p1a: I CANT DANCE|brn\n|\n|-damage|p1a: I CANT DANCE|94\/100 brn|[from] brn\n|-item|p2a: Mouth Gap?|Sitrus Berry|[from] ability: Harvest\n|upkeep\n|-enditem|p2a: Mouth Gap?|Sitrus Berry|[eat]\n|-heal|p2a: Mouth Gap?|66\/100|[from] item: Sitrus Berry\n|turn|21\n|\n|t:|1698520462\n|move|p1a: I CANT DANCE|Bulk Up|p1a: I CANT DANCE\n|-boost|p1a: I CANT DANCE|atk|1\n|-boost|p1a: I CANT DANCE|def|1\n|move|p2a: Mouth Gap?|Leech Seed|p1a: I CANT DANCE\n|-start|p1a: I CANT DANCE|move: Leech Seed\n|\n|-heal|p1a: I CANT DANCE|100\/100 brn|[from] item: Leftovers\n|-damage|p1a: I CANT DANCE|88\/100 brn|[from] Leech Seed|[of] p2a: Mouth Gap?\n|-heal|p2a: Mouth Gap?|76\/100|[silent]\n|-damage|p1a: I CANT DANCE|82\/100 brn|[from] brn\n|-item|p2a: Mouth Gap?|Sitrus Berry|[from] ability: Harvest\n|upkeep\n|turn|22\n|\n|t:|1698520477\n|move|p1a: I CANT DANCE|Bulk Up|p1a: I CANT DANCE\n|-boost|p1a: I CANT DANCE|atk|1\n|-boost|p1a: I CANT DANCE|def|1\n|move|p2a: Mouth Gap?|Shadow Claw|p1a: I CANT DANCE\n|-damage|p1a: I CANT DANCE|66\/100 brn\n|\n|-heal|p1a: I CANT DANCE|72\/100 brn|[from] item: Leftovers\n|-damage|p1a: I CANT DANCE|60\/100 brn|[from] Leech Seed|[of] p2a: Mouth Gap?\n|-heal|p2a: Mouth Gap?|86\/100|[silent]\n|-damage|p1a: I CANT DANCE|54\/100 brn|[from] brn\n|upkeep\n|turn|23\n|\n|t:|1698520489\n|move|p1a: I CANT DANCE|Bulk Up|p1a: I CANT DANCE\n|-boost|p1a: I CANT DANCE|atk|1\n|-boost|p1a: I CANT DANCE|def|1\n|move|p2a: Mouth Gap?|Shadow Claw|p1a: I CANT DANCE\n|-crit|p1a: I CANT DANCE\n|-damage|p1a: I CANT DANCE|2\/100 brn\n|\n|-heal|p1a: I CANT DANCE|8\/100 brn|[from] item: Leftovers\n|-damage|p1a: I CANT DANCE|0 fnt|[from] Leech Seed|[of] p2a: Mouth Gap?\n|-heal|p2a: Mouth Gap?|93\/100|[silent]\n|faint|p1a: I CANT DANCE\n|upkeep\n|c|\u2606Tiny Rhino|the crit!!!\n|inactive|Tiny Rhino has 240 seconds left.\n|\n|t:|1698520518\n|switch|p1a: I caught a pokemon|Lopunny, M|88\/100\n|turn|24\n|c|\u2606alucs|Lol I'm not 100% sure that mattered xD\n|\n|t:|1698520524\n|move|p1a: I caught a pokemon|U-turn|p2a: Mouth Gap?\n|-damage|p2a: Mouth Gap?|80\/100\n|inactive|Tiny Rhino has 240 seconds left.\n|c|\u2606Tiny Rhino|I doubt I got the win, but I think the chance I had is gone\n|\n|t:|1698520542\n|switch|p1a: Get Down!|Gliscor, M|55\/100 tox|[from] U-turn\n|move|p2a: Mouth Gap?|Will-O-Wisp||[still]\n|-fail|p2a: Mouth Gap?\n|\n|-heal|p1a: Get Down!|68\/100 tox|[from] ability: Poison Heal\n|upkeep\n|turn|25\n|inactive|Tiny Rhino has 240 seconds left.\n|\n|t:|1698520551\n|switch|p2a: Quag-B-Gone|Sigilyph, M, shiny|100\/100\n|move|p1a: Get Down!|Protect||[still]\n|-fail|p1a: Get Down!\n|\n|-heal|p1a: Get Down!|80\/100 tox|[from] ability: Poison Heal\n|upkeep\n|turn|26\n|\n|t:|1698520559\n|switch|p1a: I caught a pokemon|Lopunny, M|88\/100\n|move|p2a: Quag-B-Gone|Cosmic Power|p2a: Quag-B-Gone\n|-boost|p2a: Quag-B-Gone|def|1\n|-boost|p2a: Quag-B-Gone|spd|1\n|\n|upkeep\n|turn|27\n|\n|t:|1698520567\n|switch|p2a: Heroes never die!|Pawmot, M|40\/100\n|-damage|p2a: Heroes never die!|34\/100|[from] Stealth Rock\n|move|p1a: I caught a pokemon|Switcheroo|p2a: Heroes never die!\n|-activate|p1a: I caught a pokemon|move: Trick|[of] p2a: Heroes never die!\n|-item|p2a: Heroes never die!|Assault Vest|[from] move: Switcheroo\n|-enditem|p1a: I caught a pokemon|Assault Vest|[silent]|[from] move: Switcheroo\n|\n|upkeep\n|turn|28\n|\n|t:|1698520577\n|move|p2a: Heroes never die!|Double Shock|p1a: I caught a pokemon\n|-damage|p1a: I caught a pokemon|20\/100\n|-start|p2a: Heroes never die!|typechange|???\/Fighting|[from] move: Double Shock\n|move|p1a: I caught a pokemon|Return|p2a: Heroes never die!\n|-damage|p2a: Heroes never die!|0 fnt\n|faint|p2a: Heroes never die!\n|\n|upkeep\n|c|\u2606alucs|Gg\n|c|\u2606Tiny Rhino|gg\n|\n|t:|1698520587\n|switch|p2a: It's Blarmin Time|Porygon-Z, shiny|50\/100\n|-damage|p2a: It's Blarmin Time|38\/100|[from] Stealth Rock\n|turn|29\n|\n|t:|1698520594\n|move|p1a: I caught a pokemon|Close Combat|p2a: It's Blarmin Time\n|-supereffective|p2a: It's Blarmin Time\n|-damage|p2a: It's Blarmin Time|0 fnt\n|-unboost|p1a: I caught a pokemon|def|1\n|-unboost|p1a: I caught a pokemon|spd|1\n|faint|p2a: It's Blarmin Time\n|\n|upkeep\n|\n|t:|1698520600\n|switch|p2a: Mouth Gap?|Trevenant, F|80\/100\n|-damage|p2a: Mouth Gap?|67\/100|[from] Stealth Rock\n|turn|30\n|\n|t:|1698520607\n|move|p1a: I caught a pokemon|Switcheroo|p2a: Mouth Gap?\n|-activate|p1a: I caught a pokemon|move: Trick|[of] p2a: Mouth Gap?\n|-enditem|p2a: Mouth Gap?|Sitrus Berry|[silent]|[from] move: Switcheroo\n|-item|p1a: I caught a pokemon|Sitrus Berry|[from] move: Switcheroo\n|move|p2a: Mouth Gap?|Leech Seed|p1a: I caught a pokemon|[miss]\n|-miss|p2a: Mouth Gap?|p1a: I caught a pokemon\n|\n|upkeep\n|turn|31\n|inactive|Tiny Rhino has 270 seconds left.\n|\n|t:|1698520623\n|move|p1a: I caught a pokemon|U-turn|p2a: Mouth Gap?\n|-damage|p2a: Mouth Gap?|53\/100\n|\n|t:|1698520626\n|switch|p1a: Get Down!|Gliscor, M|80\/100 tox|[from] U-turn\n|move|p2a: Mouth Gap?|Leech Seed|p1a: Get Down!\n|-start|p1a: Get Down!|move: Leech Seed\n|\n|-damage|p1a: Get Down!|68\/100 tox|[from] Leech Seed|[of] p2a: Mouth Gap?\n|-heal|p2a: Mouth Gap?|63\/100|[silent]\n|-heal|p1a: Get Down!|80\/100 tox|[from] ability: Poison Heal\n|upkeep\n|turn|32\n|\n|t:|1698520635\n|switch|p1a: I caught a pokemon|Lopunny, M|20\/100\n|move|p2a: Mouth Gap?|Leech Seed|p1a: I caught a pokemon\n|-start|p1a: I caught a pokemon|move: Leech Seed\n|\n|-damage|p1a: I caught a pokemon|8\/100|[from] Leech Seed|[of] p2a: Mouth Gap?\n|-heal|p2a: Mouth Gap?|72\/100|[silent]\n|upkeep\n|turn|33\n|\n|t:|1698520644\n|move|p2a: Mouth Gap?|Protect|p2a: Mouth Gap?\n|-singleturn|p2a: Mouth Gap?|Protect\n|move|p1a: I caught a pokemon|U-turn|p2a: Mouth Gap?\n|-activate|p2a: Mouth Gap?|move: Protect\n|\n|-damage|p1a: I caught a pokemon|0 fnt|[from] Leech Seed|[of] p2a: Mouth Gap?\n|-heal|p2a: Mouth Gap?|78\/100|[silent]\n|faint|p1a: I caught a pokemon\n|upkeep\n|\n|t:|1698520649\n|switch|p1a: Get Down!|Gliscor, M|80\/100 tox\n|turn|34\n|c|\u2606Tiny Rhino|can't touch sigy, gg\n|c|\u2606alucs|You can't hit sigy yeah\n|c|\u2606alucs|Gg\n|-message|Tiny Rhino forfeited.\n|\n|win|alucs\n","uploadtime":1698520671,"views":17,"p1id":"tinyrhino","p2id":"alucs","formatid":"gen9nationaldexubers","rating":0,"private":0,"password":""}