{"id":"gen9nationaldexubers-1992552552","p1":"luiszaber","p2":"VerduOsane","format":"[Gen 9] National Dex Ubers","log":"|j|\u2606luiszaber\n|j|\u2606VerduOsane\n|t:|1700204432\n|gametype|singles\n|player|p1|luiszaber|wallace|1059\n|player|p2|VerduOsane|101|1114\n|teamsize|p1|6\n|teamsize|p2|6\n|gen|9\n|tier|[Gen 9] National Dex Ubers\n|rated|\n|rule|HP Percentage Mod: HP is shown in percentages\n|rule|Endless Battle Clause: Forcing endless battles is banned\n|rule|OHKO Clause: OHKO moves are banned\n|rule|Evasion Moves Clause: Evasion moves are banned\n|rule|Evasion Items Clause: Evasion items are banned\n|rule|Species Clause: Limit one of each Pok\u00e9mon\n|rule|Sleep Clause Mod: Limit one foe put to sleep\n|rule|Mega Rayquaza Clause: You cannot mega evolve Rayquaza\n|clearpoke\n|poke|p1|Weavile, M|\n|poke|p1|Scizor, F|\n|poke|p1|Landorus-Therian, M|\n|poke|p1|Rotom-Wash|\n|poke|p1|Gengar, F|\n|poke|p1|Kommo-o, M|\n|poke|p2|Xurkitree|\n|poke|p2|Rampardos, M|\n|poke|p2|Ninjask, M|\n|poke|p2|Mantine, F|\n|poke|p2|Chansey, F|\n|poke|p2|Cloyster, F|\n|teampreview\n|inactive|Battle timer is ON: inactive players will automatically lose when time's up. (requested by luiszaber)\n|\n|t:|1700204447\n|start\n|switch|p1a: Weavile|Weavile, M|100\/100\n|switch|p2a: Def|Cloyster, F|100\/100\n|-ability|p1a: Weavile|Pressure\n|turn|1\n|\n|t:|1700204456\n|move|p1a: Weavile|Night Slash|p2a: Def\n|-damage|p2a: Def|69\/100\n|move|p2a: Def|Shell Smash|p2a: Def\n|-unboost|p2a: Def|def|1\n|-unboost|p2a: Def|spd|1\n|-boost|p2a: Def|atk|2\n|-boost|p2a: Def|spa|2\n|-boost|p2a: Def|spe|2\n|-enditem|p2a: Def|White Herb\n|-clearnegativeboost|p2a: Def|[silent]\n|\n|upkeep\n|turn|2\n|\n|t:|1700204466\n|move|p1a: Weavile|Ice Shard|p2a: Def\n|-resisted|p2a: Def\n|-damage|p2a: Def|65\/100\n|move|p2a: Def|Pin Missile|p1a: Weavile|[miss]\n|-miss|p2a: Def|p1a: Weavile\n|\n|upkeep\n|turn|3\n|c|\u2606VerduOsane|I\u2019m gonna end myself, wtf\u2026\n|c|\u2606VerduOsane|\u201d95%\u201d my ass\n|inactive|VerduOsane has 120 seconds left.\n|\n|t:|1700204497\n|move|p2a: Def|Pin Missile|p1a: Weavile\n|-supereffective|p1a: Weavile\n|-damage|p1a: Weavile|51\/100\n|-supereffective|p1a: Weavile\n|-damage|p1a: Weavile|3\/100\n|-supereffective|p1a: Weavile\n|-damage|p1a: Weavile|0 fnt\n|faint|p1a: Weavile\n|-hitcount|p1: Weavile|3\n|\n|upkeep\n|\n|t:|1700204507\n|switch|p1a: Iron man|Scizor, F|100\/100\n|turn|4\n|\n|t:|1700204524\n|move|p2a: Def|Rock Blast|p1a: Iron man\n|-crit|p1a: Iron man\n|-damage|p1a: Iron man|80\/100\n|-damage|p1a: Iron man|67\/100\n|-damage|p1a: Iron man|52\/100\n|-damage|p1a: Iron man|39\/100\n|-damage|p1a: Iron man|24\/100\n|-hitcount|p1a: Iron man|5\n|move|p1a: Iron man|Swords Dance|p1a: Iron man\n|-boost|p1a: Iron man|atk|2\n|\n|-heal|p1a: Iron man|30\/100|[from] item: Leftovers\n|upkeep\n|turn|5\n|\n|t:|1700204531\n|move|p1a: Iron man|Bullet Punch|p2a: Def\n|-damage|p2a: Def|10\/100\n|move|p2a: Def|Rock Blast|p1a: Iron man\n|-damage|p1a: Iron man|16\/100\n|-damage|p1a: Iron man|2\/100\n|-damage|p1a: Iron man|0 fnt\n|faint|p1a: Iron man\n|-hitcount|p1: Iron man|3\n|\n|upkeep\n|c|\u2606luiszaber|Bruuuh\n|\n|t:|1700204545\n|switch|p1a: Gengar|Gengar, F|100\/100\n|turn|6\n|\n|t:|1700204551\n|move|p1a: Gengar|Shadow Ball|p2a: Def\n|-damage|p2a: Def|0 fnt\n|faint|p2a: Def\n|\n|upkeep\n|c|\u2606VerduOsane|well thanks for showing me the scarf\n|\n|t:|1700204565\n|switch|p2a: Hp|Chansey, F|100\/100\n|turn|7\n|\n|t:|1700204573\n|switch|p1a: Rotom|Rotom-Wash|100\/100\n|move|p2a: Hp|Stealth Rock|p1a: Rotom\n|-sidestart|p1: luiszaber|move: Stealth Rock\n|\n|upkeep\n|turn|8\n|\n|t:|1700204583\n|switch|p2a: Sp. Atk|Xurkitree, shiny|100\/100\n|move|p1a: Rotom|Will-O-Wisp|p2a: Sp. Atk\n|-status|p2a: Sp. Atk|brn\n|\n|-damage|p2a: Sp. Atk|94\/100 brn|[from] brn\n|upkeep\n|turn|9\n|\n|t:|1700204591\n|move|p1a: Rotom|Volt Switch|p2a: Sp. Atk\n|-resisted|p2a: Sp. Atk\n|-damage|p2a: Sp. Atk|72\/100 brn\n|\n|t:|1700204595\n|switch|p1a: Gengar|Gengar, F|100\/100|[from] Volt Switch\n|-damage|p1a: Gengar|88\/100|[from] Stealth Rock\n|-zpower|p2a: Sp. Atk\n|move|p2a: Sp. Atk|Z-Hypnosis|p1a: Gengar|[anim]Hypnosis\n|-boost|p2a: Sp. Atk|spe|1|[zeffect]\n|-status|p1a: Gengar|slp|[from] move: Hypnosis\n|\n|-damage|p2a: Sp. Atk|66\/100 brn|[from] brn\n|upkeep\n|turn|10\n|\n|t:|1700204609\n|switch|p1a: Rotom|Rotom-Wash|100\/100\n|-damage|p1a: Rotom|88\/100|[from] Stealth Rock\n|move|p2a: Sp. Atk|Thunderbolt|p1a: Rotom\n|-damage|p1a: Rotom|17\/100\n|\n|-damage|p2a: Sp. Atk|60\/100 brn|[from] brn\n|upkeep\n|turn|11\n|\n|t:|1700204612\n|move|p2a: Sp. Atk|Energy Ball|p1a: Rotom\n|-supereffective|p1a: Rotom\n|-damage|p1a: Rotom|0 fnt\n|faint|p1a: Rotom\n|-ability|p2a: Sp. Atk|Beast Boost|boost\n|-boost|p2a: Sp. Atk|spa|1\n|\n|-damage|p2a: Sp. Atk|54\/100 brn|[from] brn\n|upkeep\n|\n|t:|1700204616\n|switch|p1a: Landorus|Landorus-Therian, M|100\/100\n|-damage|p1a: Landorus|88\/100|[from] Stealth Rock\n|-ability|p1a: Landorus|Intimidate|boost\n|-unboost|p2a: Sp. Atk|atk|1\n|turn|12\n|\n|t:|1700204630\n|move|p2a: Sp. Atk|Energy Ball|p1a: Landorus\n|-damage|p1a: Landorus|16\/100\n|move|p1a: Landorus|Earthquake|p2a: Sp. Atk\n|-supereffective|p2a: Sp. Atk\n|-damage|p2a: Sp. Atk|0 fnt\n|faint|p2a: Sp. Atk\n|\n|upkeep\n|\n|t:|1700204643\n|switch|p2a: Sp. Def|Mantine, F|100\/100\n|turn|13\n|\n|t:|1700204652\n|move|p1a: Landorus|Fly||[still]\n|-prepare|p1a: Landorus|Fly\n|move|p2a: Sp. Def|Scald|p1a: Landorus|[miss]\n|-miss|p2a: Sp. Def|p1a: Landorus\n|\n|upkeep\n|turn|14\n|\n|t:|1700204660\n|move|p1a: Landorus|Fly|p2a: Sp. Def|[from]lockedmove\n|-damage|p2a: Sp. Def|41\/100\n|move|p2a: Sp. Def|Ice Beam|p1a: Landorus\n|-supereffective|p1a: Landorus\n|-damage|p1a: Landorus|0 fnt\n|faint|p1a: Landorus\n|\n|upkeep\n|\n|t:|1700204666\n|switch|p1a: Gengar|Gengar, F|88\/100 slp\n|-damage|p1a: Gengar|76\/100 slp|[from] Stealth Rock\n|turn|15\n|\n|t:|1700204670\n|cant|p1a: Gengar|slp\n|move|p2a: Sp. Def|Hidden Power|p1a: Gengar\n|-supereffective|p1a: Gengar\n|-damage|p1a: Gengar|22\/100 slp\n|\n|upkeep\n|turn|16\n|\n|t:|1700204675\n|cant|p1a: Gengar|slp\n|move|p2a: Sp. Def|Hidden Power|p1a: Gengar\n|-supereffective|p1a: Gengar\n|-damage|p1a: Gengar|0 fnt\n|-start|p2a: Sp. Def|Disable|Hidden Power|[from] ability: Cursed Body|[of] p1a: Gengar\n|faint|p1a: Gengar\n|\n|upkeep\n|\n|t:|1700204677\n|switch|p1a: Kommo-o|Kommo-o, M|100\/100\n|-damage|p1a: Kommo-o|94\/100|[from] Stealth Rock\n|turn|17\n|\n|t:|1700204685\n|move|p1a: Kommo-o|Clangorous Soul|p1a: Kommo-o\n|-boost|p1a: Kommo-o|atk|1\n|-boost|p1a: Kommo-o|def|1\n|-boost|p1a: Kommo-o|spa|1\n|-boost|p1a: Kommo-o|spd|1\n|-boost|p1a: Kommo-o|spe|1\n|-damage|p1a: Kommo-o|61\/100\n|move|p2a: Sp. Def|Ice Beam|p1a: Kommo-o\n|-supereffective|p1a: Kommo-o\n|-damage|p1a: Kommo-o|20\/100\n|\n|upkeep\n|turn|18\n|\n|t:|1700204695\n|move|p1a: Kommo-o|Clanging Scales|p2a: Sp. Def\n|-damage|p2a: Sp. Def|0 fnt\n|faint|p2a: Sp. Def\n|-unboost|p1a: Kommo-o|def|1\n|-damage|p1a: Kommo-o|10\/100|[from] item: Life Orb\n|\n|upkeep\n|\n|t:|1700204702\n|switch|p2a: Speed|Ninjask, M|100\/100\n|turn|19\n|\n|t:|1700204706\n|-terastallize|p1a: Kommo-o|Dragon\n|move|p2a: Speed|Protect|p2a: Speed\n|-singleturn|p2a: Speed|Protect\n|move|p1a: Kommo-o|Drain Punch|p2a: Speed\n|-activate|p2a: Speed|move: Protect\n|\n|-ability|p2a: Speed|Speed Boost|boost\n|-boost|p2a: Speed|spe|1\n|upkeep\n|turn|20\n|\n|t:|1700204721\n|move|p2a: Speed|Dual Wingbeat|p1a: Kommo-o\n|-damage|p1a: Kommo-o|0 fnt\n|faint|p1a: Kommo-o\n|-hitcount|p1: Kommo-o|1\n|\n|win|VerduOsane\n|raw|luiszaber's rating: 1059 &rarr; <strong>1043<\/strong><br \/>(-16 for losing)\n|raw|VerduOsane's rating: 1114 &rarr; <strong>1135<\/strong><br \/>(+21 for winning)\n|l|\u2606luiszaber\n","uploadtime":1700204749,"views":7,"p1id":"luiszaber","p2id":"verduosane","formatid":"gen9nationaldexubers","rating":1043,"private":0,"password":""}