{"id":"gen9nationaldexubers-1997790190","p1":"damsion","p2":"21xmarzena","format":"[Gen 9] National Dex Ubers","log":"|j|\u2606damsion\n|j|\u260621xmarzena\n|t:|1700852964\n|gametype|singles\n|player|p1|damsion|scientist|1084\n|player|p2|21xmarzena|cynthia-masters2|1043\n|teamsize|p1|6\n|teamsize|p2|2\n|gen|9\n|tier|[Gen 9] National Dex Ubers\n|rated|\n|rule|HP Percentage Mod: HP is shown in percentages\n|rule|Endless Battle Clause: Forcing endless battles is banned\n|rule|OHKO Clause: OHKO moves are banned\n|rule|Evasion Moves Clause: Evasion moves are banned\n|rule|Evasion Items Clause: Evasion items are banned\n|rule|Species Clause: Limit one of each Pok\u00e9mon\n|rule|Sleep Clause Mod: Limit one foe put to sleep\n|rule|Mega Rayquaza Clause: You cannot mega evolve Rayquaza\n|clearpoke\n|poke|p1|Groudon|\n|poke|p1|Mr. Mime, M|\n|poke|p1|Zekrom|\n|poke|p1|Charizard, F|\n|poke|p1|Vanilluxe, F|\n|poke|p1|Samurott-Hisui, F|\n|poke|p2|Azumarill, F|\n|poke|p2|Mimikyu, F|\n|teampreview\n|inactive|Battle timer is ON: inactive players will automatically lose when time's up. (requested by 21xmarzena)\n|\n|t:|1700852973\n|start\n|switch|p1a: Mr. Mime|Mr. Mime, M|100\/100\n|switch|p2a: Azumarill|Azumarill, F|100\/100\n|turn|1\n|\n|t:|1700852978\n|move|p1a: Mr. Mime|Fake Out|p2a: Azumarill\n|-damage|p2a: Azumarill|93\/100\n|cant|p2a: Azumarill|flinch\n|\n|upkeep\n|turn|2\n|\n|t:|1700852984\n|move|p1a: Mr. Mime|Mud-Slap|p2a: Azumarill\n|-damage|p2a: Azumarill|86\/100\n|-unboost|p2a: Azumarill|accuracy|1\n|move|p2a: Azumarill|Perish Song|p2a: Azumarill\n|-start|p1a: Mr. Mime|perish3|[silent]\n|-start|p2a: Azumarill|perish3|[silent]\n|-fieldactivate|move: Perish Song\n|\n|-start|p1a: Mr. Mime|perish3\n|-start|p2a: Azumarill|perish3\n|upkeep\n|turn|3\n|\n|t:|1700852996\n|switch|p1a: Groudon|Groudon|100\/100\n|detailschange|p1a: Groudon|Groudon-Primal\n|-primal|p1a: Groudon|Red Orb\n|-weather|DesolateLand|[from] ability: Desolate Land|[of] p1a: Groudon\n|move|p2a: Azumarill|Whirlpool||[still]\n|-fail|p2a: Azumarill|Whirlpool|[from] Desolate Land\n|\n|-weather|DesolateLand|[upkeep]\n|-start|p2a: Azumarill|perish2\n|upkeep\n|turn|4\n|\n|t:|1700853005\n|move|p2a: Azumarill|Protect|p2a: Azumarill\n|-singleturn|p2a: Azumarill|Protect\n|move|p1a: Groudon|Solar Beam||[still]\n|-prepare|p1a: Groudon|Solar Beam\n|-anim|p1a: Groudon|Solar Beam|p2a: Azumarill\n|-activate|p2a: Azumarill|move: Protect\n|\n|-weather|DesolateLand|[upkeep]\n|-start|p2a: Azumarill|perish1\n|upkeep\n|turn|5\n|\n|t:|1700853014\n|move|p1a: Groudon|Thunderbolt|p2a: Azumarill\n|-supereffective|p2a: Azumarill\n|-damage|p2a: Azumarill|36\/100\n|move|p2a: Azumarill|Belly Drum||[still]\n|-fail|p2a: Azumarill\n|\n|-weather|DesolateLand|[upkeep]\n|-start|p2a: Azumarill|perish0\n|upkeep\n|faint|p2a: Azumarill\n|\n|t:|1700853020\n|switch|p2a: Mimikyu|Mimikyu, F|100\/100\n|turn|6\n|\n|t:|1700853024\n|move|p2a: Mimikyu|Copycat|p2a: Mimikyu\n|move|p2a: Mimikyu|Belly Drum|p2a: Mimikyu|[from]move: Copycat\n|-damage|p2a: Mimikyu|51\/100\n|-setboost|p2a: Mimikyu|atk|6|[from] move: Belly Drum\n|move|p1a: Groudon|Thunderbolt|p2a: Mimikyu\n|-activate|p2a: Mimikyu|ability: Disguise\n|-damage|p2a: Mimikyu|51\/100\n|detailschange|p2a: Mimikyu|Mimikyu-Busted, F\n|-damage|p2a: Mimikyu|38\/100|[from] pokemon: Mimikyu-Busted\n|\n|-weather|DesolateLand|[upkeep]\n|upkeep\n|turn|7\n|\n|t:|1700853035\n|move|p2a: Mimikyu|Drain Punch|p1a: Groudon\n|-damage|p1a: Groudon|40\/100\n|-heal|p2a: Mimikyu|83\/100|[from] drain|[of] p1a: Groudon\n|-damage|p2a: Mimikyu|73\/100|[from] item: Life Orb\n|move|p1a: Groudon|Precipice Blades|p2a: Mimikyu|[miss]\n|-miss|p1a: Groudon|p2a: Mimikyu\n|\n|-weather|DesolateLand|[upkeep]\n|upkeep\n|turn|8\n|\n|t:|1700853050\n|-weather|none\n|switch|p1a: Samurott|Samurott-Hisui, F|100\/100\n|move|p2a: Mimikyu|Drain Punch|p1a: Samurott\n|-supereffective|p1a: Samurott\n|-damage|p1a: Samurott|0 fnt\n|-heal|p2a: Mimikyu|100\/100|[from] drain|[of] p1a: Samurott\n|faint|p1a: Samurott\n|-damage|p2a: Mimikyu|91\/100|[from] item: Life Orb\n|\n|upkeep\n|\n|t:|1700853060\n|switch|p1a: Vanilluxe|Vanilluxe, F|100\/100\n|-weather|Snow|[from] ability: Snow Warning|[of] p1a: Vanilluxe\n|turn|9\n|\n|t:|1700853064\n|move|p2a: Mimikyu|Drain Punch|p1a: Vanilluxe\n|-supereffective|p1a: Vanilluxe\n|-damage|p1a: Vanilluxe|0 fnt\n|-heal|p2a: Mimikyu|100\/100|[from] drain|[of] p1a: Vanilluxe\n|faint|p1a: Vanilluxe\n|-damage|p2a: Mimikyu|91\/100|[from] item: Life Orb\n|\n|-weather|Snow|[upkeep]\n|upkeep\n|\n|t:|1700853078\n|switch|p1a: Mr. Mime|Mr. Mime, M|100\/100\n|turn|10\n|\n|t:|1700853081\n|move|p2a: Mimikyu|Shadow Sneak|p1a: Mr. Mime\n|-supereffective|p1a: Mr. Mime\n|-damage|p1a: Mr. Mime|0 fnt\n|faint|p1a: Mr. Mime\n|-damage|p2a: Mimikyu|81\/100|[from] item: Life Orb\n|\n|-weather|Snow|[upkeep]\n|upkeep\n|\n|t:|1700853088\n|switch|p1a: Charizard|Charizard, F|100\/100\n|turn|11\n|\n|t:|1700853097\n|detailschange|p1a: Charizard|Charizard-Mega-X, F\n|-mega|p1a: Charizard|Charizard|Charizardite X\n|move|p2a: Mimikyu|Shadow Sneak|p1a: Charizard\n|-damage|p1a: Charizard|21\/100\n|-damage|p2a: Mimikyu|71\/100|[from] item: Life Orb\n|move|p1a: Charizard|Acrobatics|p2a: Mimikyu\n|-damage|p2a: Mimikyu|30\/100\n|\n|-weather|Snow|[upkeep]\n|upkeep\n|turn|12\n|\n|t:|1700853106\n|move|p2a: Mimikyu|Shadow Sneak|p1a: Charizard\n|-damage|p1a: Charizard|0 fnt\n|faint|p1a: Charizard\n|-damage|p2a: Mimikyu|20\/100|[from] item: Life Orb\n|\n|-weather|Snow|[upkeep]\n|upkeep\n|\n|t:|1700853112\n|switch|p1a: Zekrom|Zekrom|100\/100\n|-ability|p1a: Zekrom|Teravolt\n|-item|p1a: Zekrom|Air Balloon\n|turn|13\n|\n|t:|1700853121\n|-terastallize|p2a: Mimikyu|Fairy\n|-terastallize|p1a: Zekrom|Fairy\n|move|p2a: Mimikyu|Tera Blast|p1a: Zekrom|[anim] Tera Blast Fairy\n|-damage|p1a: Zekrom|0 fnt\n|-enditem|p1a: Zekrom|Air Balloon\n|faint|p1a: Zekrom\n|-damage|p2a: Mimikyu|10\/100|[from] item: Life Orb\n|\n|-weather|none\n|upkeep\n|\n|t:|1700853130\n|switch|p1a: Groudon|Groudon-Primal|40\/100\n|-weather|DesolateLand|[from] ability: Desolate Land|[of] p1a: Groudon\n|turn|14\n|c|\u260621xmarzena|uhm\n|\n|t:|1700853136\n|move|p2a: Mimikyu|Drain Punch|p1a: Groudon\n|-damage|p1a: Groudon|0 fnt\n|-heal|p2a: Mimikyu|40\/100|[from] drain|[of] p1a: Groudon\n|faint|p1a: Groudon\n|-weather|none\n|-damage|p2a: Mimikyu|30\/100|[from] item: Life Orb\n|\n|win|21xmarzena\n|raw|damsion's rating: 1084 &rarr; <strong>1059<\/strong><br \/>(-25 for losing)\n|raw|21xmarzena's rating: 1043 &rarr; <strong>1080<\/strong><br \/>(+37 for winning)\n|c|\u260621xmarzena|gg\n|l|\u2606damsion\n","uploadtime":1700853148,"views":3,"p1id":"damsion","p2id":"21xmarzena","formatid":"gen9nationaldexubers","rating":1059,"private":0,"password":""}