{"id":"gen9nationaldexubers-1987971731","p1":"GoianoReidoKuduro","p2":"getrektunub","format":"[Gen 9] National Dex Ubers","log":"|j|\u2606GoianoReidoKuduro\n|j|\u2606getrektunub\n|t:|1699654587\n|gametype|singles\n|player|p1|GoianoReidoKuduro|170|1069\n|player|p2|getrektunub|serena-masters2|1053\n|teamsize|p1|6\n|teamsize|p2|6\n|gen|9\n|tier|[Gen 9] National Dex Ubers\n|rated|\n|rule|HP Percentage Mod: HP is shown in percentages\n|rule|Endless Battle Clause: Forcing endless battles is banned\n|rule|OHKO Clause: OHKO moves are banned\n|rule|Evasion Moves Clause: Evasion moves are banned\n|rule|Evasion Items Clause: Evasion items are banned\n|rule|Species Clause: Limit one of each Pok\u00e9mon\n|rule|Sleep Clause Mod: Limit one foe put to sleep\n|rule|Mega Rayquaza Clause: You cannot mega evolve Rayquaza\n|clearpoke\n|poke|p1|Necrozma-Dawn-Wings|\n|poke|p1|Calyrex-Ice|\n|poke|p1|Porygon2|\n|poke|p1|Dialga-Origin|\n|poke|p1|Hoopa-Unbound|\n|poke|p1|Melmetal|\n|poke|p2|Phione|\n|poke|p2|Regidrago|\n|poke|p2|Garganacl, M|\n|poke|p2|Kricketune, M|\n|poke|p2|Falinks|\n|poke|p2|Dragapult, F|\n|teampreview\n|inactive|Battle timer is ON: inactive players will automatically lose when time's up. (requested by getrektunub)\n|\n|t:|1699654600\n|start\n|switch|p1a: Hoopa|Hoopa-Unbound|100\/100\n|switch|p2a: Churp Churp mf|Kricketune, M, shiny|100\/100\n|turn|1\n|\n|t:|1699654608\n|move|p2a: Churp Churp mf|Sticky Web|p1a: Hoopa\n|-sidestart|p1: GoianoReidoKuduro|move: Sticky Web\n|move|p1a: Hoopa|Trick Room|p1a: Hoopa\n|-fieldstart|move: Trick Room|[of] p1a: Hoopa\n|\n|upkeep\n|turn|2\n|\n|t:|1699654628\n|switch|p1a: Melmetal|Melmetal|100\/100\n|-activate|p1a: Melmetal|move: Sticky Web\n|-unboost|p1a: Melmetal|spe|1\n|move|p2a: Churp Churp mf|Bug Bite|p1a: Melmetal\n|-resisted|p1a: Melmetal\n|-damage|p1a: Melmetal|90\/100\n|\n|upkeep\n|turn|3\n|\n|t:|1699654641\n|move|p1a: Melmetal|Double Iron Bash|p2a: Churp Churp mf\n|-damage|p2a: Churp Churp mf|6\/100\n|-damage|p2a: Churp Churp mf|0 fnt\n|faint|p2a: Churp Churp mf\n|-hitcount|p2: Churp Churp mf|2\n|-damage|p1a: Melmetal|80\/100|[from] item: Life Orb\n|\n|upkeep\n|\n|t:|1699654661\n|switch|p2a: Salty :)|Garganacl, M, shiny|100\/100\n|turn|4\n|\n|t:|1699654667\n|move|p1a: Melmetal|Earthquake|p2a: Salty :)\n|-supereffective|p2a: Salty :)\n|-damage|p2a: Salty :)|28\/100\n|-damage|p1a: Melmetal|70\/100|[from] item: Life Orb\n|move|p2a: Salty :)|Earthquake|p1a: Melmetal\n|-supereffective|p1a: Melmetal\n|-damage|p1a: Melmetal|40\/100\n|\n|upkeep\n|turn|5\n|\n|t:|1699654678\n|move|p1a: Melmetal|Earthquake|p2a: Salty :)\n|-supereffective|p2a: Salty :)\n|-damage|p2a: Salty :)|0 fnt\n|faint|p2a: Salty :)\n|-damage|p1a: Melmetal|30\/100|[from] item: Life Orb\n|\n|-fieldend|move: Trick Room\n|upkeep\n|\n|t:|1699654687\n|switch|p2a: Shooting Kids|Dragapult, F, shiny|100\/100\n|turn|6\n|\n|t:|1699654694\n|switch|p1a: Porygon2|Porygon2|100\/100\n|-activate|p1a: Porygon2|move: Sticky Web\n|-unboost|p1a: Porygon2|spe|1\n|-ability|p1a: Porygon2|Clear Body|[from] ability: Trace|[of] p2a: Shooting Kids\n|move|p2a: Shooting Kids|Dragon Dance|p2a: Shooting Kids\n|-boost|p2a: Shooting Kids|atk|1\n|-boost|p2a: Shooting Kids|spe|1\n|\n|upkeep\n|turn|7\n|\n|t:|1699654705\n|move|p2a: Shooting Kids|Dragon Darts|p1a: Porygon2\n|-damage|p1a: Porygon2|74\/100\n|-anim|p2a: Shooting Kids|Dragon Darts|p1a: Porygon2\n|-damage|p1a: Porygon2|44\/100\n|move|p1a: Porygon2|Trick Room|p1a: Porygon2\n|-fieldstart|move: Trick Room|[of] p1a: Porygon2\n|\n|upkeep\n|turn|8\n|\n|t:|1699654713\n|move|p1a: Porygon2|Ice Beam|p2a: Shooting Kids\n|-supereffective|p2a: Shooting Kids\n|-damage|p2a: Shooting Kids|43\/100\n|move|p2a: Shooting Kids|Dragon Darts|p1a: Porygon2\n|-damage|p1a: Porygon2|17\/100\n|-anim|p2a: Shooting Kids|Dragon Darts|p1a: Porygon2\n|-damage|p1a: Porygon2|0 fnt\n|faint|p1a: Porygon2\n|\n|upkeep\n|\n|t:|1699654720\n|switch|p1a: Melmetal|Melmetal|30\/100\n|-activate|p1a: Melmetal|move: Sticky Web\n|-unboost|p1a: Melmetal|spe|1\n|turn|9\n|\n|t:|1699654726\n|switch|p2a: Manaphy sister|Phione, shiny|100\/100\n|move|p1a: Melmetal|Ice Punch|p2a: Manaphy sister\n|-resisted|p2a: Manaphy sister\n|-damage|p2a: Manaphy sister|66\/100\n|-damage|p1a: Melmetal|20\/100|[from] item: Life Orb\n|\n|upkeep\n|turn|10\n|\n|t:|1699654735\n|move|p1a: Melmetal|Thunder Punch|p2a: Manaphy sister\n|-supereffective|p2a: Manaphy sister\n|-damage|p2a: Manaphy sister|0 fnt\n|faint|p2a: Manaphy sister\n|-damage|p1a: Melmetal|10\/100|[from] item: Life Orb\n|\n|upkeep\n|c|\u2606getrektunub|trick room loser\n|\n|t:|1699654746\n|switch|p2a: READY SOLDIERS?|Falinks, shiny|100\/100\n|turn|11\n|\n|t:|1699654760\n|move|p1a: Melmetal|Earthquake|p2a: READY SOLDIERS?\n|-damage|p2a: READY SOLDIERS?|44\/100\n|-damage|p1a: Melmetal|0 fnt|[from] item: Life Orb\n|faint|p1a: Melmetal\n|move|p2a: READY SOLDIERS?|No Retreat|p2a: READY SOLDIERS?\n|-boost|p2a: READY SOLDIERS?|atk|1\n|-boost|p2a: READY SOLDIERS?|def|1\n|-boost|p2a: READY SOLDIERS?|spa|1\n|-boost|p2a: READY SOLDIERS?|spd|1\n|-boost|p2a: READY SOLDIERS?|spe|1\n|-start|p2a: READY SOLDIERS?|move: No Retreat\n|\n|-fieldend|move: Trick Room\n|upkeep\n|\n|t:|1699654773\n|switch|p1a: Hoopa|Hoopa-Unbound|100\/100\n|-activate|p1a: Hoopa|move: Sticky Web\n|-unboost|p1a: Hoopa|spe|1\n|turn|12\n|c|\u2606GoianoReidoKuduro|cry baby\n|c|\u2606GoianoReidoKuduro|cry\n|\n|t:|1699654792\n|move|p2a: READY SOLDIERS?|Close Combat|p1a: Hoopa\n|-damage|p1a: Hoopa|0 fnt\n|-unboost|p2a: READY SOLDIERS?|def|1\n|-unboost|p2a: READY SOLDIERS?|spd|1\n|faint|p1a: Hoopa\n|\n|upkeep\n|c|\u2606getrektunub|nah\n|\n|t:|1699654806\n|switch|p1a: Dialga|Dialga-Origin|100\/100\n|-activate|p1a: Dialga|move: Sticky Web\n|-unboost|p1a: Dialga|spe|1\n|-ability|p1a: Dialga|Pressure\n|turn|13\n|c|\u2606getrektunub|coming from a full uber team is crazy\n|\n|t:|1699654814\n|move|p2a: READY SOLDIERS?|Close Combat|p1a: Dialga\n|-supereffective|p1a: Dialga\n|-damage|p1a: Dialga|0 fnt\n|-unboost|p2a: READY SOLDIERS?|def|1\n|-unboost|p2a: READY SOLDIERS?|spd|1\n|faint|p1a: Dialga\n|\n|upkeep\n|c|\u2606getrektunub|lmao\n|c|\u2606getrektunub|cry baby\n|c|\u2606getrektunub|cry\n|\n|t:|1699654822\n|switch|p1a: Necrozma|Necrozma-Dawn-Wings|100\/100\n|-activate|p1a: Necrozma|move: Sticky Web\n|-unboost|p1a: Necrozma|spe|1\n|turn|14\n|\n|t:|1699654827\n|move|p2a: READY SOLDIERS?|Knock Off|p1a: Necrozma\n|-supereffective|p1a: Necrozma\n|-damage|p1a: Necrozma|0 fnt\n|-enditem|p1a: Necrozma|Power Herb|[from] move: Knock Off|[of] p2a: READY SOLDIERS?\n|faint|p1a: Necrozma\n|\n|upkeep\n|\n|t:|1699654833\n|switch|p1a: Calyrex|Calyrex-Ice|100\/100\n|-ability|p1a: Calyrex|As One\n|-ability|p1a: Calyrex|Unnerve\n|-activate|p1a: Calyrex|move: Sticky Web\n|-unboost|p1a: Calyrex|spe|1\n|turn|15\n|\n|t:|1699654839\n|move|p2a: READY SOLDIERS?|Close Combat|p1a: Calyrex\n|-damage|p1a: Calyrex|53\/100\n|-unboost|p2a: READY SOLDIERS?|def|1\n|-unboost|p2a: READY SOLDIERS?|spd|1\n|move|p1a: Calyrex|High Horsepower|p2a: READY SOLDIERS?\n|-damage|p2a: READY SOLDIERS?|0 fnt\n|faint|p2a: READY SOLDIERS?\n|-ability|p1a: Calyrex|Chilling Neigh|boost\n|-boost|p1a: Calyrex|atk|1\n|\n|upkeep\n|\n|t:|1699654844\n|switch|p2a: Shooting Kids|Dragapult, F, shiny|43\/100\n|turn|16\n|\n|t:|1699654849\n|-terastallize|p2a: Shooting Kids|Dragon\n|move|p2a: Shooting Kids|Dragon Darts|p1a: Calyrex\n|-damage|p1a: Calyrex|30\/100\n|-anim|p2a: Shooting Kids|Dragon Darts|p1a: Calyrex\n|-damage|p1a: Calyrex|9\/100\n|move|p1a: Calyrex|High Horsepower|p2a: Shooting Kids\n|-damage|p2a: Shooting Kids|0 fnt\n|faint|p2a: Shooting Kids\n|-ability|p1a: Calyrex|Chilling Neigh|boost\n|-boost|p1a: Calyrex|atk|1\n|\n|upkeep\n|\n|t:|1699654854\n|switch|p2a: 25\u00a2 Gumball|Regidrago, shiny|100\/100\n|turn|17\n|c|\u2606getrektunub|cry\n|c|\u2606getrektunub|ez\n|c|\u2606getrektunub|ez\n|c|\u2606getrektunub|ez\n|c|\u2606getrektunub|ez\n|\n|t:|1699654861\n|move|p2a: 25\u00a2 Gumball|Dragon Energy|p1a: Calyrex\n|-damage|p1a: Calyrex|0 fnt\n|faint|p1a: Calyrex\n|\n|win|getrektunub\n|raw|GoianoReidoKuduro's rating: 1069 &rarr; <strong>1048<\/strong><br \/>(-21 for losing)\n|raw|getrektunub's rating: 1053 &rarr; <strong>1087<\/strong><br \/>(+34 for winning)\n|c|\u2606getrektunub|e\n|c|\u2606getrektunub|ze\n|c|\u2606getrektunub|ze\n|c|\u2606getrektunub|ez\n|l|\u2606GoianoReidoKuduro\n|c|\u2606getrektunub|cry baby\n|c|\u2606getrektunub|cry\n|c|\u2606getrektunub|LMAO\n","uploadtime":1699654874,"views":4,"p1id":"goianoreidokuduro","p2id":"getrektunub","formatid":"gen9nationaldexubers","rating":1048,"private":0,"password":""}