{"id":"gen9nationaldexubers-1978197948","p1":"rggef","p2":"85792195wwww","format":"[Gen 9] National Dex Ubers","log":"|j|\u2606rggef\n|j|\u203d85792195wwww\n|t:|1698511638\n|gametype|singles\n|player|p1|rggef|169|1616\n|player|p2|85792195wwww|lady|1809\n|teamsize|p1|6\n|teamsize|p2|6\n|gen|9\n|tier|[Gen 9] National Dex Ubers\n|rated|\n|rule|HP Percentage Mod: HP is shown in percentages\n|rule|Endless Battle Clause: Forcing endless battles is banned\n|rule|OHKO Clause: OHKO moves are banned\n|rule|Evasion Moves Clause: Evasion moves are banned\n|rule|Evasion Items Clause: Evasion items are banned\n|rule|Species Clause: Limit one of each Pok\u00e9mon\n|rule|Sleep Clause Mod: Limit one foe put to sleep\n|rule|Mega Rayquaza Clause: You cannot mega evolve Rayquaza\n|clearpoke\n|poke|p1|Roaring Moon|\n|poke|p1|Xerneas-*|\n|poke|p1|Kyogre|\n|poke|p1|Melmetal|\n|poke|p1|Kingambit, F|\n|poke|p1|Zekrom|\n|poke|p2|Calyrex-Ice|\n|poke|p2|Groudon|\n|poke|p2|Krookodile, M|\n|poke|p2|Xerneas-*|\n|poke|p2|Zacian-*|\n|poke|p2|Arceus|\n|teampreview\n|\n|t:|1698511650\n|start\n|switch|p1a: Roaring Moon|Roaring Moon|100\/100\n|switch|p2a: Krookodile|Krookodile, M|100\/100\n|-ability|p2a: Krookodile|Intimidate|boost\n|-unboost|p1a: Roaring Moon|atk|1\n|-enditem|p1a: Roaring Moon|Booster Energy\n|-activate|p1a: Roaring Moon|ability: Protosynthesis|[fromitem]\n|-start|p1a: Roaring Moon|protosynthesisspe\n|turn|1\n|inactive|Battle timer is ON: inactive players will automatically lose when time's up. (requested by rggef)\n|\n|t:|1698511663\n|move|p1a: Roaring Moon|Taunt|p2a: Krookodile\n|-start|p2a: Krookodile|move: Taunt\n|cant|p2a: Krookodile|move: Taunt|Stealth Rock\n|\n|upkeep\n|turn|2\n|\n|t:|1698511676\n|switch|p2a: Xerneas|Xerneas|100\/100\n|-ability|p2a: Xerneas|Fairy Aura\n|move|p1a: Roaring Moon|Knock Off|p2a: Xerneas\n|-resisted|p2a: Xerneas\n|-damage|p2a: Xerneas|85\/100\n|-enditem|p2a: Xerneas|Power Herb|[from] move: Knock Off|[of] p1a: Roaring Moon\n|\n|upkeep\n|turn|3\n|\n|t:|1698511687\n|-end|p1a: Roaring Moon|Protosynthesis|[silent]\n|switch|p1a: Melmetal|Melmetal|100\/100\n|move|p2a: Xerneas|Moonblast|p1a: Melmetal\n|-resisted|p1a: Melmetal\n|-damage|p1a: Melmetal|67\/100\n|\n|upkeep\n|turn|4\n|\n|t:|1698511696\n|move|p2a: Xerneas|Focus Blast|p1a: Melmetal\n|-supereffective|p1a: Melmetal\n|-damage|p1a: Melmetal|0 fnt\n|faint|p1a: Melmetal\n|\n|upkeep\n|\n|t:|1698511702\n|switch|p1a: Xerneas|Xerneas|100\/100\n|-ability|p1a: Xerneas|Fairy Aura\n|turn|5\n|\n|t:|1698511712\n|move|p1a: Xerneas|Geomancy||[still]\n|-prepare|p1a: Xerneas|Geomancy\n|-enditem|p1a: Xerneas|Power Herb\n|-anim|p1a: Xerneas|Geomancy|p1a: Xerneas\n|-boost|p1a: Xerneas|spa|2\n|-boost|p1a: Xerneas|spd|2\n|-boost|p1a: Xerneas|spe|2\n|move|p2a: Xerneas|Moonblast|p1a: Xerneas\n|-damage|p1a: Xerneas|74\/100\n|-unboost|p1a: Xerneas|spa|1\n|\n|upkeep\n|turn|6\n|\n|t:|1698511737\n|switch|p2a: Calyrex|Calyrex-Ice|100\/100\n|-ability|p2a: Calyrex|As One\n|-ability|p2a: Calyrex|Unnerve\n|move|p1a: Xerneas|Moonblast|p2a: Calyrex\n|-damage|p2a: Calyrex|23\/100\n|-unboost|p2a: Calyrex|spa|1\n|\n|upkeep\n|turn|7\n|inactive|85792195wwww has 120 seconds left.\n|\n|t:|1698511760\n|move|p1a: Xerneas|Moonblast|p2a: Calyrex\n|-damage|p2a: Calyrex|0 fnt\n|faint|p2a: Calyrex\n|\n|upkeep\n|inactive|85792195wwww has 120 seconds left.\n|\n|t:|1698511775\n|switch|p2a: Groudon|Groudon|100\/100\n|detailschange|p2a: Groudon|Groudon-Primal\n|-primal|p2a: Groudon|Red Orb\n|-weather|DesolateLand|[from] ability: Desolate Land|[of] p2a: Groudon\n|turn|8\n|inactive|85792195wwww has 120 seconds left.\n|\n|t:|1698511781\n|move|p1a: Xerneas|Hidden Power|p2a: Groudon\n|-supereffective|p2a: Groudon\n|-damage|p2a: Groudon|33\/100\n|move|p2a: Groudon|Heat Crash|p1a: Xerneas\n|-damage|p1a: Xerneas|0 fnt\n|faint|p1a: Xerneas\n|\n|-weather|DesolateLand|[upkeep]\n|upkeep\n|\n|t:|1698511786\n|switch|p1a: Kyogre|Kyogre|100\/100\n|detailschange|p1a: Kyogre|Kyogre-Primal\n|-primal|p1a: Kyogre|Blue Orb\n|-weather|PrimordialSea|[from] ability: Primordial Sea|[of] p1a: Kyogre\n|turn|9\n|\n|t:|1698511800\n|switch|p2a: Krookodile|Krookodile, M|100\/100\n|-ability|p2a: Krookodile|Intimidate|boost\n|-unboost|p1a: Kyogre|atk|1\n|move|p1a: Kyogre|Surf|p2a: Krookodile\n|-supereffective|p2a: Krookodile\n|-enditem|p2a: Krookodile|Focus Sash\n|-damage|p2a: Krookodile|1\/100\n|\n|-weather|PrimordialSea|[upkeep]\n|upkeep\n|turn|10\n|\n|t:|1698511811\n|-weather|none\n|switch|p1a: Roaring Moon|Roaring Moon|100\/100\n|move|p2a: Krookodile|Stealth Rock|p1a: Roaring Moon\n|-sidestart|p1: rggef|move: Stealth Rock\n|\n|upkeep\n|turn|11\n|\n|t:|1698511819\n|switch|p2a: Xerneas|Xerneas|85\/100\n|-ability|p2a: Xerneas|Fairy Aura\n|move|p1a: Roaring Moon|Dragon Dance|p1a: Roaring Moon\n|-boost|p1a: Roaring Moon|atk|1\n|-boost|p1a: Roaring Moon|spe|1\n|\n|upkeep\n|turn|12\n|\n|t:|1698511830\n|move|p1a: Roaring Moon|Acrobatics|p2a: Xerneas\n|-damage|p2a: Xerneas|39\/100\n|move|p2a: Xerneas|Moonblast|p1a: Roaring Moon\n|-supereffective|p1a: Roaring Moon\n|-damage|p1a: Roaring Moon|0 fnt\n|faint|p1a: Roaring Moon\n|-end|p1a: Roaring Moon|Protosynthesis|[silent]\n|\n|upkeep\n|\n|t:|1698511839\n|switch|p1a: Kyogre|Kyogre-Primal|100\/100\n|-damage|p1a: Kyogre|88\/100|[from] Stealth Rock\n|-weather|PrimordialSea|[from] ability: Primordial Sea|[of] p1a: Kyogre\n|turn|13\n|\n|t:|1698511847\n|switch|p2a: Groudon|Groudon-Primal|33\/100\n|-weather|DesolateLand|[from] ability: Desolate Land|[of] p2a: Groudon\n|move|p1a: Kyogre|Calm Mind|p1a: Kyogre\n|-boost|p1a: Kyogre|spa|1\n|-boost|p1a: Kyogre|spd|1\n|\n|-weather|DesolateLand|[upkeep]\n|upkeep\n|turn|14\n|\n|t:|1698511856\n|-weather|none\n|switch|p2a: Zacian|Zacian-Crowned|100\/100\n|-ability|p2a: Zacian|Intrepid Sword|boost\n|-boost|p2a: Zacian|atk|1\n|move|p1a: Kyogre|Ice Beam|p2a: Zacian\n|-resisted|p2a: Zacian\n|-damage|p2a: Zacian|72\/100\n|\n|upkeep\n|turn|15\n|j| 0 Morien 0\n|\n|t:|1698511865\n|move|p2a: Zacian|Wild Charge|p1a: Kyogre\n|-supereffective|p1a: Kyogre\n|-damage|p1a: Kyogre|1\/100\n|-damage|p2a: Zacian|45\/100|[from] Recoil\n|move|p1a: Kyogre|Surf|p2a: Zacian\n|-damage|p2a: Zacian|0 fnt\n|faint|p2a: Zacian\n|\n|upkeep\n|\n|t:|1698511877\n|switch|p2a: Arceus|Arceus|100\/100\n|turn|16\n|\n|t:|1698511882\n|move|p2a: Arceus|Extreme Speed|p1a: Kyogre\n|-damage|p1a: Kyogre|0 fnt\n|faint|p1a: Kyogre\n|-damage|p2a: Arceus|91\/100|[from] item: Life Orb\n|\n|upkeep\n|\n|t:|1698511888\n|switch|p1a: Kingambit|Kingambit, F|100\/100\n|-damage|p1a: Kingambit|94\/100|[from] Stealth Rock\n|-activate|p1a: Kingambit|ability: Supreme Overlord\n|-start|p1a: Kingambit|fallen4|[silent]\n|turn|17\n|\n|t:|1698511900\n|-terastallize|p1a: Kingambit|Dark\n|move|p2a: Arceus|Earthquake|p1a: Kingambit\n|-damage|p1a: Kingambit|59\/100\n|-damage|p2a: Arceus|81\/100|[from] item: Life Orb\n|move|p1a: Kingambit|Knock Off|p2a: Arceus\n|-damage|p2a: Arceus|0 fnt\n|-enditem|p2a: Arceus|Life Orb|[from] move: Knock Off|[of] p1a: Kingambit\n|faint|p2a: Arceus\n|\n|upkeep\n|\n|t:|1698511912\n|switch|p2a: Xerneas|Xerneas|39\/100\n|-ability|p2a: Xerneas|Fairy Aura\n|turn|18\n|\n|t:|1698511917\n|move|p2a: Xerneas|Moonblast|p1a: Kingambit\n|-supereffective|p1a: Kingambit\n|-damage|p1a: Kingambit|0 fnt\n|faint|p1a: Kingambit\n|-end|p1a: Kingambit|fallen4|[silent]\n|\n|upkeep\n|\n|t:|1698511919\n|switch|p1a: Zekrom|Zekrom|100\/100\n|-damage|p1a: Zekrom|88\/100|[from] Stealth Rock\n|-ability|p1a: Zekrom|Teravolt\n|turn|19\n|\n|t:|1698511930\n|switch|p2a: Krookodile|Krookodile, M|1\/100\n|-ability|p2a: Krookodile|Intimidate|boost\n|-unboost|p1a: Zekrom|atk|1\n|move|p1a: Zekrom|Bolt Strike|p2a: Krookodile\n|-immune|p2a: Krookodile\n|\n|upkeep\n|turn|20\n|\n|t:|1698511940\n|switch|p2a: Xerneas|Xerneas|39\/100\n|-ability|p2a: Xerneas|Fairy Aura\n|move|p1a: Zekrom|Magnet Rise|p1a: Zekrom\n|-start|p1a: Zekrom|Magnet Rise\n|\n|upkeep\n|turn|21\n|\n|t:|1698511949\n|switch|p2a: Krookodile|Krookodile, M|1\/100\n|-ability|p2a: Krookodile|Intimidate|boost\n|-unboost|p1a: Zekrom|atk|1\n|move|p1a: Zekrom|Bolt Strike|p2a: Krookodile\n|-immune|p2a: Krookodile\n|\n|upkeep\n|turn|22\n|\n|t:|1698511961\n|move|p2a: Krookodile|Knock Off|p1a: Zekrom\n|-damage|p1a: Zekrom|47\/100\n|-enditem|p1a: Zekrom|Lum Berry|[from] move: Knock Off|[of] p2a: Krookodile\n|move|p1a: Zekrom|Dragon Dance|p1a: Zekrom\n|-boost|p1a: Zekrom|atk|1\n|-boost|p1a: Zekrom|spe|1\n|\n|upkeep\n|turn|23\n|\n|t:|1698511971\n|switch|p2a: Groudon|Groudon-Primal|33\/100\n|-weather|DesolateLand|[from] ability: Desolate Land|[of] p2a: Groudon\n|move|p1a: Zekrom|Bolt Strike|p2a: Groudon\n|-immune|p2a: Groudon\n|\n|-weather|DesolateLand|[upkeep]\n|upkeep\n|turn|24\n|\n|t:|1698511984\n|move|p1a: Zekrom|Dragon Dance|p1a: Zekrom\n|-boost|p1a: Zekrom|atk|1\n|-boost|p1a: Zekrom|spe|1\n|move|p2a: Groudon|Heat Crash|p1a: Zekrom\n|-resisted|p1a: Zekrom\n|-damage|p1a: Zekrom|18\/100\n|\n|-weather|DesolateLand|[upkeep]\n|-end|p1a: Zekrom|Magnet Rise\n|upkeep\n|turn|25\n|\n|t:|1698511993\n|-weather|none\n|switch|p2a: Krookodile|Krookodile, M|1\/100\n|-ability|p2a: Krookodile|Intimidate|boost\n|-unboost|p1a: Zekrom|atk|1\n|move|p1a: Zekrom|Bolt Strike|p2a: Krookodile\n|-immune|p2a: Krookodile\n|\n|upkeep\n|turn|26\n|\n|t:|1698512005\n|switch|p2a: Groudon|Groudon-Primal|33\/100\n|-weather|DesolateLand|[from] ability: Desolate Land|[of] p2a: Groudon\n|move|p1a: Zekrom|Bolt Strike|p2a: Groudon\n|-immune|p2a: Groudon\n|\n|-weather|DesolateLand|[upkeep]\n|upkeep\n|turn|27\n|\n|t:|1698512013\n|move|p1a: Zekrom|Dragon Claw|p2a: Groudon\n|-damage|p2a: Groudon|15\/100\n|move|p2a: Groudon|Heat Crash|p1a: Zekrom\n|-resisted|p1a: Zekrom\n|-damage|p1a: Zekrom|0 fnt\n|faint|p1a: Zekrom\n|\n|win|85792195wwww\n|raw|rggef's rating: 1616 &rarr; <strong>1606<\/strong><br \/>(-10 for losing)\n|raw|85792195wwww's rating: 1809 &rarr; <strong>1819<\/strong><br \/>(+10 for winning)\n|l|\u2606rggef\n","uploadtime":1698512025,"views":8,"p1id":"rggef","p2id":"85792195wwww","formatid":"gen9nationaldexubers","rating":1606,"private":0,"password":""}