{"id":"gen9nationaldexubers-1979997499","p1":"Chaitanya15","p2":"lcreee","format":"[Gen 9] National Dex Ubers","log":"|j|\u2606Chaitanya15\n|j|\u2606lcreee\n|t:|1698744071\n|gametype|singles\n|player|p1|Chaitanya15|266|1235\n|player|p2|lcreee|cynthia-gen4|1286\n|teamsize|p1|6\n|teamsize|p2|6\n|gen|9\n|tier|[Gen 9] National Dex Ubers\n|rated|\n|rule|HP Percentage Mod: HP is shown in percentages\n|rule|Endless Battle Clause: Forcing endless battles is banned\n|rule|OHKO Clause: OHKO moves are banned\n|rule|Evasion Moves Clause: Evasion moves are banned\n|rule|Evasion Items Clause: Evasion items are banned\n|rule|Species Clause: Limit one of each Pok\u00e9mon\n|rule|Sleep Clause Mod: Limit one foe put to sleep\n|rule|Mega Rayquaza Clause: You cannot mega evolve Rayquaza\n|clearpoke\n|poke|p1|Pikachu, F|\n|poke|p1|Dragonite, M|\n|poke|p1|Gengar, F|\n|poke|p1|Sirfetch\u2019d, M|\n|poke|p1|Lucario, M|\n|poke|p1|Dracovish|\n|poke|p2|Hatterene, F|\n|poke|p2|Aegislash, F|\n|poke|p2|Conkeldurr, M|\n|poke|p2|Volcanion|\n|poke|p2|Slowbro, F|\n|poke|p2|Diancie|\n|teampreview\n|\n|t:|1698744088\n|start\n|switch|p1a: Pikachu|Pikachu, F|100\/100\n|switch|p2a: Hatterene|Hatterene, F|100\/100\n|turn|1\n|\n|t:|1698744098\n|move|p1a: Pikachu|Fake Out|p2a: Hatterene\n|-damage|p2a: Hatterene|82\/100\n|cant|p2a: Hatterene|flinch\n|\n|upkeep\n|turn|2\n|\n|t:|1698744105\n|move|p1a: Pikachu|Volt Tackle|p2a: Hatterene\n|-damage|p2a: Hatterene|2\/100\n|-damage|p1a: Pikachu|61\/100|[from] Recoil\n|move|p2a: Hatterene|Trick Room|p2a: Hatterene\n|-fieldstart|move: Trick Room|[of] p2a: Hatterene\n|\n|upkeep\n|turn|3\n|\n|t:|1698744112\n|move|p1a: Pikachu|Extreme Speed|p2a: Hatterene\n|-damage|p2a: Hatterene|0 fnt\n|faint|p2a: Hatterene\n|\n|upkeep\n|\n|t:|1698744126\n|switch|p2a: Aegislash|Aegislash, F|100\/100\n|turn|4\n|\n|t:|1698744130\n|move|p2a: Aegislash|Swords Dance|p2a: Aegislash\n|-boost|p2a: Aegislash|atk|2\n|move|p1a: Pikachu|Volt Tackle|p2a: Aegislash\n|-damage|p2a: Aegislash|43\/100\n|-damage|p1a: Pikachu|32\/100|[from] Recoil\n|\n|-heal|p2a: Aegislash|49\/100|[from] item: Leftovers\n|upkeep\n|turn|5\n|inactive|Battle timer is ON: inactive players will automatically lose when time's up. (requested by Chaitanya15)\n|\n|t:|1698744153\n|switch|p1a: Dragonite|Dragonite, M|100\/100\n|-formechange|p2a: Aegislash|Aegislash-Blade||[from] ability: Stance Change\n|move|p2a: Aegislash|Shadow Sneak|p1a: Dragonite\n|-damage|p1a: Dragonite|73\/100\n|\n|-heal|p2a: Aegislash|55\/100|[from] item: Leftovers\n|upkeep\n|turn|6\n|\n|t:|1698744169\n|-formechange|p2a: Aegislash|Aegislash||[from] ability: Stance Change\n|move|p2a: Aegislash|King's Shield|p2a: Aegislash\n|-singleturn|p2a: Aegislash|Protect\n|move|p1a: Dragonite|Dual Wingbeat|p2a: Aegislash\n|-activate|p2a: Aegislash|move: Protect\n|-unboost|p1a: Dragonite|atk|1\n|\n|-heal|p2a: Aegislash|61\/100|[from] item: Leftovers\n|-fieldend|move: Trick Room\n|upkeep\n|turn|7\n|\n|t:|1698744191\n|move|p1a: Dragonite|Dragon Dance|p1a: Dragonite\n|-boost|p1a: Dragonite|atk|1\n|-boost|p1a: Dragonite|spe|1\n|-formechange|p2a: Aegislash|Aegislash-Blade||[from] ability: Stance Change\n|move|p2a: Aegislash|Iron Head|p1a: Dragonite\n|-damage|p1a: Dragonite|0 fnt\n|faint|p1a: Dragonite\n|\n|-heal|p2a: Aegislash|67\/100|[from] item: Leftovers\n|upkeep\n|\n|t:|1698744202\n|switch|p1a: Sirfetch\u2019d|Sirfetch\u2019d, M|100\/100\n|turn|8\n|\n|t:|1698744211\n|-formechange|p2a: Aegislash|Aegislash||[from] ability: Stance Change\n|move|p2a: Aegislash|King's Shield|p2a: Aegislash\n|-singleturn|p2a: Aegislash|Protect\n|move|p1a: Sirfetch\u2019d|Close Combat|p2a: Aegislash\n|-activate|p2a: Aegislash|move: Protect\n|-unboost|p1a: Sirfetch\u2019d|atk|1\n|\n|-heal|p2a: Aegislash|74\/100|[from] item: Leftovers\n|upkeep\n|turn|9\n|\n|t:|1698744225\n|-formechange|p2a: Aegislash|Aegislash-Blade||[from] ability: Stance Change\n|move|p2a: Aegislash|Shadow Sneak|p1a: Sirfetch\u2019d\n|-crit|p1a: Sirfetch\u2019d\n|-damage|p1a: Sirfetch\u2019d|27\/100\n|move|p1a: Sirfetch\u2019d|Close Combat|p2a: Aegislash\n|-supereffective|p2a: Aegislash\n|-damage|p2a: Aegislash|0 fnt\n|-unboost|p1a: Sirfetch\u2019d|def|1\n|-unboost|p1a: Sirfetch\u2019d|spd|1\n|faint|p2a: Aegislash\n|\n|upkeep\n|\n|t:|1698744244\n|switch|p2a: Diancie|Diancie|100\/100\n|turn|10\n|\n|t:|1698744255\n|detailschange|p2a: Diancie|Diancie-Mega\n|-mega|p2a: Diancie|Diancie|Diancite\n|move|p2a: Diancie|Moonblast|p1a: Sirfetch\u2019d\n|-supereffective|p1a: Sirfetch\u2019d\n|-damage|p1a: Sirfetch\u2019d|0 fnt\n|faint|p1a: Sirfetch\u2019d\n|\n|upkeep\n|\n|t:|1698744262\n|switch|p1a: Lucario|Lucario, M|100\/100\n|turn|11\n|\n|t:|1698744275\n|detailschange|p1a: Lucario|Lucario-Mega, M\n|-mega|p1a: Lucario|Lucario|Lucarionite\n|move|p1a: Lucario|Meteor Mash|p2a: Diancie\n|-supereffective|p2a: Diancie\n|-damage|p2a: Diancie|0 fnt\n|faint|p2a: Diancie\n|\n|upkeep\n|inactive|lcreee has 120 seconds left.\n|\n|t:|1698744292\n|switch|p2a: Conkeldurr|Conkeldurr, M|100\/100\n|turn|12\n|\n|t:|1698744297\n|switch|p1a: Gengar|Gengar, F|100\/100\n|move|p2a: Conkeldurr|Drain Punch|p1a: Gengar\n|-immune|p1a: Gengar\n|\n|-status|p2a: Conkeldurr|brn|[from] item: Flame Orb\n|upkeep\n|turn|13\n|\n|t:|1698744309\n|-terastallize|p1a: Gengar|Ghost\n|move|p1a: Gengar|Shadow Ball|p2a: Conkeldurr\n|-damage|p2a: Conkeldurr|11\/100 brn\n|move|p2a: Conkeldurr|Thunder Punch|p1a: Gengar\n|-damage|p1a: Gengar|17\/100\n|\n|-damage|p2a: Conkeldurr|5\/100 brn|[from] brn\n|upkeep\n|turn|14\n|\n|t:|1698744320\n|move|p1a: Gengar|Shadow Ball|p2a: Conkeldurr\n|-damage|p2a: Conkeldurr|0 fnt\n|faint|p2a: Conkeldurr\n|\n|upkeep\n|\n|t:|1698744325\n|switch|p2a: Slowbro|Slowbro, F|100\/100\n|turn|15\n|\n|t:|1698744329\n|move|p1a: Gengar|Shadow Ball|p2a: Slowbro\n|-supereffective|p2a: Slowbro\n|-damage|p2a: Slowbro|0 fnt\n|faint|p2a: Slowbro\n|\n|upkeep\n|\n|t:|1698744333\n|switch|p2a: Volcanion|Volcanion|100\/100\n|turn|16\n|\n|t:|1698744342\n|move|p1a: Gengar|Shadow Ball|p2a: Volcanion\n|-damage|p2a: Volcanion|33\/100\n|move|p2a: Volcanion|Steam Eruption|p1a: Gengar\n|-damage|p1a: Gengar|0 fnt\n|faint|p1a: Gengar\n|\n|upkeep\n|\n|t:|1698744353\n|switch|p1a: Pikachu|Pikachu, F|32\/100\n|turn|17\n|\n|t:|1698744366\n|move|p1a: Pikachu|Volt Tackle|p2a: Volcanion\n|-supereffective|p2a: Volcanion\n|-damage|p2a: Volcanion|0 fnt\n|faint|p2a: Volcanion\n|-damage|p1a: Pikachu|17\/100|[from] Recoil\n|\n|win|Chaitanya15\n|raw|Chaitanya15's rating: 1235 &rarr; <strong>1264<\/strong><br \/>(+29 for winning)\n|raw|lcreee's rating: 1286 &rarr; <strong>1257<\/strong><br \/>(-29 for losing)\n|c|\u2606Chaitanya15|gg\n|l|\u2606lcreee\n","uploadtime":1698744376,"views":7,"p1id":"chaitanya15","p2id":"lcreee","formatid":"gen9nationaldexubers","rating":1257,"private":0,"password":""}