{"id":"gen9nationaldexubers-1988464740","p1":"Queijolol","p2":"Feroxzxz9983","format":"[Gen 9] National Dex Ubers","log":"|j|\u2606Queijolol\n|j|\u203dFeroxzxz9983\n|t:|1699725776\n|gametype|singles\n|player|p1|Queijolol|dawn|\n|player|p2|Feroxzxz9983|169|\n|teamsize|p1|6\n|teamsize|p2|6\n|gen|9\n|tier|[Gen 9] National Dex Ubers\n|rule|HP Percentage Mod: HP is shown in percentages\n|rule|Endless Battle Clause: Forcing endless battles is banned\n|rule|OHKO Clause: OHKO moves are banned\n|rule|Evasion Moves Clause: Evasion moves are banned\n|rule|Evasion Items Clause: Evasion items are banned\n|rule|Species Clause: Limit one of each Pok\u00e9mon\n|rule|Sleep Clause Mod: Limit one foe put to sleep\n|rule|Mega Rayquaza Clause: You cannot mega evolve Rayquaza\n|clearpoke\n|poke|p1|Kartana|\n|poke|p1|Kleavor, F|\n|poke|p1|Keldeo-Resolute|\n|poke|p1|Kingdra, M|\n|poke|p1|Kyogre|\n|poke|p1|Kilowattrel, M|\n|poke|p2|Flygon, F|\n|poke|p2|Ferrothorn, F|\n|poke|p2|Flutter Mane|\n|poke|p2|Falinks|\n|poke|p2|Fezandipiti, M|\n|poke|p2|Flamigo, M|\n|teampreview\n|\n|t:|1699725797\n|start\n|switch|p1a: Keldeo|Keldeo-Resolute|100\/100\n|switch|p2a: Ferrothorn|Ferrothorn, F|100\/100\n|turn|1\n|\n|t:|1699725804\n|move|p1a: Keldeo|Secret Sword|p2a: Ferrothorn\n|-supereffective|p2a: Ferrothorn\n|-damage|p2a: Ferrothorn|0 fnt\n|faint|p2a: Ferrothorn\n|\n|upkeep\n|\n|t:|1699725813\n|switch|p2a: Flamigo|Flamigo, M|100\/100\n|turn|2\n|\n|t:|1699725820\n|switch|p1a: Kleavor|Kleavor, F|100\/100\n|move|p2a: Flamigo|Brave Bird|p1a: Kleavor\n|-damage|p1a: Kleavor|0 fnt\n|faint|p1a: Kleavor\n|-damage|p2a: Flamigo|70\/100|[from] Recoil\n|\n|upkeep\n|\n|t:|1699725832\n|switch|p1a: Kyogre|Kyogre|100\/100\n|-weather|RainDance|[from] ability: Drizzle|[of] p1a: Kyogre\n|turn|3\n|\n|t:|1699725870\n|switch|p2a: Flutter Mane|Flutter Mane|100\/100\n|move|p1a: Kyogre|Origin Pulse|p2a: Flutter Mane\n|-damage|p2a: Flutter Mane|0 fnt\n|faint|p2a: Flutter Mane\n|-end|p2a: Flutter Mane|Protosynthesis|[silent]\n|\n|-weather|RainDance|[upkeep]\n|upkeep\n|\n|t:|1699725878\n|switch|p2a: Flamigo|Flamigo, M|70\/100\n|turn|4\n|\n|t:|1699725892\n|move|p1a: Kyogre|Origin Pulse|p2a: Flamigo\n|-damage|p2a: Flamigo|0 fnt\n|faint|p2a: Flamigo\n|\n|-weather|RainDance|[upkeep]\n|upkeep\n|\n|t:|1699725899\n|switch|p2a: Falinks|Falinks|100\/100\n|turn|5\n|\n|t:|1699725924\n|move|p2a: Falinks|First Impression|p1a: Kyogre\n|-damage|p1a: Kyogre|51\/100\n|move|p1a: Kyogre|Origin Pulse|p2a: Falinks\n|-damage|p2a: Falinks|0 fnt\n|faint|p2a: Falinks\n|\n|-weather|RainDance|[upkeep]\n|upkeep\n|\n|t:|1699725931\n|switch|p2a: Fezandipiti|Fezandipiti, M|100\/100\n|turn|6\n|\n|t:|1699725937\n|move|p1a: Kyogre|Origin Pulse|p2a: Fezandipiti\n|-damage|p2a: Fezandipiti|28\/100\n|move|p2a: Fezandipiti|Moonblast|p1a: Kyogre\n|-damage|p1a: Kyogre|30\/100\n|-status|p1a: Kyogre|tox|[from] ability: Toxic Chain|[of] p2a: Fezandipiti\n|\n|-weather|RainDance|[upkeep]\n|-heal|p2a: Fezandipiti|34\/100|[from] item: Leftovers\n|-damage|p1a: Kyogre|23\/100 tox|[from] psn\n|upkeep\n|turn|7\n|\n|t:|1699725953\n|switch|p1a: Kilowattrel|Kilowattrel, M|100\/100\n|move|p2a: Fezandipiti|Roost|p2a: Fezandipiti\n|-heal|p2a: Fezandipiti|84\/100\n|-singleturn|p2a: Fezandipiti|move: Roost\n|\n|-weather|none\n|-heal|p2a: Fezandipiti|90\/100|[from] item: Leftovers\n|upkeep\n|turn|8\n|\n|t:|1699725974\n|switch|p2a: Flygon|Flygon, F|100\/100\n|move|p1a: Kilowattrel|Hurricane|p2a: Flygon\n|-damage|p2a: Flygon|3\/100\n|\n|upkeep\n|turn|9\n|\n|t:|1699725981\n|move|p1a: Kilowattrel|Hurricane|p2a: Flygon\n|-damage|p2a: Flygon|0 fnt\n|faint|p2a: Flygon\n|\n|upkeep\n|\n|t:|1699725986\n|switch|p2a: Fezandipiti|Fezandipiti, M|90\/100\n|turn|10\n|\n|t:|1699725990\n|move|p1a: Kilowattrel|Hurricane|p2a: Fezandipiti\n|-damage|p2a: Fezandipiti|34\/100\n|move|p2a: Fezandipiti|Moonblast|p1a: Kilowattrel\n|-damage|p1a: Kilowattrel|51\/100\n|-status|p1a: Kilowattrel|tox|[from] ability: Toxic Chain|[of] p2a: Fezandipiti\n|\n|-heal|p2a: Fezandipiti|40\/100|[from] item: Leftovers\n|-damage|p1a: Kilowattrel|45\/100 tox|[from] psn\n|upkeep\n|turn|11\n|\n|t:|1699726000\n|move|p1a: Kilowattrel|Hurricane|p2a: Fezandipiti\n|-damage|p2a: Fezandipiti|0 fnt\n|faint|p2a: Fezandipiti\n|\n|win|Queijolol\n","uploadtime":1699726008,"views":20,"p1id":"queijolol","p2id":"feroxzxz9983","formatid":"gen9nationaldexubers","rating":0,"private":0,"password":""}