{"id":"gen9nationaldexubers-1988334349","p1":"AERO-M0DE\u2b06\ufe0f","p2":"tor2009","format":"[Gen 9] National Dex Ubers","log":"|j|\u2606AERO-M0DE\u2b06\ufe0f\n|j|\u2606tor2009\n|t:|1699710160\n|gametype|singles\n|player|p1|AERO-M0DE\u2b06\ufe0f|winona-gen6|1097\n|player|p2|tor2009|rocketgrunt|1047\n|teamsize|p1|6\n|teamsize|p2|6\n|gen|9\n|tier|[Gen 9] National Dex Ubers\n|rated|\n|rule|HP Percentage Mod: HP is shown in percentages\n|rule|Endless Battle Clause: Forcing endless battles is banned\n|rule|OHKO Clause: OHKO moves are banned\n|rule|Evasion Moves Clause: Evasion moves are banned\n|rule|Evasion Items Clause: Evasion items are banned\n|rule|Species Clause: Limit one of each Pok\u00e9mon\n|rule|Sleep Clause Mod: Limit one foe put to sleep\n|rule|Mega Rayquaza Clause: You cannot mega evolve Rayquaza\n|clearpoke\n|poke|p1|Skarmory, F|\n|poke|p1|Talonflame, M|\n|poke|p1|Crobat, M|\n|poke|p1|Noivern, M|\n|poke|p1|Lugia|\n|poke|p1|Arceus-Flying|\n|poke|p2|Darkrai|\n|poke|p2|Greninja-*, M|\n|poke|p2|Kyogre|\n|poke|p2|Zacian-*|\n|poke|p2|Lucario, M|\n|poke|p2|Dragapult, M|\n|teampreview\n|\n|t:|1699710174\n|start\n|switch|p1a: \ud83c\udf2cLUGIA\ud83c\udf2a\ud83c\udf2a|Lugia|100\/100\n|switch|p2a: Darkrai|Darkrai, shiny|100\/100\n|turn|1\n|\n|t:|1699710182\n|move|p2a: Darkrai|Nasty Plot|p2a: Darkrai\n|-boost|p2a: Darkrai|spa|2\n|move|p1a: \ud83c\udf2cLUGIA\ud83c\udf2a\ud83c\udf2a|Calm Mind|p1a: \ud83c\udf2cLUGIA\ud83c\udf2a\ud83c\udf2a\n|-boost|p1a: \ud83c\udf2cLUGIA\ud83c\udf2a\ud83c\udf2a|spa|1\n|-boost|p1a: \ud83c\udf2cLUGIA\ud83c\udf2a\ud83c\udf2a|spd|1\n|\n|upkeep\n|turn|2\n|\n|t:|1699710194\n|-terastallize|p1a: \ud83c\udf2cLUGIA\ud83c\udf2a\ud83c\udf2a|Flying\n|move|p2a: Darkrai|Dark Pulse|p1a: \ud83c\udf2cLUGIA\ud83c\udf2a\ud83c\udf2a\n|-damage|p1a: \ud83c\udf2cLUGIA\ud83c\udf2a\ud83c\udf2a|80\/100\n|move|p1a: \ud83c\udf2cLUGIA\ud83c\udf2a\ud83c\udf2a|Aeroblast|p2a: Darkrai\n|-damage|p2a: Darkrai|0 fnt\n|faint|p2a: Darkrai\n|\n|upkeep\n|\n|t:|1699710203\n|switch|p2a: Kyogre|Kyogre, shiny|100\/100\n|detailschange|p2a: Kyogre|Kyogre-Primal, shiny\n|-primal|p2a: Kyogre|Blue Orb\n|-weather|PrimordialSea|[from] ability: Primordial Sea|[of] p2a: Kyogre\n|turn|3\n|\n|t:|1699710219\n|move|p1a: \ud83c\udf2cLUGIA\ud83c\udf2a\ud83c\udf2a|Calm Mind|p1a: \ud83c\udf2cLUGIA\ud83c\udf2a\ud83c\udf2a\n|-boost|p1a: \ud83c\udf2cLUGIA\ud83c\udf2a\ud83c\udf2a|spa|1\n|-boost|p1a: \ud83c\udf2cLUGIA\ud83c\udf2a\ud83c\udf2a|spd|1\n|move|p2a: Kyogre|Thunder|p1a: \ud83c\udf2cLUGIA\ud83c\udf2a\ud83c\udf2a\n|-supereffective|p1a: \ud83c\udf2cLUGIA\ud83c\udf2a\ud83c\udf2a\n|-damage|p1a: \ud83c\udf2cLUGIA\ud83c\udf2a\ud83c\udf2a|47\/100\n|\n|-weather|PrimordialSea|[upkeep]\n|upkeep\n|turn|4\n|\n|t:|1699710229\n|move|p1a: \ud83c\udf2cLUGIA\ud83c\udf2a\ud83c\udf2a|Aeroblast|p2a: Kyogre\n|-damage|p2a: Kyogre|8\/100\n|move|p2a: Kyogre|Ancient Power|p1a: \ud83c\udf2cLUGIA\ud83c\udf2a\ud83c\udf2a\n|-supereffective|p1a: \ud83c\udf2cLUGIA\ud83c\udf2a\ud83c\udf2a\n|-damage|p1a: \ud83c\udf2cLUGIA\ud83c\udf2a\ud83c\udf2a|29\/100\n|\n|-weather|PrimordialSea|[upkeep]\n|upkeep\n|turn|5\n|\n|t:|1699710236\n|move|p1a: \ud83c\udf2cLUGIA\ud83c\udf2a\ud83c\udf2a|Hurricane|p2a: Kyogre\n|-damage|p2a: Kyogre|0 fnt\n|faint|p2a: Kyogre\n|-weather|none\n|\n|upkeep\n|\n|t:|1699710247\n|switch|p2a: Zacian|Zacian-Crowned, shiny|100\/100\n|-ability|p2a: Zacian|Intrepid Sword|boost\n|-boost|p2a: Zacian|atk|1\n|turn|6\n|\n|t:|1699710255\n|move|p2a: Zacian|Agility|p2a: Zacian\n|-boost|p2a: Zacian|spe|2\n|move|p1a: \ud83c\udf2cLUGIA\ud83c\udf2a\ud83c\udf2a|Aeroblast|p2a: Zacian\n|-resisted|p2a: Zacian\n|-damage|p2a: Zacian|43\/100\n|\n|upkeep\n|turn|7\n|\n|t:|1699710263\n|move|p2a: Zacian|Behemoth Blade|p1a: \ud83c\udf2cLUGIA\ud83c\udf2a\ud83c\udf2a\n|-damage|p1a: \ud83c\udf2cLUGIA\ud83c\udf2a\ud83c\udf2a|0 fnt\n|faint|p1a: \ud83c\udf2cLUGIA\ud83c\udf2a\ud83c\udf2a\n|\n|upkeep\n|\n|t:|1699710275\n|switch|p1a: \ud83c\udf2cTALONFLAME\ud83c\udf2a\ud83c\udf2a|Talonflame, M, shiny|100\/100\n|turn|8\n|\n|t:|1699710282\n|switch|p2a: Greninja|Greninja, M|100\/100\n|move|p1a: \ud83c\udf2cTALONFLAME\ud83c\udf2a\ud83c\udf2a|Brave Bird|p2a: Greninja\n|-damage|p2a: Greninja|41\/100\n|-damage|p1a: \ud83c\udf2cTALONFLAME\ud83c\udf2a\ud83c\udf2a|82\/100|[from] Recoil\n|\n|-heal|p2a: Greninja|47\/100|[from] item: Leftovers\n|upkeep\n|turn|9\n|\n|t:|1699710296\n|move|p1a: \ud83c\udf2cTALONFLAME\ud83c\udf2a\ud83c\udf2a|Brave Bird|p2a: Greninja\n|-damage|p2a: Greninja|0 fnt\n|faint|p2a: Greninja\n|-damage|p1a: \ud83c\udf2cTALONFLAME\ud83c\udf2a\ud83c\udf2a|67\/100|[from] Recoil\n|\n|upkeep\n|\n|t:|1699710300\n|switch|p2a: Lucario|Lucario, M, shiny|100\/100\n|turn|10\n|\n|t:|1699710311\n|detailschange|p2a: Lucario|Lucario-Mega, M, shiny\n|-mega|p2a: Lucario|Lucario|Lucarionite\n|move|p2a: Lucario|Extreme Speed|p1a: \ud83c\udf2cTALONFLAME\ud83c\udf2a\ud83c\udf2a\n|-damage|p1a: \ud83c\udf2cTALONFLAME\ud83c\udf2a\ud83c\udf2a|23\/100\n|move|p1a: \ud83c\udf2cTALONFLAME\ud83c\udf2a\ud83c\udf2a|Rain Dance|p1a: \ud83c\udf2cTALONFLAME\ud83c\udf2a\ud83c\udf2a\n|-weather|RainDance\n|\n|-weather|RainDance|[upkeep]\n|upkeep\n|turn|11\n|\n|t:|1699710325\n|move|p2a: Lucario|Extreme Speed|p1a: \ud83c\udf2cTALONFLAME\ud83c\udf2a\ud83c\udf2a\n|-damage|p1a: \ud83c\udf2cTALONFLAME\ud83c\udf2a\ud83c\udf2a|0 fnt\n|faint|p1a: \ud83c\udf2cTALONFLAME\ud83c\udf2a\ud83c\udf2a\n|\n|-weather|RainDance|[upkeep]\n|upkeep\n|\n|t:|1699710335\n|switch|p1a: \ud83c\udf2cNOIVERN\ud83c\udf2a\ud83c\udf2a|Noivern, M, shiny|100\/100\n|-item|p2a: Lucario|Lucarionite|[from] ability: Frisk|[of] p1a: \ud83c\udf2cNOIVERN\ud83c\udf2a\ud83c\udf2a|[identify]\n|turn|12\n|\n|t:|1699710341\n|move|p1a: \ud83c\udf2cNOIVERN\ud83c\udf2a\ud83c\udf2a|Hurricane|p2a: Lucario\n|-damage|p2a: Lucario|4\/100\n|move|p2a: Lucario|Swords Dance|p2a: Lucario\n|-boost|p2a: Lucario|atk|2\n|\n|-weather|RainDance|[upkeep]\n|upkeep\n|turn|13\n|\n|t:|1699710350\n|move|p2a: Lucario|Extreme Speed|p1a: \ud83c\udf2cNOIVERN\ud83c\udf2a\ud83c\udf2a\n|-damage|p1a: \ud83c\udf2cNOIVERN\ud83c\udf2a\ud83c\udf2a|12\/100\n|move|p1a: \ud83c\udf2cNOIVERN\ud83c\udf2a\ud83c\udf2a|Hurricane|p2a: Lucario\n|-crit|p2a: Lucario\n|-damage|p2a: Lucario|0 fnt\n|faint|p2a: Lucario\n|\n|-weather|RainDance|[upkeep]\n|upkeep\n|\n|t:|1699710358\n|switch|p2a: Zacian|Zacian-Crowned, shiny|43\/100\n|turn|14\n|\n|t:|1699710362\n|move|p2a: Zacian|Behemoth Blade|p1a: \ud83c\udf2cNOIVERN\ud83c\udf2a\ud83c\udf2a\n|-damage|p1a: \ud83c\udf2cNOIVERN\ud83c\udf2a\ud83c\udf2a|0 fnt\n|faint|p1a: \ud83c\udf2cNOIVERN\ud83c\udf2a\ud83c\udf2a\n|\n|-weather|RainDance|[upkeep]\n|upkeep\n|\n|t:|1699710372\n|switch|p1a: \ud83c\udf2cARCEUS-FLYING\ud83c\udf2a|Arceus-Flying|100\/100\n|turn|15\n|\n|t:|1699710376\n|move|p2a: Zacian|Swords Dance|p2a: Zacian\n|-boost|p2a: Zacian|atk|2\n|move|p1a: \ud83c\udf2cARCEUS-FLYING\ud83c\udf2a|Hurricane|p2a: Zacian\n|-resisted|p2a: Zacian\n|-damage|p2a: Zacian|13\/100\n|\n|-weather|RainDance|[upkeep]\n|upkeep\n|turn|16\n|\n|t:|1699710386\n|move|p2a: Zacian|Behemoth Blade|p1a: \ud83c\udf2cARCEUS-FLYING\ud83c\udf2a\n|-damage|p1a: \ud83c\udf2cARCEUS-FLYING\ud83c\udf2a|0 fnt\n|faint|p1a: \ud83c\udf2cARCEUS-FLYING\ud83c\udf2a\n|\n|-weather|RainDance|[upkeep]\n|upkeep\n|\n|t:|1699710397\n|switch|p1a: \ud83c\udf2cSKARMORY\ud83c\udf2a\ud83c\udf2a|Skarmory, F, shiny|100\/100\n|turn|17\n|\n|t:|1699710402\n|move|p2a: Zacian|Sacred Sword|p1a: \ud83c\udf2cSKARMORY\ud83c\udf2a\ud83c\udf2a\n|-damage|p1a: \ud83c\udf2cSKARMORY\ud83c\udf2a\ud83c\udf2a|29\/100\n|-ability|p1a: \ud83c\udf2cSKARMORY\ud83c\udf2a\ud83c\udf2a|Weak Armor|boost\n|-unboost|p1a: \ud83c\udf2cSKARMORY\ud83c\udf2a\ud83c\udf2a|def|1\n|-boost|p1a: \ud83c\udf2cSKARMORY\ud83c\udf2a\ud83c\udf2a|spe|2\n|move|p1a: \ud83c\udf2cSKARMORY\ud83c\udf2a\ud83c\udf2a|Swords Dance|p1a: \ud83c\udf2cSKARMORY\ud83c\udf2a\ud83c\udf2a\n|-boost|p1a: \ud83c\udf2cSKARMORY\ud83c\udf2a\ud83c\udf2a|atk|2\n|\n|-weather|none\n|upkeep\n|turn|18\n|\n|t:|1699710415\n|move|p1a: \ud83c\udf2cSKARMORY\ud83c\udf2a\ud83c\udf2a|Drill Peck|p2a: Zacian\n|-resisted|p2a: Zacian\n|-damage|p2a: Zacian|0 fnt\n|faint|p2a: Zacian\n|\n|upkeep\n|\n|t:|1699710419\n|switch|p2a: Dragapult|Dragapult, M, shiny|100\/100\n|turn|19\n|\n|t:|1699710425\n|-terastallize|p2a: Dragapult|Dragon\n|move|p1a: \ud83c\udf2cSKARMORY\ud83c\udf2a\ud83c\udf2a|Brave Bird|p2a: Dragapult\n|-damage|p2a: Dragapult|0 fnt\n|faint|p2a: Dragapult\n|-damage|p1a: \ud83c\udf2cSKARMORY\ud83c\udf2a\ud83c\udf2a|0 fnt|[from] Recoil\n|faint|p1a: \ud83c\udf2cSKARMORY\ud83c\udf2a\ud83c\udf2a\n|\n|win|AERO-M0DE\u2b06\ufe0f\n|raw|AERO-M0DE\u2b06\ufe0f's rating: 1097 &rarr; <strong>1119<\/strong><br \/>(+22 for winning)\n|raw|tor2009's rating: 1047 &rarr; <strong>1032<\/strong><br \/>(-15 for losing)\n|l|\u2606tor2009\n","uploadtime":1699710444,"views":4,"p1id":"aerom0de","p2id":"tor2009","formatid":"gen9nationaldexubers","rating":1032,"private":0,"password":""}