{"id":"gen9nationaldexubers-1986662617","p1":"Tesrytfytfy","p2":"AdrianGarcia1604","format":"[Gen 9] National Dex Ubers","log":"|j|\u2606Tesrytfytfy\n|j|\u2606AdrianGarcia1604\n|t:|1699504138\n|gametype|singles\n|player|p1|Tesrytfytfy|265|1029\n|player|p2|AdrianGarcia1604|ethan|1144\n|teamsize|p1|6\n|teamsize|p2|6\n|gen|9\n|tier|[Gen 9] National Dex Ubers\n|rated|\n|rule|HP Percentage Mod: HP is shown in percentages\n|rule|Endless Battle Clause: Forcing endless battles is banned\n|rule|OHKO Clause: OHKO moves are banned\n|rule|Evasion Moves Clause: Evasion moves are banned\n|rule|Evasion Items Clause: Evasion items are banned\n|rule|Species Clause: Limit one of each Pok\u00e9mon\n|rule|Sleep Clause Mod: Limit one foe put to sleep\n|rule|Mega Rayquaza Clause: You cannot mega evolve Rayquaza\n|clearpoke\n|poke|p1|Empoleon, F|\n|poke|p1|Ceruledge, M|\n|poke|p1|Aegislash, F|\n|poke|p1|Corviknight, M|\n|poke|p1|Meowscarada, M|\n|poke|p1|Salamence, F|\n|poke|p2|Tornadus, M|\n|poke|p2|Gardevoir, F|\n|poke|p2|Sneasler, F|\n|poke|p2|Kartana|\n|poke|p2|Meowscarada, F|\n|poke|p2|Cinderace, F|\n|teampreview\n|inactive|Battle timer is ON: inactive players will automatically lose when time's up. (requested by Tesrytfytfy)\n|\n|t:|1699504159\n|start\n|switch|p1a: Meowscarada|Meowscarada, M|100\/100\n|switch|p2a: Brutus|Tornadus, M, shiny|100\/100\n|turn|1\n|\n|t:|1699504168\n|switch|p1a: Corviknight|Corviknight, M|100\/100\n|-terastallize|p2a: Brutus|Psychic\n|move|p2a: Brutus|Tailwind|p2a: Brutus\n|-sidestart|p2: AdrianGarcia1604|move: Tailwind\n|\n|upkeep\n|turn|2\n|\n|t:|1699504185\n|switch|p2a: La Pulga .|Cinderace, F, shiny|100\/100\n|move|p1a: Corviknight|Taunt|p2a: La Pulga .\n|-start|p2a: La Pulga .|move: Taunt\n|\n|upkeep\n|turn|3\n|\n|t:|1699504193\n|switch|p1a: Ceruledge|Ceruledge, M|100\/100\n|move|p2a: La Pulga .|Pyro Ball|p1a: Ceruledge\n|-start|p1a: Ceruledge|ability: Flash Fire\n|\n|upkeep\n|turn|4\n|\n|t:|1699504203\n|move|p2a: La Pulga .|Sucker Punch||[still]\n|-fail|p2a: La Pulga .\n|move|p1a: Ceruledge|Swords Dance|p1a: Ceruledge\n|-boost|p1a: Ceruledge|atk|2\n|\n|-end|p2a: La Pulga .|move: Taunt\n|-sideend|p2: AdrianGarcia1604|move: Tailwind\n|upkeep\n|turn|5\n|\n|t:|1699504212\n|move|p2a: La Pulga .|Sucker Punch|p1a: Ceruledge\n|-start|p2a: La Pulga .|typechange|Dark|[from] ability: Libero\n|-supereffective|p1a: Ceruledge\n|-damage|p1a: Ceruledge|0 fnt\n|faint|p1a: Ceruledge\n|-damage|p2a: La Pulga .|91\/100|[from] item: Life Orb\n|\n|upkeep\n|\n|t:|1699504220\n|switch|p1a: Empoleo|Empoleon, F, shiny|100\/100\n|turn|6\n|\n|t:|1699504226\n|move|p2a: La Pulga .|U-turn|p1a: Empoleo\n|-resisted|p1a: Empoleo\n|-damage|p1a: Empoleo|82\/100\n|-damage|p2a: La Pulga .|81\/100|[from] item: Life Orb\n|\n|t:|1699504239\n|switch|p2a: Gatita|Sneasler, F, shiny|100\/100|[from] U-turn\n|-zpower|p1a: Empoleo\n|move|p1a: Empoleo|Hydro Vortex|p2a: Gatita|[zeffect]\n|-crit|p2a: Gatita\n|-damage|p2a: Gatita|0 fnt\n|faint|p2a: Gatita\n|\n|upkeep\n|\n|t:|1699504251\n|switch|p2a: Noctis|Kartana, shiny|100\/100\n|turn|7\n|\n|t:|1699504264\n|switch|p1a: Aegislash|Aegislash, F|100\/100\n|move|p2a: Noctis|Leaf Blade|p1a: Aegislash\n|-resisted|p1a: Aegislash\n|-damage|p1a: Aegislash|78\/100\n|\n|upkeep\n|turn|8\n|\n|t:|1699504271\n|-terastallize|p1a: Aegislash|Ghost\n|move|p2a: Noctis|Swords Dance|p2a: Noctis\n|-boost|p2a: Noctis|atk|2\n|move|p1a: Aegislash|Swords Dance|p1a: Aegislash\n|-boost|p1a: Aegislash|atk|2\n|\n|upkeep\n|turn|9\n|\n|t:|1699504287\n|-formechange|p1a: Aegislash|Aegislash-Blade||[from] ability: Stance Change\n|move|p1a: Aegislash|Shadow Sneak|p2a: Noctis\n|-damage|p2a: Noctis|26\/100\n|move|p2a: Noctis|Leaf Blade|p1a: Aegislash\n|-damage|p1a: Aegislash|0 fnt\n|faint|p1a: Aegislash\n|-ability|p2a: Noctis|Beast Boost|boost\n|-boost|p2a: Noctis|atk|1\n|\n|upkeep\n|\n|t:|1699504298\n|switch|p1a: Corviknight|Corviknight, M|100\/100\n|turn|10\n|\n|t:|1699504306\n|move|p2a: Noctis|Sacred Sword|p1a: Corviknight\n|-damage|p1a: Corviknight|33\/100\n|-damage|p2a: Noctis|10\/100|[from] item: Rocky Helmet|[of] p1a: Corviknight\n|move|p1a: Corviknight|Taunt|p2a: Noctis\n|-start|p2a: Noctis|move: Taunt\n|\n|upkeep\n|turn|11\n|\n|t:|1699504316\n|switch|p1a: Meowscarada|Meowscarada, M|100\/100\n|move|p2a: Noctis|Sacred Sword|p1a: Meowscarada\n|-supereffective|p1a: Meowscarada\n|-enditem|p1a: Meowscarada|Focus Sash\n|-damage|p1a: Meowscarada|1\/100\n|\n|upkeep\n|turn|12\n|\n|t:|1699504339\n|switch|p2a: La Pulga .|Cinderace, F, shiny|81\/100\n|move|p1a: Meowscarada|Knock Off|p2a: La Pulga .\n|-start|p1a: Meowscarada|typechange|Dark|[from] ability: Protean\n|-damage|p2a: La Pulga .|13\/100\n|-enditem|p2a: La Pulga .|Life Orb|[from] move: Knock Off|[of] p1a: Meowscarada\n|\n|upkeep\n|turn|13\n|\n|t:|1699504351\n|move|p2a: La Pulga .|Sucker Punch|p1a: Meowscarada\n|-start|p2a: La Pulga .|typechange|Dark|[from] ability: Libero\n|-resisted|p1a: Meowscarada\n|-damage|p1a: Meowscarada|0 fnt\n|faint|p1a: Meowscarada\n|\n|upkeep\n|\n|t:|1699504356\n|switch|p1a: Corviknight|Corviknight, M|33\/100\n|turn|14\n|\n|t:|1699504361\n|move|p2a: La Pulga .|Pyro Ball|p1a: Corviknight\n|-supereffective|p1a: Corviknight\n|-damage|p1a: Corviknight|0 fnt\n|faint|p1a: Corviknight\n|\n|upkeep\n|\n|t:|1699504365\n|switch|p1a: Salamence|Salamence, F|100\/100\n|-ability|p1a: Salamence|Intimidate|boost\n|-unboost|p2a: La Pulga .|atk|1\n|turn|15\n|\n|t:|1699504374\n|detailschange|p1a: Salamence|Salamence-Mega, F\n|-mega|p1a: Salamence|Salamence|Salamencite\n|move|p2a: La Pulga .|U-turn|p1a: Salamence\n|-resisted|p1a: Salamence\n|-damage|p1a: Salamence|95\/100\n|\n|t:|1699504382\n|switch|p2a: Violet|Gardevoir, F, shiny|100\/100|[from] U-turn\n|-ability|p2a: Violet|Aerilate|[from] ability: Trace|[of] p1a: Salamence\n|move|p1a: Salamence|Dragon Dance|p1a: Salamence\n|-boost|p1a: Salamence|atk|1\n|-boost|p1a: Salamence|spe|1\n|\n|upkeep\n|turn|16\n|\n|t:|1699504392\n|detailschange|p2a: Violet|Gardevoir-Mega, F, shiny\n|-mega|p2a: Violet|Gardevoir|Gardevoirite\n|move|p1a: Salamence|Crunch|p2a: Violet\n|-damage|p2a: Violet|8\/100\n|move|p2a: Violet|Hypnosis|p1a: Salamence\n|-status|p1a: Salamence|slp|[from] move: Hypnosis\n|\n|upkeep\n|turn|17\n|\n|t:|1699504405\n|switch|p1a: Empoleo|Empoleon, F, shiny|82\/100\n|move|p2a: Violet|Hypnosis|p1a: Empoleo\n|-message|Sleep Clause Mod activated.\n|-hint|Sleep Clause Mod prevents players from putting more than one of their opponent's Pok\u00e9mon to sleep at a time\n|\n|upkeep\n|turn|18\n|\n|t:|1699504413\n|move|p2a: Violet|Hypnosis|p1a: Empoleo\n|-message|Sleep Clause Mod activated.\n|-hint|Sleep Clause Mod prevents players from putting more than one of their opponent's Pok\u00e9mon to sleep at a time\n|move|p1a: Empoleo|Flash Cannon|p2a: Violet\n|-supereffective|p2a: Violet\n|-damage|p2a: Violet|0 fnt\n|faint|p2a: Violet\n|\n|upkeep\n|\n|t:|1699504424\n|switch|p2a: Raven|Meowscarada, F, shiny|100\/100\n|turn|19\n|\n|t:|1699504433\n|move|p2a: Raven|Seed Bomb|p1a: Empoleo\n|-start|p2a: Raven|typechange|Grass|[from] ability: Protean\n|-damage|p1a: Empoleo|22\/100\n|-damage|p2a: Raven|91\/100|[from] item: Life Orb\n|move|p1a: Empoleo|Flip Turn|p2a: Raven\n|-resisted|p2a: Raven\n|-damage|p2a: Raven|71\/100\n|\n|t:|1699504440\n|switch|p1a: Salamence|Salamence-Mega, F|95\/100 slp|[from] Flip Turn\n|\n|upkeep\n|turn|20\n|\n|t:|1699504449\n|move|p2a: Raven|Thunder Punch|p1a: Salamence\n|-damage|p1a: Salamence|68\/100 slp\n|-damage|p2a: Raven|61\/100|[from] item: Life Orb\n|cant|p1a: Salamence|slp\n|\n|upkeep\n|turn|21\n|\n|t:|1699504472\n|move|p2a: Raven|Play Rough|p1a: Salamence\n|-supereffective|p1a: Salamence\n|-damage|p1a: Salamence|8\/100 slp\n|-damage|p2a: Raven|52\/100|[from] item: Life Orb\n|-curestatus|p1a: Salamence|slp|[msg]\n|move|p1a: Salamence|Roost|p1a: Salamence\n|-heal|p1a: Salamence|58\/100\n|-singleturn|p1a: Salamence|move: Roost\n|\n|upkeep\n|turn|22\n|\n|t:|1699504492\n|move|p2a: Raven|Play Rough|p1a: Salamence\n|-supereffective|p1a: Salamence\n|-damage|p1a: Salamence|0 fnt\n|faint|p1a: Salamence\n|-damage|p2a: Raven|42\/100|[from] item: Life Orb\n|\n|upkeep\n|\n|t:|1699504498\n|switch|p1a: Empoleo|Empoleon, F, shiny|22\/100\n|turn|23\n|\n|t:|1699504502\n|move|p2a: Raven|Seed Bomb|p1a: Empoleo\n|-damage|p1a: Empoleo|0 fnt\n|faint|p1a: Empoleo\n|-damage|p2a: Raven|32\/100|[from] item: Life Orb\n|\n|win|AdrianGarcia1604\n|raw|Tesrytfytfy's rating: 1029 &rarr; <strong>1019<\/strong><br \/>(-10 for losing)\n|raw|AdrianGarcia1604's rating: 1144 &rarr; <strong>1161<\/strong><br \/>(+17 for winning)\n|l|\u2606Tesrytfytfy\n","uploadtime":1699504512,"views":14,"p1id":"tesrytfytfy","p2id":"adriangarcia1604","formatid":"gen9nationaldexubers","rating":1019,"private":0,"password":""}