{"id":"gen9nationaldexubers-1992779237","p1":"BigManGirl69","p2":"Brookiedeity","format":"[Gen 9] National Dex Ubers","log":"|j|\u2606BigManGirl69\n|j|\u2606Brookiedeity\n|t:|1700234717\n|gametype|singles\n|player|p1|BigManGirl69|dawn|1026\n|player|p2|Brookiedeity|cilan|1134\n|teamsize|p1|6\n|teamsize|p2|6\n|gen|9\n|tier|[Gen 9] National Dex Ubers\n|rated|\n|rule|HP Percentage Mod: HP is shown in percentages\n|rule|Endless Battle Clause: Forcing endless battles is banned\n|rule|OHKO Clause: OHKO moves are banned\n|rule|Evasion Moves Clause: Evasion moves are banned\n|rule|Evasion Items Clause: Evasion items are banned\n|rule|Species Clause: Limit one of each Pok\u00e9mon\n|rule|Sleep Clause Mod: Limit one foe put to sleep\n|rule|Mega Rayquaza Clause: You cannot mega evolve Rayquaza\n|clearpoke\n|poke|p1|Greninja-*, M|\n|poke|p1|Charizard, M|\n|poke|p1|Gardevoir, F|\n|poke|p1|Lucario, M|\n|poke|p1|Pyukumuku, M|\n|poke|p1|Togekiss, F|\n|poke|p2|Magearna|\n|poke|p2|Hippowdon, M|\n|poke|p2|Ferrothorn, M|\n|poke|p2|Slowbro, M|\n|poke|p2|Shuckle, F|\n|poke|p2|Guzzlord|\n|teampreview\n|inactive|Battle timer is ON: inactive players will automatically lose when time's up. (requested by BigManGirl69)\n|\n|t:|1700234730\n|start\n|switch|p1a: Togekiss|Togekiss, F|100\/100\n|switch|p2a: Slowbro|Slowbro, M|100\/100\n|turn|1\n|\n|t:|1700234737\n|detailschange|p2a: Slowbro|Slowbro-Mega, M\n|-mega|p2a: Slowbro|Slowbro|Slowbronite\n|move|p1a: Togekiss|Ancient Power|p2a: Slowbro\n|-damage|p2a: Slowbro|79\/100\n|move|p2a: Slowbro|Future Sight|p1a: Togekiss\n|-start|p2a: Slowbro|move: Future Sight\n|\n|upkeep\n|turn|2\n|\n|t:|1700234750\n|move|p1a: Togekiss|Ancient Power|p2a: Slowbro\n|-damage|p2a: Slowbro|59\/100\n|-boost|p1a: Togekiss|atk|1\n|-boost|p1a: Togekiss|def|1\n|-boost|p1a: Togekiss|spa|1\n|-boost|p1a: Togekiss|spd|1\n|-boost|p1a: Togekiss|spe|1\n|move|p2a: Slowbro|Trick Room|p2a: Slowbro\n|-fieldstart|move: Trick Room|[of] p2a: Slowbro\n|\n|upkeep\n|turn|3\n|\n|t:|1700234759\n|move|p2a: Slowbro|Scald|p1a: Togekiss\n|-damage|p1a: Togekiss|78\/100\n|move|p1a: Togekiss|Ancient Power|p2a: Slowbro\n|-damage|p2a: Slowbro|29\/100\n|\n|-end|p1a: Togekiss|move: Future Sight\n|-damage|p1a: Togekiss|47\/100\n|upkeep\n|turn|4\n|\n|t:|1700234768\n|move|p2a: Slowbro|Slack Off|p2a: Slowbro\n|-heal|p2a: Slowbro|79\/100\n|move|p1a: Togekiss|Ancient Power|p2a: Slowbro\n|-damage|p2a: Slowbro|49\/100\n|\n|upkeep\n|turn|5\n|\n|t:|1700234774\n|move|p2a: Slowbro|Future Sight|p1a: Togekiss\n|-start|p2a: Slowbro|move: Future Sight\n|move|p1a: Togekiss|Ancient Power|p2a: Slowbro\n|-damage|p2a: Slowbro|19\/100\n|-boost|p1a: Togekiss|atk|1\n|-boost|p1a: Togekiss|def|1\n|-boost|p1a: Togekiss|spa|1\n|-boost|p1a: Togekiss|spd|1\n|-boost|p1a: Togekiss|spe|1\n|\n|upkeep\n|turn|6\n|\n|t:|1700234782\n|move|p2a: Slowbro|Slack Off|p2a: Slowbro\n|-heal|p2a: Slowbro|69\/100\n|move|p1a: Togekiss|Ancient Power|p2a: Slowbro\n|-damage|p2a: Slowbro|29\/100\n|\n|-fieldend|move: Trick Room\n|upkeep\n|turn|7\n|\n|t:|1700234791\n|move|p1a: Togekiss|Ancient Power|p2a: Slowbro\n|-damage|p2a: Slowbro|0 fnt\n|faint|p2a: Slowbro\n|\n|-end|p1a: Togekiss|move: Future Sight\n|-damage|p1a: Togekiss|22\/100\n|upkeep\n|\n|t:|1700234798\n|switch|p2a: Magearna|Magearna|100\/100\n|turn|8\n|\n|t:|1700234804\n|move|p1a: Togekiss|Roost|p1a: Togekiss\n|-heal|p1a: Togekiss|72\/100\n|-singleturn|p1a: Togekiss|move: Roost\n|move|p2a: Magearna|Heart Swap|p1a: Togekiss\n|-swapboost|p2a: Magearna|p1a: Togekiss|[from] move: Heart Swap\n|\n|upkeep\n|turn|9\n|n|!BigManGirl69|bigmangirl69\n|-message|BigManGirl69 forfeited.\n|\n|win|Brookiedeity\n|raw|BigManGirl69's rating: 1026 &rarr; <strong>1016<\/strong><br \/>(-10 for losing)\n|raw|Brookiedeity's rating: 1134 &rarr; <strong>1151<\/strong><br \/>(+17 for winning)\n","uploadtime":1700234813,"views":8,"p1id":"bigmangirl69","p2id":"brookiedeity","formatid":"gen9nationaldexubers","rating":1016,"private":0,"password":""}