{"id":"gen9nationaldexubers-1998521192","p1":"NerdsJV","p2":"The Kitten Boy","format":"[Gen 9] National Dex Ubers","log":"|j|\u2606NerdsJV\n|j|\u2606The Kitten Boy\n|t:|1700951766\n|gametype|singles\n|player|p1|NerdsJV|marnie|\n|player|p2|The Kitten Boy|kimonogirl|\n|teamsize|p1|5\n|teamsize|p2|5\n|gen|9\n|tier|[Gen 9] National Dex Ubers\n|rule|HP Percentage Mod: HP is shown in percentages\n|rule|Endless Battle Clause: Forcing endless battles is banned\n|rule|OHKO Clause: OHKO moves are banned\n|rule|Evasion Moves Clause: Evasion moves are banned\n|rule|Evasion Items Clause: Evasion items are banned\n|rule|Species Clause: Limit one of each Pok\u00e9mon\n|rule|Sleep Clause Mod: Limit one foe put to sleep\n|rule|Mega Rayquaza Clause: You cannot mega evolve Rayquaza\n|clearpoke\n|poke|p1|Sobble, L20, F|\n|poke|p1|Surskit, L20, M|\n|poke|p1|Meowth, L20, M|\n|poke|p1|Geodude, L20, M|\n|poke|p1|Oddish, L20, F|\n|poke|p2|Bulbasaur, L20, F|\n|poke|p2|Bronzor, L20|\n|poke|p2|Buizel, L20, F|\n|poke|p2|Glameow, L20, M|\n|poke|p2|Electrike, L20, M|\n|teampreview\n|\n|t:|1700951774\n|start\n|switch|p1a: Olberic|Meowth, L20, M|100\/100\n|switch|p2a: Tom|Glameow, L20, M|100\/100\n|turn|1\n|\n|t:|1700951778\n|switch|p2a: Flora|Bulbasaur, L20, F|100\/100\n|move|p1a: Olberic|Fake Out|p2a: Flora\n|-damage|p2a: Flora|81\/100\n|-damage|p1a: Olberic|91\/100|[from] item: Life Orb\n|\n|upkeep\n|turn|2\n|\n|t:|1700951782\n|move|p1a: Olberic|Knock Off|p2a: Flora\n|-damage|p2a: Flora|60\/100\n|-enditem|p2a: Flora|Eviolite|[from] move: Knock Off|[of] p1a: Olberic\n|-damage|p1a: Olberic|81\/100|[from] item: Life Orb\n|move|p2a: Flora|Leech Seed|p1a: Olberic\n|-start|p1a: Olberic|move: Leech Seed\n|\n|-damage|p1a: Olberic|70\/100|[from] Leech Seed|[of] p2a: Flora\n|-heal|p2a: Flora|69\/100|[silent]\n|upkeep\n|turn|3\n|\n|t:|1700951789\n|switch|p1a: Willow|Oddish, L20, F|100\/100\n|move|p2a: Flora|Sludge Bomb|p1a: Willow\n|-damage|p1a: Willow|75\/100\n|\n|upkeep\n|turn|4\n|\n|t:|1700951795\n|move|p2a: Flora|Sludge Bomb|p1a: Willow\n|-damage|p1a: Willow|49\/100\n|move|p1a: Willow|Sludge Bomb|p2a: Flora\n|-damage|p2a: Flora|31\/100\n|\n|upkeep\n|turn|5\n|\n|t:|1700951799\n|move|p2a: Flora|Sludge Bomb|p1a: Willow\n|-damage|p1a: Willow|23\/100\n|move|p1a: Willow|Strength Sap|p2a: Flora\n|-unboost|p2a: Flora|atk|1\n|-heal|p1a: Willow|57\/100\n|\n|upkeep\n|turn|6\n|\n|t:|1700951801\n|move|p2a: Flora|Sludge Bomb|p1a: Willow\n|-damage|p1a: Willow|31\/100\n|move|p1a: Willow|Sludge Bomb|p2a: Flora\n|-damage|p2a: Flora|0 fnt\n|faint|p2a: Flora\n|\n|upkeep\n|\n|t:|1700951817\n|switch|p2a: Tom|Glameow, L20, M|100\/100\n|turn|7\n|\n|t:|1700951824\n|move|p2a: Tom|Fake Out|p1a: Willow\n|-damage|p1a: Willow|20\/100\n|cant|p1a: Willow|flinch\n|\n|upkeep\n|turn|8\n|\n|t:|1700951828\n|move|p2a: Tom|Return|p1a: Willow\n|-damage|p1a: Willow|0 fnt\n|faint|p1a: Willow\n|\n|upkeep\n|\n|t:|1700951839\n|switch|p1a: Sora|Surskit, L20, M|100\/100\n|turn|9\n|\n|t:|1700951846\n|move|p2a: Tom|Return|p1a: Sora\n|-damage|p1a: Sora|2\/100\n|move|p1a: Sora|Hydro Pump|p2a: Tom\n|-damage|p2a: Tom|0 fnt\n|faint|p2a: Tom\n|\n|upkeep\n|\n|t:|1700951851\n|switch|p2a: Bolt|Electrike, L20, M|100\/100\n|turn|10\n|\n|t:|1700951854\n|move|p2a: Bolt|Hidden Power|p1a: Sora\n|-resisted|p1a: Sora\n|-damage|p1a: Sora|0 fnt\n|faint|p1a: Sora\n|\n|upkeep\n|\n|t:|1700951857\n|switch|p1a: Pietro|Geodude, L20, M|100\/100\n|turn|11\n|\n|t:|1700951861\n|move|p2a: Bolt|Hidden Power|p1a: Pietro\n|-supereffective|p1a: Pietro\n|-ability|p1a: Pietro|Sturdy\n|-damage|p1a: Pietro|2\/100\n|move|p1a: Pietro|Earthquake|p2a: Bolt\n|-supereffective|p2a: Bolt\n|-damage|p2a: Bolt|0 fnt\n|faint|p2a: Bolt\n|\n|upkeep\n|\n|t:|1700951864\n|switch|p2a: Bronzor|Bronzor, L20|100\/100\n|turn|12\n|-enditem|p1a: Pietro|Custap Berry|[eat]\n|-activate|p1a: Pietro|item: Custap Berry|[consumed]\n|\n|t:|1700951868\n|move|p1a: Pietro|Explosion|p2a: Bronzor\n|-resisted|p2a: Bronzor\n|-damage|p2a: Bronzor|78\/100\n|faint|p1a: Pietro\n|move|p2a: Bronzor|Iron Defense|p2a: Bronzor\n|-boost|p2a: Bronzor|def|2\n|\n|upkeep\n|\n|t:|1700951877\n|switch|p1a: Charlie|Sobble, L20, F|100\/100\n|turn|13\n|\n|t:|1700951880\n|move|p1a: Charlie|Hydro Pump|p2a: Bronzor\n|-damage|p2a: Bronzor|30\/100\n|move|p2a: Bronzor|Calm Mind|p2a: Bronzor\n|-boost|p2a: Bronzor|spa|1\n|-boost|p2a: Bronzor|spd|1\n|\n|upkeep\n|turn|14\n|\n|t:|1700951884\n|move|p1a: Charlie|Hydro Pump|p2a: Bronzor\n|-damage|p2a: Bronzor|0 fnt\n|faint|p2a: Bronzor\n|\n|upkeep\n|\n|t:|1700951886\n|switch|p2a: Sandy|Buizel, L20, F|100\/100\n|turn|15\n|\n|t:|1700951888\n|move|p2a: Sandy|Crunch|p1a: Charlie\n|-damage|p1a: Charlie|25\/100\n|-unboost|p1a: Charlie|def|1\n|-damage|p2a: Sandy|92\/100|[from] item: Life Orb\n|move|p1a: Charlie|Hydro Pump|p2a: Sandy|[miss]\n|-miss|p1a: Charlie|p2a: Sandy\n|\n|upkeep\n|turn|16\n|\n|t:|1700951891\n|move|p2a: Sandy|Crunch|p1a: Charlie\n|-damage|p1a: Charlie|0 fnt\n|faint|p1a: Charlie\n|-damage|p2a: Sandy|83\/100|[from] item: Life Orb\n|\n|upkeep\n|\n|t:|1700951893\n|switch|p1a: Olberic|Meowth, L20, M|70\/100\n|turn|17\n|\n|t:|1700951897\n|move|p1a: Olberic|Fake Out|p2a: Sandy\n|-damage|p2a: Sandy|14\/100\n|-damage|p1a: Olberic|60\/100|[from] item: Life Orb\n|cant|p2a: Sandy|flinch\n|\n|upkeep\n|turn|18\n|\n|t:|1700951900\n|move|p2a: Sandy|Aqua Jet|p1a: Olberic\n|-damage|p1a: Olberic|4\/100\n|-damage|p2a: Sandy|6\/100|[from] item: Life Orb\n|move|p1a: Olberic|Return|p2a: Sandy\n|-damage|p2a: Sandy|0 fnt\n|faint|p2a: Sandy\n|-damage|p1a: Olberic|0 fnt|[from] item: Life Orb\n|faint|p1a: Olberic\n|\n|win|NerdsJV\n|c|\u2606NerdsJV|GANHEI PORRA\n","uploadtime":1700951920,"views":7,"p1id":"nerdsjv","p2id":"thekittenboy","formatid":"gen9nationaldexubers","rating":0,"private":0,"password":""}