{"id":"gen9nationaldexubers-1978649951","p1":"XX_1nfinity_XX","p2":"Ginesect","format":"[Gen 9] National Dex Ubers","log":"|j|\u2606XX_1nfinity_XX\n|j|\u2606Ginesect\n|t:|1698574716\n|gametype|singles\n|player|p1|XX_1nfinity_XX|lucas|\n|player|p2|Ginesect|artist-gen4|\n|teamsize|p1|6\n|teamsize|p2|6\n|gen|9\n|tier|[Gen 9] National Dex Ubers\n|rule|HP Percentage Mod: HP is shown in percentages\n|rule|Endless Battle Clause: Forcing endless battles is banned\n|rule|OHKO Clause: OHKO moves are banned\n|rule|Evasion Moves Clause: Evasion moves are banned\n|rule|Evasion Items Clause: Evasion items are banned\n|rule|Species Clause: Limit one of each Pok\u00e9mon\n|rule|Sleep Clause Mod: Limit one foe put to sleep\n|rule|Mega Rayquaza Clause: You cannot mega evolve Rayquaza\n|clearpoke\n|poke|p1|Medicham, M|\n|poke|p1|Ogerpon-Wellspring, F|\n|poke|p1|Alomomola, F|\n|poke|p1|Chansey, F|\n|poke|p1|Blacephalon|\n|poke|p1|Cinderace, M|\n|poke|p2|Chien-Pao|\n|poke|p2|Heatran, M|\n|poke|p2|Samurott-Hisui, F|\n|poke|p2|Sableye, F|\n|poke|p2|Greninja-*, F|\n|poke|p2|Meowscarada, F|\n|teampreview\n|inactive|Battle timer is ON: inactive players will automatically lose when time's up. (requested by XX_1nfinity_XX)\n|\n|t:|1698574736\n|start\n|switch|p1a: Ace from OP|Cinderace, M|100\/100\n|switch|p2a: Meowscarada|Meowscarada, F|100\/100\n|turn|1\n|\n|t:|1698574741\n|move|p2a: Meowscarada|U-turn|p1a: Ace from OP\n|-start|p2a: Meowscarada|typechange|Bug|[from] ability: Protean\n|-resisted|p1a: Ace from OP\n|-damage|p1a: Ace from OP|69\/100\n|-damage|p2a: Meowscarada|91\/100|[from] item: Life Orb\n|\n|t:|1698574752\n|switch|p2a: Sableye|Sableye, F|100\/100|[from] U-turn\n|move|p1a: Ace from OP|U-turn|p2a: Sableye\n|-damage|p2a: Sableye|74\/100\n|\n|t:|1698574757\n|switch|p1a: Party|Blacephalon|100\/100|[from] U-turn\n|\n|upkeep\n|turn|2\n|\n|t:|1698574763\n|switch|p2a: Heatran|Heatran, M|100\/100\n|-item|p2a: Heatran|Air Balloon\n|move|p1a: Party|Shadow Ball|p2a: Heatran\n|-crit|p2a: Heatran\n|-damage|p2a: Heatran|45\/100\n|-unboost|p2a: Heatran|spd|1\n|-enditem|p2a: Heatran|Air Balloon\n|\n|upkeep\n|turn|3\n|\n|t:|1698574770\n|switch|p2a: Samurott|Samurott-Hisui, F|100\/100\n|move|p1a: Party|Shadow Ball|p2a: Samurott\n|-resisted|p2a: Samurott\n|-damage|p2a: Samurott|65\/100\n|\n|upkeep\n|turn|4\n|\n|t:|1698574774\n|switch|p1a: Big Fesh|Alomomola, F|100\/100\n|move|p2a: Samurott|Ceaseless Edge|p1a: Big Fesh\n|-damage|p1a: Big Fesh|73\/100\n|-sidestart|p1: XX_1nfinity_XX|Spikes\n|\n|-heal|p1a: Big Fesh|79\/100|[from] item: Leftovers\n|upkeep\n|turn|5\n|\n|t:|1698574780\n|move|p2a: Samurott|Ceaseless Edge|p1a: Big Fesh\n|-damage|p1a: Big Fesh|54\/100\n|-sidestart|p1: XX_1nfinity_XX|Spikes\n|move|p1a: Big Fesh|Flip Turn|p2a: Samurott\n|-resisted|p2a: Samurott\n|-damage|p2a: Samurott|55\/100\n|\n|t:|1698574784\n|switch|p1a: Zoa's Daughter|Ogerpon-Wellspring, F|100\/100|[from] Flip Turn\n|-damage|p1a: Zoa's Daughter|84\/100|[from] Spikes\n|\n|upkeep\n|turn|6\n|\n|t:|1698574796\n|switch|p2a: Meowscarada|Meowscarada, F|91\/100\n|move|p1a: Zoa's Daughter|Trailblaze|p2a: Meowscarada\n|-resisted|p2a: Meowscarada\n|-crit|p2a: Meowscarada\n|-damage|p2a: Meowscarada|54\/100\n|-boost|p1a: Zoa's Daughter|spe|1\n|\n|upkeep\n|turn|7\n|\n|t:|1698574806\n|move|p1a: Zoa's Daughter|Horn Leech|p2a: Meowscarada\n|-resisted|p2a: Meowscarada\n|-damage|p2a: Meowscarada|17\/100\n|-heal|p1a: Zoa's Daughter|100\/100|[from] drain|[of] p2a: Meowscarada\n|move|p2a: Meowscarada|U-turn|p1a: Zoa's Daughter\n|-start|p2a: Meowscarada|typechange|Bug|[from] ability: Protean\n|-supereffective|p1a: Zoa's Daughter\n|-damage|p1a: Zoa's Daughter|0 fnt\n|faint|p1a: Zoa's Daughter\n|-damage|p2a: Meowscarada|7\/100|[from] item: Life Orb\n|c|\u2606XX_1nfinity_XX|ooofff\n|\n|t:|1698574818\n|switch|p2a: Samurott|Samurott-Hisui, F|55\/100|[from] U-turn\n|\n|upkeep\n|\n|t:|1698574823\n|switch|p1a: Ace from OP|Cinderace, M|69\/100\n|turn|8\n|\n|t:|1698574830\n|move|p2a: Samurott|Aqua Jet|p1a: Ace from OP\n|-supereffective|p1a: Ace from OP\n|-damage|p1a: Ace from OP|13\/100\n|move|p1a: Ace from OP|Court Change|p1a: Ace from OP\n|-swapsideconditions\n|-activate|p1a: Ace from OP|move: Court Change\n|\n|upkeep\n|turn|9\n|c|\u2606XX_1nfinity_XX|wait uhh wrong ability\n|\n|t:|1698574843\n|move|p1a: Ace from OP|Sucker Punch|p2a: Samurott\n|-resisted|p2a: Samurott\n|-damage|p2a: Samurott|40\/100\n|move|p2a: Samurott|Aqua Jet|p1a: Ace from OP\n|-supereffective|p1a: Ace from OP\n|-damage|p1a: Ace from OP|0 fnt\n|faint|p1a: Ace from OP\n|\n|upkeep\n|\n|t:|1698574849\n|switch|p1a: GOAT|Medicham, M|100\/100\n|turn|10\n|\n|t:|1698574854\n|switch|p2a: Sableye|Sableye, F|74\/100\n|-damage|p2a: Sableye|58\/100|[from] Spikes\n|detailschange|p1a: GOAT|Medicham-Mega, M\n|-mega|p1a: GOAT|Medicham|Medichamite\n|move|p1a: GOAT|Close Combat|p2a: Sableye\n|-immune|p2a: Sableye\n|\n|upkeep\n|turn|11\n|\n|t:|1698574859\n|switch|p1a: Big Fesh|Alomomola, F|88\/100\n|move|p2a: Sableye|Will-O-Wisp|p1a: Big Fesh\n|-status|p1a: Big Fesh|brn\n|\n|-heal|p1a: Big Fesh|94\/100 brn|[from] item: Leftovers\n|-damage|p1a: Big Fesh|88\/100 brn|[from] brn\n|upkeep\n|turn|12\n|\n|t:|1698574864\n|move|p2a: Sableye|Recover|p2a: Sableye\n|-heal|p2a: Sableye|100\/100\n|move|p1a: Big Fesh|Flip Turn|p2a: Sableye\n|-damage|p2a: Sableye|90\/100\n|\n|t:|1698574867\n|switch|p1a: Party|Blacephalon|100\/100|[from] Flip Turn\n|\n|upkeep\n|turn|13\n|\n|t:|1698574881\n|move|p1a: Party|Mind Blown|p2a: Sableye\n|-damage|p2a: Sableye|0 fnt\n|-damage|p1a: Party|50\/100|[from] mindblown\n|faint|p2a: Sableye\n|-ability|p1a: Party|Beast Boost|boost\n|-boost|p1a: Party|spa|1\n|\n|upkeep\n|\n|t:|1698574898\n|switch|p2a: Greninja|Greninja, F|100\/100\n|-damage|p2a: Greninja|84\/100|[from] Spikes\n|turn|14\n|\n|t:|1698574905\n|switch|p1a: Ball|Chansey, F|100\/100\n|move|p2a: Greninja|Dark Pulse|p1a: Ball\n|-start|p2a: Greninja|typechange|Dark|[from] ability: Protean\n|-damage|p1a: Ball|87\/100\n|-damage|p2a: Greninja|74\/100|[from] item: Life Orb\n|\n|upkeep\n|turn|15\n|\n|t:|1698574908\n|move|p2a: Greninja|U-turn|p1a: Ball\n|-damage|p1a: Ball|74\/100\n|-damage|p2a: Greninja|64\/100|[from] item: Life Orb\n|\n|t:|1698574912\n|switch|p2a: Samurott|Samurott-Hisui, F|40\/100|[from] U-turn\n|-damage|p2a: Samurott|23\/100|[from] Spikes\n|move|p1a: Ball|Teleport|p1a: Ball\n|\n|t:|1698574914\n|switch|p1a: GOAT|Medicham-Mega, M|100\/100|[from] Teleport\n|\n|upkeep\n|turn|16\n|\n|t:|1698574921\n|move|p1a: GOAT|Fake Out|p2a: Samurott\n|-damage|p2a: Samurott|0 fnt\n|faint|p2a: Samurott\n|\n|upkeep\n|\n|t:|1698574933\n|switch|p2a: Meowscarada|Meowscarada, F|7\/100\n|-damage|p2a: Meowscarada|0 fnt|[from] Spikes\n|faint|p2a: Meowscarada\n|\n|t:|1698574938\n|switch|p2a: Greninja|Greninja, F|64\/100\n|-damage|p2a: Greninja|48\/100|[from] Spikes\n|turn|17\n|c|\u2606XX_1nfinity_XX|this is the best core you cant win\n|\n|t:|1698574950\n|switch|p1a: Ball|Chansey, F|74\/100\n|move|p2a: Greninja|U-turn|p1a: Ball\n|-start|p2a: Greninja|typechange|Bug|[from] ability: Protean\n|-damage|p1a: Ball|58\/100\n|-damage|p2a: Greninja|38\/100|[from] item: Life Orb\n|\n|t:|1698574954\n|switch|p2a: Chien-Pao|Chien-Pao|100\/100|[from] U-turn\n|-damage|p2a: Chien-Pao|84\/100|[from] Spikes\n|-ability|p2a: Chien-Pao|Sword of Ruin\n|\n|upkeep\n|turn|18\n|c|\u2606XX_1nfinity_XX|i just switch around and go back to medi\n|\n|t:|1698574964\n|switch|p1a: Party|Blacephalon|50\/100\n|-terastallize|p2a: Chien-Pao|Dark\n|move|p2a: Chien-Pao|Crunch|p1a: Party\n|-supereffective|p1a: Party\n|-damage|p1a: Party|0 fnt\n|faint|p1a: Party\n|\n|upkeep\n|\n|t:|1698574966\n|switch|p1a: GOAT|Medicham-Mega, M|100\/100\n|turn|19\n|c|\u2606XX_1nfinity_XX|uhh\n|c|\u2606XX_1nfinity_XX|wait hold on\n|c|\u2606XX_1nfinity_XX|dint you restrict tera on gym aces\n|\n|t:|1698574988\n|switch|p2a: Heatran|Heatran, M|45\/100\n|-damage|p2a: Heatran|28\/100|[from] Spikes\n|move|p1a: GOAT|Fake Out|p2a: Heatran\n|-resisted|p2a: Heatran\n|-damage|p2a: Heatran|18\/100\n|\n|upkeep\n|turn|20\n|c|\u2606Ginesect|No\n|c|\u2606Ginesect|Who said that\n|c|\u2606XX_1nfinity_XX|you\n|c|\u2606Ginesect|Tera is allowed\n|c|\u2606Ginesect|Duh\n|j| Fiaro's\n|inactive|Ginesect has 270 seconds left.\n|c|\u2606XX_1nfinity_XX|on gym ace?\n|c|\u2606Ginesect|yeah\n|c|\u2606XX_1nfinity_XX|ok\n|inactive|Ginesect has 240 seconds left.\n|c|\u2606Ginesect|Check the gym ace channel\n|c|\u2606XX_1nfinity_XX|whatever\n|c|\u2606Ginesect|It's not banned yet\n|\n|t:|1698575061\n|move|p1a: GOAT|Close Combat|p2a: Heatran\n|-supereffective|p2a: Heatran\n|-damage|p2a: Heatran|0 fnt\n|-unboost|p1a: GOAT|def|1\n|-unboost|p1a: GOAT|spd|1\n|faint|p2a: Heatran\n|\n|upkeep\n|\n|t:|1698575067\n|switch|p2a: Chien-Pao|Chien-Pao, tera:Dark|84\/100\n|-damage|p2a: Chien-Pao|67\/100|[from] Spikes\n|-ability|p2a: Chien-Pao|Sword of Ruin\n|turn|21\n|\n|t:|1698575071\n|switch|p1a: Big Fesh|Alomomola, F|100\/100 brn\n|move|p2a: Chien-Pao|Crunch|p1a: Big Fesh\n|-damage|p1a: Big Fesh|48\/100 brn\n|-unboost|p1a: Big Fesh|def|1\n|\n|-heal|p1a: Big Fesh|55\/100 brn|[from] item: Leftovers\n|-damage|p1a: Big Fesh|48\/100 brn|[from] brn\n|upkeep\n|turn|22\n|\n|t:|1698575074\n|move|p1a: Big Fesh|Protect|p1a: Big Fesh\n|-singleturn|p1a: Big Fesh|Protect\n|move|p2a: Chien-Pao|Crunch|p1a: Big Fesh\n|-activate|p1a: Big Fesh|move: Protect\n|\n|-heal|p1a: Big Fesh|55\/100 brn|[from] item: Leftovers\n|-damage|p1a: Big Fesh|48\/100 brn|[from] brn\n|upkeep\n|turn|23\n|\n|t:|1698575079\n|switch|p1a: Ball|Chansey, F|58\/100\n|move|p2a: Chien-Pao|Crunch|p1a: Ball\n|-damage|p1a: Ball|0 fnt\n|faint|p1a: Ball\n|\n|upkeep\n|\n|t:|1698575082\n|switch|p1a: GOAT|Medicham-Mega, M|100\/100\n|turn|24\n|inactive|Ginesect has 270 seconds left.\n|\n|t:|1698575088\n|switch|p2a: Greninja|Greninja, F|38\/100\n|-damage|p2a: Greninja|22\/100|[from] Spikes\n|move|p1a: GOAT|Fake Out|p2a: Greninja\n|-damage|p2a: Greninja|0 fnt\n|faint|p2a: Greninja\n|\n|upkeep\n|\n|t:|1698575089\n|switch|p2a: Chien-Pao|Chien-Pao, tera:Dark|67\/100\n|-damage|p2a: Chien-Pao|51\/100|[from] Spikes\n|-ability|p2a: Chien-Pao|Sword of Ruin\n|turn|25\n|\n|t:|1698575092\n|switch|p1a: Big Fesh|Alomomola, F|82\/100 brn\n|move|p2a: Chien-Pao|Crunch|p1a: Big Fesh\n|-damage|p1a: Big Fesh|23\/100 brn\n|\n|-heal|p1a: Big Fesh|29\/100 brn|[from] item: Leftovers\n|-damage|p1a: Big Fesh|23\/100 brn|[from] brn\n|upkeep\n|turn|26\n|\n|t:|1698575095\n|move|p2a: Chien-Pao|Crunch|p1a: Big Fesh\n|-damage|p1a: Big Fesh|0 fnt\n|faint|p1a: Big Fesh\n|\n|upkeep\n|\n|t:|1698575097\n|switch|p1a: GOAT|Medicham-Mega, M|100\/100\n|turn|27\n|\n|t:|1698575099\n|move|p1a: GOAT|Fake Out|p2a: Chien-Pao\n|-damage|p2a: Chien-Pao|19\/100\n|cant|p2a: Chien-Pao|flinch\n|\n|upkeep\n|turn|28\n|c|\u2606XX_1nfinity_XX|yep ggs\n|\n|t:|1698575105\n|move|p1a: GOAT|Bullet Punch|p2a: Chien-Pao\n|-damage|p2a: Chien-Pao|0 fnt\n|faint|p2a: Chien-Pao\n|\n|win|XX_1nfinity_XX\n|c|\u2606Ginesect|Ah gg\n|l|\u2606Ginesect\n|l| Fiaro's\n|j|\u2606Ginesect\n|player|p2|Ginesect|artist-gen4\n","uploadtime":1698575110,"views":18,"p1id":"xx1nfinityxx","p2id":"ginesect","formatid":"gen9nationaldexubers","rating":0,"private":0,"password":""}