{"id":"gen9nationaldexubers-1991975658","p1":"Le_Fiishe","p2":"MatMerguez","format":"[Gen 9] National Dex Ubers","log":"|j|\u2606Le_Fiishe\n|j|\u2606MatMerguez\n|t:|1700144270\n|gametype|singles\n|player|p1|Le_Fiishe|hilbert|1164\n|player|p2|MatMerguez|marshal|1222\n|teamsize|p1|6\n|teamsize|p2|6\n|gen|9\n|tier|[Gen 9] National Dex Ubers\n|rated|\n|rule|HP Percentage Mod: HP is shown in percentages\n|rule|Endless Battle Clause: Forcing endless battles is banned\n|rule|OHKO Clause: OHKO moves are banned\n|rule|Evasion Moves Clause: Evasion moves are banned\n|rule|Evasion Items Clause: Evasion items are banned\n|rule|Species Clause: Limit one of each Pok\u00e9mon\n|rule|Sleep Clause Mod: Limit one foe put to sleep\n|rule|Mega Rayquaza Clause: You cannot mega evolve Rayquaza\n|clearpoke\n|poke|p1|Pyukumuku, F|\n|poke|p1|Moltres-Galar|\n|poke|p1|Zapdos-Galar|\n|poke|p1|Sableye, M|\n|poke|p1|Azumarill, F|\n|poke|p1|Bisharp, M|\n|poke|p2|Dragapult, M|\n|poke|p2|Roaring Moon|\n|poke|p2|Baxcalibur, F|\n|poke|p2|Garchomp, F|\n|poke|p2|Dragonite, M|\n|poke|p2|Altaria, F|\n|teampreview\n|\n|t:|1700144278\n|start\n|switch|p1a: Bisharp|Bisharp, M, shiny|100\/100\n|switch|p2a: Garchomp|Garchomp, F|100\/100\n|turn|1\n|\n|t:|1700144286\n|move|p2a: Garchomp|Stealth Rock|p1a: Bisharp\n|-sidestart|p1: Le_Fiishe|move: Stealth Rock\n|move|p1a: Bisharp|Stealth Rock|p2a: Garchomp\n|-sidestart|p2: MatMerguez|move: Stealth Rock\n|\n|upkeep\n|turn|2\n|\n|t:|1700144290\n|move|p2a: Garchomp|Spikes|p1a: Bisharp\n|-sidestart|p1: Le_Fiishe|Spikes\n|move|p1a: Bisharp|Swords Dance|p1a: Bisharp\n|-boost|p1a: Bisharp|atk|2\n|\n|upkeep\n|turn|3\n|\n|t:|1700144299\n|move|p2a: Garchomp|Earthquake|p1a: Bisharp\n|-supereffective|p1a: Bisharp\n|-damage|p1a: Bisharp|4\/100\n|move|p1a: Bisharp|Foul Play|p2a: Garchomp\n|-crit|p2a: Garchomp\n|-damage|p2a: Garchomp|51\/100\n|-damage|p1a: Bisharp|0 fnt|[from] ability: Rough Skin|[of] p2a: Garchomp\n|faint|p1a: Bisharp\n|\n|upkeep\n|\n|t:|1700144316\n|switch|p1a: Pyukumuku|Pyukumuku, F|100\/100\n|-damage|p1a: Pyukumuku|88\/100|[from] Stealth Rock\n|-damage|p1a: Pyukumuku|76\/100|[from] Spikes\n|turn|4\n|inactive|Battle timer is ON: inactive players will automatically lose when time's up. (requested by MatMerguez)\n|\n|t:|1700144325\n|move|p2a: Garchomp|Toxic|p1a: Pyukumuku\n|-status|p1a: Pyukumuku|tox\n|move|p1a: Pyukumuku|Counter||[still]\n|-fail|p1a: Pyukumuku\n|\n|-heal|p1a: Pyukumuku|82\/100 tox|[from] item: Leftovers\n|-damage|p1a: Pyukumuku|76\/100 tox|[from] psn\n|upkeep\n|turn|5\n|\n|t:|1700144336\n|move|p2a: Garchomp|Spikes|p1a: Pyukumuku\n|-sidestart|p1: Le_Fiishe|Spikes\n|move|p1a: Pyukumuku|Curse|p1a: Pyukumuku\n|-unboost|p1a: Pyukumuku|spe|1\n|-boost|p1a: Pyukumuku|atk|1\n|-boost|p1a: Pyukumuku|def|1\n|\n|-heal|p1a: Pyukumuku|82\/100 tox|[from] item: Leftovers\n|-damage|p1a: Pyukumuku|70\/100 tox|[from] psn\n|upkeep\n|turn|6\n|\n|t:|1700144343\n|move|p2a: Garchomp|Spikes|p1a: Pyukumuku\n|-sidestart|p1: Le_Fiishe|Spikes\n|move|p1a: Pyukumuku|Curse|p1a: Pyukumuku\n|-unboost|p1a: Pyukumuku|spe|1\n|-boost|p1a: Pyukumuku|atk|1\n|-boost|p1a: Pyukumuku|def|1\n|\n|-heal|p1a: Pyukumuku|76\/100 tox|[from] item: Leftovers\n|-damage|p1a: Pyukumuku|58\/100 tox|[from] psn\n|upkeep\n|turn|7\n|\n|t:|1700144353\n|move|p2a: Garchomp|Earthquake|p1a: Pyukumuku\n|-damage|p1a: Pyukumuku|44\/100 tox\n|move|p1a: Pyukumuku|Recover|p1a: Pyukumuku\n|-heal|p1a: Pyukumuku|94\/100 tox\n|\n|-heal|p1a: Pyukumuku|99\/100 tox|[from] item: Leftovers\n|-damage|p1a: Pyukumuku|76\/100 tox|[from] psn\n|upkeep\n|turn|8\n|\n|t:|1700144362\n|move|p2a: Garchomp|Toxic|p1a: Pyukumuku\n|-fail|p1a: Pyukumuku|tox\n|move|p1a: Pyukumuku|Counter||[still]\n|-fail|p1a: Pyukumuku\n|\n|-heal|p1a: Pyukumuku|82\/100 tox|[from] item: Leftovers\n|-damage|p1a: Pyukumuku|51\/100 tox|[from] psn\n|upkeep\n|turn|9\n|\n|t:|1700144371\n|move|p2a: Garchomp|Earthquake|p1a: Pyukumuku\n|-damage|p1a: Pyukumuku|38\/100 tox\n|move|p1a: Pyukumuku|Recover|p1a: Pyukumuku\n|-heal|p1a: Pyukumuku|88\/100 tox\n|\n|-heal|p1a: Pyukumuku|94\/100 tox|[from] item: Leftovers\n|-damage|p1a: Pyukumuku|58\/100 tox|[from] psn\n|upkeep\n|turn|10\n|\n|t:|1700144379\n|move|p2a: Garchomp|Toxic|p1a: Pyukumuku\n|-fail|p1a: Pyukumuku|tox\n|move|p1a: Pyukumuku|Recover|p1a: Pyukumuku\n|-heal|p1a: Pyukumuku|100\/100 tox\n|\n|-damage|p1a: Pyukumuku|58\/100 tox|[from] psn\n|upkeep\n|turn|11\n|\n|t:|1700144385\n|move|p2a: Garchomp|Toxic|p1a: Pyukumuku\n|-fail|p1a: Pyukumuku|tox\n|move|p1a: Pyukumuku|Counter||[still]\n|-fail|p1a: Pyukumuku\n|\n|-heal|p1a: Pyukumuku|64\/100 tox|[from] item: Leftovers\n|-damage|p1a: Pyukumuku|16\/100 tox|[from] psn\n|upkeep\n|turn|12\n|\n|t:|1700144394\n|move|p2a: Garchomp|Toxic|p1a: Pyukumuku\n|-fail|p1a: Pyukumuku|tox\n|move|p1a: Pyukumuku|Counter||[still]\n|-fail|p1a: Pyukumuku\n|\n|-heal|p1a: Pyukumuku|22\/100 tox|[from] item: Leftovers\n|-damage|p1a: Pyukumuku|0 fnt|[from] psn\n|faint|p1a: Pyukumuku\n|upkeep\n|\n|t:|1700144409\n|switch|p1a: Pikachu.|Azumarill, F, shiny|100\/100\n|-damage|p1a: Pikachu.|88\/100|[from] Stealth Rock\n|-damage|p1a: Pikachu.|63\/100|[from] Spikes\n|turn|13\n|\n|t:|1700144425\n|move|p1a: Pikachu.|Aqua Jet|p2a: Garchomp\n|-damage|p2a: Garchomp|33\/100\n|-damage|p1a: Pikachu.|51\/100|[from] ability: Rough Skin|[of] p2a: Garchomp\n|-damage|p1a: Pikachu.|34\/100|[from] item: Rocky Helmet|[of] p2a: Garchomp\n|-heal|p1a: Pikachu.|36\/100|[from] item: Shell Bell|[of] p2a: Garchomp\n|move|p2a: Garchomp|Earthquake|p1a: Pikachu.\n|-crit|p1a: Pikachu.\n|-damage|p1a: Pikachu.|0 fnt\n|faint|p1a: Pikachu.\n|\n|upkeep\n|\n|t:|1700144435\n|switch|p1a: Zapdos|Zapdos-Galar|100\/100\n|-damage|p1a: Zapdos|88\/100|[from] Stealth Rock\n|turn|14\n|\n|t:|1700144442\n|move|p2a: Garchomp|Toxic|p1a: Zapdos\n|-status|p1a: Zapdos|tox\n|move|p1a: Zapdos|Thunderous Kick|p2a: Garchomp\n|-damage|p2a: Garchomp|0 fnt\n|-damage|p1a: Zapdos|76\/100 tox|[from] ability: Rough Skin|[of] p2a: Garchomp\n|-damage|p1a: Zapdos|59\/100 tox|[from] item: Rocky Helmet|[of] p2a: Garchomp\n|faint|p2a: Garchomp\n|\n|-damage|p1a: Zapdos|53\/100 tox|[from] psn\n|upkeep\n|-message|Le_Fiishe forfeited.\n|\n|win|MatMerguez\n|raw|Le_Fiishe's rating: 1164 &rarr; <strong>1143<\/strong><br \/>(-21 for losing)\n|raw|MatMerguez's rating: 1222 &rarr; <strong>1243<\/strong><br \/>(+21 for winning)\n|l|\u2606Le_Fiishe\n","uploadtime":1700144456,"views":9,"p1id":"lefiishe","p2id":"matmerguez","formatid":"gen9nationaldexubers","rating":1143,"private":0,"password":""}