{"id":"gen9nationaldexubers-1983047536","p1":"David uwu35","p2":"AdrianGarcia1604","format":"[Gen 9] National Dex Ubers","log":"|j|\u2606David uwu35\n|j|\u2606AdrianGarcia1604\n|t:|1699075128\n|gametype|singles\n|player|p1|David uwu35|shadowtriad|\n|player|p2|AdrianGarcia1604|ethan|\n|teamsize|p1|6\n|teamsize|p2|6\n|gen|9\n|tier|[Gen 9] National Dex Ubers\n|rule|HP Percentage Mod: HP is shown in percentages\n|rule|Endless Battle Clause: Forcing endless battles is banned\n|rule|OHKO Clause: OHKO moves are banned\n|rule|Evasion Moves Clause: Evasion moves are banned\n|rule|Evasion Items Clause: Evasion items are banned\n|rule|Species Clause: Limit one of each Pok\u00e9mon\n|rule|Sleep Clause Mod: Limit one foe put to sleep\n|rule|Mega Rayquaza Clause: You cannot mega evolve Rayquaza\n|clearpoke\n|poke|p1|Espathra, F|\n|poke|p1|Lilligant-Hisui, F|\n|poke|p1|Magearna|\n|poke|p1|Chien-Pao|\n|poke|p1|Quaquaval, M|\n|poke|p1|Iron Hands|\n|poke|p2|Marshadow|\n|poke|p2|Zoroark-Hisui, M|\n|poke|p2|Gholdengo|\n|poke|p2|Annihilape, M|\n|poke|p2|Basculegion, M|\n|poke|p2|Dragapult, M|\n|teampreview\n|j| Black_Man9905\n|\n|t:|1699075173\n|start\n|switch|p1a: Chien-Pao|Chien-Pao|100\/100\n|switch|p2a: Basculegion|Basculegion, M, shiny|100\/100\n|-ability|p1a: Chien-Pao|Sword of Ruin\n|turn|1\n|\n|t:|1699075187\n|move|p1a: Chien-Pao|Swords Dance|p1a: Chien-Pao\n|-boost|p1a: Chien-Pao|atk|2\n|move|p2a: Basculegion|Flamethrower|p1a: Chien-Pao\n|-supereffective|p1a: Chien-Pao\n|-enditem|p1a: Chien-Pao|Focus Sash\n|-damage|p1a: Chien-Pao|1\/100\n|-damage|p2a: Basculegion|91\/100|[from] item: Life Orb\n|\n|upkeep\n|turn|2\n|\n|t:|1699075199\n|move|p1a: Chien-Pao|Sucker Punch|p2a: Basculegion\n|-supereffective|p2a: Basculegion\n|-damage|p2a: Basculegion|0 fnt\n|replace|p2a: Zoroark|Zoroark-Hisui, M, shiny\n|-end|p2a: Zoroark|Illusion\n|faint|p2a: Zoroark\n|\n|upkeep\n|\n|t:|1699075207\n|switch|p2a: Marshadow|Marshadow|100\/100\n|turn|3\n|\n|t:|1699075214\n|-terastallize|p2a: Marshadow|Dark\n|move|p1a: Chien-Pao|Sucker Punch|p2a: Marshadow\n|-resisted|p2a: Marshadow\n|-damage|p2a: Marshadow|36\/100\n|move|p2a: Marshadow|Spectral Thief||[still]\n|-clearpositiveboost|p1a: Chien-Pao|p2a: Marshadow|move: Spectral Thief\n|-boost|p2a: Marshadow|atk|2\n|-anim|p2a: Marshadow|Spectral Thief|p1a: Chien-Pao\n|-resisted|p1a: Chien-Pao\n|-damage|p1a: Chien-Pao|0 fnt\n|faint|p1a: Chien-Pao\n|-damage|p2a: Marshadow|26\/100|[from] item: Life Orb\n|\n|upkeep\n|\n|t:|1699075266\n|switch|p1a: Iron Hands|Iron Hands|100\/100\n|-enditem|p1a: Iron Hands|Booster Energy\n|-activate|p1a: Iron Hands|ability: Quark Drive|[fromitem]\n|-start|p1a: Iron Hands|quarkdrivedef\n|turn|4\n|\n|t:|1699075276\n|move|p2a: Marshadow|Drain Punch|p1a: Iron Hands\n|-damage|p1a: Iron Hands|61\/100\n|-heal|p2a: Marshadow|56\/100|[from] drain|[of] p1a: Iron Hands\n|-damage|p2a: Marshadow|46\/100|[from] item: Life Orb\n|move|p1a: Iron Hands|Drain Punch|p2a: Marshadow\n|-supereffective|p2a: Marshadow\n|-damage|p2a: Marshadow|0 fnt\n|-heal|p1a: Iron Hands|76\/100|[from] drain|[of] p2a: Marshadow\n|faint|p2a: Marshadow\n|\n|upkeep\n|\n|t:|1699075293\n|switch|p2a: Basculegion|Basculegion, M, shiny|100\/100\n|-ability|p2a: Basculegion|Mold Breaker\n|turn|5\n|\n|t:|1699075298\n|move|p2a: Basculegion|Zen Headbutt|p1a: Iron Hands\n|-supereffective|p1a: Iron Hands\n|-damage|p1a: Iron Hands|55\/100\n|move|p1a: Iron Hands|Iron Defense|p1a: Iron Hands\n|-boost|p1a: Iron Hands|def|2\n|\n|upkeep\n|turn|6\n|\n|t:|1699075311\n|move|p2a: Basculegion|Zen Headbutt|p1a: Iron Hands\n|-supereffective|p1a: Iron Hands\n|-damage|p1a: Iron Hands|46\/100\n|move|p1a: Iron Hands|Swords Dance|p1a: Iron Hands\n|-boost|p1a: Iron Hands|atk|2\n|\n|upkeep\n|turn|7\n|\n|t:|1699075318\n|move|p2a: Basculegion|Zen Headbutt|p1a: Iron Hands|[miss]\n|-miss|p2a: Basculegion|p1a: Iron Hands\n|move|p1a: Iron Hands|Thunder Punch|p2a: Basculegion\n|-supereffective|p2a: Basculegion\n|-damage|p2a: Basculegion|0 fnt\n|faint|p2a: Basculegion\n|\n|upkeep\n|\n|t:|1699075328\n|switch|p2a: Dragapult|Dragapult, M, shiny|100\/100\n|turn|8\n|\n|t:|1699075336\n|move|p2a: Dragapult|Dragon Darts|p1a: Iron Hands\n|-damage|p1a: Iron Hands|40\/100\n|-anim|p2a: Dragapult|Dragon Darts|p1a: Iron Hands\n|-damage|p1a: Iron Hands|33\/100\n|-damage|p2a: Dragapult|91\/100|[from] item: Life Orb\n|move|p1a: Iron Hands|Thunder Punch|p2a: Dragapult\n|-resisted|p2a: Dragapult\n|-damage|p2a: Dragapult|39\/100\n|\n|upkeep\n|turn|9\n|\n|t:|1699075345\n|move|p2a: Dragapult|Dragon Darts|p1a: Iron Hands\n|-damage|p1a: Iron Hands|26\/100\n|-anim|p2a: Dragapult|Dragon Darts|p1a: Iron Hands\n|-damage|p1a: Iron Hands|20\/100\n|-damage|p2a: Dragapult|30\/100|[from] item: Life Orb\n|move|p1a: Iron Hands|Thunder Punch|p2a: Dragapult\n|-resisted|p2a: Dragapult\n|-damage|p2a: Dragapult|0 fnt\n|faint|p2a: Dragapult\n|\n|upkeep\n|\n|t:|1699075355\n|switch|p2a: Annihilape|Annihilape, M, shiny|100\/100\n|turn|10\n|\n|t:|1699075359\n|move|p2a: Annihilape|Drain Punch|p1a: Iron Hands\n|-damage|p1a: Iron Hands|13\/100\n|move|p1a: Iron Hands|Drain Punch|p2a: Annihilape\n|-immune|p2a: Annihilape\n|\n|upkeep\n|turn|11\n|\n|t:|1699075368\n|move|p2a: Annihilape|Drain Punch|p1a: Iron Hands\n|-damage|p1a: Iron Hands|6\/100\n|move|p1a: Iron Hands|Thunder Punch|p2a: Annihilape\n|-damage|p2a: Annihilape|29\/100\n|\n|-heal|p2a: Annihilape|35\/100|[from] item: Leftovers\n|upkeep\n|turn|12\n|\n|t:|1699075382\n|move|p2a: Annihilape|Drain Punch|p1a: Iron Hands\n|-damage|p1a: Iron Hands|0 fnt\n|-heal|p2a: Annihilape|39\/100|[from] drain|[of] p1a: Iron Hands\n|faint|p1a: Iron Hands\n|-end|p1a: Iron Hands|Quark Drive|[silent]\n|\n|-heal|p2a: Annihilape|45\/100|[from] item: Leftovers\n|upkeep\n|\n|t:|1699075392\n|switch|p1a: Quaquaval|Quaquaval, M|100\/100\n|turn|13\n|\n|t:|1699075400\n|-terastallize|p1a: Quaquaval|Flying\n|move|p1a: Quaquaval|Aqua Step|p2a: Annihilape\n|-damage|p2a: Annihilape|1\/100\n|-boost|p1a: Quaquaval|spe|1\n|move|p2a: Annihilape|Drain Punch|p1a: Quaquaval\n|-resisted|p1a: Quaquaval\n|-damage|p1a: Quaquaval|79\/100\n|-heal|p2a: Annihilape|10\/100|[from] drain|[of] p1a: Quaquaval\n|\n|-heal|p2a: Annihilape|16\/100|[from] item: Leftovers\n|upkeep\n|turn|14\n|\n|t:|1699075414\n|move|p1a: Quaquaval|Swords Dance|p1a: Quaquaval\n|-boost|p1a: Quaquaval|atk|2\n|move|p2a: Annihilape|Rest|p2a: Annihilape\n|-status|p2a: Annihilape|slp|[from] move: Rest\n|-heal|p2a: Annihilape|100\/100 slp|[silent]\n|\n|upkeep\n|turn|15\n|\n|t:|1699075423\n|move|p1a: Quaquaval|Swords Dance|p1a: Quaquaval\n|-boost|p1a: Quaquaval|atk|2\n|cant|p2a: Annihilape|slp\n|\n|upkeep\n|turn|16\n|\n|t:|1699075431\n|move|p1a: Quaquaval|Aqua Step|p2a: Annihilape\n|-damage|p2a: Annihilape|0 fnt\n|-boost|p1a: Quaquaval|spe|1\n|faint|p2a: Annihilape\n|-ability|p1a: Quaquaval|Moxie|boost\n|-boost|p1a: Quaquaval|atk|1\n|\n|upkeep\n|\n|t:|1699075434\n|switch|p2a: Gholdengo|Gholdengo, shiny|100\/100\n|turn|17\n|\n|t:|1699075441\n|move|p1a: Quaquaval|Acrobatics|p2a: Gholdengo\n|-resisted|p2a: Gholdengo\n|-damage|p2a: Gholdengo|0 fnt\n|faint|p2a: Gholdengo\n|\n|win|David uwu35\n|l|\u2606AdrianGarcia1604\n","uploadtime":1699075442,"views":9,"p1id":"daviduwu35","p2id":"adriangarcia1604","formatid":"gen9nationaldexubers","rating":0,"private":0,"password":""}