{"id":"gen9nationaldexubers-1993330495","p1":"Piotrfau","p2":"wyrem","format":"[Gen 9] National Dex Ubers","log":"|j|\u2606Piotrfau\n|j|\u2606wyrem\n|t:|1700299758\n|gametype|singles\n|player|p1|Piotrfau|norman|1155\n|player|p2|wyrem|red-gen7|1145\n|teamsize|p1|6\n|teamsize|p2|6\n|gen|9\n|tier|[Gen 9] National Dex Ubers\n|rated|\n|rule|HP Percentage Mod: HP is shown in percentages\n|rule|Endless Battle Clause: Forcing endless battles is banned\n|rule|OHKO Clause: OHKO moves are banned\n|rule|Evasion Moves Clause: Evasion moves are banned\n|rule|Evasion Items Clause: Evasion items are banned\n|rule|Species Clause: Limit one of each Pok\u00e9mon\n|rule|Sleep Clause Mod: Limit one foe put to sleep\n|rule|Mega Rayquaza Clause: You cannot mega evolve Rayquaza\n|clearpoke\n|poke|p1|Swampert, M|\n|poke|p1|Turtonator, M|\n|poke|p1|Gardevoir, M|\n|poke|p1|Breloom, F|\n|poke|p1|Galvantula, M|\n|poke|p1|Obstagoon, F|\n|poke|p2|Kyogre|\n|poke|p2|Dracovish|\n|poke|p2|Palafin, F|\n|poke|p2|Blastoise, F|\n|poke|p2|Regieleki|\n|poke|p2|Rayquaza|\n|teampreview\n|inactive|Battle timer is ON: inactive players will automatically lose when time's up. (requested by Piotrfau)\n|\n|t:|1700299776\n|start\n|switch|p1a: Galvantula|Galvantula, M|100\/100\n|switch|p2a: Regieleki|Regieleki|100\/100\n|turn|1\n|\n|t:|1700299779\n|move|p2a: Regieleki|Ancient Power|p1a: Galvantula\n|-supereffective|p1a: Galvantula\n|-crit|p1a: Galvantula\n|-enditem|p1a: Galvantula|Focus Sash\n|-damage|p1a: Galvantula|1\/100\n|move|p1a: Galvantula|Sticky Web|p2a: Regieleki\n|-sidestart|p2: wyrem|move: Sticky Web\n|\n|upkeep\n|turn|2\n|\n|t:|1700299784\n|move|p2a: Regieleki|Ancient Power|p1a: Galvantula\n|-supereffective|p1a: Galvantula\n|-damage|p1a: Galvantula|0 fnt\n|faint|p1a: Galvantula\n|\n|upkeep\n|\n|t:|1700299794\n|switch|p1a: Swampert|Swampert, M|100\/100\n|turn|3\n|\n|t:|1700299797\n|detailschange|p1a: Swampert|Swampert-Mega, M\n|-mega|p1a: Swampert|Swampert|Swampertite\n|move|p2a: Regieleki|Ancient Power|p1a: Swampert\n|-resisted|p1a: Swampert\n|-damage|p1a: Swampert|90\/100\n|move|p1a: Swampert|Bulk Up|p1a: Swampert\n|-boost|p1a: Swampert|atk|1\n|-boost|p1a: Swampert|def|1\n|\n|upkeep\n|turn|4\n|\n|t:|1700299802\n|move|p2a: Regieleki|Ancient Power|p1a: Swampert\n|-resisted|p1a: Swampert\n|-crit|p1a: Swampert\n|-damage|p1a: Swampert|76\/100\n|move|p1a: Swampert|Bulk Up|p1a: Swampert\n|-boost|p1a: Swampert|atk|1\n|-boost|p1a: Swampert|def|1\n|\n|upkeep\n|turn|5\n|\n|t:|1700299805\n|move|p2a: Regieleki|Ancient Power|p1a: Swampert\n|-resisted|p1a: Swampert\n|-damage|p1a: Swampert|67\/100\n|move|p1a: Swampert|Earthquake|p2a: Regieleki\n|-supereffective|p2a: Regieleki\n|-damage|p2a: Regieleki|0 fnt\n|faint|p2a: Regieleki\n|\n|upkeep\n|\n|t:|1700299818\n|switch|p2a: Kyogre|Kyogre|100\/100\n|-activate|p2a: Kyogre|move: Sticky Web\n|-unboost|p2a: Kyogre|spe|1\n|-weather|RainDance|[from] ability: Drizzle|[of] p2a: Kyogre\n|turn|6\n|\n|t:|1700299828\n|switch|p2a: Rayquaza|Rayquaza|100\/100\n|-ability|p2a: Rayquaza|Air Lock\n|move|p1a: Swampert|Aqua Tail|p2a: Rayquaza\n|-resisted|p2a: Rayquaza\n|-damage|p2a: Rayquaza|38\/100\n|\n|-weather|RainDance|[upkeep]\n|-heal|p2a: Rayquaza|44\/100|[from] item: Leftovers\n|upkeep\n|turn|7\n|\n|t:|1700299837\n|move|p2a: Rayquaza|Toxic|p1a: Swampert\n|-status|p1a: Swampert|tox\n|move|p1a: Swampert|Ice Punch|p2a: Rayquaza\n|-supereffective|p2a: Rayquaza\n|-damage|p2a: Rayquaza|0 fnt\n|faint|p2a: Rayquaza\n|\n|-weather|RainDance|[upkeep]\n|-damage|p1a: Swampert|61\/100 tox|[from] psn\n|upkeep\n|\n|t:|1700299842\n|switch|p2a: Palafin|Palafin, F|100\/100\n|-activate|p2a: Palafin|move: Sticky Web\n|-unboost|p2a: Palafin|spe|1\n|turn|8\n|\n|t:|1700299850\n|detailschange|p2a: Palafin|Palafin-Hero, F\n|switch|p2a: Blastoise|Blastoise, F|100\/100\n|-activate|p2a: Blastoise|move: Sticky Web\n|-unboost|p2a: Blastoise|spe|1\n|move|p1a: Swampert|Aqua Tail|p2a: Blastoise\n|-resisted|p2a: Blastoise\n|-damage|p2a: Blastoise|11\/100\n|\n|-weather|RainDance|[upkeep]\n|-damage|p1a: Swampert|49\/100 tox|[from] psn\n|upkeep\n|turn|9\n|\n|t:|1700299857\n|move|p1a: Swampert|Aqua Tail|p2a: Blastoise\n|-resisted|p2a: Blastoise\n|-crit|p2a: Blastoise\n|-damage|p2a: Blastoise|0 fnt\n|faint|p2a: Blastoise\n|\n|-weather|RainDance|[upkeep]\n|-damage|p1a: Swampert|30\/100 tox|[from] psn\n|upkeep\n|\n|t:|1700299862\n|switch|p2a: Palafin|Palafin-Hero, F|100\/100\n|-activate|p2a: Palafin|move: Sticky Web\n|-unboost|p2a: Palafin|spe|1\n|-activate|p2a: Palafin|ability: Zero to Hero\n|turn|10\n|\n|t:|1700299871\n|switch|p2a: Dracovish|Dracovish|100\/100\n|-activate|p2a: Dracovish|move: Sticky Web\n|-unboost|p2a: Dracovish|spe|1\n|move|p1a: Swampert|Aqua Tail|p2a: Dracovish\n|-resisted|p2a: Dracovish\n|-damage|p2a: Dracovish|56\/100\n|\n|-weather|RainDance|[upkeep]\n|-damage|p1a: Swampert|5\/100 tox|[from] psn\n|upkeep\n|turn|11\n|\n|t:|1700299881\n|move|p1a: Swampert|Aqua Tail|p2a: Dracovish\n|-resisted|p2a: Dracovish\n|-damage|p2a: Dracovish|13\/100\n|move|p2a: Dracovish|Crunch|p1a: Swampert\n|-damage|p1a: Swampert|0 fnt\n|faint|p1a: Swampert\n|\n|-weather|RainDance|[upkeep]\n|upkeep\n|\n|t:|1700299889\n|switch|p1a: Turtonator|Turtonator, M|100\/100\n|turn|12\n|\n|t:|1700299893\n|move|p2a: Dracovish|Crunch|p1a: Turtonator\n|-damage|p1a: Turtonator|68\/100\n|move|p1a: Turtonator|Shell Smash|p1a: Turtonator\n|-unboost|p1a: Turtonator|def|1\n|-unboost|p1a: Turtonator|spd|1\n|-boost|p1a: Turtonator|atk|2\n|-boost|p1a: Turtonator|spa|2\n|-boost|p1a: Turtonator|spe|2\n|\n|-weather|RainDance|[upkeep]\n|upkeep\n|turn|13\n|\n|t:|1700299897\n|move|p1a: Turtonator|Dragon Pulse|p2a: Dracovish\n|-supereffective|p2a: Dracovish\n|-damage|p2a: Dracovish|0 fnt\n|faint|p2a: Dracovish\n|\n|-weather|none\n|upkeep\n|\n|t:|1700299901\n|switch|p2a: Palafin|Palafin-Hero, F|100\/100\n|-activate|p2a: Palafin|move: Sticky Web\n|-unboost|p2a: Palafin|spe|1\n|turn|14\n|\n|t:|1700299907\n|-terastallize|p2a: Palafin|Water\n|move|p2a: Palafin|Jet Punch|p1a: Turtonator\n|-damage|p1a: Turtonator|0 fnt\n|faint|p1a: Turtonator\n|\n|upkeep\n|\n|t:|1700299916\n|switch|p1a: Breloom|Breloom, F|100\/100\n|turn|15\n|\n|t:|1700299920\n|switch|p2a: Kyogre|Kyogre|100\/100\n|-activate|p2a: Kyogre|move: Sticky Web\n|-unboost|p2a: Kyogre|spe|1\n|-weather|RainDance|[from] ability: Drizzle|[of] p2a: Kyogre\n|move|p1a: Breloom|Seed Bomb|p2a: Kyogre\n|-supereffective|p2a: Kyogre\n|-damage|p2a: Kyogre|40\/100\n|\n|-weather|RainDance|[upkeep]\n|-status|p1a: Breloom|tox|[from] item: Toxic Orb\n|upkeep\n|turn|16\n|\n|t:|1700299934\n|move|p1a: Breloom|Seed Bomb|p2a: Kyogre\n|-supereffective|p2a: Kyogre\n|-damage|p2a: Kyogre|0 fnt\n|faint|p2a: Kyogre\n|\n|-weather|RainDance|[upkeep]\n|upkeep\n|\n|t:|1700299937\n|switch|p2a: Palafin|Palafin-Hero, F, tera:Water|100\/100\n|-activate|p2a: Palafin|move: Sticky Web\n|-unboost|p2a: Palafin|spe|1\n|turn|17\n|\n|t:|1700299944\n|move|p2a: Palafin|Jet Punch|p1a: Breloom\n|-resisted|p1a: Breloom\n|-damage|p1a: Breloom|30\/100 tox\n|move|p1a: Breloom|Seed Bomb|p2a: Palafin\n|-supereffective|p2a: Palafin\n|-damage|p2a: Palafin|3\/100\n|\n|-weather|RainDance|[upkeep]\n|-heal|p1a: Breloom|42\/100 tox|[from] ability: Poison Heal\n|upkeep\n|turn|18\n|\n|t:|1700299954\n|move|p2a: Palafin|Jet Punch|p1a: Breloom\n|-resisted|p1a: Breloom\n|-damage|p1a: Breloom|0 fnt\n|faint|p1a: Breloom\n|\n|-weather|RainDance|[upkeep]\n|upkeep\n|\n|t:|1700299963\n|switch|p1a: Obstagoon|Obstagoon, F|100\/100\n|turn|19\n|\n|t:|1700299967\n|move|p2a: Palafin|Jet Punch|p1a: Obstagoon\n|-damage|p1a: Obstagoon|0 fnt\n|faint|p1a: Obstagoon\n|\n|-weather|RainDance|[upkeep]\n|upkeep\n|\n|t:|1700299973\n|switch|p1a: Gardevoir|Gardevoir, M|100\/100\n|turn|20\n|\n|t:|1700299986\n|move|p2a: Palafin|Jet Punch|p1a: Gardevoir\n|-damage|p1a: Gardevoir|0 fnt\n|faint|p1a: Gardevoir\n|\n|win|wyrem\n|raw|Piotrfau's rating: 1155 &rarr; <strong>1129<\/strong><br \/>(-26 for losing)\n|raw|wyrem's rating: 1145 &rarr; <strong>1171<\/strong><br \/>(+26 for winning)\n|l|\u2606Piotrfau\n","uploadtime":1700299994,"views":6,"p1id":"piotrfau","p2id":"wyrem","formatid":"gen9nationaldexubers","rating":1129,"private":0,"password":""}