{"id":"gen9nationaldexubers-1987188351","p1":"Viviexists","p2":"Sammmmmmmmmmmmm","format":"[Gen 9] National Dex Ubers","log":"|j|\u2606Viviexists\n|j|\u2606Sammmmmmmmmmmmm\n|t:|1699563575\n|gametype|singles\n|player|p1|Viviexists|mela|\n|player|p2|Sammmmmmmmmmmmm|bede-masters|\n|teamsize|p1|6\n|teamsize|p2|6\n|gen|9\n|tier|[Gen 9] National Dex Ubers\n|rule|HP Percentage Mod: HP is shown in percentages\n|rule|Endless Battle Clause: Forcing endless battles is banned\n|rule|OHKO Clause: OHKO moves are banned\n|rule|Evasion Moves Clause: Evasion moves are banned\n|rule|Evasion Items Clause: Evasion items are banned\n|rule|Species Clause: Limit one of each Pok\u00e9mon\n|rule|Sleep Clause Mod: Limit one foe put to sleep\n|rule|Mega Rayquaza Clause: You cannot mega evolve Rayquaza\n|clearpoke\n|poke|p1|Sinistcha|\n|poke|p1|Ting-Lu|\n|poke|p1|Sableye, M|\n|poke|p1|Skeledirge, M|\n|poke|p1|Dondozo, M|\n|poke|p1|Clefable, F|\n|poke|p2|Hatterene, F|\n|poke|p2|Victini|\n|poke|p2|Tapu Lele|\n|poke|p2|Gallade, M|\n|poke|p2|Slowbro, F|\n|poke|p2|Meloetta|\n|teampreview\n|inactive|Battle timer is ON: inactive players will automatically lose when time's up. (requested by Sammmmmmmmmmmmm)\n|\n|t:|1699563586\n|start\n|switch|p1a: Elf|Sableye, M|100\/100\n|switch|p2a: Sly|Victini|100\/100\n|turn|1\n|\n|t:|1699563591\n|detailschange|p1a: Elf|Sableye-Mega, M\n|-mega|p1a: Elf|Sableye|Sablenite\n|-terastallize|p2a: Sly|Fire\n|move|p2a: Sly|V-create|p1a: Elf\n|-damage|p1a: Elf|0 fnt\n|-unboost|p2a: Sly|spe|1\n|-unboost|p2a: Sly|def|1\n|-unboost|p2a: Sly|spd|1\n|faint|p1a: Elf\n|\n|upkeep\n|\n|t:|1699563602\n|switch|p1a: Die Hard|Sinistcha|100\/100\n|turn|2\n|\n|t:|1699563607\n|move|p2a: Sly|V-create|p1a: Die Hard\n|-supereffective|p1a: Die Hard\n|-damage|p1a: Die Hard|0 fnt\n|-unboost|p2a: Sly|spe|1\n|-unboost|p2a: Sly|def|1\n|-unboost|p2a: Sly|spd|1\n|faint|p1a: Die Hard\n|\n|upkeep\n|\n|t:|1699563611\n|switch|p1a: Home Alone|Dondozo, M|100\/100\n|turn|3\n|\n|t:|1699563614\n|switch|p2a: Millibelle|Slowbro, F|100\/100\n|move|p1a: Home Alone|Wave Crash|p2a: Millibelle\n|-resisted|p2a: Millibelle\n|-damage|p2a: Millibelle|89\/100\n|-damage|p1a: Home Alone|84\/100|[from] item: Rocky Helmet|[of] p2a: Millibelle\n|-damage|p1a: Home Alone|81\/100|[from] Recoil\n|\n|-heal|p1a: Home Alone|87\/100|[from] item: Leftovers\n|upkeep\n|turn|4\n|c|\u2606Viviexists|Booo\n|\n|t:|1699563624\n|switch|p1a: Frosty the Snowman|Clefable, F|100\/100\n|move|p2a: Millibelle|Scald|p1a: Frosty the Snowman\n|-damage|p1a: Frosty the Snowman|81\/100\n|\n|-heal|p1a: Frosty the Snowman|87\/100|[from] item: Leftovers\n|upkeep\n|turn|5\n|c|\u2606Viviexists|I hate victini\n|\n|t:|1699563633\n|move|p1a: Frosty the Snowman|Knock Off|p2a: Millibelle\n|-supereffective|p2a: Millibelle\n|-damage|p2a: Millibelle|71\/100\n|-enditem|p2a: Millibelle|Rocky Helmet|[from] move: Knock Off|[of] p1a: Frosty the Snowman\n|move|p2a: Millibelle|Teleport|p2a: Millibelle\n|\n|t:|1699563643\n|switch|p2a: Sly|Victini, tera:Fire|100\/100|[from] Teleport\n|\n|-heal|p1a: Frosty the Snowman|93\/100|[from] item: Leftovers\n|upkeep\n|turn|6\n|\n|t:|1699563647\n|switch|p1a: Home Alone|Dondozo, M|87\/100\n|move|p2a: Sly|V-create|p1a: Home Alone\n|-resisted|p1a: Home Alone\n|-damage|p1a: Home Alone|50\/100\n|-unboost|p2a: Sly|spe|1\n|-unboost|p2a: Sly|def|1\n|-unboost|p2a: Sly|spd|1\n|\n|-heal|p1a: Home Alone|56\/100|[from] item: Leftovers\n|upkeep\n|turn|7\n|\n|t:|1699563653\n|switch|p2a: Snail Shaman|Tapu Lele|100\/100\n|-fieldstart|move: Psychic Terrain|[from] ability: Psychic Surge|[of] p2a: Snail Shaman\n|move|p1a: Home Alone|Rest|p1a: Home Alone\n|-status|p1a: Home Alone|slp|[from] move: Rest\n|-heal|p1a: Home Alone|100\/100 slp|[silent]\n|\n|upkeep\n|turn|8\n|\n|t:|1699563659\n|switch|p1a: Frosty the Snowman|Clefable, F|93\/100\n|move|p2a: Snail Shaman|Thunderbolt|p1a: Frosty the Snowman\n|-damage|p1a: Frosty the Snowman|72\/100\n|\n|-heal|p1a: Frosty the Snowman|78\/100|[from] item: Leftovers\n|upkeep\n|turn|9\n|\n|t:|1699563667\n|switch|p2a: Millibelle|Slowbro, F|100\/100\n|move|p1a: Frosty the Snowman|Knock Off|p2a: Millibelle\n|-supereffective|p2a: Millibelle\n|-damage|p2a: Millibelle|86\/100\n|\n|-heal|p1a: Frosty the Snowman|84\/100|[from] item: Leftovers\n|upkeep\n|turn|10\n|\n|t:|1699563673\n|switch|p1a: Home Alone|Dondozo, M|100\/100 slp\n|move|p2a: Millibelle|Teleport|p2a: Millibelle\n|\n|t:|1699563680\n|switch|p2a: Sly|Victini, tera:Fire|100\/100|[from] Teleport\n|\n|upkeep\n|turn|11\n|\n|t:|1699563686\n|move|p2a: Sly|Bolt Strike|p1a: Home Alone\n|-supereffective|p1a: Home Alone\n|-damage|p1a: Home Alone|52\/100 slp\n|cant|p1a: Home Alone|slp\n|move|p1a: Home Alone|Sleep Talk|p1a: Home Alone\n|move|p1a: Home Alone|Rest||[from]move: Sleep Talk|[still]\n|-fail|p1a: Home Alone\n|\n|-heal|p1a: Home Alone|59\/100 slp|[from] item: Leftovers\n|-fieldend|move: Psychic Terrain\n|upkeep\n|turn|12\n|\n|t:|1699563694\n|switch|p2a: Kingsmould|Gallade, M, shiny|100\/100\n|switch|p1a: Rudolph|Ting-Lu|100\/100\n|-ability|p1a: Rudolph|Vessel of Ruin\n|\n|upkeep\n|turn|13\n|\n|t:|1699563701\n|switch|p1a: Home Alone|Dondozo, M|59\/100 slp\n|detailschange|p2a: Kingsmould|Gallade-Mega, M, shiny\n|-mega|p2a: Kingsmould|Gallade|Galladite\n|move|p2a: Kingsmould|Knock Off|p1a: Home Alone\n|-damage|p1a: Home Alone|41\/100 slp\n|-enditem|p1a: Home Alone|Leftovers|[from] move: Knock Off|[of] p2a: Kingsmould\n|\n|upkeep\n|turn|14\n|\n|t:|1699563712\n|move|p2a: Kingsmould|Close Combat|p1a: Home Alone\n|-damage|p1a: Home Alone|6\/100 slp\n|-unboost|p2a: Kingsmould|def|1\n|-unboost|p2a: Kingsmould|spd|1\n|cant|p1a: Home Alone|slp\n|move|p1a: Home Alone|Sleep Talk|p1a: Home Alone\n|move|p1a: Home Alone|Wave Crash|p2a: Kingsmould|[from]move: Sleep Talk\n|-damage|p2a: Kingsmould|44\/100\n|-damage|p1a: Home Alone|0 fnt|[from] Recoil\n|faint|p1a: Home Alone\n|\n|upkeep\n|\n|t:|1699563717\n|switch|p1a: Frosty the Snowman|Clefable, F|84\/100\n|turn|15\n|\n|t:|1699563735\n|switch|p2a: Millibelle|Slowbro, F|100\/100\n|move|p1a: Frosty the Snowman|Moonblast|p2a: Millibelle\n|-damage|p2a: Millibelle|65\/100\n|\n|-heal|p1a: Frosty the Snowman|90\/100|[from] item: Leftovers\n|upkeep\n|turn|16\n|\n|t:|1699563738\n|move|p1a: Frosty the Snowman|Moonblast|p2a: Millibelle\n|-damage|p2a: Millibelle|33\/100\n|move|p2a: Millibelle|Teleport|p2a: Millibelle\n|\n|t:|1699563744\n|switch|p2a: Sly|Victini, tera:Fire|100\/100|[from] Teleport\n|\n|-heal|p1a: Frosty the Snowman|96\/100|[from] item: Leftovers\n|upkeep\n|turn|17\n|\n|t:|1699563751\n|switch|p1a: A Christmas Carol|Skeledirge, M|100\/100\n|move|p2a: Sly|V-create|p1a: A Christmas Carol\n|-resisted|p1a: A Christmas Carol\n|-damage|p1a: A Christmas Carol|30\/100\n|-unboost|p2a: Sly|spe|1\n|-unboost|p2a: Sly|def|1\n|-unboost|p2a: Sly|spd|1\n|\n|upkeep\n|turn|18\n|\n|t:|1699563760\n|switch|p1a: Rudolph|Ting-Lu|100\/100\n|-ability|p1a: Rudolph|Vessel of Ruin\n|move|p2a: Sly|V-create|p1a: Rudolph\n|-damage|p1a: Rudolph|17\/100\n|-unboost|p2a: Sly|spe|1\n|-unboost|p2a: Sly|def|1\n|-unboost|p2a: Sly|spd|1\n|\n|-heal|p1a: Rudolph|23\/100|[from] item: Leftovers\n|upkeep\n|turn|19\n|\n|t:|1699563777\n|switch|p2a: Millibelle|Slowbro, F|66\/100\n|move|p1a: Rudolph|Earthquake|p2a: Millibelle\n|-damage|p2a: Millibelle|44\/100\n|\n|-heal|p1a: Rudolph|30\/100|[from] item: Leftovers\n|upkeep\n|turn|20\n|c|\u2606Viviexists|This mon is gen so stupif\n|\n|t:|1699563797\n|switch|p1a: A Christmas Carol|Skeledirge, M|30\/100\n|move|p2a: Millibelle|Scald|p1a: A Christmas Carol\n|-supereffective|p1a: A Christmas Carol\n|-damage|p1a: A Christmas Carol|0 fnt\n|faint|p1a: A Christmas Carol\n|\n|upkeep\n|\n|t:|1699563802\n|switch|p1a: Frosty the Snowman|Clefable, F|96\/100\n|turn|21\n|\n|t:|1699563805\n|move|p1a: Frosty the Snowman|Moonblast|p2a: Millibelle\n|-damage|p2a: Millibelle|13\/100\n|move|p2a: Millibelle|Teleport|p2a: Millibelle\n|\n|t:|1699563808\n|switch|p2a: Sly|Victini, tera:Fire|100\/100|[from] Teleport\n|\n|-heal|p1a: Frosty the Snowman|100\/100|[from] item: Leftovers\n|upkeep\n|turn|22\n|\n|t:|1699563813\n|move|p2a: Sly|V-create|p1a: Frosty the Snowman\n|-damage|p1a: Frosty the Snowman|0 fnt\n|-unboost|p2a: Sly|spe|1\n|-unboost|p2a: Sly|def|1\n|-unboost|p2a: Sly|spd|1\n|faint|p1a: Frosty the Snowman\n|\n|upkeep\n|\n|t:|1699563815\n|switch|p1a: Rudolph|Ting-Lu|30\/100\n|-ability|p1a: Rudolph|Vessel of Ruin\n|turn|23\n|\n|t:|1699563817\n|move|p2a: Sly|V-create|p1a: Rudolph\n|-damage|p1a: Rudolph|0 fnt\n|-unboost|p2a: Sly|spe|1\n|-unboost|p2a: Sly|def|1\n|-unboost|p2a: Sly|spd|1\n|faint|p1a: Rudolph\n|\n|win|Sammmmmmmmmmmmm\n|c|\u2606Sammmmmmmmmmmmm|ggs\n","uploadtime":1699563826,"views":18,"p1id":"viviexists","p2id":"sammmmmmmmmmmmm","formatid":"gen9nationaldexubers","rating":0,"private":0,"password":""}