{"id":"gen9nationaldexubers-1999701587","p1":"Duskito","p2":"lefloseug","format":"[Gen 9] National Dex Ubers","log":"|j|\u2606Duskito\n|j|\u2606lefloseug\n|t:|1701109105\n|gametype|singles\n|player|p1|Duskito|alec-anime|1289\n|player|p2|lefloseug|grimsley|1251\n|teamsize|p1|6\n|teamsize|p2|6\n|gen|9\n|tier|[Gen 9] National Dex Ubers\n|rated|\n|rule|HP Percentage Mod: HP is shown in percentages\n|rule|Endless Battle Clause: Forcing endless battles is banned\n|rule|OHKO Clause: OHKO moves are banned\n|rule|Evasion Moves Clause: Evasion moves are banned\n|rule|Evasion Items Clause: Evasion items are banned\n|rule|Species Clause: Limit one of each Pok\u00e9mon\n|rule|Sleep Clause Mod: Limit one foe put to sleep\n|rule|Mega Rayquaza Clause: You cannot mega evolve Rayquaza\n|clearpoke\n|poke|p1|Duraludon, M|\n|poke|p1|Porygon-Z|\n|poke|p1|Latios, M|\n|poke|p1|Honchkrow, M|\n|poke|p1|Beheeyem, F|\n|poke|p1|Genesect|\n|poke|p2|Beedrill, M|\n|poke|p2|Magearna|\n|poke|p2|Darmanitan-Galar, M|\n|poke|p2|Regieleki|\n|poke|p2|Yveltal|\n|poke|p2|Dragapult, M|\n|teampreview\n|\n|t:|1701109127\n|start\n|switch|p1a: Duraludon|Duraludon, M|100\/100\n|switch|p2a: Beedrill|Beedrill, M|100\/100\n|turn|1\n|\n|t:|1701109136\n|switch|p1a: Honchkrow|Honchkrow, M|100\/100\n|detailschange|p2a: Beedrill|Beedrill-Mega, M\n|-mega|p2a: Beedrill|Beedrill|Beedrillite\n|move|p2a: Beedrill|Drill Run|p1a: Honchkrow\n|-immune|p1a: Honchkrow\n|\n|upkeep\n|turn|2\n|\n|t:|1701109159\n|move|p2a: Beedrill|U-turn|p1a: Honchkrow\n|-damage|p1a: Honchkrow|17\/100\n|-activate|p2a: Beedrill|move: Pursuit\n|move|p1a: Honchkrow|Pursuit|p2a: Beedrill|[from]Pursuit\n|-damage|p2a: Beedrill|0 fnt\n|faint|p2a: Beedrill\n|-ability|p1a: Honchkrow|Moxie|boost\n|-boost|p1a: Honchkrow|atk|1\n|-damage|p1a: Honchkrow|7\/100|[from] item: Life Orb\n|\n|upkeep\n|\n|t:|1701109164\n|switch|p2a: Regieleki|Regieleki|100\/100\n|turn|3\n|\n|t:|1701109173\n|switch|p1a: Duraludon|Duraludon, M|100\/100\n|move|p2a: Regieleki|Volt Switch|p1a: Duraludon\n|-resisted|p1a: Duraludon\n|-damage|p1a: Duraludon|57\/100\n|\n|t:|1701109189\n|switch|p2a: Darmanitan|Darmanitan-Galar, M|100\/100|[from] Volt Switch\n|\n|upkeep\n|turn|4\n|\n|t:|1701109193\n|move|p2a: Darmanitan|Icicle Crash|p1a: Duraludon\n|-damage|p1a: Duraludon|0 fnt\n|faint|p1a: Duraludon\n|\n|upkeep\n|\n|t:|1701109198\n|switch|p1a: Genesect|Genesect, shiny|100\/100\n|-ability|p1a: Genesect|Download|boost\n|-boost|p1a: Genesect|atk|1\n|turn|5\n|\n|t:|1701109202\n|switch|p2a: Magearna|Magearna|100\/100\n|move|p1a: Genesect|Shift Gear|p1a: Genesect\n|-boost|p1a: Genesect|spe|2\n|-boost|p1a: Genesect|atk|1\n|\n|upkeep\n|turn|6\n|\n|t:|1701109205\n|move|p1a: Genesect|Iron Head|p2a: Magearna\n|-damage|p2a: Magearna|11\/100\n|-damage|p1a: Genesect|91\/100|[from] item: Life Orb\n|cant|p2a: Magearna|flinch\n|\n|upkeep\n|turn|7\n|\n|t:|1701109210\n|switch|p2a: Yveltal|Yveltal, shiny|100\/100\n|-ability|p2a: Yveltal|Dark Aura\n|move|p1a: Genesect|Iron Head|p2a: Yveltal\n|-damage|p2a: Yveltal|0 fnt\n|faint|p2a: Yveltal\n|-damage|p1a: Genesect|81\/100|[from] item: Life Orb\n|\n|upkeep\n|\n|t:|1701109219\n|switch|p2a: Darmanitan|Darmanitan-Galar, M|100\/100\n|turn|8\n|\n|t:|1701109230\n|move|p1a: Genesect|Iron Head|p2a: Darmanitan\n|-supereffective|p2a: Darmanitan\n|-damage|p2a: Darmanitan|0 fnt\n|faint|p2a: Darmanitan\n|-damage|p1a: Genesect|71\/100|[from] item: Life Orb\n|\n|upkeep\n|-message|lefloseug forfeited.\n|\n|win|Duskito\n|raw|Duskito's rating: 1289 &rarr; <strong>1311<\/strong><br \/>(+22 for winning)\n|raw|lefloseug's rating: 1251 &rarr; <strong>1229<\/strong><br \/>(-22 for losing)\n|l|\u2606lefloseug\n","uploadtime":1701109238,"views":14,"p1id":"duskito","p2id":"lefloseug","formatid":"gen9nationaldexubers","rating":1229,"private":0,"password":""}