{"id":"gen9nationaldexubers-1987982841","p1":"AerosmithJR","p2":"hanagakiUBD","format":"[Gen 9] National Dex Ubers","log":"|j|\u2606AerosmithJR\n|j|\u2606hanagakiUBD\n|t:|1699655782\n|gametype|singles\n|player|p1|AerosmithJR|roxie|\n|player|p2|hanagakiUBD|iris-gen5bw2|\n|teamsize|p1|6\n|teamsize|p2|6\n|gen|9\n|tier|[Gen 9] National Dex Ubers\n|rule|HP Percentage Mod: HP is shown in percentages\n|rule|Endless Battle Clause: Forcing endless battles is banned\n|rule|OHKO Clause: OHKO moves are banned\n|rule|Evasion Moves Clause: Evasion moves are banned\n|rule|Evasion Items Clause: Evasion items are banned\n|rule|Species Clause: Limit one of each Pok\u00e9mon\n|rule|Sleep Clause Mod: Limit one foe put to sleep\n|rule|Mega Rayquaza Clause: You cannot mega evolve Rayquaza\n|clearpoke\n|poke|p1|Clodsire, F|\n|poke|p1|Lopunny, M|\n|poke|p1|Alomomola, F|\n|poke|p1|Greninja-*, M|\n|poke|p1|Gliscor, M|\n|poke|p1|Volcarona, F|\n|poke|p2|Sneasler, M|\n|poke|p2|Annihilape, M|\n|poke|p2|Lucario, M|\n|poke|p2|Blaziken, F|\n|poke|p2|Kommo-o, M|\n|poke|p2|Palafin, F|\n|teampreview\n|inactive|Battle timer is ON: inactive players will automatically lose when time's up. (requested by hanagakiUBD)\n|inactive|AerosmithJR has 270 seconds left.\n|c|\u2606AerosmithJR|suerte\n|\n|t:|1699655825\n|start\n|switch|p1a: Lopunny|Lopunny, M|100\/100\n|switch|p2a: Putario|Lucario, M|100\/100\n|turn|1\n|\n|t:|1699655845\n|switch|p2a: Frozono|Annihilape, M|100\/100\n|detailschange|p1a: Lopunny|Lopunny-Mega, M\n|-mega|p1a: Lopunny|Lopunny|Lopunnite\n|move|p1a: Lopunny|Fake Out|p2a: Frozono\n|-damage|p2a: Frozono|77\/100\n|\n|-heal|p2a: Frozono|83\/100|[from] item: Leftovers\n|upkeep\n|turn|2\n|c|\u2606hanagakiUBD|Gracias\n|\n|t:|1699655861\n|switch|p1a: Alomomola|Alomomola, F|100\/100\n|move|p2a: Frozono|Drain Punch|p1a: Alomomola\n|-damage|p1a: Alomomola|84\/100\n|-heal|p2a: Frozono|95\/100|[from] drain|[of] p1a: Alomomola\n|-damage|p2a: Frozono|79\/100|[from] item: Rocky Helmet|[of] p1a: Alomomola\n|\n|-heal|p2a: Frozono|85\/100|[from] item: Leftovers\n|upkeep\n|turn|3\n|\n|t:|1699655866\n|move|p2a: Frozono|Bulk Up|p2a: Frozono\n|-boost|p2a: Frozono|atk|1\n|-boost|p2a: Frozono|def|1\n|move|p1a: Alomomola|Flip Turn|p2a: Frozono\n|-damage|p2a: Frozono|73\/100\n|\n|t:|1699655868\n|switch|p1a: Greninja|Greninja, M|100\/100|[from] Flip Turn\n|\n|-heal|p2a: Frozono|79\/100|[from] item: Leftovers\n|upkeep\n|turn|4\n|\n|t:|1699655871\n|-zpower|p1a: Greninja\n|move|p1a: Greninja|Shattered Psyche|p2a: Frozono|[zeffect]\n|-supereffective|p2a: Frozono\n|-damage|p2a: Frozono|7\/100\n|move|p2a: Frozono|Drain Punch|p1a: Greninja\n|-supereffective|p1a: Greninja\n|-damage|p1a: Greninja|0 fnt\n|-heal|p2a: Frozono|46\/100|[from] drain|[of] p1a: Greninja\n|faint|p1a: Greninja\n|\n|-heal|p2a: Frozono|52\/100|[from] item: Leftovers\n|upkeep\n|j| Lillyshowdo\n|c|\u2606AerosmithJR|a\n|c|\u2606hanagakiUBD|e\n|\n|t:|1699655900\n|switch|p1a: Alomomola|Alomomola, F|100\/100\n|turn|5\n|c| Lillyshowdo|Hi\n|\n|t:|1699655905\n|move|p2a: Frozono|Bulk Up|p2a: Frozono\n|-boost|p2a: Frozono|atk|1\n|-boost|p2a: Frozono|def|1\n|move|p1a: Alomomola|Toxic|p2a: Frozono\n|-status|p2a: Frozono|tox\n|\n|-heal|p2a: Frozono|58\/100 tox|[from] item: Leftovers\n|-damage|p2a: Frozono|52\/100 tox|[from] psn\n|upkeep\n|turn|6\n|\n|t:|1699655908\n|move|p2a: Frozono|Rage Fist|p1a: Alomomola\n|-damage|p1a: Alomomola|15\/100\n|-damage|p2a: Frozono|36\/100 tox|[from] item: Rocky Helmet|[of] p1a: Alomomola\n|move|p1a: Alomomola|Wish|p1a: Alomomola\n|\n|-heal|p2a: Frozono|42\/100 tox|[from] item: Leftovers\n|-damage|p2a: Frozono|30\/100 tox|[from] psn\n|upkeep\n|turn|7\n|\n|t:|1699655911\n|move|p1a: Alomomola|Protect|p1a: Alomomola\n|-singleturn|p1a: Alomomola|Protect\n|move|p2a: Frozono|Drain Punch|p1a: Alomomola\n|-activate|p1a: Alomomola|move: Protect\n|\n|-heal|p1a: Alomomola|65\/100|[from] move: Wish|[wisher] Alomomola\n|-heal|p2a: Frozono|36\/100 tox|[from] item: Leftovers\n|-damage|p2a: Frozono|17\/100 tox|[from] psn\n|upkeep\n|turn|8\n|c|\u2606hanagakiUBD|Hi\n|\n|t:|1699655920\n|switch|p1a: Gliscor|Gliscor, M|100\/100\n|move|p2a: Frozono|Drain Punch|p1a: Gliscor\n|-resisted|p1a: Gliscor\n|-damage|p1a: Gliscor|82\/100\n|-heal|p2a: Frozono|26\/100 tox|[from] drain|[of] p1a: Gliscor\n|\n|-heal|p2a: Frozono|33\/100 tox|[from] item: Leftovers\n|-damage|p2a: Frozono|8\/100 tox|[from] psn\n|-status|p1a: Gliscor|tox|[from] item: Toxic Orb\n|upkeep\n|turn|9\n|\n|t:|1699655922\n|move|p2a: Frozono|Rage Fist|p1a: Gliscor\n|-damage|p1a: Gliscor|0 fnt\n|faint|p1a: Gliscor\n|\n|-heal|p2a: Frozono|14\/100 tox|[from] item: Leftovers\n|-damage|p2a: Frozono|0 fnt|[from] psn\n|faint|p2a: Frozono\n|upkeep\n|\n|t:|1699655929\n|switch|p2a: All might|Palafin, F|100\/100\n|switch|p1a: Lopunny|Lopunny-Mega, M|100\/100\n|turn|10\n|\n|t:|1699655933\n|-terastallize|p2a: All might|Fighting\n|move|p1a: Lopunny|Fake Out|p2a: All might\n|-crit|p2a: All might\n|-damage|p2a: All might|58\/100\n|cant|p2a: All might|flinch\n|\n|upkeep\n|turn|11\n|\n|t:|1699655937\n|move|p1a: Lopunny|Play Rough|p2a: All might\n|-supereffective|p2a: All might\n|-damage|p2a: All might|0 fnt\n|faint|p2a: All might\n|\n|upkeep\n|\n|t:|1699655943\n|switch|p2a: La t\u00f3xica|Sneasler, M|100\/100\n|turn|12\n|\n|t:|1699655947\n|move|p2a: La t\u00f3xica|Fake Out|p1a: Lopunny\n|-enditem|p2a: La t\u00f3xica|Normal Gem|[from] gem\n|-damage|p1a: Lopunny|75\/100\n|cant|p1a: Lopunny|flinch\n|\n|upkeep\n|turn|13\n|\n|t:|1699655951\n|move|p2a: La t\u00f3xica|Acrobatics|p1a: Lopunny\n|-supereffective|p1a: Lopunny\n|-damage|p1a: Lopunny|0 fnt\n|faint|p1a: Lopunny\n|\n|upkeep\n|\n|t:|1699655953\n|switch|p1a: Alomomola|Alomomola, F|98\/100\n|turn|14\n|\n|t:|1699655955\n|move|p2a: La t\u00f3xica|Dire Claw|p1a: Alomomola\n|-damage|p1a: Alomomola|73\/100\n|-status|p1a: Alomomola|par\n|-damage|p2a: La t\u00f3xica|84\/100|[from] item: Rocky Helmet|[of] p1a: Alomomola\n|cant|p1a: Alomomola|par\n|\n|upkeep\n|turn|15\n|\n|t:|1699655959\n|move|p2a: La t\u00f3xica|Dire Claw|p1a: Alomomola\n|-damage|p1a: Alomomola|48\/100 par\n|-damage|p2a: La t\u00f3xica|67\/100|[from] item: Rocky Helmet|[of] p1a: Alomomola\n|cant|p1a: Alomomola|par\n|\n|upkeep\n|turn|16\n|c|\u2606AerosmithJR|dios\n|\n|t:|1699655965\n|move|p2a: La t\u00f3xica|Acrobatics|p1a: Alomomola\n|-crit|p1a: Alomomola\n|-damage|p1a: Alomomola|16\/100 par\n|-damage|p2a: La t\u00f3xica|51\/100|[from] item: Rocky Helmet|[of] p1a: Alomomola\n|move|p1a: Alomomola|Wish|p1a: Alomomola\n|\n|upkeep\n|turn|17\n|c| Lillyshowdo|Ayo\n|\n|t:|1699655969\n|switch|p1a: Clodsire|Clodsire, F|100\/100\n|move|p2a: La t\u00f3xica|Dire Claw|p1a: Clodsire\n|-resisted|p1a: Clodsire\n|-crit|p1a: Clodsire\n|-damage|p1a: Clodsire|83\/100\n|\n|-heal|p1a: Clodsire|100\/100|[from] move: Wish|[wisher] Alomomola\n|upkeep\n|turn|18\n|\n|t:|1699655976\n|move|p2a: La t\u00f3xica|Close Combat|p1a: Clodsire\n|-resisted|p1a: Clodsire\n|-damage|p1a: Clodsire|62\/100\n|-unboost|p2a: La t\u00f3xica|def|1\n|-unboost|p2a: La t\u00f3xica|spd|1\n|move|p1a: Clodsire|Earthquake|p2a: La t\u00f3xica\n|-supereffective|p2a: La t\u00f3xica\n|-damage|p2a: La t\u00f3xica|0 fnt\n|faint|p2a: La t\u00f3xica\n|\n|-heal|p1a: Clodsire|68\/100|[from] item: Black Sludge\n|upkeep\n|\n|t:|1699655983\n|switch|p2a: Folla hadas|Kommo-o, M|100\/100\n|turn|19\n|\n|t:|1699655985\n|-zpower|p2a: Folla hadas\n|move|p2a: Folla hadas|Clangorous Soulblaze|p1a: Clodsire|[zeffect]\n|-damage|p1a: Clodsire|32\/100\n|-boost|p2a: Folla hadas|atk|1\n|-boost|p2a: Folla hadas|def|1\n|-boost|p2a: Folla hadas|spa|1\n|-boost|p2a: Folla hadas|spd|1\n|-boost|p2a: Folla hadas|spe|1\n|move|p1a: Clodsire|Toxic|p2a: Folla hadas\n|-status|p2a: Folla hadas|tox\n|\n|-heal|p1a: Clodsire|38\/100|[from] item: Black Sludge\n|-damage|p2a: Folla hadas|94\/100 tox|[from] psn\n|upkeep\n|turn|20\n|\n|t:|1699655990\n|move|p2a: Folla hadas|Ice Punch|p1a: Clodsire\n|-supereffective|p1a: Clodsire\n|-damage|p1a: Clodsire|0 fnt\n|faint|p1a: Clodsire\n|\n|-damage|p2a: Folla hadas|82\/100 tox|[from] psn\n|upkeep\n|\n|t:|1699655993\n|switch|p1a: Alomomola|Alomomola, F|50\/100 par\n|turn|21\n|\n|t:|1699655999\n|move|p1a: Alomomola|Protect|p1a: Alomomola\n|-singleturn|p1a: Alomomola|Protect\n|move|p2a: Folla hadas|Earthquake|p1a: Alomomola\n|-activate|p1a: Alomomola|move: Protect\n|\n|-damage|p2a: Folla hadas|64\/100 tox|[from] psn\n|upkeep\n|turn|22\n|c|\u2606AerosmithJR|perdhemos\n|\n|t:|1699656003\n|move|p2a: Folla hadas|Clanging Scales|p1a: Alomomola\n|-damage|p1a: Alomomola|0 fnt\n|faint|p1a: Alomomola\n|-unboost|p2a: Folla hadas|def|1\n|\n|-damage|p2a: Folla hadas|39\/100 tox|[from] psn\n|upkeep\n|\n|t:|1699656005\n|switch|p1a: Volcarona|Volcarona, F|100\/100\n|turn|23\n|\n|t:|1699656009\n|move|p2a: Folla hadas|Ice Punch|p1a: Volcarona\n|-resisted|p1a: Volcarona\n|-damage|p1a: Volcarona|80\/100\n|move|p1a: Volcarona|Quiver Dance|p1a: Volcarona\n|-boost|p1a: Volcarona|spa|1\n|-boost|p1a: Volcarona|spd|1\n|-boost|p1a: Volcarona|spe|1\n|\n|-damage|p2a: Folla hadas|8\/100 tox|[from] psn\n|upkeep\n|turn|24\n|c| Lillyshowdo|?\n|\n|t:|1699656016\n|move|p2a: Folla hadas|Earthquake|p1a: Volcarona\n|-damage|p1a: Volcarona|22\/100\n|move|p1a: Volcarona|Roost|p1a: Volcarona\n|-heal|p1a: Volcarona|73\/100\n|-singleturn|p1a: Volcarona|move: Roost\n|\n|-damage|p2a: Folla hadas|0 fnt|[from] psn\n|faint|p2a: Folla hadas\n|upkeep\n|\n|t:|1699656020\n|switch|p2a: KFC|Blaziken, F, shiny|100\/100\n|turn|25\n|\n|t:|1699656024\n|move|p1a: Volcarona|Air Slash|p2a: KFC\n|-supereffective|p2a: KFC\n|-enditem|p2a: KFC|Focus Sash\n|-damage|p2a: KFC|1\/100\n|move|p2a: KFC|Rock Slide|p1a: Volcarona\n|-supereffective|p1a: Volcarona\n|-damage|p1a: Volcarona|0 fnt\n|faint|p1a: Volcarona\n|\n|win|hanagakiUBD\n|c|\u2606AerosmithJR|pos gg\n|c|\u2606hanagakiUBD|Gg\n|c|\u2606AerosmithJR|jugue mal varios turnos\n|c| Lillyshowdo|1 v 3 now\n|c|\u2606AerosmithJR|ni modo\n","uploadtime":1699656042,"views":4,"p1id":"aerosmithjr","p2id":"hanagakiubd","formatid":"gen9nationaldexubers","rating":0,"private":0,"password":""}