{"id":"gen9nationaldexubers-1997253484","p1":"AndLol","p2":"straightoutta14BC","format":"[Gen 9] National Dex Ubers","log":"|j|\u2606AndLol\n|j|\u2606straightoutta14BC\n|inactive|Battle timer is ON: inactive players will automatically lose when time's up.\n|t:|1700780805\n|gametype|singles\n|player|p1|AndLol|bugsy|\n|player|p2|straightoutta14BC|265|\n|teamsize|p1|6\n|teamsize|p2|6\n|gen|9\n|tier|[Gen 9] National Dex Ubers\n|rated|Tournament battle\n|rule|HP Percentage Mod: HP is shown in percentages\n|rule|Endless Battle Clause: Forcing endless battles is banned\n|rule|OHKO Clause: OHKO moves are banned\n|rule|Evasion Moves Clause: Evasion moves are banned\n|rule|Evasion Items Clause: Evasion items are banned\n|rule|Species Clause: Limit one of each Pok\u00e9mon\n|rule|Sleep Clause Mod: Limit one foe put to sleep\n|rule|Mega Rayquaza Clause: You cannot mega evolve Rayquaza\n|rule|Dynamax Clause: You cannot dynamax\n|rule|Terastal Clause: You cannot Terastallize\n|rule|Same Type Clause: Pok\u00e9mon in a team must share a type\n|clearpoke\n|poke|p1|Pidgeot, M|\n|poke|p1|Staraptor, F|\n|poke|p1|Blissey, F|\n|poke|p1|Ditto|\n|poke|p1|Ursaluna, M|\n|poke|p1|Bewear, F|\n|poke|p2|Klinklang|\n|poke|p2|Bronzong|\n|poke|p2|Mawile, F|\n|poke|p2|Melmetal|\n|poke|p2|Stakataka|\n|poke|p2|Ferrothorn, F|\n|teampreview\n|inactive|AndLol also wants the timer to be on.\n|inactive|straightoutta14BC has 120 seconds left.\n|inactive|straightoutta14BC has 90 seconds left.\n|\n|t:|1700780890\n|start\n|switch|p1a: Staraptor|Staraptor, F|100\/100\n|switch|p2a: Shenzhou|Klinklang|100\/100\n|-ability|p1a: Staraptor|Intimidate|boost\n|-fail|p2a: Shenzhou|unboost|[from] ability: Clear Body|[of] p2a: Shenzhou\n|turn|1\n|\n|t:|1700780894\n|move|p1a: Staraptor|Brave Bird|p2a: Shenzhou\n|-resisted|p2a: Shenzhou\n|-damage|p2a: Shenzhou|77\/100\n|-damage|p1a: Staraptor|94\/100|[from] Recoil\n|move|p2a: Shenzhou|Trick Room|p2a: Shenzhou\n|-fieldstart|move: Trick Room|[of] p2a: Shenzhou\n|\n|upkeep\n|turn|2\n|\n|t:|1700780914\n|switch|p2a: Valentina|Mawile, F|100\/100\n|-ability|p2a: Valentina|Intimidate|boost\n|-unboost|p1a: Staraptor|atk|1\n|move|p1a: Staraptor|U-turn|p2a: Valentina\n|-resisted|p2a: Valentina\n|-damage|p2a: Valentina|97\/100\n|\n|t:|1700780937\n|switch|p1a: Ursaluna|Ursaluna, M|100\/100|[from] U-turn\n|\n|-status|p1a: Ursaluna|brn|[from] item: Flame Orb\n|upkeep\n|turn|3\n|\n|t:|1700780960\n|switch|p2a: Venera|Ferrothorn, F|100\/100\n|move|p1a: Ursaluna|Headlong Rush|p2a: Venera\n|-damage|p2a: Venera|24\/100\n|-unboost|p1a: Ursaluna|def|1\n|-unboost|p1a: Ursaluna|spd|1\n|-damage|p1a: Ursaluna|88\/100 brn|[from] ability: Iron Barbs|[of] p2a: Venera\n|\n|-heal|p2a: Venera|30\/100|[from] item: Leftovers\n|-damage|p1a: Ursaluna|82\/100 brn|[from] brn\n|upkeep\n|turn|4\n|\n|t:|1700780972\n|move|p2a: Venera|Power Whip|p1a: Ursaluna\n|-supereffective|p1a: Ursaluna\n|-damage|p1a: Ursaluna|0 fnt\n|faint|p1a: Ursaluna\n|\n|-heal|p2a: Venera|36\/100|[from] item: Leftovers\n|upkeep\n|\n|t:|1700780980\n|switch|p1a: Bewear|Bewear, F|100\/100\n|turn|5\n|\n|t:|1700780985\n|move|p2a: Venera|Leech Seed|p1a: Bewear\n|-start|p1a: Bewear|move: Leech Seed\n|move|p1a: Bewear|Drain Punch|p2a: Venera\n|-supereffective|p2a: Venera\n|-damage|p2a: Venera|0 fnt\n|-damage|p1a: Bewear|88\/100|[from] ability: Iron Barbs|[of] p2a: Venera\n|faint|p2a: Venera\n|\n|-heal|p1a: Bewear|94\/100|[from] item: Leftovers\n|-fieldend|move: Trick Room\n|upkeep\n|\n|t:|1700780991\n|switch|p2a: Shenzhou|Klinklang|77\/100\n|turn|6\n|\n|t:|1700780997\n|switch|p1a: Pidgeot|Pidgeot, M|100\/100\n|move|p2a: Shenzhou|Trick Room|p2a: Shenzhou\n|-fieldstart|move: Trick Room|[of] p2a: Shenzhou\n|\n|upkeep\n|turn|7\n|j| Franko159\n|\n|t:|1700781006\n|detailschange|p1a: Pidgeot|Pidgeot-Mega, M\n|-mega|p1a: Pidgeot|Pidgeot|Pidgeotite\n|move|p2a: Shenzhou|Steel Beam|p1a: Pidgeot\n|-damage|p1a: Pidgeot|35\/100\n|-damage|p2a: Shenzhou|27\/100|[from] steelbeam\n|move|p1a: Pidgeot|Heat Wave|p2a: Shenzhou\n|-supereffective|p2a: Shenzhou\n|-damage|p2a: Shenzhou|0 fnt\n|faint|p2a: Shenzhou\n|\n|upkeep\n|inactive|straightoutta14BC has 120 seconds left.\n|\n|t:|1700781038\n|switch|p2a: Valentina|Mawile, F|97\/100\n|-ability|p2a: Valentina|Intimidate|boost\n|-unboost|p1a: Pidgeot|atk|1\n|turn|8\n|\n|t:|1700781042\n|switch|p1a: Ditto|Ditto|100\/100\n|-transform|p1a: Ditto|p2a: Valentina|[from] ability: Imposter\n|-ability|p1a: Ditto|Intimidate|boost\n|-unboost|p2a: Valentina|atk|1\n|detailschange|p2a: Valentina|Mawile-Mega, F\n|-mega|p2a: Valentina|Mawile|Mawilite\n|move|p2a: Valentina|Play Rough|p1a: Ditto\n|-resisted|p1a: Ditto\n|-damage|p1a: Ditto|62\/100\n|-unboost|p1a: Ditto|atk|1\n|\n|upkeep\n|turn|9\n|\n|t:|1700781060\n|move|p2a: Valentina|Play Rough|p1a: Ditto\n|-resisted|p1a: Ditto\n|-damage|p1a: Ditto|24\/100\n|move|p1a: Ditto|Fire Fang|p2a: Valentina\n|-supereffective|p2a: Valentina\n|-damage|p2a: Valentina|72\/100\n|\n|upkeep\n|turn|10\n|\n|t:|1700781074\n|switch|p1a: Staraptor|Staraptor, F|94\/100\n|-ability|p1a: Staraptor|Intimidate|boost\n|-unboost|p2a: Valentina|atk|1\n|move|p2a: Valentina|Fire Fang|p1a: Staraptor\n|-damage|p1a: Staraptor|77\/100\n|\n|-fieldend|move: Trick Room\n|upkeep\n|turn|11\n|j| galaxystudios370\n|\n|t:|1700781091\n|switch|p2a: Echo|Bronzong|100\/100\n|move|p1a: Staraptor|Brave Bird|p2a: Echo\n|-resisted|p2a: Echo\n|-damage|p2a: Echo|80\/100\n|-damage|p1a: Staraptor|70\/100|[from] Recoil\n|\n|upkeep\n|turn|12\n|\n|t:|1700781098\n|move|p1a: Staraptor|U-turn|p2a: Echo\n|-damage|p2a: Echo|65\/100\n|\n|t:|1700781106\n|switch|p1a: Blissey|Blissey, F|100\/100|[from] U-turn\n|move|p2a: Echo|Trick Room|p2a: Echo\n|-fieldstart|move: Trick Room|[of] p2a: Echo\n|\n|upkeep\n|turn|13\n|\n|t:|1700781123\n|switch|p2a: Nova|Melmetal|100\/100\n|move|p1a: Blissey|Seismic Toss|p2a: Nova\n|-damage|p2a: Nova|79\/100\n|\n|upkeep\n|turn|14\n|j| NDMS2O Kha-2\n|\n|t:|1700781131\n|switch|p1a: Bewear|Bewear, F|94\/100\n|move|p2a: Nova|Double Iron Bash|p1a: Bewear\n|-damage|p1a: Bewear|66\/100\n|-damage|p1a: Bewear|34\/100\n|-hitcount|p1a: Bewear|2\n|\n|-heal|p1a: Bewear|40\/100|[from] item: Leftovers\n|upkeep\n|turn|15\n|\n|t:|1700781139\n|move|p2a: Nova|Double Iron Bash|p1a: Bewear\n|-damage|p1a: Bewear|12\/100\n|-damage|p1a: Bewear|0 fnt\n|faint|p1a: Bewear\n|-hitcount|p1: Bewear|2\n|\n|upkeep\n|\n|t:|1700781143\n|switch|p1a: Ditto|Ditto|24\/100\n|-transform|p1a: Ditto|p2a: Nova|[from] ability: Imposter\n|turn|16\n|\n|t:|1700781150\n|switch|p1a: Staraptor|Staraptor, F|70\/100\n|-ability|p1a: Staraptor|Intimidate|boost\n|-unboost|p2a: Nova|atk|1\n|move|p2a: Nova|Double Iron Bash|p1a: Staraptor\n|-damage|p1a: Staraptor|32\/100\n|-damage|p1a: Staraptor|0 fnt\n|faint|p1a: Staraptor\n|-hitcount|p1: Staraptor|2\n|\n|-fieldend|move: Trick Room\n|upkeep\n|l| NDMS2O Kha-2\n|\n|t:|1700781161\n|switch|p1a: Pidgeot|Pidgeot-Mega, M|35\/100\n|turn|17\n|\n|t:|1700781169\n|switch|p2a: ISS|Stakataka|100\/100\n|move|p1a: Pidgeot|Heat Wave|p2a: ISS\n|-damage|p2a: ISS|65\/100\n|-status|p2a: ISS|brn\n|\n|-damage|p2a: ISS|59\/100 brn|[from] brn\n|upkeep\n|turn|18\n|\n|t:|1700781179\n|switch|p1a: Ditto|Ditto|24\/100\n|-transform|p1a: Ditto|p2a: ISS|[from] ability: Imposter\n|move|p2a: ISS|Trick Room|p2a: ISS\n|-fieldstart|move: Trick Room|[of] p2a: ISS\n|\n|-damage|p2a: ISS|53\/100 brn|[from] brn\n|upkeep\n|turn|19\n|\n|t:|1700781188\n|switch|p2a: Nova|Melmetal|79\/100\n|move|p1a: Ditto|Gyro Ball|p2a: Nova\n|-resisted|p2a: Nova\n|-crit|p2a: Nova\n|-damage|p2a: Nova|71\/100\n|\n|upkeep\n|turn|20\n|\n|t:|1700781200\n|move|p1a: Ditto|Gyro Ball|p2a: Nova\n|-resisted|p2a: Nova\n|-damage|p2a: Nova|66\/100\n|move|p2a: Nova|Double Iron Bash|p1a: Ditto\n|-damage|p1a: Ditto|0 fnt\n|faint|p1a: Ditto\n|-hitcount|p1: Ditto|1\n|\n|upkeep\n|\n|t:|1700781209\n|switch|p1a: Pidgeot|Pidgeot-Mega, M|35\/100\n|turn|21\n|inactive|straightoutta14BC has 120 seconds left.\n|\n|t:|1700781240\n|switch|p1a: Blissey|Blissey, F|100\/100\n|move|p2a: Nova|Double Iron Bash|p1a: Blissey\n|-damage|p1a: Blissey|42\/100\n|-damage|p1a: Blissey|0 fnt\n|faint|p1a: Blissey\n|-hitcount|p1: Blissey|2\n|\n|upkeep\n|\n|t:|1700781246\n|switch|p1a: Pidgeot|Pidgeot-Mega, M|35\/100\n|turn|22\n|inactive|straightoutta14BC has 120 seconds left.\n|\n|t:|1700781270\n|move|p2a: Nova|Double Iron Bash|p1a: Pidgeot\n|-crit|p1a: Pidgeot\n|-damage|p1a: Pidgeot|0 fnt\n|faint|p1a: Pidgeot\n|-hitcount|p1: Pidgeot|1\n|\n|win|straightoutta14BC\n|n|\u2606AndLol|andlol\n|n|\u2606straightoutta14BC|straightoutta14bc\n|n| Franko159|franko159\n|n| galaxystudios370|galaxystudios370\n|l|\u2606AndLol\n|l| galaxystudios370\n|j| hatsir\n","uploadtime":1700781275,"views":3,"p1id":"andlol","p2id":"straightoutta14bc","formatid":"gen9nationaldexubers","rating":0,"private":0,"password":""}