{"id":"gen9nationaldexubers-1985141686","p1":"oLight","p2":"Piotrfau","format":"[Gen 9] National Dex Ubers","log":"|j|\u2606oLight\n|j|\u2606Piotrfau\n|t:|1699337231\n|gametype|singles\n|player|p1|oLight|265|1031\n|player|p2|Piotrfau|266|1050\n|teamsize|p1|6\n|teamsize|p2|6\n|gen|9\n|tier|[Gen 9] National Dex Ubers\n|rated|\n|rule|HP Percentage Mod: HP is shown in percentages\n|rule|Endless Battle Clause: Forcing endless battles is banned\n|rule|OHKO Clause: OHKO moves are banned\n|rule|Evasion Moves Clause: Evasion moves are banned\n|rule|Evasion Items Clause: Evasion items are banned\n|rule|Species Clause: Limit one of each Pok\u00e9mon\n|rule|Sleep Clause Mod: Limit one foe put to sleep\n|rule|Mega Rayquaza Clause: You cannot mega evolve Rayquaza\n|clearpoke\n|poke|p1|Shuckle, F|\n|poke|p1|Glimmora, M|\n|poke|p1|Chandelure, M|\n|poke|p1|Aron, L1, F|\n|poke|p1|Togedemaru, L1, F|\n|poke|p1|Flutter Mane|\n|poke|p2|Swoobat, F|\n|poke|p2|Omastar, M|\n|poke|p2|Excadrill, F|\n|poke|p2|Serperior, M|\n|poke|p2|Zoroark-Hisui, F|\n|poke|p2|Banette, F|\n|teampreview\n|inactive|Battle timer is ON: inactive players will automatically lose when time's up. (requested by oLight)\n|\n|t:|1699337265\n|start\n|switch|p1a: Glimmora|Glimmora, M|100\/100\n|switch|p2a: Banette|Banette, F|100\/100\n|-item|p1a: Glimmora|Rocky Helmet|[from] ability: Frisk|[of] p2a: Banette|[identify]\n|turn|1\n|\n|t:|1699337279\n|detailschange|p2a: Banette|Banette-Mega, F\n|-mega|p2a: Banette|Banette|Banettite\n|move|p2a: Banette|Metronome|p2a: Banette\n|move|p2a: Banette|Gyro Ball|p1a: Glimmora|[from]move: Metronome\n|-supereffective|p1a: Glimmora\n|-damage|p1a: Glimmora|76\/100\n|-damage|p2a: Banette|84\/100|[from] item: Rocky Helmet|[of] p1a: Glimmora\n|-activate|p1a: Glimmora|ability: Toxic Debris\n|-sidestart|p2: Piotrfau|move: Toxic Spikes\n|move|p1a: Glimmora|Stealth Rock|p2a: Banette\n|-sidestart|p2: Piotrfau|move: Stealth Rock\n|\n|upkeep\n|turn|2\n|\n|t:|1699337294\n|move|p1a: Glimmora|Spiky Shield|p1a: Glimmora\n|-singleturn|p1a: Glimmora|move: Protect\n|move|p2a: Banette|Metronome|p2a: Banette\n|move|p2a: Banette|Extrasensory|p1a: Glimmora|[from]move: Metronome\n|-activate|p1a: Glimmora|move: Protect\n|\n|upkeep\n|turn|3\n|\n|t:|1699337308\n|move|p2a: Banette|Metronome|p2a: Banette\n|move|p2a: Banette|U-turn|p1a: Glimmora|[from]move: Metronome\n|-resisted|p1a: Glimmora\n|-damage|p1a: Glimmora|60\/100\n|-damage|p2a: Banette|67\/100|[from] item: Rocky Helmet|[of] p1a: Glimmora\n|-activate|p1a: Glimmora|ability: Toxic Debris\n|-sidestart|p2: Piotrfau|move: Toxic Spikes\n|\n|t:|1699337314\n|switch|p2a: Excadrill|Excadrill, F|100\/100|[from] U-turn\n|-damage|p2a: Excadrill|97\/100|[from] Stealth Rock\n|-ability|p2a: Excadrill|Mold Breaker\n|move|p1a: Glimmora|Mortal Spin|p2a: Excadrill\n|-immune|p2a: Excadrill\n|\n|upkeep\n|turn|4\n|\n|t:|1699337323\n|move|p1a: Glimmora|Spiky Shield|p1a: Glimmora\n|-singleturn|p1a: Glimmora|move: Protect\n|move|p2a: Excadrill|Earthquake|p1a: Glimmora\n|-activate|p1a: Glimmora|move: Protect\n|\n|upkeep\n|turn|5\n|\n|t:|1699337329\n|move|p2a: Excadrill|Earthquake|p1a: Glimmora\n|-supereffective|p1a: Glimmora\n|-damage|p1a: Glimmora|0 fnt\n|faint|p1a: Glimmora\n|\n|upkeep\n|\n|t:|1699337335\n|switch|p1a: Chandelure|Chandelure, M|100\/100\n|turn|6\n|\n|t:|1699337339\n|move|p2a: Excadrill|Earthquake|p1a: Chandelure\n|-supereffective|p1a: Chandelure\n|-enditem|p1a: Chandelure|Focus Sash\n|-damage|p1a: Chandelure|1\/100\n|move|p1a: Chandelure|Trick Room|p1a: Chandelure\n|-fieldstart|move: Trick Room|[of] p1a: Chandelure\n|\n|upkeep\n|turn|7\n|\n|t:|1699337346\n|-terastallize|p2a: Excadrill|Ground\n|move|p1a: Chandelure|Fire Blast|p2a: Excadrill\n|-damage|p2a: Excadrill|22\/100\n|-status|p2a: Excadrill|brn\n|move|p2a: Excadrill|Earthquake|p1a: Chandelure\n|-supereffective|p1a: Chandelure\n|-damage|p1a: Chandelure|0 fnt\n|faint|p1a: Chandelure\n|\n|-damage|p2a: Excadrill|15\/100 brn|[from] brn\n|upkeep\n|\n|t:|1699337358\n|switch|p1a: Shuckle|Shuckle, F|100\/100\n|turn|8\n|\n|t:|1699337363\n|move|p1a: Shuckle|Acupressure|p1a: Shuckle\n|-boost|p1a: Shuckle|spe|2\n|move|p2a: Excadrill|Rapid Spin|p1a: Shuckle\n|-resisted|p1a: Shuckle\n|-damage|p1a: Shuckle|98\/100\n|-boost|p2a: Excadrill|spe|1\n|-sideend|p2: Piotrfau|Toxic Spikes|[from] move: Rapid Spin|[of] p2a: Excadrill\n|-sideend|p2: Piotrfau|Stealth Rock|[from] move: Rapid Spin|[of] p2a: Excadrill\n|\n|-heal|p1a: Shuckle|100\/100|[from] item: Leftovers\n|-damage|p2a: Excadrill|9\/100 brn|[from] brn\n|upkeep\n|turn|9\n|\n|t:|1699337372\n|move|p1a: Shuckle|Acupressure|p1a: Shuckle\n|-boost|p1a: Shuckle|spa|2\n|move|p2a: Excadrill|Earthquake|p1a: Shuckle\n|-damage|p1a: Shuckle|75\/100\n|\n|-heal|p1a: Shuckle|82\/100|[from] item: Leftovers\n|-damage|p2a: Excadrill|3\/100 brn|[from] brn\n|upkeep\n|turn|10\n|\n|t:|1699337380\n|move|p1a: Shuckle|Ancient Power|p2a: Excadrill\n|-resisted|p2a: Excadrill\n|-damage|p2a: Excadrill|0 fnt\n|faint|p2a: Excadrill\n|\n|-heal|p1a: Shuckle|88\/100|[from] item: Leftovers\n|-fieldend|move: Trick Room\n|upkeep\n|\n|t:|1699337386\n|switch|p2a: Banette|Banette-Mega, F|67\/100\n|turn|11\n|\n|t:|1699337390\n|move|p2a: Banette|Metronome|p2a: Banette\n|move|p2a: Banette|Brine|p1a: Shuckle|[from]move: Metronome\n|-supereffective|p1a: Shuckle\n|-damage|p1a: Shuckle|70\/100\n|move|p1a: Shuckle|Acupressure|p1a: Shuckle\n|-boost|p1a: Shuckle|spd|2\n|\n|-heal|p1a: Shuckle|76\/100|[from] item: Leftovers\n|upkeep\n|turn|12\n|\n|t:|1699337398\n|move|p2a: Banette|Metronome|p2a: Banette\n|move|p2a: Banette|Worry Seed|p1a: Shuckle|[from]move: Metronome\n|-endability|p1a: Shuckle|Sturdy|[from] move: Worry Seed\n|-ability|p1a: Shuckle|Insomnia|[from] move: Worry Seed\n|move|p1a: Shuckle|Acupressure|p1a: Shuckle\n|-boost|p1a: Shuckle|def|2\n|\n|-heal|p1a: Shuckle|82\/100|[from] item: Leftovers\n|upkeep\n|turn|13\n|\n|t:|1699337406\n|move|p2a: Banette|Metronome|p2a: Banette\n|move|p2a: Banette|Yawn|p1a: Shuckle|[from]move: Metronome\n|-immune|p1a: Shuckle|[from] ability: Insomnia\n|move|p1a: Shuckle|Acupressure|p1a: Shuckle\n|-boost|p1a: Shuckle|evasion|2\n|\n|-heal|p1a: Shuckle|88\/100|[from] item: Leftovers\n|upkeep\n|turn|14\n|\n|t:|1699337413\n|move|p2a: Banette|Metronome|p2a: Banette\n|move|p2a: Banette|Eruption|p1a: Shuckle|[from]move: Metronome|[miss]\n|-miss|p2a: Banette|p1a: Shuckle\n|move|p1a: Shuckle|Acupressure|p1a: Shuckle\n|-boost|p1a: Shuckle|evasion|2\n|\n|-heal|p1a: Shuckle|94\/100|[from] item: Leftovers\n|upkeep\n|turn|15\n|\n|t:|1699337423\n|move|p2a: Banette|Metronome|p2a: Banette\n|move|p2a: Banette|Thunder Shock|p1a: Shuckle|[from]move: Metronome|[miss]\n|-miss|p2a: Banette|p1a: Shuckle\n|move|p1a: Shuckle|Acupressure|p1a: Shuckle\n|-boost|p1a: Shuckle|spa|2\n|\n|-heal|p1a: Shuckle|100\/100|[from] item: Leftovers\n|upkeep\n|turn|16\n|\n|t:|1699337430\n|move|p2a: Banette|Metronome|p2a: Banette\n|move|p2a: Banette|Headbutt|p1a: Shuckle|[from]move: Metronome|[miss]\n|-miss|p2a: Banette|p1a: Shuckle\n|move|p1a: Shuckle|Acupressure|p1a: Shuckle\n|-boost|p1a: Shuckle|def|2\n|\n|upkeep\n|turn|17\n|\n|t:|1699337437\n|move|p2a: Banette|Metronome|p2a: Banette\n|move|p2a: Banette|Attack Order|p1a: Shuckle|[from]move: Metronome\n|-damage|p1a: Shuckle|92\/100\n|move|p1a: Shuckle|Acupressure|p1a: Shuckle\n|-boost|p1a: Shuckle|def|2\n|\n|-heal|p1a: Shuckle|98\/100|[from] item: Leftovers\n|upkeep\n|turn|18\n|\n|t:|1699337444\n|move|p2a: Banette|Metronome|p2a: Banette\n|move|p2a: Banette|Gastro Acid|p1a: Shuckle|[from]move: Metronome|[miss]\n|-miss|p2a: Banette|p1a: Shuckle\n|move|p1a: Shuckle|Acupressure|p1a: Shuckle\n|-boost|p1a: Shuckle|evasion|2\n|\n|-heal|p1a: Shuckle|100\/100|[from] item: Leftovers\n|upkeep\n|turn|19\n|\n|t:|1699337451\n|move|p2a: Banette|Metronome|p2a: Banette\n|move|p2a: Banette|Fairy Lock|p2a: Banette|[from]move: Metronome\n|-fieldactivate|move: Fairy Lock\n|move|p1a: Shuckle|Acupressure|p1a: Shuckle\n|-boost|p1a: Shuckle|spa|2\n|\n|upkeep\n|turn|20\n|\n|t:|1699337460\n|move|p2a: Banette|Metronome|p2a: Banette\n|move|p2a: Banette|Quick Attack|p1a: Shuckle|[from]move: Metronome\n|-resisted|p1a: Shuckle\n|-damage|p1a: Shuckle|99\/100\n|move|p1a: Shuckle|Ancient Power|p2a: Banette\n|-damage|p2a: Banette|17\/100\n|\n|-heal|p1a: Shuckle|100\/100|[from] item: Leftovers\n|upkeep\n|turn|21\n|\n|t:|1699337468\n|move|p2a: Banette|Metronome|p2a: Banette\n|move|p2a: Banette|Grass Knot|p1a: Shuckle|[from]move: Metronome\n|-damage|p1a: Shuckle|98\/100\n|move|p1a: Shuckle|Acupressure|p1a: Shuckle\n|-boost|p1a: Shuckle|spe|2\n|\n|-heal|p1a: Shuckle|100\/100|[from] item: Leftovers\n|upkeep\n|turn|22\n|\n|t:|1699337475\n|move|p2a: Banette|Metronome|p2a: Banette\n|move|p2a: Banette|False Swipe|p1a: Shuckle|[from]move: Metronome|[miss]\n|-miss|p2a: Banette|p1a: Shuckle\n|move|p1a: Shuckle|Acupressure|p1a: Shuckle\n|-boost|p1a: Shuckle|atk|2\n|\n|upkeep\n|turn|23\n|\n|t:|1699337482\n|move|p2a: Banette|Metronome|p2a: Banette\n|move|p2a: Banette|Phantom Force||[from]move: Metronome|[still]\n|-prepare|p2a: Banette|Phantom Force\n|move|p1a: Shuckle|Acupressure|p1a: Shuckle\n|-boost|p1a: Shuckle|atk|2\n|\n|upkeep\n|turn|24\n|\n|t:|1699337487\n|move|p2a: Banette|Phantom Force|p1a: Shuckle|[from]lockedmove\n|-damage|p1a: Shuckle|90\/100\n|move|p1a: Shuckle|Acupressure|p1a: Shuckle\n|-boost|p1a: Shuckle|spe|2\n|\n|-heal|p1a: Shuckle|96\/100|[from] item: Leftovers\n|upkeep\n|turn|25\n|\n|t:|1699337494\n|move|p2a: Banette|Destiny Bond|p2a: Banette\n|-singlemove|p2a: Banette|Destiny Bond\n|move|p1a: Shuckle|Acupressure|p1a: Shuckle\n|-boost|p1a: Shuckle|atk|2\n|\n|-heal|p1a: Shuckle|100\/100|[from] item: Leftovers\n|upkeep\n|turn|26\n|\n|t:|1699337501\n|move|p2a: Banette|Encore|p1a: Shuckle|[miss]\n|-miss|p2a: Banette|p1a: Shuckle\n|move|p1a: Shuckle|Acupressure|p1a: Shuckle\n|-boost|p1a: Shuckle|spd|2\n|\n|upkeep\n|turn|27\n|\n|t:|1699337507\n|move|p2a: Banette|Encore|p1a: Shuckle|[miss]\n|-miss|p2a: Banette|p1a: Shuckle\n|move|p1a: Shuckle|Earth Power|p2a: Banette\n|-damage|p2a: Banette|0 fnt\n|faint|p2a: Banette\n|\n|upkeep\n|\n|t:|1699337518\n|switch|p2a: Omastar|Omastar, M|100\/100\n|turn|28\n|\n|t:|1699337523\n|move|p2a: Omastar|Shell Smash|p2a: Omastar\n|-unboost|p2a: Omastar|def|1\n|-unboost|p2a: Omastar|spd|1\n|-boost|p2a: Omastar|atk|2\n|-boost|p2a: Omastar|spa|2\n|-boost|p2a: Omastar|spe|2\n|move|p1a: Shuckle|Earth Power|p2a: Omastar\n|-supereffective|p2a: Omastar\n|-enditem|p2a: Omastar|Focus Sash\n|-damage|p2a: Omastar|1\/100\n|\n|upkeep\n|turn|29\n|\n|t:|1699337533\n|move|p2a: Omastar|Scald|p1a: Shuckle|[miss]\n|-miss|p2a: Omastar|p1a: Shuckle\n|move|p1a: Shuckle|Ancient Power|p2a: Omastar\n|-damage|p2a: Omastar|0 fnt\n|faint|p2a: Omastar\n|\n|upkeep\n|\n|t:|1699337541\n|switch|p2a: Serperior|Serperior, M|100\/100\n|turn|30\n|\n|t:|1699337548\n|move|p2a: Serperior|Flamethrower|p1a: Shuckle|[miss]\n|-miss|p2a: Serperior|p1a: Shuckle\n|move|p1a: Shuckle|Acupressure|p1a: Shuckle\n|-boost|p1a: Shuckle|spd|2\n|\n|upkeep\n|turn|31\n|\n|t:|1699337556\n|move|p2a: Serperior|Flamethrower|p1a: Shuckle|[miss]\n|-miss|p2a: Serperior|p1a: Shuckle\n|move|p1a: Shuckle|Earth Power|p2a: Serperior\n|-enditem|p2a: Serperior|Focus Sash\n|-damage|p2a: Serperior|1\/100\n|-unboost|p2a: Serperior|spd|1\n|replace|p2a: Zoroark|Zoroark-Hisui, F\n|-end|p2a: Zoroark|Illusion\n|\n|upkeep\n|turn|32\n|\n|t:|1699337566\n|move|p2a: Zoroark|Flamethrower|p1a: Shuckle|[miss]\n|-miss|p2a: Zoroark|p1a: Shuckle\n|move|p1a: Shuckle|Earth Power|p2a: Zoroark\n|-damage|p2a: Zoroark|0 fnt\n|faint|p2a: Zoroark\n|\n|upkeep\n|\n|t:|1699337569\n|switch|p2a: Serperior|Serperior, M|100\/100\n|turn|33\n|\n|t:|1699337574\n|move|p2a: Serperior|Leaf Storm|p1a: Shuckle|[miss]\n|-miss|p2a: Serperior|p1a: Shuckle\n|move|p1a: Shuckle|Earth Power|p2a: Serperior\n|-resisted|p2a: Serperior\n|-damage|p2a: Serperior|74\/100\n|\n|upkeep\n|turn|34\n|\n|t:|1699337580\n|move|p2a: Serperior|Leaf Storm|p1a: Shuckle|[miss]\n|-miss|p2a: Serperior|p1a: Shuckle\n|move|p1a: Shuckle|Ancient Power|p2a: Serperior\n|-damage|p2a: Serperior|22\/100\n|\n|upkeep\n|turn|35\n|\n|t:|1699337585\n|move|p2a: Serperior|Leaf Storm|p1a: Shuckle\n|-damage|p1a: Shuckle|92\/100\n|-boost|p2a: Serperior|spa|2\n|move|p1a: Shuckle|Earth Power|p2a: Serperior\n|-resisted|p2a: Serperior\n|-damage|p2a: Serperior|0 fnt\n|faint|p2a: Serperior\n|\n|-heal|p1a: Shuckle|98\/100|[from] item: Leftovers\n|upkeep\n|\n|t:|1699337588\n|switch|p2a: Swoobat|Swoobat, F|100\/100\n|turn|36\n|\n|t:|1699337596\n|move|p2a: Swoobat|Nasty Plot|p2a: Swoobat\n|-boost|p2a: Swoobat|spa|4\n|move|p1a: Shuckle|Ancient Power|p2a: Swoobat\n|-supereffective|p2a: Swoobat\n|-enditem|p2a: Swoobat|Focus Sash\n|-damage|p2a: Swoobat|1\/100\n|\n|-heal|p1a: Shuckle|100\/100|[from] item: Leftovers\n|upkeep\n|turn|37\n|\n|t:|1699337604\n|move|p2a: Swoobat|Stored Power|p1a: Shuckle\n|-damage|p1a: Shuckle|83\/100\n|move|p1a: Shuckle|Ancient Power|p2a: Swoobat\n|-supereffective|p2a: Swoobat\n|-damage|p2a: Swoobat|0 fnt\n|faint|p2a: Swoobat\n|\n|win|oLight\n|raw|oLight's rating: 1031 &rarr; <strong>1068<\/strong><br \/>(+37 for winning)\n|raw|Piotrfau's rating: 1050 &rarr; <strong>1032<\/strong><br \/>(-18 for losing)\n|l|\u2606Piotrfau\n|c|\u2606oLight|gg\n","uploadtime":1699337716,"views":8,"p1id":"olight","p2id":"piotrfau","formatid":"gen9nationaldexubers","rating":1032,"private":0,"password":""}