{"id":"gen9nationaldexubers-1989420617","p1":"Guj Genera","p2":"ninjamage13","format":"[Gen 9] National Dex Ubers","log":"|j|\u2606Guj Genera\n|j|\u2606ninjamage13\n|t:|1699848017\n|gametype|singles\n|player|p1|Guj Genera|red|\n|player|p2|ninjamage13|pokemonranger-gen6xy|\n|teamsize|p1|6\n|teamsize|p2|6\n|gen|9\n|tier|[Gen 9] National Dex Ubers\n|rule|HP Percentage Mod: HP is shown in percentages\n|rule|Endless Battle Clause: Forcing endless battles is banned\n|rule|OHKO Clause: OHKO moves are banned\n|rule|Evasion Moves Clause: Evasion moves are banned\n|rule|Evasion Items Clause: Evasion items are banned\n|rule|Species Clause: Limit one of each Pok\u00e9mon\n|rule|Sleep Clause Mod: Limit one foe put to sleep\n|rule|Mega Rayquaza Clause: You cannot mega evolve Rayquaza\n|clearpoke\n|poke|p1|Cinderace, F|\n|poke|p1|Landorus-Therian, M|\n|poke|p1|Zeraora|\n|poke|p1|Inteleon, M|\n|poke|p1|Kommo-o, M|\n|poke|p1|Kartana|\n|poke|p2|Venusaur, M|\n|poke|p2|Ferrothorn, M|\n|poke|p2|Breloom, F|\n|poke|p2|Chesnaught, M|\n|poke|p2|Meowscarada, F|\n|poke|p2|Whimsicott, M|\n|teampreview\n|inactive|Battle timer is ON: inactive players will automatically lose when time's up. (requested by Guj Genera)\n|c|\u2606Guj Genera|Glhf\n|c|\u2606ninjamage13|u2\n|inactive|ninjamage13 has 270 seconds left.\n|\n|t:|1699848068\n|start\n|switch|p1a: Cinderace|Cinderace, F, shiny|100\/100\n|switch|p2a: SPINE CURVES|Ferrothorn, M|100\/100\n|turn|1\n|\n|t:|1699848073\n|move|p2a: SPINE CURVES|Protect|p2a: SPINE CURVES\n|-singleturn|p2a: SPINE CURVES|Protect\n|move|p1a: Cinderace|Gunk Shot|p2a: SPINE CURVES\n|-start|p1a: Cinderace|typechange|Poison|[from] ability: Libero\n|-activate|p2a: SPINE CURVES|move: Protect\n|\n|upkeep\n|turn|2\n|\n|t:|1699848077\n|switch|p1a: Kartana|Kartana, shiny|100\/100\n|move|p2a: SPINE CURVES|Spikes|p1a: Kartana\n|-sidestart|p1: Guj Genera|Spikes\n|\n|upkeep\n|turn|3\n|\n|t:|1699848085\n|move|p2a: SPINE CURVES|Protect|p2a: SPINE CURVES\n|-singleturn|p2a: SPINE CURVES|Protect\n|move|p1a: Kartana|Knock Off|p2a: SPINE CURVES\n|-activate|p2a: SPINE CURVES|move: Protect\n|\n|upkeep\n|turn|4\n|\n|t:|1699848091\n|switch|p2a: OK I'M SICK|Venusaur, M|100\/100\n|move|p1a: Kartana|Knock Off|p2a: OK I'M SICK\n|-damage|p2a: OK I'M SICK|77\/100\n|\n|upkeep\n|turn|5\n|\n|t:|1699848096\n|detailschange|p2a: OK I'M SICK|Venusaur-Mega, M\n|-mega|p2a: OK I'M SICK|Venusaur|Venusaurite\n|move|p1a: Kartana|Knock Off|p2a: OK I'M SICK\n|-damage|p2a: OK I'M SICK|59\/100\n|move|p2a: OK I'M SICK|Leech Seed|p1a: Kartana\n|-immune|p1a: Kartana\n|\n|upkeep\n|turn|6\n|j| Pex Hater\n|c|\u2606Guj Genera|Rookie move\n|\n|t:|1699848108\n|move|p1a: Kartana|Knock Off|p2a: OK I'M SICK\n|-damage|p2a: OK I'M SICK|41\/100\n|move|p2a: OK I'M SICK|Synthesis|p2a: OK I'M SICK\n|-heal|p2a: OK I'M SICK|91\/100\n|\n|upkeep\n|turn|7\n|\n|t:|1699848111\n|move|p1a: Kartana|Knock Off|p2a: OK I'M SICK\n|-damage|p2a: OK I'M SICK|75\/100\n|move|p2a: OK I'M SICK|Hidden Power|p1a: Kartana\n|-supereffective|p1a: Kartana\n|-damage|p1a: Kartana|0 fnt\n|faint|p1a: Kartana\n|\n|upkeep\n|\n|t:|1699848116\n|switch|p1a: Cinderace|Cinderace, F, shiny|100\/100\n|-damage|p1a: Cinderace|88\/100|[from] Spikes\n|turn|8\n|\n|t:|1699848125\n|move|p1a: Cinderace|Gunk Shot|p2a: OK I'M SICK|[miss]\n|-start|p1a: Cinderace|typechange|Poison|[from] ability: Libero\n|-miss|p1a: Cinderace|p2a: OK I'M SICK\n|move|p2a: OK I'M SICK|Synthesis|p2a: OK I'M SICK\n|-heal|p2a: OK I'M SICK|100\/100\n|\n|upkeep\n|turn|9\n|\n|t:|1699848129\n|switch|p2a: SPINE CURVES|Ferrothorn, M|100\/100\n|move|p1a: Cinderace|Gunk Shot|p2a: SPINE CURVES\n|-immune|p2a: SPINE CURVES\n|\n|upkeep\n|turn|10\n|\n|t:|1699848135\n|switch|p1a: Zeraora|Zeraora, shiny|100\/100\n|-damage|p1a: Zeraora|88\/100|[from] Spikes\n|move|p2a: SPINE CURVES|Leech Seed|p1a: Zeraora\n|-start|p1a: Zeraora|move: Leech Seed\n|\n|-damage|p1a: Zeraora|76\/100|[from] Leech Seed|[of] p2a: SPINE CURVES\n|upkeep\n|turn|11\n|\n|t:|1699848142\n|switch|p2a: OK I'M SICK|Venusaur-Mega, M|100\/100\n|move|p1a: Zeraora|Plasma Fists|p2a: OK I'M SICK\n|-resisted|p2a: OK I'M SICK\n|-crit|p2a: OK I'M SICK\n|-damage|p2a: OK I'M SICK|80\/100\n|-fieldactivate|move: Ion Deluge\n|-hint|Normal-type moves become Electric-type after using Plasma Fists.\n|\n|-damage|p1a: Zeraora|64\/100|[from] Leech Seed|[of] p2a: OK I'M SICK\n|-heal|p2a: OK I'M SICK|91\/100|[silent]\n|upkeep\n|turn|12\n|\n|t:|1699848151\n|switch|p1a: Landorus|Landorus-Therian, M, shiny|100\/100\n|-ability|p1a: Landorus|Intimidate|boost\n|-unboost|p2a: OK I'M SICK|atk|1\n|move|p2a: OK I'M SICK|Leech Seed|p1a: Landorus\n|-start|p1a: Landorus|move: Leech Seed\n|\n|-damage|p1a: Landorus|88\/100|[from] Leech Seed|[of] p2a: OK I'M SICK\n|-heal|p2a: OK I'M SICK|100\/100|[silent]\n|upkeep\n|turn|13\n|\n|t:|1699848160\n|move|p1a: Landorus|Stealth Rock|p2a: OK I'M SICK\n|-sidestart|p2: ninjamage13|move: Stealth Rock\n|move|p2a: OK I'M SICK|Sludge Bomb|p1a: Landorus\n|-resisted|p1a: Landorus\n|-crit|p1a: Landorus\n|-damage|p1a: Landorus|56\/100\n|\n|-damage|p1a: Landorus|44\/100|[from] Leech Seed|[of] p2a: OK I'M SICK\n|upkeep\n|turn|14\n|\n|t:|1699848169\n|move|p1a: Landorus|Earthquake|p2a: OK I'M SICK\n|-damage|p2a: OK I'M SICK|74\/100\n|move|p2a: OK I'M SICK|Leech Seed||[still]\n|-fail|p2a: OK I'M SICK\n|\n|-damage|p1a: Landorus|31\/100|[from] Leech Seed|[of] p2a: OK I'M SICK\n|-heal|p2a: OK I'M SICK|87\/100|[silent]\n|upkeep\n|turn|15\n|\n|t:|1699848172\n|move|p1a: Landorus|Earthquake|p2a: OK I'M SICK\n|-damage|p2a: OK I'M SICK|61\/100\n|move|p2a: OK I'M SICK|Leech Seed|p1a: Landorus|[miss]\n|-miss|p2a: OK I'M SICK|p1a: Landorus\n|\n|-damage|p1a: Landorus|19\/100|[from] Leech Seed|[of] p2a: OK I'M SICK\n|-heal|p2a: OK I'M SICK|74\/100|[silent]\n|upkeep\n|turn|16\n|\n|t:|1699848175\n|move|p1a: Landorus|Earthquake|p2a: OK I'M SICK\n|-damage|p2a: OK I'M SICK|44\/100\n|move|p2a: OK I'M SICK|Leech Seed||[still]\n|-fail|p2a: OK I'M SICK\n|\n|-damage|p1a: Landorus|7\/100|[from] Leech Seed|[of] p2a: OK I'M SICK\n|-heal|p2a: OK I'M SICK|57\/100|[silent]\n|upkeep\n|turn|17\n|\n|t:|1699848177\n|move|p1a: Landorus|Earthquake|p2a: OK I'M SICK\n|-damage|p2a: OK I'M SICK|29\/100\n|move|p2a: OK I'M SICK|Synthesis|p2a: OK I'M SICK\n|-heal|p2a: OK I'M SICK|79\/100\n|\n|-damage|p1a: Landorus|0 fnt|[from] Leech Seed|[of] p2a: OK I'M SICK\n|-heal|p2a: OK I'M SICK|85\/100|[silent]\n|faint|p1a: Landorus\n|upkeep\n|\n|t:|1699848182\n|switch|p1a: Inteleon|Inteleon, M, shiny|100\/100\n|-damage|p1a: Inteleon|88\/100|[from] Spikes\n|turn|18\n|\n|t:|1699848194\n|move|p1a: Inteleon|Ice Beam|p2a: OK I'M SICK\n|-supereffective|p2a: OK I'M SICK\n|-damage|p2a: OK I'M SICK|49\/100\n|move|p2a: OK I'M SICK|Sludge Bomb|p1a: Inteleon\n|-damage|p1a: Inteleon|24\/100\n|\n|upkeep\n|turn|19\n|\n|t:|1699848204\n|move|p1a: Inteleon|Ice Beam|p2a: OK I'M SICK\n|-supereffective|p2a: OK I'M SICK\n|-damage|p2a: OK I'M SICK|9\/100\n|move|p2a: OK I'M SICK|Sludge Bomb|p1a: Inteleon\n|-damage|p1a: Inteleon|0 fnt\n|faint|p1a: Inteleon\n|\n|upkeep\n|\n|t:|1699848210\n|switch|p1a: Zeraora|Zeraora, shiny|64\/100\n|-damage|p1a: Zeraora|51\/100|[from] Spikes\n|turn|20\n|\n|t:|1699848223\n|switch|p2a: POLYESTER ZEAL|Whimsicott, M|100\/100\n|-damage|p2a: POLYESTER ZEAL|88\/100|[from] Stealth Rock\n|move|p1a: Zeraora|Plasma Fists|p2a: POLYESTER ZEAL\n|-resisted|p2a: POLYESTER ZEAL\n|-damage|p2a: POLYESTER ZEAL|53\/100\n|-fieldactivate|move: Ion Deluge\n|-hint|Normal-type moves become Electric-type after using Plasma Fists.\n|\n|-heal|p2a: POLYESTER ZEAL|59\/100|[from] item: Leftovers\n|upkeep\n|turn|21\n|\n|t:|1699848231\n|move|p1a: Zeraora|Plasma Fists|p2a: POLYESTER ZEAL\n|-resisted|p2a: POLYESTER ZEAL\n|-damage|p2a: POLYESTER ZEAL|24\/100\n|-fieldactivate|move: Ion Deluge\n|-hint|Normal-type moves become Electric-type after using Plasma Fists.\n|move|p2a: POLYESTER ZEAL|Moonblast|p1a: Zeraora\n|-damage|p1a: Zeraora|2\/100\n|\n|-heal|p2a: POLYESTER ZEAL|30\/100|[from] item: Leftovers\n|upkeep\n|turn|22\n|\n|t:|1699848241\n|switch|p2a: SPINE CURVES|Ferrothorn, M|100\/100\n|-damage|p2a: SPINE CURVES|95\/100|[from] Stealth Rock\n|move|p1a: Zeraora|Plasma Fists|p2a: SPINE CURVES\n|-resisted|p2a: SPINE CURVES\n|-damage|p2a: SPINE CURVES|77\/100\n|-fieldactivate|move: Ion Deluge\n|-hint|Normal-type moves become Electric-type after using Plasma Fists.\n|-damage|p1a: Zeraora|0 fnt|[from] ability: Iron Barbs|[of] p2a: SPINE CURVES\n|faint|p1a: Zeraora\n|\n|-heal|p2a: SPINE CURVES|83\/100|[from] item: Leftovers\n|upkeep\n|\n|t:|1699848245\n|switch|p1a: Kommo-o|Kommo-o, M, shiny|100\/100\n|-damage|p1a: Kommo-o|88\/100|[from] Spikes\n|turn|23\n|\n|t:|1699848251\n|switch|p2a: POLYESTER ZEAL|Whimsicott, M|30\/100\n|-damage|p2a: POLYESTER ZEAL|17\/100|[from] Stealth Rock\n|move|p1a: Kommo-o|Earthquake|p2a: POLYESTER ZEAL\n|-resisted|p2a: POLYESTER ZEAL\n|-damage|p2a: POLYESTER ZEAL|0 fnt\n|faint|p2a: POLYESTER ZEAL\n|\n|upkeep\n|\n|t:|1699848257\n|switch|p2a: USE YOUR ILLUSION|Meowscarada, F|100\/100\n|-damage|p2a: USE YOUR ILLUSION|88\/100|[from] Stealth Rock\n|turn|24\n|\n|t:|1699848260\n|move|p2a: USE YOUR ILLUSION|Play Rough|p1a: Kommo-o\n|-start|p2a: USE YOUR ILLUSION|typechange|Fairy|[from] ability: Protean\n|-supereffective|p1a: Kommo-o\n|-damage|p1a: Kommo-o|0 fnt\n|faint|p1a: Kommo-o\n|\n|upkeep\n|\n|t:|1699848263\n|switch|p1a: Cinderace|Cinderace, F, shiny|88\/100\n|-damage|p1a: Cinderace|76\/100|[from] Spikes\n|turn|25\n|\n|t:|1699848267\n|switch|p2a: OK I'M SICK|Venusaur-Mega, M|9\/100\n|-damage|p2a: OK I'M SICK|0 fnt|[from] Stealth Rock\n|faint|p2a: OK I'M SICK\n|move|p1a: Cinderace|High Jump Kick|p2: OK I'M SICK|[notarget]\n|-fail|p1a: Cinderace\n|\n|upkeep\n|\n|t:|1699848273\n|switch|p2a: NO BULLETS SPENT|Chesnaught, M|100\/100\n|-damage|p2a: NO BULLETS SPENT|94\/100|[from] Stealth Rock\n|turn|26\n|\n|t:|1699848276\n|move|p1a: Cinderace|High Jump Kick|p2a: NO BULLETS SPENT\n|-start|p1a: Cinderace|typechange|Fighting|[from] ability: Libero\n|-damage|p2a: NO BULLETS SPENT|40\/100\n|-damage|p1a: Cinderace|59\/100|[from] item: Rocky Helmet|[of] p2a: NO BULLETS SPENT\n|move|p2a: NO BULLETS SPENT|Body Press|p1a: Cinderace\n|-damage|p1a: Cinderace|0 fnt\n|faint|p1a: Cinderace\n|\n|win|ninjamage13\n|c|\u2606Guj Genera|Gg\n|c|\u2606ninjamage13|gg\n|l| Pex Hater\n","uploadtime":1699848288,"views":42,"p1id":"gujgenera","p2id":"ninjamage13","formatid":"gen9nationaldexubers","rating":0,"private":0,"password":""}