{"id":"gen9nationaldexubers-1982847714","p1":"Kayoubi","p2":"7evenGhosT","format":"[Gen 9] National Dex Ubers","log":"|j|\u2606Kayoubi\n|j|\u26067evenGhosT\n|t:|1699050870\n|gametype|singles\n|player|p1|Kayoubi|red|1272\n|player|p2|7evenGhosT|caitlin|1359\n|teamsize|p1|6\n|teamsize|p2|6\n|gen|9\n|tier|[Gen 9] National Dex Ubers\n|rated|\n|rule|HP Percentage Mod: HP is shown in percentages\n|rule|Endless Battle Clause: Forcing endless battles is banned\n|rule|OHKO Clause: OHKO moves are banned\n|rule|Evasion Moves Clause: Evasion moves are banned\n|rule|Evasion Items Clause: Evasion items are banned\n|rule|Species Clause: Limit one of each Pok\u00e9mon\n|rule|Sleep Clause Mod: Limit one foe put to sleep\n|rule|Mega Rayquaza Clause: You cannot mega evolve Rayquaza\n|clearpoke\n|poke|p1|Ho-Oh|\n|poke|p1|Ogerpon-Hearthflame, F|\n|poke|p1|Quagsire, F|\n|poke|p1|Deoxys-Attack|\n|poke|p1|Zacian-*|\n|poke|p1|Groudon|\n|poke|p2|Calyrex-Ice|\n|poke|p2|Melmetal|\n|poke|p2|Magearna|\n|poke|p2|Necrozma-Dawn-Wings|\n|poke|p2|Hatterene, F|\n|poke|p2|Dracovish|\n|teampreview\n|inactive|Battle timer is ON: inactive players will automatically lose when time's up. (requested by Kayoubi)\n|\n|t:|1699050878\n|start\n|switch|p1a: Quagsire|Quagsire, F, shiny|100\/100\n|switch|p2a: Hatterene|Hatterene, F|100\/100\n|turn|1\n|\n|t:|1699050886\n|move|p1a: Quagsire|Toxic|p2a: Hatterene\n|move|p2a: Hatterene|Toxic|p1a: Quagsire|[from]ability: Magic Bounce\n|-status|p1a: Quagsire|tox\n|move|p2a: Hatterene|Trick Room|p2a: Hatterene\n|-fieldstart|move: Trick Room|[of] p2a: Hatterene\n|\n|-damage|p1a: Quagsire|94\/100 tox|[from] psn\n|upkeep\n|turn|2\n|\n|t:|1699050896\n|move|p2a: Hatterene|Misty Explosion|p1a: Quagsire\n|-damage|p1a: Quagsire|24\/100 tox\n|faint|p2a: Hatterene\n|move|p1a: Quagsire|Stealth Rock|p2: Hatterene\n|-sidestart|p2: 7evenGhosT|move: Stealth Rock\n|\n|-damage|p1a: Quagsire|12\/100 tox|[from] psn\n|upkeep\n|\n|t:|1699050909\n|switch|p2a: Melmetal|Melmetal|100\/100\n|-damage|p2a: Melmetal|94\/100|[from] Stealth Rock\n|turn|3\n|\n|t:|1699050915\n|move|p2a: Melmetal|Double Iron Bash|p1a: Quagsire\n|-resisted|p1a: Quagsire\n|-crit|p1a: Quagsire\n|-damage|p1a: Quagsire|0 fnt\n|-damage|p2a: Melmetal|78\/100|[from] item: Rocky Helmet|[of] p1a: Quagsire\n|faint|p1a: Quagsire\n|-hitcount|p1: Quagsire|1\n|\n|-heal|p2a: Melmetal|84\/100|[from] item: Leftovers\n|upkeep\n|\n|t:|1699050924\n|switch|p1a: Ho-Oh|Ho-Oh|100\/100\n|turn|4\n|\n|t:|1699050932\n|move|p2a: Melmetal|Thunder Punch|p1a: Ho-Oh\n|-supereffective|p1a: Ho-Oh\n|-damage|p1a: Ho-Oh|50\/100\n|move|p1a: Ho-Oh|Sacred Fire|p2a: Melmetal\n|-supereffective|p2a: Melmetal\n|-damage|p2a: Melmetal|39\/100\n|-status|p2a: Melmetal|brn\n|\n|-heal|p2a: Melmetal|45\/100 brn|[from] item: Leftovers\n|-damage|p2a: Melmetal|39\/100 brn|[from] brn\n|upkeep\n|turn|5\n|\n|t:|1699050955\n|switch|p2a: Dracovish|Dracovish|100\/100\n|-damage|p2a: Dracovish|88\/100|[from] Stealth Rock\n|switch|p1a: Zacian|Zacian-Crowned|100\/100\n|-ability|p1a: Zacian|Intrepid Sword|boost\n|-boost|p1a: Zacian|atk|1\n|\n|-fieldend|move: Trick Room\n|upkeep\n|turn|6\n|\n|t:|1699050968\n|switch|p2a: Melmetal|Melmetal|39\/100 brn\n|-damage|p2a: Melmetal|33\/100 brn|[from] Stealth Rock\n|move|p1a: Zacian|Behemoth Blade|p2a: Melmetal\n|-resisted|p2a: Melmetal\n|-damage|p2a: Melmetal|10\/100 brn\n|\n|-heal|p2a: Melmetal|17\/100 brn|[from] item: Leftovers\n|-damage|p2a: Melmetal|10\/100 brn|[from] brn\n|upkeep\n|turn|7\n|\n|t:|1699050979\n|move|p1a: Zacian|Swords Dance|p1a: Zacian\n|-boost|p1a: Zacian|atk|2\n|move|p2a: Melmetal|Thunder Punch|p1a: Zacian\n|-damage|p1a: Zacian|84\/100\n|\n|-heal|p2a: Melmetal|17\/100 brn|[from] item: Leftovers\n|-damage|p2a: Melmetal|10\/100 brn|[from] brn\n|upkeep\n|turn|8\n|\n|t:|1699050988\n|move|p1a: Zacian|Swords Dance|p1a: Zacian\n|-boost|p1a: Zacian|atk|2\n|move|p2a: Melmetal|Earthquake|p1a: Zacian\n|-supereffective|p1a: Zacian\n|-damage|p1a: Zacian|48\/100\n|\n|-heal|p2a: Melmetal|17\/100 brn|[from] item: Leftovers\n|-damage|p2a: Melmetal|10\/100 brn|[from] brn\n|upkeep\n|turn|9\n|\n|t:|1699050998\n|move|p1a: Zacian|Behemoth Blade|p2a: Melmetal\n|-resisted|p2a: Melmetal\n|-damage|p2a: Melmetal|0 fnt\n|faint|p2a: Melmetal\n|\n|upkeep\n|\n|t:|1699051013\n|switch|p2a: Magearna|Magearna|100\/100\n|-damage|p2a: Magearna|94\/100|[from] Stealth Rock\n|turn|10\n|\n|t:|1699051021\n|-terastallize|p2a: Magearna|Water\n|move|p1a: Zacian|Behemoth Blade|p2a: Magearna\n|-resisted|p2a: Magearna\n|-damage|p2a: Magearna|9\/100\n|move|p2a: Magearna|Trick Room|p2a: Magearna\n|-fieldstart|move: Trick Room|[of] p2a: Magearna\n|\n|upkeep\n|turn|11\n|\n|t:|1699051030\n|move|p2a: Magearna|Focus Blast|p1a: Zacian\n|-damage|p1a: Zacian|4\/100\n|move|p1a: Zacian|Behemoth Blade|p2a: Magearna\n|-resisted|p2a: Magearna\n|-damage|p2a: Magearna|0 fnt\n|faint|p2a: Magearna\n|\n|upkeep\n|\n|t:|1699051042\n|switch|p2a: Dracovish|Dracovish|88\/100\n|-damage|p2a: Dracovish|76\/100|[from] Stealth Rock\n|turn|12\n|\n|t:|1699051047\n|move|p1a: Zacian|Protect|p1a: Zacian\n|-singleturn|p1a: Zacian|Protect\n|move|p2a: Dracovish|Fishious Rend|p1a: Zacian\n|-activate|p1a: Zacian|move: Protect\n|\n|upkeep\n|turn|13\n|\n|t:|1699051055\n|move|p1a: Zacian|Protect||[still]\n|-fail|p1a: Zacian\n|move|p2a: Dracovish|Earthquake|p1a: Zacian\n|-supereffective|p1a: Zacian\n|-damage|p1a: Zacian|0 fnt\n|faint|p1a: Zacian\n|-damage|p2a: Dracovish|66\/100|[from] item: Life Orb\n|\n|upkeep\n|\n|t:|1699051064\n|switch|p1a: Groudon|Groudon|100\/100\n|detailschange|p1a: Groudon|Groudon-Primal\n|-primal|p1a: Groudon|Red Orb\n|-weather|DesolateLand|[from] ability: Desolate Land|[of] p1a: Groudon\n|turn|14\n|\n|t:|1699051075\n|move|p1a: Groudon|Protect|p1a: Groudon\n|-singleturn|p1a: Groudon|Protect\n|move|p2a: Dracovish|Earthquake|p1a: Groudon\n|-activate|p1a: Groudon|move: Protect\n|\n|-weather|DesolateLand|[upkeep]\n|-fieldend|move: Trick Room\n|upkeep\n|turn|15\n|n|!7evenGhosT|7evenghost\n|\n|t:|1699051094\n|-weather|none\n|switch|p1a: Ho-Oh|Ho-Oh|84\/100\n|move|p2a: Dracovish|Earthquake|p1a: Ho-Oh\n|-immune|p1a: Ho-Oh\n|\n|upkeep\n|turn|16\n|\n|t:|1699051104\n|move|p1a: Ho-Oh|Toxic|p2a: Dracovish\n|-status|p2a: Dracovish|tox\n|move|p2a: Dracovish|Fishious Rend|p1a: Ho-Oh\n|-supereffective|p1a: Ho-Oh\n|-damage|p1a: Ho-Oh|0 fnt\n|faint|p1a: Ho-Oh\n|-damage|p2a: Dracovish|56\/100 tox|[from] item: Life Orb\n|\n|-damage|p2a: Dracovish|50\/100 tox|[from] psn\n|upkeep\n|\n|t:|1699051115\n|switch|p1a: Ogerpon|Ogerpon-Hearthflame, F|100\/100\n|-ability|p1a: Ogerpon|Mold Breaker\n|turn|17\n|\n|t:|1699051121\n|-terastallize|p1a: Ogerpon|Fire\n|detailschange|p1a: Ogerpon|Ogerpon-Hearthflame-Tera, F, tera:Fire\n|-ability|p1a: Ogerpon|Embody Aspect (Hearthflame)|boost\n|-boost|p1a: Ogerpon|atk|1\n|move|p1a: Ogerpon|Ivy Cudgel|p2a: Dracovish\n|-resisted|p2a: Dracovish\n|-damage|p2a: Dracovish|25\/100 tox\n|move|p2a: Dracovish|Fishious Rend|p1a: Ogerpon\n|-supereffective|p1a: Ogerpon\n|-damage|p1a: Ogerpon|0 fnt\n|faint|p1a: Ogerpon\n|-damage|p2a: Dracovish|15\/100 tox|[from] item: Life Orb\n|\n|-damage|p2a: Dracovish|3\/100 tox|[from] psn\n|upkeep\n|\n|t:|1699051136\n|switch|p1a: Deoxys|Deoxys-Attack|100\/100\n|-ability|p1a: Deoxys|Pressure\n|turn|18\n|\n|t:|1699051142\n|move|p1a: Deoxys|Dark Pulse|p2a: Dracovish\n|-damage|p2a: Dracovish|0 fnt\n|faint|p2a: Dracovish\n|\n|upkeep\n|\n|t:|1699051153\n|switch|p2a: Calyrex|Calyrex-Ice|100\/100\n|-ability|p2a: Calyrex|As One\n|-ability|p2a: Calyrex|Unnerve\n|-damage|p2a: Calyrex|76\/100|[from] Stealth Rock\n|turn|19\n|\n|t:|1699051161\n|move|p1a: Deoxys|Dark Pulse|p2a: Calyrex\n|-supereffective|p2a: Calyrex\n|-damage|p2a: Calyrex|30\/100\n|-enditem|p2a: Calyrex|Weakness Policy\n|-boost|p2a: Calyrex|atk|2|[from] item: Weakness Policy\n|-boost|p2a: Calyrex|spa|2|[from] item: Weakness Policy\n|move|p2a: Calyrex|Trick Room|p2a: Calyrex\n|-fieldstart|move: Trick Room|[of] p2a: Calyrex\n|\n|upkeep\n|turn|20\n|\n|t:|1699051170\n|move|p2a: Calyrex|Glacial Lance|p1a: Deoxys\n|-enditem|p1a: Deoxys|Focus Sash\n|-damage|p1a: Deoxys|1\/100\n|move|p1a: Deoxys|Dark Pulse|p2a: Calyrex\n|-supereffective|p2a: Calyrex\n|-damage|p2a: Calyrex|0 fnt\n|faint|p2a: Calyrex\n|\n|upkeep\n|\n|t:|1699051180\n|switch|p2a: Necrozma|Necrozma-Dawn-Wings|100\/100\n|-damage|p2a: Necrozma|88\/100|[from] Stealth Rock\n|turn|21\n|\n|t:|1699051187\n|move|p1a: Deoxys|Extreme Speed|p2a: Necrozma\n|-immune|p2a: Necrozma\n|move|p2a: Necrozma|Earth Power|p1a: Deoxys\n|-damage|p1a: Deoxys|0 fnt\n|faint|p1a: Deoxys\n|\n|upkeep\n|\n|t:|1699051195\n|switch|p1a: Groudon|Groudon-Primal|100\/100\n|-weather|DesolateLand|[from] ability: Desolate Land|[of] p1a: Groudon\n|turn|22\n|\n|t:|1699051212\n|move|p2a: Necrozma|Earth Power|p1a: Groudon\n|-supereffective|p1a: Groudon\n|-crit|p1a: Groudon\n|-damage|p1a: Groudon|0 fnt\n|faint|p1a: Groudon\n|-weather|none\n|\n|win|7evenGhosT\n|raw|Kayoubi's rating: 1272 &rarr; <strong>1253<\/strong><br \/>(-19 for losing)\n|raw|7evenGhosT's rating: 1359 &rarr; <strong>1374<\/strong><br \/>(+15 for winning)\n","uploadtime":1699051083,"views":4,"p1id":"kayoubi","p2id":"7evenghost","formatid":"gen9nationaldexubers","rating":1253,"private":0,"password":""}