{"id":"gen9nationaldexubers-1998672752","p1":"Factor64","p2":"Smackey_5","format":"[Gen 9] National Dex Ubers","log":"|j|\u2606Factor64\n|j|\u2606Smackey_5\n|t:|1700970575\n|gametype|singles\n|player|p1|Factor64|red-gen2|\n|player|p2|Smackey_5|silver|\n|teamsize|p1|6\n|teamsize|p2|6\n|gen|9\n|tier|[Gen 9] National Dex Ubers\n|rule|HP Percentage Mod: HP is shown in percentages\n|rule|Endless Battle Clause: Forcing endless battles is banned\n|rule|OHKO Clause: OHKO moves are banned\n|rule|Evasion Moves Clause: Evasion moves are banned\n|rule|Evasion Items Clause: Evasion items are banned\n|rule|Species Clause: Limit one of each Pok\u00e9mon\n|rule|Sleep Clause Mod: Limit one foe put to sleep\n|rule|Mega Rayquaza Clause: You cannot mega evolve Rayquaza\n|clearpoke\n|poke|p1|Ogerpon-Wellspring, F|\n|poke|p1|Tyranitar, M|\n|poke|p1|Florges-White, F|\n|poke|p1|Toxapex, M|\n|poke|p1|Rotom-Heat|\n|poke|p1|Excadrill, M|\n|poke|p2|Kingambit, M|\n|poke|p2|Charizard, F|\n|poke|p2|Cresselia, F|\n|poke|p2|Kommo-o, F|\n|poke|p2|Umbreon, F|\n|poke|p2|Rotom-Wash|\n|teampreview\n|j| VoIteon\n|j| speedykidyo\n|c| speedykidyo|first\n|j| MiniBearGrahams\n|j| Demolution545\n|c|\u2606Smackey_5|ready?\n|c|\u2606Factor64|yeah\n|j| Lunar Sloth\n|inactive|Battle timer is ON: inactive players will automatically lose when time's up. (requested by Smackey_5)\n|\n|t:|1700970687\n|start\n|switch|p1a: Rotom|Rotom-Heat|100\/100\n|switch|p2a: Rotom|Rotom-Wash|100\/100\n|turn|1\n|\n|t:|1700970692\n|move|p1a: Rotom|Volt Switch|p2a: Rotom\n|-damage|p2a: Rotom|71\/100\n|\n|t:|1700970695\n|switch|p1a: Excadrill|Excadrill, M|100\/100|[from] Volt Switch\n|-ability|p1a: Excadrill|Mold Breaker\n|move|p2a: Rotom|Volt Switch|p1a: Excadrill\n|-immune|p1a: Excadrill\n|\n|-heal|p2a: Rotom|78\/100|[from] item: Leftovers\n|upkeep\n|turn|2\n|\n|t:|1700970706\n|switch|p2a: Charizard|Charizard, F|100\/100\n|move|p1a: Excadrill|Stealth Rock|p2a: Charizard\n|-sidestart|p2: Smackey_5|move: Stealth Rock\n|\n|upkeep\n|turn|3\n|c| VoIteon|that was ricky af\n|j| Czar_agon\n|inactive|Factor64 has 270 seconds left.\n|c|\u2606Smackey_5|that what I'm sayin\n|\n|t:|1700970754\n|switch|p1a: Rotom|Rotom-Heat|100\/100\n|detailschange|p2a: Charizard|Charizard-Mega-Y, F\n|-mega|p2a: Charizard|Charizard|Charizardite Y\n|-weather|SunnyDay|[from] ability: Drought|[of] p2a: Charizard\n|move|p2a: Charizard|Weather Ball|p1a: Rotom\n|-resisted|p1a: Rotom\n|-damage|p1a: Rotom|49\/100\n|\n|-weather|SunnyDay|[upkeep]\n|upkeep\n|turn|4\n|c| VoIteon|bro is in ur head rn\n|\n|t:|1700970780\n|switch|p1a: Tyranitar|Tyranitar, M|100\/100\n|-weather|Sandstorm|[from] ability: Sand Stream|[of] p1a: Tyranitar\n|switch|p2a: Umbreon|Umbreon, F|100\/100\n|-damage|p2a: Umbreon|88\/100|[from] Stealth Rock\n|\n|-weather|Sandstorm|[upkeep]\n|-damage|p2a: Umbreon|82\/100|[from] Sandstorm\n|upkeep\n|turn|5\n|inactive|Factor64 has 240 seconds left.\n|\n|t:|1700970798\n|move|p1a: Tyranitar|Stone Edge|p2a: Umbreon\n|-damage|p2a: Umbreon|22\/100\n|move|p2a: Umbreon|Wish|p2a: Umbreon\n|\n|-weather|Sandstorm|[upkeep]\n|-damage|p2a: Umbreon|15\/100|[from] Sandstorm\n|upkeep\n|turn|6\n|\n|t:|1700970805\n|switch|p2a: Rotom|Rotom-Wash|78\/100\n|-damage|p2a: Rotom|65\/100|[from] Stealth Rock\n|move|p1a: Tyranitar|Stone Edge|p2a: Rotom|[miss]\n|-miss|p1a: Tyranitar|p2a: Rotom\n|\n|-weather|Sandstorm|[upkeep]\n|-damage|p2a: Rotom|59\/100|[from] Sandstorm\n|-heal|p2a: Rotom|100\/100|[from] move: Wish|[wisher] Umbreon\n|upkeep\n|turn|7\n|c| VoIteon|damn unlucky miss\n|c| speedykidyo|yeah\n|inactive|Factor64 has 240 seconds left.\n|\n|t:|1700970826\n|switch|p1a: Ogerpon|Ogerpon-Wellspring, F|100\/100\n|move|p2a: Rotom|Defog|p1a: Ogerpon\n|-unboost|p1a: Ogerpon|evasion|1\n|-sideend|p2: Smackey_5|Stealth Rock|[from] move: Defog|[of] p2a: Rotom\n|\n|-weather|Sandstorm|[upkeep]\n|-damage|p1a: Ogerpon|95\/100|[from] Sandstorm\n|-damage|p2a: Rotom|94\/100|[from] Sandstorm\n|-heal|p2a: Rotom|100\/100|[from] item: Leftovers\n|upkeep\n|turn|8\n|\n|t:|1700970839\n|move|p1a: Ogerpon|Encore|p2a: Rotom\n|-start|p2a: Rotom|Encore\n|move|p2a: Rotom|Defog|p1a: Ogerpon\n|-unboost|p1a: Ogerpon|evasion|1\n|\n|-weather|none\n|upkeep\n|turn|9\n|\n|t:|1700970854\n|switch|p2a: Kommo-o|Kommo-o, F|100\/100\n|move|p1a: Ogerpon|Trailblaze|p2a: Kommo-o\n|-resisted|p2a: Kommo-o\n|-damage|p2a: Kommo-o|85\/100\n|-boost|p1a: Ogerpon|spe|1\n|\n|upkeep\n|turn|10\n|\n|t:|1700970863\n|switch|p1a: Florges|Florges-White, F, shiny|100\/100\n|move|p2a: Kommo-o|Drain Punch|p1a: Florges\n|-resisted|p1a: Florges\n|-damage|p1a: Florges|86\/100\n|-heal|p2a: Kommo-o|94\/100|[from] drain|[of] p1a: Florges\n|\n|-heal|p1a: Florges|92\/100|[from] item: Leftovers\n|upkeep\n|turn|11\n|c| MiniBearGrahams|0.6x evasion those hurricanes in sun are gonna be hitting\n|inactive|Factor64 has 270 seconds left.\n|c| Lunar Sloth|fr\n|c| VoIteon|real\n|\n|t:|1700970887\n|switch|p2a: Cresselia|Cresselia, F|100\/100\n|move|p1a: Florges|Moonblast|p2a: Cresselia\n|-damage|p2a: Cresselia|75\/100\n|-unboost|p2a: Cresselia|spa|1\n|\n|-heal|p2a: Cresselia|81\/100|[from] item: Leftovers\n|-heal|p1a: Florges|98\/100|[from] item: Leftovers\n|upkeep\n|turn|12\n|inactive|Factor64 has 270 seconds left.\n|\n|t:|1700970899\n|move|p2a: Cresselia|Calm Mind|p2a: Cresselia\n|-boost|p2a: Cresselia|spa|1\n|-boost|p2a: Cresselia|spd|1\n|move|p1a: Florges|Calm Mind|p1a: Florges\n|-boost|p1a: Florges|spa|1\n|-boost|p1a: Florges|spd|1\n|\n|-heal|p2a: Cresselia|87\/100|[from] item: Leftovers\n|-heal|p1a: Florges|100\/100|[from] item: Leftovers\n|upkeep\n|turn|13\n|c| VoIteon|here we go again\n|c| Lunar Sloth|here we go again\n|\n|t:|1700970909\n|move|p2a: Cresselia|Calm Mind|p2a: Cresselia\n|-boost|p2a: Cresselia|spa|1\n|-boost|p2a: Cresselia|spd|1\n|move|p1a: Florges|Calm Mind|p1a: Florges\n|-boost|p1a: Florges|spa|1\n|-boost|p1a: Florges|spd|1\n|\n|-heal|p2a: Cresselia|94\/100|[from] item: Leftovers\n|upkeep\n|turn|14\n|c| VoIteon|LOO at the same time aint no way\n|\n|t:|1700970916\n|move|p2a: Cresselia|Calm Mind|p2a: Cresselia\n|-boost|p2a: Cresselia|spa|1\n|-boost|p2a: Cresselia|spd|1\n|move|p1a: Florges|Calm Mind|p1a: Florges\n|-boost|p1a: Florges|spa|1\n|-boost|p1a: Florges|spd|1\n|\n|-heal|p2a: Cresselia|99\/100|[from] item: Leftovers\n|upkeep\n|turn|15\n|\n|t:|1700970923\n|move|p2a: Cresselia|Calm Mind|p2a: Cresselia\n|-boost|p2a: Cresselia|spa|1\n|-boost|p2a: Cresselia|spd|1\n|move|p1a: Florges|Calm Mind|p1a: Florges\n|-boost|p1a: Florges|spa|1\n|-boost|p1a: Florges|spd|1\n|\n|-heal|p2a: Cresselia|100\/100|[from] item: Leftovers\n|upkeep\n|turn|16\n|c| speedykidyo|lollll\n|\n|t:|1700970930\n|move|p2a: Cresselia|Calm Mind|p2a: Cresselia\n|-boost|p2a: Cresselia|spa|1\n|-boost|p2a: Cresselia|spd|1\n|move|p1a: Florges|Calm Mind|p1a: Florges\n|-boost|p1a: Florges|spa|1\n|-boost|p1a: Florges|spd|1\n|\n|upkeep\n|turn|17\n|\n|t:|1700970937\n|switch|p1a: Ogerpon|Ogerpon-Wellspring, F|95\/100\n|move|p2a: Cresselia|Calm Mind|p2a: Cresselia\n|-boost|p2a: Cresselia|spa|1\n|-boost|p2a: Cresselia|spd|1\n|\n|upkeep\n|turn|18\n|c| speedykidyo|lmaoooooooo\n|c| VoIteon|i like that switch\n|c|\u2606Smackey_5|bro what am I missing\n|c| Lunar Sloth|hm\n|c| VoIteon|bro it was revealed to u wut\n|inactive|Smackey_5 has 270 seconds left.\n|c| speedykidyo|fattor is playing mind games\n|c|\u2606Smackey_5|yea I see now but why man\n|c| VoIteon|idk\n|\n|t:|1700970986\n|move|p1a: Ogerpon|Encore|p2a: Cresselia\n|-start|p2a: Cresselia|Encore\n|move|p2a: Cresselia|Calm Mind|p2a: Cresselia\n|-boost|p2a: Cresselia|spa|1\n|-boost|p2a: Cresselia|spd|0\n|\n|upkeep\n|turn|19\n|\n|t:|1700970995\n|switch|p2a: Umbreon|Umbreon, F|15\/100\n|move|p1a: Ogerpon|Swords Dance|p1a: Ogerpon\n|-boost|p1a: Ogerpon|atk|2\n|\n|upkeep\n|turn|20\n|\n|t:|1700971000\n|move|p1a: Ogerpon|Trailblaze|p2a: Umbreon\n|-damage|p2a: Umbreon|0 fnt\n|-boost|p1a: Ogerpon|spe|1\n|faint|p2a: Umbreon\n|\n|upkeep\n|\n|t:|1700971005\n|switch|p2a: Kommo-o|Kommo-o, F|94\/100\n|turn|21\n|\n|t:|1700971022\n|switch|p1a: Florges|Florges-White, F, shiny|100\/100\n|-zpower|p2a: Kommo-o\n|move|p2a: Kommo-o|Clangorous Soulblaze|p1a: Florges|[zeffect]\n|-immune|p1a: Florges\n|\n|upkeep\n|turn|22\n|\n|t:|1700971035\n|switch|p2a: Charizard|Charizard-Mega-Y, F|100\/100\n|-weather|SunnyDay|[from] ability: Drought|[of] p2a: Charizard\n|move|p1a: Florges|Moonblast|p2a: Charizard\n|-resisted|p2a: Charizard\n|-damage|p2a: Charizard|85\/100\n|\n|-weather|SunnyDay|[upkeep]\n|upkeep\n|turn|23\n|inactive|Factor64 has 270 seconds left.\n|\n|t:|1700971071\n|switch|p1a: Toxapex|Toxapex, M, shiny|100\/100\n|move|p2a: Charizard|Weather Ball|p1a: Toxapex\n|-resisted|p1a: Toxapex\n|-damage|p1a: Toxapex|64\/100\n|\n|-weather|SunnyDay|[upkeep]\n|-heal|p1a: Toxapex|70\/100|[from] item: Leftovers\n|upkeep\n|turn|24\n|inactive|Factor64 has 270 seconds left.\n|\n|t:|1700971104\n|switch|p1a: Rotom|Rotom-Heat|49\/100\n|move|p2a: Charizard|Weather Ball|p1a: Rotom\n|-resisted|p1a: Rotom\n|-damage|p1a: Rotom|0 fnt\n|faint|p1a: Rotom\n|\n|-weather|SunnyDay|[upkeep]\n|upkeep\n|inactive|Factor64 has 240 seconds left.\n|\n|t:|1700971126\n|switch|p1a: Ogerpon|Ogerpon-Wellspring, F|95\/100\n|turn|25\n|\n|t:|1700971139\n|-terastallize|p1a: Ogerpon|Water\n|detailschange|p1a: Ogerpon|Ogerpon-Wellspring-Tera, F, tera:Water\n|-ability|p1a: Ogerpon|Embody Aspect (Wellspring)|boost\n|-boost|p1a: Ogerpon|spd|1\n|move|p1a: Ogerpon|Ivy Cudgel|p2a: Charizard|[anim] Ivy Cudgel Water\n|-supereffective|p2a: Charizard\n|-damage|p2a: Charizard|0 fnt\n|faint|p2a: Charizard\n|\n|-weather|SunnyDay|[upkeep]\n|upkeep\n|\n|t:|1700971148\n|switch|p2a: Rotom|Rotom-Wash|100\/100\n|turn|26\n|inactive|Factor64 has 240 seconds left.\n|\n|t:|1700971154\n|switch|p1a: Excadrill|Excadrill, M|100\/100\n|-ability|p1a: Excadrill|Mold Breaker\n|move|p2a: Rotom|Hydro Pump|p1a: Excadrill\n|-supereffective|p1a: Excadrill\n|-damage|p1a: Excadrill|41\/100\n|\n|-weather|none\n|upkeep\n|turn|27\n|c| VoIteon|bro read ur ass\n|c| speedykidyo|yeah\n|c|\u2606Factor64|does matter i get to click the move\n|\n|t:|1700971182\n|switch|p2a: Cresselia|Cresselia, F|100\/100\n|-zpower|p1a: Excadrill\n|move|p1a: Excadrill|Tectonic Rage|p2a: Cresselia|[zeffect]\n|-damage|p2a: Cresselia|52\/100\n|\n|-heal|p2a: Cresselia|58\/100|[from] item: Leftovers\n|upkeep\n|turn|28\n|c| VoIteon|not even 50 percent WHAT\n|\n|t:|1700971199\n|switch|p1a: Florges|Florges-White, F, shiny|100\/100\n|move|p2a: Cresselia|Calm Mind|p2a: Cresselia\n|-boost|p2a: Cresselia|spa|1\n|-boost|p2a: Cresselia|spd|1\n|\n|-heal|p2a: Cresselia|64\/100|[from] item: Leftovers\n|upkeep\n|turn|29\n|c| Lunar Sloth|here we go again again\n|c| speedykidyo|yeah wow\n|\n|t:|1700971212\n|move|p2a: Cresselia|Calm Mind|p2a: Cresselia\n|-boost|p2a: Cresselia|spa|1\n|-boost|p2a: Cresselia|spd|1\n|move|p1a: Florges|Calm Mind|p1a: Florges\n|-boost|p1a: Florges|spa|1\n|-boost|p1a: Florges|spd|1\n|\n|-heal|p2a: Cresselia|71\/100|[from] item: Leftovers\n|upkeep\n|turn|30\n|c| speedykidyo|oh boy\n|\n|t:|1700971220\n|switch|p1a: Ogerpon|Ogerpon-Wellspring-Tera, F, tera:Water|95\/100\n|-ability|p1a: Ogerpon|Embody Aspect (Wellspring)|boost\n|-boost|p1a: Ogerpon|spd|1\n|move|p2a: Cresselia|Calm Mind|p2a: Cresselia\n|-boost|p2a: Cresselia|spa|1\n|-boost|p2a: Cresselia|spd|1\n|\n|-heal|p2a: Cresselia|77\/100|[from] item: Leftovers\n|upkeep\n|turn|31\n|\n|t:|1700971227\n|switch|p2a: Rotom|Rotom-Wash|100\/100\n|move|p1a: Ogerpon|Encore||[still]\n|-fail|p1a: Ogerpon\n|\n|upkeep\n|turn|32\n|\n|t:|1700971236\n|switch|p1a: Excadrill|Excadrill, M|41\/100\n|-ability|p1a: Excadrill|Mold Breaker\n|move|p2a: Rotom|Will-O-Wisp|p1a: Excadrill\n|-status|p1a: Excadrill|brn\n|\n|-damage|p1a: Excadrill|35\/100 brn|[from] brn\n|upkeep\n|turn|33\n|\n|t:|1700971249\n|switch|p2a: Cresselia|Cresselia, F|77\/100\n|move|p1a: Excadrill|Earthquake|p2a: Cresselia\n|-crit|p2a: Cresselia\n|-damage|p2a: Cresselia|54\/100\n|\n|-heal|p2a: Cresselia|60\/100|[from] item: Leftovers\n|-damage|p1a: Excadrill|29\/100 brn|[from] brn\n|upkeep\n|turn|34\n|\n|t:|1700971261\n|move|p1a: Excadrill|Stealth Rock|p2a: Cresselia\n|-sidestart|p2: Smackey_5|move: Stealth Rock\n|move|p2a: Cresselia|Calm Mind|p2a: Cresselia\n|-boost|p2a: Cresselia|spa|1\n|-boost|p2a: Cresselia|spd|1\n|\n|-heal|p2a: Cresselia|66\/100|[from] item: Leftovers\n|-damage|p1a: Excadrill|23\/100 brn|[from] brn\n|upkeep\n|turn|35\n|c| speedykidyo|wait what happened to levitate\n|c| Lunar Sloth|mold breaker\n|c| speedykidyo|oh ok\n|c| Lunar Sloth|mold breaker ignores abilities\n|c| speedykidyo|nvm\n|\n|t:|1700971281\n|switch|p1a: Ogerpon|Ogerpon-Wellspring-Tera, F, tera:Water|95\/100\n|-ability|p1a: Ogerpon|Embody Aspect (Wellspring)|boost\n|-boost|p1a: Ogerpon|spd|1\n|move|p2a: Cresselia|Substitute|p2a: Cresselia\n|-start|p2a: Cresselia|Substitute\n|-damage|p2a: Cresselia|41\/100\n|\n|-heal|p2a: Cresselia|48\/100|[from] item: Leftovers\n|upkeep\n|turn|36\n|\n|t:|1700971289\n|move|p1a: Ogerpon|Encore|p2a: Cresselia\n|-start|p2a: Cresselia|Encore\n|move|p2a: Cresselia|Substitute|p2a: Cresselia\n|-fail|p2a: Cresselia|move: Substitute\n|\n|-heal|p2a: Cresselia|54\/100|[from] item: Leftovers\n|upkeep\n|turn|37\n|c|\u2606Smackey_5|I wasn't sure\n|c| VoIteon|yeah sub not stopping that is bull\n|c|\u2606Smackey_5|if encore went thro sub\n|c| speedykidyo|yeah\n|c| MiniBearGrahams|good\n|c| Lunar Sloth|i think its fair\n|inactive|Smackey_5 has 270 seconds left.\n|c| VoIteon|encore is stupid af\n|c| VoIteon|i hate that ,ove\n|\n|t:|1700971327\n|switch|p2a: Rotom|Rotom-Wash|100\/100\n|-damage|p2a: Rotom|88\/100|[from] Stealth Rock\n|move|p1a: Ogerpon|Swords Dance|p1a: Ogerpon\n|-boost|p1a: Ogerpon|atk|2\n|\n|-heal|p2a: Rotom|94\/100|[from] item: Leftovers\n|upkeep\n|turn|38\n|inactive|Smackey_5 has 270 seconds left.\n|\n|t:|1700971340\n|move|p1a: Ogerpon|Trailblaze|p2a: Rotom\n|-supereffective|p2a: Rotom\n|-damage|p2a: Rotom|0 fnt\n|-boost|p1a: Ogerpon|spe|1\n|faint|p2a: Rotom\n|\n|upkeep\n|c| Lunar Sloth|that killed\n|\n|t:|1700971349\n|switch|p2a: Kommo-o|Kommo-o, F|94\/100\n|-damage|p2a: Kommo-o|88\/100|[from] Stealth Rock\n|turn|39\n|c| speedykidyo|wow\n|c| speedykidyo|ok then\n|inactive|Smackey_5 has 270 seconds left.\n|\n|t:|1700971373\n|switch|p1a: Florges|Florges-White, F, shiny|100\/100\n|move|p2a: Kommo-o|Drain Punch|p1a: Florges\n|-resisted|p1a: Florges\n|-damage|p1a: Florges|87\/100\n|-heal|p2a: Kommo-o|97\/100|[from] drain|[of] p1a: Florges\n|\n|-heal|p1a: Florges|93\/100|[from] item: Leftovers\n|upkeep\n|turn|40\n|c| speedykidyo|i mean i guess it was 2x attack\n|c| speedykidyo|so actually makes sense\n|c|\u2606Smackey_5|bro does not believe\n|\n|t:|1700971389\n|switch|p2a: Cresselia|Cresselia, F|54\/100\n|-damage|p2a: Cresselia|41\/100|[from] Stealth Rock\n|move|p1a: Florges|Moonblast|p2a: Cresselia\n|-damage|p2a: Cresselia|20\/100\n|\n|-heal|p2a: Cresselia|26\/100|[from] item: Leftovers\n|-heal|p1a: Florges|99\/100|[from] item: Leftovers\n|upkeep\n|turn|41\n|\n|t:|1700971407\n|move|p2a: Cresselia|Calm Mind|p2a: Cresselia\n|-boost|p2a: Cresselia|spa|1\n|-boost|p2a: Cresselia|spd|1\n|move|p1a: Florges|Moonblast|p2a: Cresselia\n|-damage|p2a: Cresselia|11\/100\n|-unboost|p2a: Cresselia|spa|1\n|\n|-heal|p2a: Cresselia|17\/100|[from] item: Leftovers\n|-heal|p1a: Florges|100\/100|[from] item: Leftovers\n|upkeep\n|turn|42\n|c| Lunar Sloth|what tier was cresselia\n|c| Lunar Sloth|value pick whatever tier\n|c| speedykidyo|2 I think\n|\n|t:|1700971417\n|switch|p1a: Ogerpon|Ogerpon-Wellspring-Tera, F, tera:Water|95\/100\n|-ability|p1a: Ogerpon|Embody Aspect (Wellspring)|boost\n|-boost|p1a: Ogerpon|spd|1\n|move|p2a: Cresselia|Calm Mind|p2a: Cresselia\n|-boost|p2a: Cresselia|spa|1\n|-boost|p2a: Cresselia|spd|1\n|\n|-heal|p2a: Cresselia|23\/100|[from] item: Leftovers\n|upkeep\n|turn|43\n|\n|t:|1700971427\n|move|p1a: Ogerpon|Encore|p2a: Cresselia\n|-start|p2a: Cresselia|Encore\n|move|p2a: Cresselia|Calm Mind|p2a: Cresselia\n|-boost|p2a: Cresselia|spa|1\n|-boost|p2a: Cresselia|spd|1\n|\n|-heal|p2a: Cresselia|29\/100|[from] item: Leftovers\n|upkeep\n|turn|44\n|c| speedykidyo|maybe 1\n|c| Lunar Sloth|it wasnt 1\n|c| MiniBearGrahams|2 i think\n|\n|t:|1700971444\n|switch|p2a: Kommo-o|Kommo-o, F|97\/100\n|-damage|p2a: Kommo-o|91\/100|[from] Stealth Rock\n|move|p1a: Ogerpon|Swords Dance|p1a: Ogerpon\n|-boost|p1a: Ogerpon|atk|2\n|\n|upkeep\n|turn|45\n|c| VoIteon|I say tier 2 is fine\n|\n|t:|1700971451\n|switch|p1a: Florges|Florges-White, F, shiny|100\/100\n|move|p2a: Kommo-o|Drain Punch|p1a: Florges\n|-resisted|p1a: Florges\n|-damage|p1a: Florges|85\/100\n|-heal|p2a: Kommo-o|100\/100|[from] drain|[of] p1a: Florges\n|\n|-heal|p1a: Florges|91\/100|[from] item: Leftovers\n|upkeep\n|turn|46\n|c| MiniBearGrahams|smackeys team is so broken\n|c| Lunar Sloth|yes\n|\n|t:|1700971456\n|switch|p2a: Cresselia|Cresselia, F|29\/100\n|-damage|p2a: Cresselia|17\/100|[from] Stealth Rock\n|move|p1a: Florges|Moonblast|p2a: Cresselia\n|-damage|p2a: Cresselia|0 fnt\n|faint|p2a: Cresselia\n|\n|-heal|p1a: Florges|97\/100|[from] item: Leftovers\n|upkeep\n|c| Lunar Sloth|to it being tier 2\n|c| Lunar Sloth|and also his team is good\n|\n|t:|1700971465\n|switch|p2a: Kommo-o|Kommo-o, F|100\/100\n|-damage|p2a: Kommo-o|94\/100|[from] Stealth Rock\n|turn|47\n|inactive|Smackey_5 has 270 seconds left.\n|\n|t:|1700971470\n|move|p2a: Kommo-o|Drain Punch|p1a: Florges\n|-resisted|p1a: Florges\n|-damage|p1a: Florges|81\/100\n|-heal|p2a: Kommo-o|100\/100|[from] drain|[of] p1a: Florges\n|move|p1a: Florges|Moonblast|p2a: Kommo-o\n|-supereffective|p2a: Kommo-o\n|-damage|p2a: Kommo-o|0 fnt\n|faint|p2a: Kommo-o\n|\n|-heal|p1a: Florges|87\/100|[from] item: Leftovers\n|upkeep\n|inactive|Smackey_5 has 270 seconds left.\n|c| MiniBearGrahams|lets go kingambit !!!!\n|c| MiniBearGrahams|5 fallen !!\n|\n|t:|1700971481\n|switch|p2a: Kingambit|Kingambit, M|100\/100\n|-damage|p2a: Kingambit|94\/100|[from] Stealth Rock\n|-activate|p2a: Kingambit|ability: Supreme Overlord\n|-start|p2a: Kingambit|fallen5|[silent]\n|turn|48\n|c| VoIteon|Ejo eanta bet kingkambiy eins here\n|inactive|Smackey_5 has 270 seconds left.\n|c| VoIteon|Who wanta\n|c| Lunar Sloth|me\n|\n|t:|1700971506\n|move|p1a: Florges|Moonblast|p2a: Kingambit\n|-damage|p2a: Kingambit|58\/100\n|move|p2a: Kingambit|Swords Dance|p2a: Kingambit\n|-boost|p2a: Kingambit|atk|2\n|\n|-heal|p1a: Florges|94\/100|[from] item: Leftovers\n|-heal|p2a: Kingambit|64\/100|[from] item: Leftovers\n|upkeep\n|turn|49\n|\n|t:|1700971514\n|move|p1a: Florges|Moonblast|p2a: Kingambit\n|-crit|p2a: Kingambit\n|-damage|p2a: Kingambit|14\/100\n|-unboost|p2a: Kingambit|spa|1\n|move|p2a: Kingambit|Iron Head|p1a: Florges\n|-supereffective|p1a: Florges\n|-damage|p1a: Florges|0 fnt\n|faint|p1a: Florges\n|\n|-heal|p2a: Kingambit|20\/100|[from] item: Leftovers\n|upkeep\n|inactive|Factor64 has 270 seconds left.\n|c| speedykidyo|what tier was florrges\n|c| Lunar Sloth|3 i think\n|c| speedykidyo|wow\n|inactive|Factor64 has 240 seconds left.\n|c| VoIteon|Florges was 4\n|c| speedykidyo|wow\n|c|\u2606Smackey_5|cmon man\n|c|\u2606Smackey_5|only 20%\n|inactive|Factor64 has 210 seconds left.\n|c| VoIteon|The play ismt hard\n|\n|t:|1700971591\n|switch|p1a: Toxapex|Toxapex, M, shiny|100\/100\n|turn|50\n|c| speedykidyo|i feel like that was kind of a steal in tuer 4\n|\n|t:|1700971596\n|move|p2a: Kingambit|Kowtow Cleave|p1a: Toxapex\n|-damage|p1a: Toxapex|0 fnt\n|faint|p1a: Toxapex\n|\n|-heal|p2a: Kingambit|26\/100|[from] item: Leftovers\n|upkeep\n|c| VoIteon|Wut\n|inactive|Factor64 has 210 seconds left.\n|c| MiniBearGrahams|?\n|\n|t:|1700971626\n|switch|p1a: Ogerpon|Ogerpon-Wellspring-Tera, F, tera:Water|95\/100\n|-ability|p1a: Ogerpon|Embody Aspect (Wellspring)|boost\n|-boost|p1a: Ogerpon|spd|1\n|turn|51\n|c| speedykidyo|who is the ? to?\n|inactive|Factor64 has 180 seconds left.\n|\n|t:|1700971669\n|-terastallize|p2a: Kingambit|Dragon\n|move|p2a: Kingambit|Sucker Punch||[still]\n|-fail|p2a: Kingambit\n|move|p1a: Ogerpon|Encore|p2a: Kingambit\n|-start|p2a: Kingambit|Encore\n|\n|-heal|p2a: Kingambit|32\/100|[from] item: Leftovers\n|upkeep\n|turn|52\n|c| VoIteon|Yes\n|\n|t:|1700971678\n|move|p2a: Kingambit|Sucker Punch|p1a: Ogerpon\n|-damage|p1a: Ogerpon|0 fnt\n|faint|p1a: Ogerpon\n|\n|-heal|p2a: Kingambit|38\/100|[from] item: Leftovers\n|upkeep\n|c| VoIteon|He did the thing\n|inactive|Factor64 has 180 seconds left.\n|c| Lunar Sloth|what\n|c|\u2606Factor64|what??????\n|c|\u2606Smackey_5|oop\n|c| VoIteon|What\n|c|\u2606Factor64|thats not how that work\n|inactive|Factor64 has 150 seconds left.\n|c| speedykidyo|i'm so confused on what's going on\n|\n|t:|1700971719\n|switch|p1a: Tyranitar|Tyranitar, M|100\/100\n|-weather|Sandstorm|[from] ability: Sand Stream|[of] p1a: Tyranitar\n|turn|53\n|inactive|Factor64 has 150 seconds left.\n|\n|t:|1700971742\n|move|p2a: Kingambit|Sucker Punch|p1a: Tyranitar\n|-resisted|p1a: Tyranitar\n|-damage|p1a: Tyranitar|53\/100\n|move|p1a: Tyranitar|Knock Off|p2a: Kingambit\n|-damage|p2a: Kingambit|0 fnt\n|-enditem|p2a: Kingambit|Leftovers|[from] move: Knock Off|[of] p1a: Tyranitar\n|faint|p2a: Kingambit\n|-end|p2a: Kingambit|fallen5|[silent]\n|\n|win|Factor64\n|c|\u2606Smackey_5|thank god\n|c| VoIteon|Almost thr biggest throw\n|c|\u2606Smackey_5|king about got banned\n|c| VoIteon|LOL\n|l| MiniBearGrahams\n|l| Demolution545\n|c| speedykidyo|wait omg i had it paused\n|c| speedykidyo|what happened\n","uploadtime":1700971788,"views":28,"p1id":"factor64","p2id":"smackey5","formatid":"gen9nationaldexubers","rating":0,"private":0,"password":""}