{"id":"gen9nationaldexubers-1984342724","p1":"FLOWER-M0DE\ufe0f\ufe0f\ufe0f\ufe0f\u267b\ufe0f","p2":"cinderace 88","format":"[Gen 9] National Dex Ubers","log":"|j|\u2606FLOWER-M0DE\ufe0f\ufe0f\ufe0f\ufe0f\u267b\ufe0f\n|j|\u2606cinderace 88\n|t:|1699246518\n|gametype|singles\n|player|p1|FLOWER-M0DE\ufe0f\ufe0f\ufe0f\ufe0f\u267b\ufe0f|erika-masters|1000\n|player|p2|cinderace 88|hop-masters|1000\n|teamsize|p1|6\n|teamsize|p2|6\n|gen|9\n|tier|[Gen 9] National Dex Ubers\n|rated|\n|rule|HP Percentage Mod: HP is shown in percentages\n|rule|Endless Battle Clause: Forcing endless battles is banned\n|rule|OHKO Clause: OHKO moves are banned\n|rule|Evasion Moves Clause: Evasion moves are banned\n|rule|Evasion Items Clause: Evasion items are banned\n|rule|Species Clause: Limit one of each Pok\u00e9mon\n|rule|Sleep Clause Mod: Limit one foe put to sleep\n|rule|Mega Rayquaza Clause: You cannot mega evolve Rayquaza\n|clearpoke\n|poke|p1|Whimsicott, F|\n|poke|p1|Serperior, M|\n|poke|p1|Celebi|\n|poke|p1|Rillaboom, M|\n|poke|p1|Torterra, M|\n|poke|p1|Venusaur, M|\n|poke|p2|Flygon, M|\n|poke|p2|Sandslash, M|\n|poke|p2|Probopass, M|\n|poke|p2|Braviary, M|\n|poke|p2|Cradily, F|\n|poke|p2|Armaldo, M|\n|teampreview\n|inactive|Battle timer is ON: inactive players will automatically lose when time's up. (requested by cinderace 88)\n|\n|t:|1699246536\n|start\n|switch|p1a: \ud83d\udc90APRIL' FOOL'S\u2618\ufe0f|Whimsicott, F|100\/100\n|switch|p2a: Probopass|Probopass, M|100\/100\n|turn|1\n|\n|t:|1699246546\n|move|p1a: \ud83d\udc90APRIL' FOOL'S\u2618\ufe0f|Grassy Terrain|p1a: \ud83d\udc90APRIL' FOOL'S\u2618\ufe0f\n|-fieldstart|move: Grassy Terrain\n|move|p2a: Probopass|Toxic|p1a: \ud83d\udc90APRIL' FOOL'S\u2618\ufe0f\n|-status|p1a: \ud83d\udc90APRIL' FOOL'S\u2618\ufe0f|tox\n|\n|-damage|p1a: \ud83d\udc90APRIL' FOOL'S\u2618\ufe0f|94\/100 tox|[from] psn\n|upkeep\n|turn|2\n|\n|t:|1699246555\n|move|p1a: \ud83d\udc90APRIL' FOOL'S\u2618\ufe0f|Sunny Day|p1a: \ud83d\udc90APRIL' FOOL'S\u2618\ufe0f\n|-weather|SunnyDay\n|move|p2a: Probopass|Volt Switch|p1a: \ud83d\udc90APRIL' FOOL'S\u2618\ufe0f\n|-resisted|p1a: \ud83d\udc90APRIL' FOOL'S\u2618\ufe0f\n|-damage|p1a: \ud83d\udc90APRIL' FOOL'S\u2618\ufe0f|84\/100 tox\n|\n|t:|1699246567\n|switch|p2a: Flygon|Flygon, M|100\/100|[from] Volt Switch\n|\n|-weather|SunnyDay|[upkeep]\n|-heal|p1a: \ud83d\udc90APRIL' FOOL'S\u2618\ufe0f|90\/100 tox|[from] Grassy Terrain\n|-damage|p1a: \ud83d\udc90APRIL' FOOL'S\u2618\ufe0f|78\/100 tox|[from] psn\n|upkeep\n|turn|3\n|\n|t:|1699246576\n|move|p2a: Flygon|First Impression|p1a: \ud83d\udc90APRIL' FOOL'S\u2618\ufe0f\n|-damage|p1a: \ud83d\udc90APRIL' FOOL'S\u2618\ufe0f|28\/100 tox\n|-damage|p2a: Flygon|91\/100|[from] item: Life Orb\n|move|p1a: \ud83d\udc90APRIL' FOOL'S\u2618\ufe0f|Solar Beam||[still]\n|-prepare|p1a: \ud83d\udc90APRIL' FOOL'S\u2618\ufe0f|Solar Beam\n|-anim|p1a: \ud83d\udc90APRIL' FOOL'S\u2618\ufe0f|Solar Beam|p2a: Flygon\n|-damage|p2a: Flygon|13\/100\n|\n|-weather|SunnyDay|[upkeep]\n|-heal|p1a: \ud83d\udc90APRIL' FOOL'S\u2618\ufe0f|34\/100 tox|[from] Grassy Terrain\n|-damage|p1a: \ud83d\udc90APRIL' FOOL'S\u2618\ufe0f|16\/100 tox|[from] psn\n|upkeep\n|turn|4\n|\n|t:|1699246589\n|move|p1a: \ud83d\udc90APRIL' FOOL'S\u2618\ufe0f|Solar Beam||[still]\n|-prepare|p1a: \ud83d\udc90APRIL' FOOL'S\u2618\ufe0f|Solar Beam\n|-anim|p1a: \ud83d\udc90APRIL' FOOL'S\u2618\ufe0f|Solar Beam|p2a: Flygon\n|-damage|p2a: Flygon|0 fnt\n|faint|p2a: Flygon\n|\n|-weather|SunnyDay|[upkeep]\n|-heal|p1a: \ud83d\udc90APRIL' FOOL'S\u2618\ufe0f|22\/100 tox|[from] Grassy Terrain\n|-damage|p1a: \ud83d\udc90APRIL' FOOL'S\u2618\ufe0f|0 fnt|[from] psn\n|faint|p1a: \ud83d\udc90APRIL' FOOL'S\u2618\ufe0f\n|upkeep\n|\n|t:|1699246604\n|switch|p1a: \ud83c\udf3aSERPERIOR\ud83c\udf31|Serperior, M, shiny|100\/100\n|switch|p2a: Probopass|Probopass, M|100\/100\n|turn|5\n|\n|t:|1699246629\n|-terastallize|p1a: \ud83c\udf3aSERPERIOR\ud83c\udf31|Grass\n|move|p1a: \ud83c\udf3aSERPERIOR\ud83c\udf31|Leaf Storm|p2a: Probopass\n|-damage|p2a: Probopass|38\/100\n|-boost|p1a: \ud83c\udf3aSERPERIOR\ud83c\udf31|spa|2\n|move|p2a: Probopass|Toxic|p1a: \ud83c\udf3aSERPERIOR\ud83c\udf31\n|-status|p1a: \ud83c\udf3aSERPERIOR\ud83c\udf31|tox\n|\n|-weather|SunnyDay|[upkeep]\n|-heal|p2a: Probopass|45\/100|[from] Grassy Terrain\n|-heal|p2a: Probopass|51\/100|[from] item: Leftovers\n|-damage|p1a: \ud83c\udf3aSERPERIOR\ud83c\udf31|94\/100 tox|[from] psn\n|upkeep\n|turn|6\n|\n|t:|1699246644\n|move|p1a: \ud83c\udf3aSERPERIOR\ud83c\udf31|Leaf Storm|p2a: Probopass\n|-damage|p2a: Probopass|0 fnt\n|-boost|p1a: \ud83c\udf3aSERPERIOR\ud83c\udf31|spa|2\n|faint|p2a: Probopass\n|\n|-weather|none\n|-heal|p1a: \ud83c\udf3aSERPERIOR\ud83c\udf31|100\/100 tox|[from] Grassy Terrain\n|-damage|p1a: \ud83c\udf3aSERPERIOR\ud83c\udf31|88\/100 tox|[from] psn\n|upkeep\n|\n|t:|1699246650\n|switch|p2a: Braviary|Braviary, M|100\/100\n|turn|7\n|\n|t:|1699246656\n|move|p1a: \ud83c\udf3aSERPERIOR\ud83c\udf31|Leaf Storm|p2a: Braviary\n|-resisted|p2a: Braviary\n|-enditem|p2a: Braviary|Focus Sash\n|-damage|p2a: Braviary|1\/100\n|-boost|p1a: \ud83c\udf3aSERPERIOR\ud83c\udf31|spa|2\n|move|p2a: Braviary|Tailwind|p2a: Braviary\n|-sidestart|p2: cinderace 88|move: Tailwind\n|\n|-heal|p1a: \ud83c\udf3aSERPERIOR\ud83c\udf31|94\/100 tox|[from] Grassy Terrain\n|-damage|p1a: \ud83c\udf3aSERPERIOR\ud83c\udf31|76\/100 tox|[from] psn\n|upkeep\n|turn|8\n|\n|t:|1699246668\n|move|p2a: Braviary|Acrobatics|p1a: \ud83c\udf3aSERPERIOR\ud83c\udf31\n|-supereffective|p1a: \ud83c\udf3aSERPERIOR\ud83c\udf31\n|-damage|p1a: \ud83c\udf3aSERPERIOR\ud83c\udf31|0 fnt\n|faint|p1a: \ud83c\udf3aSERPERIOR\ud83c\udf31\n|\n|-fieldend|move: Grassy Terrain\n|upkeep\n|\n|t:|1699246674\n|switch|p1a: \ud83c\udf40\ud83c\udf3fRILLABOOM\ud83c\udf3f\ud83c\udf40|Rillaboom, M, shiny|100\/100\n|-fieldstart|move: Grassy Terrain|[from] ability: Grassy Surge|[of] p1a: \ud83c\udf40\ud83c\udf3fRILLABOOM\ud83c\udf3f\ud83c\udf40\n|turn|9\n|\n|t:|1699246682\n|switch|p2a: Cradily|Cradily, F|100\/100\n|move|p1a: \ud83c\udf40\ud83c\udf3fRILLABOOM\ud83c\udf3f\ud83c\udf40|Trailblaze|p2a: Cradily\n|-damage|p2a: Cradily|69\/100\n|-boost|p1a: \ud83c\udf40\ud83c\udf3fRILLABOOM\ud83c\udf3f\ud83c\udf40|spe|1\n|\n|-heal|p2a: Cradily|75\/100|[from] Grassy Terrain\n|-heal|p2a: Cradily|81\/100|[from] item: Leftovers\n|upkeep\n|turn|10\n|\n|t:|1699246696\n|move|p1a: \ud83c\udf40\ud83c\udf3fRILLABOOM\ud83c\udf3f\ud83c\udf40|Wood Hammer|p2a: Cradily\n|-damage|p2a: Cradily|1\/100\n|-damage|p1a: \ud83c\udf40\ud83c\udf3fRILLABOOM\ud83c\udf3f\ud83c\udf40|72\/100|[from] Recoil\n|move|p2a: Cradily|Sludge Bomb|p1a: \ud83c\udf40\ud83c\udf3fRILLABOOM\ud83c\udf3f\ud83c\udf40\n|-supereffective|p1a: \ud83c\udf40\ud83c\udf3fRILLABOOM\ud83c\udf3f\ud83c\udf40\n|-damage|p1a: \ud83c\udf40\ud83c\udf3fRILLABOOM\ud83c\udf3f\ud83c\udf40|17\/100\n|\n|-heal|p1a: \ud83c\udf40\ud83c\udf3fRILLABOOM\ud83c\udf3f\ud83c\udf40|23\/100|[from] Grassy Terrain\n|-heal|p2a: Cradily|7\/100|[from] Grassy Terrain\n|-heal|p2a: Cradily|13\/100|[from] item: Leftovers\n|-sideend|p2: cinderace 88|move: Tailwind\n|upkeep\n|turn|11\n|\n|t:|1699246711\n|move|p1a: \ud83c\udf40\ud83c\udf3fRILLABOOM\ud83c\udf3f\ud83c\udf40|Trailblaze|p2a: Cradily\n|-damage|p2a: Cradily|0 fnt\n|-boost|p1a: \ud83c\udf40\ud83c\udf3fRILLABOOM\ud83c\udf3f\ud83c\udf40|spe|1\n|faint|p2a: Cradily\n|\n|-heal|p1a: \ud83c\udf40\ud83c\udf3fRILLABOOM\ud83c\udf3f\ud83c\udf40|29\/100|[from] Grassy Terrain\n|upkeep\n|\n|t:|1699246735\n|switch|p2a: Sandslash|Sandslash, M|100\/100\n|turn|12\n|\n|t:|1699246743\n|-terastallize|p2a: Sandslash|Normal\n|move|p1a: \ud83c\udf40\ud83c\udf3fRILLABOOM\ud83c\udf3f\ud83c\udf40|Drum Beating|p2a: Sandslash\n|-crit|p2a: Sandslash\n|-damage|p2a: Sandslash|4\/100\n|-unboost|p2a: Sandslash|spe|1\n|move|p2a: Sandslash|Gunk Shot|p1a: \ud83c\udf40\ud83c\udf3fRILLABOOM\ud83c\udf3f\ud83c\udf40\n|-supereffective|p1a: \ud83c\udf40\ud83c\udf3fRILLABOOM\ud83c\udf3f\ud83c\udf40\n|-damage|p1a: \ud83c\udf40\ud83c\udf3fRILLABOOM\ud83c\udf3f\ud83c\udf40|0 fnt\n|faint|p1a: \ud83c\udf40\ud83c\udf3fRILLABOOM\ud83c\udf3f\ud83c\udf40\n|\n|-heal|p2a: Sandslash|10\/100|[from] Grassy Terrain\n|upkeep\n|\n|t:|1699246757\n|switch|p1a: \ud83c\udf3a\ud83c\udf37CELEBI\ud83d\udc90\ud83c\udf38|Celebi|100\/100\n|turn|13\n|\n|t:|1699246762\n|move|p1a: \ud83c\udf3a\ud83c\udf37CELEBI\ud83d\udc90\ud83c\udf38|Energy Ball|p2a: Sandslash\n|-damage|p2a: Sandslash|0 fnt\n|faint|p2a: Sandslash\n|\n|upkeep\n|\n|t:|1699246768\n|switch|p2a: Braviary|Braviary, M|1\/100\n|turn|14\n|\n|t:|1699246776\n|move|p1a: \ud83c\udf3a\ud83c\udf37CELEBI\ud83d\udc90\ud83c\udf38|Energy Ball|p2a: Braviary\n|-resisted|p2a: Braviary\n|-damage|p2a: Braviary|0 fnt\n|faint|p2a: Braviary\n|\n|upkeep\n|\n|t:|1699246778\n|switch|p2a: Armaldo|Armaldo, M|100\/100\n|turn|15\n|\n|t:|1699246791\n|move|p1a: \ud83c\udf3a\ud83c\udf37CELEBI\ud83d\udc90\ud83c\udf38|Leaf Storm|p2a: Armaldo\n|-damage|p2a: Armaldo|0 fnt\n|-unboost|p1a: \ud83c\udf3a\ud83c\udf37CELEBI\ud83d\udc90\ud83c\udf38|spa|2\n|faint|p2a: Armaldo\n|\n|win|FLOWER-M0DE\ufe0f\ufe0f\ufe0f\ufe0f\u267b\ufe0f\n|raw|FLOWER-M0DE\ufe0f\ufe0f\ufe0f\ufe0f\u267b\ufe0f's rating: 1000 &rarr; <strong>1040<\/strong><br \/>(+40 for winning)\n|raw|cinderace 88's rating: 1000 &rarr; <strong>1000<\/strong><br \/>(+0 for losing)\n|l|\u2606cinderace 88\n|n|\u2606FLOWER-M0DE\ufe0f\ufe0f\ufe0f\ufe0f\u267b\ufe0f|flowerm0de\n","uploadtime":1699247086,"views":5,"p1id":"flowerm0de","p2id":"cinderace88","formatid":"gen9nationaldexubers","rating":1000,"private":0,"password":""}