{"id":"gen9nationaldexubers-1992478960","p1":"jjenhances","p2":"Bluedusk16","format":"[Gen 9] National Dex Ubers","log":"|j|\u2606jjenhances\n|j|\u2606Bluedusk16\n|t:|1700192645\n|gametype|singles\n|player|p1|jjenhances|blue|\n|player|p2|Bluedusk16|pokekid|\n|teamsize|p1|6\n|teamsize|p2|6\n|gen|9\n|tier|[Gen 9] National Dex Ubers\n|rule|HP Percentage Mod: HP is shown in percentages\n|rule|Endless Battle Clause: Forcing endless battles is banned\n|rule|OHKO Clause: OHKO moves are banned\n|rule|Evasion Moves Clause: Evasion moves are banned\n|rule|Evasion Items Clause: Evasion items are banned\n|rule|Species Clause: Limit one of each Pok\u00e9mon\n|rule|Sleep Clause Mod: Limit one foe put to sleep\n|rule|Mega Rayquaza Clause: You cannot mega evolve Rayquaza\n|clearpoke\n|poke|p1|Hydreigon, M|\n|poke|p1|Dragapult, M|\n|poke|p1|Beedrill, F|\n|poke|p1|Toxapex, F|\n|poke|p1|Kingambit, F|\n|poke|p1|Iron Moth|\n|poke|p2|Umbreon, M|\n|poke|p2|Sandaconda, F|\n|poke|p2|Noivern, F|\n|poke|p2|Milotic, F|\n|poke|p2|Typhlosion-Hisui, M|\n|poke|p2|Toxtricity, M|\n|teampreview\n|\n|t:|1700192677\n|start\n|switch|p1a: Lucifer|Dragapult, M|100\/100\n|switch|p2a: Nicki|Sandaconda, F|100\/100\n|turn|1\n|\n|t:|1700192757\n|move|p1a: Lucifer|Dragon Dance|p1a: Lucifer\n|-boost|p1a: Lucifer|atk|1\n|-boost|p1a: Lucifer|spe|1\n|move|p2a: Nicki|Earthquake|p1a: Lucifer\n|-damage|p1a: Lucifer|21\/100\n|\n|upkeep\n|turn|2\n|\n|t:|1700192766\n|move|p1a: Lucifer|Dragon Darts|p2a: Nicki\n|-damage|p2a: Nicki|67\/100\n|-weather|Sandstorm|[from] ability: Sand Spit|[of] p2a: Nicki\n|-anim|p1a: Lucifer|Dragon Darts|p2a: Nicki\n|-damage|p2a: Nicki|37\/100\n|move|p2a: Nicki|Earthquake|p1a: Lucifer\n|-damage|p1a: Lucifer|0 fnt\n|faint|p1a: Lucifer\n|\n|-weather|Sandstorm|[upkeep]\n|upkeep\n|\n|t:|1700192789\n|switch|p1a: Planci|Toxapex, F|100\/100\n|turn|3\n|\n|t:|1700192808\n|move|p2a: Nicki|Earthquake|p1a: Planci\n|-supereffective|p1a: Planci\n|-damage|p1a: Planci|29\/100\n|move|p1a: Planci|Scald|p2a: Nicki\n|-supereffective|p2a: Nicki\n|-damage|p2a: Nicki|0 fnt\n|faint|p2a: Nicki\n|\n|-weather|Sandstorm|[upkeep]\n|-damage|p1a: Planci|23\/100|[from] Sandstorm\n|-heal|p1a: Planci|29\/100|[from] item: Black Sludge\n|upkeep\n|\n|t:|1700192842\n|switch|p2a: Zap|Toxtricity, M|100\/100\n|turn|4\n|\n|t:|1700192856\n|switch|p1a: Grim|Hydreigon, M|100\/100\n|move|p2a: Zap|Overdrive|p1a: Grim\n|-resisted|p1a: Grim\n|-damage|p1a: Grim|57\/100\n|-damage|p2a: Zap|91\/100|[from] item: Life Orb\n|\n|-weather|Sandstorm|[upkeep]\n|-damage|p1a: Grim|51\/100|[from] Sandstorm\n|-damage|p2a: Zap|84\/100|[from] Sandstorm\n|-heal|p1a: Grim|57\/100|[from] item: Leftovers\n|upkeep\n|turn|5\n|\n|t:|1700192881\n|move|p1a: Grim|Dark Pulse|p2a: Zap\n|-damage|p2a: Zap|24\/100\n|move|p2a: Zap|Drain Punch|p1a: Grim\n|-supereffective|p1a: Grim\n|-damage|p1a: Grim|6\/100\n|-heal|p2a: Zap|52\/100|[from] drain|[of] p1a: Grim\n|-damage|p2a: Zap|42\/100|[from] item: Life Orb\n|\n|-weather|Sandstorm|[upkeep]\n|-damage|p1a: Grim|0 fnt|[from] Sandstorm\n|-damage|p2a: Zap|36\/100|[from] Sandstorm\n|faint|p1a: Grim\n|upkeep\n|\n|t:|1700192893\n|switch|p1a: Vespula|Beedrill, F|100\/100\n|turn|6\n|\n|t:|1700192923\n|switch|p2a: Nobitches|Typhlosion-Hisui, M|100\/100\n|detailschange|p1a: Vespula|Beedrill-Mega, F\n|-mega|p1a: Vespula|Beedrill|Beedrillite\n|move|p1a: Vespula|Drill Run|p2a: Nobitches\n|-supereffective|p2a: Nobitches\n|-damage|p2a: Nobitches|0 fnt\n|faint|p2a: Nobitches\n|\n|-weather|none\n|upkeep\n|\n|t:|1700192962\n|switch|p2a: Noir|Noivern, F|100\/100\n|-item|p1a: Vespula|Beedrillite|[from] ability: Frisk|[of] p2a: Noir|[identify]\n|turn|7\n|\n|t:|1700192968\n|switch|p1a: Tyranny|Kingambit, F|100\/100\n|-activate|p1a: Tyranny|ability: Supreme Overlord\n|-start|p1a: Tyranny|fallen2|[silent]\n|move|p2a: Noir|Hurricane|p1a: Tyranny|[miss]\n|-miss|p2a: Noir|p1a: Tyranny\n|\n|upkeep\n|turn|8\n|\n|t:|1700192982\n|move|p2a: Noir|Hurricane|p1a: Tyranny|[miss]\n|-miss|p2a: Noir|p1a: Tyranny\n|move|p1a: Tyranny|Swords Dance|p1a: Tyranny\n|-boost|p1a: Tyranny|atk|2\n|\n|upkeep\n|turn|9\n|\n|t:|1700193019\n|move|p2a: Noir|Draco Meteor|p1a: Tyranny\n|-resisted|p1a: Tyranny\n|-damage|p1a: Tyranny|75\/100\n|-unboost|p2a: Noir|spa|2\n|-zpower|p1a: Tyranny\n|move|p1a: Tyranny|Corkscrew Crash|p2a: Noir|[zeffect]\n|-damage|p2a: Noir|0 fnt\n|faint|p2a: Noir\n|\n|upkeep\n|\n|t:|1700193061\n|switch|p2a: Splash|Milotic, F|100\/100\n|turn|10\n|\n|t:|1700193068\n|move|p2a: Splash|Hyper Beam|p1a: Tyranny\n|-resisted|p1a: Tyranny\n|-damage|p1a: Tyranny|56\/100\n|-mustrecharge|p2a: Splash\n|move|p1a: Tyranny|Brick Break|p2a: Splash\n|-damage|p2a: Splash|0 fnt\n|faint|p2a: Splash\n|\n|upkeep\n|\n|t:|1700193075\n|switch|p2a: Kuro|Umbreon, M|100\/100\n|turn|11\n|\n|t:|1700193081\n|-end|p1a: Tyranny|fallen2|[silent]\n|switch|p1a: Planci|Toxapex, F|63\/100\n|move|p2a: Kuro|Psychic|p1a: Planci\n|-supereffective|p1a: Planci\n|-damage|p1a: Planci|32\/100\n|\n|-heal|p1a: Planci|39\/100|[from] item: Black Sludge\n|upkeep\n|turn|12\n|\n|t:|1700193093\n|move|p2a: Kuro|Foul Play|p1a: Planci\n|-damage|p1a: Planci|28\/100\n|move|p1a: Planci|Scald|p2a: Kuro\n|-damage|p2a: Kuro|88\/100\n|\n|-heal|p2a: Kuro|94\/100|[from] item: Leftovers\n|-heal|p1a: Planci|35\/100|[from] item: Black Sludge\n|upkeep\n|turn|13\n|\n|t:|1700193116\n|move|p2a: Kuro|Last Resort||[still]\n|-fail|p2a: Kuro\n|move|p1a: Planci|Scald|p2a: Kuro\n|-damage|p2a: Kuro|81\/100\n|\n|-heal|p2a: Kuro|88\/100|[from] item: Leftovers\n|-heal|p1a: Planci|41\/100|[from] item: Black Sludge\n|upkeep\n|turn|14\n|\n|t:|1700193125\n|move|p2a: Kuro|Foul Play|p1a: Planci\n|-damage|p1a: Planci|30\/100\n|move|p1a: Planci|Scald|p2a: Kuro\n|-damage|p2a: Kuro|76\/100\n|\n|-heal|p2a: Kuro|82\/100|[from] item: Leftovers\n|-heal|p1a: Planci|36\/100|[from] item: Black Sludge\n|upkeep\n|turn|15\n|\n|t:|1700193136\n|move|p2a: Kuro|Snarl|p1a: Planci\n|-damage|p1a: Planci|22\/100\n|-unboost|p1a: Planci|spa|1\n|move|p1a: Planci|Scald|p2a: Kuro\n|-damage|p2a: Kuro|74\/100\n|-status|p2a: Kuro|brn\n|-activate|p2a: Kuro|ability: Synchronize\n|-status|p1a: Planci|brn\n|\n|-heal|p2a: Kuro|80\/100 brn|[from] item: Leftovers\n|-heal|p1a: Planci|28\/100 brn|[from] item: Black Sludge\n|-damage|p2a: Kuro|74\/100 brn|[from] brn\n|-damage|p1a: Planci|22\/100 brn|[from] brn\n|upkeep\n|turn|16\n|\n|t:|1700193155\n|move|p2a: Kuro|Psychic|p1a: Planci\n|-supereffective|p1a: Planci\n|-damage|p1a: Planci|0 fnt\n|faint|p1a: Planci\n|\n|-heal|p2a: Kuro|80\/100 brn|[from] item: Leftovers\n|-damage|p2a: Kuro|74\/100 brn|[from] brn\n|upkeep\n|\n|t:|1700193162\n|switch|p1a: Vespula|Beedrill-Mega, F|100\/100\n|turn|17\n|\n|t:|1700193170\n|move|p1a: Vespula|Fell Stinger|p2a: Kuro\n|-supereffective|p2a: Kuro\n|-damage|p2a: Kuro|8\/100 brn\n|move|p2a: Kuro|Psychic|p1a: Vespula\n|-supereffective|p1a: Vespula\n|-damage|p1a: Vespula|31\/100\n|\n|-heal|p2a: Kuro|14\/100 brn|[from] item: Leftovers\n|-damage|p2a: Kuro|8\/100 brn|[from] brn\n|upkeep\n|turn|18\n|\n|t:|1700193184\n|move|p1a: Vespula|Fell Stinger|p2a: Kuro\n|-supereffective|p2a: Kuro\n|-damage|p2a: Kuro|0 fnt\n|faint|p2a: Kuro\n|-boost|p1a: Vespula|atk|3\n|\n|upkeep\n|\n|t:|1700193189\n|switch|p2a: Zap|Toxtricity, M|36\/100\n|turn|19\n|\n|t:|1700193203\n|move|p1a: Vespula|Drill Run|p2a: Zap\n|-supereffective|p2a: Zap\n|-damage|p2a: Zap|0 fnt\n|faint|p2a: Zap\n|\n|win|jjenhances\n","uploadtime":1700193275,"views":9,"p1id":"jjenhances","p2id":"bluedusk16","formatid":"gen9nationaldexubers","rating":0,"private":0,"password":""}