{"id":"gen9nationaldexubers-1989114102","p1":"mboboch","p2":"Nova_Striekor","format":"[Gen 9] National Dex Ubers","log":"|j|\u2606mboboch\n|j|\u203dNova_Striekor\n|t:|1699813729\n|gametype|singles\n|player|p1|mboboch|alder|1219\n|player|p2|Nova_Striekor|266|1284\n|teamsize|p1|6\n|teamsize|p2|6\n|gen|9\n|tier|[Gen 9] National Dex Ubers\n|rated|\n|rule|HP Percentage Mod: HP is shown in percentages\n|rule|Endless Battle Clause: Forcing endless battles is banned\n|rule|OHKO Clause: OHKO moves are banned\n|rule|Evasion Moves Clause: Evasion moves are banned\n|rule|Evasion Items Clause: Evasion items are banned\n|rule|Species Clause: Limit one of each Pok\u00e9mon\n|rule|Sleep Clause Mod: Limit one foe put to sleep\n|rule|Mega Rayquaza Clause: You cannot mega evolve Rayquaza\n|clearpoke\n|poke|p1|Annihilape, M|\n|poke|p1|Lucario, F|\n|poke|p1|Pheromosa|\n|poke|p1|Tornadus-Therian, M|\n|poke|p1|Thundurus-Therian, M|\n|poke|p1|Landorus, M|\n|poke|p2|Urshifu-*, M|\n|poke|p2|Marshadow|\n|poke|p2|Kyogre|\n|poke|p2|Zacian-*|\n|poke|p2|Yveltal|\n|poke|p2|Necrozma-Dusk-Mane|\n|teampreview\n|inactive|Battle timer is ON: inactive players will automatically lose when time's up. (requested by mboboch)\n|\n|t:|1699813744\n|start\n|switch|p1a: Pheromosa|Pheromosa, shiny|100\/100\n|switch|p2a: Urshifu|Urshifu-Rapid-Strike, M|100\/100\n|turn|1\n|\n|t:|1699813759\n|move|p1a: Pheromosa|U-turn|p2a: Urshifu\n|-resisted|p2a: Urshifu\n|-damage|p2a: Urshifu|72\/100\n|\n|t:|1699813763\n|switch|p1a: Annihilape|Annihilape, M|100\/100|[from] U-turn\n|move|p2a: Urshifu|Surging Strikes|p1a: Annihilape\n|-crit|p1a: Annihilape\n|-damage|p1a: Annihilape|75\/100\n|-crit|p1a: Annihilape\n|-damage|p1a: Annihilape|51\/100\n|-crit|p1a: Annihilape\n|-damage|p1a: Annihilape|29\/100\n|-hitcount|p1a: Annihilape|3\n|\n|-heal|p1a: Annihilape|35\/100|[from] item: Leftovers\n|upkeep\n|turn|2\n|\n|t:|1699813784\n|-terastallize|p1a: Annihilape|Water\n|move|p2a: Urshifu|Surging Strikes|p1a: Annihilape\n|-resisted|p1a: Annihilape\n|-crit|p1a: Annihilape\n|-damage|p1a: Annihilape|23\/100\n|-resisted|p1a: Annihilape\n|-crit|p1a: Annihilape\n|-damage|p1a: Annihilape|10\/100\n|-resisted|p1a: Annihilape\n|-crit|p1a: Annihilape\n|-damage|p1a: Annihilape|0 fnt\n|faint|p1a: Annihilape\n|-hitcount|p1: Annihilape|3\n|\n|upkeep\n|\n|t:|1699813792\n|switch|p1a: Thundurus|Thundurus-Therian, M, shiny|100\/100\n|turn|3\n|\n|t:|1699813803\n|move|p2a: Urshifu|U-turn|p1a: Thundurus\n|-resisted|p1a: Thundurus\n|-damage|p1a: Thundurus|83\/100\n|\n|t:|1699813813\n|switch|p2a: Necrozma|Necrozma-Dusk-Mane, shiny|100\/100|[from] U-turn\n|move|p1a: Thundurus|Volt Switch|p2a: Necrozma\n|-damage|p2a: Necrozma|41\/100\n|\n|t:|1699813824\n|switch|p1a: Pheromosa|Pheromosa, shiny|100\/100|[from] Volt Switch\n|\n|upkeep\n|turn|4\n|inactive|mboboch has 120 seconds left.\n|\n|t:|1699813860\n|detailschange|p2a: Necrozma|Necrozma-Ultra, shiny\n|-burst|p2a: Necrozma|Necrozma|Ultranecrozium Z\n|move|p1a: Pheromosa|Throat Chop|p2a: Necrozma\n|-supereffective|p2a: Necrozma\n|-damage|p2a: Necrozma|0 fnt\n|faint|p2a: Necrozma\n|-ability|p1a: Pheromosa|Beast Boost|boost\n|-boost|p1a: Pheromosa|spe|1\n|\n|upkeep\n|\n|t:|1699813872\n|switch|p2a: Yveltal|Yveltal, shiny|100\/100\n|-ability|p2a: Yveltal|Dark Aura\n|turn|5\n|\n|t:|1699813881\n|switch|p1a: Landorus|Landorus, M, shiny|100\/100\n|move|p2a: Yveltal|Oblivion Wing|p1a: Landorus\n|-damage|p1a: Landorus|49\/100\n|\n|upkeep\n|turn|6\n|\n|t:|1699813889\n|move|p1a: Landorus|Focus Blast|p2a: Yveltal\n|-damage|p2a: Yveltal|39\/100\n|move|p2a: Yveltal|Oblivion Wing|p1a: Landorus\n|-damage|p1a: Landorus|3\/100\n|-heal|p2a: Yveltal|67\/100|[from] drain|[of] p1a: Landorus\n|\n|upkeep\n|turn|7\n|\n|t:|1699813901\n|move|p1a: Landorus|Focus Blast|p2a: Yveltal\n|-damage|p2a: Yveltal|5\/100\n|move|p2a: Yveltal|Oblivion Wing|p1a: Landorus\n|-damage|p1a: Landorus|0 fnt\n|-heal|p2a: Yveltal|7\/100|[from] drain|[of] p1a: Landorus\n|faint|p1a: Landorus\n|\n|upkeep\n|\n|t:|1699813904\n|switch|p1a: Lucario|Lucario, F|100\/100\n|turn|8\n|\n|t:|1699813915\n|detailschange|p1a: Lucario|Lucario-Mega, F\n|-mega|p1a: Lucario|Lucario|Lucarionite\n|move|p1a: Lucario|Bullet Punch|p2a: Yveltal\n|-damage|p2a: Yveltal|0 fnt\n|faint|p2a: Yveltal\n|\n|upkeep\n|\n|t:|1699813922\n|switch|p2a: Marshadow|Marshadow|100\/100\n|turn|9\n|\n|t:|1699813935\n|move|p2a: Marshadow|Drain Punch|p1a: Lucario\n|-supereffective|p1a: Lucario\n|-damage|p1a: Lucario|0 fnt\n|faint|p1a: Lucario\n|\n|upkeep\n|\n|t:|1699813941\n|switch|p1a: Tornadus|Tornadus-Therian, M, shiny|100\/100\n|turn|10\n|\n|t:|1699813944\n|move|p1a: Tornadus|Bleakwind Storm|p2a: Marshadow|[miss]\n|-miss|p1a: Tornadus|p2a: Marshadow\n|move|p2a: Marshadow|Stone Edge|p1a: Tornadus\n|-supereffective|p1a: Tornadus\n|-damage|p1a: Tornadus|13\/100\n|\n|upkeep\n|turn|11\n|\n|t:|1699813952\n|move|p2a: Marshadow|Shadow Sneak|p1a: Tornadus\n|-damage|p1a: Tornadus|0 fnt\n|faint|p1a: Tornadus\n|\n|upkeep\n|\n|t:|1699813955\n|switch|p1a: Thundurus|Thundurus-Therian, M, shiny|83\/100\n|turn|12\n|\n|t:|1699813961\n|move|p2a: Marshadow|Stone Edge|p1a: Thundurus\n|-supereffective|p1a: Thundurus\n|-damage|p1a: Thundurus|0 fnt\n|faint|p1a: Thundurus\n|\n|upkeep\n|\n|t:|1699813965\n|switch|p1a: Pheromosa|Pheromosa, shiny|100\/100\n|turn|13\n|\n|t:|1699813979\n|move|p1a: Pheromosa|Triple Axel|p2a: Marshadow|[miss]\n|-miss|p1a: Pheromosa|p2a: Marshadow\n|move|p2a: Marshadow|Stone Edge|p1a: Pheromosa\n|-damage|p1a: Pheromosa|8\/100\n|\n|upkeep\n|turn|14\n|\n|t:|1699813986\n|move|p2a: Marshadow|Shadow Sneak|p1a: Pheromosa\n|-damage|p1a: Pheromosa|0 fnt\n|faint|p1a: Pheromosa\n|\n|win|Nova_Striekor\n|raw|mboboch's rating: 1219 &rarr; <strong>1199<\/strong><br \/>(-20 for losing)\n|raw|Nova_Striekor's rating: 1284 &rarr; <strong>1304<\/strong><br \/>(+20 for winning)\n|l|\u2606mboboch\n","uploadtime":1699813990,"views":20,"p1id":"mboboch","p2id":"novastriekor","formatid":"gen9nationaldexubers","rating":1199,"private":0,"password":""}