{"id":"gen9nationaldexubers-1991481121","p1":"ApocalypticTofu","p2":"Xanvoir","format":"[Gen 9] National Dex Ubers","log":"|j|\u2606ApocalypticTofu\n|j|\u2606Xanvoir\n|t:|1700080882\n|gametype|singles\n|player|p1|ApocalypticTofu|plasmagrunt|\n|player|p2|Xanvoir|grimsley|\n|teamsize|p1|6\n|teamsize|p2|6\n|gen|9\n|tier|[Gen 9] National Dex Ubers\n|rule|HP Percentage Mod: HP is shown in percentages\n|rule|Endless Battle Clause: Forcing endless battles is banned\n|rule|OHKO Clause: OHKO moves are banned\n|rule|Evasion Moves Clause: Evasion moves are banned\n|rule|Evasion Items Clause: Evasion items are banned\n|rule|Species Clause: Limit one of each Pok\u00e9mon\n|rule|Sleep Clause Mod: Limit one foe put to sleep\n|rule|Mega Rayquaza Clause: You cannot mega evolve Rayquaza\n|clearpoke\n|poke|p1|Ribombee, F|\n|poke|p1|Kleavor, F|\n|poke|p1|Volcarona, M|\n|poke|p1|Vikavolt, M|\n|poke|p1|Slither Wing|\n|poke|p1|Pinsir, F|\n|poke|p2|Sableye, M|\n|poke|p2|Weavile, F|\n|poke|p2|Mandibuzz, F|\n|poke|p2|Meowscarada, F|\n|poke|p2|Roaring Moon|\n|poke|p2|Kingambit, M|\n|teampreview\n|j| CloysterEnjoyer\n|c|\u2606ApocalypticTofu|i gtg have a bath soon lol\n|l|\u2606Xanvoir\n|player|p2|\n|c| CloysterEnjoyer|round 3!\n|j|\u2606Xanvoir\n|player|p2|Xanvoir|grimsley\n|c| CloysterEnjoyer|first round 3 of the tourny\n|j| RaVeDreNch\n|c| CloysterEnjoyer|just dont bathe\n|\n|t:|1700080917\n|start\n|switch|p1a: Kleavor|Kleavor, F|100\/100\n|switch|p2a: Mandibuzz|Mandibuzz, F|100\/100\n|turn|1\n|c|\u2606ApocalypticTofu|lmao\n|c|\u2606ApocalypticTofu|stay stinky\n|j| Rainer367\n|\n|t:|1700080932\n|move|p1a: Kleavor|Stone Axe|p2a: Mandibuzz\n|-supereffective|p2a: Mandibuzz\n|-damage|p2a: Mandibuzz|18\/100\n|-sidestart|p2: Xanvoir|move: Stealth Rock\n|move|p2a: Mandibuzz|Tailwind|p2a: Mandibuzz\n|-sidestart|p2: Xanvoir|move: Tailwind\n|\n|upkeep\n|turn|2\n|\n|t:|1700080939\n|move|p2a: Mandibuzz|Foul Play|p1a: Kleavor\n|-damage|p1a: Kleavor|39\/100\n|move|p1a: Kleavor|Stone Axe|p2a: Mandibuzz\n|-supereffective|p2a: Mandibuzz\n|-damage|p2a: Mandibuzz|0 fnt\n|faint|p2a: Mandibuzz\n|\n|upkeep\n|c| Rainer367|Tofu, wtf\n|\n|t:|1700080943\n|switch|p2a: Weavile|Weavile, F|100\/100\n|-ability|p2a: Weavile|Pressure\n|turn|3\n|c|\u2606ApocalypticTofu|ugh, not THIS guy\n|\n|t:|1700080958\n|move|p2a: Weavile|Triple Axel|p1a: Kleavor\n|-damage|p1a: Kleavor|26\/100\n|-damage|p1a: Kleavor|3\/100\n|-damage|p1a: Kleavor|0 fnt\n|faint|p1a: Kleavor\n|-hitcount|p1: Kleavor|3\n|\n|upkeep\n|c| CloysterEnjoyer|outsped?\n|c|\u2606Xanvoir|Yes Tailwind\n|c| CloysterEnjoyer|no miss?!?!?!\n|c|\u2606ApocalypticTofu|tailwind...\n|\n|t:|1700080978\n|switch|p1a: Pinsir|Pinsir, F|100\/100\n|turn|4\n|\n|t:|1700080989\n|detailschange|p1a: Pinsir|Pinsir-Mega, F\n|-mega|p1a: Pinsir|Pinsir|Pinsirite\n|move|p1a: Pinsir|Quick Attack|p2a: Weavile\n|-damage|p2a: Weavile|52\/100\n|move|p2a: Weavile|Triple Axel|p1a: Pinsir\n|-supereffective|p1a: Pinsir\n|-damage|p1a: Pinsir|81\/100\n|-hitcount|p1a: Pinsir|1\n|\n|-sideend|p2: Xanvoir|move: Tailwind\n|upkeep\n|turn|5\n|c| CloysterEnjoyer|no how did cleavor outspeed  mandibuzz\n|c|\u2606ApocalypticTofu|wait what\n|c| CloysterEnjoyer|a miss!\n|c|\u2606ApocalypticTofu|so every single one has had insane luck except that one\n|c| CloysterEnjoyer|yooo\n|c|\u2606Xanvoir|Yes\n|j| Wujuh\n|\n|t:|1700081013\n|move|p1a: Pinsir|Quick Attack|p2a: Weavile\n|-crit|p2a: Weavile\n|-damage|p2a: Weavile|0 fnt\n|faint|p2a: Weavile\n|\n|upkeep\n|c|\u2606Xanvoir|Damn it\n|c|\u2606ApocalypticTofu|glad about that crit\n|\n|t:|1700081028\n|switch|p2a: Roaring Moon|Roaring Moon|100\/100\n|-damage|p2a: Roaring Moon|88\/100|[from] Stealth Rock\n|-enditem|p2a: Roaring Moon|Booster Energy\n|-activate|p2a: Roaring Moon|ability: Protosynthesis|[fromitem]\n|-start|p2a: Roaring Moon|protosynthesisspe\n|turn|6\n|\n|t:|1700081040\n|-terastallize|p2a: Roaring Moon|Flying\n|move|p2a: Roaring Moon|Acrobatics|p1a: Pinsir\n|-supereffective|p1a: Pinsir\n|-damage|p1a: Pinsir|0 fnt\n|faint|p1a: Pinsir\n|\n|upkeep\n|j| Rainer565\n|\n|t:|1700081048\n|switch|p1a: Vikavolt|Vikavolt, M|100\/100\n|turn|7\n|c| Rainer367|Wujuh\n|c| Rainer367|hi\n|l| Rainer565\n|\n|t:|1700081062\n|-end|p2a: Roaring Moon|Protosynthesis|[silent]\n|switch|p2a: Meowscarada|Meowscarada, F|100\/100\n|-damage|p2a: Meowscarada|88\/100|[from] Stealth Rock\n|-terastallize|p1a: Vikavolt|Steel\n|move|p1a: Vikavolt|Thunderbolt|p2a: Meowscarada\n|-resisted|p2a: Meowscarada\n|-damage|p2a: Meowscarada|20\/100\n|\n|upkeep\n|turn|8\n|c|\u2606ApocalypticTofu|my computer is lagging, for...some reason\n|c| RaVeDreNch|wow\n|c| CloysterEnjoyer|hmm\n|\n|t:|1700081085\n|move|p2a: Meowscarada|Knock Off|p1a: Vikavolt\n|-damage|p1a: Vikavolt|28\/100\n|-enditem|p1a: Vikavolt|Choice Specs|[from] move: Knock Off|[of] p2a: Meowscarada\n|move|p1a: Vikavolt|Thunderbolt|p2a: Meowscarada\n|-resisted|p2a: Meowscarada\n|-damage|p2a: Meowscarada|0 fnt\n|faint|p2a: Meowscarada\n|\n|upkeep\n|\n|t:|1700081088\n|switch|p2a: Roaring Moon|Roaring Moon, tera:Flying|88\/100\n|-damage|p2a: Roaring Moon|63\/100|[from] Stealth Rock\n|turn|9\n|c| CloysterEnjoyer|cant handle the steel bug\n|\n|t:|1700081101\n|move|p2a: Roaring Moon|Acrobatics|p1a: Vikavolt\n|-resisted|p1a: Vikavolt\n|-damage|p1a: Vikavolt|0 fnt\n|faint|p1a: Vikavolt\n|\n|upkeep\n|\n|t:|1700081112\n|switch|p1a: Slither Wing|Slither Wing|100\/100\n|-enditem|p1a: Slither Wing|Booster Energy\n|-activate|p1a: Slither Wing|ability: Protosynthesis|[fromitem]\n|-start|p1a: Slither Wing|protosynthesisatk\n|turn|10\n|j| Rainer565\n|c| Rainer565|sup\n|\n|t:|1700081123\n|move|p1a: Slither Wing|First Impression|p2a: Roaring Moon\n|-resisted|p2a: Roaring Moon\n|-damage|p2a: Roaring Moon|23\/100\n|move|p2a: Roaring Moon|Acrobatics|p1a: Slither Wing\n|-supereffective|p1a: Slither Wing\n|-damage|p1a: Slither Wing|0 fnt\n|faint|p1a: Slither Wing\n|-end|p1a: Slither Wing|Protosynthesis|[silent]\n|\n|upkeep\n|l| CloysterEnjoyer\n|j| CloysterEnjoyer\n|\n|t:|1700081137\n|switch|p1a: Ribombee|Ribombee, F|100\/100\n|turn|11\n|c| Rainer565|who is winning\n|c|\u2606ApocalypticTofu|could be it for me\n|\n|t:|1700081149\n|move|p1a: Ribombee|Tailwind|p1a: Ribombee\n|-sidestart|p1: ApocalypticTofu|move: Tailwind\n|move|p2a: Roaring Moon|Roost|p2a: Roaring Moon\n|-heal|p2a: Roaring Moon|73\/100\n|-hint|If a Flying Terastallized Pokemon uses Roost, it remains Flying-type.\n|\n|upkeep\n|turn|12\n|\n|t:|1700081158\n|move|p1a: Ribombee|Moonblast|p2a: Roaring Moon\n|-damage|p2a: Roaring Moon|32\/100\n|move|p2a: Roaring Moon|Dragon Dance|p2a: Roaring Moon\n|-boost|p2a: Roaring Moon|atk|1\n|-boost|p2a: Roaring Moon|spe|1\n|\n|upkeep\n|turn|13\n|c| CloysterEnjoyer|hm\n|\n|t:|1700081165\n|move|p1a: Ribombee|Moonblast|p2a: Roaring Moon\n|-damage|p2a: Roaring Moon|0 fnt\n|faint|p2a: Roaring Moon\n|-end|p2a: Roaring Moon|Protosynthesis|[silent]\n|\n|upkeep\n|\n|t:|1700081169\n|switch|p2a: Sableye|Sableye, M|100\/100\n|-damage|p2a: Sableye|88\/100|[from] Stealth Rock\n|turn|14\n|c| CloysterEnjoyer|ooo\n|c| Rainer565|the next checkmate is in 10 moves\n|c|\u2606ApocalypticTofu|why did you roost?\n|c|\u2606Xanvoir|Idk\n|\n|t:|1700081181\n|detailschange|p2a: Sableye|Sableye-Mega, M\n|-mega|p2a: Sableye|Sableye|Sablenite\n|move|p1a: Ribombee|Moonblast|p2a: Sableye\n|-supereffective|p2a: Sableye\n|-damage|p2a: Sableye|31\/100\n|move|p2a: Sableye|Light Screen|p2a: Sableye\n|-sidestart|p2: Xanvoir|move: Light Screen\n|\n|-sideend|p1: ApocalypticTofu|move: Tailwind\n|upkeep\n|turn|15\n|c| Rainer565|cmon\n|\n|t:|1700081191\n|move|p1a: Ribombee|Moonblast|p2a: Sableye\n|-supereffective|p2a: Sableye\n|-damage|p2a: Sableye|2\/100\n|-unboost|p2a: Sableye|spa|1\n|move|p2a: Sableye|Foul Play|p1a: Ribombee\n|-resisted|p1a: Ribombee\n|-damage|p1a: Ribombee|86\/100\n|\n|upkeep\n|turn|16\n|c| Rainer367|Cashier what?\n|c| Rainer565|win it xan\n|c| CloysterEnjoyer|ok\n|\n|t:|1700081200\n|move|p1a: Ribombee|Moonblast|p2a: Sableye\n|-supereffective|p2a: Sableye\n|-damage|p2a: Sableye|0 fnt\n|faint|p2a: Sableye\n|\n|upkeep\n|\n|t:|1700081201\n|switch|p2a: Kingambit|Kingambit, M|100\/100\n|-damage|p2a: Kingambit|94\/100|[from] Stealth Rock\n|-activate|p2a: Kingambit|ability: Supreme Overlord\n|-start|p2a: Kingambit|fallen5|[silent]\n|turn|17\n|c| Rainer565|what\n|\n|t:|1700081209\n|move|p1a: Ribombee|Tailwind|p1a: Ribombee\n|-sidestart|p1: ApocalypticTofu|move: Tailwind\n|move|p2a: Kingambit|Swords Dance|p2a: Kingambit\n|-boost|p2a: Kingambit|atk|2\n|\n|upkeep\n|turn|18\n|\n|t:|1700081216\n|move|p1a: Ribombee|Moonblast|p2a: Kingambit\n|-damage|p2a: Kingambit|76\/100\n|-unboost|p2a: Kingambit|spa|1\n|move|p2a: Kingambit|Iron Head|p1a: Ribombee\n|-supereffective|p1a: Ribombee\n|-damage|p1a: Ribombee|0 fnt\n|faint|p1a: Ribombee\n|\n|-sideend|p2: Xanvoir|move: Light Screen\n|upkeep\n|c| CloysterEnjoyer|oh no\n|\n|t:|1700081225\n|switch|p1a: Volcarona|Volcarona, M|100\/100\n|turn|19\n|c| CloysterEnjoyer|ggs ig\n|c|\u2606ApocalypticTofu|ultimate chess play\n|c|\u2606ApocalypticTofu|what will xan do...\n|c| Rainer367|Cashier, you realise you are gunna fight one of them next right?\n|c| Rainer565|Yes\n|c|\u2606Xanvoir|Bro I\u2019m scared\n|c| Rainer565|ik\n|c| CloysterEnjoyer|sucker punch ohkos\n|c|\u2606ApocalypticTofu|SAME\n|c|\u2606Xanvoir|It all OHKOs\n|c|\u2606ApocalypticTofu|yeah\n|c| RaVeDreNch|mind games\n|c|\u2606ApocalypticTofu|but i have more speed\n|c| CloysterEnjoyer|and fiery dance ohkos\n|c|\u2606Xanvoir|I may Sucker Punch\n|c|\u2606Xanvoir|or not\n|c|\u2606ApocalypticTofu|so if i hit you i win\n|c|\u2606Xanvoir|idk\n|c| CloysterEnjoyer|mwhehehe\n|c|\u2606ApocalypticTofu|but if i don't hit you i have a chance\n|c| Rainer565|50\/50\n|c| CloysterEnjoyer|how much pp is sucker punch\n|c|\u2606Xanvoir|8\n|c| Rainer367|1 will continue, the other will be dropped\n|c| CloysterEnjoyer|oh\n|c| Rainer565|checkmate in 1 move for xan\n|c|\u2606ApocalypticTofu|yo xan hit me with a special attack \ud83d\udc80\n|c|\u2606Xanvoir|Lol\n|c| Rainer565|checkmate for tofu idk?\n|c|\u2606ApocalypticTofu|more like stalemate tbh\n|c|\u2606ApocalypticTofu|gg whatever happens\n|c|\u2606Xanvoir|Yeah gg\n|c|\u2606Xanvoir|Whatever happens\n|c| CloysterEnjoyer|just sucker punch\n|\n|t:|1700081344\n|move|p2a: Kingambit|Sucker Punch|p1a: Volcarona\n|-damage|p1a: Volcarona|0 fnt\n|faint|p1a: Volcarona\n|\n|win|Xanvoir\n|c|\u2606Xanvoir|GG\n|c|\u2606ApocalypticTofu|nooooooo\n|c| CloysterEnjoyer|welp gg\n|c| Rainer367|GG\n","uploadtime":1700081353,"views":26,"p1id":"apocalyptictofu","p2id":"xanvoir","formatid":"gen9nationaldexubers","rating":0,"private":0,"password":""}