{"id":"gen9nationaldexubers-1980128635","p1":"yharon2","p2":"85792195wwww","format":"[Gen 9] National Dex Ubers","log":"|j|\u2606yharon2\n|j|\u203d85792195wwww\n|t:|1698759861\n|gametype|singles\n|player|p1|yharon2|backersf|1589\n|player|p2|85792195wwww|lady|1771\n|teamsize|p1|6\n|teamsize|p2|6\n|gen|9\n|tier|[Gen 9] National Dex Ubers\n|rated|\n|rule|HP Percentage Mod: HP is shown in percentages\n|rule|Endless Battle Clause: Forcing endless battles is banned\n|rule|OHKO Clause: OHKO moves are banned\n|rule|Evasion Moves Clause: Evasion moves are banned\n|rule|Evasion Items Clause: Evasion items are banned\n|rule|Species Clause: Limit one of each Pok\u00e9mon\n|rule|Sleep Clause Mod: Limit one foe put to sleep\n|rule|Mega Rayquaza Clause: You cannot mega evolve Rayquaza\n|clearpoke\n|poke|p1|Kyogre|\n|poke|p1|Groudon|\n|poke|p1|Necrozma-Dusk-Mane|\n|poke|p1|Giratina-Origin|\n|poke|p1|Yveltal|\n|poke|p1|Arceus-Fairy|\n|poke|p2|Xerneas-*|\n|poke|p2|Rayquaza|\n|poke|p2|Zacian-*|\n|poke|p2|Deoxys-Speed|\n|poke|p2|Groudon|\n|poke|p2|Arceus|\n|teampreview\n|inactive|Battle timer is ON: inactive players will automatically lose when time's up. (requested by yharon2)\n|\n|t:|1698759868\n|start\n|switch|p1a: bacon birb|Yveltal|100\/100\n|switch|p2a: Xerneas|Xerneas|100\/100\n|-ability|p1a: bacon birb|Dark Aura\n|-ability|p2a: Xerneas|Fairy Aura\n|turn|1\n|\n|t:|1698759885\n|switch|p1a: necro man|Necrozma-Dusk-Mane|100\/100\n|move|p2a: Xerneas|Moonblast|p1a: necro man\n|-resisted|p1a: necro man\n|-damage|p1a: necro man|67\/100\n|\n|upkeep\n|turn|2\n|\n|t:|1698759894\n|switch|p2a: Deoxys|Deoxys-Speed|100\/100\n|-ability|p2a: Deoxys|Pressure\n|move|p1a: necro man|Sunsteel Strike|p2a: Deoxys\n|-damage|p2a: Deoxys|41\/100\n|-damage|p1a: necro man|50\/100|[from] item: Rocky Helmet|[of] p2a: Deoxys\n|\n|upkeep\n|turn|3\n|\n|t:|1698759905\n|move|p2a: Deoxys|Stealth Rock|p1a: necro man\n|-sidestart|p1: yharon2|move: Stealth Rock\n|move|p1a: necro man|Photon Geyser|p2a: Deoxys\n|-resisted|p2a: Deoxys\n|-damage|p2a: Deoxys|9\/100\n|\n|upkeep\n|turn|4\n|\n|t:|1698759913\n|move|p2a: Deoxys|Taunt|p1a: necro man\n|-start|p1a: necro man|move: Taunt\n|move|p1a: necro man|Photon Geyser|p2a: Deoxys\n|-resisted|p2a: Deoxys\n|-damage|p2a: Deoxys|0 fnt\n|faint|p2a: Deoxys\n|\n|upkeep\n|\n|t:|1698759925\n|switch|p2a: Arceus|Arceus|100\/100\n|turn|5\n|\n|t:|1698759930\n|move|p2a: Arceus|Swords Dance|p2a: Arceus\n|-boost|p2a: Arceus|atk|2\n|move|p1a: necro man|Photon Geyser|p2a: Arceus\n|-damage|p2a: Arceus|56\/100\n|\n|upkeep\n|turn|6\n|\n|t:|1698759942\n|-terastallize|p1a: necro man|Fairy\n|move|p2a: Arceus|Will-O-Wisp|p1a: necro man\n|-status|p1a: necro man|brn\n|move|p1a: necro man|Photon Geyser|p2a: Arceus\n|-damage|p2a: Arceus|31\/100\n|\n|-damage|p1a: necro man|44\/100 brn|[from] brn\n|-end|p1a: necro man|move: Taunt\n|upkeep\n|turn|7\n|\n|t:|1698759957\n|move|p2a: Arceus|Extreme Speed|p1a: necro man\n|-damage|p1a: necro man|0 fnt\n|-damage|p2a: Arceus|14\/100|[from] item: Rocky Helmet|[of] p1a: necro man\n|faint|p1a: necro man\n|-damage|p2a: Arceus|4\/100|[from] item: Life Orb\n|\n|upkeep\n|\n|t:|1698759964\n|switch|p1a: Anitarig|Giratina-Origin|100\/100\n|-damage|p1a: Anitarig|88\/100|[from] Stealth Rock\n|turn|8\n|\n|t:|1698759969\n|move|p2a: Arceus|Shadow Force||[still]\n|-prepare|p2a: Arceus|Shadow Force\n|move|p1a: Anitarig|Defog|p2a: Arceus|[miss]\n|-miss|p1a: Anitarig|p2a: Arceus\n|\n|upkeep\n|turn|9\n|\n|t:|1698759976\n|switch|p1a: bacon birb|Yveltal|100\/100\n|-damage|p1a: bacon birb|76\/100|[from] Stealth Rock\n|-ability|p1a: bacon birb|Dark Aura\n|move|p2a: Arceus|Shadow Force|p1a: bacon birb|[from]lockedmove\n|-resisted|p1a: bacon birb\n|-damage|p1a: bacon birb|23\/100\n|-damage|p2a: Arceus|0 fnt|[from] item: Life Orb\n|faint|p2a: Arceus\n|\n|upkeep\n|\n|t:|1698759990\n|switch|p2a: Zacian|Zacian-Crowned|100\/100\n|-ability|p2a: Zacian|Intrepid Sword|boost\n|-boost|p2a: Zacian|atk|1\n|turn|10\n|inactive|yharon2 has 120 seconds left.\n|\n|t:|1698760034\n|move|p1a: bacon birb|Sucker Punch||[still]\n|-fail|p1a: bacon birb\n|move|p2a: Zacian|Swords Dance|p2a: Zacian\n|-boost|p2a: Zacian|atk|2\n|\n|upkeep\n|turn|11\n|\n|t:|1698760041\n|move|p1a: bacon birb|Sucker Punch|p2a: Zacian\n|-resisted|p2a: Zacian\n|-damage|p2a: Zacian|78\/100\n|-damage|p1a: bacon birb|13\/100|[from] item: Life Orb\n|move|p2a: Zacian|Behemoth Blade|p1a: bacon birb\n|-damage|p1a: bacon birb|0 fnt\n|faint|p1a: bacon birb\n|\n|upkeep\n|inactive|yharon2 has 120 seconds left.\n|\n|t:|1698760052\n|switch|p1a: lizard|Groudon|100\/100\n|-damage|p1a: lizard|94\/100|[from] Stealth Rock\n|detailschange|p1a: lizard|Groudon-Primal\n|-primal|p1a: lizard|Red Orb\n|-weather|DesolateLand|[from] ability: Desolate Land|[of] p1a: lizard\n|turn|12\n|inactive|yharon2 has 120 seconds left.\n|\n|t:|1698760062\n|-terastallize|p2a: Zacian|Ground\n|move|p2a: Zacian|Tera Blast|p1a: lizard|[anim] Tera Blast Ground\n|-supereffective|p1a: lizard\n|-damage|p1a: lizard|0 fnt\n|faint|p1a: lizard\n|-weather|none\n|\n|upkeep\n|inactive|yharon2 has 120 seconds left.\n|-message|yharon2 forfeited.\n|\n|win|85792195wwww\n|raw|yharon2's rating: 1589 &rarr; <strong>1579<\/strong><br \/>(-10 for losing)\n|raw|85792195wwww's rating: 1771 &rarr; <strong>1781<\/strong><br \/>(+10 for winning)\n|l|\u2606yharon2\n","uploadtime":1698760097,"views":5,"p1id":"yharon2","p2id":"85792195wwww","formatid":"gen9nationaldexubers","rating":1579,"private":0,"password":""}