{"id":"gen9nationaldexubers-1986959751","p1":"Jnenenss","p2":"Boabis","format":"[Gen 9] National Dex Ubers","log":"|j|\u2606Jnenenss\n|j|\u2606Boabis\n|t:|1699544562\n|gametype|singles\n|player|p1|Jnenenss|266|1138\n|player|p2|Boabis|rancher|1135\n|teamsize|p1|6\n|teamsize|p2|6\n|gen|9\n|tier|[Gen 9] National Dex Ubers\n|rated|\n|rule|HP Percentage Mod: HP is shown in percentages\n|rule|Endless Battle Clause: Forcing endless battles is banned\n|rule|OHKO Clause: OHKO moves are banned\n|rule|Evasion Moves Clause: Evasion moves are banned\n|rule|Evasion Items Clause: Evasion items are banned\n|rule|Species Clause: Limit one of each Pok\u00e9mon\n|rule|Sleep Clause Mod: Limit one foe put to sleep\n|rule|Mega Rayquaza Clause: You cannot mega evolve Rayquaza\n|clearpoke\n|poke|p1|Cinderace, M|\n|poke|p1|Corviknight, M|\n|poke|p1|Urshifu-*, M|\n|poke|p1|Slowking-Galar, M|\n|poke|p1|Grimmsnarl, M|\n|poke|p1|Dragapult, M|\n|poke|p2|Darkrai|\n|poke|p2|Cloyster, M|\n|poke|p2|Ceruledge, F|\n|poke|p2|Mewtwo|\n|poke|p2|Flutter Mane|\n|poke|p2|Solgaleo|\n|teampreview\n|\n|t:|1699544594\n|start\n|switch|p1a: Urshifu|Urshifu-Rapid-Strike, M|100\/100\n|switch|p2a: Cloyster|Cloyster, M|100\/100\n|turn|1\n|\n|t:|1699544606\n|move|p1a: Urshifu|Close Combat|p2a: Cloyster\n|-supereffective|p2a: Cloyster\n|-enditem|p2a: Cloyster|Focus Sash\n|-damage|p2a: Cloyster|1\/100\n|-unboost|p1a: Urshifu|def|1\n|-unboost|p1a: Urshifu|spd|1\n|move|p2a: Cloyster|Spikes|p1a: Urshifu\n|-sidestart|p1: Jnenenss|Spikes\n|\n|upkeep\n|turn|2\n|\n|t:|1699544624\n|switch|p2a: Flutter Mane|Flutter Mane|100\/100\n|move|p1a: Urshifu|Close Combat|p2a: Flutter Mane\n|-immune|p2a: Flutter Mane\n|\n|upkeep\n|turn|3\n|\n|t:|1699544642\n|switch|p1a: Slowking|Slowking-Galar, M|100\/100\n|-damage|p1a: Slowking|88\/100|[from] Spikes\n|move|p2a: Flutter Mane|Mystical Fire|p1a: Slowking\n|-damage|p1a: Slowking|71\/100\n|-unboost|p1a: Slowking|spa|1\n|\n|upkeep\n|turn|4\n|\n|t:|1699544658\n|-end|p2a: Flutter Mane|Protosynthesis|[silent]\n|switch|p2a: Darkrai|Darkrai|100\/100\n|move|p1a: Slowking|Future Sight|p2a: Darkrai\n|-start|p1a: Slowking|move: Future Sight\n|\n|upkeep\n|turn|5\n|\n|t:|1699544687\n|move|p2a: Darkrai|Nasty Plot|p2a: Darkrai\n|-boost|p2a: Darkrai|spa|2\n|move|p1a: Slowking|Sludge Bomb|p2a: Darkrai\n|-damage|p2a: Darkrai|71\/100\n|\n|upkeep\n|turn|6\n|\n|t:|1699544696\n|switch|p1a: Urshifu|Urshifu-Rapid-Strike, M|100\/100\n|-damage|p1a: Urshifu|88\/100|[from] Spikes\n|move|p2a: Darkrai|Dark Pulse|p1a: Urshifu\n|-resisted|p1a: Urshifu\n|-damage|p1a: Urshifu|5\/100\n|-damage|p2a: Darkrai|61\/100|[from] item: Life Orb\n|\n|-end|p2a: Darkrai|move: Future Sight\n|-immune|p2a: Darkrai\n|upkeep\n|turn|7\n|\n|t:|1699544710\n|move|p1a: Urshifu|U-turn|p2a: Darkrai\n|-supereffective|p2a: Darkrai\n|-damage|p2a: Darkrai|0 fnt\n|faint|p2a: Darkrai\n|\n|t:|1699544720\n|switch|p1a: Cinderace|Cinderace, M|100\/100|[from] U-turn\n|\n|upkeep\n|\n|t:|1699544732\n|switch|p2a: Ceruledge|Ceruledge, F|100\/100\n|turn|8\n|\n|t:|1699544781\n|move|p1a: Cinderace|Court Change|p1a: Cinderace\n|-start|p1a: Cinderace|typechange|Normal|[from] ability: Libero\n|-swapsideconditions\n|-activate|p1a: Cinderace|move: Court Change\n|move|p2a: Ceruledge|Swords Dance|p2a: Ceruledge\n|-boost|p2a: Ceruledge|atk|2\n|\n|upkeep\n|turn|9\n|\n|t:|1699544800\n|move|p1a: Cinderace|Pyro Ball|p2a: Ceruledge\n|-resisted|p2a: Ceruledge\n|-damage|p2a: Ceruledge|72\/100\n|-ability|p2a: Ceruledge|Weak Armor|boost\n|-unboost|p2a: Ceruledge|def|1\n|-boost|p2a: Ceruledge|spe|2\n|move|p2a: Ceruledge|Swords Dance|p2a: Ceruledge\n|-boost|p2a: Ceruledge|atk|2\n|\n|upkeep\n|turn|10\n|\n|t:|1699544810\n|move|p2a: Ceruledge|Swords Dance|p2a: Ceruledge\n|-boost|p2a: Ceruledge|atk|2\n|move|p1a: Cinderace|Pyro Ball|p2a: Ceruledge|[miss]\n|-miss|p1a: Cinderace|p2a: Ceruledge\n|\n|upkeep\n|turn|11\n|\n|t:|1699544830\n|move|p2a: Ceruledge|Close Combat|p1a: Cinderace\n|-supereffective|p1a: Cinderace\n|-damage|p1a: Cinderace|0 fnt\n|-unboost|p2a: Ceruledge|def|1\n|-unboost|p2a: Ceruledge|spd|1\n|faint|p1a: Cinderace\n|\n|upkeep\n|\n|t:|1699544836\n|switch|p1a: Grimmsnarl|Grimmsnarl, M|100\/100\n|turn|12\n|\n|t:|1699544843\n|move|p1a: Grimmsnarl|Reflect|p1a: Grimmsnarl\n|-sidestart|p1: Jnenenss|Reflect\n|move|p2a: Ceruledge|Bitter Blade|p1a: Grimmsnarl\n|-damage|p1a: Grimmsnarl|21\/100\n|-heal|p2a: Ceruledge|100\/100|[from] drain|[of] p1a: Grimmsnarl\n|\n|upkeep\n|turn|13\n|\n|t:|1699544849\n|move|p1a: Grimmsnarl|Thunder Wave|p2a: Ceruledge\n|-status|p2a: Ceruledge|par\n|move|p2a: Ceruledge|Bitter Blade|p1a: Grimmsnarl\n|-damage|p1a: Grimmsnarl|0 fnt\n|faint|p1a: Grimmsnarl\n|\n|upkeep\n|\n|t:|1699544854\n|switch|p1a: Urshifu|Urshifu-Rapid-Strike, M|5\/100\n|turn|14\n|\n|t:|1699544861\n|move|p1a: Urshifu|Aqua Jet|p2a: Ceruledge\n|-supereffective|p2a: Ceruledge\n|-enditem|p2a: Ceruledge|Focus Sash\n|-damage|p2a: Ceruledge|1\/100 par\n|-ability|p2a: Ceruledge|Weak Armor|boost\n|-unboost|p2a: Ceruledge|def|1\n|-boost|p2a: Ceruledge|spe|2\n|move|p2a: Ceruledge|Bitter Blade|p1a: Urshifu\n|-resisted|p1a: Urshifu\n|-damage|p1a: Urshifu|0 fnt\n|-heal|p2a: Ceruledge|3\/100 par|[from] drain|[of] p1a: Urshifu\n|faint|p1a: Urshifu\n|\n|upkeep\n|\n|t:|1699544871\n|switch|p1a: Dragapult|Dragapult, M|100\/100\n|turn|15\n|\n|t:|1699544877\n|move|p2a: Ceruledge|Shadow Claw|p1a: Dragapult\n|-supereffective|p1a: Dragapult\n|-damage|p1a: Dragapult|0 fnt\n|faint|p1a: Dragapult\n|\n|upkeep\n|\n|t:|1699544883\n|switch|p1a: Corviknight|Corviknight, M|100\/100\n|turn|16\n|\n|t:|1699544895\n|-terastallize|p1a: Corviknight|Fire\n|move|p2a: Ceruledge|Bitter Blade|p1a: Corviknight\n|-resisted|p1a: Corviknight\n|-damage|p1a: Corviknight|61\/100\n|-heal|p2a: Ceruledge|30\/100 par|[from] drain|[of] p1a: Corviknight\n|move|p1a: Corviknight|Brave Bird|p2a: Ceruledge\n|-damage|p2a: Ceruledge|0 fnt\n|faint|p2a: Ceruledge\n|-damage|p1a: Corviknight|54\/100|[from] Recoil\n|\n|-heal|p1a: Corviknight|61\/100|[from] item: Leftovers\n|upkeep\n|\n|t:|1699544917\n|switch|p2a: Flutter Mane|Flutter Mane|100\/100\n|-damage|p2a: Flutter Mane|88\/100|[from] Spikes\n|turn|17\n|\n|t:|1699544924\n|move|p2a: Flutter Mane|Moonblast|p1a: Corviknight\n|-resisted|p1a: Corviknight\n|-damage|p1a: Corviknight|33\/100\n|-ability|p1a: Corviknight|Mirror Armor\n|-unboost|p2a: Flutter Mane|spa|1\n|move|p1a: Corviknight|Roost|p1a: Corviknight\n|-heal|p1a: Corviknight|83\/100\n|\n|-heal|p1a: Corviknight|90\/100|[from] item: Leftovers\n|upkeep\n|turn|18\n|\n|t:|1699544947\n|-end|p2a: Flutter Mane|Protosynthesis|[silent]\n|switch|p2a: Solgaleo|Solgaleo|100\/100\n|-damage|p2a: Solgaleo|88\/100|[from] Spikes\n|move|p1a: Corviknight|Bulk Up|p1a: Corviknight\n|-boost|p1a: Corviknight|atk|1\n|-boost|p1a: Corviknight|def|1\n|\n|-heal|p1a: Corviknight|96\/100|[from] item: Leftovers\n|upkeep\n|turn|19\n|\n|t:|1699544973\n|move|p2a: Solgaleo|Earthquake|p1a: Corviknight\n|-supereffective|p1a: Corviknight\n|-damage|p1a: Corviknight|75\/100\n|move|p1a: Corviknight|Bulk Up|p1a: Corviknight\n|-boost|p1a: Corviknight|atk|1\n|-boost|p1a: Corviknight|def|1\n|\n|-heal|p1a: Corviknight|81\/100|[from] item: Leftovers\n|-sideend|p1: Jnenenss|Reflect\n|upkeep\n|turn|20\n|\n|t:|1699544983\n|move|p2a: Solgaleo|Earthquake|p1a: Corviknight\n|-supereffective|p1a: Corviknight\n|-damage|p1a: Corviknight|48\/100\n|move|p1a: Corviknight|Bulk Up|p1a: Corviknight\n|-boost|p1a: Corviknight|atk|1\n|-boost|p1a: Corviknight|def|1\n|\n|-heal|p1a: Corviknight|54\/100|[from] item: Leftovers\n|upkeep\n|turn|21\n|\n|t:|1699544991\n|move|p2a: Solgaleo|Earthquake|p1a: Corviknight\n|-supereffective|p1a: Corviknight\n|-damage|p1a: Corviknight|29\/100\n|move|p1a: Corviknight|Roost|p1a: Corviknight\n|-heal|p1a: Corviknight|79\/100\n|\n|-heal|p1a: Corviknight|85\/100|[from] item: Leftovers\n|upkeep\n|turn|22\n|\n|t:|1699545000\n|move|p2a: Solgaleo|Earthquake|p1a: Corviknight\n|-supereffective|p1a: Corviknight\n|-damage|p1a: Corviknight|59\/100\n|move|p1a: Corviknight|Bulk Up|p1a: Corviknight\n|-boost|p1a: Corviknight|atk|1\n|-boost|p1a: Corviknight|def|1\n|\n|-heal|p1a: Corviknight|65\/100|[from] item: Leftovers\n|upkeep\n|turn|23\n|\n|t:|1699545009\n|move|p2a: Solgaleo|Earthquake|p1a: Corviknight\n|-supereffective|p1a: Corviknight\n|-crit|p1a: Corviknight\n|-damage|p1a: Corviknight|0 fnt\n|faint|p1a: Corviknight\n|\n|upkeep\n|\n|t:|1699545012\n|switch|p1a: Slowking|Slowking-Galar, M|100\/100\n|turn|24\n|\n|t:|1699545016\n|move|p2a: Solgaleo|Earthquake|p1a: Slowking\n|-supereffective|p1a: Slowking\n|-damage|p1a: Slowking|18\/100\n|move|p1a: Slowking|Scald|p2a: Solgaleo\n|-damage|p2a: Solgaleo|70\/100\n|-status|p2a: Solgaleo|brn\n|\n|-damage|p2a: Solgaleo|64\/100 brn|[from] brn\n|upkeep\n|turn|25\n|\n|t:|1699545026\n|move|p2a: Solgaleo|Earthquake|p1a: Slowking\n|-supereffective|p1a: Slowking\n|-damage|p1a: Slowking|0 fnt\n|faint|p1a: Slowking\n|\n|win|Boabis\n|raw|Jnenenss's rating: 1166 &rarr; <strong>1139<\/strong><br \/>(-27 for losing)\n|raw|Boabis's rating: 1135 &rarr; <strong>1162<\/strong><br \/>(+27 for winning)\n|l|\u2606Jnenenss\n","uploadtime":1699545035,"views":5,"p1id":"jnenenss","p2id":"boabis","formatid":"gen9nationaldexubers","rating":1139,"private":0,"password":""}