{"id":"gen9nationaldexubers-1982337832","p1":"xinnobu","p2":"KurumiTokisakilove","format":"[Gen 9] National Dex Ubers","log":"|j|\u2606xinnobu\n|j|\u2606KurumiTokisakilove\n|t:|1699000041\n|gametype|singles\n|player|p1|xinnobu|elesa-gen5bw2|1767\n|player|p2|KurumiTokisakilove|sabrina-gen2|1949\n|teamsize|p1|6\n|teamsize|p2|6\n|gen|9\n|tier|[Gen 9] National Dex Ubers\n|rated|\n|rule|HP Percentage Mod: HP is shown in percentages\n|rule|Endless Battle Clause: Forcing endless battles is banned\n|rule|OHKO Clause: OHKO moves are banned\n|rule|Evasion Moves Clause: Evasion moves are banned\n|rule|Evasion Items Clause: Evasion items are banned\n|rule|Species Clause: Limit one of each Pok\u00e9mon\n|rule|Sleep Clause Mod: Limit one foe put to sleep\n|rule|Mega Rayquaza Clause: You cannot mega evolve Rayquaza\n|clearpoke\n|poke|p1|Groudon|\n|poke|p1|Deoxys-Attack|\n|poke|p1|Rayquaza|\n|poke|p1|Xerneas-*|\n|poke|p1|Arceus-Ground|\n|poke|p1|Zacian-*|\n|poke|p2|Ho-Oh|\n|poke|p2|Yveltal|\n|poke|p2|Ditto|\n|poke|p2|Magearna|\n|poke|p2|Necrozma-Dusk-Mane|\n|poke|p2|Arceus-Ground|\n|teampreview\n|inactive|Battle timer is ON: inactive players will automatically lose when time's up. (requested by KurumiTokisakilove)\n|\n|t:|1699000052\n|start\n|switch|p1a: Rayquaza|Rayquaza|100\/100\n|switch|p2a: Yveltal|Yveltal, shiny|100\/100\n|-ability|p1a: Rayquaza|Air Lock\n|-ability|p2a: Yveltal|Dark Aura\n|turn|1\n|\n|t:|1699000059\n|move|p1a: Rayquaza|Dragon Ascent|p2a: Yveltal\n|-damage|p2a: Yveltal|47\/100\n|-unboost|p1a: Rayquaza|def|1\n|-unboost|p1a: Rayquaza|spd|1\n|move|p2a: Yveltal|Foul Play|p1a: Rayquaza\n|-damage|p1a: Rayquaza|0 fnt\n|faint|p1a: Rayquaza\n|\n|upkeep\n|\n|t:|1699000071\n|switch|p1a: Xerneas|Xerneas|100\/100\n|-ability|p1a: Xerneas|Fairy Aura\n|turn|2\n|j| agois\n|\n|t:|1699000101\n|switch|p2a: Ho-Oh|Ho-Oh|100\/100\n|move|p1a: Xerneas|Moonblast|p2a: Ho-Oh\n|-resisted|p2a: Ho-Oh\n|-damage|p2a: Ho-Oh|78\/100\n|\n|upkeep\n|turn|3\n|\n|t:|1699000109\n|switch|p1a: Deoxys|Deoxys-Attack|100\/100\n|-ability|p1a: Deoxys|Pressure\n|move|p2a: Ho-Oh|Brave Bird|p1a: Deoxys\n|-enditem|p1a: Deoxys|Focus Sash\n|-damage|p1a: Deoxys|1\/100\n|-damage|p2a: Ho-Oh|56\/100|[from] Recoil\n|\n|upkeep\n|turn|4\n|l| agois\n|\n|t:|1699000118\n|switch|p2a: Yveltal|Yveltal, shiny|47\/100\n|-ability|p2a: Yveltal|Dark Aura\n|move|p1a: Deoxys|Psycho Boost|p2a: Yveltal\n|-immune|p2a: Yveltal\n|\n|upkeep\n|turn|5\n|\n|t:|1699000125\n|move|p1a: Deoxys|Stealth Rock|p2a: Yveltal\n|-sidestart|p2: KurumiTokisakilove|move: Stealth Rock\n|move|p2a: Yveltal|Roost|p2a: Yveltal\n|-heal|p2a: Yveltal|97\/100\n|-singleturn|p2a: Yveltal|move: Roost\n|\n|upkeep\n|turn|6\n|\n|t:|1699000131\n|move|p1a: Deoxys|Ice Beam|p2a: Yveltal\n|-supereffective|p2a: Yveltal\n|-damage|p2a: Yveltal|36\/100\n|move|p2a: Yveltal|Foul Play|p1a: Deoxys\n|-supereffective|p1a: Deoxys\n|-damage|p1a: Deoxys|0 fnt\n|faint|p1a: Deoxys\n|\n|upkeep\n|\n|t:|1699000138\n|switch|p1a: Zacian|Zacian-Crowned|100\/100\n|-ability|p1a: Zacian|Intrepid Sword|boost\n|-boost|p1a: Zacian|atk|1\n|turn|7\n|\n|t:|1699000147\n|move|p1a: Zacian|Behemoth Blade|p2a: Yveltal\n|-damage|p2a: Yveltal|0 fnt\n|faint|p2a: Yveltal\n|\n|upkeep\n|\n|t:|1699000149\n|switch|p2a: Ditto|Ditto, shiny|100\/100\n|-damage|p2a: Ditto|88\/100|[from] Stealth Rock\n|-transform|p2a: Ditto|p1a: Zacian|[from] ability: Imposter\n|-ability|p2a: Ditto|Intrepid Sword|boost\n|-boost|p2a: Ditto|atk|1\n|turn|8\n|\n|t:|1699000157\n|move|p2a: Ditto|Behemoth Blade|p1a: Zacian\n|-damage|p1a: Zacian|0 fnt\n|faint|p1a: Zacian\n|\n|upkeep\n|\n|t:|1699000161\n|switch|p1a: Groudon|Groudon|100\/100\n|detailschange|p1a: Groudon|Groudon-Primal\n|-primal|p1a: Groudon|Red Orb\n|-weather|DesolateLand|[from] ability: Desolate Land|[of] p1a: Groudon\n|turn|9\n|\n|t:|1699000170\n|switch|p2a: Arceus|Arceus-Ground|100\/100\n|-damage|p2a: Arceus|94\/100|[from] Stealth Rock\n|move|p1a: Groudon|Heat Crash|p2a: Arceus\n|-damage|p2a: Arceus|41\/100\n|\n|-weather|DesolateLand|[upkeep]\n|upkeep\n|turn|10\n|\n|t:|1699000177\n|move|p2a: Arceus|Judgment|p1a: Groudon\n|-supereffective|p1a: Groudon\n|-crit|p1a: Groudon\n|-damage|p1a: Groudon|0 fnt\n|faint|p1a: Groudon\n|-weather|none\n|\n|upkeep\n|-message|xinnobu forfeited.\n|\n|win|KurumiTokisakilove\n|raw|xinnobu's rating: 1767 &rarr; <strong>1757<\/strong><br \/>(-10 for losing)\n|raw|KurumiTokisakilove's rating: 1949 &rarr; <strong>1959<\/strong><br \/>(+10 for winning)\n|l|\u2606xinnobu\n|l|\u2606KurumiTokisakilove\n","uploadtime":1699000223,"views":21,"p1id":"xinnobu","p2id":"kurumitokisakilove","formatid":"gen9nationaldexubers","rating":1757,"private":0,"password":""}