{"id":"gen9nationaldexubers-1991407096","p1":"El Gogettos","p2":"alcatel999","format":"[Gen 9] National Dex Ubers","log":"|j|\u2606El Gogettos\n|j|\u2606alcatel999\n|t:|1700074496\n|gametype|singles\n|player|p1|El Gogettos|giovanni|\n|player|p2|alcatel999|rocketgrunt|\n|teamsize|p1|6\n|teamsize|p2|6\n|gen|9\n|tier|[Gen 9] National Dex Ubers\n|rule|HP Percentage Mod: HP is shown in percentages\n|rule|Endless Battle Clause: Forcing endless battles is banned\n|rule|OHKO Clause: OHKO moves are banned\n|rule|Evasion Moves Clause: Evasion moves are banned\n|rule|Evasion Items Clause: Evasion items are banned\n|rule|Species Clause: Limit one of each Pok\u00e9mon\n|rule|Sleep Clause Mod: Limit one foe put to sleep\n|rule|Mega Rayquaza Clause: You cannot mega evolve Rayquaza\n|clearpoke\n|poke|p1|Gliscor, M|\n|poke|p1|Gallade, M|\n|poke|p1|Toxapex, F|\n|poke|p1|Dragonite, M|\n|poke|p1|Weavile, F|\n|poke|p1|Volcarona, F|\n|poke|p2|Altaria, F|\n|poke|p2|Sylveon, F|\n|poke|p2|Clefable, F|\n|poke|p2|Azumarill, F|\n|poke|p2|Enamorus, F|\n|poke|p2|Tapu Koko|\n|teampreview\n|c|\u2606alcatel999|GL HF\n|\n|t:|1700074524\n|start\n|switch|p1a: Toxapex|Toxapex, F, shiny|100\/100\n|switch|p2a: HuevoKinder|Azumarill, F|100\/100\n|turn|1\n|\n|t:|1700074533\n|move|p2a: HuevoKinder|Knock Off|p1a: Toxapex\n|-damage|p1a: Toxapex|65\/100\n|-enditem|p1a: Toxapex|Black Sludge|[from] move: Knock Off|[of] p2a: HuevoKinder\n|move|p1a: Toxapex|Knock Off|p2a: HuevoKinder\n|-resisted|p2a: HuevoKinder\n|-damage|p2a: HuevoKinder|94\/100\n|-enditem|p2a: HuevoKinder|Sitrus Berry|[from] move: Knock Off|[of] p1a: Toxapex\n|\n|upkeep\n|turn|2\n|\n|t:|1700074556\n|switch|p2a: RellenitoDeAmor|Clefable, F|100\/100\n|move|p1a: Toxapex|Recover|p1a: Toxapex\n|-heal|p1a: Toxapex|100\/100\n|\n|upkeep\n|turn|3\n|\n|t:|1700074565\n|switch|p2a: AlgodonDeAzucar|Altaria, F|100\/100\n|switch|p1a: Gliscor|Gliscor, M, shiny|100\/100\n|\n|-status|p1a: Gliscor|tox|[from] item: Toxic Orb\n|upkeep\n|turn|4\n|\n|t:|1700074576\n|detailschange|p2a: AlgodonDeAzucar|Altaria-Mega, F\n|-mega|p2a: AlgodonDeAzucar|Altaria|Altarianite\n|move|p1a: Gliscor|Stealth Rock|p2a: AlgodonDeAzucar\n|-sidestart|p2: alcatel999|move: Stealth Rock\n|move|p2a: AlgodonDeAzucar|Return|p1a: Gliscor\n|-damage|p1a: Gliscor|40\/100 tox\n|\n|-heal|p1a: Gliscor|52\/100 tox|[from] ability: Poison Heal\n|upkeep\n|turn|5\n|\n|t:|1700074601\n|move|p1a: Gliscor|Gunk Shot|p2a: AlgodonDeAzucar|[miss]\n|-miss|p1a: Gliscor|p2a: AlgodonDeAzucar\n|move|p2a: AlgodonDeAzucar|Dragon Dance|p2a: AlgodonDeAzucar\n|-boost|p2a: AlgodonDeAzucar|atk|1\n|-boost|p2a: AlgodonDeAzucar|spe|1\n|\n|-heal|p1a: Gliscor|64\/100 tox|[from] ability: Poison Heal\n|upkeep\n|turn|6\n|\n|t:|1700074607\n|move|p2a: AlgodonDeAzucar|Return|p1a: Gliscor\n|-damage|p1a: Gliscor|0 fnt\n|faint|p1a: Gliscor\n|\n|upkeep\n|\n|t:|1700074614\n|switch|p1a: Toxapex|Toxapex, F, shiny|100\/100\n|turn|7\n|\n|t:|1700074617\n|move|p2a: AlgodonDeAzucar|Earthquake|p1a: Toxapex\n|-supereffective|p1a: Toxapex\n|-damage|p1a: Toxapex|22\/100\n|move|p1a: Toxapex|Toxic|p2a: AlgodonDeAzucar\n|-status|p2a: AlgodonDeAzucar|tox\n|\n|-damage|p2a: AlgodonDeAzucar|94\/100 tox|[from] psn\n|upkeep\n|turn|8\n|\n|t:|1700074624\n|move|p2a: AlgodonDeAzucar|Return|p1a: Toxapex\n|-resisted|p1a: Toxapex\n|-damage|p1a: Toxapex|0 fnt\n|faint|p1a: Toxapex\n|\n|-damage|p2a: AlgodonDeAzucar|82\/100 tox|[from] psn\n|upkeep\n|\n|t:|1700074651\n|switch|p1a: Weavile|Weavile, F|100\/100\n|-ability|p1a: Weavile|Pressure\n|turn|9\n|\n|t:|1700074664\n|-terastallize|p1a: Weavile|Poison\n|move|p2a: AlgodonDeAzucar|Return|p1a: Weavile\n|-resisted|p1a: Weavile\n|-damage|p1a: Weavile|25\/100\n|move|p1a: Weavile|Poison Jab|p2a: AlgodonDeAzucar\n|-supereffective|p2a: AlgodonDeAzucar\n|-damage|p2a: AlgodonDeAzucar|0 fnt\n|faint|p2a: AlgodonDeAzucar\n|\n|upkeep\n|\n|t:|1700074670\n|switch|p2a: HuevoKinder|Azumarill, F|94\/100\n|-damage|p2a: HuevoKinder|81\/100|[from] Stealth Rock\n|turn|10\n|\n|t:|1700074677\n|move|p2a: HuevoKinder|Aqua Jet|p1a: Weavile\n|-damage|p1a: Weavile|0 fnt\n|faint|p1a: Weavile\n|\n|upkeep\n|\n|t:|1700074680\n|switch|p1a: Dragonite|Dragonite, M, shiny|100\/100\n|turn|11\n|\n|t:|1700074683\n|move|p1a: Dragonite|Dragon Dance|p1a: Dragonite\n|-boost|p1a: Dragonite|atk|1\n|-boost|p1a: Dragonite|spe|1\n|move|p2a: HuevoKinder|Play Rough|p1a: Dragonite\n|-supereffective|p1a: Dragonite\n|-damage|p1a: Dragonite|0 fnt\n|faint|p1a: Dragonite\n|\n|upkeep\n|\n|t:|1700074689\n|switch|p1a: Gallade|Gallade, M, shiny|100\/100\n|turn|12\n|\n|t:|1700074693\n|detailschange|p1a: Gallade|Gallade-Mega, M, shiny\n|-mega|p1a: Gallade|Gallade|Galladite\n|move|p1a: Gallade|Swords Dance|p1a: Gallade\n|-boost|p1a: Gallade|atk|2\n|move|p2a: HuevoKinder|Knock Off|p1a: Gallade\n|-damage|p1a: Gallade|67\/100\n|\n|upkeep\n|turn|13\n|\n|t:|1700074701\n|move|p1a: Gallade|Poison Jab|p2a: HuevoKinder\n|-supereffective|p2a: HuevoKinder\n|-damage|p2a: HuevoKinder|0 fnt\n|faint|p2a: HuevoKinder\n|\n|upkeep\n|\n|t:|1700074713\n|switch|p2a: ElRasho|Tapu Koko|100\/100\n|-damage|p2a: ElRasho|88\/100|[from] Stealth Rock\n|-fieldstart|move: Electric Terrain|[from] ability: Electric Surge|[of] p2a: ElRasho\n|turn|14\n|\n|t:|1700074721\n|move|p2a: ElRasho|Dazzling Gleam|p1a: Gallade\n|-supereffective|p1a: Gallade\n|-damage|p1a: Gallade|0 fnt\n|faint|p1a: Gallade\n|-damage|p2a: ElRasho|78\/100|[from] item: Life Orb\n|\n|upkeep\n|\n|t:|1700074724\n|switch|p1a: Volcarona|Volcarona, F, shiny|100\/100\n|turn|15\n|\n|t:|1700074731\n|-terastallize|p2a: ElRasho|Electric\n|move|p2a: ElRasho|Thunderbolt|p1a: Volcarona\n|-damage|p1a: Volcarona|15\/100\n|-damage|p2a: ElRasho|68\/100|[from] item: Life Orb\n|move|p1a: Volcarona|Quiver Dance|p1a: Volcarona\n|-boost|p1a: Volcarona|spa|1\n|-boost|p1a: Volcarona|spd|1\n|-boost|p1a: Volcarona|spe|1\n|\n|-heal|p1a: Volcarona|21\/100|[from] item: Leftovers\n|upkeep\n|turn|16\n|\n|t:|1700074742\n|move|p1a: Volcarona|Fiery Dance|p2a: ElRasho\n|-damage|p2a: ElRasho|0 fnt\n|-boost|p1a: Volcarona|spa|1\n|faint|p2a: ElRasho\n|\n|-heal|p1a: Volcarona|28\/100|[from] item: Leftovers\n|upkeep\n|\n|t:|1700074749\n|switch|p2a: SabiasQue...|Sylveon, F|100\/100\n|-damage|p2a: SabiasQue...|88\/100|[from] Stealth Rock\n|turn|17\n|\n|t:|1700074753\n|move|p1a: Volcarona|Hidden Power|p2a: SabiasQue...\n|-supereffective|p2a: SabiasQue...\n|-damage|p2a: SabiasQue...|40\/100\n|move|p2a: SabiasQue...|Psyshock|p1a: Volcarona\n|-damage|p1a: Volcarona|0 fnt\n|faint|p1a: Volcarona\n|\n|win|alcatel999\n|c|\u2606El Gogettos|nt\n|c|\u2606alcatel999|Gg\n","uploadtime":1700074764,"views":13,"p1id":"elgogettos","p2id":"alcatel999","formatid":"gen9nationaldexubers","rating":0,"private":0,"password":""}