{"id":"gen9nationaldexubers-1990683273","p1":"Amhim!","p2":"Lurfyywyd","format":"[Gen 9] National Dex Ubers","log":"|j|\u203dAmhim!\n|j|\u2606Lurfyywyd\n|t:|1699991470\n|gametype|singles\n|player|p1|Amhim!|elesa|1076\n|player|p2|Lurfyywyd|265|1152\n|teamsize|p1|6\n|teamsize|p2|6\n|gen|9\n|tier|[Gen 9] National Dex Ubers\n|rated|\n|rule|HP Percentage Mod: HP is shown in percentages\n|rule|Endless Battle Clause: Forcing endless battles is banned\n|rule|OHKO Clause: OHKO moves are banned\n|rule|Evasion Moves Clause: Evasion moves are banned\n|rule|Evasion Items Clause: Evasion items are banned\n|rule|Species Clause: Limit one of each Pok\u00e9mon\n|rule|Sleep Clause Mod: Limit one foe put to sleep\n|rule|Mega Rayquaza Clause: You cannot mega evolve Rayquaza\n|clearpoke\n|poke|p1|Zygarde|\n|poke|p1|Ceruledge, F|\n|poke|p1|Marshadow|\n|poke|p1|Ho-Oh|\n|poke|p1|Salamence, M|\n|poke|p1|Necrozma-Dusk-Mane|\n|poke|p2|Dragapult, F|\n|poke|p2|Chansey, F|\n|poke|p2|Toxapex, M|\n|poke|p2|Landorus-Therian, M|\n|poke|p2|Charizard, F|\n|poke|p2|Weavile, F|\n|teampreview\n|inactive|Battle timer is ON: inactive players will automatically lose when time's up. (requested by Amhim!)\n|\n|t:|1699991487\n|start\n|switch|p1a: Salamence|Salamence, M|100\/100\n|switch|p2a: Chansey|Chansey, F|100\/100\n|-ability|p1a: Salamence|Intimidate|boost\n|-unboost|p2a: Chansey|atk|1\n|turn|1\n|\n|t:|1699991495\n|detailschange|p1a: Salamence|Salamence-Mega, M\n|-mega|p1a: Salamence|Salamence|Salamencite\n|move|p1a: Salamence|Facade|p2a: Chansey\n|-damage|p2a: Chansey|23\/100\n|move|p2a: Chansey|Toxic|p1a: Salamence\n|-status|p1a: Salamence|tox\n|\n|-damage|p1a: Salamence|94\/100 tox|[from] psn\n|upkeep\n|turn|2\n|c|\u2606Lurfyywyd|Like no way u don\u2019t set up\n|\n|t:|1699991511\n|switch|p2a: Landorus|Landorus-Therian, M|100\/100\n|-ability|p2a: Landorus|Intimidate|boost\n|-unboost|p1a: Salamence|atk|1\n|move|p1a: Salamence|Facade|p2a: Landorus\n|-damage|p2a: Landorus|59\/100\n|\n|-heal|p2a: Landorus|65\/100|[from] item: Leftovers\n|-damage|p1a: Salamence|82\/100 tox|[from] psn\n|upkeep\n|turn|3\n|\n|t:|1699991521\n|move|p1a: Salamence|Double-Edge|p2a: Landorus\n|-damage|p2a: Landorus|27\/100\n|-damage|p1a: Salamence|68\/100 tox|[from] Recoil\n|move|p2a: Landorus|Stealth Rock|p1a: Salamence\n|-sidestart|p1: Amhim!|move: Stealth Rock\n|\n|-heal|p2a: Landorus|33\/100|[from] item: Leftovers\n|-damage|p1a: Salamence|49\/100 tox|[from] psn\n|upkeep\n|turn|4\n|\n|t:|1699991536\n|switch|p2a: Chansey|Chansey, F|23\/100\n|move|p1a: Salamence|Double-Edge|p2a: Chansey\n|-damage|p2a: Chansey|0 fnt\n|faint|p2a: Chansey\n|-damage|p1a: Salamence|34\/100 tox|[from] Recoil\n|\n|-damage|p1a: Salamence|9\/100 tox|[from] psn\n|upkeep\n|\n|t:|1699991538\n|switch|p2a: Toxapex|Toxapex, M|100\/100\n|turn|5\n|\n|t:|1699991553\n|move|p2a: Toxapex|Baneful Bunker|p2a: Toxapex\n|-singleturn|p2a: Toxapex|move: Protect\n|move|p1a: Salamence|Double-Edge|p2a: Toxapex\n|-activate|p2a: Toxapex|move: Protect\n|\n|-damage|p1a: Salamence|0 fnt|[from] psn\n|faint|p1a: Salamence\n|upkeep\n|\n|t:|1699991571\n|switch|p1a: Necrozma|Necrozma-Dusk-Mane|100\/100\n|-damage|p1a: Necrozma|94\/100|[from] Stealth Rock\n|turn|6\n|\n|t:|1699991579\n|switch|p2a: Landorus|Landorus-Therian, M|33\/100\n|-ability|p2a: Landorus|Intimidate|boost\n|-unboost|p1a: Necrozma|atk|1\n|move|p1a: Necrozma|Sunsteel Strike|p2a: Landorus\n|-damage|p2a: Landorus|5\/100\n|\n|-heal|p2a: Landorus|11\/100|[from] item: Leftovers\n|upkeep\n|turn|7\n|\n|t:|1699991588\n|move|p2a: Landorus|Knock Off|p1a: Necrozma\n|-supereffective|p1a: Necrozma\n|-damage|p1a: Necrozma|74\/100\n|move|p1a: Necrozma|Sunsteel Strike|p2a: Landorus\n|-damage|p2a: Landorus|0 fnt\n|faint|p2a: Landorus\n|\n|upkeep\n|\n|t:|1699991595\n|switch|p2a: Charizard|Charizard, F|100\/100\n|turn|8\n|\n|t:|1699991609\n|switch|p1a: Ceruledge|Ceruledge, F|100\/100\n|-damage|p1a: Ceruledge|76\/100|[from] Stealth Rock\n|move|p2a: Charizard|Dragon Dance|p2a: Charizard\n|-boost|p2a: Charizard|atk|1\n|-boost|p2a: Charizard|spe|1\n|\n|-heal|p1a: Ceruledge|82\/100|[from] item: Leftovers\n|upkeep\n|turn|9\n|\n|t:|1699991620\n|move|p2a: Charizard|Earthquake|p1a: Ceruledge\n|-supereffective|p1a: Ceruledge\n|-damage|p1a: Ceruledge|0 fnt\n|faint|p1a: Ceruledge\n|\n|upkeep\n|\n|t:|1699991624\n|switch|p1a: Marshadow|Marshadow|100\/100\n|-damage|p1a: Marshadow|94\/100|[from] Stealth Rock\n|turn|10\n|\n|t:|1699991634\n|move|p2a: Charizard|Dragon Claw|p1a: Marshadow\n|-damage|p1a: Marshadow|51\/100\n|move|p1a: Marshadow|Spectral Thief||[still]\n|-clearpositiveboost|p2a: Charizard|p1a: Marshadow|move: Spectral Thief\n|-boost|p1a: Marshadow|atk|1\n|-boost|p1a: Marshadow|spe|1\n|-anim|p1a: Marshadow|Spectral Thief|p2a: Charizard\n|-damage|p2a: Charizard|24\/100\n|\n|upkeep\n|turn|11\n|\n|t:|1699991656\n|switch|p2a: Toxapex|Toxapex, M|100\/100\n|move|p1a: Marshadow|Spectral Thief|p2a: Toxapex\n|-damage|p2a: Toxapex|57\/100\n|\n|-heal|p2a: Toxapex|63\/100|[from] item: Black Sludge\n|upkeep\n|turn|12\n|\n|t:|1699991668\n|move|p1a: Marshadow|Rock Tomb|p2a: Toxapex\n|-damage|p2a: Toxapex|35\/100\n|-unboost|p2a: Toxapex|spe|1\n|move|p2a: Toxapex|Haze|p2a: Toxapex\n|-clearallboost\n|\n|-heal|p2a: Toxapex|41\/100|[from] item: Black Sludge\n|upkeep\n|turn|13\n|\n|t:|1699991677\n|move|p1a: Marshadow|Spectral Thief|p2a: Toxapex\n|-damage|p2a: Toxapex|12\/100\n|move|p2a: Toxapex|Recover|p2a: Toxapex\n|-heal|p2a: Toxapex|62\/100\n|\n|-heal|p2a: Toxapex|68\/100|[from] item: Black Sludge\n|upkeep\n|turn|14\n|\n|t:|1699991687\n|-zpower|p1a: Marshadow\n|move|p1a: Marshadow|Soul-Stealing 7-Star Strike|p2a: Toxapex|[zeffect]\n|-damage|p2a: Toxapex|9\/100\n|move|p2a: Toxapex|Recover|p2a: Toxapex\n|-heal|p2a: Toxapex|59\/100\n|\n|-heal|p2a: Toxapex|65\/100|[from] item: Black Sludge\n|upkeep\n|turn|15\n|\n|t:|1699991699\n|move|p2a: Toxapex|Baneful Bunker|p2a: Toxapex\n|-singleturn|p2a: Toxapex|move: Protect\n|move|p1a: Marshadow|Spectral Thief|p2a: Toxapex\n|-activate|p2a: Toxapex|move: Protect\n|-status|p1a: Marshadow|psn\n|\n|-heal|p2a: Toxapex|72\/100|[from] item: Black Sludge\n|-damage|p1a: Marshadow|39\/100 psn|[from] psn\n|upkeep\n|turn|16\n|l|\u203dAmhim!\n|inactive|Amhim! disconnected and has a minute to reconnect!\n|player|p1|\n|inactive|Amhim! has 30 seconds to reconnect!\n|inactive|Amhim! has 20 seconds to reconnect!\n|inactive|Amhim! has 15 seconds to reconnect!\n|inactive|Amhim! has 10 seconds to reconnect!\n|inactive|Amhim! has 5 seconds to reconnect!\n|-message|Amhim! lost due to inactivity.\n|\n|win|Lurfyywyd\n|raw|Amhim!'s rating: 1076 &rarr; <strong>1059<\/strong><br \/>(-17 for losing)\n|raw|Lurfyywyd's rating: 1152 &rarr; <strong>1172<\/strong><br \/>(+20 for winning)\n","uploadtime":1699991782,"views":8,"p1id":"amhim","p2id":"lurfyywyd","formatid":"gen9nationaldexubers","rating":1059,"private":0,"password":""}