{"id":"gen9nationaldexubers-1988052059","p1":"AshenAraquanid","p2":"AbstractVoid","format":"[Gen 9] National Dex Ubers","log":"|j|\u2606AshenAraquanid\n|j|\u2606AbstractVoid\n|t:|1699663665\n|gametype|singles\n|player|p1|AshenAraquanid|bugmaniac-gen3|\n|player|p2|AbstractVoid|roxie|\n|teamsize|p1|6\n|teamsize|p2|6\n|gen|9\n|tier|[Gen 9] National Dex Ubers\n|rule|HP Percentage Mod: HP is shown in percentages\n|rule|Endless Battle Clause: Forcing endless battles is banned\n|rule|OHKO Clause: OHKO moves are banned\n|rule|Evasion Moves Clause: Evasion moves are banned\n|rule|Evasion Items Clause: Evasion items are banned\n|rule|Species Clause: Limit one of each Pok\u00e9mon\n|rule|Sleep Clause Mod: Limit one foe put to sleep\n|rule|Mega Rayquaza Clause: You cannot mega evolve Rayquaza\n|clearpoke\n|poke|p1|Iron Valiant|\n|poke|p1|Deoxys-Speed|\n|poke|p1|Aegislash, F|\n|poke|p1|Ditto|\n|poke|p1|Tornadus-Therian, M|\n|poke|p1|Ogerpon-Hearthflame, F|\n|poke|p2|Eternatus|\n|poke|p2|Gliscor, F|\n|poke|p2|Arceus-Ghost|\n|poke|p2|Toxapex, M|\n|poke|p2|Lucario, F|\n|poke|p2|Chien-Pao|\n|teampreview\n|j| ah3nny\n|j| lonly wolf\n|j| Berryandon\n|j| Tazz21\n|j| HopeAddict\n|\n|t:|1699663790\n|start\n|switch|p1a: Oovoo Javer|Deoxys-Speed|100\/100\n|switch|p2a: estrogen|Gliscor, F|100\/100\n|-ability|p1a: Oovoo Javer|Pressure\n|turn|1\n|j| PaperDrMario\n|\n|t:|1699663806\n|move|p1a: Oovoo Javer|Stealth Rock|p2a: estrogen\n|-sidestart|p2: AbstractVoid|move: Stealth Rock\n|move|p2a: estrogen|Toxic|p1a: Oovoo Javer\n|-status|p1a: Oovoo Javer|tox\n|\n|-damage|p1a: Oovoo Javer|94\/100 tox|[from] psn\n|-status|p2a: estrogen|tox|[from] item: Toxic Orb\n|upkeep\n|turn|2\n|c| HopeAddict|on today's episode of \"what unhinged set did logan make\"\n|\n|t:|1699663858\n|switch|p1a: misuse|Ditto, shiny|100\/100\n|-transform|p1a: misuse|p2a: estrogen|[from] ability: Imposter\n|move|p2a: estrogen|Stealth Rock|p1a: misuse\n|-sidestart|p1: AshenAraquanid|move: Stealth Rock\n|\n|upkeep\n|turn|3\n|c| lonly wolf|nah dude im more concerned about fawn not bring 5 hyper offense mons + arceus\n|l| Berryandon\n|j| Berryandon\n|\n|t:|1699663939\n|switch|p2a: Egg Noodle|Chien-Pao|100\/100\n|-damage|p2a: Egg Noodle|76\/100|[from] Stealth Rock\n|-ability|p2a: Egg Noodle|Sword of Ruin\n|move|p1a: misuse|Earthquake|p2a: Egg Noodle\n|-damage|p2a: Egg Noodle|27\/100\n|\n|upkeep\n|turn|4\n|\n|t:|1699664097\n|switch|p1a: Little Caesars|Aegislash, F, shiny|100\/100\n|-damage|p1a: Little Caesars|94\/100|[from] Stealth Rock\n|move|p2a: Egg Noodle|Icicle Crash|p1a: Little Caesars|[miss]\n|-miss|p2a: Egg Noodle|p1a: Little Caesars\n|\n|upkeep\n|turn|5\n|\n|t:|1699664170\n|switch|p2a: <^0_0^>|Toxapex, M|100\/100\n|-damage|p2a: <^0_0^>|88\/100|[from] Stealth Rock\n|move|p1a: Little Caesars|Swords Dance|p1a: Little Caesars\n|-boost|p1a: Little Caesars|atk|2\n|\n|-heal|p2a: <^0_0^>|94\/100|[from] item: Black Sludge\n|upkeep\n|turn|6\n|\n|t:|1699664215\n|switch|p1a: Moose Tash|Tornadus-Therian, M, shiny|100\/100\n|move|p2a: <^0_0^>|Knock Off|p1a: Moose Tash\n|-damage|p1a: Moose Tash|80\/100\n|-enditem|p1a: Moose Tash|Heavy-Duty Boots|[from] move: Knock Off|[of] p2a: <^0_0^>\n|\n|-heal|p2a: <^0_0^>|100\/100|[from] item: Black Sludge\n|upkeep\n|turn|7\n|\n|t:|1699664259\n|switch|p2a: Arc OfThe Covenant|Arceus-Ghost|100\/100\n|-damage|p2a: Arc OfThe Covenant|88\/100|[from] Stealth Rock\n|move|p1a: Moose Tash|Defog|p2a: Arc OfThe Covenant\n|-unboost|p2a: Arc OfThe Covenant|evasion|1\n|-sideend|p2: AbstractVoid|Stealth Rock|[from] move: Defog|[of] p1a: Moose Tash\n|-sideend|p1: AshenAraquanid|Stealth Rock|[from] move: Defog|[of] p1a: Moose Tash\n|\n|upkeep\n|turn|8\n|\n|t:|1699664306\n|move|p1a: Moose Tash|Nasty Plot|p1a: Moose Tash\n|-boost|p1a: Moose Tash|spa|2\n|move|p2a: Arc OfThe Covenant|Judgment|p1a: Moose Tash\n|-damage|p1a: Moose Tash|18\/100\n|\n|upkeep\n|turn|9\n|\n|t:|1699664323\n|move|p1a: Moose Tash|Bleakwind Storm|p2a: Arc OfThe Covenant\n|-damage|p2a: Arc OfThe Covenant|25\/100\n|-unboost|p2a: Arc OfThe Covenant|spe|1\n|move|p2a: Arc OfThe Covenant|Judgment|p1a: Moose Tash\n|-damage|p1a: Moose Tash|0 fnt\n|faint|p1a: Moose Tash\n|\n|upkeep\n|\n|t:|1699664355\n|switch|p1a: misuse|Ditto, shiny|100\/100\n|-transform|p1a: misuse|p2a: Arc OfThe Covenant|[from] ability: Imposter\n|turn|10\n|\n|t:|1699664400\n|switch|p2a: <^0_0^>|Toxapex, M|100\/100\n|move|p1a: misuse|Judgment|p2a: <^0_0^>\n|-damage|p2a: <^0_0^>|82\/100\n|\n|-heal|p2a: <^0_0^>|89\/100|[from] item: Black Sludge\n|upkeep\n|turn|11\n|c| lonly wolf|would ditto copy zoroark? like as zoroark\n|c|\u2606AshenAraquanid|uhh good question\n|\n|t:|1699664443\n|switch|p1a: Oovoo Javer|Deoxys-Speed|94\/100 tox\n|-ability|p1a: Oovoo Javer|Pressure\n|move|p2a: <^0_0^>|Knock Off|p1a: Oovoo Javer\n|-supereffective|p1a: Oovoo Javer\n|-damage|p1a: Oovoo Javer|43\/100 tox\n|-enditem|p1a: Oovoo Javer|Focus Sash|[from] move: Knock Off|[of] p2a: <^0_0^>\n|\n|-heal|p2a: <^0_0^>|95\/100|[from] item: Black Sludge\n|-damage|p1a: Oovoo Javer|37\/100 tox|[from] psn\n|upkeep\n|turn|12\n|c|\u2606AshenAraquanid|apparently imposter just fails\n|\n|t:|1699664478\n|move|p1a: Oovoo Javer|Stealth Rock|p2a: <^0_0^>\n|-sidestart|p2: AbstractVoid|move: Stealth Rock\n|move|p2a: <^0_0^>|Toxic Spikes|p1a: Oovoo Javer\n|-sidestart|p1: AshenAraquanid|move: Toxic Spikes\n|\n|-heal|p2a: <^0_0^>|100\/100|[from] item: Black Sludge\n|-damage|p1a: Oovoo Javer|24\/100 tox|[from] psn\n|upkeep\n|turn|13\n|c| lonly wolf|why are you looking that up mid battle\n|c| lonly wolf|focus you clown\n|\n|t:|1699664570\n|switch|p1a: Little Caesars|Aegislash, F, shiny|94\/100\n|move|p2a: <^0_0^>|Knock Off|p1a: Little Caesars\n|-supereffective|p1a: Little Caesars\n|-damage|p1a: Little Caesars|68\/100\n|-enditem|p1a: Little Caesars|Life Orb|[from] move: Knock Off|[of] p2a: <^0_0^>\n|\n|upkeep\n|turn|14\n|\n|t:|1699664601\n|switch|p2a: 1st pick 0 usage|Eternatus|100\/100\n|-damage|p2a: 1st pick 0 usage|88\/100|[from] Stealth Rock\n|-ability|p2a: 1st pick 0 usage|Pressure\n|move|p1a: Little Caesars|Swords Dance|p1a: Little Caesars\n|-boost|p1a: Little Caesars|atk|2\n|\n|-heal|p2a: 1st pick 0 usage|94\/100|[from] item: Leftovers\n|upkeep\n|turn|15\n|\n|t:|1699664635\n|move|p2a: 1st pick 0 usage|Substitute|p2a: 1st pick 0 usage\n|-start|p2a: 1st pick 0 usage|Substitute\n|-damage|p2a: 1st pick 0 usage|69\/100\n|-formechange|p1a: Little Caesars|Aegislash-Blade||[from] ability: Stance Change\n|move|p1a: Little Caesars|Gyro Ball|p2a: 1st pick 0 usage\n|-end|p2a: 1st pick 0 usage|Substitute\n|\n|-heal|p2a: 1st pick 0 usage|76\/100|[from] item: Leftovers\n|upkeep\n|turn|16\n|\n|t:|1699664655\n|-formechange|p1a: Little Caesars|Aegislash||[from] ability: Stance Change\n|move|p1a: Little Caesars|King's Shield|p1a: Little Caesars\n|-singleturn|p1a: Little Caesars|Protect\n|move|p2a: 1st pick 0 usage|Flamethrower|p1a: Little Caesars\n|-activate|p1a: Little Caesars|move: Protect\n|\n|-heal|p2a: 1st pick 0 usage|82\/100|[from] item: Leftovers\n|upkeep\n|turn|17\n|\n|t:|1699664676\n|move|p2a: 1st pick 0 usage|Flamethrower|p1a: Little Caesars\n|-supereffective|p1a: Little Caesars\n|-damage|p1a: Little Caesars|19\/100\n|-formechange|p1a: Little Caesars|Aegislash-Blade||[from] ability: Stance Change\n|move|p1a: Little Caesars|Gyro Ball|p2a: 1st pick 0 usage\n|-damage|p2a: 1st pick 0 usage|0 fnt\n|faint|p2a: 1st pick 0 usage\n|\n|upkeep\n|\n|t:|1699664709\n|switch|p2a: Egg Noodle|Chien-Pao|27\/100\n|-damage|p2a: Egg Noodle|2\/100|[from] Stealth Rock\n|-ability|p2a: Egg Noodle|Sword of Ruin\n|turn|18\n|\n|t:|1699664756\n|-formechange|p1a: Little Caesars|Aegislash||[from] ability: Stance Change\n|move|p1a: Little Caesars|King's Shield|p1a: Little Caesars\n|-singleturn|p1a: Little Caesars|Protect\n|move|p2a: Egg Noodle|Crunch|p1a: Little Caesars\n|-activate|p1a: Little Caesars|move: Protect\n|-unboost|p2a: Egg Noodle|atk|1\n|\n|upkeep\n|turn|19\n|\n|t:|1699664764\n|-formechange|p1a: Little Caesars|Aegislash-Blade||[from] ability: Stance Change\n|move|p1a: Little Caesars|Shadow Sneak|p2a: Egg Noodle\n|-resisted|p2a: Egg Noodle\n|-damage|p2a: Egg Noodle|0 fnt\n|faint|p2a: Egg Noodle\n|\n|upkeep\n|\n|t:|1699664788\n|switch|p2a: Weakest DBZ Fan|Lucario, F|100\/100\n|-damage|p2a: Weakest DBZ Fan|98\/100|[from] Stealth Rock\n|turn|20\n|c| lonly wolf|nah dude lucario would be a one piece fan\n|c| lonly wolf|there are no furries in dbz\n|c| lonly wolf|there is an entire arcc of furries in one piece\n|\n|t:|1699664866\n|detailschange|p2a: Weakest DBZ Fan|Lucario-Mega, F\n|-mega|p2a: Weakest DBZ Fan|Lucario|Lucarionite\n|move|p1a: Little Caesars|Shadow Sneak|p2a: Weakest DBZ Fan\n|-damage|p2a: Weakest DBZ Fan|32\/100\n|move|p2a: Weakest DBZ Fan|Swords Dance|p2a: Weakest DBZ Fan\n|-boost|p2a: Weakest DBZ Fan|atk|2\n|\n|upkeep\n|turn|21\n|\n|t:|1699664876\n|move|p2a: Weakest DBZ Fan|Bullet Punch|p1a: Little Caesars\n|-resisted|p1a: Little Caesars\n|-damage|p1a: Little Caesars|0 fnt\n|faint|p1a: Little Caesars\n|\n|upkeep\n|\n|t:|1699664915\n|switch|p1a: Tiki Tiki|Ogerpon-Hearthflame, F|100\/100\n|-status|p1a: Tiki Tiki|psn\n|-ability|p1a: Tiki Tiki|Mold Breaker\n|turn|22\n|\n|t:|1699664924\n|move|p2a: Weakest DBZ Fan|Close Combat|p1a: Tiki Tiki\n|-damage|p1a: Tiki Tiki|0 fnt\n|-unboost|p2a: Weakest DBZ Fan|def|1\n|-unboost|p2a: Weakest DBZ Fan|spd|1\n|faint|p1a: Tiki Tiki\n|\n|upkeep\n|\n|t:|1699664929\n|switch|p1a: misuse|Ditto, shiny|100\/100\n|-status|p1a: misuse|psn\n|-transform|p1a: misuse|p2a: Weakest DBZ Fan|[from] ability: Imposter\n|turn|23\n|\n|t:|1699664989\n|move|p2a: Weakest DBZ Fan|Bullet Punch|p1a: misuse\n|-resisted|p1a: misuse\n|-damage|p1a: misuse|39\/100 psn\n|move|p1a: misuse|Close Combat|p2a: Weakest DBZ Fan\n|-supereffective|p2a: Weakest DBZ Fan\n|-damage|p2a: Weakest DBZ Fan|0 fnt\n|-unboost|p1a: misuse|def|1\n|-unboost|p1a: misuse|spd|1\n|faint|p2a: Weakest DBZ Fan\n|\n|-damage|p1a: misuse|27\/100 psn|[from] psn\n|upkeep\n|\n|t:|1699665027\n|switch|p2a: <^0_0^>|Toxapex, M|100\/100\n|-damage|p2a: <^0_0^>|88\/100|[from] Stealth Rock\n|turn|24\n|\n|t:|1699665065\n|move|p1a: misuse|Close Combat|p2a: <^0_0^>\n|-resisted|p2a: <^0_0^>\n|-damage|p2a: <^0_0^>|13\/100\n|-unboost|p1a: misuse|def|1\n|-unboost|p1a: misuse|spd|1\n|move|p2a: <^0_0^>|Recover|p2a: <^0_0^>\n|-heal|p2a: <^0_0^>|63\/100\n|\n|-heal|p2a: <^0_0^>|69\/100|[from] item: Black Sludge\n|-damage|p1a: misuse|15\/100 psn|[from] psn\n|upkeep\n|turn|25\n|\n|t:|1699665143\n|switch|p1a: Oovoo Javer|Deoxys-Speed|24\/100 tox\n|-ability|p1a: Oovoo Javer|Pressure\n|switch|p2a: Arc OfThe Covenant|Arceus-Ghost|25\/100\n|-damage|p2a: Arc OfThe Covenant|12\/100|[from] Stealth Rock\n|\n|-damage|p1a: Oovoo Javer|18\/100 tox|[from] psn\n|upkeep\n|turn|26\n|\n|t:|1699665175\n|move|p1a: Oovoo Javer|Toxic|p2a: Arc OfThe Covenant|[miss]\n|-miss|p1a: Oovoo Javer|p2a: Arc OfThe Covenant\n|move|p2a: Arc OfThe Covenant|Recover|p2a: Arc OfThe Covenant\n|-heal|p2a: Arc OfThe Covenant|62\/100\n|\n|-damage|p1a: Oovoo Javer|6\/100 tox|[from] psn\n|upkeep\n|turn|27\n|c|\u2606AshenAraquanid|aaaaaaaaa\n|c| lonly wolf|ooof\n|c|\u2606AbstractVoid|oh god\n|c| Berryandon|Wow\n|c| lonly wolf|that hurt\n|\n|t:|1699665217\n|switch|p2a: <^0_0^>|Toxapex, M|100\/100\n|-damage|p2a: <^0_0^>|88\/100|[from] Stealth Rock\n|move|p1a: Oovoo Javer|Extreme Speed|p2a: <^0_0^>\n|-damage|p2a: <^0_0^>|68\/100\n|\n|-heal|p2a: <^0_0^>|74\/100|[from] item: Black Sludge\n|-damage|p1a: Oovoo Javer|0 fnt|[from] psn\n|faint|p1a: Oovoo Javer\n|upkeep\n|c| lonly wolf|that was like the only rng besides like an icicle crash miss\n|\n|t:|1699665297\n|switch|p1a: Au Revoir|Iron Valiant|100\/100\n|-status|p1a: Au Revoir|psn\n|-enditem|p1a: Au Revoir|Booster Energy\n|-activate|p1a: Au Revoir|ability: Quark Drive|[fromitem]\n|-start|p1a: Au Revoir|quarkdrivespe\n|turn|28\n|\n|t:|1699665322\n|move|p1a: Au Revoir|Swords Dance|p1a: Au Revoir\n|-boost|p1a: Au Revoir|atk|2\n|move|p2a: <^0_0^>|Recover|p2a: <^0_0^>\n|-heal|p2a: <^0_0^>|100\/100\n|\n|-damage|p1a: Au Revoir|88\/100 psn|[from] psn\n|upkeep\n|turn|29\n|\n|t:|1699665330\n|move|p1a: Au Revoir|Swords Dance|p1a: Au Revoir\n|-boost|p1a: Au Revoir|atk|2\n|move|p2a: <^0_0^>|Haze|p2a: <^0_0^>\n|-clearallboost\n|\n|-damage|p1a: Au Revoir|76\/100 psn|[from] psn\n|upkeep\n|turn|30\n|\n|t:|1699665353\n|move|p1a: Au Revoir|Spirit Break|p2a: <^0_0^>\n|-resisted|p2a: <^0_0^>\n|-damage|p2a: <^0_0^>|86\/100\n|-unboost|p2a: <^0_0^>|spa|1\n|move|p2a: <^0_0^>|Haze|p2a: <^0_0^>\n|-clearallboost\n|\n|-heal|p2a: <^0_0^>|92\/100|[from] item: Black Sludge\n|-damage|p1a: Au Revoir|63\/100 psn|[from] psn\n|upkeep\n|turn|31\n|c| Berryandon|And there it is\n|c| Berryandon|Toxapex moment\n|c| lonly wolf|yeah thats brutal\n|\n|t:|1699665393\n|-end|p1a: Au Revoir|Quark Drive|[silent]\n|switch|p1a: misuse|Ditto, shiny|15\/100 psn\n|-transform|p1a: misuse|p2a: <^0_0^>|[from] ability: Imposter\n|move|p2a: <^0_0^>|Haze|p2a: <^0_0^>\n|-clearallboost\n|\n|-heal|p2a: <^0_0^>|99\/100|[from] item: Black Sludge\n|-damage|p1a: misuse|2\/100 psn|[from] psn\n|upkeep\n|turn|32\n|\n|t:|1699665409\n|switch|p2a: estrogen|Gliscor, F|100\/100 tox\n|-damage|p2a: estrogen|88\/100 tox|[from] Stealth Rock\n|move|p1a: misuse|Knock Off|p2a: estrogen\n|-damage|p2a: estrogen|77\/100 tox\n|-enditem|p2a: estrogen|Toxic Orb|[from] move: Knock Off|[of] p1a: misuse\n|\n|-heal|p2a: estrogen|90\/100 tox|[from] ability: Poison Heal\n|-damage|p1a: misuse|0 fnt|[from] psn\n|faint|p1a: misuse\n|upkeep\n|\n|t:|1699665419\n|switch|p1a: Au Revoir|Iron Valiant|63\/100 psn\n|turn|33\n|\n|t:|1699665437\n|move|p1a: Au Revoir|Swords Dance|p1a: Au Revoir\n|-boost|p1a: Au Revoir|atk|2\n|move|p2a: estrogen|Earthquake|p1a: Au Revoir\n|-damage|p1a: Au Revoir|23\/100 psn\n|\n|-damage|p1a: Au Revoir|10\/100 psn|[from] psn\n|-heal|p2a: estrogen|100\/100 tox|[from] ability: Poison Heal\n|upkeep\n|turn|34\n|\n|t:|1699665446\n|move|p1a: Au Revoir|Liquidation|p2a: estrogen\n|-supereffective|p2a: estrogen\n|-damage|p2a: estrogen|33\/100 tox\n|-unboost|p2a: estrogen|def|1\n|move|p2a: estrogen|Earthquake|p1a: Au Revoir\n|-damage|p1a: Au Revoir|0 fnt\n|faint|p1a: Au Revoir\n|-end|p1a: Au Revoir|Quark Drive|[silent]\n|\n|win|AbstractVoid\n|c|\u2606AbstractVoid|gg! Wow\n|c|\u2606AshenAraquanid|gg! that was reeally well played\n|c| Berryandon|The good times keep rollin for Fawn\n|c|\u2606AbstractVoid|i was not prepared for Aegislash\n|c|\u2606AshenAraquanid|same with tox\n|l| lonly wolf\n|c|\u2606AshenAraquanid|I was prepared for hyper offense the whole way\n|c|\u2606AbstractVoid|i was debating for a while on taking Haze or not\n|c|\u2606AbstractVoid|guess it paid off\n","uploadtime":1699665520,"views":17,"p1id":"ashenaraquanid","p2id":"abstractvoid","formatid":"gen9nationaldexubers","rating":0,"private":0,"password":""}