{"id":"gen9nationaldexubers-1995987238","p1":"dustbops supreme \u269d","p2":"YashirouZ","format":"[Gen 9] National Dex Ubers","log":"|j|\u2606dustbops supreme \u269d\n|j|\u2606YashirouZ\n|t:|1700625718\n|gametype|singles\n|player|p1|dustbops supreme \u269d|psychic-gen2|1088\n|player|p2|YashirouZ|2|1108\n|teamsize|p1|6\n|teamsize|p2|6\n|gen|9\n|tier|[Gen 9] National Dex Ubers\n|rated|\n|rule|HP Percentage Mod: HP is shown in percentages\n|rule|Endless Battle Clause: Forcing endless battles is banned\n|rule|OHKO Clause: OHKO moves are banned\n|rule|Evasion Moves Clause: Evasion moves are banned\n|rule|Evasion Items Clause: Evasion items are banned\n|rule|Species Clause: Limit one of each Pok\u00e9mon\n|rule|Sleep Clause Mod: Limit one foe put to sleep\n|rule|Mega Rayquaza Clause: You cannot mega evolve Rayquaza\n|clearpoke\n|poke|p1|Chansey, F|\n|poke|p1|Dondozo, F|\n|poke|p1|Ho-Oh|\n|poke|p1|Cresselia, F|\n|poke|p1|Dusclops, M|\n|poke|p1|Bisharp, F|\n|poke|p2|Kangaskhan, F|\n|poke|p2|Barraskewda, M|\n|poke|p2|Kyogre|\n|poke|p2|Ho-Oh|\n|poke|p2|Kingambit, M|\n|poke|p2|Ferrothorn, M|\n|teampreview\n|inactive|Battle timer is ON: inactive players will automatically lose when time's up. (requested by YashirouZ)\n|inactive|dustbops supreme \u269d also wants the timer to be on.\n|\n|t:|1700625724\n|start\n|switch|p1a: that aint falco|Dusclops, M|100\/100\n|switch|p2a: Ferrothorn|Ferrothorn, M|100\/100\n|-ability|p1a: that aint falco|Pressure\n|turn|1\n|\n|t:|1700625733\n|move|p1a: that aint falco|Mean Look|p2a: Ferrothorn\n|-activate|p2a: Ferrothorn|trapped\n|move|p2a: Ferrothorn|Spikes|p1a: that aint falco\n|-sidestart|p1: dustbops supreme \u269d|Spikes\n|\n|upkeep\n|turn|2\n|\n|t:|1700625738\n|move|p1a: that aint falco|Spite|p2a: Ferrothorn\n|-activate|p2a: Ferrothorn|move: Spite|Spikes|4\n|move|p2a: Ferrothorn|Iron Defense|p2a: Ferrothorn\n|-boost|p2a: Ferrothorn|def|2\n|\n|upkeep\n|turn|3\n|\n|t:|1700625744\n|move|p1a: that aint falco|Spite|p2a: Ferrothorn\n|-activate|p2a: Ferrothorn|move: Spite|Iron Defense|4\n|move|p2a: Ferrothorn|Iron Defense|p2a: Ferrothorn\n|-boost|p2a: Ferrothorn|def|2\n|\n|upkeep\n|turn|4\n|\n|t:|1700625749\n|move|p1a: that aint falco|Spite|p2a: Ferrothorn\n|-activate|p2a: Ferrothorn|move: Spite|Iron Defense|4\n|move|p2a: Ferrothorn|Iron Defense|p2a: Ferrothorn\n|-boost|p2a: Ferrothorn|def|2\n|\n|upkeep\n|turn|5\n|\n|t:|1700625754\n|move|p1a: that aint falco|Spite|p2a: Ferrothorn\n|-activate|p2a: Ferrothorn|move: Spite|Iron Defense|4\n|move|p2a: Ferrothorn|Leech Seed|p1a: that aint falco\n|-start|p1a: that aint falco|move: Leech Seed\n|\n|-damage|p1a: that aint falco|88\/100|[from] Leech Seed|[of] p2a: Ferrothorn\n|upkeep\n|turn|6\n|\n|t:|1700625760\n|move|p1a: that aint falco|Spite|p2a: Ferrothorn\n|-activate|p2a: Ferrothorn|move: Spite|Leech Seed|4\n|move|p2a: Ferrothorn|Spikes|p1a: that aint falco\n|-sidestart|p1: dustbops supreme \u269d|Spikes\n|\n|-damage|p1a: that aint falco|76\/100|[from] Leech Seed|[of] p2a: Ferrothorn\n|upkeep\n|turn|7\n|\n|t:|1700625766\n|move|p1a: that aint falco|Spite|p2a: Ferrothorn\n|-activate|p2a: Ferrothorn|move: Spite|Spikes|4\n|move|p2a: Ferrothorn|Spikes|p1a: that aint falco\n|-sidestart|p1: dustbops supreme \u269d|Spikes\n|\n|-damage|p1a: that aint falco|64\/100|[from] Leech Seed|[of] p2a: Ferrothorn\n|upkeep\n|turn|8\n|\n|t:|1700625776\n|move|p1a: that aint falco|Spite|p2a: Ferrothorn\n|-activate|p2a: Ferrothorn|move: Spite|Spikes|4\n|move|p2a: Ferrothorn|Iron Defense|p2a: Ferrothorn\n|-boost|p2a: Ferrothorn|def|0\n|\n|-damage|p1a: that aint falco|51\/100|[from] Leech Seed|[of] p2a: Ferrothorn\n|upkeep\n|turn|9\n|\n|t:|1700625782\n|move|p1a: that aint falco|Spite|p2a: Ferrothorn\n|-activate|p2a: Ferrothorn|move: Spite|Iron Defense|4\n|move|p2a: Ferrothorn|Iron Defense|p2a: Ferrothorn\n|-boost|p2a: Ferrothorn|def|0\n|\n|-damage|p1a: that aint falco|39\/100|[from] Leech Seed|[of] p2a: Ferrothorn\n|upkeep\n|turn|10\n|\n|t:|1700625787\n|move|p1a: that aint falco|Haze|p1a: that aint falco\n|-clearallboost\n|move|p2a: Ferrothorn|Iron Defense|p2a: Ferrothorn\n|-boost|p2a: Ferrothorn|def|2\n|\n|-damage|p1a: that aint falco|27\/100|[from] Leech Seed|[of] p2a: Ferrothorn\n|upkeep\n|turn|11\n|\n|t:|1700625794\n|move|p1a: that aint falco|Rest|p1a: that aint falco\n|-status|p1a: that aint falco|slp|[from] move: Rest\n|-heal|p1a: that aint falco|100\/100 slp|[silent]\n|move|p2a: Ferrothorn|Iron Defense|p2a: Ferrothorn\n|-boost|p2a: Ferrothorn|def|2\n|\n|-damage|p1a: that aint falco|88\/100 slp|[from] Leech Seed|[of] p2a: Ferrothorn\n|upkeep\n|turn|12\n|\n|t:|1700625804\n|cant|p1a: that aint falco|slp\n|move|p2a: Ferrothorn|Iron Defense|p2a: Ferrothorn\n|-boost|p2a: Ferrothorn|def|2\n|\n|-damage|p1a: that aint falco|76\/100 slp|[from] Leech Seed|[of] p2a: Ferrothorn\n|upkeep\n|turn|13\n|\n|t:|1700625813\n|cant|p1a: that aint falco|slp\n|move|p2a: Ferrothorn|Leech Seed||[still]\n|-fail|p2a: Ferrothorn\n|\n|-damage|p1a: that aint falco|64\/100 slp|[from] Leech Seed|[of] p2a: Ferrothorn\n|upkeep\n|turn|14\n|\n|t:|1700625815\n|-curestatus|p1a: that aint falco|slp|[msg]\n|move|p1a: that aint falco|Spite|p2a: Ferrothorn\n|-activate|p2a: Ferrothorn|move: Spite|Leech Seed|4\n|move|p2a: Ferrothorn|Leech Seed||[still]\n|-fail|p2a: Ferrothorn\n|\n|-damage|p1a: that aint falco|51\/100|[from] Leech Seed|[of] p2a: Ferrothorn\n|upkeep\n|turn|15\n|\n|t:|1700625825\n|move|p1a: that aint falco|Haze|p1a: that aint falco\n|-clearallboost\n|move|p2a: Ferrothorn|Spikes||[still]\n|-fail|p2a: Ferrothorn\n|\n|-damage|p1a: that aint falco|39\/100|[from] Leech Seed|[of] p2a: Ferrothorn\n|upkeep\n|turn|16\n|\n|t:|1700625833\n|move|p1a: that aint falco|Spite|p2a: Ferrothorn\n|-activate|p2a: Ferrothorn|move: Spite|Spikes|4\n|move|p2a: Ferrothorn|Spikes||[still]\n|-fail|p2a: Ferrothorn\n|\n|-damage|p1a: that aint falco|27\/100|[from] Leech Seed|[of] p2a: Ferrothorn\n|upkeep\n|turn|17\n|\n|t:|1700625843\n|move|p1a: that aint falco|Rest|p1a: that aint falco\n|-status|p1a: that aint falco|slp|[from] move: Rest\n|-heal|p1a: that aint falco|100\/100 slp|[silent]\n|move|p2a: Ferrothorn|Spikes||[still]\n|-fail|p2a: Ferrothorn\n|\n|-damage|p1a: that aint falco|88\/100 slp|[from] Leech Seed|[of] p2a: Ferrothorn\n|upkeep\n|turn|18\n|\n|t:|1700625855\n|cant|p1a: that aint falco|slp\n|move|p2a: Ferrothorn|Body Press|p1a: that aint falco\n|-immune|p1a: that aint falco\n|\n|-damage|p1a: that aint falco|76\/100 slp|[from] Leech Seed|[of] p2a: Ferrothorn\n|upkeep\n|turn|19\n|\n|t:|1700625867\n|cant|p1a: that aint falco|slp\n|move|p2a: Ferrothorn|Spikes||[still]\n|-fail|p2a: Ferrothorn\n|\n|-damage|p1a: that aint falco|64\/100 slp|[from] Leech Seed|[of] p2a: Ferrothorn\n|upkeep\n|turn|20\n|\n|t:|1700625875\n|-curestatus|p1a: that aint falco|slp|[msg]\n|move|p1a: that aint falco|Spite|p2a: Ferrothorn\n|-activate|p2a: Ferrothorn|move: Spite|Spikes|2\n|cant|p2a: Ferrothorn|nopp|Spikes\n|\n|-damage|p1a: that aint falco|51\/100|[from] Leech Seed|[of] p2a: Ferrothorn\n|upkeep\n|turn|21\n|\n|t:|1700625883\n|move|p1a: that aint falco|Haze|p1a: that aint falco\n|-clearallboost\n|move|p2a: Ferrothorn|Leech Seed||[still]\n|-fail|p2a: Ferrothorn\n|\n|-damage|p1a: that aint falco|39\/100|[from] Leech Seed|[of] p2a: Ferrothorn\n|upkeep\n|turn|22\n|\n|t:|1700625889\n|move|p1a: that aint falco|Haze|p1a: that aint falco\n|-clearallboost\n|move|p2a: Ferrothorn|Body Press|p1a: that aint falco\n|-immune|p1a: that aint falco\n|\n|-damage|p1a: that aint falco|27\/100|[from] Leech Seed|[of] p2a: Ferrothorn\n|upkeep\n|turn|23\n|\n|t:|1700625895\n|move|p1a: that aint falco|Spite|p2a: Ferrothorn\n|-activate|p2a: Ferrothorn|move: Spite|Body Press|4\n|move|p2a: Ferrothorn|Body Press|p1a: that aint falco\n|-immune|p1a: that aint falco\n|\n|-damage|p1a: that aint falco|14\/100|[from] Leech Seed|[of] p2a: Ferrothorn\n|upkeep\n|turn|24\n|\n|t:|1700625902\n|move|p1a: that aint falco|Spite|p2a: Ferrothorn\n|-activate|p2a: Ferrothorn|move: Spite|Body Press|4\n|move|p2a: Ferrothorn|Body Press|p1a: that aint falco\n|-immune|p1a: that aint falco\n|\n|-damage|p1a: that aint falco|2\/100|[from] Leech Seed|[of] p2a: Ferrothorn\n|upkeep\n|turn|25\n|\n|t:|1700625910\n|move|p1a: that aint falco|Rest|p1a: that aint falco\n|-status|p1a: that aint falco|slp|[from] move: Rest\n|-heal|p1a: that aint falco|100\/100 slp|[silent]\n|-activate|p2a: Ferrothorn|move: Struggle\n|move|p2a: Ferrothorn|Struggle|p1a: that aint falco\n|-damage|p1a: that aint falco|95\/100 slp\n|-damage|p2a: Ferrothorn|75\/100|[from] recoil\n|\n|-heal|p2a: Ferrothorn|82\/100|[from] item: Leftovers\n|-damage|p1a: that aint falco|82\/100 slp|[from] Leech Seed|[of] p2a: Ferrothorn\n|-heal|p2a: Ferrothorn|92\/100|[silent]\n|upkeep\n|turn|26\n|\n|t:|1700625916\n|switch|p1a: Hot Head Bop|Ho-Oh|100\/100\n|-activate|p2a: Ferrothorn|move: Struggle\n|move|p2a: Ferrothorn|Struggle|p1a: Hot Head Bop\n|-damage|p1a: Hot Head Bop|91\/100\n|-damage|p2a: Ferrothorn|67\/100|[from] recoil\n|\n|-heal|p2a: Ferrothorn|73\/100|[from] item: Leftovers\n|upkeep\n|turn|27\n|\n|t:|1700625922\n|switch|p2a: Kyogre|Kyogre|100\/100\n|detailschange|p2a: Kyogre|Kyogre-Primal\n|-primal|p2a: Kyogre|Blue Orb\n|-weather|PrimordialSea|[from] ability: Primordial Sea|[of] p2a: Kyogre\n|move|p1a: Hot Head Bop|Defog|p2a: Kyogre\n|-unboost|p2a: Kyogre|evasion|1\n|-sideend|p1: dustbops supreme \u269d|Spikes|[from] move: Defog|[of] p1a: Hot Head Bop\n|\n|-weather|PrimordialSea|[upkeep]\n|upkeep\n|turn|28\n|\n|t:|1700625930\n|-terastallize|p1a: Hot Head Bop|Poison\n|move|p2a: Kyogre|Water Spout|p1a: Hot Head Bop\n|-damage|p1a: Hot Head Bop|16\/100\n|move|p1a: Hot Head Bop|Toxic|p2a: Kyogre\n|-status|p2a: Kyogre|tox\n|\n|-weather|PrimordialSea|[upkeep]\n|-damage|p2a: Kyogre|94\/100 tox|[from] psn\n|upkeep\n|turn|29\n|\n|t:|1700625937\n|switch|p1a: Big Fish|Dondozo, F|100\/100\n|move|p2a: Kyogre|Origin Pulse|p1a: Big Fish\n|-resisted|p1a: Big Fish\n|-damage|p1a: Big Fish|43\/100\n|\n|-weather|PrimordialSea|[upkeep]\n|-damage|p2a: Kyogre|82\/100 tox|[from] psn\n|upkeep\n|turn|30\n|\n|t:|1700625943\n|switch|p1a: Floating Trees|Chansey, F|100\/100\n|move|p2a: Kyogre|Thunder|p1a: Floating Trees\n|-damage|p1a: Floating Trees|83\/100\n|\n|-weather|PrimordialSea|[upkeep]\n|-damage|p2a: Kyogre|64\/100 tox|[from] psn\n|upkeep\n|turn|31\n|\n|t:|1700625952\n|move|p2a: Kyogre|Water Spout|p1a: Floating Trees\n|-damage|p1a: Floating Trees|51\/100\n|move|p1a: Floating Trees|Soft-Boiled|p1a: Floating Trees\n|-heal|p1a: Floating Trees|100\/100\n|\n|-weather|PrimordialSea|[upkeep]\n|-damage|p2a: Kyogre|39\/100 tox|[from] psn\n|upkeep\n|turn|32\n|\n|t:|1700625958\n|move|p2a: Kyogre|Origin Pulse|p1a: Floating Trees\n|-damage|p1a: Floating Trees|64\/100\n|move|p1a: Floating Trees|Seismic Toss|p2a: Kyogre\n|-damage|p2a: Kyogre|10\/100 tox\n|\n|-weather|PrimordialSea|[upkeep]\n|-damage|p2a: Kyogre|0 fnt|[from] psn\n|faint|p2a: Kyogre\n|-weather|none\n|upkeep\n|\n|t:|1700625975\n|switch|p2a: Kangaskhan|Kangaskhan, F|100\/100\n|turn|33\n|\n|t:|1700625980\n|switch|p1a: that aint falco|Dusclops, M|82\/100 slp\n|-ability|p1a: that aint falco|Pressure\n|detailschange|p2a: Kangaskhan|Kangaskhan-Mega, F\n|-mega|p2a: Kangaskhan|Kangaskhan|Kangaskhanite\n|move|p2a: Kangaskhan|Body Slam|p1a: that aint falco\n|-immune|p1a: that aint falco\n|\n|upkeep\n|turn|34\n|\n|t:|1700625983\n|move|p2a: Kangaskhan|Shadow Claw|p1a: that aint falco\n|-supereffective|p1a: that aint falco\n|-damage|p1a: that aint falco|56\/100 slp\n|-supereffective|p1a: that aint falco\n|-damage|p1a: that aint falco|50\/100 slp\n|-hitcount|p1a: that aint falco|2\n|cant|p1a: that aint falco|slp\n|\n|upkeep\n|turn|35\n|\n|t:|1700625988\n|move|p2a: Kangaskhan|Shadow Claw|p1a: that aint falco\n|-supereffective|p1a: that aint falco\n|-damage|p1a: that aint falco|21\/100 slp\n|-supereffective|p1a: that aint falco\n|-damage|p1a: that aint falco|15\/100 slp\n|-hitcount|p1a: that aint falco|2\n|cant|p1a: that aint falco|slp\n|\n|upkeep\n|turn|36\n|\n|t:|1700625994\n|switch|p1a: Aurora|Cresselia, F, shiny|100\/100\n|move|p2a: Kangaskhan|Shadow Claw|p1a: Aurora\n|-supereffective|p1a: Aurora\n|-damage|p1a: Aurora|67\/100\n|-supereffective|p1a: Aurora\n|-crit|p1a: Aurora\n|-damage|p1a: Aurora|56\/100\n|-hitcount|p1a: Aurora|2\n|\n|-heal|p1a: Aurora|62\/100|[from] item: Leftovers\n|upkeep\n|turn|37\n|\n|t:|1700626000\n|move|p2a: Kangaskhan|Body Slam|p1a: Aurora\n|-damage|p1a: Aurora|31\/100\n|-damage|p1a: Aurora|24\/100\n|-hitcount|p1a: Aurora|2\n|move|p1a: Aurora|Lunar Dance|p1a: Aurora\n|faint|p1a: Aurora\n|\n|upkeep\n|\n|t:|1700626006\n|switch|p1a: that aint falco|Dusclops, M|15\/100 slp\n|-heal|p1a: that aint falco|100\/100|[from] move: Lunar Dance\n|-ability|p1a: that aint falco|Pressure\n|turn|38\n|\n|t:|1700626015\n|move|p2a: Kangaskhan|Shadow Claw|p1a: that aint falco\n|-supereffective|p1a: that aint falco\n|-damage|p1a: that aint falco|77\/100\n|-supereffective|p1a: that aint falco\n|-crit|p1a: that aint falco\n|-damage|p1a: that aint falco|67\/100\n|-hitcount|p1a: that aint falco|2\n|move|p1a: that aint falco|Mean Look|p2a: Kangaskhan\n|-activate|p2a: Kangaskhan|trapped\n|\n|upkeep\n|turn|39\n|\n|t:|1700626020\n|move|p2a: Kangaskhan|Shadow Claw|p1a: that aint falco\n|-supereffective|p1a: that aint falco\n|-damage|p1a: that aint falco|41\/100\n|-supereffective|p1a: that aint falco\n|-damage|p1a: that aint falco|35\/100\n|-hitcount|p1a: that aint falco|2\n|move|p1a: that aint falco|Spite|p2a: Kangaskhan\n|-activate|p2a: Kangaskhan|move: Spite|Shadow Claw|4\n|\n|upkeep\n|turn|40\n|\n|t:|1700626024\n|move|p2a: Kangaskhan|Shadow Claw|p1a: that aint falco\n|-supereffective|p1a: that aint falco\n|-damage|p1a: that aint falco|10\/100\n|-supereffective|p1a: that aint falco\n|-damage|p1a: that aint falco|5\/100\n|-hitcount|p1a: that aint falco|2\n|move|p1a: that aint falco|Rest|p1a: that aint falco\n|-status|p1a: that aint falco|slp|[from] move: Rest\n|-heal|p1a: that aint falco|100\/100 slp|[silent]\n|\n|upkeep\n|turn|41\n|\n|t:|1700626030\n|move|p2a: Kangaskhan|Shadow Claw|p1a: that aint falco\n|-supereffective|p1a: that aint falco\n|-damage|p1a: that aint falco|74\/100 slp\n|-supereffective|p1a: that aint falco\n|-damage|p1a: that aint falco|67\/100 slp\n|-hitcount|p1a: that aint falco|2\n|cant|p1a: that aint falco|slp\n|\n|upkeep\n|turn|42\n|\n|t:|1700626032\n|move|p2a: Kangaskhan|Shadow Claw|p1a: that aint falco\n|-supereffective|p1a: that aint falco\n|-damage|p1a: that aint falco|43\/100 slp\n|-supereffective|p1a: that aint falco\n|-damage|p1a: that aint falco|36\/100 slp\n|-hitcount|p1a: that aint falco|2\n|cant|p1a: that aint falco|slp\n|\n|upkeep\n|turn|43\n|\n|t:|1700626034\n|move|p2a: Kangaskhan|Shadow Claw|p1a: that aint falco\n|-supereffective|p1a: that aint falco\n|-damage|p1a: that aint falco|8\/100 slp\n|-supereffective|p1a: that aint falco\n|-damage|p1a: that aint falco|3\/100 slp\n|-hitcount|p1a: that aint falco|2\n|-curestatus|p1a: that aint falco|slp|[msg]\n|move|p1a: that aint falco|Rest|p1a: that aint falco\n|-status|p1a: that aint falco|slp|[from] move: Rest\n|-heal|p1a: that aint falco|100\/100 slp|[silent]\n|\n|upkeep\n|turn|44\n|\n|t:|1700626038\n|move|p2a: Kangaskhan|Shadow Claw|p1a: that aint falco\n|-supereffective|p1a: that aint falco\n|-damage|p1a: that aint falco|72\/100 slp\n|-supereffective|p1a: that aint falco\n|-crit|p1a: that aint falco\n|-damage|p1a: that aint falco|62\/100 slp\n|-hitcount|p1a: that aint falco|2\n|cant|p1a: that aint falco|slp\n|\n|upkeep\n|turn|45\n|\n|t:|1700626046\n|move|p2a: Kangaskhan|Shadow Claw|p1a: that aint falco\n|-supereffective|p1a: that aint falco\n|-damage|p1a: that aint falco|34\/100 slp\n|-supereffective|p1a: that aint falco\n|-damage|p1a: that aint falco|27\/100 slp\n|-hitcount|p1a: that aint falco|2\n|cant|p1a: that aint falco|slp\n|\n|upkeep\n|turn|46\n|\n|t:|1700626055\n|move|p2a: Kangaskhan|Seismic Toss|p1a: that aint falco\n|-immune|p1a: that aint falco\n|-curestatus|p1a: that aint falco|slp|[msg]\n|move|p1a: that aint falco|Rest|p1a: that aint falco\n|-status|p1a: that aint falco|slp|[from] move: Rest\n|-heal|p1a: that aint falco|100\/100 slp|[silent]\n|\n|upkeep\n|turn|47\n|\n|t:|1700626058\n|move|p2a: Kangaskhan|Body Slam|p1a: that aint falco\n|-immune|p1a: that aint falco\n|cant|p1a: that aint falco|slp\n|\n|upkeep\n|turn|48\n|\n|t:|1700626061\n|move|p2a: Kangaskhan|Body Slam|p1a: that aint falco\n|-immune|p1a: that aint falco\n|cant|p1a: that aint falco|slp\n|\n|upkeep\n|turn|49\n|\n|t:|1700626062\n|move|p2a: Kangaskhan|Body Slam|p1a: that aint falco\n|-immune|p1a: that aint falco\n|-curestatus|p1a: that aint falco|slp|[msg]\n|move|p1a: that aint falco|Spite|p2a: Kangaskhan\n|-activate|p2a: Kangaskhan|move: Spite|Body Slam|4\n|\n|upkeep\n|turn|50\n|\n|t:|1700626065\n|move|p2a: Kangaskhan|Body Slam|p1a: that aint falco\n|-immune|p1a: that aint falco\n|move|p1a: that aint falco|Spite|p2a: Kangaskhan\n|-activate|p2a: Kangaskhan|move: Spite|Body Slam|4\n|\n|upkeep\n|turn|51\n|\n|t:|1700626067\n|move|p2a: Kangaskhan|Body Slam|p1a: that aint falco\n|-immune|p1a: that aint falco\n|move|p1a: that aint falco|Spite|p2a: Kangaskhan\n|-activate|p2a: Kangaskhan|move: Spite|Body Slam|3\n|\n|upkeep\n|turn|52\n|\n|t:|1700626069\n|move|p2a: Kangaskhan|Seismic Toss|p1a: that aint falco\n|-immune|p1a: that aint falco\n|move|p1a: that aint falco|Spite|p2a: Kangaskhan\n|-activate|p2a: Kangaskhan|move: Spite|Seismic Toss|4\n|\n|upkeep\n|turn|53\n|\n|t:|1700626071\n|move|p2a: Kangaskhan|Seismic Toss|p1a: that aint falco\n|-immune|p1a: that aint falco\n|move|p1a: that aint falco|Spite|p2a: Kangaskhan\n|-activate|p2a: Kangaskhan|move: Spite|Seismic Toss|4\n|\n|upkeep\n|turn|54\n|\n|t:|1700626072\n|move|p2a: Kangaskhan|Seismic Toss|p1a: that aint falco\n|-immune|p1a: that aint falco\n|move|p1a: that aint falco|Spite|p2a: Kangaskhan\n|-activate|p2a: Kangaskhan|move: Spite|Seismic Toss|4\n|\n|upkeep\n|turn|55\n|\n|t:|1700626074\n|move|p2a: Kangaskhan|Seismic Toss|p1a: that aint falco\n|-immune|p1a: that aint falco\n|move|p1a: that aint falco|Spite|p2a: Kangaskhan\n|-activate|p2a: Kangaskhan|move: Spite|Seismic Toss|4\n|\n|upkeep\n|turn|56\n|\n|t:|1700626076\n|move|p2a: Kangaskhan|Seismic Toss|p1a: that aint falco\n|-immune|p1a: that aint falco\n|move|p1a: that aint falco|Spite|p2a: Kangaskhan\n|-activate|p2a: Kangaskhan|move: Spite|Seismic Toss|4\n|\n|upkeep\n|turn|57\n|\n|t:|1700626079\n|move|p2a: Kangaskhan|Fake Out||[still]\n|-hint|Fake Out only works on your first turn out.\n|-fail|p2a: Kangaskhan\n|move|p1a: that aint falco|Spite|p2a: Kangaskhan\n|-activate|p2a: Kangaskhan|move: Spite|Fake Out|4\n|\n|upkeep\n|turn|58\n|\n|t:|1700626081\n|move|p2a: Kangaskhan|Fake Out||[still]\n|-hint|Fake Out only works on your first turn out.\n|-fail|p2a: Kangaskhan\n|move|p1a: that aint falco|Spite|p2a: Kangaskhan\n|-activate|p2a: Kangaskhan|move: Spite|Fake Out|4\n|\n|upkeep\n|turn|59\n|\n|t:|1700626085\n|move|p2a: Kangaskhan|Fake Out||[still]\n|-hint|Fake Out only works on your first turn out.\n|-fail|p2a: Kangaskhan\n|move|p1a: that aint falco|Haze|p1a: that aint falco\n|-clearallboost\n|\n|upkeep\n|turn|60\n|\n|t:|1700626089\n|move|p2a: Kangaskhan|Fake Out||[still]\n|-hint|Fake Out only works on your first turn out.\n|-fail|p2a: Kangaskhan\n|move|p1a: that aint falco|Haze|p1a: that aint falco\n|-clearallboost\n|\n|upkeep\n|turn|61\n|\n|t:|1700626091\n|-activate|p2a: Kangaskhan|move: Struggle\n|move|p2a: Kangaskhan|Struggle|p1a: that aint falco\n|-damage|p1a: that aint falco|91\/100\n|-damage|p1a: that aint falco|89\/100\n|-hitcount|p1a: that aint falco|2\n|-damage|p2a: Kangaskhan|75\/100|[from] recoil\n|move|p1a: that aint falco|Haze|p1a: that aint falco\n|-clearallboost\n|\n|upkeep\n|turn|62\n|\n|t:|1700626096\n|-activate|p2a: Kangaskhan|move: Struggle\n|move|p2a: Kangaskhan|Struggle|p1a: that aint falco\n|-damage|p1a: that aint falco|79\/100\n|-damage|p1a: that aint falco|77\/100\n|-hitcount|p1a: that aint falco|2\n|-damage|p2a: Kangaskhan|50\/100|[from] recoil\n|move|p1a: that aint falco|Haze|p1a: that aint falco\n|-clearallboost\n|\n|upkeep\n|turn|63\n|\n|t:|1700626101\n|-activate|p2a: Kangaskhan|move: Struggle\n|move|p2a: Kangaskhan|Struggle|p1a: that aint falco\n|-damage|p1a: that aint falco|67\/100\n|-damage|p1a: that aint falco|65\/100\n|-hitcount|p1a: that aint falco|2\n|-damage|p2a: Kangaskhan|25\/100|[from] recoil\n|move|p1a: that aint falco|Haze|p1a: that aint falco\n|-clearallboost\n|\n|upkeep\n|turn|64\n|\n|t:|1700626104\n|switch|p1a: Hot Head Bop|Ho-Oh, tera:Poison|49\/100\n|-activate|p2a: Kangaskhan|move: Struggle\n|move|p2a: Kangaskhan|Struggle|p1a: Hot Head Bop\n|-damage|p1a: Hot Head Bop|33\/100\n|-damage|p1a: Hot Head Bop|29\/100\n|-hitcount|p1a: Hot Head Bop|2\n|-damage|p2a: Kangaskhan|0 fnt|[from] recoil\n|faint|p2a: Kangaskhan\n|\n|upkeep\n|\n|t:|1700626112\n|switch|p2a: Barraskewda|Barraskewda, M, shiny|100\/100\n|turn|65\n|\n|t:|1700626133\n|switch|p1a: Floating Trees|Chansey, F|64\/100\n|move|p2a: Barraskewda|Crunch|p1a: Floating Trees\n|-damage|p1a: Floating Trees|38\/100\n|-unboost|p1a: Floating Trees|def|1\n|\n|upkeep\n|turn|66\n|\n|t:|1700626140\n|move|p2a: Barraskewda|Crunch|p1a: Floating Trees\n|-damage|p1a: Floating Trees|0 fnt\n|faint|p1a: Floating Trees\n|\n|upkeep\n|\n|t:|1700626143\n|switch|p1a: damn son|Bisharp, F, shiny|100\/100\n|-ability|p1a: damn son|Pressure\n|turn|67\n|\n|t:|1700626154\n|move|p2a: Barraskewda|Crunch|p1a: damn son\n|-resisted|p1a: damn son\n|-damage|p1a: damn son|86\/100\n|move|p1a: damn son|Mean Look|p2a: Barraskewda\n|-activate|p2a: Barraskewda|trapped\n|\n|upkeep\n|turn|68\n|\n|t:|1700626167\n|move|p2a: Barraskewda|Crunch|p1a: damn son\n|-resisted|p1a: damn son\n|-damage|p1a: damn son|71\/100\n|move|p1a: damn son|Iron Defense|p1a: damn son\n|-boost|p1a: damn son|def|2\n|\n|upkeep\n|turn|69\n|\n|t:|1700626170\n|move|p2a: Barraskewda|Crunch|p1a: damn son\n|-resisted|p1a: damn son\n|-damage|p1a: damn son|64\/100\n|-unboost|p1a: damn son|def|1\n|move|p1a: damn son|Iron Defense|p1a: damn son\n|-boost|p1a: damn son|def|2\n|\n|upkeep\n|turn|70\n|\n|t:|1700626174\n|move|p2a: Barraskewda|Crunch|p1a: damn son\n|-resisted|p1a: damn son\n|-crit|p1a: damn son\n|-damage|p1a: damn son|43\/100\n|move|p1a: damn son|Iron Defense|p1a: damn son\n|-boost|p1a: damn son|def|2\n|\n|upkeep\n|turn|71\n|\n|t:|1700626177\n|move|p2a: Barraskewda|Crunch|p1a: damn son\n|-resisted|p1a: damn son\n|-damage|p1a: damn son|39\/100\n|move|p1a: damn son|Iron Defense|p1a: damn son\n|-boost|p1a: damn son|def|1\n|\n|upkeep\n|turn|72\n|\n|t:|1700626179\n|move|p2a: Barraskewda|Crunch|p1a: damn son\n|-resisted|p1a: damn son\n|-damage|p1a: damn son|35\/100\n|move|p1a: damn son|Rest|p1a: damn son\n|-status|p1a: damn son|slp|[from] move: Rest\n|-heal|p1a: damn son|100\/100 slp|[silent]\n|\n|upkeep\n|turn|73\n|\n|t:|1700626181\n|move|p2a: Barraskewda|Crunch|p1a: damn son\n|-resisted|p1a: damn son\n|-damage|p1a: damn son|97\/100 slp\n|cant|p1a: damn son|slp\n|\n|upkeep\n|turn|74\n|\n|t:|1700626189\n|move|p2a: Barraskewda|Crunch|p1a: damn son\n|-resisted|p1a: damn son\n|-damage|p1a: damn son|93\/100 slp\n|cant|p1a: damn son|slp\n|\n|upkeep\n|turn|75\n|\n|t:|1700626192\n|move|p2a: Barraskewda|Crunch|p1a: damn son\n|-resisted|p1a: damn son\n|-crit|p1a: damn son\n|-damage|p1a: damn son|71\/100 slp\n|-unboost|p1a: damn son|def|1\n|-curestatus|p1a: damn son|slp|[msg]\n|move|p1a: damn son|Iron Defense|p1a: damn son\n|-boost|p1a: damn son|def|1\n|\n|upkeep\n|turn|76\n|\n|t:|1700626200\n|move|p2a: Barraskewda|Crunch|p1a: damn son\n|-resisted|p1a: damn son\n|-damage|p1a: damn son|67\/100\n|-unboost|p1a: damn son|def|1\n|move|p1a: damn son|Spite|p2a: Barraskewda\n|-activate|p2a: Barraskewda|move: Spite|Crunch|2\n|\n|upkeep\n|turn|77\n|c|\u2606YashirouZ|rly?\n|c|\u2606dustbops supreme \u269d|yeah\n|c|\u2606dustbops supreme \u269d|rly\n|c|\u2606YashirouZ|now that's just toxic\n|c|\u2606dustbops supreme \u269d|no\n|\n|t:|1700626212\n|-activate|p2a: Barraskewda|move: Struggle\n|move|p2a: Barraskewda|Struggle|p1a: damn son\n|-damage|p1a: damn son|61\/100\n|-damage|p2a: Barraskewda|75\/100|[from] recoil\n|move|p1a: damn son|Iron Defense|p1a: damn son\n|-boost|p1a: damn son|def|1\n|\n|upkeep\n|turn|78\n|c|\u2606dustbops supreme \u269d|that's spite\n|c|\u2606dustbops supreme \u269d|toxic's on my ho-oh tho\n|\n|t:|1700626224\n|-activate|p2a: Barraskewda|move: Struggle\n|move|p2a: Barraskewda|Struggle|p1a: damn son\n|-damage|p1a: damn son|56\/100\n|-damage|p2a: Barraskewda|50\/100|[from] recoil\n|move|p1a: damn son|Rest|p1a: damn son\n|-status|p1a: damn son|slp|[from] move: Rest\n|-heal|p1a: damn son|100\/100 slp|[silent]\n|\n|upkeep\n|turn|79\n|c|\u2606YashirouZ|spite is what 35% of players think of u, I'm not included tho\n|inactive|YashirouZ has 120 seconds left.\n|\n|t:|1700626258\n|-activate|p2a: Barraskewda|move: Struggle\n|move|p2a: Barraskewda|Struggle|p1a: damn son\n|-damage|p1a: damn son|96\/100 slp\n|-damage|p2a: Barraskewda|25\/100|[from] recoil\n|cant|p1a: damn son|slp\n|\n|upkeep\n|turn|80\n|c|\u2606dustbops supreme \u269d|yea?\n|c|\u2606dustbops supreme \u269d|what do u think of me then\n|c|\u2606dustbops supreme \u269d|do tell\n|c|\u2606dustbops supreme \u269d|:3c\n|c|\u2606dustbops supreme \u269d|kicks legs loquaciously\n|\n|t:|1700626274\n|-activate|p2a: Barraskewda|move: Struggle\n|move|p2a: Barraskewda|Struggle|p1a: damn son\n|-damage|p1a: damn son|91\/100 slp\n|-damage|p2a: Barraskewda|0 fnt|[from] recoil\n|faint|p2a: Barraskewda\n|cant|p1a: damn son|slp\n|\n|upkeep\n|c|\u2606YashirouZ|are you some kind of temp6t copy?\n|inactive|YashirouZ has 120 seconds left.\n|c|\u2606dustbops supreme \u269d|kicks legs loquaciously\n|\n|t:|1700626293\n|switch|p2a: Ho-Oh|Ho-Oh|100\/100\n|turn|81\n|\n|t:|1700626299\n|move|p2a: Ho-Oh|Thunder Wave||[still]\n|-fail|p2a: Ho-Oh\n|-curestatus|p1a: damn son|slp|[msg]\n|move|p1a: damn son|Mean Look|p2a: Ho-Oh\n|-activate|p2a: Ho-Oh|trapped\n|\n|upkeep\n|turn|82\n|\n|t:|1700626303\n|move|p2a: Ho-Oh|Thunder Wave|p1a: damn son\n|-status|p1a: damn son|par\n|move|p1a: damn son|Spite|p2a: Ho-Oh\n|-activate|p2a: Ho-Oh|move: Spite|Thunder Wave|4\n|\n|upkeep\n|turn|83\n|\n|t:|1700626306\n|move|p2a: Ho-Oh|Sacred Fire|p1a: damn son\n|-supereffective|p1a: damn son\n|-damage|p1a: damn son|76\/100 par\n|move|p1a: damn son|Spite|p2a: Ho-Oh\n|-activate|p2a: Ho-Oh|move: Spite|Sacred Fire|4\n|\n|upkeep\n|turn|84\n|\n|t:|1700626310\n|cant|p1a: damn son|par\n|move|p2a: Ho-Oh|Whirlwind|p1a: damn son\n|drag|p1a: Hot Head Bop|Ho-Oh, tera:Poison|63\/100\n|\n|upkeep\n|turn|85\n|\n|t:|1700626317\n|move|p1a: Hot Head Bop|Sacred Fire|p2a: Ho-Oh\n|-resisted|p2a: Ho-Oh\n|-damage|p2a: Ho-Oh|85\/100\n|move|p2a: Ho-Oh|Thunder Wave|p1a: Hot Head Bop|[miss]\n|-miss|p2a: Ho-Oh|p1a: Hot Head Bop\n|\n|upkeep\n|turn|86\n|\n|t:|1700626324\n|move|p1a: Hot Head Bop|Toxic|p2a: Ho-Oh\n|-status|p2a: Ho-Oh|tox\n|move|p2a: Ho-Oh|Thunder Wave|p1a: Hot Head Bop\n|-status|p1a: Hot Head Bop|par\n|\n|-damage|p2a: Ho-Oh|79\/100 tox|[from] psn\n|upkeep\n|turn|87\n|\n|t:|1700626333\n|switch|p1a: that aint falco|Dusclops, M|65\/100\n|-ability|p1a: that aint falco|Pressure\n|move|p2a: Ho-Oh|Whirlwind|p1a: that aint falco\n|drag|p1a: Hot Head Bop|Ho-Oh, tera:Poison|96\/100 par\n|\n|-damage|p2a: Ho-Oh|67\/100 tox|[from] psn\n|upkeep\n|turn|88\n|\n|t:|1700626341\n|switch|p1a: that aint falco|Dusclops, M|65\/100\n|-ability|p1a: that aint falco|Pressure\n|move|p2a: Ho-Oh|Thunder Wave|p1a: that aint falco\n|-status|p1a: that aint falco|par\n|\n|-damage|p2a: Ho-Oh|49\/100 tox|[from] psn\n|upkeep\n|turn|89\n|\n|t:|1700626347\n|move|p1a: that aint falco|Mean Look|p2a: Ho-Oh\n|-activate|p2a: Ho-Oh|trapped\n|move|p2a: Ho-Oh|Whirlwind|p1a: that aint falco\n|drag|p1a: damn son|Bisharp, F, shiny|76\/100 par\n|-ability|p1a: damn son|Pressure\n|\n|-damage|p2a: Ho-Oh|25\/100 tox|[from] psn\n|upkeep\n|turn|90\n|\n|t:|1700626355\n|move|p1a: damn son|Rest|p1a: damn son\n|-status|p1a: damn son|slp|[from] move: Rest\n|-heal|p1a: damn son|100\/100 slp|[silent]\n|move|p2a: Ho-Oh|Whirlwind|p1a: damn son\n|drag|p1a: Big Fish|Dondozo, F|43\/100\n|\n|-damage|p2a: Ho-Oh|0 fnt|[from] psn\n|faint|p2a: Ho-Oh\n|upkeep\n|\n|t:|1700626362\n|switch|p2a: Ferrothorn|Ferrothorn, M|73\/100\n|turn|91\n|\n|t:|1700626364\n|move|p1a: Big Fish|Curse|p1a: Big Fish\n|-unboost|p1a: Big Fish|spe|1\n|-boost|p1a: Big Fish|atk|1\n|-boost|p1a: Big Fish|def|1\n|-activate|p2a: Ferrothorn|move: Struggle\n|move|p2a: Ferrothorn|Struggle|p1a: Big Fish\n|-damage|p1a: Big Fish|40\/100\n|-damage|p2a: Ferrothorn|56\/100|[from] item: Rocky Helmet|[of] p1a: Big Fish\n|-damage|p2a: Ferrothorn|31\/100|[from] recoil\n|\n|-heal|p2a: Ferrothorn|38\/100|[from] item: Leftovers\n|upkeep\n|turn|92\n|\n|t:|1700626374\n|-activate|p2a: Ferrothorn|move: Struggle\n|move|p2a: Ferrothorn|Struggle|p1a: Big Fish\n|-damage|p1a: Big Fish|37\/100\n|-damage|p2a: Ferrothorn|21\/100|[from] item: Rocky Helmet|[of] p1a: Big Fish\n|-damage|p2a: Ferrothorn|0 fnt|[from] recoil\n|faint|p2a: Ferrothorn\n|move|p1a: Big Fish|Curse|p1a: Big Fish\n|-unboost|p1a: Big Fish|spe|1\n|-boost|p1a: Big Fish|atk|1\n|-boost|p1a: Big Fish|def|1\n|\n|upkeep\n|\n|t:|1700626376\n|switch|p2a: Kingambit|Kingambit, M|100\/100\n|-activate|p2a: Kingambit|ability: Supreme Overlord\n|-start|p2a: Kingambit|fallen5|[silent]\n|turn|93\n|\n|t:|1700626382\n|-terastallize|p2a: Kingambit|Fairy\n|move|p2a: Kingambit|Swords Dance|p2a: Kingambit\n|-boost|p2a: Kingambit|atk|2\n|move|p1a: Big Fish|Rest|p1a: Big Fish\n|-status|p1a: Big Fish|slp|[from] move: Rest\n|-heal|p1a: Big Fish|100\/100 slp|[silent]\n|\n|upkeep\n|turn|94\n|\n|t:|1700626392\n|move|p2a: Kingambit|Low Kick|p1a: Big Fish\n|-damage|p1a: Big Fish|86\/100 slp\n|-damage|p2a: Kingambit|84\/100|[from] item: Rocky Helmet|[of] p1a: Big Fish\n|cant|p1a: Big Fish|slp\n|\n|-heal|p2a: Kingambit|90\/100|[from] item: Leftovers\n|upkeep\n|turn|95\n|\n|t:|1700626396\n|move|p2a: Kingambit|Kowtow Cleave|p1a: Big Fish\n|-damage|p1a: Big Fish|70\/100 slp\n|-damage|p2a: Kingambit|74\/100|[from] item: Rocky Helmet|[of] p1a: Big Fish\n|cant|p1a: Big Fish|slp\n|\n|-heal|p2a: Kingambit|80\/100|[from] item: Leftovers\n|upkeep\n|turn|96\n|\n|t:|1700626402\n|move|p2a: Kingambit|Low Kick|p1a: Big Fish\n|-damage|p1a: Big Fish|54\/100 slp\n|-damage|p2a: Kingambit|63\/100|[from] item: Rocky Helmet|[of] p1a: Big Fish\n|-curestatus|p1a: Big Fish|slp|[msg]\n|move|p1a: Big Fish|Curse|p1a: Big Fish\n|-unboost|p1a: Big Fish|spe|1\n|-boost|p1a: Big Fish|atk|1\n|-boost|p1a: Big Fish|def|1\n|\n|-heal|p2a: Kingambit|70\/100|[from] item: Leftovers\n|upkeep\n|turn|97\n|\n|t:|1700626405\n|move|p2a: Kingambit|Low Kick|p1a: Big Fish\n|-damage|p1a: Big Fish|41\/100\n|-damage|p2a: Kingambit|53\/100|[from] item: Rocky Helmet|[of] p1a: Big Fish\n|move|p1a: Big Fish|Curse|p1a: Big Fish\n|-unboost|p1a: Big Fish|spe|1\n|-boost|p1a: Big Fish|atk|1\n|-boost|p1a: Big Fish|def|1\n|\n|-heal|p2a: Kingambit|59\/100|[from] item: Leftovers\n|upkeep\n|turn|98\n|\n|t:|1700626408\n|move|p2a: Kingambit|Low Kick|p1a: Big Fish\n|-damage|p1a: Big Fish|30\/100\n|-damage|p2a: Kingambit|43\/100|[from] item: Rocky Helmet|[of] p1a: Big Fish\n|move|p1a: Big Fish|Rest|p1a: Big Fish\n|-status|p1a: Big Fish|slp|[from] move: Rest\n|-heal|p1a: Big Fish|100\/100 slp|[silent]\n|\n|-heal|p2a: Kingambit|49\/100|[from] item: Leftovers\n|upkeep\n|turn|99\n|\n|t:|1700626411\n|move|p2a: Kingambit|Sucker Punch|p1a: Big Fish\n|-damage|p1a: Big Fish|92\/100 slp\n|-damage|p2a: Kingambit|33\/100|[from] item: Rocky Helmet|[of] p1a: Big Fish\n|cant|p1a: Big Fish|slp\n|\n|-heal|p2a: Kingambit|39\/100|[from] item: Leftovers\n|upkeep\n|turn|100\n|\n|t:|1700626414\n|move|p2a: Kingambit|Swords Dance|p2a: Kingambit\n|-boost|p2a: Kingambit|atk|2\n|cant|p1a: Big Fish|slp\n|\n|-heal|p2a: Kingambit|45\/100|[from] item: Leftovers\n|upkeep\n|turn|101\n|\n|t:|1700626416\n|move|p2a: Kingambit|Swords Dance|p2a: Kingambit\n|-boost|p2a: Kingambit|atk|2\n|-curestatus|p1a: Big Fish|slp|[msg]\n|move|p1a: Big Fish|Curse|p1a: Big Fish\n|-unboost|p1a: Big Fish|spe|1\n|-boost|p1a: Big Fish|atk|1\n|-boost|p1a: Big Fish|def|1\n|\n|-heal|p2a: Kingambit|51\/100|[from] item: Leftovers\n|upkeep\n|turn|102\n|\n|t:|1700626421\n|move|p2a: Kingambit|Low Kick|p1a: Big Fish\n|-damage|p1a: Big Fish|83\/100\n|-damage|p2a: Kingambit|35\/100|[from] item: Rocky Helmet|[of] p1a: Big Fish\n|move|p1a: Big Fish|Curse|p1a: Big Fish\n|-unboost|p1a: Big Fish|spe|1\n|-boost|p1a: Big Fish|atk|1\n|-boost|p1a: Big Fish|def|1\n|\n|-heal|p2a: Kingambit|41\/100|[from] item: Leftovers\n|upkeep\n|turn|103\n|\n|t:|1700626426\n|move|p2a: Kingambit|Sucker Punch|p1a: Big Fish\n|-damage|p1a: Big Fish|76\/100\n|-damage|p2a: Kingambit|25\/100|[from] item: Rocky Helmet|[of] p1a: Big Fish\n|move|p1a: Big Fish|Body Press|p2a: Kingambit\n|-resisted|p2a: Kingambit\n|-damage|p2a: Kingambit|0 fnt\n|faint|p2a: Kingambit\n|-end|p2a: Kingambit|fallen5|[silent]\n|\n|win|dustbops supreme \u269d\n|raw|dustbops supreme \u269d's rating: 1088 &rarr; <strong>1116<\/strong><br \/>(+28 for winning)\n|raw|YashirouZ's rating: 1108 &rarr; <strong>1082<\/strong><br \/>(-26 for losing)\n|c|\u2606dustbops supreme \u269d|kicks legs loquaciously\n|c|\u2606YashirouZ|idek what that is\n|c|\u2606YashirouZ|but nvm anyway\n|c|\u2606dustbops supreme \u269d|gee gee\n|c|\u2606YashirouZ|ur some kind of \"class clown\" ig, who tries to be funny with those words\n|c|\u2606dustbops supreme \u269d|gee gee\n|c|\u2606YashirouZ|gg\n|c|\u2606dustbops supreme \u269d|shake the hand\n|l|\u2606dustbops supreme \u269d\n|c|\u2606YashirouZ|now stop with the rp\n|l|\u2606YashirouZ\n|j|\u2606dustbops supreme \u269d\n|player|p1|dustbops supreme \u269d|psychic-gen2\n","uploadtime":1700626511,"views":1,"p1id":"dustbopssupreme","p2id":"yashirouz","formatid":"gen9nationaldexubers","rating":1082,"private":0,"password":""}