{"id":"gen9nationaldexubers-1996312912","p1":"SupernovaOnToaster","p2":"DarkYoshi6","format":"[Gen 9] National Dex Ubers","log":"|j|\u2606SupernovaOnToaster\n|j|\u2606DarkYoshi6\n|t:|1700670153\n|gametype|singles\n|player|p1|SupernovaOnToaster|cilan|1092\n|player|p2|DarkYoshi6|cynthia-gen4|1007\n|teamsize|p1|3\n|teamsize|p2|6\n|gen|9\n|tier|[Gen 9] National Dex Ubers\n|rated|\n|rule|HP Percentage Mod: HP is shown in percentages\n|rule|Endless Battle Clause: Forcing endless battles is banned\n|rule|OHKO Clause: OHKO moves are banned\n|rule|Evasion Moves Clause: Evasion moves are banned\n|rule|Evasion Items Clause: Evasion items are banned\n|rule|Species Clause: Limit one of each Pok\u00e9mon\n|rule|Sleep Clause Mod: Limit one foe put to sleep\n|rule|Mega Rayquaza Clause: You cannot mega evolve Rayquaza\n|clearpoke\n|poke|p1|Arceus-Psychic|\n|poke|p1|Murkrow, M|\n|poke|p1|Blissey, F|\n|poke|p2|Darkrai|\n|poke|p2|Typhlosion-Hisui, F|\n|poke|p2|Gyarados, M|\n|poke|p2|Rillaboom, M|\n|poke|p2|Arceus-Flying|\n|poke|p2|Dialga-Origin|\n|teampreview\n|inactive|Battle timer is ON: inactive players will automatically lose when time's up. (requested by DarkYoshi6)\n|inactive|SupernovaOnToaster also wants the timer to be on.\n|c|\u2606DarkYoshi6|This is a setup team\n|c|\u2606SupernovaOnToaster|glhf\n|\n|t:|1700670174\n|start\n|switch|p1a: Murkrow|Murkrow, M|100\/100\n|switch|p2a: Typhlosion|Typhlosion-Hisui, F|100\/100\n|turn|1\n|c|\u2606DarkYoshi6|You'll set up with blissey and murkrow and sweep with arceus\n|c|\u2606DarkYoshi6|Glhf\n|\n|t:|1700670193\n|move|p1a: Murkrow|Taunt|p2a: Typhlosion\n|-start|p2a: Typhlosion|move: Taunt\n|cant|p2a: Typhlosion|move: Taunt|Will-O-Wisp\n|\n|upkeep\n|turn|2\n|\n|t:|1700670204\n|move|p1a: Murkrow|Tailwind|p1a: Murkrow\n|-sidestart|p1: SupernovaOnToaster|move: Tailwind\n|move|p2a: Typhlosion|Infernal Parade|p1a: Murkrow\n|-resisted|p1a: Murkrow\n|-damage|p1a: Murkrow|74\/100\n|\n|upkeep\n|turn|3\n|\n|t:|1700670215\n|move|p1a: Murkrow|Perish Song|p1a: Murkrow\n|-start|p1a: Murkrow|perish3|[silent]\n|-start|p2a: Typhlosion|perish3|[silent]\n|-fieldactivate|move: Perish Song\n|move|p2a: Typhlosion|Eruption|p1a: Murkrow\n|-damage|p1a: Murkrow|0 fnt\n|faint|p1a: Murkrow\n|\n|-end|p2a: Typhlosion|move: Taunt\n|-start|p2a: Typhlosion|perish3\n|upkeep\n|inactive|SupernovaOnToaster has 120 seconds left.\n|\n|t:|1700670265\n|switch|p1a: Arceus|Arceus-Psychic|100\/100\n|turn|4\n|\n|t:|1700670272\n|move|p1a: Arceus|Cosmic Power|p1a: Arceus\n|-boost|p1a: Arceus|def|1\n|-boost|p1a: Arceus|spd|1\n|move|p2a: Typhlosion|Will-O-Wisp|p1a: Arceus\n|-status|p1a: Arceus|brn\n|\n|-damage|p1a: Arceus|94\/100 brn|[from] brn\n|-start|p2a: Typhlosion|perish2\n|upkeep\n|turn|5\n|\n|t:|1700670281\n|move|p1a: Arceus|Cosmic Power|p1a: Arceus\n|-boost|p1a: Arceus|def|1\n|-boost|p1a: Arceus|spd|1\n|move|p2a: Typhlosion|Curse|p1a: Arceus\n|-start|p1a: Arceus|Curse|[of] p2a: Typhlosion\n|-damage|p2a: Typhlosion|51\/100\n|\n|-damage|p1a: Arceus|88\/100 brn|[from] brn\n|-damage|p1a: Arceus|63\/100 brn|[from] Curse\n|-start|p2a: Typhlosion|perish1\n|-sideend|p1: SupernovaOnToaster|move: Tailwind\n|upkeep\n|turn|6\n|\n|t:|1700670294\n|move|p1a: Arceus|Cosmic Power|p1a: Arceus\n|-boost|p1a: Arceus|def|1\n|-boost|p1a: Arceus|spd|1\n|move|p2a: Typhlosion|Eruption|p1a: Arceus\n|-damage|p1a: Arceus|54\/100 brn\n|\n|-damage|p1a: Arceus|48\/100 brn|[from] brn\n|-damage|p1a: Arceus|23\/100 brn|[from] Curse\n|-start|p2a: Typhlosion|perish0\n|upkeep\n|faint|p2a: Typhlosion\n|\n|t:|1700670304\n|switch|p2a: Arceus|Arceus-Flying|100\/100\n|turn|7\n|\n|t:|1700670308\n|move|p2a: Arceus|Extreme Speed|p1a: Arceus\n|-damage|p1a: Arceus|17\/100 brn\n|move|p1a: Arceus|Recover|p1a: Arceus\n|-heal|p1a: Arceus|67\/100 brn\n|\n|-damage|p1a: Arceus|61\/100 brn|[from] brn\n|-damage|p1a: Arceus|36\/100 brn|[from] Curse\n|upkeep\n|turn|8\n|\n|t:|1700670319\n|switch|p1a: Just perish bait|Blissey, F|100\/100\n|move|p2a: Arceus|Extreme Speed|p1a: Just perish bait\n|-damage|p1a: Just perish bait|82\/100\n|\n|-heal|p1a: Just perish bait|89\/100|[from] item: Leftovers\n|upkeep\n|turn|9\n|\n|t:|1700670329\n|switch|p2a: Rillaboom|Rillaboom, M, shiny|100\/100\n|-fieldstart|move: Grassy Terrain|[from] ability: Grassy Surge|[of] p2a: Rillaboom\n|move|p1a: Just perish bait|Aromatherapy|p1a: Just perish bait\n|-activate|p1a: Just perish bait|move: Aromatherapy\n|-curestatus|p1: Arceus|brn|[msg]\n|\n|-heal|p1a: Just perish bait|95\/100|[from] Grassy Terrain\n|-heal|p1a: Just perish bait|100\/100|[from] item: Leftovers\n|upkeep\n|turn|10\n|\n|t:|1700670341\n|move|p2a: Rillaboom|Drain Punch|p1a: Just perish bait\n|-supereffective|p1a: Just perish bait\n|-damage|p1a: Just perish bait|57\/100\n|move|p1a: Just perish bait|Chilling Water|p2a: Rillaboom\n|-resisted|p2a: Rillaboom\n|-damage|p2a: Rillaboom|95\/100\n|-unboost|p2a: Rillaboom|atk|1\n|\n|-heal|p2a: Rillaboom|100\/100|[from] Grassy Terrain\n|-heal|p1a: Just perish bait|63\/100|[from] Grassy Terrain\n|-heal|p1a: Just perish bait|69\/100|[from] item: Leftovers\n|upkeep\n|turn|11\n|\n|t:|1700670354\n|move|p2a: Rillaboom|Drain Punch|p1a: Just perish bait\n|-supereffective|p1a: Just perish bait\n|-damage|p1a: Just perish bait|39\/100\n|move|p1a: Just perish bait|Seismic Toss|p2a: Rillaboom\n|-damage|p2a: Rillaboom|71\/100\n|\n|-heal|p2a: Rillaboom|77\/100|[from] Grassy Terrain\n|-heal|p1a: Just perish bait|45\/100|[from] Grassy Terrain\n|-heal|p1a: Just perish bait|51\/100|[from] item: Leftovers\n|upkeep\n|turn|12\n|\n|t:|1700670364\n|move|p2a: Rillaboom|Drain Punch|p1a: Just perish bait\n|-supereffective|p1a: Just perish bait\n|-damage|p1a: Just perish bait|23\/100\n|-heal|p2a: Rillaboom|100\/100|[from] drain|[of] p1a: Just perish bait\n|move|p1a: Just perish bait|Soft-Boiled|p1a: Just perish bait\n|-heal|p1a: Just perish bait|73\/100\n|\n|-heal|p1a: Just perish bait|79\/100|[from] Grassy Terrain\n|-heal|p1a: Just perish bait|85\/100|[from] item: Leftovers\n|upkeep\n|turn|13\n|\n|t:|1700670381\n|move|p2a: Rillaboom|Knock Off|p1a: Just perish bait\n|-damage|p1a: Just perish bait|66\/100\n|-enditem|p1a: Just perish bait|Leftovers|[from] move: Knock Off|[of] p2a: Rillaboom\n|move|p1a: Just perish bait|Seismic Toss|p2a: Rillaboom\n|-damage|p2a: Rillaboom|71\/100\n|\n|-heal|p2a: Rillaboom|77\/100|[from] Grassy Terrain\n|-heal|p1a: Just perish bait|72\/100|[from] Grassy Terrain\n|-fieldend|move: Grassy Terrain\n|upkeep\n|turn|14\n|\n|t:|1700670392\n|move|p2a: Rillaboom|Drain Punch|p1a: Just perish bait\n|-supereffective|p1a: Just perish bait\n|-damage|p1a: Just perish bait|42\/100\n|-heal|p2a: Rillaboom|100\/100|[from] drain|[of] p1a: Just perish bait\n|move|p1a: Just perish bait|Seismic Toss|p2a: Rillaboom\n|-damage|p2a: Rillaboom|71\/100\n|\n|upkeep\n|turn|15\n|\n|t:|1700670400\n|move|p2a: Rillaboom|Drain Punch|p1a: Just perish bait\n|-supereffective|p1a: Just perish bait\n|-damage|p1a: Just perish bait|12\/100\n|-heal|p2a: Rillaboom|100\/100|[from] drain|[of] p1a: Just perish bait\n|move|p1a: Just perish bait|Soft-Boiled|p1a: Just perish bait\n|-heal|p1a: Just perish bait|62\/100\n|\n|upkeep\n|turn|16\n|\n|t:|1700670408\n|move|p2a: Rillaboom|Drum Beating|p1a: Just perish bait\n|-damage|p1a: Just perish bait|38\/100\n|-unboost|p1a: Just perish bait|spe|1\n|move|p1a: Just perish bait|Soft-Boiled|p1a: Just perish bait\n|-heal|p1a: Just perish bait|88\/100\n|\n|upkeep\n|turn|17\n|\n|t:|1700670418\n|move|p2a: Rillaboom|Drum Beating|p1a: Just perish bait\n|-damage|p1a: Just perish bait|63\/100\n|-unboost|p1a: Just perish bait|spe|1\n|move|p1a: Just perish bait|Chilling Water|p2a: Rillaboom\n|-resisted|p2a: Rillaboom\n|-damage|p2a: Rillaboom|95\/100\n|-unboost|p2a: Rillaboom|atk|1\n|\n|upkeep\n|turn|18\n|\n|t:|1700670428\n|move|p2a: Rillaboom|Drain Punch|p1a: Just perish bait\n|-supereffective|p1a: Just perish bait\n|-damage|p1a: Just perish bait|42\/100\n|-heal|p2a: Rillaboom|100\/100|[from] drain|[of] p1a: Just perish bait\n|move|p1a: Just perish bait|Chilling Water|p2a: Rillaboom\n|-resisted|p2a: Rillaboom\n|-damage|p2a: Rillaboom|95\/100\n|-unboost|p2a: Rillaboom|atk|1\n|\n|upkeep\n|turn|19\n|\n|t:|1700670437\n|move|p2a: Rillaboom|Drain Punch|p1a: Just perish bait\n|-supereffective|p1a: Just perish bait\n|-damage|p1a: Just perish bait|23\/100\n|-heal|p2a: Rillaboom|100\/100|[from] drain|[of] p1a: Just perish bait\n|move|p1a: Just perish bait|Soft-Boiled|p1a: Just perish bait\n|-heal|p1a: Just perish bait|73\/100\n|\n|upkeep\n|turn|20\n|\n|t:|1700670449\n|move|p2a: Rillaboom|Drain Punch|p1a: Just perish bait\n|-supereffective|p1a: Just perish bait\n|-damage|p1a: Just perish bait|55\/100\n|move|p1a: Just perish bait|Chilling Water|p2a: Rillaboom\n|-resisted|p2a: Rillaboom\n|-damage|p2a: Rillaboom|95\/100\n|-unboost|p2a: Rillaboom|atk|1\n|\n|upkeep\n|turn|21\n|\n|t:|1700670458\n|move|p2a: Rillaboom|Drain Punch|p1a: Just perish bait\n|-supereffective|p1a: Just perish bait\n|-damage|p1a: Just perish bait|40\/100\n|-heal|p2a: Rillaboom|100\/100|[from] drain|[of] p1a: Just perish bait\n|move|p1a: Just perish bait|Soft-Boiled|p1a: Just perish bait\n|-heal|p1a: Just perish bait|90\/100\n|\n|upkeep\n|turn|22\n|\n|t:|1700670469\n|move|p2a: Rillaboom|Drain Punch|p1a: Just perish bait\n|-supereffective|p1a: Just perish bait\n|-damage|p1a: Just perish bait|75\/100\n|move|p1a: Just perish bait|Chilling Water|p2a: Rillaboom\n|-resisted|p2a: Rillaboom\n|-damage|p2a: Rillaboom|95\/100\n|-unboost|p2a: Rillaboom|atk|1\n|\n|upkeep\n|turn|23\n|\n|t:|1700670489\n|switch|p2a: Gyarados|Gyarados, M|100\/100\n|-ability|p2a: Gyarados|Intimidate|boost\n|-unboost|p1a: Just perish bait|atk|1\n|move|p1a: Just perish bait|Chilling Water|p2a: Gyarados\n|-resisted|p2a: Gyarados\n|-damage|p2a: Gyarados|96\/100\n|-unboost|p2a: Gyarados|atk|1\n|\n|upkeep\n|turn|24\n|\n|t:|1700670497\n|move|p2a: Gyarados|Earthquake|p1a: Just perish bait\n|-damage|p1a: Just perish bait|46\/100\n|move|p1a: Just perish bait|Chilling Water|p2a: Gyarados\n|-resisted|p2a: Gyarados\n|-damage|p2a: Gyarados|91\/100\n|-unboost|p2a: Gyarados|atk|1\n|\n|upkeep\n|turn|25\n|\n|t:|1700670502\n|move|p2a: Gyarados|Earthquake|p1a: Just perish bait\n|-damage|p1a: Just perish bait|22\/100\n|move|p1a: Just perish bait|Chilling Water|p2a: Gyarados\n|-resisted|p2a: Gyarados\n|-damage|p2a: Gyarados|87\/100\n|-unboost|p2a: Gyarados|atk|1\n|\n|upkeep\n|turn|26\n|\n|t:|1700670507\n|move|p2a: Gyarados|Earthquake|p1a: Just perish bait\n|-damage|p1a: Just perish bait|5\/100\n|move|p1a: Just perish bait|Chilling Water|p2a: Gyarados\n|-resisted|p2a: Gyarados\n|-damage|p2a: Gyarados|82\/100\n|-unboost|p2a: Gyarados|atk|1\n|\n|upkeep\n|turn|27\n|\n|t:|1700670513\n|move|p2a: Gyarados|Earthquake|p1a: Just perish bait\n|-damage|p1a: Just perish bait|0 fnt\n|faint|p1a: Just perish bait\n|\n|upkeep\n|\n|t:|1700670515\n|switch|p1a: Arceus|Arceus-Psychic|36\/100\n|turn|28\n|\n|t:|1700670521\n|move|p1a: Arceus|Recover|p1a: Arceus\n|-heal|p1a: Arceus|86\/100\n|move|p2a: Gyarados|Earthquake|p1a: Arceus\n|-damage|p1a: Arceus|75\/100\n|\n|upkeep\n|turn|29\n|\n|t:|1700670527\n|move|p1a: Arceus|Cosmic Power|p1a: Arceus\n|-boost|p1a: Arceus|def|1\n|-boost|p1a: Arceus|spd|1\n|move|p2a: Gyarados|Earthquake|p1a: Arceus\n|-damage|p1a: Arceus|67\/100\n|\n|upkeep\n|turn|30\n|\n|t:|1700670534\n|switch|p2a: Darkrai|Darkrai|100\/100\n|move|p1a: Arceus|Cosmic Power|p1a: Arceus\n|-boost|p1a: Arceus|def|1\n|-boost|p1a: Arceus|spd|1\n|\n|upkeep\n|turn|31\n|\n|t:|1700670544\n|-terastallize|p1a: Arceus|Steel\n|move|p2a: Darkrai|Hypnosis|p1a: Arceus\n|-status|p1a: Arceus|slp|[from] move: Hypnosis\n|cant|p1a: Arceus|slp\n|\n|-damage|p1a: Arceus|55\/100 slp|[from] ability: Bad Dreams|[of] p2a: Darkrai\n|upkeep\n|turn|32\n|\n|t:|1700670552\n|move|p2a: Darkrai|Dream Eater|p1a: Arceus\n|-resisted|p1a: Arceus\n|-damage|p1a: Arceus|49\/100 slp\n|-curestatus|p1a: Arceus|slp|[msg]\n|move|p1a: Arceus|Recover|p1a: Arceus\n|-heal|p1a: Arceus|99\/100\n|\n|upkeep\n|turn|33\n|\n|t:|1700670559\n|move|p2a: Darkrai|Calm Mind|p2a: Darkrai\n|-boost|p2a: Darkrai|spa|1\n|-boost|p2a: Darkrai|spd|1\n|move|p1a: Arceus|Body Press|p2a: Darkrai\n|-supereffective|p2a: Darkrai\n|-crit|p2a: Darkrai\n|-damage|p2a: Darkrai|0 fnt\n|faint|p2a: Darkrai\n|\n|upkeep\n|\n|t:|1700670567\n|switch|p2a: Gyarados|Gyarados, M|82\/100\n|-ability|p2a: Gyarados|Intimidate|boost\n|-unboost|p1a: Arceus|atk|1\n|turn|34\n|\n|t:|1700670571\n|move|p1a: Arceus|Cosmic Power|p1a: Arceus\n|-boost|p1a: Arceus|def|1\n|-boost|p1a: Arceus|spd|1\n|move|p2a: Gyarados|Earthquake|p1a: Arceus\n|-supereffective|p1a: Arceus\n|-damage|p1a: Arceus|74\/100\n|\n|upkeep\n|turn|35\n|\n|t:|1700670579\n|move|p1a: Arceus|Cosmic Power|p1a: Arceus\n|-boost|p1a: Arceus|def|1\n|-boost|p1a: Arceus|spd|1\n|move|p2a: Gyarados|Earthquake|p1a: Arceus\n|-supereffective|p1a: Arceus\n|-damage|p1a: Arceus|51\/100\n|\n|upkeep\n|turn|36\n|\n|t:|1700670585\n|move|p1a: Arceus|Cosmic Power|p1a: Arceus\n|-boost|p1a: Arceus|def|1\n|-boost|p1a: Arceus|spd|1\n|move|p2a: Gyarados|Earthquake|p1a: Arceus\n|-supereffective|p1a: Arceus\n|-damage|p1a: Arceus|31\/100\n|\n|upkeep\n|turn|37\n|\n|t:|1700670591\n|move|p1a: Arceus|Recover|p1a: Arceus\n|-heal|p1a: Arceus|81\/100\n|move|p2a: Gyarados|Earthquake|p1a: Arceus\n|-supereffective|p1a: Arceus\n|-damage|p1a: Arceus|61\/100\n|\n|upkeep\n|turn|38\n|\n|t:|1700670597\n|move|p1a: Arceus|Cosmic Power|p1a: Arceus\n|-boost|p1a: Arceus|def|1\n|-boost|p1a: Arceus|spd|1\n|move|p2a: Gyarados|Earthquake|p1a: Arceus\n|-supereffective|p1a: Arceus\n|-damage|p1a: Arceus|43\/100\n|\n|upkeep\n|turn|39\n|\n|t:|1700670603\n|move|p1a: Arceus|Recover|p1a: Arceus\n|-heal|p1a: Arceus|93\/100\n|move|p2a: Gyarados|Earthquake|p1a: Arceus\n|-supereffective|p1a: Arceus\n|-damage|p1a: Arceus|77\/100\n|\n|upkeep\n|turn|40\n|\n|t:|1700670609\n|move|p1a: Arceus|Stored Power|p2a: Gyarados\n|-damage|p2a: Gyarados|0 fnt\n|faint|p2a: Gyarados\n|\n|upkeep\n|c|\u2606DarkYoshi6|Clown\n|c|\u2606DarkYoshi6|\ud83e\udd21\n|\n|t:|1700670626\n|switch|p2a: Rillaboom|Rillaboom, M, shiny|95\/100\n|-fieldstart|move: Grassy Terrain|[from] ability: Grassy Surge|[of] p2a: Rillaboom\n|turn|41\n|\n|t:|1700670635\n|move|p1a: Arceus|Stored Power|p2a: Rillaboom\n|-damage|p2a: Rillaboom|0 fnt\n|faint|p2a: Rillaboom\n|\n|-heal|p1a: Arceus|83\/100|[from] Grassy Terrain\n|upkeep\n|\n|t:|1700670640\n|switch|p2a: Dialga|Dialga-Origin|100\/100\n|-ability|p2a: Dialga|Pressure\n|turn|42\n|c|\u2606SupernovaOnToaster|i actually found a toxic legend spammer\n|c|\u2606SupernovaOnToaster|i thought they all quit\n|\n|t:|1700670657\n|move|p1a: Arceus|Stored Power|p2a: Dialga\n|-resisted|p2a: Dialga\n|-damage|p2a: Dialga|46\/100\n|move|p2a: Dialga|Draco Meteor|p1a: Arceus\n|-resisted|p1a: Arceus\n|-damage|p1a: Arceus|75\/100\n|-unboost|p2a: Dialga|spa|2\n|\n|-heal|p1a: Arceus|81\/100|[from] Grassy Terrain\n|-heal|p2a: Dialga|52\/100|[from] Grassy Terrain\n|upkeep\n|turn|43\n|c|\u2606DarkYoshi6|I found a clown who does this dumb strat\n|c|\u2606SupernovaOnToaster|cope\n|\n|t:|1700670680\n|move|p1a: Arceus|Body Press|p2a: Dialga\n|-supereffective|p2a: Dialga\n|-damage|p2a: Dialga|0 fnt\n|faint|p2a: Dialga\n|\n|-heal|p1a: Arceus|87\/100|[from] Grassy Terrain\n|upkeep\n|\n|t:|1700670685\n|switch|p2a: Arceus|Arceus-Flying|100\/100\n|turn|44\n|c|\u2606DarkYoshi6|Die\n|\n|t:|1700670692\n|move|p2a: Arceus|Extreme Speed|p1a: Arceus\n|-resisted|p1a: Arceus\n|-damage|p1a: Arceus|85\/100\n|move|p1a: Arceus|Stored Power|p2a: Arceus\n|-damage|p2a: Arceus|23\/100\n|\n|-heal|p1a: Arceus|91\/100|[from] Grassy Terrain\n|upkeep\n|turn|45\n|c|\u2606SupernovaOnToaster|no thanks\n|\n|t:|1700670701\n|move|p2a: Arceus|Extreme Speed|p1a: Arceus\n|-resisted|p1a: Arceus\n|-damage|p1a: Arceus|89\/100\n|move|p1a: Arceus|Stored Power|p2a: Arceus\n|-damage|p2a: Arceus|0 fnt\n|faint|p2a: Arceus\n|\n|win|SupernovaOnToaster\n|raw|SupernovaOnToaster's rating: 1092 &rarr; <strong>1112<\/strong><br \/>(+20 for winning)\n|raw|DarkYoshi6's rating: 1007 &rarr; <strong>1000<\/strong><br \/>(-7 for losing)\n|c|\u2606DarkYoshi6|Yes please\n","uploadtime":1700670710,"views":18,"p1id":"supernovaontoaster","p2id":"darkyoshi6","formatid":"gen9nationaldexubers","rating":1000,"private":0,"password":""}