{"id":"gen9nationaldexubers-1990181397","p1":"Pecheur Tom","p2":"bgileguy","format":"[Gen 9] National Dex Ubers","log":"|j|\u2606Pecheur Tom\n|j|\u2606bgileguy\n|t:|1699933841\n|gametype|singles\n|player|p1|Pecheur Tom|1|1153\n|player|p2|bgileguy|koga|1208\n|teamsize|p1|6\n|teamsize|p2|6\n|gen|9\n|tier|[Gen 9] National Dex Ubers\n|rated|\n|rule|HP Percentage Mod: HP is shown in percentages\n|rule|Endless Battle Clause: Forcing endless battles is banned\n|rule|OHKO Clause: OHKO moves are banned\n|rule|Evasion Moves Clause: Evasion moves are banned\n|rule|Evasion Items Clause: Evasion items are banned\n|rule|Species Clause: Limit one of each Pok\u00e9mon\n|rule|Sleep Clause Mod: Limit one foe put to sleep\n|rule|Mega Rayquaza Clause: You cannot mega evolve Rayquaza\n|clearpoke\n|poke|p1|Nihilego|\n|poke|p1|Kartana|\n|poke|p1|Celesteela|\n|poke|p1|Xurkitree|\n|poke|p1|Buzzwole|\n|poke|p1|Naganadel|\n|poke|p2|Barbaracle, M|\n|poke|p2|Polteageist|\n|poke|p2|Raticate, M|\n|poke|p2|Marshadow|\n|poke|p2|Cloyster, M|\n|poke|p2|Diancie|\n|teampreview\n|c|\u2606bgileguy|nice\n|c|\u2606bgileguy|I had a team like this in gen 7\n|c|\u2606bgileguy|best one I ever made\n|c|\u2606bgileguy|Ubs mate\n|c|\u2606bgileguy|OP\n|inactive|Battle timer is ON: inactive players will automatically lose when time's up. (requested by Pecheur Tom)\n|c|\u2606bgileguy|I hope it's the classix xurk set\n|\n|t:|1699933898\n|start\n|switch|p1a: Kartana|Kartana, shiny|100\/100\n|switch|p2a: Mr. Miyagi|Marshadow|100\/100\n|turn|1\n|\n|t:|1699933915\n|switch|p1a: Buzzwole|Buzzwole, shiny|100\/100\n|move|p2a: Mr. Miyagi|Force Palm|p1a: Buzzwole\n|-resisted|p1a: Buzzwole\n|-damage|p1a: Buzzwole|86\/100\n|\n|-heal|p1a: Buzzwole|92\/100|[from] item: Leftovers\n|upkeep\n|turn|2\n|\n|t:|1699933941\n|switch|p2a: Carrie|Diancie, shiny|100\/100\n|move|p1a: Buzzwole|Ice Punch|p2a: Carrie\n|-damage|p2a: Carrie|77\/100\n|\n|-heal|p1a: Buzzwole|99\/100|[from] item: Leftovers\n|upkeep\n|turn|3\n|\n|t:|1699933949\n|switch|p1a: Kartana|Kartana, shiny|100\/100\n|detailschange|p2a: Carrie|Diancie-Mega, shiny\n|-mega|p2a: Carrie|Diancie|Diancite\n|move|p2a: Carrie|Stealth Rock|p1a: Kartana\n|-sidestart|p1: Pecheur Tom|move: Stealth Rock\n|\n|upkeep\n|turn|4\n|\n|t:|1699933956\n|move|p2a: Carrie|Mystical Fire|p1a: Kartana\n|-supereffective|p1a: Kartana\n|-enditem|p1a: Kartana|Focus Sash\n|-damage|p1a: Kartana|1\/100\n|-unboost|p1a: Kartana|spa|1\n|move|p1a: Kartana|Smart Strike|p2a: Carrie\n|-supereffective|p2a: Carrie\n|-damage|p2a: Carrie|0 fnt\n|faint|p2a: Carrie\n|-ability|p1a: Kartana|Beast Boost|boost\n|-boost|p1a: Kartana|atk|1\n|\n|upkeep\n|inactive|bgileguy has 120 seconds left.\n|\n|t:|1699933997\n|switch|p2a: Master Splinter|Raticate, M|100\/100\n|turn|5\n|\n|t:|1699934001\n|switch|p1a: Buzzwole|Buzzwole, shiny|99\/100\n|-damage|p1a: Buzzwole|86\/100|[from] Stealth Rock\n|move|p2a: Master Splinter|Protect||[still]\n|-fail|p2a: Master Splinter\n|\n|-heal|p1a: Buzzwole|92\/100|[from] item: Leftovers\n|-status|p2a: Master Splinter|brn|[from] item: Flame Orb\n|upkeep\n|turn|6\n|\n|t:|1699934012\n|switch|p2a: Mrs. Potts|Polteageist, shiny|100\/100\n|move|p1a: Buzzwole|Ice Punch|p2a: Mrs. Potts\n|-damage|p2a: Mrs. Potts|58\/100\n|\n|-heal|p1a: Buzzwole|99\/100|[from] item: Leftovers\n|upkeep\n|turn|7\n|\n|t:|1699934026\n|switch|p1a: Celesteela|Celesteela, shiny|100\/100\n|-damage|p1a: Celesteela|88\/100|[from] Stealth Rock\n|move|p2a: Mrs. Potts|Shell Smash|p2a: Mrs. Potts\n|-unboost|p2a: Mrs. Potts|def|1\n|-unboost|p2a: Mrs. Potts|spd|1\n|-boost|p2a: Mrs. Potts|atk|2\n|-boost|p2a: Mrs. Potts|spa|2\n|-boost|p2a: Mrs. Potts|spe|2\n|-enditem|p2a: Mrs. Potts|White Herb\n|-clearnegativeboost|p2a: Mrs. Potts|[silent]\n|\n|-heal|p1a: Celesteela|94\/100|[from] item: Leftovers\n|upkeep\n|turn|8\n|inactive|bgileguy has 120 seconds left.\n|\n|t:|1699934038\n|-terastallize|p1a: Celesteela|Steel\n|move|p2a: Mrs. Potts|Shadow Ball|p1a: Celesteela\n|-damage|p1a: Celesteela|28\/100\n|-unboost|p1a: Celesteela|spd|1\n|move|p1a: Celesteela|Heavy Slam|p2a: Mrs. Potts\n|-crit|p2a: Mrs. Potts\n|-damage|p2a: Mrs. Potts|0 fnt\n|faint|p2a: Mrs. Potts\n|-ability|p1a: Celesteela|Beast Boost|boost\n|-boost|p1a: Celesteela|spd|1\n|\n|-heal|p1a: Celesteela|34\/100|[from] item: Leftovers\n|upkeep\n|inactive|bgileguy has 90 seconds left.\n|\n|t:|1699934079\n|switch|p2a: Freddy Krueger|Barbaracle, M|100\/100\n|turn|9\n|\n|t:|1699934084\n|-terastallize|p2a: Freddy Krueger|Fighting\n|move|p2a: Freddy Krueger|Shell Smash|p2a: Freddy Krueger\n|-unboost|p2a: Freddy Krueger|def|1\n|-unboost|p2a: Freddy Krueger|spd|1\n|-boost|p2a: Freddy Krueger|atk|2\n|-boost|p2a: Freddy Krueger|spa|2\n|-boost|p2a: Freddy Krueger|spe|2\n|-enditem|p2a: Freddy Krueger|White Herb\n|-clearnegativeboost|p2a: Freddy Krueger|[silent]\n|move|p1a: Celesteela|Leech Seed|p2a: Freddy Krueger\n|-start|p2a: Freddy Krueger|move: Leech Seed\n|\n|-heal|p1a: Celesteela|40\/100|[from] item: Leftovers\n|-damage|p2a: Freddy Krueger|88\/100|[from] Leech Seed|[of] p1a: Celesteela\n|-heal|p1a: Celesteela|49\/100|[silent]\n|upkeep\n|turn|10\n|inactive|bgileguy has 90 seconds left.\n|\n|t:|1699934096\n|move|p2a: Freddy Krueger|Shell Smash|p2a: Freddy Krueger\n|-unboost|p2a: Freddy Krueger|def|1\n|-unboost|p2a: Freddy Krueger|spd|1\n|-boost|p2a: Freddy Krueger|atk|2\n|-boost|p2a: Freddy Krueger|spa|2\n|-boost|p2a: Freddy Krueger|spe|2\n|move|p1a: Celesteela|Heavy Slam|p2a: Freddy Krueger\n|-damage|p2a: Freddy Krueger|0 fnt\n|faint|p2a: Freddy Krueger\n|-ability|p1a: Celesteela|Beast Boost|boost\n|-boost|p1a: Celesteela|spd|1\n|\n|-heal|p1a: Celesteela|55\/100|[from] item: Leftovers\n|upkeep\n|c|\u2606bgileguy|lol\n|c|\u2606bgileguy|greed\n|-message|bgileguy forfeited.\n|\n|win|Pecheur Tom\n|raw|Pecheur Tom's rating: 1153 &rarr; <strong>1182<\/strong><br \/>(+29 for winning)\n|raw|bgileguy's rating: 1208 &rarr; <strong>1179<\/strong><br \/>(-29 for losing)\n|l|\u2606bgileguy\n","uploadtime":1699934113,"views":6,"p1id":"pecheurtom","p2id":"bgileguy","formatid":"gen9nationaldexubers","rating":1179,"private":0,"password":""}