{"id":"gen9nationaldexubers-1992316320","p1":"ArcheonOfWinter","p2":"Yannykai","format":"[Gen 9] National Dex Ubers","log":"|j|\u2606ArcheonOfWinter\n|j|\u2606Yannykai\n|t:|1700173958\n|gametype|singles\n|player|p1|ArcheonOfWinter|riley|\n|player|p2|Yannykai|266|\n|teamsize|p1|6\n|teamsize|p2|6\n|gen|9\n|tier|[Gen 9] National Dex Ubers\n|rule|HP Percentage Mod: HP is shown in percentages\n|rule|Endless Battle Clause: Forcing endless battles is banned\n|rule|OHKO Clause: OHKO moves are banned\n|rule|Evasion Moves Clause: Evasion moves are banned\n|rule|Evasion Items Clause: Evasion items are banned\n|rule|Species Clause: Limit one of each Pok\u00e9mon\n|rule|Sleep Clause Mod: Limit one foe put to sleep\n|rule|Mega Rayquaza Clause: You cannot mega evolve Rayquaza\n|clearpoke\n|poke|p1|Hatterene, F|\n|poke|p1|Abomasnow, F|\n|poke|p1|Golurk|\n|poke|p1|Slowking, F|\n|poke|p1|Indeedee-F, F|\n|poke|p1|Ursaluna, M|\n|poke|p2|Altaria, F|\n|poke|p2|Quaquaval, F|\n|poke|p2|Celebi|\n|poke|p2|Maushold-Four|\n|poke|p2|Zamazenta-*|\n|poke|p2|Goodra-Hisui, M|\n|teampreview\n|c|\u2606ArcheonOfWinter|gl hf!\n|j| PorygonTheBot\n|c| PorygonTheBot|y'all suck\n|c|\u2606Yannykai|Boy what the hell\n|c|\u2606ArcheonOfWinter|rude\n|c|\u2606Yannykai|good luck\n|\n|t:|1700174011\n|start\n|switch|p1a: Slowking|Slowking, F|100\/100\n|switch|p2a: Brigette|Celebi, shiny|100\/100\n|turn|1\n|\n|t:|1700174041\n|move|p2a: Brigette|Stealth Rock|p1a: Slowking\n|-sidestart|p1: ArcheonOfWinter|move: Stealth Rock\n|move|p1a: Slowking|Trick Room|p1a: Slowking\n|-fieldstart|move: Trick Room|[of] p1a: Slowking\n|\n|upkeep\n|turn|2\n|\n|t:|1700174047\n|move|p2a: Brigette|Giga Drain|p1a: Slowking\n|-supereffective|p1a: Slowking\n|-damage|p1a: Slowking|47\/100\n|move|p1a: Slowking|Chilly Reception|p1a: Slowking\n|-weather|Snow\n|\n|t:|1700174065\n|switch|p1a: Hatterene|Hatterene, F|100\/100|[from] Chilly Reception\n|-damage|p1a: Hatterene|88\/100|[from] Stealth Rock\n|\n|-weather|Snow|[upkeep]\n|-heal|p1a: Hatterene|94\/100|[from] item: Leftovers\n|upkeep\n|turn|3\n|\n|t:|1700174120\n|switch|p2a: Beloved Snail|Goodra-Hisui, M, shiny|100\/100\n|move|p1a: Hatterene|Mystical Fire|p2a: Beloved Snail\n|-damage|p2a: Beloved Snail|88\/100\n|-unboost|p2a: Beloved Snail|spa|1\n|\n|-weather|Snow|[upkeep]\n|-heal|p1a: Hatterene|99\/100|[from] item: Leftovers\n|upkeep\n|turn|4\n|\n|t:|1700174166\n|switch|p1a: Ursaluna|Ursaluna, M|100\/100\n|-damage|p1a: Ursaluna|94\/100|[from] Stealth Rock\n|move|p2a: Beloved Snail|Sludge Bomb|p1a: Ursaluna\n|-resisted|p1a: Ursaluna\n|-damage|p1a: Ursaluna|85\/100\n|-status|p1a: Ursaluna|psn\n|\n|-weather|Snow|[upkeep]\n|-damage|p1a: Ursaluna|73\/100 psn|[from] psn\n|upkeep\n|turn|5\n|\n|t:|1700174204\n|move|p1a: Ursaluna|Headlong Rush|p2a: Beloved Snail\n|-supereffective|p2a: Beloved Snail\n|-damage|p2a: Beloved Snail|0 fnt\n|-unboost|p1a: Ursaluna|def|1\n|-unboost|p1a: Ursaluna|spd|1\n|-ability|p2a: Beloved Snail|Gooey\n|-unboost|p1a: Ursaluna|spe|1\n|faint|p2a: Beloved Snail\n|\n|-weather|Snow|[upkeep]\n|-damage|p1a: Ursaluna|61\/100 psn|[from] psn\n|-fieldend|move: Trick Room\n|upkeep\n|\n|t:|1700174254\n|switch|p2a: Modest Mice|Maushold-Four, shiny|100\/100\n|turn|6\n|\n|t:|1700174272\n|switch|p1a: Indeedee|Indeedee-F, F|100\/100\n|-damage|p1a: Indeedee|88\/100|[from] Stealth Rock\n|-fieldstart|move: Psychic Terrain|[from] ability: Psychic Surge|[of] p1a: Indeedee\n|move|p2a: Modest Mice|Bullet Seed|p1a: Indeedee\n|-damage|p1a: Indeedee|80\/100\n|-damage|p1a: Indeedee|72\/100\n|-damage|p1a: Indeedee|64\/100\n|-damage|p1a: Indeedee|56\/100\n|-hitcount|p1a: Indeedee|4\n|\n|-weather|none\n|upkeep\n|turn|7\n|\n|t:|1700174293\n|move|p2a: Modest Mice|Bite|p1a: Indeedee\n|-supereffective|p1a: Indeedee\n|-damage|p1a: Indeedee|16\/100\n|move|p1a: Indeedee|Trick Room|p1a: Indeedee\n|-fieldstart|move: Trick Room|[of] p1a: Indeedee\n|\n|upkeep\n|turn|8\n|\n|t:|1700174310\n|move|p1a: Indeedee|Healing Wish|p1a: Indeedee\n|faint|p1a: Indeedee\n|move|p2a: Modest Mice|Bullet Seed|p1: Indeedee|[notarget]\n|-fail|p2a: Modest Mice\n|\n|upkeep\n|\n|t:|1700174313\n|switch|p1a: Ursaluna|Ursaluna, M|61\/100 psn\n|-heal|p1a: Ursaluna|100\/100|[from] move: Healing Wish\n|-damage|p1a: Ursaluna|94\/100|[from] Stealth Rock\n|turn|9\n|\n|t:|1700174323\n|move|p1a: Ursaluna|Close Combat|p2a: Modest Mice\n|-supereffective|p2a: Modest Mice\n|-damage|p2a: Modest Mice|0 fnt\n|-unboost|p1a: Ursaluna|def|1\n|-unboost|p1a: Ursaluna|spd|1\n|faint|p2a: Modest Mice\n|\n|-status|p1a: Ursaluna|brn|[from] item: Flame Orb\n|upkeep\n|\n|t:|1700174352\n|switch|p2a: Roman|Zamazenta-Crowned, shiny|100\/100\n|-ability|p2a: Roman|Dauntless Shield|boost\n|-boost|p2a: Roman|def|1\n|turn|10\n|\n|t:|1700174409\n|switch|p1a: Golurk|Golurk|100\/100\n|-damage|p1a: Golurk|94\/100|[from] Stealth Rock\n|move|p2a: Roman|Iron Defense|p2a: Roman\n|-boost|p2a: Roman|def|2\n|\n|upkeep\n|turn|11\n|j| PCGReno\n|\n|t:|1700174464\n|switch|p2a: Brigette|Celebi, shiny|100\/100\n|move|p1a: Golurk|Earthquake|p2a: Brigette\n|-resisted|p2a: Brigette\n|-damage|p2a: Brigette|67\/100\n|-damage|p1a: Golurk|85\/100|[from] item: Life Orb\n|\n|-fieldend|move: Trick Room\n|upkeep\n|turn|12\n|\n|t:|1700174489\n|switch|p1a: Hatterene|Hatterene, F|99\/100\n|-damage|p1a: Hatterene|88\/100|[from] Stealth Rock\n|move|p2a: Brigette|Giga Drain|p1a: Hatterene\n|-damage|p1a: Hatterene|51\/100\n|-heal|p2a: Brigette|85\/100|[from] drain|[of] p1a: Hatterene\n|\n|-heal|p1a: Hatterene|57\/100|[from] item: Leftovers\n|upkeep\n|turn|13\n|\n|t:|1700174515\n|move|p2a: Brigette|Earth Power|p1a: Hatterene\n|-damage|p1a: Hatterene|28\/100\n|move|p1a: Hatterene|Trick Room|p1a: Hatterene\n|-fieldstart|move: Trick Room|[of] p1a: Hatterene\n|\n|-heal|p1a: Hatterene|34\/100|[from] item: Leftovers\n|-fieldend|move: Psychic Terrain\n|upkeep\n|turn|14\n|j| AndohRuruka\n|\n|t:|1700174528\n|move|p1a: Hatterene|Mystical Fire|p2a: Brigette\n|-supereffective|p2a: Brigette\n|-damage|p2a: Brigette|25\/100\n|-unboost|p2a: Brigette|spa|1\n|move|p2a: Brigette|Giga Drain|p1a: Hatterene\n|-damage|p1a: Hatterene|8\/100\n|-heal|p2a: Brigette|37\/100|[from] drain|[of] p1a: Hatterene\n|\n|-heal|p1a: Hatterene|14\/100|[from] item: Leftovers\n|upkeep\n|turn|15\n|\n|t:|1700174539\n|move|p1a: Hatterene|Mystical Fire|p2a: Brigette\n|-supereffective|p2a: Brigette\n|-damage|p2a: Brigette|0 fnt\n|faint|p2a: Brigette\n|\n|-heal|p1a: Hatterene|20\/100|[from] item: Leftovers\n|upkeep\n|j| Captain_118\n|\n|t:|1700174570\n|switch|p2a: Roman|Zamazenta-Crowned, shiny|100\/100\n|turn|16\n|\n|t:|1700174581\n|move|p1a: Hatterene|Expanding Force|p2a: Roman\n|-damage|p2a: Roman|69\/100\n|move|p2a: Roman|Behemoth Bash|p1a: Hatterene\n|-supereffective|p1a: Hatterene\n|-damage|p1a: Hatterene|0 fnt\n|faint|p1a: Hatterene\n|\n|upkeep\n|c|\u2606Yannykai|Nice amount of health for Zamazenta\n|c|\u2606ArcheonOfWinter|nice\n|\n|t:|1700174612\n|switch|p1a: Ursaluna|Ursaluna, M|94\/100 brn\n|-damage|p1a: Ursaluna|88\/100 brn|[from] Stealth Rock\n|turn|17\n|\n|t:|1700174654\n|move|p1a: Ursaluna|Headlong Rush|p2a: Roman\n|-supereffective|p2a: Roman\n|-damage|p2a: Roman|0 fnt\n|-unboost|p1a: Ursaluna|def|1\n|-unboost|p1a: Ursaluna|spd|1\n|faint|p2a: Roman\n|\n|-damage|p1a: Ursaluna|82\/100 brn|[from] brn\n|-fieldend|move: Trick Room\n|upkeep\n|\n|t:|1700174664\n|switch|p2a: Funky Little Duck|Quaquaval, F, shiny|100\/100\n|turn|18\n|\n|t:|1700174684\n|switch|p1a: Slowking|Slowking, F|80\/100\n|-damage|p1a: Slowking|68\/100|[from] Stealth Rock\n|move|p2a: Funky Little Duck|Aqua Cutter|p1a: Slowking\n|-resisted|p1a: Slowking\n|-crit|p1a: Slowking\n|-damage|p1a: Slowking|51\/100\n|\n|upkeep\n|turn|19\n|\n|t:|1700174700\n|move|p2a: Funky Little Duck|Rapid Spin|p1a: Slowking\n|-damage|p1a: Slowking|39\/100\n|-boost|p2a: Funky Little Duck|spe|1\n|move|p1a: Slowking|Trick Room|p1a: Slowking\n|-fieldstart|move: Trick Room|[of] p1a: Slowking\n|\n|upkeep\n|turn|20\n|\n|t:|1700174718\n|move|p2a: Funky Little Duck|Rapid Spin|p1a: Slowking\n|-crit|p1a: Slowking\n|-damage|p1a: Slowking|19\/100\n|-boost|p2a: Funky Little Duck|spe|1\n|move|p1a: Slowking|Chilly Reception|p1a: Slowking\n|-weather|Snow\n|\n|t:|1700174725\n|switch|p1a: Abomasnow|Abomasnow, F|100\/100|[from] Chilly Reception\n|-damage|p1a: Abomasnow|76\/100|[from] Stealth Rock\n|\n|-weather|Snow|[upkeep]\n|upkeep\n|turn|21\n|\n|t:|1700174740\n|detailschange|p1a: Abomasnow|Abomasnow-Mega, F\n|-mega|p1a: Abomasnow|Abomasnow|Abomasite\n|move|p1a: Abomasnow|Wood Hammer|p2a: Funky Little Duck\n|-supereffective|p2a: Funky Little Duck\n|-damage|p2a: Funky Little Duck|0 fnt\n|faint|p2a: Funky Little Duck\n|-damage|p1a: Abomasnow|49\/100|[from] Recoil\n|\n|-weather|Snow|[upkeep]\n|upkeep\n|\n|t:|1700174747\n|switch|p2a: Cloud Berd|Altaria, F, shiny|100\/100\n|turn|22\n|l| AndohRuruka\n|\n|t:|1700174768\n|detailschange|p2a: Cloud Berd|Altaria-Mega, F, shiny\n|-mega|p2a: Cloud Berd|Altaria|Altarianite\n|move|p1a: Abomasnow|Blizzard|p2a: Cloud Berd\n|-supereffective|p2a: Cloud Berd\n|-damage|p2a: Cloud Berd|0 fnt\n|faint|p2a: Cloud Berd\n|\n|win|ArcheonOfWinter\n|l| PorygonTheBot\n|c|\u2606Yannykai|GGs\n|c|\u2606ArcheonOfWinter|gg!\n|l| PCGReno\n","uploadtime":1700174769,"views":36,"p1id":"archeonofwinter","p2id":"yannykai","formatid":"gen9nationaldexubers","rating":0,"private":0,"password":""}