{"id":"gen9nationaldexubers-1984446030","p1":"ANGRY BALL","p2":"Chaitanya15","format":"[Gen 9] National Dex Ubers","log":"|j|\u2606ANGRY BALL\n|j|\u2606Chaitanya15\n|t:|1699265010\n|gametype|singles\n|player|p1|ANGRY BALL|caitlin|1467\n|player|p2|Chaitanya15|265|1490\n|teamsize|p1|6\n|teamsize|p2|6\n|gen|9\n|tier|[Gen 9] National Dex Ubers\n|rated|\n|rule|HP Percentage Mod: HP is shown in percentages\n|rule|Endless Battle Clause: Forcing endless battles is banned\n|rule|OHKO Clause: OHKO moves are banned\n|rule|Evasion Moves Clause: Evasion moves are banned\n|rule|Evasion Items Clause: Evasion items are banned\n|rule|Species Clause: Limit one of each Pok\u00e9mon\n|rule|Sleep Clause Mod: Limit one foe put to sleep\n|rule|Mega Rayquaza Clause: You cannot mega evolve Rayquaza\n|clearpoke\n|poke|p1|Flutter Mane|\n|poke|p1|Clodsire, M|\n|poke|p1|Arceus-Dark|\n|poke|p1|Palkia-Origin|\n|poke|p1|Groudon|\n|poke|p1|Kyurem-Black|\n|poke|p2|Kingambit, F|\n|poke|p2|Basculegion, M|\n|poke|p2|Pikachu, F|\n|poke|p2|Kyogre|\n|poke|p2|Flutter Mane|\n|poke|p2|Deoxys-Speed|\n|teampreview\n|inactive|Battle timer is ON: inactive players will automatically lose when time's up. (requested by ANGRY BALL)\n|\n|t:|1699265018\n|start\n|switch|p1a: Flutter Mane|Flutter Mane|100\/100\n|switch|p2a: Deoxys|Deoxys-Speed|100\/100\n|-ability|p2a: Deoxys|Pressure\n|turn|1\n|\n|t:|1699265025\n|move|p2a: Deoxys|Stealth Rock|p1a: Flutter Mane\n|-sidestart|p1: ANGRY BALL|move: Stealth Rock\n|move|p1a: Flutter Mane|Shadow Ball|p2a: Deoxys\n|-supereffective|p2a: Deoxys\n|-enditem|p2a: Deoxys|Focus Sash\n|-damage|p2a: Deoxys|1\/100\n|-unboost|p2a: Deoxys|spd|1\n|\n|upkeep\n|turn|2\n|\n|t:|1699265035\n|move|p2a: Deoxys|Spikes|p1a: Flutter Mane\n|-sidestart|p1: ANGRY BALL|Spikes\n|move|p1a: Flutter Mane|Moonblast|p2a: Deoxys\n|-damage|p2a: Deoxys|0 fnt\n|faint|p2a: Deoxys\n|\n|upkeep\n|\n|t:|1699265043\n|switch|p2a: Flutter Mane|Flutter Mane|100\/100\n|-enditem|p2a: Flutter Mane|Booster Energy\n|-activate|p2a: Flutter Mane|ability: Protosynthesis|[fromitem]\n|-start|p2a: Flutter Mane|protosynthesisspe\n|turn|3\n|\n|t:|1699265057\n|move|p2a: Flutter Mane|Shadow Ball|p1a: Flutter Mane\n|-supereffective|p1a: Flutter Mane\n|-crit|p1a: Flutter Mane\n|-enditem|p1a: Flutter Mane|Focus Sash\n|-damage|p1a: Flutter Mane|1\/100\n|move|p1a: Flutter Mane|Shadow Ball|p2a: Flutter Mane\n|-supereffective|p2a: Flutter Mane\n|-crit|p2a: Flutter Mane\n|-damage|p2a: Flutter Mane|0 fnt\n|faint|p2a: Flutter Mane\n|-end|p2a: Flutter Mane|Protosynthesis|[silent]\n|\n|upkeep\n|\n|t:|1699265069\n|switch|p2a: Kingambit|Kingambit, F|100\/100\n|-activate|p2a: Kingambit|ability: Supreme Overlord\n|-start|p2a: Kingambit|fallen2|[silent]\n|turn|4\n|\n|t:|1699265074\n|move|p2a: Kingambit|Sucker Punch||[still]\n|-fail|p2a: Kingambit\n|move|p1a: Flutter Mane|Calm Mind|p1a: Flutter Mane\n|-boost|p1a: Flutter Mane|spa|1\n|-boost|p1a: Flutter Mane|spd|1\n|\n|upkeep\n|turn|5\n|\n|t:|1699265081\n|move|p2a: Kingambit|Sucker Punch||[still]\n|-fail|p2a: Kingambit\n|move|p1a: Flutter Mane|Calm Mind|p1a: Flutter Mane\n|-boost|p1a: Flutter Mane|spa|1\n|-boost|p1a: Flutter Mane|spd|1\n|\n|upkeep\n|turn|6\n|\n|t:|1699265087\n|move|p2a: Kingambit|Sucker Punch||[still]\n|-fail|p2a: Kingambit\n|move|p1a: Flutter Mane|Calm Mind|p1a: Flutter Mane\n|-boost|p1a: Flutter Mane|spa|1\n|-boost|p1a: Flutter Mane|spd|1\n|\n|upkeep\n|turn|7\n|\n|t:|1699265094\n|move|p1a: Flutter Mane|Calm Mind|p1a: Flutter Mane\n|-boost|p1a: Flutter Mane|spa|1\n|-boost|p1a: Flutter Mane|spd|1\n|move|p2a: Kingambit|Kowtow Cleave|p1a: Flutter Mane\n|-damage|p1a: Flutter Mane|0 fnt\n|faint|p1a: Flutter Mane\n|-end|p1a: Flutter Mane|Protosynthesis|[silent]\n|-damage|p2a: Kingambit|91\/100|[from] item: Life Orb\n|\n|upkeep\n|\n|t:|1699265097\n|switch|p1a: Arceus|Arceus-Dark|100\/100\n|-damage|p1a: Arceus|88\/100|[from] Stealth Rock\n|-damage|p1a: Arceus|76\/100|[from] Spikes\n|turn|8\n|\n|t:|1699265108\n|move|p1a: Arceus|Defog|p2a: Kingambit\n|-unboost|p2a: Kingambit|evasion|1\n|-sideend|p1: ANGRY BALL|Spikes|[from] move: Defog|[of] p1a: Arceus\n|-sideend|p1: ANGRY BALL|Stealth Rock|[from] move: Defog|[of] p1a: Arceus\n|move|p2a: Kingambit|Iron Head|p1a: Arceus\n|-damage|p1a: Arceus|25\/100\n|-damage|p2a: Kingambit|81\/100|[from] item: Life Orb\n|\n|upkeep\n|turn|9\n|\n|t:|1699265118\n|move|p1a: Arceus|Recover|p1a: Arceus\n|-heal|p1a: Arceus|75\/100\n|move|p2a: Kingambit|Iron Head|p1a: Arceus\n|-damage|p1a: Arceus|28\/100\n|-damage|p2a: Kingambit|71\/100|[from] item: Life Orb\n|\n|upkeep\n|turn|10\n|\n|t:|1699265125\n|move|p1a: Arceus|Recover|p1a: Arceus\n|-heal|p1a: Arceus|78\/100\n|move|p2a: Kingambit|Swords Dance|p2a: Kingambit\n|-boost|p2a: Kingambit|atk|2\n|\n|upkeep\n|turn|11\n|\n|t:|1699265132\n|move|p1a: Arceus|Recover|p1a: Arceus\n|-heal|p1a: Arceus|100\/100\n|move|p2a: Kingambit|Iron Head|p1a: Arceus\n|-damage|p1a: Arceus|5\/100\n|-damage|p2a: Kingambit|61\/100|[from] item: Life Orb\n|\n|upkeep\n|turn|12\n|\n|t:|1699265140\n|move|p1a: Arceus|Foul Play|p2a: Kingambit\n|-resisted|p2a: Kingambit\n|-damage|p2a: Kingambit|16\/100\n|move|p2a: Kingambit|Iron Head|p1a: Arceus\n|-damage|p1a: Arceus|0 fnt\n|faint|p1a: Arceus\n|-damage|p2a: Kingambit|6\/100|[from] item: Life Orb\n|\n|upkeep\n|\n|t:|1699265148\n|switch|p1a: Clodsire|Clodsire, M|100\/100\n|turn|13\n|\n|t:|1699265152\n|move|p2a: Kingambit|Kowtow Cleave|p1a: Clodsire\n|-damage|p1a: Clodsire|9\/100\n|-damage|p2a: Kingambit|0 fnt|[from] item: Life Orb\n|faint|p2a: Kingambit\n|-end|p2a: Kingambit|fallen2|[silent]\n|move|p1a: Clodsire|Earthquake|p2: Kingambit|[notarget]\n|-fail|p1a: Clodsire\n|\n|-heal|p1a: Clodsire|15\/100|[from] item: Leftovers\n|upkeep\n|\n|t:|1699265163\n|switch|p2a: Pikachu|Pikachu, F|100\/100\n|turn|14\n|\n|t:|1699265166\n|move|p2a: Pikachu|Fake Out|p1a: Clodsire\n|-damage|p1a: Clodsire|0 fnt\n|faint|p1a: Clodsire\n|\n|upkeep\n|\n|t:|1699265169\n|switch|p1a: Groudon|Groudon, shiny|100\/100\n|detailschange|p1a: Groudon|Groudon-Primal, shiny\n|-primal|p1a: Groudon|Red Orb\n|-weather|DesolateLand|[from] ability: Desolate Land|[of] p1a: Groudon\n|turn|15\n|\n|t:|1699265178\n|move|p2a: Pikachu|Extreme Speed|p1a: Groudon\n|-damage|p1a: Groudon|81\/100\n|move|p1a: Groudon|Precipice Blades|p2a: Pikachu|[miss]\n|-miss|p1a: Groudon|p2a: Pikachu\n|\n|-weather|DesolateLand|[upkeep]\n|upkeep\n|turn|16\n|\n|t:|1699265185\n|move|p2a: Pikachu|Extreme Speed|p1a: Groudon\n|-damage|p1a: Groudon|61\/100\n|move|p1a: Groudon|Heat Crash|p2a: Pikachu\n|-damage|p2a: Pikachu|0 fnt\n|faint|p2a: Pikachu\n|\n|-weather|DesolateLand|[upkeep]\n|upkeep\n|\n|t:|1699265194\n|switch|p2a: Basculegion|Basculegion, M|100\/100\n|turn|17\n|\n|t:|1699265198\n|move|p1a: Groudon|Precipice Blades|p2a: Basculegion\n|-damage|p2a: Basculegion|1\/100\n|move|p2a: Basculegion|Last Respects|p1a: Groudon\n|-damage|p1a: Groudon|0 fnt\n|faint|p1a: Groudon\n|-weather|none\n|\n|upkeep\n|\n|t:|1699265205\n|switch|p1a: Kyurem|Kyurem-Black|100\/100\n|-ability|p1a: Kyurem|Teravolt\n|turn|18\n|\n|t:|1699265211\n|switch|p2a: Kyogre|Kyogre|100\/100\n|-weather|RainDance|[from] ability: Drizzle|[of] p2a: Kyogre\n|move|p1a: Kyurem|Scale Shot|p2a: Kyogre\n|-damage|p2a: Kyogre|82\/100\n|-damage|p2a: Kyogre|63\/100\n|-damage|p2a: Kyogre|44\/100\n|-damage|p2a: Kyogre|24\/100\n|-hitcount|p2a: Kyogre|4\n|-unboost|p1a: Kyurem|def|1\n|-boost|p1a: Kyurem|spe|1\n|\n|-weather|RainDance|[upkeep]\n|upkeep\n|turn|19\n|\n|t:|1699265227\n|move|p2a: Kyogre|Ancient Power|p1a: Kyurem\n|-supereffective|p1a: Kyurem\n|-damage|p1a: Kyurem|55\/100\n|move|p1a: Kyurem|Scale Shot|p2a: Kyogre|[miss]\n|-miss|p1a: Kyurem|p2a: Kyogre\n|\n|-weather|RainDance|[upkeep]\n|upkeep\n|turn|20\n|\n|t:|1699265236\n|move|p2a: Kyogre|Ancient Power|p1a: Kyurem\n|-supereffective|p1a: Kyurem\n|-damage|p1a: Kyurem|7\/100\n|move|p1a: Kyurem|Scale Shot|p2a: Kyogre\n|-damage|p2a: Kyogre|5\/100\n|-damage|p2a: Kyogre|0 fnt\n|faint|p2a: Kyogre\n|-hitcount|p2: Kyogre|2\n|-unboost|p1a: Kyurem|def|1\n|-boost|p1a: Kyurem|spe|1\n|\n|-weather|RainDance|[upkeep]\n|upkeep\n|\n|t:|1699265248\n|switch|p2a: Basculegion|Basculegion, M|1\/100\n|turn|21\n|\n|t:|1699265252\n|move|p1a: Kyurem|Scale Shot|p2a: Basculegion|[miss]\n|-miss|p1a: Kyurem|p2a: Basculegion\n|move|p2a: Basculegion|Last Respects|p1a: Kyurem\n|-damage|p1a: Kyurem|0 fnt\n|faint|p1a: Kyurem\n|\n|-weather|RainDance|[upkeep]\n|upkeep\n|\n|t:|1699265255\n|switch|p1a: Palkia|Palkia-Origin|100\/100\n|-ability|p1a: Palkia|Pressure\n|turn|22\n|\n|t:|1699265264\n|move|p2a: Basculegion|Last Respects|p1a: Palkia\n|-damage|p1a: Palkia|0 fnt\n|faint|p1a: Palkia\n|\n|win|Chaitanya15\n|raw|ANGRY BALL's rating: 1467 &rarr; <strong>1448<\/strong><br \/>(-19 for losing)\n|raw|Chaitanya15's rating: 1490 &rarr; <strong>1509<\/strong><br \/>(+19 for winning)\n|c|\u2606Chaitanya15|Gg\n|l|\u2606ANGRY BALL\n","uploadtime":1699265277,"views":6,"p1id":"angryball","p2id":"chaitanya15","formatid":"gen9nationaldexubers","rating":1448,"private":0,"password":""}