{"id":"gen9nationaldexubers-1993247989","p1":"EABL XD","p2":"AztroNation","format":"[Gen 9] National Dex Ubers","log":"|j|\u2606EABL XD\n|j|\u2606AztroNation\n|t:|1700283883\n|gametype|singles\n|player|p1|EABL XD|gambler|1286\n|player|p2|AztroNation|red|1308\n|teamsize|p1|6\n|teamsize|p2|6\n|gen|9\n|tier|[Gen 9] National Dex Ubers\n|rated|\n|rule|HP Percentage Mod: HP is shown in percentages\n|rule|Endless Battle Clause: Forcing endless battles is banned\n|rule|OHKO Clause: OHKO moves are banned\n|rule|Evasion Moves Clause: Evasion moves are banned\n|rule|Evasion Items Clause: Evasion items are banned\n|rule|Species Clause: Limit one of each Pok\u00e9mon\n|rule|Sleep Clause Mod: Limit one foe put to sleep\n|rule|Mega Rayquaza Clause: You cannot mega evolve Rayquaza\n|clearpoke\n|poke|p1|Ho-Oh|\n|poke|p1|Arceus-Ghost|\n|poke|p1|Mawile, F|\n|poke|p1|Galvantula, F|\n|poke|p1|Iron Treads|\n|poke|p1|Groudon|\n|poke|p2|Calyrex-Ice|\n|poke|p2|Blaziken, M|\n|poke|p2|Pheromosa|\n|poke|p2|Kartana|\n|poke|p2|Kyogre|\n|poke|p2|Blacephalon|\n|teampreview\n|\n|t:|1700283888\n|start\n|switch|p1a: Tula|Galvantula, F|100\/100\n|switch|p2a: Calyrex|Calyrex-Ice|100\/100\n|-ability|p2a: Calyrex|As One\n|-ability|p2a: Calyrex|Unnerve\n|turn|1\n|\n|t:|1700283899\n|move|p1a: Tula|Thunder Wave|p2a: Calyrex\n|-status|p2a: Calyrex|par\n|cant|p2a: Calyrex|par\n|\n|upkeep\n|turn|2\n|\n|t:|1700283904\n|move|p1a: Tula|Sticky Web|p2a: Calyrex\n|-sidestart|p2: AztroNation|move: Sticky Web\n|move|p2a: Calyrex|Glacial Lance|p1a: Tula\n|-enditem|p1a: Tula|Focus Sash\n|-damage|p1a: Tula|1\/100\n|\n|upkeep\n|turn|3\n|\n|t:|1700283914\n|switch|p1a: Don|Groudon, shiny|100\/100\n|detailschange|p1a: Don|Groudon-Primal, shiny\n|-primal|p1a: Don|Red Orb\n|-weather|DesolateLand|[from] ability: Desolate Land|[of] p1a: Don\n|cant|p2a: Calyrex|par\n|\n|-weather|DesolateLand|[upkeep]\n|upkeep\n|turn|4\n|\n|t:|1700283922\n|move|p1a: Don|Thunder Punch|p2a: Calyrex\n|-damage|p2a: Calyrex|73\/100 par\n|move|p2a: Calyrex|Glacial Lance|p1a: Don\n|-damage|p1a: Don|50\/100\n|\n|-weather|DesolateLand|[upkeep]\n|upkeep\n|turn|5\n|\n|t:|1700283929\n|move|p1a: Don|Heat Crash|p2a: Calyrex\n|-supereffective|p2a: Calyrex\n|-damage|p2a: Calyrex|10\/100 par\n|move|p2a: Calyrex|Glacial Lance|p1a: Don\n|-damage|p1a: Don|3\/100\n|\n|-weather|DesolateLand|[upkeep]\n|upkeep\n|turn|6\n|\n|t:|1700283936\n|move|p1a: Don|Thunder Punch|p2a: Calyrex\n|-damage|p2a: Calyrex|0 fnt\n|faint|p2a: Calyrex\n|\n|-weather|DesolateLand|[upkeep]\n|upkeep\n|\n|t:|1700283945\n|switch|p2a: Kartana|Kartana|100\/100\n|-activate|p2a: Kartana|move: Sticky Web\n|-unboost|p2a: Kartana|spe|1\n|turn|7\n|\n|t:|1700283977\n|move|p2a: Kartana|Leaf Blade|p1a: Don\n|-crit|p1a: Don\n|-damage|p1a: Don|0 fnt\n|faint|p1a: Don\n|-weather|none\n|-ability|p2a: Kartana|Beast Boost|boost\n|-boost|p2a: Kartana|atk|1\n|\n|upkeep\n|\n|t:|1700283985\n|switch|p1a: P\u00e1jaro Feo|Ho-Oh, shiny|100\/100\n|turn|8\n|\n|t:|1700283991\n|-terastallize|p2a: Kartana|Water\n|move|p2a: Kartana|Leaf Blade|p1a: P\u00e1jaro Feo\n|-resisted|p1a: P\u00e1jaro Feo\n|-damage|p1a: P\u00e1jaro Feo|72\/100\n|-zpower|p1a: P\u00e1jaro Feo\n|move|p1a: P\u00e1jaro Feo|Z-Celebrate|p1a: P\u00e1jaro Feo|[anim]Celebrate\n|-boost|p1a: P\u00e1jaro Feo|atk|1|[zeffect]\n|-boost|p1a: P\u00e1jaro Feo|def|1|[zeffect]\n|-boost|p1a: P\u00e1jaro Feo|spa|1|[zeffect]\n|-boost|p1a: P\u00e1jaro Feo|spd|1|[zeffect]\n|-boost|p1a: P\u00e1jaro Feo|spe|1|[zeffect]\n|-activate|p1a: P\u00e1jaro Feo|move: Celebrate\n|\n|upkeep\n|turn|9\n|\n|t:|1700284003\n|move|p1a: P\u00e1jaro Feo|Earthquake|p2a: Kartana\n|-damage|p2a: Kartana|39\/100\n|move|p2a: Kartana|Leaf Blade|p1a: P\u00e1jaro Feo\n|-resisted|p1a: P\u00e1jaro Feo\n|-damage|p1a: P\u00e1jaro Feo|55\/100\n|\n|upkeep\n|turn|10\n|\n|t:|1700284010\n|move|p1a: P\u00e1jaro Feo|Earthquake|p2a: Kartana\n|-damage|p2a: Kartana|0 fnt\n|faint|p2a: Kartana\n|\n|upkeep\n|\n|t:|1700284015\n|switch|p2a: Kyogre|Kyogre|100\/100\n|-activate|p2a: Kyogre|move: Sticky Web\n|-unboost|p2a: Kyogre|spe|1\n|detailschange|p2a: Kyogre|Kyogre-Primal\n|-primal|p2a: Kyogre|Blue Orb\n|-weather|PrimordialSea|[from] ability: Primordial Sea|[of] p2a: Kyogre\n|turn|11\n|\n|t:|1700284022\n|move|p1a: P\u00e1jaro Feo|Brave Bird|p2a: Kyogre\n|-damage|p2a: Kyogre|0 fnt\n|faint|p2a: Kyogre\n|-weather|none\n|-damage|p1a: P\u00e1jaro Feo|17\/100|[from] Recoil\n|\n|upkeep\n|\n|t:|1700284028\n|switch|p2a: Blaziken|Blaziken, M|100\/100\n|-activate|p2a: Blaziken|move: Sticky Web\n|-unboost|p2a: Blaziken|spe|1\n|turn|12\n|\n|t:|1700284034\n|move|p2a: Blaziken|Protect|p2a: Blaziken\n|-singleturn|p2a: Blaziken|Protect\n|move|p1a: P\u00e1jaro Feo|Brave Bird|p2a: Blaziken\n|-activate|p2a: Blaziken|move: Protect\n|\n|-ability|p2a: Blaziken|Speed Boost|boost\n|-boost|p2a: Blaziken|spe|1\n|upkeep\n|turn|13\n|\n|t:|1700284046\n|detailschange|p2a: Blaziken|Blaziken-Mega, M\n|-mega|p2a: Blaziken|Blaziken|Blazikenite\n|move|p1a: P\u00e1jaro Feo|Brave Bird|p2a: Blaziken\n|-supereffective|p2a: Blaziken\n|-damage|p2a: Blaziken|0 fnt\n|faint|p2a: Blaziken\n|-damage|p1a: P\u00e1jaro Feo|0 fnt|[from] Recoil\n|faint|p1a: P\u00e1jaro Feo\n|\n|upkeep\n|\n|t:|1700284059\n|switch|p2a: Blacephalon|Blacephalon|100\/100\n|switch|p1a: Tula|Galvantula, F|1\/100\n|-activate|p2a: Blacephalon|move: Sticky Web\n|-unboost|p2a: Blacephalon|spe|1\n|turn|14\n|\n|t:|1700284082\n|move|p1a: Tula|Thunder Wave|p2a: Blacephalon\n|-status|p2a: Blacephalon|par\n|move|p2a: Blacephalon|Fire Blast|p1a: Tula\n|-supereffective|p1a: Tula\n|-damage|p1a: Tula|0 fnt\n|faint|p1a: Tula\n|-ability|p2a: Blacephalon|Beast Boost|boost\n|-boost|p2a: Blacephalon|spa|1\n|\n|upkeep\n|\n|t:|1700284095\n|switch|p1a: Iron Treads|Iron Treads|100\/100\n|-enditem|p1a: Iron Treads|Booster Energy\n|-activate|p1a: Iron Treads|ability: Quark Drive|[fromitem]\n|-start|p1a: Iron Treads|quarkdriveatk\n|turn|15\n|\n|t:|1700284100\n|move|p1a: Iron Treads|Stealth Rock|p2a: Blacephalon\n|-sidestart|p2: AztroNation|move: Stealth Rock\n|move|p2a: Blacephalon|Fire Blast|p1a: Iron Treads\n|-supereffective|p1a: Iron Treads\n|-damage|p1a: Iron Treads|0 fnt\n|faint|p1a: Iron Treads\n|-end|p1a: Iron Treads|Quark Drive|[silent]\n|-ability|p2a: Blacephalon|Beast Boost|boost\n|-boost|p2a: Blacephalon|spa|1\n|\n|upkeep\n|\n|t:|1700284105\n|switch|p1a: Maya|Mawile, F, shiny|100\/100\n|turn|16\n|\n|t:|1700284112\n|detailschange|p1a: Maya|Mawile-Mega, F, shiny\n|-mega|p1a: Maya|Mawile|Mawilite\n|move|p1a: Maya|Sucker Punch|p2a: Blacephalon\n|-supereffective|p2a: Blacephalon\n|-damage|p2a: Blacephalon|0 fnt\n|faint|p2a: Blacephalon\n|\n|upkeep\n|\n|t:|1700284119\n|switch|p2a: Pheromosa|Pheromosa|100\/100\n|-activate|p2a: Pheromosa|move: Sticky Web\n|-unboost|p2a: Pheromosa|spe|1\n|-damage|p2a: Pheromosa|88\/100|[from] Stealth Rock\n|turn|17\n|\n|t:|1700284128\n|switch|p1a: Arceus|Arceus-Ghost|100\/100\n|move|p2a: Pheromosa|Poison Jab|p1a: Arceus\n|-resisted|p1a: Arceus\n|-damage|p1a: Arceus|87\/100\n|-damage|p2a: Pheromosa|78\/100|[from] item: Life Orb\n|\n|upkeep\n|turn|18\n|\n|t:|1700284144\n|-terastallize|p1a: Arceus|Ghost\n|move|p1a: Arceus|Judgment|p2a: Pheromosa\n|-damage|p2a: Pheromosa|0 fnt\n|faint|p2a: Pheromosa\n|\n|win|EABL XD\n|raw|EABL XD's rating: 1286 &rarr; <strong>1313<\/strong><br \/>(+27 for winning)\n|raw|AztroNation's rating: 1308 &rarr; <strong>1287<\/strong><br \/>(-21 for losing)\n|l|\u2606AztroNation\n","uploadtime":1700284159,"views":8,"p1id":"eablxd","p2id":"aztronation","formatid":"gen9nationaldexubers","rating":1287,"private":0,"password":""}