{"id":"gen9nationaldexubers-1997687608","p1":"JustMonika_CARR","p2":"Theverynotsusman","format":"[Gen 9] National Dex Ubers","log":"|j|\u2606JustMonika_CARR\n|j|\u2606Theverynotsusman\n|t:|1700841867\n|gametype|singles\n|player|p1|JustMonika_CARR|rosa|1400\n|player|p2|Theverynotsusman|swimmerf-gen4|1298\n|teamsize|p1|6\n|teamsize|p2|6\n|gen|9\n|tier|[Gen 9] National Dex Ubers\n|rated|\n|rule|HP Percentage Mod: HP is shown in percentages\n|rule|Endless Battle Clause: Forcing endless battles is banned\n|rule|OHKO Clause: OHKO moves are banned\n|rule|Evasion Moves Clause: Evasion moves are banned\n|rule|Evasion Items Clause: Evasion items are banned\n|rule|Species Clause: Limit one of each Pok\u00e9mon\n|rule|Sleep Clause Mod: Limit one foe put to sleep\n|rule|Mega Rayquaza Clause: You cannot mega evolve Rayquaza\n|clearpoke\n|poke|p1|Marshadow|\n|poke|p1|Pheromosa|\n|poke|p1|Gothitelle, F|\n|poke|p1|Deoxys-Speed|\n|poke|p1|Arceus|\n|poke|p1|Durant, F|\n|poke|p2|Sceptile, F|\n|poke|p2|Greninja-*, M|\n|poke|p2|Tapu Fini|\n|poke|p2|Diancie|\n|poke|p2|Dragapult, F|\n|poke|p2|Clodsire, M|\n|teampreview\n|\n|t:|1700841882\n|start\n|switch|p1a: Deoxys|Deoxys-Speed, shiny|100\/100\n|switch|p2a: Dragapult|Dragapult, F|100\/100\n|-ability|p1a: Deoxys|Pressure\n|turn|1\n|\n|t:|1700841890\n|move|p1a: Deoxys|Reflect|p1a: Deoxys\n|-sidestart|p1: JustMonika_CARR|Reflect\n|move|p2a: Dragapult|Dragon Dance|p2a: Dragapult\n|-boost|p2a: Dragapult|atk|1\n|-boost|p2a: Dragapult|spe|1\n|\n|upkeep\n|turn|2\n|\n|t:|1700841900\n|move|p2a: Dragapult|Dragon Dance|p2a: Dragapult\n|-boost|p2a: Dragapult|atk|1\n|-boost|p2a: Dragapult|spe|1\n|move|p1a: Deoxys|Stealth Rock|p2a: Dragapult\n|-sidestart|p2: Theverynotsusman|move: Stealth Rock\n|\n|upkeep\n|turn|3\n|\n|t:|1700841905\n|move|p2a: Dragapult|Dragon Darts|p1a: Deoxys\n|-damage|p1a: Deoxys|69\/100\n|-anim|p2a: Dragapult|Dragon Darts|p1a: Deoxys\n|-damage|p1a: Deoxys|41\/100\n|move|p1a: Deoxys|Light Screen|p1a: Deoxys\n|-sidestart|p1: JustMonika_CARR|move: Light Screen\n|\n|upkeep\n|turn|4\n|\n|t:|1700841912\n|move|p2a: Dragapult|Dragon Darts|p1a: Deoxys\n|-crit|p1a: Deoxys\n|-damage|p1a: Deoxys|0 fnt\n|faint|p1a: Deoxys\n|\n|upkeep\n|\n|t:|1700841914\n|switch|p1a: Marshadow|Marshadow|100\/100\n|turn|5\n|\n|t:|1700841921\n|-zpower|p2a: Dragapult\n|move|p2a: Dragapult|Never-Ending Nightmare|p1a: Marshadow|[zeffect]\n|-supereffective|p1a: Marshadow\n|-enditem|p1a: Marshadow|Focus Sash\n|-damage|p1a: Marshadow|1\/100\n|move|p1a: Marshadow|Spectral Thief||[still]\n|-clearpositiveboost|p2a: Dragapult|p1a: Marshadow|move: Spectral Thief\n|-boost|p1a: Marshadow|atk|2\n|-boost|p1a: Marshadow|spe|2\n|-anim|p1a: Marshadow|Spectral Thief|p2a: Dragapult\n|-supereffective|p2a: Dragapult\n|-damage|p2a: Dragapult|0 fnt\n|faint|p2a: Dragapult\n|\n|upkeep\n|c|\u2606JustMonika_CARR|????\n|c|\u2606JustMonika_CARR|Why not dragon darts\n|\n|t:|1700841938\n|switch|p2a: Diancie|Diancie|100\/100\n|-damage|p2a: Diancie|88\/100|[from] Stealth Rock\n|turn|6\n|\n|t:|1700841943\n|move|p1a: Marshadow|Close Combat|p2a: Diancie\n|-damage|p2a: Diancie|0 fnt\n|-unboost|p1a: Marshadow|def|1\n|-unboost|p1a: Marshadow|spd|1\n|faint|p2a: Diancie\n|\n|upkeep\n|\n|t:|1700841951\n|switch|p2a: Clodsire|Clodsire, M|100\/100\n|-damage|p2a: Clodsire|94\/100|[from] Stealth Rock\n|turn|7\n|\n|t:|1700841957\n|move|p1a: Marshadow|Close Combat|p2a: Clodsire\n|-resisted|p2a: Clodsire\n|-damage|p2a: Clodsire|27\/100\n|-unboost|p1a: Marshadow|def|1\n|-unboost|p1a: Marshadow|spd|1\n|move|p2a: Clodsire|Earthquake|p1a: Marshadow\n|-damage|p1a: Marshadow|0 fnt\n|faint|p1a: Marshadow\n|\n|-heal|p2a: Clodsire|33\/100|[from] item: Leftovers\n|upkeep\n|\n|t:|1700841965\n|switch|p1a: Arceus|Arceus|100\/100\n|turn|8\n|\n|t:|1700841969\n|move|p1a: Arceus|Cosmic Power|p1a: Arceus\n|-boost|p1a: Arceus|def|1\n|-boost|p1a: Arceus|spd|1\n|move|p2a: Clodsire|Toxic Spikes|p1a: Arceus\n|-sidestart|p1: JustMonika_CARR|move: Toxic Spikes\n|\n|-heal|p2a: Clodsire|40\/100|[from] item: Leftovers\n|-sideend|p1: JustMonika_CARR|Reflect\n|upkeep\n|turn|9\n|\n|t:|1700841974\n|move|p1a: Arceus|Cosmic Power|p1a: Arceus\n|-boost|p1a: Arceus|def|1\n|-boost|p1a: Arceus|spd|1\n|move|p2a: Clodsire|Toxic Spikes|p1a: Arceus\n|-sidestart|p1: JustMonika_CARR|move: Toxic Spikes\n|\n|-heal|p2a: Clodsire|46\/100|[from] item: Leftovers\n|upkeep\n|turn|10\n|\n|t:|1700841979\n|switch|p2a: Sceptile|Sceptile, F|100\/100\n|-damage|p2a: Sceptile|88\/100|[from] Stealth Rock\n|move|p1a: Arceus|Cosmic Power|p1a: Arceus\n|-boost|p1a: Arceus|def|1\n|-boost|p1a: Arceus|spd|1\n|\n|-sideend|p1: JustMonika_CARR|move: Light Screen\n|upkeep\n|turn|11\n|\n|t:|1700841984\n|detailschange|p2a: Sceptile|Sceptile-Mega, F\n|-mega|p2a: Sceptile|Sceptile|Sceptilite\n|move|p2a: Sceptile|Leech Seed|p1a: Arceus\n|-start|p1a: Arceus|move: Leech Seed\n|move|p1a: Arceus|Stored Power|p2a: Sceptile\n|-damage|p2a: Sceptile|36\/100\n|\n|-damage|p1a: Arceus|88\/100|[from] Leech Seed|[of] p2a: Sceptile\n|-heal|p2a: Sceptile|55\/100|[silent]\n|upkeep\n|turn|12\n|\n|t:|1700841990\n|move|p2a: Sceptile|Substitute|p2a: Sceptile\n|-start|p2a: Sceptile|Substitute\n|-damage|p2a: Sceptile|30\/100\n|move|p1a: Arceus|Cosmic Power|p1a: Arceus\n|-boost|p1a: Arceus|def|1\n|-boost|p1a: Arceus|spd|1\n|\n|-damage|p1a: Arceus|76\/100|[from] Leech Seed|[of] p2a: Sceptile\n|-heal|p2a: Sceptile|48\/100|[silent]\n|upkeep\n|turn|13\n|\n|t:|1700841996\n|move|p2a: Sceptile|Giga Drain|p1a: Arceus\n|-damage|p1a: Arceus|68\/100\n|-heal|p2a: Sceptile|54\/100|[from] drain|[of] p1a: Arceus\n|move|p1a: Arceus|Cosmic Power|p1a: Arceus\n|-boost|p1a: Arceus|def|1\n|-boost|p1a: Arceus|spd|1\n|\n|-damage|p1a: Arceus|56\/100|[from] Leech Seed|[of] p2a: Sceptile\n|-heal|p2a: Sceptile|73\/100|[silent]\n|upkeep\n|turn|14\n|\n|t:|1700842002\n|move|p2a: Sceptile|Giga Drain|p1a: Arceus\n|-damage|p1a: Arceus|48\/100\n|-heal|p2a: Sceptile|78\/100|[from] drain|[of] p1a: Arceus\n|move|p1a: Arceus|Cosmic Power|p1a: Arceus\n|-boost|p1a: Arceus|def|1\n|-boost|p1a: Arceus|spd|1\n|\n|-damage|p1a: Arceus|36\/100|[from] Leech Seed|[of] p2a: Sceptile\n|-heal|p2a: Sceptile|97\/100|[silent]\n|upkeep\n|turn|15\n|\n|t:|1700842012\n|move|p2a: Sceptile|Giga Drain|p1a: Arceus\n|-damage|p1a: Arceus|30\/100\n|-heal|p2a: Sceptile|100\/100|[from] drain|[of] p1a: Arceus\n|move|p1a: Arceus|Rest|p1a: Arceus\n|-status|p1a: Arceus|slp|[from] move: Rest\n|-heal|p1a: Arceus|100\/100 slp|[silent]\n|-enditem|p1a: Arceus|Chesto Berry|[eat]\n|-curestatus|p1a: Arceus|slp|[msg]\n|\n|-damage|p1a: Arceus|88\/100|[from] Leech Seed|[of] p2a: Sceptile\n|upkeep\n|turn|16\n|\n|t:|1700842021\n|move|p2a: Sceptile|Giga Drain|p1a: Arceus\n|-damage|p1a: Arceus|82\/100\n|move|p1a: Arceus|Stored Power|p2a: Sceptile\n|-end|p2a: Sceptile|Substitute\n|\n|-damage|p1a: Arceus|69\/100|[from] Leech Seed|[of] p2a: Sceptile\n|upkeep\n|turn|17\n|\n|t:|1700842028\n|move|p2a: Sceptile|Substitute|p2a: Sceptile\n|-start|p2a: Sceptile|Substitute\n|-damage|p2a: Sceptile|76\/100\n|move|p1a: Arceus|Stored Power|p2a: Sceptile\n|-end|p2a: Sceptile|Substitute\n|\n|-damage|p1a: Arceus|57\/100|[from] Leech Seed|[of] p2a: Sceptile\n|-heal|p2a: Sceptile|94\/100|[silent]\n|upkeep\n|turn|18\n|\n|t:|1700842036\n|move|p2a: Sceptile|Substitute|p2a: Sceptile\n|-start|p2a: Sceptile|Substitute\n|-damage|p2a: Sceptile|69\/100\n|move|p1a: Arceus|Stored Power|p2a: Sceptile\n|-end|p2a: Sceptile|Substitute\n|\n|-damage|p1a: Arceus|45\/100|[from] Leech Seed|[of] p2a: Sceptile\n|-heal|p2a: Sceptile|88\/100|[silent]\n|upkeep\n|turn|19\n|\n|t:|1700842044\n|move|p2a: Sceptile|Substitute|p2a: Sceptile\n|-start|p2a: Sceptile|Substitute\n|-damage|p2a: Sceptile|63\/100\n|move|p1a: Arceus|Stored Power|p2a: Sceptile\n|-end|p2a: Sceptile|Substitute\n|\n|-damage|p1a: Arceus|32\/100|[from] Leech Seed|[of] p2a: Sceptile\n|-heal|p2a: Sceptile|81\/100|[silent]\n|upkeep\n|turn|20\n|\n|t:|1700842048\n|move|p2a: Sceptile|Substitute|p2a: Sceptile\n|-start|p2a: Sceptile|Substitute\n|-damage|p2a: Sceptile|57\/100\n|move|p1a: Arceus|Rest|p1a: Arceus\n|-status|p1a: Arceus|slp|[from] move: Rest\n|-heal|p1a: Arceus|100\/100 slp|[silent]\n|\n|-damage|p1a: Arceus|88\/100 slp|[from] Leech Seed|[of] p2a: Sceptile\n|-heal|p2a: Sceptile|75\/100|[silent]\n|upkeep\n|turn|21\n|\n|t:|1700842054\n|move|p2a: Sceptile|Giga Drain|p1a: Arceus\n|-damage|p1a: Arceus|81\/100 slp\n|-heal|p2a: Sceptile|80\/100|[from] drain|[of] p1a: Arceus\n|cant|p1a: Arceus|slp\n|\n|-damage|p1a: Arceus|69\/100 slp|[from] Leech Seed|[of] p2a: Sceptile\n|-heal|p2a: Sceptile|98\/100|[silent]\n|upkeep\n|turn|22\n|inactive|Battle timer is ON: inactive players will automatically lose when time's up. (requested by Theverynotsusman)\n|\n|t:|1700842069\n|move|p2a: Sceptile|Giga Drain|p1a: Arceus\n|-damage|p1a: Arceus|63\/100 slp\n|-heal|p2a: Sceptile|100\/100|[from] drain|[of] p1a: Arceus\n|cant|p1a: Arceus|slp\n|\n|-damage|p1a: Arceus|51\/100 slp|[from] Leech Seed|[of] p2a: Sceptile\n|upkeep\n|turn|23\n|\n|t:|1700842077\n|move|p2a: Sceptile|Giga Drain|p1a: Arceus\n|-damage|p1a: Arceus|44\/100 slp\n|-curestatus|p1a: Arceus|slp|[msg]\n|move|p1a: Arceus|Stored Power|p2a: Sceptile\n|-end|p2a: Sceptile|Substitute\n|\n|-damage|p1a: Arceus|32\/100|[from] Leech Seed|[of] p2a: Sceptile\n|upkeep\n|turn|24\n|\n|t:|1700842091\n|move|p2a: Sceptile|Substitute|p2a: Sceptile\n|-start|p2a: Sceptile|Substitute\n|-damage|p2a: Sceptile|76\/100\n|move|p1a: Arceus|Stored Power|p2a: Sceptile\n|-end|p2a: Sceptile|Substitute\n|\n|-damage|p1a: Arceus|19\/100|[from] Leech Seed|[of] p2a: Sceptile\n|-heal|p2a: Sceptile|94\/100|[silent]\n|upkeep\n|turn|25\n|\n|t:|1700842099\n|move|p2a: Sceptile|Substitute|p2a: Sceptile\n|-start|p2a: Sceptile|Substitute\n|-damage|p2a: Sceptile|69\/100\n|move|p1a: Arceus|Rest|p1a: Arceus\n|-status|p1a: Arceus|slp|[from] move: Rest\n|-heal|p1a: Arceus|100\/100 slp|[silent]\n|\n|-damage|p1a: Arceus|88\/100 slp|[from] Leech Seed|[of] p2a: Sceptile\n|-heal|p2a: Sceptile|88\/100|[silent]\n|upkeep\n|turn|26\n|\n|t:|1700842103\n|move|p2a: Sceptile|Giga Drain|p1a: Arceus\n|-damage|p1a: Arceus|82\/100 slp\n|-heal|p2a: Sceptile|93\/100|[from] drain|[of] p1a: Arceus\n|cant|p1a: Arceus|slp\n|\n|-damage|p1a: Arceus|69\/100 slp|[from] Leech Seed|[of] p2a: Sceptile\n|-heal|p2a: Sceptile|100\/100|[silent]\n|upkeep\n|turn|27\n|\n|t:|1700842109\n|move|p2a: Sceptile|Giga Drain|p1a: Arceus\n|-damage|p1a: Arceus|63\/100 slp\n|cant|p1a: Arceus|slp\n|\n|-damage|p1a: Arceus|50\/100 slp|[from] Leech Seed|[of] p2a: Sceptile\n|upkeep\n|turn|28\n|\n|t:|1700842122\n|move|p2a: Sceptile|Giga Drain|p1a: Arceus\n|-damage|p1a: Arceus|44\/100 slp\n|-curestatus|p1a: Arceus|slp|[msg]\n|move|p1a: Arceus|Stored Power|p2a: Sceptile\n|-end|p2a: Sceptile|Substitute\n|\n|-damage|p1a: Arceus|31\/100|[from] Leech Seed|[of] p2a: Sceptile\n|upkeep\n|turn|29\n|\n|t:|1700842127\n|move|p2a: Sceptile|Substitute|p2a: Sceptile\n|-start|p2a: Sceptile|Substitute\n|-damage|p2a: Sceptile|76\/100\n|move|p1a: Arceus|Stored Power|p2a: Sceptile\n|-crit|p2a: Sceptile\n|-end|p2a: Sceptile|Substitute\n|\n|-damage|p1a: Arceus|19\/100|[from] Leech Seed|[of] p2a: Sceptile\n|-heal|p2a: Sceptile|94\/100|[silent]\n|upkeep\n|turn|30\n|\n|t:|1700842131\n|move|p2a: Sceptile|Substitute|p2a: Sceptile\n|-start|p2a: Sceptile|Substitute\n|-damage|p2a: Sceptile|69\/100\n|move|p1a: Arceus|Rest|p1a: Arceus\n|-status|p1a: Arceus|slp|[from] move: Rest\n|-heal|p1a: Arceus|100\/100 slp|[silent]\n|\n|-damage|p1a: Arceus|88\/100 slp|[from] Leech Seed|[of] p2a: Sceptile\n|-heal|p2a: Sceptile|88\/100|[silent]\n|upkeep\n|turn|31\n|\n|t:|1700842136\n|move|p2a: Sceptile|Dragon Pulse|p1a: Arceus\n|-damage|p1a: Arceus|81\/100 slp\n|cant|p1a: Arceus|slp\n|\n|-damage|p1a: Arceus|69\/100 slp|[from] Leech Seed|[of] p2a: Sceptile\n|-heal|p2a: Sceptile|100\/100|[silent]\n|upkeep\n|turn|32\n|\n|t:|1700842139\n|move|p2a: Sceptile|Dragon Pulse|p1a: Arceus\n|-damage|p1a: Arceus|62\/100 slp\n|cant|p1a: Arceus|slp\n|\n|-damage|p1a: Arceus|49\/100 slp|[from] Leech Seed|[of] p2a: Sceptile\n|upkeep\n|turn|33\n|\n|t:|1700842143\n|move|p2a: Sceptile|Dragon Pulse|p1a: Arceus\n|-damage|p1a: Arceus|43\/100 slp\n|-curestatus|p1a: Arceus|slp|[msg]\n|move|p1a: Arceus|Cosmic Power|p1a: Arceus\n|-boost|p1a: Arceus|def|0\n|-boost|p1a: Arceus|spd|0\n|\n|-damage|p1a: Arceus|30\/100|[from] Leech Seed|[of] p2a: Sceptile\n|upkeep\n|turn|34\n|\n|t:|1700842153\n|move|p2a: Sceptile|Dragon Pulse|p1a: Arceus\n|-damage|p1a: Arceus|23\/100\n|move|p1a: Arceus|Cosmic Power|p1a: Arceus\n|-boost|p1a: Arceus|def|0\n|-boost|p1a: Arceus|spd|0\n|\n|-damage|p1a: Arceus|11\/100|[from] Leech Seed|[of] p2a: Sceptile\n|upkeep\n|turn|35\n|\n|t:|1700842159\n|move|p2a: Sceptile|Dragon Pulse|p1a: Arceus\n|-crit|p1a: Arceus\n|-damage|p1a: Arceus|0 fnt\n|faint|p1a: Arceus\n|\n|upkeep\n|\n|t:|1700842163\n|switch|p1a: Pheromosa|Pheromosa, shiny|100\/100\n|-status|p1a: Pheromosa|tox\n|turn|36\n|\n|t:|1700842169\n|move|p2a: Sceptile|Leech Seed|p1a: Pheromosa\n|-start|p1a: Pheromosa|move: Leech Seed\n|move|p1a: Pheromosa|Rapid Spin|p2a: Sceptile\n|-activate|p2a: Sceptile|move: Substitute|[damage]\n|-end|p1a: Pheromosa|Leech Seed|[from] move: Rapid Spin|[of] p1a: Pheromosa\n|-sideend|p1: JustMonika_CARR|Toxic Spikes|[from] move: Rapid Spin|[of] p1a: Pheromosa\n|-boost|p1a: Pheromosa|spe|1\n|\n|-damage|p1a: Pheromosa|94\/100 tox|[from] psn\n|upkeep\n|turn|37\n|\n|t:|1700842185\n|move|p1a: Pheromosa|Bug Buzz|p2a: Sceptile\n|-supereffective|p2a: Sceptile\n|-damage|p2a: Sceptile|0 fnt\n|faint|p2a: Sceptile\n|-ability|p1a: Pheromosa|Beast Boost|boost\n|-boost|p1a: Pheromosa|spa|1\n|\n|-damage|p1a: Pheromosa|82\/100 tox|[from] psn\n|upkeep\n|\n|t:|1700842194\n|switch|p2a: Tapu Fini|Tapu Fini, shiny|100\/100\n|-fieldstart|move: Misty Terrain|[from] ability: Misty Surge|[of] p2a: Tapu Fini\n|turn|38\n|\n|t:|1700842206\n|move|p1a: Pheromosa|Bug Buzz|p2a: Tapu Fini\n|-resisted|p2a: Tapu Fini\n|-damage|p2a: Tapu Fini|71\/100\n|move|p2a: Tapu Fini|Moonblast|p1a: Pheromosa\n|-supereffective|p1a: Pheromosa\n|-damage|p1a: Pheromosa|0 fnt\n|faint|p1a: Pheromosa\n|\n|upkeep\n|\n|t:|1700842213\n|switch|p1a: Durant|Durant, F, shiny|100\/100\n|turn|39\n|\n|t:|1700842225\n|move|p1a: Durant|Entrainment|p2a: Tapu Fini\n|-endability|p2a: Tapu Fini|Misty Surge|[from] move: Entrainment\n|-ability|p2a: Tapu Fini|Truant|[from] move: Entrainment\n|move|p2a: Tapu Fini|Scald|p1a: Durant\n|-damage|p1a: Durant|14\/100\n|\n|upkeep\n|turn|40\n|\n|t:|1700842232\n|switch|p2a: Clodsire|Clodsire, M|46\/100\n|-damage|p2a: Clodsire|40\/100|[from] Stealth Rock\n|cant|p1a: Durant|ability: Truant\n|\n|-heal|p2a: Clodsire|46\/100|[from] item: Leftovers\n|upkeep\n|turn|41\n|\n|t:|1700842235\n|move|p1a: Durant|Entrainment|p2a: Clodsire\n|-endability|p2a: Clodsire|Water Absorb|[from] move: Entrainment\n|-ability|p2a: Clodsire|Truant|[from] move: Entrainment\n|move|p2a: Clodsire|Earthquake|p1a: Durant\n|-damage|p1a: Durant|0 fnt\n|faint|p1a: Durant\n|\n|-heal|p2a: Clodsire|52\/100|[from] item: Leftovers\n|upkeep\n|\n|t:|1700842237\n|switch|p1a: Gothitelle|Gothitelle, F, shiny|100\/100\n|turn|42\n|\n|t:|1700842250\n|move|p1a: Gothitelle|Substitute|p1a: Gothitelle\n|-start|p1a: Gothitelle|Substitute\n|-damage|p1a: Gothitelle|75\/100\n|cant|p2a: Clodsire|ability: Truant\n|\n|-heal|p2a: Clodsire|58\/100|[from] item: Leftovers\n|-fieldend|Misty Terrain\n|upkeep\n|turn|43\n|\n|t:|1700842259\n|move|p1a: Gothitelle|Dark Pulse|p2a: Clodsire\n|-damage|p2a: Clodsire|40\/100\n|cant|p2a: Clodsire|flinch\n|\n|-heal|p2a: Clodsire|47\/100|[from] item: Leftovers\n|upkeep\n|turn|44\n|\n|t:|1700842266\n|move|p1a: Gothitelle|Dark Pulse|p2a: Clodsire\n|-damage|p2a: Clodsire|30\/100\n|cant|p2a: Clodsire|ability: Truant\n|\n|-heal|p2a: Clodsire|36\/100|[from] item: Leftovers\n|upkeep\n|turn|45\n|l|\u2606Theverynotsusman\n|inactive|Theverynotsusman disconnected and has a minute to reconnect!\n|player|p2|\n|j|\u2606Theverynotsusman\n|inactive|Theverynotsusman reconnected and has 145 seconds left.\n|player|p2|Theverynotsusman|swimmerf-gen4\n|\n|t:|1700842282\n|move|p1a: Gothitelle|Substitute|p1a: Gothitelle\n|-fail|p1a: Gothitelle|move: Substitute\n|move|p2a: Clodsire|Earthquake|p1a: Gothitelle\n|-end|p1a: Gothitelle|Substitute\n|\n|-heal|p2a: Clodsire|42\/100|[from] item: Leftovers\n|upkeep\n|turn|46\n|\n|t:|1700842287\n|move|p1a: Gothitelle|Substitute|p1a: Gothitelle\n|-start|p1a: Gothitelle|Substitute\n|-damage|p1a: Gothitelle|50\/100\n|cant|p2a: Clodsire|ability: Truant\n|\n|-heal|p2a: Clodsire|49\/100|[from] item: Leftovers\n|upkeep\n|turn|47\n|\n|t:|1700842292\n|move|p1a: Gothitelle|Dark Pulse|p2a: Clodsire\n|-damage|p2a: Clodsire|33\/100\n|move|p2a: Clodsire|Earthquake|p1a: Gothitelle\n|-end|p1a: Gothitelle|Substitute\n|\n|-heal|p2a: Clodsire|39\/100|[from] item: Leftovers\n|upkeep\n|turn|48\n|\n|t:|1700842297\n|move|p1a: Gothitelle|Substitute|p1a: Gothitelle\n|-start|p1a: Gothitelle|Substitute\n|-damage|p1a: Gothitelle|25\/100\n|-enditem|p1a: Gothitelle|Starf Berry|[eat]\n|-boost|p1a: Gothitelle|spd|2|[from] item: Starf Berry\n|cant|p2a: Clodsire|ability: Truant\n|\n|-heal|p2a: Clodsire|45\/100|[from] item: Leftovers\n|upkeep\n|turn|49\n|\n|t:|1700842300\n|move|p1a: Gothitelle|Protect|p1a: Gothitelle\n|-singleturn|p1a: Gothitelle|Protect\n|move|p2a: Clodsire|Earthquake|p1a: Gothitelle\n|-activate|p1a: Gothitelle|move: Protect\n|\n|-heal|p2a: Clodsire|52\/100|[from] item: Leftovers\n|upkeep\n|turn|50\n|\n|t:|1700842306\n|move|p1a: Gothitelle|Recycle|p1a: Gothitelle\n|-item|p1a: Gothitelle|Starf Berry|[from] move: Recycle\n|-enditem|p1a: Gothitelle|Starf Berry|[eat]\n|-boost|p1a: Gothitelle|def|2|[from] item: Starf Berry\n|cant|p2a: Clodsire|ability: Truant\n|\n|-heal|p2a: Clodsire|58\/100|[from] item: Leftovers\n|upkeep\n|turn|51\n|\n|t:|1700842312\n|move|p1a: Gothitelle|Protect|p1a: Gothitelle\n|-singleturn|p1a: Gothitelle|Protect\n|move|p2a: Clodsire|Earthquake|p1a: Gothitelle\n|-activate|p1a: Gothitelle|move: Protect\n|\n|-heal|p2a: Clodsire|64\/100|[from] item: Leftovers\n|upkeep\n|turn|52\n|\n|t:|1700842323\n|move|p1a: Gothitelle|Recycle|p1a: Gothitelle\n|-item|p1a: Gothitelle|Starf Berry|[from] move: Recycle\n|-enditem|p1a: Gothitelle|Starf Berry|[eat]\n|-boost|p1a: Gothitelle|spa|2|[from] item: Starf Berry\n|cant|p2a: Clodsire|ability: Truant\n|\n|-heal|p2a: Clodsire|70\/100|[from] item: Leftovers\n|upkeep\n|turn|53\n|\n|t:|1700842334\n|move|p1a: Gothitelle|Protect|p1a: Gothitelle\n|-singleturn|p1a: Gothitelle|Protect\n|move|p2a: Clodsire|Earthquake|p1a: Gothitelle\n|-activate|p1a: Gothitelle|move: Protect\n|\n|-heal|p2a: Clodsire|77\/100|[from] item: Leftovers\n|upkeep\n|turn|54\n|\n|t:|1700842346\n|move|p1a: Gothitelle|Recycle|p1a: Gothitelle\n|-item|p1a: Gothitelle|Starf Berry|[from] move: Recycle\n|-enditem|p1a: Gothitelle|Starf Berry|[eat]\n|-boost|p1a: Gothitelle|spd|2|[from] item: Starf Berry\n|cant|p2a: Clodsire|ability: Truant\n|\n|-heal|p2a: Clodsire|83\/100|[from] item: Leftovers\n|upkeep\n|turn|55\n|\n|t:|1700842349\n|move|p1a: Gothitelle|Protect|p1a: Gothitelle\n|-singleturn|p1a: Gothitelle|Protect\n|move|p2a: Clodsire|Earthquake|p1a: Gothitelle\n|-activate|p1a: Gothitelle|move: Protect\n|\n|-heal|p2a: Clodsire|89\/100|[from] item: Leftovers\n|upkeep\n|turn|56\n|\n|t:|1700842355\n|move|p1a: Gothitelle|Recycle|p1a: Gothitelle\n|-item|p1a: Gothitelle|Starf Berry|[from] move: Recycle\n|-enditem|p1a: Gothitelle|Starf Berry|[eat]\n|-boost|p1a: Gothitelle|spd|2|[from] item: Starf Berry\n|cant|p2a: Clodsire|ability: Truant\n|\n|-heal|p2a: Clodsire|95\/100|[from] item: Leftovers\n|upkeep\n|turn|57\n|\n|t:|1700842365\n|move|p1a: Gothitelle|Protect|p1a: Gothitelle\n|-singleturn|p1a: Gothitelle|Protect\n|move|p2a: Clodsire|Earthquake|p1a: Gothitelle\n|-activate|p1a: Gothitelle|move: Protect\n|\n|-heal|p2a: Clodsire|100\/100|[from] item: Leftovers\n|upkeep\n|turn|58\n|\n|t:|1700842369\n|move|p1a: Gothitelle|Recycle|p1a: Gothitelle\n|-item|p1a: Gothitelle|Starf Berry|[from] move: Recycle\n|-enditem|p1a: Gothitelle|Starf Berry|[eat]\n|-boost|p1a: Gothitelle|spa|2|[from] item: Starf Berry\n|cant|p2a: Clodsire|ability: Truant\n|\n|upkeep\n|turn|59\n|\n|t:|1700842390\n|move|p1a: Gothitelle|Protect|p1a: Gothitelle\n|-singleturn|p1a: Gothitelle|Protect\n|move|p2a: Clodsire|Earthquake|p1a: Gothitelle\n|-activate|p1a: Gothitelle|move: Protect\n|\n|upkeep\n|turn|60\n|\n|t:|1700842398\n|move|p1a: Gothitelle|Recycle|p1a: Gothitelle\n|-item|p1a: Gothitelle|Starf Berry|[from] move: Recycle\n|-enditem|p1a: Gothitelle|Starf Berry|[eat]\n|-boost|p1a: Gothitelle|def|2|[from] item: Starf Berry\n|cant|p2a: Clodsire|ability: Truant\n|\n|upkeep\n|turn|61\n|\n|t:|1700842406\n|move|p1a: Gothitelle|Protect|p1a: Gothitelle\n|-singleturn|p1a: Gothitelle|Protect\n|move|p2a: Clodsire|Curse|p2a: Clodsire\n|-unboost|p2a: Clodsire|spe|1\n|-boost|p2a: Clodsire|atk|1\n|-boost|p2a: Clodsire|def|1\n|\n|upkeep\n|turn|62\n|\n|t:|1700842415\n|move|p1a: Gothitelle|Recycle|p1a: Gothitelle\n|-item|p1a: Gothitelle|Starf Berry|[from] move: Recycle\n|-enditem|p1a: Gothitelle|Starf Berry|[eat]\n|-boost|p1a: Gothitelle|def|2|[from] item: Starf Berry\n|cant|p2a: Clodsire|ability: Truant\n|\n|upkeep\n|turn|63\n|\n|t:|1700842423\n|move|p1a: Gothitelle|Protect|p1a: Gothitelle\n|-singleturn|p1a: Gothitelle|Protect\n|move|p2a: Clodsire|Curse|p2a: Clodsire\n|-unboost|p2a: Clodsire|spe|1\n|-boost|p2a: Clodsire|atk|1\n|-boost|p2a: Clodsire|def|1\n|\n|upkeep\n|turn|64\n|\n|t:|1700842428\n|move|p1a: Gothitelle|Recycle|p1a: Gothitelle\n|-item|p1a: Gothitelle|Starf Berry|[from] move: Recycle\n|-enditem|p1a: Gothitelle|Starf Berry|[eat]\n|-boost|p1a: Gothitelle|spa|2|[from] item: Starf Berry\n|cant|p2a: Clodsire|ability: Truant\n|\n|upkeep\n|turn|65\n|\n|t:|1700842433\n|move|p1a: Gothitelle|Protect|p1a: Gothitelle\n|-singleturn|p1a: Gothitelle|Protect\n|move|p2a: Clodsire|Earthquake|p1a: Gothitelle\n|-activate|p1a: Gothitelle|move: Protect\n|\n|upkeep\n|turn|66\n|\n|t:|1700842442\n|move|p1a: Gothitelle|Recycle|p1a: Gothitelle\n|-item|p1a: Gothitelle|Starf Berry|[from] move: Recycle\n|-enditem|p1a: Gothitelle|Starf Berry|[eat]\n|-boost|p1a: Gothitelle|atk|2|[from] item: Starf Berry\n|cant|p2a: Clodsire|ability: Truant\n|\n|upkeep\n|turn|67\n|\n|t:|1700842459\n|move|p1a: Gothitelle|Protect|p1a: Gothitelle\n|-singleturn|p1a: Gothitelle|Protect\n|move|p2a: Clodsire|Earthquake|p1a: Gothitelle\n|-activate|p1a: Gothitelle|move: Protect\n|\n|upkeep\n|turn|68\n|\n|t:|1700842465\n|move|p1a: Gothitelle|Recycle|p1a: Gothitelle\n|-item|p1a: Gothitelle|Starf Berry|[from] move: Recycle\n|-enditem|p1a: Gothitelle|Starf Berry|[eat]\n|-boost|p1a: Gothitelle|atk|2|[from] item: Starf Berry\n|cant|p2a: Clodsire|ability: Truant\n|\n|upkeep\n|turn|69\n|\n|t:|1700842473\n|move|p1a: Gothitelle|Protect|p1a: Gothitelle\n|-singleturn|p1a: Gothitelle|Protect\n|move|p2a: Clodsire|Gunk Shot|p1a: Gothitelle\n|-activate|p1a: Gothitelle|move: Protect\n|\n|upkeep\n|turn|70\n|\n|t:|1700842480\n|move|p1a: Gothitelle|Recycle|p1a: Gothitelle\n|-item|p1a: Gothitelle|Starf Berry|[from] move: Recycle\n|-enditem|p1a: Gothitelle|Starf Berry|[eat]\n|-boost|p1a: Gothitelle|spe|2|[from] item: Starf Berry\n|cant|p2a: Clodsire|ability: Truant\n|\n|upkeep\n|turn|71\n|\n|t:|1700842483\n|move|p1a: Gothitelle|Protect|p1a: Gothitelle\n|-singleturn|p1a: Gothitelle|Protect\n|move|p2a: Clodsire|Gunk Shot|p1a: Gothitelle\n|-activate|p1a: Gothitelle|move: Protect\n|\n|upkeep\n|turn|72\n|\n|t:|1700842495\n|move|p1a: Gothitelle|Recycle|p1a: Gothitelle\n|-item|p1a: Gothitelle|Starf Berry|[from] move: Recycle\n|-enditem|p1a: Gothitelle|Starf Berry|[eat]\n|-boost|p1a: Gothitelle|spe|2|[from] item: Starf Berry\n|cant|p2a: Clodsire|ability: Truant\n|\n|upkeep\n|turn|73\n|\n|t:|1700842506\n|move|p1a: Gothitelle|Protect|p1a: Gothitelle\n|-singleturn|p1a: Gothitelle|Protect\n|move|p2a: Clodsire|Earthquake|p1a: Gothitelle\n|-activate|p1a: Gothitelle|move: Protect\n|\n|upkeep\n|turn|74\n|\n|t:|1700842528\n|move|p1a: Gothitelle|Recycle|p1a: Gothitelle\n|-item|p1a: Gothitelle|Starf Berry|[from] move: Recycle\n|-enditem|p1a: Gothitelle|Starf Berry|[eat]\n|-boost|p1a: Gothitelle|atk|2|[from] item: Starf Berry\n|cant|p2a: Clodsire|ability: Truant\n|\n|upkeep\n|turn|75\n|\n|t:|1700842534\n|move|p1a: Gothitelle|Protect|p1a: Gothitelle\n|-singleturn|p1a: Gothitelle|Protect\n|move|p2a: Clodsire|Curse|p2a: Clodsire\n|-unboost|p2a: Clodsire|spe|1\n|-boost|p2a: Clodsire|atk|1\n|-boost|p2a: Clodsire|def|1\n|\n|upkeep\n|turn|76\n|c|\u2606Theverynotsusman|\ud83d\ude34\n|\n|t:|1700842553\n|move|p1a: Gothitelle|Recycle|p1a: Gothitelle\n|-item|p1a: Gothitelle|Starf Berry|[from] move: Recycle\n|-enditem|p1a: Gothitelle|Starf Berry|[eat]\n|-boost|p1a: Gothitelle|spe|2|[from] item: Starf Berry\n|cant|p2a: Clodsire|ability: Truant\n|\n|upkeep\n|turn|77\n|c|\u2606JustMonika_CARR|I mean, you could always skip\n|inactive|Theverynotsusman has 120 seconds left.\n|\n|t:|1700842579\n|move|p1a: Gothitelle|Protect|p1a: Gothitelle\n|-singleturn|p1a: Gothitelle|Protect\n|move|p2a: Clodsire|Curse|p2a: Clodsire\n|-unboost|p2a: Clodsire|spe|1\n|-boost|p2a: Clodsire|atk|1\n|-boost|p2a: Clodsire|def|1\n|\n|upkeep\n|turn|78\n|inactive|Theverynotsusman has 120 seconds left.\n|\n|t:|1700842594\n|move|p1a: Gothitelle|Dark Pulse|p2a: Clodsire\n|-damage|p2a: Clodsire|40\/100\n|cant|p2a: Clodsire|ability: Truant\n|\n|-heal|p2a: Clodsire|47\/100|[from] item: Leftovers\n|upkeep\n|turn|79\n|\n|t:|1700842599\n|move|p1a: Gothitelle|Dark Pulse|p2a: Clodsire\n|-damage|p2a: Clodsire|0 fnt\n|faint|p2a: Clodsire\n|\n|upkeep\n|\n|t:|1700842601\n|switch|p2a: Tapu Fini|Tapu Fini, shiny|71\/100\n|-fieldstart|move: Misty Terrain|[from] ability: Misty Surge|[of] p2a: Tapu Fini\n|turn|80\n|\n|t:|1700842606\n|move|p1a: Gothitelle|Dark Pulse|p2a: Tapu Fini\n|-resisted|p2a: Tapu Fini\n|-damage|p2a: Tapu Fini|39\/100\n|move|p2a: Tapu Fini|Moonblast|p1a: Gothitelle\n|-activate|p1a: Gothitelle|move: Substitute|[damage]\n|\n|upkeep\n|turn|81\n|\n|t:|1700842615\n|move|p1a: Gothitelle|Dark Pulse|p2a: Tapu Fini\n|-resisted|p2a: Tapu Fini\n|-damage|p2a: Tapu Fini|4\/100\n|move|p2a: Tapu Fini|Moonblast|p1a: Gothitelle\n|-activate|p1a: Gothitelle|move: Substitute|[damage]\n|\n|upkeep\n|turn|82\n|\n|t:|1700842621\n|move|p1a: Gothitelle|Dark Pulse|p2a: Tapu Fini\n|-resisted|p2a: Tapu Fini\n|-damage|p2a: Tapu Fini|0 fnt\n|faint|p2a: Tapu Fini\n|\n|upkeep\n|\n|t:|1700842622\n|switch|p2a: Greninja|Greninja, M|100\/100\n|-damage|p2a: Greninja|88\/100|[from] Stealth Rock\n|turn|83\n|\n|t:|1700842628\n|-terastallize|p1a: Gothitelle|Dark\n|move|p1a: Gothitelle|Dark Pulse|p2a: Greninja\n|-resisted|p2a: Greninja\n|-damage|p2a: Greninja|0 fnt\n|faint|p2a: Greninja\n|\n|win|JustMonika_CARR\n|raw|JustMonika_CARR's rating: 1400 &rarr; <strong>1414<\/strong><br \/>(+14 for winning)\n|raw|Theverynotsusman's rating: 1298 &rarr; <strong>1280<\/strong><br \/>(-18 for losing)\n|l|\u2606Theverynotsusman\n|c|\u2606JustMonika_CARR|Gg\n","uploadtime":1700842641,"views":2,"p1id":"justmonikacarr","p2id":"theverynotsusman","formatid":"gen9nationaldexubers","rating":1280,"private":0,"password":""}