{"id":"gen9nationaldexubers-1999256091","p1":"Salfy","p2":"PsiFi","format":"[Gen 9] National Dex Ubers","log":"|j|\u2606Salfy\n|j|\u2606PsiFi\n|t:|1701051436\n|gametype|singles\n|player|p1|Salfy|depotagent|\n|player|p2|PsiFi|steven|\n|teamsize|p1|6\n|teamsize|p2|6\n|gen|9\n|tier|[Gen 9] National Dex Ubers\n|rule|HP Percentage Mod: HP is shown in percentages\n|rule|Endless Battle Clause: Forcing endless battles is banned\n|rule|OHKO Clause: OHKO moves are banned\n|rule|Evasion Moves Clause: Evasion moves are banned\n|rule|Evasion Items Clause: Evasion items are banned\n|rule|Species Clause: Limit one of each Pok\u00e9mon\n|rule|Sleep Clause Mod: Limit one foe put to sleep\n|rule|Mega Rayquaza Clause: You cannot mega evolve Rayquaza\n|clearpoke\n|poke|p1|Banette, M|\n|poke|p1|Garchomp, F|\n|poke|p1|Hatterene, F|\n|poke|p1|Heatran, F|\n|poke|p1|Ferrothorn, F|\n|poke|p1|Iron Valiant|\n|poke|p2|Mimikyu, F|\n|poke|p2|Sableye, F|\n|poke|p2|Gholdengo|\n|poke|p2|Aegislash, M|\n|poke|p2|Skeledirge, F|\n|poke|p2|Zoroark-Hisui, M|\n|teampreview\n|c|\u2606PsiFi|glhf\n|c|\u2606Salfy|glhf\n|c|\u2606Salfy|poison chomp btw\n|c|\u2606PsiFi|k\n|\n|t:|1701051494\n|start\n|switch|p1a: Rex|Ferrothorn, F|100\/100\n|switch|p2a: Osiris|Sableye, F|100\/100\n|turn|1\n|\n|t:|1701051510\n|move|p2a: Osiris|Taunt|p1a: Rex\n|-start|p1a: Rex|move: Taunt\n|move|p1a: Rex|Power Whip|p2a: Osiris\n|-damage|p2a: Osiris|61\/100\n|\n|upkeep\n|turn|2\n|\n|t:|1701051538\n|detailschange|p2a: Osiris|Sableye-Mega, F\n|-mega|p2a: Osiris|Sableye|Sablenite\n|move|p1a: Rex|Power Whip|p2a: Osiris\n|-damage|p2a: Osiris|31\/100\n|move|p2a: Osiris|Thunder Wave|p1a: Rex|[miss]\n|-miss|p2a: Osiris|p1a: Rex\n|\n|upkeep\n|turn|3\n|\n|t:|1701051549\n|move|p2a: Osiris|Recover|p2a: Osiris\n|-heal|p2a: Osiris|81\/100\n|move|p1a: Rex|Power Whip|p2a: Osiris\n|-damage|p2a: Osiris|52\/100\n|\n|-end|p1a: Rex|move: Taunt\n|upkeep\n|turn|4\n|\n|t:|1701051570\n|switch|p1a: Artificer|Hatterene, F|100\/100\n|move|p2a: Osiris|Thunder Wave|p1a: Artificer\n|move|p1a: Artificer|Thunder Wave|p2a: Osiris|[from]ability: Magic Bounce\n|-status|p2a: Osiris|par\n|\n|upkeep\n|turn|5\n|c|\u2606Salfy|:)\n|c|\u2606PsiFi|:(\n|\n|t:|1701051582\n|move|p1a: Artificer|Calm Mind|p1a: Artificer\n|-boost|p1a: Artificer|spa|1\n|-boost|p1a: Artificer|spd|1\n|move|p2a: Osiris|Recover|p2a: Osiris\n|-heal|p2a: Osiris|100\/100 par\n|\n|upkeep\n|turn|6\n|\n|t:|1701051626\n|switch|p2a: Hades|Skeledirge, F|100\/100\n|move|p1a: Artificer|Calm Mind|p1a: Artificer\n|-boost|p1a: Artificer|spa|1\n|-boost|p1a: Artificer|spd|1\n|\n|upkeep\n|turn|7\n|\n|t:|1701051637\n|move|p2a: Hades|Torch Song|p1a: Artificer\n|-damage|p1a: Artificer|70\/100\n|-boost|p2a: Hades|spa|1\n|move|p1a: Artificer|Shadow Ball|p2a: Hades\n|-supereffective|p2a: Hades\n|-crit|p2a: Hades\n|-damage|p2a: Hades|51\/100\n|\n|-heal|p2a: Hades|57\/100|[from] item: Leftovers\n|-heal|p1a: Artificer|76\/100|[from] item: Leftovers\n|upkeep\n|turn|8\n|\n|t:|1701051653\n|switch|p1a: Mercenary|Iron Valiant|100\/100\n|move|p2a: Hades|Torch Song|p1a: Mercenary\n|-damage|p1a: Mercenary|7\/100\n|-boost|p2a: Hades|spa|1\n|\n|-heal|p2a: Hades|63\/100|[from] item: Leftovers\n|upkeep\n|turn|9\n|\n|t:|1701051675\n|-terastallize|p2a: Hades|Fire\n|move|p1a: Mercenary|Shadow Ball|p2a: Hades\n|-damage|p2a: Hades|44\/100\n|move|p2a: Hades|Slack Off|p2a: Hades\n|-heal|p2a: Hades|94\/100\n|\n|-heal|p2a: Hades|99\/100|[from] item: Leftovers\n|upkeep\n|turn|10\n|\n|t:|1701051692\n|move|p1a: Mercenary|Knock Off|p2a: Hades\n|-damage|p2a: Hades|77\/100\n|-enditem|p2a: Hades|Leftovers|[from] move: Knock Off|[of] p1a: Mercenary\n|move|p2a: Hades|Hyper Voice|p1a: Mercenary\n|-damage|p1a: Mercenary|0 fnt\n|faint|p1a: Mercenary\n|-end|p1a: Mercenary|Quark Drive|[silent]\n|\n|upkeep\n|\n|t:|1701051697\n|switch|p1a: Acrid|Garchomp, F|100\/100\n|turn|11\n|\n|t:|1701051705\n|move|p1a: Acrid|Earthquake|p2a: Hades\n|-supereffective|p2a: Hades\n|-damage|p2a: Hades|0 fnt\n|faint|p2a: Hades\n|\n|upkeep\n|\n|t:|1701051709\n|switch|p2a: \u8d22\u795e (Caishen)|Gholdengo|100\/100\n|-item|p2a: \u8d22\u795e (Caishen)|Air Balloon\n|turn|12\n|\n|t:|1701051745\n|move|p1a: Acrid|Swords Dance|p1a: Acrid\n|-boost|p1a: Acrid|atk|2\n|move|p2a: \u8d22\u795e (Caishen)|Make It Rain|p1a: Acrid\n|-damage|p1a: Acrid|35\/100\n|-unboost|p2a: \u8d22\u795e (Caishen)|spa|1\n|\n|upkeep\n|turn|13\n|\n|t:|1701051753\n|move|p1a: Acrid|Shadow Claw|p2a: \u8d22\u795e (Caishen)\n|-supereffective|p2a: \u8d22\u795e (Caishen)\n|-damage|p2a: \u8d22\u795e (Caishen)|0 fnt\n|-enditem|p2a: \u8d22\u795e (Caishen)|Air Balloon\n|faint|p2a: \u8d22\u795e (Caishen)\n|\n|upkeep\n|\n|t:|1701051760\n|switch|p2a: Osiris|Sableye-Mega, F|100\/100\n|turn|14\n|\n|t:|1701051767\n|move|p2a: Osiris|Shadow Ball|p1a: Acrid\n|-damage|p1a: Acrid|0 fnt\n|faint|p1a: Acrid\n|\n|upkeep\n|\n|t:|1701051773\n|switch|p1a: Mithrix|Heatran, F|100\/100\n|turn|15\n|\n|t:|1701051779\n|switch|p2a: Osiris|Sableye-Mega, F|100\/100 par\n|move|p1a: Mithrix|Magma Storm|p2a: Osiris|[miss]\n|-miss|p1a: Mithrix|p2a: Osiris\n|\n|upkeep\n|turn|16\n|\n|t:|1701051790\n|move|p1a: Mithrix|Magma Storm|p2a: Osiris\n|-damage|p2a: Osiris|57\/100 par\n|-activate|p2a: Osiris|move: Magma Storm|[of] p1a: Mithrix\n|move|p2a: Osiris|Thunder Wave|p1a: Mithrix\n|-status|p1a: Mithrix|par\n|\n|-damage|p2a: Osiris|45\/100 par|[from] move: Magma Storm|[partiallytrapped]\n|upkeep\n|turn|17\n|\n|t:|1701051795\n|move|p1a: Mithrix|Flash Cannon|p2a: Osiris\n|-damage|p2a: Osiris|8\/100 par\n|move|p2a: Osiris|Recover|p2a: Osiris\n|-heal|p2a: Osiris|58\/100 par\n|\n|-damage|p2a: Osiris|46\/100 par|[from] move: Magma Storm|[partiallytrapped]\n|upkeep\n|turn|18\n|c|\u2606PsiFi|also my ass just realized but naming convention goes hard\n|\n|t:|1701051821\n|move|p1a: Mithrix|Flash Cannon|p2a: Osiris\n|-damage|p2a: Osiris|9\/100 par\n|-unboost|p2a: Osiris|spd|1\n|move|p2a: Osiris|Recover|p2a: Osiris\n|-heal|p2a: Osiris|59\/100 par\n|\n|-damage|p2a: Osiris|47\/100 par|[from] move: Magma Storm|[partiallytrapped]\n|upkeep\n|turn|19\n|c|\u2606Salfy|thanks\n|\n|t:|1701051829\n|move|p1a: Mithrix|Flash Cannon|p2a: Osiris\n|-damage|p2a: Osiris|0 fnt\n|faint|p2a: Osiris\n|\n|upkeep\n|\n|t:|1701051832\n|switch|p2a: King Arthur|Aegislash, M, shiny|100\/100\n|turn|20\n|c|\u2606Salfy|Heatrans head looks like mitrhix design\n|\n|t:|1701051838\n|move|p2a: King Arthur|Focus Blast|p1a: Mithrix|[miss]\n|-miss|p2a: King Arthur|p1a: Mithrix\n|move|p1a: Mithrix|Magma Storm|p2a: King Arthur\n|-damage|p2a: King Arthur|17\/100\n|-activate|p2a: King Arthur|move: Magma Storm|[of] p1a: Mithrix\n|replace|p2a: Loki|Zoroark-Hisui, M, shiny\n|-end|p2a: Loki|Illusion\n|\n|-damage|p2a: Loki|4\/100|[from] move: Magma Storm|[partiallytrapped]\n|upkeep\n|turn|21\n|\n|t:|1701051853\n|switch|p2a: King Arthur|Aegislash, M, shiny|100\/100\n|cant|p1a: Mithrix|par\n|\n|upkeep\n|turn|22\n|\n|t:|1701051859\n|-formechange|p2a: King Arthur|Aegislash-Blade||[from] ability: Stance Change\n|move|p2a: King Arthur|Shadow Ball|p1a: Mithrix\n|-damage|p1a: Mithrix|79\/100 par\n|cant|p1a: Mithrix|par\n|\n|-heal|p1a: Mithrix|85\/100 par|[from] item: Leftovers\n|upkeep\n|turn|23\n|\n|t:|1701051867\n|switch|p1a: Rex|Ferrothorn, F|100\/100\n|-formechange|p2a: King Arthur|Aegislash||[from] ability: Stance Change\n|move|p2a: King Arthur|King's Shield||[still]\n|-fail|p2a: King Arthur\n|\n|upkeep\n|turn|24\n|\n|t:|1701051871\n|move|p2a: King Arthur|Substitute|p2a: King Arthur\n|-start|p2a: King Arthur|Substitute\n|-damage|p2a: King Arthur|76\/100\n|move|p1a: Rex|Leech Seed||[still]\n|-fail|p1a: Rex\n|\n|-heal|p2a: King Arthur|82\/100|[from] item: Leftovers\n|upkeep\n|turn|25\n|\n|t:|1701051878\n|-formechange|p2a: King Arthur|Aegislash-Blade||[from] ability: Stance Change\n|move|p2a: King Arthur|Shadow Ball|p1a: Rex\n|-damage|p1a: Rex|75\/100\n|move|p1a: Rex|Thunder Wave||[still]\n|-fail|p1a: Rex\n|\n|-heal|p2a: King Arthur|88\/100|[from] item: Leftovers\n|-heal|p1a: Rex|81\/100|[from] item: Leftovers\n|upkeep\n|turn|26\n|\n|t:|1701051886\n|move|p2a: King Arthur|Shadow Ball|p1a: Rex\n|-damage|p1a: Rex|54\/100\n|move|p1a: Rex|Knock Off|p2a: King Arthur\n|-supereffective|p2a: King Arthur\n|-end|p2a: King Arthur|Substitute\n|\n|-heal|p2a: King Arthur|94\/100|[from] item: Leftovers\n|-heal|p1a: Rex|60\/100|[from] item: Leftovers\n|upkeep\n|turn|27\n|\n|t:|1701051901\n|-formechange|p2a: King Arthur|Aegislash||[from] ability: Stance Change\n|move|p2a: King Arthur|King's Shield|p2a: King Arthur\n|-singleturn|p2a: King Arthur|Protect\n|move|p1a: Rex|Leech Seed|p2a: King Arthur\n|-start|p2a: King Arthur|move: Leech Seed\n|\n|-heal|p2a: King Arthur|100\/100|[from] item: Leftovers\n|-heal|p1a: Rex|66\/100|[from] item: Leftovers\n|-damage|p2a: King Arthur|88\/100|[from] Leech Seed|[of] p1a: Rex\n|-heal|p1a: Rex|77\/100|[silent]\n|upkeep\n|turn|28\n|\n|t:|1701051905\n|-formechange|p2a: King Arthur|Aegislash-Blade||[from] ability: Stance Change\n|move|p2a: King Arthur|Shadow Ball|p1a: Rex\n|-damage|p1a: Rex|51\/100\n|move|p1a: Rex|Knock Off|p2a: King Arthur\n|-supereffective|p2a: King Arthur\n|-damage|p2a: King Arthur|5\/100\n|-enditem|p2a: King Arthur|Leftovers|[from] move: Knock Off|[of] p1a: Rex\n|\n|-heal|p1a: Rex|57\/100|[from] item: Leftovers\n|-damage|p2a: King Arthur|0 fnt|[from] Leech Seed|[of] p1a: Rex\n|-heal|p1a: Rex|62\/100|[silent]\n|faint|p2a: King Arthur\n|upkeep\n|\n|t:|1701051910\n|switch|p2a: Black Hole|Mimikyu, F, shiny|4\/100\n|turn|29\n|\n|t:|1701051919\n|move|p2a: Black Hole|Shadow Ball|p1a: Rex\n|-damage|p1a: Rex|17\/100\n|move|p1a: Rex|Knock Off|p2a: Black Hole\n|-supereffective|p2a: Black Hole\n|-damage|p2a: Black Hole|0 fnt\n|replace|p2a: Loki|Zoroark-Hisui, M, shiny\n|-end|p2a: Loki|Illusion\n|-enditem|p2a: Loki|Choice Specs|[from] move: Knock Off|[of] p1a: Rex\n|faint|p2a: Loki\n|\n|-heal|p1a: Rex|24\/100|[from] item: Leftovers\n|upkeep\n|\n|t:|1701051923\n|switch|p2a: Black Hole|Mimikyu, F, shiny|100\/100\n|turn|30\n|\n|t:|1701051929\n|move|p2a: Black Hole|Drain Punch|p1a: Rex\n|-supereffective|p1a: Rex\n|-damage|p1a: Rex|0 fnt\n|-damage|p2a: Black Hole|88\/100|[from] ability: Iron Barbs|[of] p1a: Rex\n|faint|p1a: Rex\n|\n|upkeep\n|\n|t:|1701051934\n|switch|p1a: Artificer|Hatterene, F|76\/100\n|turn|31\n|\n|t:|1701051939\n|move|p2a: Black Hole|Swords Dance|p2a: Black Hole\n|-boost|p2a: Black Hole|atk|2\n|move|p1a: Artificer|Shadow Ball|p2a: Black Hole\n|-activate|p2a: Black Hole|ability: Disguise\n|-damage|p2a: Black Hole|88\/100\n|detailschange|p2a: Black Hole|Mimikyu-Busted, F, shiny\n|-damage|p2a: Black Hole|76\/100|[from] pokemon: Mimikyu-Busted\n|\n|-heal|p1a: Artificer|82\/100|[from] item: Leftovers\n|upkeep\n|turn|32\n|\n|t:|1701051945\n|move|p2a: Black Hole|Shadow Claw|p1a: Artificer\n|-supereffective|p1a: Artificer\n|-damage|p1a: Artificer|0 fnt\n|faint|p1a: Artificer\n|\n|upkeep\n|\n|t:|1701051947\n|switch|p1a: Void Fiend|Banette, M|100\/100\n|turn|33\n|\n|t:|1701051958\n|detailschange|p1a: Void Fiend|Banette-Mega, M\n|-mega|p1a: Void Fiend|Banette|Banettite\n|move|p1a: Void Fiend|Shadow Sneak|p2a: Black Hole\n|-supereffective|p2a: Black Hole\n|-damage|p2a: Black Hole|0 fnt\n|faint|p2a: Black Hole\n|\n|win|Salfy\n|c|\u2606Salfy|gg!\n|c|\u2606PsiFi|gg\n","uploadtime":1701051966,"views":7,"p1id":"salfy","p2id":"psifi","formatid":"gen9nationaldexubers","rating":0,"private":0,"password":""}