{"id":"gen9nationaldexubers-1996890858","p1":"SyntaxError614","p2":"Hjull","format":"[Gen 9] National Dex Ubers","log":"|j|\u2606SyntaxError614\n|j|\u2606Hjull\n|t:|1700741005\n|gametype|singles\n|player|p1|SyntaxError614|proton|1188\n|player|p2|Hjull|2|1093\n|teamsize|p1|6\n|teamsize|p2|6\n|gen|9\n|tier|[Gen 9] National Dex Ubers\n|rated|\n|rule|HP Percentage Mod: HP is shown in percentages\n|rule|Endless Battle Clause: Forcing endless battles is banned\n|rule|OHKO Clause: OHKO moves are banned\n|rule|Evasion Moves Clause: Evasion moves are banned\n|rule|Evasion Items Clause: Evasion items are banned\n|rule|Species Clause: Limit one of each Pok\u00e9mon\n|rule|Sleep Clause Mod: Limit one foe put to sleep\n|rule|Mega Rayquaza Clause: You cannot mega evolve Rayquaza\n|clearpoke\n|poke|p1|Deoxys-Speed|\n|poke|p1|Blastoise, F|\n|poke|p1|Ferrothorn, M|\n|poke|p1|Greninja-*, F|\n|poke|p1|Darmanitan-Galar, F|\n|poke|p1|Kingambit, M|\n|poke|p2|Wailord, F|\n|poke|p2|Sawsbuck, M|\n|poke|p2|Crobat, F|\n|poke|p2|Seaking, F|\n|poke|p2|Mismagius, F|\n|poke|p2|Braviary-Hisui, M|\n|teampreview\n|c|\u2606SyntaxError614|I really hope you win\n|\n|t:|1700741021\n|start\n|switch|p1a: Deoxys|Deoxys-Speed|100\/100\n|switch|p2a: Dankrai|Mismagius, F|100\/100\n|-ability|p1a: Deoxys|Pressure\n|turn|1\n|c|\u2606SyntaxError614|That's some interesting team\n|\n|t:|1700741028\n|move|p1a: Deoxys|Taunt|p2a: Dankrai\n|-start|p2a: Dankrai|move: Taunt\n|cant|p2a: Dankrai|move: Taunt|Calm Mind\n|\n|upkeep\n|turn|2\n|\n|t:|1700741033\n|move|p1a: Deoxys|Stealth Rock|p2a: Dankrai\n|-sidestart|p2: Hjull|move: Stealth Rock\n|move|p2a: Dankrai|Shadow Ball|p1a: Deoxys\n|-supereffective|p1a: Deoxys\n|-damage|p1a: Deoxys|6\/100\n|\n|upkeep\n|turn|3\n|\n|t:|1700741045\n|switch|p1a: Greninja|Greninja, F|100\/100\n|move|p2a: Dankrai|Shadow Ball|p1a: Greninja\n|-resisted|p1a: Greninja\n|-damage|p1a: Greninja|72\/100\n|\n|-end|p2a: Dankrai|move: Taunt\n|upkeep\n|turn|4\n|\n|t:|1700741054\n|move|p1a: Greninja|Gunk Shot|p2a: Dankrai\n|-start|p1a: Greninja|typechange|Poison|[from] ability: Protean\n|-resisted|p2a: Dankrai\n|-damage|p2a: Dankrai|52\/100\n|move|p2a: Dankrai|Dazzling Gleam|p1a: Greninja\n|-resisted|p1a: Greninja\n|-damage|p1a: Greninja|51\/100\n|\n|upkeep\n|turn|5\n|\n|t:|1700741062\n|move|p1a: Greninja|Gunk Shot|p2a: Dankrai\n|-resisted|p2a: Dankrai\n|-damage|p2a: Dankrai|4\/100\n|-status|p2a: Dankrai|psn\n|-enditem|p2a: Dankrai|Salac Berry|[eat]\n|-boost|p2a: Dankrai|spe|1|[from] item: Salac Berry\n|move|p2a: Dankrai|Calm Mind|p2a: Dankrai\n|-boost|p2a: Dankrai|spa|1\n|-boost|p2a: Dankrai|spd|1\n|\n|-damage|p2a: Dankrai|0 fnt|[from] psn\n|faint|p2a: Dankrai\n|upkeep\n|\n|t:|1700741067\n|switch|p2a: Ultra Necrozma|Crobat, F, shiny|100\/100\n|-damage|p2a: Ultra Necrozma|75\/100|[from] Stealth Rock\n|turn|6\n|\n|t:|1700741071\n|switch|p1a: Ferrothorn|Ferrothorn, M|100\/100\n|move|p2a: Ultra Necrozma|Defog|p1a: Ferrothorn\n|-unboost|p1a: Ferrothorn|evasion|1\n|-sideend|p2: Hjull|Stealth Rock|[from] move: Defog|[of] p2a: Ultra Necrozma\n|\n|upkeep\n|turn|7\n|\n|t:|1700741079\n|switch|p2a: Luigia|Braviary-Hisui, M|100\/100\n|move|p1a: Ferrothorn|Thunder Wave|p2a: Luigia\n|-status|p2a: Luigia|par\n|\n|upkeep\n|turn|8\n|\n|t:|1700741083\n|move|p2a: Luigia|Heat Wave|p1a: Ferrothorn\n|-supereffective|p1a: Ferrothorn\n|-damage|p1a: Ferrothorn|4\/100\n|move|p1a: Ferrothorn|Gyro Ball|p2a: Luigia\n|-damage|p2a: Luigia|72\/100 par\n|\n|-heal|p2a: Luigia|78\/100 par|[from] item: Leftovers\n|-heal|p1a: Ferrothorn|10\/100|[from] item: Leftovers\n|upkeep\n|turn|9\n|\n|t:|1700741087\n|move|p2a: Luigia|Esper Wing|p1a: Ferrothorn\n|-resisted|p1a: Ferrothorn\n|-damage|p1a: Ferrothorn|0 fnt\n|-boost|p2a: Luigia|spe|1\n|faint|p1a: Ferrothorn\n|\n|-heal|p2a: Luigia|84\/100 par|[from] item: Leftovers\n|upkeep\n|\n|t:|1700741099\n|switch|p1a: Blastoise|Blastoise, F|100\/100\n|turn|10\n|\n|t:|1700741106\n|move|p1a: Blastoise|Shell Smash|p1a: Blastoise\n|-unboost|p1a: Blastoise|def|1\n|-unboost|p1a: Blastoise|spd|1\n|-boost|p1a: Blastoise|atk|2\n|-boost|p1a: Blastoise|spa|2\n|-boost|p1a: Blastoise|spe|2\n|move|p2a: Luigia|Esper Wing|p1a: Blastoise\n|-damage|p1a: Blastoise|46\/100\n|-boost|p2a: Luigia|spe|1\n|\n|-heal|p2a: Luigia|91\/100 par|[from] item: Leftovers\n|upkeep\n|turn|11\n|\n|t:|1700741116\n|detailschange|p1a: Blastoise|Blastoise-Mega, F\n|-mega|p1a: Blastoise|Blastoise|Blastoisinite\n|move|p1a: Blastoise|Dark Pulse|p2a: Luigia\n|-supereffective|p2a: Luigia\n|-damage|p2a: Luigia|0 fnt\n|faint|p2a: Luigia\n|\n|upkeep\n|\n|t:|1700741126\n|switch|p2a: Xearneas|Sawsbuck, M, shiny|100\/100\n|turn|12\n|\n|t:|1700741132\n|-terastallize|p2a: Xearneas|Fairy\n|move|p1a: Blastoise|Aura Sphere|p2a: Xearneas\n|-resisted|p2a: Xearneas\n|-damage|p2a: Xearneas|43\/100\n|move|p2a: Xearneas|Horn Leech|p1a: Blastoise\n|-supereffective|p1a: Blastoise\n|-damage|p1a: Blastoise|0 fnt\n|-heal|p2a: Xearneas|65\/100|[from] drain|[of] p1a: Blastoise\n|faint|p1a: Blastoise\n|-damage|p2a: Xearneas|55\/100|[from] item: Life Orb\n|\n|upkeep\n|\n|t:|1700741144\n|switch|p1a: Greninja|Greninja, F|51\/100\n|turn|13\n|\n|t:|1700741150\n|switch|p2a: Ultra Necrozma|Crobat, F, shiny|75\/100\n|move|p1a: Greninja|Rock Slide|p2a: Ultra Necrozma|[miss]\n|-start|p1a: Greninja|typechange|Rock|[from] ability: Protean\n|-miss|p1a: Greninja|p2a: Ultra Necrozma\n|\n|upkeep\n|turn|14\n|\n|t:|1700741158\n|switch|p1a: Deoxys|Deoxys-Speed|6\/100\n|-ability|p1a: Deoxys|Pressure\n|switch|p2a: Kyoger|Wailord, F|100\/100\n|\n|upkeep\n|turn|15\n|\n|t:|1700741172\n|move|p1a: Deoxys|Stealth Rock|p2a: Kyoger\n|-sidestart|p2: Hjull|move: Stealth Rock\n|move|p2a: Kyoger|Scald|p1a: Deoxys\n|-damage|p1a: Deoxys|0 fnt\n|faint|p1a: Deoxys\n|\n|upkeep\n|\n|t:|1700741180\n|switch|p1a: Greninja|Greninja, F|51\/100\n|turn|16\n|\n|t:|1700741190\n|move|p1a: Greninja|Gunk Shot|p2a: Kyoger\n|-start|p1a: Greninja|typechange|Poison|[from] ability: Protean\n|-damage|p2a: Kyoger|44\/100\n|move|p2a: Kyoger|Scald|p1a: Greninja\n|-damage|p1a: Greninja|0 fnt\n|faint|p1a: Greninja\n|\n|upkeep\n|\n|t:|1700741199\n|switch|p1a: Darmanitan|Darmanitan-Galar, F|100\/100\n|turn|17\n|\n|t:|1700741206\n|move|p1a: Darmanitan|Earthquake|p2a: Kyoger\n|-damage|p2a: Kyoger|0 fnt\n|faint|p2a: Kyoger\n|\n|upkeep\n|\n|t:|1700741211\n|switch|p2a: Sheesh-Yu|Seaking, F, shiny|100\/100\n|-damage|p2a: Sheesh-Yu|88\/100|[from] Stealth Rock\n|turn|18\n|\n|t:|1700741216\n|move|p1a: Darmanitan|Earthquake|p2a: Sheesh-Yu\n|-damage|p2a: Sheesh-Yu|8\/100\n|move|p2a: Sheesh-Yu|Waterfall|p1a: Darmanitan\n|-damage|p1a: Darmanitan|42\/100\n|\n|upkeep\n|turn|19\n|\n|t:|1700741224\n|switch|p1a: Kingambit|Kingambit, M|100\/100\n|-activate|p1a: Kingambit|ability: Supreme Overlord\n|-start|p1a: Kingambit|fallen4|[silent]\n|move|p2a: Sheesh-Yu|Waterfall|p1a: Kingambit\n|-damage|p1a: Kingambit|67\/100\n|\n|upkeep\n|turn|20\n|\n|t:|1700741231\n|move|p1a: Kingambit|Sucker Punch|p2a: Sheesh-Yu\n|-damage|p2a: Sheesh-Yu|0 fnt\n|faint|p2a: Sheesh-Yu\n|\n|upkeep\n|\n|t:|1700741234\n|switch|p2a: Xearneas|Sawsbuck, M, shiny, tera:Fairy|55\/100\n|-damage|p2a: Xearneas|43\/100|[from] Stealth Rock\n|turn|21\n|\n|t:|1700741238\n|move|p2a: Xearneas|Jump Kick|p1a: Kingambit\n|-supereffective|p1a: Kingambit\n|-damage|p1a: Kingambit|0 fnt\n|faint|p1a: Kingambit\n|-end|p1a: Kingambit|fallen4|[silent]\n|-damage|p2a: Xearneas|33\/100|[from] item: Life Orb\n|\n|upkeep\n|\n|t:|1700741241\n|switch|p1a: Darmanitan|Darmanitan-Galar, F|42\/100\n|turn|22\n|\n|t:|1700741245\n|-terastallize|p1a: Darmanitan|Ice\n|move|p1a: Darmanitan|Icicle Crash|p2a: Xearneas\n|-damage|p2a: Xearneas|0 fnt\n|faint|p2a: Xearneas\n|\n|upkeep\n|\n|t:|1700741248\n|switch|p2a: Ultra Necrozma|Crobat, F, shiny|75\/100\n|-damage|p2a: Ultra Necrozma|50\/100|[from] Stealth Rock\n|-enditem|p2a: Ultra Necrozma|Sitrus Berry|[eat]\n|-heal|p2a: Ultra Necrozma|75\/100|[from] item: Sitrus Berry\n|turn|23\n|\n|t:|1700741251\n|move|p1a: Darmanitan|Icicle Crash|p2a: Ultra Necrozma\n|-supereffective|p2a: Ultra Necrozma\n|-damage|p2a: Ultra Necrozma|0 fnt\n|faint|p2a: Ultra Necrozma\n|\n|win|SyntaxError614\n|raw|SyntaxError614's rating: 1188 &rarr; <strong>1206<\/strong><br \/>(+18 for winning)\n|raw|Hjull's rating: 1093 &rarr; <strong>1075<\/strong><br \/>(-18 for losing)\n|c|\u2606SyntaxError614|gg\n","uploadtime":1700741263,"views":14,"p1id":"syntaxerror614","p2id":"hjull","formatid":"gen9nationaldexubers","rating":1075,"private":0,"password":""}