{"id":"gen9nationaldexubers-1991306895","p1":"700club","p2":"KingoftheTitans","format":"[Gen 9] National Dex Ubers","log":"|j|\u2606700club\n|j|\u2606KingoftheTitans\n|t:|1700066142\n|gametype|singles\n|player|p1|700club|shadowtriad|1303\n|player|p2|KingoftheTitans|169|1288\n|teamsize|p1|6\n|teamsize|p2|6\n|gen|9\n|tier|[Gen 9] National Dex Ubers\n|rated|\n|rule|HP Percentage Mod: HP is shown in percentages\n|rule|Endless Battle Clause: Forcing endless battles is banned\n|rule|OHKO Clause: OHKO moves are banned\n|rule|Evasion Moves Clause: Evasion moves are banned\n|rule|Evasion Items Clause: Evasion items are banned\n|rule|Species Clause: Limit one of each Pok\u00e9mon\n|rule|Sleep Clause Mod: Limit one foe put to sleep\n|rule|Mega Rayquaza Clause: You cannot mega evolve Rayquaza\n|clearpoke\n|poke|p1|Ogerpon-Hearthflame, F|\n|poke|p1|Ditto|\n|poke|p1|Deoxys-Speed|\n|poke|p1|Mewtwo|\n|poke|p1|Necrozma-Dusk-Mane|\n|poke|p1|Dondozo, F|\n|poke|p2|Garchomp, M|\n|poke|p2|Sneasler, F|\n|poke|p2|Tapu Fini|\n|poke|p2|Slowking-Galar, M|\n|poke|p2|Gliscor, F|\n|poke|p2|Great Tusk|\n|teampreview\n|c|\u2606700club|hi\n|\n|t:|1700066155\n|start\n|switch|p1a: Deoxys|Deoxys-Speed|100\/100\n|switch|p2a: Gliscor|Gliscor, F|100\/100\n|-ability|p1a: Deoxys|Pressure\n|turn|1\n|\n|t:|1700066168\n|move|p1a: Deoxys|Reflect|p1a: Deoxys\n|-sidestart|p1: 700club|Reflect\n|move|p2a: Gliscor|Stealth Rock|p1a: Deoxys\n|-sidestart|p1: 700club|move: Stealth Rock\n|\n|-status|p2a: Gliscor|tox|[from] item: Toxic Orb\n|upkeep\n|turn|2\n|\n|t:|1700066181\n|move|p1a: Deoxys|Taunt|p2a: Gliscor\n|-start|p2a: Gliscor|move: Taunt\n|cant|p2a: Gliscor|move: Taunt|Toxic Spikes\n|\n|upkeep\n|turn|3\n|\n|t:|1700066185\n|move|p1a: Deoxys|Light Screen|p1a: Deoxys\n|-sidestart|p1: 700club|move: Light Screen\n|move|p2a: Gliscor|Knock Off|p1a: Deoxys\n|-supereffective|p1a: Deoxys\n|-damage|p1a: Deoxys|67\/100\n|-enditem|p1a: Deoxys|Focus Sash|[from] move: Knock Off|[of] p2a: Gliscor\n|\n|upkeep\n|turn|4\n|\n|t:|1700066193\n|move|p1a: Deoxys|Stealth Rock|p2a: Gliscor\n|-sidestart|p2: KingoftheTitans|move: Stealth Rock\n|move|p2a: Gliscor|Knock Off|p1a: Deoxys\n|-supereffective|p1a: Deoxys\n|-damage|p1a: Deoxys|43\/100\n|\n|-end|p2a: Gliscor|move: Taunt\n|upkeep\n|turn|5\n|\n|t:|1700066202\n|move|p1a: Deoxys|Taunt|p2a: Gliscor\n|-start|p2a: Gliscor|move: Taunt\n|move|p2a: Gliscor|Earthquake|p1a: Deoxys\n|-crit|p1a: Deoxys\n|-damage|p1a: Deoxys|0 fnt\n|faint|p1a: Deoxys\n|\n|-sideend|p1: 700club|Reflect\n|upkeep\n|\n|t:|1700066220\n|switch|p1a: Mewtwo|Mewtwo|100\/100\n|-ability|p1a: Mewtwo|Unnerve\n|-damage|p1a: Mewtwo|88\/100|[from] Stealth Rock\n|turn|6\n|\n|t:|1700066230\n|detailschange|p1a: Mewtwo|Mewtwo-Mega-Y\n|-mega|p1a: Mewtwo|Mewtwo|Mewtwonite Y\n|move|p1a: Mewtwo|Ice Beam|p2a: Gliscor\n|-supereffective|p2a: Gliscor\n|-damage|p2a: Gliscor|0 fnt\n|faint|p2a: Gliscor\n|\n|upkeep\n|\n|t:|1700066236\n|switch|p2a: Tapu Fini|Tapu Fini|100\/100\n|-damage|p2a: Tapu Fini|88\/100|[from] Stealth Rock\n|-fieldstart|move: Misty Terrain|[from] ability: Misty Surge|[of] p2a: Tapu Fini\n|turn|7\n|\n|t:|1700066257\n|move|p1a: Mewtwo|Psystrike|p2a: Tapu Fini\n|-damage|p2a: Tapu Fini|15\/100\n|move|p2a: Tapu Fini|Moonblast|p1a: Mewtwo\n|-damage|p1a: Mewtwo|69\/100\n|\n|-heal|p2a: Tapu Fini|21\/100|[from] item: Leftovers\n|-sideend|p1: 700club|move: Light Screen\n|upkeep\n|turn|8\n|\n|t:|1700066265\n|move|p1a: Mewtwo|Psystrike|p2a: Tapu Fini\n|-damage|p2a: Tapu Fini|0 fnt\n|faint|p2a: Tapu Fini\n|\n|upkeep\n|\n|t:|1700066269\n|switch|p2a: Sneasler|Sneasler, F|100\/100\n|-damage|p2a: Sneasler|95\/100|[from] Stealth Rock\n|-enditem|p2a: Sneasler|Misty Seed\n|-boost|p2a: Sneasler|spd|1|[from] item: Misty Seed\n|turn|9\n|\n|t:|1700066298\n|-terastallize|p2a: Sneasler|Flying\n|move|p2a: Sneasler|Acrobatics|p1a: Mewtwo\n|-damage|p1a: Mewtwo|0 fnt\n|faint|p1a: Mewtwo\n|\n|upkeep\n|\n|t:|1700066308\n|switch|p1a: Necrozma|Necrozma-Dusk-Mane|100\/100\n|-damage|p1a: Necrozma|95\/100|[from] Stealth Rock\n|turn|10\n|\n|t:|1700066322\n|move|p2a: Sneasler|Close Combat|p1a: Necrozma\n|-damage|p1a: Necrozma|44\/100\n|-unboost|p2a: Sneasler|def|1\n|-unboost|p2a: Sneasler|spd|1\n|move|p1a: Necrozma|Dragon Dance|p1a: Necrozma\n|-boost|p1a: Necrozma|atk|1\n|-boost|p1a: Necrozma|spe|1\n|\n|upkeep\n|turn|11\n|\n|t:|1700066333\n|detailschange|p1a: Necrozma|Necrozma-Ultra\n|-burst|p1a: Necrozma|Necrozma|Ultranecrozium Z\n|move|p2a: Sneasler|Acrobatics|p1a: Necrozma\n|-damage|p1a: Necrozma|0 fnt\n|faint|p1a: Necrozma\n|\n|-fieldend|Misty Terrain\n|upkeep\n|\n|t:|1700066366\n|switch|p1a: Dondozo|Dondozo, F|100\/100\n|-damage|p1a: Dondozo|88\/100|[from] Stealth Rock\n|turn|12\n|\n|t:|1700066384\n|move|p2a: Sneasler|Acrobatics|p1a: Dondozo\n|-damage|p1a: Dondozo|61\/100\n|move|p1a: Dondozo|Curse|p1a: Dondozo\n|-unboost|p1a: Dondozo|spe|1\n|-boost|p1a: Dondozo|atk|1\n|-boost|p1a: Dondozo|def|1\n|\n|-heal|p1a: Dondozo|67\/100|[from] item: Leftovers\n|upkeep\n|turn|13\n|\n|t:|1700066395\n|switch|p2a: Slowking|Slowking-Galar, M|100\/100\n|-damage|p2a: Slowking|88\/100|[from] Stealth Rock\n|move|p1a: Dondozo|Liquidation|p2a: Slowking\n|-damage|p2a: Slowking|58\/100\n|\n|-heal|p2a: Slowking|64\/100|[from] item: Black Sludge\n|-heal|p1a: Dondozo|73\/100|[from] item: Leftovers\n|upkeep\n|turn|14\n|\n|t:|1700066430\n|move|p2a: Slowking|Sludge Bomb|p1a: Dondozo\n|-crit|p1a: Dondozo\n|-damage|p1a: Dondozo|25\/100\n|-status|p1a: Dondozo|psn\n|move|p1a: Dondozo|Curse|p1a: Dondozo\n|-unboost|p1a: Dondozo|spe|1\n|-boost|p1a: Dondozo|atk|1\n|-boost|p1a: Dondozo|def|1\n|\n|-heal|p2a: Slowking|70\/100|[from] item: Black Sludge\n|-heal|p1a: Dondozo|31\/100 psn|[from] item: Leftovers\n|-damage|p1a: Dondozo|18\/100 psn|[from] psn\n|upkeep\n|turn|15\n|\n|t:|1700066444\n|move|p2a: Slowking|Sludge Bomb|p1a: Dondozo\n|-damage|p1a: Dondozo|0 fnt\n|faint|p1a: Dondozo\n|\n|-heal|p2a: Slowking|76\/100|[from] item: Black Sludge\n|upkeep\n|\n|t:|1700066450\n|switch|p1a: Ogerpon|Ogerpon-Hearthflame, F|100\/100\n|-damage|p1a: Ogerpon|76\/100|[from] Stealth Rock\n|-ability|p1a: Ogerpon|Mold Breaker\n|turn|16\n|\n|t:|1700066472\n|switch|p2a: Great Tusk|Great Tusk|100\/100\n|-damage|p2a: Great Tusk|98\/100|[from] Stealth Rock\n|-enditem|p2a: Great Tusk|Booster Energy\n|-activate|p2a: Great Tusk|ability: Protosynthesis|[fromitem]\n|-start|p2a: Great Tusk|protosynthesisatk\n|-terastallize|p1a: Ogerpon|Fire\n|detailschange|p1a: Ogerpon|Ogerpon-Hearthflame-Tera, F, tera:Fire\n|-ability|p1a: Ogerpon|Embody Aspect (Hearthflame)|boost\n|-boost|p1a: Ogerpon|atk|1\n|move|p1a: Ogerpon|Ivy Cudgel|p2a: Great Tusk|[anim] Ivy Cudgel Fire\n|-damage|p2a: Great Tusk|22\/100\n|\n|upkeep\n|turn|17\n|\n|t:|1700066493\n|move|p1a: Ogerpon|Ivy Cudgel|p2a: Great Tusk|[anim] Ivy Cudgel Fire\n|-damage|p2a: Great Tusk|0 fnt\n|faint|p2a: Great Tusk\n|-end|p2a: Great Tusk|Protosynthesis|[silent]\n|\n|upkeep\n|\n|t:|1700066498\n|switch|p2a: Sneasler|Sneasler, F, tera:Flying|95\/100\n|-damage|p2a: Sneasler|70\/100|[from] Stealth Rock\n|turn|18\n|\n|t:|1700066504\n|move|p2a: Sneasler|Close Combat|p1a: Ogerpon\n|-damage|p1a: Ogerpon|2\/100\n|-unboost|p2a: Sneasler|def|1\n|-unboost|p2a: Sneasler|spd|1\n|move|p1a: Ogerpon|Ivy Cudgel|p2a: Sneasler|[anim] Ivy Cudgel Fire\n|-damage|p2a: Sneasler|0 fnt\n|faint|p2a: Sneasler\n|\n|upkeep\n|\n|t:|1700066514\n|switch|p2a: Garchomp|Garchomp, M|100\/100\n|-damage|p2a: Garchomp|94\/100|[from] Stealth Rock\n|turn|19\n|\n|t:|1700066529\n|move|p1a: Ogerpon|Ivy Cudgel|p2a: Garchomp|[anim] Ivy Cudgel Fire\n|-resisted|p2a: Garchomp\n|-damage|p2a: Garchomp|45\/100\n|move|p2a: Garchomp|Earthquake|p1a: Ogerpon\n|-supereffective|p1a: Ogerpon\n|-damage|p1a: Ogerpon|0 fnt\n|faint|p1a: Ogerpon\n|\n|upkeep\n|\n|t:|1700066542\n|switch|p1a: Ditto|Ditto|100\/100\n|-damage|p1a: Ditto|88\/100|[from] Stealth Rock\n|-transform|p1a: Ditto|p2a: Garchomp|[from] ability: Imposter\n|turn|20\n|\n|t:|1700066556\n|detailschange|p2a: Garchomp|Garchomp-Mega, M\n|-mega|p2a: Garchomp|Garchomp|Garchompite\n|move|p1a: Ditto|Earthquake|p2a: Garchomp\n|-damage|p2a: Garchomp|0 fnt\n|faint|p2a: Garchomp\n|\n|upkeep\n|\n|t:|1700066562\n|switch|p2a: Slowking|Slowking-Galar, M|100\/100\n|-damage|p2a: Slowking|88\/100|[from] Stealth Rock\n|turn|21\n|\n|t:|1700066567\n|move|p1a: Ditto|Earthquake|p2a: Slowking\n|-supereffective|p2a: Slowking\n|-damage|p2a: Slowking|10\/100\n|move|p2a: Slowking|Psychic|p1a: Ditto\n|-damage|p1a: Ditto|47\/100\n|\n|-heal|p2a: Slowking|16\/100|[from] item: Black Sludge\n|upkeep\n|turn|22\n|c|\u2606KingoftheTitans|gg\n|\n|t:|1700066589\n|move|p1a: Ditto|Earthquake|p2a: Slowking\n|-supereffective|p2a: Slowking\n|-damage|p2a: Slowking|0 fnt\n|faint|p2a: Slowking\n|\n|win|700club\n|raw|700club's rating: 1303 &rarr; <strong>1322<\/strong><br \/>(+19 for winning)\n|raw|KingoftheTitans's rating: 1288 &rarr; <strong>1264<\/strong><br \/>(-24 for losing)\n|c|\u2606700club|gg\n","uploadtime":1700066595,"views":34,"p1id":"700club","p2id":"kingofthetitans","formatid":"gen9nationaldexubers","rating":1264,"private":0,"password":""}