{"id":"gen9nationaldexubers-1990772845","p1":"CloysterEnjoyer","p2":"myarip","format":"[Gen 9] National Dex Ubers","log":"|j|\u2606CloysterEnjoyer\n|j|\u2606myarip\n|t:|1699999420\n|gametype|singles\n|player|p1|CloysterEnjoyer|bruno|\n|player|p2|myarip|lady|\n|teamsize|p1|6\n|teamsize|p2|6\n|gen|9\n|tier|[Gen 9] National Dex Ubers\n|rule|HP Percentage Mod: HP is shown in percentages\n|rule|Endless Battle Clause: Forcing endless battles is banned\n|rule|OHKO Clause: OHKO moves are banned\n|rule|Evasion Moves Clause: Evasion moves are banned\n|rule|Evasion Items Clause: Evasion items are banned\n|rule|Species Clause: Limit one of each Pok\u00e9mon\n|rule|Sleep Clause Mod: Limit one foe put to sleep\n|rule|Mega Rayquaza Clause: You cannot mega evolve Rayquaza\n|clearpoke\n|poke|p1|Zoroark-Hisui, F|\n|poke|p1|Cyclizar, F|\n|poke|p1|Ursaluna-Bloodmoon, M|\n|poke|p1|Ditto|\n|poke|p1|Lopunny, F|\n|poke|p1|Dragonite, M|\n|poke|p2|Whimsicott, F|\n|poke|p2|Clefable, F|\n|poke|p2|Azumarill, F|\n|poke|p2|Tinkaton, F|\n|poke|p2|Gardevoir, F|\n|poke|p2|Flutter Mane|\n|teampreview\n|\n|t:|1699999452\n|start\n|switch|p1a: Cyclizar|Cyclizar, F|100\/100\n|switch|p2a: Whimsicott|Whimsicott, F|100\/100\n|turn|1\n|j| Xanvoir\n|\n|t:|1699999475\n|move|p2a: Whimsicott|Tailwind|p2a: Whimsicott\n|-sidestart|p2: myarip|move: Tailwind\n|move|p1a: Cyclizar|Shed Tail|p1a: Cyclizar\n|-start|p1a: Cyclizar|Substitute|[from] move: Shed Tail\n|-damage|p1a: Cyclizar|50\/100\n|c| Xanvoir|Yo\n|\n|t:|1699999480\n|switch|p1a: Ursaluna|Ursaluna-Bloodmoon, M|100\/100|[from] Shed Tail\n|\n|upkeep\n|turn|2\n|\n|t:|1699999494\n|move|p2a: Whimsicott|U-turn|p1a: Ursaluna\n|-activate|p1a: Ursaluna|move: Substitute|[damage]\n|\n|t:|1699999499\n|switch|p2a: Clefable|Clefable, F|100\/100|[from] U-turn\n|move|p1a: Ursaluna|Calm Mind|p1a: Ursaluna\n|-boost|p1a: Ursaluna|spa|1\n|-boost|p1a: Ursaluna|spd|1\n|\n|upkeep\n|turn|3\n|\n|t:|1699999509\n|move|p2a: Clefable|Cosmic Power|p2a: Clefable\n|-boost|p2a: Clefable|def|1\n|-boost|p2a: Clefable|spd|1\n|move|p1a: Ursaluna|Blood Moon|p2a: Clefable\n|-damage|p2a: Clefable|41\/100\n|\n|-heal|p2a: Clefable|47\/100|[from] item: Leftovers\n|upkeep\n|turn|4\n|\n|t:|1699999521\n|switch|p1a: Dragonite|Dragonite, M|100\/100\n|move|p2a: Clefable|Protect||[still]\n|-fail|p2a: Clefable\n|\n|-heal|p2a: Clefable|54\/100|[from] item: Leftovers\n|-sideend|p2: myarip|move: Tailwind\n|upkeep\n|turn|5\n|\n|t:|1699999527\n|move|p1a: Dragonite|Trick|p2a: Clefable\n|-activate|p1a: Dragonite|move: Trick|[of] p2a: Clefable\n|-item|p2a: Clefable|Choice Specs|[from] move: Trick\n|-item|p1a: Dragonite|Leftovers|[from] move: Trick\n|move|p2a: Clefable|Soft-Boiled|p2a: Clefable\n|-heal|p2a: Clefable|100\/100\n|\n|upkeep\n|turn|6\n|c| Xanvoir|Oh boy\n|\n|t:|1699999554\n|switch|p1a: Ursaluna|Ursaluna-Bloodmoon, M|100\/100\n|switch|p2a: Whimsicott|Whimsicott, F|100\/100\n|\n|upkeep\n|turn|7\n|\n|t:|1699999564\n|move|p2a: Whimsicott|Tailwind|p2a: Whimsicott\n|-sidestart|p2: myarip|move: Tailwind\n|move|p1a: Ursaluna|Blood Moon|p2a: Whimsicott\n|-damage|p2a: Whimsicott|11\/100\n|\n|-heal|p2a: Whimsicott|17\/100|[from] item: Leftovers\n|upkeep\n|turn|8\n|\n|t:|1699999572\n|move|p2a: Whimsicott|U-turn|p1a: Ursaluna\n|-damage|p1a: Ursaluna|95\/100\n|\n|t:|1699999579\n|switch|p2a: Azumarill|Azumarill, F|100\/100|[from] U-turn\n|move|p1a: Ursaluna|Earth Power|p2a: Azumarill\n|-damage|p2a: Azumarill|45\/100\n|\n|-heal|p1a: Ursaluna|100\/100|[from] item: Leftovers\n|upkeep\n|turn|9\n|\n|t:|1699999591\n|move|p2a: Azumarill|Aqua Jet|p1a: Ursaluna\n|-supereffective|p1a: Ursaluna\n|-damage|p1a: Ursaluna|75\/100\n|move|p1a: Ursaluna|Earth Power|p2a: Azumarill\n|-damage|p2a: Azumarill|0 fnt\n|faint|p2a: Azumarill\n|\n|-heal|p1a: Ursaluna|81\/100|[from] item: Leftovers\n|upkeep\n|\n|t:|1699999596\n|switch|p2a: Gardevoir|Gardevoir, F|100\/100\n|turn|10\n|\n|t:|1699999607\n|detailschange|p2a: Gardevoir|Gardevoir-Mega, F\n|-mega|p2a: Gardevoir|Gardevoir|Gardevoirite\n|move|p2a: Gardevoir|Energy Ball|p1a: Ursaluna\n|-supereffective|p1a: Ursaluna\n|-damage|p1a: Ursaluna|0 fnt\n|faint|p1a: Ursaluna\n|\n|-sideend|p2: myarip|move: Tailwind\n|upkeep\n|\n|t:|1699999612\n|switch|p1a: Ditto|Ditto, shiny|100\/100\n|-transform|p1a: Ditto|p2a: Gardevoir|[from] ability: Imposter\n|turn|11\n|\n|t:|1699999633\n|move|p1a: Ditto|Hyper Voice|p2a: Gardevoir\n|-damage|p2a: Gardevoir|35\/100\n|move|p2a: Gardevoir|Hyper Voice|p1a: Ditto\n|-damage|p1a: Ditto|46\/100\n|\n|upkeep\n|turn|12\n|\n|t:|1699999646\n|switch|p2a: Tinkaton|Tinkaton, F|100\/100\n|-ability|p2a: Tinkaton|Mold Breaker\n|move|p1a: Ditto|Hyper Voice|p2a: Tinkaton\n|-resisted|p2a: Tinkaton\n|-damage|p2a: Tinkaton|73\/100\n|\n|-heal|p2a: Tinkaton|80\/100|[from] item: Leftovers\n|upkeep\n|turn|13\n|j| Rainer367\n|\n|t:|1699999656\n|switch|p1a: Dragonite|Dragonite, M|100\/100\n|move|p2a: Tinkaton|Gigaton Hammer|p1a: Dragonite\n|-damage|p1a: Dragonite|1\/100\n|replace|p1a: Zoroark|Zoroark-Hisui, F\n|-end|p1a: Zoroark|Illusion\n|\n|-heal|p1a: Zoroark|7\/100|[from] item: Leftovers\n|-heal|p2a: Tinkaton|86\/100|[from] item: Leftovers\n|upkeep\n|turn|14\n|c| Rainer367|Ugh\n|c| Rainer367|Its late\n|c| Rainer367|10pm\n|\n|t:|1699999666\n|move|p1a: Zoroark|Flamethrower|p2a: Tinkaton\n|-supereffective|p2a: Tinkaton\n|-damage|p2a: Tinkaton|39\/100\n|move|p2a: Tinkaton|Foul Play|p1a: Zoroark\n|-supereffective|p1a: Zoroark\n|-damage|p1a: Zoroark|0 fnt\n|faint|p1a: Zoroark\n|\n|-heal|p2a: Tinkaton|45\/100|[from] item: Leftovers\n|upkeep\n|\n|t:|1699999673\n|switch|p1a: Dragonite|Dragonite, M|100\/100\n|turn|15\n|\n|t:|1699999689\n|-terastallize|p1a: Dragonite|Normal\n|move|p1a: Dragonite|Earthquake|p2a: Tinkaton\n|-supereffective|p2a: Tinkaton\n|-damage|p2a: Tinkaton|0 fnt\n|faint|p2a: Tinkaton\n|\n|upkeep\n|\n|t:|1699999697\n|switch|p2a: Gardevoir|Gardevoir-Mega, F|35\/100\n|turn|16\n|\n|t:|1699999701\n|move|p1a: Dragonite|Extreme Speed|p2a: Gardevoir\n|-damage|p2a: Gardevoir|0 fnt\n|faint|p2a: Gardevoir\n|\n|upkeep\n|c| Rainer367|Why are u 2 fighting again?\n|\n|t:|1699999705\n|switch|p2a: Whimsicott|Whimsicott, F|17\/100\n|turn|17\n|c|\u2606CloysterEnjoyer|fun\n|\n|t:|1699999708\n|move|p1a: Dragonite|Extreme Speed|p2a: Whimsicott\n|-damage|p2a: Whimsicott|0 fnt\n|faint|p2a: Whimsicott\n|\n|upkeep\n|c| Xanvoir|Oh they just wanted to\n|\n|t:|1699999714\n|switch|p2a: Flutter Mane|Flutter Mane|100\/100\n|turn|18\n|\n|t:|1699999721\n|-terastallize|p2a: Flutter Mane|Fairy\n|move|p2a: Flutter Mane|Moonblast|p1a: Dragonite\n|-damage|p1a: Dragonite|49\/100\n|move|p1a: Dragonite|Dragon Dance|p1a: Dragonite\n|-boost|p1a: Dragonite|atk|1\n|-boost|p1a: Dragonite|spe|1\n|\n|upkeep\n|turn|19\n|\n|t:|1699999733\n|move|p1a: Dragonite|Extreme Speed|p2a: Flutter Mane\n|-damage|p2a: Flutter Mane|0 fnt\n|faint|p2a: Flutter Mane\n|-end|p2a: Flutter Mane|Protosynthesis|[silent]\n|\n|upkeep\n|c| Rainer367|Oh.ok\n|\n|t:|1699999737\n|switch|p2a: Clefable|Clefable, F|100\/100\n|turn|20\n|c| Xanvoir|Okay that was not smart to Tera-\n|c|\u2606CloysterEnjoyer|shouldnt have terad\n|c| Rainer367|No need for me to moderate stuff\n|c| Rainer367|Imma go sleep\n|l| Rainer367\n|c| Xanvoir|Nah lol\n|\n|t:|1699999758\n|move|p1a: Dragonite|Extreme Speed|p2a: Clefable\n|-damage|p2a: Clefable|48\/100\n|move|p2a: Clefable|Stored Power|p1a: Dragonite\n|-damage|p1a: Dragonite|42\/100\n|\n|upkeep\n|turn|21\n|\n|t:|1699999763\n|move|p1a: Dragonite|Extreme Speed|p2a: Clefable\n|-damage|p2a: Clefable|0 fnt\n|faint|p2a: Clefable\n|\n|win|CloysterEnjoyer\n|c|\u2606CloysterEnjoyer|gg\n|c|\u2606myarip|gg\n|l| Xanvoir\n|c|\u2606CloysterEnjoyer|now bye\n|l|\u2606myarip\n","uploadtime":1699999777,"views":9,"p1id":"cloysterenjoyer","p2id":"myarip","formatid":"gen9nationaldexubers","rating":0,"private":0,"password":""}