{"id":"gen9nationaldexubers-1988549414","p1":"Ezael_Stormblood","p2":"H4RC0L0","format":"[Gen 9] National Dex Ubers","log":"|j|\u2606Ezael_Stormblood\n|j|\u2606H4RC0L0\n|t:|1699734957\n|gametype|singles\n|player|p1|Ezael_Stormblood|hiker-gen4|1182\n|player|p2|H4RC0L0|cyrus|1236\n|teamsize|p1|6\n|teamsize|p2|6\n|gen|9\n|tier|[Gen 9] National Dex Ubers\n|rated|\n|rule|HP Percentage Mod: HP is shown in percentages\n|rule|Endless Battle Clause: Forcing endless battles is banned\n|rule|OHKO Clause: OHKO moves are banned\n|rule|Evasion Moves Clause: Evasion moves are banned\n|rule|Evasion Items Clause: Evasion items are banned\n|rule|Species Clause: Limit one of each Pok\u00e9mon\n|rule|Sleep Clause Mod: Limit one foe put to sleep\n|rule|Mega Rayquaza Clause: You cannot mega evolve Rayquaza\n|clearpoke\n|poke|p1|Calyrex-Ice|\n|poke|p1|Hoopa-Unbound|\n|poke|p1|Ting-Lu|\n|poke|p1|Melmetal|\n|poke|p1|Hatterene, F|\n|poke|p1|Corviknight, F|\n|poke|p2|Genesect|\n|poke|p2|Palafin, M|\n|poke|p2|Landorus-Therian, M|\n|poke|p2|Cyclizar, F|\n|poke|p2|Galvantula, F|\n|poke|p2|Tapu Koko|\n|teampreview\n|inactive|Battle timer is ON: inactive players will automatically lose when time's up. (requested by H4RC0L0)\n|\n|t:|1699734962\n|start\n|switch|p1a: Calyrex|Calyrex-Ice|100\/100\n|switch|p2a: Galvantula|Galvantula, F, shiny|100\/100\n|-ability|p1a: Calyrex|As One\n|-ability|p1a: Calyrex|Unnerve\n|turn|1\n|\n|t:|1699734970\n|move|p2a: Galvantula|Sticky Web|p1a: Calyrex\n|-sidestart|p1: Ezael_Stormblood|move: Sticky Web\n|move|p1a: Calyrex|Trick Room|p1a: Calyrex\n|-fieldstart|move: Trick Room|[of] p1a: Calyrex\n|\n|upkeep\n|turn|2\n|\n|t:|1699734977\n|move|p1a: Calyrex|Glacial Lance|p2a: Galvantula\n|-damage|p2a: Galvantula|0 fnt\n|faint|p2a: Galvantula\n|-ability|p1a: Calyrex|Chilling Neigh|boost\n|-boost|p1a: Calyrex|atk|1\n|-damage|p1a: Calyrex|91\/100|[from] item: Life Orb\n|\n|upkeep\n|\n|t:|1699734985\n|switch|p2a: Genesect|Genesect, shiny|100\/100\n|-ability|p2a: Genesect|Download|boost\n|-boost|p2a: Genesect|spa|1\n|turn|3\n|\n|t:|1699734991\n|move|p1a: Calyrex|Glacial Lance|p2a: Genesect\n|-resisted|p2a: Genesect\n|-damage|p2a: Genesect|8\/100\n|-damage|p1a: Calyrex|81\/100|[from] item: Life Orb\n|move|p2a: Genesect|Flash Cannon|p1a: Calyrex\n|-supereffective|p1a: Calyrex\n|-damage|p1a: Calyrex|0 fnt\n|faint|p1a: Calyrex\n|\n|upkeep\n|\n|t:|1699734998\n|switch|p1a: Hoopa|Hoopa-Unbound|100\/100\n|-activate|p1a: Hoopa|move: Sticky Web\n|-unboost|p1a: Hoopa|spe|1\n|turn|4\n|\n|t:|1699735008\n|move|p1a: Hoopa|Power-Up Punch|p2a: Genesect\n|-damage|p2a: Genesect|0 fnt\n|-boost|p1a: Hoopa|atk|1\n|faint|p2a: Genesect\n|-damage|p1a: Hoopa|91\/100|[from] item: Life Orb\n|\n|upkeep\n|\n|t:|1699735015\n|switch|p2a: Tapu Koko|Tapu Koko, shiny|100\/100\n|-fieldstart|move: Electric Terrain|[from] ability: Electric Surge|[of] p2a: Tapu Koko\n|turn|5\n|\n|t:|1699735025\n|move|p1a: Hoopa|Zen Headbutt|p2a: Tapu Koko|[miss]\n|-miss|p1a: Hoopa|p2a: Tapu Koko\n|move|p2a: Tapu Koko|Dazzling Gleam|p1a: Hoopa\n|-supereffective|p1a: Hoopa\n|-damage|p1a: Hoopa|4\/100\n|\n|-fieldend|move: Trick Room\n|upkeep\n|turn|6\n|\n|t:|1699735033\n|move|p2a: Tapu Koko|Dazzling Gleam|p1a: Hoopa\n|-supereffective|p1a: Hoopa\n|-damage|p1a: Hoopa|0 fnt\n|faint|p1a: Hoopa\n|\n|upkeep\n|\n|t:|1699735037\n|switch|p1a: Hatterene|Hatterene, F|100\/100\n|-activate|p1a: Hatterene|move: Sticky Web\n|-unboost|p1a: Hatterene|spe|1\n|turn|7\n|\n|t:|1699735042\n|switch|p2a: Palafin|Palafin, M|100\/100\n|move|p1a: Hatterene|Trick Room|p1a: Hatterene\n|-fieldstart|move: Trick Room|[of] p1a: Hatterene\n|\n|upkeep\n|turn|8\n|\n|t:|1699735050\n|move|p1a: Hatterene|Future Sight|p2a: Palafin\n|-start|p1a: Hatterene|move: Future Sight\n|move|p2a: Palafin|Flip Turn|p1a: Hatterene\n|-damage|p1a: Hatterene|76\/100\n|\n|t:|1699735054\n|detailschange|p2a: Palafin|Palafin-Hero, M\n|switch|p2a: Cyclizar|Cyclizar, F|100\/100|[from] Flip Turn\n|\n|upkeep\n|turn|9\n|\n|t:|1699735059\n|move|p1a: Hatterene|Dazzling Gleam|p2a: Cyclizar\n|-supereffective|p2a: Cyclizar\n|-damage|p2a: Cyclizar|0 fnt\n|faint|p2a: Cyclizar\n|-damage|p1a: Hatterene|66\/100|[from] item: Life Orb\n|\n|-fieldend|move: Electric Terrain\n|upkeep\n|\n|t:|1699735068\n|switch|p2a: Landorus|Landorus-Therian, M, shiny|100\/100\n|-ability|p2a: Landorus|Intimidate|boost\n|-unboost|p1a: Hatterene|atk|1\n|turn|10\n|\n|t:|1699735075\n|move|p1a: Hatterene|Calm Mind|p1a: Hatterene\n|-boost|p1a: Hatterene|spa|1\n|-boost|p1a: Hatterene|spd|1\n|move|p2a: Landorus|U-turn|p1a: Hatterene\n|-damage|p1a: Hatterene|37\/100\n|\n|t:|1699735082\n|switch|p2a: Palafin|Palafin-Hero, M|100\/100|[from] U-turn\n|-activate|p2a: Palafin|ability: Zero to Hero\n|\n|-end|p2a: Palafin|move: Future Sight\n|-damage|p2a: Palafin|0 fnt\n|faint|p2a: Palafin\n|-damage|p1a: Hatterene|27\/100|[from] item: Life Orb\n|upkeep\n|\n|t:|1699735088\n|switch|p2a: Tapu Koko|Tapu Koko, shiny|100\/100\n|-fieldstart|move: Electric Terrain|[from] ability: Electric Surge|[of] p2a: Tapu Koko\n|turn|11\n|\n|t:|1699735095\n|-terastallize|p2a: Tapu Koko|Electric\n|move|p1a: Hatterene|Dazzling Gleam|p2a: Tapu Koko\n|-damage|p2a: Tapu Koko|0 fnt\n|faint|p2a: Tapu Koko\n|-damage|p1a: Hatterene|17\/100|[from] item: Life Orb\n|\n|-fieldend|move: Trick Room\n|upkeep\n|\n|t:|1699735099\n|switch|p2a: Landorus|Landorus-Therian, M, shiny|100\/100\n|-ability|p2a: Landorus|Intimidate|boost\n|-unboost|p1a: Hatterene|atk|1\n|turn|12\n|\n|t:|1699735105\n|move|p2a: Landorus|Earthquake|p1a: Hatterene\n|-damage|p1a: Hatterene|0 fnt\n|faint|p1a: Hatterene\n|\n|upkeep\n|\n|t:|1699735113\n|switch|p1a: Corviknight|Corviknight, F|100\/100\n|turn|13\n|-message|H4RC0L0 forfeited.\n|\n|win|Ezael_Stormblood\n|raw|Ezael_Stormblood's rating: 1182 &rarr; <strong>1211<\/strong><br \/>(+29 for winning)\n|raw|H4RC0L0's rating: 1236 &rarr; <strong>1207<\/strong><br \/>(-29 for losing)\n|l|\u2606H4RC0L0\n","uploadtime":1699735122,"views":20,"p1id":"ezaelstormblood","p2id":"h4rc0l0","formatid":"gen9nationaldexubers","rating":1207,"private":0,"password":""}