{"id":"gen9nationaldexubers-1987258385","p1":"DracoAxel","p2":"hanagakiUBD","format":"[Gen 9] National Dex Ubers","log":"|j|\u2606DracoAxel\n|j|\u2606hanagakiUBD\n|t:|1699570283\n|gametype|singles\n|player|p1|DracoAxel|nate|\n|player|p2|hanagakiUBD|iris-gen5bw2|\n|teamsize|p1|6\n|teamsize|p2|6\n|gen|9\n|tier|[Gen 9] National Dex Ubers\n|rule|HP Percentage Mod: HP is shown in percentages\n|rule|Endless Battle Clause: Forcing endless battles is banned\n|rule|OHKO Clause: OHKO moves are banned\n|rule|Evasion Moves Clause: Evasion moves are banned\n|rule|Evasion Items Clause: Evasion items are banned\n|rule|Species Clause: Limit one of each Pok\u00e9mon\n|rule|Sleep Clause Mod: Limit one foe put to sleep\n|rule|Mega Rayquaza Clause: You cannot mega evolve Rayquaza\n|clearpoke\n|poke|p1|Torkoal, M|\n|poke|p1|Blaziken, F|\n|poke|p1|Skeledirge, F|\n|poke|p1|Charizard, F|\n|poke|p1|Venusaur, F|\n|poke|p1|Flareon, F|\n|poke|p2|Sneasler, F|\n|poke|p2|Annihilape, F|\n|poke|p2|Lucario, F|\n|poke|p2|Blaziken, F|\n|poke|p2|Kommo-o, M|\n|poke|p2|Palafin, M|\n|teampreview\n|inactive|Battle timer is ON: inactive players will automatically lose when time's up. (requested by hanagakiUBD)\n|\n|t:|1699570288\n|start\n|switch|p1a: Flareon|Flareon, F|100\/100\n|switch|p2a: Putario|Lucario, F|100\/100\n|turn|1\n|\n|t:|1699570296\n|move|p2a: Putario|Final Gambit|p1a: Flareon\n|-damage|p1a: Flareon|0 fnt\n|faint|p2a: Putario\n|faint|p1a: Flareon\n|\n|upkeep\n|\n|t:|1699570308\n|switch|p2a: All might|Palafin, M|100\/100\n|switch|p1a: Charizard|Charizard, F|100\/100\n|turn|2\n|c|\u2606hanagakiUBD|Pera\n|c|\u2606hanagakiUBD|No puedo hacer tera xD\n|c|\u2606hanagakiUBD|Pi\n|c|\u2606hanagakiUBD|Bajatelo\n|inactive|hanagakiUBD has 270 seconds left.\n|\n|t:|1699570340\n|detailschange|p1a: Charizard|Charizard-Mega-X, F\n|-mega|p1a: Charizard|Charizard|Charizardite X\n|move|p2a: All might|Ice Punch|p1a: Charizard\n|-damage|p1a: Charizard|80\/100\n|move|p1a: Charizard|Dragon Dance|p1a: Charizard\n|-boost|p1a: Charizard|atk|1\n|-boost|p1a: Charizard|spe|1\n|\n|upkeep\n|turn|3\n|c|\u2606hanagakiUBD|Bueno\n|\n|t:|1699570352\n|move|p1a: Charizard|Outrage|p2a: All might\n|-damage|p2a: All might|0 fnt\n|faint|p2a: All might\n|\n|upkeep\n|\n|t:|1699570358\n|switch|p2a: KFC|Blaziken, F, shiny|100\/100\n|turn|4\n|\n|t:|1699570362\n|move|p1a: Charizard|Outrage|p2a: KFC|[from]lockedmove\n|-enditem|p2a: KFC|Focus Sash\n|-damage|p2a: KFC|1\/100\n|move|p2a: KFC|Earthquake|p1a: Charizard\n|-supereffective|p1a: Charizard\n|-damage|p1a: Charizard|10\/100\n|\n|-ability|p2a: KFC|Speed Boost|boost\n|-boost|p2a: KFC|spe|1\n|upkeep\n|turn|5\n|\n|t:|1699570380\n|move|p1a: Charizard|Outrage|p2a: KFC|[from]lockedmove\n|-damage|p2a: KFC|0 fnt\n|faint|p2a: KFC\n|-start|p1a: Charizard|confusion|[fatigue]\n|\n|upkeep\n|\n|t:|1699570383\n|switch|p2a: La t\u00f3xica|Sneasler, F|100\/100\n|turn|6\n|\n|t:|1699570403\n|switch|p1a: Skelegod|Skeledirge, F|100\/100\n|move|p2a: La t\u00f3xica|Fake Out|p1a: Skelegod\n|-immune|p1a: Skelegod\n|\n|upkeep\n|turn|7\n|\n|t:|1699570409\n|switch|p2a: Frozono|Annihilape, F|100\/100\n|move|p1a: Skelegod|Will-O-Wisp|p2a: Frozono|[miss]\n|-miss|p1a: Skelegod|p2a: Frozono\n|\n|upkeep\n|turn|8\n|\n|t:|1699570416\n|move|p2a: Frozono|Rage Fist|p1a: Skelegod\n|-supereffective|p1a: Skelegod\n|-damage|p1a: Skelegod|71\/100\n|move|p1a: Skelegod|Will-O-Wisp|p2a: Frozono\n|-status|p2a: Frozono|brn\n|\n|-heal|p1a: Skelegod|77\/100|[from] item: Leftovers\n|-damage|p2a: Frozono|94\/100 brn|[from] brn\n|upkeep\n|turn|9\n|\n|t:|1699570421\n|move|p2a: Frozono|Rage Fist|p1a: Skelegod\n|-supereffective|p1a: Skelegod\n|-damage|p1a: Skelegod|63\/100\n|move|p1a: Skelegod|Torch Song|p2a: Frozono\n|-damage|p2a: Frozono|71\/100 brn\n|-boost|p1a: Skelegod|spa|1\n|\n|-heal|p2a: Frozono|77\/100 brn|[from] item: Leftovers\n|-heal|p1a: Skelegod|69\/100|[from] item: Leftovers\n|-damage|p2a: Frozono|71\/100 brn|[from] brn\n|upkeep\n|turn|10\n|\n|t:|1699570429\n|move|p2a: Frozono|Rage Fist|p1a: Skelegod\n|-supereffective|p1a: Skelegod\n|-damage|p1a: Skelegod|41\/100\n|move|p1a: Skelegod|Shadow Ball|p2a: Frozono\n|-supereffective|p2a: Frozono\n|-damage|p2a: Frozono|3\/100 brn\n|\n|-heal|p2a: Frozono|9\/100 brn|[from] item: Leftovers\n|-heal|p1a: Skelegod|47\/100|[from] item: Leftovers\n|-damage|p2a: Frozono|3\/100 brn|[from] brn\n|upkeep\n|turn|11\n|\n|t:|1699570434\n|move|p2a: Frozono|Rage Fist|p1a: Skelegod\n|-supereffective|p1a: Skelegod\n|-damage|p1a: Skelegod|4\/100\n|move|p1a: Skelegod|Torch Song|p2a: Frozono\n|-damage|p2a: Frozono|0 fnt\n|-boost|p1a: Skelegod|spa|1\n|faint|p2a: Frozono\n|\n|-heal|p1a: Skelegod|10\/100|[from] item: Leftovers\n|upkeep\n|\n|t:|1699570439\n|switch|p2a: Folla hadas|Kommo-o, M|100\/100\n|turn|12\n|\n|t:|1699570442\n|-zpower|p2a: Folla hadas\n|move|p2a: Folla hadas|Clangorous Soulblaze|p1a: Skelegod|[zeffect]\n|-damage|p1a: Skelegod|0 fnt\n|faint|p1a: Skelegod\n|-boost|p2a: Folla hadas|atk|1\n|-boost|p2a: Folla hadas|def|1\n|-boost|p2a: Folla hadas|spa|1\n|-boost|p2a: Folla hadas|spd|1\n|-boost|p2a: Folla hadas|spe|1\n|\n|upkeep\n|\n|t:|1699570445\n|switch|p1a: El solecito|Torkoal, M|100\/100\n|-weather|SunnyDay|[from] ability: Drought|[of] p1a: El solecito\n|turn|13\n|\n|t:|1699570448\n|move|p2a: Folla hadas|Earthquake|p1a: El solecito\n|-supereffective|p1a: El solecito\n|-damage|p1a: El solecito|27\/100\n|move|p1a: El solecito|Overheat|p2a: Folla hadas\n|-resisted|p2a: Folla hadas\n|-damage|p2a: Folla hadas|80\/100\n|-unboost|p1a: El solecito|spa|2\n|-enditem|p1a: El solecito|Eject Pack\n|\n|t:|1699570454\n|switch|p1a: Mariwano|Venusaur, F|100\/100\n|\n|-weather|SunnyDay|[upkeep]\n|upkeep\n|turn|14\n|\n|t:|1699570459\n|-terastallize|p1a: Mariwano|Fire\n|move|p1a: Mariwano|Sludge Bomb|p2a: Folla hadas\n|-immune|p2a: Folla hadas|[from] ability: Bulletproof\n|move|p2a: Folla hadas|Earthquake|p1a: Mariwano\n|-supereffective|p1a: Mariwano\n|-damage|p1a: Mariwano|0 fnt\n|faint|p1a: Mariwano\n|\n|-weather|SunnyDay|[upkeep]\n|upkeep\n|\n|t:|1699570468\n|switch|p1a: Blaziken|Blaziken, F|100\/100\n|turn|15\n|\n|t:|1699570470\n|move|p1a: Blaziken|Protect|p1a: Blaziken\n|-singleturn|p1a: Blaziken|Protect\n|move|p2a: Folla hadas|Earthquake|p1a: Blaziken\n|-activate|p1a: Blaziken|move: Protect\n|\n|-weather|SunnyDay|[upkeep]\n|-ability|p1a: Blaziken|Speed Boost|boost\n|-boost|p1a: Blaziken|spe|1\n|upkeep\n|turn|16\n|\n|t:|1699570475\n|move|p2a: Folla hadas|Earthquake|p1a: Blaziken\n|-supereffective|p1a: Blaziken\n|-damage|p1a: Blaziken|0 fnt\n|faint|p1a: Blaziken\n|\n|-weather|SunnyDay|[upkeep]\n|upkeep\n|\n|t:|1699570478\n|switch|p1a: Charizard|Charizard-Mega-X, F|10\/100\n|turn|17\n|\n|t:|1699570483\n|move|p2a: Folla hadas|Clanging Scales|p1a: Charizard\n|-supereffective|p1a: Charizard\n|-damage|p1a: Charizard|0 fnt\n|faint|p1a: Charizard\n|-unboost|p2a: Folla hadas|def|1\n|\n|-weather|none\n|upkeep\n|\n|t:|1699570486\n|switch|p1a: El solecito|Torkoal, M|27\/100\n|-weather|SunnyDay|[from] ability: Drought|[of] p1a: El solecito\n|turn|18\n|\n|t:|1699570489\n|move|p2a: Folla hadas|Close Combat|p1a: El solecito\n|-damage|p1a: El solecito|0 fnt\n|-unboost|p2a: Folla hadas|def|1\n|-unboost|p2a: Folla hadas|spd|1\n|faint|p1a: El solecito\n|\n|win|hanagakiUBD\n|l|\u2606DracoAxel\n","uploadtime":1699570495,"views":40,"p1id":"dracoaxel","p2id":"hanagakiubd","formatid":"gen9nationaldexubers","rating":0,"private":0,"password":""}