{"id":"gen9nationaldexubers-1984618738","p1":"haii x3","p2":"Chaitanya15","format":"[Gen 9] National Dex Ubers","log":"|j|\u2606haii x3\n|j|\u2606Chaitanya15\n|t:|1699285127\n|gametype|singles\n|player|p1|haii x3|rosa-masters|1402\n|player|p2|Chaitanya15|2|1461\n|teamsize|p1|6\n|teamsize|p2|6\n|gen|9\n|tier|[Gen 9] National Dex Ubers\n|rated|\n|rule|HP Percentage Mod: HP is shown in percentages\n|rule|Endless Battle Clause: Forcing endless battles is banned\n|rule|OHKO Clause: OHKO moves are banned\n|rule|Evasion Moves Clause: Evasion moves are banned\n|rule|Evasion Items Clause: Evasion items are banned\n|rule|Species Clause: Limit one of each Pok\u00e9mon\n|rule|Sleep Clause Mod: Limit one foe put to sleep\n|rule|Mega Rayquaza Clause: You cannot mega evolve Rayquaza\n|clearpoke\n|poke|p1|Zygarde|\n|poke|p1|Zacian-*|\n|poke|p1|Eternatus|\n|poke|p1|Ho-Oh|\n|poke|p1|Marshadow|\n|poke|p1|Groudon|\n|poke|p2|Kingambit, M|\n|poke|p2|Basculegion, M|\n|poke|p2|Pikachu, F|\n|poke|p2|Kyogre|\n|poke|p2|Flutter Mane|\n|poke|p2|Deoxys-Speed|\n|teampreview\n|inactive|Battle timer is ON: inactive players will automatically lose when time's up. (requested by haii x3)\n|\n|t:|1699285141\n|start\n|switch|p1a: Ho-Oh|Ho-Oh, shiny|100\/100\n|switch|p2a: Flutter Mane|Flutter Mane|100\/100\n|-enditem|p2a: Flutter Mane|Booster Energy\n|-activate|p2a: Flutter Mane|ability: Protosynthesis|[fromitem]\n|-start|p2a: Flutter Mane|protosynthesisspe\n|turn|1\n|\n|t:|1699285154\n|move|p2a: Flutter Mane|Mystical Fire|p1a: Ho-Oh\n|-resisted|p1a: Ho-Oh\n|-damage|p1a: Ho-Oh|93\/100\n|-unboost|p1a: Ho-Oh|spa|1\n|move|p1a: Ho-Oh|Sacred Fire|p2a: Flutter Mane\n|-damage|p2a: Flutter Mane|0 fnt\n|faint|p2a: Flutter Mane\n|-end|p2a: Flutter Mane|Protosynthesis|[silent]\n|\n|upkeep\n|\n|t:|1699285164\n|switch|p2a: Pikachu|Pikachu, F|100\/100\n|turn|2\n|\n|t:|1699285171\n|switch|p1a: Groudon|Groudon, shiny|100\/100\n|detailschange|p1a: Groudon|Groudon-Primal, shiny\n|-primal|p1a: Groudon|Red Orb\n|-weather|DesolateLand|[from] ability: Desolate Land|[of] p1a: Groudon\n|move|p2a: Pikachu|Fake Out|p1a: Groudon\n|-damage|p1a: Groudon|92\/100\n|\n|-weather|DesolateLand|[upkeep]\n|upkeep\n|turn|3\n|\n|t:|1699285187\n|move|p2a: Pikachu|Extreme Speed|p1a: Groudon\n|-damage|p1a: Groudon|74\/100\n|move|p1a: Groudon|Stealth Rock|p2a: Pikachu\n|-sidestart|p2: Chaitanya15|move: Stealth Rock\n|\n|-weather|DesolateLand|[upkeep]\n|upkeep\n|turn|4\n|\n|t:|1699285195\n|move|p2a: Pikachu|Extreme Speed|p1a: Groudon\n|-damage|p1a: Groudon|57\/100\n|move|p1a: Groudon|Precipice Blades|p2a: Pikachu|[miss]\n|-miss|p1a: Groudon|p2a: Pikachu\n|\n|-weather|DesolateLand|[upkeep]\n|upkeep\n|turn|5\n|\n|t:|1699285205\n|move|p2a: Pikachu|Extreme Speed|p1a: Groudon\n|-damage|p1a: Groudon|41\/100\n|move|p1a: Groudon|Precipice Blades|p2a: Pikachu\n|-supereffective|p2a: Pikachu\n|-damage|p2a: Pikachu|0 fnt\n|faint|p2a: Pikachu\n|\n|-weather|DesolateLand|[upkeep]\n|upkeep\n|\n|t:|1699285218\n|switch|p2a: Deoxys|Deoxys-Speed|100\/100\n|-damage|p2a: Deoxys|88\/100|[from] Stealth Rock\n|-ability|p2a: Deoxys|Pressure\n|turn|6\n|\n|t:|1699285229\n|move|p2a: Deoxys|Stealth Rock|p1a: Groudon\n|-sidestart|p1: haii x3|move: Stealth Rock\n|move|p1a: Groudon|Rock Tomb|p2a: Deoxys\n|-damage|p2a: Deoxys|53\/100\n|-unboost|p2a: Deoxys|spe|1\n|\n|-weather|DesolateLand|[upkeep]\n|upkeep\n|turn|7\n|\n|t:|1699285239\n|-weather|none\n|switch|p1a: Ho-Oh|Ho-Oh, shiny|100\/100\n|move|p2a: Deoxys|Spikes|p1a: Ho-Oh\n|-sidestart|p1: haii x3|Spikes\n|\n|upkeep\n|turn|8\n|\n|t:|1699285250\n|move|p2a: Deoxys|Psychic|p1a: Ho-Oh\n|-damage|p1a: Ho-Oh|84\/100\n|move|p1a: Ho-Oh|Sacred Fire|p2a: Deoxys\n|-damage|p2a: Deoxys|0 fnt\n|faint|p2a: Deoxys\n|\n|upkeep\n|\n|t:|1699285266\n|switch|p2a: Kyogre|Kyogre|100\/100\n|-damage|p2a: Kyogre|88\/100|[from] Stealth Rock\n|-weather|RainDance|[from] ability: Drizzle|[of] p2a: Kyogre\n|turn|9\n|\n|t:|1699285272\n|switch|p1a: Groudon|Groudon-Primal, shiny|41\/100\n|-damage|p1a: Groudon|28\/100|[from] Stealth Rock\n|-damage|p1a: Groudon|16\/100|[from] Spikes\n|-weather|DesolateLand|[from] ability: Desolate Land|[of] p1a: Groudon\n|move|p2a: Kyogre|Ancient Power|p1a: Groudon\n|-crit|p1a: Groudon\n|-damage|p1a: Groudon|0 fnt\n|faint|p1a: Groudon\n|-weather|none\n|\n|upkeep\n|\n|t:|1699285292\n|switch|p1a: Zacian|Zacian-Crowned, shiny|100\/100\n|-damage|p1a: Zacian|94\/100|[from] Stealth Rock\n|-damage|p1a: Zacian|82\/100|[from] Spikes\n|-ability|p1a: Zacian|Intrepid Sword|boost\n|-boost|p1a: Zacian|atk|1\n|turn|10\n|\n|t:|1699285300\n|switch|p2a: Kingambit|Kingambit, M|100\/100\n|-damage|p2a: Kingambit|94\/100|[from] Stealth Rock\n|-activate|p2a: Kingambit|ability: Supreme Overlord\n|-start|p2a: Kingambit|fallen3|[silent]\n|-terastallize|p1a: Zacian|Electric\n|move|p1a: Zacian|Wild Charge|p2a: Kingambit\n|-damage|p2a: Kingambit|36\/100\n|-damage|p1a: Zacian|64\/100|[from] Recoil\n|\n|upkeep\n|turn|11\n|\n|t:|1699285312\n|move|p2a: Kingambit|Sucker Punch|p1a: Zacian\n|-damage|p1a: Zacian|0 fnt\n|faint|p1a: Zacian\n|-damage|p2a: Kingambit|26\/100|[from] item: Life Orb\n|\n|upkeep\n|\n|t:|1699285317\n|switch|p1a: Ho-Oh|Ho-Oh, shiny|100\/100\n|turn|12\n|\n|t:|1699285321\n|move|p1a: Ho-Oh|Sacred Fire|p2a: Kingambit\n|-supereffective|p2a: Kingambit\n|-damage|p2a: Kingambit|0 fnt\n|faint|p2a: Kingambit\n|-end|p2a: Kingambit|fallen3|[silent]\n|\n|upkeep\n|\n|t:|1699285327\n|switch|p2a: Kyogre|Kyogre|88\/100\n|-damage|p2a: Kyogre|76\/100|[from] Stealth Rock\n|-weather|RainDance|[from] ability: Drizzle|[of] p2a: Kyogre\n|turn|13\n|\n|t:|1699285333\n|move|p2a: Kyogre|Water Spout|p1a: Ho-Oh\n|-supereffective|p1a: Ho-Oh\n|-crit|p1a: Ho-Oh\n|-damage|p1a: Ho-Oh|0 fnt\n|faint|p1a: Ho-Oh\n|\n|-weather|RainDance|[upkeep]\n|upkeep\n|\n|t:|1699285340\n|switch|p1a: Marshadow|Marshadow|100\/100\n|-damage|p1a: Marshadow|94\/100|[from] Stealth Rock\n|-damage|p1a: Marshadow|82\/100|[from] Spikes\n|turn|14\n|\n|t:|1699285346\n|move|p2a: Kyogre|Water Spout|p1a: Marshadow\n|-damage|p1a: Marshadow|0 fnt\n|faint|p1a: Marshadow\n|\n|-weather|RainDance|[upkeep]\n|upkeep\n|\n|t:|1699285350\n|switch|p1a: Eternatus|Eternatus|100\/100\n|-damage|p1a: Eternatus|88\/100|[from] Stealth Rock\n|-damage|p1a: Eternatus|76\/100|[from] Spikes\n|-ability|p1a: Eternatus|Pressure\n|turn|15\n|inactive|haii x3 has 120 seconds left.\n|\n|t:|1699285380\n|switch|p2a: Basculegion|Basculegion, M|100\/100\n|-damage|p2a: Basculegion|88\/100|[from] Stealth Rock\n|move|p1a: Eternatus|Meteor Beam||[still]\n|-prepare|p1a: Eternatus|Meteor Beam\n|-boost|p1a: Eternatus|spa|1\n|-enditem|p1a: Eternatus|Power Herb\n|-anim|p1a: Eternatus|Meteor Beam|p2a: Basculegion\n|-damage|p2a: Basculegion|29\/100\n|\n|-weather|RainDance|[upkeep]\n|upkeep\n|turn|16\n|inactive|haii x3 has 120 seconds left.\n|\n|t:|1699285392\n|move|p2a: Basculegion|Last Respects|p1a: Eternatus\n|-damage|p1a: Eternatus|0 fnt\n|faint|p1a: Eternatus\n|\n|-weather|RainDance|[upkeep]\n|upkeep\n|\n|t:|1699285395\n|switch|p1a: Zygarde|Zygarde, shiny|100\/100\n|-damage|p1a: Zygarde|94\/100|[from] Stealth Rock\n|-damage|p1a: Zygarde|82\/100|[from] Spikes\n|turn|17\n|\n|t:|1699285402\n|move|p2a: Basculegion|Last Respects|p1a: Zygarde\n|-damage|p1a: Zygarde|0 fnt\n|faint|p1a: Zygarde\n|\n|win|Chaitanya15\n|raw|haii x3's rating: 1402 &rarr; <strong>1385<\/strong><br \/>(-17 for losing)\n|raw|Chaitanya15's rating: 1461 &rarr; <strong>1478<\/strong><br \/>(+17 for winning)\n|c|\u2606Chaitanya15|Gg\n","uploadtime":1699285414,"views":5,"p1id":"haiix3","p2id":"chaitanya15","formatid":"gen9nationaldexubers","rating":1385,"private":0,"password":""}