{"id":"gen9nationaldexubers-1987416686","p1":"Fv8hd","p2":"MusicalJoker","format":"[Gen 9] National Dex Ubers","log":"|j|\u2606Fv8hd\n|j|\u2606MusicalJoker\n|t:|1699588553\n|gametype|singles\n|player|p1|Fv8hd|2|\n|player|p2|MusicalJoker|102|\n|teamsize|p1|6\n|teamsize|p2|6\n|gen|9\n|tier|[Gen 9] National Dex Ubers\n|rule|HP Percentage Mod: HP is shown in percentages\n|rule|Endless Battle Clause: Forcing endless battles is banned\n|rule|OHKO Clause: OHKO moves are banned\n|rule|Evasion Moves Clause: Evasion moves are banned\n|rule|Evasion Items Clause: Evasion items are banned\n|rule|Species Clause: Limit one of each Pok\u00e9mon\n|rule|Sleep Clause Mod: Limit one foe put to sleep\n|rule|Mega Rayquaza Clause: You cannot mega evolve Rayquaza\n|clearpoke\n|poke|p1|Tapu Lele|\n|poke|p1|Kommo-o, F|\n|poke|p1|Toxapex, M|\n|poke|p1|Zeraora|\n|poke|p1|Necrozma|\n|poke|p1|Minior-Indigo|\n|poke|p2|Rotom-Wash|\n|poke|p2|Torterra, M|\n|poke|p2|Heatran, M|\n|poke|p2|Garchomp, M|\n|poke|p2|Togekiss, M|\n|poke|p2|Infernape, F|\n|teampreview\n|j| JDkot\n|\n|t:|1699588624\n|start\n|switch|p1a: Detroit Citizen|Necrozma|100\/100\n|switch|p2a: Spin Cycle|Rotom-Wash|100\/100\n|turn|1\n|\n|t:|1699588639\n|switch|p1a: Kitty Kitty Purr|Zeraora|100\/100\n|move|p2a: Spin Cycle|Sunny Day|p2a: Spin Cycle\n|-weather|SunnyDay\n|\n|-weather|SunnyDay|[upkeep]\n|upkeep\n|turn|2\n|\n|t:|1699588654\n|switch|p1a: Butt Plug|Tapu Lele|100\/100\n|-fieldstart|move: Psychic Terrain|[from] ability: Psychic Surge|[of] p1a: Butt Plug\n|move|p2a: Spin Cycle|Toxic|p1a: Butt Plug\n|-status|p1a: Butt Plug|tox\n|\n|-weather|SunnyDay|[upkeep]\n|-damage|p1a: Butt Plug|94\/100 tox|[from] psn\n|upkeep\n|turn|3\n|\n|t:|1699588665\n|move|p1a: Butt Plug|Psychic|p2a: Spin Cycle\n|-damage|p2a: Spin Cycle|31\/100\n|move|p2a: Spin Cycle|Volt Switch|p1a: Butt Plug\n|-damage|p1a: Butt Plug|68\/100 tox\n|\n|t:|1699588685\n|switch|p2a: Let me Miss|Heatran, M|100\/100|[from] Volt Switch\n|-item|p2a: Let me Miss|Air Balloon\n|\n|-weather|SunnyDay|[upkeep]\n|-damage|p1a: Butt Plug|56\/100 tox|[from] psn\n|upkeep\n|turn|4\n|\n|t:|1699588699\n|move|p1a: Butt Plug|Psychic|p2a: Let me Miss\n|-resisted|p2a: Let me Miss\n|-damage|p2a: Let me Miss|74\/100\n|-enditem|p2a: Let me Miss|Air Balloon\n|move|p2a: Let me Miss|Flash Cannon|p1a: Butt Plug\n|-supereffective|p1a: Butt Plug\n|-damage|p1a: Butt Plug|0 fnt\n|faint|p1a: Butt Plug\n|\n|-weather|SunnyDay|[upkeep]\n|upkeep\n|\n|t:|1699588711\n|switch|p1a: Shingles|Kommo-o, F|100\/100\n|turn|5\n|j| deleter191\n|\n|t:|1699588773\n|-terastallize|p2a: Let me Miss|Fire\n|move|p1a: Shingles|Clangorous Soul|p1a: Shingles\n|-boost|p1a: Shingles|atk|1\n|-boost|p1a: Shingles|def|1\n|-boost|p1a: Shingles|spa|1\n|-boost|p1a: Shingles|spd|1\n|-boost|p1a: Shingles|spe|1\n|-damage|p1a: Shingles|68\/100\n|-enditem|p1a: Shingles|Throat Spray\n|-boost|p1a: Shingles|spa|1|[from] item: Throat Spray\n|move|p2a: Let me Miss|Magma Storm|p1a: Shingles\n|-resisted|p1a: Shingles\n|-damage|p1a: Shingles|17\/100\n|-activate|p1a: Shingles|move: Magma Storm|[of] p2a: Let me Miss\n|\n|-weather|SunnyDay|[upkeep]\n|-damage|p1a: Shingles|5\/100|[from] move: Magma Storm|[partiallytrapped]\n|upkeep\n|turn|6\n|\n|t:|1699588848\n|switch|p2a: Gimmeakiss|Togekiss, M|100\/100\n|move|p1a: Shingles|Drain Punch|p2a: Gimmeakiss\n|-resisted|p2a: Gimmeakiss\n|-damage|p2a: Gimmeakiss|90\/100\n|-heal|p1a: Shingles|12\/100|[from] drain|[of] p2a: Gimmeakiss\n|\n|-weather|SunnyDay|[upkeep]\n|-heal|p2a: Gimmeakiss|96\/100|[from] item: Leftovers\n|-end|p1a: Shingles|Magma Storm|[partiallytrapped]|[silent]\n|-fieldend|move: Psychic Terrain\n|upkeep\n|turn|7\n|\n|t:|1699588899\n|move|p2a: Gimmeakiss|Extreme Speed|p1a: Shingles\n|-damage|p1a: Shingles|5\/100\n|move|p1a: Shingles|Flash Cannon|p2a: Gimmeakiss\n|-supereffective|p2a: Gimmeakiss\n|-damage|p2a: Gimmeakiss|23\/100\n|\n|-weather|SunnyDay|[upkeep]\n|-heal|p2a: Gimmeakiss|29\/100|[from] item: Leftovers\n|upkeep\n|turn|8\n|\n|t:|1699588934\n|-terastallize|p1a: Shingles|Steel\n|move|p2a: Gimmeakiss|Extreme Speed|p1a: Shingles\n|-resisted|p1a: Shingles\n|-damage|p1a: Shingles|2\/100\n|move|p1a: Shingles|Flash Cannon|p2a: Gimmeakiss\n|-supereffective|p2a: Gimmeakiss\n|-damage|p2a: Gimmeakiss|0 fnt\n|faint|p2a: Gimmeakiss\n|\n|-weather|none\n|upkeep\n|\n|t:|1699588942\n|switch|p2a: Grandpa|Infernape, F|100\/100\n|turn|9\n|\n|t:|1699588985\n|move|p2a: Grandpa|Mach Punch|p1a: Shingles\n|-supereffective|p1a: Shingles\n|-crit|p1a: Shingles\n|-damage|p1a: Shingles|0 fnt\n|faint|p1a: Shingles\n|\n|upkeep\n|\n|t:|1699588991\n|switch|p1a: Active Kidnapper|Toxapex, M|100\/100\n|turn|10\n|\n|t:|1699589008\n|switch|p2a: Spin Cycle|Rotom-Wash|31\/100\n|move|p1a: Active Kidnapper|Scald|p2a: Spin Cycle\n|-resisted|p2a: Spin Cycle\n|-damage|p2a: Spin Cycle|22\/100\n|\n|upkeep\n|turn|11\n|\n|t:|1699589022\n|move|p2a: Spin Cycle|Pain Split|p1a: Active Kidnapper\n|-sethp|p1a: Active Kidnapper|59\/100|[from] move: Pain Split|[silent]\n|-sethp|p2a: Spin Cycle|74\/100|[from] move: Pain Split\n|move|p1a: Active Kidnapper|Toxic|p2a: Spin Cycle\n|-status|p2a: Spin Cycle|tox\n|\n|-heal|p1a: Active Kidnapper|65\/100|[from] item: Leftovers\n|-damage|p2a: Spin Cycle|68\/100 tox|[from] psn\n|upkeep\n|turn|12\n|\n|t:|1699589032\n|move|p2a: Spin Cycle|Sunny Day|p2a: Spin Cycle\n|-weather|SunnyDay\n|move|p1a: Active Kidnapper|Recover|p1a: Active Kidnapper\n|-heal|p1a: Active Kidnapper|100\/100\n|\n|-weather|SunnyDay|[upkeep]\n|-damage|p2a: Spin Cycle|56\/100 tox|[from] psn\n|upkeep\n|turn|13\n|\n|t:|1699589039\n|switch|p1a: Kitty Kitty Purr|Zeraora|100\/100\n|move|p2a: Spin Cycle|Pain Split|p1a: Kitty Kitty Purr\n|-sethp|p1a: Kitty Kitty Purr|71\/100|[from] move: Pain Split|[silent]\n|-sethp|p2a: Spin Cycle|94\/100 tox|[from] move: Pain Split\n|\n|-weather|SunnyDay|[upkeep]\n|-damage|p2a: Spin Cycle|75\/100 tox|[from] psn\n|upkeep\n|turn|14\n|\n|t:|1699589069\n|move|p1a: Kitty Kitty Purr|Fake Out|p2a: Spin Cycle\n|-enditem|p1a: Kitty Kitty Purr|Normal Gem|[from] gem\n|-damage|p2a: Spin Cycle|57\/100 tox\n|cant|p2a: Spin Cycle|flinch\n|\n|-weather|SunnyDay|[upkeep]\n|-damage|p2a: Spin Cycle|32\/100 tox|[from] psn\n|upkeep\n|turn|15\n|\n|t:|1699589094\n|switch|p2a: I'm tired of this|Garchomp, M|100\/100\n|move|p1a: Kitty Kitty Purr|Plasma Fists|p2a: I'm tired of this\n|-immune|p2a: I'm tired of this\n|\n|-weather|SunnyDay|[upkeep]\n|upkeep\n|turn|16\n|\n|t:|1699589124\n|move|p1a: Kitty Kitty Purr|Play Rough|p2a: I'm tired of this\n|-supereffective|p2a: I'm tired of this\n|-damage|p2a: I'm tired of this|59\/100\n|-damage|p1a: Kitty Kitty Purr|59\/100|[from] ability: Rough Skin|[of] p2a: I'm tired of this\n|move|p2a: I'm tired of this|Dragon Tail|p1a: Kitty Kitty Purr\n|-damage|p1a: Kitty Kitty Purr|24\/100\n|drag|p1a: Active Kidnapper|Toxapex, M|100\/100\n|\n|-weather|SunnyDay|[upkeep]\n|upkeep\n|turn|17\n|\n|t:|1699589152\n|move|p1a: Active Kidnapper|Baneful Bunker|p1a: Active Kidnapper\n|-singleturn|p1a: Active Kidnapper|move: Protect\n|move|p2a: I'm tired of this|Scale Shot|p1a: Active Kidnapper\n|-activate|p1a: Active Kidnapper|move: Protect\n|\n|-weather|SunnyDay|[upkeep]\n|upkeep\n|turn|18\n|\n|t:|1699589178\n|move|p2a: I'm tired of this|Scale Shot|p1a: Active Kidnapper\n|-damage|p1a: Active Kidnapper|93\/100\n|-damage|p1a: Active Kidnapper|86\/100\n|-damage|p1a: Active Kidnapper|79\/100\n|-damage|p1a: Active Kidnapper|72\/100\n|-damage|p1a: Active Kidnapper|64\/100\n|-hitcount|p1a: Active Kidnapper|5\n|-unboost|p2a: I'm tired of this|def|1\n|-boost|p2a: I'm tired of this|spe|1\n|move|p1a: Active Kidnapper|Toxic|p2a: I'm tired of this\n|-status|p2a: I'm tired of this|tox\n|\n|-weather|SunnyDay|[upkeep]\n|-heal|p1a: Active Kidnapper|71\/100|[from] item: Leftovers\n|-damage|p2a: I'm tired of this|53\/100 tox|[from] psn\n|upkeep\n|turn|19\n|\n|t:|1699589205\n|switch|p1a: Kitty Kitty Purr|Zeraora|24\/100\n|move|p2a: I'm tired of this|Dragon Tail|p1a: Kitty Kitty Purr\n|-damage|p1a: Kitty Kitty Purr|0 fnt\n|faint|p1a: Kitty Kitty Purr\n|\n|-weather|none\n|-damage|p2a: I'm tired of this|41\/100 tox|[from] psn\n|upkeep\n|\n|t:|1699589215\n|switch|p1a: Detroit Citizen|Necrozma|100\/100\n|turn|20\n|\n|t:|1699589227\n|move|p2a: I'm tired of this|Scale Shot|p1a: Detroit Citizen\n|-damage|p1a: Detroit Citizen|90\/100\n|-damage|p1a: Detroit Citizen|81\/100\n|-damage|p1a: Detroit Citizen|71\/100\n|-damage|p1a: Detroit Citizen|62\/100\n|-damage|p1a: Detroit Citizen|51\/100\n|-hitcount|p1a: Detroit Citizen|5\n|-unboost|p2a: I'm tired of this|def|1\n|-boost|p2a: I'm tired of this|spe|1\n|move|p1a: Detroit Citizen|Autotomize|p1a: Detroit Citizen\n|-boost|p1a: Detroit Citizen|spe|2\n|-start|p1a: Detroit Citizen|Autotomize\n|\n|-damage|p2a: I'm tired of this|22\/100 tox|[from] psn\n|upkeep\n|turn|21\n|\n|t:|1699589262\n|move|p2a: I'm tired of this|Earthquake|p1a: Detroit Citizen\n|-damage|p1a: Detroit Citizen|14\/100\n|move|p1a: Detroit Citizen|Photon Geyser|p2a: I'm tired of this\n|-damage|p2a: I'm tired of this|0 fnt\n|faint|p2a: I'm tired of this\n|\n|upkeep\n|\n|t:|1699589286\n|switch|p2a: Let me Miss|Heatran, M, tera:Fire|74\/100\n|turn|22\n|\n|t:|1699589352\n|move|p1a: Detroit Citizen|Earth Power|p2a: Let me Miss\n|-supereffective|p2a: Let me Miss\n|-damage|p2a: Let me Miss|32\/100\n|move|p2a: Let me Miss|Flash Cannon|p1a: Detroit Citizen\n|-damage|p1a: Detroit Citizen|0 fnt\n|faint|p1a: Detroit Citizen\n|\n|upkeep\n|\n|t:|1699589385\n|switch|p1a: Lasagna|Minior-Indigo|100\/100\n|-formechange|p1a: Lasagna|Minior-Meteor||[from] ability: Shields Down\n|turn|23\n|\n|t:|1699589398\n|move|p2a: Let me Miss|Taunt|p1a: Lasagna\n|-start|p1a: Lasagna|move: Taunt\n|move|p1a: Lasagna|Earthquake|p2a: Let me Miss\n|-supereffective|p2a: Let me Miss\n|-damage|p2a: Let me Miss|0 fnt\n|faint|p2a: Let me Miss\n|\n|upkeep\n|\n|t:|1699589416\n|switch|p2a: Spin Cycle|Rotom-Wash|32\/100 tox\n|turn|24\n|\n|t:|1699589434\n|switch|p1a: Active Kidnapper|Toxapex, M|100\/100\n|move|p2a: Spin Cycle|Pain Split|p1a: Active Kidnapper\n|-sethp|p1a: Active Kidnapper|63\/100|[from] move: Pain Split|[silent]\n|-sethp|p2a: Spin Cycle|79\/100 tox|[from] move: Pain Split\n|\n|-heal|p1a: Active Kidnapper|69\/100|[from] item: Leftovers\n|-damage|p2a: Spin Cycle|73\/100 tox|[from] psn\n|upkeep\n|turn|25\n|\n|t:|1699589467\n|move|p1a: Active Kidnapper|Baneful Bunker|p1a: Active Kidnapper\n|-singleturn|p1a: Active Kidnapper|move: Protect\n|move|p2a: Spin Cycle|Sunny Day|p2a: Spin Cycle\n|-weather|SunnyDay\n|\n|-weather|SunnyDay|[upkeep]\n|-heal|p1a: Active Kidnapper|75\/100|[from] item: Leftovers\n|-damage|p2a: Spin Cycle|60\/100 tox|[from] psn\n|upkeep\n|turn|26\n|\n|t:|1699589476\n|move|p2a: Spin Cycle|Volt Switch|p1a: Active Kidnapper\n|-supereffective|p1a: Active Kidnapper\n|-damage|p1a: Active Kidnapper|29\/100\n|\n|t:|1699589493\n|switch|p2a: Grandpa|Infernape, F|100\/100|[from] Volt Switch\n|move|p1a: Active Kidnapper|Recover|p1a: Active Kidnapper\n|-heal|p1a: Active Kidnapper|79\/100\n|\n|-weather|SunnyDay|[upkeep]\n|-heal|p1a: Active Kidnapper|85\/100|[from] item: Leftovers\n|upkeep\n|turn|27\n|\n|t:|1699589534\n|switch|p2a: Spin Cycle|Rotom-Wash|60\/100 tox\n|move|p1a: Active Kidnapper|Baneful Bunker||[still]\n|-fail|p1a: Active Kidnapper\n|\n|-weather|SunnyDay|[upkeep]\n|-heal|p1a: Active Kidnapper|92\/100|[from] item: Leftovers\n|-damage|p2a: Spin Cycle|54\/100 tox|[from] psn\n|upkeep\n|turn|28\n|\n|t:|1699589543\n|move|p1a: Active Kidnapper|Baneful Bunker|p1a: Active Kidnapper\n|-singleturn|p1a: Active Kidnapper|move: Protect\n|move|p2a: Spin Cycle|Pain Split|p1a: Active Kidnapper\n|-activate|p1a: Active Kidnapper|move: Protect\n|\n|-weather|SunnyDay|[upkeep]\n|-heal|p1a: Active Kidnapper|98\/100|[from] item: Leftovers\n|-damage|p2a: Spin Cycle|42\/100 tox|[from] psn\n|upkeep\n|turn|29\n|\n|t:|1699589553\n|move|p2a: Spin Cycle|Pain Split|p1a: Active Kidnapper\n|-sethp|p1a: Active Kidnapper|65\/100|[from] move: Pain Split|[silent]\n|-sethp|p2a: Spin Cycle|82\/100 tox|[from] move: Pain Split\n|move|p1a: Active Kidnapper|Recover|p1a: Active Kidnapper\n|-heal|p1a: Active Kidnapper|100\/100\n|\n|-weather|SunnyDay|[upkeep]\n|-damage|p2a: Spin Cycle|64\/100 tox|[from] psn\n|upkeep\n|turn|30\n|\n|t:|1699589565\n|move|p1a: Active Kidnapper|Baneful Bunker|p1a: Active Kidnapper\n|-singleturn|p1a: Active Kidnapper|move: Protect\n|move|p2a: Spin Cycle|Pain Split|p1a: Active Kidnapper\n|-activate|p1a: Active Kidnapper|move: Protect\n|\n|-weather|SunnyDay|[upkeep]\n|-damage|p2a: Spin Cycle|39\/100 tox|[from] psn\n|upkeep\n|turn|31\n|\n|t:|1699589581\n|move|p2a: Spin Cycle|Pain Split|p1a: Active Kidnapper\n|-sethp|p1a: Active Kidnapper|66\/100|[from] move: Pain Split|[silent]\n|-sethp|p2a: Spin Cycle|83\/100 tox|[from] move: Pain Split\n|move|p1a: Active Kidnapper|Recover|p1a: Active Kidnapper\n|-heal|p1a: Active Kidnapper|100\/100\n|\n|-weather|SunnyDay|[upkeep]\n|-damage|p2a: Spin Cycle|52\/100 tox|[from] psn\n|upkeep\n|turn|32\n|\n|t:|1699589615\n|move|p1a: Active Kidnapper|Baneful Bunker|p1a: Active Kidnapper\n|-singleturn|p1a: Active Kidnapper|move: Protect\n|move|p2a: Spin Cycle|Pain Split|p1a: Active Kidnapper\n|-activate|p1a: Active Kidnapper|move: Protect\n|\n|-weather|none\n|-damage|p2a: Spin Cycle|14\/100 tox|[from] psn\n|upkeep\n|turn|33\n|\n|t:|1699589633\n|move|p1a: Active Kidnapper|Baneful Bunker||[still]\n|-fail|p1a: Active Kidnapper\n|move|p2a: Spin Cycle|Pain Split|p1a: Active Kidnapper\n|-sethp|p1a: Active Kidnapper|56\/100|[from] move: Pain Split|[silent]\n|-sethp|p2a: Spin Cycle|70\/100 tox|[from] move: Pain Split\n|\n|-heal|p1a: Active Kidnapper|62\/100|[from] item: Leftovers\n|-damage|p2a: Spin Cycle|27\/100 tox|[from] psn\n|upkeep\n|turn|34\n|\n|t:|1699589652\n|switch|p2a: Grandpa|Infernape, F|100\/100\n|move|p1a: Active Kidnapper|Baneful Bunker||[still]\n|-fail|p1a: Active Kidnapper\n|\n|-heal|p1a: Active Kidnapper|68\/100|[from] item: Leftovers\n|upkeep\n|turn|35\n|\n|t:|1699589713\n|move|p2a: Grandpa|Drain Punch|p1a: Active Kidnapper\n|-resisted|p1a: Active Kidnapper\n|-damage|p1a: Active Kidnapper|49\/100\n|move|p1a: Active Kidnapper|Recover|p1a: Active Kidnapper\n|-heal|p1a: Active Kidnapper|99\/100\n|\n|-heal|p1a: Active Kidnapper|100\/100|[from] item: Leftovers\n|upkeep\n|turn|36\n|\n|t:|1699589726\n|switch|p2a: Spin Cycle|Rotom-Wash|27\/100 tox\n|move|p1a: Active Kidnapper|Scald|p2a: Spin Cycle\n|-resisted|p2a: Spin Cycle\n|-damage|p2a: Spin Cycle|18\/100 tox\n|\n|-damage|p2a: Spin Cycle|12\/100 tox|[from] psn\n|upkeep\n|turn|37\n|\n|t:|1699589738\n|move|p1a: Active Kidnapper|Baneful Bunker|p1a: Active Kidnapper\n|-singleturn|p1a: Active Kidnapper|move: Protect\n|move|p2a: Spin Cycle|Sunny Day|p2a: Spin Cycle\n|-weather|SunnyDay\n|\n|-weather|SunnyDay|[upkeep]\n|-damage|p2a: Spin Cycle|0 fnt|[from] psn\n|faint|p2a: Spin Cycle\n|upkeep\n|\n|t:|1699589745\n|switch|p2a: Lemme Smash|Torterra, M|100\/100\n|turn|38\n|\n|t:|1699589755\n|move|p2a: Lemme Smash|Shell Smash|p2a: Lemme Smash\n|-unboost|p2a: Lemme Smash|def|1\n|-unboost|p2a: Lemme Smash|spd|1\n|-boost|p2a: Lemme Smash|atk|2\n|-boost|p2a: Lemme Smash|spa|2\n|-boost|p2a: Lemme Smash|spe|2\n|move|p1a: Active Kidnapper|Toxic|p2a: Lemme Smash\n|-status|p2a: Lemme Smash|tox\n|\n|-weather|SunnyDay|[upkeep]\n|-damage|p2a: Lemme Smash|94\/100 tox|[from] psn\n|upkeep\n|turn|39\n|\n|t:|1699589777\n|move|p1a: Active Kidnapper|Baneful Bunker|p1a: Active Kidnapper\n|-singleturn|p1a: Active Kidnapper|move: Protect\n|move|p2a: Lemme Smash|Shell Smash|p2a: Lemme Smash\n|-unboost|p2a: Lemme Smash|def|1\n|-unboost|p2a: Lemme Smash|spd|1\n|-boost|p2a: Lemme Smash|atk|2\n|-boost|p2a: Lemme Smash|spa|2\n|-boost|p2a: Lemme Smash|spe|2\n|\n|-weather|SunnyDay|[upkeep]\n|-damage|p2a: Lemme Smash|82\/100 tox|[from] psn\n|upkeep\n|turn|40\n|\n|t:|1699589857\n|switch|p1a: Lasagna|Minior-Indigo|100\/100\n|-formechange|p1a: Lasagna|Minior-Meteor||[from] ability: Shields Down\n|move|p2a: Lemme Smash|Earthquake|p1a: Lasagna\n|-immune|p1a: Lasagna\n|\n|-weather|SunnyDay|[upkeep]\n|-damage|p2a: Lemme Smash|64\/100 tox|[from] psn\n|upkeep\n|turn|41\n|\n|t:|1699589889\n|switch|p1a: Active Kidnapper|Toxapex, M|100\/100\n|move|p2a: Lemme Smash|Wood Hammer|p1a: Active Kidnapper\n|-damage|p1a: Active Kidnapper|7\/100\n|-damage|p2a: Lemme Smash|36\/100 tox|[from] Recoil\n|\n|-weather|SunnyDay|[upkeep]\n|-heal|p1a: Active Kidnapper|14\/100|[from] item: Leftovers\n|-damage|p2a: Lemme Smash|12\/100 tox|[from] psn\n|upkeep\n|turn|42\n|\n|t:|1699589903\n|move|p1a: Active Kidnapper|Baneful Bunker|p1a: Active Kidnapper\n|-singleturn|p1a: Active Kidnapper|move: Protect\n|move|p2a: Lemme Smash|Synthesis|p2a: Lemme Smash\n|-heal|p2a: Lemme Smash|79\/100 tox\n|\n|-weather|SunnyDay|[upkeep]\n|-heal|p1a: Active Kidnapper|20\/100|[from] item: Leftovers\n|-damage|p2a: Lemme Smash|49\/100 tox|[from] psn\n|upkeep\n|turn|43\n|\n|t:|1699589930\n|move|p2a: Lemme Smash|Wood Hammer|p1a: Active Kidnapper\n|-damage|p1a: Active Kidnapper|0 fnt\n|faint|p1a: Active Kidnapper\n|-damage|p2a: Lemme Smash|43\/100 tox|[from] Recoil\n|\n|-weather|SunnyDay|[upkeep]\n|-damage|p2a: Lemme Smash|7\/100 tox|[from] psn\n|upkeep\n|\n|t:|1699589940\n|switch|p1a: Lasagna|Minior-Indigo|100\/100\n|-formechange|p1a: Lasagna|Minior-Meteor||[from] ability: Shields Down\n|turn|44\n|\n|t:|1699589945\n|move|p2a: Lemme Smash|Synthesis|p2a: Lemme Smash\n|-heal|p2a: Lemme Smash|73\/100 tox\n|move|p1a: Lasagna|Shell Smash|p1a: Lasagna\n|-unboost|p1a: Lasagna|def|1\n|-unboost|p1a: Lasagna|spd|1\n|-boost|p1a: Lasagna|atk|2\n|-boost|p1a: Lasagna|spa|2\n|-boost|p1a: Lasagna|spe|2\n|-enditem|p1a: Lasagna|White Herb\n|-clearnegativeboost|p1a: Lasagna|[silent]\n|\n|-weather|none\n|-damage|p2a: Lemme Smash|31\/100 tox|[from] psn\n|upkeep\n|turn|45\n|\n|t:|1699589961\n|move|p2a: Lemme Smash|Wood Hammer|p1a: Lasagna\n|-damage|p1a: Lasagna|0 fnt\n|faint|p1a: Lasagna\n|-damage|p2a: Lemme Smash|0 fnt|[from] Recoil\n|faint|p2a: Lemme Smash\n|\n|win|MusicalJoker\n|l|\u2606Fv8hd\n","uploadtime":1699589977,"views":25,"p1id":"fv8hd","p2id":"musicaljoker","formatid":"gen9nationaldexubers","rating":0,"private":0,"password":""}