{"id":"gen9nationaldexubers-1979157463","p1":"AlexeiBCD","p2":"Matt WCW","format":"[Gen 9] National Dex Ubers","log":"|j|\u2606AlexeiBCD\n|j|\u2606Matt WCW\n|t:|1698640711\n|gametype|singles\n|player|p1|AlexeiBCD|266|\n|player|p2|Matt WCW|170|\n|teamsize|p1|6\n|teamsize|p2|6\n|gen|9\n|tier|[Gen 9] National Dex Ubers\n|rule|HP Percentage Mod: HP is shown in percentages\n|rule|Endless Battle Clause: Forcing endless battles is banned\n|rule|OHKO Clause: OHKO moves are banned\n|rule|Evasion Moves Clause: Evasion moves are banned\n|rule|Evasion Items Clause: Evasion items are banned\n|rule|Species Clause: Limit one of each Pok\u00e9mon\n|rule|Sleep Clause Mod: Limit one foe put to sleep\n|rule|Mega Rayquaza Clause: You cannot mega evolve Rayquaza\n|clearpoke\n|poke|p1|Charizard, M|\n|poke|p1|Walking Wake|\n|poke|p1|Florges, F|\n|poke|p1|Venusaur, M|\n|poke|p1|Great Tusk|\n|poke|p1|Miltank, F|\n|poke|p2|Lopunny, F|\n|poke|p2|Garchomp, M|\n|poke|p2|Zoroark-Hisui, F|\n|poke|p2|Milotic, M|\n|poke|p2|Magneton|\n|poke|p2|Azumarill, F|\n|teampreview\n|\n|t:|1698640786\n|start\n|switch|p1a: Miltank|Miltank, F|100\/100\n|switch|p2a: Lopunny|Lopunny, F|100\/100\n|turn|1\n|\n|t:|1698640814\n|switch|p2a: Milotic|Milotic, M|100\/100\n|move|p1a: Miltank|Stealth Rock|p2a: Milotic\n|-sidestart|p2: Matt WCW|move: Stealth Rock\n|\n|-status|p2a: Milotic|brn|[from] item: Flame Orb\n|upkeep\n|turn|2\n|\n|t:|1698640844\n|switch|p1a: Florges|Florges, F|100\/100\n|move|p2a: Milotic|Ice Beam|p1a: Florges\n|-damage|p1a: Florges|88\/100\n|\n|-heal|p1a: Florges|94\/100|[from] item: Leftovers\n|-damage|p2a: Milotic|94\/100 brn|[from] brn\n|upkeep\n|turn|3\n|\n|t:|1698640883\n|switch|p2a: Magneton|Magneton|100\/100\n|-damage|p2a: Magneton|94\/100|[from] Stealth Rock\n|move|p1a: Florges|Moonblast|p2a: Magneton\n|-resisted|p2a: Magneton\n|-damage|p2a: Magneton|76\/100\n|\n|-heal|p1a: Florges|100\/100|[from] item: Leftovers\n|upkeep\n|turn|4\n|\n|t:|1698640922\n|move|p2a: Magneton|Thunderbolt|p1a: Florges\n|-damage|p1a: Florges|70\/100\n|move|p1a: Florges|Wish|p1a: Florges\n|\n|-heal|p1a: Florges|76\/100|[from] item: Leftovers\n|upkeep\n|turn|5\n|\n|t:|1698640944\n|switch|p1a: Walking Wake|Walking Wake|100\/100\n|move|p2a: Magneton|Thunderbolt|p1a: Walking Wake\n|-damage|p1a: Walking Wake|42\/100\n|\n|-heal|p1a: Walking Wake|95\/100|[from] move: Wish|[wisher] Florges\n|upkeep\n|turn|6\n|c|\u2606Matt WCW|Yeah getting up rocks is great vs him\n|c|\u2606Matt WCW|should maybe bring forretress over milotic\n|\n|t:|1698640988\n|switch|p2a: Azumarill|Azumarill, F|100\/100\n|-damage|p2a: Azumarill|88\/100|[from] Stealth Rock\n|move|p1a: Walking Wake|Sunny Day|p1a: Walking Wake\n|-weather|SunnyDay\n|-activate|p1a: Walking Wake|ability: Protosynthesis\n|-start|p1a: Walking Wake|protosynthesisspe\n|\n|-weather|SunnyDay|[upkeep]\n|-heal|p2a: Azumarill|94\/100|[from] item: Leftovers\n|upkeep\n|turn|7\n|\n|t:|1698641013\n|-end|p1a: Walking Wake|Protosynthesis|[silent]\n|switch|p1a: Venusaur|Venusaur, M|100\/100\n|switch|p2a: Magneton|Magneton|76\/100\n|-damage|p2a: Magneton|70\/100|[from] Stealth Rock\n|\n|-weather|SunnyDay|[upkeep]\n|upkeep\n|turn|8\n|\n|t:|1698641023\n|-terastallize|p2a: Magneton|Flying\n|move|p1a: Venusaur|Sleep Powder|p2a: Magneton\n|-status|p2a: Magneton|slp|[from] move: Sleep Powder\n|cant|p2a: Magneton|slp\n|\n|-weather|SunnyDay|[upkeep]\n|upkeep\n|turn|9\n|\n|t:|1698641040\n|move|p1a: Venusaur|Sludge Bomb|p2a: Magneton\n|-damage|p2a: Magneton|33\/100 slp\n|cant|p2a: Magneton|slp\n|\n|-weather|SunnyDay|[upkeep]\n|upkeep\n|turn|10\n|\n|t:|1698641048\n|move|p1a: Venusaur|Sludge Bomb|p2a: Magneton\n|-damage|p2a: Magneton|0 fnt\n|faint|p2a: Magneton\n|\n|-weather|SunnyDay|[upkeep]\n|upkeep\n|\n|t:|1698641059\n|switch|p2a: Milotic|Milotic, M|100\/100\n|-damage|p2a: Milotic|88\/100|[from] Stealth Rock\n|turn|11\n|c|\u2606AlexeiBCD|without forretress or mag, venu is so good here\n|c|\u2606Matt WCW|yeah seriously\n|c|\u2606Matt WCW|I mean, weather ball makes it good ith forretress and mag still\n|c|\u2606Matt WCW|so nothing's free vs it\n|\n|t:|1698641112\n|switch|p1a: Walking Wake|Walking Wake|95\/100\n|-activate|p1a: Walking Wake|ability: Protosynthesis\n|-start|p1a: Walking Wake|protosynthesisspe\n|move|p2a: Milotic|Hyper Voice|p1a: Walking Wake\n|-damage|p1a: Walking Wake|39\/100\n|\n|-weather|SunnyDay|[upkeep]\n|upkeep\n|turn|12\n|c|\u2606AlexeiBCD|darn\n|c|\u2606Matt WCW|you think it was milotic?\n|\n|t:|1698641150\n|-end|p1a: Walking Wake|Protosynthesis|[silent]\n|switch|p1a: Miltank|Miltank, F|100\/100\n|switch|p2a: Azumarill|Azumarill, F|94\/100\n|-damage|p2a: Azumarill|82\/100|[from] Stealth Rock\n|\n|-weather|SunnyDay|[upkeep]\n|-heal|p2a: Azumarill|88\/100|[from] item: Leftovers\n|upkeep\n|turn|13\n|c|\u2606AlexeiBCD|nah, assumed flame thrower\n|\n|t:|1698641170\n|move|p1a: Miltank|Toxic|p2a: Azumarill\n|-status|p2a: Azumarill|tox\n|move|p2a: Azumarill|Play Rough|p1a: Miltank\n|-damage|p1a: Miltank|63\/100\n|\n|-weather|none\n|-heal|p1a: Miltank|69\/100|[from] item: Leftovers\n|-heal|p2a: Azumarill|94\/100 tox|[from] item: Leftovers\n|-damage|p2a: Azumarill|88\/100 tox|[from] psn\n|upkeep\n|turn|14\n|\n|t:|1698641203\n|switch|p2a: Milotic|Milotic, M|94\/100 brn\n|-damage|p2a: Milotic|82\/100 brn|[from] Stealth Rock\n|move|p1a: Miltank|Body Press|p2a: Milotic\n|-damage|p2a: Milotic|66\/100 brn\n|\n|-heal|p1a: Miltank|75\/100|[from] item: Leftovers\n|-damage|p2a: Milotic|60\/100 brn|[from] brn\n|upkeep\n|turn|15\n|\n|t:|1698641232\n|switch|p1a: Charizard|Charizard, M|100\/100\n|move|p2a: Milotic|Toxic|p1a: Charizard\n|-status|p1a: Charizard|tox\n|\n|-damage|p1a: Charizard|95\/100 tox|[from] psn\n|-damage|p2a: Milotic|54\/100 brn|[from] brn\n|upkeep\n|turn|16\n|\n|t:|1698641256\n|detailschange|p1a: Charizard|Charizard-Mega-Y, M\n|-mega|p1a: Charizard|Charizard|Charizardite Y\n|-weather|SunnyDay|[from] ability: Drought|[of] p1a: Charizard\n|move|p1a: Charizard|Solar Beam||[still]\n|-prepare|p1a: Charizard|Solar Beam\n|-anim|p1a: Charizard|Solar Beam|p2a: Milotic\n|-supereffective|p2a: Milotic\n|-damage|p2a: Milotic|0 fnt\n|faint|p2a: Milotic\n|\n|-weather|SunnyDay|[upkeep]\n|-damage|p1a: Charizard|83\/100 tox|[from] psn\n|upkeep\n|c|\u2606AlexeiBCD|that wass risky but worh it\n|c|\u2606Matt WCW|yah but not even that risky\n|c|\u2606Matt WCW|scald does very little\n|c|\u2606AlexeiBCD|faire\n|c|\u2606Matt WCW|just a solid play there\n|\n|t:|1698641283\n|switch|p2a: Garchomp|Garchomp, M|100\/100\n|-damage|p2a: Garchomp|94\/100|[from] Stealth Rock\n|turn|17\n|\n|t:|1698641342\n|move|p2a: Garchomp|Swords Dance|p2a: Garchomp\n|-boost|p2a: Garchomp|atk|2\n|move|p1a: Charizard|Dragon Pulse|p2a: Garchomp\n|-supereffective|p2a: Garchomp\n|-damage|p2a: Garchomp|27\/100\n|\n|-weather|SunnyDay|[upkeep]\n|-damage|p1a: Charizard|65\/100 tox|[from] psn\n|upkeep\n|turn|18\n|\n|t:|1698641351\n|move|p2a: Garchomp|Scale Shot|p1a: Charizard\n|-damage|p1a: Charizard|34\/100 tox\n|-damage|p1a: Charizard|4\/100 tox\n|-damage|p1a: Charizard|0 fnt\n|faint|p1a: Charizard\n|-hitcount|p1: Charizard|3\n|-unboost|p2a: Garchomp|def|1\n|-boost|p2a: Garchomp|spe|1\n|\n|-weather|SunnyDay|[upkeep]\n|upkeep\n|\n|t:|1698641361\n|switch|p1a: Walking Wake|Walking Wake|39\/100\n|-activate|p1a: Walking Wake|ability: Protosynthesis\n|-start|p1a: Walking Wake|protosynthesisspe\n|turn|19\n|c|\u2606Matt WCW|good play stain in there\n|\n|t:|1698641372\n|switch|p2a: Azumarill|Azumarill, F|88\/100 tox\n|-damage|p2a: Azumarill|76\/100 tox|[from] Stealth Rock\n|move|p1a: Walking Wake|Hydro Steam|p2a: Azumarill\n|-resisted|p2a: Azumarill\n|-damage|p2a: Azumarill|48\/100 tox\n|\n|-weather|SunnyDay|[upkeep]\n|-heal|p2a: Azumarill|54\/100 tox|[from] item: Leftovers\n|-damage|p2a: Azumarill|48\/100 tox|[from] psn\n|upkeep\n|turn|20\n|\n|t:|1698641387\n|-end|p1a: Walking Wake|Protosynthesis|[silent]\n|switch|p1a: Venusaur|Venusaur, M|100\/100\n|move|p2a: Azumarill|Rest|p2a: Azumarill\n|-status|p2a: Azumarill|slp|[from] move: Rest\n|-heal|p2a: Azumarill|100\/100 slp|[silent]\n|\n|-weather|none\n|upkeep\n|turn|21\n|\n|t:|1698641414\n|switch|p2a: Garchomp|Garchomp, M|88\/100\n|-damage|p2a: Garchomp|76\/100|[from] Stealth Rock\n|move|p1a: Venusaur|Sludge Bomb|p2a: Garchomp\n|-resisted|p2a: Garchomp\n|-damage|p2a: Garchomp|41\/100\n|replace|p2a: Zoroark|Zoroark-Hisui, F\n|-end|p2a: Zoroark|Illusion\n|\n|upkeep\n|turn|22\n|\n|t:|1698641496\n|move|p2a: Zoroark|Hyper Voice|p1a: Venusaur\n|-damage|p1a: Venusaur|58\/100\n|move|p1a: Venusaur|Giga Drain|p2a: Zoroark\n|-damage|p2a: Zoroark|0 fnt\n|-heal|p1a: Venusaur|72\/100|[from] drain|[of] p2a: Zoroark\n|faint|p2a: Zoroark\n|\n|-heal|p1a: Venusaur|78\/100|[from] item: Black Sludge\n|upkeep\n|c|\u2606AlexeiBCD|yeah scale shot chomp is a threat\n|c|\u2606AlexeiBCD|if I misplayed thewre that was bad\n|\n|t:|1698641597\n|switch|p2a: Lopunny|Lopunny, F|100\/100\n|-damage|p2a: Lopunny|88\/100|[from] Stealth Rock\n|turn|23\n|c|\u2606Matt WCW|yeah true\n|c|\u2606Matt WCW|tusk should be able to manage\n|\n|t:|1698641617\n|switch|p1a: Miltank|Miltank, F|75\/100\n|detailschange|p2a: Lopunny|Lopunny-Mega, F\n|-mega|p2a: Lopunny|Lopunny|Lopunnite\n|move|p2a: Lopunny|Power-Up Punch|p1a: Miltank\n|-supereffective|p1a: Miltank\n|-damage|p1a: Miltank|45\/100\n|-boost|p2a: Lopunny|atk|1\n|\n|-heal|p1a: Miltank|51\/100|[from] item: Leftovers\n|upkeep\n|turn|24\n|c|\u2606Matt WCW|but without ice spinner not necessarily easy\n|c|\u2606Matt WCW|yeah watch out for this\n|\n|t:|1698641667\n|move|p2a: Lopunny|Power-Up Punch|p1a: Miltank\n|-supereffective|p1a: Miltank\n|-damage|p1a: Miltank|5\/100\n|-boost|p2a: Lopunny|atk|1\n|move|p1a: Miltank|Body Press|p2a: Lopunny\n|-supereffective|p2a: Lopunny\n|-crit|p2a: Lopunny\n|-damage|p2a: Lopunny|0 fnt\n|faint|p2a: Lopunny\n|\n|-heal|p1a: Miltank|11\/100|[from] item: Leftovers\n|upkeep\n|c|\u2606Matt WCW|that might be a gg\n|c|\u2606AlexeiBCD|that was greedy\n|c|\u2606Matt WCW|that was lucky lol\n|c|\u2606AlexeiBCD|true\n|c|\u2606Matt WCW|i lived that comfortably and won\n|c|\u2606AlexeiBCD|hmm downside of losing zard\n|c|\u2606Matt WCW|you'd have to toxic there I think, and then protect stall\n|c|\u2606AlexeiBCD|yeah have to remeber without zrad for the free sun, that's an issue\n|c|\u2606Matt WCW|also, I'm pretty sure you can sleep mons if I sleep myself, right?\n|c|\u2606AlexeiBCD|I can\n|c|\u2606Matt WCW|okay cool\n|\n|t:|1698641768\n|switch|p2a: Garchomp|Garchomp, M|27\/100\n|-damage|p2a: Garchomp|21\/100|[from] Stealth Rock\n|turn|25\n|c|\u2606AlexeiBCD|I shouldn't have swapped even with the tripple axel\n|c|\u2606Matt WCW|ya\n|c|\u2606Matt WCW|PuP can beat you if you're not careful\n|c|\u2606Matt WCW|but even if I got +3, florges lived after a protect\n|c|\u2606Matt WCW|so you were fine there\n|\n|t:|1698641841\n|move|p2a: Garchomp|Scale Shot|p1a: Miltank\n|-damage|p1a: Miltank|3\/100\n|-damage|p1a: Miltank|0 fnt\n|faint|p1a: Miltank\n|-hitcount|p1: Miltank|2\n|-unboost|p2a: Garchomp|def|1\n|-boost|p2a: Garchomp|spe|1\n|\n|upkeep\n|c|\u2606AlexeiBCD|yeah I was wondering about that\n|\n|t:|1698641850\n|switch|p1a: Great Tusk|Great Tusk|100\/100\n|turn|26\n|c|\u2606Matt WCW|forgot about the protect lefties turn\n|\n|t:|1698641857\n|switch|p2a: Azumarill|Azumarill, F|100\/100 slp\n|-damage|p2a: Azumarill|88\/100 slp|[from] Stealth Rock\n|move|p1a: Great Tusk|Earthquake|p2a: Azumarill\n|-damage|p2a: Azumarill|44\/100 slp\n|\n|-heal|p2a: Azumarill|50\/100 slp|[from] item: Leftovers\n|upkeep\n|turn|27\n|\n|t:|1698641869\n|move|p1a: Great Tusk|Earthquake|p2a: Azumarill\n|-damage|p2a: Azumarill|8\/100 slp\n|cant|p2a: Azumarill|slp\n|move|p2a: Azumarill|Sleep Talk|p2a: Azumarill\n|move|p2a: Azumarill|Play Rough|p1a: Great Tusk|[from]move: Sleep Talk\n|-supereffective|p1a: Great Tusk\n|-damage|p1a: Great Tusk|35\/100\n|-unboost|p1a: Great Tusk|atk|1\n|\n|-heal|p2a: Azumarill|14\/100 slp|[from] item: Leftovers\n|upkeep\n|turn|28\n|\n|t:|1698641892\n|move|p1a: Great Tusk|Earthquake|p2a: Azumarill\n|-damage|p2a: Azumarill|0 fnt\n|faint|p2a: Azumarill\n|\n|upkeep\n|\n|t:|1698641897\n|switch|p2a: Garchomp|Garchomp, M|21\/100\n|-damage|p2a: Garchomp|15\/100|[from] Stealth Rock\n|turn|29\n|c|\u2606Matt WCW|Yeah gg\n|\n|t:|1698641903\n|move|p2a: Garchomp|Scale Shot|p1a: Great Tusk\n|-damage|p1a: Great Tusk|28\/100\n|-damage|p1a: Great Tusk|20\/100\n|-damage|p1a: Great Tusk|12\/100\n|-hitcount|p1a: Great Tusk|3\n|-unboost|p2a: Garchomp|def|1\n|-boost|p2a: Garchomp|spe|1\n|move|p1a: Great Tusk|Earthquake|p2a: Garchomp\n|-damage|p2a: Garchomp|0 fnt\n|faint|p2a: Garchomp\n|\n|win|AlexeiBCD\n|c|\u2606Matt WCW|I'm going to make some tweaks to this team\n|c|\u2606Matt WCW|and let's skrim again tomorrow?\n|c|\u2606AlexeiBCD|yeah I think forretress is coming\n|c|\u2606AlexeiBCD|sounds good to me\n|c|\u2606AlexeiBCD|this was good practice\n","uploadtime":1698641932,"views":13,"p1id":"alexeibcd","p2id":"mattwcw","formatid":"gen9nationaldexubers","rating":0,"private":0,"password":""}