{"id":"gen9nationaldexubers-1987499934","p1":"Bismeet","p2":"Dregone","format":"[Gen 9] National Dex Ubers","log":"|j|\u2606Bismeet\n|j|\u2606Dregone\n|inactive|Battle timer is ON: inactive players will automatically lose when time's up.\n|t:|1699602185\n|gametype|singles\n|player|p1|Bismeet|265|\n|player|p2|Dregone|cynthia-masters|\n|teamsize|p1|6\n|teamsize|p2|6\n|gen|9\n|tier|[Gen 9] National Dex Ubers\n|rated|Tournament battle\n|rule|HP Percentage Mod: HP is shown in percentages\n|rule|Endless Battle Clause: Forcing endless battles is banned\n|rule|OHKO Clause: OHKO moves are banned\n|rule|Evasion Moves Clause: Evasion moves are banned\n|rule|Evasion Items Clause: Evasion items are banned\n|rule|Species Clause: Limit one of each Pok\u00e9mon\n|rule|Sleep Clause Mod: Limit one foe put to sleep\n|rule|Mega Rayquaza Clause: You cannot mega evolve Rayquaza\n|clearpoke\n|poke|p1|Deoxys-Speed|\n|poke|p1|Xerneas-*|\n|poke|p1|Necrozma-Dusk-Mane|\n|poke|p1|Arceus|\n|poke|p1|Eternatus|\n|poke|p1|Chien-Pao|\n|poke|p2|Zacian-Crowned|\n|poke|p2|Kyogre-Primal|\n|poke|p2|Groudon-Primal|\n|poke|p2|Arceus|\n|poke|p2|Lugia|\n|poke|p2|Xerneas-*|\n|teampreview\n|j|*Lady Monita \u263d\n|inactive|Dregone also wants the timer to be on.\n|inactive|Bismeet also wants the timer to be on.\n|c|\u2606Dregone|glhf\n|c|\u2606Bismeet|glhf\n|\n|t:|1699602205\n|start\n|switch|p1a: Deoxys|Deoxys-Speed|100\/100\n|switch|p2a: Groudon|Groudon-Primal|100\/100\n|-ability|p1a: Deoxys|Pressure\n|-weather|DesolateLand|[from] ability: Desolate Land|[of] p2a: Groudon\n|turn|1\n|j| Plasmic Cosmos\n|\n|t:|1699602224\n|move|p1a: Deoxys|Spikes|p2a: Groudon\n|-sidestart|p2: Dregone|Spikes\n|move|p2a: Groudon|Earthquake|p1a: Deoxys\n|-damage|p1a: Deoxys|39\/100\n|\n|-weather|DesolateLand|[upkeep]\n|upkeep\n|turn|2\n|\n|t:|1699602230\n|move|p1a: Deoxys|Spikes|p2a: Groudon\n|-sidestart|p2: Dregone|Spikes\n|move|p2a: Groudon|Earthquake|p1a: Deoxys\n|-damage|p1a: Deoxys|0 fnt\n|faint|p1a: Deoxys\n|\n|-weather|DesolateLand|[upkeep]\n|upkeep\n|\n|t:|1699602242\n|switch|p1a: Arceus|Arceus|100\/100\n|turn|3\n|\n|t:|1699602245\n|move|p1a: Arceus|Swords Dance|p1a: Arceus\n|-boost|p1a: Arceus|atk|2\n|move|p2a: Groudon|Will-O-Wisp|p1a: Arceus\n|-status|p1a: Arceus|brn\n|\n|-weather|DesolateLand|[upkeep]\n|-damage|p1a: Arceus|94\/100 brn|[from] brn\n|upkeep\n|turn|4\n|inactive|Bismeet has 120 seconds left.\n|\n|t:|1699602292\n|move|p1a: Arceus|Swords Dance|p1a: Arceus\n|-boost|p1a: Arceus|atk|2\n|move|p2a: Groudon|Stealth Rock|p1a: Arceus\n|-sidestart|p1: Bismeet|move: Stealth Rock\n|\n|-weather|DesolateLand|[upkeep]\n|-damage|p1a: Arceus|88\/100 brn|[from] brn\n|upkeep\n|turn|5\n|\n|t:|1699602297\n|move|p1a: Arceus|Extreme Speed|p2a: Groudon\n|-damage|p2a: Groudon|74\/100\n|move|p2a: Groudon|Earthquake|p1a: Arceus\n|-damage|p1a: Arceus|45\/100 brn\n|\n|-weather|DesolateLand|[upkeep]\n|-heal|p2a: Groudon|80\/100|[from] item: Leftovers\n|-damage|p1a: Arceus|39\/100 brn|[from] brn\n|upkeep\n|turn|6\n|\n|t:|1699602302\n|move|p1a: Arceus|Extreme Speed|p2a: Groudon\n|-damage|p2a: Groudon|53\/100\n|move|p2a: Groudon|Earthquake|p1a: Arceus\n|-damage|p1a: Arceus|0 fnt\n|faint|p1a: Arceus\n|\n|-weather|DesolateLand|[upkeep]\n|-heal|p2a: Groudon|60\/100|[from] item: Leftovers\n|upkeep\n|inactive|Bismeet has 120 seconds left.\n|\n|t:|1699602319\n|switch|p1a: Eternatus|Eternatus|100\/100\n|-damage|p1a: Eternatus|88\/100|[from] Stealth Rock\n|-ability|p1a: Eternatus|Pressure\n|turn|7\n|\n|t:|1699602322\n|-weather|none\n|switch|p2a: Zacian|Zacian-Crowned|100\/100\n|-damage|p2a: Zacian|84\/100|[from] Spikes\n|-ability|p2a: Zacian|Intrepid Sword|boost\n|-boost|p2a: Zacian|atk|1\n|move|p1a: Eternatus|Meteor Beam||[still]\n|-prepare|p1a: Eternatus|Meteor Beam\n|-boost|p1a: Eternatus|spa|1\n|-enditem|p1a: Eternatus|Power Herb\n|-anim|p1a: Eternatus|Meteor Beam|p2a: Zacian\n|-resisted|p2a: Zacian\n|-damage|p2a: Zacian|53\/100\n|\n|upkeep\n|turn|8\n|\n|t:|1699602330\n|move|p2a: Zacian|Behemoth Blade|p1a: Eternatus\n|-damage|p1a: Eternatus|12\/100\n|move|p1a: Eternatus|Flamethrower|p2a: Zacian\n|-supereffective|p2a: Zacian\n|-damage|p2a: Zacian|0 fnt\n|faint|p2a: Zacian\n|\n|upkeep\n|\n|t:|1699602343\n|switch|p2a: Arceus|Arceus|100\/100\n|-damage|p2a: Arceus|84\/100|[from] Spikes\n|turn|9\n|inactive|Bismeet has 120 seconds left.\n|\n|t:|1699602378\n|move|p2a: Arceus|Extreme Speed|p1a: Eternatus\n|-damage|p1a: Eternatus|0 fnt\n|faint|p1a: Eternatus\n|\n|upkeep\n|\n|t:|1699602383\n|switch|p1a: Necrozma|Necrozma-Dusk-Mane|100\/100\n|-damage|p1a: Necrozma|94\/100|[from] Stealth Rock\n|turn|10\n|\n|t:|1699602387\n|move|p2a: Arceus|Swords Dance|p2a: Arceus\n|-boost|p2a: Arceus|atk|2\n|move|p1a: Necrozma|Trick Room|p1a: Necrozma\n|-fieldstart|move: Trick Room|[of] p1a: Necrozma\n|\n|upkeep\n|turn|11\n|inactive|Bismeet has 120 seconds left.\n|\n|t:|1699602406\n|move|p1a: Necrozma|Photon Geyser|p2a: Arceus\n|-damage|p2a: Arceus|42\/100\n|move|p2a: Arceus|Swords Dance|p2a: Arceus\n|-boost|p2a: Arceus|atk|2\n|\n|upkeep\n|turn|12\n|\n|t:|1699602412\n|move|p1a: Necrozma|Photon Geyser|p2a: Arceus\n|-damage|p2a: Arceus|0 fnt\n|faint|p2a: Arceus\n|\n|upkeep\n|c|\u2606Dregone|damn\n|\n|t:|1699602436\n|switch|p2a: Groudon|Groudon-Primal|60\/100\n|-damage|p2a: Groudon|43\/100|[from] Spikes\n|-weather|DesolateLand|[from] ability: Desolate Land|[of] p2a: Groudon\n|turn|13\n|inactive|Bismeet has 120 seconds left.\n|\n|t:|1699602452\n|move|p1a: Necrozma|Earthquake|p2a: Groudon\n|-supereffective|p2a: Groudon\n|-damage|p2a: Groudon|4\/100\n|move|p2a: Groudon|Will-O-Wisp|p1a: Necrozma\n|-status|p1a: Necrozma|brn\n|\n|-weather|DesolateLand|[upkeep]\n|-heal|p2a: Groudon|10\/100|[from] item: Leftovers\n|-damage|p1a: Necrozma|88\/100 brn|[from] brn\n|upkeep\n|turn|14\n|inactive|Bismeet has 120 seconds left.\n|\n|t:|1699602462\n|move|p1a: Necrozma|Photon Geyser|p2a: Groudon\n|-damage|p2a: Groudon|0 fnt\n|faint|p2a: Groudon\n|-weather|none\n|\n|-damage|p1a: Necrozma|82\/100 brn|[from] brn\n|-fieldend|move: Trick Room\n|upkeep\n|c|\u2606Bismeet|dem\n|j|^RUMYMOME\n|inactive|Dregone has 120 seconds left.\n|\n|t:|1699602490\n|switch|p2a: Kyogre|Kyogre-Primal|100\/100\n|-damage|p2a: Kyogre|84\/100|[from] Spikes\n|-weather|PrimordialSea|[from] ability: Primordial Sea|[of] p2a: Kyogre\n|turn|15\n|inactive|Bismeet has 120 seconds left.\n|\n|t:|1699602505\n|move|p2a: Kyogre|Water Spout|p1a: Necrozma\n|-damage|p1a: Necrozma|0 fnt\n|faint|p1a: Necrozma\n|\n|-weather|PrimordialSea|[upkeep]\n|upkeep\n|inactive|Bismeet has 120 seconds left.\n|\n|t:|1699602511\n|switch|p1a: Xerneas|Xerneas|100\/100\n|-damage|p1a: Xerneas|88\/100|[from] Stealth Rock\n|-ability|p1a: Xerneas|Fairy Aura\n|turn|16\n|\n|t:|1699602519\n|move|p2a: Kyogre|Water Spout|p1a: Xerneas\n|-damage|p1a: Xerneas|0 fnt\n|faint|p1a: Xerneas\n|\n|-weather|PrimordialSea|[upkeep]\n|upkeep\n|\n|t:|1699602523\n|switch|p1a: Chien-Pao|Chien-Pao|100\/100\n|-damage|p1a: Chien-Pao|76\/100|[from] Stealth Rock\n|-ability|p1a: Chien-Pao|Sword of Ruin\n|turn|17\n|c|\u2606Bismeet|ggs\n|c|\u2606Dregone|ggwp\n|\n|t:|1699602530\n|-terastallize|p1a: Chien-Pao|Dark\n|move|p2a: Kyogre|Water Spout|p1a: Chien-Pao\n|-damage|p1a: Chien-Pao|0 fnt\n|faint|p1a: Chien-Pao\n|\n|win|Dregone\n|n|\u2606Bismeet|bismeet\n|n|\u2606Dregone|dregone\n|n|*Lady Monita \u263d|ladymonita\n|n| Plasmic Cosmos|plasmiccosmos\n|n| RUMYMOME|rumymome\n|l|*Lady Monita \u263d\n|c|\u2606Bismeet|wait how\n|j| hounds of fate\n|c|\u2606Bismeet|were u faster?\n|c|\u2606Dregone|whats up\n|c|\u2606Dregone|kyogre?\n|c|\u2606Dregone|scarf\n|c|\u2606Bismeet|its primal\n|c|\u2606Dregone|yea but its obtainable forms\n|c|\u2606Bismeet|u need to hold blue orb\n|c|\u2606Bismeet|tf primal kyogre can hold scarf?\n|c|\u2606Dregone|no\n|c|\u2606Dregone|in obtainable forms it can\n|c|\u2606Dregone|obtainable forms, u can use their forms without the necessities\n|c|\u2606Bismeet|wats that\n|c|\u2606Bismeet|oh\n|c|\u2606Dregone|so i can use zacian crowned without intrepid sword\n|c|\u2606Dregone|i can use primal groudon without red orb\n|c|\u2606Bismeet|thats busted\n|c|\u2606Dregone|yea\n|c| Plasmic Cosmos|It's part of the rules here, so\n|c|\u2606Bismeet|ye\n","uploadtime":1699602531,"views":38,"p1id":"bismeet","p2id":"dregone","formatid":"gen9nationaldexubers","rating":0,"private":0,"password":""}