{"id":"gen9nationaldexubers-1984175884","p1":"Breeze88","p2":"Malice Incarnate","format":"[Gen 9] National Dex Ubers","log":"|j|\u2606Breeze88\n|j|\u2606Malice Incarnate\n|t:|1699226699\n|gametype|singles\n|player|p1|Breeze88|steven|1573\n|player|p2|Malice Incarnate|palmer|1533\n|teamsize|p1|6\n|teamsize|p2|6\n|gen|9\n|tier|[Gen 9] National Dex Ubers\n|rated|\n|rule|HP Percentage Mod: HP is shown in percentages\n|rule|Endless Battle Clause: Forcing endless battles is banned\n|rule|OHKO Clause: OHKO moves are banned\n|rule|Evasion Moves Clause: Evasion moves are banned\n|rule|Evasion Items Clause: Evasion items are banned\n|rule|Species Clause: Limit one of each Pok\u00e9mon\n|rule|Sleep Clause Mod: Limit one foe put to sleep\n|rule|Mega Rayquaza Clause: You cannot mega evolve Rayquaza\n|clearpoke\n|poke|p1|Shuckle, M|\n|poke|p1|Gholdengo|\n|poke|p1|Yveltal|\n|poke|p1|Groudon|\n|poke|p1|Arceus-Ground|\n|poke|p1|Xerneas-*|\n|poke|p2|Necrozma-Dusk-Mane|\n|poke|p2|Xerneas-*|\n|poke|p2|Arceus-Dark|\n|poke|p2|Groudon|\n|poke|p2|Ho-Oh|\n|poke|p2|Zygarde|\n|teampreview\n|inactive|Battle timer is ON: inactive players will automatically lose when time's up. (requested by Malice Incarnate)\n|inactive|Breeze88 also wants the timer to be on.\n|c|\u2606Breeze88|glhf\n|\n|t:|1699226709\n|start\n|switch|p1a: Shuckle|Shuckle, M, shiny|100\/100\n|switch|p2a: Necrozma|Necrozma-Dusk-Mane|100\/100\n|turn|1\n|\n|t:|1699226715\n|-zpower|p2a: Necrozma\n|move|p2a: Necrozma|Searing Sunraze Smash|p1a: Shuckle|[zeffect]\n|-supereffective|p1a: Shuckle\n|-damage|p1a: Shuckle|0 fnt\n|faint|p1a: Shuckle\n|\n|upkeep\n|inactive|Breeze88 has 120 seconds left.\n|\n|t:|1699226751\n|switch|p1a: Yveltal|Yveltal, shiny|100\/100\n|-ability|p1a: Yveltal|Dark Aura\n|turn|2\n|inactive|Breeze88 has 120 seconds left.\n|\n|t:|1699226759\n|switch|p2a: Xerneas|Xerneas|100\/100\n|-ability|p2a: Xerneas|Fairy Aura\n|move|p1a: Yveltal|Dark Pulse|p2a: Xerneas\n|-resisted|p2a: Xerneas\n|-damage|p2a: Xerneas|77\/100\n|\n|upkeep\n|turn|3\n|\n|t:|1699226764\n|switch|p1a: Gholdengo|Gholdengo|100\/100\n|move|p2a: Xerneas|Moonblast|p1a: Gholdengo\n|-resisted|p1a: Gholdengo\n|-damage|p1a: Gholdengo|50\/100\n|\n|upkeep\n|turn|4\n|inactive|Breeze88 has 120 seconds left.\n|c|\u2606Breeze88|Not many specs Xerneases\n|inactive|Breeze88 has 90 seconds left.\n|\n|t:|1699226813\n|switch|p2a: Groudon|Groudon|100\/100\n|detailschange|p2a: Groudon|Groudon-Primal\n|-primal|p2a: Groudon|Red Orb\n|-weather|DesolateLand|[from] ability: Desolate Land|[of] p2a: Groudon\n|move|p1a: Gholdengo|Make It Rain|p2a: Groudon\n|-resisted|p2a: Groudon\n|-damage|p2a: Groudon|67\/100\n|-unboost|p1a: Gholdengo|spa|1\n|\n|-weather|DesolateLand|[upkeep]\n|upkeep\n|turn|5\n|\n|t:|1699226819\n|switch|p1a: Yveltal|Yveltal, shiny|100\/100\n|-ability|p1a: Yveltal|Dark Aura\n|move|p2a: Groudon|Spikes|p1a: Yveltal\n|-sidestart|p1: Breeze88|Spikes\n|\n|-weather|DesolateLand|[upkeep]\n|upkeep\n|turn|6\n|\n|t:|1699226823\n|move|p1a: Yveltal|Taunt|p2a: Groudon\n|-start|p2a: Groudon|move: Taunt\n|move|p2a: Groudon|Stone Edge|p1a: Yveltal\n|-supereffective|p1a: Yveltal\n|-damage|p1a: Yveltal|28\/100\n|\n|-weather|DesolateLand|[upkeep]\n|upkeep\n|turn|7\n|\n|t:|1699226827\n|move|p1a: Yveltal|Dark Pulse|p2a: Groudon\n|-damage|p2a: Groudon|29\/100\n|move|p2a: Groudon|Stone Edge|p1a: Yveltal|[miss]\n|-miss|p2a: Groudon|p1a: Yveltal\n|\n|-weather|DesolateLand|[upkeep]\n|upkeep\n|turn|8\n|inactive|Breeze88 has 120 seconds left.\n|\n|t:|1699226842\n|move|p1a: Yveltal|Dark Pulse|p2a: Groudon\n|-damage|p2a: Groudon|0 fnt\n|faint|p2a: Groudon\n|-weather|none\n|\n|upkeep\n|\n|t:|1699226845\n|switch|p2a: Xerneas|Xerneas|77\/100\n|-ability|p2a: Xerneas|Fairy Aura\n|turn|9\n|\n|t:|1699226849\n|move|p1a: Yveltal|Sucker Punch|p2a: Xerneas\n|-resisted|p2a: Xerneas\n|-damage|p2a: Xerneas|58\/100\n|move|p2a: Xerneas|Moonblast|p1a: Yveltal\n|-supereffective|p1a: Yveltal\n|-damage|p1a: Yveltal|0 fnt\n|faint|p1a: Yveltal\n|\n|upkeep\n|inactive|Breeze88 has 120 seconds left.\n|inactive|Breeze88 has 90 seconds left.\n|\n|t:|1699226911\n|switch|p1a: Groudon|Groudon|100\/100\n|-damage|p1a: Groudon|88\/100|[from] Spikes\n|detailschange|p1a: Groudon|Groudon-Primal\n|-primal|p1a: Groudon|Red Orb\n|-weather|DesolateLand|[from] ability: Desolate Land|[of] p1a: Groudon\n|turn|10\n|\n|t:|1699226916\n|switch|p2a: Arceus|Arceus-Dark|100\/100\n|move|p1a: Groudon|Rock Polish|p1a: Groudon\n|-boost|p1a: Groudon|spe|2\n|\n|-weather|DesolateLand|[upkeep]\n|upkeep\n|turn|11\n|\n|t:|1699226920\n|move|p1a: Groudon|Eruption|p2a: Arceus\n|-crit|p2a: Arceus\n|-damage|p2a: Arceus|0 fnt\n|faint|p2a: Arceus\n|\n|-weather|DesolateLand|[upkeep]\n|upkeep\n|\n|t:|1699226926\n|switch|p2a: Zygarde|Zygarde|100\/100\n|turn|12\n|\n|t:|1699226944\n|-weather|none\n|switch|p1a: Xerneas|Xerneas, shiny|100\/100\n|-damage|p1a: Xerneas|88\/100|[from] Spikes\n|-ability|p1a: Xerneas|Fairy Aura\n|move|p2a: Zygarde|Thousand Waves|p1a: Xerneas\n|-damage|p1a: Xerneas|54\/100\n|-activate|p1a: Xerneas|trapped\n|\n|upkeep\n|turn|13\n|\n|t:|1699226954\n|switch|p2a: Ho-Oh|Ho-Oh|100\/100\n|move|p1a: Xerneas|Moonblast|p2a: Ho-Oh\n|-resisted|p2a: Ho-Oh\n|-damage|p2a: Ho-Oh|80\/100\n|-unboost|p2a: Ho-Oh|spa|1\n|\n|upkeep\n|turn|14\n|\n|t:|1699226971\n|switch|p1a: Gholdengo|Gholdengo|50\/100\n|-damage|p1a: Gholdengo|38\/100|[from] Spikes\n|move|p2a: Ho-Oh|Toxic|p1a: Gholdengo\n|-immune|p1a: Gholdengo|[from] ability: Good as Gold\n|\n|upkeep\n|turn|15\n|\n|t:|1699226980\n|move|p1a: Gholdengo|Trick|p2a: Ho-Oh\n|-activate|p1a: Gholdengo|move: Trick|[of] p2a: Ho-Oh\n|-item|p2a: Ho-Oh|Choice Specs|[from] move: Trick\n|-item|p1a: Gholdengo|Heavy-Duty Boots|[from] move: Trick\n|move|p2a: Ho-Oh|Sacred Fire|p1a: Gholdengo\n|-supereffective|p1a: Gholdengo\n|-damage|p1a: Gholdengo|0 fnt\n|faint|p1a: Gholdengo\n|\n|upkeep\n|\n|t:|1699227001\n|switch|p1a: Arceus|Arceus-Ground|100\/100\n|-damage|p1a: Arceus|88\/100|[from] Spikes\n|turn|16\n|\n|t:|1699227003\n|move|p1a: Arceus|Stone Edge|p2a: Ho-Oh|[miss]\n|-miss|p1a: Arceus|p2a: Ho-Oh\n|move|p2a: Ho-Oh|Sacred Fire|p1a: Arceus\n|-damage|p1a: Arceus|52\/100\n|\n|upkeep\n|turn|17\n|\n|t:|1699227006\n|move|p1a: Arceus|Stone Edge|p2a: Ho-Oh|[miss]\n|-miss|p1a: Arceus|p2a: Ho-Oh\n|move|p2a: Ho-Oh|Sacred Fire|p1a: Arceus\n|-damage|p1a: Arceus|18\/100\n|-status|p1a: Arceus|brn\n|\n|-damage|p1a: Arceus|12\/100 brn|[from] brn\n|upkeep\n|turn|18\n|inactive|Breeze88 has 120 seconds left.\n|\n|t:|1699227014\n|switch|p2a: Zygarde|Zygarde|100\/100\n|move|p1a: Arceus|Stone Edge|p2a: Zygarde\n|-resisted|p2a: Zygarde\n|-damage|p2a: Zygarde|95\/100\n|\n|-heal|p2a: Zygarde|100\/100|[from] item: Leftovers\n|-damage|p1a: Arceus|6\/100 brn|[from] brn\n|upkeep\n|turn|19\n|\n|t:|1699227017\n|move|p1a: Arceus|Taunt|p2a: Zygarde\n|-start|p2a: Zygarde|move: Taunt\n|cant|p2a: Zygarde|move: Taunt|Dragon Dance\n|\n|-damage|p1a: Arceus|0 fnt|[from] brn\n|faint|p1a: Arceus\n|upkeep\n|\n|t:|1699227028\n|switch|p1a: Xerneas|Xerneas, shiny|54\/100\n|-damage|p1a: Xerneas|42\/100|[from] Spikes\n|-ability|p1a: Xerneas|Fairy Aura\n|turn|20\n|\n|t:|1699227036\n|move|p1a: Xerneas|Geomancy||[still]\n|-prepare|p1a: Xerneas|Geomancy\n|-enditem|p1a: Xerneas|Power Herb\n|-anim|p1a: Xerneas|Geomancy|p1a: Xerneas\n|-boost|p1a: Xerneas|spa|2\n|-boost|p1a: Xerneas|spd|2\n|-boost|p1a: Xerneas|spe|2\n|move|p2a: Zygarde|Thousand Arrows|p1a: Xerneas\n|-damage|p1a: Xerneas|8\/100\n|\n|upkeep\n|turn|21\n|\n|t:|1699227039\n|move|p1a: Xerneas|Moonblast|p2a: Zygarde\n|-supereffective|p2a: Zygarde\n|-damage|p2a: Zygarde|0 fnt\n|faint|p2a: Zygarde\n|\n|upkeep\n|\n|t:|1699227040\n|switch|p2a: Ho-Oh|Ho-Oh|100\/100\n|turn|22\n|\n|t:|1699227045\n|-terastallize|p1a: Xerneas|Electric\n|-terastallize|p2a: Ho-Oh|Fire\n|move|p1a: Xerneas|Thunderbolt|p2a: Ho-Oh\n|-damage|p2a: Ho-Oh|43\/100\n|move|p2a: Ho-Oh|Sacred Fire|p1a: Xerneas\n|-damage|p1a: Xerneas|0 fnt\n|faint|p1a: Xerneas\n|\n|upkeep\n|\n|t:|1699227048\n|switch|p1a: Groudon|Groudon-Primal|88\/100\n|-damage|p1a: Groudon|76\/100|[from] Spikes\n|-weather|DesolateLand|[from] ability: Desolate Land|[of] p1a: Groudon\n|turn|23\n|\n|t:|1699227056\n|switch|p2a: Xerneas|Xerneas|58\/100\n|-ability|p2a: Xerneas|Fairy Aura\n|move|p1a: Groudon|Rock Polish|p1a: Groudon\n|-boost|p1a: Groudon|spe|2\n|\n|-weather|DesolateLand|[upkeep]\n|upkeep\n|turn|24\n|inactive|Breeze88 has 120 seconds left.\n|inactive|Breeze88 has 90 seconds left.\n|\n|t:|1699227131\n|move|p1a: Groudon|Precipice Blades|p2a: Xerneas\n|-damage|p2a: Xerneas|0 fnt\n|faint|p2a: Xerneas\n|\n|-weather|DesolateLand|[upkeep]\n|upkeep\n|\n|t:|1699227136\n|switch|p2a: Necrozma|Necrozma-Dusk-Mane|100\/100\n|turn|25\n|inactive|Breeze88 has 90 seconds left.\n|\n|t:|1699227159\n|move|p1a: Groudon|Eruption|p2a: Necrozma\n|-supereffective|p2a: Necrozma\n|-damage|p2a: Necrozma|0 fnt\n|faint|p2a: Necrozma\n|\n|-weather|DesolateLand|[upkeep]\n|upkeep\n|\n|t:|1699227161\n|switch|p2a: Ho-Oh|Ho-Oh, tera:Fire|76\/100\n|turn|26\n|\n|t:|1699227166\n|move|p1a: Groudon|Precipice Blades|p2a: Ho-Oh\n|-supereffective|p2a: Ho-Oh\n|-damage|p2a: Ho-Oh|0 fnt\n|faint|p2a: Ho-Oh\n|\n|win|Breeze88\n|raw|Breeze88's rating: 1573 &rarr; <strong>1591<\/strong><br \/>(+18 for winning)\n|raw|Malice Incarnate's rating: 1533 &rarr; <strong>1515<\/strong><br \/>(-18 for losing)\n|c|\u2606Breeze88|ggwp\n|l|\u2606Malice Incarnate\n","uploadtime":1699227172,"views":5,"p1id":"breeze88","p2id":"maliceincarnate","formatid":"gen9nationaldexubers","rating":1515,"private":0,"password":""}