{"id":"gen9nationaldexubers-1990268167","p1":"galladesimp","p2":"ash ketchum 345","format":"[Gen 9] National Dex Ubers","log":"|j|\u2606galladesimp\n|j|\u2606ash ketchum 345\n|t:|1699947828\n|gametype|singles\n|player|p1|galladesimp|elesa-masters2|1312\n|player|p2|ash ketchum 345|ash|1184\n|teamsize|p1|6\n|teamsize|p2|6\n|gen|9\n|tier|[Gen 9] National Dex Ubers\n|rated|\n|rule|HP Percentage Mod: HP is shown in percentages\n|rule|Endless Battle Clause: Forcing endless battles is banned\n|rule|OHKO Clause: OHKO moves are banned\n|rule|Evasion Moves Clause: Evasion moves are banned\n|rule|Evasion Items Clause: Evasion items are banned\n|rule|Species Clause: Limit one of each Pok\u00e9mon\n|rule|Sleep Clause Mod: Limit one foe put to sleep\n|rule|Mega Rayquaza Clause: You cannot mega evolve Rayquaza\n|clearpoke\n|poke|p1|Lopunny, F|\n|poke|p1|Blaziken, F|\n|poke|p1|Urshifu-*, M|\n|poke|p1|Quaquaval, M|\n|poke|p1|Lucario, F|\n|poke|p1|Pheromosa|\n|poke|p2|Lucario, M|\n|poke|p2|Dragonite, M|\n|poke|p2|Dracovish|\n|poke|p2|Sirfetch\u2019d, F|\n|poke|p2|Gengar, F|\n|poke|p2|Pikachu, F|\n|teampreview\n|inactive|Battle timer is ON: inactive players will automatically lose when time's up. (requested by galladesimp)\n|c|\u2606ash ketchum 345|let's have a great battle!\n|\n|t:|1699947857\n|start\n|switch|p1a: Urshifu|Urshifu, M|100\/100\n|switch|p2a: Dracovish|Dracovish|100\/100\n|turn|1\n|c|\u2606ash ketchum 345|an urshifu?\n|\n|t:|1699947873\n|move|p1a: Urshifu|Wicked Blow|p2a: Dracovish\n|-crit|p2a: Dracovish\n|-damage|p2a: Dracovish|41\/100\n|move|p2a: Dracovish|Fishious Rend|p1a: Urshifu\n|-damage|p1a: Urshifu|45\/100\n|\n|upkeep\n|turn|2\n|inactive|galladesimp has 120 seconds left.\n|c|\u2606ash ketchum 345|whoa your so strong!\n|inactive|galladesimp has 90 seconds left.\n|\n|t:|1699947940\n|move|p1a: Urshifu|Wicked Blow|p2a: Dracovish\n|-crit|p2a: Dracovish\n|-damage|p2a: Dracovish|0 fnt\n|faint|p2a: Dracovish\n|\n|upkeep\n|\n|t:|1699947946\n|switch|p2a: Pikachu|Pikachu, F|100\/100\n|turn|3\n|\n|t:|1699947950\n|move|p2a: Pikachu|Fake Out|p1a: Urshifu\n|-damage|p1a: Urshifu|30\/100\n|cant|p1a: Urshifu|flinch\n|\n|upkeep\n|turn|4\n|\n|t:|1699947959\n|move|p2a: Pikachu|Extreme Speed|p1a: Urshifu\n|-damage|p1a: Urshifu|0 fnt\n|faint|p1a: Urshifu\n|\n|upkeep\n|\n|t:|1699947965\n|switch|p1a: Lopunny|Lopunny, F|100\/100\n|turn|5\n|c|\u2606ash ketchum 345|YES!\n|\n|t:|1699947981\n|switch|p2a: Gengar|Gengar, F|100\/100\n|detailschange|p1a: Lopunny|Lopunny-Mega, F\n|-mega|p1a: Lopunny|Lopunny|Lopunnite\n|move|p1a: Lopunny|Fake Out|p2a: Gengar\n|-damage|p2a: Gengar|59\/100\n|-start|p1a: Lopunny|Disable|Fake Out|[from] ability: Cursed Body|[of] p2a: Gengar\n|\n|upkeep\n|turn|6\n|inactive|galladesimp has 120 seconds left.\n|\n|t:|1699948001\n|move|p1a: Lopunny|Close Combat|p2a: Gengar\n|-resisted|p2a: Gengar\n|-damage|p2a: Gengar|0 fnt\n|-unboost|p1a: Lopunny|def|1\n|-unboost|p1a: Lopunny|spd|1\n|faint|p2a: Gengar\n|\n|upkeep\n|\n|t:|1699948006\n|switch|p2a: Pikachu|Pikachu, F|100\/100\n|turn|7\n|inactive|galladesimp has 120 seconds left.\n|\n|t:|1699948017\n|switch|p1a: Blaziken|Blaziken, F|100\/100\n|-item|p1a: Blaziken|Air Balloon\n|move|p2a: Pikachu|Fake Out|p1a: Blaziken\n|-damage|p1a: Blaziken|78\/100\n|-enditem|p1a: Blaziken|Air Balloon\n|\n|upkeep\n|turn|8\n|\n|t:|1699948026\n|move|p1a: Blaziken|Protect|p1a: Blaziken\n|-singleturn|p1a: Blaziken|Protect\n|move|p2a: Pikachu|Volt Tackle|p1a: Blaziken\n|-activate|p1a: Blaziken|move: Protect\n|\n|-ability|p1a: Blaziken|Speed Boost|boost\n|-boost|p1a: Blaziken|spe|1\n|upkeep\n|turn|9\n|\n|t:|1699948038\n|move|p1a: Blaziken|Close Combat|p2a: Pikachu\n|-damage|p2a: Pikachu|0 fnt\n|-unboost|p1a: Blaziken|def|1\n|-unboost|p1a: Blaziken|spd|1\n|faint|p2a: Pikachu\n|\n|-ability|p1a: Blaziken|Speed Boost|boost\n|-boost|p1a: Blaziken|spe|1\n|upkeep\n|\n|t:|1699948043\n|switch|p2a: Dragonite|Dragonite, M|100\/100\n|turn|10\n|\n|t:|1699948058\n|move|p1a: Blaziken|Close Combat|p2a: Dragonite\n|-resisted|p2a: Dragonite\n|-damage|p2a: Dragonite|83\/100\n|-unboost|p1a: Blaziken|def|1\n|-unboost|p1a: Blaziken|spd|1\n|move|p2a: Dragonite|Dual Wingbeat|p1a: Blaziken\n|-supereffective|p1a: Blaziken\n|-damage|p1a: Blaziken|0 fnt\n|faint|p1a: Blaziken\n|-hitcount|p1: Blaziken|1\n|\n|upkeep\n|\n|t:|1699948066\n|switch|p1a: Quaquaval|Quaquaval, M|100\/100\n|turn|11\n|\n|t:|1699948072\n|-terastallize|p2a: Dragonite|Flying\n|move|p2a: Dragonite|Dual Wingbeat|p1a: Quaquaval\n|-supereffective|p1a: Quaquaval\n|-damage|p1a: Quaquaval|23\/100\n|-supereffective|p1a: Quaquaval\n|-damage|p1a: Quaquaval|0 fnt\n|faint|p1a: Quaquaval\n|-hitcount|p1: Quaquaval|2\n|\n|upkeep\n|\n|t:|1699948080\n|switch|p1a: Lopunny|Lopunny-Mega, F|100\/100\n|turn|12\n|\n|t:|1699948083\n|move|p1a: Lopunny|Fake Out|p2a: Dragonite\n|-damage|p2a: Dragonite|58\/100\n|cant|p2a: Dragonite|flinch\n|\n|upkeep\n|turn|13\n|inactive|galladesimp has 120 seconds left.\n|\n|t:|1699948113\n|move|p1a: Lopunny|Quick Attack|p2a: Dragonite\n|-damage|p2a: Dragonite|36\/100\n|move|p2a: Dragonite|Dual Wingbeat|p1a: Lopunny\n|-supereffective|p1a: Lopunny\n|-damage|p1a: Lopunny|19\/100\n|-supereffective|p1a: Lopunny\n|-damage|p1a: Lopunny|0 fnt\n|faint|p1a: Lopunny\n|-hitcount|p1: Lopunny|2\n|\n|upkeep\n|\n|t:|1699948117\n|switch|p1a: Lucario|Lucario, F|100\/100\n|turn|14\n|\n|t:|1699948125\n|-terastallize|p1a: Lucario|Normal\n|move|p1a: Lucario|Extreme Speed|p2a: Dragonite\n|-damage|p2a: Dragonite|0 fnt\n|faint|p2a: Dragonite\n|\n|upkeep\n|\n|t:|1699948131\n|switch|p2a: Lucario|Lucario, M|100\/100\n|turn|15\n|\n|t:|1699948138\n|detailschange|p2a: Lucario|Lucario-Mega, M\n|-mega|p2a: Lucario|Lucario|Lucarionite\n|move|p2a: Lucario|Aura Sphere|p1a: Lucario\n|-supereffective|p1a: Lucario\n|-enditem|p1a: Lucario|Focus Sash\n|-damage|p1a: Lucario|1\/100\n|move|p1a: Lucario|Close Combat|p2a: Lucario\n|-supereffective|p2a: Lucario\n|-damage|p2a: Lucario|0 fnt\n|-unboost|p1a: Lucario|def|1\n|-unboost|p1a: Lucario|spd|1\n|faint|p2a: Lucario\n|\n|upkeep\n|\n|t:|1699948148\n|switch|p2a: Sirfetch\u2019d|Sirfetch\u2019d, F|100\/100\n|turn|16\n|\n|t:|1699948154\n|move|p1a: Lucario|Extreme Speed|p2a: Sirfetch\u2019d\n|-damage|p2a: Sirfetch\u2019d|46\/100\n|move|p2a: Sirfetch\u2019d|First Impression|p1a: Lucario\n|-damage|p1a: Lucario|0 fnt\n|faint|p1a: Lucario\n|-damage|p2a: Sirfetch\u2019d|36\/100|[from] item: Life Orb\n|\n|upkeep\n|\n|t:|1699948159\n|switch|p1a: Pheromosa|Pheromosa|100\/100\n|turn|17\n|\n|t:|1699948166\n|move|p1a: Pheromosa|Close Combat|p2a: Sirfetch\u2019d\n|-damage|p2a: Sirfetch\u2019d|0 fnt\n|-unboost|p1a: Pheromosa|def|1\n|-unboost|p1a: Pheromosa|spd|1\n|faint|p2a: Sirfetch\u2019d\n|-damage|p1a: Pheromosa|91\/100|[from] item: Life Orb\n|\n|win|galladesimp\n|raw|galladesimp's rating: 1312 &rarr; <strong>1325<\/strong><br \/>(+13 for winning)\n|raw|ash ketchum 345's rating: 1184 &rarr; <strong>1168<\/strong><br \/>(-16 for losing)\n|c|\u2606ash ketchum 345|gg\n","uploadtime":1699948183,"views":10,"p1id":"galladesimp","p2id":"ashketchum345","formatid":"gen9nationaldexubers","rating":1168,"private":0,"password":""}