{"id":"gen9nationaldexubers-1989175580","p1":"Gatita golosa 123","p2":"DracoAxel","format":"[Gen 9] National Dex Ubers","log":"|j|\u2606Gatita golosa 123\n|j|\u2606DracoAxel\n|t:|1699820187\n|gametype|singles\n|player|p1|Gatita golosa 123|pokekid|\n|player|p2|DracoAxel|nate|\n|teamsize|p1|6\n|teamsize|p2|6\n|gen|9\n|tier|[Gen 9] National Dex Ubers\n|rule|HP Percentage Mod: HP is shown in percentages\n|rule|Endless Battle Clause: Forcing endless battles is banned\n|rule|OHKO Clause: OHKO moves are banned\n|rule|Evasion Moves Clause: Evasion moves are banned\n|rule|Evasion Items Clause: Evasion items are banned\n|rule|Species Clause: Limit one of each Pok\u00e9mon\n|rule|Sleep Clause Mod: Limit one foe put to sleep\n|rule|Mega Rayquaza Clause: You cannot mega evolve Rayquaza\n|clearpoke\n|poke|p1|Dracovish|\n|poke|p1|Kyogre|\n|poke|p1|Palafin, F|\n|poke|p1|Urshifu-*, M|\n|poke|p1|Palkia-Origin|\n|poke|p1|Basculegion, M|\n|poke|p2|Volcanion|\n|poke|p2|Blaziken, F|\n|poke|p2|Blacephalon|\n|poke|p2|Charizard, M|\n|poke|p2|Groudon|\n|poke|p2|Ogerpon-Hearthflame, F|\n|teampreview\n|\n|t:|1699820199\n|start\n|switch|p1a: Urshifu|Urshifu-Rapid-Strike, M|100\/100\n|switch|p2a: Ogerpon|Ogerpon-Hearthflame, F|100\/100\n|-ability|p2a: Ogerpon|Mold Breaker\n|turn|1\n|\n|t:|1699820213\n|move|p1a: Urshifu|U-turn|p2a: Ogerpon\n|-damage|p2a: Ogerpon|68\/100\n|\n|t:|1699820217\n|switch|p1a: Palkia|Palkia-Origin|100\/100|[from] U-turn\n|-ability|p1a: Palkia|Pressure\n|move|p2a: Ogerpon|Wood Hammer|p1a: Palkia\n|-damage|p1a: Palkia|21\/100\n|-damage|p2a: Ogerpon|40\/100|[from] Recoil\n|\n|upkeep\n|turn|2\n|\n|t:|1699820227\n|move|p1a: Palkia|Power Gem|p2a: Ogerpon\n|-supereffective|p2a: Ogerpon\n|-damage|p2a: Ogerpon|0 fnt\n|faint|p2a: Ogerpon\n|\n|upkeep\n|\n|t:|1699820234\n|switch|p2a: Blaziken|Blaziken, F|100\/100\n|turn|3\n|\n|t:|1699820239\n|switch|p1a: Urshifu|Urshifu-Rapid-Strike, M|100\/100\n|move|p2a: Blaziken|Protect||[still]\n|-fail|p2a: Blaziken\n|\n|-ability|p2a: Blaziken|Speed Boost|boost\n|-boost|p2a: Blaziken|spe|1\n|upkeep\n|turn|4\n|\n|t:|1699820250\n|move|p2a: Blaziken|Protect|p2a: Blaziken\n|-singleturn|p2a: Blaziken|Protect\n|move|p1a: Urshifu|Surging Strikes|p2a: Blaziken\n|-supereffective|p2a: Blaziken\n|-crit|p2a: Blaziken\n|-damage|p2a: Blaziken|35\/100\n|-supereffective|p2a: Blaziken\n|-crit|p2a: Blaziken\n|-damage|p2a: Blaziken|0 fnt\n|faint|p2a: Blaziken\n|-hitcount|p2: Blaziken|2\n|\n|upkeep\n|\n|t:|1699820262\n|switch|p2a: Volcanion|Volcanion|100\/100\n|turn|5\n|\n|t:|1699820270\n|switch|p1a: Palkia|Palkia-Origin|21\/100\n|-ability|p1a: Palkia|Pressure\n|move|p2a: Volcanion|Hidden Power|p1a: Palkia\n|-damage|p1a: Palkia|3\/100\n|\n|upkeep\n|turn|6\n|\n|t:|1699820280\n|move|p1a: Palkia|Earth Power|p2a: Volcanion\n|-supereffective|p2a: Volcanion\n|-damage|p2a: Volcanion|52\/100\n|move|p2a: Volcanion|Hidden Power|p1a: Palkia\n|-damage|p1a: Palkia|0 fnt\n|faint|p1a: Palkia\n|\n|upkeep\n|\n|t:|1699820293\n|switch|p1a: Kyogre|Kyogre|100\/100\n|detailschange|p1a: Kyogre|Kyogre-Primal\n|-primal|p1a: Kyogre|Blue Orb\n|-weather|PrimordialSea|[from] ability: Primordial Sea|[of] p1a: Kyogre\n|turn|7\n|\n|t:|1699820299\n|move|p1a: Kyogre|Thunder|p2a: Volcanion\n|-supereffective|p2a: Volcanion\n|-damage|p2a: Volcanion|0 fnt\n|faint|p2a: Volcanion\n|\n|-weather|PrimordialSea|[upkeep]\n|upkeep\n|\n|t:|1699820310\n|switch|p2a: Groudon|Groudon, shiny|100\/100\n|detailschange|p2a: Groudon|Groudon-Primal, shiny\n|-primal|p2a: Groudon|Red Orb\n|-weather|DesolateLand|[from] ability: Desolate Land|[of] p2a: Groudon\n|turn|8\n|\n|t:|1699820317\n|move|p1a: Kyogre|Toxic|p2a: Groudon\n|-status|p2a: Groudon|tox\n|move|p2a: Groudon|Thunder Punch|p1a: Kyogre\n|-supereffective|p1a: Kyogre\n|-damage|p1a: Kyogre|28\/100\n|-status|p1a: Kyogre|par\n|\n|-weather|DesolateLand|[upkeep]\n|-damage|p2a: Groudon|94\/100 tox|[from] psn\n|upkeep\n|turn|9\n|\n|t:|1699820328\n|switch|p1a: Dracovish|Dracovish|100\/100\n|move|p2a: Groudon|Rock Polish|p2a: Groudon\n|-boost|p2a: Groudon|spe|2\n|\n|-weather|DesolateLand|[upkeep]\n|-damage|p2a: Groudon|82\/100 tox|[from] psn\n|upkeep\n|turn|10\n|\n|t:|1699820334\n|switch|p1a: Kyogre|Kyogre-Primal|28\/100 par\n|-weather|PrimordialSea|[from] ability: Primordial Sea|[of] p1a: Kyogre\n|move|p2a: Groudon|Thunder Punch|p1a: Kyogre\n|-supereffective|p1a: Kyogre\n|-damage|p1a: Kyogre|0 fnt\n|faint|p1a: Kyogre\n|-weather|none\n|\n|-damage|p2a: Groudon|64\/100 tox|[from] psn\n|upkeep\n|\n|t:|1699820338\n|switch|p1a: Dracovish|Dracovish|100\/100\n|turn|11\n|\n|t:|1699820344\n|switch|p2a: Blacephalon|Blacephalon, shiny|100\/100\n|move|p1a: Dracovish|Fishious Rend|p2a: Blacephalon\n|-supereffective|p2a: Blacephalon\n|-enditem|p2a: Blacephalon|Focus Sash\n|-damage|p2a: Blacephalon|1\/100\n|\n|upkeep\n|turn|12\n|\n|t:|1699820350\n|move|p2a: Blacephalon|Hidden Power|p1a: Dracovish\n|-damage|p1a: Dracovish|71\/100\n|move|p1a: Dracovish|Rock Tomb|p2a: Blacephalon\n|-supereffective|p2a: Blacephalon\n|-damage|p2a: Blacephalon|0 fnt\n|faint|p2a: Blacephalon\n|\n|upkeep\n|\n|t:|1699820354\n|switch|p2a: Charizard|Charizard, M|100\/100\n|turn|13\n|\n|t:|1699820360\n|detailschange|p2a: Charizard|Charizard-Mega-X, M\n|-mega|p2a: Charizard|Charizard|Charizardite X\n|move|p2a: Charizard|Outrage|p1a: Dracovish\n|-supereffective|p1a: Dracovish\n|-damage|p1a: Dracovish|0 fnt\n|faint|p1a: Dracovish\n|\n|upkeep\n|\n|t:|1699820369\n|switch|p1a: Palafin|Palafin, F, shiny|100\/100\n|turn|14\n|\n|t:|1699820376\n|move|p1a: Palafin|Substitute|p1a: Palafin\n|-start|p1a: Palafin|Substitute\n|-damage|p1a: Palafin|76\/100\n|move|p2a: Charizard|Outrage|p1a: Palafin|[from]lockedmove\n|-end|p1a: Palafin|Substitute\n|-start|p2a: Charizard|confusion|[fatigue]\n|\n|upkeep\n|turn|15\n|\n|t:|1699820382\n|detailschange|p1a: Palafin|Palafin-Hero, F, shiny\n|switch|p1a: Urshifu|Urshifu-Rapid-Strike, M|100\/100\n|-activate|p2a: Charizard|confusion\n|move|p2a: Charizard|Outrage|p1a: Urshifu\n|-damage|p1a: Urshifu|12\/100\n|\n|upkeep\n|turn|16\n|\n|t:|1699820388\n|move|p1a: Urshifu|Close Combat|p2a: Charizard\n|-damage|p2a: Charizard|40\/100\n|-unboost|p1a: Urshifu|def|1\n|-unboost|p1a: Urshifu|spd|1\n|-activate|p2a: Charizard|confusion\n|-damage|p2a: Charizard|25\/100|[from] confusion\n|\n|upkeep\n|turn|17\n|\n|t:|1699820392\n|move|p1a: Urshifu|Close Combat|p2a: Charizard\n|-damage|p2a: Charizard|0 fnt\n|-unboost|p1a: Urshifu|def|1\n|-unboost|p1a: Urshifu|spd|1\n|faint|p2a: Charizard\n|\n|upkeep\n|\n|t:|1699820394\n|switch|p2a: Groudon|Groudon-Primal, shiny|64\/100 tox\n|-weather|DesolateLand|[from] ability: Desolate Land|[of] p2a: Groudon\n|turn|18\n|\n|t:|1699820398\n|move|p1a: Urshifu|Close Combat|p2a: Groudon\n|-damage|p2a: Groudon|25\/100 tox\n|-unboost|p1a: Urshifu|def|1\n|-unboost|p1a: Urshifu|spd|1\n|move|p2a: Groudon|Thunder Punch|p1a: Urshifu\n|-supereffective|p1a: Urshifu\n|-damage|p1a: Urshifu|0 fnt\n|faint|p1a: Urshifu\n|\n|-weather|DesolateLand|[upkeep]\n|-damage|p2a: Groudon|18\/100 tox|[from] psn\n|upkeep\n|\n|t:|1699820401\n|switch|p1a: Palafin|Palafin-Hero, F, shiny|76\/100\n|-activate|p1a: Palafin|ability: Zero to Hero\n|turn|19\n|\n|t:|1699820409\n|move|p1a: Palafin|Substitute|p1a: Palafin\n|-start|p1a: Palafin|Substitute\n|-damage|p1a: Palafin|51\/100\n|move|p2a: Groudon|Thunder Punch|p1a: Palafin\n|-supereffective|p1a: Palafin\n|-end|p1a: Palafin|Substitute\n|\n|-weather|DesolateLand|[upkeep]\n|-damage|p2a: Groudon|6\/100 tox|[from] psn\n|upkeep\n|turn|20\n|\n|t:|1699820412\n|move|p1a: Palafin|Substitute|p1a: Palafin\n|-start|p1a: Palafin|Substitute\n|-damage|p1a: Palafin|26\/100\n|move|p2a: Groudon|Thunder Punch|p1a: Palafin\n|-supereffective|p1a: Palafin\n|-end|p1a: Palafin|Substitute\n|\n|-weather|DesolateLand|[upkeep]\n|-damage|p2a: Groudon|0 fnt|[from] psn\n|faint|p2a: Groudon\n|-weather|none\n|\n|win|Gatita golosa 123\n|upkeep\n|c|\u2606Gatita golosa 123|Gg\n|l|\u2606DracoAxel\n|j| s.daninja\n","uploadtime":1699820429,"views":9,"p1id":"gatitagolosa123","p2id":"dracoaxel","formatid":"gen9nationaldexubers","rating":0,"private":0,"password":""}