{"id":"gen9nationaldexubers-1983218265","p1":"Bunnysai","p2":"The power of ROCK","format":"[Gen 9] National Dex Ubers","log":"|j|\u2606Bunnysai\n|j|\u2606The power of ROCK\n|t:|1699106608\n|gametype|singles\n|player|p1|Bunnysai|drayden|\n|player|p2|The power of ROCK|roark|\n|teamsize|p1|6\n|teamsize|p2|6\n|gen|9\n|tier|[Gen 9] National Dex Ubers\n|rated|Tournament battle\n|rule|HP Percentage Mod: HP is shown in percentages\n|rule|Endless Battle Clause: Forcing endless battles is banned\n|rule|OHKO Clause: OHKO moves are banned\n|rule|Evasion Moves Clause: Evasion moves are banned\n|rule|Evasion Items Clause: Evasion items are banned\n|rule|Species Clause: Limit one of each Pok\u00e9mon\n|rule|Sleep Clause Mod: Limit one foe put to sleep\n|rule|Mega Rayquaza Clause: You cannot mega evolve Rayquaza\n|clearpoke\n|poke|p1|Zygarde|\n|poke|p1|Groudon|\n|poke|p1|Zacian-*|\n|poke|p1|Arceus-Dark|\n|poke|p1|Beedrill, F|\n|poke|p1|Pikachu-Hoenn, M|\n|poke|p2|Tyranitar, F|\n|poke|p2|Garganacl, M|\n|poke|p2|Aggron, M|\n|poke|p2|Glimmora, F|\n|poke|p2|Cradily, F|\n|poke|p2|Probopass, L1, M|\n|teampreview\n|inactive|Battle timer is ON: inactive players will automatically lose when time's up. (requested by Bunnysai)\n|inactive|The power of ROCK has 120 seconds left.\n|\n|t:|1699106650\n|start\n|switch|p1a: Groudon|Groudon|100\/100\n|switch|p2a: Probopass|Probopass, L1, M|100\/100\n|detailschange|p1a: Groudon|Groudon-Primal\n|-primal|p1a: Groudon|Red Orb\n|-weather|DesolateLand|[from] ability: Desolate Land|[of] p1a: Groudon\n|turn|1\n|\n|t:|1699106658\n|move|p1a: Groudon|Stealth Rock|p2a: Probopass\n|-sidestart|p2: The power of ROCK|move: Stealth Rock\n|move|p2a: Probopass|Pain Split|p1a: Groudon\n|-sethp|p1a: Groudon|52\/100|[from] move: Pain Split|[silent]\n|-sethp|p2a: Probopass|100\/100|[from] move: Pain Split\n|\n|-weather|DesolateLand|[upkeep]\n|upkeep\n|turn|2\n|\n|t:|1699106661\n|move|p2a: Probopass|Pain Split|p1a: Groudon\n|-sethp|p1a: Groudon|28\/100|[from] move: Pain Split|[silent]\n|-sethp|p2a: Probopass|100\/100|[from] move: Pain Split\n|move|p1a: Groudon|Roar|p2a: Probopass\n|drag|p2a: Cradily|Cradily, F|100\/100\n|-damage|p2a: Cradily|88\/100|[from] Stealth Rock\n|\n|-weather|DesolateLand|[upkeep]\n|upkeep\n|turn|3\n|\n|t:|1699106668\n|move|p1a: Groudon|Toxic|p2a: Cradily\n|-status|p2a: Cradily|tox\n|move|p2a: Cradily|Leech Seed|p1a: Groudon\n|-start|p1a: Groudon|move: Leech Seed\n|\n|-weather|DesolateLand|[upkeep]\n|-damage|p1a: Groudon|15\/100|[from] Leech Seed|[of] p2a: Cradily\n|-heal|p2a: Cradily|100\/100 tox|[silent]\n|-damage|p2a: Cradily|94\/100 tox|[from] psn\n|upkeep\n|turn|4\n|\n|t:|1699106673\n|move|p2a: Cradily|Infestation|p1a: Groudon\n|-resisted|p1a: Groudon\n|-damage|p1a: Groudon|14\/100\n|-activate|p1a: Groudon|move: Infestation|[of] p2a: Cradily\n|move|p1a: Groudon|Roar|p2a: Cradily\n|drag|p2a: Garganacl|Garganacl, M|100\/100\n|-damage|p2a: Garganacl|88\/100|[from] Stealth Rock\n|\n|-weather|DesolateLand|[upkeep]\n|-damage|p1a: Groudon|2\/100|[from] Leech Seed|[of] p2a: Garganacl\n|-heal|p2a: Garganacl|100\/100|[silent]\n|-end|p1a: Groudon|Infestation|[partiallytrapped]|[silent]\n|upkeep\n|turn|5\n|\n|t:|1699106684\n|switch|p2a: Cradily|Cradily, F|94\/100 tox\n|-damage|p2a: Cradily|82\/100 tox|[from] Stealth Rock\n|move|p1a: Groudon|Precipice Blades|p2a: Cradily\n|-damage|p2a: Cradily|34\/100 tox\n|\n|-weather|DesolateLand|[upkeep]\n|-damage|p1a: Groudon|0 fnt|[from] Leech Seed|[of] p2a: Cradily\n|-heal|p2a: Cradily|35\/100 tox|[silent]\n|faint|p1a: Groudon\n|-weather|none\n|-damage|p2a: Cradily|29\/100 tox|[from] psn\n|upkeep\n|\n|t:|1699106697\n|switch|p1a: Arceus|Arceus-Dark|100\/100\n|turn|6\n|\n|t:|1699106699\n|move|p1a: Arceus|Judgment|p2a: Cradily\n|-damage|p2a: Cradily|0 fnt\n|faint|p2a: Cradily\n|\n|upkeep\n|\n|t:|1699106705\n|switch|p2a: Glimmora|Glimmora, F|100\/100\n|-damage|p2a: Glimmora|88\/100|[from] Stealth Rock\n|turn|7\n|\n|t:|1699106710\n|move|p2a: Glimmora|Mortal Spin|p1a: Arceus\n|-damage|p1a: Arceus|98\/100\n|-status|p1a: Arceus|psn\n|-sideend|p2: The power of ROCK|Stealth Rock|[from] move: Mortal Spin|[of] p2a: Glimmora\n|move|p1a: Arceus|Taunt|p2a: Glimmora\n|-start|p2a: Glimmora|move: Taunt\n|\n|-damage|p1a: Arceus|85\/100 psn|[from] psn\n|upkeep\n|turn|8\n|\n|t:|1699106719\n|switch|p2a: Tyranitar|Tyranitar, F|100\/100\n|-weather|Sandstorm|[from] ability: Sand Stream|[of] p2a: Tyranitar\n|move|p1a: Arceus|Judgment|p2a: Tyranitar\n|-resisted|p2a: Tyranitar\n|-damage|p2a: Tyranitar|94\/100\n|\n|-weather|Sandstorm|[upkeep]\n|-damage|p1a: Arceus|79\/100 psn|[from] Sandstorm\n|-damage|p1a: Arceus|66\/100 psn|[from] psn\n|upkeep\n|turn|9\n|\n|t:|1699106743\n|switch|p2a: Garganacl|Garganacl, M|100\/100\n|move|p1a: Arceus|Toxic|p2a: Garganacl\n|-immune|p2a: Garganacl|[from] ability: Purifying Salt\n|\n|-weather|Sandstorm|[upkeep]\n|-damage|p1a: Arceus|60\/100 psn|[from] Sandstorm\n|-damage|p1a: Arceus|48\/100 psn|[from] psn\n|upkeep\n|turn|10\n|\n|t:|1699106750\n|move|p1a: Arceus|Judgment|p2a: Garganacl\n|-damage|p2a: Garganacl|78\/100\n|-enditem|p2a: Garganacl|Maranga Berry|[eat]\n|-boost|p2a: Garganacl|spd|1|[from] item: Maranga Berry\n|move|p2a: Garganacl|Salt Cure|p1a: Arceus\n|-damage|p1a: Arceus|40\/100 psn\n|-start|p1a: Arceus|Salt Cure\n|\n|-weather|Sandstorm|[upkeep]\n|-damage|p1a: Arceus|34\/100 psn|[from] Sandstorm\n|-damage|p1a: Arceus|21\/100 psn|[from] psn\n|-damage|p1a: Arceus|9\/100 psn|[from] Salt Cure\n|upkeep\n|turn|11\n|\n|t:|1699106761\n|move|p1a: Arceus|Recover|p1a: Arceus\n|-heal|p1a: Arceus|59\/100 psn\n|move|p2a: Garganacl|Iron Defense|p2a: Garganacl\n|-boost|p2a: Garganacl|def|2\n|\n|-weather|Sandstorm|[upkeep]\n|-damage|p1a: Arceus|53\/100 psn|[from] Sandstorm\n|-damage|p1a: Arceus|40\/100 psn|[from] psn\n|-damage|p1a: Arceus|28\/100 psn|[from] Salt Cure\n|upkeep\n|turn|12\n|\n|t:|1699106767\n|move|p1a: Arceus|Judgment|p2a: Garganacl\n|-damage|p2a: Garganacl|65\/100\n|move|p2a: Garganacl|Body Press|p1a: Arceus\n|-supereffective|p1a: Arceus\n|-damage|p1a: Arceus|0 fnt\n|faint|p1a: Arceus\n|\n|-weather|none\n|upkeep\n|\n|t:|1699106771\n|switch|p1a: Pikachu|Pikachu-Hoenn, M|100\/100\n|turn|13\n|\n|t:|1699106781\n|-zpower|p1a: Pikachu\n|move|p1a: Pikachu|10,000,000 Volt Thunderbolt|p2a: Garganacl|[zeffect]\n|-crit|p2a: Garganacl\n|-damage|p2a: Garganacl|27\/100\n|move|p2a: Garganacl|Recover|p2a: Garganacl\n|-heal|p2a: Garganacl|77\/100\n|\n|upkeep\n|turn|14\n|\n|t:|1699106790\n|move|p1a: Pikachu|Surf|p2a: Garganacl\n|-supereffective|p2a: Garganacl\n|-damage|p2a: Garganacl|66\/100\n|move|p2a: Garganacl|Recover|p2a: Garganacl\n|-heal|p2a: Garganacl|100\/100\n|\n|upkeep\n|turn|15\n|\n|t:|1699106795\n|move|p1a: Pikachu|Thunderbolt|p2a: Garganacl\n|-damage|p2a: Garganacl|92\/100\n|move|p2a: Garganacl|Iron Defense|p2a: Garganacl\n|-boost|p2a: Garganacl|def|2\n|\n|upkeep\n|turn|16\n|\n|t:|1699106801\n|switch|p1a: Zygarde|Zygarde, shiny|100\/100\n|move|p2a: Garganacl|Iron Defense|p2a: Garganacl\n|-boost|p2a: Garganacl|def|2\n|\n|upkeep\n|turn|17\n|\n|t:|1699106807\n|move|p1a: Zygarde|Dragon Dance|p1a: Zygarde\n|-boost|p1a: Zygarde|atk|1\n|-boost|p1a: Zygarde|spe|1\n|move|p2a: Garganacl|Salt Cure|p1a: Zygarde\n|-resisted|p1a: Zygarde\n|-damage|p1a: Zygarde|96\/100\n|-start|p1a: Zygarde|Salt Cure\n|\n|-heal|p1a: Zygarde|100\/100|[from] item: Leftovers\n|-damage|p1a: Zygarde|88\/100|[from] Salt Cure\n|upkeep\n|turn|18\n|\n|t:|1699106811\n|move|p1a: Zygarde|Dragon Dance|p1a: Zygarde\n|-boost|p1a: Zygarde|atk|1\n|-boost|p1a: Zygarde|spe|1\n|move|p2a: Garganacl|Body Press|p1a: Zygarde\n|-damage|p1a: Zygarde|24\/100\n|\n|-heal|p1a: Zygarde|30\/100|[from] item: Leftovers\n|-damage|p1a: Zygarde|18\/100|[from] Salt Cure\n|-activate|p1a: Zygarde|ability: Power Construct\n|detailschange|p1a: Zygarde|Zygarde-Complete, shiny\n|-heal|p1a: Zygarde|48\/100|[silent]\n|upkeep\n|turn|19\n|\n|t:|1699106818\n|move|p1a: Zygarde|Dragon Dance|p1a: Zygarde\n|-boost|p1a: Zygarde|atk|1\n|-boost|p1a: Zygarde|spe|1\n|move|p2a: Garganacl|Body Press|p1a: Zygarde\n|-damage|p1a: Zygarde|10\/100\n|\n|-heal|p1a: Zygarde|17\/100|[from] item: Leftovers\n|-damage|p1a: Zygarde|4\/100|[from] Salt Cure\n|upkeep\n|turn|20\n|\n|t:|1699106847\n|move|p1a: Zygarde|Thousand Waves|p2a: Garganacl\n|-supereffective|p2a: Garganacl\n|-damage|p2a: Garganacl|53\/100\n|-activate|p2a: Garganacl|trapped\n|move|p2a: Garganacl|Body Press|p1a: Zygarde\n|-damage|p1a: Zygarde|0 fnt\n|faint|p1a: Zygarde\n|\n|upkeep\n|\n|t:|1699106852\n|switch|p1a: Zacian|Zacian-Crowned|100\/100\n|-ability|p1a: Zacian|Intrepid Sword|boost\n|-boost|p1a: Zacian|atk|1\n|turn|21\n|\n|t:|1699106857\n|-terastallize|p2a: Garganacl|Ghost\n|move|p1a: Zacian|Behemoth Blade|p2a: Garganacl\n|-damage|p2a: Garganacl|37\/100\n|move|p2a: Garganacl|Recover|p2a: Garganacl\n|-heal|p2a: Garganacl|87\/100\n|\n|upkeep\n|turn|22\n|\n|t:|1699106864\n|-terastallize|p1a: Zacian|Dark\n|move|p1a: Zacian|Crunch|p2a: Garganacl\n|-supereffective|p2a: Garganacl\n|-damage|p2a: Garganacl|65\/100\n|move|p2a: Garganacl|Salt Cure|p1a: Zacian\n|-damage|p1a: Zacian|88\/100\n|-start|p1a: Zacian|Salt Cure\n|\n|-damage|p1a: Zacian|76\/100|[from] Salt Cure\n|upkeep\n|turn|23\n|j| ndukfucklowladder\n|\n|t:|1699106873\n|move|p1a: Zacian|Swords Dance|p1a: Zacian\n|-boost|p1a: Zacian|atk|2\n|move|p2a: Garganacl|Recover|p2a: Garganacl\n|-heal|p2a: Garganacl|100\/100\n|\n|-damage|p1a: Zacian|64\/100|[from] Salt Cure\n|upkeep\n|turn|24\n|\n|t:|1699106875\n|move|p1a: Zacian|Crunch|p2a: Garganacl\n|-supereffective|p2a: Garganacl\n|-crit|p2a: Garganacl\n|-damage|p2a: Garganacl|0 fnt\n|faint|p2a: Garganacl\n|\n|-damage|p1a: Zacian|52\/100|[from] Salt Cure\n|upkeep\n|\n|t:|1699106879\n|switch|p2a: Aggron|Aggron, M|100\/100\n|turn|25\n|\n|t:|1699106885\n|switch|p1a: Pikachu|Pikachu-Hoenn, M|100\/100\n|detailschange|p2a: Aggron|Aggron-Mega, M\n|-mega|p2a: Aggron|Aggron|Aggronite\n|move|p2a: Aggron|Body Press|p1a: Pikachu\n|-damage|p1a: Pikachu|0 fnt\n|faint|p1a: Pikachu\n|\n|upkeep\n|\n|t:|1699106897\n|switch|p1a: Zacian|Zacian-Crowned, tera:Dark|52\/100\n|turn|26\n|\n|t:|1699106900\n|move|p1a: Zacian|Wild Charge|p2a: Aggron\n|-crit|p2a: Aggron\n|-damage|p2a: Aggron|78\/100\n|-damage|p1a: Zacian|46\/100|[from] Recoil\n|move|p2a: Aggron|Body Press|p1a: Zacian\n|-supereffective|p1a: Zacian\n|-damage|p1a: Zacian|0 fnt\n|faint|p1a: Zacian\n|\n|upkeep\n|\n|t:|1699106903\n|switch|p1a: Beedrill|Beedrill, F|100\/100\n|turn|27\n|\n|t:|1699106912\n|detailschange|p1a: Beedrill|Beedrill-Mega, F\n|-mega|p1a: Beedrill|Beedrill|Beedrillite\n|move|p1a: Beedrill|Brick Break|p2a: Aggron\n|-supereffective|p2a: Aggron\n|-damage|p2a: Aggron|62\/100\n|move|p2a: Aggron|Iron Defense|p2a: Aggron\n|-boost|p2a: Aggron|def|2\n|\n|upkeep\n|turn|28\n|\n|t:|1699106921\n|move|p1a: Beedrill|Knock Off|p2a: Aggron\n|-damage|p2a: Aggron|56\/100\n|move|p2a: Aggron|Body Press|p1a: Beedrill\n|-resisted|p1a: Beedrill\n|-crit|p1a: Beedrill\n|-damage|p1a: Beedrill|17\/100\n|\n|upkeep\n|turn|29\n|\n|t:|1699106930\n|move|p1a: Beedrill|Brick Break|p2a: Aggron\n|-supereffective|p2a: Aggron\n|-damage|p2a: Aggron|47\/100\n|move|p2a: Aggron|Body Press|p1a: Beedrill\n|-resisted|p1a: Beedrill\n|-damage|p1a: Beedrill|0 fnt\n|faint|p1a: Beedrill\n|\n|win|The power of ROCK\n|n|\u2606Bunnysai|bunnysai\n|n|\u2606The power of ROCK|thepowerofrock\n|n| ndukfucklowladder|ndukfucklowladder\n|l| ndukfucklowladder\n","uploadtime":1699106940,"views":7,"p1id":"bunnysai","p2id":"thepowerofrock","formatid":"gen9nationaldexubers","rating":0,"private":0,"password":""}