{"id":"gen9nationaldexubers-1990901796","p1":"swampertsfists","p2":"OdeioSenha","format":"[Gen 9] National Dex Ubers","log":"|j|\u2606swampertsfists\n|j|\u2606OdeioSenha\n|t:|1700013153\n|gametype|singles\n|player|p1|swampertsfists|benga|1091\n|player|p2|OdeioSenha|169|1095\n|teamsize|p1|6\n|teamsize|p2|6\n|gen|9\n|tier|[Gen 9] National Dex Ubers\n|rated|\n|rule|HP Percentage Mod: HP is shown in percentages\n|rule|Endless Battle Clause: Forcing endless battles is banned\n|rule|OHKO Clause: OHKO moves are banned\n|rule|Evasion Moves Clause: Evasion moves are banned\n|rule|Evasion Items Clause: Evasion items are banned\n|rule|Species Clause: Limit one of each Pok\u00e9mon\n|rule|Sleep Clause Mod: Limit one foe put to sleep\n|rule|Mega Rayquaza Clause: You cannot mega evolve Rayquaza\n|clearpoke\n|poke|p1|Kartana|\n|poke|p1|Swampert, M|\n|poke|p1|Groudon|\n|poke|p1|Marshadow|\n|poke|p1|Sableye, M|\n|poke|p1|Landorus-Therian, M|\n|poke|p2|Dragapult, F|\n|poke|p2|Darkrai|\n|poke|p2|Blissey, F|\n|poke|p2|Flutter Mane|\n|poke|p2|Arcanine-Hisui, F|\n|poke|p2|Cloyster, F|\n|teampreview\n|\n|t:|1700013158\n|start\n|switch|p1a: Kartana|Kartana|100\/100\n|switch|p2a: Flutter Mane|Flutter Mane|100\/100\n|-enditem|p2a: Flutter Mane|Booster Energy\n|-activate|p2a: Flutter Mane|ability: Protosynthesis|[fromitem]\n|-start|p2a: Flutter Mane|protosynthesisspe\n|turn|1\n|\n|t:|1700013179\n|move|p2a: Flutter Mane|Mystical Fire|p1a: Kartana\n|-supereffective|p1a: Kartana\n|-damage|p1a: Kartana|0 fnt\n|faint|p1a: Kartana\n|\n|upkeep\n|\n|t:|1700013182\n|switch|p1a: Sableye|Sableye, M, shiny|100\/100\n|turn|2\n|\n|t:|1700013186\n|move|p1a: Sableye|Toxic|p2a: Flutter Mane\n|-status|p2a: Flutter Mane|tox\n|move|p2a: Flutter Mane|Moonblast|p1a: Sableye\n|-supereffective|p1a: Sableye\n|-damage|p1a: Sableye|0 fnt\n|faint|p1a: Sableye\n|\n|-damage|p2a: Flutter Mane|95\/100 tox|[from] psn\n|upkeep\n|\n|t:|1700013203\n|switch|p1a: Marshadow|Marshadow|100\/100\n|turn|3\n|\n|t:|1700013216\n|move|p2a: Flutter Mane|Moonblast|p1a: Marshadow\n|-supereffective|p1a: Marshadow\n|-damage|p1a: Marshadow|0 fnt\n|faint|p1a: Marshadow\n|\n|-damage|p2a: Flutter Mane|83\/100 tox|[from] psn\n|upkeep\n|\n|t:|1700013222\n|switch|p1a: Groudon|Groudon, shiny|100\/100\n|detailschange|p1a: Groudon|Groudon-Primal, shiny\n|-primal|p1a: Groudon|Red Orb\n|-weather|DesolateLand|[from] ability: Desolate Land|[of] p1a: Groudon\n|turn|4\n|\n|t:|1700013230\n|move|p2a: Flutter Mane|Moonblast|p1a: Groudon\n|-resisted|p1a: Groudon\n|-damage|p1a: Groudon|72\/100\n|-unboost|p1a: Groudon|spa|1\n|move|p1a: Groudon|Rock Polish|p1a: Groudon\n|-boost|p1a: Groudon|spe|2\n|\n|-weather|DesolateLand|[upkeep]\n|-damage|p2a: Flutter Mane|65\/100 tox|[from] psn\n|upkeep\n|turn|5\n|\n|t:|1700013244\n|move|p2a: Flutter Mane|Moonblast|p1a: Groudon\n|-resisted|p1a: Groudon\n|-damage|p1a: Groudon|44\/100\n|move|p1a: Groudon|Precipice Blades|p2a: Flutter Mane\n|-damage|p2a: Flutter Mane|0 fnt\n|faint|p2a: Flutter Mane\n|-end|p2a: Flutter Mane|Protosynthesis|[silent]\n|\n|-weather|DesolateLand|[upkeep]\n|upkeep\n|\n|t:|1700013255\n|switch|p2a: Arcanine|Arcanine-Hisui, F|100\/100\n|-ability|p2a: Arcanine|Intimidate|boost\n|-unboost|p1a: Groudon|atk|1\n|turn|6\n|\n|t:|1700013267\n|-terastallize|p2a: Arcanine|Water\n|move|p2a: Arcanine|Extreme Speed|p1a: Groudon\n|-damage|p1a: Groudon|28\/100\n|move|p1a: Groudon|Precipice Blades|p2a: Arcanine\n|-damage|p2a: Arcanine|19\/100\n|-enditem|p2a: Arcanine|Salac Berry|[eat]\n|-boost|p2a: Arcanine|spe|1|[from] item: Salac Berry\n|\n|-weather|DesolateLand|[upkeep]\n|upkeep\n|turn|7\n|\n|t:|1700013279\n|move|p2a: Arcanine|Extreme Speed|p1a: Groudon\n|-damage|p1a: Groudon|12\/100\n|move|p1a: Groudon|Precipice Blades|p2a: Arcanine\n|-damage|p2a: Arcanine|0 fnt\n|faint|p2a: Arcanine\n|\n|-weather|DesolateLand|[upkeep]\n|upkeep\n|\n|t:|1700013287\n|switch|p2a: Cloyster|Cloyster, F|100\/100\n|turn|8\n|\n|t:|1700013304\n|move|p1a: Groudon|Precipice Blades|p2a: Cloyster\n|-damage|p2a: Cloyster|48\/100\n|move|p2a: Cloyster|Shell Smash|p2a: Cloyster\n|-unboost|p2a: Cloyster|def|1\n|-unboost|p2a: Cloyster|spd|1\n|-boost|p2a: Cloyster|atk|2\n|-boost|p2a: Cloyster|spa|2\n|-boost|p2a: Cloyster|spe|2\n|\n|-weather|DesolateLand|[upkeep]\n|upkeep\n|turn|9\n|\n|t:|1700013317\n|move|p2a: Cloyster|Ice Shard|p1a: Groudon\n|-damage|p1a: Groudon|0 fnt\n|faint|p1a: Groudon\n|-weather|none\n|\n|upkeep\n|\n|t:|1700013321\n|switch|p1a: Swampert|Swampert, M|100\/100\n|turn|10\n|\n|t:|1700013336\n|move|p2a: Cloyster|Icicle Spear|p1a: Swampert\n|-damage|p1a: Swampert|80\/100\n|-damage|p1a: Swampert|59\/100\n|-damage|p1a: Swampert|37\/100\n|-damage|p1a: Swampert|14\/100\n|-damage|p1a: Swampert|0 fnt\n|faint|p1a: Swampert\n|-hitcount|p1: Swampert|5\n|\n|upkeep\n|c|\u2606OdeioSenha|gg\n|\n|t:|1700013348\n|switch|p1a: Landorus|Landorus-Therian, M|100\/100\n|-ability|p1a: Landorus|Intimidate|boost\n|-unboost|p2a: Cloyster|atk|1\n|turn|11\n|\n|t:|1700013360\n|move|p2a: Cloyster|Icicle Spear|p1a: Landorus\n|-supereffective|p1a: Landorus\n|-damage|p1a: Landorus|20\/100\n|-supereffective|p1a: Landorus\n|-damage|p1a: Landorus|0 fnt\n|faint|p1a: Landorus\n|-hitcount|p1: Landorus|2\n|\n|win|OdeioSenha\n|raw|swampertsfists's rating: 1091 &rarr; <strong>1068<\/strong><br \/>(-23 for losing)\n|raw|OdeioSenha's rating: 1095 &rarr; <strong>1120<\/strong><br \/>(+25 for winning)\n|l|\u2606swampertsfists\n","uploadtime":1700013730,"views":7,"p1id":"swampertsfists","p2id":"odeiosenha","formatid":"gen9nationaldexubers","rating":1068,"private":0,"password":""}