{"id":"gen9nationaldexubers-1988659111","p1":"TheSnommunistParty","p2":"WesFromOaksLab","format":"[Gen 9] National Dex Ubers","log":"|j|\u2606TheSnommunistParty\n|j|\u2606WesFromOaksLab\n|t:|1699747270\n|gametype|singles\n|player|p1|TheSnommunistParty|sabrina|\n|player|p2|WesFromOaksLab|norman|\n|teamsize|p1|6\n|teamsize|p2|6\n|gen|9\n|tier|[Gen 9] National Dex Ubers\n|rule|HP Percentage Mod: HP is shown in percentages\n|rule|Endless Battle Clause: Forcing endless battles is banned\n|rule|OHKO Clause: OHKO moves are banned\n|rule|Evasion Moves Clause: Evasion moves are banned\n|rule|Evasion Items Clause: Evasion items are banned\n|rule|Species Clause: Limit one of each Pok\u00e9mon\n|rule|Sleep Clause Mod: Limit one foe put to sleep\n|rule|Mega Rayquaza Clause: You cannot mega evolve Rayquaza\n|clearpoke\n|poke|p1|Gholdengo|\n|poke|p1|Zoroark-Hisui, M|\n|poke|p1|Donphan, M|\n|poke|p1|Sinistcha|\n|poke|p1|Glimmora, F|\n|poke|p1|Clefable, F|\n|poke|p2|Tauros-Paldea-Blaze, M|\n|poke|p2|Dragonite, M|\n|poke|p2|Muk-Alola, M|\n|poke|p2|Gligar, M|\n|poke|p2|Magnezone|\n|poke|p2|Milotic, M|\n|teampreview\n|j| PorygonTheBot\n|c| PorygonTheBot|Porygon has digitized into the match... booting up... successfully calibrating stats!\n|\n|t:|1699747332\n|start\n|switch|p1a: DONPHAN!|Donphan, M|100\/100\n|switch|p2a: Gligar|Gligar, M|100\/100\n|turn|1\n|\n|t:|1699747339\n|move|p2a: Gligar|Knock Off|p1a: DONPHAN!\n|-damage|p1a: DONPHAN!|81\/100\n|-enditem|p1a: DONPHAN!|Assault Vest|[from] move: Knock Off|[of] p2a: Gligar\n|move|p1a: DONPHAN!|Ice Spinner|p2a: Gligar\n|-supereffective|p2a: Gligar\n|-damage|p2a: Gligar|31\/100\n|\n|upkeep\n|turn|2\n|\n|t:|1699747348\n|switch|p2a: Milotic|Milotic, M|100\/100\n|move|p1a: DONPHAN!|Ice Spinner|p2a: Milotic\n|-resisted|p2a: Milotic\n|-damage|p2a: Milotic|91\/100\n|\n|-heal|p2a: Milotic|97\/100|[from] item: Leftovers\n|upkeep\n|turn|3\n|\n|t:|1699747357\n|switch|p1a: Boba|Sinistcha|100\/100\n|move|p2a: Milotic|Scald|p1a: Boba\n|-resisted|p1a: Boba\n|-damage|p1a: Boba|84\/100\n|\n|-heal|p2a: Milotic|100\/100|[from] item: Leftovers\n|upkeep\n|turn|4\n|\n|t:|1699747366\n|switch|p2a: Muk|Muk-Alola, M|100\/100\n|move|p1a: Boba|Matcha Gotcha|p2a: Muk\n|-resisted|p2a: Muk\n|-damage|p2a: Muk|84\/100\n|-heal|p1a: Boba|94\/100|[from] drain|[of] p2a: Muk\n|-status|p2a: Muk|brn\n|\n|-damage|p2a: Muk|78\/100 brn|[from] brn\n|upkeep\n|turn|5\n|\n|t:|1699747405\n|switch|p1a: Why Is Glimmora?|Glimmora, F|100\/100\n|move|p2a: Muk|Knock Off|p1a: Why Is Glimmora?\n|-damage|p1a: Why Is Glimmora?|75\/100\n|-activate|p1a: Why Is Glimmora?|ability: Toxic Debris\n|-sidestart|p2: WesFromOaksLab|move: Toxic Spikes\n|-enditem|p1a: Why Is Glimmora?|Leftovers|[from] move: Knock Off|[of] p2a: Muk\n|\n|-damage|p2a: Muk|72\/100 brn|[from] brn\n|upkeep\n|turn|6\n|\n|t:|1699747423\n|switch|p2a: Gligar|Gligar, M|31\/100\n|move|p1a: Why Is Glimmora?|Stealth Rock|p2a: Gligar\n|-sidestart|p2: WesFromOaksLab|move: Stealth Rock\n|\n|upkeep\n|turn|7\n|\n|t:|1699747450\n|move|p1a: Why Is Glimmora?|Mortal Spin|p2a: Gligar\n|-resisted|p2a: Gligar\n|-crit|p2a: Gligar\n|-damage|p2a: Gligar|28\/100\n|move|p2a: Gligar|Roost|p2a: Gligar\n|-heal|p2a: Gligar|78\/100\n|-singleturn|p2a: Gligar|move: Roost\n|\n|upkeep\n|turn|8\n|\n|t:|1699747471\n|move|p1a: Why Is Glimmora?|Spiky Shield|p1a: Why Is Glimmora?\n|-singleturn|p1a: Why Is Glimmora?|move: Protect\n|move|p2a: Gligar|Earthquake|p1a: Why Is Glimmora?\n|-activate|p1a: Why Is Glimmora?|move: Protect\n|\n|upkeep\n|turn|9\n|\n|t:|1699747495\n|switch|p1a: Boba|Sinistcha|94\/100\n|move|p2a: Gligar|Defog|p1a: Boba\n|-unboost|p1a: Boba|evasion|1\n|-sideend|p2: WesFromOaksLab|Toxic Spikes|[from] move: Defog|[of] p2a: Gligar\n|-sideend|p2: WesFromOaksLab|Stealth Rock|[from] move: Defog|[of] p2a: Gligar\n|\n|upkeep\n|turn|10\n|\n|t:|1699747515\n|switch|p2a: Tauros|Tauros-Paldea-Blaze, M|100\/100\n|-ability|p2a: Tauros|Intimidate|boost\n|-unboost|p1a: Boba|atk|1\n|move|p1a: Boba|Night Shade|p2a: Tauros\n|-damage|p2a: Tauros|72\/100\n|\n|-heal|p2a: Tauros|78\/100|[from] item: Leftovers\n|upkeep\n|turn|11\n|\n|t:|1699747534\n|move|p2a: Tauros|Raging Bull|p1a: Boba\n|-supereffective|p1a: Boba\n|-damage|p1a: Boba|48\/100\n|move|p1a: Boba|Strength Sap|p2a: Tauros\n|-unboost|p2a: Tauros|atk|1\n|-heal|p1a: Boba|100\/100\n|\n|-heal|p2a: Tauros|85\/100|[from] item: Leftovers\n|upkeep\n|turn|12\n|\n|t:|1699747546\n|move|p2a: Tauros|Will-O-Wisp|p1a: Boba\n|-status|p1a: Boba|brn\n|move|p1a: Boba|Strength Sap|p2a: Tauros\n|-unboost|p2a: Tauros|atk|1\n|\n|-heal|p2a: Tauros|91\/100|[from] item: Leftovers\n|-damage|p1a: Boba|98\/100 brn|[from] brn\n|upkeep\n|turn|13\n|\n|t:|1699747564\n|switch|p2a: Milotic|Milotic, M|100\/100\n|move|p1a: Boba|Strength Sap|p2a: Milotic\n|-unboost|p2a: Milotic|atk|1\n|-ability|p2a: Milotic|Competitive|boost\n|-boost|p2a: Milotic|spa|2\n|-heal|p1a: Boba|100\/100 brn\n|\n|-damage|p1a: Boba|98\/100 brn|[from] brn\n|upkeep\n|turn|14\n|\n|t:|1699747575\n|move|p2a: Milotic|Ice Beam|p1a: Boba\n|-supereffective|p1a: Boba\n|-damage|p1a: Boba|5\/100 brn\n|move|p1a: Boba|Matcha Gotcha|p2a: Milotic\n|-supereffective|p2a: Milotic\n|-damage|p2a: Milotic|41\/100\n|-heal|p1a: Boba|38\/100 brn|[from] drain|[of] p2a: Milotic\n|\n|-heal|p2a: Milotic|47\/100|[from] item: Leftovers\n|-damage|p1a: Boba|35\/100 brn|[from] brn\n|upkeep\n|turn|15\n|\n|t:|1699747591\n|switch|p1a: Titania|Clefable, F|100\/100\n|move|p2a: Milotic|Ice Beam|p1a: Titania\n|-damage|p1a: Titania|75\/100\n|\n|-heal|p2a: Milotic|53\/100|[from] item: Leftovers\n|upkeep\n|turn|16\n|\n|t:|1699747615\n|switch|p2a: Muk|Muk-Alola, M|72\/100 brn\n|move|p1a: Titania|Thunder|p2a: Muk|[miss]\n|-miss|p1a: Titania|p2a: Muk\n|\n|-damage|p2a: Muk|66\/100 brn|[from] brn\n|upkeep\n|turn|17\n|\n|t:|1699747634\n|switch|p1a: Sting Cheese|Gholdengo|100\/100\n|move|p2a: Muk|Knock Off|p1a: Sting Cheese\n|-supereffective|p1a: Sting Cheese\n|-crit|p1a: Sting Cheese\n|-damage|p1a: Sting Cheese|53\/100\n|-enditem|p1a: Sting Cheese|Leftovers|[from] move: Knock Off|[of] p2a: Muk\n|\n|-damage|p2a: Muk|60\/100 brn|[from] brn\n|upkeep\n|turn|18\n|\n|t:|1699747679\n|switch|p1a: DONPHAN!|Donphan, M|81\/100\n|switch|p2a: Magnezone|Magnezone, shiny|100\/100\n|\n|upkeep\n|turn|19\n|\n|t:|1699747691\n|-terastallize|p2a: Magnezone|Grass\n|move|p2a: Magnezone|Tera Blast|p1a: DONPHAN!|[anim] Tera Blast Grass\n|-supereffective|p1a: DONPHAN!\n|-damage|p1a: DONPHAN!|0 fnt\n|faint|p1a: DONPHAN!\n|\n|upkeep\n|\n|t:|1699747707\n|switch|p1a: Boba|Sinistcha|100\/100\n|turn|20\n|\n|t:|1699747730\n|switch|p2a: Muk|Muk-Alola, M|60\/100 brn\n|move|p1a: Boba|Icy Wind|p2a: Muk\n|-crit|p2a: Muk\n|-damage|p2a: Muk|38\/100 brn\n|-unboost|p2a: Muk|spe|1\n|-enditem|p2a: Muk|Aguav Berry|[eat]\n|-heal|p2a: Muk|72\/100 brn|[from] item: Aguav Berry\n|\n|-damage|p2a: Muk|66\/100 brn|[from] brn\n|upkeep\n|turn|21\n|\n|t:|1699747771\n|move|p1a: Boba|Nasty Plot|p1a: Boba\n|-boost|p1a: Boba|spa|2\n|move|p2a: Muk|Recycle|p2a: Muk\n|-item|p2a: Muk|Aguav Berry|[from] move: Recycle\n|\n|-damage|p2a: Muk|60\/100 brn|[from] brn\n|upkeep\n|turn|22\n|\n|t:|1699747780\n|move|p1a: Boba|Icy Wind|p2a: Muk\n|-damage|p2a: Muk|28\/100 brn\n|-unboost|p2a: Muk|spe|1\n|-enditem|p2a: Muk|Aguav Berry|[eat]\n|-heal|p2a: Muk|61\/100 brn|[from] item: Aguav Berry\n|move|p2a: Muk|Knock Off|p1a: Boba\n|-supereffective|p1a: Boba\n|-damage|p1a: Boba|7\/100\n|replace|p1a: Not a Phase MOM!|Zoroark-Hisui, M, shiny\n|-end|p1a: Not a Phase MOM!|Illusion\n|-enditem|p1a: Not a Phase MOM!|Focus Sash|[from] move: Knock Off|[of] p2a: Muk\n|\n|-damage|p2a: Muk|55\/100 brn|[from] brn\n|upkeep\n|turn|23\n|\n|t:|1699747819\n|move|p1a: Not a Phase MOM!|Icy Wind|p2a: Muk\n|-damage|p2a: Muk|26\/100 brn\n|-unboost|p2a: Muk|spe|1\n|move|p2a: Muk|Knock Off|p1a: Not a Phase MOM!\n|-supereffective|p1a: Not a Phase MOM!\n|-damage|p1a: Not a Phase MOM!|0 fnt\n|faint|p1a: Not a Phase MOM!\n|\n|-damage|p2a: Muk|20\/100 brn|[from] brn\n|upkeep\n|\n|t:|1699747846\n|switch|p1a: Titania|Clefable, F|75\/100\n|turn|24\n|\n|t:|1699747857\n|move|p1a: Titania|Moonblast|p2a: Muk\n|-damage|p2a: Muk|0 fnt\n|faint|p2a: Muk\n|\n|upkeep\n|\n|t:|1699747875\n|switch|p2a: Tauros|Tauros-Paldea-Blaze, M|91\/100\n|-ability|p2a: Tauros|Intimidate|boost\n|-unboost|p1a: Titania|atk|1\n|turn|25\n|\n|t:|1699747894\n|move|p2a: Tauros|Iron Head|p1a: Titania\n|-supereffective|p1a: Titania\n|-damage|p1a: Titania|19\/100\n|move|p1a: Titania|Wish|p1a: Titania\n|\n|-heal|p2a: Tauros|97\/100|[from] item: Leftovers\n|upkeep\n|turn|26\n|\n|t:|1699747917\n|switch|p1a: Sting Cheese|Gholdengo|53\/100\n|move|p2a: Tauros|Iron Head|p1a: Sting Cheese\n|-resisted|p1a: Sting Cheese\n|-damage|p1a: Sting Cheese|43\/100\n|\n|-heal|p1a: Sting Cheese|95\/100|[from] move: Wish|[wisher] Titania\n|-heal|p2a: Tauros|100\/100|[from] item: Leftovers\n|upkeep\n|turn|27\n|\n|t:|1699747929\n|move|p2a: Tauros|Raging Bull|p1a: Sting Cheese\n|-supereffective|p1a: Sting Cheese\n|-damage|p1a: Sting Cheese|37\/100\n|move|p1a: Sting Cheese|Thunder Wave|p2a: Tauros|[miss]\n|-miss|p1a: Sting Cheese|p2a: Tauros\n|\n|upkeep\n|turn|28\n|\n|t:|1699747955\n|move|p2a: Tauros|Raging Bull|p1a: Sting Cheese\n|-supereffective|p1a: Sting Cheese\n|-damage|p1a: Sting Cheese|0 fnt\n|faint|p1a: Sting Cheese\n|\n|upkeep\n|\n|t:|1699747963\n|switch|p1a: Why Is Glimmora?|Glimmora, F|75\/100\n|turn|29\n|\n|t:|1699747968\n|move|p1a: Why Is Glimmora?|Spiky Shield|p1a: Why Is Glimmora?\n|-singleturn|p1a: Why Is Glimmora?|move: Protect\n|move|p2a: Tauros|Earthquake|p1a: Why Is Glimmora?\n|-activate|p1a: Why Is Glimmora?|move: Protect\n|\n|upkeep\n|turn|30\n|\n|t:|1699747984\n|move|p1a: Why Is Glimmora?|Mortal Spin|p2a: Tauros\n|-damage|p2a: Tauros|95\/100\n|-status|p2a: Tauros|psn\n|move|p2a: Tauros|Earthquake|p1a: Why Is Glimmora?\n|-supereffective|p1a: Why Is Glimmora?\n|-damage|p1a: Why Is Glimmora?|0 fnt\n|-activate|p1a: Why Is Glimmora?|ability: Toxic Debris\n|-sidestart|p2: WesFromOaksLab|move: Toxic Spikes\n|faint|p1a: Why Is Glimmora?\n|\n|-heal|p2a: Tauros|100\/100 psn|[from] item: Leftovers\n|-damage|p2a: Tauros|88\/100 psn|[from] psn\n|upkeep\n|\n|t:|1699748004\n|switch|p1a: Boba|Sinistcha|35\/100 brn\n|turn|31\n|\n|t:|1699748016\n|move|p2a: Tauros|Raging Bull|p1a: Boba\n|-supereffective|p1a: Boba\n|-damage|p1a: Boba|0 fnt\n|faint|p1a: Boba\n|\n|-heal|p2a: Tauros|94\/100 psn|[from] item: Leftovers\n|-damage|p2a: Tauros|82\/100 psn|[from] psn\n|upkeep\n|\n|t:|1699748024\n|switch|p1a: Titania|Clefable, F|19\/100\n|turn|32\n|\n|t:|1699748027\n|move|p2a: Tauros|Iron Head|p1a: Titania\n|-supereffective|p1a: Titania\n|-damage|p1a: Titania|0 fnt\n|faint|p1a: Titania\n|\n|win|WesFromOaksLab\n","uploadtime":1699748028,"views":53,"p1id":"thesnommunistparty","p2id":"wesfromoakslab","formatid":"gen9nationaldexubers","rating":0,"private":0,"password":null}