{"id":"gen9nationaldexubers-1987422105","p1":"Red_Gremory","p2":"0huhuhu","format":"[Gen 9] National Dex Ubers","log":"|j|\u2606Red_Gremory\n|j|\u26060huhuhu\n|t:|1699589281\n|gametype|singles\n|player|p1|Red_Gremory|red|1067\n|player|p2|0huhuhu|170|1000\n|teamsize|p1|6\n|teamsize|p2|6\n|gen|9\n|tier|[Gen 9] National Dex Ubers\n|rated|\n|rule|HP Percentage Mod: HP is shown in percentages\n|rule|Endless Battle Clause: Forcing endless battles is banned\n|rule|OHKO Clause: OHKO moves are banned\n|rule|Evasion Moves Clause: Evasion moves are banned\n|rule|Evasion Items Clause: Evasion items are banned\n|rule|Species Clause: Limit one of each Pok\u00e9mon\n|rule|Sleep Clause Mod: Limit one foe put to sleep\n|rule|Mega Rayquaza Clause: You cannot mega evolve Rayquaza\n|clearpoke\n|poke|p1|Tyranitar, M|\n|poke|p1|Stakataka|\n|poke|p1|Groudon|\n|poke|p1|Salamence, F|\n|poke|p1|Arceus-Dark|\n|poke|p1|Ursaluna-Bloodmoon, M|\n|poke|p2|Groudon|\n|poke|p2|Arceus|\n|poke|p2|Yveltal|\n|poke|p2|Kingambit, M|\n|poke|p2|Giratina|\n|poke|p2|Zygarde|\n|teampreview\n|inactive|Battle timer is ON: inactive players will automatically lose when time's up. (requested by 0huhuhu)\n|\n|t:|1699589297\n|start\n|switch|p1a: Tyranitar|Tyranitar, M|100\/100\n|switch|p2a: Groudon|Groudon|100\/100\n|-weather|Sandstorm|[from] ability: Sand Stream|[of] p1a: Tyranitar\n|detailschange|p2a: Groudon|Groudon-Primal\n|-primal|p2a: Groudon|Red Orb\n|-weather|DesolateLand|[from] ability: Desolate Land|[of] p2a: Groudon\n|turn|1\n|\n|t:|1699589308\n|move|p2a: Groudon|Precipice Blades|p1a: Tyranitar\n|-supereffective|p1a: Tyranitar\n|-damage|p1a: Tyranitar|0 fnt\n|faint|p1a: Tyranitar\n|\n|-weather|DesolateLand|[upkeep]\n|upkeep\n|\n|t:|1699589320\n|switch|p1a: Stakataka|Stakataka|100\/100\n|turn|2\n|\n|t:|1699589337\n|move|p2a: Groudon|Stone Edge|p1a: Stakataka\n|-resisted|p1a: Stakataka\n|-damage|p1a: Stakataka|88\/100\n|move|p1a: Stakataka|Trick Room|p1a: Stakataka\n|-fieldstart|move: Trick Room|[of] p1a: Stakataka\n|\n|-weather|DesolateLand|[upkeep]\n|upkeep\n|turn|3\n|\n|t:|1699589344\n|move|p1a: Stakataka|Earthquake|p2a: Groudon\n|-supereffective|p2a: Groudon\n|-damage|p2a: Groudon|56\/100\n|move|p2a: Groudon|Precipice Blades|p1a: Stakataka|[miss]\n|-miss|p2a: Groudon|p1a: Stakataka\n|\n|-weather|DesolateLand|[upkeep]\n|upkeep\n|turn|4\n|\n|t:|1699589350\n|move|p1a: Stakataka|Earthquake|p2a: Groudon\n|-supereffective|p2a: Groudon\n|-damage|p2a: Groudon|12\/100\n|move|p2a: Groudon|Precipice Blades|p1a: Stakataka\n|-supereffective|p1a: Stakataka\n|-damage|p1a: Stakataka|0 fnt\n|faint|p1a: Stakataka\n|\n|-weather|DesolateLand|[upkeep]\n|upkeep\n|\n|t:|1699589358\n|switch|p1a: Ursaluna|Ursaluna-Bloodmoon, M|100\/100\n|turn|5\n|\n|t:|1699589367\n|-weather|none\n|switch|p2a: Giratina|Giratina|100\/100\n|-ability|p2a: Giratina|Pressure\n|move|p1a: Ursaluna|Earth Power|p2a: Giratina\n|-damage|p2a: Giratina|65\/100\n|\n|-heal|p2a: Giratina|71\/100|[from] item: Leftovers\n|upkeep\n|turn|6\n|\n|t:|1699589381\n|-terastallize|p1a: Ursaluna|Ground\n|move|p2a: Giratina|Protect|p2a: Giratina\n|-singleturn|p2a: Giratina|Protect\n|move|p1a: Ursaluna|Earth Power|p2a: Giratina\n|-activate|p2a: Giratina|move: Protect\n|\n|-heal|p2a: Giratina|77\/100|[from] item: Leftovers\n|-fieldend|move: Trick Room\n|upkeep\n|turn|7\n|\n|t:|1699589391\n|move|p2a: Giratina|Toxic|p1a: Ursaluna\n|-status|p1a: Ursaluna|tox\n|move|p1a: Ursaluna|Earth Power|p2a: Giratina\n|-damage|p2a: Giratina|32\/100\n|\n|-heal|p2a: Giratina|39\/100|[from] item: Leftovers\n|-damage|p1a: Ursaluna|94\/100 tox|[from] psn\n|upkeep\n|turn|8\n|\n|t:|1699589401\n|switch|p1a: Groudon|Groudon|100\/100\n|detailschange|p1a: Groudon|Groudon-Primal\n|-primal|p1a: Groudon|Red Orb\n|-weather|DesolateLand|[from] ability: Desolate Land|[of] p1a: Groudon\n|move|p2a: Giratina|Protect||[still]\n|-fail|p2a: Giratina\n|\n|-weather|DesolateLand|[upkeep]\n|-heal|p2a: Giratina|45\/100|[from] item: Leftovers\n|upkeep\n|turn|9\n|\n|t:|1699589411\n|move|p2a: Giratina|Protect|p2a: Giratina\n|-singleturn|p2a: Giratina|Protect\n|move|p1a: Groudon|Bulk Up|p1a: Groudon\n|-boost|p1a: Groudon|atk|1\n|-boost|p1a: Groudon|def|1\n|\n|-weather|DesolateLand|[upkeep]\n|-heal|p2a: Giratina|51\/100|[from] item: Leftovers\n|upkeep\n|turn|10\n|\n|t:|1699589419\n|move|p2a: Giratina|Toxic|p1a: Groudon\n|-status|p1a: Groudon|tox\n|move|p1a: Groudon|Dragon Claw|p2a: Giratina\n|-supereffective|p2a: Giratina\n|-damage|p2a: Giratina|0 fnt\n|faint|p2a: Giratina\n|\n|-weather|DesolateLand|[upkeep]\n|-damage|p1a: Groudon|94\/100 tox|[from] psn\n|upkeep\n|\n|t:|1699589448\n|switch|p2a: Arceus|Arceus|100\/100\n|turn|11\n|\n|t:|1699589453\n|move|p2a: Arceus|Substitute|p2a: Arceus\n|-start|p2a: Arceus|Substitute\n|-damage|p2a: Arceus|76\/100\n|move|p1a: Groudon|Fire Punch|p2a: Arceus\n|-crit|p2a: Arceus\n|-end|p2a: Arceus|Substitute\n|\n|-weather|DesolateLand|[upkeep]\n|-heal|p2a: Arceus|82\/100|[from] item: Leftovers\n|-damage|p1a: Groudon|82\/100 tox|[from] psn\n|upkeep\n|turn|12\n|\n|t:|1699589469\n|switch|p2a: Zygarde|Zygarde|100\/100\n|move|p1a: Groudon|Fire Punch|p2a: Zygarde\n|-resisted|p2a: Zygarde\n|-damage|p2a: Zygarde|54\/100\n|\n|-weather|DesolateLand|[upkeep]\n|-heal|p2a: Zygarde|60\/100|[from] item: Leftovers\n|-damage|p1a: Groudon|63\/100 tox|[from] psn\n|upkeep\n|turn|13\n|\n|t:|1699589478\n|move|p2a: Zygarde|Substitute|p2a: Zygarde\n|-start|p2a: Zygarde|Substitute\n|-damage|p2a: Zygarde|35\/100\n|move|p1a: Groudon|Dragon Claw|p2a: Zygarde\n|-supereffective|p2a: Zygarde\n|-end|p2a: Zygarde|Substitute\n|\n|-weather|DesolateLand|[upkeep]\n|-heal|p2a: Zygarde|42\/100|[from] item: Leftovers\n|-damage|p1a: Groudon|39\/100 tox|[from] psn\n|-activate|p2a: Zygarde|ability: Power Construct\n|detailschange|p2a: Zygarde|Zygarde-Complete\n|-heal|p2a: Zygarde|62\/100|[silent]\n|upkeep\n|turn|14\n|\n|t:|1699589497\n|move|p2a: Zygarde|Substitute|p2a: Zygarde\n|-start|p2a: Zygarde|Substitute\n|-damage|p2a: Zygarde|37\/100\n|move|p1a: Groudon|Dragon Claw|p2a: Zygarde\n|-supereffective|p2a: Zygarde\n|-end|p2a: Zygarde|Substitute\n|\n|-weather|DesolateLand|[upkeep]\n|-heal|p2a: Zygarde|43\/100|[from] item: Leftovers\n|-damage|p1a: Groudon|8\/100 tox|[from] psn\n|upkeep\n|turn|15\n|\n|t:|1699589506\n|-weather|none\n|switch|p1a: Salamence|Salamence, F|100\/100\n|-ability|p1a: Salamence|Intimidate|boost\n|-unboost|p2a: Zygarde|atk|1\n|move|p2a: Zygarde|Thousand Arrows|p1a: Salamence\n|-damage|p1a: Salamence|77\/100\n|-start|p1a: Salamence|Smack Down\n|\n|-heal|p2a: Zygarde|49\/100|[from] item: Leftovers\n|upkeep\n|turn|16\n|\n|t:|1699589518\n|switch|p2a: Yveltal|Yveltal|100\/100\n|-ability|p2a: Yveltal|Dark Aura\n|detailschange|p1a: Salamence|Salamence-Mega, F\n|-mega|p1a: Salamence|Salamence|Salamencite\n|move|p1a: Salamence|Dragon Dance|p1a: Salamence\n|-boost|p1a: Salamence|atk|1\n|-boost|p1a: Salamence|spe|1\n|\n|upkeep\n|turn|17\n|\n|t:|1699589529\n|move|p1a: Salamence|Body Slam|p2a: Yveltal\n|-damage|p2a: Yveltal|20\/100\n|move|p2a: Yveltal|Foul Play|p1a: Salamence\n|-damage|p1a: Salamence|0 fnt\n|faint|p1a: Salamence\n|\n|upkeep\n|\n|t:|1699589538\n|switch|p1a: Arceus|Arceus-Dark|100\/100\n|turn|18\n|\n|t:|1699589549\n|switch|p2a: Groudon|Groudon-Primal|12\/100\n|-weather|DesolateLand|[from] ability: Desolate Land|[of] p2a: Groudon\n|move|p1a: Arceus|Toxic|p2a: Groudon\n|-status|p2a: Groudon|tox\n|\n|-weather|DesolateLand|[upkeep]\n|-damage|p2a: Groudon|6\/100 tox|[from] psn\n|upkeep\n|turn|19\n|\n|t:|1699589562\n|move|p1a: Arceus|Dark Pulse|p2a: Groudon\n|-damage|p2a: Groudon|0 fnt\n|faint|p2a: Groudon\n|-weather|none\n|\n|upkeep\n|\n|t:|1699589571\n|switch|p2a: Yveltal|Yveltal|20\/100\n|-ability|p2a: Yveltal|Dark Aura\n|turn|20\n|\n|t:|1699589576\n|move|p1a: Arceus|Toxic|p2a: Yveltal\n|-status|p2a: Yveltal|tox\n|move|p2a: Yveltal|Oblivion Wing|p1a: Arceus\n|-damage|p1a: Arceus|76\/100\n|-heal|p2a: Yveltal|39\/100 tox|[from] drain|[of] p1a: Arceus\n|\n|-damage|p2a: Yveltal|32\/100 tox|[from] psn\n|upkeep\n|turn|21\n|\n|t:|1699589592\n|move|p1a: Arceus|Dark Pulse|p2a: Yveltal\n|-resisted|p2a: Yveltal\n|-damage|p2a: Yveltal|22\/100 tox\n|move|p2a: Yveltal|Oblivion Wing|p1a: Arceus\n|-damage|p1a: Arceus|53\/100\n|-heal|p2a: Yveltal|40\/100 tox|[from] drain|[of] p1a: Arceus\n|\n|-damage|p2a: Yveltal|28\/100 tox|[from] psn\n|upkeep\n|turn|22\n|\n|t:|1699589603\n|move|p1a: Arceus|Recover|p1a: Arceus\n|-heal|p1a: Arceus|100\/100\n|move|p2a: Yveltal|Oblivion Wing|p1a: Arceus\n|-damage|p1a: Arceus|76\/100\n|-heal|p2a: Yveltal|46\/100 tox|[from] drain|[of] p1a: Arceus\n|\n|-damage|p2a: Yveltal|28\/100 tox|[from] psn\n|upkeep\n|turn|23\n|\n|t:|1699589615\n|switch|p1a: Ursaluna|Ursaluna-Bloodmoon, M, tera:Ground|94\/100 tox\n|move|p2a: Yveltal|U-turn|p1a: Ursaluna\n|-damage|p1a: Ursaluna|82\/100 tox\n|\n|t:|1699589625\n|switch|p2a: Zygarde|Zygarde-Complete|49\/100|[from] U-turn\n|\n|-heal|p2a: Zygarde|55\/100|[from] item: Leftovers\n|-damage|p1a: Ursaluna|76\/100 tox|[from] psn\n|upkeep\n|turn|24\n|\n|t:|1699589635\n|move|p2a: Zygarde|Substitute|p2a: Zygarde\n|-start|p2a: Zygarde|Substitute\n|-damage|p2a: Zygarde|30\/100\n|move|p1a: Ursaluna|Moonblast|p2a: Zygarde\n|-supereffective|p2a: Zygarde\n|-end|p2a: Zygarde|Substitute\n|\n|-heal|p2a: Zygarde|36\/100|[from] item: Leftovers\n|-damage|p1a: Ursaluna|64\/100 tox|[from] psn\n|upkeep\n|turn|25\n|\n|t:|1699589649\n|switch|p2a: Arceus|Arceus|82\/100\n|move|p1a: Ursaluna|Moonblast|p2a: Arceus\n|-damage|p2a: Arceus|38\/100\n|\n|-heal|p2a: Arceus|44\/100|[from] item: Leftovers\n|-damage|p1a: Ursaluna|46\/100 tox|[from] psn\n|upkeep\n|turn|26\n|\n|t:|1699589664\n|switch|p1a: Groudon|Groudon-Primal|8\/100 tox\n|-weather|DesolateLand|[from] ability: Desolate Land|[of] p1a: Groudon\n|-terastallize|p2a: Arceus|Normal\n|move|p2a: Arceus|Extreme Speed|p1a: Groudon\n|-damage|p1a: Groudon|0 fnt\n|faint|p1a: Groudon\n|-weather|none\n|\n|-heal|p2a: Arceus|50\/100|[from] item: Leftovers\n|upkeep\n|\n|t:|1699589675\n|switch|p1a: Ursaluna|Ursaluna-Bloodmoon, M, tera:Ground|46\/100 tox\n|turn|27\n|\n|t:|1699589680\n|move|p2a: Arceus|Substitute|p2a: Arceus\n|-start|p2a: Arceus|Substitute\n|-damage|p2a: Arceus|25\/100\n|move|p1a: Ursaluna|Blood Moon|p2a: Arceus\n|-end|p2a: Arceus|Substitute\n|\n|-heal|p2a: Arceus|31\/100|[from] item: Leftovers\n|-damage|p1a: Ursaluna|40\/100 tox|[from] psn\n|upkeep\n|turn|28\n|\n|t:|1699589689\n|move|p2a: Arceus|Swords Dance|p2a: Arceus\n|-boost|p2a: Arceus|atk|2\n|-activate|p1a: Ursaluna|move: Struggle\n|move|p1a: Ursaluna|Struggle|p2a: Arceus\n|-damage|p2a: Arceus|27\/100\n|-damage|p1a: Ursaluna|14\/100 tox|[from] recoil\n|\n|-heal|p2a: Arceus|33\/100|[from] item: Leftovers\n|-damage|p1a: Ursaluna|2\/100 tox|[from] psn\n|upkeep\n|turn|29\n|-message|Red_Gremory forfeited.\n|\n|win|0huhuhu\n|raw|Red_Gremory's rating: 1067 &rarr; <strong>1043<\/strong><br \/>(-24 for losing)\n|raw|0huhuhu's rating: 1000 &rarr; <strong>1048<\/strong><br \/>(+48 for winning)\n|l|\u2606Red_Gremory\n|l|\u26060huhuhu\n|j|\u26060huhuhu\n|player|p2|0huhuhu|170\n","uploadtime":1699589828,"views":7,"p1id":"redgremory","p2id":"0huhuhu","formatid":"gen9nationaldexubers","rating":1043,"private":0,"password":""}