{"id":"gen9nationaldexubers-1994512636","p1":"king schmuck","p2":"MisterGreenz","format":"[Gen 9] National Dex Ubers","log":"|j|\u2606king schmuck\n|j|\u2606MisterGreenz\n|t:|1700452843\n|gametype|singles\n|player|p1|king schmuck|biker|\n|player|p2|MisterGreenz|2|\n|teamsize|p1|6\n|teamsize|p2|6\n|gen|9\n|tier|[Gen 9] National Dex Ubers\n|rule|HP Percentage Mod: HP is shown in percentages\n|rule|Endless Battle Clause: Forcing endless battles is banned\n|rule|OHKO Clause: OHKO moves are banned\n|rule|Evasion Moves Clause: Evasion moves are banned\n|rule|Evasion Items Clause: Evasion items are banned\n|rule|Species Clause: Limit one of each Pok\u00e9mon\n|rule|Sleep Clause Mod: Limit one foe put to sleep\n|rule|Mega Rayquaza Clause: You cannot mega evolve Rayquaza\n|clearpoke\n|poke|p1|Tapu Lele|\n|poke|p1|Charizard, M|\n|poke|p1|Heliolisk, F|\n|poke|p1|Roaring Moon|\n|poke|p1|Bronzong|\n|poke|p1|Mamoswine, F|\n|poke|p2|Clefable, M|\n|poke|p2|Porygon-Z|\n|poke|p2|Terrakion|\n|poke|p2|Pinsir, F|\n|poke|p2|Victini|\n|poke|p2|Volcanion|\n|teampreview\n|j| Hotpepper22\n|c|\u2606MisterGreenz|rdy?\n|j| foofoo1\n|c|\u2606king schmuck|yea im ready\n|\n|t:|1700452927\n|start\n|switch|p1a: THE LAST CHARIZARD|Charizard, M|100\/100\n|switch|p2a: Volcanion|Volcanion|100\/100\n|turn|1\n|j| Slumpyboocus\n|c|\u2606king schmuck|!weak volcanion\n|c| king schmuck|\/raw <div class=\"infobox\">Volcanion (ignoring abilities):<br \/><span class=\"message-effect-weak\">Weaknesses<\/span>: Electric, Ground, Rock<br \/><span class=\"message-effect-resist\">Resistances<\/span>: Bug, Fairy, <b>Fire<\/b>, <b>Ice<\/b>, <b>Steel<\/b><br \/><span class=\"message-effect-immune\">Immunities<\/span>: Burn<\/div>\n|\n|t:|1700452976\n|detailschange|p1a: THE LAST CHARIZARD|Charizard-Mega-Y, M\n|-mega|p1a: THE LAST CHARIZARD|Charizard|Charizardite Y\n|-weather|SunnyDay|[from] ability: Drought|[of] p1a: THE LAST CHARIZARD\n|move|p1a: THE LAST CHARIZARD|Earthquake|p2a: Volcanion\n|-supereffective|p2a: Volcanion\n|-damage|p2a: Volcanion|58\/100\n|move|p2a: Volcanion|Steam Eruption|p1a: THE LAST CHARIZARD\n|-supereffective|p1a: THE LAST CHARIZARD\n|-damage|p1a: THE LAST CHARIZARD|47\/100\n|\n|-weather|SunnyDay|[upkeep]\n|-heal|p2a: Volcanion|64\/100|[from] item: Leftovers\n|upkeep\n|turn|2\n|\n|t:|1700453003\n|switch|p1a: BARRACK OBAMA|Heliolisk, F, shiny|100\/100\n|move|p2a: Volcanion|Steam Eruption|p1a: BARRACK OBAMA\n|-damage|p1a: BARRACK OBAMA|58\/100\n|-status|p1a: BARRACK OBAMA|brn\n|\n|-weather|SunnyDay|[upkeep]\n|-damage|p1a: BARRACK OBAMA|46\/100 brn|[from] ability: Solar Power|[of] p1a: BARRACK OBAMA\n|-heal|p2a: Volcanion|70\/100|[from] item: Leftovers\n|-damage|p1a: BARRACK OBAMA|40\/100 brn|[from] brn\n|upkeep\n|turn|3\n|\n|t:|1700453027\n|move|p1a: BARRACK OBAMA|Volt Switch|p2a: Volcanion\n|-supereffective|p2a: Volcanion\n|-damage|p2a: Volcanion|0 fnt\n|faint|p2a: Volcanion\n|\n|t:|1700453047\n|switch|p1a: MIKE OBAMA|Tapu Lele, shiny|100\/100|[from] Volt Switch\n|-fieldstart|move: Psychic Terrain|[from] ability: Psychic Surge|[of] p1a: MIKE OBAMA\n|\n|-weather|SunnyDay|[upkeep]\n|upkeep\n|c|\u2606king schmuck|!weak victini\n|c| king schmuck|\/raw <div class=\"infobox\">Victini (ignoring abilities):<br \/><span class=\"message-effect-weak\">Weaknesses<\/span>: Dark, Ghost, Ground, Rock, Water<br \/><span class=\"message-effect-resist\">Resistances<\/span>: Fairy, Fighting, Fire, Grass, Ice, Psychic, Steel<br \/><span class=\"message-effect-immune\">Immunities<\/span>: Burn<\/div>\n|\n|t:|1700453067\n|switch|p2a: Terrakion|Terrakion|100\/100\n|turn|4\n|l| Slumpyboocus\n|\n|t:|1700453089\n|move|p2a: Terrakion|Poison Jab|p1a: MIKE OBAMA\n|-supereffective|p1a: MIKE OBAMA\n|-damage|p1a: MIKE OBAMA|10\/100\n|move|p1a: MIKE OBAMA|Psychic|p2a: Terrakion\n|-supereffective|p2a: Terrakion\n|-damage|p2a: Terrakion|0 fnt\n|faint|p2a: Terrakion\n|\n|-weather|SunnyDay|[upkeep]\n|upkeep\n|\n|t:|1700453100\n|switch|p2a: Pinsir|Pinsir, F, shiny|100\/100\n|turn|5\n|\n|t:|1700453111\n|switch|p1a: METHBELL|Bronzong, shiny|100\/100\n|detailschange|p2a: Pinsir|Pinsir-Mega, F, shiny\n|-mega|p2a: Pinsir|Pinsir|Pinsirite\n|move|p2a: Pinsir|Quick Attack|p1a: METHBELL\n|-hint|Psychic Terrain doesn't affect Pok\u00e9mon immune to Ground.\n|-resisted|p1a: METHBELL\n|-damage|p1a: METHBELL|87\/100\n|\n|-weather|none\n|upkeep\n|turn|6\n|\n|t:|1700453132\n|switch|p2a: Victini|Victini|100\/100\n|move|p1a: METHBELL|Trick Room|p1a: METHBELL\n|-fieldstart|move: Trick Room|[of] p1a: METHBELL\n|\n|upkeep\n|turn|7\n|\n|t:|1700453143\n|switch|p2a: Clefable|Clefable, M|100\/100\n|move|p1a: METHBELL|Earthquake|p2a: Clefable\n|-damage|p2a: Clefable|68\/100\n|\n|-fieldend|move: Psychic Terrain\n|upkeep\n|turn|8\n|\n|t:|1700453150\n|move|p1a: METHBELL|Gyro Ball|p2a: Clefable\n|-supereffective|p2a: Clefable\n|-damage|p2a: Clefable|0 fnt\n|-damage|p1a: METHBELL|71\/100|[from] item: Rocky Helmet|[of] p2a: Clefable\n|faint|p2a: Clefable\n|\n|upkeep\n|\n|t:|1700453160\n|switch|p2a: Pinsir|Pinsir-Mega, F, shiny|100\/100\n|turn|9\n|\n|t:|1700453170\n|move|p1a: METHBELL|Gyro Ball|p2a: Pinsir\n|-damage|p2a: Pinsir|35\/100\n|move|p2a: Pinsir|Close Combat|p1a: METHBELL\n|-damage|p1a: METHBELL|26\/100\n|-unboost|p2a: Pinsir|def|1\n|-unboost|p2a: Pinsir|spd|1\n|\n|upkeep\n|turn|10\n|\n|t:|1700453181\n|move|p1a: METHBELL|Gyro Ball|p2a: Pinsir\n|-damage|p2a: Pinsir|0 fnt\n|faint|p2a: Pinsir\n|\n|-fieldend|move: Trick Room\n|upkeep\n|\n|t:|1700453188\n|switch|p2a: Porygon-Z|Porygon-Z|100\/100\n|turn|11\n|\n|t:|1700453194\n|switch|p1a: THE LAST CHARIZARD|Charizard-Mega-Y, M|47\/100\n|-weather|SunnyDay|[from] ability: Drought|[of] p1a: THE LAST CHARIZARD\n|move|p2a: Porygon-Z|Hidden Power|p1a: THE LAST CHARIZARD\n|-resisted|p1a: THE LAST CHARIZARD\n|-crit|p1a: THE LAST CHARIZARD\n|-damage|p1a: THE LAST CHARIZARD|19\/100\n|\n|-weather|SunnyDay|[upkeep]\n|upkeep\n|turn|12\n|\n|t:|1700453202\n|move|p2a: Porygon-Z|Hidden Power|p1a: THE LAST CHARIZARD\n|-resisted|p1a: THE LAST CHARIZARD\n|-damage|p1a: THE LAST CHARIZARD|3\/100\n|move|p1a: THE LAST CHARIZARD|Flamethrower|p2a: Porygon-Z\n|-damage|p2a: Porygon-Z|0 fnt\n|faint|p2a: Porygon-Z\n|\n|-weather|SunnyDay|[upkeep]\n|upkeep\n|\n|t:|1700453210\n|switch|p2a: Victini|Victini|100\/100\n|turn|13\n|c|\u2606king schmuck|unlucky im so sorry\n|\n|t:|1700453219\n|move|p2a: Victini|Zen Headbutt|p1a: THE LAST CHARIZARD\n|-crit|p1a: THE LAST CHARIZARD\n|-damage|p1a: THE LAST CHARIZARD|0 fnt\n|faint|p1a: THE LAST CHARIZARD\n|\n|-weather|SunnyDay|[upkeep]\n|upkeep\n|\n|t:|1700453225\n|switch|p1a: BARRACK OBAMA|Heliolisk, F, shiny|40\/100 brn\n|turn|14\n|\n|t:|1700453230\n|move|p2a: Victini|Zen Headbutt|p1a: BARRACK OBAMA\n|-damage|p1a: BARRACK OBAMA|0 fnt\n|faint|p1a: BARRACK OBAMA\n|\n|-weather|SunnyDay|[upkeep]\n|upkeep\n|c|\u2606MisterGreenz|zan headbutt flinch run\n|\n|t:|1700453253\n|switch|p1a: WUT EVEN IS THIS|Roaring Moon, shiny|100\/100\n|-activate|p1a: WUT EVEN IS THIS|ability: Protosynthesis\n|-start|p1a: WUT EVEN IS THIS|protosynthesisatk\n|turn|15\n|\n|t:|1700453260\n|move|p2a: Victini|Zen Headbutt|p1a: WUT EVEN IS THIS\n|-immune|p1a: WUT EVEN IS THIS\n|move|p1a: WUT EVEN IS THIS|Earthquake|p2a: Victini\n|-supereffective|p2a: Victini\n|-damage|p2a: Victini|5\/100\n|\n|-weather|none\n|-end|p1a: WUT EVEN IS THIS|Protosynthesis\n|upkeep\n|-enditem|p1a: WUT EVEN IS THIS|Booster Energy\n|-activate|p1a: WUT EVEN IS THIS|ability: Protosynthesis|[fromitem]\n|-start|p1a: WUT EVEN IS THIS|protosynthesisatk\n|turn|16\n|c|\u2606MisterGreenz|fuck\n|c|\u2606MisterGreenz|swap him out rq\n|c|\u2606king schmuck|hahahaha\n|\n|t:|1700453279\n|move|p2a: Victini|Zen Headbutt|p1a: WUT EVEN IS THIS\n|-immune|p1a: WUT EVEN IS THIS\n|move|p1a: WUT EVEN IS THIS|Earthquake|p2a: Victini\n|-supereffective|p2a: Victini\n|-damage|p2a: Victini|0 fnt\n|faint|p2a: Victini\n|\n|win|king schmuck\n|c|\u2606king schmuck|<3\n|c|\u2606MisterGreenz|gg\n|c|\u2606king schmuck|gg\n|c|\u2606MisterGreenz|big love\n","uploadtime":1700453292,"views":24,"p1id":"kingschmuck","p2id":"mistergreenz","formatid":"gen9nationaldexubers","rating":0,"private":0,"password":""}