{"id":"gen9nationaldexubers-1978309592","p1":"luizxv","p2":"Guizinpq","format":"[Gen 9] National Dex Ubers","log":"|j|\u2606luizxv\n|j|\u2606Guizinpq\n|t:|1698523569\n|gametype|singles\n|player|p1|luizxv|benga|\n|player|p2|Guizinpq|n|\n|teamsize|p1|6\n|teamsize|p2|6\n|gen|9\n|tier|[Gen 9] National Dex Ubers\n|rule|HP Percentage Mod: HP is shown in percentages\n|rule|Endless Battle Clause: Forcing endless battles is banned\n|rule|OHKO Clause: OHKO moves are banned\n|rule|Evasion Moves Clause: Evasion moves are banned\n|rule|Evasion Items Clause: Evasion items are banned\n|rule|Species Clause: Limit one of each Pok\u00e9mon\n|rule|Sleep Clause Mod: Limit one foe put to sleep\n|rule|Mega Rayquaza Clause: You cannot mega evolve Rayquaza\n|clearpoke\n|poke|p1|Ferrothorn, M|\n|poke|p1|Togedemaru, L1, M|\n|poke|p1|Gholdengo|\n|poke|p1|Great Tusk|\n|poke|p1|Amoonguss, M|\n|poke|p1|Garganacl, M|\n|poke|p2|Garchomp, M|\n|poke|p2|Iron Valiant|\n|poke|p2|Mimikyu, M|\n|poke|p2|Phione|\n|poke|p2|Shuckle, M|\n|poke|p2|Cinccino, M|\n|teampreview\n|\n|t:|1698523588\n|start\n|switch|p1a: Garganacl|Garganacl, M|100\/100\n|switch|p2a: Iron Valiant|Iron Valiant, shiny|100\/100\n|turn|1\n|\n|t:|1698523608\n|move|p2a: Iron Valiant|Close Combat|p1a: Garganacl\n|-supereffective|p1a: Garganacl\n|-damage|p1a: Garganacl|31\/100\n|-unboost|p2a: Iron Valiant|def|1\n|-unboost|p2a: Iron Valiant|spd|1\n|move|p1a: Garganacl|Curse|p1a: Garganacl\n|-unboost|p1a: Garganacl|spe|1\n|-boost|p1a: Garganacl|atk|1\n|-boost|p1a: Garganacl|def|1\n|\n|-heal|p1a: Garganacl|37\/100|[from] item: Leftovers\n|upkeep\n|turn|2\n|\n|t:|1698523626\n|-terastallize|p1a: Garganacl|Fairy\n|move|p2a: Iron Valiant|Leaf Blade|p1a: Garganacl\n|-damage|p1a: Garganacl|26\/100\n|move|p1a: Garganacl|Recover|p1a: Garganacl\n|-heal|p1a: Garganacl|76\/100\n|\n|-heal|p1a: Garganacl|83\/100|[from] item: Leftovers\n|upkeep\n|turn|3\n|\n|t:|1698523640\n|move|p2a: Iron Valiant|Psychic|p1a: Garganacl\n|-damage|p1a: Garganacl|62\/100\n|move|p1a: Garganacl|Curse|p1a: Garganacl\n|-unboost|p1a: Garganacl|spe|1\n|-boost|p1a: Garganacl|atk|1\n|-boost|p1a: Garganacl|def|1\n|\n|-heal|p1a: Garganacl|69\/100|[from] item: Leftovers\n|upkeep\n|turn|4\n|\n|t:|1698523652\n|move|p2a: Iron Valiant|Spirit Break|p1a: Garganacl\n|-damage|p1a: Garganacl|58\/100\n|move|p1a: Garganacl|Curse|p1a: Garganacl\n|-unboost|p1a: Garganacl|spe|1\n|-boost|p1a: Garganacl|atk|1\n|-boost|p1a: Garganacl|def|1\n|\n|-heal|p1a: Garganacl|64\/100|[from] item: Leftovers\n|upkeep\n|turn|5\n|\n|t:|1698523665\n|move|p2a: Iron Valiant|Spirit Break|p1a: Garganacl\n|-damage|p1a: Garganacl|56\/100\n|move|p1a: Garganacl|Curse|p1a: Garganacl\n|-unboost|p1a: Garganacl|spe|1\n|-boost|p1a: Garganacl|atk|1\n|-boost|p1a: Garganacl|def|1\n|\n|-heal|p1a: Garganacl|62\/100|[from] item: Leftovers\n|upkeep\n|turn|6\n|\n|t:|1698523682\n|move|p2a: Iron Valiant|Close Combat|p1a: Garganacl\n|-resisted|p1a: Garganacl\n|-damage|p1a: Garganacl|57\/100\n|-unboost|p2a: Iron Valiant|def|1\n|-unboost|p2a: Iron Valiant|spd|1\n|move|p1a: Garganacl|Curse|p1a: Garganacl\n|-unboost|p1a: Garganacl|spe|1\n|-boost|p1a: Garganacl|atk|1\n|-boost|p1a: Garganacl|def|1\n|\n|-heal|p1a: Garganacl|63\/100|[from] item: Leftovers\n|upkeep\n|turn|7\n|\n|t:|1698523701\n|move|p2a: Iron Valiant|Leaf Blade|p1a: Garganacl\n|-crit|p1a: Garganacl\n|-damage|p1a: Garganacl|41\/100\n|move|p1a: Garganacl|Curse|p1a: Garganacl\n|-unboost|p1a: Garganacl|spe|1\n|-boost|p1a: Garganacl|atk|1\n|-boost|p1a: Garganacl|def|1\n|\n|-heal|p1a: Garganacl|47\/100|[from] item: Leftovers\n|upkeep\n|turn|8\n|\n|t:|1698523713\n|move|p2a: Iron Valiant|Leaf Blade|p1a: Garganacl\n|-damage|p1a: Garganacl|43\/100\n|move|p1a: Garganacl|Recover|p1a: Garganacl\n|-heal|p1a: Garganacl|93\/100\n|\n|-heal|p1a: Garganacl|99\/100|[from] item: Leftovers\n|upkeep\n|turn|9\n|\n|t:|1698523726\n|move|p2a: Iron Valiant|Leaf Blade|p1a: Garganacl\n|-damage|p1a: Garganacl|95\/100\n|move|p1a: Garganacl|Block|p2a: Iron Valiant\n|-activate|p2a: Iron Valiant|trapped\n|\n|-heal|p1a: Garganacl|100\/100|[from] item: Leftovers\n|upkeep\n|turn|10\n|\n|t:|1698523739\n|move|p2a: Iron Valiant|Leaf Blade|p1a: Garganacl\n|-damage|p1a: Garganacl|96\/100\n|move|p1a: Garganacl|Salt Cure|p2a: Iron Valiant\n|-resisted|p2a: Iron Valiant\n|-damage|p2a: Iron Valiant|27\/100\n|\n|-heal|p1a: Garganacl|100\/100|[from] item: Leftovers\n|upkeep\n|turn|11\n|\n|t:|1698523751\n|move|p2a: Iron Valiant|Psychic|p1a: Garganacl\n|-crit|p1a: Garganacl\n|-damage|p1a: Garganacl|65\/100\n|move|p1a: Garganacl|Salt Cure|p2a: Iron Valiant\n|-resisted|p2a: Iron Valiant\n|-damage|p2a: Iron Valiant|0 fnt\n|faint|p2a: Iron Valiant\n|-end|p2a: Iron Valiant|Quark Drive|[silent]\n|\n|-heal|p1a: Garganacl|72\/100|[from] item: Leftovers\n|upkeep\n|inactive|Battle timer is ON: inactive players will automatically lose when time's up. (requested by luizxv)\n|\n|t:|1698523778\n|switch|p2a: Garchomp|Garchomp, M|100\/100\n|turn|12\n|\n|t:|1698523785\n|move|p2a: Garchomp|Toxic|p1a: Garganacl\n|-status|p1a: Garganacl|tox\n|move|p1a: Garganacl|Salt Cure|p2a: Garchomp\n|-resisted|p2a: Garchomp\n|-damage|p2a: Garchomp|72\/100\n|-start|p2a: Garchomp|Salt Cure\n|\n|-heal|p1a: Garganacl|78\/100 tox|[from] item: Leftovers\n|-damage|p1a: Garganacl|72\/100 tox|[from] psn\n|-damage|p2a: Garchomp|60\/100|[from] Salt Cure\n|upkeep\n|turn|13\n|j| jabamiburro\n|\n|t:|1698523801\n|switch|p2a: Phione|Phione|100\/100\n|move|p1a: Garganacl|Block|p2a: Phione\n|-activate|p2a: Phione|trapped\n|\n|-heal|p1a: Garganacl|78\/100 tox|[from] item: Leftovers\n|-damage|p1a: Garganacl|65\/100 tox|[from] psn\n|upkeep\n|turn|14\n|\n|t:|1698523813\n|move|p2a: Phione|Take Heart|p2a: Phione\n|-boost|p2a: Phione|spa|1\n|-boost|p2a: Phione|spd|1\n|move|p1a: Garganacl|Salt Cure|p2a: Phione\n|-damage|p2a: Phione|33\/100\n|-start|p2a: Phione|Salt Cure\n|\n|-heal|p2a: Phione|40\/100|[from] item: Leftovers\n|-heal|p1a: Garganacl|72\/100 tox|[from] item: Leftovers\n|-damage|p1a: Garganacl|53\/100 tox|[from] psn\n|-damage|p2a: Phione|15\/100|[from] Salt Cure\n|upkeep\n|turn|15\n|\n|t:|1698523828\n|move|p2a: Phione|Rest|p2a: Phione\n|-status|p2a: Phione|slp|[from] move: Rest\n|-heal|p2a: Phione|100\/100 slp|[silent]\n|move|p1a: Garganacl|Recover|p1a: Garganacl\n|-heal|p1a: Garganacl|100\/100 tox\n|\n|-damage|p1a: Garganacl|76\/100 tox|[from] psn\n|-damage|p2a: Phione|76\/100 slp|[from] Salt Cure\n|upkeep\n|turn|16\n|\n|t:|1698523842\n|cant|p2a: Phione|slp\n|move|p2a: Phione|Sleep Talk|p2a: Phione\n|move|p2a: Phione|Take Heart|p2a: Phione|[from]move: Sleep Talk\n|-boost|p2a: Phione|spa|1\n|-boost|p2a: Phione|spd|1\n|-curestatus|p2a: Phione|slp|[msg]\n|move|p1a: Garganacl|Salt Cure|p2a: Phione\n|-damage|p2a: Phione|12\/100\n|\n|-heal|p2a: Phione|18\/100|[from] item: Leftovers\n|-heal|p1a: Garganacl|82\/100 tox|[from] item: Leftovers\n|-damage|p1a: Garganacl|51\/100 tox|[from] psn\n|-damage|p2a: Phione|0 fnt|[from] Salt Cure\n|faint|p2a: Phione\n|upkeep\n|inactive|Guizinpq has 270 seconds left.\n|\n|t:|1698523885\n|switch|p2a: Mimikyu|Mimikyu, M|100\/100\n|turn|17\n|inactive|Guizinpq has 240 seconds left.\n|\n|t:|1698523903\n|-zpower|p2a: Mimikyu\n|move|p2a: Mimikyu|Let's Snuggle Forever|p1a: Garganacl|[zeffect]\n|-damage|p1a: Garganacl|41\/100 tox\n|move|p1a: Garganacl|Salt Cure|p2a: Mimikyu\n|-activate|p2a: Mimikyu|ability: Disguise\n|-damage|p2a: Mimikyu|100\/100\n|-start|p2a: Mimikyu|Salt Cure\n|detailschange|p2a: Mimikyu|Mimikyu-Busted, M\n|-damage|p2a: Mimikyu|88\/100|[from] pokemon: Mimikyu-Busted\n|\n|-heal|p1a: Garganacl|47\/100 tox|[from] item: Leftovers\n|-damage|p1a: Garganacl|10\/100 tox|[from] psn\n|-damage|p2a: Mimikyu|76\/100|[from] Salt Cure\n|upkeep\n|turn|18\n|inactive|Guizinpq has 240 seconds left.\n|\n|t:|1698523928\n|move|p2a: Mimikyu|Shadow Ball|p1a: Garganacl\n|-damage|p1a: Garganacl|0 fnt\n|faint|p1a: Garganacl\n|\n|-damage|p2a: Mimikyu|64\/100|[from] Salt Cure\n|upkeep\n|\n|t:|1698523944\n|switch|p1a: Ferrothorn|Ferrothorn, M|100\/100\n|turn|19\n|\n|t:|1698523951\n|switch|p2a: Garchomp|Garchomp, M|60\/100\n|move|p1a: Ferrothorn|Iron Defense|p1a: Ferrothorn\n|-boost|p1a: Ferrothorn|def|2\n|\n|upkeep\n|turn|20\n|inactive|Guizinpq has 240 seconds left.\n|\n|t:|1698523961\n|move|p2a: Garchomp|Fire Fang|p1a: Ferrothorn\n|-supereffective|p1a: Ferrothorn\n|-damage|p1a: Ferrothorn|61\/100\n|-status|p1a: Ferrothorn|brn\n|-damage|p2a: Garchomp|48\/100|[from] ability: Iron Barbs|[of] p1a: Ferrothorn\n|move|p1a: Ferrothorn|Leech Seed|p2a: Garchomp\n|-start|p2a: Garchomp|move: Leech Seed\n|\n|-heal|p1a: Ferrothorn|67\/100 brn|[from] item: Leftovers\n|-damage|p2a: Garchomp|36\/100|[from] Leech Seed|[of] p1a: Ferrothorn\n|-heal|p1a: Ferrothorn|79\/100 brn|[silent]\n|-damage|p1a: Ferrothorn|73\/100 brn|[from] brn\n|upkeep\n|turn|21\n|inactive|Guizinpq has 240 seconds left.\n|\n|t:|1698523983\n|switch|p2a: Shuckle|Shuckle, M|100\/100\n|move|p1a: Ferrothorn|Iron Defense|p1a: Ferrothorn\n|-boost|p1a: Ferrothorn|def|2\n|\n|-heal|p1a: Ferrothorn|79\/100 brn|[from] item: Leftovers\n|-damage|p1a: Ferrothorn|73\/100 brn|[from] brn\n|upkeep\n|turn|22\n|\n|t:|1698524003\n|move|p2a: Shuckle|Shell Smash|p2a: Shuckle\n|-unboost|p2a: Shuckle|def|1\n|-unboost|p2a: Shuckle|spd|1\n|-boost|p2a: Shuckle|atk|2\n|-boost|p2a: Shuckle|spa|2\n|-boost|p2a: Shuckle|spe|2\n|move|p1a: Ferrothorn|Leech Seed|p2a: Shuckle\n|-start|p2a: Shuckle|move: Leech Seed\n|\n|-heal|p1a: Ferrothorn|79\/100 brn|[from] item: Leftovers\n|-damage|p2a: Shuckle|88\/100|[from] Leech Seed|[of] p1a: Ferrothorn\n|-heal|p1a: Ferrothorn|86\/100 brn|[silent]\n|-damage|p1a: Ferrothorn|79\/100 brn|[from] brn\n|upkeep\n|turn|23\n|\n|t:|1698524021\n|move|p1a: Ferrothorn|Protect|p1a: Ferrothorn\n|-singleturn|p1a: Ferrothorn|Protect\n|move|p2a: Shuckle|Power Trick|p2a: Shuckle\n|-start|p2a: Shuckle|Power Trick\n|\n|-heal|p1a: Ferrothorn|86\/100 brn|[from] item: Leftovers\n|-damage|p2a: Shuckle|76\/100|[from] Leech Seed|[of] p1a: Ferrothorn\n|-heal|p1a: Ferrothorn|92\/100 brn|[silent]\n|-damage|p1a: Ferrothorn|86\/100 brn|[from] brn\n|upkeep\n|turn|24\n|inactive|Guizinpq has 210 seconds left.\n|\n|t:|1698524037\n|move|p1a: Ferrothorn|Protect||[still]\n|-fail|p1a: Ferrothorn\n|move|p2a: Shuckle|Earthquake|p1a: Ferrothorn\n|-damage|p1a: Ferrothorn|60\/100 brn\n|\n|-heal|p1a: Ferrothorn|66\/100 brn|[from] item: Leftovers\n|-damage|p2a: Shuckle|64\/100|[from] Leech Seed|[of] p1a: Ferrothorn\n|-heal|p1a: Ferrothorn|72\/100 brn|[silent]\n|-damage|p1a: Ferrothorn|66\/100 brn|[from] brn\n|upkeep\n|turn|25\n|inactive|Guizinpq has 210 seconds left.\n|\n|t:|1698524062\n|move|p2a: Shuckle|Shell Smash|p2a: Shuckle\n|-unboost|p2a: Shuckle|def|1\n|-unboost|p2a: Shuckle|spd|1\n|-boost|p2a: Shuckle|atk|2\n|-boost|p2a: Shuckle|spa|2\n|-boost|p2a: Shuckle|spe|2\n|move|p1a: Ferrothorn|Spikes|p2a: Shuckle\n|-sidestart|p2: Guizinpq|Spikes\n|\n|-heal|p1a: Ferrothorn|72\/100 brn|[from] item: Leftovers\n|-damage|p2a: Shuckle|52\/100|[from] Leech Seed|[of] p1a: Ferrothorn\n|-heal|p1a: Ferrothorn|79\/100 brn|[silent]\n|-damage|p1a: Ferrothorn|72\/100 brn|[from] brn\n|upkeep\n|turn|26\n|inactive|Guizinpq has 180 seconds left.\n|\n|t:|1698524115\n|move|p2a: Shuckle|Earthquake|p1a: Ferrothorn\n|-damage|p1a: Ferrothorn|34\/100 brn\n|move|p1a: Ferrothorn|Iron Defense|p1a: Ferrothorn\n|-boost|p1a: Ferrothorn|def|2\n|\n|-heal|p1a: Ferrothorn|40\/100 brn|[from] item: Leftovers\n|-damage|p2a: Shuckle|40\/100|[from] Leech Seed|[of] p1a: Ferrothorn\n|-heal|p1a: Ferrothorn|47\/100 brn|[silent]\n|-damage|p1a: Ferrothorn|40\/100 brn|[from] brn\n|upkeep\n|turn|27\n|\n|t:|1698524129\n|move|p2a: Shuckle|Shell Smash|p2a: Shuckle\n|-unboost|p2a: Shuckle|def|1\n|-unboost|p2a: Shuckle|spd|1\n|-boost|p2a: Shuckle|atk|2\n|-boost|p2a: Shuckle|spa|2\n|-boost|p2a: Shuckle|spe|2\n|move|p1a: Ferrothorn|Spikes|p2a: Shuckle\n|-sidestart|p2: Guizinpq|Spikes\n|\n|-heal|p1a: Ferrothorn|47\/100 brn|[from] item: Leftovers\n|-damage|p2a: Shuckle|28\/100|[from] Leech Seed|[of] p1a: Ferrothorn\n|-heal|p1a: Ferrothorn|53\/100 brn|[silent]\n|-damage|p1a: Ferrothorn|47\/100 brn|[from] brn\n|upkeep\n|turn|28\n|\n|t:|1698524146\n|move|p1a: Ferrothorn|Protect|p1a: Ferrothorn\n|-singleturn|p1a: Ferrothorn|Protect\n|move|p2a: Shuckle|Earthquake|p1a: Ferrothorn\n|-activate|p1a: Ferrothorn|move: Protect\n|\n|-heal|p1a: Ferrothorn|53\/100 brn|[from] item: Leftovers\n|-damage|p2a: Shuckle|15\/100|[from] Leech Seed|[of] p1a: Ferrothorn\n|-heal|p1a: Ferrothorn|59\/100 brn|[silent]\n|-damage|p1a: Ferrothorn|53\/100 brn|[from] brn\n|upkeep\n|turn|29\n|\n|t:|1698524159\n|move|p2a: Shuckle|Earthquake|p1a: Ferrothorn\n|-damage|p1a: Ferrothorn|13\/100 brn\n|move|p1a: Ferrothorn|Spikes|p2a: Shuckle\n|-sidestart|p2: Guizinpq|Spikes\n|\n|-heal|p1a: Ferrothorn|19\/100 brn|[from] item: Leftovers\n|-damage|p2a: Shuckle|3\/100|[from] Leech Seed|[of] p1a: Ferrothorn\n|-heal|p1a: Ferrothorn|25\/100 brn|[silent]\n|-damage|p1a: Ferrothorn|19\/100 brn|[from] brn\n|upkeep\n|turn|30\n|\n|t:|1698524172\n|move|p1a: Ferrothorn|Protect|p1a: Ferrothorn\n|-singleturn|p1a: Ferrothorn|Protect\n|move|p2a: Shuckle|Earthquake|p1a: Ferrothorn\n|-activate|p1a: Ferrothorn|move: Protect\n|\n|-heal|p1a: Ferrothorn|25\/100 brn|[from] item: Leftovers\n|-damage|p2a: Shuckle|0 fnt|[from] Leech Seed|[of] p1a: Ferrothorn\n|-heal|p1a: Ferrothorn|27\/100 brn|[silent]\n|faint|p2a: Shuckle\n|-damage|p1a: Ferrothorn|20\/100 brn|[from] brn\n|upkeep\n|inactive|Guizinpq has 150 seconds left.\n|\n|t:|1698524189\n|switch|p2a: Cinccino|Cinccino, M|100\/100\n|-damage|p2a: Cinccino|76\/100|[from] Spikes\n|turn|31\n|inactive|Guizinpq has 150 seconds left.\n|\n|t:|1698524204\n|move|p2a: Cinccino|Substitute|p2a: Cinccino\n|-start|p2a: Cinccino|Substitute\n|-damage|p2a: Cinccino|51\/100\n|move|p1a: Ferrothorn|Leech Seed||[still]\n|-fail|p1a: Ferrothorn\n|\n|-heal|p1a: Ferrothorn|27\/100 brn|[from] item: Leftovers\n|-damage|p1a: Ferrothorn|20\/100 brn|[from] brn\n|upkeep\n|turn|32\n|\n|t:|1698524224\n|move|p1a: Ferrothorn|Protect|p1a: Ferrothorn\n|-singleturn|p1a: Ferrothorn|Protect\n|move|p2a: Cinccino|Rock Blast|p1a: Ferrothorn\n|-activate|p1a: Ferrothorn|move: Protect\n|\n|-heal|p1a: Ferrothorn|27\/100 brn|[from] item: Leftovers\n|-damage|p1a: Ferrothorn|20\/100 brn|[from] brn\n|upkeep\n|turn|33\n|\n|t:|1698524237\n|move|p2a: Cinccino|Rock Blast|p1a: Ferrothorn\n|-resisted|p1a: Ferrothorn\n|-damage|p1a: Ferrothorn|20\/100 brn\n|-resisted|p1a: Ferrothorn\n|-damage|p1a: Ferrothorn|19\/100 brn\n|-resisted|p1a: Ferrothorn\n|-damage|p1a: Ferrothorn|19\/100 brn\n|-resisted|p1a: Ferrothorn\n|-damage|p1a: Ferrothorn|18\/100 brn\n|-resisted|p1a: Ferrothorn\n|-damage|p1a: Ferrothorn|18\/100 brn\n|-hitcount|p1a: Ferrothorn|5\n|move|p1a: Ferrothorn|Spikes||[still]\n|-fail|p1a: Ferrothorn\n|\n|-heal|p1a: Ferrothorn|24\/100 brn|[from] item: Leftovers\n|-damage|p1a: Ferrothorn|18\/100 brn|[from] brn\n|upkeep\n|turn|34\n|\n|t:|1698524257\n|move|p2a: Cinccino|Triple Axel|p1a: Ferrothorn\n|-damage|p1a: Ferrothorn|16\/100 brn\n|-damage|p2a: Cinccino|39\/100|[from] ability: Iron Barbs|[of] p1a: Ferrothorn\n|-damage|p1a: Ferrothorn|14\/100 brn\n|-damage|p2a: Cinccino|26\/100|[from] ability: Iron Barbs|[of] p1a: Ferrothorn\n|-damage|p1a: Ferrothorn|11\/100 brn\n|-damage|p2a: Cinccino|14\/100|[from] ability: Iron Barbs|[of] p1a: Ferrothorn\n|-hitcount|p1a: Ferrothorn|3\n|move|p1a: Ferrothorn|Spikes||[still]\n|-fail|p1a: Ferrothorn\n|\n|-heal|p1a: Ferrothorn|17\/100 brn|[from] item: Leftovers\n|-damage|p1a: Ferrothorn|11\/100 brn|[from] brn\n|upkeep\n|turn|35\n|inactive|Guizinpq has 120 seconds left.\n|\n|t:|1698524281\n|move|p2a: Cinccino|Rock Blast|p1a: Ferrothorn\n|-resisted|p1a: Ferrothorn\n|-damage|p1a: Ferrothorn|10\/100 brn\n|-resisted|p1a: Ferrothorn\n|-damage|p1a: Ferrothorn|10\/100 brn\n|-resisted|p1a: Ferrothorn\n|-damage|p1a: Ferrothorn|9\/100 brn\n|-resisted|p1a: Ferrothorn\n|-damage|p1a: Ferrothorn|9\/100 brn\n|-resisted|p1a: Ferrothorn\n|-damage|p1a: Ferrothorn|8\/100 brn\n|-hitcount|p1a: Ferrothorn|5\n|move|p1a: Ferrothorn|Spikes||[still]\n|-fail|p1a: Ferrothorn\n|\n|-heal|p1a: Ferrothorn|14\/100 brn|[from] item: Leftovers\n|-damage|p1a: Ferrothorn|8\/100 brn|[from] brn\n|upkeep\n|turn|36\n|inactive|Guizinpq has 120 seconds left.\n|inactive|luizxv has 270 seconds left.\n|\n|t:|1698524305\n|move|p2a: Cinccino|Tail Slap|p1a: Ferrothorn\n|-resisted|p1a: Ferrothorn\n|-damage|p1a: Ferrothorn|7\/100 brn\n|-damage|p2a: Cinccino|2\/100|[from] ability: Iron Barbs|[of] p1a: Ferrothorn\n|-resisted|p1a: Ferrothorn\n|-damage|p1a: Ferrothorn|6\/100 brn\n|-damage|p2a: Cinccino|0 fnt|[from] ability: Iron Barbs|[of] p1a: Ferrothorn\n|faint|p2a: Cinccino\n|-hitcount|p1a: Ferrothorn|2\n|move|p1a: Ferrothorn|Spikes||[still]\n|-fail|p1a: Ferrothorn\n|\n|-heal|p1a: Ferrothorn|13\/100 brn|[from] item: Leftovers\n|-damage|p1a: Ferrothorn|6\/100 brn|[from] brn\n|upkeep\n|inactive|Guizinpq has 90 seconds left.\n|\n|t:|1698524331\n|switch|p2a: Garchomp|Garchomp, M|36\/100\n|turn|37\n|\n|t:|1698524340\n|move|p2a: Garchomp|Fire Fang|p1a: Ferrothorn\n|-supereffective|p1a: Ferrothorn\n|-damage|p1a: Ferrothorn|0 fnt\n|-damage|p2a: Garchomp|23\/100|[from] ability: Iron Barbs|[of] p1a: Ferrothorn\n|faint|p1a: Ferrothorn\n|\n|upkeep\n|inactive|luizxv has 270 seconds left.\n|\n|t:|1698524351\n|switch|p1a: Gholdengo|Gholdengo|100\/100\n|turn|38\n|inactive|luizxv has 270 seconds left.\n|\n|t:|1698524365\n|move|p2a: Garchomp|Fire Fang|p1a: Gholdengo\n|-supereffective|p1a: Gholdengo\n|-damage|p1a: Gholdengo|57\/100\n|cant|p1a: Gholdengo|flinch\n|\n|-heal|p1a: Gholdengo|63\/100|[from] item: Leftovers\n|upkeep\n|turn|39\n|\n|t:|1698524375\n|move|p2a: Garchomp|Fire Fang|p1a: Gholdengo\n|-supereffective|p1a: Gholdengo\n|-damage|p1a: Gholdengo|22\/100\n|move|p1a: Gholdengo|Make It Rain|p2a: Garchomp\n|-damage|p2a: Garchomp|0 fnt\n|-unboost|p1a: Gholdengo|spa|1\n|faint|p2a: Garchomp\n|\n|-heal|p1a: Gholdengo|29\/100|[from] item: Leftovers\n|upkeep\n|\n|t:|1698524390\n|switch|p2a: Mimikyu|Mimikyu-Busted, M|64\/100\n|-damage|p2a: Mimikyu|39\/100|[from] Spikes\n|turn|40\n|\n|t:|1698524402\n|move|p2a: Mimikyu|Wood Hammer|p1a: Gholdengo\n|-resisted|p1a: Gholdengo\n|-damage|p1a: Gholdengo|13\/100\n|-damage|p2a: Mimikyu|32\/100|[from] Recoil\n|move|p1a: Gholdengo|Make It Rain|p2a: Mimikyu\n|-supereffective|p2a: Mimikyu\n|-damage|p2a: Mimikyu|0 fnt\n|-unboost|p1a: Gholdengo|spa|1\n|faint|p2a: Mimikyu\n|\n|win|luizxv\n|l|\u2606Guizinpq\n","uploadtime":1698524426,"views":9,"p1id":"luizxv","p2id":"guizinpq","formatid":"gen9nationaldexubers","rating":0,"private":0,"password":""}