{"id":"gen9nationaldexubers-1988835037","p1":"spidercookie","p2":"ThiccTeddyBo","format":"[Gen 9] National Dex Ubers","log":"|j|\u2606spidercookie\n|j|\u2606ThiccTeddyBo\n|t:|1699770524\n|gametype|singles\n|player|p1|spidercookie|teamrocket|1431\n|player|p2|ThiccTeddyBo|ethan|1293\n|teamsize|p1|6\n|teamsize|p2|6\n|gen|9\n|tier|[Gen 9] National Dex Ubers\n|rated|\n|rule|HP Percentage Mod: HP is shown in percentages\n|rule|Endless Battle Clause: Forcing endless battles is banned\n|rule|OHKO Clause: OHKO moves are banned\n|rule|Evasion Moves Clause: Evasion moves are banned\n|rule|Evasion Items Clause: Evasion items are banned\n|rule|Species Clause: Limit one of each Pok\u00e9mon\n|rule|Sleep Clause Mod: Limit one foe put to sleep\n|rule|Mega Rayquaza Clause: You cannot mega evolve Rayquaza\n|clearpoke\n|poke|p1|Zacian-*|\n|poke|p1|Chien-Pao|\n|poke|p1|Melmetal|\n|poke|p1|Ursaluna, M|\n|poke|p1|Klefki, F|\n|poke|p1|Cresselia, F|\n|poke|p2|Espathra, M|\n|poke|p2|Skeledirge, M|\n|poke|p2|Toxapex, M|\n|poke|p2|Grimmsnarl, M|\n|poke|p2|Xerneas-*|\n|poke|p2|Arceus|\n|teampreview\n|inactive|Battle timer is ON: inactive players will automatically lose when time's up. (requested by spidercookie)\n|\n|t:|1699770559\n|start\n|switch|p1a: Klefki|Klefki, F|100\/100\n|switch|p2a: Steve Irwin|Skeledirge, M|100\/100\n|turn|1\n|inactive|spidercookie has 120 seconds left.\n|\n|t:|1699770606\n|move|p1a: Klefki|Light Screen|p1a: Klefki\n|-sidestart|p1: spidercookie|move: Light Screen\n|move|p2a: Steve Irwin|Torch Song|p1a: Klefki\n|-supereffective|p1a: Klefki\n|-damage|p1a: Klefki|64\/100\n|-boost|p2a: Steve Irwin|spa|1\n|-enditem|p1a: Klefki|Eject Button\n|\n|t:|1699770609\n|switch|p1a: Ursaluna|Ursaluna, M|100\/100\n|\n|-status|p1a: Ursaluna|brn|[from] item: Flame Orb\n|upkeep\n|turn|2\n|inactive|ThiccTeddyBo has 120 seconds left.\n|\n|t:|1699770641\n|move|p2a: Steve Irwin|Torch Song|p1a: Ursaluna\n|-damage|p1a: Ursaluna|81\/100 brn\n|-boost|p2a: Steve Irwin|spa|1\n|move|p1a: Ursaluna|Earthquake|p2a: Steve Irwin\n|-supereffective|p2a: Steve Irwin\n|-damage|p2a: Steve Irwin|1\/100\n|\n|-damage|p1a: Ursaluna|75\/100 brn|[from] brn\n|upkeep\n|turn|3\n|inactive|spidercookie has 120 seconds left.\n|inactive|ThiccTeddyBo has 120 seconds left.\n|\n|t:|1699770653\n|move|p2a: Steve Irwin|Torch Song|p1a: Ursaluna\n|-damage|p1a: Ursaluna|49\/100 brn\n|-boost|p2a: Steve Irwin|spa|1\n|move|p1a: Ursaluna|Earthquake|p2a: Steve Irwin\n|-supereffective|p2a: Steve Irwin\n|-damage|p2a: Steve Irwin|0 fnt\n|faint|p2a: Steve Irwin\n|\n|-damage|p1a: Ursaluna|43\/100 brn|[from] brn\n|upkeep\n|inactive|ThiccTeddyBo has 120 seconds left.\n|\n|t:|1699770670\n|switch|p2a: Grimmsnarl|Grimmsnarl, M|100\/100\n|turn|4\n|\n|t:|1699770676\n|move|p2a: Grimmsnarl|Reflect|p2a: Grimmsnarl\n|-sidestart|p2: ThiccTeddyBo|Reflect\n|move|p1a: Ursaluna|Facade|p2a: Grimmsnarl\n|-damage|p2a: Grimmsnarl|28\/100\n|\n|-damage|p1a: Ursaluna|37\/100 brn|[from] brn\n|upkeep\n|turn|5\n|inactive|ThiccTeddyBo has 120 seconds left.\n|\n|t:|1699770699\n|switch|p2a: Espathra|Espathra, M|100\/100\n|move|p1a: Ursaluna|Facade|p2a: Espathra\n|-damage|p2a: Espathra|30\/100\n|\n|-heal|p2a: Espathra|36\/100|[from] item: Leftovers\n|-damage|p1a: Ursaluna|31\/100 brn|[from] brn\n|-sideend|p1: spidercookie|move: Light Screen\n|upkeep\n|turn|6\n|\n|t:|1699770704\n|switch|p1a: Cresselia|Cresselia, F|100\/100\n|move|p2a: Espathra|Protect||[still]\n|-fail|p2a: Espathra\n|\n|-heal|p2a: Espathra|42\/100|[from] item: Leftovers\n|-ability|p2a: Espathra|Speed Boost|boost\n|-boost|p2a: Espathra|spe|1\n|upkeep\n|turn|7\n|\n|t:|1699770713\n|move|p2a: Espathra|Calm Mind|p2a: Espathra\n|-boost|p2a: Espathra|spa|1\n|-boost|p2a: Espathra|spd|1\n|move|p1a: Cresselia|Trick Room|p1a: Cresselia\n|-fieldstart|move: Trick Room|[of] p1a: Cresselia\n|\n|-heal|p2a: Espathra|48\/100|[from] item: Leftovers\n|-ability|p2a: Espathra|Speed Boost|boost\n|-boost|p2a: Espathra|spe|1\n|upkeep\n|turn|8\n|\n|t:|1699770716\n|move|p1a: Cresselia|Toxic|p2a: Espathra\n|-status|p2a: Espathra|tox\n|move|p2a: Espathra|Calm Mind|p2a: Espathra\n|-boost|p2a: Espathra|spa|1\n|-boost|p2a: Espathra|spd|1\n|\n|-heal|p2a: Espathra|54\/100 tox|[from] item: Leftovers\n|-damage|p2a: Espathra|48\/100 tox|[from] psn\n|-ability|p2a: Espathra|Speed Boost|boost\n|-boost|p2a: Espathra|spe|1\n|upkeep\n|turn|9\n|\n|t:|1699770723\n|move|p1a: Cresselia|Future Sight|p2a: Espathra\n|-start|p1a: Cresselia|move: Future Sight\n|move|p2a: Espathra|Calm Mind|p2a: Espathra\n|-boost|p2a: Espathra|spa|1\n|-boost|p2a: Espathra|spd|1\n|\n|-heal|p2a: Espathra|54\/100 tox|[from] item: Leftovers\n|-damage|p2a: Espathra|42\/100 tox|[from] psn\n|-ability|p2a: Espathra|Speed Boost|boost\n|-boost|p2a: Espathra|spe|1\n|upkeep\n|turn|10\n|\n|t:|1699770730\n|switch|p1a: Ursaluna|Ursaluna, M|31\/100 brn\n|-terastallize|p2a: Espathra|Fire\n|move|p2a: Espathra|Tera Blast|p1a: Ursaluna|[anim] Tera Blast Fire\n|-damage|p1a: Ursaluna|0 fnt\n|faint|p1a: Ursaluna\n|\n|-heal|p2a: Espathra|48\/100 tox|[from] item: Leftovers\n|-damage|p2a: Espathra|30\/100 tox|[from] psn\n|-ability|p2a: Espathra|Speed Boost|boost\n|-boost|p2a: Espathra|spe|1\n|upkeep\n|\n|t:|1699770740\n|switch|p1a: Melmetal|Melmetal|100\/100\n|turn|11\n|\n|t:|1699770747\n|move|p2a: Espathra|Protect|p2a: Espathra\n|-singleturn|p2a: Espathra|Protect\n|move|p1a: Melmetal|Earthquake|p2a: Espathra\n|-activate|p2a: Espathra|move: Protect\n|\n|-end|p2a: Espathra|move: Future Sight\n|-damage|p2a: Espathra|16\/100 tox\n|-heal|p2a: Espathra|22\/100 tox|[from] item: Leftovers\n|-damage|p2a: Espathra|0 fnt|[from] psn\n|faint|p2a: Espathra\n|-sideend|p2: ThiccTeddyBo|Reflect\n|-fieldend|move: Trick Room\n|upkeep\n|c|\u2606spidercookie|xd\n|\n|t:|1699770756\n|switch|p2a: Grimmsnarl|Grimmsnarl, M|28\/100\n|turn|12\n|\n|t:|1699770759\n|move|p2a: Grimmsnarl|Reflect|p2a: Grimmsnarl\n|-sidestart|p2: ThiccTeddyBo|Reflect\n|move|p1a: Melmetal|Double Iron Bash|p2a: Grimmsnarl\n|-supereffective|p2a: Grimmsnarl\n|-damage|p2a: Grimmsnarl|0 fnt\n|faint|p2a: Grimmsnarl\n|-hitcount|p2: Grimmsnarl|1\n|\n|upkeep\n|\n|t:|1699770766\n|switch|p2a: Hater ass fish|Arceus|100\/100\n|turn|13\n|\n|t:|1699770771\n|move|p2a: Hater ass fish|Swords Dance|p2a: Hater ass fish\n|-boost|p2a: Hater ass fish|atk|2\n|move|p1a: Melmetal|Double Iron Bash|p2a: Hater ass fish\n|-damage|p2a: Hater ass fish|81\/100\n|-damage|p2a: Hater ass fish|62\/100\n|-hitcount|p2a: Hater ass fish|2\n|\n|upkeep\n|turn|14\n|\n|t:|1699770778\n|move|p2a: Hater ass fish|Swords Dance|p2a: Hater ass fish\n|-boost|p2a: Hater ass fish|atk|2\n|move|p1a: Melmetal|Double Iron Bash|p2a: Hater ass fish\n|-damage|p2a: Hater ass fish|44\/100\n|-damage|p2a: Hater ass fish|25\/100\n|-hitcount|p2a: Hater ass fish|2\n|\n|upkeep\n|turn|15\n|\n|t:|1699770785\n|move|p2a: Hater ass fish|Shadow Claw|p1a: Melmetal\n|-crit|p1a: Melmetal\n|-damage|p1a: Melmetal|28\/100\n|-damage|p2a: Hater ass fish|15\/100|[from] item: Life Orb\n|move|p1a: Melmetal|Double Iron Bash|p2a: Hater ass fish\n|-damage|p2a: Hater ass fish|0 fnt\n|faint|p2a: Hater ass fish\n|-hitcount|p2: Hater ass fish|1\n|\n|upkeep\n|c|\u2606spidercookie|bro XD\n|\n|t:|1699770791\n|switch|p2a: Xi Xinping|Xerneas|100\/100\n|-ability|p2a: Xi Xinping|Fairy Aura\n|turn|16\n|c|\u2606spidercookie|gg\n|c|\u2606spidercookie|1 ho ko\n|c|\u2606spidercookie|reflec or 2 ho ko\n|c|\u2606ThiccTeddyBo|bRo xD\n|c|\u2606spidercookie|no problem\n|c|\u2606spidercookie|XD\n|c|\u2606ThiccTeddyBo|lmfao\n|c|\u2606spidercookie|gg\n|c|\u2606ThiccTeddyBo|congrats\n|\n|t:|1699770817\n|move|p2a: Xi Xinping|Thunderbolt|p1a: Melmetal\n|-damage|p1a: Melmetal|5\/100\n|move|p1a: Melmetal|Double Iron Bash|p2a: Xi Xinping\n|-supereffective|p2a: Xi Xinping\n|-damage|p2a: Xi Xinping|61\/100\n|-supereffective|p2a: Xi Xinping\n|-damage|p2a: Xi Xinping|20\/100\n|-hitcount|p2a: Xi Xinping|2\n|\n|upkeep\n|turn|17\n|\n|t:|1699770838\n|switch|p1a: Cresselia|Cresselia, F|100\/100\n|move|p2a: Xi Xinping|Thunderbolt|p1a: Cresselia\n|-damage|p1a: Cresselia|83\/100\n|\n|-heal|p1a: Cresselia|89\/100|[from] item: Leftovers\n|upkeep\n|turn|18\n|\n|t:|1699770851\n|switch|p2a: Sturd McGurd|Toxapex, M|100\/100\n|move|p1a: Cresselia|Future Sight|p2a: Sturd McGurd\n|-start|p1a: Cresselia|move: Future Sight\n|\n|-heal|p1a: Cresselia|95\/100|[from] item: Leftovers\n|upkeep\n|turn|19\n|\n|t:|1699770860\n|switch|p1a: Melmetal|Melmetal|5\/100\n|move|p2a: Sturd McGurd|Infestation|p1a: Melmetal\n|-resisted|p1a: Melmetal\n|-damage|p1a: Melmetal|3\/100\n|-activate|p1a: Melmetal|move: Infestation|[of] p2a: Sturd McGurd\n|\n|-damage|p1a: Melmetal|0 fnt|[from] move: Infestation|[partiallytrapped]\n|faint|p1a: Melmetal\n|-sideend|p2: ThiccTeddyBo|Reflect\n|upkeep\n|c|\u2606ThiccTeddyBo|oops ;)\n|\n|t:|1699770870\n|switch|p1a: Klefki|Klefki, F|64\/100\n|turn|20\n|c|\u2606ThiccTeddyBo|not that it matters tho lol\n|\n|t:|1699770894\n|move|p1a: Klefki|Light Screen|p1a: Klefki\n|-sidestart|p1: spidercookie|move: Light Screen\n|move|p2a: Sturd McGurd|Infestation|p1a: Klefki\n|-resisted|p1a: Klefki\n|-damage|p1a: Klefki|63\/100\n|-activate|p1a: Klefki|move: Infestation|[of] p2a: Sturd McGurd\n|\n|-end|p2a: Sturd McGurd|move: Future Sight\n|-supereffective|p2a: Sturd McGurd\n|-damage|p2a: Sturd McGurd|44\/100\n|-damage|p1a: Klefki|51\/100|[from] move: Infestation|[partiallytrapped]\n|upkeep\n|turn|21\n|\n|t:|1699770901\n|move|p1a: Klefki|Defog|p2a: Sturd McGurd\n|-unboost|p2a: Sturd McGurd|evasion|1\n|move|p2a: Sturd McGurd|Recover|p2a: Sturd McGurd\n|-heal|p2a: Sturd McGurd|95\/100\n|\n|-damage|p1a: Klefki|39\/100|[from] move: Infestation|[partiallytrapped]\n|upkeep\n|turn|22\n|\n|t:|1699770907\n|move|p1a: Klefki|Foul Play|p2a: Sturd McGurd\n|-damage|p2a: Sturd McGurd|88\/100\n|-damage|p1a: Klefki|22\/100|[from] item: Rocky Helmet|[of] p2a: Sturd McGurd\n|move|p2a: Sturd McGurd|Infestation|p1a: Klefki\n|-resisted|p1a: Klefki\n|-damage|p1a: Klefki|22\/100\n|\n|-damage|p1a: Klefki|10\/100|[from] move: Infestation|[partiallytrapped]\n|upkeep\n|turn|23\n|\n|t:|1699770913\n|move|p1a: Klefki|Defog|p2a: Sturd McGurd\n|-unboost|p2a: Sturd McGurd|evasion|1\n|move|p2a: Sturd McGurd|Recover|p2a: Sturd McGurd\n|-heal|p2a: Sturd McGurd|100\/100\n|\n|-damage|p1a: Klefki|0 fnt|[from] move: Infestation|[partiallytrapped]\n|faint|p1a: Klefki\n|upkeep\n|c|\u2606spidercookie|interesating\n|c|\u2606ThiccTeddyBo|ruh roh\n|\n|t:|1699770921\n|switch|p1a: Cresselia|Cresselia, F|95\/100\n|turn|24\n|\n|t:|1699770928\n|move|p1a: Cresselia|Protect|p1a: Cresselia\n|-singleturn|p1a: Cresselia|Protect\n|move|p2a: Sturd McGurd|Toxic|p1a: Cresselia\n|-activate|p1a: Cresselia|move: Protect\n|\n|-heal|p1a: Cresselia|100\/100|[from] item: Leftovers\n|-sideend|p1: spidercookie|move: Light Screen\n|upkeep\n|turn|25\n|\n|t:|1699770935\n|-terastallize|p1a: Cresselia|Psychic\n|move|p1a: Cresselia|Future Sight|p2a: Sturd McGurd\n|-start|p1a: Cresselia|move: Future Sight\n|move|p2a: Sturd McGurd|Toxic|p1a: Cresselia\n|-status|p1a: Cresselia|tox\n|\n|-damage|p1a: Cresselia|94\/100 tox|[from] psn\n|upkeep\n|turn|26\n|\n|t:|1699770943\n|move|p1a: Cresselia|Toxic|p2a: Sturd McGurd\n|-immune|p2a: Sturd McGurd\n|move|p2a: Sturd McGurd|Infestation|p1a: Cresselia\n|-supereffective|p1a: Cresselia\n|-damage|p1a: Cresselia|91\/100 tox\n|-activate|p1a: Cresselia|move: Infestation|[of] p2a: Sturd McGurd\n|\n|-heal|p1a: Cresselia|97\/100 tox|[from] item: Leftovers\n|-damage|p1a: Cresselia|85\/100 tox|[from] psn\n|-damage|p1a: Cresselia|73\/100 tox|[from] move: Infestation|[partiallytrapped]\n|upkeep\n|turn|27\n|\n|t:|1699770965\n|switch|p2a: Xi Xinping|Xerneas|20\/100\n|-ability|p2a: Xi Xinping|Fairy Aura\n|move|p1a: Cresselia|Protect||[still]\n|-fail|p1a: Cresselia\n|\n|-end|p2a: Xi Xinping|move: Future Sight\n|-damage|p2a: Xi Xinping|0 fnt\n|faint|p2a: Xi Xinping\n|-heal|p1a: Cresselia|79\/100 tox|[from] item: Leftovers\n|-damage|p1a: Cresselia|61\/100 tox|[from] psn\n|-end|p1a: Cresselia|Infestation|[partiallytrapped]|[silent]\n|upkeep\n|\n|t:|1699770968\n|switch|p2a: Sturd McGurd|Toxapex, M|100\/100\n|turn|28\n|\n|t:|1699770986\n|switch|p1a: Zacian|Zacian-Crowned|100\/100\n|-ability|p1a: Zacian|Intrepid Sword|boost\n|-boost|p1a: Zacian|atk|1\n|move|p2a: Sturd McGurd|Infestation|p1a: Zacian\n|-resisted|p1a: Zacian\n|-damage|p1a: Zacian|99\/100\n|-activate|p1a: Zacian|move: Infestation|[of] p2a: Sturd McGurd\n|\n|-damage|p1a: Zacian|88\/100|[from] move: Infestation|[partiallytrapped]\n|upkeep\n|turn|29\n|\n|t:|1699770999\n|move|p1a: Zacian|Fire Fang|p2a: Sturd McGurd\n|-resisted|p2a: Sturd McGurd\n|-damage|p2a: Sturd McGurd|88\/100\n|-damage|p1a: Zacian|71\/100|[from] item: Rocky Helmet|[of] p2a: Sturd McGurd\n|move|p2a: Sturd McGurd|Recover|p2a: Sturd McGurd\n|-heal|p2a: Sturd McGurd|100\/100\n|\n|-damage|p1a: Zacian|59\/100|[from] move: Infestation|[partiallytrapped]\n|upkeep\n|turn|30\n|c|\u2606ThiccTeddyBo|RUH ROH\n|\n|t:|1699771011\n|move|p1a: Zacian|Behemoth Blade|p2a: Sturd McGurd\n|-resisted|p2a: Sturd McGurd\n|-damage|p2a: Sturd McGurd|74\/100\n|-damage|p1a: Zacian|42\/100|[from] item: Rocky Helmet|[of] p2a: Sturd McGurd\n|move|p2a: Sturd McGurd|Haze|p2a: Sturd McGurd\n|-clearallboost\n|\n|-damage|p1a: Zacian|30\/100|[from] move: Infestation|[partiallytrapped]\n|upkeep\n|turn|31\n|\n|t:|1699771015\n|move|p1a: Zacian|Fire Fang|p2a: Sturd McGurd\n|-resisted|p2a: Sturd McGurd\n|-damage|p2a: Sturd McGurd|66\/100\n|-damage|p1a: Zacian|13\/100|[from] item: Rocky Helmet|[of] p2a: Sturd McGurd\n|cant|p2a: Sturd McGurd|flinch\n|\n|-damage|p1a: Zacian|1\/100|[from] move: Infestation|[partiallytrapped]\n|upkeep\n|turn|32\n|\n|t:|1699771021\n|move|p1a: Zacian|Behemoth Blade|p2a: Sturd McGurd\n|-resisted|p2a: Sturd McGurd\n|-damage|p2a: Sturd McGurd|47\/100\n|-damage|p1a: Zacian|0 fnt|[from] item: Rocky Helmet|[of] p2a: Sturd McGurd\n|faint|p1a: Zacian\n|move|p2a: Sturd McGurd|Recover|p2a: Sturd McGurd\n|-heal|p2a: Sturd McGurd|98\/100\n|\n|upkeep\n|\n|t:|1699771025\n|switch|p1a: Cresselia|Cresselia, F, tera:Psychic|61\/100 tox\n|turn|33\n|c|\u2606ThiccTeddyBo|RRUUHH RROOHH\n|c|\u2606spidercookie|ggs\n|c|\u2606spidercookie|xD\n|\n|t:|1699771038\n|move|p1a: Cresselia|Future Sight|p2a: Sturd McGurd\n|-start|p1a: Cresselia|move: Future Sight\n|move|p2a: Sturd McGurd|Infestation|p1a: Cresselia\n|-supereffective|p1a: Cresselia\n|-damage|p1a: Cresselia|57\/100 tox\n|-activate|p1a: Cresselia|move: Infestation|[of] p2a: Sturd McGurd\n|\n|-heal|p1a: Cresselia|64\/100 tox|[from] item: Leftovers\n|-damage|p1a: Cresselia|57\/100 tox|[from] psn\n|-damage|p1a: Cresselia|45\/100 tox|[from] move: Infestation|[partiallytrapped]\n|upkeep\n|turn|34\n|c|\u2606spidercookie|interesanting\n|c|\u2606spidercookie|mmm\n|c|\u2606ThiccTeddyBo|yeah you keep saying that hmmmmmmmm\n|c|\u2606ThiccTeddyBo|you know what's really fun\n|c|\u2606ThiccTeddyBo|I guess you wouldn't know\n|c|\u2606ThiccTeddyBo|but getting laid\n|c|\u2606ThiccTeddyBo|it's nice\n|inactive|ThiccTeddyBo has 120 seconds left.\n|\n|t:|1699771085\n|move|p1a: Cresselia|Toxic|p2a: Sturd McGurd\n|-immune|p2a: Sturd McGurd\n|move|p2a: Sturd McGurd|Infestation|p1a: Cresselia\n|-supereffective|p1a: Cresselia\n|-damage|p1a: Cresselia|42\/100 tox\n|\n|-heal|p1a: Cresselia|48\/100 tox|[from] item: Leftovers\n|-damage|p1a: Cresselia|36\/100 tox|[from] psn\n|-damage|p1a: Cresselia|24\/100 tox|[from] move: Infestation|[partiallytrapped]\n|upkeep\n|turn|35\n|c|\u2606ThiccTeddyBo|NICE TOXIC BRO\n|c|\u2606spidercookie|I don't have genius attacks\n|inactive|ThiccTeddyBo has 90 seconds left.\n|c|\u2606ThiccTeddyBo|yeah cuz you can't get laid\n|\n|t:|1699771134\n|move|p1a: Cresselia|Protect|p1a: Cresselia\n|-singleturn|p1a: Cresselia|Protect\n|move|p2a: Sturd McGurd|Toxic|p1a: Cresselia\n|-activate|p1a: Cresselia|move: Protect\n|\n|-end|p2a: Sturd McGurd|move: Future Sight\n|-supereffective|p2a: Sturd McGurd\n|-damage|p2a: Sturd McGurd|26\/100\n|-heal|p1a: Cresselia|30\/100 tox|[from] item: Leftovers\n|-damage|p1a: Cresselia|12\/100 tox|[from] psn\n|-damage|p1a: Cresselia|0 fnt|[from] move: Infestation|[partiallytrapped]\n|faint|p1a: Cresselia\n|upkeep\n|\n|t:|1699771139\n|switch|p1a: Chien-Pao|Chien-Pao|100\/100\n|-ability|p1a: Chien-Pao|Sword of Ruin\n|turn|36\n|c|\u2606ThiccTeddyBo|incel shit lol\n|-message|ThiccTeddyBo forfeited.\n|\n|win|spidercookie\n|raw|spidercookie's rating: 1431 &rarr; <strong>1443<\/strong><br \/>(+12 for winning)\n|raw|ThiccTeddyBo's rating: 1293 &rarr; <strong>1277<\/strong><br \/>(-16 for losing)\n|l|\u2606ThiccTeddyBo\n","uploadtime":1699771172,"views":13,"p1id":"spidercookie","p2id":"thiccteddybo","formatid":"gen9nationaldexubers","rating":1277,"private":0,"password":""}