{"id":"gen9nationaldexubers-1996234674","p1":"TeamSkyGabriel","p2":"Sinore","format":"[Gen 9] National Dex Ubers","log":"|j|\u2606TeamSkyGabriel\n|j|\u2606Sinore\n|t:|1700662340\n|gametype|singles\n|player|p1|TeamSkyGabriel|1|1096\n|player|p2|Sinore|erika|1032\n|teamsize|p1|6\n|teamsize|p2|6\n|gen|9\n|tier|[Gen 9] National Dex Ubers\n|rated|\n|rule|HP Percentage Mod: HP is shown in percentages\n|rule|Endless Battle Clause: Forcing endless battles is banned\n|rule|OHKO Clause: OHKO moves are banned\n|rule|Evasion Moves Clause: Evasion moves are banned\n|rule|Evasion Items Clause: Evasion items are banned\n|rule|Species Clause: Limit one of each Pok\u00e9mon\n|rule|Sleep Clause Mod: Limit one foe put to sleep\n|rule|Mega Rayquaza Clause: You cannot mega evolve Rayquaza\n|clearpoke\n|poke|p1|Incineroar, M|\n|poke|p1|Sceptile, M|\n|poke|p1|Salamence, M|\n|poke|p1|Gliscor, F|\n|poke|p1|Eelektross, F|\n|poke|p1|Corviknight, M|\n|poke|p2|Tapu Koko|\n|poke|p2|Urshifu-*, M|\n|poke|p2|Kyogre|\n|poke|p2|Tsareena, F|\n|poke|p2|Gardevoir, M|\n|poke|p2|Azelf|\n|teampreview\n|c|\u2606TeamSkyGabriel|Seems like a strong team but team sky is called team sky for being on top\n|\n|t:|1700662368\n|start\n|switch|p1a: Gliscor|Gliscor, F, shiny|100\/100\n|switch|p2a: Azelf|Azelf|100\/100\n|turn|1\n|\n|t:|1700662375\n|-terastallize|p1a: Gliscor|Normal\n|move|p2a: Azelf|Stealth Rock|p1a: Gliscor\n|-sidestart|p1: TeamSkyGabriel|move: Stealth Rock\n|move|p1a: Gliscor|X-Scissor|p2a: Azelf\n|-supereffective|p2a: Azelf\n|-damage|p2a: Azelf|22\/100\n|\n|-status|p1a: Gliscor|tox|[from] item: Toxic Orb\n|upkeep\n|turn|2\n|\n|t:|1700662387\n|move|p2a: Azelf|Thunder Wave||[still]\n|-fail|p2a: Azelf\n|move|p1a: Gliscor|X-Scissor|p2a: Azelf\n|-supereffective|p2a: Azelf\n|-damage|p2a: Azelf|0 fnt\n|faint|p2a: Azelf\n|\n|upkeep\n|\n|t:|1700662396\n|switch|p2a: Urshifu|Urshifu, M|100\/100\n|turn|3\n|c|\u2606TeamSkyGabriel|You can\u2019t change status effects?\n|\n|t:|1700662415\n|switch|p1a: Salamence|Salamence, M|100\/100\n|-damage|p1a: Salamence|75\/100|[from] Stealth Rock\n|move|p2a: Urshifu|Wicked Blow|p1a: Salamence\n|-crit|p1a: Salamence\n|-damage|p1a: Salamence|0 fnt\n|faint|p1a: Salamence\n|\n|upkeep\n|c|\u2606TeamSkyGabriel|Tf how\n|\n|t:|1700662438\n|switch|p1a: Sceptile|Sceptile, M, shiny|100\/100\n|-damage|p1a: Sceptile|88\/100|[from] Stealth Rock\n|turn|4\n|\n|t:|1700662465\n|detailschange|p1a: Sceptile|Sceptile-Mega, M, shiny\n|-mega|p1a: Sceptile|Sceptile|Sceptilite\n|move|p1a: Sceptile|Energy Ball|p2a: Urshifu\n|-damage|p2a: Urshifu|12\/100\n|move|p2a: Urshifu|Wicked Blow|p1a: Sceptile\n|-crit|p1a: Sceptile\n|-damage|p1a: Sceptile|0 fnt\n|faint|p1a: Sceptile\n|\n|upkeep\n|\n|t:|1700662477\n|switch|p1a: Gliscor|Gliscor, F, shiny, tera:Normal|100\/100 tox\n|-damage|p1a: Gliscor|88\/100 tox|[from] Stealth Rock\n|turn|5\n|\n|t:|1700662485\n|move|p2a: Urshifu|Wicked Blow|p1a: Gliscor\n|-crit|p1a: Gliscor\n|-damage|p1a: Gliscor|12\/100 tox\n|move|p1a: Gliscor|X-Scissor|p2a: Urshifu\n|-damage|p2a: Urshifu|0 fnt\n|faint|p2a: Urshifu\n|\n|-heal|p1a: Gliscor|24\/100 tox|[from] ability: Poison Heal\n|upkeep\n|\n|t:|1700662495\n|switch|p2a: Tsareena|Tsareena, F|100\/100\n|turn|6\n|\n|t:|1700662506\n|move|p2a: Tsareena|Rapid Spin|p1a: Gliscor\n|-damage|p1a: Gliscor|11\/100 tox\n|-boost|p2a: Tsareena|spe|1\n|move|p1a: Gliscor|Ice Fang|p2a: Tsareena\n|-supereffective|p2a: Tsareena\n|-damage|p2a: Tsareena|54\/100\n|\n|-heal|p1a: Gliscor|23\/100 tox|[from] ability: Poison Heal\n|upkeep\n|turn|7\n|\n|t:|1700662515\n|move|p2a: Tsareena|High Jump Kick|p1a: Gliscor\n|-supereffective|p1a: Gliscor\n|-damage|p1a: Gliscor|0 fnt\n|faint|p1a: Gliscor\n|\n|upkeep\n|\n|t:|1700662519\n|switch|p1a: Eelektross|Eelektross, F, shiny|100\/100\n|-damage|p1a: Eelektross|88\/100|[from] Stealth Rock\n|turn|8\n|\n|t:|1700662524\n|move|p2a: Tsareena|High Jump Kick|p1a: Eelektross\n|-damage|p1a: Eelektross|39\/100\n|move|p1a: Eelektross|Flamethrower|p2a: Tsareena\n|-supereffective|p2a: Tsareena\n|-damage|p2a: Tsareena|0 fnt\n|faint|p2a: Tsareena\n|\n|upkeep\n|\n|t:|1700662546\n|switch|p2a: Tapu Koko|Tapu Koko|100\/100\n|-fieldstart|move: Electric Terrain|[from] ability: Electric Surge|[of] p2a: Tapu Koko\n|turn|9\n|\n|t:|1700662552\n|move|p2a: Tapu Koko|Brave Bird|p1a: Eelektross\n|-resisted|p1a: Eelektross\n|-damage|p1a: Eelektross|17\/100\n|-damage|p2a: Tapu Koko|91\/100|[from] Recoil\n|move|p1a: Eelektross|Flash Cannon|p2a: Tapu Koko\n|-damage|p2a: Tapu Koko|46\/100\n|\n|upkeep\n|turn|10\n|\n|t:|1700662565\n|switch|p2a: Gardevoir|Gardevoir, M|100\/100\n|-ability|p2a: Gardevoir|Levitate|[from] ability: Trace|[of] p1a: Eelektross\n|switch|p1a: Corviknight|Corviknight, M, shiny|100\/100\n|-damage|p1a: Corviknight|88\/100|[from] Stealth Rock\n|\n|upkeep\n|turn|11\n|\n|t:|1700662572\n|switch|p2a: Kyogre|Kyogre|100\/100\n|detailschange|p2a: Kyogre|Kyogre-Primal\n|-primal|p2a: Kyogre|Blue Orb\n|-weather|PrimordialSea|[from] ability: Primordial Sea|[of] p2a: Kyogre\n|move|p1a: Corviknight|Iron Head|p2a: Kyogre\n|-resisted|p2a: Kyogre\n|-damage|p2a: Kyogre|86\/100\n|\n|-weather|PrimordialSea|[upkeep]\n|upkeep\n|turn|12\n|\n|t:|1700662593\n|switch|p1a: Eelektross|Eelektross, F, shiny|17\/100\n|-damage|p1a: Eelektross|4\/100|[from] Stealth Rock\n|move|p2a: Kyogre|Water Spout|p1a: Eelektross\n|-damage|p1a: Eelektross|0 fnt\n|faint|p1a: Eelektross\n|\n|-weather|PrimordialSea|[upkeep]\n|upkeep\n|\n|t:|1700662602\n|switch|p1a: Incineroar|Incineroar, M, shiny|100\/100\n|-damage|p1a: Incineroar|76\/100|[from] Stealth Rock\n|-ability|p1a: Incineroar|Intimidate|boost\n|-unboost|p2a: Kyogre|atk|1\n|turn|13\n|\n|t:|1700662608\n|move|p2a: Kyogre|Water Spout|p1a: Incineroar\n|-supereffective|p1a: Incineroar\n|-damage|p1a: Incineroar|0 fnt\n|faint|p1a: Incineroar\n|\n|-weather|PrimordialSea|[upkeep]\n|-fieldend|move: Electric Terrain\n|upkeep\n|\n|t:|1700662611\n|switch|p1a: Corviknight|Corviknight, M, shiny|88\/100\n|-damage|p1a: Corviknight|76\/100|[from] Stealth Rock\n|turn|14\n|\n|t:|1700662615\n|move|p2a: Kyogre|Thunder|p1a: Corviknight\n|-supereffective|p1a: Corviknight\n|-damage|p1a: Corviknight|0 fnt\n|faint|p1a: Corviknight\n|\n|win|Sinore\n|raw|TeamSkyGabriel's rating: 1096 &rarr; <strong>1067<\/strong><br \/>(-29 for losing)\n|raw|Sinore's rating: 1032 &rarr; <strong>1074<\/strong><br \/>(+42 for winning)\n|c|\u2606Sinore|many words\n|c|\u2606TeamSkyGabriel|Gg\n|c|\u2606Sinore|gg\n|l|\u2606TeamSkyGabriel\n","uploadtime":1700662639,"views":2,"p1id":"teamskygabriel","p2id":"sinore","formatid":"gen9nationaldexubers","rating":1067,"private":0,"password":""}