{"id":"gen9nationaldexubers-1994571745","p1":"aquiles meo","p2":"Pollylopy","format":"[Gen 9] National Dex Ubers","log":"|j|\u2606aquiles meo\n|j|\u2606Pollylopy\n|t:|1700461951\n|gametype|singles\n|player|p1|aquiles meo|ethan|1160\n|player|p2|Pollylopy|waitress|1212\n|teamsize|p1|6\n|teamsize|p2|6\n|gen|9\n|tier|[Gen 9] National Dex Ubers\n|rated|\n|rule|HP Percentage Mod: HP is shown in percentages\n|rule|Endless Battle Clause: Forcing endless battles is banned\n|rule|OHKO Clause: OHKO moves are banned\n|rule|Evasion Moves Clause: Evasion moves are banned\n|rule|Evasion Items Clause: Evasion items are banned\n|rule|Species Clause: Limit one of each Pok\u00e9mon\n|rule|Sleep Clause Mod: Limit one foe put to sleep\n|rule|Mega Rayquaza Clause: You cannot mega evolve Rayquaza\n|clearpoke\n|poke|p1|Jirachi|\n|poke|p1|Ho-Oh|\n|poke|p1|Rayquaza|\n|poke|p1|Pidgeot, M|\n|poke|p1|Lucario, M|\n|poke|p1|Luxray, M|\n|poke|p2|Crobat, M|\n|poke|p2|Klefki, F|\n|poke|p2|Ceruledge, M|\n|poke|p2|Espeon, F|\n|poke|p2|Golduck, M|\n|poke|p2|Tangrowth, M|\n|teampreview\n|\n|t:|1700461962\n|start\n|switch|p1a: Jirachi|Jirachi|100\/100\n|switch|p2a: Klefki|Klefki, F|100\/100\n|turn|1\n|\n|t:|1700461970\n|move|p2a: Klefki|Thunder Wave|p1a: Jirachi\n|-status|p1a: Jirachi|par\n|move|p1a: Jirachi|Iron Head|p2a: Klefki\n|-damage|p2a: Klefki|79\/100\n|\n|-heal|p2a: Klefki|85\/100|[from] item: Leftovers\n|upkeep\n|turn|2\n|\n|t:|1700461990\n|move|p2a: Klefki|Spikes|p1a: Jirachi\n|-sidestart|p1: aquiles meo|Spikes\n|cant|p1a: Jirachi|par\n|\n|-heal|p2a: Klefki|91\/100|[from] item: Leftovers\n|upkeep\n|turn|3\n|\n|t:|1700461998\n|move|p2a: Klefki|Spikes|p1a: Jirachi\n|-sidestart|p1: aquiles meo|Spikes\n|move|p1a: Jirachi|Wish|p1a: Jirachi\n|\n|-heal|p2a: Klefki|97\/100|[from] item: Leftovers\n|upkeep\n|turn|4\n|\n|t:|1700462006\n|switch|p1a: Pidgeot|Pidgeot, M|100\/100\n|move|p2a: Klefki|Spikes|p1a: Pidgeot\n|-sidestart|p1: aquiles meo|Spikes\n|\n|-heal|p2a: Klefki|100\/100|[from] item: Leftovers\n|upkeep\n|turn|5\n|\n|t:|1700462023\n|switch|p1a: Luxray|Luxray, M, shiny|100\/100\n|-damage|p1a: Luxray|76\/100|[from] Spikes\n|move|p2a: Klefki|Thunder Wave|p1a: Luxray|[miss]\n|-miss|p2a: Klefki|p1a: Luxray\n|\n|upkeep\n|turn|6\n|\n|t:|1700462033\n|move|p2a: Klefki|Toxic|p1a: Luxray\n|-status|p1a: Luxray|tox\n|move|p1a: Luxray|Agility|p1a: Luxray\n|-boost|p1a: Luxray|spe|2\n|\n|-damage|p1a: Luxray|70\/100 tox|[from] psn\n|upkeep\n|turn|7\n|\n|t:|1700462045\n|move|p1a: Luxray|Wild Charge|p2a: Klefki\n|-damage|p2a: Klefki|53\/100\n|-damage|p1a: Luxray|59\/100 tox|[from] Recoil\n|move|p2a: Klefki|Draining Kiss|p1a: Luxray\n|-damage|p1a: Luxray|42\/100 tox\n|-heal|p2a: Klefki|67\/100|[from] drain|[of] p1a: Luxray\n|\n|-heal|p2a: Klefki|73\/100|[from] item: Leftovers\n|-damage|p1a: Luxray|30\/100 tox|[from] psn\n|upkeep\n|turn|8\n|\n|t:|1700462058\n|-zpower|p1a: Luxray\n|move|p1a: Luxray|Gigavolt Havoc|p2a: Klefki|[zeffect]\n|-damage|p2a: Klefki|0 fnt\n|faint|p2a: Klefki\n|\n|-damage|p1a: Luxray|11\/100 tox|[from] psn\n|upkeep\n|\n|t:|1700462086\n|switch|p2a: Espeon|Espeon, F|100\/100\n|turn|9\n|inactive|Battle timer is ON: inactive players will automatically lose when time's up. (requested by Pollylopy)\n|\n|t:|1700462103\n|move|p2a: Espeon|Protect|p2a: Espeon\n|-singleturn|p2a: Espeon|Protect\n|move|p1a: Luxray|Psychic Fangs|p2a: Espeon\n|-activate|p2a: Espeon|move: Protect\n|\n|-damage|p1a: Luxray|0 fnt|[from] psn\n|faint|p1a: Luxray\n|upkeep\n|\n|t:|1700462116\n|switch|p1a: Pidgeot|Pidgeot, M|100\/100\n|turn|10\n|\n|t:|1700462130\n|move|p2a: Espeon|Psychic|p1a: Pidgeot\n|-damage|p1a: Pidgeot|33\/100\n|move|p1a: Pidgeot|Tailwind|p1a: Pidgeot\n|-sidestart|p1: aquiles meo|move: Tailwind\n|\n|upkeep\n|turn|11\n|\n|t:|1700462138\n|move|p1a: Pidgeot|Defog|p2a: Espeon\n|move|p2a: Espeon|Defog|p1a: Pidgeot|[from]ability: Magic Bounce\n|-unboost|p1a: Pidgeot|evasion|1\n|-sideend|p1: aquiles meo|Spikes|[from] move: Defog|[of] p2a: Espeon\n|move|p2a: Espeon|Psychic|p1a: Pidgeot\n|-damage|p1a: Pidgeot|0 fnt\n|faint|p1a: Pidgeot\n|\n|upkeep\n|\n|t:|1700462159\n|switch|p1a: Lucario|Lucario, M, shiny|100\/100\n|turn|12\n|\n|t:|1700462168\n|detailschange|p1a: Lucario|Lucario-Mega, M, shiny\n|-mega|p1a: Lucario|Lucario|Lucarionite\n|move|p1a: Lucario|Shadow Ball|p2a: Espeon\n|-supereffective|p2a: Espeon\n|-damage|p2a: Espeon|31\/100\n|move|p2a: Espeon|Psychic|p1a: Lucario\n|-damage|p1a: Lucario|16\/100\n|\n|upkeep\n|turn|13\n|\n|t:|1700462195\n|switch|p2a: Tangrowth|Tangrowth, M|100\/100\n|move|p1a: Lucario|Aura Sphere|p2a: Tangrowth\n|-damage|p2a: Tangrowth|27\/100\n|\n|-heal|p2a: Tangrowth|33\/100|[from] item: Leftovers\n|-sideend|p1: aquiles meo|move: Tailwind\n|upkeep\n|turn|14\n|\n|t:|1700462213\n|switch|p2a: Crobat|Crobat, M|100\/100\n|move|p1a: Lucario|Bullet Punch|p2a: Crobat\n|-damage|p2a: Crobat|61\/100\n|\n|upkeep\n|turn|15\n|\n|t:|1700462226\n|switch|p1a: Ho-Oh|Ho-Oh|100\/100\n|move|p2a: Crobat|Brave Bird|p1a: Ho-Oh\n|-damage|p1a: Ho-Oh|42\/100\n|-damage|p2a: Crobat|38\/100|[from] Recoil\n|\n|upkeep\n|turn|16\n|inactive|aquiles meo has 120 seconds left.\n|\n|t:|1700462250\n|switch|p1a: Jirachi|Jirachi|100\/100 par\n|move|p2a: Crobat|Brave Bird|p1a: Jirachi\n|-resisted|p1a: Jirachi\n|-damage|p1a: Jirachi|73\/100 par\n|-damage|p2a: Crobat|27\/100|[from] Recoil\n|\n|upkeep\n|turn|17\n|\n|t:|1700462260\n|move|p2a: Crobat|Taunt|p1a: Jirachi\n|-start|p1a: Jirachi|move: Taunt\n|cant|p1a: Jirachi|move: Taunt|Wish\n|\n|upkeep\n|turn|18\n|\n|t:|1700462266\n|move|p2a: Crobat|U-turn|p1a: Jirachi\n|-damage|p1a: Jirachi|54\/100 par\n|\n|t:|1700462271\n|switch|p2a: Ceruledge|Ceruledge, M|100\/100|[from] U-turn\n|cant|p1a: Jirachi|par\n|\n|upkeep\n|turn|19\n|\n|t:|1700462290\n|switch|p1a: Ho-Oh|Ho-Oh|75\/100\n|move|p2a: Ceruledge|Swords Dance|p2a: Ceruledge\n|-boost|p2a: Ceruledge|atk|2\n|\n|upkeep\n|turn|20\n|\n|t:|1700462300\n|move|p2a: Ceruledge|Shadow Claw|p1a: Ho-Oh\n|-damage|p1a: Ho-Oh|6\/100\n|move|p1a: Ho-Oh|Earthquake|p2a: Ceruledge\n|-supereffective|p2a: Ceruledge\n|-damage|p2a: Ceruledge|12\/100\n|-ability|p2a: Ceruledge|Weak Armor|boost\n|-unboost|p2a: Ceruledge|def|1\n|-boost|p2a: Ceruledge|spe|2\n|\n|upkeep\n|turn|21\n|\n|t:|1700462324\n|switch|p1a: Jirachi|Jirachi|54\/100 par\n|move|p2a: Ceruledge|Shadow Claw|p1a: Jirachi\n|-supereffective|p1a: Jirachi\n|-damage|p1a: Jirachi|0 fnt\n|faint|p1a: Jirachi\n|\n|upkeep\n|inactive|aquiles meo has 120 seconds left.\n|\n|t:|1700462339\n|switch|p1a: Lucario|Lucario-Mega, M, shiny|16\/100\n|turn|22\n|\n|t:|1700462344\n|move|p1a: Lucario|Bullet Punch|p2a: Ceruledge\n|-resisted|p2a: Ceruledge\n|-damage|p2a: Ceruledge|0 fnt\n|faint|p2a: Ceruledge\n|\n|upkeep\n|\n|t:|1700462351\n|switch|p2a: Golduck|Golduck, M|100\/100\n|-ability|p2a: Golduck|Cloud Nine\n|turn|23\n|\n|t:|1700462369\n|switch|p1a: Ho-Oh|Ho-Oh|39\/100\n|move|p2a: Golduck|Surf|p1a: Ho-Oh\n|-supereffective|p1a: Ho-Oh\n|-damage|p1a: Ho-Oh|0 fnt\n|faint|p1a: Ho-Oh\n|\n|upkeep\n|\n|t:|1700462375\n|switch|p1a: Rayquaza|Rayquaza|100\/100\n|-ability|p1a: Rayquaza|Air Lock\n|turn|24\n|\n|t:|1700462394\n|move|p2a: Golduck|Ice Beam|p1a: Rayquaza\n|-supereffective|p1a: Rayquaza\n|-damage|p1a: Rayquaza|0 fnt\n|faint|p1a: Rayquaza\n|\n|upkeep\n|inactive|aquiles meo has 120 seconds left.\n|\n|t:|1700462412\n|switch|p1a: Lucario|Lucario-Mega, M, shiny|16\/100\n|turn|25\n|inactive|aquiles meo has 120 seconds left.\n|\n|t:|1700462423\n|move|p1a: Lucario|Aura Sphere|p2a: Golduck\n|-damage|p2a: Golduck|35\/100\n|move|p2a: Golduck|Surf|p1a: Lucario\n|-damage|p1a: Lucario|0 fnt\n|faint|p1a: Lucario\n|\n|win|Pollylopy\n|raw|aquiles meo's rating: 1160 &rarr; <strong>1139<\/strong><br \/>(-21 for losing)\n|raw|Pollylopy's rating: 1212 &rarr; <strong>1233<\/strong><br \/>(+21 for winning)\n","uploadtime":1700462434,"views":3,"p1id":"aquilesmeo","p2id":"pollylopy","formatid":"gen9nationaldexubers","rating":1139,"private":0,"password":""}