{"id":"gen9nationaldexubers-1992970299","p1":"Triggerhappy50","p2":"JamesMcButts","format":"[Gen 9] National Dex Ubers","log":"|j|\u2606Triggerhappy50\n|j|\u2606JamesMcButts\n|t:|1700251405\n|gametype|singles\n|player|p1|Triggerhappy50|red|\n|player|p2|JamesMcButts|swimmer-gen4|\n|teamsize|p1|6\n|teamsize|p2|6\n|gen|9\n|tier|[Gen 9] National Dex Ubers\n|rule|HP Percentage Mod: HP is shown in percentages\n|rule|Endless Battle Clause: Forcing endless battles is banned\n|rule|OHKO Clause: OHKO moves are banned\n|rule|Evasion Moves Clause: Evasion moves are banned\n|rule|Evasion Items Clause: Evasion items are banned\n|rule|Species Clause: Limit one of each Pok\u00e9mon\n|rule|Sleep Clause Mod: Limit one foe put to sleep\n|rule|Mega Rayquaza Clause: You cannot mega evolve Rayquaza\n|clearpoke\n|poke|p1|Flutter Mane|\n|poke|p1|Iron Valiant|\n|poke|p1|Klefki, F|\n|poke|p1|Clefable, F|\n|poke|p1|Mimikyu, F|\n|poke|p1|Togekiss, M|\n|poke|p2|Corviknight, F|\n|poke|p2|Aegislash, M|\n|poke|p2|Empoleon, F|\n|poke|p2|Tinkaton, F|\n|poke|p2|Aggron, M|\n|poke|p2|Lucario, M|\n|teampreview\n|j| HereticalJ\n|\n|t:|1700251429\n|start\n|switch|p1a: Klefki|Klefki, F, shiny|100\/100\n|switch|p2a: Tinkaton|Tinkaton, F, shiny|100\/100\n|-ability|p2a: Tinkaton|Mold Breaker\n|turn|1\n|\n|t:|1700251449\n|move|p1a: Klefki|Reflect|p1a: Klefki\n|-sidestart|p1: Triggerhappy50|Reflect\n|move|p2a: Tinkaton|Stealth Rock|p1a: Klefki\n|-sidestart|p1: Triggerhappy50|move: Stealth Rock\n|\n|upkeep\n|turn|2\n|\n|t:|1700251473\n|move|p1a: Klefki|Light Screen|p1a: Klefki\n|-sidestart|p1: Triggerhappy50|move: Light Screen\n|move|p2a: Tinkaton|Brick Break|p1a: Klefki\n|-sideend|p1: Triggerhappy50|Reflect\n|-sideend|p1: Triggerhappy50|move: Light Screen\n|-damage|p1a: Klefki|88\/100\n|\n|upkeep\n|turn|3\n|\n|t:|1700251484\n|move|p1a: Klefki|Spikes|p2a: Tinkaton\n|-sidestart|p2: JamesMcButts|Spikes\n|move|p2a: Tinkaton|Gigaton Hammer|p1a: Klefki\n|-damage|p1a: Klefki|46\/100\n|\n|upkeep\n|turn|4\n|\n|t:|1700251493\n|move|p2a: Tinkaton|Protect|p2a: Tinkaton\n|-singleturn|p2a: Tinkaton|Protect\n|move|p1a: Klefki|Reflect|p1a: Klefki\n|-sidestart|p1: Triggerhappy50|Reflect\n|\n|upkeep\n|turn|5\n|\n|t:|1700251509\n|switch|p1a: Mimikyu|Mimikyu, F|100\/100\n|-damage|p1a: Mimikyu|88\/100|[from] Stealth Rock\n|move|p2a: Tinkaton|Brick Break|p1a: Mimikyu\n|-immune|p1a: Mimikyu\n|\n|upkeep\n|turn|6\n|\n|t:|1700251537\n|move|p1a: Mimikyu|Swords Dance|p1a: Mimikyu\n|-boost|p1a: Mimikyu|atk|2\n|move|p2a: Tinkaton|Gigaton Hammer|p1a: Mimikyu\n|-supereffective|p1a: Mimikyu\n|-damage|p1a: Mimikyu|14\/100\n|\n|upkeep\n|turn|7\n|\n|t:|1700251568\n|switch|p2a: Lucario|Lucario, M|100\/100\n|-damage|p2a: Lucario|88\/100|[from] Spikes\n|move|p1a: Mimikyu|Drain Punch|p2a: Lucario\n|-supereffective|p2a: Lucario\n|-damage|p2a: Lucario|0 fnt\n|-heal|p1a: Mimikyu|63\/100|[from] drain|[of] p2a: Lucario\n|faint|p2a: Lucario\n|-damage|p1a: Mimikyu|53\/100|[from] item: Life Orb\n|\n|upkeep\n|\n|t:|1700251585\n|switch|p2a: Aggron|Aggron, M, shiny|100\/100\n|-damage|p2a: Aggron|88\/100|[from] Spikes\n|turn|8\n|\n|t:|1700251600\n|detailschange|p2a: Aggron|Aggron-Mega, M, shiny\n|-mega|p2a: Aggron|Aggron|Aggronite\n|move|p1a: Mimikyu|Drain Punch|p2a: Aggron\n|-supereffective|p2a: Aggron\n|-damage|p2a: Aggron|47\/100\n|-heal|p1a: Mimikyu|81\/100|[from] drain|[of] p2a: Aggron\n|-damage|p1a: Mimikyu|71\/100|[from] item: Life Orb\n|move|p2a: Aggron|Heavy Slam|p1a: Mimikyu\n|-activate|p1a: Mimikyu|ability: Disguise\n|-damage|p1a: Mimikyu|71\/100\n|detailschange|p1a: Mimikyu|Mimikyu-Busted, F\n|-damage|p1a: Mimikyu|59\/100|[from] pokemon: Mimikyu-Busted\n|\n|upkeep\n|turn|9\n|\n|t:|1700251682\n|move|p1a: Mimikyu|Drain Punch|p2a: Aggron\n|-supereffective|p2a: Aggron\n|-damage|p2a: Aggron|9\/100\n|-heal|p1a: Mimikyu|85\/100|[from] drain|[of] p2a: Aggron\n|-damage|p1a: Mimikyu|75\/100|[from] item: Life Orb\n|move|p2a: Aggron|Toxic|p1a: Mimikyu\n|-status|p1a: Mimikyu|tox\n|\n|-damage|p1a: Mimikyu|69\/100 tox|[from] psn\n|upkeep\n|turn|10\n|\n|t:|1700251722\n|switch|p2a: Empoleon|Empoleon, F|100\/100\n|-damage|p2a: Empoleon|88\/100|[from] Spikes\n|move|p1a: Mimikyu|Drain Punch|p2a: Empoleon\n|-supereffective|p2a: Empoleon\n|-damage|p2a: Empoleon|0 fnt\n|-heal|p1a: Mimikyu|100\/100 tox|[from] drain|[of] p2a: Empoleon\n|faint|p2a: Empoleon\n|-damage|p1a: Mimikyu|91\/100 tox|[from] item: Life Orb\n|\n|-damage|p1a: Mimikyu|79\/100 tox|[from] psn\n|upkeep\n|\n|t:|1700251754\n|switch|p2a: Aegislash|Aegislash, M, shiny|100\/100\n|-damage|p2a: Aegislash|88\/100|[from] Spikes\n|turn|11\n|\n|t:|1700251767\n|move|p1a: Mimikyu|Swords Dance|p1a: Mimikyu\n|-boost|p1a: Mimikyu|atk|2\n|-formechange|p2a: Aegislash|Aegislash-Blade||[from] ability: Stance Change\n|move|p2a: Aegislash|Gyro Ball|p1a: Mimikyu\n|-supereffective|p1a: Mimikyu\n|-damage|p1a: Mimikyu|0 fnt\n|faint|p1a: Mimikyu\n|\n|-sideend|p1: Triggerhappy50|Reflect\n|upkeep\n|\n|t:|1700251777\n|switch|p1a: Klefki|Klefki, F, shiny|46\/100\n|-damage|p1a: Klefki|40\/100|[from] Stealth Rock\n|turn|12\n|\n|t:|1700251792\n|move|p1a: Klefki|Reflect|p1a: Klefki\n|-sidestart|p1: Triggerhappy50|Reflect\n|move|p2a: Aegislash|Gyro Ball|p1a: Klefki\n|-damage|p1a: Klefki|27\/100\n|\n|upkeep\n|turn|13\n|\n|t:|1700251819\n|switch|p1a: Togekiss|Togekiss, M|100\/100\n|move|p2a: Aegislash|Reflect|p2a: Aegislash\n|-sidestart|p2: JamesMcButts|Reflect\n|\n|upkeep\n|turn|14\n|\n|t:|1700251836\n|move|p1a: Togekiss|Nasty Plot|p1a: Togekiss\n|-boost|p1a: Togekiss|spa|2\n|move|p2a: Aegislash|Gyro Ball|p1a: Togekiss\n|-supereffective|p1a: Togekiss\n|-damage|p1a: Togekiss|42\/100\n|\n|upkeep\n|turn|15\n|\n|t:|1700251850\n|-formechange|p2a: Aegislash|Aegislash||[from] ability: Stance Change\n|move|p2a: Aegislash|King's Shield|p2a: Aegislash\n|-singleturn|p2a: Aegislash|Protect\n|move|p1a: Togekiss|Flamethrower|p2a: Aegislash\n|-activate|p2a: Aegislash|move: Protect\n|\n|upkeep\n|turn|16\n|\n|t:|1700251859\n|move|p1a: Togekiss|Flamethrower|p2a: Aegislash\n|-supereffective|p2a: Aegislash\n|-damage|p2a: Aegislash|32\/100\n|-status|p2a: Aegislash|brn\n|-formechange|p2a: Aegislash|Aegislash-Blade||[from] ability: Stance Change\n|move|p2a: Aegislash|Gyro Ball|p1a: Togekiss\n|-supereffective|p1a: Togekiss\n|-damage|p1a: Togekiss|12\/100\n|\n|-damage|p2a: Aegislash|26\/100 brn|[from] brn\n|upkeep\n|turn|17\n|\n|t:|1700251871\n|move|p2a: Aegislash|Shadow Sneak|p1a: Togekiss\n|-damage|p1a: Togekiss|8\/100\n|move|p1a: Togekiss|Roost|p1a: Togekiss\n|-heal|p1a: Togekiss|58\/100\n|-singleturn|p1a: Togekiss|move: Roost\n|\n|-damage|p2a: Aegislash|20\/100 brn|[from] brn\n|-sideend|p2: JamesMcButts|Reflect\n|upkeep\n|turn|18\n|\n|t:|1700251894\n|switch|p2a: Tinkaton|Tinkaton, F, shiny|100\/100\n|-damage|p2a: Tinkaton|88\/100|[from] Spikes\n|-ability|p2a: Tinkaton|Mold Breaker\n|move|p1a: Togekiss|Roost|p1a: Togekiss\n|-heal|p1a: Togekiss|100\/100\n|-singleturn|p1a: Togekiss|move: Roost\n|\n|-heal|p2a: Tinkaton|94\/100|[from] item: Leftovers\n|upkeep\n|turn|19\n|\n|t:|1700251907\n|move|p1a: Togekiss|Flamethrower|p2a: Tinkaton\n|-supereffective|p2a: Tinkaton\n|-damage|p2a: Tinkaton|24\/100\n|-status|p2a: Tinkaton|brn\n|move|p2a: Tinkaton|Gigaton Hammer|p1a: Togekiss\n|-supereffective|p1a: Togekiss\n|-crit|p1a: Togekiss\n|-damage|p1a: Togekiss|28\/100\n|\n|-heal|p2a: Tinkaton|30\/100 brn|[from] item: Leftovers\n|-damage|p2a: Tinkaton|24\/100 brn|[from] brn\n|-sideend|p1: Triggerhappy50|Reflect\n|upkeep\n|turn|20\n|\n|t:|1700251932\n|move|p1a: Togekiss|Flamethrower|p2a: Tinkaton\n|-supereffective|p2a: Tinkaton\n|-damage|p2a: Tinkaton|0 fnt\n|faint|p2a: Tinkaton\n|\n|upkeep\n|\n|t:|1700251943\n|switch|p2a: Corviknight|Corviknight, F, shiny|100\/100\n|turn|21\n|\n|t:|1700251952\n|move|p1a: Togekiss|Roost|p1a: Togekiss\n|-heal|p1a: Togekiss|78\/100\n|-singleturn|p1a: Togekiss|move: Roost\n|move|p2a: Corviknight|Iron Head|p1a: Togekiss\n|-supereffective|p1a: Togekiss\n|-damage|p1a: Togekiss|35\/100\n|\n|upkeep\n|turn|22\n|\n|t:|1700251964\n|move|p1a: Togekiss|Roost|p1a: Togekiss\n|-heal|p1a: Togekiss|85\/100\n|-singleturn|p1a: Togekiss|move: Roost\n|move|p2a: Corviknight|Bulk Up|p2a: Corviknight\n|-boost|p2a: Corviknight|atk|1\n|-boost|p2a: Corviknight|def|1\n|\n|upkeep\n|turn|23\n|\n|t:|1700251973\n|move|p1a: Togekiss|Flamethrower|p2a: Corviknight\n|-supereffective|p2a: Corviknight\n|-damage|p2a: Corviknight|0 fnt\n|faint|p2a: Corviknight\n|\n|upkeep\n|\n|t:|1700252001\n|switch|p2a: Aggron|Aggron-Mega, M, shiny|9\/100\n|-damage|p2a: Aggron|0 fnt|[from] Spikes\n|faint|p2a: Aggron\n|\n|t:|1700252006\n|switch|p2a: Aegislash|Aegislash, M, shiny|20\/100 brn\n|-damage|p2a: Aegislash|7\/100 brn|[from] Spikes\n|turn|24\n|\n|t:|1700252014\n|move|p1a: Togekiss|Flamethrower|p2a: Aegislash\n|-supereffective|p2a: Aegislash\n|-crit|p2a: Aegislash\n|-damage|p2a: Aegislash|0 fnt\n|faint|p2a: Aegislash\n|\n|win|Triggerhappy50\n","uploadtime":1700252022,"views":21,"p1id":"triggerhappy50","p2id":"jamesmcbutts","formatid":"gen9nationaldexubers","rating":0,"private":0,"password":""}