{"id":"gen9nationaldexubers-1981135953","p1":"The N00B Guy","p2":"Dragonsbanisher971","format":"[Gen 9] National Dex Ubers","log":"|j|\u203dThe N00B Guy\n|j|\u2606Dragonsbanisher971\n|t:|1698866448\n|gametype|singles\n|player|p1|The N00B Guy|nemona-s|1118\n|player|p2|Dragonsbanisher971|1|1105\n|teamsize|p1|6\n|teamsize|p2|6\n|gen|9\n|tier|[Gen 9] National Dex Ubers\n|rated|\n|rule|HP Percentage Mod: HP is shown in percentages\n|rule|Endless Battle Clause: Forcing endless battles is banned\n|rule|OHKO Clause: OHKO moves are banned\n|rule|Evasion Moves Clause: Evasion moves are banned\n|rule|Evasion Items Clause: Evasion items are banned\n|rule|Species Clause: Limit one of each Pok\u00e9mon\n|rule|Sleep Clause Mod: Limit one foe put to sleep\n|rule|Mega Rayquaza Clause: You cannot mega evolve Rayquaza\n|clearpoke\n|poke|p1|Beedrill, F|\n|poke|p1|Naganadel|\n|poke|p1|Nidoking, M|\n|poke|p1|Sneasler, F|\n|poke|p1|Drapion, F|\n|poke|p1|Iron Moth|\n|poke|p2|Ferrothorn, M|\n|poke|p2|Regigigas|\n|poke|p2|Gholdengo|\n|poke|p2|Altaria, M|\n|poke|p2|Orthworm, F|\n|poke|p2|Pawmot, M|\n|teampreview\n|\n|t:|1698866493\n|start\n|switch|p1a: Beedrill|Beedrill, F|100\/100\n|switch|p2a: Orthworm|Orthworm, F|100\/100\n|turn|1\n|\n|t:|1698866499\n|detailschange|p1a: Beedrill|Beedrill-Mega, F\n|-mega|p1a: Beedrill|Beedrill|Beedrillite\n|move|p1a: Beedrill|U-turn|p2a: Orthworm\n|-resisted|p2a: Orthworm\n|-damage|p2a: Orthworm|80\/100\n|\n|t:|1698866514\n|switch|p1a: Drapion|Drapion, F|100\/100|[from] U-turn\n|move|p2a: Orthworm|Shed Tail|p2a: Orthworm\n|-start|p2a: Orthworm|Substitute|[from] move: Shed Tail\n|-damage|p2a: Orthworm|30\/100\n|-enditem|p2a: Orthworm|Sitrus Berry|[eat]\n|-heal|p2a: Orthworm|54\/100|[from] item: Sitrus Berry\n|\n|t:|1698866528\n|switch|p2a: Regigigas|Regigigas|100\/100|[from] Shed Tail\n|-start|p2a: Regigigas|ability: Slow Start\n|\n|upkeep\n|turn|2\n|\n|t:|1698866539\n|move|p1a: Drapion|Earthquake|p2a: Regigigas\n|-activate|p2a: Regigigas|move: Substitute|[damage]\n|move|p2a: Regigigas|Knock Off|p1a: Drapion\n|-resisted|p1a: Drapion\n|-damage|p1a: Drapion|89\/100\n|-enditem|p1a: Drapion|Leftovers|[from] move: Knock Off|[of] p2a: Regigigas\n|\n|upkeep\n|turn|3\n|\n|t:|1698866547\n|move|p1a: Drapion|Earthquake|p2a: Regigigas\n|-end|p2a: Regigigas|Substitute\n|move|p2a: Regigigas|Rock Polish|p2a: Regigigas\n|-boost|p2a: Regigigas|spe|2\n|\n|upkeep\n|turn|4\n|\n|t:|1698866560\n|switch|p1a: Sneasler|Sneasler, F, shiny|100\/100\n|move|p2a: Regigigas|Power-Up Punch|p1a: Sneasler\n|-resisted|p1a: Sneasler\n|-damage|p1a: Sneasler|94\/100\n|-boost|p2a: Regigigas|atk|1\n|\n|upkeep\n|turn|5\n|\n|t:|1698866572\n|-terastallize|p1a: Sneasler|Fighting\n|-terastallize|p2a: Regigigas|Ghost\n|move|p1a: Sneasler|Close Combat|p2a: Regigigas\n|-immune|p2a: Regigigas\n|move|p2a: Regigigas|Power-Up Punch|p1a: Sneasler\n|-damage|p1a: Sneasler|74\/100\n|-boost|p2a: Regigigas|atk|1\n|\n|-end|p2a: Regigigas|Slow Start\n|upkeep\n|turn|6\n|\n|t:|1698866584\n|move|p2a: Regigigas|Drain Punch|p1a: Sneasler\n|-damage|p1a: Sneasler|0 fnt\n|faint|p1a: Sneasler\n|\n|upkeep\n|\n|t:|1698866598\n|switch|p1a: Naganadel|Naganadel|100\/100\n|turn|7\n|\n|t:|1698866610\n|move|p2a: Regigigas|Knock Off|p1a: Naganadel\n|-enditem|p1a: Naganadel|Focus Sash\n|-damage|p1a: Naganadel|1\/100\n|move|p1a: Naganadel|Draco Meteor|p2a: Regigigas|[miss]\n|-miss|p1a: Naganadel|p2a: Regigigas\n|\n|upkeep\n|turn|8\n|\n|t:|1698866617\n|move|p2a: Regigigas|Power-Up Punch|p1a: Naganadel\n|-resisted|p1a: Naganadel\n|-damage|p1a: Naganadel|0 fnt\n|-boost|p2a: Regigigas|atk|1\n|faint|p1a: Naganadel\n|\n|upkeep\n|-message|The N00B Guy forfeited.\n|\n|win|Dragonsbanisher971\n|raw|The N00B Guy's rating: 1118 &rarr; <strong>1092<\/strong><br \/>(-26 for losing)\n|raw|Dragonsbanisher971's rating: 1105 &rarr; <strong>1131<\/strong><br \/>(+26 for winning)\n|l|\u203dThe N00B Guy\n","uploadtime":1698866634,"views":13,"p1id":"then00bguy","p2id":"dragonsbanisher971","formatid":"gen9nationaldexubers","rating":1092,"private":0,"password":""}