{"id":"gen9nationaldexubers-1990988891","p1":"Svadharma","p2":"sahoo2008","format":"[Gen 9] National Dex Ubers","log":"|j|\u2606Svadharma\n|j|\u2606sahoo2008\n|t:|1700024022\n|gametype|singles\n|player|p1|Svadharma|rei|\n|player|p2|sahoo2008|pokekid|\n|teamsize|p1|6\n|teamsize|p2|6\n|gen|9\n|tier|[Gen 9] National Dex Ubers\n|rule|HP Percentage Mod: HP is shown in percentages\n|rule|Endless Battle Clause: Forcing endless battles is banned\n|rule|OHKO Clause: OHKO moves are banned\n|rule|Evasion Moves Clause: Evasion moves are banned\n|rule|Evasion Items Clause: Evasion items are banned\n|rule|Species Clause: Limit one of each Pok\u00e9mon\n|rule|Sleep Clause Mod: Limit one foe put to sleep\n|rule|Mega Rayquaza Clause: You cannot mega evolve Rayquaza\n|clearpoke\n|poke|p1|Groudon|\n|poke|p1|Ho-Oh|\n|poke|p1|Zacian-*|\n|poke|p1|Necrozma-Dusk-Mane|\n|poke|p1|Arceus-Dark|\n|poke|p1|Mewtwo|\n|poke|p2|Necrozma-Dusk-Mane|\n|poke|p2|Dracovish|\n|poke|p2|Ursaluna-Bloodmoon, M|\n|poke|p2|Naganadel|\n|poke|p2|Annihilape, F|\n|poke|p2|Deoxys-Attack|\n|teampreview\n|inactive|Battle timer is ON: inactive players will automatically lose when time's up. (requested by Svadharma)\n|\n|t:|1700024032\n|start\n|switch|p1a: Arceus|Arceus-Dark|100\/100\n|switch|p2a: Annihilape|Annihilape, F|100\/100\n|turn|1\n|\n|t:|1700024040\n|switch|p1a: Ho-Oh|Ho-Oh|100\/100\n|-terastallize|p2a: Annihilape|Fighting\n|move|p2a: Annihilape|Close Combat|p1a: Ho-Oh\n|-resisted|p1a: Ho-Oh\n|-damage|p1a: Ho-Oh|77\/100\n|-unboost|p2a: Annihilape|def|1\n|-unboost|p2a: Annihilape|spd|1\n|\n|upkeep\n|turn|2\n|\n|t:|1700024050\n|move|p2a: Annihilape|Lash Out|p1a: Ho-Oh\n|-damage|p1a: Ho-Oh|61\/100\n|move|p1a: Ho-Oh|Toxic|p2a: Annihilape\n|-status|p2a: Annihilape|tox\n|\n|-damage|p2a: Annihilape|94\/100 tox|[from] psn\n|upkeep\n|turn|3\n|\n|t:|1700024058\n|move|p2a: Annihilape|Lash Out|p1a: Ho-Oh\n|-damage|p1a: Ho-Oh|47\/100\n|move|p1a: Ho-Oh|Sacred Fire|p2a: Annihilape\n|-damage|p2a: Annihilape|35\/100 tox\n|\n|-damage|p2a: Annihilape|23\/100 tox|[from] psn\n|upkeep\n|turn|4\n|\n|t:|1700024067\n|move|p2a: Annihilape|Lash Out|p1a: Ho-Oh\n|-damage|p1a: Ho-Oh|34\/100\n|move|p1a: Ho-Oh|Sacred Fire|p2a: Annihilape\n|-damage|p2a: Annihilape|0 fnt\n|faint|p2a: Annihilape\n|\n|upkeep\n|\n|t:|1700024075\n|switch|p2a: Ursaluna|Ursaluna-Bloodmoon, M|100\/100\n|turn|5\n|\n|t:|1700024081\n|move|p1a: Ho-Oh|Toxic|p2a: Ursaluna\n|-status|p2a: Ursaluna|tox\n|move|p2a: Ursaluna|Blood Moon|p1a: Ho-Oh\n|-damage|p1a: Ho-Oh|0 fnt\n|faint|p1a: Ho-Oh\n|\n|-damage|p2a: Ursaluna|94\/100 tox|[from] psn\n|upkeep\n|\n|t:|1700024090\n|switch|p1a: Zacian|Zacian-Crowned|100\/100\n|-ability|p1a: Zacian|Intrepid Sword|boost\n|-boost|p1a: Zacian|atk|1\n|turn|6\n|\n|t:|1700024096\n|move|p1a: Zacian|Behemoth Blade|p2a: Ursaluna\n|-crit|p2a: Ursaluna\n|-damage|p2a: Ursaluna|2\/100 tox\n|move|p2a: Ursaluna|Earthquake|p1a: Zacian\n|-supereffective|p1a: Zacian\n|-damage|p1a: Zacian|49\/100\n|\n|-heal|p2a: Ursaluna|8\/100 tox|[from] item: Leftovers\n|-damage|p2a: Ursaluna|0 fnt|[from] psn\n|faint|p2a: Ursaluna\n|upkeep\n|\n|t:|1700024113\n|switch|p2a: Necrozma|Necrozma-Dusk-Mane|100\/100\n|turn|7\n|c|\u2606Svadharma|I will kill my zacian\n|c|\u2606Svadharma|I will use Mewtwo for u\n|\n|t:|1700024131\n|detailschange|p2a: Necrozma|Necrozma-Ultra\n|-burst|p2a: Necrozma|Necrozma|Ultranecrozium Z\n|move|p1a: Zacian|Wild Charge|p2a: Necrozma\n|-resisted|p2a: Necrozma\n|-damage|p2a: Necrozma|78\/100\n|-damage|p1a: Zacian|43\/100|[from] Recoil\n|move|p2a: Necrozma|Earthquake|p1a: Zacian\n|-supereffective|p1a: Zacian\n|-damage|p1a: Zacian|0 fnt\n|faint|p1a: Zacian\n|\n|upkeep\n|\n|t:|1700024134\n|switch|p1a: Mewtwo|Mewtwo|100\/100\n|-ability|p1a: Mewtwo|Pressure\n|turn|8\n|\n|t:|1700024152\n|detailschange|p1a: Mewtwo|Mewtwo-Mega-Y\n|-mega|p1a: Mewtwo|Mewtwo|Mewtwonite Y\n|move|p1a: Mewtwo|Nasty Plot|p1a: Mewtwo\n|-boost|p1a: Mewtwo|spa|2\n|-zpower|p2a: Necrozma\n|move|p2a: Necrozma|Light That Burns the Sky|p1a: Mewtwo|[zeffect]\n|-resisted|p1a: Mewtwo\n|-damage|p1a: Mewtwo|30\/100\n|\n|upkeep\n|turn|9\n|\n|t:|1700024163\n|move|p1a: Mewtwo|Ice Beam|p2a: Necrozma\n|-supereffective|p2a: Necrozma\n|-damage|p2a: Necrozma|0 fnt\n|faint|p2a: Necrozma\n|\n|upkeep\n|\n|t:|1700024168\n|switch|p2a: Deoxys|Deoxys-Attack|100\/100\n|-ability|p2a: Deoxys|Pressure\n|turn|10\n|\n|t:|1700024175\n|move|p1a: Mewtwo|Fire Blast|p2a: Deoxys\n|-damage|p2a: Deoxys|0 fnt\n|faint|p2a: Deoxys\n|\n|upkeep\n|\n|t:|1700024180\n|switch|p2a: Dracovish|Dracovish|100\/100\n|turn|11\n|\n|t:|1700024188\n|move|p1a: Mewtwo|Psystrike|p2a: Dracovish\n|-damage|p2a: Dracovish|0 fnt\n|faint|p2a: Dracovish\n|\n|upkeep\n|\n|t:|1700024194\n|switch|p2a: Naganadel|Naganadel|100\/100\n|turn|12\n|\n|t:|1700024199\n|move|p1a: Mewtwo|Psystrike|p2a: Naganadel\n|-supereffective|p2a: Naganadel\n|-damage|p2a: Naganadel|0 fnt\n|faint|p2a: Naganadel\n|\n|win|Svadharma\n","uploadtime":1700024210,"views":8,"p1id":"svadharma","p2id":"sahoo2008","formatid":"gen9nationaldexubers","rating":0,"private":0,"password":""}