{"id":"gen9nationaldexubers-1984869872","p1":"yiyi yizi","p2":"haii x3","format":"[Gen 9] National Dex Ubers","log":"|j|\u2606yiyi yizi\n|j|\u2606haii x3\n|t:|1699306111\n|gametype|singles\n|player|p1|yiyi yizi|hilbert|1410\n|player|p2|haii x3|rosa-masters|1384\n|teamsize|p1|6\n|teamsize|p2|6\n|gen|9\n|tier|[Gen 9] National Dex Ubers\n|rated|\n|rule|HP Percentage Mod: HP is shown in percentages\n|rule|Endless Battle Clause: Forcing endless battles is banned\n|rule|OHKO Clause: OHKO moves are banned\n|rule|Evasion Moves Clause: Evasion moves are banned\n|rule|Evasion Items Clause: Evasion items are banned\n|rule|Species Clause: Limit one of each Pok\u00e9mon\n|rule|Sleep Clause Mod: Limit one foe put to sleep\n|rule|Mega Rayquaza Clause: You cannot mega evolve Rayquaza\n|clearpoke\n|poke|p1|Corsola-Galar, F|\n|poke|p1|Gliscor, F|\n|poke|p1|Togedemaru, L1, M|\n|poke|p1|Dusclops, M|\n|poke|p1|Yveltal|\n|poke|p1|Iron Valiant|\n|poke|p2|Zygarde|\n|poke|p2|Xerneas-*|\n|poke|p2|Kyogre|\n|poke|p2|Ho-Oh|\n|poke|p2|Marshadow|\n|poke|p2|Zekrom|\n|teampreview\n|inactive|Battle timer is ON: inactive players will automatically lose when time's up. (requested by haii x3)\n|inactive|yiyi yizi also wants the timer to be on.\n|\n|t:|1699306133\n|start\n|switch|p1a: Iron Valiant|Iron Valiant|100\/100\n|switch|p2a: Ho-Oh|Ho-Oh, shiny|100\/100\n|turn|1\n|\n|t:|1699306150\n|move|p1a: Iron Valiant|Trick|p2a: Ho-Oh\n|-activate|p1a: Iron Valiant|move: Trick|[of] p2a: Ho-Oh\n|-item|p2a: Ho-Oh|Choice Scarf|[from] move: Trick\n|-item|p1a: Iron Valiant|Heavy-Duty Boots|[from] move: Trick\n|move|p2a: Ho-Oh|Sacred Fire|p1a: Iron Valiant\n|-damage|p1a: Iron Valiant|45\/100\n|-status|p1a: Iron Valiant|brn\n|\n|-damage|p1a: Iron Valiant|38\/100 brn|[from] brn\n|upkeep\n|turn|2\n|\n|t:|1699306162\n|-end|p1a: Iron Valiant|Quark Drive|[silent]\n|switch|p1a: Dusclops|Dusclops, M|100\/100\n|-ability|p1a: Dusclops|Pressure\n|move|p2a: Ho-Oh|Sacred Fire|p1a: Dusclops\n|-damage|p1a: Dusclops|75\/100\n|\n|upkeep\n|turn|3\n|\n|t:|1699306176\n|switch|p2a: Zekrom|Zekrom, shiny|100\/100\n|-ability|p2a: Zekrom|Teravolt\n|move|p1a: Dusclops|Trick Room|p1a: Dusclops\n|-fieldstart|move: Trick Room|[of] p1a: Dusclops\n|\n|upkeep\n|turn|4\n|\n|t:|1699306182\n|move|p1a: Dusclops|Will-O-Wisp|p2a: Zekrom\n|-status|p2a: Zekrom|brn\n|move|p2a: Zekrom|Substitute|p2a: Zekrom\n|-start|p2a: Zekrom|Substitute\n|-damage|p2a: Zekrom|76\/100 brn\n|\n|-heal|p2a: Zekrom|82\/100 brn|[from] item: Leftovers\n|-damage|p2a: Zekrom|76\/100 brn|[from] brn\n|upkeep\n|turn|5\n|\n|t:|1699306192\n|move|p1a: Dusclops|Curse|p2a: Zekrom\n|-start|p2a: Zekrom|Curse|[of] p1a: Dusclops\n|-damage|p1a: Dusclops|25\/100\n|move|p2a: Zekrom|Dragon Dance|p2a: Zekrom\n|-boost|p2a: Zekrom|atk|1\n|-boost|p2a: Zekrom|spe|1\n|\n|-heal|p2a: Zekrom|82\/100 brn|[from] item: Leftovers\n|-damage|p2a: Zekrom|76\/100 brn|[from] brn\n|-damage|p2a: Zekrom|51\/100 brn|[from] Curse\n|upkeep\n|turn|6\n|\n|t:|1699306202\n|move|p1a: Dusclops|Rest|p1a: Dusclops\n|-status|p1a: Dusclops|slp|[from] move: Rest\n|-heal|p1a: Dusclops|100\/100 slp|[silent]\n|move|p2a: Zekrom|Dragon Dance|p2a: Zekrom\n|-boost|p2a: Zekrom|atk|1\n|-boost|p2a: Zekrom|spe|1\n|\n|-heal|p2a: Zekrom|57\/100 brn|[from] item: Leftovers\n|-damage|p2a: Zekrom|51\/100 brn|[from] brn\n|-damage|p2a: Zekrom|26\/100 brn|[from] Curse\n|upkeep\n|turn|7\n|\n|t:|1699306209\n|switch|p1a: Gliscor|Gliscor, F, shiny|100\/100\n|move|p2a: Zekrom|Dragon Claw|p1a: Gliscor\n|-damage|p1a: Gliscor|66\/100\n|\n|-heal|p2a: Zekrom|32\/100 brn|[from] item: Leftovers\n|-damage|p2a: Zekrom|26\/100 brn|[from] brn\n|-damage|p2a: Zekrom|1\/100 brn|[from] Curse\n|-fieldend|move: Trick Room\n|-status|p1a: Gliscor|tox|[from] item: Toxic Orb\n|upkeep\n|turn|8\n|\n|t:|1699306223\n|move|p2a: Zekrom|Dragon Claw|p1a: Gliscor\n|-damage|p1a: Gliscor|28\/100 tox\n|move|p1a: Gliscor|Substitute|p1a: Gliscor\n|-start|p1a: Gliscor|Substitute\n|-damage|p1a: Gliscor|3\/100 tox\n|\n|-heal|p2a: Zekrom|7\/100 brn|[from] item: Leftovers\n|-heal|p1a: Gliscor|15\/100 tox|[from] ability: Poison Heal\n|-damage|p2a: Zekrom|1\/100 brn|[from] brn\n|-damage|p2a: Zekrom|0 fnt|[from] Curse\n|faint|p2a: Zekrom\n|upkeep\n|\n|t:|1699306237\n|switch|p2a: Xerneas|Xerneas, shiny|100\/100\n|-ability|p2a: Xerneas|Fairy Aura\n|turn|9\n|\n|t:|1699306240\n|move|p1a: Gliscor|Toxic|p2a: Xerneas\n|-status|p2a: Xerneas|tox\n|move|p2a: Xerneas|Substitute|p2a: Xerneas\n|-start|p2a: Xerneas|Substitute\n|-damage|p2a: Xerneas|76\/100 tox\n|\n|-damage|p2a: Xerneas|69\/100 tox|[from] psn\n|-heal|p1a: Gliscor|28\/100 tox|[from] ability: Poison Heal\n|upkeep\n|turn|10\n|\n|t:|1699306245\n|move|p1a: Gliscor|Protect|p1a: Gliscor\n|-singleturn|p1a: Gliscor|Protect\n|move|p2a: Xerneas|Geomancy||[still]\n|-prepare|p2a: Xerneas|Geomancy\n|-enditem|p2a: Xerneas|Power Herb\n|-anim|p2a: Xerneas|Geomancy|p2a: Xerneas\n|-boost|p2a: Xerneas|spa|2\n|-boost|p2a: Xerneas|spd|2\n|-boost|p2a: Xerneas|spe|2\n|\n|-damage|p2a: Xerneas|57\/100 tox|[from] psn\n|-heal|p1a: Gliscor|40\/100 tox|[from] ability: Poison Heal\n|upkeep\n|turn|11\n|\n|t:|1699306249\n|move|p2a: Xerneas|Moonblast|p1a: Gliscor\n|-end|p1a: Gliscor|Substitute\n|move|p1a: Gliscor|Substitute|p1a: Gliscor\n|-start|p1a: Gliscor|Substitute\n|-damage|p1a: Gliscor|15\/100 tox\n|\n|-damage|p2a: Xerneas|39\/100 tox|[from] psn\n|-heal|p1a: Gliscor|28\/100 tox|[from] ability: Poison Heal\n|upkeep\n|turn|12\n|\n|t:|1699306254\n|move|p1a: Gliscor|Protect|p1a: Gliscor\n|-singleturn|p1a: Gliscor|Protect\n|move|p2a: Xerneas|Moonblast|p1a: Gliscor\n|-activate|p1a: Gliscor|move: Protect\n|\n|-damage|p2a: Xerneas|14\/100 tox|[from] psn\n|-heal|p1a: Gliscor|40\/100 tox|[from] ability: Poison Heal\n|upkeep\n|turn|13\n|\n|t:|1699306257\n|move|p2a: Xerneas|Moonblast|p1a: Gliscor\n|-crit|p1a: Gliscor\n|-end|p1a: Gliscor|Substitute\n|move|p1a: Gliscor|Substitute|p1a: Gliscor\n|-start|p1a: Gliscor|Substitute\n|-damage|p1a: Gliscor|15\/100 tox\n|\n|-damage|p2a: Xerneas|0 fnt|[from] psn\n|faint|p2a: Xerneas\n|-heal|p1a: Gliscor|28\/100 tox|[from] ability: Poison Heal\n|upkeep\n|\n|t:|1699306263\n|switch|p2a: Marshadow|Marshadow|100\/100\n|turn|14\n|\n|t:|1699306267\n|move|p1a: Gliscor|Protect|p1a: Gliscor\n|-singleturn|p1a: Gliscor|Protect\n|move|p2a: Marshadow|Spectral Thief|p1a: Gliscor\n|-activate|p1a: Gliscor|move: Protect\n|\n|-heal|p1a: Gliscor|40\/100 tox|[from] ability: Poison Heal\n|upkeep\n|turn|15\n|\n|t:|1699306274\n|switch|p1a: Yveltal|Yveltal, shiny|100\/100\n|-ability|p1a: Yveltal|Dark Aura\n|move|p2a: Marshadow|Spectral Thief|p1a: Yveltal\n|-resisted|p1a: Yveltal\n|-damage|p1a: Yveltal|81\/100\n|\n|upkeep\n|turn|16\n|\n|t:|1699306280\n|move|p2a: Marshadow|Close Combat|p1a: Yveltal\n|-damage|p1a: Yveltal|23\/100\n|-unboost|p2a: Marshadow|def|1\n|-unboost|p2a: Marshadow|spd|1\n|move|p1a: Yveltal|Oblivion Wing|p2a: Marshadow\n|-supereffective|p2a: Marshadow\n|-enditem|p2a: Marshadow|Focus Sash\n|-damage|p2a: Marshadow|1\/100\n|-heal|p1a: Yveltal|84\/100|[from] drain|[of] p2a: Marshadow\n|\n|upkeep\n|turn|17\n|\n|t:|1699306289\n|move|p2a: Marshadow|Close Combat|p1a: Yveltal\n|-damage|p1a: Yveltal|28\/100\n|-unboost|p2a: Marshadow|def|1\n|-unboost|p2a: Marshadow|spd|1\n|move|p1a: Yveltal|Oblivion Wing|p2a: Marshadow\n|-supereffective|p2a: Marshadow\n|-damage|p2a: Marshadow|0 fnt\n|-heal|p1a: Yveltal|28\/100|[from] drain|[of] p2a: Marshadow\n|faint|p2a: Marshadow\n|\n|upkeep\n|inactive|haii x3 has 120 seconds left.\n|\n|t:|1699306322\n|switch|p2a: Ho-Oh|Ho-Oh, shiny|100\/100\n|turn|18\n|\n|t:|1699306335\n|move|p2a: Ho-Oh|Brave Bird|p1a: Yveltal\n|-damage|p1a: Yveltal|0 fnt\n|faint|p1a: Yveltal\n|-damage|p2a: Ho-Oh|92\/100|[from] Recoil\n|\n|upkeep\n|\n|t:|1699306338\n|switch|p1a: Corsola|Corsola-Galar, F, shiny|100\/100\n|turn|19\n|\n|t:|1699306344\n|move|p2a: Ho-Oh|Brave Bird|p1a: Corsola\n|-damage|p1a: Corsola|75\/100\n|-start|p2a: Ho-Oh|Disable|Brave Bird|[from] ability: Cursed Body|[of] p1a: Corsola\n|-damage|p2a: Ho-Oh|85\/100|[from] Recoil\n|move|p1a: Corsola|Whirlpool|p2a: Ho-Oh\n|-supereffective|p2a: Ho-Oh\n|-damage|p2a: Ho-Oh|78\/100\n|-activate|p2a: Ho-Oh|move: Whirlpool|[of] p1a: Corsola\n|\n|-damage|p2a: Ho-Oh|66\/100|[from] move: Whirlpool|[partiallytrapped]\n|upkeep\n|turn|20\n|c|\u2606haii x3|youre so evil\n|\n|t:|1699306370\n|-activate|p2a: Ho-Oh|move: Struggle\n|move|p2a: Ho-Oh|Struggle|p1a: Corsola\n|-damage|p1a: Corsola|67\/100\n|-damage|p2a: Ho-Oh|40\/100|[from] recoil\n|move|p1a: Corsola|Strength Sap|p2a: Ho-Oh\n|-unboost|p2a: Ho-Oh|atk|1\n|-heal|p1a: Corsola|100\/100\n|\n|-damage|p2a: Ho-Oh|28\/100|[from] move: Whirlpool|[partiallytrapped]\n|upkeep\n|turn|21\n|\n|t:|1699306382\n|-activate|p2a: Ho-Oh|move: Struggle\n|move|p2a: Ho-Oh|Struggle|p1a: Corsola\n|-damage|p1a: Corsola|96\/100\n|-damage|p2a: Ho-Oh|3\/100|[from] recoil\n|move|p1a: Corsola|Night Shade|p2a: Ho-Oh\n|-damage|p2a: Ho-Oh|0 fnt\n|faint|p2a: Ho-Oh\n|\n|upkeep\n|c|\u2606yiyi yizi|xD\n|inactive|haii x3 has 120 seconds left.\n|\n|t:|1699306402\n|switch|p2a: Zygarde|Zygarde, shiny|100\/100\n|turn|22\n|\n|t:|1699306407\n|move|p2a: Zygarde|Glare|p1a: Corsola\n|-status|p1a: Corsola|par\n|move|p1a: Corsola|Will-O-Wisp|p2a: Zygarde\n|-status|p2a: Zygarde|brn\n|\n|-damage|p2a: Zygarde|94\/100 brn|[from] brn\n|upkeep\n|turn|23\n|\n|t:|1699306413\n|switch|p1a: Dusclops|Dusclops, M|100\/100 slp\n|-ability|p1a: Dusclops|Pressure\n|move|p2a: Zygarde|Coil|p2a: Zygarde\n|-boost|p2a: Zygarde|atk|1\n|-boost|p2a: Zygarde|def|1\n|-boost|p2a: Zygarde|accuracy|1\n|\n|-damage|p2a: Zygarde|88\/100 brn|[from] brn\n|upkeep\n|turn|24\n|\n|t:|1699306424\n|move|p2a: Zygarde|Thousand Arrows|p1a: Dusclops\n|-damage|p1a: Dusclops|85\/100 slp\n|cant|p1a: Dusclops|slp\n|\n|-damage|p2a: Zygarde|82\/100 brn|[from] brn\n|upkeep\n|turn|25\n|\n|t:|1699306434\n|move|p2a: Zygarde|Coil|p2a: Zygarde\n|-boost|p2a: Zygarde|atk|1\n|-boost|p2a: Zygarde|def|1\n|-boost|p2a: Zygarde|accuracy|1\n|cant|p1a: Dusclops|slp\n|\n|-damage|p2a: Zygarde|76\/100 brn|[from] brn\n|upkeep\n|turn|26\n|\n|t:|1699306441\n|move|p2a: Zygarde|Coil|p2a: Zygarde\n|-boost|p2a: Zygarde|atk|1\n|-boost|p2a: Zygarde|def|1\n|-boost|p2a: Zygarde|accuracy|1\n|-curestatus|p1a: Dusclops|slp|[msg]\n|move|p1a: Dusclops|Trick Room|p1a: Dusclops\n|-fieldstart|move: Trick Room|[of] p1a: Dusclops\n|\n|-damage|p2a: Zygarde|69\/100 brn|[from] brn\n|upkeep\n|turn|27\n|c|\u2606yiyi yizi|gg\n|\n|t:|1699306450\n|switch|p1a: oneshotn't|Togedemaru, L1, M|100\/100\n|move|p2a: Zygarde|Glare|p1a: oneshotn't\n|-immune|p1a: oneshotn't\n|\n|-damage|p2a: Zygarde|63\/100 brn|[from] brn\n|upkeep\n|turn|28\n|\n|t:|1699306463\n|move|p1a: oneshotn't|Endeavor|p2a: Zygarde\n|-damage|p2a: Zygarde|3\/100 brn\n|move|p2a: Zygarde|Coil|p2a: Zygarde\n|-boost|p2a: Zygarde|atk|1\n|-boost|p2a: Zygarde|def|1\n|-boost|p2a: Zygarde|accuracy|1\n|\n|-damage|p2a: Zygarde|0 fnt|[from] brn\n|faint|p2a: Zygarde\n|upkeep\n|\n|t:|1699306474\n|switch|p2a: Kyogre|Kyogre, shiny|100\/100\n|detailschange|p2a: Kyogre|Kyogre-Primal, shiny\n|-primal|p2a: Kyogre|Blue Orb\n|-weather|PrimordialSea|[from] ability: Primordial Sea|[of] p2a: Kyogre\n|turn|29\n|\n|t:|1699306489\n|move|p1a: oneshotn't|Endeavor|p2a: Kyogre\n|-damage|p2a: Kyogre|4\/100\n|move|p2a: Kyogre|Water Spout|p1a: oneshotn't\n|-ability|p1a: oneshotn't|Sturdy\n|-damage|p1a: oneshotn't|9\/100\n|\n|-weather|PrimordialSea|[upkeep]\n|upkeep\n|turn|30\n|\n|t:|1699306499\n|switch|p1a: Iron Valiant|Iron Valiant|38\/100 brn\n|move|p2a: Kyogre|Origin Pulse|p1a: Iron Valiant|[miss]\n|-miss|p2a: Kyogre|p1a: Iron Valiant\n|\n|-weather|PrimordialSea|[upkeep]\n|-damage|p1a: Iron Valiant|32\/100 brn|[from] brn\n|-fieldend|move: Trick Room\n|upkeep\n|turn|31\n|c|\u2606haii x3|spare me\n|\n|t:|1699306515\n|move|p1a: Iron Valiant|Spirit Break|p2a: Kyogre\n|-damage|p2a: Kyogre|0 fnt\n|faint|p2a: Kyogre\n|-weather|none\n|\n|win|yiyi yizi\n|raw|yiyi yizi's rating: 1410 &rarr; <strong>1429<\/strong><br \/>(+19 for winning)\n|raw|haii x3's rating: 1384 &rarr; <strong>1365<\/strong><br \/>(-19 for losing)\n|l|\u2606haii x3\n|c|\u2606yiyi yizi|gg wp\n","uploadtime":1699306526,"views":6,"p1id":"yiyiyizi","p2id":"haiix3","formatid":"gen9nationaldexubers","rating":1365,"private":0,"password":""}