{"id":"gen9nationaldexubers-1994195331","p1":"Sing & Play","p2":"juanfe05","format":"[Gen 9] National Dex Ubers","log":"|j|\u2606Sing & Play\n|j|\u2606juanfe05\n|t:|1700417646\n|gametype|singles\n|player|p1|Sing & Play|veteranf|1026\n|player|p2|juanfe05|psychic-gen4|1080\n|teamsize|p1|6\n|teamsize|p2|6\n|gen|9\n|tier|[Gen 9] National Dex Ubers\n|rated|\n|rule|HP Percentage Mod: HP is shown in percentages\n|rule|Endless Battle Clause: Forcing endless battles is banned\n|rule|OHKO Clause: OHKO moves are banned\n|rule|Evasion Moves Clause: Evasion moves are banned\n|rule|Evasion Items Clause: Evasion items are banned\n|rule|Species Clause: Limit one of each Pok\u00e9mon\n|rule|Sleep Clause Mod: Limit one foe put to sleep\n|rule|Mega Rayquaza Clause: You cannot mega evolve Rayquaza\n|clearpoke\n|poke|p1|Hawlucha, M|\n|poke|p1|Clefable, M|\n|poke|p1|Amoonguss, M|\n|poke|p1|Chandelure, M|\n|poke|p1|Unfezant, F|\n|poke|p1|Seismitoad, M|\n|poke|p2|Darkrai|\n|poke|p2|Forretress, M|\n|poke|p2|Xurkitree|\n|poke|p2|Eiscue, F|\n|poke|p2|Ditto|\n|poke|p2|Rattata, L1, M|\n|teampreview\n|\n|t:|1700417663\n|start\n|switch|p1a: Clefable|Clefable, M|100\/100\n|switch|p2a: Rattata|Rattata, L1, M, shiny|100\/100\n|turn|1\n|\n|t:|1700417669\n|move|p1a: Clefable|Stealth Rock|p2a: Rattata\n|-sidestart|p2: juanfe05|move: Stealth Rock\n|move|p2a: Rattata|Endeavor|p1a: Clefable\n|-damage|p1a: Clefable|3\/100\n|\n|-heal|p1a: Clefable|9\/100|[from] item: Leftovers\n|upkeep\n|turn|2\n|\n|t:|1700417680\n|switch|p1a: Chandelure|Chandelure, M|100\/100\n|move|p2a: Rattata|Toxic|p1a: Chandelure\n|-status|p1a: Chandelure|tox\n|\n|-damage|p1a: Chandelure|94\/100 tox|[from] psn\n|upkeep\n|turn|3\n|\n|t:|1700417694\n|switch|p2a: Ditto|Ditto|100\/100\n|-damage|p2a: Ditto|88\/100|[from] Stealth Rock\n|-transform|p2a: Ditto|p1a: Chandelure|[from] ability: Imposter\n|move|p1a: Chandelure|Substitute|p1a: Chandelure\n|-start|p1a: Chandelure|Substitute\n|-damage|p1a: Chandelure|70\/100 tox\n|\n|-damage|p1a: Chandelure|57\/100 tox|[from] psn\n|upkeep\n|turn|4\n|\n|t:|1700417709\n|move|p2a: Ditto|Substitute|p2a: Ditto\n|-start|p2a: Ditto|Substitute\n|-damage|p2a: Ditto|63\/100\n|move|p1a: Chandelure|Shadow Ball|p2a: Ditto\n|-supereffective|p2a: Ditto\n|-damage|p2a: Ditto|0 fnt\n|faint|p2a: Ditto\n|\n|-damage|p1a: Chandelure|39\/100 tox|[from] psn\n|upkeep\n|\n|t:|1700417717\n|switch|p2a: Rattata|Rattata, L1, M, shiny|100\/100\n|-damage|p2a: Rattata|91\/100|[from] Stealth Rock\n|turn|5\n|\n|t:|1700417724\n|switch|p2a: Darkrai|Darkrai|100\/100\n|-damage|p2a: Darkrai|88\/100|[from] Stealth Rock\n|move|p1a: Chandelure|Flamethrower|p2a: Darkrai\n|-damage|p2a: Darkrai|25\/100\n|-status|p2a: Darkrai|brn\n|\n|-heal|p2a: Darkrai|31\/100 brn|[from] item: Leftovers\n|-damage|p1a: Chandelure|15\/100 tox|[from] psn\n|-damage|p2a: Darkrai|25\/100 brn|[from] brn\n|upkeep\n|turn|6\n|\n|t:|1700417739\n|move|p2a: Darkrai|Hypnosis||[still]\n|-fail|p2a: Darkrai\n|move|p1a: Chandelure|Flamethrower|p2a: Darkrai\n|-damage|p2a: Darkrai|0 fnt\n|faint|p2a: Darkrai\n|\n|-damage|p1a: Chandelure|0 fnt|[from] psn\n|faint|p1a: Chandelure\n|upkeep\n|inactive|Battle timer is ON: inactive players will automatically lose when time's up. (requested by juanfe05)\n|\n|t:|1700417769\n|switch|p2a: Rattata|Rattata, L1, M, shiny|91\/100\n|switch|p1a: Hawlucha|Hawlucha, M|100\/100\n|-damage|p2a: Rattata|82\/100|[from] Stealth Rock\n|turn|7\n|\n|t:|1700417779\n|move|p1a: Hawlucha|Close Combat|p2a: Rattata\n|-supereffective|p2a: Rattata\n|-damage|p2a: Rattata|0 fnt\n|-unboost|p1a: Hawlucha|def|1\n|-unboost|p1a: Hawlucha|spd|1\n|faint|p2a: Rattata\n|\n|upkeep\n|\n|t:|1700417785\n|switch|p2a: Eiscue|Eiscue, F|100\/100\n|-damage|p2a: Eiscue|75\/100|[from] Stealth Rock\n|turn|8\n|inactive|Sing & Play has 120 seconds left.\n|\n|t:|1700417824\n|switch|p1a: Amoonguss|Amoonguss, M|100\/100\n|move|p2a: Eiscue|Substitute|p2a: Eiscue\n|-start|p2a: Eiscue|Substitute\n|-damage|p2a: Eiscue|50\/100\n|\n|upkeep\n|turn|9\n|inactive|Sing & Play has 120 seconds left.\n|\n|t:|1700417847\n|move|p2a: Eiscue|Icicle Crash|p1a: Amoonguss\n|-supereffective|p1a: Amoonguss\n|-damage|p1a: Amoonguss|51\/100\n|move|p1a: Amoonguss|Sludge Bomb|p2a: Eiscue\n|-end|p2a: Eiscue|Substitute\n|\n|upkeep\n|turn|10\n|-message|juanfe05 forfeited.\n|\n|win|Sing & Play\n|raw|Sing &amp; Play's rating: 1026 &rarr; <strong>1068<\/strong><br \/>(+42 for winning)\n|raw|juanfe05's rating: 1080 &rarr; <strong>1055<\/strong><br \/>(-25 for losing)\n|l|\u2606juanfe05\n","uploadtime":1700417869,"views":5,"p1id":"singplay","p2id":"juanfe05","formatid":"gen9nationaldexubers","rating":1055,"private":0,"password":""}