{"id":"gen9nationaldexubers-1983082684","p1":"Yuinna.","p2":"Ginesect","format":"[Gen 9] National Dex Ubers","log":"|j|\u2606Yuinna.\n|j|\u2606Ginesect\n|t:|1699081987\n|gametype|singles\n|player|p1|Yuinna.|serena-masters|\n|player|p2|Ginesect|leon-masters|\n|teamsize|p1|6\n|teamsize|p2|6\n|gen|9\n|tier|[Gen 9] National Dex Ubers\n|rule|HP Percentage Mod: HP is shown in percentages\n|rule|Endless Battle Clause: Forcing endless battles is banned\n|rule|OHKO Clause: OHKO moves are banned\n|rule|Evasion Moves Clause: Evasion moves are banned\n|rule|Evasion Items Clause: Evasion items are banned\n|rule|Species Clause: Limit one of each Pok\u00e9mon\n|rule|Sleep Clause Mod: Limit one foe put to sleep\n|rule|Mega Rayquaza Clause: You cannot mega evolve Rayquaza\n|clearpoke\n|poke|p1|Slowking-Galar, M|\n|poke|p1|Ampharos, M|\n|poke|p1|Alomomola, F|\n|poke|p1|Ferrothorn, M|\n|poke|p1|Enamorus-Therian, F|\n|poke|p1|Glastrier|\n|poke|p2|Chien-Pao|\n|poke|p2|Mandibuzz, F|\n|poke|p2|Mawile, M|\n|poke|p2|Grimmsnarl, M|\n|poke|p2|Greninja-*, M|\n|poke|p2|Ting-Lu|\n|teampreview\n|inactive|Battle timer is ON: inactive players will automatically lose when time's up. (requested by Yuinna.)\n|c|\u2606Ginesect|Glhf\n|c|\u2606Yuinna.|hf\n|\n|t:|1699082013\n|start\n|switch|p1a: Ferrothorn|Ferrothorn, M|100\/100\n|switch|p2a: Mandibuzz|Mandibuzz, F|100\/100\n|turn|1\n|\n|t:|1699082019\n|move|p2a: Mandibuzz|Foul Play|p1a: Ferrothorn\n|-damage|p1a: Ferrothorn|83\/100\n|-damage|p2a: Mandibuzz|88\/100|[from] ability: Iron Barbs|[of] p1a: Ferrothorn\n|move|p1a: Ferrothorn|Leech Seed|p2a: Mandibuzz|[miss]\n|-miss|p1a: Ferrothorn|p2a: Mandibuzz\n|\n|-heal|p1a: Ferrothorn|89\/100|[from] item: Leftovers\n|upkeep\n|turn|2\n|\n|t:|1699082030\n|switch|p2a: Ting-Lu|Ting-Lu|100\/100\n|-ability|p2a: Ting-Lu|Vessel of Ruin\n|move|p1a: Ferrothorn|Spikes|p2a: Ting-Lu\n|-sidestart|p2: Ginesect|Spikes\n|\n|-heal|p1a: Ferrothorn|96\/100|[from] item: Leftovers\n|upkeep\n|turn|3\n|\n|t:|1699082042\n|move|p2a: Ting-Lu|Stealth Rock|p1a: Ferrothorn\n|-sidestart|p1: Yuinna.|move: Stealth Rock\n|move|p1a: Ferrothorn|Leech Seed|p2a: Ting-Lu\n|-start|p2a: Ting-Lu|move: Leech Seed\n|\n|-heal|p1a: Ferrothorn|100\/100|[from] item: Leftovers\n|-damage|p2a: Ting-Lu|88\/100|[from] Leech Seed|[of] p1a: Ferrothorn\n|upkeep\n|turn|4\n|\n|t:|1699082053\n|switch|p1a: Slowking|Slowking-Galar, M|100\/100\n|-damage|p1a: Slowking|88\/100|[from] Stealth Rock\n|move|p2a: Ting-Lu|Whirlwind|p1a: Slowking\n|drag|p1a: Ferrothorn|Ferrothorn, M|100\/100\n|-damage|p1a: Ferrothorn|94\/100|[from] Stealth Rock\n|\n|-heal|p2a: Ting-Lu|94\/100|[from] item: Leftovers\n|-heal|p1a: Ferrothorn|100\/100|[from] item: Leftovers\n|-damage|p2a: Ting-Lu|82\/100|[from] Leech Seed|[of] p1a: Ferrothorn\n|upkeep\n|turn|5\n|\n|t:|1699082062\n|move|p1a: Ferrothorn|Spikes|p2a: Ting-Lu\n|-sidestart|p2: Ginesect|Spikes\n|move|p2a: Ting-Lu|Whirlwind|p1a: Ferrothorn\n|drag|p1a: Ampharos|Ampharos, M|100\/100\n|-damage|p1a: Ampharos|88\/100|[from] Stealth Rock\n|\n|-heal|p2a: Ting-Lu|88\/100|[from] item: Leftovers\n|-damage|p2a: Ting-Lu|76\/100|[from] Leech Seed|[of] p1a: Ampharos\n|-heal|p1a: Ampharos|100\/100|[silent]\n|upkeep\n|turn|6\n|\n|t:|1699082069\n|switch|p1a: Enamorus|Enamorus-Therian, F|100\/100\n|-damage|p1a: Enamorus|75\/100|[from] Stealth Rock\n|move|p2a: Ting-Lu|Earthquake|p1a: Enamorus\n|-immune|p1a: Enamorus\n|\n|-heal|p1a: Enamorus|82\/100|[from] item: Leftovers\n|-heal|p2a: Ting-Lu|82\/100|[from] item: Leftovers\n|-damage|p2a: Ting-Lu|69\/100|[from] Leech Seed|[of] p1a: Enamorus\n|-heal|p1a: Enamorus|99\/100|[silent]\n|upkeep\n|turn|7\n|\n|t:|1699082077\n|switch|p2a: Mawile|Mawile, M|100\/100\n|-damage|p2a: Mawile|84\/100|[from] Spikes\n|-ability|p2a: Mawile|Intimidate|boost\n|-unboost|p1a: Enamorus|atk|1\n|move|p1a: Enamorus|Focus Blast|p2a: Mawile\n|-damage|p2a: Mawile|0 fnt\n|faint|p2a: Mawile\n|\n|-heal|p1a: Enamorus|100\/100|[from] item: Leftovers\n|upkeep\n|c|\u2606Ginesect|Holy shit\n|c|\u2606Ginesect|Wf\n|c|\u2606Yuinna.|hiw\n|c|\u2606Yuinna.|how\n|c|\u2606Ginesect|Idk\n|c|\u2606Ginesect|damn..\n|\n|t:|1699082104\n|switch|p2a: Mandibuzz|Mandibuzz, F|88\/100\n|turn|8\n|\n|t:|1699082108\n|move|p2a: Mandibuzz|Defog|p1a: Enamorus\n|-unboost|p1a: Enamorus|evasion|1\n|-sideend|p1: Yuinna.|Stealth Rock|[from] move: Defog|[of] p2a: Mandibuzz\n|-sideend|p2: Ginesect|Spikes|[from] move: Defog|[of] p2a: Mandibuzz\n|move|p1a: Enamorus|Calm Mind|p1a: Enamorus\n|-boost|p1a: Enamorus|spa|1\n|-boost|p1a: Enamorus|spd|1\n|\n|upkeep\n|turn|9\n|\n|t:|1699082112\n|move|p2a: Mandibuzz|U-turn|p1a: Enamorus\n|-resisted|p1a: Enamorus\n|-damage|p1a: Enamorus|98\/100\n|\n|t:|1699082115\n|switch|p2a: Ting-Lu|Ting-Lu|69\/100|[from] U-turn\n|-ability|p2a: Ting-Lu|Vessel of Ruin\n|move|p1a: Enamorus|Calm Mind|p1a: Enamorus\n|-boost|p1a: Enamorus|spa|1\n|-boost|p1a: Enamorus|spd|1\n|\n|-heal|p1a: Enamorus|100\/100|[from] item: Leftovers\n|-heal|p2a: Ting-Lu|76\/100|[from] item: Leftovers\n|upkeep\n|turn|10\n|\n|t:|1699082120\n|move|p1a: Enamorus|Focus Blast|p2a: Ting-Lu\n|-supereffective|p2a: Ting-Lu\n|-damage|p2a: Ting-Lu|0 fnt\n|faint|p2a: Ting-Lu\n|\n|upkeep\n|c|\u2606Ginesect|holy shit\n|c|\u2606Ginesect|This thing is\n|c|\u2606Ginesect|Cancer\n|c|\u2606Ginesect|ok\n|\n|t:|1699082136\n|switch|p2a: Greninja|Greninja, M|100\/100\n|turn|11\n|c|\u2606Ginesect|I need to take this seriously\n|c|\u2606Ginesect|Wait oops\n|c|\u2606Ginesect|Misclick\n|c|\u2606Ginesect|Lmao\n|inactive|Ginesect has 270 seconds left.\n|\n|t:|1699082162\n|switch|p2a: Mandibuzz|Mandibuzz, F|88\/100\n|move|p1a: Enamorus|Focus Blast|p2a: Mandibuzz\n|-damage|p2a: Mandibuzz|15\/100\n|\n|upkeep\n|turn|12\n|\n|t:|1699082171\n|move|p2a: Mandibuzz|Roost|p2a: Mandibuzz\n|-heal|p2a: Mandibuzz|65\/100\n|-singleturn|p2a: Mandibuzz|move: Roost\n|move|p1a: Enamorus|Calm Mind|p1a: Enamorus\n|-boost|p1a: Enamorus|spa|1\n|-boost|p1a: Enamorus|spd|1\n|\n|upkeep\n|turn|13\n|c|\u2606Ginesect|What am I doing ahhh\n|\n|t:|1699082182\n|move|p2a: Mandibuzz|U-turn|p1a: Enamorus\n|-resisted|p1a: Enamorus\n|-damage|p1a: Enamorus|98\/100\n|\n|t:|1699082184\n|switch|p2a: Grimmsnarl|Grimmsnarl, M|100\/100|[from] U-turn\n|move|p1a: Enamorus|Calm Mind|p1a: Enamorus\n|-boost|p1a: Enamorus|spa|1\n|-boost|p1a: Enamorus|spd|1\n|\n|-heal|p1a: Enamorus|100\/100|[from] item: Leftovers\n|upkeep\n|turn|14\n|\n|t:|1699082192\n|move|p2a: Grimmsnarl|Light Screen|p2a: Grimmsnarl\n|-sidestart|p2: Ginesect|move: Light Screen\n|move|p1a: Enamorus|Focus Blast|p2a: Grimmsnarl|[miss]\n|-miss|p1a: Enamorus|p2a: Grimmsnarl\n|\n|upkeep\n|turn|15\n|\n|t:|1699082195\n|move|p2a: Grimmsnarl|Thunder Wave|p1a: Enamorus\n|-status|p1a: Enamorus|par\n|move|p1a: Enamorus|Focus Blast|p2a: Grimmsnarl\n|-damage|p2a: Grimmsnarl|52\/100\n|\n|upkeep\n|turn|16\n|\n|t:|1699082214\n|move|p2a: Grimmsnarl|Parting Shot|p1a: Enamorus\n|-unboost|p1a: Enamorus|atk|1\n|-unboost|p1a: Enamorus|spa|1\n|\n|t:|1699082220\n|switch|p2a: Mandibuzz|Mandibuzz, F|65\/100|[from] Parting Shot\n|cant|p1a: Enamorus|par\n|\n|upkeep\n|turn|17\n|\n|t:|1699082230\n|move|p2a: Mandibuzz|U-turn|p1a: Enamorus\n|-resisted|p1a: Enamorus\n|-damage|p1a: Enamorus|98\/100 par\n|\n|t:|1699082232\n|switch|p2a: Grimmsnarl|Grimmsnarl, M|52\/100|[from] U-turn\n|move|p1a: Enamorus|Calm Mind|p1a: Enamorus\n|-boost|p1a: Enamorus|spa|1\n|-boost|p1a: Enamorus|spd|1\n|\n|-heal|p1a: Enamorus|100\/100 par|[from] item: Leftovers\n|upkeep\n|turn|18\n|\n|t:|1699082243\n|move|p2a: Grimmsnarl|Parting Shot|p1a: Enamorus\n|-unboost|p1a: Enamorus|atk|1\n|-unboost|p1a: Enamorus|spa|1\n|\n|t:|1699082246\n|switch|p2a: Chien-Pao|Chien-Pao|100\/100|[from] Parting Shot\n|-ability|p2a: Chien-Pao|Sword of Ruin\n|move|p1a: Enamorus|Calm Mind|p1a: Enamorus\n|-boost|p1a: Enamorus|spa|1\n|-boost|p1a: Enamorus|spd|1\n|\n|upkeep\n|turn|19\n|\n|t:|1699082258\n|-terastallize|p1a: Enamorus|Steel\n|move|p2a: Chien-Pao|Ice Spinner|p1a: Enamorus\n|-resisted|p1a: Enamorus\n|-damage|p1a: Enamorus|66\/100 par\n|cant|p1a: Enamorus|par\n|\n|-heal|p1a: Enamorus|72\/100 par|[from] item: Leftovers\n|upkeep\n|turn|20\n|c|\u2606Ginesect|Holyy\n|c|\u2606Ginesect|This thing \ud83d\ude2d\ud83d\ude2d\n|\n|t:|1699082278\n|switch|p2a: Mandibuzz|Mandibuzz, F|65\/100\n|cant|p1a: Enamorus|par\n|\n|-heal|p1a: Enamorus|78\/100 par|[from] item: Leftovers\n|upkeep\n|turn|21\n|\n|t:|1699082289\n|move|p2a: Mandibuzz|Roost|p2a: Mandibuzz\n|-heal|p2a: Mandibuzz|100\/100\n|-singleturn|p2a: Mandibuzz|move: Roost\n|move|p1a: Enamorus|Draining Kiss|p2a: Mandibuzz\n|-supereffective|p2a: Mandibuzz\n|-damage|p2a: Mandibuzz|32\/100\n|-heal|p1a: Enamorus|100\/100 par|[from] drain|[of] p2a: Mandibuzz\n|\n|-sideend|p2: Ginesect|move: Light Screen\n|upkeep\n|turn|22\n|\n|t:|1699082297\n|move|p2a: Mandibuzz|Roost|p2a: Mandibuzz\n|-heal|p2a: Mandibuzz|82\/100\n|-singleturn|p2a: Mandibuzz|move: Roost\n|cant|p1a: Enamorus|par\n|\n|upkeep\n|turn|23\n|\n|t:|1699082304\n|move|p2a: Mandibuzz|Foul Play|p1a: Enamorus\n|-damage|p1a: Enamorus|91\/100 par\n|move|p1a: Enamorus|Calm Mind|p1a: Enamorus\n|-boost|p1a: Enamorus|spa|1\n|-boost|p1a: Enamorus|spd|0\n|\n|-heal|p1a: Enamorus|97\/100 par|[from] item: Leftovers\n|upkeep\n|turn|24\n|\n|t:|1699082311\n|move|p2a: Mandibuzz|Foul Play|p1a: Enamorus\n|-damage|p1a: Enamorus|88\/100 par\n|move|p1a: Enamorus|Calm Mind|p1a: Enamorus\n|-boost|p1a: Enamorus|spa|1\n|-boost|p1a: Enamorus|spd|0\n|\n|-heal|p1a: Enamorus|94\/100 par|[from] item: Leftovers\n|upkeep\n|turn|25\n|\n|t:|1699082314\n|move|p2a: Mandibuzz|Foul Play|p1a: Enamorus\n|-damage|p1a: Enamorus|84\/100 par\n|cant|p1a: Enamorus|par\n|\n|-heal|p1a: Enamorus|90\/100 par|[from] item: Leftovers\n|upkeep\n|turn|26\n|\n|t:|1699082318\n|move|p2a: Mandibuzz|Foul Play|p1a: Enamorus\n|-damage|p1a: Enamorus|80\/100 par\n|move|p1a: Enamorus|Draining Kiss|p2a: Mandibuzz\n|-supereffective|p2a: Mandibuzz\n|-damage|p2a: Mandibuzz|0 fnt\n|-heal|p1a: Enamorus|100\/100 par|[from] drain|[of] p2a: Mandibuzz\n|faint|p2a: Mandibuzz\n|\n|upkeep\n|\n|t:|1699082322\n|switch|p2a: Chien-Pao|Chien-Pao|100\/100\n|-ability|p2a: Chien-Pao|Sword of Ruin\n|turn|27\n|\n|t:|1699082327\n|-terastallize|p2a: Chien-Pao|Dark\n|move|p2a: Chien-Pao|Crunch|p1a: Enamorus\n|-damage|p1a: Enamorus|10\/100 par\n|cant|p1a: Enamorus|par\n|\n|-heal|p1a: Enamorus|16\/100 par|[from] item: Leftovers\n|upkeep\n|turn|28\n|c|\u2606Ginesect|I will fucking murder this\n|c|\u2606Ginesect|Wtfffff\n|\n|t:|1699082336\n|move|p2a: Chien-Pao|Crunch|p1a: Enamorus\n|-damage|p1a: Enamorus|0 fnt\n|faint|p1a: Enamorus\n|\n|upkeep\n|c|\u2606Yuinna.|lucky\n|\n|t:|1699082342\n|switch|p1a: Ferrothorn|Ferrothorn, M|100\/100\n|turn|29\n|c|\u2606Ginesect|I'm so pissed off on this thing\n|\n|t:|1699082352\n|move|p2a: Chien-Pao|Crunch|p1a: Ferrothorn\n|-damage|p1a: Ferrothorn|36\/100\n|-damage|p2a: Chien-Pao|88\/100|[from] ability: Iron Barbs|[of] p1a: Ferrothorn\n|move|p1a: Ferrothorn|Leech Seed|p2a: Chien-Pao\n|-start|p2a: Chien-Pao|move: Leech Seed\n|\n|-heal|p1a: Ferrothorn|42\/100|[from] item: Leftovers\n|-damage|p2a: Chien-Pao|76\/100|[from] Leech Seed|[of] p1a: Ferrothorn\n|-heal|p1a: Ferrothorn|52\/100|[silent]\n|upkeep\n|turn|30\n|\n|t:|1699082362\n|move|p2a: Chien-Pao|Crunch|p1a: Ferrothorn\n|-damage|p1a: Ferrothorn|0 fnt\n|-damage|p2a: Chien-Pao|64\/100|[from] ability: Iron Barbs|[of] p1a: Ferrothorn\n|faint|p1a: Ferrothorn\n|\n|upkeep\n|\n|t:|1699082372\n|switch|p1a: Alomomola|Alomomola, F|100\/100\n|turn|31\n|\n|t:|1699082378\n|switch|p2a: Greninja|Greninja, M|100\/100\n|move|p1a: Alomomola|Protect||[still]\n|-fail|p1a: Alomomola\n|\n|upkeep\n|turn|32\n|\n|t:|1699082381\n|move|p2a: Greninja|Dark Pulse|p1a: Alomomola\n|-damage|p1a: Alomomola|56\/100\n|move|p1a: Alomomola|Flip Turn|p2a: Greninja\n|-resisted|p2a: Greninja\n|-damage|p2a: Greninja|89\/100\n|\n|t:|1699082386\n|switch|p1a: Slowking|Slowking-Galar, M|100\/100|[from] Flip Turn\n|\n|upkeep\n|turn|33\n|\n|t:|1699082389\n|move|p2a: Greninja|Dark Pulse|p1a: Slowking\n|-supereffective|p1a: Slowking\n|-damage|p1a: Slowking|56\/100\n|cant|p1a: Slowking|flinch\n|\n|upkeep\n|turn|34\n|\n|t:|1699082394\n|move|p2a: Greninja|Dark Pulse|p1a: Slowking\n|-supereffective|p1a: Slowking\n|-damage|p1a: Slowking|5\/100\n|cant|p1a: Slowking|flinch\n|\n|upkeep\n|turn|35\n|c|\u2606Ginesect|Moment\n|c|\u2606Ginesect|\ud83d\ude2d\n|c|\u2606Yuinna.|i lost\n|c|\u2606Ginesect|gg\n|\n|t:|1699082407\n|move|p2a: Greninja|Dark Pulse|p1a: Slowking\n|-supereffective|p1a: Slowking\n|-damage|p1a: Slowking|0 fnt\n|faint|p1a: Slowking\n|-ability|p2a: Greninja|Battle Bond|boost\n|-boost|p2a: Greninja|atk|1\n|-boost|p2a: Greninja|spa|1\n|-boost|p2a: Greninja|spe|1\n|-activate|p2a: Greninja|ability: Battle Bond\n|\n|upkeep\n|\n|t:|1699082410\n|switch|p1a: Ampharos|Ampharos, M|100\/100\n|turn|36\n|c|\u2606Ginesect|I honestly thought I'd lose\n|c|\u2606Yuinna.|the luck\n|\n|t:|1699082417\n|detailschange|p1a: Ampharos|Ampharos-Mega, M\n|-mega|p1a: Ampharos|Ampharos|Ampharosite\n|-ability|p1a: Ampharos|Mold Breaker\n|move|p2a: Greninja|Hydro Pump|p1a: Ampharos\n|-resisted|p1a: Ampharos\n|-damage|p1a: Ampharos|72\/100\n|move|p1a: Ampharos|Thunderbolt|p2a: Greninja\n|-supereffective|p2a: Greninja\n|-damage|p2a: Greninja|0 fnt\n|faint|p2a: Greninja\n|\n|upkeep\n|\n|t:|1699082422\n|switch|p2a: Chien-Pao|Chien-Pao, tera:Dark|64\/100\n|-ability|p2a: Chien-Pao|Sword of Ruin\n|turn|37\n|c|\u2606Ginesect|gg\n|\n|t:|1699082427\n|move|p2a: Chien-Pao|Crunch|p1a: Ampharos\n|-damage|p1a: Ampharos|0 fnt\n|faint|p1a: Ampharos\n|\n|upkeep\n|\n|t:|1699082431\n|switch|p1a: Alomomola|Alomomola, F|89\/100\n|turn|38\n|\n|t:|1699082433\n|move|p1a: Alomomola|Protect|p1a: Alomomola\n|-singleturn|p1a: Alomomola|Protect\n|move|p2a: Chien-Pao|Crunch|p1a: Alomomola\n|-activate|p1a: Alomomola|move: Protect\n|\n|upkeep\n|turn|39\n|\n|t:|1699082443\n|move|p2a: Chien-Pao|Crunch|p1a: Alomomola\n|-damage|p1a: Alomomola|30\/100\n|-damage|p2a: Chien-Pao|47\/100|[from] item: Rocky Helmet|[of] p1a: Alomomola\n|move|p1a: Alomomola|Wish|p1a: Alomomola\n|\n|upkeep\n|turn|40\n|\n|t:|1699082449\n|move|p1a: Alomomola|Protect|p1a: Alomomola\n|-singleturn|p1a: Alomomola|Protect\n|move|p2a: Chien-Pao|Crunch|p1a: Alomomola\n|-activate|p1a: Alomomola|move: Protect\n|\n|-heal|p1a: Alomomola|80\/100|[from] move: Wish|[wisher] Alomomola\n|upkeep\n|turn|41\n|\n|t:|1699082455\n|switch|p2a: Grimmsnarl|Grimmsnarl, M|52\/100\n|move|p1a: Alomomola|Wish|p1a: Alomomola\n|\n|upkeep\n|turn|42\n|\n|t:|1699082460\n|move|p2a: Grimmsnarl|Thunder Wave|p1a: Alomomola\n|-status|p1a: Alomomola|par\n|move|p1a: Alomomola|Flip Turn|p2a: Grimmsnarl\n|-damage|p2a: Grimmsnarl|33\/100\n|\n|t:|1699082466\n|switch|p1a: Glastrier|Glastrier|100\/100|[from] Flip Turn\n|\n|upkeep\n|turn|43\n|\n|t:|1699082471\n|move|p2a: Grimmsnarl|Reflect|p2a: Grimmsnarl\n|-sidestart|p2: Ginesect|Reflect\n|move|p1a: Glastrier|Substitute|p1a: Glastrier\n|-start|p1a: Glastrier|Substitute\n|-damage|p1a: Glastrier|76\/100\n|\n|-heal|p1a: Glastrier|82\/100|[from] item: Leftovers\n|upkeep\n|turn|44\n|\n|t:|1699082476\n|move|p2a: Grimmsnarl|Parting Shot|p1a: Glastrier\n|-unboost|p1a: Glastrier|atk|1\n|-unboost|p1a: Glastrier|spa|1\n|\n|t:|1699082478\n|switch|p2a: Chien-Pao|Chien-Pao, tera:Dark|47\/100|[from] Parting Shot\n|-ability|p2a: Chien-Pao|Sword of Ruin\n|move|p1a: Glastrier|Close Combat|p2a: Chien-Pao\n|-supereffective|p2a: Chien-Pao\n|-damage|p2a: Chien-Pao|0 fnt\n|-unboost|p1a: Glastrier|def|1\n|-unboost|p1a: Glastrier|spd|1\n|faint|p2a: Chien-Pao\n|-ability|p1a: Glastrier|Chilling Neigh|boost\n|-boost|p1a: Glastrier|atk|1\n|\n|-heal|p1a: Glastrier|88\/100|[from] item: Leftovers\n|upkeep\n|c|\u2606Ginesect|Ok\n|c|\u2606Ginesect|Gg\n|-message|Ginesect forfeited.\n|\n|win|Yuinna.\n|l|\u2606Ginesect\n|c|\u2606Yuinna.|throw\n","uploadtime":1699082534,"views":11,"p1id":"yuinna","p2id":"ginesect","formatid":"gen9nationaldexubers","rating":0,"private":0,"password":""}