{"id":"gen9nationaldexubers-2000235921","p1":"georgefable1","p2":"Boyca","format":"[Gen 9] National Dex Ubers","log":"|j|\u2606georgefable1\n|j|\u2606Boyca\n|t:|1701175840\n|gametype|singles\n|player|p1|georgefable1|102|\n|player|p2|Boyca|clown|\n|teamsize|p1|4\n|teamsize|p2|4\n|gen|9\n|tier|[Gen 9] National Dex Ubers\n|rule|HP Percentage Mod: HP is shown in percentages\n|rule|Endless Battle Clause: Forcing endless battles is banned\n|rule|OHKO Clause: OHKO moves are banned\n|rule|Evasion Moves Clause: Evasion moves are banned\n|rule|Evasion Items Clause: Evasion items are banned\n|rule|Species Clause: Limit one of each Pok\u00e9mon\n|rule|Sleep Clause Mod: Limit one foe put to sleep\n|rule|Mega Rayquaza Clause: You cannot mega evolve Rayquaza\n|clearpoke\n|poke|p1|Mawile, F|\n|poke|p1|Kommo-o, M|\n|poke|p1|Lickilicky, F|\n|poke|p1|Blastoise, M|\n|poke|p2|Samurott, M|\n|poke|p2|Stoutland, F|\n|poke|p2|Furret, M|\n|poke|p2|Skarmory, M|\n|teampreview\n|c|\u2606Boyca|gl!\n|c|\u2606georgefable1|good luck!!\n|\n|t:|1701175876\n|start\n|switch|p1a: Kommo-NO|Kommo-o, M|100\/100\n|switch|p2a: Long boi|Furret, M|100\/100\n|-item|p1a: Kommo-NO|Kommonium Z|[from] ability: Frisk|[of] p2a: Long boi|[identify]\n|turn|1\n|\n|t:|1701175918\n|move|p2a: Long boi|Coil|p2a: Long boi\n|-boost|p2a: Long boi|atk|1\n|-boost|p2a: Long boi|def|1\n|-boost|p2a: Long boi|accuracy|1\n|-zpower|p1a: Kommo-NO\n|move|p1a: Kommo-NO|Clangorous Soulblaze|p2a: Long boi|[zeffect]\n|-damage|p2a: Long boi|7\/100\n|-boost|p1a: Kommo-NO|atk|1\n|-boost|p1a: Kommo-NO|def|1\n|-boost|p1a: Kommo-NO|spa|1\n|-boost|p1a: Kommo-NO|spd|1\n|-boost|p1a: Kommo-NO|spe|1\n|\n|-heal|p2a: Long boi|13\/100|[from] item: Leftovers\n|upkeep\n|turn|2\n|\n|t:|1701175933\n|move|p1a: Kommo-NO|Drain Punch|p2a: Long boi\n|-supereffective|p2a: Long boi\n|-damage|p2a: Long boi|0 fnt\n|faint|p2a: Long boi\n|\n|upkeep\n|\n|t:|1701175936\n|switch|p2a: Monty|Stoutland, F|100\/100\n|-ability|p2a: Monty|Intimidate|boost\n|-unboost|p1a: Kommo-NO|atk|1\n|turn|3\n|\n|t:|1701175945\n|switch|p2a: Pump It|Samurott, M|100\/100\n|move|p1a: Kommo-NO|Drain Punch|p2a: Pump It\n|-damage|p2a: Pump It|54\/100\n|\n|upkeep\n|turn|4\n|\n|t:|1701175954\n|switch|p2a: Monty|Stoutland, F|100\/100\n|-ability|p2a: Monty|Intimidate|boost\n|-unboost|p1a: Kommo-NO|atk|1\n|move|p1a: Kommo-NO|Drain Punch|p2a: Monty\n|-supereffective|p2a: Monty\n|-damage|p2a: Monty|66\/100\n|\n|-heal|p2a: Monty|72\/100|[from] item: Leftovers\n|upkeep\n|turn|5\n|\n|t:|1701175969\n|move|p1a: Kommo-NO|Thunder Punch|p2a: Monty\n|-damage|p2a: Monty|60\/100\n|move|p2a: Monty|Yawn|p1a: Kommo-NO\n|-start|p1a: Kommo-NO|move: Yawn|[of] p2a: Monty\n|\n|-heal|p2a: Monty|66\/100|[from] item: Leftovers\n|upkeep\n|turn|6\n|\n|t:|1701175982\n|switch|p1a: Michaelangelo|Blastoise, M|100\/100\n|switch|p2a: My Nemesis|Skarmory, M|100\/100\n|\n|upkeep\n|turn|7\n|\n|t:|1701176016\n|switch|p2a: Pump It|Samurott, M|54\/100\n|detailschange|p1a: Michaelangelo|Blastoise-Mega, M\n|-mega|p1a: Michaelangelo|Blastoise|Blastoisinite\n|move|p1a: Michaelangelo|Aqua Tail|p2a: Pump It\n|-resisted|p2a: Pump It\n|-damage|p2a: Pump It|29\/100\n|\n|upkeep\n|turn|8\n|\n|t:|1701176031\n|move|p1a: Michaelangelo|Shell Smash|p1a: Michaelangelo\n|-unboost|p1a: Michaelangelo|def|1\n|-unboost|p1a: Michaelangelo|spd|1\n|-boost|p1a: Michaelangelo|atk|2\n|-boost|p1a: Michaelangelo|spa|2\n|-boost|p1a: Michaelangelo|spe|2\n|move|p2a: Pump It|Toxic|p1a: Michaelangelo\n|-status|p1a: Michaelangelo|tox\n|\n|-damage|p1a: Michaelangelo|94\/100 tox|[from] psn\n|upkeep\n|turn|9\n|\n|t:|1701176042\n|switch|p2a: Monty|Stoutland, F|66\/100\n|-ability|p2a: Monty|Intimidate|boost\n|-unboost|p1a: Michaelangelo|atk|1\n|move|p1a: Michaelangelo|Aqua Tail|p2a: Monty\n|-damage|p2a: Monty|17\/100\n|\n|-heal|p2a: Monty|23\/100|[from] item: Leftovers\n|-damage|p1a: Michaelangelo|82\/100 tox|[from] psn\n|upkeep\n|turn|10\n|\n|t:|1701176053\n|switch|p2a: Pump It|Samurott, M|29\/100\n|move|p1a: Michaelangelo|Aqua Tail|p2a: Pump It\n|-resisted|p2a: Pump It\n|-damage|p2a: Pump It|0 fnt\n|faint|p2a: Pump It\n|\n|-damage|p1a: Michaelangelo|64\/100 tox|[from] psn\n|upkeep\n|\n|t:|1701176058\n|switch|p2a: Monty|Stoutland, F|23\/100\n|-ability|p2a: Monty|Intimidate|boost\n|-unboost|p1a: Michaelangelo|atk|1\n|turn|11\n|c|\u2606georgefable1|this is stress\n|\n|t:|1701176065\n|move|p1a: Michaelangelo|Aqua Tail|p2a: Monty\n|-damage|p2a: Monty|0 fnt\n|faint|p2a: Monty\n|\n|-damage|p1a: Michaelangelo|40\/100 tox|[from] psn\n|upkeep\n|\n|t:|1701176068\n|switch|p2a: My Nemesis|Skarmory, M|100\/100\n|turn|12\n|\n|t:|1701176077\n|move|p1a: Michaelangelo|Aqua Tail|p2a: My Nemesis\n|-damage|p2a: My Nemesis|76\/100\n|-ability|p2a: My Nemesis|Weak Armor|boost\n|-unboost|p2a: My Nemesis|def|1\n|-boost|p2a: My Nemesis|spe|2\n|move|p2a: My Nemesis|Iron Defense|p2a: My Nemesis\n|-boost|p2a: My Nemesis|def|2\n|\n|-heal|p2a: My Nemesis|82\/100|[from] item: Leftovers\n|-damage|p1a: Michaelangelo|10\/100 tox|[from] psn\n|upkeep\n|turn|13\n|\n|t:|1701176087\n|move|p1a: Michaelangelo|Aqua Tail|p2a: My Nemesis\n|-damage|p2a: My Nemesis|63\/100\n|-ability|p2a: My Nemesis|Weak Armor|boost\n|-unboost|p2a: My Nemesis|def|1\n|-boost|p2a: My Nemesis|spe|2\n|move|p2a: My Nemesis|Iron Defense|p2a: My Nemesis\n|-boost|p2a: My Nemesis|def|2\n|\n|-heal|p2a: My Nemesis|69\/100|[from] item: Leftovers\n|-damage|p1a: Michaelangelo|0 fnt|[from] psn\n|faint|p1a: Michaelangelo\n|upkeep\n|c|\u2606georgefable1|i hate this thing so much\n|\n|t:|1701176099\n|switch|p1a: Kommo-NO|Kommo-o, M|100\/100\n|turn|14\n|c|\u2606Boyca|i think I'm going to ask for it to be removed from the pool\n|\n|t:|1701176112\n|move|p2a: My Nemesis|Iron Defense|p2a: My Nemesis\n|-boost|p2a: My Nemesis|def|2\n|move|p1a: Kommo-NO|Thunder Punch|p2a: My Nemesis\n|-supereffective|p2a: My Nemesis\n|-damage|p2a: My Nemesis|59\/100\n|-ability|p2a: My Nemesis|Weak Armor|boost\n|-unboost|p2a: My Nemesis|def|1\n|-boost|p2a: My Nemesis|spe|2\n|\n|-heal|p2a: My Nemesis|65\/100|[from] item: Leftovers\n|upkeep\n|turn|15\n|c|\u2606georgefable1|its so broken\n|\n|t:|1701176126\n|move|p2a: My Nemesis|Iron Defense|p2a: My Nemesis\n|-boost|p2a: My Nemesis|def|2\n|move|p1a: Kommo-NO|Thunder Punch|p2a: My Nemesis\n|-supereffective|p2a: My Nemesis\n|-damage|p2a: My Nemesis|56\/100\n|-status|p2a: My Nemesis|par\n|-ability|p2a: My Nemesis|Weak Armor|boost\n|-unboost|p2a: My Nemesis|def|1\n|\n|-heal|p2a: My Nemesis|62\/100 par|[from] item: Leftovers\n|upkeep\n|turn|16\n|c|\u2606georgefable1|YES\n|\n|t:|1701176138\n|move|p2a: My Nemesis|Body Press|p1a: Kommo-NO\n|-damage|p1a: Kommo-NO|4\/100\n|move|p1a: Kommo-NO|Thunder Punch|p2a: My Nemesis\n|-supereffective|p2a: My Nemesis\n|-damage|p2a: My Nemesis|52\/100 par\n|-ability|p2a: My Nemesis|Weak Armor|boost\n|-unboost|p2a: My Nemesis|def|1\n|\n|-heal|p2a: My Nemesis|58\/100 par|[from] item: Leftovers\n|upkeep\n|turn|17\n|\n|t:|1701176148\n|move|p2a: My Nemesis|Iron Defense|p2a: My Nemesis\n|-boost|p2a: My Nemesis|def|2\n|move|p1a: Kommo-NO|Thunder Punch|p2a: My Nemesis\n|-supereffective|p2a: My Nemesis\n|-damage|p2a: My Nemesis|49\/100 par\n|-ability|p2a: My Nemesis|Weak Armor|boost\n|-unboost|p2a: My Nemesis|def|1\n|\n|-heal|p2a: My Nemesis|55\/100 par|[from] item: Leftovers\n|upkeep\n|turn|18\n|\n|t:|1701176156\n|move|p2a: My Nemesis|Roost|p2a: My Nemesis\n|-heal|p2a: My Nemesis|100\/100 par\n|-singleturn|p2a: My Nemesis|move: Roost\n|move|p1a: Kommo-NO|Thunder Punch|p2a: My Nemesis\n|-damage|p2a: My Nemesis|95\/100 par\n|-ability|p2a: My Nemesis|Weak Armor|boost\n|-unboost|p2a: My Nemesis|def|1\n|\n|-heal|p2a: My Nemesis|100\/100 par|[from] item: Leftovers\n|upkeep\n|turn|19\n|c|\u2606georgefable1|WHY HAS IT GOT ROOST OMYGOD IM DONE\n|\n|t:|1701176172\n|move|p2a: My Nemesis|Iron Defense|p2a: My Nemesis\n|-boost|p2a: My Nemesis|def|2\n|move|p1a: Kommo-NO|Drain Punch|p2a: My Nemesis\n|-damage|p2a: My Nemesis|93\/100 par\n|-heal|p1a: Kommo-NO|8\/100|[from] drain|[of] p2a: My Nemesis\n|-ability|p2a: My Nemesis|Weak Armor|boost\n|-unboost|p2a: My Nemesis|def|1\n|\n|-heal|p2a: My Nemesis|99\/100 par|[from] item: Leftovers\n|upkeep\n|turn|20\n|\n|t:|1701176180\n|move|p2a: My Nemesis|Iron Defense|p2a: My Nemesis\n|-boost|p2a: My Nemesis|def|2\n|move|p1a: Kommo-NO|Drain Punch|p2a: My Nemesis\n|-damage|p2a: My Nemesis|93\/100 par\n|-heal|p1a: Kommo-NO|12\/100|[from] drain|[of] p2a: My Nemesis\n|-ability|p2a: My Nemesis|Weak Armor|boost\n|-unboost|p2a: My Nemesis|def|1\n|\n|-heal|p2a: My Nemesis|99\/100 par|[from] item: Leftovers\n|upkeep\n|turn|21\n|\n|t:|1701176189\n|move|p2a: My Nemesis|Body Press|p1a: Kommo-NO\n|-damage|p1a: Kommo-NO|0 fnt\n|faint|p1a: Kommo-NO\n|\n|-heal|p2a: My Nemesis|100\/100 par|[from] item: Leftovers\n|upkeep\n|\n|t:|1701176195\n|switch|p1a: Nom :3|Mawile, F|100\/100\n|-ability|p1a: Nom :3|Intimidate|boost\n|-unboost|p2a: My Nemesis|atk|1\n|turn|22\n|c|\u2606Boyca|it's a very not fair and balanced set\n|\n|t:|1701176202\n|move|p2a: My Nemesis|Body Press|p1a: Nom :3\n|-damage|p1a: Nom :3|0 fnt\n|faint|p1a: Nom :3\n|\n|upkeep\n|c|\u2606georgefable1|like this thing is insane\n|c|\u2606georgefable1|u have to play perfectly to take it out\n|c|\u2606georgefable1|and stoutland intimidate is free protection for it\n|\n|t:|1701176239\n|switch|p1a: The Cannon|Lickilicky, F, shiny|100\/100\n|turn|23\n|c|\u2606Boyca|it's literally impossible for you to break as you've only got physical attackers\n|c|\u2606georgefable1|like\n|\n|t:|1701176263\n|-singleturn|p1a: The Cannon|move: Focus Punch\n|move|p2a: My Nemesis|Body Press|p1a: The Cannon\n|-supereffective|p1a: The Cannon\n|-damage|p1a: The Cannon|0 fnt\n|faint|p1a: The Cannon\n|\n|win|Boyca\n|c|\u2606Boyca|gg\n|c|\u2606georgefable1|ggs\n|c|\u2606Boyca|I'll upload the replays and score\n","uploadtime":1701176287,"views":2,"p1id":"georgefable1","p2id":"boyca","formatid":"gen9nationaldexubers","rating":0,"private":0,"password":""}