{"id":"gen9nationaldexubers-1986467459","p1":"Tytheguy004","p2":"ANinjaDude","format":"[Gen 9] National Dex Ubers","log":"|j|\u2606Tytheguy004\n|j|\u2606ANinjaDude\n|t:|1699482049\n|gametype|singles\n|player|p1|Tytheguy004|pokemonbreeder-gen4|\n|player|p2|ANinjaDude|volkner|\n|teamsize|p1|6\n|teamsize|p2|6\n|gen|9\n|tier|[Gen 9] National Dex Ubers\n|rule|HP Percentage Mod: HP is shown in percentages\n|rule|Endless Battle Clause: Forcing endless battles is banned\n|rule|OHKO Clause: OHKO moves are banned\n|rule|Evasion Moves Clause: Evasion moves are banned\n|rule|Evasion Items Clause: Evasion items are banned\n|rule|Species Clause: Limit one of each Pok\u00e9mon\n|rule|Sleep Clause Mod: Limit one foe put to sleep\n|rule|Mega Rayquaza Clause: You cannot mega evolve Rayquaza\n|clearpoke\n|poke|p1|Scizor, F|\n|poke|p1|Urshifu-*, M|\n|poke|p1|Krookodile, F|\n|poke|p1|Pelipper, M|\n|poke|p1|Iron Bundle|\n|poke|p1|Floatzel, M|\n|poke|p2|Landorus-Therian, M|\n|poke|p2|Celesteela|\n|poke|p2|Thundurus-Therian, M|\n|poke|p2|Dragonite, M|\n|poke|p2|Shaymin-Sky|\n|poke|p2|Iron Valiant|\n|teampreview\n|inactive|Battle timer is ON: inactive players will automatically lose when time's up. (requested by ANinjaDude)\n|c|\u2606ANinjaDude|glhf\n|\n|t:|1699482059\n|start\n|switch|p1a: Urshifu|Urshifu-Rapid-Strike, M|100\/100\n|switch|p2a: Landorus|Landorus-Therian, M|100\/100\n|-ability|p2a: Landorus|Intimidate|boost\n|-unboost|p1a: Urshifu|atk|1\n|turn|1\n|c|\u2606Tytheguy004|Glhf\n|\n|t:|1699482070\n|move|p1a: Urshifu|Surging Strikes|p2a: Landorus\n|-supereffective|p2a: Landorus\n|-crit|p2a: Landorus\n|-damage|p2a: Landorus|55\/100\n|-supereffective|p2a: Landorus\n|-crit|p2a: Landorus\n|-damage|p2a: Landorus|12\/100\n|-supereffective|p2a: Landorus\n|-crit|p2a: Landorus\n|-damage|p2a: Landorus|0 fnt\n|faint|p2a: Landorus\n|-hitcount|p2: Landorus|3\n|\n|upkeep\n|\n|t:|1699482073\n|switch|p2a: Shaymin|Shaymin-Sky|100\/100\n|turn|2\n|\n|t:|1699482076\n|switch|p1a: Pelipper|Pelipper, M|100\/100\n|-weather|RainDance|[from] ability: Drizzle|[of] p1a: Pelipper\n|move|p2a: Shaymin|Air Slash|p1a: Pelipper\n|-damage|p1a: Pelipper|46\/100\n|\n|-weather|RainDance|[upkeep]\n|upkeep\n|turn|3\n|\n|t:|1699482080\n|move|p2a: Shaymin|Air Slash|p1a: Pelipper\n|-damage|p1a: Pelipper|0 fnt\n|faint|p1a: Pelipper\n|\n|-weather|RainDance|[upkeep]\n|upkeep\n|\n|t:|1699482084\n|switch|p1a: Urshifu|Urshifu-Rapid-Strike, M|100\/100\n|turn|4\n|\n|t:|1699482089\n|-terastallize|p1a: Urshifu|Ice\n|move|p2a: Shaymin|Air Slash|p1a: Urshifu\n|-damage|p1a: Urshifu|42\/100\n|move|p1a: Urshifu|Tera Blast|p2a: Shaymin|[anim] Tera Blast Ice\n|-supereffective|p2a: Shaymin\n|-damage|p2a: Shaymin|0 fnt\n|faint|p2a: Shaymin\n|\n|-weather|RainDance|[upkeep]\n|upkeep\n|c|\u2606ANinjaDude|does shifu not get ice spinner?\n|c|\u2606ANinjaDude|or is that quaquaval im thinking of\n|\n|t:|1699482116\n|switch|p2a: Iron Valiant|Iron Valiant|100\/100\n|-enditem|p2a: Iron Valiant|Booster Energy\n|-activate|p2a: Iron Valiant|ability: Quark Drive|[fromitem]\n|-start|p2a: Iron Valiant|quarkdrivespe\n|turn|5\n|c|\u2606Tytheguy004|It does\n|c|\u2606Tytheguy004|Im just dumb\n|c|\u2606ANinjaDude|lol\n|c|\u2606ANinjaDude|fair\n|\n|t:|1699482125\n|switch|p1a: Floatzel|Floatzel, M|100\/100\n|move|p2a: Iron Valiant|Vacuum Wave|p1a: Floatzel\n|-damage|p1a: Floatzel|65\/100\n|\n|-weather|RainDance|[upkeep]\n|upkeep\n|turn|6\n|\n|t:|1699482133\n|-end|p2a: Iron Valiant|Quark Drive|[silent]\n|switch|p2a: Dragonite|Dragonite, M|100\/100\n|move|p1a: Floatzel|Wave Crash|p2a: Dragonite\n|-resisted|p2a: Dragonite\n|-damage|p2a: Dragonite|66\/100\n|-damage|p1a: Floatzel|53\/100|[from] Recoil\n|\n|-weather|RainDance|[upkeep]\n|upkeep\n|turn|7\n|\n|t:|1699482138\n|move|p2a: Dragonite|Extreme Speed|p1a: Floatzel\n|-damage|p1a: Floatzel|7\/100\n|move|p1a: Floatzel|Wave Crash|p2a: Dragonite\n|-resisted|p2a: Dragonite\n|-damage|p2a: Dragonite|0 fnt\n|faint|p2a: Dragonite\n|-damage|p1a: Floatzel|0 fnt|[from] Recoil\n|faint|p1a: Floatzel\n|\n|-weather|RainDance|[upkeep]\n|upkeep\n|\n|t:|1699482147\n|switch|p1a: Scizor|Scizor, F|100\/100\n|switch|p2a: Celesteela|Celesteela|100\/100\n|turn|8\n|\n|t:|1699482157\n|detailschange|p1a: Scizor|Scizor-Mega, F\n|-mega|p1a: Scizor|Scizor|Scizorite\n|move|p2a: Celesteela|Meteor Beam||[still]\n|-prepare|p2a: Celesteela|Meteor Beam\n|-boost|p2a: Celesteela|spa|1\n|-enditem|p2a: Celesteela|Power Herb\n|-anim|p2a: Celesteela|Meteor Beam|p1a: Scizor\n|-crit|p1a: Scizor\n|-damage|p1a: Scizor|15\/100\n|move|p1a: Scizor|U-turn|p2a: Celesteela\n|-resisted|p2a: Celesteela\n|-damage|p2a: Celesteela|92\/100\n|\n|t:|1699482168\n|switch|p1a: Krookodile|Krookodile, F|100\/100|[from] U-turn\n|-ability|p1a: Krookodile|Intimidate|boost\n|-unboost|p2a: Celesteela|atk|1\n|\n|-weather|RainDance|[upkeep]\n|upkeep\n|turn|9\n|c|\u2606ANinjaDude|that crit was not necessary lol\n|\n|t:|1699482179\n|move|p1a: Krookodile|Shadow Claw|p2a: Celesteela\n|-damage|p2a: Celesteela|68\/100\n|move|p2a: Celesteela|Autotomize|p2a: Celesteela\n|-boost|p2a: Celesteela|spe|2\n|-start|p2a: Celesteela|Autotomize\n|\n|-weather|none\n|upkeep\n|turn|10\n|\n|t:|1699482182\n|move|p2a: Celesteela|Air Slash|p1a: Krookodile\n|-damage|p1a: Krookodile|34\/100\n|cant|p1a: Krookodile|flinch\n|\n|upkeep\n|turn|11\n|c|\u2606Tytheguy004|Damn\n|\n|t:|1699482190\n|move|p2a: Celesteela|Air Slash|p1a: Krookodile\n|-damage|p1a: Krookodile|0 fnt\n|faint|p1a: Krookodile\n|-ability|p2a: Celesteela|Beast Boost|boost\n|-boost|p2a: Celesteela|spa|1\n|\n|upkeep\n|\n|t:|1699482197\n|switch|p1a: Urshifu|Urshifu-Rapid-Strike, M, tera:Ice|42\/100\n|turn|12\n|\n|t:|1699482211\n|move|p2a: Celesteela|Air Slash|p1a: Urshifu\n|-damage|p1a: Urshifu|0 fnt\n|faint|p1a: Urshifu\n|-ability|p2a: Celesteela|Beast Boost|boost\n|-boost|p2a: Celesteela|spa|1\n|\n|upkeep\n|\n|t:|1699482215\n|switch|p1a: Iron Bundle|Iron Bundle|100\/100\n|-enditem|p1a: Iron Bundle|Booster Energy\n|-activate|p1a: Iron Bundle|ability: Quark Drive|[fromitem]\n|-start|p1a: Iron Bundle|quarkdrivespe\n|turn|13\n|\n|t:|1699482221\n|move|p1a: Iron Bundle|Hydro Pump|p2a: Celesteela\n|-damage|p2a: Celesteela|17\/100\n|move|p2a: Celesteela|Meteor Beam||[still]\n|-prepare|p2a: Celesteela|Meteor Beam\n|-boost|p2a: Celesteela|spa|1\n|\n|upkeep\n|turn|14\n|c|\u2606ANinjaDude|why did i click a charge move lol\n|\n|t:|1699482229\n|move|p1a: Iron Bundle|Hydro Pump|p2a: Celesteela\n|-damage|p2a: Celesteela|0 fnt\n|faint|p2a: Celesteela\n|\n|upkeep\n|\n|t:|1699482232\n|switch|p2a: Iron Valiant|Iron Valiant|100\/100\n|turn|15\n|\n|t:|1699482235\n|-terastallize|p2a: Iron Valiant|Fighting\n|move|p2a: Iron Valiant|Vacuum Wave|p1a: Iron Bundle\n|-supereffective|p1a: Iron Bundle\n|-damage|p1a: Iron Bundle|1\/100\n|move|p1a: Iron Bundle|Hydro Pump|p2a: Iron Valiant\n|-damage|p2a: Iron Valiant|8\/100\n|\n|upkeep\n|turn|16\n|c|\u2606ANinjaDude|ggs\n|\n|t:|1699482245\n|move|p2a: Iron Valiant|Vacuum Wave|p1a: Iron Bundle\n|-supereffective|p1a: Iron Bundle\n|-damage|p1a: Iron Bundle|0 fnt\n|faint|p1a: Iron Bundle\n|-end|p1a: Iron Bundle|Quark Drive|[silent]\n|\n|upkeep\n|\n|t:|1699482246\n|switch|p1a: Scizor|Scizor-Mega, F|15\/100\n|turn|17\n|\n|t:|1699482248\n|move|p2a: Iron Valiant|Vacuum Wave|p1a: Scizor\n|-crit|p1a: Scizor\n|-damage|p1a: Scizor|0 fnt\n|faint|p1a: Scizor\n|\n|win|ANinjaDude\n|c|\u2606Tytheguy004|Gg\n","uploadtime":1699482256,"views":6,"p1id":"tytheguy004","p2id":"aninjadude","formatid":"gen9nationaldexubers","rating":0,"private":0,"password":""}