{"id":"gen9nationaldexubers-1985888138","p1":"MyMomSaysImCool","p2":"VinnyTheRose","format":"[Gen 9] National Dex Ubers","log":"|j|\u2606MyMomSaysImCool\n|j|\u2606VinnyTheRose\n|t:|1699417889\n|gametype|singles\n|player|p1|MyMomSaysImCool|170|1258\n|player|p2|VinnyTheRose|doubleteam|1232\n|teamsize|p1|6\n|teamsize|p2|6\n|gen|9\n|tier|[Gen 9] National Dex Ubers\n|rated|\n|rule|HP Percentage Mod: HP is shown in percentages\n|rule|Endless Battle Clause: Forcing endless battles is banned\n|rule|OHKO Clause: OHKO moves are banned\n|rule|Evasion Moves Clause: Evasion moves are banned\n|rule|Evasion Items Clause: Evasion items are banned\n|rule|Species Clause: Limit one of each Pok\u00e9mon\n|rule|Sleep Clause Mod: Limit one foe put to sleep\n|rule|Mega Rayquaza Clause: You cannot mega evolve Rayquaza\n|clearpoke\n|poke|p1|Kyogre|\n|poke|p1|Ho-Oh|\n|poke|p1|Zacian-*|\n|poke|p1|Giratina-Origin|\n|poke|p1|Groudon|\n|poke|p1|Arceus-Dark|\n|poke|p2|Lunala|\n|poke|p2|Magearna|\n|poke|p2|Marshadow|\n|poke|p2|Naganadel|\n|poke|p2|Pheromosa|\n|poke|p2|Necrozma-Dusk-Mane|\n|teampreview\n|inactive|Battle timer is ON: inactive players will automatically lose when time's up. (requested by VinnyTheRose)\n|\n|t:|1699417905\n|start\n|switch|p1a: Black guy|Arceus-Dark|100\/100\n|switch|p2a: Pheromosa|Pheromosa|100\/100\n|turn|1\n|c|\u2606MyMomSaysImCool|I\u2019m me\n|c|\u2606MyMomSaysImCool|whom are you\n|c|\u2606VinnyTheRose|im alola\n|\n|t:|1699417925\n|move|p2a: Pheromosa|Close Combat|p1a: Black guy\n|-supereffective|p1a: Black guy\n|-damage|p1a: Black guy|0 fnt\n|-unboost|p2a: Pheromosa|def|1\n|-unboost|p2a: Pheromosa|spd|1\n|faint|p1a: Black guy\n|-ability|p2a: Pheromosa|Beast Boost|boost\n|-boost|p2a: Pheromosa|spe|1\n|\n|upkeep\n|\n|t:|1699417945\n|switch|p1a: Bird|Ho-Oh|100\/100\n|turn|2\n|\n|t:|1699417958\n|switch|p2a: Naganadel|Naganadel|100\/100\n|move|p1a: Bird|Flare Blitz|p2a: Naganadel\n|-resisted|p2a: Naganadel\n|-damage|p2a: Naganadel|52\/100\n|-damage|p1a: Bird|89\/100|[from] Recoil\n|\n|upkeep\n|turn|3\n|\n|t:|1699417975\n|move|p2a: Naganadel|Nasty Plot|p2a: Naganadel\n|-boost|p2a: Naganadel|spa|2\n|move|p1a: Bird|Brave Bird|p2a: Naganadel\n|-damage|p2a: Naganadel|0 fnt\n|faint|p2a: Naganadel\n|-damage|p1a: Bird|78\/100|[from] Recoil\n|\n|upkeep\n|c|\u2606MyMomSaysImCool|Uh lh\n|c|\u2606MyMomSaysImCool|Thought I was dead for a second\n|inactive|VinnyTheRose has 120 seconds left.\n|\n|t:|1699418000\n|switch|p2a: Magearna|Magearna|100\/100\n|turn|4\n|\n|t:|1699418005\n|move|p1a: Bird|Flare Blitz|p2a: Magearna\n|-supereffective|p2a: Magearna\n|-damage|p2a: Magearna|20\/100\n|-enditem|p2a: Magearna|Weakness Policy\n|-boost|p2a: Magearna|atk|2|[from] item: Weakness Policy\n|-boost|p2a: Magearna|spa|2|[from] item: Weakness Policy\n|-damage|p1a: Bird|54\/100|[from] Recoil\n|move|p2a: Magearna|Shift Gear|p2a: Magearna\n|-boost|p2a: Magearna|spe|2\n|-boost|p2a: Magearna|atk|1\n|\n|upkeep\n|turn|5\n|inactive|VinnyTheRose has 120 seconds left.\n|\n|t:|1699418027\n|-terastallize|p2a: Magearna|Psychic\n|move|p2a: Magearna|Stored Power|p1a: Bird\n|-damage|p1a: Bird|0 fnt\n|faint|p1a: Bird\n|-ability|p2a: Magearna|Soul-Heart|boost\n|-boost|p2a: Magearna|spa|1\n|\n|upkeep\n|\n|t:|1699418037\n|switch|p1a: Wack ass worm|Giratina-Origin|100\/100\n|turn|6\n|inactive|VinnyTheRose has 120 seconds left.\n|\n|t:|1699418051\n|move|p2a: Magearna|Draining Kiss|p1a: Wack ass worm\n|-supereffective|p1a: Wack ass worm\n|-damage|p1a: Wack ass worm|28\/100\n|-heal|p2a: Magearna|95\/100|[from] drain|[of] p1a: Wack ass worm\n|move|p1a: Wack ass worm|Poltergeist||[still]\n|-fail|p1a: Wack ass worm\n|\n|upkeep\n|turn|7\n|inactive|VinnyTheRose has 120 seconds left.\n|\n|t:|1699418066\n|move|p2a: Magearna|Stored Power|p1a: Wack ass worm\n|-damage|p1a: Wack ass worm|0 fnt\n|faint|p1a: Wack ass worm\n|-ability|p2a: Magearna|Soul-Heart|boost\n|-boost|p2a: Magearna|spa|1\n|\n|upkeep\n|\n|t:|1699418073\n|switch|p1a: Dog|Zacian-Crowned|100\/100\n|-ability|p1a: Dog|Intrepid Sword|boost\n|-boost|p1a: Dog|atk|1\n|turn|8\n|\n|t:|1699418088\n|move|p1a: Dog|Wild Charge|p2a: Magearna\n|-damage|p2a: Magearna|64\/100\n|-damage|p1a: Dog|92\/100|[from] Recoil\n|move|p2a: Magearna|Stored Power|p1a: Dog\n|-resisted|p1a: Dog\n|-damage|p1a: Dog|0 fnt\n|faint|p1a: Dog\n|-ability|p2a: Magearna|Soul-Heart|boost\n|-boost|p2a: Magearna|spa|1\n|\n|upkeep\n|\n|t:|1699418099\n|switch|p1a: Precipe spam|Groudon|100\/100\n|detailschange|p1a: Precipe spam|Groudon-Primal\n|-primal|p1a: Precipe spam|Red Orb\n|-weather|DesolateLand|[from] ability: Desolate Land|[of] p1a: Precipe spam\n|turn|9\n|\n|t:|1699418107\n|move|p2a: Magearna|Stored Power|p1a: Precipe spam\n|-damage|p1a: Precipe spam|0 fnt\n|faint|p1a: Precipe spam\n|-ability|p2a: Magearna|Soul-Heart|boost\n|-boost|p2a: Magearna|spa|1\n|-weather|none\n|\n|upkeep\n|c|\u2606VinnyTheRose|gg wp\n|\n|t:|1699418114\n|switch|p1a: Keep yourself safe|Kyogre|100\/100\n|detailschange|p1a: Keep yourself safe|Kyogre-Primal\n|-primal|p1a: Keep yourself safe|Blue Orb\n|-weather|PrimordialSea|[from] ability: Primordial Sea|[of] p1a: Keep yourself safe\n|turn|10\n|\n|t:|1699418124\n|move|p2a: Magearna|Stored Power|p1a: Keep yourself safe\n|-damage|p1a: Keep yourself safe|0 fnt\n|faint|p1a: Keep yourself safe\n|-weather|none\n|\n|win|VinnyTheRose\n|raw|MyMomSaysImCool's rating: 1258 &rarr; <strong>1231<\/strong><br \/>(-27 for losing)\n|raw|VinnyTheRose's rating: 1232 &rarr; <strong>1259<\/strong><br \/>(+27 for winning)\n|l|\u2606MyMomSaysImCool\n","uploadtime":1699418133,"views":5,"p1id":"mymomsaysimcool","p2id":"vinnytherose","formatid":"gen9nationaldexubers","rating":1231,"private":0,"password":""}