{"id":"gen9nationaldexubers-1985908855","p1":"Krittapas","p2":"Irfanayan","format":"[Gen 9] National Dex Ubers","log":"|j|\u2606Krittapas\n|j|\u2606Irfanayan\n|t:|1699420987\n|gametype|singles\n|player|p1|Krittapas|steven|1462\n|player|p2|Irfanayan|1|1681\n|teamsize|p1|6\n|teamsize|p2|6\n|gen|9\n|tier|[Gen 9] National Dex Ubers\n|rated|\n|rule|HP Percentage Mod: HP is shown in percentages\n|rule|Endless Battle Clause: Forcing endless battles is banned\n|rule|OHKO Clause: OHKO moves are banned\n|rule|Evasion Moves Clause: Evasion moves are banned\n|rule|Evasion Items Clause: Evasion items are banned\n|rule|Species Clause: Limit one of each Pok\u00e9mon\n|rule|Sleep Clause Mod: Limit one foe put to sleep\n|rule|Mega Rayquaza Clause: You cannot mega evolve Rayquaza\n|clearpoke\n|poke|p1|Yveltal|\n|poke|p1|Kyogre|\n|poke|p1|Landorus, M|\n|poke|p1|Melmetal|\n|poke|p1|Ho-Oh|\n|poke|p1|Ditto|\n|poke|p2|Groudon|\n|poke|p2|Xerneas-*|\n|poke|p2|Arceus|\n|poke|p2|Necrozma-Dusk-Mane|\n|poke|p2|Zygarde|\n|poke|p2|Deoxys-Attack|\n|teampreview\n|inactive|Battle timer is ON: inactive players will automatically lose when time's up. (requested by Irfanayan)\n|\n|t:|1699421000\n|start\n|switch|p1a: Landorus|Landorus, M, shiny|100\/100\n|switch|p2a: Deoxys|Deoxys-Attack|100\/100\n|-ability|p2a: Deoxys|Pressure\n|turn|1\n|\n|t:|1699421008\n|move|p1a: Landorus|Earth Power|p2a: Deoxys\n|-damage|p2a: Deoxys|0 fnt\n|faint|p2a: Deoxys\n|\n|upkeep\n|\n|t:|1699421017\n|switch|p2a: Necrozma|Necrozma-Dusk-Mane|100\/100\n|turn|2\n|\n|t:|1699421021\n|detailschange|p2a: Necrozma|Necrozma-Ultra\n|-burst|p2a: Necrozma|Necrozma|Ultranecrozium Z\n|move|p1a: Landorus|Earth Power|p2a: Necrozma\n|-damage|p2a: Necrozma|34\/100\n|move|p2a: Necrozma|Photon Geyser|p1a: Landorus\n|-damage|p1a: Landorus|16\/100\n|\n|upkeep\n|turn|3\n|\n|t:|1699421033\n|move|p1a: Landorus|Earth Power|p2a: Necrozma\n|-damage|p2a: Necrozma|0 fnt\n|faint|p2a: Necrozma\n|\n|upkeep\n|\n|t:|1699421040\n|switch|p2a: Arceus|Arceus|100\/100\n|turn|4\n|\n|t:|1699421049\n|switch|p1a: Melmetal|Melmetal, shiny|100\/100\n|move|p2a: Arceus|Extreme Speed|p1a: Melmetal\n|-resisted|p1a: Melmetal\n|-damage|p1a: Melmetal|87\/100\n|-damage|p2a: Arceus|91\/100|[from] item: Life Orb\n|\n|upkeep\n|turn|5\n|\n|t:|1699421060\n|switch|p2a: Groudon|Groudon|100\/100\n|detailschange|p2a: Groudon|Groudon-Primal\n|-primal|p2a: Groudon|Red Orb\n|-weather|DesolateLand|[from] ability: Desolate Land|[of] p2a: Groudon\n|move|p1a: Melmetal|Double Iron Bash|p2a: Groudon\n|-resisted|p2a: Groudon\n|-damage|p2a: Groudon|83\/100\n|-resisted|p2a: Groudon\n|-damage|p2a: Groudon|66\/100\n|-hitcount|p2a: Groudon|2\n|\n|-weather|DesolateLand|[upkeep]\n|upkeep\n|turn|6\n|\n|t:|1699421072\n|switch|p1a: Landorus|Landorus, M, shiny|16\/100\n|move|p2a: Groudon|Fire Punch|p1a: Landorus\n|-damage|p1a: Landorus|0 fnt\n|faint|p1a: Landorus\n|\n|-weather|DesolateLand|[upkeep]\n|upkeep\n|\n|t:|1699421077\n|switch|p1a: Ditto|Ditto, shiny|100\/100\n|-transform|p1a: Ditto|p2a: Groudon|[from] ability: Imposter\n|turn|7\n|\n|t:|1699421085\n|move|p1a: Ditto|Precipice Blades|p2a: Groudon\n|-supereffective|p2a: Groudon\n|-damage|p2a: Groudon|0 fnt\n|faint|p2a: Groudon\n|\n|-weather|DesolateLand|[upkeep]\n|upkeep\n|\n|t:|1699421091\n|switch|p2a: Zygarde|Zygarde|100\/100\n|turn|8\n|\n|t:|1699421098\n|move|p1a: Ditto|Precipice Blades|p2a: Zygarde\n|-damage|p2a: Zygarde|49\/100\n|move|p2a: Zygarde|Dragon Dance|p2a: Zygarde\n|-boost|p2a: Zygarde|atk|1\n|-boost|p2a: Zygarde|spe|1\n|\n|-weather|DesolateLand|[upkeep]\n|-heal|p2a: Zygarde|55\/100|[from] item: Leftovers\n|upkeep\n|turn|9\n|\n|t:|1699421108\n|move|p2a: Zygarde|Coil|p2a: Zygarde\n|-boost|p2a: Zygarde|atk|1\n|-boost|p2a: Zygarde|def|1\n|-boost|p2a: Zygarde|accuracy|1\n|move|p1a: Ditto|Precipice Blades|p2a: Zygarde|[miss]\n|-miss|p1a: Ditto|p2a: Zygarde\n|\n|-weather|DesolateLand|[upkeep]\n|-heal|p2a: Zygarde|61\/100|[from] item: Leftovers\n|upkeep\n|turn|10\n|\n|t:|1699421117\n|-weather|none\n|switch|p1a: Ho-Oh|Ho-Oh, shiny|100\/100\n|move|p2a: Zygarde|Thousand Arrows|p1a: Ho-Oh\n|-damage|p1a: Ho-Oh|55\/100\n|-start|p1a: Ho-Oh|Smack Down\n|\n|-heal|p2a: Zygarde|68\/100|[from] item: Leftovers\n|upkeep\n|turn|11\n|\n|t:|1699421131\n|move|p2a: Zygarde|Thousand Arrows|p1a: Ho-Oh\n|-supereffective|p1a: Ho-Oh\n|-damage|p1a: Ho-Oh|0 fnt\n|faint|p1a: Ho-Oh\n|\n|-heal|p2a: Zygarde|74\/100|[from] item: Leftovers\n|upkeep\n|\n|t:|1699421137\n|switch|p1a: Ditto|Ditto, shiny|100\/100\n|-transform|p1a: Ditto|p2a: Zygarde|[from] ability: Imposter\n|turn|12\n|\n|t:|1699421147\n|switch|p1a: Yveltal|Yveltal, shiny|100\/100\n|-ability|p1a: Yveltal|Dark Aura\n|move|p2a: Zygarde|Thousand Arrows|p1a: Yveltal\n|-damage|p1a: Yveltal|49\/100\n|-start|p1a: Yveltal|Smack Down\n|\n|-heal|p2a: Zygarde|80\/100|[from] item: Leftovers\n|upkeep\n|turn|13\n|\n|t:|1699421158\n|move|p1a: Yveltal|Foul Play|p2a: Zygarde\n|-damage|p2a: Zygarde|46\/100\n|move|p2a: Zygarde|Thousand Arrows|p1a: Yveltal\n|-damage|p1a: Yveltal|0 fnt\n|faint|p1a: Yveltal\n|\n|-heal|p2a: Zygarde|52\/100|[from] item: Leftovers\n|upkeep\n|\n|t:|1699421164\n|switch|p1a: Kyogre|Kyogre, shiny|100\/100\n|detailschange|p1a: Kyogre|Kyogre-Primal, shiny\n|-primal|p1a: Kyogre|Blue Orb\n|-weather|PrimordialSea|[from] ability: Primordial Sea|[of] p1a: Kyogre\n|turn|14\n|\n|t:|1699421174\n|-terastallize|p2a: Zygarde|Poison\n|move|p2a: Zygarde|Thousand Arrows|p1a: Kyogre\n|-damage|p1a: Kyogre|37\/100\n|move|p1a: Kyogre|Ice Beam|p2a: Zygarde\n|-damage|p2a: Zygarde|13\/100\n|\n|-weather|PrimordialSea|[upkeep]\n|-heal|p2a: Zygarde|20\/100|[from] item: Leftovers\n|-activate|p2a: Zygarde|ability: Power Construct\n|detailschange|p2a: Zygarde|Zygarde-Complete, tera:Poison\n|-heal|p2a: Zygarde|47\/100|[silent]\n|upkeep\n|turn|15\n|\n|t:|1699421188\n|move|p2a: Zygarde|Thousand Arrows|p1a: Kyogre\n|-damage|p1a: Kyogre|0 fnt\n|faint|p1a: Kyogre\n|-weather|none\n|\n|-heal|p2a: Zygarde|53\/100|[from] item: Leftovers\n|upkeep\n|\n|t:|1699421189\n|switch|p1a: Ditto|Ditto, shiny|100\/100\n|-transform|p1a: Ditto|p2a: Zygarde|[from] ability: Imposter\n|-start|p1a: Ditto|typechange|Dragon\/Ground|[silent]\n|turn|16\n|\n|t:|1699421200\n|move|p1a: Ditto|Thousand Arrows|p2a: Zygarde\n|-supereffective|p2a: Zygarde\n|-damage|p2a: Zygarde|23\/100\n|move|p2a: Zygarde|Dragon Tail|p1a: Ditto\n|-supereffective|p1a: Ditto\n|-damage|p1a: Ditto|58\/100\n|drag|p1a: Melmetal|Melmetal, shiny|87\/100\n|\n|-heal|p2a: Zygarde|29\/100|[from] item: Leftovers\n|upkeep\n|turn|17\n|\n|t:|1699421212\n|move|p2a: Zygarde|Thousand Arrows|p1a: Melmetal\n|-supereffective|p1a: Melmetal\n|-damage|p1a: Melmetal|18\/100\n|move|p1a: Melmetal|Double Iron Bash|p2a: Zygarde\n|-damage|p2a: Zygarde|11\/100\n|-damage|p2a: Zygarde|0 fnt\n|faint|p2a: Zygarde\n|-hitcount|p2: Zygarde|2\n|\n|upkeep\n|\n|t:|1699421231\n|switch|p2a: Arceus|Arceus|91\/100\n|turn|18\n|\n|t:|1699421237\n|move|p2a: Arceus|Earthquake|p1a: Melmetal\n|-supereffective|p1a: Melmetal\n|-damage|p1a: Melmetal|0 fnt\n|faint|p1a: Melmetal\n|-damage|p2a: Arceus|81\/100|[from] item: Life Orb\n|\n|upkeep\n|\n|t:|1699421240\n|switch|p1a: Ditto|Ditto, shiny|58\/100\n|-transform|p1a: Ditto|p2a: Arceus|[from] ability: Imposter\n|turn|19\n|\n|t:|1699421248\n|move|p1a: Ditto|Extreme Speed|p2a: Arceus\n|-damage|p2a: Arceus|51\/100\n|move|p2a: Arceus|Extreme Speed|p1a: Ditto\n|-damage|p1a: Ditto|12\/100\n|-damage|p2a: Arceus|41\/100|[from] item: Life Orb\n|\n|upkeep\n|turn|20\n|-message|Krittapas forfeited.\n|\n|win|Irfanayan\n|raw|Krittapas's rating: 1462 &rarr; <strong>1453<\/strong><br \/>(-9 for losing)\n|raw|Irfanayan's rating: 1681 &rarr; <strong>1690<\/strong><br \/>(+9 for winning)\n|l|\u2606Krittapas\n|l|\u2606Irfanayan\n","uploadtime":1699421363,"views":5,"p1id":"krittapas","p2id":"irfanayan","formatid":"gen9nationaldexubers","rating":1453,"private":0,"password":""}