{"id":"gen9nationaldexubers-1997787628","p1":"concide","p2":"BlackStar150520","format":"[Gen 9] National Dex Ubers","log":"|j|\u2606concide\n|j|\u2606BlackStar150520\n|t:|1700852682\n|gametype|singles\n|player|p1|concide|steven|1465\n|player|p2|BlackStar150520|unknown|1761\n|teamsize|p1|6\n|teamsize|p2|6\n|gen|9\n|tier|[Gen 9] National Dex Ubers\n|rated|\n|rule|HP Percentage Mod: HP is shown in percentages\n|rule|Endless Battle Clause: Forcing endless battles is banned\n|rule|OHKO Clause: OHKO moves are banned\n|rule|Evasion Moves Clause: Evasion moves are banned\n|rule|Evasion Items Clause: Evasion items are banned\n|rule|Species Clause: Limit one of each Pok\u00e9mon\n|rule|Sleep Clause Mod: Limit one foe put to sleep\n|rule|Mega Rayquaza Clause: You cannot mega evolve Rayquaza\n|clearpoke\n|poke|p1|Eternatus|\n|poke|p1|Groudon|\n|poke|p1|Necrozma-Dusk-Mane|\n|poke|p1|Ho-Oh|\n|poke|p1|Arceus-Dark|\n|poke|p1|Zacian-*|\n|poke|p2|Landorus-Therian, M|\n|poke|p2|Ditto|\n|poke|p2|Necrozma-Dusk-Mane|\n|poke|p2|Eternatus|\n|poke|p2|Arceus-Fairy|\n|poke|p2|Giratina-Origin|\n|teampreview\n|inactive|Battle timer is ON: inactive players will automatically lose when time's up. (requested by concide)\n|inactive|BlackStar150520 also wants the timer to be on.\n|\n|t:|1700852697\n|start\n|switch|p1a: Eternatus|Eternatus|100\/100\n|switch|p2a: Necrozma|Necrozma-Dusk-Mane|100\/100\n|-ability|p1a: Eternatus|Pressure\n|turn|1\n|\n|t:|1700852704\n|detailschange|p2a: Necrozma|Necrozma-Ultra\n|-burst|p2a: Necrozma|Necrozma|Ultranecrozium Z\n|move|p2a: Necrozma|Photon Geyser|p1a: Eternatus\n|-supereffective|p1a: Eternatus\n|-damage|p1a: Eternatus|1\/100\n|move|p1a: Eternatus|Toxic Spikes|p2a: Necrozma\n|-sidestart|p2: BlackStar150520|move: Toxic Spikes\n|\n|-heal|p1a: Eternatus|7\/100|[from] item: Leftovers\n|upkeep\n|turn|2\n|\n|t:|1700852711\n|switch|p1a: Arceus|Arceus-Dark|100\/100\n|move|p2a: Necrozma|Stealth Rock|p1a: Arceus\n|-sidestart|p1: concide|move: Stealth Rock\n|\n|upkeep\n|turn|3\n|\n|t:|1700852714\n|switch|p2a: Eternatus|Eternatus|100\/100\n|-sideend|p2: BlackStar150520|move: Toxic Spikes|[of] p2a: Eternatus\n|-ability|p2a: Eternatus|Pressure\n|move|p1a: Arceus|Toxic|p2a: Eternatus\n|-immune|p2a: Eternatus\n|\n|upkeep\n|turn|4\n|\n|t:|1700852720\n|move|p2a: Eternatus|Toxic Spikes|p1a: Arceus\n|-sidestart|p1: concide|move: Toxic Spikes\n|move|p1a: Arceus|Taunt|p2a: Eternatus\n|-start|p2a: Eternatus|move: Taunt\n|\n|upkeep\n|turn|5\n|\n|t:|1700852724\n|switch|p2a: Arceus|Arceus-Fairy|100\/100\n|switch|p1a: Ho-Oh|Ho-Oh, shiny|100\/100\n|\n|upkeep\n|turn|6\n|\n|t:|1700852727\n|move|p2a: Arceus|Taunt|p1a: Ho-Oh\n|-start|p1a: Ho-Oh|move: Taunt\n|cant|p1a: Ho-Oh|move: Taunt|Defog\n|\n|upkeep\n|turn|7\n|\n|t:|1700852735\n|switch|p1a: Necrozma|Necrozma-Dusk-Mane|100\/100\n|-damage|p1a: Necrozma|94\/100|[from] Stealth Rock\n|move|p2a: Arceus|Toxic|p1a: Necrozma\n|-immune|p1a: Necrozma\n|\n|-heal|p1a: Necrozma|100\/100|[from] item: Leftovers\n|upkeep\n|turn|8\n|\n|t:|1700852743\n|move|p2a: Arceus|Taunt|p1a: Necrozma\n|-start|p1a: Necrozma|move: Taunt\n|move|p1a: Necrozma|Sunsteel Strike|p2a: Arceus\n|-supereffective|p2a: Arceus\n|-damage|p2a: Arceus|34\/100\n|\n|upkeep\n|turn|9\n|\n|t:|1700852751\n|switch|p2a: Landorus|Landorus-Therian, M|100\/100\n|-ability|p2a: Landorus|Intimidate|boost\n|-unboost|p1a: Necrozma|atk|1\n|switch|p1a: Ho-Oh|Ho-Oh, shiny|100\/100\n|\n|upkeep\n|turn|10\n|\n|t:|1700852759\n|move|p2a: Landorus|Toxic|p1a: Ho-Oh\n|-status|p1a: Ho-Oh|tox\n|move|p1a: Ho-Oh|Toxic|p2a: Landorus\n|-status|p2a: Landorus|tox\n|\n|-damage|p2a: Landorus|94\/100 tox|[from] psn\n|-damage|p1a: Ho-Oh|94\/100 tox|[from] psn\n|upkeep\n|turn|11\n|\n|t:|1700852766\n|move|p2a: Landorus|Knock Off|p1a: Ho-Oh\n|-damage|p1a: Ho-Oh|74\/100 tox\n|-enditem|p1a: Ho-Oh|Heavy-Duty Boots|[from] move: Knock Off|[of] p2a: Landorus\n|move|p1a: Ho-Oh|Defog|p2a: Landorus\n|-unboost|p2a: Landorus|evasion|1\n|-sideend|p1: concide|Toxic Spikes|[from] move: Defog|[of] p1a: Ho-Oh\n|-sideend|p1: concide|Stealth Rock|[from] move: Defog|[of] p1a: Ho-Oh\n|\n|-damage|p2a: Landorus|82\/100 tox|[from] psn\n|-damage|p1a: Ho-Oh|62\/100 tox|[from] psn\n|upkeep\n|turn|12\n|\n|t:|1700852786\n|switch|p1a: Zacian|Zacian-Crowned|100\/100\n|-ability|p1a: Zacian|Intrepid Sword|boost\n|-boost|p1a: Zacian|atk|1\n|move|p2a: Landorus|U-turn|p1a: Zacian\n|-resisted|p1a: Zacian\n|-damage|p1a: Zacian|96\/100\n|\n|t:|1700852791\n|switch|p2a: Ditto|Ditto, shiny|100\/100|[from] U-turn\n|-transform|p2a: Ditto|p1a: Zacian|[from] ability: Imposter\n|-ability|p2a: Ditto|Intrepid Sword|boost\n|-boost|p2a: Ditto|atk|1\n|\n|upkeep\n|turn|13\n|\n|t:|1700852797\n|-terastallize|p1a: Zacian|Steel\n|move|p2a: Ditto|Behemoth Blade|p1a: Zacian\n|-resisted|p1a: Zacian\n|-damage|p1a: Zacian|42\/100\n|move|p1a: Zacian|Behemoth Blade|p2a: Ditto\n|-damage|p2a: Ditto|0 fnt\n|faint|p2a: Ditto\n|\n|upkeep\n|\n|t:|1700852806\n|switch|p2a: Landorus|Landorus-Therian, M|82\/100 tox\n|-ability|p2a: Landorus|Intimidate|boost\n|-unboost|p1a: Zacian|atk|1\n|turn|14\n|\n|t:|1700852812\n|move|p1a: Zacian|Behemoth Blade|p2a: Landorus\n|-damage|p2a: Landorus|29\/100 tox\n|-damage|p1a: Zacian|25\/100|[from] item: Rocky Helmet|[of] p2a: Landorus\n|move|p2a: Landorus|Earthquake|p1a: Zacian\n|-supereffective|p1a: Zacian\n|-damage|p1a: Zacian|0 fnt\n|faint|p1a: Zacian\n|\n|-damage|p2a: Landorus|23\/100 tox|[from] psn\n|upkeep\n|\n|t:|1700852824\n|switch|p1a: Eternatus|Eternatus|7\/100\n|-ability|p1a: Eternatus|Pressure\n|turn|15\n|\n|t:|1700852833\n|move|p1a: Eternatus|Recover|p1a: Eternatus\n|-heal|p1a: Eternatus|57\/100\n|move|p2a: Landorus|Earthquake|p1a: Eternatus\n|-supereffective|p1a: Eternatus\n|-damage|p1a: Eternatus|0 fnt\n|faint|p1a: Eternatus\n|\n|-damage|p2a: Landorus|11\/100 tox|[from] psn\n|upkeep\n|\n|t:|1700852852\n|switch|p1a: Groudon|Groudon|100\/100\n|detailschange|p1a: Groudon|Groudon-Primal\n|-primal|p1a: Groudon|Red Orb\n|-weather|DesolateLand|[from] ability: Desolate Land|[of] p1a: Groudon\n|turn|16\n|\n|t:|1700852858\n|-weather|none\n|switch|p1a: Necrozma|Necrozma-Dusk-Mane|100\/100\n|move|p2a: Landorus|Earthquake|p1a: Necrozma\n|-supereffective|p1a: Necrozma\n|-damage|p1a: Necrozma|59\/100\n|\n|-heal|p1a: Necrozma|65\/100|[from] item: Leftovers\n|-damage|p2a: Landorus|0 fnt|[from] psn\n|faint|p2a: Landorus\n|upkeep\n|\n|t:|1700852865\n|switch|p2a: Giratina|Giratina-Origin|100\/100\n|turn|17\n|\n|t:|1700852870\n|switch|p1a: Arceus|Arceus-Dark|100\/100\n|move|p2a: Giratina|Poltergeist|p1a: Arceus\n|-activate|p1a: Arceus|move: Poltergeist|Dread Plate\n|-resisted|p1a: Arceus\n|-damage|p1a: Arceus|82\/100\n|\n|upkeep\n|turn|18\n|\n|t:|1700852874\n|switch|p2a: Eternatus|Eternatus|100\/100\n|-ability|p2a: Eternatus|Pressure\n|move|p1a: Arceus|Taunt|p2a: Eternatus\n|-start|p2a: Eternatus|move: Taunt\n|\n|upkeep\n|turn|19\n|\n|t:|1700852883\n|move|p2a: Eternatus|Flamethrower|p1a: Arceus\n|-damage|p1a: Arceus|64\/100\n|move|p1a: Arceus|Foul Play|p2a: Eternatus\n|-damage|p2a: Eternatus|81\/100\n|\n|-heal|p2a: Eternatus|87\/100|[from] item: Leftovers\n|upkeep\n|turn|20\n|\n|t:|1700852889\n|move|p2a: Eternatus|Flamethrower|p1a: Arceus\n|-damage|p1a: Arceus|44\/100\n|move|p1a: Arceus|Recover|p1a: Arceus\n|-heal|p1a: Arceus|94\/100\n|\n|-heal|p2a: Eternatus|93\/100|[from] item: Leftovers\n|-end|p2a: Eternatus|move: Taunt\n|upkeep\n|turn|21\n|\n|t:|1700852894\n|move|p2a: Eternatus|Toxic Spikes|p1a: Arceus\n|-sidestart|p1: concide|move: Toxic Spikes\n|move|p1a: Arceus|Taunt|p2a: Eternatus\n|-start|p2a: Eternatus|move: Taunt\n|\n|-heal|p2a: Eternatus|99\/100|[from] item: Leftovers\n|upkeep\n|turn|22\n|\n|t:|1700852898\n|switch|p1a: Ho-Oh|Ho-Oh, shiny|95\/100 tox\n|move|p2a: Eternatus|Sludge Bomb|p1a: Ho-Oh\n|-damage|p1a: Ho-Oh|72\/100 tox\n|\n|-heal|p2a: Eternatus|100\/100|[from] item: Leftovers\n|-damage|p1a: Ho-Oh|66\/100 tox|[from] psn\n|upkeep\n|turn|23\n|\n|t:|1700852902\n|switch|p2a: Necrozma|Necrozma-Ultra|100\/100\n|move|p1a: Ho-Oh|Defog|p2a: Necrozma\n|-unboost|p2a: Necrozma|evasion|1\n|-sideend|p1: concide|Toxic Spikes|[from] move: Defog|[of] p1a: Ho-Oh\n|\n|-damage|p1a: Ho-Oh|54\/100 tox|[from] psn\n|upkeep\n|turn|24\n|\n|t:|1700852909\n|switch|p1a: Arceus|Arceus-Dark|94\/100\n|move|p2a: Necrozma|Stealth Rock|p1a: Arceus\n|-sidestart|p1: concide|move: Stealth Rock\n|\n|upkeep\n|turn|25\n|\n|t:|1700852914\n|switch|p2a: Eternatus|Eternatus|100\/100\n|-ability|p2a: Eternatus|Pressure\n|move|p1a: Arceus|Foul Play|p2a: Eternatus\n|-damage|p2a: Eternatus|81\/100\n|\n|-heal|p2a: Eternatus|87\/100|[from] item: Leftovers\n|upkeep\n|turn|26\n|\n|t:|1700852920\n|switch|p1a: Groudon|Groudon-Primal|100\/100\n|-damage|p1a: Groudon|88\/100|[from] Stealth Rock\n|-weather|DesolateLand|[from] ability: Desolate Land|[of] p1a: Groudon\n|move|p2a: Eternatus|Toxic Spikes|p1a: Groudon\n|-sidestart|p1: concide|move: Toxic Spikes\n|\n|-weather|DesolateLand|[upkeep]\n|-heal|p2a: Eternatus|94\/100|[from] item: Leftovers\n|upkeep\n|turn|27\n|\n|t:|1700852927\n|switch|p2a: Giratina|Giratina-Origin|100\/100\n|move|p1a: Groudon|Swords Dance|p1a: Groudon\n|-boost|p1a: Groudon|atk|2\n|\n|-weather|DesolateLand|[upkeep]\n|upkeep\n|turn|28\n|\n|t:|1700852936\n|move|p2a: Giratina|Hone Claws|p2a: Giratina\n|-boost|p2a: Giratina|atk|1\n|-boost|p2a: Giratina|accuracy|1\n|move|p1a: Groudon|Heat Crash|p2a: Giratina\n|-resisted|p2a: Giratina\n|-damage|p2a: Giratina|66\/100\n|\n|-weather|DesolateLand|[upkeep]\n|upkeep\n|turn|29\n|\n|t:|1700852942\n|-weather|none\n|switch|p1a: Ho-Oh|Ho-Oh, shiny|87\/100 tox\n|-damage|p1a: Ho-Oh|37\/100 tox|[from] Stealth Rock\n|move|p2a: Giratina|Poltergeist||[still]\n|-fail|p2a: Giratina\n|\n|-damage|p1a: Ho-Oh|31\/100 tox|[from] psn\n|upkeep\n|turn|30\n|\n|t:|1700852951\n|move|p2a: Giratina|Poltergeist||[still]\n|-fail|p2a: Giratina\n|move|p1a: Ho-Oh|Defog|p2a: Giratina\n|-unboost|p2a: Giratina|evasion|1\n|-sideend|p1: concide|Toxic Spikes|[from] move: Defog|[of] p1a: Ho-Oh\n|-sideend|p1: concide|Stealth Rock|[from] move: Defog|[of] p1a: Ho-Oh\n|\n|-damage|p1a: Ho-Oh|19\/100 tox|[from] psn\n|upkeep\n|turn|31\n|\n|t:|1700852960\n|switch|p1a: Arceus|Arceus-Dark|94\/100\n|move|p2a: Giratina|Stone Edge|p1a: Arceus\n|-crit|p1a: Arceus\n|-damage|p1a: Arceus|56\/100\n|\n|upkeep\n|turn|32\n|\n|t:|1700852968\n|switch|p2a: Eternatus|Eternatus|94\/100\n|-ability|p2a: Eternatus|Pressure\n|move|p1a: Arceus|Taunt|p2a: Eternatus\n|-start|p2a: Eternatus|move: Taunt\n|\n|-heal|p2a: Eternatus|99\/100|[from] item: Leftovers\n|upkeep\n|turn|33\n|\n|t:|1700852974\n|move|p2a: Eternatus|Sludge Bomb|p1a: Arceus\n|-damage|p1a: Arceus|26\/100\n|move|p1a: Arceus|Recover|p1a: Arceus\n|-heal|p1a: Arceus|76\/100\n|\n|-heal|p2a: Eternatus|100\/100|[from] item: Leftovers\n|upkeep\n|turn|34\n|\n|t:|1700852982\n|switch|p1a: Necrozma|Necrozma-Dusk-Mane|65\/100\n|move|p2a: Eternatus|Flamethrower|p1a: Necrozma\n|-supereffective|p1a: Necrozma\n|-damage|p1a: Necrozma|33\/100\n|\n|-heal|p1a: Necrozma|39\/100|[from] item: Leftovers\n|-end|p2a: Eternatus|move: Taunt\n|upkeep\n|turn|35\n|\n|t:|1700852987\n|move|p2a: Eternatus|Flamethrower|p1a: Necrozma\n|-supereffective|p1a: Necrozma\n|-damage|p1a: Necrozma|8\/100\n|move|p1a: Necrozma|Earthquake|p2a: Eternatus\n|-supereffective|p2a: Eternatus\n|-damage|p2a: Eternatus|50\/100\n|\n|-heal|p2a: Eternatus|56\/100|[from] item: Leftovers\n|-heal|p1a: Necrozma|14\/100|[from] item: Leftovers\n|upkeep\n|turn|36\n|\n|t:|1700852996\n|switch|p1a: Ho-Oh|Ho-Oh, shiny|52\/100 tox\n|move|p2a: Eternatus|Flamethrower|p1a: Ho-Oh\n|-resisted|p1a: Ho-Oh\n|-damage|p1a: Ho-Oh|45\/100 tox\n|\n|-heal|p2a: Eternatus|62\/100|[from] item: Leftovers\n|-damage|p1a: Ho-Oh|39\/100 tox|[from] psn\n|upkeep\n|turn|37\n|\n|t:|1700852999\n|switch|p1a: Groudon|Groudon-Primal|88\/100\n|-weather|DesolateLand|[from] ability: Desolate Land|[of] p1a: Groudon\n|move|p2a: Eternatus|Toxic Spikes|p1a: Groudon\n|-sidestart|p1: concide|move: Toxic Spikes\n|\n|-weather|DesolateLand|[upkeep]\n|-heal|p2a: Eternatus|69\/100|[from] item: Leftovers\n|upkeep\n|turn|38\n|\n|t:|1700853005\n|switch|p2a: Giratina|Giratina-Origin|66\/100\n|move|p1a: Groudon|Heat Crash|p2a: Giratina\n|-resisted|p2a: Giratina\n|-damage|p2a: Giratina|49\/100\n|\n|-weather|DesolateLand|[upkeep]\n|upkeep\n|turn|39\n|\n|t:|1700853010\n|move|p2a: Giratina|Hone Claws|p2a: Giratina\n|-boost|p2a: Giratina|atk|1\n|-boost|p2a: Giratina|accuracy|1\n|move|p1a: Groudon|Swords Dance|p1a: Groudon\n|-boost|p1a: Groudon|atk|2\n|\n|-weather|DesolateLand|[upkeep]\n|upkeep\n|turn|40\n|\n|t:|1700853015\n|move|p2a: Giratina|Poltergeist|p1a: Groudon\n|-activate|p1a: Groudon|move: Poltergeist|Red Orb\n|-damage|p1a: Groudon|24\/100\n|move|p1a: Groudon|Heat Crash|p2a: Giratina\n|-resisted|p2a: Giratina\n|-damage|p2a: Giratina|15\/100\n|\n|-weather|DesolateLand|[upkeep]\n|upkeep\n|turn|41\n|\n|t:|1700853021\n|-weather|none\n|switch|p1a: Ho-Oh|Ho-Oh, shiny|72\/100 tox\n|move|p2a: Giratina|Stone Edge|p1a: Ho-Oh\n|-supereffective|p1a: Ho-Oh\n|-damage|p1a: Ho-Oh|0 fnt\n|faint|p1a: Ho-Oh\n|\n|upkeep\n|\n|t:|1700853031\n|switch|p1a: Necrozma|Necrozma-Dusk-Mane|14\/100\n|turn|42\n|\n|t:|1700853034\n|move|p2a: Giratina|Poltergeist|p1a: Necrozma\n|-activate|p1a: Necrozma|move: Poltergeist|Leftovers\n|-supereffective|p1a: Necrozma\n|-damage|p1a: Necrozma|0 fnt\n|faint|p1a: Necrozma\n|\n|upkeep\n|-message|concide forfeited.\n|\n|win|BlackStar150520\n|raw|concide's rating: 1465 &rarr; <strong>1459<\/strong><br \/>(-6 for losing)\n|raw|BlackStar150520's rating: 1761 &rarr; <strong>1767<\/strong><br \/>(+6 for winning)\n|l|\u2606concide\n","uploadtime":1700853045,"views":7,"p1id":"concide","p2id":"blackstar150520","formatid":"gen9nationaldexubers","rating":1459,"private":0,"password":""}