{"id":"gen9nationaldexubers-1986649585","p1":"cincinnaticynda","p2":"Boston Blisseys","format":"[Gen 9] National Dex Ubers","log":"|j|\u2606cincinnaticynda\n|j|\u2606Boston Blisseys\n|t:|1699502394\n|gametype|singles\n|player|p1|cincinnaticynda|2|\n|player|p2|Boston Blisseys|shadowtriad|\n|teamsize|p1|6\n|teamsize|p2|6\n|gen|9\n|tier|[Gen 9] National Dex Ubers\n|rule|HP Percentage Mod: HP is shown in percentages\n|rule|Endless Battle Clause: Forcing endless battles is banned\n|rule|OHKO Clause: OHKO moves are banned\n|rule|Evasion Moves Clause: Evasion moves are banned\n|rule|Evasion Items Clause: Evasion items are banned\n|rule|Species Clause: Limit one of each Pok\u00e9mon\n|rule|Sleep Clause Mod: Limit one foe put to sleep\n|rule|Mega Rayquaza Clause: You cannot mega evolve Rayquaza\n|clearpoke\n|poke|p1|Kyogre|\n|poke|p1|Rotom-Wash|\n|poke|p1|Tapu Lele|\n|poke|p1|Hippowdon, F|\n|poke|p1|Incineroar, M|\n|poke|p1|Goodra-Hisui, M|\n|poke|p2|Magearna|\n|poke|p2|Dragapult, M|\n|poke|p2|Rillaboom, M|\n|poke|p2|Arcanine-Hisui, M|\n|poke|p2|Umbreon, M|\n|poke|p2|Quaquaval, F|\n|teampreview\n|\n|t:|1699502426\n|start\n|switch|p1a: Hippowdon|Hippowdon, F|100\/100\n|switch|p2a: Dragapult|Dragapult, M|100\/100\n|-weather|Sandstorm|[from] ability: Sand Stream|[of] p1a: Hippowdon\n|turn|1\n|\n|t:|1699502443\n|move|p2a: Dragapult|Curse|p1a: Hippowdon\n|-start|p1a: Hippowdon|Curse|[of] p2a: Dragapult\n|-damage|p2a: Dragapult|50\/100\n|move|p1a: Hippowdon|Stealth Rock|p2a: Dragapult\n|-sidestart|p2: Boston Blisseys|move: Stealth Rock\n|\n|-weather|Sandstorm|[upkeep]\n|-damage|p2a: Dragapult|44\/100|[from] Sandstorm\n|-damage|p1a: Hippowdon|75\/100|[from] Curse\n|upkeep\n|turn|2\n|\n|t:|1699502463\n|switch|p1a: Goodra|Goodra-Hisui, M|100\/100\n|move|p2a: Dragapult|Reflect|p2a: Dragapult\n|-sidestart|p2: Boston Blisseys|Reflect\n|\n|-weather|Sandstorm|[upkeep]\n|-damage|p2a: Dragapult|38\/100|[from] Sandstorm\n|upkeep\n|turn|3\n|\n|t:|1699502480\n|-zpower|p2a: Dragapult\n|move|p2a: Dragapult|Z-Curse|p1a: Goodra|[anim]Curse\n|-heal|p2a: Dragapult|100\/100|[zeffect]\n|-start|p1a: Goodra|Curse|[of] p2a: Dragapult\n|-damage|p2a: Dragapult|50\/100\n|move|p1a: Goodra|Acid Armor|p1a: Goodra\n|-boost|p1a: Goodra|def|2\n|\n|-weather|Sandstorm|[upkeep]\n|-damage|p2a: Dragapult|44\/100|[from] Sandstorm\n|-damage|p1a: Goodra|75\/100|[from] Curse\n|upkeep\n|turn|4\n|c|\u2606cincinnaticynda|woah\n|c|\u2606cincinnaticynda|i didn't know it could do that\n|\n|t:|1699502498\n|move|p2a: Dragapult|Light Screen|p2a: Dragapult\n|-sidestart|p2: Boston Blisseys|move: Light Screen\n|move|p1a: Goodra|Dragon Pulse|p2a: Dragapult\n|-supereffective|p2a: Dragapult\n|-damage|p2a: Dragapult|13\/100\n|\n|-weather|Sandstorm|[upkeep]\n|-damage|p2a: Dragapult|7\/100|[from] Sandstorm\n|-heal|p1a: Goodra|82\/100|[from] item: Leftovers\n|-damage|p1a: Goodra|57\/100|[from] Curse\n|upkeep\n|turn|5\n|\n|t:|1699502509\n|switch|p1a: Hippowdon|Hippowdon, F|75\/100\n|move|p2a: Dragapult|U-turn|p1a: Hippowdon\n|-damage|p1a: Hippowdon|66\/100\n|-damage|p2a: Dragapult|0 fnt|[from] item: Rocky Helmet|[of] p1a: Hippowdon\n|faint|p2a: Dragapult\n|\n|-weather|none\n|upkeep\n|\n|t:|1699502523\n|switch|p2a: Quaquaval|Quaquaval, F|100\/100\n|-damage|p2a: Quaquaval|94\/100|[from] Stealth Rock\n|turn|6\n|\n|t:|1699502539\n|move|p2a: Quaquaval|Bulk Up|p2a: Quaquaval\n|-boost|p2a: Quaquaval|atk|1\n|-boost|p2a: Quaquaval|def|1\n|move|p1a: Hippowdon|Slack Off|p1a: Hippowdon\n|-heal|p1a: Hippowdon|100\/100\n|\n|-sideend|p2: Boston Blisseys|Reflect\n|upkeep\n|turn|7\n|\n|t:|1699502555\n|switch|p1a: Rotom|Rotom-Wash|100\/100\n|move|p2a: Quaquaval|Aqua Step|p1a: Rotom\n|-resisted|p1a: Rotom\n|-damage|p1a: Rotom|68\/100\n|-boost|p2a: Quaquaval|spe|1\n|\n|upkeep\n|turn|8\n|\n|t:|1699502567\n|move|p2a: Quaquaval|Taunt|p1a: Rotom\n|-start|p1a: Rotom|move: Taunt\n|cant|p1a: Rotom|move: Taunt|Will-O-Wisp\n|\n|-sideend|p2: Boston Blisseys|move: Light Screen\n|upkeep\n|turn|9\n|\n|t:|1699502580\n|move|p2a: Quaquaval|Close Combat|p1a: Rotom\n|-damage|p1a: Rotom|0 fnt\n|-unboost|p2a: Quaquaval|def|1\n|-unboost|p2a: Quaquaval|spd|1\n|faint|p1a: Rotom\n|-ability|p2a: Quaquaval|Moxie|boost\n|-boost|p2a: Quaquaval|atk|1\n|\n|upkeep\n|\n|t:|1699502595\n|switch|p1a: Tapu Lele|Tapu Lele|100\/100\n|-fieldstart|move: Psychic Terrain|[from] ability: Psychic Surge|[of] p1a: Tapu Lele\n|turn|10\n|\n|t:|1699502641\n|switch|p2a: Magearna|Magearna|100\/100\n|-damage|p2a: Magearna|94\/100|[from] Stealth Rock\n|move|p1a: Tapu Lele|Moonblast|p2a: Magearna\n|-resisted|p2a: Magearna\n|-crit|p2a: Magearna\n|-damage|p2a: Magearna|54\/100\n|-unboost|p2a: Magearna|spa|1\n|-damage|p1a: Tapu Lele|91\/100|[from] item: Life Orb\n|\n|-heal|p2a: Magearna|60\/100|[from] item: Leftovers\n|upkeep\n|turn|11\n|\n|t:|1699502664\n|move|p1a: Tapu Lele|Nature's Madness|p2a: Magearna\n|-damage|p2a: Magearna|31\/100\n|-damage|p1a: Tapu Lele|81\/100|[from] item: Life Orb\n|move|p2a: Magearna|Calm Mind|p2a: Magearna\n|-boost|p2a: Magearna|spa|1\n|-boost|p2a: Magearna|spd|1\n|\n|-heal|p2a: Magearna|37\/100|[from] item: Leftovers\n|upkeep\n|turn|12\n|\n|t:|1699502686\n|move|p1a: Tapu Lele|Nature's Madness|p2a: Magearna\n|-damage|p2a: Magearna|19\/100\n|-damage|p1a: Tapu Lele|71\/100|[from] item: Life Orb\n|move|p2a: Magearna|Draining Kiss|p1a: Tapu Lele\n|-damage|p1a: Tapu Lele|49\/100\n|-heal|p2a: Magearna|31\/100|[from] drain|[of] p1a: Tapu Lele\n|\n|-heal|p2a: Magearna|37\/100|[from] item: Leftovers\n|upkeep\n|turn|13\n|\n|t:|1699502708\n|switch|p1a: Goodra|Goodra-Hisui, M|57\/100\n|move|p2a: Magearna|Calm Mind|p2a: Magearna\n|-boost|p2a: Magearna|spa|1\n|-boost|p2a: Magearna|spd|1\n|\n|-heal|p2a: Magearna|43\/100|[from] item: Leftovers\n|-heal|p1a: Goodra|63\/100|[from] item: Leftovers\n|upkeep\n|turn|14\n|\n|t:|1699502740\n|move|p2a: Magearna|Iron Defense|p2a: Magearna\n|-boost|p2a: Magearna|def|2\n|move|p1a: Goodra|Acid Armor|p1a: Goodra\n|-boost|p1a: Goodra|def|2\n|\n|-heal|p2a: Magearna|49\/100|[from] item: Leftovers\n|-heal|p1a: Goodra|69\/100|[from] item: Leftovers\n|-fieldend|move: Psychic Terrain\n|upkeep\n|turn|15\n|\n|t:|1699502751\n|move|p2a: Magearna|Iron Defense|p2a: Magearna\n|-boost|p2a: Magearna|def|2\n|move|p1a: Goodra|Acid Armor|p1a: Goodra\n|-boost|p1a: Goodra|def|2\n|\n|-heal|p2a: Magearna|55\/100|[from] item: Leftovers\n|-heal|p1a: Goodra|75\/100|[from] item: Leftovers\n|upkeep\n|turn|16\n|\n|t:|1699502767\n|move|p2a: Magearna|Iron Defense|p2a: Magearna\n|-boost|p2a: Magearna|def|2\n|move|p1a: Goodra|Acid Armor|p1a: Goodra\n|-boost|p1a: Goodra|def|2\n|\n|-heal|p2a: Magearna|61\/100|[from] item: Leftovers\n|-heal|p1a: Goodra|81\/100|[from] item: Leftovers\n|upkeep\n|turn|17\n|\n|t:|1699502777\n|move|p2a: Magearna|Calm Mind|p2a: Magearna\n|-boost|p2a: Magearna|spa|1\n|-boost|p2a: Magearna|spd|1\n|move|p1a: Goodra|Body Press|p2a: Magearna\n|-damage|p2a: Magearna|49\/100\n|\n|-heal|p2a: Magearna|55\/100|[from] item: Leftovers\n|-heal|p1a: Goodra|87\/100|[from] item: Leftovers\n|upkeep\n|turn|18\n|\n|t:|1699502784\n|switch|p1a: Kyogre|Kyogre|100\/100\n|-weather|RainDance|[from] ability: Drizzle|[of] p1a: Kyogre\n|move|p2a: Magearna|Stored Power|p1a: Kyogre\n|-damage|p1a: Kyogre|6\/100\n|\n|-weather|RainDance|[upkeep]\n|-heal|p2a: Magearna|61\/100|[from] item: Leftovers\n|upkeep\n|turn|19\n|\n|t:|1699502803\n|move|p1a: Kyogre|Origin Pulse|p2a: Magearna\n|-damage|p2a: Magearna|11\/100\n|move|p2a: Magearna|Draining Kiss|p1a: Kyogre\n|-damage|p1a: Kyogre|0 fnt\n|-heal|p2a: Magearna|15\/100|[from] drain|[of] p1a: Kyogre\n|faint|p1a: Kyogre\n|-ability|p2a: Magearna|Soul-Heart|boost\n|-boost|p2a: Magearna|spa|1\n|\n|-weather|RainDance|[upkeep]\n|-heal|p2a: Magearna|21\/100|[from] item: Leftovers\n|upkeep\n|\n|t:|1699502819\n|switch|p1a: Tapu Lele|Tapu Lele|49\/100\n|-fieldstart|move: Psychic Terrain|[from] ability: Psychic Surge|[of] p1a: Tapu Lele\n|turn|20\n|\n|t:|1699502839\n|move|p1a: Tapu Lele|Psychic|p2a: Magearna\n|-resisted|p2a: Magearna\n|-damage|p2a: Magearna|9\/100\n|-damage|p1a: Tapu Lele|39\/100|[from] item: Life Orb\n|move|p2a: Magearna|Draining Kiss|p1a: Tapu Lele\n|-damage|p1a: Tapu Lele|0 fnt\n|-heal|p2a: Magearna|31\/100|[from] drain|[of] p1a: Tapu Lele\n|faint|p1a: Tapu Lele\n|-ability|p2a: Magearna|Soul-Heart|boost\n|-boost|p2a: Magearna|spa|1\n|\n|-weather|RainDance|[upkeep]\n|-heal|p2a: Magearna|37\/100|[from] item: Leftovers\n|upkeep\n|\n|t:|1699502846\n|switch|p1a: Hippowdon|Hippowdon, F|100\/100\n|-weather|Sandstorm|[from] ability: Sand Stream|[of] p1a: Hippowdon\n|turn|21\n|\n|t:|1699502858\n|move|p2a: Magearna|Draining Kiss|p1a: Hippowdon\n|-damage|p1a: Hippowdon|37\/100\n|-heal|p2a: Magearna|92\/100|[from] drain|[of] p1a: Hippowdon\n|-damage|p2a: Magearna|76\/100|[from] item: Rocky Helmet|[of] p1a: Hippowdon\n|move|p1a: Hippowdon|Earthquake|p2a: Magearna\n|-supereffective|p2a: Magearna\n|-damage|p2a: Magearna|64\/100\n|\n|-weather|Sandstorm|[upkeep]\n|-heal|p2a: Magearna|70\/100|[from] item: Leftovers\n|upkeep\n|turn|22\n|c|\u2606cincinnaticynda|i think this is gg lol\n|\n|t:|1699502887\n|move|p2a: Magearna|Draining Kiss|p1a: Hippowdon\n|-damage|p1a: Hippowdon|0 fnt\n|-heal|p2a: Magearna|100\/100|[from] drain|[of] p1a: Hippowdon\n|-damage|p2a: Magearna|84\/100|[from] item: Rocky Helmet|[of] p1a: Hippowdon\n|faint|p1a: Hippowdon\n|-ability|p2a: Magearna|Soul-Heart|boost\n|-boost|p2a: Magearna|spa|1\n|\n|-weather|Sandstorm|[upkeep]\n|-heal|p2a: Magearna|90\/100|[from] item: Leftovers\n|upkeep\n|\n|t:|1699502897\n|switch|p1a: Incineroar|Incineroar, M|100\/100\n|-ability|p1a: Incineroar|Intimidate|boost\n|-unboost|p2a: Magearna|atk|1\n|turn|23\n|c|\u2606Boston Blisseys|sorry\n|c|\u2606Boston Blisseys|for the delayed responses\n|c|\u2606cincinnaticynda|nothing to be sorry about! I get it\n|c|\u2606Boston Blisseys|I am currently on a work meeting\n|c|\u2606cincinnaticynda|I've been super busy myself\n|\n|t:|1699502927\n|move|p2a: Magearna|Draining Kiss|p1a: Incineroar\n|-damage|p1a: Incineroar|32\/100\n|-heal|p2a: Magearna|100\/100|[from] drain|[of] p1a: Incineroar\n|move|p1a: Incineroar|Flare Blitz|p2a: Magearna\n|-supereffective|p2a: Magearna\n|-damage|p2a: Magearna|81\/100\n|-damage|p1a: Incineroar|26\/100|[from] Recoil\n|\n|-weather|Sandstorm|[upkeep]\n|-damage|p1a: Incineroar|20\/100|[from] Sandstorm\n|-heal|p2a: Magearna|87\/100|[from] item: Leftovers\n|upkeep\n|turn|24\n|\n|t:|1699502945\n|move|p2a: Magearna|Draining Kiss|p1a: Incineroar\n|-crit|p1a: Incineroar\n|-damage|p1a: Incineroar|0 fnt\n|-heal|p2a: Magearna|100\/100|[from] drain|[of] p1a: Incineroar\n|faint|p1a: Incineroar\n|-ability|p2a: Magearna|Soul-Heart|boost\n|-boost|p2a: Magearna|spa|1\n|\n|-weather|Sandstorm|[upkeep]\n|-fieldend|move: Psychic Terrain\n|upkeep\n|\n|t:|1699502951\n|switch|p1a: Goodra|Goodra-Hisui, M|87\/100\n|turn|25\n|\n|t:|1699502965\n|-terastallize|p1a: Goodra|Steel\n|move|p2a: Magearna|Stored Power|p1a: Goodra\n|-resisted|p1a: Goodra\n|-damage|p1a: Goodra|0 fnt\n|faint|p1a: Goodra\n|\n|win|Boston Blisseys\n|c|\u2606cincinnaticynda|gg!\n|c|\u2606Boston Blisseys|gg\n|c|\u2606Boston Blisseys|Game1\n|l|\u2606Boston Blisseys\n","uploadtime":1699503595,"views":21,"p1id":"cincinnaticynda","p2id":"bostonblisseys","formatid":"gen9nationaldexubers","rating":0,"private":0,"password":""}