{"id":"gen9nationaldexubers-1988130594","p1":"potential paradox","p2":"Rhyfinn 01","format":"[Gen 9] National Dex Ubers","log":"|j|\u2606potential paradox\n|j|\u2606Rhyfinn 01\n|t:|1699673370\n|gametype|singles\n|player|p1|potential paradox|ingo|1490\n|player|p2|Rhyfinn 01|alder|1394\n|teamsize|p1|6\n|teamsize|p2|6\n|gen|9\n|tier|[Gen 9] National Dex Ubers\n|rated|\n|rule|HP Percentage Mod: HP is shown in percentages\n|rule|Endless Battle Clause: Forcing endless battles is banned\n|rule|OHKO Clause: OHKO moves are banned\n|rule|Evasion Moves Clause: Evasion moves are banned\n|rule|Evasion Items Clause: Evasion items are banned\n|rule|Species Clause: Limit one of each Pok\u00e9mon\n|rule|Sleep Clause Mod: Limit one foe put to sleep\n|rule|Mega Rayquaza Clause: You cannot mega evolve Rayquaza\n|clearpoke\n|poke|p1|Dugtrio, M|\n|poke|p1|Groudon|\n|poke|p1|Salamence, F|\n|poke|p1|Ho-Oh|\n|poke|p1|Marshadow|\n|poke|p1|Rayquaza|\n|poke|p2|Groudon|\n|poke|p2|Xerneas-*|\n|poke|p2|Marshadow|\n|poke|p2|Necrozma-Dusk-Mane|\n|poke|p2|Deoxys-Speed|\n|poke|p2|Rayquaza|\n|teampreview\n|inactive|Battle timer is ON: inactive players will automatically lose when time's up. (requested by Rhyfinn 01)\n|\n|t:|1699673378\n|start\n|switch|p1a: Marshadow|Marshadow|100\/100\n|switch|p2a: Deoxys|Deoxys-Speed|100\/100\n|-ability|p2a: Deoxys|Pressure\n|turn|1\n|\n|t:|1699673382\n|move|p1a: Marshadow|Shadow Sneak|p2a: Deoxys\n|-supereffective|p2a: Deoxys\n|-damage|p2a: Deoxys|27\/100\n|move|p2a: Deoxys|Stealth Rock|p1a: Marshadow\n|-sidestart|p1: potential paradox|move: Stealth Rock\n|\n|upkeep\n|turn|2\n|\n|t:|1699673387\n|move|p1a: Marshadow|Shadow Sneak|p2a: Deoxys\n|-supereffective|p2a: Deoxys\n|-damage|p2a: Deoxys|0 fnt\n|faint|p2a: Deoxys\n|\n|upkeep\n|\n|t:|1699673394\n|switch|p2a: Rayquaza|Rayquaza|100\/100\n|-ability|p2a: Rayquaza|Air Lock\n|turn|3\n|\n|t:|1699673397\n|move|p2a: Rayquaza|Dragon Ascent|p1a: Marshadow\n|-supereffective|p1a: Marshadow\n|-crit|p1a: Marshadow\n|-enditem|p1a: Marshadow|Focus Sash\n|-damage|p1a: Marshadow|1\/100\n|-unboost|p2a: Rayquaza|def|1\n|-unboost|p2a: Rayquaza|spd|1\n|move|p1a: Marshadow|Ice Punch|p2a: Rayquaza\n|-supereffective|p2a: Rayquaza\n|-damage|p2a: Rayquaza|0 fnt\n|faint|p2a: Rayquaza\n|\n|upkeep\n|\n|t:|1699673404\n|switch|p2a: Marshadow|Marshadow|100\/100\n|turn|4\n|\n|t:|1699673408\n|move|p1a: Marshadow|Shadow Sneak|p2a: Marshadow\n|-supereffective|p2a: Marshadow\n|-damage|p2a: Marshadow|24\/100\n|move|p2a: Marshadow|Shadow Sneak|p1a: Marshadow\n|-supereffective|p1a: Marshadow\n|-damage|p1a: Marshadow|0 fnt\n|faint|p1a: Marshadow\n|\n|upkeep\n|\n|t:|1699673417\n|switch|p1a: Groudon|Groudon|100\/100\n|-damage|p1a: Groudon|94\/100|[from] Stealth Rock\n|detailschange|p1a: Groudon|Groudon-Primal\n|-primal|p1a: Groudon|Red Orb\n|-weather|DesolateLand|[from] ability: Desolate Land|[of] p1a: Groudon\n|turn|5\n|\n|t:|1699673425\n|move|p2a: Marshadow|Rock Tomb|p1a: Groudon\n|-damage|p1a: Groudon|72\/100\n|-unboost|p1a: Groudon|spe|1\n|move|p1a: Groudon|Heat Crash|p2a: Marshadow\n|-damage|p2a: Marshadow|0 fnt\n|faint|p2a: Marshadow\n|\n|-weather|DesolateLand|[upkeep]\n|upkeep\n|\n|t:|1699673435\n|switch|p2a: Necrozma|Necrozma-Dusk-Mane, shiny|100\/100\n|turn|6\n|\n|t:|1699673439\n|detailschange|p2a: Necrozma|Necrozma-Ultra, shiny\n|-burst|p2a: Necrozma|Necrozma|Ultranecrozium Z\n|move|p2a: Necrozma|Dragon Dance|p2a: Necrozma\n|-boost|p2a: Necrozma|atk|1\n|-boost|p2a: Necrozma|spe|1\n|move|p1a: Groudon|Earthquake|p2a: Necrozma\n|-damage|p2a: Necrozma|30\/100\n|\n|-weather|DesolateLand|[upkeep]\n|upkeep\n|turn|7\n|\n|t:|1699673445\n|move|p2a: Necrozma|Earthquake|p1a: Groudon\n|-supereffective|p1a: Groudon\n|-damage|p1a: Groudon|0 fnt\n|faint|p1a: Groudon\n|-weather|none\n|\n|upkeep\n|\n|t:|1699673457\n|switch|p1a: Ho-Oh|Ho-Oh|100\/100\n|turn|8\n|\n|t:|1699673461\n|switch|p1a: Dugtrio|Dugtrio, M|100\/100\n|-damage|p1a: Dugtrio|94\/100|[from] Stealth Rock\n|-zpower|p2a: Necrozma\n|move|p2a: Necrozma|Light That Burns the Sky|p1a: Dugtrio|[zeffect]\n|-damage|p1a: Dugtrio|0 fnt\n|faint|p1a: Dugtrio\n|\n|upkeep\n|\n|t:|1699673466\n|switch|p1a: Ho-Oh|Ho-Oh|100\/100\n|turn|9\n|\n|t:|1699673469\n|-terastallize|p1a: Ho-Oh|Water\n|move|p2a: Necrozma|Photon Geyser|p1a: Ho-Oh\n|-damage|p1a: Ho-Oh|30\/100\n|move|p1a: Ho-Oh|Brave Bird|p2a: Necrozma\n|-damage|p2a: Necrozma|0 fnt\n|faint|p2a: Necrozma\n|-damage|p1a: Ho-Oh|22\/100|[from] Recoil\n|\n|upkeep\n|\n|t:|1699673477\n|switch|p2a: Xerneas|Xerneas|100\/100\n|-ability|p2a: Xerneas|Fairy Aura\n|turn|10\n|\n|t:|1699673489\n|move|p2a: Xerneas|Moonblast|p1a: Ho-Oh\n|-damage|p1a: Ho-Oh|0 fnt\n|faint|p1a: Ho-Oh\n|\n|upkeep\n|\n|t:|1699673493\n|switch|p1a: Rayquaza|Rayquaza|100\/100\n|-damage|p1a: Rayquaza|76\/100|[from] Stealth Rock\n|-ability|p1a: Rayquaza|Air Lock\n|turn|11\n|\n|t:|1699673496\n|move|p1a: Rayquaza|Dragon Ascent|p2a: Xerneas\n|-damage|p2a: Xerneas|39\/100\n|-unboost|p1a: Rayquaza|def|1\n|-unboost|p1a: Rayquaza|spd|1\n|move|p2a: Xerneas|Geomancy||[still]\n|-prepare|p2a: Xerneas|Geomancy\n|-enditem|p2a: Xerneas|Power Herb\n|-anim|p2a: Xerneas|Geomancy|p2a: Xerneas\n|-boost|p2a: Xerneas|spa|2\n|-boost|p2a: Xerneas|spd|2\n|-boost|p2a: Xerneas|spe|2\n|\n|upkeep\n|turn|12\n|\n|t:|1699673500\n|move|p2a: Xerneas|Moonblast|p1a: Rayquaza\n|-supereffective|p1a: Rayquaza\n|-damage|p1a: Rayquaza|0 fnt\n|faint|p1a: Rayquaza\n|\n|upkeep\n|\n|t:|1699673502\n|switch|p1a: Salamence|Salamence, F|100\/100\n|-damage|p1a: Salamence|76\/100|[from] Stealth Rock\n|-ability|p1a: Salamence|Intimidate|boost\n|-unboost|p2a: Xerneas|atk|1\n|turn|13\n|\n|t:|1699673505\n|detailschange|p1a: Salamence|Salamence-Mega, F\n|-mega|p1a: Salamence|Salamence|Salamencite\n|move|p2a: Xerneas|Moonblast|p1a: Salamence\n|-supereffective|p1a: Salamence\n|-damage|p1a: Salamence|0 fnt\n|faint|p1a: Salamence\n|\n|win|Rhyfinn 01\n|raw|potential paradox's rating: 1490 &rarr; <strong>1465<\/strong><br \/>(-25 for losing)\n|raw|Rhyfinn 01's rating: 1394 &rarr; <strong>1419<\/strong><br \/>(+25 for winning)\n|l|\u2606potential paradox\n","uploadtime":1699673511,"views":5,"p1id":"potentialparadox","p2id":"rhyfinn01","formatid":"gen9nationaldexubers","rating":1419,"private":0,"password":""}