{"id":"gen9nationaldexubers-1981067945","p1":"Half_A_Ako","p2":"DrArkane15","format":"[Gen 9] National Dex Ubers","log":"|j|\u2606Half_A_Ako\n|j|\u2606DrArkane15\n|t:|1698861004\n|gametype|singles\n|player|p1|Half_A_Ako|victor-dojo|\n|player|p2|DrArkane15|cyrus|\n|teamsize|p1|3\n|teamsize|p2|3\n|gen|9\n|tier|[Gen 9] National Dex Ubers\n|rule|HP Percentage Mod: HP is shown in percentages\n|rule|Endless Battle Clause: Forcing endless battles is banned\n|rule|OHKO Clause: OHKO moves are banned\n|rule|Evasion Moves Clause: Evasion moves are banned\n|rule|Evasion Items Clause: Evasion items are banned\n|rule|Species Clause: Limit one of each Pok\u00e9mon\n|rule|Sleep Clause Mod: Limit one foe put to sleep\n|rule|Mega Rayquaza Clause: You cannot mega evolve Rayquaza\n|clearpoke\n|poke|p1|Dartrix, L25, M|\n|poke|p1|Gabite, L25, F|\n|poke|p1|Luxio, L19, M|\n|poke|p2|Solrock, L25|\n|poke|p2|Toedscool, L21, M|\n|poke|p2|Rhyhorn, L23, F|\n|teampreview\n|\n|t:|1698861019\n|start\n|switch|p1a: Robindibou|Dartrix, L25, M|100\/100\n|switch|p2a: Toedscool|Toedscool, L21, M|100\/100\n|turn|1\n|\n|t:|1698861030\n|move|p1a: Robindibou|Pluck|p2a: Toedscool\n|-supereffective|p2a: Toedscool\n|-damage|p2a: Toedscool|0 fnt\n|faint|p2a: Toedscool\n|\n|upkeep\n|\n|t:|1698861036\n|switch|p2a: Rhyhorn|Rhyhorn, L23, F|100\/100\n|turn|2\n|\n|t:|1698861044\n|move|p1a: Robindibou|Razor Leaf|p2a: Rhyhorn\n|-supereffective|p2a: Rhyhorn\n|-crit|p2a: Rhyhorn\n|-damage|p2a: Rhyhorn|0 fnt\n|faint|p2a: Rhyhorn\n|\n|upkeep\n|\n|t:|1698861048\n|switch|p2a: Solrock|Solrock, L25|100\/100\n|turn|3\n|\n|t:|1698861056\n|move|p1a: Robindibou|Razor Leaf|p2a: Solrock\n|-supereffective|p2a: Solrock\n|-damage|p2a: Solrock|58\/100\n|move|p2a: Solrock|Hypnosis|p1a: Robindibou\n|-status|p1a: Robindibou|slp|[from] move: Hypnosis\n|\n|upkeep\n|turn|4\n|\n|t:|1698861068\n|switch|p1a: King|Gabite, L25, F|100\/100\n|move|p2a: Solrock|Confusion|p1a: King\n|-damage|p1a: King|73\/100\n|\n|upkeep\n|turn|5\n|\n|t:|1698861078\n|move|p1a: King|Bulldoze|p2a: Solrock\n|-immune|p2a: Solrock|[from] ability: Levitate\n|move|p2a: Solrock|Hypnosis|p1a: King\n|-message|Sleep Clause Mod activated.\n|-hint|Sleep Clause Mod prevents players from putting more than one of their opponent's Pok\u00e9mon to sleep at a time\n|\n|upkeep\n|turn|6\n|\n|t:|1698861087\n|move|p1a: King|Dragon Breath|p2a: Solrock\n|-damage|p2a: Solrock|37\/100\n|-status|p2a: Solrock|par\n|cant|p2a: Solrock|par\n|\n|upkeep\n|turn|7\n|\n|t:|1698861101\n|move|p1a: King|Dragon Pulse|p2a: Solrock\n|-damage|p2a: Solrock|7\/100 par\n|move|p2a: Solrock|Confusion|p1a: King\n|-damage|p1a: King|48\/100\n|\n|upkeep\n|turn|8\n|\n|t:|1698861126\n|move|p1a: King|Dragon Pulse|p2a: Solrock\n|-damage|p2a: Solrock|0 fnt\n|faint|p2a: Solrock\n|\n|win|Half_A_Ako\n|c|\u2606Half_A_Ako|gg\n","uploadtime":1698861161,"views":11,"p1id":"halfaako","p2id":"drarkane15","formatid":"gen9nationaldexubers","rating":0,"private":0,"password":""}