{"id":"gen9nationaldexubers-1989172323","p1":"ORDINARY-MODE\ufe0f\u25fd\ufe0f\u25fb\ufe0f","p2":"Joturd","format":"[Gen 9] National Dex Ubers","log":"|j|\u2606ORDINARY-MODE\ufe0f\u25fd\ufe0f\u25fb\ufe0f\n|j|\u2606Joturd\n|t:|1699819853\n|gametype|singles\n|player|p1|ORDINARY-MODE\ufe0f\u25fd\ufe0f\u25fb\ufe0f|wicke|1087\n|player|p2|Joturd|2|1000\n|teamsize|p1|6\n|teamsize|p2|6\n|gen|9\n|tier|[Gen 9] National Dex Ubers\n|rated|\n|rule|HP Percentage Mod: HP is shown in percentages\n|rule|Endless Battle Clause: Forcing endless battles is banned\n|rule|OHKO Clause: OHKO moves are banned\n|rule|Evasion Moves Clause: Evasion moves are banned\n|rule|Evasion Items Clause: Evasion items are banned\n|rule|Species Clause: Limit one of each Pok\u00e9mon\n|rule|Sleep Clause Mod: Limit one foe put to sleep\n|rule|Mega Rayquaza Clause: You cannot mega evolve Rayquaza\n|clearpoke\n|poke|p1|Furfrou-Matron, F|\n|poke|p1|Porygon-Z|\n|poke|p1|Bewear, M|\n|poke|p1|Snorlax, M|\n|poke|p1|Arceus|\n|poke|p1|Kangaskhan, F|\n|poke|p2|Pikachu-Alola, M|\n|poke|p2|Rowlet, F|\n|poke|p2|Incineroar, M|\n|poke|p2|Lycanroc-Dusk, F|\n|poke|p2|Melmetal|\n|poke|p2|Naganadel|\n|teampreview\n|\n|t:|1699819868\n|start\n|switch|p1a: \u26aa\ufe0fPORYGON-Z\u26aa\ufe0f|Porygon-Z, shiny|100\/100\n|switch|p2a: Pikachu|Pikachu-Alola, M|100\/100\n|turn|1\n|\n|t:|1699819876\n|move|p1a: \u26aa\ufe0fPORYGON-Z\u26aa\ufe0f|Tri Attack|p2a: Pikachu\n|-damage|p2a: Pikachu|0 fnt\n|faint|p2a: Pikachu\n|\n|upkeep\n|\n|t:|1699819887\n|switch|p2a: Naganadel|Naganadel|100\/100\n|turn|2\n|\n|t:|1699819892\n|move|p2a: Naganadel|Sludge Bomb|p1a: \u26aa\ufe0fPORYGON-Z\u26aa\ufe0f\n|-damage|p1a: \u26aa\ufe0fPORYGON-Z\u26aa\ufe0f|33\/100\n|move|p1a: \u26aa\ufe0fPORYGON-Z\u26aa\ufe0f|Tri Attack|p2a: Naganadel\n|-damage|p2a: Naganadel|0 fnt\n|faint|p2a: Naganadel\n|\n|upkeep\n|\n|t:|1699819899\n|switch|p2a: Lycanroc|Lycanroc-Dusk, F|100\/100\n|turn|3\n|\n|t:|1699819909\n|switch|p1a: \u26aa\ufe0fFURFROU\u26aa\ufe0f|Furfrou-Matron, F, shiny|100\/100\n|move|p2a: Lycanroc|Stone Edge|p1a: \u26aa\ufe0fFURFROU\u26aa\ufe0f\n|-damage|p1a: \u26aa\ufe0fFURFROU\u26aa\ufe0f|72\/100\n|\n|upkeep\n|turn|4\n|\n|t:|1699819917\n|move|p1a: \u26aa\ufe0fFURFROU\u26aa\ufe0f|Secret Power|p2a: Lycanroc\n|-resisted|p2a: Lycanroc\n|-damage|p2a: Lycanroc|86\/100\n|move|p2a: Lycanroc|Close Combat|p1a: \u26aa\ufe0fFURFROU\u26aa\ufe0f\n|-supereffective|p1a: \u26aa\ufe0fFURFROU\u26aa\ufe0f\n|-damage|p1a: \u26aa\ufe0fFURFROU\u26aa\ufe0f|0 fnt\n|-unboost|p2a: Lycanroc|def|1\n|-unboost|p2a: Lycanroc|spd|1\n|faint|p1a: \u26aa\ufe0fFURFROU\u26aa\ufe0f\n|\n|upkeep\n|\n|t:|1699819934\n|switch|p1a: \u26aa\ufe0fSNORLAX\u26aa\ufe0f|Snorlax, M|100\/100\n|turn|5\n|\n|t:|1699819943\n|move|p2a: Lycanroc|Close Combat|p1a: \u26aa\ufe0fSNORLAX\u26aa\ufe0f\n|-supereffective|p1a: \u26aa\ufe0fSNORLAX\u26aa\ufe0f\n|-damage|p1a: \u26aa\ufe0fSNORLAX\u26aa\ufe0f|0 fnt\n|-unboost|p2a: Lycanroc|def|1\n|-unboost|p2a: Lycanroc|spd|1\n|faint|p1a: \u26aa\ufe0fSNORLAX\u26aa\ufe0f\n|\n|upkeep\n|\n|t:|1699819956\n|switch|p1a: \u26aa\ufe0fMY TRUE FORM\u26aa\ufe0f|Arceus|100\/100\n|turn|6\n|\n|t:|1699819960\n|move|p1a: \u26aa\ufe0fMY TRUE FORM\u26aa\ufe0f|Extreme Speed|p2a: Lycanroc\n|-resisted|p2a: Lycanroc\n|-damage|p2a: Lycanroc|7\/100\n|move|p2a: Lycanroc|Close Combat|p1a: \u26aa\ufe0fMY TRUE FORM\u26aa\ufe0f\n|-supereffective|p1a: \u26aa\ufe0fMY TRUE FORM\u26aa\ufe0f\n|-damage|p1a: \u26aa\ufe0fMY TRUE FORM\u26aa\ufe0f|17\/100\n|-unboost|p2a: Lycanroc|def|1\n|-unboost|p2a: Lycanroc|spd|1\n|\n|upkeep\n|turn|7\n|\n|t:|1699819971\n|move|p1a: \u26aa\ufe0fMY TRUE FORM\u26aa\ufe0f|Extreme Speed|p2a: Lycanroc\n|-resisted|p2a: Lycanroc\n|-damage|p2a: Lycanroc|0 fnt\n|faint|p2a: Lycanroc\n|\n|upkeep\n|\n|t:|1699819976\n|switch|p2a: Melmetal|Melmetal|100\/100\n|turn|8\n|\n|t:|1699819983\n|move|p1a: \u26aa\ufe0fMY TRUE FORM\u26aa\ufe0f|Judgment|p2a: Melmetal\n|-resisted|p2a: Melmetal\n|-damage|p2a: Melmetal|76\/100\n|move|p2a: Melmetal|Earthquake|p1a: \u26aa\ufe0fMY TRUE FORM\u26aa\ufe0f\n|-damage|p1a: \u26aa\ufe0fMY TRUE FORM\u26aa\ufe0f|0 fnt\n|faint|p1a: \u26aa\ufe0fMY TRUE FORM\u26aa\ufe0f\n|\n|upkeep\n|\n|t:|1699819991\n|switch|p1a: \u26aa\ufe0fPORYGON-Z\u26aa\ufe0f|Porygon-Z, shiny|33\/100\n|turn|9\n|\n|t:|1699820000\n|-terastallize|p1a: \u26aa\ufe0fPORYGON-Z\u26aa\ufe0f|Normal\n|move|p1a: \u26aa\ufe0fPORYGON-Z\u26aa\ufe0f|Hyper Beam|p2a: Melmetal\n|-resisted|p2a: Melmetal\n|-damage|p2a: Melmetal|0 fnt\n|-mustrecharge|p1a: \u26aa\ufe0fPORYGON-Z\u26aa\ufe0f\n|faint|p2a: Melmetal\n|\n|upkeep\n|\n|t:|1699820007\n|switch|p2a: Rowlet|Rowlet, F|100\/100\n|turn|10\n|\n|t:|1699820015\n|cant|p1a: \u26aa\ufe0fPORYGON-Z\u26aa\ufe0f|recharge\n|move|p2a: Rowlet|Leaf Storm|p1a: \u26aa\ufe0fPORYGON-Z\u26aa\ufe0f|[miss]\n|-miss|p2a: Rowlet|p1a: \u26aa\ufe0fPORYGON-Z\u26aa\ufe0f\n|\n|upkeep\n|turn|11\n|\n|t:|1699820021\n|move|p1a: \u26aa\ufe0fPORYGON-Z\u26aa\ufe0f|Recover|p1a: \u26aa\ufe0fPORYGON-Z\u26aa\ufe0f\n|-heal|p1a: \u26aa\ufe0fPORYGON-Z\u26aa\ufe0f|83\/100\n|move|p2a: Rowlet|Leaf Storm|p1a: \u26aa\ufe0fPORYGON-Z\u26aa\ufe0f\n|-damage|p1a: \u26aa\ufe0fPORYGON-Z\u26aa\ufe0f|41\/100\n|-unboost|p2a: Rowlet|spa|2\n|\n|upkeep\n|turn|12\n|\n|t:|1699820030\n|move|p1a: \u26aa\ufe0fPORYGON-Z\u26aa\ufe0f|Recover|p1a: \u26aa\ufe0fPORYGON-Z\u26aa\ufe0f\n|-heal|p1a: \u26aa\ufe0fPORYGON-Z\u26aa\ufe0f|91\/100\n|move|p2a: Rowlet|Brave Bird|p1a: \u26aa\ufe0fPORYGON-Z\u26aa\ufe0f\n|-damage|p1a: \u26aa\ufe0fPORYGON-Z\u26aa\ufe0f|47\/100\n|-damage|p2a: Rowlet|85\/100|[from] Recoil\n|\n|upkeep\n|turn|13\n|\n|t:|1699820039\n|move|p1a: \u26aa\ufe0fPORYGON-Z\u26aa\ufe0f|Tri Attack|p2a: Rowlet\n|-damage|p2a: Rowlet|0 fnt\n|faint|p2a: Rowlet\n|\n|upkeep\n|\n|t:|1699820043\n|switch|p2a: Incineroar|Incineroar, M|100\/100\n|turn|14\n|\n|t:|1699820048\n|move|p1a: \u26aa\ufe0fPORYGON-Z\u26aa\ufe0f|Hyper Beam|p2a: Incineroar\n|-damage|p2a: Incineroar|0 fnt\n|-mustrecharge|p1a: \u26aa\ufe0fPORYGON-Z\u26aa\ufe0f\n|faint|p2a: Incineroar\n|\n|win|ORDINARY-MODE\ufe0f\u25fd\ufe0f\u25fb\ufe0f\n|raw|ORDINARY-MODE\ufe0f\u25fd\ufe0f\u25fb\ufe0f's rating: 1087 &rarr; <strong>1107<\/strong><br \/>(+20 for winning)\n|raw|Joturd's rating: 1000 &rarr; <strong>1000<\/strong><br \/>(+0 for losing)\n|l|\u2606Joturd\n","uploadtime":1699820066,"views":4,"p1id":"ordinarymode","p2id":"joturd","formatid":"gen9nationaldexubers","rating":1000,"private":0,"password":""}