{"id":"gen9nationaldexubers-1988045661","p1":"ThatSpicyDragon","p2":"vptwarrior","format":"[Gen 9] National Dex Ubers","log":"|j|\u2606ThatSpicyDragon\n|j|\u2606vptwarrior\n|t:|1699662894\n|gametype|singles\n|player|p1|ThatSpicyDragon|drayden|\n|player|p2|vptwarrior|swimmer|\n|teamsize|p1|6\n|teamsize|p2|6\n|gen|9\n|tier|[Gen 9] National Dex Ubers\n|rule|HP Percentage Mod: HP is shown in percentages\n|rule|Endless Battle Clause: Forcing endless battles is banned\n|rule|OHKO Clause: OHKO moves are banned\n|rule|Evasion Moves Clause: Evasion moves are banned\n|rule|Evasion Items Clause: Evasion items are banned\n|rule|Species Clause: Limit one of each Pok\u00e9mon\n|rule|Sleep Clause Mod: Limit one foe put to sleep\n|rule|Mega Rayquaza Clause: You cannot mega evolve Rayquaza\n|clearpoke\n|poke|p1|Incineroar, M|\n|poke|p1|Meowscarada, M|\n|poke|p1|Perrserker, M|\n|poke|p1|Purugly, M|\n|poke|p1|Espeon, M|\n|poke|p1|Vaporeon, F|\n|poke|p2|Spiritomb, M|\n|poke|p2|Roserade, F|\n|poke|p2|Gastrodon, M|\n|poke|p2|Lucario, M|\n|poke|p2|Milotic, F|\n|poke|p2|Garchomp, M|\n|teampreview\n|\n|t:|1699662908\n|start\n|switch|p1a: Espeon|Espeon, M|100\/100\n|switch|p2a: 108|Spiritomb, M|100\/100\n|turn|1\n|\n|t:|1699662914\n|move|p1a: Espeon|Calm Mind|p1a: Espeon\n|-boost|p1a: Espeon|spa|1\n|-boost|p1a: Espeon|spd|1\n|move|p2a: 108|Shadow Ball|p1a: Espeon\n|-supereffective|p1a: Espeon\n|-damage|p1a: Espeon|56\/100\n|\n|-heal|p1a: Espeon|62\/100|[from] item: Leftovers\n|upkeep\n|turn|2\n|\n|t:|1699662925\n|move|p1a: Espeon|Dazzling Gleam|p2a: 108\n|-supereffective|p2a: 108\n|-damage|p2a: 108|25\/100\n|move|p2a: 108|Shadow Ball|p1a: Espeon\n|-supereffective|p1a: Espeon\n|-damage|p1a: Espeon|18\/100\n|\n|-heal|p1a: Espeon|25\/100|[from] item: Leftovers\n|-heal|p2a: 108|31\/100|[from] item: Leftovers\n|upkeep\n|turn|3\n|\n|t:|1699662934\n|move|p1a: Espeon|Dazzling Gleam|p2a: 108\n|-supereffective|p2a: 108\n|-damage|p2a: 108|0 fnt\n|faint|p2a: 108\n|\n|-heal|p1a: Espeon|31\/100|[from] item: Leftovers\n|upkeep\n|\n|t:|1699662937\n|switch|p2a: Daisy|Milotic, F|100\/100\n|turn|4\n|\n|t:|1699662948\n|switch|p1a: Surf Curse|Vaporeon, F|100\/100\n|move|p2a: Daisy|Icy Wind|p1a: Surf Curse\n|-resisted|p1a: Surf Curse\n|-damage|p1a: Surf Curse|95\/100\n|-unboost|p1a: Surf Curse|spe|1\n|\n|-heal|p1a: Surf Curse|100\/100|[from] item: Leftovers\n|upkeep\n|turn|5\n|\n|t:|1699662958\n|switch|p2a: Masquerade|Roserade, F|100\/100\n|move|p1a: Surf Curse|Hidden Power|p2a: Masquerade\n|-resisted|p2a: Masquerade\n|-damage|p2a: Masquerade|94\/100\n|\n|-heal|p2a: Masquerade|100\/100|[from] item: Black Sludge\n|upkeep\n|turn|6\n|\n|t:|1699662967\n|move|p2a: Masquerade|Energy Ball|p1a: Surf Curse\n|-supereffective|p1a: Surf Curse\n|-damage|p1a: Surf Curse|15\/100\n|move|p1a: Surf Curse|Haze|p1a: Surf Curse\n|-clearallboost\n|\n|-heal|p1a: Surf Curse|21\/100|[from] item: Leftovers\n|upkeep\n|turn|7\n|\n|t:|1699662976\n|move|p2a: Masquerade|Energy Ball|p1a: Surf Curse\n|-supereffective|p1a: Surf Curse\n|-damage|p1a: Surf Curse|0 fnt\n|faint|p1a: Surf Curse\n|\n|upkeep\n|\n|t:|1699662986\n|switch|p1a: Incineroar|Incineroar, M|100\/100\n|-ability|p1a: Incineroar|Intimidate|boost\n|-unboost|p2a: Masquerade|atk|1\n|turn|8\n|\n|t:|1699663001\n|switch|p2a: Daisy|Milotic, F|100\/100\n|move|p1a: Incineroar|Drain Punch|p2a: Daisy\n|-damage|p2a: Daisy|80\/100\n|\n|-heal|p2a: Daisy|87\/100|[from] item: Leftovers\n|upkeep\n|turn|9\n|\n|t:|1699663008\n|-zpower|p1a: Incineroar\n|move|p1a: Incineroar|Malicious Moonsault|p2a: Daisy|[zeffect]\n|-damage|p2a: Daisy|6\/100\n|move|p2a: Daisy|Scald|p1a: Incineroar\n|-supereffective|p1a: Incineroar\n|-damage|p1a: Incineroar|41\/100\n|\n|-heal|p2a: Daisy|12\/100|[from] item: Leftovers\n|upkeep\n|turn|10\n|\n|t:|1699663019\n|move|p1a: Incineroar|Drain Punch|p2a: Daisy\n|-damage|p2a: Daisy|0 fnt\n|-heal|p1a: Incineroar|47\/100|[from] drain|[of] p2a: Daisy\n|faint|p2a: Daisy\n|\n|upkeep\n|\n|t:|1699663027\n|switch|p2a: Arron|Lucario, M|100\/100\n|turn|11\n|\n|t:|1699663034\n|switch|p1a: Espeon|Espeon, M|31\/100\n|move|p2a: Arron|Aura Sphere|p1a: Espeon\n|-resisted|p1a: Espeon\n|-damage|p1a: Espeon|5\/100\n|\n|-heal|p1a: Espeon|11\/100|[from] item: Leftovers\n|upkeep\n|turn|12\n|\n|t:|1699663046\n|move|p1a: Espeon|Psychic|p2a: Arron\n|-damage|p2a: Arron|22\/100\n|move|p2a: Arron|Dark Pulse|p1a: Espeon\n|-supereffective|p1a: Espeon\n|-damage|p1a: Espeon|0 fnt\n|faint|p1a: Espeon\n|\n|upkeep\n|\n|t:|1699663057\n|switch|p1a: Meowscarada|Meowscarada, M|100\/100\n|turn|13\n|\n|t:|1699663066\n|move|p1a: Meowscarada|Acrobatics|p2a: Arron\n|-start|p1a: Meowscarada|typechange|Flying|[from] ability: Protean\n|-damage|p2a: Arron|0 fnt\n|faint|p2a: Arron\n|\n|upkeep\n|\n|t:|1699663073\n|switch|p2a: Gavin|Garchomp, M|100\/100\n|turn|14\n|\n|t:|1699663080\n|move|p1a: Meowscarada|Leech Seed|p2a: Gavin\n|-start|p2a: Gavin|move: Leech Seed\n|move|p2a: Gavin|Dragon Claw|p1a: Meowscarada\n|-damage|p1a: Meowscarada|39\/100\n|\n|-damage|p2a: Gavin|88\/100|[from] Leech Seed|[of] p1a: Meowscarada\n|-heal|p1a: Meowscarada|54\/100|[silent]\n|upkeep\n|turn|15\n|\n|t:|1699663106\n|detailschange|p2a: Gavin|Garchomp-Mega, M\n|-mega|p2a: Gavin|Garchomp|Garchompite\n|move|p1a: Meowscarada|Acrobatics|p2a: Gavin\n|-damage|p2a: Gavin|41\/100\n|move|p2a: Gavin|Dragon Claw|p1a: Meowscarada\n|-damage|p1a: Meowscarada|0 fnt\n|faint|p1a: Meowscarada\n|\n|upkeep\n|\n|t:|1699663116\n|switch|p1a: Purugly|Purugly, M|100\/100\n|turn|16\n|\n|t:|1699663121\n|switch|p2a: Diesel|Gastrodon, M|100\/100\n|move|p1a: Purugly|Play Rough|p2a: Diesel\n|-damage|p2a: Diesel|77\/100\n|\n|-heal|p2a: Diesel|83\/100|[from] item: Leftovers\n|upkeep\n|turn|17\n|\n|t:|1699663130\n|move|p1a: Purugly|Knock Off|p2a: Diesel\n|-damage|p2a: Diesel|59\/100\n|-enditem|p2a: Diesel|Leftovers|[from] move: Knock Off|[of] p1a: Purugly\n|move|p2a: Diesel|Stockpile|p2a: Diesel\n|-start|p2a: Diesel|stockpile1\n|-boost|p2a: Diesel|def|1\n|-boost|p2a: Diesel|spd|1\n|\n|upkeep\n|turn|18\n|\n|t:|1699663140\n|switch|p1a: Def Leppard|Perrserker, M|100\/100\n|move|p2a: Diesel|Recover|p2a: Diesel\n|-heal|p2a: Diesel|100\/100\n|\n|upkeep\n|turn|19\n|\n|t:|1699663145\n|move|p1a: Def Leppard|Taunt|p2a: Diesel\n|-start|p2a: Diesel|move: Taunt\n|move|p2a: Diesel|Scald|p1a: Def Leppard\n|-damage|p1a: Def Leppard|56\/100\n|\n|-heal|p1a: Def Leppard|62\/100|[from] item: Leftovers\n|upkeep\n|turn|20\n|\n|t:|1699663174\n|move|p1a: Def Leppard|Brick Break|p2a: Diesel\n|-damage|p2a: Diesel|84\/100\n|move|p2a: Diesel|Earth Power|p1a: Def Leppard\n|-supereffective|p1a: Def Leppard\n|-damage|p1a: Def Leppard|0 fnt\n|faint|p1a: Def Leppard\n|\n|upkeep\n|\n|t:|1699663180\n|switch|p1a: Incineroar|Incineroar, M|47\/100\n|-ability|p1a: Incineroar|Intimidate|boost\n|-unboost|p2a: Diesel|atk|1\n|turn|21\n|\n|t:|1699663186\n|move|p1a: Incineroar|Darkest Lariat|p2a: Diesel\n|-damage|p2a: Diesel|44\/100\n|move|p2a: Diesel|Earth Power|p1a: Incineroar\n|-supereffective|p1a: Incineroar\n|-damage|p1a: Incineroar|0 fnt\n|faint|p1a: Incineroar\n|\n|-end|p2a: Diesel|move: Taunt\n|upkeep\n|\n|t:|1699663194\n|switch|p1a: Purugly|Purugly, M|100\/100\n|turn|22\n|\n|t:|1699663197\n|move|p1a: Purugly|Fake Out|p2a: Diesel\n|-damage|p2a: Diesel|35\/100\n|cant|p2a: Diesel|flinch\n|\n|upkeep\n|turn|23\n|\n|t:|1699663205\n|move|p1a: Purugly|Return|p2a: Diesel\n|-damage|p2a: Diesel|10\/100\n|move|p2a: Diesel|Recover|p2a: Diesel\n|-heal|p2a: Diesel|60\/100\n|\n|upkeep\n|turn|24\n|\n|t:|1699663213\n|move|p1a: Purugly|Return|p2a: Diesel\n|-damage|p2a: Diesel|35\/100\n|move|p2a: Diesel|Scald|p1a: Purugly\n|-damage|p1a: Purugly|67\/100\n|\n|upkeep\n|turn|25\n|\n|t:|1699663219\n|move|p1a: Purugly|Return|p2a: Diesel\n|-damage|p2a: Diesel|9\/100\n|move|p2a: Diesel|Recover|p2a: Diesel\n|-heal|p2a: Diesel|59\/100\n|\n|upkeep\n|turn|26\n|\n|t:|1699663226\n|move|p1a: Purugly|Return|p2a: Diesel\n|-damage|p2a: Diesel|36\/100\n|move|p2a: Diesel|Stockpile|p2a: Diesel\n|-start|p2a: Diesel|stockpile2\n|-boost|p2a: Diesel|def|1\n|-boost|p2a: Diesel|spd|1\n|\n|upkeep\n|turn|27\n|\n|t:|1699663233\n|move|p1a: Purugly|Return|p2a: Diesel\n|-damage|p2a: Diesel|18\/100\n|move|p2a: Diesel|Recover|p2a: Diesel\n|-heal|p2a: Diesel|68\/100\n|\n|upkeep\n|turn|28\n|\n|t:|1699663238\n|move|p1a: Purugly|Return|p2a: Diesel\n|-damage|p2a: Diesel|50\/100\n|move|p2a: Diesel|Scald|p1a: Purugly\n|-damage|p1a: Purugly|30\/100\n|-status|p1a: Purugly|brn\n|\n|-damage|p1a: Purugly|24\/100 brn|[from] brn\n|upkeep\n|turn|29\n|\n|t:|1699663247\n|move|p1a: Purugly|Return|p2a: Diesel\n|-damage|p2a: Diesel|40\/100\n|move|p2a: Diesel|Scald|p1a: Purugly\n|-damage|p1a: Purugly|0 fnt\n|faint|p1a: Purugly\n|\n|win|vptwarrior\n|l|\u2606ThatSpicyDragon\n","uploadtime":1699663262,"views":4,"p1id":"thatspicydragon","p2id":"vptwarrior","formatid":"gen9nationaldexubers","rating":0,"private":0,"password":""}