{"id":"gen9nationaldexubers-1998514036","p1":"MrTRB","p2":"Rainer367","format":"[Gen 9] National Dex Ubers","log":"|j|\u2606MrTRB\n|j|\u2606Rainer367\n|t:|1700950940\n|gametype|singles\n|player|p1|MrTRB|benga|\n|player|p2|Rainer367|will|\n|teamsize|p1|6\n|teamsize|p2|6\n|gen|9\n|tier|[Gen 9] National Dex Ubers\n|rule|HP Percentage Mod: HP is shown in percentages\n|rule|Endless Battle Clause: Forcing endless battles is banned\n|rule|OHKO Clause: OHKO moves are banned\n|rule|Evasion Moves Clause: Evasion moves are banned\n|rule|Evasion Items Clause: Evasion items are banned\n|rule|Species Clause: Limit one of each Pok\u00e9mon\n|rule|Sleep Clause Mod: Limit one foe put to sleep\n|rule|Mega Rayquaza Clause: You cannot mega evolve Rayquaza\n|clearpoke\n|poke|p1|Garganacl, F|\n|poke|p1|Gholdengo|\n|poke|p1|Cyclizar, M|\n|poke|p1|Pelipper, M|\n|poke|p1|Serperior, F|\n|poke|p1|Seismitoad, F|\n|poke|p2|Polteageist|\n|poke|p2|Dragapult, F|\n|poke|p2|Mimikyu, F|\n|poke|p2|Houndstone, F|\n|poke|p2|Tyranitar, F|\n|poke|p2|Annihilape, M|\n|teampreview\n|c|\u2606MrTRB|I KNEW HOUNDSTONE'S FUZZY ASS WAS HERE\n|c|\u2606Rainer367|lol\n|\n|t:|1700950966\n|start\n|switch|p1a: Garganacl|Garganacl, F|100\/100\n|switch|p2a: Hawk T1|Mimikyu, F, shiny|100\/100\n|turn|1\n|\n|t:|1700950972\n|move|p2a: Hawk T1|Swords Dance|p2a: Hawk T1\n|-boost|p2a: Hawk T1|atk|2\n|move|p1a: Garganacl|Salt Cure|p2a: Hawk T1\n|-activate|p2a: Hawk T1|ability: Disguise\n|-damage|p2a: Hawk T1|100\/100\n|-start|p2a: Hawk T1|Salt Cure\n|detailschange|p2a: Hawk T1|Mimikyu-Busted, F, shiny\n|-damage|p2a: Hawk T1|88\/100|[from] pokemon: Mimikyu-Busted\n|\n|-damage|p2a: Hawk T1|76\/100|[from] Salt Cure\n|upkeep\n|turn|2\n|\n|t:|1700950987\n|move|p2a: Hawk T1|Play Rough|p1a: Garganacl\n|-damage|p1a: Garganacl|50\/100\n|move|p1a: Garganacl|Curse|p1a: Garganacl\n|-unboost|p1a: Garganacl|spe|1\n|-boost|p1a: Garganacl|atk|1\n|-boost|p1a: Garganacl|def|1\n|\n|-heal|p1a: Garganacl|57\/100|[from] item: Leftovers\n|-damage|p2a: Hawk T1|63\/100|[from] Salt Cure\n|upkeep\n|turn|3\n|\n|t:|1700951000\n|-zpower|p2a: Hawk T1\n|move|p2a: Hawk T1|Let's Snuggle Forever|p1a: Garganacl|[zeffect]\n|-damage|p1a: Garganacl|0 fnt\n|faint|p1a: Garganacl\n|\n|-damage|p2a: Hawk T1|51\/100|[from] Salt Cure\n|upkeep\n|\n|t:|1700951017\n|switch|p1a: Serperior|Serperior, F, shiny|100\/100\n|turn|4\n|\n|t:|1700951023\n|move|p2a: Hawk T1|Shadow Sneak|p1a: Serperior\n|-damage|p1a: Serperior|67\/100\n|move|p1a: Serperior|Glare|p2a: Hawk T1\n|-status|p2a: Hawk T1|par\n|\n|-heal|p1a: Serperior|74\/100|[from] item: Leftovers\n|-damage|p2a: Hawk T1|39\/100 par|[from] Salt Cure\n|upkeep\n|turn|5\n|j| Rainer565\n|\n|t:|1700951031\n|move|p1a: Serperior|Substitute|p1a: Serperior\n|-start|p1a: Serperior|Substitute\n|-damage|p1a: Serperior|49\/100\n|move|p2a: Hawk T1|Play Rough|p1a: Serperior\n|-end|p1a: Serperior|Substitute\n|\n|-heal|p1a: Serperior|55\/100|[from] item: Leftovers\n|-damage|p2a: Hawk T1|26\/100 par|[from] Salt Cure\n|upkeep\n|turn|6\n|c|\u2606Rainer367|well that isn't fun\n|\n|t:|1700951040\n|move|p1a: Serperior|Giga Drain|p2a: Hawk T1\n|-damage|p2a: Hawk T1|0 fnt\n|-heal|p1a: Serperior|64\/100|[from] drain|[of] p2a: Hawk T1\n|faint|p2a: Hawk T1\n|\n|-heal|p1a: Serperior|71\/100|[from] item: Leftovers\n|upkeep\n|c| Rainer565|Salt cure?\n|\n|t:|1700951047\n|switch|p2a: B-2 Spirit|Dragapult, F, shiny|100\/100\n|turn|7\n|c| Rainer565|what is that\n|\n|t:|1700951053\n|move|p2a: B-2 Spirit|Dragon Dance|p2a: B-2 Spirit\n|-boost|p2a: B-2 Spirit|atk|1\n|-boost|p2a: B-2 Spirit|spe|1\n|move|p1a: Serperior|Glare|p2a: B-2 Spirit\n|-status|p2a: B-2 Spirit|par\n|\n|-heal|p1a: Serperior|77\/100|[from] item: Leftovers\n|upkeep\n|turn|8\n|c|\u2606Rainer367|Garganacl's ability\n|c|\u2606MrTRB|salt cute\n|\n|t:|1700951064\n|move|p1a: Serperior|Leaf Storm|p2a: B-2 Spirit\n|-resisted|p2a: B-2 Spirit\n|-damage|p2a: B-2 Spirit|75\/100 par\n|-boost|p1a: Serperior|spa|2\n|move|p2a: B-2 Spirit|Dragon Darts|p1a: Serperior\n|-damage|p1a: Serperior|25\/100\n|-anim|p2a: B-2 Spirit|Dragon Darts|p1a: Serperior\n|-damage|p1a: Serperior|0 fnt\n|faint|p1a: Serperior\n|-damage|p2a: B-2 Spirit|65\/100 par|[from] item: Life Orb\n|\n|upkeep\n|c|\u2606MrTRB|basically does more damage to ghost and steel\n|c|\u2606Rainer367|ah\n|c|\u2606MrTRB|and garganacl resists ghost moves with its ability\n|\n|t:|1700951091\n|switch|p1a: Gholdengo|Gholdengo|100\/100\n|turn|9\n|c| Rainer565|ok\n|\n|t:|1700951097\n|move|p1a: Gholdengo|Shadow Ball|p2a: B-2 Spirit\n|-supereffective|p2a: B-2 Spirit\n|-damage|p2a: B-2 Spirit|0 fnt\n|faint|p2a: B-2 Spirit\n|\n|upkeep\n|c| Rainer565|Cmon rainer\n|\n|t:|1700951111\n|switch|p2a: F-15 Eagle|Annihilape, M, shiny|100\/100\n|turn|10\n|\n|t:|1700951120\n|move|p1a: Gholdengo|Nasty Plot|p1a: Gholdengo\n|-boost|p1a: Gholdengo|spa|2\n|move|p2a: F-15 Eagle|Rage Fist|p1a: Gholdengo\n|-supereffective|p1a: Gholdengo\n|-damage|p1a: Gholdengo|60\/100\n|\n|upkeep\n|turn|11\n|c|\u2606Rainer367|crao\n|\n|t:|1700951128\n|-terastallize|p1a: Gholdengo|Normal\n|move|p1a: Gholdengo|Shadow Ball|p2a: F-15 Eagle\n|-supereffective|p2a: F-15 Eagle\n|-damage|p2a: F-15 Eagle|0 fnt\n|faint|p2a: F-15 Eagle\n|\n|upkeep\n|\n|t:|1700951134\n|switch|p2a: A-10 Thunderbolt|Tyranitar, F, shiny|100\/100\n|-weather|Sandstorm|[from] ability: Sand Stream|[of] p2a: A-10 Thunderbolt\n|turn|12\n|\n|t:|1700951139\n|-terastallize|p2a: A-10 Thunderbolt|Ghost\n|move|p1a: Gholdengo|Focus Blast|p2a: A-10 Thunderbolt\n|-immune|p2a: A-10 Thunderbolt\n|move|p2a: A-10 Thunderbolt|Brick Break|p1a: Gholdengo\n|-supereffective|p1a: Gholdengo\n|-damage|p1a: Gholdengo|0 fnt\n|faint|p1a: Gholdengo\n|\n|-weather|Sandstorm|[upkeep]\n|-damage|p2a: A-10 Thunderbolt|94\/100|[from] Sandstorm\n|upkeep\n|c|\u2606MrTRB|i forgot about tera\n|c|\u2606Rainer367|:D\n|c|\u2606MrTRB|anyways, i win\n|\n|t:|1700951156\n|switch|p1a: Pelipper|Pelipper, M, shiny|100\/100\n|-weather|RainDance|[from] ability: Drizzle|[of] p1a: Pelipper\n|turn|13\n|c|\u2606Rainer367|You sure?\n|c|\u2606MrTRB|ye\n|c|\u2606MrTRB|sorta\n|c|\u2606MrTRB|kinda\n|c| Rainer565|Dont jinx\n|\n|t:|1700951173\n|switch|p2a: F-35 Lightning II|Houndstone, F, shiny|100\/100\n|move|p1a: Pelipper|Tailwind|p1a: Pelipper\n|-sidestart|p1: MrTRB|move: Tailwind\n|\n|-weather|RainDance|[upkeep]\n|upkeep\n|turn|14\n|\n|t:|1700951179\n|switch|p2a: A-10 Thunderbolt|Tyranitar, F, shiny, tera:Ghost|94\/100\n|-weather|Sandstorm|[from] ability: Sand Stream|[of] p2a: A-10 Thunderbolt\n|move|p1a: Pelipper|Tailwind||[still]\n|-fail|p1a: Pelipper\n|\n|-weather|Sandstorm|[upkeep]\n|-damage|p1a: Pelipper|94\/100|[from] Sandstorm\n|-damage|p2a: A-10 Thunderbolt|88\/100|[from] Sandstorm\n|upkeep\n|turn|15\n|j| CloysterEnjoyer\n|c|\u2606Rainer367|Ah\n|\n|t:|1700951192\n|move|p1a: Pelipper|U-turn|p2a: A-10 Thunderbolt\n|-resisted|p2a: A-10 Thunderbolt\n|-damage|p2a: A-10 Thunderbolt|84\/100\n|\n|t:|1700951195\n|switch|p1a: Cyclizar|Cyclizar, M|100\/100|[from] U-turn\n|move|p2a: A-10 Thunderbolt|Dragon Dance|p2a: A-10 Thunderbolt\n|-boost|p2a: A-10 Thunderbolt|atk|1\n|-boost|p2a: A-10 Thunderbolt|spe|1\n|\n|-weather|Sandstorm|[upkeep]\n|-damage|p1a: Cyclizar|94\/100|[from] Sandstorm\n|-damage|p2a: A-10 Thunderbolt|78\/100|[from] Sandstorm\n|upkeep\n|turn|16\n|\n|t:|1700951205\n|move|p1a: Cyclizar|Shed Tail|p1a: Cyclizar\n|-start|p1a: Cyclizar|Substitute|[from] move: Shed Tail\n|-damage|p1a: Cyclizar|44\/100\n|-enditem|p1a: Cyclizar|Sitrus Berry|[eat]\n|-heal|p1a: Cyclizar|69\/100|[from] item: Sitrus Berry\n|\n|t:|1700951209\n|switch|p1a: Pelipper|Pelipper, M, shiny|94\/100|[from] Shed Tail\n|-weather|RainDance|[from] ability: Drizzle|[of] p1a: Pelipper\n|move|p2a: A-10 Thunderbolt|Brick Break|p1a: Pelipper\n|-resisted|p1a: Pelipper\n|-activate|p1a: Pelipper|move: Substitute|[damage]\n|\n|-weather|RainDance|[upkeep]\n|-sideend|p1: MrTRB|move: Tailwind\n|upkeep\n|turn|17\n|c|\u2606Rainer367|hmmm\n|\n|t:|1700951222\n|switch|p2a: F-35 Lightning II|Houndstone, F, shiny|100\/100\n|move|p1a: Pelipper|Hurricane|p2a: F-35 Lightning II\n|-damage|p2a: F-35 Lightning II|35\/100\n|\n|-weather|RainDance|[upkeep]\n|upkeep\n|turn|18\n|\n|t:|1700951233\n|switch|p2a: A-10 Thunderbolt|Tyranitar, F, shiny, tera:Ghost|78\/100\n|-weather|Sandstorm|[from] ability: Sand Stream|[of] p2a: A-10 Thunderbolt\n|move|p1a: Pelipper|Tailwind|p1a: Pelipper\n|-sidestart|p1: MrTRB|move: Tailwind\n|\n|-weather|Sandstorm|[upkeep]\n|-damage|p1a: Pelipper|88\/100|[from] Sandstorm\n|-damage|p2a: A-10 Thunderbolt|72\/100|[from] Sandstorm\n|upkeep\n|turn|19\n|c| Rainer565|cmon\n|\n|t:|1700951247\n|move|p1a: Pelipper|Scald|p2a: A-10 Thunderbolt\n|-damage|p2a: A-10 Thunderbolt|37\/100\n|move|p2a: A-10 Thunderbolt|Fire Punch|p1a: Pelipper\n|-resisted|p1a: Pelipper\n|-end|p1a: Pelipper|Substitute\n|\n|-weather|Sandstorm|[upkeep]\n|-damage|p1a: Pelipper|82\/100|[from] Sandstorm\n|-damage|p2a: A-10 Thunderbolt|31\/100|[from] Sandstorm\n|upkeep\n|turn|20\n|\n|t:|1700951257\n|switch|p1a: Cyclizar|Cyclizar, M|100\/100\n|move|p2a: A-10 Thunderbolt|Brick Break|p1a: Cyclizar\n|-supereffective|p1a: Cyclizar\n|-damage|p1a: Cyclizar|7\/100\n|\n|-weather|Sandstorm|[upkeep]\n|-damage|p1a: Cyclizar|0 fnt|[from] Sandstorm\n|-damage|p2a: A-10 Thunderbolt|25\/100|[from] Sandstorm\n|faint|p1a: Cyclizar\n|upkeep\n|c|\u2606Rainer367|:D\n|\n|t:|1700951265\n|switch|p1a: Pelipper|Pelipper, M, shiny|82\/100\n|-weather|RainDance|[from] ability: Drizzle|[of] p1a: Pelipper\n|turn|21\n|c| Rainer565|why fire punch?\n|\n|t:|1700951272\n|switch|p2a: C-5 Galaxy|Polteageist, shiny|100\/100\n|move|p1a: Pelipper|Hurricane|p2a: C-5 Galaxy\n|-damage|p2a: C-5 Galaxy|37\/100\n|\n|-weather|RainDance|[upkeep]\n|-sideend|p1: MrTRB|move: Tailwind\n|upkeep\n|turn|22\n|\n|t:|1700951281\n|move|p2a: C-5 Galaxy|Shell Smash|p2a: C-5 Galaxy\n|-unboost|p2a: C-5 Galaxy|def|1\n|-unboost|p2a: C-5 Galaxy|spd|1\n|-boost|p2a: C-5 Galaxy|atk|2\n|-boost|p2a: C-5 Galaxy|spa|2\n|-boost|p2a: C-5 Galaxy|spe|2\n|move|p1a: Pelipper|U-turn|p2a: C-5 Galaxy\n|-resisted|p2a: C-5 Galaxy\n|-damage|p2a: C-5 Galaxy|26\/100\n|-ability|p2a: C-5 Galaxy|Weak Armor|boost\n|-unboost|p2a: C-5 Galaxy|def|1\n|-boost|p2a: C-5 Galaxy|spe|2\n|\n|t:|1700951291\n|switch|p1a: Seismitoad|Seismitoad, F, shiny|100\/100|[from] U-turn\n|\n|-weather|RainDance|[upkeep]\n|upkeep\n|turn|23\n|\n|t:|1700951303\n|move|p2a: C-5 Galaxy|Stored Power|p1a: Seismitoad\n|-damage|p1a: Seismitoad|0 fnt\n|faint|p1a: Seismitoad\n|\n|-weather|RainDance|[upkeep]\n|upkeep\n|\n|t:|1700951307\n|switch|p1a: Pelipper|Pelipper, M, shiny|82\/100\n|turn|24\n|c| Rainer565|I lost to seismitoad\n|\n|t:|1700951311\n|move|p2a: C-5 Galaxy|Stored Power|p1a: Pelipper\n|-damage|p1a: Pelipper|0 fnt\n|faint|p1a: Pelipper\n|\n|win|Rainer367\n|c|\u2606Rainer367|GG\n|c|\u2606MrTRB|damn\n","uploadtime":1700951318,"views":5,"p1id":"mrtrb","p2id":"rainer367","formatid":"gen9nationaldexubers","rating":0,"private":0,"password":""}