{"id":"gen9nationaldexubers-1986283018","p1":"anderproyt","p2":"axelzzz09","format":"[Gen 9] National Dex Ubers","log":"|j|\u2606anderproyt\n|j|\u2606axelzzz09\n|t:|1699466014\n|gametype|singles\n|player|p1|anderproyt|giovanni|\n|player|p2|axelzzz09|lance|\n|teamsize|p1|6\n|teamsize|p2|6\n|gen|9\n|tier|[Gen 9] National Dex Ubers\n|rule|HP Percentage Mod: HP is shown in percentages\n|rule|Endless Battle Clause: Forcing endless battles is banned\n|rule|OHKO Clause: OHKO moves are banned\n|rule|Evasion Moves Clause: Evasion moves are banned\n|rule|Evasion Items Clause: Evasion items are banned\n|rule|Species Clause: Limit one of each Pok\u00e9mon\n|rule|Sleep Clause Mod: Limit one foe put to sleep\n|rule|Mega Rayquaza Clause: You cannot mega evolve Rayquaza\n|clearpoke\n|poke|p1|Volcarona, M|\n|poke|p1|Forretress, M|\n|poke|p1|Heracross, M|\n|poke|p1|Scizor, M|\n|poke|p1|Galvantula, M|\n|poke|p1|Araquanid, M|\n|poke|p2|Garchomp, M|\n|poke|p2|Volcarona, F|\n|poke|p2|Ursaluna-Bloodmoon, M|\n|poke|p2|Ceruledge, M|\n|poke|p2|Sneasler, M|\n|poke|p2|Lucario, F|\n|teampreview\n|\n|t:|1699466047\n|start\n|switch|p1a: Galvantula|Galvantula, M|100\/100\n|switch|p2a: Sneasler|Sneasler, M|100\/100\n|turn|1\n|\n|t:|1699466057\n|move|p2a: Sneasler|Fake Out|p1a: Galvantula\n|-damage|p1a: Galvantula|72\/100\n|cant|p1a: Galvantula|flinch\n|\n|upkeep\n|turn|2\n|\n|t:|1699466064\n|move|p2a: Sneasler|Dire Claw|p1a: Galvantula\n|-damage|p1a: Galvantula|0 fnt\n|faint|p1a: Galvantula\n|\n|upkeep\n|c|\u2606anderproyt|weno\n|c|\u2606axelzzz09|xdd\n|\n|t:|1699466069\n|switch|p1a: Araquanid|Araquanid, M|100\/100\n|turn|3\n|\n|t:|1699466073\n|move|p2a: Sneasler|Dire Claw|p1a: Araquanid\n|-damage|p1a: Araquanid|63\/100\n|-status|p1a: Araquanid|psn|[from] ability: Poison Touch|[of] p2a: Sneasler\n|move|p1a: Araquanid|Sticky Web|p2a: Sneasler\n|-sidestart|p2: axelzzz09|move: Sticky Web\n|\n|-heal|p1a: Araquanid|70\/100 psn|[from] item: Leftovers\n|-damage|p1a: Araquanid|57\/100 psn|[from] psn\n|upkeep\n|turn|4\n|\n|t:|1699466084\n|switch|p1a: Scizor|Scizor, M|100\/100\n|move|p2a: Sneasler|Dire Claw|p1a: Scizor\n|-immune|p1a: Scizor\n|\n|upkeep\n|turn|5\n|c|\u2606anderproyt|ya me la se\n|\n|t:|1699466092\n|detailschange|p1a: Scizor|Scizor-Mega, M\n|-mega|p1a: Scizor|Scizor|Scizorite\n|move|p2a: Sneasler|Close Combat|p1a: Scizor\n|-damage|p1a: Scizor|57\/100\n|-unboost|p2a: Sneasler|def|1\n|-unboost|p2a: Sneasler|spd|1\n|move|p1a: Scizor|Bug Bite|p2a: Sneasler\n|-resisted|p2a: Sneasler\n|-damage|p2a: Sneasler|68\/100\n|\n|upkeep\n|turn|6\n|\n|t:|1699466101\n|move|p2a: Sneasler|Close Combat|p1a: Scizor\n|-damage|p1a: Scizor|12\/100\n|-unboost|p2a: Sneasler|def|1\n|-unboost|p2a: Sneasler|spd|1\n|move|p1a: Scizor|Roost|p1a: Scizor\n|-heal|p1a: Scizor|62\/100\n|-singleturn|p1a: Scizor|move: Roost\n|\n|upkeep\n|turn|7\n|\n|t:|1699466109\n|move|p2a: Sneasler|Close Combat|p1a: Scizor\n|-damage|p1a: Scizor|14\/100\n|-unboost|p2a: Sneasler|def|1\n|-unboost|p2a: Sneasler|spd|1\n|move|p1a: Scizor|Roost|p1a: Scizor\n|-heal|p1a: Scizor|64\/100\n|-singleturn|p1a: Scizor|move: Roost\n|\n|upkeep\n|turn|8\n|\n|t:|1699466117\n|move|p1a: Scizor|Bullet Punch|p2a: Sneasler\n|-damage|p2a: Sneasler|0 fnt\n|faint|p2a: Sneasler\n|\n|upkeep\n|\n|t:|1699466122\n|switch|p2a: Volcarona|Volcarona, F|100\/100\n|turn|9\n|\n|t:|1699466126\n|switch|p1a: Araquanid|Araquanid, M|57\/100 psn\n|move|p2a: Volcarona|Quiver Dance|p2a: Volcarona\n|-boost|p2a: Volcarona|spa|1\n|-boost|p2a: Volcarona|spd|1\n|-boost|p2a: Volcarona|spe|1\n|\n|-heal|p1a: Araquanid|63\/100 psn|[from] item: Leftovers\n|-damage|p1a: Araquanid|51\/100 psn|[from] psn\n|upkeep\n|turn|10\n|\n|t:|1699466140\n|move|p2a: Volcarona|Bug Buzz|p1a: Araquanid\n|-damage|p1a: Araquanid|2\/100 psn\n|move|p1a: Araquanid|Liquidation|p2a: Volcarona\n|-supereffective|p2a: Volcarona\n|-damage|p2a: Volcarona|0 fnt\n|faint|p2a: Volcarona\n|\n|-heal|p1a: Araquanid|8\/100 psn|[from] item: Leftovers\n|-damage|p1a: Araquanid|0 fnt|[from] psn\n|faint|p1a: Araquanid\n|upkeep\n|c|\u2606axelzzz09|ptm\n|c|\u2606anderproyt|es tanke especial xd\n|c|\u2606anderproyt|en stats base\n|c|\u2606anderproyt|yo lo evee mixto\n|c|\u2606anderproyt|aguata riko por ambos lados xd\n|\n|t:|1699466174\n|switch|p2a: Garchomp|Garchomp, M|100\/100\n|switch|p1a: Volcarona|Volcarona, M|100\/100\n|-activate|p2a: Garchomp|move: Sticky Web\n|-unboost|p2a: Garchomp|spe|1\n|turn|11\n|c|\u2606axelzzz09|alv\n|c|\u2606axelzzz09|ufff que bendicion\n|c|\u2606axelzzz09|terremoto riko\n|\n|t:|1699466195\n|detailschange|p2a: Garchomp|Garchomp-Mega, M\n|-mega|p2a: Garchomp|Garchomp|Garchompite\n|-terastallize|p1a: Volcarona|Water\n|move|p1a: Volcarona|Quiver Dance|p1a: Volcarona\n|-boost|p1a: Volcarona|spa|1\n|-boost|p1a: Volcarona|spd|1\n|-boost|p1a: Volcarona|spe|1\n|move|p2a: Garchomp|Scale Shot|p1a: Volcarona\n|-damage|p1a: Volcarona|82\/100\n|-damage|p1a: Volcarona|64\/100\n|-hitcount|p1a: Volcarona|2\n|-unboost|p2a: Garchomp|def|1\n|-boost|p2a: Garchomp|spe|1\n|\n|upkeep\n|turn|12\n|c|\u2606axelzzz09|me lo suponia\n|\n|t:|1699466208\n|move|p1a: Volcarona|Giga Drain|p2a: Garchomp\n|-damage|p2a: Garchomp|62\/100\n|-heal|p1a: Volcarona|83\/100|[from] drain|[of] p2a: Garchomp\n|move|p2a: Garchomp|Shadow Claw|p1a: Volcarona\n|-crit|p1a: Volcarona\n|-damage|p1a: Volcarona|33\/100\n|\n|upkeep\n|turn|13\n|\n|t:|1699466218\n|move|p1a: Volcarona|Giga Drain|p2a: Garchomp\n|-damage|p2a: Garchomp|21\/100\n|-heal|p1a: Volcarona|54\/100|[from] drain|[of] p2a: Garchomp\n|move|p2a: Garchomp|Shadow Claw|p1a: Volcarona\n|-damage|p1a: Volcarona|16\/100\n|\n|upkeep\n|turn|14\n|c|\u2606anderproyt|bye bye xd\n|\n|t:|1699466227\n|move|p1a: Volcarona|Giga Drain|p2a: Garchomp\n|-damage|p2a: Garchomp|0 fnt\n|-heal|p1a: Volcarona|26\/100|[from] drain|[of] p2a: Garchomp\n|faint|p2a: Garchomp\n|\n|upkeep\n|\n|t:|1699466233\n|switch|p2a: Lucario|Lucario, F|100\/100\n|-activate|p2a: Lucario|move: Sticky Web\n|-unboost|p2a: Lucario|spe|1\n|turn|15\n|\n|t:|1699466241\n|move|p1a: Volcarona|Fiery Dance|p2a: Lucario\n|-supereffective|p2a: Lucario\n|-damage|p2a: Lucario|0 fnt\n|-boost|p1a: Volcarona|spa|1\n|faint|p2a: Lucario\n|\n|upkeep\n|\n|t:|1699466248\n|switch|p2a: Ursaluna|Ursaluna-Bloodmoon, M|100\/100\n|-activate|p2a: Ursaluna|move: Sticky Web\n|-unboost|p2a: Ursaluna|spe|1\n|turn|16\n|c|\u2606anderproyt|bruh\n|\n|t:|1699466256\n|-terastallize|p2a: Ursaluna|Fairy\n|move|p1a: Volcarona|Giga Drain|p2a: Ursaluna\n|-damage|p2a: Ursaluna|34\/100\n|-heal|p1a: Volcarona|66\/100|[from] drain|[of] p2a: Ursaluna\n|move|p2a: Ursaluna|Blood Moon|p1a: Volcarona\n|-damage|p1a: Volcarona|29\/100\n|\n|-heal|p2a: Ursaluna|40\/100|[from] item: Leftovers\n|upkeep\n|turn|17\n|c|\u2606axelzzz09|diablo\n|\n|t:|1699466266\n|move|p1a: Volcarona|Giga Drain|p2a: Ursaluna\n|-damage|p2a: Ursaluna|0 fnt\n|-heal|p1a: Volcarona|53\/100|[from] drain|[of] p2a: Ursaluna\n|faint|p2a: Ursaluna\n|\n|upkeep\n|c|\u2606anderproyt|normal\n|\n|t:|1699466273\n|switch|p2a: Ceruledge|Ceruledge, M|100\/100\n|-activate|p2a: Ceruledge|move: Sticky Web\n|-unboost|p2a: Ceruledge|spe|1\n|turn|18\n|c|\u2606anderproyt|volcarona tiene mas de 100 def esp base\n|\n|t:|1699466285\n|move|p1a: Volcarona|Giga Drain|p2a: Ceruledge\n|-resisted|p2a: Ceruledge\n|-damage|p2a: Ceruledge|70\/100\n|-heal|p1a: Volcarona|65\/100|[from] drain|[of] p2a: Ceruledge\n|move|p2a: Ceruledge|Poltergeist|p1a: Volcarona\n|-activate|p1a: Volcarona|move: Poltergeist|Heavy-Duty Boots\n|-damage|p1a: Volcarona|0 fnt\n|faint|p1a: Volcarona\n|\n|upkeep\n|c|\u2606axelzzz09|si es un problema\n|\n|t:|1699466294\n|switch|p1a: Heracross|Heracross, M|100\/100\n|turn|19\n|c|\u2606axelzzz09|poruq ehicistes eso\n|\n|t:|1699466300\n|move|p1a: Heracross|Earthquake|p2a: Ceruledge\n|-supereffective|p2a: Ceruledge\n|-damage|p2a: Ceruledge|0 fnt\n|faint|p2a: Ceruledge\n|\n|win|anderproyt\n|l|\u2606axelzzz09\n","uploadtime":1699466333,"views":8,"p1id":"anderproyt","p2id":"axelzzz09","formatid":"gen9nationaldexubers","rating":0,"private":0,"password":""}