{"id":"gen9nationaldexubers-2000169455","p1":"Th3Soci3ty","p2":"MaudileenaDaisyPie","format":"[Gen 9] National Dex Ubers","log":"|j|\u2606Th3Soci3ty\n|j|\u2606MaudileenaDaisyPie\n|t:|1701166590\n|gametype|singles\n|player|p1|Th3Soci3ty|veteranf|1234\n|player|p2|MaudileenaDaisyPie|wicke|1439\n|teamsize|p1|6\n|teamsize|p2|6\n|gen|9\n|tier|[Gen 9] National Dex Ubers\n|rated|\n|rule|HP Percentage Mod: HP is shown in percentages\n|rule|Endless Battle Clause: Forcing endless battles is banned\n|rule|OHKO Clause: OHKO moves are banned\n|rule|Evasion Moves Clause: Evasion moves are banned\n|rule|Evasion Items Clause: Evasion items are banned\n|rule|Species Clause: Limit one of each Pok\u00e9mon\n|rule|Sleep Clause Mod: Limit one foe put to sleep\n|rule|Mega Rayquaza Clause: You cannot mega evolve Rayquaza\n|clearpoke\n|poke|p1|Glimmora, M|\n|poke|p1|Sneasler, F|\n|poke|p1|Dusclops, F|\n|poke|p1|Garganacl, F|\n|poke|p1|Noivern, F|\n|poke|p1|Mamoswine, F|\n|poke|p2|Smeargle, F|\n|poke|p2|Lucario, M|\n|poke|p2|Xerneas-*|\n|poke|p2|Chi-Yu|\n|poke|p2|Arceus-Ground|\n|poke|p2|Groudon|\n|teampreview\n|\n|t:|1701166596\n|start\n|switch|p1a: Glimmora|Glimmora, M|100\/100\n|switch|p2a: asshole|Smeargle, F|100\/100\n|turn|1\n|c|\u2606Th3Soci3ty|This is an antagonist team i made\n|\n|t:|1701166614\n|move|p2a: asshole|Sticky Web|p1a: Glimmora\n|-sidestart|p1: Th3Soci3ty|move: Sticky Web\n|move|p1a: Glimmora|Mortal Spin|p2a: asshole\n|-damage|p2a: asshole|85\/100\n|-status|p2a: asshole|psn\n|-sideend|p1: Th3Soci3ty|Sticky Web|[from] move: Mortal Spin|[of] p1a: Glimmora\n|\n|-damage|p2a: asshole|73\/100 psn|[from] psn\n|-ability|p2a: asshole|Moody|boost\n|-boost|p2a: asshole|def|2\n|-unboost|p2a: asshole|spe|1\n|upkeep\n|turn|2\n|\n|t:|1701166630\n|move|p1a: Glimmora|Stealth Rock|p2a: asshole\n|-sidestart|p2: MaudileenaDaisyPie|move: Stealth Rock\n|move|p2a: asshole|Whirlwind|p1a: Glimmora\n|drag|p1a: Sneasler|Sneasler, F|100\/100\n|\n|-damage|p2a: asshole|60\/100 psn|[from] psn\n|-ability|p2a: asshole|Moody|boost\n|-boost|p2a: asshole|spe|2\n|-unboost|p2a: asshole|def|1\n|upkeep\n|turn|3\n|\n|t:|1701166636\n|move|p1a: Sneasler|Fake Out|p2a: asshole\n|-damage|p2a: asshole|36\/100 psn\n|cant|p2a: asshole|flinch\n|\n|-damage|p2a: asshole|23\/100 psn|[from] psn\n|-ability|p2a: asshole|Moody|boost\n|-boost|p2a: asshole|atk|2\n|-unboost|p2a: asshole|def|1\n|upkeep\n|turn|4\n|\n|t:|1701166642\n|move|p2a: asshole|Sticky Web|p1a: Sneasler\n|-sidestart|p1: Th3Soci3ty|move: Sticky Web\n|move|p1a: Sneasler|U-turn|p2a: asshole\n|-damage|p2a: asshole|0 fnt\n|faint|p2a: asshole\n|\n|t:|1701166644\n|switch|p1a: Glimmora|Glimmora, M|100\/100|[from] U-turn\n|-activate|p1a: Glimmora|move: Sticky Web\n|-unboost|p1a: Glimmora|spe|1\n|\n|upkeep\n|\n|t:|1701166659\n|switch|p2a: Bambi's dad|Xerneas|100\/100\n|-damage|p2a: Bambi's dad|88\/100|[from] Stealth Rock\n|-ability|p2a: Bambi's dad|Fairy Aura\n|turn|5\n|\n|t:|1701166661\n|move|p2a: Bambi's dad|Substitute|p2a: Bambi's dad\n|-start|p2a: Bambi's dad|Substitute\n|-damage|p2a: Bambi's dad|63\/100\n|move|p1a: Glimmora|Mortal Spin|p2a: Bambi's dad\n|-supereffective|p2a: Bambi's dad\n|-activate|p2a: Bambi's dad|move: Substitute|[damage]\n|-sideend|p1: Th3Soci3ty|Sticky Web|[from] move: Mortal Spin|[of] p1a: Glimmora\n|\n|upkeep\n|turn|6\n|\n|t:|1701166667\n|move|p2a: Bambi's dad|Geomancy||[still]\n|-prepare|p2a: Bambi's dad|Geomancy\n|-enditem|p2a: Bambi's dad|Power Herb\n|-anim|p2a: Bambi's dad|Geomancy|p2a: Bambi's dad\n|-boost|p2a: Bambi's dad|spa|2\n|-boost|p2a: Bambi's dad|spd|2\n|-boost|p2a: Bambi's dad|spe|2\n|move|p1a: Glimmora|Mortal Spin|p2a: Bambi's dad\n|-supereffective|p2a: Bambi's dad\n|-activate|p2a: Bambi's dad|move: Substitute|[damage]\n|\n|upkeep\n|turn|7\n|\n|t:|1701166671\n|move|p2a: Bambi's dad|Moonblast|p1a: Glimmora\n|-resisted|p1a: Glimmora\n|-damage|p1a: Glimmora|2\/100\n|-unboost|p1a: Glimmora|spa|1\n|move|p1a: Glimmora|Mortal Spin|p2a: Bambi's dad\n|-supereffective|p2a: Bambi's dad\n|-end|p2a: Bambi's dad|Substitute\n|\n|upkeep\n|turn|8\n|\n|t:|1701166675\n|move|p2a: Bambi's dad|Substitute|p2a: Bambi's dad\n|-start|p2a: Bambi's dad|Substitute\n|-damage|p2a: Bambi's dad|38\/100\n|move|p1a: Glimmora|Mortal Spin|p2a: Bambi's dad\n|-supereffective|p2a: Bambi's dad\n|-activate|p2a: Bambi's dad|move: Substitute|[damage]\n|\n|upkeep\n|turn|9\n|\n|t:|1701166679\n|move|p2a: Bambi's dad|Moonblast|p1a: Glimmora\n|-resisted|p1a: Glimmora\n|-damage|p1a: Glimmora|0 fnt\n|faint|p1a: Glimmora\n|\n|upkeep\n|\n|t:|1701166696\n|switch|p1a: Sneasler|Sneasler, F|100\/100\n|turn|10\n|\n|t:|1701166700\n|move|p2a: Bambi's dad|Moonblast|p1a: Sneasler\n|-crit|p1a: Sneasler\n|-damage|p1a: Sneasler|0 fnt\n|faint|p1a: Sneasler\n|\n|upkeep\n|\n|t:|1701166704\n|switch|p1a: Garganacl|Garganacl, F|100\/100\n|turn|11\n|\n|t:|1701166708\n|move|p2a: Bambi's dad|Moonblast|p1a: Garganacl\n|-damage|p1a: Garganacl|0 fnt\n|faint|p1a: Garganacl\n|\n|upkeep\n|\n|t:|1701166711\n|switch|p1a: Noivern|Noivern, F|100\/100\n|turn|12\n|\n|t:|1701166717\n|move|p2a: Bambi's dad|Moonblast|p1a: Noivern\n|-supereffective|p1a: Noivern\n|-damage|p1a: Noivern|0 fnt\n|faint|p1a: Noivern\n|\n|upkeep\n|\n|t:|1701166719\n|switch|p1a: Mamoswine|Mamoswine, F|100\/100\n|turn|13\n|\n|t:|1701166722\n|move|p2a: Bambi's dad|Moonblast|p1a: Mamoswine\n|-damage|p1a: Mamoswine|0 fnt\n|faint|p1a: Mamoswine\n|\n|upkeep\n|\n|t:|1701166724\n|switch|p1a: Dusclops|Dusclops, F|100\/100\n|-ability|p1a: Dusclops|Pressure\n|turn|14\n|\n|t:|1701166727\n|move|p2a: Bambi's dad|Moonblast|p1a: Dusclops\n|-crit|p1a: Dusclops\n|-damage|p1a: Dusclops|0 fnt\n|faint|p1a: Dusclops\n|\n|win|MaudileenaDaisyPie\n|raw|Th3Soci3ty's rating: 1234 &rarr; <strong>1222<\/strong><br \/>(-12 for losing)\n|raw|MaudileenaDaisyPie's rating: 1439 &rarr; <strong>1448<\/strong><br \/>(+9 for winning)\n","uploadtime":1701166731,"views":1,"p1id":"th3soci3ty","p2id":"maudileenadaisypie","formatid":"gen9nationaldexubers","rating":1222,"private":0,"password":""}