{"id":"gen9nationaldexubers-1991433634","p1":"TyranitarHyperBeam","p2":"plague070","format":"[Gen 9] National Dex Ubers","log":"|j|\u2606TyranitarHyperBeam\n|j|\u2606plague070\n|t:|1700076728\n|gametype|singles\n|player|p1|TyranitarHyperBeam|265|1300\n|player|p2|plague070|allister|1358\n|teamsize|p1|6\n|teamsize|p2|6\n|gen|9\n|tier|[Gen 9] National Dex Ubers\n|rated|\n|rule|HP Percentage Mod: HP is shown in percentages\n|rule|Endless Battle Clause: Forcing endless battles is banned\n|rule|OHKO Clause: OHKO moves are banned\n|rule|Evasion Moves Clause: Evasion moves are banned\n|rule|Evasion Items Clause: Evasion items are banned\n|rule|Species Clause: Limit one of each Pok\u00e9mon\n|rule|Sleep Clause Mod: Limit one foe put to sleep\n|rule|Mega Rayquaza Clause: You cannot mega evolve Rayquaza\n|clearpoke\n|poke|p1|Grimmsnarl, M|\n|poke|p1|Groudon|\n|poke|p1|Necrozma-Dusk-Mane|\n|poke|p1|Xerneas-*|\n|poke|p1|Arceus-Ground|\n|poke|p1|Eternatus|\n|poke|p2|Ninetales-Alola, F|\n|poke|p2|Chien-Pao|\n|poke|p2|Calyrex-Ice|\n|poke|p2|Xerneas-*|\n|poke|p2|Kangaskhan, F|\n|poke|p2|Marshadow|\n|teampreview\n|\n|t:|1700076738\n|start\n|switch|p1a: Grimmsnarl|Grimmsnarl, M, shiny|100\/100\n|switch|p2a: Ninetales|Ninetales-Alola, F|100\/100\n|-weather|Snow|[from] ability: Snow Warning|[of] p2a: Ninetales\n|turn|1\n|\n|t:|1700076744\n|move|p1a: Grimmsnarl|Taunt|p2a: Ninetales\n|-start|p2a: Ninetales|move: Taunt\n|cant|p2a: Ninetales|move: Taunt|Aurora Veil\n|\n|-weather|Snow|[upkeep]\n|upkeep\n|turn|2\n|\n|t:|1700076750\n|move|p1a: Grimmsnarl|Light Screen|p1a: Grimmsnarl\n|-sidestart|p1: TyranitarHyperBeam|move: Light Screen\n|move|p2a: Ninetales|Moonblast|p1a: Grimmsnarl\n|-supereffective|p1a: Grimmsnarl\n|-damage|p1a: Grimmsnarl|72\/100\n|\n|-weather|Snow|[upkeep]\n|upkeep\n|turn|3\n|\n|t:|1700076755\n|switch|p2a: Kangaskhan|Kangaskhan, F|100\/100\n|move|p1a: Grimmsnarl|Reflect|p1a: Grimmsnarl\n|-sidestart|p1: TyranitarHyperBeam|Reflect\n|\n|-weather|Snow|[upkeep]\n|upkeep\n|turn|4\n|\n|t:|1700076758\n|detailschange|p2a: Kangaskhan|Kangaskhan-Mega, F\n|-mega|p2a: Kangaskhan|Kangaskhan|Kangaskhanite\n|move|p2a: Kangaskhan|Fake Out|p1a: Grimmsnarl\n|-damage|p1a: Grimmsnarl|63\/100\n|-damage|p1a: Grimmsnarl|61\/100\n|-hitcount|p1a: Grimmsnarl|2\n|cant|p1a: Grimmsnarl|flinch\n|\n|-weather|Snow|[upkeep]\n|upkeep\n|turn|5\n|\n|t:|1700076762\n|move|p1a: Grimmsnarl|Parting Shot|p2a: Kangaskhan\n|-unboost|p2a: Kangaskhan|atk|1\n|-unboost|p2a: Kangaskhan|spa|1\n|\n|t:|1700076769\n|switch|p1a: Xerneas|Xerneas, shiny|100\/100|[from] Parting Shot\n|-ability|p1a: Xerneas|Fairy Aura\n|move|p2a: Kangaskhan|Power-Up Punch|p1a: Xerneas\n|-resisted|p1a: Xerneas\n|-damage|p1a: Xerneas|99\/100\n|-boost|p2a: Kangaskhan|atk|1\n|-resisted|p1a: Xerneas\n|-damage|p1a: Xerneas|98\/100\n|-boost|p2a: Kangaskhan|atk|1\n|-hitcount|p1a: Xerneas|2\n|\n|-weather|none\n|upkeep\n|turn|6\n|\n|t:|1700076780\n|move|p2a: Kangaskhan|Return|p1a: Xerneas\n|-damage|p1a: Xerneas|66\/100\n|-crit|p1a: Xerneas\n|-damage|p1a: Xerneas|42\/100\n|-hitcount|p1a: Xerneas|2\n|move|p1a: Xerneas|Moonblast|p2a: Kangaskhan\n|-damage|p2a: Kangaskhan|34\/100\n|\n|upkeep\n|turn|7\n|\n|t:|1700076789\n|move|p2a: Kangaskhan|Return|p1a: Xerneas\n|-damage|p1a: Xerneas|10\/100\n|-damage|p1a: Xerneas|2\/100\n|-hitcount|p1a: Xerneas|2\n|move|p1a: Xerneas|Moonblast|p2a: Kangaskhan\n|-crit|p2a: Kangaskhan\n|-damage|p2a: Kangaskhan|0 fnt\n|faint|p2a: Kangaskhan\n|\n|upkeep\n|\n|t:|1700076801\n|switch|p2a: Chien-Pao|Chien-Pao|100\/100\n|-ability|p2a: Chien-Pao|Sword of Ruin\n|turn|8\n|\n|t:|1700076809\n|switch|p1a: Grimmsnarl|Grimmsnarl, M, shiny|61\/100\n|move|p2a: Chien-Pao|Ice Shard|p1a: Grimmsnarl\n|-damage|p1a: Grimmsnarl|50\/100\n|\n|upkeep\n|turn|9\n|\n|t:|1700076820\n|switch|p2a: Ninetales|Ninetales-Alola, F|100\/100\n|-weather|Snow|[from] ability: Snow Warning|[of] p2a: Ninetales\n|move|p1a: Grimmsnarl|Light Screen||[still]\n|-fail|p1a: Grimmsnarl\n|\n|-weather|Snow|[upkeep]\n|-sideend|p1: TyranitarHyperBeam|move: Light Screen\n|upkeep\n|turn|10\n|\n|t:|1700076824\n|move|p1a: Grimmsnarl|Taunt|p2a: Ninetales\n|-start|p2a: Ninetales|move: Taunt\n|cant|p2a: Ninetales|move: Taunt|Encore\n|\n|-weather|Snow|[upkeep]\n|-sideend|p1: TyranitarHyperBeam|Reflect\n|upkeep\n|turn|11\n|\n|t:|1700076826\n|move|p1a: Grimmsnarl|Reflect|p1a: Grimmsnarl\n|-sidestart|p1: TyranitarHyperBeam|Reflect\n|move|p2a: Ninetales|Moonblast|p1a: Grimmsnarl\n|-supereffective|p1a: Grimmsnarl\n|-damage|p1a: Grimmsnarl|0 fnt\n|faint|p1a: Grimmsnarl\n|\n|-weather|Snow|[upkeep]\n|upkeep\n|\n|t:|1700076833\n|switch|p1a: Necrozma|Necrozma-Dusk-Mane|100\/100\n|turn|12\n|\n|t:|1700076845\n|move|p2a: Ninetales|Moonblast|p1a: Necrozma\n|-resisted|p1a: Necrozma\n|-damage|p1a: Necrozma|87\/100\n|move|p1a: Necrozma|Sunsteel Strike|p2a: Ninetales\n|-supereffective|p2a: Ninetales\n|-damage|p2a: Ninetales|0 fnt\n|faint|p2a: Ninetales\n|\n|-weather|Snow|[upkeep]\n|upkeep\n|\n|t:|1700076857\n|switch|p2a: Marshadow|Marshadow|100\/100\n|turn|13\n|\n|t:|1700076860\n|move|p2a: Marshadow|Spectral Thief|p1a: Necrozma\n|-supereffective|p1a: Necrozma\n|-crit|p1a: Necrozma\n|-damage|p1a: Necrozma|11\/100\n|-enditem|p1a: Necrozma|Weakness Policy\n|-boost|p1a: Necrozma|atk|2|[from] item: Weakness Policy\n|-boost|p1a: Necrozma|spa|2|[from] item: Weakness Policy\n|move|p1a: Necrozma|Sunsteel Strike|p2a: Marshadow\n|-enditem|p2a: Marshadow|Focus Sash\n|-damage|p2a: Marshadow|1\/100\n|\n|-weather|none\n|upkeep\n|turn|14\n|\n|t:|1700076876\n|switch|p1a: Groudon|Groudon|100\/100\n|detailschange|p1a: Groudon|Groudon-Primal\n|-primal|p1a: Groudon|Red Orb\n|-weather|DesolateLand|[from] ability: Desolate Land|[of] p1a: Groudon\n|move|p2a: Marshadow|Spectral Thief|p1a: Groudon\n|-damage|p1a: Groudon|86\/100\n|\n|-weather|DesolateLand|[upkeep]\n|upkeep\n|turn|15\n|\n|t:|1700076892\n|move|p2a: Marshadow|Close Combat|p1a: Groudon\n|-damage|p1a: Groudon|67\/100\n|-unboost|p2a: Marshadow|def|1\n|-unboost|p2a: Marshadow|spd|1\n|move|p1a: Groudon|Stealth Rock|p2a: Marshadow\n|-sidestart|p2: plague070|move: Stealth Rock\n|\n|-weather|DesolateLand|[upkeep]\n|upkeep\n|turn|16\n|\n|t:|1700076897\n|move|p2a: Marshadow|Close Combat|p1a: Groudon\n|-damage|p1a: Groudon|48\/100\n|-unboost|p2a: Marshadow|def|1\n|-unboost|p2a: Marshadow|spd|1\n|move|p1a: Groudon|Precipice Blades|p2a: Marshadow\n|-damage|p2a: Marshadow|0 fnt\n|faint|p2a: Marshadow\n|\n|-weather|DesolateLand|[upkeep]\n|upkeep\n|\n|t:|1700076914\n|switch|p2a: Calyrex|Calyrex-Ice|100\/100\n|-ability|p2a: Calyrex|As One\n|-ability|p2a: Calyrex|Unnerve\n|-damage|p2a: Calyrex|76\/100|[from] Stealth Rock\n|turn|17\n|\n|t:|1700076927\n|-terastallize|p2a: Calyrex|Fire\n|move|p1a: Groudon|Precipice Blades|p2a: Calyrex|[miss]\n|-miss|p1a: Groudon|p2a: Calyrex\n|move|p2a: Calyrex|High Horsepower|p1a: Groudon\n|-supereffective|p1a: Groudon\n|-damage|p1a: Groudon|23\/100\n|\n|-weather|DesolateLand|[upkeep]\n|upkeep\n|turn|18\n|\n|t:|1700076936\n|move|p1a: Groudon|Precipice Blades|p2a: Calyrex|[miss]\n|-miss|p1a: Groudon|p2a: Calyrex\n|move|p2a: Calyrex|High Horsepower|p1a: Groudon\n|-supereffective|p1a: Groudon\n|-damage|p1a: Groudon|0 fnt\n|faint|p1a: Groudon\n|-weather|none\n|-ability|p2a: Calyrex|Chilling Neigh|boost\n|-boost|p2a: Calyrex|atk|1\n|\n|-sideend|p1: TyranitarHyperBeam|Reflect\n|upkeep\n|c|\u2606plague070|damn\n|c|\u2606TyranitarHyperBeam|2 ?\n|c|\u2606TyranitarHyperBeam|oof\n|c|\u2606plague070|!dt precipice blades\n|raw|<ul class=\"utilichart\"><li class=\"result\"><span class=\"col movenamecol\"><a href=\"https:\/\/dex.pokemonshowdown.com\/moves\/precipiceblades\">Precipice Blades<\/a><\/span> <span class=\"col typecol\"><img src=\"\/\/play.pokemonshowdown.com\/sprites\/types\/Ground.png\" alt=\"Ground\" width=\"32\" height=\"14\"><img src=\"\/\/play.pokemonshowdown.com\/sprites\/categories\/Physical.png\" alt=\"Physical\" width=\"32\" height=\"14\"><\/span> <span class=\"col labelcol\"><em>Power<\/em><br>120<\/span> <span class=\"col widelabelcol\"><em>Accuracy<\/em><br>85%<\/span> <span class=\"col pplabelcol\"><em>PP<\/em><br>16<\/span> <span class=\"col movedesccol\">No additional effect. Hits adjacent foes.<\/span> <\/li><li style=\"clear:both\"><\/li><\/ul>\n|raw|<font size=\"1\"><font color=\"#686868\">Priority:<\/font> 0&nbsp;|&ThickSpace;<font color=\"#686868\">Gen:<\/font> 6&nbsp;|&ThickSpace;<font color=\"#686868\">Z-Power:<\/font> 190&nbsp;|&ThickSpace;<font color=\"#686868\">Dynamax Power:<\/font> 140&nbsp;|&ThickSpace;<font color=\"#686868\">Target:<\/font> All Adjacent Opponents<\/font>\n\n|\n|t:|1700076955\n|switch|p1a: Arceus|Arceus-Ground|100\/100\n|turn|19\n|c|\u2606plague070|yeah thats rough\n|\n|t:|1700076962\n|move|p1a: Arceus|Judgment|p2a: Calyrex\n|-supereffective|p2a: Calyrex\n|-damage|p2a: Calyrex|0 fnt\n|faint|p2a: Calyrex\n|\n|upkeep\n|\n|t:|1700076968\n|switch|p2a: Xerneas|Xerneas|100\/100\n|-damage|p2a: Xerneas|88\/100|[from] Stealth Rock\n|-ability|p2a: Xerneas|Fairy Aura\n|turn|20\n|\n|t:|1700076980\n|-terastallize|p1a: Arceus|Ground\n|move|p1a: Arceus|Judgment|p2a: Xerneas\n|-damage|p2a: Xerneas|19\/100\n|move|p2a: Xerneas|Geomancy||[still]\n|-prepare|p2a: Xerneas|Geomancy\n|-enditem|p2a: Xerneas|Power Herb\n|-anim|p2a: Xerneas|Geomancy|p2a: Xerneas\n|-boost|p2a: Xerneas|spa|2\n|-boost|p2a: Xerneas|spd|2\n|-boost|p2a: Xerneas|spe|2\n|\n|upkeep\n|turn|21\n|\n|t:|1700076992\n|move|p2a: Xerneas|Moonblast|p1a: Arceus\n|-damage|p1a: Arceus|1\/100\n|move|p1a: Arceus|Judgment|p2a: Xerneas\n|-damage|p2a: Xerneas|0 fnt\n|faint|p2a: Xerneas\n|\n|upkeep\n|\n|t:|1700076995\n|switch|p2a: Chien-Pao|Chien-Pao|100\/100\n|-ability|p2a: Chien-Pao|Sword of Ruin\n|turn|22\n|c|\u2606TyranitarHyperBeam|damn\n|c|\u2606TyranitarHyperBeam|DAMN\n|\n|t:|1700077011\n|move|p2a: Chien-Pao|Ice Shard|p1a: Arceus\n|-supereffective|p1a: Arceus\n|-damage|p1a: Arceus|0 fnt\n|faint|p1a: Arceus\n|\n|upkeep\n|\n|t:|1700077019\n|switch|p1a: Eternatus|Eternatus|100\/100\n|-ability|p1a: Eternatus|Pressure\n|turn|23\n|\n|t:|1700077026\n|move|p2a: Chien-Pao|Icicle Crash|p1a: Eternatus\n|-supereffective|p1a: Eternatus\n|-damage|p1a: Eternatus|11\/100\n|cant|p1a: Eternatus|flinch\n|\n|upkeep\n|turn|24\n|\n|t:|1700077030\n|move|p2a: Chien-Pao|Ice Shard|p1a: Eternatus\n|-supereffective|p1a: Eternatus\n|-damage|p1a: Eternatus|0 fnt\n|faint|p1a: Eternatus\n|\n|upkeep\n|c|\u2606plague070|wow\n|c|\u2606TyranitarHyperBeam|ggs\n|c|\u2606plague070|ggs\n|c|\u2606TyranitarHyperBeam|THATS ROUGH\n|c|\u2606TyranitarHyperBeam|LOL\n|\n|t:|1700077040\n|switch|p1a: Necrozma|Necrozma-Dusk-Mane|11\/100\n|turn|25\n|c|\u2606plague070|yea fr LOL\n|c|\u2606plague070|u alr missed twice u didnt needa get flinched too LOL\n|\n|t:|1700077061\n|move|p2a: Chien-Pao|Crunch|p1a: Necrozma\n|-supereffective|p1a: Necrozma\n|-damage|p1a: Necrozma|0 fnt\n|faint|p1a: Necrozma\n|\n|upkeep\n|\n|t:|1700077065\n|switch|p1a: Xerneas|Xerneas, shiny|2\/100\n|-ability|p1a: Xerneas|Fairy Aura\n|turn|26\n|\n|t:|1700077068\n|move|p2a: Chien-Pao|Ice Shard|p1a: Xerneas\n|-damage|p1a: Xerneas|0 fnt\n|faint|p1a: Xerneas\n|\n|win|plague070\n|raw|TyranitarHyperBeam's rating: 1300 &rarr; <strong>1279<\/strong><br \/>(-21 for losing)\n|raw|plague070's rating: 1358 &rarr; <strong>1375<\/strong><br \/>(+17 for winning)\n|c|\u2606TyranitarHyperBeam|GGS\n|c|\u2606TyranitarHyperBeam|wp\n|c|\u2606plague070|ggs\n|c|\u2606plague070|u2\n|l|\u2606plague070\n","uploadtime":1700077093,"views":8,"p1id":"tyranitarhyperbeam","p2id":"plague070","formatid":"gen9nationaldexubers","rating":1279,"private":0,"password":""}