{"id":"gen9nationaldexubers-1996558189","p1":"vic_ketchum","p2":"patobatata4","format":"[Gen 9] National Dex Ubers","log":"|j|\u2606vic_ketchum\n|j|\u2606patobatata4\n|t:|1700694131\n|gametype|singles\n|player|p1|vic_ketchum|ash-kalos|1255\n|player|p2|patobatata4|clown|1147\n|teamsize|p1|6\n|teamsize|p2|6\n|gen|9\n|tier|[Gen 9] National Dex Ubers\n|rated|\n|rule|HP Percentage Mod: HP is shown in percentages\n|rule|Endless Battle Clause: Forcing endless battles is banned\n|rule|OHKO Clause: OHKO moves are banned\n|rule|Evasion Moves Clause: Evasion moves are banned\n|rule|Evasion Items Clause: Evasion items are banned\n|rule|Species Clause: Limit one of each Pok\u00e9mon\n|rule|Sleep Clause Mod: Limit one foe put to sleep\n|rule|Mega Rayquaza Clause: You cannot mega evolve Rayquaza\n|clearpoke\n|poke|p1|Mewtwo|\n|poke|p1|Pheromosa|\n|poke|p1|Deoxys|\n|poke|p1|Hydreigon, M|\n|poke|p1|Zoroark, M|\n|poke|p1|Scizor, M|\n|poke|p2|Shuckle, M|\n|poke|p2|Eiscue, M|\n|poke|p2|Sawsbuck-Winter, F|\n|poke|p2|Bruxish, F|\n|poke|p2|Diancie|\n|poke|p2|Regieleki|\n|teampreview\n|inactive|Battle timer is ON: inactive players will automatically lose when time's up. (requested by patobatata4)\n|\n|t:|1700694139\n|start\n|switch|p1a: CELL|Pheromosa|100\/100\n|switch|p2a: Diancie|Diancie|100\/100\n|turn|1\n|\n|t:|1700694145\n|detailschange|p2a: Diancie|Diancie-Mega\n|-mega|p2a: Diancie|Diancie|Diancite\n|move|p1a: CELL|Poison Jab|p2a: Diancie\n|-damage|p2a: Diancie|66\/100\n|-status|p2a: Diancie|psn\n|move|p2a: Diancie|Explosion|p1a: CELL\n|-enditem|p1a: CELL|Focus Sash\n|-damage|p1a: CELL|1\/100\n|faint|p2a: Diancie\n|\n|upkeep\n|\n|t:|1700694158\n|switch|p2a: Bruxish|Bruxish, F|100\/100\n|turn|2\n|\n|t:|1700694162\n|move|p2a: Bruxish|Aqua Jet|p1a: CELL\n|-damage|p1a: CELL|0 fnt\n|faint|p1a: CELL\n|\n|upkeep\n|\n|t:|1700694171\n|switch|p1a: MAJIN BUU|Deoxys|100\/100\n|-ability|p1a: MAJIN BUU|Pressure\n|turn|3\n|\n|t:|1700694178\n|switch|p2a: Regieleki|Regieleki|100\/100\n|move|p1a: MAJIN BUU|Dark Pulse|p2a: Regieleki\n|-damage|p2a: Regieleki|36\/100\n|\n|upkeep\n|turn|4\n|\n|t:|1700694184\n|move|p2a: Regieleki|Explosion|p1a: MAJIN BUU\n|-crit|p1a: MAJIN BUU\n|-enditem|p1a: MAJIN BUU|Focus Sash\n|-damage|p1a: MAJIN BUU|1\/100\n|faint|p2a: Regieleki\n|move|p1a: MAJIN BUU|Dark Pulse|p2: Regieleki|[notarget]\n|-fail|p1a: MAJIN BUU\n|\n|upkeep\n|\n|t:|1700694196\n|switch|p2a: Eiscue|Eiscue, M|100\/100\n|turn|5\n|\n|t:|1700694199\n|move|p1a: MAJIN BUU|Psychic|p2a: Eiscue\n|-damage|p2a: Eiscue|50\/100\n|-enditem|p2a: Eiscue|Sitrus Berry|[eat]\n|-heal|p2a: Eiscue|75\/100|[from] item: Sitrus Berry\n|move|p2a: Eiscue|Belly Drum|p2a: Eiscue\n|-damage|p2a: Eiscue|25\/100\n|-setboost|p2a: Eiscue|atk|6|[from] move: Belly Drum\n|\n|upkeep\n|turn|6\n|\n|t:|1700694208\n|move|p2a: Eiscue|Protect|p2a: Eiscue\n|-singleturn|p2a: Eiscue|Protect\n|move|p1a: MAJIN BUU|Psychic|p2a: Eiscue\n|-activate|p2a: Eiscue|move: Protect\n|\n|upkeep\n|turn|7\n|\n|t:|1700694220\n|move|p1a: MAJIN BUU|Dark Pulse|p2a: Eiscue\n|-damage|p2a: Eiscue|0 fnt\n|faint|p2a: Eiscue\n|\n|upkeep\n|\n|t:|1700694223\n|switch|p2a: Bruxish|Bruxish, F|100\/100\n|turn|8\n|\n|t:|1700694225\n|move|p1a: MAJIN BUU|Dark Pulse|p2a: Bruxish\n|-supereffective|p2a: Bruxish\n|-damage|p2a: Bruxish|9\/100\n|cant|p2a: Bruxish|flinch\n|\n|upkeep\n|turn|9\n|\n|t:|1700694234\n|move|p2a: Bruxish|Aqua Jet|p1a: MAJIN BUU\n|-damage|p1a: MAJIN BUU|0 fnt\n|faint|p1a: MAJIN BUU\n|\n|upkeep\n|\n|t:|1700694237\n|switch|p1a: XICOR|Scizor, M, shiny|100\/100\n|turn|10\n|\n|t:|1700694242\n|move|p2a: Bruxish|Aqua Jet|p1a: XICOR\n|-damage|p1a: XICOR|71\/100\n|move|p1a: XICOR|Swords Dance|p1a: XICOR\n|-boost|p1a: XICOR|atk|2\n|\n|upkeep\n|turn|11\n|\n|t:|1700694248\n|move|p2a: Bruxish|Aqua Jet|p1a: XICOR\n|-damage|p1a: XICOR|42\/100\n|move|p1a: XICOR|Bullet Punch|p2a: Bruxish\n|-resisted|p2a: Bruxish\n|-damage|p2a: Bruxish|0 fnt\n|faint|p2a: Bruxish\n|\n|upkeep\n|\n|t:|1700694251\n|switch|p2a: Shuckle|Shuckle, M|100\/100\n|turn|12\n|\n|t:|1700694258\n|move|p1a: XICOR|Bullet Punch|p2a: Shuckle\n|-supereffective|p2a: Shuckle\n|-ability|p2a: Shuckle|Sturdy\n|-damage|p2a: Shuckle|1\/100\n|move|p2a: Shuckle|Sticky Web|p1a: XICOR\n|-sidestart|p1: vic_ketchum|move: Sticky Web\n|\n|-heal|p2a: Shuckle|7\/100|[from] item: Leftovers\n|upkeep\n|turn|13\n|\n|t:|1700694277\n|move|p1a: XICOR|Bullet Punch|p2a: Shuckle\n|-supereffective|p2a: Shuckle\n|-damage|p2a: Shuckle|0 fnt\n|faint|p2a: Shuckle\n|\n|upkeep\n|\n|t:|1700694280\n|switch|p2a: Sawsbuck|Sawsbuck-Winter, F|100\/100\n|turn|14\n|\n|t:|1700694286\n|move|p1a: XICOR|Bullet Punch|p2a: Sawsbuck\n|-damage|p2a: Sawsbuck|3\/100\n|move|p2a: Sawsbuck|Headbutt|p1a: XICOR\n|-resisted|p1a: XICOR\n|-damage|p1a: XICOR|20\/100\n|-damage|p2a: Sawsbuck|0 fnt|[from] item: Life Orb\n|faint|p2a: Sawsbuck\n|\n|win|vic_ketchum\n|raw|vic_ketchum's rating: 1255 &rarr; <strong>1272<\/strong><br \/>(+17 for winning)\n|raw|patobatata4's rating: 1147 &rarr; <strong>1130<\/strong><br \/>(-17 for losing)\n|l|\u2606patobatata4\n","uploadtime":1700694295,"views":1,"p1id":"vicketchum","p2id":"patobatata4","formatid":"gen9nationaldexubers","rating":1130,"private":0,"password":""}