{"id":"gen9nationaldexubers-1989207856","p1":"Malice Incarnate","p2":"Sammmmmmmmmmmmm","format":"[Gen 9] National Dex Ubers","log":"|j|\u2606Malice Incarnate\n|j|\u2606Sammmmmmmmmmmmm\n|t:|1699823513\n|gametype|singles\n|player|p1|Malice Incarnate|palmer|\n|player|p2|Sammmmmmmmmmmmm|bede-masters|\n|teamsize|p1|6\n|teamsize|p2|6\n|gen|9\n|tier|[Gen 9] National Dex Ubers\n|rule|HP Percentage Mod: HP is shown in percentages\n|rule|Endless Battle Clause: Forcing endless battles is banned\n|rule|OHKO Clause: OHKO moves are banned\n|rule|Evasion Moves Clause: Evasion moves are banned\n|rule|Evasion Items Clause: Evasion items are banned\n|rule|Species Clause: Limit one of each Pok\u00e9mon\n|rule|Sleep Clause Mod: Limit one foe put to sleep\n|rule|Mega Rayquaza Clause: You cannot mega evolve Rayquaza\n|clearpoke\n|poke|p1|Scizor, M|\n|poke|p1|Landorus-Therian, M|\n|poke|p1|Greninja-*, M|\n|poke|p1|Corviknight, F|\n|poke|p1|Blissey, F|\n|poke|p1|Conkeldurr, M|\n|poke|p2|Necrozma-Dawn-Wings|\n|poke|p2|Hatterene, F|\n|poke|p2|Victini|\n|poke|p2|Tapu Lele|\n|poke|p2|Slowbro, F|\n|poke|p2|Mewtwo|\n|teampreview\n|inactive|Battle timer is ON: inactive players will automatically lose when time's up. (requested by Malice Incarnate)\n|\n|t:|1699823521\n|start\n|switch|p1a: Honkeldurr|Conkeldurr, M|100\/100\n|switch|p2a: Shakra|Mewtwo|100\/100\n|-ability|p2a: Shakra|Pressure\n|turn|1\n|c|\u2606Malice Incarnate|wait for this heat\n|\n|t:|1699823527\n|detailschange|p2a: Shakra|Mewtwo-Mega-X\n|-mega|p2a: Shakra|Mewtwo|Mewtwonite X\n|-singleturn|p1a: Honkeldurr|move: Focus Punch\n|move|p2a: Shakra|Zen Headbutt|p1a: Honkeldurr\n|-supereffective|p1a: Honkeldurr\n|-damage|p1a: Honkeldurr|0 fnt\n|faint|p1a: Honkeldurr\n|\n|upkeep\n|c|\u2606Malice Incarnate|damn  it\n|\n|t:|1699823537\n|switch|p1a: Faberge|Scizor, M|100\/100\n|turn|2\n|\n|t:|1699823543\n|-activate|p2a: Shakra|move: Pursuit\n|detailschange|p1a: Faberge|Scizor-Mega, M\n|-mega|p1a: Faberge|Scizor|Scizorite\n|move|p1a: Faberge|Pursuit|p2a: Shakra|[from]Pursuit\n|-damage|p2a: Shakra|76\/100\n|switch|p2a: Millibelle|Slowbro, F|100\/100\n|\n|upkeep\n|turn|3\n|c|\u2606Malice Incarnate|BRUH\n|c|\u2606Malice Incarnate|THAT WAS TECHNICIAN BOOSTED\n|\n|t:|1699823558\n|move|p1a: Faberge|Knock Off|p2a: Millibelle\n|-supereffective|p2a: Millibelle\n|-damage|p2a: Millibelle|64\/100\n|-damage|p1a: Faberge|84\/100|[from] item: Rocky Helmet|[of] p2a: Millibelle\n|-enditem|p2a: Millibelle|Rocky Helmet|[from] move: Knock Off|[of] p1a: Faberge\n|move|p2a: Millibelle|Scald|p1a: Faberge\n|-damage|p1a: Faberge|60\/100\n|\n|upkeep\n|turn|4\n|\n|t:|1699823566\n|move|p1a: Faberge|U-turn|p2a: Millibelle\n|-supereffective|p2a: Millibelle\n|-damage|p2a: Millibelle|27\/100\n|\n|t:|1699823569\n|switch|p1a: Amphinobi|Greninja, M|100\/100|[from] U-turn\n|move|p2a: Millibelle|Teleport|p2a: Millibelle\n|\n|t:|1699823573\n|switch|p2a: Shakra|Mewtwo-Mega-X|76\/100|[from] Teleport\n|\n|upkeep\n|turn|5\n|\n|t:|1699823576\n|move|p2a: Shakra|Drain Punch|p1a: Amphinobi\n|-supereffective|p1a: Amphinobi\n|-damage|p1a: Amphinobi|0 fnt\n|-heal|p2a: Shakra|100\/100|[from] drain|[of] p1a: Amphinobi\n|faint|p1a: Amphinobi\n|\n|upkeep\n|c|\u2606Malice Incarnate|i forgot how fast that fucker is\n|\n|t:|1699823587\n|switch|p1a: UUBL|Landorus-Therian, M|100\/100\n|-ability|p1a: UUBL|Intimidate|boost\n|-unboost|p2a: Shakra|atk|1\n|turn|6\n|\n|t:|1699823589\n|move|p2a: Shakra|Ice Punch|p1a: UUBL\n|-supereffective|p1a: UUBL\n|-damage|p1a: UUBL|0 fnt\n|faint|p1a: UUBL\n|\n|upkeep\n|\n|t:|1699823593\n|switch|p1a: Faberge|Scizor-Mega, M|60\/100\n|turn|7\n|\n|t:|1699823596\n|move|p2a: Shakra|Drain Punch|p1a: Faberge\n|-damage|p1a: Faberge|40\/100\n|move|p1a: Faberge|Roost|p1a: Faberge\n|-heal|p1a: Faberge|90\/100\n|-singleturn|p1a: Faberge|move: Roost\n|\n|upkeep\n|turn|8\n|\n|t:|1699823603\n|switch|p2a: Sly|Victini|100\/100\n|move|p1a: Faberge|Knock Off|p2a: Sly\n|-supereffective|p2a: Sly\n|-damage|p2a: Sly|38\/100\n|-enditem|p2a: Sly|Choice Band|[from] move: Knock Off|[of] p1a: Faberge\n|\n|upkeep\n|turn|9\n|\n|t:|1699823610\n|switch|p1a: Tinkatrouble|Corviknight, F|100\/100\n|-ability|p1a: Tinkatrouble|Pressure\n|move|p2a: Sly|V-create|p1a: Tinkatrouble\n|-supereffective|p1a: Tinkatrouble\n|-damage|p1a: Tinkatrouble|9\/100\n|-unboost|p2a: Sly|spe|1\n|-unboost|p2a: Sly|def|1\n|-unboost|p2a: Sly|spd|1\n|\n|-heal|p1a: Tinkatrouble|15\/100|[from] item: Leftovers\n|upkeep\n|turn|10\n|\n|t:|1699823614\n|-terastallize|p1a: Tinkatrouble|Dragon\n|move|p2a: Sly|V-create|p1a: Tinkatrouble\n|-resisted|p1a: Tinkatrouble\n|-damage|p1a: Tinkatrouble|0 fnt\n|-unboost|p2a: Sly|spe|1\n|-unboost|p2a: Sly|def|1\n|-unboost|p2a: Sly|spd|1\n|faint|p1a: Tinkatrouble\n|\n|upkeep\n|c|\u2606Malice Incarnate|this is tera drag btw\n|\n|t:|1699823621\n|switch|p1a: Faberge|Scizor-Mega, M|90\/100\n|turn|11\n|\n|t:|1699823624\n|move|p1a: Faberge|Pursuit|p2a: Sly\n|-supereffective|p2a: Sly\n|-damage|p2a: Sly|0 fnt\n|faint|p2a: Sly\n|\n|upkeep\n|\n|t:|1699823634\n|switch|p2a: Shakra|Mewtwo-Mega-X|100\/100\n|turn|12\n|\n|t:|1699823638\n|move|p2a: Shakra|Drain Punch|p1a: Faberge\n|-damage|p1a: Faberge|56\/100\n|move|p1a: Faberge|U-turn|p2a: Shakra\n|-damage|p2a: Shakra|68\/100\n|\n|t:|1699823643\n|switch|p1a: Fat Fuck Friday|Blissey, F|100\/100|[from] U-turn\n|\n|upkeep\n|turn|13\n|\n|t:|1699823645\n|move|p2a: Shakra|Drain Punch|p1a: Fat Fuck Friday\n|-supereffective|p1a: Fat Fuck Friday\n|-damage|p1a: Fat Fuck Friday|11\/100\n|-heal|p2a: Shakra|100\/100|[from] drain|[of] p1a: Fat Fuck Friday\n|move|p1a: Fat Fuck Friday|Seismic Toss|p2a: Shakra\n|-damage|p2a: Shakra|72\/100\n|\n|upkeep\n|turn|14\n|\n|t:|1699823648\n|move|p2a: Shakra|Drain Punch|p1a: Fat Fuck Friday\n|-supereffective|p1a: Fat Fuck Friday\n|-damage|p1a: Fat Fuck Friday|0 fnt\n|-heal|p2a: Shakra|83\/100|[from] drain|[of] p1a: Fat Fuck Friday\n|faint|p1a: Fat Fuck Friday\n|\n|upkeep\n|c|\u2606Malice Incarnate|gg\n|-message|Malice Incarnate forfeited.\n|\n|win|Sammmmmmmmmmmmm\n","uploadtime":1699823657,"views":20,"p1id":"maliceincarnate","p2id":"sammmmmmmmmmmmm","formatid":"gen9nationaldexubers","rating":0,"private":0,"password":""}