{"id":"gen9nationaldexubers-1990943782","p1":"lanciepoo","p2":"mmmgoodtoast","format":"[Gen 9] National Dex Ubers","log":"|j|\u2606lanciepoo\n|j|\u2606mmmgoodtoast\n|t:|1700017973\n|gametype|singles\n|player|p1|lanciepoo|baker|\n|player|p2|mmmgoodtoast|169|\n|teamsize|p1|6\n|teamsize|p2|6\n|gen|9\n|tier|[Gen 9] National Dex Ubers\n|rule|HP Percentage Mod: HP is shown in percentages\n|rule|Endless Battle Clause: Forcing endless battles is banned\n|rule|OHKO Clause: OHKO moves are banned\n|rule|Evasion Moves Clause: Evasion moves are banned\n|rule|Evasion Items Clause: Evasion items are banned\n|rule|Species Clause: Limit one of each Pok\u00e9mon\n|rule|Sleep Clause Mod: Limit one foe put to sleep\n|rule|Mega Rayquaza Clause: You cannot mega evolve Rayquaza\n|clearpoke\n|poke|p1|Audino, M|\n|poke|p1|Tsareena, F|\n|poke|p1|Aerodactyl, M|\n|poke|p1|Swampert, M|\n|poke|p1|Iron Moth|\n|poke|p1|Darmanitan-Galar, M|\n|poke|p2|Spectrier|\n|poke|p2|Sandy Shocks|\n|poke|p2|Melmetal|\n|poke|p2|Cyclizar, F|\n|poke|p2|Hatterene, F|\n|poke|p2|Vaporeon, F|\n|teampreview\n|c|\u2606mmmgoodtoast|glhf\n|c|\u2606lanciepoo|u2\n|\n|t:|1700018002\n|start\n|switch|p1a: Swampert|Swampert, M|100\/100\n|switch|p2a: Cyclizar|Cyclizar, F|100\/100\n|turn|1\n|\n|t:|1700018025\n|move|p2a: Cyclizar|Knock Off|p1a: Swampert\n|-damage|p1a: Swampert|87\/100\n|-damage|p2a: Cyclizar|84\/100|[from] item: Rocky Helmet|[of] p1a: Swampert\n|-enditem|p1a: Swampert|Rocky Helmet|[from] move: Knock Off|[of] p2a: Cyclizar\n|move|p1a: Swampert|Stealth Rock|p2a: Cyclizar\n|-sidestart|p2: mmmgoodtoast|move: Stealth Rock\n|\n|upkeep\n|turn|2\n|\n|t:|1700018035\n|move|p2a: Cyclizar|U-turn|p1a: Swampert\n|-damage|p1a: Swampert|77\/100\n|\n|t:|1700018042\n|switch|p2a: Melmetal|Melmetal|100\/100|[from] U-turn\n|-damage|p2a: Melmetal|94\/100|[from] Stealth Rock\n|move|p1a: Swampert|Flip Turn|p2a: Melmetal\n|-damage|p2a: Melmetal|83\/100\n|\n|t:|1700018050\n|switch|p1a: Iron Moth|Iron Moth|100\/100|[from] Flip Turn\n|\n|upkeep\n|turn|3\n|\n|t:|1700018119\n|switch|p2a: Hatterene|Hatterene, F|100\/100\n|-damage|p2a: Hatterene|88\/100|[from] Stealth Rock\n|move|p1a: Iron Moth|Overheat|p2a: Hatterene\n|-damage|p2a: Hatterene|0 fnt\n|-unboost|p1a: Iron Moth|spa|2\n|faint|p2a: Hatterene\n|\n|upkeep\n|\n|t:|1700018138\n|switch|p2a: Spectrier|Spectrier|100\/100\n|-damage|p2a: Spectrier|88\/100|[from] Stealth Rock\n|turn|4\n|\n|t:|1700018161\n|-end|p1a: Iron Moth|Quark Drive|[silent]\n|switch|p1a: Audino|Audino, M|100\/100\n|move|p2a: Spectrier|Psychic|p1a: Audino\n|-damage|p1a: Audino|79\/100\n|\n|-heal|p1a: Audino|85\/100|[from] item: Leftovers\n|upkeep\n|turn|5\n|\n|t:|1700018176\n|switch|p2a: Melmetal|Melmetal|83\/100\n|-damage|p2a: Melmetal|77\/100|[from] Stealth Rock\n|move|p1a: Audino|Knock Off|p2a: Melmetal\n|-damage|p2a: Melmetal|69\/100\n|-enditem|p2a: Melmetal|Choice Band|[from] move: Knock Off|[of] p1a: Audino\n|\n|-heal|p1a: Audino|91\/100|[from] item: Leftovers\n|upkeep\n|turn|6\n|\n|t:|1700018215\n|move|p1a: Audino|Protect|p1a: Audino\n|-singleturn|p1a: Audino|Protect\n|move|p2a: Melmetal|Double Iron Bash|p1a: Audino\n|-activate|p1a: Audino|move: Protect\n|\n|-heal|p1a: Audino|98\/100|[from] item: Leftovers\n|upkeep\n|turn|7\n|\n|t:|1700018223\n|switch|p1a: Tsareena|Tsareena, F|100\/100\n|move|p2a: Melmetal|Double Iron Bash|p1a: Tsareena\n|-damage|p1a: Tsareena|53\/100\n|-crit|p1a: Tsareena\n|-damage|p1a: Tsareena|0 fnt\n|faint|p1a: Tsareena\n|-hitcount|p1: Tsareena|2\n|\n|upkeep\n|\n|t:|1700018238\n|switch|p1a: Iron Moth|Iron Moth|100\/100\n|turn|8\n|\n|t:|1700018245\n|switch|p2a: Vaporeon|Vaporeon, F|100\/100\n|-damage|p2a: Vaporeon|88\/100|[from] Stealth Rock\n|-item|p2a: Vaporeon|Air Balloon\n|move|p1a: Iron Moth|Overheat|p2a: Vaporeon\n|-resisted|p2a: Vaporeon\n|-damage|p2a: Vaporeon|46\/100\n|-unboost|p1a: Iron Moth|spa|2\n|-enditem|p2a: Vaporeon|Air Balloon\n|\n|upkeep\n|turn|9\n|\n|t:|1700018260\n|-end|p1a: Iron Moth|Quark Drive|[silent]\n|switch|p1a: Audino|Audino, M|100\/100\n|move|p2a: Vaporeon|Wish|p2a: Vaporeon\n|\n|upkeep\n|turn|10\n|\n|t:|1700018271\n|move|p2a: Vaporeon|Toxic|p1a: Audino\n|-status|p1a: Audino|tox\n|move|p1a: Audino|Wish|p1a: Audino\n|\n|-heal|p2a: Vaporeon|96\/100|[from] move: Wish|[wisher] Vaporeon\n|-damage|p1a: Audino|94\/100 tox|[from] psn\n|upkeep\n|turn|11\n|\n|t:|1700018288\n|switch|p2a: Melmetal|Melmetal|69\/100\n|-damage|p2a: Melmetal|63\/100|[from] Stealth Rock\n|move|p1a: Audino|Knock Off|p2a: Melmetal\n|-damage|p2a: Melmetal|57\/100\n|\n|-heal|p1a: Audino|100\/100 tox|[from] move: Wish|[wisher] Audino\n|-damage|p1a: Audino|88\/100 tox|[from] psn\n|upkeep\n|turn|12\n|\n|t:|1700018299\n|switch|p1a: Swampert|Swampert, M|77\/100\n|move|p2a: Melmetal|Double Iron Bash|p1a: Swampert\n|-resisted|p1a: Swampert\n|-damage|p1a: Swampert|62\/100\n|-resisted|p1a: Swampert\n|-damage|p1a: Swampert|47\/100\n|-hitcount|p1a: Swampert|2\n|\n|upkeep\n|turn|13\n|\n|t:|1700018312\n|switch|p2a: Vaporeon|Vaporeon, F|96\/100\n|-damage|p2a: Vaporeon|83\/100|[from] Stealth Rock\n|move|p1a: Swampert|Earthquake|p2a: Vaporeon\n|-damage|p2a: Vaporeon|53\/100\n|\n|upkeep\n|turn|14\n|\n|t:|1700018321\n|switch|p1a: Audino|Audino, M|100\/100 tox\n|move|p2a: Vaporeon|Toxic|p1a: Audino\n|-fail|p1a: Audino|tox\n|\n|-damage|p1a: Audino|94\/100 tox|[from] psn\n|upkeep\n|turn|15\n|\n|t:|1700018333\n|move|p2a: Vaporeon|Wish|p2a: Vaporeon\n|move|p1a: Audino|Wish|p1a: Audino\n|\n|-heal|p1a: Audino|100\/100 tox|[from] item: Leftovers\n|-damage|p1a: Audino|88\/100 tox|[from] psn\n|upkeep\n|turn|16\n|\n|t:|1700018340\n|move|p2a: Vaporeon|Scald|p1a: Audino\n|-damage|p1a: Audino|67\/100 tox\n|move|p1a: Audino|Toxic|p2a: Vaporeon\n|-status|p2a: Vaporeon|tox\n|\n|-heal|p2a: Vaporeon|100\/100 tox|[from] move: Wish|[wisher] Vaporeon\n|-heal|p1a: Audino|100\/100 tox|[from] move: Wish|[wisher] Audino\n|-damage|p2a: Vaporeon|94\/100 tox|[from] psn\n|-damage|p1a: Audino|82\/100 tox|[from] psn\n|upkeep\n|turn|17\n|\n|t:|1700018365\n|switch|p2a: Sandy Shocks|Sandy Shocks|100\/100\n|move|p1a: Audino|Wish|p1a: Audino\n|\n|-heal|p1a: Audino|88\/100 tox|[from] item: Leftovers\n|-damage|p1a: Audino|64\/100 tox|[from] psn\n|upkeep\n|turn|18\n|\n|t:|1700018404\n|switch|p1a: Swampert|Swampert, M|47\/100\n|move|p2a: Sandy Shocks|Stealth Rock|p1a: Swampert\n|-sidestart|p1: lanciepoo|move: Stealth Rock\n|\n|-heal|p1a: Swampert|98\/100|[from] move: Wish|[wisher] Audino\n|upkeep\n|turn|19\n|\n|t:|1700018418\n|-end|p2a: Sandy Shocks|Protosynthesis|[silent]\n|switch|p2a: Vaporeon|Vaporeon, F|94\/100 tox\n|-damage|p2a: Vaporeon|82\/100 tox|[from] Stealth Rock\n|move|p1a: Swampert|Earthquake|p2a: Vaporeon\n|-damage|p2a: Vaporeon|53\/100 tox\n|\n|-damage|p2a: Vaporeon|47\/100 tox|[from] psn\n|upkeep\n|turn|20\n|\n|t:|1700018443\n|switch|p1a: Audino|Audino, M|97\/100 tox\n|-damage|p1a: Audino|85\/100 tox|[from] Stealth Rock\n|move|p2a: Vaporeon|Wish|p2a: Vaporeon\n|\n|-heal|p1a: Audino|91\/100 tox|[from] item: Leftovers\n|-damage|p2a: Vaporeon|35\/100 tox|[from] psn\n|-damage|p1a: Audino|85\/100 tox|[from] psn\n|upkeep\n|turn|21\n|\n|t:|1700018452\n|switch|p2a: Melmetal|Melmetal|57\/100\n|-damage|p2a: Melmetal|51\/100|[from] Stealth Rock\n|move|p1a: Audino|Knock Off|p2a: Melmetal\n|-damage|p2a: Melmetal|46\/100\n|\n|-heal|p2a: Melmetal|95\/100|[from] move: Wish|[wisher] Vaporeon\n|-heal|p1a: Audino|91\/100 tox|[from] item: Leftovers\n|-damage|p1a: Audino|79\/100 tox|[from] psn\n|upkeep\n|turn|22\n|\n|t:|1700018464\n|switch|p1a: Swampert|Swampert, M|98\/100\n|-damage|p1a: Swampert|92\/100|[from] Stealth Rock\n|move|p2a: Melmetal|Double Iron Bash|p1a: Swampert\n|-resisted|p1a: Swampert\n|-damage|p1a: Swampert|78\/100\n|-resisted|p1a: Swampert\n|-damage|p1a: Swampert|63\/100\n|-hitcount|p1a: Swampert|2\n|\n|upkeep\n|turn|23\n|\n|t:|1700018481\n|switch|p2a: Cyclizar|Cyclizar, F|100\/100\n|-damage|p2a: Cyclizar|88\/100|[from] Stealth Rock\n|move|p1a: Swampert|Earthquake|p2a: Cyclizar\n|-damage|p2a: Cyclizar|20\/100\n|\n|upkeep\n|turn|24\n|\n|t:|1700018493\n|move|p2a: Cyclizar|U-turn|p1a: Swampert\n|-damage|p1a: Swampert|53\/100\n|\n|t:|1700018507\n|switch|p2a: Vaporeon|Vaporeon, F|35\/100 tox|[from] U-turn\n|-damage|p2a: Vaporeon|22\/100 tox|[from] Stealth Rock\n|move|p1a: Swampert|Earthquake|p2a: Vaporeon\n|-damage|p2a: Vaporeon|0 fnt\n|faint|p2a: Vaporeon\n|\n|upkeep\n|\n|t:|1700018568\n|switch|p2a: Cyclizar|Cyclizar, F|53\/100\n|-damage|p2a: Cyclizar|40\/100|[from] Stealth Rock\n|turn|25\n|\n|t:|1700018575\n|switch|p1a: Audino|Audino, M|100\/100 tox\n|-damage|p1a: Audino|88\/100 tox|[from] Stealth Rock\n|move|p2a: Cyclizar|U-turn|p1a: Audino\n|-damage|p1a: Audino|73\/100 tox\n|\n|t:|1700018583\n|switch|p2a: Melmetal|Melmetal|95\/100|[from] U-turn\n|-damage|p2a: Melmetal|88\/100|[from] Stealth Rock\n|\n|-heal|p1a: Audino|79\/100 tox|[from] item: Leftovers\n|-damage|p1a: Audino|73\/100 tox|[from] psn\n|upkeep\n|turn|26\n|\n|t:|1700018626\n|switch|p1a: Swampert|Swampert, M|53\/100\n|-damage|p1a: Swampert|47\/100|[from] Stealth Rock\n|move|p2a: Melmetal|Earthquake|p1a: Swampert\n|-damage|p1a: Swampert|21\/100\n|\n|upkeep\n|turn|27\n|\n|t:|1700018671\n|move|p1a: Swampert|Earthquake|p2a: Melmetal\n|-supereffective|p2a: Melmetal\n|-damage|p2a: Melmetal|51\/100\n|move|p2a: Melmetal|Earthquake|p1a: Swampert\n|-damage|p1a: Swampert|0 fnt\n|faint|p1a: Swampert\n|\n|upkeep\n|\n|t:|1700018705\n|switch|p1a: Iron Moth|Iron Moth|100\/100\n|-damage|p1a: Iron Moth|76\/100|[from] Stealth Rock\n|turn|28\n|\n|t:|1700018755\n|switch|p2a: Cyclizar|Cyclizar, F|73\/100\n|-damage|p2a: Cyclizar|61\/100|[from] Stealth Rock\n|move|p1a: Iron Moth|Flamethrower|p2a: Cyclizar\n|-resisted|p2a: Cyclizar\n|-damage|p2a: Cyclizar|16\/100\n|\n|upkeep\n|turn|29\n|\n|t:|1700018776\n|-end|p1a: Iron Moth|Quark Drive|[silent]\n|switch|p1a: Audino|Audino, M|100\/100 tox\n|-damage|p1a: Audino|88\/100 tox|[from] Stealth Rock\n|move|p2a: Cyclizar|U-turn|p1a: Audino\n|-damage|p1a: Audino|74\/100 tox\n|\n|t:|1700018786\n|switch|p2a: Sandy Shocks|Sandy Shocks|100\/100|[from] U-turn\n|\n|-heal|p1a: Audino|80\/100 tox|[from] item: Leftovers\n|-damage|p1a: Audino|74\/100 tox|[from] psn\n|upkeep\n|turn|30\n|\n|t:|1700018794\n|move|p2a: Sandy Shocks|Spikes|p1a: Audino\n|-sidestart|p1: lanciepoo|Spikes\n|move|p1a: Audino|Knock Off|p2a: Sandy Shocks\n|-damage|p2a: Sandy Shocks|84\/100\n|-enditem|p2a: Sandy Shocks|Heavy-Duty Boots|[from] move: Knock Off|[of] p1a: Audino\n|\n|-heal|p1a: Audino|80\/100 tox|[from] item: Leftovers\n|-damage|p1a: Audino|68\/100 tox|[from] psn\n|upkeep\n|turn|31\n|\n|t:|1700018802\n|move|p2a: Sandy Shocks|Spikes|p1a: Audino\n|-sidestart|p1: lanciepoo|Spikes\n|move|p1a: Audino|Toxic|p2a: Sandy Shocks\n|-status|p2a: Sandy Shocks|tox\n|\n|-heal|p1a: Audino|74\/100 tox|[from] item: Leftovers\n|-damage|p2a: Sandy Shocks|78\/100 tox|[from] psn\n|-damage|p1a: Audino|55\/100 tox|[from] psn\n|upkeep\n|turn|32\n|\n|t:|1700018833\n|switch|p1a: Darmanitan|Darmanitan-Galar, M|100\/100\n|-damage|p1a: Darmanitan|76\/100|[from] Stealth Rock\n|-damage|p1a: Darmanitan|59\/100|[from] Spikes\n|move|p2a: Sandy Shocks|Spikes|p1a: Darmanitan\n|-sidestart|p1: lanciepoo|Spikes\n|\n|-damage|p2a: Sandy Shocks|65\/100 tox|[from] psn\n|upkeep\n|turn|33\n|\n|t:|1700018851\n|move|p1a: Darmanitan|Earthquake|p2a: Sandy Shocks\n|-supereffective|p2a: Sandy Shocks\n|-damage|p2a: Sandy Shocks|0 fnt\n|faint|p2a: Sandy Shocks\n|-end|p2a: Sandy Shocks|Protosynthesis|[silent]\n|\n|upkeep\n|\n|t:|1700018887\n|switch|p2a: Spectrier|Spectrier|88\/100\n|-damage|p2a: Spectrier|76\/100|[from] Stealth Rock\n|turn|34\n|\n|t:|1700018930\n|move|p2a: Spectrier|Shadow Ball|p1a: Darmanitan\n|-damage|p1a: Darmanitan|0 fnt\n|faint|p1a: Darmanitan\n|-ability|p2a: Spectrier|Grim Neigh|boost\n|-boost|p2a: Spectrier|spa|1\n|\n|upkeep\n|\n|t:|1700018933\n|switch|p1a: Audino|Audino, M|89\/100 tox\n|-damage|p1a: Audino|76\/100 tox|[from] Stealth Rock\n|-damage|p1a: Audino|51\/100 tox|[from] Spikes\n|turn|35\n|\n|t:|1700018941\n|switch|p2a: Cyclizar|Cyclizar, F|49\/100\n|-damage|p2a: Cyclizar|37\/100|[from] Stealth Rock\n|move|p1a: Audino|Wish|p1a: Audino\n|\n|-heal|p1a: Audino|57\/100 tox|[from] item: Leftovers\n|-damage|p1a: Audino|51\/100 tox|[from] psn\n|upkeep\n|turn|36\n|\n|t:|1700018953\n|move|p2a: Cyclizar|Dragon Claw|p1a: Audino\n|-damage|p1a: Audino|26\/100 tox\n|move|p1a: Audino|Knock Off|p2a: Cyclizar\n|-damage|p2a: Cyclizar|9\/100\n|-enditem|p2a: Cyclizar|Assault Vest|[from] move: Knock Off|[of] p1a: Audino\n|\n|-heal|p1a: Audino|76\/100 tox|[from] move: Wish|[wisher] Audino\n|-heal|p1a: Audino|82\/100 tox|[from] item: Leftovers\n|-damage|p1a: Audino|70\/100 tox|[from] psn\n|upkeep\n|turn|37\n|\n|t:|1700018976\n|switch|p1a: Aerodactyl|Aerodactyl, M|100\/100\n|-damage|p1a: Aerodactyl|76\/100|[from] Stealth Rock\n|move|p2a: Cyclizar|U-turn|p1a: Aerodactyl\n|-resisted|p1a: Aerodactyl\n|-damage|p1a: Aerodactyl|64\/100\n|\n|t:|1700019008\n|switch|p2a: Melmetal|Melmetal|51\/100|[from] U-turn\n|-damage|p2a: Melmetal|45\/100|[from] Stealth Rock\n|\n|upkeep\n|turn|38\n|c|\u2606lanciepoo|can u send replay ? im not on my home pc its my work laptop\n|\n|t:|1700019027\n|detailschange|p1a: Aerodactyl|Aerodactyl-Mega, M\n|-mega|p1a: Aerodactyl|Aerodactyl|Aerodactylite\n|move|p1a: Aerodactyl|Earthquake|p2a: Melmetal\n|-supereffective|p2a: Melmetal\n|-damage|p2a: Melmetal|5\/100\n|move|p2a: Melmetal|Double Iron Bash|p1a: Aerodactyl\n|-supereffective|p1a: Aerodactyl\n|-damage|p1a: Aerodactyl|0 fnt\n|faint|p1a: Aerodactyl\n|-hitcount|p1: Aerodactyl|1\n|\n|upkeep\n|c|\u2606mmmgoodtoast|yeah dw\n|\n|t:|1700019034\n|switch|p1a: Iron Moth|Iron Moth|76\/100\n|-damage|p1a: Iron Moth|51\/100|[from] Stealth Rock\n|-damage|p1a: Iron Moth|26\/100|[from] Spikes\n|turn|39\n|\n|t:|1700019049\n|move|p1a: Iron Moth|Overheat|p2a: Melmetal|[miss]\n|-miss|p1a: Iron Moth|p2a: Melmetal\n|move|p2a: Melmetal|Earthquake|p1a: Iron Moth\n|-supereffective|p1a: Iron Moth\n|-damage|p1a: Iron Moth|0 fnt\n|faint|p1a: Iron Moth\n|-end|p1a: Iron Moth|Quark Drive|[silent]\n|\n|upkeep\n|\n|t:|1700019052\n|switch|p1a: Audino|Audino, M|100\/100 tox\n|-damage|p1a: Audino|88\/100 tox|[from] Stealth Rock\n|-damage|p1a: Audino|63\/100 tox|[from] Spikes\n|turn|40\n|\n|t:|1700019059\n|move|p1a: Audino|Knock Off|p2a: Melmetal\n|-damage|p2a: Melmetal|0 fnt\n|faint|p2a: Melmetal\n|\n|-heal|p1a: Audino|69\/100 tox|[from] item: Leftovers\n|-damage|p1a: Audino|63\/100 tox|[from] psn\n|upkeep\n|\n|t:|1700019073\n|switch|p2a: Cyclizar|Cyclizar, F|42\/100\n|-damage|p2a: Cyclizar|30\/100|[from] Stealth Rock\n|turn|41\n|\n|t:|1700019081\n|move|p2a: Cyclizar|Knock Off|p1a: Audino\n|-damage|p1a: Audino|43\/100 tox\n|-enditem|p1a: Audino|Leftovers|[from] move: Knock Off|[of] p2a: Cyclizar\n|move|p1a: Audino|Wish|p1a: Audino\n|\n|-damage|p1a: Audino|30\/100 tox|[from] psn\n|upkeep\n|turn|42\n|\n|t:|1700019100\n|move|p2a: Cyclizar|Dragon Claw|p1a: Audino\n|-damage|p1a: Audino|5\/100 tox\n|move|p1a: Audino|Knock Off|p2a: Cyclizar\n|-damage|p2a: Cyclizar|14\/100\n|\n|-heal|p1a: Audino|55\/100 tox|[from] move: Wish|[wisher] Audino\n|-damage|p1a: Audino|36\/100 tox|[from] psn\n|upkeep\n|turn|43\n|\n|t:|1700019109\n|move|p2a: Cyclizar|Dragon Claw|p1a: Audino\n|-damage|p1a: Audino|11\/100 tox\n|move|p1a: Audino|Knock Off|p2a: Cyclizar\n|-damage|p2a: Cyclizar|0 fnt\n|faint|p2a: Cyclizar\n|\n|-damage|p1a: Audino|0 fnt|[from] psn\n|faint|p1a: Audino\n|\n|win|mmmgoodtoast\n|upkeep\n|c|\u2606mmmgoodtoast|gg\n|c|\u2606lanciepoo|gg\n","uploadtime":1700019123,"views":16,"p1id":"lanciepoo","p2id":"mmmgoodtoast","formatid":"gen9nationaldexubers","rating":0,"private":0,"password":""}