{"id":"gen9nationaldexubers-1984516268","p1":"priestmajor","p2":"Obito 2001","format":"[Gen 9] National Dex Ubers","log":"|j|\u2606priestmajor\n|j|\u2606Obito 2001\n|t:|1699275093\n|gametype|singles\n|player|p1|priestmajor|101|1669\n|player|p2|Obito 2001|blue-gen3two|1900\n|teamsize|p1|6\n|teamsize|p2|6\n|gen|9\n|tier|[Gen 9] National Dex Ubers\n|rated|\n|rule|HP Percentage Mod: HP is shown in percentages\n|rule|Endless Battle Clause: Forcing endless battles is banned\n|rule|OHKO Clause: OHKO moves are banned\n|rule|Evasion Moves Clause: Evasion moves are banned\n|rule|Evasion Items Clause: Evasion items are banned\n|rule|Species Clause: Limit one of each Pok\u00e9mon\n|rule|Sleep Clause Mod: Limit one foe put to sleep\n|rule|Mega Rayquaza Clause: You cannot mega evolve Rayquaza\n|clearpoke\n|poke|p1|Groudon|\n|poke|p1|Ho-Oh|\n|poke|p1|Zygarde|\n|poke|p1|Arceus-Ground|\n|poke|p1|Yveltal|\n|poke|p1|Eternatus|\n|poke|p2|Ditto|\n|poke|p2|Dondozo, M|\n|poke|p2|Magearna|\n|poke|p2|Eternatus|\n|poke|p2|Arceus-Dark|\n|poke|p2|Groudon|\n|teampreview\n|inactive|Battle timer is ON: inactive players will automatically lose when time's up. (requested by Obito 2001)\n|\n|t:|1699275109\n|start\n|switch|p1a: Yveltal|Yveltal|100\/100\n|switch|p2a: Arceus|Arceus-Dark|100\/100\n|-ability|p1a: Yveltal|Dark Aura\n|turn|1\n|\n|t:|1699275118\n|move|p2a: Arceus|Toxic|p1a: Yveltal|[miss]\n|-miss|p2a: Arceus|p1a: Yveltal\n|move|p1a: Yveltal|Toxic|p2a: Arceus\n|-status|p2a: Arceus|tox\n|\n|-damage|p2a: Arceus|94\/100 tox|[from] psn\n|upkeep\n|turn|2\n|\n|t:|1699275122\n|switch|p2a: Magearna|Magearna|100\/100\n|switch|p1a: Ho-Oh|Ho-Oh|100\/100\n|\n|upkeep\n|turn|3\n|\n|t:|1699275129\n|switch|p1a: Groudon|Groudon|100\/100\n|detailschange|p1a: Groudon|Groudon-Primal\n|-primal|p1a: Groudon|Red Orb\n|-weather|DesolateLand|[from] ability: Desolate Land|[of] p1a: Groudon\n|switch|p2a: Eternatus|Eternatus|100\/100\n|-ability|p2a: Eternatus|Pressure\n|\n|-weather|DesolateLand|[upkeep]\n|upkeep\n|turn|4\n|\n|t:|1699275137\n|switch|p2a: Dondozo|Dondozo, M|100\/100\n|move|p1a: Groudon|Stealth Rock|p2a: Dondozo\n|-sidestart|p2: Obito 2001|move: Stealth Rock\n|\n|-weather|DesolateLand|[upkeep]\n|upkeep\n|turn|5\n|\n|t:|1699275144\n|-weather|none\n|switch|p1a: Yveltal|Yveltal|100\/100\n|-ability|p1a: Yveltal|Dark Aura\n|move|p2a: Dondozo|Curse|p2a: Dondozo\n|-unboost|p2a: Dondozo|spe|1\n|-boost|p2a: Dondozo|atk|1\n|-boost|p2a: Dondozo|def|1\n|\n|upkeep\n|turn|6\n|\n|t:|1699275153\n|switch|p2a: Magearna|Magearna|100\/100\n|-damage|p2a: Magearna|94\/100|[from] Stealth Rock\n|move|p1a: Yveltal|Toxic|p2a: Magearna\n|-immune|p2a: Magearna\n|\n|upkeep\n|turn|7\n|\n|t:|1699275157\n|switch|p1a: Ho-Oh|Ho-Oh|100\/100\n|move|p2a: Magearna|Heal Bell|p2a: Magearna\n|-activate|p2a: Magearna|move: Heal Bell\n|-curestatus|p2: Arceus|tox|[msg]\n|\n|upkeep\n|turn|8\n|\n|t:|1699275167\n|switch|p1a: Arceus|Arceus-Ground|100\/100\n|switch|p2a: Eternatus|Eternatus|100\/100\n|-damage|p2a: Eternatus|88\/100|[from] Stealth Rock\n|-ability|p2a: Eternatus|Pressure\n|\n|-heal|p2a: Eternatus|94\/100|[from] item: Leftovers\n|upkeep\n|turn|9\n|\n|t:|1699275173\n|switch|p2a: Arceus|Arceus-Dark|94\/100\n|-damage|p2a: Arceus|82\/100|[from] Stealth Rock\n|move|p1a: Arceus|Earthquake|p2a: Arceus\n|-damage|p2a: Arceus|43\/100\n|\n|upkeep\n|turn|10\n|\n|t:|1699275181\n|move|p2a: Arceus|Recover|p2a: Arceus\n|-heal|p2a: Arceus|93\/100\n|move|p1a: Arceus|Dragon Dance|p1a: Arceus\n|-boost|p1a: Arceus|atk|1\n|-boost|p1a: Arceus|spe|1\n|\n|upkeep\n|turn|11\n|\n|t:|1699275186\n|switch|p2a: Dondozo|Dondozo, M|100\/100\n|-damage|p2a: Dondozo|88\/100|[from] Stealth Rock\n|move|p1a: Arceus|Earthquake|p2a: Dondozo\n|-damage|p2a: Dondozo|59\/100\n|\n|-heal|p2a: Dondozo|66\/100|[from] item: Leftovers\n|upkeep\n|turn|12\n|\n|t:|1699275193\n|switch|p1a: Yveltal|Yveltal|100\/100\n|-ability|p1a: Yveltal|Dark Aura\n|move|p2a: Dondozo|Rest|p2a: Dondozo\n|-status|p2a: Dondozo|slp|[from] move: Rest\n|-heal|p2a: Dondozo|100\/100 slp|[silent]\n|\n|upkeep\n|turn|13\n|\n|t:|1699275199\n|move|p1a: Yveltal|Knock Off|p2a: Dondozo\n|-damage|p2a: Dondozo|77\/100 slp\n|-enditem|p2a: Dondozo|Leftovers|[from] move: Knock Off|[of] p1a: Yveltal\n|cant|p2a: Dondozo|slp\n|\n|upkeep\n|turn|14\n|\n|t:|1699275205\n|switch|p1a: Eternatus|Eternatus|100\/100\n|-ability|p1a: Eternatus|Pressure\n|cant|p2a: Dondozo|slp\n|\n|upkeep\n|turn|15\n|\n|t:|1699275217\n|switch|p2a: Magearna|Magearna|94\/100\n|-damage|p2a: Magearna|88\/100|[from] Stealth Rock\n|move|p1a: Eternatus|Fire Blast|p2a: Magearna\n|-supereffective|p2a: Magearna\n|-damage|p2a: Magearna|35\/100\n|\n|upkeep\n|turn|16\n|j| 1 em trach thu\n|\n|t:|1699275228\n|switch|p2a: Eternatus|Eternatus|94\/100\n|-damage|p2a: Eternatus|82\/100|[from] Stealth Rock\n|-ability|p2a: Eternatus|Pressure\n|move|p1a: Eternatus|Fire Blast|p2a: Eternatus|[miss]\n|-miss|p1a: Eternatus|p2a: Eternatus\n|\n|-heal|p2a: Eternatus|88\/100|[from] item: Leftovers\n|upkeep\n|turn|17\n|j| shamatetuanzhang\n|\n|t:|1699275240\n|move|p2a: Eternatus|Toxic Spikes|p1a: Eternatus\n|-sidestart|p1: priestmajor|move: Toxic Spikes\n|move|p1a: Eternatus|Dynamax Cannon|p2a: Eternatus\n|-supereffective|p2a: Eternatus\n|-damage|p2a: Eternatus|3\/100\n|\n|-heal|p2a: Eternatus|9\/100|[from] item: Leftovers\n|upkeep\n|turn|18\n|\n|t:|1699275247\n|move|p2a: Eternatus|Recover|p2a: Eternatus\n|-heal|p2a: Eternatus|59\/100\n|move|p1a: Eternatus|Sludge Bomb|p2a: Eternatus\n|-resisted|p2a: Eternatus\n|-damage|p2a: Eternatus|39\/100\n|\n|-heal|p2a: Eternatus|45\/100|[from] item: Leftovers\n|upkeep\n|turn|19\n|\n|t:|1699275254\n|switch|p2a: Arceus|Arceus-Dark|93\/100\n|-damage|p2a: Arceus|80\/100|[from] Stealth Rock\n|move|p1a: Eternatus|Dynamax Cannon|p2a: Arceus\n|-damage|p2a: Arceus|43\/100\n|\n|upkeep\n|turn|20\n|\n|t:|1699275261\n|move|p1a: Eternatus|Sludge Bomb|p2a: Arceus\n|-damage|p2a: Arceus|11\/100\n|-status|p2a: Arceus|psn\n|move|p2a: Arceus|Recover|p2a: Arceus\n|-heal|p2a: Arceus|61\/100 psn\n|\n|-damage|p2a: Arceus|49\/100 psn|[from] psn\n|upkeep\n|turn|21\n|\n|t:|1699275270\n|move|p1a: Eternatus|Dynamax Cannon|p2a: Arceus\n|-damage|p2a: Arceus|11\/100 psn\n|move|p2a: Arceus|Recover|p2a: Arceus\n|-heal|p2a: Arceus|61\/100 psn\n|\n|-damage|p2a: Arceus|48\/100 psn|[from] psn\n|upkeep\n|turn|22\n|\n|t:|1699275282\n|switch|p1a: Arceus|Arceus-Ground|100\/100\n|-status|p1a: Arceus|psn\n|switch|p2a: Magearna|Magearna|35\/100\n|-damage|p2a: Magearna|29\/100|[from] Stealth Rock\n|\n|-damage|p1a: Arceus|88\/100 psn|[from] psn\n|upkeep\n|turn|23\n|\n|t:|1699275288\n|switch|p2a: Dondozo|Dondozo, M|77\/100 slp\n|-damage|p2a: Dondozo|65\/100 slp|[from] Stealth Rock\n|move|p1a: Arceus|Earthquake|p2a: Dondozo\n|-damage|p2a: Dondozo|34\/100 slp\n|\n|-damage|p1a: Arceus|76\/100 psn|[from] psn\n|upkeep\n|turn|24\n|l| shamatetuanzhang\n|\n|t:|1699275300\n|switch|p1a: Eternatus|Eternatus|100\/100\n|-sideend|p1: priestmajor|move: Toxic Spikes|[of] p1a: Eternatus\n|-ability|p1a: Eternatus|Pressure\n|-curestatus|p2a: Dondozo|slp|[msg]\n|move|p2a: Dondozo|Rest|p2a: Dondozo\n|-status|p2a: Dondozo|slp|[from] move: Rest\n|-heal|p2a: Dondozo|100\/100 slp|[silent]\n|\n|upkeep\n|turn|25\n|\n|t:|1699275313\n|switch|p2a: Eternatus|Eternatus|45\/100\n|-damage|p2a: Eternatus|33\/100|[from] Stealth Rock\n|-ability|p2a: Eternatus|Pressure\n|move|p1a: Eternatus|Sludge Bomb|p2a: Eternatus\n|-resisted|p2a: Eternatus\n|-damage|p2a: Eternatus|15\/100\n|\n|-heal|p2a: Eternatus|21\/100|[from] item: Leftovers\n|upkeep\n|turn|26\n|\n|t:|1699275318\n|move|p1a: Eternatus|Dynamax Cannon|p2a: Eternatus\n|-supereffective|p2a: Eternatus\n|-damage|p2a: Eternatus|0 fnt\n|faint|p2a: Eternatus\n|\n|upkeep\n|\n|t:|1699275322\n|switch|p2a: Groudon|Groudon|100\/100\n|-damage|p2a: Groudon|94\/100|[from] Stealth Rock\n|detailschange|p2a: Groudon|Groudon-Primal\n|-primal|p2a: Groudon|Red Orb\n|-weather|DesolateLand|[from] ability: Desolate Land|[of] p2a: Groudon\n|turn|27\n|\n|t:|1699275328\n|switch|p1a: Zygarde|Zygarde|100\/100\n|move|p2a: Groudon|Stealth Rock|p1a: Zygarde\n|-sidestart|p1: priestmajor|move: Stealth Rock\n|\n|-weather|DesolateLand|[upkeep]\n|upkeep\n|turn|28\n|\n|t:|1699275333\n|-weather|none\n|switch|p2a: Dondozo|Dondozo, M|100\/100 slp\n|-damage|p2a: Dondozo|88\/100 slp|[from] Stealth Rock\n|move|p1a: Zygarde|Thousand Arrows|p2a: Dondozo\n|-damage|p2a: Dondozo|75\/100 slp\n|\n|upkeep\n|turn|29\n|\n|t:|1699275343\n|switch|p1a: Eternatus|Eternatus|100\/100\n|-damage|p1a: Eternatus|88\/100|[from] Stealth Rock\n|-ability|p1a: Eternatus|Pressure\n|switch|p2a: Groudon|Groudon-Primal|94\/100\n|-damage|p2a: Groudon|82\/100|[from] Stealth Rock\n|-weather|DesolateLand|[from] ability: Desolate Land|[of] p2a: Groudon\n|\n|-weather|DesolateLand|[upkeep]\n|upkeep\n|turn|30\n|\n|t:|1699275352\n|-terastallize|p1a: Eternatus|Flying\n|move|p1a: Eternatus|Sludge Bomb|p2a: Groudon\n|-resisted|p2a: Groudon\n|-damage|p2a: Groudon|51\/100\n|move|p2a: Groudon|Earth Power|p1a: Eternatus\n|-immune|p1a: Eternatus\n|\n|-weather|DesolateLand|[upkeep]\n|upkeep\n|turn|31\n|\n|t:|1699275367\n|move|p1a: Eternatus|Dynamax Cannon|p2a: Groudon\n|-damage|p2a: Groudon|0 fnt\n|faint|p2a: Groudon\n|-weather|none\n|\n|upkeep\n|\n|t:|1699275375\n|switch|p2a: Arceus|Arceus-Dark|48\/100 psn\n|-damage|p2a: Arceus|36\/100 psn|[from] Stealth Rock\n|turn|32\n|\n|t:|1699275379\n|move|p1a: Eternatus|Sludge Bomb|p2a: Arceus\n|-damage|p2a: Arceus|0 fnt\n|faint|p2a: Arceus\n|\n|upkeep\n|\n|t:|1699275389\n|switch|p2a: Ditto|Ditto, shiny|100\/100\n|-damage|p2a: Ditto|88\/100|[from] Stealth Rock\n|-transform|p2a: Ditto|p1a: Eternatus|[from] ability: Imposter\n|-ability|p2a: Ditto|Pressure\n|-start|p2a: Ditto|typechange|Poison\/Dragon|[silent]\n|turn|33\n|\n|t:|1699275396\n|switch|p1a: Ho-Oh|Ho-Oh|100\/100\n|-terastallize|p2a: Ditto|Ghost\n|move|p2a: Ditto|Dynamax Cannon|p1a: Ho-Oh\n|-damage|p1a: Ho-Oh|70\/100\n|\n|upkeep\n|turn|34\n|\n|t:|1699275399\n|switch|p2a: Dondozo|Dondozo, M|75\/100 slp\n|-damage|p2a: Dondozo|62\/100 slp|[from] Stealth Rock\n|move|p1a: Ho-Oh|Defog|p2a: Dondozo\n|-unboost|p2a: Dondozo|evasion|1\n|-sideend|p2: Obito 2001|Stealth Rock|[from] move: Defog|[of] p1a: Ho-Oh\n|-sideend|p1: priestmajor|Stealth Rock|[from] move: Defog|[of] p1a: Ho-Oh\n|\n|upkeep\n|turn|35\n|\n|t:|1699275407\n|switch|p1a: Eternatus|Eternatus, tera:Flying|88\/100\n|-ability|p1a: Eternatus|Pressure\n|cant|p2a: Dondozo|slp\n|\n|upkeep\n|turn|36\n|\n|t:|1699275415\n|switch|p2a: Magearna|Magearna|29\/100\n|move|p1a: Eternatus|Sludge Bomb|p2a: Magearna\n|-immune|p2a: Magearna\n|\n|upkeep\n|turn|37\n|\n|t:|1699275420\n|switch|p2a: Ditto|Ditto, shiny, tera:Ghost|88\/100\n|-transform|p2a: Ditto|p1a: Eternatus|[from] ability: Imposter\n|-ability|p2a: Ditto|Pressure\n|move|p1a: Eternatus|Fire Blast|p2a: Ditto|[miss]\n|-miss|p1a: Eternatus|p2a: Ditto\n|\n|upkeep\n|turn|38\n|\n|t:|1699275433\n|move|p2a: Ditto|Sludge Bomb|p1a: Eternatus\n|-damage|p1a: Eternatus|44\/100\n|move|p1a: Eternatus|Sludge Bomb|p2a: Ditto\n|-resisted|p2a: Ditto\n|-damage|p2a: Ditto|56\/100\n|\n|upkeep\n|turn|39\n|\n|t:|1699275440\n|switch|p1a: Arceus|Arceus-Ground|76\/100 psn\n|move|p2a: Ditto|Sludge Bomb|p1a: Arceus\n|-resisted|p1a: Arceus\n|-damage|p1a: Arceus|56\/100 psn\n|\n|-damage|p1a: Arceus|44\/100 psn|[from] psn\n|upkeep\n|turn|40\n|\n|t:|1699275443\n|switch|p2a: Dondozo|Dondozo, M|62\/100 slp\n|move|p1a: Arceus|Recover|p1a: Arceus\n|-heal|p1a: Arceus|94\/100 psn\n|\n|-damage|p1a: Arceus|81\/100 psn|[from] psn\n|upkeep\n|turn|41\n|\n|t:|1699275448\n|move|p1a: Arceus|Earthquake|p2a: Dondozo\n|-damage|p2a: Dondozo|31\/100 slp\n|cant|p2a: Dondozo|slp\n|\n|-damage|p1a: Arceus|69\/100 psn|[from] psn\n|upkeep\n|turn|42\n|\n|t:|1699275454\n|move|p1a: Arceus|Earthquake|p2a: Dondozo\n|-damage|p2a: Dondozo|3\/100 slp\n|-curestatus|p2a: Dondozo|slp|[msg]\n|move|p2a: Dondozo|Rest|p2a: Dondozo\n|-status|p2a: Dondozo|slp|[from] move: Rest\n|-heal|p2a: Dondozo|100\/100 slp|[silent]\n|\n|-damage|p1a: Arceus|57\/100 psn|[from] psn\n|upkeep\n|turn|43\n|\n|t:|1699275463\n|switch|p1a: Groudon|Groudon-Primal|100\/100\n|-weather|DesolateLand|[from] ability: Desolate Land|[of] p1a: Groudon\n|switch|p2a: Ditto|Ditto, shiny, tera:Ghost|56\/100\n|-transform|p2a: Ditto|p1a: Groudon|[from] ability: Imposter\n|\n|-weather|DesolateLand|[upkeep]\n|upkeep\n|turn|44\n|\n|t:|1699275471\n|move|p2a: Ditto|Earthquake|p1a: Groudon\n|-supereffective|p1a: Groudon\n|-damage|p1a: Groudon|37\/100\n|move|p1a: Groudon|Earthquake|p2a: Ditto\n|-damage|p2a: Ditto|11\/100\n|\n|-weather|DesolateLand|[upkeep]\n|upkeep\n|turn|45\n|\n|t:|1699275480\n|switch|p2a: Magearna|Magearna|29\/100\n|-weather|none\n|switch|p1a: Yveltal|Yveltal|100\/100\n|-ability|p1a: Yveltal|Dark Aura\n|\n|upkeep\n|turn|46\n|\n|t:|1699275486\n|switch|p1a: Groudon|Groudon-Primal|37\/100\n|-weather|DesolateLand|[from] ability: Desolate Land|[of] p1a: Groudon\n|-zpower|p2a: Magearna\n|move|p2a: Magearna|Z-Heal Bell|p2a: Magearna|[anim]Heal Bell\n|-heal|p2a: Magearna|100\/100|[zeffect]\n|-activate|p2a: Magearna|move: Heal Bell\n|-curestatus|p2: Dondozo|slp|[msg]\n|\n|-weather|DesolateLand|[upkeep]\n|upkeep\n|turn|47\n|\n|t:|1699275492\n|switch|p2a: Dondozo|Dondozo, M|100\/100\n|move|p1a: Groudon|Earthquake|p2a: Dondozo\n|-damage|p2a: Dondozo|74\/100\n|\n|-weather|DesolateLand|[upkeep]\n|upkeep\n|turn|48\n|\n|t:|1699275500\n|-weather|none\n|switch|p1a: Ho-Oh|Ho-Oh|100\/100\n|move|p2a: Dondozo|Curse|p2a: Dondozo\n|-unboost|p2a: Dondozo|spe|1\n|-boost|p2a: Dondozo|atk|1\n|-boost|p2a: Dondozo|def|1\n|\n|upkeep\n|turn|49\n|\n|t:|1699275505\n|move|p1a: Ho-Oh|Toxic|p2a: Dondozo\n|-status|p2a: Dondozo|tox\n|move|p2a: Dondozo|Liquidation|p1a: Ho-Oh\n|-supereffective|p1a: Ho-Oh\n|-damage|p1a: Ho-Oh|41\/100\n|\n|-damage|p2a: Dondozo|68\/100 tox|[from] psn\n|upkeep\n|turn|50\n|\n|t:|1699275515\n|switch|p1a: Groudon|Groudon-Primal|37\/100\n|-weather|DesolateLand|[from] ability: Desolate Land|[of] p1a: Groudon\n|move|p2a: Dondozo|Rest|p2a: Dondozo\n|-status|p2a: Dondozo|slp|[from] move: Rest\n|-heal|p2a: Dondozo|100\/100 slp|[silent]\n|\n|-weather|DesolateLand|[upkeep]\n|upkeep\n|turn|51\n|\n|t:|1699275521\n|-weather|none\n|switch|p1a: Ho-Oh|Ho-Oh|75\/100\n|cant|p2a: Dondozo|slp\n|\n|upkeep\n|turn|52\n|\n|t:|1699275524\n|cant|p2a: Dondozo|slp\n|move|p1a: Ho-Oh|Whirlwind|p2a: Dondozo\n|drag|p2a: Magearna|Magearna|100\/100\n|\n|upkeep\n|turn|53\n|\n|t:|1699275533\n|switch|p1a: Groudon|Groudon-Primal|37\/100\n|-weather|DesolateLand|[from] ability: Desolate Land|[of] p1a: Groudon\n|switch|p2a: Dondozo|Dondozo, M|100\/100 slp\n|\n|-weather|DesolateLand|[upkeep]\n|upkeep\n|turn|54\n|\n|t:|1699275548\n|move|p1a: Groudon|Earthquake|p2a: Dondozo\n|-damage|p2a: Dondozo|75\/100 slp\n|-curestatus|p2a: Dondozo|slp|[msg]\n|move|p2a: Dondozo|Curse|p2a: Dondozo\n|-unboost|p2a: Dondozo|spe|1\n|-boost|p2a: Dondozo|atk|1\n|-boost|p2a: Dondozo|def|1\n|\n|-weather|DesolateLand|[upkeep]\n|upkeep\n|turn|55\n|\n|t:|1699275561\n|move|p1a: Groudon|Stealth Rock|p2a: Dondozo\n|-sidestart|p2: Obito 2001|move: Stealth Rock\n|move|p2a: Dondozo|Body Press|p1a: Groudon\n|-damage|p1a: Groudon|11\/100\n|\n|-weather|DesolateLand|[upkeep]\n|upkeep\n|turn|56\n|\n|t:|1699275566\n|move|p1a: Groudon|Earthquake|p2a: Dondozo\n|-crit|p2a: Dondozo\n|-damage|p2a: Dondozo|35\/100\n|move|p2a: Dondozo|Body Press|p1a: Groudon\n|-damage|p1a: Groudon|0 fnt\n|faint|p1a: Groudon\n|-weather|none\n|\n|upkeep\n|\n|t:|1699275581\n|switch|p1a: Eternatus|Eternatus, tera:Flying|44\/100\n|-ability|p1a: Eternatus|Pressure\n|turn|57\n|\n|t:|1699275587\n|switch|p2a: Magearna|Magearna|100\/100\n|-damage|p2a: Magearna|94\/100|[from] Stealth Rock\n|move|p1a: Eternatus|Fire Blast|p2a: Magearna\n|-supereffective|p2a: Magearna\n|-damage|p2a: Magearna|47\/100\n|\n|upkeep\n|turn|58\n|\n|t:|1699275593\n|move|p1a: Eternatus|Dynamax Cannon|p2a: Magearna\n|-immune|p2a: Magearna\n|move|p2a: Magearna|Fleur Cannon|p1a: Eternatus\n|-damage|p1a: Eternatus|0 fnt\n|-unboost|p2a: Magearna|spa|2\n|faint|p1a: Eternatus\n|-ability|p2a: Magearna|Soul-Heart|boost\n|-boost|p2a: Magearna|spa|1\n|\n|upkeep\n|\n|t:|1699275597\n|switch|p1a: Yveltal|Yveltal|100\/100\n|-ability|p1a: Yveltal|Dark Aura\n|turn|59\n|\n|t:|1699275602\n|switch|p1a: Ho-Oh|Ho-Oh|100\/100\n|move|p2a: Magearna|Pain Split|p1a: Ho-Oh\n|-sethp|p1a: Ho-Oh|71\/100|[from] move: Pain Split|[silent]\n|-sethp|p2a: Magearna|81\/100|[from] move: Pain Split\n|\n|upkeep\n|turn|60\n|\n|t:|1699275611\n|switch|p2a: Ditto|Ditto, shiny, tera:Ghost|11\/100\n|-damage|p2a: Ditto|0 fnt|[from] Stealth Rock\n|faint|p2a: Ditto\n|move|p1a: Ho-Oh|Sacred Fire|p2: Ditto|[notarget]\n|-fail|p1a: Ho-Oh\n|\n|upkeep\n|\n|t:|1699275614\n|switch|p2a: Dondozo|Dondozo, M|35\/100\n|-damage|p2a: Dondozo|23\/100|[from] Stealth Rock\n|turn|61\n|\n|t:|1699275619\n|move|p1a: Ho-Oh|Sacred Fire|p2a: Dondozo\n|-resisted|p2a: Dondozo\n|-crit|p2a: Dondozo\n|-damage|p2a: Dondozo|9\/100\n|move|p2a: Dondozo|Rest|p2a: Dondozo\n|-status|p2a: Dondozo|slp|[from] move: Rest\n|-heal|p2a: Dondozo|100\/100 slp|[silent]\n|\n|upkeep\n|turn|62\n|\n|t:|1699275628\n|switch|p1a: Yveltal|Yveltal|100\/100\n|-ability|p1a: Yveltal|Dark Aura\n|cant|p2a: Dondozo|slp\n|\n|upkeep\n|turn|63\n|\n|t:|1699275638\n|switch|p2a: Magearna|Magearna|81\/100\n|-damage|p2a: Magearna|75\/100|[from] Stealth Rock\n|move|p1a: Yveltal|Knock Off|p2a: Magearna\n|-resisted|p2a: Magearna\n|-crit|p2a: Magearna\n|-damage|p2a: Magearna|52\/100\n|\n|upkeep\n|turn|64\n|\n|t:|1699275645\n|switch|p1a: Ho-Oh|Ho-Oh|100\/100\n|move|p2a: Magearna|Pain Split|p1a: Ho-Oh\n|-sethp|p1a: Ho-Oh|73\/100|[from] move: Pain Split|[silent]\n|-sethp|p2a: Magearna|83\/100|[from] move: Pain Split\n|\n|upkeep\n|turn|65\n|\n|t:|1699275655\n|switch|p2a: Dondozo|Dondozo, M|100\/100 slp\n|-damage|p2a: Dondozo|88\/100 slp|[from] Stealth Rock\n|move|p1a: Ho-Oh|Whirlwind|p2a: Dondozo\n|drag|p2a: Magearna|Magearna|83\/100\n|-damage|p2a: Magearna|77\/100|[from] Stealth Rock\n|\n|upkeep\n|turn|66\n|\n|t:|1699275662\n|switch|p2a: Dondozo|Dondozo, M|88\/100 slp\n|-damage|p2a: Dondozo|75\/100 slp|[from] Stealth Rock\n|move|p1a: Ho-Oh|Whirlwind|p2a: Dondozo\n|drag|p2a: Magearna|Magearna|77\/100\n|-damage|p2a: Magearna|71\/100|[from] Stealth Rock\n|\n|upkeep\n|turn|67\n|\n|t:|1699275666\n|move|p2a: Magearna|Heal Bell|p2a: Magearna\n|-activate|p2a: Magearna|move: Heal Bell\n|-curestatus|p2: Dondozo|slp|[msg]\n|move|p1a: Ho-Oh|Whirlwind|p2a: Magearna\n|drag|p2a: Dondozo|Dondozo, M|75\/100\n|-damage|p2a: Dondozo|63\/100|[from] Stealth Rock\n|\n|upkeep\n|turn|68\n|\n|t:|1699275670\n|move|p1a: Ho-Oh|Toxic|p2a: Dondozo\n|-status|p2a: Dondozo|tox\n|move|p2a: Dondozo|Liquidation|p1a: Ho-Oh\n|-supereffective|p1a: Ho-Oh\n|-damage|p1a: Ho-Oh|37\/100\n|\n|-damage|p2a: Dondozo|57\/100 tox|[from] psn\n|upkeep\n|turn|69\n|\n|t:|1699275675\n|move|p2a: Dondozo|Rest|p2a: Dondozo\n|-status|p2a: Dondozo|slp|[from] move: Rest\n|-heal|p2a: Dondozo|100\/100 slp|[silent]\n|move|p1a: Ho-Oh|Whirlwind|p2a: Dondozo\n|drag|p2a: Magearna|Magearna|71\/100\n|-damage|p2a: Magearna|65\/100|[from] Stealth Rock\n|\n|upkeep\n|turn|70\n|\n|t:|1699275679\n|switch|p1a: Arceus|Arceus-Ground|57\/100 psn\n|switch|p2a: Dondozo|Dondozo, M|100\/100 slp\n|-damage|p2a: Dondozo|88\/100 slp|[from] Stealth Rock\n|\n|-damage|p1a: Arceus|44\/100 psn|[from] psn\n|upkeep\n|turn|71\n|\n|t:|1699275682\n|move|p1a: Arceus|Recover|p1a: Arceus\n|-heal|p1a: Arceus|94\/100 psn\n|cant|p2a: Dondozo|slp\n|\n|-damage|p1a: Arceus|82\/100 psn|[from] psn\n|upkeep\n|turn|72\n|\n|t:|1699275693\n|move|p1a: Arceus|Earthquake|p2a: Dondozo\n|-damage|p2a: Dondozo|58\/100 slp\n|cant|p2a: Dondozo|slp\n|\n|-damage|p1a: Arceus|70\/100 psn|[from] psn\n|upkeep\n|turn|73\n|\n|t:|1699275703\n|switch|p1a: Zygarde|Zygarde|100\/100\n|-curestatus|p2a: Dondozo|slp|[msg]\n|move|p2a: Dondozo|Curse|p2a: Dondozo\n|-unboost|p2a: Dondozo|spe|1\n|-boost|p2a: Dondozo|atk|1\n|-boost|p2a: Dondozo|def|1\n|\n|upkeep\n|turn|74\n|\n|t:|1699275714\n|move|p1a: Zygarde|Coil|p1a: Zygarde\n|-boost|p1a: Zygarde|atk|1\n|-boost|p1a: Zygarde|def|1\n|-boost|p1a: Zygarde|accuracy|1\n|move|p2a: Dondozo|Curse|p2a: Dondozo\n|-unboost|p2a: Dondozo|spe|1\n|-boost|p2a: Dondozo|atk|1\n|-boost|p2a: Dondozo|def|1\n|\n|upkeep\n|turn|75\n|\n|t:|1699275718\n|move|p1a: Zygarde|Coil|p1a: Zygarde\n|-boost|p1a: Zygarde|atk|1\n|-boost|p1a: Zygarde|def|1\n|-boost|p1a: Zygarde|accuracy|1\n|move|p2a: Dondozo|Curse|p2a: Dondozo\n|-unboost|p2a: Dondozo|spe|1\n|-boost|p2a: Dondozo|atk|1\n|-boost|p2a: Dondozo|def|1\n|\n|upkeep\n|turn|76\n|\n|t:|1699275720\n|move|p1a: Zygarde|Coil|p1a: Zygarde\n|-boost|p1a: Zygarde|atk|1\n|-boost|p1a: Zygarde|def|1\n|-boost|p1a: Zygarde|accuracy|1\n|move|p2a: Dondozo|Curse|p2a: Dondozo\n|-unboost|p2a: Dondozo|spe|1\n|-boost|p2a: Dondozo|atk|1\n|-boost|p2a: Dondozo|def|1\n|\n|upkeep\n|turn|77\n|\n|t:|1699275723\n|move|p1a: Zygarde|Coil|p1a: Zygarde\n|-boost|p1a: Zygarde|atk|1\n|-boost|p1a: Zygarde|def|1\n|-boost|p1a: Zygarde|accuracy|1\n|move|p2a: Dondozo|Curse|p2a: Dondozo\n|-unboost|p2a: Dondozo|spe|1\n|-boost|p2a: Dondozo|atk|1\n|-boost|p2a: Dondozo|def|1\n|\n|upkeep\n|turn|78\n|\n|t:|1699275726\n|move|p1a: Zygarde|Coil|p1a: Zygarde\n|-boost|p1a: Zygarde|atk|1\n|-boost|p1a: Zygarde|def|1\n|-boost|p1a: Zygarde|accuracy|1\n|move|p2a: Dondozo|Curse|p2a: Dondozo\n|-unboost|p2a: Dondozo|spe|1\n|-boost|p2a: Dondozo|atk|1\n|-boost|p2a: Dondozo|def|1\n|\n|upkeep\n|turn|79\n|\n|t:|1699275729\n|move|p1a: Zygarde|Coil|p1a: Zygarde\n|-boost|p1a: Zygarde|atk|1\n|-boost|p1a: Zygarde|def|1\n|-boost|p1a: Zygarde|accuracy|1\n|move|p2a: Dondozo|Body Press|p1a: Zygarde\n|-damage|p1a: Zygarde|40\/100\n|\n|-heal|p1a: Zygarde|47\/100|[from] item: Leftovers\n|-activate|p1a: Zygarde|ability: Power Construct\n|detailschange|p1a: Zygarde|Zygarde-Complete\n|-heal|p1a: Zygarde|65\/100|[silent]\n|upkeep\n|turn|80\n|\n|t:|1699275739\n|move|p1a: Zygarde|Glare|p2a: Dondozo\n|-status|p2a: Dondozo|par\n|move|p2a: Dondozo|Body Press|p1a: Zygarde\n|-damage|p1a: Zygarde|26\/100\n|\n|-heal|p1a: Zygarde|33\/100|[from] item: Leftovers\n|upkeep\n|turn|81\n|\n|t:|1699275747\n|move|p1a: Zygarde|Rest|p1a: Zygarde\n|-status|p1a: Zygarde|slp|[from] move: Rest\n|-heal|p1a: Zygarde|100\/100 slp|[silent]\n|move|p2a: Dondozo|Body Press|p1a: Zygarde\n|-damage|p1a: Zygarde|60\/100 slp\n|\n|-heal|p1a: Zygarde|66\/100 slp|[from] item: Leftovers\n|upkeep\n|turn|82\n|\n|t:|1699275755\n|cant|p1a: Zygarde|slp\n|move|p2a: Dondozo|Liquidation|p1a: Zygarde\n|-damage|p1a: Zygarde|27\/100 slp\n|\n|-heal|p1a: Zygarde|33\/100 slp|[from] item: Leftovers\n|upkeep\n|turn|83\n|\n|t:|1699275763\n|switch|p1a: Ho-Oh|Ho-Oh|70\/100\n|move|p2a: Dondozo|Liquidation|p1a: Ho-Oh\n|-supereffective|p1a: Ho-Oh\n|-damage|p1a: Ho-Oh|0 fnt\n|faint|p1a: Ho-Oh\n|\n|upkeep\n|-message|priestmajor forfeited.\n|\n|win|Obito 2001\n|raw|priestmajor's rating: 1669 &rarr; <strong>1661<\/strong><br \/>(-8 for losing)\n|raw|Obito 2001's rating: 1900 &rarr; <strong>1908<\/strong><br \/>(+8 for winning)\n|l|\u2606priestmajor\n","uploadtime":1699275778,"views":7,"p1id":"priestmajor","p2id":"obito2001","formatid":"gen9nationaldexubers","rating":1661,"private":0,"password":""}