{"id":"gen9nationaldexubers-1985956824","p1":"techninja850","p2":"SHAGGY537","format":"[Gen 9] National Dex Ubers","log":"|j|\u2606techninja850\n|j|\u2606SHAGGY537\n|t:|1699429478\n|gametype|singles\n|player|p1|techninja850|169|1104\n|player|p2|SHAGGY537|101|1216\n|teamsize|p1|6\n|teamsize|p2|6\n|gen|9\n|tier|[Gen 9] National Dex Ubers\n|rated|\n|rule|HP Percentage Mod: HP is shown in percentages\n|rule|Endless Battle Clause: Forcing endless battles is banned\n|rule|OHKO Clause: OHKO moves are banned\n|rule|Evasion Moves Clause: Evasion moves are banned\n|rule|Evasion Items Clause: Evasion items are banned\n|rule|Species Clause: Limit one of each Pok\u00e9mon\n|rule|Sleep Clause Mod: Limit one foe put to sleep\n|rule|Mega Rayquaza Clause: You cannot mega evolve Rayquaza\n|clearpoke\n|poke|p1|Oshawott, M|\n|poke|p1|Greninja-*, M|\n|poke|p1|Regieleki|\n|poke|p1|Grimmsnarl, M|\n|poke|p1|Gengar, F|\n|poke|p1|Kingambit, M|\n|poke|p2|Regieleki|\n|poke|p2|Landorus, M|\n|poke|p2|Greninja-*, M|\n|poke|p2|Kingambit, F|\n|poke|p2|Metagross|\n|poke|p2|Arceus|\n|teampreview\n|\n|t:|1699429486\n|start\n|switch|p1a: MasterBaiter|Gengar, F|100\/100\n|switch|p2a: Metagross|Metagross|100\/100\n|turn|1\n|\n|t:|1699429499\n|switch|p2a: Arceus|Arceus|100\/100\n|move|p1a: MasterBaiter|Shadow Ball|p2a: Arceus\n|-immune|p2a: Arceus\n|\n|upkeep\n|turn|2\n|\n|t:|1699429511\n|switch|p1a: Mr.Beast|Grimmsnarl, M, shiny|100\/100\n|move|p2a: Arceus|Poison Jab|p1a: Mr.Beast\n|-supereffective|p1a: Mr.Beast\n|-damage|p1a: Mr.Beast|4\/100\n|-damage|p2a: Arceus|91\/100|[from] item: Life Orb\n|\n|-heal|p1a: Mr.Beast|10\/100|[from] item: Leftovers\n|upkeep\n|turn|3\n|inactive|Battle timer is ON: inactive players will automatically lose when time's up. (requested by techninja850)\n|\n|t:|1699429520\n|move|p1a: Mr.Beast|Parting Shot|p2a: Arceus\n|-unboost|p2a: Arceus|atk|1\n|-unboost|p2a: Arceus|spa|1\n|\n|t:|1699429524\n|switch|p1a: Elon Musk|Regieleki|100\/100|[from] Parting Shot\n|move|p2a: Arceus|Poison Jab|p1a: Elon Musk\n|-damage|p1a: Elon Musk|41\/100\n|-status|p1a: Elon Musk|psn\n|-damage|p2a: Arceus|81\/100|[from] item: Life Orb\n|\n|-heal|p1a: Elon Musk|47\/100 psn|[from] item: Leftovers\n|-damage|p1a: Elon Musk|35\/100 psn|[from] psn\n|upkeep\n|turn|4\n|\n|t:|1699429536\n|switch|p2a: Landorus|Landorus, M|100\/100\n|move|p1a: Elon Musk|Electro Ball|p2a: Landorus\n|-immune|p2a: Landorus\n|\n|-heal|p1a: Elon Musk|41\/100 psn|[from] item: Leftovers\n|-damage|p1a: Elon Musk|28\/100 psn|[from] psn\n|upkeep\n|turn|5\n|\n|t:|1699429551\n|switch|p1a: Mr.Beast|Grimmsnarl, M, shiny|10\/100\n|move|p2a: Landorus|Sludge Bomb|p1a: Mr.Beast\n|-supereffective|p1a: Mr.Beast\n|-damage|p1a: Mr.Beast|0 fnt\n|faint|p1a: Mr.Beast\n|\n|upkeep\n|\n|t:|1699429559\n|switch|p1a: Dattebayo|Greninja, M, shiny|100\/100\n|turn|6\n|\n|t:|1699429575\n|switch|p2a: Greninja|Greninja, M|100\/100\n|move|p1a: Dattebayo|Ice Beam|p2a: Greninja\n|-start|p1a: Dattebayo|typechange|Ice|[from] ability: Protean\n|-resisted|p2a: Greninja\n|-damage|p2a: Greninja|76\/100\n|\n|upkeep\n|turn|7\n|\n|t:|1699429595\n|move|p2a: Greninja|Hydro Pump|p1a: Dattebayo|[miss]\n|-miss|p2a: Greninja|p1a: Dattebayo\n|move|p1a: Dattebayo|Dig||[still]\n|-prepare|p1a: Dattebayo|Dig\n|\n|upkeep\n|turn|8\n|\n|t:|1699429601\n|switch|p2a: Landorus|Landorus, M|100\/100\n|move|p1a: Dattebayo|Dig|p2a: Landorus|[from]lockedmove\n|-immune|p2a: Landorus\n|\n|upkeep\n|turn|9\n|\n|t:|1699429615\n|switch|p2a: Greninja|Greninja, M|76\/100\n|move|p1a: Dattebayo|Ice Beam|p2a: Greninja\n|-resisted|p2a: Greninja\n|-damage|p2a: Greninja|51\/100\n|\n|upkeep\n|turn|10\n|\n|t:|1699429624\n|move|p2a: Greninja|Hydro Pump|p1a: Dattebayo|[miss]\n|-miss|p2a: Greninja|p1a: Dattebayo\n|move|p1a: Dattebayo|Dig||[still]\n|-prepare|p1a: Dattebayo|Dig\n|\n|upkeep\n|turn|11\n|\n|t:|1699429630\n|switch|p2a: Landorus|Landorus, M|100\/100\n|move|p1a: Dattebayo|Dig|p2a: Landorus|[from]lockedmove\n|-immune|p2a: Landorus\n|\n|upkeep\n|turn|12\n|\n|t:|1699429642\n|switch|p2a: Greninja|Greninja, M|51\/100\n|move|p1a: Dattebayo|Dig||[still]\n|-prepare|p1a: Dattebayo|Dig\n|\n|upkeep\n|turn|13\n|\n|t:|1699429650\n|switch|p2a: Landorus|Landorus, M|100\/100\n|move|p1a: Dattebayo|Dig|p2a: Landorus|[from]lockedmove\n|-immune|p2a: Landorus\n|\n|upkeep\n|turn|14\n|\n|t:|1699429658\n|move|p1a: Dattebayo|Ice Beam|p2a: Landorus\n|-supereffective|p2a: Landorus\n|-damage|p2a: Landorus|0 fnt\n|faint|p2a: Landorus\n|\n|upkeep\n|\n|t:|1699429668\n|switch|p2a: Regieleki|Regieleki|100\/100\n|turn|15\n|\n|t:|1699429674\n|move|p2a: Regieleki|Thunderbolt|p1a: Dattebayo\n|-crit|p1a: Dattebayo\n|-damage|p1a: Dattebayo|0 fnt\n|faint|p1a: Dattebayo\n|\n|upkeep\n|\n|t:|1699429684\n|switch|p1a: MasterBaiter|Gengar, F|100\/100\n|turn|16\n|\n|t:|1699429689\n|move|p2a: Regieleki|Thunderbolt|p1a: MasterBaiter\n|-damage|p1a: MasterBaiter|2\/100\n|move|p1a: MasterBaiter|Shadow Ball|p2a: Regieleki\n|-damage|p2a: Regieleki|15\/100\n|\n|upkeep\n|turn|17\n|\n|t:|1699429697\n|move|p2a: Regieleki|Volt Switch|p1a: MasterBaiter\n|-damage|p1a: MasterBaiter|0 fnt\n|faint|p1a: MasterBaiter\n|\n|t:|1699429707\n|switch|p2a: Arceus|Arceus|81\/100|[from] Volt Switch\n|\n|upkeep\n|\n|t:|1699429723\n|switch|p1a: Oshiwashi :3|Oshawott, M|100\/100\n|turn|18\n|\n|t:|1699429728\n|move|p2a: Arceus|Dragon Dance|p2a: Arceus\n|-boost|p2a: Arceus|atk|1\n|-boost|p2a: Arceus|spe|1\n|move|p1a: Oshiwashi :3|Avalanche|p2a: Arceus\n|-damage|p2a: Arceus|70\/100\n|\n|upkeep\n|turn|19\n|\n|t:|1699429736\n|move|p2a: Arceus|Extreme Speed|p1a: Oshiwashi :3\n|-enditem|p1a: Oshiwashi :3|Focus Sash\n|-damage|p1a: Oshiwashi :3|1\/100\n|-damage|p2a: Arceus|60\/100|[from] item: Life Orb\n|move|p1a: Oshiwashi :3|Icy Wind|p2a: Arceus\n|-damage|p2a: Arceus|50\/100\n|-unboost|p2a: Arceus|spe|1\n|\n|upkeep\n|turn|20\n|\n|t:|1699429746\n|move|p2a: Arceus|Extreme Speed|p1a: Oshiwashi :3\n|-damage|p1a: Oshiwashi :3|0 fnt\n|faint|p1a: Oshiwashi :3\n|-damage|p2a: Arceus|40\/100|[from] item: Life Orb\n|\n|upkeep\n|\n|t:|1699429753\n|switch|p1a: Elon Musk|Regieleki|28\/100 psn\n|turn|21\n|\n|t:|1699429756\n|move|p1a: Elon Musk|Extreme Speed|p2a: Arceus\n|-damage|p2a: Arceus|24\/100\n|move|p2a: Arceus|Extreme Speed|p1a: Elon Musk\n|-damage|p1a: Elon Musk|0 fnt\n|faint|p1a: Elon Musk\n|-damage|p2a: Arceus|14\/100|[from] item: Life Orb\n|\n|upkeep\n|\n|t:|1699429762\n|switch|p1a: Iguodala|Kingambit, M|100\/100\n|-activate|p1a: Iguodala|ability: Supreme Overlord\n|-start|p1a: Iguodala|fallen5|[silent]\n|-item|p1a: Iguodala|Air Balloon\n|turn|22\n|\n|t:|1699429772\n|move|p2a: Arceus|Seismic Toss|p1a: Iguodala\n|-damage|p1a: Iguodala|76\/100\n|-enditem|p1a: Iguodala|Air Balloon\n|-damage|p2a: Arceus|4\/100|[from] item: Life Orb\n|move|p1a: Iguodala|Swords Dance|p1a: Iguodala\n|-boost|p1a: Iguodala|atk|2\n|\n|upkeep\n|turn|23\n|\n|t:|1699429783\n|move|p2a: Arceus|Poison Jab|p1a: Iguodala\n|-immune|p1a: Iguodala\n|move|p1a: Iguodala|Swords Dance|p1a: Iguodala\n|-boost|p1a: Iguodala|atk|2\n|\n|upkeep\n|turn|24\n|\n|t:|1699429792\n|move|p2a: Arceus|Dragon Dance|p2a: Arceus\n|-boost|p2a: Arceus|atk|1\n|-boost|p2a: Arceus|spe|1\n|move|p1a: Iguodala|Swords Dance|p1a: Iguodala\n|-boost|p1a: Iguodala|atk|2\n|\n|upkeep\n|turn|25\n|\n|t:|1699429799\n|move|p1a: Iguodala|Sucker Punch||[still]\n|-fail|p1a: Iguodala\n|move|p2a: Arceus|Dragon Dance|p2a: Arceus\n|-boost|p2a: Arceus|atk|1\n|-boost|p2a: Arceus|spe|1\n|\n|upkeep\n|turn|26\n|\n|t:|1699429805\n|move|p1a: Iguodala|Sucker Punch||[still]\n|-fail|p1a: Iguodala\n|move|p2a: Arceus|Dragon Dance|p2a: Arceus\n|-boost|p2a: Arceus|atk|1\n|-boost|p2a: Arceus|spe|1\n|\n|upkeep\n|turn|27\n|\n|t:|1699429813\n|move|p2a: Arceus|Seismic Toss|p1a: Iguodala\n|-damage|p1a: Iguodala|51\/100\n|-damage|p2a: Arceus|0 fnt|[from] item: Life Orb\n|faint|p2a: Arceus\n|move|p1a: Iguodala|Kowtow Cleave|p2: Arceus|[notarget]\n|-fail|p1a: Iguodala\n|\n|upkeep\n|\n|t:|1699429834\n|switch|p2a: Metagross|Metagross|100\/100\n|turn|28\n|\n|t:|1699429837\n|move|p1a: Iguodala|Sucker Punch||[still]\n|-fail|p1a: Iguodala\n|move|p2a: Metagross|Iron Defense|p2a: Metagross\n|-boost|p2a: Metagross|def|2\n|\n|upkeep\n|turn|29\n|\n|t:|1699429842\n|move|p1a: Iguodala|Sucker Punch||[still]\n|-fail|p1a: Iguodala\n|move|p2a: Metagross|Iron Defense|p2a: Metagross\n|-boost|p2a: Metagross|def|2\n|\n|upkeep\n|turn|30\n|\n|t:|1699429849\n|move|p1a: Iguodala|Sucker Punch|p2a: Metagross\n|-supereffective|p2a: Metagross\n|-damage|p2a: Metagross|0 fnt\n|faint|p2a: Metagross\n|\n|upkeep\n|\n|t:|1699429855\n|switch|p2a: Kingambit|Kingambit, F|100\/100\n|-activate|p2a: Kingambit|ability: Supreme Overlord\n|-start|p2a: Kingambit|fallen3|[silent]\n|-item|p2a: Kingambit|Air Balloon\n|turn|31\n|\n|t:|1699429863\n|move|p2a: Kingambit|Swords Dance|p2a: Kingambit\n|-boost|p2a: Kingambit|atk|2\n|move|p1a: Iguodala|Kowtow Cleave|p2a: Kingambit\n|-resisted|p2a: Kingambit\n|-damage|p2a: Kingambit|0 fnt\n|-enditem|p2a: Kingambit|Air Balloon\n|faint|p2a: Kingambit\n|-end|p2a: Kingambit|fallen3|[silent]\n|\n|upkeep\n|\n|t:|1699429875\n|switch|p2a: Greninja|Greninja, M|51\/100\n|turn|32\n|\n|t:|1699429880\n|move|p1a: Iguodala|Sucker Punch|p2a: Greninja\n|-resisted|p2a: Greninja\n|-damage|p2a: Greninja|0 fnt\n|faint|p2a: Greninja\n|\n|upkeep\n|\n|t:|1699429884\n|switch|p2a: Regieleki|Regieleki|15\/100\n|turn|33\n|\n|t:|1699429888\n|move|p1a: Iguodala|Sucker Punch|p2a: Regieleki\n|-damage|p2a: Regieleki|0 fnt\n|faint|p2a: Regieleki\n|\n|win|techninja850\n|raw|techninja850's rating: 1104 &rarr; <strong>1137<\/strong><br \/>(+33 for winning)\n|raw|SHAGGY537's rating: 1216 &rarr; <strong>1183<\/strong><br \/>(-33 for losing)\n|l|\u2606SHAGGY537\n|c|\u2606techninja850|lol\n","uploadtime":1699429909,"views":6,"p1id":"techninja850","p2id":"shaggy537","formatid":"gen9nationaldexubers","rating":1137,"private":0,"password":""}