{"id":"gen9nationaldexubers-1993646813","p1":"jymonde","p2":"Perucho blue","format":"[Gen 9] National Dex Ubers","log":"|j|\u2606jymonde\n|j|\u2606Perucho blue\n|t:|1700341180\n|gametype|singles\n|player|p1|jymonde|hilbert|1118\n|player|p2|Perucho blue|saturn|1125\n|teamsize|p1|6\n|teamsize|p2|6\n|gen|9\n|tier|[Gen 9] National Dex Ubers\n|rated|\n|rule|HP Percentage Mod: HP is shown in percentages\n|rule|Endless Battle Clause: Forcing endless battles is banned\n|rule|OHKO Clause: OHKO moves are banned\n|rule|Evasion Moves Clause: Evasion moves are banned\n|rule|Evasion Items Clause: Evasion items are banned\n|rule|Species Clause: Limit one of each Pok\u00e9mon\n|rule|Sleep Clause Mod: Limit one foe put to sleep\n|rule|Mega Rayquaza Clause: You cannot mega evolve Rayquaza\n|clearpoke\n|poke|p1|Salazzle, F|\n|poke|p1|Sceptile, M|\n|poke|p1|Krookodile, M|\n|poke|p1|Inteleon, F|\n|poke|p1|Heliolisk, M|\n|poke|p1|Baxcalibur, F|\n|poke|p2|Dragonite, F|\n|poke|p2|Maushold-Four|\n|poke|p2|Celesteela|\n|poke|p2|Baxcalibur, F|\n|poke|p2|Urshifu-*, M|\n|poke|p2|Volcarona, F|\n|teampreview\n|inactive|Battle timer is ON: inactive players will automatically lose when time's up. (requested by jymonde)\n|\n|t:|1700341215\n|start\n|switch|p1a: Baxcalibur|Baxcalibur, F|100\/100\n|switch|p2a: Urshifu|Urshifu-Rapid-Strike, M|100\/100\n|turn|1\n|\n|t:|1700341225\n|-terastallize|p1a: Baxcalibur|Dragon\n|move|p2a: Urshifu|Surging Strikes|p1a: Baxcalibur\n|-resisted|p1a: Baxcalibur\n|-crit|p1a: Baxcalibur\n|-damage|p1a: Baxcalibur|92\/100\n|-resisted|p1a: Baxcalibur\n|-crit|p1a: Baxcalibur\n|-damage|p1a: Baxcalibur|83\/100\n|-resisted|p1a: Baxcalibur\n|-crit|p1a: Baxcalibur\n|-damage|p1a: Baxcalibur|75\/100\n|-hitcount|p1a: Baxcalibur|3\n|move|p1a: Baxcalibur|Glaive Rush|p2a: Urshifu\n|-damage|p2a: Urshifu|10\/100\n|-singlemove|p1a: Baxcalibur|Glaive Rush|[silent]\n|\n|upkeep\n|turn|2\n|\n|t:|1700341244\n|move|p1a: Baxcalibur|Ice Shard|p2a: Urshifu\n|-resisted|p2a: Urshifu\n|-damage|p2a: Urshifu|0 fnt\n|faint|p2a: Urshifu\n|\n|upkeep\n|\n|t:|1700341254\n|switch|p2a: Dragonite|Dragonite, F|100\/100\n|turn|3\n|inactive|Perucho blue has 120 seconds left.\n|\n|t:|1700341303\n|move|p2a: Dragonite|Extreme Speed|p1a: Baxcalibur\n|-damage|p1a: Baxcalibur|44\/100\n|move|p1a: Baxcalibur|Icicle Crash|p2a: Dragonite|[miss]\n|-miss|p1a: Baxcalibur|p2a: Dragonite\n|\n|upkeep\n|turn|4\n|\n|t:|1700341313\n|move|p1a: Baxcalibur|Ice Shard|p2a: Dragonite\n|-supereffective|p2a: Dragonite\n|-damage|p2a: Dragonite|46\/100\n|move|p2a: Dragonite|Ice Spinner|p1a: Baxcalibur\n|-supereffective|p1a: Baxcalibur\n|-damage|p1a: Baxcalibur|0 fnt\n|faint|p1a: Baxcalibur\n|\n|upkeep\n|\n|t:|1700341328\n|switch|p1a: Sceptile|Sceptile, M|100\/100\n|turn|5\n|inactive|Perucho blue has 90 seconds left.\n|\n|t:|1700341361\n|detailschange|p1a: Sceptile|Sceptile-Mega, M\n|-mega|p1a: Sceptile|Sceptile|Sceptilite\n|move|p2a: Dragonite|Extreme Speed|p1a: Sceptile\n|-damage|p1a: Sceptile|36\/100\n|move|p1a: Sceptile|Dragon Pulse|p2a: Dragonite\n|-supereffective|p2a: Dragonite\n|-damage|p2a: Dragonite|0 fnt\n|faint|p2a: Dragonite\n|\n|upkeep\n|inactive|Perucho blue has 90 seconds left.\n|\n|t:|1700341377\n|switch|p2a: Maushold|Maushold-Four|100\/100\n|turn|6\n|\n|t:|1700341385\n|move|p1a: Sceptile|Focus Blast|p2a: Maushold\n|-supereffective|p2a: Maushold\n|-damage|p2a: Maushold|0 fnt\n|faint|p2a: Maushold\n|\n|upkeep\n|\n|t:|1700341392\n|switch|p2a: Baxcalibur|Baxcalibur, F|100\/100\n|turn|7\n|inactive|Perucho blue has 90 seconds left.\n|\n|t:|1700341406\n|-terastallize|p2a: Baxcalibur|Steel\n|move|p1a: Sceptile|Focus Blast|p2a: Baxcalibur|[miss]\n|-miss|p1a: Sceptile|p2a: Baxcalibur\n|move|p2a: Baxcalibur|Dragon Dance|p2a: Baxcalibur\n|-boost|p2a: Baxcalibur|atk|1\n|-boost|p2a: Baxcalibur|spe|1\n|\n|upkeep\n|turn|8\n|inactive|Perucho blue has 90 seconds left.\n|\n|t:|1700341416\n|move|p1a: Sceptile|Focus Blast|p2a: Baxcalibur\n|-supereffective|p2a: Baxcalibur\n|-damage|p2a: Baxcalibur|10\/100\n|-unboost|p2a: Baxcalibur|spd|1\n|move|p2a: Baxcalibur|Icicle Spear|p1a: Sceptile\n|-supereffective|p1a: Sceptile\n|-damage|p1a: Sceptile|0 fnt\n|faint|p1a: Sceptile\n|-hitcount|p1: Sceptile|1\n|\n|upkeep\n|\n|t:|1700341429\n|switch|p1a: Inteleon|Inteleon, F|100\/100\n|turn|9\n|\n|t:|1700341435\n|move|p2a: Baxcalibur|Icicle Spear|p1a: Inteleon\n|-resisted|p1a: Inteleon\n|-damage|p1a: Inteleon|77\/100\n|-resisted|p1a: Inteleon\n|-damage|p1a: Inteleon|54\/100\n|-resisted|p1a: Inteleon\n|-damage|p1a: Inteleon|29\/100\n|-resisted|p1a: Inteleon\n|-damage|p1a: Inteleon|5\/100\n|-hitcount|p1a: Inteleon|4\n|move|p1a: Inteleon|Snipe Shot|p2a: Baxcalibur\n|-crit|p2a: Baxcalibur\n|-damage|p2a: Baxcalibur|0 fnt\n|faint|p2a: Baxcalibur\n|\n|upkeep\n|inactive|Perucho blue has 90 seconds left.\n|\n|t:|1700341450\n|switch|p2a: Celesteela|Celesteela|100\/100\n|turn|10\n|\n|t:|1700341457\n|move|p1a: Inteleon|Snipe Shot|p2a: Celesteela\n|-damage|p2a: Celesteela|61\/100\n|move|p2a: Celesteela|Flamethrower|p1a: Inteleon\n|-resisted|p1a: Inteleon\n|-damage|p1a: Inteleon|0 fnt\n|faint|p1a: Inteleon\n|-ability|p2a: Celesteela|Beast Boost|boost\n|-boost|p2a: Celesteela|def|1\n|\n|-heal|p2a: Celesteela|67\/100|[from] item: Leftovers\n|upkeep\n|\n|t:|1700341469\n|switch|p1a: Salazzle|Salazzle, F, shiny|100\/100\n|turn|11\n|\n|t:|1700341476\n|-zpower|p1a: Salazzle\n|move|p1a: Salazzle|Inferno Overdrive|p2a: Celesteela|[zeffect]\n|-supereffective|p2a: Celesteela\n|-crit|p2a: Celesteela\n|-damage|p2a: Celesteela|0 fnt\n|faint|p2a: Celesteela\n|\n|upkeep\n|\n|t:|1700341486\n|switch|p2a: Volcarona|Volcarona, F|100\/100\n|turn|12\n|\n|t:|1700341495\n|move|p1a: Salazzle|Dragon Pulse|p2a: Volcarona\n|-damage|p2a: Volcarona|71\/100\n|move|p2a: Volcarona|Quiver Dance|p2a: Volcarona\n|-boost|p2a: Volcarona|spa|1\n|-boost|p2a: Volcarona|spd|1\n|-boost|p2a: Volcarona|spe|1\n|\n|-heal|p2a: Volcarona|77\/100|[from] item: Leftovers\n|upkeep\n|turn|13\n|\n|t:|1700341507\n|move|p2a: Volcarona|Air Slash|p1a: Salazzle\n|-damage|p1a: Salazzle|19\/100\n|cant|p1a: Salazzle|flinch\n|\n|-heal|p2a: Volcarona|83\/100|[from] item: Leftovers\n|upkeep\n|turn|14\n|\n|t:|1700341516\n|move|p2a: Volcarona|Air Slash|p1a: Salazzle\n|-damage|p1a: Salazzle|0 fnt\n|faint|p1a: Salazzle\n|\n|-heal|p2a: Volcarona|90\/100|[from] item: Leftovers\n|upkeep\n|\n|t:|1700341522\n|switch|p1a: Krookodile|Krookodile, M|100\/100\n|turn|15\n|\n|t:|1700341536\n|move|p2a: Volcarona|Air Slash|p1a: Krookodile\n|-crit|p1a: Krookodile\n|-damage|p1a: Krookodile|16\/100\n|move|p1a: Krookodile|Aqua Tail|p2a: Volcarona\n|-supereffective|p2a: Volcarona\n|-damage|p2a: Volcarona|4\/100\n|\n|-heal|p2a: Volcarona|10\/100|[from] item: Leftovers\n|upkeep\n|turn|16\n|\n|t:|1700341548\n|move|p2a: Volcarona|Air Slash|p1a: Krookodile\n|-damage|p1a: Krookodile|0 fnt\n|faint|p1a: Krookodile\n|\n|-heal|p2a: Volcarona|16\/100|[from] item: Leftovers\n|upkeep\n|\n|t:|1700341554\n|switch|p1a: Heliolisk|Heliolisk, M|100\/100\n|turn|17\n|\n|t:|1700341566\n|move|p2a: Volcarona|Air Slash|p1a: Heliolisk\n|-resisted|p1a: Heliolisk\n|-damage|p1a: Heliolisk|68\/100\n|move|p1a: Heliolisk|Parabolic Charge|p2a: Volcarona\n|-damage|p2a: Volcarona|0 fnt\n|-heal|p1a: Heliolisk|77\/100|[from] drain|[of] p2a: Volcarona\n|faint|p2a: Volcarona\n|\n|win|jymonde\n|raw|jymonde's rating: 1118 &rarr; <strong>1144<\/strong><br \/>(+26 for winning)\n|raw|Perucho blue's rating: 1125 &rarr; <strong>1099<\/strong><br \/>(-26 for losing)\n","uploadtime":1700341583,"views":21,"p1id":"jymonde","p2id":"peruchoblue","formatid":"gen9nationaldexubers","rating":1099,"private":0,"password":""}