{"id":"gen9nationaldexubers-1978642809","p1":"nihanshu","p2":"700club","format":"[Gen 9] National Dex Ubers","log":"|j|\u2606nihanshu\n|j|\u2606700club\n|t:|1698573261\n|gametype|singles\n|player|p1|nihanshu|acetrainer-gen4dp|1127\n|player|p2|700club|shadowtriad|1215\n|teamsize|p1|6\n|teamsize|p2|6\n|gen|9\n|tier|[Gen 9] National Dex Ubers\n|rated|\n|rule|HP Percentage Mod: HP is shown in percentages\n|rule|Endless Battle Clause: Forcing endless battles is banned\n|rule|OHKO Clause: OHKO moves are banned\n|rule|Evasion Moves Clause: Evasion moves are banned\n|rule|Evasion Items Clause: Evasion items are banned\n|rule|Species Clause: Limit one of each Pok\u00e9mon\n|rule|Sleep Clause Mod: Limit one foe put to sleep\n|rule|Mega Rayquaza Clause: You cannot mega evolve Rayquaza\n|clearpoke\n|poke|p1|Kyurem-White|\n|poke|p1|Spectrier|\n|poke|p1|Zacian-*|\n|poke|p1|Groudon|\n|poke|p1|Metagross|\n|poke|p1|Yveltal|\n|poke|p2|Ogerpon-Hearthflame, F|\n|poke|p2|Ditto|\n|poke|p2|Deoxys-Speed|\n|poke|p2|Mewtwo|\n|poke|p2|Necrozma-Dusk-Mane|\n|poke|p2|Xerneas-*|\n|teampreview\n|c|\u2606700club|hi\n|c|\u2606nihanshu|hi\n|\n|t:|1698573276\n|start\n|switch|p1a: Kyurem|Kyurem-White|100\/100\n|switch|p2a: Deoxys|Deoxys-Speed|100\/100\n|-ability|p2a: Deoxys|Pressure\n|-ability|p1a: Kyurem|Turboblaze\n|turn|1\n|\n|t:|1698573287\n|move|p2a: Deoxys|Reflect|p2a: Deoxys\n|-sidestart|p2: 700club|Reflect\n|move|p1a: Kyurem|Fusion Flare|p2a: Deoxys\n|-damage|p2a: Deoxys|39\/100\n|\n|upkeep\n|turn|2\n|\n|t:|1698573292\n|move|p2a: Deoxys|Stealth Rock|p1a: Kyurem\n|-sidestart|p1: nihanshu|move: Stealth Rock\n|move|p1a: Kyurem|Fusion Flare|p2a: Deoxys\n|-damage|p2a: Deoxys|0 fnt\n|faint|p2a: Deoxys\n|\n|upkeep\n|inactive|Battle timer is ON: inactive players will automatically lose when time's up. (requested by nihanshu)\n|\n|t:|1698573333\n|switch|p2a: Xerneas|Xerneas|100\/100\n|-ability|p2a: Xerneas|Fairy Aura\n|turn|3\n|\n|t:|1698573345\n|move|p2a: Xerneas|Geomancy||[still]\n|-prepare|p2a: Xerneas|Geomancy\n|-enditem|p2a: Xerneas|Power Herb\n|-anim|p2a: Xerneas|Geomancy|p2a: Xerneas\n|-boost|p2a: Xerneas|spa|2\n|-boost|p2a: Xerneas|spd|2\n|-boost|p2a: Xerneas|spe|2\n|move|p1a: Kyurem|Flash Cannon|p2a: Xerneas\n|-supereffective|p2a: Xerneas\n|-damage|p2a: Xerneas|68\/100\n|\n|upkeep\n|turn|4\n|\n|t:|1698573357\n|-terastallize|p1a: Kyurem|Poison\n|move|p2a: Xerneas|Moonblast|p1a: Kyurem\n|-resisted|p1a: Kyurem\n|-damage|p1a: Kyurem|54\/100\n|-unboost|p1a: Kyurem|spa|1\n|move|p1a: Kyurem|Flash Cannon|p2a: Xerneas\n|-supereffective|p2a: Xerneas\n|-damage|p2a: Xerneas|47\/100\n|-unboost|p2a: Xerneas|spd|1\n|\n|-heal|p1a: Kyurem|60\/100|[from] item: Leftovers\n|upkeep\n|turn|5\n|\n|t:|1698573383\n|move|p2a: Xerneas|Thunder|p1a: Kyurem\n|-damage|p1a: Kyurem|0 fnt\n|faint|p1a: Kyurem\n|\n|-sideend|p2: 700club|Reflect\n|upkeep\n|\n|t:|1698573398\n|switch|p1a: Groudon|Groudon|100\/100\n|-damage|p1a: Groudon|94\/100|[from] Stealth Rock\n|detailschange|p1a: Groudon|Groudon-Primal\n|-primal|p1a: Groudon|Red Orb\n|-weather|DesolateLand|[from] ability: Desolate Land|[of] p1a: Groudon\n|turn|6\n|\n|t:|1698573415\n|move|p2a: Xerneas|Focus Blast|p1a: Groudon\n|-damage|p1a: Groudon|14\/100\n|move|p1a: Groudon|Precipice Blades|p2a: Xerneas\n|-damage|p2a: Xerneas|0 fnt\n|faint|p2a: Xerneas\n|\n|-weather|DesolateLand|[upkeep]\n|upkeep\n|inactive|700club has 120 seconds left.\n|\n|t:|1698573425\n|switch|p2a: Mewtwo|Mewtwo|100\/100\n|-ability|p2a: Mewtwo|Unnerve\n|turn|7\n|inactive|700club has 120 seconds left.\n|\n|t:|1698573436\n|detailschange|p2a: Mewtwo|Mewtwo-Mega-Y\n|-mega|p2a: Mewtwo|Mewtwo|Mewtwonite Y\n|move|p2a: Mewtwo|Psystrike|p1a: Groudon\n|-damage|p1a: Groudon|0 fnt\n|faint|p1a: Groudon\n|-weather|none\n|\n|upkeep\n|\n|t:|1698573442\n|switch|p1a: Spectrier|Spectrier|100\/100\n|-damage|p1a: Spectrier|88\/100|[from] Stealth Rock\n|turn|8\n|inactive|700club has 120 seconds left.\n|\n|t:|1698573460\n|move|p2a: Mewtwo|Psystrike|p1a: Spectrier\n|-damage|p1a: Spectrier|0 fnt\n|faint|p1a: Spectrier\n|\n|upkeep\n|\n|t:|1698573476\n|switch|p1a: Yveltal|Yveltal|100\/100\n|-damage|p1a: Yveltal|76\/100|[from] Stealth Rock\n|-ability|p1a: Yveltal|Dark Aura\n|turn|9\n|\n|t:|1698573486\n|move|p2a: Mewtwo|Ice Beam|p1a: Yveltal\n|-supereffective|p1a: Yveltal\n|-damage|p1a: Yveltal|2\/100\n|move|p1a: Yveltal|Dark Pulse|p2a: Mewtwo\n|-supereffective|p2a: Mewtwo\n|-damage|p2a: Mewtwo|5\/100\n|\n|upkeep\n|turn|10\n|\n|t:|1698573493\n|move|p2a: Mewtwo|Ice Beam|p1a: Yveltal\n|-supereffective|p1a: Yveltal\n|-damage|p1a: Yveltal|0 fnt\n|faint|p1a: Yveltal\n|\n|upkeep\n|\n|t:|1698573497\n|switch|p1a: Zacian|Zacian-Crowned|100\/100\n|-damage|p1a: Zacian|94\/100|[from] Stealth Rock\n|-ability|p1a: Zacian|Intrepid Sword|boost\n|-boost|p1a: Zacian|atk|1\n|turn|11\n|\n|t:|1698573505\n|move|p1a: Zacian|Behemoth Blade|p2a: Mewtwo\n|-damage|p2a: Mewtwo|0 fnt\n|faint|p2a: Mewtwo\n|\n|upkeep\n|\n|t:|1698573510\n|switch|p2a: Ditto|Ditto|100\/100\n|-transform|p2a: Ditto|p1a: Zacian|[from] ability: Imposter\n|-ability|p2a: Ditto|Intrepid Sword|boost\n|-boost|p2a: Ditto|atk|1\n|turn|12\n|\n|t:|1698573521\n|move|p2a: Ditto|Behemoth Blade|p1a: Zacian\n|-damage|p1a: Zacian|0 fnt\n|faint|p1a: Zacian\n|\n|upkeep\n|\n|t:|1698573526\n|switch|p1a: Metagross|Metagross|100\/100\n|-damage|p1a: Metagross|94\/100|[from] Stealth Rock\n|turn|13\n|\n|t:|1698573542\n|switch|p2a: Ogerpon|Ogerpon-Hearthflame, F|100\/100\n|-ability|p2a: Ogerpon|Mold Breaker\n|detailschange|p1a: Metagross|Metagross-Mega\n|-mega|p1a: Metagross|Metagross|Metagrossite\n|move|p1a: Metagross|Earthquake|p2a: Ogerpon\n|-crit|p2a: Ogerpon\n|-damage|p2a: Ogerpon|42\/100\n|\n|upkeep\n|turn|14\n|\n|t:|1698573561\n|move|p2a: Ogerpon|Ivy Cudgel|p1a: Metagross\n|-supereffective|p1a: Metagross\n|-damage|p1a: Metagross|28\/100\n|move|p1a: Metagross|Earthquake|p2a: Ogerpon\n|-damage|p2a: Ogerpon|0 fnt\n|faint|p2a: Ogerpon\n|\n|upkeep\n|\n|t:|1698573568\n|switch|p2a: Necrozma|Necrozma-Dusk-Mane|100\/100\n|turn|15\n|\n|t:|1698573576\n|move|p1a: Metagross|Earthquake|p2a: Necrozma\n|-supereffective|p2a: Necrozma\n|-damage|p2a: Necrozma|54\/100\n|move|p2a: Necrozma|Earthquake|p1a: Metagross\n|-supereffective|p1a: Metagross\n|-damage|p1a: Metagross|0 fnt\n|faint|p1a: Metagross\n|\n|win|700club\n|raw|nihanshu's rating: 1127 &rarr; <strong>1108<\/strong><br \/>(-19 for losing)\n|raw|700club's rating: 1215 &rarr; <strong>1234<\/strong><br \/>(+19 for winning)\n|l|\u2606nihanshu\n|c|\u2606700club|gg\n","uploadtime":1698573585,"views":16,"p1id":"nihanshu","p2id":"700club","formatid":"gen9nationaldexubers","rating":1108,"private":0,"password":""}