{"id":"gen9nationaldexubers-1998434434","p1":"Axell88","p2":"vnappy","format":"[Gen 9] National Dex Ubers","log":"|j|\u2606Axell88\n|j|\u2606vnappy\n|t:|1700941903\n|gametype|singles\n|player|p1|Axell88|pokemaniac|1244\n|player|p2|vnappy|acetrainer-gen4dp|1266\n|teamsize|p1|6\n|teamsize|p2|6\n|gen|9\n|tier|[Gen 9] National Dex Ubers\n|rated|\n|rule|HP Percentage Mod: HP is shown in percentages\n|rule|Endless Battle Clause: Forcing endless battles is banned\n|rule|OHKO Clause: OHKO moves are banned\n|rule|Evasion Moves Clause: Evasion moves are banned\n|rule|Evasion Items Clause: Evasion items are banned\n|rule|Species Clause: Limit one of each Pok\u00e9mon\n|rule|Sleep Clause Mod: Limit one foe put to sleep\n|rule|Mega Rayquaza Clause: You cannot mega evolve Rayquaza\n|clearpoke\n|poke|p1|Goodra, F|\n|poke|p1|Lugia|\n|poke|p1|Espathra, F|\n|poke|p1|Chien-Pao|\n|poke|p1|Kyogre|\n|poke|p1|Melmetal|\n|poke|p2|Blastoise, F|\n|poke|p2|Tyranitar, F|\n|poke|p2|Rhydon, F|\n|poke|p2|Nidoking, M|\n|poke|p2|Dragonite, F|\n|poke|p2|Baxcalibur, M|\n|teampreview\n|inactive|Battle timer is ON: inactive players will automatically lose when time's up. (requested by vnappy)\n|\n|t:|1700941926\n|start\n|switch|p1a: Espathra|Espathra, F|100\/100\n|switch|p2a: Nidoking|Nidoking, M|100\/100\n|turn|1\n|\n|t:|1700941934\n|move|p2a: Nidoking|Toxic|p1a: Espathra\n|-status|p1a: Espathra|tox\n|move|p1a: Espathra|Lumina Crash|p2a: Nidoking\n|-supereffective|p2a: Nidoking\n|-enditem|p2a: Nidoking|Focus Sash\n|-damage|p2a: Nidoking|1\/100\n|-unboost|p2a: Nidoking|spd|2\n|\n|-damage|p1a: Espathra|94\/100 tox|[from] psn\n|upkeep\n|turn|2\n|\n|t:|1700941948\n|move|p2a: Nidoking|Earth Power|p1a: Espathra\n|-damage|p1a: Espathra|30\/100 tox\n|move|p1a: Espathra|Lumina Crash|p2a: Nidoking\n|-supereffective|p2a: Nidoking\n|-crit|p2a: Nidoking\n|-damage|p2a: Nidoking|0 fnt\n|faint|p2a: Nidoking\n|\n|-damage|p1a: Espathra|18\/100 tox|[from] psn\n|upkeep\n|\n|t:|1700941957\n|switch|p2a: Tyranitar|Tyranitar, F|100\/100\n|-weather|Sandstorm|[from] ability: Sand Stream|[of] p2a: Tyranitar\n|turn|3\n|\n|t:|1700941962\n|move|p1a: Espathra|Energy Ball|p2a: Tyranitar\n|-supereffective|p2a: Tyranitar\n|-damage|p2a: Tyranitar|78\/100\n|move|p2a: Tyranitar|Crunch|p1a: Espathra\n|-supereffective|p1a: Espathra\n|-enditem|p1a: Espathra|Colbur Berry|[eat]\n|-enditem|p1a: Espathra|Colbur Berry|[weaken]\n|-damage|p1a: Espathra|0 fnt\n|faint|p1a: Espathra\n|\n|-weather|Sandstorm|[upkeep]\n|upkeep\n|\n|t:|1700941969\n|switch|p1a: Kyogre|Kyogre|100\/100\n|detailschange|p1a: Kyogre|Kyogre-Primal\n|-primal|p1a: Kyogre|Blue Orb\n|-weather|PrimordialSea|[from] ability: Primordial Sea|[of] p1a: Kyogre\n|turn|4\n|\n|t:|1700941982\n|move|p1a: Kyogre|Water Spout|p2a: Tyranitar\n|-supereffective|p2a: Tyranitar\n|-damage|p2a: Tyranitar|0 fnt\n|faint|p2a: Tyranitar\n|\n|-weather|PrimordialSea|[upkeep]\n|upkeep\n|\n|t:|1700941986\n|switch|p2a: Blastoise|Blastoise, F|100\/100\n|turn|5\n|\n|t:|1700941993\n|detailschange|p2a: Blastoise|Blastoise-Mega, F\n|-mega|p2a: Blastoise|Blastoise|Blastoisinite\n|move|p1a: Kyogre|Thunder|p2a: Blastoise\n|-supereffective|p2a: Blastoise\n|-damage|p2a: Blastoise|0 fnt\n|faint|p2a: Blastoise\n|\n|-weather|PrimordialSea|[upkeep]\n|upkeep\n|\n|t:|1700941998\n|switch|p2a: Dragonite|Dragonite, F|100\/100\n|turn|6\n|\n|t:|1700942003\n|move|p1a: Kyogre|Ice Beam|p2a: Dragonite\n|-supereffective|p2a: Dragonite\n|-damage|p2a: Dragonite|10\/100\n|-status|p2a: Dragonite|frz\n|-enditem|p2a: Dragonite|Lum Berry|[eat]\n|-curestatus|p2a: Dragonite|frz|[msg]\n|move|p2a: Dragonite|Dragon Dance|p2a: Dragonite\n|-boost|p2a: Dragonite|atk|1\n|-boost|p2a: Dragonite|spe|1\n|\n|-weather|PrimordialSea|[upkeep]\n|upkeep\n|turn|7\n|\n|t:|1700942012\n|move|p2a: Dragonite|Outrage|p1a: Kyogre\n|-damage|p1a: Kyogre|0 fnt\n|faint|p1a: Kyogre\n|-weather|none\n|\n|upkeep\n|\n|t:|1700942018\n|switch|p1a: Chien-Pao|Chien-Pao|100\/100\n|-ability|p1a: Chien-Pao|Sword of Ruin\n|turn|8\n|\n|t:|1700942022\n|move|p1a: Chien-Pao|Sucker Punch|p2a: Dragonite\n|-damage|p2a: Dragonite|0 fnt\n|faint|p2a: Dragonite\n|\n|upkeep\n|\n|t:|1700942024\n|switch|p2a: Rhydon|Rhydon, F|100\/100\n|turn|9\n|\n|t:|1700942028\n|-terastallize|p2a: Rhydon|Ghost\n|move|p1a: Chien-Pao|Ice Spinner|p2a: Rhydon\n|-damage|p2a: Rhydon|76\/100\n|move|p2a: Rhydon|Iron Defense|p2a: Rhydon\n|-boost|p2a: Rhydon|def|2\n|\n|upkeep\n|turn|10\n|\n|t:|1700942036\n|switch|p1a: Melmetal|Melmetal|100\/100\n|-item|p1a: Melmetal|Air Balloon\n|move|p2a: Rhydon|Iron Defense|p2a: Rhydon\n|-boost|p2a: Rhydon|def|2\n|\n|upkeep\n|turn|11\n|\n|t:|1700942043\n|move|p1a: Melmetal|Iron Defense|p1a: Melmetal\n|-boost|p1a: Melmetal|def|2\n|move|p2a: Rhydon|Body Press|p1a: Melmetal\n|-supereffective|p1a: Melmetal\n|-damage|p1a: Melmetal|55\/100\n|-enditem|p1a: Melmetal|Air Balloon\n|\n|upkeep\n|turn|12\n|\n|t:|1700942055\n|move|p2a: Rhydon|Iron Defense|p2a: Rhydon\n|-boost|p2a: Rhydon|def|2\n|move|p1a: Melmetal|Iron Defense|p1a: Melmetal\n|-boost|p1a: Melmetal|def|2\n|\n|upkeep\n|turn|13\n|\n|t:|1700942060\n|move|p1a: Melmetal|Iron Defense|p1a: Melmetal\n|-boost|p1a: Melmetal|def|2\n|move|p2a: Rhydon|Body Press|p1a: Melmetal\n|-supereffective|p1a: Melmetal\n|-damage|p1a: Melmetal|27\/100\n|\n|upkeep\n|turn|14\n|\n|t:|1700942066\n|move|p2a: Rhydon|Body Press|p1a: Melmetal\n|-supereffective|p1a: Melmetal\n|-crit|p1a: Melmetal\n|-damage|p1a: Melmetal|0 fnt\n|faint|p1a: Melmetal\n|\n|upkeep\n|\n|t:|1700942072\n|switch|p1a: Goodra|Goodra, F|100\/100\n|turn|15\n|\n|t:|1700942075\n|move|p1a: Goodra|Dragon Pulse|p2a: Rhydon\n|-damage|p2a: Rhydon|49\/100\n|move|p2a: Rhydon|Body Press|p1a: Goodra\n|-damage|p1a: Goodra|0 fnt\n|faint|p1a: Goodra\n|\n|upkeep\n|\n|t:|1700942080\n|switch|p1a: Chien-Pao|Chien-Pao|100\/100\n|-ability|p1a: Chien-Pao|Sword of Ruin\n|turn|16\n|\n|t:|1700942084\n|move|p1a: Chien-Pao|Crunch|p2a: Rhydon\n|-supereffective|p2a: Rhydon\n|-damage|p2a: Rhydon|36\/100\n|move|p2a: Rhydon|Body Press|p1a: Chien-Pao\n|-supereffective|p1a: Chien-Pao\n|-damage|p1a: Chien-Pao|0 fnt\n|faint|p1a: Chien-Pao\n|\n|upkeep\n|\n|t:|1700942090\n|switch|p1a: Lugia|Lugia|100\/100\n|turn|17\n|\n|t:|1700942093\n|move|p1a: Lugia|Aeroblast|p2a: Rhydon\n|-crit|p2a: Rhydon\n|-damage|p2a: Rhydon|0 fnt\n|faint|p2a: Rhydon\n|\n|upkeep\n|\n|t:|1700942097\n|switch|p2a: Baxcalibur|Baxcalibur, M|100\/100\n|turn|18\n|\n|t:|1700942101\n|move|p2a: Baxcalibur|Dragon Dance|p2a: Baxcalibur\n|-boost|p2a: Baxcalibur|atk|1\n|-boost|p2a: Baxcalibur|spe|1\n|move|p1a: Lugia|Psychic|p2a: Baxcalibur\n|-damage|p2a: Baxcalibur|67\/100\n|\n|upkeep\n|turn|19\n|\n|t:|1700942107\n|move|p2a: Baxcalibur|Icicle Spear|p1a: Lugia\n|-supereffective|p1a: Lugia\n|-damage|p1a: Lugia|88\/100\n|-enditem|p1a: Lugia|Weakness Policy\n|-boost|p1a: Lugia|atk|2|[from] item: Weakness Policy\n|-boost|p1a: Lugia|spa|2|[from] item: Weakness Policy\n|-supereffective|p1a: Lugia\n|-damage|p1a: Lugia|61\/100\n|-supereffective|p1a: Lugia\n|-damage|p1a: Lugia|33\/100\n|-supereffective|p1a: Lugia\n|-damage|p1a: Lugia|6\/100\n|-supereffective|p1a: Lugia\n|-damage|p1a: Lugia|0 fnt\n|faint|p1a: Lugia\n|-hitcount|p1: Lugia|5\n|\n|win|vnappy\n|raw|Axell88's rating: 1244 &rarr; <strong>1221<\/strong><br \/>(-23 for losing)\n|raw|vnappy's rating: 1266 &rarr; <strong>1289<\/strong><br \/>(+23 for winning)\n|c|\u2606vnappy|gg\n","uploadtime":1700942122,"views":1,"p1id":"axell88","p2id":"vnappy","formatid":"gen9nationaldexubers","rating":1221,"private":0,"password":""}