{"id":"gen9nationaldexubers-1993278838","p1":"AceTheInadequate","p2":"colostomy","format":"[Gen 9] National Dex Ubers","log":"|j|\u2606AceTheInadequate\n|j|\u2606colostomy\n|t:|1700289129\n|gametype|singles\n|player|p1|AceTheInadequate|guitarist|\n|player|p2|colostomy|steven|\n|teamsize|p1|6\n|teamsize|p2|6\n|gen|9\n|tier|[Gen 9] National Dex Ubers\n|rule|HP Percentage Mod: HP is shown in percentages\n|rule|Endless Battle Clause: Forcing endless battles is banned\n|rule|OHKO Clause: OHKO moves are banned\n|rule|Evasion Moves Clause: Evasion moves are banned\n|rule|Evasion Items Clause: Evasion items are banned\n|rule|Species Clause: Limit one of each Pok\u00e9mon\n|rule|Sleep Clause Mod: Limit one foe put to sleep\n|rule|Mega Rayquaza Clause: You cannot mega evolve Rayquaza\n|clearpoke\n|poke|p1|Volcarona, M|\n|poke|p1|Scizor, F|\n|poke|p1|Slither Wing|\n|poke|p1|Araquanid, M|\n|poke|p1|Ribombee, F|\n|poke|p1|Galvantula, M|\n|poke|p2|Grimmsnarl, M|\n|poke|p2|Roaring Moon|\n|poke|p2|Weavile, F|\n|poke|p2|Absol, F|\n|poke|p2|Bisharp, F|\n|poke|p2|Tyranitar, F|\n|teampreview\n|\n|t:|1700289139\n|start\n|switch|p1a: Vegeta|Slither Wing, shiny|100\/100\n|switch|p2a: Wheel of Fortune|Grimmsnarl, M|100\/100\n|-enditem|p1a: Vegeta|Booster Energy\n|-activate|p1a: Vegeta|ability: Protosynthesis|[fromitem]\n|-start|p1a: Vegeta|protosynthesisatk\n|turn|1\n|\n|t:|1700289152\n|move|p2a: Wheel of Fortune|Reflect|p2a: Wheel of Fortune\n|-sidestart|p2: colostomy|Reflect\n|move|p1a: Vegeta|U-turn|p2a: Wheel of Fortune\n|-damage|p2a: Wheel of Fortune|70\/100\n|\n|t:|1700289155\n|-end|p1a: Vegeta|Protosynthesis|[silent]\n|switch|p1a: McQueen|Scizor, F|100\/100|[from] U-turn\n|\n|upkeep\n|turn|2\n|j| Cross12000\n|\n|t:|1700289159\n|detailschange|p1a: McQueen|Scizor-Mega, F\n|-mega|p1a: McQueen|Scizor|Scizorite\n|move|p2a: Wheel of Fortune|Metronome|p2a: Wheel of Fortune\n|move|p2a: Wheel of Fortune|Bug Bite|p1a: McQueen|[from]move: Metronome\n|-resisted|p1a: McQueen\n|-damage|p1a: McQueen|95\/100\n|move|p1a: McQueen|Swords Dance|p1a: McQueen\n|-boost|p1a: McQueen|atk|2\n|\n|upkeep\n|turn|3\n|\n|t:|1700289167\n|move|p2a: Wheel of Fortune|Metronome|p2a: Wheel of Fortune\n|move|p2a: Wheel of Fortune|Air Slash|p1a: McQueen|[from]move: Metronome\n|-damage|p1a: McQueen|78\/100\n|move|p1a: McQueen|Swords Dance|p1a: McQueen\n|-boost|p1a: McQueen|atk|2\n|\n|upkeep\n|turn|4\n|\n|t:|1700289170\n|move|p2a: Wheel of Fortune|Metronome|p2a: Wheel of Fortune\n|move|p2a: Wheel of Fortune|Incinerate|p1a: McQueen|[from]move: Metronome\n|-supereffective|p1a: McQueen\n|-damage|p1a: McQueen|26\/100\n|move|p1a: McQueen|Swords Dance|p1a: McQueen\n|-boost|p1a: McQueen|atk|2\n|\n|upkeep\n|turn|5\n|\n|t:|1700289175\n|move|p1a: McQueen|Bullet Punch|p2a: Wheel of Fortune\n|-supereffective|p2a: Wheel of Fortune\n|-damage|p2a: Wheel of Fortune|0 fnt\n|faint|p2a: Wheel of Fortune\n|\n|upkeep\n|\n|t:|1700289181\n|switch|p2a: The Fool|Weavile, F|100\/100\n|-ability|p2a: The Fool|Pressure\n|turn|6\n|\n|t:|1700289187\n|move|p2a: The Fool|Fake Out|p1a: McQueen\n|-resisted|p1a: McQueen\n|-damage|p1a: McQueen|21\/100\n|cant|p1a: McQueen|flinch\n|\n|upkeep\n|turn|7\n|\n|t:|1700289197\n|move|p1a: McQueen|Bullet Punch|p2a: The Fool\n|-supereffective|p2a: The Fool\n|-enditem|p2a: The Fool|Focus Sash\n|-damage|p2a: The Fool|1\/100\n|move|p2a: The Fool|Knock Off|p1a: McQueen\n|-damage|p1a: McQueen|0 fnt\n|faint|p1a: McQueen\n|\n|upkeep\n|\n|t:|1700289207\n|switch|p1a: Vegeta|Slither Wing, shiny|100\/100\n|turn|8\n|\n|t:|1700289215\n|move|p1a: Vegeta|First Impression|p2a: The Fool\n|-supereffective|p2a: The Fool\n|-damage|p2a: The Fool|0 fnt\n|faint|p2a: The Fool\n|\n|-sideend|p2: colostomy|Reflect\n|upkeep\n|\n|t:|1700289217\n|switch|p2a: The Moon|Roaring Moon|100\/100\n|-enditem|p2a: The Moon|Booster Energy\n|-activate|p2a: The Moon|ability: Protosynthesis|[fromitem]\n|-start|p2a: The Moon|protosynthesisatk\n|turn|9\n|\n|t:|1700289226\n|-terastallize|p1a: Vegeta|Ground\n|-terastallize|p2a: The Moon|Flying\n|move|p1a: Vegeta|U-turn|p2a: The Moon\n|-resisted|p2a: The Moon\n|-damage|p2a: The Moon|79\/100\n|\n|t:|1700289229\n|-end|p1a: Vegeta|Protosynthesis|[silent]\n|switch|p1a: Bumblebee|Galvantula, M, shiny|100\/100|[from] U-turn\n|move|p2a: The Moon|Acrobatics|p1a: Bumblebee\n|-enditem|p1a: Bumblebee|Focus Sash\n|-damage|p1a: Bumblebee|1\/100\n|\n|upkeep\n|turn|10\n|\n|t:|1700289248\n|-end|p2a: The Moon|Protosynthesis|[silent]\n|switch|p2a: The Tower|Tyranitar, F|100\/100\n|-weather|Sandstorm|[from] ability: Sand Stream|[of] p2a: The Tower\n|move|p1a: Bumblebee|Thunder|p2a: The Tower\n|-damage|p2a: The Tower|75\/100\n|\n|-weather|Sandstorm|[upkeep]\n|-damage|p1a: Bumblebee|0 fnt|[from] Sandstorm\n|faint|p1a: Bumblebee\n|upkeep\n|\n|t:|1700289252\n|switch|p1a: Vegeta|Slither Wing, shiny, tera:Ground|100\/100\n|turn|11\n|\n|t:|1700289281\n|move|p1a: Vegeta|U-turn|p2a: The Tower\n|-supereffective|p2a: The Tower\n|-damage|p2a: The Tower|14\/100\n|\n|t:|1700289284\n|-end|p1a: Vegeta|Protosynthesis|[silent]\n|switch|p1a: Apollo|Araquanid, M|100\/100|[from] U-turn\n|move|p2a: The Tower|Knock Off|p1a: Apollo\n|-damage|p1a: Apollo|44\/100\n|-enditem|p1a: Apollo|Sitrus Berry|[from] move: Knock Off|[of] p2a: The Tower\n|\n|-weather|Sandstorm|[upkeep]\n|-damage|p1a: Apollo|37\/100|[from] Sandstorm\n|upkeep\n|turn|12\n|\n|t:|1700289294\n|move|p2a: The Tower|Rock Slide|p1a: Apollo\n|-supereffective|p1a: Apollo\n|-damage|p1a: Apollo|0 fnt\n|faint|p1a: Apollo\n|\n|-weather|Sandstorm|[upkeep]\n|upkeep\n|\n|t:|1700289298\n|switch|p1a: Jazz??|Ribombee, F|100\/100\n|turn|13\n|\n|t:|1700289302\n|move|p1a: Jazz??|Quiver Dance|p1a: Jazz??\n|-boost|p1a: Jazz??|spa|1\n|-boost|p1a: Jazz??|spd|1\n|-boost|p1a: Jazz??|spe|1\n|move|p2a: The Tower|Rock Slide|p1a: Jazz??\n|-supereffective|p1a: Jazz??\n|-enditem|p1a: Jazz??|Focus Sash\n|-damage|p1a: Jazz??|1\/100\n|\n|-weather|Sandstorm|[upkeep]\n|-damage|p1a: Jazz??|0 fnt|[from] Sandstorm\n|faint|p1a: Jazz??\n|upkeep\n|\n|t:|1700289306\n|switch|p1a: Vegeta|Slither Wing, shiny, tera:Ground|100\/100\n|turn|14\n|\n|t:|1700289310\n|move|p1a: Vegeta|U-turn|p2a: The Tower\n|-supereffective|p2a: The Tower\n|-damage|p2a: The Tower|0 fnt\n|faint|p2a: The Tower\n|\n|t:|1700289312\n|-end|p1a: Vegeta|Protosynthesis|[silent]\n|switch|p1a: Here comes the sun|Volcarona, M|100\/100|[from] U-turn\n|\n|-weather|none\n|upkeep\n|\n|t:|1700289318\n|switch|p2a: The Moon|Roaring Moon, tera:Flying|79\/100\n|turn|15\n|\n|t:|1700289327\n|move|p1a: Here comes the sun|Fiery Dance|p2a: The Moon\n|-damage|p2a: The Moon|44\/100\n|-boost|p1a: Here comes the sun|spa|1\n|move|p2a: The Moon|Acrobatics|p1a: Here comes the sun\n|-supereffective|p1a: Here comes the sun\n|-damage|p1a: Here comes the sun|0 fnt\n|faint|p1a: Here comes the sun\n|\n|upkeep\n|\n|t:|1700289330\n|switch|p1a: Vegeta|Slither Wing, shiny, tera:Ground|100\/100\n|turn|16\n|\n|t:|1700289341\n|-end|p2a: The Moon|Protosynthesis|[silent]\n|switch|p2a: The Hierophant|Bisharp, F|100\/100\n|move|p1a: Vegeta|First Impression|p2a: The Hierophant\n|-damage|p2a: The Hierophant|68\/100\n|\n|upkeep\n|turn|17\n|\n|t:|1700289353\n|move|p2a: The Hierophant|Sucker Punch|p1a: Vegeta\n|-damage|p1a: Vegeta|45\/100\n|move|p1a: Vegeta|Close Combat|p2a: The Hierophant\n|-supereffective|p2a: The Hierophant\n|-damage|p2a: The Hierophant|0 fnt\n|-unboost|p1a: Vegeta|def|1\n|-unboost|p1a: Vegeta|spd|1\n|faint|p2a: The Hierophant\n|\n|upkeep\n|\n|t:|1700289356\n|switch|p2a: Justice|Absol, F|100\/100\n|turn|18\n|\n|t:|1700289362\n|move|p2a: Justice|Sucker Punch|p1a: Vegeta\n|-crit|p1a: Vegeta\n|-damage|p1a: Vegeta|0 fnt\n|faint|p1a: Vegeta\n|-end|p1a: Vegeta|Protosynthesis|[silent]\n|\n|win|colostomy\n|l|\u2606AceTheInadequate\n","uploadtime":1700289390,"views":23,"p1id":"acetheinadequate","p2id":"colostomy","formatid":"gen9nationaldexubers","rating":0,"private":0,"password":""}