{"id":"gen9nationaldexubers-1999264211","p1":"BTT2023","p2":"genesisjericho","format":"[Gen 9] National Dex Ubers","log":"|j|\u2606BTT2023\n|j|\u2606genesisjericho\n|t:|1701052428\n|gametype|singles\n|player|p1|BTT2023|red|1089\n|player|p2|genesisjericho|teammagmagruntf-gen3|1142\n|teamsize|p1|6\n|teamsize|p2|6\n|gen|9\n|tier|[Gen 9] National Dex Ubers\n|rated|\n|rule|HP Percentage Mod: HP is shown in percentages\n|rule|Endless Battle Clause: Forcing endless battles is banned\n|rule|OHKO Clause: OHKO moves are banned\n|rule|Evasion Moves Clause: Evasion moves are banned\n|rule|Evasion Items Clause: Evasion items are banned\n|rule|Species Clause: Limit one of each Pok\u00e9mon\n|rule|Sleep Clause Mod: Limit one foe put to sleep\n|rule|Mega Rayquaza Clause: You cannot mega evolve Rayquaza\n|clearpoke\n|poke|p1|Blastoise, M|\n|poke|p1|Turtonator, M|\n|poke|p1|Torterra, M|\n|poke|p1|Drednaw, M|\n|poke|p1|Avalugg, M|\n|poke|p1|Shuckle, M|\n|poke|p2|Xerneas-*|\n|poke|p2|Groudon|\n|poke|p2|Zygarde|\n|poke|p2|Eternatus|\n|poke|p2|Ho-Oh|\n|poke|p2|Arceus-Ground|\n|teampreview\n|\n|t:|1701052434\n|start\n|switch|p1a: Shuckle|Shuckle, M|100\/100\n|switch|p2a: Alexander|Arceus-Ground|100\/100\n|turn|1\n|\n|t:|1701052441\n|move|p2a: Alexander|Taunt|p1a: Shuckle\n|-start|p1a: Shuckle|move: Taunt\n|cant|p1a: Shuckle|move: Taunt|Stealth Rock\n|\n|upkeep\n|turn|2\n|\n|t:|1701052448\n|switch|p1a: Turtonator|Turtonator, M|100\/100\n|move|p2a: Alexander|Dragon Dance|p2a: Alexander\n|-boost|p2a: Alexander|atk|1\n|-boost|p2a: Alexander|spe|1\n|\n|upkeep\n|turn|3\n|\n|t:|1701052454\n|move|p2a: Alexander|Taunt|p1a: Turtonator\n|-start|p1a: Turtonator|move: Taunt\n|cant|p1a: Turtonator|move: Taunt|Shell Smash\n|\n|upkeep\n|turn|4\n|\n|t:|1701052459\n|move|p2a: Alexander|Dragon Dance|p2a: Alexander\n|-boost|p2a: Alexander|atk|1\n|-boost|p2a: Alexander|spe|1\n|move|p1a: Turtonator|Body Slam|p2a: Alexander\n|-damage|p2a: Alexander|88\/100\n|\n|upkeep\n|turn|5\n|\n|t:|1701052466\n|move|p2a: Alexander|Earthquake|p1a: Turtonator\n|-supereffective|p1a: Turtonator\n|-damage|p1a: Turtonator|0 fnt\n|faint|p1a: Turtonator\n|\n|upkeep\n|\n|t:|1701052482\n|switch|p1a: Avalugg|Avalugg, M|100\/100\n|turn|6\n|\n|t:|1701052485\n|move|p2a: Alexander|Taunt|p1a: Avalugg\n|-start|p1a: Avalugg|move: Taunt\n|move|p1a: Avalugg|Icicle Crash|p2a: Alexander|[miss]\n|-miss|p1a: Avalugg|p2a: Alexander\n|\n|upkeep\n|turn|7\n|\n|t:|1701052492\n|move|p2a: Alexander|Stone Edge|p1a: Avalugg\n|-supereffective|p1a: Avalugg\n|-damage|p1a: Avalugg|49\/100\n|move|p1a: Avalugg|Icicle Crash|p2a: Alexander\n|-supereffective|p2a: Alexander\n|-damage|p2a: Alexander|36\/100\n|\n|upkeep\n|turn|8\n|\n|t:|1701052499\n|move|p2a: Alexander|Stone Edge|p1a: Avalugg\n|-supereffective|p1a: Avalugg\n|-damage|p1a: Avalugg|0 fnt\n|faint|p1a: Avalugg\n|\n|upkeep\n|\n|t:|1701052514\n|switch|p1a: Torterra|Torterra, M|100\/100\n|turn|9\n|\n|t:|1701052521\n|-zpower|p2a: Alexander\n|move|p2a: Alexander|Tectonic Rage|p1a: Torterra|[zeffect]\n|-resisted|p1a: Torterra\n|-damage|p1a: Torterra|12\/100\n|-enditem|p1a: Torterra|Aguav Berry|[eat]\n|-heal|p1a: Torterra|45\/100|[from] item: Aguav Berry\n|move|p1a: Torterra|Seed Bomb|p2a: Alexander\n|-supereffective|p2a: Alexander\n|-damage|p2a: Alexander|0 fnt\n|faint|p2a: Alexander\n|\n|upkeep\n|\n|t:|1701052533\n|switch|p2a: Jimmy|Xerneas|100\/100\n|-ability|p2a: Jimmy|Fairy Aura\n|turn|10\n|\n|t:|1701052538\n|move|p2a: Jimmy|Geomancy||[still]\n|-prepare|p2a: Jimmy|Geomancy\n|-enditem|p2a: Jimmy|Power Herb\n|-anim|p2a: Jimmy|Geomancy|p2a: Jimmy\n|-boost|p2a: Jimmy|spa|2\n|-boost|p2a: Jimmy|spd|2\n|-boost|p2a: Jimmy|spe|2\n|move|p1a: Torterra|Iron Head|p2a: Jimmy\n|-supereffective|p2a: Jimmy\n|-damage|p2a: Jimmy|52\/100\n|\n|upkeep\n|turn|11\n|\n|t:|1701052548\n|move|p2a: Jimmy|Moonblast|p1a: Torterra\n|-damage|p1a: Torterra|0 fnt\n|faint|p1a: Torterra\n|\n|upkeep\n|\n|t:|1701052551\n|switch|p1a: Shuckle|Shuckle, M|100\/100\n|turn|12\n|\n|t:|1701052556\n|-terastallize|p2a: Jimmy|Fighting\n|move|p2a: Jimmy|Focus Blast|p1a: Shuckle\n|-damage|p1a: Shuckle|28\/100\n|-enditem|p1a: Shuckle|Red Card|[of] p2a: Jimmy\n|drag|p2a: Johnny|Ho-Oh, shiny|100\/100\n|move|p1a: Shuckle|Toxic|p2a: Johnny\n|-status|p2a: Johnny|tox\n|\n|-damage|p2a: Johnny|94\/100 tox|[from] psn\n|upkeep\n|turn|13\n|\n|t:|1701052567\n|move|p2a: Johnny|Toxic|p1a: Shuckle\n|-status|p1a: Shuckle|tox\n|move|p1a: Shuckle|Stealth Rock|p2a: Johnny\n|-sidestart|p2: genesisjericho|move: Stealth Rock\n|\n|-damage|p2a: Johnny|82\/100 tox|[from] psn\n|-damage|p1a: Shuckle|22\/100 tox|[from] psn\n|upkeep\n|turn|14\n|\n|t:|1701052574\n|move|p2a: Johnny|Defog|p1a: Shuckle\n|-unboost|p1a: Shuckle|evasion|1\n|-sideend|p2: genesisjericho|Stealth Rock|[from] move: Defog|[of] p2a: Johnny\n|move|p1a: Shuckle|Encore|p2a: Johnny\n|-start|p2a: Johnny|Encore\n|\n|-damage|p2a: Johnny|64\/100 tox|[from] psn\n|-damage|p1a: Shuckle|10\/100 tox|[from] psn\n|upkeep\n|turn|15\n|\n|t:|1701052585\n|switch|p1a: Drednaw|Drednaw, M|100\/100\n|move|p2a: Johnny|Defog|p1a: Drednaw\n|-unboost|p1a: Drednaw|evasion|1\n|-enditem|p1a: Drednaw|White Herb\n|-clearnegativeboost|p1a: Drednaw|[silent]\n|\n|-damage|p2a: Johnny|40\/100 tox|[from] psn\n|upkeep\n|turn|16\n|\n|t:|1701052593\n|move|p1a: Drednaw|Shell Smash|p1a: Drednaw\n|-unboost|p1a: Drednaw|def|1\n|-unboost|p1a: Drednaw|spd|1\n|-boost|p1a: Drednaw|atk|2\n|-boost|p1a: Drednaw|spa|2\n|-boost|p1a: Drednaw|spe|2\n|move|p2a: Johnny|Defog|p1a: Drednaw\n|-unboost|p1a: Drednaw|evasion|1\n|\n|-damage|p2a: Johnny|10\/100 tox|[from] psn\n|upkeep\n|turn|17\n|\n|t:|1701052609\n|move|p1a: Drednaw|Liquidation|p2a: Johnny\n|-supereffective|p2a: Johnny\n|-damage|p2a: Johnny|0 fnt\n|faint|p2a: Johnny\n|\n|upkeep\n|\n|t:|1701052614\n|switch|p2a: Terrence|Groudon, shiny|100\/100\n|detailschange|p2a: Terrence|Groudon-Primal, shiny\n|-primal|p2a: Terrence|Red Orb\n|-weather|DesolateLand|[from] ability: Desolate Land|[of] p2a: Terrence\n|turn|18\n|\n|t:|1701052620\n|move|p1a: Drednaw|Earthquake|p2a: Terrence\n|-supereffective|p2a: Terrence\n|-damage|p2a: Terrence|30\/100\n|move|p2a: Terrence|Precipice Blades|p1a: Drednaw\n|-supereffective|p1a: Drednaw\n|-damage|p1a: Drednaw|0 fnt\n|faint|p1a: Drednaw\n|\n|-weather|DesolateLand|[upkeep]\n|upkeep\n|c|\u2606genesisjericho|Terrence.\n|\n|t:|1701052639\n|switch|p1a: Blastoise|Blastoise, M|100\/100\n|turn|19\n|\n|t:|1701052644\n|move|p1a: Blastoise|Earthquake|p2a: Terrence\n|-supereffective|p2a: Terrence\n|-damage|p2a: Terrence|9\/100\n|move|p2a: Terrence|Stealth Rock|p1a: Blastoise\n|-sidestart|p1: BTT2023|move: Stealth Rock\n|\n|-weather|DesolateLand|[upkeep]\n|upkeep\n|turn|20\n|\n|t:|1701052650\n|move|p1a: Blastoise|Earthquake|p2a: Terrence\n|-supereffective|p2a: Terrence\n|-damage|p2a: Terrence|0 fnt\n|faint|p2a: Terrence\n|-weather|none\n|\n|upkeep\n|\n|t:|1701052655\n|switch|p2a: Larry|Zygarde|100\/100\n|turn|21\n|\n|t:|1701052659\n|move|p1a: Blastoise|Shell Smash|p1a: Blastoise\n|-unboost|p1a: Blastoise|def|1\n|-unboost|p1a: Blastoise|spd|1\n|-boost|p1a: Blastoise|atk|2\n|-boost|p1a: Blastoise|spa|2\n|-boost|p1a: Blastoise|spe|2\n|-enditem|p1a: Blastoise|White Herb\n|-clearnegativeboost|p1a: Blastoise|[silent]\n|move|p2a: Larry|Dragon Tail|p1a: Blastoise\n|-damage|p1a: Blastoise|67\/100\n|drag|p1a: Shuckle|Shuckle, M|10\/100 tox\n|-damage|p1a: Shuckle|0 fnt|[from] Stealth Rock\n|faint|p1a: Shuckle\n|\n|upkeep\n|\n|t:|1701052670\n|switch|p1a: Blastoise|Blastoise, M|67\/100\n|-damage|p1a: Blastoise|55\/100|[from] Stealth Rock\n|turn|22\n|\n|t:|1701052676\n|move|p2a: Larry|Thousand Arrows|p1a: Blastoise\n|-damage|p1a: Blastoise|4\/100\n|move|p1a: Blastoise|Shell Smash|p1a: Blastoise\n|-unboost|p1a: Blastoise|def|1\n|-unboost|p1a: Blastoise|spd|1\n|-boost|p1a: Blastoise|atk|2\n|-boost|p1a: Blastoise|spa|2\n|-boost|p1a: Blastoise|spe|2\n|\n|upkeep\n|turn|23\n|\n|t:|1701052684\n|move|p1a: Blastoise|Ice Beam|p2a: Larry\n|-supereffective|p2a: Larry\n|-damage|p2a: Larry|0 fnt\n|faint|p2a: Larry\n|\n|upkeep\n|\n|t:|1701052689\n|switch|p2a: Jimmy|Xerneas, tera:Fighting|52\/100\n|-ability|p2a: Jimmy|Fairy Aura\n|turn|24\n|\n|t:|1701052701\n|move|p1a: Blastoise|Ice Beam|p2a: Jimmy\n|-damage|p2a: Jimmy|8\/100\n|-status|p2a: Jimmy|frz\n|cant|p2a: Jimmy|frz\n|\n|upkeep\n|turn|25\n|c|\u2606genesisjericho|Naturally.\n|-message|genesisjericho forfeited.\n|\n|win|BTT2023\n|raw|BTT2023's rating: 1089 &rarr; <strong>1120<\/strong><br \/>(+31 for winning)\n|raw|genesisjericho's rating: 1142 &rarr; <strong>1113<\/strong><br \/>(-29 for losing)\n|c|\u2606BTT2023|YEAHHH\n|c|\u2606genesisjericho|gg\n|c|\u2606genesisjericho|lol\n|c|\u2606BTT2023|GG\n|c|\u2606BTT2023|:)\n","uploadtime":1701052717,"views":1,"p1id":"btt2023","p2id":"genesisjericho","formatid":"gen9nationaldexubers","rating":1113,"private":0,"password":""}