{"id":"gen9nationaldexubers-1988344978","p1":"beetlejuggler","p2":"zjt369","format":"[Gen 9] National Dex Ubers","log":"|j|\u2606beetlejuggler\n|j|\u2606zjt369\n|t:|1699711679\n|gametype|singles\n|player|p1|beetlejuggler|266|1173\n|player|p2|zjt369|266|1196\n|teamsize|p1|6\n|teamsize|p2|6\n|gen|9\n|tier|[Gen 9] National Dex Ubers\n|rated|\n|rule|HP Percentage Mod: HP is shown in percentages\n|rule|Endless Battle Clause: Forcing endless battles is banned\n|rule|OHKO Clause: OHKO moves are banned\n|rule|Evasion Moves Clause: Evasion moves are banned\n|rule|Evasion Items Clause: Evasion items are banned\n|rule|Species Clause: Limit one of each Pok\u00e9mon\n|rule|Sleep Clause Mod: Limit one foe put to sleep\n|rule|Mega Rayquaza Clause: You cannot mega evolve Rayquaza\n|clearpoke\n|poke|p1|Electrode|\n|poke|p1|Bellossom, F|\n|poke|p1|Flutter Mane|\n|poke|p1|Hypno, F|\n|poke|p1|Throh, M|\n|poke|p1|Mienshao, M|\n|poke|p2|Blastoise, M|\n|poke|p2|Gholdengo|\n|poke|p2|Xerneas-*|\n|poke|p2|Ninetales-Alola, F|\n|poke|p2|Lugia|\n|poke|p2|Ogerpon-Hearthflame, F|\n|teampreview\n|\n|t:|1699711686\n|start\n|switch|p1a: Electrode|Electrode|100\/100\n|switch|p2a: Ninetales|Ninetales-Alola, F|100\/100\n|-weather|Snow|[from] ability: Snow Warning|[of] p2a: Ninetales\n|turn|1\n|inactive|Battle timer is ON: inactive players will automatically lose when time's up. (requested by beetlejuggler)\n|\n|t:|1699711703\n|move|p1a: Electrode|Taunt|p2a: Ninetales\n|-start|p2a: Ninetales|move: Taunt\n|cant|p2a: Ninetales|move: Taunt|Aurora Veil\n|\n|-weather|Snow|[upkeep]\n|upkeep\n|turn|2\n|\n|t:|1699711723\n|switch|p2a: Gholdengo|Gholdengo|100\/100\n|move|p1a: Electrode|Light Screen|p1a: Electrode\n|-sidestart|p1: beetlejuggler|move: Light Screen\n|\n|-weather|Snow|[upkeep]\n|upkeep\n|turn|3\n|\n|t:|1699711736\n|move|p1a: Electrode|Volt Switch|p2a: Gholdengo\n|-crit|p2a: Gholdengo\n|-damage|p2a: Gholdengo|71\/100\n|\n|t:|1699711748\n|switch|p1a: Bellossom|Bellossom, F|100\/100|[from] Volt Switch\n|move|p2a: Gholdengo|Make It Rain|p1a: Bellossom\n|-crit|p1a: Bellossom\n|-damage|p1a: Bellossom|0 fnt\n|-unboost|p2a: Gholdengo|spa|1\n|faint|p1a: Bellossom\n|\n|-weather|Snow|[upkeep]\n|-heal|p2a: Gholdengo|77\/100|[from] item: Leftovers\n|upkeep\n|\n|t:|1699711756\n|switch|p1a: Flutter Mane|Flutter Mane|100\/100\n|-enditem|p1a: Flutter Mane|Booster Energy\n|-activate|p1a: Flutter Mane|ability: Protosynthesis|[fromitem]\n|-start|p1a: Flutter Mane|protosynthesisspe\n|turn|4\n|\n|t:|1699711775\n|switch|p2a: Lugia|Lugia|100\/100\n|-terastallize|p1a: Flutter Mane|Fire\n|move|p1a: Flutter Mane|Calm Mind|p1a: Flutter Mane\n|-boost|p1a: Flutter Mane|spa|1\n|-boost|p1a: Flutter Mane|spd|1\n|\n|-weather|Snow|[upkeep]\n|upkeep\n|turn|5\n|\n|t:|1699711791\n|move|p1a: Flutter Mane|Shadow Ball|p2a: Lugia\n|-supereffective|p2a: Lugia\n|-damage|p2a: Lugia|64\/100\n|move|p2a: Lugia|Calm Mind|p2a: Lugia\n|-boost|p2a: Lugia|spa|1\n|-boost|p2a: Lugia|spd|1\n|\n|-weather|none\n|-heal|p2a: Lugia|70\/100|[from] item: Leftovers\n|upkeep\n|turn|6\n|\n|t:|1699711804\n|move|p1a: Flutter Mane|Calm Mind|p1a: Flutter Mane\n|-boost|p1a: Flutter Mane|spa|1\n|-boost|p1a: Flutter Mane|spd|1\n|move|p2a: Lugia|Roost|p2a: Lugia\n|-heal|p2a: Lugia|100\/100\n|-singleturn|p2a: Lugia|move: Roost\n|\n|upkeep\n|turn|7\n|\n|t:|1699711821\n|move|p1a: Flutter Mane|Shadow Ball|p2a: Lugia\n|-supereffective|p2a: Lugia\n|-damage|p2a: Lugia|71\/100\n|move|p2a: Lugia|Calm Mind|p2a: Lugia\n|-boost|p2a: Lugia|spa|1\n|-boost|p2a: Lugia|spd|1\n|\n|-heal|p2a: Lugia|77\/100|[from] item: Leftovers\n|upkeep\n|turn|8\n|\n|t:|1699711830\n|move|p1a: Flutter Mane|Shadow Ball|p2a: Lugia\n|-supereffective|p2a: Lugia\n|-damage|p2a: Lugia|30\/100\n|move|p2a: Lugia|Roost|p2a: Lugia\n|-heal|p2a: Lugia|80\/100\n|-singleturn|p2a: Lugia|move: Roost\n|\n|-heal|p2a: Lugia|87\/100|[from] item: Leftovers\n|upkeep\n|turn|9\n|\n|t:|1699711844\n|move|p1a: Flutter Mane|Calm Mind|p1a: Flutter Mane\n|-boost|p1a: Flutter Mane|spa|1\n|-boost|p1a: Flutter Mane|spd|1\n|move|p2a: Lugia|Roost|p2a: Lugia\n|-heal|p2a: Lugia|100\/100\n|-singleturn|p2a: Lugia|move: Roost\n|\n|-sideend|p1: beetlejuggler|move: Light Screen\n|upkeep\n|turn|10\n|\n|t:|1699711852\n|move|p1a: Flutter Mane|Calm Mind|p1a: Flutter Mane\n|-boost|p1a: Flutter Mane|spa|1\n|-boost|p1a: Flutter Mane|spd|1\n|move|p2a: Lugia|Calm Mind|p2a: Lugia\n|-boost|p2a: Lugia|spa|1\n|-boost|p2a: Lugia|spd|1\n|\n|upkeep\n|turn|11\n|\n|t:|1699711858\n|move|p1a: Flutter Mane|Calm Mind|p1a: Flutter Mane\n|-boost|p1a: Flutter Mane|spa|1\n|-boost|p1a: Flutter Mane|spd|1\n|move|p2a: Lugia|Calm Mind|p2a: Lugia\n|-boost|p2a: Lugia|spa|1\n|-boost|p2a: Lugia|spd|1\n|\n|upkeep\n|turn|12\n|\n|t:|1699711864\n|move|p1a: Flutter Mane|Calm Mind|p1a: Flutter Mane\n|-boost|p1a: Flutter Mane|spa|1\n|-boost|p1a: Flutter Mane|spd|1\n|move|p2a: Lugia|Calm Mind|p2a: Lugia\n|-boost|p2a: Lugia|spa|1\n|-boost|p2a: Lugia|spd|1\n|\n|upkeep\n|turn|13\n|\n|t:|1699711871\n|move|p1a: Flutter Mane|Shadow Ball|p2a: Lugia\n|-supereffective|p2a: Lugia\n|-damage|p2a: Lugia|73\/100\n|move|p2a: Lugia|Calm Mind|p2a: Lugia\n|-boost|p2a: Lugia|spa|1\n|-boost|p2a: Lugia|spd|1\n|\n|-heal|p2a: Lugia|79\/100|[from] item: Leftovers\n|upkeep\n|turn|14\n|\n|t:|1699711879\n|move|p1a: Flutter Mane|Shadow Ball|p2a: Lugia\n|-supereffective|p2a: Lugia\n|-damage|p2a: Lugia|34\/100\n|-unboost|p2a: Lugia|spd|1\n|move|p2a: Lugia|Roost|p2a: Lugia\n|-heal|p2a: Lugia|84\/100\n|-singleturn|p2a: Lugia|move: Roost\n|\n|-heal|p2a: Lugia|90\/100|[from] item: Leftovers\n|upkeep\n|turn|15\n|\n|t:|1699711889\n|move|p1a: Flutter Mane|Shadow Ball|p2a: Lugia\n|-supereffective|p2a: Lugia\n|-damage|p2a: Lugia|33\/100\n|move|p2a: Lugia|Aeroblast|p1a: Flutter Mane\n|-damage|p1a: Flutter Mane|70\/100\n|\n|-heal|p2a: Lugia|39\/100|[from] item: Leftovers\n|upkeep\n|turn|16\n|\n|t:|1699711908\n|move|p1a: Flutter Mane|Shadow Ball|p2a: Lugia\n|-supereffective|p2a: Lugia\n|-damage|p2a: Lugia|0 fnt\n|faint|p2a: Lugia\n|\n|upkeep\n|\n|t:|1699711926\n|switch|p2a: Xerneas|Xerneas|100\/100\n|-ability|p2a: Xerneas|Fairy Aura\n|turn|17\n|\n|t:|1699711932\n|-terastallize|p2a: Xerneas|Dark\n|move|p1a: Flutter Mane|Mystical Fire|p2a: Xerneas\n|-damage|p2a: Xerneas|0 fnt\n|faint|p2a: Xerneas\n|\n|upkeep\n|\n|t:|1699711938\n|switch|p2a: Ogerpon|Ogerpon-Hearthflame, F|100\/100\n|-ability|p2a: Ogerpon|Mold Breaker\n|turn|18\n|\n|t:|1699711945\n|move|p1a: Flutter Mane|Mystical Fire|p2a: Ogerpon\n|-damage|p2a: Ogerpon|0 fnt\n|faint|p2a: Ogerpon\n|\n|upkeep\n|\n|t:|1699711950\n|switch|p2a: Blastoise|Blastoise, M|100\/100\n|turn|19\n|\n|t:|1699711955\n|detailschange|p2a: Blastoise|Blastoise-Mega, M\n|-mega|p2a: Blastoise|Blastoise|Blastoisinite\n|move|p1a: Flutter Mane|Moonblast|p2a: Blastoise\n|-damage|p2a: Blastoise|0 fnt\n|faint|p2a: Blastoise\n|\n|upkeep\n|-message|zjt369 forfeited.\n|l|\u2606zjt369\n|inactive|zjt369 disconnected and has a minute to reconnect!\n|player|p2|\n|\n|win|beetlejuggler\n|raw|beetlejuggler's rating: 1173 &rarr; <strong>1200<\/strong><br \/>(+27 for winning)\n|raw|zjt369's rating: 1196 &rarr; <strong>1169<\/strong><br \/>(-27 for losing)\n","uploadtime":1699711987,"views":6,"p1id":"beetlejuggler","p2id":"zjt369","formatid":"gen9nationaldexubers","rating":1169,"private":0,"password":""}