{"id":"gen9nationaldexubers-1988642792","p1":"fairlylame","p2":"basilcheer","format":"[Gen 9] National Dex Ubers","log":"|j|\u2606fairlylame\n|j|\u2606basilcheer\n|t:|1699745376\n|gametype|singles\n|player|p1|fairlylame|gladion|\n|player|p2|basilcheer|marnie|\n|teamsize|p1|6\n|teamsize|p2|6\n|gen|9\n|tier|[Gen 9] National Dex Ubers\n|rule|HP Percentage Mod: HP is shown in percentages\n|rule|Endless Battle Clause: Forcing endless battles is banned\n|rule|OHKO Clause: OHKO moves are banned\n|rule|Evasion Moves Clause: Evasion moves are banned\n|rule|Evasion Items Clause: Evasion items are banned\n|rule|Species Clause: Limit one of each Pok\u00e9mon\n|rule|Sleep Clause Mod: Limit one foe put to sleep\n|rule|Mega Rayquaza Clause: You cannot mega evolve Rayquaza\n|clearpoke\n|poke|p1|Kingambit, F|\n|poke|p1|Jirachi|\n|poke|p1|Salamence, M|\n|poke|p1|Lopunny, M|\n|poke|p1|Clodsire, M|\n|poke|p1|Shaymin|\n|poke|p2|Azelf|\n|poke|p2|Doublade, F|\n|poke|p2|Mawile, F|\n|poke|p2|Lurantis, M|\n|poke|p2|Feraligatr, M|\n|poke|p2|Haxorus, M|\n|teampreview\n|\n|t:|1699745391\n|start\n|switch|p1a: deadcoin|Kingambit, F, shiny|100\/100\n|switch|p2a: Azelf|Azelf|100\/100\n|turn|1\n|\n|t:|1699745397\n|move|p1a: deadcoin|Sucker Punch||[still]\n|-fail|p1a: deadcoin\n|move|p2a: Azelf|Reflect|p2a: Azelf\n|-sidestart|p2: basilcheer|Reflect\n|\n|upkeep\n|turn|2\n|\n|t:|1699745402\n|move|p2a: Azelf|Light Screen|p2a: Azelf\n|-sidestart|p2: basilcheer|move: Light Screen\n|move|p1a: deadcoin|Knock Off|p2a: Azelf\n|-supereffective|p2a: Azelf\n|-damage|p2a: Azelf|18\/100\n|-enditem|p2a: Azelf|Light Clay|[from] move: Knock Off|[of] p1a: deadcoin\n|\n|upkeep\n|turn|3\n|\n|t:|1699745412\n|-end|p1a: deadcoin|fallenundefined|[silent]\n|switch|p1a: bill|Salamence, M|100\/100\n|-ability|p1a: bill|Intimidate|boost\n|-unboost|p2a: Azelf|atk|1\n|move|p2a: Azelf|Taunt|p1a: bill\n|-start|p1a: bill|move: Taunt\n|\n|upkeep\n|turn|4\n|\n|t:|1699745423\n|move|p2a: Azelf|U-turn|p1a: bill\n|-resisted|p1a: bill\n|-damage|p1a: bill|94\/100\n|\n|t:|1699745428\n|switch|p2a: Mawile|Mawile, F|100\/100|[from] U-turn\n|-ability|p2a: Mawile|Intimidate|boost\n|-unboost|p1a: bill|atk|1\n|move|p1a: bill|Draco Meteor|p2a: Mawile\n|-immune|p2a: Mawile\n|\n|upkeep\n|turn|5\n|\n|t:|1699745438\n|switch|p2a: Feraligatr|Feraligatr, M|100\/100\n|move|p1a: bill|Flamethrower|p2a: Feraligatr\n|-resisted|p2a: Feraligatr\n|-damage|p2a: Feraligatr|91\/100\n|\n|-end|p1a: bill|move: Taunt\n|upkeep\n|turn|6\n|\n|t:|1699745445\n|move|p2a: Feraligatr|Dragon Dance|p2a: Feraligatr\n|-boost|p2a: Feraligatr|atk|1\n|-boost|p2a: Feraligatr|spe|1\n|move|p1a: bill|Defog|p2a: Feraligatr\n|-unboost|p2a: Feraligatr|evasion|1\n|-sideend|p2: basilcheer|Reflect\n|-sideend|p2: basilcheer|move: Light Screen\n|\n|upkeep\n|turn|7\n|\n|t:|1699745458\n|switch|p1a: shayy undertale|Shaymin, shiny|100\/100\n|move|p2a: Feraligatr|Ice Punch|p1a: shayy undertale\n|-supereffective|p1a: shayy undertale\n|-damage|p1a: shayy undertale|0 fnt\n|faint|p1a: shayy undertale\n|\n|upkeep\n|j| palestjade\n|\n|t:|1699745481\n|switch|p1a: bill|Salamence, M|94\/100\n|-ability|p1a: bill|Intimidate|boost\n|-unboost|p2a: Feraligatr|atk|1\n|turn|8\n|\n|t:|1699745504\n|move|p2a: Feraligatr|Dragon Dance|p2a: Feraligatr\n|-boost|p2a: Feraligatr|atk|1\n|-boost|p2a: Feraligatr|spe|1\n|move|p1a: bill|Draco Meteor|p2a: Feraligatr\n|-damage|p2a: Feraligatr|11\/100\n|-unboost|p1a: bill|spa|2\n|\n|upkeep\n|turn|9\n|\n|t:|1699745515\n|move|p2a: Feraligatr|Ice Punch|p1a: bill\n|-supereffective|p1a: bill\n|-damage|p1a: bill|0 fnt\n|faint|p1a: bill\n|\n|upkeep\n|\n|t:|1699745542\n|switch|p1a: jerry|Lopunny, M, shiny|100\/100\n|turn|10\n|\n|t:|1699745548\n|switch|p2a: Doublade|Doublade, F|100\/100\n|detailschange|p1a: jerry|Lopunny-Mega, M, shiny\n|-mega|p1a: jerry|Lopunny|Lopunnite\n|move|p1a: jerry|Fake Out|p2a: Doublade\n|-resisted|p2a: Doublade\n|-damage|p2a: Doublade|95\/100\n|\n|upkeep\n|turn|11\n|\n|t:|1699745580\n|switch|p1a: bozo|Clodsire, M|100\/100\n|move|p2a: Doublade|Sacred Sword|p1a: bozo\n|-resisted|p1a: bozo\n|-damage|p1a: bozo|85\/100\n|\n|-heal|p1a: bozo|91\/100|[from] item: Leftovers\n|upkeep\n|turn|12\n|\n|t:|1699745605\n|move|p1a: bozo|Earthquake|p2a: Doublade\n|-supereffective|p2a: Doublade\n|-damage|p2a: Doublade|66\/100\n|move|p2a: Doublade|Swords Dance|p2a: Doublade\n|-boost|p2a: Doublade|atk|2\n|\n|-heal|p1a: bozo|97\/100|[from] item: Leftovers\n|upkeep\n|turn|13\n|\n|t:|1699745615\n|move|p1a: bozo|Earthquake|p2a: Doublade\n|-supereffective|p2a: Doublade\n|-damage|p2a: Doublade|36\/100\n|move|p2a: Doublade|Gyro Ball|p1a: bozo\n|-damage|p1a: bozo|80\/100\n|\n|-heal|p1a: bozo|86\/100|[from] item: Leftovers\n|upkeep\n|turn|14\n|\n|t:|1699745624\n|-terastallize|p2a: Doublade|Ghost\n|move|p2a: Doublade|Shadow Sneak|p1a: bozo\n|-damage|p1a: bozo|54\/100\n|move|p1a: bozo|Earthquake|p2a: Doublade\n|-damage|p2a: Doublade|22\/100\n|\n|-heal|p1a: bozo|60\/100|[from] item: Leftovers\n|upkeep\n|turn|15\n|\n|t:|1699745647\n|move|p2a: Doublade|Shadow Sneak|p1a: bozo\n|-damage|p1a: bozo|31\/100\n|move|p1a: bozo|Toxic|p2a: Doublade\n|-status|p2a: Doublade|tox\n|\n|-heal|p1a: bozo|37\/100|[from] item: Leftovers\n|-damage|p2a: Doublade|15\/100 tox|[from] psn\n|upkeep\n|turn|16\n|\n|t:|1699745654\n|move|p2a: Doublade|Shadow Sneak|p1a: bozo\n|-damage|p1a: bozo|6\/100\n|move|p1a: bozo|Stealth Rock|p2a: Doublade\n|-sidestart|p2: basilcheer|move: Stealth Rock\n|\n|-heal|p1a: bozo|12\/100|[from] item: Leftovers\n|-damage|p2a: Doublade|3\/100 tox|[from] psn\n|upkeep\n|turn|17\n|\n|t:|1699745662\n|move|p2a: Doublade|Shadow Sneak|p1a: bozo\n|-damage|p1a: bozo|0 fnt\n|faint|p1a: bozo\n|\n|-damage|p2a: Doublade|0 fnt|[from] psn\n|faint|p2a: Doublade\n|upkeep\n|\n|t:|1699745696\n|switch|p1a: jerry|Lopunny-Mega, M, shiny|100\/100\n|switch|p2a: Lurantis|Lurantis, M|100\/100\n|-damage|p2a: Lurantis|88\/100|[from] Stealth Rock\n|turn|18\n|\n|t:|1699745708\n|move|p1a: jerry|Ice Punch|p2a: Lurantis\n|-supereffective|p2a: Lurantis\n|-damage|p2a: Lurantis|47\/100\n|move|p2a: Lurantis|Defog|p1a: jerry\n|-unboost|p1a: jerry|evasion|1\n|-sideend|p2: basilcheer|Stealth Rock|[from] move: Defog|[of] p2a: Lurantis\n|\n|-heal|p2a: Lurantis|53\/100|[from] item: Leftovers\n|upkeep\n|turn|19\n|\n|t:|1699745716\n|move|p1a: jerry|Ice Punch|p2a: Lurantis\n|-supereffective|p2a: Lurantis\n|-damage|p2a: Lurantis|12\/100\n|move|p2a: Lurantis|Superpower|p1a: jerry\n|-supereffective|p1a: jerry\n|-damage|p1a: jerry|38\/100\n|-boost|p2a: Lurantis|atk|1\n|-boost|p2a: Lurantis|def|1\n|\n|-heal|p2a: Lurantis|18\/100|[from] item: Leftovers\n|upkeep\n|turn|20\n|\n|t:|1699745727\n|move|p1a: jerry|Ice Punch|p2a: Lurantis\n|-supereffective|p2a: Lurantis\n|-damage|p2a: Lurantis|0 fnt\n|faint|p2a: Lurantis\n|\n|upkeep\n|\n|t:|1699745746\n|switch|p2a: Feraligatr|Feraligatr, M|11\/100\n|turn|21\n|\n|t:|1699745760\n|move|p2a: Feraligatr|Aqua Jet|p1a: jerry\n|-damage|p1a: jerry|0 fnt\n|faint|p1a: jerry\n|-damage|p2a: Feraligatr|1\/100|[from] item: Life Orb\n|\n|upkeep\n|\n|t:|1699745768\n|switch|p1a: bitch|Jirachi|100\/100\n|turn|22\n|\n|t:|1699745780\n|move|p2a: Feraligatr|Aqua Jet|p1a: bitch\n|-damage|p1a: bitch|80\/100\n|-damage|p2a: Feraligatr|0 fnt|[from] item: Life Orb\n|faint|p2a: Feraligatr\n|move|p1a: bitch|Wish|p1a: bitch\n|\n|-heal|p1a: bitch|86\/100|[from] item: Leftovers\n|upkeep\n|\n|t:|1699745789\n|switch|p2a: Haxorus|Haxorus, M|100\/100\n|turn|23\n|\n|t:|1699745797\n|move|p1a: bitch|Protect|p1a: bitch\n|-singleturn|p1a: bitch|Protect\n|move|p2a: Haxorus|Dragon Dance|p2a: Haxorus\n|-boost|p2a: Haxorus|atk|1\n|-boost|p2a: Haxorus|spe|1\n|\n|-heal|p1a: bitch|100\/100|[from] move: Wish|[wisher] bitch\n|upkeep\n|turn|24\n|\n|t:|1699745805\n|move|p2a: Haxorus|Earthquake|p1a: bitch\n|-supereffective|p1a: bitch\n|-damage|p1a: bitch|0 fnt\n|faint|p1a: bitch\n|\n|upkeep\n|\n|t:|1699745810\n|switch|p1a: deadcoin|Kingambit, F, shiny|100\/100\n|-activate|p1a: deadcoin|ability: Supreme Overlord\n|-start|p1a: deadcoin|fallen5|[silent]\n|turn|25\n|\n|t:|1699745843\n|-terastallize|p1a: deadcoin|Dark\n|move|p2a: Haxorus|Close Combat|p1a: deadcoin\n|-supereffective|p1a: deadcoin\n|-damage|p1a: deadcoin|20\/100\n|-unboost|p2a: Haxorus|def|1\n|-unboost|p2a: Haxorus|spd|1\n|move|p1a: deadcoin|Swords Dance|p1a: deadcoin\n|-boost|p1a: deadcoin|atk|2\n|\n|upkeep\n|turn|26\n|\n|t:|1699745855\n|move|p1a: deadcoin|Sucker Punch||[still]\n|-fail|p1a: deadcoin\n|move|p2a: Haxorus|Dragon Dance|p2a: Haxorus\n|-boost|p2a: Haxorus|atk|1\n|-boost|p2a: Haxorus|spe|1\n|\n|upkeep\n|turn|27\n|\n|t:|1699745861\n|move|p1a: deadcoin|Sucker Punch||[still]\n|-fail|p1a: deadcoin\n|move|p2a: Haxorus|Dragon Dance|p2a: Haxorus\n|-boost|p2a: Haxorus|atk|1\n|-boost|p2a: Haxorus|spe|1\n|\n|upkeep\n|turn|28\n|\n|t:|1699745867\n|move|p1a: deadcoin|Sucker Punch||[still]\n|-fail|p1a: deadcoin\n|move|p2a: Haxorus|Dragon Dance|p2a: Haxorus\n|-boost|p2a: Haxorus|atk|1\n|-boost|p2a: Haxorus|spe|1\n|\n|upkeep\n|turn|29\n|\n|t:|1699745873\n|move|p2a: Haxorus|Dragon Dance|p2a: Haxorus\n|-boost|p2a: Haxorus|atk|1\n|-boost|p2a: Haxorus|spe|1\n|move|p1a: deadcoin|Knock Off|p2a: Haxorus\n|-damage|p2a: Haxorus|0 fnt\n|-enditem|p2a: Haxorus|Lum Berry|[from] move: Knock Off|[of] p1a: deadcoin\n|faint|p2a: Haxorus\n|\n|upkeep\n|\n|t:|1699745880\n|switch|p2a: Azelf|Azelf|18\/100\n|turn|30\n|\n|t:|1699745883\n|move|p2a: Azelf|Reflect|p2a: Azelf\n|-sidestart|p2: basilcheer|Reflect\n|move|p1a: deadcoin|Knock Off|p2a: Azelf\n|-supereffective|p2a: Azelf\n|-crit|p2a: Azelf\n|-damage|p2a: Azelf|0 fnt\n|faint|p2a: Azelf\n|\n|upkeep\n|j| The_Opposum\n|\n|t:|1699745888\n|switch|p2a: Mawile|Mawile, F|100\/100\n|-ability|p2a: Mawile|Intimidate|boost\n|-unboost|p1a: deadcoin|atk|1\n|turn|31\n|\n|t:|1699745896\n|detailschange|p2a: Mawile|Mawile-Mega, F\n|-mega|p2a: Mawile|Mawile|Mawilite\n|move|p1a: deadcoin|Sucker Punch|p2a: Mawile\n|-resisted|p2a: Mawile\n|-damage|p2a: Mawile|68\/100\n|move|p2a: Mawile|Iron Head|p1a: deadcoin\n|-damage|p1a: deadcoin|0 fnt\n|faint|p1a: deadcoin\n|-end|p1a: deadcoin|fallen5|[silent]\n|\n|win|basilcheer\n|c| The_Opposum|nice gender avatar basil\n|l|\u2606fairlylame\n|c|\u2606basilcheer|FR\n|l|\u2606basilcheer\n|l| The_Opposum\n","uploadtime":1699745947,"views":7,"p1id":"fairlylame","p2id":"basilcheer","formatid":"gen9nationaldexubers","rating":0,"private":0,"password":""}