{"id":"gen9nationaldexubers-1992356553","p1":"BloodPlum","p2":"Jack0lantern89","format":"[Gen 9] National Dex Ubers","log":"|j|\u2606BloodPlum\n|j|\u2606Jack0lantern89\n|t:|1700178206\n|gametype|singles\n|player|p1|BloodPlum|parasollady|\n|player|p2|Jack0lantern89|brawly|\n|teamsize|p1|6\n|teamsize|p2|6\n|gen|9\n|tier|[Gen 9] National Dex Ubers\n|rule|HP Percentage Mod: HP is shown in percentages\n|rule|Endless Battle Clause: Forcing endless battles is banned\n|rule|OHKO Clause: OHKO moves are banned\n|rule|Evasion Moves Clause: Evasion moves are banned\n|rule|Evasion Items Clause: Evasion items are banned\n|rule|Species Clause: Limit one of each Pok\u00e9mon\n|rule|Sleep Clause Mod: Limit one foe put to sleep\n|rule|Mega Rayquaza Clause: You cannot mega evolve Rayquaza\n|clearpoke\n|poke|p1|Heracross, F|\n|poke|p1|Gliscor, M|\n|poke|p1|Hitmontop, M|\n|poke|p1|Azumarill, F|\n|poke|p1|Mismagius, F|\n|poke|p1|Slowking-Galar, F|\n|poke|p2|Iron Valiant|\n|poke|p2|Iron Hands|\n|poke|p2|Great Tusk|\n|poke|p2|Gallade, M|\n|poke|p2|Cobalion|\n|poke|p2|Urshifu-*, F|\n|teampreview\n|inactive|Battle timer is ON: inactive players will automatically lose when time's up. (requested by Jack0lantern89)\n|c|\u2606Jack0lantern89|glhf\n|inactiveoff|Battle timer is now OFF.\n|c|\u2606BloodPlum|Gl Hf\n|c|\u2606Jack0lantern89|whats cap\n|c|\u2606BloodPlum|Steel Azumarill.\n|c|\u2606Jack0lantern89|alr\n|c|\u2606Jack0lantern89|i have a feeling u wont tera\n|\n|t:|1700178255\n|start\n|switch|p1a: Mismagius|Mismagius, F|100\/100\n|switch|p2a: Urshifu|Urshifu-Rapid-Strike, F|100\/100\n|turn|1\n|\n|t:|1700178262\n|switch|p2a: Cobalion|Cobalion|100\/100\n|move|p1a: Mismagius|Will-O-Wisp|p2a: Cobalion\n|-status|p2a: Cobalion|brn\n|\n|-damage|p2a: Cobalion|94\/100 brn|[from] brn\n|upkeep\n|turn|2\n|\n|t:|1700178272\n|move|p2a: Cobalion|Stealth Rock|p1a: Mismagius\n|-sidestart|p1: BloodPlum|move: Stealth Rock\n|move|p1a: Mismagius|Trick Room|p1a: Mismagius\n|-fieldstart|move: Trick Room|[of] p1a: Mismagius\n|\n|-heal|p2a: Cobalion|100\/100 brn|[from] item: Leftovers\n|-damage|p2a: Cobalion|94\/100 brn|[from] brn\n|upkeep\n|turn|3\n|\n|t:|1700178277\n|move|p1a: Mismagius|Psychic|p2a: Cobalion\n|-damage|p2a: Cobalion|68\/100 brn\n|move|p2a: Cobalion|Thunder Wave|p1a: Mismagius\n|-status|p1a: Mismagius|par\n|\n|-heal|p2a: Cobalion|74\/100 brn|[from] item: Leftovers\n|-damage|p2a: Cobalion|68\/100 brn|[from] brn\n|upkeep\n|turn|4\n|\n|t:|1700178281\n|move|p1a: Mismagius|Psychic|p2a: Cobalion\n|-damage|p2a: Cobalion|42\/100 brn\n|move|p2a: Cobalion|Thunder Wave|p1a: Mismagius\n|-fail|p1a: Mismagius|par\n|\n|-heal|p2a: Cobalion|48\/100 brn|[from] item: Leftovers\n|-damage|p2a: Cobalion|42\/100 brn|[from] brn\n|upkeep\n|turn|5\n|\n|t:|1700178285\n|move|p1a: Mismagius|Psychic|p2a: Cobalion\n|-damage|p2a: Cobalion|19\/100 brn\n|move|p2a: Cobalion|Iron Head|p1a: Mismagius\n|-damage|p1a: Mismagius|82\/100 par\n|\n|-heal|p2a: Cobalion|25\/100 brn|[from] item: Leftovers\n|-damage|p2a: Cobalion|19\/100 brn|[from] brn\n|upkeep\n|turn|6\n|\n|t:|1700178292\n|switch|p2a: Rifk's favourite|Gallade, M|100\/100\n|cant|p1a: Mismagius|par\n|\n|-fieldend|move: Trick Room\n|upkeep\n|turn|7\n|\n|t:|1700178298\n|detailschange|p2a: Rifk's favourite|Gallade-Mega, M\n|-mega|p2a: Rifk's favourite|Gallade|Galladite\n|move|p2a: Rifk's favourite|Knock Off|p1a: Mismagius\n|-supereffective|p1a: Mismagius\n|-damage|p1a: Mismagius|0 fnt\n|-enditem|p1a: Mismagius|Focus Sash|[from] move: Knock Off|[of] p2a: Rifk's favourite\n|faint|p1a: Mismagius\n|\n|upkeep\n|\n|t:|1700178305\n|switch|p1a: Slowking|Slowking-Galar, F|100\/100\n|-damage|p1a: Slowking|88\/100|[from] Stealth Rock\n|turn|8\n|\n|t:|1700178312\n|move|p2a: Rifk's favourite|Knock Off|p1a: Slowking\n|-supereffective|p1a: Slowking\n|-damage|p1a: Slowking|0 fnt\n|-enditem|p1a: Slowking|Black Sludge|[from] move: Knock Off|[of] p2a: Rifk's favourite\n|faint|p1a: Slowking\n|\n|upkeep\n|\n|t:|1700178317\n|switch|p1a: Gliscor|Gliscor, M|100\/100\n|-damage|p1a: Gliscor|88\/100|[from] Stealth Rock\n|turn|9\n|\n|t:|1700178322\n|move|p2a: Rifk's favourite|Triple Axel|p1a: Gliscor\n|-supereffective|p1a: Gliscor\n|-damage|p1a: Gliscor|54\/100\n|-supereffective|p1a: Gliscor\n|-damage|p1a: Gliscor|0 fnt\n|faint|p1a: Gliscor\n|-hitcount|p1: Gliscor|2\n|\n|upkeep\n|\n|t:|1700178327\n|switch|p1a: Azumarill|Azumarill, F|100\/100\n|-damage|p1a: Azumarill|88\/100|[from] Stealth Rock\n|turn|10\n|\n|t:|1700178334\n|switch|p2a: Cobalion|Cobalion|19\/100 brn\n|move|p1a: Azumarill|Play Rough|p2a: Cobalion\n|-damage|p2a: Cobalion|0 fnt\n|faint|p2a: Cobalion\n|\n|upkeep\n|\n|t:|1700178339\n|switch|p2a: SPECS B*TCH|Iron Valiant|100\/100\n|turn|11\n|\n|t:|1700178346\n|move|p2a: SPECS B*TCH|Thunderbolt|p1a: Azumarill\n|-supereffective|p1a: Azumarill\n|-damage|p1a: Azumarill|0 fnt\n|faint|p1a: Azumarill\n|\n|upkeep\n|\n|t:|1700178353\n|switch|p1a: Hitmontop|Hitmontop, M|100\/100\n|turn|12\n|\n|t:|1700178360\n|-end|p2a: SPECS B*TCH|Quark Drive|[silent]\n|switch|p2a: Rifk's favourite|Gallade-Mega, M|100\/100\n|move|p1a: Hitmontop|Bullet Punch|p2a: Rifk's favourite\n|-damage|p2a: Rifk's favourite|78\/100\n|\n|upkeep\n|turn|13\n|\n|t:|1700178365\n|move|p2a: Rifk's favourite|Zen Headbutt|p1a: Hitmontop\n|-supereffective|p1a: Hitmontop\n|-damage|p1a: Hitmontop|0 fnt\n|faint|p1a: Hitmontop\n|\n|upkeep\n|\n|t:|1700178367\n|switch|p1a: Heracross|Heracross, F|100\/100\n|-damage|p1a: Heracross|88\/100|[from] Stealth Rock\n|turn|14\n|\n|t:|1700178374\n|detailschange|p1a: Heracross|Heracross-Mega, F\n|-mega|p1a: Heracross|Heracross|Heracronite\n|move|p2a: Rifk's favourite|Zen Headbutt|p1a: Heracross\n|-supereffective|p1a: Heracross\n|-damage|p1a: Heracross|2\/100\n|move|p1a: Heracross|Lunge|p2a: Rifk's favourite\n|-damage|p2a: Rifk's favourite|7\/100\n|-unboost|p2a: Rifk's favourite|atk|1\n|\n|upkeep\n|turn|15\n|\n|t:|1700178381\n|move|p2a: Rifk's favourite|Knock Off|p1a: Heracross\n|-resisted|p1a: Heracross\n|-damage|p1a: Heracross|0 fnt\n|faint|p1a: Heracross\n|\n|win|Jack0lantern89\n|l|\u2606BloodPlum\n|c|\u2606Jack0lantern89|ggs\n","uploadtime":1700178387,"views":21,"p1id":"bloodplum","p2id":"jack0lantern89","formatid":"gen9nationaldexubers","rating":0,"private":0,"password":""}