{"id":"gen9nationaldexubers-1978425553","p1":"aguinaldo124","p2":"Barracood","format":"[Gen 9] National Dex Ubers","log":"|j|\u2606aguinaldo124\n|j|\u2606Barracood\n|t:|1698537315\n|gametype|singles\n|player|p1|aguinaldo124|red|1125\n|player|p2|Barracood|unknown|1319\n|teamsize|p1|6\n|teamsize|p2|6\n|gen|9\n|tier|[Gen 9] National Dex Ubers\n|rated|\n|rule|HP Percentage Mod: HP is shown in percentages\n|rule|Endless Battle Clause: Forcing endless battles is banned\n|rule|OHKO Clause: OHKO moves are banned\n|rule|Evasion Moves Clause: Evasion moves are banned\n|rule|Evasion Items Clause: Evasion items are banned\n|rule|Species Clause: Limit one of each Pok\u00e9mon\n|rule|Sleep Clause Mod: Limit one foe put to sleep\n|rule|Mega Rayquaza Clause: You cannot mega evolve Rayquaza\n|clearpoke\n|poke|p1|Pyukumuku, F|\n|poke|p1|Chansey, F|\n|poke|p1|Hatterene, F|\n|poke|p1|Avalugg, F|\n|poke|p1|Grimmsnarl, M|\n|poke|p1|Toxapex, F|\n|poke|p2|Metagross|\n|poke|p2|Kyogre|\n|poke|p2|Groudon|\n|poke|p2|Ho-Oh|\n|poke|p2|Xerneas-*|\n|poke|p2|Ditto|\n|teampreview\n|inactive|Battle timer is ON: inactive players will automatically lose when time's up. (requested by Barracood)\n|\n|t:|1698537329\n|start\n|switch|p1a: Grimmsnarl|Grimmsnarl, M|100\/100\n|switch|p2a: Ditto|Ditto|100\/100\n|-transform|p2a: Ditto|p1a: Grimmsnarl|[from] ability: Imposter\n|turn|1\n|\n|t:|1698537339\n|move|p2a: Ditto|Reflect|p2a: Ditto\n|-sidestart|p2: Barracood|Reflect\n|move|p1a: Grimmsnarl|Spirit Break|p2a: Ditto\n|-supereffective|p2a: Ditto\n|-damage|p2a: Ditto|32\/100\n|-unboost|p2a: Ditto|spa|1\n|\n|upkeep\n|turn|2\n|\n|t:|1698537357\n|switch|p2a: Ho-Oh|Ho-Oh|100\/100\n|move|p1a: Grimmsnarl|Reflect|p1a: Grimmsnarl\n|-sidestart|p1: aguinaldo124|Reflect\n|\n|upkeep\n|turn|3\n|\n|t:|1698537363\n|move|p1a: Grimmsnarl|Light Screen|p1a: Grimmsnarl\n|-sidestart|p1: aguinaldo124|move: Light Screen\n|move|p2a: Ho-Oh|Sacred Fire|p1a: Grimmsnarl\n|-damage|p1a: Grimmsnarl|74\/100\n|-status|p1a: Grimmsnarl|brn\n|\n|-damage|p1a: Grimmsnarl|68\/100 brn|[from] brn\n|upkeep\n|turn|4\n|\n|t:|1698537371\n|move|p1a: Grimmsnarl|Parting Shot|p2a: Ho-Oh\n|-unboost|p2a: Ho-Oh|atk|1\n|-unboost|p2a: Ho-Oh|spa|1\n|\n|t:|1698537375\n|switch|p1a: Chansey|Chansey, F|100\/100|[from] Parting Shot\n|move|p2a: Ho-Oh|Sacred Fire|p1a: Chansey\n|-damage|p1a: Chansey|77\/100\n|-status|p1a: Chansey|brn\n|\n|-damage|p1a: Chansey|71\/100 brn|[from] brn\n|upkeep\n|turn|5\n|\n|t:|1698537388\n|switch|p2a: Groudon|Groudon|100\/100\n|detailschange|p2a: Groudon|Groudon-Primal\n|-primal|p2a: Groudon|Red Orb\n|-weather|DesolateLand|[from] ability: Desolate Land|[of] p2a: Groudon\n|move|p1a: Chansey|Toxic|p2a: Groudon\n|-status|p2a: Groudon|tox\n|\n|-weather|DesolateLand|[upkeep]\n|-damage|p2a: Groudon|94\/100 tox|[from] psn\n|-damage|p1a: Chansey|64\/100 brn|[from] brn\n|-sideend|p2: Barracood|Reflect\n|upkeep\n|turn|6\n|\n|t:|1698537403\n|-curestatus|p1a: Chansey|brn|[from] ability: Natural Cure\n|switch|p1a: Avalugg|Avalugg, F|100\/100\n|move|p2a: Groudon|Stealth Rock|p1a: Avalugg\n|-sidestart|p1: aguinaldo124|move: Stealth Rock\n|\n|-weather|DesolateLand|[upkeep]\n|-damage|p2a: Groudon|82\/100 tox|[from] psn\n|upkeep\n|turn|7\n|\n|t:|1698537433\n|move|p2a: Groudon|Heat Crash|p1a: Avalugg\n|-supereffective|p1a: Avalugg\n|-damage|p1a: Avalugg|83\/100\n|move|p1a: Avalugg|Rapid Spin|p2a: Groudon\n|-damage|p2a: Groudon|72\/100 tox\n|-boost|p1a: Avalugg|spe|1\n|-sideend|p1: aguinaldo124|Stealth Rock|[from] move: Rapid Spin|[of] p1a: Avalugg\n|\n|-weather|DesolateLand|[upkeep]\n|-heal|p1a: Avalugg|90\/100|[from] item: Leftovers\n|-damage|p2a: Groudon|54\/100 tox|[from] psn\n|upkeep\n|turn|8\n|\n|t:|1698537444\n|-weather|none\n|switch|p2a: Metagross|Metagross|100\/100\n|switch|p1a: Hatterene|Hatterene, F|100\/100\n|\n|upkeep\n|turn|9\n|\n|t:|1698537456\n|switch|p1a: Toxapex|Toxapex, F|100\/100\n|detailschange|p2a: Metagross|Metagross-Mega\n|-mega|p2a: Metagross|Metagross|Metagrossite\n|move|p2a: Metagross|Meteor Mash|p1a: Toxapex\n|-resisted|p1a: Toxapex\n|-damage|p1a: Toxapex|92\/100\n|-boost|p2a: Metagross|atk|1\n|\n|-heal|p1a: Toxapex|98\/100|[from] item: Black Sludge\n|-sideend|p1: aguinaldo124|Reflect\n|upkeep\n|turn|10\n|\n|t:|1698537469\n|move|p2a: Metagross|Psycho Cut|p1a: Toxapex\n|-supereffective|p1a: Toxapex\n|-damage|p1a: Toxapex|29\/100\n|move|p1a: Toxapex|Scald|p2a: Metagross\n|-damage|p2a: Metagross|84\/100\n|-status|p2a: Metagross|brn\n|\n|-heal|p1a: Toxapex|35\/100|[from] item: Black Sludge\n|-damage|p2a: Metagross|78\/100 brn|[from] brn\n|-sideend|p1: aguinaldo124|move: Light Screen\n|upkeep\n|turn|11\n|\n|t:|1698537482\n|switch|p1a: Grimmsnarl|Grimmsnarl, M|68\/100 brn\n|move|p2a: Metagross|Psycho Cut|p1a: Grimmsnarl\n|-immune|p1a: Grimmsnarl\n|\n|-damage|p2a: Metagross|72\/100 brn|[from] brn\n|-damage|p1a: Grimmsnarl|61\/100 brn|[from] brn\n|upkeep\n|turn|12\n|\n|t:|1698537491\n|move|p1a: Grimmsnarl|Reflect|p1a: Grimmsnarl\n|-sidestart|p1: aguinaldo124|Reflect\n|move|p2a: Metagross|Meteor Mash|p1a: Grimmsnarl\n|-supereffective|p1a: Grimmsnarl\n|-damage|p1a: Grimmsnarl|0 fnt\n|faint|p1a: Grimmsnarl\n|\n|-damage|p2a: Metagross|66\/100 brn|[from] brn\n|upkeep\n|\n|t:|1698537507\n|switch|p1a: Avalugg|Avalugg, F|90\/100\n|turn|13\n|\n|t:|1698537512\n|move|p2a: Metagross|Meteor Mash|p1a: Avalugg\n|-supereffective|p1a: Avalugg\n|-damage|p1a: Avalugg|70\/100\n|move|p1a: Avalugg|Body Press|p2a: Metagross\n|-damage|p2a: Metagross|34\/100 brn\n|\n|-heal|p1a: Avalugg|76\/100|[from] item: Leftovers\n|-damage|p2a: Metagross|28\/100 brn|[from] brn\n|upkeep\n|turn|14\n|\n|t:|1698537522\n|move|p2a: Metagross|Meteor Mash|p1a: Avalugg|[miss]\n|-miss|p2a: Metagross|p1a: Avalugg\n|move|p1a: Avalugg|Body Press|p2a: Metagross\n|-damage|p2a: Metagross|0 fnt\n|faint|p2a: Metagross\n|\n|-heal|p1a: Avalugg|82\/100|[from] item: Leftovers\n|upkeep\n|\n|t:|1698537526\n|switch|p2a: Ho-Oh|Ho-Oh|100\/100\n|turn|15\n|\n|t:|1698537539\n|switch|p1a: Chansey|Chansey, F|64\/100\n|move|p2a: Ho-Oh|Thunder Wave|p1a: Chansey\n|-status|p1a: Chansey|par\n|\n|upkeep\n|turn|16\n|\n|t:|1698537550\n|switch|p2a: Groudon|Groudon-Primal|54\/100 tox\n|-weather|DesolateLand|[from] ability: Desolate Land|[of] p2a: Groudon\n|move|p1a: Chansey|Soft-Boiled|p1a: Chansey\n|-heal|p1a: Chansey|100\/100 par\n|\n|-weather|DesolateLand|[upkeep]\n|-damage|p2a: Groudon|48\/100 tox|[from] psn\n|upkeep\n|turn|17\n|\n|t:|1698537560\n|-curestatus|p1a: Chansey|par|[from] ability: Natural Cure\n|switch|p1a: Hatterene|Hatterene, F|100\/100\n|move|p2a: Groudon|Heat Crash|p1a: Hatterene\n|-damage|p1a: Hatterene|15\/100\n|\n|-weather|DesolateLand|[upkeep]\n|-heal|p1a: Hatterene|20\/100|[from] item: Leftovers\n|-damage|p2a: Groudon|35\/100 tox|[from] psn\n|upkeep\n|turn|18\n|\n|t:|1698537574\n|switch|p1a: Avalugg|Avalugg, F|82\/100\n|move|p2a: Groudon|Precipice Blades|p1a: Avalugg\n|-damage|p1a: Avalugg|65\/100\n|\n|-weather|DesolateLand|[upkeep]\n|-heal|p1a: Avalugg|71\/100|[from] item: Leftovers\n|-damage|p2a: Groudon|17\/100 tox|[from] psn\n|upkeep\n|turn|19\n|\n|t:|1698537586\n|move|p2a: Groudon|Heat Crash|p1a: Avalugg\n|-supereffective|p1a: Avalugg\n|-damage|p1a: Avalugg|56\/100\n|move|p1a: Avalugg|Body Press|p2a: Groudon\n|-damage|p2a: Groudon|0 fnt\n|faint|p2a: Groudon\n|-weather|none\n|\n|-heal|p1a: Avalugg|62\/100|[from] item: Leftovers\n|-sideend|p1: aguinaldo124|Reflect\n|upkeep\n|\n|t:|1698537590\n|switch|p2a: Kyogre|Kyogre|100\/100\n|detailschange|p2a: Kyogre|Kyogre-Primal\n|-primal|p2a: Kyogre|Blue Orb\n|-weather|PrimordialSea|[from] ability: Primordial Sea|[of] p2a: Kyogre\n|turn|20\n|\n|t:|1698537603\n|switch|p1a: Chansey|Chansey, F|100\/100\n|move|p2a: Kyogre|Calm Mind|p2a: Kyogre\n|-boost|p2a: Kyogre|spa|1\n|-boost|p2a: Kyogre|spd|1\n|\n|-weather|PrimordialSea|[upkeep]\n|upkeep\n|turn|21\n|-message|Barracood forfeited.\n|\n|win|aguinaldo124\n|raw|aguinaldo124's rating: 1125 &rarr; <strong>1163<\/strong><br \/>(+38 for winning)\n|raw|Barracood's rating: 1319 &rarr; <strong>1289<\/strong><br \/>(-30 for losing)\n|l|\u2606Barracood\n|c|\u2606aguinaldo124|Easy as hell\n|c|\u2606aguinaldo124|Noob\n","uploadtime":1698537626,"views":12,"p1id":"aguinaldo124","p2id":"barracood","formatid":"gen9nationaldexubers","rating":1163,"private":0,"password":""}