{"id":"gen9nationaldexubers-1978456788","p1":"jry6666","p2":"happy math guy","format":"[Gen 9] National Dex Ubers","log":"|j|\u2606jry6666\n|j|\u2606happy math guy\n|t:|1698541390\n|gametype|singles\n|player|p1|jry6666|mira|1077\n|player|p2|happy math guy|falkner|1152\n|teamsize|p1|6\n|teamsize|p2|6\n|gen|9\n|tier|[Gen 9] National Dex Ubers\n|rated|\n|rule|HP Percentage Mod: HP is shown in percentages\n|rule|Endless Battle Clause: Forcing endless battles is banned\n|rule|OHKO Clause: OHKO moves are banned\n|rule|Evasion Moves Clause: Evasion moves are banned\n|rule|Evasion Items Clause: Evasion items are banned\n|rule|Species Clause: Limit one of each Pok\u00e9mon\n|rule|Sleep Clause Mod: Limit one foe put to sleep\n|rule|Mega Rayquaza Clause: You cannot mega evolve Rayquaza\n|clearpoke\n|poke|p1|Arceus|\n|poke|p1|Magearna|\n|poke|p1|Melmetal|\n|poke|p1|Calyrex-Ice|\n|poke|p1|Kyogre|\n|poke|p1|Yveltal|\n|poke|p2|Metagross|\n|poke|p2|Kyogre|\n|poke|p2|Groudon|\n|poke|p2|Solgaleo|\n|poke|p2|Lunala|\n|poke|p2|Rayquaza|\n|teampreview\n|\n|t:|1698541404\n|start\n|switch|p1a: Yveltal|Yveltal|100\/100\n|switch|p2a: Pass the Land|Groudon|100\/100\n|-ability|p1a: Yveltal|Dark Aura\n|detailschange|p2a: Pass the Land|Groudon-Primal\n|-primal|p2a: Pass the Land|Red Orb\n|-weather|DesolateLand|[from] ability: Desolate Land|[of] p2a: Pass the Land\n|turn|1\n|\n|t:|1698541414\n|switch|p1a: Kyogre|Kyogre, shiny|100\/100\n|detailschange|p1a: Kyogre|Kyogre-Primal, shiny\n|-primal|p1a: Kyogre|Blue Orb\n|-weather|PrimordialSea|[from] ability: Primordial Sea|[of] p1a: Kyogre\n|move|p2a: Pass the Land|Brick Break|p1a: Kyogre\n|-damage|p1a: Kyogre|73\/100\n|\n|-weather|PrimordialSea|[upkeep]\n|upkeep\n|turn|2\n|\n|t:|1698541427\n|switch|p2a: Category 100 Storm|Rayquaza|100\/100\n|-ability|p2a: Category 100 Storm|Air Lock\n|move|p1a: Kyogre|Origin Pulse|p2a: Category 100 Storm\n|-resisted|p2a: Category 100 Storm\n|-damage|p2a: Category 100 Storm|63\/100\n|\n|-weather|PrimordialSea|[upkeep]\n|-heal|p2a: Category 100 Storm|69\/100|[from] item: Leftovers\n|upkeep\n|turn|3\n|\n|t:|1698541443\n|-weather|none\n|switch|p1a: Yveltal|Yveltal|100\/100\n|-ability|p1a: Yveltal|Dark Aura\n|move|p2a: Category 100 Storm|Thunderbolt|p1a: Yveltal\n|-supereffective|p1a: Yveltal\n|-damage|p1a: Yveltal|52\/100\n|\n|-heal|p2a: Category 100 Storm|75\/100|[from] item: Leftovers\n|upkeep\n|turn|4\n|\n|t:|1698541453\n|move|p1a: Yveltal|Knock Off|p2a: Category 100 Storm\n|-damage|p2a: Category 100 Storm|3\/100\n|-enditem|p2a: Category 100 Storm|Leftovers|[from] move: Knock Off|[of] p1a: Yveltal\n|move|p2a: Category 100 Storm|Thunderbolt|p1a: Yveltal\n|-supereffective|p1a: Yveltal\n|-damage|p1a: Yveltal|0 fnt\n|faint|p1a: Yveltal\n|\n|upkeep\n|\n|t:|1698541460\n|switch|p1a: Magearna|Magearna|100\/100\n|turn|5\n|\n|t:|1698541472\n|-terastallize|p2a: Category 100 Storm|Fairy\n|move|p2a: Category 100 Storm|Surf|p1a: Magearna\n|-damage|p1a: Magearna|75\/100\n|move|p1a: Magearna|Trick Room|p1a: Magearna\n|-fieldstart|move: Trick Room|[of] p1a: Magearna\n|\n|upkeep\n|turn|6\n|\n|t:|1698541484\n|move|p1a: Magearna|Fleur Cannon|p2a: Category 100 Storm\n|-damage|p2a: Category 100 Storm|0 fnt\n|-unboost|p1a: Magearna|spa|2\n|-enditem|p1a: Magearna|Eject Pack\n|faint|p2a: Category 100 Storm\n|-ability|p1a: Magearna|Soul-Heart|boost\n|-boost|p1a: Magearna|spa|1\n|\n|t:|1698541490\n|switch|p1a: Melmetal|Melmetal|100\/100\n|\n|upkeep\n|\n|t:|1698541495\n|switch|p2a: King Power|Metagross|100\/100\n|turn|7\n|\n|t:|1698541501\n|detailschange|p2a: King Power|Metagross-Mega\n|-mega|p2a: King Power|Metagross|Metagrossite\n|-terastallize|p1a: Melmetal|Steel\n|move|p1a: Melmetal|Double Iron Bash|p2a: King Power\n|-resisted|p2a: King Power\n|-damage|p2a: King Power|70\/100\n|-resisted|p2a: King Power\n|-damage|p2a: King Power|40\/100\n|-hitcount|p2a: King Power|2\n|cant|p2a: King Power|flinch\n|\n|upkeep\n|turn|8\n|\n|t:|1698541512\n|move|p1a: Melmetal|Double Iron Bash|p2a: King Power\n|-resisted|p2a: King Power\n|-damage|p2a: King Power|9\/100\n|-resisted|p2a: King Power\n|-damage|p2a: King Power|0 fnt\n|faint|p2a: King Power\n|-hitcount|p2: King Power|2\n|\n|upkeep\n|\n|t:|1698541519\n|switch|p2a: Pass the Land|Groudon-Primal|100\/100\n|-weather|DesolateLand|[from] ability: Desolate Land|[of] p2a: Pass the Land\n|turn|9\n|\n|t:|1698541524\n|move|p1a: Melmetal|Double Iron Bash|p2a: Pass the Land\n|-resisted|p2a: Pass the Land\n|-damage|p2a: Pass the Land|74\/100\n|-resisted|p2a: Pass the Land\n|-damage|p2a: Pass the Land|50\/100\n|-hitcount|p2a: Pass the Land|2\n|move|p2a: Pass the Land|Earthquake|p1a: Melmetal\n|-supereffective|p1a: Melmetal\n|-damage|p1a: Melmetal|39\/100\n|\n|-weather|DesolateLand|[upkeep]\n|-fieldend|move: Trick Room\n|upkeep\n|turn|10\n|\n|t:|1698541535\n|switch|p1a: Kyogre|Kyogre-Primal, shiny|73\/100\n|-weather|PrimordialSea|[from] ability: Primordial Sea|[of] p1a: Kyogre\n|move|p2a: Pass the Land|Lava Plume||[still]\n|-fail|p2a: Pass the Land|Lava Plume|[from] Primordial Sea\n|\n|-weather|PrimordialSea|[upkeep]\n|upkeep\n|turn|11\n|\n|t:|1698541547\n|switch|p2a: Moon Shine|Lunala|100\/100\n|move|p1a: Kyogre|Origin Pulse|p2a: Moon Shine\n|-damage|p2a: Moon Shine|59\/100\n|\n|-weather|PrimordialSea|[upkeep]\n|upkeep\n|turn|12\n|\n|t:|1698541554\n|move|p2a: Moon Shine|Toxic|p1a: Kyogre\n|-status|p1a: Kyogre|tox\n|move|p1a: Kyogre|Thunder|p2a: Moon Shine\n|-damage|p2a: Moon Shine|19\/100\n|\n|-weather|PrimordialSea|[upkeep]\n|-damage|p1a: Kyogre|66\/100 tox|[from] psn\n|upkeep\n|turn|13\n|\n|t:|1698541568\n|move|p2a: Moon Shine|Moongeist Beam|p1a: Kyogre\n|-damage|p1a: Kyogre|39\/100 tox\n|move|p1a: Kyogre|Origin Pulse|p2a: Moon Shine|[miss]\n|-miss|p1a: Kyogre|p2a: Moon Shine\n|\n|-weather|PrimordialSea|[upkeep]\n|-damage|p1a: Kyogre|26\/100 tox|[from] psn\n|upkeep\n|turn|14\n|\n|t:|1698541582\n|-weather|none\n|switch|p1a: Arceus|Arceus|100\/100\n|move|p2a: Moon Shine|Expanding Force|p1a: Arceus\n|-damage|p1a: Arceus|78\/100\n|\n|upkeep\n|turn|15\n|\n|t:|1698541589\n|move|p2a: Moon Shine|Toxic|p1a: Arceus\n|-status|p1a: Arceus|tox\n|move|p1a: Arceus|Trick Room|p1a: Arceus\n|-fieldstart|move: Trick Room|[of] p1a: Arceus\n|\n|-damage|p1a: Arceus|71\/100 tox|[from] psn\n|upkeep\n|turn|16\n|\n|t:|1698541595\n|move|p2a: Moon Shine|Expanding Force|p1a: Arceus\n|-damage|p1a: Arceus|48\/100 tox\n|move|p1a: Arceus|Healing Wish|p1a: Arceus\n|faint|p1a: Arceus\n|\n|upkeep\n|\n|t:|1698541598\n|switch|p1a: Melmetal|Melmetal, tera:Steel|39\/100\n|-heal|p1a: Melmetal|100\/100|[from] move: Healing Wish\n|turn|17\n|\n|t:|1698541606\n|move|p1a: Melmetal|Double Iron Bash|p2a: Moon Shine\n|-damage|p2a: Moon Shine|0 fnt\n|faint|p2a: Moon Shine\n|-hitcount|p2: Moon Shine|1\n|\n|upkeep\n|\n|t:|1698541612\n|switch|p2a: Sun Light|Solgaleo|100\/100\n|turn|18\n|\n|t:|1698541616\n|move|p1a: Melmetal|Double Iron Bash|p2a: Sun Light\n|-resisted|p2a: Sun Light\n|-damage|p2a: Sun Light|72\/100\n|-resisted|p2a: Sun Light\n|-damage|p2a: Sun Light|45\/100\n|-hitcount|p2a: Sun Light|2\n|cant|p2a: Sun Light|flinch\n|\n|upkeep\n|turn|19\n|\n|t:|1698541624\n|move|p1a: Melmetal|Double Iron Bash|p2a: Sun Light\n|-resisted|p2a: Sun Light\n|-damage|p2a: Sun Light|17\/100\n|-resisted|p2a: Sun Light\n|-damage|p2a: Sun Light|0 fnt\n|faint|p2a: Sun Light\n|-hitcount|p2: Sun Light|2\n|\n|-fieldend|move: Trick Room\n|upkeep\n|\n|t:|1698541632\n|switch|p2a: Pass the Land|Groudon-Primal|50\/100\n|-weather|DesolateLand|[from] ability: Desolate Land|[of] p2a: Pass the Land\n|turn|20\n|\n|t:|1698541637\n|switch|p1a: Kyogre|Kyogre-Primal, shiny|26\/100 tox\n|-weather|PrimordialSea|[from] ability: Primordial Sea|[of] p1a: Kyogre\n|move|p2a: Pass the Land|Earthquake|p1a: Kyogre\n|-damage|p1a: Kyogre|0 fnt\n|faint|p1a: Kyogre\n|-weather|none\n|\n|upkeep\n|\n|t:|1698541646\n|switch|p1a: Calyrex|Calyrex-Ice|100\/100\n|-ability|p1a: Calyrex|As One\n|-ability|p1a: Calyrex|Unnerve\n|turn|21\n|\n|t:|1698541652\n|move|p2a: Pass the Land|Lava Plume|p1a: Calyrex\n|-supereffective|p1a: Calyrex\n|-damage|p1a: Calyrex|47\/100\n|-status|p1a: Calyrex|brn\n|move|p1a: Calyrex|Trick Room|p1a: Calyrex\n|-fieldstart|move: Trick Room|[of] p1a: Calyrex\n|\n|-damage|p1a: Calyrex|40\/100 brn|[from] brn\n|upkeep\n|turn|22\n|\n|t:|1698541661\n|move|p1a: Calyrex|Glacial Lance|p2a: Pass the Land\n|-damage|p2a: Pass the Land|23\/100\n|-damage|p1a: Calyrex|30\/100 brn|[from] item: Life Orb\n|move|p2a: Pass the Land|Lava Plume|p1a: Calyrex\n|-supereffective|p1a: Calyrex\n|-damage|p1a: Calyrex|0 fnt\n|faint|p1a: Calyrex\n|\n|upkeep\n|\n|t:|1698541664\n|switch|p1a: Melmetal|Melmetal, tera:Steel|100\/100\n|turn|23\n|\n|t:|1698541671\n|move|p1a: Melmetal|Double Iron Bash|p2a: Pass the Land\n|-resisted|p2a: Pass the Land\n|-damage|p2a: Pass the Land|0 fnt\n|faint|p2a: Pass the Land\n|-hitcount|p2: Pass the Land|1\n|\n|upkeep\n|\n|t:|1698541677\n|switch|p2a: Pass the Sea|Kyogre|100\/100\n|detailschange|p2a: Pass the Sea|Kyogre-Primal\n|-primal|p2a: Pass the Sea|Blue Orb\n|-weather|PrimordialSea|[from] ability: Primordial Sea|[of] p2a: Pass the Sea\n|turn|24\n|\n|t:|1698541682\n|move|p1a: Melmetal|Double Iron Bash|p2a: Pass the Sea\n|-resisted|p2a: Pass the Sea\n|-damage|p2a: Pass the Sea|59\/100\n|-resisted|p2a: Pass the Sea\n|-damage|p2a: Pass the Sea|23\/100\n|-hitcount|p2a: Pass the Sea|2\n|move|p2a: Pass the Sea|Thunder|p1a: Melmetal\n|-damage|p1a: Melmetal|60\/100\n|\n|-weather|PrimordialSea|[upkeep]\n|upkeep\n|turn|25\n|\n|t:|1698541692\n|-activate|p1a: Melmetal|move: Struggle\n|move|p1a: Melmetal|Struggle|p2a: Pass the Sea\n|-damage|p2a: Pass the Sea|0 fnt\n|faint|p2a: Pass the Sea\n|-weather|none\n|-damage|p1a: Melmetal|34\/100|[from] recoil\n|\n|win|jry6666\n|raw|jry6666's rating: 1077 &rarr; <strong>1111<\/strong><br \/>(+34 for winning)\n|raw|happy math guy's rating: 1152 &rarr; <strong>1122<\/strong><br \/>(-30 for losing)\n","uploadtime":1698541702,"views":19,"p1id":"jry6666","p2id":"happymathguy","formatid":"gen9nationaldexubers","rating":1111,"private":0,"password":""}