{"id":"gen9nationaldexubers-1989272575","p1":"WEEVlL UNDERWOOD","p2":"Foxxism","format":"[Gen 9] National Dex Ubers","log":"|j|\u2606WEEVlL UNDERWOOD\n|j|\u2606Foxxism\n|t:|1699830445\n|gametype|singles\n|player|p1|WEEVlL UNDERWOOD|2|\n|player|p2|Foxxism|shadowtriad|\n|teamsize|p1|6\n|teamsize|p2|6\n|gen|9\n|tier|[Gen 9] National Dex Ubers\n|rule|HP Percentage Mod: HP is shown in percentages\n|rule|Endless Battle Clause: Forcing endless battles is banned\n|rule|OHKO Clause: OHKO moves are banned\n|rule|Evasion Moves Clause: Evasion moves are banned\n|rule|Evasion Items Clause: Evasion items are banned\n|rule|Species Clause: Limit one of each Pok\u00e9mon\n|rule|Sleep Clause Mod: Limit one foe put to sleep\n|rule|Mega Rayquaza Clause: You cannot mega evolve Rayquaza\n|clearpoke\n|poke|p1|Forretress, F|\n|poke|p1|Araquanid, M|\n|poke|p1|Heracross, F|\n|poke|p1|Galvantula, F|\n|poke|p1|Butterfree, F|\n|poke|p1|Scizor, F|\n|poke|p2|Scolipede, M|\n|poke|p2|Nidoking, M|\n|poke|p2|Toxtricity, F|\n|poke|p2|Salazzle, F|\n|poke|p2|Glimmora, F|\n|poke|p2|Gengar, M|\n|teampreview\n|\n|t:|1699830452\n|start\n|switch|p1a: Forretress|Forretress, F|100\/100\n|switch|p2a: Glimmora|Glimmora, F|100\/100\n|turn|1\n|\n|t:|1699830477\n|move|p2a: Glimmora|Stealth Rock|p1a: Forretress\n|-sidestart|p1: WEEVlL UNDERWOOD|move: Stealth Rock\n|move|p1a: Forretress|Spikes|p2a: Glimmora\n|-sidestart|p2: Foxxism|Spikes\n|\n|upkeep\n|turn|2\n|\n|t:|1699830482\n|move|p2a: Glimmora|Mortal Spin|p1a: Forretress\n|-immune|p1a: Forretress\n|move|p1a: Forretress|Spikes|p2a: Glimmora\n|-sidestart|p2: Foxxism|Spikes\n|\n|upkeep\n|turn|3\n|\n|t:|1699830495\n|move|p2a: Glimmora|Earth Power|p1a: Forretress\n|-damage|p1a: Forretress|58\/100\n|move|p1a: Forretress|Drill Run|p2a: Glimmora\n|-supereffective|p2a: Glimmora\n|-damage|p2a: Glimmora|21\/100\n|-activate|p2a: Glimmora|ability: Toxic Debris\n|-sidestart|p1: WEEVlL UNDERWOOD|move: Toxic Spikes\n|\n|upkeep\n|turn|4\n|\n|t:|1699830503\n|move|p2a: Glimmora|Earth Power|p1a: Forretress\n|-damage|p1a: Forretress|12\/100\n|move|p1a: Forretress|Drill Run|p2a: Glimmora\n|-supereffective|p2a: Glimmora\n|-damage|p2a: Glimmora|0 fnt\n|-activate|p2a: Glimmora|ability: Toxic Debris\n|-sidestart|p1: WEEVlL UNDERWOOD|move: Toxic Spikes\n|faint|p2a: Glimmora\n|\n|upkeep\n|\n|t:|1699830518\n|switch|p2a: Salazzle|Salazzle, F, shiny|100\/100\n|-damage|p2a: Salazzle|84\/100|[from] Spikes\n|turn|5\n|\n|t:|1699830522\n|move|p2a: Salazzle|Flamethrower|p1a: Forretress\n|-supereffective|p1a: Forretress\n|-damage|p1a: Forretress|0 fnt\n|faint|p1a: Forretress\n|\n|-heal|p2a: Salazzle|90\/100|[from] item: Leftovers\n|upkeep\n|\n|t:|1699830528\n|switch|p1a: Araquanid|Araquanid, M|100\/100\n|-damage|p1a: Araquanid|76\/100|[from] Stealth Rock\n|-status|p1a: Araquanid|tox\n|turn|6\n|\n|t:|1699830538\n|move|p2a: Salazzle|Protect|p2a: Salazzle\n|-singleturn|p2a: Salazzle|Protect\n|move|p1a: Araquanid|Hydro Pump|p2a: Salazzle\n|-activate|p2a: Salazzle|move: Protect\n|\n|-heal|p2a: Salazzle|96\/100|[from] item: Leftovers\n|-damage|p1a: Araquanid|70\/100 tox|[from] psn\n|upkeep\n|turn|7\n|\n|t:|1699830546\n|move|p2a: Salazzle|Substitute|p2a: Salazzle\n|-start|p2a: Salazzle|Substitute\n|-damage|p2a: Salazzle|72\/100\n|move|p1a: Araquanid|Hydro Pump|p2a: Salazzle\n|-supereffective|p2a: Salazzle\n|-end|p2a: Salazzle|Substitute\n|\n|-heal|p2a: Salazzle|78\/100|[from] item: Leftovers\n|-damage|p1a: Araquanid|57\/100 tox|[from] psn\n|upkeep\n|turn|8\n|\n|t:|1699830556\n|move|p2a: Salazzle|Protect|p2a: Salazzle\n|-singleturn|p2a: Salazzle|Protect\n|move|p1a: Araquanid|Dive||[still]\n|-prepare|p1a: Araquanid|Dive\n|\n|-heal|p2a: Salazzle|84\/100|[from] item: Leftovers\n|-damage|p1a: Araquanid|39\/100 tox|[from] psn\n|upkeep\n|turn|9\n|\n|t:|1699830563\n|move|p2a: Salazzle|Substitute|p2a: Salazzle\n|-start|p2a: Salazzle|Substitute\n|-damage|p2a: Salazzle|59\/100\n|move|p1a: Araquanid|Dive|p2a: Salazzle|[from]lockedmove\n|-supereffective|p2a: Salazzle\n|-end|p2a: Salazzle|Substitute\n|\n|-heal|p2a: Salazzle|65\/100|[from] item: Leftovers\n|-damage|p1a: Araquanid|14\/100 tox|[from] psn\n|upkeep\n|turn|10\n|\n|t:|1699830576\n|switch|p1a: Heracross|Heracross, F|100\/100\n|-damage|p1a: Heracross|88\/100|[from] Stealth Rock\n|-status|p1a: Heracross|tox\n|move|p2a: Salazzle|Protect||[still]\n|-fail|p2a: Salazzle\n|\n|-heal|p2a: Salazzle|72\/100|[from] item: Leftovers\n|-damage|p1a: Heracross|82\/100 tox|[from] psn\n|upkeep\n|turn|11\n|\n|t:|1699830593\n|move|p2a: Salazzle|Protect|p2a: Salazzle\n|-singleturn|p2a: Salazzle|Protect\n|move|p1a: Heracross|High Horsepower|p2a: Salazzle\n|-activate|p2a: Salazzle|move: Protect\n|\n|-heal|p2a: Salazzle|78\/100|[from] item: Leftovers\n|-damage|p1a: Heracross|70\/100 tox|[from] psn\n|upkeep\n|turn|12\n|\n|t:|1699830602\n|move|p1a: Heracross|High Horsepower|p2a: Salazzle\n|-supereffective|p2a: Salazzle\n|-damage|p2a: Salazzle|0 fnt\n|faint|p2a: Salazzle\n|-ability|p1a: Heracross|Moxie|boost\n|-boost|p1a: Heracross|atk|1\n|\n|-damage|p1a: Heracross|52\/100 tox|[from] psn\n|upkeep\n|\n|t:|1699830636\n|switch|p2a: Gengar|Gengar, M|100\/100\n|-damage|p2a: Gengar|84\/100|[from] Spikes\n|turn|13\n|\n|t:|1699830640\n|move|p1a: Heracross|High Horsepower|p2a: Gengar\n|-supereffective|p2a: Gengar\n|-damage|p2a: Gengar|0 fnt\n|-start|p1a: Heracross|Disable|High Horsepower|[from] ability: Cursed Body|[of] p2a: Gengar\n|faint|p2a: Gengar\n|-ability|p1a: Heracross|Moxie|boost\n|-boost|p1a: Heracross|atk|1\n|\n|-damage|p1a: Heracross|28\/100 tox|[from] psn\n|upkeep\n|\n|t:|1699830668\n|switch|p2a: Toxtricity|Toxtricity, F, shiny|100\/100\n|-damage|p2a: Toxtricity|84\/100|[from] Spikes\n|turn|14\n|\n|t:|1699830672\n|switch|p1a: Butterfree|Butterfree, F|100\/100\n|-damage|p1a: Butterfree|51\/100|[from] Stealth Rock\n|move|p2a: Toxtricity|Boomburst|p1a: Butterfree\n|-damage|p1a: Butterfree|0 fnt\n|faint|p1a: Butterfree\n|\n|upkeep\n|\n|t:|1699830679\n|switch|p1a: Scizor|Scizor, F|100\/100\n|-damage|p1a: Scizor|88\/100|[from] Stealth Rock\n|turn|15\n|\n|t:|1699830685\n|detailschange|p1a: Scizor|Scizor-Mega, F\n|-mega|p1a: Scizor|Scizor|Scizorite\n|move|p2a: Toxtricity|Boomburst|p1a: Scizor\n|-resisted|p1a: Scizor\n|-damage|p1a: Scizor|31\/100\n|move|p1a: Scizor|Psycho Cut|p2a: Toxtricity\n|-supereffective|p2a: Toxtricity\n|-damage|p2a: Toxtricity|0 fnt\n|faint|p2a: Toxtricity\n|\n|upkeep\n|\n|t:|1699830694\n|switch|p2a: Nidoking|Nidoking, M, shiny|100\/100\n|-damage|p2a: Nidoking|84\/100|[from] Spikes\n|turn|16\n|\n|t:|1699830704\n|move|p2a: Nidoking|Flamethrower|p1a: Scizor\n|-supereffective|p1a: Scizor\n|-damage|p1a: Scizor|0 fnt\n|faint|p1a: Scizor\n|\n|upkeep\n|\n|t:|1699830713\n|switch|p1a: Galvantula|Galvantula, F|100\/100\n|-damage|p1a: Galvantula|76\/100|[from] Stealth Rock\n|-status|p1a: Galvantula|tox\n|turn|17\n|\n|t:|1699830727\n|move|p1a: Galvantula|Thunder|p2a: Nidoking\n|-immune|p2a: Nidoking\n|move|p2a: Nidoking|Flamethrower|p1a: Galvantula\n|-supereffective|p1a: Galvantula\n|-damage|p1a: Galvantula|0 fnt\n|faint|p1a: Galvantula\n|\n|upkeep\n|\n|t:|1699830737\n|switch|p1a: Araquanid|Araquanid, M|14\/100 tox\n|-damage|p1a: Araquanid|0 fnt|[from] Stealth Rock\n|faint|p1a: Araquanid\n|\n|t:|1699830741\n|switch|p1a: Heracross|Heracross, F|28\/100 tox\n|-damage|p1a: Heracross|16\/100 tox|[from] Stealth Rock\n|turn|18\n|\n|t:|1699830747\n|move|p1a: Heracross|High Horsepower|p2a: Nidoking\n|-supereffective|p2a: Nidoking\n|-damage|p2a: Nidoking|0 fnt\n|faint|p2a: Nidoking\n|-ability|p1a: Heracross|Moxie|boost\n|-boost|p1a: Heracross|atk|1\n|\n|-damage|p1a: Heracross|10\/100 tox|[from] psn\n|upkeep\n|\n|t:|1699830754\n|switch|p2a: Scolipede|Scolipede, M, shiny|100\/100\n|-damage|p2a: Scolipede|84\/100|[from] Spikes\n|turn|19\n|\n|t:|1699830764\n|move|p1a: Heracross|High Horsepower|p2a: Scolipede\n|-damage|p2a: Scolipede|12\/100\n|move|p2a: Scolipede|Megahorn|p1a: Heracross\n|-resisted|p1a: Heracross\n|-damage|p1a: Heracross|0 fnt\n|faint|p1a: Heracross\n|-damage|p2a: Scolipede|2\/100|[from] item: Life Orb\n|\n|win|Foxxism\n","uploadtime":1699830777,"views":10,"p1id":"weevllunderwood","p2id":"foxxism","formatid":"gen9nationaldexubers","rating":0,"private":0,"password":""}