{"id":"gen9nationaldexubers-1996262202","p1":"ANGRY BALL","p2":"85792195wwww","format":"[Gen 9] National Dex Ubers","log":"|j|\u203dANGRY BALL\n|j|\u260685792195wwww\n|t:|1700665190\n|gametype|singles\n|player|p1|ANGRY BALL|caitlin|1503\n|player|p2|85792195wwww|mira|1643\n|teamsize|p1|6\n|teamsize|p2|6\n|gen|9\n|tier|[Gen 9] National Dex Ubers\n|rated|\n|rule|HP Percentage Mod: HP is shown in percentages\n|rule|Endless Battle Clause: Forcing endless battles is banned\n|rule|OHKO Clause: OHKO moves are banned\n|rule|Evasion Moves Clause: Evasion moves are banned\n|rule|Evasion Items Clause: Evasion items are banned\n|rule|Species Clause: Limit one of each Pok\u00e9mon\n|rule|Sleep Clause Mod: Limit one foe put to sleep\n|rule|Mega Rayquaza Clause: You cannot mega evolve Rayquaza\n|clearpoke\n|poke|p1|Kyurem-Black|\n|poke|p1|Groudon|\n|poke|p1|Arceus-Dark|\n|poke|p1|Clodsire, M|\n|poke|p1|Flutter Mane|\n|poke|p1|Rayquaza|\n|poke|p2|Arceus|\n|poke|p2|Kingambit, M|\n|poke|p2|Xerneas-*|\n|poke|p2|Kyurem-White|\n|poke|p2|Groudon|\n|poke|p2|Krookodile, M|\n|teampreview\n|inactive|Battle timer is ON: inactive players will automatically lose when time's up. (requested by ANGRY BALL)\n|j| ImSilverLike\n|inactive|ANGRY BALL has 120 seconds left.\n|\n|t:|1700665223\n|start\n|switch|p1a: Flutter Mane|Flutter Mane|100\/100\n|switch|p2a: Krookodile|Krookodile, M|100\/100\n|-ability|p2a: Krookodile|Intimidate|boost\n|-unboost|p1a: Flutter Mane|atk|1\n|turn|1\n|\n|t:|1700665244\n|move|p1a: Flutter Mane|Moonblast|p2a: Krookodile\n|-supereffective|p2a: Krookodile\n|-enditem|p2a: Krookodile|Focus Sash\n|-damage|p2a: Krookodile|1\/100\n|move|p2a: Krookodile|Stealth Rock|p1a: Flutter Mane\n|-sidestart|p1: ANGRY BALL|move: Stealth Rock\n|\n|upkeep\n|turn|2\n|\n|t:|1700665252\n|switch|p2a: Kingambit|Kingambit, M|100\/100\n|move|p1a: Flutter Mane|Shadow Ball|p2a: Kingambit\n|-resisted|p2a: Kingambit\n|-damage|p2a: Kingambit|80\/100\n|\n|upkeep\n|turn|3\n|\n|t:|1700665262\n|move|p1a: Flutter Mane|Moonblast|p2a: Kingambit\n|-damage|p2a: Kingambit|28\/100\n|move|p2a: Kingambit|Knock Off|p1a: Flutter Mane\n|-enditem|p1a: Flutter Mane|Focus Sash\n|-damage|p1a: Flutter Mane|1\/100\n|\n|upkeep\n|turn|4\n|\n|t:|1700665271\n|move|p1a: Flutter Mane|Calm Mind|p1a: Flutter Mane\n|-boost|p1a: Flutter Mane|spa|1\n|-boost|p1a: Flutter Mane|spd|1\n|move|p2a: Kingambit|Swords Dance|p2a: Kingambit\n|-boost|p2a: Kingambit|atk|2\n|\n|upkeep\n|turn|5\n|\n|t:|1700665278\n|move|p2a: Kingambit|Sucker Punch|p1a: Flutter Mane\n|-damage|p1a: Flutter Mane|0 fnt\n|faint|p1a: Flutter Mane\n|-end|p1a: Flutter Mane|Protosynthesis|[silent]\n|\n|upkeep\n|\n|t:|1700665288\n|switch|p1a: Arceus|Arceus-Dark|100\/100\n|-damage|p1a: Arceus|88\/100|[from] Stealth Rock\n|turn|6\n|\n|t:|1700665295\n|move|p2a: Kingambit|Sucker Punch|p1a: Arceus\n|-resisted|p1a: Arceus\n|-damage|p1a: Arceus|54\/100\n|move|p1a: Arceus|Foul Play|p2a: Kingambit\n|-resisted|p2a: Kingambit\n|-damage|p2a: Kingambit|0 fnt\n|faint|p2a: Kingambit\n|-end|p2a: Kingambit|fallenundefined|[silent]\n|\n|upkeep\n|\n|t:|1700665303\n|switch|p2a: Kyurem|Kyurem-White|100\/100\n|-ability|p2a: Kyurem|Turboblaze\n|turn|7\n|\n|t:|1700665315\n|-terastallize|p2a: Kyurem|Ice\n|move|p1a: Arceus|Recover|p1a: Arceus\n|-heal|p1a: Arceus|100\/100\n|move|p2a: Kyurem|Ice Beam|p1a: Arceus\n|-damage|p1a: Arceus|17\/100\n|\n|upkeep\n|turn|8\n|\n|t:|1700665324\n|move|p1a: Arceus|Defog|p2a: Kyurem\n|-unboost|p2a: Kyurem|evasion|1\n|-sideend|p1: ANGRY BALL|Stealth Rock|[from] move: Defog|[of] p1a: Arceus\n|move|p2a: Kyurem|Ice Beam|p1a: Arceus\n|-damage|p1a: Arceus|0 fnt\n|faint|p1a: Arceus\n|\n|upkeep\n|\n|t:|1700665328\n|switch|p1a: Groudon|Groudon, shiny|100\/100\n|detailschange|p1a: Groudon|Groudon-Primal, shiny\n|-primal|p1a: Groudon|Red Orb\n|-weather|DesolateLand|[from] ability: Desolate Land|[of] p1a: Groudon\n|turn|9\n|\n|t:|1700665337\n|move|p1a: Groudon|Heat Crash|p2a: Kyurem\n|-supereffective|p2a: Kyurem\n|-damage|p2a: Kyurem|0 fnt\n|faint|p2a: Kyurem\n|\n|-weather|DesolateLand|[upkeep]\n|upkeep\n|\n|t:|1700665343\n|switch|p2a: Krookodile|Krookodile, M|1\/100\n|-ability|p2a: Krookodile|Intimidate|boost\n|-unboost|p1a: Groudon|atk|1\n|turn|10\n|\n|t:|1700665348\n|-weather|none\n|switch|p1a: Rayquaza|Rayquaza|100\/100\n|-ability|p1a: Rayquaza|Air Lock\n|move|p2a: Krookodile|Stealth Rock|p1a: Rayquaza\n|-sidestart|p1: ANGRY BALL|move: Stealth Rock\n|\n|upkeep\n|turn|11\n|\n|t:|1700665356\n|move|p1a: Rayquaza|Extreme Speed|p2a: Krookodile\n|-damage|p2a: Krookodile|0 fnt\n|faint|p2a: Krookodile\n|\n|upkeep\n|\n|t:|1700665367\n|switch|p2a: Arceus|Arceus|100\/100\n|turn|12\n|\n|t:|1700665374\n|move|p2a: Arceus|Extreme Speed|p1a: Rayquaza\n|-damage|p1a: Rayquaza|44\/100\n|-damage|p2a: Arceus|91\/100|[from] item: Life Orb\n|move|p1a: Rayquaza|Dragon Ascent|p2a: Arceus\n|-damage|p2a: Arceus|36\/100\n|-unboost|p1a: Rayquaza|def|1\n|-unboost|p1a: Rayquaza|spd|1\n|\n|upkeep\n|turn|13\n|\n|t:|1700665385\n|move|p2a: Arceus|Extreme Speed|p1a: Rayquaza\n|-damage|p1a: Rayquaza|0 fnt\n|faint|p1a: Rayquaza\n|-damage|p2a: Arceus|26\/100|[from] item: Life Orb\n|\n|upkeep\n|\n|t:|1700665393\n|switch|p1a: Kyurem|Kyurem-Black|100\/100\n|-damage|p1a: Kyurem|76\/100|[from] Stealth Rock\n|-ability|p1a: Kyurem|Teravolt\n|turn|14\n|\n|t:|1700665404\n|move|p2a: Arceus|Extreme Speed|p1a: Kyurem\n|-damage|p1a: Kyurem|27\/100\n|-damage|p2a: Arceus|16\/100|[from] item: Life Orb\n|move|p1a: Kyurem|Icicle Spear|p2a: Arceus\n|-damage|p2a: Arceus|2\/100\n|-damage|p2a: Arceus|0 fnt\n|faint|p2a: Arceus\n|-hitcount|p2: Arceus|2\n|\n|upkeep\n|\n|t:|1700665417\n|switch|p2a: Groudon|Groudon|100\/100\n|detailschange|p2a: Groudon|Groudon-Primal\n|-primal|p2a: Groudon|Red Orb\n|-weather|DesolateLand|[from] ability: Desolate Land|[of] p2a: Groudon\n|turn|15\n|\n|t:|1700665423\n|move|p1a: Kyurem|Icicle Spear|p2a: Groudon\n|-damage|p2a: Groudon|89\/100\n|-damage|p2a: Groudon|78\/100\n|-crit|p2a: Groudon\n|-damage|p2a: Groudon|62\/100\n|-damage|p2a: Groudon|51\/100\n|-damage|p2a: Groudon|41\/100\n|-hitcount|p2a: Groudon|5\n|move|p2a: Groudon|Rock Polish|p2a: Groudon\n|-boost|p2a: Groudon|spe|2\n|\n|-weather|DesolateLand|[upkeep]\n|upkeep\n|turn|16\n|\n|t:|1700665435\n|move|p2a: Groudon|Heat Crash|p1a: Kyurem\n|-damage|p1a: Kyurem|0 fnt\n|faint|p1a: Kyurem\n|\n|-weather|DesolateLand|[upkeep]\n|upkeep\n|\n|t:|1700665454\n|switch|p1a: Clodsire|Clodsire, M|100\/100\n|-damage|p1a: Clodsire|94\/100|[from] Stealth Rock\n|turn|17\n|\n|t:|1700665458\n|-terastallize|p1a: Clodsire|Flying\n|move|p2a: Groudon|Heat Crash|p1a: Clodsire\n|-damage|p1a: Clodsire|0 fnt\n|faint|p1a: Clodsire\n|\n|-weather|DesolateLand|[upkeep]\n|upkeep\n|-message|ANGRY BALL forfeited.\n|\n|win|85792195wwww\n|raw|ANGRY BALL's rating: 1503 &rarr; <strong>1491<\/strong><br \/>(-12 for losing)\n|raw|85792195wwww's rating: 1643 &rarr; <strong>1655<\/strong><br \/>(+12 for winning)\n|l|\u203dANGRY BALL\n|l| ImSilverLike\n","uploadtime":1700665475,"views":5,"p1id":"angryball","p2id":"85792195wwww","formatid":"gen9nationaldexubers","rating":1491,"private":0,"password":""}