{"id":"gen9nationaldexubers-1994660814","p1":"C0ld as Ice","p2":"KurumiTokisakilove","format":"[Gen 9] National Dex Ubers","log":"|j|\u2606C0ld as Ice\n|j|\u2606KurumiTokisakilove\n|t:|1700477157\n|gametype|singles\n|player|p1|C0ld as Ice|supernerd|1863\n|player|p2|KurumiTokisakilove|sabrina-gen2|1900\n|teamsize|p1|6\n|teamsize|p2|6\n|gen|9\n|tier|[Gen 9] National Dex Ubers\n|rated|\n|rule|HP Percentage Mod: HP is shown in percentages\n|rule|Endless Battle Clause: Forcing endless battles is banned\n|rule|OHKO Clause: OHKO moves are banned\n|rule|Evasion Moves Clause: Evasion moves are banned\n|rule|Evasion Items Clause: Evasion items are banned\n|rule|Species Clause: Limit one of each Pok\u00e9mon\n|rule|Sleep Clause Mod: Limit one foe put to sleep\n|rule|Mega Rayquaza Clause: You cannot mega evolve Rayquaza\n|clearpoke\n|poke|p1|Smeargle, M|\n|poke|p1|Marshadow|\n|poke|p1|Arceus|\n|poke|p1|Groudon|\n|poke|p1|Mewtwo|\n|poke|p1|Yveltal|\n|poke|p2|Ditto|\n|poke|p2|Necrozma-Dusk-Mane|\n|poke|p2|Magearna|\n|poke|p2|Dondozo, M|\n|poke|p2|Kingambit, M|\n|poke|p2|Arceus-Ground|\n|teampreview\n|inactive|Battle timer is ON: inactive players will automatically lose when time's up. (requested by C0ld as Ice)\n|inactive|KurumiTokisakilove also wants the timer to be on.\n|\n|t:|1700477167\n|start\n|switch|p1a: Smeargle|Smeargle, M, shiny|100\/100\n|switch|p2a: Arceus|Arceus-Ground|100\/100\n|turn|1\n|\n|t:|1700477174\n|move|p2a: Arceus|Taunt|p1a: Smeargle\n|-start|p1a: Smeargle|move: Taunt\n|move|p1a: Smeargle|Mortal Spin|p2a: Arceus\n|-resisted|p2a: Arceus\n|-damage|p2a: Arceus|99\/100\n|-status|p2a: Arceus|psn\n|\n|-damage|p2a: Arceus|87\/100 psn|[from] psn\n|upkeep\n|turn|2\n|\n|t:|1700477185\n|switch|p1a: Yveltal|Yveltal, shiny|100\/100\n|-ability|p1a: Yveltal|Dark Aura\n|move|p2a: Arceus|Toxic|p1a: Yveltal\n|-status|p1a: Yveltal|tox\n|\n|-damage|p2a: Arceus|75\/100 psn|[from] psn\n|-damage|p1a: Yveltal|94\/100 tox|[from] psn\n|upkeep\n|turn|3\n|\n|t:|1700477194\n|switch|p2a: Magearna|Magearna|100\/100\n|switch|p1a: Smeargle|Smeargle, M, shiny|100\/100\n|\n|upkeep\n|turn|4\n|\n|t:|1700477200\n|switch|p2a: Ditto|Ditto, shiny|100\/100\n|-transform|p2a: Ditto|p1a: Smeargle|[from] ability: Imposter\n|move|p1a: Smeargle|Sticky Web|p2a: Ditto\n|-sidestart|p2: KurumiTokisakilove|move: Sticky Web\n|\n|upkeep\n|turn|5\n|\n|t:|1700477203\n|move|p2a: Ditto|Mortal Spin|p1a: Smeargle\n|-damage|p1a: Smeargle|91\/100\n|-status|p1a: Smeargle|psn\n|-sideend|p2: KurumiTokisakilove|Sticky Web|[from] move: Mortal Spin|[of] p2a: Ditto\n|move|p1a: Smeargle|Nuzzle|p2a: Ditto\n|-damage|p2a: Ditto|94\/100\n|-status|p2a: Ditto|par\n|\n|-damage|p1a: Smeargle|79\/100 psn|[from] psn\n|upkeep\n|turn|6\n|\n|t:|1700477210\n|move|p1a: Smeargle|Sticky Web|p2a: Ditto\n|-sidestart|p2: KurumiTokisakilove|move: Sticky Web\n|move|p2a: Ditto|Mortal Spin|p1a: Smeargle\n|-damage|p1a: Smeargle|70\/100 psn\n|-sideend|p2: KurumiTokisakilove|Sticky Web|[from] move: Mortal Spin|[of] p2a: Ditto\n|\n|-damage|p1a: Smeargle|57\/100 psn|[from] psn\n|upkeep\n|turn|7\n|\n|t:|1700477216\n|move|p1a: Smeargle|Sticky Web|p2a: Ditto\n|-sidestart|p2: KurumiTokisakilove|move: Sticky Web\n|cant|p2a: Ditto|par\n|\n|-damage|p1a: Smeargle|45\/100 psn|[from] psn\n|upkeep\n|turn|8\n|inactive|C0ld as Ice has 120 seconds left.\n|\n|t:|1700477266\n|-terastallize|p1a: Smeargle|Steel\n|move|p1a: Smeargle|Nuzzle|p2a: Ditto\n|-damage|p2a: Ditto|88\/100 par\n|move|p2a: Ditto|Mortal Spin|p1a: Smeargle\n|-immune|p1a: Smeargle\n|\n|-damage|p1a: Smeargle|32\/100 psn|[from] psn\n|upkeep\n|turn|9\n|\n|t:|1700477269\n|move|p1a: Smeargle|Nuzzle|p2a: Ditto\n|-damage|p2a: Ditto|82\/100 par\n|cant|p2a: Ditto|par\n|\n|-damage|p1a: Smeargle|20\/100 psn|[from] psn\n|upkeep\n|turn|10\n|\n|t:|1700477273\n|switch|p2a: Magearna|Magearna|100\/100\n|-activate|p2a: Magearna|move: Sticky Web\n|-unboost|p2a: Magearna|spe|1\n|move|p1a: Smeargle|Nuzzle|p2a: Magearna\n|-damage|p2a: Magearna|98\/100\n|-status|p2a: Magearna|par\n|\n|-damage|p1a: Smeargle|8\/100 psn|[from] psn\n|upkeep\n|turn|11\n|\n|t:|1700477279\n|move|p1a: Smeargle|Nuzzle|p2a: Magearna\n|-damage|p2a: Magearna|96\/100 par\n|move|p2a: Magearna|Heal Bell|p2a: Magearna\n|-activate|p2a: Magearna|move: Heal Bell\n|-curestatus|p2a: Magearna|par|[msg]\n|-curestatus|p2: Arceus|psn|[msg]\n|-curestatus|p2: Ditto|par|[msg]\n|\n|-damage|p1a: Smeargle|0 fnt|[from] psn\n|faint|p1a: Smeargle\n|-ability|p2a: Magearna|Soul-Heart|boost\n|-boost|p2a: Magearna|spa|1\n|upkeep\n|\n|t:|1700477281\n|switch|p1a: Groudon|Groudon, shiny|100\/100\n|detailschange|p1a: Groudon|Groudon-Primal, shiny\n|-primal|p1a: Groudon|Red Orb\n|-weather|DesolateLand|[from] ability: Desolate Land|[of] p1a: Groudon\n|turn|12\n|\n|t:|1700477287\n|switch|p2a: Dondozo|Dondozo, M|100\/100\n|-activate|p2a: Dondozo|move: Sticky Web\n|-unboost|p2a: Dondozo|spe|1\n|move|p1a: Groudon|Eruption|p2a: Dondozo\n|-resisted|p2a: Dondozo\n|-damage|p2a: Dondozo|39\/100\n|\n|-weather|DesolateLand|[upkeep]\n|-heal|p2a: Dondozo|45\/100|[from] item: Leftovers\n|upkeep\n|turn|13\n|\n|t:|1700477291\n|move|p1a: Groudon|Eruption|p2a: Dondozo\n|-resisted|p2a: Dondozo\n|-damage|p2a: Dondozo|0 fnt\n|faint|p2a: Dondozo\n|\n|-weather|DesolateLand|[upkeep]\n|upkeep\n|\n|t:|1700477297\n|switch|p2a: Necrozma|Necrozma-Dusk-Mane|100\/100\n|-activate|p2a: Necrozma|move: Sticky Web\n|-unboost|p2a: Necrozma|spe|1\n|turn|14\n|\n|t:|1700477301\n|-weather|none\n|switch|p1a: Yveltal|Yveltal, shiny|94\/100 tox\n|-ability|p1a: Yveltal|Dark Aura\n|detailschange|p2a: Necrozma|Necrozma-Ultra\n|-burst|p2a: Necrozma|Necrozma|Ultranecrozium Z\n|move|p2a: Necrozma|Stealth Rock|p1a: Yveltal\n|-sidestart|p1: C0ld as Ice|move: Stealth Rock\n|\n|-damage|p1a: Yveltal|88\/100 tox|[from] psn\n|upkeep\n|turn|15\n|\n|t:|1700477305\n|switch|p2a: Magearna|Magearna|96\/100\n|-activate|p2a: Magearna|move: Sticky Web\n|-unboost|p2a: Magearna|spe|1\n|move|p1a: Yveltal|Dark Pulse|p2a: Magearna\n|-resisted|p2a: Magearna\n|-damage|p2a: Magearna|69\/100\n|-damage|p1a: Yveltal|78\/100 tox|[from] item: Life Orb\n|\n|-damage|p1a: Yveltal|66\/100 tox|[from] psn\n|upkeep\n|turn|16\n|\n|t:|1700477309\n|move|p1a: Yveltal|Taunt|p2a: Magearna\n|-start|p2a: Magearna|move: Taunt\n|cant|p2a: Magearna|move: Taunt|Pain Split\n|\n|-damage|p1a: Yveltal|48\/100 tox|[from] psn\n|upkeep\n|turn|17\n|\n|t:|1700477312\n|switch|p2a: Arceus|Arceus-Ground|75\/100\n|-activate|p2a: Arceus|move: Sticky Web\n|-unboost|p2a: Arceus|spe|1\n|move|p1a: Yveltal|Focus Blast|p2a: Arceus\n|-damage|p2a: Arceus|36\/100\n|-unboost|p2a: Arceus|spd|1\n|-damage|p1a: Yveltal|38\/100 tox|[from] item: Life Orb\n|\n|-damage|p1a: Yveltal|13\/100 tox|[from] psn\n|upkeep\n|turn|18\n|\n|t:|1700477320\n|switch|p2a: Magearna|Magearna|69\/100\n|-activate|p2a: Magearna|move: Sticky Web\n|-unboost|p2a: Magearna|spe|1\n|move|p1a: Yveltal|Oblivion Wing|p2a: Magearna\n|-resisted|p2a: Magearna\n|-damage|p2a: Magearna|49\/100\n|-heal|p1a: Yveltal|27\/100 tox|[from] drain|[of] p2a: Magearna\n|-damage|p1a: Yveltal|18\/100 tox|[from] item: Life Orb\n|\n|-damage|p1a: Yveltal|0 fnt|[from] psn\n|faint|p1a: Yveltal\n|-ability|p2a: Magearna|Soul-Heart|boost\n|-boost|p2a: Magearna|spa|1\n|upkeep\n|\n|t:|1700477342\n|switch|p1a: Mewtwo|Mewtwo, shiny|100\/100\n|-damage|p1a: Mewtwo|88\/100|[from] Stealth Rock\n|-ability|p1a: Mewtwo|Pressure\n|turn|19\n|\n|t:|1700477345\n|move|p1a: Mewtwo|Earth Power|p2a: Magearna\n|-supereffective|p2a: Magearna\n|-damage|p2a: Magearna|0 fnt\n|faint|p2a: Magearna\n|-damage|p1a: Mewtwo|78\/100|[from] item: Life Orb\n|\n|upkeep\n|\n|t:|1700477352\n|switch|p2a: Kingambit|Kingambit, M, shiny|100\/100\n|-activate|p2a: Kingambit|move: Sticky Web\n|-unboost|p2a: Kingambit|spe|1\n|-activate|p2a: Kingambit|ability: Supreme Overlord\n|-start|p2a: Kingambit|fallen2|[silent]\n|turn|20\n|\n|t:|1700477358\n|switch|p1a: Groudon|Groudon-Primal, shiny|100\/100\n|-damage|p1a: Groudon|88\/100|[from] Stealth Rock\n|-weather|DesolateLand|[from] ability: Desolate Land|[of] p1a: Groudon\n|move|p2a: Kingambit|Sucker Punch||[still]\n|-fail|p2a: Kingambit\n|\n|-weather|DesolateLand|[upkeep]\n|upkeep\n|turn|21\n|\n|t:|1700477375\n|-weather|none\n|switch|p1a: Mewtwo|Mewtwo, shiny|78\/100\n|-damage|p1a: Mewtwo|66\/100|[from] Stealth Rock\n|-ability|p1a: Mewtwo|Pressure\n|-end|p2a: Kingambit|fallen2|[silent]\n|switch|p2a: Arceus|Arceus-Ground|36\/100\n|-activate|p2a: Arceus|move: Sticky Web\n|-unboost|p2a: Arceus|spe|1\n|\n|upkeep\n|turn|22\n|\n|t:|1700477380\n|move|p1a: Mewtwo|Earth Power|p2a: Arceus\n|-damage|p2a: Arceus|7\/100\n|-damage|p1a: Mewtwo|56\/100|[from] item: Life Orb\n|move|p2a: Arceus|Recover|p2a: Arceus\n|-heal|p2a: Arceus|57\/100\n|\n|upkeep\n|turn|23\n|\n|t:|1700477385\n|move|p1a: Mewtwo|Ice Beam|p2a: Arceus\n|-supereffective|p2a: Arceus\n|-damage|p2a: Arceus|0 fnt\n|faint|p2a: Arceus\n|-damage|p1a: Mewtwo|46\/100|[from] item: Life Orb\n|\n|upkeep\n|\n|t:|1700477390\n|switch|p2a: Kingambit|Kingambit, M, shiny|100\/100\n|-activate|p2a: Kingambit|move: Sticky Web\n|-unboost|p2a: Kingambit|spe|1\n|-activate|p2a: Kingambit|ability: Supreme Overlord\n|-start|p2a: Kingambit|fallen3|[silent]\n|turn|24\n|\n|t:|1700477393\n|move|p2a: Kingambit|Sucker Punch|p1a: Mewtwo\n|-supereffective|p1a: Mewtwo\n|-damage|p1a: Mewtwo|0 fnt\n|faint|p1a: Mewtwo\n|\n|upkeep\n|\n|t:|1700477398\n|switch|p1a: Marshadow|Marshadow|100\/100\n|-damage|p1a: Marshadow|94\/100|[from] Stealth Rock\n|turn|25\n|\n|t:|1700477402\n|-terastallize|p2a: Kingambit|Ghost\n|move|p1a: Marshadow|Close Combat|p2a: Kingambit\n|-immune|p2a: Kingambit\n|move|p2a: Kingambit|Knock Off|p1a: Marshadow\n|-damage|p1a: Marshadow|0 fnt\n|-enditem|p1a: Marshadow|Life Orb|[from] move: Knock Off|[of] p2a: Kingambit\n|faint|p1a: Marshadow\n|\n|upkeep\n|\n|t:|1700477409\n|switch|p1a: Arceus|Arceus, shiny|100\/100\n|-damage|p1a: Arceus|88\/100|[from] Stealth Rock\n|turn|26\n|\n|t:|1700477412\n|move|p1a: Arceus|Shadow Claw|p2a: Kingambit\n|-supereffective|p2a: Kingambit\n|-damage|p2a: Kingambit|62\/100\n|move|p2a: Kingambit|Knock Off|p1a: Arceus\n|-damage|p1a: Arceus|44\/100\n|\n|upkeep\n|turn|27\n|\n|t:|1700477418\n|move|p1a: Arceus|Shadow Claw|p2a: Kingambit\n|-supereffective|p2a: Kingambit\n|-damage|p2a: Kingambit|22\/100\n|move|p2a: Kingambit|Iron Head|p1a: Arceus\n|-damage|p1a: Arceus|0 fnt\n|faint|p1a: Arceus\n|\n|upkeep\n|-message|C0ld as Ice forfeited.\n|\n|win|KurumiTokisakilove\n|raw|C0ld as Ice's rating: 1863 &rarr; <strong>1845<\/strong><br \/>(-18 for losing)\n|raw|KurumiTokisakilove's rating: 1900 &rarr; <strong>1918<\/strong><br \/>(+18 for winning)\n|l|\u2606C0ld as Ice\n","uploadtime":1700477432,"views":21,"p1id":"c0ldasice","p2id":"kurumitokisakilove","formatid":"gen9nationaldexubers","rating":1845,"private":0,"password":""}