{"id":"gen9nationaldexubers-1985853866","p1":"ChocoBwear","p2":"Iaguinacius","format":"[Gen 9] National Dex Ubers","log":"|j|\u2606ChocoBwear\n|j|\u2606Iaguinacius\n|t:|1699413495\n|gametype|singles\n|player|p1|ChocoBwear|pokemaniac|1052\n|player|p2|Iaguinacius|pokefan-gen4|1004\n|teamsize|p1|6\n|teamsize|p2|6\n|gen|9\n|tier|[Gen 9] National Dex Ubers\n|rated|\n|rule|HP Percentage Mod: HP is shown in percentages\n|rule|Endless Battle Clause: Forcing endless battles is banned\n|rule|OHKO Clause: OHKO moves are banned\n|rule|Evasion Moves Clause: Evasion moves are banned\n|rule|Evasion Items Clause: Evasion items are banned\n|rule|Species Clause: Limit one of each Pok\u00e9mon\n|rule|Sleep Clause Mod: Limit one foe put to sleep\n|rule|Mega Rayquaza Clause: You cannot mega evolve Rayquaza\n|clearpoke\n|poke|p1|Eternatus|\n|poke|p1|Salamence, M|\n|poke|p1|Kyurem-Black|\n|poke|p1|Palkia-Origin|\n|poke|p1|Kommo-o, M|\n|poke|p1|Dragapult, M|\n|poke|p2|Dialga|\n|poke|p2|Palkia|\n|poke|p2|Giratina-Origin|\n|poke|p2|Latios, M|\n|poke|p2|Latias, F|\n|poke|p2|Necrozma-Dusk-Mane|\n|teampreview\n|\n|t:|1699413511\n|start\n|switch|p1a: Dragapult|Dragapult, M|100\/100\n|switch|p2a: Dialga|Dialga|100\/100\n|-ability|p2a: Dialga|Pressure\n|turn|1\n|\n|t:|1699413520\n|move|p1a: Dragapult|Light Screen|p1a: Dragapult\n|-sidestart|p1: ChocoBwear|move: Light Screen\n|move|p2a: Dialga|Roar of Time|p1a: Dragapult\n|-supereffective|p1a: Dragapult\n|-damage|p1a: Dragapult|0 fnt\n|-mustrecharge|p2a: Dialga\n|faint|p1a: Dragapult\n|\n|upkeep\n|\n|t:|1699413530\n|switch|p1a: Salamence|Salamence, M|100\/100\n|-ability|p1a: Salamence|Intimidate|boost\n|-unboost|p2a: Dialga|atk|1\n|turn|2\n|\n|t:|1699413536\n|detailschange|p1a: Salamence|Salamence-Mega, M\n|-mega|p1a: Salamence|Salamence|Salamencite\n|move|p1a: Salamence|Dragon Dance|p1a: Salamence\n|-boost|p1a: Salamence|atk|1\n|-boost|p1a: Salamence|spe|1\n|cant|p2a: Dialga|recharge\n|\n|upkeep\n|turn|3\n|\n|t:|1699413546\n|move|p1a: Salamence|Earthquake|p2a: Dialga\n|-supereffective|p2a: Dialga\n|-damage|p2a: Dialga|0 fnt\n|faint|p2a: Dialga\n|\n|upkeep\n|\n|t:|1699413552\n|switch|p2a: Palkia|Palkia|100\/100\n|-ability|p2a: Palkia|Pressure\n|turn|4\n|\n|t:|1699413558\n|move|p1a: Salamence|Dragon Claw|p2a: Palkia\n|-supereffective|p2a: Palkia\n|-damage|p2a: Palkia|0 fnt\n|faint|p2a: Palkia\n|\n|upkeep\n|\n|t:|1699413564\n|switch|p2a: Necrozma|Necrozma-Dusk-Mane|100\/100\n|turn|5\n|\n|t:|1699413571\n|detailschange|p2a: Necrozma|Necrozma-Ultra\n|-burst|p2a: Necrozma|Necrozma|Ultranecrozium Z\n|move|p1a: Salamence|Earthquake|p2a: Necrozma\n|-damage|p2a: Necrozma|41\/100\n|move|p2a: Necrozma|Psychic Fangs|p1a: Salamence\n|-sideend|p1: ChocoBwear|move: Light Screen\n|-damage|p1a: Salamence|63\/100\n|\n|upkeep\n|turn|6\n|\n|t:|1699413580\n|move|p1a: Salamence|Dragon Dance|p1a: Salamence\n|-boost|p1a: Salamence|atk|1\n|-boost|p1a: Salamence|spe|1\n|move|p2a: Necrozma|Psychic Fangs|p1a: Salamence\n|-damage|p1a: Salamence|24\/100\n|\n|upkeep\n|turn|7\n|\n|t:|1699413591\n|move|p1a: Salamence|Dragon Claw|p2a: Necrozma\n|-supereffective|p2a: Necrozma\n|-crit|p2a: Necrozma\n|-damage|p2a: Necrozma|0 fnt\n|faint|p2a: Necrozma\n|\n|upkeep\n|\n|t:|1699413597\n|switch|p2a: Latias|Latias, F|100\/100\n|turn|8\n|\n|t:|1699413613\n|detailschange|p2a: Latias|Latias-Mega, F\n|-mega|p2a: Latias|Latias|Latiasite\n|move|p1a: Salamence|Dragon Claw|p2a: Latias\n|-supereffective|p2a: Latias\n|-damage|p2a: Latias|0 fnt\n|faint|p2a: Latias\n|\n|upkeep\n|\n|t:|1699413621\n|switch|p2a: Giratina|Giratina-Origin|100\/100\n|turn|9\n|\n|t:|1699413625\n|move|p1a: Salamence|Dragon Claw|p2a: Giratina\n|-supereffective|p2a: Giratina\n|-damage|p2a: Giratina|0 fnt\n|faint|p2a: Giratina\n|\n|upkeep\n|\n|t:|1699413631\n|switch|p2a: Latios|Latios, M|100\/100\n|turn|10\n|\n|t:|1699413635\n|move|p1a: Salamence|Dragon Claw|p2a: Latios\n|-supereffective|p2a: Latios\n|-damage|p2a: Latios|0 fnt\n|faint|p2a: Latios\n|\n|win|ChocoBwear\n|raw|ChocoBwear's rating: 1052 &rarr; <strong>1080<\/strong><br \/>(+28 for winning)\n|raw|Iaguinacius's rating: 1004 &rarr; <strong>1000<\/strong><br \/>(-4 for losing)\n|c|\u2606ChocoBwear|GG\n|c|\u2606ChocoBwear|I forgot how cracked Mega-Salamence was\n","uploadtime":1699413682,"views":4,"p1id":"chocobwear","p2id":"iaguinacius","formatid":"gen9nationaldexubers","rating":1000,"private":0,"password":""}