{"id":"gen9nationaldexubers-1987313775","p1":"Cyniot","p2":"85792195wwww","format":"[Gen 9] National Dex Ubers","log":"|j|\u2606Cyniot\n|j|\u260685792195wwww\n|t:|1699576404\n|gametype|singles\n|player|p1|Cyniot|ash|1579\n|player|p2|85792195wwww|mira|1728\n|teamsize|p1|6\n|teamsize|p2|6\n|gen|9\n|tier|[Gen 9] National Dex Ubers\n|rated|\n|rule|HP Percentage Mod: HP is shown in percentages\n|rule|Endless Battle Clause: Forcing endless battles is banned\n|rule|OHKO Clause: OHKO moves are banned\n|rule|Evasion Moves Clause: Evasion moves are banned\n|rule|Evasion Items Clause: Evasion items are banned\n|rule|Species Clause: Limit one of each Pok\u00e9mon\n|rule|Sleep Clause Mod: Limit one foe put to sleep\n|rule|Mega Rayquaza Clause: You cannot mega evolve Rayquaza\n|clearpoke\n|poke|p1|Arceus-Water|\n|poke|p1|Zacian-*|\n|poke|p1|Ho-Oh|\n|poke|p1|Yveltal|\n|poke|p1|Zygarde|\n|poke|p1|Ferrothorn, M|\n|poke|p2|Kyurem-Black|\n|poke|p2|Krookodile, F|\n|poke|p2|Gholdengo|\n|poke|p2|Groudon|\n|poke|p2|Arceus-Ground|\n|poke|p2|Ribombee, M|\n|teampreview\n|\n|t:|1699576417\n|start\n|switch|p1a: Ho-Oh|Ho-Oh|100\/100\n|switch|p2a: Ribombee|Ribombee, M|100\/100\n|turn|1\n|inactive|Battle timer is ON: inactive players will automatically lose when time's up. (requested by Cyniot)\n|\n|t:|1699576426\n|move|p2a: Ribombee|Toxic|p1a: Ho-Oh\n|-status|p1a: Ho-Oh|tox\n|move|p1a: Ho-Oh|Sacred Fire|p2a: Ribombee\n|-supereffective|p2a: Ribombee\n|-enditem|p2a: Ribombee|Focus Sash\n|-damage|p2a: Ribombee|1\/100\n|\n|-damage|p1a: Ho-Oh|94\/100 tox|[from] psn\n|upkeep\n|turn|2\n|\n|t:|1699576440\n|move|p2a: Ribombee|Sticky Web|p1a: Ho-Oh\n|-sidestart|p1: Cyniot|move: Sticky Web\n|move|p1a: Ho-Oh|Sacred Fire|p2a: Ribombee\n|-supereffective|p2a: Ribombee\n|-damage|p2a: Ribombee|0 fnt\n|faint|p2a: Ribombee\n|\n|-damage|p1a: Ho-Oh|82\/100 tox|[from] psn\n|upkeep\n|\n|t:|1699576450\n|switch|p2a: Krookodile|Krookodile, F|100\/100\n|-ability|p2a: Krookodile|Intimidate|boost\n|-unboost|p1a: Ho-Oh|atk|1\n|turn|3\n|\n|t:|1699576455\n|switch|p1a: Zygarde|Zygarde|100\/100\n|-activate|p1a: Zygarde|move: Sticky Web\n|-unboost|p1a: Zygarde|spe|1\n|move|p2a: Krookodile|Taunt|p1a: Zygarde\n|-start|p1a: Zygarde|move: Taunt\n|\n|upkeep\n|turn|4\n|\n|t:|1699576464\n|move|p2a: Krookodile|Stealth Rock|p1a: Zygarde\n|-sidestart|p1: Cyniot|move: Stealth Rock\n|move|p1a: Zygarde|Thousand Arrows|p2a: Krookodile\n|-damage|p2a: Krookodile|65\/100\n|\n|upkeep\n|turn|5\n|\n|t:|1699576470\n|move|p2a: Krookodile|Knock Off|p1a: Zygarde\n|-damage|p1a: Zygarde|74\/100\n|-enditem|p1a: Zygarde|Leftovers|[from] move: Knock Off|[of] p2a: Krookodile\n|move|p1a: Zygarde|Thousand Arrows|p2a: Krookodile\n|-damage|p2a: Krookodile|30\/100\n|\n|-end|p1a: Zygarde|move: Taunt\n|upkeep\n|turn|6\n|\n|t:|1699576480\n|move|p2a: Krookodile|Taunt|p1a: Zygarde\n|-start|p1a: Zygarde|move: Taunt\n|move|p1a: Zygarde|Thousand Arrows|p2a: Krookodile\n|-damage|p2a: Krookodile|0 fnt\n|faint|p2a: Krookodile\n|\n|upkeep\n|j| 1 em trach thu\n|\n|t:|1699576491\n|switch|p2a: Kyurem|Kyurem-Black|100\/100\n|-ability|p2a: Kyurem|Teravolt\n|turn|7\n|\n|t:|1699576496\n|switch|p1a: Ferrothorn|Ferrothorn, M|100\/100\n|-activate|p1a: Ferrothorn|move: Sticky Web\n|-unboost|p1a: Ferrothorn|spe|1\n|-damage|p1a: Ferrothorn|94\/100|[from] Stealth Rock\n|move|p2a: Kyurem|Dragon Dance|p2a: Kyurem\n|-boost|p2a: Kyurem|atk|1\n|-boost|p2a: Kyurem|spe|1\n|\n|upkeep\n|turn|8\n|\n|t:|1699576506\n|move|p2a: Kyurem|Substitute|p2a: Kyurem\n|-start|p2a: Kyurem|Substitute\n|-damage|p2a: Kyurem|75\/100\n|move|p1a: Ferrothorn|Gyro Ball|p2a: Kyurem\n|-supereffective|p2a: Kyurem\n|-end|p2a: Kyurem|Substitute\n|\n|upkeep\n|turn|9\n|\n|t:|1699576519\n|-terastallize|p2a: Kyurem|Electric\n|move|p2a: Kyurem|Dragon Dance|p2a: Kyurem\n|-boost|p2a: Kyurem|atk|1\n|-boost|p2a: Kyurem|spe|1\n|move|p1a: Ferrothorn|Stealth Rock|p2a: Kyurem\n|-sidestart|p2: 85792195wwww|move: Stealth Rock\n|\n|upkeep\n|turn|10\n|\n|t:|1699576528\n|move|p2a: Kyurem|Icicle Spear|p1a: Ferrothorn\n|-damage|p1a: Ferrothorn|68\/100\n|-damage|p1a: Ferrothorn|42\/100\n|-damage|p1a: Ferrothorn|15\/100\n|-damage|p1a: Ferrothorn|0 fnt\n|faint|p1a: Ferrothorn\n|-hitcount|p1: Ferrothorn|4\n|\n|upkeep\n|\n|t:|1699576554\n|switch|p1a: Arceus|Arceus-Water|100\/100\n|-activate|p1a: Arceus|move: Sticky Web\n|-unboost|p1a: Arceus|spe|1\n|-damage|p1a: Arceus|88\/100|[from] Stealth Rock\n|turn|11\n|\n|t:|1699576560\n|-terastallize|p1a: Arceus|Steel\n|move|p2a: Kyurem|Substitute|p2a: Kyurem\n|-start|p2a: Kyurem|Substitute\n|-damage|p2a: Kyurem|50\/100\n|move|p1a: Arceus|Judgment|p2a: Kyurem\n|-end|p2a: Kyurem|Substitute\n|\n|upkeep\n|turn|12\n|\n|t:|1699576569\n|move|p2a: Kyurem|Fusion Bolt|p1a: Arceus\n|-damage|p1a: Arceus|14\/100\n|move|p1a: Arceus|Judgment|p2a: Kyurem\n|-damage|p2a: Kyurem|5\/100\n|\n|upkeep\n|turn|13\n|\n|t:|1699576577\n|move|p2a: Kyurem|Icicle Spear|p1a: Arceus\n|-resisted|p1a: Arceus\n|-damage|p1a: Arceus|5\/100\n|-resisted|p1a: Arceus\n|-damage|p1a: Arceus|0 fnt\n|faint|p1a: Arceus\n|-hitcount|p1: Arceus|2\n|\n|upkeep\n|\n|t:|1699576579\n|switch|p1a: Yveltal|Yveltal|100\/100\n|-damage|p1a: Yveltal|76\/100|[from] Stealth Rock\n|-ability|p1a: Yveltal|Dark Aura\n|turn|14\n|\n|t:|1699576589\n|move|p1a: Yveltal|Sucker Punch|p2a: Kyurem\n|-damage|p2a: Kyurem|0 fnt\n|faint|p2a: Kyurem\n|-damage|p1a: Yveltal|66\/100|[from] item: Life Orb\n|\n|upkeep\n|\n|t:|1699576598\n|switch|p2a: Arceus|Arceus-Ground|100\/100\n|-damage|p2a: Arceus|94\/100|[from] Stealth Rock\n|turn|15\n|\n|t:|1699576610\n|move|p2a: Arceus|Stone Edge|p1a: Yveltal|[miss]\n|-miss|p2a: Arceus|p1a: Yveltal\n|move|p1a: Yveltal|Oblivion Wing|p2a: Arceus\n|-damage|p2a: Arceus|51\/100\n|-heal|p1a: Yveltal|98\/100|[from] drain|[of] p2a: Arceus\n|-damage|p1a: Yveltal|88\/100|[from] item: Life Orb\n|\n|upkeep\n|turn|16\n|\n|t:|1699576623\n|move|p2a: Arceus|Stone Edge|p1a: Yveltal\n|-supereffective|p1a: Yveltal\n|-crit|p1a: Yveltal\n|-damage|p1a: Yveltal|0 fnt\n|faint|p1a: Yveltal\n|\n|upkeep\n|\n|t:|1699576628\n|switch|p1a: Zygarde|Zygarde|74\/100\n|-activate|p1a: Zygarde|move: Sticky Web\n|-unboost|p1a: Zygarde|spe|1\n|-damage|p1a: Zygarde|68\/100|[from] Stealth Rock\n|turn|17\n|\n|t:|1699576634\n|move|p2a: Arceus|Taunt|p1a: Zygarde\n|-start|p1a: Zygarde|move: Taunt\n|cant|p1a: Zygarde|move: Taunt|Coil\n|\n|upkeep\n|turn|18\n|\n|t:|1699576639\n|move|p2a: Arceus|Swords Dance|p2a: Arceus\n|-boost|p2a: Arceus|atk|2\n|move|p1a: Zygarde|Thousand Arrows|p2a: Arceus\n|-damage|p2a: Arceus|27\/100\n|\n|upkeep\n|turn|19\n|\n|t:|1699576647\n|-zpower|p2a: Arceus\n|move|p2a: Arceus|Tectonic Rage|p1a: Zygarde|[zeffect]\n|-damage|p1a: Zygarde|0 fnt\n|faint|p1a: Zygarde\n|\n|upkeep\n|\n|t:|1699576663\n|switch|p1a: Ho-Oh|Ho-Oh|100\/100 tox\n|turn|20\n|\n|t:|1699576668\n|move|p2a: Arceus|Stone Edge|p1a: Ho-Oh\n|-supereffective|p1a: Ho-Oh\n|-damage|p1a: Ho-Oh|0 fnt\n|faint|p1a: Ho-Oh\n|\n|upkeep\n|-message|Cyniot forfeited.\n|\n|win|85792195wwww\n|raw|Cyniot's rating: 1579 &rarr; <strong>1567<\/strong><br \/>(-12 for losing)\n|raw|85792195wwww's rating: 1728 &rarr; <strong>1740<\/strong><br \/>(+12 for winning)\n","uploadtime":1699576677,"views":5,"p1id":"cyniot","p2id":"85792195wwww","formatid":"gen9nationaldexubers","rating":1567,"private":0,"password":""}