{"id":"gen9nationaldexubers-1983123399","p1":"ForXernox","p2":"XX_1nfinity_XX","format":"[Gen 9] National Dex Ubers","log":"|j|\u2606ForXernox\n|j|\u2606XX_1nfinity_XX\n|t:|1699091184\n|gametype|singles\n|player|p1|ForXernox|acetrainer-gen4dp|\n|player|p2|XX_1nfinity_XX|steven|\n|teamsize|p1|6\n|teamsize|p2|6\n|gen|9\n|tier|[Gen 9] National Dex Ubers\n|rule|HP Percentage Mod: HP is shown in percentages\n|rule|Endless Battle Clause: Forcing endless battles is banned\n|rule|OHKO Clause: OHKO moves are banned\n|rule|Evasion Moves Clause: Evasion moves are banned\n|rule|Evasion Items Clause: Evasion items are banned\n|rule|Species Clause: Limit one of each Pok\u00e9mon\n|rule|Sleep Clause Mod: Limit one foe put to sleep\n|rule|Mega Rayquaza Clause: You cannot mega evolve Rayquaza\n|clearpoke\n|poke|p1|Torterra, M|\n|poke|p1|Infernape, F|\n|poke|p1|Empoleon, M|\n|poke|p1|Tyranitar, M|\n|poke|p1|Ribombee, M|\n|poke|p1|Dracozolt|\n|poke|p2|Flutter Mane|\n|poke|p2|Zoroark-Hisui, F|\n|poke|p2|Sableye, M|\n|poke|p2|Cofagrigus, M|\n|poke|p2|Cinderace, M|\n|poke|p2|Skeledirge, M|\n|teampreview\n|inactive|Battle timer is ON: inactive players will automatically lose when time's up. (requested by XX_1nfinity_XX)\n|\n|t:|1699091211\n|start\n|switch|p1a: Fly high|Ribombee, M|100\/100\n|switch|p2a: Sableye|Sableye, M|100\/100\n|turn|1\n|\n|t:|1699091217\n|move|p2a: Sableye|Flamethrower|p1a: Fly high\n|-supereffective|p1a: Fly high\n|-enditem|p1a: Fly high|Focus Sash\n|-damage|p1a: Fly high|1\/100\n|move|p1a: Fly high|Moonblast|p2a: Sableye\n|-damage|p2a: Sableye|24\/100\n|replace|p2a: Zoroark|Zoroark-Hisui, F\n|-end|p2a: Zoroark|Illusion\n|\n|upkeep\n|turn|2\n|\n|t:|1699091241\n|switch|p1a: Kaiju|Tyranitar, M|100\/100\n|-weather|Sandstorm|[from] ability: Sand Stream|[of] p1a: Kaiju\n|move|p2a: Zoroark|Flamethrower|p1a: Kaiju\n|-resisted|p1a: Kaiju\n|-damage|p1a: Kaiju|91\/100\n|\n|-weather|Sandstorm|[upkeep]\n|-damage|p2a: Zoroark|18\/100|[from] Sandstorm\n|upkeep\n|turn|3\n|\n|t:|1699091248\n|switch|p2a: Cofagrigus|Cofagrigus, M|100\/100\n|move|p1a: Kaiju|Stealth Rock|p2a: Cofagrigus\n|-sidestart|p2: XX_1nfinity_XX|move: Stealth Rock\n|\n|-weather|Sandstorm|[upkeep]\n|-damage|p2a: Cofagrigus|95\/100|[from] Sandstorm\n|-heal|p2a: Cofagrigus|100\/100|[from] item: Leftovers\n|upkeep\n|turn|4\n|\n|t:|1699091271\n|switch|p1a: Iron Knight|Empoleon, M|100\/100\n|move|p2a: Cofagrigus|Toxic Spikes|p1a: Iron Knight\n|-sidestart|p1: ForXernox|move: Toxic Spikes\n|\n|-weather|Sandstorm|[upkeep]\n|-damage|p2a: Cofagrigus|95\/100|[from] Sandstorm\n|-heal|p2a: Cofagrigus|100\/100|[from] item: Leftovers\n|upkeep\n|turn|5\n|\n|t:|1699091280\n|move|p1a: Iron Knight|Agility|p1a: Iron Knight\n|-boost|p1a: Iron Knight|spe|2\n|move|p2a: Cofagrigus|Knock Off|p1a: Iron Knight\n|-damage|p1a: Iron Knight|83\/100\n|-enditem|p1a: Iron Knight|Leftovers|[from] move: Knock Off|[of] p2a: Cofagrigus\n|\n|-weather|Sandstorm|[upkeep]\n|-damage|p2a: Cofagrigus|95\/100|[from] Sandstorm\n|-heal|p2a: Cofagrigus|100\/100|[from] item: Leftovers\n|upkeep\n|turn|6\n|\n|t:|1699091304\n|move|p1a: Iron Knight|Surf|p2a: Cofagrigus\n|-damage|p2a: Cofagrigus|63\/100\n|move|p2a: Cofagrigus|Will-O-Wisp|p1a: Iron Knight\n|-status|p1a: Iron Knight|brn\n|\n|-weather|none\n|-heal|p2a: Cofagrigus|69\/100|[from] item: Leftovers\n|-damage|p1a: Iron Knight|77\/100 brn|[from] brn\n|upkeep\n|turn|7\n|\n|t:|1699091311\n|move|p1a: Iron Knight|Surf|p2a: Cofagrigus\n|-damage|p2a: Cofagrigus|37\/100\n|move|p2a: Cofagrigus|Pain Split|p1a: Iron Knight\n|-sethp|p1a: Iron Knight|57\/100 brn|[from] move: Pain Split|[silent]\n|-sethp|p2a: Cofagrigus|56\/100|[from] move: Pain Split\n|\n|-heal|p2a: Cofagrigus|62\/100|[from] item: Leftovers\n|-damage|p1a: Iron Knight|51\/100 brn|[from] brn\n|upkeep\n|turn|8\n|\n|t:|1699091318\n|move|p1a: Iron Knight|Surf|p2a: Cofagrigus\n|-damage|p2a: Cofagrigus|28\/100\n|move|p2a: Cofagrigus|Pain Split|p1a: Iron Knight\n|-sethp|p1a: Iron Knight|40\/100 brn|[from] move: Pain Split|[silent]\n|-sethp|p2a: Cofagrigus|39\/100|[from] move: Pain Split\n|\n|-heal|p2a: Cofagrigus|45\/100|[from] item: Leftovers\n|-damage|p1a: Iron Knight|34\/100 brn|[from] brn\n|upkeep\n|turn|9\n|\n|t:|1699091328\n|move|p1a: Iron Knight|Agility|p1a: Iron Knight\n|-boost|p1a: Iron Knight|spe|2\n|move|p2a: Cofagrigus|Pain Split|p1a: Iron Knight\n|-sethp|p1a: Iron Knight|40\/100 brn|[from] move: Pain Split|[silent]\n|-sethp|p2a: Cofagrigus|39\/100|[from] move: Pain Split\n|\n|-heal|p2a: Cofagrigus|45\/100|[from] item: Leftovers\n|-damage|p1a: Iron Knight|34\/100 brn|[from] brn\n|upkeep\n|turn|10\n|\n|t:|1699091341\n|move|p1a: Iron Knight|Roost|p1a: Iron Knight\n|-heal|p1a: Iron Knight|84\/100 brn\n|-singleturn|p1a: Iron Knight|move: Roost\n|move|p2a: Cofagrigus|Pain Split|p1a: Iron Knight\n|-sethp|p1a: Iron Knight|65\/100 brn|[from] move: Pain Split|[silent]\n|-sethp|p2a: Cofagrigus|63\/100|[from] move: Pain Split\n|\n|-heal|p2a: Cofagrigus|69\/100|[from] item: Leftovers\n|-damage|p1a: Iron Knight|59\/100 brn|[from] brn\n|upkeep\n|turn|11\n|\n|t:|1699091347\n|move|p1a: Iron Knight|Surf|p2a: Cofagrigus\n|-damage|p2a: Cofagrigus|37\/100\n|move|p2a: Cofagrigus|Pain Split|p1a: Iron Knight\n|-sethp|p1a: Iron Knight|49\/100 brn|[from] move: Pain Split|[silent]\n|-sethp|p2a: Cofagrigus|47\/100|[from] move: Pain Split\n|\n|-heal|p2a: Cofagrigus|53\/100|[from] item: Leftovers\n|-damage|p1a: Iron Knight|43\/100 brn|[from] brn\n|upkeep\n|turn|12\n|\n|t:|1699091353\n|move|p1a: Iron Knight|Surf|p2a: Cofagrigus\n|-damage|p2a: Cofagrigus|19\/100\n|move|p2a: Cofagrigus|Pain Split|p1a: Iron Knight\n|-sethp|p1a: Iron Knight|31\/100 brn|[from] move: Pain Split|[silent]\n|-sethp|p2a: Cofagrigus|30\/100|[from] move: Pain Split\n|\n|-heal|p2a: Cofagrigus|36\/100|[from] item: Leftovers\n|-damage|p1a: Iron Knight|25\/100 brn|[from] brn\n|upkeep\n|turn|13\n|\n|t:|1699091361\n|move|p1a: Iron Knight|Surf|p2a: Cofagrigus\n|-damage|p2a: Cofagrigus|0 fnt\n|faint|p2a: Cofagrigus\n|\n|-damage|p1a: Iron Knight|19\/100 brn|[from] brn\n|upkeep\n|\n|t:|1699091370\n|switch|p2a: Cinderace|Cinderace, M|100\/100\n|turn|14\n|\n|t:|1699091379\n|move|p1a: Iron Knight|Surf|p2a: Cinderace\n|-supereffective|p2a: Cinderace\n|-damage|p2a: Cinderace|0 fnt\n|faint|p2a: Cinderace\n|\n|-damage|p1a: Iron Knight|13\/100 brn|[from] brn\n|upkeep\n|\n|t:|1699091388\n|switch|p2a: Sableye|Sableye, M|100\/100\n|-damage|p2a: Sableye|88\/100|[from] Stealth Rock\n|turn|15\n|\n|t:|1699091398\n|detailschange|p2a: Sableye|Sableye-Mega, M\n|-mega|p2a: Sableye|Sableye|Sablenite\n|move|p1a: Iron Knight|Roost|p1a: Iron Knight\n|-heal|p1a: Iron Knight|63\/100 brn\n|-singleturn|p1a: Iron Knight|move: Roost\n|move|p2a: Sableye|Knock Off|p1a: Iron Knight\n|-damage|p1a: Iron Knight|36\/100 brn\n|\n|-damage|p1a: Iron Knight|30\/100 brn|[from] brn\n|upkeep\n|turn|16\n|\n|t:|1699091408\n|move|p1a: Iron Knight|Surf|p2a: Sableye\n|-damage|p2a: Sableye|53\/100\n|move|p2a: Sableye|Knock Off|p1a: Iron Knight\n|-damage|p1a: Iron Knight|4\/100 brn\n|\n|-damage|p1a: Iron Knight|0 fnt|[from] brn\n|faint|p1a: Iron Knight\n|upkeep\n|\n|t:|1699091427\n|switch|p1a: Kaiju|Tyranitar, M|91\/100\n|-status|p1a: Kaiju|psn\n|-weather|Sandstorm|[from] ability: Sand Stream|[of] p1a: Kaiju\n|turn|17\n|\n|t:|1699091438\n|detailschange|p1a: Kaiju|Tyranitar-Mega, M\n|-mega|p1a: Kaiju|Tyranitar|Tyranitarite\n|move|p1a: Kaiju|Earthquake|p2a: Sableye\n|-damage|p2a: Sableye|11\/100\n|move|p2a: Sableye|Recover|p2a: Sableye\n|-heal|p2a: Sableye|62\/100\n|\n|-weather|Sandstorm|[upkeep]\n|-damage|p2a: Sableye|56\/100|[from] Sandstorm\n|-damage|p1a: Kaiju|79\/100 psn|[from] psn\n|upkeep\n|turn|18\n|\n|t:|1699091447\n|move|p1a: Kaiju|Rock Slide|p2a: Sableye\n|-damage|p2a: Sableye|11\/100\n|move|p2a: Sableye|Recover|p2a: Sableye\n|-heal|p2a: Sableye|61\/100\n|\n|-weather|Sandstorm|[upkeep]\n|-damage|p2a: Sableye|55\/100|[from] Sandstorm\n|-damage|p1a: Kaiju|67\/100 psn|[from] psn\n|upkeep\n|turn|19\n|\n|t:|1699091455\n|move|p1a: Kaiju|Crunch|p2a: Sableye\n|-damage|p2a: Sableye|6\/100\n|move|p2a: Sableye|Recover|p2a: Sableye\n|-heal|p2a: Sableye|57\/100\n|\n|-weather|Sandstorm|[upkeep]\n|-damage|p2a: Sableye|51\/100|[from] Sandstorm\n|-damage|p1a: Kaiju|54\/100 psn|[from] psn\n|upkeep\n|turn|20\n|\n|t:|1699091462\n|move|p1a: Kaiju|Crunch|p2a: Sableye\n|-damage|p2a: Sableye|0 fnt\n|faint|p2a: Sableye\n|\n|-weather|Sandstorm|[upkeep]\n|-damage|p1a: Kaiju|42\/100 psn|[from] psn\n|upkeep\n|\n|t:|1699091471\n|switch|p2a: Flutter Mane|Flutter Mane|100\/100\n|-damage|p2a: Flutter Mane|88\/100|[from] Stealth Rock\n|turn|21\n|\n|t:|1699091479\n|switch|p1a: Fly high|Ribombee, M|1\/100\n|-status|p1a: Fly high|psn\n|move|p2a: Flutter Mane|Substitute|p2a: Flutter Mane\n|-start|p2a: Flutter Mane|Substitute\n|-damage|p2a: Flutter Mane|63\/100\n|\n|-weather|none\n|-damage|p1a: Fly high|0 fnt|[from] psn\n|faint|p1a: Fly high\n|upkeep\n|\n|t:|1699091500\n|switch|p1a: Big tortel|Torterra, M|100\/100\n|-status|p1a: Big tortel|psn\n|turn|22\n|c|\u2606XX_1nfinity_XX|i bet you have never seen substitute flutter mane\n|\n|t:|1699091511\n|-terastallize|p1a: Big tortel|Normal\n|move|p2a: Flutter Mane|Mystical Fire|p1a: Big tortel\n|-damage|p1a: Big tortel|71\/100 psn\n|-unboost|p1a: Big tortel|spa|1\n|move|p1a: Big tortel|Shell Smash|p1a: Big tortel\n|-unboost|p1a: Big tortel|def|1\n|-unboost|p1a: Big tortel|spd|1\n|-boost|p1a: Big tortel|atk|2\n|-boost|p1a: Big tortel|spa|2\n|-boost|p1a: Big tortel|spe|2\n|\n|-damage|p1a: Big tortel|59\/100 psn|[from] psn\n|upkeep\n|turn|23\n|\n|t:|1699091521\n|move|p1a: Big tortel|Bullet Seed|p2a: Flutter Mane\n|-end|p2a: Flutter Mane|Substitute\n|-damage|p2a: Flutter Mane|5\/100\n|-damage|p2a: Flutter Mane|0 fnt\n|faint|p2a: Flutter Mane\n|-end|p2a: Flutter Mane|Protosynthesis|[silent]\n|-hitcount|p2: Flutter Mane|3\n|\n|-damage|p1a: Big tortel|46\/100 psn|[from] psn\n|upkeep\n|\n|t:|1699091526\n|switch|p2a: Skeledirge|Skeledirge, M|100\/100\n|turn|24\n|\n|t:|1699091532\n|move|p1a: Big tortel|Headlong Rush|p2a: Skeledirge\n|-supereffective|p2a: Skeledirge\n|-damage|p2a: Skeledirge|1\/100\n|-unboost|p1a: Big tortel|def|1\n|-unboost|p1a: Big tortel|spd|1\n|move|p2a: Skeledirge|Torch Song|p1a: Big tortel\n|-damage|p1a: Big tortel|13\/100 psn\n|-boost|p2a: Skeledirge|spa|1\n|\n|-damage|p1a: Big tortel|1\/100 psn|[from] psn\n|upkeep\n|turn|25\n|c|\u2606XX_1nfinity_XX|well fogot to change default tera\n|\n|t:|1699091546\n|move|p1a: Big tortel|Headlong Rush|p2a: Skeledirge\n|-supereffective|p2a: Skeledirge\n|-damage|p2a: Skeledirge|0 fnt\n|-unboost|p1a: Big tortel|def|1\n|-unboost|p1a: Big tortel|spd|1\n|faint|p2a: Skeledirge\n|\n|-damage|p1a: Big tortel|0 fnt|[from] psn\n|faint|p1a: Big tortel\n|upkeep\n|\n|t:|1699091560\n|switch|p1a: Kaiju|Tyranitar-Mega, M|42\/100 psn\n|switch|p2a: Zoroark|Zoroark-Hisui, F|18\/100\n|-damage|p2a: Zoroark|6\/100|[from] Stealth Rock\n|-weather|Sandstorm|[from] ability: Sand Stream|[of] p1a: Kaiju\n|turn|26\n|\n|t:|1699091565\n|-terastallize|p2a: Zoroark|Normal\n|move|p2a: Zoroark|Hyper Voice|p1a: Kaiju\n|-resisted|p1a: Kaiju\n|-crit|p1a: Kaiju\n|-damage|p1a: Kaiju|18\/100 psn\n|move|p1a: Kaiju|Crunch|p2a: Zoroark\n|-damage|p2a: Zoroark|0 fnt\n|faint|p2a: Zoroark\n|\n|win|ForXernox\n|c|\u2606XX_1nfinity_XX|ggs\n","uploadtime":1699091572,"views":6,"p1id":"forxernox","p2id":"xx1nfinityxx","formatid":"gen9nationaldexubers","rating":0,"private":0,"password":""}