{"id":"gen9nationaldexubers-1989627139","p1":"ygo is testing v2","p2":"C0ld as Ice","format":"[Gen 9] National Dex Ubers","log":"|j|\u2606ygo is testing v2\n|j|\u2606C0ld as Ice\n|t:|1699880586\n|gametype|singles\n|player|p1|ygo is testing v2|266|1735\n|player|p2|C0ld as Ice|schoolkid-gen4dp|1808\n|teamsize|p1|6\n|teamsize|p2|6\n|gen|9\n|tier|[Gen 9] National Dex Ubers\n|rated|\n|rule|HP Percentage Mod: HP is shown in percentages\n|rule|Endless Battle Clause: Forcing endless battles is banned\n|rule|OHKO Clause: OHKO moves are banned\n|rule|Evasion Moves Clause: Evasion moves are banned\n|rule|Evasion Items Clause: Evasion items are banned\n|rule|Species Clause: Limit one of each Pok\u00e9mon\n|rule|Sleep Clause Mod: Limit one foe put to sleep\n|rule|Mega Rayquaza Clause: You cannot mega evolve Rayquaza\n|clearpoke\n|poke|p1|Zacian-*|\n|poke|p1|Groudon|\n|poke|p1|Iron Treads|\n|poke|p1|Salamence, M|\n|poke|p1|Arceus-Ground|\n|poke|p1|Yveltal|\n|poke|p2|Arceus-Water|\n|poke|p2|Necrozma-Dusk-Mane|\n|poke|p2|Zygarde|\n|poke|p2|Groudon, L99|\n|poke|p2|Marshadow|\n|poke|p2|Yveltal|\n|teampreview\n|inactive|Battle timer is ON: inactive players will automatically lose when time's up. (requested by C0ld as Ice)\n|\n|t:|1699880609\n|start\n|switch|p1a: Iron Treads|Iron Treads|100\/100\n|switch|p2a: Yveltal|Yveltal, shiny|100\/100\n|-ability|p2a: Yveltal|Dark Aura\n|turn|1\n|\n|t:|1699880616\n|move|p1a: Iron Treads|Stealth Rock|p2a: Yveltal\n|-sidestart|p2: C0ld as Ice|move: Stealth Rock\n|move|p2a: Yveltal|U-turn|p1a: Iron Treads\n|-resisted|p1a: Iron Treads\n|-damage|p1a: Iron Treads|90\/100\n|\n|t:|1699880618\n|switch|p2a: Marshadow|Marshadow|100\/100|[from] U-turn\n|-damage|p2a: Marshadow|94\/100|[from] Stealth Rock\n|\n|upkeep\n|turn|2\n|\n|t:|1699880623\n|-end|p1a: Iron Treads|Quark Drive|[silent]\n|switch|p1a: Salamence|Salamence, M|100\/100\n|-ability|p1a: Salamence|Intimidate|boost\n|-unboost|p2a: Marshadow|atk|1\n|move|p2a: Marshadow|Poltergeist|p1a: Salamence\n|-activate|p1a: Salamence|move: Poltergeist|Salamencite\n|-damage|p1a: Salamence|33\/100\n|\n|upkeep\n|turn|3\n|\n|t:|1699880631\n|switch|p2a: Arceus|Arceus-Water, shiny|100\/100\n|-damage|p2a: Arceus|88\/100|[from] Stealth Rock\n|switch|p1a: Yveltal|Yveltal|100\/100\n|-ability|p1a: Yveltal|Dark Aura\n|\n|upkeep\n|turn|4\n|\n|t:|1699880636\n|switch|p1a: Iron Treads|Iron Treads|90\/100\n|move|p2a: Arceus|Toxic|p1a: Iron Treads\n|-immune|p1a: Iron Treads\n|\n|upkeep\n|turn|5\n|\n|t:|1699880641\n|-end|p1a: Iron Treads|Quark Drive|[silent]\n|switch|p1a: Groudon|Groudon|100\/100\n|detailschange|p1a: Groudon|Groudon-Primal\n|-primal|p1a: Groudon|Red Orb\n|-weather|DesolateLand|[from] ability: Desolate Land|[of] p1a: Groudon\n|move|p2a: Arceus|Judgment||[still]\n|-fail|p2a: Arceus|Judgment|[from] Desolate Land\n|\n|-weather|DesolateLand|[upkeep]\n|upkeep\n|turn|6\n|\n|t:|1699880646\n|move|p2a: Arceus|Toxic|p1a: Groudon\n|-status|p1a: Groudon|tox\n|move|p1a: Groudon|Precipice Blades|p2a: Arceus\n|-damage|p2a: Arceus|29\/100\n|\n|-weather|DesolateLand|[upkeep]\n|-damage|p1a: Groudon|94\/100 tox|[from] psn\n|upkeep\n|turn|7\n|\n|t:|1699880651\n|move|p2a: Arceus|Recover|p2a: Arceus\n|-heal|p2a: Arceus|79\/100\n|move|p1a: Groudon|Spikes|p2a: Arceus\n|-sidestart|p2: C0ld as Ice|Spikes\n|\n|-weather|DesolateLand|[upkeep]\n|-damage|p1a: Groudon|82\/100 tox|[from] psn\n|upkeep\n|turn|8\n|\n|t:|1699880674\n|switch|p2a: Zygarde|Zygarde|100\/100\n|-damage|p2a: Zygarde|94\/100|[from] Stealth Rock\n|-damage|p2a: Zygarde|82\/100|[from] Spikes\n|-weather|none\n|switch|p1a: Zacian|Zacian-Crowned|100\/100\n|-ability|p1a: Zacian|Intrepid Sword|boost\n|-boost|p1a: Zacian|atk|1\n|\n|-heal|p2a: Zygarde|88\/100|[from] item: Leftovers\n|upkeep\n|turn|9\n|\n|t:|1699880680\n|move|p1a: Zacian|Play Rough|p2a: Zygarde\n|-supereffective|p2a: Zygarde\n|-damage|p2a: Zygarde|12\/100\n|move|p2a: Zygarde|Glare|p1a: Zacian\n|-status|p1a: Zacian|par\n|\n|-heal|p2a: Zygarde|18\/100|[from] item: Leftovers\n|-activate|p2a: Zygarde|ability: Power Construct\n|detailschange|p2a: Zygarde|Zygarde-Complete\n|-heal|p2a: Zygarde|46\/100|[silent]\n|upkeep\n|turn|10\n|\n|t:|1699880695\n|switch|p2a: Groudon|Groudon, L99, shiny|100\/100\n|-damage|p2a: Groudon|94\/100|[from] Stealth Rock\n|-damage|p2a: Groudon|82\/100|[from] Spikes\n|detailschange|p2a: Groudon|Groudon-Primal, L99, shiny\n|-primal|p2a: Groudon|Red Orb\n|-weather|DesolateLand|[from] ability: Desolate Land|[of] p2a: Groudon\n|move|p1a: Zacian|Play Rough|p2a: Groudon\n|-resisted|p2a: Groudon\n|-damage|p2a: Groudon|63\/100\n|\n|-weather|DesolateLand|[upkeep]\n|upkeep\n|turn|11\n|j| Zatanna rs\n|\n|t:|1699880703\n|cant|p1a: Zacian|par\n|move|p2a: Groudon|Overheat|p1a: Zacian\n|-supereffective|p1a: Zacian\n|-damage|p1a: Zacian|0 fnt\n|-unboost|p2a: Groudon|spa|2\n|faint|p1a: Zacian\n|\n|-weather|DesolateLand|[upkeep]\n|upkeep\n|\n|t:|1699880708\n|switch|p1a: Salamence|Salamence, M|33\/100\n|-ability|p1a: Salamence|Intimidate|boost\n|-unboost|p2a: Groudon|atk|1\n|turn|12\n|\n|t:|1699880713\n|move|p1a: Salamence|Roost|p1a: Salamence\n|-heal|p1a: Salamence|83\/100\n|-singleturn|p1a: Salamence|move: Roost\n|move|p2a: Groudon|Rock Tomb|p1a: Salamence\n|-damage|p1a: Salamence|64\/100\n|-unboost|p1a: Salamence|spe|1\n|\n|-weather|DesolateLand|[upkeep]\n|upkeep\n|turn|13\n|\n|t:|1699880722\n|switch|p1a: Arceus|Arceus-Ground|100\/100\n|-weather|none\n|switch|p2a: Yveltal|Yveltal, shiny|100\/100\n|-ability|p2a: Yveltal|Dark Aura\n|\n|upkeep\n|turn|14\n|\n|t:|1699880729\n|move|p1a: Arceus|Taunt|p2a: Yveltal\n|-start|p2a: Yveltal|move: Taunt\n|move|p2a: Yveltal|Foul Play|p1a: Arceus\n|-damage|p1a: Arceus|50\/100\n|\n|upkeep\n|turn|15\n|\n|t:|1699880736\n|switch|p2a: Marshadow|Marshadow|94\/100\n|-damage|p2a: Marshadow|88\/100|[from] Stealth Rock\n|-damage|p2a: Marshadow|76\/100|[from] Spikes\n|move|p1a: Arceus|Stone Edge|p2a: Marshadow\n|-resisted|p2a: Marshadow\n|-damage|p2a: Marshadow|55\/100\n|\n|upkeep\n|turn|16\n|\n|t:|1699880743\n|move|p2a: Marshadow|Close Combat|p1a: Arceus\n|-damage|p1a: Arceus|0 fnt\n|-unboost|p2a: Marshadow|def|1\n|-unboost|p2a: Marshadow|spd|1\n|faint|p1a: Arceus\n|\n|upkeep\n|\n|t:|1699880745\n|switch|p1a: Salamence|Salamence, M|64\/100\n|-ability|p1a: Salamence|Intimidate|boost\n|-unboost|p2a: Marshadow|atk|1\n|turn|17\n|\n|t:|1699880753\n|switch|p2a: Yveltal|Yveltal, shiny|100\/100\n|-ability|p2a: Yveltal|Dark Aura\n|detailschange|p1a: Salamence|Salamence-Mega, M\n|-mega|p1a: Salamence|Salamence|Salamencite\n|move|p1a: Salamence|Return|p2a: Yveltal\n|-damage|p2a: Yveltal|61\/100\n|\n|upkeep\n|turn|18\n|\n|t:|1699880759\n|move|p1a: Salamence|Dragon Dance|p1a: Salamence\n|-boost|p1a: Salamence|atk|1\n|-boost|p1a: Salamence|spe|1\n|move|p2a: Yveltal|Roost|p2a: Yveltal\n|-heal|p2a: Yveltal|100\/100\n|-singleturn|p2a: Yveltal|move: Roost\n|\n|upkeep\n|turn|19\n|\n|t:|1699880763\n|move|p1a: Salamence|Dragon Dance|p1a: Salamence\n|-boost|p1a: Salamence|atk|1\n|-boost|p1a: Salamence|spe|1\n|move|p2a: Yveltal|Foul Play|p1a: Salamence\n|-damage|p1a: Salamence|0 fnt\n|faint|p1a: Salamence\n|\n|upkeep\n|\n|t:|1699880766\n|switch|p1a: Yveltal|Yveltal|100\/100\n|-ability|p1a: Yveltal|Dark Aura\n|turn|20\n|\n|t:|1699880770\n|move|p1a: Yveltal|Taunt|p2a: Yveltal\n|-start|p2a: Yveltal|move: Taunt\n|cant|p2a: Yveltal|move: Taunt|Defog\n|\n|upkeep\n|turn|21\n|\n|t:|1699880773\n|move|p1a: Yveltal|Oblivion Wing|p2a: Yveltal\n|-damage|p2a: Yveltal|60\/100\n|-damage|p1a: Yveltal|91\/100|[from] item: Life Orb\n|move|p2a: Yveltal|U-turn|p1a: Yveltal\n|-damage|p1a: Yveltal|74\/100\n|\n|t:|1699880776\n|switch|p2a: Arceus|Arceus-Water, shiny|79\/100|[from] U-turn\n|-damage|p2a: Arceus|67\/100|[from] Stealth Rock\n|-damage|p2a: Arceus|55\/100|[from] Spikes\n|\n|upkeep\n|turn|22\n|\n|t:|1699880784\n|-terastallize|p2a: Arceus|Fairy\n|-terastallize|p1a: Yveltal|Dark\n|move|p2a: Arceus|Recover|p2a: Arceus\n|-heal|p2a: Arceus|100\/100\n|move|p1a: Yveltal|Dark Pulse|p2a: Arceus\n|-resisted|p2a: Arceus\n|-damage|p2a: Arceus|65\/100\n|-damage|p1a: Yveltal|64\/100|[from] item: Life Orb\n|\n|upkeep\n|turn|23\n|\n|t:|1699880789\n|switch|p1a: Groudon|Groudon-Primal|82\/100 tox\n|-weather|DesolateLand|[from] ability: Desolate Land|[of] p1a: Groudon\n|move|p2a: Arceus|Recover|p2a: Arceus\n|-heal|p2a: Arceus|100\/100\n|\n|-weather|DesolateLand|[upkeep]\n|-damage|p1a: Groudon|76\/100 tox|[from] psn\n|upkeep\n|turn|24\n|\n|t:|1699880794\n|switch|p2a: Groudon|Groudon-Primal, L99, shiny|63\/100\n|-damage|p2a: Groudon|51\/100|[from] Stealth Rock\n|-damage|p2a: Groudon|39\/100|[from] Spikes\n|move|p1a: Groudon|Precipice Blades|p2a: Groudon\n|-supereffective|p2a: Groudon\n|-damage|p2a: Groudon|0 fnt\n|faint|p2a: Groudon\n|\n|-weather|DesolateLand|[upkeep]\n|-damage|p1a: Groudon|63\/100 tox|[from] psn\n|upkeep\n|\n|t:|1699880801\n|switch|p2a: Zygarde|Zygarde-Complete|46\/100\n|-damage|p2a: Zygarde|40\/100|[from] Stealth Rock\n|-damage|p2a: Zygarde|28\/100|[from] Spikes\n|turn|25\n|\n|t:|1699880805\n|move|p1a: Groudon|Precipice Blades|p2a: Zygarde\n|-damage|p2a: Zygarde|0 fnt\n|faint|p2a: Zygarde\n|\n|-weather|DesolateLand|[upkeep]\n|-damage|p1a: Groudon|44\/100 tox|[from] psn\n|upkeep\n|\n|t:|1699880810\n|switch|p2a: Marshadow|Marshadow|55\/100\n|-damage|p2a: Marshadow|48\/100|[from] Stealth Rock\n|-damage|p2a: Marshadow|36\/100|[from] Spikes\n|turn|26\n|\n|t:|1699880812\n|move|p2a: Marshadow|Close Combat|p1a: Groudon\n|-damage|p1a: Groudon|0 fnt\n|-unboost|p2a: Marshadow|def|1\n|-unboost|p2a: Marshadow|spd|1\n|faint|p1a: Groudon\n|-weather|none\n|\n|upkeep\n|\n|t:|1699880816\n|switch|p1a: Yveltal|Yveltal, tera:Dark|64\/100\n|-ability|p1a: Yveltal|Dark Aura\n|turn|27\n|\n|t:|1699880822\n|move|p1a: Yveltal|Sucker Punch|p2a: Marshadow\n|-damage|p2a: Marshadow|0 fnt\n|faint|p2a: Marshadow\n|-damage|p1a: Yveltal|54\/100|[from] item: Life Orb\n|\n|upkeep\n|\n|t:|1699880828\n|switch|p2a: Arceus|Arceus-Water, shiny, tera:Fairy|100\/100\n|-damage|p2a: Arceus|88\/100|[from] Stealth Rock\n|-damage|p2a: Arceus|76\/100|[from] Spikes\n|turn|28\n|\n|t:|1699880832\n|switch|p1a: Iron Treads|Iron Treads|90\/100\n|move|p2a: Arceus|Toxic|p1a: Iron Treads\n|-immune|p1a: Iron Treads\n|\n|upkeep\n|turn|29\n|\n|t:|1699880836\n|move|p2a: Arceus|Judgment|p1a: Iron Treads\n|-supereffective|p1a: Iron Treads\n|-damage|p1a: Iron Treads|0 fnt\n|faint|p1a: Iron Treads\n|-end|p1a: Iron Treads|Quark Drive|[silent]\n|\n|upkeep\n|\n|t:|1699880838\n|switch|p1a: Yveltal|Yveltal, tera:Dark|54\/100\n|-ability|p1a: Yveltal|Dark Aura\n|turn|30\n|\n|t:|1699880841\n|move|p2a: Arceus|Toxic|p1a: Yveltal\n|-status|p1a: Yveltal|tox\n|move|p1a: Yveltal|Oblivion Wing|p2a: Arceus\n|-damage|p2a: Arceus|38\/100\n|-heal|p1a: Yveltal|83\/100 tox|[from] drain|[of] p2a: Arceus\n|-damage|p1a: Yveltal|74\/100 tox|[from] item: Life Orb\n|\n|-damage|p1a: Yveltal|67\/100 tox|[from] psn\n|upkeep\n|turn|31\n|\n|t:|1699880843\n|move|p2a: Arceus|Recover|p2a: Arceus\n|-heal|p2a: Arceus|88\/100\n|move|p1a: Yveltal|Oblivion Wing|p2a: Arceus\n|-damage|p2a: Arceus|49\/100\n|-heal|p1a: Yveltal|98\/100 tox|[from] drain|[of] p2a: Arceus\n|-damage|p1a: Yveltal|88\/100 tox|[from] item: Life Orb\n|\n|-damage|p1a: Yveltal|76\/100 tox|[from] psn\n|upkeep\n|turn|32\n|\n|t:|1699880847\n|move|p2a: Arceus|Recover|p2a: Arceus\n|-heal|p2a: Arceus|99\/100\n|move|p1a: Yveltal|Oblivion Wing|p2a: Arceus\n|-crit|p2a: Arceus\n|-damage|p2a: Arceus|41\/100\n|-heal|p1a: Yveltal|100\/100 tox|[from] drain|[of] p2a: Arceus\n|-damage|p1a: Yveltal|91\/100 tox|[from] item: Life Orb\n|\n|-damage|p1a: Yveltal|72\/100 tox|[from] psn\n|upkeep\n|turn|33\n|\n|t:|1699880850\n|move|p2a: Arceus|Recover|p2a: Arceus\n|-heal|p2a: Arceus|91\/100\n|move|p1a: Yveltal|Oblivion Wing|p2a: Arceus\n|-damage|p2a: Arceus|54\/100\n|-heal|p1a: Yveltal|100\/100 tox|[from] drain|[of] p2a: Arceus\n|-damage|p1a: Yveltal|91\/100 tox|[from] item: Life Orb\n|\n|-damage|p1a: Yveltal|66\/100 tox|[from] psn\n|upkeep\n|turn|34\n|\n|t:|1699880853\n|move|p2a: Arceus|Recover|p2a: Arceus\n|-heal|p2a: Arceus|100\/100\n|move|p1a: Yveltal|Oblivion Wing|p2a: Arceus\n|-damage|p2a: Arceus|62\/100\n|-heal|p1a: Yveltal|97\/100 tox|[from] drain|[of] p2a: Arceus\n|-damage|p1a: Yveltal|87\/100 tox|[from] item: Life Orb\n|\n|-damage|p1a: Yveltal|56\/100 tox|[from] psn\n|upkeep\n|turn|35\n|\n|t:|1699880856\n|move|p2a: Arceus|Judgment|p1a: Yveltal\n|-damage|p1a: Yveltal|9\/100 tox\n|move|p1a: Yveltal|Oblivion Wing|p2a: Arceus\n|-damage|p2a: Arceus|25\/100\n|-heal|p1a: Yveltal|38\/100 tox|[from] drain|[of] p2a: Arceus\n|-damage|p1a: Yveltal|28\/100 tox|[from] item: Life Orb\n|\n|-damage|p1a: Yveltal|0 fnt|[from] psn\n|faint|p1a: Yveltal\n|\n|win|C0ld as Ice\n|upkeep\n|raw|ygo is testing v2's rating: 1735 &rarr; <strong>1719<\/strong><br \/>(-16 for losing)\n|raw|C0ld as Ice's rating: 1813 &rarr; <strong>1829<\/strong><br \/>(+16 for winning)\n|l|\u2606ygo is testing v2\n|l| Zatanna rs\n|j| pokemon tax agency\n|l| pokemon tax agency\n","uploadtime":1699882531,"views":7,"p1id":"ygoistestingv2","p2id":"c0ldasice","formatid":"gen9nationaldexubers","rating":1719,"private":0,"password":""}