{"id":"gen9nationaldexubers-1979616774","p1":"linkthecat01)","p2":"FazyD","format":"[Gen 9] National Dex Ubers","log":"|j|\u2606linkthecat01)\n|j|\u2606FazyD\n|t:|1698697015\n|gametype|singles\n|player|p1|linkthecat01)|medium|1107\n|player|p2|FazyD|cynthia-gen4|1246\n|teamsize|p1|6\n|teamsize|p2|6\n|gen|9\n|tier|[Gen 9] National Dex Ubers\n|rated|\n|rule|HP Percentage Mod: HP is shown in percentages\n|rule|Endless Battle Clause: Forcing endless battles is banned\n|rule|OHKO Clause: OHKO moves are banned\n|rule|Evasion Moves Clause: Evasion moves are banned\n|rule|Evasion Items Clause: Evasion items are banned\n|rule|Species Clause: Limit one of each Pok\u00e9mon\n|rule|Sleep Clause Mod: Limit one foe put to sleep\n|rule|Mega Rayquaza Clause: You cannot mega evolve Rayquaza\n|clearpoke\n|poke|p1|Smeargle, F|\n|poke|p1|Melmetal|\n|poke|p1|Kangaskhan, F|\n|poke|p1|Deoxys-Defense|\n|poke|p1|Marshadow|\n|poke|p1|Regieleki|\n|poke|p2|Dragapult, F|\n|poke|p2|Lugia|\n|poke|p2|Stakataka|\n|poke|p2|Kartana|\n|poke|p2|Gengar, F|\n|poke|p2|Rillaboom, F|\n|teampreview\n|inactive|Battle timer is ON: inactive players will automatically lose when time's up. (requested by linkthecat01))\n|\n|t:|1698697027\n|start\n|switch|p1a: CTRL+ALT+DEL|Smeargle, F|100\/100\n|switch|p2a: Stakataka|Stakataka, shiny|100\/100\n|turn|1\n|c|\u2606FazyD|defence deoxys? cultured\n|c|\u2606linkthecat01)|mm yes\n|-activate|p1a: CTRL+ALT+DEL|item: Quick Claw\n|\n|t:|1698697051\n|-terastallize|p2a: Stakataka|Steel\n|move|p1a: CTRL+ALT+DEL|Spore|p2a: Stakataka\n|-status|p2a: Stakataka|slp|[from] move: Spore\n|cant|p2a: Stakataka|slp\n|\n|-ability|p1a: CTRL+ALT+DEL|Moody|boost\n|-boost|p1a: CTRL+ALT+DEL|atk|2\n|-unboost|p1a: CTRL+ALT+DEL|spd|1\n|upkeep\n|turn|2\n|inactive|FazyD has 120 seconds left.\n|-activate|p1a: CTRL+ALT+DEL|item: Quick Claw\n|\n|t:|1698697071\n|move|p1a: CTRL+ALT+DEL|Agility|p1a: CTRL+ALT+DEL\n|-boost|p1a: CTRL+ALT+DEL|spe|2\n|cant|p2a: Stakataka|slp\n|\n|-ability|p1a: CTRL+ALT+DEL|Moody|boost\n|-boost|p1a: CTRL+ALT+DEL|spe|2\n|-unboost|p1a: CTRL+ALT+DEL|spd|1\n|upkeep\n|turn|3\n|inactive|FazyD has 120 seconds left.\n|n|!FazyD|fazyd\n|\n|t:|1698697098\n|-curestatus|p2a: Stakataka|slp|[msg]\n|move|p2a: Stakataka|Stealth Rock|p1a: CTRL+ALT+DEL\n|-sidestart|p1: linkthecat01)|move: Stealth Rock\n|move|p1a: CTRL+ALT+DEL|Circle Throw|p2a: Stakataka\n|-supereffective|p2a: Stakataka\n|-damage|p2a: Stakataka|80\/100\n|drag|p2a: Gengar|Gengar, F|100\/100\n|\n|-ability|p1a: CTRL+ALT+DEL|Moody|boost\n|-boost|p1a: CTRL+ALT+DEL|spa|2\n|-unboost|p1a: CTRL+ALT+DEL|atk|1\n|upkeep\n|turn|4\n|inactive|FazyD has 90 seconds left.\n|\n|t:|1698697136\n|move|p1a: CTRL+ALT+DEL|Spore|p2a: Gengar\n|-status|p2a: Gengar|slp|[from] move: Spore\n|cant|p2a: Gengar|slp\n|\n|-ability|p1a: CTRL+ALT+DEL|Moody|boost\n|-boost|p1a: CTRL+ALT+DEL|spd|2\n|-unboost|p1a: CTRL+ALT+DEL|spe|1\n|upkeep\n|turn|5\n|inactive|linkthecat01) has 120 seconds left.\n|inactive|linkthecat01) has 90 seconds left.\n|-activate|p1a: CTRL+ALT+DEL|item: Quick Claw\n|\n|t:|1698697220\n|cant|p2a: Gengar|slp\n|move|p1a: CTRL+ALT+DEL|Circle Throw|p2a: Gengar\n|-immune|p2a: Gengar\n|\n|-ability|p1a: CTRL+ALT+DEL|Moody|boost\n|-boost|p1a: CTRL+ALT+DEL|spa|2\n|-unboost|p1a: CTRL+ALT+DEL|def|1\n|upkeep\n|turn|6\n|inactive|FazyD has 90 seconds left.\n|\n|t:|1698697232\n|switch|p1a: Punch|Melmetal|100\/100\n|-damage|p1a: Punch|94\/100|[from] Stealth Rock\n|cant|p2a: Gengar|slp\n|\n|upkeep\n|turn|7\n|inactive|FazyD has 90 seconds left.\n|\n|t:|1698697252\n|-curestatus|p2a: Gengar|slp|[msg]\n|move|p2a: Gengar|Shadow Ball|p1a: Punch\n|-crit|p1a: Punch\n|-damage|p1a: Punch|27\/100\n|move|p1a: Punch|Double Iron Bash|p2a: Gengar\n|-enditem|p2a: Gengar|Focus Sash\n|-damage|p2a: Gengar|1\/100\n|-crit|p2a: Gengar\n|-damage|p2a: Gengar|0 fnt\n|faint|p2a: Gengar\n|-hitcount|p2: Gengar|2\n|\n|upkeep\n|\n|t:|1698697265\n|switch|p2a: Stakataka|Stakataka, shiny, tera:Steel|80\/100\n|turn|8\n|c|\u2606linkthecat01)|nuh uh\n|\n|t:|1698697270\n|move|p1a: Punch|Double Iron Bash|p2a: Stakataka\n|-resisted|p2a: Stakataka\n|-damage|p2a: Stakataka|67\/100\n|-resisted|p2a: Stakataka\n|-damage|p2a: Stakataka|52\/100\n|-hitcount|p2a: Stakataka|2\n|move|p2a: Stakataka|Stealth Rock||[still]\n|-fail|p2a: Stakataka\n|\n|-heal|p2a: Stakataka|58\/100|[from] item: Leftovers\n|upkeep\n|turn|9\n|inactive|linkthecat01) has 90 seconds left.\n|\n|t:|1698697292\n|move|p1a: Punch|Thunder Punch|p2a: Stakataka\n|-damage|p2a: Stakataka|38\/100\n|move|p2a: Stakataka|Earthquake|p1a: Punch\n|-supereffective|p1a: Punch\n|-damage|p1a: Punch|0 fnt\n|faint|p1a: Punch\n|-ability|p2a: Stakataka|Beast Boost|boost\n|-boost|p2a: Stakataka|def|1\n|\n|-heal|p2a: Stakataka|44\/100|[from] item: Leftovers\n|upkeep\n|inactive|linkthecat01) has 90 seconds left.\n|\n|t:|1698697302\n|switch|p1a: MorePUNCHY|Marshadow|100\/100\n|-damage|p1a: MorePUNCHY|94\/100|[from] Stealth Rock\n|turn|10\n|inactive|linkthecat01) has 90 seconds left.\n|\n|t:|1698697326\n|move|p1a: MorePUNCHY|Spectral Thief||[still]\n|-clearpositiveboost|p2a: Stakataka|p1a: MorePUNCHY|move: Spectral Thief\n|-boost|p1a: MorePUNCHY|def|1\n|-anim|p1a: MorePUNCHY|Spectral Thief|p2a: Stakataka\n|-damage|p2a: Stakataka|21\/100\n|move|p2a: Stakataka|Toxic|p1a: MorePUNCHY\n|-status|p1a: MorePUNCHY|tox\n|\n|-heal|p2a: Stakataka|27\/100|[from] item: Leftovers\n|-damage|p1a: MorePUNCHY|88\/100 tox|[from] psn\n|upkeep\n|turn|11\n|\n|t:|1698697339\n|move|p1a: MorePUNCHY|Swagger|p2a: Stakataka|[miss]\n|-miss|p1a: MorePUNCHY|p2a: Stakataka\n|move|p2a: Stakataka|Earthquake|p1a: MorePUNCHY\n|-damage|p1a: MorePUNCHY|65\/100 tox\n|\n|-heal|p2a: Stakataka|33\/100|[from] item: Leftovers\n|-damage|p1a: MorePUNCHY|53\/100 tox|[from] psn\n|upkeep\n|turn|12\n|\n|t:|1698697354\n|move|p1a: MorePUNCHY|Drain Punch|p2a: Stakataka\n|-supereffective|p2a: Stakataka\n|-damage|p2a: Stakataka|0 fnt\n|-heal|p1a: MorePUNCHY|70\/100 tox|[from] drain|[of] p2a: Stakataka\n|faint|p2a: Stakataka\n|\n|-damage|p1a: MorePUNCHY|51\/100 tox|[from] psn\n|upkeep\n|inactive|FazyD has 60 seconds left.\n|\n|t:|1698697383\n|switch|p2a: Dragapult|Dragapult, F|100\/100\n|turn|13\n|\n|t:|1698697392\n|-zpower|p1a: MorePUNCHY\n|move|p1a: MorePUNCHY|Soul-Stealing 7-Star Strike|p2a: Dragapult|[zeffect]\n|-supereffective|p2a: Dragapult\n|-damage|p2a: Dragapult|0 fnt\n|faint|p2a: Dragapult\n|\n|-damage|p1a: MorePUNCHY|26\/100 tox|[from] psn\n|upkeep\n|c|\u2606linkthecat01)|yoink\n|\n|t:|1698697411\n|switch|p2a: Rillaboom|Rillaboom, F|100\/100\n|-fieldstart|move: Grassy Terrain|[from] ability: Grassy Surge|[of] p2a: Rillaboom\n|turn|14\n|\n|t:|1698697419\n|move|p1a: MorePUNCHY|Spectral Thief|p2a: Rillaboom\n|-damage|p2a: Rillaboom|57\/100\n|move|p2a: Rillaboom|Knock Off|p1a: MorePUNCHY\n|-damage|p1a: MorePUNCHY|0 fnt\n|faint|p1a: MorePUNCHY\n|\n|-heal|p2a: Rillaboom|63\/100|[from] Grassy Terrain\n|upkeep\n|\n|t:|1698697429\n|switch|p1a: THEWALLTHATWALKS|Deoxys-Defense|100\/100\n|-damage|p1a: THEWALLTHATWALKS|88\/100|[from] Stealth Rock\n|-ability|p1a: THEWALLTHATWALKS|Pressure\n|turn|15\n|inactive|FazyD has 60 seconds left.\n|\n|t:|1698697434\n|move|p2a: Rillaboom|Knock Off|p1a: THEWALLTHATWALKS\n|-supereffective|p1a: THEWALLTHATWALKS\n|-damage|p1a: THEWALLTHATWALKS|6\/100\n|-enditem|p1a: THEWALLTHATWALKS|Leftovers|[from] move: Knock Off|[of] p2a: Rillaboom\n|move|p1a: THEWALLTHATWALKS|Counter|p2a: Rillaboom\n|-damage|p2a: Rillaboom|0 fnt\n|faint|p2a: Rillaboom\n|\n|-heal|p1a: THEWALLTHATWALKS|12\/100|[from] Grassy Terrain\n|upkeep\n|inactive|FazyD has 60 seconds left.\n|\n|t:|1698697445\n|switch|p2a: Kartana|Kartana|100\/100\n|turn|16\n|\n|t:|1698697449\n|move|p1a: THEWALLTHATWALKS|Protect|p1a: THEWALLTHATWALKS\n|-singleturn|p1a: THEWALLTHATWALKS|Protect\n|-zpower|p2a: Kartana\n|move|p2a: Kartana|Z-Tailwind|p2a: Kartana|[anim]Tailwind\n|-start|p2a: Kartana|move: Focus Energy|[zeffect]\n|-sidestart|p2: FazyD|move: Tailwind\n|\n|-heal|p1a: THEWALLTHATWALKS|18\/100|[from] Grassy Terrain\n|upkeep\n|turn|17\n|inactive|FazyD has 60 seconds left.\n|\n|t:|1698697475\n|move|p2a: Kartana|Night Slash|p1a: THEWALLTHATWALKS\n|-supereffective|p1a: THEWALLTHATWALKS\n|-crit|p1a: THEWALLTHATWALKS\n|-damage|p1a: THEWALLTHATWALKS|0 fnt\n|faint|p1a: THEWALLTHATWALKS\n|-ability|p2a: Kartana|Beast Boost|boost\n|-boost|p2a: Kartana|atk|1\n|\n|upkeep\n|\n|t:|1698697486\n|switch|p1a: CTRL+ALT+DEL|Smeargle, F|100\/100\n|-damage|p1a: CTRL+ALT+DEL|88\/100|[from] Stealth Rock\n|turn|18\n|inactive|FazyD has 60 seconds left.\n|\n|t:|1698697491\n|move|p1a: CTRL+ALT+DEL|Protect|p1a: CTRL+ALT+DEL\n|-singleturn|p1a: CTRL+ALT+DEL|Protect\n|move|p2a: Kartana|Sacred Sword|p1a: CTRL+ALT+DEL\n|-activate|p1a: CTRL+ALT+DEL|move: Protect\n|\n|-heal|p1a: CTRL+ALT+DEL|94\/100|[from] Grassy Terrain\n|-fieldend|move: Grassy Terrain\n|-ability|p1a: CTRL+ALT+DEL|Moody|boost\n|-boost|p1a: CTRL+ALT+DEL|spd|2\n|-unboost|p1a: CTRL+ALT+DEL|def|1\n|upkeep\n|turn|19\n|inactive|FazyD has 60 seconds left.\n|\n|t:|1698697501\n|move|p2a: Kartana|Sacred Sword|p1a: CTRL+ALT+DEL\n|-supereffective|p1a: CTRL+ALT+DEL\n|-damage|p1a: CTRL+ALT+DEL|0 fnt\n|faint|p1a: CTRL+ALT+DEL\n|-ability|p2a: Kartana|Beast Boost|boost\n|-boost|p2a: Kartana|atk|1\n|\n|-sideend|p2: FazyD|move: Tailwind\n|upkeep\n|\n|t:|1698697505\n|switch|p1a: DUDE|Kangaskhan, F|100\/100\n|-damage|p1a: DUDE|88\/100|[from] Stealth Rock\n|turn|20\n|n|\u2606FazyD|fazyd\n|\n|t:|1698697511\n|detailschange|p1a: DUDE|Kangaskhan-Mega, F\n|-mega|p1a: DUDE|Kangaskhan|Kangaskhanite\n|move|p2a: Kartana|Sacred Sword|p1a: DUDE\n|-supereffective|p1a: DUDE\n|-crit|p1a: DUDE\n|-damage|p1a: DUDE|0 fnt\n|faint|p1a: DUDE\n|-ability|p2a: Kartana|Beast Boost|boost\n|-boost|p2a: Kartana|atk|1\n|\n|upkeep\n|\n|t:|1698697513\n|switch|p1a: IGUESS|Regieleki|100\/100\n|-damage|p1a: IGUESS|88\/100|[from] Stealth Rock\n|turn|21\n|c|\u2606FazyD|sorry bro\n|c|\u2606linkthecat01)|gg's\n|c|\u2606linkthecat01)|its ok\n|inactive|FazyD has 60 seconds left.\n|\n|t:|1698697541\n|move|p1a: IGUESS|Thunder Cage|p2a: Kartana\n|-resisted|p2a: Kartana\n|-damage|p2a: Kartana|9\/100\n|-activate|p2a: Kartana|move: Thunder Cage|[of] p1a: IGUESS\n|move|p2a: Kartana|Leaf Blade|p1a: IGUESS\n|-crit|p1a: IGUESS\n|-damage|p1a: IGUESS|0 fnt\n|faint|p1a: IGUESS\n|\n|win|FazyD\n|raw|linkthecat01)'s rating: 1107 &rarr; <strong>1092<\/strong><br \/>(-15 for losing)\n|raw|FazyD's rating: 1246 &rarr; <strong>1261<\/strong><br \/>(+15 for winning)\n","uploadtime":1698697093,"views":3,"p1id":"linkthecat01","p2id":"fazyd","formatid":"gen9nationaldexubers","rating":1092,"private":0,"password":""}