{"id":"gen9nationaldexubers-1989771909","p1":"zuwo","p2":"matheusrr2000","format":"[Gen 9] National Dex Ubers","log":"|j|\u2606zuwo\n|j|\u2606matheusrr2000\n|t:|1699894397\n|gametype|singles\n|player|p1|zuwo|2|\n|player|p2|matheusrr2000|102|\n|teamsize|p1|6\n|teamsize|p2|6\n|gen|9\n|tier|[Gen 9] National Dex Ubers\n|rule|HP Percentage Mod: HP is shown in percentages\n|rule|Endless Battle Clause: Forcing endless battles is banned\n|rule|OHKO Clause: OHKO moves are banned\n|rule|Evasion Moves Clause: Evasion moves are banned\n|rule|Evasion Items Clause: Evasion items are banned\n|rule|Species Clause: Limit one of each Pok\u00e9mon\n|rule|Sleep Clause Mod: Limit one foe put to sleep\n|rule|Mega Rayquaza Clause: You cannot mega evolve Rayquaza\n|clearpoke\n|poke|p1|Tyranitar, F|\n|poke|p1|Garchomp, M|\n|poke|p1|Excadrill, M|\n|poke|p1|Ferrothorn, M|\n|poke|p1|Alakazam, M|\n|poke|p1|Gastrodon, M|\n|poke|p2|Arceus-Ice|\n|poke|p2|Kyogre|\n|poke|p2|Ogerpon-Hearthflame, F|\n|poke|p2|Shaymin-Sky|\n|poke|p2|Blastoise, F|\n|poke|p2|Kyurem-White|\n|teampreview\n|\n|t:|1699894409\n|start\n|switch|p1a: Slime|Gastrodon, M|100\/100\n|switch|p2a: Kyurem|Kyurem-White|100\/100\n|-ability|p2a: Kyurem|Turboblaze\n|turn|1\n|\n|t:|1699894417\n|move|p2a: Kyurem|Blizzard|p1a: Slime\n|-damage|p1a: Slime|51\/100\n|move|p1a: Slime|Stockpile|p1a: Slime\n|-start|p1a: Slime|stockpile1\n|-boost|p1a: Slime|def|1\n|-boost|p1a: Slime|spd|1\n|\n|-heal|p1a: Slime|57\/100|[from] item: Leftovers\n|upkeep\n|turn|2\n|\n|t:|1699894427\n|move|p2a: Kyurem|Blizzard|p1a: Slime\n|-damage|p1a: Slime|24\/100\n|move|p1a: Slime|Recover|p1a: Slime\n|-heal|p1a: Slime|74\/100\n|\n|-heal|p1a: Slime|80\/100|[from] item: Leftovers\n|upkeep\n|turn|3\n|\n|t:|1699894437\n|move|p2a: Kyurem|Freeze-Dry|p1a: Slime\n|-supereffective|p1a: Slime\n|-damage|p1a: Slime|0 fnt\n|faint|p1a: Slime\n|\n|upkeep\n|\n|t:|1699894445\n|switch|p1a: Shin Godzilla|Tyranitar, F|100\/100\n|-weather|Sandstorm|[from] ability: Sand Stream|[of] p1a: Shin Godzilla\n|turn|4\n|\n|t:|1699894455\n|move|p2a: Kyurem|Freeze-Dry|p1a: Shin Godzilla\n|-damage|p1a: Shin Godzilla|78\/100\n|move|p1a: Shin Godzilla|Dragon Dance|p1a: Shin Godzilla\n|-boost|p1a: Shin Godzilla|atk|1\n|-boost|p1a: Shin Godzilla|spe|1\n|\n|-weather|Sandstorm|[upkeep]\n|-damage|p2a: Kyurem|94\/100|[from] Sandstorm\n|upkeep\n|turn|5\n|\n|t:|1699894465\n|switch|p2a: Ogerpon|Ogerpon-Hearthflame, F|100\/100\n|-ability|p2a: Ogerpon|Mold Breaker\n|move|p1a: Shin Godzilla|Stone Edge|p2a: Ogerpon|[miss]\n|-miss|p1a: Shin Godzilla|p2a: Ogerpon\n|\n|-weather|Sandstorm|[upkeep]\n|-damage|p2a: Ogerpon|95\/100|[from] Sandstorm\n|upkeep\n|turn|6\n|\n|t:|1699894477\n|move|p2a: Ogerpon|Giga Drain|p1a: Shin Godzilla\n|-supereffective|p1a: Shin Godzilla\n|-damage|p1a: Shin Godzilla|50\/100\n|-heal|p2a: Ogerpon|100\/100|[from] drain|[of] p1a: Shin Godzilla\n|move|p1a: Shin Godzilla|Stone Edge|p2a: Ogerpon|[miss]\n|-miss|p1a: Shin Godzilla|p2a: Ogerpon\n|\n|-weather|Sandstorm|[upkeep]\n|-damage|p2a: Ogerpon|95\/100|[from] Sandstorm\n|upkeep\n|turn|7\n|\n|t:|1699894487\n|move|p2a: Ogerpon|Giga Drain|p1a: Shin Godzilla\n|-supereffective|p1a: Shin Godzilla\n|-damage|p1a: Shin Godzilla|19\/100\n|-heal|p2a: Ogerpon|100\/100|[from] drain|[of] p1a: Shin Godzilla\n|move|p1a: Shin Godzilla|Stone Edge|p2a: Ogerpon\n|-supereffective|p2a: Ogerpon\n|-damage|p2a: Ogerpon|0 fnt\n|faint|p2a: Ogerpon\n|\n|-weather|Sandstorm|[upkeep]\n|upkeep\n|\n|t:|1699894499\n|switch|p2a: Shaymin|Shaymin-Sky|100\/100\n|turn|8\n|\n|t:|1699894505\n|switch|p1a: Mamona assassina|Ferrothorn, M, shiny|100\/100\n|move|p2a: Shaymin|Energy Ball|p1a: Mamona assassina\n|-resisted|p1a: Mamona assassina\n|-damage|p1a: Mamona assassina|88\/100\n|\n|-weather|Sandstorm|[upkeep]\n|-damage|p2a: Shaymin|94\/100|[from] Sandstorm\n|upkeep\n|turn|9\n|\n|t:|1699894515\n|switch|p2a: Kyogre|Kyogre|100\/100\n|detailschange|p2a: Kyogre|Kyogre-Primal\n|-primal|p2a: Kyogre|Blue Orb\n|-weather|PrimordialSea|[from] ability: Primordial Sea|[of] p2a: Kyogre\n|move|p1a: Mamona assassina|Thunder Wave|p2a: Kyogre\n|-status|p2a: Kyogre|par\n|\n|-weather|PrimordialSea|[upkeep]\n|upkeep\n|turn|10\n|\n|t:|1699894525\n|-weather|none\n|switch|p2a: Kyurem|Kyurem-White|94\/100\n|-ability|p2a: Kyurem|Turboblaze\n|move|p1a: Mamona assassina|Leech Seed|p2a: Kyurem\n|-start|p2a: Kyurem|move: Leech Seed\n|\n|-damage|p2a: Kyurem|82\/100|[from] Leech Seed|[of] p1a: Mamona assassina\n|-heal|p1a: Mamona assassina|100\/100|[silent]\n|upkeep\n|turn|11\n|\n|t:|1699894536\n|move|p2a: Kyurem|Blizzard|p1a: Mamona assassina\n|-damage|p1a: Mamona assassina|32\/100\n|move|p1a: Mamona assassina|Thunder Wave|p2a: Kyurem\n|-status|p2a: Kyurem|par\n|\n|-damage|p2a: Kyurem|70\/100 par|[from] Leech Seed|[of] p1a: Mamona assassina\n|-heal|p1a: Mamona assassina|48\/100|[silent]\n|upkeep\n|turn|12\n|\n|t:|1699894550\n|switch|p1a: Shin Godzilla|Tyranitar, F|19\/100\n|-weather|Sandstorm|[from] ability: Sand Stream|[of] p1a: Shin Godzilla\n|move|p2a: Kyurem|Blizzard|p1a: Shin Godzilla\n|-damage|p1a: Shin Godzilla|0 fnt\n|faint|p1a: Shin Godzilla\n|\n|-weather|Sandstorm|[upkeep]\n|-damage|p2a: Kyurem|64\/100 par|[from] Sandstorm\n|upkeep\n|\n|t:|1699894562\n|switch|p1a: O escavador|Excadrill, M|100\/100\n|turn|13\n|\n|t:|1699894590\n|move|p1a: O escavador|Rock Slide|p2a: Kyurem\n|-supereffective|p2a: Kyurem\n|-damage|p2a: Kyurem|0 fnt\n|faint|p2a: Kyurem\n|\n|-weather|Sandstorm|[upkeep]\n|upkeep\n|\n|t:|1699894604\n|switch|p2a: Blastoise|Blastoise, F|100\/100\n|turn|14\n|\n|t:|1699894621\n|switch|p1a: Mamona assassina|Ferrothorn, M, shiny|48\/100\n|move|p2a: Blastoise|Hidden Power|p1a: Mamona assassina\n|-resisted|p1a: Mamona assassina\n|-damage|p1a: Mamona assassina|45\/100\n|\n|-weather|Sandstorm|[upkeep]\n|-damage|p2a: Blastoise|94\/100|[from] Sandstorm\n|upkeep\n|turn|15\n|\n|t:|1699894632\n|detailschange|p2a: Blastoise|Blastoise-Mega, F\n|-mega|p2a: Blastoise|Blastoise|Blastoisinite\n|move|p2a: Blastoise|Aqua Jet|p1a: Mamona assassina\n|-resisted|p1a: Mamona assassina\n|-damage|p1a: Mamona assassina|38\/100\n|-damage|p2a: Blastoise|82\/100|[from] ability: Iron Barbs|[of] p1a: Mamona assassina\n|-damage|p2a: Blastoise|65\/100|[from] item: Rocky Helmet|[of] p1a: Mamona assassina\n|move|p1a: Mamona assassina|Leech Seed|p2a: Blastoise\n|-start|p2a: Blastoise|move: Leech Seed\n|\n|-weather|Sandstorm|[upkeep]\n|-damage|p2a: Blastoise|59\/100|[from] Sandstorm\n|-damage|p2a: Blastoise|47\/100|[from] Leech Seed|[of] p1a: Mamona assassina\n|-heal|p1a: Mamona assassina|54\/100|[silent]\n|upkeep\n|turn|16\n|\n|t:|1699894651\n|switch|p2a: Arceus|Arceus-Ice|100\/100\n|move|p1a: Mamona assassina|Power Whip|p2a: Arceus\n|-damage|p2a: Arceus|62\/100\n|\n|-weather|Sandstorm|[upkeep]\n|-damage|p2a: Arceus|56\/100|[from] Sandstorm\n|upkeep\n|turn|17\n|\n|t:|1699894661\n|switch|p2a: Kyogre|Kyogre-Primal|100\/100 par\n|-weather|PrimordialSea|[from] ability: Primordial Sea|[of] p2a: Kyogre\n|move|p1a: Mamona assassina|Leech Seed|p2a: Kyogre\n|-start|p2a: Kyogre|move: Leech Seed\n|\n|-weather|PrimordialSea|[upkeep]\n|-damage|p2a: Kyogre|88\/100 par|[from] Leech Seed|[of] p1a: Mamona assassina\n|-heal|p1a: Mamona assassina|68\/100|[silent]\n|upkeep\n|turn|18\n|\n|t:|1699894670\n|cant|p2a: Kyogre|par\n|move|p1a: Mamona assassina|Power Whip|p2a: Kyogre|[miss]\n|-miss|p1a: Mamona assassina|p2a: Kyogre\n|\n|-weather|PrimordialSea|[upkeep]\n|-damage|p2a: Kyogre|76\/100 par|[from] Leech Seed|[of] p1a: Mamona assassina\n|-heal|p1a: Mamona assassina|83\/100|[silent]\n|upkeep\n|turn|19\n|\n|t:|1699894679\n|cant|p2a: Kyogre|par\n|move|p1a: Mamona assassina|Power Whip|p2a: Kyogre\n|-supereffective|p2a: Kyogre\n|-damage|p2a: Kyogre|0 fnt\n|faint|p2a: Kyogre\n|-weather|none\n|\n|upkeep\n|\n|t:|1699894691\n|switch|p2a: Shaymin|Shaymin-Sky|94\/100\n|turn|20\n|\n|t:|1699894696\n|switch|p1a: O escavador|Excadrill, M|100\/100\n|move|p2a: Shaymin|Energy Ball|p1a: O escavador\n|-damage|p1a: O escavador|44\/100\n|\n|upkeep\n|turn|21\n|\n|t:|1699894703\n|move|p2a: Shaymin|Energy Ball|p1a: O escavador\n|-damage|p1a: O escavador|0 fnt\n|faint|p1a: O escavador\n|\n|upkeep\n|\n|t:|1699894709\n|switch|p1a: Mamona assassina|Ferrothorn, M, shiny|83\/100\n|turn|22\n|\n|t:|1699894713\n|move|p2a: Shaymin|Energy Ball|p1a: Mamona assassina\n|-resisted|p1a: Mamona assassina\n|-damage|p1a: Mamona assassina|72\/100\n|move|p1a: Mamona assassina|Thunder Wave|p2a: Shaymin\n|-status|p2a: Shaymin|par\n|\n|upkeep\n|turn|23\n|\n|t:|1699894722\n|cant|p2a: Shaymin|par\n|move|p1a: Mamona assassina|Leech Seed|p2a: Shaymin\n|-immune|p2a: Shaymin\n|\n|upkeep\n|turn|24\n|\n|t:|1699894728\n|move|p2a: Shaymin|Air Slash|p1a: Mamona assassina\n|-damage|p1a: Mamona assassina|32\/100\n|cant|p1a: Mamona assassina|flinch\n|\n|upkeep\n|turn|25\n|\n|t:|1699894736\n|switch|p1a: Toth|Alakazam, M|100\/100\n|move|p2a: Shaymin|Air Slash|p1a: Toth|[miss]\n|-miss|p2a: Shaymin|p1a: Toth\n|\n|upkeep\n|turn|26\n|\n|t:|1699894747\n|move|p1a: Toth|Psychic|p2a: Shaymin\n|-damage|p2a: Shaymin|10\/100 par\n|cant|p2a: Shaymin|par\n|\n|upkeep\n|turn|27\n|\n|t:|1699894755\n|move|p1a: Toth|Psychic|p2a: Shaymin\n|-damage|p2a: Shaymin|0 fnt\n|faint|p2a: Shaymin\n|\n|upkeep\n|\n|t:|1699894760\n|switch|p2a: Blastoise|Blastoise-Mega, F|47\/100\n|turn|28\n|\n|t:|1699894766\n|move|p2a: Blastoise|Aqua Jet|p1a: Toth\n|-damage|p1a: Toth|55\/100\n|move|p1a: Toth|Psychic|p2a: Blastoise\n|-damage|p2a: Blastoise|0 fnt\n|faint|p2a: Blastoise\n|\n|upkeep\n|\n|t:|1699894772\n|switch|p2a: Arceus|Arceus-Ice|56\/100\n|turn|29\n|\n|t:|1699894776\n|move|p1a: Toth|Psychic|p2a: Arceus\n|-damage|p2a: Arceus|6\/100\n|move|p2a: Arceus|Avalanche|p1a: Toth\n|-damage|p1a: Toth|0 fnt\n|faint|p1a: Toth\n|\n|upkeep\n|\n|t:|1699894784\n|switch|p1a: Mamona assassina|Ferrothorn, M, shiny|32\/100\n|turn|30\n|\n|t:|1699894788\n|move|p2a: Arceus|Blizzard|p1a: Mamona assassina|[miss]\n|-miss|p2a: Arceus|p1a: Mamona assassina\n|move|p1a: Mamona assassina|Power Whip|p2a: Arceus\n|-damage|p2a: Arceus|0 fnt\n|faint|p2a: Arceus\n|\n|win|zuwo\n","uploadtime":1699894817,"views":18,"p1id":"zuwo","p2id":"matheusrr2000","formatid":"gen9nationaldexubers","rating":0,"private":0,"password":""}