{"id":"gen9nationaldexubers-1998192838","p1":"Mikail66","p2":"killgaldo","format":"[Gen 9] National Dex Ubers","log":"|j|\u2606Mikail66\n|j|\u2606killgaldo\n|t:|1700909988\n|gametype|singles\n|player|p1|Mikail66|101|1095\n|player|p2|killgaldo|lance|1158\n|teamsize|p1|6\n|teamsize|p2|6\n|gen|9\n|tier|[Gen 9] National Dex Ubers\n|rated|\n|rule|HP Percentage Mod: HP is shown in percentages\n|rule|Endless Battle Clause: Forcing endless battles is banned\n|rule|OHKO Clause: OHKO moves are banned\n|rule|Evasion Moves Clause: Evasion moves are banned\n|rule|Evasion Items Clause: Evasion items are banned\n|rule|Species Clause: Limit one of each Pok\u00e9mon\n|rule|Sleep Clause Mod: Limit one foe put to sleep\n|rule|Mega Rayquaza Clause: You cannot mega evolve Rayquaza\n|clearpoke\n|poke|p1|Necrozma-Dusk-Mane|\n|poke|p1|Roaring Moon|\n|poke|p1|Charizard, M|\n|poke|p1|Groudon|\n|poke|p1|Lugia|\n|poke|p1|Giratina-Origin|\n|poke|p2|Ribombee, M|\n|poke|p2|Xerneas-*|\n|poke|p2|Darmanitan-Galar, F|\n|poke|p2|Lopunny, M|\n|poke|p2|Zamazenta-*|\n|poke|p2|Xurkitree|\n|teampreview\n|\n|t:|1700909994\n|start\n|switch|p1a: Lugia|Lugia, shiny|100\/100\n|switch|p2a: Ribombee|Ribombee, M|100\/100\n|turn|1\n|\n|t:|1700910002\n|move|p2a: Ribombee|Sticky Web|p1a: Lugia\n|-sidestart|p1: Mikail66|move: Sticky Web\n|move|p1a: Lugia|Aeroblast|p2a: Ribombee\n|-supereffective|p2a: Ribombee\n|-crit|p2a: Ribombee\n|-enditem|p2a: Ribombee|Focus Sash\n|-damage|p2a: Ribombee|1\/100\n|\n|upkeep\n|turn|2\n|\n|t:|1700910012\n|move|p2a: Ribombee|Light Screen|p2a: Ribombee\n|-sidestart|p2: killgaldo|move: Light Screen\n|move|p1a: Lugia|Aeroblast|p2a: Ribombee\n|-supereffective|p2a: Ribombee\n|-crit|p2a: Ribombee\n|-damage|p2a: Ribombee|0 fnt\n|faint|p2a: Ribombee\n|\n|upkeep\n|\n|t:|1700910017\n|switch|p2a: Xurkitree|Xurkitree|100\/100\n|turn|3\n|\n|t:|1700910026\n|move|p1a: Lugia|Psychic|p2a: Xurkitree\n|-damage|p2a: Xurkitree|80\/100\n|move|p2a: Xurkitree|Hypnosis|p1a: Lugia|[miss]\n|-miss|p2a: Xurkitree|p1a: Lugia\n|-enditem|p2a: Xurkitree|Blunder Policy\n|-boost|p2a: Xurkitree|spe|2\n|\n|upkeep\n|turn|4\n|\n|t:|1700910050\n|move|p2a: Xurkitree|Tail Glow|p2a: Xurkitree\n|-boost|p2a: Xurkitree|spa|3\n|move|p1a: Lugia|Psychic|p2a: Xurkitree\n|-damage|p2a: Xurkitree|61\/100\n|\n|upkeep\n|turn|5\n|\n|t:|1700910059\n|move|p2a: Xurkitree|Thunderbolt|p1a: Lugia\n|-supereffective|p1a: Lugia\n|-damage|p1a: Lugia|14\/100\n|-enditem|p1a: Lugia|Weakness Policy\n|-boost|p1a: Lugia|atk|2|[from] item: Weakness Policy\n|-boost|p1a: Lugia|spa|2|[from] item: Weakness Policy\n|move|p1a: Lugia|Psychic|p2a: Xurkitree\n|-damage|p2a: Xurkitree|22\/100\n|\n|upkeep\n|turn|6\n|\n|t:|1700910068\n|move|p2a: Xurkitree|Thunderbolt|p1a: Lugia\n|-supereffective|p1a: Lugia\n|-damage|p1a: Lugia|0 fnt\n|faint|p1a: Lugia\n|-ability|p2a: Xurkitree|Beast Boost|boost\n|-boost|p2a: Xurkitree|spa|1\n|\n|-sideend|p2: killgaldo|move: Light Screen\n|upkeep\n|\n|t:|1700910083\n|switch|p1a: Giratina|Giratina-Origin, shiny|100\/100\n|turn|7\n|\n|t:|1700910089\n|-terastallize|p1a: Giratina|Ghost\n|move|p1a: Giratina|Shadow Sneak|p2a: Xurkitree\n|-damage|p2a: Xurkitree|0 fnt\n|faint|p2a: Xurkitree\n|\n|upkeep\n|\n|t:|1700910096\n|switch|p2a: Lopunny|Lopunny, M|100\/100\n|turn|8\n|\n|t:|1700910104\n|detailschange|p2a: Lopunny|Lopunny-Mega, M\n|-mega|p2a: Lopunny|Lopunny|Lopunnite\n|move|p2a: Lopunny|Fake Out|p1a: Giratina\n|-damage|p1a: Giratina|86\/100\n|cant|p1a: Giratina|flinch\n|\n|upkeep\n|turn|9\n|\n|t:|1700910114\n|move|p2a: Lopunny|High Jump Kick|p1a: Giratina\n|-damage|p1a: Giratina|39\/100\n|move|p1a: Giratina|Outrage|p2a: Lopunny\n|-damage|p2a: Lopunny|0 fnt\n|faint|p2a: Lopunny\n|\n|upkeep\n|\n|t:|1700910122\n|switch|p2a: Xerneas|Xerneas|100\/100\n|-ability|p2a: Xerneas|Fairy Aura\n|turn|10\n|\n|t:|1700910129\n|move|p2a: Xerneas|Geomancy||[still]\n|-prepare|p2a: Xerneas|Geomancy\n|-enditem|p2a: Xerneas|Power Herb\n|-anim|p2a: Xerneas|Geomancy|p2a: Xerneas\n|-boost|p2a: Xerneas|spa|2\n|-boost|p2a: Xerneas|spd|2\n|-boost|p2a: Xerneas|spe|2\n|move|p1a: Giratina|Outrage|p2a: Xerneas|[from]lockedmove\n|-immune|p2a: Xerneas\n|\n|upkeep\n|turn|11\n|\n|t:|1700910142\n|move|p1a: Giratina|Shadow Sneak|p2a: Xerneas\n|-damage|p2a: Xerneas|69\/100\n|move|p2a: Xerneas|Moonblast|p1a: Giratina\n|-damage|p1a: Giratina|0 fnt\n|faint|p1a: Giratina\n|\n|upkeep\n|\n|t:|1700910155\n|switch|p1a: Necrozma|Necrozma-Dusk-Mane, shiny|100\/100\n|-activate|p1a: Necrozma|move: Sticky Web\n|-unboost|p1a: Necrozma|spe|1\n|turn|12\n|\n|t:|1700910164\n|move|p2a: Xerneas|Thunderbolt|p1a: Necrozma\n|-damage|p1a: Necrozma|49\/100\n|-status|p1a: Necrozma|par\n|move|p1a: Necrozma|Sunsteel Strike|p2a: Xerneas\n|-supereffective|p2a: Xerneas\n|-damage|p2a: Xerneas|0 fnt\n|faint|p2a: Xerneas\n|\n|upkeep\n|\n|t:|1700910181\n|switch|p2a: Zamazenta|Zamazenta-Crowned|100\/100\n|-ability|p2a: Zamazenta|Dauntless Shield|boost\n|-boost|p2a: Zamazenta|def|1\n|turn|13\n|\n|t:|1700910193\n|detailschange|p1a: Necrozma|Necrozma-Ultra, shiny\n|-burst|p1a: Necrozma|Necrozma|Ultranecrozium Z\n|move|p2a: Zamazenta|Iron Defense|p2a: Zamazenta\n|-boost|p2a: Zamazenta|def|2\n|move|p1a: Necrozma|Photon Geyser|p2a: Zamazenta\n|-damage|p2a: Zamazenta|79\/100\n|\n|upkeep\n|turn|14\n|\n|t:|1700910210\n|move|p2a: Zamazenta|Iron Defense|p2a: Zamazenta\n|-boost|p2a: Zamazenta|def|2\n|-zpower|p1a: Necrozma\n|move|p1a: Necrozma|Light That Burns the Sky|p2a: Zamazenta|[zeffect]\n|-damage|p2a: Zamazenta|47\/100\n|\n|upkeep\n|turn|15\n|\n|t:|1700910227\n|move|p2a: Zamazenta|Body Press|p1a: Necrozma\n|-resisted|p1a: Necrozma\n|-damage|p1a: Necrozma|0 fnt\n|faint|p1a: Necrozma\n|\n|upkeep\n|\n|t:|1700910246\n|switch|p1a: Mega Moon|Roaring Moon, shiny|100\/100\n|-activate|p1a: Mega Moon|move: Sticky Web\n|-unboost|p1a: Mega Moon|spe|1\n|-enditem|p1a: Mega Moon|Booster Energy\n|-activate|p1a: Mega Moon|ability: Protosynthesis|[fromitem]\n|-start|p1a: Mega Moon|protosynthesisatk\n|turn|16\n|\n|t:|1700910270\n|move|p2a: Zamazenta|Body Press|p1a: Mega Moon\n|-supereffective|p1a: Mega Moon\n|-crit|p1a: Mega Moon\n|-damage|p1a: Mega Moon|0 fnt\n|faint|p1a: Mega Moon\n|-end|p1a: Mega Moon|Protosynthesis|[silent]\n|\n|upkeep\n|\n|t:|1700910281\n|switch|p1a: Groudon|Groudon, shiny|100\/100\n|-activate|p1a: Groudon|move: Sticky Web\n|-unboost|p1a: Groudon|spe|1\n|detailschange|p1a: Groudon|Groudon-Primal, shiny\n|-primal|p1a: Groudon|Red Orb\n|-weather|DesolateLand|[from] ability: Desolate Land|[of] p1a: Groudon\n|turn|17\n|\n|t:|1700910296\n|move|p2a: Zamazenta|Body Press|p1a: Groudon\n|-damage|p1a: Groudon|32\/100\n|move|p1a: Groudon|Precipice Blades|p2a: Zamazenta\n|-supereffective|p2a: Zamazenta\n|-damage|p2a: Zamazenta|9\/100\n|\n|-weather|DesolateLand|[upkeep]\n|upkeep\n|turn|18\n|\n|t:|1700910306\n|move|p2a: Zamazenta|Body Press|p1a: Groudon\n|-damage|p1a: Groudon|0 fnt\n|faint|p1a: Groudon\n|-weather|none\n|\n|upkeep\n|\n|t:|1700910312\n|switch|p1a: Charizard|Charizard, M|100\/100\n|turn|19\n|\n|t:|1700910320\n|detailschange|p1a: Charizard|Charizard-Mega-X, M\n|-mega|p1a: Charizard|Charizard|Charizardite X\n|move|p2a: Zamazenta|Body Press|p1a: Charizard\n|-damage|p1a: Charizard|0 fnt\n|faint|p1a: Charizard\n|\n|win|killgaldo\n|raw|Mikail66's rating: 1095 &rarr; <strong>1075<\/strong><br \/>(-20 for losing)\n|raw|killgaldo's rating: 1158 &rarr; <strong>1179<\/strong><br \/>(+21 for winning)\n","uploadtime":1700910328,"views":1,"p1id":"mikail66","p2id":"killgaldo","formatid":"gen9nationaldexubers","rating":1075,"private":0,"password":""}