{"id":"gen9nationaldexubers-1998029584","p1":"asayake","p2":"Harmony6","format":"[Gen 9] National Dex Ubers","log":"|j|\u2606asayake\n|j|\u2606Harmony6\n|t:|1700881045\n|gametype|singles\n|player|p1|asayake|caitlin|\n|player|p2|Harmony6|lady-gen4|\n|teamsize|p1|6\n|teamsize|p2|6\n|gen|9\n|tier|[Gen 9] National Dex Ubers\n|rule|HP Percentage Mod: HP is shown in percentages\n|rule|Endless Battle Clause: Forcing endless battles is banned\n|rule|OHKO Clause: OHKO moves are banned\n|rule|Evasion Moves Clause: Evasion moves are banned\n|rule|Evasion Items Clause: Evasion items are banned\n|rule|Species Clause: Limit one of each Pok\u00e9mon\n|rule|Sleep Clause Mod: Limit one foe put to sleep\n|rule|Mega Rayquaza Clause: You cannot mega evolve Rayquaza\n|clearpoke\n|poke|p1|Ogerpon-Wellspring, F|\n|poke|p1|Urshifu-*, M|\n|poke|p1|Gyarados, F|\n|poke|p1|Toxapex, M|\n|poke|p1|Rotom-Wash|\n|poke|p1|Gastrodon, F|\n|poke|p2|Lopunny, M|\n|poke|p2|Gastrodon, M|\n|poke|p2|Zapdos|\n|poke|p2|Meowscarada, F|\n|poke|p2|Muk-Alola, F|\n|poke|p2|Ferrothorn, M|\n|teampreview\n|\n|t:|1700881084\n|start\n|switch|p1a: Toxapex|Toxapex, M|100\/100\n|switch|p2a: Meowscarada|Meowscarada, F|100\/100\n|turn|1\n|\n|t:|1700881092\n|move|p2a: Meowscarada|Knock Off|p1a: Toxapex\n|-start|p2a: Meowscarada|typechange|Dark|[from] ability: Protean\n|-damage|p1a: Toxapex|58\/100\n|-damage|p2a: Meowscarada|84\/100|[from] item: Rocky Helmet|[of] p1a: Toxapex\n|-enditem|p1a: Toxapex|Rocky Helmet|[from] move: Knock Off|[of] p2a: Meowscarada\n|move|p1a: Toxapex|Recover|p1a: Toxapex\n|-heal|p1a: Toxapex|100\/100\n|\n|upkeep\n|turn|2\n|\n|t:|1700881101\n|switch|p2a: Gastrodon|Gastrodon, M|100\/100\n|move|p1a: Toxapex|Toxic Spikes|p2a: Gastrodon\n|-sidestart|p2: Harmony6|move: Toxic Spikes\n|\n|upkeep\n|turn|3\n|\n|t:|1700881108\n|switch|p1a: Urshifu|Urshifu-Rapid-Strike, M|100\/100\n|move|p2a: Gastrodon|Spikes|p1a: Urshifu\n|-sidestart|p1: asayake|Spikes\n|\n|upkeep\n|turn|4\n|\n|t:|1700881120\n|switch|p2a: Zapdos|Zapdos|100\/100\n|move|p1a: Urshifu|Close Combat|p2a: Zapdos\n|-resisted|p2a: Zapdos\n|-damage|p2a: Zapdos|67\/100\n|-unboost|p1a: Urshifu|def|1\n|-unboost|p1a: Urshifu|spd|1\n|\n|upkeep\n|turn|5\n|\n|t:|1700881140\n|switch|p1a: Gastrodon|Gastrodon, F|100\/100\n|switch|p2a: Muk|Muk-Alola, F|100\/100\n|-sideend|p2: Harmony6|move: Toxic Spikes|[of] p2a: Muk\n|\n|upkeep\n|turn|6\n|\n|t:|1700881162\n|switch|p2a: Ferrothorn|Ferrothorn, M|100\/100\n|move|p1a: Gastrodon|Toxic|p2a: Ferrothorn\n|-immune|p2a: Ferrothorn\n|\n|upkeep\n|turn|7\n|\n|t:|1700881173\n|switch|p1a: Toxapex|Toxapex, M|100\/100\n|-damage|p1a: Toxapex|88\/100|[from] Spikes\n|move|p2a: Ferrothorn|Stealth Rock|p1a: Toxapex\n|-sidestart|p1: asayake|move: Stealth Rock\n|\n|upkeep\n|turn|8\n|\n|t:|1700881186\n|switch|p2a: Gastrodon|Gastrodon, M|100\/100\n|move|p1a: Toxapex|Scald|p2a: Gastrodon\n|-ability|p2a: Gastrodon|Storm Drain|boost\n|-boost|p2a: Gastrodon|spa|1\n|\n|upkeep\n|turn|9\n|\n|t:|1700881192\n|move|p2a: Gastrodon|Spikes|p1a: Toxapex\n|-sidestart|p1: asayake|Spikes\n|move|p1a: Toxapex|Toxic Spikes|p2a: Gastrodon\n|-sidestart|p2: Harmony6|move: Toxic Spikes\n|\n|upkeep\n|turn|10\n|\n|t:|1700881197\n|switch|p2a: Muk|Muk-Alola, F|100\/100\n|-sideend|p2: Harmony6|move: Toxic Spikes|[of] p2a: Muk\n|switch|p1a: Rotom|Rotom-Wash|100\/100\n|-damage|p1a: Rotom|88\/100|[from] Stealth Rock\n|\n|-heal|p1a: Rotom|94\/100|[from] item: Leftovers\n|upkeep\n|turn|11\n|\n|t:|1700881206\n|move|p1a: Rotom|Defog|p2a: Muk\n|-unboost|p2a: Muk|evasion|1\n|-sideend|p1: asayake|Spikes|[from] move: Defog|[of] p1a: Rotom\n|-sideend|p1: asayake|Stealth Rock|[from] move: Defog|[of] p1a: Rotom\n|move|p2a: Muk|Knock Off|p1a: Rotom\n|-damage|p1a: Rotom|67\/100\n|-enditem|p1a: Rotom|Leftovers|[from] move: Knock Off|[of] p2a: Muk\n|\n|upkeep\n|turn|12\n|\n|t:|1700881213\n|switch|p2a: Gastrodon|Gastrodon, M|100\/100\n|move|p1a: Rotom|Will-O-Wisp|p2a: Gastrodon\n|-status|p2a: Gastrodon|brn\n|\n|-damage|p2a: Gastrodon|94\/100 brn|[from] brn\n|upkeep\n|turn|13\n|\n|t:|1700881223\n|switch|p1a: Urshifu|Urshifu-Rapid-Strike, M|100\/100\n|move|p2a: Gastrodon|Scald|p1a: Urshifu\n|-resisted|p1a: Urshifu\n|-damage|p1a: Urshifu|80\/100\n|\n|-heal|p2a: Gastrodon|100\/100 brn|[from] item: Leftovers\n|-damage|p2a: Gastrodon|94\/100 brn|[from] brn\n|upkeep\n|turn|14\n|\n|t:|1700881237\n|move|p1a: Urshifu|Close Combat|p2a: Gastrodon\n|-damage|p2a: Gastrodon|0 fnt\n|-unboost|p1a: Urshifu|def|1\n|-unboost|p1a: Urshifu|spd|1\n|faint|p2a: Gastrodon\n|\n|upkeep\n|\n|t:|1700881247\n|switch|p2a: Meowscarada|Meowscarada, F|84\/100\n|turn|15\n|\n|t:|1700881249\n|switch|p1a: Toxapex|Toxapex, M|100\/100\n|move|p2a: Meowscarada|Flower Trick|p1a: Toxapex\n|-start|p2a: Meowscarada|typechange|Grass|[from] ability: Protean\n|-crit|p1a: Toxapex\n|-damage|p1a: Toxapex|59\/100\n|\n|upkeep\n|turn|16\n|\n|t:|1700881254\n|move|p2a: Meowscarada|Flower Trick|p1a: Toxapex\n|-crit|p1a: Toxapex\n|-damage|p1a: Toxapex|18\/100\n|move|p1a: Toxapex|Recover|p1a: Toxapex\n|-heal|p1a: Toxapex|68\/100\n|\n|upkeep\n|turn|17\n|\n|t:|1700881262\n|move|p2a: Meowscarada|Flower Trick|p1a: Toxapex\n|-crit|p1a: Toxapex\n|-damage|p1a: Toxapex|23\/100\n|move|p1a: Toxapex|Recover|p1a: Toxapex\n|-heal|p1a: Toxapex|73\/100\n|\n|upkeep\n|turn|18\n|\n|t:|1700881265\n|move|p2a: Meowscarada|Flower Trick|p1a: Toxapex\n|-crit|p1a: Toxapex\n|-damage|p1a: Toxapex|31\/100\n|move|p1a: Toxapex|Recover|p1a: Toxapex\n|-heal|p1a: Toxapex|81\/100\n|\n|upkeep\n|turn|19\n|\n|t:|1700881270\n|move|p2a: Meowscarada|Flower Trick|p1a: Toxapex\n|-crit|p1a: Toxapex\n|-damage|p1a: Toxapex|33\/100\n|move|p1a: Toxapex|Recover|p1a: Toxapex\n|-heal|p1a: Toxapex|83\/100\n|\n|upkeep\n|turn|20\n|\n|t:|1700881278\n|move|p2a: Meowscarada|Flower Trick|p1a: Toxapex\n|-crit|p1a: Toxapex\n|-damage|p1a: Toxapex|39\/100\n|move|p1a: Toxapex|Recover|p1a: Toxapex\n|-heal|p1a: Toxapex|89\/100\n|\n|upkeep\n|turn|21\n|\n|t:|1700881281\n|move|p2a: Meowscarada|Flower Trick|p1a: Toxapex\n|-crit|p1a: Toxapex\n|-damage|p1a: Toxapex|43\/100\n|move|p1a: Toxapex|Scald|p2a: Meowscarada\n|-resisted|p2a: Meowscarada\n|-damage|p2a: Meowscarada|73\/100\n|\n|upkeep\n|turn|22\n|\n|t:|1700881289\n|move|p2a: Meowscarada|Flower Trick|p1a: Toxapex\n|-crit|p1a: Toxapex\n|-damage|p1a: Toxapex|0 fnt\n|faint|p1a: Toxapex\n|\n|upkeep\n|\n|t:|1700881301\n|switch|p1a: Ogerpon|Ogerpon-Wellspring, F|100\/100\n|turn|23\n|\n|t:|1700881305\n|switch|p2a: Zapdos|Zapdos|67\/100\n|move|p1a: Ogerpon|U-turn|p2a: Zapdos\n|-resisted|p2a: Zapdos\n|-crit|p2a: Zapdos\n|-damage|p2a: Zapdos|53\/100\n|-status|p1a: Ogerpon|par|[from] ability: Static|[of] p2a: Zapdos\n|\n|t:|1700881308\n|switch|p1a: Urshifu|Urshifu-Rapid-Strike, M|80\/100|[from] U-turn\n|\n|upkeep\n|turn|24\n|\n|t:|1700881318\n|move|p1a: Urshifu|Surging Strikes|p2a: Zapdos\n|-crit|p2a: Zapdos\n|-damage|p2a: Zapdos|32\/100\n|-crit|p2a: Zapdos\n|-damage|p2a: Zapdos|11\/100\n|-crit|p2a: Zapdos\n|-damage|p2a: Zapdos|0 fnt\n|-status|p1a: Urshifu|par|[from] ability: Static|[of] p2a: Zapdos\n|faint|p2a: Zapdos\n|-hitcount|p2: Zapdos|3\n|\n|upkeep\n|\n|t:|1700881324\n|switch|p2a: Meowscarada|Meowscarada, F|73\/100\n|turn|25\n|\n|t:|1700881331\n|switch|p1a: Rotom|Rotom-Wash|67\/100\n|move|p2a: Meowscarada|Flower Trick|p1a: Rotom\n|-start|p2a: Meowscarada|typechange|Grass|[from] ability: Protean\n|-supereffective|p1a: Rotom\n|-crit|p1a: Rotom\n|-damage|p1a: Rotom|0 fnt\n|faint|p1a: Rotom\n|\n|upkeep\n|\n|t:|1700881333\n|switch|p1a: Ogerpon|Ogerpon-Wellspring, F|100\/100 par\n|turn|26\n|\n|t:|1700881337\n|switch|p2a: Ferrothorn|Ferrothorn, M|100\/100\n|move|p1a: Ogerpon|U-turn|p2a: Ferrothorn\n|-damage|p2a: Ferrothorn|79\/100\n|-damage|p1a: Ogerpon|88\/100 par|[from] ability: Iron Barbs|[of] p2a: Ferrothorn\n|\n|t:|1700881339\n|switch|p1a: Gyarados|Gyarados, F|100\/100|[from] U-turn\n|-ability|p1a: Gyarados|Intimidate|boost\n|-unboost|p2a: Ferrothorn|atk|1\n|\n|-heal|p2a: Ferrothorn|85\/100|[from] item: Leftovers\n|upkeep\n|turn|27\n|\n|t:|1700881366\n|switch|p1a: Ogerpon|Ogerpon-Wellspring, F|88\/100 par\n|switch|p2a: Lopunny|Lopunny, M|100\/100\n|\n|upkeep\n|turn|28\n|\n|t:|1700881375\n|switch|p1a: Gastrodon|Gastrodon, F|100\/100\n|detailschange|p2a: Lopunny|Lopunny-Mega, M\n|-mega|p2a: Lopunny|Lopunny|Lopunnite\n|move|p2a: Lopunny|U-turn|p1a: Gastrodon\n|-damage|p1a: Gastrodon|72\/100\n|\n|t:|1700881377\n|switch|p2a: Meowscarada|Meowscarada, F|73\/100|[from] U-turn\n|\n|upkeep\n|turn|29\n|\n|t:|1700881384\n|move|p2a: Meowscarada|Flower Trick|p1a: Gastrodon\n|-start|p2a: Meowscarada|typechange|Grass|[from] ability: Protean\n|-supereffective|p1a: Gastrodon\n|-crit|p1a: Gastrodon\n|-damage|p1a: Gastrodon|0 fnt\n|faint|p1a: Gastrodon\n|\n|upkeep\n|\n|t:|1700881393\n|switch|p1a: Ogerpon|Ogerpon-Wellspring, F|88\/100 par\n|turn|30\n|\n|t:|1700881399\n|switch|p2a: Ferrothorn|Ferrothorn, M|85\/100\n|switch|p1a: Gyarados|Gyarados, F|100\/100\n|-ability|p1a: Gyarados|Intimidate|boost\n|-unboost|p2a: Ferrothorn|atk|1\n|\n|-heal|p2a: Ferrothorn|91\/100|[from] item: Leftovers\n|upkeep\n|turn|31\n|\n|t:|1700881419\n|switch|p2a: Lopunny|Lopunny-Mega, M|100\/100\n|move|p1a: Gyarados|Substitute|p1a: Gyarados\n|-start|p1a: Gyarados|Substitute\n|-damage|p1a: Gyarados|76\/100\n|\n|upkeep\n|turn|32\n|\n|t:|1700881433\n|move|p2a: Lopunny|Return|p1a: Gyarados\n|-end|p1a: Gyarados|Substitute\n|move|p1a: Gyarados|Dragon Dance|p1a: Gyarados\n|-boost|p1a: Gyarados|atk|1\n|-boost|p1a: Gyarados|spe|1\n|\n|upkeep\n|turn|33\n|\n|t:|1700881441\n|move|p2a: Lopunny|Return|p1a: Gyarados\n|-damage|p1a: Gyarados|12\/100\n|move|p1a: Gyarados|Dragon Dance|p1a: Gyarados\n|-boost|p1a: Gyarados|atk|1\n|-boost|p1a: Gyarados|spe|1\n|\n|upkeep\n|turn|34\n|\n|t:|1700881445\n|switch|p2a: Ferrothorn|Ferrothorn, M|91\/100\n|detailschange|p1a: Gyarados|Gyarados-Mega, F\n|-mega|p1a: Gyarados|Gyarados|Gyaradosite\n|-ability|p1a: Gyarados|Mold Breaker\n|move|p1a: Gyarados|Crunch|p2a: Ferrothorn\n|-damage|p2a: Ferrothorn|7\/100\n|-damage|p1a: Gyarados|0 fnt|[from] ability: Iron Barbs|[of] p2a: Ferrothorn\n|faint|p1a: Gyarados\n|\n|-heal|p2a: Ferrothorn|13\/100|[from] item: Leftovers\n|upkeep\n|\n|t:|1700881450\n|switch|p1a: Ogerpon|Ogerpon-Wellspring, F|88\/100 par\n|turn|35\n|\n|t:|1700881454\n|switch|p2a: Lopunny|Lopunny-Mega, M|100\/100\n|move|p1a: Ogerpon|Ivy Cudgel|p2a: Lopunny|[anim] Ivy Cudgel Water\n|-damage|p2a: Lopunny|18\/100\n|\n|upkeep\n|turn|36\n|\n|t:|1700881458\n|move|p2a: Lopunny|Fake Out|p1a: Ogerpon\n|-damage|p1a: Ogerpon|59\/100 par\n|cant|p1a: Ogerpon|flinch\n|\n|upkeep\n|turn|37\n|\n|t:|1700881462\n|move|p2a: Lopunny|Close Combat|p1a: Ogerpon\n|-damage|p1a: Ogerpon|0 fnt\n|-unboost|p2a: Lopunny|def|1\n|-unboost|p2a: Lopunny|spd|1\n|faint|p1a: Ogerpon\n|\n|upkeep\n|\n|t:|1700881479\n|switch|p1a: Urshifu|Urshifu-Rapid-Strike, M|80\/100 par\n|turn|38\n|\n|t:|1700881483\n|cant|p1a: Urshifu|par\n|move|p2a: Lopunny|Close Combat|p1a: Urshifu\n|-damage|p1a: Urshifu|10\/100 par\n|-unboost|p2a: Lopunny|def|1\n|-unboost|p2a: Lopunny|spd|1\n|\n|upkeep\n|turn|39\n|\n|t:|1700881497\n|switch|p2a: Ferrothorn|Ferrothorn, M|13\/100\n|move|p1a: Urshifu|Aqua Jet|p2a: Ferrothorn\n|-resisted|p2a: Ferrothorn\n|-damage|p2a: Ferrothorn|0 fnt\n|-damage|p1a: Urshifu|0 fnt|[from] ability: Iron Barbs|[of] p2a: Ferrothorn\n|faint|p2a: Ferrothorn\n|faint|p1a: Urshifu\n|\n|win|Harmony6\n|c|\u2606Harmony6|Ggs\n","uploadtime":1700881503,"views":12,"p1id":"asayake","p2id":"harmony6","formatid":"gen9nationaldexubers","rating":0,"private":0,"password":""}