{"id":"gen9nationaldexubers-1999713884","p1":"V-Creating Victory","p2":"plasma13","format":"[Gen 9] National Dex Ubers","log":"|j|\u2606V-Creating Victory\n|j|\u2606plasma13\n|t:|1701110184\n|gametype|singles\n|player|p1|V-Creating Victory|101|\n|player|p2|plasma13|169|\n|teamsize|p1|6\n|teamsize|p2|6\n|gen|9\n|tier|[Gen 9] National Dex Ubers\n|rule|HP Percentage Mod: HP is shown in percentages\n|rule|Endless Battle Clause: Forcing endless battles is banned\n|rule|OHKO Clause: OHKO moves are banned\n|rule|Evasion Moves Clause: Evasion moves are banned\n|rule|Evasion Items Clause: Evasion items are banned\n|rule|Species Clause: Limit one of each Pok\u00e9mon\n|rule|Sleep Clause Mod: Limit one foe put to sleep\n|rule|Mega Rayquaza Clause: You cannot mega evolve Rayquaza\n|clearpoke\n|poke|p1|Arceus-Grass|\n|poke|p1|Kingambit, F|\n|poke|p1|Wooper, M|\n|poke|p1|Amoonguss, F|\n|poke|p1|Dragonite, M|\n|poke|p1|Grimmsnarl, M|\n|poke|p2|Cutiefly, F|\n|poke|p2|Maushold-Four|\n|poke|p2|Serperior, M|\n|poke|p2|Dracovish|\n|poke|p2|Pelipper, F|\n|poke|p2|Weavile, F|\n|teampreview\n|\n|t:|1701110245\n|start\n|switch|p1a: Grimmsnarl|Grimmsnarl, M|100\/100\n|switch|p2a: Pelipper|Pelipper, F|100\/100\n|-weather|RainDance|[from] ability: Drizzle|[of] p2a: Pelipper\n|turn|1\n|\n|t:|1701110265\n|move|p1a: Grimmsnarl|Light Screen|p1a: Grimmsnarl\n|-sidestart|p1: V-Creating Victory|move: Light Screen\n|move|p2a: Pelipper|U-turn|p1a: Grimmsnarl\n|-damage|p1a: Grimmsnarl|90\/100\n|\n|t:|1701110269\n|switch|p2a: Dracovish|Dracovish|100\/100|[from] U-turn\n|\n|-weather|RainDance|[upkeep]\n|upkeep\n|turn|2\n|\n|t:|1701110292\n|move|p2a: Dracovish|Fishious Rend|p1a: Grimmsnarl\n|-damage|p1a: Grimmsnarl|0 fnt\n|faint|p1a: Grimmsnarl\n|\n|-weather|RainDance|[upkeep]\n|upkeep\n|\n|t:|1701110318\n|switch|p1a: Dragonite|Dragonite, M|100\/100\n|turn|3\n|\n|t:|1701110332\n|move|p2a: Dracovish|Fishious Rend|p1a: Dragonite\n|-resisted|p1a: Dragonite\n|-damage|p1a: Dragonite|51\/100\n|move|p1a: Dragonite|Dragon Claw|p2a: Dracovish\n|-supereffective|p2a: Dracovish\n|-damage|p2a: Dracovish|1\/100\n|\n|-weather|RainDance|[upkeep]\n|upkeep\n|turn|4\n|\n|t:|1701110343\n|move|p2a: Dracovish|Fishious Rend|p1a: Dragonite\n|-resisted|p1a: Dragonite\n|-damage|p1a: Dragonite|0 fnt\n|faint|p1a: Dragonite\n|\n|-weather|RainDance|[upkeep]\n|upkeep\n|\n|t:|1701110373\n|switch|p1a: Wooper|Wooper, M|100\/100\n|turn|5\n|\n|t:|1701110382\n|move|p2a: Dracovish|Fishious Rend|p1a: Wooper\n|-immune|p1a: Wooper|[from] ability: Water Absorb\n|move|p1a: Wooper|Counter||[still]\n|-fail|p1a: Wooper\n|\n|-weather|RainDance|[upkeep]\n|upkeep\n|turn|6\n|\n|t:|1701110419\n|move|p2a: Dracovish|Fishious Rend|p1a: Wooper\n|-immune|p1a: Wooper|[from] ability: Water Absorb\n|move|p1a: Wooper|Counter||[still]\n|-fail|p1a: Wooper\n|\n|-weather|RainDance|[upkeep]\n|upkeep\n|turn|7\n|\n|t:|1701110433\n|switch|p2a: Serperior|Serperior, M|100\/100\n|move|p1a: Wooper|Encore||[still]\n|-fail|p1a: Wooper\n|\n|-weather|RainDance|[upkeep]\n|upkeep\n|turn|8\n|\n|t:|1701110446\n|switch|p1a: Amoonguss|Amoonguss, F|100\/100\n|move|p2a: Serperior|Leaf Storm|p1a: Amoonguss\n|-resisted|p1a: Amoonguss\n|-damage|p1a: Amoonguss|94\/100\n|-boost|p2a: Serperior|spa|2\n|-enditem|p1a: Amoonguss|Red Card|[of] p2a: Serperior\n|drag|p2a: Weavile|Weavile, F|100\/100\n|\n|-weather|none\n|-sideend|p1: V-Creating Victory|move: Light Screen\n|upkeep\n|turn|9\n|\n|t:|1701110470\n|move|p2a: Weavile|Triple Axel|p1a: Amoonguss\n|-supereffective|p1a: Amoonguss\n|-damage|p1a: Amoonguss|80\/100\n|-supereffective|p1a: Amoonguss\n|-crit|p1a: Amoonguss\n|-damage|p1a: Amoonguss|32\/100\n|-supereffective|p1a: Amoonguss\n|-damage|p1a: Amoonguss|0 fnt\n|faint|p1a: Amoonguss\n|-hitcount|p1: Amoonguss|3\n|\n|upkeep\n|\n|t:|1701110482\n|switch|p1a: Wooper|Wooper, M|100\/100\n|turn|10\n|\n|t:|1701110488\n|move|p2a: Weavile|Triple Axel|p1a: Wooper\n|-damage|p1a: Wooper|92\/100\n|-damage|p1a: Wooper|72\/100\n|-damage|p1a: Wooper|43\/100\n|-hitcount|p1a: Wooper|3\n|move|p1a: Wooper|Counter|p2a: Weavile\n|-damage|p2a: Weavile|48\/100\n|\n|upkeep\n|turn|11\n|\n|t:|1701110545\n|move|p2a: Weavile|Triple Axel|p1a: Wooper\n|-damage|p1a: Wooper|33\/100\n|-damage|p1a: Wooper|14\/100\n|-damage|p1a: Wooper|0 fnt\n|faint|p1a: Wooper\n|-hitcount|p1: Wooper|3\n|\n|upkeep\n|\n|t:|1701110554\n|switch|p1a: Kingambit|Kingambit, F|100\/100\n|-activate|p1a: Kingambit|ability: Supreme Overlord\n|-start|p1a: Kingambit|fallen4|[silent]\n|turn|12\n|\n|t:|1701110574\n|switch|p2a: Dracovish|Dracovish|1\/100\n|move|p1a: Kingambit|X-Scissor|p2a: Dracovish\n|-damage|p2a: Dracovish|0 fnt\n|faint|p2a: Dracovish\n|\n|upkeep\n|\n|t:|1701110617\n|switch|p2a: Pelipper|Pelipper, F|100\/100\n|-weather|RainDance|[from] ability: Drizzle|[of] p2a: Pelipper\n|turn|13\n|\n|t:|1701110640\n|move|p1a: Kingambit|Poison Jab|p2a: Pelipper\n|-damage|p2a: Pelipper|69\/100\n|move|p2a: Pelipper|Hidden Power|p1a: Kingambit\n|-supereffective|p1a: Kingambit\n|-damage|p1a: Kingambit|44\/100\n|\n|-weather|RainDance|[upkeep]\n|upkeep\n|turn|14\n|\n|t:|1701110651\n|move|p1a: Kingambit|Sucker Punch|p2a: Pelipper\n|-damage|p2a: Pelipper|11\/100\n|move|p2a: Pelipper|Hidden Power|p1a: Kingambit\n|-supereffective|p1a: Kingambit\n|-damage|p1a: Kingambit|0 fnt\n|faint|p1a: Kingambit\n|-end|p1a: Kingambit|fallen4|[silent]\n|\n|-weather|RainDance|[upkeep]\n|upkeep\n|\n|t:|1701110661\n|switch|p1a: Arceus|Arceus-Grass|100\/100\n|turn|15\n|\n|t:|1701110679\n|move|p1a: Arceus|Dazzling Gleam|p2a: Pelipper\n|-damage|p2a: Pelipper|0 fnt\n|faint|p2a: Pelipper\n|\n|-weather|RainDance|[upkeep]\n|upkeep\n|l|\u2606V-Creating Victory\n|player|p1|\n|\n|t:|1701110836\n|switch|p2a: Cutiefly|Cutiefly, F|100\/100\n|turn|16\n|j|\u2606V-Creating Victory\n|player|p1|V-Creating Victory|101\n|\n|t:|1701110919\n|move|p2a: Cutiefly|Tailwind|p2a: Cutiefly\n|-sidestart|p2: plasma13|move: Tailwind\n|move|p1a: Arceus|Flamethrower|p2a: Cutiefly\n|-supereffective|p2a: Cutiefly\n|-damage|p2a: Cutiefly|43\/100\n|\n|-weather|RainDance|[upkeep]\n|upkeep\n|turn|17\n|\n|t:|1701110925\n|move|p2a: Cutiefly|Stun Spore|p1a: Arceus\n|-immune|p1a: Arceus\n|move|p1a: Arceus|Flamethrower|p2a: Cutiefly\n|-supereffective|p2a: Cutiefly\n|-damage|p2a: Cutiefly|0 fnt\n|faint|p2a: Cutiefly\n|\n|-weather|RainDance|[upkeep]\n|upkeep\n|\n|t:|1701110936\n|switch|p2a: Weavile|Weavile, F|48\/100\n|turn|18\n|\n|t:|1701110952\n|-terastallize|p2a: Weavile|Ice\n|move|p2a: Weavile|Triple Axel|p1a: Arceus\n|-supereffective|p1a: Arceus\n|-damage|p1a: Arceus|87\/100\n|-supereffective|p1a: Arceus\n|-damage|p1a: Arceus|58\/100\n|-supereffective|p1a: Arceus\n|-damage|p1a: Arceus|16\/100\n|-hitcount|p1a: Arceus|3\n|move|p1a: Arceus|Flamethrower|p2a: Weavile\n|-supereffective|p2a: Weavile\n|-damage|p2a: Weavile|19\/100\n|\n|-weather|RainDance|[upkeep]\n|upkeep\n|turn|19\n|\n|t:|1701110989\n|move|p2a: Weavile|Ice Shard|p1a: Arceus\n|-supereffective|p1a: Arceus\n|-damage|p1a: Arceus|0 fnt\n|faint|p1a: Arceus\n|\n|win|plasma13\n","uploadtime":1701111025,"views":12,"p1id":"vcreatingvictory","p2id":"plasma13","formatid":"gen9nationaldexubers","rating":0,"private":0,"password":""}