{"id":"gen9nationaldexubers-1992815188","p1":"nyagaa~","p2":"Zake202012","format":"[Gen 9] National Dex Ubers","log":"|j|\u2606nyagaa~\n|j|\u2606Zake202012\n|t:|1700237847\n|gametype|singles\n|player|p1|nyagaa~|tuber|1046\n|player|p2|Zake202012|chili|1166\n|teamsize|p1|6\n|teamsize|p2|6\n|gen|9\n|tier|[Gen 9] National Dex Ubers\n|rated|\n|rule|HP Percentage Mod: HP is shown in percentages\n|rule|Endless Battle Clause: Forcing endless battles is banned\n|rule|OHKO Clause: OHKO moves are banned\n|rule|Evasion Moves Clause: Evasion moves are banned\n|rule|Evasion Items Clause: Evasion items are banned\n|rule|Species Clause: Limit one of each Pok\u00e9mon\n|rule|Sleep Clause Mod: Limit one foe put to sleep\n|rule|Mega Rayquaza Clause: You cannot mega evolve Rayquaza\n|clearpoke\n|poke|p1|Swampert, M|\n|poke|p1|Skarmory, F|\n|poke|p1|Gyarados, F|\n|poke|p1|Rayquaza|\n|poke|p1|Gardevoir, M|\n|poke|p1|Aggron, M|\n|poke|p2|Polteageist|\n|poke|p2|Charizard, M|\n|poke|p2|Volcarona, M|\n|poke|p2|Volbeat, M|\n|poke|p2|Scizor, F|\n|poke|p2|Zangoose, M|\n|teampreview\n|inactive|Battle timer is ON: inactive players will automatically lose when time's up. (requested by nyagaa~)\n|\n|t:|1700237858\n|start\n|switch|p1a: Aggron|Aggron, M|100\/100\n|switch|p2a: Charizard|Charizard, M|100\/100\n|turn|1\n|\n|t:|1700237862\n|detailschange|p2a: Charizard|Charizard-Mega-X, M\n|-mega|p2a: Charizard|Charizard|Charizardite X\n|move|p2a: Charizard|Belly Drum|p2a: Charizard\n|-damage|p2a: Charizard|51\/100\n|-setboost|p2a: Charizard|atk|6|[from] move: Belly Drum\n|move|p1a: Aggron|Stealth Rock|p2a: Charizard\n|-sidestart|p2: Zake202012|move: Stealth Rock\n|\n|upkeep\n|turn|2\n|\n|t:|1700237871\n|move|p2a: Charizard|Flame Charge|p1a: Aggron\n|-ability|p1a: Aggron|Sturdy\n|-damage|p1a: Aggron|1\/100\n|-boost|p2a: Charizard|spe|1\n|move|p1a: Aggron|Earthquake|p2a: Charizard\n|-supereffective|p2a: Charizard\n|-damage|p2a: Charizard|0 fnt\n|faint|p2a: Charizard\n|\n|upkeep\n|\n|t:|1700237885\n|switch|p2a: Scizor|Scizor, F|100\/100\n|-damage|p2a: Scizor|88\/100|[from] Stealth Rock\n|turn|3\n|\n|t:|1700237889\n|switch|p1a: Skarmory|Skarmory, F|100\/100\n|move|p2a: Scizor|Bullet Punch|p1a: Skarmory\n|-resisted|p1a: Skarmory\n|-damage|p1a: Skarmory|91\/100\n|\n|-heal|p1a: Skarmory|97\/100|[from] item: Leftovers\n|upkeep\n|turn|4\n|\n|t:|1700237899\n|move|p1a: Skarmory|Spikes|p2a: Scizor\n|-sidestart|p2: Zake202012|Spikes\n|move|p2a: Scizor|Swords Dance|p2a: Scizor\n|-boost|p2a: Scizor|atk|2\n|\n|-heal|p1a: Skarmory|100\/100|[from] item: Leftovers\n|upkeep\n|turn|5\n|\n|t:|1700237904\n|move|p1a: Skarmory|Iron Defense|p1a: Skarmory\n|-boost|p1a: Skarmory|def|2\n|move|p2a: Scizor|Close Combat|p1a: Skarmory\n|-damage|p1a: Skarmory|71\/100\n|-unboost|p2a: Scizor|def|1\n|-unboost|p2a: Scizor|spd|1\n|\n|-heal|p1a: Skarmory|77\/100|[from] item: Leftovers\n|upkeep\n|turn|6\n|\n|t:|1700237909\n|switch|p2a: Volcarona|Volcarona, M|100\/100\n|-damage|p2a: Volcarona|51\/100|[from] Stealth Rock\n|-damage|p2a: Volcarona|38\/100|[from] Spikes\n|move|p1a: Skarmory|Body Press|p2a: Volcarona\n|-resisted|p2a: Volcarona\n|-damage|p2a: Volcarona|0 fnt\n|faint|p2a: Volcarona\n|\n|-heal|p1a: Skarmory|83\/100|[from] item: Leftovers\n|upkeep\n|\n|t:|1700237913\n|switch|p2a: Volbeat|Volbeat, M|100\/100\n|-damage|p2a: Volbeat|76\/100|[from] Stealth Rock\n|-damage|p2a: Volbeat|64\/100|[from] Spikes\n|turn|7\n|\n|t:|1700237918\n|switch|p1a: Swampert|Swampert, M|100\/100\n|move|p2a: Volbeat|Taunt|p1a: Swampert\n|-start|p1a: Swampert|move: Taunt\n|\n|-heal|p2a: Volbeat|70\/100|[from] item: Leftovers\n|upkeep\n|turn|8\n|\n|t:|1700237921\n|move|p2a: Volbeat|Defog|p1a: Swampert\n|-unboost|p1a: Swampert|evasion|1\n|-sideend|p2: Zake202012|Spikes|[from] move: Defog|[of] p2a: Volbeat\n|-sideend|p2: Zake202012|Stealth Rock|[from] move: Defog|[of] p2a: Volbeat\n|move|p1a: Swampert|Scald|p2a: Volbeat\n|-crit|p2a: Volbeat\n|-damage|p2a: Volbeat|34\/100\n|-status|p2a: Volbeat|brn\n|\n|-heal|p2a: Volbeat|40\/100 brn|[from] item: Leftovers\n|-damage|p2a: Volbeat|34\/100 brn|[from] brn\n|upkeep\n|turn|9\n|\n|t:|1700237928\n|move|p2a: Volbeat|U-turn|p1a: Swampert\n|-damage|p1a: Swampert|94\/100\n|\n|t:|1700237932\n|switch|p2a: Scizor|Scizor, F|88\/100|[from] U-turn\n|move|p1a: Swampert|Flip Turn|p2a: Scizor\n|-damage|p2a: Scizor|68\/100\n|\n|t:|1700237942\n|switch|p1a: Skarmory|Skarmory, F|83\/100|[from] Flip Turn\n|\n|-heal|p1a: Skarmory|89\/100|[from] item: Leftovers\n|upkeep\n|turn|10\n|\n|t:|1700237946\n|switch|p2a: Polteageist|Polteageist|100\/100\n|move|p1a: Skarmory|Body Press|p2a: Polteageist\n|-immune|p2a: Polteageist\n|\n|-heal|p1a: Skarmory|95\/100|[from] item: Leftovers\n|upkeep\n|turn|11\n|\n|t:|1700237951\n|switch|p1a: Swampert|Swampert, M|94\/100\n|move|p2a: Polteageist|Shell Smash|p2a: Polteageist\n|-unboost|p2a: Polteageist|def|1\n|-unboost|p2a: Polteageist|spd|1\n|-boost|p2a: Polteageist|atk|2\n|-boost|p2a: Polteageist|spa|2\n|-boost|p2a: Polteageist|spe|2\n|\n|-heal|p1a: Swampert|99\/100|[from] item: Leftovers\n|upkeep\n|turn|12\n|\n|t:|1700237959\n|move|p2a: Polteageist|Stored Power|p1a: Swampert\n|-damage|p1a: Swampert|0 fnt\n|faint|p1a: Swampert\n|\n|upkeep\n|\n|t:|1700237968\n|switch|p1a: Aggron|Aggron, M|1\/100\n|turn|13\n|-enditem|p1a: Aggron|Custap Berry|[eat]\n|-activate|p1a: Aggron|item: Custap Berry|[consumed]\n|\n|t:|1700237975\n|move|p1a: Aggron|Head Smash|p2a: Polteageist\n|-enditem|p2a: Polteageist|Focus Sash\n|-damage|p2a: Polteageist|1\/100\n|-ability|p2a: Polteageist|Weak Armor|boost\n|-unboost|p2a: Polteageist|def|1\n|-boost|p2a: Polteageist|spe|2\n|-damage|p1a: Aggron|0 fnt|[from] Recoil\n|faint|p1a: Aggron\n|move|p2a: Polteageist|Tera Blast|p1: Aggron|[notarget]\n|-fail|p2a: Polteageist\n|\n|upkeep\n|\n|t:|1700238004\n|switch|p1a: Gardevoir|Gardevoir, M|100\/100\n|-ability|p1a: Gardevoir|Weak Armor|[from] ability: Trace|[of] p2a: Polteageist\n|turn|14\n|\n|t:|1700238011\n|detailschange|p1a: Gardevoir|Gardevoir-Mega, M\n|-mega|p1a: Gardevoir|Gardevoir|Gardevoirite\n|move|p2a: Polteageist|Shadow Ball|p1a: Gardevoir\n|-supereffective|p1a: Gardevoir\n|-damage|p1a: Gardevoir|0 fnt\n|faint|p1a: Gardevoir\n|\n|upkeep\n|\n|t:|1700238017\n|switch|p1a: Gyarados|Gyarados, F|100\/100\n|turn|15\n|\n|t:|1700238022\n|move|p2a: Polteageist|Stored Power|p1a: Gyarados\n|-damage|p1a: Gyarados|0 fnt\n|faint|p1a: Gyarados\n|\n|upkeep\n|\n|t:|1700238024\n|switch|p1a: Skarmory|Skarmory, F|95\/100\n|turn|16\n|\n|t:|1700238036\n|move|p2a: Polteageist|Shadow Ball|p1a: Skarmory\n|-damage|p1a: Skarmory|0 fnt\n|faint|p1a: Skarmory\n|\n|upkeep\n|\n|t:|1700238038\n|switch|p1a: Rayquaza|Rayquaza|100\/100\n|-ability|p1a: Rayquaza|Air Lock\n|turn|17\n|\n|t:|1700238042\n|-terastallize|p1a: Rayquaza|Normal\n|move|p2a: Polteageist|Stored Power|p1a: Rayquaza\n|-damage|p1a: Rayquaza|0 fnt\n|faint|p1a: Rayquaza\n|\n|win|Zake202012\n|raw|nyagaa~'s rating: 1046 &rarr; <strong>1035<\/strong><br \/>(-11 for losing)\n|raw|Zake202012's rating: 1166 &rarr; <strong>1183<\/strong><br \/>(+17 for winning)\n|l|\u2606nyagaa~\n","uploadtime":1700238050,"views":9,"p1id":"nyagaa","p2id":"zake202012","formatid":"gen9nationaldexubers","rating":1035,"private":0,"password":""}