{"id":"gen9nationaldexubers-1990687470","p1":"Lurfyywyd","p2":"PokePasocaYTOFC","format":"[Gen 9] National Dex Ubers","log":"|j|\u2606Lurfyywyd\n|j|\u2606PokePasocaYTOFC\n|t:|1699991820\n|gametype|singles\n|player|p1|Lurfyywyd|265|1172\n|player|p2|PokePasocaYTOFC|cynthia-gen4|1160\n|teamsize|p1|6\n|teamsize|p2|6\n|gen|9\n|tier|[Gen 9] National Dex Ubers\n|rated|\n|rule|HP Percentage Mod: HP is shown in percentages\n|rule|Endless Battle Clause: Forcing endless battles is banned\n|rule|OHKO Clause: OHKO moves are banned\n|rule|Evasion Moves Clause: Evasion moves are banned\n|rule|Evasion Items Clause: Evasion items are banned\n|rule|Species Clause: Limit one of each Pok\u00e9mon\n|rule|Sleep Clause Mod: Limit one foe put to sleep\n|rule|Mega Rayquaza Clause: You cannot mega evolve Rayquaza\n|clearpoke\n|poke|p1|Dragapult, M|\n|poke|p1|Chansey, F|\n|poke|p1|Toxapex, M|\n|poke|p1|Landorus-Therian, M|\n|poke|p1|Charizard, M|\n|poke|p1|Weavile, F|\n|poke|p2|Hitmonchan, M|\n|poke|p2|Garchomp, F|\n|poke|p2|Ribombee, M|\n|poke|p2|Sneasler, M|\n|poke|p2|Skeledirge, M|\n|poke|p2|Chandelure, F|\n|teampreview\n|\n|t:|1699991830\n|start\n|switch|p1a: Dragapult|Dragapult, M|100\/100\n|switch|p2a: Ribombee|Ribombee, M|100\/100\n|turn|1\n|\n|t:|1699991847\n|move|p1a: Dragapult|Flamethrower|p2a: Ribombee\n|-supereffective|p2a: Ribombee\n|-damage|p2a: Ribombee|0 fnt\n|faint|p2a: Ribombee\n|\n|upkeep\n|\n|t:|1699991858\n|switch|p2a: Chandelure|Chandelure, F|100\/100\n|turn|2\n|\n|t:|1699991875\n|switch|p1a: Chansey|Chansey, F|100\/100\n|move|p2a: Chandelure|Trick|p1a: Chansey\n|-activate|p2a: Chandelure|move: Trick|[of] p1a: Chansey\n|-item|p1a: Chansey|Choice Scarf|[from] move: Trick\n|-item|p2a: Chandelure|Eviolite|[from] move: Trick\n|\n|upkeep\n|turn|3\n|\n|t:|1699991885\n|switch|p2a: Skeledirge|Skeledirge, M|100\/100\n|move|p1a: Chansey|Toxic|p2a: Skeledirge\n|-status|p2a: Skeledirge|tox\n|\n|-damage|p2a: Skeledirge|94\/100 tox|[from] psn\n|upkeep\n|turn|4\n|\n|t:|1699991895\n|switch|p1a: Toxapex|Toxapex, M|100\/100\n|move|p2a: Skeledirge|Torch Song|p1a: Toxapex\n|-resisted|p1a: Toxapex\n|-damage|p1a: Toxapex|91\/100\n|-boost|p2a: Skeledirge|spa|1\n|\n|-heal|p2a: Skeledirge|100\/100 tox|[from] item: Leftovers\n|-heal|p1a: Toxapex|97\/100|[from] item: Black Sludge\n|-damage|p2a: Skeledirge|88\/100 tox|[from] psn\n|upkeep\n|turn|5\n|\n|t:|1699991900\n|move|p2a: Skeledirge|Tera Blast|p1a: Toxapex\n|-damage|p1a: Toxapex|77\/100\n|move|p1a: Toxapex|Haze|p1a: Toxapex\n|-clearallboost\n|\n|-heal|p2a: Skeledirge|94\/100 tox|[from] item: Leftovers\n|-heal|p1a: Toxapex|83\/100|[from] item: Black Sludge\n|-damage|p2a: Skeledirge|76\/100 tox|[from] psn\n|upkeep\n|turn|6\n|\n|t:|1699991914\n|move|p2a: Skeledirge|Tera Blast|p1a: Toxapex\n|-damage|p1a: Toxapex|68\/100\n|move|p1a: Toxapex|Scald|p2a: Skeledirge\n|-supereffective|p2a: Skeledirge\n|-damage|p2a: Skeledirge|41\/100 tox\n|\n|-heal|p2a: Skeledirge|47\/100 tox|[from] item: Leftovers\n|-heal|p1a: Toxapex|75\/100|[from] item: Black Sludge\n|-damage|p2a: Skeledirge|23\/100 tox|[from] psn\n|upkeep\n|turn|7\n|\n|t:|1699991920\n|move|p2a: Skeledirge|Tera Blast|p1a: Toxapex\n|-damage|p1a: Toxapex|62\/100\n|move|p1a: Toxapex|Recover|p1a: Toxapex\n|-heal|p1a: Toxapex|100\/100\n|\n|-heal|p2a: Skeledirge|29\/100 tox|[from] item: Leftovers\n|-damage|p2a: Skeledirge|0 fnt|[from] psn\n|faint|p2a: Skeledirge\n|upkeep\n|inactive|Battle timer is ON: inactive players will automatically lose when time's up. (requested by PokePasocaYTOFC)\n|\n|t:|1699991931\n|switch|p2a: Garchomp|Garchomp, F|100\/100\n|turn|8\n|\n|t:|1699991936\n|detailschange|p2a: Garchomp|Garchomp-Mega, F\n|-mega|p2a: Garchomp|Garchomp|Garchompite\n|move|p1a: Toxapex|Baneful Bunker|p1a: Toxapex\n|-singleturn|p1a: Toxapex|move: Protect\n|move|p2a: Garchomp|Swords Dance|p2a: Garchomp\n|-boost|p2a: Garchomp|atk|2\n|\n|upkeep\n|turn|9\n|\n|t:|1699991944\n|move|p2a: Garchomp|Earthquake|p1a: Toxapex\n|-supereffective|p1a: Toxapex\n|-damage|p1a: Toxapex|0 fnt\n|faint|p1a: Toxapex\n|\n|upkeep\n|\n|t:|1699991947\n|switch|p1a: Dragapult|Dragapult, M|100\/100\n|turn|10\n|\n|t:|1699991951\n|move|p1a: Dragapult|Draco Meteor|p2a: Garchomp\n|-supereffective|p2a: Garchomp\n|-damage|p2a: Garchomp|0 fnt\n|-unboost|p1a: Dragapult|spa|2\n|faint|p2a: Garchomp\n|\n|upkeep\n|\n|t:|1699991959\n|switch|p2a: Chandelure|Chandelure, F|100\/100\n|turn|11\n|\n|t:|1699991974\n|switch|p1a: Chansey|Chansey, F|100\/100\n|move|p2a: Chandelure|Flamethrower|p1a: Chansey\n|-damage|p1a: Chansey|83\/100\n|\n|upkeep\n|turn|12\n|\n|t:|1699991980\n|move|p2a: Chandelure|Flamethrower|p1a: Chansey\n|-damage|p1a: Chansey|67\/100\n|move|p1a: Chansey|Stealth Rock|p2a: Chandelure\n|-sidestart|p2: PokePasocaYTOFC|move: Stealth Rock\n|\n|upkeep\n|turn|13\n|\n|t:|1699991989\n|switch|p2a: Hitmonchan|Hitmonchan, M|100\/100\n|-damage|p2a: Hitmonchan|94\/100|[from] Stealth Rock\n|switch|p1a: Charizard|Charizard, M|100\/100\n|\n|upkeep\n|turn|14\n|\n|t:|1699992008\n|move|p1a: Charizard|Dragon Dance|p1a: Charizard\n|-boost|p1a: Charizard|atk|1\n|-boost|p1a: Charizard|spe|1\n|move|p2a: Hitmonchan|Dizzy Punch|p1a: Charizard\n|-damage|p1a: Charizard|59\/100\n|-start|p1a: Charizard|confusion\n|\n|upkeep\n|turn|15\n|\n|t:|1699992016\n|detailschange|p1a: Charizard|Charizard-Mega-X, M\n|-mega|p1a: Charizard|Charizard|Charizardite X\n|-activate|p1a: Charizard|confusion\n|move|p1a: Charizard|Flare Blitz|p2a: Hitmonchan\n|-crit|p2a: Hitmonchan\n|-damage|p2a: Hitmonchan|0 fnt\n|faint|p2a: Hitmonchan\n|-damage|p1a: Charizard|34\/100|[from] Recoil\n|\n|upkeep\n|\n|t:|1699992022\n|switch|p2a: Sneasler|Sneasler, M|100\/100\n|-damage|p2a: Sneasler|95\/100|[from] Stealth Rock\n|turn|16\n|\n|t:|1699992026\n|-activate|p1a: Charizard|confusion\n|move|p1a: Charizard|Earthquake|p2a: Sneasler\n|-supereffective|p2a: Sneasler\n|-damage|p2a: Sneasler|0 fnt\n|faint|p2a: Sneasler\n|\n|upkeep\n|\n|t:|1699992029\n|switch|p2a: Chandelure|Chandelure, F|100\/100\n|-damage|p2a: Chandelure|76\/100|[from] Stealth Rock\n|turn|17\n|\n|t:|1699992032\n|-end|p1a: Charizard|confusion\n|move|p1a: Charizard|Earthquake|p2a: Chandelure\n|-supereffective|p2a: Chandelure\n|-damage|p2a: Chandelure|0 fnt\n|faint|p2a: Chandelure\n|\n|win|Lurfyywyd\n|raw|Lurfyywyd's rating: 1172 &rarr; <strong>1196<\/strong><br \/>(+24 for winning)\n|raw|PokePasocaYTOFC's rating: 1160 &rarr; <strong>1136<\/strong><br \/>(-24 for losing)\n|l|\u2606PokePasocaYTOFC\n","uploadtime":1699992037,"views":8,"p1id":"lurfyywyd","p2id":"pokepasocaytofc","formatid":"gen9nationaldexubers","rating":1136,"private":0,"password":""}