{"id":"gen9nationaldexubers-1981091976","p1":"700club","p2":"Coasterpuppy","format":"[Gen 9] National Dex Ubers","log":"|j|\u2606700club\n|j|\u2606Coasterpuppy\n|t:|1698862901\n|gametype|singles\n|player|p1|700club|shadowtriad|1240\n|player|p2|Coasterpuppy|169|1162\n|teamsize|p1|6\n|teamsize|p2|6\n|gen|9\n|tier|[Gen 9] National Dex Ubers\n|rated|\n|rule|HP Percentage Mod: HP is shown in percentages\n|rule|Endless Battle Clause: Forcing endless battles is banned\n|rule|OHKO Clause: OHKO moves are banned\n|rule|Evasion Moves Clause: Evasion moves are banned\n|rule|Evasion Items Clause: Evasion items are banned\n|rule|Species Clause: Limit one of each Pok\u00e9mon\n|rule|Sleep Clause Mod: Limit one foe put to sleep\n|rule|Mega Rayquaza Clause: You cannot mega evolve Rayquaza\n|clearpoke\n|poke|p1|Ogerpon-Hearthflame, F|\n|poke|p1|Ditto|\n|poke|p1|Deoxys-Speed|\n|poke|p1|Mewtwo|\n|poke|p1|Necrozma-Dusk-Mane|\n|poke|p1|Groudon|\n|poke|p2|Marshadow|\n|poke|p2|Porygon-Z|\n|poke|p2|Quaquaval, M|\n|poke|p2|Charizard, M|\n|poke|p2|Overqwil, M|\n|poke|p2|Tinkaton, F|\n|teampreview\n|inactive|Battle timer is ON: inactive players will automatically lose when time's up. (requested by Coasterpuppy)\n|c|\u2606700club|hi\n|\n|t:|1698862915\n|start\n|switch|p1a: Deoxys|Deoxys-Speed|100\/100\n|switch|p2a: Tinkaton|Tinkaton, F|100\/100\n|-ability|p1a: Deoxys|Pressure\n|-ability|p2a: Tinkaton|Mold Breaker\n|turn|1\n|inactive|700club has 120 seconds left.\n|\n|t:|1698862947\n|move|p1a: Deoxys|Reflect|p1a: Deoxys\n|-sidestart|p1: 700club|Reflect\n|move|p2a: Tinkaton|Stealth Rock|p1a: Deoxys\n|-sidestart|p1: 700club|move: Stealth Rock\n|\n|upkeep\n|turn|2\n|inactive|700club has 120 seconds left.\n|\n|t:|1698862957\n|move|p1a: Deoxys|Stealth Rock|p2a: Tinkaton\n|-sidestart|p2: Coasterpuppy|move: Stealth Rock\n|move|p2a: Tinkaton|Knock Off|p1a: Deoxys\n|-supereffective|p1a: Deoxys\n|-damage|p1a: Deoxys|72\/100\n|-enditem|p1a: Deoxys|Focus Sash|[from] move: Knock Off|[of] p2a: Tinkaton\n|\n|upkeep\n|turn|3\n|inactive|700club has 120 seconds left.\n|\n|t:|1698862969\n|switch|p2a: Overqwil|Overqwil, M|100\/100\n|-damage|p2a: Overqwil|88\/100|[from] Stealth Rock\n|-ability|p2a: Overqwil|Intimidate|boost\n|-unboost|p1a: Deoxys|atk|1\n|move|p1a: Deoxys|Taunt|p2a: Overqwil\n|-start|p2a: Overqwil|move: Taunt\n|\n|-heal|p2a: Overqwil|94\/100|[from] item: Leftovers\n|upkeep\n|turn|4\n|inactive|700club has 120 seconds left.\n|\n|t:|1698862991\n|move|p1a: Deoxys|Light Screen|p1a: Deoxys\n|-sidestart|p1: 700club|move: Light Screen\n|move|p2a: Overqwil|Crunch|p1a: Deoxys\n|-supereffective|p1a: Deoxys\n|-damage|p1a: Deoxys|31\/100\n|\n|-heal|p2a: Overqwil|100\/100|[from] item: Leftovers\n|upkeep\n|turn|5\n|\n|t:|1698863001\n|switch|p1a: Groudon|Groudon|100\/100\n|-damage|p1a: Groudon|94\/100|[from] Stealth Rock\n|detailschange|p1a: Groudon|Groudon-Primal\n|-primal|p1a: Groudon|Red Orb\n|-weather|DesolateLand|[from] ability: Desolate Land|[of] p1a: Groudon\n|move|p2a: Overqwil|Crunch|p1a: Groudon\n|-damage|p1a: Groudon|84\/100\n|\n|-weather|DesolateLand|[upkeep]\n|-end|p2a: Overqwil|move: Taunt\n|-sideend|p1: 700club|Reflect\n|upkeep\n|turn|6\n|inactive|700club has 120 seconds left.\n|\n|t:|1698863023\n|move|p1a: Groudon|Rock Polish|p1a: Groudon\n|-boost|p1a: Groudon|spe|2\n|move|p2a: Overqwil|Spikes|p1a: Groudon\n|-sidestart|p1: 700club|Spikes\n|\n|-weather|DesolateLand|[upkeep]\n|upkeep\n|turn|7\n|\n|t:|1698863031\n|move|p1a: Groudon|Swords Dance|p1a: Groudon\n|-boost|p1a: Groudon|atk|2\n|move|p2a: Overqwil|Spikes|p1a: Groudon\n|-sidestart|p1: 700club|Spikes\n|\n|-weather|DesolateLand|[upkeep]\n|upkeep\n|turn|8\n|\n|t:|1698863059\n|move|p1a: Groudon|Precipice Blades|p2a: Overqwil\n|-supereffective|p2a: Overqwil\n|-damage|p2a: Overqwil|0 fnt\n|faint|p2a: Overqwil\n|\n|-weather|DesolateLand|[upkeep]\n|-sideend|p1: 700club|move: Light Screen\n|upkeep\n|\n|t:|1698863062\n|switch|p2a: Marshadow|Marshadow|100\/100\n|-damage|p2a: Marshadow|94\/100|[from] Stealth Rock\n|turn|9\n|\n|t:|1698863075\n|move|p1a: Groudon|Precipice Blades|p2a: Marshadow\n|-damage|p2a: Marshadow|0 fnt\n|faint|p2a: Marshadow\n|\n|-weather|DesolateLand|[upkeep]\n|upkeep\n|\n|t:|1698863080\n|switch|p2a: Charizard|Charizard, M|100\/100\n|-damage|p2a: Charizard|51\/100|[from] Stealth Rock\n|turn|10\n|\n|t:|1698863084\n|detailschange|p2a: Charizard|Charizard-Mega-X, M\n|-mega|p2a: Charizard|Charizard|Charizardite X\n|move|p1a: Groudon|Stone Edge|p2a: Charizard\n|-supereffective|p2a: Charizard\n|-damage|p2a: Charizard|0 fnt\n|faint|p2a: Charizard\n|\n|-weather|DesolateLand|[upkeep]\n|upkeep\n|\n|t:|1698863090\n|switch|p2a: Porygon-Z|Porygon-Z|100\/100\n|-damage|p2a: Porygon-Z|88\/100|[from] Stealth Rock\n|turn|11\n|\n|t:|1698863095\n|move|p1a: Groudon|Precipice Blades|p2a: Porygon-Z\n|-damage|p2a: Porygon-Z|0 fnt\n|faint|p2a: Porygon-Z\n|\n|-weather|DesolateLand|[upkeep]\n|upkeep\n|\n|t:|1698863100\n|switch|p2a: Tinkaton|Tinkaton, F|100\/100\n|-damage|p2a: Tinkaton|94\/100|[from] Stealth Rock\n|-ability|p2a: Tinkaton|Mold Breaker\n|turn|12\n|\n|t:|1698863107\n|move|p1a: Groudon|Precipice Blades|p2a: Tinkaton\n|-supereffective|p2a: Tinkaton\n|-damage|p2a: Tinkaton|0 fnt\n|faint|p2a: Tinkaton\n|\n|-weather|DesolateLand|[upkeep]\n|upkeep\n|\n|t:|1698863109\n|switch|p2a: Quaquaval|Quaquaval, M|100\/100\n|-damage|p2a: Quaquaval|94\/100|[from] Stealth Rock\n|turn|13\n|\n|t:|1698863115\n|-terastallize|p2a: Quaquaval|Water\n|move|p1a: Groudon|Precipice Blades|p2a: Quaquaval\n|-damage|p2a: Quaquaval|0 fnt\n|faint|p2a: Quaquaval\n|\n|win|700club\n|raw|700club's rating: 1240 &rarr; <strong>1259<\/strong><br \/>(+19 for winning)\n|raw|Coasterpuppy's rating: 1162 &rarr; <strong>1143<\/strong><br \/>(-19 for losing)\n|l|\u2606Coasterpuppy\n|c|\u2606700club|gg\n","uploadtime":1698863128,"views":7,"p1id":"700club","p2id":"coasterpuppy","formatid":"gen9nationaldexubers","rating":1143,"private":0,"password":""}