{"id":"gen9nationaldexubers-1989363422","p1":"Camembert-Mega","p2":"moosepoke","format":"[Gen 9] National Dex Ubers","log":"|j|\u2606Camembert-Mega\n|j|\u2606moosepoke\n|t:|1699840988\n|gametype|singles\n|player|p1|Camembert-Mega|lucas|1318\n|player|p2|moosepoke|169|1188\n|teamsize|p1|6\n|teamsize|p2|6\n|gen|9\n|tier|[Gen 9] National Dex Ubers\n|rated|\n|rule|HP Percentage Mod: HP is shown in percentages\n|rule|Endless Battle Clause: Forcing endless battles is banned\n|rule|OHKO Clause: OHKO moves are banned\n|rule|Evasion Moves Clause: Evasion moves are banned\n|rule|Evasion Items Clause: Evasion items are banned\n|rule|Species Clause: Limit one of each Pok\u00e9mon\n|rule|Sleep Clause Mod: Limit one foe put to sleep\n|rule|Mega Rayquaza Clause: You cannot mega evolve Rayquaza\n|clearpoke\n|poke|p1|Stakataka|\n|poke|p1|Porygon2|\n|poke|p1|Hatterene, F|\n|poke|p1|Ursaluna, M|\n|poke|p1|Camerupt, M|\n|poke|p1|Calyrex-Ice|\n|poke|p2|Aegislash, M|\n|poke|p2|Politoed, M|\n|poke|p2|Shiinotic, M|\n|poke|p2|Mandibuzz, F|\n|poke|p2|Octillery, F|\n|poke|p2|Darmanitan-Galar, F|\n|teampreview\n|\n|t:|1699841004\n|start\n|switch|p1a: Hatterene|Hatterene, F|100\/100\n|switch|p2a: Politoed|Politoed, M, shiny|100\/100\n|-weather|RainDance|[from] ability: Drizzle|[of] p2a: Politoed\n|turn|1\n|\n|t:|1699841010\n|move|p2a: Politoed|Scald|p1a: Hatterene\n|-damage|p1a: Hatterene|30\/100\n|move|p1a: Hatterene|Trick Room|p1a: Hatterene\n|-fieldstart|move: Trick Room|[of] p1a: Hatterene\n|\n|-weather|RainDance|[upkeep]\n|upkeep\n|turn|2\n|\n|t:|1699841015\n|move|p1a: Hatterene|Psychic|p2a: Politoed\n|-damage|p2a: Politoed|52\/100\n|move|p2a: Politoed|Scald|p1a: Hatterene\n|-damage|p1a: Hatterene|0 fnt\n|faint|p1a: Hatterene\n|\n|-weather|RainDance|[upkeep]\n|upkeep\n|\n|t:|1699841021\n|switch|p1a: Ursaluna|Ursaluna, M|100\/100\n|turn|3\n|\n|t:|1699841027\n|move|p1a: Ursaluna|Earthquake|p2a: Politoed\n|-damage|p2a: Politoed|0 fnt\n|faint|p2a: Politoed\n|\n|-weather|RainDance|[upkeep]\n|-status|p1a: Ursaluna|brn|[from] item: Flame Orb\n|upkeep\n|\n|t:|1699841041\n|switch|p2a: Shiinotic|Shiinotic, M|100\/100\n|turn|4\n|\n|t:|1699841049\n|move|p2a: Shiinotic|Leech Seed|p1a: Ursaluna\n|-start|p1a: Ursaluna|move: Leech Seed\n|move|p1a: Ursaluna|Facade|p2a: Shiinotic\n|-damage|p2a: Shiinotic|0 fnt\n|faint|p2a: Shiinotic\n|\n|-weather|RainDance|[upkeep]\n|-damage|p1a: Ursaluna|94\/100 brn|[from] brn\n|upkeep\n|\n|t:|1699841057\n|switch|p2a: Octillery|Octillery, F|100\/100\n|turn|5\n|\n|t:|1699841060\n|move|p2a: Octillery|Protect|p2a: Octillery\n|-singleturn|p2a: Octillery|Protect\n|move|p1a: Ursaluna|Facade|p2a: Octillery\n|-activate|p2a: Octillery|move: Protect\n|\n|-weather|none\n|-damage|p1a: Ursaluna|82\/100 brn|[from] Leech Seed|[of] p2a: Octillery\n|-damage|p1a: Ursaluna|76\/100 brn|[from] brn\n|-fieldend|move: Trick Room\n|-ability|p2a: Octillery|Moody|boost\n|-boost|p2a: Octillery|def|2\n|-unboost|p2a: Octillery|atk|1\n|upkeep\n|turn|6\n|\n|t:|1699841080\n|switch|p1a: Porygon2|Porygon2|100\/100\n|-ability|p1a: Porygon2|Moody|[from] ability: Trace|[of] p2a: Octillery\n|move|p2a: Octillery|Scald|p1a: Porygon2\n|-damage|p1a: Porygon2|87\/100\n|\n|-ability|p2a: Octillery|Moody|boost\n|-boost|p2a: Octillery|def|2\n|-unboost|p2a: Octillery|atk|1\n|-ability|p1a: Porygon2|Moody|boost\n|-boost|p1a: Porygon2|spd|2\n|-unboost|p1a: Porygon2|spa|1\n|upkeep\n|turn|7\n|\n|t:|1699841095\n|move|p2a: Octillery|Bounce||[still]\n|-prepare|p2a: Octillery|Bounce\n|move|p1a: Porygon2|Toxic|p2a: Octillery|[miss]\n|-miss|p1a: Porygon2|p2a: Octillery\n|\n|-ability|p2a: Octillery|Moody|boost\n|-boost|p2a: Octillery|spd|2\n|-unboost|p2a: Octillery|def|1\n|-ability|p1a: Porygon2|Moody|boost\n|-boost|p1a: Porygon2|def|2\n|-unboost|p1a: Porygon2|atk|1\n|upkeep\n|turn|8\n|\n|t:|1699841104\n|move|p2a: Octillery|Bounce|p1a: Porygon2|[from]lockedmove\n|-damage|p1a: Porygon2|84\/100\n|-status|p1a: Porygon2|par\n|move|p1a: Porygon2|Toxic|p2a: Octillery\n|-status|p2a: Octillery|tox\n|\n|-damage|p2a: Octillery|94\/100 tox|[from] psn\n|-ability|p2a: Octillery|Moody|boost\n|-boost|p2a: Octillery|spa|2\n|-unboost|p2a: Octillery|spe|1\n|-ability|p1a: Porygon2|Moody|boost\n|-boost|p1a: Porygon2|def|2\n|-unboost|p1a: Porygon2|atk|1\n|upkeep\n|turn|9\n|\n|t:|1699841117\n|move|p2a: Octillery|Scald|p1a: Porygon2\n|-damage|p1a: Porygon2|71\/100 par\n|move|p1a: Porygon2|Trick Room|p1a: Porygon2\n|-fieldstart|move: Trick Room|[of] p1a: Porygon2\n|\n|-damage|p2a: Octillery|82\/100 tox|[from] psn\n|-ability|p1a: Porygon2|Moody|boost\n|-boost|p1a: Porygon2|spe|2\n|-unboost|p1a: Porygon2|spa|1\n|-ability|p2a: Octillery|Moody|boost\n|-boost|p2a: Octillery|def|2\n|-unboost|p2a: Octillery|spe|1\n|upkeep\n|turn|10\n|\n|t:|1699841129\n|move|p2a: Octillery|Scald|p1a: Porygon2\n|-damage|p1a: Porygon2|57\/100 par\n|move|p1a: Porygon2|Recover|p1a: Porygon2\n|-heal|p1a: Porygon2|100\/100 par\n|\n|-damage|p2a: Octillery|63\/100 tox|[from] psn\n|-ability|p2a: Octillery|Moody|boost\n|-boost|p2a: Octillery|spe|2\n|-unboost|p2a: Octillery|atk|1\n|-ability|p1a: Porygon2|Moody|boost\n|-boost|p1a: Porygon2|spd|2\n|-unboost|p1a: Porygon2|def|1\n|upkeep\n|turn|11\n|c|\u2606Camembert-Mega|GG\n|\n|t:|1699841158\n|move|p1a: Porygon2|Recover||[still]\n|-fail|p1a: Porygon2|heal\n|move|p2a: Octillery|Scald|p1a: Porygon2\n|-damage|p1a: Porygon2|92\/100 par\n|\n|-damage|p2a: Octillery|38\/100 tox|[from] psn\n|-ability|p1a: Porygon2|Moody|boost\n|-boost|p1a: Porygon2|spa|2\n|-unboost|p1a: Porygon2|spd|1\n|-ability|p2a: Octillery|Moody|boost\n|-boost|p2a: Octillery|spe|2\n|-unboost|p2a: Octillery|spd|1\n|upkeep\n|turn|12\n|\n|t:|1699841169\n|move|p2a: Octillery|Rest|p2a: Octillery\n|-status|p2a: Octillery|slp|[from] move: Rest\n|-heal|p2a: Octillery|100\/100 slp|[silent]\n|-enditem|p2a: Octillery|Chesto Berry|[eat]\n|-curestatus|p2a: Octillery|slp|[msg]\n|move|p1a: Porygon2|Trick Room|p1a: Porygon2\n|-fieldend|move: Trick Room\n|\n|-ability|p2a: Octillery|Moody|boost\n|-boost|p2a: Octillery|def|1\n|-unboost|p2a: Octillery|spa|1\n|-ability|p1a: Porygon2|Moody|boost\n|-boost|p1a: Porygon2|spa|2\n|-unboost|p1a: Porygon2|def|1\n|upkeep\n|turn|13\n|\n|t:|1699841188\n|move|p2a: Octillery|Scald|p1a: Porygon2\n|-damage|p1a: Porygon2|83\/100 par\n|move|p1a: Porygon2|Toxic|p2a: Octillery|[miss]\n|-miss|p1a: Porygon2|p2a: Octillery\n|\n|-ability|p2a: Octillery|Moody|boost\n|-boost|p2a: Octillery|spe|2\n|-unboost|p2a: Octillery|spa|1\n|-ability|p1a: Porygon2|Moody|boost\n|-boost|p1a: Porygon2|spe|2\n|-unboost|p1a: Porygon2|def|1\n|upkeep\n|turn|14\n|\n|t:|1699841207\n|move|p2a: Octillery|Scald|p1a: Porygon2\n|-damage|p1a: Porygon2|78\/100 par\n|move|p1a: Porygon2|Toxic|p2a: Octillery\n|-status|p2a: Octillery|tox\n|\n|-damage|p2a: Octillery|94\/100 tox|[from] psn\n|-ability|p2a: Octillery|Moody|boost\n|-boost|p2a: Octillery|spd|2\n|-unboost|p2a: Octillery|spe|1\n|-ability|p1a: Porygon2|Moody|boost\n|-boost|p1a: Porygon2|def|2\n|-unboost|p1a: Porygon2|spe|1\n|upkeep\n|turn|15\n|\n|t:|1699841219\n|move|p2a: Octillery|Scald|p1a: Porygon2\n|-crit|p1a: Porygon2\n|-damage|p1a: Porygon2|58\/100 par\n|move|p1a: Porygon2|Trick Room|p1a: Porygon2\n|-fieldstart|move: Trick Room|[of] p1a: Porygon2\n|\n|-damage|p2a: Octillery|82\/100 tox|[from] psn\n|-ability|p1a: Porygon2|Moody|boost\n|-boost|p1a: Porygon2|spe|2\n|-unboost|p1a: Porygon2|atk|1\n|-ability|p2a: Octillery|Moody|boost\n|-boost|p2a: Octillery|atk|2\n|-unboost|p2a: Octillery|spe|1\n|upkeep\n|turn|16\n|\n|t:|1699841230\n|move|p1a: Porygon2|Toxic|p2a: Octillery\n|-fail|p2a: Octillery|tox\n|move|p2a: Octillery|Scald|p1a: Porygon2\n|-damage|p1a: Porygon2|52\/100 par\n|\n|-damage|p2a: Octillery|63\/100 tox|[from] psn\n|-ability|p1a: Porygon2|Moody|boost\n|-boost|p1a: Porygon2|spa|2\n|-unboost|p1a: Porygon2|def|1\n|-ability|p2a: Octillery|Moody|boost\n|-boost|p2a: Octillery|spd|2\n|-unboost|p2a: Octillery|spa|1\n|upkeep\n|turn|17\n|inactive|Battle timer is ON: inactive players will automatically lose when time's up. (requested by moosepoke)\n|\n|t:|1699841250\n|cant|p1a: Porygon2|par\n|move|p2a: Octillery|Bounce||[still]\n|-prepare|p2a: Octillery|Bounce\n|\n|-damage|p2a: Octillery|38\/100 tox|[from] psn\n|-ability|p1a: Porygon2|Moody|boost\n|-boost|p1a: Porygon2|spa|2\n|-unboost|p1a: Porygon2|atk|1\n|-ability|p2a: Octillery|Moody|boost\n|-boost|p2a: Octillery|spd|1\n|-unboost|p2a: Octillery|atk|1\n|upkeep\n|turn|18\n|\n|t:|1699841259\n|move|p2a: Octillery|Bounce|p1a: Porygon2|[from]lockedmove\n|-damage|p1a: Porygon2|48\/100 par\n|move|p1a: Porygon2|Teleport|p1a: Porygon2\n|\n|t:|1699841267\n|switch|p1a: Ursaluna|Ursaluna, M|76\/100 brn|[from] Teleport\n|\n|-damage|p2a: Octillery|7\/100 tox|[from] psn\n|-damage|p1a: Ursaluna|70\/100 brn|[from] brn\n|-ability|p2a: Octillery|Moody|boost\n|-boost|p2a: Octillery|spa|2\n|-unboost|p2a: Octillery|atk|1\n|upkeep\n|turn|19\n|\n|t:|1699841275\n|move|p1a: Ursaluna|Earthquake|p2a: Octillery\n|-damage|p2a: Octillery|0 fnt\n|faint|p2a: Octillery\n|\n|-damage|p1a: Ursaluna|64\/100 brn|[from] brn\n|-fieldend|move: Trick Room\n|upkeep\n|\n|t:|1699841281\n|switch|p2a: Darmanitan|Darmanitan-Galar, F|100\/100\n|turn|20\n|\n|t:|1699841287\n|switch|p1a: Porygon2|Porygon2|48\/100 par\n|-ability|p1a: Porygon2|Gorilla Tactics|[from] ability: Trace|[of] p2a: Darmanitan\n|move|p2a: Darmanitan|Icicle Crash|p1a: Porygon2\n|-damage|p1a: Porygon2|11\/100 par\n|\n|upkeep\n|turn|21\n|\n|t:|1699841298\n|move|p2a: Darmanitan|Icicle Crash|p1a: Porygon2\n|-damage|p1a: Porygon2|0 fnt\n|faint|p1a: Porygon2\n|\n|upkeep\n|\n|t:|1699841302\n|switch|p1a: Stakataka|Stakataka, shiny|100\/100\n|turn|22\n|\n|t:|1699841309\n|switch|p2a: Aegislash|Aegislash, M|100\/100\n|move|p1a: Stakataka|Trick Room|p1a: Stakataka\n|-fieldstart|move: Trick Room|[of] p1a: Stakataka\n|\n|upkeep\n|turn|23\n|\n|t:|1699841316\n|switch|p1a: Camerupt|Camerupt, M, shiny|100\/100\n|move|p2a: Aegislash|Swords Dance|p2a: Aegislash\n|-boost|p2a: Aegislash|atk|2\n|\n|upkeep\n|turn|24\n|\n|t:|1699841324\n|detailschange|p1a: Camerupt|Camerupt-Mega, M, shiny\n|-mega|p1a: Camerupt|Camerupt|Cameruptite\n|move|p2a: Aegislash|King's Shield|p2a: Aegislash\n|-singleturn|p2a: Aegislash|Protect\n|move|p1a: Camerupt|Flamethrower|p2a: Aegislash\n|-activate|p2a: Aegislash|move: Protect\n|\n|upkeep\n|turn|25\n|\n|t:|1699841336\n|-terastallize|p2a: Aegislash|Normal\n|move|p1a: Camerupt|Flamethrower|p2a: Aegislash\n|-damage|p2a: Aegislash|41\/100\n|-enditem|p2a: Aegislash|Sitrus Berry|[eat]\n|-heal|p2a: Aegislash|66\/100|[from] item: Sitrus Berry\n|-formechange|p2a: Aegislash|Aegislash-Blade||[from] ability: Stance Change\n|move|p2a: Aegislash|Iron Head|p1a: Camerupt\n|-resisted|p1a: Camerupt\n|-damage|p1a: Camerupt|49\/100\n|\n|upkeep\n|turn|26\n|\n|t:|1699841354\n|switch|p1a: Stakataka|Stakataka, shiny|100\/100\n|move|p2a: Aegislash|Shadow Sneak|p1a: Stakataka\n|-damage|p1a: Stakataka|69\/100\n|\n|-fieldend|move: Trick Room\n|upkeep\n|turn|27\n|\n|t:|1699841359\n|move|p2a: Aegislash|Iron Head|p1a: Stakataka\n|-damage|p1a: Stakataka|8\/100\n|move|p1a: Stakataka|Trick Room|p1a: Stakataka\n|-fieldstart|move: Trick Room|[of] p1a: Stakataka\n|\n|upkeep\n|turn|28\n|\n|t:|1699841367\n|switch|p1a: Ursaluna|Ursaluna, M|64\/100 brn\n|move|p2a: Aegislash|Shadow Sneak|p1a: Ursaluna\n|-immune|p1a: Ursaluna\n|\n|-damage|p1a: Ursaluna|58\/100 brn|[from] brn\n|upkeep\n|turn|29\n|\n|t:|1699841374\n|move|p1a: Ursaluna|Earthquake|p2a: Aegislash\n|-damage|p2a: Aegislash|0 fnt\n|faint|p2a: Aegislash\n|\n|-damage|p1a: Ursaluna|52\/100 brn|[from] brn\n|upkeep\n|\n|t:|1699841381\n|switch|p2a: Mandibuzz|Mandibuzz, F|100\/100\n|turn|30\n|\n|t:|1699841386\n|move|p1a: Ursaluna|Facade|p2a: Mandibuzz\n|-damage|p2a: Mandibuzz|28\/100\n|move|p2a: Mandibuzz|Foul Play|p1a: Ursaluna\n|-damage|p1a: Ursaluna|10\/100 brn\n|\n|-heal|p2a: Mandibuzz|34\/100|[from] item: Leftovers\n|-damage|p1a: Ursaluna|4\/100 brn|[from] brn\n|upkeep\n|turn|31\n|\n|t:|1699841398\n|move|p1a: Ursaluna|Facade|p2a: Mandibuzz\n|-damage|p2a: Mandibuzz|0 fnt\n|faint|p2a: Mandibuzz\n|\n|-damage|p1a: Ursaluna|0 fnt|[from] brn\n|faint|p1a: Ursaluna\n|-fieldend|move: Trick Room\n|upkeep\n|\n|t:|1699841405\n|switch|p2a: Darmanitan|Darmanitan-Galar, F|100\/100\n|switch|p1a: Stakataka|Stakataka, shiny|8\/100\n|turn|32\n|\n|t:|1699841413\n|move|p2a: Darmanitan|Earthquake|p1a: Stakataka\n|-supereffective|p1a: Stakataka\n|-damage|p1a: Stakataka|0 fnt\n|faint|p1a: Stakataka\n|\n|upkeep\n|\n|t:|1699841416\n|switch|p1a: Camerupt|Camerupt-Mega, M, shiny|49\/100\n|turn|33\n|\n|t:|1699841418\n|move|p2a: Darmanitan|Earthquake|p1a: Camerupt\n|-supereffective|p1a: Camerupt\n|-damage|p1a: Camerupt|0 fnt\n|faint|p1a: Camerupt\n|\n|upkeep\n|\n|t:|1699841420\n|switch|p1a: Calyrex|Calyrex-Ice|100\/100\n|-ability|p1a: Calyrex|As One\n|-ability|p1a: Calyrex|Unnerve\n|turn|34\n|\n|t:|1699841426\n|move|p2a: Darmanitan|Earthquake|p1a: Calyrex\n|-damage|p1a: Calyrex|69\/100\n|move|p1a: Calyrex|Close Combat|p2a: Darmanitan\n|-supereffective|p2a: Darmanitan\n|-damage|p2a: Darmanitan|0 fnt\n|-unboost|p1a: Calyrex|def|1\n|-unboost|p1a: Calyrex|spd|1\n|faint|p2a: Darmanitan\n|\n|win|Camembert-Mega\n|raw|Camembert-Mega's rating: 1318 &rarr; <strong>1331<\/strong><br \/>(+13 for winning)\n|raw|moosepoke's rating: 1188 &rarr; <strong>1172<\/strong><br \/>(-16 for losing)\n|c|\u2606moosepoke|gg\n","uploadtime":1699841437,"views":9,"p1id":"camembertmega","p2id":"moosepoke","formatid":"gen9nationaldexubers","rating":1172,"private":0,"password":""}