{"id":"gen9nationaldexubers-1978721986","p1":"Helpnoname","p2":"MommyMikuNakano","format":"[Gen 9] National Dex Ubers","log":"|j|\u2606Helpnoname\n|j|\u2606MommyMikuNakano\n|t:|1698586940\n|gametype|singles\n|player|p1|Helpnoname|1|1690\n|player|p2|MommyMikuNakano|erika-gen1|1772\n|teamsize|p1|6\n|teamsize|p2|6\n|gen|9\n|tier|[Gen 9] National Dex Ubers\n|rated|\n|rule|HP Percentage Mod: HP is shown in percentages\n|rule|Endless Battle Clause: Forcing endless battles is banned\n|rule|OHKO Clause: OHKO moves are banned\n|rule|Evasion Moves Clause: Evasion moves are banned\n|rule|Evasion Items Clause: Evasion items are banned\n|rule|Species Clause: Limit one of each Pok\u00e9mon\n|rule|Sleep Clause Mod: Limit one foe put to sleep\n|rule|Mega Rayquaza Clause: You cannot mega evolve Rayquaza\n|clearpoke\n|poke|p1|Ferrothorn, M|\n|poke|p1|Eternatus|\n|poke|p1|Giratina|\n|poke|p1|Yveltal|\n|poke|p1|Toxapex, M|\n|poke|p1|Ho-Oh|\n|poke|p2|Mewtwo|\n|poke|p2|Necrozma-Dusk-Mane|\n|poke|p2|Kingambit, M|\n|poke|p2|Urshifu-*, M|\n|poke|p2|Ditto|\n|poke|p2|Arceus-Fairy|\n|teampreview\n|inactive|Battle timer is ON: inactive players will automatically lose when time's up. (requested by MommyMikuNakano)\n|\n|t:|1698586959\n|start\n|switch|p1a: Ho-Oh|Ho-Oh|100\/100\n|switch|p2a: Mewtwo|Mewtwo|100\/100\n|-ability|p2a: Mewtwo|Pressure\n|turn|1\n|\n|t:|1698586969\n|move|p2a: Mewtwo|Knock Off|p1a: Ho-Oh\n|-damage|p1a: Ho-Oh|73\/100\n|-enditem|p1a: Ho-Oh|Heavy-Duty Boots|[from] move: Knock Off|[of] p2a: Mewtwo\n|move|p1a: Ho-Oh|Toxic|p2a: Mewtwo\n|-status|p2a: Mewtwo|tox\n|\n|-damage|p2a: Mewtwo|94\/100 tox|[from] psn\n|upkeep\n|turn|2\n|\n|t:|1698586979\n|switch|p2a: Ditto|Ditto, shiny|100\/100\n|-transform|p2a: Ditto|p1a: Ho-Oh|[from] ability: Imposter\n|switch|p1a: Yveltal|Yveltal|100\/100\n|-ability|p1a: Yveltal|Dark Aura\n|\n|upkeep\n|turn|3\n|\n|t:|1698586994\n|switch|p1a: Eternatus|Eternatus|100\/100\n|-ability|p1a: Eternatus|Pressure\n|switch|p2a: Arceus|Arceus-Fairy|100\/100\n|\n|upkeep\n|turn|4\n|\n|t:|1698586998\n|switch|p2a: Necrozma|Necrozma-Dusk-Mane, shiny|100\/100\n|move|p1a: Eternatus|Toxic Spikes|p2a: Necrozma\n|-sidestart|p2: MommyMikuNakano|move: Toxic Spikes\n|\n|upkeep\n|turn|5\n|\n|t:|1698587001\n|switch|p1a: Yveltal|Yveltal|100\/100\n|-ability|p1a: Yveltal|Dark Aura\n|move|p2a: Necrozma|Stealth Rock|p1a: Yveltal\n|-sidestart|p1: Helpnoname|move: Stealth Rock\n|\n|upkeep\n|turn|6\n|\n|t:|1698587007\n|switch|p2a: Arceus|Arceus-Fairy|100\/100\n|-status|p2a: Arceus|psn\n|-terastallize|p1a: Yveltal|Dark\n|move|p1a: Yveltal|Knock Off|p2a: Arceus\n|-resisted|p2a: Arceus\n|-crit|p2a: Arceus\n|-damage|p2a: Arceus|79\/100 psn\n|\n|-damage|p2a: Arceus|66\/100 psn|[from] psn\n|upkeep\n|turn|7\n|\n|t:|1698587014\n|switch|p1a: Ferrothorn|Ferrothorn, M|100\/100\n|-damage|p1a: Ferrothorn|94\/100|[from] Stealth Rock\n|move|p2a: Arceus|Taunt|p1a: Ferrothorn\n|-start|p1a: Ferrothorn|move: Taunt\n|\n|-heal|p1a: Ferrothorn|100\/100|[from] item: Leftovers\n|-damage|p2a: Arceus|54\/100 psn|[from] psn\n|upkeep\n|turn|8\n|\n|t:|1698587019\n|switch|p1a: Zoroerk|Toxapex, M|100\/100\n|-damage|p1a: Zoroerk|88\/100|[from] Stealth Rock\n|move|p2a: Arceus|Recover|p2a: Arceus\n|-heal|p2a: Arceus|100\/100 psn\n|\n|-damage|p2a: Arceus|88\/100 psn|[from] psn\n|upkeep\n|turn|9\n|\n|t:|1698587022\n|switch|p2a: Necrozma|Necrozma-Dusk-Mane, shiny|100\/100\n|move|p1a: Zoroerk|Infestation|p2a: Necrozma\n|-damage|p2a: Necrozma|98\/100\n|-activate|p2a: Necrozma|move: Infestation|[of] p1a: Zoroerk\n|\n|-damage|p2a: Necrozma|85\/100|[from] move: Infestation|[partiallytrapped]\n|upkeep\n|turn|10\n|\n|t:|1698587027\n|switch|p1a: Yveltal|Yveltal, tera:Dark|100\/100\n|-damage|p1a: Yveltal|88\/100|[from] Stealth Rock\n|-ability|p1a: Yveltal|Dark Aura\n|move|p2a: Necrozma|Earth Power|p1a: Yveltal\n|-damage|p1a: Yveltal|64\/100\n|\n|-end|p2a: Necrozma|Infestation|[partiallytrapped]|[silent]\n|upkeep\n|turn|11\n|\n|t:|1698587032\n|switch|p2a: Arceus|Arceus-Fairy|88\/100 psn\n|move|p1a: Yveltal|Heat Wave|p2a: Arceus\n|-damage|p2a: Arceus|68\/100 psn\n|\n|-damage|p2a: Arceus|55\/100 psn|[from] psn\n|upkeep\n|turn|12\n|\n|t:|1698587041\n|switch|p1a: Ferrothorn|Ferrothorn, M|100\/100\n|-damage|p1a: Ferrothorn|94\/100|[from] Stealth Rock\n|move|p2a: Arceus|Recover|p2a: Arceus\n|-heal|p2a: Arceus|100\/100 psn\n|\n|-heal|p1a: Ferrothorn|100\/100|[from] item: Leftovers\n|-damage|p2a: Arceus|88\/100 psn|[from] psn\n|upkeep\n|turn|13\n|\n|t:|1698587045\n|move|p2a: Arceus|Taunt|p1a: Ferrothorn\n|-start|p1a: Ferrothorn|move: Taunt\n|cant|p1a: Ferrothorn|move: Taunt|Stealth Rock\n|\n|-damage|p2a: Arceus|76\/100 psn|[from] psn\n|upkeep\n|turn|14\n|\n|t:|1698587053\n|switch|p2a: Urshifu|Urshifu, M|100\/100\n|-status|p2a: Urshifu|psn\n|switch|p1a: Giratina|Giratina|100\/100\n|-damage|p1a: Giratina|88\/100|[from] Stealth Rock\n|-ability|p1a: Giratina|Pressure\n|\n|-heal|p1a: Giratina|94\/100|[from] item: Leftovers\n|-damage|p2a: Urshifu|88\/100 psn|[from] psn\n|upkeep\n|turn|15\n|-message|Helpnoname forfeited.\n|\n|win|MommyMikuNakano\n|raw|Helpnoname's rating: 1690 &rarr; <strong>1675<\/strong><br \/>(-15 for losing)\n|raw|MommyMikuNakano's rating: 1772 &rarr; <strong>1787<\/strong><br \/>(+15 for winning)\n|l|\u2606Helpnoname\n","uploadtime":1698587064,"views":17,"p1id":"helpnoname","p2id":"mommymikunakano","formatid":"gen9nationaldexubers","rating":1675,"private":0,"password":""}