{"id":"gen9nationaldexubers-1985714744","p1":"kirbozoooooooo","p2":"hackilla15","format":"[Gen 9] National Dex Ubers","log":"|j|\u2606kirbozoooooooo\n|j|\u2606hackilla15\n|t:|1699398546\n|gametype|singles\n|player|p1|kirbozoooooooo|steven|1075\n|player|p2|hackilla15|ethan|1197\n|teamsize|p1|6\n|teamsize|p2|6\n|gen|9\n|tier|[Gen 9] National Dex Ubers\n|rated|\n|rule|HP Percentage Mod: HP is shown in percentages\n|rule|Endless Battle Clause: Forcing endless battles is banned\n|rule|OHKO Clause: OHKO moves are banned\n|rule|Evasion Moves Clause: Evasion moves are banned\n|rule|Evasion Items Clause: Evasion items are banned\n|rule|Species Clause: Limit one of each Pok\u00e9mon\n|rule|Sleep Clause Mod: Limit one foe put to sleep\n|rule|Mega Rayquaza Clause: You cannot mega evolve Rayquaza\n|clearpoke\n|poke|p1|Regieleki|\n|poke|p1|Garchomp, M|\n|poke|p1|Blaziken, F|\n|poke|p1|Groudon|\n|poke|p1|Melmetal|\n|poke|p1|Golurk|\n|poke|p2|Kangaskhan, F|\n|poke|p2|Annihilape, F|\n|poke|p2|Lugia|\n|poke|p2|Articuno|\n|poke|p2|Slowking-Galar, F|\n|poke|p2|Kyurem-Black|\n|teampreview\n|inactive|Battle timer is ON: inactive players will automatically lose when time's up. (requested by kirbozoooooooo)\n|\n|t:|1699398555\n|start\n|switch|p1a: metal boi|Melmetal|100\/100\n|switch|p2a: Kangaskhan|Kangaskhan, F, shiny|100\/100\n|turn|1\n|\n|t:|1699398564\n|detailschange|p2a: Kangaskhan|Kangaskhan-Mega, F, shiny\n|-mega|p2a: Kangaskhan|Kangaskhan|Kangaskhanite\n|move|p2a: Kangaskhan|Fake Out|p1a: metal boi\n|-resisted|p1a: metal boi\n|-damage|p1a: metal boi|95\/100\n|-resisted|p1a: metal boi\n|-damage|p1a: metal boi|94\/100\n|-hitcount|p1a: metal boi|2\n|cant|p1a: metal boi|flinch\n|\n|upkeep\n|turn|2\n|\n|t:|1699398572\n|move|p2a: Kangaskhan|Power-Up Punch|p1a: metal boi\n|-supereffective|p1a: metal boi\n|-damage|p1a: metal boi|77\/100\n|-boost|p2a: Kangaskhan|atk|1\n|-supereffective|p1a: metal boi\n|-damage|p1a: metal boi|71\/100\n|-boost|p2a: Kangaskhan|atk|1\n|-hitcount|p1a: metal boi|2\n|move|p1a: metal boi|Double Iron Bash|p2a: Kangaskhan\n|-damage|p2a: Kangaskhan|61\/100\n|-damage|p2a: Kangaskhan|25\/100\n|-hitcount|p2a: Kangaskhan|2\n|\n|upkeep\n|turn|3\n|\n|t:|1699398583\n|move|p2a: Kangaskhan|Fire Punch|p1a: metal boi\n|-supereffective|p1a: metal boi\n|-damage|p1a: metal boi|10\/100\n|-supereffective|p1a: metal boi\n|-damage|p1a: metal boi|0 fnt\n|faint|p1a: metal boi\n|-hitcount|p1: metal boi|2\n|\n|upkeep\n|\n|t:|1699398591\n|switch|p1a: got to go fast|Regieleki|100\/100\n|turn|4\n|c|\u2606kirbozoooooooo|sped\n|\n|t:|1699398598\n|move|p2a: Kangaskhan|Sucker Punch|p1a: got to go fast\n|-enditem|p1a: got to go fast|Focus Sash\n|-damage|p1a: got to go fast|1\/100\n|-damage|p1a: got to go fast|0 fnt\n|faint|p1a: got to go fast\n|-hitcount|p1: got to go fast|2\n|\n|upkeep\n|\n|t:|1699398613\n|switch|p1a: thecoolerblaziken|Blaziken, F, shiny|100\/100\n|turn|5\n|c|\u2606hackilla15|Oof\n|\n|t:|1699398623\n|switch|p2a: Annihilape|Annihilape, F, shiny|100\/100\n|detailschange|p1a: thecoolerblaziken|Blaziken-Mega, F, shiny\n|-mega|p1a: thecoolerblaziken|Blaziken|Blazikenite\n|move|p1a: thecoolerblaziken|High Jump Kick|p2a: Annihilape\n|-immune|p2a: Annihilape\n|-damage|p1a: thecoolerblaziken|51\/100|[from] highjumpkick\n|\n|-ability|p1a: thecoolerblaziken|Speed Boost|boost\n|-boost|p1a: thecoolerblaziken|spe|1\n|upkeep\n|turn|6\n|c|\u2606kirbozoooooooo|nooooo\n|\n|t:|1699398633\n|move|p1a: thecoolerblaziken|Blaze Kick|p2a: Annihilape\n|-damage|p2a: Annihilape|49\/100\n|move|p2a: Annihilape|Bulk Up|p2a: Annihilape\n|-boost|p2a: Annihilape|atk|1\n|-boost|p2a: Annihilape|def|1\n|\n|-heal|p2a: Annihilape|55\/100|[from] item: Leftovers\n|-ability|p1a: thecoolerblaziken|Speed Boost|boost\n|-boost|p1a: thecoolerblaziken|spe|1\n|upkeep\n|turn|7\n|c|\u2606hackilla15|Oof\n|\n|t:|1699398646\n|move|p1a: thecoolerblaziken|Blaze Kick|p2a: Annihilape\n|-damage|p2a: Annihilape|24\/100\n|move|p2a: Annihilape|Drain Punch|p1a: thecoolerblaziken\n|-damage|p1a: thecoolerblaziken|0 fnt\n|-heal|p2a: Annihilape|44\/100|[from] drain|[of] p1a: thecoolerblaziken\n|faint|p1a: thecoolerblaziken\n|\n|-heal|p2a: Annihilape|50\/100|[from] item: Leftovers\n|upkeep\n|\n|t:|1699398654\n|switch|p1a: The rock|Golurk, shiny|100\/100\n|turn|8\n|l|\u2606kirbozoooooooo\n|inactive|kirbozoooooooo disconnected and has a minute to reconnect!\n|player|p1|\n|inactive|kirbozoooooooo has 30 seconds to reconnect!\n|j|\u2606kirbozoooooooo\n|inactive|kirbozoooooooo reconnected and has 110 seconds left.\n|player|p1|kirbozoooooooo|steven\n|\n|t:|1699398705\n|move|p2a: Annihilape|Rage Fist|p1a: The rock\n|-supereffective|p1a: The rock\n|-damage|p1a: The rock|0 fnt\n|faint|p1a: The rock\n|\n|-heal|p2a: Annihilape|56\/100|[from] item: Leftovers\n|upkeep\n|c|\u2606kirbozoooooooo|noo\n|\n|t:|1699398713\n|switch|p1a: Gar|Garchomp, M, shiny|100\/100\n|turn|9\n|c|\u2606kirbozoooooooo|pls stop\n|\n|t:|1699398721\n|move|p1a: Gar|Fire Blast|p2a: Annihilape\n|-damage|p2a: Annihilape|35\/100\n|move|p2a: Annihilape|Drain Punch|p1a: Gar\n|-damage|p1a: Gar|49\/100\n|-heal|p2a: Annihilape|59\/100|[from] drain|[of] p1a: Gar\n|-damage|p2a: Annihilape|46\/100|[from] ability: Rough Skin|[of] p1a: Gar\n|-damage|p2a: Annihilape|30\/100|[from] item: Rocky Helmet|[of] p1a: Gar\n|\n|-heal|p2a: Annihilape|36\/100|[from] item: Leftovers\n|upkeep\n|turn|10\n|\n|t:|1699398734\n|move|p1a: Gar|Dragon Claw|p2a: Annihilape\n|-damage|p2a: Annihilape|13\/100\n|move|p2a: Annihilape|Drain Punch|p1a: Gar\n|-damage|p1a: Gar|0 fnt\n|-heal|p2a: Annihilape|36\/100|[from] drain|[of] p1a: Gar\n|-damage|p2a: Annihilape|24\/100|[from] ability: Rough Skin|[of] p1a: Gar\n|-damage|p2a: Annihilape|7\/100|[from] item: Rocky Helmet|[of] p1a: Gar\n|faint|p1a: Gar\n|\n|-heal|p2a: Annihilape|13\/100|[from] item: Leftovers\n|upkeep\n|c|\u2606hackilla15|Monke\n|inactive|kirbozoooooooo has 90 seconds left.\n|c|\u2606kirbozoooooooo|monke strong\n|\n|t:|1699398760\n|switch|p1a: firey boi Primal|Groudon, shiny|100\/100\n|detailschange|p1a: firey boi Primal|Groudon-Primal, shiny\n|-primal|p1a: firey boi Primal|Red Orb\n|-weather|DesolateLand|[from] ability: Desolate Land|[of] p1a: firey boi Primal\n|turn|11\n|inactive|kirbozoooooooo has 90 seconds left.\n|\n|t:|1699398770\n|move|p1a: firey boi Primal|Precipice Blades|p2a: Annihilape\n|-damage|p2a: Annihilape|0 fnt\n|faint|p2a: Annihilape\n|\n|-weather|DesolateLand|[upkeep]\n|upkeep\n|\n|t:|1699398778\n|switch|p2a: Kangaskhan|Kangaskhan-Mega, F, shiny|25\/100\n|turn|12\n|c|\u2606kirbozoooooooo|but monke go bye\n|\n|t:|1699398783\n|move|p2a: Kangaskhan|Fake Out|p1a: firey boi Primal\n|-damage|p1a: firey boi Primal|86\/100\n|-damage|p1a: firey boi Primal|83\/100\n|-hitcount|p1a: firey boi Primal|2\n|cant|p1a: firey boi Primal|flinch\n|\n|-weather|DesolateLand|[upkeep]\n|upkeep\n|turn|13\n|\n|t:|1699398790\n|move|p2a: Kangaskhan|Sucker Punch|p1a: firey boi Primal\n|-damage|p1a: firey boi Primal|66\/100\n|-crit|p1a: firey boi Primal\n|-damage|p1a: firey boi Primal|60\/100\n|-hitcount|p1a: firey boi Primal|2\n|move|p1a: firey boi Primal|Eruption|p2a: Kangaskhan\n|-damage|p2a: Kangaskhan|0 fnt\n|faint|p2a: Kangaskhan\n|\n|-weather|DesolateLand|[upkeep]\n|upkeep\n|\n|t:|1699398798\n|switch|p2a: Lugia|Lugia, shiny|100\/100\n|turn|14\n|\n|t:|1699398802\n|move|p1a: firey boi Primal|Lava Plume|p2a: Lugia\n|-crit|p2a: Lugia\n|-damage|p2a: Lugia|75\/100\n|move|p2a: Lugia|Toxic|p1a: firey boi Primal\n|-status|p1a: firey boi Primal|tox\n|\n|-weather|DesolateLand|[upkeep]\n|-damage|p1a: firey boi Primal|54\/100 tox|[from] psn\n|upkeep\n|turn|15\n|-message|kirbozoooooooo forfeited.\n|\n|win|hackilla15\n|raw|kirbozoooooooo's rating: 1075 &rarr; <strong>1061<\/strong><br \/>(-14 for losing)\n|raw|hackilla15's rating: 1197 &rarr; <strong>1214<\/strong><br \/>(+17 for winning)\n|l|\u2606kirbozoooooooo\n","uploadtime":1699398814,"views":14,"p1id":"kirbozoooooooo","p2id":"hackilla15","formatid":"gen9nationaldexubers","rating":1061,"private":0,"password":""}