{"id":"gen9nationaldexubers-1997277600","p1":"Psychorise","p2":"Big Chungus irl","format":"[Gen 9] National Dex Ubers","log":"|j|\u2606Psychorise\n|j|\u2606Big Chungus irl\n|t:|1700783701\n|gametype|singles\n|player|p1|Psychorise|nemona-s|\n|player|p2|Big Chungus irl|firebreather|\n|teamsize|p1|6\n|teamsize|p2|6\n|gen|9\n|tier|[Gen 9] National Dex Ubers\n|rule|HP Percentage Mod: HP is shown in percentages\n|rule|Endless Battle Clause: Forcing endless battles is banned\n|rule|OHKO Clause: OHKO moves are banned\n|rule|Evasion Moves Clause: Evasion moves are banned\n|rule|Evasion Items Clause: Evasion items are banned\n|rule|Species Clause: Limit one of each Pok\u00e9mon\n|rule|Sleep Clause Mod: Limit one foe put to sleep\n|rule|Mega Rayquaza Clause: You cannot mega evolve Rayquaza\n|clearpoke\n|poke|p1|Mawile, F|\n|poke|p1|Rotom-Wash|\n|poke|p1|Meowscarada, M|\n|poke|p1|Sneasler, M|\n|poke|p1|Kyurem|\n|poke|p1|Tapu Lele|\n|poke|p2|Moltres|\n|poke|p2|Corviknight, F|\n|poke|p2|Thundurus, M|\n|poke|p2|Charizard, M|\n|poke|p2|Landorus-Therian, M|\n|poke|p2|Skarmory, F|\n|teampreview\n|inactive|Battle timer is ON: inactive players will automatically lose when time's up. (requested by Psychorise)\n|c|\u2606Big Chungus irl|gl and hf\n|c|\u2606Psychorise|glhf\n|inactive|Big Chungus irl has 270 seconds left.\n|\n|t:|1700783733\n|start\n|switch|p1a: Husk|Kyurem|100\/100\n|switch|p2a: Charizard|Charizard, M|100\/100\n|-ability|p1a: Husk|Pressure\n|turn|1\n|inactive|Psychorise has 270 seconds left.\n|\n|t:|1700783766\n|switch|p2a: Corviknight|Corviknight, F|100\/100\n|move|p1a: Husk|Draco Meteor|p2a: Corviknight\n|-resisted|p2a: Corviknight\n|-damage|p2a: Corviknight|66\/100\n|-unboost|p1a: Husk|spa|2\n|\n|-heal|p2a: Corviknight|72\/100|[from] item: Leftovers\n|upkeep\n|turn|2\n|\n|t:|1700783773\n|switch|p1a: Kintoki Douji|Rotom-Wash, shiny|100\/100\n|move|p2a: Corviknight|U-turn|p1a: Kintoki Douji\n|-damage|p1a: Kintoki Douji|89\/100\n|\n|t:|1700783783\n|switch|p2a: Charizard|Charizard, M|100\/100|[from] U-turn\n|\n|-heal|p1a: Kintoki Douji|95\/100|[from] item: Leftovers\n|upkeep\n|turn|3\n|\n|t:|1700783800\n|switch|p1a: Gambler|Sneasler, M|100\/100\n|detailschange|p2a: Charizard|Charizard-Mega-Y, M\n|-mega|p2a: Charizard|Charizard|Charizardite Y\n|-weather|SunnyDay|[from] ability: Drought|[of] p2a: Charizard\n|move|p2a: Charizard|Solar Beam||[still]\n|-prepare|p2a: Charizard|Solar Beam\n|-anim|p2a: Charizard|Solar Beam|p1a: Gambler\n|-resisted|p1a: Gambler\n|-damage|p1a: Gambler|66\/100\n|\n|-weather|SunnyDay|[upkeep]\n|upkeep\n|turn|4\n|inactive|Psychorise has 270 seconds left.\n|\n|t:|1700783816\n|switch|p2a: Skarmory|Skarmory, F|100\/100\n|move|p1a: Gambler|Dire Claw|p2a: Skarmory\n|-immune|p2a: Skarmory\n|\n|-weather|SunnyDay|[upkeep]\n|upkeep\n|turn|5\n|inactive|Psychorise has 270 seconds left.\n|\n|t:|1700783833\n|switch|p1a: Kintoki Douji|Rotom-Wash, shiny|95\/100\n|switch|p2a: Charizard|Charizard-Mega-Y, M|100\/100\n|\n|-weather|SunnyDay|[upkeep]\n|-heal|p1a: Kintoki Douji|100\/100|[from] item: Leftovers\n|upkeep\n|turn|6\n|inactive|Psychorise has 270 seconds left.\n|\n|t:|1700783843\n|move|p2a: Charizard|Solar Beam||[still]\n|-prepare|p2a: Charizard|Solar Beam\n|-anim|p2a: Charizard|Solar Beam|p1a: Kintoki Douji\n|-supereffective|p1a: Kintoki Douji\n|-damage|p1a: Kintoki Douji|0 fnt\n|faint|p1a: Kintoki Douji\n|\n|-weather|SunnyDay|[upkeep]\n|upkeep\n|\n|t:|1700783845\n|switch|p1a: Husk|Kyurem|100\/100\n|-ability|p1a: Husk|Pressure\n|turn|7\n|\n|t:|1700783850\n|switch|p2a: Corviknight|Corviknight, F|72\/100\n|move|p1a: Husk|Freeze-Dry|p2a: Corviknight\n|-damage|p2a: Corviknight|35\/100\n|\n|-weather|none\n|-heal|p2a: Corviknight|41\/100|[from] item: Leftovers\n|upkeep\n|turn|8\n|\n|t:|1700783852\n|move|p1a: Husk|Freeze-Dry|p2a: Corviknight\n|-damage|p2a: Corviknight|4\/100\n|move|p2a: Corviknight|Roost|p2a: Corviknight\n|-heal|p2a: Corviknight|54\/100\n|-singleturn|p2a: Corviknight|move: Roost\n|\n|-heal|p2a: Corviknight|60\/100|[from] item: Leftovers\n|upkeep\n|turn|9\n|\n|t:|1700783857\n|move|p1a: Husk|Freeze-Dry|p2a: Corviknight\n|-damage|p2a: Corviknight|22\/100\n|move|p2a: Corviknight|Roost|p2a: Corviknight\n|-heal|p2a: Corviknight|72\/100\n|-singleturn|p2a: Corviknight|move: Roost\n|\n|-heal|p2a: Corviknight|78\/100|[from] item: Leftovers\n|upkeep\n|turn|10\n|\n|t:|1700783866\n|switch|p1a: Hapi|Tapu Lele, shiny|100\/100\n|-fieldstart|move: Psychic Terrain|[from] ability: Psychic Surge|[of] p1a: Hapi\n|move|p2a: Corviknight|Roost|p2a: Corviknight\n|-heal|p2a: Corviknight|100\/100\n|-singleturn|p2a: Corviknight|move: Roost\n|\n|upkeep\n|turn|11\n|j| predator30\n|\n|t:|1700783873\n|move|p1a: Hapi|Calm Mind|p1a: Hapi\n|-boost|p1a: Hapi|spa|1\n|-boost|p1a: Hapi|spd|1\n|move|p2a: Corviknight|U-turn|p1a: Hapi\n|-damage|p1a: Hapi|80\/100\n|c| predator30|When did Lele get an animated sprite\n|c|\u2606Big Chungus irl|a long time ago\n|inactive|Big Chungus irl has 270 seconds left.\n|c| predator30|I guess I should really turn animations back up\n|\n|t:|1700783925\n|switch|p2a: Landorus|Landorus-Therian, M|100\/100|[from] U-turn\n|-ability|p2a: Landorus|Intimidate|boost\n|-unboost|p1a: Hapi|atk|1\n|\n|upkeep\n|turn|12\n|c|\u2606Psychorise|well Landorus-T doesn't outspeed so\n|inactive|Psychorise has 270 seconds left.\n|\n|t:|1700783969\n|switch|p1a: Jambo|Meowscarada, M|100\/100\n|move|p2a: Landorus|Earthquake|p1a: Jambo\n|-resisted|p1a: Jambo\n|-damage|p1a: Jambo|56\/100\n|\n|upkeep\n|turn|13\n|\n|t:|1700783976\n|switch|p2a: Moltres|Moltres|100\/100\n|move|p1a: Jambo|U-turn|p2a: Moltres\n|-start|p1a: Jambo|typechange|Bug|[from] ability: Protean\n|-resisted|p2a: Moltres\n|-damage|p2a: Moltres|92\/100\n|\n|t:|1700783984\n|switch|p1a: Husk|Kyurem|100\/100|[from] U-turn\n|-ability|p1a: Husk|Pressure\n|\n|upkeep\n|turn|14\n|\n|t:|1700783989\n|switch|p2a: Corviknight|Corviknight, F|100\/100\n|move|p1a: Husk|Freeze-Dry|p2a: Corviknight\n|-damage|p2a: Corviknight|65\/100\n|\n|-heal|p2a: Corviknight|71\/100|[from] item: Leftovers\n|-fieldend|move: Psychic Terrain\n|upkeep\n|turn|15\n|\n|t:|1700783999\n|move|p1a: Husk|Freeze-Dry|p2a: Corviknight\n|-damage|p2a: Corviknight|34\/100\n|move|p2a: Corviknight|Body Press|p1a: Husk\n|-supereffective|p1a: Husk\n|-damage|p1a: Husk|63\/100\n|\n|-heal|p2a: Corviknight|40\/100|[from] item: Leftovers\n|upkeep\n|turn|16\n|\n|t:|1700784005\n|move|p1a: Husk|Freeze-Dry|p2a: Corviknight\n|-damage|p2a: Corviknight|5\/100\n|move|p2a: Corviknight|Roost|p2a: Corviknight\n|-heal|p2a: Corviknight|55\/100\n|-singleturn|p2a: Corviknight|move: Roost\n|\n|-heal|p2a: Corviknight|61\/100|[from] item: Leftovers\n|upkeep\n|turn|17\n|\n|t:|1700784010\n|move|p1a: Husk|Freeze-Dry|p2a: Corviknight\n|-damage|p2a: Corviknight|25\/100\n|move|p2a: Corviknight|Roost|p2a: Corviknight\n|-heal|p2a: Corviknight|75\/100\n|-singleturn|p2a: Corviknight|move: Roost\n|\n|-heal|p2a: Corviknight|81\/100|[from] item: Leftovers\n|upkeep\n|turn|18\n|\n|t:|1700784013\n|move|p1a: Husk|Freeze-Dry|p2a: Corviknight\n|-damage|p2a: Corviknight|43\/100\n|move|p2a: Corviknight|U-turn|p1a: Husk\n|-damage|p1a: Husk|50\/100\n|\n|t:|1700784017\n|switch|p2a: Charizard|Charizard-Mega-Y, M|100\/100|[from] U-turn\n|-weather|SunnyDay|[from] ability: Drought|[of] p2a: Charizard\n|\n|-weather|SunnyDay|[upkeep]\n|upkeep\n|turn|19\n|\n|t:|1700784025\n|switch|p1a: Jambo|Meowscarada, M|56\/100\n|move|p2a: Charizard|Weather Ball|p1a: Jambo\n|-supereffective|p1a: Jambo\n|-damage|p1a: Jambo|0 fnt\n|faint|p1a: Jambo\n|\n|-weather|SunnyDay|[upkeep]\n|upkeep\n|\n|t:|1700784028\n|switch|p1a: Gambler|Sneasler, M|66\/100\n|turn|20\n|\n|t:|1700784033\n|switch|p2a: Skarmory|Skarmory, F|100\/100\n|move|p1a: Gambler|Close Combat|p2a: Skarmory\n|-damage|p2a: Skarmory|62\/100\n|-unboost|p1a: Gambler|def|1\n|-unboost|p1a: Gambler|spd|1\n|-damage|p1a: Gambler|49\/100|[from] item: Rocky Helmet|[of] p2a: Skarmory\n|\n|-weather|SunnyDay|[upkeep]\n|upkeep\n|turn|21\n|\n|t:|1700784043\n|move|p1a: Gambler|Close Combat|p2a: Skarmory\n|-damage|p2a: Skarmory|29\/100\n|-unboost|p1a: Gambler|def|1\n|-unboost|p1a: Gambler|spd|1\n|-damage|p1a: Gambler|33\/100|[from] item: Rocky Helmet|[of] p2a: Skarmory\n|move|p2a: Skarmory|Roost|p2a: Skarmory\n|-heal|p2a: Skarmory|79\/100\n|-singleturn|p2a: Skarmory|move: Roost\n|\n|-weather|SunnyDay|[upkeep]\n|upkeep\n|turn|22\n|l| predator30\n|j| Ttygd\n|\n|t:|1700784058\n|switch|p1a: Husk|Kyurem|50\/100\n|-ability|p1a: Husk|Pressure\n|move|p2a: Skarmory|Roost|p2a: Skarmory\n|-heal|p2a: Skarmory|100\/100\n|-singleturn|p2a: Skarmory|move: Roost\n|\n|-weather|none\n|upkeep\n|turn|23\n|\n|t:|1700784064\n|move|p1a: Husk|Hidden Power|p2a: Skarmory\n|-supereffective|p2a: Skarmory\n|-damage|p2a: Skarmory|7\/100\n|move|p2a: Skarmory|Body Press|p1a: Husk\n|-supereffective|p1a: Husk\n|-damage|p1a: Husk|0 fnt\n|faint|p1a: Husk\n|\n|upkeep\n|\n|t:|1700784069\n|switch|p1a: Gambler|Sneasler, M|33\/100\n|turn|24\n|\n|t:|1700784078\n|switch|p2a: Landorus|Landorus-Therian, M|100\/100\n|-ability|p2a: Landorus|Intimidate|boost\n|-unboost|p1a: Gambler|atk|1\n|move|p1a: Gambler|Dire Claw|p2a: Landorus\n|-resisted|p2a: Landorus\n|-damage|p2a: Landorus|84\/100\n|-status|p2a: Landorus|psn\n|\n|-damage|p2a: Landorus|72\/100 psn|[from] psn\n|upkeep\n|turn|25\n|j| Somalian killah\n|\n|t:|1700784086\n|move|p1a: Gambler|Dire Claw|p2a: Landorus\n|-resisted|p2a: Landorus\n|-crit|p2a: Landorus\n|-damage|p2a: Landorus|37\/100 psn\n|move|p2a: Landorus|Earthquake|p1a: Gambler\n|-supereffective|p1a: Gambler\n|-damage|p1a: Gambler|0 fnt\n|faint|p1a: Gambler\n|\n|-damage|p2a: Landorus|24\/100 psn|[from] psn\n|upkeep\n|l| Ttygd\n|\n|t:|1700784097\n|switch|p1a: Futakuchi-Onna|Mawile, F, shiny|100\/100\n|-ability|p1a: Futakuchi-Onna|Intimidate|boost\n|-unboost|p2a: Landorus|atk|1\n|turn|26\n|\n|t:|1700784125\n|switch|p2a: Moltres|Moltres|92\/100\n|detailschange|p1a: Futakuchi-Onna|Mawile-Mega, F, shiny\n|-mega|p1a: Futakuchi-Onna|Mawile|Mawilite\n|move|p1a: Futakuchi-Onna|Sucker Punch||[still]\n|-fail|p1a: Futakuchi-Onna\n|\n|upkeep\n|turn|27\n|inactive|Psychorise has 270 seconds left.\n|\n|t:|1700784145\n|move|p2a: Moltres|Flamethrower|p1a: Futakuchi-Onna\n|-supereffective|p1a: Futakuchi-Onna\n|-damage|p1a: Futakuchi-Onna|0 fnt\n|faint|p1a: Futakuchi-Onna\n|\n|upkeep\n|\n|t:|1700784159\n|switch|p1a: Hapi|Tapu Lele, shiny|80\/100\n|-fieldstart|move: Psychic Terrain|[from] ability: Psychic Surge|[of] p1a: Hapi\n|turn|28\n|\n|t:|1700784165\n|move|p1a: Hapi|Calm Mind|p1a: Hapi\n|-boost|p1a: Hapi|spa|1\n|-boost|p1a: Hapi|spd|1\n|move|p2a: Moltres|U-turn|p1a: Hapi\n|-damage|p1a: Hapi|58\/100\n|c|\u2606Psychorise|ggs\n|\n|t:|1700784173\n|switch|p2a: Charizard|Charizard-Mega-Y, M|100\/100|[from] U-turn\n|-weather|SunnyDay|[from] ability: Drought|[of] p2a: Charizard\n|\n|-weather|SunnyDay|[upkeep]\n|upkeep\n|turn|29\n|\n|t:|1700784176\n|move|p2a: Charizard|Weather Ball|p1a: Hapi\n|-damage|p1a: Hapi|0 fnt\n|faint|p1a: Hapi\n|\n|win|Big Chungus irl\n|l|\u2606Psychorise\n|c|\u2606Big Chungus irl|yeah\n|c|\u2606Big Chungus irl|gg\n","uploadtime":1700784185,"views":12,"p1id":"psychorise","p2id":"bigchungusirl","formatid":"gen9nationaldexubers","rating":0,"private":0,"password":""}