{"id":"gen9nationaldexubers-1984384287","p1":"AceTheInadequate","p2":"Nnybbor","format":"[Gen 9] National Dex Ubers","log":"|j|\u2606AceTheInadequate\n|j|\u2606Nnybbor\n|t:|1699253781\n|gametype|singles\n|player|p1|AceTheInadequate|guitarist|\n|player|p2|Nnybbor|hilbert|\n|teamsize|p1|6\n|teamsize|p2|6\n|gen|9\n|tier|[Gen 9] National Dex Ubers\n|rule|HP Percentage Mod: HP is shown in percentages\n|rule|Endless Battle Clause: Forcing endless battles is banned\n|rule|OHKO Clause: OHKO moves are banned\n|rule|Evasion Moves Clause: Evasion moves are banned\n|rule|Evasion Items Clause: Evasion items are banned\n|rule|Species Clause: Limit one of each Pok\u00e9mon\n|rule|Sleep Clause Mod: Limit one foe put to sleep\n|rule|Mega Rayquaza Clause: You cannot mega evolve Rayquaza\n|clearpoke\n|poke|p1|Volcarona, M|\n|poke|p1|Scizor, F|\n|poke|p1|Slither Wing|\n|poke|p1|Araquanid, M|\n|poke|p1|Ribombee, M|\n|poke|p1|Galvantula, M|\n|poke|p2|Kingambit, M|\n|poke|p2|Toxtricity-Low-Key, F|\n|poke|p2|Noivern, M|\n|poke|p2|Cinderace, M|\n|poke|p2|Brute Bonnet|\n|poke|p2|Crabominable, M|\n|teampreview\n|\n|t:|1699253796\n|start\n|switch|p1a: Jazz??|Ribombee, M|100\/100\n|switch|p2a: Toxtricity|Toxtricity-Low-Key, F|100\/100\n|turn|1\n|\n|t:|1699253820\n|-terastallize|p1a: Jazz??|Electric\n|move|p1a: Jazz??|Psychic|p2a: Toxtricity\n|-supereffective|p2a: Toxtricity\n|-damage|p2a: Toxtricity|29\/100\n|move|p2a: Toxtricity|Boomburst|p1a: Jazz??\n|-enditem|p1a: Jazz??|Focus Sash\n|-damage|p1a: Jazz??|1\/100\n|-enditem|p2a: Toxtricity|Throat Spray\n|-boost|p2a: Toxtricity|spa|1|[from] item: Throat Spray\n|\n|upkeep\n|turn|2\n|\n|t:|1699253841\n|switch|p2a: Crabominable|Crabominable, M|100\/100\n|move|p1a: Jazz??|Psychic|p2a: Crabominable\n|-supereffective|p2a: Crabominable\n|-damage|p2a: Crabominable|50\/100\n|\n|upkeep\n|turn|3\n|\n|t:|1699253849\n|move|p1a: Jazz??|Psychic|p2a: Crabominable\n|-supereffective|p2a: Crabominable\n|-damage|p2a: Crabominable|0 fnt\n|faint|p2a: Crabominable\n|\n|upkeep\n|\n|t:|1699253855\n|switch|p2a: Noivern|Noivern, M|100\/100\n|turn|4\n|\n|t:|1699253860\n|move|p1a: Jazz??|Moonblast|p2a: Noivern\n|-supereffective|p2a: Noivern\n|-damage|p2a: Noivern|0 fnt\n|faint|p2a: Noivern\n|\n|upkeep\n|\n|t:|1699253866\n|switch|p2a: Cinderace|Cinderace, M|100\/100\n|-item|p2a: Cinderace|Air Balloon\n|turn|5\n|\n|t:|1699253871\n|move|p2a: Cinderace|Sucker Punch|p1a: Jazz??\n|-start|p2a: Cinderace|typechange|Dark|[from] ability: Libero\n|-damage|p1a: Jazz??|0 fnt\n|faint|p1a: Jazz??\n|\n|upkeep\n|\n|t:|1699253875\n|switch|p1a: Vegeta|Slither Wing, shiny|100\/100\n|-enditem|p1a: Vegeta|Booster Energy\n|-activate|p1a: Vegeta|ability: Protosynthesis|[fromitem]\n|-start|p1a: Vegeta|protosynthesisatk\n|turn|6\n|\n|t:|1699253897\n|switch|p2a: Toxtricity|Toxtricity-Low-Key, F|29\/100\n|move|p1a: Vegeta|First Impression|p2a: Toxtricity\n|-resisted|p2a: Toxtricity\n|-damage|p2a: Toxtricity|0 fnt\n|faint|p2a: Toxtricity\n|\n|upkeep\n|\n|t:|1699253906\n|switch|p2a: Cinderace|Cinderace, M|100\/100\n|-item|p2a: Cinderace|Air Balloon\n|turn|7\n|\n|t:|1699253913\n|-end|p1a: Vegeta|Protosynthesis|[silent]\n|switch|p1a: Bumblebee|Galvantula, M, shiny|100\/100\n|move|p2a: Cinderace|Swords Dance|p2a: Cinderace\n|-start|p2a: Cinderace|typechange|Normal|[from] ability: Libero\n|-boost|p2a: Cinderace|atk|2\n|\n|upkeep\n|turn|8\n|\n|t:|1699253925\n|move|p2a: Cinderace|Sucker Punch|p1a: Bumblebee\n|-damage|p1a: Bumblebee|17\/100\n|move|p1a: Bumblebee|Thunder|p2a: Cinderace\n|-damage|p2a: Cinderace|39\/100\n|-enditem|p2a: Cinderace|Air Balloon\n|\n|upkeep\n|turn|9\n|\n|t:|1699253935\n|move|p1a: Bumblebee|Thunder|p2a: Cinderace|[miss]\n|-miss|p1a: Bumblebee|p2a: Cinderace\n|move|p2a: Cinderace|Acrobatics|p1a: Bumblebee\n|-damage|p1a: Bumblebee|0 fnt\n|faint|p1a: Bumblebee\n|\n|upkeep\n|\n|t:|1699253939\n|switch|p1a: McQueen|Scizor, F|100\/100\n|turn|10\n|\n|t:|1699253951\n|detailschange|p1a: McQueen|Scizor-Mega, F\n|-mega|p1a: McQueen|Scizor|Scizorite\n|move|p1a: McQueen|Bullet Punch|p2a: Cinderace\n|-damage|p2a: Cinderace|0 fnt\n|faint|p2a: Cinderace\n|\n|upkeep\n|\n|t:|1699253959\n|switch|p2a: Brute Bonnet|Brute Bonnet|100\/100\n|-enditem|p2a: Brute Bonnet|Booster Energy\n|-activate|p2a: Brute Bonnet|ability: Protosynthesis|[fromitem]\n|-start|p2a: Brute Bonnet|protosynthesisspa\n|turn|11\n|\n|t:|1699253966\n|move|p1a: McQueen|Dual Wingbeat|p2a: Brute Bonnet\n|-supereffective|p2a: Brute Bonnet\n|-damage|p2a: Brute Bonnet|60\/100\n|-supereffective|p2a: Brute Bonnet\n|-damage|p2a: Brute Bonnet|23\/100\n|-hitcount|p2a: Brute Bonnet|2\n|move|p2a: Brute Bonnet|Spore|p1a: McQueen\n|-status|p1a: McQueen|slp|[from] move: Spore\n|\n|upkeep\n|turn|12\n|\n|t:|1699253981\n|cant|p1a: McQueen|slp\n|move|p2a: Brute Bonnet|Energy Ball|p1a: McQueen\n|-resisted|p1a: McQueen\n|-damage|p1a: McQueen|90\/100 slp\n|\n|upkeep\n|turn|13\n|\n|t:|1699253988\n|cant|p1a: McQueen|slp\n|move|p2a: Brute Bonnet|Energy Ball|p1a: McQueen\n|-resisted|p1a: McQueen\n|-damage|p1a: McQueen|79\/100 slp\n|-unboost|p1a: McQueen|spd|1\n|\n|upkeep\n|turn|14\n|\n|t:|1699253998\n|cant|p1a: McQueen|slp\n|move|p2a: Brute Bonnet|Energy Ball|p1a: McQueen\n|-resisted|p1a: McQueen\n|-damage|p1a: McQueen|62\/100 slp\n|\n|upkeep\n|turn|15\n|\n|t:|1699254004\n|-curestatus|p1a: McQueen|slp|[msg]\n|move|p1a: McQueen|Swords Dance|p1a: McQueen\n|-boost|p1a: McQueen|atk|2\n|move|p2a: Brute Bonnet|Energy Ball|p1a: McQueen\n|-resisted|p1a: McQueen\n|-damage|p1a: McQueen|46\/100\n|\n|upkeep\n|turn|16\n|\n|t:|1699254014\n|move|p1a: McQueen|Bullet Punch|p2a: Brute Bonnet\n|-damage|p2a: Brute Bonnet|0 fnt\n|faint|p2a: Brute Bonnet\n|-end|p2a: Brute Bonnet|Protosynthesis|[silent]\n|\n|upkeep\n|\n|t:|1699254019\n|switch|p2a: Kingambit|Kingambit, M|100\/100\n|-activate|p2a: Kingambit|ability: Supreme Overlord\n|-start|p2a: Kingambit|fallen5|[silent]\n|turn|17\n|\n|t:|1699254027\n|move|p1a: McQueen|Bullet Punch|p2a: Kingambit\n|-resisted|p2a: Kingambit\n|-damage|p2a: Kingambit|76\/100\n|move|p2a: Kingambit|Foul Play|p1a: McQueen\n|-damage|p1a: McQueen|0 fnt\n|faint|p1a: McQueen\n|-heal|p2a: Kingambit|80\/100|[from] item: Shell Bell|[of] p1: McQueen\n|\n|upkeep\n|\n|t:|1699254032\n|switch|p1a: Vegeta|Slither Wing, shiny|100\/100\n|turn|18\n|\n|t:|1699254042\n|-terastallize|p2a: Kingambit|Ghost\n|move|p1a: Vegeta|Close Combat|p2a: Kingambit\n|-immune|p2a: Kingambit\n|move|p2a: Kingambit|Iron Head|p1a: Vegeta\n|-damage|p1a: Vegeta|24\/100\n|-heal|p2a: Kingambit|88\/100|[from] item: Shell Bell|[of] p1a: Vegeta\n|\n|upkeep\n|turn|19\n|\n|t:|1699254053\n|move|p2a: Kingambit|Sucker Punch|p1a: Vegeta\n|-resisted|p1a: Vegeta\n|-damage|p1a: Vegeta|0 fnt\n|faint|p1a: Vegeta\n|-end|p1a: Vegeta|Protosynthesis|[silent]\n|-heal|p2a: Kingambit|90\/100|[from] item: Shell Bell|[of] p1: Vegeta\n|\n|upkeep\n|\n|t:|1699254055\n|switch|p1a: Here comes the sun|Volcarona, M|100\/100\n|turn|20\n|\n|t:|1699254063\n|move|p2a: Kingambit|Sucker Punch|p1a: Here comes the sun\n|-damage|p1a: Here comes the sun|23\/100\n|-heal|p2a: Kingambit|97\/100|[from] item: Shell Bell|[of] p1a: Here comes the sun\n|move|p1a: Here comes the sun|Fiery Dance|p2a: Kingambit\n|-damage|p2a: Kingambit|63\/100\n|\n|upkeep\n|turn|21\n|\n|t:|1699254072\n|move|p1a: Here comes the sun|Fiery Dance|p2a: Kingambit\n|-damage|p2a: Kingambit|29\/100\n|-boost|p1a: Here comes the sun|spa|1\n|move|p2a: Kingambit|Foul Play|p1a: Here comes the sun\n|-damage|p1a: Here comes the sun|0 fnt\n|faint|p1a: Here comes the sun\n|-heal|p2a: Kingambit|31\/100|[from] item: Shell Bell|[of] p1: Here comes the sun\n|\n|upkeep\n|\n|t:|1699254076\n|switch|p1a: Apollo|Araquanid, M|100\/100\n|turn|22\n|\n|t:|1699254088\n|move|p2a: Kingambit|Foul Play|p1a: Apollo\n|-damage|p1a: Apollo|42\/100\n|-enditem|p1a: Apollo|Sitrus Berry|[eat]\n|-heal|p1a: Apollo|67\/100|[from] item: Sitrus Berry\n|-heal|p2a: Kingambit|37\/100|[from] item: Shell Bell|[of] p1a: Apollo\n|move|p1a: Apollo|Liquidation|p2a: Kingambit\n|-damage|p2a: Kingambit|0 fnt\n|faint|p2a: Kingambit\n|-end|p2a: Kingambit|fallen5|[silent]\n|\n|win|AceTheInadequate\n|l|\u2606Nnybbor\n","uploadtime":1699254099,"views":13,"p1id":"acetheinadequate","p2id":"nnybbor","formatid":"gen9nationaldexubers","rating":0,"private":0,"password":""}