{"id":"gen9nationaldexubers-2000162059","p1":"MaudileenaDaisyPie","p2":"K1nG_4","format":"[Gen 9] National Dex Ubers","log":"|j|\u2606MaudileenaDaisyPie\n|j|\u2606K1nG_4\n|t:|1701165431\n|gametype|singles\n|player|p1|MaudileenaDaisyPie|wicke|1376\n|player|p2|K1nG_4|bruno|1422\n|teamsize|p1|6\n|teamsize|p2|6\n|gen|9\n|tier|[Gen 9] National Dex Ubers\n|rated|\n|rule|HP Percentage Mod: HP is shown in percentages\n|rule|Endless Battle Clause: Forcing endless battles is banned\n|rule|OHKO Clause: OHKO moves are banned\n|rule|Evasion Moves Clause: Evasion moves are banned\n|rule|Evasion Items Clause: Evasion items are banned\n|rule|Species Clause: Limit one of each Pok\u00e9mon\n|rule|Sleep Clause Mod: Limit one foe put to sleep\n|rule|Mega Rayquaza Clause: You cannot mega evolve Rayquaza\n|clearpoke\n|poke|p1|Smeargle, M|\n|poke|p1|Lucario, F|\n|poke|p1|Xerneas-*|\n|poke|p1|Chi-Yu|\n|poke|p1|Arceus-Ground|\n|poke|p1|Groudon|\n|poke|p2|Slurpuff, F|\n|poke|p2|Zacian-*|\n|poke|p2|Arceus-Ground|\n|poke|p2|Salamence, F|\n|poke|p2|Marshadow|\n|poke|p2|Necrozma-Dusk-Mane|\n|teampreview\n|\n|t:|1701165438\n|start\n|switch|p1a: asshole|Smeargle, M|100\/100\n|switch|p2a: Slurpuff|Slurpuff, F|100\/100\n|turn|1\n|\n|t:|1701165442\n|move|p1a: asshole|Magic Coat|p1a: asshole\n|-singleturn|p1a: asshole|move: Magic Coat\n|move|p2a: Slurpuff|Yawn|p1a: asshole\n|move|p1a: asshole|Yawn|p2a: Slurpuff|[from]Magic Coat\n|-start|p2a: Slurpuff|move: Yawn|[of] p1a: asshole\n|\n|-ability|p1a: asshole|Moody|boost\n|-boost|p1a: asshole|def|2\n|-unboost|p1a: asshole|spd|1\n|upkeep\n|turn|2\n|\n|t:|1701165448\n|switch|p2a: Necrozma|Necrozma-Dusk-Mane|100\/100\n|move|p1a: asshole|Taunt|p2a: Necrozma\n|-start|p2a: Necrozma|move: Taunt\n|\n|-ability|p1a: asshole|Moody|boost\n|-boost|p1a: asshole|spd|2\n|-unboost|p1a: asshole|spa|1\n|upkeep\n|turn|3\n|\n|t:|1701165453\n|detailschange|p2a: Necrozma|Necrozma-Ultra\n|-burst|p2a: Necrozma|Necrozma|Ultranecrozium Z\n|move|p2a: Necrozma|Photon Geyser|p1a: asshole\n|-crit|p1a: asshole\n|-enditem|p1a: asshole|Focus Sash\n|-damage|p1a: asshole|1\/100\n|move|p1a: asshole|Sticky Web|p2a: Necrozma\n|-sidestart|p2: K1nG_4|move: Sticky Web\n|\n|-ability|p1a: asshole|Moody|boost\n|-boost|p1a: asshole|spa|2\n|-unboost|p1a: asshole|atk|1\n|upkeep\n|turn|4\n|\n|t:|1701165462\n|move|p2a: Necrozma|Earthquake|p1a: asshole\n|-damage|p1a: asshole|0 fnt\n|faint|p1a: asshole\n|\n|-end|p2a: Necrozma|move: Taunt\n|upkeep\n|\n|t:|1701165473\n|switch|p1a: Arceus-Not Flying|Arceus-Ground|100\/100\n|turn|5\n|\n|t:|1701165479\n|move|p1a: Arceus-Not Flying|Dragon Dance|p1a: Arceus-Not Flying\n|-boost|p1a: Arceus-Not Flying|atk|1\n|-boost|p1a: Arceus-Not Flying|spe|1\n|-zpower|p2a: Necrozma\n|move|p2a: Necrozma|Light That Burns the Sky|p1a: Arceus-Not Flying|[zeffect]\n|-damage|p1a: Arceus-Not Flying|0 fnt\n|faint|p1a: Arceus-Not Flying\n|\n|upkeep\n|\n|t:|1701165504\n|switch|p1a: Groudon|Groudon, shiny|100\/100\n|detailschange|p1a: Groudon|Groudon-Primal, shiny\n|-primal|p1a: Groudon|Red Orb\n|-weather|DesolateLand|[from] ability: Desolate Land|[of] p1a: Groudon\n|turn|6\n|\n|t:|1701165512\n|move|p2a: Necrozma|Earthquake|p1a: Groudon\n|-supereffective|p1a: Groudon\n|-damage|p1a: Groudon|27\/100\n|move|p1a: Groudon|Earthquake|p2a: Necrozma\n|-damage|p2a: Necrozma|33\/100\n|\n|-weather|DesolateLand|[upkeep]\n|upkeep\n|turn|7\n|\n|t:|1701165519\n|move|p2a: Necrozma|Earthquake|p1a: Groudon\n|-supereffective|p1a: Groudon\n|-damage|p1a: Groudon|0 fnt\n|faint|p1a: Groudon\n|-weather|none\n|\n|upkeep\n|\n|t:|1701165522\n|switch|p1a: Luka|Lucario, F|100\/100\n|turn|8\n|\n|t:|1701165528\n|detailschange|p1a: Luka|Lucario-Mega, F\n|-mega|p1a: Luka|Lucario|Lucarionite\n|move|p1a: Luka|Bullet Punch|p2a: Necrozma\n|-damage|p2a: Necrozma|2\/100\n|move|p2a: Necrozma|Earthquake|p1a: Luka\n|-supereffective|p1a: Luka\n|-crit|p1a: Luka\n|-damage|p1a: Luka|0 fnt\n|faint|p1a: Luka\n|\n|upkeep\n|\n|t:|1701165534\n|switch|p1a: Bambi's dad|Xerneas|100\/100\n|-ability|p1a: Bambi's dad|Fairy Aura\n|turn|9\n|\n|t:|1701165538\n|move|p2a: Necrozma|Photon Geyser|p1a: Bambi's dad\n|-damage|p1a: Bambi's dad|38\/100\n|move|p1a: Bambi's dad|Geomancy||[still]\n|-prepare|p1a: Bambi's dad|Geomancy\n|-enditem|p1a: Bambi's dad|Power Herb\n|-anim|p1a: Bambi's dad|Geomancy|p1a: Bambi's dad\n|-boost|p1a: Bambi's dad|spa|2\n|-boost|p1a: Bambi's dad|spd|2\n|-boost|p1a: Bambi's dad|spe|2\n|\n|upkeep\n|turn|10\n|\n|t:|1701165542\n|move|p1a: Bambi's dad|Moonblast|p2a: Necrozma\n|-supereffective|p2a: Necrozma\n|-damage|p2a: Necrozma|0 fnt\n|faint|p2a: Necrozma\n|\n|upkeep\n|\n|t:|1701165548\n|switch|p2a: Slurpuff|Slurpuff, F|100\/100\n|-activate|p2a: Slurpuff|move: Sticky Web\n|-unboost|p2a: Slurpuff|spe|1\n|turn|11\n|\n|t:|1701165553\n|move|p1a: Bambi's dad|Substitute|p1a: Bambi's dad\n|-start|p1a: Bambi's dad|Substitute\n|-damage|p1a: Bambi's dad|13\/100\n|move|p2a: Slurpuff|Yawn||[still]\n|-fail|p2a: Slurpuff\n|\n|upkeep\n|turn|12\n|\n|t:|1701165558\n|move|p1a: Bambi's dad|Moonblast|p2a: Slurpuff\n|-enditem|p2a: Slurpuff|Focus Sash\n|-damage|p2a: Slurpuff|1\/100\n|move|p2a: Slurpuff|Yawn||[still]\n|-fail|p2a: Slurpuff\n|\n|upkeep\n|turn|13\n|\n|t:|1701165563\n|move|p1a: Bambi's dad|Moonblast|p2a: Slurpuff\n|-damage|p2a: Slurpuff|0 fnt\n|faint|p2a: Slurpuff\n|\n|upkeep\n|\n|t:|1701165565\n|switch|p2a: Zacian|Zacian-Crowned|100\/100\n|-activate|p2a: Zacian|move: Sticky Web\n|-unboost|p2a: Zacian|spe|1\n|-ability|p2a: Zacian|Intrepid Sword|boost\n|-boost|p2a: Zacian|atk|1\n|turn|14\n|\n|t:|1701165574\n|-terastallize|p1a: Bambi's dad|Electric\n|move|p1a: Bambi's dad|Thunderbolt|p2a: Zacian\n|-damage|p2a: Zacian|0 fnt\n|faint|p2a: Zacian\n|\n|upkeep\n|\n|t:|1701165580\n|switch|p2a: Salamence|Salamence, F|100\/100\n|-ability|p2a: Salamence|Intimidate|boost\n|-immune|p1a: Bambi's dad\n|turn|15\n|\n|t:|1701165583\n|detailschange|p2a: Salamence|Salamence-Mega, F\n|-mega|p2a: Salamence|Salamence|Salamencite\n|move|p1a: Bambi's dad|Moonblast|p2a: Salamence\n|-supereffective|p2a: Salamence\n|-damage|p2a: Salamence|0 fnt\n|faint|p2a: Salamence\n|\n|upkeep\n|\n|t:|1701165584\n|switch|p2a: Arceus|Arceus-Ground|100\/100\n|-activate|p2a: Arceus|move: Sticky Web\n|-unboost|p2a: Arceus|spe|1\n|turn|16\n|\n|t:|1701165588\n|move|p1a: Bambi's dad|Moonblast|p2a: Arceus\n|-damage|p2a: Arceus|0 fnt\n|faint|p2a: Arceus\n|\n|upkeep\n|\n|t:|1701165590\n|switch|p2a: Marshadow|Marshadow|100\/100\n|-activate|p2a: Marshadow|move: Sticky Web\n|-unboost|p2a: Marshadow|spe|1\n|turn|17\n|\n|t:|1701165592\n|move|p2a: Marshadow|Shadow Sneak|p1a: Bambi's dad\n|-end|p1a: Bambi's dad|Substitute\n|-damage|p2a: Marshadow|91\/100|[from] item: Life Orb\n|move|p1a: Bambi's dad|Moonblast|p2a: Marshadow\n|-supereffective|p2a: Marshadow\n|-damage|p2a: Marshadow|0 fnt\n|faint|p2a: Marshadow\n|\n|win|MaudileenaDaisyPie\n|raw|MaudileenaDaisyPie's rating: 1376 &rarr; <strong>1399<\/strong><br \/>(+23 for winning)\n|raw|K1nG_4's rating: 1422 &rarr; <strong>1399<\/strong><br \/>(-23 for losing)\n|l|\u2606K1nG_4\n","uploadtime":1701165603,"views":3,"p1id":"maudileenadaisypie","p2id":"k1ng4","formatid":"gen9nationaldexubers","rating":1399,"private":0,"password":""}