{"id":"gen9nationaldexubers-1989002197","p1":"Neosouls","p2":"Half_A_Ako","format":"[Gen 9] National Dex Ubers","log":"|j|\u2606Neosouls\n|j|\u2606Half_A_Ako\n|t:|1699800778\n|gametype|singles\n|player|p1|Neosouls|marlon|\n|player|p2|Half_A_Ako|victor-dojo|\n|teamsize|p1|3\n|teamsize|p2|3\n|gen|9\n|tier|[Gen 9] National Dex Ubers\n|rule|HP Percentage Mod: HP is shown in percentages\n|rule|Endless Battle Clause: Forcing endless battles is banned\n|rule|OHKO Clause: OHKO moves are banned\n|rule|Evasion Moves Clause: Evasion moves are banned\n|rule|Evasion Items Clause: Evasion items are banned\n|rule|Species Clause: Limit one of each Pok\u00e9mon\n|rule|Sleep Clause Mod: Limit one foe put to sleep\n|rule|Mega Rayquaza Clause: You cannot mega evolve Rayquaza\n|clearpoke\n|poke|p1|Pinsir, L30, F|\n|poke|p1|Electrode-Hisui, L27|\n|poke|p1|Centiskorch, L29, M|\n|poke|p2|Darmanitan-Galar, L30, M|\n|poke|p2|Gabite, L30, F|\n|poke|p2|Politoed, L26, F|\n|teampreview\n|\n|t:|1699800796\n|start\n|switch|p1a: Electrode|Electrode-Hisui, L27|100\/100\n|switch|p2a: Knight|Politoed, L26, F|100\/100\n|-weather|RainDance|[from] ability: Drizzle|[of] p2a: Knight\n|turn|1\n|\n|t:|1699800807\n|switch|p2a: Yeti|Darmanitan-Galar, L30, M|100\/100\n|move|p1a: Electrode|Stun Spore|p2a: Yeti|[miss]\n|-miss|p1a: Electrode|p2a: Yeti\n|\n|-weather|RainDance|[upkeep]\n|upkeep\n|turn|2\n|\n|t:|1699800820\n|switch|p2a: King|Gabite, L30, F|100\/100\n|move|p1a: Electrode|Thunderbolt|p2a: King\n|-immune|p2a: King\n|\n|-weather|RainDance|[upkeep]\n|upkeep\n|turn|3\n|\n|t:|1699800833\n|switch|p2a: Yeti|Darmanitan-Galar, L30, M|100\/100\n|move|p1a: Electrode|Leech Seed|p2a: Yeti|[miss]\n|-miss|p1a: Electrode|p2a: Yeti\n|\n|-weather|RainDance|[upkeep]\n|upkeep\n|turn|4\n|\n|t:|1699800846\n|move|p1a: Electrode|Stun Spore|p2a: Yeti|[miss]\n|-miss|p1a: Electrode|p2a: Yeti\n|move|p2a: Yeti|Work Up|p2a: Yeti\n|-boost|p2a: Yeti|atk|1\n|-boost|p2a: Yeti|spa|1\n|\n|-weather|RainDance|[upkeep]\n|upkeep\n|turn|5\n|\n|t:|1699800857\n|move|p1a: Electrode|Giga Drain|p2a: Yeti\n|-damage|p2a: Yeti|67\/100\n|move|p2a: Yeti|Ice Punch|p1a: Electrode\n|-supereffective|p1a: Electrode\n|-damage|p1a: Electrode|0 fnt\n|faint|p1a: Electrode\n|\n|-weather|none\n|upkeep\n|\n|t:|1699800867\n|switch|p1a: Centiskorch|Centiskorch, L29, M|100\/100\n|turn|6\n|\n|t:|1699800873\n|switch|p2a: Knight|Politoed, L26, F|100\/100\n|-weather|RainDance|[from] ability: Drizzle|[of] p2a: Knight\n|move|p1a: Centiskorch|Fire Lash|p2a: Knight\n|-resisted|p2a: Knight\n|-damage|p2a: Knight|87\/100\n|-unboost|p2a: Knight|def|1\n|\n|-weather|RainDance|[upkeep]\n|upkeep\n|turn|7\n|\n|t:|1699800885\n|move|p2a: Knight|Hydro Pump|p1a: Centiskorch\n|-supereffective|p1a: Centiskorch\n|-damage|p1a: Centiskorch|0 fnt\n|faint|p1a: Centiskorch\n|\n|-weather|RainDance|[upkeep]\n|upkeep\n|\n|t:|1699800893\n|switch|p1a: Pinsir|Pinsir, L30, F|100\/100\n|turn|8\n|\n|t:|1699800899\n|move|p1a: Pinsir|Close Combat|p2a: Knight\n|-damage|p2a: Knight|0 fnt\n|-unboost|p1a: Pinsir|def|1\n|-unboost|p1a: Pinsir|spd|1\n|faint|p2a: Knight\n|-ability|p1a: Pinsir|Moxie|boost\n|-boost|p1a: Pinsir|atk|1\n|\n|-weather|RainDance|[upkeep]\n|upkeep\n|\n|t:|1699800914\n|switch|p2a: Yeti|Darmanitan-Galar, L30, M|67\/100\n|turn|9\n|l|\u2606Neosouls\n|player|p1|\n|c|\u2606Half_A_Ako|allez\n|j|\u2606Neosouls\n|player|p1|Neosouls|marlon\n|c|\u2606Neosouls|re\n|\n|t:|1699801015\n|move|p2a: Yeti|Icicle Crash|p1a: Pinsir\n|-damage|p1a: Pinsir|5\/100\n|move|p1a: Pinsir|Close Combat|p2a: Yeti\n|-supereffective|p2a: Yeti\n|-damage|p2a: Yeti|0 fnt\n|-unboost|p1a: Pinsir|def|1\n|-unboost|p1a: Pinsir|spd|1\n|faint|p2a: Yeti\n|-ability|p1a: Pinsir|Moxie|boost\n|-boost|p1a: Pinsir|atk|1\n|\n|-weather|RainDance|[upkeep]\n|upkeep\n|c|\u2606Half_A_Ako|re\n|\n|t:|1699801029\n|switch|p2a: King|Gabite, L30, F|100\/100\n|turn|10\n|\n|t:|1699801039\n|move|p1a: Pinsir|Quick Attack|p2a: King\n|-damage|p2a: King|54\/100\n|-damage|p1a: Pinsir|0 fnt|[from] ability: Rough Skin|[of] p2a: King\n|faint|p1a: Pinsir\n|\n|win|Half_A_Ako\n","uploadtime":1699801047,"views":7,"p1id":"neosouls","p2id":"halfaako","formatid":"gen9nationaldexubers","rating":0,"private":0,"password":""}