{"id":"gen9nationaldexubers-1997593358","p1":"sdfafdsafds","p2":"JustMonika_CARR","format":"[Gen 9] National Dex Ubers","log":"|j|\u2606sdfafdsafds\n|j|\u2606JustMonika_CARR\n|t:|1700830379\n|gametype|singles\n|player|p1|sdfafdsafds|102|1096\n|player|p2|JustMonika_CARR|rosa|1385\n|teamsize|p1|6\n|teamsize|p2|6\n|gen|9\n|tier|[Gen 9] National Dex Ubers\n|rated|\n|rule|HP Percentage Mod: HP is shown in percentages\n|rule|Endless Battle Clause: Forcing endless battles is banned\n|rule|OHKO Clause: OHKO moves are banned\n|rule|Evasion Moves Clause: Evasion moves are banned\n|rule|Evasion Items Clause: Evasion items are banned\n|rule|Species Clause: Limit one of each Pok\u00e9mon\n|rule|Sleep Clause Mod: Limit one foe put to sleep\n|rule|Mega Rayquaza Clause: You cannot mega evolve Rayquaza\n|clearpoke\n|poke|p1|Shuckle, M|\n|poke|p1|Basculegion, M|\n|poke|p1|Salamence, M|\n|poke|p1|Kyogre|\n|poke|p1|Xerneas-*|\n|poke|p1|Marshadow|\n|poke|p2|Blaziken, F|\n|poke|p2|Pheromosa|\n|poke|p2|Gothitelle, F|\n|poke|p2|Deoxys-Speed|\n|poke|p2|Arceus|\n|poke|p2|Durant, F|\n|teampreview\n|\n|t:|1700830386\n|start\n|switch|p1a: Shuckle|Shuckle, M|100\/100\n|switch|p2a: Pheromosa|Pheromosa, shiny|100\/100\n|turn|1\n|\n|t:|1700830391\n|move|p2a: Pheromosa|Close Combat|p1a: Shuckle\n|-damage|p1a: Shuckle|67\/100\n|-unboost|p2a: Pheromosa|def|1\n|-unboost|p2a: Pheromosa|spd|1\n|move|p1a: Shuckle|Stealth Rock|p2a: Pheromosa\n|-sidestart|p2: JustMonika_CARR|move: Stealth Rock\n|\n|upkeep\n|turn|2\n|\n|t:|1700830396\n|move|p2a: Pheromosa|Close Combat|p1a: Shuckle\n|-damage|p1a: Shuckle|30\/100\n|-unboost|p2a: Pheromosa|def|1\n|-unboost|p2a: Pheromosa|spd|1\n|move|p1a: Shuckle|Sticky Web|p2a: Pheromosa\n|-sidestart|p2: JustMonika_CARR|move: Sticky Web\n|\n|upkeep\n|turn|3\n|\n|t:|1700830402\n|move|p2a: Pheromosa|Rapid Spin|p1a: Shuckle\n|-resisted|p1a: Shuckle\n|-damage|p1a: Shuckle|25\/100\n|-boost|p2a: Pheromosa|spe|1\n|-sideend|p2: JustMonika_CARR|Stealth Rock|[from] move: Rapid Spin|[of] p2a: Pheromosa\n|-sideend|p2: JustMonika_CARR|Sticky Web|[from] move: Rapid Spin|[of] p2a: Pheromosa\n|move|p1a: Shuckle|Encore|p2a: Pheromosa\n|-start|p2a: Pheromosa|Encore\n|\n|upkeep\n|turn|4\n|-enditem|p1a: Shuckle|Custap Berry|[eat]\n|-activate|p1a: Shuckle|item: Custap Berry|[consumed]\n|\n|t:|1700830406\n|move|p1a: Shuckle|Infestation|p2a: Pheromosa\n|-resisted|p2a: Pheromosa\n|-damage|p2a: Pheromosa|96\/100\n|-activate|p2a: Pheromosa|move: Infestation|[of] p1a: Shuckle\n|move|p2a: Pheromosa|Rapid Spin|p1a: Shuckle\n|-resisted|p1a: Shuckle\n|-damage|p1a: Shuckle|19\/100\n|-boost|p2a: Pheromosa|spe|1\n|-end|p2a: Pheromosa|Infestation|[partiallytrapped]\n|\n|upkeep\n|turn|5\n|\n|t:|1700830411\n|switch|p1a: Marshadow|Marshadow|100\/100\n|move|p2a: Pheromosa|Rapid Spin|p1a: Marshadow\n|-immune|p1a: Marshadow\n|\n|upkeep\n|turn|6\n|\n|t:|1700830421\n|switch|p2a: Arceus|Arceus|100\/100\n|move|p1a: Marshadow|Spectral Thief|p2a: Arceus\n|-immune|p2a: Arceus\n|\n|upkeep\n|turn|7\n|\n|t:|1700830425\n|switch|p2a: Deoxys|Deoxys-Speed, shiny|100\/100\n|-ability|p2a: Deoxys|Pressure\n|move|p1a: Marshadow|Close Combat|p2a: Deoxys\n|-resisted|p2a: Deoxys\n|-damage|p2a: Deoxys|64\/100\n|-unboost|p1a: Marshadow|def|1\n|-unboost|p1a: Marshadow|spd|1\n|\n|upkeep\n|turn|8\n|\n|t:|1700830431\n|move|p1a: Marshadow|Shadow Sneak|p2a: Deoxys\n|-supereffective|p2a: Deoxys\n|-damage|p2a: Deoxys|0 fnt\n|faint|p2a: Deoxys\n|\n|upkeep\n|\n|t:|1700830443\n|switch|p2a: Pheromosa|Pheromosa, shiny|96\/100\n|turn|9\n|\n|t:|1700830446\n|move|p1a: Marshadow|Shadow Sneak|p2a: Pheromosa\n|-damage|p2a: Pheromosa|24\/100\n|move|p2a: Pheromosa|Ice Beam|p1a: Marshadow\n|-damage|p1a: Marshadow|35\/100\n|\n|upkeep\n|turn|10\n|\n|t:|1700830450\n|move|p1a: Marshadow|Shadow Sneak|p2a: Pheromosa\n|-damage|p2a: Pheromosa|0 fnt\n|faint|p2a: Pheromosa\n|\n|upkeep\n|\n|t:|1700830452\n|switch|p2a: Blaziken|Blaziken, F, shiny|100\/100\n|turn|11\n|\n|t:|1700830458\n|move|p1a: Marshadow|Spectral Thief|p2a: Blaziken\n|-damage|p2a: Blaziken|28\/100\n|move|p2a: Blaziken|Blaze Kick|p1a: Marshadow\n|-damage|p1a: Marshadow|0 fnt\n|faint|p1a: Marshadow\n|\n|upkeep\n|\n|t:|1700830469\n|switch|p1a: Kyogre|Kyogre|100\/100\n|-weather|RainDance|[from] ability: Drizzle|[of] p1a: Kyogre\n|turn|12\n|\n|t:|1700830473\n|detailschange|p2a: Blaziken|Blaziken-Mega, F, shiny\n|-mega|p2a: Blaziken|Blaziken|Blazikenite\n|move|p2a: Blaziken|Protect|p2a: Blaziken\n|-singleturn|p2a: Blaziken|Protect\n|move|p1a: Kyogre|Water Spout|p2a: Blaziken\n|-activate|p2a: Blaziken|move: Protect\n|\n|-weather|RainDance|[upkeep]\n|-ability|p2a: Blaziken|Speed Boost|boost\n|-boost|p2a: Blaziken|spe|1\n|upkeep\n|turn|13\n|\n|t:|1700830479\n|move|p1a: Kyogre|Water Spout|p2a: Blaziken\n|-supereffective|p2a: Blaziken\n|-damage|p2a: Blaziken|0 fnt\n|faint|p2a: Blaziken\n|\n|-weather|RainDance|[upkeep]\n|upkeep\n|\n|t:|1700830482\n|switch|p2a: Durant|Durant, F, shiny|100\/100\n|turn|14\n|\n|t:|1700830485\n|move|p2a: Durant|Entrainment|p1a: Kyogre\n|-endability|p1a: Kyogre|Drizzle|[from] move: Entrainment\n|-ability|p1a: Kyogre|Truant|[from] move: Entrainment\n|move|p1a: Kyogre|Water Spout|p2a: Durant\n|-damage|p2a: Durant|0 fnt\n|faint|p2a: Durant\n|\n|-weather|RainDance|[upkeep]\n|upkeep\n|\n|t:|1700830488\n|switch|p2a: Gothitelle|Gothitelle, F, shiny|100\/100\n|turn|15\n|\n|t:|1700830491\n|cant|p1a: Kyogre|ability: Truant\n|move|p2a: Gothitelle|Substitute|p2a: Gothitelle\n|-start|p2a: Gothitelle|Substitute\n|-damage|p2a: Gothitelle|75\/100\n|\n|-weather|RainDance|[upkeep]\n|upkeep\n|turn|16\n|\n|t:|1700830494\n|move|p1a: Kyogre|Water Spout|p2a: Gothitelle\n|-end|p2a: Gothitelle|Substitute\n|move|p2a: Gothitelle|Substitute|p2a: Gothitelle\n|-start|p2a: Gothitelle|Substitute\n|-damage|p2a: Gothitelle|50\/100\n|\n|-weather|none\n|upkeep\n|turn|17\n|\n|t:|1700830498\n|cant|p1a: Kyogre|ability: Truant\n|move|p2a: Gothitelle|Dark Pulse|p1a: Kyogre\n|-damage|p1a: Kyogre|84\/100\n|\n|upkeep\n|turn|18\n|\n|t:|1700830499\n|move|p1a: Kyogre|Water Spout|p2a: Gothitelle\n|-end|p2a: Gothitelle|Substitute\n|move|p2a: Gothitelle|Substitute|p2a: Gothitelle\n|-start|p2a: Gothitelle|Substitute\n|-damage|p2a: Gothitelle|25\/100\n|-enditem|p2a: Gothitelle|Starf Berry|[eat]\n|-boost|p2a: Gothitelle|spe|2|[from] item: Starf Berry\n|\n|upkeep\n|turn|19\n|\n|t:|1700830503\n|cant|p1a: Kyogre|ability: Truant\n|move|p2a: Gothitelle|Recycle|p2a: Gothitelle\n|-item|p2a: Gothitelle|Starf Berry|[from] move: Recycle\n|-enditem|p2a: Gothitelle|Starf Berry|[eat]\n|-boost|p2a: Gothitelle|def|2|[from] item: Starf Berry\n|\n|upkeep\n|turn|20\n|\n|t:|1700830506\n|move|p2a: Gothitelle|Protect|p2a: Gothitelle\n|-singleturn|p2a: Gothitelle|Protect\n|move|p1a: Kyogre|Water Spout|p2a: Gothitelle\n|-activate|p2a: Gothitelle|move: Protect\n|\n|upkeep\n|turn|21\n|\n|t:|1700830507\n|cant|p1a: Kyogre|ability: Truant\n|move|p2a: Gothitelle|Recycle|p2a: Gothitelle\n|-item|p2a: Gothitelle|Starf Berry|[from] move: Recycle\n|-enditem|p2a: Gothitelle|Starf Berry|[eat]\n|-boost|p2a: Gothitelle|spd|2|[from] item: Starf Berry\n|\n|upkeep\n|turn|22\n|\n|t:|1700830509\n|move|p2a: Gothitelle|Protect|p2a: Gothitelle\n|-singleturn|p2a: Gothitelle|Protect\n|move|p1a: Kyogre|Water Spout|p2a: Gothitelle\n|-activate|p2a: Gothitelle|move: Protect\n|\n|upkeep\n|turn|23\n|\n|t:|1700830510\n|cant|p1a: Kyogre|ability: Truant\n|move|p2a: Gothitelle|Recycle|p2a: Gothitelle\n|-item|p2a: Gothitelle|Starf Berry|[from] move: Recycle\n|-enditem|p2a: Gothitelle|Starf Berry|[eat]\n|-boost|p2a: Gothitelle|spd|2|[from] item: Starf Berry\n|\n|upkeep\n|turn|24\n|\n|t:|1700830511\n|move|p2a: Gothitelle|Protect|p2a: Gothitelle\n|-singleturn|p2a: Gothitelle|Protect\n|move|p1a: Kyogre|Water Spout|p2a: Gothitelle\n|-activate|p2a: Gothitelle|move: Protect\n|\n|upkeep\n|turn|25\n|\n|t:|1700830513\n|cant|p1a: Kyogre|ability: Truant\n|move|p2a: Gothitelle|Recycle|p2a: Gothitelle\n|-item|p2a: Gothitelle|Starf Berry|[from] move: Recycle\n|-enditem|p2a: Gothitelle|Starf Berry|[eat]\n|-boost|p2a: Gothitelle|spe|2|[from] item: Starf Berry\n|\n|upkeep\n|turn|26\n|\n|t:|1700830514\n|move|p2a: Gothitelle|Protect|p2a: Gothitelle\n|-singleturn|p2a: Gothitelle|Protect\n|-activate|p1a: Kyogre|move: Struggle\n|move|p1a: Kyogre|Struggle|p2a: Gothitelle\n|-activate|p2a: Gothitelle|move: Protect\n|\n|upkeep\n|turn|27\n|\n|t:|1700830516\n|move|p2a: Gothitelle|Recycle|p2a: Gothitelle\n|-item|p2a: Gothitelle|Starf Berry|[from] move: Recycle\n|-enditem|p2a: Gothitelle|Starf Berry|[eat]\n|-boost|p2a: Gothitelle|spa|2|[from] item: Starf Berry\n|cant|p1a: Kyogre|ability: Truant\n|\n|upkeep\n|turn|28\n|\n|t:|1700830518\n|move|p2a: Gothitelle|Protect|p2a: Gothitelle\n|-singleturn|p2a: Gothitelle|Protect\n|-activate|p1a: Kyogre|move: Struggle\n|move|p1a: Kyogre|Struggle|p2a: Gothitelle\n|-activate|p2a: Gothitelle|move: Protect\n|\n|upkeep\n|turn|29\n|\n|t:|1700830519\n|move|p2a: Gothitelle|Recycle|p2a: Gothitelle\n|-item|p2a: Gothitelle|Starf Berry|[from] move: Recycle\n|-enditem|p2a: Gothitelle|Starf Berry|[eat]\n|-boost|p2a: Gothitelle|def|2|[from] item: Starf Berry\n|cant|p1a: Kyogre|ability: Truant\n|\n|upkeep\n|turn|30\n|\n|t:|1700830521\n|move|p2a: Gothitelle|Protect|p2a: Gothitelle\n|-singleturn|p2a: Gothitelle|Protect\n|-activate|p1a: Kyogre|move: Struggle\n|move|p1a: Kyogre|Struggle|p2a: Gothitelle\n|-activate|p2a: Gothitelle|move: Protect\n|\n|upkeep\n|turn|31\n|\n|t:|1700830522\n|move|p2a: Gothitelle|Recycle|p2a: Gothitelle\n|-item|p2a: Gothitelle|Starf Berry|[from] move: Recycle\n|-enditem|p2a: Gothitelle|Starf Berry|[eat]\n|-boost|p2a: Gothitelle|spe|2|[from] item: Starf Berry\n|cant|p1a: Kyogre|ability: Truant\n|\n|upkeep\n|turn|32\n|\n|t:|1700830524\n|move|p2a: Gothitelle|Protect|p2a: Gothitelle\n|-singleturn|p2a: Gothitelle|Protect\n|-activate|p1a: Kyogre|move: Struggle\n|move|p1a: Kyogre|Struggle|p2a: Gothitelle\n|-activate|p2a: Gothitelle|move: Protect\n|\n|upkeep\n|turn|33\n|\n|t:|1700830525\n|move|p2a: Gothitelle|Recycle|p2a: Gothitelle\n|-item|p2a: Gothitelle|Starf Berry|[from] move: Recycle\n|-enditem|p2a: Gothitelle|Starf Berry|[eat]\n|-boost|p2a: Gothitelle|spa|2|[from] item: Starf Berry\n|cant|p1a: Kyogre|ability: Truant\n|\n|upkeep\n|turn|34\n|\n|t:|1700830526\n|move|p2a: Gothitelle|Protect|p2a: Gothitelle\n|-singleturn|p2a: Gothitelle|Protect\n|-activate|p1a: Kyogre|move: Struggle\n|move|p1a: Kyogre|Struggle|p2a: Gothitelle\n|-activate|p2a: Gothitelle|move: Protect\n|\n|upkeep\n|turn|35\n|\n|t:|1700830528\n|move|p2a: Gothitelle|Recycle|p2a: Gothitelle\n|-item|p2a: Gothitelle|Starf Berry|[from] move: Recycle\n|-enditem|p2a: Gothitelle|Starf Berry|[eat]\n|-boost|p2a: Gothitelle|atk|2|[from] item: Starf Berry\n|cant|p1a: Kyogre|ability: Truant\n|\n|upkeep\n|turn|36\n|\n|t:|1700830530\n|move|p2a: Gothitelle|Protect|p2a: Gothitelle\n|-singleturn|p2a: Gothitelle|Protect\n|-activate|p1a: Kyogre|move: Struggle\n|move|p1a: Kyogre|Struggle|p2a: Gothitelle\n|-activate|p2a: Gothitelle|move: Protect\n|\n|upkeep\n|turn|37\n|\n|t:|1700830532\n|move|p2a: Gothitelle|Recycle|p2a: Gothitelle\n|-item|p2a: Gothitelle|Starf Berry|[from] move: Recycle\n|-enditem|p2a: Gothitelle|Starf Berry|[eat]\n|-boost|p2a: Gothitelle|spa|2|[from] item: Starf Berry\n|cant|p1a: Kyogre|ability: Truant\n|\n|upkeep\n|turn|38\n|\n|t:|1700830533\n|move|p2a: Gothitelle|Protect|p2a: Gothitelle\n|-singleturn|p2a: Gothitelle|Protect\n|-activate|p1a: Kyogre|move: Struggle\n|move|p1a: Kyogre|Struggle|p2a: Gothitelle\n|-activate|p2a: Gothitelle|move: Protect\n|\n|upkeep\n|turn|39\n|\n|t:|1700830535\n|move|p2a: Gothitelle|Recycle|p2a: Gothitelle\n|-item|p2a: Gothitelle|Starf Berry|[from] move: Recycle\n|-enditem|p2a: Gothitelle|Starf Berry|[eat]\n|-boost|p2a: Gothitelle|spd|2|[from] item: Starf Berry\n|cant|p1a: Kyogre|ability: Truant\n|\n|upkeep\n|turn|40\n|\n|t:|1700830537\n|move|p2a: Gothitelle|Protect|p2a: Gothitelle\n|-singleturn|p2a: Gothitelle|Protect\n|-activate|p1a: Kyogre|move: Struggle\n|move|p1a: Kyogre|Struggle|p2a: Gothitelle\n|-activate|p2a: Gothitelle|move: Protect\n|\n|upkeep\n|turn|41\n|\n|t:|1700830538\n|move|p2a: Gothitelle|Recycle|p2a: Gothitelle\n|-item|p2a: Gothitelle|Starf Berry|[from] move: Recycle\n|-enditem|p2a: Gothitelle|Starf Berry|[eat]\n|-boost|p2a: Gothitelle|atk|2|[from] item: Starf Berry\n|cant|p1a: Kyogre|ability: Truant\n|\n|upkeep\n|turn|42\n|\n|t:|1700830541\n|move|p2a: Gothitelle|Protect|p2a: Gothitelle\n|-singleturn|p2a: Gothitelle|Protect\n|-activate|p1a: Kyogre|move: Struggle\n|move|p1a: Kyogre|Struggle|p2a: Gothitelle\n|-activate|p2a: Gothitelle|move: Protect\n|\n|upkeep\n|turn|43\n|inactive|Battle timer is ON: inactive players will automatically lose when time's up. (requested by JustMonika_CARR)\n|inactive|sdfafdsafds has 120 seconds left.\n|inactive|sdfafdsafds has 90 seconds left.\n|c|\u2606JustMonika_CARR|?\n|c|\u2606JustMonika_CARR|Why skip everything just to stop all of a sudden?\n|inactive|sdfafdsafds has 60 seconds left.\n|inactive|sdfafdsafds has 30 seconds left.\n|inactive|sdfafdsafds has 20 seconds left.\n|inactive|sdfafdsafds has 15 seconds left.\n|inactive|sdfafdsafds has 10 seconds left.\n|inactive|sdfafdsafds has 5 seconds left.\n|-message|sdfafdsafds lost due to inactivity.\n|\n|win|JustMonika_CARR\n|raw|sdfafdsafds's rating: 1096 &rarr; <strong>1088<\/strong><br \/>(-8 for losing)\n|raw|JustMonika_CARR's rating: 1385 &rarr; <strong>1391<\/strong><br \/>(+6 for winning)\n","uploadtime":1700830721,"views":7,"p1id":"sdfafdsafds","p2id":"justmonikacarr","formatid":"gen9nationaldexubers","rating":1088,"private":0,"password":""}