{"id":"gen9nationaldexubers-1993693018","p1":"TTeTyLLloK","p2":"PKMN Trainer Acorn","format":"[Gen 9] National Dex Ubers","log":"|j|\u2606TTeTyLLloK\n|j|\u2606PKMN Trainer Acorn\n|t:|1700346236\n|gametype|singles\n|player|p1|TTeTyLLloK|bruno|1415\n|player|p2|PKMN Trainer Acorn|hilbert|1418\n|teamsize|p1|6\n|teamsize|p2|6\n|gen|9\n|tier|[Gen 9] National Dex Ubers\n|rated|\n|rule|HP Percentage Mod: HP is shown in percentages\n|rule|Endless Battle Clause: Forcing endless battles is banned\n|rule|OHKO Clause: OHKO moves are banned\n|rule|Evasion Moves Clause: Evasion moves are banned\n|rule|Evasion Items Clause: Evasion items are banned\n|rule|Species Clause: Limit one of each Pok\u00e9mon\n|rule|Sleep Clause Mod: Limit one foe put to sleep\n|rule|Mega Rayquaza Clause: You cannot mega evolve Rayquaza\n|clearpoke\n|poke|p1|Chesnaught, F|\n|poke|p1|Dugtrio, F|\n|poke|p1|Deoxys-Speed|\n|poke|p1|Slaking, M|\n|poke|p1|Mewtwo|\n|poke|p1|Ribombee, F|\n|poke|p2|Necrozma-Dusk-Mane|\n|poke|p2|Groudon|\n|poke|p2|Marshadow|\n|poke|p2|Kyogre|\n|poke|p2|Zacian-*|\n|poke|p2|Mewtwo|\n|teampreview\n|inactive|Battle timer is ON: inactive players will automatically lose when time's up. (requested by PKMN Trainer Acorn)\n|inactive|TTeTyLLloK also wants the timer to be on.\n|\n|t:|1700346241\n|start\n|switch|p1a: Deoxys|Deoxys-Speed|100\/100\n|switch|p2a: Necrozma|Necrozma-Dusk-Mane|100\/100\n|-ability|p1a: Deoxys|Pressure\n|turn|1\n|\n|t:|1700346259\n|detailschange|p2a: Necrozma|Necrozma-Ultra\n|-burst|p2a: Necrozma|Necrozma|Ultranecrozium Z\n|move|p1a: Deoxys|Taunt|p2a: Necrozma\n|-start|p2a: Necrozma|move: Taunt\n|move|p2a: Necrozma|Earthquake|p1a: Deoxys\n|-damage|p1a: Deoxys|47\/100\n|\n|upkeep\n|turn|2\n|\n|t:|1700346271\n|move|p1a: Deoxys|Stealth Rock|p2a: Necrozma\n|-sidestart|p2: PKMN Trainer Acorn|move: Stealth Rock\n|move|p2a: Necrozma|Earthquake|p1a: Deoxys\n|-damage|p1a: Deoxys|0 fnt\n|faint|p1a: Deoxys\n|\n|upkeep\n|\n|t:|1700346276\n|switch|p1a: Ribombee|Ribombee, F|100\/100\n|turn|3\n|\n|t:|1700346283\n|move|p1a: Ribombee|Stun Spore|p2a: Necrozma\n|-status|p2a: Necrozma|par\n|move|p2a: Necrozma|Sunsteel Strike|p1a: Ribombee\n|-supereffective|p1a: Ribombee\n|-enditem|p1a: Ribombee|Focus Sash\n|-damage|p1a: Ribombee|1\/100\n|\n|-end|p2a: Necrozma|move: Taunt\n|upkeep\n|turn|4\n|\n|t:|1700346287\n|move|p1a: Ribombee|Sticky Web|p2a: Necrozma\n|-sidestart|p2: PKMN Trainer Acorn|move: Sticky Web\n|cant|p2a: Necrozma|par\n|\n|upkeep\n|turn|5\n|\n|t:|1700346290\n|move|p1a: Ribombee|Moonblast|p2a: Necrozma\n|-supereffective|p2a: Necrozma\n|-damage|p2a: Necrozma|25\/100 par\n|move|p2a: Necrozma|Sunsteel Strike|p1a: Ribombee\n|-supereffective|p1a: Ribombee\n|-damage|p1a: Ribombee|0 fnt\n|faint|p1a: Ribombee\n|\n|upkeep\n|\n|t:|1700346304\n|switch|p1a: Dugtrio|Dugtrio, F|100\/100\n|turn|6\n|\n|t:|1700346308\n|move|p1a: Dugtrio|Earthquake|p2a: Necrozma\n|-damage|p2a: Necrozma|0 fnt\n|faint|p2a: Necrozma\n|\n|upkeep\n|\n|t:|1700346322\n|switch|p2a: Kyogre|Kyogre|100\/100\n|-damage|p2a: Kyogre|88\/100|[from] Stealth Rock\n|-activate|p2a: Kyogre|move: Sticky Web\n|-unboost|p2a: Kyogre|spe|1\n|detailschange|p2a: Kyogre|Kyogre-Primal\n|-primal|p2a: Kyogre|Blue Orb\n|-weather|PrimordialSea|[from] ability: Primordial Sea|[of] p2a: Kyogre\n|turn|7\n|\n|t:|1700346337\n|move|p1a: Dugtrio|Earthquake|p2a: Kyogre\n|-damage|p2a: Kyogre|32\/100\n|move|p2a: Kyogre|Water Spout|p1a: Dugtrio\n|-supereffective|p1a: Dugtrio\n|-enditem|p1a: Dugtrio|Focus Sash\n|-damage|p1a: Dugtrio|1\/100\n|\n|-weather|PrimordialSea|[upkeep]\n|upkeep\n|turn|8\n|\n|t:|1700346342\n|move|p1a: Dugtrio|Earthquake|p2a: Kyogre\n|-damage|p2a: Kyogre|0 fnt\n|faint|p2a: Kyogre\n|-weather|none\n|\n|upkeep\n|\n|t:|1700346346\n|switch|p2a: Marshadow|Marshadow|100\/100\n|-damage|p2a: Marshadow|94\/100|[from] Stealth Rock\n|-activate|p2a: Marshadow|move: Sticky Web\n|-unboost|p2a: Marshadow|spe|1\n|turn|9\n|\n|t:|1700346357\n|move|p1a: Dugtrio|Sucker Punch|p2a: Marshadow\n|-damage|p2a: Marshadow|63\/100\n|move|p2a: Marshadow|Shadow Sneak|p1a: Dugtrio\n|-damage|p1a: Dugtrio|0 fnt\n|faint|p1a: Dugtrio\n|\n|upkeep\n|\n|t:|1700346369\n|switch|p1a: Slaking|Slaking, M|100\/100\n|turn|10\n|\n|t:|1700346377\n|move|p1a: Slaking|Earthquake|p2a: Marshadow\n|-damage|p2a: Marshadow|0 fnt\n|faint|p2a: Marshadow\n|\n|upkeep\n|\n|t:|1700346382\n|switch|p2a: Zacian|Zacian-Crowned|100\/100\n|-damage|p2a: Zacian|94\/100|[from] Stealth Rock\n|-activate|p2a: Zacian|move: Sticky Web\n|-unboost|p2a: Zacian|spe|1\n|-ability|p2a: Zacian|Intrepid Sword|boost\n|-boost|p2a: Zacian|atk|1\n|turn|11\n|\n|t:|1700346384\n|cant|p1a: Slaking|ability: Truant\n|move|p2a: Zacian|Sacred Sword|p1a: Slaking\n|-supereffective|p1a: Slaking\n|-damage|p1a: Slaking|25\/100\n|\n|upkeep\n|turn|12\n|\n|t:|1700346393\n|move|p1a: Slaking|Earthquake|p2a: Zacian\n|-supereffective|p2a: Zacian\n|-damage|p2a: Zacian|0 fnt\n|faint|p2a: Zacian\n|\n|upkeep\n|\n|t:|1700346396\n|switch|p2a: Mewtwo|Mewtwo|100\/100\n|-damage|p2a: Mewtwo|88\/100|[from] Stealth Rock\n|-activate|p2a: Mewtwo|move: Sticky Web\n|-unboost|p2a: Mewtwo|spe|1\n|-ability|p2a: Mewtwo|Pressure\n|turn|13\n|\n|t:|1700346405\n|switch|p1a: Chesnaught|Chesnaught, F|100\/100\n|detailschange|p2a: Mewtwo|Mewtwo-Mega-Y\n|-mega|p2a: Mewtwo|Mewtwo|Mewtwonite Y\n|move|p2a: Mewtwo|Psystrike|p1a: Chesnaught\n|-supereffective|p1a: Chesnaught\n|-damage|p1a: Chesnaught|0 fnt\n|faint|p1a: Chesnaught\n|\n|upkeep\n|\n|t:|1700346408\n|switch|p1a: Slaking|Slaking, M|25\/100\n|turn|14\n|\n|t:|1700346420\n|move|p1a: Slaking|Giga Impact|p2a: Mewtwo\n|-crit|p2a: Mewtwo\n|-damage|p2a: Mewtwo|0 fnt\n|-mustrecharge|p1a: Slaking\n|faint|p2a: Mewtwo\n|\n|upkeep\n|\n|t:|1700346423\n|switch|p2a: Groudon|Groudon|100\/100\n|-damage|p2a: Groudon|94\/100|[from] Stealth Rock\n|-activate|p2a: Groudon|move: Sticky Web\n|-unboost|p2a: Groudon|spe|1\n|detailschange|p2a: Groudon|Groudon-Primal\n|-primal|p2a: Groudon|Red Orb\n|-weather|DesolateLand|[from] ability: Desolate Land|[of] p2a: Groudon\n|turn|15\n|\n|t:|1700346430\n|cant|p1a: Slaking|recharge\n|move|p2a: Groudon|Heat Crash|p1a: Slaking\n|-damage|p1a: Slaking|0 fnt\n|faint|p1a: Slaking\n|\n|-weather|DesolateLand|[upkeep]\n|upkeep\n|\n|t:|1700346432\n|switch|p1a: Mewtwo|Mewtwo|100\/100\n|-ability|p1a: Mewtwo|Unnerve\n|turn|16\n|\n|t:|1700346436\n|detailschange|p1a: Mewtwo|Mewtwo-Mega-Y\n|-mega|p1a: Mewtwo|Mewtwo|Mewtwonite Y\n|move|p1a: Mewtwo|Psystrike|p2a: Groudon\n|-damage|p2a: Groudon|44\/100\n|move|p2a: Groudon|Heat Crash|p1a: Mewtwo\n|-damage|p1a: Mewtwo|0 fnt\n|faint|p1a: Mewtwo\n|\n|win|PKMN Trainer Acorn\n|raw|TTeTyLLloK's rating: 1415 &rarr; <strong>1395<\/strong><br \/>(-20 for losing)\n|raw|PKMN Trainer Acorn's rating: 1418 &rarr; <strong>1438<\/strong><br \/>(+20 for winning)\n","uploadtime":1700346440,"views":7,"p1id":"ttetylllok","p2id":"pkmntraineracorn","formatid":"gen9nationaldexubers","rating":1395,"private":0,"password":""}