{"id":"gen9nationaldexubers-1990746721","p1":"whaah","p2":"jgoudyfvcc.edu","format":"[Gen 9] National Dex Ubers","log":"|j|\u2606whaah\n|j|\u2606jgoudyfvcc.edu\n|t:|1699996996\n|gametype|singles\n|player|p1|whaah|plasmagrunt-gen5bw|1473\n|player|p2|jgoudyfvcc.edu|2|1419\n|teamsize|p1|6\n|teamsize|p2|6\n|gen|9\n|tier|[Gen 9] National Dex Ubers\n|rated|\n|rule|HP Percentage Mod: HP is shown in percentages\n|rule|Endless Battle Clause: Forcing endless battles is banned\n|rule|OHKO Clause: OHKO moves are banned\n|rule|Evasion Moves Clause: Evasion moves are banned\n|rule|Evasion Items Clause: Evasion items are banned\n|rule|Species Clause: Limit one of each Pok\u00e9mon\n|rule|Sleep Clause Mod: Limit one foe put to sleep\n|rule|Mega Rayquaza Clause: You cannot mega evolve Rayquaza\n|clearpoke\n|poke|p1|Arceus-Dark|\n|poke|p1|Xerneas-*|\n|poke|p1|Zygarde|\n|poke|p1|Ho-Oh|\n|poke|p1|Eternatus|\n|poke|p1|Groudon|\n|poke|p2|Ditto|\n|poke|p2|Aerodactyl, F|\n|poke|p2|Sableye, F|\n|poke|p2|Porygon2|\n|poke|p2|Dialga|\n|poke|p2|Venusaur, F|\n|teampreview\n|inactive|Battle timer is ON: inactive players will automatically lose when time's up. (requested by whaah)\n|\n|t:|1699997012\n|start\n|switch|p1a: Groudon|Groudon|100\/100\n|switch|p2a: Ditto|Ditto, shiny|100\/100\n|-transform|p2a: Ditto|p1a: Groudon|[from] ability: Imposter\n|-weather|SunnyDay|[from] ability: Drought|[of] p2a: Ditto\n|detailschange|p1a: Groudon|Groudon-Primal\n|-primal|p1a: Groudon|Red Orb\n|-weather|DesolateLand|[from] ability: Desolate Land|[of] p1a: Groudon\n|turn|1\n|\n|t:|1699997025\n|-weather|none\n|switch|p1a: Ho-Oh|Ho-Oh|100\/100\n|move|p2a: Ditto|Earthquake|p1a: Ho-Oh\n|-immune|p1a: Ho-Oh\n|\n|upkeep\n|turn|2\n|-activate|p2a: Ditto|item: Quick Claw\n|\n|t:|1699997038\n|switch|p1a: Arceus|Arceus-Dark|100\/100\n|move|p2a: Ditto|Thunder Punch|p1a: Arceus\n|-damage|p1a: Arceus|85\/100\n|\n|upkeep\n|turn|3\n|\n|t:|1699997055\n|switch|p2a: Dialga|Dialga|100\/100\n|-ability|p2a: Dialga|Pressure\n|move|p1a: Arceus|Foul Play|p2a: Dialga\n|-crit|p2a: Dialga\n|-damage|p2a: Dialga|59\/100\n|\n|upkeep\n|turn|4\n|\n|t:|1699997064\n|move|p1a: Arceus|Will-O-Wisp|p2a: Dialga\n|-status|p2a: Dialga|brn\n|-zpower|p2a: Dialga\n|move|p2a: Dialga|Devastating Drake|p1a: Arceus|[zeffect]\n|-damage|p1a: Arceus|0 fnt\n|faint|p1a: Arceus\n|\n|-damage|p2a: Dialga|53\/100 brn|[from] brn\n|upkeep\n|\n|t:|1699997074\n|switch|p1a: Groudon|Groudon-Primal|100\/100\n|-weather|DesolateLand|[from] ability: Desolate Land|[of] p1a: Groudon\n|turn|5\n|\n|t:|1699997082\n|move|p1a: Groudon|Earthquake|p2a: Dialga\n|-supereffective|p2a: Dialga\n|-damage|p2a: Dialga|0 fnt\n|faint|p2a: Dialga\n|\n|-weather|DesolateLand|[upkeep]\n|upkeep\n|\n|t:|1699997088\n|switch|p2a: Venusaur|Venusaur, F|100\/100\n|turn|6\n|\n|t:|1699997093\n|-terastallize|p2a: Venusaur|Ground\n|move|p2a: Venusaur|Sleep Powder|p1a: Groudon|[miss]\n|-miss|p2a: Venusaur|p1a: Groudon\n|move|p1a: Groudon|Heat Crash|p2a: Venusaur\n|-enditem|p2a: Venusaur|Focus Sash\n|-damage|p2a: Venusaur|1\/100\n|\n|-weather|DesolateLand|[upkeep]\n|upkeep\n|turn|7\n|\n|t:|1699997103\n|move|p2a: Venusaur|Earth Power|p1a: Groudon\n|-supereffective|p1a: Groudon\n|-damage|p1a: Groudon|14\/100\n|move|p1a: Groudon|Heat Crash|p2a: Venusaur\n|-damage|p2a: Venusaur|0 fnt\n|faint|p2a: Venusaur\n|\n|-weather|DesolateLand|[upkeep]\n|upkeep\n|\n|t:|1699997112\n|switch|p2a: Aerodactyl|Aerodactyl, F|100\/100\n|turn|8\n|\n|t:|1699997120\n|detailschange|p2a: Aerodactyl|Aerodactyl-Mega, F\n|-mega|p2a: Aerodactyl|Aerodactyl|Aerodactylite\n|move|p2a: Aerodactyl|Earthquake|p1a: Groudon\n|-supereffective|p1a: Groudon\n|-damage|p1a: Groudon|0 fnt\n|faint|p1a: Groudon\n|-weather|none\n|\n|upkeep\n|\n|t:|1699997131\n|switch|p1a: Zygarde|Zygarde|100\/100\n|turn|9\n|\n|t:|1699997134\n|switch|p2a: Sableye|Sableye, F|100\/100\n|move|p1a: Zygarde|Coil|p1a: Zygarde\n|-boost|p1a: Zygarde|atk|1\n|-boost|p1a: Zygarde|def|1\n|-boost|p1a: Zygarde|accuracy|1\n|\n|upkeep\n|turn|10\n|\n|t:|1699997142\n|move|p2a: Sableye|Encore|p1a: Zygarde\n|-start|p1a: Zygarde|Encore\n|move|p1a: Zygarde|Coil|p1a: Zygarde\n|-boost|p1a: Zygarde|atk|1\n|-boost|p1a: Zygarde|def|1\n|-boost|p1a: Zygarde|accuracy|1\n|\n|upkeep\n|turn|11\n|\n|t:|1699997149\n|move|p1a: Zygarde|Coil|p1a: Zygarde\n|-boost|p1a: Zygarde|atk|1\n|-boost|p1a: Zygarde|def|1\n|-boost|p1a: Zygarde|accuracy|1\n|move|p2a: Sableye|Foul Play|p1a: Zygarde\n|-damage|p1a: Zygarde|85\/100\n|\n|-heal|p1a: Zygarde|91\/100|[from] item: Leftovers\n|upkeep\n|turn|12\n|\n|t:|1699997158\n|move|p2a: Sableye|Will-O-Wisp|p1a: Zygarde|[miss]\n|-miss|p2a: Sableye|p1a: Zygarde\n|move|p1a: Zygarde|Coil|p1a: Zygarde\n|-boost|p1a: Zygarde|atk|1\n|-boost|p1a: Zygarde|def|1\n|-boost|p1a: Zygarde|accuracy|1\n|\n|-heal|p1a: Zygarde|97\/100|[from] item: Leftovers\n|-end|p1a: Zygarde|Encore\n|upkeep\n|turn|13\n|\n|t:|1699997168\n|move|p2a: Sableye|Encore|p1a: Zygarde\n|-start|p1a: Zygarde|Encore\n|move|p1a: Zygarde|Coil|p1a: Zygarde\n|-boost|p1a: Zygarde|atk|1\n|-boost|p1a: Zygarde|def|1\n|-boost|p1a: Zygarde|accuracy|1\n|\n|-heal|p1a: Zygarde|100\/100|[from] item: Leftovers\n|upkeep\n|turn|14\n|\n|t:|1699997176\n|switch|p1a: Xerneas|Xerneas|100\/100\n|-ability|p1a: Xerneas|Fairy Aura\n|move|p2a: Sableye|Will-O-Wisp|p1a: Xerneas\n|-status|p1a: Xerneas|brn\n|\n|-damage|p1a: Xerneas|94\/100 brn|[from] brn\n|upkeep\n|turn|15\n|\n|t:|1699997189\n|switch|p2a: Porygon2|Porygon2|100\/100\n|-ability|p2a: Porygon2|Fairy Aura\n|-ability|p2a: Porygon2|Fairy Aura|[from] ability: Trace|[of] p1a: Xerneas\n|move|p1a: Xerneas|Moonblast|p2a: Porygon2\n|-damage|p2a: Porygon2|59\/100\n|-unboost|p2a: Porygon2|spa|1\n|\n|-damage|p1a: Xerneas|88\/100 brn|[from] brn\n|upkeep\n|turn|16\n|\n|t:|1699997203\n|move|p1a: Xerneas|Moonblast|p2a: Porygon2\n|-damage|p2a: Porygon2|18\/100\n|-unboost|p2a: Porygon2|spa|1\n|move|p2a: Porygon2|Recover|p2a: Porygon2\n|-heal|p2a: Porygon2|68\/100\n|\n|-damage|p1a: Xerneas|82\/100 brn|[from] brn\n|upkeep\n|turn|17\n|\n|t:|1699997212\n|switch|p1a: Eternatus|Eternatus|100\/100\n|-ability|p1a: Eternatus|Pressure\n|move|p2a: Porygon2|Recover|p2a: Porygon2\n|-heal|p2a: Porygon2|100\/100\n|\n|upkeep\n|turn|18\n|\n|t:|1699997220\n|move|p1a: Eternatus|Toxic Spikes|p2a: Porygon2\n|-sidestart|p2: jgoudyfvcc.edu|move: Toxic Spikes\n|move|p2a: Porygon2|Ice Beam|p1a: Eternatus\n|-supereffective|p1a: Eternatus\n|-damage|p1a: Eternatus|87\/100\n|\n|-heal|p1a: Eternatus|93\/100|[from] item: Leftovers\n|upkeep\n|turn|19\n|\n|t:|1699997228\n|switch|p2a: Aerodactyl|Aerodactyl-Mega, F|100\/100\n|move|p1a: Eternatus|Toxic Spikes|p2a: Aerodactyl\n|-sidestart|p2: jgoudyfvcc.edu|move: Toxic Spikes\n|\n|-heal|p1a: Eternatus|99\/100|[from] item: Leftovers\n|upkeep\n|turn|20\n|\n|t:|1699997238\n|switch|p1a: Ho-Oh|Ho-Oh|100\/100\n|move|p2a: Aerodactyl|Earthquake|p1a: Ho-Oh\n|-immune|p1a: Ho-Oh\n|\n|upkeep\n|turn|21\n|\n|t:|1699997244\n|move|p2a: Aerodactyl|Stone Edge|p1a: Ho-Oh\n|-supereffective|p1a: Ho-Oh\n|-damage|p1a: Ho-Oh|0 fnt\n|faint|p1a: Ho-Oh\n|\n|upkeep\n|\n|t:|1699997249\n|switch|p1a: Xerneas|Xerneas|82\/100 brn\n|-ability|p1a: Xerneas|Fairy Aura\n|turn|22\n|\n|t:|1699997254\n|move|p2a: Aerodactyl|Defog|p1a: Xerneas\n|-unboost|p1a: Xerneas|evasion|1\n|-sideend|p2: jgoudyfvcc.edu|Toxic Spikes|[from] move: Defog|[of] p2a: Aerodactyl\n|move|p1a: Xerneas|Geomancy||[still]\n|-prepare|p1a: Xerneas|Geomancy\n|-enditem|p1a: Xerneas|Power Herb\n|-anim|p1a: Xerneas|Geomancy|p1a: Xerneas\n|-boost|p1a: Xerneas|spa|2\n|-boost|p1a: Xerneas|spd|2\n|-boost|p1a: Xerneas|spe|2\n|\n|-damage|p1a: Xerneas|76\/100 brn|[from] brn\n|upkeep\n|turn|23\n|\n|t:|1699997264\n|move|p1a: Xerneas|Hidden Power|p2a: Aerodactyl\n|-supereffective|p2a: Aerodactyl\n|-damage|p2a: Aerodactyl|0 fnt\n|faint|p2a: Aerodactyl\n|\n|-damage|p1a: Xerneas|70\/100 brn|[from] brn\n|upkeep\n|\n|t:|1699997272\n|switch|p2a: Ditto|Ditto, shiny|100\/100\n|-transform|p2a: Ditto|p1a: Xerneas|[from] ability: Imposter\n|-ability|p2a: Ditto|Fairy Aura\n|turn|24\n|\n|t:|1699997291\n|move|p2a: Ditto|Moonblast|p1a: Xerneas\n|-damage|p1a: Xerneas|0 fnt\n|faint|p1a: Xerneas\n|\n|upkeep\n|\n|t:|1699997294\n|switch|p1a: Eternatus|Eternatus|99\/100\n|-ability|p1a: Eternatus|Pressure\n|turn|25\n|\n|t:|1699997307\n|switch|p2a: Porygon2|Porygon2|100\/100\n|-ability|p2a: Porygon2|Pressure\n|-ability|p2a: Porygon2|Pressure|[from] ability: Trace|[of] p1a: Eternatus\n|move|p1a: Eternatus|Sludge Bomb|p2a: Porygon2\n|-damage|p2a: Porygon2|78\/100\n|\n|-heal|p1a: Eternatus|100\/100|[from] item: Leftovers\n|upkeep\n|turn|26\n|\n|t:|1699997319\n|move|p1a: Eternatus|Toxic Spikes|p2a: Porygon2\n|-sidestart|p2: jgoudyfvcc.edu|move: Toxic Spikes\n|move|p2a: Porygon2|Conversion 2|p1a: Eternatus\n|-start|p2a: Porygon2|typechange|Poison\n|\n|upkeep\n|turn|27\n|\n|t:|1699997325\n|move|p1a: Eternatus|Toxic Spikes|p2a: Porygon2\n|-sidestart|p2: jgoudyfvcc.edu|move: Toxic Spikes\n|move|p2a: Porygon2|Ice Beam|p1a: Eternatus\n|-supereffective|p1a: Eternatus\n|-damage|p1a: Eternatus|73\/100\n|-status|p1a: Eternatus|frz\n|\n|-heal|p1a: Eternatus|79\/100 frz|[from] item: Leftovers\n|upkeep\n|turn|28\n|\n|t:|1699997335\n|cant|p1a: Eternatus|frz\n|move|p2a: Porygon2|Ice Beam|p1a: Eternatus\n|-supereffective|p1a: Eternatus\n|-damage|p1a: Eternatus|52\/100 frz\n|\n|-heal|p1a: Eternatus|58\/100 frz|[from] item: Leftovers\n|upkeep\n|turn|29\n|\n|t:|1699997342\n|cant|p1a: Eternatus|frz\n|move|p2a: Porygon2|Ice Beam|p1a: Eternatus\n|-supereffective|p1a: Eternatus\n|-damage|p1a: Eternatus|33\/100 frz\n|\n|-heal|p1a: Eternatus|39\/100 frz|[from] item: Leftovers\n|upkeep\n|turn|30\n|\n|t:|1699997350\n|cant|p1a: Eternatus|frz\n|move|p2a: Porygon2|Ice Beam|p1a: Eternatus\n|-supereffective|p1a: Eternatus\n|-damage|p1a: Eternatus|12\/100 frz\n|\n|-heal|p1a: Eternatus|19\/100 frz|[from] item: Leftovers\n|upkeep\n|turn|31\n|\n|t:|1699997358\n|cant|p1a: Eternatus|frz\n|move|p2a: Porygon2|Recover|p2a: Porygon2\n|-heal|p2a: Porygon2|100\/100\n|\n|-heal|p1a: Eternatus|25\/100 frz|[from] item: Leftovers\n|upkeep\n|turn|32\n|\n|t:|1699997366\n|cant|p1a: Eternatus|frz\n|move|p2a: Porygon2|Ice Beam|p1a: Eternatus\n|-supereffective|p1a: Eternatus\n|-damage|p1a: Eternatus|0 fnt\n|faint|p1a: Eternatus\n|\n|upkeep\n|\n|t:|1699997369\n|switch|p1a: Zygarde|Zygarde|100\/100\n|turn|33\n|\n|t:|1699997376\n|switch|p2a: Ditto|Ditto, shiny|100\/100\n|-status|p2a: Ditto|tox\n|-transform|p2a: Ditto|p1a: Zygarde|[from] ability: Imposter\n|move|p1a: Zygarde|Glare||[still]\n|-fail|p1a: Zygarde\n|\n|-damage|p2a: Ditto|94\/100 tox|[from] psn\n|upkeep\n|turn|34\n|\n|t:|1699997394\n|move|p1a: Zygarde|Coil|p1a: Zygarde\n|-boost|p1a: Zygarde|atk|1\n|-boost|p1a: Zygarde|def|1\n|-boost|p1a: Zygarde|accuracy|1\n|move|p2a: Ditto|Glare|p1a: Zygarde\n|-status|p1a: Zygarde|par\n|\n|-damage|p2a: Ditto|82\/100 tox|[from] psn\n|upkeep\n|turn|35\n|inactive|jgoudyfvcc.edu has 120 seconds left.\n|\n|t:|1699997435\n|move|p2a: Ditto|Coil|p2a: Ditto\n|-boost|p2a: Ditto|atk|1\n|-boost|p2a: Ditto|def|1\n|-boost|p2a: Ditto|accuracy|1\n|move|p1a: Zygarde|Thousand Arrows|p2a: Ditto\n|-damage|p2a: Ditto|61\/100 tox\n|\n|-damage|p2a: Ditto|43\/100 tox|[from] psn\n|upkeep\n|turn|36\n|\n|t:|1699997445\n|move|p2a: Ditto|Rest|p2a: Ditto\n|-status|p2a: Ditto|slp|[from] move: Rest\n|-heal|p2a: Ditto|100\/100 slp|[silent]\n|move|p1a: Zygarde|Coil|p1a: Zygarde\n|-boost|p1a: Zygarde|atk|1\n|-boost|p1a: Zygarde|def|1\n|-boost|p1a: Zygarde|accuracy|1\n|\n|upkeep\n|turn|37\n|\n|t:|1699997453\n|cant|p2a: Ditto|slp\n|cant|p1a: Zygarde|par\n|\n|upkeep\n|turn|38\n|-activate|p2a: Ditto|item: Quick Claw\n|\n|t:|1699997457\n|cant|p2a: Ditto|slp\n|move|p1a: Zygarde|Coil|p1a: Zygarde\n|-boost|p1a: Zygarde|atk|1\n|-boost|p1a: Zygarde|def|1\n|-boost|p1a: Zygarde|accuracy|1\n|\n|upkeep\n|turn|39\n|\n|t:|1699997465\n|-curestatus|p2a: Ditto|slp|[msg]\n|move|p2a: Ditto|Coil|p2a: Ditto\n|-boost|p2a: Ditto|atk|1\n|-boost|p2a: Ditto|def|1\n|-boost|p2a: Ditto|accuracy|1\n|move|p1a: Zygarde|Glare|p2a: Ditto\n|-status|p2a: Ditto|par\n|\n|upkeep\n|turn|40\n|\n|t:|1699997474\n|move|p2a: Ditto|Coil|p2a: Ditto\n|-boost|p2a: Ditto|atk|1\n|-boost|p2a: Ditto|def|1\n|-boost|p2a: Ditto|accuracy|1\n|cant|p1a: Zygarde|par\n|\n|upkeep\n|turn|41\n|-activate|p2a: Ditto|item: Quick Claw\n|\n|t:|1699997481\n|move|p2a: Ditto|Coil|p2a: Ditto\n|-boost|p2a: Ditto|atk|1\n|-boost|p2a: Ditto|def|1\n|-boost|p2a: Ditto|accuracy|1\n|move|p1a: Zygarde|Coil|p1a: Zygarde\n|-boost|p1a: Zygarde|atk|1\n|-boost|p1a: Zygarde|def|1\n|-boost|p1a: Zygarde|accuracy|1\n|\n|upkeep\n|turn|42\n|\n|t:|1699997494\n|move|p2a: Ditto|Coil|p2a: Ditto\n|-boost|p2a: Ditto|atk|1\n|-boost|p2a: Ditto|def|1\n|-boost|p2a: Ditto|accuracy|1\n|cant|p1a: Zygarde|par\n|\n|upkeep\n|turn|43\n|\n|t:|1699997504\n|move|p1a: Zygarde|Coil|p1a: Zygarde\n|-boost|p1a: Zygarde|atk|1\n|-boost|p1a: Zygarde|def|1\n|-boost|p1a: Zygarde|accuracy|1\n|move|p2a: Ditto|Glare|p1a: Zygarde\n|-fail|p1a: Zygarde|par\n|\n|upkeep\n|turn|44\n|\n|t:|1699997528\n|move|p2a: Ditto|Thousand Arrows|p1a: Zygarde\n|-damage|p1a: Zygarde|84\/100 par\n|move|p1a: Zygarde|Coil|p1a: Zygarde\n|-boost|p1a: Zygarde|atk|1\n|-boost|p1a: Zygarde|def|1\n|-boost|p1a: Zygarde|accuracy|1\n|\n|-heal|p1a: Zygarde|90\/100 par|[from] item: Leftovers\n|upkeep\n|turn|45\n|\n|t:|1699997552\n|move|p2a: Ditto|Thousand Arrows|p1a: Zygarde\n|-damage|p1a: Zygarde|75\/100 par\n|move|p1a: Zygarde|Glare|p2a: Ditto\n|-fail|p2a: Ditto|par\n|\n|-heal|p1a: Zygarde|81\/100 par|[from] item: Leftovers\n|upkeep\n|turn|46\n|\n|t:|1699997561\n|cant|p2a: Ditto|par\n|move|p1a: Zygarde|Thousand Arrows|p2a: Ditto\n|-damage|p2a: Ditto|74\/100 par\n|\n|-heal|p1a: Zygarde|87\/100 par|[from] item: Leftovers\n|upkeep\n|turn|47\n|\n|t:|1699997568\n|move|p1a: Zygarde|Glare|p2a: Ditto\n|-fail|p2a: Ditto|par\n|cant|p2a: Ditto|par\n|\n|-heal|p1a: Zygarde|94\/100 par|[from] item: Leftovers\n|upkeep\n|turn|48\n|\n|t:|1699997576\n|move|p1a: Zygarde|Glare|p2a: Ditto\n|-fail|p2a: Ditto|par\n|move|p2a: Ditto|Thousand Arrows|p1a: Zygarde\n|-damage|p1a: Zygarde|80\/100 par\n|\n|-heal|p1a: Zygarde|86\/100 par|[from] item: Leftovers\n|upkeep\n|turn|49\n|\n|t:|1699997584\n|move|p2a: Ditto|Thousand Arrows|p1a: Zygarde\n|-damage|p1a: Zygarde|73\/100 par\n|cant|p1a: Zygarde|par\n|\n|-heal|p1a: Zygarde|79\/100 par|[from] item: Leftovers\n|upkeep\n|turn|50\n|\n|t:|1699997593\n|move|p2a: Ditto|Thousand Arrows|p1a: Zygarde\n|-damage|p1a: Zygarde|64\/100 par\n|move|p1a: Zygarde|Glare|p2a: Ditto\n|-fail|p2a: Ditto|par\n|\n|-heal|p1a: Zygarde|70\/100 par|[from] item: Leftovers\n|upkeep\n|turn|51\n|\n|t:|1699997603\n|switch|p2a: Sableye|Sableye, F|100\/100\n|-status|p2a: Sableye|tox\n|move|p1a: Zygarde|Rest|p1a: Zygarde\n|-status|p1a: Zygarde|slp|[from] move: Rest\n|-heal|p1a: Zygarde|100\/100 slp|[silent]\n|\n|-damage|p2a: Sableye|94\/100 tox|[from] psn\n|upkeep\n|turn|52\n|\n|t:|1699997613\n|move|p2a: Sableye|Encore|p1a: Zygarde\n|-start|p1a: Zygarde|Encore\n|cant|p1a: Zygarde|slp\n|\n|-heal|p2a: Sableye|100\/100 tox|[from] item: Leftovers\n|-damage|p2a: Sableye|88\/100 tox|[from] psn\n|upkeep\n|turn|53\n|\n|t:|1699997622\n|switch|p2a: Ditto|Ditto, shiny|74\/100 par\n|-transform|p2a: Ditto|p1a: Zygarde|[from] ability: Imposter\n|cant|p1a: Zygarde|slp\n|\n|upkeep\n|turn|54\n|\n|t:|1699997629\n|switch|p2a: Sableye|Sableye, F|88\/100 tox\n|-curestatus|p1a: Zygarde|slp|[msg]\n|move|p1a: Zygarde|Rest|p1a: Zygarde\n|-fail|p1a: Zygarde|heal\n|\n|-heal|p2a: Sableye|94\/100 tox|[from] item: Leftovers\n|-damage|p2a: Sableye|88\/100 tox|[from] psn\n|-end|p1a: Zygarde|Encore\n|upkeep\n|turn|55\n|\n|t:|1699997641\n|move|p2a: Sableye|Encore|p1a: Zygarde\n|-start|p1a: Zygarde|Encore\n|move|p1a: Zygarde|Rest|p1a: Zygarde\n|-fail|p1a: Zygarde|heal\n|\n|-heal|p2a: Sableye|94\/100 tox|[from] item: Leftovers\n|-damage|p2a: Sableye|82\/100 tox|[from] psn\n|upkeep\n|turn|56\n|\n|t:|1699997649\n|switch|p2a: Ditto|Ditto, shiny|74\/100 par\n|-transform|p2a: Ditto|p1a: Zygarde|[from] ability: Imposter\n|move|p1a: Zygarde|Rest|p1a: Zygarde\n|-fail|p1a: Zygarde|heal\n|\n|upkeep\n|turn|57\n|\n|t:|1699997658\n|switch|p2a: Sableye|Sableye, F|82\/100 tox\n|move|p1a: Zygarde|Rest|p1a: Zygarde\n|-fail|p1a: Zygarde|heal\n|\n|-heal|p2a: Sableye|88\/100 tox|[from] item: Leftovers\n|-damage|p2a: Sableye|82\/100 tox|[from] psn\n|-end|p1a: Zygarde|Encore\n|upkeep\n|turn|58\n|\n|t:|1699997668\n|move|p2a: Sableye|Encore|p1a: Zygarde\n|-start|p1a: Zygarde|Encore\n|move|p1a: Zygarde|Rest|p1a: Zygarde\n|-fail|p1a: Zygarde|heal\n|\n|-heal|p2a: Sableye|88\/100 tox|[from] item: Leftovers\n|-damage|p2a: Sableye|75\/100 tox|[from] psn\n|upkeep\n|turn|59\n|\n|t:|1699997678\n|switch|p2a: Ditto|Ditto, shiny|74\/100 par\n|-transform|p2a: Ditto|p1a: Zygarde|[from] ability: Imposter\n|move|p1a: Zygarde|Rest|p1a: Zygarde\n|-fail|p1a: Zygarde|heal\n|\n|upkeep\n|turn|60\n|\n|t:|1699997687\n|switch|p2a: Sableye|Sableye, F|75\/100 tox\n|move|p1a: Zygarde|Rest|p1a: Zygarde\n|-fail|p1a: Zygarde|heal\n|\n|-heal|p2a: Sableye|82\/100 tox|[from] item: Leftovers\n|-damage|p2a: Sableye|75\/100 tox|[from] psn\n|-end|p1a: Zygarde|Encore\n|upkeep\n|turn|61\n|\n|t:|1699997697\n|move|p2a: Sableye|Encore||[still]\n|-fail|p2a: Sableye\n|move|p1a: Zygarde|Thousand Arrows|p2a: Sableye\n|-damage|p2a: Sableye|0 fnt\n|faint|p2a: Sableye\n|\n|upkeep\n|\n|t:|1699997704\n|switch|p2a: Ditto|Ditto, shiny|74\/100 par\n|-transform|p2a: Ditto|p1a: Zygarde|[from] ability: Imposter\n|turn|62\n|\n|t:|1699997712\n|move|p1a: Zygarde|Thousand Arrows|p2a: Ditto\n|-damage|p2a: Ditto|50\/100 par\n|move|p2a: Ditto|Glare|p1a: Zygarde\n|-status|p1a: Zygarde|par\n|\n|upkeep\n|turn|63\n|\n|t:|1699997719\n|move|p2a: Ditto|Rest|p2a: Ditto\n|-status|p2a: Ditto|slp|[from] move: Rest\n|-heal|p2a: Ditto|100\/100 slp|[silent]\n|move|p1a: Zygarde|Thousand Arrows|p2a: Ditto\n|-damage|p2a: Ditto|76\/100 slp\n|\n|upkeep\n|turn|64\n|\n|t:|1699997733\n|cant|p2a: Ditto|slp\n|move|p1a: Zygarde|Thousand Arrows|p2a: Ditto\n|-damage|p2a: Ditto|52\/100 slp\n|\n|upkeep\n|turn|65\n|\n|t:|1699997739\n|cant|p2a: Ditto|slp\n|cant|p1a: Zygarde|par\n|\n|upkeep\n|turn|66\n|\n|t:|1699997744\n|-curestatus|p2a: Ditto|slp|[msg]\n|move|p2a: Ditto|Rest|p2a: Ditto\n|-status|p2a: Ditto|slp|[from] move: Rest\n|-heal|p2a: Ditto|100\/100 slp|[silent]\n|move|p1a: Zygarde|Thousand Arrows|p2a: Ditto\n|-damage|p2a: Ditto|78\/100 slp\n|\n|upkeep\n|turn|67\n|\n|t:|1699997755\n|cant|p2a: Ditto|slp\n|move|p1a: Zygarde|Thousand Arrows|p2a: Ditto\n|-damage|p2a: Ditto|56\/100 slp\n|\n|upkeep\n|turn|68\n|\n|t:|1699997761\n|cant|p2a: Ditto|slp\n|cant|p1a: Zygarde|par\n|\n|upkeep\n|turn|69\n|\n|t:|1699997766\n|-curestatus|p2a: Ditto|slp|[msg]\n|move|p2a: Ditto|Rest|p2a: Ditto\n|-status|p2a: Ditto|slp|[from] move: Rest\n|-heal|p2a: Ditto|100\/100 slp|[silent]\n|move|p1a: Zygarde|Thousand Arrows|p2a: Ditto\n|-damage|p2a: Ditto|78\/100 slp\n|\n|upkeep\n|turn|70\n|-activate|p2a: Ditto|item: Quick Claw\n|\n|t:|1699997777\n|cant|p2a: Ditto|slp\n|cant|p1a: Zygarde|par\n|\n|upkeep\n|turn|71\n|-activate|p2a: Ditto|item: Quick Claw\n|\n|t:|1699997784\n|cant|p2a: Ditto|slp\n|move|p1a: Zygarde|Glare||[still]\n|-fail|p1a: Zygarde\n|\n|upkeep\n|turn|72\n|\n|t:|1699997791\n|-curestatus|p2a: Ditto|slp|[msg]\n|move|p2a: Ditto|Thousand Arrows|p1a: Zygarde\n|-damage|p1a: Zygarde|85\/100 par\n|move|p1a: Zygarde|Glare|p2a: Ditto\n|-status|p2a: Ditto|par\n|\n|-heal|p1a: Zygarde|92\/100 par|[from] item: Leftovers\n|upkeep\n|turn|73\n|\n|t:|1699997802\n|move|p2a: Ditto|Thousand Arrows|p1a: Zygarde\n|-damage|p1a: Zygarde|77\/100 par\n|cant|p1a: Zygarde|par\n|\n|-heal|p1a: Zygarde|83\/100 par|[from] item: Leftovers\n|upkeep\n|turn|74\n|\n|t:|1699997812\n|switch|p2a: Porygon2|Porygon2|100\/100\n|-status|p2a: Porygon2|tox\n|cant|p1a: Zygarde|par\n|\n|-heal|p1a: Zygarde|89\/100 par|[from] item: Leftovers\n|-damage|p2a: Porygon2|94\/100 tox|[from] psn\n|upkeep\n|turn|75\n|\n|t:|1699997825\n|switch|p2a: Ditto|Ditto, shiny|78\/100 par\n|-transform|p2a: Ditto|p1a: Zygarde|[from] ability: Imposter\n|cant|p1a: Zygarde|par\n|\n|-heal|p1a: Zygarde|95\/100 par|[from] item: Leftovers\n|upkeep\n|turn|76\n|\n|t:|1699997836\n|move|p2a: Ditto|Thousand Arrows|p1a: Zygarde\n|-damage|p1a: Zygarde|78\/100 par\n|cant|p1a: Zygarde|par\n|\n|-heal|p1a: Zygarde|84\/100 par|[from] item: Leftovers\n|upkeep\n|turn|77\n|\n|t:|1699997844\n|move|p1a: Zygarde|Thousand Arrows|p2a: Ditto\n|-damage|p2a: Ditto|55\/100 par\n|cant|p2a: Ditto|par\n|\n|-heal|p1a: Zygarde|90\/100 par|[from] item: Leftovers\n|upkeep\n|turn|78\n|\n|t:|1699997851\n|move|p1a: Zygarde|Thousand Arrows|p2a: Ditto\n|-damage|p2a: Ditto|33\/100 par\n|cant|p2a: Ditto|par\n|\n|-heal|p1a: Zygarde|97\/100 par|[from] item: Leftovers\n|upkeep\n|turn|79\n|\n|t:|1699997859\n|move|p1a: Zygarde|Thousand Arrows|p2a: Ditto\n|-damage|p2a: Ditto|9\/100 par\n|cant|p2a: Ditto|par\n|\n|-heal|p1a: Zygarde|100\/100 par|[from] item: Leftovers\n|upkeep\n|turn|80\n|\n|t:|1699997867\n|move|p1a: Zygarde|Thousand Arrows|p2a: Ditto\n|-damage|p2a: Ditto|0 fnt\n|faint|p2a: Ditto\n|\n|upkeep\n|\n|t:|1699997872\n|switch|p2a: Porygon2|Porygon2|94\/100 tox\n|turn|81\n|\n|t:|1699997878\n|move|p2a: Porygon2|Ice Beam|p1a: Zygarde\n|-supereffective|p1a: Zygarde\n|-damage|p1a: Zygarde|25\/100 par\n|move|p1a: Zygarde|Thousand Arrows|p2a: Porygon2\n|-damage|p2a: Porygon2|30\/100 tox\n|\n|-heal|p1a: Zygarde|31\/100 par|[from] item: Leftovers\n|-damage|p2a: Porygon2|24\/100 tox|[from] psn\n|-activate|p1a: Zygarde|ability: Power Construct\n|detailschange|p1a: Zygarde|Zygarde-Complete\n|-heal|p1a: Zygarde|55\/100 par|[silent]\n|upkeep\n|turn|82\n|\n|t:|1699997892\n|-terastallize|p1a: Zygarde|Fairy\n|move|p2a: Porygon2|Ice Beam|p1a: Zygarde\n|-damage|p1a: Zygarde|42\/100 par\n|cant|p1a: Zygarde|par\n|\n|-heal|p1a: Zygarde|49\/100 par|[from] item: Leftovers\n|-damage|p2a: Porygon2|11\/100 tox|[from] psn\n|upkeep\n|turn|83\n|\n|t:|1699997902\n|move|p2a: Porygon2|Recover|p2a: Porygon2\n|-heal|p2a: Porygon2|61\/100 tox\n|move|p1a: Zygarde|Thousand Arrows|p2a: Porygon2\n|-damage|p2a: Porygon2|0 fnt\n|faint|p2a: Porygon2\n|\n|win|whaah\n|raw|whaah's rating: 1473 &rarr; <strong>1490<\/strong><br \/>(+17 for winning)\n|raw|jgoudyfvcc.edu's rating: 1419 &rarr; <strong>1402<\/strong><br \/>(-17 for losing)\n|c|\u2606whaah|gg\n","uploadtime":1699997995,"views":8,"p1id":"whaah","p2id":"jgoudyfvccedu","formatid":"gen9nationaldexubers","rating":1402,"private":0,"password":""}