{"id":"gen9nationaldexubers-1988560026","p1":"jacothaptrllr","p2":"bananaszn","format":"[Gen 9] National Dex Ubers","log":"|j|\u2606jacothaptrllr\n|j|\u2606bananaszn\n|t:|1699736142\n|gametype|singles\n|player|p1|jacothaptrllr|shadowtriad|1106\n|player|p2|bananaszn|brycen|1184\n|teamsize|p1|6\n|teamsize|p2|6\n|gen|9\n|tier|[Gen 9] National Dex Ubers\n|rated|\n|rule|HP Percentage Mod: HP is shown in percentages\n|rule|Endless Battle Clause: Forcing endless battles is banned\n|rule|OHKO Clause: OHKO moves are banned\n|rule|Evasion Moves Clause: Evasion moves are banned\n|rule|Evasion Items Clause: Evasion items are banned\n|rule|Species Clause: Limit one of each Pok\u00e9mon\n|rule|Sleep Clause Mod: Limit one foe put to sleep\n|rule|Mega Rayquaza Clause: You cannot mega evolve Rayquaza\n|clearpoke\n|poke|p1|Goodra-Hisui, F|\n|poke|p1|Skeledirge, F|\n|poke|p1|Thundurus-Therian, M|\n|poke|p1|Deoxys-Speed|\n|poke|p1|Urshifu-*, M|\n|poke|p1|Altaria, M|\n|poke|p2|Arboliva, F|\n|poke|p2|Zacian-*|\n|poke|p2|Basculegion, M|\n|poke|p2|Ferrothorn, F|\n|poke|p2|Guzzlord|\n|poke|p2|Clodsire, M|\n|teampreview\n|inactive|Battle timer is ON: inactive players will automatically lose when time's up. (requested by jacothaptrllr)\n|\n|t:|1699736155\n|start\n|switch|p1a: big stepper #1|Goodra-Hisui, F|100\/100\n|switch|p2a: Clodsire|Clodsire, M|100\/100\n|-item|p1a: big stepper #1|Air Balloon\n|turn|1\n|\n|t:|1699736165\n|move|p1a: big stepper #1|Ice Beam|p2a: Clodsire\n|-supereffective|p2a: Clodsire\n|-damage|p2a: Clodsire|67\/100\n|move|p2a: Clodsire|Stealth Rock|p1a: big stepper #1\n|-sidestart|p1: jacothaptrllr|move: Stealth Rock\n|\n|-heal|p2a: Clodsire|73\/100|[from] item: Leftovers\n|upkeep\n|turn|2\n|\n|t:|1699736182\n|move|p1a: big stepper #1|Ice Beam|p2a: Clodsire\n|-supereffective|p2a: Clodsire\n|-damage|p2a: Clodsire|43\/100\n|move|p2a: Clodsire|Toxic Spikes|p1a: big stepper #1\n|-sidestart|p1: jacothaptrllr|move: Toxic Spikes\n|\n|-heal|p2a: Clodsire|49\/100|[from] item: Leftovers\n|upkeep\n|turn|3\n|\n|t:|1699736188\n|move|p1a: big stepper #1|Ice Beam|p2a: Clodsire\n|-supereffective|p2a: Clodsire\n|-damage|p2a: Clodsire|16\/100\n|move|p2a: Clodsire|Toxic Spikes|p1a: big stepper #1\n|-sidestart|p1: jacothaptrllr|move: Toxic Spikes\n|\n|-heal|p2a: Clodsire|22\/100|[from] item: Leftovers\n|upkeep\n|turn|4\n|\n|t:|1699736198\n|move|p2a: Clodsire|Protect|p2a: Clodsire\n|-singleturn|p2a: Clodsire|Protect\n|move|p1a: big stepper #1|Ice Beam|p2a: Clodsire\n|-activate|p2a: Clodsire|move: Protect\n|\n|-heal|p2a: Clodsire|29\/100|[from] item: Leftovers\n|upkeep\n|turn|5\n|\n|t:|1699736203\n|move|p2a: Clodsire|Protect||[still]\n|-fail|p2a: Clodsire\n|move|p1a: big stepper #1|Ice Beam|p2a: Clodsire\n|-supereffective|p2a: Clodsire\n|-damage|p2a: Clodsire|0 fnt\n|faint|p2a: Clodsire\n|\n|upkeep\n|\n|t:|1699736206\n|switch|p2a: Guzzlord|Guzzlord|100\/100\n|turn|6\n|\n|t:|1699736213\n|move|p1a: big stepper #1|Ice Beam|p2a: Guzzlord\n|-supereffective|p2a: Guzzlord\n|-damage|p2a: Guzzlord|68\/100\n|move|p2a: Guzzlord|Amnesia|p2a: Guzzlord\n|-boost|p2a: Guzzlord|spd|2\n|\n|-heal|p2a: Guzzlord|75\/100|[from] item: Leftovers\n|upkeep\n|turn|7\n|\n|t:|1699736218\n|move|p1a: big stepper #1|Ice Beam|p2a: Guzzlord\n|-supereffective|p2a: Guzzlord\n|-damage|p2a: Guzzlord|58\/100\n|move|p2a: Guzzlord|Dragon Tail|p1a: big stepper #1\n|-damage|p1a: big stepper #1|79\/100\n|-ability|p1a: big stepper #1|Gooey\n|-unboost|p2a: Guzzlord|spe|1\n|-enditem|p1a: big stepper #1|Air Balloon\n|drag|p1a: Urshifu|Urshifu, M|100\/100\n|-damage|p1a: Urshifu|94\/100|[from] Stealth Rock\n|-status|p1a: Urshifu|tox\n|\n|-heal|p2a: Guzzlord|64\/100|[from] item: Leftovers\n|-damage|p1a: Urshifu|88\/100 tox|[from] psn\n|upkeep\n|turn|8\n|\n|t:|1699736225\n|move|p1a: Urshifu|Close Combat|p2a: Guzzlord\n|-supereffective|p2a: Guzzlord\n|-damage|p2a: Guzzlord|0 fnt\n|-unboost|p1a: Urshifu|def|1\n|-unboost|p1a: Urshifu|spd|1\n|faint|p2a: Guzzlord\n|\n|-damage|p1a: Urshifu|76\/100 tox|[from] psn\n|upkeep\n|\n|t:|1699736232\n|switch|p2a: Arboliva|Arboliva, F|100\/100\n|turn|9\n|\n|t:|1699736239\n|-terastallize|p2a: Arboliva|Grass\n|move|p1a: Urshifu|U-turn|p2a: Arboliva\n|-supereffective|p2a: Arboliva\n|-damage|p2a: Arboliva|46\/100\n|\n|t:|1699736244\n|switch|p1a: big stepper #1|Goodra-Hisui, F|79\/100|[from] U-turn\n|-damage|p1a: big stepper #1|73\/100|[from] Stealth Rock\n|move|p2a: Arboliva|Leech Seed|p1a: big stepper #1\n|-start|p1a: big stepper #1|move: Leech Seed\n|\n|-damage|p1a: big stepper #1|60\/100|[from] Leech Seed|[of] p2a: Arboliva\n|-heal|p2a: Arboliva|59\/100|[silent]\n|upkeep\n|turn|10\n|\n|t:|1699736256\n|move|p2a: Arboliva|Protect|p2a: Arboliva\n|-singleturn|p2a: Arboliva|Protect\n|move|p1a: big stepper #1|Ice Beam|p2a: Arboliva\n|-activate|p2a: Arboliva|move: Protect\n|\n|-damage|p1a: big stepper #1|48\/100|[from] Leech Seed|[of] p2a: Arboliva\n|-heal|p2a: Arboliva|71\/100|[silent]\n|upkeep\n|turn|11\n|\n|t:|1699736259\n|move|p1a: big stepper #1|Ice Beam|p2a: Arboliva\n|-supereffective|p2a: Arboliva\n|-damage|p2a: Arboliva|30\/100\n|move|p2a: Arboliva|Substitute|p2a: Arboliva\n|-start|p2a: Arboliva|Substitute\n|-damage|p2a: Arboliva|5\/100\n|-enditem|p2a: Arboliva|Aguav Berry|[eat]\n|-heal|p2a: Arboliva|39\/100|[from] item: Aguav Berry\n|\n|-damage|p1a: big stepper #1|36\/100|[from] Leech Seed|[of] p2a: Arboliva\n|-heal|p2a: Arboliva|51\/100|[silent]\n|-item|p2a: Arboliva|Aguav Berry|[from] ability: Harvest\n|upkeep\n|turn|12\n|\n|t:|1699736269\n|switch|p1a: Urshifu|Urshifu, M|76\/100 tox\n|-damage|p1a: Urshifu|69\/100 tox|[from] Stealth Rock\n|move|p2a: Arboliva|Protect||[still]\n|-fail|p2a: Arboliva\n|\n|-damage|p1a: Urshifu|63\/100 tox|[from] psn\n|upkeep\n|turn|13\n|\n|t:|1699736278\n|move|p1a: Urshifu|U-turn|p2a: Arboliva\n|-supereffective|p2a: Arboliva\n|-end|p2a: Arboliva|Substitute\n|\n|t:|1699736282\n|switch|p1a: big stepper #1|Goodra-Hisui, F|36\/100|[from] U-turn\n|-damage|p1a: big stepper #1|30\/100|[from] Stealth Rock\n|move|p2a: Arboliva|Leech Seed|p1a: big stepper #1|[miss]\n|-miss|p2a: Arboliva|p1a: big stepper #1\n|\n|upkeep\n|turn|14\n|\n|t:|1699736289\n|move|p2a: Arboliva|Protect|p2a: Arboliva\n|-singleturn|p2a: Arboliva|Protect\n|move|p1a: big stepper #1|Ice Beam|p2a: Arboliva\n|-activate|p2a: Arboliva|move: Protect\n|\n|upkeep\n|turn|15\n|\n|t:|1699736292\n|move|p1a: big stepper #1|Ice Beam|p2a: Arboliva\n|-supereffective|p2a: Arboliva\n|-damage|p2a: Arboliva|9\/100\n|-enditem|p2a: Arboliva|Aguav Berry|[eat]\n|-heal|p2a: Arboliva|42\/100|[from] item: Aguav Berry\n|move|p2a: Arboliva|Leech Seed|p1a: big stepper #1\n|-start|p1a: big stepper #1|move: Leech Seed\n|\n|-damage|p1a: big stepper #1|17\/100|[from] Leech Seed|[of] p2a: Arboliva\n|-heal|p2a: Arboliva|55\/100|[silent]\n|upkeep\n|turn|16\n|\n|t:|1699736300\n|switch|p1a: Urshifu|Urshifu, M|63\/100 tox\n|-damage|p1a: Urshifu|57\/100 tox|[from] Stealth Rock\n|move|p2a: Arboliva|Substitute|p2a: Arboliva\n|-start|p2a: Arboliva|Substitute\n|-damage|p2a: Arboliva|30\/100\n|\n|-damage|p1a: Urshifu|51\/100 tox|[from] psn\n|upkeep\n|turn|17\n|\n|t:|1699736322\n|move|p2a: Arboliva|Protect|p2a: Arboliva\n|-singleturn|p2a: Arboliva|Protect\n|move|p1a: Urshifu|U-turn|p2a: Arboliva\n|-supereffective|p2a: Arboliva\n|-end|p2a: Arboliva|Substitute\n|\n|t:|1699736329\n|switch|p1a: big stepper #1|Goodra-Hisui, F|17\/100|[from] U-turn\n|-damage|p1a: big stepper #1|11\/100|[from] Stealth Rock\n|\n|-item|p2a: Arboliva|Aguav Berry|[from] ability: Harvest\n|upkeep\n|turn|18\n|\n|t:|1699736338\n|move|p2a: Arboliva|Protect||[still]\n|-fail|p2a: Arboliva\n|move|p1a: big stepper #1|Ice Beam|p2a: Arboliva\n|-supereffective|p2a: Arboliva\n|-damage|p2a: Arboliva|0 fnt\n|faint|p2a: Arboliva\n|\n|upkeep\n|\n|t:|1699736342\n|switch|p2a: Ferrothorn|Ferrothorn, F|100\/100\n|turn|19\n|\n|t:|1699736346\n|move|p1a: big stepper #1|Ice Beam|p2a: Ferrothorn\n|-damage|p2a: Ferrothorn|73\/100\n|move|p2a: Ferrothorn|Giga Drain|p1a: big stepper #1\n|-resisted|p1a: big stepper #1\n|-damage|p1a: big stepper #1|9\/100\n|-heal|p2a: Ferrothorn|75\/100|[from] drain|[of] p1a: big stepper #1\n|\n|upkeep\n|turn|20\n|\n|t:|1699736353\n|move|p1a: big stepper #1|Ice Beam|p2a: Ferrothorn\n|-damage|p2a: Ferrothorn|51\/100\n|move|p2a: Ferrothorn|Giga Drain|p1a: big stepper #1\n|-resisted|p1a: big stepper #1\n|-damage|p1a: big stepper #1|6\/100\n|-heal|p2a: Ferrothorn|52\/100|[from] drain|[of] p1a: big stepper #1\n|\n|upkeep\n|turn|21\n|\n|t:|1699736359\n|move|p1a: big stepper #1|Ice Beam|p2a: Ferrothorn\n|-damage|p2a: Ferrothorn|28\/100\n|move|p2a: Ferrothorn|Giga Drain|p1a: big stepper #1\n|-resisted|p1a: big stepper #1\n|-damage|p1a: big stepper #1|4\/100\n|-heal|p2a: Ferrothorn|29\/100|[from] drain|[of] p1a: big stepper #1\n|\n|upkeep\n|turn|22\n|\n|t:|1699736364\n|move|p1a: big stepper #1|Ice Beam|p2a: Ferrothorn\n|-damage|p2a: Ferrothorn|2\/100\n|move|p2a: Ferrothorn|Giga Drain|p1a: big stepper #1\n|-resisted|p1a: big stepper #1\n|-damage|p1a: big stepper #1|1\/100\n|-heal|p2a: Ferrothorn|4\/100|[from] drain|[of] p1a: big stepper #1\n|\n|upkeep\n|turn|23\n|c|\u2606jacothaptrllr|16 ice beams no freeze lol\n|\n|t:|1699736374\n|move|p1a: big stepper #1|Thunderbolt|p2a: Ferrothorn\n|-resisted|p2a: Ferrothorn\n|-damage|p2a: Ferrothorn|0 fnt\n|faint|p2a: Ferrothorn\n|\n|upkeep\n|\n|t:|1699736380\n|switch|p2a: Zacian|Zacian-Crowned|100\/100\n|-ability|p2a: Zacian|Intrepid Sword|boost\n|-boost|p2a: Zacian|atk|1\n|turn|24\n|\n|t:|1699736382\n|move|p2a: Zacian|Behemoth Blade|p1a: big stepper #1\n|-resisted|p1a: big stepper #1\n|-damage|p1a: big stepper #1|0 fnt\n|-ability|p1a: big stepper #1|Gooey\n|-unboost|p2a: Zacian|spe|1\n|faint|p1a: big stepper #1\n|\n|upkeep\n|\n|t:|1699736389\n|switch|p1a: Urshifu|Urshifu, M|51\/100 tox\n|-damage|p1a: Urshifu|44\/100 tox|[from] Stealth Rock\n|turn|25\n|\n|t:|1699736395\n|move|p1a: Urshifu|Wicked Blow|p2a: Zacian\n|-resisted|p2a: Zacian\n|-crit|p2a: Zacian\n|-damage|p2a: Zacian|71\/100\n|move|p2a: Zacian|Play Rough|p1a: Urshifu\n|-supereffective|p1a: Urshifu\n|-damage|p1a: Urshifu|0 fnt\n|faint|p1a: Urshifu\n|\n|upkeep\n|\n|t:|1699736417\n|switch|p1a: Mr Morale|Skeledirge, F|100\/100\n|turn|26\n|inactive|bananaszn has 120 seconds left.\n|\n|t:|1699736463\n|move|p2a: Zacian|Swords Dance|p2a: Zacian\n|-boost|p2a: Zacian|atk|2\n|move|p1a: Mr Morale|Torch Song|p2a: Zacian\n|-supereffective|p2a: Zacian\n|-damage|p2a: Zacian|0 fnt\n|-boost|p1a: Mr Morale|spa|1\n|faint|p2a: Zacian\n|\n|upkeep\n|\n|t:|1699736466\n|switch|p2a: Basculegion|Basculegion, M|100\/100\n|turn|27\n|\n|t:|1699736479\n|move|p1a: Mr Morale|Torch Song|p2a: Basculegion\n|-resisted|p2a: Basculegion\n|-crit|p2a: Basculegion\n|-damage|p2a: Basculegion|63\/100\n|-boost|p1a: Mr Morale|spa|1\n|move|p2a: Basculegion|Last Respects|p1a: Mr Morale\n|-supereffective|p1a: Mr Morale\n|-damage|p1a: Mr Morale|0 fnt\n|faint|p1a: Mr Morale\n|\n|upkeep\n|\n|t:|1699736488\n|switch|p1a: big stepper #4|Thundurus-Therian, M|100\/100\n|-damage|p1a: big stepper #4|75\/100|[from] Stealth Rock\n|turn|28\n|inactive|bananaszn has 120 seconds left.\n|\n|t:|1699736508\n|move|p1a: big stepper #4|Discharge|p2a: Basculegion\n|-supereffective|p2a: Basculegion\n|-damage|p2a: Basculegion|0 fnt\n|faint|p2a: Basculegion\n|\n|win|jacothaptrllr\n|raw|jacothaptrllr's rating: 1106 &rarr; <strong>1137<\/strong><br \/>(+31 for winning)\n|raw|bananaszn's rating: 1184 &rarr; <strong>1153<\/strong><br \/>(-31 for losing)\n|l|\u2606bananaszn\n|c|\u2606jacothaptrllr|gg\n","uploadtime":1699736522,"views":5,"p1id":"jacothaptrllr","p2id":"bananaszn","formatid":"gen9nationaldexubers","rating":1137,"private":0,"password":""}