{"id":"gen9nationaldexubers-1987194526","p1":"AdrianGarcia1604","p2":"Black_Man9905","format":"[Gen 9] National Dex Ubers","log":"|j|\u2606AdrianGarcia1604\n|j|\u2606Black_Man9905\n|t:|1699564119\n|gametype|singles\n|player|p1|AdrianGarcia1604|ethan|\n|player|p2|Black_Man9905|veteran|\n|teamsize|p1|6\n|teamsize|p2|6\n|gen|9\n|tier|[Gen 9] National Dex Ubers\n|rule|HP Percentage Mod: HP is shown in percentages\n|rule|Endless Battle Clause: Forcing endless battles is banned\n|rule|OHKO Clause: OHKO moves are banned\n|rule|Evasion Moves Clause: Evasion moves are banned\n|rule|Evasion Items Clause: Evasion items are banned\n|rule|Species Clause: Limit one of each Pok\u00e9mon\n|rule|Sleep Clause Mod: Limit one foe put to sleep\n|rule|Mega Rayquaza Clause: You cannot mega evolve Rayquaza\n|clearpoke\n|poke|p1|Marshadow|\n|poke|p1|Zoroark-Hisui, M|\n|poke|p1|Gholdengo|\n|poke|p1|Annihilape, M|\n|poke|p1|Basculegion, M|\n|poke|p1|Dragapult, M|\n|poke|p2|Grimmsnarl, M|\n|poke|p2|Incineroar, F|\n|poke|p2|Tyranitar, F|\n|poke|p2|Meowscarada, F|\n|poke|p2|Roaring Moon|\n|poke|p2|Kingambit, F|\n|teampreview\n|\n|t:|1699564152\n|start\n|switch|p1a: Annihilape|Annihilape, M, shiny|100\/100\n|switch|p2a: La gatita|Incineroar, F, shiny|100\/100\n|-ability|p2a: La gatita|Intimidate|boost\n|-unboost|p1a: Annihilape|atk|1\n|-ability|p1a: Annihilape|Defiant|boost\n|-boost|p1a: Annihilape|atk|2\n|turn|1\n|\n|t:|1699564178\n|move|p1a: Annihilape|Bulk Up|p1a: Annihilape\n|-boost|p1a: Annihilape|atk|1\n|-boost|p1a: Annihilape|def|1\n|move|p2a: La gatita|Blaze Kick|p1a: Annihilape\n|-crit|p1a: Annihilape\n|-damage|p1a: Annihilape|9\/100\n|-status|p1a: Annihilape|brn\n|-damage|p2a: La gatita|91\/100|[from] item: Life Orb\n|\n|-heal|p1a: Annihilape|15\/100 brn|[from] item: Leftovers\n|-damage|p1a: Annihilape|9\/100 brn|[from] brn\n|upkeep\n|turn|2\n|inactive|Battle timer is ON: inactive players will automatically lose when time's up. (requested by Black_Man9905)\n|inactiveoff|Battle timer is now OFF.\n|\n|t:|1699564368\n|move|p1a: Annihilape|Rest|p1a: Annihilape\n|-status|p1a: Annihilape|slp|[from] move: Rest\n|-heal|p1a: Annihilape|100\/100 slp|[silent]\n|move|p2a: La gatita|Blaze Kick|p1a: Annihilape\n|-damage|p1a: Annihilape|64\/100 slp\n|-damage|p2a: La gatita|81\/100|[from] item: Life Orb\n|\n|-heal|p1a: Annihilape|71\/100 slp|[from] item: Leftovers\n|upkeep\n|turn|3\n|\n|t:|1699564387\n|cant|p1a: Annihilape|slp\n|move|p2a: La gatita|Blaze Kick|p1a: Annihilape\n|-damage|p1a: Annihilape|30\/100 slp\n|-damage|p2a: La gatita|71\/100|[from] item: Life Orb\n|\n|-heal|p1a: Annihilape|36\/100 slp|[from] item: Leftovers\n|upkeep\n|turn|4\n|\n|t:|1699564402\n|cant|p1a: Annihilape|slp\n|move|p2a: La gatita|Blaze Kick|p1a: Annihilape\n|-damage|p1a: Annihilape|0 fnt\n|faint|p1a: Annihilape\n|-damage|p2a: La gatita|61\/100|[from] item: Life Orb\n|\n|upkeep\n|\n|t:|1699564409\n|switch|p1a: Marshadow|Marshadow|100\/100\n|turn|5\n|\n|t:|1699564422\n|move|p1a: Marshadow|Drain Punch|p2a: La gatita\n|-supereffective|p2a: La gatita\n|-damage|p2a: La gatita|0 fnt\n|faint|p2a: La gatita\n|-damage|p1a: Marshadow|91\/100|[from] item: Life Orb\n|\n|upkeep\n|\n|t:|1699564441\n|switch|p2a: La mam\u00e1 riko|Meowscarada, F, shiny|100\/100\n|turn|6\n|\n|t:|1699564484\n|move|p1a: Marshadow|Drain Punch|p2a: La mam\u00e1 riko\n|-supereffective|p2a: La mam\u00e1 riko\n|-damage|p2a: La mam\u00e1 riko|0 fnt\n|-heal|p1a: Marshadow|100\/100|[from] drain|[of] p2a: La mam\u00e1 riko\n|faint|p2a: La mam\u00e1 riko\n|-damage|p1a: Marshadow|91\/100|[from] item: Life Orb\n|\n|upkeep\n|\n|t:|1699564515\n|switch|p2a: El \u00f1omo|Grimmsnarl, M, shiny|100\/100\n|turn|7\n|\n|t:|1699564523\n|move|p1a: Marshadow|Drain Punch|p2a: El \u00f1omo\n|-damage|p2a: El \u00f1omo|58\/100\n|-heal|p1a: Marshadow|100\/100|[from] drain|[of] p2a: El \u00f1omo\n|-damage|p1a: Marshadow|91\/100|[from] item: Life Orb\n|move|p2a: El \u00f1omo|Play Rough|p1a: Marshadow\n|-supereffective|p1a: Marshadow\n|-damage|p1a: Marshadow|0 fnt\n|faint|p1a: Marshadow\n|\n|upkeep\n|\n|t:|1699564538\n|switch|p1a: Dragapult|Dragapult, M, shiny|100\/100\n|turn|8\n|\n|t:|1699564553\n|move|p2a: El \u00f1omo|Light Screen|p2a: El \u00f1omo\n|-sidestart|p2: Black_Man9905|move: Light Screen\n|move|p1a: Dragapult|Flamethrower|p2a: El \u00f1omo\n|-damage|p2a: El \u00f1omo|38\/100\n|-damage|p1a: Dragapult|91\/100|[from] item: Life Orb\n|\n|upkeep\n|turn|9\n|\n|t:|1699564562\n|move|p1a: Dragapult|Calm Mind|p1a: Dragapult\n|-boost|p1a: Dragapult|spa|1\n|-boost|p1a: Dragapult|spd|1\n|move|p2a: El \u00f1omo|Play Rough|p1a: Dragapult\n|-damage|p1a: Dragapult|14\/100\n|replace|p1a: Zoroark|Zoroark-Hisui, M, shiny\n|-end|p1a: Zoroark|Illusion\n|\n|upkeep\n|turn|10\n|\n|t:|1699564579\n|move|p1a: Zoroark|Flamethrower|p2a: El \u00f1omo\n|-damage|p2a: El \u00f1omo|7\/100\n|-damage|p1a: Zoroark|4\/100|[from] item: Life Orb\n|move|p2a: El \u00f1omo|Play Rough|p1a: Zoroark\n|-damage|p1a: Zoroark|0 fnt\n|faint|p1a: Zoroark\n|\n|upkeep\n|\n|t:|1699564587\n|switch|p1a: Basculegion|Basculegion, M, shiny|100\/100\n|-ability|p1a: Basculegion|Mold Breaker\n|turn|11\n|\n|t:|1699564607\n|move|p1a: Basculegion|Aqua Jet|p2a: El \u00f1omo\n|-damage|p2a: El \u00f1omo|0 fnt\n|faint|p2a: El \u00f1omo\n|\n|upkeep\n|\n|t:|1699564614\n|switch|p2a: Salamance|Roaring Moon, shiny|100\/100\n|turn|12\n|\n|t:|1699564634\n|switch|p1a: Dragapult|Dragapult, M, shiny|100\/100\n|move|p2a: Salamance|Crunch|p1a: Dragapult\n|-supereffective|p1a: Dragapult\n|-damage|p1a: Dragapult|0 fnt\n|faint|p1a: Dragapult\n|-damage|p2a: Salamance|91\/100|[from] item: Life Orb\n|\n|upkeep\n|\n|t:|1699564641\n|switch|p1a: Gholdengo|Gholdengo, shiny|100\/100\n|turn|13\n|\n|t:|1699564656\n|move|p2a: Salamance|Earthquake|p1a: Gholdengo\n|-supereffective|p1a: Gholdengo\n|-damage|p1a: Gholdengo|0 fnt\n|faint|p1a: Gholdengo\n|-damage|p2a: Salamance|81\/100|[from] item: Life Orb\n|\n|upkeep\n|\n|t:|1699564659\n|switch|p1a: Basculegion|Basculegion, M, shiny|100\/100\n|-ability|p1a: Basculegion|Mold Breaker\n|turn|14\n|\n|t:|1699564669\n|move|p2a: Salamance|Crunch|p1a: Basculegion\n|-supereffective|p1a: Basculegion\n|-damage|p1a: Basculegion|0 fnt\n|faint|p1a: Basculegion\n|-damage|p2a: Salamance|71\/100|[from] item: Life Orb\n|\n|win|Black_Man9905\n|l|\u2606AdrianGarcia1604\n","uploadtime":1699564695,"views":8,"p1id":"adriangarcia1604","p2id":"blackman9905","formatid":"gen9nationaldexubers","rating":0,"private":0,"password":""}