{"id":"gen9nationaldexubers-1988156202","p1":"HarmTurtle","p2":"DarthBowser151","format":"[Gen 9] National Dex Ubers","log":"|j|\u2606HarmTurtle\n|j|\u2606DarthBowser151\n|t:|1699676830\n|gametype|singles\n|player|p1|HarmTurtle|carmine-festival|\n|player|p2|DarthBowser151|clay|\n|teamsize|p1|6\n|teamsize|p2|6\n|gen|9\n|tier|[Gen 9] National Dex Ubers\n|rule|HP Percentage Mod: HP is shown in percentages\n|rule|Endless Battle Clause: Forcing endless battles is banned\n|rule|OHKO Clause: OHKO moves are banned\n|rule|Evasion Moves Clause: Evasion moves are banned\n|rule|Evasion Items Clause: Evasion items are banned\n|rule|Species Clause: Limit one of each Pok\u00e9mon\n|rule|Sleep Clause Mod: Limit one foe put to sleep\n|rule|Mega Rayquaza Clause: You cannot mega evolve Rayquaza\n|clearpoke\n|poke|p1|Breloom, F|\n|poke|p1|Gliscor, M|\n|poke|p1|Swampert, M|\n|poke|p1|Gastrodon-East, F|\n|poke|p1|Diggersby, F|\n|poke|p1|Steelix, M|\n|poke|p2|Celesteela|\n|poke|p2|Chesnaught, F|\n|poke|p2|Cobalion|\n|poke|p2|Tyrantrum, F|\n|poke|p2|Minun, M|\n|poke|p2|Marowak, F|\n|teampreview\n|c|\u2606HarmTurtle|gl hf! part 3\n|j| Rio34\n|\n|t:|1699676871\n|start\n|switch|p1a: Steelix|Steelix, M|100\/100\n|switch|p2a: Minun|Minun, M|100\/100\n|turn|1\n|\n|t:|1699676899\n|switch|p2a: Celesteela|Celesteela|100\/100\n|move|p1a: Steelix|Stealth Rock|p2a: Celesteela\n|-sidestart|p2: DarthBowser151|move: Stealth Rock\n|\n|upkeep\n|turn|2\n|\n|t:|1699676913\n|switch|p1a: Breloom|Breloom, F|100\/100\n|move|p2a: Celesteela|Leech Seed|p1a: Breloom\n|-immune|p1a: Breloom\n|\n|upkeep\n|turn|3\n|\n|t:|1699676922\n|switch|p2a: Chesnaught|Chesnaught, F|100\/100\n|-damage|p2a: Chesnaught|94\/100|[from] Stealth Rock\n|move|p1a: Breloom|Spore|p2a: Chesnaught\n|-immune|p2a: Chesnaught\n|\n|upkeep\n|turn|4\n|\n|t:|1699676944\n|switch|p1a: Gastrodon|Gastrodon-East, F|100\/100\n|move|p2a: Chesnaught|Spikes|p1a: Gastrodon\n|-sidestart|p1: HarmTurtle|Spikes\n|\n|upkeep\n|turn|5\n|\n|t:|1699676953\n|move|p2a: Chesnaught|Seed Bomb|p1a: Gastrodon\n|-supereffective|p1a: Gastrodon\n|-damage|p1a: Gastrodon|0 fnt\n|faint|p1a: Gastrodon\n|\n|upkeep\n|\n|t:|1699676973\n|switch|p1a: Steelix|Steelix, M|100\/100\n|-damage|p1a: Steelix|88\/100|[from] Spikes\n|turn|6\n|\n|t:|1699676994\n|switch|p2a: Minun|Minun, M|100\/100\n|-damage|p2a: Minun|88\/100|[from] Stealth Rock\n|move|p1a: Steelix|Iron Defense|p1a: Steelix\n|-boost|p1a: Steelix|def|2\n|\n|-heal|p1a: Steelix|94\/100|[from] item: Leftovers\n|upkeep\n|turn|7\n|\n|t:|1699677025\n|switch|p1a: Gliscor|Gliscor, M, shiny|100\/100\n|move|p2a: Minun|Encore||[still]\n|-fail|p2a: Minun\n|\n|-status|p1a: Gliscor|tox|[from] item: Toxic Orb\n|upkeep\n|turn|8\n|\n|t:|1699677037\n|switch|p2a: Celesteela|Celesteela|100\/100\n|-damage|p2a: Celesteela|88\/100|[from] Stealth Rock\n|move|p1a: Gliscor|Knock Off|p2a: Celesteela\n|-damage|p2a: Celesteela|72\/100\n|-enditem|p2a: Celesteela|Leftovers|[from] move: Knock Off|[of] p1a: Gliscor\n|\n|upkeep\n|turn|9\n|\n|t:|1699677059\n|move|p1a: Gliscor|Protect|p1a: Gliscor\n|-singleturn|p1a: Gliscor|Protect\n|move|p2a: Celesteela|Leech Seed|p1a: Gliscor\n|-activate|p1a: Gliscor|move: Protect\n|\n|upkeep\n|turn|10\n|\n|t:|1699677074\n|switch|p1a: Breloom|Breloom, F|100\/100\n|-damage|p1a: Breloom|88\/100|[from] Spikes\n|move|p2a: Celesteela|Toxic|p1a: Breloom\n|-status|p1a: Breloom|tox\n|\n|-damage|p1a: Breloom|82\/100 tox|[from] psn\n|upkeep\n|turn|11\n|\n|t:|1699677097\n|switch|p2a: Chesnaught|Chesnaught, F|94\/100\n|-damage|p2a: Chesnaught|88\/100|[from] Stealth Rock\n|move|p1a: Breloom|Bulldoze|p2a: Chesnaught\n|-resisted|p2a: Chesnaught\n|-damage|p2a: Chesnaught|80\/100\n|-unboost|p2a: Chesnaught|spe|1\n|\n|-damage|p1a: Breloom|70\/100 tox|[from] psn\n|upkeep\n|turn|12\n|\n|t:|1699677119\n|switch|p1a: Gliscor|Gliscor, M, shiny|100\/100 tox\n|move|p2a: Chesnaught|Body Press|p1a: Gliscor\n|-resisted|p1a: Gliscor\n|-damage|p1a: Gliscor|86\/100 tox\n|\n|-heal|p1a: Gliscor|98\/100 tox|[from] ability: Poison Heal\n|upkeep\n|turn|13\n|\n|t:|1699677130\n|move|p1a: Gliscor|Knock Off|p2a: Chesnaught\n|-resisted|p2a: Chesnaught\n|-damage|p2a: Chesnaught|74\/100\n|-damage|p1a: Gliscor|81\/100 tox|[from] item: Rocky Helmet|[of] p2a: Chesnaught\n|-enditem|p2a: Chesnaught|Rocky Helmet|[from] move: Knock Off|[of] p1a: Gliscor\n|move|p2a: Chesnaught|Seed Bomb|p1a: Gliscor\n|-damage|p1a: Gliscor|64\/100 tox\n|\n|-heal|p1a: Gliscor|76\/100 tox|[from] ability: Poison Heal\n|upkeep\n|turn|14\n|\n|t:|1699677180\n|move|p1a: Gliscor|Defog|p2a: Chesnaught\n|-unboost|p2a: Chesnaught|evasion|1\n|-sideend|p2: DarthBowser151|Stealth Rock|[from] move: Defog|[of] p1a: Gliscor\n|-sideend|p1: HarmTurtle|Spikes|[from] move: Defog|[of] p1a: Gliscor\n|move|p2a: Chesnaught|Synthesis|p2a: Chesnaught\n|-heal|p2a: Chesnaught|100\/100\n|\n|-heal|p1a: Gliscor|89\/100 tox|[from] ability: Poison Heal\n|upkeep\n|turn|15\n|\n|t:|1699677198\n|switch|p1a: Diggersby|Diggersby, F|100\/100\n|move|p2a: Chesnaught|Spikes|p1a: Diggersby\n|-sidestart|p1: HarmTurtle|Spikes\n|\n|upkeep\n|turn|16\n|l| Rio34\n|\n|t:|1699677217\n|switch|p2a: Celesteela|Celesteela|72\/100\n|move|p1a: Diggersby|U-turn|p2a: Celesteela\n|-resisted|p2a: Celesteela\n|-damage|p2a: Celesteela|63\/100\n|\n|t:|1699677238\n|switch|p1a: Swampert|Swampert, M|100\/100|[from] U-turn\n|-damage|p1a: Swampert|88\/100|[from] Spikes\n|\n|upkeep\n|turn|17\n|\n|t:|1699677246\n|move|p1a: Swampert|Substitute|p1a: Swampert\n|-start|p1a: Swampert|Substitute\n|-damage|p1a: Swampert|63\/100\n|move|p2a: Celesteela|Giga Drain|p1a: Swampert\n|-supereffective|p1a: Swampert\n|-end|p1a: Swampert|Substitute\n|-heal|p2a: Celesteela|74\/100|[from] drain|[of] p1a: Swampert\n|\n|upkeep\n|turn|18\n|\n|t:|1699677256\n|move|p1a: Swampert|Substitute|p1a: Swampert\n|-start|p1a: Swampert|Substitute\n|-damage|p1a: Swampert|38\/100\n|move|p2a: Celesteela|Giga Drain|p1a: Swampert\n|-supereffective|p1a: Swampert\n|-end|p1a: Swampert|Substitute\n|-heal|p2a: Celesteela|85\/100|[from] drain|[of] p1a: Swampert\n|\n|upkeep\n|turn|19\n|\n|t:|1699677268\n|move|p1a: Swampert|Substitute|p1a: Swampert\n|-start|p1a: Swampert|Substitute\n|-damage|p1a: Swampert|13\/100\n|-enditem|p1a: Swampert|Salac Berry|[eat]\n|-boost|p1a: Swampert|spe|1|[from] item: Salac Berry\n|move|p2a: Celesteela|Giga Drain|p1a: Swampert\n|-supereffective|p1a: Swampert\n|-end|p1a: Swampert|Substitute\n|-heal|p2a: Celesteela|96\/100|[from] drain|[of] p1a: Swampert\n|\n|upkeep\n|turn|20\n|\n|t:|1699677279\n|move|p1a: Swampert|Endeavor|p2a: Celesteela\n|-damage|p2a: Celesteela|12\/100\n|move|p2a: Celesteela|Giga Drain|p1a: Swampert\n|-supereffective|p1a: Swampert\n|-damage|p1a: Swampert|0 fnt\n|-heal|p2a: Celesteela|17\/100|[from] drain|[of] p1a: Swampert\n|faint|p1a: Swampert\n|-ability|p2a: Celesteela|Beast Boost|boost\n|-boost|p2a: Celesteela|spd|1\n|\n|upkeep\n|\n|t:|1699677284\n|switch|p1a: Breloom|Breloom, F|70\/100 tox\n|-damage|p1a: Breloom|58\/100 tox|[from] Spikes\n|turn|21\n|\n|t:|1699677311\n|move|p2a: Celesteela|Protect|p2a: Celesteela\n|-singleturn|p2a: Celesteela|Protect\n|move|p1a: Breloom|Mach Punch|p2a: Celesteela\n|-activate|p2a: Celesteela|move: Protect\n|\n|-damage|p1a: Breloom|51\/100 tox|[from] psn\n|upkeep\n|turn|22\n|\n|t:|1699677322\n|switch|p2a: Chesnaught|Chesnaught, F|100\/100\n|move|p1a: Breloom|Bullet Seed|p2a: Chesnaught\n|-immune|p2a: Chesnaught|[from] ability: Bulletproof\n|\n|-damage|p1a: Breloom|39\/100 tox|[from] psn\n|upkeep\n|turn|23\n|\n|t:|1699677354\n|switch|p1a: Gliscor|Gliscor, M, shiny|89\/100 tox\n|move|p2a: Chesnaught|Body Press|p1a: Gliscor\n|-resisted|p1a: Gliscor\n|-damage|p1a: Gliscor|76\/100 tox\n|\n|-heal|p1a: Gliscor|88\/100 tox|[from] ability: Poison Heal\n|upkeep\n|turn|24\n|\n|t:|1699677388\n|switch|p2a: Minun|Minun, M|88\/100\n|move|p1a: Gliscor|Knock Off|p2a: Minun\n|-damage|p2a: Minun|48\/100\n|-enditem|p2a: Minun|Choice Scarf|[from] move: Knock Off|[of] p1a: Gliscor\n|\n|-heal|p1a: Gliscor|100\/100 tox|[from] ability: Poison Heal\n|upkeep\n|turn|25\n|\n|t:|1699677419\n|move|p2a: Minun|Switcheroo|p1a: Gliscor\n|-activate|p2a: Minun|move: Trick|[of] p1a: Gliscor\n|-enditem|p1a: Gliscor|Toxic Orb|[silent]|[from] move: Switcheroo\n|-item|p2a: Minun|Toxic Orb|[from] move: Switcheroo\n|move|p1a: Gliscor|Knock Off|p2a: Minun\n|-damage|p2a: Minun|11\/100\n|-enditem|p2a: Minun|Toxic Orb|[from] move: Knock Off|[of] p1a: Gliscor\n|\n|upkeep\n|turn|26\n|\n|t:|1699677447\n|move|p2a: Minun|Light Screen|p2a: Minun\n|-sidestart|p2: DarthBowser151|move: Light Screen\n|move|p1a: Gliscor|Knock Off|p2a: Minun\n|-damage|p2a: Minun|0 fnt\n|faint|p2a: Minun\n|\n|upkeep\n|\n|t:|1699677475\n|switch|p2a: Tyrantrum|Tyrantrum, F|100\/100\n|turn|27\n|\n|t:|1699677506\n|move|p2a: Tyrantrum|Dragon Dance|p2a: Tyrantrum\n|-boost|p2a: Tyrantrum|atk|1\n|-boost|p2a: Tyrantrum|spe|1\n|move|p1a: Gliscor|Earthquake|p2a: Tyrantrum\n|-supereffective|p2a: Tyrantrum\n|-damage|p2a: Tyrantrum|34\/100\n|\n|upkeep\n|turn|28\n|\n|t:|1699677537\n|move|p2a: Tyrantrum|Head Smash|p1a: Gliscor\n|-damage|p1a: Gliscor|31\/100 tox\n|move|p1a: Gliscor|Earthquake|p2a: Tyrantrum\n|-supereffective|p2a: Tyrantrum\n|-damage|p2a: Tyrantrum|0 fnt\n|faint|p2a: Tyrantrum\n|\n|-heal|p1a: Gliscor|43\/100 tox|[from] ability: Poison Heal\n|upkeep\n|\n|t:|1699677547\n|switch|p2a: Cobalion|Cobalion|100\/100\n|turn|29\n|\n|t:|1699677561\n|move|p1a: Gliscor|Protect|p1a: Gliscor\n|-singleturn|p1a: Gliscor|Protect\n|move|p2a: Cobalion|Focus Blast|p1a: Gliscor\n|-activate|p1a: Gliscor|move: Protect\n|\n|-heal|p1a: Gliscor|56\/100 tox|[from] ability: Poison Heal\n|upkeep\n|turn|30\n|\n|t:|1699677573\n|move|p2a: Cobalion|Focus Blast|p1a: Gliscor|[miss]\n|-miss|p2a: Cobalion|p1a: Gliscor\n|move|p1a: Gliscor|Defog|p2a: Cobalion\n|-unboost|p2a: Cobalion|evasion|1\n|-sideend|p2: DarthBowser151|move: Light Screen\n|-sideend|p1: HarmTurtle|Spikes|[from] move: Defog|[of] p1a: Gliscor\n|\n|-heal|p1a: Gliscor|68\/100 tox|[from] ability: Poison Heal\n|upkeep\n|turn|31\n|\n|t:|1699677587\n|move|p1a: Gliscor|Protect|p1a: Gliscor\n|-singleturn|p1a: Gliscor|Protect\n|move|p2a: Cobalion|Focus Blast|p1a: Gliscor\n|-activate|p1a: Gliscor|move: Protect\n|\n|-heal|p1a: Gliscor|80\/100 tox|[from] ability: Poison Heal\n|upkeep\n|turn|32\n|\n|t:|1699677597\n|move|p2a: Cobalion|Focus Blast|p1a: Gliscor\n|-resisted|p1a: Gliscor\n|-damage|p1a: Gliscor|28\/100 tox\n|-unboost|p1a: Gliscor|spd|1\n|move|p1a: Gliscor|Earthquake|p2a: Cobalion\n|-supereffective|p2a: Cobalion\n|-damage|p2a: Cobalion|41\/100\n|\n|-heal|p1a: Gliscor|41\/100 tox|[from] ability: Poison Heal\n|upkeep\n|turn|33\n|\n|t:|1699677627\n|switch|p2a: Celesteela|Celesteela|17\/100\n|move|p1a: Gliscor|Protect||[still]\n|-fail|p1a: Gliscor\n|\n|-heal|p1a: Gliscor|53\/100 tox|[from] ability: Poison Heal\n|upkeep\n|turn|34\n|\n|t:|1699677639\n|switch|p1a: Breloom|Breloom, F|39\/100 tox\n|move|p2a: Celesteela|Giga Drain|p1a: Breloom\n|-resisted|p1a: Breloom\n|-crit|p1a: Breloom\n|-damage|p1a: Breloom|14\/100 tox\n|-heal|p2a: Celesteela|26\/100|[from] drain|[of] p1a: Breloom\n|\n|-damage|p1a: Breloom|7\/100 tox|[from] psn\n|upkeep\n|turn|35\n|\n|t:|1699677663\n|switch|p1a: Diggersby|Diggersby, F|100\/100\n|move|p2a: Celesteela|Protect||[still]\n|-fail|p2a: Celesteela\n|\n|upkeep\n|turn|36\n|\n|t:|1699677682\n|move|p1a: Diggersby|Knock Off|p2a: Celesteela\n|-damage|p2a: Celesteela|0 fnt\n|faint|p2a: Celesteela\n|\n|upkeep\n|\n|t:|1699677701\n|switch|p2a: Chesnaught|Chesnaught, F|100\/100\n|turn|37\n|\n|t:|1699677720\n|switch|p1a: Steelix|Steelix, M|94\/100\n|move|p2a: Chesnaught|Body Press|p1a: Steelix\n|-supereffective|p1a: Steelix\n|-damage|p1a: Steelix|49\/100\n|\n|-heal|p1a: Steelix|55\/100|[from] item: Leftovers\n|upkeep\n|turn|38\n|\n|t:|1699677760\n|move|p2a: Chesnaught|Body Press|p1a: Steelix\n|-supereffective|p1a: Steelix\n|-damage|p1a: Steelix|9\/100\n|move|p1a: Steelix|Stealth Rock|p2a: Chesnaught\n|-sidestart|p2: DarthBowser151|move: Stealth Rock\n|\n|-heal|p1a: Steelix|15\/100|[from] item: Leftovers\n|upkeep\n|turn|39\n|\n|t:|1699677784\n|move|p2a: Chesnaught|Spikes|p1a: Steelix\n|-sidestart|p1: HarmTurtle|Spikes\n|move|p1a: Steelix|Iron Defense|p1a: Steelix\n|-boost|p1a: Steelix|def|2\n|\n|-heal|p1a: Steelix|21\/100|[from] item: Leftovers\n|upkeep\n|turn|40\n|\n|t:|1699677808\n|move|p2a: Chesnaught|Body Press|p1a: Steelix\n|-supereffective|p1a: Steelix\n|-crit|p1a: Steelix\n|-damage|p1a: Steelix|0 fnt\n|faint|p1a: Steelix\n|\n|upkeep\n|\n|t:|1699677810\n|switch|p1a: Diggersby|Diggersby, F|100\/100\n|-damage|p1a: Diggersby|88\/100|[from] Spikes\n|turn|41\n|\n|t:|1699677820\n|move|p1a: Diggersby|U-turn|p2a: Chesnaught\n|-damage|p2a: Chesnaught|75\/100\n|\n|t:|1699677828\n|switch|p1a: Gliscor|Gliscor, M, shiny|53\/100 tox|[from] U-turn\n|move|p2a: Chesnaught|Body Press|p1a: Gliscor\n|-resisted|p1a: Gliscor\n|-damage|p1a: Gliscor|40\/100 tox\n|\n|-heal|p1a: Gliscor|52\/100 tox|[from] ability: Poison Heal\n|upkeep\n|turn|42\n|\n|t:|1699677846\n|move|p1a: Gliscor|Defog|p2a: Chesnaught\n|-unboost|p2a: Chesnaught|evasion|1\n|-sideend|p2: DarthBowser151|Stealth Rock|[from] move: Defog|[of] p1a: Gliscor\n|-sideend|p1: HarmTurtle|Spikes|[from] move: Defog|[of] p1a: Gliscor\n|move|p2a: Chesnaught|Seed Bomb|p1a: Gliscor\n|-damage|p1a: Gliscor|33\/100 tox\n|\n|-heal|p1a: Gliscor|46\/100 tox|[from] ability: Poison Heal\n|upkeep\n|turn|43\n|\n|t:|1699677889\n|switch|p1a: Breloom|Breloom, F|7\/100 tox\n|move|p2a: Chesnaught|Seed Bomb|p1a: Breloom\n|-resisted|p1a: Breloom\n|-damage|p1a: Breloom|0 fnt\n|faint|p1a: Breloom\n|\n|upkeep\n|\n|t:|1699677891\n|switch|p1a: Diggersby|Diggersby, F|88\/100\n|turn|44\n|\n|t:|1699677909\n|move|p1a: Diggersby|Earthquake|p2a: Chesnaught\n|-resisted|p2a: Chesnaught\n|-damage|p2a: Chesnaught|45\/100\n|move|p2a: Chesnaught|Seed Bomb|p1a: Diggersby\n|-supereffective|p1a: Diggersby\n|-damage|p1a: Diggersby|21\/100\n|\n|upkeep\n|turn|45\n|\n|t:|1699677917\n|move|p1a: Diggersby|Earthquake|p2a: Chesnaught\n|-resisted|p2a: Chesnaught\n|-damage|p2a: Chesnaught|18\/100\n|move|p2a: Chesnaught|Synthesis|p2a: Chesnaught\n|-heal|p2a: Chesnaught|68\/100\n|\n|upkeep\n|turn|46\n|\n|t:|1699677925\n|move|p1a: Diggersby|Earthquake|p2a: Chesnaught\n|-resisted|p2a: Chesnaught\n|-damage|p2a: Chesnaught|40\/100\n|move|p2a: Chesnaught|Synthesis|p2a: Chesnaught\n|-heal|p2a: Chesnaught|90\/100\n|\n|upkeep\n|turn|47\n|\n|t:|1699677935\n|move|p1a: Diggersby|Earthquake|p2a: Chesnaught\n|-resisted|p2a: Chesnaught\n|-damage|p2a: Chesnaught|64\/100\n|move|p2a: Chesnaught|Seed Bomb|p1a: Diggersby\n|-supereffective|p1a: Diggersby\n|-damage|p1a: Diggersby|0 fnt\n|faint|p1a: Diggersby\n|\n|upkeep\n|\n|t:|1699677937\n|switch|p1a: Gliscor|Gliscor, M, shiny|46\/100 tox\n|turn|48\n|\n|t:|1699677946\n|move|p1a: Gliscor|Earthquake|p2a: Chesnaught\n|-resisted|p2a: Chesnaught\n|-damage|p2a: Chesnaught|54\/100\n|move|p2a: Chesnaught|Seed Bomb|p1a: Gliscor\n|-damage|p1a: Gliscor|28\/100 tox\n|\n|-heal|p1a: Gliscor|40\/100 tox|[from] ability: Poison Heal\n|upkeep\n|turn|49\n|-message|HarmTurtle forfeited.\n|\n|win|DarthBowser151\n","uploadtime":1699677954,"views":5,"p1id":"harmturtle","p2id":"darthbowser151","formatid":"gen9nationaldexubers","rating":0,"private":0,"password":""}