{"id":"gen9nationaldexubers-1997851452","p1":"MrTRB","p2":"ApocalypticTofu","format":"[Gen 9] National Dex Ubers","log":"|j|\u2606MrTRB\n|j|\u2606ApocalypticTofu\n|t:|1700859718\n|gametype|singles\n|player|p1|MrTRB|benga|\n|player|p2|ApocalypticTofu|plasmagrunt|\n|teamsize|p1|4\n|teamsize|p2|4\n|gen|9\n|tier|[Gen 9] National Dex Ubers\n|rule|HP Percentage Mod: HP is shown in percentages\n|rule|Endless Battle Clause: Forcing endless battles is banned\n|rule|OHKO Clause: OHKO moves are banned\n|rule|Evasion Moves Clause: Evasion moves are banned\n|rule|Evasion Items Clause: Evasion items are banned\n|rule|Species Clause: Limit one of each Pok\u00e9mon\n|rule|Sleep Clause Mod: Limit one foe put to sleep\n|rule|Mega Rayquaza Clause: You cannot mega evolve Rayquaza\n|clearpoke\n|poke|p1|Garganacl, F|\n|poke|p1|Serperior, F|\n|poke|p1|Cyclizar, M|\n|poke|p1|Infernape, F|\n|poke|p2|Golisopod, M|\n|poke|p2|Crustle, M|\n|poke|p2|Slither Wing|\n|poke|p2|Pinsir, F|\n|teampreview\n|\n|t:|1700859726\n|start\n|switch|p1a: Cyclizar|Cyclizar, M|100\/100\n|switch|p2a: Golisopod|Golisopod, M|100\/100\n|turn|1\n|\n|t:|1700859736\n|move|p2a: Golisopod|First Impression|p1a: Cyclizar\n|-damage|p1a: Cyclizar|23\/100\n|-enditem|p1a: Cyclizar|Sitrus Berry|[eat]\n|-heal|p1a: Cyclizar|47\/100|[from] item: Sitrus Berry\n|move|p1a: Cyclizar|Shed Tail|p1a: Cyclizar\n|-fail|p1a: Cyclizar|move: Shed Tail|[weak]\n|\n|upkeep\n|turn|2\n|\n|t:|1700859748\n|move|p1a: Cyclizar|Draco Meteor|p2a: Golisopod\n|-damage|p2a: Golisopod|63\/100\n|-unboost|p1a: Cyclizar|spa|2\n|move|p2a: Golisopod|X-Scissor|p1a: Cyclizar\n|-damage|p1a: Cyclizar|0 fnt\n|faint|p1a: Cyclizar\n|\n|upkeep\n|\n|t:|1700859764\n|switch|p1a: Garganacl|Garganacl, F|100\/100\n|turn|3\n|\n|t:|1700859773\n|-terastallize|p1a: Garganacl|Steel\n|move|p2a: Golisopod|Liquidation|p1a: Garganacl\n|-damage|p1a: Garganacl|69\/100\n|move|p1a: Garganacl|Iron Defense|p1a: Garganacl\n|-boost|p1a: Garganacl|def|2\n|\n|-heal|p1a: Garganacl|75\/100|[from] item: Leftovers\n|upkeep\n|turn|4\n|\n|t:|1700859797\n|move|p2a: Golisopod|Liquidation|p1a: Garganacl\n|-damage|p1a: Garganacl|60\/100\n|move|p1a: Garganacl|Iron Defense|p1a: Garganacl\n|-boost|p1a: Garganacl|def|2\n|\n|-heal|p1a: Garganacl|66\/100|[from] item: Leftovers\n|upkeep\n|turn|5\n|c|\u2606ApocalypticTofu|computer is killing itself\n|c|\u2606ApocalypticTofu|mouse is laggy for...some reason\n|c|\u2606MrTRB|then turn off animations and all that\n|\n|t:|1700859829\n|move|p2a: Golisopod|Liquidation|p1a: Garganacl\n|-damage|p1a: Garganacl|56\/100\n|move|p1a: Garganacl|Salt Cure|p2a: Golisopod\n|-supereffective|p2a: Golisopod\n|-damage|p2a: Golisopod|44\/100\n|-start|p2a: Golisopod|Salt Cure\n|-activate|p2a: Golisopod|ability: Emergency Exit\n|c|\u2606MrTRB|makes it lag less\n|c|\u2606ApocalypticTofu|aight\n|c|\u2606ApocalypticTofu|ty\n|c|\u2606MrTRB|no prob\n|\n|t:|1700859861\n|switch|p2a: Slither Wing|Slither Wing|100\/100\n|-enditem|p2a: Slither Wing|Booster Energy\n|-activate|p2a: Slither Wing|ability: Protosynthesis|[fromitem]\n|-start|p2a: Slither Wing|protosynthesisatk\n|\n|-heal|p1a: Garganacl|62\/100|[from] item: Leftovers\n|upkeep\n|turn|6\n|\n|t:|1700859899\n|move|p2a: Slither Wing|Brick Break|p1a: Garganacl\n|-supereffective|p1a: Garganacl\n|-damage|p1a: Garganacl|37\/100\n|move|p1a: Garganacl|Salt Cure|p2a: Slither Wing\n|-damage|p2a: Slither Wing|83\/100\n|-start|p2a: Slither Wing|Salt Cure\n|\n|-heal|p1a: Garganacl|43\/100|[from] item: Leftovers\n|-damage|p2a: Slither Wing|71\/100|[from] Salt Cure\n|upkeep\n|turn|7\n|\n|t:|1700859916\n|move|p2a: Slither Wing|Bulk Up|p2a: Slither Wing\n|-boost|p2a: Slither Wing|atk|1\n|-boost|p2a: Slither Wing|def|1\n|move|p1a: Garganacl|Recover|p1a: Garganacl\n|-heal|p1a: Garganacl|93\/100\n|\n|-heal|p1a: Garganacl|99\/100|[from] item: Leftovers\n|-damage|p2a: Slither Wing|58\/100|[from] Salt Cure\n|upkeep\n|turn|8\n|\n|t:|1700859921\n|move|p2a: Slither Wing|Bulk Up|p2a: Slither Wing\n|-boost|p2a: Slither Wing|atk|1\n|-boost|p2a: Slither Wing|def|1\n|move|p1a: Garganacl|Iron Defense|p1a: Garganacl\n|-boost|p1a: Garganacl|def|2\n|\n|-heal|p1a: Garganacl|100\/100|[from] item: Leftovers\n|-damage|p2a: Slither Wing|46\/100|[from] Salt Cure\n|upkeep\n|turn|9\n|\n|t:|1700859938\n|move|p2a: Slither Wing|Brick Break|p1a: Garganacl\n|-supereffective|p1a: Garganacl\n|-damage|p1a: Garganacl|63\/100\n|move|p1a: Garganacl|Body Press|p2a: Slither Wing\n|-resisted|p2a: Slither Wing\n|-damage|p2a: Slither Wing|15\/100\n|\n|-heal|p1a: Garganacl|69\/100|[from] item: Leftovers\n|-damage|p2a: Slither Wing|2\/100|[from] Salt Cure\n|upkeep\n|turn|10\n|\n|t:|1700859953\n|move|p2a: Slither Wing|Brick Break|p1a: Garganacl\n|-supereffective|p1a: Garganacl\n|-damage|p1a: Garganacl|30\/100\n|move|p1a: Garganacl|Recover|p1a: Garganacl\n|-heal|p1a: Garganacl|80\/100\n|\n|-heal|p1a: Garganacl|87\/100|[from] item: Leftovers\n|-damage|p2a: Slither Wing|0 fnt|[from] Salt Cure\n|faint|p2a: Slither Wing\n|-end|p2a: Slither Wing|Protosynthesis|[silent]\n|upkeep\n|\n|t:|1700859965\n|switch|p2a: Pinsir|Pinsir, F|100\/100\n|turn|11\n|\n|t:|1700859980\n|detailschange|p2a: Pinsir|Pinsir-Mega, F\n|-mega|p2a: Pinsir|Pinsir|Pinsirite\n|move|p2a: Pinsir|Storm Throw|p1a: Garganacl\n|-supereffective|p1a: Garganacl\n|-crit|p1a: Garganacl\n|-damage|p1a: Garganacl|37\/100\n|move|p1a: Garganacl|Body Press|p2a: Pinsir\n|-resisted|p2a: Pinsir\n|-damage|p2a: Pinsir|76\/100\n|\n|-heal|p1a: Garganacl|43\/100|[from] item: Leftovers\n|upkeep\n|turn|12\n|\n|t:|1700859989\n|move|p2a: Pinsir|Storm Throw|p1a: Garganacl\n|-supereffective|p1a: Garganacl\n|-crit|p1a: Garganacl\n|-damage|p1a: Garganacl|0 fnt\n|faint|p1a: Garganacl\n|\n|upkeep\n|\n|t:|1700859993\n|switch|p1a: Infernape|Infernape, F|100\/100\n|turn|13\n|\n|t:|1700860017\n|move|p2a: Pinsir|Quick Attack|p1a: Infernape\n|-supereffective|p1a: Infernape\n|-damage|p1a: Infernape|20\/100\n|move|p1a: Infernape|Raging Fury|p2a: Pinsir\n|-supereffective|p2a: Pinsir\n|-damage|p2a: Pinsir|0 fnt\n|faint|p2a: Pinsir\n|\n|upkeep\n|\n|t:|1700860023\n|switch|p2a: Golisopod|Golisopod, M|44\/100\n|turn|14\n|\n|t:|1700860026\n|move|p2a: Golisopod|First Impression|p1a: Infernape\n|-resisted|p1a: Infernape\n|-damage|p1a: Infernape|0 fnt\n|faint|p1a: Infernape\n|\n|upkeep\n|\n|t:|1700860029\n|switch|p1a: Serperior|Serperior, F, shiny|100\/100\n|turn|15\n|\n|t:|1700860036\n|move|p1a: Serperior|Substitute|p1a: Serperior\n|-start|p1a: Serperior|Substitute\n|-damage|p1a: Serperior|76\/100\n|-zpower|p2a: Golisopod\n|move|p2a: Golisopod|Savage Spin-Out|p1a: Serperior|[zeffect]\n|-supereffective|p1a: Serperior\n|-end|p1a: Serperior|Substitute\n|\n|-heal|p1a: Serperior|82\/100|[from] item: Leftovers\n|upkeep\n|turn|16\n|\n|t:|1700860048\n|move|p1a: Serperior|Leaf Storm|p2a: Golisopod\n|-damage|p2a: Golisopod|4\/100\n|-boost|p1a: Serperior|spa|2\n|move|p2a: Golisopod|X-Scissor|p1a: Serperior\n|-supereffective|p1a: Serperior\n|-damage|p1a: Serperior|0 fnt\n|faint|p1a: Serperior\n|\n|win|ApocalypticTofu\n|c|\u2606ApocalypticTofu|yay\n|c|\u2606MrTRB|man\n|c|\u2606ApocalypticTofu|we'll rematch\n|c|\u2606MrTRB|right now?\n|c|\u2606ApocalypticTofu|give me a sec\n","uploadtime":1700860077,"views":2,"p1id":"mrtrb","p2id":"apocalyptictofu","formatid":"gen9nationaldexubers","rating":0,"private":0,"password":""}