{"id":"gen9nationaldexubers-1978804051","p1":"Breeze88","p2":"qingche","format":"[Gen 9] National Dex Ubers","log":"|j|\u2606Breeze88\n|j|\u2606qingche\n|t:|1698597224\n|gametype|singles\n|player|p1|Breeze88|steven|1621\n|player|p2|qingche|hilbert|1531\n|teamsize|p1|6\n|teamsize|p2|6\n|gen|9\n|tier|[Gen 9] National Dex Ubers\n|rated|\n|rule|HP Percentage Mod: HP is shown in percentages\n|rule|Endless Battle Clause: Forcing endless battles is banned\n|rule|OHKO Clause: OHKO moves are banned\n|rule|Evasion Moves Clause: Evasion moves are banned\n|rule|Evasion Items Clause: Evasion items are banned\n|rule|Species Clause: Limit one of each Pok\u00e9mon\n|rule|Sleep Clause Mod: Limit one foe put to sleep\n|rule|Mega Rayquaza Clause: You cannot mega evolve Rayquaza\n|clearpoke\n|poke|p1|Shuckle, M|\n|poke|p1|Gholdengo|\n|poke|p1|Yveltal|\n|poke|p1|Groudon|\n|poke|p1|Arceus-Ground|\n|poke|p1|Xerneas-*|\n|poke|p2|Zacian-*|\n|poke|p2|Kyogre|\n|poke|p2|Necrozma-Dusk-Mane|\n|poke|p2|Xerneas-*|\n|poke|p2|Arceus|\n|poke|p2|Ho-Oh|\n|teampreview\n|inactive|Battle timer is ON: inactive players will automatically lose when time's up. (requested by Breeze88)\n|c|\u2606Breeze88|glhf\n|\n|t:|1698597252\n|start\n|switch|p1a: Shuckle|Shuckle, M, shiny|100\/100\n|switch|p2a: Ho-Oh|Ho-Oh|100\/100\n|turn|1\n|\n|t:|1698597262\n|move|p2a: Ho-Oh|Toxic|p1a: Shuckle\n|-status|p1a: Shuckle|tox\n|move|p1a: Shuckle|Encore|p2a: Ho-Oh\n|-start|p2a: Ho-Oh|Encore\n|\n|-damage|p1a: Shuckle|94\/100 tox|[from] psn\n|upkeep\n|turn|2\n|\n|t:|1698597269\n|switch|p2a: Arceus|Arceus|100\/100\n|move|p1a: Shuckle|Sticky Web|p2a: Arceus\n|-sidestart|p2: qingche|move: Sticky Web\n|\n|-damage|p1a: Shuckle|82\/100 tox|[from] psn\n|upkeep\n|turn|3\n|\n|t:|1698597274\n|switch|p2a: Ho-Oh|Ho-Oh|100\/100\n|move|p1a: Shuckle|Stealth Rock|p2a: Ho-Oh\n|-sidestart|p2: qingche|move: Stealth Rock\n|\n|-damage|p1a: Shuckle|64\/100 tox|[from] psn\n|upkeep\n|turn|4\n|\n|t:|1698597280\n|switch|p1a: Gholdengo|Gholdengo|100\/100\n|move|p2a: Ho-Oh|Sacred Fire|p1a: Gholdengo\n|-supereffective|p1a: Gholdengo\n|-damage|p1a: Gholdengo|20\/100\n|\n|upkeep\n|turn|5\n|\n|t:|1698597285\n|move|p1a: Gholdengo|Trick|p2a: Ho-Oh\n|-activate|p1a: Gholdengo|move: Trick|[of] p2a: Ho-Oh\n|-item|p2a: Ho-Oh|Choice Specs|[from] move: Trick\n|-item|p1a: Gholdengo|Heavy-Duty Boots|[from] move: Trick\n|move|p2a: Ho-Oh|Sacred Fire|p1a: Gholdengo\n|-supereffective|p1a: Gholdengo\n|-damage|p1a: Gholdengo|0 fnt\n|faint|p1a: Gholdengo\n|\n|upkeep\n|\n|t:|1698597290\n|switch|p1a: Groudon|Groudon|100\/100\n|detailschange|p1a: Groudon|Groudon-Primal\n|-primal|p1a: Groudon|Red Orb\n|-weather|DesolateLand|[from] ability: Desolate Land|[of] p1a: Groudon\n|turn|6\n|\n|t:|1698597311\n|switch|p2a: Zacian|Zacian-Crowned, shiny|100\/100\n|-activate|p2a: Zacian|move: Sticky Web\n|-unboost|p2a: Zacian|spe|1\n|-damage|p2a: Zacian|94\/100|[from] Stealth Rock\n|-ability|p2a: Zacian|Intrepid Sword|boost\n|-boost|p2a: Zacian|atk|1\n|move|p1a: Groudon|Swords Dance|p1a: Groudon\n|-boost|p1a: Groudon|atk|2\n|\n|-weather|DesolateLand|[upkeep]\n|upkeep\n|turn|7\n|\n|t:|1698597322\n|move|p2a: Zacian|Close Combat|p1a: Groudon\n|-damage|p1a: Groudon|59\/100\n|-unboost|p2a: Zacian|def|1\n|-unboost|p2a: Zacian|spd|1\n|move|p1a: Groudon|Eruption|p2a: Zacian\n|-supereffective|p2a: Zacian\n|-damage|p2a: Zacian|0 fnt\n|faint|p2a: Zacian\n|\n|-weather|DesolateLand|[upkeep]\n|upkeep\n|\n|t:|1698597329\n|switch|p2a: Ho-Oh|Ho-Oh|100\/100\n|-damage|p2a: Ho-Oh|51\/100|[from] Stealth Rock\n|turn|8\n|\n|t:|1698597334\n|-terastallize|p2a: Ho-Oh|Grass\n|move|p1a: Groudon|Rock Tomb|p2a: Ho-Oh\n|-damage|p2a: Ho-Oh|19\/100\n|-unboost|p2a: Ho-Oh|spe|1\n|move|p2a: Ho-Oh|Defog|p1a: Groudon\n|-unboost|p1a: Groudon|evasion|1\n|-sideend|p2: qingche|Stealth Rock|[from] move: Defog|[of] p2a: Ho-Oh\n|-sideend|p2: qingche|Sticky Web|[from] move: Defog|[of] p2a: Ho-Oh\n|\n|-weather|DesolateLand|[upkeep]\n|upkeep\n|turn|9\n|\n|t:|1698597358\n|switch|p2a: Kyogre|Kyogre, shiny|100\/100\n|detailschange|p2a: Kyogre|Kyogre-Primal, shiny\n|-primal|p2a: Kyogre|Blue Orb\n|-weather|PrimordialSea|[from] ability: Primordial Sea|[of] p2a: Kyogre\n|move|p1a: Groudon|Rock Tomb|p2a: Kyogre\n|-damage|p2a: Kyogre|54\/100\n|-unboost|p2a: Kyogre|spe|1\n|\n|-weather|PrimordialSea|[upkeep]\n|upkeep\n|turn|10\n|\n|t:|1698597366\n|move|p1a: Groudon|Precipice Blades|p2a: Kyogre\n|-damage|p2a: Kyogre|0 fnt\n|faint|p2a: Kyogre\n|-weather|none\n|\n|upkeep\n|\n|t:|1698597380\n|switch|p2a: Necrozma|Necrozma-Dusk-Mane, shiny|100\/100\n|turn|11\n|\n|t:|1698597393\n|detailschange|p2a: Necrozma|Necrozma-Ultra, shiny\n|-burst|p2a: Necrozma|Necrozma|Ultranecrozium Z\n|move|p2a: Necrozma|Earthquake|p1a: Groudon\n|-supereffective|p1a: Groudon\n|-damage|p1a: Groudon|0 fnt\n|faint|p1a: Groudon\n|\n|upkeep\n|inactive|Breeze88 has 120 seconds left.\n|\n|t:|1698597420\n|switch|p1a: Yveltal|Yveltal, shiny|100\/100\n|-ability|p1a: Yveltal|Dark Aura\n|turn|12\n|\n|t:|1698597429\n|switch|p2a: Ho-Oh|Ho-Oh, tera:Grass|52\/100\n|move|p1a: Yveltal|Dark Pulse|p2a: Ho-Oh\n|-damage|p2a: Ho-Oh|13\/100\n|-damage|p1a: Yveltal|91\/100|[from] item: Life Orb\n|\n|upkeep\n|turn|13\n|\n|t:|1698597435\n|move|p1a: Yveltal|Oblivion Wing|p2a: Ho-Oh\n|-supereffective|p2a: Ho-Oh\n|-damage|p2a: Ho-Oh|0 fnt\n|-heal|p1a: Yveltal|99\/100|[from] drain|[of] p2a: Ho-Oh\n|faint|p2a: Ho-Oh\n|-damage|p1a: Yveltal|90\/100|[from] item: Life Orb\n|\n|upkeep\n|\n|t:|1698597437\n|switch|p2a: Arceus|Arceus|100\/100\n|turn|14\n|\n|t:|1698597444\n|move|p1a: Yveltal|Taunt|p2a: Arceus\n|-start|p2a: Arceus|move: Taunt\n|cant|p2a: Arceus|move: Taunt|Swords Dance\n|\n|upkeep\n|turn|15\n|\n|t:|1698597461\n|switch|p1a: Shuckle|Shuckle, M, shiny|64\/100 tox\n|move|p2a: Arceus|Extreme Speed|p1a: Shuckle\n|-resisted|p1a: Shuckle\n|-damage|p1a: Shuckle|49\/100 tox\n|\n|-damage|p1a: Shuckle|43\/100 tox|[from] psn\n|upkeep\n|turn|16\n|\n|t:|1698597468\n|switch|p2a: Xerneas|Xerneas, shiny|100\/100\n|-ability|p2a: Xerneas|Fairy Aura\n|move|p1a: Shuckle|Sticky Web|p2a: Xerneas\n|-sidestart|p2: qingche|move: Sticky Web\n|\n|-damage|p1a: Shuckle|30\/100 tox|[from] psn\n|upkeep\n|turn|17\n|\n|t:|1698597473\n|move|p2a: Xerneas|Geomancy||[still]\n|-prepare|p2a: Xerneas|Geomancy\n|-enditem|p2a: Xerneas|Power Herb\n|-anim|p2a: Xerneas|Geomancy|p2a: Xerneas\n|-boost|p2a: Xerneas|spa|2\n|-boost|p2a: Xerneas|spd|2\n|-boost|p2a: Xerneas|spe|2\n|move|p1a: Shuckle|Encore|p2a: Xerneas\n|-start|p2a: Xerneas|Encore\n|\n|-damage|p1a: Shuckle|12\/100 tox|[from] psn\n|upkeep\n|turn|18\n|\n|t:|1698597495\n|switch|p1a: Arceus|Arceus-Ground|100\/100\n|move|p2a: Xerneas|Geomancy||[still]\n|-prepare|p2a: Xerneas|Geomancy\n|\n|upkeep\n|turn|19\n|\n|t:|1698597506\n|move|p2a: Xerneas|Geomancy|p2a: Xerneas|[from]lockedmove\n|-boost|p2a: Xerneas|spa|2\n|-boost|p2a: Xerneas|spd|2\n|-boost|p2a: Xerneas|spe|2\n|move|p1a: Arceus|Swords Dance|p1a: Arceus\n|-boost|p1a: Arceus|atk|2\n|\n|upkeep\n|turn|20\n|\n|t:|1698597521\n|move|p2a: Xerneas|Geomancy||[still]\n|-prepare|p2a: Xerneas|Geomancy\n|-zpower|p1a: Arceus\n|move|p1a: Arceus|Tectonic Rage|p2a: Xerneas|[zeffect]\n|-damage|p2a: Xerneas|0 fnt\n|faint|p2a: Xerneas\n|\n|upkeep\n|\n|t:|1698597528\n|switch|p2a: Necrozma|Necrozma-Ultra, shiny|100\/100\n|-activate|p2a: Necrozma|move: Sticky Web\n|-unboost|p2a: Necrozma|spe|1\n|turn|21\n|\n|t:|1698597534\n|move|p1a: Arceus|Earthquake|p2a: Necrozma\n|-damage|p2a: Necrozma|0 fnt\n|faint|p2a: Necrozma\n|\n|upkeep\n|-message|qingche forfeited.\n|\n|win|Breeze88\n|raw|Breeze88's rating: 1621 &rarr; <strong>1636<\/strong><br \/>(+15 for winning)\n|raw|qingche's rating: 1531 &rarr; <strong>1516<\/strong><br \/>(-15 for losing)\n|l|\u2606qingche\n|c|\u2606Breeze88|ggwp\n","uploadtime":1698597542,"views":10,"p1id":"breeze88","p2id":"qingche","formatid":"gen9nationaldexubers","rating":1516,"private":0,"password":""}