{"id":"gen9nationaldexubers-1988157377","p1":"variares DD","p2":"Adrian agrest","format":"[Gen 9] National Dex Ubers","log":"|j|\u2606variares DD\n|j|\u2606Adrian agrest\n|t:|1699676999\n|gametype|singles\n|player|p1|variares DD|acetrainercouple|1300\n|player|p2|Adrian agrest|n|1354\n|teamsize|p1|6\n|teamsize|p2|6\n|gen|9\n|tier|[Gen 9] National Dex Ubers\n|rated|\n|rule|HP Percentage Mod: HP is shown in percentages\n|rule|Endless Battle Clause: Forcing endless battles is banned\n|rule|OHKO Clause: OHKO moves are banned\n|rule|Evasion Moves Clause: Evasion moves are banned\n|rule|Evasion Items Clause: Evasion items are banned\n|rule|Species Clause: Limit one of each Pok\u00e9mon\n|rule|Sleep Clause Mod: Limit one foe put to sleep\n|rule|Mega Rayquaza Clause: You cannot mega evolve Rayquaza\n|clearpoke\n|poke|p1|Charizard, F|\n|poke|p1|Goodra-Hisui, M|\n|poke|p1|Corviknight, F|\n|poke|p1|Dragapult, M|\n|poke|p1|Heatran, F|\n|poke|p1|Landorus-Therian, M|\n|poke|p2|Groudon|\n|poke|p2|Necrozma-Dusk-Mane|\n|poke|p2|Latios, M|\n|poke|p2|Zacian-*|\n|poke|p2|Kyogre|\n|poke|p2|Rayquaza|\n|teampreview\n|inactive|Battle timer is ON: inactive players will automatically lose when time's up. (requested by variares DD)\n|inactive|variares DD has 120 seconds left.\n|c|\u2606Adrian agrest|U again\n|\n|t:|1699677039\n|start\n|switch|p1a: Charizard|Charizard, F, shiny|100\/100\n|switch|p2a: Kyogre|Kyogre, shiny|100\/100\n|detailschange|p2a: Kyogre|Kyogre-Primal, shiny\n|-primal|p2a: Kyogre|Blue Orb\n|-weather|PrimordialSea|[from] ability: Primordial Sea|[of] p2a: Kyogre\n|turn|1\n|\n|t:|1699677046\n|switch|p1a: Goodra|Goodra-Hisui, M, shiny|100\/100\n|move|p2a: Kyogre|Water Spout|p1a: Goodra\n|-resisted|p1a: Goodra\n|-damage|p1a: Goodra|78\/100\n|\n|-weather|PrimordialSea|[upkeep]\n|upkeep\n|turn|2\n|\n|t:|1699677070\n|-weather|none\n|switch|p2a: Groudon|Groudon, shiny|100\/100\n|detailschange|p2a: Groudon|Groudon-Primal, shiny\n|-primal|p2a: Groudon|Red Orb\n|-weather|DesolateLand|[from] ability: Desolate Land|[of] p2a: Groudon\n|move|p1a: Goodra|Ice Beam|p2a: Groudon\n|-damage|p2a: Groudon|78\/100\n|\n|-weather|DesolateLand|[upkeep]\n|upkeep\n|turn|3\n|c|\u2606Adrian agrest|Bitch\n|n|!Adrian agrest|adrianagrest\n|inactive|Adrian agrest has 120 seconds left.\n|\n|t:|1699677103\n|switch|p1a: Landorus|Landorus-Therian, M|100\/100\n|-ability|p1a: Landorus|Intimidate|boost\n|-unboost|p2a: Groudon|atk|1\n|move|p2a: Groudon|Precipice Blades|p1a: Landorus\n|-immune|p1a: Landorus\n|\n|-weather|DesolateLand|[upkeep]\n|upkeep\n|turn|4\n|\n|t:|1699677110\n|move|p1a: Landorus|Earthquake|p2a: Groudon\n|-supereffective|p2a: Groudon\n|-damage|p2a: Groudon|17\/100\n|move|p2a: Groudon|Ancient Power|p1a: Landorus\n|-damage|p1a: Landorus|73\/100\n|\n|-weather|DesolateLand|[upkeep]\n|-heal|p1a: Landorus|79\/100|[from] item: Leftovers\n|upkeep\n|turn|5\n|\n|t:|1699677125\n|-weather|none\n|switch|p2a: Kyogre|Kyogre-Primal, shiny|100\/100\n|-weather|PrimordialSea|[from] ability: Primordial Sea|[of] p2a: Kyogre\n|move|p1a: Landorus|Stone Edge|p2a: Kyogre\n|-damage|p2a: Kyogre|67\/100\n|\n|-weather|PrimordialSea|[upkeep]\n|-heal|p1a: Landorus|86\/100|[from] item: Leftovers\n|upkeep\n|turn|6\n|inactive|variares DD has 120 seconds left.\n|\n|t:|1699677160\n|switch|p1a: Goodra|Goodra-Hisui, M, shiny|78\/100\n|move|p2a: Kyogre|Water Spout|p1a: Goodra\n|-resisted|p1a: Goodra\n|-damage|p1a: Goodra|64\/100\n|\n|-weather|PrimordialSea|[upkeep]\n|upkeep\n|turn|7\n|\n|t:|1699677173\n|-weather|none\n|switch|p2a: Necrozma|Necrozma-Dusk-Mane|100\/100\n|move|p1a: Goodra|Sludge Bomb|p2a: Necrozma\n|-immune|p2a: Necrozma\n|\n|upkeep\n|turn|8\n|\n|t:|1699677181\n|move|p2a: Necrozma|Heat Wave|p1a: Goodra\n|-damage|p1a: Goodra|54\/100\n|move|p1a: Goodra|Flamethrower|p2a: Necrozma\n|-supereffective|p2a: Necrozma\n|-damage|p2a: Necrozma|72\/100\n|\n|upkeep\n|turn|9\n|\n|t:|1699677189\n|switch|p1a: Landorus|Landorus-Therian, M|86\/100\n|-ability|p1a: Landorus|Intimidate|boost\n|-unboost|p2a: Necrozma|atk|1\n|detailschange|p2a: Necrozma|Necrozma-Ultra\n|-burst|p2a: Necrozma|Necrozma|Ultranecrozium Z\n|move|p2a: Necrozma|Photon Geyser|p1a: Landorus\n|-damage|p1a: Landorus|15\/100\n|\n|-heal|p1a: Landorus|22\/100|[from] item: Leftovers\n|upkeep\n|turn|10\n|\n|t:|1699677201\n|switch|p1a: Goodra|Goodra-Hisui, M, shiny|54\/100\n|move|p2a: Necrozma|Photon Geyser|p1a: Goodra\n|-resisted|p1a: Goodra\n|-damage|p1a: Goodra|45\/100\n|\n|upkeep\n|turn|11\n|\n|t:|1699677205\n|-zpower|p2a: Necrozma\n|move|p2a: Necrozma|Light That Burns the Sky|p1a: Goodra|[zeffect]\n|-resisted|p1a: Goodra\n|-damage|p1a: Goodra|25\/100\n|move|p1a: Goodra|Ice Beam|p2a: Necrozma\n|-supereffective|p2a: Necrozma\n|-damage|p2a: Necrozma|28\/100\n|\n|upkeep\n|turn|12\n|\n|t:|1699677231\n|switch|p1a: Dragapult|Dragapult, M|100\/100\n|move|p2a: Necrozma|Sunsteel Strike|p1a: Dragapult\n|-damage|p1a: Dragapult|70\/100\n|\n|upkeep\n|turn|13\n|\n|t:|1699677240\n|move|p1a: Dragapult|Shadow Ball|p2a: Necrozma\n|-supereffective|p2a: Necrozma\n|-damage|p2a: Necrozma|0 fnt\n|faint|p2a: Necrozma\n|\n|upkeep\n|\n|t:|1699677244\n|switch|p2a: Zacian|Zacian-Crowned|100\/100\n|-ability|p2a: Zacian|Intrepid Sword|boost\n|-boost|p2a: Zacian|atk|1\n|turn|14\n|\n|t:|1699677259\n|switch|p1a: Landorus|Landorus-Therian, M|22\/100\n|-ability|p1a: Landorus|Intimidate|boost\n|-unboost|p2a: Zacian|atk|1\n|move|p2a: Zacian|Play Rough|p1a: Landorus\n|-damage|p1a: Landorus|0 fnt\n|faint|p1a: Landorus\n|\n|upkeep\n|\n|t:|1699677268\n|switch|p1a: Charizard|Charizard, F, shiny|100\/100\n|turn|15\n|\n|t:|1699677274\n|switch|p2a: Kyogre|Kyogre-Primal, shiny|67\/100\n|-weather|PrimordialSea|[from] ability: Primordial Sea|[of] p2a: Kyogre\n|detailschange|p1a: Charizard|Charizard-Mega-Y, F, shiny\n|-mega|p1a: Charizard|Charizard|Charizardite Y\n|-ability|p1a: Charizard|Drought|[from] primordialsea|[fail]\n|move|p1a: Charizard|Overheat||[still]\n|-fail|p1a: Charizard|Overheat|[from] Primordial Sea\n|\n|-weather|PrimordialSea|[upkeep]\n|upkeep\n|turn|16\n|\n|t:|1699677294\n|switch|p1a: Heatran|Heatran, F|100\/100\n|move|p2a: Kyogre|Water Spout|p1a: Heatran\n|-supereffective|p1a: Heatran\n|-damage|p1a: Heatran|0 fnt\n|faint|p1a: Heatran\n|\n|-weather|PrimordialSea|[upkeep]\n|upkeep\n|\n|t:|1699677296\n|switch|p1a: Goodra|Goodra-Hisui, M, shiny|25\/100\n|turn|17\n|\n|t:|1699677309\n|move|p2a: Kyogre|Rock Slide|p1a: Goodra\n|-resisted|p1a: Goodra\n|-damage|p1a: Goodra|14\/100\n|move|p1a: Goodra|Sludge Bomb|p2a: Kyogre\n|-damage|p2a: Kyogre|53\/100\n|\n|-weather|PrimordialSea|[upkeep]\n|upkeep\n|turn|18\n|\n|t:|1699677322\n|-weather|none\n|switch|p2a: Latios|Latios, M|100\/100\n|move|p1a: Goodra|Sludge Bomb|p2a: Latios\n|-damage|p2a: Latios|75\/100\n|\n|upkeep\n|turn|19\n|\n|t:|1699677331\n|switch|p1a: Dragapult|Dragapult, M|70\/100\n|detailschange|p2a: Latios|Latios-Mega, M\n|-mega|p2a: Latios|Latios|Latiosite\n|move|p2a: Latios|Dragon Pulse|p1a: Dragapult\n|-supereffective|p1a: Dragapult\n|-damage|p1a: Dragapult|0 fnt\n|faint|p1a: Dragapult\n|\n|upkeep\n|\n|t:|1699677338\n|switch|p1a: Corviknight|Corviknight, F|100\/100\n|-ability|p1a: Corviknight|Pressure\n|turn|20\n|\n|t:|1699677345\n|switch|p2a: Groudon|Groudon-Primal, shiny|17\/100\n|-weather|DesolateLand|[from] ability: Desolate Land|[of] p2a: Groudon\n|move|p1a: Corviknight|Iron Defense|p1a: Corviknight\n|-boost|p1a: Corviknight|def|2\n|\n|-weather|DesolateLand|[upkeep]\n|upkeep\n|turn|21\n|\n|t:|1699677365\n|move|p2a: Groudon|Eruption|p1a: Corviknight\n|-supereffective|p1a: Corviknight\n|-damage|p1a: Corviknight|64\/100\n|move|p1a: Corviknight|Iron Defense|p1a: Corviknight\n|-boost|p1a: Corviknight|def|2\n|\n|-weather|DesolateLand|[upkeep]\n|-heal|p1a: Corviknight|71\/100|[from] item: Leftovers\n|upkeep\n|turn|22\n|c|\u2606variares DD|L eruption\n|\n|t:|1699677382\n|move|p2a: Groudon|Ancient Power|p1a: Corviknight\n|-damage|p1a: Corviknight|51\/100\n|-boost|p2a: Groudon|atk|1\n|-boost|p2a: Groudon|def|1\n|-boost|p2a: Groudon|spa|1\n|-boost|p2a: Groudon|spd|1\n|-boost|p2a: Groudon|spe|1\n|move|p1a: Corviknight|Roost|p1a: Corviknight\n|-heal|p1a: Corviknight|100\/100\n|-singleturn|p1a: Corviknight|move: Roost\n|\n|-weather|DesolateLand|[upkeep]\n|upkeep\n|turn|23\n|\n|t:|1699677387\n|move|p2a: Groudon|Eruption|p1a: Corviknight\n|-supereffective|p1a: Corviknight\n|-damage|p1a: Corviknight|48\/100\n|move|p1a: Corviknight|Body Press|p2a: Groudon\n|-damage|p2a: Groudon|0 fnt\n|faint|p2a: Groudon\n|-weather|none\n|\n|-heal|p1a: Corviknight|54\/100|[from] item: Leftovers\n|upkeep\n|\n|t:|1699677392\n|switch|p2a: Kyogre|Kyogre-Primal, shiny|53\/100\n|-weather|PrimordialSea|[from] ability: Primordial Sea|[of] p2a: Kyogre\n|turn|24\n|\n|t:|1699677407\n|switch|p1a: Charizard|Charizard-Mega-Y, F, shiny|100\/100\n|-ability|p1a: Charizard|Drought|[from] primordialsea|[fail]\n|move|p2a: Kyogre|Water Spout|p1a: Charizard\n|-supereffective|p1a: Charizard\n|-damage|p1a: Charizard|0 fnt\n|faint|p1a: Charizard\n|\n|-weather|PrimordialSea|[upkeep]\n|upkeep\n|\n|t:|1699677408\n|switch|p1a: Goodra|Goodra-Hisui, M, shiny|14\/100\n|turn|25\n|\n|t:|1699677418\n|move|p2a: Kyogre|Water Spout|p1a: Goodra\n|-resisted|p1a: Goodra\n|-damage|p1a: Goodra|2\/100\n|move|p1a: Goodra|Ice Beam|p2a: Kyogre\n|-resisted|p2a: Kyogre\n|-damage|p2a: Kyogre|47\/100\n|\n|-weather|PrimordialSea|[upkeep]\n|upkeep\n|turn|26\n|\n|t:|1699677436\n|move|p2a: Kyogre|Thunder|p1a: Goodra\n|-resisted|p1a: Goodra\n|-damage|p1a: Goodra|0 fnt\n|faint|p1a: Goodra\n|\n|-weather|PrimordialSea|[upkeep]\n|upkeep\n|\n|t:|1699677437\n|switch|p1a: Corviknight|Corviknight, F|54\/100\n|-ability|p1a: Corviknight|Pressure\n|turn|27\n|\n|t:|1699677441\n|move|p2a: Kyogre|Water Spout|p1a: Corviknight\n|-damage|p1a: Corviknight|0 fnt\n|faint|p1a: Corviknight\n|\n|win|Adrian agrest\n|raw|variares DD's rating: 1283 &rarr; <strong>1263<\/strong><br \/>(-20 for losing)\n|raw|Adrian agrest's rating: 1354 &rarr; <strong>1370<\/strong><br \/>(+16 for winning)\n","uploadtime":1699677086,"views":3,"p1id":"variaresdd","p2id":"adrianagrest","formatid":"gen9nationaldexubers","rating":1263,"private":0,"password":""}