{"id":"gen9nationaldexubers-1979164632","p1":"DavBluDino","p2":"grass knot zygarde","format":"[Gen 9] National Dex Ubers","log":"|j|\u2606DavBluDino\n|j|\u2606grass knot zygarde\n|t:|1698642081\n|gametype|singles\n|player|p1|DavBluDino|265|1662\n|player|p2|grass knot zygarde|dawn|1655\n|teamsize|p1|6\n|teamsize|p2|6\n|gen|9\n|tier|[Gen 9] National Dex Ubers\n|rated|\n|rule|HP Percentage Mod: HP is shown in percentages\n|rule|Endless Battle Clause: Forcing endless battles is banned\n|rule|OHKO Clause: OHKO moves are banned\n|rule|Evasion Moves Clause: Evasion moves are banned\n|rule|Evasion Items Clause: Evasion items are banned\n|rule|Species Clause: Limit one of each Pok\u00e9mon\n|rule|Sleep Clause Mod: Limit one foe put to sleep\n|rule|Mega Rayquaza Clause: You cannot mega evolve Rayquaza\n|clearpoke\n|poke|p1|Sableye, F|\n|poke|p1|Chansey, F|\n|poke|p1|Ferrothorn, F|\n|poke|p1|Toxapex, F|\n|poke|p1|Rotom-Wash|\n|poke|p1|Ditto|\n|poke|p2|Chi-Yu|\n|poke|p2|Glimmora, F|\n|poke|p2|Groudon|\n|poke|p2|Arceus-Ghost|\n|poke|p2|Xerneas-*|\n|poke|p2|Zekrom|\n|teampreview\n|inactive|Battle timer is ON: inactive players will automatically lose when time's up. (requested by DavBluDino)\n|inactive|grass knot zygarde has 120 seconds left.\n|\n|t:|1698642117\n|start\n|switch|p1a: Chansey|Chansey, F|100\/100\n|switch|p2a: \ua329\ua35f\ua074\ua14f\ua2ea\ua038\ua038\ua0a6\ua329\ua038\ua018\ua02d|Glimmora, F, shiny|100\/100\n|turn|1\n|j| incrediblebraps\n|\n|t:|1698642125\n|move|p2a: \ua329\ua35f\ua074\ua14f\ua2ea\ua038\ua038\ua0a6\ua329\ua038\ua018\ua02d|Spikes|p1a: Chansey\n|-sidestart|p1: DavBluDino|Spikes\n|move|p1a: Chansey|Stealth Rock|p2a: \ua329\ua35f\ua074\ua14f\ua2ea\ua038\ua038\ua0a6\ua329\ua038\ua018\ua02d\n|-sidestart|p2: grass knot zygarde|move: Stealth Rock\n|\n|upkeep\n|turn|2\n|\n|t:|1698642132\n|switch|p1a: Ferrothorn|Ferrothorn, F|100\/100\n|-damage|p1a: Ferrothorn|88\/100|[from] Spikes\n|move|p2a: \ua329\ua35f\ua074\ua14f\ua2ea\ua038\ua038\ua0a6\ua329\ua038\ua018\ua02d|Spikes|p1a: Ferrothorn\n|-sidestart|p1: DavBluDino|Spikes\n|\n|-heal|p1a: Ferrothorn|94\/100|[from] item: Leftovers\n|upkeep\n|turn|3\n|\n|t:|1698642134\n|move|p2a: \ua329\ua35f\ua074\ua14f\ua2ea\ua038\ua038\ua0a6\ua329\ua038\ua018\ua02d|Spikes|p1a: Ferrothorn\n|-sidestart|p1: DavBluDino|Spikes\n|move|p1a: Ferrothorn|Substitute|p1a: Ferrothorn\n|-start|p1a: Ferrothorn|Substitute\n|-damage|p1a: Ferrothorn|69\/100\n|\n|-heal|p1a: Ferrothorn|75\/100|[from] item: Leftovers\n|upkeep\n|turn|4\n|\n|t:|1698642152\n|switch|p2a: So Far I Came|Groudon, shiny|100\/100\n|-damage|p2a: So Far I Came|94\/100|[from] Stealth Rock\n|detailschange|p2a: So Far I Came|Groudon-Primal, shiny\n|-primal|p2a: So Far I Came|Red Orb\n|-weather|DesolateLand|[from] ability: Desolate Land|[of] p2a: So Far I Came\n|move|p1a: Ferrothorn|Leech Seed|p2a: So Far I Came\n|-start|p2a: So Far I Came|move: Leech Seed\n|\n|-weather|DesolateLand|[upkeep]\n|-heal|p1a: Ferrothorn|81\/100|[from] item: Leftovers\n|-damage|p2a: So Far I Came|82\/100|[from] Leech Seed|[of] p1a: Ferrothorn\n|-heal|p1a: Ferrothorn|93\/100|[silent]\n|upkeep\n|turn|5\n|\n|t:|1698642163\n|move|p2a: So Far I Came|Swords Dance|p2a: So Far I Came\n|-boost|p2a: So Far I Came|atk|2\n|move|p1a: Ferrothorn|Substitute|p1a: Ferrothorn\n|-fail|p1a: Ferrothorn|move: Substitute\n|\n|-weather|DesolateLand|[upkeep]\n|-heal|p1a: Ferrothorn|99\/100|[from] item: Leftovers\n|-damage|p2a: So Far I Came|70\/100|[from] Leech Seed|[of] p1a: Ferrothorn\n|-heal|p1a: Ferrothorn|100\/100|[silent]\n|upkeep\n|turn|6\n|\n|t:|1698642176\n|move|p2a: So Far I Came|Earthquake|p1a: Ferrothorn\n|-end|p1a: Ferrothorn|Substitute\n|move|p1a: Ferrothorn|Substitute|p1a: Ferrothorn\n|-start|p1a: Ferrothorn|Substitute\n|-damage|p1a: Ferrothorn|76\/100\n|\n|-weather|DesolateLand|[upkeep]\n|-heal|p1a: Ferrothorn|82\/100|[from] item: Leftovers\n|-damage|p2a: So Far I Came|58\/100|[from] Leech Seed|[of] p1a: Ferrothorn\n|-heal|p1a: Ferrothorn|94\/100|[silent]\n|upkeep\n|turn|7\n|\n|t:|1698642181\n|-weather|none\n|switch|p2a: Ride til ya die|Arceus-Ghost|100\/100\n|-damage|p2a: Ride til ya die|88\/100|[from] Stealth Rock\n|move|p1a: Ferrothorn|Substitute|p1a: Ferrothorn\n|-fail|p1a: Ferrothorn|move: Substitute\n|\n|-heal|p1a: Ferrothorn|99\/100|[from] item: Leftovers\n|upkeep\n|turn|8\n|\n|t:|1698642186\n|move|p2a: Ride til ya die|Taunt|p1a: Ferrothorn\n|-start|p1a: Ferrothorn|move: Taunt\n|cant|p1a: Ferrothorn|move: Taunt|Spikes\n|\n|-heal|p1a: Ferrothorn|100\/100|[from] item: Leftovers\n|upkeep\n|turn|9\n|\n|t:|1698642190\n|move|p2a: Ride til ya die|Dragon Dance|p2a: Ride til ya die\n|-boost|p2a: Ride til ya die|atk|1\n|-boost|p2a: Ride til ya die|spe|1\n|move|p1a: Ferrothorn|Knock Off|p2a: Ride til ya die\n|-supereffective|p2a: Ride til ya die\n|-damage|p2a: Ride til ya die|69\/100\n|\n|upkeep\n|turn|10\n|\n|t:|1698642194\n|switch|p1a: Rotom|Rotom-Wash|100\/100\n|move|p2a: Ride til ya die|Dragon Dance|p2a: Ride til ya die\n|-boost|p2a: Ride til ya die|atk|1\n|-boost|p2a: Ride til ya die|spe|1\n|\n|upkeep\n|turn|11\n|\n|t:|1698642201\n|move|p2a: Ride til ya die|Shadow Force||[still]\n|-prepare|p2a: Ride til ya die|Shadow Force\n|move|p1a: Rotom|Will-O-Wisp|p2a: Ride til ya die|[miss]\n|-miss|p1a: Rotom|p2a: Ride til ya die\n|\n|upkeep\n|turn|12\n|\n|t:|1698642205\n|switch|p1a: Chansey|Chansey, F|100\/100\n|-damage|p1a: Chansey|76\/100|[from] Spikes\n|move|p2a: Ride til ya die|Shadow Force|p1a: Chansey|[from]lockedmove\n|-immune|p1a: Chansey\n|\n|upkeep\n|turn|13\n|\n|t:|1698642210\n|switch|p1a: Rotom|Rotom-Wash|100\/100\n|move|p2a: Ride til ya die|Taunt|p1a: Rotom\n|-start|p1a: Rotom|move: Taunt\n|\n|upkeep\n|turn|14\n|\n|t:|1698642221\n|switch|p1a: Sableye|Sableye, F|100\/100\n|-damage|p1a: Sableye|76\/100|[from] Spikes\n|move|p2a: Ride til ya die|Extreme Speed|p1a: Sableye\n|-immune|p1a: Sableye\n|\n|upkeep\n|turn|15\n|\n|t:|1698642228\n|move|p1a: Sableye|Encore|p2a: Ride til ya die\n|-start|p2a: Ride til ya die|Encore\n|move|p2a: Ride til ya die|Extreme Speed|p1a: Sableye\n|-immune|p1a: Sableye\n|\n|upkeep\n|turn|16\n|\n|t:|1698642234\n|switch|p2a: Eyez see the shyne|Xerneas, shiny|100\/100\n|-damage|p2a: Eyez see the shyne|88\/100|[from] Stealth Rock\n|-ability|p2a: Eyez see the shyne|Fairy Aura\n|move|p1a: Sableye|Foul Play|p2a: Eyez see the shyne\n|-resisted|p2a: Eyez see the shyne\n|-damage|p2a: Eyez see the shyne|75\/100\n|\n|upkeep\n|turn|17\n|\n|t:|1698642240\n|switch|p1a: Toxapex|Toxapex, F|100\/100\n|-damage|p1a: Toxapex|75\/100|[from] Spikes\n|move|p2a: Eyez see the shyne|Moonblast|p1a: Toxapex\n|-resisted|p1a: Toxapex\n|-damage|p1a: Toxapex|51\/100\n|\n|-heal|p1a: Toxapex|57\/100|[from] item: Leftovers\n|upkeep\n|turn|18\n|\n|t:|1698642248\n|move|p2a: Eyez see the shyne|Thunderbolt|p1a: Toxapex\n|-supereffective|p1a: Toxapex\n|-damage|p1a: Toxapex|4\/100\n|move|p1a: Toxapex|Toxic|p2a: Eyez see the shyne\n|-status|p2a: Eyez see the shyne|tox\n|\n|-heal|p1a: Toxapex|10\/100|[from] item: Leftovers\n|-damage|p2a: Eyez see the shyne|69\/100 tox|[from] psn\n|upkeep\n|turn|19\n|\n|t:|1698642251\n|switch|p1a: Rotom|Rotom-Wash|100\/100\n|move|p2a: Eyez see the shyne|Moonblast|p1a: Rotom\n|-damage|p1a: Rotom|26\/100\n|\n|-damage|p2a: Eyez see the shyne|56\/100 tox|[from] psn\n|upkeep\n|turn|20\n|\n|t:|1698642255\n|move|p1a: Rotom|Defog|p2a: Eyez see the shyne\n|-unboost|p2a: Eyez see the shyne|evasion|1\n|-sideend|p2: grass knot zygarde|Stealth Rock|[from] move: Defog|[of] p1a: Rotom\n|-sideend|p1: DavBluDino|Spikes|[from] move: Defog|[of] p1a: Rotom\n|move|p2a: Eyez see the shyne|Moonblast|p1a: Rotom\n|-crit|p1a: Rotom\n|-damage|p1a: Rotom|0 fnt\n|faint|p1a: Rotom\n|\n|-damage|p2a: Eyez see the shyne|38\/100 tox|[from] psn\n|upkeep\n|\n|t:|1698642261\n|switch|p1a: Ditto|Ditto|100\/100\n|-transform|p1a: Ditto|p2a: Eyez see the shyne|[from] ability: Imposter\n|-ability|p1a: Ditto|Fairy Aura\n|turn|21\n|\n|t:|1698642269\n|move|p1a: Ditto|Moonblast|p2a: Eyez see the shyne\n|-damage|p2a: Eyez see the shyne|0 fnt\n|faint|p2a: Eyez see the shyne\n|\n|upkeep\n|\n|t:|1698642274\n|switch|p2a: So Far I Came|Groudon-Primal, shiny|58\/100\n|-weather|DesolateLand|[from] ability: Desolate Land|[of] p2a: So Far I Came\n|turn|22\n|\n|t:|1698642280\n|switch|p1a: Chansey|Chansey, F|76\/100\n|move|p2a: So Far I Came|Heat Crash|p1a: Chansey\n|-damage|p1a: Chansey|0 fnt\n|faint|p1a: Chansey\n|\n|-weather|DesolateLand|[upkeep]\n|upkeep\n|\n|t:|1698642286\n|switch|p1a: Ditto|Ditto|100\/100\n|-transform|p1a: Ditto|p2a: So Far I Came|[from] ability: Imposter\n|turn|23\n|\n|t:|1698642302\n|move|p1a: Ditto|Earthquake|p2a: So Far I Came\n|-supereffective|p2a: So Far I Came\n|-damage|p2a: So Far I Came|0 fnt\n|faint|p2a: So Far I Came\n|\n|-weather|DesolateLand|[upkeep]\n|upkeep\n|\n|t:|1698642307\n|switch|p2a: \ua329\ua35f\ua074\ua14f\ua2ea\ua038\ua038\ua0a6\ua329\ua038\ua018\ua02d|Glimmora, F, shiny|100\/100\n|turn|24\n|\n|t:|1698642312\n|-weather|none\n|switch|p1a: Sableye|Sableye, F|76\/100\n|move|p2a: \ua329\ua35f\ua074\ua14f\ua2ea\ua038\ua038\ua0a6\ua329\ua038\ua018\ua02d|Mud Shot|p1a: Sableye\n|-damage|p1a: Sableye|48\/100\n|-unboost|p1a: Sableye|spe|1\n|\n|upkeep\n|turn|25\n|\n|t:|1698642320\n|detailschange|p1a: Sableye|Sableye-Mega, F\n|-mega|p1a: Sableye|Sableye|Sablenite\n|move|p2a: \ua329\ua35f\ua074\ua14f\ua2ea\ua038\ua038\ua0a6\ua329\ua038\ua018\ua02d|Mortal Spin|p1a: Sableye\n|-resisted|p1a: Sableye\n|-damage|p1a: Sableye|45\/100\n|-status|p1a: Sableye|psn\n|move|p1a: Sableye|Recover|p1a: Sableye\n|-heal|p1a: Sableye|96\/100 psn\n|\n|-damage|p1a: Sableye|83\/100 psn|[from] psn\n|upkeep\n|turn|26\n|\n|t:|1698642332\n|move|p2a: \ua329\ua35f\ua074\ua14f\ua2ea\ua038\ua038\ua0a6\ua329\ua038\ua018\ua02d|Power Gem|p1a: Sableye\n|-damage|p1a: Sableye|42\/100 psn\n|move|p1a: Sableye|Will-O-Wisp|p2a: \ua329\ua35f\ua074\ua14f\ua2ea\ua038\ua038\ua0a6\ua329\ua038\ua018\ua02d\n|-status|p2a: \ua329\ua35f\ua074\ua14f\ua2ea\ua038\ua038\ua0a6\ua329\ua038\ua018\ua02d|brn\n|\n|-damage|p1a: Sableye|30\/100 psn|[from] psn\n|-damage|p2a: \ua329\ua35f\ua074\ua14f\ua2ea\ua038\ua038\ua0a6\ua329\ua038\ua018\ua02d|94\/100 brn|[from] brn\n|upkeep\n|turn|27\n|\n|t:|1698642338\n|switch|p1a: Ferrothorn|Ferrothorn, F|100\/100\n|move|p2a: \ua329\ua35f\ua074\ua14f\ua2ea\ua038\ua038\ua0a6\ua329\ua038\ua018\ua02d|Spikes|p1a: Ferrothorn\n|-sidestart|p1: DavBluDino|Spikes\n|\n|-damage|p2a: \ua329\ua35f\ua074\ua14f\ua2ea\ua038\ua038\ua0a6\ua329\ua038\ua018\ua02d|88\/100 brn|[from] brn\n|upkeep\n|turn|28\n|\n|t:|1698642346\n|switch|p2a: Rifle With a Scope|Chi-Yu|100\/100\n|-ability|p2a: Rifle With a Scope|Beads of Ruin\n|move|p1a: Ferrothorn|Spikes|p2a: Rifle With a Scope\n|-sidestart|p2: grass knot zygarde|Spikes\n|\n|upkeep\n|turn|29\n|\n|t:|1698642350\n|switch|p1a: Sableye|Sableye-Mega, F|30\/100 psn\n|-damage|p1a: Sableye|18\/100 psn|[from] Spikes\n|move|p2a: Rifle With a Scope|Substitute|p2a: Rifle With a Scope\n|-start|p2a: Rifle With a Scope|Substitute\n|-damage|p2a: Rifle With a Scope|76\/100\n|\n|-damage|p1a: Sableye|6\/100 psn|[from] psn\n|upkeep\n|turn|30\n|c| incrediblebraps|pffft\n|c| incrediblebraps|it's ovosaurus rex\n|\n|t:|1698642358\n|move|p2a: Rifle With a Scope|Flamethrower|p1a: Sableye\n|-damage|p1a: Sableye|0 fnt\n|faint|p1a: Sableye\n|\n|upkeep\n|-message|DavBluDino forfeited.\n|\n|win|grass knot zygarde\n|raw|DavBluDino's rating: 1662 &rarr; <strong>1642<\/strong><br \/>(-20 for losing)\n|raw|grass knot zygarde's rating: 1655 &rarr; <strong>1675<\/strong><br \/>(+20 for winning)\n|l|\u2606DavBluDino\n|c| incrediblebraps|yeee\n|c| incrediblebraps|now join\n|c|\u2606grass knot zygarde|terp\n|l| incrediblebraps\n","uploadtime":1698642373,"views":11,"p1id":"davbludino","p2id":"grassknotzygarde","formatid":"gen9nationaldexubers","rating":1642,"private":0,"password":""}