{"id":"gen9nationaldexubers-1986833747","p1":"Hallorenzo","p2":"Geedis","format":"[Gen 9] National Dex Ubers","log":"|j|\u2606Hallorenzo\n|j|\u2606Geedis\n|t:|1699531842\n|gametype|singles\n|player|p1|Hallorenzo|harlequin|1058\n|player|p2|Geedis|skier|1115\n|teamsize|p1|6\n|teamsize|p2|6\n|gen|9\n|tier|[Gen 9] National Dex Ubers\n|rated|\n|rule|HP Percentage Mod: HP is shown in percentages\n|rule|Endless Battle Clause: Forcing endless battles is banned\n|rule|OHKO Clause: OHKO moves are banned\n|rule|Evasion Moves Clause: Evasion moves are banned\n|rule|Evasion Items Clause: Evasion items are banned\n|rule|Species Clause: Limit one of each Pok\u00e9mon\n|rule|Sleep Clause Mod: Limit one foe put to sleep\n|rule|Mega Rayquaza Clause: You cannot mega evolve Rayquaza\n|clearpoke\n|poke|p1|Rillaboom, F|\n|poke|p1|Chatot, F|\n|poke|p1|Primarina, F|\n|poke|p1|Meloetta|\n|poke|p1|Toxtricity, F|\n|poke|p1|Kricketune, F|\n|poke|p2|Groudon|\n|poke|p2|Xerneas-*|\n|poke|p2|Urshifu-*, M|\n|poke|p2|Marshadow|\n|poke|p2|Spectrier|\n|poke|p2|Darkrai|\n|teampreview\n|inactive|Battle timer is ON: inactive players will automatically lose when time's up. (requested by Geedis)\n|\n|t:|1699531852\n|start\n|switch|p1a: Erste Geige|Kricketune, F|100\/100\n|switch|p2a: Darkrai|Darkrai|100\/100\n|turn|1\n|c|\u2606Geedis|!weak kricketine\n|c| Geedis|\/raw <div class=\"infobox\">kricketine isn't a recognized type or Pokemon.<\/div>\n|c|\u2606Geedis|!weak kricketune\n|c| Geedis|\/raw <div class=\"infobox\">Kricketune (ignoring abilities):<br \/><span class=\"message-effect-weak\">Weaknesses<\/span>: Fire, Flying, Rock<br \/><span class=\"message-effect-resist\">Resistances<\/span>: Fighting, Grass, Ground<br \/><span class=\"message-effect-immune\">Immunities<\/span>: <font color=#999999>None<\/font><\/div>\n|\n|t:|1699531874\n|-terastallize|p2a: Darkrai|Dark\n|move|p2a: Darkrai|Dark Void|p1a: Erste Geige|[miss]\n|-miss|p2a: Darkrai|p1a: Erste Geige\n|move|p1a: Erste Geige|Sticky Web|p2a: Darkrai\n|-sidestart|p2: Geedis|move: Sticky Web\n|\n|upkeep\n|turn|2\n|\n|t:|1699531882\n|move|p2a: Darkrai|Dark Void|p1a: Erste Geige|[miss]\n|-miss|p2a: Darkrai|p1a: Erste Geige\n|move|p1a: Erste Geige|Endeavor|p2a: Darkrai\n|-immune|p2a: Darkrai\n|\n|upkeep\n|turn|3\n|\n|t:|1699531892\n|move|p2a: Darkrai|Dark Void|p1a: Erste Geige|[miss]\n|-miss|p2a: Darkrai|p1a: Erste Geige\n|move|p1a: Erste Geige|Pounce|p2a: Darkrai\n|-supereffective|p2a: Darkrai\n|-damage|p2a: Darkrai|7\/100\n|-unboost|p2a: Darkrai|spe|1\n|\n|upkeep\n|turn|4\n|\n|t:|1699531900\n|move|p2a: Darkrai|Dark Void|p1a: Erste Geige|[miss]\n|-miss|p2a: Darkrai|p1a: Erste Geige\n|move|p1a: Erste Geige|Pounce|p2a: Darkrai\n|-supereffective|p2a: Darkrai\n|-damage|p2a: Darkrai|0 fnt\n|faint|p2a: Darkrai\n|\n|upkeep\n|c|\u2606Geedis|!data pounce]\n|raw|<ul class=\"utilichart\"><li class=\"result\"><span class=\"col movenamecol\"><a href=\"https:\/\/dex.pokemonshowdown.com\/moves\/pounce\">Pounce<\/a><\/span> <span class=\"col typecol\"><img src=\"\/\/play.pokemonshowdown.com\/sprites\/types\/Bug.png\" alt=\"Bug\" width=\"32\" height=\"14\"><img src=\"\/\/play.pokemonshowdown.com\/sprites\/categories\/Physical.png\" alt=\"Physical\" width=\"32\" height=\"14\"><\/span> <span class=\"col labelcol\"><em>Power<\/em><br>50<\/span> <span class=\"col widelabelcol\"><em>Accuracy<\/em><br>100%<\/span> <span class=\"col pplabelcol\"><em>PP<\/em><br>32<\/span> <span class=\"col movedesccol\">100% chance to lower the target's Speed by 1.<\/span> <\/li><li style=\"clear:both\"><\/li><\/ul>\n\n|\n|t:|1699531912\n|switch|p2a: BigBigBadBoy|Groudon|100\/100\n|-activate|p2a: BigBigBadBoy|move: Sticky Web\n|-unboost|p2a: BigBigBadBoy|spe|1\n|detailschange|p2a: BigBigBadBoy|Groudon-Primal\n|-primal|p2a: BigBigBadBoy|Red Orb\n|-weather|DesolateLand|[from] ability: Desolate Land|[of] p2a: BigBigBadBoy\n|turn|5\n|\n|t:|1699531921\n|move|p1a: Erste Geige|Taunt|p2a: BigBigBadBoy\n|-start|p2a: BigBigBadBoy|move: Taunt\n|move|p2a: BigBigBadBoy|Eruption|p1a: Erste Geige\n|-supereffective|p1a: Erste Geige\n|-enditem|p1a: Erste Geige|Focus Sash\n|-damage|p1a: Erste Geige|1\/100\n|\n|-weather|DesolateLand|[upkeep]\n|upkeep\n|turn|6\n|\n|t:|1699531930\n|move|p1a: Erste Geige|Endeavor|p2a: BigBigBadBoy\n|-damage|p2a: BigBigBadBoy|1\/100\n|move|p2a: BigBigBadBoy|Hidden Power|p1a: Erste Geige\n|-damage|p1a: Erste Geige|0 fnt\n|faint|p1a: Erste Geige\n|\n|-weather|DesolateLand|[upkeep]\n|upkeep\n|\n|t:|1699531939\n|switch|p1a: Trommel Uh-Ah|Rillaboom, F|100\/100\n|-fieldstart|move: Grassy Terrain|[from] ability: Grassy Surge|[of] p1a: Trommel Uh-Ah\n|turn|7\n|\n|t:|1699531948\n|move|p1a: Trommel Uh-Ah|Grassy Glide|p2a: BigBigBadBoy\n|-damage|p2a: BigBigBadBoy|0 fnt\n|faint|p2a: BigBigBadBoy\n|-weather|none\n|\n|upkeep\n|\n|t:|1699531952\n|switch|p2a: Spectrier|Spectrier|100\/100\n|-activate|p2a: Spectrier|move: Sticky Web\n|-unboost|p2a: Spectrier|spe|1\n|turn|8\n|\n|t:|1699531962\n|move|p2a: Spectrier|Poltergeist|p1a: Trommel Uh-Ah\n|-activate|p1a: Trommel Uh-Ah|move: Poltergeist|Leftovers\n|-damage|p1a: Trommel Uh-Ah|69\/100\n|move|p1a: Trommel Uh-Ah|Swords Dance|p1a: Trommel Uh-Ah\n|-boost|p1a: Trommel Uh-Ah|atk|2\n|\n|-heal|p1a: Trommel Uh-Ah|75\/100|[from] Grassy Terrain\n|-heal|p1a: Trommel Uh-Ah|81\/100|[from] item: Leftovers\n|upkeep\n|turn|9\n|\n|t:|1699531974\n|move|p2a: Spectrier|Phantom Force||[still]\n|-prepare|p2a: Spectrier|Phantom Force\n|move|p1a: Trommel Uh-Ah|Wood Hammer|p2a: Spectrier|[miss]\n|-miss|p1a: Trommel Uh-Ah|p2a: Spectrier\n|\n|-heal|p1a: Trommel Uh-Ah|87\/100|[from] Grassy Terrain\n|-heal|p1a: Trommel Uh-Ah|93\/100|[from] item: Leftovers\n|upkeep\n|turn|10\n|\n|t:|1699531982\n|move|p2a: Spectrier|Phantom Force|p1a: Trommel Uh-Ah|[from]lockedmove\n|-damage|p1a: Trommel Uh-Ah|64\/100\n|move|p1a: Trommel Uh-Ah|Wood Hammer|p2a: Spectrier\n|-damage|p2a: Spectrier|0 fnt\n|faint|p2a: Spectrier\n|-damage|p1a: Trommel Uh-Ah|36\/100|[from] Recoil\n|\n|-heal|p1a: Trommel Uh-Ah|42\/100|[from] Grassy Terrain\n|-heal|p1a: Trommel Uh-Ah|48\/100|[from] item: Leftovers\n|upkeep\n|\n|t:|1699531989\n|switch|p2a: Geef|Urshifu, M|100\/100\n|-activate|p2a: Geef|move: Sticky Web\n|-unboost|p2a: Geef|spe|1\n|turn|11\n|\n|t:|1699532002\n|move|p2a: Geef|Wicked Blow|p1a: Trommel Uh-Ah\n|-crit|p1a: Trommel Uh-Ah\n|-damage|p1a: Trommel Uh-Ah|0 fnt\n|faint|p1a: Trommel Uh-Ah\n|\n|-fieldend|move: Grassy Terrain\n|upkeep\n|\n|t:|1699532016\n|switch|p1a: MissMalSoMalSo|Meloetta|100\/100\n|turn|12\n|c|\u2606Geedis|check wicked blow data\n|\n|t:|1699532022\n|-terastallize|p1a: MissMalSoMalSo|Ghost\n|move|p1a: MissMalSoMalSo|Relic Song|p2a: Geef\n|-damage|p2a: Geef|21\/100\n|-status|p2a: Geef|slp|[from] move: Relic Song\n|-formechange|p1a: MissMalSoMalSo|Meloetta-Pirouette|[msg]\n|-damage|p1a: MissMalSoMalSo|91\/100|[from] item: Life Orb\n|cant|p2a: Geef|slp\n|\n|upkeep\n|turn|13\n|c|\u2606Geedis|!data relic song\n|raw|<ul class=\"utilichart\"><li class=\"result\"><span class=\"col movenamecol\"><a href=\"https:\/\/dex.pokemonshowdown.com\/moves\/relicsong\">Relic Song<\/a><\/span> <span class=\"col typecol\"><img src=\"\/\/play.pokemonshowdown.com\/sprites\/types\/Normal.png\" alt=\"Normal\" width=\"32\" height=\"14\"><img src=\"\/\/play.pokemonshowdown.com\/sprites\/categories\/Special.png\" alt=\"Special\" width=\"32\" height=\"14\"><\/span> <span class=\"col labelcol\"><em>Power<\/em><br>75<\/span> <span class=\"col widelabelcol\"><em>Accuracy<\/em><br>100%<\/span> <span class=\"col pplabelcol\"><em>PP<\/em><br>16<\/span> <span class=\"col movedesccol\">10% chance to sleep foe(s). Meloetta transforms.<\/span> <\/li><li style=\"clear:both\"><\/li><\/ul>\n\n|\n|t:|1699532040\n|move|p1a: MissMalSoMalSo|Close Combat|p2a: Geef\n|-supereffective|p2a: Geef\n|-damage|p2a: Geef|0 fnt\n|-unboost|p1a: MissMalSoMalSo|def|1\n|-unboost|p1a: MissMalSoMalSo|spd|1\n|faint|p2a: Geef\n|-damage|p1a: MissMalSoMalSo|81\/100|[from] item: Life Orb\n|\n|upkeep\n|\n|t:|1699532052\n|switch|p2a: Marshadow|Marshadow|100\/100\n|-activate|p2a: Marshadow|move: Sticky Web\n|-unboost|p2a: Marshadow|spe|1\n|turn|14\n|\n|t:|1699532057\n|move|p1a: MissMalSoMalSo|Tera Blast|p2a: Marshadow|[anim] Tera Blast Ghost\n|-supereffective|p2a: Marshadow\n|-damage|p2a: Marshadow|0 fnt\n|faint|p2a: Marshadow\n|-damage|p1a: MissMalSoMalSo|71\/100|[from] item: Life Orb\n|\n|upkeep\n|\n|t:|1699532062\n|switch|p2a: Dooggee|Xerneas|100\/100\n|-activate|p2a: Dooggee|move: Sticky Web\n|-unboost|p2a: Dooggee|spe|1\n|-ability|p2a: Dooggee|Fairy Aura\n|turn|15\n|\n|t:|1699532073\n|move|p1a: MissMalSoMalSo|Relic Song|p2a: Dooggee\n|-damage|p2a: Dooggee|77\/100\n|-status|p2a: Dooggee|slp|[from] move: Relic Song\n|-formechange|p1a: MissMalSoMalSo|Meloetta|[msg]\n|-damage|p1a: MissMalSoMalSo|61\/100|[from] item: Life Orb\n|cant|p2a: Dooggee|slp\n|\n|upkeep\n|turn|16\n|-message|Geedis forfeited.\n|\n|win|Hallorenzo\n|raw|Hallorenzo's rating: 1058 &rarr; <strong>1094<\/strong><br \/>(+36 for winning)\n|raw|Geedis's rating: 1115 &rarr; <strong>1086<\/strong><br \/>(-29 for losing)\n|l|\u2606Geedis\n","uploadtime":1699532087,"views":7,"p1id":"hallorenzo","p2id":"geedis","formatid":"gen9nationaldexubers","rating":1086,"private":0,"password":""}