{"id":"gen9nationaldexubers-1985888042","p1":"hutoew","p2":"yxszd","format":"[Gen 9] National Dex Ubers","log":"|j|\u2606hutoew\n|j|\u2606yxszd\n|t:|1699417877\n|gametype|singles\n|player|p1|hutoew|hilda|1382\n|player|p2|yxszd|dawn-gen4pt|1351\n|teamsize|p1|6\n|teamsize|p2|6\n|gen|9\n|tier|[Gen 9] National Dex Ubers\n|rated|\n|rule|HP Percentage Mod: HP is shown in percentages\n|rule|Endless Battle Clause: Forcing endless battles is banned\n|rule|OHKO Clause: OHKO moves are banned\n|rule|Evasion Moves Clause: Evasion moves are banned\n|rule|Evasion Items Clause: Evasion items are banned\n|rule|Species Clause: Limit one of each Pok\u00e9mon\n|rule|Sleep Clause Mod: Limit one foe put to sleep\n|rule|Mega Rayquaza Clause: You cannot mega evolve Rayquaza\n|clearpoke\n|poke|p1|Xerneas-*|\n|poke|p1|Yveltal|\n|poke|p1|Marshadow|\n|poke|p1|Cinderace, M|\n|poke|p1|Kartana|\n|poke|p1|Kyurem-White|\n|poke|p2|Banette, M|\n|poke|p2|Alomomola, F|\n|poke|p2|Landorus-Therian, M|\n|poke|p2|Heatran, F|\n|poke|p2|Gholdengo|\n|poke|p2|Ursaluna-Bloodmoon, M|\n|teampreview\n|inactive|Battle timer is ON: inactive players will automatically lose when time's up. (requested by yxszd)\n|\n|t:|1699417886\n|start\n|switch|p1a: Xerneas|Xerneas|100\/100\n|switch|p2a: Alomomola|Alomomola, F, shiny|100\/100\n|-ability|p1a: Xerneas|Fairy Aura\n|turn|1\n|\n|t:|1699417892\n|move|p1a: Xerneas|Play Rough|p2a: Alomomola|[miss]\n|-miss|p1a: Xerneas|p2a: Alomomola\n|move|p2a: Alomomola|Flip Turn|p1a: Xerneas\n|-damage|p1a: Xerneas|84\/100\n|\n|t:|1699417900\n|switch|p2a: Gholdengo|Gholdengo|100\/100|[from] Flip Turn\n|\n|upkeep\n|turn|2\n|\n|t:|1699417903\n|switch|p1a: Cinderace|Cinderace, M|100\/100\n|move|p2a: Gholdengo|Make It Rain|p1a: Cinderace\n|-resisted|p1a: Cinderace\n|-damage|p1a: Cinderace|31\/100\n|-unboost|p2a: Gholdengo|spa|1\n|\n|upkeep\n|turn|3\n|\n|t:|1699417914\n|switch|p1a: Kartana|Kartana|100\/100\n|switch|p2a: Heatran|Heatran, F|100\/100\n|\n|upkeep\n|turn|4\n|\n|t:|1699417924\n|-terastallize|p1a: Kartana|Fighting\n|move|p2a: Heatran|Protect|p2a: Heatran\n|-singleturn|p2a: Heatran|Protect\n|move|p1a: Kartana|Sacred Sword|p2a: Heatran\n|-activate|p2a: Heatran|move: Protect\n|\n|upkeep\n|turn|5\n|\n|t:|1699417930\n|switch|p1a: Yveltal|Yveltal|100\/100\n|-ability|p1a: Yveltal|Dark Aura\n|switch|p2a: Landorus|Landorus-Therian, M|100\/100\n|-ability|p2a: Landorus|Intimidate|boost\n|-unboost|p1a: Yveltal|atk|1\n|\n|upkeep\n|turn|6\n|\n|t:|1699417935\n|move|p1a: Yveltal|Knock Off|p2a: Landorus\n|-damage|p2a: Landorus|67\/100\n|-zpower|p2a: Landorus\n|move|p2a: Landorus|Supersonic Skystrike|p1a: Yveltal|[zeffect]\n|-damage|p1a: Yveltal|0 fnt\n|faint|p1a: Yveltal\n|\n|upkeep\n|\n|t:|1699417943\n|switch|p1a: Kyurem|Kyurem-White|100\/100\n|-ability|p1a: Kyurem|Turboblaze\n|turn|7\n|\n|t:|1699417957\n|switch|p2a: Heatran|Heatran, F|100\/100\n|move|p1a: Kyurem|Earth Power|p2a: Heatran\n|-supereffective|p2a: Heatran\n|-damage|p2a: Heatran|11\/100\n|\n|-heal|p2a: Heatran|17\/100|[from] item: Leftovers\n|upkeep\n|turn|8\n|\n|t:|1699417966\n|move|p2a: Heatran|Protect|p2a: Heatran\n|-singleturn|p2a: Heatran|Protect\n|move|p1a: Kyurem|Earth Power|p2a: Heatran\n|-activate|p2a: Heatran|move: Protect\n|\n|-heal|p2a: Heatran|24\/100|[from] item: Leftovers\n|upkeep\n|turn|9\n|\n|t:|1699417971\n|switch|p1a: Cinderace|Cinderace, M|31\/100\n|switch|p2a: Alomomola|Alomomola, F, shiny|100\/100\n|\n|upkeep\n|turn|10\n|\n|t:|1699417978\n|move|p1a: Cinderace|Gunk Shot|p2a: Alomomola\n|-start|p1a: Cinderace|typechange|Poison|[from] ability: Libero\n|-damage|p2a: Alomomola|69\/100\n|move|p2a: Alomomola|Wish|p2a: Alomomola\n|\n|upkeep\n|turn|11\n|\n|t:|1699417988\n|switch|p1a: Xerneas|Xerneas|84\/100\n|-ability|p1a: Xerneas|Fairy Aura\n|move|p2a: Alomomola|Flip Turn|p1a: Xerneas\n|-damage|p1a: Xerneas|70\/100\n|\n|t:|1699417992\n|switch|p2a: Heatran|Heatran, F|24\/100|[from] Flip Turn\n|\n|-heal|p2a: Heatran|93\/100|[from] move: Wish|[wisher] Alomomola\n|-heal|p2a: Heatran|99\/100|[from] item: Leftovers\n|upkeep\n|turn|12\n|\n|t:|1699417995\n|move|p1a: Xerneas|Close Combat|p2a: Heatran\n|-supereffective|p2a: Heatran\n|-damage|p2a: Heatran|0 fnt\n|-unboost|p1a: Xerneas|def|1\n|-unboost|p1a: Xerneas|spd|1\n|faint|p2a: Heatran\n|\n|upkeep\n|\n|t:|1699418003\n|switch|p2a: Banette|Banette, M|100\/100\n|-item|p1a: Xerneas|Choice Band|[from] ability: Frisk|[of] p2a: Banette|[identify]\n|turn|13\n|\n|t:|1699418008\n|switch|p1a: Cinderace|Cinderace, M|31\/100\n|detailschange|p2a: Banette|Banette-Mega, M\n|-mega|p2a: Banette|Banette|Banettite\n|move|p2a: Banette|Encore||[still]\n|-fail|p2a: Banette\n|\n|upkeep\n|turn|14\n|\n|t:|1699418013\n|switch|p2a: Landorus|Landorus-Therian, M|67\/100\n|-ability|p2a: Landorus|Intimidate|boost\n|-unboost|p1a: Cinderace|atk|1\n|move|p1a: Cinderace|Pyro Ball|p2a: Landorus\n|-damage|p2a: Landorus|21\/100\n|\n|upkeep\n|turn|15\n|\n|t:|1699418026\n|switch|p2a: Alomomola|Alomomola, F, shiny|100\/100\n|move|p1a: Cinderace|High Jump Kick|p2a: Alomomola\n|-start|p1a: Cinderace|typechange|Fighting|[from] ability: Libero\n|-damage|p2a: Alomomola|78\/100\n|-damage|p1a: Cinderace|14\/100|[from] item: Rocky Helmet|[of] p2a: Alomomola\n|\n|upkeep\n|turn|16\n|\n|t:|1699418031\n|move|p1a: Cinderace|High Jump Kick|p2a: Alomomola\n|-damage|p2a: Alomomola|58\/100\n|-damage|p1a: Cinderace|0 fnt|[from] item: Rocky Helmet|[of] p2a: Alomomola\n|faint|p1a: Cinderace\n|move|p2a: Alomomola|Flip Turn|p1: Cinderace|[notarget]\n|-fail|p2a: Alomomola\n|\n|upkeep\n|\n|t:|1699418036\n|switch|p1a: Kyurem|Kyurem-White|100\/100\n|-ability|p1a: Kyurem|Turboblaze\n|turn|17\n|\n|t:|1699418040\n|move|p2a: Alomomola|Protect|p2a: Alomomola\n|-singleturn|p2a: Alomomola|Protect\n|move|p1a: Kyurem|Freeze-Dry|p2a: Alomomola\n|-activate|p2a: Alomomola|move: Protect\n|\n|upkeep\n|turn|18\n|\n|t:|1699418052\n|switch|p1a: Marshadow|Marshadow|100\/100\n|switch|p2a: Landorus|Landorus-Therian, M|21\/100\n|-ability|p2a: Landorus|Intimidate|boost\n|-unboost|p1a: Marshadow|atk|1\n|\n|upkeep\n|turn|19\n|\n|t:|1699418058\n|move|p1a: Marshadow|Knock Off|p2a: Landorus\n|-damage|p2a: Landorus|0 fnt\n|faint|p2a: Landorus\n|\n|upkeep\n|\n|t:|1699418063\n|switch|p2a: Alomomola|Alomomola, F, shiny|91\/100\n|turn|20\n|\n|t:|1699418069\n|move|p1a: Marshadow|Knock Off|p2a: Alomomola\n|-damage|p2a: Alomomola|75\/100\n|-damage|p1a: Marshadow|84\/100|[from] item: Rocky Helmet|[of] p2a: Alomomola\n|-enditem|p2a: Alomomola|Rocky Helmet|[from] move: Knock Off|[of] p1a: Marshadow\n|move|p2a: Alomomola|Wish|p2a: Alomomola\n|\n|upkeep\n|turn|21\n|\n|t:|1699418081\n|switch|p1a: Kartana|Kartana, tera:Fighting|100\/100\n|move|p2a: Alomomola|Toxic|p1a: Kartana\n|-status|p1a: Kartana|tox\n|\n|-heal|p2a: Alomomola|100\/100|[from] move: Wish|[wisher] Alomomola\n|-damage|p1a: Kartana|94\/100 tox|[from] psn\n|upkeep\n|turn|22\n|\n|t:|1699418090\n|switch|p2a: Gholdengo|Gholdengo|100\/100\n|move|p1a: Kartana|Leaf Blade|p2a: Gholdengo\n|-resisted|p2a: Gholdengo\n|-damage|p2a: Gholdengo|52\/100\n|\n|-damage|p1a: Kartana|82\/100 tox|[from] psn\n|upkeep\n|turn|23\n|\n|t:|1699418100\n|move|p1a: Kartana|Leaf Blade|p2a: Gholdengo\n|-resisted|p2a: Gholdengo\n|-damage|p2a: Gholdengo|5\/100\n|move|p2a: Gholdengo|Make It Rain|p1a: Kartana\n|-crit|p1a: Kartana\n|-damage|p1a: Kartana|0 fnt\n|-unboost|p2a: Gholdengo|spa|1\n|faint|p1a: Kartana\n|\n|upkeep\n|\n|t:|1699418105\n|switch|p1a: Xerneas|Xerneas|70\/100\n|-ability|p1a: Xerneas|Fairy Aura\n|turn|24\n|\n|t:|1699418111\n|switch|p2a: Alomomola|Alomomola, F, shiny|100\/100\n|move|p1a: Xerneas|Horn Leech|p2a: Alomomola\n|-supereffective|p2a: Alomomola\n|-damage|p2a: Alomomola|56\/100\n|-heal|p1a: Xerneas|100\/100|[from] drain|[of] p2a: Alomomola\n|\n|upkeep\n|turn|25\n|\n|t:|1699418123\n|move|p1a: Xerneas|Horn Leech|p2a: Alomomola\n|-supereffective|p2a: Alomomola\n|-damage|p2a: Alomomola|13\/100\n|move|p2a: Alomomola|Wish|p2a: Alomomola\n|\n|upkeep\n|turn|26\n|\n|t:|1699418131\n|switch|p1a: Kyurem|Kyurem-White|100\/100\n|-ability|p1a: Kyurem|Turboblaze\n|switch|p2a: Ursaluna|Ursaluna-Bloodmoon, M|100\/100\n|\n|upkeep\n|turn|27\n|\n|t:|1699418137\n|move|p1a: Kyurem|Freeze-Dry|p2a: Ursaluna\n|-supereffective|p2a: Ursaluna\n|-damage|p2a: Ursaluna|45\/100\n|move|p2a: Ursaluna|Blood Moon|p1a: Kyurem\n|-damage|p1a: Kyurem|31\/100\n|\n|upkeep\n|turn|28\n|\n|t:|1699418147\n|switch|p2a: Gholdengo|Gholdengo|5\/100\n|move|p1a: Kyurem|Freeze-Dry|p2a: Gholdengo\n|-resisted|p2a: Gholdengo\n|-damage|p2a: Gholdengo|0 fnt\n|faint|p2a: Gholdengo\n|\n|upkeep\n|\n|t:|1699418153\n|switch|p2a: Banette|Banette-Mega, M|100\/100\n|turn|29\n|\n|t:|1699418158\n|switch|p1a: Marshadow|Marshadow|84\/100\n|move|p2a: Banette|Poltergeist|p1a: Marshadow|[miss]\n|-miss|p2a: Banette|p1a: Marshadow\n|\n|upkeep\n|turn|30\n|\n|t:|1699418165\n|switch|p2a: Ursaluna|Ursaluna-Bloodmoon, M|45\/100\n|move|p1a: Marshadow|Shadow Sneak|p2a: Ursaluna\n|-immune|p2a: Ursaluna\n|\n|upkeep\n|turn|31\n|\n|t:|1699418171\n|switch|p1a: Xerneas|Xerneas|100\/100\n|-ability|p1a: Xerneas|Fairy Aura\n|switch|p2a: Alomomola|Alomomola, F, shiny|47\/100\n|\n|upkeep\n|turn|32\n|\n|t:|1699418175\n|switch|p2a: Banette|Banette-Mega, M|100\/100\n|move|p1a: Xerneas|Horn Leech|p2a: Banette\n|-damage|p2a: Banette|42\/100\n|\n|upkeep\n|turn|33\n|\n|t:|1699418179\n|move|p2a: Banette|Destiny Bond|p2a: Banette\n|-singlemove|p2a: Banette|Destiny Bond\n|move|p1a: Xerneas|Horn Leech|p2a: Banette\n|-damage|p2a: Banette|0 fnt\n|faint|p2a: Banette\n|-activate|p2a: Banette|move: Destiny Bond\n|faint|p1a: Xerneas\n|\n|upkeep\n|\n|t:|1699418184\n|switch|p1a: Kyurem|Kyurem-White|31\/100\n|switch|p2a: Alomomola|Alomomola, F, shiny|80\/100\n|-ability|p1a: Kyurem|Turboblaze\n|turn|34\n|\n|t:|1699418188\n|-terastallize|p2a: Alomomola|Fairy\n|move|p1a: Kyurem|Freeze-Dry|p2a: Alomomola\n|-damage|p2a: Alomomola|29\/100\n|move|p2a: Alomomola|Wish|p2a: Alomomola\n|\n|upkeep\n|turn|35\n|\n|t:|1699418194\n|move|p2a: Alomomola|Protect|p2a: Alomomola\n|-singleturn|p2a: Alomomola|Protect\n|move|p1a: Kyurem|Freeze-Dry|p2a: Alomomola\n|-activate|p2a: Alomomola|move: Protect\n|\n|-heal|p2a: Alomomola|79\/100|[from] move: Wish|[wisher] Alomomola\n|upkeep\n|turn|36\n|\n|t:|1699418198\n|move|p1a: Kyurem|Freeze-Dry|p2a: Alomomola\n|-damage|p2a: Alomomola|22\/100\n|move|p2a: Alomomola|Wish|p2a: Alomomola\n|\n|upkeep\n|turn|37\n|\n|t:|1699418205\n|move|p2a: Alomomola|Protect|p2a: Alomomola\n|-singleturn|p2a: Alomomola|Protect\n|move|p1a: Kyurem|Freeze-Dry|p2a: Alomomola\n|-activate|p2a: Alomomola|move: Protect\n|\n|-heal|p2a: Alomomola|72\/100|[from] move: Wish|[wisher] Alomomola\n|upkeep\n|turn|38\n|\n|t:|1699418207\n|move|p1a: Kyurem|Freeze-Dry|p2a: Alomomola\n|-damage|p2a: Alomomola|17\/100\n|move|p2a: Alomomola|Wish|p2a: Alomomola\n|\n|upkeep\n|turn|39\n|\n|t:|1699418211\n|switch|p2a: Ursaluna|Ursaluna-Bloodmoon, M|45\/100\n|move|p1a: Kyurem|Freeze-Dry|p2a: Ursaluna\n|-supereffective|p2a: Ursaluna\n|-crit|p2a: Ursaluna\n|-damage|p2a: Ursaluna|0 fnt\n|faint|p2a: Ursaluna\n|\n|upkeep\n|-message|yxszd forfeited.\n|\n|win|hutoew\n|raw|hutoew's rating: 1382 &rarr; <strong>1400<\/strong><br \/>(+18 for winning)\n|raw|yxszd's rating: 1351 &rarr; <strong>1333<\/strong><br \/>(-18 for losing)\n|l|\u2606yxszd\n","uploadtime":1699418237,"views":5,"p1id":"hutoew","p2id":"yxszd","formatid":"gen9nationaldexubers","rating":1333,"private":0,"password":""}