{"id":"gen9nationaldexubers-1981101115","p1":"ArthurXcalibur","p2":"Neosouls","format":"[Gen 9] National Dex Ubers","log":"|j|\u2606ArthurXcalibur\n|j|\u2606Neosouls\n|t:|1698863622\n|gametype|singles\n|player|p1|ArthurXcalibur|riley|\n|player|p2|Neosouls|266|\n|teamsize|p1|6\n|teamsize|p2|3\n|gen|9\n|tier|[Gen 9] National Dex Ubers\n|rule|HP Percentage Mod: HP is shown in percentages\n|rule|Endless Battle Clause: Forcing endless battles is banned\n|rule|OHKO Clause: OHKO moves are banned\n|rule|Evasion Moves Clause: Evasion moves are banned\n|rule|Evasion Items Clause: Evasion items are banned\n|rule|Species Clause: Limit one of each Pok\u00e9mon\n|rule|Sleep Clause Mod: Limit one foe put to sleep\n|rule|Mega Rayquaza Clause: You cannot mega evolve Rayquaza\n|clearpoke\n|poke|p1|Marshtomp, L25, M|\n|poke|p1|Poliwrath, L25, M|\n|poke|p1|Alakazam, L20, F|\n|poke|p1|Ivysaur, L23, M|\n|poke|p1|Pawniard, L20, M|\n|poke|p1|Steelix, L25, F|\n|poke|p2|Pinsir, L20, F|\n|poke|p2|Beedrill, L18, F|\n|poke|p2|Shuckle, L16, M|\n|teampreview\n|\n|t:|1698863630\n|start\n|switch|p1a: Fafnir|Steelix, L25, F|100\/100\n|switch|p2a: Shuckle|Shuckle, L16, M|100\/100\n|turn|1\n|j| Half_A_Ako\n|\n|t:|1698863640\n|move|p1a: Fafnir|Smack Down|p2a: Shuckle\n|-supereffective|p2a: Shuckle\n|-damage|p2a: Shuckle|41\/100\n|move|p2a: Shuckle|Withdraw|p2a: Shuckle\n|-boost|p2a: Shuckle|def|1\n|\n|upkeep\n|turn|2\n|\n|t:|1698863651\n|move|p1a: Fafnir|Bulldoze|p2a: Shuckle\n|-damage|p2a: Shuckle|6\/100\n|-unboost|p2a: Shuckle|spe|1\n|move|p2a: Shuckle|Wrap|p1a: Fafnir\n|-resisted|p1a: Fafnir\n|-damage|p1a: Fafnir|99\/100\n|-activate|p1a: Fafnir|move: Wrap|[of] p2a: Shuckle\n|\n|-damage|p1a: Fafnir|87\/100|[from] move: Wrap|[partiallytrapped]\n|upkeep\n|turn|3\n|\n|t:|1698863663\n|move|p1a: Fafnir|Smack Down|p2a: Shuckle\n|-supereffective|p2a: Shuckle\n|-damage|p2a: Shuckle|0 fnt\n|faint|p2a: Shuckle\n|\n|-end|p1a: Fafnir|Wrap|[partiallytrapped]|[silent]\n|upkeep\n|\n|t:|1698863668\n|switch|p2a: Beedrill|Beedrill, L18, F|100\/100\n|turn|4\n|\n|t:|1698863676\n|move|p2a: Beedrill|Fury Cutter|p1a: Fafnir\n|-resisted|p1a: Fafnir\n|-damage|p1a: Fafnir|83\/100\n|move|p1a: Fafnir|Smack Down|p2a: Beedrill\n|-supereffective|p2a: Beedrill\n|-damage|p2a: Beedrill|0 fnt\n|faint|p2a: Beedrill\n|\n|upkeep\n|\n|t:|1698863683\n|switch|p2a: Pinsir|Pinsir, L20, F|100\/100\n|-ability|p2a: Pinsir|Mold Breaker\n|turn|5\n|\n|t:|1698863691\n|move|p2a: Pinsir|Storm Throw|p1a: Fafnir\n|-supereffective|p1a: Fafnir\n|-crit|p1a: Fafnir\n|-damage|p1a: Fafnir|53\/100\n|move|p1a: Fafnir|Smack Down|p2a: Pinsir\n|-supereffective|p2a: Pinsir\n|-damage|p2a: Pinsir|42\/100\n|\n|upkeep\n|turn|6\n|\n|t:|1698863702\n|move|p2a: Pinsir|Storm Throw|p1a: Fafnir\n|-supereffective|p1a: Fafnir\n|-crit|p1a: Fafnir\n|-damage|p1a: Fafnir|23\/100\n|move|p1a: Fafnir|Smack Down|p2a: Pinsir\n|-supereffective|p2a: Pinsir\n|-damage|p2a: Pinsir|0 fnt\n|faint|p2a: Pinsir\n|\n|win|ArthurXcalibur\n","uploadtime":1698863712,"views":12,"p1id":"arthurxcalibur","p2id":"neosouls","formatid":"gen9nationaldexubers","rating":0,"private":0,"password":""}