{"id":"gen9nationaldexubers-1977878751","p1":"sittingduck1080","p2":"commonapi","format":"[Gen 9] National Dex Ubers","log":"|j|\u2606sittingduck1080\n|j|\u2606commonapi\n|t:|1698460872\n|gametype|singles\n|player|p1|sittingduck1080|pokemaniac|1524\n|player|p2|commonapi|102|1824\n|teamsize|p1|6\n|teamsize|p2|6\n|gen|9\n|tier|[Gen 9] National Dex Ubers\n|rated|\n|rule|HP Percentage Mod: HP is shown in percentages\n|rule|Endless Battle Clause: Forcing endless battles is banned\n|rule|OHKO Clause: OHKO moves are banned\n|rule|Evasion Moves Clause: Evasion moves are banned\n|rule|Evasion Items Clause: Evasion items are banned\n|rule|Species Clause: Limit one of each Pok\u00e9mon\n|rule|Sleep Clause Mod: Limit one foe put to sleep\n|rule|Mega Rayquaza Clause: You cannot mega evolve Rayquaza\n|clearpoke\n|poke|p1|Kyogre|\n|poke|p1|Groudon|\n|poke|p1|Necrozma-Dusk-Mane|\n|poke|p1|Ho-Oh|\n|poke|p1|Zygarde|\n|poke|p1|Arceus-Dark|\n|poke|p2|Ho-Oh|\n|poke|p2|Groudon|\n|poke|p2|Zacian-*|\n|poke|p2|Arceus|\n|poke|p2|Xerneas-*|\n|poke|p2|Kyogre|\n|teampreview\n|inactive|Battle timer is ON: inactive players will automatically lose when time's up. (requested by commonapi)\n|\n|t:|1698460883\n|start\n|switch|p1a: Necrozma|Necrozma-Dusk-Mane|100\/100\n|switch|p2a: Xerneas|Xerneas|100\/100\n|-ability|p2a: Xerneas|Fairy Aura\n|turn|1\n|\n|t:|1698460892\n|move|p2a: Xerneas|Geomancy||[still]\n|-prepare|p2a: Xerneas|Geomancy\n|-enditem|p2a: Xerneas|Power Herb\n|-anim|p2a: Xerneas|Geomancy|p2a: Xerneas\n|-boost|p2a: Xerneas|spa|2\n|-boost|p2a: Xerneas|spd|2\n|-boost|p2a: Xerneas|spe|2\n|move|p1a: Necrozma|Sunsteel Strike|p2a: Xerneas\n|-supereffective|p2a: Xerneas\n|-damage|p2a: Xerneas|26\/100\n|\n|upkeep\n|turn|2\n|\n|t:|1698460903\n|move|p2a: Xerneas|Moonblast|p1a: Necrozma\n|-resisted|p1a: Necrozma\n|-damage|p1a: Necrozma|49\/100\n|move|p1a: Necrozma|Sunsteel Strike|p2a: Xerneas\n|-supereffective|p2a: Xerneas\n|-damage|p2a: Xerneas|0 fnt\n|faint|p2a: Xerneas\n|\n|-heal|p1a: Necrozma|55\/100|[from] item: Leftovers\n|upkeep\n|j| 1 em trach thu\n|\n|t:|1698460916\n|switch|p2a: Arceus|Arceus|100\/100\n|turn|3\n|\n|t:|1698460922\n|move|p2a: Arceus|Swords Dance|p2a: Arceus\n|-boost|p2a: Arceus|atk|2\n|move|p1a: Necrozma|Toxic|p2a: Arceus|[miss]\n|-miss|p1a: Necrozma|p2a: Arceus\n|\n|-heal|p1a: Necrozma|61\/100|[from] item: Leftovers\n|upkeep\n|turn|4\n|\n|t:|1698460935\n|switch|p1a: Ho-Oh|Ho-Oh|100\/100\n|move|p2a: Arceus|Swords Dance|p2a: Arceus\n|-boost|p2a: Arceus|atk|2\n|\n|upkeep\n|turn|5\n|\n|t:|1698460942\n|move|p2a: Arceus|Extreme Speed|p1a: Ho-Oh\n|-damage|p1a: Ho-Oh|8\/100\n|move|p1a: Ho-Oh|Whirlwind|p2a: Arceus\n|drag|p2a: Groudon|Groudon|100\/100\n|detailschange|p2a: Groudon|Groudon-Primal\n|-primal|p2a: Groudon|Red Orb\n|-weather|DesolateLand|[from] ability: Desolate Land|[of] p2a: Groudon\n|\n|-weather|DesolateLand|[upkeep]\n|upkeep\n|turn|6\n|\n|t:|1698460953\n|switch|p1a: Kyogre|Kyogre|100\/100\n|detailschange|p1a: Kyogre|Kyogre-Primal\n|-primal|p1a: Kyogre|Blue Orb\n|-weather|PrimordialSea|[from] ability: Primordial Sea|[of] p1a: Kyogre\n|switch|p2a: Arceus|Arceus|100\/100\n|\n|-weather|PrimordialSea|[upkeep]\n|upkeep\n|turn|7\n|\n|t:|1698460964\n|switch|p2a: Groudon|Groudon-Primal|100\/100\n|-weather|DesolateLand|[from] ability: Desolate Land|[of] p2a: Groudon\n|move|p1a: Kyogre|Scald||[still]\n|-fail|p1a: Kyogre|Scald|[from] Desolate Land\n|\n|-weather|DesolateLand|[upkeep]\n|upkeep\n|turn|8\n|\n|t:|1698460972\n|switch|p1a: Zygarde|Zygarde|100\/100\n|move|p2a: Groudon|Stealth Rock|p1a: Zygarde\n|-sidestart|p1: sittingduck1080|move: Stealth Rock\n|\n|-weather|DesolateLand|[upkeep]\n|upkeep\n|turn|9\n|\n|t:|1698460978\n|-weather|none\n|switch|p2a: Ho-Oh|Ho-Oh|100\/100\n|move|p1a: Zygarde|Thousand Waves|p2a: Ho-Oh\n|-immune|p2a: Ho-Oh\n|\n|upkeep\n|turn|10\n|\n|t:|1698461000\n|move|p1a: Zygarde|Coil|p1a: Zygarde\n|-boost|p1a: Zygarde|atk|1\n|-boost|p1a: Zygarde|def|1\n|-boost|p1a: Zygarde|accuracy|1\n|move|p2a: Ho-Oh|Toxic|p1a: Zygarde\n|-status|p1a: Zygarde|tox\n|\n|-damage|p1a: Zygarde|94\/100 tox|[from] psn\n|upkeep\n|turn|11\n|\n|t:|1698461015\n|move|p1a: Zygarde|Scale Shot|p2a: Ho-Oh\n|-damage|p2a: Ho-Oh|88\/100\n|-damage|p2a: Ho-Oh|77\/100\n|-damage|p2a: Ho-Oh|66\/100\n|-damage|p2a: Ho-Oh|54\/100\n|-damage|p2a: Ho-Oh|40\/100\n|-hitcount|p2a: Ho-Oh|5\n|-unboost|p1a: Zygarde|def|1\n|-boost|p1a: Zygarde|spe|1\n|move|p2a: Ho-Oh|Whirlwind|p1a: Zygarde\n|drag|p1a: Ho-Oh|Ho-Oh|41\/100\n|\n|upkeep\n|turn|12\n|\n|t:|1698461036\n|switch|p1a: Zygarde|Zygarde|94\/100 tox\n|-damage|p1a: Zygarde|88\/100 tox|[from] Stealth Rock\n|move|p2a: Ho-Oh|Toxic|p1a: Zygarde|[miss]\n|-miss|p2a: Ho-Oh|p1a: Zygarde\n|\n|-heal|p1a: Zygarde|94\/100 tox|[from] item: Leftovers\n|-damage|p1a: Zygarde|88\/100 tox|[from] psn\n|upkeep\n|turn|13\n|j| eldegod\n|\n|t:|1698461051\n|switch|p2a: Arceus|Arceus|100\/100\n|move|p1a: Zygarde|Scale Shot|p2a: Arceus\n|-damage|p2a: Arceus|93\/100\n|-damage|p2a: Arceus|85\/100\n|-hitcount|p2a: Arceus|2\n|-unboost|p1a: Zygarde|def|1\n|-boost|p1a: Zygarde|spe|1\n|\n|-heal|p1a: Zygarde|94\/100 tox|[from] item: Leftovers\n|-damage|p1a: Zygarde|82\/100 tox|[from] psn\n|upkeep\n|turn|14\n|\n|t:|1698461064\n|move|p1a: Zygarde|Thousand Waves|p2a: Arceus\n|-damage|p2a: Arceus|57\/100\n|-activate|p2a: Arceus|trapped\n|move|p2a: Arceus|Swords Dance|p2a: Arceus\n|-boost|p2a: Arceus|atk|2\n|\n|-heal|p1a: Zygarde|88\/100 tox|[from] item: Leftovers\n|-damage|p1a: Zygarde|69\/100 tox|[from] psn\n|upkeep\n|turn|15\n|inactive|sittingduck1080 has 120 seconds left.\n|\n|t:|1698461102\n|switch|p1a: Necrozma|Necrozma-Dusk-Mane|61\/100\n|-damage|p1a: Necrozma|55\/100|[from] Stealth Rock\n|move|p2a: Arceus|Swords Dance|p2a: Arceus\n|-boost|p2a: Arceus|atk|2\n|\n|-heal|p1a: Necrozma|61\/100|[from] item: Leftovers\n|upkeep\n|turn|16\n|\n|t:|1698461111\n|move|p2a: Arceus|Earthquake|p1a: Necrozma\n|-supereffective|p1a: Necrozma\n|-damage|p1a: Necrozma|0 fnt\n|faint|p1a: Necrozma\n|\n|upkeep\n|\n|t:|1698461120\n|switch|p1a: Arceus|Arceus-Dark|100\/100\n|-damage|p1a: Arceus|88\/100|[from] Stealth Rock\n|turn|17\n|\n|t:|1698461125\n|move|p2a: Arceus|Extreme Speed|p1a: Arceus\n|-damage|p1a: Arceus|21\/100\n|move|p1a: Arceus|Foul Play|p2a: Arceus\n|-damage|p2a: Arceus|0 fnt\n|faint|p2a: Arceus\n|\n|upkeep\n|\n|t:|1698461135\n|switch|p2a: Zacian|Zacian-Crowned|100\/100\n|-ability|p2a: Zacian|Intrepid Sword|boost\n|-boost|p2a: Zacian|atk|1\n|turn|18\n|\n|t:|1698461143\n|switch|p1a: Groudon|Groudon|100\/100\n|-damage|p1a: Groudon|94\/100|[from] Stealth Rock\n|detailschange|p1a: Groudon|Groudon-Primal\n|-primal|p1a: Groudon|Red Orb\n|-weather|DesolateLand|[from] ability: Desolate Land|[of] p1a: Groudon\n|move|p2a: Zacian|Close Combat|p1a: Groudon\n|-damage|p1a: Groudon|51\/100\n|-unboost|p2a: Zacian|def|1\n|-unboost|p2a: Zacian|spd|1\n|\n|-weather|DesolateLand|[upkeep]\n|upkeep\n|turn|19\n|\n|t:|1698461155\n|switch|p2a: Ho-Oh|Ho-Oh|74\/100\n|move|p1a: Groudon|Precipice Blades|p2a: Ho-Oh\n|-immune|p2a: Ho-Oh\n|\n|-weather|DesolateLand|[upkeep]\n|upkeep\n|turn|20\n|\n|t:|1698461164\n|switch|p2a: Kyogre|Kyogre|100\/100\n|detailschange|p2a: Kyogre|Kyogre-Primal\n|-primal|p2a: Kyogre|Blue Orb\n|-weather|PrimordialSea|[from] ability: Primordial Sea|[of] p2a: Kyogre\n|move|p1a: Groudon|Rock Tomb|p2a: Kyogre\n|-damage|p2a: Kyogre|68\/100\n|-unboost|p2a: Kyogre|spe|1\n|\n|-weather|PrimordialSea|[upkeep]\n|upkeep\n|turn|21\n|\n|t:|1698461179\n|switch|p1a: Kyogre|Kyogre-Primal|100\/100\n|-damage|p1a: Kyogre|88\/100|[from] Stealth Rock\n|switch|p2a: Ho-Oh|Ho-Oh|100\/100\n|\n|-weather|PrimordialSea|[upkeep]\n|upkeep\n|turn|22\n|\n|t:|1698461191\n|move|p1a: Kyogre|Ice Beam|p2a: Ho-Oh\n|-damage|p2a: Ho-Oh|82\/100\n|-status|p2a: Ho-Oh|frz\n|cant|p2a: Ho-Oh|frz\n|\n|-weather|PrimordialSea|[upkeep]\n|upkeep\n|turn|23\n|\n|t:|1698461206\n|-weather|none\n|switch|p1a: Zygarde|Zygarde|69\/100 tox\n|-damage|p1a: Zygarde|63\/100 tox|[from] Stealth Rock\n|-curestatus|p2a: Ho-Oh|frz|[from] move: Sacred Fire\n|move|p2a: Ho-Oh|Sacred Fire|p1a: Zygarde\n|-resisted|p1a: Zygarde\n|-damage|p1a: Zygarde|49\/100 tox\n|\n|-heal|p1a: Zygarde|55\/100 tox|[from] item: Leftovers\n|-damage|p1a: Zygarde|49\/100 tox|[from] psn\n|-activate|p1a: Zygarde|ability: Power Construct\n|detailschange|p1a: Zygarde|Zygarde-Complete\n|-heal|p1a: Zygarde|67\/100 tox|[silent]\n|upkeep\n|turn|24\n|inactive|sittingduck1080 has 120 seconds left.\n|\n|t:|1698461232\n|move|p1a: Zygarde|Coil|p1a: Zygarde\n|-boost|p1a: Zygarde|atk|1\n|-boost|p1a: Zygarde|def|1\n|-boost|p1a: Zygarde|accuracy|1\n|move|p2a: Ho-Oh|Sacred Fire|p1a: Zygarde\n|-resisted|p1a: Zygarde\n|-damage|p1a: Zygarde|60\/100 tox\n|\n|-heal|p1a: Zygarde|67\/100 tox|[from] item: Leftovers\n|-damage|p1a: Zygarde|54\/100 tox|[from] psn\n|upkeep\n|turn|25\n|\n|t:|1698461245\n|move|p1a: Zygarde|Scale Shot|p2a: Ho-Oh\n|-damage|p2a: Ho-Oh|69\/100\n|-damage|p2a: Ho-Oh|58\/100\n|-damage|p2a: Ho-Oh|46\/100\n|-damage|p2a: Ho-Oh|34\/100\n|-hitcount|p2a: Ho-Oh|4\n|-unboost|p1a: Zygarde|def|1\n|-boost|p1a: Zygarde|spe|1\n|move|p2a: Ho-Oh|Whirlwind|p1a: Zygarde\n|drag|p1a: Kyogre|Kyogre-Primal|88\/100\n|-damage|p1a: Kyogre|76\/100|[from] Stealth Rock\n|-weather|PrimordialSea|[from] ability: Primordial Sea|[of] p1a: Kyogre\n|\n|-weather|PrimordialSea|[upkeep]\n|upkeep\n|turn|26\n|\n|t:|1698461260\n|switch|p2a: Groudon|Groudon-Primal|100\/100\n|-weather|DesolateLand|[from] ability: Desolate Land|[of] p2a: Groudon\n|move|p1a: Kyogre|Ice Beam|p2a: Groudon\n|-damage|p2a: Groudon|72\/100\n|\n|-weather|DesolateLand|[upkeep]\n|upkeep\n|turn|27\n|\n|t:|1698461278\n|switch|p1a: Ho-Oh|Ho-Oh|74\/100\n|move|p2a: Groudon|Earthquake|p1a: Ho-Oh\n|-immune|p1a: Ho-Oh\n|\n|-weather|DesolateLand|[upkeep]\n|upkeep\n|turn|28\n|\n|t:|1698461289\n|switch|p1a: Zygarde|Zygarde-Complete|54\/100 tox\n|-damage|p1a: Zygarde|48\/100 tox|[from] Stealth Rock\n|move|p2a: Groudon|Toxic|p1a: Zygarde\n|-fail|p1a: Zygarde|tox\n|\n|-weather|DesolateLand|[upkeep]\n|-heal|p1a: Zygarde|54\/100 tox|[from] item: Leftovers\n|-damage|p1a: Zygarde|48\/100 tox|[from] psn\n|upkeep\n|turn|29\n|\n|t:|1698461304\n|-weather|none\n|switch|p2a: Ho-Oh|Ho-Oh|67\/100\n|move|p1a: Zygarde|Coil|p1a: Zygarde\n|-boost|p1a: Zygarde|atk|1\n|-boost|p1a: Zygarde|def|1\n|-boost|p1a: Zygarde|accuracy|1\n|\n|-heal|p1a: Zygarde|54\/100 tox|[from] item: Leftovers\n|-damage|p1a: Zygarde|42\/100 tox|[from] psn\n|upkeep\n|turn|30\n|\n|t:|1698461317\n|switch|p2a: Zacian|Zacian-Crowned|100\/100\n|move|p1a: Zygarde|Scale Shot|p2a: Zacian\n|-immune|p2a: Zacian\n|\n|-heal|p1a: Zygarde|48\/100 tox|[from] item: Leftovers\n|-damage|p1a: Zygarde|30\/100 tox|[from] psn\n|upkeep\n|turn|31\n|\n|t:|1698461328\n|switch|p2a: Ho-Oh|Ho-Oh|100\/100\n|switch|p1a: Ho-Oh|Ho-Oh|100\/100\n|\n|upkeep\n|turn|32\n|\n|t:|1698461337\n|switch|p2a: Kyogre|Kyogre-Primal|68\/100\n|-weather|PrimordialSea|[from] ability: Primordial Sea|[of] p2a: Kyogre\n|move|p1a: Ho-Oh|Defog|p2a: Kyogre\n|-unboost|p2a: Kyogre|evasion|1\n|-sideend|p1: sittingduck1080|Stealth Rock|[from] move: Defog|[of] p1a: Ho-Oh\n|\n|-weather|PrimordialSea|[upkeep]\n|upkeep\n|turn|33\n|\n|t:|1698461351\n|move|p2a: Kyogre|Water Spout|p1a: Ho-Oh\n|-supereffective|p1a: Ho-Oh\n|-damage|p1a: Ho-Oh|0 fnt\n|faint|p1a: Ho-Oh\n|\n|-weather|PrimordialSea|[upkeep]\n|upkeep\n|\n|t:|1698461357\n|switch|p1a: Groudon|Groudon-Primal|51\/100\n|-weather|DesolateLand|[from] ability: Desolate Land|[of] p1a: Groudon\n|turn|34\n|\n|t:|1698461366\n|move|p2a: Kyogre|Ice Beam|p1a: Groudon\n|-damage|p1a: Groudon|12\/100\n|move|p1a: Groudon|Rock Tomb|p2a: Kyogre\n|-damage|p2a: Kyogre|39\/100\n|-unboost|p2a: Kyogre|spe|1\n|\n|-weather|DesolateLand|[upkeep]\n|upkeep\n|turn|35\n|inactive|commonapi has 120 seconds left.\n|\n|t:|1698461397\n|switch|p2a: Ho-Oh|Ho-Oh|100\/100\n|move|p1a: Groudon|Rock Tomb|p2a: Ho-Oh\n|-supereffective|p2a: Ho-Oh\n|-damage|p2a: Ho-Oh|19\/100\n|-unboost|p2a: Ho-Oh|spe|1\n|\n|-weather|DesolateLand|[upkeep]\n|upkeep\n|turn|36\n|\n|t:|1698461406\n|move|p1a: Groudon|Rock Tomb|p2a: Ho-Oh\n|-supereffective|p2a: Ho-Oh\n|-damage|p2a: Ho-Oh|0 fnt\n|faint|p2a: Ho-Oh\n|\n|-weather|DesolateLand|[upkeep]\n|upkeep\n|\n|t:|1698461414\n|switch|p2a: Zacian|Zacian-Crowned|100\/100\n|turn|37\n|inactive|sittingduck1080 has 120 seconds left.\n|\n|t:|1698461426\n|move|p2a: Zacian|Behemoth Blade|p1a: Groudon\n|-resisted|p1a: Groudon\n|-damage|p1a: Groudon|0 fnt\n|faint|p1a: Groudon\n|-weather|none\n|\n|upkeep\n|inactive|sittingduck1080 has 120 seconds left.\n|\n|t:|1698461436\n|switch|p1a: Kyogre|Kyogre-Primal|76\/100\n|-weather|PrimordialSea|[from] ability: Primordial Sea|[of] p1a: Kyogre\n|turn|38\n|\n|t:|1698461453\n|switch|p2a: Groudon|Groudon-Primal|72\/100\n|-weather|DesolateLand|[from] ability: Desolate Land|[of] p2a: Groudon\n|move|p1a: Kyogre|Ice Beam|p2a: Groudon\n|-damage|p2a: Groudon|44\/100\n|\n|-weather|DesolateLand|[upkeep]\n|upkeep\n|turn|39\n|\n|t:|1698461465\n|move|p1a: Kyogre|Ice Beam|p2a: Groudon\n|-damage|p2a: Groudon|16\/100\n|move|p2a: Groudon|Earthquake|p1a: Kyogre\n|-damage|p1a: Kyogre|32\/100\n|\n|-weather|DesolateLand|[upkeep]\n|upkeep\n|turn|40\n|\n|t:|1698461472\n|move|p1a: Kyogre|Ice Beam|p2a: Groudon\n|-damage|p2a: Groudon|0 fnt\n|faint|p2a: Groudon\n|-weather|none\n|\n|upkeep\n|c|\u2606commonapi|Why ice beam\n|\n|t:|1698461477\n|switch|p2a: Zacian|Zacian-Crowned|100\/100\n|turn|41\n|\n|t:|1698461487\n|move|p2a: Zacian|Swords Dance|p2a: Zacian\n|-boost|p2a: Zacian|atk|2\n|move|p1a: Kyogre|Scald|p2a: Zacian\n|-damage|p2a: Zacian|56\/100\n|-status|p2a: Zacian|brn\n|\n|-damage|p2a: Zacian|50\/100 brn|[from] brn\n|upkeep\n|turn|42\n|c| eldegod|desolate land stops water moves\n|\n|t:|1698461499\n|move|p2a: Zacian|Close Combat|p1a: Kyogre\n|-damage|p1a: Kyogre|1\/100\n|-unboost|p2a: Zacian|def|1\n|-unboost|p2a: Zacian|spd|1\n|move|p1a: Kyogre|Rest|p1a: Kyogre\n|-status|p1a: Kyogre|slp|[from] move: Rest\n|-heal|p1a: Kyogre|100\/100 slp|[silent]\n|\n|-damage|p2a: Zacian|44\/100 brn|[from] brn\n|upkeep\n|turn|43\n|l| eldegod\n|\n|t:|1698461512\n|move|p2a: Zacian|Swords Dance|p2a: Zacian\n|-boost|p2a: Zacian|atk|2\n|cant|p1a: Kyogre|slp\n|\n|-damage|p2a: Zacian|38\/100 brn|[from] brn\n|upkeep\n|turn|44\n|c|\u2606commonapi|Unfortunate burn\n|\n|t:|1698461533\n|-terastallize|p2a: Zacian|Electric\n|move|p2a: Zacian|Wild Charge|p1a: Kyogre\n|-supereffective|p1a: Kyogre\n|-damage|p1a: Kyogre|0 fnt\n|faint|p1a: Kyogre\n|-damage|p2a: Zacian|7\/100 brn|[from] Recoil\n|\n|-damage|p2a: Zacian|0 fnt|[from] brn\n|faint|p2a: Zacian\n|upkeep\n|\n|t:|1698461556\n|switch|p2a: Kyogre|Kyogre-Primal|39\/100\n|switch|p1a: Zygarde|Zygarde-Complete|30\/100 tox\n|-weather|PrimordialSea|[from] ability: Primordial Sea|[of] p2a: Kyogre\n|turn|45\n|\n|t:|1698461563\n|move|p2a: Kyogre|Surf|p1a: Zygarde\n|-damage|p1a: Zygarde|0 fnt\n|faint|p1a: Zygarde\n|\n|-weather|PrimordialSea|[upkeep]\n|upkeep\n|\n|t:|1698461568\n|switch|p1a: Arceus|Arceus-Dark|21\/100\n|turn|46\n|\n|t:|1698461575\n|move|p1a: Arceus|Foul Play|p2a: Kyogre\n|-damage|p2a: Kyogre|0 fnt\n|faint|p2a: Kyogre\n|-weather|none\n|\n|win|sittingduck1080\n|raw|sittingduck1080's rating: 1524 &rarr; <strong>1558<\/strong><br \/>(+34 for winning)\n|raw|commonapi's rating: 1824 &rarr; <strong>1790<\/strong><br \/>(-34 for losing)\n|l|\u2606commonapi\n","uploadtime":1698461591,"views":21,"p1id":"sittingduck1080","p2id":"commonapi","formatid":"gen9nationaldexubers","rating":1558,"private":0,"password":""}