{"id":"gen9nationaldexubers-1987530886","p1":"Obito 2001","p2":"Irfanayan","format":"[Gen 9] National Dex Ubers","log":"|j|\u2606Obito 2001\n|j|\u2606Irfanayan\n|t:|1699607505\n|gametype|singles\n|player|p1|Obito 2001|blue-gen3two|1934\n|player|p2|Irfanayan|266|1690\n|teamsize|p1|6\n|teamsize|p2|6\n|gen|9\n|tier|[Gen 9] National Dex Ubers\n|rated|\n|rule|HP Percentage Mod: HP is shown in percentages\n|rule|Endless Battle Clause: Forcing endless battles is banned\n|rule|OHKO Clause: OHKO moves are banned\n|rule|Evasion Moves Clause: Evasion moves are banned\n|rule|Evasion Items Clause: Evasion items are banned\n|rule|Species Clause: Limit one of each Pok\u00e9mon\n|rule|Sleep Clause Mod: Limit one foe put to sleep\n|rule|Mega Rayquaza Clause: You cannot mega evolve Rayquaza\n|clearpoke\n|poke|p1|Arceus-Dark|\n|poke|p1|Dondozo, F|\n|poke|p1|Magearna|\n|poke|p1|Ditto|\n|poke|p1|Zygarde|\n|poke|p1|Necrozma-Dusk-Mane|\n|poke|p2|Groudon|\n|poke|p2|Xerneas-*|\n|poke|p2|Arceus|\n|poke|p2|Necrozma-Dusk-Mane|\n|poke|p2|Zygarde|\n|poke|p2|Lugia|\n|teampreview\n|inactive|Battle timer is ON: inactive players will automatically lose when time's up. (requested by Obito 2001)\n|\n|t:|1699607526\n|start\n|switch|p1a: Arceus|Arceus-Dark|100\/100\n|switch|p2a: Xerneas|Xerneas|100\/100\n|-ability|p2a: Xerneas|Fairy Aura\n|turn|1\n|\n|t:|1699607534\n|switch|p1a: Necrozma|Necrozma-Dusk-Mane|100\/100\n|move|p2a: Xerneas|Moonblast|p1a: Necrozma\n|-resisted|p1a: Necrozma\n|-damage|p1a: Necrozma|66\/100\n|-unboost|p1a: Necrozma|spa|1\n|\n|upkeep\n|turn|2\n|\n|t:|1699607547\n|switch|p2a: Lugia|Lugia|100\/100\n|-ability|p2a: Lugia|Pressure\n|move|p1a: Necrozma|Stealth Rock|p2a: Lugia\n|-sidestart|p2: Irfanayan|move: Stealth Rock\n|\n|upkeep\n|turn|3\n|\n|t:|1699607556\n|switch|p1a: Magearna|Magearna|100\/100\n|move|p2a: Lugia|Whirlpool|p1a: Magearna\n|-damage|p1a: Magearna|96\/100\n|-activate|p1a: Magearna|move: Whirlpool|[of] p2a: Lugia\n|\n|-damage|p1a: Magearna|83\/100|[from] move: Whirlpool|[partiallytrapped]\n|upkeep\n|turn|4\n|\n|t:|1699607566\n|move|p2a: Lugia|Whirlpool|p1a: Magearna\n|-damage|p1a: Magearna|78\/100\n|move|p1a: Magearna|Fleur Cannon|p2a: Lugia\n|-damage|p2a: Lugia|71\/100\n|-unboost|p1a: Magearna|spa|2\n|\n|-heal|p2a: Lugia|77\/100|[from] item: Leftovers\n|-damage|p1a: Magearna|66\/100|[from] move: Whirlpool|[partiallytrapped]\n|upkeep\n|turn|5\n|\n|t:|1699607579\n|move|p2a: Lugia|Roost|p2a: Lugia\n|-heal|p2a: Lugia|100\/100\n|-singleturn|p2a: Lugia|move: Roost\n|move|p1a: Magearna|Heart Swap|p2a: Lugia\n|-swapboost|p1a: Magearna|p2a: Lugia|[from] move: Heart Swap\n|\n|-damage|p1a: Magearna|53\/100|[from] move: Whirlpool|[partiallytrapped]\n|upkeep\n|turn|6\n|\n|t:|1699607590\n|move|p2a: Lugia|Whirlpool|p1a: Magearna\n|-damage|p1a: Magearna|51\/100\n|move|p1a: Magearna|Pain Split|p2a: Lugia\n|-sethp|p2a: Lugia|72\/100|[from] move: Pain Split|[silent]\n|-sethp|p1a: Magearna|83\/100|[from] move: Pain Split\n|\n|-heal|p2a: Lugia|79\/100|[from] item: Leftovers\n|-damage|p1a: Magearna|70\/100|[from] move: Whirlpool|[partiallytrapped]\n|upkeep\n|turn|7\n|\n|t:|1699607609\n|move|p2a: Lugia|Whirlpool|p1a: Magearna\n|-damage|p1a: Magearna|68\/100\n|move|p1a: Magearna|Fleur Cannon|p2a: Lugia\n|-damage|p2a: Lugia|48\/100\n|-unboost|p1a: Magearna|spa|2\n|\n|-heal|p2a: Lugia|54\/100|[from] item: Leftovers\n|-end|p1a: Magearna|Whirlpool|[partiallytrapped]\n|upkeep\n|turn|8\n|\n|t:|1699607620\n|switch|p1a: Arceus|Arceus-Dark|100\/100\n|move|p2a: Lugia|Roost|p2a: Lugia\n|-heal|p2a: Lugia|100\/100\n|-singleturn|p2a: Lugia|move: Roost\n|\n|upkeep\n|turn|9\n|\n|t:|1699607631\n|-terastallize|p2a: Lugia|Poison\n|move|p1a: Arceus|Taunt|p2a: Lugia\n|-start|p2a: Lugia|move: Taunt\n|move|p2a: Lugia|Whirlpool|p1a: Arceus\n|-damage|p1a: Arceus|98\/100\n|-activate|p1a: Arceus|move: Whirlpool|[of] p2a: Lugia\n|\n|-damage|p1a: Arceus|86\/100|[from] move: Whirlpool|[partiallytrapped]\n|upkeep\n|turn|10\n|\n|t:|1699607642\n|move|p1a: Arceus|Foul Play|p2a: Lugia\n|-damage|p2a: Lugia|87\/100\n|move|p2a: Lugia|Whirlpool|p1a: Arceus\n|-damage|p1a: Arceus|83\/100\n|\n|-heal|p2a: Lugia|93\/100|[from] item: Leftovers\n|-damage|p1a: Arceus|71\/100|[from] move: Whirlpool|[partiallytrapped]\n|upkeep\n|turn|11\n|\n|t:|1699607653\n|move|p1a: Arceus|Foul Play|p2a: Lugia\n|-damage|p2a: Lugia|80\/100\n|move|p2a: Lugia|Whirlpool|p1a: Arceus\n|-damage|p1a: Arceus|68\/100\n|\n|-heal|p2a: Lugia|86\/100|[from] item: Leftovers\n|-damage|p1a: Arceus|56\/100|[from] move: Whirlpool|[partiallytrapped]\n|-end|p2a: Lugia|move: Taunt\n|upkeep\n|turn|12\n|inactive|Irfanayan has 120 seconds left.\n|\n|t:|1699607682\n|move|p1a: Arceus|Taunt|p2a: Lugia\n|-start|p2a: Lugia|move: Taunt\n|move|p2a: Lugia|Whirlpool|p1a: Arceus\n|-damage|p1a: Arceus|53\/100\n|\n|-heal|p2a: Lugia|92\/100|[from] item: Leftovers\n|-damage|p1a: Arceus|41\/100|[from] move: Whirlpool|[partiallytrapped]\n|upkeep\n|turn|13\n|inactive|Irfanayan has 120 seconds left.\n|\n|t:|1699607695\n|move|p1a: Arceus|Recover|p1a: Arceus\n|-heal|p1a: Arceus|91\/100\n|move|p2a: Lugia|Whirlpool|p1a: Arceus\n|-damage|p1a: Arceus|88\/100\n|\n|-heal|p2a: Lugia|99\/100|[from] item: Leftovers\n|-end|p1a: Arceus|Whirlpool|[partiallytrapped]\n|upkeep\n|turn|14\n|\n|t:|1699607707\n|switch|p1a: Zygarde|Zygarde, shiny|100\/100\n|move|p2a: Lugia|Whirlpool|p1a: Zygarde\n|-damage|p1a: Zygarde|97\/100\n|-activate|p1a: Zygarde|move: Whirlpool|[of] p2a: Lugia\n|\n|-heal|p1a: Zygarde|100\/100|[from] item: Leftovers\n|-heal|p2a: Lugia|100\/100|[from] item: Leftovers\n|-damage|p1a: Zygarde|88\/100|[from] move: Whirlpool|[partiallytrapped]\n|-end|p2a: Lugia|move: Taunt\n|upkeep\n|turn|15\n|\n|t:|1699607719\n|move|p1a: Zygarde|Substitute|p1a: Zygarde\n|-start|p1a: Zygarde|Substitute\n|-end|p1a: Zygarde|Whirlpool|[partiallytrapped]|[silent]\n|-damage|p1a: Zygarde|63\/100\n|move|p2a: Lugia|Toxic||[still]\n|-fail|p2a: Lugia\n|\n|-heal|p1a: Zygarde|69\/100|[from] item: Leftovers\n|upkeep\n|turn|16\n|\n|t:|1699607728\n|move|p1a: Zygarde|Dragon Dance|p1a: Zygarde\n|-boost|p1a: Zygarde|atk|1\n|-boost|p1a: Zygarde|spe|1\n|move|p2a: Lugia|Whirlwind|p1a: Zygarde\n|drag|p1a: Necrozma|Necrozma-Dusk-Mane|66\/100\n|\n|upkeep\n|turn|17\n|\n|t:|1699607738\n|move|p1a: Necrozma|Photon Geyser|p2a: Lugia\n|-supereffective|p2a: Lugia\n|-damage|p2a: Lugia|51\/100\n|move|p2a: Lugia|Whirlpool|p1a: Necrozma\n|-damage|p1a: Necrozma|62\/100\n|-activate|p1a: Necrozma|move: Whirlpool|[of] p2a: Lugia\n|\n|-heal|p2a: Lugia|57\/100|[from] item: Leftovers\n|-damage|p1a: Necrozma|50\/100|[from] move: Whirlpool|[partiallytrapped]\n|upkeep\n|turn|18\n|inactive|Irfanayan has 120 seconds left.\n|\n|t:|1699607770\n|switch|p2a: Necrozma|Necrozma-Dusk-Mane|100\/100\n|-damage|p2a: Necrozma|94\/100|[from] Stealth Rock\n|detailschange|p1a: Necrozma|Necrozma-Ultra\n|-burst|p1a: Necrozma|Necrozma|Ultranecrozium Z\n|move|p1a: Necrozma|Photon Geyser|p2a: Necrozma\n|-resisted|p2a: Necrozma\n|-damage|p2a: Necrozma|80\/100\n|\n|-end|p1a: Necrozma|Whirlpool|[partiallytrapped]|[silent]\n|upkeep\n|turn|19\n|inactive|Irfanayan has 120 seconds left.\n|\n|t:|1699607782\n|switch|p1a: Arceus|Arceus-Dark|88\/100\n|move|p2a: Necrozma|Dragon Pulse|p1a: Arceus\n|-damage|p1a: Arceus|71\/100\n|\n|upkeep\n|turn|20\n|inactive|Irfanayan has 120 seconds left.\n|\n|t:|1699607801\n|switch|p2a: Lugia|Lugia, tera:Poison|57\/100\n|-damage|p2a: Lugia|45\/100|[from] Stealth Rock\n|-ability|p2a: Lugia|Pressure\n|move|p1a: Arceus|Foul Play|p2a: Lugia\n|-damage|p2a: Lugia|32\/100\n|\n|-heal|p2a: Lugia|38\/100|[from] item: Leftovers\n|upkeep\n|turn|21\n|\n|t:|1699607814\n|switch|p1a: Necrozma|Necrozma-Ultra|50\/100\n|move|p2a: Lugia|Roost|p2a: Lugia\n|-heal|p2a: Lugia|88\/100\n|\n|-heal|p2a: Lugia|94\/100|[from] item: Leftovers\n|upkeep\n|turn|22\n|\n|t:|1699607831\n|move|p1a: Necrozma|Photon Geyser|p2a: Lugia\n|-supereffective|p2a: Lugia\n|-damage|p2a: Lugia|6\/100\n|move|p2a: Lugia|Whirlwind|p1a: Necrozma\n|drag|p1a: Dondozo|Dondozo, F|100\/100\n|\n|-heal|p2a: Lugia|12\/100|[from] item: Leftovers\n|upkeep\n|turn|23\n|\n|t:|1699607855\n|switch|p1a: Necrozma|Necrozma-Ultra|50\/100\n|move|p2a: Lugia|Toxic|p1a: Necrozma\n|-status|p1a: Necrozma|tox\n|\n|-heal|p2a: Lugia|18\/100|[from] item: Leftovers\n|-damage|p1a: Necrozma|43\/100 tox|[from] psn\n|upkeep\n|turn|24\n|inactive|Irfanayan has 90 seconds left.\n|\n|t:|1699607900\n|move|p1a: Necrozma|Earth Power|p2a: Lugia\n|-supereffective|p2a: Lugia\n|-crit|p2a: Lugia\n|-damage|p2a: Lugia|0 fnt\n|faint|p2a: Lugia\n|\n|-damage|p1a: Necrozma|31\/100 tox|[from] psn\n|upkeep\n|inactive|Irfanayan has 60 seconds left.\n|\n|t:|1699607912\n|switch|p2a: Arceus|Arceus|100\/100\n|-damage|p2a: Arceus|88\/100|[from] Stealth Rock\n|turn|25\n|\n|t:|1699607918\n|switch|p1a: Dondozo|Dondozo, F|100\/100\n|move|p2a: Arceus|Extreme Speed|p1a: Dondozo\n|-damage|p1a: Dondozo|74\/100\n|-damage|p2a: Arceus|78\/100|[from] item: Life Orb\n|\n|-heal|p1a: Dondozo|80\/100|[from] item: Leftovers\n|upkeep\n|turn|26\n|\n|t:|1699607928\n|move|p2a: Arceus|Taunt|p1a: Dondozo\n|-start|p1a: Dondozo|move: Taunt\n|move|p1a: Dondozo|Body Press|p2a: Arceus\n|-supereffective|p2a: Arceus\n|-damage|p2a: Arceus|39\/100\n|\n|-heal|p1a: Dondozo|86\/100|[from] item: Leftovers\n|upkeep\n|turn|27\n|\n|t:|1699607946\n|switch|p2a: Groudon|Groudon|100\/100\n|-damage|p2a: Groudon|94\/100|[from] Stealth Rock\n|detailschange|p2a: Groudon|Groudon-Primal\n|-primal|p2a: Groudon|Red Orb\n|-weather|DesolateLand|[from] ability: Desolate Land|[of] p2a: Groudon\n|move|p1a: Dondozo|Body Press|p2a: Groudon\n|-crit|p2a: Groudon\n|-damage|p2a: Groudon|72\/100\n|\n|-weather|DesolateLand|[upkeep]\n|-heal|p1a: Dondozo|92\/100|[from] item: Leftovers\n|upkeep\n|turn|28\n|\n|t:|1699607958\n|switch|p1a: Zygarde|Zygarde, shiny|69\/100\n|move|p2a: Groudon|Precipice Blades|p1a: Zygarde|[miss]\n|-miss|p2a: Groudon|p1a: Zygarde\n|\n|-weather|DesolateLand|[upkeep]\n|-heal|p1a: Zygarde|76\/100|[from] item: Leftovers\n|upkeep\n|turn|29\n|\n|t:|1699607968\n|move|p1a: Zygarde|Thousand Arrows|p2a: Groudon\n|-supereffective|p2a: Groudon\n|-damage|p2a: Groudon|30\/100\n|move|p2a: Groudon|Precipice Blades|p1a: Zygarde\n|-damage|p1a: Zygarde|8\/100\n|\n|-weather|DesolateLand|[upkeep]\n|-heal|p1a: Zygarde|14\/100|[from] item: Leftovers\n|-activate|p1a: Zygarde|ability: Power Construct\n|detailschange|p1a: Zygarde|Zygarde-Complete, shiny\n|-heal|p1a: Zygarde|47\/100|[silent]\n|upkeep\n|turn|30\n|\n|t:|1699607981\n|move|p1a: Zygarde|Thousand Arrows|p2a: Groudon\n|-supereffective|p2a: Groudon\n|-crit|p2a: Groudon\n|-damage|p2a: Groudon|0 fnt\n|faint|p2a: Groudon\n|-weather|none\n|\n|-heal|p1a: Zygarde|53\/100|[from] item: Leftovers\n|upkeep\n|\n|t:|1699607992\n|switch|p2a: Xerneas|Xerneas|100\/100\n|-damage|p2a: Xerneas|88\/100|[from] Stealth Rock\n|-ability|p2a: Xerneas|Fairy Aura\n|turn|31\n|\n|t:|1699607999\n|switch|p1a: Magearna|Magearna|68\/100\n|move|p2a: Xerneas|Geomancy||[still]\n|-prepare|p2a: Xerneas|Geomancy\n|-enditem|p2a: Xerneas|Power Herb\n|-anim|p2a: Xerneas|Geomancy|p2a: Xerneas\n|-boost|p2a: Xerneas|spa|2\n|-boost|p2a: Xerneas|spd|2\n|-boost|p2a: Xerneas|spe|2\n|\n|upkeep\n|turn|32\n|\n|t:|1699608010\n|move|p2a: Xerneas|Thunderbolt|p1a: Magearna\n|-damage|p1a: Magearna|23\/100\n|move|p1a: Magearna|Heart Swap|p2a: Xerneas\n|-swapboost|p1a: Magearna|p2a: Xerneas|[from] move: Heart Swap\n|\n|upkeep\n|turn|33\n|inactive|Irfanayan has 60 seconds left.\n|\n|t:|1699608036\n|move|p1a: Magearna|Pain Split|p2a: Xerneas\n|-sethp|p2a: Xerneas|54\/100|[from] move: Pain Split|[silent]\n|-sethp|p1a: Magearna|61\/100|[from] move: Pain Split\n|move|p2a: Xerneas|Thunderbolt|p1a: Magearna\n|-damage|p1a: Magearna|50\/100\n|-status|p1a: Magearna|par\n|\n|upkeep\n|turn|34\n|inactive|Irfanayan has 60 seconds left.\n|\n|t:|1699608053\n|move|p2a: Xerneas|Geomancy||[still]\n|-prepare|p2a: Xerneas|Geomancy\n|cant|p1a: Magearna|par\n|\n|upkeep\n|turn|35\n|\n|t:|1699608061\n|move|p2a: Xerneas|Geomancy|p2a: Xerneas|[from]lockedmove\n|-boost|p2a: Xerneas|spa|2\n|-boost|p2a: Xerneas|spd|2\n|-boost|p2a: Xerneas|spe|2\n|-zpower|p1a: Magearna\n|move|p1a: Magearna|Z-Heal Bell|p1a: Magearna|[anim]Heal Bell\n|-heal|p1a: Magearna|100\/100 par|[zeffect]\n|-activate|p1a: Magearna|move: Heal Bell\n|-curestatus|p1a: Magearna|par|[msg]\n|-curestatus|p1: Necrozma|tox|[msg]\n|\n|upkeep\n|turn|36\n|inactive|Irfanayan has 60 seconds left.\n|\n|t:|1699608074\n|move|p2a: Xerneas|Moonblast|p1a: Magearna\n|-resisted|p1a: Magearna\n|-damage|p1a: Magearna|77\/100\n|-unboost|p1a: Magearna|spa|1\n|move|p1a: Magearna|Fleur Cannon|p2a: Xerneas\n|-damage|p2a: Xerneas|10\/100\n|-unboost|p1a: Magearna|spa|2\n|\n|upkeep\n|turn|37\n|inactive|Irfanayan has 60 seconds left.\n|\n|t:|1699608084\n|move|p2a: Xerneas|Moonblast|p1a: Magearna\n|-resisted|p1a: Magearna\n|-damage|p1a: Magearna|56\/100\n|move|p1a: Magearna|Heart Swap|p2a: Xerneas\n|-swapboost|p1a: Magearna|p2a: Xerneas|[from] move: Heart Swap\n|\n|upkeep\n|turn|38\n|inactive|Irfanayan has 60 seconds left.\n|\n|t:|1699608094\n|move|p2a: Xerneas|Thunderbolt|p1a: Magearna\n|-damage|p1a: Magearna|49\/100\n|-status|p1a: Magearna|par\n|move|p1a: Magearna|Fleur Cannon|p2a: Xerneas\n|-damage|p2a: Xerneas|0 fnt\n|-unboost|p1a: Magearna|spa|2\n|faint|p2a: Xerneas\n|-ability|p1a: Magearna|Soul-Heart|boost\n|-boost|p1a: Magearna|spa|1\n|\n|upkeep\n|inactive|Irfanayan has 60 seconds left.\n|\n|t:|1699608110\n|switch|p2a: Arceus|Arceus|39\/100\n|-damage|p2a: Arceus|27\/100|[from] Stealth Rock\n|turn|39\n|\n|t:|1699608115\n|move|p2a: Arceus|Earthquake|p1a: Magearna\n|-supereffective|p1a: Magearna\n|-damage|p1a: Magearna|0 fnt\n|faint|p1a: Magearna\n|-damage|p2a: Arceus|17\/100|[from] item: Life Orb\n|\n|upkeep\n|\n|t:|1699608124\n|switch|p1a: Dondozo|Dondozo, F|92\/100\n|turn|40\n|\n|t:|1699608132\n|move|p2a: Arceus|Taunt|p1a: Dondozo\n|-start|p1a: Dondozo|move: Taunt\n|move|p1a: Dondozo|Body Press|p2a: Arceus\n|-supereffective|p2a: Arceus\n|-damage|p2a: Arceus|0 fnt\n|faint|p2a: Arceus\n|\n|-heal|p1a: Dondozo|98\/100|[from] item: Leftovers\n|upkeep\n|inactive|Irfanayan has 60 seconds left.\n|\n|t:|1699608144\n|switch|p2a: Zygarde|Zygarde|100\/100\n|-damage|p2a: Zygarde|94\/100|[from] Stealth Rock\n|turn|41\n|\n|t:|1699608152\n|move|p2a: Zygarde|Dragon Dance|p2a: Zygarde\n|-boost|p2a: Zygarde|atk|1\n|-boost|p2a: Zygarde|spe|1\n|move|p1a: Dondozo|Body Press|p2a: Zygarde\n|-damage|p2a: Zygarde|79\/100\n|\n|-heal|p2a: Zygarde|85\/100|[from] item: Leftovers\n|-heal|p1a: Dondozo|100\/100|[from] item: Leftovers\n|upkeep\n|turn|42\n|\n|t:|1699608163\n|move|p2a: Zygarde|Dragon Dance|p2a: Zygarde\n|-boost|p2a: Zygarde|atk|1\n|-boost|p2a: Zygarde|spe|1\n|move|p1a: Dondozo|Liquidation|p2a: Zygarde\n|-damage|p2a: Zygarde|69\/100\n|\n|-heal|p2a: Zygarde|75\/100|[from] item: Leftovers\n|-end|p1a: Dondozo|move: Taunt\n|upkeep\n|turn|43\n|\n|t:|1699608173\n|move|p2a: Zygarde|Coil|p2a: Zygarde\n|-boost|p2a: Zygarde|atk|1\n|-boost|p2a: Zygarde|def|1\n|-boost|p2a: Zygarde|accuracy|1\n|move|p1a: Dondozo|Curse|p1a: Dondozo\n|-unboost|p1a: Dondozo|spe|1\n|-boost|p1a: Dondozo|atk|1\n|-boost|p1a: Dondozo|def|1\n|\n|-heal|p2a: Zygarde|81\/100|[from] item: Leftovers\n|upkeep\n|turn|44\n|\n|t:|1699608186\n|move|p2a: Zygarde|Coil|p2a: Zygarde\n|-boost|p2a: Zygarde|atk|1\n|-boost|p2a: Zygarde|def|1\n|-boost|p2a: Zygarde|accuracy|1\n|move|p1a: Dondozo|Curse|p1a: Dondozo\n|-unboost|p1a: Dondozo|spe|1\n|-boost|p1a: Dondozo|atk|1\n|-boost|p1a: Dondozo|def|1\n|\n|-heal|p2a: Zygarde|87\/100|[from] item: Leftovers\n|upkeep\n|turn|45\n|\n|t:|1699608197\n|move|p1a: Dondozo|Curse|p1a: Dondozo\n|-unboost|p1a: Dondozo|spe|1\n|-boost|p1a: Dondozo|atk|1\n|-boost|p1a: Dondozo|def|1\n|move|p2a: Zygarde|Dragon Tail|p1a: Dondozo\n|-damage|p1a: Dondozo|96\/100\n|drag|p1a: Zygarde|Zygarde-Complete, shiny|53\/100\n|\n|-heal|p2a: Zygarde|94\/100|[from] item: Leftovers\n|-heal|p1a: Zygarde|59\/100|[from] item: Leftovers\n|upkeep\n|turn|46\n|\n|t:|1699608209\n|switch|p1a: Dondozo|Dondozo, F|96\/100\n|move|p2a: Zygarde|Thousand Arrows|p1a: Dondozo\n|-damage|p1a: Dondozo|83\/100\n|\n|-heal|p2a: Zygarde|99\/100|[from] item: Leftovers\n|-heal|p1a: Dondozo|89\/100|[from] item: Leftovers\n|upkeep\n|turn|47\n|\n|t:|1699608220\n|move|p1a: Dondozo|Liquidation|p2a: Zygarde\n|-damage|p2a: Zygarde|83\/100\n|move|p2a: Zygarde|Dragon Tail|p1a: Dondozo\n|-damage|p1a: Dondozo|80\/100\n|drag|p1a: Necrozma|Necrozma-Ultra|31\/100\n|\n|-heal|p2a: Zygarde|90\/100|[from] item: Leftovers\n|upkeep\n|turn|48\n|inactive|Irfanayan has 60 seconds left.\n|\n|t:|1699608238\n|switch|p1a: Dondozo|Dondozo, F|80\/100\n|move|p2a: Zygarde|Thousand Arrows|p1a: Dondozo\n|-damage|p1a: Dondozo|66\/100\n|\n|-heal|p2a: Zygarde|96\/100|[from] item: Leftovers\n|-heal|p1a: Dondozo|72\/100|[from] item: Leftovers\n|upkeep\n|turn|49\n|inactive|Irfanayan has 60 seconds left.\n|\n|t:|1699608249\n|move|p1a: Dondozo|Liquidation|p2a: Zygarde\n|-damage|p2a: Zygarde|80\/100\n|move|p2a: Zygarde|Dragon Tail|p1a: Dondozo|[miss]\n|-miss|p2a: Zygarde|p1a: Dondozo\n|\n|-heal|p2a: Zygarde|87\/100|[from] item: Leftovers\n|-heal|p1a: Dondozo|78\/100|[from] item: Leftovers\n|upkeep\n|turn|50\n|inactive|Irfanayan has 60 seconds left.\n|\n|t:|1699608259\n|move|p1a: Dondozo|Liquidation|p2a: Zygarde\n|-damage|p2a: Zygarde|70\/100\n|move|p2a: Zygarde|Dragon Tail|p1a: Dondozo\n|-damage|p1a: Dondozo|69\/100\n|drag|p1a: Arceus|Arceus-Dark|71\/100\n|\n|-heal|p2a: Zygarde|76\/100|[from] item: Leftovers\n|upkeep\n|turn|51\n|inactive|Irfanayan has 60 seconds left.\n|\n|t:|1699608274\n|move|p2a: Zygarde|Thousand Arrows|p1a: Arceus\n|-damage|p1a: Arceus|11\/100\n|move|p1a: Arceus|Toxic|p2a: Zygarde\n|-status|p2a: Zygarde|tox\n|\n|-heal|p2a: Zygarde|83\/100 tox|[from] item: Leftovers\n|-damage|p2a: Zygarde|76\/100 tox|[from] psn\n|upkeep\n|turn|52\n|\n|t:|1699608284\n|switch|p1a: Dondozo|Dondozo, F|69\/100\n|move|p2a: Zygarde|Thousand Arrows|p1a: Dondozo\n|-damage|p1a: Dondozo|56\/100\n|\n|-heal|p2a: Zygarde|83\/100 tox|[from] item: Leftovers\n|-heal|p1a: Dondozo|62\/100|[from] item: Leftovers\n|-damage|p2a: Zygarde|70\/100 tox|[from] psn\n|upkeep\n|turn|53\n|\n|t:|1699608295\n|move|p1a: Dondozo|Rest|p1a: Dondozo\n|-status|p1a: Dondozo|slp|[from] move: Rest\n|-heal|p1a: Dondozo|100\/100 slp|[silent]\n|move|p2a: Zygarde|Dragon Tail|p1a: Dondozo\n|-damage|p1a: Dondozo|92\/100 slp\n|drag|p1a: Ditto|Ditto, shiny|100\/100\n|-transform|p1a: Ditto|p2a: Zygarde|[from] ability: Imposter\n|\n|-heal|p2a: Zygarde|76\/100 tox|[from] item: Leftovers\n|-damage|p2a: Zygarde|58\/100 tox|[from] psn\n|upkeep\n|turn|54\n|\n|t:|1699608309\n|move|p1a: Ditto|Thousand Arrows|p2a: Zygarde\n|-damage|p2a: Zygarde|34\/100 tox\n|move|p2a: Zygarde|Dragon Tail|p1a: Ditto\n|-supereffective|p1a: Ditto\n|-crit|p1a: Ditto\n|-damage|p1a: Ditto|0 fnt\n|faint|p1a: Ditto\n|\n|-heal|p2a: Zygarde|40\/100 tox|[from] item: Leftovers\n|-damage|p2a: Zygarde|16\/100 tox|[from] psn\n|-activate|p2a: Zygarde|ability: Power Construct\n|detailschange|p2a: Zygarde|Zygarde-Complete\n|-heal|p2a: Zygarde|45\/100 tox|[silent]\n|upkeep\n|\n|t:|1699608316\n|switch|p1a: Dondozo|Dondozo, F|92\/100 slp\n|turn|55\n|\n|t:|1699608329\n|cant|p1a: Dondozo|slp\n|move|p2a: Zygarde|Dragon Tail|p1a: Dondozo\n|-damage|p1a: Dondozo|82\/100 slp\n|drag|p1a: Arceus|Arceus-Dark|11\/100\n|\n|-heal|p2a: Zygarde|51\/100 tox|[from] item: Leftovers\n|-damage|p2a: Zygarde|20\/100 tox|[from] psn\n|upkeep\n|turn|56\n|\n|t:|1699608341\n|switch|p1a: Dondozo|Dondozo, F|82\/100 slp\n|move|p2a: Zygarde|Thousand Arrows|p1a: Dondozo\n|-damage|p1a: Dondozo|69\/100 slp\n|\n|-heal|p2a: Zygarde|26\/100 tox|[from] item: Leftovers\n|-heal|p1a: Dondozo|75\/100 slp|[from] item: Leftovers\n|-damage|p2a: Zygarde|0 fnt|[from] psn\n|faint|p2a: Zygarde\n|upkeep\n|\n|t:|1699608352\n|switch|p2a: Necrozma|Necrozma-Dusk-Mane|80\/100\n|-damage|p2a: Necrozma|74\/100|[from] Stealth Rock\n|turn|57\n|\n|t:|1699608360\n|switch|p1a: Arceus|Arceus-Dark|11\/100\n|move|p2a: Necrozma|Photon Geyser|p1a: Arceus\n|-immune|p1a: Arceus\n|\n|upkeep\n|turn|58\n|\n|t:|1699608378\n|detailschange|p2a: Necrozma|Necrozma-Ultra\n|-burst|p2a: Necrozma|Necrozma|Ultranecrozium Z\n|move|p2a: Necrozma|Dragon Pulse|p1a: Arceus\n|-damage|p1a: Arceus|0 fnt\n|faint|p1a: Arceus\n|\n|upkeep\n|\n|t:|1699608388\n|switch|p1a: Necrozma|Necrozma-Ultra|31\/100\n|turn|59\n|\n|t:|1699608393\n|move|p1a: Necrozma|Dragon Pulse|p2a: Necrozma\n|-supereffective|p2a: Necrozma\n|-damage|p2a: Necrozma|0 fnt\n|faint|p2a: Necrozma\n|\n|win|Obito 2001\n|raw|Obito 2001's rating: 1934 &rarr; <strong>1942<\/strong><br \/>(+8 for winning)\n|raw|Irfanayan's rating: 1690 &rarr; <strong>1682<\/strong><br \/>(-8 for losing)\n|c|\u2606Irfanayan|Oo\n|l|\u2606Obito 2001\n|l|\u2606Irfanayan\n","uploadtime":1699608439,"views":25,"p1id":"obito2001","p2id":"irfanayan","formatid":"gen9nationaldexubers","rating":1682,"private":0,"password":""}