{"id":"gen9nationaldexubers-1978669312","p1":"700club","p2":"arriba ESP","format":"[Gen 9] National Dex Ubers","log":"|j|\u2606700club\n|j|\u2606arriba ESP\n|t:|1698578400\n|gametype|singles\n|player|p1|700club|shadowtriad|1112\n|player|p2|arriba ESP|benga|1101\n|teamsize|p1|6\n|teamsize|p2|6\n|gen|9\n|tier|[Gen 9] National Dex Ubers\n|rated|\n|rule|HP Percentage Mod: HP is shown in percentages\n|rule|Endless Battle Clause: Forcing endless battles is banned\n|rule|OHKO Clause: OHKO moves are banned\n|rule|Evasion Moves Clause: Evasion moves are banned\n|rule|Evasion Items Clause: Evasion items are banned\n|rule|Species Clause: Limit one of each Pok\u00e9mon\n|rule|Sleep Clause Mod: Limit one foe put to sleep\n|rule|Mega Rayquaza Clause: You cannot mega evolve Rayquaza\n|clearpoke\n|poke|p1|Ogerpon-Hearthflame, F|\n|poke|p1|Ditto|\n|poke|p1|Deoxys-Speed|\n|poke|p1|Mewtwo|\n|poke|p1|Necrozma-Dusk-Mane|\n|poke|p1|Meowscarada, M|\n|poke|p2|Groudon|\n|poke|p2|Kyogre|\n|poke|p2|Mewtwo|\n|poke|p2|Ditto|\n|poke|p2|Marshadow|\n|poke|p2|Necrozma-Dusk-Mane|\n|teampreview\n|inactive|Battle timer is ON: inactive players will automatically lose when time's up. (requested by arriba ESP)\n|inactive|arriba ESP has 120 seconds left.\n|\n|t:|1698578456\n|start\n|switch|p1a: Deoxys|Deoxys-Speed|100\/100\n|switch|p2a: Groudon|Groudon|100\/100\n|-ability|p1a: Deoxys|Pressure\n|detailschange|p2a: Groudon|Groudon-Primal\n|-primal|p2a: Groudon|Red Orb\n|-weather|DesolateLand|[from] ability: Desolate Land|[of] p2a: Groudon\n|turn|1\n|\n|t:|1698578475\n|move|p1a: Deoxys|Reflect|p1a: Deoxys\n|-sidestart|p1: 700club|Reflect\n|move|p2a: Groudon|Swords Dance|p2a: Groudon\n|-boost|p2a: Groudon|atk|2\n|\n|-weather|DesolateLand|[upkeep]\n|upkeep\n|turn|2\n|\n|t:|1698578484\n|move|p1a: Deoxys|Taunt|p2a: Groudon\n|-start|p2a: Groudon|move: Taunt\n|move|p2a: Groudon|Heat Crash|p1a: Deoxys\n|-enditem|p1a: Deoxys|Focus Sash\n|-damage|p1a: Deoxys|1\/100\n|\n|-weather|DesolateLand|[upkeep]\n|upkeep\n|turn|3\n|\n|t:|1698578496\n|move|p1a: Deoxys|Stealth Rock|p2a: Groudon\n|-sidestart|p2: arriba ESP|move: Stealth Rock\n|move|p2a: Groudon|Precipice Blades|p1a: Deoxys\n|-damage|p1a: Deoxys|0 fnt\n|faint|p1a: Deoxys\n|\n|-weather|DesolateLand|[upkeep]\n|upkeep\n|\n|t:|1698578511\n|switch|p1a: Necrozma|Necrozma-Dusk-Mane|100\/100\n|turn|4\n|\n|t:|1698578520\n|detailschange|p1a: Necrozma|Necrozma-Ultra\n|-burst|p1a: Necrozma|Necrozma|Ultranecrozium Z\n|move|p1a: Necrozma|Earthquake|p2a: Groudon\n|-supereffective|p2a: Groudon\n|-damage|p2a: Groudon|41\/100\n|move|p2a: Groudon|Precipice Blades|p1a: Necrozma\n|-damage|p1a: Necrozma|15\/100\n|\n|-weather|DesolateLand|[upkeep]\n|-end|p2a: Groudon|move: Taunt\n|upkeep\n|turn|5\n|\n|t:|1698578534\n|move|p1a: Necrozma|Earthquake|p2a: Groudon\n|-supereffective|p2a: Groudon\n|-damage|p2a: Groudon|0 fnt\n|faint|p2a: Groudon\n|-weather|none\n|\n|-sideend|p1: 700club|Reflect\n|upkeep\n|\n|t:|1698578551\n|switch|p2a: Marshadow|Marshadow|100\/100\n|-damage|p2a: Marshadow|94\/100|[from] Stealth Rock\n|turn|6\n|\n|t:|1698578560\n|move|p2a: Marshadow|Shadow Sneak|p1a: Necrozma\n|-supereffective|p1a: Necrozma\n|-damage|p1a: Necrozma|0 fnt\n|faint|p1a: Necrozma\n|\n|upkeep\n|\n|t:|1698578576\n|switch|p1a: Mewtwo|Mewtwo|100\/100\n|-ability|p1a: Mewtwo|Unnerve\n|turn|7\n|\n|t:|1698578593\n|detailschange|p1a: Mewtwo|Mewtwo-Mega-Y\n|-mega|p1a: Mewtwo|Mewtwo|Mewtwonite Y\n|move|p2a: Marshadow|Shadow Sneak|p1a: Mewtwo\n|-supereffective|p1a: Mewtwo\n|-crit|p1a: Mewtwo\n|-damage|p1a: Mewtwo|0 fnt\n|faint|p1a: Mewtwo\n|\n|upkeep\n|\n|t:|1698578616\n|switch|p1a: Ogerpon|Ogerpon-Hearthflame, F|100\/100\n|-ability|p1a: Ogerpon|Mold Breaker\n|turn|8\n|\n|t:|1698578628\n|move|p1a: Ogerpon|Horn Leech|p2a: Marshadow\n|-damage|p2a: Marshadow|44\/100\n|move|p2a: Marshadow|Spectral Thief|p1a: Ogerpon\n|-damage|p1a: Ogerpon|46\/100\n|\n|upkeep\n|turn|9\n|\n|t:|1698578637\n|move|p2a: Marshadow|Shadow Sneak|p1a: Ogerpon\n|-damage|p1a: Ogerpon|10\/100\n|move|p1a: Ogerpon|Horn Leech|p2a: Marshadow\n|-damage|p2a: Marshadow|0 fnt\n|-heal|p1a: Ogerpon|29\/100|[from] drain|[of] p2a: Marshadow\n|faint|p2a: Marshadow\n|\n|upkeep\n|\n|t:|1698578652\n|switch|p2a: Ditto|Ditto|100\/100\n|-damage|p2a: Ditto|88\/100|[from] Stealth Rock\n|-transform|p2a: Ditto|p1a: Ogerpon|[from] ability: Imposter\n|-ability|p2a: Ditto|Mold Breaker\n|turn|10\n|inactive|700club has 120 seconds left.\n|inactiveoff|Battle timer is now OFF.\n|\n|t:|1698578704\n|move|p2a: Ditto|Ivy Cudgel|p1a: Ogerpon\n|-damage|p1a: Ogerpon|0 fnt\n|faint|p1a: Ogerpon\n|\n|upkeep\n|\n|t:|1698578708\n|switch|p1a: Meowscarada|Meowscarada, M|100\/100\n|turn|11\n|\n|t:|1698578743\n|move|p2a: Ditto|Ivy Cudgel|p1a: Meowscarada\n|-supereffective|p1a: Meowscarada\n|-damage|p1a: Meowscarada|0 fnt\n|faint|p1a: Meowscarada\n|\n|upkeep\n|\n|t:|1698578747\n|switch|p1a: Ditto|Ditto|100\/100\n|turn|12\n|\n|t:|1698578755\n|-terastallize|p1a: Ditto|Steel\n|move|p2a: Ditto|Ivy Cudgel|p1a: Ditto\n|-supereffective|p1a: Ditto\n|-damage|p1a: Ditto|4\/100\n|move|p1a: Ditto|Transform||[still]\n|-fail|p1a: Ditto\n|\n|upkeep\n|turn|13\n|\n|t:|1698578767\n|move|p2a: Ditto|Ivy Cudgel|p1a: Ditto\n|-supereffective|p1a: Ditto\n|-damage|p1a: Ditto|0 fnt\n|faint|p1a: Ditto\n|\n|win|arriba ESP\n|raw|700club's rating: 1112 &rarr; <strong>1086<\/strong><br \/>(-26 for losing)\n|raw|arriba ESP's rating: 1101 &rarr; <strong>1127<\/strong><br \/>(+26 for winning)\n|l|\u2606arriba ESP\n","uploadtime":1698578779,"views":19,"p1id":"700club","p2id":"arribaesp","formatid":"gen9nationaldexubers","rating":1086,"private":0,"password":""}