{"id":"gen9nationaldexubers-1992697973","p1":"JustMonika_CARR","p2":"Navarr08","format":"[Gen 9] National Dex Ubers","log":"|j|\u2606JustMonika_CARR\n|j|\u2606Navarr08\n|t:|1700226533\n|gametype|singles\n|player|p1|JustMonika_CARR|rosa|1416\n|player|p2|Navarr08|hilbert|1555\n|teamsize|p1|6\n|teamsize|p2|6\n|gen|9\n|tier|[Gen 9] National Dex Ubers\n|rated|\n|rule|HP Percentage Mod: HP is shown in percentages\n|rule|Endless Battle Clause: Forcing endless battles is banned\n|rule|OHKO Clause: OHKO moves are banned\n|rule|Evasion Moves Clause: Evasion moves are banned\n|rule|Evasion Items Clause: Evasion items are banned\n|rule|Species Clause: Limit one of each Pok\u00e9mon\n|rule|Sleep Clause Mod: Limit one foe put to sleep\n|rule|Mega Rayquaza Clause: You cannot mega evolve Rayquaza\n|clearpoke\n|poke|p1|Marshadow|\n|poke|p1|Lopunny, F|\n|poke|p1|Eternatus|\n|poke|p1|Forretress, F|\n|poke|p1|Pheromosa|\n|poke|p1|Grimmsnarl, M|\n|poke|p2|Ninetales-Alola, F|\n|poke|p2|Kyurem-Black|\n|poke|p2|Groudon|\n|poke|p2|Zacian-*|\n|poke|p2|Marshadow|\n|poke|p2|Yveltal|\n|teampreview\n|inactive|Battle timer is ON: inactive players will automatically lose when time's up. (requested by Navarr08)\n|\n|t:|1700226550\n|start\n|switch|p1a: Forretress|Forretress, F, shiny|100\/100\n|switch|p2a: Zacian|Zacian-Crowned|100\/100\n|-ability|p2a: Zacian|Intrepid Sword|boost\n|-boost|p2a: Zacian|atk|1\n|turn|1\n|\n|t:|1700226561\n|-terastallize|p2a: Zacian|Ground\n|move|p2a: Zacian|Tera Blast|p1a: Forretress|[anim] Tera Blast Ground\n|-damage|p1a: Forretress|62\/100\n|-enditem|p1a: Forretress|Red Card|[of] p2a: Zacian\n|drag|p2a: Kyurem|Kyurem-Black|100\/100\n|-ability|p2a: Kyurem|Teravolt\n|move|p1a: Forretress|Stealth Rock|p2a: Kyurem\n|-sidestart|p2: Navarr08|move: Stealth Rock\n|\n|upkeep\n|turn|2\n|\n|t:|1700226576\n|move|p2a: Kyurem|Fusion Bolt|p1a: Forretress\n|-damage|p1a: Forretress|38\/100\n|move|p1a: Forretress|Toxic Spikes|p2a: Kyurem\n|-sidestart|p2: Navarr08|move: Toxic Spikes\n|\n|upkeep\n|turn|3\n|\n|t:|1700226582\n|move|p2a: Kyurem|Fusion Bolt|p1a: Forretress\n|-damage|p1a: Forretress|14\/100\n|move|p1a: Forretress|Toxic Spikes|p2a: Kyurem\n|-sidestart|p2: Navarr08|move: Toxic Spikes\n|\n|upkeep\n|turn|4\n|\n|t:|1700226589\n|move|p2a: Kyurem|Icicle Spear|p1a: Forretress\n|-resisted|p1a: Forretress\n|-damage|p1a: Forretress|10\/100\n|-resisted|p1a: Forretress\n|-damage|p1a: Forretress|5\/100\n|-resisted|p1a: Forretress\n|-damage|p1a: Forretress|1\/100\n|-resisted|p1a: Forretress\n|-damage|p1a: Forretress|0 fnt\n|faint|p1a: Forretress\n|-hitcount|p1: Forretress|4\n|\n|upkeep\n|inactive|JustMonika_CARR has 120 seconds left.\n|\n|t:|1700226629\n|switch|p1a: Eternatus|Eternatus|100\/100\n|-ability|p1a: Eternatus|Pressure\n|turn|5\n|\n|t:|1700226650\n|switch|p2a: Zacian|Zacian-Crowned, tera:Ground|100\/100\n|-damage|p2a: Zacian|94\/100|[from] Stealth Rock\n|-status|p2a: Zacian|tox\n|move|p1a: Eternatus|Dynamax Cannon|p2a: Zacian\n|-damage|p2a: Zacian|34\/100 tox\n|\n|-damage|p2a: Zacian|28\/100 tox|[from] psn\n|upkeep\n|turn|6\n|inactive|JustMonika_CARR has 120 seconds left.\n|\n|t:|1700226663\n|move|p1a: Eternatus|Dynamax Cannon|p2a: Zacian\n|-damage|p2a: Zacian|0 fnt\n|faint|p2a: Zacian\n|\n|upkeep\n|\n|t:|1700226670\n|switch|p2a: Groudon|Groudon|100\/100\n|-damage|p2a: Groudon|94\/100|[from] Stealth Rock\n|-status|p2a: Groudon|tox\n|detailschange|p2a: Groudon|Groudon-Primal\n|-primal|p2a: Groudon|Red Orb\n|-weather|DesolateLand|[from] ability: Desolate Land|[of] p2a: Groudon\n|turn|7\n|\n|t:|1700226679\n|-terastallize|p1a: Eternatus|Ground\n|move|p1a: Eternatus|Dynamax Cannon|p2a: Groudon\n|-damage|p2a: Groudon|32\/100 tox\n|move|p2a: Groudon|Precipice Blades|p1a: Eternatus\n|-damage|p1a: Eternatus|20\/100\n|\n|-weather|DesolateLand|[upkeep]\n|-damage|p2a: Groudon|25\/100 tox|[from] psn\n|upkeep\n|turn|8\n|\n|t:|1700226690\n|move|p1a: Eternatus|Dynamax Cannon|p2a: Groudon\n|-damage|p2a: Groudon|0 fnt\n|faint|p2a: Groudon\n|-weather|none\n|\n|upkeep\n|\n|t:|1700226703\n|switch|p2a: Yveltal|Yveltal|100\/100\n|-damage|p2a: Yveltal|76\/100|[from] Stealth Rock\n|-ability|p2a: Yveltal|Dark Aura\n|turn|9\n|\n|t:|1700226709\n|switch|p1a: Grimmsnarl|Grimmsnarl, M, shiny|100\/100\n|move|p2a: Yveltal|Sucker Punch||[still]\n|-fail|p2a: Yveltal\n|\n|upkeep\n|turn|10\n|\n|t:|1700226716\n|move|p2a: Yveltal|Defog|p1a: Grimmsnarl\n|-unboost|p1a: Grimmsnarl|evasion|1\n|-sideend|p2: Navarr08|Toxic Spikes|[from] move: Defog|[of] p2a: Yveltal\n|-sideend|p2: Navarr08|Stealth Rock|[from] move: Defog|[of] p2a: Yveltal\n|move|p1a: Grimmsnarl|Spirit Break|p2a: Yveltal\n|-supereffective|p2a: Yveltal\n|-damage|p2a: Yveltal|11\/100\n|-unboost|p2a: Yveltal|spa|1\n|\n|upkeep\n|turn|11\n|\n|t:|1700226731\n|switch|p2a: Marshadow|Marshadow|100\/100\n|move|p1a: Grimmsnarl|Spirit Break|p2a: Marshadow\n|-supereffective|p2a: Marshadow\n|-damage|p2a: Marshadow|11\/100\n|-unboost|p2a: Marshadow|spa|1\n|\n|upkeep\n|turn|12\n|\n|t:|1700226742\n|move|p1a: Grimmsnarl|Reflect|p1a: Grimmsnarl\n|-sidestart|p1: JustMonika_CARR|Reflect\n|move|p2a: Marshadow|Endeavor|p1a: Grimmsnarl\n|-damage|p1a: Grimmsnarl|9\/100\n|\n|-heal|p1a: Grimmsnarl|15\/100|[from] item: Leftovers\n|upkeep\n|turn|13\n|\n|t:|1700226757\n|move|p2a: Marshadow|Close Combat|p1a: Grimmsnarl\n|-damage|p1a: Grimmsnarl|0 fnt\n|-unboost|p2a: Marshadow|def|1\n|-unboost|p2a: Marshadow|spd|1\n|faint|p1a: Grimmsnarl\n|\n|upkeep\n|\n|t:|1700226769\n|switch|p1a: Lopunny|Lopunny, F, shiny|100\/100\n|turn|14\n|\n|t:|1700226775\n|switch|p2a: Ninetales|Ninetales-Alola, F|100\/100\n|-weather|Snow|[from] ability: Snow Warning|[of] p2a: Ninetales\n|detailschange|p1a: Lopunny|Lopunny-Mega, F, shiny\n|-mega|p1a: Lopunny|Lopunny|Lopunnite\n|move|p1a: Lopunny|Power-Up Punch|p2a: Ninetales\n|-damage|p2a: Ninetales|82\/100\n|-boost|p1a: Lopunny|atk|1\n|\n|-weather|Snow|[upkeep]\n|upkeep\n|turn|15\n|\n|t:|1700226792\n|move|p1a: Lopunny|Close Combat|p2a: Ninetales\n|-damage|p2a: Ninetales|2\/100\n|-unboost|p1a: Lopunny|def|1\n|-unboost|p1a: Lopunny|spd|1\n|move|p2a: Ninetales|Aurora Veil|p2a: Ninetales\n|-sidestart|p2: Navarr08|move: Aurora Veil\n|\n|-weather|Snow|[upkeep]\n|upkeep\n|turn|16\n|\n|t:|1700226801\n|move|p1a: Lopunny|Power-Up Punch|p2a: Ninetales\n|-damage|p2a: Ninetales|0 fnt\n|-boost|p1a: Lopunny|atk|1\n|faint|p2a: Ninetales\n|\n|-weather|Snow|[upkeep]\n|-sideend|p1: JustMonika_CARR|Reflect\n|upkeep\n|\n|t:|1700226810\n|switch|p2a: Yveltal|Yveltal|11\/100\n|-ability|p2a: Yveltal|Dark Aura\n|turn|17\n|\n|t:|1700226815\n|move|p2a: Yveltal|Sucker Punch|p1a: Lopunny\n|-resisted|p1a: Lopunny\n|-damage|p1a: Lopunny|49\/100\n|-damage|p2a: Yveltal|2\/100|[from] item: Life Orb\n|move|p1a: Lopunny|Power-Up Punch|p2a: Yveltal\n|-crit|p2a: Yveltal\n|-damage|p2a: Yveltal|0 fnt\n|-boost|p1a: Lopunny|atk|1\n|faint|p2a: Yveltal\n|\n|-weather|Snow|[upkeep]\n|upkeep\n|\n|t:|1700226830\n|switch|p2a: Kyurem|Kyurem-Black|100\/100\n|-ability|p2a: Kyurem|Teravolt\n|turn|18\n|\n|t:|1700226838\n|move|p1a: Lopunny|Close Combat|p2a: Kyurem\n|-supereffective|p2a: Kyurem\n|-damage|p2a: Kyurem|0 fnt\n|-unboost|p1a: Lopunny|def|1\n|-unboost|p1a: Lopunny|spd|1\n|faint|p2a: Kyurem\n|\n|-weather|none\n|upkeep\n|-message|Navarr08 forfeited.\n|\n|win|JustMonika_CARR\n|raw|JustMonika_CARR's rating: 1416 &rarr; <strong>1444<\/strong><br \/>(+28 for winning)\n|raw|Navarr08's rating: 1555 &rarr; <strong>1527<\/strong><br \/>(-28 for losing)\n|l|\u2606Navarr08\n","uploadtime":1700226849,"views":7,"p1id":"justmonikacarr","p2id":"navarr08","formatid":"gen9nationaldexubers","rating":1444,"private":0,"password":""}