{"id":"gen9nationaldexubers-1985295984","p1":"darkukira","p2":"NDUK shitfart","format":"[Gen 9] National Dex Ubers","log":"|j|\u2606darkukira\n|j|\u2606NDUK shitfart\n|t:|1699361395\n|gametype|singles\n|player|p1|darkukira|169|1562\n|player|p2|NDUK shitfart|hiker-gen4|1547\n|teamsize|p1|6\n|teamsize|p2|6\n|gen|9\n|tier|[Gen 9] National Dex Ubers\n|rated|\n|rule|HP Percentage Mod: HP is shown in percentages\n|rule|Endless Battle Clause: Forcing endless battles is banned\n|rule|OHKO Clause: OHKO moves are banned\n|rule|Evasion Moves Clause: Evasion moves are banned\n|rule|Evasion Items Clause: Evasion items are banned\n|rule|Species Clause: Limit one of each Pok\u00e9mon\n|rule|Sleep Clause Mod: Limit one foe put to sleep\n|rule|Mega Rayquaza Clause: You cannot mega evolve Rayquaza\n|clearpoke\n|poke|p1|Groudon|\n|poke|p1|Necrozma-Dusk-Mane|\n|poke|p1|Arceus-Ground|\n|poke|p1|Yveltal|\n|poke|p1|Ho-Oh|\n|poke|p1|Xerneas-*|\n|poke|p2|Deoxys-Speed|\n|poke|p2|Arceus|\n|poke|p2|Zacian-*|\n|poke|p2|Salamence, M|\n|poke|p2|Kyogre|\n|poke|p2|Marshadow|\n|teampreview\n|inactive|Battle timer is ON: inactive players will automatically lose when time's up. (requested by darkukira)\n|j| LightningSword6354\n|j| Incredible Gassy\n|l| LightningSword6354\n|\n|t:|1699361400\n|start\n|switch|p1a: Arceus|Arceus-Ground|100\/100\n|switch|p2a: testes torsion|Deoxys-Speed|100\/100\n|-ability|p2a: testes torsion|Pressure\n|turn|1\n|\n|t:|1699361409\n|move|p2a: testes torsion|Stealth Rock|p1a: Arceus\n|-sidestart|p1: darkukira|move: Stealth Rock\n|move|p1a: Arceus|Stealth Rock|p2a: testes torsion\n|-sidestart|p2: NDUK shitfart|move: Stealth Rock\n|\n|upkeep\n|turn|2\n|\n|t:|1699361416\n|move|p2a: testes torsion|Taunt|p1a: Arceus\n|-start|p1a: Arceus|move: Taunt\n|move|p1a: Arceus|Judgment|p2a: testes torsion\n|-damage|p2a: testes torsion|24\/100\n|\n|upkeep\n|turn|3\n|\n|t:|1699361423\n|move|p2a: testes torsion|Toxic|p1a: Arceus\n|-status|p1a: Arceus|tox\n|move|p1a: Arceus|Judgment|p2a: testes torsion\n|-damage|p2a: testes torsion|0 fnt\n|faint|p2a: testes torsion\n|\n|-damage|p1a: Arceus|94\/100 tox|[from] psn\n|upkeep\n|\n|t:|1699361428\n|switch|p2a: stored in de balls|Arceus, shiny|100\/100\n|-damage|p2a: stored in de balls|88\/100|[from] Stealth Rock\n|turn|4\n|\n|t:|1699361436\n|move|p1a: Arceus|Judgment|p2a: stored in de balls\n|-damage|p2a: stored in de balls|41\/100\n|move|p2a: stored in de balls|Swords Dance|p2a: stored in de balls\n|-boost|p2a: stored in de balls|atk|2\n|\n|-damage|p1a: Arceus|82\/100 tox|[from] psn\n|-end|p1a: Arceus|move: Taunt\n|upkeep\n|turn|5\n|\n|t:|1699361446\n|move|p2a: stored in de balls|Extreme Speed|p1a: Arceus\n|-damage|p1a: Arceus|2\/100 tox\n|move|p1a: Arceus|Judgment|p2a: stored in de balls\n|-damage|p2a: stored in de balls|0 fnt\n|faint|p2a: stored in de balls\n|\n|-damage|p1a: Arceus|0 fnt|[from] psn\n|faint|p1a: Arceus\n|upkeep\n|\n|t:|1699361460\n|switch|p1a: Ho-Oh|Ho-Oh, shiny|100\/100\n|switch|p2a: NO FUN ALLOWED|Kyogre, shiny|100\/100\n|-damage|p2a: NO FUN ALLOWED|88\/100|[from] Stealth Rock\n|detailschange|p2a: NO FUN ALLOWED|Kyogre-Primal, shiny\n|-primal|p2a: NO FUN ALLOWED|Blue Orb\n|-weather|PrimordialSea|[from] ability: Primordial Sea|[of] p2a: NO FUN ALLOWED\n|turn|6\n|\n|t:|1699361469\n|switch|p1a: Groudon|Groudon, shiny|100\/100\n|-damage|p1a: Groudon|94\/100|[from] Stealth Rock\n|detailschange|p1a: Groudon|Groudon-Primal, shiny\n|-primal|p1a: Groudon|Red Orb\n|-weather|DesolateLand|[from] ability: Desolate Land|[of] p1a: Groudon\n|move|p2a: NO FUN ALLOWED|Ice Beam|p1a: Groudon\n|-damage|p1a: Groudon|48\/100\n|\n|-weather|DesolateLand|[upkeep]\n|upkeep\n|turn|7\n|\n|t:|1699361482\n|move|p2a: NO FUN ALLOWED|Ice Beam|p1a: Groudon\n|-damage|p1a: Groudon|0 fnt\n|faint|p1a: Groudon\n|-weather|none\n|\n|upkeep\n|\n|t:|1699361491\n|switch|p1a: Necrozma|Necrozma-Dusk-Mane, shiny|100\/100\n|-damage|p1a: Necrozma|95\/100|[from] Stealth Rock\n|turn|8\n|\n|t:|1699361497\n|move|p2a: NO FUN ALLOWED|Ice Beam|p1a: Necrozma\n|-resisted|p1a: Necrozma\n|-damage|p1a: Necrozma|75\/100\n|move|p1a: Necrozma|Dragon Dance|p1a: Necrozma\n|-boost|p1a: Necrozma|atk|1\n|-boost|p1a: Necrozma|spe|1\n|\n|upkeep\n|turn|9\n|\n|t:|1699361512\n|detailschange|p1a: Necrozma|Necrozma-Ultra, shiny\n|-burst|p1a: Necrozma|Necrozma|Ultranecrozium Z\n|move|p1a: Necrozma|Photon Geyser|p2a: NO FUN ALLOWED\n|-damage|p2a: NO FUN ALLOWED|0 fnt\n|faint|p2a: NO FUN ALLOWED\n|\n|upkeep\n|\n|t:|1699361517\n|switch|p2a: Sash???|Marshadow|100\/100\n|-damage|p2a: Sash???|94\/100|[from] Stealth Rock\n|turn|10\n|\n|t:|1699361525\n|move|p2a: Sash???|Shadow Sneak|p1a: Necrozma\n|-supereffective|p1a: Necrozma\n|-damage|p1a: Necrozma|0 fnt\n|faint|p1a: Necrozma\n|-damage|p2a: Sash???|84\/100|[from] item: Life Orb\n|\n|upkeep\n|\n|t:|1699361536\n|switch|p1a: Yveltal|Yveltal, shiny|100\/100\n|-damage|p1a: Yveltal|76\/100|[from] Stealth Rock\n|-ability|p1a: Yveltal|Dark Aura\n|turn|11\n|\n|t:|1699361545\n|switch|p2a: switch to peedon|Zacian-Crowned, shiny|100\/100\n|-damage|p2a: switch to peedon|94\/100|[from] Stealth Rock\n|-ability|p2a: switch to peedon|Intrepid Sword|boost\n|-boost|p2a: switch to peedon|atk|1\n|move|p1a: Yveltal|Sucker Punch||[still]\n|-fail|p1a: Yveltal\n|\n|upkeep\n|turn|12\n|\n|t:|1699361553\n|move|p2a: switch to peedon|Swords Dance|p2a: switch to peedon\n|-boost|p2a: switch to peedon|atk|2\n|move|p1a: Yveltal|Foul Play|p2a: switch to peedon\n|-resisted|p2a: switch to peedon\n|-damage|p2a: switch to peedon|0 fnt\n|faint|p2a: switch to peedon\n|\n|upkeep\n|\n|t:|1699361559\n|switch|p2a: Sash???|Marshadow|84\/100\n|-damage|p2a: Sash???|78\/100|[from] Stealth Rock\n|turn|13\n|\n|t:|1699361565\n|move|p1a: Yveltal|Sucker Punch|p2a: Sash???\n|-damage|p2a: Sash???|0 fnt\n|faint|p2a: Sash???\n|\n|upkeep\n|c|\u2606NDUK shitfart|what kind of stupid ass set is that\n|\n|t:|1699361572\n|switch|p2a: Pinsir-Mega 2??|Salamence, M|100\/100\n|-damage|p2a: Pinsir-Mega 2??|76\/100|[from] Stealth Rock\n|-ability|p2a: Pinsir-Mega 2??|Intimidate|boost\n|-unboost|p1a: Yveltal|atk|1\n|turn|14\n|\n|t:|1699361579\n|detailschange|p2a: Pinsir-Mega 2??|Salamence-Mega, M\n|-mega|p2a: Pinsir-Mega 2??|Salamence|Salamencite\n|move|p1a: Yveltal|Sucker Punch||[still]\n|-fail|p1a: Yveltal\n|move|p2a: Pinsir-Mega 2??|Substitute|p2a: Pinsir-Mega 2??\n|-start|p2a: Pinsir-Mega 2??|Substitute\n|-damage|p2a: Pinsir-Mega 2??|51\/100\n|\n|upkeep\n|turn|15\n|\n|t:|1699361587\n|move|p1a: Yveltal|Sucker Punch||[still]\n|-fail|p1a: Yveltal\n|move|p2a: Pinsir-Mega 2??|Dragon Dance|p2a: Pinsir-Mega 2??\n|-boost|p2a: Pinsir-Mega 2??|atk|1\n|-boost|p2a: Pinsir-Mega 2??|spe|1\n|\n|upkeep\n|turn|16\n|\n|t:|1699361594\n|move|p2a: Pinsir-Mega 2??|Frustration|p1a: Yveltal\n|-damage|p1a: Yveltal|0 fnt\n|faint|p1a: Yveltal\n|\n|upkeep\n|\n|t:|1699361601\n|switch|p1a: Ho-Oh|Ho-Oh, shiny|100\/100\n|turn|17\n|\n|t:|1699361605\n|move|p2a: Pinsir-Mega 2??|Frustration|p1a: Ho-Oh\n|-damage|p1a: Ho-Oh|5\/100\n|move|p1a: Ho-Oh|Sacred Fire|p2a: Pinsir-Mega 2??\n|-resisted|p2a: Pinsir-Mega 2??\n|-activate|p2a: Pinsir-Mega 2??|move: Substitute|[damage]\n|\n|upkeep\n|turn|18\n|\n|t:|1699361614\n|move|p2a: Pinsir-Mega 2??|Frustration|p1a: Ho-Oh\n|-damage|p1a: Ho-Oh|0 fnt\n|faint|p1a: Ho-Oh\n|\n|upkeep\n|\n|t:|1699361620\n|switch|p1a: Xerneas|Xerneas|100\/100\n|-damage|p1a: Xerneas|88\/100|[from] Stealth Rock\n|-ability|p1a: Xerneas|Fairy Aura\n|turn|19\n|\n|t:|1699361625\n|move|p2a: Pinsir-Mega 2??|Frustration|p1a: Xerneas\n|-damage|p1a: Xerneas|4\/100\n|move|p1a: Xerneas|Moonblast|p2a: Pinsir-Mega 2??\n|-supereffective|p2a: Pinsir-Mega 2??\n|-end|p2a: Pinsir-Mega 2??|Substitute\n|\n|upkeep\n|turn|20\n|\n|t:|1699361634\n|move|p2a: Pinsir-Mega 2??|Frustration|p1a: Xerneas\n|-damage|p1a: Xerneas|0 fnt\n|faint|p1a: Xerneas\n|\n|win|NDUK shitfart\n|raw|darkukira's rating: 1562 &rarr; <strong>1541<\/strong><br \/>(-21 for losing)\n|raw|NDUK shitfart's rating: 1547 &rarr; <strong>1568<\/strong><br \/>(+21 for winning)\n|l|\u2606darkukira\n","uploadtime":1699361642,"views":8,"p1id":"darkukira","p2id":"ndukshitfart","formatid":"gen9nationaldexubers","rating":1541,"private":0,"password":""}