{"id":"gen9nationaldexubers-1991537846","p1":"musekek","p2":"Wikit","format":"[Gen 9] National Dex Ubers","log":"|j|\u2606musekek\n|j|\u2606Wikit\n|t:|1700086179\n|gametype|singles\n|player|p1|musekek|iris-gen5bw2|\n|player|p2|Wikit|102|\n|teamsize|p1|6\n|teamsize|p2|6\n|gen|9\n|tier|[Gen 9] National Dex Ubers\n|rule|HP Percentage Mod: HP is shown in percentages\n|rule|Endless Battle Clause: Forcing endless battles is banned\n|rule|OHKO Clause: OHKO moves are banned\n|rule|Evasion Moves Clause: Evasion moves are banned\n|rule|Evasion Items Clause: Evasion items are banned\n|rule|Species Clause: Limit one of each Pok\u00e9mon\n|rule|Sleep Clause Mod: Limit one foe put to sleep\n|rule|Mega Rayquaza Clause: You cannot mega evolve Rayquaza\n|clearpoke\n|poke|p1|Tinkaton, F|\n|poke|p1|Swampert, F|\n|poke|p1|Dragapult, F|\n|poke|p1|Great Tusk|\n|poke|p1|Corviknight, F|\n|poke|p1|Dragonite, M|\n|poke|p2|Tapu Koko|\n|poke|p2|Iron Valiant|\n|poke|p2|Iron Treads|\n|poke|p2|Grimmsnarl, M|\n|poke|p2|Dracovish|\n|poke|p2|Lopunny, M|\n|teampreview\n|j| crossedmoon\n|j| bomby23\n|\n|t:|1700086196\n|start\n|switch|p1a: Lifeweaver|Corviknight, F, shiny|100\/100\n|switch|p2a: Tapu Koko|Tapu Koko|100\/100\n|-fieldstart|move: Electric Terrain|[from] ability: Electric Surge|[of] p2a: Tapu Koko\n|turn|1\n|\n|t:|1700086207\n|switch|p1a: Wrecking Ball|Great Tusk|100\/100\n|move|p2a: Tapu Koko|Volt Switch|p1a: Wrecking Ball\n|-immune|p1a: Wrecking Ball\n|\n|upkeep\n|turn|2\n|c| bomby23|tree of life\n|\n|t:|1700086258\n|switch|p2a: le fishe|Dracovish|100\/100\n|move|p1a: Wrecking Ball|Headlong Rush|p2a: le fishe\n|-damage|p2a: le fishe|34\/100\n|-unboost|p1a: Wrecking Ball|def|1\n|-unboost|p1a: Wrecking Ball|spd|1\n|\n|upkeep\n|turn|3\n|\n|t:|1700086274\n|move|p1a: Wrecking Ball|Headlong Rush|p2a: le fishe\n|-damage|p2a: le fishe|0 fnt\n|-unboost|p1a: Wrecking Ball|def|1\n|-unboost|p1a: Wrecking Ball|spd|1\n|faint|p2a: le fishe\n|\n|upkeep\n|\n|t:|1700086283\n|switch|p2a: Iron Valiant|Iron Valiant|100\/100\n|-activate|p2a: Iron Valiant|ability: Quark Drive\n|-start|p2a: Iron Valiant|quarkdrivespe\n|turn|4\n|\n|t:|1700086350\n|move|p2a: Iron Valiant|Calm Mind|p2a: Iron Valiant\n|-boost|p2a: Iron Valiant|spa|1\n|-boost|p2a: Iron Valiant|spd|1\n|move|p1a: Wrecking Ball|Headlong Rush|p2a: Iron Valiant\n|-damage|p2a: Iron Valiant|17\/100\n|-unboost|p1a: Wrecking Ball|def|1\n|-unboost|p1a: Wrecking Ball|spd|1\n|\n|upkeep\n|turn|5\n|\n|t:|1700086358\n|move|p2a: Iron Valiant|Moonblast|p1a: Wrecking Ball\n|-supereffective|p1a: Wrecking Ball\n|-damage|p1a: Wrecking Ball|0 fnt\n|faint|p1a: Wrecking Ball\n|-end|p1a: Wrecking Ball|Protosynthesis|[silent]\n|-damage|p2a: Iron Valiant|7\/100|[from] item: Life Orb\n|\n|upkeep\n|\n|t:|1700086394\n|switch|p1a: Torbj\u00f6rn|Tinkaton, F, shiny|100\/100\n|-ability|p1a: Torbj\u00f6rn|Mold Breaker\n|turn|6\n|\n|t:|1700086407\n|-end|p2a: Iron Valiant|Quark Drive|[silent]\n|switch|p2a: Iron Treads|Iron Treads|100\/100\n|-activate|p2a: Iron Treads|ability: Quark Drive\n|-start|p2a: Iron Treads|quarkdrivespe\n|move|p1a: Torbj\u00f6rn|Gigaton Hammer|p2a: Iron Treads\n|-resisted|p2a: Iron Treads\n|-damage|p2a: Iron Treads|72\/100\n|\n|upkeep\n|turn|7\n|\n|t:|1700086434\n|switch|p1a: Moira|Swampert, F|100\/100\n|move|p2a: Iron Treads|Knock Off|p1a: Moira\n|-damage|p1a: Moira|81\/100\n|-enditem|p1a: Moira|Leftovers|[from] move: Knock Off|[of] p2a: Iron Treads\n|\n|upkeep\n|turn|8\n|\n|t:|1700086456\n|-end|p2a: Iron Treads|Quark Drive|[silent]\n|switch|p2a: Grimmsnarl|Grimmsnarl, M|100\/100\n|move|p1a: Moira|Stealth Rock|p2a: Grimmsnarl\n|-sidestart|p2: Wikit|move: Stealth Rock\n|\n|-fieldend|move: Electric Terrain\n|upkeep\n|turn|9\n|\n|t:|1700086468\n|move|p2a: Grimmsnarl|Reflect|p2a: Grimmsnarl\n|-sidestart|p2: Wikit|Reflect\n|move|p1a: Moira|Flip Turn|p2a: Grimmsnarl\n|-damage|p2a: Grimmsnarl|86\/100\n|\n|t:|1700086472\n|switch|p1a: Lifeweaver|Corviknight, F, shiny|100\/100|[from] Flip Turn\n|\n|upkeep\n|turn|10\n|\n|t:|1700086479\n|move|p2a: Grimmsnarl|Thunder Wave|p1a: Lifeweaver\n|-status|p1a: Lifeweaver|par\n|move|p1a: Lifeweaver|Defog|p2a: Grimmsnarl\n|-unboost|p2a: Grimmsnarl|evasion|1\n|-sideend|p2: Wikit|Reflect\n|-sideend|p2: Wikit|Stealth Rock|[from] move: Defog|[of] p1a: Lifeweaver\n|\n|upkeep\n|turn|11\n|\n|t:|1700086502\n|switch|p1a: Torbj\u00f6rn|Tinkaton, F, shiny|100\/100\n|-ability|p1a: Torbj\u00f6rn|Mold Breaker\n|move|p2a: Grimmsnarl|Reflect|p2a: Grimmsnarl\n|-sidestart|p2: Wikit|Reflect\n|\n|upkeep\n|turn|12\n|\n|t:|1700086508\n|move|p2a: Grimmsnarl|Parting Shot|p1a: Torbj\u00f6rn\n|-unboost|p1a: Torbj\u00f6rn|atk|1\n|-unboost|p1a: Torbj\u00f6rn|spa|1\n|\n|t:|1700086548\n|switch|p2a: Iron Treads|Iron Treads|72\/100|[from] Parting Shot\n|move|p1a: Torbj\u00f6rn|Gigaton Hammer|p2a: Iron Treads\n|-resisted|p2a: Iron Treads\n|-damage|p2a: Iron Treads|62\/100\n|\n|upkeep\n|turn|13\n|\n|t:|1700086561\n|switch|p1a: Moira|Swampert, F|81\/100\n|move|p2a: Iron Treads|Earthquake|p1a: Moira\n|-damage|p1a: Moira|53\/100\n|\n|upkeep\n|turn|14\n|\n|t:|1700086622\n|-end|p2a: Iron Treads|Quark Drive|[silent]\n|switch|p2a: Lopunny|Lopunny, M|100\/100\n|move|p1a: Moira|Flip Turn|p2a: Lopunny\n|-damage|p2a: Lopunny|83\/100\n|\n|t:|1700086636\n|switch|p1a: Lifeweaver|Corviknight, F, shiny|100\/100 par|[from] Flip Turn\n|\n|upkeep\n|turn|15\n|\n|t:|1700086645\n|detailschange|p2a: Lopunny|Lopunny-Mega, M\n|-mega|p2a: Lopunny|Lopunny|Lopunnite\n|move|p2a: Lopunny|Fake Out|p1a: Lifeweaver\n|-resisted|p1a: Lifeweaver\n|-damage|p1a: Lifeweaver|92\/100 par\n|cant|p1a: Lifeweaver|flinch\n|\n|-heal|p1a: Lifeweaver|98\/100 par|[from] item: Leftovers\n|upkeep\n|turn|16\n|\n|t:|1700086675\n|move|p2a: Lopunny|U-turn|p1a: Lifeweaver\n|-resisted|p1a: Lifeweaver\n|-damage|p1a: Lifeweaver|93\/100 par\n|\n|t:|1700086679\n|switch|p2a: Tapu Koko|Tapu Koko|100\/100|[from] U-turn\n|-fieldstart|move: Electric Terrain|[from] ability: Electric Surge|[of] p2a: Tapu Koko\n|move|p1a: Lifeweaver|Defog|p2a: Tapu Koko\n|-unboost|p2a: Tapu Koko|evasion|1\n|-sideend|p2: Wikit|Reflect\n|-fieldend|move: Electric Terrain\n|\n|-heal|p1a: Lifeweaver|99\/100 par|[from] item: Leftovers\n|upkeep\n|turn|17\n|\n|t:|1700086703\n|switch|p1a: Moira|Swampert, F|53\/100\n|move|p2a: Tapu Koko|Thunderbolt|p1a: Moira\n|-immune|p1a: Moira\n|\n|upkeep\n|turn|18\n|\n|t:|1700086714\n|move|p2a: Tapu Koko|Grass Knot|p1a: Moira\n|-supereffective|p1a: Moira\n|-damage|p1a: Moira|0 fnt\n|faint|p1a: Moira\n|\n|upkeep\n|\n|t:|1700086729\n|switch|p1a: Sigma|Dragapult, F|100\/100\n|turn|19\n|\n|t:|1700086737\n|switch|p2a: Grimmsnarl|Grimmsnarl, M|86\/100\n|move|p1a: Sigma|Light Screen|p1a: Sigma\n|-sidestart|p1: musekek|move: Light Screen\n|\n|upkeep\n|turn|20\n|\n|t:|1700086743\n|move|p2a: Grimmsnarl|Thunder Wave|p1a: Sigma\n|-status|p1a: Sigma|par\n|move|p1a: Sigma|Thunder Wave|p2a: Grimmsnarl\n|-status|p2a: Grimmsnarl|par\n|\n|upkeep\n|turn|21\n|\n|t:|1700086762\n|cant|p2a: Grimmsnarl|par\n|move|p1a: Sigma|Hex|p2a: Grimmsnarl\n|-resisted|p2a: Grimmsnarl\n|-damage|p2a: Grimmsnarl|68\/100 par\n|\n|upkeep\n|turn|22\n|\n|t:|1700086778\n|switch|p1a: Reaper|Dragonite, M, shiny|100\/100\n|move|p2a: Grimmsnarl|Parting Shot|p1a: Reaper\n|-unboost|p1a: Reaper|atk|1\n|-unboost|p1a: Reaper|spa|1\n|\n|t:|1700086788\n|switch|p2a: Tapu Koko|Tapu Koko|100\/100|[from] Parting Shot\n|-fieldstart|move: Electric Terrain|[from] ability: Electric Surge|[of] p2a: Tapu Koko\n|\n|upkeep\n|turn|23\n|\n|t:|1700086811\n|move|p2a: Tapu Koko|Volt Switch|p1a: Reaper\n|-damage|p1a: Reaper|92\/100\n|\n|t:|1700086815\n|switch|p2a: Iron Treads|Iron Treads|62\/100|[from] Volt Switch\n|-activate|p2a: Iron Treads|ability: Quark Drive\n|-start|p2a: Iron Treads|quarkdrivespe\n|move|p1a: Reaper|Dragon Dance|p1a: Reaper\n|-boost|p1a: Reaper|atk|1\n|-boost|p1a: Reaper|spe|1\n|\n|upkeep\n|turn|24\n|\n|t:|1700086836\n|-zpower|p2a: Iron Treads\n|move|p2a: Iron Treads|Subzero Slammer|p1a: Reaper|[zeffect]\n|-supereffective|p1a: Reaper\n|-damage|p1a: Reaper|0 fnt\n|faint|p1a: Reaper\n|\n|upkeep\n|\n|t:|1700086849\n|switch|p1a: Torbj\u00f6rn|Tinkaton, F, shiny|100\/100\n|-ability|p1a: Torbj\u00f6rn|Mold Breaker\n|turn|25\n|\n|t:|1700086857\n|move|p2a: Iron Treads|Earthquake|p1a: Torbj\u00f6rn\n|-supereffective|p1a: Torbj\u00f6rn\n|-damage|p1a: Torbj\u00f6rn|0 fnt\n|faint|p1a: Torbj\u00f6rn\n|\n|upkeep\n|\n|t:|1700086864\n|switch|p1a: Sigma|Dragapult, F|100\/100 par\n|turn|26\n|\n|t:|1700086870\n|move|p2a: Iron Treads|Knock Off|p1a: Sigma\n|-supereffective|p1a: Sigma\n|-damage|p1a: Sigma|34\/100 par\n|-enditem|p1a: Sigma|Light Clay|[from] move: Knock Off|[of] p2a: Iron Treads\n|move|p1a: Sigma|Thunder Wave|p2a: Iron Treads\n|-immune|p2a: Iron Treads\n|\n|-sideend|p1: musekek|move: Light Screen\n|upkeep\n|turn|27\n|\n|t:|1700086883\n|move|p2a: Iron Treads|Ice Spinner|p1a: Sigma\n|-supereffective|p1a: Sigma\n|-damage|p1a: Sigma|0 fnt\n|-fieldend|move: Electric Terrain\n|-end|p2a: Iron Treads|Quark Drive\n|faint|p1a: Sigma\n|\n|upkeep\n|\n|t:|1700086888\n|switch|p1a: Lifeweaver|Corviknight, F, shiny|99\/100 par\n|turn|28\n|\n|t:|1700086893\n|move|p2a: Iron Treads|Knock Off|p1a: Lifeweaver\n|-damage|p1a: Lifeweaver|73\/100 par\n|-enditem|p1a: Lifeweaver|Leftovers|[from] move: Knock Off|[of] p2a: Iron Treads\n|move|p1a: Lifeweaver|Brave Bird|p2a: Iron Treads\n|-resisted|p2a: Iron Treads\n|-damage|p2a: Iron Treads|46\/100\n|-damage|p1a: Lifeweaver|69\/100 par|[from] Recoil\n|\n|upkeep\n|turn|29\n|\n|t:|1700086903\n|move|p2a: Iron Treads|Volt Switch|p1a: Lifeweaver\n|-supereffective|p1a: Lifeweaver\n|-damage|p1a: Lifeweaver|55\/100 par\n|\n|t:|1700086907\n|-end|p2a: Iron Treads|Quark Drive|[silent]\n|switch|p2a: Lopunny|Lopunny-Mega, M|83\/100|[from] Volt Switch\n|move|p1a: Lifeweaver|Brave Bird|p2a: Lopunny\n|-supereffective|p2a: Lopunny\n|-damage|p2a: Lopunny|0 fnt\n|faint|p2a: Lopunny\n|-damage|p1a: Lifeweaver|37\/100 par|[from] Recoil\n|\n|upkeep\n|\n|t:|1700086911\n|switch|p2a: Tapu Koko|Tapu Koko|100\/100\n|-fieldstart|move: Electric Terrain|[from] ability: Electric Surge|[of] p2a: Tapu Koko\n|turn|30\n|\n|t:|1700086918\n|move|p2a: Tapu Koko|Thunderbolt|p1a: Lifeweaver\n|-supereffective|p1a: Lifeweaver\n|-damage|p1a: Lifeweaver|0 fnt\n|faint|p1a: Lifeweaver\n|\n|win|Wikit\n|l| crossedmoon\n","uploadtime":1700087036,"views":33,"p1id":"musekek","p2id":"wikit","formatid":"gen9nationaldexubers","rating":0,"private":0,"password":""}