{"id":"gen9nationaldexubers-1982483236","p1":"Gtg g u2","p2":"wyrem","format":"[Gen 9] National Dex Ubers","log":"|j|\u2606Gtg g u2\n|j|\u2606wyrem\n|t:|1699019107\n|gametype|singles\n|player|p1|Gtg g u2|red-masters|1104\n|player|p2|wyrem|maxie-gen6|1225\n|teamsize|p1|6\n|teamsize|p2|6\n|gen|9\n|tier|[Gen 9] National Dex Ubers\n|rated|\n|rule|HP Percentage Mod: HP is shown in percentages\n|rule|Endless Battle Clause: Forcing endless battles is banned\n|rule|OHKO Clause: OHKO moves are banned\n|rule|Evasion Moves Clause: Evasion moves are banned\n|rule|Evasion Items Clause: Evasion items are banned\n|rule|Species Clause: Limit one of each Pok\u00e9mon\n|rule|Sleep Clause Mod: Limit one foe put to sleep\n|rule|Mega Rayquaza Clause: You cannot mega evolve Rayquaza\n|clearpoke\n|poke|p1|Pikachu, M|\n|poke|p1|Kleavor, M|\n|poke|p1|Gengar, M|\n|poke|p1|Lucario, M|\n|poke|p1|Flygon, F|\n|poke|p1|Dracovish|\n|poke|p2|Alakazam, F|\n|poke|p2|Darmanitan-Galar, F|\n|poke|p2|Lugia|\n|poke|p2|Kingambit, F|\n|poke|p2|Ogerpon-Hearthflame, F|\n|poke|p2|Pheromosa|\n|teampreview\n|inactive|Battle timer is ON: inactive players will automatically lose when time's up. (requested by wyrem)\n|\n|t:|1699019111\n|start\n|switch|p1a: Kleavor|Kleavor, M|100\/100\n|switch|p2a: Pheromosa|Pheromosa|100\/100\n|turn|1\n|\n|t:|1699019115\n|move|p2a: Pheromosa|Triple Axel|p1a: Kleavor\n|-damage|p1a: Kleavor|88\/100\n|-hitcount|p1a: Kleavor|1\n|-damage|p2a: Pheromosa|91\/100|[from] item: Life Orb\n|move|p1a: Kleavor|Pounce|p2a: Pheromosa\n|-resisted|p2a: Pheromosa\n|-damage|p2a: Pheromosa|55\/100\n|-unboost|p2a: Pheromosa|spe|1\n|\n|upkeep\n|turn|2\n|\n|t:|1699019125\n|move|p1a: Kleavor|Stone Axe|p2a: Pheromosa\n|-damage|p2a: Pheromosa|0 fnt\n|-sidestart|p2: wyrem|move: Stealth Rock\n|faint|p2a: Pheromosa\n|\n|upkeep\n|\n|t:|1699019132\n|switch|p2a: Alakazam|Alakazam, F, shiny|100\/100\n|-damage|p2a: Alakazam|88\/100|[from] Stealth Rock\n|turn|3\n|\n|t:|1699019136\n|detailschange|p2a: Alakazam|Alakazam-Mega, F, shiny\n|-mega|p2a: Alakazam|Alakazam|Alakazite\n|-ability|p2a: Alakazam|Sharpness|[from] ability: Trace|[of] p1a: Kleavor\n|move|p2a: Alakazam|Focus Blast|p1a: Kleavor\n|-damage|p1a: Kleavor|5\/100\n|move|p1a: Kleavor|Pounce|p2a: Alakazam\n|-supereffective|p2a: Alakazam\n|-damage|p2a: Alakazam|0 fnt\n|faint|p2a: Alakazam\n|\n|upkeep\n|\n|t:|1699019144\n|switch|p2a: Darmanitan|Darmanitan-Galar, F|100\/100\n|-damage|p2a: Darmanitan|76\/100|[from] Stealth Rock\n|turn|4\n|\n|t:|1699019148\n|move|p2a: Darmanitan|Iron Head|p1a: Kleavor\n|-supereffective|p1a: Kleavor\n|-damage|p1a: Kleavor|0 fnt\n|faint|p1a: Kleavor\n|\n|upkeep\n|\n|t:|1699019150\n|switch|p1a: Lucario|Lucario, M|100\/100\n|turn|5\n|\n|t:|1699019155\n|switch|p2a: Lugia|Lugia|100\/100\n|-damage|p2a: Lugia|75\/100|[from] Stealth Rock\n|detailschange|p1a: Lucario|Lucario-Mega, M\n|-mega|p1a: Lucario|Lucario|Lucarionite\n|move|p1a: Lucario|Aura Sphere|p2a: Lugia\n|-resisted|p2a: Lugia\n|-damage|p2a: Lugia|67\/100\n|\n|-heal|p2a: Lugia|74\/100|[from] item: Leftovers\n|upkeep\n|turn|6\n|\n|t:|1699019162\n|switch|p1a: Pikachu|Pikachu, M|100\/100\n|move|p2a: Lugia|Dragon Tail|p1a: Pikachu\n|-damage|p1a: Pikachu|60\/100\n|-status|p2a: Lugia|par|[from] ability: Static|[of] p1a: Pikachu\n|drag|p1a: Dracovish|Dracovish|100\/100\n|\n|-heal|p2a: Lugia|80\/100 par|[from] item: Leftovers\n|upkeep\n|turn|7\n|\n|t:|1699019169\n|move|p1a: Dracovish|Fishious Rend|p2a: Lugia\n|-crit|p2a: Lugia\n|-damage|p2a: Lugia|3\/100 par\n|move|p2a: Lugia|Dragon Tail|p1a: Dracovish\n|-supereffective|p1a: Dracovish\n|-damage|p1a: Dracovish|75\/100\n|drag|p1a: Flygon|Flygon, F|100\/100\n|\n|-heal|p2a: Lugia|10\/100 par|[from] item: Leftovers\n|upkeep\n|turn|8\n|\n|t:|1699019175\n|move|p1a: Flygon|Dragon Claw|p2a: Lugia\n|-crit|p2a: Lugia\n|-damage|p2a: Lugia|0 fnt\n|faint|p2a: Lugia\n|-damage|p1a: Flygon|91\/100|[from] item: Life Orb\n|\n|upkeep\n|\n|t:|1699019178\n|switch|p2a: Ogerpon|Ogerpon-Hearthflame, F|100\/100\n|-damage|p2a: Ogerpon|76\/100|[from] Stealth Rock\n|-ability|p2a: Ogerpon|Mold Breaker\n|turn|9\n|\n|t:|1699019184\n|move|p2a: Ogerpon|Play Rough|p1a: Flygon\n|-supereffective|p1a: Flygon\n|-damage|p1a: Flygon|0 fnt\n|faint|p1a: Flygon\n|\n|upkeep\n|\n|t:|1699019185\n|switch|p1a: Gengar|Gengar, M|100\/100\n|turn|10\n|\n|t:|1699019189\n|-terastallize|p2a: Ogerpon|Fire\n|detailschange|p2a: Ogerpon|Ogerpon-Hearthflame-Tera, F, tera:Fire\n|-ability|p2a: Ogerpon|Embody Aspect (Hearthflame)|boost\n|-boost|p2a: Ogerpon|atk|1\n|move|p2a: Ogerpon|Ivy Cudgel|p1a: Gengar\n|-enditem|p1a: Gengar|Focus Sash\n|-damage|p1a: Gengar|1\/100\n|move|p1a: Gengar|Sludge Bomb|p2a: Ogerpon\n|-damage|p2a: Ogerpon|21\/100\n|\n|upkeep\n|turn|11\n|\n|t:|1699019196\n|move|p2a: Ogerpon|Horn Leech|p1a: Gengar\n|-resisted|p1a: Gengar\n|-damage|p1a: Gengar|0 fnt\n|-heal|p2a: Ogerpon|22\/100|[from] drain|[of] p1a: Gengar\n|faint|p1a: Gengar\n|\n|upkeep\n|\n|t:|1699019198\n|switch|p1a: Lucario|Lucario-Mega, M|100\/100\n|turn|12\n|\n|t:|1699019202\n|move|p1a: Lucario|Aura Sphere|p2a: Ogerpon\n|-damage|p2a: Ogerpon|0 fnt\n|faint|p2a: Ogerpon\n|\n|upkeep\n|\n|t:|1699019205\n|switch|p2a: Darmanitan|Darmanitan-Galar, F|76\/100\n|-damage|p2a: Darmanitan|51\/100|[from] Stealth Rock\n|turn|13\n|\n|t:|1699019208\n|switch|p1a: Pikachu|Pikachu, M|60\/100\n|move|p2a: Darmanitan|Earthquake|p1a: Pikachu\n|-supereffective|p1a: Pikachu\n|-damage|p1a: Pikachu|0 fnt\n|faint|p1a: Pikachu\n|\n|upkeep\n|\n|t:|1699019209\n|switch|p1a: Dracovish|Dracovish|75\/100\n|turn|14\n|\n|t:|1699019213\n|move|p2a: Darmanitan|Earthquake|p1a: Dracovish\n|-damage|p1a: Dracovish|14\/100\n|move|p1a: Dracovish|Fishious Rend|p2a: Darmanitan\n|-damage|p2a: Darmanitan|0 fnt\n|faint|p2a: Darmanitan\n|\n|upkeep\n|\n|t:|1699019216\n|switch|p2a: Kingambit|Kingambit, F|100\/100\n|-damage|p2a: Kingambit|94\/100|[from] Stealth Rock\n|-activate|p2a: Kingambit|ability: Supreme Overlord\n|-start|p2a: Kingambit|fallen5|[silent]\n|turn|15\n|\n|t:|1699019218\n|move|p2a: Kingambit|Sucker Punch|p1a: Dracovish\n|-damage|p1a: Dracovish|0 fnt\n|faint|p1a: Dracovish\n|\n|upkeep\n|\n|t:|1699019219\n|switch|p1a: Lucario|Lucario-Mega, M|100\/100\n|turn|16\n|\n|t:|1699019224\n|move|p2a: Kingambit|Sucker Punch|p1a: Lucario\n|-resisted|p1a: Lucario\n|-damage|p1a: Lucario|62\/100\n|move|p1a: Lucario|Aura Sphere|p2a: Kingambit\n|-supereffective|p2a: Kingambit\n|-damage|p2a: Kingambit|0 fnt\n|faint|p2a: Kingambit\n|-end|p2a: Kingambit|fallen5|[silent]\n|\n|win|Gtg g u2\n|raw|Gtg g u2's rating: 1104 &rarr; <strong>1137<\/strong><br \/>(+33 for winning)\n|raw|wyrem's rating: 1225 &rarr; <strong>1192<\/strong><br \/>(-33 for losing)\n|l|\u2606wyrem\n","uploadtime":1699019228,"views":4,"p1id":"gtggu2","p2id":"wyrem","formatid":"gen9nationaldexubers","rating":1137,"private":0,"password":""}