{"id":"gen9nationaldexubers-1980604532","p1":"father_arnau","p2":"SrPorquet","format":"[Gen 9] National Dex Ubers","log":"|j|\u2606father_arnau\n|j|\u203dSrPorquet\n|t:|1698802340\n|gametype|singles\n|player|p1|father_arnau|acetrainer-gen4dp|\n|player|p2|SrPorquet|falkner|\n|teamsize|p1|6\n|teamsize|p2|6\n|gen|9\n|tier|[Gen 9] National Dex Ubers\n|rule|HP Percentage Mod: HP is shown in percentages\n|rule|Endless Battle Clause: Forcing endless battles is banned\n|rule|OHKO Clause: OHKO moves are banned\n|rule|Evasion Moves Clause: Evasion moves are banned\n|rule|Evasion Items Clause: Evasion items are banned\n|rule|Species Clause: Limit one of each Pok\u00e9mon\n|rule|Sleep Clause Mod: Limit one foe put to sleep\n|rule|Mega Rayquaza Clause: You cannot mega evolve Rayquaza\n|clearpoke\n|poke|p1|Torkoal, F|\n|poke|p1|Cloyster, M|\n|poke|p1|Mimikyu, M|\n|poke|p1|Amoonguss, F|\n|poke|p1|Pelipper, M|\n|poke|p1|Barraskewda, M|\n|poke|p2|Armarouge, M|\n|poke|p2|Cyclizar, M|\n|poke|p2|Oinkologne-F, F|\n|poke|p2|Farigiraf, F|\n|poke|p2|Bombirdier, F|\n|poke|p2|Orthworm, M|\n|teampreview\n|\n|t:|1698802347\n|start\n|switch|p1a: Pelipper|Pelipper, M|100\/100\n|switch|p2a: Farigiraf|Farigiraf, F|100\/100\n|-weather|RainDance|[from] ability: Drizzle|[of] p1a: Pelipper\n|turn|1\n|-activate|p1a: Pelipper|item: Quick Claw\n|\n|t:|1698802363\n|move|p1a: Pelipper|Hurricane|p2a: Farigiraf\n|-damage|p2a: Farigiraf|47\/100\n|move|p2a: Farigiraf|Thunderbolt|p1a: Pelipper\n|-supereffective|p1a: Pelipper\n|-damage|p1a: Pelipper|0 fnt\n|faint|p1a: Pelipper\n|\n|-weather|RainDance|[upkeep]\n|upkeep\n|\n|t:|1698802375\n|switch|p1a: Barraskewda|Barraskewda, M|100\/100\n|turn|2\n|\n|t:|1698802384\n|move|p1a: Barraskewda|Waterfall|p2a: Farigiraf\n|-crit|p2a: Farigiraf\n|-damage|p2a: Farigiraf|0 fnt\n|-damage|p1a: Barraskewda|84\/100|[from] item: Rocky Helmet|[of] p2a: Farigiraf\n|faint|p2a: Farigiraf\n|\n|-weather|RainDance|[upkeep]\n|upkeep\n|\n|t:|1698802397\n|switch|p2a: Oinkologne|Oinkologne-F, F, shiny|100\/100\n|turn|3\n|\n|t:|1698802419\n|move|p1a: Barraskewda|Flip Turn|p2a: Oinkologne\n|-damage|p2a: Oinkologne|71\/100\n|\n|t:|1698802424\n|switch|p1a: Cloyster|Cloyster, M|100\/100|[from] Flip Turn\n|move|p2a: Oinkologne|Seed Bomb|p1a: Cloyster\n|-supereffective|p1a: Cloyster\n|-damage|p1a: Cloyster|60\/100\n|\n|-weather|RainDance|[upkeep]\n|upkeep\n|turn|4\n|\n|t:|1698802433\n|move|p1a: Cloyster|Icicle Spear|p2a: Oinkologne\n|-damage|p2a: Oinkologne|66\/100\n|-damage|p2a: Oinkologne|60\/100\n|-damage|p2a: Oinkologne|56\/100\n|-damage|p2a: Oinkologne|50\/100\n|-damage|p2a: Oinkologne|45\/100\n|-hitcount|p2a: Oinkologne|5\n|move|p2a: Oinkologne|Body Slam|p1a: Cloyster\n|-damage|p1a: Cloyster|27\/100\n|\n|-weather|RainDance|[upkeep]\n|upkeep\n|turn|5\n|\n|t:|1698802456\n|move|p1a: Cloyster|Icicle Spear|p2a: Oinkologne\n|-damage|p2a: Oinkologne|40\/100\n|-damage|p2a: Oinkologne|35\/100\n|-damage|p2a: Oinkologne|30\/100\n|-damage|p2a: Oinkologne|25\/100\n|-crit|p2a: Oinkologne\n|-damage|p2a: Oinkologne|16\/100\n|-hitcount|p2a: Oinkologne|5\n|move|p2a: Oinkologne|Seed Bomb|p1a: Cloyster\n|-supereffective|p1a: Cloyster\n|-damage|p1a: Cloyster|0 fnt\n|faint|p1a: Cloyster\n|\n|-weather|none\n|upkeep\n|\n|t:|1698802470\n|switch|p1a: Barraskewda|Barraskewda, M|84\/100\n|turn|6\n|\n|t:|1698802474\n|move|p1a: Barraskewda|Flip Turn|p2a: Oinkologne\n|-damage|p2a: Oinkologne|0 fnt\n|faint|p2a: Oinkologne\n|\n|t:|1698802479\n|switch|p1a: Torkoal|Torkoal, F|100\/100|[from] Flip Turn\n|-weather|SunnyDay|[from] ability: Drought|[of] p1a: Torkoal\n|\n|-weather|SunnyDay|[upkeep]\n|upkeep\n|\n|t:|1698802487\n|switch|p2a: Bombirdier|Bombirdier, F|100\/100\n|turn|7\n|\n|t:|1698802492\n|move|p2a: Bombirdier|Rock Slide|p1a: Torkoal\n|-supereffective|p1a: Torkoal\n|-damage|p1a: Torkoal|48\/100\n|move|p1a: Torkoal|Lava Plume|p2a: Bombirdier\n|-damage|p2a: Bombirdier|53\/100\n|\n|-weather|SunnyDay|[upkeep]\n|upkeep\n|turn|8\n|\n|t:|1698802501\n|move|p2a: Bombirdier|Rock Slide|p1a: Torkoal\n|-supereffective|p1a: Torkoal\n|-damage|p1a: Torkoal|0 fnt\n|faint|p1a: Torkoal\n|\n|-weather|SunnyDay|[upkeep]\n|upkeep\n|\n|t:|1698802508\n|switch|p1a: Barraskewda|Barraskewda, M|84\/100\n|turn|9\n|\n|t:|1698802514\n|switch|p2a: Armarouge|Armarouge, M|100\/100\n|move|p1a: Barraskewda|Flip Turn|p2a: Armarouge\n|-supereffective|p2a: Armarouge\n|-damage|p2a: Armarouge|79\/100\n|\n|t:|1698802522\n|switch|p1a: Mimikyu|Mimikyu, M|100\/100|[from] Flip Turn\n|\n|-weather|SunnyDay|[upkeep]\n|upkeep\n|turn|10\n|\n|t:|1698802528\n|move|p1a: Mimikyu|Swords Dance|p1a: Mimikyu\n|-boost|p1a: Mimikyu|atk|2\n|move|p2a: Armarouge|Psychic|p1a: Mimikyu\n|-activate|p1a: Mimikyu|ability: Disguise\n|-damage|p1a: Mimikyu|100\/100\n|-unboost|p1a: Mimikyu|spd|1\n|detailschange|p1a: Mimikyu|Mimikyu-Busted, M\n|-damage|p1a: Mimikyu|88\/100|[from] pokemon: Mimikyu-Busted\n|\n|-weather|none\n|upkeep\n|turn|11\n|\n|t:|1698802542\n|move|p1a: Mimikyu|Play Rough|p2a: Armarouge\n|-resisted|p2a: Armarouge\n|-damage|p2a: Armarouge|36\/100\n|-unboost|p2a: Armarouge|atk|1\n|move|p2a: Armarouge|Psychic|p1a: Mimikyu\n|-damage|p1a: Mimikyu|20\/100\n|-unboost|p1a: Mimikyu|spd|1\n|\n|upkeep\n|turn|12\n|\n|t:|1698802552\n|move|p1a: Mimikyu|Play Rough|p2a: Armarouge\n|-resisted|p2a: Armarouge\n|-damage|p2a: Armarouge|0 fnt\n|faint|p2a: Armarouge\n|\n|upkeep\n|\n|t:|1698802554\n|switch|p2a: Cyclizar|Cyclizar, M|100\/100\n|turn|13\n|\n|t:|1698802560\n|move|p2a: Cyclizar|Iron Head|p1a: Mimikyu\n|-supereffective|p1a: Mimikyu\n|-crit|p1a: Mimikyu\n|-damage|p1a: Mimikyu|0 fnt\n|faint|p1a: Mimikyu\n|-damage|p2a: Cyclizar|91\/100|[from] item: Life Orb\n|\n|upkeep\n|\n|t:|1698802566\n|switch|p1a: Amoonguss|Amoonguss, F|100\/100\n|turn|14\n|\n|t:|1698802580\n|move|p2a: Cyclizar|Double-Edge|p1a: Amoonguss\n|-damage|p1a: Amoonguss|40\/100\n|-enditem|p1a: Amoonguss|Sitrus Berry|[eat]\n|-heal|p1a: Amoonguss|65\/100|[from] item: Sitrus Berry\n|-damage|p2a: Cyclizar|64\/100|[from] Recoil\n|-damage|p2a: Cyclizar|54\/100|[from] item: Life Orb\n|move|p1a: Amoonguss|Spore|p2a: Cyclizar\n|-status|p2a: Cyclizar|slp|[from] move: Spore\n|\n|upkeep\n|turn|15\n|\n|t:|1698802591\n|switch|p2a: Bombirdier|Bombirdier, F|53\/100\n|move|p1a: Amoonguss|Giga Drain|p2a: Bombirdier\n|-resisted|p2a: Bombirdier\n|-damage|p2a: Bombirdier|31\/100\n|-heal|p1a: Amoonguss|73\/100|[from] drain|[of] p2a: Bombirdier\n|\n|upkeep\n|turn|16\n|\n|t:|1698802599\n|move|p2a: Bombirdier|Brave Bird|p1a: Amoonguss\n|-supereffective|p1a: Amoonguss\n|-damage|p1a: Amoonguss|0 fnt\n|faint|p1a: Amoonguss\n|-damage|p2a: Bombirdier|1\/100|[from] Recoil\n|\n|upkeep\n|\n|t:|1698802606\n|switch|p1a: Barraskewda|Barraskewda, M|84\/100\n|turn|17\n|\n|t:|1698802609\n|move|p1a: Barraskewda|Aqua Jet|p2a: Bombirdier\n|-damage|p2a: Bombirdier|0 fnt\n|faint|p2a: Bombirdier\n|\n|upkeep\n|\n|t:|1698802617\n|switch|p2a: Cyclizar|Cyclizar, M|88\/100 slp\n|turn|18\n|\n|t:|1698802623\n|-terastallize|p2a: Cyclizar|Steel\n|move|p1a: Barraskewda|Ice Beam|p2a: Cyclizar\n|-resisted|p2a: Cyclizar\n|-damage|p2a: Cyclizar|70\/100 slp\n|cant|p2a: Cyclizar|slp\n|\n|upkeep\n|turn|19\n|\n|t:|1698802631\n|move|p1a: Barraskewda|Waterfall|p2a: Cyclizar\n|-damage|p2a: Cyclizar|20\/100 slp\n|cant|p2a: Cyclizar|slp\n|\n|upkeep\n|turn|20\n|\n|t:|1698802637\n|move|p1a: Barraskewda|Waterfall|p2a: Cyclizar\n|-damage|p2a: Cyclizar|0 fnt\n|faint|p2a: Cyclizar\n|\n|upkeep\n|\n|t:|1698802639\n|switch|p2a: Orthworm|Orthworm, M|100\/100\n|turn|21\n|\n|t:|1698802650\n|move|p1a: Barraskewda|Waterfall|p2a: Orthworm\n|-damage|p2a: Orthworm|77\/100\n|move|p2a: Orthworm|Coil|p2a: Orthworm\n|-boost|p2a: Orthworm|atk|1\n|-boost|p2a: Orthworm|def|1\n|-boost|p2a: Orthworm|accuracy|1\n|\n|-heal|p2a: Orthworm|83\/100|[from] item: Leftovers\n|upkeep\n|turn|22\n|\n|t:|1698802659\n|move|p1a: Barraskewda|Waterfall|p2a: Orthworm\n|-damage|p2a: Orthworm|67\/100\n|cant|p2a: Orthworm|flinch\n|\n|-heal|p2a: Orthworm|74\/100|[from] item: Leftovers\n|upkeep\n|turn|23\n|\n|t:|1698802667\n|move|p1a: Barraskewda|Waterfall|p2a: Orthworm\n|-damage|p2a: Orthworm|57\/100\n|move|p2a: Orthworm|Earthquake|p1a: Barraskewda\n|-damage|p1a: Barraskewda|13\/100\n|\n|-heal|p2a: Orthworm|63\/100|[from] item: Leftovers\n|upkeep\n|turn|24\n|\n|t:|1698802676\n|move|p1a: Barraskewda|Waterfall|p2a: Orthworm\n|-damage|p2a: Orthworm|49\/100\n|move|p2a: Orthworm|Iron Head|p1a: Barraskewda\n|-resisted|p1a: Barraskewda\n|-damage|p1a: Barraskewda|0 fnt\n|faint|p1a: Barraskewda\n|\n|win|SrPorquet\n|l|\u2606father_arnau\n","uploadtime":1698802696,"views":8,"p1id":"fatherarnau","p2id":"srporquet","formatid":"gen9nationaldexubers","rating":0,"private":0,"password":""}