{"id":"gen9nationaldexubers-1978700358","p1":"700club","p2":"Legend Alain","format":"[Gen 9] National Dex Ubers","log":"|j|\u2606700club\n|j|\u2606Legend Alain\n|t:|1698583708\n|gametype|singles\n|player|p1|700club|shadowtriad|1260\n|player|p2|Legend Alain|alain|1209\n|teamsize|p1|6\n|teamsize|p2|6\n|gen|9\n|tier|[Gen 9] National Dex Ubers\n|rated|\n|rule|HP Percentage Mod: HP is shown in percentages\n|rule|Endless Battle Clause: Forcing endless battles is banned\n|rule|OHKO Clause: OHKO moves are banned\n|rule|Evasion Moves Clause: Evasion moves are banned\n|rule|Evasion Items Clause: Evasion items are banned\n|rule|Species Clause: Limit one of each Pok\u00e9mon\n|rule|Sleep Clause Mod: Limit one foe put to sleep\n|rule|Mega Rayquaza Clause: You cannot mega evolve Rayquaza\n|clearpoke\n|poke|p1|Ogerpon-Hearthflame, F|\n|poke|p1|Ditto|\n|poke|p1|Rayquaza|\n|poke|p1|Mewtwo|\n|poke|p1|Necrozma-Dusk-Mane|\n|poke|p1|Annihilape, M|\n|poke|p2|Mewtwo|\n|poke|p2|Groudon|\n|poke|p2|Kyogre|\n|poke|p2|Zygarde|\n|poke|p2|Xerneas-*|\n|poke|p2|Necrozma-Dusk-Mane|\n|teampreview\n|inactive|Battle timer is ON: inactive players will automatically lose when time's up. (requested by Legend Alain)\n|c|\u2606700club|hi\n|\n|t:|1698583731\n|start\n|switch|p1a: Annihilape|Annihilape, M|100\/100\n|switch|p2a: Necrozma|Necrozma-Dusk-Mane|100\/100\n|turn|1\n|\n|t:|1698583743\n|detailschange|p2a: Necrozma|Necrozma-Ultra\n|-burst|p2a: Necrozma|Necrozma|Ultranecrozium Z\n|move|p2a: Necrozma|Sunsteel Strike|p1a: Annihilape\n|-damage|p1a: Annihilape|65\/100\n|move|p1a: Annihilape|Taunt|p2a: Necrozma\n|-start|p2a: Necrozma|move: Taunt\n|\n|upkeep\n|turn|2\n|\n|t:|1698583753\n|-zpower|p2a: Necrozma\n|move|p2a: Necrozma|Light That Burns the Sky|p1a: Annihilape|[zeffect]\n|-supereffective|p1a: Annihilape\n|-damage|p1a: Annihilape|0 fnt\n|faint|p1a: Annihilape\n|\n|upkeep\n|inactive|700club has 120 seconds left.\n|\n|t:|1698583799\n|switch|p1a: Mewtwo|Mewtwo|100\/100\n|-ability|p1a: Mewtwo|Unnerve\n|turn|3\n|\n|t:|1698583806\n|detailschange|p1a: Mewtwo|Mewtwo-Mega-Y\n|-mega|p1a: Mewtwo|Mewtwo|Mewtwonite Y\n|move|p1a: Mewtwo|Ice Beam|p2a: Necrozma\n|-supereffective|p2a: Necrozma\n|-damage|p2a: Necrozma|28\/100\n|move|p2a: Necrozma|Photon Geyser|p1a: Mewtwo\n|-resisted|p1a: Mewtwo\n|-damage|p1a: Mewtwo|70\/100\n|\n|upkeep\n|turn|4\n|\n|t:|1698583817\n|move|p1a: Mewtwo|Ice Beam|p2a: Necrozma\n|-supereffective|p2a: Necrozma\n|-damage|p2a: Necrozma|0 fnt\n|faint|p2a: Necrozma\n|\n|upkeep\n|\n|t:|1698583822\n|switch|p2a: Mewtwo|Mewtwo|100\/100\n|-ability|p2a: Mewtwo|Pressure\n|turn|5\n|inactive|700club has 120 seconds left.\n|\n|t:|1698583839\n|detailschange|p2a: Mewtwo|Mewtwo-Mega-X\n|-mega|p2a: Mewtwo|Mewtwo|Mewtwonite X\n|move|p1a: Mewtwo|Ice Beam|p2a: Mewtwo\n|-damage|p2a: Mewtwo|56\/100\n|-status|p2a: Mewtwo|frz\n|cant|p2a: Mewtwo|frz\n|\n|upkeep\n|turn|6\n|\n|t:|1698583848\n|move|p1a: Mewtwo|Nasty Plot|p1a: Mewtwo\n|-boost|p1a: Mewtwo|spa|2\n|-curestatus|p2a: Mewtwo|frz|[msg]\n|move|p2a: Mewtwo|Dark Pulse|p1a: Mewtwo\n|-supereffective|p1a: Mewtwo\n|-damage|p1a: Mewtwo|16\/100\n|\n|upkeep\n|turn|7\n|inactive|700club has 120 seconds left.\n|\n|t:|1698583857\n|move|p1a: Mewtwo|Psystrike|p2a: Mewtwo\n|-damage|p2a: Mewtwo|0 fnt\n|faint|p2a: Mewtwo\n|\n|upkeep\n|\n|t:|1698583863\n|switch|p2a: Xerneas|Xerneas|100\/100\n|-ability|p2a: Xerneas|Fairy Aura\n|turn|8\n|\n|t:|1698583873\n|-terastallize|p2a: Xerneas|Fairy\n|move|p1a: Mewtwo|Psystrike|p2a: Xerneas\n|-damage|p2a: Xerneas|0 fnt\n|faint|p2a: Xerneas\n|\n|upkeep\n|\n|t:|1698583878\n|switch|p2a: Zygarde|Zygarde|100\/100\n|turn|9\n|\n|t:|1698583881\n|move|p2a: Zygarde|Extreme Speed|p1a: Mewtwo\n|-damage|p1a: Mewtwo|0 fnt\n|faint|p1a: Mewtwo\n|\n|upkeep\n|\n|t:|1698583901\n|switch|p1a: Rayquaza|Rayquaza|100\/100\n|-ability|p1a: Rayquaza|Air Lock\n|turn|10\n|\n|t:|1698583911\n|-terastallize|p1a: Rayquaza|Normal\n|move|p2a: Zygarde|Core Enforcer|p1a: Rayquaza\n|-damage|p1a: Rayquaza|72\/100\n|move|p1a: Rayquaza|Dragon Dance|p1a: Rayquaza\n|-boost|p1a: Rayquaza|atk|1\n|-boost|p1a: Rayquaza|spe|1\n|\n|upkeep\n|turn|11\n|\n|t:|1698583923\n|move|p2a: Zygarde|Extreme Speed|p1a: Rayquaza\n|-damage|p1a: Rayquaza|46\/100\n|move|p1a: Rayquaza|Dragon Dance|p1a: Rayquaza\n|-boost|p1a: Rayquaza|atk|1\n|-boost|p1a: Rayquaza|spe|1\n|\n|upkeep\n|turn|12\n|\n|t:|1698583934\n|move|p1a: Rayquaza|Extreme Speed|p2a: Zygarde\n|-damage|p2a: Zygarde|16\/100\n|move|p2a: Zygarde|Extreme Speed|p1a: Rayquaza\n|-damage|p1a: Rayquaza|22\/100\n|\n|-activate|p2a: Zygarde|ability: Power Construct\n|detailschange|p2a: Zygarde|Zygarde-Complete\n|-heal|p2a: Zygarde|48\/100|[silent]\n|upkeep\n|turn|13\n|\n|t:|1698583944\n|move|p1a: Rayquaza|Extreme Speed|p2a: Zygarde\n|-damage|p2a: Zygarde|0 fnt\n|faint|p2a: Zygarde\n|\n|upkeep\n|\n|t:|1698583947\n|switch|p2a: Kyogre|Kyogre|100\/100\n|detailschange|p2a: Kyogre|Kyogre-Primal\n|-primal|p2a: Kyogre|Blue Orb\n|-weather|PrimordialSea|[from] ability: Primordial Sea|[of] p2a: Kyogre\n|turn|14\n|\n|t:|1698583960\n|move|p1a: Rayquaza|Extreme Speed|p2a: Kyogre\n|-damage|p2a: Kyogre|0 fnt\n|faint|p2a: Kyogre\n|-weather|none\n|\n|upkeep\n|\n|t:|1698583962\n|switch|p2a: Groudon|Groudon|100\/100\n|detailschange|p2a: Groudon|Groudon-Primal\n|-primal|p2a: Groudon|Red Orb\n|-weather|DesolateLand|[from] ability: Desolate Land|[of] p2a: Groudon\n|turn|15\n|\n|t:|1698583969\n|move|p1a: Rayquaza|Extreme Speed|p2a: Groudon\n|-damage|p2a: Groudon|32\/100\n|move|p2a: Groudon|Eruption|p1a: Rayquaza\n|-crit|p1a: Rayquaza\n|-damage|p1a: Rayquaza|0 fnt\n|faint|p1a: Rayquaza\n|\n|-weather|DesolateLand|[upkeep]\n|upkeep\n|\n|t:|1698583980\n|switch|p1a: Necrozma|Necrozma-Dusk-Mane|100\/100\n|turn|16\n|\n|t:|1698583984\n|detailschange|p1a: Necrozma|Necrozma-Ultra\n|-burst|p1a: Necrozma|Necrozma|Ultranecrozium Z\n|move|p1a: Necrozma|Earthquake|p2a: Groudon\n|-supereffective|p2a: Groudon\n|-damage|p2a: Groudon|0 fnt\n|faint|p2a: Groudon\n|-weather|none\n|\n|win|700club\n|raw|700club's rating: 1260 &rarr; <strong>1281<\/strong><br \/>(+21 for winning)\n|raw|Legend Alain's rating: 1209 &rarr; <strong>1188<\/strong><br \/>(-21 for losing)\n|c|\u2606700club|gg\n|l|\u2606Legend Alain\n","uploadtime":1698583992,"views":11,"p1id":"700club","p2id":"legendalain","formatid":"gen9nationaldexubers","rating":1188,"private":0,"password":""}