{"id":"gen9nationaldexubers-1983917153","p1":"Vukes","p2":"SKELETON-SKS","format":"[Gen 9] National Dex Ubers","log":"|j|\u2606Vukes\n|j|\u2606SKELETON-SKS\n|t:|1699199722\n|gametype|singles\n|player|p1|Vukes|bellelba|\n|player|p2|SKELETON-SKS|hiker-gen4|\n|teamsize|p1|6\n|teamsize|p2|6\n|gen|9\n|tier|[Gen 9] National Dex Ubers\n|rule|HP Percentage Mod: HP is shown in percentages\n|rule|Endless Battle Clause: Forcing endless battles is banned\n|rule|OHKO Clause: OHKO moves are banned\n|rule|Evasion Moves Clause: Evasion moves are banned\n|rule|Evasion Items Clause: Evasion items are banned\n|rule|Species Clause: Limit one of each Pok\u00e9mon\n|rule|Sleep Clause Mod: Limit one foe put to sleep\n|rule|Mega Rayquaza Clause: You cannot mega evolve Rayquaza\n|clearpoke\n|poke|p1|Landorus-Therian, M|\n|poke|p1|Slowking-Galar, M|\n|poke|p1|Walking Wake|\n|poke|p1|Torkoal, F|\n|poke|p1|Tangrowth, F|\n|poke|p1|Venusaur, F|\n|poke|p2|Ursaluna-Bloodmoon, M|\n|poke|p2|Great Tusk|\n|poke|p2|Ninetales-Alola, M|\n|poke|p2|Cloyster, M|\n|poke|p2|Clodsire, F|\n|poke|p2|Sandy Shocks|\n|teampreview\n|inactive|Battle timer is ON: inactive players will automatically lose when time's up. (requested by Vukes)\n|\n|t:|1699199733\n|start\n|switch|p1a: Torkoal|Torkoal, F|100\/100\n|switch|p2a: \ud835\udc20\ud835\udc1a\ud835\udc32 \ud835\udc1f\ud835\udc28\ud835\udc31|Ninetales-Alola, M, shiny|100\/100\n|-weather|Snow|[from] ability: Snow Warning|[of] p2a: \ud835\udc20\ud835\udc1a\ud835\udc32 \ud835\udc1f\ud835\udc28\ud835\udc31\n|-weather|SunnyDay|[from] ability: Drought|[of] p1a: Torkoal\n|turn|1\n|j| SuperOinge22\n|\n|t:|1699199755\n|switch|p2a: s\u1d00\u1d0d \u029c\u028f\u1d05\u1d07|Great Tusk|100\/100\n|-activate|p2a: s\u1d00\u1d0d \u029c\u028f\u1d05\u1d07|ability: Protosynthesis\n|-start|p2a: s\u1d00\u1d0d \u029c\u028f\u1d05\u1d07|protosynthesisspe\n|move|p1a: Torkoal|Yawn|p2a: s\u1d00\u1d0d \u029c\u028f\u1d05\u1d07\n|-start|p2a: s\u1d00\u1d0d \u029c\u028f\u1d05\u1d07|move: Yawn|[of] p1a: Torkoal\n|\n|-weather|SunnyDay|[upkeep]\n|upkeep\n|turn|2\n|\n|t:|1699199766\n|move|p2a: s\u1d00\u1d0d \u029c\u028f\u1d05\u1d07|Earthquake|p1a: Torkoal\n|-supereffective|p1a: Torkoal\n|-damage|p1a: Torkoal|35\/100\n|move|p1a: Torkoal|Stealth Rock|p2a: s\u1d00\u1d0d \u029c\u028f\u1d05\u1d07\n|-sidestart|p2: SKELETON-SKS|move: Stealth Rock\n|\n|-weather|SunnyDay|[upkeep]\n|-end|p2a: s\u1d00\u1d0d \u029c\u028f\u1d05\u1d07|move: Yawn|[silent]\n|-status|p2a: s\u1d00\u1d0d \u029c\u028f\u1d05\u1d07|slp\n|upkeep\n|turn|3\n|\n|t:|1699199782\n|switch|p1a: Venusaur|Venusaur, F|100\/100\n|cant|p2a: s\u1d00\u1d0d \u029c\u028f\u1d05\u1d07|slp\n|\n|-weather|SunnyDay|[upkeep]\n|upkeep\n|turn|4\n|\n|t:|1699199795\n|-end|p2a: s\u1d00\u1d0d \u029c\u028f\u1d05\u1d07|Protosynthesis|[silent]\n|switch|p2a: \ud835\udc20\ud835\udc1a\ud835\udc32 \ud835\udc1f\ud835\udc28\ud835\udc31|Ninetales-Alola, M, shiny|100\/100\n|-damage|p2a: \ud835\udc20\ud835\udc1a\ud835\udc32 \ud835\udc1f\ud835\udc28\ud835\udc31|76\/100|[from] Stealth Rock\n|-weather|Snow|[from] ability: Snow Warning|[of] p2a: \ud835\udc20\ud835\udc1a\ud835\udc32 \ud835\udc1f\ud835\udc28\ud835\udc31\n|move|p1a: Venusaur|Sludge Bomb|p2a: \ud835\udc20\ud835\udc1a\ud835\udc32 \ud835\udc1f\ud835\udc28\ud835\udc31\n|-supereffective|p2a: \ud835\udc20\ud835\udc1a\ud835\udc32 \ud835\udc1f\ud835\udc28\ud835\udc31\n|-damage|p2a: \ud835\udc20\ud835\udc1a\ud835\udc32 \ud835\udc1f\ud835\udc28\ud835\udc31|0 fnt\n|faint|p2a: \ud835\udc20\ud835\udc1a\ud835\udc32 \ud835\udc1f\ud835\udc28\ud835\udc31\n|\n|-weather|Snow|[upkeep]\n|upkeep\n|\n|t:|1699199806\n|switch|p2a: GAU-8 Avenger|Cloyster, M, shiny|100\/100\n|-damage|p2a: GAU-8 Avenger|76\/100|[from] Stealth Rock\n|turn|5\n|c| SuperOinge22|Oh dear\n|\n|t:|1699199825\n|switch|p1a: Tangrowth|Tangrowth, F|100\/100\n|move|p2a: GAU-8 Avenger|Shell Smash|p2a: GAU-8 Avenger\n|-unboost|p2a: GAU-8 Avenger|def|1\n|-unboost|p2a: GAU-8 Avenger|spd|1\n|-boost|p2a: GAU-8 Avenger|atk|2\n|-boost|p2a: GAU-8 Avenger|spa|2\n|-boost|p2a: GAU-8 Avenger|spe|2\n|-enditem|p2a: GAU-8 Avenger|White Herb\n|-clearnegativeboost|p2a: GAU-8 Avenger|[silent]\n|\n|-weather|Snow|[upkeep]\n|upkeep\n|turn|6\n|j| itzZen\n|inactive|Vukes has 270 seconds left.\n|\n|t:|1699199851\n|switch|p1a: Torkoal|Torkoal, F|35\/100\n|-weather|SunnyDay|[from] ability: Drought|[of] p1a: Torkoal\n|move|p2a: GAU-8 Avenger|Icicle Spear|p1a: Torkoal\n|-resisted|p1a: Torkoal\n|-damage|p1a: Torkoal|28\/100\n|-resisted|p1a: Torkoal\n|-damage|p1a: Torkoal|18\/100\n|-resisted|p1a: Torkoal\n|-damage|p1a: Torkoal|10\/100\n|-resisted|p1a: Torkoal\n|-damage|p1a: Torkoal|1\/100\n|-resisted|p1a: Torkoal\n|-damage|p1a: Torkoal|0 fnt\n|faint|p1a: Torkoal\n|-hitcount|p1: Torkoal|5\n|\n|-weather|SunnyDay|[upkeep]\n|upkeep\n|c|\u2606SKELETON-SKS|erm gaming\n|inactive|Vukes has 270 seconds left.\n|\n|t:|1699199857\n|switch|p1a: Walking Wake|Walking Wake|100\/100\n|-activate|p1a: Walking Wake|ability: Protosynthesis\n|-start|p1a: Walking Wake|protosynthesisspe\n|turn|7\n|inactive|Vukes has 270 seconds left.\n|inactive|SKELETON-SKS has 270 seconds left.\n|j| The23rdPower\n|\n|t:|1699199894\n|move|p1a: Walking Wake|Flamethrower|p2a: GAU-8 Avenger\n|-damage|p2a: GAU-8 Avenger|0 fnt\n|faint|p2a: GAU-8 Avenger\n|\n|-weather|SunnyDay|[upkeep]\n|upkeep\n|c| The23rdPower|Damn\n|\n|t:|1699199902\n|switch|p2a: \u0271\u03b5\u01ad\u0266 \u0271\u03b1\u0e23\u01ad\u03b5\u0ae8|Sandy Shocks|100\/100\n|-damage|p2a: \u0271\u03b5\u01ad\u0266 \u0271\u03b1\u0e23\u01ad\u03b5\u0ae8|94\/100|[from] Stealth Rock\n|-activate|p2a: \u0271\u03b5\u01ad\u0266 \u0271\u03b1\u0e23\u01ad\u03b5\u0ae8|ability: Protosynthesis\n|-start|p2a: \u0271\u03b5\u01ad\u0266 \u0271\u03b1\u0e23\u01ad\u03b5\u0ae8|protosynthesisspe\n|turn|8\n|inactive|SKELETON-SKS has 270 seconds left.\n|c| SuperOinge22|Ummmm\n|\n|t:|1699199917\n|-terastallize|p2a: \u0271\u03b5\u01ad\u0266 \u0271\u03b1\u0e23\u01ad\u03b5\u0ae8|Ice\n|move|p1a: Walking Wake|Substitute|p1a: Walking Wake\n|-start|p1a: Walking Wake|Substitute\n|-damage|p1a: Walking Wake|76\/100\n|move|p2a: \u0271\u03b5\u01ad\u0266 \u0271\u03b1\u0e23\u01ad\u03b5\u0ae8|Tera Blast|p1a: Walking Wake|[anim] Tera Blast Ice\n|-end|p1a: Walking Wake|Substitute\n|\n|-weather|SunnyDay|[upkeep]\n|upkeep\n|turn|9\n|inactive|SKELETON-SKS has 270 seconds left.\n|\n|t:|1699199924\n|move|p1a: Walking Wake|Flamethrower|p2a: \u0271\u03b5\u01ad\u0266 \u0271\u03b1\u0e23\u01ad\u03b5\u0ae8\n|-supereffective|p2a: \u0271\u03b5\u01ad\u0266 \u0271\u03b1\u0e23\u01ad\u03b5\u0ae8\n|-damage|p2a: \u0271\u03b5\u01ad\u0266 \u0271\u03b1\u0e23\u01ad\u03b5\u0ae8|0 fnt\n|faint|p2a: \u0271\u03b5\u01ad\u0266 \u0271\u03b1\u0e23\u01ad\u03b5\u0ae8\n|-end|p2a: \u0271\u03b5\u01ad\u0266 \u0271\u03b1\u0e23\u01ad\u03b5\u0ae8|Protosynthesis|[silent]\n|\n|-weather|SunnyDay|[upkeep]\n|upkeep\n|inactive|SKELETON-SKS has 270 seconds left.\n|\n|t:|1699199930\n|switch|p2a: \u1d18\u029f\u1d00\u028f\u0299\u1d0f\u026a \u1d04\u1d00\u0280\u1d1b\u026a|Ursaluna-Bloodmoon, M|100\/100\n|-damage|p2a: \u1d18\u029f\u1d00\u028f\u0299\u1d0f\u026a \u1d04\u1d00\u0280\u1d1b\u026a|94\/100|[from] Stealth Rock\n|turn|10\n|\n|t:|1699199935\n|move|p1a: Walking Wake|Hydro Steam|p2a: \u1d18\u029f\u1d00\u028f\u0299\u1d0f\u026a \u1d04\u1d00\u0280\u1d1b\u026a\n|-supereffective|p2a: \u1d18\u029f\u1d00\u028f\u0299\u1d0f\u026a \u1d04\u1d00\u0280\u1d1b\u026a\n|-damage|p2a: \u1d18\u029f\u1d00\u028f\u0299\u1d0f\u026a \u1d04\u1d00\u0280\u1d1b\u026a|0 fnt\n|faint|p2a: \u1d18\u029f\u1d00\u028f\u0299\u1d0f\u026a \u1d04\u1d00\u0280\u1d1b\u026a\n|\n|-weather|SunnyDay|[upkeep]\n|upkeep\n|\n|t:|1699199941\n|switch|p2a: s\u1d00\u1d0d \u029c\u028f\u1d05\u1d07|Great Tusk|100\/100 slp\n|-damage|p2a: s\u1d00\u1d0d \u029c\u028f\u1d05\u1d07|98\/100 slp|[from] Stealth Rock\n|-activate|p2a: s\u1d00\u1d0d \u029c\u028f\u1d05\u1d07|ability: Protosynthesis\n|-start|p2a: s\u1d00\u1d0d \u029c\u028f\u1d05\u1d07|protosynthesisspe\n|turn|11\n|l| itzZen\n|\n|t:|1699199948\n|move|p1a: Walking Wake|Hydro Steam|p2a: s\u1d00\u1d0d \u029c\u028f\u1d05\u1d07\n|-supereffective|p2a: s\u1d00\u1d0d \u029c\u028f\u1d05\u1d07\n|-damage|p2a: s\u1d00\u1d0d \u029c\u028f\u1d05\u1d07|0 fnt\n|faint|p2a: s\u1d00\u1d0d \u029c\u028f\u1d05\u1d07\n|-end|p2a: s\u1d00\u1d0d \u029c\u028f\u1d05\u1d07|Protosynthesis|[silent]\n|\n|-weather|SunnyDay|[upkeep]\n|upkeep\n|\n|t:|1699199953\n|switch|p2a: \u0299\u1d1c\u1d1b\u1d1b\u1d00\u029c \u1d05\u1d00\u1d21\u0262|Clodsire, F|100\/100\n|-damage|p2a: \u0299\u1d1c\u1d1b\u1d1b\u1d00\u029c \u1d05\u1d00\u1d21\u0262|94\/100|[from] Stealth Rock\n|turn|12\n|\n|t:|1699199960\n|move|p1a: Walking Wake|Flamethrower|p2a: \u0299\u1d1c\u1d1b\u1d1b\u1d00\u029c \u1d05\u1d00\u1d21\u0262\n|-damage|p2a: \u0299\u1d1c\u1d1b\u1d1b\u1d00\u029c \u1d05\u1d00\u1d21\u0262|69\/100\n|move|p2a: \u0299\u1d1c\u1d1b\u1d1b\u1d00\u029c \u1d05\u1d00\u1d21\u0262|Toxic|p1a: Walking Wake\n|-status|p1a: Walking Wake|tox\n|\n|-weather|SunnyDay|[upkeep]\n|-heal|p2a: \u0299\u1d1c\u1d1b\u1d1b\u1d00\u029c \u1d05\u1d00\u1d21\u0262|75\/100|[from] item: Leftovers\n|-damage|p1a: Walking Wake|70\/100 tox|[from] psn\n|upkeep\n|turn|13\n|c| SuperOinge22|Clodsire sweep\n|\n|t:|1699199972\n|move|p1a: Walking Wake|Flamethrower|p2a: \u0299\u1d1c\u1d1b\u1d1b\u1d00\u029c \u1d05\u1d00\u1d21\u0262\n|-damage|p2a: \u0299\u1d1c\u1d1b\u1d1b\u1d00\u029c \u1d05\u1d00\u1d21\u0262|54\/100\n|move|p2a: \u0299\u1d1c\u1d1b\u1d1b\u1d00\u029c \u1d05\u1d00\u1d21\u0262|Stealth Rock|p1a: Walking Wake\n|-sidestart|p1: Vukes|move: Stealth Rock\n|\n|-weather|none\n|-end|p1a: Walking Wake|Protosynthesis\n|-heal|p2a: \u0299\u1d1c\u1d1b\u1d1b\u1d00\u029c \u1d05\u1d00\u1d21\u0262|60\/100|[from] item: Leftovers\n|-damage|p1a: Walking Wake|57\/100 tox|[from] psn\n|upkeep\n|turn|14\n|\n|t:|1699199980\n|move|p1a: Walking Wake|Flamethrower|p2a: \u0299\u1d1c\u1d1b\u1d1b\u1d00\u029c \u1d05\u1d00\u1d21\u0262\n|-damage|p2a: \u0299\u1d1c\u1d1b\u1d1b\u1d00\u029c \u1d05\u1d00\u1d21\u0262|43\/100\n|move|p2a: \u0299\u1d1c\u1d1b\u1d1b\u1d00\u029c \u1d05\u1d00\u1d21\u0262|Recover|p2a: \u0299\u1d1c\u1d1b\u1d1b\u1d00\u029c \u1d05\u1d00\u1d21\u0262\n|-heal|p2a: \u0299\u1d1c\u1d1b\u1d1b\u1d00\u029c \u1d05\u1d00\u1d21\u0262|93\/100\n|\n|-heal|p2a: \u0299\u1d1c\u1d1b\u1d1b\u1d00\u029c \u1d05\u1d00\u1d21\u0262|99\/100|[from] item: Leftovers\n|-damage|p1a: Walking Wake|39\/100 tox|[from] psn\n|upkeep\n|turn|15\n|\n|t:|1699199990\n|-end|p1a: Walking Wake|Protosynthesis|[silent]\n|switch|p1a: Tangrowth|Tangrowth, F|100\/100\n|-damage|p1a: Tangrowth|88\/100|[from] Stealth Rock\n|move|p2a: \u0299\u1d1c\u1d1b\u1d1b\u1d00\u029c \u1d05\u1d00\u1d21\u0262|Earthquake|p1a: Tangrowth\n|-resisted|p1a: Tangrowth\n|-damage|p1a: Tangrowth|79\/100\n|\n|-heal|p2a: \u0299\u1d1c\u1d1b\u1d1b\u1d00\u029c \u1d05\u1d00\u1d21\u0262|100\/100|[from] item: Leftovers\n|upkeep\n|turn|16\n|\n|t:|1699199998\n|move|p1a: Tangrowth|Sleep Powder|p2a: \u0299\u1d1c\u1d1b\u1d1b\u1d00\u029c \u1d05\u1d00\u1d21\u0262\n|-status|p2a: \u0299\u1d1c\u1d1b\u1d1b\u1d00\u029c \u1d05\u1d00\u1d21\u0262|slp|[from] move: Sleep Powder\n|cant|p2a: \u0299\u1d1c\u1d1b\u1d1b\u1d00\u029c \u1d05\u1d00\u1d21\u0262|slp\n|\n|upkeep\n|turn|17\n|\n|t:|1699200004\n|switch|p1a: Landorus|Landorus-Therian, M|100\/100\n|-damage|p1a: Landorus|88\/100|[from] Stealth Rock\n|-ability|p1a: Landorus|Intimidate|boost\n|-unboost|p2a: \u0299\u1d1c\u1d1b\u1d1b\u1d00\u029c \u1d05\u1d00\u1d21\u0262|atk|1\n|cant|p2a: \u0299\u1d1c\u1d1b\u1d1b\u1d00\u029c \u1d05\u1d00\u1d21\u0262|slp\n|\n|upkeep\n|turn|18\n|\n|t:|1699200010\n|move|p1a: Landorus|Earthquake|p2a: \u0299\u1d1c\u1d1b\u1d1b\u1d00\u029c \u1d05\u1d00\u1d21\u0262\n|-supereffective|p2a: \u0299\u1d1c\u1d1b\u1d1b\u1d00\u029c \u1d05\u1d00\u1d21\u0262\n|-damage|p2a: \u0299\u1d1c\u1d1b\u1d1b\u1d00\u029c \u1d05\u1d00\u1d21\u0262|0 fnt\n|faint|p2a: \u0299\u1d1c\u1d1b\u1d1b\u1d00\u029c \u1d05\u1d00\u1d21\u0262\n|\n|win|Vukes\n|l|\u2606SKELETON-SKS\n|l| The23rdPower\n|l| SuperOinge22\n|c|\u2606Vukes|gg\n","uploadtime":1699200039,"views":14,"p1id":"vukes","p2id":"skeletonsks","formatid":"gen9nationaldexubers","rating":0,"private":0,"password":""}