{"id":"gen9nationaldexubers-1990086756","p1":"pjaymz","p2":"TypeChart (Austin)","format":"[Gen 9] National Dex Ubers","log":"|j|\u2606pjaymz\n|j|\u2606TypeChart (Austin)\n|t:|1699923106\n|gametype|singles\n|player|p1|pjaymz|firebreather|\n|player|p2|TypeChart (Austin)|265|\n|teamsize|p1|6\n|teamsize|p2|6\n|gen|9\n|tier|[Gen 9] National Dex Ubers\n|rule|HP Percentage Mod: HP is shown in percentages\n|rule|Endless Battle Clause: Forcing endless battles is banned\n|rule|OHKO Clause: OHKO moves are banned\n|rule|Evasion Moves Clause: Evasion moves are banned\n|rule|Evasion Items Clause: Evasion items are banned\n|rule|Species Clause: Limit one of each Pok\u00e9mon\n|rule|Sleep Clause Mod: Limit one foe put to sleep\n|rule|Mega Rayquaza Clause: You cannot mega evolve Rayquaza\n|clearpoke\n|poke|p1|Ferrothorn, M|\n|poke|p1|Gholdengo|\n|poke|p1|Flygon, M|\n|poke|p1|Maushold-Four|\n|poke|p1|Okidogi, M|\n|poke|p1|Arcanine, M|\n|poke|p2|Ampharos, M|\n|poke|p2|Heatran, F|\n|poke|p2|Carracosta, F|\n|poke|p2|Gliscor, F|\n|poke|p2|Mawile, M|\n|poke|p2|Lanturn, M|\n|teampreview\n|\n|t:|1699923131\n|start\n|switch|p1a: Ferrothorn|Ferrothorn, M|100\/100\n|switch|p2a: Gliscor|Gliscor, F|100\/100\n|turn|1\n|c|\u2606pjaymz|gl\n|\n|t:|1699923169\n|switch|p2a: Heatran|Heatran, F|100\/100\n|-item|p2a: Heatran|Air Balloon\n|move|p1a: Ferrothorn|Stealth Rock|p2a: Heatran\n|-sidestart|p2: TypeChart (Austin)|move: Stealth Rock\n|\n|upkeep\n|turn|2\n|\n|t:|1699923210\n|switch|p1a: Flygon|Flygon, M|100\/100\n|move|p2a: Heatran|Stone Edge|p1a: Flygon\n|-resisted|p1a: Flygon\n|-damage|p1a: Flygon|85\/100\n|\n|upkeep\n|turn|3\n|\n|t:|1699923245\n|move|p1a: Flygon|Earthquake|p2a: Heatran\n|-immune|p2a: Heatran\n|move|p2a: Heatran|Hidden Power|p1a: Flygon\n|-crit|p1a: Flygon\n|-damage|p1a: Flygon|55\/100\n|\n|upkeep\n|turn|4\n|\n|t:|1699923253\n|move|p1a: Flygon|Outrage|p2a: Heatran\n|-resisted|p2a: Heatran\n|-damage|p2a: Heatran|78\/100\n|-enditem|p2a: Heatran|Air Balloon\n|-damage|p1a: Flygon|46\/100|[from] item: Life Orb\n|move|p2a: Heatran|Hidden Power|p1a: Flygon\n|-damage|p1a: Flygon|25\/100\n|\n|upkeep\n|turn|5\n|\n|t:|1699923283\n|move|p1a: Flygon|Outrage|p2a: Heatran|[from]lockedmove\n|-resisted|p2a: Heatran\n|-damage|p2a: Heatran|55\/100\n|-damage|p1a: Flygon|16\/100|[from] item: Life Orb\n|-start|p1a: Flygon|confusion|[fatigue]\n|move|p2a: Heatran|Eruption|p1a: Flygon\n|-resisted|p1a: Flygon\n|-damage|p1a: Flygon|0 fnt\n|faint|p1a: Flygon\n|\n|upkeep\n|\n|t:|1699923308\n|switch|p1a: Maushold|Maushold-Four, shiny|100\/100\n|turn|6\n|\n|t:|1699923328\n|switch|p2a: Ampharos|Ampharos, M, shiny|100\/100\n|-damage|p2a: Ampharos|88\/100|[from] Stealth Rock\n|move|p1a: Maushold|Population Bomb|p2a: Ampharos\n|-damage|p2a: Ampharos|77\/100\n|-status|p1a: Maushold|par|[from] ability: Static|[of] p2a: Ampharos\n|-damage|p2a: Ampharos|66\/100\n|-damage|p2a: Ampharos|54\/100\n|-damage|p2a: Ampharos|42\/100\n|-crit|p2a: Ampharos\n|-damage|p2a: Ampharos|26\/100\n|-damage|p2a: Ampharos|14\/100\n|-damage|p2a: Ampharos|2\/100\n|-damage|p2a: Ampharos|0 fnt\n|faint|p2a: Ampharos\n|-hitcount|p2: Ampharos|8\n|\n|upkeep\n|\n|t:|1699923378\n|switch|p2a: Heatran|Heatran, F|55\/100\n|-damage|p2a: Heatran|43\/100|[from] Stealth Rock\n|turn|7\n|\n|t:|1699923394\n|cant|p1a: Maushold|par\n|move|p2a: Heatran|Heavy Slam|p1a: Maushold\n|-damage|p1a: Maushold|21\/100 par\n|\n|upkeep\n|turn|8\n|\n|t:|1699923400\n|move|p1a: Maushold|Population Bomb|p2a: Heatran\n|-resisted|p2a: Heatran\n|-damage|p2a: Heatran|38\/100\n|-resisted|p2a: Heatran\n|-damage|p2a: Heatran|33\/100\n|-resisted|p2a: Heatran\n|-damage|p2a: Heatran|28\/100\n|-resisted|p2a: Heatran\n|-damage|p2a: Heatran|23\/100\n|-resisted|p2a: Heatran\n|-damage|p2a: Heatran|19\/100\n|-resisted|p2a: Heatran\n|-damage|p2a: Heatran|14\/100\n|-resisted|p2a: Heatran\n|-damage|p2a: Heatran|10\/100\n|-resisted|p2a: Heatran\n|-damage|p2a: Heatran|5\/100\n|-resisted|p2a: Heatran\n|-damage|p2a: Heatran|1\/100\n|-resisted|p2a: Heatran\n|-damage|p2a: Heatran|0 fnt\n|faint|p2a: Heatran\n|-hitcount|p2: Heatran|10\n|\n|upkeep\n|\n|t:|1699923451\n|switch|p2a: Gliscor|Gliscor, F|100\/100\n|-damage|p2a: Gliscor|88\/100|[from] Stealth Rock\n|turn|9\n|\n|t:|1699923464\n|move|p2a: Gliscor|Earthquake|p1a: Maushold\n|-damage|p1a: Maushold|0 fnt\n|faint|p1a: Maushold\n|\n|upkeep\n|\n|t:|1699923471\n|switch|p1a: Okidogi|Okidogi, M|100\/100\n|turn|10\n|\n|t:|1699923508\n|move|p2a: Gliscor|Earthquake|p1a: Okidogi\n|-supereffective|p1a: Okidogi\n|-damage|p1a: Okidogi|17\/100\n|move|p1a: Okidogi|Ice Punch|p2a: Gliscor\n|-supereffective|p2a: Gliscor\n|-damage|p2a: Gliscor|0 fnt\n|faint|p2a: Gliscor\n|\n|upkeep\n|\n|t:|1699923550\n|switch|p2a: Mawile|Mawile, M|100\/100\n|-damage|p2a: Mawile|95\/100|[from] Stealth Rock\n|turn|11\n|\n|t:|1699923580\n|switch|p1a: Arcanine|Arcanine, M|100\/100\n|-ability|p1a: Arcanine|Intimidate|boost\n|-fail|p2a: Mawile|unboost|Attack|[from] ability: Hyper Cutter|[of] p2a: Mawile\n|move|p2a: Mawile|Fire Blast|p1a: Arcanine\n|-resisted|p1a: Arcanine\n|-damage|p1a: Arcanine|91\/100\n|\n|upkeep\n|turn|12\n|\n|t:|1699923625\n|move|p1a: Arcanine|Flare Blitz|p2a: Mawile\n|-supereffective|p2a: Mawile\n|-damage|p2a: Mawile|0 fnt\n|faint|p2a: Mawile\n|-damage|p1a: Arcanine|65\/100|[from] Recoil\n|\n|upkeep\n|\n|t:|1699923665\n|switch|p2a: Lanturn|Lanturn, M|100\/100\n|-damage|p2a: Lanturn|88\/100|[from] Stealth Rock\n|turn|13\n|\n|t:|1699923703\n|move|p1a: Arcanine|Close Combat|p2a: Lanturn\n|-damage|p2a: Lanturn|46\/100\n|-unboost|p1a: Arcanine|def|1\n|-unboost|p1a: Arcanine|spd|1\n|move|p2a: Lanturn|Blizzard|p1a: Arcanine|[miss]\n|-miss|p2a: Lanturn|p1a: Arcanine\n|\n|upkeep\n|turn|14\n|\n|t:|1699923717\n|move|p1a: Arcanine|Extreme Speed|p2a: Lanturn\n|-damage|p2a: Lanturn|18\/100\n|move|p2a: Lanturn|Blizzard|p1a: Arcanine\n|-resisted|p1a: Arcanine\n|-damage|p1a: Arcanine|49\/100\n|\n|upkeep\n|turn|15\n|\n|t:|1699923733\n|move|p1a: Arcanine|Extreme Speed|p2a: Lanturn\n|-damage|p2a: Lanturn|0 fnt\n|faint|p2a: Lanturn\n|\n|upkeep\n|\n|t:|1699923740\n|switch|p2a: Carracosta|Carracosta, F|100\/100\n|-damage|p2a: Carracosta|88\/100|[from] Stealth Rock\n|turn|16\n|\n|t:|1699923775\n|move|p1a: Arcanine|Close Combat|p2a: Carracosta\n|-supereffective|p2a: Carracosta\n|-damage|p2a: Carracosta|42\/100\n|-unboost|p1a: Arcanine|def|1\n|-unboost|p1a: Arcanine|spd|1\n|move|p2a: Carracosta|Hydro Pump|p1a: Arcanine\n|-supereffective|p1a: Arcanine\n|-damage|p1a: Arcanine|0 fnt\n|faint|p1a: Arcanine\n|\n|upkeep\n|\n|t:|1699923781\n|switch|p1a: Ferrothorn|Ferrothorn, M|100\/100\n|turn|17\n|\n|t:|1699923822\n|move|p2a: Carracosta|Blizzard|p1a: Ferrothorn\n|-damage|p1a: Ferrothorn|83\/100\n|move|p1a: Ferrothorn|Power Whip|p2a: Carracosta\n|-supereffective|p2a: Carracosta\n|-damage|p2a: Carracosta|0 fnt\n|faint|p2a: Carracosta\n|\n|win|pjaymz\n","uploadtime":1699923846,"views":30,"p1id":"pjaymz","p2id":"typechartaustin","formatid":"gen9nationaldexubers","rating":0,"private":0,"password":""}