{"id":"gen9nationaldexubers-1985102798","p1":"KarmaNightraide","p2":"iddddkendk","format":"[Gen 9] National Dex Ubers","log":"|j|\u2606KarmaNightraide\n|j|\u2606iddddkendk\n|t:|1699331186\n|gametype|singles\n|player|p1|KarmaNightraide|unknown|1168\n|player|p2|iddddkendk|cynthia|1070\n|teamsize|p1|6\n|teamsize|p2|6\n|gen|9\n|tier|[Gen 9] National Dex Ubers\n|rated|\n|rule|HP Percentage Mod: HP is shown in percentages\n|rule|Endless Battle Clause: Forcing endless battles is banned\n|rule|OHKO Clause: OHKO moves are banned\n|rule|Evasion Moves Clause: Evasion moves are banned\n|rule|Evasion Items Clause: Evasion items are banned\n|rule|Species Clause: Limit one of each Pok\u00e9mon\n|rule|Sleep Clause Mod: Limit one foe put to sleep\n|rule|Mega Rayquaza Clause: You cannot mega evolve Rayquaza\n|clearpoke\n|poke|p1|Aegislash, F|\n|poke|p1|Ceruledge, F|\n|poke|p1|Basculegion, M|\n|poke|p1|Mimikyu, M|\n|poke|p1|Gourgeist-*, F|\n|poke|p1|Banette, F|\n|poke|p2|Garchomp, M|\n|poke|p2|Lucario, M|\n|poke|p2|Roserade, F|\n|poke|p2|Gastrodon, M|\n|poke|p2|Togekiss, F|\n|poke|p2|Milotic, M|\n|teampreview\n|inactive|Battle timer is ON: inactive players will automatically lose when time's up. (requested by KarmaNightraide)\n|\n|t:|1699331197\n|start\n|switch|p1a: Go to sleep...|Banette, F|100\/100\n|switch|p2a: Milotic|Milotic, M|100\/100\n|turn|1\n|\n|t:|1699331211\n|detailschange|p1a: Go to sleep...|Banette-Mega, F\n|-mega|p1a: Go to sleep...|Banette|Banettite\n|move|p1a: Go to sleep...|Thunder Wave|p2a: Milotic\n|-status|p2a: Milotic|par\n|cant|p2a: Milotic|par\n|\n|upkeep\n|turn|2\n|\n|t:|1699331222\n|switch|p1a: Pumpin|Gourgeist-Small, F|100\/100\n|-item|p2a: Milotic|Leftovers|[from] ability: Frisk|[of] p1a: Pumpin|[identify]\n|move|p2a: Milotic|Flip Turn|p1a: Pumpin\n|-resisted|p1a: Pumpin\n|-damage|p1a: Pumpin|93\/100\n|\n|t:|1699331234\n|switch|p2a: Togekiss|Togekiss, F|100\/100|[from] Flip Turn\n|\n|upkeep\n|turn|3\n|\n|t:|1699331255\n|move|p2a: Togekiss|Air Slash|p1a: Pumpin\n|-supereffective|p1a: Pumpin\n|-damage|p1a: Pumpin|0 fnt\n|faint|p1a: Pumpin\n|\n|upkeep\n|\n|t:|1699331262\n|switch|p1a: Go to sleep...|Banette-Mega, F|100\/100\n|turn|4\n|\n|t:|1699331273\n|-terastallize|p2a: Togekiss|Flying\n|move|p1a: Go to sleep...|Thunder Wave|p2a: Togekiss\n|-status|p2a: Togekiss|par\n|move|p2a: Togekiss|Air Slash|p1a: Go to sleep...\n|-damage|p1a: Go to sleep...|25\/100\n|\n|upkeep\n|turn|5\n|inactive|KarmaNightraide has 120 seconds left.\n|\n|t:|1699331317\n|switch|p1a: Excalasey|Aegislash, F|100\/100\n|move|p2a: Togekiss|Air Slash|p1a: Excalasey\n|-resisted|p1a: Excalasey\n|-damage|p1a: Excalasey|74\/100\n|\n|upkeep\n|turn|6\n|\n|t:|1699331343\n|move|p2a: Togekiss|Air Slash|p1a: Excalasey\n|-resisted|p1a: Excalasey\n|-damage|p1a: Excalasey|49\/100\n|cant|p1a: Excalasey|flinch\n|\n|upkeep\n|turn|7\n|\n|t:|1699331349\n|move|p2a: Togekiss|Air Slash|p1a: Excalasey\n|-resisted|p1a: Excalasey\n|-damage|p1a: Excalasey|24\/100\n|cant|p1a: Excalasey|flinch\n|\n|upkeep\n|turn|8\n|\n|t:|1699331355\n|move|p2a: Togekiss|Air Slash|p1a: Excalasey\n|-resisted|p1a: Excalasey\n|-damage|p1a: Excalasey|1\/100\n|-formechange|p1a: Excalasey|Aegislash-Blade||[from] ability: Stance Change\n|move|p1a: Excalasey|Sacred Sword|p2a: Togekiss\n|-resisted|p2a: Togekiss\n|-damage|p2a: Togekiss|74\/100 par\n|\n|upkeep\n|turn|9\n|\n|t:|1699331364\n|move|p1a: Excalasey|Shadow Sneak|p2a: Togekiss\n|-damage|p2a: Togekiss|44\/100 par\n|cant|p2a: Togekiss|par\n|\n|upkeep\n|turn|10\n|inactive|KarmaNightraide has 120 seconds left.\n|\n|t:|1699331370\n|move|p1a: Excalasey|Shadow Sneak|p2a: Togekiss\n|-damage|p2a: Togekiss|16\/100 par\n|move|p2a: Togekiss|Air Slash|p1a: Excalasey\n|-resisted|p1a: Excalasey\n|-damage|p1a: Excalasey|0 fnt\n|faint|p1a: Excalasey\n|\n|upkeep\n|inactive|KarmaNightraide has 120 seconds left.\n|\n|t:|1699331377\n|switch|p1a: Lil guy my man|Mimikyu, M|100\/100\n|turn|11\n|\n|t:|1699331382\n|move|p1a: Lil guy my man|Swords Dance|p1a: Lil guy my man\n|-boost|p1a: Lil guy my man|atk|2\n|move|p2a: Togekiss|Air Slash|p1a: Lil guy my man\n|-activate|p1a: Lil guy my man|ability: Disguise\n|-damage|p1a: Lil guy my man|100\/100\n|detailschange|p1a: Lil guy my man|Mimikyu-Busted, M\n|-damage|p1a: Lil guy my man|88\/100|[from] pokemon: Mimikyu-Busted\n|\n|upkeep\n|turn|12\n|\n|t:|1699331393\n|move|p1a: Lil guy my man|Shadow Sneak|p2a: Togekiss\n|-damage|p2a: Togekiss|0 fnt\n|faint|p2a: Togekiss\n|-damage|p1a: Lil guy my man|78\/100|[from] item: Life Orb\n|\n|upkeep\n|\n|t:|1699331404\n|switch|p2a: Roserade|Roserade, F|100\/100\n|turn|13\n|\n|t:|1699331423\n|move|p1a: Lil guy my man|Shadow Sneak|p2a: Roserade\n|-damage|p2a: Roserade|27\/100\n|-damage|p1a: Lil guy my man|68\/100|[from] item: Life Orb\n|move|p2a: Roserade|Leaf Storm|p1a: Lil guy my man\n|-damage|p1a: Lil guy my man|0 fnt\n|-unboost|p2a: Roserade|spa|2\n|faint|p1a: Lil guy my man\n|\n|upkeep\n|\n|t:|1699331437\n|switch|p1a: Widowmaker|Ceruledge, F|100\/100\n|turn|14\n|\n|t:|1699331441\n|move|p2a: Roserade|Sleep Powder|p1a: Widowmaker|[miss]\n|-miss|p2a: Roserade|p1a: Widowmaker\n|move|p1a: Widowmaker|Bitter Blade|p2a: Roserade\n|-supereffective|p2a: Roserade\n|-damage|p2a: Roserade|0 fnt\n|faint|p2a: Roserade\n|\n|upkeep\n|\n|t:|1699331459\n|switch|p2a: Milotic|Milotic, M|100\/100 par\n|turn|15\n|\n|t:|1699331469\n|move|p1a: Widowmaker|Swords Dance|p1a: Widowmaker\n|-boost|p1a: Widowmaker|atk|2\n|move|p2a: Milotic|Scald|p1a: Widowmaker\n|-supereffective|p1a: Widowmaker\n|-damage|p1a: Widowmaker|32\/100\n|\n|upkeep\n|turn|16\n|\n|t:|1699331494\n|move|p1a: Widowmaker|Poison Jab|p2a: Milotic\n|-damage|p2a: Milotic|76\/100 par\n|cant|p2a: Milotic|par\n|\n|-heal|p2a: Milotic|82\/100 par|[from] item: Leftovers\n|upkeep\n|turn|17\n|\n|t:|1699331503\n|move|p1a: Widowmaker|Poison Jab|p2a: Milotic\n|-damage|p2a: Milotic|57\/100 par\n|cant|p2a: Milotic|par\n|\n|-heal|p2a: Milotic|63\/100 par|[from] item: Leftovers\n|upkeep\n|turn|18\n|\n|t:|1699331516\n|move|p1a: Widowmaker|Poison Jab|p2a: Milotic\n|-damage|p2a: Milotic|37\/100 par\n|move|p2a: Milotic|Scald|p1a: Widowmaker\n|-supereffective|p1a: Widowmaker\n|-damage|p1a: Widowmaker|0 fnt\n|faint|p1a: Widowmaker\n|\n|-heal|p2a: Milotic|43\/100 par|[from] item: Leftovers\n|upkeep\n|\n|t:|1699331526\n|switch|p1a: Fish|Basculegion, M|100\/100\n|-ability|p1a: Fish|Mold Breaker\n|turn|19\n|\n|t:|1699331535\n|move|p1a: Fish|Last Respects|p2a: Milotic\n|-damage|p2a: Milotic|0 fnt\n|faint|p2a: Milotic\n|\n|upkeep\n|\n|t:|1699331542\n|switch|p2a: Lucario|Lucario, M|100\/100\n|turn|20\n|\n|t:|1699331549\n|switch|p1a: Go to sleep...|Banette-Mega, F|25\/100\n|detailschange|p2a: Lucario|Lucario-Mega, M\n|-mega|p2a: Lucario|Lucario|Lucarionite\n|move|p2a: Lucario|Extreme Speed|p1a: Go to sleep...\n|-immune|p1a: Go to sleep...\n|\n|upkeep\n|turn|21\n|\n|t:|1699331561\n|move|p1a: Go to sleep...|Thunder Wave|p2a: Lucario\n|-status|p2a: Lucario|par\n|move|p2a: Lucario|Flash Cannon|p1a: Go to sleep...\n|-damage|p1a: Go to sleep...|0 fnt\n|faint|p1a: Go to sleep...\n|\n|upkeep\n|\n|t:|1699331568\n|switch|p1a: Fish|Basculegion, M|100\/100\n|-ability|p1a: Fish|Mold Breaker\n|turn|22\n|\n|t:|1699331574\n|move|p2a: Lucario|Extreme Speed|p1a: Fish\n|-immune|p1a: Fish\n|move|p1a: Fish|Last Respects|p2a: Lucario\n|-damage|p2a: Lucario|0 fnt\n|faint|p2a: Lucario\n|\n|upkeep\n|\n|t:|1699331583\n|switch|p2a: Gastrodon|Gastrodon, M|100\/100\n|turn|23\n|\n|t:|1699331588\n|move|p1a: Fish|Last Respects|p2a: Gastrodon\n|-damage|p2a: Gastrodon|0 fnt\n|faint|p2a: Gastrodon\n|\n|upkeep\n|\n|t:|1699331594\n|switch|p2a: Garchomp|Garchomp, M|100\/100\n|turn|24\n|\n|t:|1699331599\n|move|p1a: Fish|Last Respects|p2a: Garchomp\n|-damage|p2a: Garchomp|0 fnt\n|faint|p2a: Garchomp\n|\n|win|KarmaNightraide\n|raw|KarmaNightraide's rating: 1168 &rarr; <strong>1188<\/strong><br \/>(+20 for winning)\n|raw|iddddkendk's rating: 1094 &rarr; <strong>1075<\/strong><br \/>(-19 for losing)\n","uploadtime":1699331605,"views":10,"p1id":"karmanightraide","p2id":"iddddkendk","formatid":"gen9nationaldexubers","rating":1075,"private":0,"password":""}