{"id":"gen9nationaldexubers-1993390887","p1":"hexagonereal","p2":"Justznic","format":"[Gen 9] National Dex Ubers","log":"|j|\u2606hexagonereal\n|j|\u2606Justznic\n|t:|1700311110\n|gametype|singles\n|player|p1|hexagonereal|cyrus|1547\n|player|p2|Justznic|266|1661\n|teamsize|p1|6\n|teamsize|p2|6\n|gen|9\n|tier|[Gen 9] National Dex Ubers\n|rated|\n|rule|HP Percentage Mod: HP is shown in percentages\n|rule|Endless Battle Clause: Forcing endless battles is banned\n|rule|OHKO Clause: OHKO moves are banned\n|rule|Evasion Moves Clause: Evasion moves are banned\n|rule|Evasion Items Clause: Evasion items are banned\n|rule|Species Clause: Limit one of each Pok\u00e9mon\n|rule|Sleep Clause Mod: Limit one foe put to sleep\n|rule|Mega Rayquaza Clause: You cannot mega evolve Rayquaza\n|clearpoke\n|poke|p1|Salamence, F|\n|poke|p1|Groudon|\n|poke|p1|Arceus-Dark|\n|poke|p1|Xerneas-*|\n|poke|p1|Ho-Oh|\n|poke|p1|Zacian-*|\n|poke|p2|Orthworm, M|\n|poke|p2|Kyurem-Black|\n|poke|p2|Ditto|\n|poke|p2|Mew|\n|poke|p2|Klefki, M|\n|poke|p2|Mewtwo|\n|teampreview\n|inactive|Battle timer is ON: inactive players will automatically lose when time's up. (requested by Justznic)\n|\n|t:|1700311123\n|start\n|switch|p1a: Snoop Dog|Zacian-Crowned|100\/100\n|switch|p2a: Kyurem|Kyurem-Black|100\/100\n|-ability|p1a: Snoop Dog|Intrepid Sword|boost\n|-boost|p1a: Snoop Dog|atk|1\n|-ability|p2a: Kyurem|Teravolt\n|turn|1\n|\n|t:|1700311134\n|move|p1a: Snoop Dog|Behemoth Blade|p2a: Kyurem\n|-supereffective|p2a: Kyurem\n|-damage|p2a: Kyurem|0 fnt\n|faint|p2a: Kyurem\n|\n|upkeep\n|\n|t:|1700311136\n|switch|p2a: Klefki|Klefki, M|100\/100\n|turn|2\n|\n|t:|1700311146\n|switch|p1a: Notorious D.O.N|Groudon|100\/100\n|detailschange|p1a: Notorious D.O.N|Groudon-Primal\n|-primal|p1a: Notorious D.O.N|Red Orb\n|-weather|DesolateLand|[from] ability: Desolate Land|[of] p1a: Notorious D.O.N\n|move|p2a: Klefki|Reflect|p2a: Klefki\n|-sidestart|p2: Justznic|Reflect\n|\n|-weather|DesolateLand|[upkeep]\n|-status|p2a: Klefki|brn|[from] item: Flame Orb\n|upkeep\n|turn|3\n|\n|t:|1700311152\n|move|p2a: Klefki|Toxic|p1a: Notorious D.O.N|[miss]\n|-miss|p2a: Klefki|p1a: Notorious D.O.N\n|move|p1a: Notorious D.O.N|Precipice Blades|p2a: Klefki|[miss]\n|-miss|p1a: Notorious D.O.N|p2a: Klefki\n|\n|-weather|DesolateLand|[upkeep]\n|-damage|p2a: Klefki|95\/100 brn|[from] brn\n|upkeep\n|turn|4\n|\n|t:|1700311161\n|move|p2a: Klefki|Toxic|p1a: Notorious D.O.N\n|-status|p1a: Notorious D.O.N|tox\n|move|p1a: Notorious D.O.N|Precipice Blades|p2a: Klefki\n|-supereffective|p2a: Klefki\n|-damage|p2a: Klefki|0 fnt\n|faint|p2a: Klefki\n|\n|-weather|DesolateLand|[upkeep]\n|-damage|p1a: Notorious D.O.N|94\/100 tox|[from] psn\n|upkeep\n|\n|t:|1700311162\n|switch|p2a: Orthworm|Orthworm, M|100\/100\n|turn|5\n|\n|t:|1700311173\n|-weather|none\n|switch|p1a: Cardi B(ird)|Ho-Oh|100\/100\n|move|p2a: Orthworm|Shed Tail|p2a: Orthworm\n|-start|p2a: Orthworm|Substitute|[from] move: Shed Tail\n|-damage|p2a: Orthworm|50\/100\n|-enditem|p2a: Orthworm|Sitrus Berry|[eat]\n|-heal|p2a: Orthworm|75\/100|[from] item: Sitrus Berry\n|\n|t:|1700311176\n|switch|p2a: Mewtwo|Mewtwo|100\/100|[from] Shed Tail\n|-ability|p2a: Mewtwo|Pressure\n|\n|upkeep\n|turn|6\n|\n|t:|1700311192\n|detailschange|p2a: Mewtwo|Mewtwo-Mega-X\n|-mega|p2a: Mewtwo|Mewtwo|Mewtwonite X\n|move|p2a: Mewtwo|Stone Edge|p1a: Cardi B(ird)\n|-supereffective|p1a: Cardi B(ird)\n|-damage|p1a: Cardi B(ird)|0 fnt\n|faint|p1a: Cardi B(ird)\n|\n|-sideend|p2: Justznic|Reflect\n|upkeep\n|\n|t:|1700311198\n|switch|p1a: Drake|Salamence, F|100\/100\n|-ability|p1a: Drake|Intimidate|boost\n|-immune|p2a: Mewtwo\n|turn|7\n|\n|t:|1700311203\n|detailschange|p1a: Drake|Salamence-Mega, F\n|-mega|p1a: Drake|Salamence|Salamencite\n|move|p2a: Mewtwo|Bulk Up|p2a: Mewtwo\n|-boost|p2a: Mewtwo|atk|1\n|-boost|p2a: Mewtwo|def|1\n|move|p1a: Drake|Frustration|p2a: Mewtwo\n|-supereffective|p2a: Mewtwo\n|-end|p2a: Mewtwo|Substitute\n|\n|upkeep\n|turn|8\n|j| BidoofBlaznThatIsh\n|\n|t:|1700311210\n|move|p2a: Mewtwo|Stone Edge|p1a: Drake|[miss]\n|-miss|p2a: Mewtwo|p1a: Drake\n|move|p1a: Drake|Frustration|p2a: Mewtwo\n|-supereffective|p2a: Mewtwo\n|-damage|p2a: Mewtwo|10\/100\n|\n|upkeep\n|turn|9\n|\n|t:|1700311217\n|switch|p1a: Snoop Dog|Zacian-Crowned|100\/100\n|move|p2a: Mewtwo|Stone Edge|p1a: Snoop Dog\n|-resisted|p1a: Snoop Dog\n|-damage|p1a: Snoop Dog|66\/100\n|\n|upkeep\n|turn|10\n|\n|t:|1700311221\n|move|p1a: Snoop Dog|Behemoth Blade|p2a: Mewtwo\n|-damage|p2a: Mewtwo|0 fnt\n|faint|p2a: Mewtwo\n|\n|upkeep\n|\n|t:|1700311226\n|switch|p2a: Ditto|Ditto|100\/100\n|-transform|p2a: Ditto|p1a: Snoop Dog|[from] ability: Imposter\n|-ability|p2a: Ditto|Intrepid Sword|boost\n|-boost|p2a: Ditto|atk|1\n|turn|11\n|\n|t:|1700311231\n|move|p2a: Ditto|Behemoth Blade|p1a: Snoop Dog\n|-damage|p1a: Snoop Dog|0 fnt\n|faint|p1a: Snoop Dog\n|\n|upkeep\n|\n|t:|1700311245\n|switch|p1a: Notorious D.O.N|Groudon-Primal|94\/100 tox\n|-weather|DesolateLand|[from] ability: Desolate Land|[of] p1a: Notorious D.O.N\n|turn|12\n|\n|t:|1700311250\n|switch|p2a: Orthworm|Orthworm, M|75\/100\n|move|p1a: Notorious D.O.N|Will-O-Wisp|p2a: Orthworm\n|-status|p2a: Orthworm|brn\n|\n|-weather|DesolateLand|[upkeep]\n|-damage|p1a: Notorious D.O.N|88\/100 tox|[from] psn\n|-damage|p2a: Orthworm|69\/100 brn|[from] brn\n|upkeep\n|turn|13\n|\n|t:|1700311257\n|-weather|none\n|switch|p1a: Drake|Salamence-Mega, F|100\/100\n|move|p2a: Orthworm|Shed Tail|p2a: Orthworm\n|-start|p2a: Orthworm|Substitute|[from] move: Shed Tail\n|-damage|p2a: Orthworm|19\/100 brn\n|j| cheese miestro\n|\n|t:|1700311260\n|switch|p2a: Mew|Mew|100\/100|[from] Shed Tail\n|\n|upkeep\n|turn|14\n|\n|t:|1700311265\n|move|p1a: Drake|Frustration|p2a: Mew\n|-crit|p2a: Mew\n|-end|p2a: Mew|Substitute\n|move|p2a: Mew|Imprison|p2a: Mew\n|-start|p2a: Mew|move: Imprison\n|\n|upkeep\n|turn|15\n|\n|t:|1700311280\n|switch|p1a: Notorious D.O.N|Groudon-Primal|88\/100 tox\n|-weather|DesolateLand|[from] ability: Desolate Land|[of] p1a: Notorious D.O.N\n|-zpower|p2a: Mew\n|move|p2a: Mew|Z-Transform|p1a: Notorious D.O.N|[anim]Transform\n|-transform|p2a: Mew|p1a: Notorious D.O.N\n|\n|-weather|DesolateLand|[upkeep]\n|-damage|p1a: Notorious D.O.N|82\/100 tox|[from] psn\n|upkeep\n|turn|16\n|\n|t:|1700311294\n|move|p2a: Mew|Spikes|p1a: Notorious D.O.N\n|-sidestart|p1: hexagonereal|Spikes\n|-activate|p1a: Notorious D.O.N|move: Struggle\n|move|p1a: Notorious D.O.N|Struggle|p2a: Mew\n|-damage|p2a: Mew|87\/100\n|-damage|p1a: Notorious D.O.N|57\/100 tox|[from] recoil\n|\n|-weather|DesolateLand|[upkeep]\n|-damage|p1a: Notorious D.O.N|45\/100 tox|[from] psn\n|upkeep\n|turn|17\n|\n|t:|1700311302\n|switch|p1a: Ludarcis|Arceus-Dark|100\/100\n|-damage|p1a: Ludarcis|88\/100|[from] Spikes\n|move|p2a: Mew|Spikes|p1a: Ludarcis\n|-sidestart|p1: hexagonereal|Spikes\n|\n|-weather|DesolateLand|[upkeep]\n|upkeep\n|turn|18\n|\n|t:|1700311308\n|move|p1a: Ludarcis|Taunt|p2a: Mew\n|-start|p2a: Mew|move: Taunt\n|cant|p2a: Mew|move: Taunt|Will-O-Wisp\n|\n|-weather|DesolateLand|[upkeep]\n|upkeep\n|turn|19\n|\n|t:|1700311314\n|move|p1a: Ludarcis|Foul Play|p2a: Mew\n|-damage|p2a: Mew|40\/100\n|move|p2a: Mew|Precipice Blades|p1a: Ludarcis\n|-damage|p1a: Ludarcis|41\/100\n|\n|-weather|DesolateLand|[upkeep]\n|upkeep\n|turn|20\n|\n|t:|1700311321\n|-weather|none\n|switch|p2a: Orthworm|Orthworm, M|19\/100 brn\n|move|p1a: Ludarcis|Foul Play|p2a: Orthworm\n|-damage|p2a: Orthworm|5\/100 brn\n|\n|-damage|p2a: Orthworm|0 fnt|[from] brn\n|faint|p2a: Orthworm\n|upkeep\n|\n|t:|1700311323\n|switch|p2a: Ditto|Ditto|100\/100\n|-transform|p2a: Ditto|p1a: Ludarcis|[from] ability: Imposter\n|turn|21\n|\n|t:|1700311330\n|switch|p1a: Notorious D.O.N|Groudon-Primal|45\/100 tox\n|-damage|p1a: Notorious D.O.N|29\/100 tox|[from] Spikes\n|-weather|DesolateLand|[from] ability: Desolate Land|[of] p1a: Notorious D.O.N\n|move|p2a: Ditto|Toxic|p1a: Notorious D.O.N\n|-fail|p1a: Notorious D.O.N|tox\n|\n|-weather|DesolateLand|[upkeep]\n|-damage|p1a: Notorious D.O.N|23\/100 tox|[from] psn\n|upkeep\n|turn|22\n|\n|t:|1700311341\n|move|p2a: Ditto|Toxic|p1a: Notorious D.O.N\n|-fail|p1a: Notorious D.O.N|tox\n|move|p1a: Notorious D.O.N|Precipice Blades|p2a: Ditto|[miss]\n|-miss|p1a: Notorious D.O.N|p2a: Ditto\n|\n|-weather|DesolateLand|[upkeep]\n|-damage|p1a: Notorious D.O.N|11\/100 tox|[from] psn\n|upkeep\n|turn|23\n|\n|t:|1700311345\n|move|p2a: Ditto|Toxic|p1a: Notorious D.O.N\n|-fail|p1a: Notorious D.O.N|tox\n|move|p1a: Notorious D.O.N|Precipice Blades|p2a: Ditto\n|-damage|p2a: Ditto|27\/100\n|\n|-weather|DesolateLand|[upkeep]\n|-damage|p1a: Notorious D.O.N|0 fnt|[from] psn\n|faint|p1a: Notorious D.O.N\n|-weather|none\n|upkeep\n|\n|t:|1700311358\n|switch|p1a: Lil Neas X|Xerneas|100\/100\n|-damage|p1a: Lil Neas X|84\/100|[from] Spikes\n|-ability|p1a: Lil Neas X|Fairy Aura\n|turn|24\n|\n|t:|1700311366\n|move|p2a: Ditto|Toxic|p1a: Lil Neas X\n|-status|p1a: Lil Neas X|tox\n|move|p1a: Lil Neas X|Substitute|p1a: Lil Neas X\n|-start|p1a: Lil Neas X|Substitute\n|-damage|p1a: Lil Neas X|59\/100 tox\n|\n|-damage|p1a: Lil Neas X|53\/100 tox|[from] psn\n|upkeep\n|turn|25\n|\n|t:|1700311373\n|switch|p2a: Mew|Mew|40\/100\n|move|p1a: Lil Neas X|Moonblast|p2a: Mew\n|-damage|p2a: Mew|0 fnt\n|faint|p2a: Mew\n|\n|-damage|p1a: Lil Neas X|41\/100 tox|[from] psn\n|upkeep\n|\n|t:|1700311375\n|switch|p2a: Ditto|Ditto|27\/100\n|turn|26\n|c|\u2606hexagonereal|a\n|inactive|Justznic has 120 seconds left.\n|c|\u2606hexagonereal|ngl kinda forgot it dont go thourhg  sub\n|c|\u2606hexagonereal|through*\n|inactive|Justznic has 90 seconds left.\n|c|\u2606hexagonereal|!dt imposter\n|raw|<ul class=\"utilichart\"><li class=\"result\"><span class=\"col namecol\"><a href=\"https:\/\/dex.pokemonshowdown.com\/abilities\/imposter\">Imposter<\/a><\/span> <span class=\"col abilitydesccol\">On switch-in, this Pokemon Transforms into the opposing Pokemon that is facing it.<\/span> <\/li><li style=\"clear:both\"><\/li><\/ul>\n|raw|<font size=\"1\"><font color=\"#686868\">Gen:<\/font> 5<\/font>\n\n|l|\u2606Justznic\n|inactive|Justznic disconnected and has a minute to reconnect!\n|player|p2|\n|c| cheese miestro|lol\n|l| cheese miestro\n|c|\u2606hexagonereal|Raw ditto\n|l| BidoofBlaznThatIsh\n|inactive|Justznic has 30 seconds to reconnect!\n|inactive|Justznic has 20 seconds to reconnect!\n|inactive|Justznic has 15 seconds to reconnect!\n|inactive|Justznic has 10 seconds to reconnect!\n|c|\u2606hexagonereal|god did!\n|inactive|Justznic has 5 seconds to reconnect!\n|-message|Justznic lost due to inactivity.\n|\n|win|hexagonereal\n|inactive|Justznic has 30 seconds left this turn.\n|raw|hexagonereal's rating: 1547 &rarr; <strong>1572<\/strong><br \/>(+25 for winning)\n|raw|Justznic's rating: 1634 &rarr; <strong>1609<\/strong><br \/>(-25 for losing)\n","uploadtime":1700311505,"views":7,"p1id":"hexagonereal","p2id":"justznic","formatid":"gen9nationaldexubers","rating":1572,"private":0,"password":""}