{"id":"gen9nationaldexubers-1997198401","p1":"reflectnrefrain","p2":"Deranged_Lime","format":"[Gen 9] National Dex Ubers","log":"|j|\u2606reflectnrefrain\n|j|\u2606Deranged_Lime\n|t:|1700774664\n|gametype|singles\n|player|p1|reflectnrefrain|misty-masters|\n|player|p2|Deranged_Lime|lucas|\n|teamsize|p1|6\n|teamsize|p2|6\n|gen|9\n|tier|[Gen 9] National Dex Ubers\n|rule|HP Percentage Mod: HP is shown in percentages\n|rule|Endless Battle Clause: Forcing endless battles is banned\n|rule|OHKO Clause: OHKO moves are banned\n|rule|Evasion Moves Clause: Evasion moves are banned\n|rule|Evasion Items Clause: Evasion items are banned\n|rule|Species Clause: Limit one of each Pok\u00e9mon\n|rule|Sleep Clause Mod: Limit one foe put to sleep\n|rule|Mega Rayquaza Clause: You cannot mega evolve Rayquaza\n|clearpoke\n|poke|p1|Lugia|\n|poke|p1|Scizor, F|\n|poke|p1|Kyurem-White|\n|poke|p1|Xerneas-*|\n|poke|p1|Gliscor, F|\n|poke|p1|Weavile, M|\n|poke|p2|Xerneas-*|\n|poke|p2|Pheromosa|\n|poke|p2|Dialga|\n|poke|p2|Iron Moth|\n|poke|p2|Palkia-Origin|\n|poke|p2|Stakataka|\n|teampreview\n|c|\u2606Deranged_Lime|glhf!\n|c|\u2606reflectnrefrain|u2 my friend\n|\n|t:|1700774700\n|start\n|switch|p1a: Kyurem|Kyurem-White|100\/100\n|switch|p2a: C o c k Queen|Pheromosa|100\/100\n|-ability|p1a: Kyurem|Turboblaze\n|turn|1\n|c|\u2606reflectnrefrain|do we have to post this live\n|\n|t:|1700774712\n|move|p1a: Kyurem|Fusion Flare|p2a: C o c k Queen\n|-supereffective|p2a: C o c k Queen\n|-damage|p2a: C o c k Queen|0 fnt\n|faint|p2a: C o c k Queen\n|\n|upkeep\n|\n|t:|1700774720\n|switch|p2a: Personal Space|Palkia-Origin|100\/100\n|-ability|p2a: Personal Space|Pressure\n|turn|2\n|\n|t:|1700774727\n|switch|p1a: Xerneas|Xerneas|100\/100\n|-ability|p1a: Xerneas|Fairy Aura\n|move|p2a: Personal Space|Hydro Pump|p1a: Xerneas\n|-damage|p1a: Xerneas|56\/100\n|\n|upkeep\n|turn|3\n|\n|t:|1700774736\n|switch|p2a: Apocalyrona|Iron Moth|100\/100\n|move|p1a: Xerneas|Moonblast|p2a: Apocalyrona\n|-resisted|p2a: Apocalyrona\n|-damage|p2a: Apocalyrona|80\/100\n|-unboost|p2a: Apocalyrona|spa|1\n|\n|upkeep\n|turn|4\n|j| Beauty Devon\n|\n|t:|1700774747\n|switch|p1a: Lugia|Lugia|100\/100\n|move|p2a: Apocalyrona|Fiery Dance|p1a: Lugia\n|-damage|p1a: Lugia|92\/100\n|-boost|p2a: Apocalyrona|spa|1\n|\n|-heal|p1a: Lugia|98\/100|[from] item: Leftovers\n|upkeep\n|turn|5\n|\n|t:|1700774755\n|move|p2a: Apocalyrona|Toxic|p1a: Lugia\n|-status|p1a: Lugia|tox\n|move|p1a: Lugia|Psychic|p2a: Apocalyrona\n|-supereffective|p2a: Apocalyrona\n|-damage|p2a: Apocalyrona|26\/100\n|\n|-heal|p1a: Lugia|100\/100 tox|[from] item: Leftovers\n|-damage|p1a: Lugia|94\/100 tox|[from] psn\n|upkeep\n|turn|6\n|\n|t:|1700774763\n|-end|p2a: Apocalyrona|Quark Drive|[silent]\n|switch|p2a: Another Castle|Stakataka|100\/100\n|move|p1a: Lugia|Psychic|p2a: Another Castle\n|-resisted|p2a: Another Castle\n|-damage|p2a: Another Castle|86\/100\n|-unboost|p2a: Another Castle|spd|1\n|\n|-heal|p1a: Lugia|100\/100 tox|[from] item: Leftovers\n|-damage|p1a: Lugia|88\/100 tox|[from] psn\n|upkeep\n|turn|7\n|\n|t:|1700774773\n|switch|p1a: Gliscor|Gliscor, F|100\/100\n|move|p2a: Another Castle|Stealth Rock|p1a: Gliscor\n|-sidestart|p1: reflectnrefrain|move: Stealth Rock\n|\n|-status|p1a: Gliscor|tox|[from] item: Toxic Orb\n|upkeep\n|turn|8\n|\n|t:|1700774780\n|switch|p2a: Personal Space|Palkia-Origin|100\/100\n|-ability|p2a: Personal Space|Pressure\n|move|p1a: Gliscor|Spikes|p2a: Personal Space\n|-sidestart|p2: Deranged_Lime|Spikes\n|\n|upkeep\n|turn|9\n|\n|t:|1700774787\n|move|p1a: Gliscor|Protect|p1a: Gliscor\n|-singleturn|p1a: Gliscor|Protect\n|move|p2a: Personal Space|Hydro Pump|p1a: Gliscor\n|-activate|p1a: Gliscor|move: Protect\n|\n|upkeep\n|turn|10\n|\n|t:|1700774796\n|switch|p1a: Scizor|Scizor, F|100\/100\n|-damage|p1a: Scizor|88\/100|[from] Stealth Rock\n|move|p2a: Personal Space|Hydro Pump|p1a: Scizor\n|-damage|p1a: Scizor|10\/100\n|\n|upkeep\n|turn|11\n|\n|t:|1700774803\n|switch|p1a: Gliscor|Gliscor, F|100\/100 tox\n|-damage|p1a: Gliscor|88\/100 tox|[from] Stealth Rock\n|move|p2a: Personal Space|Flamethrower|p1a: Gliscor\n|-damage|p1a: Gliscor|45\/100 tox\n|\n|-heal|p1a: Gliscor|57\/100 tox|[from] ability: Poison Heal\n|upkeep\n|turn|12\n|l| Beauty Devon\n|\n|t:|1700774864\n|move|p2a: Personal Space|Spacial Rend|p1a: Gliscor\n|-damage|p1a: Gliscor|0 fnt\n|faint|p1a: Gliscor\n|\n|upkeep\n|\n|t:|1700774869\n|switch|p1a: Xerneas|Xerneas|56\/100\n|-damage|p1a: Xerneas|44\/100|[from] Stealth Rock\n|-ability|p1a: Xerneas|Fairy Aura\n|turn|13\n|\n|t:|1700774878\n|switch|p2a: Apocalyrona|Iron Moth|26\/100\n|move|p1a: Xerneas|Moonblast|p2a: Apocalyrona\n|-resisted|p2a: Apocalyrona\n|-damage|p2a: Apocalyrona|7\/100\n|\n|upkeep\n|turn|14\n|\n|t:|1700774888\n|switch|p1a: Scizor|Scizor, F|10\/100\n|-damage|p1a: Scizor|0 fnt|[from] Stealth Rock\n|faint|p1a: Scizor\n|move|p2a: Apocalyrona|Sludge Wave|p1: Scizor|[notarget]\n|-fail|p2a: Apocalyrona\n|\n|upkeep\n|\n|t:|1700774896\n|switch|p1a: Weavile|Weavile, M|100\/100\n|-ability|p1a: Weavile|Pressure\n|turn|15\n|\n|t:|1700774904\n|move|p1a: Weavile|Triple Axel|p2a: Apocalyrona\n|-resisted|p2a: Apocalyrona\n|-damage|p2a: Apocalyrona|0 fnt\n|faint|p2a: Apocalyrona\n|-end|p2a: Apocalyrona|Quark Drive|[silent]\n|-hitcount|p2: Apocalyrona|1\n|\n|upkeep\n|\n|t:|1700774912\n|switch|p2a: Xtra Thicc|Xerneas|100\/100\n|-damage|p2a: Xtra Thicc|88\/100|[from] Spikes\n|-ability|p2a: Xtra Thicc|Fairy Aura\n|turn|16\n|\n|t:|1700774942\n|move|p1a: Weavile|Triple Axel|p2a: Xtra Thicc|[miss]\n|-miss|p1a: Weavile|p2a: Xtra Thicc\n|move|p2a: Xtra Thicc|Substitute|p2a: Xtra Thicc\n|-start|p2a: Xtra Thicc|Substitute\n|-damage|p2a: Xtra Thicc|63\/100\n|\n|-heal|p2a: Xtra Thicc|69\/100|[from] item: Leftovers\n|upkeep\n|turn|17\n|\n|t:|1700774949\n|move|p1a: Weavile|Triple Axel|p2a: Xtra Thicc\n|-activate|p2a: Xtra Thicc|move: Substitute|[damage]\n|-end|p2a: Xtra Thicc|Substitute\n|-damage|p2a: Xtra Thicc|45\/100\n|-hitcount|p2a: Xtra Thicc|3\n|move|p2a: Xtra Thicc|Moonblast|p1a: Weavile\n|-supereffective|p1a: Weavile\n|-damage|p1a: Weavile|0 fnt\n|faint|p1a: Weavile\n|\n|-heal|p2a: Xtra Thicc|51\/100|[from] item: Leftovers\n|upkeep\n|\n|t:|1700774959\n|switch|p1a: Kyurem|Kyurem-White|100\/100\n|-damage|p1a: Kyurem|76\/100|[from] Stealth Rock\n|-ability|p1a: Kyurem|Turboblaze\n|turn|18\n|\n|t:|1700774969\n|move|p1a: Kyurem|Fusion Flare|p2a: Xtra Thicc\n|-damage|p2a: Xtra Thicc|17\/100\n|move|p2a: Xtra Thicc|Moonblast|p1a: Kyurem\n|-supereffective|p1a: Kyurem\n|-damage|p1a: Kyurem|0 fnt\n|faint|p1a: Kyurem\n|\n|-heal|p2a: Xtra Thicc|23\/100|[from] item: Leftovers\n|upkeep\n|\n|t:|1700774977\n|switch|p1a: Xerneas|Xerneas|44\/100\n|-damage|p1a: Xerneas|31\/100|[from] Stealth Rock\n|-ability|p1a: Xerneas|Fairy Aura\n|turn|19\n|\n|t:|1700774984\n|move|p1a: Xerneas|Moonblast|p2a: Xtra Thicc\n|-damage|p2a: Xtra Thicc|0 fnt\n|faint|p2a: Xtra Thicc\n|\n|upkeep\n|c|\u2606reflectnrefrain|alright\n|\n|t:|1700775001\n|switch|p2a: Personal Space|Palkia-Origin|100\/100\n|-damage|p2a: Personal Space|88\/100|[from] Spikes\n|-ability|p2a: Personal Space|Pressure\n|turn|20\n|c|\u2606reflectnrefrain|the switch to scizor on palia was a misclick\n|c|\u2606reflectnrefrain|and he only had 3 moves\n|c|\u2606reflectnrefrain|smh my head\n|c|\u2606Deranged_Lime|Was not his game\n|\n|t:|1700775018\n|move|p2a: Personal Space|Hydro Pump|p1a: Xerneas\n|-damage|p1a: Xerneas|0 fnt\n|faint|p1a: Xerneas\n|\n|upkeep\n|c|\u2606reflectnrefrain|and the toxic on lugia was good\n|\n|t:|1700775034\n|switch|p1a: Lugia|Lugia|88\/100 tox\n|-damage|p1a: Lugia|64\/100 tox|[from] Stealth Rock\n|turn|21\n|c|\u2606Deranged_Lime|Yeah I have Toxic on this too as insurance\n|\n|t:|1700775043\n|move|p2a: Personal Space|Spacial Rend|p1a: Lugia\n|-damage|p1a: Lugia|27\/100 tox\n|move|p1a: Lugia|Whirlwind|p2a: Personal Space\n|drag|p2a: Another Castle|Stakataka|86\/100\n|-damage|p2a: Another Castle|74\/100|[from] Spikes\n|\n|-heal|p1a: Lugia|33\/100 tox|[from] item: Leftovers\n|-damage|p1a: Lugia|27\/100 tox|[from] psn\n|upkeep\n|turn|22\n|\n|t:|1700775051\n|move|p2a: Another Castle|Gyro Ball|p1a: Lugia\n|-damage|p1a: Lugia|0 fnt\n|faint|p1a: Lugia\n|\n|win|Deranged_Lime\n|c|\u2606Deranged_Lime|gg\n|c|\u2606reflectnrefrain|gg\n","uploadtime":1700775057,"views":34,"p1id":"reflectnrefrain","p2id":"derangedlime","formatid":"gen9nationaldexubers","rating":0,"private":0,"password":""}