{"id":"gen9nationaldexubers-1987678139","p1":"Graterol882008","p2":"Gatita golosa 123","format":"[Gen 9] National Dex Ubers","log":"|j|\u2606Graterol882008\n|j|\u2606Gatita golosa 123\n|t:|1699626815\n|gametype|singles\n|player|p1|Graterol882008|petrel|\n|player|p2|Gatita golosa 123|pokekid|\n|teamsize|p1|6\n|teamsize|p2|6\n|gen|9\n|tier|[Gen 9] National Dex Ubers\n|rule|HP Percentage Mod: HP is shown in percentages\n|rule|Endless Battle Clause: Forcing endless battles is banned\n|rule|OHKO Clause: OHKO moves are banned\n|rule|Evasion Moves Clause: Evasion moves are banned\n|rule|Evasion Items Clause: Evasion items are banned\n|rule|Species Clause: Limit one of each Pok\u00e9mon\n|rule|Sleep Clause Mod: Limit one foe put to sleep\n|rule|Mega Rayquaza Clause: You cannot mega evolve Rayquaza\n|clearpoke\n|poke|p1|Metagross|\n|poke|p1|Infernape, F|\n|poke|p1|Dragapult, M|\n|poke|p1|Dragonite, M|\n|poke|p1|Volcarona, F|\n|poke|p1|Primarina, F|\n|poke|p2|Blastoise, F|\n|poke|p2|Palafin, F|\n|poke|p2|Volcarona, F|\n|poke|p2|Dracovish|\n|poke|p2|Araquanid, F|\n|poke|p2|Basculegion, M|\n|teampreview\n|\n|t:|1699626830\n|start\n|switch|p1a: Dragonite|Dragonite, M|100\/100\n|switch|p2a: *la respeta*|Basculegion, M, shiny|100\/100\n|turn|1\n|\n|t:|1699626844\n|move|p2a: *la respeta*|Flip Turn|p1a: Dragonite\n|-resisted|p1a: Dragonite\n|-damage|p1a: Dragonite|91\/100\n|\n|t:|1699626848\n|switch|p2a: Andre|Blastoise, F|100\/100|[from] Flip Turn\n|move|p1a: Dragonite|Dragon Dance|p1a: Dragonite\n|-boost|p1a: Dragonite|atk|1\n|-boost|p1a: Dragonite|spe|1\n|\n|upkeep\n|turn|2\n|\n|t:|1699626864\n|detailschange|p2a: Andre|Blastoise-Mega, F\n|-mega|p2a: Andre|Blastoise|Blastoisinite\n|move|p1a: Dragonite|Thunder Punch|p2a: Andre\n|-supereffective|p2a: Andre\n|-damage|p2a: Andre|8\/100\n|-status|p2a: Andre|par\n|move|p2a: Andre|Ice Beam|p1a: Dragonite\n|-supereffective|p1a: Dragonite\n|-damage|p1a: Dragonite|0 fnt\n|faint|p1a: Dragonite\n|\n|upkeep\n|\n|t:|1699626883\n|switch|p1a: Infernape|Infernape, F|100\/100\n|turn|3\n|\n|t:|1699626890\n|move|p1a: Infernape|Swords Dance|p1a: Infernape\n|-boost|p1a: Infernape|atk|2\n|move|p2a: Andre|Water Pulse|p1a: Infernape\n|-supereffective|p1a: Infernape\n|-enditem|p1a: Infernape|Focus Sash\n|-damage|p1a: Infernape|1\/100\n|\n|upkeep\n|turn|4\n|\n|t:|1699626900\n|move|p1a: Infernape|Drain Punch|p2a: Andre\n|-crit|p2a: Andre\n|-damage|p2a: Andre|0 fnt\n|-heal|p1a: Infernape|5\/100|[from] drain|[of] p2a: Andre\n|faint|p2a: Andre\n|\n|upkeep\n|\n|t:|1699626910\n|switch|p2a: *la respeta*|Basculegion, M, shiny|100\/100\n|turn|5\n|l|\u2606Graterol882008\n|player|p1|\n|j|\u2606Graterol882008\n|player|p1|Graterol882008|petrel\n|\n|t:|1699626957\n|move|p2a: *la respeta*|Flip Turn|p1a: Infernape\n|-supereffective|p1a: Infernape\n|-damage|p1a: Infernape|0 fnt\n|faint|p1a: Infernape\n|\n|t:|1699626975\n|switch|p2a: Volkatrola|Volcarona, F|100\/100|[from] Flip Turn\n|\n|upkeep\n|c|\u2606Graterol882008|Haora si dame la suerte\n|\n|t:|1699626998\n|switch|p1a: Volcadroga|Volcarona, F|100\/100\n|turn|6\n|\n|t:|1699627007\n|move|p1a: Volcadroga|Quiver Dance|p1a: Volcadroga\n|-boost|p1a: Volcadroga|spa|1\n|-boost|p1a: Volcadroga|spd|1\n|-boost|p1a: Volcadroga|spe|1\n|-enditem|p2a: Volkatrola|Mirror Herb\n|-boost|p2a: Volkatrola|spa|1|[from] item: Mirror Herb\n|-boost|p2a: Volkatrola|spd|1|[from] item: Mirror Herb\n|-boost|p2a: Volkatrola|spe|1|[from] item: Mirror Herb\n|move|p2a: Volkatrola|Quiver Dance|p2a: Volkatrola\n|-boost|p2a: Volkatrola|spa|1\n|-boost|p2a: Volkatrola|spd|1\n|-boost|p2a: Volkatrola|spe|1\n|\n|upkeep\n|turn|7\n|\n|t:|1699627023\n|move|p2a: Volkatrola|Hidden Power|p1a: Volcadroga\n|-supereffective|p1a: Volcadroga\n|-damage|p1a: Volcadroga|0 fnt\n|faint|p1a: Volcadroga\n|\n|upkeep\n|\n|t:|1699627036\n|switch|p1a: Primarina|Primarina, F|100\/100\n|turn|8\n|\n|t:|1699627041\n|move|p2a: Volkatrola|Giga Drain|p1a: Primarina\n|-supereffective|p1a: Primarina\n|-damage|p1a: Primarina|15\/100\n|-zpower|p1a: Primarina\n|move|p1a: Primarina|Oceanic Operetta|p2a: Volkatrola|[zeffect]\n|-supereffective|p2a: Volkatrola\n|-damage|p2a: Volkatrola|0 fnt\n|faint|p2a: Volkatrola\n|\n|upkeep\n|\n|t:|1699627049\n|switch|p2a: Pomposo|Araquanid, F|100\/100\n|turn|9\n|\n|t:|1699627059\n|move|p1a: Primarina|Energy Ball|p2a: Pomposo\n|-damage|p2a: Pomposo|78\/100\n|move|p2a: Pomposo|Sticky Web|p1a: Primarina\n|-sidestart|p1: Graterol882008|move: Sticky Web\n|\n|upkeep\n|turn|10\n|\n|t:|1699627079\n|move|p1a: Primarina|Ice Beam|p2a: Pomposo\n|-resisted|p2a: Pomposo\n|-damage|p2a: Pomposo|65\/100\n|move|p2a: Pomposo|Liquidation|p1a: Primarina\n|-resisted|p1a: Primarina\n|-damage|p1a: Primarina|0 fnt\n|faint|p1a: Primarina\n|\n|upkeep\n|\n|t:|1699627090\n|switch|p1a: Metagross|Metagross|100\/100\n|-activate|p1a: Metagross|move: Sticky Web\n|-fail|p1a: Metagross|unboost|[from] ability: Clear Body|[of] p1a: Metagross\n|turn|11\n|\n|t:|1699627100\n|detailschange|p1a: Metagross|Metagross-Mega\n|-mega|p1a: Metagross|Metagross|Metagrossite\n|move|p1a: Metagross|Iron Defense|p1a: Metagross\n|-boost|p1a: Metagross|def|2\n|move|p2a: Pomposo|Icy Wind|p1a: Metagross\n|-resisted|p1a: Metagross\n|-crit|p1a: Metagross\n|-damage|p1a: Metagross|95\/100\n|-unboost|p1a: Metagross|spe|1\n|\n|upkeep\n|turn|12\n|\n|t:|1699627115\n|move|p1a: Metagross|Iron Defense|p1a: Metagross\n|-boost|p1a: Metagross|def|2\n|move|p2a: Pomposo|Icy Wind|p1a: Metagross\n|-resisted|p1a: Metagross\n|-damage|p1a: Metagross|91\/100\n|-unboost|p1a: Metagross|spe|1\n|\n|upkeep\n|turn|13\n|\n|t:|1699627137\n|move|p1a: Metagross|Agility|p1a: Metagross\n|-boost|p1a: Metagross|spe|2\n|move|p2a: Pomposo|Liquidation|p1a: Metagross\n|-damage|p1a: Metagross|78\/100\n|\n|upkeep\n|turn|14\n|\n|t:|1699627153\n|switch|p2a: TocaTetas|Palafin, F, shiny|100\/100\n|move|p1a: Metagross|Agility|p1a: Metagross\n|-boost|p1a: Metagross|spe|2\n|\n|upkeep\n|turn|15\n|\n|t:|1699627167\n|detailschange|p2a: TocaTetas|Palafin-Hero, F, shiny\n|switch|p2a: Pomposo|Araquanid, F|65\/100\n|move|p1a: Metagross|Iron Defense|p1a: Metagross\n|-boost|p1a: Metagross|def|2\n|\n|upkeep\n|turn|16\n|\n|t:|1699627178\n|move|p1a: Metagross|Iron Head|p2a: Pomposo\n|-resisted|p2a: Pomposo\n|-damage|p2a: Pomposo|21\/100\n|move|p2a: Pomposo|Icy Wind|p1a: Metagross\n|-resisted|p1a: Metagross\n|-damage|p1a: Metagross|75\/100\n|-unboost|p1a: Metagross|spe|1\n|\n|upkeep\n|turn|17\n|\n|t:|1699627192\n|move|p1a: Metagross|Iron Head|p2a: Pomposo\n|-resisted|p2a: Pomposo\n|-damage|p2a: Pomposo|0 fnt\n|faint|p2a: Pomposo\n|\n|upkeep\n|\n|t:|1699627196\n|switch|p2a: Copito de nieve|Dracovish|100\/100\n|turn|18\n|\n|t:|1699627207\n|move|p1a: Metagross|Iron Head|p2a: Copito de nieve\n|-resisted|p2a: Copito de nieve\n|-damage|p2a: Copito de nieve|69\/100\n|cant|p2a: Copito de nieve|flinch\n|\n|upkeep\n|turn|19\n|\n|t:|1699627215\n|move|p1a: Metagross|Zen Headbutt|p2a: Copito de nieve\n|-damage|p2a: Copito de nieve|0 fnt\n|faint|p2a: Copito de nieve\n|\n|upkeep\n|\n|t:|1699627219\n|switch|p2a: TocaTetas|Palafin-Hero, F, shiny|100\/100\n|-activate|p2a: TocaTetas|ability: Zero to Hero\n|turn|20\n|\n|t:|1699627226\n|move|p2a: TocaTetas|Jet Punch|p1a: Metagross\n|-damage|p1a: Metagross|68\/100\n|move|p1a: Metagross|Zen Headbutt|p2a: TocaTetas\n|-damage|p2a: TocaTetas|40\/100\n|\n|upkeep\n|turn|21\n|\n|t:|1699627234\n|move|p2a: TocaTetas|Jet Punch|p1a: Metagross\n|-damage|p1a: Metagross|60\/100\n|move|p1a: Metagross|Zen Headbutt|p2a: TocaTetas\n|-damage|p2a: TocaTetas|0 fnt\n|faint|p2a: TocaTetas\n|\n|upkeep\n|\n|t:|1699627238\n|switch|p2a: *la respeta*|Basculegion, M, shiny|100\/100\n|turn|22\n|\n|t:|1699627252\n|move|p2a: *la respeta*|Last Respects|p1a: Metagross\n|-supereffective|p1a: Metagross\n|-crit|p1a: Metagross\n|-damage|p1a: Metagross|0 fnt\n|faint|p1a: Metagross\n|\n|upkeep\n|c|\u2606Gatita golosa 123|Nmms quer\u00eda ver si aguantaba\n|\n|t:|1699627273\n|switch|p1a: Dragapult|Dragapult, M|100\/100\n|-activate|p1a: Dragapult|move: Sticky Web\n|-unboost|p1a: Dragapult|spe|1\n|turn|23\n|l|\u2606Graterol882008\n|player|p1|\n|j|\u2606Graterol882008\n|player|p1|Graterol882008|petrel\n|\n|t:|1699627305\n|move|p2a: *la respeta*|Last Respects|p1a: Dragapult\n|-supereffective|p1a: Dragapult\n|-crit|p1a: Dragapult\n|-enditem|p1a: Dragapult|Focus Sash\n|-damage|p1a: Dragapult|1\/100\n|move|p1a: Dragapult|Thunderbolt|p2a: *la respeta*\n|-supereffective|p2a: *la respeta*\n|-damage|p2a: *la respeta*|40\/100\n|-status|p2a: *la respeta*|par\n|\n|upkeep\n|turn|24\n|\n|t:|1699627333\n|move|p1a: Dragapult|Thunderbolt|p2a: *la respeta*\n|-supereffective|p2a: *la respeta*\n|-damage|p2a: *la respeta*|0 fnt\n|faint|p2a: *la respeta*\n|\n|win|Graterol882008\n","uploadtime":1699627367,"views":12,"p1id":"graterol882008","p2id":"gatitagolosa123","formatid":"gen9nationaldexubers","rating":0,"private":0,"password":""}