{"id":"gen9nationaldexubers-1991265560","p1":"AGisgood\u82cd\u54cd\u4fa0","p2":"longtoudis","format":"[Gen 9] National Dex Ubers","log":"|j|\u2606AGisgood\u82cd\u54cd\u4fa0\n|j|\u2606longtoudis\n|t:|1700062605\n|gametype|singles\n|player|p1|AGisgood\u82cd\u54cd\u4fa0|iono|1572\n|player|p2|longtoudis|korrina|1577\n|teamsize|p1|6\n|teamsize|p2|6\n|gen|9\n|tier|[Gen 9] National Dex Ubers\n|rated|\n|rule|HP Percentage Mod: HP is shown in percentages\n|rule|Endless Battle Clause: Forcing endless battles is banned\n|rule|OHKO Clause: OHKO moves are banned\n|rule|Evasion Moves Clause: Evasion moves are banned\n|rule|Evasion Items Clause: Evasion items are banned\n|rule|Species Clause: Limit one of each Pok\u00e9mon\n|rule|Sleep Clause Mod: Limit one foe put to sleep\n|rule|Mega Rayquaza Clause: You cannot mega evolve Rayquaza\n|clearpoke\n|poke|p1|Ribombee, F|\n|poke|p1|Rayquaza|\n|poke|p1|Zacian-*|\n|poke|p1|Necrozma-Dusk-Mane|\n|poke|p1|Arceus-Ground|\n|poke|p1|Kyogre|\n|poke|p2|Reshiram|\n|poke|p2|Kyurem-Black|\n|poke|p2|Melmetal|\n|poke|p2|Arceus|\n|poke|p2|Zygarde|\n|poke|p2|Calyrex-Ice|\n|teampreview\n|inactive|Battle timer is ON: inactive players will automatically lose when time's up. (requested by AGisgood\u82cd\u54cd\u4fa0)\n|\n|t:|1700062610\n|start\n|switch|p1a: Ribombee|Ribombee, F|100\/100\n|switch|p2a: Melmetal|Melmetal|100\/100\n|turn|1\n|\n|t:|1700062615\n|move|p1a: Ribombee|Sticky Web|p2a: Melmetal\n|-sidestart|p2: longtoudis|move: Sticky Web\n|move|p2a: Melmetal|Double Iron Bash|p1a: Ribombee\n|-supereffective|p1a: Ribombee\n|-enditem|p1a: Ribombee|Focus Sash\n|-damage|p1a: Ribombee|1\/100\n|-supereffective|p1a: Ribombee\n|-damage|p1a: Ribombee|0 fnt\n|faint|p1a: Ribombee\n|-hitcount|p1: Ribombee|2\n|\n|upkeep\n|\n|t:|1700062619\n|switch|p1a: Kyogre|Kyogre|100\/100\n|detailschange|p1a: Kyogre|Kyogre-Primal\n|-primal|p1a: Kyogre|Blue Orb\n|-weather|PrimordialSea|[from] ability: Primordial Sea|[of] p1a: Kyogre\n|turn|2\n|\n|t:|1700062634\n|switch|p2a: Reshiram|Reshiram|100\/100\n|-activate|p2a: Reshiram|move: Sticky Web\n|-unboost|p2a: Reshiram|spe|1\n|-ability|p2a: Reshiram|Turboblaze\n|move|p1a: Kyogre|Water Spout|p2a: Reshiram\n|-damage|p2a: Reshiram|0 fnt\n|faint|p2a: Reshiram\n|\n|-weather|PrimordialSea|[upkeep]\n|upkeep\n|\n|t:|1700062643\n|switch|p2a: Kyurem|Kyurem-Black|100\/100\n|-activate|p2a: Kyurem|move: Sticky Web\n|-unboost|p2a: Kyurem|spe|1\n|-ability|p2a: Kyurem|Teravolt\n|turn|3\n|\n|t:|1700062650\n|-weather|none\n|switch|p1a: Zacian|Zacian-Crowned|100\/100\n|-ability|p1a: Zacian|Intrepid Sword|boost\n|-boost|p1a: Zacian|atk|1\n|move|p2a: Kyurem|Fusion Bolt|p1a: Zacian\n|-damage|p1a: Zacian|54\/100\n|\n|upkeep\n|turn|4\n|\n|t:|1700062660\n|switch|p2a: Melmetal|Melmetal|100\/100\n|-activate|p2a: Melmetal|move: Sticky Web\n|-unboost|p2a: Melmetal|spe|1\n|move|p1a: Zacian|Behemoth Blade|p2a: Melmetal\n|-resisted|p2a: Melmetal\n|-damage|p2a: Melmetal|73\/100\n|\n|upkeep\n|turn|5\n|\n|t:|1700062669\n|move|p1a: Zacian|Close Combat|p2a: Melmetal\n|-supereffective|p2a: Melmetal\n|-damage|p2a: Melmetal|0 fnt\n|-unboost|p1a: Zacian|def|1\n|-unboost|p1a: Zacian|spd|1\n|faint|p2a: Melmetal\n|\n|upkeep\n|\n|t:|1700062679\n|switch|p2a: Arceus|Arceus|100\/100\n|turn|6\n|\n|t:|1700062684\n|move|p2a: Arceus|Extreme Speed|p1a: Zacian\n|-resisted|p1a: Zacian\n|-damage|p1a: Zacian|24\/100\n|move|p1a: Zacian|Close Combat|p2a: Arceus\n|-supereffective|p2a: Arceus\n|-damage|p2a: Arceus|0 fnt\n|-unboost|p1a: Zacian|def|1\n|-unboost|p1a: Zacian|spd|1\n|faint|p2a: Arceus\n|\n|upkeep\n|\n|t:|1700062694\n|switch|p2a: Zygarde|Zygarde|100\/100\n|-activate|p2a: Zygarde|move: Sticky Web\n|-unboost|p2a: Zygarde|spe|1\n|turn|7\n|\n|t:|1700062699\n|move|p2a: Zygarde|Extreme Speed|p1a: Zacian\n|-resisted|p1a: Zacian\n|-damage|p1a: Zacian|1\/100\n|move|p1a: Zacian|Behemoth Blade|p2a: Zygarde\n|-damage|p2a: Zygarde|29\/100\n|\n|-heal|p2a: Zygarde|35\/100|[from] item: Leftovers\n|-activate|p2a: Zygarde|ability: Power Construct\n|detailschange|p2a: Zygarde|Zygarde-Complete\n|-heal|p2a: Zygarde|57\/100|[silent]\n|upkeep\n|turn|8\n|\n|t:|1700062711\n|move|p2a: Zygarde|Extreme Speed|p1a: Zacian\n|-resisted|p1a: Zacian\n|-damage|p1a: Zacian|0 fnt\n|faint|p1a: Zacian\n|\n|-heal|p2a: Zygarde|64\/100|[from] item: Leftovers\n|upkeep\n|\n|t:|1700062717\n|switch|p1a: Necrozma|Necrozma-Dusk-Mane|100\/100\n|turn|9\n|\n|t:|1700062725\n|move|p1a: Necrozma|Dragon Dance|p1a: Necrozma\n|-boost|p1a: Necrozma|atk|1\n|-boost|p1a: Necrozma|spe|1\n|move|p2a: Zygarde|Thousand Arrows|p1a: Necrozma\n|-supereffective|p1a: Necrozma\n|-damage|p1a: Necrozma|53\/100\n|\n|-heal|p2a: Zygarde|70\/100|[from] item: Leftovers\n|upkeep\n|turn|10\n|\n|t:|1700062732\n|detailschange|p1a: Necrozma|Necrozma-Ultra\n|-burst|p1a: Necrozma|Necrozma|Ultranecrozium Z\n|move|p1a: Necrozma|Photon Geyser|p2a: Zygarde\n|-damage|p2a: Zygarde|26\/100\n|move|p2a: Zygarde|Dragon Tail|p1a: Necrozma\n|-supereffective|p1a: Necrozma\n|-damage|p1a: Necrozma|0 fnt\n|faint|p1a: Necrozma\n|\n|-heal|p2a: Zygarde|32\/100|[from] item: Leftovers\n|upkeep\n|\n|t:|1700062738\n|switch|p1a: Rayquaza|Rayquaza|100\/100\n|-ability|p1a: Rayquaza|Air Lock\n|turn|11\n|j| breezai\n|\n|t:|1700062756\n|move|p2a: Zygarde|Extreme Speed|p1a: Rayquaza\n|-damage|p1a: Rayquaza|71\/100\n|move|p1a: Rayquaza|Dragon Ascent|p2a: Zygarde\n|-damage|p2a: Zygarde|0 fnt\n|-unboost|p1a: Rayquaza|def|1\n|-unboost|p1a: Rayquaza|spd|1\n|faint|p2a: Zygarde\n|\n|upkeep\n|\n|t:|1700062767\n|switch|p2a: Calyrex|Calyrex-Ice|100\/100\n|-ability|p2a: Calyrex|As One\n|-ability|p2a: Calyrex|Unnerve\n|-activate|p2a: Calyrex|move: Sticky Web\n|-unboost|p2a: Calyrex|spe|1\n|turn|12\n|\n|t:|1700062776\n|-terastallize|p1a: Rayquaza|Flying\n|move|p1a: Rayquaza|Dragon Ascent|p2a: Calyrex\n|-damage|p2a: Calyrex|3\/100\n|-unboost|p1a: Rayquaza|def|1\n|-unboost|p1a: Rayquaza|spd|1\n|move|p2a: Calyrex|Trick Room|p2a: Calyrex\n|-fieldstart|move: Trick Room|[of] p2a: Calyrex\n|\n|upkeep\n|turn|13\n|c|\u2606AGisgood\u82cd\u54cd\u4fa0|rip\n|\n|t:|1700062787\n|switch|p2a: Kyurem|Kyurem-Black|100\/100\n|-activate|p2a: Kyurem|move: Sticky Web\n|-unboost|p2a: Kyurem|spe|1\n|-ability|p2a: Kyurem|Teravolt\n|move|p1a: Rayquaza|Dragon Ascent|p2a: Kyurem\n|-damage|p2a: Kyurem|0 fnt\n|-unboost|p1a: Rayquaza|def|1\n|-unboost|p1a: Rayquaza|spd|1\n|faint|p2a: Kyurem\n|\n|upkeep\n|c|\u2606AGisgood\u82cd\u54cd\u4fa0|what\n|c| breezai|real asf ukkk\n|\n|t:|1700062800\n|switch|p2a: Calyrex|Calyrex-Ice|3\/100\n|-ability|p2a: Calyrex|As One\n|-ability|p2a: Calyrex|Unnerve\n|-activate|p2a: Calyrex|move: Sticky Web\n|-unboost|p2a: Calyrex|spe|1\n|turn|14\n|c|\u2606longtoudis|\u539f\u6765\u4f60\u662f\u56f4\u5dfe\u7684\n|\n|t:|1700062817\n|switch|p1a: Kyogre|Kyogre-Primal|100\/100\n|-weather|PrimordialSea|[from] ability: Primordial Sea|[of] p1a: Kyogre\n|move|p2a: Calyrex|Glacial Lance|p1a: Kyogre\n|-resisted|p1a: Kyogre\n|-damage|p1a: Kyogre|52\/100\n|\n|-weather|PrimordialSea|[upkeep]\n|upkeep\n|turn|15\n|c|\u2606AGisgood\u82cd\u54cd\u4fa0|\u6211\u662f\u5934\u5e26\u554a\n|\n|t:|1700062825\n|move|p2a: Calyrex|Seed Bomb|p1a: Kyogre\n|-supereffective|p1a: Kyogre\n|-damage|p1a: Kyogre|0 fnt\n|faint|p1a: Kyogre\n|-weather|none\n|-ability|p2a: Calyrex|Chilling Neigh|boost\n|-boost|p2a: Calyrex|atk|1\n|\n|upkeep\n|\n|t:|1700062827\n|switch|p1a: Rayquaza|Rayquaza, tera:Flying|71\/100\n|-ability|p1a: Rayquaza|Air Lock\n|turn|16\n|c|\u2606longtoudis|\u8bf4\u9519\u4e86\n|c|\u2606longtoudis|gg\n|\n|t:|1700062836\n|move|p1a: Rayquaza|Extreme Speed|p2a: Calyrex\n|-damage|p2a: Calyrex|0 fnt\n|faint|p2a: Calyrex\n|\n|win|AGisgood\u82cd\u54cd\u4fa0\n|raw|AGisgood\u82cd\u54cd\u4fa0's rating: 1572 &rarr; <strong>1592<\/strong><br \/>(+20 for winning)\n|raw|longtoudis's rating: 1577 &rarr; <strong>1557<\/strong><br \/>(-20 for losing)\n|c|\u2606AGisgood\u82cd\u54cd\u4fa0|\u4e0d\u7136\u6211\u585e\u70c8\u7a7a\u5750\u5e72\u561b\n|c|\u2606longtoudis|\u4e5f\u662f\n|l| breezai\n|c|\u2606AGisgood\u82cd\u54cd\u4fa0|cb\u592a\u6676\u98de\u4e8c\u786e\u5403\u543c\u9738\n|c|\u2606longtoudis|\u88c2\u7a7a\u5ea7\u529b\u5ea6\u53ef\u4ee5\n|l|\u2606longtoudis\n","uploadtime":1700063209,"views":13,"p1id":"agisgood","p2id":"longtoudis","formatid":"gen9nationaldexubers","rating":1557,"private":0,"password":""}