{"id":"gen9nationaldexubers-1985253210","p1":"CBL LokiTG","p2":"Ffjdkssk","format":"[Gen 9] National Dex Ubers","log":"|j|\u2606CBL LokiTG\n|j|\u2606Ffjdkssk\n|t:|1699355777\n|gametype|singles\n|player|p1|CBL LokiTG|battlegirl-gen4|1057\n|player|p2|Ffjdkssk|riley|1000\n|teamsize|p1|6\n|teamsize|p2|6\n|gen|9\n|tier|[Gen 9] National Dex Ubers\n|rated|\n|rule|HP Percentage Mod: HP is shown in percentages\n|rule|Endless Battle Clause: Forcing endless battles is banned\n|rule|OHKO Clause: OHKO moves are banned\n|rule|Evasion Moves Clause: Evasion moves are banned\n|rule|Evasion Items Clause: Evasion items are banned\n|rule|Species Clause: Limit one of each Pok\u00e9mon\n|rule|Sleep Clause Mod: Limit one foe put to sleep\n|rule|Mega Rayquaza Clause: You cannot mega evolve Rayquaza\n|clearpoke\n|poke|p1|Blissey, F|\n|poke|p1|Altaria, F|\n|poke|p1|Incineroar, M|\n|poke|p1|Melmetal|\n|poke|p1|Ditto|\n|poke|p1|Indeedee, M|\n|poke|p2|Venusaur, M|\n|poke|p2|Honchkrow, M|\n|poke|p2|Blacephalon|\n|poke|p2|Orthworm, M|\n|poke|p2|Xurkitree|\n|poke|p2|Staraptor, M|\n|teampreview\n|\n|t:|1699355785\n|start\n|switch|p1a: Melmetal|Melmetal|100\/100\n|switch|p2a: Orthworm|Orthworm, M|100\/100\n|turn|1\n|\n|t:|1699355791\n|move|p2a: Orthworm|Shed Tail|p2a: Orthworm\n|-start|p2a: Orthworm|Substitute|[from] move: Shed Tail\n|-damage|p2a: Orthworm|50\/100\n|\n|t:|1699355797\n|switch|p2a: Xurkitree|Xurkitree|100\/100|[from] Shed Tail\n|-item|p2a: Xurkitree|Air Balloon\n|move|p1a: Melmetal|Superpower|p2a: Xurkitree\n|-end|p2a: Xurkitree|Substitute\n|-enditem|p2a: Xurkitree|Air Balloon\n|-unboost|p1a: Melmetal|atk|1\n|-unboost|p1a: Melmetal|def|1\n|\n|upkeep\n|turn|2\n|\n|t:|1699355809\n|move|p2a: Xurkitree|Tail Glow|p2a: Xurkitree\n|-boost|p2a: Xurkitree|spa|3\n|move|p1a: Melmetal|Earthquake|p2a: Xurkitree\n|-supereffective|p2a: Xurkitree\n|-damage|p2a: Xurkitree|13\/100\n|\n|upkeep\n|turn|3\n|\n|t:|1699355818\n|move|p2a: Xurkitree|Discharge|p1a: Melmetal\n|-damage|p1a: Melmetal|13\/100\n|move|p1a: Melmetal|Double Iron Bash|p2a: Xurkitree\n|-resisted|p2a: Xurkitree\n|-damage|p2a: Xurkitree|0 fnt\n|faint|p2a: Xurkitree\n|-hitcount|p2: Xurkitree|1\n|\n|upkeep\n|\n|t:|1699355827\n|switch|p2a: Honchkrow|Honchkrow, M|100\/100\n|turn|4\n|\n|t:|1699355835\n|switch|p1a: Incineroar|Incineroar, M|100\/100\n|-ability|p1a: Incineroar|Intimidate|boost\n|-unboost|p2a: Honchkrow|atk|1\n|move|p2a: Honchkrow|Sucker Punch||[still]\n|-fail|p2a: Honchkrow\n|\n|upkeep\n|turn|5\n|\n|t:|1699355853\n|switch|p2a: Staraptor|Staraptor, M|100\/100\n|-ability|p2a: Staraptor|Intimidate|boost\n|-unboost|p1a: Incineroar|atk|1\n|move|p1a: Incineroar|Knock Off|p2a: Staraptor\n|-damage|p2a: Staraptor|61\/100\n|-enditem|p2a: Staraptor|Life Orb|[from] move: Knock Off|[of] p1a: Incineroar\n|\n|upkeep\n|turn|6\n|\n|t:|1699355864\n|move|p2a: Staraptor|Close Combat|p1a: Incineroar\n|-supereffective|p1a: Incineroar\n|-damage|p1a: Incineroar|19\/100\n|-unboost|p2a: Staraptor|def|1\n|-unboost|p2a: Staraptor|spd|1\n|move|p1a: Incineroar|Overheat|p2a: Staraptor\n|-damage|p2a: Staraptor|0 fnt\n|-unboost|p1a: Incineroar|spa|2\n|faint|p2a: Staraptor\n|\n|upkeep\n|\n|t:|1699355878\n|switch|p2a: Honchkrow|Honchkrow, M|100\/100\n|turn|7\n|\n|t:|1699355885\n|move|p2a: Honchkrow|Drill Peck|p1a: Incineroar\n|-crit|p1a: Incineroar\n|-damage|p1a: Incineroar|0 fnt\n|faint|p1a: Incineroar\n|\n|upkeep\n|\n|t:|1699355890\n|switch|p1a: Indeedee|Indeedee, M|100\/100\n|-fieldstart|move: Psychic Terrain|[from] ability: Psychic Surge|[of] p1a: Indeedee\n|turn|8\n|\n|t:|1699355909\n|switch|p1a: Altaria|Altaria, F|100\/100\n|-ability|p1a: Altaria|Cloud Nine\n|move|p2a: Honchkrow|Sucker Punch||[still]\n|-fail|p2a: Honchkrow\n|\n|upkeep\n|turn|9\n|\n|t:|1699355918\n|move|p1a: Altaria|Will-O-Wisp|p2a: Honchkrow\n|-status|p2a: Honchkrow|brn\n|move|p2a: Honchkrow|Steel Wing|p1a: Altaria\n|-crit|p1a: Altaria\n|-damage|p1a: Altaria|87\/100\n|-damage|p2a: Honchkrow|84\/100 brn|[from] item: Rocky Helmet|[of] p1a: Altaria\n|\n|-damage|p2a: Honchkrow|78\/100 brn|[from] brn\n|upkeep\n|turn|10\n|\n|t:|1699355929\n|move|p1a: Altaria|Brave Bird|p2a: Honchkrow\n|-damage|p2a: Honchkrow|37\/100 brn\n|-damage|p1a: Altaria|72\/100|[from] Recoil\n|move|p2a: Honchkrow|Drill Peck|p1a: Altaria\n|-crit|p1a: Altaria\n|-damage|p1a: Altaria|45\/100\n|-damage|p2a: Honchkrow|21\/100 brn|[from] item: Rocky Helmet|[of] p1a: Altaria\n|\n|-damage|p2a: Honchkrow|15\/100 brn|[from] brn\n|upkeep\n|turn|11\n|\n|t:|1699355939\n|move|p1a: Altaria|Roost|p1a: Altaria\n|-heal|p1a: Altaria|95\/100\n|-singleturn|p1a: Altaria|move: Roost\n|move|p2a: Honchkrow|Drill Peck|p1a: Altaria\n|-crit|p1a: Altaria\n|-damage|p1a: Altaria|73\/100\n|-damage|p2a: Honchkrow|0 fnt|[from] item: Rocky Helmet|[of] p1a: Altaria\n|faint|p2a: Honchkrow\n|\n|upkeep\n|\n|t:|1699355949\n|switch|p2a: Blacephalon|Blacephalon|100\/100\n|turn|12\n|\n|t:|1699355959\n|move|p2a: Blacephalon|Shadow Ball|p1a: Altaria\n|-damage|p1a: Altaria|29\/100\n|move|p1a: Altaria|Brave Bird|p2a: Blacephalon\n|-damage|p2a: Blacephalon|31\/100\n|-enditem|p2a: Blacephalon|Sitrus Berry|[eat]\n|-heal|p2a: Blacephalon|56\/100|[from] item: Sitrus Berry\n|-damage|p1a: Altaria|13\/100|[from] Recoil\n|\n|-fieldend|move: Psychic Terrain\n|upkeep\n|turn|13\n|\n|t:|1699355969\n|switch|p1a: Blissey|Blissey, F|100\/100\n|move|p2a: Blacephalon|Shadow Ball|p1a: Blissey\n|-immune|p1a: Blissey\n|\n|upkeep\n|turn|14\n|\n|t:|1699355980\n|-terastallize|p2a: Blacephalon|Fire\n|move|p2a: Blacephalon|Mind Blown|p1a: Blissey\n|-damage|p1a: Blissey|57\/100\n|-damage|p2a: Blacephalon|5\/100|[from] mindblown\n|move|p1a: Blissey|Toxic|p2a: Blacephalon\n|-status|p2a: Blacephalon|tox\n|\n|-damage|p2a: Blacephalon|0 fnt|[from] psn\n|faint|p2a: Blacephalon\n|upkeep\n|\n|t:|1699355991\n|switch|p2a: Orthworm|Orthworm, M|50\/100\n|turn|15\n|\n|t:|1699355998\n|switch|p1a: Altaria|Altaria, F|13\/100\n|-ability|p1a: Altaria|Cloud Nine\n|move|p2a: Orthworm|Body Press|p1a: Altaria\n|-resisted|p1a: Altaria\n|-damage|p1a: Altaria|4\/100\n|-damage|p2a: Orthworm|34\/100|[from] item: Rocky Helmet|[of] p1a: Altaria\n|\n|-heal|p2a: Orthworm|40\/100|[from] item: Leftovers\n|upkeep\n|turn|16\n|-message|Ffjdkssk forfeited.\n|\n|win|CBL LokiTG\n|raw|CBL LokiTG's rating: 1057 &rarr; <strong>1083<\/strong><br \/>(+26 for winning)\n|raw|Ffjdkssk's rating: 1000 &rarr; <strong>1000<\/strong><br \/>(+0 for losing)\n|l|\u2606Ffjdkssk\n","uploadtime":1699356017,"views":18,"p1id":"cbllokitg","p2id":"ffjdkssk","formatid":"gen9nationaldexubers","rating":1000,"private":0,"password":""}