{"id":"gen9nationaldexubers-1994941789","p1":"IncandescentCandle","p2":"hollyxkid","format":"[Gen 9] National Dex Ubers","log":"|j|\u2606IncandescentCandle\n|j|\u2606hollyxkid\n|t:|1700506659\n|gametype|singles\n|player|p1|IncandescentCandle|iono|\n|player|p2|hollyxkid|lady|\n|teamsize|p1|6\n|teamsize|p2|6\n|gen|9\n|tier|[Gen 9] National Dex Ubers\n|rule|HP Percentage Mod: HP is shown in percentages\n|rule|Endless Battle Clause: Forcing endless battles is banned\n|rule|OHKO Clause: OHKO moves are banned\n|rule|Evasion Moves Clause: Evasion moves are banned\n|rule|Evasion Items Clause: Evasion items are banned\n|rule|Species Clause: Limit one of each Pok\u00e9mon\n|rule|Sleep Clause Mod: Limit one foe put to sleep\n|rule|Mega Rayquaza Clause: You cannot mega evolve Rayquaza\n|clearpoke\n|poke|p1|Tapu Bulu|\n|poke|p1|Blissey, F|\n|poke|p1|Corviknight, M|\n|poke|p1|Weavile, F|\n|poke|p1|Latias, F|\n|poke|p1|Skeledirge, M|\n|poke|p2|Kangaskhan, F|\n|poke|p2|Blissey, F|\n|poke|p2|Ditto|\n|poke|p2|Zoroark-Hisui, M|\n|poke|p2|Cyclizar, M|\n|poke|p2|Arceus|\n|teampreview\n|c|\u2606hollyxkid|glhf\n|c|\u2606IncandescentCandle|glhf\n|c|\u2606IncandescentCandle|dragon corv\n|c|\u2606hollyxkid|thx\n|\n|t:|1700506684\n|start\n|switch|p1a: Group Rascal|Weavile, F|100\/100\n|switch|p2a: Mama Mia :0|Kangaskhan, F|100\/100\n|turn|1\n|\n|t:|1700506690\n|switch|p1a: Shield Of Body|Corviknight, M|100\/100\n|-ability|p1a: Shield Of Body|Pressure\n|move|p2a: Mama Mia :0|Fake Out|p1a: Shield Of Body\n|-resisted|p1a: Shield Of Body\n|-damage|p1a: Shield Of Body|95\/100\n|-damage|p2a: Mama Mia :0|84\/100|[from] item: Rocky Helmet|[of] p1a: Shield Of Body\n|\n|upkeep\n|turn|2\n|\n|t:|1700506705\n|switch|p2a: do it again|Cyclizar, M|100\/100\n|move|p1a: Shield Of Body|U-turn|p2a: do it again\n|-damage|p2a: do it again|80\/100\n|\n|t:|1700506710\n|switch|p1a: Group Rascal|Weavile, F|100\/100|[from] U-turn\n|\n|upkeep\n|turn|3\n|\n|t:|1700506722\n|switch|p2a: still matt|Ditto|100\/100\n|-transform|p2a: still matt|p1a: Group Rascal|[from] ability: Imposter\n|move|p1a: Group Rascal|Triple Axel|p2a: still matt\n|-resisted|p2a: still matt\n|-crit|p2a: still matt\n|-damage|p2a: still matt|88\/100\n|-resisted|p2a: still matt\n|-damage|p2a: still matt|72\/100\n|-resisted|p2a: still matt\n|-damage|p2a: still matt|46\/100\n|-hitcount|p2a: still matt|3\n|\n|upkeep\n|turn|4\n|\n|t:|1700506735\n|switch|p1a: Funeral March In D|Skeledirge, M|100\/100\n|move|p2a: still matt|Triple Axel|p1a: Funeral March In D\n|-resisted|p1a: Funeral March In D\n|-damage|p1a: Funeral March In D|97\/100\n|-resisted|p1a: Funeral March In D\n|-damage|p1a: Funeral March In D|92\/100\n|-resisted|p1a: Funeral March In D\n|-damage|p1a: Funeral March In D|82\/100\n|-hitcount|p1a: Funeral March In D|3\n|\n|-heal|p1a: Funeral March In D|88\/100|[from] item: Leftovers\n|upkeep\n|turn|5\n|\n|t:|1700506744\n|switch|p2a: Mama Mia :0|Kangaskhan, F|84\/100\n|move|p1a: Funeral March In D|Torch Song|p2a: Mama Mia :0\n|-damage|p2a: Mama Mia :0|47\/100\n|-boost|p1a: Funeral March In D|spa|1\n|\n|-heal|p1a: Funeral March In D|94\/100|[from] item: Leftovers\n|upkeep\n|turn|6\n|\n|t:|1700506749\n|switch|p1a: Shield Of Body|Corviknight, M|95\/100\n|-ability|p1a: Shield Of Body|Pressure\n|move|p2a: Mama Mia :0|Crunch|p1a: Shield Of Body\n|-damage|p1a: Shield Of Body|82\/100\n|-damage|p2a: Mama Mia :0|30\/100|[from] item: Rocky Helmet|[of] p1a: Shield Of Body\n|\n|upkeep\n|turn|7\n|\n|t:|1700506765\n|switch|p2a: Bessie|Blissey, F|100\/100\n|move|p1a: Shield Of Body|U-turn|p2a: Bessie\n|-damage|p2a: Bessie|89\/100\n|\n|t:|1700506775\n|switch|p1a: Eon Guardian|Latias, F|100\/100|[from] U-turn\n|\n|upkeep\n|turn|8\n|\n|t:|1700506778\n|detailschange|p1a: Eon Guardian|Latias-Mega, F\n|-mega|p1a: Eon Guardian|Latias|Latiasite\n|move|p1a: Eon Guardian|Psyshock|p2a: Bessie\n|-damage|p2a: Bessie|51\/100\n|move|p2a: Bessie|Stealth Rock|p1a: Eon Guardian\n|-sidestart|p1: IncandescentCandle|move: Stealth Rock\n|\n|upkeep\n|turn|9\n|\n|t:|1700506784\n|move|p1a: Eon Guardian|Psyshock|p2a: Bessie\n|-damage|p2a: Bessie|16\/100\n|move|p2a: Bessie|Wish|p2a: Bessie\n|\n|upkeep\n|turn|10\n|\n|t:|1700506790\n|switch|p2a: still matt|Ditto|46\/100\n|-transform|p2a: still matt|p1a: Eon Guardian|[from] ability: Imposter\n|move|p1a: Eon Guardian|Draco Meteor|p2a: still matt\n|-supereffective|p2a: still matt\n|-damage|p2a: still matt|0 fnt\n|-unboost|p1a: Eon Guardian|spa|2\n|faint|p2a: still matt\n|\n|upkeep\n|c|\u2606IncandescentCandle|nuh uh\n|\n|t:|1700506801\n|switch|p2a: Mama Mia :0|Kangaskhan, F|30\/100\n|turn|11\n|\n|t:|1700506805\n|switch|p1a: Shield Of Body|Corviknight, M|82\/100\n|-damage|p1a: Shield Of Body|69\/100|[from] Stealth Rock\n|-ability|p1a: Shield Of Body|Pressure\n|move|p2a: Mama Mia :0|Power-Up Punch|p1a: Shield Of Body\n|-damage|p1a: Shield Of Body|62\/100\n|-boost|p2a: Mama Mia :0|atk|1\n|-damage|p2a: Mama Mia :0|14\/100|[from] item: Rocky Helmet|[of] p1a: Shield Of Body\n|\n|upkeep\n|turn|12\n|\n|t:|1700506814\n|detailschange|p2a: Mama Mia :0|Kangaskhan-Mega, F\n|-mega|p2a: Mama Mia :0|Kangaskhan|Kangaskhanite\n|move|p2a: Mama Mia :0|Return|p1a: Shield Of Body\n|-resisted|p1a: Shield Of Body\n|-damage|p1a: Shield Of Body|41\/100\n|-damage|p2a: Mama Mia :0|0 fnt|[from] item: Rocky Helmet|[of] p1a: Shield Of Body\n|faint|p2a: Mama Mia :0\n|-hitcount|p1a: Shield Of Body|1\n|move|p1a: Shield Of Body|Defog|p2: Mama Mia :0|[notarget]\n|-fail|p1a: Shield Of Body\n|\n|upkeep\n|\n|t:|1700506827\n|switch|p2a: Gab|Arceus|100\/100\n|turn|13\n|\n|t:|1700506831\n|switch|p1a: Fight The Swarm|Tapu Bulu|100\/100\n|-damage|p1a: Fight The Swarm|88\/100|[from] Stealth Rock\n|-fieldstart|move: Grassy Terrain|[from] ability: Grassy Surge|[of] p1a: Fight The Swarm\n|move|p2a: Gab|Trick|p1a: Fight The Swarm\n|-activate|p2a: Gab|move: Trick|[of] p1a: Fight The Swarm\n|-item|p1a: Fight The Swarm|Choice Specs|[from] move: Trick\n|-item|p2a: Gab|Leftovers|[from] move: Trick\n|\n|-heal|p1a: Fight The Swarm|94\/100|[from] Grassy Terrain\n|upkeep\n|turn|14\n|\n|t:|1700506847\n|switch|p2a: do it again|Cyclizar, M|100\/100\n|move|p1a: Fight The Swarm|Darkest Lariat|p2a: do it again\n|-damage|p2a: do it again|67\/100\n|\n|-heal|p2a: do it again|73\/100|[from] Grassy Terrain\n|-heal|p1a: Fight The Swarm|99\/100|[from] Grassy Terrain\n|upkeep\n|turn|15\n|\n|t:|1700506855\n|move|p2a: do it again|Shed Tail|p2a: do it again\n|-start|p2a: do it again|Substitute|[from] move: Shed Tail\n|-damage|p2a: do it again|23\/100\n|\n|t:|1700506859\n|switch|p2a: Gab|Arceus|100\/100|[from] Shed Tail\n|move|p1a: Fight The Swarm|Darkest Lariat|p2a: Gab\n|-crit|p2a: Gab\n|-end|p2a: Gab|Substitute\n|\n|-heal|p1a: Fight The Swarm|100\/100|[from] Grassy Terrain\n|upkeep\n|turn|16\n|\n|t:|1700506870\n|switch|p2a: Bessie|Blissey, F|16\/100\n|switch|p1a: Funeral March In D|Skeledirge, M|94\/100\n|-damage|p1a: Funeral March In D|69\/100|[from] Stealth Rock\n|\n|-heal|p1a: Funeral March In D|75\/100|[from] Grassy Terrain\n|-heal|p1a: Funeral March In D|81\/100|[from] item: Leftovers\n|-heal|p2a: Bessie|22\/100|[from] Grassy Terrain\n|upkeep\n|turn|17\n|\n|t:|1700506877\n|switch|p1a: Shield Of Body|Corviknight, M|41\/100\n|-damage|p1a: Shield Of Body|29\/100|[from] Stealth Rock\n|-ability|p1a: Shield Of Body|Pressure\n|move|p2a: Bessie|Toxic|p1a: Shield Of Body\n|-immune|p1a: Shield Of Body\n|\n|-heal|p2a: Bessie|28\/100|[from] Grassy Terrain\n|-fieldend|move: Grassy Terrain\n|upkeep\n|turn|18\n|\n|t:|1700506881\n|move|p1a: Shield Of Body|Roost|p1a: Shield Of Body\n|-heal|p1a: Shield Of Body|79\/100\n|-singleturn|p1a: Shield Of Body|move: Roost\n|move|p2a: Bessie|Wish|p2a: Bessie\n|\n|upkeep\n|turn|19\n|\n|t:|1700506886\n|switch|p2a: do it again|Cyclizar, M|56\/100\n|move|p1a: Shield Of Body|Body Press|p2a: do it again\n|-supereffective|p2a: do it again\n|-damage|p2a: do it again|0 fnt\n|faint|p2a: do it again\n|\n|upkeep\n|\n|t:|1700506891\n|switch|p2a: Bessie|Blissey, F|100\/100\n|turn|20\n|\n|t:|1700506896\n|switch|p1a: Shield Of Mind|Blissey, F|100\/100\n|-damage|p1a: Shield Of Mind|88\/100|[from] Stealth Rock\n|move|p2a: Bessie|Shadow Ball|p1a: Shield Of Mind\n|-immune|p1a: Shield Of Mind\n|\n|upkeep\n|turn|21\n|\n|t:|1700506909\n|switch|p2a: Bessie|Blissey, F|28\/100\n|move|p1a: Shield Of Mind|Seismic Toss|p2a: Bessie\n|-damage|p2a: Bessie|14\/100\n|\n|upkeep\n|turn|22\n|\n|t:|1700506915\n|move|p2a: Bessie|Wish|p2a: Bessie\n|move|p1a: Shield Of Mind|Seismic Toss|p2a: Bessie\n|-damage|p2a: Bessie|0 fnt\n|faint|p2a: Bessie\n|\n|upkeep\n|\n|t:|1700506923\n|switch|p2a: Gab|Arceus|100\/100\n|turn|23\n|\n|t:|1700506926\n|switch|p1a: Fight The Swarm|Tapu Bulu|100\/100\n|-damage|p1a: Fight The Swarm|88\/100|[from] Stealth Rock\n|-fieldstart|move: Grassy Terrain|[from] ability: Grassy Surge|[of] p1a: Fight The Swarm\n|move|p2a: Gab|Focus Blast|p1a: Fight The Swarm\n|-resisted|p1a: Fight The Swarm\n|-damage|p1a: Fight The Swarm|68\/100\n|\n|-heal|p1a: Fight The Swarm|74\/100|[from] Grassy Terrain\n|upkeep\n|turn|24\n|\n|t:|1700506930\n|move|p2a: Gab|Shadow Ball|p1a: Fight The Swarm\n|-damage|p1a: Fight The Swarm|35\/100\n|move|p1a: Fight The Swarm|Darkest Lariat|p2a: Gab\n|-supereffective|p2a: Gab\n|-damage|p2a: Gab|2\/100\n|replace|p2a: Jorge|Zoroark-Hisui, M\n|-end|p2a: Jorge|Illusion\n|\n|-heal|p2a: Jorge|8\/100|[from] Grassy Terrain\n|-heal|p2a: Jorge|14\/100|[from] item: Leftovers\n|-heal|p1a: Fight The Swarm|41\/100|[from] Grassy Terrain\n|upkeep\n|turn|25\n|\n|t:|1700506935\n|move|p2a: Jorge|Shadow Ball|p1a: Fight The Swarm\n|-damage|p1a: Fight The Swarm|0 fnt\n|faint|p1a: Fight The Swarm\n|\n|-heal|p2a: Jorge|20\/100|[from] Grassy Terrain\n|-heal|p2a: Jorge|26\/100|[from] item: Leftovers\n|upkeep\n|\n|t:|1700506937\n|switch|p1a: Group Rascal|Weavile, F|100\/100\n|-damage|p1a: Group Rascal|76\/100|[from] Stealth Rock\n|turn|26\n|\n|t:|1700506940\n|move|p1a: Group Rascal|Triple Axel|p2a: Jorge\n|-damage|p2a: Jorge|4\/100\n|-damage|p2a: Jorge|0 fnt\n|faint|p2a: Jorge\n|-hitcount|p2: Jorge|2\n|\n|-heal|p1a: Group Rascal|82\/100|[from] Grassy Terrain\n|upkeep\n|\n|t:|1700506943\n|switch|p2a: Gab|Arceus|100\/100\n|turn|27\n|\n|t:|1700506948\n|move|p1a: Group Rascal|Triple Axel|p2a: Gab\n|-damage|p2a: Gab|93\/100\n|-damage|p2a: Gab|76\/100\n|-damage|p2a: Gab|54\/100\n|-hitcount|p2a: Gab|3\n|move|p2a: Gab|Swords Dance|p2a: Gab\n|-boost|p2a: Gab|atk|2\n|\n|-heal|p1a: Group Rascal|88\/100|[from] Grassy Terrain\n|-heal|p2a: Gab|60\/100|[from] Grassy Terrain\n|-heal|p2a: Gab|66\/100|[from] item: Leftovers\n|-fieldend|move: Grassy Terrain\n|upkeep\n|turn|28\n|\n|t:|1700506956\n|move|p1a: Group Rascal|Triple Axel|p2a: Gab\n|-damage|p2a: Gab|58\/100\n|-damage|p2a: Gab|42\/100\n|-damage|p2a: Gab|18\/100\n|-hitcount|p2a: Gab|3\n|move|p2a: Gab|Recover|p2a: Gab\n|-heal|p2a: Gab|68\/100\n|\n|-heal|p2a: Gab|75\/100|[from] item: Leftovers\n|upkeep\n|turn|29\n|\n|t:|1700506964\n|move|p2a: Gab|Extreme Speed|p1a: Group Rascal\n|-enditem|p1a: Group Rascal|Chilan Berry|[eat]\n|-enditem|p1a: Group Rascal|Chilan Berry|[weaken]\n|-damage|p1a: Group Rascal|19\/100\n|-enditem|p2a: Gab|Leftovers|[silent]|[from] ability: Pickpocket|[of] p2a: Gab\n|-item|p1a: Group Rascal|Leftovers|[from] ability: Pickpocket|[of] p2a: Gab\n|move|p1a: Group Rascal|Triple Axel|p2a: Gab\n|-damage|p2a: Gab|67\/100\n|-damage|p2a: Gab|51\/100\n|-damage|p2a: Gab|28\/100\n|-hitcount|p2a: Gab|3\n|\n|-heal|p1a: Group Rascal|25\/100|[from] item: Leftovers\n|upkeep\n|turn|30\n|c|\u2606IncandescentCandle|my lefties\n|\n|t:|1700506972\n|move|p2a: Gab|Extreme Speed|p1a: Group Rascal\n|-damage|p1a: Group Rascal|0 fnt\n|faint|p1a: Group Rascal\n|\n|upkeep\n|\n|t:|1700506975\n|switch|p1a: Funeral March In D|Skeledirge, M|81\/100\n|-damage|p1a: Funeral March In D|56\/100|[from] Stealth Rock\n|turn|31\n|\n|t:|1700506978\n|move|p2a: Gab|Recover|p2a: Gab\n|-heal|p2a: Gab|78\/100\n|move|p1a: Funeral March In D|Will-O-Wisp|p2a: Gab|[miss]\n|-miss|p1a: Funeral March In D|p2a: Gab\n|\n|-heal|p1a: Funeral March In D|62\/100|[from] item: Leftovers\n|upkeep\n|turn|32\n|\n|t:|1700506982\n|move|p2a: Gab|Earthquake|p1a: Funeral March In D\n|-supereffective|p1a: Funeral March In D\n|-damage|p1a: Funeral March In D|24\/100\n|move|p1a: Funeral March In D|Will-O-Wisp|p2a: Gab\n|-status|p2a: Gab|brn\n|\n|-heal|p1a: Funeral March In D|30\/100|[from] item: Leftovers\n|-damage|p2a: Gab|72\/100 brn|[from] brn\n|upkeep\n|turn|33\n|\n|t:|1700506985\n|move|p2a: Gab|Earthquake|p1a: Funeral March In D\n|-supereffective|p1a: Funeral March In D\n|-damage|p1a: Funeral March In D|10\/100\n|move|p1a: Funeral March In D|Slack Off|p1a: Funeral March In D\n|-heal|p1a: Funeral March In D|60\/100\n|\n|-heal|p1a: Funeral March In D|66\/100|[from] item: Leftovers\n|-damage|p2a: Gab|66\/100 brn|[from] brn\n|upkeep\n|turn|34\n|\n|t:|1700506988\n|move|p2a: Gab|Earthquake|p1a: Funeral March In D\n|-supereffective|p1a: Funeral March In D\n|-damage|p1a: Funeral March In D|46\/100\n|move|p1a: Funeral March In D|Slack Off|p1a: Funeral March In D\n|-heal|p1a: Funeral March In D|96\/100\n|\n|-heal|p1a: Funeral March In D|100\/100|[from] item: Leftovers\n|-damage|p2a: Gab|60\/100 brn|[from] brn\n|upkeep\n|turn|35\n|c|\u2606IncandescentCandle|gg\n|\n|t:|1700506994\n|move|p2a: Gab|Earthquake|p1a: Funeral March In D\n|-supereffective|p1a: Funeral March In D\n|-damage|p1a: Funeral March In D|82\/100\n|move|p1a: Funeral March In D|Torch Song|p2a: Gab\n|-crit|p2a: Gab\n|-damage|p2a: Gab|25\/100 brn\n|-boost|p1a: Funeral March In D|spa|1\n|\n|-heal|p1a: Funeral March In D|88\/100|[from] item: Leftovers\n|-damage|p2a: Gab|19\/100 brn|[from] brn\n|upkeep\n|turn|36\n|\n|t:|1700506998\n|move|p2a: Gab|Earthquake|p1a: Funeral March In D\n|-supereffective|p1a: Funeral March In D\n|-damage|p1a: Funeral March In D|69\/100\n|move|p1a: Funeral March In D|Torch Song|p2a: Gab\n|-damage|p2a: Gab|0 fnt\n|-boost|p1a: Funeral March In D|spa|1\n|faint|p2a: Gab\n|\n|win|IncandescentCandle\n|c|\u2606hollyxkid|gg\n","uploadtime":1700507003,"views":3,"p1id":"incandescentcandle","p2id":"hollyxkid","formatid":"gen9nationaldexubers","rating":0,"private":0,"password":""}