{"id":"gen9nationaldexubers-1985043720","p1":"japue","p2":"aguinaldo124","format":"[Gen 9] National Dex Ubers","log":"|j|\u2606japue\n|j|\u2606aguinaldo124\n|t:|1699324026\n|gametype|singles\n|player|p1|japue|cynthia|1240\n|player|p2|aguinaldo124|bruno|1239\n|teamsize|p1|6\n|teamsize|p2|6\n|gen|9\n|tier|[Gen 9] National Dex Ubers\n|rated|\n|rule|HP Percentage Mod: HP is shown in percentages\n|rule|Endless Battle Clause: Forcing endless battles is banned\n|rule|OHKO Clause: OHKO moves are banned\n|rule|Evasion Moves Clause: Evasion moves are banned\n|rule|Evasion Items Clause: Evasion items are banned\n|rule|Species Clause: Limit one of each Pok\u00e9mon\n|rule|Sleep Clause Mod: Limit one foe put to sleep\n|rule|Mega Rayquaza Clause: You cannot mega evolve Rayquaza\n|clearpoke\n|poke|p1|Tapu Lele|\n|poke|p1|Alakazam, F|\n|poke|p1|Sneasler, F|\n|poke|p1|Great Tusk|\n|poke|p1|Necrozma-Dusk-Mane|\n|poke|p1|Ditto|\n|poke|p2|Pelipper, M|\n|poke|p2|Talonflame, M|\n|poke|p2|Drednaw, M|\n|poke|p2|Goodra, F|\n|poke|p2|Overqwil, M|\n|poke|p2|Floatzel, F|\n|teampreview\n|inactive|Battle timer is ON: inactive players will automatically lose when time's up. (requested by japue)\n|inactive|aguinaldo124 also wants the timer to be on.\n|\n|t:|1699324036\n|start\n|switch|p1a: Tapu Lele|Tapu Lele|100\/100\n|switch|p2a: Pelipper|Pelipper, M|100\/100\n|-fieldstart|move: Psychic Terrain|[from] ability: Psychic Surge|[of] p1a: Tapu Lele\n|-weather|RainDance|[from] ability: Drizzle|[of] p2a: Pelipper\n|turn|1\n|\n|t:|1699324057\n|switch|p2a: Overqwil|Overqwil, M|100\/100\n|move|p1a: Tapu Lele|Future Sight|p2a: Overqwil\n|-start|p1a: Tapu Lele|move: Future Sight\n|\n|-weather|RainDance|[upkeep]\n|upkeep\n|turn|2\n|\n|t:|1699324066\n|switch|p1a: Ditto|Ditto|100\/100\n|-transform|p1a: Ditto|p2a: Overqwil|[from] ability: Imposter\n|move|p2a: Overqwil|Fell Stinger|p1a: Ditto\n|-damage|p1a: Ditto|78\/100\n|\n|-weather|RainDance|[upkeep]\n|upkeep\n|turn|3\n|\n|t:|1699324079\n|move|p1a: Ditto|Liquidation|p2a: Overqwil\n|-damage|p2a: Overqwil|48\/100\n|move|p2a: Overqwil|Liquidation|p1a: Ditto\n|-damage|p1a: Ditto|24\/100\n|\n|-weather|RainDance|[upkeep]\n|-end|p2a: Overqwil|move: Future Sight\n|-immune|p2a: Overqwil\n|-heal|p2a: Overqwil|54\/100|[from] item: Leftovers\n|upkeep\n|turn|4\n|\n|t:|1699324091\n|move|p1a: Ditto|Liquidation|p2a: Overqwil\n|-damage|p2a: Overqwil|4\/100\n|move|p2a: Overqwil|Liquidation|p1a: Ditto\n|-damage|p1a: Ditto|0 fnt\n|faint|p1a: Ditto\n|\n|-weather|RainDance|[upkeep]\n|-heal|p2a: Overqwil|10\/100|[from] item: Leftovers\n|upkeep\n|\n|t:|1699324105\n|switch|p1a: Sneasler|Sneasler, F|100\/100\n|-enditem|p1a: Sneasler|Psychic Seed\n|-boost|p1a: Sneasler|spd|1|[from] item: Psychic Seed\n|turn|5\n|\n|t:|1699324111\n|move|p1a: Sneasler|Acrobatics|p2a: Overqwil\n|-damage|p2a: Overqwil|0 fnt\n|faint|p2a: Overqwil\n|\n|-weather|RainDance|[upkeep]\n|upkeep\n|\n|t:|1699324120\n|switch|p2a: Floatzel|Floatzel, F|100\/100\n|turn|6\n|\n|t:|1699324130\n|-terastallize|p1a: Sneasler|Fighting\n|move|p1a: Sneasler|Close Combat|p2a: Floatzel\n|-damage|p2a: Floatzel|0 fnt\n|-unboost|p1a: Sneasler|def|1\n|-unboost|p1a: Sneasler|spd|1\n|faint|p2a: Floatzel\n|\n|-weather|RainDance|[upkeep]\n|upkeep\n|\n|t:|1699324141\n|switch|p2a: Talonflame|Talonflame, M|100\/100\n|turn|7\n|\n|t:|1699324146\n|move|p2a: Talonflame|Hurricane|p1a: Sneasler\n|-activate|p1a: Sneasler|move: Psychic Terrain\n|move|p1a: Sneasler|Dire Claw|p2a: Talonflame\n|-damage|p2a: Talonflame|41\/100\n|\n|-weather|RainDance|[upkeep]\n|upkeep\n|turn|8\n|\n|t:|1699324155\n|switch|p2a: Drednaw|Drednaw, M|100\/100\n|move|p1a: Sneasler|Dire Claw|p2a: Drednaw\n|-resisted|p2a: Drednaw\n|-damage|p2a: Drednaw|77\/100\n|\n|-weather|none\n|-fieldend|move: Psychic Terrain\n|upkeep\n|turn|9\n|\n|t:|1699324165\n|switch|p2a: Pelipper|Pelipper, M|100\/100\n|-weather|RainDance|[from] ability: Drizzle|[of] p2a: Pelipper\n|move|p1a: Sneasler|Close Combat|p2a: Pelipper\n|-resisted|p2a: Pelipper\n|-crit|p2a: Pelipper\n|-damage|p2a: Pelipper|55\/100\n|-unboost|p1a: Sneasler|def|1\n|-unboost|p1a: Sneasler|spd|1\n|\n|-weather|RainDance|[upkeep]\n|upkeep\n|turn|10\n|\n|t:|1699324178\n|move|p1a: Sneasler|Dire Claw|p2a: Pelipper\n|-damage|p2a: Pelipper|25\/100\n|move|p2a: Pelipper|Hurricane|p1a: Sneasler\n|-supereffective|p1a: Sneasler\n|-damage|p1a: Sneasler|0 fnt\n|faint|p1a: Sneasler\n|\n|-weather|RainDance|[upkeep]\n|upkeep\n|\n|t:|1699324184\n|switch|p1a: Tapu Lele|Tapu Lele|100\/100\n|-fieldstart|move: Psychic Terrain|[from] ability: Psychic Surge|[of] p1a: Tapu Lele\n|turn|11\n|\n|t:|1699324192\n|switch|p2a: Goodra|Goodra, F|100\/100\n|move|p1a: Tapu Lele|Future Sight|p2a: Goodra\n|-start|p1a: Tapu Lele|move: Future Sight\n|\n|-weather|RainDance|[upkeep]\n|upkeep\n|turn|12\n|\n|t:|1699324200\n|move|p1a: Tapu Lele|Moonblast|p2a: Goodra\n|-supereffective|p2a: Goodra\n|-damage|p2a: Goodra|42\/100\n|move|p2a: Goodra|Weather Ball|p1a: Tapu Lele\n|-damage|p1a: Tapu Lele|50\/100\n|\n|-weather|RainDance|[upkeep]\n|-heal|p2a: Goodra|48\/100|[from] item: Leftovers\n|upkeep\n|turn|13\n|\n|t:|1699324212\n|switch|p1a: Necrozma|Necrozma-Dusk-Mane|100\/100\n|move|p2a: Goodra|Weather Ball|p1a: Necrozma\n|-damage|p1a: Necrozma|68\/100\n|\n|-weather|RainDance|[upkeep]\n|-end|p2a: Goodra|move: Future Sight\n|-damage|p2a: Goodra|5\/100\n|-heal|p2a: Goodra|12\/100|[from] item: Leftovers\n|-heal|p1a: Necrozma|74\/100|[from] item: Leftovers\n|upkeep\n|turn|14\n|\n|t:|1699324226\n|move|p2a: Goodra|Thunder|p1a: Necrozma\n|-damage|p1a: Necrozma|53\/100\n|move|p1a: Necrozma|Sunsteel Strike|p2a: Goodra\n|-damage|p2a: Goodra|0 fnt\n|faint|p2a: Goodra\n|\n|-weather|RainDance|[upkeep]\n|-heal|p1a: Necrozma|59\/100|[from] item: Leftovers\n|upkeep\n|\n|t:|1699324238\n|switch|p2a: Drednaw|Drednaw, M|77\/100\n|turn|15\n|\n|t:|1699324242\n|move|p2a: Drednaw|Shell Smash|p2a: Drednaw\n|-unboost|p2a: Drednaw|def|1\n|-unboost|p2a: Drednaw|spd|1\n|-boost|p2a: Drednaw|atk|2\n|-boost|p2a: Drednaw|spa|2\n|-boost|p2a: Drednaw|spe|2\n|-enditem|p2a: Drednaw|White Herb\n|-clearnegativeboost|p2a: Drednaw|[silent]\n|move|p1a: Necrozma|Sunsteel Strike|p2a: Drednaw\n|-damage|p2a: Drednaw|17\/100\n|\n|-weather|RainDance|[upkeep]\n|-heal|p1a: Necrozma|65\/100|[from] item: Leftovers\n|upkeep\n|turn|16\n|\n|t:|1699324257\n|move|p2a: Drednaw|Liquidation|p1a: Necrozma\n|-damage|p1a: Necrozma|0 fnt\n|faint|p1a: Necrozma\n|\n|-weather|none\n|upkeep\n|\n|t:|1699324263\n|switch|p1a: Alakazam|Alakazam, F|100\/100\n|turn|17\n|\n|t:|1699324269\n|detailschange|p1a: Alakazam|Alakazam-Mega, F\n|-mega|p1a: Alakazam|Alakazam|Alakazite\n|-ability|p1a: Alakazam|Strong Jaw|[from] ability: Trace|[of] p2a: Drednaw\n|move|p2a: Drednaw|Ice Spinner|p1a: Alakazam\n|-damage|p1a: Alakazam|0 fnt\n|-fieldend|move: Psychic Terrain\n|faint|p1a: Alakazam\n|\n|upkeep\n|-message|japue forfeited.\n|\n|win|aguinaldo124\n|raw|japue's rating: 1240 &rarr; <strong>1215<\/strong><br \/>(-25 for losing)\n|raw|aguinaldo124's rating: 1239 &rarr; <strong>1264<\/strong><br \/>(+25 for winning)\n|l|\u2606japue\n|c|\u2606aguinaldo124|Lol gg\n","uploadtime":1699324291,"views":6,"p1id":"japue","p2id":"aguinaldo124","formatid":"gen9nationaldexubers","rating":1215,"private":0,"password":""}