{"id":"gen9nationaldexubers-1991406241","p1":"talalcht","p2":"Papasfritas 12345","format":"[Gen 9] National Dex Ubers","log":"|j|\u2606talalcht\n|j|\u2606Papasfritas 12345\n|t:|1700074424\n|gametype|singles\n|player|p1|talalcht|palmer|\n|player|p2|Papasfritas 12345|riley|\n|teamsize|p1|6\n|teamsize|p2|6\n|gen|9\n|tier|[Gen 9] National Dex Ubers\n|rule|HP Percentage Mod: HP is shown in percentages\n|rule|Endless Battle Clause: Forcing endless battles is banned\n|rule|OHKO Clause: OHKO moves are banned\n|rule|Evasion Moves Clause: Evasion moves are banned\n|rule|Evasion Items Clause: Evasion items are banned\n|rule|Species Clause: Limit one of each Pok\u00e9mon\n|rule|Sleep Clause Mod: Limit one foe put to sleep\n|rule|Mega Rayquaza Clause: You cannot mega evolve Rayquaza\n|clearpoke\n|poke|p1|Samurott-Hisui, M|\n|poke|p1|Lopunny, F|\n|poke|p1|Dragonite, M|\n|poke|p1|Volcarona, F|\n|poke|p1|Gholdengo|\n|poke|p1|Clodsire, F|\n|poke|p2|Incineroar, F|\n|poke|p2|Aegislash, M|\n|poke|p2|Gastrodon-East, M|\n|poke|p2|Togekiss, F|\n|poke|p2|Gallade, M|\n|poke|p2|Zapdos|\n|teampreview\n|inactive|Battle timer is ON: inactive players will automatically lose when time's up. (requested by talalcht)\n|\n|t:|1700074440\n|start\n|switch|p1a: Daigo\ud83e\udd86|Dragonite, M|100\/100\n|switch|p2a: Togebeso|Togekiss, F|100\/100\n|turn|1\n|\n|t:|1700074450\n|switch|p1a: Rebecca\ud83d\ude0d|Lopunny, F, shiny|100\/100\n|move|p2a: Togebeso|Trick||[still]\n|-fail|p2a: Togebeso\n|\n|upkeep\n|turn|2\n|\n|t:|1700074464\n|switch|p2a: Zaptwo|Zapdos|100\/100\n|-ability|p2a: Zaptwo|Pressure\n|move|p1a: Rebecca\ud83d\ude0d|Encore||[still]\n|-fail|p1a: Rebecca\ud83d\ude0d\n|\n|upkeep\n|turn|3\n|c|\u2606Papasfritas 12345|Por qu\u00e9 Rebecca tiene una cara de enamorado en su nombre\n|\n|t:|1700074491\n|detailschange|p1a: Rebecca\ud83d\ude0d|Lopunny-Mega, F, shiny\n|-mega|p1a: Rebecca\ud83d\ude0d|Lopunny|Lopunnite\n|move|p1a: Rebecca\ud83d\ude0d|Return|p2a: Zaptwo\n|-damage|p2a: Zaptwo|39\/100\n|move|p2a: Zaptwo|Thunderbolt|p1a: Rebecca\ud83d\ude0d\n|-damage|p1a: Rebecca\ud83d\ude0d|31\/100\n|\n|upkeep\n|turn|4\n|c|\u2606talalcht|As\u00ed le puso el\n|\n|t:|1700074506\n|switch|p1a: Sure\ud83e\udd96|Clodsire, F|100\/100\n|switch|p2a: Edgar partinus|Aegislash, M|100\/100\n|\n|upkeep\n|turn|5\n|inactive|Papasfritas 12345 has 270 seconds left.\n|\n|t:|1700074524\n|-zpower|p2a: Edgar partinus\n|-formechange|p2a: Edgar partinus|Aegislash-Blade||[from] ability: Stance Change\n|move|p2a: Edgar partinus|Corkscrew Crash|p1a: Sure\ud83e\udd96|[zeffect]\n|-damage|p1a: Sure\ud83e\udd96|0 fnt\n|faint|p1a: Sure\ud83e\udd96\n|\n|upkeep\n|\n|t:|1700074537\n|switch|p1a: Rebecca\ud83d\ude0d|Lopunny-Mega, F, shiny|31\/100\n|turn|6\n|\n|t:|1700074544\n|-formechange|p2a: Edgar partinus|Aegislash||[from] ability: Stance Change\n|move|p2a: Edgar partinus|King's Shield|p2a: Edgar partinus\n|-singleturn|p2a: Edgar partinus|Protect\n|move|p1a: Rebecca\ud83d\ude0d|Fake Out|p2a: Edgar partinus\n|-activate|p2a: Edgar partinus|move: Protect\n|-unboost|p1a: Rebecca\ud83d\ude0d|atk|1\n|\n|upkeep\n|turn|7\n|\n|t:|1700074557\n|move|p1a: Rebecca\ud83d\ude0d|Encore|p2a: Edgar partinus\n|-start|p2a: Edgar partinus|Encore\n|move|p2a: Edgar partinus|King's Shield||[still]\n|-fail|p2a: Edgar partinus\n|\n|upkeep\n|turn|8\n|inactive|Papasfritas 12345 has 270 seconds left.\n|\n|t:|1700074583\n|switch|p1a: Daigo\ud83e\udd86|Dragonite, M|100\/100\n|switch|p2a: Zaptwo|Zapdos|39\/100\n|-ability|p2a: Zaptwo|Pressure\n|\n|upkeep\n|turn|9\n|inactive|Papasfritas 12345 has 270 seconds left.\n|\n|t:|1700074599\n|-terastallize|p1a: Daigo\ud83e\udd86|Normal\n|move|p1a: Daigo\ud83e\udd86|Dragon Dance|p1a: Daigo\ud83e\udd86\n|-boost|p1a: Daigo\ud83e\udd86|atk|1\n|-boost|p1a: Daigo\ud83e\udd86|spe|1\n|move|p2a: Zaptwo|Thunderbolt|p1a: Daigo\ud83e\udd86\n|-damage|p1a: Daigo\ud83e\udd86|73\/100\n|\n|upkeep\n|turn|10\n|\n|t:|1700074609\n|move|p1a: Daigo\ud83e\udd86|Extreme Speed|p2a: Zaptwo\n|-damage|p2a: Zaptwo|0 fnt\n|faint|p2a: Zaptwo\n|\n|upkeep\n|\n|t:|1700074615\n|switch|p2a: Togebeso|Togekiss, F|100\/100\n|turn|11\n|\n|t:|1700074624\n|move|p1a: Daigo\ud83e\udd86|Extreme Speed|p2a: Togebeso\n|-damage|p2a: Togebeso|32\/100\n|move|p2a: Togebeso|Trick|p1a: Daigo\ud83e\udd86\n|-activate|p2a: Togebeso|move: Trick|[of] p1a: Daigo\ud83e\udd86\n|-item|p1a: Daigo\ud83e\udd86|Choice Scarf|[from] move: Trick\n|-item|p2a: Togebeso|Heavy-Duty Boots|[from] move: Trick\n|\n|upkeep\n|turn|12\n|\n|t:|1700074647\n|switch|p1a: Sol\u2600|Volcarona, F|100\/100\n|switch|p2a: Edgar partinus|Aegislash, M|100\/100\n|\n|upkeep\n|turn|13\n|inactive|Papasfritas 12345 has 270 seconds left.\n|\n|t:|1700074681\n|switch|p2a: Babosa|Gastrodon-East, M|100\/100\n|move|p1a: Sol\u2600|Quiver Dance|p1a: Sol\u2600\n|-boost|p1a: Sol\u2600|spa|1\n|-boost|p1a: Sol\u2600|spd|1\n|-boost|p1a: Sol\u2600|spe|1\n|\n|upkeep\n|turn|14\n|inactive|Papasfritas 12345 has 270 seconds left.\n|\n|t:|1700074694\n|move|p1a: Sol\u2600|Quiver Dance|p1a: Sol\u2600\n|-boost|p1a: Sol\u2600|spa|1\n|-boost|p1a: Sol\u2600|spd|1\n|-boost|p1a: Sol\u2600|spe|1\n|move|p2a: Babosa|Toxic|p1a: Sol\u2600\n|-status|p1a: Sol\u2600|tox\n|\n|-damage|p1a: Sol\u2600|94\/100 tox|[from] psn\n|upkeep\n|turn|15\n|inactive|Papasfritas 12345 has 270 seconds left.\n|\n|t:|1700074708\n|move|p1a: Sol\u2600|Quiver Dance|p1a: Sol\u2600\n|-boost|p1a: Sol\u2600|spa|1\n|-boost|p1a: Sol\u2600|spd|1\n|-boost|p1a: Sol\u2600|spe|1\n|move|p2a: Babosa|Scald|p1a: Sol\u2600\n|-supereffective|p1a: Sol\u2600\n|-damage|p1a: Sol\u2600|71\/100 tox\n|\n|-damage|p1a: Sol\u2600|59\/100 tox|[from] psn\n|upkeep\n|turn|16\n|inactive|Papasfritas 12345 has 270 seconds left.\n|\n|t:|1700074721\n|move|p1a: Sol\u2600|Giga Drain|p2a: Babosa\n|-supereffective|p2a: Babosa\n|-damage|p2a: Babosa|0 fnt\n|-heal|p1a: Sol\u2600|100\/100 tox|[from] drain|[of] p2a: Babosa\n|faint|p2a: Babosa\n|\n|-damage|p1a: Sol\u2600|82\/100 tox|[from] psn\n|upkeep\n|inactive|Papasfritas 12345 has 270 seconds left.\n|\n|t:|1700074735\n|switch|p2a: Edgar partinus|Aegislash, M|100\/100\n|turn|17\n|\n|t:|1700074740\n|move|p2a: Edgar partinus|King's Shield|p2a: Edgar partinus\n|-singleturn|p2a: Edgar partinus|Protect\n|move|p1a: Sol\u2600|Quiver Dance|p1a: Sol\u2600\n|-boost|p1a: Sol\u2600|spa|1\n|-boost|p1a: Sol\u2600|spd|1\n|-boost|p1a: Sol\u2600|spe|1\n|\n|-damage|p1a: Sol\u2600|58\/100 tox|[from] psn\n|upkeep\n|turn|18\n|\n|t:|1700074752\n|switch|p2a: Togebeso|Togekiss, F|32\/100\n|move|p1a: Sol\u2600|Fiery Dance|p2a: Togebeso\n|-damage|p2a: Togebeso|0 fnt\n|-boost|p1a: Sol\u2600|spa|1\n|faint|p2a: Togebeso\n|\n|-damage|p1a: Sol\u2600|27\/100 tox|[from] psn\n|upkeep\n|inactive|Papasfritas 12345 has 270 seconds left.\n|\n|t:|1700074764\n|switch|p2a: Edgar partinus|Aegislash, M|100\/100\n|turn|19\n|inactive|Papasfritas 12345 has 270 seconds left.\n|inactive|Papasfritas 12345 has 240 seconds left.\n|inactive|Papasfritas 12345 has 210 seconds left.\n|inactive|Papasfritas 12345 has 180 seconds left.\n|\n|t:|1700074867\n|switch|p1a: Rebecca\ud83d\ude0d|Lopunny-Mega, F, shiny|31\/100\n|move|p2a: Edgar partinus|King's Shield||[still]\n|-fail|p2a: Edgar partinus\n|\n|upkeep\n|turn|20\n|\n|t:|1700074875\n|move|p2a: Edgar partinus|King's Shield|p2a: Edgar partinus\n|-singleturn|p2a: Edgar partinus|Protect\n|move|p1a: Rebecca\ud83d\ude0d|Close Combat|p2a: Edgar partinus\n|-activate|p2a: Edgar partinus|move: Protect\n|-unboost|p1a: Rebecca\ud83d\ude0d|atk|1\n|\n|upkeep\n|turn|21\n|inactive|Papasfritas 12345 has 180 seconds left.\n|inactive|talalcht has 270 seconds left.\n|\n|t:|1700074905\n|switch|p1a: Daigo\ud83e\udd86|Dragonite, M, tera:Normal|73\/100\n|-formechange|p2a: Edgar partinus|Aegislash-Blade||[from] ability: Stance Change\n|move|p2a: Edgar partinus|Sacred Sword|p1a: Daigo\ud83e\udd86\n|-supereffective|p1a: Daigo\ud83e\udd86\n|-crit|p1a: Daigo\ud83e\udd86\n|-damage|p1a: Daigo\ud83e\udd86|0 fnt\n|faint|p1a: Daigo\ud83e\udd86\n|\n|upkeep\n|inactive|talalcht has 270 seconds left.\n|\n|t:|1700074917\n|switch|p1a: Zoro\u2694\ufe0f|Samurott-Hisui, M, shiny|100\/100\n|turn|22\n|inactive|talalcht has 270 seconds left.\n|c|\u2606talalcht|Interesante\n|\n|t:|1700074941\n|move|p1a: Zoro\u2694\ufe0f|Sucker Punch|p2a: Edgar partinus\n|-supereffective|p2a: Edgar partinus\n|-damage|p2a: Edgar partinus|0 fnt\n|faint|p2a: Edgar partinus\n|\n|upkeep\n|\n|t:|1700074946\n|switch|p2a: V\u00edctor blade|Gallade, M|100\/100\n|turn|23\n|\n|t:|1700074959\n|switch|p1a: Rebecca\ud83d\ude0d|Lopunny-Mega, F, shiny|31\/100\n|move|p2a: V\u00edctor blade|Swords Dance|p2a: V\u00edctor blade\n|-boost|p2a: V\u00edctor blade|atk|2\n|\n|upkeep\n|turn|24\n|\n|t:|1700074969\n|detailschange|p2a: V\u00edctor blade|Gallade-Mega, M\n|-mega|p2a: V\u00edctor blade|Gallade|Galladite\n|move|p1a: Rebecca\ud83d\ude0d|Encore|p2a: V\u00edctor blade\n|-start|p2a: V\u00edctor blade|Encore\n|move|p2a: V\u00edctor blade|Swords Dance|p2a: V\u00edctor blade\n|-boost|p2a: V\u00edctor blade|atk|2\n|\n|upkeep\n|turn|25\n|inactive|talalcht has 270 seconds left.\n|\n|t:|1700074981\n|switch|p2a: Odin|Incineroar, F|100\/100\n|-ability|p2a: Odin|Intimidate|boost\n|-fail|p1a: Rebecca\ud83d\ude0d|unboost|Attack|[from] ability: Scrappy|[of] p1a: Rebecca\ud83d\ude0d\n|move|p1a: Rebecca\ud83d\ude0d|Return|p2a: Odin\n|-damage|p2a: Odin|49\/100\n|\n|upkeep\n|turn|26\n|inactive|talalcht has 270 seconds left.\n|\n|t:|1700074994\n|move|p2a: Odin|Fake Out|p1a: Rebecca\ud83d\ude0d\n|-damage|p1a: Rebecca\ud83d\ude0d|13\/100\n|cant|p1a: Rebecca\ud83d\ude0d|flinch\n|\n|upkeep\n|turn|27\n|inactive|talalcht has 270 seconds left.\n|inactive|Papasfritas 12345 has 210 seconds left.\n|\n|t:|1700075001\n|move|p1a: Rebecca\ud83d\ude0d|Return|p2a: Odin\n|-damage|p2a: Odin|0 fnt\n|faint|p2a: Odin\n|\n|upkeep\n|inactive|Papasfritas 12345 has 210 seconds left.\n|\n|t:|1700075007\n|switch|p2a: V\u00edctor blade|Gallade-Mega, M|100\/100\n|turn|28\n|\n|t:|1700075010\n|move|p1a: Rebecca\ud83d\ude0d|Return|p2a: V\u00edctor blade\n|-damage|p2a: V\u00edctor blade|30\/100\n|move|p2a: V\u00edctor blade|Ice Punch|p1a: Rebecca\ud83d\ude0d\n|-damage|p1a: Rebecca\ud83d\ude0d|0 fnt\n|faint|p1a: Rebecca\ud83d\ude0d\n|\n|upkeep\n|\n|t:|1700075024\n|switch|p1a: Oro\ud83e\udd47|Gholdengo|100\/100\n|-item|p1a: Oro\ud83e\udd47|Air Balloon\n|turn|29\n|\n|t:|1700075035\n|move|p2a: V\u00edctor blade|Ice Punch|p1a: Oro\ud83e\udd47\n|-resisted|p1a: Oro\ud83e\udd47\n|-damage|p1a: Oro\ud83e\udd47|86\/100\n|-enditem|p1a: Oro\ud83e\udd47|Air Balloon\n|move|p1a: Oro\ud83e\udd47|Make It Rain|p2a: V\u00edctor blade\n|-damage|p2a: V\u00edctor blade|0 fnt\n|-unboost|p1a: Oro\ud83e\udd47|spa|1\n|faint|p2a: V\u00edctor blade\n|\n|win|talalcht\n|l|\u2606Papasfritas 12345\n","uploadtime":1700075048,"views":10,"p1id":"talalcht","p2id":"papasfritas12345","formatid":"gen9nationaldexubers","rating":0,"private":0,"password":""}