{"id":"gen9nationaldexubers-1987273670","p1":"Hibuna","p2":"GEO-M0DE\u2734\ufe0f","format":"[Gen 9] National Dex Ubers","log":"|j|\u2606Hibuna\n|j|\u2606GEO-M0DE\u2734\ufe0f\n|t:|1699571911\n|gametype|singles\n|player|p1|Hibuna|wallace|1060\n|player|p2|GEO-M0DE\u2734\ufe0f|backpackerf|1000\n|teamsize|p1|6\n|teamsize|p2|6\n|gen|9\n|tier|[Gen 9] National Dex Ubers\n|rated|\n|rule|HP Percentage Mod: HP is shown in percentages\n|rule|Endless Battle Clause: Forcing endless battles is banned\n|rule|OHKO Clause: OHKO moves are banned\n|rule|Evasion Moves Clause: Evasion moves are banned\n|rule|Evasion Items Clause: Evasion items are banned\n|rule|Species Clause: Limit one of each Pok\u00e9mon\n|rule|Sleep Clause Mod: Limit one foe put to sleep\n|rule|Mega Rayquaza Clause: You cannot mega evolve Rayquaza\n|clearpoke\n|poke|p1|Baxcalibur, F|\n|poke|p1|Tyranitar, M|\n|poke|p1|Volcarona, F|\n|poke|p1|Glimmora, M|\n|poke|p1|Wo-Chien|\n|poke|p1|Empoleon, F|\n|poke|p2|Great Tusk|\n|poke|p2|Terrakion|\n|poke|p2|Tyranitar, M|\n|poke|p2|Golurk|\n|poke|p2|Rhyperior, M|\n|poke|p2|Groudon|\n|teampreview\n|inactive|Battle timer is ON: inactive players will automatically lose when time's up. (requested by Hibuna)\n|\n|t:|1699571920\n|start\n|switch|p1a: Gigan|Empoleon, F|100\/100\n|switch|p2a: \ud83d\uddfb\ud83d\uddfbGREAT TUSK\ud83d\uddfb\ud83d\uddfb|Great Tusk|100\/100\n|-enditem|p2a: \ud83d\uddfb\ud83d\uddfbGREAT TUSK\ud83d\uddfb\ud83d\uddfb|Booster Energy\n|-activate|p2a: \ud83d\uddfb\ud83d\uddfbGREAT TUSK\ud83d\uddfb\ud83d\uddfb|ability: Protosynthesis|[fromitem]\n|-start|p2a: \ud83d\uddfb\ud83d\uddfbGREAT TUSK\ud83d\uddfb\ud83d\uddfb|protosynthesisatk\n|turn|1\n|\n|t:|1699571930\n|-terastallize|p2a: \ud83d\uddfb\ud83d\uddfbGREAT TUSK\ud83d\uddfb\ud83d\uddfb|Ground\n|-terastallize|p1a: Gigan|Water\n|move|p2a: \ud83d\uddfb\ud83d\uddfbGREAT TUSK\ud83d\uddfb\ud83d\uddfb|Headlong Rush|p1a: Gigan\n|-damage|p1a: Gigan|0 fnt\n|-unboost|p2a: \ud83d\uddfb\ud83d\uddfbGREAT TUSK\ud83d\uddfb\ud83d\uddfb|def|1\n|-unboost|p2a: \ud83d\uddfb\ud83d\uddfbGREAT TUSK\ud83d\uddfb\ud83d\uddfb|spd|1\n|faint|p1a: Gigan\n|\n|upkeep\n|c|\u2606Hibuna|woah\n|c|\u2606Hibuna|haha im gonna loose\n|\n|t:|1699571955\n|switch|p1a: Kiryu|Baxcalibur, F|100\/100\n|turn|2\n|\n|t:|1699571961\n|move|p2a: \ud83d\uddfb\ud83d\uddfbGREAT TUSK\ud83d\uddfb\ud83d\uddfb|Headlong Rush|p1a: Kiryu\n|-damage|p1a: Kiryu|0 fnt\n|-unboost|p2a: \ud83d\uddfb\ud83d\uddfbGREAT TUSK\ud83d\uddfb\ud83d\uddfb|def|1\n|-unboost|p2a: \ud83d\uddfb\ud83d\uddfbGREAT TUSK\ud83d\uddfb\ud83d\uddfb|spd|1\n|faint|p1a: Kiryu\n|\n|upkeep\n|\n|t:|1699571968\n|switch|p1a: Hedorah|Glimmora, M|100\/100\n|turn|3\n|\n|t:|1699571973\n|move|p2a: \ud83d\uddfb\ud83d\uddfbGREAT TUSK\ud83d\uddfb\ud83d\uddfb|Rapid Spin|p1a: Hedorah\n|-resisted|p1a: Hedorah\n|-damage|p1a: Hedorah|92\/100\n|-boost|p2a: \ud83d\uddfb\ud83d\uddfbGREAT TUSK\ud83d\uddfb\ud83d\uddfb|spe|1\n|-damage|p2a: \ud83d\uddfb\ud83d\uddfbGREAT TUSK\ud83d\uddfb\ud83d\uddfb|84\/100|[from] item: Rocky Helmet|[of] p1a: Hedorah\n|-activate|p1a: Hedorah|ability: Toxic Debris\n|-sidestart|p2: GEO-M0DE\u2734\ufe0f|move: Toxic Spikes\n|-sideend|p2: GEO-M0DE\u2734\ufe0f|Toxic Spikes|[from] move: Rapid Spin|[of] p2a: \ud83d\uddfb\ud83d\uddfbGREAT TUSK\ud83d\uddfb\ud83d\uddfb\n|move|p1a: Hedorah|Mortal Spin|p2a: \ud83d\uddfb\ud83d\uddfbGREAT TUSK\ud83d\uddfb\ud83d\uddfb\n|-resisted|p2a: \ud83d\uddfb\ud83d\uddfbGREAT TUSK\ud83d\uddfb\ud83d\uddfb\n|-damage|p2a: \ud83d\uddfb\ud83d\uddfbGREAT TUSK\ud83d\uddfb\ud83d\uddfb|79\/100\n|-status|p2a: \ud83d\uddfb\ud83d\uddfbGREAT TUSK\ud83d\uddfb\ud83d\uddfb|psn\n|\n|-damage|p2a: \ud83d\uddfb\ud83d\uddfbGREAT TUSK\ud83d\uddfb\ud83d\uddfb|67\/100 psn|[from] psn\n|upkeep\n|turn|4\n|\n|t:|1699571987\n|move|p2a: \ud83d\uddfb\ud83d\uddfbGREAT TUSK\ud83d\uddfb\ud83d\uddfb|Headlong Rush|p1a: Hedorah\n|-supereffective|p1a: Hedorah\n|-damage|p1a: Hedorah|0 fnt\n|-unboost|p2a: \ud83d\uddfb\ud83d\uddfbGREAT TUSK\ud83d\uddfb\ud83d\uddfb|def|1\n|-unboost|p2a: \ud83d\uddfb\ud83d\uddfbGREAT TUSK\ud83d\uddfb\ud83d\uddfb|spd|1\n|-damage|p2a: \ud83d\uddfb\ud83d\uddfbGREAT TUSK\ud83d\uddfb\ud83d\uddfb|51\/100 psn|[from] item: Rocky Helmet|[of] p1a: Hedorah\n|-activate|p1a: Hedorah|ability: Toxic Debris\n|-sidestart|p2: GEO-M0DE\u2734\ufe0f|move: Toxic Spikes\n|faint|p1a: Hedorah\n|\n|-damage|p2a: \ud83d\uddfb\ud83d\uddfbGREAT TUSK\ud83d\uddfb\ud83d\uddfb|38\/100 psn|[from] psn\n|upkeep\n|\n|t:|1699572006\n|switch|p1a: Biollante|Wo-Chien|100\/100\n|-ability|p1a: Biollante|Tablets of Ruin\n|turn|5\n|\n|t:|1699572013\n|move|p2a: \ud83d\uddfb\ud83d\uddfbGREAT TUSK\ud83d\uddfb\ud83d\uddfb|Close Combat|p1a: Biollante\n|-supereffective|p1a: Biollante\n|-damage|p1a: Biollante|0 fnt\n|-unboost|p2a: \ud83d\uddfb\ud83d\uddfbGREAT TUSK\ud83d\uddfb\ud83d\uddfb|def|1\n|-unboost|p2a: \ud83d\uddfb\ud83d\uddfbGREAT TUSK\ud83d\uddfb\ud83d\uddfb|spd|1\n|faint|p1a: Biollante\n|\n|-damage|p2a: \ud83d\uddfb\ud83d\uddfbGREAT TUSK\ud83d\uddfb\ud83d\uddfb|26\/100 psn|[from] psn\n|upkeep\n|\n|t:|1699572020\n|switch|p1a: Gojira|Tyranitar, M|100\/100\n|-weather|Sandstorm|[from] ability: Sand Stream|[of] p1a: Gojira\n|turn|6\n|\n|t:|1699572026\n|detailschange|p1a: Gojira|Tyranitar-Mega, M\n|-mega|p1a: Gojira|Tyranitar|Tyranitarite\n|move|p2a: \ud83d\uddfb\ud83d\uddfbGREAT TUSK\ud83d\uddfb\ud83d\uddfb|Headlong Rush|p1a: Gojira\n|-supereffective|p1a: Gojira\n|-damage|p1a: Gojira|0 fnt\n|-unboost|p2a: \ud83d\uddfb\ud83d\uddfbGREAT TUSK\ud83d\uddfb\ud83d\uddfb|def|1\n|-unboost|p2a: \ud83d\uddfb\ud83d\uddfbGREAT TUSK\ud83d\uddfb\ud83d\uddfb|spd|1\n|faint|p1a: Gojira\n|\n|-weather|Sandstorm|[upkeep]\n|-damage|p2a: \ud83d\uddfb\ud83d\uddfbGREAT TUSK\ud83d\uddfb\ud83d\uddfb|13\/100 psn|[from] psn\n|upkeep\n|\n|t:|1699572035\n|switch|p1a: Mothra|Volcarona, F|100\/100\n|turn|7\n|\n|t:|1699572041\n|move|p2a: \ud83d\uddfb\ud83d\uddfbGREAT TUSK\ud83d\uddfb\ud83d\uddfb|Headlong Rush|p1a: Mothra\n|-damage|p1a: Mothra|0 fnt\n|-unboost|p2a: \ud83d\uddfb\ud83d\uddfbGREAT TUSK\ud83d\uddfb\ud83d\uddfb|def|1\n|-unboost|p2a: \ud83d\uddfb\ud83d\uddfbGREAT TUSK\ud83d\uddfb\ud83d\uddfb|spd|1\n|faint|p1a: Mothra\n|\n|win|GEO-M0DE\u2734\ufe0f\n|raw|Hibuna's rating: 1060 &rarr; <strong>1038<\/strong><br \/>(-22 for losing)\n|raw|GEO-M0DE\u2734\ufe0f's rating: 1000 &rarr; <strong>1047<\/strong><br \/>(+47 for winning)\n|l|\u2606Hibuna\n","uploadtime":1699572055,"views":4,"p1id":"hibuna","p2id":"geom0de","formatid":"gen9nationaldexubers","rating":1038,"private":0,"password":""}