{"id":"gen9nationaldexubers-1988950875","p1":"yadabosiggg","p2":"323232kk","format":"[Gen 9] National Dex Ubers","log":"|j|\u2606yadabosiggg\n|j|\u203d323232kk\n|t:|1699793367\n|gametype|singles\n|player|p1|yadabosiggg|preschooler|\n|player|p2|323232kk|steven|\n|teamsize|p1|6\n|teamsize|p2|6\n|gen|9\n|tier|[Gen 9] National Dex Ubers\n|rule|HP Percentage Mod: HP is shown in percentages\n|rule|Endless Battle Clause: Forcing endless battles is banned\n|rule|OHKO Clause: OHKO moves are banned\n|rule|Evasion Moves Clause: Evasion moves are banned\n|rule|Evasion Items Clause: Evasion items are banned\n|rule|Species Clause: Limit one of each Pok\u00e9mon\n|rule|Sleep Clause Mod: Limit one foe put to sleep\n|rule|Mega Rayquaza Clause: You cannot mega evolve Rayquaza\n|clearpoke\n|poke|p1|Kyogre|\n|poke|p1|Calyrex-Ice|\n|poke|p1|Melmetal|\n|poke|p1|Porygon2|\n|poke|p1|Deoxys-Speed|\n|poke|p1|Hatterene, F|\n|poke|p2|Darkrai|\n|poke|p2|Groudon|\n|poke|p2|Lugia|\n|poke|p2|Marshadow|\n|poke|p2|Xerneas-*|\n|poke|p2|Pheromosa|\n|teampreview\n|l|\u203d323232kk\n|player|p2|\n|j|\u203d323232kk\n|player|p2|323232kk|steven\n|n|\u203d323232kk|323232kk\n|\n|t:|1699793429\n|start\n|switch|p1a: Deoxys|Deoxys-Speed|100\/100\n|switch|p2a: Lugia|Lugia|100\/100\n|-ability|p1a: Deoxys|Pressure\n|turn|1\n|\n|t:|1699793448\n|move|p1a: Deoxys|Taunt|p2a: Lugia\n|-start|p2a: Lugia|move: Taunt\n|cant|p2a: Lugia|move: Taunt|Whirlwind\n|\n|upkeep\n|turn|2\n|\n|t:|1699793459\n|switch|p2a: Pheromosa|Pheromosa|100\/100\n|move|p1a: Deoxys|Stealth Rock|p2a: Pheromosa\n|-sidestart|p2: 323232kk|move: Stealth Rock\n|\n|upkeep\n|turn|3\n|\n|t:|1699793468\n|move|p1a: Deoxys|Spikes|p2a: Pheromosa\n|-sidestart|p2: 323232kk|Spikes\n|move|p2a: Pheromosa|Quiver Dance|p2a: Pheromosa\n|-boost|p2a: Pheromosa|spa|1\n|-boost|p2a: Pheromosa|spd|1\n|-boost|p2a: Pheromosa|spe|1\n|\n|upkeep\n|turn|4\n|\n|t:|1699793480\n|move|p2a: Pheromosa|Bug Buzz|p1a: Deoxys\n|-supereffective|p1a: Deoxys\n|-damage|p1a: Deoxys|0 fnt\n|faint|p1a: Deoxys\n|-ability|p2a: Pheromosa|Beast Boost|boost\n|-boost|p2a: Pheromosa|spe|1\n|-damage|p2a: Pheromosa|91\/100|[from] item: Life Orb\n|\n|upkeep\n|\n|t:|1699793488\n|switch|p1a: Hatterene|Hatterene, F|100\/100\n|turn|5\n|\n|t:|1699793491\n|move|p2a: Pheromosa|Bug Buzz|p1a: Hatterene\n|-damage|p1a: Hatterene|23\/100\n|-damage|p2a: Pheromosa|81\/100|[from] item: Life Orb\n|move|p1a: Hatterene|Trick Room|p1a: Hatterene\n|-fieldstart|move: Trick Room|[of] p1a: Hatterene\n|\n|upkeep\n|turn|6\n|\n|t:|1699793501\n|switch|p2a: Lugia|Lugia|100\/100\n|-damage|p2a: Lugia|75\/100|[from] Stealth Rock\n|move|p1a: Hatterene|Misty Explosion|p2a: Lugia\n|-damage|p2a: Lugia|53\/100\n|faint|p1a: Hatterene\n|\n|-heal|p2a: Lugia|59\/100|[from] item: Leftovers\n|upkeep\n|\n|t:|1699793508\n|switch|p1a: Calyrex|Calyrex-Ice|100\/100\n|-ability|p1a: Calyrex|As One\n|-ability|p1a: Calyrex|Unnerve\n|turn|7\n|\n|t:|1699793517\n|move|p2a: Lugia|Protect|p2a: Lugia\n|-singleturn|p2a: Lugia|Protect\n|move|p1a: Calyrex|Glacial Lance|p2a: Lugia\n|-activate|p2a: Lugia|move: Protect\n|\n|-heal|p2a: Lugia|65\/100|[from] item: Leftovers\n|upkeep\n|turn|8\n|\n|t:|1699793526\n|move|p1a: Calyrex|Glacial Lance|p2a: Lugia\n|-supereffective|p2a: Lugia\n|-damage|p2a: Lugia|0 fnt\n|faint|p2a: Lugia\n|-ability|p1a: Calyrex|Chilling Neigh|boost\n|-boost|p1a: Calyrex|atk|1\n|\n|upkeep\n|\n|t:|1699793546\n|switch|p2a: Xerneas|Xerneas|100\/100\n|-damage|p2a: Xerneas|88\/100|[from] Stealth Rock\n|-damage|p2a: Xerneas|76\/100|[from] Spikes\n|-ability|p2a: Xerneas|Fairy Aura\n|turn|9\n|\n|t:|1699793559\n|move|p1a: Calyrex|Glacial Lance|p2a: Xerneas\n|-damage|p2a: Xerneas|0 fnt\n|faint|p2a: Xerneas\n|-ability|p1a: Calyrex|Chilling Neigh|boost\n|-boost|p1a: Calyrex|atk|1\n|\n|-fieldend|move: Trick Room\n|upkeep\n|\n|t:|1699793568\n|switch|p2a: Groudon|Groudon|100\/100\n|-damage|p2a: Groudon|94\/100|[from] Stealth Rock\n|-damage|p2a: Groudon|82\/100|[from] Spikes\n|detailschange|p2a: Groudon|Groudon-Primal\n|-primal|p2a: Groudon|Red Orb\n|-weather|DesolateLand|[from] ability: Desolate Land|[of] p2a: Groudon\n|turn|10\n|\n|t:|1699793580\n|move|p2a: Groudon|Precipice Blades|p1a: Calyrex\n|-damage|p1a: Calyrex|53\/100\n|move|p1a: Calyrex|High Horsepower|p2a: Groudon\n|-supereffective|p2a: Groudon\n|-damage|p2a: Groudon|0 fnt\n|faint|p2a: Groudon\n|-weather|none\n|-ability|p1a: Calyrex|Chilling Neigh|boost\n|-boost|p1a: Calyrex|atk|1\n|\n|upkeep\n|\n|t:|1699793590\n|switch|p2a: Marshadow|Marshadow|100\/100\n|-damage|p2a: Marshadow|94\/100|[from] Stealth Rock\n|-damage|p2a: Marshadow|82\/100|[from] Spikes\n|turn|11\n|\n|t:|1699793598\n|switch|p1a: Porygon2|Porygon2|100\/100\n|-ability|p1a: Porygon2|Technician|[from] ability: Trace|[of] p2a: Marshadow\n|move|p2a: Marshadow|Spectral Thief|p1a: Porygon2\n|-immune|p1a: Porygon2\n|\n|upkeep\n|turn|12\n|\n|t:|1699793614\n|move|p2a: Marshadow|Close Combat|p1a: Porygon2\n|-supereffective|p1a: Porygon2\n|-damage|p1a: Porygon2|6\/100\n|-unboost|p2a: Marshadow|def|1\n|-unboost|p2a: Marshadow|spd|1\n|move|p1a: Porygon2|Trick Room|p1a: Porygon2\n|-fieldstart|move: Trick Room|[of] p1a: Porygon2\n|\n|upkeep\n|turn|13\n|\n|t:|1699793627\n|move|p2a: Marshadow|Close Combat|p1a: Porygon2\n|-supereffective|p1a: Porygon2\n|-damage|p1a: Porygon2|0 fnt\n|-unboost|p2a: Marshadow|def|1\n|-unboost|p2a: Marshadow|spd|1\n|faint|p1a: Porygon2\n|\n|upkeep\n|\n|t:|1699793636\n|switch|p1a: Melmetal|Melmetal|100\/100\n|turn|14\n|\n|t:|1699793650\n|move|p1a: Melmetal|Ice Punch|p2a: Marshadow\n|-damage|p2a: Marshadow|0 fnt\n|faint|p2a: Marshadow\n|\n|upkeep\n|\n|t:|1699793656\n|switch|p2a: Darkrai|Darkrai|100\/100\n|-damage|p2a: Darkrai|88\/100|[from] Stealth Rock\n|-damage|p2a: Darkrai|76\/100|[from] Spikes\n|turn|15\n|\n|t:|1699793670\n|move|p1a: Melmetal|Ice Punch|p2a: Darkrai\n|-damage|p2a: Darkrai|0 fnt\n|faint|p2a: Darkrai\n|\n|upkeep\n|\n|t:|1699793675\n|switch|p2a: Pheromosa|Pheromosa|81\/100\n|-damage|p2a: Pheromosa|68\/100|[from] Stealth Rock\n|-damage|p2a: Pheromosa|56\/100|[from] Spikes\n|turn|16\n|\n|t:|1699793683\n|move|p1a: Melmetal|Ice Punch|p2a: Pheromosa\n|-damage|p2a: Pheromosa|0 fnt\n|faint|p2a: Pheromosa\n|\n|win|yadabosiggg\n|l|\u203d323232kk\n","uploadtime":1699795256,"views":12,"p1id":"yadabosiggg","p2id":"323232kk","formatid":"gen9nationaldexubers","rating":0,"private":0,"password":""}