{"id":"gen9nationaldexubers-1989571330","p1":"C0ld as Ice","p2":"zhangdinglong\u589e\u706b\u9f99\u4fa0","format":"[Gen 9] National Dex Ubers","log":"|j|\u2606C0ld as Ice\n|j|\u2606zhangdinglong\u589e\u706b\u9f99\u4fa0\n|t:|1699873046\n|gametype|singles\n|player|p1|C0ld as Ice|schoolkid-gen4dp|1574\n|player|p2|zhangdinglong\u589e\u706b\u9f99\u4fa0|elesa-masters|1573\n|teamsize|p1|6\n|teamsize|p2|6\n|gen|9\n|tier|[Gen 9] National Dex Ubers\n|rated|\n|rule|HP Percentage Mod: HP is shown in percentages\n|rule|Endless Battle Clause: Forcing endless battles is banned\n|rule|OHKO Clause: OHKO moves are banned\n|rule|Evasion Moves Clause: Evasion moves are banned\n|rule|Evasion Items Clause: Evasion items are banned\n|rule|Species Clause: Limit one of each Pok\u00e9mon\n|rule|Sleep Clause Mod: Limit one foe put to sleep\n|rule|Mega Rayquaza Clause: You cannot mega evolve Rayquaza\n|clearpoke\n|poke|p1|Zygarde|\n|poke|p1|Necrozma-Dusk-Mane|\n|poke|p1|Arceus|\n|poke|p1|Samurott-Hisui, F|\n|poke|p1|Flutter Mane|\n|poke|p1|Marshadow|\n|poke|p2|Cresselia, F|\n|poke|p2|Hatterene, F|\n|poke|p2|Melmetal|\n|poke|p2|Arceus|\n|poke|p2|Calyrex-Ice|\n|poke|p2|Kyogre|\n|teampreview\n|inactive|Battle timer is ON: inactive players will automatically lose when time's up. (requested by C0ld as Ice)\n|inactive|C0ld as Ice has 120 seconds left.\n|inactive|C0ld as Ice has 90 seconds left.\n|\n|t:|1699873120\n|start\n|switch|p1a: Samurott|Samurott-Hisui, F, shiny|100\/100\n|switch|p2a: \u5de5\u5177\u4eba|Hatterene, F, shiny|100\/100\n|turn|1\n|\n|t:|1699873124\n|move|p1a: Samurott|Ceaseless Edge|p2a: \u5de5\u5177\u4eba\n|-damage|p2a: \u5de5\u5177\u4eba|67\/100\n|-sidestart|p2: zhangdinglong\u589e\u706b\u9f99\u4fa0|Spikes\n|move|p2a: \u5de5\u5177\u4eba|Trick Room|p2a: \u5de5\u5177\u4eba\n|-fieldstart|move: Trick Room|[of] p2a: \u5de5\u5177\u4eba\n|\n|upkeep\n|turn|2\n|\n|t:|1699873135\n|move|p2a: \u5de5\u5177\u4eba|Misty Explosion|p1a: Samurott\n|-supereffective|p1a: Samurott\n|-enditem|p1a: Samurott|Focus Sash\n|-damage|p1a: Samurott|1\/100\n|faint|p2a: \u5de5\u5177\u4eba\n|move|p1a: Samurott|Ceaseless Edge|p2: \u5de5\u5177\u4eba|[notarget]\n|-fail|p1a: Samurott\n|\n|upkeep\n|\n|t:|1699873139\n|switch|p2a: Calyrex|Calyrex-Ice|100\/100\n|-ability|p2a: Calyrex|As One\n|-ability|p2a: Calyrex|Unnerve\n|-damage|p2a: Calyrex|88\/100|[from] Spikes\n|turn|3\n|inactive|C0ld as Ice has 120 seconds left.\n|\n|t:|1699873171\n|-terastallize|p2a: Calyrex|Ice\n|move|p2a: Calyrex|Glacial Lance|p1a: Samurott\n|-resisted|p1a: Samurott\n|-damage|p1a: Samurott|0 fnt\n|faint|p1a: Samurott\n|-ability|p2a: Calyrex|Chilling Neigh|boost\n|-boost|p2a: Calyrex|atk|1\n|\n|upkeep\n|\n|t:|1699873173\n|switch|p1a: Necrozma|Necrozma-Dusk-Mane, shiny|100\/100\n|turn|4\n|\n|t:|1699873176\n|move|p2a: Calyrex|Glacial Lance|p1a: Necrozma\n|-resisted|p1a: Necrozma\n|-damage|p1a: Necrozma|0 fnt\n|faint|p1a: Necrozma\n|-ability|p2a: Calyrex|Chilling Neigh|boost\n|-boost|p2a: Calyrex|atk|1\n|\n|upkeep\n|\n|t:|1699873191\n|switch|p1a: Flutter Mane|Flutter Mane, shiny|100\/100\n|-enditem|p1a: Flutter Mane|Booster Energy\n|-activate|p1a: Flutter Mane|ability: Protosynthesis|[fromitem]\n|-start|p1a: Flutter Mane|protosynthesisspe\n|turn|5\n|\n|t:|1699873195\n|move|p2a: Calyrex|Glacial Lance|p1a: Flutter Mane\n|-damage|p1a: Flutter Mane|0 fnt\n|faint|p1a: Flutter Mane\n|-end|p1a: Flutter Mane|Protosynthesis|[silent]\n|-ability|p2a: Calyrex|Chilling Neigh|boost\n|-boost|p2a: Calyrex|atk|1\n|\n|-fieldend|move: Trick Room\n|upkeep\n|\n|t:|1699873207\n|switch|p1a: Marshadow|Marshadow|100\/100\n|turn|6\n|\n|t:|1699873212\n|switch|p2a: Arceus|Arceus|100\/100\n|-damage|p2a: Arceus|88\/100|[from] Spikes\n|move|p1a: Marshadow|Bulk Up|p1a: Marshadow\n|-boost|p1a: Marshadow|atk|1\n|-boost|p1a: Marshadow|def|1\n|\n|upkeep\n|turn|7\n|\n|t:|1699873220\n|move|p1a: Marshadow|Low Kick|p2a: Arceus\n|-supereffective|p2a: Arceus\n|-crit|p2a: Arceus\n|-damage|p2a: Arceus|0 fnt\n|faint|p2a: Arceus\n|-damage|p1a: Marshadow|91\/100|[from] item: Life Orb\n|\n|upkeep\n|\n|t:|1699873224\n|switch|p2a: \u5de5\u5177\u4ebaA|Cresselia, F|100\/100\n|turn|8\n|\n|t:|1699873232\n|move|p1a: Marshadow|Poltergeist|p2a: \u5de5\u5177\u4ebaA|[miss]\n|-miss|p1a: Marshadow|p2a: \u5de5\u5177\u4ebaA\n|move|p2a: \u5de5\u5177\u4ebaA|Trick Room|p2a: \u5de5\u5177\u4ebaA\n|-fieldstart|move: Trick Room|[of] p2a: \u5de5\u5177\u4ebaA\n|\n|upkeep\n|turn|9\n|\n|t:|1699873239\n|switch|p1a: Zygarde|Zygarde|100\/100\n|move|p2a: \u5de5\u5177\u4ebaA|Lunar Dance|p2a: \u5de5\u5177\u4ebaA\n|faint|p2a: \u5de5\u5177\u4ebaA\n|\n|upkeep\n|\n|t:|1699873243\n|switch|p2a: Calyrex|Calyrex-Ice, tera:Ice|88\/100\n|-ability|p2a: Calyrex|As One\n|-ability|p2a: Calyrex|Unnerve\n|-heal|p2a: Calyrex|100\/100|[from] move: Lunar Dance\n|-damage|p2a: Calyrex|88\/100|[from] Spikes\n|turn|10\n|-message|C0ld as Ice forfeited.\n|\n|win|zhangdinglong\u589e\u706b\u9f99\u4fa0\n|raw|C0ld as Ice's rating: 1561 &rarr; <strong>1542<\/strong><br \/>(-19 for losing)\n|raw|zhangdinglong\u589e\u706b\u9f99\u4fa0's rating: 1573 &rarr; <strong>1592<\/strong><br \/>(+19 for winning)\n|l|\u2606C0ld as Ice\n|l|\u2606zhangdinglong\u589e\u706b\u9f99\u4fa0\n","uploadtime":1699873292,"views":6,"p1id":"c0ldasice","p2id":"zhangdinglong","formatid":"gen9nationaldexubers","rating":1542,"private":0,"password":""}