{"id":"gen9nationaldexubers-1991459501","p1":"INSECT-M0DE\ufe0f\u2733\ufe0f","p2":"ryanzokuken","format":"[Gen 9] National Dex Ubers","log":"|j|\u2606INSECT-M0DE\ufe0f\u2733\ufe0f\n|j|\u2606ryanzokuken\n|t:|1700078953\n|gametype|singles\n|player|p1|INSECT-M0DE\ufe0f\u2733\ufe0f|viola|1095\n|player|p2|ryanzokuken|pokemonranger-gen4|1201\n|teamsize|p1|6\n|teamsize|p2|6\n|gen|9\n|tier|[Gen 9] National Dex Ubers\n|rated|\n|rule|HP Percentage Mod: HP is shown in percentages\n|rule|Endless Battle Clause: Forcing endless battles is banned\n|rule|OHKO Clause: OHKO moves are banned\n|rule|Evasion Moves Clause: Evasion moves are banned\n|rule|Evasion Items Clause: Evasion items are banned\n|rule|Species Clause: Limit one of each Pok\u00e9mon\n|rule|Sleep Clause Mod: Limit one foe put to sleep\n|rule|Mega Rayquaza Clause: You cannot mega evolve Rayquaza\n|clearpoke\n|poke|p1|Galvantula, F|\n|poke|p1|Yanmega, F|\n|poke|p1|Venomoth, F|\n|poke|p1|Volcarona, F|\n|poke|p1|Mothim, M|\n|poke|p1|Pinsir, F|\n|poke|p2|Dusclops, M|\n|poke|p2|Magnezone|\n|poke|p2|Abomasnow, M|\n|poke|p2|Lumineon, F|\n|poke|p2|Regigigas|\n|poke|p2|Magmortar, M|\n|teampreview\n|inactive|Battle timer is ON: inactive players will automatically lose when time's up. (requested by ryanzokuken)\n|\n|t:|1700078964\n|start\n|switch|p1a: \ud83d\udd78GALVANTULA\ud83d\udd78\ud83d\udd77\ud83d\udd77|Galvantula, F|100\/100\n|switch|p2a: Sci-Fi|Magnezone, shiny|100\/100\n|turn|1\n|\n|t:|1700078972\n|move|p1a: \ud83d\udd78GALVANTULA\ud83d\udd78\ud83d\udd77\ud83d\udd77|Sticky Web|p2a: Sci-Fi\n|-sidestart|p2: ryanzokuken|move: Sticky Web\n|move|p2a: Sci-Fi|Volt Switch|p1a: \ud83d\udd78GALVANTULA\ud83d\udd78\ud83d\udd77\ud83d\udd77\n|-resisted|p1a: \ud83d\udd78GALVANTULA\ud83d\udd78\ud83d\udd77\ud83d\udd77\n|-damage|p1a: \ud83d\udd78GALVANTULA\ud83d\udd78\ud83d\udd77\ud83d\udd77|50\/100\n|\n|t:|1700078981\n|switch|p2a: Mt.Muscle|Regigigas|100\/100|[from] Volt Switch\n|-activate|p2a: Mt.Muscle|move: Sticky Web\n|-unboost|p2a: Mt.Muscle|spe|1\n|-start|p2a: Mt.Muscle|ability: Slow Start\n|\n|upkeep\n|turn|2\n|\n|t:|1700078992\n|move|p1a: \ud83d\udd78GALVANTULA\ud83d\udd78\ud83d\udd77\ud83d\udd77|Thunder Wave|p2a: Mt.Muscle\n|-status|p2a: Mt.Muscle|par\n|move|p2a: Mt.Muscle|Body Slam|p1a: \ud83d\udd78GALVANTULA\ud83d\udd78\ud83d\udd77\ud83d\udd77\n|-damage|p1a: \ud83d\udd78GALVANTULA\ud83d\udd78\ud83d\udd77\ud83d\udd77|0 fnt\n|faint|p1a: \ud83d\udd78GALVANTULA\ud83d\udd78\ud83d\udd77\ud83d\udd77\n|\n|upkeep\n|\n|t:|1700079016\n|switch|p1a: \ud83d\udd78VOLCARONA\ud83d\udd78\ud83e\udd8b|Volcarona, F, shiny|100\/100\n|turn|3\n|\n|t:|1700079021\n|move|p1a: \ud83d\udd78VOLCARONA\ud83d\udd78\ud83e\udd8b|Quiver Dance|p1a: \ud83d\udd78VOLCARONA\ud83d\udd78\ud83e\udd8b\n|-boost|p1a: \ud83d\udd78VOLCARONA\ud83d\udd78\ud83e\udd8b|spa|1\n|-boost|p1a: \ud83d\udd78VOLCARONA\ud83d\udd78\ud83e\udd8b|spd|1\n|-boost|p1a: \ud83d\udd78VOLCARONA\ud83d\udd78\ud83e\udd8b|spe|1\n|cant|p2a: Mt.Muscle|par\n|\n|upkeep\n|turn|4\n|\n|t:|1700079031\n|move|p1a: \ud83d\udd78VOLCARONA\ud83d\udd78\ud83e\udd8b|Quiver Dance|p1a: \ud83d\udd78VOLCARONA\ud83d\udd78\ud83e\udd8b\n|-boost|p1a: \ud83d\udd78VOLCARONA\ud83d\udd78\ud83e\udd8b|spa|1\n|-boost|p1a: \ud83d\udd78VOLCARONA\ud83d\udd78\ud83e\udd8b|spd|1\n|-boost|p1a: \ud83d\udd78VOLCARONA\ud83d\udd78\ud83e\udd8b|spe|1\n|move|p2a: Mt.Muscle|Body Slam|p1a: \ud83d\udd78VOLCARONA\ud83d\udd78\ud83e\udd8b\n|-damage|p1a: \ud83d\udd78VOLCARONA\ud83d\udd78\ud83e\udd8b|54\/100\n|\n|upkeep\n|turn|5\n|\n|t:|1700079040\n|-terastallize|p1a: \ud83d\udd78VOLCARONA\ud83d\udd78\ud83e\udd8b|Bug\n|move|p1a: \ud83d\udd78VOLCARONA\ud83d\udd78\ud83e\udd8b|Bug Buzz|p2a: Mt.Muscle\n|-damage|p2a: Mt.Muscle|0 fnt\n|faint|p2a: Mt.Muscle\n|-end|p2a: Mt.Muscle|Slow Start|[silent]\n|\n|upkeep\n|\n|t:|1700079046\n|switch|p2a: Gunshow|Magmortar, M|100\/100\n|-activate|p2a: Gunshow|move: Sticky Web\n|-unboost|p2a: Gunshow|spe|1\n|turn|6\n|\n|t:|1700079052\n|move|p1a: \ud83d\udd78VOLCARONA\ud83d\udd78\ud83e\udd8b|Bug Buzz|p2a: Gunshow\n|-resisted|p2a: Gunshow\n|-damage|p2a: Gunshow|0 fnt\n|faint|p2a: Gunshow\n|\n|upkeep\n|-message|ryanzokuken forfeited.\n|\n|win|INSECT-M0DE\ufe0f\u2733\ufe0f\n|raw|INSECT-M0DE\ufe0f\u2733\ufe0f's rating: 1095 &rarr; <strong>1128<\/strong><br \/>(+33 for winning)\n|raw|ryanzokuken's rating: 1201 &rarr; <strong>1169<\/strong><br \/>(-32 for losing)\n|l|\u2606ryanzokuken\n|l|\u2606INSECT-M0DE\ufe0f\u2733\ufe0f\n|j|\u2606INSECT-M0DE\ufe0f\u2733\ufe0f\n|player|p1|INSECT-M0DE\ufe0f\u2733\ufe0f|viola\n","uploadtime":1700079067,"views":7,"p1id":"insectm0de","p2id":"ryanzokuken","formatid":"gen9nationaldexubers","rating":1128,"private":0,"password":""}