{"id":"gen9nationaldexubers-1985779015","p1":"ffdshjgj","p2":"autumn-emberz","format":"[Gen 9] National Dex Ubers","log":"|j|\u2606ffdshjgj\n|j|\u2606autumn-emberz\n|t:|1699405236\n|gametype|singles\n|player|p1|ffdshjgj|unknown|1161\n|player|p2|autumn-emberz|169|1088\n|teamsize|p1|6\n|teamsize|p2|6\n|gen|9\n|tier|[Gen 9] National Dex Ubers\n|rated|\n|rule|HP Percentage Mod: HP is shown in percentages\n|rule|Endless Battle Clause: Forcing endless battles is banned\n|rule|OHKO Clause: OHKO moves are banned\n|rule|Evasion Moves Clause: Evasion moves are banned\n|rule|Evasion Items Clause: Evasion items are banned\n|rule|Species Clause: Limit one of each Pok\u00e9mon\n|rule|Sleep Clause Mod: Limit one foe put to sleep\n|rule|Mega Rayquaza Clause: You cannot mega evolve Rayquaza\n|clearpoke\n|poke|p1|Shuckle, F|\n|poke|p1|Xerneas-*|\n|poke|p1|Lunala|\n|poke|p1|Groudon|\n|poke|p1|Salamence, F|\n|poke|p1|Zacian-*|\n|poke|p2|Xerneas-*|\n|poke|p2|Yveltal|\n|poke|p2|Greninja-*, M|\n|poke|p2|Beedrill, M|\n|poke|p2|Deoxys-Attack|\n|poke|p2|Arceus-Dragon|\n|teampreview\n|inactive|Battle timer is ON: inactive players will automatically lose when time's up. (requested by ffdshjgj)\n|\n|t:|1699405261\n|start\n|switch|p1a: Shuckle|Shuckle, F|100\/100\n|switch|p2a: Deoxys|Deoxys-Attack|100\/100\n|-ability|p2a: Deoxys|Pressure\n|turn|1\n|\n|t:|1699405284\n|switch|p2a: Greninja|Greninja, M|100\/100\n|move|p1a: Shuckle|Sticky Web|p2a: Greninja\n|-sidestart|p2: autumn-emberz|move: Sticky Web\n|\n|upkeep\n|turn|2\n|inactive|autumn-emberz has 120 seconds left.\n|\n|t:|1699405309\n|move|p2a: Greninja|Water Shuriken|p1a: Shuckle\n|-supereffective|p1a: Shuckle\n|-damage|p1a: Shuckle|90\/100\n|-supereffective|p1a: Shuckle\n|-damage|p1a: Shuckle|79\/100\n|-supereffective|p1a: Shuckle\n|-damage|p1a: Shuckle|69\/100\n|-supereffective|p1a: Shuckle\n|-crit|p1a: Shuckle\n|-damage|p1a: Shuckle|51\/100\n|-supereffective|p1a: Shuckle\n|-damage|p1a: Shuckle|41\/100\n|-hitcount|p1a: Shuckle|5\n|move|p1a: Shuckle|Stealth Rock|p2a: Greninja\n|-sidestart|p2: autumn-emberz|move: Stealth Rock\n|\n|upkeep\n|turn|3\n|inactive|autumn-emberz has 120 seconds left.\n|\n|t:|1699405320\n|switch|p1a: Groudon|Groudon|100\/100\n|detailschange|p1a: Groudon|Groudon-Primal\n|-primal|p1a: Groudon|Red Orb\n|-weather|DesolateLand|[from] ability: Desolate Land|[of] p1a: Groudon\n|move|p2a: Greninja|Water Shuriken||[still]\n|-fail|p2a: Greninja|Water Shuriken|[from] Desolate Land\n|\n|-weather|DesolateLand|[upkeep]\n|upkeep\n|turn|4\n|inactive|autumn-emberz has 120 seconds left.\n|\n|t:|1699405339\n|switch|p2a: Yveltal|Yveltal|100\/100\n|-damage|p2a: Yveltal|75\/100|[from] Stealth Rock\n|-ability|p2a: Yveltal|Dark Aura\n|move|p1a: Groudon|Rock Polish|p1a: Groudon\n|-boost|p1a: Groudon|spe|2\n|\n|-weather|DesolateLand|[upkeep]\n|upkeep\n|turn|5\n|inactive|autumn-emberz has 120 seconds left.\n|\n|t:|1699405358\n|move|p1a: Groudon|Stone Edge|p2a: Yveltal\n|-supereffective|p2a: Yveltal\n|-damage|p2a: Yveltal|0 fnt\n|faint|p2a: Yveltal\n|\n|-weather|DesolateLand|[upkeep]\n|upkeep\n|\n|t:|1699405378\n|switch|p2a: Deoxys|Deoxys-Attack|100\/100\n|-activate|p2a: Deoxys|move: Sticky Web\n|-unboost|p2a: Deoxys|spe|1\n|-damage|p2a: Deoxys|88\/100|[from] Stealth Rock\n|-ability|p2a: Deoxys|Pressure\n|turn|6\n|\n|t:|1699405392\n|-terastallize|p2a: Deoxys|Normal\n|move|p2a: Deoxys|Extreme Speed|p1a: Groudon\n|-damage|p1a: Groudon|55\/100\n|-damage|p2a: Deoxys|78\/100|[from] item: Life Orb\n|move|p1a: Groudon|Precipice Blades|p2a: Deoxys\n|-damage|p2a: Deoxys|0 fnt\n|faint|p2a: Deoxys\n|\n|-weather|DesolateLand|[upkeep]\n|upkeep\n|inactive|autumn-emberz has 90 seconds left.\n|\n|t:|1699405402\n|switch|p2a: Arceus|Arceus-Dragon, shiny|100\/100\n|-activate|p2a: Arceus|move: Sticky Web\n|-unboost|p2a: Arceus|spe|1\n|-damage|p2a: Arceus|88\/100|[from] Stealth Rock\n|turn|7\n|\n|t:|1699405415\n|move|p1a: Groudon|Precipice Blades|p2a: Arceus\n|-damage|p2a: Arceus|25\/100\n|move|p2a: Arceus|Earth Power|p1a: Groudon\n|-supereffective|p1a: Groudon\n|-damage|p1a: Groudon|0 fnt\n|faint|p1a: Groudon\n|-weather|none\n|\n|upkeep\n|\n|t:|1699405421\n|switch|p1a: Xerneas|Xerneas|100\/100\n|-ability|p1a: Xerneas|Fairy Aura\n|turn|8\n|\n|t:|1699405433\n|move|p1a: Xerneas|Geomancy||[still]\n|-prepare|p1a: Xerneas|Geomancy\n|-enditem|p1a: Xerneas|Power Herb\n|-anim|p1a: Xerneas|Geomancy|p1a: Xerneas\n|-boost|p1a: Xerneas|spa|2\n|-boost|p1a: Xerneas|spd|2\n|-boost|p1a: Xerneas|spe|2\n|move|p2a: Arceus|Earth Power|p1a: Xerneas\n|-damage|p1a: Xerneas|87\/100\n|\n|upkeep\n|turn|9\n|\n|t:|1699405443\n|move|p1a: Xerneas|Moonblast|p2a: Arceus\n|-supereffective|p2a: Arceus\n|-damage|p2a: Arceus|0 fnt\n|faint|p2a: Arceus\n|\n|upkeep\n|\n|t:|1699405461\n|switch|p2a: Xerneas|Xerneas|100\/100\n|-activate|p2a: Xerneas|move: Sticky Web\n|-unboost|p2a: Xerneas|spe|1\n|-damage|p2a: Xerneas|88\/100|[from] Stealth Rock\n|-ability|p2a: Xerneas|Fairy Aura\n|turn|10\n|\n|t:|1699405478\n|move|p1a: Xerneas|Moonblast|p2a: Xerneas\n|-damage|p2a: Xerneas|0 fnt\n|faint|p2a: Xerneas\n|\n|upkeep\n|\n|t:|1699405483\n|switch|p2a: Beedrill|Beedrill, M|100\/100\n|-activate|p2a: Beedrill|move: Sticky Web\n|-unboost|p2a: Beedrill|spe|1\n|-damage|p2a: Beedrill|75\/100|[from] Stealth Rock\n|turn|11\n|\n|t:|1699405494\n|detailschange|p2a: Beedrill|Beedrill-Mega, M\n|-mega|p2a: Beedrill|Beedrill|Beedrillite\n|move|p1a: Xerneas|Moonblast|p2a: Beedrill\n|-resisted|p2a: Beedrill\n|-damage|p2a: Beedrill|0 fnt\n|faint|p2a: Beedrill\n|\n|upkeep\n|\n|t:|1699405501\n|switch|p2a: Greninja|Greninja, M|100\/100\n|-activate|p2a: Greninja|move: Sticky Web\n|-unboost|p2a: Greninja|spe|1\n|-damage|p2a: Greninja|88\/100|[from] Stealth Rock\n|turn|12\n|\n|t:|1699405507\n|move|p2a: Greninja|Water Shuriken|p1a: Xerneas\n|-damage|p1a: Xerneas|84\/100\n|-damage|p1a: Xerneas|80\/100\n|-damage|p1a: Xerneas|77\/100\n|-damage|p1a: Xerneas|74\/100\n|-damage|p1a: Xerneas|70\/100\n|-hitcount|p1a: Xerneas|5\n|move|p1a: Xerneas|Moonblast|p2a: Greninja\n|-supereffective|p2a: Greninja\n|-damage|p2a: Greninja|0 fnt\n|faint|p2a: Greninja\n|\n|win|ffdshjgj\n|raw|ffdshjgj's rating: 1161 &rarr; <strong>1181<\/strong><br \/>(+20 for winning)\n|raw|autumn-emberz's rating: 1088 &rarr; <strong>1070<\/strong><br \/>(-18 for losing)\n","uploadtime":1699405514,"views":5,"p1id":"ffdshjgj","p2id":"autumnemberz","formatid":"gen9nationaldexubers","rating":1070,"private":0,"password":""}