{"id":"gen9nationaldexubers-1994361199","p1":"straightoutta14BC","p2":"kirblaster","format":"[Gen 9] National Dex Ubers","log":"|j|\u2606straightoutta14BC\n|j|\u2606kirblaster\n|inactive|Battle timer is ON: inactive players will automatically lose when time's up.\n|t:|1700435156\n|gametype|singles\n|player|p1|straightoutta14BC|101|\n|player|p2|kirblaster|yellow|\n|teamsize|p1|6\n|teamsize|p2|6\n|gen|9\n|tier|[Gen 9] National Dex Ubers\n|rated|Tournament battle\n|rule|HP Percentage Mod: HP is shown in percentages\n|rule|Endless Battle Clause: Forcing endless battles is banned\n|rule|OHKO Clause: OHKO moves are banned\n|rule|Evasion Moves Clause: Evasion moves are banned\n|rule|Evasion Items Clause: Evasion items are banned\n|rule|Species Clause: Limit one of each Pok\u00e9mon\n|rule|Sleep Clause Mod: Limit one foe put to sleep\n|rule|Mega Rayquaza Clause: You cannot mega evolve Rayquaza\n|rule|Dynamax Clause: You cannot dynamax\n|rule|Terastal Clause: You cannot Terastallize\n|rule|Same Type Clause: Pok\u00e9mon in a team must share a type\n|clearpoke\n|poke|p1|Klinklang|\n|poke|p1|Bronzong|\n|poke|p1|Mawile, F|\n|poke|p1|Melmetal|\n|poke|p1|Stakataka|\n|poke|p1|Ferrothorn, F|\n|poke|p2|Pheromosa|\n|poke|p2|Blaziken, F|\n|poke|p2|Urshifu-*, F|\n|poke|p2|Zamazenta-*|\n|poke|p2|Arceus-Fighting|\n|poke|p2|Iron Valiant|\n|teampreview\n|inactive|kirblaster also wants the timer to be on.\n|\n|t:|1700435175\n|start\n|switch|p1a: Shenzhou|Klinklang|100\/100\n|switch|p2a: Urshifu|Urshifu, F|100\/100\n|turn|1\n|\n|t:|1700435180\n|move|p2a: Urshifu|Close Combat|p1a: Shenzhou\n|-supereffective|p1a: Shenzhou\n|-enditem|p1a: Shenzhou|Focus Sash\n|-damage|p1a: Shenzhou|1\/100\n|-unboost|p2a: Urshifu|def|1\n|-unboost|p2a: Urshifu|spd|1\n|move|p1a: Shenzhou|Trick Room|p1a: Shenzhou\n|-fieldstart|move: Trick Room|[of] p1a: Shenzhou\n|\n|upkeep\n|turn|2\n|j| Franko159\n|\n|t:|1700435186\n|switch|p2a: Iron Valiant|Iron Valiant|100\/100\n|move|p1a: Shenzhou|Steel Beam|p2a: Iron Valiant\n|-supereffective|p2a: Iron Valiant\n|-damage|p2a: Iron Valiant|0 fnt\n|-damage|p1a: Shenzhou|0 fnt|[from] steelbeam\n|faint|p1a: Shenzhou\n|faint|p2a: Iron Valiant\n|-end|p2a: Iron Valiant|Quark Drive|[silent]\n|\n|upkeep\n|\n|t:|1700435210\n|switch|p1a: Nova|Melmetal|100\/100\n|switch|p2a: Arceus|Arceus-Fighting|100\/100\n|turn|3\n|\n|t:|1700435216\n|move|p1a: Nova|Double Iron Bash|p2a: Arceus\n|-damage|p2a: Arceus|58\/100\n|-damage|p2a: Arceus|13\/100\n|-hitcount|p2a: Arceus|2\n|cant|p2a: Arceus|flinch\n|\n|upkeep\n|turn|4\n|\n|t:|1700435224\n|move|p1a: Nova|Double Iron Bash|p2a: Arceus\n|-crit|p2a: Arceus\n|-damage|p2a: Arceus|0 fnt\n|faint|p2a: Arceus\n|-hitcount|p2: Arceus|1\n|\n|upkeep\n|\n|t:|1700435226\n|switch|p2a: Blaziken|Blaziken, F|100\/100\n|turn|5\n|\n|t:|1700435232\n|switch|p1a: Echo|Bronzong|100\/100\n|move|p2a: Blaziken|Protect||[still]\n|-fail|p2a: Blaziken\n|\n|-fieldend|move: Trick Room\n|-ability|p2a: Blaziken|Speed Boost|boost\n|-boost|p2a: Blaziken|spe|1\n|upkeep\n|turn|6\n|\n|t:|1700435238\n|detailschange|p2a: Blaziken|Blaziken-Mega, F\n|-mega|p2a: Blaziken|Blaziken|Blazikenite\n|move|p2a: Blaziken|Flare Blitz|p1a: Echo\n|-supereffective|p1a: Echo\n|-damage|p1a: Echo|35\/100\n|-damage|p2a: Blaziken|76\/100|[from] Recoil\n|move|p1a: Echo|Trick Room|p1a: Echo\n|-fieldstart|move: Trick Room|[of] p1a: Echo\n|\n|-ability|p2a: Blaziken|Speed Boost|boost\n|-boost|p2a: Blaziken|spe|1\n|upkeep\n|turn|7\n|\n|t:|1700435251\n|switch|p1a: Valentina|Mawile, F|100\/100\n|-ability|p1a: Valentina|Intimidate|boost\n|-unboost|p2a: Blaziken|atk|1\n|move|p2a: Blaziken|Protect||[still]\n|-fail|p2a: Blaziken\n|\n|-ability|p2a: Blaziken|Speed Boost|boost\n|-boost|p2a: Blaziken|spe|1\n|upkeep\n|turn|8\n|\n|t:|1700435258\n|detailschange|p1a: Valentina|Mawile-Mega, F\n|-mega|p1a: Valentina|Mawile|Mawilite\n|move|p1a: Valentina|Play Rough|p2a: Blaziken|[miss]\n|-miss|p1a: Valentina|p2a: Blaziken\n|move|p2a: Blaziken|Flare Blitz|p1a: Valentina\n|-supereffective|p1a: Valentina\n|-damage|p1a: Valentina|4\/100\n|-damage|p2a: Blaziken|44\/100|[from] Recoil\n|\n|-ability|p2a: Blaziken|Speed Boost|boost\n|-boost|p2a: Blaziken|spe|1\n|upkeep\n|turn|9\n|\n|t:|1700435263\n|move|p2a: Blaziken|Protect|p2a: Blaziken\n|-singleturn|p2a: Blaziken|Protect\n|move|p1a: Valentina|Play Rough|p2a: Blaziken\n|-activate|p2a: Blaziken|move: Protect\n|\n|-ability|p2a: Blaziken|Speed Boost|boost\n|-boost|p2a: Blaziken|spe|1\n|upkeep\n|turn|10\n|\n|t:|1700435269\n|switch|p1a: Nova|Melmetal|100\/100\n|move|p2a: Blaziken|Flare Blitz|p1a: Nova\n|-supereffective|p1a: Nova\n|-damage|p1a: Nova|47\/100\n|-damage|p2a: Blaziken|16\/100|[from] Recoil\n|\n|-fieldend|move: Trick Room\n|-ability|p2a: Blaziken|Speed Boost|boost\n|-boost|p2a: Blaziken|spe|1\n|upkeep\n|turn|11\n|\n|t:|1700435274\n|move|p2a: Blaziken|Flare Blitz|p1a: Nova\n|-supereffective|p1a: Nova\n|-damage|p1a: Nova|0 fnt\n|faint|p1a: Nova\n|-damage|p2a: Blaziken|0 fnt|[from] Recoil\n|faint|p2a: Blaziken\n|\n|upkeep\n|\n|t:|1700435281\n|switch|p2a: Pheromosa|Pheromosa|100\/100\n|switch|p1a: Echo|Bronzong|35\/100\n|turn|12\n|\n|t:|1700435300\n|move|p2a: Pheromosa|Close Combat|p1a: Echo\n|-damage|p1a: Echo|0 fnt\n|-unboost|p2a: Pheromosa|def|1\n|-unboost|p2a: Pheromosa|spd|1\n|faint|p1a: Echo\n|-ability|p2a: Pheromosa|Beast Boost|boost\n|-boost|p2a: Pheromosa|atk|1\n|\n|upkeep\n|\n|t:|1700435304\n|switch|p1a: Venera|Ferrothorn, F|100\/100\n|turn|13\n|\n|t:|1700435310\n|move|p2a: Pheromosa|Close Combat|p1a: Venera\n|-supereffective|p1a: Venera\n|-damage|p1a: Venera|0 fnt\n|-unboost|p2a: Pheromosa|def|1\n|-unboost|p2a: Pheromosa|spd|1\n|-damage|p2a: Pheromosa|88\/100|[from] ability: Iron Barbs|[of] p1a: Venera\n|faint|p1a: Venera\n|-ability|p2a: Pheromosa|Beast Boost|boost\n|-boost|p2a: Pheromosa|atk|1\n|\n|upkeep\n|\n|t:|1700435314\n|switch|p1a: Valentina|Mawile-Mega, F|4\/100\n|turn|14\n|\n|t:|1700435318\n|move|p1a: Valentina|Sucker Punch|p2a: Pheromosa\n|-resisted|p2a: Pheromosa\n|-damage|p2a: Pheromosa|0 fnt\n|faint|p2a: Pheromosa\n|\n|upkeep\n|\n|t:|1700435320\n|switch|p2a: Urshifu|Urshifu, F|100\/100\n|turn|15\n|\n|t:|1700435325\n|switch|p1a: ISS|Stakataka|100\/100\n|move|p2a: Urshifu|Close Combat|p1a: ISS\n|-supereffective|p1a: ISS\n|-damage|p1a: ISS|0 fnt\n|-unboost|p2a: Urshifu|def|1\n|-unboost|p2a: Urshifu|spd|1\n|faint|p1a: ISS\n|\n|upkeep\n|\n|t:|1700435330\n|switch|p1a: Valentina|Mawile-Mega, F|4\/100\n|turn|16\n|\n|t:|1700435331\n|move|p1a: Valentina|Sucker Punch|p2a: Urshifu\n|-resisted|p2a: Urshifu\n|-damage|p2a: Urshifu|84\/100\n|move|p2a: Urshifu|Close Combat|p1a: Valentina\n|-damage|p1a: Valentina|0 fnt\n|-unboost|p2a: Urshifu|def|1\n|-unboost|p2a: Urshifu|spd|1\n|faint|p1a: Valentina\n|\n|win|kirblaster\n|n|\u2606straightoutta14BC|straightoutta14bc\n|n|\u2606kirblaster|kirblaster\n|n| Franko159|franko159\n|l| Franko159\n|j| walpurgisnuit\n|j| NDMS2O Khahara\n|l| NDMS2O Khahara\n|j| pokemonisrigged725\n|l| walpurgisnuit\n|l| pokemonisrigged725\n|l|\u2606kirblaster\n|j| pokemonisrigged725\n|l| pokemonisrigged725\n","uploadtime":1700435727,"views":3,"p1id":"straightoutta14bc","p2id":"kirblaster","formatid":"gen9nationaldexubers","rating":0,"private":0,"password":""}