{"id":"gen9nationaldexubers-1987409690","p1":"Fv8hd","p2":"MusicalJoker","format":"[Gen 9] National Dex Ubers","log":"|j|\u2606Fv8hd\n|j|\u2606MusicalJoker\n|t:|1699587642\n|gametype|singles\n|player|p1|Fv8hd|2|\n|player|p2|MusicalJoker|102|\n|teamsize|p1|6\n|teamsize|p2|6\n|gen|9\n|tier|[Gen 9] National Dex Ubers\n|rule|HP Percentage Mod: HP is shown in percentages\n|rule|Endless Battle Clause: Forcing endless battles is banned\n|rule|OHKO Clause: OHKO moves are banned\n|rule|Evasion Moves Clause: Evasion moves are banned\n|rule|Evasion Items Clause: Evasion items are banned\n|rule|Species Clause: Limit one of each Pok\u00e9mon\n|rule|Sleep Clause Mod: Limit one foe put to sleep\n|rule|Mega Rayquaza Clause: You cannot mega evolve Rayquaza\n|clearpoke\n|poke|p1|Tsareena, F|\n|poke|p1|Tapu Lele|\n|poke|p1|Kommo-o, M|\n|poke|p1|Toxapex, M|\n|poke|p1|Zeraora|\n|poke|p1|Necrozma|\n|poke|p2|Garchomp, M|\n|poke|p2|Rotom-Wash|\n|poke|p2|Infernape, F|\n|poke|p2|Darkrai|\n|poke|p2|Togekiss, M|\n|poke|p2|Heatran, M|\n|teampreview\n|j| JDkot\n|\n|t:|1699587693\n|start\n|switch|p1a: Detroit Citizen|Necrozma|100\/100\n|switch|p2a: Bidd-oof|Darkrai|100\/100\n|turn|1\n|\n|t:|1699587720\n|move|p2a: Bidd-oof|Nasty Plot|p2a: Bidd-oof\n|-boost|p2a: Bidd-oof|spa|2\n|move|p1a: Detroit Citizen|Trick Room|p1a: Detroit Citizen\n|-fieldstart|move: Trick Room|[of] p1a: Detroit Citizen\n|\n|upkeep\n|turn|2\n|\n|t:|1699587732\n|move|p1a: Detroit Citizen|Light Screen|p1a: Detroit Citizen\n|-sidestart|p1: Fv8hd|move: Light Screen\n|move|p2a: Bidd-oof|Will-O-Wisp|p1a: Detroit Citizen\n|-status|p1a: Detroit Citizen|brn\n|\n|-damage|p1a: Detroit Citizen|94\/100 brn|[from] brn\n|upkeep\n|turn|3\n|\n|t:|1699587746\n|switch|p2a: Bee-dewf|Garchomp, M|100\/100\n|move|p1a: Detroit Citizen|Reflect|p1a: Detroit Citizen\n|-sidestart|p1: Fv8hd|Reflect\n|\n|-damage|p1a: Detroit Citizen|88\/100 brn|[from] brn\n|upkeep\n|turn|4\n|\n|t:|1699587754\n|move|p1a: Detroit Citizen|Photon Geyser|p2a: Bee-dewf\n|-damage|p2a: Bee-dewf|53\/100\n|move|p2a: Bee-dewf|Brick Break|p1a: Detroit Citizen\n|-sideend|p1: Fv8hd|Reflect\n|-sideend|p1: Fv8hd|move: Light Screen\n|-resisted|p1a: Detroit Citizen\n|-crit|p1a: Detroit Citizen\n|-damage|p1a: Detroit Citizen|75\/100 brn\n|\n|-damage|p1a: Detroit Citizen|68\/100 brn|[from] brn\n|upkeep\n|turn|5\n|\n|t:|1699587774\n|move|p1a: Detroit Citizen|Photon Geyser|p2a: Bee-dewf\n|-damage|p2a: Bee-dewf|9\/100\n|move|p2a: Bee-dewf|Swords Dance|p2a: Bee-dewf\n|-boost|p2a: Bee-dewf|atk|2\n|\n|-damage|p1a: Detroit Citizen|62\/100 brn|[from] brn\n|-fieldend|move: Trick Room\n|upkeep\n|turn|6\n|\n|t:|1699587791\n|move|p2a: Bee-dewf|Scale Shot|p1a: Detroit Citizen\n|-crit|p1a: Detroit Citizen\n|-damage|p1a: Detroit Citizen|30\/100 brn\n|-damage|p1a: Detroit Citizen|10\/100 brn\n|-damage|p1a: Detroit Citizen|0 fnt\n|faint|p1a: Detroit Citizen\n|-hitcount|p1: Detroit Citizen|3\n|-unboost|p2a: Bee-dewf|def|1\n|-boost|p2a: Bee-dewf|spe|1\n|\n|upkeep\n|\n|t:|1699587798\n|switch|p1a: Kitty Kitty Purr|Zeraora|100\/100\n|turn|7\n|\n|t:|1699587817\n|move|p1a: Kitty Kitty Purr|Fake Out|p2a: Bee-dewf\n|-enditem|p1a: Kitty Kitty Purr|Normal Gem|[from] gem\n|-damage|p2a: Bee-dewf|0 fnt\n|-damage|p1a: Kitty Kitty Purr|88\/100|[from] ability: Rough Skin|[of] p2a: Bee-dewf\n|faint|p2a: Bee-dewf\n|\n|upkeep\n|\n|t:|1699587835\n|switch|p2a: Bidouf|Rotom-Wash|100\/100\n|turn|8\n|\n|t:|1699587847\n|-terastallize|p1a: Kitty Kitty Purr|Flying\n|move|p1a: Kitty Kitty Purr|Plasma Fists|p2a: Bidouf\n|-damage|p2a: Bidouf|45\/100\n|-fieldactivate|move: Ion Deluge\n|-hint|Normal-type moves become Electric-type after using Plasma Fists.\n|move|p2a: Bidouf|Toxic|p1a: Kitty Kitty Purr|[miss]\n|-miss|p2a: Bidouf|p1a: Kitty Kitty Purr\n|\n|-heal|p2a: Bidouf|51\/100|[from] item: Leftovers\n|upkeep\n|turn|9\n|\n|t:|1699587861\n|move|p2a: Bidouf|Protect|p2a: Bidouf\n|-singleturn|p2a: Bidouf|Protect\n|move|p1a: Kitty Kitty Purr|Plasma Fists|p2a: Bidouf\n|-activate|p2a: Bidouf|move: Protect\n|\n|-heal|p2a: Bidouf|57\/100|[from] item: Leftovers\n|upkeep\n|turn|10\n|\n|t:|1699587905\n|move|p1a: Kitty Kitty Purr|Plasma Fists|p2a: Bidouf\n|-damage|p2a: Bidouf|0 fnt\n|-fieldactivate|move: Ion Deluge\n|-hint|Normal-type moves become Electric-type after using Plasma Fists.\n|faint|p2a: Bidouf\n|\n|upkeep\n|\n|t:|1699587935\n|switch|p2a: Bidd-oof|Darkrai|100\/100\n|turn|11\n|\n|t:|1699587949\n|move|p1a: Kitty Kitty Purr|Play Rough|p2a: Bidd-oof\n|-supereffective|p2a: Bidd-oof\n|-damage|p2a: Bidd-oof|19\/100\n|move|p2a: Bidd-oof|Ice Beam|p1a: Kitty Kitty Purr\n|-supereffective|p1a: Kitty Kitty Purr\n|-damage|p1a: Kitty Kitty Purr|1\/100\n|\n|-heal|p2a: Bidd-oof|25\/100|[from] item: Leftovers\n|upkeep\n|turn|12\n|\n|t:|1699587977\n|switch|p2a: Bidooph|Togekiss, M|100\/100\n|move|p1a: Kitty Kitty Purr|Acrobatics|p2a: Bidooph\n|-damage|p2a: Bidooph|44\/100\n|\n|-heal|p2a: Bidooph|50\/100|[from] item: Leftovers\n|upkeep\n|turn|13\n|\n|t:|1699588002\n|-terastallize|p2a: Bidooph|Fairy\n|move|p1a: Kitty Kitty Purr|Plasma Fists|p2a: Bidooph\n|-damage|p2a: Bidooph|1\/100\n|-fieldactivate|move: Ion Deluge\n|-hint|Normal-type moves become Electric-type after using Plasma Fists.\n|move|p2a: Bidooph|Air Slash|p1a: Kitty Kitty Purr\n|-damage|p1a: Kitty Kitty Purr|0 fnt\n|faint|p1a: Kitty Kitty Purr\n|\n|-heal|p2a: Bidooph|7\/100|[from] item: Leftovers\n|upkeep\n|\n|t:|1699588016\n|switch|p1a: Sir Mix Alot|Tsareena, F|100\/100\n|turn|14\n|\n|t:|1699588024\n|move|p1a: Sir Mix Alot|Rapid Spin|p2a: Bidooph\n|-damage|p2a: Bidooph|0 fnt\n|-boost|p1a: Sir Mix Alot|spe|1\n|faint|p2a: Bidooph\n|\n|upkeep\n|\n|t:|1699588044\n|switch|p2a: Bee-doof|Infernape, F|100\/100\n|turn|15\n|\n|t:|1699588050\n|move|p1a: Sir Mix Alot|Swagger|p2a: Bee-doof\n|-boost|p2a: Bee-doof|atk|2\n|-enditem|p1a: Sir Mix Alot|Mirror Herb\n|-boost|p1a: Sir Mix Alot|atk|2|[from] item: Mirror Herb\n|-start|p2a: Bee-doof|confusion\n|-activate|p2a: Bee-doof|confusion\n|-damage|p2a: Bee-doof|67\/100|[from] confusion\n|\n|upkeep\n|turn|16\n|\n|t:|1699588061\n|move|p1a: Sir Mix Alot|Triple Axel|p2a: Bee-doof\n|-resisted|p2a: Bee-doof\n|-damage|p2a: Bee-doof|57\/100\n|-resisted|p2a: Bee-doof\n|-crit|p2a: Bee-doof\n|-damage|p2a: Bee-doof|27\/100\n|-resisted|p2a: Bee-doof\n|-damage|p2a: Bee-doof|0 fnt\n|faint|p2a: Bee-doof\n|-hitcount|p2: Bee-doof|3\n|\n|upkeep\n|\n|t:|1699588071\n|switch|p2a: Bidd-oof|Darkrai|25\/100\n|turn|17\n|\n|t:|1699588112\n|move|p1a: Sir Mix Alot|Trop Kick|p2a: Bidd-oof\n|-damage|p2a: Bidd-oof|0 fnt\n|faint|p2a: Bidd-oof\n|\n|upkeep\n|\n|t:|1699588116\n|switch|p2a: B-Do-ffff|Heatran, M|100\/100\n|-item|p2a: B-Do-ffff|Air Balloon\n|turn|18\n|\n|t:|1699588125\n|move|p1a: Sir Mix Alot|Swagger|p2a: B-Do-ffff\n|-boost|p2a: B-Do-ffff|atk|2\n|-start|p2a: B-Do-ffff|confusion\n|-activate|p2a: B-Do-ffff|confusion\n|-damage|p2a: B-Do-ffff|89\/100|[from] confusion\n|\n|upkeep\n|turn|19\n|\n|t:|1699588152\n|move|p1a: Sir Mix Alot|Trop Kick|p2a: B-Do-ffff\n|-resisted|p2a: B-Do-ffff\n|-damage|p2a: B-Do-ffff|75\/100\n|-unboost|p2a: B-Do-ffff|atk|1\n|-enditem|p2a: B-Do-ffff|Air Balloon\n|-end|p2a: B-Do-ffff|confusion\n|move|p2a: B-Do-ffff|Flamethrower|p1a: Sir Mix Alot\n|-supereffective|p1a: Sir Mix Alot\n|-damage|p1a: Sir Mix Alot|0 fnt\n|faint|p1a: Sir Mix Alot\n|\n|upkeep\n|\n|t:|1699588188\n|switch|p1a: Shingles|Kommo-o, M|100\/100\n|turn|20\n|\n|t:|1699588203\n|move|p1a: Shingles|Clangorous Soul|p1a: Shingles\n|-boost|p1a: Shingles|atk|1\n|-boost|p1a: Shingles|def|1\n|-boost|p1a: Shingles|spa|1\n|-boost|p1a: Shingles|spd|1\n|-boost|p1a: Shingles|spe|1\n|-damage|p1a: Shingles|68\/100\n|-enditem|p1a: Shingles|Throat Spray\n|-boost|p1a: Shingles|spa|1|[from] item: Throat Spray\n|move|p2a: B-Do-ffff|Taunt|p1a: Shingles\n|-start|p1a: Shingles|move: Taunt\n|\n|upkeep\n|turn|21\n|\n|t:|1699588231\n|move|p1a: Shingles|Drain Punch|p2a: B-Do-ffff\n|-supereffective|p2a: B-Do-ffff\n|-damage|p2a: B-Do-ffff|10\/100\n|-heal|p1a: Shingles|100\/100|[from] drain|[of] p2a: B-Do-ffff\n|move|p2a: B-Do-ffff|Flamethrower|p1a: Shingles\n|-resisted|p1a: Shingles\n|-damage|p1a: Shingles|78\/100\n|\n|upkeep\n|turn|22\n|\n|t:|1699588239\n|move|p1a: Shingles|Drain Punch|p2a: B-Do-ffff\n|-supereffective|p2a: B-Do-ffff\n|-damage|p2a: B-Do-ffff|0 fnt\n|-heal|p1a: Shingles|84\/100|[from] drain|[of] p2a: B-Do-ffff\n|faint|p2a: B-Do-ffff\n|\n|win|Fv8hd\n","uploadtime":1699588252,"views":18,"p1id":"fv8hd","p2id":"musicaljoker","formatid":"gen9nationaldexubers","rating":0,"private":0,"password":""}