{"id":"gen9nationaldexubers-1993165810","p1":"anthonyeatsbob","p2":"Volttrick","format":"[Gen 9] National Dex Ubers","log":"|j|\u2606anthonyeatsbob\n|j|\u2606Volttrick\n|t:|1700272784\n|gametype|singles\n|player|p1|anthonyeatsbob|2|1079\n|player|p2|Volttrick|169|1187\n|teamsize|p1|6\n|teamsize|p2|6\n|gen|9\n|tier|[Gen 9] National Dex Ubers\n|rated|\n|rule|HP Percentage Mod: HP is shown in percentages\n|rule|Endless Battle Clause: Forcing endless battles is banned\n|rule|OHKO Clause: OHKO moves are banned\n|rule|Evasion Moves Clause: Evasion moves are banned\n|rule|Evasion Items Clause: Evasion items are banned\n|rule|Species Clause: Limit one of each Pok\u00e9mon\n|rule|Sleep Clause Mod: Limit one foe put to sleep\n|rule|Mega Rayquaza Clause: You cannot mega evolve Rayquaza\n|clearpoke\n|poke|p1|Zygarde-10%|\n|poke|p1|Xerneas-*|\n|poke|p1|Yveltal|\n|poke|p1|Marshadow|\n|poke|p1|Groudon|\n|poke|p1|Magearna|\n|poke|p2|Kommo-o, M|\n|poke|p2|Salamence, F|\n|poke|p2|Appletun, F|\n|poke|p2|Baxcalibur, M|\n|poke|p2|Dragapult, M|\n|poke|p2|Altaria, M|\n|teampreview\n|\n|t:|1700272794\n|start\n|switch|p1a: Zygarde|Zygarde-10%|100\/100\n|switch|p2a: Kommo-o|Kommo-o, M|100\/100\n|turn|1\n|\n|t:|1700272799\n|move|p1a: Zygarde|Dragon Dance|p1a: Zygarde\n|-boost|p1a: Zygarde|atk|1\n|-boost|p1a: Zygarde|spe|1\n|move|p2a: Kommo-o|Clangorous Soul|p2a: Kommo-o\n|-boost|p2a: Kommo-o|atk|1\n|-boost|p2a: Kommo-o|def|1\n|-boost|p2a: Kommo-o|spa|1\n|-boost|p2a: Kommo-o|spd|1\n|-boost|p2a: Kommo-o|spe|1\n|-damage|p2a: Kommo-o|68\/100\n|\n|upkeep\n|turn|2\n|\n|t:|1700272808\n|move|p1a: Zygarde|Dragon Dance|p1a: Zygarde\n|-boost|p1a: Zygarde|atk|1\n|-boost|p1a: Zygarde|spe|1\n|-zpower|p2a: Kommo-o\n|move|p2a: Kommo-o|Clangorous Soulblaze|p1a: Zygarde|[zeffect]\n|-supereffective|p1a: Zygarde\n|-enditem|p1a: Zygarde|Focus Sash\n|-damage|p1a: Zygarde|1\/100\n|-boost|p2a: Kommo-o|atk|1\n|-boost|p2a: Kommo-o|def|1\n|-boost|p2a: Kommo-o|spa|1\n|-boost|p2a: Kommo-o|spd|1\n|-boost|p2a: Kommo-o|spe|1\n|\n|-activate|p1a: Zygarde|ability: Power Construct\n|detailschange|p1a: Zygarde|Zygarde-Complete\n|-heal|p1a: Zygarde|57\/100|[silent]\n|upkeep\n|turn|3\n|\n|t:|1700272831\n|switch|p2a: Altaria|Altaria, M|100\/100\n|move|p1a: Zygarde|Outrage|p2a: Altaria\n|-supereffective|p2a: Altaria\n|-damage|p2a: Altaria|0 fnt\n|faint|p2a: Altaria\n|\n|upkeep\n|\n|t:|1700272838\n|switch|p2a: Dragapult|Dragapult, M|100\/100\n|turn|4\n|\n|t:|1700272842\n|-terastallize|p2a: Dragapult|Dragon\n|move|p2a: Dragapult|Dragon Darts|p1a: Zygarde\n|-supereffective|p1a: Zygarde\n|-damage|p1a: Zygarde|20\/100\n|-anim|p2a: Dragapult|Dragon Darts|p1a: Zygarde\n|-supereffective|p1a: Zygarde\n|-damage|p1a: Zygarde|0 fnt\n|faint|p1a: Zygarde\n|\n|upkeep\n|\n|t:|1700272855\n|switch|p1a: Xerneas|Xerneas|100\/100\n|-ability|p1a: Xerneas|Fairy Aura\n|turn|5\n|\n|t:|1700272860\n|switch|p2a: Baxcalibur|Baxcalibur, M|100\/100\n|move|p1a: Xerneas|Geomancy||[still]\n|-prepare|p1a: Xerneas|Geomancy\n|-enditem|p1a: Xerneas|Power Herb\n|-anim|p1a: Xerneas|Geomancy|p1a: Xerneas\n|-boost|p1a: Xerneas|spa|2\n|-boost|p1a: Xerneas|spd|2\n|-boost|p1a: Xerneas|spe|2\n|\n|upkeep\n|turn|6\n|\n|t:|1700272870\n|move|p1a: Xerneas|Moonblast|p2a: Baxcalibur\n|-supereffective|p2a: Baxcalibur\n|-damage|p2a: Baxcalibur|0 fnt\n|faint|p2a: Baxcalibur\n|\n|upkeep\n|\n|t:|1700272876\n|switch|p2a: Salamence|Salamence, F|100\/100\n|turn|7\n|\n|t:|1700272881\n|detailschange|p2a: Salamence|Salamence-Mega, F\n|-mega|p2a: Salamence|Salamence|Salamencite\n|move|p1a: Xerneas|Moonblast|p2a: Salamence\n|-supereffective|p2a: Salamence\n|-damage|p2a: Salamence|0 fnt\n|faint|p2a: Salamence\n|\n|upkeep\n|\n|t:|1700272887\n|switch|p2a: Dragapult|Dragapult, M, tera:Dragon|100\/100\n|turn|8\n|\n|t:|1700272890\n|move|p1a: Xerneas|Moonblast|p2a: Dragapult\n|-supereffective|p2a: Dragapult\n|-damage|p2a: Dragapult|0 fnt\n|faint|p2a: Dragapult\n|\n|upkeep\n|\n|t:|1700272893\n|switch|p2a: Appletun|Appletun, F|100\/100\n|turn|9\n|\n|t:|1700272895\n|move|p1a: Xerneas|Moonblast|p2a: Appletun\n|-supereffective|p2a: Appletun\n|-damage|p2a: Appletun|0 fnt\n|faint|p2a: Appletun\n|\n|upkeep\n|\n|t:|1700272900\n|switch|p2a: Kommo-o|Kommo-o, M|68\/100\n|turn|10\n|\n|t:|1700272903\n|move|p1a: Xerneas|Moonblast|p2a: Kommo-o\n|-supereffective|p2a: Kommo-o\n|-damage|p2a: Kommo-o|0 fnt\n|faint|p2a: Kommo-o\n|\n|win|anthonyeatsbob\n|raw|anthonyeatsbob's rating: 1079 &rarr; <strong>1116<\/strong><br \/>(+37 for winning)\n|raw|Volttrick's rating: 1187 &rarr; <strong>1154<\/strong><br \/>(-33 for losing)\n|l|\u2606Volttrick\n","uploadtime":1700272909,"views":28,"p1id":"anthonyeatsbob","p2id":"volttrick","formatid":"gen9nationaldexubers","rating":1116,"private":0,"password":""}