{"id":"gen9nationaldexubers-1981461644","p1":"kaikalos","p2":"0100100001101001t","format":"[Gen 9] National Dex Ubers","log":"|j|\u2606kaikalos\n|j|\u26060100100001101001t\n|t:|1698899149\n|gametype|singles\n|player|p1|kaikalos|schoolkid|1129\n|player|p2|0100100001101001t|ninjaboy|1213\n|teamsize|p1|6\n|teamsize|p2|6\n|gen|9\n|tier|[Gen 9] National Dex Ubers\n|rated|\n|rule|HP Percentage Mod: HP is shown in percentages\n|rule|Endless Battle Clause: Forcing endless battles is banned\n|rule|OHKO Clause: OHKO moves are banned\n|rule|Evasion Moves Clause: Evasion moves are banned\n|rule|Evasion Items Clause: Evasion items are banned\n|rule|Species Clause: Limit one of each Pok\u00e9mon\n|rule|Sleep Clause Mod: Limit one foe put to sleep\n|rule|Mega Rayquaza Clause: You cannot mega evolve Rayquaza\n|clearpoke\n|poke|p1|Ogerpon, F|\n|poke|p1|Ceruledge, F|\n|poke|p1|Azumarill, F|\n|poke|p1|Lopunny, F|\n|poke|p1|Necrozma-Dawn-Wings|\n|poke|p1|Togedemaru, L1, F|\n|poke|p2|Salamence, F|\n|poke|p2|Xerneas-*|\n|poke|p2|Ho-Oh|\n|poke|p2|Marshadow|\n|poke|p2|Groudon|\n|poke|p2|Urshifu-*, M|\n|teampreview\n|inactive|Battle timer is ON: inactive players will automatically lose when time's up. (requested by 0100100001101001t)\n|\n|t:|1698899160\n|start\n|switch|p1a: Ratoelho|Azumarill, F, shiny|100\/100\n|switch|p2a: Groudon|Groudon|100\/100\n|detailschange|p2a: Groudon|Groudon-Primal\n|-primal|p2a: Groudon|Red Orb\n|-weather|DesolateLand|[from] ability: Desolate Land|[of] p2a: Groudon\n|turn|1\n|\n|t:|1698899166\n|move|p2a: Groudon|Solar Beam||[still]\n|-prepare|p2a: Groudon|Solar Beam\n|-anim|p2a: Groudon|Solar Beam|p1a: Ratoelho\n|-supereffective|p1a: Ratoelho\n|-damage|p1a: Ratoelho|0 fnt\n|faint|p1a: Ratoelho\n|\n|-weather|DesolateLand|[upkeep]\n|upkeep\n|\n|t:|1698899174\n|switch|p1a: G\u00f3tica|Ceruledge, F|100\/100\n|turn|2\n|\n|t:|1698899183\n|move|p1a: G\u00f3tica|Endure|p1a: G\u00f3tica\n|-singleturn|p1a: G\u00f3tica|move: Endure\n|move|p2a: Groudon|Earth Power|p1a: G\u00f3tica\n|-supereffective|p1a: G\u00f3tica\n|-activate|p1a: G\u00f3tica|move: Endure\n|-damage|p1a: G\u00f3tica|1\/100\n|-enditem|p1a: G\u00f3tica|Weakness Policy\n|-boost|p1a: G\u00f3tica|atk|2|[from] item: Weakness Policy\n|-boost|p1a: G\u00f3tica|spa|2|[from] item: Weakness Policy\n|\n|-weather|DesolateLand|[upkeep]\n|upkeep\n|turn|3\n|\n|t:|1698899197\n|move|p1a: G\u00f3tica|Shadow Sneak|p2a: Groudon\n|-damage|p2a: Groudon|74\/100\n|move|p2a: Groudon|Earth Power|p1a: G\u00f3tica\n|-supereffective|p1a: G\u00f3tica\n|-damage|p1a: G\u00f3tica|0 fnt\n|faint|p1a: G\u00f3tica\n|\n|-weather|DesolateLand|[upkeep]\n|upkeep\n|\n|t:|1698899201\n|switch|p1a: Cueia|Lopunny, F|100\/100\n|turn|4\n|\n|t:|1698899208\n|detailschange|p1a: Cueia|Lopunny-Mega, F\n|-mega|p1a: Cueia|Lopunny|Lopunnite\n|move|p1a: Cueia|Fake Out|p2a: Groudon\n|-damage|p2a: Groudon|59\/100\n|cant|p2a: Groudon|flinch\n|\n|-weather|DesolateLand|[upkeep]\n|upkeep\n|turn|5\n|\n|t:|1698899214\n|move|p1a: Cueia|Triple Axel|p2a: Groudon\n|-crit|p2a: Groudon\n|-damage|p2a: Groudon|52\/100\n|-hitcount|p2a: Groudon|1\n|move|p2a: Groudon|Rock Polish|p2a: Groudon\n|-boost|p2a: Groudon|spe|2\n|\n|-weather|DesolateLand|[upkeep]\n|upkeep\n|turn|6\n|\n|t:|1698899225\n|move|p2a: Groudon|Flamethrower|p1a: Cueia\n|-damage|p1a: Cueia|0 fnt\n|faint|p1a: Cueia\n|\n|-weather|DesolateLand|[upkeep]\n|upkeep\n|\n|t:|1698899228\n|switch|p1a: Togedemaru|Togedemaru, L1, F|100\/100\n|turn|7\n|\n|t:|1698899234\n|move|p2a: Groudon|Flamethrower|p1a: Togedemaru\n|-supereffective|p1a: Togedemaru\n|-ability|p1a: Togedemaru|Sturdy\n|-damage|p1a: Togedemaru|9\/100\n|move|p1a: Togedemaru|Endeavor|p2a: Groudon\n|-damage|p2a: Groudon|1\/100\n|-heal|p1a: Togedemaru|100\/100|[from] item: Shell Bell|[of] p2a: Groudon\n|\n|-weather|DesolateLand|[upkeep]\n|upkeep\n|turn|8\n|\n|t:|1698899253\n|move|p1a: Togedemaru|Spiky Shield|p1a: Togedemaru\n|-singleturn|p1a: Togedemaru|move: Protect\n|move|p2a: Groudon|Flamethrower|p1a: Togedemaru\n|-activate|p1a: Togedemaru|move: Protect\n|\n|-weather|DesolateLand|[upkeep]\n|upkeep\n|turn|9\n|\n|t:|1698899258\n|move|p1a: Togedemaru|Spiky Shield||[still]\n|-fail|p1a: Togedemaru\n|move|p2a: Groudon|Flamethrower|p1a: Togedemaru\n|-supereffective|p1a: Togedemaru\n|-ability|p1a: Togedemaru|Sturdy\n|-damage|p1a: Togedemaru|9\/100\n|\n|-weather|DesolateLand|[upkeep]\n|upkeep\n|turn|10\n|\n|t:|1698899262\n|move|p1a: Togedemaru|Spiky Shield|p1a: Togedemaru\n|-singleturn|p1a: Togedemaru|move: Protect\n|move|p2a: Groudon|Flamethrower|p1a: Togedemaru\n|-activate|p1a: Togedemaru|move: Protect\n|\n|-weather|DesolateLand|[upkeep]\n|upkeep\n|turn|11\n|\n|t:|1698899266\n|move|p1a: Togedemaru|Spiky Shield|p1a: Togedemaru\n|-singleturn|p1a: Togedemaru|move: Protect\n|move|p2a: Groudon|Flamethrower|p1a: Togedemaru\n|-activate|p1a: Togedemaru|move: Protect\n|\n|-weather|DesolateLand|[upkeep]\n|upkeep\n|turn|12\n|\n|t:|1698899268\n|move|p1a: Togedemaru|Spiky Shield||[still]\n|-fail|p1a: Togedemaru\n|move|p2a: Groudon|Flamethrower|p1a: Togedemaru\n|-supereffective|p1a: Togedemaru\n|-damage|p1a: Togedemaru|0 fnt\n|faint|p1a: Togedemaru\n|\n|-weather|DesolateLand|[upkeep]\n|upkeep\n|\n|t:|1698899271\n|switch|p1a: Necrozma|Necrozma-Dawn-Wings|100\/100\n|turn|13\n|\n|t:|1698899276\n|detailschange|p1a: Necrozma|Necrozma-Ultra\n|-burst|p1a: Necrozma|Necrozma|Ultranecrozium Z\n|move|p2a: Groudon|Flamethrower|p1a: Necrozma\n|-resisted|p1a: Necrozma\n|-damage|p1a: Necrozma|58\/100\n|move|p1a: Necrozma|Dragon Pulse|p2a: Groudon\n|-damage|p2a: Groudon|0 fnt\n|faint|p2a: Groudon\n|-weather|none\n|\n|upkeep\n|\n|t:|1698899281\n|switch|p2a: Urshifu|Urshifu, M|100\/100\n|turn|14\n|\n|t:|1698899287\n|move|p2a: Urshifu|Wicked Blow|p1a: Necrozma\n|-supereffective|p1a: Necrozma\n|-crit|p1a: Necrozma\n|-damage|p1a: Necrozma|0 fnt\n|faint|p1a: Necrozma\n|\n|upkeep\n|\n|t:|1698899290\n|switch|p1a: Fiona|Ogerpon, F|100\/100\n|turn|15\n|\n|t:|1698899294\n|-terastallize|p1a: Fiona|Grass\n|detailschange|p1a: Fiona|Ogerpon-Teal-Tera, F, tera:Grass\n|-ability|p1a: Fiona|Embody Aspect (Teal)|boost\n|-boost|p1a: Fiona|spe|1\n|move|p1a: Fiona|Play Rough|p2a: Urshifu\n|-supereffective|p2a: Urshifu\n|-crit|p2a: Urshifu\n|-damage|p2a: Urshifu|0 fnt\n|faint|p2a: Urshifu\n|\n|upkeep\n|\n|t:|1698899299\n|switch|p2a: Salamence|Salamence, F|100\/100\n|-ability|p2a: Salamence|Intimidate|boost\n|-unboost|p1a: Fiona|atk|1\n|turn|16\n|\n|t:|1698899310\n|detailschange|p2a: Salamence|Salamence-Mega, F\n|-mega|p2a: Salamence|Salamence|Salamencite\n|move|p1a: Fiona|Spiky Shield|p1a: Fiona\n|-singleturn|p1a: Fiona|move: Protect\n|move|p2a: Salamence|Dragon Dance|p2a: Salamence\n|-boost|p2a: Salamence|atk|1\n|-boost|p2a: Salamence|spe|1\n|\n|upkeep\n|turn|17\n|\n|t:|1698899316\n|move|p2a: Salamence|Return|p1a: Fiona\n|-supereffective|p1a: Fiona\n|-damage|p1a: Fiona|0 fnt\n|faint|p1a: Fiona\n|\n|win|0100100001101001t\n|raw|kaikalos's rating: 1129 &rarr; <strong>1110<\/strong><br \/>(-19 for losing)\n|raw|0100100001101001t's rating: 1213 &rarr; <strong>1232<\/strong><br \/>(+19 for winning)\n|l|\u2606kaikalos\n","uploadtime":1698899321,"views":4,"p1id":"kaikalos","p2id":"0100100001101001t","formatid":"gen9nationaldexubers","rating":1110,"private":0,"password":""}