{"id":"gen9nationaldexubers-1987478104","p1":"vptwarrior","p2":"riamu05","format":"[Gen 9] National Dex Ubers","log":"|j|\u2606vptwarrior\n|j|\u2606riamu05\n|t:|1699598226\n|gametype|singles\n|player|p1|vptwarrior|swimmer|\n|player|p2|riamu05|ethan|\n|teamsize|p1|6\n|teamsize|p2|6\n|gen|9\n|tier|[Gen 9] National Dex Ubers\n|rule|HP Percentage Mod: HP is shown in percentages\n|rule|Endless Battle Clause: Forcing endless battles is banned\n|rule|OHKO Clause: OHKO moves are banned\n|rule|Evasion Moves Clause: Evasion moves are banned\n|rule|Evasion Items Clause: Evasion items are banned\n|rule|Species Clause: Limit one of each Pok\u00e9mon\n|rule|Sleep Clause Mod: Limit one foe put to sleep\n|rule|Mega Rayquaza Clause: You cannot mega evolve Rayquaza\n|clearpoke\n|poke|p1|Hawlucha, M|\n|poke|p1|Aurorus, F|\n|poke|p1|Tyrantrum, M|\n|poke|p1|Gourgeist-*, F|\n|poke|p1|Goodra, F|\n|poke|p1|Gardevoir, F|\n|poke|p2|Spiritomb, F|\n|poke|p2|Roserade, F|\n|poke|p2|Garchomp, M|\n|poke|p2|Lucario, M|\n|poke|p2|Togekiss, M|\n|poke|p2|Milotic, M|\n|teampreview\n|\n|t:|1699598238\n|start\n|switch|p1a: Hawlucha|Hawlucha, M|100\/100\n|switch|p2a: Roserade|Roserade, F|100\/100\n|turn|1\n|\n|t:|1699598245\n|move|p1a: Hawlucha|Swords Dance|p1a: Hawlucha\n|-boost|p1a: Hawlucha|atk|2\n|move|p2a: Roserade|Toxic Spikes|p1a: Hawlucha\n|-sidestart|p1: vptwarrior|move: Toxic Spikes\n|\n|upkeep\n|turn|2\n|\n|t:|1699598251\n|move|p1a: Hawlucha|Acrobatics|p2a: Roserade\n|-supereffective|p2a: Roserade\n|-damage|p2a: Roserade|0 fnt\n|faint|p2a: Roserade\n|\n|upkeep\n|\n|t:|1699598257\n|switch|p2a: Garchomp|Garchomp, M|100\/100\n|turn|3\n|\n|t:|1699598271\n|move|p1a: Hawlucha|Acrobatics|p2a: Garchomp\n|-damage|p2a: Garchomp|53\/100\n|-damage|p1a: Hawlucha|88\/100|[from] ability: Rough Skin|[of] p2a: Garchomp\n|move|p2a: Garchomp|Stealth Rock|p1a: Hawlucha\n|-sidestart|p1: vptwarrior|move: Stealth Rock\n|\n|upkeep\n|turn|4\n|\n|t:|1699598282\n|move|p1a: Hawlucha|Acrobatics|p2a: Garchomp\n|-damage|p2a: Garchomp|0 fnt\n|-damage|p1a: Hawlucha|76\/100|[from] ability: Rough Skin|[of] p2a: Garchomp\n|faint|p2a: Garchomp\n|\n|upkeep\n|\n|t:|1699598304\n|switch|p2a: Lucario|Lucario, M|100\/100\n|turn|5\n|\n|t:|1699598318\n|move|p2a: Lucario|Extreme Speed|p1a: Hawlucha\n|-damage|p1a: Hawlucha|26\/100\n|-enditem|p1a: Hawlucha|Sitrus Berry|[eat]\n|-heal|p1a: Hawlucha|51\/100|[from] item: Sitrus Berry\n|-damage|p2a: Lucario|91\/100|[from] item: Life Orb\n|move|p1a: Hawlucha|Drain Punch|p2a: Lucario\n|-supereffective|p2a: Lucario\n|-damage|p2a: Lucario|0 fnt\n|-heal|p1a: Hawlucha|94\/100|[from] drain|[of] p2a: Lucario\n|faint|p2a: Lucario\n|\n|upkeep\n|\n|t:|1699598341\n|switch|p2a: Togekiss|Togekiss, M|100\/100\n|turn|6\n|\n|t:|1699598350\n|move|p1a: Hawlucha|Rock Slide|p2a: Togekiss\n|-supereffective|p2a: Togekiss\n|-damage|p2a: Togekiss|20\/100\n|cant|p2a: Togekiss|flinch\n|\n|-heal|p2a: Togekiss|26\/100|[from] item: Leftovers\n|upkeep\n|turn|7\n|\n|t:|1699598364\n|-terastallize|p2a: Togekiss|Fairy\n|move|p1a: Hawlucha|Acrobatics|p2a: Togekiss\n|-damage|p2a: Togekiss|0 fnt\n|faint|p2a: Togekiss\n|\n|upkeep\n|\n|t:|1699598371\n|switch|p2a: Milotic|Milotic, M|100\/100\n|turn|8\n|\n|t:|1699598378\n|move|p1a: Hawlucha|Acrobatics|p2a: Milotic\n|-damage|p2a: Milotic|28\/100\n|move|p2a: Milotic|Haze|p2a: Milotic\n|-clearallboost\n|\n|-heal|p2a: Milotic|34\/100|[from] item: Leftovers\n|upkeep\n|turn|9\n|\n|t:|1699598388\n|move|p1a: Hawlucha|Acrobatics|p2a: Milotic\n|-damage|p2a: Milotic|0 fnt\n|faint|p2a: Milotic\n|\n|upkeep\n|\n|t:|1699598393\n|switch|p2a: Spiritomb|Spiritomb, F|100\/100\n|turn|10\n|\n|t:|1699598408\n|move|p1a: Hawlucha|Acrobatics|p2a: Spiritomb\n|-damage|p2a: Spiritomb|46\/100\n|move|p2a: Spiritomb|Dark Pulse|p1a: Hawlucha\n|-resisted|p1a: Hawlucha\n|-damage|p1a: Hawlucha|64\/100\n|\n|-heal|p2a: Spiritomb|52\/100|[from] item: Leftovers\n|upkeep\n|turn|11\n|\n|t:|1699598418\n|move|p1a: Hawlucha|Acrobatics|p2a: Spiritomb\n|-damage|p2a: Spiritomb|0 fnt\n|faint|p2a: Spiritomb\n|\n|win|vptwarrior\n|l|\u2606riamu05\n","uploadtime":1699598432,"views":10,"p1id":"vptwarrior","p2id":"riamu05","formatid":"gen9nationaldexubers","rating":0,"private":0,"password":""}