{"id":"gen9nationaldexubers-2000269599","p1":"CjGenesis","p2":"Th3Soci3ty","format":"[Gen 9] National Dex Ubers","log":"|j|\u2606CjGenesis\n|j|\u2606Th3Soci3ty\n|t:|1701179705\n|gametype|singles\n|player|p1|CjGenesis|steven|1267\n|player|p2|Th3Soci3ty|veteranf|1175\n|teamsize|p1|6\n|teamsize|p2|6\n|gen|9\n|tier|[Gen 9] National Dex Ubers\n|rated|\n|rule|HP Percentage Mod: HP is shown in percentages\n|rule|Endless Battle Clause: Forcing endless battles is banned\n|rule|OHKO Clause: OHKO moves are banned\n|rule|Evasion Moves Clause: Evasion moves are banned\n|rule|Evasion Items Clause: Evasion items are banned\n|rule|Species Clause: Limit one of each Pok\u00e9mon\n|rule|Sleep Clause Mod: Limit one foe put to sleep\n|rule|Mega Rayquaza Clause: You cannot mega evolve Rayquaza\n|clearpoke\n|poke|p1|Necrozma-Dawn-Wings|\n|poke|p1|Nihilego|\n|poke|p1|Marshadow|\n|poke|p1|Zygarde-10%|\n|poke|p1|Deoxys-Attack|\n|poke|p1|Latios, M|\n|poke|p2|Glimmora, M|\n|poke|p2|Sneasler, M|\n|poke|p2|Dusclops, F|\n|poke|p2|Garganacl, F|\n|poke|p2|Noivern, M|\n|poke|p2|Mamoswine, M|\n|teampreview\n|\n|t:|1701179713\n|start\n|switch|p1a: Necrozma|Necrozma-Dawn-Wings|100\/100\n|switch|p2a: Glimmora|Glimmora, M|100\/100\n|turn|1\n|\n|t:|1701179719\n|move|p1a: Necrozma|Photon Geyser|p2a: Glimmora\n|-supereffective|p2a: Glimmora\n|-enditem|p2a: Glimmora|Focus Sash\n|-damage|p2a: Glimmora|1\/100\n|move|p2a: Glimmora|Stealth Rock|p1a: Necrozma\n|-sidestart|p1: CjGenesis|move: Stealth Rock\n|\n|upkeep\n|turn|2\n|\n|t:|1701179740\n|move|p1a: Necrozma|Photon Geyser|p2a: Glimmora\n|-supereffective|p2a: Glimmora\n|-damage|p2a: Glimmora|0 fnt\n|faint|p2a: Glimmora\n|\n|upkeep\n|\n|t:|1701179744\n|switch|p2a: Dusclops|Dusclops, F|100\/100\n|-ability|p2a: Dusclops|Pressure\n|turn|3\n|\n|t:|1701179753\n|move|p1a: Necrozma|Moongeist Beam|p2a: Dusclops\n|-supereffective|p2a: Dusclops\n|-damage|p2a: Dusclops|22\/100\n|move|p2a: Dusclops|Poltergeist|p1a: Necrozma\n|-activate|p1a: Necrozma|move: Poltergeist|Ultranecrozium Z\n|-supereffective|p1a: Necrozma\n|-damage|p1a: Necrozma|0 fnt\n|faint|p1a: Necrozma\n|\n|upkeep\n|\n|t:|1701179772\n|switch|p1a: Nihilego|Nihilego|100\/100\n|-damage|p1a: Nihilego|88\/100|[from] Stealth Rock\n|turn|4\n|\n|t:|1701179775\n|move|p1a: Nihilego|Power Gem|p2a: Dusclops\n|-damage|p2a: Dusclops|0 fnt\n|faint|p2a: Dusclops\n|-ability|p1a: Nihilego|Beast Boost|boost\n|-boost|p1a: Nihilego|spa|1\n|\n|-heal|p1a: Nihilego|94\/100|[from] item: Leftovers\n|upkeep\n|\n|t:|1701179782\n|switch|p2a: Sneasler|Sneasler, M|100\/100\n|turn|5\n|\n|t:|1701179794\n|move|p2a: Sneasler|Fake Out|p1a: Nihilego\n|-resisted|p1a: Nihilego\n|-damage|p1a: Nihilego|82\/100\n|cant|p1a: Nihilego|flinch\n|\n|-heal|p1a: Nihilego|88\/100|[from] item: Leftovers\n|upkeep\n|turn|6\n|\n|t:|1701179797\n|move|p2a: Sneasler|Close Combat|p1a: Nihilego\n|-damage|p1a: Nihilego|0 fnt\n|-unboost|p2a: Sneasler|def|1\n|-unboost|p2a: Sneasler|spd|1\n|faint|p1a: Nihilego\n|\n|upkeep\n|\n|t:|1701179807\n|switch|p1a: Latios|Latios, M|100\/100\n|-damage|p1a: Latios|88\/100|[from] Stealth Rock\n|turn|7\n|\n|t:|1701179814\n|switch|p2a: Garganacl|Garganacl, F|100\/100\n|move|p1a: Latios|Defog|p2a: Garganacl\n|-unboost|p2a: Garganacl|evasion|1\n|-sideend|p1: CjGenesis|Stealth Rock|[from] move: Defog|[of] p1a: Latios\n|\n|-heal|p1a: Latios|94\/100|[from] item: Leftovers\n|upkeep\n|turn|8\n|\n|t:|1701179826\n|switch|p1a: Marshadow|Marshadow|100\/100\n|move|p2a: Garganacl|Salt Cure|p1a: Marshadow\n|-resisted|p1a: Marshadow\n|-damage|p1a: Marshadow|91\/100\n|-start|p1a: Marshadow|Salt Cure\n|\n|-damage|p1a: Marshadow|79\/100|[from] Salt Cure\n|upkeep\n|turn|9\n|\n|t:|1701179836\n|switch|p2a: Sneasler|Sneasler, M|100\/100\n|move|p1a: Marshadow|Close Combat|p2a: Sneasler\n|-resisted|p2a: Sneasler\n|-damage|p2a: Sneasler|43\/100\n|-unboost|p1a: Marshadow|def|1\n|-unboost|p1a: Marshadow|spd|1\n|\n|-damage|p1a: Marshadow|67\/100|[from] Salt Cure\n|upkeep\n|turn|10\n|\n|t:|1701179845\n|switch|p2a: Garganacl|Garganacl, F|100\/100\n|move|p1a: Marshadow|Close Combat|p2a: Garganacl\n|-supereffective|p2a: Garganacl\n|-damage|p2a: Garganacl|23\/100\n|-unboost|p1a: Marshadow|def|1\n|-unboost|p1a: Marshadow|spd|1\n|\n|-heal|p2a: Garganacl|29\/100|[from] item: Leftovers\n|-damage|p1a: Marshadow|54\/100|[from] Salt Cure\n|upkeep\n|turn|11\n|\n|t:|1701179851\n|move|p1a: Marshadow|Close Combat|p2a: Garganacl\n|-supereffective|p2a: Garganacl\n|-damage|p2a: Garganacl|0 fnt\n|-unboost|p1a: Marshadow|def|1\n|-unboost|p1a: Marshadow|spd|1\n|faint|p2a: Garganacl\n|\n|-damage|p1a: Marshadow|42\/100|[from] Salt Cure\n|upkeep\n|\n|t:|1701179855\n|switch|p2a: Mamoswine|Mamoswine, M|100\/100\n|turn|12\n|\n|t:|1701179865\n|move|p2a: Mamoswine|Ice Shard|p1a: Marshadow\n|-damage|p1a: Marshadow|0 fnt\n|faint|p1a: Marshadow\n|-damage|p2a: Mamoswine|91\/100|[from] item: Life Orb\n|\n|upkeep\n|\n|t:|1701179882\n|switch|p1a: Deoxys|Deoxys-Attack|100\/100\n|-ability|p1a: Deoxys|Pressure\n|turn|13\n|\n|t:|1701179894\n|-terastallize|p1a: Deoxys|Psychic\n|move|p2a: Mamoswine|Ice Shard|p1a: Deoxys\n|-enditem|p1a: Deoxys|Focus Sash\n|-damage|p1a: Deoxys|1\/100\n|-damage|p2a: Mamoswine|81\/100|[from] item: Life Orb\n|move|p1a: Deoxys|Zen Headbutt|p2a: Mamoswine\n|-damage|p2a: Mamoswine|0 fnt\n|faint|p2a: Mamoswine\n|\n|upkeep\n|\n|t:|1701179899\n|switch|p2a: Sneasler|Sneasler, M|43\/100\n|turn|14\n|\n|t:|1701179905\n|move|p2a: Sneasler|Fake Out|p1a: Deoxys\n|-crit|p1a: Deoxys\n|-damage|p1a: Deoxys|0 fnt\n|faint|p1a: Deoxys\n|\n|upkeep\n|\n|t:|1701179913\n|switch|p1a: Latios|Latios, M|94\/100\n|turn|15\n|\n|t:|1701179918\n|move|p2a: Sneasler|Dire Claw|p1a: Latios\n|-damage|p1a: Latios|51\/100\n|move|p1a: Latios|Psychic|p2a: Sneasler\n|-supereffective|p2a: Sneasler\n|-damage|p2a: Sneasler|0 fnt\n|faint|p2a: Sneasler\n|\n|-heal|p1a: Latios|57\/100|[from] item: Leftovers\n|upkeep\n|\n|t:|1701179920\n|switch|p2a: Noivern|Noivern, M|100\/100\n|turn|16\n|\n|t:|1701179926\n|move|p2a: Noivern|Dragon Pulse|p1a: Latios\n|-supereffective|p1a: Latios\n|-crit|p1a: Latios\n|-damage|p1a: Latios|0 fnt\n|faint|p1a: Latios\n|\n|upkeep\n|\n|t:|1701179929\n|switch|p1a: Zygarde|Zygarde-10%|100\/100\n|turn|17\n|\n|t:|1701179933\n|move|p1a: Zygarde|Extreme Speed|p2a: Noivern\n|-damage|p2a: Noivern|51\/100\n|move|p2a: Noivern|Dragon Pulse|p1a: Zygarde\n|-supereffective|p1a: Zygarde\n|-damage|p1a: Zygarde|0 fnt\n|faint|p1a: Zygarde\n|\n|win|Th3Soci3ty\n|raw|CjGenesis's rating: 1267 &rarr; <strong>1236<\/strong><br \/>(-31 for losing)\n|raw|Th3Soci3ty's rating: 1175 &rarr; <strong>1206<\/strong><br \/>(+31 for winning)\n","uploadtime":1701179937,"views":2,"p1id":"cjgenesis","p2id":"th3soci3ty","formatid":"gen9nationaldexubers","rating":1206,"private":0,"password":""}