{"id":"gen9nationaldexubers-1985353460","p1":"Epic h","p2":"mynameispaimon","format":"[Gen 9] National Dex Ubers","log":"|j|\u2606Epic h\n|j|\u2606mynameispaimon\n|t:|1699367409\n|gametype|singles\n|player|p1|Epic h|colress|1065\n|player|p2|mynameispaimon|giovanni|1106\n|teamsize|p1|6\n|teamsize|p2|6\n|gen|9\n|tier|[Gen 9] National Dex Ubers\n|rated|\n|rule|HP Percentage Mod: HP is shown in percentages\n|rule|Endless Battle Clause: Forcing endless battles is banned\n|rule|OHKO Clause: OHKO moves are banned\n|rule|Evasion Moves Clause: Evasion moves are banned\n|rule|Evasion Items Clause: Evasion items are banned\n|rule|Species Clause: Limit one of each Pok\u00e9mon\n|rule|Sleep Clause Mod: Limit one foe put to sleep\n|rule|Mega Rayquaza Clause: You cannot mega evolve Rayquaza\n|clearpoke\n|poke|p1|Amoonguss, M|\n|poke|p1|Beedrill, M|\n|poke|p1|Venomoth, M|\n|poke|p1|Garbodor, M|\n|poke|p1|Scolipede, F|\n|poke|p1|Drapion, F|\n|poke|p2|Arceus-Fairy|\n|poke|p2|Tapu Fini|\n|poke|p2|Zacian-*|\n|poke|p2|Xerneas-*|\n|poke|p2|Diancie|\n|poke|p2|Enamorus-Therian, F|\n|teampreview\n|inactive|Battle timer is ON: inactive players will automatically lose when time's up. (requested by mynameispaimon)\n|inactive|Epic h also wants the timer to be on.\n|\n|t:|1699367421\n|start\n|switch|p1a: Garbodor|Garbodor, M, shiny|100\/100\n|switch|p2a: Arceus|Arceus-Fairy|100\/100\n|turn|1\n|\n|t:|1699367429\n|-terastallize|p2a: Arceus|Poison\n|move|p2a: Arceus|Earth Power|p1a: Garbodor\n|-supereffective|p1a: Garbodor\n|-damage|p1a: Garbodor|33\/100\n|-unboost|p1a: Garbodor|spd|1\n|move|p1a: Garbodor|Gunk Shot|p2a: Arceus\n|-resisted|p2a: Arceus\n|-damage|p2a: Arceus|85\/100\n|\n|upkeep\n|turn|2\n|\n|t:|1699367438\n|move|p2a: Arceus|Earth Power|p1a: Garbodor\n|-supereffective|p1a: Garbodor\n|-damage|p1a: Garbodor|0 fnt\n|faint|p1a: Garbodor\n|\n|upkeep\n|\n|t:|1699367451\n|switch|p1a: Amoonguss|Amoonguss, M, shiny|100\/100\n|turn|3\n|\n|t:|1699367461\n|move|p2a: Arceus|Earth Power|p1a: Amoonguss\n|-damage|p1a: Amoonguss|76\/100\n|move|p1a: Amoonguss|Spore|p2a: Arceus\n|-status|p2a: Arceus|slp|[from] move: Spore\n|\n|upkeep\n|turn|4\n|\n|t:|1699367468\n|switch|p2a: Diancie|Diancie|100\/100\n|switch|p1a: Scolipede|Scolipede, F, shiny|100\/100\n|\n|upkeep\n|turn|5\n|\n|t:|1699367478\n|detailschange|p2a: Diancie|Diancie-Mega\n|-mega|p2a: Diancie|Diancie|Diancite\n|move|p2a: Diancie|Diamond Storm|p1a: Scolipede\n|-supereffective|p1a: Scolipede\n|-damage|p1a: Scolipede|0 fnt\n|faint|p1a: Scolipede\n|\n|upkeep\n|\n|t:|1699367487\n|switch|p1a: Drapion|Drapion, F, shiny|100\/100\n|turn|6\n|c|\u2606mynameispaimon|oh ur poison type\n|\n|t:|1699367516\n|switch|p2a: Zacian|Zacian-Crowned|100\/100\n|-ability|p2a: Zacian|Intrepid Sword|boost\n|-boost|p2a: Zacian|atk|1\n|move|p1a: Drapion|Aqua Tail|p2a: Zacian\n|-crit|p2a: Zacian\n|-damage|p2a: Zacian|41\/100\n|\n|upkeep\n|turn|7\n|\n|t:|1699367527\n|move|p2a: Zacian|Behemoth Blade|p1a: Drapion\n|-damage|p1a: Drapion|7\/100\n|move|p1a: Drapion|Aqua Tail|p2a: Zacian|[miss]\n|-miss|p1a: Drapion|p2a: Zacian\n|\n|upkeep\n|turn|8\n|\n|t:|1699367533\n|move|p2a: Zacian|Behemoth Blade|p1a: Drapion\n|-damage|p1a: Drapion|0 fnt\n|faint|p1a: Drapion\n|\n|upkeep\n|\n|t:|1699367543\n|switch|p1a: Amoonguss|Amoonguss, M, shiny|100\/100\n|turn|9\n|\n|t:|1699367550\n|move|p2a: Zacian|Behemoth Blade|p1a: Amoonguss\n|-damage|p1a: Amoonguss|0 fnt\n|faint|p1a: Amoonguss\n|\n|upkeep\n|\n|t:|1699367554\n|switch|p1a: Beedrill|Beedrill, M, shiny|100\/100\n|turn|10\n|\n|t:|1699367562\n|detailschange|p1a: Beedrill|Beedrill-Mega, M, shiny\n|-mega|p1a: Beedrill|Beedrill|Beedrillite\n|move|p2a: Zacian|Behemoth Blade|p1a: Beedrill\n|-damage|p1a: Beedrill|0 fnt\n|faint|p1a: Beedrill\n|\n|upkeep\n|\n|t:|1699367566\n|switch|p1a: Venomoth|Venomoth, M, shiny|100\/100\n|turn|11\n|\n|t:|1699367572\n|move|p2a: Zacian|Behemoth Blade|p1a: Venomoth\n|-damage|p1a: Venomoth|0 fnt\n|faint|p1a: Venomoth\n|\n|win|mynameispaimon\n|raw|Epic h's rating: 1065 &rarr; <strong>1048<\/strong><br \/>(-17 for losing)\n|raw|mynameispaimon's rating: 1106 &rarr; <strong>1128<\/strong><br \/>(+22 for winning)\n|l|\u2606Epic h\n","uploadtime":1699367580,"views":9,"p1id":"epich","p2id":"mynameispaimon","formatid":"gen9nationaldexubers","rating":1048,"private":0,"password":""}