{"id":"gen9nationaldexubers-1998484521","p1":"Woozyo","p2":"geidigrimes","format":"[Gen 9] National Dex Ubers","log":"|j|\u2606Woozyo\n|j|\u2606geidigrimes\n|t:|1700947560\n|gametype|singles\n|player|p1|Woozyo|alder|\n|player|p2|geidigrimes|caitlin|\n|teamsize|p1|6\n|teamsize|p2|6\n|gen|9\n|tier|[Gen 9] National Dex Ubers\n|rule|HP Percentage Mod: HP is shown in percentages\n|rule|Endless Battle Clause: Forcing endless battles is banned\n|rule|OHKO Clause: OHKO moves are banned\n|rule|Evasion Moves Clause: Evasion moves are banned\n|rule|Evasion Items Clause: Evasion items are banned\n|rule|Species Clause: Limit one of each Pok\u00e9mon\n|rule|Sleep Clause Mod: Limit one foe put to sleep\n|rule|Mega Rayquaza Clause: You cannot mega evolve Rayquaza\n|clearpoke\n|poke|p1|Great Tusk|\n|poke|p1|Walking Wake|\n|poke|p1|Zapdos|\n|poke|p1|Weavile, F|\n|poke|p1|Gardevoir, F|\n|poke|p1|Dusclops, M|\n|poke|p2|Alomomola, F|\n|poke|p2|Tapu Lele|\n|poke|p2|Spectrier|\n|poke|p2|Urshifu-*, F|\n|poke|p2|Iron Treads|\n|poke|p2|Xurkitree|\n|teampreview\n|c|\u2606Woozyo|gl hf!\n|c|\u2606geidigrimes|you too!\n|j| circleButton\n|\n|t:|1700947629\n|start\n|switch|p1a: Weavile|Weavile, F|100\/100\n|switch|p2a: alabama|Iron Treads|100\/100\n|-ability|p1a: Weavile|Pressure\n|turn|1\n|j| SandmaN42\n|c| SandmaN42|Xurk come home\n|c|\u2606geidigrimes|you didn't treat him right\n|c| SandmaN42|Ego used a Kasib berry instead of literslly any other unburden method\n|c| SandmaN42|Wacan*\n|\n|t:|1700947755\n|switch|p1a: Great Tusk|Great Tusk|100\/100\n|move|p2a: alabama|Iron Head|p1a: Great Tusk\n|-damage|p1a: Great Tusk|79\/100\n|\n|upkeep\n|turn|2\n|c|\u2606geidigrimes|when are we going to stop hearing about that\n|\n|t:|1700947767\n|-end|p2a: alabama|Quark Drive|[silent]\n|switch|p2a: florida|Alomomola, F|100\/100\n|move|p1a: Great Tusk|Headlong Rush|p2a: florida\n|-damage|p2a: florida|65\/100\n|-unboost|p1a: Great Tusk|def|1\n|-unboost|p1a: Great Tusk|spd|1\n|-enditem|p1a: Great Tusk|Eject Pack\n|-damage|p1a: Great Tusk|63\/100|[from] item: Rocky Helmet|[of] p2a: florida\n|c| SandmaN42|Oh shit\n|c|\u2606geidigrimes|y'all like that set over there\n|\n|t:|1700947804\n|-end|p1a: Great Tusk|Protosynthesis|[silent]\n|switch|p1a: Gardevoir|Gardevoir, F|100\/100\n|\n|upkeep\n|turn|3\n|\n|t:|1700947846\n|switch|p2a: alabama|Iron Treads|100\/100\n|detailschange|p1a: Gardevoir|Gardevoir-Mega, F\n|-mega|p1a: Gardevoir|Gardevoir|Gardevoirite\n|move|p1a: Gardevoir|Shadow Ball|p2a: alabama\n|-damage|p2a: alabama|76\/100\n|\n|upkeep\n|turn|4\n|l| SandmaN42\n|\n|t:|1700947913\n|-end|p2a: alabama|Quark Drive|[silent]\n|switch|p2a: florida|Alomomola, F|98\/100\n|move|p1a: Gardevoir|Aura Sphere|p2a: florida\n|-damage|p2a: florida|56\/100\n|\n|upkeep\n|turn|5\n|\n|t:|1700947926\n|switch|p2a: alabama|Iron Treads|76\/100\n|move|p1a: Gardevoir|Thunderbolt|p2a: alabama\n|-immune|p2a: alabama\n|\n|upkeep\n|turn|6\n|\n|t:|1700947944\n|move|p2a: alabama|Iron Head|p1a: Gardevoir\n|-supereffective|p1a: Gardevoir\n|-damage|p1a: Gardevoir|0 fnt\n|faint|p1a: Gardevoir\n|\n|upkeep\n|\n|t:|1700948021\n|switch|p1a: Walking Wake|Walking Wake|100\/100\n|turn|7\n|j| Whoreganic\n|\n|t:|1700948044\n|-end|p2a: alabama|Quark Drive|[silent]\n|switch|p2a: new york|Xurkitree|100\/100\n|move|p1a: Walking Wake|Flip Turn|p2a: new york\n|-damage|p2a: new york|80\/100\n|\n|t:|1700948051\n|-end|p1a: Walking Wake|Protosynthesis|[silent]\n|switch|p1a: Great Tusk|Great Tusk|63\/100|[from] Flip Turn\n|\n|upkeep\n|turn|8\n|\n|t:|1700948075\n|switch|p2a: florida|Alomomola, F|90\/100\n|move|p1a: Great Tusk|Headlong Rush|p2a: florida\n|-damage|p2a: florida|55\/100\n|-unboost|p1a: Great Tusk|def|1\n|-unboost|p1a: Great Tusk|spd|1\n|-damage|p1a: Great Tusk|46\/100|[from] item: Rocky Helmet|[of] p2a: florida\n|\n|upkeep\n|turn|9\n|\n|t:|1700948085\n|-end|p1a: Great Tusk|Protosynthesis|[silent]\n|switch|p1a: Zapdos|Zapdos|100\/100\n|move|p2a: florida|Flip Turn|p1a: Zapdos\n|-damage|p1a: Zapdos|82\/100\n|\n|t:|1700948111\n|switch|p2a: new york|Xurkitree|80\/100|[from] Flip Turn\n|\n|upkeep\n|turn|10\n|l| Whoreganic\n|\n|t:|1700948195\n|move|p1a: Zapdos|Heat Wave|p2a: new york\n|-damage|p2a: new york|55\/100\n|move|p2a: new york|Dazzling Gleam|p1a: Zapdos\n|-damage|p1a: Zapdos|51\/100\n|\n|upkeep\n|turn|11\n|\n|t:|1700948207\n|move|p1a: Zapdos|Roost|p1a: Zapdos\n|-heal|p1a: Zapdos|100\/100\n|-singleturn|p1a: Zapdos|move: Roost\n|move|p2a: new york|Thunderbolt|p1a: Zapdos\n|-resisted|p1a: Zapdos\n|-damage|p1a: Zapdos|69\/100\n|\n|upkeep\n|turn|12\n|\n|t:|1700948218\n|move|p1a: Zapdos|Heat Wave|p2a: new york\n|-damage|p2a: new york|30\/100\n|move|p2a: new york|Thunderbolt|p1a: Zapdos\n|-damage|p1a: Zapdos|11\/100\n|\n|upkeep\n|turn|13\n|\n|t:|1700948229\n|move|p1a: Zapdos|Roost|p1a: Zapdos\n|-heal|p1a: Zapdos|61\/100\n|-singleturn|p1a: Zapdos|move: Roost\n|move|p2a: new york|Volt Switch|p1a: Zapdos\n|-resisted|p1a: Zapdos\n|-damage|p1a: Zapdos|40\/100\n|j| Whoreganic\n|\n|t:|1700948308\n|switch|p2a: hawaii|Tapu Lele|100\/100|[from] Volt Switch\n|-fieldstart|move: Psychic Terrain|[from] ability: Psychic Surge|[of] p2a: hawaii\n|\n|upkeep\n|turn|14\n|\n|t:|1700948341\n|move|p2a: hawaii|Psychic|p1a: Zapdos\n|-damage|p1a: Zapdos|0 fnt\n|faint|p1a: Zapdos\n|\n|upkeep\n|\n|t:|1700948354\n|switch|p1a: Weavile|Weavile, F|100\/100\n|-ability|p1a: Weavile|Pressure\n|turn|15\n|\n|t:|1700948359\n|switch|p2a: florida|Alomomola, F|89\/100\n|move|p1a: Weavile|Knock Off|p2a: florida\n|-damage|p2a: florida|64\/100\n|-damage|p1a: Weavile|84\/100|[from] item: Rocky Helmet|[of] p2a: florida\n|-enditem|p2a: florida|Rocky Helmet|[from] move: Knock Off|[of] p1a: Weavile\n|\n|upkeep\n|turn|16\n|l| Whoreganic\n|\n|t:|1700948443\n|switch|p1a: Dusclops|Dusclops, M|100\/100\n|move|p2a: florida|Flip Turn|p1a: Dusclops\n|-damage|p1a: Dusclops|93\/100\n|\n|t:|1700948504\n|switch|p2a: nevada|Spectrier|100\/100|[from] Flip Turn\n|\n|upkeep\n|turn|17\n|\n|t:|1700948566\n|move|p2a: nevada|Nasty Plot|p2a: nevada\n|-boost|p2a: nevada|spa|2\n|move|p1a: Dusclops|Shadow Ball|p2a: nevada\n|-supereffective|p2a: nevada\n|-damage|p2a: nevada|55\/100\n|-unboost|p2a: nevada|spd|1\n|\n|-heal|p2a: nevada|61\/100|[from] item: Leftovers\n|-fieldend|move: Psychic Terrain\n|upkeep\n|turn|18\n|\n|t:|1700948577\n|move|p2a: nevada|Shadow Ball|p1a: Dusclops\n|-supereffective|p1a: Dusclops\n|-damage|p1a: Dusclops|0 fnt\n|faint|p1a: Dusclops\n|-ability|p2a: nevada|Grim Neigh|boost\n|-boost|p2a: nevada|spa|1\n|\n|-heal|p2a: nevada|67\/100|[from] item: Leftovers\n|upkeep\n|j| SandmaN42\n|\n|t:|1700948599\n|switch|p1a: Weavile|Weavile, F|84\/100\n|-ability|p1a: Weavile|Pressure\n|turn|19\n|\n|t:|1700948619\n|switch|p2a: florida|Alomomola, F|97\/100\n|move|p1a: Weavile|Ice Shard|p2a: florida\n|-resisted|p2a: florida\n|-damage|p2a: florida|92\/100\n|\n|upkeep\n|turn|20\n|l| SandmaN42\n|\n|t:|1700948711\n|switch|p1a: Walking Wake|Walking Wake|100\/100\n|move|p2a: florida|Flip Turn|p1a: Walking Wake\n|-resisted|p1a: Walking Wake\n|-damage|p1a: Walking Wake|96\/100\n|\n|t:|1700948717\n|switch|p2a: hawaii|Tapu Lele|100\/100|[from] Flip Turn\n|-fieldstart|move: Psychic Terrain|[from] ability: Psychic Surge|[of] p2a: hawaii\n|\n|upkeep\n|turn|21\n|\n|t:|1700948728\n|move|p2a: hawaii|Moonblast|p1a: Walking Wake\n|-supereffective|p1a: Walking Wake\n|-damage|p1a: Walking Wake|17\/100\n|move|p1a: Walking Wake|Hydro Pump|p2a: hawaii\n|-damage|p2a: hawaii|33\/100\n|\n|upkeep\n|turn|22\n|\n|t:|1700948742\n|move|p2a: hawaii|Moonblast|p1a: Walking Wake\n|-supereffective|p1a: Walking Wake\n|-damage|p1a: Walking Wake|0 fnt\n|faint|p1a: Walking Wake\n|-end|p1a: Walking Wake|Protosynthesis|[silent]\n|\n|upkeep\n|j| silverchairpt2\n|\n|t:|1700948766\n|switch|p1a: Weavile|Weavile, F|84\/100\n|-ability|p1a: Weavile|Pressure\n|turn|23\n|c|\u2606Woozyo|ggs\n|c|\u2606geidigrimes|gg\n|\n|t:|1700948781\n|move|p2a: hawaii|Moonblast|p1a: Weavile\n|-supereffective|p1a: Weavile\n|-damage|p1a: Weavile|0 fnt\n|faint|p1a: Weavile\n|\n|upkeep\n|\n|t:|1700948785\n|switch|p1a: Great Tusk|Great Tusk|46\/100\n|turn|24\n|\n|t:|1700948788\n|move|p2a: hawaii|Moonblast|p1a: Great Tusk\n|-supereffective|p1a: Great Tusk\n|-damage|p1a: Great Tusk|0 fnt\n|faint|p1a: Great Tusk\n|-end|p1a: Great Tusk|Protosynthesis|[silent]\n|\n|win|geidigrimes\n","uploadtime":1700948794,"views":39,"p1id":"woozyo","p2id":"geidigrimes","formatid":"gen9nationaldexubers","rating":0,"private":0,"password":""}