{"id":"gen9nationaldexubers-1980555242","p1":"aguinaldo124","p2":"marchabs07","format":"[Gen 9] National Dex Ubers","log":"|j|\u2606aguinaldo124\n|j|\u2606marchabs07\n|t:|1698796819\n|gametype|singles\n|player|p1|aguinaldo124|red|1157\n|player|p2|marchabs07|red|1209\n|teamsize|p1|6\n|teamsize|p2|6\n|gen|9\n|tier|[Gen 9] National Dex Ubers\n|rated|\n|rule|HP Percentage Mod: HP is shown in percentages\n|rule|Endless Battle Clause: Forcing endless battles is banned\n|rule|OHKO Clause: OHKO moves are banned\n|rule|Evasion Moves Clause: Evasion moves are banned\n|rule|Evasion Items Clause: Evasion items are banned\n|rule|Species Clause: Limit one of each Pok\u00e9mon\n|rule|Sleep Clause Mod: Limit one foe put to sleep\n|rule|Mega Rayquaza Clause: You cannot mega evolve Rayquaza\n|clearpoke\n|poke|p1|Pincurchin, F|\n|poke|p1|Raichu-Alola, M|\n|poke|p1|Sceptile, F|\n|poke|p1|Slowbro, F|\n|poke|p1|Cinderace, F|\n|poke|p1|Dedenne, F|\n|poke|p2|Necrozma-Dawn-Wings|\n|poke|p2|Xerneas-*|\n|poke|p2|Naganadel|\n|poke|p2|Pheromosa|\n|poke|p2|Aggron, F|\n|poke|p2|Shuckle, F|\n|teampreview\n|inactive|Battle timer is ON: inactive players will automatically lose when time's up. (requested by marchabs07)\n|\n|t:|1698796825\n|start\n|switch|p1a: Pincurchin|Pincurchin, F|100\/100\n|switch|p2a: Shuckle|Shuckle, F|100\/100\n|-fieldstart|move: Electric Terrain|[from] ability: Electric Surge|[of] p1a: Pincurchin\n|turn|1\n|\n|t:|1698796842\n|switch|p1a: Raichu|Raichu-Alola, M|100\/100\n|move|p2a: Shuckle|Sticky Web|p1a: Raichu\n|-sidestart|p1: aguinaldo124|move: Sticky Web\n|\n|upkeep\n|turn|2\n|\n|t:|1698796848\n|move|p1a: Raichu|Rising Voltage|p2a: Shuckle\n|-hint|Rising Voltage's BP doubled on grounded target.\n|-damage|p2a: Shuckle|15\/100\n|move|p2a: Shuckle|Stealth Rock|p1a: Raichu\n|-sidestart|p1: aguinaldo124|move: Stealth Rock\n|\n|-heal|p2a: Shuckle|21\/100|[from] item: Leftovers\n|upkeep\n|turn|3\n|\n|t:|1698796857\n|move|p1a: Raichu|Rising Voltage|p2a: Shuckle\n|-hint|Rising Voltage's BP doubled on grounded target.\n|-damage|p2a: Shuckle|0 fnt\n|faint|p2a: Shuckle\n|\n|upkeep\n|\n|t:|1698796859\n|switch|p2a: Xerneas|Xerneas, shiny|100\/100\n|-ability|p2a: Xerneas|Fairy Aura\n|turn|4\n|\n|t:|1698796866\n|move|p1a: Raichu|Rising Voltage|p2a: Xerneas\n|-hint|Rising Voltage's BP doubled on grounded target.\n|-damage|p2a: Xerneas|0 fnt\n|faint|p2a: Xerneas\n|\n|upkeep\n|\n|t:|1698796873\n|switch|p2a: Naganadel|Naganadel, shiny|100\/100\n|turn|5\n|\n|t:|1698796877\n|move|p1a: Raichu|Rising Voltage|p2a: Naganadel\n|-hint|Rising Voltage's BP doubled on grounded target.\n|-resisted|p2a: Naganadel\n|-damage|p2a: Naganadel|0 fnt\n|faint|p2a: Naganadel\n|\n|upkeep\n|\n|t:|1698796882\n|switch|p2a: Necrozma|Necrozma-Dawn-Wings, shiny|100\/100\n|turn|6\n|\n|t:|1698796885\n|detailschange|p2a: Necrozma|Necrozma-Ultra, shiny\n|-burst|p2a: Necrozma|Necrozma|Ultranecrozium Z\n|move|p1a: Raichu|Rising Voltage|p2a: Necrozma\n|-hint|Rising Voltage's BP doubled on grounded target.\n|-resisted|p2a: Necrozma\n|-damage|p2a: Necrozma|44\/100\n|move|p2a: Necrozma|Moongeist Beam|p1a: Raichu\n|-supereffective|p1a: Raichu\n|-damage|p1a: Raichu|0 fnt\n|faint|p1a: Raichu\n|\n|upkeep\n|\n|t:|1698796905\n|switch|p1a: Cinderace|Cinderace, F|100\/100\n|turn|7\n|\n|t:|1698796909\n|move|p1a: Cinderace|Sucker Punch|p2a: Necrozma\n|-start|p1a: Cinderace|typechange|Dark|[from] ability: Libero\n|-supereffective|p2a: Necrozma\n|-damage|p2a: Necrozma|0 fnt\n|faint|p2a: Necrozma\n|\n|upkeep\n|\n|t:|1698796913\n|switch|p2a: Aggron|Aggron, F, shiny|100\/100\n|turn|8\n|\n|t:|1698796919\n|detailschange|p2a: Aggron|Aggron-Mega, F, shiny\n|-mega|p2a: Aggron|Aggron|Aggronite\n|move|p1a: Cinderace|High Jump Kick|p2a: Aggron\n|-supereffective|p2a: Aggron\n|-crit|p2a: Aggron\n|-damage|p2a: Aggron|50\/100\n|move|p2a: Aggron|Heavy Slam|p1a: Cinderace\n|-damage|p1a: Cinderace|0 fnt\n|faint|p1a: Cinderace\n|\n|-fieldend|move: Electric Terrain\n|upkeep\n|\n|t:|1698796932\n|switch|p1a: Dedenne|Dedenne, F|100\/100\n|-activate|p1a: Dedenne|move: Sticky Web\n|-unboost|p1a: Dedenne|spe|1\n|-damage|p1a: Dedenne|88\/100|[from] Stealth Rock\n|turn|9\n|\n|t:|1698796938\n|move|p1a: Dedenne|Electric Terrain|p1a: Dedenne\n|-fieldstart|move: Electric Terrain\n|move|p2a: Aggron|Earthquake|p1a: Dedenne\n|-supereffective|p1a: Dedenne\n|-damage|p1a: Dedenne|0 fnt\n|faint|p1a: Dedenne\n|\n|upkeep\n|\n|t:|1698796951\n|switch|p1a: Sceptile|Sceptile, F|100\/100\n|-activate|p1a: Sceptile|move: Sticky Web\n|-unboost|p1a: Sceptile|spe|1\n|-damage|p1a: Sceptile|88\/100|[from] Stealth Rock\n|-enditem|p1a: Sceptile|Electric Seed\n|-boost|p1a: Sceptile|def|1|[from] item: Electric Seed\n|turn|10\n|\n|t:|1698796959\n|move|p1a: Sceptile|Drain Punch|p2a: Aggron\n|-supereffective|p2a: Aggron\n|-damage|p2a: Aggron|33\/100\n|-heal|p1a: Sceptile|97\/100|[from] drain|[of] p2a: Aggron\n|move|p2a: Aggron|Heavy Slam|p1a: Sceptile\n|-damage|p1a: Sceptile|11\/100\n|\n|upkeep\n|turn|11\n|\n|t:|1698796969\n|move|p1a: Sceptile|Drain Punch|p2a: Aggron\n|-supereffective|p2a: Aggron\n|-damage|p2a: Aggron|17\/100\n|-heal|p1a: Sceptile|19\/100|[from] drain|[of] p2a: Aggron\n|move|p2a: Aggron|Heavy Slam|p1a: Sceptile\n|-damage|p1a: Sceptile|0 fnt\n|faint|p1a: Sceptile\n|\n|upkeep\n|\n|t:|1698796979\n|switch|p1a: Slowbro|Slowbro, F|100\/100\n|-activate|p1a: Slowbro|move: Sticky Web\n|-unboost|p1a: Slowbro|spe|1\n|-damage|p1a: Slowbro|88\/100|[from] Stealth Rock\n|turn|12\n|\n|t:|1698796986\n|move|p2a: Aggron|Earthquake|p1a: Slowbro\n|-damage|p1a: Slowbro|64\/100\n|move|p1a: Slowbro|Scald|p2a: Aggron\n|-damage|p2a: Aggron|0 fnt\n|faint|p2a: Aggron\n|\n|-heal|p1a: Slowbro|70\/100|[from] item: Leftovers\n|upkeep\n|\n|t:|1698796991\n|switch|p2a: Pheromosa|Pheromosa, shiny|100\/100\n|turn|13\n|\n|t:|1698797003\n|-terastallize|p1a: Slowbro|Water\n|move|p2a: Pheromosa|U-turn|p1a: Slowbro\n|-damage|p1a: Slowbro|45\/100\n|move|p1a: Slowbro|Toxic|p2a: Pheromosa\n|-status|p2a: Pheromosa|tox\n|\n|-heal|p1a: Slowbro|51\/100|[from] item: Leftovers\n|-damage|p2a: Pheromosa|95\/100 tox|[from] psn\n|upkeep\n|turn|14\n|\n|t:|1698797017\n|move|p2a: Pheromosa|Poison Jab|p1a: Slowbro\n|-damage|p1a: Slowbro|31\/100\n|move|p1a: Slowbro|Slack Off|p1a: Slowbro\n|-heal|p1a: Slowbro|81\/100\n|\n|-heal|p1a: Slowbro|87\/100|[from] item: Leftovers\n|-damage|p2a: Pheromosa|83\/100 tox|[from] psn\n|upkeep\n|turn|15\n|\n|t:|1698797028\n|move|p2a: Pheromosa|Close Combat|p1a: Slowbro\n|-damage|p1a: Slowbro|45\/100\n|-unboost|p2a: Pheromosa|def|1\n|-unboost|p2a: Pheromosa|spd|1\n|move|p1a: Slowbro|Scald|p2a: Pheromosa\n|-damage|p2a: Pheromosa|0 fnt\n|faint|p2a: Pheromosa\n|\n|win|aguinaldo124\n|raw|aguinaldo124's rating: 1157 &rarr; <strong>1186<\/strong><br \/>(+29 for winning)\n|raw|marchabs07's rating: 1209 &rarr; <strong>1180<\/strong><br \/>(-29 for losing)\n|l|\u2606marchabs07\n|c|\u2606aguinaldo124|Strong legends omg\n|c|\u2606aguinaldo124|Weakling\n","uploadtime":1698797049,"views":9,"p1id":"aguinaldo124","p2id":"marchabs07","formatid":"gen9nationaldexubers","rating":1180,"private":0,"password":""}