{"id":"gen9nationaldexubers-1991667171","p1":"galaxystudios370","p2":"Hayakawa00aki","format":"[Gen 9] National Dex Ubers","log":"|j|\u2606galaxystudios370\n|j|\u2606Hayakawa00aki\n|t:|1700100381\n|gametype|singles\n|player|p1|galaxystudios370|hilbert|1613\n|player|p2|Hayakawa00aki|red|1563\n|teamsize|p1|6\n|teamsize|p2|6\n|gen|9\n|tier|[Gen 9] National Dex Ubers\n|rated|\n|rule|HP Percentage Mod: HP is shown in percentages\n|rule|Endless Battle Clause: Forcing endless battles is banned\n|rule|OHKO Clause: OHKO moves are banned\n|rule|Evasion Moves Clause: Evasion moves are banned\n|rule|Evasion Items Clause: Evasion items are banned\n|rule|Species Clause: Limit one of each Pok\u00e9mon\n|rule|Sleep Clause Mod: Limit one foe put to sleep\n|rule|Mega Rayquaza Clause: You cannot mega evolve Rayquaza\n|clearpoke\n|poke|p1|Hatterene, F|\n|poke|p1|Calyrex-Ice|\n|poke|p1|Necrozma-Dusk-Mane|\n|poke|p1|Lunala|\n|poke|p1|Mewtwo|\n|poke|p1|Tapu Lele|\n|poke|p2|Ursaluna-Bloodmoon, M|\n|poke|p2|Hatterene, F|\n|poke|p2|Chien-Pao|\n|poke|p2|Arceus|\n|poke|p2|Groudon|\n|poke|p2|Naganadel|\n|teampreview\n|inactive|Battle timer is ON: inactive players will automatically lose when time's up. (requested by Hayakawa00aki)\n|\n|t:|1700100411\n|start\n|switch|p1a: Blade Wolf|Necrozma-Dusk-Mane|100\/100\n|switch|p2a: Naganadel|Naganadel, shiny|100\/100\n|turn|1\n|inactive|Hayakawa00aki has 120 seconds left.\n|inactive|Hayakawa00aki has 90 seconds left.\n|inactive|Hayakawa00aki has 60 seconds left.\n|\n|t:|1700100512\n|move|p2a: Naganadel|Sludge Wave|p1a: Blade Wolf\n|-immune|p1a: Blade Wolf\n|move|p1a: Blade Wolf|Trick Room|p1a: Blade Wolf\n|-fieldstart|move: Trick Room|[of] p1a: Blade Wolf\n|\n|upkeep\n|turn|2\n|\n|t:|1700100523\n|-terastallize|p2a: Naganadel|Fire\n|move|p1a: Blade Wolf|Earthquake|p2a: Naganadel\n|-supereffective|p2a: Naganadel\n|-enditem|p2a: Naganadel|Focus Sash\n|-damage|p2a: Naganadel|1\/100\n|move|p2a: Naganadel|Flamethrower|p1a: Blade Wolf\n|-supereffective|p1a: Blade Wolf\n|-crit|p1a: Blade Wolf\n|-damage|p1a: Blade Wolf|21\/100\n|-enditem|p1a: Blade Wolf|Weakness Policy\n|-boost|p1a: Blade Wolf|atk|2|[from] item: Weakness Policy\n|-boost|p1a: Blade Wolf|spa|2|[from] item: Weakness Policy\n|\n|upkeep\n|turn|3\n|\n|t:|1700100529\n|move|p1a: Blade Wolf|Earthquake|p2a: Naganadel\n|-supereffective|p2a: Naganadel\n|-damage|p2a: Naganadel|0 fnt\n|faint|p2a: Naganadel\n|\n|upkeep\n|\n|t:|1700100533\n|switch|p2a: Bear nuke|Ursaluna-Bloodmoon, M|100\/100\n|turn|4\n|\n|t:|1700100540\n|move|p2a: Bear nuke|Earth Power|p1a: Blade Wolf\n|-supereffective|p1a: Blade Wolf\n|-damage|p1a: Blade Wolf|0 fnt\n|faint|p1a: Blade Wolf\n|\n|upkeep\n|\n|t:|1700100544\n|switch|p1a: Jetstream Sam|Calyrex-Ice|100\/100\n|-ability|p1a: Jetstream Sam|As One\n|-ability|p1a: Jetstream Sam|Unnerve\n|turn|5\n|inactive|Hayakawa00aki has 90 seconds left.\n|\n|t:|1700100566\n|move|p1a: Jetstream Sam|Glacial Lance|p2a: Bear nuke\n|-supereffective|p2a: Bear nuke\n|-damage|p2a: Bear nuke|0 fnt\n|faint|p2a: Bear nuke\n|-ability|p1a: Jetstream Sam|Chilling Neigh|boost\n|-boost|p1a: Jetstream Sam|atk|1\n|\n|-fieldend|move: Trick Room\n|upkeep\n|\n|t:|1700100572\n|switch|p2a: Long leopard|Chien-Pao|100\/100\n|-ability|p2a: Long leopard|Sword of Ruin\n|turn|6\n|\n|t:|1700100584\n|switch|p1a: Monsoon|Tapu Lele|100\/100\n|-fieldstart|move: Psychic Terrain|[from] ability: Psychic Surge|[of] p1a: Monsoon\n|move|p2a: Long leopard|Swords Dance|p2a: Long leopard\n|-boost|p2a: Long leopard|atk|2\n|\n|upkeep\n|turn|7\n|inactive|Hayakawa00aki has 90 seconds left.\n|\n|t:|1700100594\n|move|p2a: Long leopard|Ice Spinner|p1a: Monsoon\n|-damage|p1a: Monsoon|0 fnt\n|-fieldend|move: Psychic Terrain\n|faint|p1a: Monsoon\n|\n|upkeep\n|\n|t:|1700100599\n|switch|p1a: Mistral|Hatterene, F|100\/100\n|turn|8\n|\n|t:|1700100608\n|move|p2a: Long leopard|Ice Spinner|p1a: Mistral\n|-enditem|p1a: Mistral|Focus Sash\n|-damage|p1a: Mistral|1\/100\n|move|p1a: Mistral|Trick Room|p1a: Mistral\n|-fieldstart|move: Trick Room|[of] p1a: Mistral\n|\n|upkeep\n|turn|9\n|\n|t:|1700100623\n|move|p2a: Long leopard|Sucker Punch||[still]\n|-fail|p2a: Long leopard\n|move|p1a: Mistral|Healing Wish|p1a: Mistral\n|faint|p1a: Mistral\n|\n|upkeep\n|\n|t:|1700100625\n|switch|p1a: Sundowner|Lunala|100\/100\n|turn|10\n|\n|t:|1700100630\n|-terastallize|p1a: Sundowner|Fairy\n|move|p2a: Long leopard|Sucker Punch|p1a: Sundowner\n|-resisted|p1a: Sundowner\n|-damage|p1a: Sundowner|84\/100\n|move|p1a: Sundowner|Moonblast|p2a: Long leopard\n|-supereffective|p2a: Long leopard\n|-enditem|p2a: Long leopard|Focus Sash\n|-damage|p2a: Long leopard|1\/100\n|\n|upkeep\n|turn|11\n|\n|t:|1700100636\n|move|p1a: Sundowner|Meteor Beam||[still]\n|-prepare|p1a: Sundowner|Meteor Beam\n|-boost|p1a: Sundowner|spa|1\n|-enditem|p1a: Sundowner|Power Herb\n|-anim|p1a: Sundowner|Meteor Beam|p2a: Long leopard|[miss]\n|-miss|p1a: Sundowner|p2a: Long leopard\n|move|p2a: Long leopard|Ice Spinner|p1a: Sundowner\n|-damage|p1a: Sundowner|0 fnt\n|faint|p1a: Sundowner\n|\n|upkeep\n|\n|t:|1700100643\n|switch|p1a: Jetstream Sam|Calyrex-Ice|100\/100\n|-ability|p1a: Jetstream Sam|As One\n|-ability|p1a: Jetstream Sam|Unnerve\n|turn|12\n|inactive|Hayakawa00aki has 120 seconds left.\n|\n|t:|1700100656\n|move|p2a: Long leopard|Sucker Punch|p1a: Jetstream Sam\n|-supereffective|p1a: Jetstream Sam\n|-damage|p1a: Jetstream Sam|0 fnt\n|faint|p1a: Jetstream Sam\n|\n|-fieldend|move: Trick Room\n|upkeep\n|-message|galaxystudios370 forfeited.\n|\n|win|Hayakawa00aki\n|raw|galaxystudios370's rating: 1613 &rarr; <strong>1590<\/strong><br \/>(-23 for losing)\n|raw|Hayakawa00aki's rating: 1563 &rarr; <strong>1586<\/strong><br \/>(+23 for winning)\n|l|\u2606galaxystudios370\n|l|\u2606Hayakawa00aki\n","uploadtime":1700100666,"views":7,"p1id":"galaxystudios370","p2id":"hayakawa00aki","formatid":"gen9nationaldexubers","rating":1586,"private":0,"password":""}