{"id":"gen9nationaldexubers-1993351974","p1":"Rhyfinn08","p2":"Marcdragon1205","format":"[Gen 9] National Dex Ubers","log":"|j|\u2606Rhyfinn08\n|j|\u2606Marcdragon1205\n|t:|1700304142\n|gametype|singles\n|player|p1|Rhyfinn08|ninjaboy|1000\n|player|p2|Marcdragon1205|burglar|1000\n|teamsize|p1|6\n|teamsize|p2|6\n|gen|9\n|tier|[Gen 9] National Dex Ubers\n|rated|\n|rule|HP Percentage Mod: HP is shown in percentages\n|rule|Endless Battle Clause: Forcing endless battles is banned\n|rule|OHKO Clause: OHKO moves are banned\n|rule|Evasion Moves Clause: Evasion moves are banned\n|rule|Evasion Items Clause: Evasion items are banned\n|rule|Species Clause: Limit one of each Pok\u00e9mon\n|rule|Sleep Clause Mod: Limit one foe put to sleep\n|rule|Mega Rayquaza Clause: You cannot mega evolve Rayquaza\n|clearpoke\n|poke|p1|Xerneas-*|\n|poke|p1|Marshadow|\n|poke|p1|Groudon|\n|poke|p1|Deoxys-Speed|\n|poke|p1|Necrozma-Dusk-Mane|\n|poke|p1|Pheromosa|\n|poke|p2|Glimmet, F|\n|poke|p2|Grimmsnarl, M|\n|poke|p2|Ogerpon, F|\n|poke|p2|Ditto|\n|poke|p2|Cyclizar, M|\n|poke|p2|Riolu, M|\n|teampreview\n|inactive|Battle timer is ON: inactive players will automatically lose when time's up. (requested by Rhyfinn08)\n|c|\u2606Marcdragon1205|Glhf i hope we can have a fun battle :)\n|\n|t:|1700304154\n|start\n|switch|p1a: Deoxys|Deoxys-Speed, shiny|100\/100\n|switch|p2a: Grimmsnarl|Grimmsnarl, M|100\/100\n|-ability|p1a: Deoxys|Pressure\n|turn|1\n|\n|t:|1700304162\n|move|p1a: Deoxys|Magic Coat|p1a: Deoxys\n|-singleturn|p1a: Deoxys|move: Magic Coat\n|move|p2a: Grimmsnarl|Reflect|p2a: Grimmsnarl\n|-sidestart|p2: Marcdragon1205|Reflect\n|\n|upkeep\n|turn|2\n|\n|t:|1700304167\n|move|p2a: Grimmsnarl|Light Screen|p2a: Grimmsnarl\n|-sidestart|p2: Marcdragon1205|move: Light Screen\n|move|p1a: Deoxys|Taunt|p2a: Grimmsnarl\n|-start|p2a: Grimmsnarl|move: Taunt\n|\n|upkeep\n|turn|3\n|\n|t:|1700304174\n|switch|p2a: Cyclizar|Cyclizar, M|100\/100\n|move|p1a: Deoxys|Stealth Rock|p2a: Cyclizar\n|-sidestart|p2: Marcdragon1205|move: Stealth Rock\n|\n|upkeep\n|turn|4\n|\n|t:|1700304177\n|move|p2a: Cyclizar|Shed Tail|p2a: Cyclizar\n|-start|p2a: Cyclizar|Substitute|[from] move: Shed Tail\n|-damage|p2a: Cyclizar|50\/100\n|\n|t:|1700304181\n|switch|p2a: Ogerpon|Ogerpon, F|100\/100|[from] Shed Tail\n|-damage|p2a: Ogerpon|88\/100|[from] Stealth Rock\n|move|p1a: Deoxys|Taunt|p2a: Ogerpon\n|-start|p2a: Ogerpon|move: Taunt\n|\n|upkeep\n|turn|5\n|\n|t:|1700304190\n|-terastallize|p2a: Ogerpon|Grass\n|detailschange|p2a: Ogerpon|Ogerpon-Teal-Tera, F, tera:Grass\n|-ability|p2a: Ogerpon|Embody Aspect (Teal)|boost\n|-boost|p2a: Ogerpon|spe|1\n|move|p2a: Ogerpon|Ivy Cudgel|p1a: Deoxys\n|-damage|p1a: Deoxys|23\/100\n|move|p1a: Deoxys|Spikes|p2a: Ogerpon\n|-sidestart|p2: Marcdragon1205|Spikes\n|\n|upkeep\n|turn|6\n|\n|t:|1700304200\n|move|p2a: Ogerpon|Ivy Cudgel|p1a: Deoxys\n|-damage|p1a: Deoxys|0 fnt\n|faint|p1a: Deoxys\n|\n|-end|p2a: Ogerpon|move: Taunt\n|upkeep\n|\n|t:|1700304211\n|switch|p1a: Necrozma|Necrozma-Dusk-Mane, shiny|100\/100\n|turn|7\n|\n|t:|1700304218\n|move|p2a: Ogerpon|Swords Dance|p2a: Ogerpon\n|-boost|p2a: Ogerpon|atk|2\n|move|p1a: Necrozma|Sunsteel Strike|p2a: Ogerpon\n|-end|p2a: Ogerpon|Substitute\n|\n|upkeep\n|turn|8\n|\n|t:|1700304228\n|move|p2a: Ogerpon|Knock Off|p1a: Necrozma\n|-supereffective|p1a: Necrozma\n|-damage|p1a: Necrozma|48\/100\n|move|p1a: Necrozma|Dragon Dance|p1a: Necrozma\n|-boost|p1a: Necrozma|atk|1\n|-boost|p1a: Necrozma|spe|1\n|\n|-sideend|p2: Marcdragon1205|Reflect\n|upkeep\n|turn|9\n|\n|t:|1700304234\n|detailschange|p1a: Necrozma|Necrozma-Ultra, shiny\n|-burst|p1a: Necrozma|Necrozma|Ultranecrozium Z\n|move|p1a: Necrozma|Photon Geyser|p2a: Ogerpon\n|-damage|p2a: Ogerpon|0 fnt\n|faint|p2a: Ogerpon\n|\n|-sideend|p2: Marcdragon1205|move: Light Screen\n|upkeep\n|\n|t:|1700304241\n|switch|p2a: Ditto|Ditto|100\/100\n|-damage|p2a: Ditto|88\/100|[from] Stealth Rock\n|-damage|p2a: Ditto|76\/100|[from] Spikes\n|-transform|p2a: Ditto|p1a: Necrozma|[from] ability: Imposter\n|turn|10\n|\n|t:|1700304255\n|move|p2a: Ditto|Photon Geyser|p1a: Necrozma\n|-resisted|p1a: Necrozma\n|-damage|p1a: Necrozma|0 fnt\n|faint|p1a: Necrozma\n|\n|upkeep\n|\n|t:|1700304258\n|switch|p1a: Marshadow|Marshadow|100\/100\n|turn|11\n|\n|t:|1700304262\n|move|p2a: Ditto|Photon Geyser|p1a: Marshadow\n|-supereffective|p1a: Marshadow\n|-enditem|p1a: Marshadow|Focus Sash\n|-damage|p1a: Marshadow|1\/100\n|move|p1a: Marshadow|Spectral Thief||[still]\n|-clearpositiveboost|p2a: Ditto|p1a: Marshadow|move: Spectral Thief\n|-boost|p1a: Marshadow|atk|1\n|-boost|p1a: Marshadow|spe|1\n|-anim|p1a: Marshadow|Spectral Thief|p2a: Ditto\n|-supereffective|p2a: Ditto\n|-damage|p2a: Ditto|0 fnt\n|faint|p2a: Ditto\n|\n|upkeep\n|\n|t:|1700304270\n|switch|p2a: Glimmet|Glimmet, F|100\/100\n|-damage|p2a: Glimmet|88\/100|[from] Stealth Rock\n|-damage|p2a: Glimmet|76\/100|[from] Spikes\n|turn|12\n|\n|t:|1700304278\n|move|p1a: Marshadow|Close Combat|p2a: Glimmet\n|-damage|p2a: Glimmet|0 fnt\n|-unboost|p1a: Marshadow|def|1\n|-unboost|p1a: Marshadow|spd|1\n|-activate|p2a: Glimmet|ability: Toxic Debris\n|-sidestart|p1: Rhyfinn08|move: Toxic Spikes\n|faint|p2a: Glimmet\n|\n|upkeep\n|\n|t:|1700304291\n|switch|p2a: Cyclizar|Cyclizar, M|83\/100\n|-damage|p2a: Cyclizar|71\/100|[from] Stealth Rock\n|-damage|p2a: Cyclizar|59\/100|[from] Spikes\n|turn|13\n|\n|t:|1700304295\n|move|p1a: Marshadow|Close Combat|p2a: Cyclizar\n|-supereffective|p2a: Cyclizar\n|-damage|p2a: Cyclizar|0 fnt\n|-unboost|p1a: Marshadow|def|1\n|-unboost|p1a: Marshadow|spd|1\n|faint|p2a: Cyclizar\n|\n|upkeep\n|\n|t:|1700304298\n|switch|p2a: Grimmsnarl|Grimmsnarl, M|100\/100\n|-damage|p2a: Grimmsnarl|88\/100|[from] Stealth Rock\n|-damage|p2a: Grimmsnarl|76\/100|[from] Spikes\n|turn|14\n|\n|t:|1700304301\n|move|p2a: Grimmsnarl|Thunder Wave|p1a: Marshadow\n|-status|p1a: Marshadow|par\n|cant|p1a: Marshadow|par\n|\n|upkeep\n|turn|15\n|-message|Marcdragon1205 forfeited.\n|\n|win|Rhyfinn08\n|raw|Rhyfinn08's rating: 1000 &rarr; <strong>1040<\/strong><br \/>(+40 for winning)\n|raw|Marcdragon1205's rating: 1000 &rarr; <strong>1000<\/strong><br \/>(+0 for losing)\n|l|\u2606Marcdragon1205\n","uploadtime":1700304314,"views":6,"p1id":"rhyfinn08","p2id":"marcdragon1205","formatid":"gen9nationaldexubers","rating":1000,"private":0,"password":""}