{"id":"gen9nationaldexubers-1995352671","p1":"LuckyPlays10136","p2":"UrLordAndSavoir","format":"[Gen 9] National Dex Ubers","log":"|j|\u2606LuckyPlays10136\n|j|\u2606UrLordAndSavoir\n|t:|1700558534\n|gametype|singles\n|player|p1|LuckyPlays10136|hilbert|\n|player|p2|UrLordAndSavoir|1|\n|teamsize|p1|6\n|teamsize|p2|6\n|gen|9\n|tier|[Gen 9] National Dex Ubers\n|rule|HP Percentage Mod: HP is shown in percentages\n|rule|Endless Battle Clause: Forcing endless battles is banned\n|rule|OHKO Clause: OHKO moves are banned\n|rule|Evasion Moves Clause: Evasion moves are banned\n|rule|Evasion Items Clause: Evasion items are banned\n|rule|Species Clause: Limit one of each Pok\u00e9mon\n|rule|Sleep Clause Mod: Limit one foe put to sleep\n|rule|Mega Rayquaza Clause: You cannot mega evolve Rayquaza\n|clearpoke\n|poke|p1|Klefki, M|\n|poke|p1|Rotom-Wash|\n|poke|p1|Ninetales, M|\n|poke|p1|Chi-Yu|\n|poke|p1|Zoroark-Hisui, M|\n|poke|p1|Dugtrio-Alola, F|\n|poke|p2|Typhlosion, M|\n|poke|p2|Ninetales-Alola, F|\n|poke|p2|Baxcalibur, M|\n|poke|p2|Gholdengo|\n|poke|p2|Clefable, F|\n|poke|p2|Sandslash-Alola, F|\n|teampreview\n|inactive|Battle timer is ON: inactive players will automatically lose when time's up. (requested by LuckyPlays10136)\n|inactive|UrLordAndSavoir has 270 seconds left.\n|\n|t:|1700558565\n|start\n|switch|p1a: Rotom|Rotom-Wash|100\/100\n|switch|p2a: Typhlosion|Typhlosion, M|100\/100\n|turn|1\n|\n|t:|1700558574\n|switch|p2a: Clefable|Clefable, F|100\/100\n|move|p1a: Rotom|Hydro Pump|p2a: Clefable|[miss]\n|-miss|p1a: Rotom|p2a: Clefable\n|\n|upkeep\n|turn|2\n|\n|t:|1700558579\n|move|p1a: Rotom|Volt Switch|p2a: Clefable\n|-damage|p2a: Clefable|72\/100\n|\n|t:|1700558582\n|switch|p1a: Ninetales|Ninetales, M|100\/100|[from] Volt Switch\n|-weather|SunnyDay|[from] ability: Drought|[of] p1a: Ninetales\n|move|p2a: Clefable|Knock Off|p1a: Ninetales\n|-crit|p1a: Ninetales\n|-damage|p1a: Ninetales|70\/100\n|-enditem|p1a: Ninetales|Leftovers|[from] move: Knock Off|[of] p2a: Clefable\n|\n|-weather|SunnyDay|[upkeep]\n|-heal|p2a: Clefable|78\/100|[from] item: Leftovers\n|upkeep\n|turn|3\n|c|\u2606LuckyPlays10136|no 8 turn sun for u sir\n|\n|t:|1700558598\n|move|p2a: Clefable|Protect|p2a: Clefable\n|-singleturn|p2a: Clefable|Protect\n|move|p1a: Ninetales|Encore|p2a: Clefable\n|-activate|p2a: Clefable|move: Protect\n|\n|-weather|SunnyDay|[upkeep]\n|-heal|p2a: Clefable|84\/100|[from] item: Leftovers\n|upkeep\n|turn|4\n|c|\u2606UrLordAndSavoir|yeah why it feel like the sun works for me now\n|\n|t:|1700558617\n|switch|p2a: Typhlosion|Typhlosion, M|100\/100\n|move|p1a: Ninetales|Flamethrower|p2a: Typhlosion\n|-start|p2a: Typhlosion|ability: Flash Fire\n|\n|-weather|SunnyDay|[upkeep]\n|upkeep\n|turn|5\n|c|\u2606LuckyPlays10136|fuckkk\n|\n|t:|1700558625\n|move|p1a: Ninetales|Protect|p1a: Ninetales\n|-singleturn|p1a: Ninetales|Protect\n|move|p2a: Typhlosion|Solar Beam||[still]\n|-prepare|p2a: Typhlosion|Solar Beam\n|-anim|p2a: Typhlosion|Solar Beam|p1a: Ninetales\n|-activate|p1a: Ninetales|move: Protect\n|\n|-weather|SunnyDay|[upkeep]\n|upkeep\n|turn|6\n|c|\u2606UrLordAndSavoir|shit\n|\n|t:|1700558636\n|move|p1a: Ninetales|Protect|p1a: Ninetales\n|-singleturn|p1a: Ninetales|Protect\n|move|p2a: Typhlosion|Solar Beam||[still]\n|-prepare|p2a: Typhlosion|Solar Beam\n|-anim|p2a: Typhlosion|Solar Beam|p1a: Ninetales\n|-activate|p1a: Ninetales|move: Protect\n|\n|-weather|none\n|upkeep\n|turn|7\n|c|\u2606LuckyPlays10136|YES\n|\n|t:|1700558650\n|-end|p2a: Typhlosion|ability: Flash Fire|[silent]\n|switch|p2a: Baxcalibur|Baxcalibur, M|100\/100\n|switch|p1a: Klefki|Klefki, M|100\/100\n|\n|upkeep\n|turn|8\n|\n|t:|1700558659\n|move|p1a: Klefki|Thunder Wave|p2a: Baxcalibur\n|-status|p2a: Baxcalibur|par\n|move|p2a: Baxcalibur|Earthquake|p1a: Klefki\n|-supereffective|p1a: Klefki\n|-damage|p1a: Klefki|28\/100\n|\n|upkeep\n|turn|9\n|\n|t:|1700558667\n|move|p1a: Klefki|Reflect|p1a: Klefki\n|-sidestart|p1: LuckyPlays10136|Reflect\n|move|p2a: Baxcalibur|Dragon Dance|p2a: Baxcalibur\n|-boost|p2a: Baxcalibur|atk|1\n|-boost|p2a: Baxcalibur|spe|1\n|\n|upkeep\n|turn|10\n|\n|t:|1700558672\n|move|p2a: Baxcalibur|Dragon Dance|p2a: Baxcalibur\n|-boost|p2a: Baxcalibur|atk|1\n|-boost|p2a: Baxcalibur|spe|1\n|move|p1a: Klefki|Dazzling Gleam|p2a: Baxcalibur\n|-supereffective|p2a: Baxcalibur\n|-damage|p2a: Baxcalibur|53\/100 par\n|\n|upkeep\n|turn|11\n|\n|t:|1700558677\n|move|p2a: Baxcalibur|Icicle Spear|p1a: Klefki\n|-resisted|p1a: Klefki\n|-damage|p1a: Klefki|21\/100\n|-resisted|p1a: Klefki\n|-damage|p1a: Klefki|14\/100\n|-resisted|p1a: Klefki\n|-damage|p1a: Klefki|8\/100\n|-resisted|p1a: Klefki\n|-damage|p1a: Klefki|2\/100\n|-hitcount|p1a: Klefki|4\n|move|p1a: Klefki|Dazzling Gleam|p2a: Baxcalibur\n|-supereffective|p2a: Baxcalibur\n|-damage|p2a: Baxcalibur|1\/100 par\n|\n|upkeep\n|turn|12\n|c|\u2606UrLordAndSavoir|aaaa\n|\n|t:|1700558688\n|move|p2a: Baxcalibur|Icicle Spear|p1a: Klefki\n|-resisted|p1a: Klefki\n|-damage|p1a: Klefki|0 fnt\n|faint|p1a: Klefki\n|-hitcount|p1: Klefki|1\n|\n|upkeep\n|\n|t:|1700558697\n|switch|p1a: Dugtrio|Dugtrio-Alola, F|100\/100\n|turn|13\n|\n|t:|1700558701\n|move|p1a: Dugtrio|Flash Cannon|p2a: Baxcalibur\n|-supereffective|p2a: Baxcalibur\n|-damage|p2a: Baxcalibur|0 fnt\n|faint|p2a: Baxcalibur\n|\n|upkeep\n|\n|t:|1700558714\n|switch|p2a: Typhlosion|Typhlosion, M|100\/100\n|turn|14\n|\n|t:|1700558720\n|switch|p1a: Rotom|Rotom-Wash|100\/100\n|move|p2a: Typhlosion|Eruption|p1a: Rotom\n|-resisted|p1a: Rotom\n|-damage|p1a: Rotom|57\/100\n|\n|-heal|p1a: Rotom|63\/100|[from] item: Leftovers\n|upkeep\n|turn|15\n|\n|t:|1700558732\n|switch|p2a: Clefable|Clefable, F|84\/100\n|move|p1a: Rotom|Hydro Pump|p2a: Clefable\n|-damage|p2a: Clefable|45\/100\n|\n|-heal|p1a: Rotom|70\/100|[from] item: Leftovers\n|-heal|p2a: Clefable|51\/100|[from] item: Leftovers\n|upkeep\n|turn|16\n|\n|t:|1700558737\n|move|p1a: Rotom|Volt Switch|p2a: Clefable\n|-damage|p2a: Clefable|23\/100\n|\n|t:|1700558748\n|switch|p1a: Chi-Yu|Chi-Yu|100\/100|[from] Volt Switch\n|-ability|p1a: Chi-Yu|Beads of Ruin\n|move|p2a: Clefable|Wish|p2a: Clefable\n|\n|-heal|p2a: Clefable|29\/100|[from] item: Leftovers\n|-sideend|p1: LuckyPlays10136|Reflect\n|upkeep\n|turn|17\n|\n|t:|1700558760\n|move|p2a: Clefable|Protect|p2a: Clefable\n|-singleturn|p2a: Clefable|Protect\n|move|p1a: Chi-Yu|Dark Pulse|p2a: Clefable\n|-activate|p2a: Clefable|move: Protect\n|\n|-heal|p2a: Clefable|79\/100|[from] move: Wish|[wisher] Clefable\n|-heal|p2a: Clefable|85\/100|[from] item: Leftovers\n|upkeep\n|turn|18\n|\n|t:|1700558769\n|switch|p1a: Dugtrio|Dugtrio-Alola, F|100\/100\n|move|p2a: Clefable|Moonblast|p1a: Dugtrio\n|-resisted|p1a: Dugtrio\n|-damage|p1a: Dugtrio|75\/100\n|-unboost|p1a: Dugtrio|spa|1\n|\n|-heal|p2a: Clefable|91\/100|[from] item: Leftovers\n|upkeep\n|turn|19\n|\n|t:|1700558778\n|move|p1a: Dugtrio|Flash Cannon|p2a: Clefable\n|-supereffective|p2a: Clefable\n|-damage|p2a: Clefable|61\/100\n|-unboost|p2a: Clefable|spd|1\n|move|p2a: Clefable|Knock Off|p1a: Dugtrio\n|-damage|p1a: Dugtrio|38\/100\n|-damage|p2a: Clefable|45\/100|[from] item: Rocky Helmet|[of] p1a: Dugtrio\n|-ability|p1a: Dugtrio|Tangling Hair\n|-unboost|p2a: Clefable|spe|1\n|-enditem|p1a: Dugtrio|Rocky Helmet|[from] move: Knock Off|[of] p2a: Clefable\n|\n|-heal|p2a: Clefable|51\/100|[from] item: Leftovers\n|upkeep\n|turn|20\n|\n|t:|1700558793\n|switch|p2a: Gholdengo|Gholdengo|100\/100\n|move|p1a: Dugtrio|Flash Cannon|p2a: Gholdengo\n|-resisted|p2a: Gholdengo\n|-damage|p2a: Gholdengo|94\/100\n|\n|upkeep\n|turn|21\n|\n|t:|1700558813\n|switch|p1a: Rotom|Rotom-Wash|70\/100\n|move|p2a: Gholdengo|Focus Blast|p1a: Rotom\n|-damage|p1a: Rotom|19\/100\n|\n|-heal|p1a: Rotom|25\/100|[from] item: Leftovers\n|upkeep\n|turn|22\n|\n|t:|1700558824\n|switch|p2a: Typhlosion|Typhlosion, M|100\/100\n|move|p1a: Rotom|Volt Switch|p2a: Typhlosion\n|-damage|p2a: Typhlosion|64\/100\n|\n|t:|1700558832\n|switch|p1a: Dugtrio|Dugtrio-Alola, F|38\/100|[from] Volt Switch\n|\n|upkeep\n|turn|23\n|c|\u2606LuckyPlays10136|am i allowed to tera\n|c|\u2606UrLordAndSavoir|if this is tera captain\n|c|\u2606UrLordAndSavoir|yea\n|c|\u2606LuckyPlays10136|ok then no\n|inactive|UrLordAndSavoir has 270 seconds left.\n|\n|t:|1700558858\n|move|p2a: Typhlosion|Shadow Ball|p1a: Dugtrio\n|-damage|p1a: Dugtrio|0 fnt\n|faint|p1a: Dugtrio\n|\n|upkeep\n|\n|t:|1700558870\n|switch|p1a: Ninetales|Ninetales, M|70\/100\n|-weather|SunnyDay|[from] ability: Drought|[of] p1a: Ninetales\n|turn|24\n|\n|t:|1700558876\n|switch|p2a: Ninetales|Ninetales-Alola, F|100\/100\n|-weather|Snow|[from] ability: Snow Warning|[of] p2a: Ninetales\n|switch|p1a: Chi-Yu|Chi-Yu|100\/100\n|-ability|p1a: Chi-Yu|Beads of Ruin\n|\n|-weather|Snow|[upkeep]\n|upkeep\n|turn|25\n|\n|t:|1700558882\n|move|p2a: Ninetales|Aurora Veil|p2a: Ninetales\n|-sidestart|p2: UrLordAndSavoir|move: Aurora Veil\n|move|p1a: Chi-Yu|Overheat|p2a: Ninetales\n|-supereffective|p2a: Ninetales\n|-damage|p2a: Ninetales|0 fnt\n|-unboost|p1a: Chi-Yu|spa|2\n|faint|p2a: Ninetales\n|\n|-weather|Snow|[upkeep]\n|upkeep\n|\n|t:|1700558894\n|switch|p2a: Sandslash|Sandslash-Alola, F|100\/100\n|turn|26\n|\n|t:|1700558901\n|switch|p1a: Ninetales|Ninetales, M|70\/100\n|-weather|SunnyDay|[from] ability: Drought|[of] p1a: Ninetales\n|-terastallize|p2a: Sandslash|Dark\n|move|p2a: Sandslash|Swords Dance|p2a: Sandslash\n|-boost|p2a: Sandslash|atk|2\n|\n|-weather|SunnyDay|[upkeep]\n|upkeep\n|turn|27\n|\n|t:|1700558911\n|switch|p2a: Typhlosion|Typhlosion, M|64\/100\n|move|p1a: Ninetales|Encore||[still]\n|-fail|p1a: Ninetales\n|\n|-weather|SunnyDay|[upkeep]\n|upkeep\n|turn|28\n|\n|t:|1700558920\n|move|p1a: Ninetales|Protect|p1a: Ninetales\n|-singleturn|p1a: Ninetales|Protect\n|move|p2a: Typhlosion|Eruption|p1a: Ninetales\n|-activate|p1a: Ninetales|move: Protect\n|\n|-weather|SunnyDay|[upkeep]\n|upkeep\n|turn|29\n|c|\u2606LuckyPlays10136|wait fuck alolan dugtrio is my tera captain\n|\n|t:|1700558940\n|move|p1a: Ninetales|Protect|p1a: Ninetales\n|-singleturn|p1a: Ninetales|Protect\n|move|p2a: Typhlosion|Eruption|p1a: Ninetales\n|-activate|p1a: Ninetales|move: Protect\n|\n|-weather|SunnyDay|[upkeep]\n|upkeep\n|turn|30\n|\n|t:|1700558947\n|switch|p2a: Clefable|Clefable, F|51\/100\n|switch|p1a: Rotom|Rotom-Wash|25\/100\n|\n|-weather|none\n|-heal|p1a: Rotom|31\/100|[from] item: Leftovers\n|-heal|p2a: Clefable|57\/100|[from] item: Leftovers\n|upkeep\n|turn|31\n|\n|t:|1700558952\n|move|p1a: Rotom|Volt Switch|p2a: Clefable\n|-damage|p2a: Clefable|43\/100\n|\n|t:|1700558958\n|switch|p1a: Chi-Yu|Chi-Yu|100\/100|[from] Volt Switch\n|-ability|p1a: Chi-Yu|Beads of Ruin\n|move|p2a: Clefable|Wish|p2a: Clefable\n|\n|-heal|p2a: Clefable|49\/100|[from] item: Leftovers\n|upkeep\n|turn|32\n|\n|t:|1700558964\n|move|p2a: Clefable|Protect|p2a: Clefable\n|-singleturn|p2a: Clefable|Protect\n|move|p1a: Chi-Yu|Overheat|p2a: Clefable\n|-activate|p2a: Clefable|move: Protect\n|\n|-heal|p2a: Clefable|99\/100|[from] move: Wish|[wisher] Clefable\n|-heal|p2a: Clefable|100\/100|[from] item: Leftovers\n|-sideend|p2: UrLordAndSavoir|move: Aurora Veil\n|upkeep\n|turn|33\n|\n|t:|1700558966\n|move|p1a: Chi-Yu|Overheat|p2a: Clefable\n|-damage|p2a: Clefable|0 fnt\n|-unboost|p1a: Chi-Yu|spa|2\n|faint|p2a: Clefable\n|\n|upkeep\n|c|\u2606UrLordAndSavoir|wtf this thing\n|\n|t:|1700558984\n|switch|p2a: Sandslash|Sandslash-Alola, F, tera:Dark|100\/100\n|turn|34\n|c|\u2606LuckyPlays10136|specs 252+ chi yu\n|\n|t:|1700558993\n|switch|p1a: Rotom|Rotom-Wash|31\/100\n|move|p2a: Sandslash|Knock Off|p1a: Rotom\n|-damage|p1a: Rotom|0 fnt\n|-enditem|p1a: Rotom|Leftovers|[from] move: Knock Off|[of] p2a: Sandslash\n|faint|p1a: Rotom\n|\n|upkeep\n|c|\u2606UrLordAndSavoir|yeah im ded\n|\n|t:|1700558997\n|switch|p1a: Ninetales|Ninetales, M|70\/100\n|-weather|SunnyDay|[from] ability: Drought|[of] p1a: Ninetales\n|turn|35\n|\n|t:|1700559006\n|switch|p1a: Chi-Yu|Chi-Yu|100\/100\n|move|p2a: Sandslash|Rapid Spin|p1a: Chi-Yu\n|-immune|p1a: Chi-Yu\n|\n|-weather|SunnyDay|[upkeep]\n|upkeep\n|turn|36\n|c|\u2606UrLordAndSavoir|nice chi yu\n|\n|t:|1700559016\n|move|p1a: Chi-Yu|Hyper Voice|p2a: Sandslash\n|-damage|p2a: Sandslash|0 fnt\n|faint|p2a: Sandslash\n|\n|-weather|SunnyDay|[upkeep]\n|upkeep\n|c|\u2606UrLordAndSavoir|fuc\n|c|\u2606LuckyPlays10136|tyty\n|\n|t:|1700559028\n|switch|p2a: Gholdengo|Gholdengo|94\/100\n|turn|37\n|\n|t:|1700559037\n|switch|p1a: Ninetales|Ninetales, M|70\/100\n|move|p2a: Gholdengo|Trick|p1a: Ninetales\n|-activate|p2a: Gholdengo|move: Trick|[of] p1a: Ninetales\n|-item|p1a: Ninetales|Choice Scarf|[from] move: Trick\n|-enditem|p2a: Gholdengo|Choice Scarf|[silent]|[from] move: Trick\n|\n|-weather|SunnyDay|[upkeep]\n|upkeep\n|turn|38\n|\n|t:|1700559048\n|move|p1a: Ninetales|Encore|p2a: Gholdengo\n|-immune|p2a: Gholdengo|[from] ability: Good as Gold\n|move|p2a: Gholdengo|Shadow Ball|p1a: Ninetales\n|-damage|p1a: Ninetales|35\/100\n|\n|-weather|SunnyDay|[upkeep]\n|upkeep\n|turn|39\n|c|\u2606LuckyPlays10136|ah\n|c|\u2606LuckyPlays10136|i se\n|\n|t:|1700559062\n|switch|p1a: Chi-Yu|Chi-Yu|100\/100\n|move|p2a: Gholdengo|Shadow Ball|p1a: Chi-Yu\n|-immune|p1a: Chi-Yu\n|\n|-weather|none\n|upkeep\n|turn|40\n|c|\u2606LuckyPlays10136|great chi yu here\n|c|\u2606UrLordAndSavoir|yep\n|\n|t:|1700559082\n|move|p1a: Chi-Yu|Shadow Ball|p2a: Gholdengo\n|-supereffective|p2a: Gholdengo\n|-damage|p2a: Gholdengo|0 fnt\n|faint|p2a: Gholdengo\n|\n|upkeep\n|c|\u2606UrLordAndSavoir|gg\n|\n|t:|1700559089\n|switch|p2a: Typhlosion|Typhlosion, M|64\/100\n|turn|41\n|c|\u2606LuckyPlays10136|YES\n|\n|t:|1700559093\n|move|p2a: Typhlosion|Tera Blast|p1a: Chi-Yu\n|-immune|p1a: Chi-Yu\n|move|p1a: Chi-Yu|Shadow Ball|p2a: Typhlosion\n|-damage|p2a: Typhlosion|0 fnt\n|faint|p2a: Typhlosion\n|\n|win|LuckyPlays10136\n|l|\u2606UrLordAndSavoir\n|c|\u2606LuckyPlays10136|THE TEAM CALLED FUCK TERENCE BEAT TERENCE\n","uploadtime":1700559106,"views":25,"p1id":"luckyplays10136","p2id":"urlordandsavoir","formatid":"gen9nationaldexubers","rating":0,"private":0,"password":""}