{"id":"gen9nationaldexubers-1999708863","p1":"Paras op","p2":"JotaV590","format":"[Gen 9] National Dex Ubers","log":"|j|\u2606Paras op\n|j|\u2606JotaV590\n|t:|1701109741\n|gametype|singles\n|player|p1|Paras op|steven|1169\n|player|p2|JotaV590|red|1198\n|teamsize|p1|6\n|teamsize|p2|6\n|gen|9\n|tier|[Gen 9] National Dex Ubers\n|rated|\n|rule|HP Percentage Mod: HP is shown in percentages\n|rule|Endless Battle Clause: Forcing endless battles is banned\n|rule|OHKO Clause: OHKO moves are banned\n|rule|Evasion Moves Clause: Evasion moves are banned\n|rule|Evasion Items Clause: Evasion items are banned\n|rule|Species Clause: Limit one of each Pok\u00e9mon\n|rule|Sleep Clause Mod: Limit one foe put to sleep\n|rule|Mega Rayquaza Clause: You cannot mega evolve Rayquaza\n|clearpoke\n|poke|p1|Zacian-*|\n|poke|p1|Venusaur, M|\n|poke|p1|Groudon|\n|poke|p1|Kyogre|\n|poke|p1|Lunala|\n|poke|p1|Rayquaza|\n|poke|p2|Polteageist|\n|poke|p2|Dracovish|\n|poke|p2|Marshadow|\n|poke|p2|Mew|\n|poke|p2|Blaziken, M|\n|poke|p2|Smeargle, M|\n|teampreview\n|c|\u2606JotaV590|glhf\n|\n|t:|1701109751\n|start\n|switch|p1a: Groudon|Groudon|100\/100\n|switch|p2a: Teriaki|Blaziken, M|100\/100\n|detailschange|p1a: Groudon|Groudon-Primal\n|-primal|p1a: Groudon|Red Orb\n|-weather|DesolateLand|[from] ability: Desolate Land|[of] p1a: Groudon\n|turn|1\n|\n|t:|1701109759\n|detailschange|p2a: Teriaki|Blaziken-Mega, M\n|-mega|p2a: Teriaki|Blaziken|Blazikenite\n|move|p2a: Teriaki|Swords Dance|p2a: Teriaki\n|-boost|p2a: Teriaki|atk|2\n|move|p1a: Groudon|Precipice Blades|p2a: Teriaki\n|-supereffective|p2a: Teriaki\n|-damage|p2a: Teriaki|0 fnt\n|faint|p2a: Teriaki\n|\n|-weather|DesolateLand|[upkeep]\n|upkeep\n|\n|t:|1701109764\n|switch|p2a: Bri\u00b4ish|Polteageist|100\/100\n|turn|2\n|inactive|Battle timer is ON: inactive players will automatically lose when time's up. (requested by JotaV590)\n|c|\u2606Paras op|I didn't need gl \ud83d\ude02\n|\n|t:|1701109795\n|move|p1a: Groudon|Precipice Blades|p2a: Bri\u00b4ish\n|-enditem|p2a: Bri\u00b4ish|Focus Sash\n|-damage|p2a: Bri\u00b4ish|1\/100\n|-ability|p2a: Bri\u00b4ish|Weak Armor|boost\n|-unboost|p2a: Bri\u00b4ish|def|1\n|-boost|p2a: Bri\u00b4ish|spe|2\n|move|p2a: Bri\u00b4ish|Shell Smash|p2a: Bri\u00b4ish\n|-unboost|p2a: Bri\u00b4ish|def|1\n|-unboost|p2a: Bri\u00b4ish|spd|1\n|-boost|p2a: Bri\u00b4ish|atk|2\n|-boost|p2a: Bri\u00b4ish|spa|2\n|-boost|p2a: Bri\u00b4ish|spe|2\n|\n|-weather|DesolateLand|[upkeep]\n|upkeep\n|turn|3\n|c|\u2606JotaV590|yeah, u dont deserve it\n|\n|t:|1701109808\n|move|p2a: Bri\u00b4ish|Stored Power|p1a: Groudon\n|-crit|p1a: Groudon\n|-damage|p1a: Groudon|0 fnt\n|faint|p1a: Groudon\n|-weather|none\n|\n|upkeep\n|c|\u2606JotaV590|;)\n|\n|t:|1701109815\n|switch|p1a: Zacian|Zacian-Crowned|100\/100\n|-ability|p1a: Zacian|Intrepid Sword|boost\n|-boost|p1a: Zacian|atk|1\n|turn|4\n|\n|t:|1701109821\n|-terastallize|p2a: Bri\u00b4ish|Ghost\n|move|p2a: Bri\u00b4ish|Tera Blast|p1a: Zacian|[anim] Tera Blast Ghost\n|-damage|p1a: Zacian|0 fnt\n|faint|p1a: Zacian\n|\n|upkeep\n|\n|t:|1701109835\n|switch|p1a: Lunala|Lunala|100\/100\n|turn|5\n|c|\u2606JotaV590|repeat for me?\n|\n|t:|1701109840\n|move|p2a: Bri\u00b4ish|Tera Blast|p1a: Lunala|[anim] Tera Blast Ghost\n|-supereffective|p1a: Lunala\n|-damage|p1a: Lunala|0 fnt\n|faint|p1a: Lunala\n|\n|upkeep\n|\n|t:|1701109846\n|switch|p1a: Kyogre|Kyogre|100\/100\n|detailschange|p1a: Kyogre|Kyogre-Primal\n|-primal|p1a: Kyogre|Blue Orb\n|-weather|PrimordialSea|[from] ability: Primordial Sea|[of] p1a: Kyogre\n|turn|6\n|\n|t:|1701109849\n|move|p2a: Bri\u00b4ish|Stored Power|p1a: Kyogre\n|-damage|p1a: Kyogre|6\/100\n|move|p1a: Kyogre|Origin Pulse|p2a: Bri\u00b4ish\n|-damage|p2a: Bri\u00b4ish|0 fnt\n|faint|p2a: Bri\u00b4ish\n|\n|-weather|PrimordialSea|[upkeep]\n|upkeep\n|\n|t:|1701109859\n|switch|p2a: Here we go again|Smeargle, M|100\/100\n|turn|7\n|\n|t:|1701109864\n|move|p1a: Kyogre|Origin Pulse|p2a: Here we go again\n|-enditem|p2a: Here we go again|Focus Sash\n|-damage|p2a: Here we go again|1\/100\n|move|p2a: Here we go again|Spore|p1a: Kyogre\n|-status|p1a: Kyogre|slp|[from] move: Spore\n|\n|-weather|PrimordialSea|[upkeep]\n|upkeep\n|turn|8\n|\n|t:|1701109875\n|-weather|none\n|switch|p1a: Venusaur|Venusaur, M|100\/100\n|move|p2a: Here we go again|Revival Blessing|p2a: Here we go again\n|\n|t:|1701109881\n|-heal|p2: Teriaki|50\/100|[from] move: Revival Blessing\n|\n|upkeep\n|turn|9\n|\n|t:|1701109889\n|detailschange|p1a: Venusaur|Venusaur-Mega, M\n|-mega|p1a: Venusaur|Venusaur|Venusaurite\n|move|p1a: Venusaur|Sludge Bomb|p2a: Here we go again\n|-damage|p2a: Here we go again|0 fnt\n|faint|p2a: Here we go again\n|\n|upkeep\n|\n|t:|1701109895\n|switch|p2a: five Pebbles|Mew|100\/100\n|turn|10\n|\n|t:|1701109904\n|switch|p1a: Rayquaza|Rayquaza|100\/100\n|-ability|p1a: Rayquaza|Air Lock\n|move|p2a: five Pebbles|Psychic|p1a: Rayquaza\n|-damage|p1a: Rayquaza|64\/100\n|\n|-heal|p1a: Rayquaza|70\/100|[from] item: Leftovers\n|upkeep\n|turn|11\n|\n|t:|1701109921\n|move|p2a: five Pebbles|Psychic|p1a: Rayquaza\n|-crit|p1a: Rayquaza\n|-damage|p1a: Rayquaza|13\/100\n|-unboost|p1a: Rayquaza|spd|1\n|move|p1a: Rayquaza|Dragon Ascent|p2a: five Pebbles\n|-damage|p2a: five Pebbles|40\/100\n|-unboost|p1a: Rayquaza|def|1\n|-unboost|p1a: Rayquaza|spd|1\n|\n|-heal|p2a: five Pebbles|46\/100|[from] item: Leftovers\n|-heal|p1a: Rayquaza|19\/100|[from] item: Leftovers\n|upkeep\n|turn|12\n|\n|t:|1701109929\n|move|p2a: five Pebbles|Psychic|p1a: Rayquaza\n|-damage|p1a: Rayquaza|0 fnt\n|faint|p1a: Rayquaza\n|\n|-heal|p2a: five Pebbles|52\/100|[from] item: Leftovers\n|upkeep\n|\n|t:|1701109932\n|switch|p1a: Kyogre|Kyogre-Primal|6\/100 slp\n|-weather|PrimordialSea|[from] ability: Primordial Sea|[of] p1a: Kyogre\n|turn|13\n|\n|t:|1701109934\n|move|p2a: five Pebbles|Psychic|p1a: Kyogre\n|-damage|p1a: Kyogre|0 fnt\n|faint|p1a: Kyogre\n|-weather|none\n|\n|-heal|p2a: five Pebbles|58\/100|[from] item: Leftovers\n|upkeep\n|c|\u2606Paras op|Gg\n|\n|t:|1701109942\n|switch|p1a: Venusaur|Venusaur-Mega, M|100\/100\n|turn|14\n|c|\u2606JotaV590|what did u say ealier?\n|\n|t:|1701109948\n|move|p2a: five Pebbles|Psychic|p1a: Venusaur\n|-supereffective|p1a: Venusaur\n|-damage|p1a: Venusaur|31\/100\n|move|p1a: Venusaur|Leaf Storm|p2a: five Pebbles\n|-damage|p2a: five Pebbles|2\/100\n|-unboost|p1a: Venusaur|spa|2\n|\n|-heal|p2a: five Pebbles|8\/100|[from] item: Leftovers\n|upkeep\n|turn|15\n|l|\u2606Paras op\n|inactive|Paras op disconnected and has a minute to reconnect!\n|player|p1|\n|inactive|Paras op has 30 seconds to reconnect!\n|inactive|Paras op has 20 seconds to reconnect!\n|inactive|Paras op has 15 seconds to reconnect!\n|inactive|Paras op has 10 seconds to reconnect!\n|inactive|Paras op has 5 seconds to reconnect!\n|-message|Paras op lost due to inactivity.\n|\n|win|JotaV590\n|raw|Paras op's rating: 1169 &rarr; <strong>1146<\/strong><br \/>(-23 for losing)\n|raw|JotaV590's rating: 1198 &rarr; <strong>1221<\/strong><br \/>(+23 for winning)\n","uploadtime":1701110022,"views":7,"p1id":"parasop","p2id":"jotav590","formatid":"gen9nationaldexubers","rating":1146,"private":0,"password":""}