{"id":"gen9nationaldexubers-1977778071","p1":"NDFFA Draft Lover","p2":"pkrokune","format":"[Gen 9] National Dex Ubers","log":"|j|\u2606NDFFA Draft Lover\n|j|\u2606pkrokune\n|t:|1698448456\n|gametype|singles\n|player|p1|NDFFA Draft Lover|cameraman|1243\n|player|p2|pkrokune|backpacker|1313\n|teamsize|p1|6\n|teamsize|p2|6\n|gen|9\n|tier|[Gen 9] National Dex Ubers\n|rated|\n|rule|HP Percentage Mod: HP is shown in percentages\n|rule|Endless Battle Clause: Forcing endless battles is banned\n|rule|OHKO Clause: OHKO moves are banned\n|rule|Evasion Moves Clause: Evasion moves are banned\n|rule|Evasion Items Clause: Evasion items are banned\n|rule|Species Clause: Limit one of each Pok\u00e9mon\n|rule|Sleep Clause Mod: Limit one foe put to sleep\n|rule|Mega Rayquaza Clause: You cannot mega evolve Rayquaza\n|clearpoke\n|poke|p1|Tapu Bulu|\n|poke|p1|Chien-Pao|\n|poke|p1|Kecleon, M|\n|poke|p1|Ursaluna, F|\n|poke|p1|Sharpedo, M|\n|poke|p1|Regice|\n|poke|p2|Xerneas-*|\n|poke|p2|Yveltal|\n|poke|p2|Ho-Oh|\n|poke|p2|Giratina-Origin|\n|poke|p2|Kangaskhan, F|\n|poke|p2|Basculegion, M|\n|teampreview\n|inactive|Battle timer is ON: inactive players will automatically lose when time's up. (requested by pkrokune)\n|\n|t:|1698448473\n|start\n|switch|p1a: wii phone|Chien-Pao|100\/100\n|switch|p2a: Kangaskhan|Kangaskhan, F|100\/100\n|-ability|p1a: wii phone|Sword of Ruin\n|turn|1\n|\n|t:|1698448487\n|switch|p1a: baldi's basics|Ursaluna, F|100\/100\n|move|p2a: Kangaskhan|Fake Out|p1a: baldi's basics\n|-damage|p1a: baldi's basics|88\/100\n|\n|-status|p1a: baldi's basics|brn|[from] item: Flame Orb\n|upkeep\n|turn|2\n|\n|t:|1698448507\n|switch|p1a: the year of luigi|Regice|100\/100\n|detailschange|p2a: Kangaskhan|Kangaskhan-Mega, F\n|-mega|p2a: Kangaskhan|Kangaskhan|Kangaskhanite\n|move|p2a: Kangaskhan|Power-Up Punch|p1a: the year of luigi\n|-supereffective|p1a: the year of luigi\n|-damage|p1a: the year of luigi|82\/100\n|-boost|p2a: Kangaskhan|atk|1\n|-supereffective|p1a: the year of luigi\n|-damage|p1a: the year of luigi|75\/100\n|-boost|p2a: Kangaskhan|atk|1\n|-hitcount|p1a: the year of luigi|2\n|\n|-heal|p1a: the year of luigi|81\/100|[from] item: Leftovers\n|upkeep\n|turn|3\n|\n|t:|1698448519\n|move|p2a: Kangaskhan|Power-Up Punch|p1a: the year of luigi\n|-supereffective|p1a: the year of luigi\n|-damage|p1a: the year of luigi|42\/100\n|-boost|p2a: Kangaskhan|atk|1\n|-supereffective|p1a: the year of luigi\n|-damage|p1a: the year of luigi|30\/100\n|-boost|p2a: Kangaskhan|atk|1\n|-hitcount|p1a: the year of luigi|2\n|move|p1a: the year of luigi|Blizzard|p2a: Kangaskhan\n|-damage|p2a: Kangaskhan|65\/100\n|\n|-heal|p1a: the year of luigi|36\/100|[from] item: Leftovers\n|upkeep\n|turn|4\n|\n|t:|1698448524\n|move|p2a: Kangaskhan|Power-Up Punch|p1a: the year of luigi\n|-supereffective|p1a: the year of luigi\n|-damage|p1a: the year of luigi|0 fnt\n|-boost|p2a: Kangaskhan|atk|1\n|faint|p1a: the year of luigi\n|-hitcount|p1: the year of luigi|1\n|\n|upkeep\n|\n|t:|1698448526\n|switch|p1a: baldi's basics|Ursaluna, F|88\/100 brn\n|turn|5\n|\n|t:|1698448532\n|move|p2a: Kangaskhan|Body Slam|p1a: baldi's basics\n|-crit|p1a: baldi's basics\n|-damage|p1a: baldi's basics|0 fnt\n|faint|p1a: baldi's basics\n|-hitcount|p1: baldi's basics|1\n|\n|upkeep\n|\n|t:|1698448540\n|switch|p1a: tuberculosis|Tapu Bulu|100\/100\n|-fieldstart|move: Grassy Terrain|[from] ability: Grassy Surge|[of] p1a: tuberculosis\n|turn|6\n|\n|t:|1698448545\n|-terastallize|p1a: tuberculosis|Steel\n|move|p2a: Kangaskhan|Body Slam|p1a: tuberculosis\n|-resisted|p1a: tuberculosis\n|-crit|p1a: tuberculosis\n|-damage|p1a: tuberculosis|6\/100\n|-resisted|p1a: tuberculosis\n|-damage|p1a: tuberculosis|0 fnt\n|faint|p1a: tuberculosis\n|-hitcount|p1: tuberculosis|2\n|\n|-heal|p2a: Kangaskhan|71\/100|[from] Grassy Terrain\n|upkeep\n|\n|t:|1698448559\n|switch|p1a: wii phone|Chien-Pao|100\/100\n|-ability|p1a: wii phone|Sword of Ruin\n|turn|7\n|\n|t:|1698448567\n|move|p2a: Kangaskhan|Sucker Punch|p1a: wii phone\n|-resisted|p1a: wii phone\n|-damage|p1a: wii phone|58\/100\n|-resisted|p1a: wii phone\n|-damage|p1a: wii phone|46\/100\n|-hitcount|p1a: wii phone|2\n|-enditem|p1a: wii phone|Eject Button\n|\n|t:|1698448574\n|switch|p1a: dr perky|Kecleon, M|100\/100\n|\n|-heal|p2a: Kangaskhan|77\/100|[from] Grassy Terrain\n|upkeep\n|turn|8\n|c|\u2606pkrokune|omg\n|c|\u2606pkrokune|lmao\n|\n|t:|1698448584\n|move|p2a: Kangaskhan|Body Slam|p1a: dr perky\n|-enditem|p1a: dr perky|Focus Sash\n|-damage|p1a: dr perky|1\/100\n|-damage|p1a: dr perky|0 fnt\n|faint|p1a: dr perky\n|-hitcount|p1: dr perky|2\n|\n|-heal|p2a: Kangaskhan|83\/100|[from] Grassy Terrain\n|upkeep\n|\n|t:|1698448587\n|switch|p1a: wii phone|Chien-Pao|46\/100\n|-ability|p1a: wii phone|Sword of Ruin\n|turn|9\n|\n|t:|1698448593\n|move|p2a: Kangaskhan|Sucker Punch|p1a: wii phone\n|-resisted|p1a: wii phone\n|-damage|p1a: wii phone|0 fnt\n|faint|p1a: wii phone\n|-hitcount|p1: wii phone|1\n|\n|-heal|p2a: Kangaskhan|89\/100|[from] Grassy Terrain\n|upkeep\n|\n|t:|1698448598\n|switch|p1a: thrasher thursday|Sharpedo, M|100\/100\n|turn|10\n|\n|t:|1698448605\n|move|p1a: thrasher thursday|Protect|p1a: thrasher thursday\n|-singleturn|p1a: thrasher thursday|Protect\n|move|p2a: Kangaskhan|Power-Up Punch|p1a: thrasher thursday\n|-activate|p1a: thrasher thursday|move: Protect\n|\n|-heal|p2a: Kangaskhan|95\/100|[from] Grassy Terrain\n|-fieldend|move: Grassy Terrain\n|-ability|p1a: thrasher thursday|Speed Boost|boost\n|-boost|p1a: thrasher thursday|spe|1\n|upkeep\n|turn|11\n|\n|t:|1698448607\n|move|p2a: Kangaskhan|Sucker Punch||[still]\n|-fail|p2a: Kangaskhan\n|move|p1a: thrasher thursday|Substitute|p1a: thrasher thursday\n|-start|p1a: thrasher thursday|Substitute\n|-damage|p1a: thrasher thursday|76\/100\n|\n|-ability|p1a: thrasher thursday|Speed Boost|boost\n|-boost|p1a: thrasher thursday|spe|1\n|upkeep\n|turn|12\n|\n|t:|1698448614\n|detailschange|p1a: thrasher thursday|Sharpedo-Mega, M\n|-mega|p1a: thrasher thursday|Sharpedo|Sharpedonite\n|move|p1a: thrasher thursday|Crunch|p2a: Kangaskhan\n|-damage|p2a: Kangaskhan|22\/100\n|move|p2a: Kangaskhan|Power-Up Punch|p1a: thrasher thursday\n|-supereffective|p1a: thrasher thursday\n|-end|p1a: thrasher thursday|Substitute\n|-boost|p2a: Kangaskhan|atk|1\n|-supereffective|p1a: thrasher thursday\n|-damage|p1a: thrasher thursday|32\/100\n|-hitcount|p1a: thrasher thursday|2\n|\n|upkeep\n|turn|13\n|\n|t:|1698448631\n|switch|p2a: Xerneas|Xerneas, shiny|100\/100\n|-ability|p2a: Xerneas|Fairy Aura\n|move|p1a: thrasher thursday|Protect||[still]\n|-fail|p1a: thrasher thursday\n|\n|upkeep\n|turn|14\n|\n|t:|1698448638\n|move|p1a: thrasher thursday|Liquidation|p2a: Xerneas\n|-damage|p2a: Xerneas|62\/100\n|move|p2a: Xerneas|Geomancy||[still]\n|-prepare|p2a: Xerneas|Geomancy\n|-enditem|p2a: Xerneas|Power Herb\n|-anim|p2a: Xerneas|Geomancy|p2a: Xerneas\n|-boost|p2a: Xerneas|spa|2\n|-boost|p2a: Xerneas|spd|2\n|-boost|p2a: Xerneas|spe|2\n|\n|upkeep\n|turn|15\n|\n|t:|1698448644\n|move|p1a: thrasher thursday|Liquidation|p2a: Xerneas\n|-damage|p2a: Xerneas|20\/100\n|move|p2a: Xerneas|Draining Kiss|p1a: thrasher thursday\n|-supereffective|p1a: thrasher thursday\n|-damage|p1a: thrasher thursday|0 fnt\n|-heal|p2a: Xerneas|35\/100|[from] drain|[of] p1a: thrasher thursday\n|faint|p1a: thrasher thursday\n|\n|win|pkrokune\n|raw|NDFFA Draft Lover's rating: 1243 &rarr; <strong>1223<\/strong><br \/>(-20 for losing)\n|raw|pkrokune's rating: 1313 &rarr; <strong>1329<\/strong><br \/>(+16 for winning)\n","uploadtime":1698448649,"views":8,"p1id":"ndffadraftlover","p2id":"pkrokune","formatid":"gen9nationaldexubers","rating":1223,"private":0,"password":""}