{"id":"gen9nationaldexubers-1983795097","p1":"fdbsisixifidi","p2":"Hrathen123","format":"[Gen 9] National Dex Ubers","log":"|j|\u2606fdbsisixifidi\n|j|\u2606Hrathen123\n|t:|1699182538\n|gametype|singles\n|player|p1|fdbsisixifidi|wallace|1150\n|player|p2|Hrathen123|102|1236\n|teamsize|p1|6\n|teamsize|p2|6\n|gen|9\n|tier|[Gen 9] National Dex Ubers\n|rated|\n|rule|HP Percentage Mod: HP is shown in percentages\n|rule|Endless Battle Clause: Forcing endless battles is banned\n|rule|OHKO Clause: OHKO moves are banned\n|rule|Evasion Moves Clause: Evasion moves are banned\n|rule|Evasion Items Clause: Evasion items are banned\n|rule|Species Clause: Limit one of each Pok\u00e9mon\n|rule|Sleep Clause Mod: Limit one foe put to sleep\n|rule|Mega Rayquaza Clause: You cannot mega evolve Rayquaza\n|clearpoke\n|poke|p1|Greninja-*, M|\n|poke|p1|Talonflame, M|\n|poke|p1|Hawlucha, F|\n|poke|p1|Vivillon, F|\n|poke|p1|Darmanitan, F|\n|poke|p1|Dracovish|\n|poke|p2|Tyranitar, M|\n|poke|p2|Excadrill, F|\n|poke|p2|Beedrill, F|\n|poke|p2|Dragonite, F|\n|poke|p2|Blaziken, F|\n|poke|p2|Greninja-*, F|\n|teampreview\n|\n|t:|1699182559\n|start\n|switch|p1a: Vivillon|Vivillon, F|100\/100\n|switch|p2a: Greninja|Greninja, F|100\/100\n|turn|1\n|inactive|Battle timer is ON: inactive players will automatically lose when time's up. (requested by fdbsisixifidi)\n|\n|t:|1699182568\n|move|p2a: Greninja|Ice Beam|p1a: Vivillon\n|-start|p2a: Greninja|typechange|Ice|[from] ability: Protean\n|-supereffective|p1a: Vivillon\n|-enditem|p1a: Vivillon|Focus Sash\n|-damage|p1a: Vivillon|1\/100\n|move|p1a: Vivillon|Quiver Dance|p1a: Vivillon\n|-boost|p1a: Vivillon|spa|1\n|-boost|p1a: Vivillon|spd|1\n|-boost|p1a: Vivillon|spe|1\n|\n|upkeep\n|turn|2\n|inactive|fdbsisixifidi has 120 seconds left.\n|\n|t:|1699182605\n|switch|p2a: Dragonite|Dragonite, F|100\/100\n|move|p1a: Vivillon|Hurricane|p2a: Dragonite\n|-damage|p2a: Dragonite|65\/100\n|\n|upkeep\n|turn|3\n|inactive|fdbsisixifidi has 120 seconds left.\n|\n|t:|1699182613\n|move|p2a: Dragonite|Extreme Speed|p1a: Vivillon\n|-damage|p1a: Vivillon|0 fnt\n|faint|p1a: Vivillon\n|\n|upkeep\n|\n|t:|1699182616\n|switch|p1a: Greninja|Greninja, M|100\/100\n|turn|4\n|\n|t:|1699182621\n|move|p2a: Dragonite|Extreme Speed|p1a: Greninja\n|-damage|p1a: Greninja|48\/100\n|move|p1a: Greninja|Ice Beam|p2a: Dragonite\n|-supereffective|p2a: Dragonite\n|-damage|p2a: Dragonite|0 fnt\n|faint|p2a: Dragonite\n|-ability|p1a: Greninja|Battle Bond|boost\n|-boost|p1a: Greninja|atk|1\n|-boost|p1a: Greninja|spa|1\n|-boost|p1a: Greninja|spe|1\n|-activate|p1a: Greninja|ability: Battle Bond\n|-damage|p1a: Greninja|39\/100|[from] item: Life Orb\n|\n|upkeep\n|\n|t:|1699182637\n|switch|p2a: Greninja|Greninja, F|100\/100\n|turn|5\n|\n|t:|1699182643\n|move|p1a: Greninja|Grass Knot|p2a: Greninja\n|-supereffective|p2a: Greninja\n|-damage|p2a: Greninja|0 fnt\n|faint|p2a: Greninja\n|-damage|p1a: Greninja|29\/100|[from] item: Life Orb\n|\n|upkeep\n|\n|t:|1699182662\n|switch|p2a: Tyranitar|Tyranitar, M|100\/100\n|-weather|Sandstorm|[from] ability: Sand Stream|[of] p2a: Tyranitar\n|turn|6\n|inactive|Hrathen123 has 120 seconds left.\n|\n|t:|1699182685\n|move|p1a: Greninja|Surf|p2a: Tyranitar\n|-supereffective|p2a: Tyranitar\n|-damage|p2a: Tyranitar|0 fnt\n|faint|p2a: Tyranitar\n|-damage|p1a: Greninja|19\/100|[from] item: Life Orb\n|\n|-weather|Sandstorm|[upkeep]\n|-damage|p1a: Greninja|13\/100|[from] Sandstorm\n|upkeep\n|inactive|Hrathen123 has 120 seconds left.\n|\n|t:|1699182694\n|switch|p2a: Excadrill|Excadrill, F|100\/100\n|-item|p2a: Excadrill|Air Balloon\n|turn|7\n|\n|t:|1699182703\n|move|p2a: Excadrill|Iron Head|p1a: Greninja\n|-resisted|p1a: Greninja\n|-damage|p1a: Greninja|0 fnt\n|faint|p1a: Greninja\n|\n|-weather|Sandstorm|[upkeep]\n|upkeep\n|\n|t:|1699182707\n|switch|p1a: Talonflame|Talonflame, M|100\/100\n|turn|8\n|\n|t:|1699182713\n|move|p2a: Excadrill|Iron Head|p1a: Talonflame\n|-resisted|p1a: Talonflame\n|-damage|p1a: Talonflame|67\/100\n|move|p1a: Talonflame|Flare Blitz|p2a: Excadrill\n|-supereffective|p2a: Excadrill\n|-damage|p2a: Excadrill|0 fnt\n|-enditem|p2a: Excadrill|Air Balloon\n|faint|p2a: Excadrill\n|-damage|p1a: Talonflame|27\/100|[from] Recoil\n|\n|-weather|Sandstorm|[upkeep]\n|-damage|p1a: Talonflame|21\/100|[from] Sandstorm\n|upkeep\n|\n|t:|1699182725\n|switch|p2a: Beedrill|Beedrill, F|100\/100\n|turn|9\n|\n|t:|1699182736\n|detailschange|p2a: Beedrill|Beedrill-Mega, F\n|-mega|p2a: Beedrill|Beedrill|Beedrillite\n|move|p2a: Beedrill|Poison Jab|p1a: Talonflame\n|-damage|p1a: Talonflame|0 fnt\n|faint|p1a: Talonflame\n|\n|-weather|Sandstorm|[upkeep]\n|-damage|p2a: Beedrill|95\/100|[from] Sandstorm\n|upkeep\n|\n|t:|1699182748\n|switch|p1a: Darmanitan|Darmanitan, F|100\/100\n|turn|10\n|\n|t:|1699182754\n|move|p2a: Beedrill|Drill Run|p1a: Darmanitan\n|-supereffective|p1a: Darmanitan\n|-damage|p1a: Darmanitan|8\/100\n|move|p1a: Darmanitan|Flare Blitz|p2a: Beedrill\n|-supereffective|p2a: Beedrill\n|-damage|p2a: Beedrill|0 fnt\n|faint|p2a: Beedrill\n|-damage|p1a: Darmanitan|0 fnt|[from] Recoil\n|faint|p1a: Darmanitan\n|\n|-weather|none\n|upkeep\n|\n|t:|1699182763\n|switch|p2a: Blaziken|Blaziken, F|100\/100\n|switch|p1a: Dracovish|Dracovish|100\/100\n|turn|11\n|\n|t:|1699182791\n|move|p1a: Dracovish|Fishious Rend|p2a: Blaziken\n|-supereffective|p2a: Blaziken\n|-enditem|p2a: Blaziken|Focus Sash\n|-damage|p2a: Blaziken|1\/100\n|move|p2a: Blaziken|Swords Dance|p2a: Blaziken\n|-boost|p2a: Blaziken|atk|2\n|\n|-ability|p2a: Blaziken|Speed Boost|boost\n|-boost|p2a: Blaziken|spe|1\n|upkeep\n|turn|12\n|\n|t:|1699182799\n|move|p2a: Blaziken|Protect|p2a: Blaziken\n|-singleturn|p2a: Blaziken|Protect\n|move|p1a: Dracovish|Fishious Rend|p2a: Blaziken\n|-activate|p2a: Blaziken|move: Protect\n|\n|-ability|p2a: Blaziken|Speed Boost|boost\n|-boost|p2a: Blaziken|spe|1\n|upkeep\n|turn|13\n|\n|t:|1699182806\n|move|p2a: Blaziken|High Jump Kick|p1a: Dracovish\n|-damage|p1a: Dracovish|0 fnt\n|faint|p1a: Dracovish\n|\n|-ability|p2a: Blaziken|Speed Boost|boost\n|-boost|p2a: Blaziken|spe|1\n|upkeep\n|\n|t:|1699182822\n|switch|p1a: Hawlucha|Hawlucha, F|100\/100\n|turn|14\n|\n|t:|1699182834\n|move|p2a: Blaziken|Flare Blitz|p1a: Hawlucha\n|-enditem|p1a: Hawlucha|Focus Sash\n|-damage|p1a: Hawlucha|1\/100\n|-damage|p2a: Blaziken|0 fnt|[from] Recoil\n|faint|p2a: Blaziken\n|\n|win|fdbsisixifidi\n|raw|fdbsisixifidi's rating: 1169 &rarr; <strong>1199<\/strong><br \/>(+30 for winning)\n|raw|Hrathen123's rating: 1236 &rarr; <strong>1206<\/strong><br \/>(-30 for losing)\n","uploadtime":1699182847,"views":4,"p1id":"fdbsisixifidi","p2id":"hrathen123","formatid":"gen9nationaldexubers","rating":1199,"private":0,"password":""}