{"id":"gen9nationaldexubers-1989182724","p1":"DragonSoda42","p2":"Oakin64","format":"[Gen 9] National Dex Ubers","log":"|j|\u2606DragonSoda42\n|j|\u2606Oakin64\n|t:|1699820922\n|gametype|singles\n|player|p1|DragonSoda42|misty|\n|player|p2|Oakin64|101|\n|teamsize|p1|6\n|teamsize|p2|6\n|gen|9\n|tier|[Gen 9] National Dex Ubers\n|rule|HP Percentage Mod: HP is shown in percentages\n|rule|Endless Battle Clause: Forcing endless battles is banned\n|rule|OHKO Clause: OHKO moves are banned\n|rule|Evasion Moves Clause: Evasion moves are banned\n|rule|Evasion Items Clause: Evasion items are banned\n|rule|Species Clause: Limit one of each Pok\u00e9mon\n|rule|Sleep Clause Mod: Limit one foe put to sleep\n|rule|Mega Rayquaza Clause: You cannot mega evolve Rayquaza\n|clearpoke\n|poke|p1|Beedrill, M|\n|poke|p1|Whimsicott, F|\n|poke|p1|Gliscor, M|\n|poke|p1|Latios, M|\n|poke|p1|Registeel|\n|poke|p1|Hitmontop, M|\n|poke|p2|Houndstone, M|\n|poke|p2|Latias, F|\n|poke|p2|Walrein, M|\n|poke|p2|Bombirdier, F|\n|poke|p2|Heracross, M|\n|poke|p2|Enamorus-Therian, F|\n|teampreview\n|\n|t:|1699820939\n|start\n|switch|p1a: Registeel|Registeel|100\/100\n|switch|p2a: Francesca|Bombirdier, F|100\/100\n|turn|1\n|\n|t:|1699820952\n|move|p2a: Francesca|Knock Off|p1a: Registeel\n|-damage|p1a: Registeel|75\/100\n|-enditem|p1a: Registeel|Leftovers|[from] move: Knock Off|[of] p2a: Francesca\n|move|p1a: Registeel|Thunder Wave|p2a: Francesca\n|-status|p2a: Francesca|par\n|\n|upkeep\n|turn|2\n|\n|t:|1699820958\n|move|p2a: Francesca|Stealth Rock|p1a: Registeel\n|-sidestart|p1: DragonSoda42|move: Stealth Rock\n|move|p1a: Registeel|Stealth Rock|p2a: Francesca\n|-sidestart|p2: Oakin64|move: Stealth Rock\n|\n|upkeep\n|turn|3\n|j| dcmrulz\n|\n|t:|1699820980\n|switch|p2a: Jennika|Enamorus-Therian, F|100\/100\n|-damage|p2a: Jennika|75\/100|[from] Stealth Rock\n|switch|p1a: Gliscor|Gliscor, M|100\/100\n|-damage|p1a: Gliscor|88\/100|[from] Stealth Rock\n|\n|-status|p1a: Gliscor|tox|[from] item: Toxic Orb\n|upkeep\n|turn|4\n|\n|t:|1699820995\n|move|p1a: Gliscor|Knock Off|p2a: Jennika\n|-resisted|p2a: Jennika\n|-damage|p2a: Jennika|66\/100\n|-enditem|p2a: Jennika|Assault Vest|[from] move: Knock Off|[of] p1a: Gliscor\n|move|p2a: Jennika|Mystical Fire|p1a: Gliscor\n|-damage|p1a: Gliscor|62\/100 tox\n|-unboost|p1a: Gliscor|spa|1\n|\n|-heal|p1a: Gliscor|74\/100 tox|[from] ability: Poison Heal\n|upkeep\n|turn|5\n|\n|t:|1699821008\n|move|p1a: Gliscor|Protect|p1a: Gliscor\n|-singleturn|p1a: Gliscor|Protect\n|move|p2a: Jennika|Moonblast|p1a: Gliscor\n|-activate|p1a: Gliscor|move: Protect\n|\n|-heal|p1a: Gliscor|87\/100 tox|[from] ability: Poison Heal\n|upkeep\n|turn|6\n|\n|t:|1699821051\n|switch|p1a: Hitmontop|Hitmontop, M|100\/100\n|-damage|p1a: Hitmontop|94\/100|[from] Stealth Rock\n|-ability|p1a: Hitmontop|Intimidate|boost\n|-unboost|p2a: Jennika|atk|1\n|move|p2a: Jennika|Moonblast|p1a: Hitmontop\n|-supereffective|p1a: Hitmontop\n|-damage|p1a: Hitmontop|29\/100\n|\n|upkeep\n|turn|7\n|j| CalamityCentral\n|\n|t:|1699821089\n|switch|p2a: Spooky-Doo|Houndstone, M|100\/100\n|-damage|p2a: Spooky-Doo|88\/100|[from] Stealth Rock\n|move|p1a: Hitmontop|Rapid Spin|p2a: Spooky-Doo\n|-immune|p2a: Spooky-Doo\n|\n|upkeep\n|turn|8\n|\n|t:|1699821108\n|switch|p1a: Gliscor|Gliscor, M|87\/100 tox\n|-damage|p1a: Gliscor|74\/100 tox|[from] Stealth Rock\n|move|p2a: Spooky-Doo|Poltergeist|p1a: Gliscor\n|-activate|p1a: Gliscor|move: Poltergeist|Toxic Orb\n|-damage|p1a: Gliscor|49\/100 tox\n|\n|-heal|p1a: Gliscor|62\/100 tox|[from] ability: Poison Heal\n|upkeep\n|turn|9\n|\n|t:|1699821118\n|switch|p2a: Priscilla|Latias, F|100\/100\n|-damage|p2a: Priscilla|88\/100|[from] Stealth Rock\n|move|p1a: Gliscor|Knock Off|p2a: Priscilla\n|-supereffective|p2a: Priscilla\n|-damage|p2a: Priscilla|25\/100\n|-enditem|p2a: Priscilla|Choice Scarf|[from] move: Knock Off|[of] p1a: Gliscor\n|\n|-heal|p1a: Gliscor|74\/100 tox|[from] ability: Poison Heal\n|upkeep\n|turn|10\n|\n|t:|1699821136\n|switch|p1a: Whimsicott|Whimsicott, F|100\/100\n|move|p2a: Priscilla|Ice Beam|p1a: Whimsicott\n|-supereffective|p1a: Whimsicott\n|-damage|p1a: Whimsicott|2\/100\n|\n|upkeep\n|turn|11\n|\n|t:|1699821160\n|switch|p1a: Registeel|Registeel|75\/100\n|-damage|p1a: Registeel|69\/100|[from] Stealth Rock\n|move|p2a: Priscilla|Defog|p1a: Registeel\n|-fail|p1a: Registeel|unboost|[from] ability: Clear Body|[of] p1a: Registeel\n|-sideend|p1: DragonSoda42|Stealth Rock|[from] move: Defog|[of] p2a: Priscilla\n|-sideend|p2: Oakin64|Stealth Rock|[from] move: Defog|[of] p2a: Priscilla\n|\n|upkeep\n|turn|12\n|\n|t:|1699821184\n|switch|p2a: Jennika|Enamorus-Therian, F|66\/100\n|move|p1a: Registeel|Stealth Rock|p2a: Jennika\n|-sidestart|p2: Oakin64|move: Stealth Rock\n|\n|upkeep\n|turn|13\n|\n|t:|1699821191\n|move|p2a: Jennika|Earth Power|p1a: Registeel\n|-supereffective|p1a: Registeel\n|-damage|p1a: Registeel|32\/100\n|move|p1a: Registeel|Thunder Wave|p2a: Jennika\n|-status|p2a: Jennika|par\n|\n|upkeep\n|turn|14\n|\n|t:|1699821203\n|switch|p1a: Latios|Latios, M|100\/100\n|cant|p2a: Jennika|par\n|\n|upkeep\n|turn|15\n|\n|t:|1699821212\n|move|p1a: Latios|Ice Beam|p2a: Jennika\n|-supereffective|p2a: Jennika\n|-damage|p2a: Jennika|17\/100 par\n|move|p2a: Jennika|Moonblast|p1a: Latios\n|-supereffective|p1a: Latios\n|-crit|p1a: Latios\n|-damage|p1a: Latios|0 fnt\n|faint|p1a: Latios\n|\n|upkeep\n|\n|t:|1699821220\n|switch|p1a: Hitmontop|Hitmontop, M|29\/100\n|-ability|p1a: Hitmontop|Intimidate|boost\n|-unboost|p2a: Jennika|atk|1\n|turn|16\n|\n|t:|1699821224\n|move|p1a: Hitmontop|Rapid Spin|p2a: Jennika\n|-damage|p2a: Jennika|2\/100 par\n|-boost|p1a: Hitmontop|spe|1\n|cant|p2a: Jennika|par\n|\n|upkeep\n|turn|17\n|\n|t:|1699821229\n|move|p1a: Hitmontop|Rapid Spin|p2a: Jennika\n|-damage|p2a: Jennika|0 fnt\n|-boost|p1a: Hitmontop|spe|1\n|faint|p2a: Jennika\n|\n|upkeep\n|\n|t:|1699821263\n|switch|p2a: Gum|Heracross, M|100\/100\n|-damage|p2a: Gum|88\/100|[from] Stealth Rock\n|turn|18\n|\n|t:|1699821276\n|move|p1a: Hitmontop|Triple Axel|p2a: Gum\n|-damage|p2a: Gum|81\/100\n|-damage|p2a: Gum|64\/100\n|-damage|p2a: Gum|42\/100\n|-hitcount|p2a: Gum|3\n|move|p2a: Gum|Trailblaze|p1a: Hitmontop\n|-damage|p1a: Hitmontop|6\/100\n|-boost|p2a: Gum|spe|1\n|\n|upkeep\n|turn|19\n|\n|t:|1699821291\n|switch|p2a: Spooky-Doo|Houndstone, M|88\/100\n|-damage|p2a: Spooky-Doo|76\/100|[from] Stealth Rock\n|move|p1a: Hitmontop|Triple Axel|p2a: Spooky-Doo\n|-damage|p2a: Spooky-Doo|73\/100\n|-damage|p1a: Hitmontop|0 fnt|[from] item: Rocky Helmet|[of] p2a: Spooky-Doo\n|faint|p1a: Hitmontop\n|-hitcount|p2a: Spooky-Doo|1\n|\n|upkeep\n|\n|t:|1699821309\n|switch|p1a: Beedrill|Beedrill, M|100\/100\n|turn|20\n|\n|t:|1699821316\n|detailschange|p1a: Beedrill|Beedrill-Mega, M\n|-mega|p1a: Beedrill|Beedrill|Beedrillite\n|move|p2a: Spooky-Doo|Protect|p2a: Spooky-Doo\n|-singleturn|p2a: Spooky-Doo|Protect\n|move|p1a: Beedrill|Knock Off|p2a: Spooky-Doo\n|-activate|p2a: Spooky-Doo|move: Protect\n|\n|upkeep\n|turn|21\n|\n|t:|1699821322\n|move|p1a: Beedrill|U-turn|p2a: Spooky-Doo\n|-resisted|p2a: Spooky-Doo\n|-damage|p2a: Spooky-Doo|64\/100\n|-damage|p1a: Beedrill|84\/100|[from] item: Rocky Helmet|[of] p2a: Spooky-Doo\n|\n|t:|1699821327\n|switch|p1a: Gliscor|Gliscor, M|74\/100 tox|[from] U-turn\n|move|p2a: Spooky-Doo|Poltergeist|p1a: Gliscor\n|-activate|p1a: Gliscor|move: Poltergeist|Toxic Orb\n|-damage|p1a: Gliscor|47\/100 tox\n|\n|-heal|p1a: Gliscor|60\/100 tox|[from] ability: Poison Heal\n|upkeep\n|turn|22\n|\n|t:|1699821344\n|switch|p2a: Gum|Heracross, M|42\/100\n|-damage|p2a: Gum|30\/100|[from] Stealth Rock\n|move|p1a: Gliscor|Knock Off|p2a: Gum\n|-resisted|p2a: Gum\n|-damage|p2a: Gum|20\/100\n|\n|-heal|p1a: Gliscor|72\/100 tox|[from] ability: Poison Heal\n|upkeep\n|turn|23\n|\n|t:|1699821359\n|detailschange|p2a: Gum|Heracross-Mega, M\n|-mega|p2a: Gum|Heracross|Heracronite\n|move|p2a: Gum|Trailblaze|p1a: Gliscor\n|-damage|p1a: Gliscor|59\/100 tox\n|-boost|p2a: Gum|spe|1\n|move|p1a: Gliscor|Earthquake|p2a: Gum\n|-resisted|p2a: Gum\n|-damage|p2a: Gum|4\/100\n|\n|-heal|p1a: Gliscor|71\/100 tox|[from] ability: Poison Heal\n|upkeep\n|turn|24\n|\n|t:|1699821371\n|move|p2a: Gum|Pin Missile|p1a: Gliscor\n|-resisted|p1a: Gliscor\n|-damage|p1a: Gliscor|66\/100 tox\n|-resisted|p1a: Gliscor\n|-damage|p1a: Gliscor|61\/100 tox\n|-resisted|p1a: Gliscor\n|-damage|p1a: Gliscor|56\/100 tox\n|-resisted|p1a: Gliscor\n|-damage|p1a: Gliscor|51\/100 tox\n|-resisted|p1a: Gliscor\n|-damage|p1a: Gliscor|45\/100 tox\n|-hitcount|p1a: Gliscor|5\n|move|p1a: Gliscor|Knock Off|p2a: Gum\n|-resisted|p2a: Gum\n|-damage|p2a: Gum|0 fnt\n|faint|p2a: Gum\n|\n|-heal|p1a: Gliscor|58\/100 tox|[from] ability: Poison Heal\n|upkeep\n|\n|t:|1699821379\n|switch|p2a: Priscilla|Latias, F|25\/100\n|-damage|p2a: Priscilla|13\/100|[from] Stealth Rock\n|turn|25\n|\n|t:|1699821392\n|move|p1a: Gliscor|Protect|p1a: Gliscor\n|-singleturn|p1a: Gliscor|Protect\n|move|p2a: Priscilla|Ice Beam|p1a: Gliscor\n|-activate|p1a: Gliscor|move: Protect\n|\n|-heal|p1a: Gliscor|70\/100 tox|[from] ability: Poison Heal\n|upkeep\n|turn|26\n|\n|t:|1699821402\n|switch|p1a: Registeel|Registeel|32\/100\n|move|p2a: Priscilla|Psychic|p1a: Registeel\n|-resisted|p1a: Registeel\n|-damage|p1a: Registeel|18\/100\n|\n|upkeep\n|turn|27\n|\n|t:|1699821414\n|move|p2a: Priscilla|Defog|p1a: Registeel\n|-fail|p1a: Registeel|unboost|[from] ability: Clear Body|[of] p1a: Registeel\n|-sideend|p2: Oakin64|Stealth Rock|[from] move: Defog|[of] p2a: Priscilla\n|move|p1a: Registeel|Body Press|p2a: Priscilla\n|-resisted|p2a: Priscilla\n|-damage|p2a: Priscilla|0 fnt\n|faint|p2a: Priscilla\n|\n|upkeep\n|\n|t:|1699821424\n|switch|p2a: Big Canine|Walrein, M|100\/100\n|turn|28\n|\n|t:|1699821436\n|move|p2a: Big Canine|Surf|p1a: Registeel\n|-damage|p1a: Registeel|0 fnt\n|faint|p1a: Registeel\n|\n|upkeep\n|\n|t:|1699821448\n|switch|p1a: Whimsicott|Whimsicott, F|2\/100\n|turn|29\n|\n|t:|1699821452\n|move|p1a: Whimsicott|Moonblast|p2a: Big Canine\n|-damage|p2a: Big Canine|76\/100\n|-unboost|p2a: Big Canine|spa|1\n|move|p2a: Big Canine|Surf|p1a: Whimsicott\n|-resisted|p1a: Whimsicott\n|-damage|p1a: Whimsicott|0 fnt\n|faint|p1a: Whimsicott\n|\n|upkeep\n|\n|t:|1699821460\n|switch|p1a: Beedrill|Beedrill-Mega, M|84\/100\n|turn|30\n|\n|t:|1699821485\n|switch|p2a: Spooky-Doo|Houndstone, M|64\/100\n|move|p1a: Beedrill|U-turn|p2a: Spooky-Doo\n|-resisted|p2a: Spooky-Doo\n|-damage|p2a: Spooky-Doo|55\/100\n|-damage|p1a: Beedrill|67\/100|[from] item: Rocky Helmet|[of] p2a: Spooky-Doo\n|\n|t:|1699821491\n|switch|p1a: Gliscor|Gliscor, M|70\/100 tox|[from] U-turn\n|\n|-heal|p1a: Gliscor|83\/100 tox|[from] ability: Poison Heal\n|upkeep\n|turn|31\n|\n|t:|1699821528\n|switch|p2a: Francesca|Bombirdier, F|100\/100 par\n|move|p1a: Gliscor|Knock Off|p2a: Francesca\n|-resisted|p2a: Francesca\n|-damage|p2a: Francesca|83\/100 par\n|-enditem|p2a: Francesca|Focus Sash|[from] move: Knock Off|[of] p1a: Gliscor\n|\n|-heal|p1a: Gliscor|95\/100 tox|[from] ability: Poison Heal\n|upkeep\n|turn|32\n|\n|t:|1699821537\n|move|p1a: Gliscor|Spikes|p2a: Francesca\n|-sidestart|p2: Oakin64|Spikes\n|cant|p2a: Francesca|par\n|\n|-heal|p1a: Gliscor|100\/100 tox|[from] ability: Poison Heal\n|upkeep\n|turn|33\n|\n|t:|1699821544\n|move|p1a: Gliscor|Spikes|p2a: Francesca\n|-sidestart|p2: Oakin64|Spikes\n|move|p2a: Francesca|Stealth Rock|p1a: Gliscor\n|-sidestart|p1: DragonSoda42|move: Stealth Rock\n|\n|upkeep\n|turn|34\n|\n|t:|1699821548\n|switch|p2a: Big Canine|Walrein, M|76\/100\n|-damage|p2a: Big Canine|60\/100|[from] Spikes\n|move|p1a: Gliscor|Spikes|p2a: Big Canine\n|-sidestart|p2: Oakin64|Spikes\n|\n|upkeep\n|turn|35\n|\n|t:|1699821558\n|move|p1a: Gliscor|Earthquake|p2a: Big Canine\n|-damage|p2a: Big Canine|29\/100\n|move|p2a: Big Canine|Surf|p1a: Gliscor\n|-supereffective|p1a: Gliscor\n|-damage|p1a: Gliscor|27\/100 tox\n|\n|-heal|p1a: Gliscor|39\/100 tox|[from] ability: Poison Heal\n|upkeep\n|turn|36\n|\n|t:|1699821570\n|move|p1a: Gliscor|Protect|p1a: Gliscor\n|-singleturn|p1a: Gliscor|Protect\n|move|p2a: Big Canine|Surf|p1a: Gliscor\n|-activate|p1a: Gliscor|move: Protect\n|\n|-heal|p1a: Gliscor|52\/100 tox|[from] ability: Poison Heal\n|upkeep\n|turn|37\n|\n|t:|1699821583\n|move|p1a: Gliscor|Earthquake|p2a: Big Canine\n|-crit|p2a: Big Canine\n|-damage|p2a: Big Canine|0 fnt\n|faint|p2a: Big Canine\n|\n|-heal|p1a: Gliscor|64\/100 tox|[from] ability: Poison Heal\n|upkeep\n|\n|t:|1699821588\n|switch|p2a: Spooky-Doo|Houndstone, M|55\/100\n|-damage|p2a: Spooky-Doo|30\/100|[from] Spikes\n|turn|38\n|\n|t:|1699821593\n|move|p1a: Gliscor|Knock Off|p2a: Spooky-Doo\n|-supereffective|p2a: Spooky-Doo\n|-damage|p2a: Spooky-Doo|13\/100\n|-damage|p1a: Gliscor|48\/100 tox|[from] item: Rocky Helmet|[of] p2a: Spooky-Doo\n|-enditem|p2a: Spooky-Doo|Rocky Helmet|[from] move: Knock Off|[of] p1a: Gliscor\n|move|p2a: Spooky-Doo|Roar|p1a: Gliscor\n|drag|p1a: Beedrill|Beedrill-Mega, M|67\/100\n|-damage|p1a: Beedrill|43\/100|[from] Stealth Rock\n|\n|upkeep\n|turn|39\n|\n|t:|1699821611\n|move|p1a: Beedrill|Poison Jab|p2a: Spooky-Doo\n|-resisted|p2a: Spooky-Doo\n|-damage|p2a: Spooky-Doo|3\/100\n|move|p2a: Spooky-Doo|Poltergeist|p1a: Beedrill\n|-activate|p1a: Beedrill|move: Poltergeist|Beedrillite\n|-damage|p1a: Beedrill|0 fnt\n|faint|p1a: Beedrill\n|\n|upkeep\n|\n|t:|1699821619\n|switch|p1a: Gliscor|Gliscor, M|48\/100 tox\n|-damage|p1a: Gliscor|35\/100 tox|[from] Stealth Rock\n|turn|40\n|\n|t:|1699821624\n|move|p1a: Gliscor|Protect|p1a: Gliscor\n|-singleturn|p1a: Gliscor|Protect\n|move|p2a: Spooky-Doo|Poltergeist|p1a: Gliscor\n|-activate|p1a: Gliscor|move: Protect\n|\n|-heal|p1a: Gliscor|48\/100 tox|[from] ability: Poison Heal\n|upkeep\n|turn|41\n|\n|t:|1699821632\n|move|p1a: Gliscor|Knock Off|p2a: Spooky-Doo\n|-supereffective|p2a: Spooky-Doo\n|-damage|p2a: Spooky-Doo|0 fnt\n|faint|p2a: Spooky-Doo\n|\n|-heal|p1a: Gliscor|60\/100 tox|[from] ability: Poison Heal\n|upkeep\n|\n|t:|1699821634\n|switch|p2a: Francesca|Bombirdier, F|83\/100 par\n|turn|42\n|\n|t:|1699821640\n|move|p1a: Gliscor|Knock Off|p2a: Francesca\n|-resisted|p2a: Francesca\n|-damage|p2a: Francesca|72\/100 par\n|cant|p2a: Francesca|par\n|\n|-heal|p1a: Gliscor|73\/100 tox|[from] ability: Poison Heal\n|upkeep\n|turn|43\n|\n|t:|1699821647\n|move|p1a: Gliscor|Knock Off|p2a: Francesca\n|-resisted|p2a: Francesca\n|-damage|p2a: Francesca|62\/100 par\n|move|p2a: Francesca|Brave Bird|p1a: Gliscor\n|-damage|p1a: Gliscor|38\/100 tox\n|-damage|p2a: Francesca|47\/100 par|[from] Recoil\n|\n|-heal|p1a: Gliscor|51\/100 tox|[from] ability: Poison Heal\n|upkeep\n|turn|44\n|\n|t:|1699821655\n|move|p1a: Gliscor|Knock Off|p2a: Francesca\n|-resisted|p2a: Francesca\n|-damage|p2a: Francesca|36\/100 par\n|move|p2a: Francesca|Knock Off|p1a: Gliscor\n|-damage|p1a: Gliscor|22\/100 tox\n|-enditem|p1a: Gliscor|Toxic Orb|[from] move: Knock Off|[of] p2a: Francesca\n|\n|-heal|p1a: Gliscor|34\/100 tox|[from] ability: Poison Heal\n|upkeep\n|turn|45\n|\n|t:|1699821665\n|move|p1a: Gliscor|Protect|p1a: Gliscor\n|-singleturn|p1a: Gliscor|Protect\n|move|p2a: Francesca|Brave Bird|p1a: Gliscor\n|-activate|p1a: Gliscor|move: Protect\n|\n|-heal|p1a: Gliscor|47\/100 tox|[from] ability: Poison Heal\n|upkeep\n|turn|46\n|\n|t:|1699821672\n|move|p1a: Gliscor|Knock Off|p2a: Francesca\n|-resisted|p2a: Francesca\n|-damage|p2a: Francesca|25\/100 par\n|move|p2a: Francesca|Brave Bird|p1a: Gliscor\n|-damage|p1a: Gliscor|13\/100 tox\n|-damage|p2a: Francesca|11\/100 par|[from] Recoil\n|\n|-heal|p1a: Gliscor|26\/100 tox|[from] ability: Poison Heal\n|upkeep\n|turn|47\n|\n|t:|1699821680\n|move|p1a: Gliscor|Protect|p1a: Gliscor\n|-singleturn|p1a: Gliscor|Protect\n|move|p2a: Francesca|Sucker Punch||[still]\n|-fail|p2a: Francesca\n|\n|-heal|p1a: Gliscor|38\/100 tox|[from] ability: Poison Heal\n|upkeep\n|turn|48\n|\n|t:|1699821687\n|move|p2a: Francesca|Sucker Punch|p1a: Gliscor\n|-damage|p1a: Gliscor|19\/100 tox\n|move|p1a: Gliscor|Knock Off|p2a: Francesca\n|-resisted|p2a: Francesca\n|-damage|p2a: Francesca|0 fnt\n|faint|p2a: Francesca\n|\n|win|DragonSoda42\n|l|\u2606DragonSoda42\n","uploadtime":1699821693,"views":26,"p1id":"dragonsoda42","p2id":"oakin64","formatid":"gen9nationaldexubers","rating":0,"private":0,"password":""}