{"id":"gen9nationaldexubers-1978593786","p1":"centus","p2":"07aint","format":"[Gen 9] National Dex Ubers","log":"|j|\u2606centus\n|j|\u260607aint\n|t:|1698562622\n|gametype|singles\n|player|p1|centus|hugh|1078\n|player|p2|07aint|silver-gen2|1032\n|teamsize|p1|6\n|teamsize|p2|6\n|gen|9\n|tier|[Gen 9] National Dex Ubers\n|rated|\n|rule|HP Percentage Mod: HP is shown in percentages\n|rule|Endless Battle Clause: Forcing endless battles is banned\n|rule|OHKO Clause: OHKO moves are banned\n|rule|Evasion Moves Clause: Evasion moves are banned\n|rule|Evasion Items Clause: Evasion items are banned\n|rule|Species Clause: Limit one of each Pok\u00e9mon\n|rule|Sleep Clause Mod: Limit one foe put to sleep\n|rule|Mega Rayquaza Clause: You cannot mega evolve Rayquaza\n|clearpoke\n|poke|p1|Kyogre|\n|poke|p1|Groudon|\n|poke|p1|Zacian-*|\n|poke|p1|Darkrai|\n|poke|p1|Lucario, F|\n|poke|p1|Necrozma-Dusk-Mane|\n|poke|p2|Tapu Lele|\n|poke|p2|Metagross|\n|poke|p2|Landorus-Therian, M|\n|poke|p2|Togekiss, F|\n|poke|p2|Amoonguss, F|\n|poke|p2|Grimmsnarl, M|\n|teampreview\n|\n|t:|1698562634\n|start\n|switch|p1a: Necrozma|Necrozma-Dusk-Mane|100\/100\n|switch|p2a: Landorus|Landorus-Therian, M|100\/100\n|-ability|p2a: Landorus|Intimidate|boost\n|-unboost|p1a: Necrozma|atk|1\n|turn|1\n|\n|t:|1698562643\n|detailschange|p1a: Necrozma|Necrozma-Ultra\n|-burst|p1a: Necrozma|Necrozma|Ultranecrozium Z\n|move|p1a: Necrozma|Dragon Dance|p1a: Necrozma\n|-boost|p1a: Necrozma|atk|1\n|-boost|p1a: Necrozma|spe|1\n|move|p2a: Landorus|Earthquake|p1a: Necrozma\n|-damage|p1a: Necrozma|52\/100\n|\n|upkeep\n|turn|2\n|\n|t:|1698562660\n|-zpower|p1a: Necrozma\n|move|p1a: Necrozma|Light That Burns the Sky|p2a: Landorus|[zeffect]\n|-damage|p2a: Landorus|0 fnt\n|faint|p2a: Landorus\n|\n|upkeep\n|\n|t:|1698562680\n|switch|p2a: Stevie|Metagross, shiny|100\/100\n|turn|3\n|\n|t:|1698562696\n|detailschange|p2a: Stevie|Metagross-Mega, shiny\n|-mega|p2a: Stevie|Metagross|Metagrossite\n|move|p1a: Necrozma|Earthquake|p2a: Stevie\n|-supereffective|p2a: Stevie\n|-crit|p2a: Stevie\n|-damage|p2a: Stevie|0 fnt\n|faint|p2a: Stevie\n|\n|upkeep\n|\n|t:|1698562715\n|switch|p2a: Grimace|Grimmsnarl, M|100\/100\n|turn|4\n|\n|t:|1698562723\n|move|p2a: Grimace|Reflect|p2a: Grimace\n|-sidestart|p2: 07aint|Reflect\n|move|p1a: Necrozma|Dragon Dance|p1a: Necrozma\n|-boost|p1a: Necrozma|atk|1\n|-boost|p1a: Necrozma|spe|1\n|\n|upkeep\n|turn|5\n|\n|t:|1698562736\n|move|p1a: Necrozma|Sunsteel Strike|p2a: Grimace\n|-supereffective|p2a: Grimace\n|-damage|p2a: Grimace|8\/100\n|move|p2a: Grimace|Spirit Break|p1a: Necrozma\n|-supereffective|p1a: Necrozma\n|-damage|p1a: Necrozma|0 fnt\n|faint|p1a: Necrozma\n|\n|upkeep\n|\n|t:|1698562747\n|switch|p1a: Lucario|Lucario, F|100\/100\n|turn|6\n|\n|t:|1698562755\n|detailschange|p1a: Lucario|Lucario-Mega, F\n|-mega|p1a: Lucario|Lucario|Lucarionite\n|move|p2a: Grimace|Parting Shot|p1a: Lucario\n|-unboost|p1a: Lucario|atk|1\n|-unboost|p1a: Lucario|spa|1\n|\n|t:|1698562760\n|switch|p2a: lol|Tapu Lele, shiny|100\/100|[from] Parting Shot\n|-fieldstart|move: Psychic Terrain|[from] ability: Psychic Surge|[of] p2a: lol\n|move|p1a: Lucario|Earthquake|p2a: lol\n|-damage|p2a: lol|81\/100\n|\n|upkeep\n|turn|7\n|\n|t:|1698562779\n|move|p1a: Lucario|Meteor Mash|p2a: lol\n|-supereffective|p2a: lol\n|-damage|p2a: lol|14\/100\n|move|p2a: lol|Psyshock|p1a: Lucario\n|-damage|p1a: Lucario|0 fnt\n|faint|p1a: Lucario\n|\n|upkeep\n|\n|t:|1698562787\n|switch|p1a: Zacian|Zacian-Crowned|100\/100\n|-ability|p1a: Zacian|Intrepid Sword|boost\n|-boost|p1a: Zacian|atk|1\n|turn|8\n|\n|t:|1698562793\n|switch|p2a: Amoonguss|Amoonguss, F|100\/100\n|move|p1a: Zacian|Behemoth Blade|p2a: Amoonguss\n|-damage|p2a: Amoonguss|70\/100\n|-damage|p1a: Zacian|84\/100|[from] item: Rocky Helmet|[of] p2a: Amoonguss\n|\n|upkeep\n|turn|9\n|\n|t:|1698562806\n|move|p1a: Zacian|Swords Dance|p1a: Zacian\n|-boost|p1a: Zacian|atk|2\n|move|p2a: Amoonguss|Stun Spore|p1a: Zacian|[miss]\n|-miss|p2a: Amoonguss|p1a: Zacian\n|\n|upkeep\n|turn|10\n|\n|t:|1698562813\n|-terastallize|p1a: Zacian|Fairy\n|move|p1a: Zacian|Play Rough|p2a: Amoonguss\n|-resisted|p2a: Amoonguss\n|-damage|p2a: Amoonguss|39\/100\n|-damage|p1a: Zacian|67\/100|[from] item: Rocky Helmet|[of] p2a: Amoonguss\n|move|p2a: Amoonguss|Stun Spore|p1a: Zacian\n|-status|p1a: Zacian|par\n|\n|-fieldend|move: Psychic Terrain\n|upkeep\n|turn|11\n|\n|t:|1698562826\n|move|p1a: Zacian|Play Rough|p2a: Amoonguss\n|-resisted|p2a: Amoonguss\n|-damage|p2a: Amoonguss|5\/100\n|-unboost|p2a: Amoonguss|atk|1\n|-damage|p1a: Zacian|51\/100 par|[from] item: Rocky Helmet|[of] p2a: Amoonguss\n|move|p2a: Amoonguss|Sludge Bomb|p1a: Zacian\n|-supereffective|p1a: Zacian\n|-damage|p1a: Zacian|4\/100 par\n|\n|-sideend|p2: 07aint|Reflect\n|upkeep\n|turn|12\n|\n|t:|1698562843\n|move|p1a: Zacian|Behemoth Blade|p2a: Amoonguss\n|-damage|p2a: Amoonguss|0 fnt\n|-damage|p1a: Zacian|0 fnt|[from] item: Rocky Helmet|[of] p2a: Amoonguss\n|faint|p2a: Amoonguss\n|faint|p1a: Zacian\n|\n|upkeep\n|\n|t:|1698562858\n|switch|p1a: Darkrai|Darkrai|100\/100\n|switch|p2a: Grimace|Grimmsnarl, M|8\/100\n|turn|13\n|\n|t:|1698562875\n|move|p2a: Grimace|Light Screen|p2a: Grimace\n|-sidestart|p2: 07aint|move: Light Screen\n|move|p1a: Darkrai|Hypnosis|p2a: Grimace\n|-status|p2a: Grimace|slp|[from] move: Hypnosis\n|\n|-damage|p2a: Grimace|0 fnt|[from] ability: Bad Dreams|[of] p1a: Darkrai\n|faint|p2a: Grimace\n|upkeep\n|\n|t:|1698562883\n|switch|p2a: Togekiss|Togekiss, F|100\/100\n|turn|14\n|\n|t:|1698562891\n|move|p1a: Darkrai|Hypnosis|p2a: Togekiss|[miss]\n|-miss|p1a: Darkrai|p2a: Togekiss\n|move|p2a: Togekiss|Air Slash|p1a: Darkrai\n|-damage|p1a: Darkrai|55\/100\n|\n|upkeep\n|turn|15\n|\n|t:|1698562897\n|move|p1a: Darkrai|Hypnosis|p2a: Togekiss|[miss]\n|-miss|p1a: Darkrai|p2a: Togekiss\n|move|p2a: Togekiss|Air Slash|p1a: Darkrai\n|-damage|p1a: Darkrai|6\/100\n|\n|upkeep\n|turn|16\n|\n|t:|1698562902\n|move|p1a: Darkrai|Hypnosis|p2a: Togekiss|[miss]\n|-miss|p1a: Darkrai|p2a: Togekiss\n|move|p2a: Togekiss|Air Slash|p1a: Darkrai\n|-damage|p1a: Darkrai|0 fnt\n|faint|p1a: Darkrai\n|\n|upkeep\n|\n|t:|1698562911\n|switch|p1a: Kyogre|Kyogre|100\/100\n|detailschange|p1a: Kyogre|Kyogre-Primal\n|-primal|p1a: Kyogre|Blue Orb\n|-weather|PrimordialSea|[from] ability: Primordial Sea|[of] p1a: Kyogre\n|turn|17\n|\n|t:|1698562920\n|move|p1a: Kyogre|Origin Pulse|p2a: Togekiss\n|-damage|p2a: Togekiss|43\/100\n|move|p2a: Togekiss|Nasty Plot|p2a: Togekiss\n|-boost|p2a: Togekiss|spa|2\n|\n|-weather|PrimordialSea|[upkeep]\n|-heal|p2a: Togekiss|49\/100|[from] item: Leftovers\n|upkeep\n|turn|18\n|\n|t:|1698562932\n|move|p1a: Kyogre|Origin Pulse|p2a: Togekiss|[miss]\n|-miss|p1a: Kyogre|p2a: Togekiss\n|move|p2a: Togekiss|Wish|p2a: Togekiss\n|\n|-weather|PrimordialSea|[upkeep]\n|-heal|p2a: Togekiss|55\/100|[from] item: Leftovers\n|upkeep\n|turn|19\n|\n|t:|1698562940\n|move|p1a: Kyogre|Origin Pulse|p2a: Togekiss\n|-damage|p2a: Togekiss|0 fnt\n|faint|p2a: Togekiss\n|\n|-weather|PrimordialSea|[upkeep]\n|upkeep\n|\n|t:|1698562946\n|switch|p2a: lol|Tapu Lele, shiny|14\/100\n|-fieldstart|move: Psychic Terrain|[from] ability: Psychic Surge|[of] p2a: lol\n|turn|20\n|\n|t:|1698562967\n|-terastallize|p2a: lol|Psychic\n|move|p2a: lol|Psyshock|p1a: Kyogre\n|-damage|p1a: Kyogre|0 fnt\n|faint|p1a: Kyogre\n|-weather|none\n|\n|-sideend|p2: 07aint|move: Light Screen\n|upkeep\n|\n|t:|1698562978\n|switch|p1a: Groudon|Groudon|100\/100\n|detailschange|p1a: Groudon|Groudon-Primal\n|-primal|p1a: Groudon|Red Orb\n|-weather|DesolateLand|[from] ability: Desolate Land|[of] p1a: Groudon\n|turn|21\n|\n|t:|1698562991\n|move|p2a: lol|Psyshock|p1a: Groudon\n|-damage|p1a: Groudon|30\/100\n|move|p1a: Groudon|Fire Punch|p2a: lol\n|-damage|p2a: lol|0 fnt\n|faint|p2a: lol\n|\n|win|centus\n|raw|centus's rating: 1078 &rarr; <strong>1103<\/strong><br \/>(+25 for winning)\n|raw|07aint's rating: 1032 &rarr; <strong>1019<\/strong><br \/>(-13 for losing)\n","uploadtime":1698563000,"views":18,"p1id":"centus","p2id":"07aint","formatid":"gen9nationaldexubers","rating":1019,"private":0,"password":""}