{"id":"gen9nationaldexubers-1985430331","p1":"SkylarSoren","p2":"Flames98765","format":"[Gen 9] National Dex Ubers","log":"|j|\u2606SkylarSoren\n|j|\u2606Flames98765\n|t:|1699374055\n|gametype|singles\n|player|p1|SkylarSoren|ethan-masters|\n|player|p2|Flames98765|jasmine|\n|teamsize|p1|6\n|teamsize|p2|6\n|gen|9\n|tier|[Gen 9] National Dex Ubers\n|rule|HP Percentage Mod: HP is shown in percentages\n|rule|Endless Battle Clause: Forcing endless battles is banned\n|rule|OHKO Clause: OHKO moves are banned\n|rule|Evasion Moves Clause: Evasion moves are banned\n|rule|Evasion Items Clause: Evasion items are banned\n|rule|Species Clause: Limit one of each Pok\u00e9mon\n|rule|Sleep Clause Mod: Limit one foe put to sleep\n|rule|Mega Rayquaza Clause: You cannot mega evolve Rayquaza\n|clearpoke\n|poke|p1|Milotic, F|\n|poke|p1|Urshifu-*, F|\n|poke|p1|Palkia-Origin|\n|poke|p1|Gliscor, M|\n|poke|p1|Garchomp, M|\n|poke|p1|Yanmega, M|\n|poke|p2|Tapu Koko|\n|poke|p2|Yveltal|\n|poke|p2|Kyurem|\n|poke|p2|Beedrill, F|\n|poke|p2|Empoleon, F|\n|poke|p2|Clefable, M|\n|teampreview\n|\n|t:|1699374063\n|start\n|switch|p1a: Urshifu|Urshifu-Rapid-Strike, F|100\/100\n|switch|p2a: Beedrill|Beedrill, F|100\/100\n|turn|1\n|\n|t:|1699374079\n|switch|p2a: Clefable|Clefable, M|100\/100\n|move|p1a: Urshifu|Surging Strikes|p2a: Clefable\n|-crit|p2a: Clefable\n|-damage|p2a: Clefable|86\/100\n|-crit|p2a: Clefable\n|-damage|p2a: Clefable|71\/100\n|-crit|p2a: Clefable\n|-damage|p2a: Clefable|55\/100\n|-hitcount|p2a: Clefable|3\n|\n|-heal|p2a: Clefable|61\/100|[from] item: Leftovers\n|upkeep\n|turn|2\n|\n|t:|1699374092\n|switch|p1a: Gliscor|Gliscor, M|100\/100\n|move|p2a: Clefable|Soft-Boiled|p2a: Clefable\n|-heal|p2a: Clefable|100\/100\n|\n|-status|p1a: Gliscor|tox|[from] item: Toxic Orb\n|upkeep\n|turn|3\n|\n|t:|1699374102\n|move|p1a: Gliscor|Stealth Rock|p2a: Clefable\n|-sidestart|p2: Flames98765|move: Stealth Rock\n|move|p2a: Clefable|Stealth Rock|p1a: Gliscor\n|-sidestart|p1: SkylarSoren|move: Stealth Rock\n|\n|upkeep\n|turn|4\n|\n|t:|1699374123\n|switch|p2a: Yveltal|Yveltal|100\/100\n|-damage|p2a: Yveltal|76\/100|[from] Stealth Rock\n|-ability|p2a: Yveltal|Dark Aura\n|move|p1a: Gliscor|Toxic|p2a: Yveltal\n|-status|p2a: Yveltal|tox\n|\n|-damage|p2a: Yveltal|70\/100 tox|[from] psn\n|upkeep\n|turn|5\n|\n|t:|1699374137\n|switch|p1a: Milotic|Milotic, F, shiny|100\/100\n|move|p2a: Yveltal|Knock Off|p1a: Milotic\n|-damage|p1a: Milotic|24\/100\n|-enditem|p1a: Milotic|Heavy-Duty Boots|[from] move: Knock Off|[of] p2a: Yveltal\n|\n|-damage|p2a: Yveltal|57\/100 tox|[from] psn\n|upkeep\n|turn|6\n|\n|t:|1699374148\n|move|p2a: Yveltal|Oblivion Wing|p1a: Milotic\n|-damage|p1a: Milotic|4\/100\n|-heal|p2a: Yveltal|70\/100 tox|[from] drain|[of] p1a: Milotic\n|move|p1a: Milotic|Recover|p1a: Milotic\n|-heal|p1a: Milotic|54\/100\n|\n|-damage|p2a: Yveltal|52\/100 tox|[from] psn\n|upkeep\n|turn|7\n|\n|t:|1699374159\n|move|p2a: Yveltal|U-turn|p1a: Milotic\n|-damage|p1a: Milotic|25\/100\n|\n|t:|1699374162\n|switch|p2a: Tapu Koko|Tapu Koko|100\/100|[from] U-turn\n|-damage|p2a: Tapu Koko|88\/100|[from] Stealth Rock\n|-fieldstart|move: Electric Terrain|[from] ability: Electric Surge|[of] p2a: Tapu Koko\n|move|p1a: Milotic|Recover|p1a: Milotic\n|-heal|p1a: Milotic|75\/100\n|\n|upkeep\n|turn|8\n|\n|t:|1699374175\n|switch|p1a: Gliscor|Gliscor, M|100\/100 tox\n|-damage|p1a: Gliscor|88\/100 tox|[from] Stealth Rock\n|move|p2a: Tapu Koko|Nature's Madness|p1a: Gliscor\n|-damage|p1a: Gliscor|44\/100 tox\n|\n|-heal|p1a: Gliscor|57\/100 tox|[from] ability: Poison Heal\n|upkeep\n|turn|9\n|\n|t:|1699374195\n|switch|p1a: Urshifu|Urshifu-Rapid-Strike, F|100\/100\n|-damage|p1a: Urshifu|94\/100|[from] Stealth Rock\n|move|p2a: Tapu Koko|Dazzling Gleam|p1a: Urshifu\n|-supereffective|p1a: Urshifu\n|-damage|p1a: Urshifu|0 fnt\n|faint|p1a: Urshifu\n|\n|upkeep\n|\n|t:|1699374219\n|switch|p1a: Gliscor|Gliscor, M|57\/100 tox\n|-damage|p1a: Gliscor|44\/100 tox|[from] Stealth Rock\n|turn|10\n|\n|t:|1699374227\n|move|p1a: Gliscor|Protect|p1a: Gliscor\n|-singleturn|p1a: Gliscor|Protect\n|move|p2a: Tapu Koko|Dazzling Gleam|p1a: Gliscor\n|-activate|p1a: Gliscor|move: Protect\n|\n|-heal|p1a: Gliscor|57\/100 tox|[from] ability: Poison Heal\n|upkeep\n|turn|11\n|\n|t:|1699374245\n|move|p2a: Tapu Koko|Dazzling Gleam|p1a: Gliscor\n|-damage|p1a: Gliscor|14\/100 tox\n|move|p1a: Gliscor|Earthquake|p2a: Tapu Koko\n|-supereffective|p2a: Tapu Koko\n|-damage|p2a: Tapu Koko|0 fnt\n|faint|p2a: Tapu Koko\n|\n|-heal|p1a: Gliscor|26\/100 tox|[from] ability: Poison Heal\n|-fieldend|move: Electric Terrain\n|upkeep\n|\n|t:|1699374257\n|switch|p2a: Empoleon|Empoleon, F|100\/100\n|-damage|p2a: Empoleon|94\/100|[from] Stealth Rock\n|-item|p2a: Empoleon|Air Balloon\n|turn|12\n|\n|t:|1699374275\n|switch|p1a: Milotic|Milotic, F, shiny|75\/100\n|-damage|p1a: Milotic|63\/100|[from] Stealth Rock\n|move|p2a: Empoleon|Agility|p2a: Empoleon\n|-boost|p2a: Empoleon|spe|2\n|\n|upkeep\n|turn|13\n|\n|t:|1699374285\n|-terastallize|p2a: Empoleon|Electric\n|move|p2a: Empoleon|Tera Blast|p1a: Milotic|[anim] Tera Blast Electric\n|-supereffective|p1a: Milotic\n|-damage|p1a: Milotic|12\/100\n|move|p1a: Milotic|Recover|p1a: Milotic\n|-heal|p1a: Milotic|62\/100\n|\n|upkeep\n|turn|14\n|\n|t:|1699374298\n|switch|p1a: Palkia|Palkia-Origin|100\/100\n|-damage|p1a: Palkia|88\/100|[from] Stealth Rock\n|-ability|p1a: Palkia|Pressure\n|move|p2a: Empoleon|Tera Blast|p1a: Palkia|[anim] Tera Blast Electric\n|-damage|p1a: Palkia|48\/100\n|\n|upkeep\n|turn|15\n|\n|t:|1699374318\n|switch|p2a: Clefable|Clefable, M|100\/100\n|move|p1a: Palkia|Hydro Pump|p2a: Clefable\n|-damage|p2a: Clefable|27\/100\n|\n|-heal|p2a: Clefable|33\/100|[from] item: Leftovers\n|upkeep\n|turn|16\n|\n|t:|1699374333\n|move|p1a: Palkia|Hydro Pump|p2a: Clefable|[miss]\n|-miss|p1a: Palkia|p2a: Clefable\n|move|p2a: Clefable|Thunder Wave|p1a: Palkia\n|-status|p1a: Palkia|par\n|\n|-heal|p2a: Clefable|39\/100|[from] item: Leftovers\n|upkeep\n|turn|17\n|\n|t:|1699374343\n|move|p1a: Palkia|Hydro Pump|p2a: Clefable|[miss]\n|-miss|p1a: Palkia|p2a: Clefable\n|move|p2a: Clefable|Seismic Toss|p1a: Palkia\n|-damage|p1a: Palkia|17\/100 par\n|\n|-heal|p2a: Clefable|45\/100|[from] item: Leftovers\n|upkeep\n|turn|18\n|\n|t:|1699374352\n|move|p1a: Palkia|Hydro Pump|p2a: Clefable\n|-damage|p2a: Clefable|0 fnt\n|faint|p2a: Clefable\n|\n|upkeep\n|\n|t:|1699374356\n|switch|p2a: Beedrill|Beedrill, F|100\/100\n|-damage|p2a: Beedrill|76\/100|[from] Stealth Rock\n|turn|19\n|\n|t:|1699374372\n|switch|p1a: Garchomp|Garchomp, M|100\/100\n|-damage|p1a: Garchomp|94\/100|[from] Stealth Rock\n|detailschange|p2a: Beedrill|Beedrill-Mega, F\n|-mega|p2a: Beedrill|Beedrill|Beedrillite\n|move|p2a: Beedrill|Fell Stinger|p1a: Garchomp\n|-damage|p1a: Garchomp|56\/100\n|-damage|p2a: Beedrill|64\/100|[from] ability: Rough Skin|[of] p1a: Garchomp\n|\n|upkeep\n|turn|20\n|\n|t:|1699374386\n|move|p2a: Beedrill|U-turn|p1a: Garchomp\n|-damage|p1a: Garchomp|1\/100\n|-damage|p2a: Beedrill|51\/100|[from] ability: Rough Skin|[of] p1a: Garchomp\n|\n|t:|1699374391\n|switch|p2a: Yveltal|Yveltal|52\/100 tox|[from] U-turn\n|-damage|p2a: Yveltal|27\/100 tox|[from] Stealth Rock\n|-ability|p2a: Yveltal|Dark Aura\n|move|p1a: Garchomp|Scale Shot|p2a: Yveltal\n|-damage|p2a: Yveltal|15\/100 tox\n|-damage|p2a: Yveltal|4\/100 tox\n|-hitcount|p2a: Yveltal|2\n|-unboost|p1a: Garchomp|def|1\n|-boost|p1a: Garchomp|spe|1\n|\n|-damage|p2a: Yveltal|0 fnt|[from] psn\n|faint|p2a: Yveltal\n|upkeep\n|\n|t:|1699374411\n|switch|p2a: Beedrill|Beedrill-Mega, F|51\/100\n|-damage|p2a: Beedrill|27\/100|[from] Stealth Rock\n|turn|21\n|\n|t:|1699374424\n|move|p1a: Garchomp|Scale Shot|p2a: Beedrill\n|-damage|p2a: Beedrill|0 fnt\n|faint|p2a: Beedrill\n|-hitcount|p2: Beedrill|1\n|-unboost|p1a: Garchomp|def|1\n|-boost|p1a: Garchomp|spe|1\n|\n|upkeep\n|\n|t:|1699374434\n|switch|p2a: Kyurem|Kyurem|100\/100\n|-ability|p2a: Kyurem|Pressure\n|turn|22\n|\n|t:|1699374442\n|detailschange|p1a: Garchomp|Garchomp-Mega, M\n|-mega|p1a: Garchomp|Garchomp|Garchompite\n|move|p1a: Garchomp|Scale Shot|p2a: Kyurem\n|-supereffective|p2a: Kyurem\n|-damage|p2a: Kyurem|75\/100\n|-supereffective|p2a: Kyurem\n|-damage|p2a: Kyurem|50\/100\n|-supereffective|p2a: Kyurem\n|-damage|p2a: Kyurem|24\/100\n|-supereffective|p2a: Kyurem\n|-damage|p2a: Kyurem|0 fnt\n|faint|p2a: Kyurem\n|-hitcount|p2: Kyurem|4\n|-unboost|p1a: Garchomp|def|1\n|-boost|p1a: Garchomp|spe|1\n|\n|upkeep\n|c|\u2606Flames98765|gg\n|c|\u2606SkylarSoren|Gg\n|-message|Flames98765 forfeited.\n|\n|win|SkylarSoren\n","uploadtime":1699374463,"views":7,"p1id":"skylarsoren","p2id":"flames98765","formatid":"gen9nationaldexubers","rating":0,"private":0,"password":""}