{"id":"gen9nationaldexubers-1986136826","p1":"Black_Wicked","p2":"7s Recruit","format":"[Gen 9] National Dex Ubers","log":"|j|\u2606Black_Wicked\n|j|\u26067s Recruit\n|t:|1699453723\n|gametype|singles\n|player|p1|Black_Wicked|ghetsis|\n|player|p2|7s Recruit|ethan|\n|teamsize|p1|6\n|teamsize|p2|6\n|gen|9\n|tier|[Gen 9] National Dex Ubers\n|rule|HP Percentage Mod: HP is shown in percentages\n|rule|Endless Battle Clause: Forcing endless battles is banned\n|rule|OHKO Clause: OHKO moves are banned\n|rule|Evasion Moves Clause: Evasion moves are banned\n|rule|Evasion Items Clause: Evasion items are banned\n|rule|Species Clause: Limit one of each Pok\u00e9mon\n|rule|Sleep Clause Mod: Limit one foe put to sleep\n|rule|Mega Rayquaza Clause: You cannot mega evolve Rayquaza\n|clearpoke\n|poke|p1|Dracovish|\n|poke|p1|Togekiss, M|\n|poke|p1|Basculegion, M|\n|poke|p1|Sawsbuck, M|\n|poke|p1|Alakazam, M|\n|poke|p1|Araquanid, F|\n|poke|p2|Alakazam, M|\n|poke|p2|Mimikyu, M|\n|poke|p2|Tapu Lele|\n|poke|p2|Garchomp, M|\n|poke|p2|Rotom-Wash|\n|poke|p2|Umbreon, M|\n|teampreview\n|inactive|Battle timer is ON: inactive players will automatically lose when time's up. (requested by Black_Wicked)\n|\n|t:|1699453728\n|start\n|switch|p1a: Araquanid|Araquanid, F|100\/100\n|switch|p2a: Rampage|Garchomp, M|100\/100\n|turn|1\n|\n|t:|1699453736\n|move|p2a: Rampage|Stealth Rock|p1a: Araquanid\n|-sidestart|p1: Black_Wicked|move: Stealth Rock\n|move|p1a: Araquanid|Sticky Web|p2a: Rampage\n|-sidestart|p2: 7s Recruit|move: Sticky Web\n|\n|upkeep\n|turn|2\n|\n|t:|1699453744\n|move|p2a: Rampage|Fire Fang|p1a: Araquanid\n|-damage|p1a: Araquanid|86\/100\n|move|p1a: Araquanid|Liquidation|p2a: Rampage\n|-damage|p2a: Rampage|39\/100\n|-unboost|p2a: Rampage|def|1\n|-damage|p1a: Araquanid|73\/100|[from] ability: Rough Skin|[of] p2a: Rampage\n|\n|upkeep\n|turn|3\n|\n|t:|1699453753\n|move|p2a: Rampage|Fire Fang|p1a: Araquanid\n|-damage|p1a: Araquanid|59\/100\n|move|p1a: Araquanid|Liquidation|p2a: Rampage\n|-damage|p2a: Rampage|0 fnt\n|-damage|p1a: Araquanid|46\/100|[from] ability: Rough Skin|[of] p2a: Rampage\n|faint|p2a: Rampage\n|\n|upkeep\n|\n|t:|1699453763\n|switch|p2a: Nerd|Rotom-Wash|100\/100\n|turn|4\n|\n|t:|1699453768\n|move|p2a: Nerd|Defog|p1a: Araquanid\n|-unboost|p1a: Araquanid|evasion|1\n|-sideend|p1: Black_Wicked|Stealth Rock|[from] move: Defog|[of] p2a: Nerd\n|-sideend|p2: 7s Recruit|Sticky Web|[from] move: Defog|[of] p2a: Nerd\n|move|p1a: Araquanid|Mirror Coat||[still]\n|-fail|p1a: Araquanid\n|\n|upkeep\n|turn|5\n|\n|t:|1699453777\n|move|p2a: Nerd|Volt Switch|p1a: Araquanid\n|-supereffective|p1a: Araquanid\n|-damage|p1a: Araquanid|12\/100\n|\n|t:|1699453783\n|switch|p2a: Terrina|Tapu Lele|100\/100|[from] Volt Switch\n|-fieldstart|move: Psychic Terrain|[from] ability: Psychic Surge|[of] p2a: Terrina\n|move|p1a: Araquanid|Mirror Coat|p2a: Terrina\n|-damage|p2a: Terrina|32\/100\n|\n|upkeep\n|turn|6\n|\n|t:|1699453792\n|move|p2a: Terrina|Psychic|p1a: Araquanid\n|-damage|p1a: Araquanid|0 fnt\n|faint|p1a: Araquanid\n|\n|upkeep\n|\n|t:|1699453814\n|switch|p1a: Alakazam|Alakazam, M|100\/100\n|turn|7\n|\n|t:|1699453820\n|detailschange|p1a: Alakazam|Alakazam-Mega, M\n|-mega|p1a: Alakazam|Alakazam|Alakazite\n|-ability|p1a: Alakazam|Psychic Surge|[from] ability: Trace|[of] p2a: Terrina\n|-terastallize|p2a: Terrina|Psychic\n|move|p1a: Alakazam|Nasty Plot|p1a: Alakazam\n|-boost|p1a: Alakazam|spa|2\n|move|p2a: Terrina|Psychic|p1a: Alakazam\n|-resisted|p1a: Alakazam\n|-damage|p1a: Alakazam|47\/100\n|\n|upkeep\n|turn|8\n|\n|t:|1699453832\n|move|p1a: Alakazam|Shadow Ball|p2a: Terrina\n|-supereffective|p2a: Terrina\n|-damage|p2a: Terrina|0 fnt\n|faint|p2a: Terrina\n|\n|upkeep\n|\n|t:|1699453840\n|switch|p2a: Caretaker Jr.|Umbreon, M|100\/100\n|turn|9\n|\n|t:|1699453844\n|move|p1a: Alakazam|Dazzling Gleam|p2a: Caretaker Jr.\n|-supereffective|p2a: Caretaker Jr.\n|-damage|p2a: Caretaker Jr.|7\/100\n|move|p2a: Caretaker Jr.|Foul Play|p1a: Alakazam\n|-supereffective|p1a: Alakazam\n|-damage|p1a: Alakazam|0 fnt\n|faint|p1a: Alakazam\n|\n|-heal|p2a: Caretaker Jr.|13\/100|[from] item: Leftovers\n|-fieldend|move: Psychic Terrain\n|upkeep\n|\n|t:|1699453850\n|switch|p1a: Togekiss|Togekiss, M|100\/100\n|turn|10\n|\n|t:|1699453858\n|move|p2a: Caretaker Jr.|Protect|p2a: Caretaker Jr.\n|-singleturn|p2a: Caretaker Jr.|Protect\n|move|p1a: Togekiss|Nasty Plot|p1a: Togekiss\n|-boost|p1a: Togekiss|spa|2\n|\n|-heal|p2a: Caretaker Jr.|19\/100|[from] item: Leftovers\n|upkeep\n|turn|11\n|\n|t:|1699453868\n|switch|p2a: Nerd|Rotom-Wash|100\/100\n|move|p1a: Togekiss|Tailwind|p1a: Togekiss\n|-sidestart|p1: Black_Wicked|move: Tailwind\n|\n|upkeep\n|turn|12\n|\n|t:|1699453875\n|move|p1a: Togekiss|Air Slash|p2a: Nerd\n|-resisted|p2a: Nerd\n|-damage|p2a: Nerd|70\/100\n|move|p2a: Nerd|Volt Switch|p1a: Togekiss\n|-supereffective|p1a: Togekiss\n|-damage|p1a: Togekiss|50\/100\n|\n|t:|1699453885\n|switch|p2a: Caretaker Jr.|Umbreon, M|19\/100|[from] Volt Switch\n|\n|-heal|p1a: Togekiss|56\/100|[from] item: Leftovers\n|-heal|p2a: Caretaker Jr.|25\/100|[from] item: Leftovers\n|upkeep\n|turn|13\n|\n|t:|1699453893\n|move|p1a: Togekiss|Draining Kiss|p2a: Caretaker Jr.\n|-supereffective|p2a: Caretaker Jr.\n|-damage|p2a: Caretaker Jr.|0 fnt\n|-heal|p1a: Togekiss|80\/100|[from] drain|[of] p2a: Caretaker Jr.\n|faint|p2a: Caretaker Jr.\n|\n|-heal|p1a: Togekiss|86\/100|[from] item: Leftovers\n|upkeep\n|\n|t:|1699453902\n|switch|p2a: Nerd|Rotom-Wash|70\/100\n|turn|14\n|\n|t:|1699453910\n|-terastallize|p1a: Togekiss|Fairy\n|move|p1a: Togekiss|Draining Kiss|p2a: Nerd\n|-damage|p2a: Nerd|9\/100\n|-heal|p1a: Togekiss|100\/100|[from] drain|[of] p2a: Nerd\n|move|p2a: Nerd|Volt Switch|p1a: Togekiss\n|-crit|p1a: Togekiss\n|-damage|p1a: Togekiss|66\/100\n|\n|t:|1699453920\n|switch|p2a: Neuro|Alakazam, M|100\/100|[from] Volt Switch\n|\n|-heal|p1a: Togekiss|72\/100|[from] item: Leftovers\n|-sideend|p1: Black_Wicked|move: Tailwind\n|upkeep\n|turn|15\n|\n|t:|1699453929\n|detailschange|p2a: Neuro|Alakazam-Mega, M\n|-mega|p2a: Neuro|Alakazam|Alakazite\n|-ability|p2a: Neuro|Serene Grace|[from] ability: Trace|[of] p1a: Togekiss\n|move|p2a: Neuro|Psychic|p1a: Togekiss\n|-damage|p1a: Togekiss|16\/100\n|move|p1a: Togekiss|Tailwind|p1a: Togekiss\n|-sidestart|p1: Black_Wicked|move: Tailwind\n|\n|-heal|p1a: Togekiss|22\/100|[from] item: Leftovers\n|upkeep\n|turn|16\n|\n|t:|1699453941\n|move|p1a: Togekiss|Draining Kiss|p2a: Neuro\n|-damage|p2a: Neuro|0 fnt\n|-heal|p1a: Togekiss|82\/100|[from] drain|[of] p2a: Neuro\n|faint|p2a: Neuro\n|\n|-heal|p1a: Togekiss|88\/100|[from] item: Leftovers\n|upkeep\n|\n|t:|1699453949\n|switch|p2a: Lezoure|Mimikyu, M|100\/100\n|turn|17\n|\n|t:|1699453954\n|move|p1a: Togekiss|Air Slash|p2a: Lezoure\n|-activate|p2a: Lezoure|ability: Disguise\n|-damage|p2a: Lezoure|100\/100\n|detailschange|p2a: Lezoure|Mimikyu-Busted, M\n|-damage|p2a: Lezoure|88\/100|[from] pokemon: Mimikyu-Busted\n|cant|p2a: Lezoure|flinch\n|\n|-heal|p1a: Togekiss|94\/100|[from] item: Leftovers\n|upkeep\n|turn|18\n|\n|t:|1699453965\n|move|p1a: Togekiss|Air Slash|p2a: Lezoure\n|-damage|p2a: Lezoure|0 fnt\n|faint|p2a: Lezoure\n|\n|-heal|p1a: Togekiss|99\/100|[from] item: Leftovers\n|-sideend|p1: Black_Wicked|move: Tailwind\n|upkeep\n|\n|t:|1699453973\n|switch|p2a: Nerd|Rotom-Wash|9\/100\n|turn|19\n|\n|t:|1699453977\n|move|p1a: Togekiss|Draining Kiss|p2a: Nerd\n|-damage|p2a: Nerd|0 fnt\n|-heal|p1a: Togekiss|100\/100|[from] drain|[of] p2a: Nerd\n|faint|p2a: Nerd\n|\n|win|Black_Wicked\n","uploadtime":1699453980,"views":10,"p1id":"blackwicked","p2id":"7srecruit","formatid":"gen9nationaldexubers","rating":0,"private":0,"password":""}