{"id":"gen9nationaldexubers-1995415545","p1":"PHANTOM-MODE\ufe0f\u26a7\ufe0f","p2":"Pixielee","format":"[Gen 9] National Dex Ubers","log":"|j|\u2606PHANTOM-MODE\ufe0f\u26a7\ufe0f\n|j|\u2606Pixielee\n|t:|1700567834\n|gametype|singles\n|player|p1|PHANTOM-MODE\ufe0f\u26a7\ufe0f|hexmaniac-gen6|1079\n|player|p2|Pixielee|wallace|1065\n|teamsize|p1|6\n|teamsize|p2|6\n|gen|9\n|tier|[Gen 9] National Dex Ubers\n|rated|\n|rule|HP Percentage Mod: HP is shown in percentages\n|rule|Endless Battle Clause: Forcing endless battles is banned\n|rule|OHKO Clause: OHKO moves are banned\n|rule|Evasion Moves Clause: Evasion moves are banned\n|rule|Evasion Items Clause: Evasion items are banned\n|rule|Species Clause: Limit one of each Pok\u00e9mon\n|rule|Sleep Clause Mod: Limit one foe put to sleep\n|rule|Mega Rayquaza Clause: You cannot mega evolve Rayquaza\n|clearpoke\n|poke|p1|Houndstone, M|\n|poke|p1|Runerigus, M|\n|poke|p1|Silvally-*|\n|poke|p1|Flutter Mane|\n|poke|p1|Gengar, M|\n|poke|p1|Blacephalon|\n|poke|p2|Rapidash-Galar, M|\n|poke|p2|Grimmsnarl, M|\n|poke|p2|Primarina, F|\n|poke|p2|Sylveon, F|\n|poke|p2|Mimikyu, M|\n|poke|p2|Togekiss, M|\n|teampreview\n|\n|t:|1700567842\n|start\n|switch|p1a: \ud83c\ude33\ufe0f\ud83d\udc80GENGER\ud83d\udc80\ud83c\ude33\ufe0f|Gengar, M|100\/100\n|switch|p2a: Grimmsnarl|Grimmsnarl, M|100\/100\n|turn|1\n|\n|t:|1700567857\n|move|p2a: Grimmsnarl|Reflect|p2a: Grimmsnarl\n|-sidestart|p2: Pixielee|Reflect\n|move|p1a: \ud83c\ude33\ufe0f\ud83d\udc80GENGER\ud83d\udc80\ud83c\ude33\ufe0f|Toxic Spikes|p2a: Grimmsnarl\n|-sidestart|p2: Pixielee|move: Toxic Spikes\n|\n|upkeep\n|turn|2\n|\n|t:|1700567862\n|move|p2a: Grimmsnarl|Light Screen|p2a: Grimmsnarl\n|-sidestart|p2: Pixielee|move: Light Screen\n|move|p1a: \ud83c\ude33\ufe0f\ud83d\udc80GENGER\ud83d\udc80\ud83c\ude33\ufe0f|Toxic Spikes|p2a: Grimmsnarl\n|-sidestart|p2: Pixielee|move: Toxic Spikes\n|\n|upkeep\n|turn|3\n|\n|t:|1700567869\n|move|p1a: \ud83c\ude33\ufe0f\ud83d\udc80GENGER\ud83d\udc80\ud83c\ude33\ufe0f|Shadow Ball|p2a: Grimmsnarl\n|-resisted|p2a: Grimmsnarl\n|-damage|p2a: Grimmsnarl|87\/100\n|move|p2a: Grimmsnarl|Play Rough|p1a: \ud83c\ude33\ufe0f\ud83d\udc80GENGER\ud83d\udc80\ud83c\ude33\ufe0f\n|-resisted|p1a: \ud83c\ude33\ufe0f\ud83d\udc80GENGER\ud83d\udc80\ud83c\ude33\ufe0f\n|-damage|p1a: \ud83c\ude33\ufe0f\ud83d\udc80GENGER\ud83d\udc80\ud83c\ude33\ufe0f|57\/100\n|-start|p2a: Grimmsnarl|Disable|Play Rough|[from] ability: Cursed Body|[of] p1a: \ud83c\ude33\ufe0f\ud83d\udc80GENGER\ud83d\udc80\ud83c\ude33\ufe0f\n|\n|upkeep\n|turn|4\n|\n|t:|1700567885\n|switch|p2a: Rapidash|Rapidash-Galar, M|100\/100\n|move|p1a: \ud83c\ude33\ufe0f\ud83d\udc80GENGER\ud83d\udc80\ud83c\ude33\ufe0f|Spite||[still]\n|-fail|p1a: \ud83c\ude33\ufe0f\ud83d\udc80GENGER\ud83d\udc80\ud83c\ude33\ufe0f\n|\n|upkeep\n|turn|5\n|\n|t:|1700567899\n|-terastallize|p2a: Rapidash|Steel\n|-zpower|p1a: \ud83c\ude33\ufe0f\ud83d\udc80GENGER\ud83d\udc80\ud83c\ude33\ufe0f\n|move|p1a: \ud83c\ude33\ufe0f\ud83d\udc80GENGER\ud83d\udc80\ud83c\ude33\ufe0f|Never-Ending Nightmare|p2a: Rapidash|[zeffect]\n|-damage|p2a: Rapidash|32\/100\n|move|p2a: Rapidash|High Horsepower|p1a: \ud83c\ude33\ufe0f\ud83d\udc80GENGER\ud83d\udc80\ud83c\ude33\ufe0f\n|-supereffective|p1a: \ud83c\ude33\ufe0f\ud83d\udc80GENGER\ud83d\udc80\ud83c\ude33\ufe0f\n|-damage|p1a: \ud83c\ude33\ufe0f\ud83d\udc80GENGER\ud83d\udc80\ud83c\ude33\ufe0f|0 fnt\n|faint|p1a: \ud83c\ude33\ufe0f\ud83d\udc80GENGER\ud83d\udc80\ud83c\ude33\ufe0f\n|-damage|p2a: Rapidash|22\/100|[from] item: Life Orb\n|\n|upkeep\n|\n|t:|1700567916\n|switch|p1a: \ud83c\ude33\ufe0fBLACEPHALON\ud83c\ude33\ufe0f|Blacephalon, shiny|100\/100\n|turn|6\n|\n|t:|1700567922\n|move|p1a: \ud83c\ude33\ufe0fBLACEPHALON\ud83c\ude33\ufe0f|Flamethrower|p2a: Rapidash\n|-supereffective|p2a: Rapidash\n|-damage|p2a: Rapidash|0 fnt\n|faint|p2a: Rapidash\n|-ability|p1a: \ud83c\ude33\ufe0fBLACEPHALON\ud83c\ude33\ufe0f|Beast Boost|boost\n|-boost|p1a: \ud83c\ude33\ufe0fBLACEPHALON\ud83c\ude33\ufe0f|spa|1\n|\n|upkeep\n|\n|t:|1700567929\n|switch|p2a: Togekiss|Togekiss, M|100\/100\n|turn|7\n|\n|t:|1700567936\n|move|p2a: Togekiss|Air Slash|p1a: \ud83c\ude33\ufe0fBLACEPHALON\ud83c\ude33\ufe0f\n|-damage|p1a: \ud83c\ude33\ufe0fBLACEPHALON\ud83c\ude33\ufe0f|43\/100\n|move|p1a: \ud83c\ude33\ufe0fBLACEPHALON\ud83c\ude33\ufe0f|Fire Blast|p2a: Togekiss\n|-damage|p2a: Togekiss|53\/100\n|\n|upkeep\n|turn|8\n|\n|t:|1700567946\n|move|p2a: Togekiss|Air Slash|p1a: \ud83c\ude33\ufe0fBLACEPHALON\ud83c\ude33\ufe0f\n|-damage|p1a: \ud83c\ude33\ufe0fBLACEPHALON\ud83c\ude33\ufe0f|0 fnt\n|faint|p1a: \ud83c\ude33\ufe0fBLACEPHALON\ud83c\ude33\ufe0f\n|\n|-sideend|p2: Pixielee|Reflect\n|upkeep\n|\n|t:|1700567960\n|switch|p1a: \ud83c\ude33\ufe0fFLUTTER-PAIN\ud83c\ude33\ufe0f|Flutter Mane|100\/100\n|-enditem|p1a: \ud83c\ude33\ufe0fFLUTTER-PAIN\ud83c\ude33\ufe0f|Booster Energy\n|-activate|p1a: \ud83c\ude33\ufe0fFLUTTER-PAIN\ud83c\ude33\ufe0f|ability: Protosynthesis|[fromitem]\n|-start|p1a: \ud83c\ude33\ufe0fFLUTTER-PAIN\ud83c\ude33\ufe0f|protosynthesisspa\n|turn|9\n|\n|t:|1700567976\n|move|p2a: Togekiss|Air Slash|p1a: \ud83c\ude33\ufe0fFLUTTER-PAIN\ud83c\ude33\ufe0f\n|-damage|p1a: \ud83c\ude33\ufe0fFLUTTER-PAIN\ud83c\ude33\ufe0f|59\/100\n|move|p1a: \ud83c\ude33\ufe0fFLUTTER-PAIN\ud83c\ude33\ufe0f|Shadow Ball|p2a: Togekiss\n|-damage|p2a: Togekiss|25\/100\n|-unboost|p2a: Togekiss|spd|1\n|\n|-sideend|p2: Pixielee|move: Light Screen\n|upkeep\n|turn|10\n|\n|t:|1700567986\n|move|p2a: Togekiss|Air Slash|p1a: \ud83c\ude33\ufe0fFLUTTER-PAIN\ud83c\ude33\ufe0f\n|-damage|p1a: \ud83c\ude33\ufe0fFLUTTER-PAIN\ud83c\ude33\ufe0f|23\/100\n|move|p1a: \ud83c\ude33\ufe0fFLUTTER-PAIN\ud83c\ude33\ufe0f|Shadow Ball|p2a: Togekiss\n|-damage|p2a: Togekiss|0 fnt\n|faint|p2a: Togekiss\n|\n|upkeep\n|\n|t:|1700567997\n|switch|p2a: Grimmsnarl|Grimmsnarl, M|87\/100\n|-status|p2a: Grimmsnarl|tox\n|turn|11\n|\n|t:|1700568005\n|move|p2a: Grimmsnarl|Light Screen|p2a: Grimmsnarl\n|-sidestart|p2: Pixielee|move: Light Screen\n|move|p1a: \ud83c\ude33\ufe0fFLUTTER-PAIN\ud83c\ude33\ufe0f|Hex|p2a: Grimmsnarl\n|-resisted|p2a: Grimmsnarl\n|-damage|p2a: Grimmsnarl|55\/100 tox\n|\n|-damage|p2a: Grimmsnarl|49\/100 tox|[from] psn\n|upkeep\n|turn|12\n|\n|t:|1700568013\n|move|p2a: Grimmsnarl|Reflect|p2a: Grimmsnarl\n|-sidestart|p2: Pixielee|Reflect\n|move|p1a: \ud83c\ude33\ufe0fFLUTTER-PAIN\ud83c\ude33\ufe0f|Moonblast|p2a: Grimmsnarl\n|-supereffective|p2a: Grimmsnarl\n|-damage|p2a: Grimmsnarl|0 fnt\n|faint|p2a: Grimmsnarl\n|\n|upkeep\n|\n|t:|1700568023\n|switch|p2a: Sylveon|Sylveon, F|100\/100\n|-status|p2a: Sylveon|tox\n|turn|13\n|\n|t:|1700568035\n|move|p1a: \ud83c\ude33\ufe0fFLUTTER-PAIN\ud83c\ude33\ufe0f|Hex|p2a: Sylveon\n|-crit|p2a: Sylveon\n|-damage|p2a: Sylveon|0 fnt\n|faint|p2a: Sylveon\n|\n|upkeep\n|\n|t:|1700568040\n|switch|p2a: Mimikyu|Mimikyu, M|100\/100\n|-status|p2a: Mimikyu|tox\n|turn|14\n|\n|t:|1700568046\n|move|p1a: \ud83c\ude33\ufe0fFLUTTER-PAIN\ud83c\ude33\ufe0f|Hex|p2a: Mimikyu\n|-activate|p2a: Mimikyu|ability: Disguise\n|-damage|p2a: Mimikyu|100\/100 tox\n|detailschange|p2a: Mimikyu|Mimikyu-Busted, M\n|-damage|p2a: Mimikyu|88\/100 tox|[from] pokemon: Mimikyu-Busted\n|move|p2a: Mimikyu|Shadow Claw|p1a: \ud83c\ude33\ufe0fFLUTTER-PAIN\ud83c\ude33\ufe0f\n|-supereffective|p1a: \ud83c\ude33\ufe0fFLUTTER-PAIN\ud83c\ude33\ufe0f\n|-damage|p1a: \ud83c\ude33\ufe0fFLUTTER-PAIN\ud83c\ude33\ufe0f|0 fnt\n|faint|p1a: \ud83c\ude33\ufe0fFLUTTER-PAIN\ud83c\ude33\ufe0f\n|-end|p1a: \ud83c\ude33\ufe0fFLUTTER-PAIN\ud83c\ude33\ufe0f|Protosynthesis|[silent]\n|-damage|p2a: Mimikyu|78\/100 tox|[from] item: Life Orb\n|\n|-damage|p2a: Mimikyu|72\/100 tox|[from] psn\n|upkeep\n|\n|t:|1700568061\n|switch|p1a: \ud83c\ude33\ufe0fRUNERIGUS\ud83c\ude33\ufe0f\ud83d\udc80|Runerigus, M, shiny|100\/100\n|turn|15\n|\n|t:|1700568067\n|move|p2a: Mimikyu|Shadow Claw|p1a: \ud83c\ude33\ufe0fRUNERIGUS\ud83c\ude33\ufe0f\ud83d\udc80\n|-supereffective|p1a: \ud83c\ude33\ufe0fRUNERIGUS\ud83c\ude33\ufe0f\ud83d\udc80\n|-damage|p1a: \ud83c\ude33\ufe0fRUNERIGUS\ud83c\ude33\ufe0f\ud83d\udc80|43\/100\n|-damage|p2a: Mimikyu|62\/100 tox|[from] item: Life Orb\n|move|p1a: \ud83c\ude33\ufe0fRUNERIGUS\ud83c\ude33\ufe0f\ud83d\udc80|Sandstorm|p1a: \ud83c\ude33\ufe0fRUNERIGUS\ud83c\ude33\ufe0f\ud83d\udc80\n|-weather|Sandstorm\n|\n|-weather|Sandstorm|[upkeep]\n|-damage|p2a: Mimikyu|56\/100 tox|[from] Sandstorm\n|-damage|p2a: Mimikyu|44\/100 tox|[from] psn\n|upkeep\n|turn|16\n|\n|t:|1700568078\n|move|p2a: Mimikyu|Shadow Claw|p1a: \ud83c\ude33\ufe0fRUNERIGUS\ud83c\ude33\ufe0f\ud83d\udc80\n|-supereffective|p1a: \ud83c\ude33\ufe0fRUNERIGUS\ud83c\ude33\ufe0f\ud83d\udc80\n|-damage|p1a: \ud83c\ude33\ufe0fRUNERIGUS\ud83c\ude33\ufe0f\ud83d\udc80|0 fnt\n|faint|p1a: \ud83c\ude33\ufe0fRUNERIGUS\ud83c\ude33\ufe0f\ud83d\udc80\n|-damage|p2a: Mimikyu|34\/100 tox|[from] item: Life Orb\n|\n|-weather|Sandstorm|[upkeep]\n|-damage|p2a: Mimikyu|28\/100 tox|[from] Sandstorm\n|-damage|p2a: Mimikyu|10\/100 tox|[from] psn\n|upkeep\n|\n|t:|1700568088\n|switch|p1a: \ud83c\ude33\ufe0fHOUNDSTONE\ud83c\ude33\ufe0f\ud83d\udc80|Houndstone, M, shiny|100\/100\n|turn|17\n|\n|t:|1700568095\n|-terastallize|p1a: \ud83c\ude33\ufe0fHOUNDSTONE\ud83c\ude33\ufe0f\ud83d\udc80|Ghost\n|move|p1a: \ud83c\ude33\ufe0fHOUNDSTONE\ud83c\ude33\ufe0f\ud83d\udc80|Shadow Sneak|p2a: Mimikyu\n|-supereffective|p2a: Mimikyu\n|-damage|p2a: Mimikyu|0 fnt\n|faint|p2a: Mimikyu\n|\n|-weather|Sandstorm|[upkeep]\n|upkeep\n|\n|t:|1700568103\n|switch|p2a: Primarina|Primarina, F|100\/100\n|-status|p2a: Primarina|tox\n|turn|18\n|\n|t:|1700568112\n|move|p1a: \ud83c\ude33\ufe0fHOUNDSTONE\ud83c\ude33\ufe0f\ud83d\udc80|Last Respects|p2a: Primarina\n|-damage|p2a: Primarina|0 fnt\n|faint|p2a: Primarina\n|\n|win|PHANTOM-MODE\ufe0f\u26a7\ufe0f\n|raw|PHANTOM-MODE\ufe0f\u26a7\ufe0f's rating: 1079 &rarr; <strong>1106<\/strong><br \/>(+27 for winning)\n|raw|Pixielee's rating: 1065 &rarr; <strong>1046<\/strong><br \/>(-19 for losing)\n|l|\u2606Pixielee\n","uploadtime":1700568332,"views":0,"p1id":"phantommode","p2id":"pixielee","formatid":"gen9nationaldexubers","rating":1046,"private":0,"password":""}