{"id":"gen9nationaldexubers-1989472929","p1":"hutoew","p2":"C0ld as Ice","format":"[Gen 9] National Dex Ubers","log":"|j|\u2606hutoew\n|j|\u2606C0ld as Ice\n|t:|1699856118\n|gametype|singles\n|player|p1|hutoew|hilda|1514\n|player|p2|C0ld as Ice|schoolkid-gen4dp|1727\n|teamsize|p1|6\n|teamsize|p2|6\n|gen|9\n|tier|[Gen 9] National Dex Ubers\n|rated|\n|rule|HP Percentage Mod: HP is shown in percentages\n|rule|Endless Battle Clause: Forcing endless battles is banned\n|rule|OHKO Clause: OHKO moves are banned\n|rule|Evasion Moves Clause: Evasion moves are banned\n|rule|Evasion Items Clause: Evasion items are banned\n|rule|Species Clause: Limit one of each Pok\u00e9mon\n|rule|Sleep Clause Mod: Limit one foe put to sleep\n|rule|Mega Rayquaza Clause: You cannot mega evolve Rayquaza\n|clearpoke\n|poke|p1|Xerneas-*|\n|poke|p1|Yveltal|\n|poke|p1|Marshadow|\n|poke|p1|Cinderace, M|\n|poke|p1|Kartana|\n|poke|p1|Kyurem-White|\n|poke|p2|Zygarde|\n|poke|p2|Necrozma-Dusk-Mane|\n|poke|p2|Arceus|\n|poke|p2|Marshadow|\n|poke|p2|Glimmora, F|\n|poke|p2|Flutter Mane|\n|teampreview\n|inactive|Battle timer is ON: inactive players will automatically lose when time's up. (requested by C0ld as Ice)\n|\n|t:|1699856137\n|start\n|switch|p1a: Yveltal|Yveltal|100\/100\n|switch|p2a: Glimmora|Glimmora, F|100\/100\n|-ability|p1a: Yveltal|Dark Aura\n|turn|1\n|\n|t:|1699856142\n|move|p1a: Yveltal|Knock Off|p2a: Glimmora\n|-damage|p2a: Glimmora|27\/100\n|-activate|p2a: Glimmora|ability: Toxic Debris\n|-sidestart|p1: hutoew|move: Toxic Spikes\n|-enditem|p2a: Glimmora|Focus Sash|[from] move: Knock Off|[of] p1a: Yveltal\n|move|p2a: Glimmora|Stealth Rock|p1a: Yveltal\n|-sidestart|p1: hutoew|move: Stealth Rock\n|\n|upkeep\n|turn|2\n|inactive|C0ld as Ice has 120 seconds left.\n|\n|t:|1699856175\n|move|p1a: Yveltal|U-turn|p2a: Glimmora\n|-resisted|p2a: Glimmora\n|-damage|p2a: Glimmora|14\/100\n|-activate|p2a: Glimmora|ability: Toxic Debris\n|-sidestart|p1: hutoew|move: Toxic Spikes\n|\n|t:|1699856177\n|switch|p1a: Cinderace|Cinderace, M|100\/100|[from] U-turn\n|move|p2a: Glimmora|Mortal Spin|p1a: Cinderace\n|-damage|p1a: Cinderace|91\/100\n|-status|p1a: Cinderace|psn\n|\n|-damage|p1a: Cinderace|79\/100 psn|[from] psn\n|upkeep\n|turn|3\n|\n|t:|1699856186\n|move|p1a: Cinderace|Court Change|p1a: Cinderace\n|-start|p1a: Cinderace|typechange|Normal|[from] ability: Libero\n|-swapsideconditions\n|-activate|p1a: Cinderace|move: Court Change\n|move|p2a: Glimmora|Stealth Rock|p1a: Cinderace\n|-sidestart|p1: hutoew|move: Stealth Rock\n|\n|-damage|p1a: Cinderace|67\/100 psn|[from] psn\n|upkeep\n|turn|4\n|\n|t:|1699856199\n|switch|p2a: Zygarde|Zygarde|100\/100\n|-status|p2a: Zygarde|tox\n|-damage|p2a: Zygarde|94\/100 tox|[from] Stealth Rock\n|move|p1a: Cinderace|High Jump Kick|p2a: Zygarde\n|-damage|p2a: Zygarde|67\/100 tox\n|\n|-heal|p2a: Zygarde|73\/100 tox|[from] item: Leftovers\n|-damage|p1a: Cinderace|54\/100 psn|[from] psn\n|-damage|p2a: Zygarde|67\/100 tox|[from] psn\n|upkeep\n|turn|5\n|\n|t:|1699856204\n|switch|p2a: Glimmora|Glimmora, F|14\/100\n|-sideend|p2: C0ld as Ice|move: Toxic Spikes|[of] p2a: Glimmora\n|-damage|p2a: Glimmora|2\/100|[from] Stealth Rock\n|move|p1a: Cinderace|Pyro Ball|p2a: Glimmora\n|-resisted|p2a: Glimmora\n|-damage|p2a: Glimmora|0 fnt\n|-activate|p2a: Glimmora|ability: Toxic Debris\n|-sidestart|p1: hutoew|move: Toxic Spikes\n|faint|p2a: Glimmora\n|\n|-damage|p1a: Cinderace|42\/100 psn|[from] psn\n|upkeep\n|\n|t:|1699856224\n|switch|p2a: Zygarde|Zygarde|67\/100 tox\n|-damage|p2a: Zygarde|61\/100 tox|[from] Stealth Rock\n|turn|6\n|\n|t:|1699856226\n|move|p1a: Cinderace|Court Change|p1a: Cinderace\n|-swapsideconditions\n|-activate|p1a: Cinderace|move: Court Change\n|move|p2a: Zygarde|Dragon Dance|p2a: Zygarde\n|-boost|p2a: Zygarde|atk|1\n|-boost|p2a: Zygarde|spe|1\n|\n|-heal|p2a: Zygarde|67\/100 tox|[from] item: Leftovers\n|-damage|p2a: Zygarde|61\/100 tox|[from] psn\n|-damage|p1a: Cinderace|30\/100 psn|[from] psn\n|upkeep\n|turn|7\n|\n|t:|1699856238\n|move|p2a: Zygarde|Dragon Dance|p2a: Zygarde\n|-boost|p2a: Zygarde|atk|1\n|-boost|p2a: Zygarde|spe|1\n|move|p1a: Cinderace|Pyro Ball|p2a: Zygarde\n|-resisted|p2a: Zygarde\n|-damage|p2a: Zygarde|48\/100 tox\n|\n|-heal|p2a: Zygarde|54\/100 tox|[from] item: Leftovers\n|-damage|p2a: Zygarde|42\/100 tox|[from] psn\n|-damage|p1a: Cinderace|17\/100 psn|[from] psn\n|-activate|p2a: Zygarde|ability: Power Construct\n|detailschange|p2a: Zygarde|Zygarde-Complete\n|-heal|p2a: Zygarde|64\/100 tox|[silent]\n|upkeep\n|turn|8\n|\n|t:|1699856245\n|move|p2a: Zygarde|Thousand Arrows|p1a: Cinderace\n|-crit|p1a: Cinderace\n|-damage|p1a: Cinderace|0 fnt\n|faint|p1a: Cinderace\n|\n|-heal|p2a: Zygarde|70\/100 tox|[from] item: Leftovers\n|-damage|p2a: Zygarde|51\/100 tox|[from] psn\n|upkeep\n|\n|t:|1699856249\n|switch|p1a: Yveltal|Yveltal|100\/100\n|-ability|p1a: Yveltal|Dark Aura\n|turn|9\n|\n|t:|1699856252\n|move|p2a: Zygarde|Thousand Arrows|p1a: Yveltal\n|-damage|p1a: Yveltal|24\/100\n|-start|p1a: Yveltal|Smack Down\n|move|p1a: Yveltal|Knock Off|p2a: Zygarde\n|-damage|p2a: Zygarde|21\/100 tox\n|-enditem|p2a: Zygarde|Leftovers|[from] move: Knock Off|[of] p1a: Yveltal\n|\n|-damage|p2a: Zygarde|0 fnt|[from] psn\n|faint|p2a: Zygarde\n|upkeep\n|\n|t:|1699856262\n|switch|p2a: Marshadow|Marshadow|100\/100\n|-damage|p2a: Marshadow|94\/100|[from] Stealth Rock\n|-status|p2a: Marshadow|psn\n|turn|10\n|\n|t:|1699856266\n|move|p2a: Marshadow|Poltergeist|p1a: Yveltal\n|-activate|p1a: Yveltal|move: Poltergeist|Heavy-Duty Boots\n|-resisted|p1a: Yveltal\n|-damage|p1a: Yveltal|0 fnt\n|faint|p1a: Yveltal\n|-damage|p2a: Marshadow|84\/100 psn|[from] item: Life Orb\n|\n|-damage|p2a: Marshadow|72\/100 psn|[from] psn\n|upkeep\n|\n|t:|1699856274\n|switch|p1a: Kyurem|Kyurem-White|100\/100\n|-damage|p1a: Kyurem|76\/100|[from] Stealth Rock\n|-ability|p1a: Kyurem|Turboblaze\n|turn|11\n|\n|t:|1699856280\n|move|p1a: Kyurem|Fusion Flare|p2a: Marshadow\n|-damage|p2a: Marshadow|21\/100 psn\n|move|p2a: Marshadow|Close Combat|p1a: Kyurem\n|-supereffective|p1a: Kyurem\n|-damage|p1a: Kyurem|0 fnt\n|-unboost|p2a: Marshadow|def|1\n|-unboost|p2a: Marshadow|spd|1\n|faint|p1a: Kyurem\n|-damage|p2a: Marshadow|11\/100 psn|[from] item: Life Orb\n|\n|-damage|p2a: Marshadow|0 fnt|[from] psn\n|faint|p2a: Marshadow\n|upkeep\n|\n|t:|1699856292\n|switch|p2a: Flutter Mane|Flutter Mane, shiny|100\/100\n|switch|p1a: Kartana|Kartana|100\/100\n|-damage|p2a: Flutter Mane|88\/100|[from] Stealth Rock\n|-status|p2a: Flutter Mane|psn\n|-damage|p1a: Kartana|94\/100|[from] Stealth Rock\n|-enditem|p2a: Flutter Mane|Booster Energy\n|-activate|p2a: Flutter Mane|ability: Protosynthesis|[fromitem]\n|-start|p2a: Flutter Mane|protosynthesisspe\n|turn|12\n|\n|t:|1699856300\n|move|p2a: Flutter Mane|Shadow Ball|p1a: Kartana\n|-damage|p1a: Kartana|0 fnt\n|faint|p1a: Kartana\n|\n|-damage|p2a: Flutter Mane|76\/100 psn|[from] psn\n|upkeep\n|\n|t:|1699856304\n|switch|p1a: Marshadow|Marshadow|100\/100\n|-damage|p1a: Marshadow|94\/100|[from] Stealth Rock\n|turn|13\n|\n|t:|1699856311\n|-terastallize|p2a: Flutter Mane|Electric\n|move|p1a: Marshadow|Shadow Sneak|p2a: Flutter Mane\n|-damage|p2a: Flutter Mane|0 fnt\n|faint|p2a: Flutter Mane\n|-end|p2a: Flutter Mane|Protosynthesis|[silent]\n|\n|upkeep\n|\n|t:|1699856316\n|switch|p2a: Necrozma|Necrozma-Dusk-Mane, shiny|100\/100\n|-damage|p2a: Necrozma|94\/100|[from] Stealth Rock\n|turn|14\n|\n|t:|1699856318\n|move|p1a: Marshadow|Shadow Sneak|p2a: Necrozma\n|-supereffective|p2a: Necrozma\n|-damage|p2a: Necrozma|39\/100\n|move|p2a: Necrozma|Photon Geyser|p1a: Marshadow\n|-supereffective|p1a: Marshadow\n|-damage|p1a: Marshadow|0 fnt\n|faint|p1a: Marshadow\n|\n|upkeep\n|\n|t:|1699856322\n|switch|p1a: Xerneas|Xerneas|100\/100\n|-damage|p1a: Xerneas|88\/100|[from] Stealth Rock\n|-ability|p1a: Xerneas|Fairy Aura\n|turn|15\n|\n|t:|1699856325\n|move|p1a: Xerneas|Close Combat|p2a: Necrozma\n|-damage|p2a: Necrozma|0 fnt\n|-unboost|p1a: Xerneas|def|1\n|-unboost|p1a: Xerneas|spd|1\n|faint|p2a: Necrozma\n|\n|upkeep\n|\n|t:|1699856330\n|switch|p2a: Arceus|Arceus|100\/100\n|-damage|p2a: Arceus|88\/100|[from] Stealth Rock\n|-status|p2a: Arceus|psn\n|turn|16\n|\n|t:|1699856333\n|move|p2a: Arceus|Extreme Speed|p1a: Xerneas\n|-damage|p1a: Xerneas|17\/100\n|-damage|p2a: Arceus|78\/100 psn|[from] item: Life Orb\n|move|p1a: Xerneas|Close Combat|p2a: Arceus\n|-supereffective|p2a: Arceus\n|-damage|p2a: Arceus|0 fnt\n|-unboost|p1a: Xerneas|def|1\n|-unboost|p1a: Xerneas|spd|1\n|faint|p2a: Arceus\n|\n|win|hutoew\n|raw|hutoew's rating: 1514 &rarr; <strong>1546<\/strong><br \/>(+32 for winning)\n|raw|C0ld as Ice's rating: 1746 &rarr; <strong>1714<\/strong><br \/>(-32 for losing)\n|l|\u2606C0ld as Ice\n|l|\u2606hutoew\n|j|\u2606hutoew\n|player|p1|hutoew|hilda\n","uploadtime":1699856363,"views":19,"p1id":"hutoew","p2id":"c0ldasice","formatid":"gen9nationaldexubers","rating":1546,"private":0,"password":""}