{"id":"gen9nationaldexubers-1997194734","p1":"Reggiejr10","p2":"Zake202012","format":"[Gen 9] National Dex Ubers","log":"|j|\u2606Reggiejr10\n|j|\u2606Zake202012\n|t:|1700774274\n|gametype|singles\n|player|p1|Reggiejr10|red|1109\n|player|p2|Zake202012|n|1067\n|teamsize|p1|6\n|teamsize|p2|6\n|gen|9\n|tier|[Gen 9] National Dex Ubers\n|rated|\n|rule|HP Percentage Mod: HP is shown in percentages\n|rule|Endless Battle Clause: Forcing endless battles is banned\n|rule|OHKO Clause: OHKO moves are banned\n|rule|Evasion Moves Clause: Evasion moves are banned\n|rule|Evasion Items Clause: Evasion items are banned\n|rule|Species Clause: Limit one of each Pok\u00e9mon\n|rule|Sleep Clause Mod: Limit one foe put to sleep\n|rule|Mega Rayquaza Clause: You cannot mega evolve Rayquaza\n|clearpoke\n|poke|p1|Bellibolt, M|\n|poke|p1|Jolteon, M|\n|poke|p1|Golem-Alola, M|\n|poke|p1|Ampharos, F|\n|poke|p1|Raichu, F|\n|poke|p1|Pawmot, M|\n|poke|p2|Gligar, F|\n|poke|p2|Slowbro, F|\n|poke|p2|Lycanroc-Dusk, M|\n|poke|p2|Baxcalibur, F|\n|poke|p2|Venusaur, F|\n|poke|p2|Zangoose, F|\n|teampreview\n|inactive|Battle timer is ON: inactive players will automatically lose when time's up. (requested by Zake202012)\n|\n|t:|1700774283\n|start\n|switch|p1a: Bellibolt|Bellibolt, M|100\/100\n|switch|p2a: Venusaur|Venusaur, F|100\/100\n|turn|1\n|\n|t:|1700774301\n|switch|p2a: Gligar|Gligar, F|100\/100\n|move|p1a: Bellibolt|Protect||[still]\n|-fail|p1a: Bellibolt\n|\n|upkeep\n|turn|2\n|\n|t:|1700774312\n|move|p2a: Gligar|Swords Dance|p2a: Gligar\n|-boost|p2a: Gligar|atk|2\n|move|p1a: Bellibolt|Chilling Water|p2a: Gligar\n|-supereffective|p2a: Gligar\n|-damage|p2a: Gligar|76\/100\n|-unboost|p2a: Gligar|atk|1\n|\n|upkeep\n|turn|3\n|\n|t:|1700774320\n|move|p2a: Gligar|Swords Dance|p2a: Gligar\n|-boost|p2a: Gligar|atk|2\n|move|p1a: Bellibolt|Chilling Water|p2a: Gligar\n|-supereffective|p2a: Gligar\n|-damage|p2a: Gligar|54\/100\n|-unboost|p2a: Gligar|atk|1\n|\n|upkeep\n|turn|4\n|\n|t:|1700774345\n|move|p2a: Gligar|Roost|p2a: Gligar\n|-heal|p2a: Gligar|100\/100\n|-singleturn|p2a: Gligar|move: Roost\n|move|p1a: Bellibolt|Chilling Water|p2a: Gligar\n|-supereffective|p2a: Gligar\n|-damage|p2a: Gligar|76\/100\n|-unboost|p2a: Gligar|atk|1\n|\n|upkeep\n|turn|5\n|inactive|Reggiejr10 has 120 seconds left.\n|\n|t:|1700774366\n|move|p2a: Gligar|Swords Dance|p2a: Gligar\n|-boost|p2a: Gligar|atk|2\n|move|p1a: Bellibolt|Chilling Water|p2a: Gligar\n|-supereffective|p2a: Gligar\n|-damage|p2a: Gligar|52\/100\n|-unboost|p2a: Gligar|atk|1\n|\n|upkeep\n|turn|6\n|inactive|Reggiejr10 has 120 seconds left.\n|\n|t:|1700774378\n|move|p2a: Gligar|Swords Dance|p2a: Gligar\n|-boost|p2a: Gligar|atk|2\n|move|p1a: Bellibolt|Chilling Water|p2a: Gligar\n|-supereffective|p2a: Gligar\n|-damage|p2a: Gligar|30\/100\n|-unboost|p2a: Gligar|atk|1\n|\n|upkeep\n|turn|7\n|inactive|Reggiejr10 has 120 seconds left.\n|\n|t:|1700774391\n|move|p2a: Gligar|Roost|p2a: Gligar\n|-heal|p2a: Gligar|81\/100\n|-singleturn|p2a: Gligar|move: Roost\n|move|p1a: Bellibolt|Chilling Water|p2a: Gligar\n|-supereffective|p2a: Gligar\n|-damage|p2a: Gligar|57\/100\n|-unboost|p2a: Gligar|atk|1\n|\n|upkeep\n|turn|8\n|inactive|Reggiejr10 has 120 seconds left.\n|\n|t:|1700774415\n|move|p2a: Gligar|Swords Dance|p2a: Gligar\n|-boost|p2a: Gligar|atk|2\n|move|p1a: Bellibolt|Chilling Water|p2a: Gligar\n|-supereffective|p2a: Gligar\n|-damage|p2a: Gligar|34\/100\n|-unboost|p2a: Gligar|atk|1\n|\n|upkeep\n|turn|9\n|\n|t:|1700774431\n|move|p2a: Gligar|Earthquake|p1a: Bellibolt\n|-supereffective|p1a: Bellibolt\n|-damage|p1a: Bellibolt|0 fnt\n|faint|p1a: Bellibolt\n|\n|upkeep\n|inactive|Reggiejr10 has 90 seconds left.\n|inactive|Reggiejr10 has 60 seconds left.\n|inactive|Reggiejr10 has 30 seconds left.\n|inactive|Reggiejr10 has 20 seconds left.\n|inactive|Reggiejr10 has 15 seconds left.\n|\n|t:|1700774538\n|switch|p1a: Raichu|Raichu, F|100\/100\n|turn|10\n|inactive|Reggiejr10 has 25 seconds left this turn.\n|\n|t:|1700774551\n|move|p1a: Raichu|Surf|p2a: Gligar\n|-supereffective|p2a: Gligar\n|-damage|p2a: Gligar|1\/100\n|move|p2a: Gligar|Roost|p2a: Gligar\n|-heal|p2a: Gligar|51\/100\n|-singleturn|p2a: Gligar|move: Roost\n|\n|upkeep\n|turn|11\n|inactive|Reggiejr10 has 30 seconds left.\n|\n|t:|1700774559\n|move|p1a: Raichu|Surf|p2a: Gligar\n|-supereffective|p2a: Gligar\n|-damage|p2a: Gligar|17\/100\n|move|p2a: Gligar|Roost|p2a: Gligar\n|-heal|p2a: Gligar|67\/100\n|-singleturn|p2a: Gligar|move: Roost\n|\n|upkeep\n|turn|12\n|\n|t:|1700774568\n|move|p1a: Raichu|Surf|p2a: Gligar\n|-supereffective|p2a: Gligar\n|-damage|p2a: Gligar|33\/100\n|move|p2a: Gligar|Roost|p2a: Gligar\n|-heal|p2a: Gligar|83\/100\n|-singleturn|p2a: Gligar|move: Roost\n|\n|upkeep\n|turn|13\n|\n|t:|1700774575\n|move|p1a: Raichu|Surf|p2a: Gligar\n|-supereffective|p2a: Gligar\n|-damage|p2a: Gligar|49\/100\n|move|p2a: Gligar|Earthquake|p1a: Raichu\n|-supereffective|p1a: Raichu\n|-damage|p1a: Raichu|0 fnt\n|faint|p1a: Raichu\n|\n|upkeep\n|inactive|Reggiejr10 has 30 seconds left.\n|\n|t:|1700774591\n|switch|p1a: Ampharos|Ampharos, F|100\/100\n|turn|14\n|\n|t:|1700774599\n|detailschange|p1a: Ampharos|Ampharos-Mega, F\n|-mega|p1a: Ampharos|Ampharos|Ampharosite\n|-ability|p1a: Ampharos|Mold Breaker\n|move|p2a: Gligar|Roost|p2a: Gligar\n|-heal|p2a: Gligar|99\/100\n|-singleturn|p2a: Gligar|move: Roost\n|move|p1a: Ampharos|Iron Tail|p2a: Gligar\n|-damage|p2a: Gligar|82\/100\n|\n|upkeep\n|turn|15\n|\n|t:|1700774615\n|switch|p1a: Jolteon|Jolteon, M|100\/100\n|move|p2a: Gligar|Swords Dance|p2a: Gligar\n|-boost|p2a: Gligar|atk|2\n|\n|upkeep\n|turn|16\n|\n|t:|1700774624\n|move|p1a: Jolteon|Shadow Ball|p2a: Gligar\n|-damage|p2a: Gligar|63\/100\n|-unboost|p2a: Gligar|spd|1\n|move|p2a: Gligar|Earthquake|p1a: Jolteon\n|-supereffective|p1a: Jolteon\n|-damage|p1a: Jolteon|0 fnt\n|faint|p1a: Jolteon\n|\n|upkeep\n|\n|t:|1700774638\n|switch|p1a: Golem|Golem-Alola, M|100\/100\n|turn|17\n|\n|t:|1700774644\n|move|p2a: Gligar|Roost|p2a: Gligar\n|-heal|p2a: Gligar|100\/100\n|-singleturn|p2a: Gligar|move: Roost\n|move|p1a: Golem|Stone Edge|p2a: Gligar\n|-resisted|p2a: Gligar\n|-damage|p2a: Gligar|88\/100\n|\n|upkeep\n|turn|18\n|\n|t:|1700774654\n|move|p2a: Gligar|Earthquake|p1a: Golem\n|-supereffective|p1a: Golem\n|-damage|p1a: Golem|0 fnt\n|faint|p1a: Golem\n|\n|upkeep\n|\n|t:|1700774672\n|switch|p1a: Pawmot|Pawmot, M|100\/100\n|turn|19\n|\n|t:|1700774690\n|move|p1a: Pawmot|Ice Punch|p2a: Gligar\n|-supereffective|p2a: Gligar\n|-damage|p2a: Gligar|23\/100\n|move|p2a: Gligar|Earthquake|p1a: Pawmot\n|-supereffective|p1a: Pawmot\n|-damage|p1a: Pawmot|0 fnt\n|faint|p1a: Pawmot\n|\n|upkeep\n|inactive|Reggiejr10 has 30 seconds left.\n|inactive|Reggiejr10 has 20 seconds left.\n|inactive|Reggiejr10 has 15 seconds left.\n|\n|t:|1700774719\n|switch|p1a: Ampharos|Ampharos-Mega, F|100\/100\n|-ability|p1a: Ampharos|Mold Breaker\n|turn|20\n|inactive|Reggiejr10 has 25 seconds left this turn.\n|inactive|Reggiejr10 has 20 seconds left.\n|inactive|Reggiejr10 has 15 seconds left.\n|inactive|Reggiejr10 has 10 seconds left.\n|inactive|Reggiejr10 has 5 seconds left.\n|-message|Reggiejr10 lost due to inactivity.\n|\n|win|Zake202012\n|raw|Reggiejr10's rating: 1109 &rarr; <strong>1081<\/strong><br \/>(-28 for losing)\n|raw|Zake202012's rating: 1067 &rarr; <strong>1101<\/strong><br \/>(+34 for winning)\n","uploadtime":1700774748,"views":4,"p1id":"reggiejr10","p2id":"zake202012","formatid":"gen9nationaldexubers","rating":1081,"private":0,"password":""}