{"id":"gen9nationaldexubers-1987391024","p1":"IrineuJ32323","p2":"yipiee","format":"[Gen 9] National Dex Ubers","log":"|j|\u2606IrineuJ32323\n|j|\u2606yipiee\n|t:|1699585322\n|gametype|singles\n|player|p1|IrineuJ32323|lucas-gen4pt|1178\n|player|p2|yipiee|102|1269\n|teamsize|p1|6\n|teamsize|p2|6\n|gen|9\n|tier|[Gen 9] National Dex Ubers\n|rated|\n|rule|HP Percentage Mod: HP is shown in percentages\n|rule|Endless Battle Clause: Forcing endless battles is banned\n|rule|OHKO Clause: OHKO moves are banned\n|rule|Evasion Moves Clause: Evasion moves are banned\n|rule|Evasion Items Clause: Evasion items are banned\n|rule|Species Clause: Limit one of each Pok\u00e9mon\n|rule|Sleep Clause Mod: Limit one foe put to sleep\n|rule|Mega Rayquaza Clause: You cannot mega evolve Rayquaza\n|clearpoke\n|poke|p1|Metagross|\n|poke|p1|Iron Bundle|\n|poke|p1|Grimmsnarl, M|\n|poke|p1|Eelektross, F|\n|poke|p1|Necrozma-Dawn-Wings|\n|poke|p1|Zygarde|\n|poke|p2|Shuckle, F|\n|poke|p2|Dracovish|\n|poke|p2|Gholdengo|\n|poke|p2|Kyogre|\n|poke|p2|Arceus-Ground|\n|poke|p2|Rayquaza|\n|teampreview\n|\n|t:|1699585330\n|start\n|switch|p1a: Metagross|Metagross|100\/100\n|switch|p2a: Shuckle|Shuckle, F, shiny|100\/100\n|turn|1\n|inactive|Battle timer is ON: inactive players will automatically lose when time's up. (requested by yipiee)\n|\n|t:|1699585336\n|detailschange|p1a: Metagross|Metagross-Mega\n|-mega|p1a: Metagross|Metagross|Metagrossite\n|move|p1a: Metagross|Earthquake|p2a: Shuckle\n|-damage|p2a: Shuckle|78\/100\n|move|p2a: Shuckle|Sticky Web|p1a: Metagross\n|-sidestart|p1: IrineuJ32323|move: Sticky Web\n|\n|upkeep\n|turn|2\n|\n|t:|1699585344\n|move|p1a: Metagross|Rock Polish|p1a: Metagross\n|-boost|p1a: Metagross|spe|2\n|move|p2a: Shuckle|Stealth Rock|p1a: Metagross\n|-sidestart|p1: IrineuJ32323|move: Stealth Rock\n|\n|upkeep\n|turn|3\n|\n|t:|1699585353\n|move|p1a: Metagross|Bullet Punch|p2a: Shuckle\n|-supereffective|p2a: Shuckle\n|-damage|p2a: Shuckle|43\/100\n|move|p2a: Shuckle|Final Gambit|p1a: Metagross\n|-damage|p1a: Metagross|66\/100\n|faint|p2a: Shuckle\n|\n|upkeep\n|\n|t:|1699585368\n|switch|p2a: Gholdengo|Gholdengo|100\/100\n|-item|p2a: Gholdengo|Air Balloon\n|turn|4\n|\n|t:|1699585372\n|move|p1a: Metagross|Bullet Punch|p2a: Gholdengo\n|-resisted|p2a: Gholdengo\n|-damage|p2a: Gholdengo|87\/100\n|-enditem|p2a: Gholdengo|Air Balloon\n|move|p2a: Gholdengo|Shadow Ball|p1a: Metagross\n|-supereffective|p1a: Metagross\n|-damage|p1a: Metagross|0 fnt\n|faint|p1a: Metagross\n|\n|upkeep\n|\n|t:|1699585381\n|switch|p1a: Eelektross|Eelektross, F|100\/100\n|-damage|p1a: Eelektross|88\/100|[from] Stealth Rock\n|turn|5\n|\n|t:|1699585387\n|switch|p2a: Arceus|Arceus-Ground|100\/100\n|move|p1a: Eelektross|Flamethrower|p2a: Arceus\n|-damage|p2a: Arceus|80\/100\n|\n|upkeep\n|turn|6\n|\n|t:|1699585394\n|move|p2a: Arceus|Calm Mind|p2a: Arceus\n|-boost|p2a: Arceus|spa|1\n|-boost|p2a: Arceus|spd|1\n|move|p1a: Eelektross|Giga Drain|p2a: Arceus\n|-supereffective|p2a: Arceus\n|-damage|p2a: Arceus|57\/100\n|-heal|p1a: Eelektross|99\/100|[from] drain|[of] p2a: Arceus\n|\n|upkeep\n|turn|7\n|\n|t:|1699585403\n|move|p2a: Arceus|Calm Mind|p2a: Arceus\n|-boost|p2a: Arceus|spa|1\n|-boost|p2a: Arceus|spd|1\n|move|p1a: Eelektross|Giga Drain|p2a: Arceus\n|-supereffective|p2a: Arceus\n|-crit|p2a: Arceus\n|-damage|p2a: Arceus|4\/100\n|-heal|p1a: Eelektross|100\/100|[from] drain|[of] p2a: Arceus\n|\n|upkeep\n|turn|8\n|\n|t:|1699585409\n|move|p2a: Arceus|Recover|p2a: Arceus\n|-heal|p2a: Arceus|54\/100\n|move|p1a: Eelektross|Giga Drain|p2a: Arceus\n|-supereffective|p2a: Arceus\n|-damage|p2a: Arceus|34\/100\n|\n|upkeep\n|turn|9\n|\n|t:|1699585414\n|move|p2a: Arceus|Recover|p2a: Arceus\n|-heal|p2a: Arceus|84\/100\n|move|p1a: Eelektross|Giga Drain|p2a: Arceus\n|-supereffective|p2a: Arceus\n|-damage|p2a: Arceus|67\/100\n|\n|upkeep\n|turn|10\n|\n|t:|1699585420\n|switch|p1a: Zygarde|Zygarde|100\/100\n|-activate|p1a: Zygarde|move: Sticky Web\n|-unboost|p1a: Zygarde|spe|1\n|-damage|p1a: Zygarde|94\/100|[from] Stealth Rock\n|move|p2a: Arceus|Calm Mind|p2a: Arceus\n|-boost|p2a: Arceus|spa|1\n|-boost|p2a: Arceus|spd|1\n|\n|upkeep\n|turn|11\n|\n|t:|1699585427\n|move|p2a: Arceus|Ice Beam|p1a: Zygarde\n|-supereffective|p1a: Zygarde\n|-damage|p1a: Zygarde|0 fnt\n|faint|p1a: Zygarde\n|\n|upkeep\n|\n|t:|1699585430\n|switch|p1a: Iron Bundle|Iron Bundle|100\/100\n|-activate|p1a: Iron Bundle|move: Sticky Web\n|-unboost|p1a: Iron Bundle|spe|1\n|-damage|p1a: Iron Bundle|76\/100|[from] Stealth Rock\n|-enditem|p1a: Iron Bundle|Booster Energy\n|-activate|p1a: Iron Bundle|ability: Quark Drive|[fromitem]\n|-start|p1a: Iron Bundle|quarkdrivespa\n|turn|12\n|\n|t:|1699585440\n|move|p2a: Arceus|Judgment|p1a: Iron Bundle\n|-damage|p1a: Iron Bundle|0 fnt\n|faint|p1a: Iron Bundle\n|-end|p1a: Iron Bundle|Quark Drive|[silent]\n|\n|upkeep\n|\n|t:|1699585443\n|switch|p1a: Grimmsnarl|Grimmsnarl, M|100\/100\n|-activate|p1a: Grimmsnarl|move: Sticky Web\n|-unboost|p1a: Grimmsnarl|spe|1\n|-damage|p1a: Grimmsnarl|88\/100|[from] Stealth Rock\n|turn|13\n|\n|t:|1699585449\n|move|p1a: Grimmsnarl|Reflect|p1a: Grimmsnarl\n|-sidestart|p1: IrineuJ32323|Reflect\n|move|p2a: Arceus|Judgment|p1a: Grimmsnarl\n|-damage|p1a: Grimmsnarl|0 fnt\n|faint|p1a: Grimmsnarl\n|\n|upkeep\n|\n|t:|1699585454\n|switch|p1a: Necrozma|Necrozma-Dawn-Wings|100\/100\n|-activate|p1a: Necrozma|move: Sticky Web\n|-unboost|p1a: Necrozma|spe|1\n|-damage|p1a: Necrozma|88\/100|[from] Stealth Rock\n|turn|14\n|\n|t:|1699585463\n|detailschange|p1a: Necrozma|Necrozma-Ultra\n|-burst|p1a: Necrozma|Necrozma|Ultranecrozium Z\n|move|p2a: Arceus|Judgment|p1a: Necrozma\n|-damage|p1a: Necrozma|0 fnt\n|faint|p1a: Necrozma\n|\n|upkeep\n|\n|t:|1699585468\n|switch|p1a: Eelektross|Eelektross, F|100\/100\n|-damage|p1a: Eelektross|88\/100|[from] Stealth Rock\n|turn|15\n|\n|t:|1699585471\n|move|p2a: Arceus|Ice Beam|p1a: Eelektross\n|-damage|p1a: Eelektross|37\/100\n|move|p1a: Eelektross|Giga Drain|p2a: Arceus\n|-supereffective|p2a: Arceus\n|-damage|p2a: Arceus|52\/100\n|-heal|p1a: Eelektross|45\/100|[from] drain|[of] p2a: Arceus\n|\n|upkeep\n|turn|16\n|\n|t:|1699585476\n|move|p2a: Arceus|Ice Beam|p1a: Eelektross\n|-damage|p1a: Eelektross|0 fnt\n|faint|p1a: Eelektross\n|\n|win|yipiee\n|raw|IrineuJ32323's rating: 1178 &rarr; <strong>1159<\/strong><br \/>(-19 for losing)\n|raw|yipiee's rating: 1269 &rarr; <strong>1288<\/strong><br \/>(+19 for winning)\n|l|\u2606IrineuJ32323\n","uploadtime":1699585479,"views":5,"p1id":"irineuj32323","p2id":"yipiee","formatid":"gen9nationaldexubers","rating":1159,"private":0,"password":""}