{"id":"gen9nationaldexubers-1985308440","p1":"Aroma Nobody","p2":"Yuinna.","format":"[Gen 9] National Dex Ubers","log":"|j|\u2606Aroma Nobody\n|j|\u2606Yuinna.\n|t:|1699362834\n|gametype|singles\n|player|p1|Aroma Nobody|turo-ai|\n|player|p2|Yuinna.|serena-masters|\n|teamsize|p1|6\n|teamsize|p2|6\n|gen|9\n|tier|[Gen 9] National Dex Ubers\n|rule|HP Percentage Mod: HP is shown in percentages\n|rule|Endless Battle Clause: Forcing endless battles is banned\n|rule|OHKO Clause: OHKO moves are banned\n|rule|Evasion Moves Clause: Evasion moves are banned\n|rule|Evasion Items Clause: Evasion items are banned\n|rule|Species Clause: Limit one of each Pok\u00e9mon\n|rule|Sleep Clause Mod: Limit one foe put to sleep\n|rule|Mega Rayquaza Clause: You cannot mega evolve Rayquaza\n|clearpoke\n|poke|p1|Walking Wake|\n|poke|p1|Urshifu-*, M|\n|poke|p1|Gastrodon, M|\n|poke|p1|Iron Bundle|\n|poke|p1|Gyarados, F|\n|poke|p1|Tapu Fini|\n|poke|p2|Slowking-Galar, M|\n|poke|p2|Ampharos, F|\n|poke|p2|Alomomola, M|\n|poke|p2|Ferrothorn, F|\n|poke|p2|Enamorus-Therian, F|\n|poke|p2|Glastrier|\n|teampreview\n|inactive|Battle timer is ON: inactive players will automatically lose when time's up. (requested by Yuinna.)\n|c|\u2606Yuinna.|hf\n|c|\u2606Aroma Nobody|Glhd\n|\n|t:|1699362862\n|start\n|switch|p1a: Urshifu|Urshifu-Rapid-Strike, M|100\/100\n|switch|p2a: Ferrothorn|Ferrothorn, F|100\/100\n|turn|1\n|\n|t:|1699362882\n|move|p1a: Urshifu|Close Combat|p2a: Ferrothorn\n|-supereffective|p2a: Ferrothorn\n|-damage|p2a: Ferrothorn|31\/100\n|-unboost|p1a: Urshifu|def|1\n|-unboost|p1a: Urshifu|spd|1\n|-damage|p1a: Urshifu|88\/100|[from] ability: Iron Barbs|[of] p2a: Ferrothorn\n|move|p2a: Ferrothorn|Thunder Wave|p1a: Urshifu\n|-status|p1a: Urshifu|par\n|\n|-heal|p2a: Ferrothorn|37\/100|[from] item: Leftovers\n|upkeep\n|turn|2\n|\n|t:|1699362897\n|switch|p2a: Alomomola|Alomomola, M|100\/100\n|move|p1a: Urshifu|Close Combat|p2a: Alomomola\n|-damage|p2a: Alomomola|68\/100\n|-unboost|p1a: Urshifu|def|1\n|-unboost|p1a: Urshifu|spd|1\n|-damage|p1a: Urshifu|72\/100 par|[from] item: Rocky Helmet|[of] p2a: Alomomola\n|\n|upkeep\n|turn|3\n|\n|t:|1699362903\n|switch|p1a: Gastrodon|Gastrodon, M|100\/100\n|move|p2a: Alomomola|Wish|p2a: Alomomola\n|\n|upkeep\n|turn|4\n|\n|t:|1699362907\n|switch|p2a: Ferrothorn|Ferrothorn, F|37\/100\n|move|p1a: Gastrodon|Stealth Rock|p2a: Ferrothorn\n|-sidestart|p2: Yuinna.|move: Stealth Rock\n|\n|-heal|p2a: Ferrothorn|100\/100|[from] move: Wish|[wisher] Alomomola\n|upkeep\n|turn|5\n|\n|t:|1699362913\n|switch|p1a: Urshifu|Urshifu-Rapid-Strike, M|72\/100 par\n|move|p2a: Ferrothorn|Leech Seed|p1a: Urshifu\n|-start|p1a: Urshifu|move: Leech Seed\n|\n|-damage|p1a: Urshifu|59\/100 par|[from] Leech Seed|[of] p2a: Ferrothorn\n|upkeep\n|turn|6\n|\n|t:|1699362918\n|move|p1a: Urshifu|U-turn|p2a: Ferrothorn\n|-damage|p2a: Ferrothorn|85\/100\n|-damage|p1a: Urshifu|47\/100 par|[from] ability: Iron Barbs|[of] p2a: Ferrothorn\n|\n|t:|1699362939\n|switch|p1a: Gyarados|Gyarados, F|100\/100|[from] U-turn\n|-ability|p1a: Gyarados|Intimidate|boost\n|-unboost|p2a: Ferrothorn|atk|1\n|move|p2a: Ferrothorn|Gyro Ball|p1a: Gyarados\n|-resisted|p1a: Gyarados\n|-damage|p1a: Gyarados|79\/100\n|\n|-heal|p2a: Ferrothorn|91\/100|[from] item: Leftovers\n|upkeep\n|turn|7\n|\n|t:|1699362948\n|move|p1a: Gyarados|Substitute|p1a: Gyarados\n|-start|p1a: Gyarados|Substitute\n|-damage|p1a: Gyarados|55\/100\n|move|p2a: Ferrothorn|Thunder Wave||[still]\n|-fail|p2a: Ferrothorn\n|\n|-heal|p2a: Ferrothorn|97\/100|[from] item: Leftovers\n|upkeep\n|turn|8\n|\n|t:|1699362958\n|switch|p2a: Slowking|Slowking-Galar, M|100\/100\n|-damage|p2a: Slowking|88\/100|[from] Stealth Rock\n|move|p1a: Gyarados|Dragon Dance|p1a: Gyarados\n|-boost|p1a: Gyarados|atk|1\n|-boost|p1a: Gyarados|spe|1\n|\n|upkeep\n|turn|9\n|\n|t:|1699362969\n|detailschange|p1a: Gyarados|Gyarados-Mega, F\n|-mega|p1a: Gyarados|Gyarados|Gyaradosite\n|-ability|p1a: Gyarados|Mold Breaker\n|move|p1a: Gyarados|Crunch|p2a: Slowking\n|-supereffective|p2a: Slowking\n|-damage|p2a: Slowking|0 fnt\n|-damage|p1a: Gyarados|38\/100|[from] item: Rocky Helmet|[of] p2a: Slowking\n|faint|p2a: Slowking\n|\n|upkeep\n|\n|t:|1699362979\n|switch|p2a: Ampharos|Ampharos, F|100\/100\n|-damage|p2a: Ampharos|88\/100|[from] Stealth Rock\n|turn|10\n|c|\u2606Aroma Nobody|Is this rocky helmet the team?\n|\n|t:|1699362989\n|detailschange|p2a: Ampharos|Ampharos-Mega, F\n|-mega|p2a: Ampharos|Ampharos|Ampharosite\n|-ability|p2a: Ampharos|Mold Breaker\n|move|p1a: Gyarados|Earthquake|p2a: Ampharos\n|-supereffective|p2a: Ampharos\n|-damage|p2a: Ampharos|0 fnt\n|faint|p2a: Ampharos\n|\n|upkeep\n|c|\u2606Yuinna.|what\n|\n|t:|1699363003\n|switch|p2a: Enamorus|Enamorus-Therian, F|100\/100\n|-damage|p2a: Enamorus|75\/100|[from] Stealth Rock\n|turn|11\n|\n|t:|1699363023\n|move|p1a: Gyarados|Dragon Dance|p1a: Gyarados\n|-boost|p1a: Gyarados|atk|1\n|-boost|p1a: Gyarados|spe|1\n|move|p2a: Enamorus|Draining Kiss|p1a: Gyarados\n|-supereffective|p1a: Gyarados\n|-end|p1a: Gyarados|Substitute\n|-heal|p2a: Enamorus|93\/100|[from] drain|[of] p1a: Gyarados\n|\n|-heal|p2a: Enamorus|99\/100|[from] item: Leftovers\n|upkeep\n|turn|12\n|\n|t:|1699363030\n|move|p1a: Gyarados|Crunch|p2a: Enamorus\n|-resisted|p2a: Enamorus\n|-damage|p2a: Enamorus|62\/100\n|move|p2a: Enamorus|Draining Kiss|p1a: Gyarados\n|-supereffective|p1a: Gyarados\n|-damage|p1a: Gyarados|0 fnt\n|-heal|p2a: Enamorus|89\/100|[from] drain|[of] p1a: Gyarados\n|faint|p1a: Gyarados\n|\n|-heal|p2a: Enamorus|95\/100|[from] item: Leftovers\n|upkeep\n|\n|t:|1699363036\n|switch|p1a: Iron Bundle|Iron Bundle|100\/100\n|turn|13\n|\n|t:|1699363048\n|-terastallize|p2a: Enamorus|Dark\n|move|p1a: Iron Bundle|Ice Beam|p2a: Enamorus\n|-damage|p2a: Enamorus|55\/100\n|move|p2a: Enamorus|Calm Mind|p2a: Enamorus\n|-boost|p2a: Enamorus|spa|1\n|-boost|p2a: Enamorus|spd|1\n|\n|-heal|p2a: Enamorus|61\/100|[from] item: Leftovers\n|upkeep\n|turn|14\n|\n|t:|1699363073\n|move|p1a: Iron Bundle|Taunt|p2a: Enamorus\n|-start|p2a: Enamorus|move: Taunt\n|move|p2a: Enamorus|Draining Kiss|p1a: Iron Bundle\n|-damage|p1a: Iron Bundle|21\/100\n|-heal|p2a: Enamorus|100\/100|[from] drain|[of] p1a: Iron Bundle\n|\n|upkeep\n|turn|15\n|\n|t:|1699363079\n|move|p1a: Iron Bundle|Hydro Pump|p2a: Enamorus|[miss]\n|-miss|p1a: Iron Bundle|p2a: Enamorus\n|move|p2a: Enamorus|Draining Kiss|p1a: Iron Bundle\n|-damage|p1a: Iron Bundle|0 fnt\n|faint|p1a: Iron Bundle\n|-end|p1a: Iron Bundle|Quark Drive|[silent]\n|\n|upkeep\n|\n|t:|1699363083\n|switch|p1a: Gastrodon|Gastrodon, M|100\/100\n|turn|16\n|\n|t:|1699363091\n|move|p2a: Enamorus|Draining Kiss|p1a: Gastrodon\n|-damage|p1a: Gastrodon|75\/100\n|move|p1a: Gastrodon|Clear Smog|p2a: Enamorus\n|-damage|p2a: Enamorus|93\/100\n|-clearboost|p2a: Enamorus\n|\n|-heal|p2a: Enamorus|99\/100|[from] item: Leftovers\n|-heal|p1a: Gastrodon|81\/100|[from] item: Leftovers\n|-end|p2a: Enamorus|move: Taunt\n|upkeep\n|turn|17\n|\n|t:|1699363097\n|move|p2a: Enamorus|Calm Mind|p2a: Enamorus\n|-boost|p2a: Enamorus|spa|1\n|-boost|p2a: Enamorus|spd|1\n|move|p1a: Gastrodon|Earthquake|p2a: Enamorus\n|-damage|p2a: Enamorus|78\/100\n|\n|-heal|p2a: Enamorus|85\/100|[from] item: Leftovers\n|-heal|p1a: Gastrodon|87\/100|[from] item: Leftovers\n|upkeep\n|turn|18\n|\n|t:|1699363102\n|move|p2a: Enamorus|Draining Kiss|p1a: Gastrodon\n|-damage|p1a: Gastrodon|58\/100\n|-heal|p2a: Enamorus|100\/100|[from] drain|[of] p1a: Gastrodon\n|move|p1a: Gastrodon|Clear Smog|p2a: Enamorus\n|-damage|p2a: Enamorus|94\/100\n|-clearboost|p2a: Enamorus\n|\n|-heal|p2a: Enamorus|99\/100|[from] item: Leftovers\n|-heal|p1a: Gastrodon|64\/100|[from] item: Leftovers\n|upkeep\n|turn|19\n|\n|t:|1699363113\n|move|p2a: Enamorus|Tera Blast|p1a: Gastrodon|[anim] Tera Blast Dark\n|-damage|p1a: Gastrodon|34\/100\n|move|p1a: Gastrodon|Recover|p1a: Gastrodon\n|-heal|p1a: Gastrodon|84\/100\n|\n|-heal|p2a: Enamorus|100\/100|[from] item: Leftovers\n|-heal|p1a: Gastrodon|90\/100|[from] item: Leftovers\n|upkeep\n|turn|20\n|\n|t:|1699363120\n|switch|p1a: Urshifu|Urshifu-Rapid-Strike, M|47\/100 par\n|move|p2a: Enamorus|Tera Blast|p1a: Urshifu|[anim] Tera Blast Dark\n|-resisted|p1a: Urshifu\n|-damage|p1a: Urshifu|13\/100 par\n|\n|upkeep\n|turn|21\n|\n|t:|1699363129\n|move|p1a: Urshifu|Surging Strikes|p2a: Enamorus\n|-crit|p2a: Enamorus\n|-damage|p2a: Enamorus|83\/100\n|-crit|p2a: Enamorus\n|-damage|p2a: Enamorus|67\/100\n|-crit|p2a: Enamorus\n|-damage|p2a: Enamorus|50\/100\n|-hitcount|p2a: Enamorus|3\n|move|p2a: Enamorus|Draining Kiss|p1a: Urshifu\n|-supereffective|p1a: Urshifu\n|-damage|p1a: Urshifu|0 fnt\n|-heal|p2a: Enamorus|59\/100|[from] drain|[of] p1a: Urshifu\n|faint|p1a: Urshifu\n|\n|-heal|p2a: Enamorus|65\/100|[from] item: Leftovers\n|upkeep\n|\n|t:|1699363133\n|switch|p1a: Walking Wake|Walking Wake|100\/100\n|-enditem|p1a: Walking Wake|Booster Energy\n|-activate|p1a: Walking Wake|ability: Protosynthesis|[fromitem]\n|-start|p1a: Walking Wake|protosynthesisspa\n|turn|22\n|\n|t:|1699363144\n|move|p1a: Walking Wake|Substitute|p1a: Walking Wake\n|-start|p1a: Walking Wake|Substitute\n|-damage|p1a: Walking Wake|76\/100\n|move|p2a: Enamorus|Draining Kiss|p1a: Walking Wake\n|-supereffective|p1a: Walking Wake\n|-end|p1a: Walking Wake|Substitute\n|-heal|p2a: Enamorus|83\/100|[from] drain|[of] p1a: Walking Wake\n|\n|-heal|p2a: Enamorus|89\/100|[from] item: Leftovers\n|upkeep\n|turn|23\n|\n|t:|1699363150\n|-terastallize|p1a: Walking Wake|Water\n|move|p1a: Walking Wake|Hydro Steam|p2a: Enamorus\n|-damage|p2a: Enamorus|8\/100\n|move|p2a: Enamorus|Draining Kiss|p1a: Walking Wake\n|-damage|p1a: Walking Wake|43\/100\n|-heal|p2a: Enamorus|32\/100|[from] drain|[of] p1a: Walking Wake\n|\n|-heal|p2a: Enamorus|38\/100|[from] item: Leftovers\n|upkeep\n|turn|24\n|\n|t:|1699363158\n|move|p1a: Walking Wake|Hydro Steam|p2a: Enamorus\n|-damage|p2a: Enamorus|0 fnt\n|faint|p2a: Enamorus\n|\n|upkeep\n|\n|t:|1699363164\n|switch|p2a: Ferrothorn|Ferrothorn, F|97\/100\n|-damage|p2a: Ferrothorn|91\/100|[from] Stealth Rock\n|turn|25\n|\n|t:|1699363168\n|move|p2a: Ferrothorn|Protect|p2a: Ferrothorn\n|-singleturn|p2a: Ferrothorn|Protect\n|move|p1a: Walking Wake|Hydro Steam|p2a: Ferrothorn\n|-activate|p2a: Ferrothorn|move: Protect\n|\n|-heal|p2a: Ferrothorn|97\/100|[from] item: Leftovers\n|upkeep\n|turn|26\n|\n|t:|1699363174\n|move|p1a: Walking Wake|Substitute|p1a: Walking Wake\n|-start|p1a: Walking Wake|Substitute\n|-damage|p1a: Walking Wake|18\/100\n|move|p2a: Ferrothorn|Thunder Wave||[still]\n|-fail|p2a: Ferrothorn\n|\n|-heal|p2a: Ferrothorn|100\/100|[from] item: Leftovers\n|upkeep\n|turn|27\n|\n|t:|1699363185\n|move|p1a: Walking Wake|Hydro Steam|p2a: Ferrothorn\n|-resisted|p2a: Ferrothorn\n|-damage|p2a: Ferrothorn|67\/100\n|move|p2a: Ferrothorn|Gyro Ball|p1a: Walking Wake\n|-resisted|p1a: Walking Wake\n|-end|p1a: Walking Wake|Substitute\n|\n|-heal|p2a: Ferrothorn|73\/100|[from] item: Leftovers\n|upkeep\n|turn|28\n|\n|t:|1699363191\n|move|p1a: Walking Wake|Hydro Steam|p2a: Ferrothorn\n|-resisted|p2a: Ferrothorn\n|-damage|p2a: Ferrothorn|41\/100\n|move|p2a: Ferrothorn|Leech Seed|p1a: Walking Wake|[miss]\n|-miss|p2a: Ferrothorn|p1a: Walking Wake\n|\n|-heal|p2a: Ferrothorn|48\/100|[from] item: Leftovers\n|upkeep\n|turn|29\n|\n|t:|1699363196\n|move|p1a: Walking Wake|Hydro Steam|p2a: Ferrothorn\n|-resisted|p2a: Ferrothorn\n|-damage|p2a: Ferrothorn|12\/100\n|move|p2a: Ferrothorn|Leech Seed|p1a: Walking Wake\n|-start|p1a: Walking Wake|move: Leech Seed\n|\n|-heal|p2a: Ferrothorn|18\/100|[from] item: Leftovers\n|-damage|p1a: Walking Wake|6\/100|[from] Leech Seed|[of] p2a: Ferrothorn\n|-heal|p2a: Ferrothorn|30\/100|[silent]\n|upkeep\n|turn|30\n|\n|t:|1699363204\n|move|p2a: Ferrothorn|Protect|p2a: Ferrothorn\n|-singleturn|p2a: Ferrothorn|Protect\n|move|p1a: Walking Wake|Hydro Steam|p2a: Ferrothorn\n|-activate|p2a: Ferrothorn|move: Protect\n|\n|-heal|p2a: Ferrothorn|36\/100|[from] item: Leftovers\n|-damage|p1a: Walking Wake|0 fnt|[from] Leech Seed|[of] p2a: Ferrothorn\n|-heal|p2a: Ferrothorn|41\/100|[silent]\n|faint|p1a: Walking Wake\n|-end|p1a: Walking Wake|Protosynthesis|[silent]\n|upkeep\n|\n|t:|1699363210\n|switch|p1a: Tapu Fini|Tapu Fini|100\/100\n|-fieldstart|move: Misty Terrain|[from] ability: Misty Surge|[of] p1a: Tapu Fini\n|turn|31\n|\n|t:|1699363217\n|move|p1a: Tapu Fini|Taunt|p2a: Ferrothorn\n|-start|p2a: Ferrothorn|move: Taunt\n|cant|p2a: Ferrothorn|move: Taunt|Leech Seed\n|\n|-heal|p2a: Ferrothorn|48\/100|[from] item: Leftovers\n|upkeep\n|turn|32\n|\n|t:|1699363220\n|move|p1a: Tapu Fini|Calm Mind|p1a: Tapu Fini\n|-boost|p1a: Tapu Fini|spa|1\n|-boost|p1a: Tapu Fini|spd|1\n|move|p2a: Ferrothorn|Gyro Ball|p1a: Tapu Fini\n|-damage|p1a: Tapu Fini|66\/100\n|\n|-heal|p1a: Tapu Fini|72\/100|[from] item: Leftovers\n|-heal|p2a: Ferrothorn|54\/100|[from] item: Leftovers\n|upkeep\n|turn|33\n|\n|t:|1699363229\n|move|p1a: Tapu Fini|Calm Mind|p1a: Tapu Fini\n|-boost|p1a: Tapu Fini|spa|1\n|-boost|p1a: Tapu Fini|spd|1\n|move|p2a: Ferrothorn|Gyro Ball|p1a: Tapu Fini\n|-damage|p1a: Tapu Fini|38\/100\n|\n|-heal|p1a: Tapu Fini|44\/100|[from] item: Leftovers\n|-heal|p2a: Ferrothorn|60\/100|[from] item: Leftovers\n|-end|p2a: Ferrothorn|move: Taunt\n|upkeep\n|turn|34\n|\n|t:|1699363236\n|move|p1a: Tapu Fini|Scald|p2a: Ferrothorn\n|-resisted|p2a: Ferrothorn\n|-damage|p2a: Ferrothorn|39\/100\n|move|p2a: Ferrothorn|Gyro Ball|p1a: Tapu Fini\n|-crit|p1a: Tapu Fini\n|-damage|p1a: Tapu Fini|0 fnt\n|faint|p1a: Tapu Fini\n|\n|-heal|p2a: Ferrothorn|45\/100|[from] item: Leftovers\n|upkeep\n|\n|t:|1699363241\n|switch|p1a: Gastrodon|Gastrodon, M|90\/100\n|turn|35\n|\n|t:|1699363244\n|move|p1a: Gastrodon|Earthquake|p2a: Ferrothorn\n|-damage|p2a: Ferrothorn|31\/100\n|move|p2a: Ferrothorn|Leech Seed|p1a: Gastrodon\n|-start|p1a: Gastrodon|move: Leech Seed\n|\n|-heal|p1a: Gastrodon|97\/100|[from] item: Leftovers\n|-heal|p2a: Ferrothorn|37\/100|[from] item: Leftovers\n|-damage|p1a: Gastrodon|84\/100|[from] Leech Seed|[of] p2a: Ferrothorn\n|-heal|p2a: Ferrothorn|52\/100|[silent]\n|-fieldend|Misty Terrain\n|upkeep\n|turn|36\n|c|\u2606Aroma Nobody|Gg\n|\n|t:|1699363250\n|move|p1a: Gastrodon|Earthquake|p2a: Ferrothorn\n|-damage|p2a: Ferrothorn|37\/100\n|move|p2a: Ferrothorn|Gyro Ball|p1a: Gastrodon\n|-resisted|p1a: Gastrodon\n|-damage|p1a: Gastrodon|73\/100\n|\n|-heal|p1a: Gastrodon|79\/100|[from] item: Leftovers\n|-heal|p2a: Ferrothorn|43\/100|[from] item: Leftovers\n|-damage|p1a: Gastrodon|67\/100|[from] Leech Seed|[of] p2a: Ferrothorn\n|-heal|p2a: Ferrothorn|58\/100|[silent]\n|upkeep\n|turn|37\n|\n|t:|1699363253\n|move|p2a: Ferrothorn|Protect|p2a: Ferrothorn\n|-singleturn|p2a: Ferrothorn|Protect\n|move|p1a: Gastrodon|Earthquake|p2a: Ferrothorn\n|-activate|p2a: Ferrothorn|move: Protect\n|\n|-heal|p1a: Gastrodon|73\/100|[from] item: Leftovers\n|-heal|p2a: Ferrothorn|64\/100|[from] item: Leftovers\n|-damage|p1a: Gastrodon|60\/100|[from] Leech Seed|[of] p2a: Ferrothorn\n|-heal|p2a: Ferrothorn|79\/100|[silent]\n|upkeep\n|turn|38\n|\n|t:|1699363267\n|move|p1a: Gastrodon|Earthquake|p2a: Ferrothorn\n|-damage|p2a: Ferrothorn|65\/100\n|move|p2a: Ferrothorn|Gyro Ball|p1a: Gastrodon\n|-resisted|p1a: Gastrodon\n|-crit|p1a: Gastrodon\n|-damage|p1a: Gastrodon|42\/100\n|\n|-heal|p1a: Gastrodon|48\/100|[from] item: Leftovers\n|-heal|p2a: Ferrothorn|71\/100|[from] item: Leftovers\n|-damage|p1a: Gastrodon|35\/100|[from] Leech Seed|[of] p2a: Ferrothorn\n|-heal|p2a: Ferrothorn|86\/100|[silent]\n|upkeep\n|turn|39\n|\n|t:|1699363270\n|move|p2a: Ferrothorn|Protect|p2a: Ferrothorn\n|-singleturn|p2a: Ferrothorn|Protect\n|move|p1a: Gastrodon|Earthquake|p2a: Ferrothorn\n|-activate|p2a: Ferrothorn|move: Protect\n|\n|-heal|p1a: Gastrodon|42\/100|[from] item: Leftovers\n|-heal|p2a: Ferrothorn|92\/100|[from] item: Leftovers\n|-damage|p1a: Gastrodon|29\/100|[from] Leech Seed|[of] p2a: Ferrothorn\n|-heal|p2a: Ferrothorn|100\/100|[silent]\n|upkeep\n|turn|40\n|c|\u2606Yuinna.|gg\n|\n|t:|1699363289\n|move|p1a: Gastrodon|Earthquake|p2a: Ferrothorn\n|-damage|p2a: Ferrothorn|87\/100\n|move|p2a: Ferrothorn|Gyro Ball|p1a: Gastrodon\n|-resisted|p1a: Gastrodon\n|-damage|p1a: Gastrodon|17\/100\n|\n|-heal|p1a: Gastrodon|23\/100|[from] item: Leftovers\n|-heal|p2a: Ferrothorn|93\/100|[from] item: Leftovers\n|-damage|p1a: Gastrodon|11\/100|[from] Leech Seed|[of] p2a: Ferrothorn\n|-heal|p2a: Ferrothorn|100\/100|[silent]\n|upkeep\n|turn|41\n|\n|t:|1699363295\n|move|p2a: Ferrothorn|Protect|p2a: Ferrothorn\n|-singleturn|p2a: Ferrothorn|Protect\n|move|p1a: Gastrodon|Earthquake|p2a: Ferrothorn\n|-activate|p2a: Ferrothorn|move: Protect\n|\n|-heal|p1a: Gastrodon|17\/100|[from] item: Leftovers\n|-damage|p1a: Gastrodon|4\/100|[from] Leech Seed|[of] p2a: Ferrothorn\n|upkeep\n|turn|42\n|\n|t:|1699363302\n|move|p1a: Gastrodon|Earthquake|p2a: Ferrothorn\n|-damage|p2a: Ferrothorn|86\/100\n|move|p2a: Ferrothorn|Thunder Wave|p1a: Gastrodon\n|-immune|p1a: Gastrodon\n|\n|-heal|p1a: Gastrodon|11\/100|[from] item: Leftovers\n|-heal|p2a: Ferrothorn|92\/100|[from] item: Leftovers\n|-damage|p1a: Gastrodon|0 fnt|[from] Leech Seed|[of] p2a: Ferrothorn\n|-heal|p2a: Ferrothorn|100\/100|[silent]\n|faint|p1a: Gastrodon\n|\n|win|Yuinna.\n|upkeep\n|c|\u2606Yuinna.|gg\n|l|\u2606Yuinna.\n|j|\u2606Yuinna.\n|player|p2|Yuinna.|serena-masters\n|l|\u2606Yuinna.\n|player|p2|\n|j| D. Lawrenzz\n","uploadtime":1699363312,"views":6,"p1id":"aromanobody","p2id":"yuinna","formatid":"gen9nationaldexubers","rating":0,"private":0,"password":""}