{"id":"gen9nationaldexubers-1984666050","p1":"Sherlock4580","p2":"Kemaster","format":"[Gen 9] National Dex Ubers","log":"|j|\u2606Sherlock4580\n|j|\u2606Kemaster\n|t:|1699289132\n|gametype|singles\n|player|p1|Sherlock4580|caitlin|\n|player|p2|Kemaster|red|\n|teamsize|p1|6\n|teamsize|p2|6\n|gen|9\n|tier|[Gen 9] National Dex Ubers\n|rule|HP Percentage Mod: HP is shown in percentages\n|rule|Endless Battle Clause: Forcing endless battles is banned\n|rule|OHKO Clause: OHKO moves are banned\n|rule|Evasion Moves Clause: Evasion moves are banned\n|rule|Evasion Items Clause: Evasion items are banned\n|rule|Species Clause: Limit one of each Pok\u00e9mon\n|rule|Sleep Clause Mod: Limit one foe put to sleep\n|rule|Mega Rayquaza Clause: You cannot mega evolve Rayquaza\n|clearpoke\n|poke|p1|Appletun, M|\n|poke|p1|Magnezone|\n|poke|p1|Phione|\n|poke|p1|Sinistcha|\n|poke|p1|Serperior, F|\n|poke|p1|Ursaluna-Bloodmoon, M|\n|poke|p2|Salamence, F|\n|poke|p2|Ferrothorn, F|\n|poke|p2|Togekiss, F|\n|poke|p2|Kingambit, M|\n|poke|p2|Yveltal|\n|poke|p2|Skeledirge, M|\n|teampreview\n|\n|t:|1699289149\n|start\n|switch|p1a: Magnezone|Magnezone|100\/100\n|switch|p2a: Ferrothorn|Ferrothorn, F|100\/100\n|-item|p1a: Magnezone|Air Balloon\n|turn|1\n|\n|t:|1699289154\n|move|p1a: Magnezone|Hidden Power|p2a: Ferrothorn\n|-supereffective|p2a: Ferrothorn\n|-damage|p2a: Ferrothorn|30\/100\n|move|p2a: Ferrothorn|Leech Seed|p1a: Magnezone|[miss]\n|-miss|p2a: Ferrothorn|p1a: Magnezone\n|\n|upkeep\n|turn|2\n|\n|t:|1699289161\n|move|p1a: Magnezone|Hidden Power|p2a: Ferrothorn\n|-supereffective|p2a: Ferrothorn\n|-damage|p2a: Ferrothorn|0 fnt\n|faint|p2a: Ferrothorn\n|\n|upkeep\n|c|\u2606Sherlock4580|\u041d\u0443 \u044d\u0442\u043e\u0433\u043e \u043b\u0435\u0433\u043a\u043e \u0431\u044b\u043b\u043e\n|\n|t:|1699289177\n|switch|p2a: Togekiss|Togekiss, F|100\/100\n|turn|3\n|\n|t:|1699289189\n|move|p2a: Togekiss|Aura Sphere|p1a: Magnezone\n|-supereffective|p1a: Magnezone\n|-damage|p1a: Magnezone|30\/100\n|-enditem|p1a: Magnezone|Air Balloon\n|move|p1a: Magnezone|Thunderbolt|p2a: Togekiss\n|-supereffective|p2a: Togekiss\n|-damage|p2a: Togekiss|0 fnt\n|faint|p2a: Togekiss\n|\n|upkeep\n|\n|t:|1699289192\n|switch|p2a: Salamence|Salamence, F|100\/100\n|-ability|p2a: Salamence|Intimidate|boost\n|-unboost|p1a: Magnezone|atk|1\n|turn|4\n|\n|t:|1699289201\n|detailschange|p2a: Salamence|Salamence-Mega, F\n|-mega|p2a: Salamence|Salamence|Salamencite\n|move|p2a: Salamence|Dragon Dance|p2a: Salamence\n|-boost|p2a: Salamence|atk|1\n|-boost|p2a: Salamence|spe|1\n|move|p1a: Magnezone|Thunderbolt|p2a: Salamence\n|-damage|p2a: Salamence|39\/100\n|\n|upkeep\n|turn|5\n|\n|t:|1699289205\n|move|p2a: Salamence|Earthquake|p1a: Magnezone\n|-supereffective|p1a: Magnezone\n|-damage|p1a: Magnezone|0 fnt\n|faint|p1a: Magnezone\n|\n|upkeep\n|\n|t:|1699289217\n|switch|p1a: Ursaluna|Ursaluna-Bloodmoon, M|100\/100\n|turn|6\n|\n|t:|1699289222\n|move|p2a: Salamence|Return|p1a: Ursaluna\n|-damage|p1a: Ursaluna|25\/100\n|-enditem|p1a: Ursaluna|Aguav Berry|[eat]\n|-heal|p1a: Ursaluna|58\/100|[from] item: Aguav Berry\n|move|p1a: Ursaluna|Blood Moon|p2a: Salamence\n|-damage|p2a: Salamence|0 fnt\n|faint|p2a: Salamence\n|\n|upkeep\n|\n|t:|1699289230\n|switch|p2a: Yveltal|Yveltal|100\/100\n|-ability|p2a: Yveltal|Dark Aura\n|turn|7\n|c|\u2606Sherlock4580|\u0421\u043f\u0430\u0441\u043b\u0430 \u0431\u043b\u0430\u0434\u043c\u0443\u043d\n|c|\u2606Kemaster|\u0410\u0433\u0430\n|\n|t:|1699289239\n|move|p2a: Yveltal|Knock Off|p1a: Ursaluna\n|-damage|p1a: Ursaluna|22\/100\n|-damage|p2a: Yveltal|91\/100|[from] item: Life Orb\n|move|p1a: Ursaluna|Hyper Voice|p2a: Yveltal\n|-damage|p2a: Yveltal|37\/100\n|\n|upkeep\n|turn|8\n|c|\u2606Kemaster|\u0425\u043f \u043c\u043d\u043e\u0433\u043e\n|\n|t:|1699289248\n|move|p2a: Yveltal|Oblivion Wing|p1a: Ursaluna\n|-damage|p1a: Ursaluna|0 fnt\n|-heal|p2a: Yveltal|54\/100|[from] drain|[of] p1a: Ursaluna\n|faint|p1a: Ursaluna\n|-damage|p2a: Yveltal|44\/100|[from] item: Life Orb\n|\n|upkeep\n|\n|t:|1699289255\n|switch|p1a: Serperior|Serperior, F, shiny|100\/100\n|turn|9\n|\n|t:|1699289263\n|switch|p2a: Skeledirge|Skeledirge, M|100\/100\n|-terastallize|p1a: Serperior|Ice\n|move|p1a: Serperior|Hidden Power|p2a: Skeledirge\n|-resisted|p2a: Skeledirge\n|-damage|p2a: Skeledirge|91\/100\n|\n|-heal|p2a: Skeledirge|97\/100|[from] item: Leftovers\n|upkeep\n|turn|10\n|\n|t:|1699289271\n|switch|p1a: Appletun|Appletun, M|100\/100\n|move|p2a: Skeledirge|Torch Song|p1a: Appletun\n|-damage|p1a: Appletun|75\/100\n|-boost|p2a: Skeledirge|spa|1\n|\n|-heal|p2a: Skeledirge|100\/100|[from] item: Leftovers\n|-activate|p1a: Appletun|ability: Ripen\n|-heal|p1a: Appletun|81\/100|[from] item: Leftovers\n|upkeep\n|turn|11\n|\n|t:|1699289276\n|move|p2a: Skeledirge|Will-O-Wisp|p1a: Appletun|[miss]\n|-miss|p2a: Skeledirge|p1a: Appletun\n|move|p1a: Appletun|Leech Seed|p2a: Skeledirge\n|-start|p2a: Skeledirge|move: Leech Seed\n|\n|-activate|p1a: Appletun|ability: Ripen\n|-heal|p1a: Appletun|87\/100|[from] item: Leftovers\n|-damage|p2a: Skeledirge|88\/100|[from] Leech Seed|[of] p1a: Appletun\n|-heal|p1a: Appletun|99\/100|[silent]\n|upkeep\n|turn|12\n|\n|t:|1699289280\n|move|p1a: Appletun|Protect|p1a: Appletun\n|-singleturn|p1a: Appletun|Protect\n|move|p2a: Skeledirge|Will-O-Wisp|p1a: Appletun\n|-activate|p1a: Appletun|move: Protect\n|\n|-heal|p2a: Skeledirge|94\/100|[from] item: Leftovers\n|-activate|p1a: Appletun|ability: Ripen\n|-heal|p1a: Appletun|100\/100|[from] item: Leftovers\n|-damage|p2a: Skeledirge|82\/100|[from] Leech Seed|[of] p1a: Appletun\n|upkeep\n|turn|13\n|\n|t:|1699289286\n|move|p2a: Skeledirge|Will-O-Wisp|p1a: Appletun\n|-status|p1a: Appletun|brn\n|move|p1a: Appletun|Dragon Pulse|p2a: Skeledirge\n|-damage|p2a: Skeledirge|52\/100\n|\n|-heal|p2a: Skeledirge|58\/100|[from] item: Leftovers\n|-activate|p1a: Appletun|ability: Ripen\n|-damage|p2a: Skeledirge|45\/100|[from] Leech Seed|[of] p1a: Appletun\n|-damage|p1a: Appletun|94\/100 brn|[from] brn\n|upkeep\n|turn|14\n|\n|t:|1699289292\n|move|p2a: Skeledirge|Slack Off|p2a: Skeledirge\n|-heal|p2a: Skeledirge|95\/100\n|move|p1a: Appletun|Dragon Pulse|p2a: Skeledirge\n|-damage|p2a: Skeledirge|67\/100\n|\n|-heal|p2a: Skeledirge|73\/100|[from] item: Leftovers\n|-activate|p1a: Appletun|ability: Ripen\n|-heal|p1a: Appletun|100\/100 brn|[from] item: Leftovers\n|-damage|p2a: Skeledirge|60\/100|[from] Leech Seed|[of] p1a: Appletun\n|-damage|p1a: Appletun|94\/100 brn|[from] brn\n|upkeep\n|turn|15\n|\n|t:|1699289297\n|move|p2a: Skeledirge|Hex|p1a: Appletun\n|-damage|p1a: Appletun|33\/100 brn\n|move|p1a: Appletun|Dragon Pulse|p2a: Skeledirge\n|-damage|p2a: Skeledirge|30\/100\n|\n|-heal|p2a: Skeledirge|36\/100|[from] item: Leftovers\n|-activate|p1a: Appletun|ability: Ripen\n|-heal|p1a: Appletun|39\/100 brn|[from] item: Leftovers\n|-damage|p2a: Skeledirge|23\/100|[from] Leech Seed|[of] p1a: Appletun\n|-heal|p1a: Appletun|51\/100 brn|[silent]\n|-damage|p1a: Appletun|45\/100 brn|[from] brn\n|upkeep\n|turn|16\n|\n|t:|1699289303\n|move|p2a: Skeledirge|Hex|p1a: Appletun\n|-crit|p1a: Appletun\n|-damage|p1a: Appletun|0 fnt\n|faint|p1a: Appletun\n|\n|-heal|p2a: Skeledirge|29\/100|[from] item: Leftovers\n|upkeep\n|\n|t:|1699289311\n|switch|p1a: Phione|Phione|100\/100\n|turn|17\n|\n|t:|1699289314\n|switch|p2a: Yveltal|Yveltal|44\/100\n|-ability|p2a: Yveltal|Dark Aura\n|move|p1a: Phione|Scald|p2a: Yveltal\n|-damage|p2a: Yveltal|14\/100\n|-status|p2a: Yveltal|brn\n|\n|-damage|p2a: Yveltal|8\/100 brn|[from] brn\n|upkeep\n|turn|18\n|\n|t:|1699289322\n|move|p2a: Yveltal|Oblivion Wing|p1a: Phione\n|-damage|p1a: Phione|20\/100\n|-heal|p2a: Yveltal|54\/100 brn|[from] drain|[of] p1a: Phione\n|-damage|p2a: Yveltal|44\/100 brn|[from] item: Life Orb\n|move|p1a: Phione|Scald|p2a: Yveltal\n|-damage|p2a: Yveltal|15\/100 brn\n|\n|-damage|p2a: Yveltal|9\/100 brn|[from] brn\n|upkeep\n|turn|19\n|\n|t:|1699289340\n|move|p2a: Yveltal|Oblivion Wing|p1a: Phione\n|-damage|p1a: Phione|0 fnt\n|-heal|p2a: Yveltal|20\/100 brn|[from] drain|[of] p1a: Phione\n|faint|p1a: Phione\n|-damage|p2a: Yveltal|10\/100 brn|[from] item: Life Orb\n|\n|-damage|p2a: Yveltal|4\/100 brn|[from] brn\n|upkeep\n|\n|t:|1699289345\n|switch|p1a: Serperior|Serperior, F, shiny, tera:Ice|100\/100\n|turn|20\n|\n|t:|1699289355\n|move|p2a: Yveltal|Sucker Punch|p1a: Serperior\n|-damage|p1a: Serperior|62\/100\n|-damage|p2a: Yveltal|0 fnt|[from] item: Life Orb\n|faint|p2a: Yveltal\n|move|p1a: Serperior|Hidden Power|p2: Yveltal|[notarget]\n|-fail|p1a: Serperior\n|\n|upkeep\n|\n|t:|1699289359\n|switch|p2a: Skeledirge|Skeledirge, M|29\/100\n|turn|21\n|\n|t:|1699289364\n|move|p1a: Serperior|Leech Seed|p2a: Skeledirge\n|-start|p2a: Skeledirge|move: Leech Seed\n|move|p2a: Skeledirge|Torch Song|p1a: Serperior\n|-supereffective|p1a: Serperior\n|-damage|p1a: Serperior|0 fnt\n|-boost|p2a: Skeledirge|spa|1\n|faint|p1a: Serperior\n|\n|-heal|p2a: Skeledirge|35\/100|[from] item: Leftovers\n|upkeep\n|\n|t:|1699289367\n|switch|p1a: Sinistcha|Sinistcha|100\/100\n|turn|22\n|\n|t:|1699289387\n|move|p1a: Sinistcha|Scald|p2a: Skeledirge\n|-supereffective|p2a: Skeledirge\n|-damage|p2a: Skeledirge|0 fnt\n|faint|p2a: Skeledirge\n|\n|upkeep\n|\n|t:|1699289390\n|switch|p2a: Kingambit|Kingambit, M|100\/100\n|-activate|p2a: Kingambit|ability: Supreme Overlord\n|-start|p2a: Kingambit|fallen5|[silent]\n|turn|23\n|c|\u2606Sherlock4580|\u041e\u0439 \u043e\u0439\n|\n|t:|1699289397\n|move|p2a: Kingambit|Sucker Punch|p1a: Sinistcha\n|-supereffective|p1a: Sinistcha\n|-damage|p1a: Sinistcha|0 fnt\n|faint|p1a: Sinistcha\n|\n|win|Kemaster\n|c|\u2606Sherlock4580|\u0412\u043e\u0442 \u0441 \u044d\u0442\u0438\u043c \u0434\u044f\u0434\u0435\u0439 \u043f\u0440\u043e\u0431\u043b\u0435\u043c\u044b\n|l|\u2606Sherlock4580\n|l|\u2606Kemaster\n|j|\u2606Kemaster\n|player|p2|Kemaster|red\n","uploadtime":1699289920,"views":4,"p1id":"sherlock4580","p2id":"kemaster","formatid":"gen9nationaldexubers","rating":0,"private":0,"password":""}