{"id":"gen9nationaldexubers-1993522843","p1":"KoniKoni Krooks","p2":"Rocket and bopit","format":"[Gen 9] National Dex Ubers","log":"|j|\u2606KoniKoni Krooks\n|j|\u2606Rocket and bopit\n|t:|1700327742\n|gametype|singles\n|player|p1|KoniKoni Krooks|ingo|\n|player|p2|Rocket and bopit|1|\n|teamsize|p1|6\n|teamsize|p2|6\n|gen|9\n|tier|[Gen 9] National Dex Ubers\n|rule|HP Percentage Mod: HP is shown in percentages\n|rule|Endless Battle Clause: Forcing endless battles is banned\n|rule|OHKO Clause: OHKO moves are banned\n|rule|Evasion Moves Clause: Evasion moves are banned\n|rule|Evasion Items Clause: Evasion items are banned\n|rule|Species Clause: Limit one of each Pok\u00e9mon\n|rule|Sleep Clause Mod: Limit one foe put to sleep\n|rule|Mega Rayquaza Clause: You cannot mega evolve Rayquaza\n|clearpoke\n|poke|p1|Revavroom, F|\n|poke|p1|Klawf, F|\n|poke|p1|Tauros-Paldea-Blaze, M|\n|poke|p1|Empoleon, F|\n|poke|p1|Thundurus-Therian, M|\n|poke|p1|Espeon, F|\n|poke|p2|Baxcalibur, F|\n|poke|p2|Ninetales-Alola, M|\n|poke|p2|Aurorus, F|\n|poke|p2|Enamorus, F|\n|poke|p2|Grimmsnarl, M|\n|poke|p2|Arctozolt|\n|teampreview\n|c|\u2606KoniKoni Krooks|glhf!!!\n|\n|t:|1700327778\n|start\n|switch|p1a: Calzone|Klawf, F|100\/100\n|switch|p2a: Enamorus|Enamorus, F, shiny|100\/100\n|turn|1\n|\n|t:|1700327795\n|move|p2a: Enamorus|Tailwind|p2a: Enamorus\n|-sidestart|p2: Rocket and bopit|move: Tailwind\n|move|p1a: Calzone|Stone Edge|p2a: Enamorus\n|-supereffective|p2a: Enamorus\n|-crit|p2a: Enamorus\n|-enditem|p2a: Enamorus|Focus Sash\n|-damage|p2a: Enamorus|1\/100\n|\n|upkeep\n|turn|2\n|\n|t:|1700327811\n|move|p2a: Enamorus|Draining Kiss|p1a: Calzone\n|-damage|p1a: Calzone|74\/100\n|-heal|p2a: Enamorus|24\/100|[from] drain|[of] p1a: Calzone\n|move|p1a: Calzone|Stealth Rock|p2a: Enamorus\n|-sidestart|p2: Rocket and bopit|move: Stealth Rock\n|\n|-heal|p1a: Calzone|80\/100|[from] item: Leftovers\n|upkeep\n|turn|3\n|\n|t:|1700327845\n|move|p2a: Enamorus|Draining Kiss|p1a: Calzone\n|-damage|p1a: Calzone|54\/100\n|-heal|p2a: Enamorus|48\/100|[from] drain|[of] p1a: Calzone\n|move|p1a: Calzone|Stone Edge|p2a: Enamorus\n|-supereffective|p2a: Enamorus\n|-damage|p2a: Enamorus|0 fnt\n|faint|p2a: Enamorus\n|\n|-heal|p1a: Calzone|60\/100|[from] item: Leftovers\n|upkeep\n|\n|t:|1700327855\n|switch|p2a: Ninetales|Ninetales-Alola, M, shiny|100\/100\n|-damage|p2a: Ninetales|76\/100|[from] Stealth Rock\n|-weather|Snow|[from] ability: Snow Warning|[of] p2a: Ninetales\n|turn|4\n|\n|t:|1700327868\n|switch|p1a: Sweet Potato|Tauros-Paldea-Blaze, M|100\/100\n|-ability|p1a: Sweet Potato|Intimidate|boost\n|-unboost|p2a: Ninetales|atk|1\n|move|p2a: Ninetales|Aurora Veil|p2a: Ninetales\n|-sidestart|p2: Rocket and bopit|move: Aurora Veil\n|\n|-weather|Snow|[upkeep]\n|-sideend|p2: Rocket and bopit|move: Tailwind\n|upkeep\n|turn|5\n|\n|t:|1700327890\n|move|p2a: Ninetales|Encore||[still]\n|-fail|p2a: Ninetales\n|move|p1a: Sweet Potato|Raging Bull|p2a: Ninetales\n|-sideend|p2: Rocket and bopit|move: Aurora Veil\n|-supereffective|p2a: Ninetales\n|-damage|p2a: Ninetales|0 fnt\n|faint|p2a: Ninetales\n|\n|-weather|Snow|[upkeep]\n|upkeep\n|\n|t:|1700327909\n|switch|p2a: Aurorus|Aurorus, F, shiny|100\/100\n|-damage|p2a: Aurorus|76\/100|[from] Stealth Rock\n|turn|6\n|\n|t:|1700327936\n|switch|p1a: Calzone|Klawf, F|93\/100\n|move|p2a: Aurorus|Ancient Power|p1a: Calzone\n|-damage|p1a: Calzone|64\/100\n|-boost|p2a: Aurorus|atk|1\n|-boost|p2a: Aurorus|def|1\n|-boost|p2a: Aurorus|spa|1\n|-boost|p2a: Aurorus|spd|1\n|-boost|p2a: Aurorus|spe|1\n|\n|-weather|Snow|[upkeep]\n|-heal|p1a: Calzone|70\/100|[from] item: Leftovers\n|upkeep\n|turn|7\n|\n|t:|1700327949\n|switch|p2a: Baxcalibur|Baxcalibur, F, shiny|100\/100\n|move|p1a: Calzone|Brick Break|p2a: Baxcalibur\n|-supereffective|p2a: Baxcalibur\n|-damage|p2a: Baxcalibur|76\/100\n|\n|-weather|Snow|[upkeep]\n|-heal|p1a: Calzone|76\/100|[from] item: Leftovers\n|upkeep\n|turn|8\n|\n|t:|1700327969\n|switch|p1a: Sweet Potato|Tauros-Paldea-Blaze, M|100\/100\n|-ability|p1a: Sweet Potato|Intimidate|boost\n|-unboost|p2a: Baxcalibur|atk|1\n|move|p2a: Baxcalibur|Glaive Rush|p1a: Sweet Potato\n|-damage|p1a: Sweet Potato|46\/100\n|-singlemove|p2a: Baxcalibur|Glaive Rush|[silent]\n|\n|-weather|none\n|upkeep\n|turn|9\n|\n|t:|1700327984\n|switch|p1a: Wellington|Empoleon, F|100\/100\n|move|p2a: Baxcalibur|Earthquake|p1a: Wellington\n|-supereffective|p1a: Wellington\n|-damage|p1a: Wellington|64\/100\n|\n|upkeep\n|turn|10\n|\n|t:|1700328010\n|switch|p2a: Arctozolt|Arctozolt|100\/100\n|-damage|p2a: Arctozolt|76\/100|[from] Stealth Rock\n|move|p1a: Wellington|Flash Cannon|p2a: Arctozolt\n|-damage|p2a: Arctozolt|35\/100\n|\n|-heal|p2a: Arctozolt|42\/100|[from] item: Leftovers\n|upkeep\n|turn|11\n|\n|t:|1700328026\n|switch|p1a: Gazpacho|Thundurus-Therian, M|100\/100\n|move|p2a: Arctozolt|Bolt Beak|p1a: Gazpacho\n|-immune|p1a: Gazpacho|[from] ability: Volt Absorb\n|\n|-heal|p2a: Arctozolt|48\/100|[from] item: Leftovers\n|upkeep\n|turn|12\n|\n|t:|1700328051\n|switch|p2a: Aurorus|Aurorus, F, shiny|76\/100\n|-damage|p2a: Aurorus|51\/100|[from] Stealth Rock\n|-weather|Snow|[from] ability: Snow Warning|[of] p2a: Aurorus\n|move|p1a: Gazpacho|Flash Cannon|p2a: Aurorus\n|-supereffective|p2a: Aurorus\n|-damage|p2a: Aurorus|0 fnt\n|faint|p2a: Aurorus\n|\n|-weather|Snow|[upkeep]\n|upkeep\n|\n|t:|1700328061\n|switch|p2a: Baxcalibur|Baxcalibur, F, shiny|76\/100\n|turn|13\n|\n|t:|1700328083\n|move|p1a: Gazpacho|Flash Cannon|p2a: Baxcalibur\n|-supereffective|p2a: Baxcalibur\n|-damage|p2a: Baxcalibur|0 fnt\n|faint|p2a: Baxcalibur\n|\n|-weather|Snow|[upkeep]\n|upkeep\n|\n|t:|1700328090\n|switch|p2a: Grimmsnarl|Grimmsnarl, M|100\/100\n|-damage|p2a: Grimmsnarl|88\/100|[from] Stealth Rock\n|turn|14\n|\n|t:|1700328107\n|move|p1a: Gazpacho|Flash Cannon|p2a: Grimmsnarl\n|-supereffective|p2a: Grimmsnarl\n|-damage|p2a: Grimmsnarl|0 fnt\n|faint|p2a: Grimmsnarl\n|\n|-weather|Snow|[upkeep]\n|upkeep\n|\n|t:|1700328111\n|switch|p2a: Arctozolt|Arctozolt|48\/100\n|-damage|p2a: Arctozolt|23\/100|[from] Stealth Rock\n|turn|15\n|\n|t:|1700328122\n|move|p2a: Arctozolt|Protect|p2a: Arctozolt\n|-singleturn|p2a: Arctozolt|Protect\n|move|p1a: Gazpacho|Flash Cannon|p2a: Arctozolt\n|-activate|p2a: Arctozolt|move: Protect\n|\n|-weather|Snow|[upkeep]\n|-heal|p2a: Arctozolt|29\/100|[from] item: Leftovers\n|upkeep\n|turn|16\n|\n|t:|1700328131\n|move|p2a: Arctozolt|Thunderbolt|p1a: Gazpacho\n|-immune|p1a: Gazpacho|[from] ability: Volt Absorb\n|move|p1a: Gazpacho|Flash Cannon|p2a: Arctozolt\n|-crit|p2a: Arctozolt\n|-damage|p2a: Arctozolt|0 fnt\n|faint|p2a: Arctozolt\n|\n|win|KoniKoni Krooks\n|c|\u2606KoniKoni Krooks|gg!!\n","uploadtime":1700328163,"views":21,"p1id":"konikonikrooks","p2id":"rocketandbopit","formatid":"gen9nationaldexubers","rating":0,"private":0,"password":""}