{"id":"gen9nationaldexubers-1999435810","p1":"jonasolin","p2":"psz0r","format":"[Gen 9] National Dex Ubers","log":"|j|\u2606jonasolin\n|j|\u2606psz0r\n|t:|1701080133\n|gametype|singles\n|player|p1|jonasolin|101|1000\n|player|p2|psz0r|shadowtriad|1000\n|teamsize|p1|6\n|teamsize|p2|6\n|gen|9\n|tier|[Gen 9] National Dex Ubers\n|rated|\n|rule|HP Percentage Mod: HP is shown in percentages\n|rule|Endless Battle Clause: Forcing endless battles is banned\n|rule|OHKO Clause: OHKO moves are banned\n|rule|Evasion Moves Clause: Evasion moves are banned\n|rule|Evasion Items Clause: Evasion items are banned\n|rule|Species Clause: Limit one of each Pok\u00e9mon\n|rule|Sleep Clause Mod: Limit one foe put to sleep\n|rule|Mega Rayquaza Clause: You cannot mega evolve Rayquaza\n|clearpoke\n|poke|p1|Dipplin, M|\n|poke|p1|Furret, M|\n|poke|p1|Gliscor, M|\n|poke|p1|Iron Bundle|\n|poke|p1|Lucario, M|\n|poke|p1|Sylveon, M|\n|poke|p2|Ceruledge, F|\n|poke|p2|Greninja-*, F|\n|poke|p2|Amoonguss, F|\n|poke|p2|Kingambit, F|\n|poke|p2|Garganacl, F|\n|poke|p2|Xurkitree|\n|teampreview\n|\n|t:|1701080142\n|start\n|switch|p1a: Dippy|Dipplin, M, shiny|100\/100\n|switch|p2a: Ceruledge|Ceruledge, F|100\/100\n|-ability|p1a: Dippy|Supersweet Syrup\n|-ability|p1a: Dippy|Supersweet Syrup|boost\n|-unboost|p2a: Ceruledge|evasion|1\n|turn|1\n|\n|t:|1701080155\n|switch|p1a: Gliscor|Gliscor, M, shiny|100\/100\n|move|p2a: Ceruledge|Bitter Blade|p1a: Gliscor\n|-damage|p1a: Gliscor|58\/100\n|\n|upkeep\n|turn|2\n|\n|t:|1701080163\n|move|p1a: Gliscor|Earthquake|p2a: Ceruledge\n|-supereffective|p2a: Ceruledge\n|-damage|p2a: Ceruledge|0 fnt\n|faint|p2a: Ceruledge\n|\n|upkeep\n|\n|t:|1701080170\n|switch|p2a: Greninja|Greninja, F|100\/100\n|turn|3\n|\n|t:|1701080177\n|switch|p1a: Dippy|Dipplin, M, shiny|100\/100\n|move|p2a: Greninja|Water Shuriken|p1a: Dippy\n|-start|p2a: Greninja|typechange|Water|[from] ability: Protean\n|-resisted|p1a: Dippy\n|-damage|p1a: Dippy|99\/100\n|-resisted|p1a: Dippy\n|-damage|p1a: Dippy|97\/100\n|-resisted|p1a: Dippy\n|-damage|p1a: Dippy|95\/100\n|-resisted|p1a: Dippy\n|-damage|p1a: Dippy|93\/100\n|-hitcount|p1a: Dippy|4\n|\n|upkeep\n|turn|4\n|\n|t:|1701080193\n|move|p2a: Greninja|Blizzard|p1a: Dippy|[miss]\n|-miss|p2a: Greninja|p1a: Dippy\n|move|p1a: Dippy|Syrup Bomb|p2a: Greninja\n|-supereffective|p2a: Greninja\n|-damage|p2a: Greninja|32\/100\n|-start|p2a: Greninja|Syrup Bomb\n|\n|-unboost|p2a: Greninja|spe|1\n|upkeep\n|turn|5\n|\n|t:|1701080207\n|switch|p2a: Amoonguss|Amoonguss, F|100\/100\n|move|p1a: Dippy|Bullet Seed|p2a: Amoonguss\n|-resisted|p2a: Amoonguss\n|-damage|p2a: Amoonguss|98\/100\n|-resisted|p2a: Amoonguss\n|-damage|p2a: Amoonguss|96\/100\n|-resisted|p2a: Amoonguss\n|-damage|p2a: Amoonguss|94\/100\n|-resisted|p2a: Amoonguss\n|-damage|p2a: Amoonguss|92\/100\n|-hitcount|p2a: Amoonguss|4\n|\n|-heal|p2a: Amoonguss|98\/100|[from] item: Leftovers\n|upkeep\n|turn|6\n|\n|t:|1701080224\n|switch|p1a: Gliscor|Gliscor, M, shiny|58\/100\n|move|p2a: Amoonguss|Toxic|p1a: Gliscor\n|-status|p1a: Gliscor|tox\n|\n|-heal|p2a: Amoonguss|100\/100|[from] item: Leftovers\n|-damage|p1a: Gliscor|52\/100 tox|[from] psn\n|upkeep\n|turn|7\n|\n|t:|1701080235\n|move|p2a: Amoonguss|Protect|p2a: Amoonguss\n|-singleturn|p2a: Amoonguss|Protect\n|move|p1a: Gliscor|Acrobatics|p2a: Amoonguss\n|-activate|p2a: Amoonguss|move: Protect\n|\n|-damage|p1a: Gliscor|40\/100 tox|[from] psn\n|upkeep\n|turn|8\n|\n|t:|1701080250\n|switch|p2a: Xurkitree|Xurkitree|100\/100\n|move|p1a: Gliscor|Acrobatics|p2a: Xurkitree\n|-resisted|p2a: Xurkitree\n|-damage|p2a: Xurkitree|67\/100\n|\n|-damage|p1a: Gliscor|21\/100 tox|[from] psn\n|upkeep\n|turn|9\n|\n|t:|1701080266\n|move|p1a: Gliscor|Earthquake|p2a: Xurkitree\n|-supereffective|p2a: Xurkitree\n|-damage|p2a: Xurkitree|0 fnt\n|faint|p2a: Xurkitree\n|\n|-damage|p1a: Gliscor|0 fnt|[from] psn\n|faint|p1a: Gliscor\n|upkeep\n|\n|t:|1701080276\n|switch|p1a: Dippy|Dipplin, M, shiny|93\/100\n|switch|p2a: Greninja|Greninja, F|32\/100\n|turn|10\n|\n|t:|1701080284\n|move|p2a: Greninja|Blizzard|p1a: Dippy|[miss]\n|-start|p2a: Greninja|typechange|Ice|[from] ability: Protean\n|-miss|p2a: Greninja|p1a: Dippy\n|move|p1a: Dippy|Bullet Seed|p2a: Greninja\n|-damage|p2a: Greninja|19\/100\n|-damage|p2a: Greninja|5\/100\n|-damage|p2a: Greninja|0 fnt\n|faint|p2a: Greninja\n|-hitcount|p2: Greninja|3\n|\n|upkeep\n|\n|t:|1701080302\n|switch|p2a: Amoonguss|Amoonguss, F|100\/100\n|turn|11\n|\n|t:|1701080309\n|switch|p1a: Lucario|Lucario, M, shiny|100\/100\n|move|p2a: Amoonguss|Toxic|p1a: Lucario\n|-immune|p1a: Lucario\n|\n|upkeep\n|turn|12\n|\n|t:|1701080317\n|move|p2a: Amoonguss|Protect|p2a: Amoonguss\n|-singleturn|p2a: Amoonguss|Protect\n|move|p1a: Lucario|Swords Dance|p1a: Lucario\n|-boost|p1a: Lucario|atk|2\n|\n|upkeep\n|turn|13\n|\n|t:|1701080328\n|move|p1a: Lucario|Swords Dance|p1a: Lucario\n|-boost|p1a: Lucario|atk|2\n|move|p2a: Amoonguss|Bullet Seed|p1a: Lucario\n|-resisted|p1a: Lucario\n|-damage|p1a: Lucario|94\/100\n|-resisted|p1a: Lucario\n|-damage|p1a: Lucario|88\/100\n|-resisted|p1a: Lucario\n|-damage|p1a: Lucario|82\/100\n|-hitcount|p1a: Lucario|3\n|\n|upkeep\n|turn|14\n|\n|t:|1701080339\n|switch|p2a: Garganacl|Garganacl, F|100\/100\n|move|p1a: Lucario|Swords Dance|p1a: Lucario\n|-boost|p1a: Lucario|atk|2\n|\n|upkeep\n|turn|15\n|\n|t:|1701080347\n|-terastallize|p1a: Lucario|Fighting\n|move|p1a: Lucario|Drain Punch|p2a: Garganacl\n|-supereffective|p2a: Garganacl\n|-damage|p2a: Garganacl|0 fnt\n|-heal|p1a: Lucario|100\/100|[from] drain|[of] p2a: Garganacl\n|faint|p2a: Garganacl\n|\n|upkeep\n|\n|t:|1701080357\n|switch|p2a: Amoonguss|Amoonguss, F|100\/100\n|turn|16\n|\n|t:|1701080364\n|move|p1a: Lucario|Drain Punch|p2a: Amoonguss\n|-resisted|p2a: Amoonguss\n|-damage|p2a: Amoonguss|0 fnt\n|-status|p1a: Lucario|par|[from] ability: Effect Spore|[of] p2a: Amoonguss\n|faint|p2a: Amoonguss\n|\n|upkeep\n|\n|t:|1701080372\n|switch|p2a: Kingambit|Kingambit, F|100\/100\n|-activate|p2a: Kingambit|ability: Supreme Overlord\n|-start|p2a: Kingambit|fallen5|[silent]\n|turn|17\n|\n|t:|1701080398\n|move|p2a: Kingambit|Iron Head|p1a: Lucario\n|-damage|p1a: Lucario|4\/100 par\n|-damage|p2a: Kingambit|84\/100|[from] item: Rocky Helmet|[of] p1a: Lucario\n|move|p1a: Lucario|Drain Punch|p2a: Kingambit\n|-supereffective|p2a: Kingambit\n|-damage|p2a: Kingambit|0 fnt\n|-heal|p1a: Lucario|59\/100 par|[from] drain|[of] p2a: Kingambit\n|faint|p2a: Kingambit\n|-end|p2a: Kingambit|fallen5|[silent]\n|\n|win|jonasolin\n|raw|jonasolin's rating: 1000 &rarr; <strong>1040<\/strong><br \/>(+40 for winning)\n|raw|psz0r's rating: 1000 &rarr; <strong>1000<\/strong><br \/>(+0 for losing)\n","uploadtime":1701080408,"views":10,"p1id":"jonasolin","p2id":"psz0r","formatid":"gen9nationaldexubers","rating":1000,"private":0,"password":""}