{"id":"gen9nationaldexubers-1980248786","p1":"Certified E Kitten","p2":"Incredible Gassy","format":"[Gen 9] National Dex Ubers","log":"|j|\u2606Certified E Kitten\n|j|\u2606Incredible Gassy\n|t:|1698769518\n|gametype|singles\n|player|p1|Certified E Kitten|wallace|1419\n|player|p2|Incredible Gassy|bugcatcher-gen2|1693\n|teamsize|p1|6\n|teamsize|p2|6\n|gen|9\n|tier|[Gen 9] National Dex Ubers\n|rated|\n|rule|HP Percentage Mod: HP is shown in percentages\n|rule|Endless Battle Clause: Forcing endless battles is banned\n|rule|OHKO Clause: OHKO moves are banned\n|rule|Evasion Moves Clause: Evasion moves are banned\n|rule|Evasion Items Clause: Evasion items are banned\n|rule|Species Clause: Limit one of each Pok\u00e9mon\n|rule|Sleep Clause Mod: Limit one foe put to sleep\n|rule|Mega Rayquaza Clause: You cannot mega evolve Rayquaza\n|clearpoke\n|poke|p1|Urshifu-*, M|\n|poke|p1|Salamence, M|\n|poke|p1|Ceruledge, F|\n|poke|p1|Volcarona, M|\n|poke|p1|Calyrex-Ice|\n|poke|p1|Necrozma-Dusk-Mane|\n|poke|p2|Sandy Shocks|\n|poke|p2|Groudon|\n|poke|p2|Gholdengo|\n|poke|p2|Ho-Oh|\n|poke|p2|Marshadow|\n|poke|p2|Eternatus|\n|teampreview\n|inactive|Battle timer is ON: inactive players will automatically lose when time's up. (requested by Incredible Gassy)\n|inactive|Certified E Kitten also wants the timer to be on.\n|\n|t:|1698769524\n|start\n|switch|p1a: Undead Wrath|Ceruledge, F|100\/100\n|switch|p2a: NDU needs a hero|Sandy Shocks|100\/100\n|turn|1\n|\n|t:|1698769527\n|move|p2a: NDU needs a hero|Earth Power|p1a: Undead Wrath\n|-supereffective|p1a: Undead Wrath\n|-enditem|p1a: Undead Wrath|Focus Sash\n|-damage|p1a: Undead Wrath|1\/100\n|move|p1a: Undead Wrath|Bitter Blade|p2a: NDU needs a hero\n|-damage|p2a: NDU needs a hero|46\/100\n|-heal|p1a: Undead Wrath|30\/100|[from] drain|[of] p2a: NDU needs a hero\n|\n|upkeep\n|turn|2\n|\n|t:|1698769530\n|switch|p1a: The Storm|Salamence, M|100\/100\n|-ability|p1a: The Storm|Intimidate|boost\n|-unboost|p2a: NDU needs a hero|atk|1\n|move|p2a: NDU needs a hero|Earth Power|p1a: The Storm\n|-immune|p1a: The Storm\n|\n|upkeep\n|turn|3\n|\n|t:|1698769535\n|move|p2a: NDU needs a hero|Thunder Wave|p1a: The Storm\n|-status|p1a: The Storm|par\n|move|p1a: The Storm|Dragon Dance|p1a: The Storm\n|-boost|p1a: The Storm|atk|1\n|-boost|p1a: The Storm|spe|1\n|\n|upkeep\n|turn|4\n|\n|t:|1698769538\n|move|p2a: NDU needs a hero|Stealth Rock|p1a: The Storm\n|-sidestart|p1: Certified E Kitten|move: Stealth Rock\n|move|p1a: The Storm|Dragon Dance|p1a: The Storm\n|-boost|p1a: The Storm|atk|1\n|-boost|p1a: The Storm|spe|1\n|\n|upkeep\n|turn|5\n|\n|t:|1698769541\n|-end|p2a: NDU needs a hero|Protosynthesis|[silent]\n|switch|p2a: coffee beans|Groudon, shiny|100\/100\n|detailschange|p2a: coffee beans|Groudon-Primal, shiny\n|-primal|p2a: coffee beans|Red Orb\n|-weather|DesolateLand|[from] ability: Desolate Land|[of] p2a: coffee beans\n|detailschange|p1a: The Storm|Salamence-Mega, M\n|-mega|p1a: The Storm|Salamence|Salamencite\n|move|p1a: The Storm|Dragon Dance|p1a: The Storm\n|-boost|p1a: The Storm|atk|1\n|-boost|p1a: The Storm|spe|1\n|\n|-weather|DesolateLand|[upkeep]\n|upkeep\n|turn|6\n|\n|t:|1698769543\n|move|p1a: The Storm|Earthquake|p2a: coffee beans\n|-supereffective|p2a: coffee beans\n|-damage|p2a: coffee beans|3\/100\n|move|p2a: coffee beans|Rock Tomb|p1a: The Storm\n|-supereffective|p1a: The Storm\n|-damage|p1a: The Storm|62\/100 par\n|-unboost|p1a: The Storm|spe|1\n|\n|-weather|DesolateLand|[upkeep]\n|upkeep\n|turn|7\n|\n|t:|1698769551\n|-weather|none\n|switch|p2a: milk on yo face|Gholdengo|100\/100\n|-item|p2a: milk on yo face|Air Balloon\n|move|p1a: The Storm|Frustration|p2a: milk on yo face\n|-resisted|p2a: milk on yo face\n|-damage|p2a: milk on yo face|15\/100\n|-enditem|p2a: milk on yo face|Air Balloon\n|\n|upkeep\n|turn|8\n|\n|t:|1698769555\n|move|p1a: The Storm|Earthquake|p2a: milk on yo face\n|-supereffective|p2a: milk on yo face\n|-damage|p2a: milk on yo face|0 fnt\n|faint|p2a: milk on yo face\n|\n|upkeep\n|\n|t:|1698769556\n|switch|p2a: GOOBED!|Marshadow|100\/100\n|turn|9\n|\n|t:|1698769560\n|switch|p1a: Vencit|Volcarona, M|100\/100\n|move|p2a: GOOBED!|Poltergeist|p1a: Vencit\n|-activate|p1a: Vencit|move: Poltergeist|Heavy-Duty Boots\n|-damage|p1a: Vencit|0 fnt\n|faint|p1a: Vencit\n|\n|upkeep\n|\n|t:|1698769564\n|switch|p1a: Undead Wrath|Ceruledge, F|30\/100\n|-damage|p1a: Undead Wrath|5\/100|[from] Stealth Rock\n|turn|10\n|\n|t:|1698769568\n|switch|p2a: coffee beans|Groudon-Primal, shiny|3\/100\n|-weather|DesolateLand|[from] ability: Desolate Land|[of] p2a: coffee beans\n|move|p1a: Undead Wrath|Shadow Sneak|p2a: coffee beans\n|-damage|p2a: coffee beans|0 fnt\n|faint|p2a: coffee beans\n|-weather|none\n|\n|upkeep\n|\n|t:|1698769569\n|switch|p2a: NDU needs a hero|Sandy Shocks|46\/100\n|turn|11\n|\n|t:|1698769578\n|move|p1a: Undead Wrath|Shadow Sneak|p2a: NDU needs a hero\n|-damage|p2a: NDU needs a hero|22\/100\n|move|p2a: NDU needs a hero|Earth Power|p1a: Undead Wrath\n|-supereffective|p1a: Undead Wrath\n|-damage|p1a: Undead Wrath|0 fnt\n|faint|p1a: Undead Wrath\n|\n|upkeep\n|\n|t:|1698769595\n|switch|p1a: The Storm|Salamence-Mega, M|62\/100 par\n|-damage|p1a: The Storm|37\/100 par|[from] Stealth Rock\n|turn|12\n|\n|t:|1698769599\n|-end|p2a: NDU needs a hero|Protosynthesis|[silent]\n|switch|p2a: el perro|Eternatus|100\/100\n|-ability|p2a: el perro|Pressure\n|cant|p1a: The Storm|par\n|\n|upkeep\n|turn|13\n|\n|t:|1698769604\n|move|p2a: el perro|Meteor Beam||[still]\n|-prepare|p2a: el perro|Meteor Beam\n|-boost|p2a: el perro|spa|1\n|-enditem|p2a: el perro|Power Herb\n|-anim|p2a: el perro|Meteor Beam|p1a: The Storm\n|-supereffective|p1a: The Storm\n|-damage|p1a: The Storm|0 fnt\n|faint|p1a: The Storm\n|\n|upkeep\n|\n|t:|1698769611\n|switch|p1a: BIG SHOT|Necrozma-Dusk-Mane|100\/100\n|-damage|p1a: BIG SHOT|95\/100|[from] Stealth Rock\n|turn|14\n|\n|t:|1698769615\n|-terastallize|p2a: el perro|Fire\n|move|p2a: el perro|Flamethrower|p1a: BIG SHOT\n|-supereffective|p1a: BIG SHOT\n|-damage|p1a: BIG SHOT|0 fnt\n|faint|p1a: BIG SHOT\n|\n|upkeep\n|\n|t:|1698769619\n|switch|p1a: Bloody Shadow|Urshifu, M|100\/100\n|-damage|p1a: Bloody Shadow|94\/100|[from] Stealth Rock\n|turn|15\n|\n|t:|1698769621\n|move|p2a: el perro|Flamethrower|p1a: Bloody Shadow\n|-damage|p1a: Bloody Shadow|0 fnt\n|faint|p1a: Bloody Shadow\n|\n|upkeep\n|\n|t:|1698769625\n|switch|p1a: Chilly Demise|Calyrex-Ice|100\/100\n|-ability|p1a: Chilly Demise|As One\n|-ability|p1a: Chilly Demise|Unnerve\n|-damage|p1a: Chilly Demise|76\/100|[from] Stealth Rock\n|turn|16\n|\n|t:|1698769627\n|-terastallize|p1a: Chilly Demise|Psychic\n|move|p2a: el perro|Flamethrower|p1a: Chilly Demise\n|-damage|p1a: Chilly Demise|18\/100\n|-status|p1a: Chilly Demise|brn\n|move|p1a: Chilly Demise|Trick Room|p1a: Chilly Demise\n|-fieldstart|move: Trick Room|[of] p1a: Chilly Demise\n|\n|-heal|p1a: Chilly Demise|24\/100 brn|[from] item: Leftovers\n|-damage|p1a: Chilly Demise|18\/100 brn|[from] brn\n|upkeep\n|turn|17\n|-message|Certified E Kitten forfeited.\n|\n|win|Incredible Gassy\n|raw|Certified E Kitten's rating: 1419 &rarr; <strong>1412<\/strong><br \/>(-7 for losing)\n|raw|Incredible Gassy's rating: 1693 &rarr; <strong>1700<\/strong><br \/>(+7 for winning)\n|c|\u2606Incredible Gassy|LOL\n|l|\u2606Certified E Kitten\n","uploadtime":1698769685,"views":14,"p1id":"certifiedekitten","p2id":"incrediblegassy","formatid":"gen9nationaldexubers","rating":1412,"private":0,"password":""}