{"id":"gen9nationaldexubers-1979439509","p1":"Billy Articuno28","p2":"Dynasty Brothers","format":"[Gen 9] National Dex Ubers","log":"|j|\u2606Billy Articuno28\n|j|\u2606Dynasty Brothers\n|t:|1698682808\n|gametype|singles\n|player|p1|Billy Articuno28|unknown|1086\n|player|p2|Dynasty Brothers|ninjaboy|1182\n|teamsize|p1|6\n|teamsize|p2|6\n|gen|9\n|tier|[Gen 9] National Dex Ubers\n|rated|\n|rule|HP Percentage Mod: HP is shown in percentages\n|rule|Endless Battle Clause: Forcing endless battles is banned\n|rule|OHKO Clause: OHKO moves are banned\n|rule|Evasion Moves Clause: Evasion moves are banned\n|rule|Evasion Items Clause: Evasion items are banned\n|rule|Species Clause: Limit one of each Pok\u00e9mon\n|rule|Sleep Clause Mod: Limit one foe put to sleep\n|rule|Mega Rayquaza Clause: You cannot mega evolve Rayquaza\n|clearpoke\n|poke|p1|Galvantula, F|\n|poke|p1|Marshadow|\n|poke|p1|Smeargle, F|\n|poke|p1|Necrozma-Dusk-Mane|\n|poke|p1|Zacian-*|\n|poke|p1|Shaymin-Sky|\n|poke|p2|Azumarill, F|\n|poke|p2|Swampert, M|\n|poke|p2|Arceus-Fire|\n|poke|p2|Iron Leaves|\n|poke|p2|Gengar, F|\n|poke|p2|Marshadow|\n|teampreview\n|\n|t:|1698682815\n|start\n|switch|p1a: gohma|Galvantula, F, shiny|100\/100\n|switch|p2a: Swampert|Swampert, M|100\/100\n|turn|1\n|\n|t:|1698682824\n|move|p1a: gohma|Sticky Web|p2a: Swampert\n|-sidestart|p2: Dynasty Brothers|move: Sticky Web\n|move|p2a: Swampert|Earthquake|p1a: gohma\n|-damage|p1a: gohma|14\/100\n|\n|upkeep\n|turn|2\n|\n|t:|1698682834\n|move|p1a: gohma|Bug Buzz|p2a: Swampert\n|-damage|p2a: Swampert|59\/100\n|move|p2a: Swampert|Flip Turn|p1a: gohma\n|-damage|p1a: gohma|0 fnt\n|faint|p1a: gohma\n|\n|t:|1698682848\n|switch|p2a: Gengar|Gengar, F|100\/100|[from] Flip Turn\n|-activate|p2a: Gengar|move: Sticky Web\n|-unboost|p2a: Gengar|spe|1\n|\n|upkeep\n|c|\u2606Dynasty Brothers|meowwwwwwwww\\\n|n|!Dynasty Brothers|dynastybrothers\n|\n|t:|1698682873\n|switch|p1a: korok|Smeargle, F|100\/100\n|turn|3\n|\n|t:|1698682889\n|move|p1a: korok|Spore|p2a: Gengar\n|-status|p2a: Gengar|slp|[from] move: Spore\n|cant|p2a: Gengar|slp\n|\n|-ability|p1a: korok|Moody|boost\n|-boost|p1a: korok|def|2\n|-unboost|p1a: korok|spd|1\n|upkeep\n|turn|4\n|\n|t:|1698682898\n|move|p1a: korok|Substitute|p1a: korok\n|-start|p1a: korok|Substitute\n|-damage|p1a: korok|76\/100\n|-curestatus|p2a: Gengar|slp|[msg]\n|move|p2a: Gengar|Will-O-Wisp||[still]\n|-fail|p2a: Gengar\n|\n|-heal|p1a: korok|82\/100|[from] item: Leftovers\n|-ability|p1a: korok|Moody|boost\n|-boost|p1a: korok|atk|2\n|-unboost|p1a: korok|def|1\n|upkeep\n|turn|5\n|\n|t:|1698682910\n|move|p1a: korok|Spore|p2a: Gengar\n|-status|p2a: Gengar|slp|[from] move: Spore\n|cant|p2a: Gengar|slp\n|\n|-heal|p1a: korok|88\/100|[from] item: Leftovers\n|-ability|p1a: korok|Moody|boost\n|-boost|p1a: korok|spd|2\n|-unboost|p1a: korok|spe|1\n|upkeep\n|turn|6\n|\n|t:|1698682921\n|move|p1a: korok|Spiky Shield|p1a: korok\n|-singleturn|p1a: korok|move: Protect\n|cant|p2a: Gengar|slp\n|\n|-heal|p1a: korok|94\/100|[from] item: Leftovers\n|-ability|p1a: korok|Moody|boost\n|-boost|p1a: korok|atk|2\n|-unboost|p1a: korok|def|1\n|upkeep\n|turn|7\n|\n|t:|1698682930\n|cant|p2a: Gengar|slp\n|move|p1a: korok|Substitute|p1a: korok\n|-fail|p1a: korok|move: Substitute\n|\n|-heal|p1a: korok|99\/100|[from] item: Leftovers\n|-ability|p1a: korok|Moody|boost\n|-boost|p1a: korok|spe|2\n|-unboost|p1a: korok|atk|1\n|upkeep\n|turn|8\n|\n|t:|1698682940\n|-terastallize|p1a: korok|Dark\n|move|p1a: korok|Power Trip|p2a: Gengar\n|-supereffective|p2a: Gengar\n|-damage|p2a: Gengar|0 fnt\n|faint|p2a: Gengar\n|\n|-heal|p1a: korok|100\/100|[from] item: Leftovers\n|-ability|p1a: korok|Moody|boost\n|-boost|p1a: korok|def|2\n|-unboost|p1a: korok|spe|1\n|upkeep\n|l|!Dynasty Brothers\n|player|p2|\n|j|!Dynasty Brothers\n|player|p2|Dynasty Brothers|ninjaboy\n|inactive|Battle timer is ON: inactive players will automatically lose when time's up. (requested by Billy Articuno28)\n|\n|t:|1698682974\n|switch|p2a: Marshadow|Marshadow|100\/100\n|-activate|p2a: Marshadow|move: Sticky Web\n|-unboost|p2a: Marshadow|spe|1\n|turn|9\n|\n|t:|1698682994\n|move|p2a: Marshadow|Shadow Sneak|p1a: korok\n|-resisted|p1a: korok\n|-end|p1a: korok|Substitute\n|move|p1a: korok|Spore|p2a: Marshadow\n|-status|p2a: Marshadow|slp|[from] move: Spore\n|\n|-ability|p1a: korok|Moody|boost\n|-boost|p1a: korok|spa|2\n|-unboost|p1a: korok|spe|1\n|upkeep\n|turn|10\n|\n|t:|1698683005\n|switch|p2a: Iron Leaves|Iron Leaves|100\/100\n|-activate|p2a: Iron Leaves|move: Sticky Web\n|-unboost|p2a: Iron Leaves|spe|1\n|move|p1a: korok|Substitute|p1a: korok\n|-start|p1a: korok|Substitute\n|-damage|p1a: korok|76\/100\n|\n|-heal|p1a: korok|82\/100|[from] item: Leftovers\n|-ability|p1a: korok|Moody|boost\n|-boost|p1a: korok|spe|2\n|-unboost|p1a: korok|def|1\n|upkeep\n|turn|11\n|\n|t:|1698683027\n|move|p1a: korok|Power Trip|p2a: Iron Leaves\n|-supereffective|p2a: Iron Leaves\n|-crit|p2a: Iron Leaves\n|-damage|p2a: Iron Leaves|0 fnt\n|faint|p2a: Iron Leaves\n|-end|p2a: Iron Leaves|Quark Drive|[silent]\n|\n|-heal|p1a: korok|88\/100|[from] item: Leftovers\n|-ability|p1a: korok|Moody|boost\n|-boost|p1a: korok|spe|2\n|-unboost|p1a: korok|spa|1\n|upkeep\n|inactive|Dynasty Brothers has 120 seconds left.\n|-message|Dynasty Brothers forfeited.\n|\n|win|Billy Articuno28\n|raw|Billy Articuno28's rating: 1086 &rarr; <strong>1120<\/strong><br \/>(+34 for winning)\n|raw|Dynasty Brothers's rating: 1182 &rarr; <strong>1150<\/strong><br \/>(-32 for losing)\n","uploadtime":1698682872,"views":5,"p1id":"billyarticuno28","p2id":"dynastybrothers","formatid":"gen9nationaldexubers","rating":1120,"private":0,"password":""}