{"id":"gen9nationaldexubers-1997331284","p1":"Ash Ketchum344","p2":"MayconD","format":"[Gen 9] National Dex Ubers","log":"|j|\u2606Ash Ketchum344\n|j|\u2606MayconD\n|t:|1700790367\n|gametype|singles\n|player|p1|Ash Ketchum344|lucas-gen4pt|1101\n|player|p2|MayconD|steven|1000\n|teamsize|p1|6\n|teamsize|p2|6\n|gen|9\n|tier|[Gen 9] National Dex Ubers\n|rated|\n|rule|HP Percentage Mod: HP is shown in percentages\n|rule|Endless Battle Clause: Forcing endless battles is banned\n|rule|OHKO Clause: OHKO moves are banned\n|rule|Evasion Moves Clause: Evasion moves are banned\n|rule|Evasion Items Clause: Evasion items are banned\n|rule|Species Clause: Limit one of each Pok\u00e9mon\n|rule|Sleep Clause Mod: Limit one foe put to sleep\n|rule|Mega Rayquaza Clause: You cannot mega evolve Rayquaza\n|clearpoke\n|poke|p1|Lucario, M|\n|poke|p1|Dragonite, F|\n|poke|p1|Dracovish|\n|poke|p1|Gengar, M|\n|poke|p1|Sirfetch\u2019d, M|\n|poke|p1|Pikachu-Partner, M|\n|poke|p2|Annihilape, M|\n|poke|p2|Urshifu-*, M|\n|poke|p2|Marshadow|\n|poke|p2|Sirfetch\u2019d, M|\n|poke|p2|Passimian, M|\n|poke|p2|Lilligant-Hisui, F|\n|teampreview\n|\n|t:|1700790377\n|start\n|switch|p1a: Pikachu|Pikachu-Partner, M|100\/100\n|switch|p2a: Sirfetch\u2019d|Sirfetch\u2019d, M|100\/100\n|turn|1\n|\n|t:|1700790386\n|move|p1a: Pikachu|Fake Out|p2a: Sirfetch\u2019d\n|-damage|p2a: Sirfetch\u2019d|93\/100\n|cant|p2a: Sirfetch\u2019d|flinch\n|\n|upkeep\n|turn|2\n|\n|t:|1700790394\n|-zpower|p1a: Pikachu\n|move|p1a: Pikachu|10,000,000 Volt Thunderbolt|p2a: Sirfetch\u2019d|[zeffect]\n|-damage|p2a: Sirfetch\u2019d|5\/100\n|move|p2a: Sirfetch\u2019d|Swords Dance|p2a: Sirfetch\u2019d\n|-boost|p2a: Sirfetch\u2019d|atk|2\n|\n|upkeep\n|turn|3\n|\n|t:|1700790404\n|move|p1a: Pikachu|Quick Attack|p2a: Sirfetch\u2019d\n|-damage|p2a: Sirfetch\u2019d|0 fnt\n|faint|p2a: Sirfetch\u2019d\n|\n|upkeep\n|\n|t:|1700790411\n|switch|p2a: Passimian|Passimian, M|100\/100\n|turn|4\n|\n|t:|1700790417\n|move|p2a: Passimian|Earthquake|p1a: Pikachu\n|-supereffective|p1a: Pikachu\n|-damage|p1a: Pikachu|0 fnt\n|faint|p1a: Pikachu\n|\n|upkeep\n|\n|t:|1700790425\n|switch|p1a: Dragonite|Dragonite, F|100\/100\n|turn|5\n|\n|t:|1700790438\n|switch|p2a: Annihilape|Annihilape, M|100\/100\n|move|p1a: Dragonite|Dragon Dance|p1a: Dragonite\n|-boost|p1a: Dragonite|atk|1\n|-boost|p1a: Dragonite|spe|1\n|\n|upkeep\n|turn|6\n|inactive|Battle timer is ON: inactive players will automatically lose when time's up. (requested by Ash Ketchum344)\n|\n|t:|1700790446\n|move|p2a: Annihilape|Bulk Up|p2a: Annihilape\n|-boost|p2a: Annihilape|atk|1\n|-boost|p2a: Annihilape|def|1\n|move|p1a: Dragonite|Dragon Rush|p2a: Annihilape\n|-damage|p2a: Annihilape|36\/100\n|\n|upkeep\n|turn|7\n|\n|t:|1700790454\n|move|p2a: Annihilape|Rage Fist|p1a: Dragonite\n|-damage|p1a: Dragonite|63\/100\n|move|p1a: Dragonite|Dragon Rush|p2a: Annihilape\n|-damage|p2a: Annihilape|0 fnt\n|faint|p2a: Annihilape\n|\n|upkeep\n|\n|t:|1700790463\n|switch|p2a: Passimian|Passimian, M|100\/100\n|turn|8\n|\n|t:|1700790467\n|move|p2a: Passimian|Knock Off|p1a: Dragonite\n|-damage|p1a: Dragonite|30\/100\n|-enditem|p1a: Dragonite|Heavy-Duty Boots|[from] move: Knock Off|[of] p2a: Passimian\n|move|p1a: Dragonite|Dragon Rush|p2a: Passimian\n|-crit|p2a: Passimian\n|-damage|p2a: Passimian|0 fnt\n|faint|p2a: Passimian\n|\n|upkeep\n|\n|t:|1700790476\n|switch|p2a: Lilligant|Lilligant-Hisui, F|100\/100\n|turn|9\n|\n|t:|1700790482\n|move|p1a: Dragonite|Extreme Speed|p2a: Lilligant\n|-damage|p2a: Lilligant|34\/100\n|move|p2a: Lilligant|Victory Dance|p2a: Lilligant\n|-boost|p2a: Lilligant|atk|1\n|-boost|p2a: Lilligant|def|1\n|-boost|p2a: Lilligant|spe|1\n|\n|upkeep\n|turn|10\n|\n|t:|1700790490\n|move|p1a: Dragonite|Extreme Speed|p2a: Lilligant\n|-damage|p2a: Lilligant|0 fnt\n|faint|p2a: Lilligant\n|\n|upkeep\n|inactive|MayconD has 120 seconds left.\n|inactive|MayconD has 90 seconds left.\n|inactive|MayconD has 60 seconds left.\n|inactive|MayconD has 30 seconds left.\n|inactive|MayconD has 20 seconds left.\n|inactive|MayconD has 15 seconds left.\n|inactive|MayconD has 10 seconds left.\n|inactive|MayconD has 5 seconds left.\n|-message|MayconD lost due to inactivity.\n|\n|win|Ash Ketchum344\n|raw|Ash Ketchum344's rating: 1101 &rarr; <strong>1119<\/strong><br \/>(+18 for winning)\n|raw|MayconD's rating: 1000 &rarr; <strong>1000<\/strong><br \/>(+0 for losing)\n","uploadtime":1700790644,"views":4,"p1id":"ashketchum344","p2id":"maycond","formatid":"gen9nationaldexubers","rating":1000,"private":0,"password":""}