{"id":"gen9nationaldexubers-1978806897","p1":"Gangster Samurott","p2":"YveltalNL","format":"[Gen 9] National Dex Ubers","log":"|j|\u2606Gangster Samurott\n|j|\u2606YveltalNL\n|t:|1698597552\n|gametype|singles\n|player|p1|Gangster Samurott|brycenman|\n|player|p2|YveltalNL|#yveltalnl|\n|teamsize|p1|6\n|teamsize|p2|6\n|gen|9\n|tier|[Gen 9] National Dex Ubers\n|rule|HP Percentage Mod: HP is shown in percentages\n|rule|Endless Battle Clause: Forcing endless battles is banned\n|rule|OHKO Clause: OHKO moves are banned\n|rule|Evasion Moves Clause: Evasion moves are banned\n|rule|Evasion Items Clause: Evasion items are banned\n|rule|Species Clause: Limit one of each Pok\u00e9mon\n|rule|Sleep Clause Mod: Limit one foe put to sleep\n|rule|Mega Rayquaza Clause: You cannot mega evolve Rayquaza\n|clearpoke\n|poke|p1|Celesteela|\n|poke|p1|Roaring Moon|\n|poke|p1|Flutter Mane|\n|poke|p1|Great Tusk|\n|poke|p1|Sandy Shocks|\n|poke|p1|Slither Wing|\n|poke|p2|Naganadel|\n|poke|p2|Flutter Mane|\n|poke|p2|Iron Hands|\n|poke|p2|Iron Valiant|\n|poke|p2|Kartana|\n|poke|p2|Roaring Moon|\n|teampreview\n|c|\u2606Gangster Samurott|glhf\n|c|\u2606YveltalNL|hf\n|j| Gymlead11b\n|j| xander073\n|\n|t:|1698597634\n|start\n|switch|p1a: InfernalShocks|Sandy Shocks|100\/100\n|switch|p2a: Naganadel|Naganadel|100\/100\n|turn|1\n|j| groteneus\n|\n|t:|1698597648\n|move|p2a: Naganadel|Toxic Spikes|p1a: InfernalShocks\n|-sidestart|p1: Gangster Samurott|move: Toxic Spikes\n|move|p1a: InfernalShocks|Thunder Wave|p2a: Naganadel\n|-status|p2a: Naganadel|par\n|\n|upkeep\n|turn|2\n|c| groteneus|winnaar krijgt shine mask\n|\n|t:|1698597658\n|move|p1a: InfernalShocks|Spikes|p2a: Naganadel\n|-sidestart|p2: YveltalNL|Spikes\n|cant|p2a: Naganadel|par\n|\n|upkeep\n|turn|3\n|\n|t:|1698597662\n|move|p1a: InfernalShocks|Earth Power|p2a: Naganadel\n|-supereffective|p2a: Naganadel\n|-enditem|p2a: Naganadel|Focus Sash\n|-damage|p2a: Naganadel|1\/100 par\n|cant|p2a: Naganadel|par\n|\n|upkeep\n|turn|4\n|c|\u2606YveltalNL|bruh\n|\n|t:|1698597673\n|move|p1a: InfernalShocks|Earth Power|p2a: Naganadel\n|-supereffective|p2a: Naganadel\n|-crit|p2a: Naganadel\n|-damage|p2a: Naganadel|0 fnt\n|faint|p2a: Naganadel\n|\n|upkeep\n|c|\u2606Gangster Samurott|city\n|\n|t:|1698597700\n|switch|p2a: Kartana|Kartana|100\/100\n|-damage|p2a: Kartana|88\/100|[from] Spikes\n|turn|5\n|\n|t:|1698597713\n|-end|p1a: InfernalShocks|Protosynthesis|[silent]\n|switch|p1a: IB wing|Slither Wing|100\/100\n|move|p2a: Kartana|Leaf Blade|p1a: IB wing\n|-resisted|p1a: IB wing\n|-damage|p1a: IB wing|68\/100\n|\n|upkeep\n|turn|6\n|l| groteneus\n|\n|t:|1698597735\n|move|p2a: Kartana|Leaf Blade|p1a: IB wing\n|-resisted|p1a: IB wing\n|-crit|p1a: IB wing\n|-damage|p1a: IB wing|17\/100\n|move|p1a: IB wing|Flare Blitz|p2a: Kartana\n|-supereffective|p2a: Kartana\n|-damage|p2a: Kartana|0 fnt\n|faint|p2a: Kartana\n|-damage|p1a: IB wing|0 fnt|[from] Recoil\n|faint|p1a: IB wing\n|-end|p1a: IB wing|Protosynthesis|[silent]\n|\n|upkeep\n|\n|t:|1698597764\n|switch|p2a: Flutter Mane|Flutter Mane|100\/100\n|switch|p1a: IBsteela|Celesteela|100\/100\n|-damage|p2a: Flutter Mane|88\/100|[from] Spikes\n|-enditem|p2a: Flutter Mane|Booster Energy\n|-activate|p2a: Flutter Mane|ability: Protosynthesis|[fromitem]\n|-start|p2a: Flutter Mane|protosynthesisspe\n|turn|7\n|\n|t:|1698597785\n|move|p2a: Flutter Mane|Shadow Ball|p1a: IBsteela\n|-damage|p1a: IBsteela|56\/100\n|move|p1a: IBsteela|Heavy Slam|p2a: Flutter Mane\n|-supereffective|p2a: Flutter Mane\n|-damage|p2a: Flutter Mane|0 fnt\n|faint|p2a: Flutter Mane\n|-end|p2a: Flutter Mane|Protosynthesis|[silent]\n|-ability|p1a: IBsteela|Beast Boost|boost\n|-boost|p1a: IBsteela|atk|1\n|\n|upkeep\n|\n|t:|1698597799\n|switch|p2a: Iron Hands|Iron Hands|100\/100\n|-damage|p2a: Iron Hands|88\/100|[from] Spikes\n|turn|8\n|\n|t:|1698597811\n|-terastallize|p1a: IBsteela|Ground\n|move|p1a: IBsteela|Autotomize|p1a: IBsteela\n|-boost|p1a: IBsteela|spe|2\n|-start|p1a: IBsteela|Autotomize\n|move|p2a: Iron Hands|Close Combat|p1a: IBsteela\n|-damage|p1a: IBsteela|0 fnt\n|-unboost|p2a: Iron Hands|def|1\n|-unboost|p2a: Iron Hands|spd|1\n|faint|p1a: IBsteela\n|\n|upkeep\n|c|\u2606YveltalNL|denk maar ik tpunch dit\n|\n|t:|1698597834\n|switch|p1a: IB tusk|Great Tusk|100\/100\n|-status|p1a: IB tusk|psn\n|turn|9\n|\n|t:|1698597839\n|move|p1a: IB tusk|Rapid Spin|p2a: Iron Hands\n|-damage|p2a: Iron Hands|74\/100\n|-boost|p1a: IB tusk|spe|1\n|-sideend|p1: Gangster Samurott|Toxic Spikes|[from] move: Rapid Spin|[of] p1a: IB tusk\n|move|p2a: Iron Hands|Close Combat|p1a: IB tusk\n|-damage|p1a: IB tusk|68\/100 psn\n|-unboost|p2a: Iron Hands|def|1\n|-unboost|p2a: Iron Hands|spd|1\n|\n|-heal|p1a: IB tusk|74\/100 psn|[from] item: Leftovers\n|-damage|p1a: IB tusk|62\/100 psn|[from] psn\n|upkeep\n|turn|10\n|\n|t:|1698597847\n|move|p1a: IB tusk|Earthquake|p2a: Iron Hands\n|-supereffective|p2a: Iron Hands\n|-damage|p2a: Iron Hands|0 fnt\n|faint|p2a: Iron Hands\n|-end|p2a: Iron Hands|Quark Drive|[silent]\n|\n|-heal|p1a: IB tusk|68\/100 psn|[from] item: Leftovers\n|-damage|p1a: IB tusk|55\/100 psn|[from] psn\n|upkeep\n|\n|t:|1698597850\n|switch|p2a: Roaring Moon|Roaring Moon|100\/100\n|-damage|p2a: Roaring Moon|88\/100|[from] Spikes\n|-enditem|p2a: Roaring Moon|Booster Energy\n|-activate|p2a: Roaring Moon|ability: Protosynthesis|[fromitem]\n|-start|p2a: Roaring Moon|protosynthesisatk\n|turn|11\n|\n|t:|1698597859\n|-terastallize|p2a: Roaring Moon|Fairy\n|move|p2a: Roaring Moon|Dragon Dance|p2a: Roaring Moon\n|-boost|p2a: Roaring Moon|atk|1\n|-boost|p2a: Roaring Moon|spe|1\n|move|p1a: IB tusk|Body Press|p2a: Roaring Moon\n|-resisted|p2a: Roaring Moon\n|-damage|p2a: Roaring Moon|60\/100\n|\n|-heal|p1a: IB tusk|61\/100 psn|[from] item: Leftovers\n|-damage|p1a: IB tusk|49\/100 psn|[from] psn\n|upkeep\n|turn|12\n|\n|t:|1698597911\n|move|p2a: Roaring Moon|Dragon Dance|p2a: Roaring Moon\n|-boost|p2a: Roaring Moon|atk|1\n|-boost|p2a: Roaring Moon|spe|1\n|move|p1a: IB tusk|Earthquake|p2a: Roaring Moon\n|-damage|p2a: Roaring Moon|6\/100\n|\n|-heal|p1a: IB tusk|55\/100 psn|[from] item: Leftovers\n|-damage|p1a: IB tusk|43\/100 psn|[from] psn\n|upkeep\n|turn|13\n|\n|t:|1698597924\n|move|p2a: Roaring Moon|Tera Blast|p1a: IB tusk|[anim] Tera Blast Fairy\n|-supereffective|p1a: IB tusk\n|-damage|p1a: IB tusk|0 fnt\n|faint|p1a: IB tusk\n|-end|p1a: IB tusk|Protosynthesis|[silent]\n|\n|upkeep\n|\n|t:|1698597941\n|switch|p1a: InfernalShocks|Sandy Shocks|100\/100\n|turn|14\n|c|\u2606YveltalNL|kutzooi sash op shocks vergeten\n|\n|t:|1698597948\n|move|p2a: Roaring Moon|Knock Off|p1a: InfernalShocks\n|-damage|p1a: InfernalShocks|0 fnt\n|-enditem|p1a: InfernalShocks|Leftovers|[from] move: Knock Off|[of] p2a: Roaring Moon\n|faint|p1a: InfernalShocks\n|-end|p1a: InfernalShocks|Protosynthesis|[silent]\n|\n|upkeep\n|c|\u2606YveltalNL|oh\n|j| groteneus\n|\n|t:|1698597957\n|switch|p1a: IB mane|Flutter Mane|100\/100\n|turn|15\n|\n|t:|1698597963\n|move|p2a: Roaring Moon|Knock Off|p1a: IB mane\n|-damage|p1a: IB mane|0 fnt\n|-enditem|p1a: IB mane|Expert Belt|[from] move: Knock Off|[of] p2a: Roaring Moon\n|faint|p1a: IB mane\n|-end|p1a: IB mane|Protosynthesis|[silent]\n|\n|upkeep\n|\n|t:|1698597965\n|switch|p1a: IBmence|Roaring Moon|100\/100\n|-enditem|p1a: IBmence|Booster Energy\n|-activate|p1a: IBmence|ability: Protosynthesis|[fromitem]\n|-start|p1a: IBmence|protosynthesisatk\n|turn|16\n|\n|t:|1698597968\n|move|p2a: Roaring Moon|Tera Blast|p1a: IBmence|[anim] Tera Blast Fairy\n|-supereffective|p1a: IBmence\n|-damage|p1a: IBmence|0 fnt\n|faint|p1a: IBmence\n|-end|p1a: IBmence|Protosynthesis|[silent]\n|\n|win|YveltalNL\n|c|\u2606YveltalNL|gg\n|c|\u2606Gangster Samurott|gg\n|l| Gymlead11b\n|l|\u2606Gangster Samurott\n|l|\u2606YveltalNL\n|j| elektrow\n|l| elektrow\n|j| elektrow\n|l| elektrow\n|l| xander073\n|j| ArgentinaGiratinas\n|j| ArgentinaGiratinas\n","uploadtime":1698597979,"views":14,"p1id":"gangstersamurott","p2id":"yveltalnl","formatid":"gen9nationaldexubers","rating":0,"private":0,"password":""}