{"id":"gen9nationaldexubers-1997996950","p1":"nightshadeslasher","p2":"Alex295","format":"[Gen 9] National Dex Ubers","log":"|j|\u2606nightshadeslasher\n|j|\u2606Alex295\n|t:|1700876910\n|gametype|singles\n|player|p1|nightshadeslasher|aaron|1000\n|player|p2|Alex295|koga|1007\n|teamsize|p1|5\n|teamsize|p2|2\n|gen|9\n|tier|[Gen 9] National Dex Ubers\n|rated|\n|rule|HP Percentage Mod: HP is shown in percentages\n|rule|Endless Battle Clause: Forcing endless battles is banned\n|rule|OHKO Clause: OHKO moves are banned\n|rule|Evasion Moves Clause: Evasion moves are banned\n|rule|Evasion Items Clause: Evasion items are banned\n|rule|Species Clause: Limit one of each Pok\u00e9mon\n|rule|Sleep Clause Mod: Limit one foe put to sleep\n|rule|Mega Rayquaza Clause: You cannot mega evolve Rayquaza\n|clearpoke\n|poke|p1|Shuckle, M|\n|poke|p1|Flygon, M|\n|poke|p1|Drapion, F|\n|poke|p1|Yanmega, M|\n|poke|p1|Heracross, M|\n|poke|p2|Shuckle, F|\n|poke|p2|Dracovish|\n|teampreview\n|\n|t:|1700876920\n|start\n|switch|p1a: Yanmega|Yanmega, M|100\/100\n|switch|p2a: Shuckle|Shuckle, F, shiny|100\/100\n|turn|1\n|\n|t:|1700876932\n|move|p1a: Yanmega|Protect|p1a: Yanmega\n|-singleturn|p1a: Yanmega|Protect\n|move|p2a: Shuckle|Sticky Web|p1a: Yanmega\n|-sidestart|p1: nightshadeslasher|move: Sticky Web\n|\n|-ability|p1a: Yanmega|Speed Boost|boost\n|-boost|p1a: Yanmega|spe|1\n|upkeep\n|turn|2\n|\n|t:|1700876941\n|move|p1a: Yanmega|Ancient Power|p2a: Shuckle\n|-supereffective|p2a: Shuckle\n|-damage|p2a: Shuckle|47\/100\n|-damage|p1a: Yanmega|91\/100|[from] item: Life Orb\n|move|p2a: Shuckle|String Shot|p1a: Yanmega|[miss]\n|-miss|p2a: Shuckle|p1a: Yanmega\n|\n|-ability|p1a: Yanmega|Speed Boost|boost\n|-boost|p1a: Yanmega|spe|1\n|upkeep\n|turn|3\n|\n|t:|1700876949\n|move|p1a: Yanmega|Ancient Power|p2a: Shuckle\n|-supereffective|p2a: Shuckle\n|-damage|p2a: Shuckle|0 fnt\n|faint|p2a: Shuckle\n|-damage|p1a: Yanmega|81\/100|[from] item: Life Orb\n|\n|-ability|p1a: Yanmega|Speed Boost|boost\n|-boost|p1a: Yanmega|spe|1\n|upkeep\n|\n|t:|1700876956\n|switch|p2a: Dracovish|Dracovish|100\/100\n|turn|4\n|\n|t:|1700876960\n|-terastallize|p2a: Dracovish|Water\n|move|p1a: Yanmega|Protect|p1a: Yanmega\n|-singleturn|p1a: Yanmega|Protect\n|move|p2a: Dracovish|Fishious Rend|p1a: Yanmega\n|-activate|p1a: Yanmega|move: Protect\n|\n|-ability|p1a: Yanmega|Speed Boost|boost\n|-boost|p1a: Yanmega|spe|1\n|upkeep\n|turn|5\n|\n|t:|1700876971\n|move|p1a: Yanmega|Giga Drain|p2a: Dracovish\n|-supereffective|p2a: Dracovish\n|-damage|p2a: Dracovish|15\/100\n|-heal|p1a: Yanmega|100\/100|[from] drain|[of] p2a: Dracovish\n|-damage|p1a: Yanmega|91\/100|[from] item: Life Orb\n|move|p2a: Dracovish|Fishious Rend|p1a: Yanmega\n|-damage|p1a: Yanmega|32\/100\n|\n|-ability|p1a: Yanmega|Speed Boost|boost\n|-boost|p1a: Yanmega|spe|1\n|upkeep\n|turn|6\n|\n|t:|1700876983\n|move|p1a: Yanmega|Giga Drain|p2a: Dracovish\n|-supereffective|p2a: Dracovish\n|-damage|p2a: Dracovish|0 fnt\n|-heal|p1a: Yanmega|40\/100|[from] drain|[of] p2a: Dracovish\n|faint|p2a: Dracovish\n|-damage|p1a: Yanmega|30\/100|[from] item: Life Orb\n|\n|win|nightshadeslasher\n|raw|nightshadeslasher's rating: 1000 &rarr; <strong>1041<\/strong><br \/>(+41 for winning)\n|raw|Alex295's rating: 1007 &rarr; <strong>1000<\/strong><br \/>(-7 for losing)\n|c|\u2606nightshadeslasher|gg\n|l|\u2606Alex295\n","uploadtime":1700876999,"views":1,"p1id":"nightshadeslasher","p2id":"alex295","formatid":"gen9nationaldexubers","rating":1000,"private":0,"password":""}