{"id":"gen9nationaldexubers-1990439704","p1":"cutdihacker","p2":"C0ld as Ice","format":"[Gen 9] National Dex Ubers","log":"|j|\u2606cutdihacker\n|j|\u2606C0ld as Ice\n|t:|1699971129\n|gametype|singles\n|player|p1|cutdihacker|steven|1478\n|player|p2|C0ld as Ice|1|1809\n|teamsize|p1|6\n|teamsize|p2|6\n|gen|9\n|tier|[Gen 9] National Dex Ubers\n|rated|\n|rule|HP Percentage Mod: HP is shown in percentages\n|rule|Endless Battle Clause: Forcing endless battles is banned\n|rule|OHKO Clause: OHKO moves are banned\n|rule|Evasion Moves Clause: Evasion moves are banned\n|rule|Evasion Items Clause: Evasion items are banned\n|rule|Species Clause: Limit one of each Pok\u00e9mon\n|rule|Sleep Clause Mod: Limit one foe put to sleep\n|rule|Mega Rayquaza Clause: You cannot mega evolve Rayquaza\n|clearpoke\n|poke|p1|Yveltal|\n|poke|p1|Chien-Pao|\n|poke|p1|Chi-Yu|\n|poke|p1|Darkrai|\n|poke|p1|Urshifu-*, M|\n|poke|p1|Kingambit, M|\n|poke|p2|Chien-Pao|\n|poke|p2|Necrozma-Dusk-Mane|\n|poke|p2|Ho-Oh|\n|poke|p2|Groudon, L99|\n|poke|p2|Arceus-Water|\n|poke|p2|Yveltal|\n|teampreview\n|inactive|Battle timer is ON: inactive players will automatically lose when time's up. (requested by C0ld as Ice)\n|inactive|C0ld as Ice has 120 seconds left.\n|inactive|C0ld as Ice has 90 seconds left.\n|inactive|C0ld as Ice has 60 seconds left.\n|inactive|C0ld as Ice has 30 seconds left.\n|inactive|C0ld as Ice has 20 seconds left.\n|inactive|C0ld as Ice has 15 seconds left.\n|\n|t:|1699971265\n|start\n|switch|p1a: Darkrai|Darkrai|100\/100\n|switch|p2a: Chien-Pao|Chien-Pao|100\/100\n|-ability|p2a: Chien-Pao|Sword of Ruin\n|turn|1\n|\n|t:|1699971278\n|switch|p1a: Yveltal|Yveltal|100\/100\n|-ability|p1a: Yveltal|Dark Aura\n|move|p2a: Chien-Pao|Icicle Crash|p1a: Yveltal\n|-supereffective|p1a: Yveltal\n|-damage|p1a: Yveltal|0 fnt\n|faint|p1a: Yveltal\n|\n|upkeep\n|\n|t:|1699971290\n|switch|p1a: Chien-Pao|Chien-Pao|100\/100\n|-ability|p1a: Chien-Pao|Sword of Ruin\n|turn|2\n|inactive|C0ld as Ice has 90 seconds left.\n|\n|t:|1699971308\n|switch|p2a: Ho-Oh|Ho-Oh, shiny|100\/100\n|move|p1a: Chien-Pao|Sacred Sword|p2a: Ho-Oh\n|-resisted|p2a: Ho-Oh\n|-damage|p2a: Ho-Oh|86\/100\n|\n|upkeep\n|turn|3\n|\n|t:|1699971315\n|switch|p1a: Chi-Yu|Chi-Yu|100\/100\n|-ability|p1a: Chi-Yu|Beads of Ruin\n|move|p2a: Ho-Oh|Sacred Fire|p1a: Chi-Yu\n|-resisted|p1a: Chi-Yu\n|-damage|p1a: Chi-Yu|37\/100\n|\n|upkeep\n|turn|4\n|inactive|C0ld as Ice has 90 seconds left.\n|\n|t:|1699971341\n|move|p1a: Chi-Yu|Dark Pulse|p2a: Ho-Oh\n|-damage|p2a: Ho-Oh|56\/100\n|move|p2a: Ho-Oh|Sacred Fire|p1a: Chi-Yu\n|-resisted|p1a: Chi-Yu\n|-damage|p1a: Chi-Yu|0 fnt\n|faint|p1a: Chi-Yu\n|\n|upkeep\n|\n|t:|1699971350\n|switch|p1a: Darkrai|Darkrai|100\/100\n|turn|5\n|inactive|C0ld as Ice has 90 seconds left.\n|\n|t:|1699971362\n|-zpower|p1a: Darkrai\n|move|p1a: Darkrai|Z-Hypnosis|p2a: Ho-Oh|[anim]Hypnosis|[miss]\n|-boost|p1a: Darkrai|spe|1|[zeffect]\n|-miss|p1a: Darkrai|p2a: Ho-Oh\n|move|p2a: Ho-Oh|Sacred Fire|p1a: Darkrai\n|-damage|p1a: Darkrai|8\/100\n|\n|upkeep\n|turn|6\n|\n|t:|1699971374\n|move|p1a: Darkrai|Dark Pulse|p2a: Ho-Oh\n|-damage|p2a: Ho-Oh|34\/100\n|cant|p2a: Ho-Oh|flinch\n|\n|upkeep\n|turn|7\n|inactive|C0ld as Ice has 90 seconds left.\n|\n|t:|1699971410\n|move|p1a: Darkrai|Dark Pulse|p2a: Ho-Oh\n|-damage|p2a: Ho-Oh|10\/100\n|move|p2a: Ho-Oh|Sacred Fire|p1a: Darkrai\n|-crit|p1a: Darkrai\n|-damage|p1a: Darkrai|0 fnt\n|faint|p1a: Darkrai\n|\n|upkeep\n|\n|t:|1699971421\n|switch|p1a: Urshifu|Urshifu, M|100\/100\n|turn|8\n|\n|t:|1699971442\n|move|p1a: Urshifu|Wicked Blow|p2a: Ho-Oh\n|-crit|p2a: Ho-Oh\n|-damage|p2a: Ho-Oh|0 fnt\n|faint|p2a: Ho-Oh\n|\n|upkeep\n|\n|t:|1699971448\n|switch|p2a: Yveltal|Yveltal, shiny|100\/100\n|-ability|p2a: Yveltal|Dark Aura\n|turn|9\n|\n|t:|1699971458\n|-terastallize|p1a: Urshifu|Dark\n|move|p1a: Urshifu|Wicked Blow|p2a: Yveltal\n|-resisted|p2a: Yveltal\n|-crit|p2a: Yveltal\n|-damage|p2a: Yveltal|42\/100\n|move|p2a: Yveltal|U-turn|p1a: Urshifu\n|-supereffective|p1a: Urshifu\n|-damage|p1a: Urshifu|71\/100\n|inactive|C0ld as Ice has 60 seconds left.\n|\n|t:|1699971479\n|switch|p2a: Chien-Pao|Chien-Pao|100\/100|[from] U-turn\n|-ability|p2a: Chien-Pao|Sword of Ruin\n|\n|upkeep\n|turn|10\n|\n|t:|1699971485\n|move|p2a: Chien-Pao|Icicle Crash|p1a: Urshifu\n|-damage|p1a: Urshifu|0 fnt\n|faint|p1a: Urshifu\n|\n|upkeep\n|\n|t:|1699971490\n|switch|p1a: Kingambit|Kingambit, M|100\/100\n|-activate|p1a: Kingambit|ability: Supreme Overlord\n|-start|p1a: Kingambit|fallen4|[silent]\n|turn|11\n|\n|t:|1699971514\n|switch|p2a: Yveltal|Yveltal, shiny|42\/100\n|-ability|p2a: Yveltal|Dark Aura\n|move|p1a: Kingambit|Sucker Punch||[still]\n|-fail|p1a: Kingambit\n|\n|upkeep\n|turn|12\n|\n|t:|1699971523\n|move|p1a: Kingambit|Sucker Punch||[still]\n|-fail|p1a: Kingambit\n|move|p2a: Yveltal|Roost|p2a: Yveltal\n|-heal|p2a: Yveltal|92\/100\n|-singleturn|p2a: Yveltal|move: Roost\n|\n|upkeep\n|turn|13\n|inactive|C0ld as Ice has 60 seconds left.\n|inactive|C0ld as Ice has 30 seconds left.\n|inactive|C0ld as Ice has 20 seconds left.\n|inactive|C0ld as Ice has 15 seconds left.\n|inactive|C0ld as Ice has 10 seconds left.\n|\n|t:|1699971603\n|move|p2a: Yveltal|Foul Play|p1a: Kingambit\n|-resisted|p1a: Kingambit\n|-damage|p1a: Kingambit|75\/100\n|move|p1a: Kingambit|Swords Dance|p1a: Kingambit\n|-boost|p1a: Kingambit|atk|2\n|\n|upkeep\n|turn|14\n|inactive|C0ld as Ice has 20 seconds left this turn.\n|\n|t:|1699971611\n|move|p2a: Yveltal|Foul Play|p1a: Kingambit\n|-resisted|p1a: Kingambit\n|-damage|p1a: Kingambit|28\/100\n|move|p1a: Kingambit|Iron Head|p2a: Yveltal\n|-damage|p2a: Yveltal|0 fnt\n|faint|p2a: Yveltal\n|\n|upkeep\n|inactive|C0ld as Ice has 25 seconds left this turn.\n|inactive|C0ld as Ice has 20 seconds left.\n|inactive|C0ld as Ice has 15 seconds left.\n|inactive|C0ld as Ice has 10 seconds left.\n|inactive|C0ld as Ice has 5 seconds left.\n|\n|t:|1699971632\n|switch|p2a: Groudon|Groudon, L99, shiny|100\/100\n|detailschange|p2a: Groudon|Groudon-Primal, L99, shiny\n|-primal|p2a: Groudon|Red Orb\n|-weather|DesolateLand|[from] ability: Desolate Land|[of] p2a: Groudon\n|turn|15\n|inactive|C0ld as Ice has 15 seconds left this turn.\n|\n|t:|1699971638\n|move|p1a: Kingambit|Sucker Punch|p2a: Groudon\n|-damage|p2a: Groudon|33\/100\n|move|p2a: Groudon|Precipice Blades|p1a: Kingambit\n|-supereffective|p1a: Kingambit\n|-damage|p1a: Kingambit|0 fnt\n|faint|p1a: Kingambit\n|-end|p1a: Kingambit|fallen4|[silent]\n|\n|-weather|DesolateLand|[upkeep]\n|upkeep\n|inactive|C0ld as Ice has 20 seconds left this turn.\n|\n|t:|1699971646\n|switch|p1a: Chien-Pao|Chien-Pao|100\/100\n|-ability|p1a: Chien-Pao|Sword of Ruin\n|turn|16\n|inactive|C0ld as Ice has 30 seconds left this turn.\n|inactive|C0ld as Ice has 20 seconds left.\n|inactive|C0ld as Ice has 15 seconds left.\n|inactive|C0ld as Ice has 10 seconds left.\n|inactive|C0ld as Ice has 5 seconds left.\n|\n|t:|1699971674\n|move|p1a: Chien-Pao|Icicle Crash|p2a: Groudon\n|-damage|p2a: Groudon|9\/100\n|move|p2a: Groudon|Precipice Blades|p1a: Chien-Pao\n|-damage|p1a: Chien-Pao|14\/100\n|\n|-weather|DesolateLand|[upkeep]\n|upkeep\n|turn|17\n|inactive|C0ld as Ice has 15 seconds left this turn.\n|\n|t:|1699971681\n|move|p1a: Chien-Pao|Icicle Crash|p2a: Groudon\n|-damage|p2a: Groudon|0 fnt\n|faint|p2a: Groudon\n|-weather|none\n|\n|upkeep\n|inactive|C0ld as Ice has 20 seconds left this turn.\n|\n|t:|1699971684\n|switch|p2a: Chien-Pao|Chien-Pao|100\/100\n|-ability|p2a: Chien-Pao|Sword of Ruin\n|turn|18\n|inactive|C0ld as Ice has 30 seconds left this turn.\n|\n|t:|1699971690\n|move|p2a: Chien-Pao|Ice Shard|p1a: Chien-Pao\n|-resisted|p1a: Chien-Pao\n|-damage|p1a: Chien-Pao|0 fnt\n|faint|p1a: Chien-Pao\n|\n|win|C0ld as Ice\n|raw|cutdihacker's rating: 1478 &rarr; <strong>1474<\/strong><br \/>(-4 for losing)\n|raw|C0ld as Ice's rating: 1841 &rarr; <strong>1845<\/strong><br \/>(+4 for winning)\n|l|\u2606cutdihacker\n|l|\u2606C0ld as Ice\n","uploadtime":1699971734,"views":5,"p1id":"cutdihacker","p2id":"c0ldasice","formatid":"gen9nationaldexubers","rating":1474,"private":0,"password":""}