{"id":"gen9nationaldexubers-1978163989","p1":"AidenThatGod","p2":"JNoaGervasini","format":"[Gen 9] National Dex Ubers","log":"|j|\u2606AidenThatGod\n|j|\u2606JNoaGervasini\n|t:|1698506996\n|gametype|singles\n|player|p1|AidenThatGod|2|1077\n|player|p2|JNoaGervasini|medium|1083\n|teamsize|p1|6\n|teamsize|p2|6\n|gen|9\n|tier|[Gen 9] National Dex Ubers\n|rated|\n|rule|HP Percentage Mod: HP is shown in percentages\n|rule|Endless Battle Clause: Forcing endless battles is banned\n|rule|OHKO Clause: OHKO moves are banned\n|rule|Evasion Moves Clause: Evasion moves are banned\n|rule|Evasion Items Clause: Evasion items are banned\n|rule|Species Clause: Limit one of each Pok\u00e9mon\n|rule|Sleep Clause Mod: Limit one foe put to sleep\n|rule|Mega Rayquaza Clause: You cannot mega evolve Rayquaza\n|clearpoke\n|poke|p1|Shaymin-Sky|\n|poke|p1|Shuckle, M|\n|poke|p1|Skeledirge, F|\n|poke|p1|Avalugg, F|\n|poke|p1|Ninetales-Alola, F|\n|poke|p1|Lucario, M|\n|poke|p2|Espeon, M|\n|poke|p2|Mew|\n|poke|p2|Annihilape, M|\n|poke|p2|Grafaiai, F|\n|poke|p2|Gholdengo|\n|poke|p2|Torkoal, M|\n|teampreview\n|inactive|Battle timer is ON: inactive players will automatically lose when time's up. (requested by JNoaGervasini)\n|c|\u2606JNoaGervasini|gl hf\n|\n|t:|1698507002\n|start\n|switch|p1a: Ninetales|Ninetales-Alola, F, shiny|100\/100\n|switch|p2a: Ver\u00e1s|Annihilape, M|100\/100\n|-weather|Snow|[from] ability: Snow Warning|[of] p1a: Ninetales\n|turn|1\n|\n|t:|1698507009\n|move|p2a: Ver\u00e1s|Final Gambit|p1a: Ninetales\n|-damage|p1a: Ninetales|0 fnt\n|faint|p2a: Ver\u00e1s\n|faint|p1a: Ninetales\n|\n|-weather|Snow|[upkeep]\n|upkeep\n|\n|t:|1698507024\n|switch|p1a: Skeledirge|Skeledirge, F, shiny|100\/100\n|switch|p2a: Pelao|Mew|100\/100\n|turn|2\n|\n|t:|1698507032\n|move|p2a: Pelao|Stealth Rock|p1a: Skeledirge\n|-sidestart|p1: AidenThatGod|move: Stealth Rock\n|move|p1a: Skeledirge|Torch Song|p2a: Pelao\n|-damage|p2a: Pelao|76\/100\n|-boost|p1a: Skeledirge|spa|1\n|\n|-weather|Snow|[upkeep]\n|upkeep\n|turn|3\n|\n|t:|1698507039\n|move|p2a: Pelao|Psychic Terrain|p2a: Pelao\n|-fieldstart|move: Psychic Terrain\n|move|p1a: Skeledirge|Torch Song|p2a: Pelao\n|-crit|p2a: Pelao\n|-damage|p2a: Pelao|26\/100\n|-boost|p1a: Skeledirge|spa|1\n|\n|-weather|Snow|[upkeep]\n|upkeep\n|turn|4\n|\n|t:|1698507046\n|move|p2a: Pelao|Tailwind|p2a: Pelao\n|-sidestart|p2: JNoaGervasini|move: Tailwind\n|move|p1a: Skeledirge|Torch Song|p2a: Pelao\n|-damage|p2a: Pelao|0 fnt\n|-boost|p1a: Skeledirge|spa|1\n|faint|p2a: Pelao\n|\n|-weather|Snow|[upkeep]\n|upkeep\n|\n|t:|1698507050\n|switch|p2a: Miguel\u00edn|Torkoal, M|100\/100\n|turn|5\n|\n|t:|1698507055\n|move|p1a: Skeledirge|Sing|p2a: Miguel\u00edn|[miss]\n|-miss|p1a: Skeledirge|p2a: Miguel\u00edn\n|-enditem|p1a: Skeledirge|Blunder Policy\n|-boost|p1a: Skeledirge|spe|2\n|move|p2a: Miguel\u00edn|Shell Smash|p2a: Miguel\u00edn\n|-unboost|p2a: Miguel\u00edn|def|1\n|-unboost|p2a: Miguel\u00edn|spd|1\n|-boost|p2a: Miguel\u00edn|atk|2\n|-boost|p2a: Miguel\u00edn|spa|2\n|-boost|p2a: Miguel\u00edn|spe|2\n|-enditem|p2a: Miguel\u00edn|Eject Pack\n|\n|t:|1698507061\n|switch|p2a: Tuchi|Espeon, M|100\/100\n|\n|-weather|none\n|upkeep\n|turn|6\n|\n|t:|1698507068\n|move|p2a: Tuchi|Copycat|p2a: Tuchi\n|move|p2a: Tuchi|Shell Smash|p2a: Tuchi|[from]move: Copycat\n|-unboost|p2a: Tuchi|def|1\n|-unboost|p2a: Tuchi|spd|1\n|-boost|p2a: Tuchi|atk|2\n|-boost|p2a: Tuchi|spa|2\n|-boost|p2a: Tuchi|spe|2\n|move|p1a: Skeledirge|Torch Song|p2a: Tuchi\n|-enditem|p2a: Tuchi|Focus Sash\n|-damage|p2a: Tuchi|1\/100\n|-boost|p1a: Skeledirge|spa|1\n|\n|upkeep\n|turn|7\n|\n|t:|1698507078\n|move|p2a: Tuchi|Stored Power|p1a: Skeledirge\n|-damage|p1a: Skeledirge|0 fnt\n|faint|p1a: Skeledirge\n|\n|-sideend|p2: JNoaGervasini|move: Tailwind\n|upkeep\n|\n|t:|1698507083\n|switch|p1a: Lucario|Lucario, M|100\/100\n|-damage|p1a: Lucario|98\/100|[from] Stealth Rock\n|turn|8\n|c|\u2606JNoaGervasini|terrain mate\n|\n|t:|1698507092\n|detailschange|p1a: Lucario|Lucario-Mega, M\n|-mega|p1a: Lucario|Lucario|Lucarionite\n|move|p1a: Lucario|Extreme Speed|p2a: Tuchi\n|-activate|p2a: Tuchi|move: Psychic Terrain\n|move|p2a: Tuchi|Stored Power|p1a: Lucario\n|-crit|p1a: Lucario\n|-damage|p1a: Lucario|0 fnt\n|faint|p1a: Lucario\n|\n|upkeep\n|c|\u2606AidenThatGod|oh oops\n|c|\u2606JNoaGervasini|told ya\n|\n|t:|1698507101\n|switch|p1a: Shaymin|Shaymin-Sky, shiny|100\/100\n|-damage|p1a: Shaymin|76\/100|[from] Stealth Rock\n|turn|9\n|\n|t:|1698507107\n|move|p2a: Tuchi|Stored Power|p1a: Shaymin\n|-damage|p1a: Shaymin|0 fnt\n|faint|p1a: Shaymin\n|\n|upkeep\n|\n|t:|1698507111\n|switch|p1a: Avalugg|Avalugg, F, shiny|100\/100\n|-damage|p1a: Avalugg|76\/100|[from] Stealth Rock\n|turn|10\n|\n|t:|1698507116\n|move|p2a: Tuchi|Stored Power|p1a: Avalugg\n|-damage|p1a: Avalugg|0 fnt\n|faint|p1a: Avalugg\n|\n|-fieldend|move: Psychic Terrain\n|upkeep\n|c|\u2606AidenThatGod|gg\n|\n|t:|1698507120\n|switch|p1a: Shuckle|Shuckle, M, shiny|100\/100\n|-damage|p1a: Shuckle|76\/100|[from] Stealth Rock\n|turn|11\n|\n|t:|1698507147\n|move|p2a: Tuchi|Stored Power|p1a: Shuckle\n|-damage|p1a: Shuckle|0 fnt\n|faint|p1a: Shuckle\n|\n|win|JNoaGervasini\n|raw|AidenThatGod's rating: 1077 &rarr; <strong>1056<\/strong><br \/>(-21 for losing)\n|raw|JNoaGervasini's rating: 1083 &rarr; <strong>1110<\/strong><br \/>(+27 for winning)\n","uploadtime":1698507153,"views":4,"p1id":"aidenthatgod","p2id":"jnoagervasini","formatid":"gen9nationaldexubers","rating":1056,"private":0,"password":""}