{"id":"gen9nationaldexubers-1996823991","p1":"TigerKing Tarun","p2":"Mayler7171","format":"[Gen 9] National Dex Ubers","log":"|j|\u2606TigerKing Tarun\n|j|\u2606Mayler7171\n|t:|1700731217\n|gametype|singles\n|player|p1|TigerKing Tarun|red|1358\n|player|p2|Mayler7171|266|1456\n|teamsize|p1|6\n|teamsize|p2|6\n|gen|9\n|tier|[Gen 9] National Dex Ubers\n|rated|\n|rule|HP Percentage Mod: HP is shown in percentages\n|rule|Endless Battle Clause: Forcing endless battles is banned\n|rule|OHKO Clause: OHKO moves are banned\n|rule|Evasion Moves Clause: Evasion moves are banned\n|rule|Evasion Items Clause: Evasion items are banned\n|rule|Species Clause: Limit one of each Pok\u00e9mon\n|rule|Sleep Clause Mod: Limit one foe put to sleep\n|rule|Mega Rayquaza Clause: You cannot mega evolve Rayquaza\n|clearpoke\n|poke|p1|Melmetal|\n|poke|p1|Cresselia, F|\n|poke|p1|Regidrago|\n|poke|p1|Hatterene, F|\n|poke|p1|Arceus|\n|poke|p1|Basculegion, M|\n|poke|p2|Blissey, F|\n|poke|p2|Giratina-Origin|\n|poke|p2|Zygarde|\n|poke|p2|Ho-Oh|\n|poke|p2|Toxapex, F|\n|poke|p2|Sableye, F|\n|teampreview\n|inactive|Battle timer is ON: inactive players will automatically lose when time's up. (requested by Mayler7171)\n|\n|t:|1700731227\n|start\n|switch|p1a: \u87ba\u5e3d|Hatterene, F|100\/100\n|switch|p2a: Ho-Oh|Ho-Oh|100\/100\n|turn|1\n|\n|t:|1700731239\n|move|p2a: Ho-Oh|Sacred Fire|p1a: \u87ba\u5e3d\n|-damage|p1a: \u87ba\u5e3d|65\/100\n|-status|p1a: \u87ba\u5e3d|brn\n|move|p1a: \u87ba\u5e3d|Nuzzle|p2a: Ho-Oh\n|-supereffective|p2a: Ho-Oh\n|-damage|p2a: Ho-Oh|98\/100\n|-status|p2a: Ho-Oh|par\n|\n|-damage|p1a: \u87ba\u5e3d|59\/100 brn|[from] brn\n|upkeep\n|turn|2\n|\n|t:|1700731268\n|switch|p2a: Blissey|Blissey, F|100\/100\n|move|p1a: \u87ba\u5e3d|Healing Wish|p1a: \u87ba\u5e3d\n|faint|p1a: \u87ba\u5e3d\n|\n|upkeep\n|inactive|TigerKing Tarun has 120 seconds left.\n|\n|t:|1700731286\n|switch|p1a: Regidrago|Regidrago, shiny|100\/100\n|turn|3\n|inactive|Mayler7171 has 120 seconds left.\n|inactive|Mayler7171 has 90 seconds left.\n|\n|t:|1700731365\n|-terastallize|p1a: Regidrago|Dragon\n|move|p1a: Regidrago|Outrage|p2a: Blissey\n|-damage|p2a: Blissey|0 fnt\n|faint|p2a: Blissey\n|\n|upkeep\n|\n|t:|1700731372\n|switch|p2a: Zygarde|Zygarde|100\/100\n|turn|4\n|\n|t:|1700731377\n|-terastallize|p2a: Zygarde|Water\n|move|p2a: Zygarde|Coil|p2a: Zygarde\n|-boost|p2a: Zygarde|atk|1\n|-boost|p2a: Zygarde|def|1\n|-boost|p2a: Zygarde|accuracy|1\n|move|p1a: Regidrago|Outrage|p2a: Zygarde|[from]lockedmove\n|-damage|p2a: Zygarde|66\/100\n|-start|p1a: Regidrago|confusion|[fatigue]\n|\n|-heal|p2a: Zygarde|72\/100|[from] item: Leftovers\n|upkeep\n|turn|5\n|inactive|Mayler7171 has 90 seconds left.\n|\n|t:|1700731395\n|switch|p1a: \u7f8e\u68a6|Cresselia, F|100\/100\n|move|p2a: Zygarde|Thousand Arrows|p1a: \u7f8e\u68a6\n|-damage|p1a: \u7f8e\u68a6|78\/100\n|-start|p1a: \u7f8e\u68a6|Smack Down\n|\n|-heal|p2a: Zygarde|78\/100|[from] item: Leftovers\n|upkeep\n|turn|6\n|inactive|Mayler7171 has 90 seconds left.\n|\n|t:|1700731408\n|move|p2a: Zygarde|Coil|p2a: Zygarde\n|-boost|p2a: Zygarde|atk|1\n|-boost|p2a: Zygarde|def|1\n|-boost|p2a: Zygarde|accuracy|1\n|move|p1a: \u7f8e\u68a6|Trick Room|p1a: \u7f8e\u68a6\n|-fieldstart|move: Trick Room|[of] p1a: \u7f8e\u68a6\n|\n|-heal|p2a: Zygarde|84\/100|[from] item: Leftovers\n|upkeep\n|turn|7\n|\n|t:|1700731416\n|move|p1a: \u7f8e\u68a6|Lunar Dance|p1a: \u7f8e\u68a6\n|faint|p1a: \u7f8e\u68a6\n|move|p2a: Zygarde|Dragon Tail|p1: \u7f8e\u68a6|[notarget]\n|-fail|p2a: Zygarde\n|\n|-heal|p2a: Zygarde|90\/100|[from] item: Leftovers\n|upkeep\n|\n|t:|1700731422\n|switch|p1a: Regidrago|Regidrago, shiny, tera:Dragon|100\/100\n|-heal|p1a: Regidrago|100\/100|[from] move: Lunar Dance\n|turn|8\n|\n|t:|1700731439\n|move|p1a: Regidrago|Dragon Energy|p2a: Zygarde\n|-damage|p2a: Zygarde|0 fnt\n|faint|p2a: Zygarde\n|\n|upkeep\n|inactive|Mayler7171 has 90 seconds left.\n|-message|Mayler7171 forfeited.\n|\n|win|TigerKing Tarun\n|raw|TigerKing Tarun's rating: 1358 &rarr; <strong>1383<\/strong><br \/>(+25 for winning)\n|raw|Mayler7171's rating: 1456 &rarr; <strong>1431<\/strong><br \/>(-25 for losing)\n|l|\u2606Mayler7171\n|l|\u2606TigerKing Tarun\n","uploadtime":1700731519,"views":2,"p1id":"tigerkingtarun","p2id":"mayler7171","formatid":"gen9nationaldexubers","rating":1383,"private":0,"password":""}