{"id":"gen9nationaldexubers-1990792937","p1":"3o2o2o2o2o","p2":"Gallade805","format":"[Gen 9] National Dex Ubers","log":"|j|\u26063o2o2o2o2o\n|j|\u2606Gallade805\n|t:|1700001369\n|gametype|singles\n|player|p1|3o2o2o2o2o|guitarist-gen3|1516\n|player|p2|Gallade805|lucas|1483\n|teamsize|p1|6\n|teamsize|p2|6\n|gen|9\n|tier|[Gen 9] National Dex Ubers\n|rated|\n|rule|HP Percentage Mod: HP is shown in percentages\n|rule|Endless Battle Clause: Forcing endless battles is banned\n|rule|OHKO Clause: OHKO moves are banned\n|rule|Evasion Moves Clause: Evasion moves are banned\n|rule|Evasion Items Clause: Evasion items are banned\n|rule|Species Clause: Limit one of each Pok\u00e9mon\n|rule|Sleep Clause Mod: Limit one foe put to sleep\n|rule|Mega Rayquaza Clause: You cannot mega evolve Rayquaza\n|clearpoke\n|poke|p1|Necrozma-Dusk-Mane|\n|poke|p1|Groudon|\n|poke|p1|Marshadow|\n|poke|p1|Deoxys-Attack|\n|poke|p1|Zacian-*|\n|poke|p1|Sunkern, M|\n|poke|p2|Kangaskhan, F|\n|poke|p2|Kyurem-White|\n|poke|p2|Xerneas-*|\n|poke|p2|Zacian-*|\n|poke|p2|Necrozma-Dawn-Wings|\n|poke|p2|Kyogre|\n|teampreview\n|inactive|Battle timer is ON: inactive players will automatically lose when time's up. (requested by 3o2o2o2o2o)\n|\n|t:|1700001372\n|start\n|switch|p1a: Ou in 200 B.C.\ud83e\udd76|Sunkern, M, shiny|100\/100\n|switch|p2a: Kangaskhan|Kangaskhan, F, shiny|100\/100\n|turn|1\n|\n|t:|1700001392\n|switch|p1a: Elvis mf|Marshadow|100\/100\n|detailschange|p2a: Kangaskhan|Kangaskhan-Mega, F, shiny\n|-mega|p2a: Kangaskhan|Kangaskhan|Kangaskhanite\n|move|p2a: Kangaskhan|Fake Out|p1a: Elvis mf\n|-immune|p1a: Elvis mf\n|\n|upkeep\n|turn|2\n|\n|t:|1700001404\n|move|p1a: Elvis mf|Spectral Thief|p2a: Kangaskhan\n|-immune|p2a: Kangaskhan\n|move|p2a: Kangaskhan|Ice Punch|p1a: Elvis mf\n|-damage|p1a: Elvis mf|67\/100\n|-damage|p1a: Elvis mf|59\/100\n|-hitcount|p1a: Elvis mf|2\n|\n|upkeep\n|turn|3\n|\n|t:|1700001414\n|move|p1a: Elvis mf|Close Combat|p2a: Kangaskhan\n|-supereffective|p2a: Kangaskhan\n|-crit|p2a: Kangaskhan\n|-damage|p2a: Kangaskhan|0 fnt\n|-unboost|p1a: Elvis mf|def|1\n|-unboost|p1a: Elvis mf|spd|1\n|faint|p2a: Kangaskhan\n|\n|upkeep\n|\n|t:|1700001418\n|switch|p2a: Xerneas|Xerneas|100\/100\n|-ability|p2a: Xerneas|Fairy Aura\n|turn|4\n|\n|t:|1700001421\n|move|p1a: Elvis mf|Spectral Thief|p2a: Xerneas\n|-damage|p2a: Xerneas|64\/100\n|move|p2a: Xerneas|Geomancy||[still]\n|-prepare|p2a: Xerneas|Geomancy\n|-enditem|p2a: Xerneas|Power Herb\n|-anim|p2a: Xerneas|Geomancy|p2a: Xerneas\n|-boost|p2a: Xerneas|spa|2\n|-boost|p2a: Xerneas|spd|2\n|-boost|p2a: Xerneas|spe|2\n|\n|upkeep\n|turn|5\n|\n|t:|1700001433\n|move|p2a: Xerneas|Moonblast|p1a: Elvis mf\n|-supereffective|p1a: Elvis mf\n|-damage|p1a: Elvis mf|0 fnt\n|faint|p1a: Elvis mf\n|\n|upkeep\n|\n|t:|1700001438\n|switch|p1a: Ou in 200 B.C.\ud83e\udd76|Sunkern, M, shiny|100\/100\n|turn|6\n|\n|t:|1700001443\n|move|p2a: Xerneas|Moonblast|p1a: Ou in 200 B.C.\ud83e\udd76\n|-enditem|p1a: Ou in 200 B.C.\ud83e\udd76|Focus Sash\n|-damage|p1a: Ou in 200 B.C.\ud83e\udd76|1\/100\n|move|p1a: Ou in 200 B.C.\ud83e\udd76|Toxic|p2a: Xerneas\n|-status|p2a: Xerneas|tox\n|\n|-damage|p2a: Xerneas|57\/100 tox|[from] psn\n|upkeep\n|turn|7\n|\n|t:|1700001450\n|move|p1a: Ou in 200 B.C.\ud83e\udd76|Protect|p1a: Ou in 200 B.C.\ud83e\udd76\n|-singleturn|p1a: Ou in 200 B.C.\ud83e\udd76|Protect\n|move|p2a: Xerneas|Moonblast|p1a: Ou in 200 B.C.\ud83e\udd76\n|-activate|p1a: Ou in 200 B.C.\ud83e\udd76|move: Protect\n|\n|-damage|p2a: Xerneas|45\/100 tox|[from] psn\n|upkeep\n|turn|8\n|\n|t:|1700001462\n|move|p2a: Xerneas|Moonblast|p1a: Ou in 200 B.C.\ud83e\udd76\n|-damage|p1a: Ou in 200 B.C.\ud83e\udd76|0 fnt\n|faint|p1a: Ou in 200 B.C.\ud83e\udd76\n|\n|-damage|p2a: Xerneas|27\/100 tox|[from] psn\n|upkeep\n|\n|t:|1700001465\n|switch|p1a: Strong mf|Deoxys-Attack, shiny|100\/100\n|-ability|p1a: Strong mf|Pressure\n|turn|9\n|\n|t:|1700001468\n|move|p1a: Strong mf|Extreme Speed|p2a: Xerneas\n|-damage|p2a: Xerneas|0 fnt\n|faint|p2a: Xerneas\n|-damage|p1a: Strong mf|91\/100|[from] item: Life Orb\n|\n|upkeep\n|\n|t:|1700001473\n|switch|p2a: Necrozma|Necrozma-Dawn-Wings|100\/100\n|turn|10\n|\n|t:|1700001476\n|switch|p1a: Mf mf|Groudon, shiny|100\/100\n|detailschange|p1a: Mf mf|Groudon-Primal, shiny\n|-primal|p1a: Mf mf|Red Orb\n|-weather|DesolateLand|[from] ability: Desolate Land|[of] p1a: Mf mf\n|move|p2a: Necrozma|Moongeist Beam|p1a: Mf mf\n|-damage|p1a: Mf mf|22\/100\n|\n|-weather|DesolateLand|[upkeep]\n|upkeep\n|turn|11\n|\n|t:|1700001484\n|move|p1a: Mf mf|Heat Crash|p2a: Necrozma\n|-damage|p2a: Necrozma|41\/100\n|move|p2a: Necrozma|Moongeist Beam|p1a: Mf mf\n|-damage|p1a: Mf mf|0 fnt\n|faint|p1a: Mf mf\n|-weather|none\n|\n|upkeep\n|\n|t:|1700001502\n|switch|p1a: Sweep mf|Necrozma-Dusk-Mane, shiny|100\/100\n|turn|12\n|\n|t:|1700001506\n|move|p1a: Sweep mf|Dragon Dance|p1a: Sweep mf\n|-boost|p1a: Sweep mf|atk|1\n|-boost|p1a: Sweep mf|spe|1\n|move|p2a: Necrozma|Moongeist Beam|p1a: Sweep mf\n|-supereffective|p1a: Sweep mf\n|-damage|p1a: Sweep mf|0 fnt\n|faint|p1a: Sweep mf\n|\n|upkeep\n|\n|t:|1700001514\n|switch|p1a: Sword mf|Zacian-Crowned, shiny|100\/100\n|-ability|p1a: Sword mf|Intrepid Sword|boost\n|-boost|p1a: Sword mf|atk|1\n|turn|13\n|\n|t:|1700001517\n|move|p1a: Sword mf|Play Rough|p2a: Necrozma\n|-damage|p2a: Necrozma|0 fnt\n|faint|p2a: Necrozma\n|\n|upkeep\n|c|\u26063o2o2o2o2o|Winnible\n|\n|t:|1700001523\n|switch|p2a: Zacian|Zacian-Crowned, shiny|100\/100\n|-ability|p2a: Zacian|Intrepid Sword|boost\n|-boost|p2a: Zacian|atk|1\n|turn|14\n|\n|t:|1700001526\n|-terastallize|p1a: Sword mf|Ground\n|move|p2a: Zacian|Behemoth Blade|p1a: Sword mf\n|-damage|p1a: Sword mf|16\/100\n|move|p1a: Sword mf|Tera Blast|p2a: Zacian|[anim] Tera Blast Ground\n|-supereffective|p2a: Zacian\n|-damage|p2a: Zacian|0 fnt\n|faint|p2a: Zacian\n|\n|upkeep\n|\n|t:|1700001534\n|switch|p2a: Kyurem|Kyurem-White|100\/100\n|-ability|p2a: Kyurem|Turboblaze\n|turn|15\n|\n|t:|1700001541\n|move|p2a: Kyurem|Freeze-Dry|p1a: Sword mf\n|-supereffective|p1a: Sword mf\n|-damage|p1a: Sword mf|0 fnt\n|faint|p1a: Sword mf\n|\n|upkeep\n|\n|t:|1700001545\n|switch|p1a: Strong mf|Deoxys-Attack, shiny|91\/100\n|-ability|p1a: Strong mf|Pressure\n|turn|16\n|\n|t:|1700001551\n|move|p2a: Kyurem|Freeze-Dry|p1a: Strong mf\n|-damage|p1a: Strong mf|0 fnt\n|faint|p1a: Strong mf\n|\n|win|Gallade805\n|raw|3o2o2o2o2o's rating: 1502 &rarr; <strong>1481<\/strong><br \/>(-21 for losing)\n|raw|Gallade805's rating: 1483 &rarr; <strong>1504<\/strong><br \/>(+21 for winning)\n|c|\u26063o2o2o2o2o|Nvm lol\n|l|\u26063o2o2o2o2o\n","uploadtime":1700001745,"views":21,"p1id":"3o2o2o2o2o","p2id":"gallade805","formatid":"gen9nationaldexubers","rating":1481,"private":0,"password":""}