{"id":"gen9nationaldexubers-1990717131","p1":"Tiny Rhino","p2":"tyingtides","format":"[Gen 9] National Dex Ubers","log":"|j|\u2606Tiny Rhino\n|j|\u2606tyingtides\n|t:|1699994371\n|gametype|singles\n|player|p1|Tiny Rhino|101|\n|player|p2|tyingtides|dawn|\n|teamsize|p1|4\n|teamsize|p2|4\n|gen|9\n|tier|[Gen 9] National Dex Ubers\n|rule|HP Percentage Mod: HP is shown in percentages\n|rule|Endless Battle Clause: Forcing endless battles is banned\n|rule|OHKO Clause: OHKO moves are banned\n|rule|Evasion Moves Clause: Evasion moves are banned\n|rule|Evasion Items Clause: Evasion items are banned\n|rule|Species Clause: Limit one of each Pok\u00e9mon\n|rule|Sleep Clause Mod: Limit one foe put to sleep\n|rule|Mega Rayquaza Clause: You cannot mega evolve Rayquaza\n|clearpoke\n|poke|p1|Maractus, M|\n|poke|p1|Quaquaval, F|\n|poke|p1|Dragonite, M|\n|poke|p1|Armarouge, F|\n|poke|p2|Mienshao, F|\n|poke|p2|Breloom, M|\n|poke|p2|Ursaluna, F|\n|poke|p2|Mawile, F|\n|teampreview\n|c|\u2606Tiny Rhino|gl hf\n|\n|t:|1699994398\n|start\n|switch|p1a: I'm Trying|Maractus, M|100\/100\n|switch|p2a: Nom :3|Mawile, F|100\/100\n|-ability|p2a: Nom :3|Intimidate|boost\n|-unboost|p1a: I'm Trying|atk|1\n|turn|1\n|\n|t:|1699994422\n|move|p1a: I'm Trying|Spikes|p2a: Nom :3\n|-sidestart|p2: tyingtides|Spikes\n|move|p2a: Nom :3|Swords Dance|p2a: Nom :3\n|-boost|p2a: Nom :3|atk|2\n|\n|upkeep\n|turn|2\n|\n|t:|1699994444\n|move|p1a: I'm Trying|Spikes|p2a: Nom :3\n|-sidestart|p2: tyingtides|Spikes\n|move|p2a: Nom :3|Swords Dance|p2a: Nom :3\n|-boost|p2a: Nom :3|atk|2\n|\n|upkeep\n|turn|3\n|\n|t:|1699994463\n|switch|p1a: I CANT DANCE|Quaquaval, F|100\/100\n|move|p2a: Nom :3|Knock Off|p1a: I CANT DANCE\n|-resisted|p1a: I CANT DANCE\n|-damage|p1a: I CANT DANCE|55\/100\n|-enditem|p1a: I CANT DANCE|Leftovers|[from] move: Knock Off|[of] p2a: Nom :3\n|\n|upkeep\n|turn|4\n|\n|t:|1699994478\n|move|p1a: I CANT DANCE|Aqua Step|p2a: Nom :3\n|-damage|p2a: Nom :3|54\/100\n|-boost|p1a: I CANT DANCE|spe|1\n|move|p2a: Nom :3|Play Rough|p1a: I CANT DANCE\n|-supereffective|p1a: I CANT DANCE\n|-damage|p1a: I CANT DANCE|0 fnt\n|faint|p1a: I CANT DANCE\n|\n|upkeep\n|\n|t:|1699994490\n|switch|p1a: Amy - Rogue|Armarouge, F|100\/100\n|turn|5\n|\n|t:|1699994510\n|move|p1a: Amy - Rogue|Armor Cannon|p2a: Nom :3\n|-supereffective|p2a: Nom :3\n|-damage|p2a: Nom :3|0 fnt\n|-unboost|p1a: Amy - Rogue|def|1\n|-unboost|p1a: Amy - Rogue|spd|1\n|faint|p2a: Nom :3\n|\n|upkeep\n|\n|t:|1699994531\n|switch|p2a: moonpig.com|Ursaluna, F|100\/100\n|-damage|p2a: moonpig.com|84\/100|[from] Spikes\n|turn|6\n|\n|t:|1699994541\n|move|p1a: Amy - Rogue|Aura Sphere|p2a: moonpig.com\n|-supereffective|p2a: moonpig.com\n|-damage|p2a: moonpig.com|39\/100\n|move|p2a: moonpig.com|Metronome|p2a: moonpig.com\n|move|p2a: moonpig.com|Pluck|p1a: Amy - Rogue|[from]move: Metronome\n|-damage|p1a: Amy - Rogue|63\/100\n|-ability|p1a: Amy - Rogue|Weak Armor|boost\n|-unboost|p1a: Amy - Rogue|def|1\n|-boost|p1a: Amy - Rogue|spe|2\n|\n|-status|p2a: moonpig.com|brn|[from] item: Flame Orb\n|upkeep\n|turn|7\n|\n|t:|1699994557\n|move|p1a: Amy - Rogue|Armor Cannon|p2a: moonpig.com\n|-damage|p2a: moonpig.com|0 fnt\n|-unboost|p1a: Amy - Rogue|def|1\n|-unboost|p1a: Amy - Rogue|spd|1\n|faint|p2a: moonpig.com\n|\n|upkeep\n|\n|t:|1699994577\n|switch|p2a: Goomba|Breloom, M, shiny|100\/100\n|-damage|p2a: Goomba|84\/100|[from] Spikes\n|turn|8\n|\n|t:|1699994589\n|move|p1a: Amy - Rogue|Armor Cannon|p2a: Goomba\n|-supereffective|p2a: Goomba\n|-damage|p2a: Goomba|0 fnt\n|-unboost|p1a: Amy - Rogue|def|1\n|-unboost|p1a: Amy - Rogue|spd|1\n|faint|p2a: Goomba\n|\n|upkeep\n|\n|t:|1699994597\n|switch|p2a: RevolvingDoor|Mienshao, F|100\/100\n|-damage|p2a: RevolvingDoor|84\/100|[from] Spikes\n|turn|9\n|\n|t:|1699994621\n|move|p1a: Amy - Rogue|Armor Cannon|p2a: RevolvingDoor\n|-crit|p2a: RevolvingDoor\n|-damage|p2a: RevolvingDoor|0 fnt\n|-unboost|p1a: Amy - Rogue|def|1\n|-unboost|p1a: Amy - Rogue|spd|1\n|faint|p2a: RevolvingDoor\n|\n|win|Tiny Rhino\n|c|\u2606Tiny Rhino|gg\n|l|\u2606Tiny Rhino\n|j|\u2606Tiny Rhino\n|player|p1|Tiny Rhino|101\n","uploadtime":1699994648,"views":10,"p1id":"tinyrhino","p2id":"tyingtides","formatid":"gen9nationaldexubers","rating":0,"private":0,"password":""}