{"id":"gen9nationaldexubers-1983678232","p1":"thewerehog88","p2":"JDTaurus","format":"[Gen 9] National Dex Ubers","log":"|j|\u2606thewerehog88\n|j|\u2606JDTaurus\n|t:|1699159276\n|gametype|singles\n|player|p1|thewerehog88|101|\n|player|p2|JDTaurus|265|\n|teamsize|p1|6\n|teamsize|p2|6\n|gen|9\n|tier|[Gen 9] National Dex Ubers\n|rule|HP Percentage Mod: HP is shown in percentages\n|rule|Endless Battle Clause: Forcing endless battles is banned\n|rule|OHKO Clause: OHKO moves are banned\n|rule|Evasion Moves Clause: Evasion moves are banned\n|rule|Evasion Items Clause: Evasion items are banned\n|rule|Species Clause: Limit one of each Pok\u00e9mon\n|rule|Sleep Clause Mod: Limit one foe put to sleep\n|rule|Mega Rayquaza Clause: You cannot mega evolve Rayquaza\n|clearpoke\n|poke|p1|Staraptor, F|\n|poke|p1|Crawdaunt, M|\n|poke|p1|Lycanroc-Dusk, F|\n|poke|p1|Azelf|\n|poke|p1|Blissey, F|\n|poke|p1|Electrode|\n|poke|p2|Quagsire, M|\n|poke|p2|Gholdengo|\n|poke|p2|Rotom-Heat|\n|poke|p2|Scizor, F|\n|poke|p2|Quaquaval, M|\n|poke|p2|Skarmory, F|\n|teampreview\n|c|\u2606thewerehog88|The wheel of fate is turning\n|c|\u2606thewerehog88|Rebel 2: Action\n|j| RuneTempest\n|j| DarthBowser151\n|j| HarmTurtle\n|c| HarmTurtle|First Clause: Divide!\n|j| Ipenguin12\n|c| HarmTurtle|Wait whoops, second\n|c| HarmTurtle|I know how to count I swear\n|j| Completeanimefan\n|c| Completeanimefan|Round 69: FIGHT\n|c| Ipenguin12|(technically round 2)\n|\n|t:|1699159415\n|start\n|switch|p1a: AnimeFan|Staraptor, F|100\/100\n|switch|p2a: Rotom|Rotom-Heat|100\/100\n|-ability|p1a: AnimeFan|Intimidate|boost\n|-unboost|p2a: Rotom|atk|1\n|turn|1\n|\n|t:|1699159434\n|move|p1a: AnimeFan|Close Combat|p2a: Rotom\n|-crit|p2a: Rotom\n|-damage|p2a: Rotom|37\/100\n|-unboost|p1a: AnimeFan|def|1\n|-unboost|p1a: AnimeFan|spd|1\n|move|p2a: Rotom|Trick|p1a: AnimeFan\n|-activate|p2a: Rotom|move: Trick|[of] p1a: AnimeFan\n|-item|p1a: AnimeFan|Flame Orb|[from] move: Trick\n|-item|p2a: Rotom|Focus Sash|[from] move: Trick\n|\n|-status|p1a: AnimeFan|brn|[from] item: Flame Orb\n|upkeep\n|turn|2\n|\n|t:|1699159452\n|-terastallize|p1a: AnimeFan|Fighting\n|move|p1a: AnimeFan|Close Combat|p2a: Rotom\n|-damage|p2a: Rotom|2\/100\n|-unboost|p1a: AnimeFan|def|1\n|-unboost|p1a: AnimeFan|spd|1\n|move|p2a: Rotom|Volt Switch|p1a: AnimeFan\n|-damage|p1a: AnimeFan|14\/100 brn\n|\n|t:|1699159468\n|switch|p2a: Quaquaval|Quaquaval, M|100\/100|[from] Volt Switch\n|\n|-damage|p1a: AnimeFan|8\/100 brn|[from] brn\n|upkeep\n|turn|3\n|\n|t:|1699159478\n|move|p1a: AnimeFan|Endeavor|p2a: Quaquaval\n|-damage|p2a: Quaquaval|8\/100\n|move|p2a: Quaquaval|Flip Turn|p1a: AnimeFan\n|-damage|p1a: AnimeFan|0 fnt\n|faint|p1a: AnimeFan\n|-ability|p2a: Quaquaval|Moxie|boost\n|-boost|p2a: Quaquaval|atk|1\n|\n|t:|1699159490\n|switch|p2a: Skarmory|Skarmory, F|100\/100|[from] Flip Turn\n|\n|upkeep\n|\n|t:|1699159499\n|switch|p1a: TourneyExpectation|Electrode|100\/100\n|turn|4\n|\n|t:|1699159512\n|switch|p2a: Quagsire|Quagsire, M|100\/100\n|move|p1a: TourneyExpectation|Volt Switch|p2a: Quagsire\n|-immune|p2a: Quagsire\n|\n|upkeep\n|turn|5\n|\n|t:|1699159540\n|switch|p1a: JDTaurus|Blissey, F|100\/100\n|move|p2a: Quagsire|Toxic|p1a: JDTaurus\n|-status|p1a: JDTaurus|tox\n|\n|-damage|p1a: JDTaurus|94\/100 tox|[from] psn\n|upkeep\n|turn|6\n|\n|t:|1699159548\n|move|p1a: JDTaurus|Metronome|p1a: JDTaurus\n|move|p1a: JDTaurus|Tackle|p2a: Quagsire|[from]move: Metronome\n|-damage|p2a: Quagsire|98\/100\n|move|p2a: Quagsire|Substitute|p2a: Quagsire\n|-start|p2a: Quagsire|Substitute\n|-damage|p2a: Quagsire|73\/100\n|\n|-heal|p1a: JDTaurus|100\/100 tox|[from] item: Leftovers\n|-heal|p2a: Quagsire|79\/100|[from] item: Leftovers\n|-damage|p1a: JDTaurus|88\/100 tox|[from] psn\n|upkeep\n|turn|7\n|\n|t:|1699159573\n|-curestatus|p1a: JDTaurus|tox|[from] ability: Natural Cure\n|switch|p1a: TourneyExpectation|Electrode|100\/100\n|move|p2a: Quagsire|Haze|p2a: Quagsire\n|-clearallboost\n|\n|-heal|p2a: Quagsire|86\/100|[from] item: Leftovers\n|upkeep\n|turn|8\n|\n|t:|1699159591\n|move|p1a: TourneyExpectation|Explosion||[still]\n|cant|p2a: Quagsire|ability: Damp|Explosion|[of] p1a: TourneyExpectation\n|move|p2a: Quagsire|Haze|p2a: Quagsire\n|-clearallboost\n|\n|-heal|p2a: Quagsire|92\/100|[from] item: Leftovers\n|upkeep\n|turn|9\n|\n|t:|1699159600\n|move|p1a: TourneyExpectation|Explosion||[still]\n|cant|p2a: Quagsire|ability: Damp|Explosion|[of] p1a: TourneyExpectation\n|move|p2a: Quagsire|Toxic|p1a: TourneyExpectation\n|-status|p1a: TourneyExpectation|tox\n|\n|-heal|p2a: Quagsire|98\/100|[from] item: Leftovers\n|-damage|p1a: TourneyExpectation|94\/100 tox|[from] psn\n|upkeep\n|turn|10\n|c| Ipenguin12|awww\n|c|\u2606thewerehog88|We gon be here awhile\n|\n|t:|1699159643\n|switch|p1a: JDTaurus|Blissey, F|88\/100\n|move|p2a: Quagsire|Haze|p2a: Quagsire\n|-clearallboost\n|\n|-heal|p1a: JDTaurus|94\/100|[from] item: Leftovers\n|-heal|p2a: Quagsire|100\/100|[from] item: Leftovers\n|upkeep\n|turn|11\n|\n|t:|1699159656\n|move|p1a: JDTaurus|Metronome|p1a: JDTaurus\n|move|p1a: JDTaurus|Mystical Power|p2a: Quagsire|[from]move: Metronome\n|-activate|p2a: Quagsire|move: Substitute|[damage]\n|-boost|p1a: JDTaurus|spa|1\n|move|p2a: Quagsire|Haze|p2a: Quagsire\n|-clearallboost\n|\n|-heal|p1a: JDTaurus|100\/100|[from] item: Leftovers\n|upkeep\n|turn|12\n|\n|t:|1699159667\n|move|p1a: JDTaurus|Metronome|p1a: JDTaurus\n|move|p1a: JDTaurus|Tail Whip||[from]move: Metronome|[still]\n|-fail|p1a: JDTaurus\n|move|p2a: Quagsire|Haze|p2a: Quagsire\n|-clearallboost\n|\n|upkeep\n|turn|13\n|\n|t:|1699159675\n|move|p1a: JDTaurus|Metronome|p1a: JDTaurus\n|move|p1a: JDTaurus|Last Respects|p2a: Quagsire|[from]move: Metronome\n|-end|p2a: Quagsire|Substitute\n|move|p2a: Quagsire|Haze|p2a: Quagsire\n|-clearallboost\n|\n|upkeep\n|turn|14\n|\n|t:|1699159684\n|move|p1a: JDTaurus|Metronome|p1a: JDTaurus\n|move|p1a: JDTaurus|Rising Voltage|p2a: Quagsire|[from]move: Metronome\n|-immune|p2a: Quagsire\n|move|p2a: Quagsire|Substitute|p2a: Quagsire\n|-start|p2a: Quagsire|Substitute\n|-damage|p2a: Quagsire|76\/100\n|\n|-heal|p2a: Quagsire|82\/100|[from] item: Leftovers\n|upkeep\n|turn|15\n|\n|t:|1699159693\n|move|p1a: JDTaurus|Metronome|p1a: JDTaurus\n|move|p1a: JDTaurus|Psychic Fangs|p2a: Quagsire|[from]move: Metronome\n|-activate|p2a: Quagsire|move: Substitute|[damage]\n|move|p2a: Quagsire|Haze|p2a: Quagsire\n|-clearallboost\n|\n|-heal|p2a: Quagsire|88\/100|[from] item: Leftovers\n|upkeep\n|turn|16\n|\n|t:|1699159704\n|move|p1a: JDTaurus|Metronome|p1a: JDTaurus\n|move|p1a: JDTaurus|Toxic||[from]move: Metronome|[still]\n|-fail|p1a: JDTaurus\n|move|p2a: Quagsire|Toxic|p1a: JDTaurus\n|-status|p1a: JDTaurus|tox\n|\n|-heal|p2a: Quagsire|94\/100|[from] item: Leftovers\n|-damage|p1a: JDTaurus|94\/100 tox|[from] psn\n|upkeep\n|turn|17\n|\n|t:|1699159716\n|move|p1a: JDTaurus|Metronome|p1a: JDTaurus\n|move|p1a: JDTaurus|Sandsear Storm|p2a: Quagsire|[from]move: Metronome\n|-end|p2a: Quagsire|Substitute\n|move|p2a: Quagsire|Haze|p2a: Quagsire\n|-clearallboost\n|\n|-heal|p1a: JDTaurus|100\/100 tox|[from] item: Leftovers\n|-heal|p2a: Quagsire|99\/100|[from] item: Leftovers\n|-damage|p1a: JDTaurus|88\/100 tox|[from] psn\n|upkeep\n|turn|18\n|\n|t:|1699159728\n|move|p1a: JDTaurus|Metronome|p1a: JDTaurus\n|move|p1a: JDTaurus|Thunder Fang|p2a: Quagsire|[from]move: Metronome\n|-immune|p2a: Quagsire\n|move|p2a: Quagsire|Substitute|p2a: Quagsire\n|-start|p2a: Quagsire|Substitute\n|-damage|p2a: Quagsire|75\/100\n|\n|-heal|p1a: JDTaurus|94\/100 tox|[from] item: Leftovers\n|-heal|p2a: Quagsire|81\/100|[from] item: Leftovers\n|-damage|p1a: JDTaurus|76\/100 tox|[from] psn\n|upkeep\n|turn|19\n|\n|t:|1699159757\n|move|p1a: JDTaurus|Metronome|p1a: JDTaurus\n|move|p1a: JDTaurus|Dream Eater|p2a: Quagsire|[from]move: Metronome\n|-immune|p2a: Quagsire\n|move|p2a: Quagsire|Haze|p2a: Quagsire\n|-clearallboost\n|\n|-heal|p1a: JDTaurus|82\/100 tox|[from] item: Leftovers\n|-heal|p2a: Quagsire|87\/100|[from] item: Leftovers\n|-damage|p1a: JDTaurus|57\/100 tox|[from] psn\n|upkeep\n|turn|20\n|\n|t:|1699159769\n|move|p1a: JDTaurus|Metronome|p1a: JDTaurus\n|move|p1a: JDTaurus|Liquidation|p2a: Quagsire|[from]move: Metronome\n|-crit|p2a: Quagsire\n|-activate|p2a: Quagsire|move: Substitute|[damage]\n|move|p2a: Quagsire|Haze|p2a: Quagsire\n|-clearallboost\n|\n|-heal|p1a: JDTaurus|64\/100 tox|[from] item: Leftovers\n|-heal|p2a: Quagsire|93\/100|[from] item: Leftovers\n|-damage|p1a: JDTaurus|33\/100 tox|[from] psn\n|upkeep\n|turn|21\n|\n|t:|1699159782\n|move|p2a: Quagsire|Haze|p2a: Quagsire\n|-clearallboost\n|move|p1a: JDTaurus|Teleport|p1a: JDTaurus\n|\n|t:|1699159790\n|-curestatus|p1a: JDTaurus|tox|[from] ability: Natural Cure\n|switch|p1a: ipenguin12|Azelf|100\/100|[from] Teleport\n|\n|-heal|p2a: Quagsire|99\/100|[from] item: Leftovers\n|upkeep\n|turn|22\n|\n|t:|1699159803\n|move|p1a: ipenguin12|Metronome|p1a: ipenguin12\n|move|p1a: ipenguin12|Focus Energy|p1a: ipenguin12|[from]move: Metronome\n|-start|p1a: ipenguin12|move: Focus Energy\n|move|p2a: Quagsire|Toxic|p1a: ipenguin12\n|-status|p1a: ipenguin12|tox\n|\n|-heal|p2a: Quagsire|100\/100|[from] item: Leftovers\n|-damage|p1a: ipenguin12|94\/100 tox|[from] psn\n|upkeep\n|turn|23\n|\n|t:|1699159813\n|move|p1a: ipenguin12|Metronome|p1a: ipenguin12\n|move|p1a: ipenguin12|Roar|p2a: Quagsire|[from]move: Metronome\n|drag|p2a: Quaquaval|Quaquaval, M|8\/100\n|\n|-heal|p1a: ipenguin12|100\/100 tox|[from] item: Leftovers\n|-damage|p1a: ipenguin12|88\/100 tox|[from] psn\n|upkeep\n|turn|24\n|c| Ipenguin12|i respect it werehog\n|\n|t:|1699159822\n|move|p2a: Quaquaval|Roost|p2a: Quaquaval\n|-heal|p2a: Quaquaval|58\/100\n|-singleturn|p2a: Quaquaval|move: Roost\n|move|p1a: ipenguin12|Metronome|p1a: ipenguin12\n|move|p1a: ipenguin12|Powder Snow|p2a: Quaquaval|[from]move: Metronome\n|-resisted|p2a: Quaquaval\n|-crit|p2a: Quaquaval\n|-damage|p2a: Quaquaval|45\/100\n|-status|p2a: Quaquaval|frz\n|\n|-heal|p1a: ipenguin12|94\/100 tox|[from] item: Leftovers\n|-damage|p1a: ipenguin12|76\/100 tox|[from] psn\n|upkeep\n|turn|25\n|\n|t:|1699159839\n|switch|p2a: Gholdengo|Gholdengo|100\/100\n|switch|p1a: Werehog|Lycanroc-Dusk, F|100\/100\n|\n|upkeep\n|turn|26\n|\n|t:|1699159856\n|move|p1a: Werehog|Sucker Punch||[still]\n|-fail|p1a: Werehog\n|move|p2a: Gholdengo|Thunder Wave|p1a: Werehog\n|-status|p1a: Werehog|par\n|\n|upkeep\n|turn|27\n|\n|t:|1699159863\n|move|p2a: Gholdengo|Hex|p1a: Werehog\n|-enditem|p1a: Werehog|Focus Sash\n|-damage|p1a: Werehog|1\/100 par\n|move|p1a: Werehog|Stone Edge|p2a: Gholdengo\n|-resisted|p2a: Gholdengo\n|-damage|p2a: Gholdengo|78\/100\n|\n|upkeep\n|turn|28\n|\n|t:|1699159880\n|move|p1a: Werehog|Sucker Punch|p2a: Gholdengo\n|-supereffective|p2a: Gholdengo\n|-damage|p2a: Gholdengo|22\/100\n|move|p2a: Gholdengo|Shadow Ball|p1a: Werehog\n|-damage|p1a: Werehog|0 fnt\n|faint|p1a: Werehog\n|\n|upkeep\n|\n|t:|1699159892\n|switch|p1a: Darth|Crawdaunt, M|100\/100\n|turn|29\n|\n|t:|1699159903\n|move|p1a: Darth|Aqua Jet|p2a: Gholdengo\n|-damage|p2a: Gholdengo|0 fnt\n|faint|p2a: Gholdengo\n|\n|upkeep\n|\n|t:|1699159915\n|switch|p2a: Scizor|Scizor, F|100\/100\n|turn|30\n|\n|t:|1699159924\n|move|p1a: Darth|Aqua Jet|p2a: Scizor\n|-crit|p2a: Scizor\n|-damage|p2a: Scizor|62\/100\n|move|p2a: Scizor|Pounce|p1a: Darth\n|-supereffective|p1a: Darth\n|-enditem|p1a: Darth|Focus Sash\n|-damage|p1a: Darth|1\/100\n|-unboost|p1a: Darth|spe|1\n|\n|upkeep\n|turn|31\n|\n|t:|1699159934\n|move|p1a: Darth|Aqua Jet|p2a: Scizor\n|-damage|p2a: Scizor|36\/100\n|move|p2a: Scizor|U-turn|p1a: Darth\n|-supereffective|p1a: Darth\n|-damage|p1a: Darth|0 fnt\n|faint|p1a: Darth\n|\n|t:|1699159945\n|switch|p2a: Quagsire|Quagsire, M|100\/100|[from] U-turn\n|\n|upkeep\n|\n|t:|1699159948\n|switch|p1a: ipenguin12|Azelf|76\/100 tox\n|turn|32\n|\n|t:|1699159951\n|move|p1a: ipenguin12|Metronome|p1a: ipenguin12\n|move|p1a: ipenguin12|Bug Buzz|p2a: Quagsire|[from]move: Metronome\n|-damage|p2a: Quagsire|63\/100\n|move|p2a: Quagsire|Substitute|p2a: Quagsire\n|-start|p2a: Quagsire|Substitute\n|-damage|p2a: Quagsire|38\/100\n|\n|-heal|p1a: ipenguin12|82\/100 tox|[from] item: Leftovers\n|-heal|p2a: Quagsire|44\/100|[from] item: Leftovers\n|-damage|p1a: ipenguin12|76\/100 tox|[from] psn\n|upkeep\n|turn|33\n|\n|t:|1699159963\n|move|p1a: ipenguin12|Metronome|p1a: ipenguin12\n|move|p1a: ipenguin12|Defense Curl|p1a: ipenguin12|[from]move: Metronome\n|-boost|p1a: ipenguin12|def|1\n|move|p2a: Quagsire|Recover|p2a: Quagsire\n|-heal|p2a: Quagsire|94\/100\n|\n|-heal|p1a: ipenguin12|82\/100 tox|[from] item: Leftovers\n|-heal|p2a: Quagsire|99\/100|[from] item: Leftovers\n|-damage|p1a: ipenguin12|70\/100 tox|[from] psn\n|upkeep\n|turn|34\n|\n|t:|1699159978\n|move|p1a: ipenguin12|Metronome|p1a: ipenguin12\n|move|p1a: ipenguin12|Taunt|p2a: Quagsire|[from]move: Metronome\n|-start|p2a: Quagsire|move: Taunt\n|cant|p2a: Quagsire|move: Taunt|Haze\n|\n|-heal|p1a: ipenguin12|76\/100 tox|[from] item: Leftovers\n|-heal|p2a: Quagsire|100\/100|[from] item: Leftovers\n|-damage|p1a: ipenguin12|57\/100 tox|[from] psn\n|upkeep\n|turn|35\n|\n|t:|1699159992\n|move|p1a: ipenguin12|Metronome|p1a: ipenguin12\n|move|p1a: ipenguin12|Smart Strike|p2a: Quagsire|[from]move: Metronome\n|-resisted|p2a: Quagsire\n|-activate|p2a: Quagsire|move: Substitute|[damage]\n|-activate|p2a: Quagsire|move: Struggle\n|move|p2a: Quagsire|Struggle|p1a: ipenguin12\n|-damage|p1a: ipenguin12|50\/100 tox\n|-damage|p2a: Quagsire|75\/100|[from] recoil\n|\n|-heal|p1a: ipenguin12|56\/100 tox|[from] item: Leftovers\n|-heal|p2a: Quagsire|81\/100|[from] item: Leftovers\n|-damage|p1a: ipenguin12|31\/100 tox|[from] psn\n|upkeep\n|turn|36\n|\n|t:|1699160006\n|switch|p1a: JDTaurus|Blissey, F|33\/100\n|-activate|p2a: Quagsire|move: Struggle\n|move|p2a: Quagsire|Struggle|p1a: JDTaurus\n|-damage|p1a: JDTaurus|18\/100\n|-damage|p2a: Quagsire|56\/100|[from] recoil\n|\n|-heal|p1a: JDTaurus|25\/100|[from] item: Leftovers\n|-heal|p2a: Quagsire|62\/100|[from] item: Leftovers\n|-end|p2a: Quagsire|move: Taunt\n|upkeep\n|turn|37\n|\n|t:|1699160034\n|move|p1a: JDTaurus|Metronome|p1a: JDTaurus\n|move|p1a: JDTaurus|Poison Jab|p2a: Quagsire|[from]move: Metronome\n|-resisted|p2a: Quagsire\n|-activate|p2a: Quagsire|move: Substitute|[damage]\n|move|p2a: Quagsire|Recover|p2a: Quagsire\n|-heal|p2a: Quagsire|100\/100\n|\n|-heal|p1a: JDTaurus|31\/100|[from] item: Leftovers\n|upkeep\n|turn|38\n|\n|t:|1699160048\n|move|p1a: JDTaurus|Metronome|p1a: JDTaurus\n|move|p1a: JDTaurus|Power Trip|p2a: Quagsire|[from]move: Metronome\n|-activate|p2a: Quagsire|move: Substitute|[damage]\n|move|p2a: Quagsire|Toxic|p1a: JDTaurus\n|-status|p1a: JDTaurus|tox\n|\n|-heal|p1a: JDTaurus|37\/100 tox|[from] item: Leftovers\n|-damage|p1a: JDTaurus|31\/100 tox|[from] psn\n|upkeep\n|turn|39\n|\n|t:|1699160063\n|move|p1a: JDTaurus|Metronome|p1a: JDTaurus\n|move|p1a: JDTaurus|Chloroblast|p2a: Quagsire|[from]move: Metronome\n|-supereffective|p2a: Quagsire\n|-end|p2a: Quagsire|Substitute\n|-damage|p1a: JDTaurus|0 fnt|[from] Recoil|[of] p2a: Quagsire\n|faint|p1a: JDTaurus\n|move|p2a: Quagsire|Haze|p2a: Quagsire\n|-clearallboost\n|\n|upkeep\n|\n|t:|1699160068\n|switch|p1a: ipenguin12|Azelf|31\/100 tox\n|turn|40\n|\n|t:|1699160075\n|move|p1a: ipenguin12|Metronome|p1a: ipenguin12\n|move|p1a: ipenguin12|Misty Terrain|p1a: ipenguin12|[from]move: Metronome\n|-fieldstart|move: Misty Terrain\n|move|p2a: Quagsire|Substitute|p2a: Quagsire\n|-start|p2a: Quagsire|Substitute\n|-damage|p2a: Quagsire|76\/100\n|\n|-heal|p1a: ipenguin12|37\/100 tox|[from] item: Leftovers\n|-heal|p2a: Quagsire|82\/100|[from] item: Leftovers\n|-damage|p1a: ipenguin12|31\/100 tox|[from] psn\n|upkeep\n|turn|41\n|\n|t:|1699160091\n|move|p1a: ipenguin12|Metronome|p1a: ipenguin12\n|move|p1a: ipenguin12|Toxic Thread||[from]move: Metronome|[still]\n|-fail|p1a: ipenguin12\n|move|p2a: Quagsire|Haze|p2a: Quagsire\n|-clearallboost\n|\n|-heal|p1a: ipenguin12|37\/100 tox|[from] item: Leftovers\n|-heal|p2a: Quagsire|88\/100|[from] item: Leftovers\n|-damage|p1a: ipenguin12|25\/100 tox|[from] psn\n|upkeep\n|turn|42\n|\n|t:|1699160111\n|move|p1a: ipenguin12|Metronome|p1a: ipenguin12\n|move|p1a: ipenguin12|Focus Blast|p2a: Quagsire|[from]move: Metronome\n|-end|p2a: Quagsire|Substitute\n|move|p2a: Quagsire|Haze|p2a: Quagsire\n|-clearallboost\n|\n|-heal|p1a: ipenguin12|31\/100 tox|[from] item: Leftovers\n|-heal|p2a: Quagsire|94\/100|[from] item: Leftovers\n|-damage|p1a: ipenguin12|13\/100 tox|[from] psn\n|upkeep\n|turn|43\n|\n|t:|1699160123\n|move|p1a: ipenguin12|Metronome|p1a: ipenguin12\n|move|p1a: ipenguin12|Gunk Shot|p2a: Quagsire|[from]move: Metronome\n|-resisted|p2a: Quagsire\n|-damage|p2a: Quagsire|82\/100\n|move|p2a: Quagsire|Haze|p2a: Quagsire\n|-clearallboost\n|\n|-heal|p1a: ipenguin12|19\/100 tox|[from] item: Leftovers\n|-heal|p2a: Quagsire|88\/100|[from] item: Leftovers\n|-damage|p1a: ipenguin12|0 fnt|[from] psn\n|faint|p1a: ipenguin12\n|upkeep\n|\n|t:|1699160128\n|switch|p1a: TourneyExpectation|Electrode|94\/100 tox\n|turn|44\n|\n|t:|1699160148\n|switch|p2a: Skarmory|Skarmory, F|100\/100\n|move|p1a: TourneyExpectation|Explosion|p2a: Skarmory\n|-resisted|p2a: Skarmory\n|-damage|p2a: Skarmory|75\/100\n|faint|p1a: TourneyExpectation\n|\n|win|JDTaurus\n","uploadtime":1699160157,"views":8,"p1id":"thewerehog88","p2id":"jdtaurus","formatid":"gen9nationaldexubers","rating":0,"private":0,"password":""}