{"id":"gen9nationaldexubers-1998424454","p1":"Dillregard","p2":"chengza","format":"[Gen 9] National Dex Ubers","log":"|j|\u2606Dillregard\n|j|\u2606chengza\n|t:|1700940794\n|gametype|singles\n|player|p1|Dillregard|cynthia-gen4|1169\n|player|p2|chengza|cynthia-gen4|1243\n|teamsize|p1|6\n|teamsize|p2|6\n|gen|9\n|tier|[Gen 9] National Dex Ubers\n|rated|\n|rule|HP Percentage Mod: HP is shown in percentages\n|rule|Endless Battle Clause: Forcing endless battles is banned\n|rule|OHKO Clause: OHKO moves are banned\n|rule|Evasion Moves Clause: Evasion moves are banned\n|rule|Evasion Items Clause: Evasion items are banned\n|rule|Species Clause: Limit one of each Pok\u00e9mon\n|rule|Sleep Clause Mod: Limit one foe put to sleep\n|rule|Mega Rayquaza Clause: You cannot mega evolve Rayquaza\n|clearpoke\n|poke|p1|Raichu, F|\n|poke|p1|Sceptile, F|\n|poke|p1|Walrein, F|\n|poke|p1|Flygon, M|\n|poke|p1|Swellow, F|\n|poke|p1|Aggron, F|\n|poke|p2|Dragonite, M|\n|poke|p2|Greninja-*, F|\n|poke|p2|Blaziken, F|\n|poke|p2|Tapu Lele|\n|poke|p2|Ninetales-Alola, F|\n|poke|p2|Celesteela|\n|teampreview\n|\n|t:|1700940807\n|start\n|switch|p1a: Swellow|Swellow, F|100\/100\n|switch|p2a: Celesteela|Celesteela, shiny|100\/100\n|turn|1\n|\n|t:|1700940814\n|move|p1a: Swellow|U-turn|p2a: Celesteela\n|-resisted|p2a: Celesteela\n|-damage|p2a: Celesteela|96\/100\n|\n|t:|1700940820\n|switch|p1a: Raichu|Raichu, F|100\/100|[from] U-turn\n|move|p2a: Celesteela|Meteor Beam||[still]\n|-prepare|p2a: Celesteela|Meteor Beam\n|-boost|p2a: Celesteela|spa|1\n|-enditem|p2a: Celesteela|Power Herb\n|-anim|p2a: Celesteela|Meteor Beam|p1a: Raichu\n|-damage|p1a: Raichu|39\/100\n|\n|upkeep\n|turn|2\n|\n|t:|1700940831\n|-terastallize|p2a: Celesteela|Dragon\n|move|p1a: Raichu|Volt Tackle|p2a: Celesteela\n|-resisted|p2a: Celesteela\n|-damage|p2a: Celesteela|73\/100\n|-damage|p1a: Raichu|29\/100|[from] Recoil\n|move|p2a: Celesteela|Autotomize|p2a: Celesteela\n|-boost|p2a: Celesteela|spe|2\n|-start|p2a: Celesteela|Autotomize\n|\n|upkeep\n|turn|3\n|\n|t:|1700940841\n|move|p2a: Celesteela|Air Slash|p1a: Raichu\n|-resisted|p1a: Raichu\n|-damage|p1a: Raichu|0 fnt\n|faint|p1a: Raichu\n|-ability|p2a: Celesteela|Beast Boost|boost\n|-boost|p2a: Celesteela|spa|1\n|\n|upkeep\n|\n|t:|1700940847\n|switch|p1a: Sceptile|Sceptile, F|100\/100\n|turn|4\n|\n|t:|1700940854\n|detailschange|p1a: Sceptile|Sceptile-Mega, F\n|-mega|p1a: Sceptile|Sceptile|Sceptilite\n|move|p2a: Celesteela|Flamethrower|p1a: Sceptile\n|-damage|p1a: Sceptile|11\/100\n|move|p1a: Sceptile|Scale Shot|p2a: Celesteela\n|-supereffective|p2a: Celesteela\n|-damage|p2a: Celesteela|54\/100\n|-supereffective|p2a: Celesteela\n|-damage|p2a: Celesteela|33\/100\n|-supereffective|p2a: Celesteela\n|-damage|p2a: Celesteela|13\/100\n|-hitcount|p2a: Celesteela|3\n|-unboost|p1a: Sceptile|def|1\n|-boost|p1a: Sceptile|spe|1\n|\n|upkeep\n|turn|5\n|\n|t:|1700940868\n|move|p1a: Sceptile|Scale Shot|p2a: Celesteela\n|-supereffective|p2a: Celesteela\n|-damage|p2a: Celesteela|0 fnt\n|faint|p2a: Celesteela\n|-hitcount|p2: Celesteela|1\n|-unboost|p1a: Sceptile|def|1\n|-boost|p1a: Sceptile|spe|1\n|\n|upkeep\n|\n|t:|1700940873\n|switch|p2a: Ninetales|Ninetales-Alola, F, shiny|100\/100\n|-weather|Snow|[from] ability: Snow Warning|[of] p2a: Ninetales\n|turn|6\n|\n|t:|1700940880\n|move|p1a: Sceptile|Leaf Storm|p2a: Ninetales\n|-damage|p2a: Ninetales|29\/100\n|-unboost|p1a: Sceptile|spa|2\n|move|p2a: Ninetales|Aurora Veil|p2a: Ninetales\n|-sidestart|p2: chengza|move: Aurora Veil\n|\n|-weather|Snow|[upkeep]\n|upkeep\n|turn|7\n|\n|t:|1700940892\n|move|p1a: Sceptile|Leaf Blade|p2a: Ninetales\n|-damage|p2a: Ninetales|14\/100\n|move|p2a: Ninetales|Freeze-Dry|p1a: Sceptile\n|-supereffective|p1a: Sceptile\n|-damage|p1a: Sceptile|0 fnt\n|faint|p1a: Sceptile\n|\n|-weather|Snow|[upkeep]\n|upkeep\n|\n|t:|1700940904\n|switch|p1a: Swellow|Swellow, F|100\/100\n|turn|8\n|\n|t:|1700940912\n|move|p1a: Swellow|Steel Wing|p2a: Ninetales\n|-supereffective|p2a: Ninetales\n|-damage|p2a: Ninetales|0 fnt\n|faint|p2a: Ninetales\n|\n|-weather|Snow|[upkeep]\n|-status|p1a: Swellow|brn|[from] item: Flame Orb\n|upkeep\n|\n|t:|1700940916\n|switch|p2a: Blaziken|Blaziken, F, shiny|100\/100\n|turn|9\n|\n|t:|1700940927\n|detailschange|p2a: Blaziken|Blaziken-Mega, F, shiny\n|-mega|p2a: Blaziken|Blaziken|Blazikenite\n|move|p1a: Swellow|Brave Bird|p2a: Blaziken\n|-supereffective|p2a: Blaziken\n|-damage|p2a: Blaziken|9\/100\n|-damage|p1a: Swellow|66\/100 brn|[from] Recoil\n|move|p2a: Blaziken|Swords Dance|p2a: Blaziken\n|-boost|p2a: Blaziken|atk|2\n|\n|-weather|Snow|[upkeep]\n|-damage|p1a: Swellow|60\/100 brn|[from] brn\n|-ability|p2a: Blaziken|Speed Boost|boost\n|-boost|p2a: Blaziken|spe|1\n|upkeep\n|turn|10\n|\n|t:|1700940942\n|move|p2a: Blaziken|Knock Off|p1a: Swellow\n|-damage|p1a: Swellow|0 fnt\n|-enditem|p1a: Swellow|Flame Orb|[from] move: Knock Off|[of] p2a: Blaziken\n|faint|p1a: Swellow\n|\n|-weather|none\n|-ability|p2a: Blaziken|Speed Boost|boost\n|-boost|p2a: Blaziken|spe|1\n|upkeep\n|\n|t:|1700940948\n|switch|p1a: Walrein|Walrein, F|100\/100\n|turn|11\n|\n|t:|1700940954\n|move|p2a: Blaziken|Close Combat|p1a: Walrein\n|-supereffective|p1a: Walrein\n|-damage|p1a: Walrein|0 fnt\n|-unboost|p2a: Blaziken|def|1\n|-unboost|p2a: Blaziken|spd|1\n|faint|p1a: Walrein\n|\n|-ability|p2a: Blaziken|Speed Boost|boost\n|-boost|p2a: Blaziken|spe|1\n|upkeep\n|\n|t:|1700940961\n|switch|p1a: Flygon|Flygon, M|100\/100\n|turn|12\n|\n|t:|1700940970\n|move|p2a: Blaziken|Close Combat|p1a: Flygon\n|-damage|p1a: Flygon|0 fnt\n|-unboost|p2a: Blaziken|def|1\n|-unboost|p2a: Blaziken|spd|1\n|faint|p1a: Flygon\n|\n|-ability|p2a: Blaziken|Speed Boost|boost\n|-boost|p2a: Blaziken|spe|1\n|upkeep\n|\n|t:|1700940977\n|switch|p1a: Aggron|Aggron, F|100\/100\n|turn|13\n|\n|t:|1700940983\n|-terastallize|p1a: Aggron|Steel\n|move|p2a: Blaziken|Flare Blitz|p1a: Aggron\n|-supereffective|p1a: Aggron\n|-damage|p1a: Aggron|0 fnt\n|-damage|p2a: Blaziken|0 fnt|[from] item: Rocky Helmet|[of] p1a: Aggron\n|faint|p1a: Aggron\n|faint|p2a: Blaziken\n|\n|win|chengza\n|raw|Dillregard's rating: 1169 &rarr; <strong>1149<\/strong><br \/>(-20 for losing)\n|raw|chengza's rating: 1243 &rarr; <strong>1263<\/strong><br \/>(+20 for winning)\n|l|\u2606Dillregard\n","uploadtime":1700940994,"views":10,"p1id":"dillregard","p2id":"chengza","formatid":"gen9nationaldexubers","rating":1149,"private":0,"password":""}