{"id":"gen9nationaldexubers-1993242176","p1":"dawniedawns","p2":"Ferret i guess","format":"[Gen 9] National Dex Ubers","log":"|j|\u2606dawniedawns\n|j|\u2606Ferret i guess\n|t:|1700282999\n|gametype|singles\n|player|p1|dawniedawns|falkner|\n|player|p2|Ferret i guess|psychicf|\n|teamsize|p1|6\n|teamsize|p2|6\n|gen|9\n|tier|[Gen 9] National Dex Ubers\n|rule|HP Percentage Mod: HP is shown in percentages\n|rule|Endless Battle Clause: Forcing endless battles is banned\n|rule|OHKO Clause: OHKO moves are banned\n|rule|Evasion Moves Clause: Evasion moves are banned\n|rule|Evasion Items Clause: Evasion items are banned\n|rule|Species Clause: Limit one of each Pok\u00e9mon\n|rule|Sleep Clause Mod: Limit one foe put to sleep\n|rule|Mega Rayquaza Clause: You cannot mega evolve Rayquaza\n|clearpoke\n|poke|p1|Ninetales-Alola, F|\n|poke|p1|Giratina-Origin|\n|poke|p1|Groudon|\n|poke|p1|Iron Valiant|\n|poke|p1|Tyranitar, F|\n|poke|p1|Houndstone, M|\n|poke|p2|Ninetales-Alola, M|\n|poke|p2|Groudon|\n|poke|p2|Kyogre|\n|poke|p2|Iron Moth|\n|poke|p2|Necrozma-Dawn-Wings|\n|poke|p2|Kingambit, M|\n|teampreview\n|\n|t:|1700283016\n|start\n|switch|p1a: Celsius|Ninetales-Alola, F|100\/100\n|switch|p2a: Centigrade|Ninetales-Alola, M|100\/100\n|-weather|Snow|[from] ability: Snow Warning|[of] p1a: Celsius\n|turn|1\n|\n|t:|1700283025\n|move|p1a: Celsius|Aurora Veil|p1a: Celsius\n|-sidestart|p1: dawniedawns|move: Aurora Veil\n|move|p2a: Centigrade|Aurora Veil|p2a: Centigrade\n|-sidestart|p2: Ferret i guess|move: Aurora Veil\n|\n|-weather|Snow|[upkeep]\n|upkeep\n|turn|2\n|\n|t:|1700283034\n|switch|p1a: iv|Iron Valiant|100\/100\n|move|p2a: Centigrade|Encore||[still]\n|-fail|p2a: Centigrade\n|\n|-weather|Snow|[upkeep]\n|upkeep\n|turn|3\n|\n|t:|1700283051\n|-terastallize|p1a: iv|Water\n|move|p1a: iv|Liquidation|p2a: Centigrade\n|-damage|p2a: Centigrade|80\/100\n|move|p2a: Centigrade|Moonblast|p1a: iv\n|-damage|p1a: iv|66\/100\n|\n|-weather|Snow|[upkeep]\n|upkeep\n|turn|4\n|\n|t:|1700283063\n|-end|p1a: iv|Quark Drive|[silent]\n|switch|p1a: grat|Giratina-Origin|100\/100\n|switch|p2a: Oceanman|Kyogre, shiny|100\/100\n|detailschange|p2a: Oceanman|Kyogre-Primal, shiny\n|-primal|p2a: Oceanman|Blue Orb\n|-weather|PrimordialSea|[from] ability: Primordial Sea|[of] p2a: Oceanman\n|\n|-weather|PrimordialSea|[upkeep]\n|upkeep\n|turn|5\n|\n|t:|1700283074\n|switch|p1a: grd|Groudon|100\/100\n|detailschange|p1a: grd|Groudon-Primal\n|-primal|p1a: grd|Red Orb\n|-weather|DesolateLand|[from] ability: Desolate Land|[of] p1a: grd\n|move|p2a: Oceanman|Calm Mind|p2a: Oceanman\n|-boost|p2a: Oceanman|spa|1\n|-boost|p2a: Oceanman|spd|1\n|\n|-weather|DesolateLand|[upkeep]\n|upkeep\n|turn|6\n|\n|t:|1700283089\n|move|p1a: grd|Earthquake|p2a: Oceanman\n|-damage|p2a: Oceanman|72\/100\n|move|p2a: Oceanman|Calm Mind|p2a: Oceanman\n|-boost|p2a: Oceanman|spa|1\n|-boost|p2a: Oceanman|spd|1\n|\n|-weather|DesolateLand|[upkeep]\n|upkeep\n|turn|7\n|\n|t:|1700283096\n|move|p1a: grd|Solar Beam||[still]\n|-prepare|p1a: grd|Solar Beam\n|-anim|p1a: grd|Solar Beam|p2a: Oceanman\n|-supereffective|p2a: Oceanman\n|-damage|p2a: Oceanman|58\/100\n|move|p2a: Oceanman|Thunder|p1a: grd\n|-immune|p1a: grd\n|\n|-weather|DesolateLand|[upkeep]\n|upkeep\n|turn|8\n|\n|t:|1700283108\n|switch|p2a: Mr Landman|Groudon|100\/100\n|detailschange|p2a: Mr Landman|Groudon-Primal\n|-primal|p2a: Mr Landman|Red Orb\n|move|p1a: grd|Earthquake|p2a: Mr Landman\n|-supereffective|p2a: Mr Landman\n|-crit|p2a: Mr Landman\n|-damage|p2a: Mr Landman|0 fnt\n|faint|p2a: Mr Landman\n|\n|-weather|DesolateLand|[upkeep]\n|-sideend|p2: Ferret i guess|move: Aurora Veil\n|-sideend|p1: dawniedawns|move: Aurora Veil\n|upkeep\n|\n|t:|1700283119\n|switch|p2a: Oceanman|Kyogre-Primal, shiny|58\/100\n|-weather|PrimordialSea|[from] ability: Primordial Sea|[of] p2a: Oceanman\n|turn|9\n|\n|t:|1700283125\n|move|p1a: grd|Earthquake|p2a: Oceanman\n|-damage|p2a: Oceanman|8\/100\n|move|p2a: Oceanman|Surf|p1a: grd\n|-supereffective|p1a: grd\n|-damage|p1a: grd|0 fnt\n|faint|p1a: grd\n|\n|-weather|PrimordialSea|[upkeep]\n|upkeep\n|\n|t:|1700283134\n|switch|p1a: iv|Iron Valiant, tera:Water|66\/100\n|turn|10\n|\n|t:|1700283157\n|move|p1a: iv|Moonblast|p2a: Oceanman\n|-damage|p2a: Oceanman|0 fnt\n|faint|p2a: Oceanman\n|-weather|none\n|\n|upkeep\n|\n|t:|1700283167\n|switch|p2a: Centigrade|Ninetales-Alola, M|80\/100\n|-weather|Snow|[from] ability: Snow Warning|[of] p2a: Centigrade\n|turn|11\n|\n|t:|1700283172\n|move|p1a: iv|Liquidation|p2a: Centigrade\n|-damage|p2a: Centigrade|38\/100\n|move|p2a: Centigrade|Aurora Veil|p2a: Centigrade\n|-sidestart|p2: Ferret i guess|move: Aurora Veil\n|\n|-weather|Snow|[upkeep]\n|upkeep\n|turn|12\n|\n|t:|1700283179\n|-end|p1a: iv|Quark Drive|[silent]\n|switch|p1a: Celsius|Ninetales-Alola, F|100\/100\n|move|p2a: Centigrade|Encore||[still]\n|-fail|p2a: Centigrade\n|\n|-weather|Snow|[upkeep]\n|upkeep\n|turn|13\n|\n|t:|1700283189\n|move|p2a: Centigrade|Moonblast|p1a: Celsius\n|-crit|p1a: Celsius\n|-damage|p1a: Celsius|33\/100\n|-unboost|p1a: Celsius|spa|1\n|move|p1a: Celsius|Aurora Veil|p1a: Celsius\n|-sidestart|p1: dawniedawns|move: Aurora Veil\n|\n|-weather|Snow|[upkeep]\n|upkeep\n|turn|14\n|\n|t:|1700283198\n|switch|p1a: grat|Giratina-Origin|100\/100\n|move|p2a: Centigrade|Encore||[still]\n|-fail|p2a: Centigrade\n|\n|-weather|Snow|[upkeep]\n|upkeep\n|turn|15\n|\n|t:|1700283207\n|move|p2a: Centigrade|Moonblast|p1a: grat\n|-supereffective|p1a: grat\n|-damage|p1a: grat|76\/100\n|move|p1a: grat|Shadow Ball|p2a: Centigrade\n|-damage|p2a: Centigrade|16\/100\n|\n|-weather|none\n|upkeep\n|turn|16\n|\n|t:|1700283218\n|switch|p1a: iv|Iron Valiant, tera:Water|66\/100\n|move|p2a: Centigrade|Encore||[still]\n|-fail|p2a: Centigrade\n|\n|upkeep\n|turn|17\n|\n|t:|1700283230\n|move|p1a: iv|Close Combat|p2a: Centigrade\n|-damage|p2a: Centigrade|0 fnt\n|-unboost|p1a: iv|def|1\n|-unboost|p1a: iv|spd|1\n|faint|p2a: Centigrade\n|\n|upkeep\n|\n|t:|1700283238\n|switch|p2a: Totem Ribombee|Necrozma-Dawn-Wings|100\/100\n|turn|18\n|\n|t:|1700283252\n|detailschange|p2a: Totem Ribombee|Necrozma-Ultra\n|-burst|p2a: Totem Ribombee|Necrozma|Ultranecrozium Z\n|move|p1a: iv|Liquidation|p2a: Totem Ribombee\n|-resisted|p2a: Totem Ribombee\n|-damage|p2a: Totem Ribombee|91\/100\n|move|p2a: Totem Ribombee|Calm Mind|p2a: Totem Ribombee\n|-boost|p2a: Totem Ribombee|spa|1\n|-boost|p2a: Totem Ribombee|spd|1\n|\n|-sideend|p2: Ferret i guess|move: Aurora Veil\n|upkeep\n|turn|19\n|\n|t:|1700283260\n|move|p1a: iv|Knock Off|p2a: Totem Ribombee\n|-supereffective|p2a: Totem Ribombee\n|-damage|p2a: Totem Ribombee|53\/100\n|move|p2a: Totem Ribombee|Calm Mind|p2a: Totem Ribombee\n|-boost|p2a: Totem Ribombee|spa|1\n|-boost|p2a: Totem Ribombee|spd|1\n|\n|upkeep\n|turn|20\n|\n|t:|1700283270\n|move|p1a: iv|Knock Off|p2a: Totem Ribombee\n|-supereffective|p2a: Totem Ribombee\n|-damage|p2a: Totem Ribombee|11\/100\n|move|p2a: Totem Ribombee|Photon Geyser|p1a: iv\n|-damage|p1a: iv|0 fnt\n|faint|p1a: iv\n|-end|p1a: iv|Quark Drive|[silent]\n|\n|-sideend|p1: dawniedawns|move: Aurora Veil\n|upkeep\n|\n|t:|1700283283\n|switch|p1a: grat|Giratina-Origin|76\/100\n|turn|21\n|\n|t:|1700283314\n|move|p2a: Totem Ribombee|Moongeist Beam|p1a: grat\n|-supereffective|p1a: grat\n|-damage|p1a: grat|0 fnt\n|faint|p1a: grat\n|\n|upkeep\n|\n|t:|1700283320\n|switch|p1a: Celsius|Ninetales-Alola, F|33\/100\n|-weather|Snow|[from] ability: Snow Warning|[of] p1a: Celsius\n|turn|22\n|\n|t:|1700283331\n|move|p1a: Celsius|Aurora Veil|p1a: Celsius\n|-sidestart|p1: dawniedawns|move: Aurora Veil\n|-zpower|p2a: Totem Ribombee\n|move|p2a: Totem Ribombee|Light That Burns the Sky|p1a: Celsius|[zeffect]\n|-damage|p1a: Celsius|0 fnt\n|faint|p1a: Celsius\n|\n|-weather|Snow|[upkeep]\n|upkeep\n|\n|t:|1700283338\n|switch|p1a: heheheha|Tyranitar, F|100\/100\n|-weather|Sandstorm|[from] ability: Sand Stream|[of] p1a: heheheha\n|turn|23\n|\n|t:|1700283351\n|move|p2a: Totem Ribombee|Moongeist Beam|p1a: heheheha\n|-resisted|p1a: heheheha\n|-damage|p1a: heheheha|84\/100\n|move|p1a: heheheha|Ice Beam|p2a: Totem Ribombee\n|-supereffective|p2a: Totem Ribombee\n|-damage|p2a: Totem Ribombee|0 fnt\n|faint|p2a: Totem Ribombee\n|\n|-weather|Sandstorm|[upkeep]\n|upkeep\n|\n|t:|1700283366\n|switch|p2a: I like himb|Iron Moth|100\/100\n|-enditem|p2a: I like himb|Booster Energy\n|-activate|p2a: I like himb|ability: Quark Drive|[fromitem]\n|-start|p2a: I like himb|quarkdrivespa\n|turn|24\n|\n|t:|1700283397\n|move|p2a: I like himb|Sludge Wave|p1a: heheheha\n|-resisted|p1a: heheheha\n|-damage|p1a: heheheha|72\/100\n|move|p1a: heheheha|Earthquake|p2a: I like himb\n|-supereffective|p2a: I like himb\n|-damage|p2a: I like himb|0 fnt\n|faint|p2a: I like himb\n|-end|p2a: I like himb|Quark Drive|[silent]\n|\n|-weather|Sandstorm|[upkeep]\n|upkeep\n|\n|t:|1700283406\n|switch|p2a: Oh i love chess|Kingambit, M|100\/100\n|-activate|p2a: Oh i love chess|ability: Supreme Overlord\n|-start|p2a: Oh i love chess|fallen5|[silent]\n|turn|25\n|\n|t:|1700283420\n|-terastallize|p2a: Oh i love chess|Flying\n|move|p1a: heheheha|Earthquake|p2a: Oh i love chess\n|-immune|p2a: Oh i love chess\n|move|p2a: Oh i love chess|Iron Defense|p2a: Oh i love chess\n|-boost|p2a: Oh i love chess|def|2\n|\n|-weather|Sandstorm|[upkeep]\n|-damage|p2a: Oh i love chess|94\/100|[from] Sandstorm\n|-heal|p2a: Oh i love chess|100\/100|[from] item: Leftovers\n|upkeep\n|turn|26\n|\n|t:|1700283434\n|move|p1a: heheheha|Ice Beam|p2a: Oh i love chess\n|-supereffective|p2a: Oh i love chess\n|-damage|p2a: Oh i love chess|65\/100\n|-status|p2a: Oh i love chess|frz\n|cant|p2a: Oh i love chess|frz\n|\n|-weather|Sandstorm|[upkeep]\n|-damage|p2a: Oh i love chess|59\/100 frz|[from] Sandstorm\n|-heal|p2a: Oh i love chess|65\/100 frz|[from] item: Leftovers\n|upkeep\n|turn|27\n|\n|t:|1700283451\n|move|p1a: heheheha|Ice Beam|p2a: Oh i love chess\n|-supereffective|p2a: Oh i love chess\n|-damage|p2a: Oh i love chess|24\/100 frz\n|cant|p2a: Oh i love chess|frz\n|\n|-weather|none\n|-heal|p2a: Oh i love chess|30\/100 frz|[from] item: Leftovers\n|upkeep\n|turn|28\n|\n|t:|1700283459\n|move|p1a: heheheha|Ice Beam|p2a: Oh i love chess\n|-supereffective|p2a: Oh i love chess\n|-damage|p2a: Oh i love chess|0 fnt\n|faint|p2a: Oh i love chess\n|-end|p2a: Oh i love chess|fallen5|[silent]\n|\n|win|dawniedawns\n|l|\u2606Ferret i guess\n","uploadtime":1700283514,"views":9,"p1id":"dawniedawns","p2id":"ferretiguess","formatid":"gen9nationaldexubers","rating":0,"private":0,"password":""}