{"id":"gen9nationaldexubers-1982273770","p1":"sleepcooling","p2":"JDkot","format":"[Gen 9] National Dex Ubers","log":"|j|\u2606sleepcooling\n|j|\u2606JDkot\n|t:|1698988010\n|gametype|singles\n|player|p1|sleepcooling|gloria|1271\n|player|p2|JDkot|cynthia|1214\n|teamsize|p1|6\n|teamsize|p2|6\n|gen|9\n|tier|[Gen 9] National Dex Ubers\n|rated|\n|rule|HP Percentage Mod: HP is shown in percentages\n|rule|Endless Battle Clause: Forcing endless battles is banned\n|rule|OHKO Clause: OHKO moves are banned\n|rule|Evasion Moves Clause: Evasion moves are banned\n|rule|Evasion Items Clause: Evasion items are banned\n|rule|Species Clause: Limit one of each Pok\u00e9mon\n|rule|Sleep Clause Mod: Limit one foe put to sleep\n|rule|Mega Rayquaza Clause: You cannot mega evolve Rayquaza\n|clearpoke\n|poke|p1|Darmanitan-Galar, M|\n|poke|p1|Flutter Mane|\n|poke|p1|Arceus-Ground|\n|poke|p1|Groudon|\n|poke|p1|Eternatus|\n|poke|p1|Dondozo, M|\n|poke|p2|Urshifu-*, M|\n|poke|p2|Rillaboom, F|\n|poke|p2|Ursaluna-Bloodmoon, M|\n|poke|p2|Hatterene, F|\n|poke|p2|Cinderace, M|\n|poke|p2|Dragapult, F|\n|teampreview\n|j| another\u306eikun\n|\n|t:|1698988032\n|start\n|switch|p1a: \u5076\u50cf\u7329\u7329|Darmanitan-Galar, M|100\/100\n|switch|p2a: Actual Furry|Cinderace, M, shiny|100\/100\n|turn|1\n|\n|t:|1698988039\n|move|p1a: \u5076\u50cf\u7329\u7329|Earthquake|p2a: Actual Furry\n|-supereffective|p2a: Actual Furry\n|-damage|p2a: Actual Furry|0 fnt\n|faint|p2a: Actual Furry\n|\n|upkeep\n|\n|t:|1698988050\n|switch|p2a: Dragapult|Dragapult, F, shiny|100\/100\n|turn|2\n|\n|t:|1698988064\n|switch|p1a: \u5076\u50cf\u5927\u9c7c|Dondozo, M|100\/100\n|move|p2a: Dragapult|Flamethrower|p1a: \u5076\u50cf\u5927\u9c7c\n|-resisted|p1a: \u5076\u50cf\u5927\u9c7c\n|-damage|p1a: \u5076\u50cf\u5927\u9c7c|84\/100\n|-status|p1a: \u5076\u50cf\u5927\u9c7c|brn\n|\n|-heal|p1a: \u5076\u50cf\u5927\u9c7c|90\/100 brn|[from] item: Leftovers\n|-damage|p1a: \u5076\u50cf\u5927\u9c7c|84\/100 brn|[from] brn\n|upkeep\n|turn|3\n|\n|t:|1698988074\n|switch|p2a: Rillaboom|Rillaboom, F, shiny|100\/100\n|-fieldstart|move: Grassy Terrain|[from] ability: Grassy Surge|[of] p2a: Rillaboom\n|move|p1a: \u5076\u50cf\u5927\u9c7c|Yawn|p2a: Rillaboom\n|-start|p2a: Rillaboom|move: Yawn|[of] p1a: \u5076\u50cf\u5927\u9c7c\n|\n|-heal|p1a: \u5076\u50cf\u5927\u9c7c|90\/100 brn|[from] Grassy Terrain\n|-heal|p1a: \u5076\u50cf\u5927\u9c7c|97\/100 brn|[from] item: Leftovers\n|-damage|p1a: \u5076\u50cf\u5927\u9c7c|90\/100 brn|[from] brn\n|upkeep\n|turn|4\n|\n|t:|1698988086\n|move|p2a: Rillaboom|Grassy Glide|p1a: \u5076\u50cf\u5927\u9c7c\n|-supereffective|p1a: \u5076\u50cf\u5927\u9c7c\n|-damage|p1a: \u5076\u50cf\u5927\u9c7c|44\/100 brn\n|move|p1a: \u5076\u50cf\u5927\u9c7c|Yawn||[still]\n|-fail|p1a: \u5076\u50cf\u5927\u9c7c\n|\n|-heal|p1a: \u5076\u50cf\u5927\u9c7c|50\/100 brn|[from] Grassy Terrain\n|-heal|p1a: \u5076\u50cf\u5927\u9c7c|56\/100 brn|[from] item: Leftovers\n|-damage|p1a: \u5076\u50cf\u5927\u9c7c|50\/100 brn|[from] brn\n|-end|p2a: Rillaboom|move: Yawn|[silent]\n|-status|p2a: Rillaboom|slp\n|upkeep\n|turn|5\n|\n|t:|1698988097\n|switch|p1a: \u5b66\u98de\u7684\u65b0\u5076\u50cf|Groudon, shiny|100\/100\n|detailschange|p1a: \u5b66\u98de\u7684\u65b0\u5076\u50cf|Groudon-Primal, shiny\n|-primal|p1a: \u5b66\u98de\u7684\u65b0\u5076\u50cf|Red Orb\n|-weather|DesolateLand|[from] ability: Desolate Land|[of] p1a: \u5b66\u98de\u7684\u65b0\u5076\u50cf\n|cant|p2a: Rillaboom|slp\n|\n|-weather|DesolateLand|[upkeep]\n|upkeep\n|turn|6\n|\n|t:|1698988109\n|switch|p2a: Urshifu|Urshifu-Rapid-Strike, M|100\/100\n|move|p1a: \u5b66\u98de\u7684\u65b0\u5076\u50cf|Eruption|p2a: Urshifu\n|-resisted|p2a: Urshifu\n|-damage|p2a: Urshifu|0 fnt\n|faint|p2a: Urshifu\n|\n|-weather|DesolateLand|[upkeep]\n|upkeep\n|\n|t:|1698988115\n|switch|p2a: Hatterene|Hatterene, F, shiny|100\/100\n|turn|7\n|\n|t:|1698988118\n|move|p1a: \u5b66\u98de\u7684\u65b0\u5076\u50cf|Eruption|p2a: Hatterene\n|-damage|p2a: Hatterene|0 fnt\n|faint|p2a: Hatterene\n|\n|-weather|DesolateLand|[upkeep]\n|-fieldend|move: Grassy Terrain\n|upkeep\n|\n|t:|1698988123\n|switch|p2a: Ursaluna|Ursaluna-Bloodmoon, M|100\/100\n|turn|8\n|\n|t:|1698988133\n|-terastallize|p2a: Ursaluna|Ground\n|move|p1a: \u5b66\u98de\u7684\u65b0\u5076\u50cf|Eruption|p2a: Ursaluna\n|-damage|p2a: Ursaluna|0 fnt\n|faint|p2a: Ursaluna\n|\n|-weather|DesolateLand|[upkeep]\n|upkeep\n|-message|JDkot forfeited.\n|\n|win|sleepcooling\n|raw|sleepcooling's rating: 1271 &rarr; <strong>1292<\/strong><br \/>(+21 for winning)\n|raw|JDkot's rating: 1214 &rarr; <strong>1193<\/strong><br \/>(-21 for losing)\n|l|\u2606JDkot\n|l| another\u306eikun\n","uploadtime":1698988216,"views":6,"p1id":"sleepcooling","p2id":"jdkot","formatid":"gen9nationaldexubers","rating":1193,"private":0,"password":""}