{"id":"gen9nationaldexubers-1979044497","p1":"straightoutta14BC","p2":"NDMS1B Victory","format":"[Gen 9] National Dex Ubers","log":"|j|\u2606straightoutta14BC\n|j|\u2606NDMS1B Victory\n|inactive|Battle timer is ON: inactive players will automatically lose when time's up.\n|t:|1698625089\n|gametype|singles\n|player|p1|straightoutta14BC|1|\n|player|p2|NDMS1B Victory|102|\n|teamsize|p1|6\n|teamsize|p2|6\n|gen|9\n|tier|[Gen 9] National Dex Ubers\n|rated|Tournament battle\n|rule|HP Percentage Mod: HP is shown in percentages\n|rule|Endless Battle Clause: Forcing endless battles is banned\n|rule|OHKO Clause: OHKO moves are banned\n|rule|Evasion Moves Clause: Evasion moves are banned\n|rule|Evasion Items Clause: Evasion items are banned\n|rule|Species Clause: Limit one of each Pok\u00e9mon\n|rule|Sleep Clause Mod: Limit one foe put to sleep\n|rule|Mega Rayquaza Clause: You cannot mega evolve Rayquaza\n|rule|Dynamax Clause: You cannot dynamax\n|rule|Terastal Clause: You cannot Terastallize\n|rule|Same Type Clause: Pok\u00e9mon in a team must share a type\n|clearpoke\n|poke|p1|Klinklang|\n|poke|p1|Bronzong|\n|poke|p1|Mawile, F|\n|poke|p1|Melmetal|\n|poke|p1|Stakataka|\n|poke|p1|Ferrothorn, F|\n|poke|p2|Hatterene, F|\n|poke|p2|Calyrex-Ice|\n|poke|p2|Necrozma-Dusk-Mane|\n|poke|p2|Lunala|\n|poke|p2|Mewtwo|\n|poke|p2|Tapu Lele|\n|teampreview\n|c|\u2606NDMS1B Victory|Good luck and have fun\n|j| Garret253\n|j|+bruised thighs\u2661\n|inactive|straightoutta14BC has 120 seconds left.\n|inactive|straightoutta14BC has 90 seconds left.\n|\n|t:|1698625177\n|start\n|switch|p1a: Shenzhou|Klinklang|100\/100\n|switch|p2a: Mistral|Hatterene, F|100\/100\n|turn|1\n|inactive|straightoutta14BC has 120 seconds left.\n|\n|t:|1698625197\n|move|p1a: Shenzhou|Volt Switch|p2a: Mistral\n|-damage|p2a: Mistral|82\/100\n|inactive|straightoutta14BC has 120 seconds left.\n|\n|t:|1698625202\n|switch|p1a: Echo|Bronzong|100\/100|[from] Volt Switch\n|move|p2a: Mistral|Mystical Fire|p1a: Echo\n|-supereffective|p1a: Echo\n|-damage|p1a: Echo|79\/100\n|-unboost|p1a: Echo|spa|1\n|\n|upkeep\n|turn|2\n|inactive|straightoutta14BC has 120 seconds left.\n|\n|t:|1698625214\n|move|p1a: Echo|Gyro Ball|p2a: Mistral\n|-supereffective|p2a: Mistral\n|-damage|p2a: Mistral|65\/100\n|move|p2a: Mistral|Mystical Fire|p1a: Echo\n|-supereffective|p1a: Echo\n|-damage|p1a: Echo|57\/100\n|-unboost|p1a: Echo|spa|1\n|\n|upkeep\n|turn|3\n|inactive|straightoutta14BC has 120 seconds left.\n|\n|t:|1698625224\n|move|p2a: Mistral|Mystical Fire|p1a: Echo\n|-supereffective|p1a: Echo\n|-crit|p1a: Echo\n|-damage|p1a: Echo|21\/100\n|-unboost|p1a: Echo|spa|1\n|move|p1a: Echo|Trick Room|p1a: Echo\n|-fieldstart|move: Trick Room|[of] p1a: Echo\n|\n|upkeep\n|turn|4\n|\n|t:|1698625227\n|switch|p1a: Nova|Melmetal|100\/100\n|move|p2a: Mistral|Trick Room|p2a: Mistral\n|-fieldend|move: Trick Room\n|\n|upkeep\n|turn|5\n|\n|t:|1698625231\n|move|p1a: Nova|Double Iron Bash|p2a: Mistral\n|-supereffective|p2a: Mistral\n|-damage|p2a: Mistral|0 fnt\n|faint|p2a: Mistral\n|-hitcount|p2: Mistral|1\n|\n|upkeep\n|\n|t:|1698625235\n|switch|p2a: Blade Wolf|Necrozma-Dusk-Mane|100\/100\n|turn|6\n|j| NoahTheGreat6.4\n|inactive|straightoutta14BC has 120 seconds left.\n|\n|t:|1698625265\n|move|p2a: Blade Wolf|Earthquake|p1a: Nova\n|-supereffective|p1a: Nova\n|-damage|p1a: Nova|56\/100\n|move|p1a: Nova|Double Iron Bash|p2a: Blade Wolf\n|-resisted|p2a: Blade Wolf\n|-damage|p2a: Blade Wolf|76\/100\n|-resisted|p2a: Blade Wolf\n|-damage|p2a: Blade Wolf|51\/100\n|-hitcount|p2a: Blade Wolf|2\n|\n|upkeep\n|turn|7\n|\n|t:|1698625275\n|switch|p1a: Venera|Ferrothorn, F|100\/100\n|move|p2a: Blade Wolf|Earthquake|p1a: Venera\n|-damage|p1a: Venera|68\/100\n|\n|-heal|p1a: Venera|74\/100|[from] item: Leftovers\n|upkeep\n|turn|8\n|\n|t:|1698625279\n|switch|p2a: Armstrong|Mewtwo|100\/100\n|-ability|p2a: Armstrong|Pressure\n|move|p1a: Venera|Leech Seed|p2a: Armstrong\n|-start|p2a: Armstrong|move: Leech Seed\n|\n|-heal|p1a: Venera|80\/100|[from] item: Leftovers\n|-damage|p2a: Armstrong|88\/100|[from] Leech Seed|[of] p1a: Venera\n|-heal|p1a: Venera|93\/100|[silent]\n|upkeep\n|turn|9\n|\n|t:|1698625285\n|switch|p1a: Echo|Bronzong|21\/100\n|detailschange|p2a: Armstrong|Mewtwo-Mega-Y\n|-mega|p2a: Armstrong|Mewtwo|Mewtwonite Y\n|move|p2a: Armstrong|Fire Blast|p1a: Echo\n|-supereffective|p1a: Echo\n|-damage|p1a: Echo|0 fnt\n|faint|p1a: Echo\n|\n|upkeep\n|\n|t:|1698625293\n|switch|p1a: Shenzhou|Klinklang|100\/100\n|turn|10\n|\n|t:|1698625297\n|move|p2a: Armstrong|Fire Blast|p1a: Shenzhou\n|-supereffective|p1a: Shenzhou\n|-crit|p1a: Shenzhou\n|-enditem|p1a: Shenzhou|Focus Sash\n|-damage|p1a: Shenzhou|1\/100\n|move|p1a: Shenzhou|Trick Room|p1a: Shenzhou\n|-fieldstart|move: Trick Room|[of] p1a: Shenzhou\n|\n|-damage|p2a: Armstrong|76\/100|[from] Leech Seed|[of] p1a: Shenzhou\n|-heal|p1a: Shenzhou|14\/100|[silent]\n|upkeep\n|turn|11\n|\n|t:|1698625307\n|switch|p2a: Monsoon|Tapu Lele|100\/100\n|-fieldstart|move: Psychic Terrain|[from] ability: Psychic Surge|[of] p2a: Monsoon\n|move|p1a: Shenzhou|Steel Beam|p2a: Monsoon\n|-supereffective|p2a: Monsoon\n|-crit|p2a: Monsoon\n|-damage|p2a: Monsoon|0 fnt\n|-damage|p1a: Shenzhou|0 fnt|[from] steelbeam\n|faint|p1a: Shenzhou\n|faint|p2a: Monsoon\n|\n|upkeep\n|\n|t:|1698625314\n|switch|p1a: Nova|Melmetal|56\/100\n|switch|p2a: Blade Wolf|Necrozma-Dusk-Mane|51\/100\n|turn|12\n|inactive|straightoutta14BC has 120 seconds left.\n|\n|t:|1698625347\n|move|p1a: Nova|Earthquake|p2a: Blade Wolf\n|-supereffective|p2a: Blade Wolf\n|-damage|p2a: Blade Wolf|0 fnt\n|faint|p2a: Blade Wolf\n|\n|upkeep\n|\n|t:|1698625351\n|switch|p2a: Sundowner|Lunala|100\/100\n|turn|13\n|\n|t:|1698625355\n|move|p1a: Nova|Earthquake|p2a: Sundowner\n|-damage|p2a: Sundowner|75\/100\n|move|p2a: Sundowner|Moongeist Beam|p1a: Nova\n|-crit|p1a: Nova\n|-damage|p1a: Nova|0 fnt\n|faint|p1a: Nova\n|\n|upkeep\n|inactive|straightoutta14BC has 120 seconds left.\n|l| Garret253\n|inactive|straightoutta14BC has 90 seconds left.\n|\n|t:|1698625406\n|switch|p1a: ISS|Stakataka|100\/100\n|turn|14\n|\n|t:|1698625412\n|move|p1a: ISS|Gyro Ball|p2a: Sundowner\n|-damage|p2a: Sundowner|0 fnt\n|faint|p2a: Sundowner\n|-ability|p1a: ISS|Beast Boost|boost\n|-boost|p1a: ISS|atk|1\n|-damage|p1a: ISS|91\/100|[from] item: Life Orb\n|\n|-fieldend|move: Trick Room\n|upkeep\n|\n|t:|1698625415\n|switch|p2a: Armstrong|Mewtwo-Mega-Y|76\/100\n|turn|15\n|\n|t:|1698625423\n|switch|p1a: Venera|Ferrothorn, F|93\/100\n|move|p2a: Armstrong|Focus Blast|p1a: Venera\n|-supereffective|p1a: Venera\n|-damage|p1a: Venera|0 fnt\n|faint|p1a: Venera\n|\n|-fieldend|move: Psychic Terrain\n|upkeep\n|\n|t:|1698625429\n|switch|p1a: Valentina|Mawile, F|100\/100\n|-ability|p1a: Valentina|Intimidate|boost\n|-unboost|p2a: Armstrong|atk|1\n|turn|16\n|c|\u2606NDMS1B Victory|here comes the sucker punch\n|inactive|straightoutta14BC has 90 seconds left.\n|\n|t:|1698625468\n|detailschange|p1a: Valentina|Mawile-Mega, F\n|-mega|p1a: Valentina|Mawile|Mawilite\n|move|p2a: Armstrong|Fire Blast|p1a: Valentina\n|-supereffective|p1a: Valentina\n|-damage|p1a: Valentina|0 fnt\n|faint|p1a: Valentina\n|\n|upkeep\n|\n|t:|1698625471\n|switch|p1a: ISS|Stakataka|91\/100\n|turn|17\n|-message|straightoutta14BC forfeited.\n|\n|win|NDMS1B Victory\n|n|\u2606straightoutta14BC|straightoutta14bc\n|n|\u2606NDMS1B Victory|ndms1bvictory\n|n| bruised thighs\u2661|bruisedthighs\n|n| NoahTheGreat6.4|noahthegreat64\n|l| bruised thighs\u2661\n|c|\u2606NDMS1B Victory|ah\n|c|\u2606NDMS1B Victory|you didn't\n|c|\u2606NDMS1B Victory|gg\n|c| NoahTheGreat6.4|He doesn't run sucker punch\n|c|\u2606NDMS1B Victory|wait really?\n|c|\u2606NDMS1B Victory|why?\n|c|\u2606NDMS1B Victory|I mean I won no matter what\n|c|\u2606NDMS1B Victory|Because of Groundium-Z Calyrex\n|c|\u2606straightoutta14BC|I did I just thought you'd switch\n|c| NoahTheGreat6.4|Sword dance play rough iron head fire fang\n|c|\u2606NDMS1B Victory|no iron head\n|c|\u2606NDMS1B Victory|ah\n|c|\u2606NDMS1B Victory|I was playing for the long game\n|l|\u2606NDMS1B Victory\n","uploadtime":1698625652,"views":17,"p1id":"straightoutta14bc","p2id":"ndms1bvictory","formatid":"gen9nationaldexubers","rating":0,"private":0,"password":""}