{"id":"gen9nationaldexubers-1997373481","p1":"Zanty-Chan","p2":"stevencoolwang","format":"[Gen 9] National Dex Ubers","log":"|j|\u2606Zanty-Chan\n|j|\u2606stevencoolwang\n|t:|1700795724\n|gametype|singles\n|player|p1|Zanty-Chan|red|1414\n|player|p2|stevencoolwang|266|1331\n|teamsize|p1|6\n|teamsize|p2|6\n|gen|9\n|tier|[Gen 9] National Dex Ubers\n|rated|\n|rule|HP Percentage Mod: HP is shown in percentages\n|rule|Endless Battle Clause: Forcing endless battles is banned\n|rule|OHKO Clause: OHKO moves are banned\n|rule|Evasion Moves Clause: Evasion moves are banned\n|rule|Evasion Items Clause: Evasion items are banned\n|rule|Species Clause: Limit one of each Pok\u00e9mon\n|rule|Sleep Clause Mod: Limit one foe put to sleep\n|rule|Mega Rayquaza Clause: You cannot mega evolve Rayquaza\n|clearpoke\n|poke|p1|Necrozma-Dusk-Mane|\n|poke|p1|Cyclizar, M|\n|poke|p1|Calyrex-Ice|\n|poke|p1|Marshadow|\n|poke|p1|Landorus, M|\n|poke|p1|Urshifu-*, F|\n|poke|p2|Kyogre|\n|poke|p2|Groudon|\n|poke|p2|Necrozma-Dusk-Mane|\n|poke|p2|Ho-Oh|\n|poke|p2|Arceus-Dark|\n|poke|p2|Xerneas-*|\n|teampreview\n|inactive|Battle timer is ON: inactive players will automatically lose when time's up. (requested by Zanty-Chan)\n|\n|t:|1700795736\n|start\n|switch|p1a: Cyclizar|Cyclizar, M|100\/100\n|switch|p2a: Kyogre|Kyogre|100\/100\n|detailschange|p2a: Kyogre|Kyogre-Primal\n|-primal|p2a: Kyogre|Blue Orb\n|-weather|PrimordialSea|[from] ability: Primordial Sea|[of] p2a: Kyogre\n|turn|1\n|\n|t:|1700795764\n|move|p1a: Cyclizar|Shed Tail|p1a: Cyclizar\n|-start|p1a: Cyclizar|Substitute|[from] move: Shed Tail\n|-damage|p1a: Cyclizar|50\/100\n|-enditem|p1a: Cyclizar|Sitrus Berry|[eat]\n|-heal|p1a: Cyclizar|75\/100|[from] item: Sitrus Berry\n|\n|t:|1700795770\n|switch|p1a: Necrozma|Necrozma-Dusk-Mane|100\/100|[from] Shed Tail\n|move|p2a: Kyogre|Ice Beam|p1a: Necrozma\n|-resisted|p1a: Necrozma\n|-activate|p1a: Necrozma|move: Substitute|[damage]\n|\n|-weather|PrimordialSea|[upkeep]\n|upkeep\n|turn|2\n|inactive|Zanty-Chan has 120 seconds left.\n|inactive|stevencoolwang has 120 seconds left.\n|inactive|stevencoolwang has 90 seconds left.\n|\n|t:|1700795848\n|move|p1a: Necrozma|Dragon Dance|p1a: Necrozma\n|-boost|p1a: Necrozma|atk|1\n|-boost|p1a: Necrozma|spe|1\n|move|p2a: Kyogre|Scald|p1a: Necrozma\n|-end|p1a: Necrozma|Substitute\n|\n|-weather|PrimordialSea|[upkeep]\n|upkeep\n|turn|3\n|inactive|Zanty-Chan has 120 seconds left.\n|\n|t:|1700795864\n|detailschange|p1a: Necrozma|Necrozma-Ultra\n|-burst|p1a: Necrozma|Necrozma|Ultranecrozium Z\n|move|p1a: Necrozma|Photon Geyser|p2a: Kyogre\n|-damage|p2a: Kyogre|40\/100\n|move|p2a: Kyogre|Scald|p1a: Necrozma\n|-resisted|p1a: Necrozma\n|-damage|p1a: Necrozma|66\/100\n|\n|-weather|PrimordialSea|[upkeep]\n|upkeep\n|turn|4\n|inactive|stevencoolwang has 60 seconds left.\n|\n|t:|1700795900\n|move|p1a: Necrozma|Photon Geyser|p2a: Kyogre\n|-damage|p2a: Kyogre|0 fnt\n|faint|p2a: Kyogre\n|-weather|none\n|\n|upkeep\n|\n|t:|1700795905\n|switch|p2a: Groudon|Groudon|100\/100\n|detailschange|p2a: Groudon|Groudon-Primal\n|-primal|p2a: Groudon|Red Orb\n|-weather|DesolateLand|[from] ability: Desolate Land|[of] p2a: Groudon\n|turn|5\n|inactive|Zanty-Chan has 120 seconds left.\n|\n|t:|1700795913\n|-zpower|p1a: Necrozma\n|move|p1a: Necrozma|Light That Burns the Sky|p2a: Groudon|[zeffect]\n|-damage|p2a: Groudon|0 fnt\n|faint|p2a: Groudon\n|-weather|none\n|\n|upkeep\n|inactive|stevencoolwang has 60 seconds left.\n|\n|t:|1700795924\n|switch|p2a: Arceus|Arceus-Dark|100\/100\n|turn|6\n|\n|t:|1700795931\n|move|p1a: Necrozma|Sunsteel Strike|p2a: Arceus\n|-damage|p2a: Arceus|66\/100\n|move|p2a: Arceus|Foul Play|p1a: Necrozma\n|-supereffective|p1a: Necrozma\n|-damage|p1a: Necrozma|0 fnt\n|faint|p1a: Necrozma\n|\n|upkeep\n|\n|t:|1700795937\n|switch|p1a: Cyclizar|Cyclizar, M|100\/100\n|turn|7\n|\n|t:|1700795945\n|move|p1a: Cyclizar|Shed Tail|p1a: Cyclizar\n|-start|p1a: Cyclizar|Substitute|[from] move: Shed Tail\n|-damage|p1a: Cyclizar|50\/100\n|\n|t:|1700795951\n|switch|p1a: Urshifu|Urshifu, F|100\/100|[from] Shed Tail\n|move|p2a: Arceus|Toxic|p1a: Urshifu|[miss]\n|-miss|p2a: Arceus|p1a: Urshifu\n|\n|upkeep\n|turn|8\n|inactive|stevencoolwang has 90 seconds left.\n|\n|t:|1700795971\n|switch|p2a: Xerneas|Xerneas|100\/100\n|-ability|p2a: Xerneas|Fairy Aura\n|move|p1a: Urshifu|U-turn|p2a: Xerneas\n|-resisted|p2a: Xerneas\n|-damage|p2a: Xerneas|89\/100\n|inactive|Zanty-Chan has 120 seconds left.\n|\n|t:|1700795992\n|switch|p1a: Cyclizar|Cyclizar, M|84\/100|[from] U-turn\n|\n|upkeep\n|turn|9\n|inactive|Zanty-Chan has 120 seconds left.\n|\n|t:|1700795997\n|-terastallize|p1a: Cyclizar|Fairy\n|move|p1a: Cyclizar|Shift Gear|p1a: Cyclizar\n|-boost|p1a: Cyclizar|spe|2\n|-boost|p1a: Cyclizar|atk|1\n|move|p2a: Xerneas|Geomancy||[still]\n|-prepare|p2a: Xerneas|Geomancy\n|-enditem|p2a: Xerneas|Power Herb\n|-anim|p2a: Xerneas|Geomancy|p2a: Xerneas\n|-boost|p2a: Xerneas|spa|2\n|-boost|p2a: Xerneas|spd|2\n|-boost|p2a: Xerneas|spe|2\n|\n|upkeep\n|turn|10\n|\n|t:|1700796009\n|-terastallize|p2a: Xerneas|Steel\n|move|p1a: Cyclizar|Iron Head|p2a: Xerneas\n|-resisted|p2a: Xerneas\n|-damage|p2a: Xerneas|77\/100\n|cant|p2a: Xerneas|flinch\n|\n|upkeep\n|turn|11\n|inactive|Zanty-Chan has 120 seconds left.\n|\n|t:|1700796026\n|move|p1a: Cyclizar|Dragon Claw|p2a: Xerneas\n|-resisted|p2a: Xerneas\n|-damage|p2a: Xerneas|58\/100\n|move|p2a: Xerneas|Flash Cannon|p1a: Cyclizar\n|-supereffective|p1a: Cyclizar\n|-damage|p1a: Cyclizar|0 fnt\n|faint|p1a: Cyclizar\n|\n|upkeep\n|inactive|Zanty-Chan has 120 seconds left.\n|\n|t:|1700796044\n|switch|p1a: Urshifu|Urshifu, F|100\/100\n|turn|12\n|inactive|stevencoolwang has 90 seconds left.\n|inactive|stevencoolwang has 60 seconds left.\n|\n|t:|1700796114\n|move|p1a: Urshifu|Sucker Punch|p2a: Xerneas\n|-damage|p2a: Xerneas|25\/100\n|move|p2a: Xerneas|Draining Kiss|p1a: Urshifu\n|-supereffective|p1a: Urshifu\n|-damage|p1a: Urshifu|0 fnt\n|-heal|p2a: Xerneas|90\/100|[from] drain|[of] p1a: Urshifu\n|faint|p1a: Urshifu\n|\n|upkeep\n|inactive|Zanty-Chan has 120 seconds left.\n|c|\u2606stevencoolwang|GG boy\n|\n|t:|1700796142\n|switch|p1a: Landorus|Landorus, M|100\/100\n|turn|13\n|c|\u2606stevencoolwang|La mate\n|inactive|stevencoolwang has 60 seconds left.\n|c|\u2606stevencoolwang|Your ultra thing thing\n|c|\u2606stevencoolwang|Is dump\n|\n|t:|1700796154\n|move|p2a: Xerneas|Draining Kiss|p1a: Landorus\n|-damage|p1a: Landorus|0 fnt\n|-heal|p2a: Xerneas|100\/100|[from] drain|[of] p1a: Landorus\n|faint|p1a: Landorus\n|\n|upkeep\n|\n|t:|1700796158\n|switch|p1a: Marshadow|Marshadow|100\/100\n|turn|14\n|inactive|stevencoolwang has 60 seconds left.\n|c|\u2606stevencoolwang|The good thing is the effect LOL\n|c|\u2606stevencoolwang|MAO\n|c|\u2606stevencoolwang|LMAO\n|\n|t:|1700796175\n|move|p2a: Xerneas|Draining Kiss|p1a: Marshadow\n|-supereffective|p1a: Marshadow\n|-damage|p1a: Marshadow|0 fnt\n|faint|p1a: Marshadow\n|\n|upkeep\n|\n|t:|1700796181\n|switch|p1a: Calyrex|Calyrex-Ice|100\/100\n|-ability|p1a: Calyrex|As One\n|-ability|p1a: Calyrex|Unnerve\n|turn|15\n|c|\u2606stevencoolwang|Try to win me on time digus\n|c|\u2606stevencoolwang|You mother fucker\n|n|\u203dstevencoolwang|stevencoolwang\n|c|&|\/log stevencoolwang was locked from talking by Artemis. (\u2606stevencoolwang: You mother fucker)\n|c|&|\/raw <small>This action was done automatically. Want to learn more about the AI? <a href=\"https:\/\/www.smogon.com\/forums\/threads\/3570628\/#post-9056769\">Visit the information thread<\/a>.<\/small>\n|inactive|stevencoolwang has 60 seconds left.\n|\n|t:|1700796202\n|move|p2a: Xerneas|Flash Cannon|p1a: Calyrex\n|-supereffective|p1a: Calyrex\n|-damage|p1a: Calyrex|0 fnt\n|faint|p1a: Calyrex\n|\n|win|stevencoolwang\n|raw|Zanty-Chan's rating: 1414 &rarr; <strong>1389<\/strong><br \/>(-25 for losing)\n|raw|stevencoolwang's rating: 1331 &rarr; <strong>1356<\/strong><br \/>(+25 for winning)\n","uploadtime":1700796191,"views":4,"p1id":"zantychan","p2id":"stevencoolwang","formatid":"gen9nationaldexubers","rating":1356,"private":0,"password":""}