{"id":"gen9nationaldexubers-1981152798","p1":"ric9","p2":"Season Florty","format":"[Gen 9] National Dex Ubers","log":"|j|\u2606ric9\n|j|\u2606Season Florty\n|t:|1698867849\n|gametype|singles\n|player|p1|ric9|nate|1038\n|player|p2|Season Florty|koga|1079\n|teamsize|p1|6\n|teamsize|p2|6\n|gen|9\n|tier|[Gen 9] National Dex Ubers\n|rated|\n|rule|HP Percentage Mod: HP is shown in percentages\n|rule|Endless Battle Clause: Forcing endless battles is banned\n|rule|OHKO Clause: OHKO moves are banned\n|rule|Evasion Moves Clause: Evasion moves are banned\n|rule|Evasion Items Clause: Evasion items are banned\n|rule|Species Clause: Limit one of each Pok\u00e9mon\n|rule|Sleep Clause Mod: Limit one foe put to sleep\n|rule|Mega Rayquaza Clause: You cannot mega evolve Rayquaza\n|clearpoke\n|poke|p1|Meloetta|\n|poke|p1|Greninja-*, M|\n|poke|p1|Ninetales, M|\n|poke|p1|Sirfetch\u2019d, M|\n|poke|p1|Metagross|\n|poke|p1|Dragalge, M|\n|poke|p2|Keldeo-Resolute|\n|poke|p2|Minior-Yellow|\n|poke|p2|Diancie|\n|poke|p2|Darmanitan-Galar, M|\n|poke|p2|Suicune|\n|poke|p2|Celesteela|\n|teampreview\n|inactive|Battle timer is ON: inactive players will automatically lose when time's up. (requested by ric9)\n|\n|t:|1698867860\n|start\n|switch|p1a: Ninetales|Ninetales, M|100\/100\n|switch|p2a: Darmanitan|Darmanitan-Galar, M|100\/100\n|-weather|SunnyDay|[from] ability: Drought|[of] p1a: Ninetales\n|turn|1\n|\n|t:|1698867874\n|move|p2a: Darmanitan|U-turn|p1a: Ninetales\n|-resisted|p1a: Ninetales\n|-damage|p1a: Ninetales|79\/100\n|\n|t:|1698867882\n|switch|p2a: Suicune|Suicune|100\/100|[from] U-turn\n|-ability|p2a: Suicune|Pressure\n|move|p1a: Ninetales|Solar Beam||[still]\n|-prepare|p1a: Ninetales|Solar Beam\n|-anim|p1a: Ninetales|Solar Beam|p2a: Suicune\n|-supereffective|p2a: Suicune\n|-damage|p2a: Suicune|68\/100\n|\n|-weather|SunnyDay|[upkeep]\n|-heal|p1a: Ninetales|85\/100|[from] item: Leftovers\n|-heal|p2a: Suicune|74\/100|[from] item: Leftovers\n|upkeep\n|turn|2\n|\n|t:|1698867893\n|move|p1a: Ninetales|Hypnosis|p2a: Suicune\n|-status|p2a: Suicune|slp|[from] move: Hypnosis\n|cant|p2a: Suicune|slp\n|\n|-weather|SunnyDay|[upkeep]\n|-heal|p1a: Ninetales|91\/100|[from] item: Leftovers\n|-heal|p2a: Suicune|80\/100 slp|[from] item: Leftovers\n|upkeep\n|turn|3\n|\n|t:|1698867903\n|move|p1a: Ninetales|Calm Mind|p1a: Ninetales\n|-boost|p1a: Ninetales|spa|1\n|-boost|p1a: Ninetales|spd|1\n|-curestatus|p2a: Suicune|slp|[msg]\n|move|p2a: Suicune|Sleep Talk||[still]\n|-fail|p2a: Suicune\n|\n|-weather|SunnyDay|[upkeep]\n|-heal|p1a: Ninetales|97\/100|[from] item: Leftovers\n|-heal|p2a: Suicune|86\/100|[from] item: Leftovers\n|upkeep\n|turn|4\n|\n|t:|1698867912\n|move|p1a: Ninetales|Calm Mind|p1a: Ninetales\n|-boost|p1a: Ninetales|spa|1\n|-boost|p1a: Ninetales|spd|1\n|move|p2a: Suicune|Calm Mind|p2a: Suicune\n|-boost|p2a: Suicune|spa|1\n|-boost|p2a: Suicune|spd|1\n|\n|-weather|SunnyDay|[upkeep]\n|-heal|p1a: Ninetales|100\/100|[from] item: Leftovers\n|-heal|p2a: Suicune|93\/100|[from] item: Leftovers\n|upkeep\n|turn|5\n|\n|t:|1698867922\n|move|p1a: Ninetales|Solar Beam||[still]\n|-prepare|p1a: Ninetales|Solar Beam\n|-anim|p1a: Ninetales|Solar Beam|p2a: Suicune\n|-supereffective|p2a: Suicune\n|-damage|p2a: Suicune|50\/100\n|move|p2a: Suicune|Calm Mind|p2a: Suicune\n|-boost|p2a: Suicune|spa|1\n|-boost|p2a: Suicune|spd|1\n|\n|-weather|none\n|-heal|p2a: Suicune|57\/100|[from] item: Leftovers\n|upkeep\n|turn|6\n|\n|t:|1698867937\n|move|p1a: Ninetales|Calm Mind|p1a: Ninetales\n|-boost|p1a: Ninetales|spa|1\n|-boost|p1a: Ninetales|spd|1\n|move|p2a: Suicune|Calm Mind|p2a: Suicune\n|-boost|p2a: Suicune|spa|1\n|-boost|p2a: Suicune|spd|1\n|\n|-heal|p2a: Suicune|63\/100|[from] item: Leftovers\n|upkeep\n|turn|7\n|\n|t:|1698867944\n|move|p1a: Ninetales|Solar Beam||[still]\n|-prepare|p1a: Ninetales|Solar Beam\n|move|p2a: Suicune|Scald|p1a: Ninetales\n|-supereffective|p1a: Ninetales\n|-damage|p1a: Ninetales|63\/100\n|\n|-heal|p1a: Ninetales|69\/100|[from] item: Leftovers\n|-heal|p2a: Suicune|69\/100|[from] item: Leftovers\n|upkeep\n|turn|8\n|\n|t:|1698867952\n|move|p1a: Ninetales|Solar Beam|p2a: Suicune|[from]lockedmove\n|-supereffective|p2a: Suicune\n|-damage|p2a: Suicune|39\/100\n|move|p2a: Suicune|Scald|p1a: Ninetales\n|-supereffective|p1a: Ninetales\n|-damage|p1a: Ninetales|32\/100\n|\n|-heal|p1a: Ninetales|38\/100|[from] item: Leftovers\n|-heal|p2a: Suicune|46\/100|[from] item: Leftovers\n|upkeep\n|turn|9\n|\n|t:|1698867961\n|move|p1a: Ninetales|Fire Blast|p2a: Suicune\n|-resisted|p2a: Suicune\n|-damage|p2a: Suicune|35\/100\n|move|p2a: Suicune|Rest|p2a: Suicune\n|-status|p2a: Suicune|slp|[from] move: Rest\n|-heal|p2a: Suicune|100\/100 slp|[silent]\n|\n|-heal|p1a: Ninetales|44\/100|[from] item: Leftovers\n|upkeep\n|turn|10\n|\n|t:|1698867972\n|move|p1a: Ninetales|Calm Mind|p1a: Ninetales\n|-boost|p1a: Ninetales|spa|1\n|-boost|p1a: Ninetales|spd|1\n|cant|p2a: Suicune|slp\n|move|p2a: Suicune|Sleep Talk|p2a: Suicune\n|move|p2a: Suicune|Calm Mind|p2a: Suicune|[from]move: Sleep Talk\n|-boost|p2a: Suicune|spa|1\n|-boost|p2a: Suicune|spd|1\n|\n|-heal|p1a: Ninetales|50\/100|[from] item: Leftovers\n|upkeep\n|turn|11\n|\n|t:|1698867981\n|move|p1a: Ninetales|Calm Mind|p1a: Ninetales\n|-boost|p1a: Ninetales|spa|1\n|-boost|p1a: Ninetales|spd|1\n|cant|p2a: Suicune|slp\n|\n|-heal|p1a: Ninetales|56\/100|[from] item: Leftovers\n|upkeep\n|turn|12\n|\n|t:|1698867988\n|move|p1a: Ninetales|Solar Beam||[still]\n|-prepare|p1a: Ninetales|Solar Beam\n|-curestatus|p2a: Suicune|slp|[msg]\n|move|p2a: Suicune|Scald|p1a: Ninetales\n|-supereffective|p1a: Ninetales\n|-damage|p1a: Ninetales|24\/100\n|\n|-heal|p1a: Ninetales|30\/100|[from] item: Leftovers\n|upkeep\n|turn|13\n|\n|t:|1698867996\n|move|p1a: Ninetales|Solar Beam|p2a: Suicune|[from]lockedmove\n|-supereffective|p2a: Suicune\n|-crit|p2a: Suicune\n|-damage|p2a: Suicune|0 fnt\n|faint|p2a: Suicune\n|\n|-heal|p1a: Ninetales|36\/100|[from] item: Leftovers\n|upkeep\n|\n|t:|1698868004\n|switch|p2a: Darmanitan|Darmanitan-Galar, M|100\/100\n|turn|14\n|\n|t:|1698868007\n|move|p2a: Darmanitan|Superpower|p1a: Ninetales\n|-damage|p1a: Ninetales|0 fnt\n|-unboost|p2a: Darmanitan|atk|1\n|-unboost|p2a: Darmanitan|def|1\n|faint|p1a: Ninetales\n|\n|upkeep\n|\n|t:|1698868014\n|switch|p1a: Sirfetch\u2019d|Sirfetch\u2019d, M|100\/100\n|turn|15\n|\n|t:|1698868018\n|switch|p2a: Celesteela|Celesteela|100\/100\n|move|p1a: Sirfetch\u2019d|Close Combat|p2a: Celesteela\n|-crit|p2a: Celesteela\n|-damage|p2a: Celesteela|14\/100\n|-unboost|p1a: Sirfetch\u2019d|def|1\n|-unboost|p1a: Sirfetch\u2019d|spd|1\n|\n|upkeep\n|turn|16\n|\n|t:|1698868026\n|move|p1a: Sirfetch\u2019d|Knock Off|p2a: Celesteela\n|-damage|p2a: Celesteela|0 fnt\n|-enditem|p2a: Celesteela|Weakness Policy|[from] move: Knock Off|[of] p1a: Sirfetch\u2019d\n|faint|p2a: Celesteela\n|\n|upkeep\n|\n|t:|1698868031\n|switch|p2a: Keldeo|Keldeo-Resolute|100\/100\n|turn|17\n|\n|t:|1698868035\n|move|p2a: Keldeo|Substitute|p2a: Keldeo\n|-start|p2a: Keldeo|Substitute\n|-damage|p2a: Keldeo|76\/100\n|move|p1a: Sirfetch\u2019d|Close Combat|p2a: Keldeo\n|-crit|p2a: Keldeo\n|-end|p2a: Keldeo|Substitute\n|-unboost|p1a: Sirfetch\u2019d|def|1\n|-unboost|p1a: Sirfetch\u2019d|spd|1\n|\n|-heal|p2a: Keldeo|82\/100|[from] item: Leftovers\n|upkeep\n|turn|18\n|\n|t:|1698868044\n|move|p2a: Keldeo|Secret Sword|p1a: Sirfetch\u2019d\n|-damage|p1a: Sirfetch\u2019d|0 fnt\n|faint|p1a: Sirfetch\u2019d\n|\n|-heal|p2a: Keldeo|88\/100|[from] item: Leftovers\n|upkeep\n|\n|t:|1698868049\n|switch|p1a: Meloetta|Meloetta|100\/100\n|turn|19\n|\n|t:|1698868062\n|switch|p2a: Diancie|Diancie|100\/100\n|move|p1a: Meloetta|Psychic|p2a: Diancie\n|-damage|p2a: Diancie|51\/100\n|\n|upkeep\n|turn|20\n|\n|t:|1698868070\n|detailschange|p2a: Diancie|Diancie-Mega\n|-mega|p2a: Diancie|Diancie|Diancite\n|move|p2a: Diancie|Moonblast|p1a: Meloetta\n|-damage|p1a: Meloetta|57\/100\n|-unboost|p1a: Meloetta|spa|1\n|move|p1a: Meloetta|Relic Song|p2a: Diancie\n|-resisted|p2a: Diancie\n|-damage|p2a: Diancie|31\/100\n|-formechange|p1a: Meloetta|Meloetta-Pirouette|[msg]\n|\n|upkeep\n|turn|21\n|\n|t:|1698868079\n|move|p2a: Diancie|Moonblast|p1a: Meloetta\n|-supereffective|p1a: Meloetta\n|-damage|p1a: Meloetta|0 fnt\n|faint|p1a: Meloetta\n|\n|upkeep\n|\n|t:|1698868084\n|switch|p1a: Metagross|Metagross|100\/100\n|turn|22\n|\n|t:|1698868088\n|detailschange|p1a: Metagross|Metagross-Mega\n|-mega|p1a: Metagross|Metagross|Metagrossite\n|move|p2a: Diancie|Earth Power|p1a: Metagross\n|-supereffective|p1a: Metagross\n|-damage|p1a: Metagross|39\/100\n|move|p1a: Metagross|Meteor Mash|p2a: Diancie\n|-supereffective|p2a: Diancie\n|-damage|p2a: Diancie|0 fnt\n|faint|p2a: Diancie\n|\n|upkeep\n|\n|t:|1698868096\n|switch|p2a: Darmanitan|Darmanitan-Galar, M|100\/100\n|turn|23\n|\n|t:|1698868100\n|move|p2a: Darmanitan|Flare Blitz|p1a: Metagross\n|-supereffective|p1a: Metagross\n|-damage|p1a: Metagross|0 fnt\n|faint|p1a: Metagross\n|-damage|p2a: Darmanitan|87\/100|[from] Recoil\n|\n|upkeep\n|\n|t:|1698868106\n|switch|p1a: Greninja|Greninja, M|100\/100\n|turn|24\n|\n|t:|1698868109\n|switch|p2a: Keldeo|Keldeo-Resolute|88\/100\n|move|p1a: Greninja|Hidden Power|p2a: Keldeo\n|-start|p1a: Greninja|typechange|Fire|[from] ability: Protean\n|-resisted|p2a: Keldeo\n|-damage|p2a: Keldeo|67\/100\n|-damage|p1a: Greninja|91\/100|[from] item: Life Orb\n|\n|-heal|p2a: Keldeo|73\/100|[from] item: Leftovers\n|upkeep\n|turn|25\n|\n|t:|1698868120\n|switch|p1a: Dragalge|Dragalge, M|100\/100\n|move|p2a: Keldeo|Calm Mind|p2a: Keldeo\n|-boost|p2a: Keldeo|spa|1\n|-boost|p2a: Keldeo|spd|1\n|\n|-heal|p2a: Keldeo|79\/100|[from] item: Leftovers\n|upkeep\n|turn|26\n|\n|t:|1698868127\n|move|p2a: Keldeo|Substitute|p2a: Keldeo\n|-start|p2a: Keldeo|Substitute\n|-damage|p2a: Keldeo|54\/100\n|move|p1a: Dragalge|Haze|p1a: Dragalge\n|-clearallboost\n|\n|-heal|p2a: Keldeo|61\/100|[from] item: Leftovers\n|upkeep\n|turn|27\n|\n|t:|1698868134\n|move|p2a: Keldeo|Scald|p1a: Dragalge\n|-resisted|p1a: Dragalge\n|-damage|p1a: Dragalge|81\/100\n|-status|p1a: Dragalge|brn\n|move|p1a: Dragalge|Sludge Wave|p2a: Keldeo\n|-end|p2a: Keldeo|Substitute\n|\n|-heal|p2a: Keldeo|67\/100|[from] item: Leftovers\n|-heal|p1a: Dragalge|87\/100 brn|[from] item: Black Sludge\n|-damage|p1a: Dragalge|81\/100 brn|[from] brn\n|upkeep\n|turn|28\n|\n|t:|1698868144\n|move|p2a: Keldeo|Secret Sword|p1a: Dragalge\n|-resisted|p1a: Dragalge\n|-damage|p1a: Dragalge|55\/100 brn\n|move|p1a: Dragalge|Draco Meteor|p2a: Keldeo\n|-damage|p2a: Keldeo|0 fnt\n|-unboost|p1a: Dragalge|spa|2\n|faint|p2a: Keldeo\n|\n|-heal|p1a: Dragalge|61\/100 brn|[from] item: Black Sludge\n|-damage|p1a: Dragalge|55\/100 brn|[from] brn\n|upkeep\n|\n|t:|1698868151\n|switch|p2a: Minior|Minior-Yellow|100\/100\n|-formechange|p2a: Minior|Minior-Meteor||[from] ability: Shields Down\n|turn|29\n|\n|t:|1698868158\n|move|p2a: Minior|Shell Smash|p2a: Minior\n|-unboost|p2a: Minior|def|1\n|-unboost|p2a: Minior|spd|1\n|-boost|p2a: Minior|atk|2\n|-boost|p2a: Minior|spa|2\n|-boost|p2a: Minior|spe|2\n|-enditem|p2a: Minior|White Herb\n|-clearnegativeboost|p2a: Minior|[silent]\n|move|p1a: Dragalge|Scald|p2a: Minior\n|-supereffective|p2a: Minior\n|-damage|p2a: Minior|67\/100\n|\n|-heal|p1a: Dragalge|61\/100 brn|[from] item: Black Sludge\n|-damage|p1a: Dragalge|55\/100 brn|[from] brn\n|upkeep\n|turn|30\n|\n|t:|1698868170\n|move|p2a: Minior|Earthquake|p1a: Dragalge\n|-supereffective|p1a: Dragalge\n|-damage|p1a: Dragalge|0 fnt\n|faint|p1a: Dragalge\n|\n|upkeep\n|\n|t:|1698868175\n|switch|p1a: Greninja|Greninja, M|91\/100\n|turn|31\n|\n|t:|1698868179\n|move|p2a: Minior|Acrobatics|p1a: Greninja\n|-damage|p1a: Greninja|0 fnt\n|faint|p1a: Greninja\n|\n|win|Season Florty\n|raw|ric9's rating: 1038 &rarr; <strong>1024<\/strong><br \/>(-14 for losing)\n|raw|Season Florty's rating: 1079 &rarr; <strong>1104<\/strong><br \/>(+25 for winning)\n","uploadtime":1698868187,"views":18,"p1id":"ric9","p2id":"seasonflorty","formatid":"gen9nationaldexubers","rating":1024,"private":0,"password":""}