{"id":"gen9nationaldexubers-1990445560","p1":"xulti","p2":"KingoftheTitans","format":"[Gen 9] National Dex Ubers","log":"|j|\u2606xulti\n|j|\u2606KingoftheTitans\n|t:|1699971687\n|gametype|singles\n|player|p1|xulti|zinnia|1250\n|player|p2|KingoftheTitans|265|1267\n|teamsize|p1|6\n|teamsize|p2|6\n|gen|9\n|tier|[Gen 9] National Dex Ubers\n|rated|\n|rule|HP Percentage Mod: HP is shown in percentages\n|rule|Endless Battle Clause: Forcing endless battles is banned\n|rule|OHKO Clause: OHKO moves are banned\n|rule|Evasion Moves Clause: Evasion moves are banned\n|rule|Evasion Items Clause: Evasion items are banned\n|rule|Species Clause: Limit one of each Pok\u00e9mon\n|rule|Sleep Clause Mod: Limit one foe put to sleep\n|rule|Mega Rayquaza Clause: You cannot mega evolve Rayquaza\n|clearpoke\n|poke|p1|Slowbro, F|\n|poke|p1|Metagross|\n|poke|p1|Espeon, M|\n|poke|p1|Raichu-Alola, F|\n|poke|p1|Gallade, M|\n|poke|p1|Mewtwo|\n|poke|p2|Diancie|\n|poke|p2|Volcarona, F|\n|poke|p2|Ursaluna-Bloodmoon, M|\n|poke|p2|Dragonite, M|\n|poke|p2|Ogerpon-Wellspring, F|\n|poke|p2|Lycanroc-Dusk, M|\n|teampreview\n|inactive|Battle timer is ON: inactive players will automatically lose when time's up. (requested by xulti)\n|\n|t:|1699971696\n|start\n|switch|p1a: Slowbro|Slowbro, F|100\/100\n|switch|p2a: Diancie|Diancie|100\/100\n|turn|1\n|\n|t:|1699971702\n|detailschange|p2a: Diancie|Diancie-Mega\n|-mega|p2a: Diancie|Diancie|Diancite\n|move|p2a: Diancie|Stealth Rock|p1a: Slowbro\n|-sidestart|p1: xulti|move: Stealth Rock\n|move|p1a: Slowbro|Scald|p2a: Diancie\n|-supereffective|p2a: Diancie\n|-damage|p2a: Diancie|32\/100\n|\n|upkeep\n|turn|2\n|\n|t:|1699971717\n|switch|p2a: Ogerpon|Ogerpon-Wellspring, F|100\/100\n|move|p1a: Slowbro|Scald|p2a: Ogerpon\n|-immune|p2a: Ogerpon|[from] ability: Water Absorb\n|\n|upkeep\n|turn|3\n|\n|t:|1699971723\n|move|p2a: Ogerpon|Swords Dance|p2a: Ogerpon\n|-boost|p2a: Ogerpon|atk|2\n|move|p1a: Slowbro|Future Sight|p2a: Ogerpon\n|-start|p1a: Slowbro|move: Future Sight\n|\n|upkeep\n|turn|4\n|\n|t:|1699971729\n|move|p2a: Ogerpon|Horn Leech|p1a: Slowbro\n|-supereffective|p1a: Slowbro\n|-damage|p1a: Slowbro|2\/100\n|move|p1a: Slowbro|Teleport|p1a: Slowbro\n|\n|t:|1699971741\n|switch|p1a: Raichu|Raichu-Alola, F|100\/100|[from] Teleport\n|-damage|p1a: Raichu|88\/100|[from] Stealth Rock\n|\n|upkeep\n|turn|5\n|\n|t:|1699971750\n|move|p1a: Raichu|Rising Voltage|p2a: Ogerpon\n|-damage|p2a: Ogerpon|65\/100\n|move|p2a: Ogerpon|Ivy Cudgel|p1a: Raichu|[anim] Ivy Cudgel Water\n|-damage|p1a: Raichu|0 fnt\n|faint|p1a: Raichu\n|\n|-end|p2a: Ogerpon|move: Future Sight\n|-damage|p2a: Ogerpon|19\/100\n|upkeep\n|\n|t:|1699971759\n|switch|p1a: Metagross|Metagross, shiny|100\/100\n|-damage|p1a: Metagross|95\/100|[from] Stealth Rock\n|turn|6\n|\n|t:|1699971764\n|move|p1a: Metagross|Bullet Punch|p2a: Ogerpon\n|-resisted|p2a: Ogerpon\n|-damage|p2a: Ogerpon|0 fnt\n|faint|p2a: Ogerpon\n|\n|upkeep\n|\n|t:|1699971768\n|switch|p2a: Volcarona|Volcarona, F|100\/100\n|turn|7\n|\n|t:|1699971775\n|switch|p1a: Slowbro|Slowbro, F|35\/100\n|move|p2a: Volcarona|Quiver Dance|p2a: Volcarona\n|-boost|p2a: Volcarona|spa|1\n|-boost|p2a: Volcarona|spd|1\n|-boost|p2a: Volcarona|spe|1\n|\n|upkeep\n|turn|8\n|\n|t:|1699971788\n|switch|p1a: Metagross|Metagross, shiny|95\/100\n|-damage|p1a: Metagross|89\/100|[from] Stealth Rock\n|move|p2a: Volcarona|Bug Buzz|p1a: Metagross\n|-damage|p1a: Metagross|0 fnt\n|faint|p1a: Metagross\n|\n|upkeep\n|\n|t:|1699971797\n|switch|p1a: Gallade|Gallade, M|100\/100\n|-damage|p1a: Gallade|94\/100|[from] Stealth Rock\n|turn|9\n|\n|t:|1699971804\n|move|p2a: Volcarona|Fiery Dance|p1a: Gallade\n|-damage|p1a: Gallade|18\/100\n|-boost|p2a: Volcarona|spa|1\n|move|p1a: Gallade|Psycho Cut|p2a: Volcarona\n|-damage|p2a: Volcarona|16\/100\n|\n|upkeep\n|turn|10\n|\n|t:|1699971814\n|move|p2a: Volcarona|Fiery Dance|p1a: Gallade\n|-damage|p1a: Gallade|0 fnt\n|-boost|p2a: Volcarona|spa|1\n|faint|p1a: Gallade\n|\n|upkeep\n|\n|t:|1699971821\n|switch|p1a: Slowbro|Slowbro, F|68\/100\n|turn|11\n|\n|t:|1699971826\n|-terastallize|p1a: Slowbro|Steel\n|move|p2a: Volcarona|Bug Buzz|p1a: Slowbro\n|-resisted|p1a: Slowbro\n|-damage|p1a: Slowbro|0 fnt\n|faint|p1a: Slowbro\n|\n|upkeep\n|\n|t:|1699971834\n|switch|p1a: Espeon|Espeon, M|100\/100\n|-damage|p1a: Espeon|88\/100|[from] Stealth Rock\n|turn|12\n|\n|t:|1699971838\n|move|p2a: Volcarona|Bug Buzz|p1a: Espeon\n|-supereffective|p1a: Espeon\n|-damage|p1a: Espeon|0 fnt\n|faint|p1a: Espeon\n|\n|upkeep\n|c|\u2606KingoftheTitans|gg\n|\n|t:|1699971842\n|switch|p1a: Mewtwo|Mewtwo|100\/100\n|-damage|p1a: Mewtwo|88\/100|[from] Stealth Rock\n|-ability|p1a: Mewtwo|Pressure\n|turn|13\n|\n|t:|1699971847\n|detailschange|p1a: Mewtwo|Mewtwo-Mega-Y\n|-mega|p1a: Mewtwo|Mewtwo|Mewtwonite Y\n|move|p2a: Volcarona|Bug Buzz|p1a: Mewtwo\n|-supereffective|p1a: Mewtwo\n|-damage|p1a: Mewtwo|0 fnt\n|faint|p1a: Mewtwo\n|\n|win|KingoftheTitans\n|raw|xulti's rating: 1250 &rarr; <strong>1226<\/strong><br \/>(-24 for losing)\n|raw|KingoftheTitans's rating: 1267 &rarr; <strong>1291<\/strong><br \/>(+24 for winning)\n|l|\u2606xulti\n","uploadtime":1699971854,"views":7,"p1id":"xulti","p2id":"kingofthetitans","formatid":"gen9nationaldexubers","rating":1226,"private":0,"password":""}