{"id":"gen9nationaldexubers-1984985830","p1":"VitorFeroz","p2":"Johit4h","format":"[Gen 9] National Dex Ubers","log":"|j|\u2606VitorFeroz\n|j|\u2606Johit4h\n|t:|1699317739\n|gametype|singles\n|player|p1|VitorFeroz|cynthia|1006\n|player|p2|Johit4h|lusamine-nihilego|1000\n|teamsize|p1|6\n|teamsize|p2|6\n|gen|9\n|tier|[Gen 9] National Dex Ubers\n|rated|\n|rule|HP Percentage Mod: HP is shown in percentages\n|rule|Endless Battle Clause: Forcing endless battles is banned\n|rule|OHKO Clause: OHKO moves are banned\n|rule|Evasion Moves Clause: Evasion moves are banned\n|rule|Evasion Items Clause: Evasion items are banned\n|rule|Species Clause: Limit one of each Pok\u00e9mon\n|rule|Sleep Clause Mod: Limit one foe put to sleep\n|rule|Mega Rayquaza Clause: You cannot mega evolve Rayquaza\n|clearpoke\n|poke|p1|Charizard, F|\n|poke|p1|Arcanine, F|\n|poke|p1|Corviknight, M|\n|poke|p1|Gyarados, F|\n|poke|p1|Armarouge, F|\n|poke|p1|Talonflame, M|\n|poke|p2|Empoleon, M|\n|poke|p2|Garchomp, F|\n|poke|p2|Giratina|\n|poke|p2|Luxray, M|\n|poke|p2|Roserade, F|\n|poke|p2|Staraptor, F|\n|teampreview\n|inactive|Battle timer is ON: inactive players will automatically lose when time's up. (requested by VitorFeroz)\n|\n|t:|1699317748\n|start\n|switch|p1a: Talonflame|Talonflame, M|100\/100\n|switch|p2a: Garchomp|Garchomp, F|100\/100\n|turn|1\n|\n|t:|1699317754\n|move|p1a: Talonflame|Tailwind|p1a: Talonflame\n|-sidestart|p1: VitorFeroz|move: Tailwind\n|move|p2a: Garchomp|Dragon Claw|p1a: Talonflame\n|-crit|p1a: Talonflame\n|-damage|p1a: Talonflame|0 fnt\n|faint|p1a: Talonflame\n|\n|upkeep\n|\n|t:|1699317762\n|switch|p1a: Charizard|Charizard, F|100\/100\n|turn|2\n|\n|t:|1699317767\n|detailschange|p1a: Charizard|Charizard-Mega-Y, F\n|-mega|p1a: Charizard|Charizard|Charizardite Y\n|-weather|SunnyDay|[from] ability: Drought|[of] p1a: Charizard\n|move|p1a: Charizard|Solar Beam||[still]\n|-prepare|p1a: Charizard|Solar Beam\n|-anim|p1a: Charizard|Solar Beam|p2a: Garchomp\n|-damage|p2a: Garchomp|67\/100\n|move|p2a: Garchomp|Dragon Claw|p1a: Charizard\n|-damage|p1a: Charizard|40\/100\n|\n|-weather|SunnyDay|[upkeep]\n|upkeep\n|turn|3\n|\n|t:|1699317780\n|move|p1a: Charizard|Solar Beam||[still]\n|-prepare|p1a: Charizard|Solar Beam\n|-anim|p1a: Charizard|Solar Beam|p2a: Garchomp\n|-damage|p2a: Garchomp|29\/100\n|move|p2a: Garchomp|Dragon Claw|p1a: Charizard\n|-damage|p1a: Charizard|0 fnt\n|faint|p1a: Charizard\n|\n|-weather|SunnyDay|[upkeep]\n|upkeep\n|\n|t:|1699317788\n|switch|p1a: Gyarados|Gyarados, F|100\/100\n|turn|4\n|\n|t:|1699317793\n|move|p1a: Gyarados|Waterfall|p2a: Garchomp\n|-damage|p2a: Garchomp|6\/100\n|-damage|p1a: Gyarados|88\/100|[from] ability: Rough Skin|[of] p2a: Garchomp\n|cant|p2a: Garchomp|flinch\n|\n|-weather|SunnyDay|[upkeep]\n|-sideend|p1: VitorFeroz|move: Tailwind\n|upkeep\n|turn|5\n|\n|t:|1699317801\n|move|p2a: Garchomp|Dragon Claw|p1a: Gyarados\n|-damage|p1a: Gyarados|35\/100\n|move|p1a: Gyarados|Waterfall|p2a: Garchomp\n|-damage|p2a: Garchomp|0 fnt\n|-damage|p1a: Gyarados|23\/100|[from] ability: Rough Skin|[of] p2a: Garchomp\n|faint|p2a: Garchomp\n|-ability|p1a: Gyarados|Moxie|boost\n|-boost|p1a: Gyarados|atk|1\n|\n|-weather|SunnyDay|[upkeep]\n|upkeep\n|\n|t:|1699317809\n|switch|p2a: Empoleon|Empoleon, M|100\/100\n|turn|6\n|\n|t:|1699317813\n|move|p2a: Empoleon|Aqua Jet|p1a: Gyarados\n|-resisted|p1a: Gyarados\n|-damage|p1a: Gyarados|17\/100\n|-zpower|p1a: Gyarados\n|move|p1a: Gyarados|Supersonic Skystrike|p2a: Empoleon|[zeffect]\n|-resisted|p2a: Empoleon\n|-damage|p2a: Empoleon|31\/100\n|\n|-weather|none\n|upkeep\n|turn|7\n|\n|t:|1699317823\n|move|p1a: Gyarados|Earthquake|p2a: Empoleon\n|-supereffective|p2a: Empoleon\n|-damage|p2a: Empoleon|0 fnt\n|faint|p2a: Empoleon\n|-ability|p1a: Gyarados|Moxie|boost\n|-boost|p1a: Gyarados|atk|1\n|\n|upkeep\n|\n|t:|1699317834\n|switch|p2a: Luxray|Luxray, M|100\/100\n|-ability|p2a: Luxray|Intimidate|boost\n|-unboost|p1a: Gyarados|atk|1\n|turn|8\n|\n|t:|1699317838\n|move|p1a: Gyarados|Earthquake|p2a: Luxray\n|-supereffective|p2a: Luxray\n|-damage|p2a: Luxray|0 fnt\n|faint|p2a: Luxray\n|-ability|p1a: Gyarados|Moxie|boost\n|-boost|p1a: Gyarados|atk|1\n|\n|upkeep\n|\n|t:|1699317843\n|switch|p2a: Staraptor|Staraptor, F|100\/100\n|turn|9\n|\n|t:|1699317852\n|move|p2a: Staraptor|Close Combat|p1a: Gyarados\n|-resisted|p1a: Gyarados\n|-damage|p1a: Gyarados|0 fnt\n|-unboost|p2a: Staraptor|def|1\n|-unboost|p2a: Staraptor|spd|1\n|faint|p1a: Gyarados\n|\n|upkeep\n|\n|t:|1699317860\n|switch|p1a: Arcanine|Arcanine, F|100\/100\n|-ability|p1a: Arcanine|Intimidate|boost\n|-unboost|p2a: Staraptor|atk|1\n|turn|10\n|\n|t:|1699317872\n|switch|p2a: Giratina|Giratina|100\/100\n|-ability|p2a: Giratina|Pressure\n|move|p1a: Arcanine|Will-O-Wisp|p2a: Giratina\n|-status|p2a: Giratina|brn\n|\n|-damage|p2a: Giratina|94\/100 brn|[from] brn\n|upkeep\n|turn|11\n|\n|t:|1699317897\n|move|p1a: Arcanine|Flare Blitz|p2a: Giratina\n|-resisted|p2a: Giratina\n|-damage|p2a: Giratina|81\/100 brn\n|-damage|p1a: Arcanine|94\/100|[from] Recoil\n|move|p2a: Giratina|Ancient Power|p1a: Arcanine\n|-supereffective|p1a: Arcanine\n|-damage|p1a: Arcanine|55\/100\n|\n|-damage|p2a: Giratina|75\/100 brn|[from] brn\n|upkeep\n|turn|12\n|\n|t:|1699317906\n|move|p1a: Arcanine|Morning Sun|p1a: Arcanine\n|-heal|p1a: Arcanine|100\/100\n|move|p2a: Giratina|Ancient Power|p1a: Arcanine\n|-supereffective|p1a: Arcanine\n|-damage|p1a: Arcanine|62\/100\n|\n|-damage|p2a: Giratina|69\/100 brn|[from] brn\n|upkeep\n|turn|13\n|\n|t:|1699317919\n|switch|p1a: Corviknight|Corviknight, M|100\/100\n|-ability|p1a: Corviknight|Pressure\n|move|p2a: Giratina|Ancient Power|p1a: Corviknight\n|-damage|p1a: Corviknight|87\/100\n|\n|-damage|p2a: Giratina|63\/100 brn|[from] brn\n|upkeep\n|turn|14\n|\n|t:|1699317931\n|move|p2a: Giratina|Ominous Wind|p1a: Corviknight\n|-damage|p1a: Corviknight|63\/100\n|move|p1a: Corviknight|Roost|p1a: Corviknight\n|-heal|p1a: Corviknight|100\/100\n|-singleturn|p1a: Corviknight|move: Roost\n|\n|-damage|p2a: Giratina|56\/100 brn|[from] brn\n|upkeep\n|turn|15\n|\n|t:|1699317939\n|move|p2a: Giratina|Ominous Wind|p1a: Corviknight\n|-damage|p1a: Corviknight|75\/100\n|move|p1a: Corviknight|Brave Bird|p2a: Giratina\n|-damage|p2a: Giratina|37\/100 brn\n|-damage|p1a: Corviknight|67\/100|[from] Recoil\n|\n|-damage|p2a: Giratina|31\/100 brn|[from] brn\n|upkeep\n|turn|16\n|\n|t:|1699317947\n|move|p2a: Giratina|Ominous Wind|p1a: Corviknight\n|-damage|p1a: Corviknight|41\/100\n|move|p1a: Corviknight|Roost|p1a: Corviknight\n|-heal|p1a: Corviknight|91\/100\n|-singleturn|p1a: Corviknight|move: Roost\n|\n|-damage|p2a: Giratina|25\/100 brn|[from] brn\n|upkeep\n|turn|17\n|\n|t:|1699317956\n|move|p2a: Giratina|Ominous Wind|p1a: Corviknight\n|-damage|p1a: Corviknight|66\/100\n|move|p1a: Corviknight|Brave Bird|p2a: Giratina\n|-damage|p2a: Giratina|5\/100 brn\n|-damage|p1a: Corviknight|57\/100|[from] Recoil\n|\n|-damage|p2a: Giratina|0 fnt|[from] brn\n|faint|p2a: Giratina\n|upkeep\n|\n|t:|1699317963\n|switch|p2a: Staraptor|Staraptor, F|100\/100\n|turn|18\n|\n|t:|1699317968\n|move|p2a: Staraptor|Close Combat|p1a: Corviknight\n|-damage|p1a: Corviknight|19\/100\n|-unboost|p2a: Staraptor|def|1\n|-unboost|p2a: Staraptor|spd|1\n|-damage|p2a: Staraptor|84\/100|[from] item: Rocky Helmet|[of] p1a: Corviknight\n|move|p1a: Corviknight|Roost|p1a: Corviknight\n|-heal|p1a: Corviknight|69\/100\n|-singleturn|p1a: Corviknight|move: Roost\n|\n|upkeep\n|turn|19\n|\n|t:|1699317980\n|move|p2a: Staraptor|Close Combat|p1a: Corviknight\n|-damage|p1a: Corviknight|33\/100\n|-unboost|p2a: Staraptor|def|1\n|-unboost|p2a: Staraptor|spd|1\n|-damage|p2a: Staraptor|68\/100|[from] item: Rocky Helmet|[of] p1a: Corviknight\n|move|p1a: Corviknight|U-turn|p2a: Staraptor\n|-resisted|p2a: Staraptor\n|-damage|p2a: Staraptor|47\/100\n|\n|t:|1699317991\n|switch|p1a: Arcanine|Arcanine, F|62\/100|[from] U-turn\n|-ability|p1a: Arcanine|Intimidate|boost\n|-unboost|p2a: Staraptor|atk|1\n|\n|upkeep\n|turn|20\n|\n|t:|1699318005\n|-terastallize|p2a: Staraptor|Fighting\n|move|p2a: Staraptor|Close Combat|p1a: Arcanine\n|-damage|p1a: Arcanine|0 fnt\n|-unboost|p2a: Staraptor|def|1\n|-unboost|p2a: Staraptor|spd|1\n|faint|p1a: Arcanine\n|\n|upkeep\n|\n|t:|1699318012\n|switch|p1a: Armarouge|Armarouge, F|100\/100\n|turn|21\n|\n|t:|1699318019\n|switch|p2a: Roserade|Roserade, F|100\/100\n|move|p1a: Armarouge|Psyshock|p2a: Roserade\n|-supereffective|p2a: Roserade\n|-damage|p2a: Roserade|0 fnt\n|faint|p2a: Roserade\n|\n|upkeep\n|\n|t:|1699318026\n|switch|p2a: Staraptor|Staraptor, F, tera:Fighting|47\/100\n|turn|22\n|inactive|Johit4h has 120 seconds left.\n|inactive|Johit4h has 90 seconds left.\n|inactive|Johit4h has 60 seconds left.\n|\n|t:|1699318134\n|move|p2a: Staraptor|Brave Bird|p1a: Armarouge\n|-damage|p1a: Armarouge|0 fnt\n|faint|p1a: Armarouge\n|-damage|p2a: Staraptor|14\/100|[from] Recoil\n|\n|upkeep\n|\n|t:|1699318140\n|switch|p1a: Corviknight|Corviknight, M|33\/100\n|-ability|p1a: Corviknight|Pressure\n|turn|23\n|\n|t:|1699318144\n|-terastallize|p1a: Corviknight|Dragon\n|move|p2a: Staraptor|Brave Bird|p1a: Corviknight\n|-damage|p1a: Corviknight|0 fnt\n|-damage|p2a: Staraptor|0 fnt|[from] item: Rocky Helmet|[of] p1a: Corviknight\n|faint|p1a: Corviknight\n|faint|p2a: Staraptor\n|\n|win|Johit4h\n|raw|VitorFeroz's rating: 1006 &rarr; <strong>1000<\/strong><br \/>(-6 for losing)\n|raw|Johit4h's rating: 1000 &rarr; <strong>1041<\/strong><br \/>(+41 for winning)\n|l|\u2606VitorFeroz\n|c|\u2606Johit4h|GG\n","uploadtime":1699318161,"views":4,"p1id":"vitorferoz","p2id":"johit4h","formatid":"gen9nationaldexubers","rating":1000,"private":0,"password":""}