{"id":"gen9nationaldexubers-1987206694","p1":"DracoAxel","p2":"Gatita golosa 123","format":"[Gen 9] National Dex Ubers","log":"|j|\u2606DracoAxel\n|j|\u2606Gatita golosa 123\n|t:|1699565234\n|gametype|singles\n|player|p1|DracoAxel|nate|\n|player|p2|Gatita golosa 123|pokekid|\n|teamsize|p1|6\n|teamsize|p2|6\n|gen|9\n|tier|[Gen 9] National Dex Ubers\n|rule|HP Percentage Mod: HP is shown in percentages\n|rule|Endless Battle Clause: Forcing endless battles is banned\n|rule|OHKO Clause: OHKO moves are banned\n|rule|Evasion Moves Clause: Evasion moves are banned\n|rule|Evasion Items Clause: Evasion items are banned\n|rule|Species Clause: Limit one of each Pok\u00e9mon\n|rule|Sleep Clause Mod: Limit one foe put to sleep\n|rule|Mega Rayquaza Clause: You cannot mega evolve Rayquaza\n|clearpoke\n|poke|p1|Sneasler, M|\n|poke|p1|Cinderace, F|\n|poke|p1|Lopunny, F|\n|poke|p1|Garchomp, M|\n|poke|p1|Meowscarada, M|\n|poke|p1|Palafin, M|\n|poke|p2|Blastoise, F|\n|poke|p2|Palafin, F|\n|poke|p2|Goodra-Hisui, M|\n|poke|p2|Dracovish|\n|poke|p2|Araquanid, M|\n|poke|p2|Basculegion, M|\n|teampreview\n|\n|t:|1699565258\n|start\n|switch|p1a: Sneasler|Sneasler, M|100\/100\n|switch|p2a: Pomposo|Araquanid, M|100\/100\n|turn|1\n|\n|t:|1699565266\n|switch|p1a: Cinderace|Cinderace, F|100\/100\n|switch|p2a: *la respeta*|Basculegion, M, shiny|100\/100\n|\n|upkeep\n|turn|2\n|\n|t:|1699565275\n|move|p1a: Cinderace|Sucker Punch|p2a: *la respeta*\n|-start|p1a: Cinderace|typechange|Dark|[from] ability: Libero\n|-supereffective|p2a: *la respeta*\n|-damage|p2a: *la respeta*|0 fnt\n|faint|p2a: *la respeta*\n|-damage|p1a: Cinderace|91\/100|[from] item: Life Orb\n|\n|upkeep\n|\n|t:|1699565281\n|switch|p2a: Pomposo|Araquanid, M|100\/100\n|turn|3\n|\n|t:|1699565286\n|move|p1a: Cinderace|Pyro Ball|p2a: Pomposo|[miss]\n|-miss|p1a: Cinderace|p2a: Pomposo\n|move|p2a: Pomposo|Sticky Web|p1a: Cinderace\n|-sidestart|p1: DracoAxel|move: Sticky Web\n|\n|upkeep\n|turn|4\n|\n|t:|1699565291\n|move|p1a: Cinderace|Court Change|p1a: Cinderace\n|-swapsideconditions\n|-activate|p1a: Cinderace|move: Court Change\n|move|p2a: Pomposo|Iron Defense|p2a: Pomposo\n|-boost|p2a: Pomposo|def|2\n|\n|upkeep\n|turn|5\n|\n|t:|1699565302\n|switch|p1a: Sneasler|Sneasler, M|100\/100\n|move|p2a: Pomposo|Sticky Web|p1a: Sneasler\n|-sidestart|p1: DracoAxel|move: Sticky Web\n|\n|upkeep\n|turn|6\n|\n|t:|1699565311\n|move|p1a: Sneasler|Fake Out|p2a: Pomposo\n|-enditem|p1a: Sneasler|Normal Gem|[from] gem\n|-damage|p2a: Pomposo|92\/100\n|move|p2a: Pomposo|Liquidation|p1a: Sneasler\n|-damage|p1a: Sneasler|6\/100\n|-unboost|p1a: Sneasler|def|1\n|\n|upkeep\n|turn|7\n|\n|t:|1699565320\n|move|p1a: Sneasler|Acrobatics|p2a: Pomposo\n|-supereffective|p2a: Pomposo\n|-damage|p2a: Pomposo|55\/100\n|move|p2a: Pomposo|Liquidation|p1a: Sneasler\n|-damage|p1a: Sneasler|0 fnt\n|faint|p1a: Sneasler\n|\n|upkeep\n|\n|t:|1699565325\n|switch|p1a: Cinderace|Cinderace, F|91\/100\n|-activate|p1a: Cinderace|move: Sticky Web\n|-unboost|p1a: Cinderace|spe|1\n|turn|8\n|\n|t:|1699565330\n|move|p1a: Cinderace|Pyro Ball|p2a: Pomposo\n|-damage|p2a: Pomposo|36\/100\n|-damage|p1a: Cinderace|81\/100|[from] item: Life Orb\n|move|p2a: Pomposo|Liquidation|p1a: Cinderace\n|-supereffective|p1a: Cinderace\n|-damage|p1a: Cinderace|0 fnt\n|faint|p1a: Cinderace\n|\n|upkeep\n|\n|t:|1699565334\n|switch|p1a: Palafin|Palafin, M|100\/100\n|-activate|p1a: Palafin|move: Sticky Web\n|-unboost|p1a: Palafin|spe|1\n|turn|9\n|\n|t:|1699565339\n|detailschange|p1a: Palafin|Palafin-Hero, M\n|switch|p1a: Meowscarada|Meowscarada, M|100\/100\n|-activate|p1a: Meowscarada|move: Sticky Web\n|-unboost|p1a: Meowscarada|spe|1\n|move|p2a: Pomposo|Iron Defense|p2a: Pomposo\n|-boost|p2a: Pomposo|def|2\n|\n|upkeep\n|turn|10\n|\n|t:|1699565346\n|move|p1a: Meowscarada|Toxic Spikes|p2a: Pomposo\n|-start|p1a: Meowscarada|typechange|Poison|[from] ability: Protean\n|-sidestart|p2: Gatita golosa 123|move: Toxic Spikes\n|move|p2a: Pomposo|Leech Life|p1a: Meowscarada\n|-resisted|p1a: Meowscarada\n|-damage|p1a: Meowscarada|78\/100\n|-heal|p2a: Pomposo|48\/100|[from] drain|[of] p1a: Meowscarada\n|\n|upkeep\n|turn|11\n|\n|t:|1699565350\n|move|p1a: Meowscarada|Knock Off|p2a: Pomposo\n|-damage|p2a: Pomposo|39\/100\n|-enditem|p2a: Pomposo|Covert Cloak|[from] move: Knock Off|[of] p1a: Meowscarada\n|move|p2a: Pomposo|Liquidation|p1a: Meowscarada\n|-damage|p1a: Meowscarada|0 fnt\n|faint|p1a: Meowscarada\n|\n|upkeep\n|\n|t:|1699565360\n|switch|p1a: Lopunny|Lopunny, F|100\/100\n|-activate|p1a: Lopunny|move: Sticky Web\n|-unboost|p1a: Lopunny|spe|1\n|turn|12\n|\n|t:|1699565364\n|detailschange|p1a: Lopunny|Lopunny-Mega, F\n|-mega|p1a: Lopunny|Lopunny|Lopunnite\n|move|p1a: Lopunny|Power-Up Punch|p2a: Pomposo\n|-resisted|p2a: Pomposo\n|-damage|p2a: Pomposo|35\/100\n|-boost|p1a: Lopunny|atk|1\n|move|p2a: Pomposo|Liquidation|p1a: Lopunny\n|-damage|p1a: Lopunny|18\/100\n|\n|upkeep\n|turn|13\n|\n|t:|1699565369\n|move|p1a: Lopunny|Return|p2a: Pomposo\n|-damage|p2a: Pomposo|7\/100\n|move|p2a: Pomposo|Liquidation|p1a: Lopunny\n|-damage|p1a: Lopunny|0 fnt\n|faint|p1a: Lopunny\n|\n|upkeep\n|\n|t:|1699565373\n|switch|p1a: Palafin|Palafin-Hero, M|100\/100\n|-activate|p1a: Palafin|move: Sticky Web\n|-unboost|p1a: Palafin|spe|1\n|-activate|p1a: Palafin|ability: Zero to Hero\n|turn|14\n|\n|t:|1699565388\n|move|p1a: Palafin|Jet Punch|p2a: Pomposo\n|-resisted|p2a: Pomposo\n|-damage|p2a: Pomposo|0 fnt\n|faint|p2a: Pomposo\n|\n|upkeep\n|\n|t:|1699565396\n|switch|p2a: Goodra|Goodra-Hisui, M|100\/100\n|-activate|p2a: Goodra|move: Sticky Web\n|-unboost|p2a: Goodra|spe|1\n|turn|15\n|\n|t:|1699565401\n|move|p1a: Palafin|Jet Punch|p2a: Goodra\n|-resisted|p2a: Goodra\n|-damage|p2a: Goodra|77\/100\n|move|p2a: Goodra|Thunderbolt|p1a: Palafin\n|-supereffective|p1a: Palafin\n|-damage|p1a: Palafin|61\/100\n|\n|upkeep\n|turn|16\n|\n|t:|1699565403\n|move|p1a: Palafin|Jet Punch|p2a: Goodra\n|-resisted|p2a: Goodra\n|-damage|p2a: Goodra|49\/100\n|move|p2a: Goodra|Thunderbolt|p1a: Palafin\n|-supereffective|p1a: Palafin\n|-damage|p1a: Palafin|16\/100\n|\n|upkeep\n|turn|17\n|\n|t:|1699565406\n|move|p1a: Palafin|Jet Punch|p2a: Goodra\n|-resisted|p2a: Goodra\n|-damage|p2a: Goodra|23\/100\n|move|p2a: Goodra|Thunderbolt|p1a: Palafin\n|-supereffective|p1a: Palafin\n|-damage|p1a: Palafin|0 fnt\n|faint|p1a: Palafin\n|\n|upkeep\n|\n|t:|1699565408\n|switch|p1a: Garchomp|Garchomp, M|100\/100\n|-activate|p1a: Garchomp|move: Sticky Web\n|-unboost|p1a: Garchomp|spe|1\n|turn|18\n|\n|t:|1699565413\n|-terastallize|p1a: Garchomp|Dragon\n|move|p1a: Garchomp|Outrage|p2a: Goodra\n|-damage|p2a: Goodra|0 fnt\n|faint|p2a: Goodra\n|\n|upkeep\n|\n|t:|1699565419\n|switch|p2a: Andr\u00e9s|Blastoise, F|100\/100\n|-activate|p2a: Andr\u00e9s|move: Sticky Web\n|-unboost|p2a: Andr\u00e9s|spe|1\n|-status|p2a: Andr\u00e9s|psn\n|turn|19\n|\n|t:|1699565427\n|detailschange|p2a: Andr\u00e9s|Blastoise-Mega, F\n|-mega|p2a: Andr\u00e9s|Blastoise|Blastoisinite\n|move|p1a: Garchomp|Outrage|p2a: Andr\u00e9s|[from]lockedmove\n|-damage|p2a: Andr\u00e9s|10\/100 psn\n|-start|p1a: Garchomp|confusion|[fatigue]\n|move|p2a: Andr\u00e9s|Shell Smash|p2a: Andr\u00e9s\n|-unboost|p2a: Andr\u00e9s|def|1\n|-unboost|p2a: Andr\u00e9s|spd|1\n|-boost|p2a: Andr\u00e9s|atk|2\n|-boost|p2a: Andr\u00e9s|spa|2\n|-boost|p2a: Andr\u00e9s|spe|2\n|\n|-damage|p2a: Andr\u00e9s|0 fnt|[from] psn\n|faint|p2a: Andr\u00e9s\n|upkeep\n|\n|t:|1699565435\n|switch|p2a: TocaTetas|Palafin, F, shiny|100\/100\n|-activate|p2a: TocaTetas|move: Sticky Web\n|-unboost|p2a: TocaTetas|spe|1\n|-status|p2a: TocaTetas|psn\n|turn|20\n|\n|t:|1699565447\n|detailschange|p2a: TocaTetas|Palafin-Hero, F, shiny\n|switch|p2a: Copito de nieve|Dracovish|100\/100\n|-activate|p2a: Copito de nieve|move: Sticky Web\n|-unboost|p2a: Copito de nieve|spe|1\n|-status|p2a: Copito de nieve|psn\n|-activate|p1a: Garchomp|confusion\n|move|p1a: Garchomp|Outrage|p2a: Copito de nieve\n|-supereffective|p2a: Copito de nieve\n|-damage|p2a: Copito de nieve|0 fnt\n|faint|p2a: Copito de nieve\n|\n|upkeep\n|\n|t:|1699565450\n|switch|p2a: TocaTetas|Palafin-Hero, F, shiny|100\/100 psn\n|-activate|p2a: TocaTetas|move: Sticky Web\n|-unboost|p2a: TocaTetas|spe|1\n|-activate|p2a: TocaTetas|ability: Zero to Hero\n|turn|21\n|\n|t:|1699565461\n|-end|p1a: Garchomp|confusion\n|move|p1a: Garchomp|Outrage|p2a: TocaTetas|[from]lockedmove\n|-damage|p2a: TocaTetas|5\/100 psn\n|-enditem|p2a: TocaTetas|Lansat Berry|[eat]\n|-start|p2a: TocaTetas|move: Focus Energy\n|move|p2a: TocaTetas|Ice Punch|p1a: Garchomp\n|-supereffective|p1a: Garchomp\n|-damage|p1a: Garchomp|41\/100\n|-damage|p2a: TocaTetas|0 fnt|[from] ability: Rough Skin|[of] p1a: Garchomp\n|faint|p2a: TocaTetas\n|\n|win|DracoAxel\n|c|\u2606Gatita golosa 123|Waos\n","uploadtime":1699565614,"views":8,"p1id":"dracoaxel","p2id":"gatitagolosa123","formatid":"gen9nationaldexubers","rating":0,"private":0,"password":""}