{"id":"gen9nationaldexubers-1996543078","p1":"L3vD3x","p2":"Krishy2007","format":"[Gen 9] National Dex Ubers","log":"|j|\u2606L3vD3x\n|j|\u2606Krishy2007\n|t:|1700692472\n|gametype|singles\n|player|p1|L3vD3x|alder|1230\n|player|p2|Krishy2007|102|1341\n|teamsize|p1|6\n|teamsize|p2|6\n|gen|9\n|tier|[Gen 9] National Dex Ubers\n|rated|\n|rule|HP Percentage Mod: HP is shown in percentages\n|rule|Endless Battle Clause: Forcing endless battles is banned\n|rule|OHKO Clause: OHKO moves are banned\n|rule|Evasion Moves Clause: Evasion moves are banned\n|rule|Evasion Items Clause: Evasion items are banned\n|rule|Species Clause: Limit one of each Pok\u00e9mon\n|rule|Sleep Clause Mod: Limit one foe put to sleep\n|rule|Mega Rayquaza Clause: You cannot mega evolve Rayquaza\n|clearpoke\n|poke|p1|Houndstone, M|\n|poke|p1|Basculegion, M|\n|poke|p1|Darmanitan-Galar, M|\n|poke|p1|Mewtwo|\n|poke|p1|Grafaiai, M|\n|poke|p1|Liepard, M|\n|poke|p2|Groudon|\n|poke|p2|Ho-Oh|\n|poke|p2|Necrozma-Dusk-Mane|\n|poke|p2|Kyogre|\n|poke|p2|Xerneas-*|\n|poke|p2|Arceus-Ground|\n|teampreview\n|inactive|Battle timer is ON: inactive players will automatically lose when time's up. (requested by Krishy2007)\n|\n|t:|1700692493\n|start\n|switch|p1a: Grafaiai|Grafaiai, M|100\/100\n|switch|p2a: Xerneas|Xerneas, shiny|100\/100\n|-ability|p2a: Xerneas|Fairy Aura\n|turn|1\n|\n|t:|1700692499\n|-terastallize|p2a: Xerneas|Electric\n|move|p1a: Grafaiai|Gunk Shot|p2a: Xerneas|[miss]\n|-miss|p1a: Grafaiai|p2a: Xerneas\n|move|p2a: Xerneas|Geomancy||[still]\n|-prepare|p2a: Xerneas|Geomancy\n|-enditem|p2a: Xerneas|Power Herb\n|-anim|p2a: Xerneas|Geomancy|p2a: Xerneas\n|-boost|p2a: Xerneas|spa|2\n|-boost|p2a: Xerneas|spd|2\n|-boost|p2a: Xerneas|spe|2\n|\n|upkeep\n|turn|2\n|\n|t:|1700692510\n|move|p2a: Xerneas|Hidden Power|p1a: Grafaiai\n|-supereffective|p1a: Grafaiai\n|-damage|p1a: Grafaiai|0 fnt\n|faint|p1a: Grafaiai\n|\n|upkeep\n|\n|t:|1700692519\n|switch|p1a: Darmanitan|Darmanitan-Galar, M|100\/100\n|turn|3\n|\n|t:|1700692528\n|move|p2a: Xerneas|Geomancy||[still]\n|-prepare|p2a: Xerneas|Geomancy\n|move|p1a: Darmanitan|Earthquake|p2a: Xerneas\n|-supereffective|p2a: Xerneas\n|-damage|p2a: Xerneas|5\/100\n|\n|upkeep\n|turn|4\n|c|\u2606Krishy2007|MISCLICK\n|c|\u2606Krishy2007|Lmao\n|\n|t:|1700692547\n|move|p2a: Xerneas|Geomancy|p2a: Xerneas|[from]lockedmove\n|-boost|p2a: Xerneas|spa|2\n|-boost|p2a: Xerneas|spd|2\n|-boost|p2a: Xerneas|spe|2\n|move|p1a: Darmanitan|Earthquake|p2a: Xerneas\n|-supereffective|p2a: Xerneas\n|-damage|p2a: Xerneas|0 fnt\n|faint|p2a: Xerneas\n|\n|upkeep\n|\n|t:|1700692554\n|switch|p2a: Necrozma|Necrozma-Dusk-Mane|100\/100\n|turn|5\n|c|\u2606L3vD3x|Whoopsie\n|\n|t:|1700692563\n|switch|p1a: Houndstone|Houndstone, M|100\/100\n|move|p2a: Necrozma|Dragon Dance|p2a: Necrozma\n|-boost|p2a: Necrozma|atk|1\n|-boost|p2a: Necrozma|spe|1\n|\n|upkeep\n|turn|6\n|\n|t:|1700692568\n|move|p2a: Necrozma|Stone Edge|p1a: Houndstone\n|-damage|p1a: Houndstone|39\/100\n|move|p1a: Houndstone|Last Respects|p2a: Necrozma\n|-supereffective|p2a: Necrozma\n|-damage|p2a: Necrozma|30\/100\n|-damage|p1a: Houndstone|29\/100|[from] item: Life Orb\n|\n|upkeep\n|turn|7\n|\n|t:|1700692575\n|detailschange|p2a: Necrozma|Necrozma-Ultra\n|-burst|p2a: Necrozma|Necrozma|Ultranecrozium Z\n|move|p2a: Necrozma|Photon Geyser|p1a: Houndstone\n|-damage|p1a: Houndstone|0 fnt\n|faint|p1a: Houndstone\n|\n|upkeep\n|\n|t:|1700692585\n|switch|p1a: Darmanitan|Darmanitan-Galar, M|100\/100\n|turn|8\n|\n|t:|1700692596\n|move|p2a: Necrozma|Photon Geyser|p1a: Darmanitan\n|-damage|p1a: Darmanitan|0 fnt\n|faint|p1a: Darmanitan\n|\n|upkeep\n|\n|t:|1700692606\n|switch|p1a: Mewtwo|Mewtwo|100\/100\n|-ability|p1a: Mewtwo|Pressure\n|turn|9\n|\n|t:|1700692615\n|detailschange|p1a: Mewtwo|Mewtwo-Mega-X\n|-mega|p1a: Mewtwo|Mewtwo|Mewtwonite X\n|-zpower|p2a: Necrozma\n|move|p2a: Necrozma|Light That Burns the Sky|p1a: Mewtwo|[zeffect]\n|-damage|p1a: Mewtwo|0 fnt\n|faint|p1a: Mewtwo\n|\n|upkeep\n|\n|t:|1700692626\n|switch|p1a: Basculegion|Basculegion, M|100\/100\n|turn|10\n|\n|t:|1700692631\n|move|p2a: Necrozma|Photon Geyser|p1a: Basculegion\n|-damage|p1a: Basculegion|0 fnt\n|faint|p1a: Basculegion\n|\n|upkeep\n|-message|L3vD3x forfeited.\n|\n|win|Krishy2007\n|raw|L3vD3x's rating: 1230 &rarr; <strong>1213<\/strong><br \/>(-17 for losing)\n|raw|Krishy2007's rating: 1341 &rarr; <strong>1355<\/strong><br \/>(+14 for winning)\n|l|\u2606L3vD3x\n","uploadtime":1700692645,"views":1,"p1id":"l3vd3x","p2id":"krishy2007","formatid":"gen9nationaldexubers","rating":1213,"private":0,"password":""}