{"id":"gen9nationaldexubers-1987781495","p1":"WintryY","p2":"Onyxling","format":"[Gen 9] National Dex Ubers","log":"|j|\u2606WintryY\n|j|\u2606Onyxling\n|t:|1699636326\n|gametype|singles\n|player|p1|WintryY|266|1151\n|player|p2|Onyxling|drake-gen3|1072\n|teamsize|p1|6\n|teamsize|p2|6\n|gen|9\n|tier|[Gen 9] National Dex Ubers\n|rated|\n|rule|HP Percentage Mod: HP is shown in percentages\n|rule|Endless Battle Clause: Forcing endless battles is banned\n|rule|OHKO Clause: OHKO moves are banned\n|rule|Evasion Moves Clause: Evasion moves are banned\n|rule|Evasion Items Clause: Evasion items are banned\n|rule|Species Clause: Limit one of each Pok\u00e9mon\n|rule|Sleep Clause Mod: Limit one foe put to sleep\n|rule|Mega Rayquaza Clause: You cannot mega evolve Rayquaza\n|clearpoke\n|poke|p1|Marshadow|\n|poke|p1|Lokix, M|\n|poke|p1|Beedrill, M|\n|poke|p1|Great Tusk|\n|poke|p1|Revavroom, F|\n|poke|p1|Groudon|\n|poke|p2|Tauros, M|\n|poke|p2|Dragonite, M|\n|poke|p2|Zeraora|\n|poke|p2|Tapu Koko|\n|poke|p2|Zapdos-Galar|\n|poke|p2|Palafin, M|\n|teampreview\n|\n|t:|1699636332\n|start\n|switch|p1a: Groudon|Groudon|100\/100\n|switch|p2a: ROCKSTAR\u2122|Zeraora|100\/100\n|detailschange|p1a: Groudon|Groudon-Primal\n|-primal|p1a: Groudon|Red Orb\n|-weather|DesolateLand|[from] ability: Desolate Land|[of] p1a: Groudon\n|turn|1\n|inactive|Battle timer is ON: inactive players will automatically lose when time's up. (requested by WintryY)\n|\n|t:|1699636338\n|move|p2a: ROCKSTAR\u2122|Close Combat|p1a: Groudon\n|-damage|p1a: Groudon|78\/100\n|-unboost|p2a: ROCKSTAR\u2122|def|1\n|-unboost|p2a: ROCKSTAR\u2122|spd|1\n|-enditem|p2a: ROCKSTAR\u2122|Eject Pack\n|\n|t:|1699636343\n|switch|p2a: Ka-KAWW!!!!|Zapdos-Galar, shiny|100\/100\n|move|p1a: Groudon|Rock Polish|p1a: Groudon\n|-boost|p1a: Groudon|spe|2\n|\n|-weather|DesolateLand|[upkeep]\n|upkeep\n|turn|2\n|\n|t:|1699636352\n|move|p1a: Groudon|Stone Edge|p2a: Ka-KAWW!!!!\n|-damage|p2a: Ka-KAWW!!!!|40\/100\n|move|p2a: Ka-KAWW!!!!|Thunderous Kick|p1a: Groudon\n|-damage|p1a: Groudon|51\/100\n|-unboost|p1a: Groudon|def|1\n|\n|-weather|DesolateLand|[upkeep]\n|upkeep\n|turn|3\n|\n|t:|1699636358\n|move|p1a: Groudon|Heat Crash|p2a: Ka-KAWW!!!!\n|-damage|p2a: Ka-KAWW!!!!|0 fnt\n|faint|p2a: Ka-KAWW!!!!\n|\n|-weather|DesolateLand|[upkeep]\n|upkeep\n|\n|t:|1699636361\n|switch|p2a: Chubbs|Dragonite, M|100\/100\n|turn|4\n|\n|t:|1699636366\n|-terastallize|p2a: Chubbs|Fighting\n|move|p1a: Groudon|Stone Edge|p2a: Chubbs\n|-resisted|p2a: Chubbs\n|-crit|p2a: Chubbs\n|-damage|p2a: Chubbs|80\/100\n|move|p2a: Chubbs|Earthquake|p1a: Groudon\n|-supereffective|p1a: Groudon\n|-damage|p1a: Groudon|0 fnt\n|faint|p1a: Groudon\n|-weather|none\n|\n|upkeep\n|\n|t:|1699636379\n|switch|p1a: Lokix|Lokix, M|100\/100\n|turn|5\n|\n|t:|1699636387\n|switch|p2a: Koko for Cocopuffs|Tapu Koko|100\/100\n|-fieldstart|move: Electric Terrain|[from] ability: Electric Surge|[of] p2a: Koko for Cocopuffs\n|move|p1a: Lokix|Knock Off|p2a: Koko for Cocopuffs\n|-resisted|p2a: Koko for Cocopuffs\n|-damage|p2a: Koko for Cocopuffs|31\/100\n|-enditem|p2a: Koko for Cocopuffs|Terrain Extender|[from] move: Knock Off|[of] p1a: Lokix\n|\n|upkeep\n|turn|6\n|\n|t:|1699636395\n|move|p2a: Koko for Cocopuffs|Brave Bird|p1a: Lokix\n|-supereffective|p1a: Lokix\n|-enditem|p1a: Lokix|Focus Sash\n|-damage|p1a: Lokix|1\/100\n|-damage|p2a: Koko for Cocopuffs|0 fnt|[from] Recoil\n|faint|p2a: Koko for Cocopuffs\n|move|p1a: Lokix|Swords Dance|p1a: Lokix\n|-boost|p1a: Lokix|atk|2\n|\n|upkeep\n|\n|t:|1699636406\n|switch|p2a: Minos|Tauros, M|100\/100\n|turn|7\n|\n|t:|1699636410\n|move|p2a: Minos|Pursuit|p1a: Lokix\n|-resisted|p1a: Lokix\n|-damage|p1a: Lokix|0 fnt\n|faint|p1a: Lokix\n|-damage|p2a: Minos|91\/100|[from] item: Life Orb\n|\n|upkeep\n|\n|t:|1699636416\n|switch|p1a: Beedrill|Beedrill, M|100\/100\n|turn|8\n|\n|t:|1699636422\n|detailschange|p1a: Beedrill|Beedrill-Mega, M\n|-mega|p1a: Beedrill|Beedrill|Beedrillite\n|move|p1a: Beedrill|Fell Stinger|p2a: Minos\n|-damage|p2a: Minos|41\/100\n|move|p2a: Minos|Body Slam|p1a: Beedrill\n|-damage|p1a: Beedrill|0 fnt\n|faint|p1a: Beedrill\n|\n|upkeep\n|\n|t:|1699636430\n|switch|p1a: Revavroom|Revavroom, F|100\/100\n|turn|9\n|\n|t:|1699636433\n|move|p2a: Minos|Earthquake|p1a: Revavroom\n|-supereffective|p1a: Revavroom\n|-damage|p1a: Revavroom|0 fnt\n|faint|p1a: Revavroom\n|-damage|p2a: Minos|31\/100|[from] item: Life Orb\n|\n|upkeep\n|\n|t:|1699636438\n|switch|p1a: Marshadow|Marshadow|100\/100\n|turn|10\n|\n|t:|1699636441\n|move|p1a: Marshadow|Swagger|p2a: Minos\n|-boost|p2a: Minos|atk|2\n|-enditem|p1a: Marshadow|Mirror Herb\n|-boost|p1a: Marshadow|atk|2|[from] item: Mirror Herb\n|-start|p2a: Minos|confusion\n|-activate|p2a: Minos|confusion\n|move|p2a: Minos|Zen Headbutt|p1a: Marshadow\n|-supereffective|p1a: Marshadow\n|-damage|p1a: Marshadow|0 fnt\n|faint|p1a: Marshadow\n|\n|upkeep\n|\n|t:|1699636450\n|switch|p1a: Great Tusk|Great Tusk|100\/100\n|-enditem|p1a: Great Tusk|Booster Energy\n|-activate|p1a: Great Tusk|ability: Protosynthesis|[fromitem]\n|-start|p1a: Great Tusk|protosynthesisatk\n|turn|11\n|\n|t:|1699636455\n|-end|p2a: Minos|confusion\n|move|p2a: Minos|Zen Headbutt|p1a: Great Tusk\n|-supereffective|p1a: Great Tusk\n|-damage|p1a: Great Tusk|0 fnt\n|faint|p1a: Great Tusk\n|-end|p1a: Great Tusk|Protosynthesis|[silent]\n|\n|win|Onyxling\n|raw|WintryY's rating: 1151 &rarr; <strong>1120<\/strong><br \/>(-31 for losing)\n|raw|Onyxling's rating: 1072 &rarr; <strong>1108<\/strong><br \/>(+36 for winning)\n|l|\u2606WintryY\n|c|\u2606Onyxling|crazy\n","uploadtime":1699636563,"views":5,"p1id":"wintryy","p2id":"onyxling","formatid":"gen9nationaldexubers","rating":1108,"private":0,"password":""}