{"id":"gen9nationaldexubers-1981599002","p1":"Incredible Gassy","p2":"MommyMikuNakano","format":"[Gen 9] National Dex Ubers","log":"|j|\u2606Incredible Gassy\n|j|\u2606MommyMikuNakano\n|t:|1698924255\n|gametype|singles\n|player|p1|Incredible Gassy|rocker-gen3|1622\n|player|p2|MommyMikuNakano|erika-gen1|1719\n|teamsize|p1|6\n|teamsize|p2|6\n|gen|9\n|tier|[Gen 9] National Dex Ubers\n|rated|\n|rule|HP Percentage Mod: HP is shown in percentages\n|rule|Endless Battle Clause: Forcing endless battles is banned\n|rule|OHKO Clause: OHKO moves are banned\n|rule|Evasion Moves Clause: Evasion moves are banned\n|rule|Evasion Items Clause: Evasion items are banned\n|rule|Species Clause: Limit one of each Pok\u00e9mon\n|rule|Sleep Clause Mod: Limit one foe put to sleep\n|rule|Mega Rayquaza Clause: You cannot mega evolve Rayquaza\n|clearpoke\n|poke|p1|Sandy Shocks|\n|poke|p1|Salamence, M|\n|poke|p1|Marshadow|\n|poke|p1|Arceus-Ground|\n|poke|p1|Palkia-Origin|\n|poke|p1|Zacian-*|\n|poke|p2|Salamence, F|\n|poke|p2|Kingambit, F|\n|poke|p2|Ditto|\n|poke|p2|Groudon|\n|poke|p2|Necrozma-Dusk-Mane|\n|poke|p2|Arceus-Fairy|\n|teampreview\n|inactive|Battle timer is ON: inactive players will automatically lose when time's up. (requested by Incredible Gassy)\n|inactive|MommyMikuNakano also wants the timer to be on.\n|\n|t:|1698924275\n|start\n|switch|p1a: it's time to DUEL|Sandy Shocks|100\/100\n|switch|p2a: Necrozma|Necrozma-Dusk-Mane, shiny|100\/100\n|turn|1\n|\n|t:|1698924279\n|detailschange|p2a: Necrozma|Necrozma-Ultra, shiny\n|-burst|p2a: Necrozma|Necrozma|Ultranecrozium Z\n|move|p2a: Necrozma|Earth Power|p1a: it's time to DUEL\n|-supereffective|p1a: it's time to DUEL\n|-enditem|p1a: it's time to DUEL|Focus Sash\n|-damage|p1a: it's time to DUEL|1\/100\n|move|p1a: it's time to DUEL|Earth Power|p2a: Necrozma\n|-damage|p2a: Necrozma|49\/100\n|\n|upkeep\n|turn|2\n|\n|t:|1698924284\n|move|p2a: Necrozma|Photon Geyser|p1a: it's time to DUEL\n|-damage|p1a: it's time to DUEL|0 fnt\n|faint|p1a: it's time to DUEL\n|-end|p1a: it's time to DUEL|Protosynthesis|[silent]\n|\n|upkeep\n|\n|t:|1698924286\n|switch|p1a: okidogi?|Zacian-Crowned, shiny|100\/100\n|-ability|p1a: okidogi?|Intrepid Sword|boost\n|-boost|p1a: okidogi?|atk|1\n|turn|3\n|\n|t:|1698924290\n|switch|p2a: Groudon|Groudon|100\/100\n|detailschange|p2a: Groudon|Groudon-Primal\n|-primal|p2a: Groudon|Red Orb\n|-weather|DesolateLand|[from] ability: Desolate Land|[of] p2a: Groudon\n|move|p1a: okidogi?|Play Rough|p2a: Groudon\n|-resisted|p2a: Groudon\n|-damage|p2a: Groudon|85\/100\n|\n|-weather|DesolateLand|[upkeep]\n|upkeep\n|turn|4\n|\n|t:|1698924298\n|-terastallize|p1a: okidogi?|Fighting\n|move|p1a: okidogi?|Swords Dance|p1a: okidogi?\n|-boost|p1a: okidogi?|atk|2\n|move|p2a: Groudon|Stealth Rock|p1a: okidogi?\n|-sidestart|p1: Incredible Gassy|move: Stealth Rock\n|\n|-weather|DesolateLand|[upkeep]\n|upkeep\n|turn|5\n|\n|t:|1698924303\n|move|p1a: okidogi?|Close Combat|p2a: Groudon\n|-damage|p2a: Groudon|10\/100\n|-unboost|p1a: okidogi?|def|1\n|-unboost|p1a: okidogi?|spd|1\n|move|p2a: Groudon|Earthquake|p1a: okidogi?\n|-crit|p1a: okidogi?\n|-damage|p1a: okidogi?|0 fnt\n|faint|p1a: okidogi?\n|\n|-weather|DesolateLand|[upkeep]\n|upkeep\n|\n|t:|1698924310\n|switch|p1a: big schmence|Salamence, M, shiny|100\/100\n|-damage|p1a: big schmence|76\/100|[from] Stealth Rock\n|-ability|p1a: big schmence|Intimidate|boost\n|-unboost|p2a: Groudon|atk|1\n|turn|6\n|\n|t:|1698924314\n|move|p1a: big schmence|Earthquake|p2a: Groudon\n|-supereffective|p2a: Groudon\n|-damage|p2a: Groudon|0 fnt\n|faint|p2a: Groudon\n|-weather|none\n|\n|upkeep\n|\n|t:|1698924318\n|switch|p2a: Necrozma|Necrozma-Ultra, shiny|49\/100\n|turn|7\n|\n|t:|1698924320\n|detailschange|p1a: big schmence|Salamence-Mega, M, shiny\n|-mega|p1a: big schmence|Salamence|Salamencite\n|move|p2a: Necrozma|Dragon Pulse|p1a: big schmence\n|-supereffective|p1a: big schmence\n|-damage|p1a: big schmence|0 fnt\n|faint|p1a: big schmence\n|\n|upkeep\n|\n|t:|1698924322\n|switch|p1a: GOOBED!|Marshadow|100\/100\n|-damage|p1a: GOOBED!|94\/100|[from] Stealth Rock\n|turn|8\n|\n|t:|1698924325\n|switch|p2a: Salamence|Salamence, F|100\/100\n|-ability|p2a: Salamence|Intimidate|boost\n|-unboost|p1a: GOOBED!|atk|1\n|move|p1a: GOOBED!|Low Kick|p2a: Salamence\n|-resisted|p2a: Salamence\n|-damage|p2a: Salamence|66\/100\n|\n|upkeep\n|turn|9\n|-message|Incredible Gassy forfeited.\n|\n|win|MommyMikuNakano\n|raw|Incredible Gassy's rating: 1622 &rarr; <strong>1607<\/strong><br \/>(-15 for losing)\n|raw|MommyMikuNakano's rating: 1719 &rarr; <strong>1734<\/strong><br \/>(+15 for winning)\n|c|\u2606Incredible Gassy|i need to learn to teambuild so fucking bad\n|l|\u2606MommyMikuNakano\n|l|\u2606Incredible Gassy\n","uploadtime":1698924876,"views":15,"p1id":"incrediblegassy","p2id":"mommymikunakano","formatid":"gen9nationaldexubers","rating":1607,"private":0,"password":""}