{"id":"gen9nationaldexubers-1988824244","p1":"ArgenPolmerica","p2":"Create Challenger","format":"[Gen 9] National Dex Ubers","log":"|j|\u2606ArgenPolmerica\n|j|\u2606Create Challenger\n|t:|1699768684\n|gametype|singles\n|player|p1|ArgenPolmerica|aaron|1111\n|player|p2|Create Challenger|eusine|1215\n|teamsize|p1|6\n|teamsize|p2|6\n|gen|9\n|tier|[Gen 9] National Dex Ubers\n|rated|\n|rule|HP Percentage Mod: HP is shown in percentages\n|rule|Endless Battle Clause: Forcing endless battles is banned\n|rule|OHKO Clause: OHKO moves are banned\n|rule|Evasion Moves Clause: Evasion moves are banned\n|rule|Evasion Items Clause: Evasion items are banned\n|rule|Species Clause: Limit one of each Pok\u00e9mon\n|rule|Sleep Clause Mod: Limit one foe put to sleep\n|rule|Mega Rayquaza Clause: You cannot mega evolve Rayquaza\n|clearpoke\n|poke|p1|Regigigas|\n|poke|p1|Regirock|\n|poke|p1|Regice|\n|poke|p1|Registeel|\n|poke|p1|Regidrago|\n|poke|p1|Regieleki|\n|poke|p2|Palafin, F|\n|poke|p2|Golisopod, M|\n|poke|p2|Milotic, F|\n|poke|p2|Gyarados, M|\n|poke|p2|Dracovish|\n|poke|p2|Quagsire, M|\n|teampreview\n|c|\u2606Create Challenger|I have a friend who will like this battle a lot\n|c|\u2606Create Challenger|Glhf\n|\n|t:|1699768710\n|start\n|switch|p1a: Registeel|Registeel|100\/100\n|switch|p2a: Palafin|Palafin, F|100\/100\n|turn|1\n|\n|t:|1699768718\n|move|p2a: Palafin|Flip Turn|p1a: Registeel\n|-damage|p1a: Registeel|81\/100\n|-damage|p2a: Palafin|91\/100|[from] item: Life Orb\n|\n|t:|1699768722\n|detailschange|p2a: Palafin|Palafin-Hero, F\n|switch|p2a: Quagsire|Quagsire, M|100\/100|[from] Flip Turn\n|move|p1a: Registeel|Iron Defense|p1a: Registeel\n|-boost|p1a: Registeel|def|2\n|\n|-heal|p1a: Registeel|87\/100|[from] item: Leftovers\n|upkeep\n|turn|2\n|\n|t:|1699768734\n|move|p1a: Registeel|Toxic|p2a: Quagsire\n|-status|p2a: Quagsire|tox\n|move|p2a: Quagsire|Spikes|p1a: Registeel\n|-sidestart|p1: ArgenPolmerica|Spikes\n|\n|-heal|p1a: Registeel|93\/100|[from] item: Leftovers\n|-damage|p2a: Quagsire|94\/100 tox|[from] psn\n|upkeep\n|turn|3\n|\n|t:|1699768745\n|move|p1a: Registeel|Amnesia|p1a: Registeel\n|-boost|p1a: Registeel|spd|2\n|move|p2a: Quagsire|Earthquake|p1a: Registeel\n|-supereffective|p1a: Registeel\n|-damage|p1a: Registeel|52\/100\n|\n|-heal|p1a: Registeel|58\/100|[from] item: Leftovers\n|-heal|p2a: Quagsire|100\/100 tox|[from] item: Leftovers\n|-damage|p2a: Quagsire|88\/100 tox|[from] psn\n|upkeep\n|turn|4\n|\n|t:|1699768757\n|move|p1a: Registeel|Iron Defense|p1a: Registeel\n|-boost|p1a: Registeel|def|2\n|move|p2a: Quagsire|Earthquake|p1a: Registeel\n|-supereffective|p1a: Registeel\n|-damage|p1a: Registeel|15\/100\n|\n|-heal|p1a: Registeel|21\/100|[from] item: Leftovers\n|-heal|p2a: Quagsire|94\/100 tox|[from] item: Leftovers\n|-damage|p2a: Quagsire|76\/100 tox|[from] psn\n|upkeep\n|turn|5\n|\n|t:|1699768767\n|move|p1a: Registeel|Flash Cannon|p2a: Quagsire\n|-resisted|p2a: Quagsire\n|-damage|p2a: Quagsire|62\/100 tox\n|move|p2a: Quagsire|Earthquake|p1a: Registeel\n|-supereffective|p1a: Registeel\n|-damage|p1a: Registeel|0 fnt\n|faint|p1a: Registeel\n|\n|-heal|p2a: Quagsire|68\/100 tox|[from] item: Leftovers\n|-damage|p2a: Quagsire|44\/100 tox|[from] psn\n|upkeep\n|\n|t:|1699768776\n|switch|p1a: Regieleki|Regieleki|100\/100\n|-damage|p1a: Regieleki|88\/100|[from] Spikes\n|turn|6\n|\n|t:|1699768784\n|move|p1a: Regieleki|Rapid Spin|p2a: Quagsire\n|-damage|p2a: Quagsire|27\/100 tox\n|-boost|p1a: Regieleki|spe|1\n|-sideend|p1: ArgenPolmerica|Spikes|[from] move: Rapid Spin|[of] p1a: Regieleki\n|move|p2a: Quagsire|Recover|p2a: Quagsire\n|-heal|p2a: Quagsire|77\/100 tox\n|\n|-heal|p2a: Quagsire|83\/100 tox|[from] item: Leftovers\n|-damage|p2a: Quagsire|52\/100 tox|[from] psn\n|upkeep\n|turn|7\n|\n|t:|1699768797\n|move|p1a: Regieleki|Extreme Speed|p2a: Quagsire\n|-damage|p2a: Quagsire|26\/100 tox\n|move|p2a: Quagsire|Earthquake|p1a: Regieleki\n|-supereffective|p1a: Regieleki\n|-damage|p1a: Regieleki|0 fnt\n|faint|p1a: Regieleki\n|\n|-heal|p2a: Quagsire|32\/100 tox|[from] item: Leftovers\n|-damage|p2a: Quagsire|0 fnt|[from] psn\n|faint|p2a: Quagsire\n|upkeep\n|\n|t:|1699768810\n|switch|p1a: Regirock|Regirock|100\/100\n|switch|p2a: Milotic|Milotic, F|100\/100\n|turn|8\n|\n|t:|1699768818\n|move|p2a: Milotic|Rain Dance|p2a: Milotic\n|-weather|RainDance\n|move|p1a: Regirock|Stone Edge|p2a: Milotic\n|-damage|p2a: Milotic|41\/100\n|\n|-weather|RainDance|[upkeep]\n|upkeep\n|turn|9\n|\n|t:|1699768825\n|move|p2a: Milotic|Scald|p1a: Regirock\n|-supereffective|p1a: Regirock\n|-ability|p1a: Regirock|Sturdy\n|-damage|p1a: Regirock|1\/100\n|move|p1a: Regirock|Stone Edge|p2a: Milotic\n|-damage|p2a: Milotic|0 fnt\n|faint|p2a: Milotic\n|\n|-weather|RainDance|[upkeep]\n|upkeep\n|\n|t:|1699768837\n|switch|p2a: Palafin|Palafin-Hero, F|91\/100\n|-activate|p2a: Palafin|ability: Zero to Hero\n|turn|10\n|\n|t:|1699768843\n|move|p2a: Palafin|Flip Turn|p1a: Regirock\n|-supereffective|p1a: Regirock\n|-damage|p1a: Regirock|0 fnt\n|-damage|p2a: Palafin|74\/100|[from] item: Rocky Helmet|[of] p1a: Regirock\n|faint|p1a: Regirock\n|-damage|p2a: Palafin|64\/100|[from] item: Life Orb\n|\n|t:|1699768850\n|switch|p2a: Dracovish|Dracovish|100\/100|[from] Flip Turn\n|\n|-weather|RainDance|[upkeep]\n|upkeep\n|\n|t:|1699768856\n|switch|p1a: Regigigas|Regigigas|100\/100\n|-start|p1a: Regigigas|ability: Slow Start\n|turn|11\n|\n|t:|1699768862\n|-terastallize|p2a: Dracovish|Water\n|move|p2a: Dracovish|Fishious Rend|p1a: Regigigas\n|-damage|p1a: Regigigas|0 fnt\n|faint|p1a: Regigigas\n|-end|p1a: Regigigas|Slow Start|[silent]\n|\n|-weather|RainDance|[upkeep]\n|upkeep\n|\n|t:|1699768868\n|switch|p1a: Regidrago|Regidrago|100\/100\n|turn|12\n|\n|t:|1699768871\n|move|p1a: Regidrago|Dragon Energy|p2a: Dracovish\n|-damage|p2a: Dracovish|0 fnt\n|faint|p2a: Dracovish\n|\n|-weather|RainDance|[upkeep]\n|upkeep\n|\n|t:|1699768880\n|switch|p2a: Palafin|Palafin-Hero, F|64\/100\n|turn|13\n|\n|t:|1699768886\n|move|p2a: Palafin|Jet Punch|p1a: Regidrago\n|-resisted|p1a: Regidrago\n|-damage|p1a: Regidrago|60\/100\n|-damage|p2a: Palafin|54\/100|[from] item: Life Orb\n|move|p1a: Regidrago|Dragon Energy|p2a: Palafin\n|-damage|p2a: Palafin|0 fnt\n|faint|p2a: Palafin\n|\n|-weather|RainDance|[upkeep]\n|upkeep\n|\n|t:|1699768896\n|switch|p2a: Golisopod|Golisopod, M|100\/100\n|turn|14\n|\n|t:|1699768901\n|switch|p1a: Regice|Regice|100\/100\n|move|p2a: Golisopod|Aqua Jet|p1a: Regice\n|-damage|p1a: Regice|62\/100\n|\n|-weather|RainDance|[upkeep]\n|upkeep\n|turn|15\n|\n|t:|1699768915\n|move|p1a: Regice|Charge Beam|p2a: Golisopod|[miss]\n|-miss|p1a: Regice|p2a: Golisopod\n|move|p2a: Golisopod|Razor Shell|p1a: Regice\n|-damage|p1a: Regice|0 fnt\n|faint|p1a: Regice\n|\n|-weather|none\n|upkeep\n|\n|t:|1699768922\n|switch|p1a: Regidrago|Regidrago|60\/100\n|turn|16\n|\n|t:|1699768926\n|move|p2a: Golisopod|Aqua Jet|p1a: Regidrago\n|-resisted|p1a: Regidrago\n|-damage|p1a: Regidrago|49\/100\n|move|p1a: Regidrago|Dragon Pulse|p2a: Golisopod\n|-damage|p2a: Golisopod|40\/100\n|-enditem|p2a: Golisopod|Sitrus Berry|[eat]\n|-heal|p2a: Golisopod|65\/100|[from] item: Sitrus Berry\n|\n|upkeep\n|turn|17\n|\n|t:|1699768943\n|move|p2a: Golisopod|Aqua Jet|p1a: Regidrago\n|-resisted|p1a: Regidrago\n|-damage|p1a: Regidrago|37\/100\n|move|p1a: Regidrago|Dragon Pulse|p2a: Golisopod\n|-crit|p2a: Golisopod\n|-damage|p2a: Golisopod|0 fnt\n|faint|p2a: Golisopod\n|\n|upkeep\n|\n|t:|1699768951\n|switch|p2a: Gyarados|Gyarados, M|100\/100\n|-ability|p2a: Gyarados|Intimidate|boost\n|-unboost|p1a: Regidrago|atk|1\n|turn|18\n|\n|t:|1699768981\n|detailschange|p2a: Gyarados|Gyarados-Mega, M\n|-mega|p2a: Gyarados|Gyarados|Gyaradosite\n|-ability|p2a: Gyarados|Mold Breaker\n|-terastallize|p1a: Regidrago|Dragon\n|move|p1a: Regidrago|Dragon Pulse|p2a: Gyarados\n|-damage|p2a: Gyarados|40\/100\n|move|p2a: Gyarados|Crunch|p1a: Regidrago\n|-damage|p1a: Regidrago|0 fnt\n|faint|p1a: Regidrago\n|\n|win|Create Challenger\n|raw|ArgenPolmerica's rating: 1111 &rarr; <strong>1093<\/strong><br \/>(-18 for losing)\n|raw|Create Challenger's rating: 1215 &rarr; <strong>1233<\/strong><br \/>(+18 for winning)\n","uploadtime":1699768987,"views":20,"p1id":"argenpolmerica","p2id":"createchallenger","formatid":"gen9nationaldexubers","rating":1093,"private":0,"password":""}