{"id":"gen9nationaldexubers-1981946202","p1":"Rayquaza59","p2":"MissInkChan","format":"[Gen 9] National Dex Ubers","log":"|j|\u2606Rayquaza59\n|j|\u2606MissInkChan\n|t:|1698953913\n|gametype|singles\n|player|p1|Rayquaza59|unknownf|\n|player|p2|MissInkChan|lady|\n|teamsize|p1|6\n|teamsize|p2|6\n|gen|9\n|tier|[Gen 9] National Dex Ubers\n|rule|HP Percentage Mod: HP is shown in percentages\n|rule|Endless Battle Clause: Forcing endless battles is banned\n|rule|OHKO Clause: OHKO moves are banned\n|rule|Evasion Moves Clause: Evasion moves are banned\n|rule|Evasion Items Clause: Evasion items are banned\n|rule|Species Clause: Limit one of each Pok\u00e9mon\n|rule|Sleep Clause Mod: Limit one foe put to sleep\n|rule|Mega Rayquaza Clause: You cannot mega evolve Rayquaza\n|clearpoke\n|poke|p1|Golem-Alola, L65, F|\n|poke|p1|Tyranitar, L65, F|\n|poke|p1|Aerodactyl, L65, M|\n|poke|p1|Aggron, L65, M|\n|poke|p1|Lycanroc-Dusk, L65, F|\n|poke|p1|Steelix, M|\n|poke|p2|Kingambit, L65, M|\n|poke|p2|Volcarona, L65, F|\n|poke|p2|Dragapult, L65, M|\n|poke|p2|Gliscor, L65, M|\n|poke|p2|Florges, L65, F|\n|poke|p2|Blastoise, L65, F|\n|teampreview\n|\n|t:|1698953920\n|start\n|switch|p1a: Golem|Golem-Alola, L65, F|100\/100\n|switch|p2a: Ciaran|Gliscor, L65, M|100\/100\n|turn|1\n|\n|t:|1698953928\n|move|p2a: Ciaran|Earthquake|p1a: Golem\n|-supereffective|p1a: Golem\n|-damage|p1a: Golem|0 fnt\n|faint|p1a: Golem\n|\n|-status|p2a: Ciaran|tox|[from] item: Toxic Orb\n|upkeep\n|\n|t:|1698953936\n|switch|p1a: Aerodactyl|Aerodactyl, L65, M|100\/100\n|turn|2\n|\n|t:|1698953946\n|detailschange|p1a: Aerodactyl|Aerodactyl-Mega, L65, M\n|-mega|p1a: Aerodactyl|Aerodactyl|Aerodactylite\n|move|p1a: Aerodactyl|Ice Fang|p2a: Ciaran|[miss]\n|-miss|p1a: Aerodactyl|p2a: Ciaran\n|move|p2a: Ciaran|U-turn|p1a: Aerodactyl\n|-resisted|p1a: Aerodactyl\n|-damage|p1a: Aerodactyl|90\/100\n|\n|t:|1698953951\n|switch|p2a: Bellona|Blastoise, L65, F|100\/100|[from] U-turn\n|\n|upkeep\n|turn|3\n|\n|t:|1698953959\n|switch|p1a: Aggron|Aggron, L65, M|100\/100\n|detailschange|p2a: Bellona|Blastoise-Mega, L65, F\n|-mega|p2a: Bellona|Blastoise|Blastoisinite\n|move|p2a: Bellona|Scald|p1a: Aggron\n|-supereffective|p1a: Aggron\n|-ability|p1a: Aggron|Sturdy\n|-damage|p1a: Aggron|1\/100\n|-status|p1a: Aggron|brn\n|\n|-damage|p1a: Aggron|0 fnt|[from] brn\n|faint|p1a: Aggron\n|upkeep\n|\n|t:|1698953974\n|switch|p1a: Lycanroc|Lycanroc-Dusk, L65, F|100\/100\n|turn|4\n|\n|t:|1698953980\n|move|p1a: Lycanroc|Close Combat|p2a: Bellona\n|-damage|p2a: Bellona|53\/100\n|-unboost|p1a: Lycanroc|def|1\n|-unboost|p1a: Lycanroc|spd|1\n|move|p2a: Bellona|Flip Turn|p1a: Lycanroc\n|-supereffective|p1a: Lycanroc\n|-damage|p1a: Lycanroc|6\/100\n|\n|t:|1698953992\n|switch|p2a: Ciaran|Gliscor, L65, M|100\/100 tox|[from] Flip Turn\n|\n|upkeep\n|turn|5\n|\n|t:|1698953997\n|move|p1a: Lycanroc|Close Combat|p2a: Ciaran\n|-resisted|p2a: Ciaran\n|-damage|p2a: Ciaran|85\/100 tox\n|-unboost|p1a: Lycanroc|def|1\n|-unboost|p1a: Lycanroc|spd|1\n|move|p2a: Ciaran|U-turn|p1a: Lycanroc\n|-damage|p1a: Lycanroc|0 fnt\n|faint|p1a: Lycanroc\n|\n|t:|1698954000\n|switch|p2a: Bellona|Blastoise-Mega, L65, F|53\/100|[from] U-turn\n|\n|upkeep\n|\n|t:|1698954010\n|switch|p1a: Steelix|Steelix, M|100\/100\n|turn|6\n|\n|t:|1698954014\n|move|p2a: Bellona|Scald|p1a: Steelix\n|-supereffective|p1a: Steelix\n|-damage|p1a: Steelix|45\/100\n|-status|p1a: Steelix|brn\n|move|p1a: Steelix|Gyro Ball|p2a: Bellona\n|-resisted|p2a: Bellona\n|-damage|p2a: Bellona|33\/100\n|\n|-damage|p1a: Steelix|38\/100 brn|[from] brn\n|upkeep\n|turn|7\n|\n|t:|1698954024\n|move|p2a: Bellona|Scald|p1a: Steelix\n|-supereffective|p1a: Steelix\n|-damage|p1a: Steelix|0 fnt\n|faint|p1a: Steelix\n|\n|upkeep\n|\n|t:|1698954035\n|switch|p1a: Tyranitar|Tyranitar, L65, F|100\/100\n|-weather|Sandstorm|[from] ability: Sand Stream|[of] p1a: Tyranitar\n|turn|8\n|\n|t:|1698954041\n|move|p2a: Bellona|Scald|p1a: Tyranitar\n|-supereffective|p1a: Tyranitar\n|-damage|p1a: Tyranitar|52\/100\n|-status|p1a: Tyranitar|brn\n|move|p1a: Tyranitar|Stone Edge|p2a: Bellona\n|-damage|p2a: Bellona|4\/100\n|\n|-weather|Sandstorm|[upkeep]\n|-damage|p2a: Bellona|0 fnt|[from] Sandstorm\n|faint|p2a: Bellona\n|-damage|p1a: Tyranitar|46\/100 brn|[from] brn\n|upkeep\n|\n|t:|1698954046\n|switch|p2a: Ciaran|Gliscor, L65, M|85\/100 tox\n|turn|9\n|\n|t:|1698954057\n|move|p2a: Ciaran|Earthquake|p1a: Tyranitar\n|-supereffective|p1a: Tyranitar\n|-damage|p1a: Tyranitar|0 fnt\n|faint|p1a: Tyranitar\n|\n|-weather|Sandstorm|[upkeep]\n|-heal|p2a: Ciaran|98\/100 tox|[from] ability: Poison Heal\n|upkeep\n|\n|t:|1698954070\n|switch|p1a: Aerodactyl|Aerodactyl-Mega, L65, M|90\/100\n|turn|10\n|\n|t:|1698954079\n|move|p1a: Aerodactyl|Ice Fang|p2a: Ciaran\n|-supereffective|p2a: Ciaran\n|-damage|p2a: Ciaran|22\/100 tox\n|move|p2a: Ciaran|U-turn|p1a: Aerodactyl\n|-resisted|p1a: Aerodactyl\n|-damage|p1a: Aerodactyl|81\/100\n|\n|t:|1698954084\n|switch|p2a: Blackwell|Kingambit, L65, M|100\/100|[from] U-turn\n|-activate|p2a: Blackwell|ability: Supreme Overlord\n|-start|p2a: Blackwell|fallen1|[silent]\n|\n|-weather|Sandstorm|[upkeep]\n|upkeep\n|turn|11\n|\n|t:|1698954095\n|move|p1a: Aerodactyl|Earthquake|p2a: Blackwell\n|-supereffective|p2a: Blackwell\n|-damage|p2a: Blackwell|45\/100\n|move|p2a: Blackwell|Iron Head|p1a: Aerodactyl\n|-supereffective|p1a: Aerodactyl\n|-damage|p1a: Aerodactyl|0 fnt\n|faint|p1a: Aerodactyl\n|\n|win|MissInkChan\n","uploadtime":1698954103,"views":12,"p1id":"rayquaza59","p2id":"missinkchan","formatid":"gen9nationaldexubers","rating":0,"private":0,"password":""}