{"id":"gen9nationaldexubers-1984941899","p1":"el saymon opazo","p2":"kingimooogi","format":"[Gen 9] National Dex Ubers","log":"|j|\u2606el saymon opazo\n|j|\u2606kingimooogi\n|t:|1699313091\n|gametype|singles\n|player|p1|el saymon opazo|red|1000\n|player|p2|kingimooogi|brycenman|1135\n|teamsize|p1|6\n|teamsize|p2|6\n|gen|9\n|tier|[Gen 9] National Dex Ubers\n|rated|\n|rule|HP Percentage Mod: HP is shown in percentages\n|rule|Endless Battle Clause: Forcing endless battles is banned\n|rule|OHKO Clause: OHKO moves are banned\n|rule|Evasion Moves Clause: Evasion moves are banned\n|rule|Evasion Items Clause: Evasion items are banned\n|rule|Species Clause: Limit one of each Pok\u00e9mon\n|rule|Sleep Clause Mod: Limit one foe put to sleep\n|rule|Mega Rayquaza Clause: You cannot mega evolve Rayquaza\n|clearpoke\n|poke|p1|Annihilape, M|\n|poke|p1|Steelix, F|\n|poke|p1|Amoonguss, F|\n|poke|p1|Wobbuffet, F|\n|poke|p1|Xurkitree|\n|poke|p1|Bruxish, F|\n|poke|p2|Weavile, M|\n|poke|p2|Sableye, F|\n|poke|p2|Armaldo, F|\n|poke|p2|Copperajah, M|\n|poke|p2|Mew|\n|poke|p2|Hydreigon, F|\n|teampreview\n|inactive|Battle timer is ON: inactive players will automatically lose when time's up. (requested by el saymon opazo)\n|\n|t:|1699313107\n|start\n|switch|p1a: Annihilape|Annihilape, M|100\/100\n|switch|p2a: Weavile|Weavile, M|100\/100\n|-ability|p2a: Weavile|Pressure\n|turn|1\n|\n|t:|1699313122\n|move|p2a: Weavile|Knock Off|p1a: Annihilape\n|-damage|p1a: Annihilape|31\/100\n|-enditem|p1a: Annihilape|Life Orb|[from] move: Knock Off|[of] p2a: Weavile\n|move|p1a: Annihilape|Drain Punch|p2a: Weavile\n|-supereffective|p2a: Weavile\n|-damage|p2a: Weavile|0 fnt\n|-heal|p1a: Annihilape|70\/100|[from] drain|[of] p2a: Weavile\n|faint|p2a: Weavile\n|\n|upkeep\n|\n|t:|1699313136\n|switch|p2a: Sableye|Sableye, F|100\/100\n|turn|2\n|\n|t:|1699313140\n|move|p2a: Sableye|Will-O-Wisp|p1a: Annihilape\n|-status|p1a: Annihilape|brn\n|move|p1a: Annihilape|Shadow Claw|p2a: Sableye\n|-damage|p2a: Sableye|76\/100\n|\n|-damage|p1a: Annihilape|64\/100 brn|[from] brn\n|upkeep\n|turn|3\n|\n|t:|1699313166\n|detailschange|p2a: Sableye|Sableye-Mega, F\n|-mega|p2a: Sableye|Sableye|Sablenite\n|move|p1a: Annihilape|Shadow Claw|p2a: Sableye\n|-damage|p2a: Sableye|61\/100\n|move|p2a: Sableye|Ominous Wind|p1a: Annihilape\n|-supereffective|p1a: Annihilape\n|-damage|p1a: Annihilape|9\/100 brn\n|\n|-damage|p1a: Annihilape|3\/100 brn|[from] brn\n|upkeep\n|turn|4\n|\n|t:|1699313179\n|move|p1a: Annihilape|Shadow Claw|p2a: Sableye\n|-damage|p2a: Sableye|45\/100\n|move|p2a: Sableye|Ominous Wind|p1a: Annihilape\n|-supereffective|p1a: Annihilape\n|-damage|p1a: Annihilape|0 fnt\n|faint|p1a: Annihilape\n|\n|upkeep\n|\n|t:|1699313188\n|switch|p1a: Xurkitree|Xurkitree|100\/100\n|-item|p1a: Xurkitree|Air Balloon\n|turn|5\n|\n|t:|1699313203\n|move|p1a: Xurkitree|Tail Glow|p1a: Xurkitree\n|-boost|p1a: Xurkitree|spa|3\n|move|p2a: Sableye|Will-O-Wisp|p1a: Xurkitree\n|-status|p1a: Xurkitree|brn\n|\n|-damage|p1a: Xurkitree|94\/100 brn|[from] brn\n|upkeep\n|turn|6\n|\n|t:|1699313212\n|move|p1a: Xurkitree|Thunderbolt|p2a: Sableye\n|-damage|p2a: Sableye|0 fnt\n|faint|p2a: Sableye\n|-ability|p1a: Xurkitree|Beast Boost|boost\n|-boost|p1a: Xurkitree|spa|1\n|\n|-damage|p1a: Xurkitree|88\/100 brn|[from] brn\n|upkeep\n|\n|t:|1699313221\n|switch|p2a: Copperajah|Copperajah, M|100\/100\n|turn|7\n|\n|t:|1699313229\n|move|p1a: Xurkitree|Thunderbolt|p2a: Copperajah\n|-damage|p2a: Copperajah|0 fnt\n|faint|p2a: Copperajah\n|-ability|p1a: Xurkitree|Beast Boost|boost\n|-boost|p1a: Xurkitree|spa|1\n|\n|-damage|p1a: Xurkitree|82\/100 brn|[from] brn\n|upkeep\n|\n|t:|1699313234\n|switch|p2a: Mew|Mew|100\/100\n|turn|8\n|\n|t:|1699313238\n|-zpower|p2a: Mew\n|move|p2a: Mew|Genesis Supernova|p1a: Xurkitree|[zeffect]\n|-damage|p1a: Xurkitree|0 fnt\n|-fieldstart|move: Psychic Terrain\n|-enditem|p1a: Xurkitree|Air Balloon\n|faint|p1a: Xurkitree\n|\n|upkeep\n|\n|t:|1699313254\n|switch|p1a: Bruxish|Bruxish, F|100\/100\n|turn|9\n|\n|t:|1699313261\n|move|p2a: Mew|Earth Power|p1a: Bruxish\n|-damage|p1a: Bruxish|59\/100\n|move|p1a: Bruxish|Crunch|p2a: Mew\n|-supereffective|p2a: Mew\n|-damage|p2a: Mew|11\/100\n|\n|upkeep\n|turn|10\n|\n|t:|1699313273\n|move|p2a: Mew|Earth Power|p1a: Bruxish\n|-damage|p1a: Bruxish|13\/100\n|-unboost|p1a: Bruxish|spd|1\n|move|p1a: Bruxish|Ice Fang|p2a: Mew\n|-damage|p2a: Mew|0 fnt\n|faint|p2a: Mew\n|\n|upkeep\n|\n|t:|1699313277\n|switch|p2a: Hydreigon|Hydreigon, F|100\/100\n|turn|11\n|\n|t:|1699313285\n|move|p1a: Bruxish|Ice Fang|p2a: Hydreigon\n|-supereffective|p2a: Hydreigon\n|-damage|p2a: Hydreigon|42\/100\n|-status|p2a: Hydreigon|frz\n|cant|p2a: Hydreigon|frz\n|\n|upkeep\n|turn|12\n|\n|t:|1699313292\n|move|p1a: Bruxish|Ice Fang|p2a: Hydreigon\n|-supereffective|p2a: Hydreigon\n|-damage|p2a: Hydreigon|0 fnt\n|faint|p2a: Hydreigon\n|\n|-fieldend|move: Psychic Terrain\n|upkeep\n|-message|kingimooogi forfeited.\n|\n|win|el saymon opazo\n|raw|el saymon opazo's rating: 1000 &rarr; <strong>1055<\/strong><br \/>(+55 for winning)\n|raw|kingimooogi's rating: 1135 &rarr; <strong>1101<\/strong><br \/>(-34 for losing)\n|l|\u2606kingimooogi\n","uploadtime":1699313300,"views":5,"p1id":"elsaymonopazo","p2id":"kingimooogi","formatid":"gen9nationaldexubers","rating":1055,"private":0,"password":""}