{"id":"gen9nationaldexubers-1978195068","p1":"DIB Jirachi","p2":"heitaok","format":"[Gen 9] National Dex Ubers","log":"|j|\u2606DIB Jirachi\n|j|\u2606heitaok\n|t:|1698511319\n|gametype|singles\n|player|p1|DIB Jirachi|brawly|1237\n|player|p2|heitaok|gentleman|1254\n|teamsize|p1|6\n|teamsize|p2|6\n|gen|9\n|tier|[Gen 9] National Dex Ubers\n|rated|\n|rule|HP Percentage Mod: HP is shown in percentages\n|rule|Endless Battle Clause: Forcing endless battles is banned\n|rule|OHKO Clause: OHKO moves are banned\n|rule|Evasion Moves Clause: Evasion moves are banned\n|rule|Evasion Items Clause: Evasion items are banned\n|rule|Species Clause: Limit one of each Pok\u00e9mon\n|rule|Sleep Clause Mod: Limit one foe put to sleep\n|rule|Mega Rayquaza Clause: You cannot mega evolve Rayquaza\n|clearpoke\n|poke|p1|Ho-Oh|\n|poke|p1|Zygarde|\n|poke|p1|Marshadow|\n|poke|p1|Groudon|\n|poke|p1|Arceus-Dark|\n|poke|p1|Kyogre|\n|poke|p2|Kyogre|\n|poke|p2|Xerneas-*|\n|poke|p2|Ho-Oh|\n|poke|p2|Salamence, F|\n|poke|p2|Groudon|\n|poke|p2|Deoxys-Attack|\n|teampreview\n|inactive|Battle timer is ON: inactive players will automatically lose when time's up. (requested by DIB Jirachi)\n|\n|t:|1698511324\n|start\n|switch|p1a: BKC|Arceus-Dark|100\/100\n|switch|p2a: Groudon|Groudon|100\/100\n|detailschange|p2a: Groudon|Groudon-Primal\n|-primal|p2a: Groudon|Red Orb\n|-weather|DesolateLand|[from] ability: Desolate Land|[of] p2a: Groudon\n|turn|1\n|\n|t:|1698511329\n|move|p1a: BKC|Taunt|p2a: Groudon\n|-start|p2a: Groudon|move: Taunt\n|cant|p2a: Groudon|move: Taunt|Toxic\n|\n|-weather|DesolateLand|[upkeep]\n|upkeep\n|turn|2\n|\n|t:|1698511332\n|move|p1a: BKC|Foul Play|p2a: Groudon\n|-damage|p2a: Groudon|63\/100\n|move|p2a: Groudon|Precipice Blades|p1a: BKC\n|-damage|p1a: BKC|53\/100\n|\n|-weather|DesolateLand|[upkeep]\n|upkeep\n|turn|3\n|\n|t:|1698511344\n|move|p1a: BKC|Foul Play|p2a: Groudon\n|-damage|p2a: Groudon|28\/100\n|move|p2a: Groudon|Precipice Blades|p1a: BKC\n|-damage|p1a: BKC|6\/100\n|\n|-weather|DesolateLand|[upkeep]\n|-end|p2a: Groudon|move: Taunt\n|upkeep\n|turn|4\n|\n|t:|1698511352\n|move|p1a: BKC|Foul Play|p2a: Groudon\n|-damage|p2a: Groudon|0 fnt\n|faint|p2a: Groudon\n|-weather|none\n|\n|upkeep\n|\n|t:|1698511361\n|switch|p2a: Deoxys|Deoxys-Attack|100\/100\n|-ability|p2a: Deoxys|Pressure\n|turn|5\n|\n|t:|1698511368\n|move|p2a: Deoxys|Stealth Rock|p1a: BKC\n|-sidestart|p1: DIB Jirachi|move: Stealth Rock\n|move|p1a: BKC|Foul Play|p2a: Deoxys\n|-supereffective|p2a: Deoxys\n|-damage|p2a: Deoxys|0 fnt\n|faint|p2a: Deoxys\n|\n|upkeep\n|\n|t:|1698511375\n|switch|p2a: Xerneas|Xerneas|100\/100\n|-ability|p2a: Xerneas|Fairy Aura\n|turn|6\n|\n|t:|1698511378\n|move|p1a: BKC|Taunt|p2a: Xerneas\n|-start|p2a: Xerneas|move: Taunt\n|cant|p2a: Xerneas|move: Taunt|Geomancy\n|\n|upkeep\n|turn|7\n|\n|t:|1698511384\n|switch|p1a: Birdspam|Ho-Oh|100\/100\n|move|p2a: Xerneas|Moonblast|p1a: Birdspam\n|-resisted|p1a: Birdspam\n|-damage|p1a: Birdspam|83\/100\n|-unboost|p1a: Birdspam|spa|1\n|\n|upkeep\n|turn|8\n|\n|t:|1698511389\n|switch|p2a: Kyogre|Kyogre|100\/100\n|detailschange|p2a: Kyogre|Kyogre-Primal\n|-primal|p2a: Kyogre|Blue Orb\n|-weather|PrimordialSea|[from] ability: Primordial Sea|[of] p2a: Kyogre\n|move|p1a: Birdspam|Defog|p2a: Kyogre\n|-unboost|p2a: Kyogre|evasion|1\n|-sideend|p1: DIB Jirachi|Stealth Rock|[from] move: Defog|[of] p1a: Birdspam\n|\n|-weather|PrimordialSea|[upkeep]\n|upkeep\n|turn|9\n|\n|t:|1698511394\n|switch|p1a: Kid named Eruption|Groudon|100\/100\n|detailschange|p1a: Kid named Eruption|Groudon-Primal\n|-primal|p1a: Kid named Eruption|Red Orb\n|-weather|DesolateLand|[from] ability: Desolate Land|[of] p1a: Kid named Eruption\n|move|p2a: Kyogre|Origin Pulse||[still]\n|-fail|p2a: Kyogre|Origin Pulse|[from] Desolate Land\n|\n|-weather|DesolateLand|[upkeep]\n|upkeep\n|turn|10\n|\n|t:|1698511399\n|switch|p2a: Ho-Oh|Ho-Oh|100\/100\n|move|p1a: Kid named Eruption|Stone Edge|p2a: Ho-Oh\n|-supereffective|p2a: Ho-Oh\n|-damage|p2a: Ho-Oh|0 fnt\n|faint|p2a: Ho-Oh\n|\n|-weather|DesolateLand|[upkeep]\n|upkeep\n|\n|t:|1698511403\n|switch|p2a: Salamence|Salamence, F|100\/100\n|-ability|p2a: Salamence|Intimidate|boost\n|-unboost|p1a: Kid named Eruption|atk|1\n|turn|11\n|\n|t:|1698511409\n|detailschange|p2a: Salamence|Salamence-Mega, F\n|-mega|p2a: Salamence|Salamence|Salamencite\n|move|p2a: Salamence|Earthquake|p1a: Kid named Eruption\n|-supereffective|p1a: Kid named Eruption\n|-damage|p1a: Kid named Eruption|56\/100\n|move|p1a: Kid named Eruption|Swords Dance|p1a: Kid named Eruption\n|-boost|p1a: Kid named Eruption|atk|2\n|\n|-weather|DesolateLand|[upkeep]\n|upkeep\n|turn|12\n|\n|t:|1698511416\n|move|p2a: Salamence|Earthquake|p1a: Kid named Eruption\n|-supereffective|p1a: Kid named Eruption\n|-damage|p1a: Kid named Eruption|9\/100\n|move|p1a: Kid named Eruption|Stone Edge|p2a: Salamence\n|-supereffective|p2a: Salamence\n|-damage|p2a: Salamence|0 fnt\n|faint|p2a: Salamence\n|\n|-weather|DesolateLand|[upkeep]\n|upkeep\n|\n|t:|1698511421\n|switch|p2a: Kyogre|Kyogre-Primal|100\/100\n|-weather|PrimordialSea|[from] ability: Primordial Sea|[of] p2a: Kyogre\n|turn|13\n|\n|t:|1698511430\n|move|p2a: Kyogre|Origin Pulse|p1a: Kid named Eruption\n|-supereffective|p1a: Kid named Eruption\n|-damage|p1a: Kid named Eruption|0 fnt\n|faint|p1a: Kid named Eruption\n|\n|-weather|PrimordialSea|[upkeep]\n|upkeep\n|\n|t:|1698511438\n|switch|p1a: Goldfish Crackers|Kyogre|100\/100\n|detailschange|p1a: Goldfish Crackers|Kyogre-Primal\n|-primal|p1a: Goldfish Crackers|Blue Orb\n|turn|14\n|\n|t:|1698511445\n|move|p2a: Kyogre|Thunder|p1a: Goldfish Crackers\n|-supereffective|p1a: Goldfish Crackers\n|-damage|p1a: Goldfish Crackers|49\/100\n|move|p1a: Goldfish Crackers|Thunder|p2a: Kyogre\n|-supereffective|p2a: Kyogre\n|-damage|p2a: Kyogre|41\/100\n|\n|-weather|PrimordialSea|[upkeep]\n|upkeep\n|turn|15\n|\n|t:|1698511457\n|move|p2a: Kyogre|Thunder|p1a: Goldfish Crackers\n|-supereffective|p1a: Goldfish Crackers\n|-damage|p1a: Goldfish Crackers|0 fnt\n|faint|p1a: Goldfish Crackers\n|\n|-weather|PrimordialSea|[upkeep]\n|upkeep\n|\n|t:|1698511463\n|switch|p1a: BKC|Arceus-Dark|6\/100\n|turn|16\n|\n|t:|1698511475\n|move|p1a: BKC|Foul Play|p2a: Kyogre\n|-damage|p2a: Kyogre|0 fnt\n|faint|p2a: Kyogre\n|-weather|none\n|\n|upkeep\n|\n|t:|1698511478\n|switch|p2a: Xerneas|Xerneas|100\/100\n|-ability|p2a: Xerneas|Fairy Aura\n|turn|17\n|\n|t:|1698511480\n|move|p1a: BKC|Taunt|p2a: Xerneas\n|-start|p2a: Xerneas|move: Taunt\n|move|p2a: Xerneas|Moonblast|p1a: BKC\n|-supereffective|p1a: BKC\n|-damage|p1a: BKC|0 fnt\n|faint|p1a: BKC\n|\n|upkeep\n|\n|t:|1698511489\n|switch|p1a: Mar(sash)adow|Marshadow|100\/100\n|turn|18\n|\n|t:|1698511496\n|-terastallize|p1a: Mar(sash)adow|Ghost\n|move|p1a: Mar(sash)adow|Poltergeist|p2a: Xerneas\n|-activate|p2a: Xerneas|move: Poltergeist|Power Herb\n|-damage|p2a: Xerneas|0 fnt\n|faint|p2a: Xerneas\n|\n|win|DIB Jirachi\n|raw|DIB Jirachi's rating: 1237 &rarr; <strong>1263<\/strong><br \/>(+26 for winning)\n|raw|heitaok's rating: 1254 &rarr; <strong>1228<\/strong><br \/>(-26 for losing)\n|l|\u2606heitaok\n","uploadtime":1698511504,"views":10,"p1id":"dibjirachi","p2id":"heitaok","formatid":"gen9nationaldexubers","rating":1228,"private":0,"password":""}