{"id":"gen9nationaldexubers-1988006949","p1":"Necrozminator","p2":"Eddeboi201","format":"[Gen 9] National Dex Ubers","log":"|j|\u2606Necrozminator\n|j|\u2606Eddeboi201\n|t:|1699658423\n|gametype|singles\n|player|p1|Necrozminator|will|1270\n|player|p2|Eddeboi201|fisherman-gen4|1364\n|teamsize|p1|6\n|teamsize|p2|6\n|gen|9\n|tier|[Gen 9] National Dex Ubers\n|rated|\n|rule|HP Percentage Mod: HP is shown in percentages\n|rule|Endless Battle Clause: Forcing endless battles is banned\n|rule|OHKO Clause: OHKO moves are banned\n|rule|Evasion Moves Clause: Evasion moves are banned\n|rule|Evasion Items Clause: Evasion items are banned\n|rule|Species Clause: Limit one of each Pok\u00e9mon\n|rule|Sleep Clause Mod: Limit one foe put to sleep\n|rule|Mega Rayquaza Clause: You cannot mega evolve Rayquaza\n|clearpoke\n|poke|p1|Cyclizar, M|\n|poke|p1|Genesect|\n|poke|p1|Necrozma-Dusk-Mane|\n|poke|p1|Kingambit, M|\n|poke|p1|Aerodactyl, F|\n|poke|p1|Groudon|\n|poke|p2|Deoxys-Speed|\n|poke|p2|Zacian-*|\n|poke|p2|Groudon|\n|poke|p2|Urshifu-*, M|\n|poke|p2|Basculegion, M|\n|poke|p2|Eternatus|\n|teampreview\n|inactive|Battle timer is ON: inactive players will automatically lose when time's up. (requested by Necrozminator)\n|c|\u2606Eddeboi201|glhf\n|\n|t:|1699658437\n|start\n|switch|p1a: Groudon|Groudon, shiny|100\/100\n|switch|p2a: Deoxys|Deoxys-Speed|100\/100\n|-ability|p2a: Deoxys|Pressure\n|detailschange|p1a: Groudon|Groudon-Primal, shiny\n|-primal|p1a: Groudon|Red Orb\n|-weather|DesolateLand|[from] ability: Desolate Land|[of] p1a: Groudon\n|turn|1\n|\n|t:|1699658445\n|move|p2a: Deoxys|Taunt|p1a: Groudon\n|-start|p1a: Groudon|move: Taunt\n|cant|p1a: Groudon|move: Taunt|Roar\n|\n|-weather|DesolateLand|[upkeep]\n|upkeep\n|turn|2\n|\n|t:|1699658452\n|move|p2a: Deoxys|Spikes|p1a: Groudon\n|-sidestart|p1: Necrozminator|Spikes\n|move|p1a: Groudon|Crunch|p2a: Deoxys\n|-supereffective|p2a: Deoxys\n|-damage|p2a: Deoxys|6\/100\n|\n|-weather|DesolateLand|[upkeep]\n|upkeep\n|turn|3\n|\n|t:|1699658455\n|move|p2a: Deoxys|Spikes|p1a: Groudon\n|-sidestart|p1: Necrozminator|Spikes\n|move|p1a: Groudon|Crunch|p2a: Deoxys\n|-supereffective|p2a: Deoxys\n|-damage|p2a: Deoxys|0 fnt\n|faint|p2a: Deoxys\n|\n|-weather|DesolateLand|[upkeep]\n|-end|p1a: Groudon|move: Taunt\n|upkeep\n|\n|t:|1699658467\n|switch|p2a: Groudon|Groudon|100\/100\n|detailschange|p2a: Groudon|Groudon-Primal\n|-primal|p2a: Groudon|Red Orb\n|turn|4\n|\n|t:|1699658472\n|move|p1a: Groudon|Precipice Blades|p2a: Groudon\n|-supereffective|p2a: Groudon\n|-damage|p2a: Groudon|0 fnt\n|faint|p2a: Groudon\n|\n|-weather|DesolateLand|[upkeep]\n|upkeep\n|\n|t:|1699658495\n|switch|p2a: Urshifu|Urshifu, M|100\/100\n|turn|5\n|\n|t:|1699658502\n|-terastallize|p2a: Urshifu|Fighting\n|move|p2a: Urshifu|Close Combat|p1a: Groudon\n|-damage|p1a: Groudon|42\/100\n|-unboost|p2a: Urshifu|def|1\n|-unboost|p2a: Urshifu|spd|1\n|move|p1a: Groudon|Roar|p2a: Urshifu\n|drag|p2a: Eternatus|Eternatus|100\/100\n|-ability|p2a: Eternatus|Pressure\n|\n|-weather|DesolateLand|[upkeep]\n|upkeep\n|turn|6\n|\n|t:|1699658517\n|move|p2a: Eternatus|Draco Meteor|p1a: Groudon\n|-damage|p1a: Groudon|0 fnt\n|-unboost|p2a: Eternatus|spa|2\n|faint|p1a: Groudon\n|-weather|none\n|\n|upkeep\n|\n|t:|1699658533\n|switch|p1a: Cyclizar|Cyclizar, M, shiny|100\/100\n|-damage|p1a: Cyclizar|84\/100|[from] Spikes\n|turn|7\n|\n|t:|1699658538\n|switch|p2a: Zacian|Zacian-Crowned|100\/100\n|-ability|p2a: Zacian|Intrepid Sword|boost\n|-boost|p2a: Zacian|atk|1\n|move|p1a: Cyclizar|Shed Tail|p1a: Cyclizar\n|-start|p1a: Cyclizar|Substitute|[from] move: Shed Tail\n|-damage|p1a: Cyclizar|34\/100\n|\n|t:|1699658551\n|switch|p1a: Aerodactyl|Aerodactyl, F|100\/100|[from] Shed Tail\n|\n|upkeep\n|turn|8\n|\n|t:|1699658556\n|detailschange|p1a: Aerodactyl|Aerodactyl-Mega, F\n|-mega|p1a: Aerodactyl|Aerodactyl|Aerodactylite\n|move|p1a: Aerodactyl|Dragon Dance|p1a: Aerodactyl\n|-boost|p1a: Aerodactyl|atk|1\n|-boost|p1a: Aerodactyl|spe|1\n|move|p2a: Zacian|Behemoth Blade|p1a: Aerodactyl\n|-supereffective|p1a: Aerodactyl\n|-end|p1a: Aerodactyl|Substitute\n|\n|upkeep\n|turn|9\n|\n|t:|1699658564\n|move|p1a: Aerodactyl|Earthquake|p2a: Zacian\n|-supereffective|p2a: Zacian\n|-damage|p2a: Zacian|0 fnt\n|faint|p2a: Zacian\n|\n|upkeep\n|\n|t:|1699658578\n|switch|p2a: Basculegion|Basculegion, M|100\/100\n|turn|10\n|\n|t:|1699658584\n|move|p1a: Aerodactyl|Dual Wingbeat|p2a: Basculegion\n|-damage|p2a: Basculegion|49\/100\n|-damage|p2a: Basculegion|0 fnt\n|faint|p2a: Basculegion\n|-hitcount|p2: Basculegion|2\n|\n|upkeep\n|-message|Eddeboi201 forfeited.\n|\n|win|Necrozminator\n|raw|Necrozminator's rating: 1270 &rarr; <strong>1302<\/strong><br \/>(+32 for winning)\n|raw|Eddeboi201's rating: 1364 &rarr; <strong>1339<\/strong><br \/>(-25 for losing)\n|l|\u2606Eddeboi201\n","uploadtime":1699658604,"views":11,"p1id":"necrozminator","p2id":"eddeboi201","formatid":"gen9nationaldexubers","rating":1302,"private":0,"password":""}