{"id":"gen9nationaldexubers-1988799444","p1":"JOUUU","p2":"Holacomoestas2023","format":"[Gen 9] National Dex Ubers","log":"|j|\u2606JOUUU\n|j|\u2606Holacomoestas2023\n|t:|1699764841\n|gametype|singles\n|player|p1|JOUUU|youngster|\n|player|p2|Holacomoestas2023|102|\n|teamsize|p1|6\n|teamsize|p2|3\n|gen|9\n|tier|[Gen 9] National Dex Ubers\n|rule|HP Percentage Mod: HP is shown in percentages\n|rule|Endless Battle Clause: Forcing endless battles is banned\n|rule|OHKO Clause: OHKO moves are banned\n|rule|Evasion Moves Clause: Evasion moves are banned\n|rule|Evasion Items Clause: Evasion items are banned\n|rule|Species Clause: Limit one of each Pok\u00e9mon\n|rule|Sleep Clause Mod: Limit one foe put to sleep\n|rule|Mega Rayquaza Clause: You cannot mega evolve Rayquaza\n|clearpoke\n|poke|p1|Ivysaur, L27, M|\n|poke|p1|Drilbur, L27, F|\n|poke|p1|Cubchoo, L27, F|\n|poke|p1|Wartortle, L21, F|\n|poke|p1|Eelektross, L27, M|\n|poke|p1|Duskull, L27, F|\n|poke|p2|Buizel, L21, M|\n|poke|p2|Carvanha, L24, M|\n|poke|p2|Palafin, L38, F|\n|teampreview\n|\n|t:|1699764866\n|start\n|switch|p1a: Succi P|Eelektross, L27, M|100\/100\n|switch|p2a: Buizel|Buizel, L21, M, shiny|100\/100\n|turn|1\n|\n|t:|1699764876\n|move|p2a: Buizel|Ice Punch|p1a: Succi P\n|-damage|p1a: Succi P|89\/100\n|-damage|p2a: Buizel|91\/100|[from] item: Life Orb\n|move|p1a: Succi P|Discharge|p2a: Buizel\n|-supereffective|p2a: Buizel\n|-damage|p2a: Buizel|0 fnt\n|faint|p2a: Buizel\n|\n|-heal|p1a: Succi P|95\/100|[from] item: Leftovers\n|upkeep\n|\n|t:|1699764888\n|switch|p2a: Carvanha|Carvanha, L24, M|100\/100\n|turn|2\n|\n|t:|1699764894\n|move|p2a: Carvanha|Ice Beam|p1a: Succi P\n|-damage|p1a: Succi P|80\/100\n|move|p1a: Succi P|Discharge|p2a: Carvanha\n|-supereffective|p2a: Carvanha\n|-damage|p2a: Carvanha|0 fnt\n|faint|p2a: Carvanha\n|\n|-heal|p1a: Succi P|86\/100|[from] item: Leftovers\n|upkeep\n|\n|t:|1699764904\n|switch|p2a: Palafin|Palafin, L38, F|100\/100\n|turn|3\n|\n|t:|1699764913\n|-terastallize|p2a: Palafin|Water\n|move|p2a: Palafin|Aqua Jet|p1a: Succi P\n|-damage|p1a: Succi P|50\/100\n|move|p1a: Succi P|Discharge|p2a: Palafin\n|-supereffective|p2a: Palafin\n|-damage|p2a: Palafin|59\/100\n|\n|-heal|p1a: Succi P|56\/100|[from] item: Leftovers\n|upkeep\n|turn|4\n|\n|t:|1699764932\n|move|p2a: Palafin|Aqua Jet|p1a: Succi P\n|-damage|p1a: Succi P|23\/100\n|move|p1a: Succi P|Bulk Up|p1a: Succi P\n|-boost|p1a: Succi P|atk|1\n|-boost|p1a: Succi P|def|1\n|\n|-heal|p1a: Succi P|28\/100|[from] item: Leftovers\n|upkeep\n|turn|5\n|\n|t:|1699764947\n|move|p2a: Palafin|Aqua Jet|p1a: Succi P\n|-damage|p1a: Succi P|2\/100\n|move|p1a: Succi P|Brick Break|p2a: Palafin\n|-damage|p2a: Palafin|36\/100\n|\n|-heal|p1a: Succi P|8\/100|[from] item: Leftovers\n|upkeep\n|turn|6\n|\n|t:|1699764957\n|switch|p1a: Marihuana|Ivysaur, L27, M|100\/100\n|move|p2a: Palafin|Aqua Jet|p1a: Marihuana\n|-resisted|p1a: Marihuana\n|-damage|p1a: Marihuana|76\/100\n|\n|upkeep\n|turn|7\n|\n|t:|1699764968\n|move|p2a: Palafin|Aqua Jet|p1a: Marihuana\n|-resisted|p1a: Marihuana\n|-damage|p1a: Marihuana|50\/100\n|move|p1a: Marihuana|Energy Ball|p2a: Palafin\n|-supereffective|p2a: Palafin\n|-damage|p2a: Palafin|0 fnt\n|faint|p2a: Palafin\n|-damage|p1a: Marihuana|41\/100|[from] item: Life Orb\n|\n|win|JOUUU\n","uploadtime":1699764981,"views":17,"p1id":"jouuu","p2id":"holacomoestas2023","formatid":"gen9nationaldexubers","rating":0,"private":0,"password":""}