{"id":"gen9nationaldexubers-1987831112","p1":"CDAtheDinoboy","p2":"SAAtheYoshiboy","format":"[Gen 9] National Dex Ubers","log":"|j|\u2606CDAtheDinoboy\n|j|\u2606SAAtheYoshiboy\n|t:|1699640838\n|gametype|singles\n|player|p1|CDAtheDinoboy|jogger|\n|player|p2|SAAtheYoshiboy|youngster-gen4dp|\n|teamsize|p1|6\n|teamsize|p2|6\n|gen|9\n|tier|[Gen 9] National Dex Ubers\n|rule|HP Percentage Mod: HP is shown in percentages\n|rule|Endless Battle Clause: Forcing endless battles is banned\n|rule|OHKO Clause: OHKO moves are banned\n|rule|Evasion Moves Clause: Evasion moves are banned\n|rule|Evasion Items Clause: Evasion items are banned\n|rule|Species Clause: Limit one of each Pok\u00e9mon\n|rule|Sleep Clause Mod: Limit one foe put to sleep\n|rule|Mega Rayquaza Clause: You cannot mega evolve Rayquaza\n|clearpoke\n|poke|p1|Abomasnow, M|\n|poke|p1|Gallade, M|\n|poke|p1|Weavile, M|\n|poke|p1|Togekiss, M|\n|poke|p1|Manaphy|\n|poke|p1|Regigigas|\n|poke|p2|Kommo-o, M|\n|poke|p2|Golem-Alola, M|\n|poke|p2|Necrozma-Dawn-Wings|\n|poke|p2|Guzzlord|\n|poke|p2|Lycanroc-Midnight, F|\n|poke|p2|Tapu Bulu|\n|teampreview\n|\n|t:|1699640851\n|start\n|switch|p1a: Weavile|Weavile, M|100\/100\n|switch|p2a: Necrozma|Necrozma-Dawn-Wings|100\/100\n|turn|1\n|\n|t:|1699640860\n|switch|p1a: Togekiss|Togekiss, M|100\/100\n|detailschange|p2a: Necrozma|Necrozma-Ultra\n|-burst|p2a: Necrozma|Necrozma|Ultranecrozium Z\n|move|p2a: Necrozma|Dragon Pulse|p1a: Togekiss\n|-immune|p1a: Togekiss\n|\n|upkeep\n|turn|2\n|\n|t:|1699640871\n|switch|p1a: Weavile|Weavile, M|100\/100\n|-zpower|p2a: Necrozma\n|move|p2a: Necrozma|Light That Burns the Sky|p1a: Weavile|[zeffect]\n|-immune|p1a: Weavile\n|\n|upkeep\n|turn|3\n|\n|t:|1699640900\n|move|p1a: Weavile|Icicle Crash|p2a: Necrozma\n|-supereffective|p2a: Necrozma\n|-damage|p2a: Necrozma|9\/100\n|move|p2a: Necrozma|Photon Geyser|p1a: Weavile\n|-immune|p1a: Weavile\n|\n|upkeep\n|turn|4\n|\n|t:|1699640918\n|move|p1a: Weavile|Night Slash|p2a: Necrozma\n|-supereffective|p2a: Necrozma\n|-damage|p2a: Necrozma|0 fnt\n|faint|p2a: Necrozma\n|\n|upkeep\n|\n|t:|1699640932\n|switch|p2a: Lycanroc|Lycanroc-Midnight, F|100\/100\n|turn|5\n|\n|t:|1699640959\n|move|p1a: Weavile|Icicle Crash|p2a: Lycanroc\n|-damage|p2a: Lycanroc|42\/100\n|cant|p2a: Lycanroc|flinch\n|\n|upkeep\n|turn|6\n|\n|t:|1699640966\n|move|p1a: Weavile|Icicle Crash|p2a: Lycanroc\n|-damage|p2a: Lycanroc|0 fnt\n|faint|p2a: Lycanroc\n|\n|upkeep\n|\n|t:|1699640978\n|switch|p2a: Tapu Bulu|Tapu Bulu|100\/100\n|-fieldstart|move: Grassy Terrain|[from] ability: Grassy Surge|[of] p2a: Tapu Bulu\n|turn|7\n|\n|t:|1699640988\n|switch|p1a: Manaphy|Manaphy|100\/100\n|move|p2a: Tapu Bulu|Nature's Madness|p1a: Manaphy|[miss]\n|-miss|p2a: Tapu Bulu|p1a: Manaphy\n|\n|upkeep\n|turn|8\n|\n|t:|1699641002\n|move|p1a: Manaphy|Rain Dance|p1a: Manaphy\n|-weather|RainDance\n|move|p2a: Tapu Bulu|Nature's Madness|p1a: Manaphy\n|-damage|p1a: Manaphy|50\/100\n|\n|-weather|RainDance|[upkeep]\n|-heal|p1a: Manaphy|57\/100|[from] Grassy Terrain\n|-heal|p1a: Manaphy|63\/100|[from] item: Leftovers\n|upkeep\n|turn|9\n|\n|t:|1699641009\n|move|p1a: Manaphy|Aqua Ring|p1a: Manaphy\n|-start|p1a: Manaphy|Aqua Ring\n|move|p2a: Tapu Bulu|Nature's Madness|p1a: Manaphy\n|-damage|p1a: Manaphy|32\/100\n|\n|-weather|RainDance|[upkeep]\n|-heal|p1a: Manaphy|38\/100|[from] Grassy Terrain\n|-heal|p1a: Manaphy|44\/100|[from] item: Leftovers\n|-heal|p1a: Manaphy|50\/100|[from] Aqua Ring\n|upkeep\n|turn|10\n|\n|t:|1699641013\n|move|p1a: Manaphy|Tail Glow|p1a: Manaphy\n|-boost|p1a: Manaphy|spa|3\n|move|p2a: Tapu Bulu|Nature's Madness|p1a: Manaphy\n|-damage|p1a: Manaphy|25\/100\n|\n|-weather|RainDance|[upkeep]\n|-heal|p1a: Manaphy|32\/100|[from] Grassy Terrain\n|-heal|p1a: Manaphy|38\/100|[from] item: Leftovers\n|-heal|p1a: Manaphy|44\/100|[from] Aqua Ring\n|upkeep\n|turn|11\n|\n|t:|1699641025\n|move|p1a: Manaphy|Tail Glow|p1a: Manaphy\n|-boost|p1a: Manaphy|spa|3\n|move|p2a: Tapu Bulu|Nature Power|p1a: Manaphy\n|move|p2a: Tapu Bulu|Energy Ball|p1a: Manaphy|[from]move: Nature Power\n|-supereffective|p1a: Manaphy\n|-damage|p1a: Manaphy|0 fnt\n|faint|p1a: Manaphy\n|\n|-weather|RainDance|[upkeep]\n|-fieldend|move: Grassy Terrain\n|upkeep\n|\n|t:|1699641036\n|switch|p1a: Abomasnow|Abomasnow, M, shiny|100\/100\n|-weather|Snow|[from] ability: Snow Warning|[of] p1a: Abomasnow\n|turn|12\n|\n|t:|1699641045\n|detailschange|p1a: Abomasnow|Abomasnow-Mega, M, shiny\n|-mega|p1a: Abomasnow|Abomasnow|Abomasite\n|move|p2a: Tapu Bulu|Nature's Madness|p1a: Abomasnow\n|-damage|p1a: Abomasnow|51\/100\n|move|p1a: Abomasnow|Avalanche|p2a: Tapu Bulu\n|-supereffective|p2a: Tapu Bulu\n|-damage|p2a: Tapu Bulu|15\/100\n|\n|-weather|Snow|[upkeep]\n|upkeep\n|turn|13\n|\n|t:|1699641062\n|move|p2a: Tapu Bulu|Megahorn|p1a: Abomasnow\n|-supereffective|p1a: Abomasnow\n|-damage|p1a: Abomasnow|0 fnt\n|faint|p1a: Abomasnow\n|\n|-weather|Snow|[upkeep]\n|upkeep\n|\n|t:|1699641066\n|switch|p1a: Dagger|Gallade, M|100\/100\n|turn|14\n|\n|t:|1699641078\n|move|p1a: Dagger|Agility|p1a: Dagger\n|-boost|p1a: Dagger|spe|2\n|move|p2a: Tapu Bulu|Megahorn|p1a: Dagger\n|-damage|p1a: Dagger|24\/100\n|\n|-weather|Snow|[upkeep]\n|upkeep\n|turn|15\n|\n|t:|1699641088\n|move|p1a: Dagger|Psycho Cut|p2a: Tapu Bulu\n|-damage|p2a: Tapu Bulu|0 fnt\n|faint|p2a: Tapu Bulu\n|\n|-weather|Snow|[upkeep]\n|upkeep\n|\n|t:|1699641094\n|switch|p2a: Guzzlord|Guzzlord, shiny|100\/100\n|turn|16\n|\n|t:|1699641107\n|move|p1a: Dagger|Sacred Sword|p2a: Guzzlord\n|-supereffective|p2a: Guzzlord\n|-damage|p2a: Guzzlord|0 fnt\n|faint|p2a: Guzzlord\n|\n|-weather|none\n|upkeep\n|\n|t:|1699641114\n|switch|p2a: Scaleo|Kommo-o, M|100\/100\n|turn|17\n|\n|t:|1699641120\n|-terastallize|p1a: Dagger|Steel\n|move|p2a: Scaleo|Protect|p2a: Scaleo\n|-singleturn|p2a: Scaleo|Protect\n|move|p1a: Dagger|Agility|p1a: Dagger\n|-boost|p1a: Dagger|spe|2\n|\n|upkeep\n|turn|18\n|\n|t:|1699641133\n|switch|p2a: Golem|Golem-Alola, M|100\/100\n|move|p1a: Dagger|Sacred Sword|p2a: Golem\n|-supereffective|p2a: Golem\n|-damage|p2a: Golem|0 fnt\n|faint|p2a: Golem\n|\n|upkeep\n|\n|t:|1699641141\n|switch|p2a: Scaleo|Kommo-o, M|100\/100\n|turn|19\n|\n|t:|1699641151\n|move|p2a: Scaleo|Protect|p2a: Scaleo\n|-singleturn|p2a: Scaleo|Protect\n|move|p1a: Dagger|Agility|p1a: Dagger\n|-boost|p1a: Dagger|spe|2\n|\n|upkeep\n|turn|20\n|\n|t:|1699641169\n|move|p1a: Dagger|Psycho Cut|p2a: Scaleo\n|-supereffective|p2a: Scaleo\n|-damage|p2a: Scaleo|7\/100\n|move|p2a: Scaleo|Clanging Scales|p1a: Dagger\n|-resisted|p1a: Dagger\n|-damage|p1a: Dagger|1\/100\n|-unboost|p2a: Scaleo|def|1\n|\n|upkeep\n|turn|21\n|\n|t:|1699641183\n|move|p2a: Scaleo|Protect|p2a: Scaleo\n|-singleturn|p2a: Scaleo|Protect\n|move|p1a: Dagger|Agility|p1a: Dagger\n|-boost|p1a: Dagger|spe|0\n|\n|upkeep\n|turn|22\n|\n|t:|1699641192\n|move|p1a: Dagger|Psycho Cut|p2a: Scaleo\n|-supereffective|p2a: Scaleo\n|-damage|p2a: Scaleo|0 fnt\n|faint|p2a: Scaleo\n|\n|win|CDAtheDinoboy\n","uploadtime":1699641198,"views":5,"p1id":"cdathedinoboy","p2id":"saatheyoshiboy","formatid":"gen9nationaldexubers","rating":0,"private":0,"password":""}