{"id":"gen9nationaldexubers-1985832857","p1":"KingPepper7","p2":"vespyyy","format":"[Gen 9] National Dex Ubers","log":"|j|\u2606KingPepper7\n|j|\u2606vespyyy\n|t:|1699411071\n|gametype|singles\n|player|p1|KingPepper7|cheren-gen5bw2|\n|player|p2|vespyyy|juggler|\n|teamsize|p1|6\n|teamsize|p2|6\n|gen|9\n|tier|[Gen 9] National Dex Ubers\n|rule|HP Percentage Mod: HP is shown in percentages\n|rule|Endless Battle Clause: Forcing endless battles is banned\n|rule|OHKO Clause: OHKO moves are banned\n|rule|Evasion Moves Clause: Evasion moves are banned\n|rule|Evasion Items Clause: Evasion items are banned\n|rule|Species Clause: Limit one of each Pok\u00e9mon\n|rule|Sleep Clause Mod: Limit one foe put to sleep\n|rule|Mega Rayquaza Clause: You cannot mega evolve Rayquaza\n|clearpoke\n|poke|p1|Banette, F|\n|poke|p1|Gliscor, M|\n|poke|p1|Volcarona, M|\n|poke|p1|Blissey, F|\n|poke|p1|Tornadus-Therian, M|\n|poke|p1|Rotom-Wash|\n|poke|p2|Hatterene, F|\n|poke|p2|Jirachi|\n|poke|p2|Victini|\n|poke|p2|Slowking-Galar, M|\n|poke|p2|Tapu Lele|\n|poke|p2|Gallade, M|\n|teampreview\n|j| Astro The Man\n|\n|t:|1699411091\n|start\n|switch|p1a: Tornadus|Tornadus-Therian, M|100\/100\n|switch|p2a: Rigatini|Victini|100\/100\n|turn|1\n|\n|t:|1699411104\n|switch|p1a: Rotom|Rotom-Wash|100\/100\n|move|p2a: Rigatini|V-create|p1a: Rotom\n|-resisted|p1a: Rotom\n|-damage|p1a: Rotom|53\/100\n|-unboost|p2a: Rigatini|spe|1\n|-unboost|p2a: Rigatini|def|1\n|-unboost|p2a: Rigatini|spd|1\n|\n|-heal|p1a: Rotom|59\/100|[from] item: Leftovers\n|upkeep\n|turn|2\n|\n|t:|1699411118\n|switch|p2a: Garganelli|Jirachi|100\/100\n|move|p1a: Rotom|Pain Split|p2a: Garganelli\n|-sethp|p2a: Garganelli|73\/100|[from] move: Pain Split|[silent]\n|-sethp|p1a: Rotom|96\/100|[from] move: Pain Split\n|\n|-heal|p2a: Garganelli|79\/100|[from] item: Leftovers\n|-heal|p1a: Rotom|100\/100|[from] item: Leftovers\n|upkeep\n|turn|3\n|\n|t:|1699411126\n|move|p2a: Garganelli|Stealth Rock|p1a: Rotom\n|-sidestart|p1: KingPepper7|move: Stealth Rock\n|move|p1a: Rotom|Will-O-Wisp|p2a: Garganelli\n|-status|p2a: Garganelli|brn\n|\n|-heal|p2a: Garganelli|85\/100 brn|[from] item: Leftovers\n|-damage|p2a: Garganelli|79\/100 brn|[from] brn\n|upkeep\n|turn|4\n|j| Pex Hater\n|\n|t:|1699411146\n|move|p2a: Garganelli|Wish|p2a: Garganelli\n|move|p1a: Rotom|Volt Switch|p2a: Garganelli\n|-damage|p2a: Garganelli|64\/100 brn\n|\n|t:|1699411151\n|switch|p1a: Gliscor|Gliscor, M|100\/100|[from] Volt Switch\n|-damage|p1a: Gliscor|88\/100|[from] Stealth Rock\n|\n|-heal|p2a: Garganelli|70\/100 brn|[from] item: Leftovers\n|-damage|p2a: Garganelli|64\/100 brn|[from] brn\n|-status|p1a: Gliscor|tox|[from] item: Toxic Orb\n|upkeep\n|turn|5\n|\n|t:|1699411155\n|switch|p2a: Cannelloni|Hatterene, F|100\/100\n|move|p1a: Gliscor|Toxic|p2a: Cannelloni\n|move|p2a: Cannelloni|Toxic|p1a: Gliscor|[from]ability: Magic Bounce\n|-fail|p1a: Gliscor|tox\n|\n|-heal|p1a: Gliscor|100\/100 tox|[from] ability: Poison Heal\n|upkeep\n|turn|6\n|\n|t:|1699411184\n|switch|p1a: Banette|Banette, F, shiny|100\/100\n|-damage|p1a: Banette|88\/100|[from] Stealth Rock\n|move|p2a: Cannelloni|Calm Mind|p2a: Cannelloni\n|-boost|p2a: Cannelloni|spa|1\n|-boost|p2a: Cannelloni|spd|1\n|\n|upkeep\n|turn|7\n|\n|t:|1699411194\n|detailschange|p1a: Banette|Banette-Mega, F, shiny\n|-mega|p1a: Banette|Banette|Banettite\n|move|p1a: Banette|Poltergeist|p2a: Cannelloni|[miss]\n|-miss|p1a: Banette|p2a: Cannelloni\n|move|p2a: Cannelloni|Psyshock|p1a: Banette\n|-damage|p1a: Banette|19\/100\n|\n|upkeep\n|turn|8\n|\n|t:|1699411201\n|move|p1a: Banette|Destiny Bond|p1a: Banette\n|-singlemove|p1a: Banette|Destiny Bond\n|move|p2a: Cannelloni|Psyshock|p1a: Banette\n|-damage|p1a: Banette|0 fnt\n|faint|p1a: Banette\n|-activate|p1a: Banette|move: Destiny Bond\n|faint|p2a: Cannelloni\n|\n|upkeep\n|c|\u2606vespyyy|Huh\n|\n|t:|1699411224\n|switch|p1a: Tornadus|Tornadus-Therian, M|100\/100\n|switch|p2a: Rigatini|Victini|100\/100\n|turn|9\n|\n|t:|1699411240\n|move|p1a: Tornadus|U-turn|p2a: Rigatini\n|-damage|p2a: Rigatini|86\/100\n|\n|t:|1699411248\n|switch|p1a: Gliscor|Gliscor, M|100\/100 tox|[from] U-turn\n|-damage|p1a: Gliscor|88\/100 tox|[from] Stealth Rock\n|move|p2a: Rigatini|Bolt Strike|p1a: Gliscor\n|-immune|p1a: Gliscor\n|\n|-heal|p1a: Gliscor|100\/100 tox|[from] ability: Poison Heal\n|upkeep\n|turn|10\n|j| k7eenex\n|\n|t:|1699411260\n|switch|p2a: Farfalle|Gallade, M|100\/100\n|move|p1a: Gliscor|Toxic|p2a: Farfalle\n|-status|p2a: Farfalle|tox\n|\n|-damage|p2a: Farfalle|94\/100 tox|[from] psn\n|upkeep\n|turn|11\n|\n|t:|1699411266\n|detailschange|p2a: Farfalle|Gallade-Mega, M\n|-mega|p2a: Farfalle|Gallade|Galladite\n|move|p1a: Gliscor|Protect|p1a: Gliscor\n|-singleturn|p1a: Gliscor|Protect\n|move|p2a: Farfalle|Swords Dance|p2a: Farfalle\n|-boost|p2a: Farfalle|atk|2\n|\n|-damage|p2a: Farfalle|82\/100 tox|[from] psn\n|upkeep\n|turn|12\n|\n|t:|1699411272\n|switch|p1a: Rotom|Rotom-Wash|100\/100\n|-damage|p1a: Rotom|88\/100|[from] Stealth Rock\n|move|p2a: Farfalle|Triple Axel|p1a: Rotom\n|-resisted|p1a: Rotom\n|-damage|p1a: Rotom|82\/100\n|-resisted|p1a: Rotom\n|-damage|p1a: Rotom|69\/100\n|-resisted|p1a: Rotom\n|-damage|p1a: Rotom|51\/100\n|-hitcount|p1a: Rotom|3\n|\n|-heal|p1a: Rotom|57\/100|[from] item: Leftovers\n|-damage|p2a: Farfalle|64\/100 tox|[from] psn\n|upkeep\n|turn|13\n|\n|t:|1699411305\n|switch|p1a: Volcarona|Volcarona, M|100\/100\n|move|p2a: Farfalle|Close Combat|p1a: Volcarona\n|-resisted|p1a: Volcarona\n|-damage|p1a: Volcarona|0 fnt\n|-unboost|p2a: Farfalle|def|1\n|-unboost|p2a: Farfalle|spd|1\n|faint|p1a: Volcarona\n|\n|-damage|p2a: Farfalle|39\/100 tox|[from] psn\n|upkeep\n|\n|t:|1699411312\n|switch|p1a: Tornadus|Tornadus-Therian, M|100\/100\n|turn|14\n|\n|t:|1699411319\n|switch|p2a: Cavatappi|Slowking-Galar, M|100\/100\n|move|p1a: Tornadus|Hurricane|p2a: Cavatappi\n|-damage|p2a: Cavatappi|79\/100\n|\n|upkeep\n|turn|15\n|\n|t:|1699411330\n|move|p1a: Tornadus|Knock Off|p2a: Cavatappi\n|-supereffective|p2a: Cavatappi\n|-damage|p2a: Cavatappi|37\/100\n|-enditem|p2a: Cavatappi|Assault Vest|[from] move: Knock Off|[of] p1a: Tornadus\n|move|p2a: Cavatappi|Future Sight|p1a: Tornadus\n|-start|p2a: Cavatappi|move: Future Sight\n|\n|upkeep\n|turn|16\n|\n|t:|1699411345\n|switch|p2a: Garganelli|Jirachi|64\/100 brn\n|move|p1a: Tornadus|Defog|p2a: Garganelli\n|-unboost|p2a: Garganelli|evasion|1\n|-sideend|p1: KingPepper7|Stealth Rock|[from] move: Defog|[of] p1a: Tornadus\n|\n|-heal|p2a: Garganelli|70\/100 brn|[from] item: Leftovers\n|-damage|p2a: Garganelli|64\/100 brn|[from] brn\n|upkeep\n|turn|17\n|\n|t:|1699411348\n|move|p1a: Tornadus|U-turn|p2a: Garganelli\n|-damage|p2a: Garganelli|51\/100 brn\n|\n|t:|1699411350\n|switch|p1a: Blissey|Blissey, F|100\/100|[from] U-turn\n|move|p2a: Garganelli|Wish|p2a: Garganelli\n|\n|-end|p1a: Blissey|move: Future Sight\n|-damage|p1a: Blissey|81\/100\n|-heal|p2a: Garganelli|57\/100 brn|[from] item: Leftovers\n|-damage|p2a: Garganelli|51\/100 brn|[from] brn\n|upkeep\n|turn|18\n|\n|t:|1699411354\n|switch|p2a: Farfalle|Gallade-Mega, M|39\/100 tox\n|move|p1a: Blissey|Teleport|p1a: Blissey\n|\n|t:|1699411358\n|switch|p1a: Tornadus|Tornadus-Therian, M|100\/100|[from] Teleport\n|\n|-heal|p2a: Farfalle|100\/100 tox|[from] move: Wish|[wisher] Garganelli\n|-damage|p2a: Farfalle|94\/100 tox|[from] psn\n|upkeep\n|turn|19\n|\n|t:|1699411365\n|switch|p2a: Cavatappi|Slowking-Galar, M|71\/100\n|move|p1a: Tornadus|Hurricane|p2a: Cavatappi\n|-damage|p2a: Cavatappi|40\/100\n|-start|p2a: Cavatappi|confusion\n|\n|upkeep\n|turn|20\n|\n|t:|1699411375\n|move|p1a: Tornadus|U-turn|p2a: Cavatappi\n|-damage|p2a: Cavatappi|26\/100\n|\n|t:|1699411377\n|switch|p1a: Blissey|Blissey, F|81\/100|[from] U-turn\n|-activate|p2a: Cavatappi|confusion\n|move|p2a: Cavatappi|Power Gem|p1a: Blissey\n|-damage|p1a: Blissey|72\/100\n|\n|upkeep\n|turn|21\n|\n|t:|1699411380\n|switch|p2a: Rigatini|Victini|86\/100\n|move|p1a: Blissey|Teleport|p1a: Blissey\n|\n|t:|1699411390\n|switch|p1a: Gliscor|Gliscor, M|100\/100 tox|[from] Teleport\n|\n|upkeep\n|turn|22\n|\n|t:|1699411403\n|move|p2a: Rigatini|V-create|p1a: Gliscor\n|-damage|p1a: Gliscor|29\/100 tox\n|-unboost|p2a: Rigatini|spe|1\n|-unboost|p2a: Rigatini|def|1\n|-unboost|p2a: Rigatini|spd|1\n|move|p1a: Gliscor|Earthquake|p2a: Rigatini\n|-supereffective|p2a: Rigatini\n|-damage|p2a: Rigatini|0 fnt\n|faint|p2a: Rigatini\n|\n|-heal|p1a: Gliscor|42\/100 tox|[from] ability: Poison Heal\n|upkeep\n|\n|t:|1699411406\n|switch|p2a: Farfalle|Gallade-Mega, M|94\/100 tox\n|turn|23\n|\n|t:|1699411412\n|move|p1a: Gliscor|Protect|p1a: Gliscor\n|-singleturn|p1a: Gliscor|Protect\n|move|p2a: Farfalle|Swords Dance|p2a: Farfalle\n|-boost|p2a: Farfalle|atk|2\n|\n|-damage|p2a: Farfalle|88\/100 tox|[from] psn\n|-heal|p1a: Gliscor|54\/100 tox|[from] ability: Poison Heal\n|upkeep\n|turn|24\n|\n|t:|1699411415\n|switch|p1a: Rotom|Rotom-Wash|57\/100\n|move|p2a: Farfalle|Triple Axel|p1a: Rotom\n|-resisted|p1a: Rotom\n|-damage|p1a: Rotom|51\/100\n|-resisted|p1a: Rotom\n|-damage|p1a: Rotom|39\/100\n|-hitcount|p1a: Rotom|2\n|\n|-heal|p1a: Rotom|45\/100|[from] item: Leftovers\n|-damage|p2a: Farfalle|76\/100 tox|[from] psn\n|upkeep\n|turn|25\n|\n|t:|1699411422\n|move|p2a: Farfalle|Knock Off|p1a: Rotom\n|-damage|p1a: Rotom|0 fnt\n|-enditem|p1a: Rotom|Leftovers|[from] move: Knock Off|[of] p2a: Farfalle\n|faint|p1a: Rotom\n|\n|-damage|p2a: Farfalle|58\/100 tox|[from] psn\n|upkeep\n|\n|t:|1699411424\n|switch|p1a: Tornadus|Tornadus-Therian, M|100\/100\n|turn|26\n|\n|t:|1699411428\n|switch|p2a: Garganelli|Jirachi|51\/100 brn\n|move|p1a: Tornadus|Hurricane|p2a: Garganelli\n|-resisted|p2a: Garganelli\n|-damage|p2a: Garganelli|37\/100 brn\n|-start|p2a: Garganelli|confusion\n|\n|-heal|p2a: Garganelli|43\/100 brn|[from] item: Leftovers\n|-damage|p2a: Garganelli|37\/100 brn|[from] brn\n|upkeep\n|turn|27\n|\n|t:|1699411430\n|move|p1a: Tornadus|Knock Off|p2a: Garganelli\n|-supereffective|p2a: Garganelli\n|-damage|p2a: Garganelli|4\/100 brn\n|-enditem|p2a: Garganelli|Leftovers|[from] move: Knock Off|[of] p1a: Tornadus\n|-activate|p2a: Garganelli|confusion\n|move|p2a: Garganelli|Wish|p2a: Garganelli\n|\n|-damage|p2a: Garganelli|0 fnt|[from] brn\n|faint|p2a: Garganelli\n|upkeep\n|\n|t:|1699411436\n|switch|p2a: Cavatappi|Slowking-Galar, M|59\/100\n|turn|28\n|\n|t:|1699411439\n|move|p1a: Tornadus|Knock Off|p2a: Cavatappi\n|-supereffective|p2a: Cavatappi\n|-damage|p2a: Cavatappi|30\/100\n|move|p2a: Cavatappi|Sludge Bomb|p1a: Tornadus\n|-damage|p1a: Tornadus|57\/100\n|\n|-heal|p2a: Cavatappi|81\/100|[from] move: Wish|[wisher] Garganelli\n|upkeep\n|turn|29\n|\n|t:|1699411445\n|move|p1a: Tornadus|U-turn|p2a: Cavatappi\n|-damage|p2a: Cavatappi|66\/100\n|\n|t:|1699411447\n|switch|p1a: Blissey|Blissey, F|72\/100|[from] U-turn\n|move|p2a: Cavatappi|Power Gem|p1a: Blissey\n|-damage|p1a: Blissey|63\/100\n|\n|upkeep\n|turn|30\n|\n|t:|1699411456\n|switch|p2a: Shells|Tapu Lele|100\/100\n|-fieldstart|move: Psychic Terrain|[from] ability: Psychic Surge|[of] p2a: Shells\n|move|p1a: Blissey|Teleport|p1a: Blissey\n|\n|t:|1699411459\n|switch|p1a: Gliscor|Gliscor, M|54\/100 tox|[from] Teleport\n|\n|-heal|p1a: Gliscor|67\/100 tox|[from] ability: Poison Heal\n|upkeep\n|turn|31\n|\n|t:|1699411464\n|move|p1a: Gliscor|Protect|p1a: Gliscor\n|-singleturn|p1a: Gliscor|Protect\n|move|p2a: Shells|Psychic|p1a: Gliscor\n|-activate|p1a: Gliscor|move: Protect\n|\n|-heal|p1a: Gliscor|79\/100 tox|[from] ability: Poison Heal\n|upkeep\n|turn|32\n|\n|t:|1699411467\n|switch|p1a: Blissey|Blissey, F|63\/100\n|move|p2a: Shells|Psychic|p1a: Blissey\n|-damage|p1a: Blissey|42\/100\n|\n|upkeep\n|turn|33\n|\n|t:|1699411474\n|move|p2a: Shells|Psychic|p1a: Blissey\n|-crit|p1a: Blissey\n|-damage|p1a: Blissey|10\/100\n|move|p1a: Blissey|Teleport|p1a: Blissey\n|\n|t:|1699411485\n|switch|p1a: Tornadus|Tornadus-Therian, M|90\/100|[from] Teleport\n|\n|upkeep\n|turn|34\n|\n|t:|1699411493\n|switch|p2a: Cavatappi|Slowking-Galar, M|99\/100\n|move|p1a: Tornadus|Hurricane|p2a: Cavatappi|[miss]\n|-miss|p1a: Tornadus|p2a: Cavatappi\n|\n|-fieldend|move: Psychic Terrain\n|upkeep\n|turn|35\n|\n|t:|1699411499\n|move|p1a: Tornadus|U-turn|p2a: Cavatappi\n|-damage|p2a: Cavatappi|85\/100\n|\n|t:|1699411501\n|switch|p1a: Gliscor|Gliscor, M|79\/100 tox|[from] U-turn\n|move|p2a: Cavatappi|Sludge Bomb|p1a: Gliscor\n|-resisted|p1a: Gliscor\n|-damage|p1a: Gliscor|56\/100 tox\n|\n|-heal|p1a: Gliscor|68\/100 tox|[from] ability: Poison Heal\n|upkeep\n|turn|36\n|\n|t:|1699411505\n|move|p1a: Gliscor|Earthquake|p2a: Cavatappi\n|-supereffective|p2a: Cavatappi\n|-damage|p2a: Cavatappi|12\/100\n|move|p2a: Cavatappi|Future Sight|p1a: Gliscor\n|-start|p2a: Cavatappi|move: Future Sight\n|\n|-heal|p1a: Gliscor|81\/100 tox|[from] ability: Poison Heal\n|upkeep\n|turn|37\n|\n|t:|1699411510\n|move|p1a: Gliscor|Earthquake|p2a: Cavatappi\n|-supereffective|p2a: Cavatappi\n|-damage|p2a: Cavatappi|0 fnt\n|faint|p2a: Cavatappi\n|\n|-heal|p1a: Gliscor|93\/100 tox|[from] ability: Poison Heal\n|upkeep\n|\n|t:|1699411518\n|switch|p2a: Farfalle|Gallade-Mega, M|58\/100 tox\n|turn|38\n|\n|t:|1699411521\n|move|p2a: Farfalle|Swords Dance|p2a: Farfalle\n|-boost|p2a: Farfalle|atk|2\n|move|p1a: Gliscor|Earthquake|p2a: Farfalle\n|-damage|p2a: Farfalle|15\/100 tox\n|\n|-end|p1a: Gliscor|move: Future Sight\n|-damage|p1a: Gliscor|31\/100 tox\n|-damage|p2a: Farfalle|9\/100 tox|[from] psn\n|-heal|p1a: Gliscor|44\/100 tox|[from] ability: Poison Heal\n|upkeep\n|turn|39\n|\n|t:|1699411524\n|move|p1a: Gliscor|Protect|p1a: Gliscor\n|-singleturn|p1a: Gliscor|Protect\n|move|p2a: Farfalle|Triple Axel|p1a: Gliscor\n|-activate|p1a: Gliscor|move: Protect\n|\n|-damage|p2a: Farfalle|0 fnt|[from] psn\n|faint|p2a: Farfalle\n|-heal|p1a: Gliscor|56\/100 tox|[from] ability: Poison Heal\n|upkeep\n|\n|t:|1699411526\n|switch|p2a: Shells|Tapu Lele|100\/100\n|-fieldstart|move: Psychic Terrain|[from] ability: Psychic Surge|[of] p2a: Shells\n|turn|40\n|\n|t:|1699411530\n|switch|p1a: Blissey|Blissey, F|10\/100\n|move|p2a: Shells|Psychic|p1a: Blissey\n|-damage|p1a: Blissey|0 fnt\n|faint|p1a: Blissey\n|\n|upkeep\n|\n|t:|1699411533\n|switch|p1a: Gliscor|Gliscor, M|56\/100 tox\n|turn|41\n|\n|t:|1699411535\n|move|p1a: Gliscor|Protect|p1a: Gliscor\n|-singleturn|p1a: Gliscor|Protect\n|move|p2a: Shells|Psychic|p1a: Gliscor\n|-activate|p1a: Gliscor|move: Protect\n|\n|-heal|p1a: Gliscor|68\/100 tox|[from] ability: Poison Heal\n|upkeep\n|turn|42\n|\n|t:|1699411539\n|move|p2a: Shells|Psychic|p1a: Gliscor\n|-damage|p1a: Gliscor|4\/100 tox\n|move|p1a: Gliscor|Toxic|p2a: Shells\n|-status|p2a: Shells|tox\n|\n|-damage|p2a: Shells|94\/100 tox|[from] psn\n|-heal|p1a: Gliscor|17\/100 tox|[from] ability: Poison Heal\n|upkeep\n|turn|43\n|\n|t:|1699411541\n|move|p1a: Gliscor|Protect|p1a: Gliscor\n|-singleturn|p1a: Gliscor|Protect\n|move|p2a: Shells|Psychic|p1a: Gliscor\n|-activate|p1a: Gliscor|move: Protect\n|\n|-damage|p2a: Shells|82\/100 tox|[from] psn\n|-heal|p1a: Gliscor|29\/100 tox|[from] ability: Poison Heal\n|upkeep\n|turn|44\n|\n|t:|1699411549\n|move|p2a: Shells|Psychic|p1a: Gliscor\n|-damage|p1a: Gliscor|0 fnt\n|faint|p1a: Gliscor\n|\n|-damage|p2a: Shells|64\/100 tox|[from] psn\n|-fieldend|move: Psychic Terrain\n|upkeep\n|\n|t:|1699411552\n|switch|p1a: Tornadus|Tornadus-Therian, M|100\/100\n|turn|45\n|\n|t:|1699411556\n|move|p2a: Shells|Psychic|p1a: Tornadus\n|-damage|p1a: Tornadus|50\/100\n|move|p1a: Tornadus|Hurricane|p2a: Shells|[miss]\n|-miss|p1a: Tornadus|p2a: Shells\n|\n|-damage|p2a: Shells|40\/100 tox|[from] psn\n|upkeep\n|turn|46\n|\n|t:|1699411562\n|move|p2a: Shells|Psychic|p1a: Tornadus\n|-damage|p1a: Tornadus|0 fnt\n|faint|p1a: Tornadus\n|\n|win|vespyyy\n|c|\u2606vespyyy|Gg\n|c|\u2606KingPepper7|gg\n|l|\u2606vespyyy\n|j|\u2606vespyyy\n|player|p2|vespyyy|juggler\n","uploadtime":1699411571,"views":25,"p1id":"kingpepper7","p2id":"vespyyy","formatid":"gen9nationaldexubers","rating":0,"private":0,"password":""}