{"id":"gen9nationaldexubers-1984956664","p1":"1Sunset","p2":"GomathR","format":"[Gen 9] National Dex Ubers","log":"|j|\u26061Sunset\n|j|\u2606GomathR\n|t:|1699314645\n|gametype|singles\n|player|p1|1Sunset|2|1405\n|player|p2|GomathR|n-masters3|1299\n|teamsize|p1|6\n|teamsize|p2|6\n|gen|9\n|tier|[Gen 9] National Dex Ubers\n|rated|\n|rule|HP Percentage Mod: HP is shown in percentages\n|rule|Endless Battle Clause: Forcing endless battles is banned\n|rule|OHKO Clause: OHKO moves are banned\n|rule|Evasion Moves Clause: Evasion moves are banned\n|rule|Evasion Items Clause: Evasion items are banned\n|rule|Species Clause: Limit one of each Pok\u00e9mon\n|rule|Sleep Clause Mod: Limit one foe put to sleep\n|rule|Mega Rayquaza Clause: You cannot mega evolve Rayquaza\n|clearpoke\n|poke|p1|Salamence, M|\n|poke|p1|Zacian-*|\n|poke|p1|Toxapex, F|\n|poke|p1|Yveltal|\n|poke|p1|Xerneas-*|\n|poke|p1|Volcarona, F|\n|poke|p2|Darmanitan-Galar, M|\n|poke|p2|Arceus|\n|poke|p2|Necrozma-Dusk-Mane|\n|poke|p2|Zygarde|\n|poke|p2|Groudon|\n|poke|p2|Lucario, M|\n|teampreview\n|inactive|Battle timer is ON: inactive players will automatically lose when time's up. (requested by GomathR)\n|\n|t:|1699314658\n|start\n|switch|p1a: Toxapex|Toxapex, F, shiny|100\/100\n|switch|p2a: Lucario|Lucario, M|100\/100\n|turn|1\n|\n|t:|1699314664\n|detailschange|p2a: Lucario|Lucario-Mega, M\n|-mega|p2a: Lucario|Lucario|Lucarionite\n|move|p2a: Lucario|Nasty Plot|p2a: Lucario\n|-boost|p2a: Lucario|spa|2\n|move|p1a: Toxapex|Toxic Spikes|p2a: Lucario\n|-sidestart|p2: GomathR|move: Toxic Spikes\n|\n|upkeep\n|turn|2\n|\n|t:|1699314674\n|move|p2a: Lucario|Dark Pulse|p1a: Toxapex\n|-damage|p1a: Toxapex|53\/100\n|move|p1a: Toxapex|Haze|p1a: Toxapex\n|-clearallboost\n|\n|-heal|p1a: Toxapex|59\/100|[from] item: Black Sludge\n|upkeep\n|turn|3\n|\n|t:|1699314684\n|switch|p1a: Yveltal|Yveltal, shiny|100\/100\n|-ability|p1a: Yveltal|Dark Aura\n|move|p2a: Lucario|Dark Pulse|p1a: Yveltal\n|-resisted|p1a: Yveltal\n|-damage|p1a: Yveltal|86\/100\n|\n|upkeep\n|turn|4\n|\n|t:|1699314692\n|move|p2a: Lucario|Flash Cannon|p1a: Yveltal\n|-damage|p1a: Yveltal|46\/100\n|move|p1a: Yveltal|Oblivion Wing|p2a: Lucario\n|-damage|p2a: Lucario|25\/100\n|-heal|p1a: Yveltal|86\/100|[from] drain|[of] p2a: Lucario\n|\n|upkeep\n|turn|5\n|\n|t:|1699314709\n|move|p2a: Lucario|Flash Cannon|p1a: Yveltal\n|-damage|p1a: Yveltal|48\/100\n|move|p1a: Yveltal|Oblivion Wing|p2a: Lucario\n|-damage|p2a: Lucario|0 fnt\n|-heal|p1a: Yveltal|61\/100|[from] drain|[of] p2a: Lucario\n|faint|p2a: Lucario\n|\n|upkeep\n|\n|t:|1699314726\n|switch|p2a: Darmanitan|Darmanitan-Galar, M, shiny|100\/100\n|-status|p2a: Darmanitan|psn\n|turn|6\n|\n|t:|1699314740\n|switch|p1a: Toxapex|Toxapex, F, shiny|92\/100\n|move|p2a: Darmanitan|Icicle Crash|p1a: Toxapex\n|-resisted|p1a: Toxapex\n|-damage|p1a: Toxapex|72\/100\n|\n|-heal|p1a: Toxapex|78\/100|[from] item: Black Sludge\n|-damage|p2a: Darmanitan|88\/100 psn|[from] psn\n|upkeep\n|turn|7\n|\n|t:|1699314748\n|move|p2a: Darmanitan|Icicle Crash|p1a: Toxapex\n|-resisted|p1a: Toxapex\n|-damage|p1a: Toxapex|58\/100\n|move|p1a: Toxapex|Toxic Spikes|p2a: Darmanitan\n|-sidestart|p2: GomathR|move: Toxic Spikes\n|\n|-heal|p1a: Toxapex|64\/100|[from] item: Black Sludge\n|-damage|p2a: Darmanitan|76\/100 psn|[from] psn\n|upkeep\n|turn|8\n|inactive|GomathR has 120 seconds left.\n|\n|t:|1699314784\n|switch|p2a: Zygarde|Zygarde, shiny|100\/100\n|-status|p2a: Zygarde|tox\n|move|p1a: Toxapex|Recover|p1a: Toxapex\n|-heal|p1a: Toxapex|100\/100\n|\n|-damage|p2a: Zygarde|94\/100 tox|[from] psn\n|upkeep\n|turn|9\n|inactive|GomathR has 120 seconds left.\n|\n|t:|1699314794\n|switch|p1a: Yveltal|Yveltal, shiny|61\/100\n|-ability|p1a: Yveltal|Dark Aura\n|move|p2a: Zygarde|Thousand Arrows|p1a: Yveltal\n|-damage|p1a: Yveltal|21\/100\n|-start|p1a: Yveltal|Smack Down\n|\n|-heal|p2a: Zygarde|100\/100 tox|[from] item: Leftovers\n|-damage|p2a: Zygarde|88\/100 tox|[from] psn\n|upkeep\n|turn|10\n|inactive|GomathR has 120 seconds left.\n|\n|t:|1699314812\n|move|p2a: Zygarde|Extreme Speed|p1a: Yveltal\n|-damage|p1a: Yveltal|0 fnt\n|faint|p1a: Yveltal\n|\n|-heal|p2a: Zygarde|94\/100 tox|[from] item: Leftovers\n|-damage|p2a: Zygarde|76\/100 tox|[from] psn\n|upkeep\n|\n|t:|1699314825\n|switch|p1a: Xerneas|Xerneas|100\/100\n|-ability|p1a: Xerneas|Fairy Aura\n|turn|11\n|inactive|GomathR has 120 seconds left.\n|\n|t:|1699314839\n|move|p1a: Xerneas|Moonblast|p2a: Zygarde\n|-supereffective|p2a: Zygarde\n|-damage|p2a: Zygarde|0 fnt\n|faint|p2a: Zygarde\n|\n|upkeep\n|inactive|GomathR has 120 seconds left.\n|\n|t:|1699314860\n|switch|p2a: Groudon|Groudon|100\/100\n|-status|p2a: Groudon|tox\n|detailschange|p2a: Groudon|Groudon-Primal\n|-primal|p2a: Groudon|Red Orb\n|-weather|DesolateLand|[from] ability: Desolate Land|[of] p2a: Groudon\n|turn|12\n|\n|t:|1699314887\n|switch|p1a: Volcarona|Volcarona, F|100\/100\n|move|p2a: Groudon|Heat Crash|p1a: Volcarona\n|-damage|p1a: Volcarona|0 fnt\n|faint|p1a: Volcarona\n|\n|-weather|DesolateLand|[upkeep]\n|-damage|p2a: Groudon|94\/100 tox|[from] psn\n|upkeep\n|inactive|1Sunset has 120 seconds left.\n|\n|t:|1699314903\n|switch|p1a: Salamence|Salamence, M|100\/100\n|-ability|p1a: Salamence|Intimidate|boost\n|-unboost|p2a: Groudon|atk|1\n|turn|13\n|inactive|GomathR has 120 seconds left.\n|\n|t:|1699314912\n|-weather|none\n|switch|p2a: Darmanitan|Darmanitan-Galar, M, shiny|76\/100 psn\n|switch|p1a: Xerneas|Xerneas|100\/100\n|-ability|p1a: Xerneas|Fairy Aura\n|\n|-damage|p2a: Darmanitan|64\/100 psn|[from] psn\n|upkeep\n|turn|14\n|inactive|GomathR has 120 seconds left.\n|\n|t:|1699314933\n|switch|p1a: Toxapex|Toxapex, F, shiny|100\/100\n|move|p2a: Darmanitan|Earthquake|p1a: Toxapex\n|-supereffective|p1a: Toxapex\n|-damage|p1a: Toxapex|34\/100\n|\n|-heal|p1a: Toxapex|40\/100|[from] item: Black Sludge\n|-damage|p2a: Darmanitan|51\/100 psn|[from] psn\n|upkeep\n|turn|15\n|\n|t:|1699314942\n|switch|p1a: Salamence|Salamence, M|100\/100\n|-ability|p1a: Salamence|Intimidate|boost\n|-unboost|p2a: Darmanitan|atk|1\n|move|p2a: Darmanitan|Earthquake|p1a: Salamence\n|-immune|p1a: Salamence\n|\n|-damage|p2a: Darmanitan|39\/100 psn|[from] psn\n|upkeep\n|turn|16\n|inactive|GomathR has 120 seconds left.\n|\n|t:|1699314962\n|detailschange|p1a: Salamence|Salamence-Mega, M\n|-mega|p1a: Salamence|Salamence|Salamencite\n|move|p2a: Darmanitan|Earthquake|p1a: Salamence\n|-immune|p1a: Salamence\n|move|p1a: Salamence|Dragon Dance|p1a: Salamence\n|-boost|p1a: Salamence|atk|1\n|-boost|p1a: Salamence|spe|1\n|\n|-damage|p2a: Darmanitan|27\/100 psn|[from] psn\n|upkeep\n|turn|17\n|\n|t:|1699314973\n|switch|p2a: Groudon|Groudon-Primal|94\/100 tox\n|-weather|DesolateLand|[from] ability: Desolate Land|[of] p2a: Groudon\n|move|p1a: Salamence|Dragon Dance|p1a: Salamence\n|-boost|p1a: Salamence|atk|1\n|-boost|p1a: Salamence|spe|1\n|\n|-weather|DesolateLand|[upkeep]\n|-damage|p2a: Groudon|88\/100 tox|[from] psn\n|upkeep\n|turn|18\n|inactive|GomathR has 120 seconds left.\n|\n|t:|1699315004\n|move|p1a: Salamence|Earthquake|p2a: Groudon\n|-supereffective|p2a: Groudon\n|-damage|p2a: Groudon|0 fnt\n|faint|p2a: Groudon\n|-weather|none\n|\n|upkeep\n|\n|t:|1699315012\n|switch|p2a: Darmanitan|Darmanitan-Galar, M, shiny|27\/100 psn\n|turn|19\n|\n|t:|1699315022\n|move|p1a: Salamence|Earthquake|p2a: Darmanitan\n|-damage|p2a: Darmanitan|0 fnt\n|faint|p2a: Darmanitan\n|\n|upkeep\n|\n|t:|1699315027\n|switch|p2a: Necrozma|Necrozma-Dusk-Mane, shiny|100\/100\n|turn|20\n|\n|t:|1699315035\n|detailschange|p2a: Necrozma|Necrozma-Ultra, shiny\n|-burst|p2a: Necrozma|Necrozma|Ultranecrozium Z\n|move|p1a: Salamence|Earthquake|p2a: Necrozma\n|-damage|p2a: Necrozma|11\/100\n|move|p2a: Necrozma|Photon Geyser|p1a: Salamence\n|-crit|p1a: Salamence\n|-damage|p1a: Salamence|16\/100\n|\n|upkeep\n|turn|21\n|\n|t:|1699315047\n|move|p1a: Salamence|Earthquake|p2a: Necrozma\n|-damage|p2a: Necrozma|0 fnt\n|faint|p2a: Necrozma\n|\n|upkeep\n|inactive|GomathR has 90 seconds left.\n|inactive|GomathR has 60 seconds left.\n|\n|t:|1699315125\n|switch|p2a: Arceus|Arceus, shiny|100\/100\n|-status|p2a: Arceus|tox\n|turn|22\n|\n|t:|1699315131\n|move|p2a: Arceus|Extreme Speed|p1a: Salamence\n|-damage|p1a: Salamence|0 fnt\n|faint|p1a: Salamence\n|\n|-damage|p2a: Arceus|94\/100 tox|[from] psn\n|upkeep\n|\n|t:|1699315137\n|switch|p1a: Xerneas|Xerneas|100\/100\n|-ability|p1a: Xerneas|Fairy Aura\n|turn|23\n|\n|t:|1699315146\n|move|p2a: Arceus|Extreme Speed|p1a: Xerneas\n|-damage|p1a: Xerneas|50\/100\n|move|p1a: Xerneas|Focus Blast|p2a: Arceus\n|-supereffective|p2a: Arceus\n|-damage|p2a: Arceus|37\/100 tox\n|\n|-heal|p1a: Xerneas|56\/100|[from] item: Leftovers\n|-damage|p2a: Arceus|25\/100 tox|[from] psn\n|upkeep\n|turn|24\n|\n|t:|1699315156\n|-terastallize|p2a: Arceus|Ghost\n|move|p2a: Arceus|Extreme Speed|p1a: Xerneas\n|-crit|p1a: Xerneas\n|-damage|p1a: Xerneas|0 fnt\n|faint|p1a: Xerneas\n|\n|-damage|p2a: Arceus|7\/100 tox|[from] psn\n|upkeep\n|\n|t:|1699315162\n|switch|p1a: Toxapex|Toxapex, F, shiny|74\/100\n|turn|25\n|\n|t:|1699315167\n|move|p2a: Arceus|Extreme Speed|p1a: Toxapex\n|-damage|p1a: Toxapex|42\/100\n|move|p1a: Toxapex|Recover|p1a: Toxapex\n|-heal|p1a: Toxapex|92\/100\n|\n|-heal|p1a: Toxapex|98\/100|[from] item: Black Sludge\n|-damage|p2a: Arceus|0 fnt|[from] psn\n|faint|p2a: Arceus\n|\n|win|1Sunset\n|upkeep\n|raw|1Sunset's rating: 1405 &rarr; <strong>1419<\/strong><br \/>(+14 for winning)\n|raw|GomathR's rating: 1299 &rarr; <strong>1281<\/strong><br \/>(-18 for losing)\n|l|\u2606GomathR\n","uploadtime":1699315201,"views":5,"p1id":"1sunset","p2id":"gomathr","formatid":"gen9nationaldexubers","rating":1281,"private":0,"password":""}