{"id":"gen9nationaldexubers-1991443304","p1":"RaVeDreNch","p2":"Vibraphonic","format":"[Gen 9] National Dex Ubers","log":"|j|\u2606RaVeDreNch\n|j|\u2606Vibraphonic\n|t:|1700077536\n|gametype|singles\n|player|p1|RaVeDreNch|caitlin|1142\n|player|p2|Vibraphonic|camper|1248\n|teamsize|p1|6\n|teamsize|p2|6\n|gen|9\n|tier|[Gen 9] National Dex Ubers\n|rated|\n|rule|HP Percentage Mod: HP is shown in percentages\n|rule|Endless Battle Clause: Forcing endless battles is banned\n|rule|OHKO Clause: OHKO moves are banned\n|rule|Evasion Moves Clause: Evasion moves are banned\n|rule|Evasion Items Clause: Evasion items are banned\n|rule|Species Clause: Limit one of each Pok\u00e9mon\n|rule|Sleep Clause Mod: Limit one foe put to sleep\n|rule|Mega Rayquaza Clause: You cannot mega evolve Rayquaza\n|clearpoke\n|poke|p1|Metagross|\n|poke|p1|Dragonite, M|\n|poke|p1|Iron Valiant|\n|poke|p1|Serperior, M|\n|poke|p1|Cinderace, M|\n|poke|p1|Greninja-*, F|\n|poke|p2|Groudon|\n|poke|p2|Ho-Oh|\n|poke|p2|Yveltal|\n|poke|p2|Xerneas-*|\n|poke|p2|Necrozma-Dusk-Mane|\n|poke|p2|Palkia-Origin|\n|teampreview\n|inactive|Battle timer is ON: inactive players will automatically lose when time's up. (requested by Vibraphonic)\n|\n|t:|1700077555\n|start\n|switch|p1a: Cinderace|Cinderace, M|100\/100\n|switch|p2a: Groundon|Groudon, shiny|100\/100\n|detailschange|p2a: Groundon|Groudon-Primal, shiny\n|-primal|p2a: Groundon|Red Orb\n|-weather|DesolateLand|[from] ability: Desolate Land|[of] p2a: Groundon\n|turn|1\n|\n|t:|1700077563\n|move|p1a: Cinderace|Sucker Punch|p2a: Groundon\n|-start|p1a: Cinderace|typechange|Dark|[from] ability: Libero\n|-damage|p2a: Groundon|82\/100\n|move|p2a: Groundon|Precipice Blades|p1a: Cinderace\n|-damage|p1a: Cinderace|4\/100\n|\n|-weather|DesolateLand|[upkeep]\n|upkeep\n|turn|2\n|\n|t:|1700077571\n|move|p1a: Cinderace|Sucker Punch||[still]\n|-fail|p1a: Cinderace\n|move|p2a: Groundon|Spikes|p1a: Cinderace\n|-sidestart|p1: RaVeDreNch|Spikes\n|\n|-weather|DesolateLand|[upkeep]\n|upkeep\n|turn|3\n|\n|t:|1700077576\n|move|p1a: Cinderace|Sucker Punch||[still]\n|-fail|p1a: Cinderace\n|move|p2a: Groundon|Spikes|p1a: Cinderace\n|-sidestart|p1: RaVeDreNch|Spikes\n|\n|-weather|DesolateLand|[upkeep]\n|upkeep\n|turn|4\n|\n|t:|1700077581\n|move|p1a: Cinderace|Sucker Punch||[still]\n|-fail|p1a: Cinderace\n|move|p2a: Groundon|Spikes|p1a: Cinderace\n|-sidestart|p1: RaVeDreNch|Spikes\n|\n|-weather|DesolateLand|[upkeep]\n|upkeep\n|turn|5\n|\n|t:|1700077587\n|move|p1a: Cinderace|Court Change|p1a: Cinderace\n|-swapsideconditions\n|-activate|p1a: Cinderace|move: Court Change\n|move|p2a: Groundon|Stone Edge|p1a: Cinderace|[miss]\n|-miss|p2a: Groundon|p1a: Cinderace\n|\n|-weather|DesolateLand|[upkeep]\n|upkeep\n|turn|6\n|\n|t:|1700077594\n|move|p1a: Cinderace|Pyro Ball|p2a: Groundon|[miss]\n|-miss|p1a: Cinderace|p2a: Groundon\n|move|p2a: Groundon|Stone Edge|p1a: Cinderace|[miss]\n|-miss|p2a: Groundon|p1a: Cinderace\n|\n|-weather|DesolateLand|[upkeep]\n|upkeep\n|turn|7\n|\n|t:|1700077599\n|move|p1a: Cinderace|Pyro Ball|p2a: Groundon\n|-resisted|p2a: Groundon\n|-damage|p2a: Groundon|67\/100\n|move|p2a: Groundon|Stone Edge|p1a: Cinderace\n|-damage|p1a: Cinderace|0 fnt\n|faint|p1a: Cinderace\n|\n|-weather|DesolateLand|[upkeep]\n|upkeep\n|inactive|RaVeDreNch has 120 seconds left.\n|\n|t:|1700077632\n|switch|p1a: Dragonite|Dragonite, M|100\/100\n|turn|8\n|\n|t:|1700077637\n|-weather|none\n|switch|p2a: Ho-Ho|Ho-Oh, shiny|100\/100\n|move|p1a: Dragonite|Dragon Dance|p1a: Dragonite\n|-boost|p1a: Dragonite|atk|1\n|-boost|p1a: Dragonite|spe|1\n|\n|upkeep\n|turn|9\n|\n|t:|1700077645\n|move|p1a: Dragonite|Dragon Dance|p1a: Dragonite\n|-boost|p1a: Dragonite|atk|1\n|-boost|p1a: Dragonite|spe|1\n|move|p2a: Ho-Ho|Whirlwind|p1a: Dragonite\n|drag|p1a: Greninja|Greninja, F|100\/100\n|\n|upkeep\n|turn|10\n|\n|t:|1700077651\n|move|p1a: Greninja|Liquidation|p2a: Ho-Ho\n|-start|p1a: Greninja|typechange|Water|[from] ability: Protean\n|-supereffective|p2a: Ho-Ho\n|-damage|p2a: Ho-Ho|50\/100\n|-unboost|p2a: Ho-Ho|def|1\n|move|p2a: Ho-Ho|Defog|p1a: Greninja\n|-unboost|p1a: Greninja|evasion|1\n|-sideend|p2: Vibraphonic|Spikes|[from] move: Defog|[of] p2a: Ho-Ho\n|\n|upkeep\n|turn|11\n|\n|t:|1700077661\n|switch|p2a: Groundon|Groudon-Primal, shiny|67\/100\n|-weather|DesolateLand|[from] ability: Desolate Land|[of] p2a: Groundon\n|move|p1a: Greninja|Liquidation||[still]\n|-fail|p1a: Greninja|Liquidation|[from] Desolate Land\n|\n|-weather|DesolateLand|[upkeep]\n|upkeep\n|turn|12\n|\n|t:|1700077673\n|switch|p1a: Metagross|Metagross|100\/100\n|move|p2a: Groundon|Spikes|p1a: Metagross\n|-sidestart|p1: RaVeDreNch|Spikes\n|\n|-weather|DesolateLand|[upkeep]\n|upkeep\n|turn|13\n|\n|t:|1700077683\n|detailschange|p1a: Metagross|Metagross-Mega\n|-mega|p1a: Metagross|Metagross|Metagrossite\n|move|p1a: Metagross|Hone Claws|p1a: Metagross\n|-boost|p1a: Metagross|atk|1\n|-boost|p1a: Metagross|accuracy|1\n|move|p2a: Groundon|Precipice Blades|p1a: Metagross\n|-supereffective|p1a: Metagross\n|-damage|p1a: Metagross|0 fnt\n|faint|p1a: Metagross\n|\n|-weather|DesolateLand|[upkeep]\n|upkeep\n|\n|t:|1700077691\n|switch|p1a: Dragonite|Dragonite, M|100\/100\n|turn|14\n|\n|t:|1700077695\n|move|p1a: Dragonite|Dragon Dance|p1a: Dragonite\n|-boost|p1a: Dragonite|atk|1\n|-boost|p1a: Dragonite|spe|1\n|move|p2a: Groundon|Toxic|p1a: Dragonite\n|-status|p1a: Dragonite|tox\n|\n|-weather|DesolateLand|[upkeep]\n|-damage|p1a: Dragonite|94\/100 tox|[from] psn\n|upkeep\n|turn|15\n|\n|t:|1700077714\n|-weather|none\n|switch|p2a: Ho-Ho|Ho-Oh, shiny|83\/100\n|move|p1a: Dragonite|Dual Wingbeat|p2a: Ho-Ho\n|-damage|p2a: Ho-Ho|60\/100\n|-damage|p2a: Ho-Ho|36\/100\n|-hitcount|p2a: Ho-Ho|2\n|\n|-heal|p1a: Dragonite|100\/100 tox|[from] item: Leftovers\n|-damage|p1a: Dragonite|88\/100 tox|[from] psn\n|upkeep\n|turn|16\n|\n|t:|1700077724\n|move|p1a: Dragonite|Dual Wingbeat|p2a: Ho-Ho|[miss]\n|-miss|p1a: Dragonite|p2a: Ho-Ho\n|move|p2a: Ho-Ho|Whirlwind|p1a: Dragonite\n|drag|p1a: Serperior|Serperior, M|100\/100\n|-damage|p1a: Serperior|88\/100|[from] Spikes\n|\n|-heal|p1a: Serperior|94\/100|[from] item: Leftovers\n|upkeep\n|turn|17\n|\n|t:|1700077732\n|switch|p1a: Iron Valiant|Iron Valiant|100\/100\n|-damage|p1a: Iron Valiant|88\/100|[from] Spikes\n|-enditem|p1a: Iron Valiant|Booster Energy\n|-activate|p1a: Iron Valiant|ability: Quark Drive|[fromitem]\n|-start|p1a: Iron Valiant|quarkdrivespe\n|move|p2a: Ho-Ho|Sacred Fire|p1a: Iron Valiant\n|-damage|p1a: Iron Valiant|33\/100\n|\n|upkeep\n|turn|18\n|\n|t:|1700077744\n|switch|p2a: Necrozpa|Necrozma-Dusk-Mane|100\/100\n|move|p1a: Iron Valiant|Thunderbolt|p2a: Necrozpa\n|-crit|p2a: Necrozpa\n|-damage|p2a: Necrozpa|69\/100\n|\n|-heal|p2a: Necrozpa|75\/100|[from] item: Leftovers\n|upkeep\n|turn|19\n|\n|t:|1700077752\n|move|p1a: Iron Valiant|Thunderbolt|p2a: Necrozpa\n|-damage|p2a: Necrozpa|56\/100\n|move|p2a: Necrozpa|Photon Geyser|p1a: Iron Valiant\n|-supereffective|p1a: Iron Valiant\n|-damage|p1a: Iron Valiant|0 fnt\n|faint|p1a: Iron Valiant\n|-end|p1a: Iron Valiant|Quark Drive|[silent]\n|\n|-heal|p2a: Necrozpa|62\/100|[from] item: Leftovers\n|upkeep\n|\n|t:|1700077770\n|switch|p1a: Dragonite|Dragonite, M|88\/100 tox\n|turn|20\n|\n|t:|1700077778\n|switch|p2a: Ho-Ho|Ho-Oh, shiny|69\/100\n|move|p1a: Dragonite|Dragon Dance|p1a: Dragonite\n|-boost|p1a: Dragonite|atk|1\n|-boost|p1a: Dragonite|spe|1\n|\n|-heal|p1a: Dragonite|94\/100 tox|[from] item: Leftovers\n|-damage|p1a: Dragonite|88\/100 tox|[from] psn\n|upkeep\n|turn|21\n|\n|t:|1700077786\n|move|p1a: Dragonite|Dual Wingbeat|p2a: Ho-Ho\n|-crit|p2a: Ho-Ho\n|-damage|p2a: Ho-Ho|37\/100\n|-damage|p2a: Ho-Ho|15\/100\n|-hitcount|p2a: Ho-Ho|2\n|move|p2a: Ho-Ho|Whirlwind|p1a: Dragonite\n|drag|p1a: Serperior|Serperior, M|94\/100\n|-damage|p1a: Serperior|82\/100|[from] Spikes\n|\n|-heal|p1a: Serperior|88\/100|[from] item: Leftovers\n|upkeep\n|turn|22\n|\n|t:|1700077799\n|switch|p2a: Necrozpa|Necrozma-Dusk-Mane|62\/100\n|move|p1a: Serperior|Leaf Storm|p2a: Necrozpa|[miss]\n|-miss|p1a: Serperior|p2a: Necrozpa\n|\n|-heal|p1a: Serperior|94\/100|[from] item: Leftovers\n|-heal|p2a: Necrozpa|68\/100|[from] item: Leftovers\n|upkeep\n|turn|23\n|\n|t:|1700077808\n|move|p1a: Serperior|Hidden Power|p2a: Necrozpa\n|-supereffective|p2a: Necrozpa\n|-damage|p2a: Necrozpa|53\/100\n|move|p2a: Necrozpa|Stealth Rock|p1a: Serperior\n|-sidestart|p1: RaVeDreNch|move: Stealth Rock\n|\n|-heal|p1a: Serperior|100\/100|[from] item: Leftovers\n|-heal|p2a: Necrozpa|59\/100|[from] item: Leftovers\n|upkeep\n|turn|24\n|\n|t:|1700077816\n|move|p1a: Serperior|Leaf Storm|p2a: Necrozpa\n|-resisted|p2a: Necrozpa\n|-damage|p2a: Necrozpa|45\/100\n|-boost|p1a: Serperior|spa|2\n|move|p2a: Necrozpa|Photon Geyser|p1a: Serperior\n|-damage|p1a: Serperior|41\/100\n|\n|-heal|p1a: Serperior|47\/100|[from] item: Leftovers\n|-heal|p2a: Necrozpa|51\/100|[from] item: Leftovers\n|upkeep\n|turn|25\n|\n|t:|1700077830\n|move|p1a: Serperior|Leaf Storm|p2a: Necrozpa\n|-resisted|p2a: Necrozpa\n|-damage|p2a: Necrozpa|23\/100\n|-boost|p1a: Serperior|spa|2\n|move|p2a: Necrozpa|Morning Sun|p2a: Necrozpa\n|-heal|p2a: Necrozpa|73\/100\n|\n|-heal|p1a: Serperior|54\/100|[from] item: Leftovers\n|-heal|p2a: Necrozpa|79\/100|[from] item: Leftovers\n|upkeep\n|turn|26\n|\n|t:|1700077840\n|-terastallize|p1a: Serperior|Grass\n|move|p1a: Serperior|Leaf Storm|p2a: Necrozpa\n|-resisted|p2a: Necrozpa\n|-damage|p2a: Necrozpa|18\/100\n|-boost|p1a: Serperior|spa|2\n|move|p2a: Necrozpa|Photon Geyser|p1a: Serperior\n|-damage|p1a: Serperior|0 fnt\n|faint|p1a: Serperior\n|\n|-heal|p2a: Necrozpa|24\/100|[from] item: Leftovers\n|upkeep\n|\n|t:|1700077852\n|switch|p1a: Greninja|Greninja, F|100\/100\n|-damage|p1a: Greninja|88\/100|[from] Spikes\n|-damage|p1a: Greninja|76\/100|[from] Stealth Rock\n|turn|27\n|\n|t:|1700077859\n|switch|p2a: Groundon|Groudon-Primal, shiny|67\/100\n|-weather|DesolateLand|[from] ability: Desolate Land|[of] p2a: Groundon\n|move|p1a: Greninja|Shadow Sneak|p2a: Groundon\n|-start|p1a: Greninja|typechange|Ghost|[from] ability: Protean\n|-damage|p2a: Groundon|58\/100\n|\n|-weather|DesolateLand|[upkeep]\n|upkeep\n|turn|28\n|\n|t:|1700077868\n|move|p1a: Greninja|Power-Up Punch|p2a: Groundon\n|-damage|p2a: Groundon|51\/100\n|-boost|p1a: Greninja|atk|1\n|move|p2a: Groundon|Stone Edge|p1a: Greninja|[miss]\n|-miss|p2a: Groundon|p1a: Greninja\n|\n|-weather|DesolateLand|[upkeep]\n|upkeep\n|turn|29\n|\n|t:|1700077879\n|move|p1a: Greninja|Power-Up Punch|p2a: Groundon\n|-damage|p2a: Groundon|42\/100\n|-boost|p1a: Greninja|atk|1\n|move|p2a: Groundon|Stone Edge|p1a: Greninja\n|-crit|p1a: Greninja\n|-damage|p1a: Greninja|0 fnt\n|faint|p1a: Greninja\n|\n|-weather|DesolateLand|[upkeep]\n|upkeep\n|\n|t:|1700077887\n|switch|p1a: Dragonite|Dragonite, M|88\/100 tox\n|-damage|p1a: Dragonite|63\/100 tox|[from] Stealth Rock\n|turn|30\n|\n|t:|1700077890\n|move|p1a: Dragonite|Dragon Dance|p1a: Dragonite\n|-boost|p1a: Dragonite|atk|1\n|-boost|p1a: Dragonite|spe|1\n|move|p2a: Groundon|Stone Edge|p1a: Dragonite\n|-supereffective|p1a: Dragonite\n|-damage|p1a: Dragonite|0 fnt\n|faint|p1a: Dragonite\n|\n|win|Vibraphonic\n|raw|RaVeDreNch's rating: 1142 &rarr; <strong>1124<\/strong><br \/>(-18 for losing)\n|raw|Vibraphonic's rating: 1248 &rarr; <strong>1266<\/strong><br \/>(+18 for winning)\n|l|\u2606Vibraphonic\n","uploadtime":1700077911,"views":7,"p1id":"ravedrench","p2id":"vibraphonic","formatid":"gen9nationaldexubers","rating":1124,"private":0,"password":""}