{"id":"gen9nationaldexubers-1991853211","p1":"Chaitanya15","p2":"ShuckLord08","format":"[Gen 9] National Dex Ubers","log":"|j|\u2606Chaitanya15\n|j|\u2606ShuckLord08\n|t:|1700128710\n|gametype|singles\n|player|p1|Chaitanya15|101|1494\n|player|p2|ShuckLord08|266|1473\n|teamsize|p1|6\n|teamsize|p2|6\n|gen|9\n|tier|[Gen 9] National Dex Ubers\n|rated|\n|rule|HP Percentage Mod: HP is shown in percentages\n|rule|Endless Battle Clause: Forcing endless battles is banned\n|rule|OHKO Clause: OHKO moves are banned\n|rule|Evasion Moves Clause: Evasion moves are banned\n|rule|Evasion Items Clause: Evasion items are banned\n|rule|Species Clause: Limit one of each Pok\u00e9mon\n|rule|Sleep Clause Mod: Limit one foe put to sleep\n|rule|Mega Rayquaza Clause: You cannot mega evolve Rayquaza\n|clearpoke\n|poke|p1|Kingambit, F|\n|poke|p1|Basculegion, M|\n|poke|p1|Kyogre|\n|poke|p1|Flutter Mane|\n|poke|p1|Deoxys-Speed|\n|poke|p1|Groudon|\n|poke|p2|Groudon|\n|poke|p2|Kyogre|\n|poke|p2|Mewtwo|\n|poke|p2|Zacian-*|\n|poke|p2|Yveltal|\n|poke|p2|Regieleki|\n|teampreview\n|\n|t:|1700128723\n|start\n|switch|p1a: Deoxys|Deoxys-Speed|100\/100\n|switch|p2a: Yveltal|Yveltal|100\/100\n|-ability|p1a: Deoxys|Pressure\n|-ability|p2a: Yveltal|Dark Aura\n|turn|1\n|inactive|Battle timer is ON: inactive players will automatically lose when time's up. (requested by Chaitanya15)\n|\n|t:|1700128732\n|move|p1a: Deoxys|Stealth Rock|p2a: Yveltal\n|-sidestart|p2: ShuckLord08|move: Stealth Rock\n|move|p2a: Yveltal|U-turn|p1a: Deoxys\n|-supereffective|p1a: Deoxys\n|-damage|p1a: Deoxys|48\/100\n|\n|t:|1700128736\n|switch|p2a: Regieleki|Regieleki|100\/100|[from] U-turn\n|\n|upkeep\n|turn|2\n|\n|t:|1700128742\n|move|p2a: Regieleki|Rapid Spin|p1a: Deoxys\n|-damage|p1a: Deoxys|34\/100\n|-boost|p2a: Regieleki|spe|1\n|-sideend|p2: ShuckLord08|Stealth Rock|[from] move: Rapid Spin|[of] p2a: Regieleki\n|move|p1a: Deoxys|Psychic|p2a: Regieleki\n|-damage|p2a: Regieleki|44\/100\n|\n|upkeep\n|turn|3\n|\n|t:|1700128751\n|move|p1a: Deoxys|Extreme Speed|p2a: Regieleki\n|-damage|p2a: Regieleki|11\/100\n|move|p2a: Regieleki|Volt Switch|p1a: Deoxys\n|-damage|p1a: Deoxys|0 fnt\n|faint|p1a: Deoxys\n|\n|t:|1700128768\n|switch|p2a: Mewtwo|Mewtwo|100\/100|[from] Volt Switch\n|-ability|p2a: Mewtwo|Pressure\n|\n|upkeep\n|\n|t:|1700128778\n|switch|p1a: Flutter Mane|Flutter Mane|100\/100\n|-enditem|p1a: Flutter Mane|Booster Energy\n|-activate|p1a: Flutter Mane|ability: Protosynthesis|[fromitem]\n|-start|p1a: Flutter Mane|protosynthesisspe\n|turn|4\n|\n|t:|1700128791\n|detailschange|p2a: Mewtwo|Mewtwo-Mega-X\n|-mega|p2a: Mewtwo|Mewtwo|Mewtwonite X\n|move|p1a: Flutter Mane|Shadow Ball|p2a: Mewtwo\n|-supereffective|p2a: Mewtwo\n|-crit|p2a: Mewtwo\n|-damage|p2a: Mewtwo|0 fnt\n|faint|p2a: Mewtwo\n|\n|upkeep\n|\n|t:|1700128807\n|switch|p2a: Kyogre|Kyogre|100\/100\n|detailschange|p2a: Kyogre|Kyogre-Primal\n|-primal|p2a: Kyogre|Blue Orb\n|-weather|PrimordialSea|[from] ability: Primordial Sea|[of] p2a: Kyogre\n|turn|5\n|c|\u2606Chaitanya15|This was the first time i faced Mewtwo X\n|c|\u2606Chaitanya15|its always the Y\n|\n|t:|1700128828\n|move|p1a: Flutter Mane|Moonblast|p2a: Kyogre\n|-damage|p2a: Kyogre|64\/100\n|-unboost|p2a: Kyogre|spa|1\n|move|p2a: Kyogre|Origin Pulse|p1a: Flutter Mane|[miss]\n|-miss|p2a: Kyogre|p1a: Flutter Mane\n|\n|-weather|PrimordialSea|[upkeep]\n|upkeep\n|turn|6\n|\n|t:|1700128838\n|move|p1a: Flutter Mane|Moonblast|p2a: Kyogre\n|-damage|p2a: Kyogre|28\/100\n|move|p2a: Kyogre|Origin Pulse|p1a: Flutter Mane\n|-damage|p1a: Flutter Mane|16\/100\n|\n|-weather|PrimordialSea|[upkeep]\n|upkeep\n|turn|7\n|\n|t:|1700128848\n|move|p1a: Flutter Mane|Moonblast|p2a: Kyogre\n|-damage|p2a: Kyogre|0 fnt\n|faint|p2a: Kyogre\n|-weather|none\n|\n|upkeep\n|inactive|ShuckLord08 has 120 seconds left.\n|inactive|ShuckLord08 has 90 seconds left.\n|\n|t:|1700128926\n|switch|p2a: Regieleki|Regieleki|11\/100\n|turn|8\n|\n|t:|1700128931\n|move|p1a: Flutter Mane|Moonblast|p2a: Regieleki\n|-damage|p2a: Regieleki|0 fnt\n|faint|p2a: Regieleki\n|\n|upkeep\n|\n|t:|1700128939\n|switch|p2a: Zacian|Zacian-Crowned|100\/100\n|-ability|p2a: Zacian|Intrepid Sword|boost\n|-boost|p2a: Zacian|atk|1\n|turn|9\n|inactive|ShuckLord08 has 90 seconds left.\n|\n|t:|1700128944\n|move|p1a: Flutter Mane|Mystical Fire|p2a: Zacian\n|-supereffective|p2a: Zacian\n|-damage|p2a: Zacian|54\/100\n|-unboost|p2a: Zacian|spa|1\n|move|p2a: Zacian|Behemoth Blade|p1a: Flutter Mane\n|-supereffective|p1a: Flutter Mane\n|-damage|p1a: Flutter Mane|0 fnt\n|faint|p1a: Flutter Mane\n|-end|p1a: Flutter Mane|Protosynthesis|[silent]\n|\n|upkeep\n|\n|t:|1700128954\n|switch|p1a: Groudon|Groudon|100\/100\n|detailschange|p1a: Groudon|Groudon-Primal\n|-primal|p1a: Groudon|Red Orb\n|-weather|DesolateLand|[from] ability: Desolate Land|[of] p1a: Groudon\n|turn|10\n|\n|t:|1700128962\n|move|p2a: Zacian|Close Combat|p1a: Groudon\n|-damage|p1a: Groudon|56\/100\n|-unboost|p2a: Zacian|def|1\n|-unboost|p2a: Zacian|spd|1\n|move|p1a: Groudon|Rock Polish|p1a: Groudon\n|-boost|p1a: Groudon|spe|2\n|\n|-weather|DesolateLand|[upkeep]\n|upkeep\n|turn|11\n|\n|t:|1700128975\n|move|p1a: Groudon|Heat Crash|p2a: Zacian\n|-supereffective|p2a: Zacian\n|-damage|p2a: Zacian|0 fnt\n|faint|p2a: Zacian\n|\n|-weather|DesolateLand|[upkeep]\n|upkeep\n|\n|t:|1700128981\n|switch|p2a: Yveltal|Yveltal|100\/100\n|-ability|p2a: Yveltal|Dark Aura\n|turn|12\n|\n|t:|1700128987\n|move|p1a: Groudon|Heat Crash|p2a: Yveltal\n|-damage|p2a: Yveltal|0 fnt\n|faint|p2a: Yveltal\n|\n|-weather|DesolateLand|[upkeep]\n|upkeep\n|-message|ShuckLord08 forfeited.\n|\n|win|Chaitanya15\n|raw|Chaitanya15's rating: 1494 &rarr; <strong>1513<\/strong><br \/>(+19 for winning)\n|raw|ShuckLord08's rating: 1473 &rarr; <strong>1454<\/strong><br \/>(-19 for losing)\n|l|\u2606ShuckLord08\n","uploadtime":1700128999,"views":9,"p1id":"chaitanya15","p2id":"shucklord08","formatid":"gen9nationaldexubers","rating":1454,"private":0,"password":""}