{"id":"gen9nationaldexubers-1985227921","p1":"pluiebluie","p2":"Lady Xion \u2661","format":"[Gen 9] National Dex Ubers","log":"|j|\u2606pluiebluie\n|j|\u2606Lady Xion \u2661\n|t:|1699352050\n|gametype|singles\n|player|p1|pluiebluie|169|1065\n|player|p2|Lady Xion \u2661|akari|1197\n|teamsize|p1|6\n|teamsize|p2|3\n|gen|9\n|tier|[Gen 9] National Dex Ubers\n|rated|\n|rule|HP Percentage Mod: HP is shown in percentages\n|rule|Endless Battle Clause: Forcing endless battles is banned\n|rule|OHKO Clause: OHKO moves are banned\n|rule|Evasion Moves Clause: Evasion moves are banned\n|rule|Evasion Items Clause: Evasion items are banned\n|rule|Species Clause: Limit one of each Pok\u00e9mon\n|rule|Sleep Clause Mod: Limit one foe put to sleep\n|rule|Mega Rayquaza Clause: You cannot mega evolve Rayquaza\n|clearpoke\n|poke|p1|Marowak, M|\n|poke|p1|Ditto|\n|poke|p1|Xurkitree|\n|poke|p1|Corviknight, M|\n|poke|p1|Whimsicott, F|\n|poke|p1|Garganacl, F|\n|poke|p2|Durant, M|\n|poke|p2|Gothitelle, F|\n|poke|p2|Magearna|\n|teampreview\n|inactive|Battle timer is ON: inactive players will automatically lose when time's up. (requested by pluiebluie)\n|\n|t:|1699352069\n|start\n|switch|p1a: Garganacl|Garganacl, F|100\/100\n|switch|p2a: Durant|Durant, M|100\/100\n|turn|1\n|\n|t:|1699352077\n|move|p2a: Durant|Entrainment|p1a: Garganacl\n|-endability|p1a: Garganacl|Purifying Salt|[from] move: Entrainment\n|-ability|p1a: Garganacl|Truant|[from] move: Entrainment\n|move|p1a: Garganacl|Iron Defense|p1a: Garganacl\n|-boost|p1a: Garganacl|def|2\n|\n|upkeep\n|turn|2\n|\n|t:|1699352086\n|switch|p2a: Gothitelle|Gothitelle, F, shiny|100\/100\n|cant|p1a: Garganacl|ability: Truant\n|\n|upkeep\n|turn|3\n|\n|t:|1699352093\n|move|p2a: Gothitelle|Protect|p2a: Gothitelle\n|-singleturn|p2a: Gothitelle|Protect\n|move|p1a: Garganacl|Salt Cure|p2a: Gothitelle\n|-activate|p2a: Gothitelle|move: Protect\n|\n|upkeep\n|turn|4\n|c|\u2606pluiebluie|are u fr finna play like this bro?\n|\n|t:|1699352108\n|move|p2a: Gothitelle|Nasty Plot|p2a: Gothitelle\n|-boost|p2a: Gothitelle|spa|2\n|cant|p1a: Garganacl|ability: Truant\n|\n|upkeep\n|turn|5\n|c|\u2606Lady Xion \u2661|Yes\n|c|\u2606pluiebluie|alr\n|\n|t:|1699352126\n|move|p2a: Gothitelle|Protect|p2a: Gothitelle\n|-singleturn|p2a: Gothitelle|Protect\n|move|p1a: Garganacl|Salt Cure|p2a: Gothitelle\n|-activate|p2a: Gothitelle|move: Protect\n|\n|upkeep\n|turn|6\n|\n|t:|1699352132\n|move|p2a: Gothitelle|Nasty Plot|p2a: Gothitelle\n|-boost|p2a: Gothitelle|spa|2\n|cant|p1a: Garganacl|ability: Truant\n|\n|upkeep\n|turn|7\n|\n|t:|1699352137\n|move|p2a: Gothitelle|Protect|p2a: Gothitelle\n|-singleturn|p2a: Gothitelle|Protect\n|move|p1a: Garganacl|Salt Cure|p2a: Gothitelle\n|-activate|p2a: Gothitelle|move: Protect\n|\n|upkeep\n|turn|8\n|\n|t:|1699352144\n|move|p2a: Gothitelle|Nasty Plot|p2a: Gothitelle\n|-boost|p2a: Gothitelle|spa|2\n|cant|p1a: Garganacl|ability: Truant\n|\n|upkeep\n|turn|9\n|\n|t:|1699352149\n|move|p2a: Gothitelle|Protect|p2a: Gothitelle\n|-singleturn|p2a: Gothitelle|Protect\n|move|p1a: Garganacl|Salt Cure|p2a: Gothitelle\n|-activate|p2a: Gothitelle|move: Protect\n|\n|upkeep\n|turn|10\n|c|\u2606pluiebluie|ur doing all this and ur still not gonna win\n|c|\u2606Lady Xion \u2661|:)\n|\n|t:|1699352169\n|move|p2a: Gothitelle|Cosmic Power|p2a: Gothitelle\n|-boost|p2a: Gothitelle|def|1\n|-boost|p2a: Gothitelle|spd|1\n|cant|p1a: Garganacl|ability: Truant\n|\n|upkeep\n|turn|11\n|c|\u2606Lady Xion \u2661|Oh :(\n|\n|t:|1699352180\n|move|p2a: Gothitelle|Protect|p2a: Gothitelle\n|-singleturn|p2a: Gothitelle|Protect\n|move|p1a: Garganacl|Salt Cure|p2a: Gothitelle\n|-activate|p2a: Gothitelle|move: Protect\n|\n|upkeep\n|turn|12\n|\n|t:|1699352187\n|move|p2a: Gothitelle|Cosmic Power|p2a: Gothitelle\n|-boost|p2a: Gothitelle|def|1\n|-boost|p2a: Gothitelle|spd|1\n|cant|p1a: Garganacl|ability: Truant\n|\n|upkeep\n|turn|13\n|\n|t:|1699352194\n|move|p2a: Gothitelle|Protect|p2a: Gothitelle\n|-singleturn|p2a: Gothitelle|Protect\n|move|p1a: Garganacl|Salt Cure|p2a: Gothitelle\n|-activate|p2a: Gothitelle|move: Protect\n|\n|upkeep\n|turn|14\n|\n|t:|1699352204\n|-terastallize|p1a: Garganacl|Rock\n|move|p2a: Gothitelle|Cosmic Power|p2a: Gothitelle\n|-boost|p2a: Gothitelle|def|1\n|-boost|p2a: Gothitelle|spd|1\n|cant|p1a: Garganacl|ability: Truant\n|\n|upkeep\n|turn|15\n|\n|t:|1699352211\n|move|p2a: Gothitelle|Protect|p2a: Gothitelle\n|-singleturn|p2a: Gothitelle|Protect\n|move|p1a: Garganacl|Salt Cure|p2a: Gothitelle\n|-activate|p2a: Gothitelle|move: Protect\n|\n|upkeep\n|turn|16\n|\n|t:|1699352218\n|move|p2a: Gothitelle|Cosmic Power|p2a: Gothitelle\n|-boost|p2a: Gothitelle|def|1\n|-boost|p2a: Gothitelle|spd|1\n|cant|p1a: Garganacl|ability: Truant\n|\n|upkeep\n|turn|17\n|\n|t:|1699352223\n|move|p2a: Gothitelle|Protect|p2a: Gothitelle\n|-singleturn|p2a: Gothitelle|Protect\n|move|p1a: Garganacl|Salt Cure|p2a: Gothitelle\n|-activate|p2a: Gothitelle|move: Protect\n|\n|upkeep\n|turn|18\n|\n|t:|1699352234\n|move|p2a: Gothitelle|Cosmic Power|p2a: Gothitelle\n|-boost|p2a: Gothitelle|def|1\n|-boost|p2a: Gothitelle|spd|1\n|cant|p1a: Garganacl|ability: Truant\n|\n|upkeep\n|turn|19\n|\n|t:|1699352242\n|move|p2a: Gothitelle|Protect|p2a: Gothitelle\n|-singleturn|p2a: Gothitelle|Protect\n|move|p1a: Garganacl|Salt Cure|p2a: Gothitelle\n|-activate|p2a: Gothitelle|move: Protect\n|\n|upkeep\n|turn|20\n|\n|t:|1699352249\n|move|p2a: Gothitelle|Cosmic Power|p2a: Gothitelle\n|-boost|p2a: Gothitelle|def|1\n|-boost|p2a: Gothitelle|spd|1\n|cant|p1a: Garganacl|ability: Truant\n|\n|upkeep\n|turn|21\n|c|\u2606pluiebluie|there u go\n|\n|t:|1699352266\n|move|p2a: Gothitelle|Protect|p2a: Gothitelle\n|-singleturn|p2a: Gothitelle|Protect\n|move|p1a: Garganacl|Salt Cure|p2a: Gothitelle\n|-activate|p2a: Gothitelle|move: Protect\n|\n|upkeep\n|turn|22\n|\n|t:|1699352272\n|move|p2a: Gothitelle|Stored Power|p1a: Garganacl\n|-damage|p1a: Garganacl|0 fnt\n|faint|p1a: Garganacl\n|\n|upkeep\n|\n|t:|1699352277\n|switch|p1a: Ditto|Ditto|100\/100\n|-transform|p1a: Ditto|p2a: Gothitelle|[from] ability: Imposter\n|turn|23\n|c|\u2606pluiebluie|lol\n|\n|t:|1699352287\n|move|p1a: Ditto|Stored Power|p2a: Gothitelle\n|-resisted|p2a: Gothitelle\n|-damage|p2a: Gothitelle|17\/100\n|move|p2a: Gothitelle|Stored Power|p1a: Ditto\n|-resisted|p1a: Ditto\n|-damage|p1a: Ditto|25\/100\n|\n|-heal|p2a: Gothitelle|23\/100|[from] item: Leftovers\n|upkeep\n|turn|24\n|\n|t:|1699352295\n|move|p1a: Ditto|Stored Power|p2a: Gothitelle\n|-resisted|p2a: Gothitelle\n|-damage|p2a: Gothitelle|0 fnt\n|faint|p2a: Gothitelle\n|\n|upkeep\n|\n|t:|1699352300\n|switch|p2a: Magearna|Magearna|100\/100\n|turn|25\n|c|\u2606pluiebluie|big L\n|c|\u2606Lady Xion \u2661|:(\n|c|\u2606pluiebluie|u did all that just for me to go into ditto\n|\n|t:|1699352314\n|move|p2a: Magearna|Calm Mind|p2a: Magearna\n|-boost|p2a: Magearna|spa|1\n|-boost|p2a: Magearna|spd|1\n|move|p1a: Ditto|Stored Power|p2a: Magearna\n|-resisted|p2a: Magearna\n|-damage|p2a: Magearna|0 fnt\n|faint|p2a: Magearna\n|\n|upkeep\n|\n|t:|1699352321\n|switch|p2a: Durant|Durant, M|100\/100\n|turn|26\n|c|\u2606pluiebluie|LOL\n|\n|t:|1699352326\n|move|p2a: Durant|First Impression|p1a: Ditto\n|-supereffective|p1a: Ditto\n|-damage|p1a: Ditto|6\/100\n|move|p1a: Ditto|Stored Power|p2a: Durant\n|-resisted|p2a: Durant\n|-damage|p2a: Durant|0 fnt\n|faint|p2a: Durant\n|\n|win|pluiebluie\n|raw|pluiebluie's rating: 1065 &rarr; <strong>1106<\/strong><br \/>(+41 for winning)\n|raw|Lady Xion \u2661's rating: 1197 &rarr; <strong>1163<\/strong><br \/>(-34 for losing)\n|c|\u2606pluiebluie|L\n|c|\u2606pluiebluie|L\n|c|\u2606pluiebluie|L\n|c|\u2606pluiebluie|l\n|c|\u2606pluiebluie|l\n|c|\u2606pluiebluie|l\n|c|\u2606pluiebluie|l\n|c|\u2606pluiebluie|L\n","uploadtime":1699352339,"views":7,"p1id":"pluiebluie","p2id":"ladyxion","formatid":"gen9nationaldexubers","rating":1106,"private":0,"password":""}