{"id":"gen9nationaldexubers-1981244943","p1":"Drew Ekstrum","p2":"Meowtimez","format":"[Gen 9] National Dex Ubers","log":"|j|\u2606Drew Ekstrum\n|j|\u2606Meowtimez\n|t:|1698875872\n|gametype|singles\n|player|p1|Drew Ekstrum|1|\n|player|p2|Meowtimez|n|\n|teamsize|p1|6\n|teamsize|p2|6\n|gen|9\n|tier|[Gen 9] National Dex Ubers\n|rule|HP Percentage Mod: HP is shown in percentages\n|rule|Endless Battle Clause: Forcing endless battles is banned\n|rule|OHKO Clause: OHKO moves are banned\n|rule|Evasion Moves Clause: Evasion moves are banned\n|rule|Evasion Items Clause: Evasion items are banned\n|rule|Species Clause: Limit one of each Pok\u00e9mon\n|rule|Sleep Clause Mod: Limit one foe put to sleep\n|rule|Mega Rayquaza Clause: You cannot mega evolve Rayquaza\n|clearpoke\n|poke|p1|Salamence, F|\n|poke|p1|Blissey, F|\n|poke|p1|Chansey, F|\n|poke|p1|Wobbuffet, M|\n|poke|p1|Lapras, M|\n|poke|p1|Froslass, F|\n|poke|p2|Lucario, F|\n|poke|p2|Probopass, F|\n|poke|p2|Crobat, M|\n|poke|p2|Ursaring, M|\n|poke|p2|Farigiraf, F|\n|poke|p2|Porygon-Z|\n|teampreview\n|\n|t:|1698875910\n|start\n|switch|p1a: Froslass|Froslass, F|100\/100\n|switch|p2a: Ursaring|Ursaring, M|100\/100\n|turn|1\n|\n|t:|1698875921\n|move|p1a: Froslass|Ice Beam|p2a: Ursaring\n|-damage|p2a: Ursaring|64\/100\n|move|p2a: Ursaring|Hone Claws|p2a: Ursaring\n|-boost|p2a: Ursaring|atk|1\n|-boost|p2a: Ursaring|accuracy|1\n|\n|-status|p2a: Ursaring|brn|[from] item: Flame Orb\n|upkeep\n|turn|2\n|\n|t:|1698875935\n|move|p1a: Froslass|Ice Beam|p2a: Ursaring\n|-damage|p2a: Ursaring|25\/100 brn\n|move|p2a: Ursaring|Earthquake|p1a: Froslass\n|-damage|p1a: Froslass|0 fnt\n|faint|p1a: Froslass\n|\n|-damage|p2a: Ursaring|19\/100 brn|[from] brn\n|upkeep\n|\n|t:|1698875950\n|switch|p1a: Lapras|Lapras, M|100\/100\n|turn|3\n|\n|t:|1698875955\n|move|p1a: Lapras|Freeze-Dry|p2a: Ursaring\n|-damage|p2a: Ursaring|0 fnt\n|faint|p2a: Ursaring\n|\n|upkeep\n|\n|t:|1698875972\n|switch|p2a: Lucario|Lucario, F|100\/100\n|turn|4\n|\n|t:|1698875978\n|move|p2a: Lucario|Flash Cannon|p1a: Lapras\n|-damage|p1a: Lapras|84\/100\n|move|p1a: Lapras|Perish Song|p1a: Lapras\n|-start|p1a: Lapras|perish3|[silent]\n|-start|p2a: Lucario|perish3|[silent]\n|-fieldactivate|move: Perish Song\n|\n|-heal|p1a: Lapras|90\/100|[from] item: Leftovers\n|-start|p2a: Lucario|perish3\n|-start|p1a: Lapras|perish3\n|upkeep\n|turn|5\n|\n|t:|1698875996\n|move|p2a: Lucario|Drain Punch|p1a: Lapras\n|-supereffective|p1a: Lapras\n|-damage|p1a: Lapras|30\/100\n|move|p1a: Lapras|Hydro Pump|p2a: Lucario\n|-damage|p2a: Lucario|47\/100\n|\n|-heal|p2a: Lucario|53\/100|[from] item: Leftovers\n|-heal|p1a: Lapras|37\/100|[from] item: Leftovers\n|-start|p2a: Lucario|perish2\n|-start|p1a: Lapras|perish2\n|upkeep\n|turn|6\n|\n|t:|1698876009\n|move|p1a: Lapras|Protect|p1a: Lapras\n|-singleturn|p1a: Lapras|Protect\n|move|p2a: Lucario|Drain Punch|p1a: Lapras\n|-activate|p1a: Lapras|move: Protect\n|\n|-heal|p2a: Lucario|59\/100|[from] item: Leftovers\n|-heal|p1a: Lapras|43\/100|[from] item: Leftovers\n|-start|p2a: Lucario|perish1\n|-start|p1a: Lapras|perish1\n|upkeep\n|turn|7\n|\n|t:|1698876032\n|switch|p2a: Farigiraf|Farigiraf, F|100\/100\n|switch|p1a: Salamence|Salamence, F|100\/100\n|\n|upkeep\n|turn|8\n|\n|t:|1698876047\n|move|p1a: Salamence|Dragon Dance|p1a: Salamence\n|-boost|p1a: Salamence|atk|1\n|-boost|p1a: Salamence|spe|1\n|move|p2a: Farigiraf|Dazzling Gleam|p1a: Salamence\n|-supereffective|p1a: Salamence\n|-damage|p1a: Salamence|30\/100\n|\n|upkeep\n|turn|9\n|\n|t:|1698876060\n|move|p1a: Salamence|Dual Wingbeat|p2a: Farigiraf\n|-damage|p2a: Farigiraf|62\/100\n|-damage|p2a: Farigiraf|28\/100\n|-enditem|p2a: Farigiraf|Sitrus Berry|[eat]\n|-heal|p2a: Farigiraf|53\/100|[from] item: Sitrus Berry\n|-hitcount|p2a: Farigiraf|2\n|move|p2a: Farigiraf|Dazzling Gleam|p1a: Salamence\n|-supereffective|p1a: Salamence\n|-damage|p1a: Salamence|0 fnt\n|faint|p1a: Salamence\n|\n|upkeep\n|\n|t:|1698876070\n|switch|p1a: Lapras|Lapras, M|43\/100\n|turn|10\n|\n|t:|1698876076\n|move|p1a: Lapras|Hydro Pump|p2a: Farigiraf\n|-damage|p2a: Farigiraf|21\/100\n|move|p2a: Farigiraf|Calm Mind|p2a: Farigiraf\n|-boost|p2a: Farigiraf|spa|1\n|-boost|p2a: Farigiraf|spd|1\n|\n|-heal|p1a: Lapras|49\/100|[from] item: Leftovers\n|-activate|p2a: Farigiraf|ability: Cud Chew\n|-enditem|p2a: Farigiraf|Sitrus Berry|[eat]\n|-heal|p2a: Farigiraf|46\/100|[from] item: Sitrus Berry\n|upkeep\n|turn|11\n|\n|t:|1698876092\n|move|p1a: Lapras|Perish Song|p1a: Lapras\n|-start|p1a: Lapras|perish3|[silent]\n|-start|p2a: Farigiraf|perish3|[silent]\n|-fieldactivate|move: Perish Song\n|move|p2a: Farigiraf|Psychic|p1a: Lapras\n|-damage|p1a: Lapras|14\/100\n|\n|-heal|p1a: Lapras|20\/100|[from] item: Leftovers\n|-start|p1a: Lapras|perish3\n|-start|p2a: Farigiraf|perish3\n|upkeep\n|turn|12\n|\n|t:|1698876105\n|move|p1a: Lapras|Perish Song||[still]\n|-fail|p1a: Lapras\n|move|p2a: Farigiraf|Calm Mind|p2a: Farigiraf\n|-boost|p2a: Farigiraf|spa|1\n|-boost|p2a: Farigiraf|spd|1\n|\n|-heal|p1a: Lapras|26\/100|[from] item: Leftovers\n|-start|p1a: Lapras|perish2\n|-start|p2a: Farigiraf|perish2\n|upkeep\n|turn|13\n|\n|t:|1698876119\n|switch|p2a: Porygon-Z|Porygon-Z|100\/100\n|move|p1a: Lapras|Hydro Pump|p2a: Porygon-Z\n|-damage|p2a: Porygon-Z|57\/100\n|\n|-heal|p1a: Lapras|32\/100|[from] item: Leftovers\n|-start|p1a: Lapras|perish1\n|upkeep\n|turn|14\n|\n|t:|1698876131\n|switch|p1a: Chansey|Chansey, F|100\/100\n|move|p2a: Porygon-Z|Nasty Plot|p2a: Porygon-Z\n|-boost|p2a: Porygon-Z|spa|2\n|\n|upkeep\n|turn|15\n|\n|t:|1698876142\n|move|p2a: Porygon-Z|Tri Attack|p1a: Chansey\n|-damage|p1a: Chansey|68\/100\n|move|p1a: Chansey|Toxic|p2a: Porygon-Z\n|-status|p2a: Porygon-Z|tox\n|\n|-damage|p2a: Porygon-Z|51\/100 tox|[from] psn\n|upkeep\n|turn|16\n|\n|t:|1698876151\n|move|p2a: Porygon-Z|Recover|p2a: Porygon-Z\n|-heal|p2a: Porygon-Z|100\/100 tox\n|move|p1a: Chansey|Wish|p1a: Chansey\n|\n|-damage|p2a: Porygon-Z|88\/100 tox|[from] psn\n|upkeep\n|turn|17\n|\n|t:|1698876162\n|move|p2a: Porygon-Z|Last Resort|p1a: Chansey\n|-damage|p1a: Chansey|31\/100\n|move|p1a: Chansey|Seismic Toss|p2a: Porygon-Z\n|-damage|p2a: Porygon-Z|56\/100 tox\n|\n|-heal|p1a: Chansey|80\/100|[from] move: Wish|[wisher] Chansey\n|-damage|p2a: Porygon-Z|38\/100 tox|[from] psn\n|upkeep\n|turn|18\n|\n|t:|1698876172\n|move|p2a: Porygon-Z|Recover|p2a: Porygon-Z\n|-heal|p2a: Porygon-Z|88\/100 tox\n|move|p1a: Chansey|Wish|p1a: Chansey\n|\n|-damage|p2a: Porygon-Z|64\/100 tox|[from] psn\n|upkeep\n|turn|19\n|\n|t:|1698876182\n|move|p2a: Porygon-Z|Tri Attack|p1a: Chansey\n|-damage|p1a: Chansey|46\/100\n|move|p1a: Chansey|Seismic Toss|p2a: Porygon-Z\n|-damage|p2a: Porygon-Z|31\/100 tox\n|\n|-heal|p1a: Chansey|96\/100|[from] move: Wish|[wisher] Chansey\n|-damage|p2a: Porygon-Z|1\/100 tox|[from] psn\n|upkeep\n|turn|20\n|\n|t:|1698876195\n|move|p2a: Porygon-Z|Recover|p2a: Porygon-Z\n|-heal|p2a: Porygon-Z|51\/100 tox\n|move|p1a: Chansey|Soft-Boiled|p1a: Chansey\n|-heal|p1a: Chansey|100\/100\n|\n|-damage|p2a: Porygon-Z|14\/100 tox|[from] psn\n|upkeep\n|turn|21\n|\n|t:|1698876204\n|move|p2a: Porygon-Z|Recover|p2a: Porygon-Z\n|-heal|p2a: Porygon-Z|64\/100 tox\n|move|p1a: Chansey|Wish|p1a: Chansey\n|\n|-damage|p2a: Porygon-Z|22\/100 tox|[from] psn\n|upkeep\n|turn|22\n|\n|t:|1698876211\n|move|p2a: Porygon-Z|Recover|p2a: Porygon-Z\n|-heal|p2a: Porygon-Z|72\/100 tox\n|move|p1a: Chansey|Seismic Toss|p2a: Porygon-Z\n|-damage|p2a: Porygon-Z|40\/100 tox\n|\n|-damage|p2a: Porygon-Z|0 fnt|[from] psn\n|faint|p2a: Porygon-Z\n|upkeep\n|\n|t:|1698876220\n|switch|p2a: Crobat|Crobat, M|100\/100\n|turn|23\n|\n|t:|1698876227\n|move|p2a: Crobat|Air Slash|p1a: Chansey\n|-damage|p1a: Chansey|95\/100\n|move|p1a: Chansey|Seismic Toss|p2a: Crobat\n|-damage|p2a: Crobat|68\/100\n|\n|-heal|p2a: Crobat|74\/100|[from] item: Black Sludge\n|upkeep\n|turn|24\n|\n|t:|1698876237\n|move|p2a: Crobat|Cross Poison|p1a: Chansey\n|-damage|p1a: Chansey|76\/100\n|move|p1a: Chansey|Seismic Toss|p2a: Crobat\n|-damage|p2a: Crobat|42\/100\n|\n|-heal|p2a: Crobat|48\/100|[from] item: Black Sludge\n|upkeep\n|turn|25\n|\n|t:|1698876248\n|move|p2a: Crobat|Cross Poison|p1a: Chansey\n|-damage|p1a: Chansey|57\/100\n|move|p1a: Chansey|Wish|p1a: Chansey\n|\n|-heal|p2a: Crobat|55\/100|[from] item: Black Sludge\n|upkeep\n|turn|26\n|\n|t:|1698876255\n|move|p2a: Crobat|Cross Poison|p1a: Chansey\n|-damage|p1a: Chansey|40\/100\n|move|p1a: Chansey|Seismic Toss|p2a: Crobat\n|-damage|p2a: Crobat|22\/100\n|\n|-heal|p1a: Chansey|90\/100|[from] move: Wish|[wisher] Chansey\n|-heal|p2a: Crobat|28\/100|[from] item: Black Sludge\n|upkeep\n|turn|27\n|\n|t:|1698876267\n|move|p2a: Crobat|Cross Poison|p1a: Chansey\n|-damage|p1a: Chansey|72\/100\n|-status|p1a: Chansey|psn\n|move|p1a: Chansey|Seismic Toss|p2a: Crobat\n|-damage|p2a: Crobat|0 fnt\n|faint|p2a: Crobat\n|\n|-damage|p1a: Chansey|59\/100 psn|[from] psn\n|upkeep\n|\n|t:|1698876278\n|switch|p2a: Lucario|Lucario, F|59\/100\n|turn|28\n|\n|t:|1698876282\n|-curestatus|p1a: Chansey|psn|[from] ability: Natural Cure\n|switch|p1a: Lapras|Lapras, M|32\/100\n|move|p2a: Lucario|Drain Punch|p1a: Lapras\n|-supereffective|p1a: Lapras\n|-damage|p1a: Lapras|0 fnt\n|-heal|p2a: Lucario|85\/100|[from] drain|[of] p1a: Lapras\n|faint|p1a: Lapras\n|\n|-heal|p2a: Lucario|91\/100|[from] item: Leftovers\n|upkeep\n|\n|t:|1698876288\n|switch|p1a: Wobbuffet|Wobbuffet, M|100\/100\n|turn|29\n|\n|t:|1698876311\n|move|p2a: Lucario|Flash Cannon|p1a: Wobbuffet\n|-crit|p1a: Wobbuffet\n|-damage|p1a: Wobbuffet|73\/100\n|move|p1a: Wobbuffet|Encore|p2a: Lucario\n|-start|p2a: Lucario|Encore\n|\n|-heal|p2a: Lucario|97\/100|[from] item: Leftovers\n|upkeep\n|turn|30\n|\n|t:|1698876319\n|move|p2a: Lucario|Flash Cannon|p1a: Wobbuffet\n|-damage|p1a: Wobbuffet|54\/100\n|move|p1a: Wobbuffet|Mirror Coat|p2a: Lucario\n|-damage|p2a: Lucario|16\/100\n|\n|-heal|p2a: Lucario|22\/100|[from] item: Leftovers\n|upkeep\n|turn|31\n|\n|t:|1698876331\n|move|p2a: Lucario|Flash Cannon|p1a: Wobbuffet\n|-damage|p1a: Wobbuffet|36\/100\n|move|p1a: Wobbuffet|Mirror Coat|p2a: Lucario\n|-damage|p2a: Lucario|0 fnt\n|faint|p2a: Lucario\n|\n|upkeep\n|\n|t:|1698876346\n|switch|p2a: Probopass|Probopass, F|100\/100\n|turn|32\n|\n|t:|1698876352\n|move|p2a: Probopass|Heavy Slam|p1a: Wobbuffet\n|-damage|p1a: Wobbuffet|12\/100\n|move|p1a: Wobbuffet|Destiny Bond|p1a: Wobbuffet\n|-singlemove|p1a: Wobbuffet|Destiny Bond\n|\n|upkeep\n|turn|33\n|\n|t:|1698876385\n|move|p2a: Probopass|Iron Head|p1a: Wobbuffet\n|-damage|p1a: Wobbuffet|0 fnt\n|faint|p1a: Wobbuffet\n|-activate|p1a: Wobbuffet|move: Destiny Bond\n|faint|p2a: Probopass\n|\n|upkeep\n|\n|t:|1698876391\n|switch|p2a: Farigiraf|Farigiraf, F|46\/100\n|switch|p1a: Chansey|Chansey, F|59\/100\n|turn|34\n|\n|t:|1698876401\n|move|p2a: Farigiraf|Body Slam|p1a: Chansey\n|-damage|p1a: Chansey|40\/100\n|move|p1a: Chansey|Toxic|p2a: Farigiraf\n|-status|p2a: Farigiraf|tox\n|\n|-damage|p2a: Farigiraf|40\/100 tox|[from] psn\n|upkeep\n|turn|35\n|\n|t:|1698876411\n|move|p2a: Farigiraf|Body Slam|p1a: Chansey\n|-damage|p1a: Chansey|23\/100\n|move|p1a: Chansey|Soft-Boiled|p1a: Chansey\n|-heal|p1a: Chansey|73\/100\n|\n|-damage|p2a: Farigiraf|28\/100 tox|[from] psn\n|upkeep\n|turn|36\n|\n|t:|1698876420\n|move|p2a: Farigiraf|Body Slam|p1a: Chansey\n|-damage|p1a: Chansey|55\/100\n|move|p1a: Chansey|Seismic Toss|p2a: Farigiraf\n|-damage|p2a: Farigiraf|5\/100 tox\n|\n|-damage|p2a: Farigiraf|0 fnt|[from] psn\n|faint|p2a: Farigiraf\n|\n|win|Drew Ekstrum\n|upkeep\n|c|\u2606Drew Ekstrum|gg\n","uploadtime":1698876429,"views":44,"p1id":"drewekstrum","p2id":"meowtimez","formatid":"gen9nationaldexubers","rating":0,"private":0,"password":""}