{"id":"gen9nationaldexubers-1997516635","p1":"hghmfhvghvmj","p2":"Elixsmokezzdem","format":"[Gen 9] National Dex Ubers","log":"|j|\u2606hghmfhvghvmj\n|j|\u2606Elixsmokezzdem\n|t:|1700818767\n|gametype|singles\n|player|p1|hghmfhvghvmj|brycenman|1067\n|player|p2|Elixsmokezzdem|youngcouple|1171\n|teamsize|p1|6\n|teamsize|p2|6\n|gen|9\n|tier|[Gen 9] National Dex Ubers\n|rated|\n|rule|HP Percentage Mod: HP is shown in percentages\n|rule|Endless Battle Clause: Forcing endless battles is banned\n|rule|OHKO Clause: OHKO moves are banned\n|rule|Evasion Moves Clause: Evasion moves are banned\n|rule|Evasion Items Clause: Evasion items are banned\n|rule|Species Clause: Limit one of each Pok\u00e9mon\n|rule|Sleep Clause Mod: Limit one foe put to sleep\n|rule|Mega Rayquaza Clause: You cannot mega evolve Rayquaza\n|clearpoke\n|poke|p1|Kyurem-Black|\n|poke|p1|Palkia-Origin|\n|poke|p1|Groudon|\n|poke|p1|Annihilape, F|\n|poke|p1|Arceus-Electric|\n|poke|p1|Shaymin-Sky|\n|poke|p2|Calyrex-Ice|\n|poke|p2|Palkia|\n|poke|p2|Dusclops, F|\n|poke|p2|Incineroar, F|\n|poke|p2|Magnezone|\n|poke|p2|Chansey, F|\n|teampreview\n|l|\u2606Elixsmokezzdem\n|player|p2|\n|j|\u2606Elixsmokezzdem\n|player|p2|Elixsmokezzdem|youngcouple\n|\n|t:|1700818788\n|start\n|switch|p1a: Palkia|Palkia-Origin|100\/100\n|switch|p2a: Incineroar|Incineroar, F, shiny|100\/100\n|-ability|p1a: Palkia|Pressure\n|-ability|p2a: Incineroar|Intimidate|boost\n|-unboost|p1a: Palkia|atk|1\n|turn|1\n|\n|t:|1700818804\n|move|p2a: Incineroar|Fake Out|p1a: Palkia\n|-damage|p1a: Palkia|91\/100\n|cant|p1a: Palkia|flinch\n|\n|upkeep\n|turn|2\n|\n|t:|1700818811\n|move|p1a: Palkia|Aura Sphere|p2a: Incineroar\n|-supereffective|p2a: Incineroar\n|-damage|p2a: Incineroar|38\/100\n|move|p2a: Incineroar|Parting Shot|p1a: Palkia\n|-unboost|p1a: Palkia|atk|1\n|-unboost|p1a: Palkia|spa|1\n|\n|t:|1700818817\n|switch|p2a: Calyrex|Calyrex-Ice|100\/100|[from] Parting Shot\n|-ability|p2a: Calyrex|As One\n|-ability|p2a: Calyrex|Unnerve\n|\n|upkeep\n|turn|3\n|\n|t:|1700818826\n|switch|p1a: Groudon|Groudon|100\/100\n|detailschange|p1a: Groudon|Groudon-Primal\n|-primal|p1a: Groudon|Red Orb\n|-weather|DesolateLand|[from] ability: Desolate Land|[of] p1a: Groudon\n|move|p2a: Calyrex|Trick Room|p2a: Calyrex\n|-fieldstart|move: Trick Room|[of] p2a: Calyrex\n|\n|-weather|DesolateLand|[upkeep]\n|upkeep\n|turn|4\n|\n|t:|1700818856\n|switch|p2a: Palkia|Palkia, shiny|100\/100\n|-ability|p2a: Palkia|Pressure\n|move|p1a: Groudon|Counter||[still]\n|-fail|p1a: Groudon\n|\n|-weather|DesolateLand|[upkeep]\n|upkeep\n|turn|5\n|\n|t:|1700818870\n|move|p2a: Palkia|Spacial Rend|p1a: Groudon\n|-damage|p1a: Groudon|18\/100\n|move|p1a: Groudon|Stealth Rock|p2a: Palkia\n|-sidestart|p2: Elixsmokezzdem|move: Stealth Rock\n|\n|-weather|DesolateLand|[upkeep]\n|upkeep\n|turn|6\n|\n|t:|1700818877\n|-weather|none\n|switch|p1a: Annihilape|Annihilape, F|100\/100\n|move|p2a: Palkia|Spacial Rend|p1a: Annihilape\n|-damage|p1a: Annihilape|49\/100\n|\n|-heal|p1a: Annihilape|55\/100|[from] item: Leftovers\n|upkeep\n|turn|7\n|\n|t:|1700818897\n|-terastallize|p2a: Palkia|Dragon\n|-terastallize|p1a: Annihilape|Fairy\n|move|p2a: Palkia|Spacial Rend|p1a: Annihilape\n|-immune|p1a: Annihilape\n|move|p1a: Annihilape|Bulk Up|p1a: Annihilape\n|-boost|p1a: Annihilape|atk|1\n|-boost|p1a: Annihilape|def|1\n|\n|-heal|p1a: Annihilape|62\/100|[from] item: Leftovers\n|-fieldend|move: Trick Room\n|upkeep\n|turn|8\n|\n|t:|1700818922\n|switch|p2a: Incineroar|Incineroar, F, shiny|38\/100\n|-damage|p2a: Incineroar|13\/100|[from] Stealth Rock\n|-ability|p2a: Incineroar|Intimidate|boost\n|-unboost|p1a: Annihilape|atk|1\n|-ability|p1a: Annihilape|Defiant|boost\n|-boost|p1a: Annihilape|atk|2\n|move|p1a: Annihilape|Rage Fist|p2a: Incineroar\n|-resisted|p2a: Incineroar\n|-damage|p2a: Incineroar|0 fnt\n|faint|p2a: Incineroar\n|\n|-heal|p1a: Annihilape|68\/100|[from] item: Leftovers\n|upkeep\n|\n|t:|1700818934\n|switch|p2a: Dusclops|Dusclops, F, shiny|100\/100\n|-damage|p2a: Dusclops|88\/100|[from] Stealth Rock\n|-item|p1a: Annihilape|Leftovers|[from] ability: Frisk|[of] p2a: Dusclops|[identify]\n|turn|9\n|\n|t:|1700818940\n|move|p1a: Annihilape|Rage Fist|p2a: Dusclops\n|-supereffective|p2a: Dusclops\n|-damage|p2a: Dusclops|0 fnt\n|faint|p2a: Dusclops\n|\n|-heal|p1a: Annihilape|74\/100|[from] item: Leftovers\n|upkeep\n|\n|t:|1700818955\n|switch|p2a: Palkia|Palkia, shiny, tera:Dragon|100\/100\n|-damage|p2a: Palkia|88\/100|[from] Stealth Rock\n|-ability|p2a: Palkia|Pressure\n|turn|10\n|\n|t:|1700818961\n|move|p1a: Annihilape|Rage Fist|p2a: Palkia\n|-damage|p2a: Palkia|7\/100\n|move|p2a: Palkia|Surf|p1a: Annihilape\n|-damage|p1a: Annihilape|26\/100\n|\n|-heal|p1a: Annihilape|32\/100|[from] item: Leftovers\n|upkeep\n|turn|11\n|-message|Elixsmokezzdem forfeited.\n|\n|win|hghmfhvghvmj\n|raw|hghmfhvghvmj's rating: 1067 &rarr; <strong>1106<\/strong><br \/>(+39 for winning)\n|raw|Elixsmokezzdem's rating: 1171 &rarr; <strong>1139<\/strong><br \/>(-32 for losing)\n|l|\u2606Elixsmokezzdem\n","uploadtime":1700818973,"views":4,"p1id":"hghmfhvghvmj","p2id":"elixsmokezzdem","formatid":"gen9nationaldexubers","rating":1106,"private":0,"password":""}