{"id":"gen9nationaldexubers-1989893669","p1":"loling-man","p2":"icybro12","format":"[Gen 9] National Dex Ubers","log":"|j|\u2606loling-man\n|j|\u2606icybro12\n|t:|1699904544\n|gametype|singles\n|player|p1|loling-man|unknown|1324\n|player|p2|icybro12|psychic|1336\n|teamsize|p1|6\n|teamsize|p2|6\n|gen|9\n|tier|[Gen 9] National Dex Ubers\n|rated|\n|rule|HP Percentage Mod: HP is shown in percentages\n|rule|Endless Battle Clause: Forcing endless battles is banned\n|rule|OHKO Clause: OHKO moves are banned\n|rule|Evasion Moves Clause: Evasion moves are banned\n|rule|Evasion Items Clause: Evasion items are banned\n|rule|Species Clause: Limit one of each Pok\u00e9mon\n|rule|Sleep Clause Mod: Limit one foe put to sleep\n|rule|Mega Rayquaza Clause: You cannot mega evolve Rayquaza\n|clearpoke\n|poke|p1|Glalie, F|\n|poke|p1|Scovillain, F|\n|poke|p1|Bibarel, M|\n|poke|p1|Smeargle, M|\n|poke|p1|Octillery, M|\n|poke|p1|Glimmora, M|\n|poke|p2|Mewtwo|\n|poke|p2|Tapu Lele|\n|poke|p2|Buzzwole|\n|poke|p2|Kyurem-White|\n|poke|p2|Necrozma-Dusk-Mane|\n|poke|p2|Yveltal|\n|teampreview\n|inactive|Battle timer is ON: inactive players will automatically lose when time's up. (requested by loling-man)\n|\n|t:|1699904559\n|start\n|switch|p1a: Glimmora|Glimmora, M|100\/100\n|switch|p2a: Yveltal|Yveltal|100\/100\n|-ability|p2a: Yveltal|Dark Aura\n|turn|1\n|c|\u2606loling-man|j'voulais juste briller ......\n|\n|t:|1699904565\n|move|p2a: Yveltal|Sucker Punch||[still]\n|-fail|p2a: Yveltal\n|move|p1a: Glimmora|Stealth Rock|p2a: Yveltal\n|-sidestart|p2: icybro12|move: Stealth Rock\n|\n|upkeep\n|turn|2\n|inactive|icybro12 has 120 seconds left.\n|c|\u2606icybro12|d\u00e9sol\u00e9 mais cette \u00e9quipe doit \u00eatre injuste\n|\n|t:|1699904601\n|move|p1a: Glimmora|Power Gem|p2a: Yveltal\n|-supereffective|p2a: Yveltal\n|-damage|p2a: Yveltal|49\/100\n|move|p2a: Yveltal|Defog|p1a: Glimmora\n|-unboost|p1a: Glimmora|evasion|1\n|-sideend|p2: icybro12|Stealth Rock|[from] move: Defog|[of] p2a: Yveltal\n|\n|-heal|p2a: Yveltal|55\/100|[from] item: Leftovers\n|upkeep\n|turn|3\n|c|\u2606loling-man|oh francais\n|\n|t:|1699904609\n|move|p1a: Glimmora|Stealth Rock|p2a: Yveltal\n|-sidestart|p2: icybro12|move: Stealth Rock\n|move|p2a: Yveltal|Roost|p2a: Yveltal\n|-heal|p2a: Yveltal|100\/100\n|-singleturn|p2a: Yveltal|move: Roost\n|\n|upkeep\n|turn|4\n|inactive|icybro12 has 120 seconds left.\n|c|\u2606icybro12|un peu un peu\n|\n|t:|1699904626\n|move|p1a: Glimmora|Power Gem|p2a: Yveltal\n|-supereffective|p2a: Yveltal\n|-damage|p2a: Yveltal|43\/100\n|move|p2a: Yveltal|Taunt|p1a: Glimmora\n|-start|p1a: Glimmora|move: Taunt\n|\n|-heal|p2a: Yveltal|49\/100|[from] item: Leftovers\n|upkeep\n|turn|5\n|\n|t:|1699904630\n|move|p2a: Yveltal|Sucker Punch|p1a: Glimmora\n|-damage|p1a: Glimmora|49\/100\n|-activate|p1a: Glimmora|ability: Toxic Debris\n|-sidestart|p2: icybro12|move: Toxic Spikes\n|move|p1a: Glimmora|Power Gem|p2a: Yveltal\n|-supereffective|p2a: Yveltal\n|-damage|p2a: Yveltal|0 fnt\n|faint|p2a: Yveltal\n|\n|upkeep\n|\n|t:|1699904635\n|switch|p2a: Necrozma|Necrozma-Dusk-Mane|100\/100\n|-damage|p2a: Necrozma|95\/100|[from] Stealth Rock\n|turn|6\n|j| Backrooms_The_City\n|\n|t:|1699904639\n|move|p1a: Glimmora|Power Gem|p2a: Necrozma\n|-resisted|p2a: Necrozma\n|-damage|p2a: Necrozma|73\/100\n|move|p2a: Necrozma|Dragon Dance|p2a: Necrozma\n|-boost|p2a: Necrozma|atk|1\n|-boost|p2a: Necrozma|spe|1\n|\n|upkeep\n|turn|7\n|\n|t:|1699904644\n|move|p2a: Necrozma|Dragon Dance|p2a: Necrozma\n|-boost|p2a: Necrozma|atk|1\n|-boost|p2a: Necrozma|spe|1\n|move|p1a: Glimmora|Earth Power|p2a: Necrozma\n|-supereffective|p2a: Necrozma\n|-damage|p2a: Necrozma|20\/100\n|\n|-end|p1a: Glimmora|move: Taunt\n|upkeep\n|turn|8\n|\n|t:|1699904650\n|detailschange|p2a: Necrozma|Necrozma-Ultra\n|-burst|p2a: Necrozma|Necrozma|Ultranecrozium Z\n|move|p2a: Necrozma|Moonlight|p2a: Necrozma\n|-heal|p2a: Necrozma|70\/100\n|move|p1a: Glimmora|Earth Power|p2a: Necrozma\n|-damage|p2a: Necrozma|35\/100\n|\n|upkeep\n|turn|9\n|\n|t:|1699904656\n|move|p2a: Necrozma|Sunsteel Strike|p1a: Glimmora\n|-supereffective|p1a: Glimmora\n|-damage|p1a: Glimmora|0 fnt\n|-activate|p1a: Glimmora|ability: Toxic Debris\n|-sidestart|p2: icybro12|move: Toxic Spikes\n|faint|p1a: Glimmora\n|\n|upkeep\n|\n|t:|1699904667\n|switch|p1a: Glalie|Glalie, F|100\/100\n|turn|10\n|l| Backrooms_The_City\n|\n|t:|1699904673\n|move|p1a: Glalie|Protect|p1a: Glalie\n|-singleturn|p1a: Glalie|Protect\n|move|p2a: Necrozma|Moonlight|p2a: Necrozma\n|-heal|p2a: Necrozma|85\/100\n|\n|-ability|p1a: Glalie|Moody|boost\n|-boost|p1a: Glalie|spd|2\n|-unboost|p1a: Glalie|def|1\n|upkeep\n|turn|11\n|\n|t:|1699904679\n|-zpower|p2a: Necrozma\n|move|p2a: Necrozma|Light That Burns the Sky|p1a: Glalie|[zeffect]\n|-damage|p1a: Glalie|0 fnt\n|faint|p1a: Glalie\n|\n|upkeep\n|\n|t:|1699904682\n|switch|p1a: Octillery|Octillery, M|100\/100\n|turn|12\n|\n|t:|1699904684\n|move|p2a: Necrozma|Photon Geyser|p1a: Octillery\n|-damage|p1a: Octillery|0 fnt\n|faint|p1a: Octillery\n|\n|upkeep\n|\n|t:|1699904691\n|switch|p1a: Scovillain|Scovillain, F|100\/100\n|turn|13\n|c|\u2606icybro12|Je viens du S\u00e9n\u00e9gal, toi ?\n|\n|t:|1699904707\n|move|p1a: Scovillain|Protect|p1a: Scovillain\n|-singleturn|p1a: Scovillain|Protect\n|move|p2a: Necrozma|Photon Geyser|p1a: Scovillain\n|-activate|p1a: Scovillain|move: Protect\n|\n|-ability|p1a: Scovillain|Moody|boost\n|-boost|p1a: Scovillain|atk|2\n|-unboost|p1a: Scovillain|spe|1\n|upkeep\n|turn|14\n|c|\u2606loling-man|france\n|\n|t:|1699904717\n|move|p2a: Necrozma|Photon Geyser|p1a: Scovillain\n|-damage|p1a: Scovillain|0 fnt\n|faint|p1a: Scovillain\n|\n|upkeep\n|-message|loling-man forfeited.\n|\n|win|icybro12\n|raw|loling-man's rating: 1324 &rarr; <strong>1305<\/strong><br \/>(-19 for losing)\n|raw|icybro12's rating: 1336 &rarr; <strong>1355<\/strong><br \/>(+19 for winning)\n|l|\u2606loling-man\n|c|\u2606icybro12|ah\n","uploadtime":1699904737,"views":6,"p1id":"lolingman","p2id":"icybro12","formatid":"gen9nationaldexubers","rating":1305,"private":0,"password":""}