{"id":"gen9nationaldexubers-1992985422","p1":"jgjvg","p2":"T8rguy","format":"[Gen 9] National Dex Ubers","log":"|j|\u2606jgjvg\n|j|\u2606T8rguy\n|t:|1700252820\n|gametype|singles\n|player|p1|jgjvg|veteran|1106\n|player|p2|T8rguy|byron|1159\n|teamsize|p1|6\n|teamsize|p2|6\n|gen|9\n|tier|[Gen 9] National Dex Ubers\n|rated|\n|rule|HP Percentage Mod: HP is shown in percentages\n|rule|Endless Battle Clause: Forcing endless battles is banned\n|rule|OHKO Clause: OHKO moves are banned\n|rule|Evasion Moves Clause: Evasion moves are banned\n|rule|Evasion Items Clause: Evasion items are banned\n|rule|Species Clause: Limit one of each Pok\u00e9mon\n|rule|Sleep Clause Mod: Limit one foe put to sleep\n|rule|Mega Rayquaza Clause: You cannot mega evolve Rayquaza\n|clearpoke\n|poke|p1|Aerodactyl, M|\n|poke|p1|Butterfree, M|\n|poke|p1|Scizor, M|\n|poke|p1|Nosepass, L1, F|\n|poke|p1|Heracross, M|\n|poke|p1|Smeargle, F|\n|poke|p2|Cloyster, F|\n|poke|p2|Polteageist-Antique|\n|poke|p2|Blastoise, F|\n|poke|p2|Minior|\n|poke|p2|Shuckle, M|\n|poke|p2|Omastar, M|\n|teampreview\n|inactive|Battle timer is ON: inactive players will automatically lose when time's up. (requested by T8rguy)\n|c|\u2606T8rguy|gl\n|c|\u2606T8rguy|do you know the theme of my team\n|\n|t:|1700252842\n|start\n|switch|p1a: Aerodactyl|Aerodactyl, M|100\/100\n|switch|p2a: Polteageist|Polteageist-Antique, shiny|100\/100\n|-ability|p1a: Aerodactyl|Unnerve\n|turn|1\n|\n|t:|1700252852\n|move|p1a: Aerodactyl|Taunt|p2a: Polteageist\n|-start|p2a: Polteageist|move: Taunt\n|cant|p2a: Polteageist|move: Taunt|Shell Smash\n|\n|upkeep\n|turn|2\n|c|\u2606T8rguy|aw\n|\n|t:|1700252866\n|move|p1a: Aerodactyl|Stealth Rock|p2a: Polteageist\n|-sidestart|p2: T8rguy|move: Stealth Rock\n|move|p2a: Polteageist|Foul Play|p1a: Aerodactyl\n|-damage|p1a: Aerodactyl|52\/100\n|\n|upkeep\n|turn|3\n|\n|t:|1700252881\n|move|p1a: Aerodactyl|Tailwind|p1a: Aerodactyl\n|-sidestart|p1: jgjvg|move: Tailwind\n|move|p2a: Polteageist|Foul Play|p1a: Aerodactyl\n|-damage|p1a: Aerodactyl|7\/100\n|\n|-end|p2a: Polteageist|move: Taunt\n|upkeep\n|turn|4\n|\n|t:|1700252893\n|move|p1a: Aerodactyl|Taunt|p2a: Polteageist\n|-start|p2a: Polteageist|move: Taunt\n|move|p2a: Polteageist|Foul Play|p1a: Aerodactyl\n|-damage|p1a: Aerodactyl|0 fnt\n|faint|p1a: Aerodactyl\n|\n|upkeep\n|\n|t:|1700252903\n|switch|p1a: Butterfree|Butterfree, M|100\/100\n|turn|5\n|\n|t:|1700252908\n|move|p1a: Butterfree|Sleep Powder|p2a: Polteageist\n|-status|p2a: Polteageist|slp|[from] move: Sleep Powder\n|cant|p2a: Polteageist|slp\n|\n|upkeep\n|turn|6\n|\n|t:|1700252917\n|move|p1a: Butterfree|Substitute|p1a: Butterfree\n|-start|p1a: Butterfree|Substitute\n|-damage|p1a: Butterfree|76\/100\n|cant|p2a: Polteageist|slp\n|\n|-heal|p1a: Butterfree|82\/100|[from] item: Leftovers\n|-end|p2a: Polteageist|move: Taunt\n|-sideend|p1: jgjvg|move: Tailwind\n|upkeep\n|turn|7\n|\n|t:|1700252927\n|move|p1a: Butterfree|Quiver Dance|p1a: Butterfree\n|-boost|p1a: Butterfree|spa|1\n|-boost|p1a: Butterfree|spd|1\n|-boost|p1a: Butterfree|spe|1\n|cant|p2a: Polteageist|slp\n|\n|-heal|p1a: Butterfree|88\/100|[from] item: Leftovers\n|upkeep\n|turn|8\n|\n|t:|1700252937\n|move|p1a: Butterfree|Quiver Dance|p1a: Butterfree\n|-boost|p1a: Butterfree|spa|1\n|-boost|p1a: Butterfree|spd|1\n|-boost|p1a: Butterfree|spe|1\n|-curestatus|p2a: Polteageist|slp|[msg]\n|move|p2a: Polteageist|Shell Smash|p2a: Polteageist\n|-unboost|p2a: Polteageist|def|1\n|-unboost|p2a: Polteageist|spd|1\n|-boost|p2a: Polteageist|atk|2\n|-boost|p2a: Polteageist|spa|2\n|-boost|p2a: Polteageist|spe|2\n|\n|-heal|p1a: Butterfree|94\/100|[from] item: Leftovers\n|upkeep\n|turn|9\n|\n|t:|1700252951\n|-terastallize|p2a: Polteageist|Psychic\n|move|p1a: Butterfree|Hurricane|p2a: Polteageist\n|-enditem|p2a: Polteageist|Focus Sash\n|-damage|p2a: Polteageist|1\/100\n|-start|p2a: Polteageist|confusion\n|-activate|p2a: Polteageist|confusion\n|move|p2a: Polteageist|Stored Power|p1a: Butterfree\n|-end|p1a: Butterfree|Substitute\n|\n|-heal|p1a: Butterfree|99\/100|[from] item: Leftovers\n|upkeep\n|turn|10\n|c|\u2606T8rguy|ow\n|\n|t:|1700252972\n|move|p1a: Butterfree|Hurricane|p2a: Polteageist\n|-damage|p2a: Polteageist|0 fnt\n|faint|p2a: Polteageist\n|\n|-heal|p1a: Butterfree|100\/100|[from] item: Leftovers\n|upkeep\n|\n|t:|1700252980\n|switch|p2a: Shuckle|Shuckle, M|100\/100\n|-damage|p2a: Shuckle|76\/100|[from] Stealth Rock\n|turn|11\n|\n|t:|1700252987\n|move|p1a: Butterfree|Substitute|p1a: Butterfree\n|-start|p1a: Butterfree|Substitute\n|-damage|p1a: Butterfree|76\/100\n|move|p2a: Shuckle|Shell Smash|p2a: Shuckle\n|-unboost|p2a: Shuckle|def|1\n|-unboost|p2a: Shuckle|spd|1\n|-boost|p2a: Shuckle|atk|2\n|-boost|p2a: Shuckle|spa|2\n|-boost|p2a: Shuckle|spe|2\n|-enditem|p2a: Shuckle|White Herb\n|-clearnegativeboost|p2a: Shuckle|[silent]\n|\n|-heal|p1a: Butterfree|82\/100|[from] item: Leftovers\n|upkeep\n|turn|12\n|\n|t:|1700253000\n|move|p1a: Butterfree|Sleep Powder|p2a: Shuckle\n|-status|p2a: Shuckle|slp|[from] move: Sleep Powder\n|cant|p2a: Shuckle|slp\n|\n|-heal|p1a: Butterfree|88\/100|[from] item: Leftovers\n|upkeep\n|turn|13\n|c|\u2606T8rguy|aw\n|\n|t:|1700253008\n|move|p1a: Butterfree|Quiver Dance|p1a: Butterfree\n|-boost|p1a: Butterfree|spa|1\n|-boost|p1a: Butterfree|spd|1\n|-boost|p1a: Butterfree|spe|1\n|cant|p2a: Shuckle|slp\n|\n|-heal|p1a: Butterfree|94\/100|[from] item: Leftovers\n|upkeep\n|turn|14\n|\n|t:|1700253018\n|move|p1a: Butterfree|Quiver Dance|p1a: Butterfree\n|-boost|p1a: Butterfree|spa|1\n|-boost|p1a: Butterfree|spd|1\n|-boost|p1a: Butterfree|spe|1\n|-curestatus|p2a: Shuckle|slp|[msg]\n|move|p2a: Shuckle|Power Trick|p2a: Shuckle\n|-start|p2a: Shuckle|Power Trick\n|\n|-heal|p1a: Butterfree|99\/100|[from] item: Leftovers\n|upkeep\n|turn|15\n|\n|t:|1700253036\n|move|p1a: Butterfree|Hurricane|p2a: Shuckle\n|-damage|p2a: Shuckle|0 fnt\n|faint|p2a: Shuckle\n|\n|-heal|p1a: Butterfree|100\/100|[from] item: Leftovers\n|upkeep\n|\n|t:|1700253043\n|switch|p2a: Omastar|Omastar, M|100\/100\n|-damage|p2a: Omastar|88\/100|[from] Stealth Rock\n|turn|16\n|\n|t:|1700253048\n|move|p1a: Butterfree|Hurricane|p2a: Omastar\n|-resisted|p2a: Omastar\n|-damage|p2a: Omastar|0 fnt\n|faint|p2a: Omastar\n|\n|upkeep\n|\n|t:|1700253052\n|switch|p2a: Blastoise|Blastoise, F|100\/100\n|-damage|p2a: Blastoise|88\/100|[from] Stealth Rock\n|turn|17\n|\n|t:|1700253054\n|detailschange|p2a: Blastoise|Blastoise-Mega, F\n|-mega|p2a: Blastoise|Blastoise|Blastoisinite\n|move|p1a: Butterfree|Hurricane|p2a: Blastoise\n|-damage|p2a: Blastoise|0 fnt\n|faint|p2a: Blastoise\n|\n|upkeep\n|\n|t:|1700253060\n|switch|p2a: Cloyster|Cloyster, F|100\/100\n|-damage|p2a: Cloyster|76\/100|[from] Stealth Rock\n|turn|18\n|\n|t:|1700253068\n|move|p1a: Butterfree|Hurricane|p2a: Cloyster\n|-damage|p2a: Cloyster|0 fnt\n|faint|p2a: Cloyster\n|\n|upkeep\n|\n|t:|1700253072\n|switch|p2a: Minior|Minior|100\/100\n|-damage|p2a: Minior|76\/100|[from] Stealth Rock\n|-formechange|p2a: Minior|Minior-Meteor||[from] ability: Shields Down\n|turn|19\n|\n|t:|1700253080\n|move|p1a: Butterfree|Sleep Powder|p2a: Minior\n|-immune|p2a: Minior|[from] ability: Shields Down\n|move|p2a: Minior|Acrobatics|p1a: Butterfree\n|-supereffective|p1a: Butterfree\n|-end|p1a: Butterfree|Substitute\n|\n|upkeep\n|turn|20\n|c|\u2606T8rguy|lol?\n|\n|t:|1700253093\n|-terastallize|p1a: Butterfree|Normal\n|move|p1a: Butterfree|Hurricane|p2a: Minior\n|-resisted|p2a: Minior\n|-damage|p2a: Minior|0 fnt\n|faint|p2a: Minior\n|\n|win|jgjvg\n|raw|jgjvg's rating: 1106 &rarr; <strong>1135<\/strong><br \/>(+29 for winning)\n|raw|T8rguy's rating: 1159 &rarr; <strong>1130<\/strong><br \/>(-29 for losing)\n|c|\u2606T8rguy|im confused\n|l|\u2606T8rguy\n","uploadtime":1700253109,"views":9,"p1id":"jgjvg","p2id":"t8rguy","formatid":"gen9nationaldexubers","rating":1130,"private":0,"password":""}