{"id":"gen9nationaldexubers-1988021309","p1":"Tazz21","p2":"Zestrov","format":"[Gen 9] National Dex Ubers","log":"|j|\u2606Tazz21\n|j|\u2606Zestrov\n|t:|1699660062\n|gametype|singles\n|player|p1|Tazz21|101|\n|player|p2|Zestrov|boarder|\n|teamsize|p1|6\n|teamsize|p2|6\n|gen|9\n|tier|[Gen 9] National Dex Ubers\n|rule|HP Percentage Mod: HP is shown in percentages\n|rule|Endless Battle Clause: Forcing endless battles is banned\n|rule|OHKO Clause: OHKO moves are banned\n|rule|Evasion Moves Clause: Evasion moves are banned\n|rule|Evasion Items Clause: Evasion items are banned\n|rule|Species Clause: Limit one of each Pok\u00e9mon\n|rule|Sleep Clause Mod: Limit one foe put to sleep\n|rule|Mega Rayquaza Clause: You cannot mega evolve Rayquaza\n|clearpoke\n|poke|p1|Kartana|\n|poke|p1|Kangaskhan, F|\n|poke|p1|Zygarde|\n|poke|p1|Ferrothorn, F|\n|poke|p1|Palkia|\n|poke|p1|Gholdengo|\n|poke|p2|Greninja-*, M|\n|poke|p2|Dragonite, F|\n|poke|p2|Alakazam, M|\n|poke|p2|Zeraora|\n|poke|p2|Calyrex-Ice|\n|poke|p2|Arceus-Fire|\n|teampreview\n|c|\u2606Zestrov|hiiiiiiiiiiiiiiiiiiii\n|j| PaperDrMario\n|j| AbstractVoid\n|c|\u2606Tazz21|hello!\n|c|\u2606Tazz21|you was quick on that link nice\n|c|\u2606Zestrov|i try\n|j| lonly wolf\n|\n|t:|1699660182\n|start\n|switch|p1a: Palkia|Palkia|100\/100\n|switch|p2a: Master Roshi|Alakazam, M|100\/100\n|-ability|p1a: Palkia|Pressure\n|turn|1\n|c| lonly wolf|no nicknames\n|c|\u2606Tazz21|OH NO\n|c| lonly wolf|get this clown bois\n|c|\u2606Tazz21|gg\n|c|\u2606Tazz21|its over\n|\n|t:|1699660225\n|detailschange|p2a: Master Roshi|Alakazam-Mega, M\n|-mega|p2a: Master Roshi|Alakazam|Alakazite\n|-ability|p2a: Master Roshi|Pressure\n|-ability|p2a: Master Roshi|Pressure|[from] ability: Trace|[of] p1a: Palkia\n|move|p2a: Master Roshi|Dazzling Gleam|p1a: Palkia\n|-supereffective|p1a: Palkia\n|-damage|p1a: Palkia|46\/100\n|move|p1a: Palkia|Spacial Rend|p2a: Master Roshi\n|-damage|p2a: Master Roshi|0 fnt\n|faint|p2a: Master Roshi\n|-damage|p1a: Palkia|36\/100|[from] item: Life Orb\n|\n|upkeep\n|c| PaperDrMario|CMON YALL\n|\n|t:|1699660238\n|switch|p2a: Power Ranger|Zeraora|100\/100\n|turn|2\n|\n|t:|1699660245\n|move|p2a: Power Ranger|Plasma Fists|p1a: Palkia\n|-damage|p1a: Palkia|0 fnt\n|-fieldactivate|move: Ion Deluge\n|-hint|Normal-type moves become Electric-type after using Plasma Fists.\n|faint|p1a: Palkia\n|\n|upkeep\n|\n|t:|1699660262\n|switch|p1a: Ferrothorn|Ferrothorn, F|100\/100\n|turn|3\n|\n|t:|1699660272\n|move|p2a: Power Ranger|Close Combat|p1a: Ferrothorn\n|-supereffective|p1a: Ferrothorn\n|-crit|p1a: Ferrothorn\n|-damage|p1a: Ferrothorn|31\/100\n|-unboost|p2a: Power Ranger|def|1\n|-unboost|p2a: Power Ranger|spd|1\n|-damage|p2a: Power Ranger|88\/100|[from] ability: Iron Barbs|[of] p1a: Ferrothorn\n|move|p1a: Ferrothorn|Toxic|p2a: Power Ranger\n|-status|p2a: Power Ranger|tox\n|\n|-damage|p2a: Power Ranger|82\/100 tox|[from] psn\n|upkeep\n|turn|4\n|\n|t:|1699660288\n|switch|p1a: Gholdengo|Gholdengo|100\/100\n|move|p2a: Power Ranger|Plasma Fists|p1a: Gholdengo\n|-damage|p1a: Gholdengo|57\/100\n|-fieldactivate|move: Ion Deluge\n|-hint|Normal-type moves become Electric-type after using Plasma Fists.\n|\n|-damage|p2a: Power Ranger|70\/100 tox|[from] psn\n|upkeep\n|turn|5\n|\n|t:|1699660300\n|move|p2a: Power Ranger|Plasma Fists|p1a: Gholdengo\n|-damage|p1a: Gholdengo|15\/100\n|-fieldactivate|move: Ion Deluge\n|-hint|Normal-type moves become Electric-type after using Plasma Fists.\n|move|p1a: Gholdengo|Reflect|p1a: Gholdengo\n|-sidestart|p1: Tazz21|Reflect\n|\n|-damage|p2a: Power Ranger|52\/100 tox|[from] psn\n|upkeep\n|turn|6\n|\n|t:|1699660311\n|switch|p1a: Zygarde|Zygarde|100\/100\n|move|p2a: Power Ranger|Plasma Fists|p1a: Zygarde\n|-immune|p1a: Zygarde\n|\n|-damage|p2a: Power Ranger|28\/100 tox|[from] psn\n|upkeep\n|turn|7\n|\n|t:|1699660325\n|switch|p2a: Godzira|Dragonite, F, shiny|100\/100\n|move|p1a: Zygarde|Substitute|p1a: Zygarde\n|-start|p1a: Zygarde|Substitute\n|-damage|p1a: Zygarde|76\/100\n|\n|-heal|p1a: Zygarde|82\/100|[from] item: Leftovers\n|upkeep\n|turn|8\n|\n|t:|1699660334\n|move|p1a: Zygarde|Dragon Dance|p1a: Zygarde\n|-boost|p1a: Zygarde|atk|1\n|-boost|p1a: Zygarde|spe|1\n|move|p2a: Godzira|Earthquake|p1a: Zygarde\n|-activate|p1a: Zygarde|move: Substitute|[damage]\n|\n|-heal|p1a: Zygarde|88\/100|[from] item: Leftovers\n|upkeep\n|turn|9\n|\n|t:|1699660343\n|move|p1a: Zygarde|Dragon Dance|p1a: Zygarde\n|-boost|p1a: Zygarde|atk|1\n|-boost|p1a: Zygarde|spe|1\n|move|p2a: Godzira|Ice Spinner|p1a: Zygarde\n|-supereffective|p1a: Zygarde\n|-end|p1a: Zygarde|Substitute\n|\n|-heal|p1a: Zygarde|94\/100|[from] item: Leftovers\n|upkeep\n|turn|10\n|c| lonly wolf|oh no\n|\n|t:|1699660357\n|move|p1a: Zygarde|Substitute|p1a: Zygarde\n|-start|p1a: Zygarde|Substitute\n|-damage|p1a: Zygarde|69\/100\n|move|p2a: Godzira|Ice Spinner|p1a: Zygarde\n|-supereffective|p1a: Zygarde\n|-end|p1a: Zygarde|Substitute\n|\n|-heal|p1a: Zygarde|75\/100|[from] item: Leftovers\n|upkeep\n|turn|11\n|\n|t:|1699660370\n|move|p1a: Zygarde|Crunch|p2a: Godzira\n|-damage|p2a: Godzira|78\/100\n|move|p2a: Godzira|Ice Spinner|p1a: Zygarde\n|-supereffective|p1a: Zygarde\n|-damage|p1a: Zygarde|30\/100\n|\n|-heal|p1a: Zygarde|36\/100|[from] item: Leftovers\n|-heal|p2a: Godzira|84\/100|[from] item: Leftovers\n|-activate|p1a: Zygarde|ability: Power Construct\n|detailschange|p1a: Zygarde|Zygarde-Complete\n|-heal|p1a: Zygarde|60\/100|[silent]\n|upkeep\n|turn|12\n|\n|t:|1699660381\n|move|p1a: Zygarde|Substitute|p1a: Zygarde\n|-start|p1a: Zygarde|Substitute\n|-damage|p1a: Zygarde|35\/100\n|move|p2a: Godzira|Ice Spinner|p1a: Zygarde\n|-supereffective|p1a: Zygarde\n|-end|p1a: Zygarde|Substitute\n|\n|-heal|p1a: Zygarde|41\/100|[from] item: Leftovers\n|-heal|p2a: Godzira|90\/100|[from] item: Leftovers\n|-sideend|p1: Tazz21|Reflect\n|upkeep\n|turn|13\n|c| lonly wolf|oh no\n|\n|t:|1699660394\n|move|p1a: Zygarde|Thousand Arrows|p2a: Godzira\n|-damage|p2a: Godzira|4\/100\n|-start|p2a: Godzira|Smack Down\n|move|p2a: Godzira|Ice Spinner|p1a: Zygarde\n|-supereffective|p1a: Zygarde\n|-damage|p1a: Zygarde|0 fnt\n|faint|p1a: Zygarde\n|\n|-heal|p2a: Godzira|10\/100|[from] item: Leftovers\n|upkeep\n|c| AbstractVoid|the dragon\n|c|\u2606Zestrov|godzira\n|\n|t:|1699660413\n|switch|p1a: Kangaskhan|Kangaskhan, F|100\/100\n|turn|14\n|\n|t:|1699660419\n|detailschange|p1a: Kangaskhan|Kangaskhan-Mega, F\n|-mega|p1a: Kangaskhan|Kangaskhan|Kangaskhanite\n|move|p1a: Kangaskhan|Power-Up Punch|p2a: Godzira\n|-resisted|p2a: Godzira\n|-damage|p2a: Godzira|4\/100\n|-boost|p1a: Kangaskhan|atk|1\n|-resisted|p2a: Godzira\n|-crit|p2a: Godzira\n|-damage|p2a: Godzira|0 fnt\n|-boost|p1a: Kangaskhan|atk|1\n|faint|p2a: Godzira\n|-hitcount|p2: Godzira|2\n|\n|upkeep\n|c| AbstractVoid|mfw https:\/\/twitter.com\/awr_hey\/status\/1691131846984368128\n|\n|t:|1699660441\n|switch|p2a: Power Ranger|Zeraora|28\/100 tox\n|turn|15\n|j| Berryandon\n|\n|t:|1699660446\n|move|p2a: Power Ranger|Close Combat|p1a: Kangaskhan\n|-supereffective|p1a: Kangaskhan\n|-damage|p1a: Kangaskhan|32\/100\n|-unboost|p2a: Power Ranger|def|1\n|-unboost|p2a: Power Ranger|spd|1\n|move|p1a: Kangaskhan|Power-Up Punch|p2a: Power Ranger\n|-damage|p2a: Power Ranger|0 fnt\n|-boost|p1a: Kangaskhan|atk|1\n|faint|p2a: Power Ranger\n|-hitcount|p2: Power Ranger|1\n|\n|upkeep\n|\n|t:|1699660462\n|switch|p2a: Great Saiyaman|Greninja, M|100\/100\n|turn|16\n|\n|t:|1699660465\n|move|p2a: Great Saiyaman|Hydro Pump|p1a: Kangaskhan\n|-damage|p1a: Kangaskhan|0 fnt\n|faint|p1a: Kangaskhan\n|-ability|p2a: Great Saiyaman|Battle Bond|boost\n|-boost|p2a: Great Saiyaman|atk|1\n|-boost|p2a: Great Saiyaman|spa|1\n|-boost|p2a: Great Saiyaman|spe|1\n|-activate|p2a: Great Saiyaman|ability: Battle Bond\n|-damage|p2a: Great Saiyaman|91\/100|[from] item: Life Orb\n|\n|upkeep\n|c| lonly wolf|wait what\n|c| AbstractVoid|thats what battle bond does now\n|\n|t:|1699660491\n|switch|p1a: Ferrothorn|Ferrothorn, F|31\/100\n|turn|17\n|c| lonly wolf|can greninja in nat dex not use old battle bond\n|\n|t:|1699660496\n|move|p2a: Great Saiyaman|Ice Beam|p1a: Ferrothorn\n|-damage|p1a: Ferrothorn|0 fnt\n|faint|p1a: Ferrothorn\n|-damage|p2a: Great Saiyaman|81\/100|[from] item: Life Orb\n|\n|upkeep\n|\n|t:|1699660504\n|switch|p1a: Kartana|Kartana|100\/100\n|turn|18\n|c| AbstractVoid|i would assume not\n|\n|t:|1699660509\n|move|p2a: Great Saiyaman|U-turn|p1a: Kartana\n|-damage|p1a: Kartana|74\/100\n|-damage|p2a: Great Saiyaman|71\/100|[from] item: Life Orb\n|c| lonly wolf|i knew it got updated but i thought we in natdex so we could see ash\n|\n|t:|1699660513\n|switch|p2a: Link|Calyrex-Ice|100\/100|[from] U-turn\n|-ability|p2a: Link|As One\n|-ability|p2a: Link|Unnerve\n|move|p1a: Kartana|X-Scissor|p2a: Link\n|-supereffective|p2a: Link\n|-damage|p2a: Link|54\/100\n|\n|-heal|p2a: Link|60\/100|[from] item: Leftovers\n|upkeep\n|turn|19\n|\n|t:|1699660528\n|move|p1a: Kartana|X-Scissor|p2a: Link\n|-supereffective|p2a: Link\n|-damage|p2a: Link|18\/100\n|move|p2a: Link|Icicle Crash|p1a: Kartana\n|-damage|p1a: Kartana|15\/100\n|\n|-heal|p2a: Link|24\/100|[from] item: Leftovers\n|upkeep\n|turn|20\n|\n|t:|1699660537\n|move|p1a: Kartana|X-Scissor|p2a: Link\n|-supereffective|p2a: Link\n|-damage|p2a: Link|0 fnt\n|faint|p2a: Link\n|-ability|p1a: Kartana|Beast Boost|boost\n|-boost|p1a: Kartana|atk|1\n|\n|upkeep\n|c| lonly wolf|oh my god zest\n|\n|t:|1699660543\n|switch|p2a: Surtr|Arceus-Fire, shiny|100\/100\n|turn|21\n|c| lonly wolf|please use glacial lance\n|\n|t:|1699660553\n|switch|p1a: Gholdengo|Gholdengo|15\/100\n|move|p2a: Surtr|Flare Blitz|p1a: Gholdengo\n|-supereffective|p1a: Gholdengo\n|-damage|p1a: Gholdengo|0 fnt\n|faint|p1a: Gholdengo\n|-damage|p2a: Surtr|96\/100|[from] Recoil\n|\n|upkeep\n|\n|t:|1699660560\n|switch|p1a: Kartana|Kartana|15\/100\n|turn|22\n|\n|t:|1699660564\n|move|p1a: Kartana|Brick Break|p2a: Surtr\n|-damage|p2a: Surtr|70\/100\n|move|p2a: Surtr|Flare Blitz|p1a: Kartana\n|-supereffective|p1a: Kartana\n|-damage|p1a: Kartana|0 fnt\n|faint|p1a: Kartana\n|-damage|p2a: Surtr|67\/100|[from] Recoil\n|\n|win|Zestrov\n|c|\u2606Zestrov|gg\n|c|\u2606Tazz21|gg\n|c| Berryandon|ZESTTTTT\n|c|\u2606Zestrov|YIPPPPPPPPPPIE\n|l| lonly wolf\n|c|\u2606Tazz21|wpwp\n","uploadtime":1699660612,"views":34,"p1id":"tazz21","p2id":"zestrov","formatid":"gen9nationaldexubers","rating":0,"private":0,"password":""}