{"id":"gen9nationaldexubers-1983219324","p1":"raytsun","p2":"Rip_Ryuga","format":"[Gen 9] National Dex Ubers","log":"|j|\u2606raytsun\n|j|\u2606Rip_Ryuga\n|t:|1699106747\n|gametype|singles\n|player|p1|raytsun|volkner|1051\n|player|p2|Rip_Ryuga|riley|1141\n|teamsize|p1|6\n|teamsize|p2|6\n|gen|9\n|tier|[Gen 9] National Dex Ubers\n|rated|\n|rule|HP Percentage Mod: HP is shown in percentages\n|rule|Endless Battle Clause: Forcing endless battles is banned\n|rule|OHKO Clause: OHKO moves are banned\n|rule|Evasion Moves Clause: Evasion moves are banned\n|rule|Evasion Items Clause: Evasion items are banned\n|rule|Species Clause: Limit one of each Pok\u00e9mon\n|rule|Sleep Clause Mod: Limit one foe put to sleep\n|rule|Mega Rayquaza Clause: You cannot mega evolve Rayquaza\n|clearpoke\n|poke|p1|Aegislash, M|\n|poke|p1|Hawlucha, M|\n|poke|p1|Noivern, M|\n|poke|p1|Delphox, F|\n|poke|p1|Tyrantrum, M|\n|poke|p1|Pangoro, M|\n|poke|p2|Charizard, F|\n|poke|p2|Rotom-Wash|\n|poke|p2|Corviknight, F|\n|poke|p2|Thundurus-Therian, M|\n|poke|p2|Chansey, F|\n|poke|p2|Excadrill, F|\n|teampreview\n|c|\u2606Rip_Ryuga|hi\n|c|\u2606Rip_Ryuga|pls can u not forfeit\n|\n|t:|1699106765\n|start\n|switch|p1a: Hawlucha|Hawlucha, M, shiny|100\/100\n|switch|p2a: Rotom|Rotom-Wash|100\/100\n|turn|1\n|inactive|Battle timer is ON: inactive players will automatically lose when time's up. (requested by Rip_Ryuga)\n|\n|t:|1699106808\n|switch|p1a: Tyrantrum|Tyrantrum, M|100\/100\n|move|p2a: Rotom|Will-O-Wisp|p1a: Tyrantrum\n|-status|p1a: Tyrantrum|brn\n|\n|-damage|p1a: Tyrantrum|94\/100 brn|[from] brn\n|upkeep\n|turn|2\n|\n|t:|1699106831\n|switch|p2a: Corviknight|Corviknight, F|100\/100\n|-ability|p2a: Corviknight|Pressure\n|move|p1a: Tyrantrum|Outrage|p2a: Corviknight\n|-resisted|p2a: Corviknight\n|-damage|p2a: Corviknight|86\/100\n|-damage|p1a: Tyrantrum|78\/100 brn|[from] item: Rocky Helmet|[of] p2a: Corviknight\n|\n|-damage|p1a: Tyrantrum|72\/100 brn|[from] brn\n|upkeep\n|turn|3\n|\n|t:|1699106841\n|move|p1a: Tyrantrum|Outrage|p2a: Corviknight|[from]lockedmove\n|-resisted|p2a: Corviknight\n|-damage|p2a: Corviknight|71\/100\n|-damage|p1a: Tyrantrum|55\/100 brn|[from] item: Rocky Helmet|[of] p2a: Corviknight\n|-start|p1a: Tyrantrum|confusion|[fatigue]\n|move|p2a: Corviknight|U-turn|p1a: Tyrantrum\n|-damage|p1a: Tyrantrum|44\/100 brn\n|\n|t:|1699106851\n|switch|p2a: Excadrill|Excadrill, F|100\/100|[from] U-turn\n|-ability|p2a: Excadrill|Mold Breaker\n|\n|-damage|p1a: Tyrantrum|38\/100 brn|[from] brn\n|upkeep\n|turn|4\n|\n|t:|1699106869\n|move|p2a: Excadrill|Iron Head|p1a: Tyrantrum\n|-supereffective|p1a: Tyrantrum\n|-damage|p1a: Tyrantrum|0 fnt\n|faint|p1a: Tyrantrum\n|\n|upkeep\n|\n|t:|1699106874\n|switch|p1a: Delphox|Delphox, F|100\/100\n|turn|5\n|\n|t:|1699106878\n|switch|p2a: Chansey|Chansey, F|100\/100\n|move|p1a: Delphox|Switcheroo|p2a: Chansey\n|-activate|p1a: Delphox|move: Trick|[of] p2a: Chansey\n|-item|p2a: Chansey|Black Sludge|[from] move: Switcheroo\n|-item|p1a: Delphox|Eviolite|[from] move: Switcheroo\n|\n|-damage|p2a: Chansey|88\/100|[from] item: Black Sludge\n|upkeep\n|turn|6\n|\n|t:|1699106887\n|move|p1a: Delphox|Will-O-Wisp|p2a: Chansey\n|-status|p2a: Chansey|brn\n|move|p2a: Chansey|Toxic|p1a: Delphox|[miss]\n|-miss|p2a: Chansey|p1a: Delphox\n|\n|-damage|p2a: Chansey|75\/100 brn|[from] item: Black Sludge\n|-damage|p2a: Chansey|69\/100 brn|[from] brn\n|upkeep\n|turn|7\n|\n|t:|1699106896\n|switch|p1a: Aegislash|Aegislash, M|100\/100\n|-curestatus|p2a: Chansey|brn|[from] ability: Natural Cure\n|switch|p2a: Rotom|Rotom-Wash|100\/100\n|\n|upkeep\n|turn|8\n|\n|t:|1699106907\n|switch|p1a: Delphox|Delphox, F|100\/100\n|move|p2a: Rotom|Will-O-Wisp|p1a: Delphox\n|-immune|p1a: Delphox\n|\n|upkeep\n|turn|9\n|\n|t:|1699106914\n|switch|p2a: Chansey|Chansey, F|69\/100\n|move|p1a: Delphox|Will-O-Wisp|p2a: Chansey\n|-status|p2a: Chansey|brn\n|\n|-damage|p2a: Chansey|57\/100 brn|[from] item: Black Sludge\n|-damage|p2a: Chansey|50\/100 brn|[from] brn\n|upkeep\n|turn|10\n|\n|t:|1699106927\n|move|p1a: Delphox|Mystical Fire|p2a: Chansey\n|-damage|p2a: Chansey|33\/100 brn\n|-unboost|p2a: Chansey|spa|1\n|move|p2a: Chansey|Soft-Boiled|p2a: Chansey\n|-heal|p2a: Chansey|83\/100 brn\n|\n|-damage|p2a: Chansey|70\/100 brn|[from] item: Black Sludge\n|-damage|p2a: Chansey|64\/100 brn|[from] brn\n|upkeep\n|turn|11\n|\n|t:|1699106937\n|move|p1a: Delphox|Psychic|p2a: Chansey\n|-damage|p2a: Chansey|44\/100 brn\n|move|p2a: Chansey|Toxic|p1a: Delphox\n|-status|p1a: Delphox|tox\n|\n|-damage|p2a: Chansey|31\/100 brn|[from] item: Black Sludge\n|-damage|p1a: Delphox|94\/100 tox|[from] psn\n|-damage|p2a: Chansey|25\/100 brn|[from] brn\n|upkeep\n|turn|12\n|\n|t:|1699106947\n|move|p1a: Delphox|Psychic|p2a: Chansey\n|-damage|p2a: Chansey|2\/100 brn\n|move|p2a: Chansey|Soft-Boiled|p2a: Chansey\n|-heal|p2a: Chansey|52\/100 brn\n|\n|-damage|p2a: Chansey|40\/100 brn|[from] item: Black Sludge\n|-damage|p1a: Delphox|82\/100 tox|[from] psn\n|-damage|p2a: Chansey|34\/100 brn|[from] brn\n|upkeep\n|turn|13\n|\n|t:|1699106956\n|move|p1a: Delphox|Psychic|p2a: Chansey\n|-damage|p2a: Chansey|14\/100 brn\n|move|p2a: Chansey|Soft-Boiled|p2a: Chansey\n|-heal|p2a: Chansey|64\/100 brn\n|\n|-damage|p2a: Chansey|51\/100 brn|[from] item: Black Sludge\n|-damage|p1a: Delphox|64\/100 tox|[from] psn\n|-damage|p2a: Chansey|45\/100 brn|[from] brn\n|upkeep\n|turn|14\n|\n|t:|1699106966\n|move|p1a: Delphox|Psychic|p2a: Chansey\n|-damage|p2a: Chansey|21\/100 brn\n|-unboost|p2a: Chansey|spd|1\n|move|p2a: Chansey|Soft-Boiled|p2a: Chansey\n|-heal|p2a: Chansey|71\/100 brn\n|\n|-damage|p2a: Chansey|59\/100 brn|[from] item: Black Sludge\n|-damage|p1a: Delphox|39\/100 tox|[from] psn\n|-damage|p2a: Chansey|52\/100 brn|[from] brn\n|upkeep\n|turn|15\n|\n|t:|1699106981\n|-curestatus|p2a: Chansey|brn|[from] ability: Natural Cure\n|switch|p2a: Rotom|Rotom-Wash|100\/100\n|move|p1a: Delphox|Mystical Fire|p2a: Rotom\n|-resisted|p2a: Rotom\n|-damage|p2a: Rotom|79\/100\n|-unboost|p2a: Rotom|spa|1\n|\n|-heal|p2a: Rotom|85\/100|[from] item: Leftovers\n|-damage|p1a: Delphox|8\/100 tox|[from] psn\n|upkeep\n|turn|16\n|\n|t:|1699106992\n|switch|p2a: Chansey|Chansey, F|52\/100\n|move|p1a: Delphox|Will-O-Wisp|p2a: Chansey\n|-status|p2a: Chansey|brn\n|\n|-damage|p2a: Chansey|40\/100 brn|[from] item: Black Sludge\n|-damage|p1a: Delphox|0 fnt|[from] psn\n|faint|p1a: Delphox\n|-damage|p2a: Chansey|34\/100 brn|[from] brn\n|upkeep\n|\n|t:|1699107004\n|switch|p1a: Pangoro|Pangoro, M|100\/100\n|turn|17\n|\n|t:|1699107014\n|move|p1a: Pangoro|Drain Punch|p2a: Chansey\n|-supereffective|p2a: Chansey\n|-damage|p2a: Chansey|0 fnt\n|faint|p2a: Chansey\n|\n|upkeep\n|\n|t:|1699107030\n|switch|p2a: Rotom|Rotom-Wash|85\/100\n|turn|18\n|\n|t:|1699107047\n|-terastallize|p1a: Pangoro|Electric\n|move|p1a: Pangoro|Drain Punch|p2a: Rotom\n|-damage|p2a: Rotom|47\/100\n|move|p2a: Rotom|Volt Switch|p1a: Pangoro\n|-resisted|p1a: Pangoro\n|-damage|p1a: Pangoro|84\/100\n|\n|t:|1699107056\n|switch|p2a: Charizard|Charizard, F|100\/100|[from] Volt Switch\n|\n|upkeep\n|turn|19\n|\n|t:|1699107063\n|switch|p1a: Noivern|Noivern, M|100\/100\n|detailschange|p2a: Charizard|Charizard-Mega-X, F\n|-mega|p2a: Charizard|Charizard|Charizardite X\n|move|p2a: Charizard|Dragon Dance|p2a: Charizard\n|-boost|p2a: Charizard|atk|1\n|-boost|p2a: Charizard|spe|1\n|\n|upkeep\n|turn|20\n|\n|t:|1699107072\n|move|p2a: Charizard|Dragon Claw|p1a: Noivern\n|-supereffective|p1a: Noivern\n|-damage|p1a: Noivern|0 fnt\n|faint|p1a: Noivern\n|\n|upkeep\n|\n|t:|1699107078\n|switch|p1a: Hawlucha|Hawlucha, M, shiny|100\/100\n|turn|21\n|\n|t:|1699107098\n|move|p2a: Charizard|Dragon Claw|p1a: Hawlucha\n|-damage|p1a: Hawlucha|0 fnt\n|faint|p1a: Hawlucha\n|\n|upkeep\n|\n|t:|1699107103\n|switch|p1a: Pangoro|Pangoro, M, tera:Electric|84\/100\n|turn|22\n|\n|t:|1699107108\n|move|p1a: Pangoro|Bullet Punch|p2a: Charizard\n|-resisted|p2a: Charizard\n|-damage|p2a: Charizard|91\/100\n|move|p2a: Charizard|Earthquake|p1a: Pangoro\n|-supereffective|p1a: Pangoro\n|-damage|p1a: Pangoro|0 fnt\n|faint|p1a: Pangoro\n|\n|upkeep\n|\n|t:|1699107115\n|switch|p1a: Aegislash|Aegislash, M|100\/100\n|turn|23\n|\n|t:|1699107119\n|move|p1a: Aegislash|King's Shield|p1a: Aegislash\n|-singleturn|p1a: Aegislash|Protect\n|move|p2a: Charizard|Dragon Dance|p2a: Charizard\n|-boost|p2a: Charizard|atk|1\n|-boost|p2a: Charizard|spe|1\n|\n|upkeep\n|turn|24\n|\n|t:|1699107125\n|move|p1a: Aegislash|King's Shield||[still]\n|-fail|p1a: Aegislash\n|move|p2a: Charizard|Flare Blitz|p1a: Aegislash\n|-supereffective|p1a: Aegislash\n|-damage|p1a: Aegislash|0 fnt\n|-damage|p2a: Charizard|75\/100|[from] item: Rocky Helmet|[of] p1a: Aegislash\n|faint|p1a: Aegislash\n|-damage|p2a: Charizard|46\/100|[from] Recoil\n|\n|win|Rip_Ryuga\n|raw|raytsun's rating: 1051 &rarr; <strong>1038<\/strong><br \/>(-13 for losing)\n|raw|Rip_Ryuga's rating: 1141 &rarr; <strong>1160<\/strong><br \/>(+19 for winning)\n|c|\u2606Rip_Ryuga|gg\n|l|\u2606raytsun\n","uploadtime":1699107140,"views":8,"p1id":"raytsun","p2id":"ripryuga","formatid":"gen9nationaldexubers","rating":1038,"private":0,"password":""}