{"id":"gen9nationaldexubers-1996370065","p1":"John-Halsey","p2":"BigManGirl69","format":"[Gen 9] National Dex Ubers","log":"|j|\u2606John-Halsey\n|j|\u2606BigManGirl69\n|t:|1700675541\n|gametype|singles\n|player|p1|John-Halsey|veteran|1176\n|player|p2|BigManGirl69|1|1140\n|teamsize|p1|6\n|teamsize|p2|6\n|gen|9\n|tier|[Gen 9] National Dex Ubers\n|rated|\n|rule|HP Percentage Mod: HP is shown in percentages\n|rule|Endless Battle Clause: Forcing endless battles is banned\n|rule|OHKO Clause: OHKO moves are banned\n|rule|Evasion Moves Clause: Evasion moves are banned\n|rule|Evasion Items Clause: Evasion items are banned\n|rule|Species Clause: Limit one of each Pok\u00e9mon\n|rule|Sleep Clause Mod: Limit one foe put to sleep\n|rule|Mega Rayquaza Clause: You cannot mega evolve Rayquaza\n|clearpoke\n|poke|p1|Bronzong|\n|poke|p1|Marowak-Alola, M|\n|poke|p1|Crawdaunt, M|\n|poke|p1|Porygon2|\n|poke|p1|Cresselia, F|\n|poke|p1|Melmetal|\n|poke|p2|Ditto|\n|poke|p2|Pyukumuku, F|\n|poke|p2|Annihilape, M|\n|poke|p2|Palafin, F|\n|poke|p2|Pelipper, M|\n|poke|p2|Ampharos, F|\n|teampreview\n|inactive|Battle timer is ON: inactive players will automatically lose when time's up. (requested by BigManGirl69)\n|\n|t:|1700675544\n|start\n|switch|p1a: Bronzong|Bronzong|100\/100\n|switch|p2a: Palafin|Palafin, F|100\/100\n|turn|1\n|\n|t:|1700675549\n|move|p2a: Palafin|Flip Turn|p1a: Bronzong\n|-damage|p1a: Bronzong|77\/100\n|\n|t:|1700675552\n|detailschange|p2a: Palafin|Palafin-Hero, F\n|switch|p2a: Pelipper|Pelipper, M|100\/100|[from] Flip Turn\n|-weather|RainDance|[from] ability: Drizzle|[of] p2a: Pelipper\n|move|p1a: Bronzong|Trick Room|p1a: Bronzong\n|-fieldstart|move: Trick Room|[of] p1a: Bronzong\n|\n|-weather|RainDance|[upkeep]\n|upkeep\n|turn|2\n|\n|t:|1700675559\n|move|p1a: Bronzong|Stealth Rock|p2a: Pelipper\n|-sidestart|p2: BigManGirl69|move: Stealth Rock\n|move|p2a: Pelipper|U-turn|p1a: Bronzong\n|-damage|p1a: Bronzong|70\/100\n|\n|t:|1700675563\n|switch|p2a: Palafin|Palafin-Hero, F|100\/100|[from] U-turn\n|-damage|p2a: Palafin|88\/100|[from] Stealth Rock\n|-activate|p2a: Palafin|ability: Zero to Hero\n|\n|-weather|RainDance|[upkeep]\n|upkeep\n|turn|3\n|\n|t:|1700675570\n|move|p1a: Bronzong|Explosion|p2a: Palafin\n|-damage|p2a: Palafin|14\/100\n|faint|p1a: Bronzong\n|move|p2a: Palafin|Bulk Up|p2a: Palafin\n|-boost|p2a: Palafin|atk|1\n|-boost|p2a: Palafin|def|1\n|\n|-weather|RainDance|[upkeep]\n|upkeep\n|\n|t:|1700675578\n|switch|p1a: Melmetal|Melmetal|100\/100\n|turn|4\n|\n|t:|1700675582\n|-terastallize|p1a: Melmetal|Steel\n|-terastallize|p2a: Palafin|Water\n|move|p2a: Palafin|Jet Punch|p1a: Melmetal\n|-damage|p1a: Melmetal|25\/100\n|move|p1a: Melmetal|Double Iron Bash|p2a: Palafin\n|-resisted|p2a: Palafin\n|-damage|p2a: Palafin|0 fnt\n|faint|p2a: Palafin\n|-hitcount|p2: Palafin|1\n|-damage|p1a: Melmetal|15\/100|[from] item: Life Orb\n|\n|-weather|RainDance|[upkeep]\n|upkeep\n|\n|t:|1700675594\n|switch|p2a: Pelipper|Pelipper, M|100\/100\n|-damage|p2a: Pelipper|76\/100|[from] Stealth Rock\n|turn|5\n|\n|t:|1700675599\n|move|p1a: Melmetal|Thunder Punch|p2a: Pelipper\n|-supereffective|p2a: Pelipper\n|-damage|p2a: Pelipper|0 fnt\n|faint|p2a: Pelipper\n|-damage|p1a: Melmetal|5\/100|[from] item: Life Orb\n|\n|-weather|none\n|-fieldend|move: Trick Room\n|upkeep\n|\n|t:|1700675612\n|switch|p2a: Ampharos|Ampharos, F|100\/100\n|-damage|p2a: Ampharos|88\/100|[from] Stealth Rock\n|turn|6\n|\n|t:|1700675619\n|switch|p1a: Cresselia|Cresselia, F|100\/100\n|move|p2a: Ampharos|Electro Ball|p1a: Cresselia\n|-damage|p1a: Cresselia|83\/100\n|\n|upkeep\n|turn|7\n|\n|t:|1700675626\n|move|p2a: Ampharos|Agility|p2a: Ampharos\n|-boost|p2a: Ampharos|spe|2\n|move|p1a: Cresselia|Trick Room|p1a: Cresselia\n|-fieldstart|move: Trick Room|[of] p1a: Cresselia\n|\n|upkeep\n|turn|8\n|\n|t:|1700675632\n|move|p1a: Cresselia|Lunar Dance|p1a: Cresselia\n|faint|p1a: Cresselia\n|move|p2a: Ampharos|Substitute|p2a: Ampharos\n|-start|p2a: Ampharos|Substitute\n|-damage|p2a: Ampharos|63\/100\n|\n|upkeep\n|\n|t:|1700675637\n|switch|p1a: Melmetal|Melmetal, tera:Steel|5\/100\n|-heal|p1a: Melmetal|100\/100|[from] move: Lunar Dance\n|turn|9\n|\n|t:|1700675641\n|move|p1a: Melmetal|Double Iron Bash|p2a: Ampharos\n|-resisted|p2a: Ampharos\n|-end|p2a: Ampharos|Substitute\n|-resisted|p2a: Ampharos\n|-damage|p2a: Ampharos|14\/100\n|-status|p1a: Melmetal|par|[from] ability: Static|[of] p2a: Ampharos\n|-hitcount|p2a: Ampharos|2\n|-damage|p1a: Melmetal|91\/100 par|[from] item: Life Orb\n|move|p2a: Ampharos|Agility|p2a: Ampharos\n|-boost|p2a: Ampharos|spe|2\n|\n|upkeep\n|turn|10\n|\n|t:|1700675651\n|move|p1a: Melmetal|Double Iron Bash|p2a: Ampharos\n|-resisted|p2a: Ampharos\n|-damage|p2a: Ampharos|0 fnt\n|faint|p2a: Ampharos\n|-hitcount|p2: Ampharos|1\n|-damage|p1a: Melmetal|81\/100 par|[from] item: Life Orb\n|\n|upkeep\n|c|\u2606BigManGirl69|fck you\n|-message|BigManGirl69 forfeited.\n|\n|win|John-Halsey\n|raw|John-Halsey's rating: 1176 &rarr; <strong>1198<\/strong><br \/>(+22 for winning)\n|raw|BigManGirl69's rating: 1140 &rarr; <strong>1118<\/strong><br \/>(-22 for losing)\n|l|\u2606BigManGirl69\n","uploadtime":1700675753,"views":2,"p1id":"johnhalsey","p2id":"bigmangirl69","formatid":"gen9nationaldexubers","rating":1118,"private":0,"password":""}