{"id":"gen9nationaldexubers-2000272769","p1":"CangYuLiuSu","p2":"Titan The Moon","format":"[Gen 9] National Dex Ubers","log":"|j|\u2606CangYuLiuSu\n|j|\u2606Titan The Moon\n|t:|1701180042\n|gametype|singles\n|player|p1|CangYuLiuSu|1|1003\n|player|p2|Titan The Moon|doctor|1080\n|teamsize|p1|6\n|teamsize|p2|6\n|gen|9\n|tier|[Gen 9] National Dex Ubers\n|rated|\n|rule|HP Percentage Mod: HP is shown in percentages\n|rule|Endless Battle Clause: Forcing endless battles is banned\n|rule|OHKO Clause: OHKO moves are banned\n|rule|Evasion Moves Clause: Evasion moves are banned\n|rule|Evasion Items Clause: Evasion items are banned\n|rule|Species Clause: Limit one of each Pok\u00e9mon\n|rule|Sleep Clause Mod: Limit one foe put to sleep\n|rule|Mega Rayquaza Clause: You cannot mega evolve Rayquaza\n|clearpoke\n|poke|p1|Kyogre|\n|poke|p1|Carnivine, M|\n|poke|p1|Runerigus, F|\n|poke|p1|Dragonite, M|\n|poke|p1|Sceptile, F|\n|poke|p1|Swoobat, F|\n|poke|p2|Bewear, F|\n|poke|p2|Armarouge, F|\n|poke|p2|Genesect-Shock|\n|poke|p2|Zoroark, F|\n|poke|p2|Turtonator, F|\n|poke|p2|Decidueye, M|\n|teampreview\n|inactive|Battle timer is ON: inactive players will automatically lose when time's up. (requested by Titan The Moon)\n|inactive|CangYuLiuSu also wants the timer to be on.\n|\n|t:|1701180055\n|start\n|switch|p1a: Swoobat|Swoobat, F|100\/100\n|switch|p2a: Engineer|Genesect-Shock, shiny|100\/100\n|-ability|p2a: Engineer|Download|boost\n|-boost|p2a: Engineer|atk|1\n|turn|1\n|\n|t:|1701180065\n|move|p2a: Engineer|Techno Blast|p1a: Swoobat\n|-supereffective|p1a: Swoobat\n|-damage|p1a: Swoobat|12\/100\n|-enditem|p1a: Swoobat|Eject Button\n|\n|t:|1701180072\n|switch|p1a: Runerigus|Runerigus, F|100\/100\n|\n|upkeep\n|turn|2\n|\n|t:|1701180081\n|move|p2a: Engineer|U-turn|p1a: Runerigus\n|-resisted|p1a: Runerigus\n|-damage|p1a: Runerigus|86\/100\n|-activate|p1a: Runerigus|ability: Wandering Spirit|Download|Wandering Spirit|[of] p2a: Engineer\n|-ability|p1a: Runerigus|Download|boost\n|-boost|p1a: Runerigus|atk|1\n|\n|t:|1701180089\n|switch|p2a: Demo|Turtonator, F|100\/100|[from] U-turn\n|move|p1a: Runerigus|Trick Room|p1a: Runerigus\n|-fieldstart|move: Trick Room|[of] p1a: Runerigus\n|\n|-heal|p1a: Runerigus|93\/100|[from] item: Leftovers\n|upkeep\n|turn|3\n|\n|t:|1701180099\n|move|p1a: Runerigus|Stealth Rock|p2a: Demo\n|-sidestart|p2: Titan The Moon|move: Stealth Rock\n|move|p2a: Demo|Explosion|p1a: Runerigus\n|-immune|p1a: Runerigus\n|faint|p2a: Demo\n|\n|-heal|p1a: Runerigus|99\/100|[from] item: Leftovers\n|upkeep\n|\n|t:|1701180103\n|switch|p2a: Sniper|Decidueye, M, shiny|100\/100\n|-damage|p2a: Sniper|88\/100|[from] Stealth Rock\n|turn|4\n|\n|t:|1701180110\n|-terastallize|p2a: Sniper|Electric\n|move|p2a: Sniper|Sucker Punch||[still]\n|-fail|p2a: Sniper\n|move|p1a: Runerigus|Toxic Spikes|p2a: Sniper\n|-sidestart|p2: Titan The Moon|move: Toxic Spikes\n|\n|-heal|p1a: Runerigus|100\/100|[from] item: Leftovers\n|-heal|p2a: Sniper|94\/100|[from] item: Leftovers\n|upkeep\n|turn|5\n|\n|t:|1701180118\n|move|p1a: Runerigus|Toxic Spikes|p2a: Sniper\n|-sidestart|p2: Titan The Moon|move: Toxic Spikes\n|move|p2a: Sniper|Spirit Shackle|p1a: Runerigus\n|-supereffective|p1a: Runerigus\n|-damage|p1a: Runerigus|47\/100\n|\n|-heal|p1a: Runerigus|54\/100|[from] item: Leftovers\n|-heal|p2a: Sniper|99\/100|[from] item: Leftovers\n|upkeep\n|turn|6\n|\n|t:|1701180134\n|switch|p1a: Swoobat|Swoobat, F|12\/100\n|move|p2a: Sniper|Spirit Shackle|p1a: Swoobat\n|-supereffective|p1a: Swoobat\n|-damage|p1a: Swoobat|0 fnt\n|faint|p1a: Swoobat\n|\n|-heal|p2a: Sniper|100\/100|[from] item: Leftovers\n|-fieldend|move: Trick Room\n|upkeep\n|\n|t:|1701180148\n|switch|p1a: Sceptile|Sceptile, F|100\/100\n|turn|7\n|\n|t:|1701180156\n|move|p1a: Sceptile|Toxic|p2a: Sniper\n|-status|p2a: Sniper|tox\n|move|p2a: Sniper|Brave Bird|p1a: Sceptile\n|-supereffective|p1a: Sceptile\n|-damage|p1a: Sceptile|0 fnt\n|faint|p1a: Sceptile\n|-damage|p2a: Sniper|71\/100 tox|[from] Recoil\n|\n|-heal|p2a: Sniper|77\/100 tox|[from] item: Leftovers\n|-damage|p2a: Sniper|71\/100 tox|[from] psn\n|upkeep\n|\n|t:|1701180168\n|switch|p1a: Runerigus|Runerigus, F|54\/100\n|turn|8\n|\n|t:|1701180174\n|move|p2a: Sniper|Spirit Shackle|p1a: Runerigus\n|-supereffective|p1a: Runerigus\n|-damage|p1a: Runerigus|0 fnt\n|faint|p1a: Runerigus\n|\n|-heal|p2a: Sniper|77\/100 tox|[from] item: Leftovers\n|-damage|p2a: Sniper|65\/100 tox|[from] psn\n|upkeep\n|\n|t:|1701180184\n|switch|p1a: Dragonite|Dragonite, M|100\/100\n|turn|9\n|\n|t:|1701180190\n|move|p1a: Dragonite|Extreme Speed|p2a: Sniper\n|-damage|p2a: Sniper|24\/100 tox\n|move|p2a: Sniper|Sucker Punch||[still]\n|-fail|p2a: Sniper\n|\n|-heal|p2a: Sniper|30\/100 tox|[from] item: Leftovers\n|-damage|p2a: Sniper|12\/100 tox|[from] psn\n|upkeep\n|turn|10\n|\n|t:|1701180198\n|move|p1a: Dragonite|Extreme Speed|p2a: Sniper\n|-damage|p2a: Sniper|0 fnt\n|faint|p2a: Sniper\n|\n|upkeep\n|\n|t:|1701180204\n|switch|p2a: Engineer|Genesect-Shock, shiny|100\/100\n|-damage|p2a: Engineer|88\/100|[from] Stealth Rock\n|-ability|p2a: Engineer|Download|boost\n|-boost|p2a: Engineer|atk|1\n|turn|11\n|\n|t:|1701180217\n|move|p2a: Engineer|U-turn|p1a: Dragonite\n|-resisted|p1a: Dragonite\n|-damage|p1a: Dragonite|92\/100\n|\n|t:|1701180221\n|switch|p2a: Heavy|Bewear, F|100\/100|[from] U-turn\n|-damage|p2a: Heavy|94\/100|[from] Stealth Rock\n|-status|p2a: Heavy|tox\n|move|p1a: Dragonite|Roost|p1a: Dragonite\n|-heal|p1a: Dragonite|100\/100\n|-singleturn|p1a: Dragonite|move: Roost\n|\n|-damage|p2a: Heavy|88\/100 tox|[from] psn\n|upkeep\n|turn|12\n|\n|t:|1701180233\n|move|p1a: Dragonite|Extreme Speed|p2a: Heavy\n|-damage|p2a: Heavy|73\/100 tox\n|move|p2a: Heavy|Bulk Up|p2a: Heavy\n|-boost|p2a: Heavy|atk|1\n|-boost|p2a: Heavy|def|1\n|\n|-damage|p2a: Heavy|61\/100 tox|[from] psn\n|upkeep\n|turn|13\n|\n|t:|1701180242\n|move|p2a: Heavy|Return|p1a: Dragonite\n|-damage|p1a: Dragonite|64\/100\n|move|p1a: Dragonite|Roost|p1a: Dragonite\n|-heal|p1a: Dragonite|100\/100\n|-singleturn|p1a: Dragonite|move: Roost\n|\n|-damage|p2a: Heavy|42\/100 tox|[from] psn\n|upkeep\n|turn|14\n|\n|t:|1701180252\n|move|p2a: Heavy|Taunt|p1a: Dragonite\n|-start|p1a: Dragonite|move: Taunt\n|move|p1a: Dragonite|Dragon Claw|p2a: Heavy\n|-damage|p2a: Heavy|26\/100 tox\n|\n|-damage|p2a: Heavy|2\/100 tox|[from] psn\n|upkeep\n|turn|15\n|\n|t:|1701180261\n|move|p1a: Dragonite|Extreme Speed|p2a: Heavy\n|-damage|p2a: Heavy|0 fnt\n|faint|p2a: Heavy\n|\n|upkeep\n|\n|t:|1701180271\n|switch|p2a: Pyro|Armarouge, F|100\/100\n|-damage|p2a: Pyro|76\/100|[from] Stealth Rock\n|-status|p2a: Pyro|tox\n|turn|16\n|\n|t:|1701180287\n|move|p1a: Dragonite|Extreme Speed|p2a: Pyro\n|-damage|p2a: Pyro|46\/100 tox\n|-ability|p2a: Pyro|Weak Armor|boost\n|-unboost|p2a: Pyro|def|1\n|-boost|p2a: Pyro|spe|2\n|move|p2a: Pyro|Destiny Bond|p2a: Pyro\n|-singlemove|p2a: Pyro|Destiny Bond\n|\n|-damage|p2a: Pyro|40\/100 tox|[from] psn\n|-end|p1a: Dragonite|move: Taunt\n|upkeep\n|turn|17\n|\n|t:|1701180298\n|move|p2a: Pyro|Armor Cannon|p1a: Dragonite\n|-resisted|p1a: Dragonite\n|-damage|p1a: Dragonite|85\/100\n|-unboost|p2a: Pyro|def|1\n|-unboost|p2a: Pyro|spd|1\n|-damage|p2a: Pyro|30\/100 tox|[from] item: Life Orb\n|move|p1a: Dragonite|Roost|p1a: Dragonite\n|-heal|p1a: Dragonite|100\/100\n|-singleturn|p1a: Dragonite|move: Roost\n|\n|-damage|p2a: Pyro|18\/100 tox|[from] psn\n|upkeep\n|turn|18\n|inactive|CangYuLiuSu has 120 seconds left.\n|\n|t:|1701180326\n|move|p1a: Dragonite|Extreme Speed|p2a: Pyro\n|-damage|p2a: Pyro|0 fnt\n|faint|p2a: Pyro\n|\n|upkeep\n|\n|t:|1701180332\n|switch|p2a: Engineer|Genesect-Shock, shiny|100\/100\n|-damage|p2a: Engineer|88\/100|[from] Stealth Rock\n|-status|p2a: Engineer|tox\n|turn|19\n|\n|t:|1701180346\n|move|p1a: Dragonite|Extreme Speed|p2a: Engineer\n|-damage|p2a: Engineer|35\/100 tox\n|replace|p2a: Spy|Zoroark, F\n|-end|p2a: Spy|Illusion\n|move|p2a: Spy|Swords Dance|p2a: Spy\n|-boost|p2a: Spy|atk|2\n|\n|-damage|p2a: Spy|29\/100 tox|[from] psn\n|upkeep\n|turn|20\n|\n|t:|1701180355\n|move|p1a: Dragonite|Extreme Speed|p2a: Spy\n|-damage|p2a: Spy|0 fnt\n|faint|p2a: Spy\n|\n|upkeep\n|\n|t:|1701180360\n|switch|p2a: Engineer|Genesect-Shock, shiny|88\/100\n|-damage|p2a: Engineer|76\/100|[from] Stealth Rock\n|-ability|p2a: Engineer|Download|boost\n|-boost|p2a: Engineer|atk|1\n|turn|21\n|\n|t:|1701180367\n|move|p2a: Engineer|Techno Blast|p1a: Dragonite\n|-damage|p1a: Dragonite|84\/100\n|move|p1a: Dragonite|Dragon Claw|p2a: Engineer\n|-resisted|p2a: Engineer\n|-damage|p2a: Engineer|53\/100\n|\n|upkeep\n|turn|22\n|\n|t:|1701180377\n|move|p2a: Engineer|Flash Cannon|p1a: Dragonite\n|-damage|p1a: Dragonite|48\/100\n|move|p1a: Dragonite|Dragon Claw|p2a: Engineer\n|-resisted|p2a: Engineer\n|-damage|p2a: Engineer|28\/100\n|\n|upkeep\n|turn|23\n|\n|t:|1701180402\n|move|p2a: Engineer|Flash Cannon|p1a: Dragonite\n|-damage|p1a: Dragonite|12\/100\n|move|p1a: Dragonite|Dragon Claw|p2a: Engineer\n|-resisted|p2a: Engineer\n|-damage|p2a: Engineer|4\/100\n|\n|upkeep\n|turn|24\n|\n|t:|1701180409\n|move|p2a: Engineer|Flash Cannon|p1a: Dragonite\n|-damage|p1a: Dragonite|0 fnt\n|faint|p1a: Dragonite\n|\n|upkeep\n|inactive|CangYuLiuSu has 120 seconds left.\n|\n|t:|1701180429\n|switch|p1a: Kyogre|Kyogre|100\/100\n|-weather|RainDance|[from] ability: Drizzle|[of] p1a: Kyogre\n|turn|25\n|\n|t:|1701180438\n|move|p2a: Engineer|Techno Blast|p1a: Kyogre\n|-supereffective|p1a: Kyogre\n|-damage|p1a: Kyogre|48\/100\n|move|p1a: Kyogre|Thunder|p2a: Engineer\n|-damage|p2a: Engineer|0 fnt\n|faint|p2a: Engineer\n|\n|win|CangYuLiuSu\n|raw|CangYuLiuSu's rating: 1003 &rarr; <strong>1051<\/strong><br \/>(+48 for winning)\n|raw|Titan The Moon's rating: 1080 &rarr; <strong>1053<\/strong><br \/>(-27 for losing)\n|c|\u2606Titan The Moon|gg\n|l|\u2606Titan The Moon\n","uploadtime":1701180556,"views":5,"p1id":"cangyuliusu","p2id":"titanthemoon","formatid":"gen9nationaldexubers","rating":1051,"private":0,"password":""}