{"id":"gen9nationaldexubers-1982919176","p1":"Gallade1235763","p2":"alcatel999","format":"[Gen 9] National Dex Ubers","log":"|j|\u2606Gallade1235763\n|j|\u2606alcatel999\n|t:|1699058643\n|gametype|singles\n|player|p1|Gallade1235763|shadowtriad|\n|player|p2|alcatel999|rocketgrunt|\n|teamsize|p1|6\n|teamsize|p2|6\n|gen|9\n|tier|[Gen 9] National Dex Ubers\n|rule|HP Percentage Mod: HP is shown in percentages\n|rule|Endless Battle Clause: Forcing endless battles is banned\n|rule|OHKO Clause: OHKO moves are banned\n|rule|Evasion Moves Clause: Evasion moves are banned\n|rule|Evasion Items Clause: Evasion items are banned\n|rule|Species Clause: Limit one of each Pok\u00e9mon\n|rule|Sleep Clause Mod: Limit one foe put to sleep\n|rule|Mega Rayquaza Clause: You cannot mega evolve Rayquaza\n|clearpoke\n|poke|p1|Ursaluna, F|\n|poke|p1|Clefable, M|\n|poke|p1|Heatran, F|\n|poke|p1|Corviknight, F|\n|poke|p1|Medicham, M|\n|poke|p1|Clodsire, M|\n|poke|p2|Florges-Yellow, F|\n|poke|p2|Rapidash-Galar, M|\n|poke|p2|Mawile, F|\n|poke|p2|Silvally-*|\n|poke|p2|Shiinotic, F|\n|poke|p2|Gardevoir, F|\n|teampreview\n|c|\u2606Gallade1235763|Buena suerte\n|c|\u2606alcatel999|GL HF\n|c|\u2606Gallade1235763|Hongo culiado\n|\n|t:|1699058692\n|start\n|switch|p1a: Heatran|Heatran, F, shiny|100\/100\n|switch|p2a: Gardevoir|Gardevoir, F|100\/100\n|-ability|p2a: Gardevoir|Flash Fire|[from] ability: Trace|[of] p1a: Heatran\n|turn|1\n|c|\u2606Gallade1235763|Ah no pues\n|c|\u2606Gallade1235763|Fallo predict\n|\n|t:|1699058715\n|move|p2a: Gardevoir|Trick|p1a: Heatran\n|-activate|p2a: Gardevoir|move: Trick|[of] p1a: Heatran\n|-item|p1a: Heatran|Choice Scarf|[from] move: Trick\n|-item|p2a: Gardevoir|Leftovers|[from] move: Trick\n|move|p1a: Heatran|Taunt|p2a: Gardevoir\n|-start|p2a: Gardevoir|move: Taunt\n|\n|upkeep\n|turn|2\n|\n|t:|1699058728\n|switch|p1a: Clefable|Clefable, M, shiny|100\/100\n|switch|p2a: Mawile|Mawile, F|100\/100\n|-ability|p2a: Mawile|Intimidate|boost\n|-unboost|p1a: Clefable|atk|1\n|\n|upkeep\n|turn|3\n|c|\u2606Gallade1235763|Hijo de put*\n|c|\u2606alcatel999|sisoy\n|\n|t:|1699058749\n|detailschange|p2a: Mawile|Mawile-Mega, F\n|-mega|p2a: Mawile|Mawile|Mawilite\n|-terastallize|p1a: Clefable|Fire\n|move|p1a: Clefable|Calm Mind|p1a: Clefable\n|-boost|p1a: Clefable|spa|1\n|-boost|p1a: Clefable|spd|1\n|move|p2a: Mawile|Swords Dance|p2a: Mawile\n|-boost|p2a: Mawile|atk|2\n|\n|upkeep\n|turn|4\n|\n|t:|1699058764\n|move|p1a: Clefable|Mystical Fire|p2a: Mawile\n|-supereffective|p2a: Mawile\n|-damage|p2a: Mawile|10\/100\n|-unboost|p2a: Mawile|spa|1\n|move|p2a: Mawile|Rock Slide|p1a: Clefable|[miss]\n|-miss|p2a: Mawile|p1a: Clefable\n|\n|upkeep\n|turn|5\n|c|\u2606alcatel999|Apoco lo llevas velocidad\n|\n|t:|1699058788\n|move|p2a: Mawile|Sucker Punch|p1a: Clefable\n|-damage|p1a: Clefable|30\/100\n|move|p1a: Clefable|Mystical Fire|p2a: Mawile\n|-supereffective|p2a: Mawile\n|-damage|p2a: Mawile|0 fnt\n|faint|p2a: Mawile\n|\n|-heal|p1a: Clefable|37\/100|[from] item: Leftovers\n|upkeep\n|c|\u2606Gallade1235763|No llevo we\n|c|\u2606alcatel999|pq es mas rapido\n|c|\u2606alcatel999|tengo 142 de velocidad\n|c|\u2606Gallade1235763|150 en vel tengo yo\n|c|\u2606alcatel999|XD\n|c|\u2606alcatel999|f\n|c|\u2606Gallade1235763|156*\n|c|\u2606alcatel999|voy a tener que superar eso\n|\n|t:|1699058831\n|switch|p2a: Rapidash|Rapidash-Galar, M|100\/100\n|turn|6\n|\n|t:|1699058851\n|move|p2a: Rapidash|Swords Dance|p2a: Rapidash\n|-boost|p2a: Rapidash|atk|2\n|move|p1a: Clefable|Soft-Boiled|p1a: Clefable\n|-heal|p1a: Clefable|87\/100\n|\n|-heal|p1a: Clefable|93\/100|[from] item: Leftovers\n|upkeep\n|turn|7\n|\n|t:|1699058860\n|move|p2a: Rapidash|High Horsepower|p1a: Clefable\n|-supereffective|p1a: Clefable\n|-damage|p1a: Clefable|0 fnt\n|faint|p1a: Clefable\n|-damage|p2a: Rapidash|91\/100|[from] item: Life Orb\n|\n|upkeep\n|\n|t:|1699058868\n|switch|p1a: Medicham|Medicham, M|100\/100\n|turn|8\n|c|\u2606alcatel999|Aguanta\n|c|\u2606alcatel999|aguanta\n|\n|t:|1699058897\n|detailschange|p1a: Medicham|Medicham-Mega, M\n|-mega|p1a: Medicham|Medicham|Medichamite\n|-terastallize|p2a: Rapidash|Ground\n|move|p2a: Rapidash|Play Rough|p1a: Medicham\n|-supereffective|p1a: Medicham\n|-crit|p1a: Medicham\n|-damage|p1a: Medicham|0 fnt\n|faint|p1a: Medicham\n|-damage|p2a: Rapidash|81\/100|[from] item: Life Orb\n|\n|upkeep\n|c|\u2606alcatel999|a\n|c|\u2606alcatel999|pense que hacia bullet\n|\n|t:|1699058917\n|switch|p1a: Heatran|Heatran, F, shiny|100\/100\n|turn|9\n|\n|t:|1699058924\n|move|p2a: Rapidash|High Horsepower|p1a: Heatran\n|-supereffective|p1a: Heatran\n|-damage|p1a: Heatran|0 fnt\n|faint|p1a: Heatran\n|-damage|p2a: Rapidash|71\/100|[from] item: Life Orb\n|\n|upkeep\n|\n|t:|1699058934\n|switch|p1a: Corviknight|Corviknight, F|100\/100\n|-ability|p1a: Corviknight|Pressure\n|turn|10\n|\n|t:|1699058948\n|move|p2a: Rapidash|Morning Sun|p2a: Rapidash\n|-heal|p2a: Rapidash|100\/100\n|move|p1a: Corviknight|Bulk Up|p1a: Corviknight\n|-boost|p1a: Corviknight|atk|1\n|-boost|p1a: Corviknight|def|1\n|\n|upkeep\n|turn|11\n|\n|t:|1699058966\n|switch|p2a: Shiinotic|Shiinotic, F|100\/100\n|move|p1a: Corviknight|Bulk Up|p1a: Corviknight\n|-boost|p1a: Corviknight|atk|1\n|-boost|p1a: Corviknight|def|1\n|\n|upkeep\n|turn|12\n|\n|t:|1699058973\n|move|p1a: Corviknight|Brave Bird|p2a: Shiinotic\n|-supereffective|p2a: Shiinotic\n|-damage|p2a: Shiinotic|0 fnt\n|-damage|p1a: Corviknight|84\/100|[from] item: Rocky Helmet|[of] p2a: Shiinotic\n|faint|p2a: Shiinotic\n|-damage|p1a: Corviknight|57\/100|[from] Recoil\n|\n|-heal|p1a: Corviknight|63\/100|[from] item: Leftovers\n|upkeep\n|\n|t:|1699058982\n|switch|p2a: Gardevoir|Gardevoir, F|100\/100\n|-ability|p2a: Gardevoir|Pressure\n|-ability|p2a: Gardevoir|Pressure|[from] ability: Trace|[of] p1a: Corviknight\n|turn|13\n|\n|t:|1699058990\n|move|p2a: Gardevoir|Mystical Fire|p1a: Corviknight\n|-supereffective|p1a: Corviknight\n|-damage|p1a: Corviknight|18\/100\n|-unboost|p1a: Corviknight|spa|1\n|move|p1a: Corviknight|Brave Bird|p2a: Gardevoir\n|-damage|p2a: Gardevoir|0 fnt\n|faint|p2a: Gardevoir\n|-damage|p1a: Corviknight|0 fnt|[from] Recoil\n|faint|p1a: Corviknight\n|\n|upkeep\n|\n|t:|1699059011\n|switch|p2a: Rapidash|Rapidash-Galar, M, tera:Ground|100\/100\n|switch|p1a: Ursaluna|Ursaluna, F, shiny|100\/100\n|-ability|p2a: Rapidash|Anticipation\n|turn|14\n|\n|t:|1699059023\n|move|p2a: Rapidash|High Horsepower|p1a: Ursaluna\n|-damage|p1a: Ursaluna|63\/100\n|-damage|p2a: Rapidash|91\/100|[from] item: Life Orb\n|move|p1a: Ursaluna|Trailblaze|p2a: Rapidash\n|-supereffective|p2a: Rapidash\n|-damage|p2a: Rapidash|20\/100\n|-boost|p1a: Ursaluna|spe|1\n|\n|-status|p1a: Ursaluna|brn|[from] item: Flame Orb\n|upkeep\n|turn|15\n|\n|t:|1699059035\n|move|p2a: Rapidash|Play Rough|p1a: Ursaluna\n|-damage|p1a: Ursaluna|29\/100 brn\n|-damage|p2a: Rapidash|10\/100|[from] item: Life Orb\n|move|p1a: Ursaluna|Trailblaze|p2a: Rapidash\n|-supereffective|p2a: Rapidash\n|-damage|p2a: Rapidash|0 fnt\n|-boost|p1a: Ursaluna|spe|1\n|faint|p2a: Rapidash\n|\n|-damage|p1a: Ursaluna|23\/100 brn|[from] brn\n|upkeep\n|\n|t:|1699059038\n|switch|p2a: Silvally|Silvally-Fairy|100\/100\n|turn|16\n|\n|t:|1699059050\n|move|p2a: Silvally|Ice Beam|p1a: Ursaluna\n|-supereffective|p1a: Ursaluna\n|-damage|p1a: Ursaluna|0 fnt\n|faint|p1a: Ursaluna\n|\n|upkeep\n|c|\u2606Gallade1235763|Pipi\n|\n|t:|1699059060\n|switch|p1a: Clodsire|Clodsire, M|100\/100\n|turn|17\n|\n|t:|1699059074\n|move|p2a: Silvally|Ice Beam|p1a: Clodsire\n|-supereffective|p1a: Clodsire\n|-damage|p1a: Clodsire|75\/100\n|move|p1a: Clodsire|Toxic|p2a: Silvally\n|-status|p2a: Silvally|tox\n|\n|-damage|p2a: Silvally|94\/100 tox|[from] psn\n|upkeep\n|turn|18\n|\n|t:|1699059084\n|move|p2a: Silvally|Ice Beam|p1a: Clodsire\n|-supereffective|p1a: Clodsire\n|-damage|p1a: Clodsire|50\/100\n|move|p1a: Clodsire|Earthquake|p2a: Silvally\n|-damage|p2a: Silvally|65\/100 tox\n|\n|-damage|p2a: Silvally|53\/100 tox|[from] psn\n|upkeep\n|turn|19\n|c|\u2606alcatel999|Vali\n|\n|t:|1699059093\n|move|p2a: Silvally|Ice Beam|p1a: Clodsire\n|-supereffective|p1a: Clodsire\n|-damage|p1a: Clodsire|22\/100\n|move|p1a: Clodsire|Recover|p1a: Clodsire\n|-heal|p1a: Clodsire|72\/100\n|\n|-damage|p2a: Silvally|35\/100 tox|[from] psn\n|upkeep\n|turn|20\n|\n|t:|1699059101\n|move|p2a: Silvally|Ice Beam|p1a: Clodsire\n|-supereffective|p1a: Clodsire\n|-damage|p1a: Clodsire|46\/100\n|move|p1a: Clodsire|Earthquake|p2a: Silvally\n|-damage|p2a: Silvally|5\/100 tox\n|\n|-damage|p2a: Silvally|0 fnt|[from] psn\n|faint|p2a: Silvally\n|upkeep\n|\n|t:|1699059108\n|switch|p2a: Florges|Florges-Yellow, F|100\/100\n|turn|21\n|c|\u2606alcatel999|Gg\n|\n|t:|1699059114\n|move|p2a: Florges|Energy Ball|p1a: Clodsire\n|-damage|p1a: Clodsire|34\/100\n|move|p1a: Clodsire|Recover|p1a: Clodsire\n|-heal|p1a: Clodsire|84\/100\n|\n|upkeep\n|turn|22\n|\n|t:|1699059121\n|move|p2a: Florges|Energy Ball|p1a: Clodsire\n|-damage|p1a: Clodsire|71\/100\n|move|p1a: Clodsire|Toxic|p2a: Florges\n|-status|p2a: Florges|tox\n|\n|-damage|p2a: Florges|94\/100 tox|[from] psn\n|upkeep\n|turn|23\n|\n|t:|1699059130\n|move|p2a: Florges|Energy Ball|p1a: Clodsire\n|-crit|p1a: Clodsire\n|-damage|p1a: Clodsire|54\/100\n|move|p1a: Clodsire|Earthquake|p2a: Florges\n|-damage|p2a: Florges|58\/100 tox\n|\n|-heal|p2a: Florges|64\/100 tox|[from] item: Leftovers\n|-damage|p2a: Florges|52\/100 tox|[from] psn\n|upkeep\n|turn|24\n|c|\u2606Gallade1235763|Gg\n|\n|t:|1699059140\n|move|p2a: Florges|Energy Ball|p1a: Clodsire\n|-damage|p1a: Clodsire|41\/100\n|move|p1a: Clodsire|Recover|p1a: Clodsire\n|-heal|p1a: Clodsire|91\/100\n|\n|-heal|p2a: Florges|58\/100 tox|[from] item: Leftovers\n|-damage|p2a: Florges|39\/100 tox|[from] psn\n|upkeep\n|turn|25\n|\n|t:|1699059151\n|move|p2a: Florges|Energy Ball|p1a: Clodsire\n|-damage|p1a: Clodsire|78\/100\n|move|p1a: Clodsire|Earthquake|p2a: Florges\n|-damage|p2a: Florges|6\/100 tox\n|\n|-heal|p2a: Florges|12\/100 tox|[from] item: Leftovers\n|-damage|p2a: Florges|0 fnt|[from] psn\n|faint|p2a: Florges\n|\n|win|Gallade1235763\n|upkeep\n|c|\u2606Gallade1235763|Gg\n|c|\u2606alcatel999|gg\n","uploadtime":1699059157,"views":8,"p1id":"gallade1235763","p2id":"alcatel999","formatid":"gen9nationaldexubers","rating":0,"private":0,"password":""}