{"id":"gen9nationaldexubers-1984849522","p1":"85792195wwww","p2":"Obito 2001","format":"[Gen 9] National Dex Ubers","log":"|j|\u260685792195wwww\n|j|\u2606Obito 2001\n|t:|1699304292\n|gametype|singles\n|player|p1|85792195wwww|mira|1865\n|player|p2|Obito 2001|blue-gen3two|1919\n|teamsize|p1|6\n|teamsize|p2|6\n|gen|9\n|tier|[Gen 9] National Dex Ubers\n|rated|\n|rule|HP Percentage Mod: HP is shown in percentages\n|rule|Endless Battle Clause: Forcing endless battles is banned\n|rule|OHKO Clause: OHKO moves are banned\n|rule|Evasion Moves Clause: Evasion moves are banned\n|rule|Evasion Items Clause: Evasion items are banned\n|rule|Species Clause: Limit one of each Pok\u00e9mon\n|rule|Sleep Clause Mod: Limit one foe put to sleep\n|rule|Mega Rayquaza Clause: You cannot mega evolve Rayquaza\n|clearpoke\n|poke|p1|Zacian-*|\n|poke|p1|Groudon|\n|poke|p1|Krookodile, M|\n|poke|p1|Mewtwo|\n|poke|p1|Xerneas-*|\n|poke|p1|Arceus|\n|poke|p2|Ho-Oh|\n|poke|p2|Yveltal|\n|poke|p2|Ditto|\n|poke|p2|Magearna|\n|poke|p2|Necrozma-Dusk-Mane|\n|poke|p2|Arceus-Ground|\n|teampreview\n|inactive|Battle timer is ON: inactive players will automatically lose when time's up. (requested by Obito 2001)\n|\n|t:|1699304307\n|start\n|switch|p1a: Xerneas|Xerneas|100\/100\n|switch|p2a: Arceus|Arceus-Ground|100\/100\n|-ability|p1a: Xerneas|Fairy Aura\n|turn|1\n|\n|t:|1699304317\n|switch|p2a: Magearna|Magearna|100\/100\n|move|p1a: Xerneas|Grass Knot|p2a: Magearna\n|-resisted|p2a: Magearna\n|-damage|p2a: Magearna|90\/100\n|\n|upkeep\n|turn|2\n|\n|t:|1699304329\n|switch|p1a: Groudon|Groudon|100\/100\n|detailschange|p1a: Groudon|Groudon-Primal\n|-primal|p1a: Groudon|Red Orb\n|-weather|DesolateLand|[from] ability: Desolate Land|[of] p1a: Groudon\n|move|p2a: Magearna|Fleur Cannon|p1a: Groudon\n|-resisted|p1a: Groudon\n|-damage|p1a: Groudon|74\/100\n|-unboost|p2a: Magearna|spa|2\n|\n|-weather|DesolateLand|[upkeep]\n|upkeep\n|turn|3\n|\n|t:|1699304340\n|switch|p2a: Ho-Oh|Ho-Oh|100\/100\n|move|p1a: Groudon|Heat Crash|p2a: Ho-Oh\n|-resisted|p2a: Ho-Oh\n|-damage|p2a: Ho-Oh|27\/100\n|\n|-weather|DesolateLand|[upkeep]\n|upkeep\n|turn|4\n|\n|t:|1699304347\n|move|p2a: Ho-Oh|Earthquake|p1a: Groudon\n|-supereffective|p1a: Groudon\n|-damage|p1a: Groudon|17\/100\n|move|p1a: Groudon|Heat Crash|p2a: Ho-Oh\n|-resisted|p2a: Ho-Oh\n|-damage|p2a: Ho-Oh|0 fnt\n|faint|p2a: Ho-Oh\n|\n|-weather|DesolateLand|[upkeep]\n|upkeep\n|\n|t:|1699304352\n|switch|p2a: Arceus|Arceus-Ground|100\/100\n|turn|5\n|\n|t:|1699304357\n|move|p2a: Arceus|Judgment|p1a: Groudon\n|-supereffective|p1a: Groudon\n|-damage|p1a: Groudon|0 fnt\n|faint|p1a: Groudon\n|-weather|none\n|\n|upkeep\n|\n|t:|1699304367\n|switch|p1a: Mewtwo|Mewtwo|100\/100\n|-ability|p1a: Mewtwo|Pressure\n|turn|6\n|\n|t:|1699304380\n|switch|p2a: Yveltal|Yveltal, shiny|100\/100\n|-ability|p2a: Yveltal|Dark Aura\n|move|p1a: Mewtwo|Ice Beam|p2a: Yveltal\n|-supereffective|p2a: Yveltal\n|-damage|p2a: Yveltal|29\/100\n|-damage|p1a: Mewtwo|91\/100|[from] item: Life Orb\n|\n|upkeep\n|turn|7\n|\n|t:|1699304390\n|switch|p1a: Zacian|Zacian-Crowned|100\/100\n|-ability|p1a: Zacian|Intrepid Sword|boost\n|-boost|p1a: Zacian|atk|1\n|-terastallize|p2a: Yveltal|Steel\n|move|p2a: Yveltal|Foul Play|p1a: Zacian\n|-resisted|p1a: Zacian\n|-damage|p1a: Zacian|49\/100\n|\n|upkeep\n|turn|8\n|\n|t:|1699304402\n|switch|p2a: Necrozma|Necrozma-Dusk-Mane|100\/100\n|move|p1a: Zacian|Close Combat|p2a: Necrozma\n|-damage|p2a: Necrozma|43\/100\n|-unboost|p1a: Zacian|def|1\n|-unboost|p1a: Zacian|spd|1\n|\n|upkeep\n|turn|9\n|\n|t:|1699304411\n|detailschange|p2a: Necrozma|Necrozma-Ultra\n|-burst|p2a: Necrozma|Necrozma|Ultranecrozium Z\n|move|p1a: Zacian|Close Combat|p2a: Necrozma\n|-resisted|p2a: Necrozma\n|-damage|p2a: Necrozma|5\/100\n|-unboost|p1a: Zacian|def|1\n|-unboost|p1a: Zacian|spd|1\n|move|p2a: Necrozma|Stealth Rock|p1a: Zacian\n|-sidestart|p1: 85792195wwww|move: Stealth Rock\n|\n|upkeep\n|turn|10\n|\n|t:|1699304422\n|switch|p1a: Krookodile|Krookodile, M|100\/100\n|-damage|p1a: Krookodile|94\/100|[from] Stealth Rock\n|-ability|p1a: Krookodile|Intimidate|boost\n|-unboost|p2a: Necrozma|atk|1\n|move|p2a: Necrozma|Earth Power|p1a: Krookodile\n|-damage|p1a: Krookodile|39\/100\n|\n|upkeep\n|turn|11\n|\n|t:|1699304433\n|switch|p1a: Zacian|Zacian-Crowned|49\/100\n|-damage|p1a: Zacian|43\/100|[from] Stealth Rock\n|move|p2a: Necrozma|Earth Power|p1a: Zacian\n|-supereffective|p1a: Zacian\n|-damage|p1a: Zacian|0 fnt\n|faint|p1a: Zacian\n|\n|upkeep\n|\n|t:|1699304442\n|switch|p1a: Mewtwo|Mewtwo|91\/100\n|-damage|p1a: Mewtwo|78\/100|[from] Stealth Rock\n|-ability|p1a: Mewtwo|Pressure\n|turn|12\n|\n|t:|1699304451\n|move|p1a: Mewtwo|Earth Power|p2a: Necrozma\n|-damage|p2a: Necrozma|0 fnt\n|faint|p2a: Necrozma\n|-damage|p1a: Mewtwo|68\/100|[from] item: Life Orb\n|\n|upkeep\n|\n|t:|1699304462\n|switch|p2a: Arceus|Arceus-Ground|100\/100\n|turn|13\n|\n|t:|1699304465\n|move|p1a: Mewtwo|Ice Beam|p2a: Arceus\n|-supereffective|p2a: Arceus\n|-damage|p2a: Arceus|34\/100\n|-damage|p1a: Mewtwo|58\/100|[from] item: Life Orb\n|move|p2a: Arceus|Judgment|p1a: Mewtwo\n|-damage|p1a: Mewtwo|4\/100\n|\n|upkeep\n|turn|14\n|\n|t:|1699304486\n|switch|p2a: Yveltal|Yveltal, shiny, tera:Steel|29\/100\n|-ability|p2a: Yveltal|Dark Aura\n|move|p1a: Mewtwo|Psystrike|p2a: Yveltal\n|-resisted|p2a: Yveltal\n|-damage|p2a: Yveltal|9\/100\n|-damage|p1a: Mewtwo|0 fnt|[from] item: Life Orb\n|faint|p1a: Mewtwo\n|\n|upkeep\n|\n|t:|1699304499\n|switch|p1a: Krookodile|Krookodile, M|39\/100\n|-damage|p1a: Krookodile|33\/100|[from] Stealth Rock\n|-ability|p1a: Krookodile|Intimidate|boost\n|-unboost|p2a: Yveltal|atk|1\n|turn|15\n|\n|t:|1699304506\n|move|p1a: Krookodile|Stealth Rock|p2a: Yveltal\n|-sidestart|p2: Obito 2001|move: Stealth Rock\n|move|p2a: Yveltal|Roost|p2a: Yveltal\n|-heal|p2a: Yveltal|59\/100\n|\n|upkeep\n|turn|16\n|\n|t:|1699304525\n|move|p1a: Krookodile|Knock Off|p2a: Yveltal\n|-damage|p2a: Yveltal|25\/100\n|-enditem|p2a: Yveltal|Heavy-Duty Boots|[from] move: Knock Off|[of] p1a: Krookodile\n|move|p2a: Yveltal|Roost|p2a: Yveltal\n|-heal|p2a: Yveltal|75\/100\n|\n|upkeep\n|turn|17\n|\n|t:|1699304533\n|switch|p2a: Arceus|Arceus-Ground|34\/100\n|-damage|p2a: Arceus|28\/100|[from] Stealth Rock\n|move|p1a: Krookodile|Bulldoze|p2a: Arceus\n|-damage|p2a: Arceus|7\/100\n|-unboost|p2a: Arceus|spe|1\n|\n|upkeep\n|turn|18\n|\n|t:|1699304541\n|move|p1a: Krookodile|Bulldoze|p2a: Arceus\n|-damage|p2a: Arceus|0 fnt\n|faint|p2a: Arceus\n|\n|upkeep\n|\n|t:|1699304544\n|switch|p2a: Ditto|Ditto, shiny|100\/100\n|-damage|p2a: Ditto|88\/100|[from] Stealth Rock\n|-transform|p2a: Ditto|p1a: Krookodile|[from] ability: Imposter\n|-ability|p2a: Ditto|Intimidate|boost\n|-unboost|p1a: Krookodile|atk|1\n|turn|19\n|\n|t:|1699304553\n|switch|p1a: Xerneas|Xerneas|100\/100\n|-damage|p1a: Xerneas|88\/100|[from] Stealth Rock\n|-ability|p1a: Xerneas|Fairy Aura\n|move|p2a: Ditto|Bulldoze|p1a: Xerneas\n|-damage|p1a: Xerneas|68\/100\n|-unboost|p1a: Xerneas|spe|1\n|\n|upkeep\n|turn|20\n|\n|t:|1699304563\n|switch|p2a: Magearna|Magearna|90\/100\n|-damage|p2a: Magearna|84\/100|[from] Stealth Rock\n|switch|p1a: Krookodile|Krookodile, M|33\/100\n|-damage|p1a: Krookodile|26\/100|[from] Stealth Rock\n|-ability|p1a: Krookodile|Intimidate|boost\n|-unboost|p2a: Magearna|atk|1\n|\n|upkeep\n|turn|21\n|\n|t:|1699304575\n|move|p1a: Krookodile|Bulldoze|p2a: Magearna\n|-supereffective|p2a: Magearna\n|-damage|p2a: Magearna|38\/100\n|-unboost|p2a: Magearna|spe|1\n|move|p2a: Magearna|Fleur Cannon|p1a: Krookodile\n|-supereffective|p1a: Krookodile\n|-damage|p1a: Krookodile|0 fnt\n|-unboost|p2a: Magearna|spa|2\n|faint|p1a: Krookodile\n|-ability|p2a: Magearna|Soul-Heart|boost\n|-boost|p2a: Magearna|spa|1\n|\n|upkeep\n|\n|t:|1699304596\n|switch|p1a: Arceus|Arceus|100\/100\n|-damage|p1a: Arceus|88\/100|[from] Stealth Rock\n|turn|22\n|\n|t:|1699304601\n|move|p1a: Arceus|Earthquake|p2a: Magearna\n|-supereffective|p2a: Magearna\n|-damage|p2a: Magearna|0 fnt\n|faint|p2a: Magearna\n|-damage|p1a: Arceus|78\/100|[from] item: Life Orb\n|\n|upkeep\n|\n|t:|1699304608\n|switch|p2a: Yveltal|Yveltal, shiny, tera:Steel|75\/100\n|-damage|p2a: Yveltal|69\/100|[from] Stealth Rock\n|-ability|p2a: Yveltal|Dark Aura\n|turn|23\n|\n|t:|1699304623\n|move|p1a: Arceus|Earthquake|p2a: Yveltal\n|-supereffective|p2a: Yveltal\n|-damage|p2a: Yveltal|19\/100\n|-damage|p1a: Arceus|69\/100|[from] item: Life Orb\n|move|p2a: Yveltal|Foul Play|p1a: Arceus\n|-damage|p1a: Arceus|16\/100\n|\n|upkeep\n|turn|24\n|\n|t:|1699304637\n|move|p1a: Arceus|Earthquake|p2a: Yveltal\n|-supereffective|p2a: Yveltal\n|-damage|p2a: Yveltal|0 fnt\n|faint|p2a: Yveltal\n|-damage|p1a: Arceus|6\/100|[from] item: Life Orb\n|\n|upkeep\n|\n|t:|1699304639\n|switch|p2a: Ditto|Ditto, shiny|88\/100\n|-damage|p2a: Ditto|76\/100|[from] Stealth Rock\n|-transform|p2a: Ditto|p1a: Arceus|[from] ability: Imposter\n|turn|25\n|\n|t:|1699304649\n|move|p2a: Ditto|Extreme Speed|p1a: Arceus\n|-damage|p1a: Arceus|0 fnt\n|faint|p1a: Arceus\n|\n|upkeep\n|\n|t:|1699304655\n|switch|p1a: Xerneas|Xerneas|68\/100\n|-damage|p1a: Xerneas|56\/100|[from] Stealth Rock\n|-ability|p1a: Xerneas|Fairy Aura\n|turn|26\n|\n|t:|1699304662\n|-terastallize|p1a: Xerneas|Fairy\n|move|p2a: Ditto|Extreme Speed|p1a: Xerneas\n|-damage|p1a: Xerneas|25\/100\n|move|p1a: Xerneas|Moonblast|p2a: Ditto\n|-damage|p2a: Ditto|0 fnt\n|faint|p2a: Ditto\n|\n|win|85792195wwww\n|raw|85792195wwww's rating: 1865 &rarr; <strong>1888<\/strong><br \/>(+23 for winning)\n|raw|Obito 2001's rating: 1919 &rarr; <strong>1896<\/strong><br \/>(-23 for losing)\n|l|\u2606Obito 2001\n","uploadtime":1699304715,"views":24,"p1id":"85792195wwww","p2id":"obito2001","formatid":"gen9nationaldexubers","rating":1888,"private":0,"password":""}