{"id":"gen9nationaldexubers-1982934940","p1":"nduts732","p2":"KurumiTokisakilove","format":"[Gen 9] National Dex Ubers","log":"|j|\u2606nduts732\n|j|\u2606KurumiTokisakilove\n|t:|1699060457\n|gametype|singles\n|player|p1|nduts732|102|1723\n|player|p2|KurumiTokisakilove|sabrina-gen2|1942\n|teamsize|p1|6\n|teamsize|p2|6\n|gen|9\n|tier|[Gen 9] National Dex Ubers\n|rated|\n|rule|HP Percentage Mod: HP is shown in percentages\n|rule|Endless Battle Clause: Forcing endless battles is banned\n|rule|OHKO Clause: OHKO moves are banned\n|rule|Evasion Moves Clause: Evasion moves are banned\n|rule|Evasion Items Clause: Evasion items are banned\n|rule|Species Clause: Limit one of each Pok\u00e9mon\n|rule|Sleep Clause Mod: Limit one foe put to sleep\n|rule|Mega Rayquaza Clause: You cannot mega evolve Rayquaza\n|clearpoke\n|poke|p1|Xerneas-*|\n|poke|p1|Groudon|\n|poke|p1|Deoxys-Speed|\n|poke|p1|Zekrom|\n|poke|p1|Mewtwo|\n|poke|p1|Arceus|\n|poke|p2|Ho-Oh|\n|poke|p2|Yveltal|\n|poke|p2|Ditto|\n|poke|p2|Magearna|\n|poke|p2|Necrozma-Dusk-Mane|\n|poke|p2|Arceus-Ground|\n|teampreview\n|inactive|Battle timer is ON: inactive players will automatically lose when time's up. (requested by KurumiTokisakilove)\n|\n|t:|1699060481\n|start\n|switch|p1a: Deoxys|Deoxys-Speed|100\/100\n|switch|p2a: Ho-Oh|Ho-Oh|100\/100\n|-ability|p1a: Deoxys|Pressure\n|turn|1\n|\n|t:|1699060488\n|move|p1a: Deoxys|Reflect|p1a: Deoxys\n|-sidestart|p1: nduts732|Reflect\n|move|p2a: Ho-Oh|Sacred Fire|p1a: Deoxys\n|-damage|p1a: Deoxys|61\/100\n|-status|p1a: Deoxys|brn\n|\n|-damage|p1a: Deoxys|55\/100 brn|[from] brn\n|upkeep\n|turn|2\n|\n|t:|1699060495\n|switch|p2a: Yveltal|Yveltal, shiny|100\/100\n|-ability|p2a: Yveltal|Dark Aura\n|move|p1a: Deoxys|Taunt|p2a: Yveltal\n|-start|p2a: Yveltal|move: Taunt\n|\n|-damage|p1a: Deoxys|49\/100 brn|[from] brn\n|upkeep\n|turn|3\n|\n|t:|1699060503\n|move|p1a: Deoxys|Stealth Rock|p2a: Yveltal\n|-sidestart|p2: KurumiTokisakilove|move: Stealth Rock\n|move|p2a: Yveltal|Foul Play|p1a: Deoxys\n|-supereffective|p1a: Deoxys\n|-damage|p1a: Deoxys|18\/100 brn\n|\n|-damage|p1a: Deoxys|12\/100 brn|[from] brn\n|upkeep\n|turn|4\n|\n|t:|1699060510\n|move|p1a: Deoxys|Light Screen|p1a: Deoxys\n|-sidestart|p1: nduts732|move: Light Screen\n|move|p2a: Yveltal|Foul Play|p1a: Deoxys\n|-supereffective|p1a: Deoxys\n|-crit|p1a: Deoxys\n|-damage|p1a: Deoxys|0 fnt\n|faint|p1a: Deoxys\n|\n|-end|p2a: Yveltal|move: Taunt\n|upkeep\n|\n|t:|1699060523\n|switch|p1a: Zekrom|Zekrom|100\/100\n|-ability|p1a: Zekrom|Teravolt\n|turn|5\n|\n|t:|1699060536\n|move|p1a: Zekrom|Dragon Dance|p1a: Zekrom\n|-boost|p1a: Zekrom|atk|1\n|-boost|p1a: Zekrom|spe|1\n|move|p2a: Yveltal|Defog|p1a: Zekrom\n|-unboost|p1a: Zekrom|evasion|1\n|-sideend|p1: nduts732|Reflect\n|-sideend|p1: nduts732|move: Light Screen\n|-sideend|p2: KurumiTokisakilove|Stealth Rock|[from] move: Defog|[of] p2a: Yveltal\n|\n|upkeep\n|turn|6\n|\n|t:|1699060545\n|switch|p2a: Arceus|Arceus-Ground|100\/100\n|move|p1a: Zekrom|Bolt Strike|p2a: Arceus\n|-immune|p2a: Arceus\n|\n|upkeep\n|turn|7\n|\n|t:|1699060557\n|-zpower|p1a: Zekrom\n|move|p1a: Zekrom|Devastating Drake|p2a: Arceus|[zeffect]\n|-damage|p2a: Arceus|0 fnt\n|faint|p2a: Arceus\n|\n|upkeep\n|\n|t:|1699060562\n|switch|p2a: Ditto|Ditto, shiny|100\/100\n|-transform|p2a: Ditto|p1a: Zekrom|[from] ability: Imposter\n|-ability|p2a: Ditto|Teravolt\n|turn|8\n|\n|t:|1699060569\n|switch|p1a: Xerneas|Xerneas|100\/100\n|-ability|p1a: Xerneas|Fairy Aura\n|move|p2a: Ditto|Outrage|p1a: Xerneas\n|-immune|p1a: Xerneas\n|\n|upkeep\n|turn|9\n|\n|t:|1699060589\n|switch|p2a: Necrozma|Necrozma-Dusk-Mane|100\/100\n|switch|p1a: Groudon|Groudon|100\/100\n|detailschange|p1a: Groudon|Groudon-Primal\n|-primal|p1a: Groudon|Red Orb\n|-weather|DesolateLand|[from] ability: Desolate Land|[of] p1a: Groudon\n|\n|-weather|DesolateLand|[upkeep]\n|upkeep\n|turn|10\n|\n|t:|1699060600\n|detailschange|p2a: Necrozma|Necrozma-Ultra\n|-burst|p2a: Necrozma|Necrozma|Ultranecrozium Z\n|move|p2a: Necrozma|Earth Power|p1a: Groudon\n|-supereffective|p1a: Groudon\n|-damage|p1a: Groudon|0 fnt\n|faint|p1a: Groudon\n|-weather|none\n|\n|upkeep\n|\n|t:|1699060617\n|switch|p1a: Mewtwo|Mewtwo|100\/100\n|-ability|p1a: Mewtwo|Pressure\n|turn|11\n|\n|t:|1699060627\n|switch|p2a: Ho-Oh|Ho-Oh|100\/100\n|move|p1a: Mewtwo|Power-Up Punch|p2a: Ho-Oh\n|-resisted|p2a: Ho-Oh\n|-damage|p2a: Ho-Oh|93\/100\n|-boost|p1a: Mewtwo|atk|1\n|\n|upkeep\n|turn|12\n|\n|t:|1699060646\n|detailschange|p1a: Mewtwo|Mewtwo-Mega-X\n|-mega|p1a: Mewtwo|Mewtwo|Mewtwonite X\n|-terastallize|p2a: Ho-Oh|Ground\n|move|p1a: Mewtwo|Zen Headbutt|p2a: Ho-Oh\n|-damage|p2a: Ho-Oh|0 fnt\n|faint|p2a: Ho-Oh\n|\n|upkeep\n|\n|t:|1699060660\n|switch|p2a: Yveltal|Yveltal, shiny|100\/100\n|-ability|p2a: Yveltal|Dark Aura\n|turn|13\n|\n|t:|1699060665\n|move|p1a: Mewtwo|Low Kick|p2a: Yveltal\n|-damage|p2a: Yveltal|36\/100\n|move|p2a: Yveltal|Foul Play|p1a: Mewtwo\n|-damage|p1a: Mewtwo|0 fnt\n|faint|p1a: Mewtwo\n|\n|upkeep\n|\n|t:|1699060674\n|switch|p1a: Zekrom|Zekrom|100\/100\n|-ability|p1a: Zekrom|Teravolt\n|turn|14\n|\n|t:|1699060683\n|switch|p2a: Necrozma|Necrozma-Ultra|100\/100\n|move|p1a: Zekrom|Bolt Strike|p2a: Necrozma|[miss]\n|-miss|p1a: Zekrom|p2a: Necrozma\n|\n|upkeep\n|turn|15\n|\n|t:|1699060695\n|switch|p1a: Xerneas|Xerneas|100\/100\n|-ability|p1a: Xerneas|Fairy Aura\n|move|p2a: Necrozma|Dragon Pulse|p1a: Xerneas\n|-immune|p1a: Xerneas\n|\n|upkeep\n|turn|16\n|\n|t:|1699060707\n|switch|p2a: Magearna|Magearna|100\/100\n|move|p1a: Xerneas|Substitute|p1a: Xerneas\n|-start|p1a: Xerneas|Substitute\n|-damage|p1a: Xerneas|76\/100\n|\n|upkeep\n|turn|17\n|\n|t:|1699060719\n|move|p1a: Xerneas|Geomancy||[still]\n|-prepare|p1a: Xerneas|Geomancy\n|-enditem|p1a: Xerneas|Power Herb\n|-anim|p1a: Xerneas|Geomancy|p1a: Xerneas\n|-boost|p1a: Xerneas|spa|2\n|-boost|p1a: Xerneas|spd|2\n|-boost|p1a: Xerneas|spe|2\n|move|p2a: Magearna|Fleur Cannon|p1a: Xerneas\n|-end|p1a: Xerneas|Substitute\n|-unboost|p2a: Magearna|spa|2\n|\n|upkeep\n|turn|18\n|\n|t:|1699060728\n|move|p1a: Xerneas|Substitute|p1a: Xerneas\n|-start|p1a: Xerneas|Substitute\n|-damage|p1a: Xerneas|51\/100\n|move|p2a: Magearna|Heart Swap|p1a: Xerneas\n|-swapboost|p2a: Magearna|p1a: Xerneas|[from] move: Heart Swap\n|\n|upkeep\n|turn|19\n|\n|t:|1699060740\n|move|p2a: Magearna|Fleur Cannon|p1a: Xerneas\n|-end|p1a: Xerneas|Substitute\n|-unboost|p2a: Magearna|spa|2\n|move|p1a: Xerneas|Thunderbolt|p2a: Magearna\n|-damage|p2a: Magearna|95\/100\n|-status|p2a: Magearna|par\n|\n|upkeep\n|turn|20\n|\n|t:|1699060750\n|move|p1a: Xerneas|Thunderbolt|p2a: Magearna\n|-damage|p2a: Magearna|90\/100 par\n|move|p2a: Magearna|Heal Bell|p2a: Magearna\n|-activate|p2a: Magearna|move: Heal Bell\n|-curestatus|p2a: Magearna|par|[msg]\n|\n|upkeep\n|turn|21\n|\n|t:|1699060772\n|move|p2a: Magearna|Fleur Cannon|p1a: Xerneas\n|-damage|p1a: Xerneas|0 fnt\n|-unboost|p2a: Magearna|spa|2\n|faint|p1a: Xerneas\n|-ability|p2a: Magearna|Soul-Heart|boost\n|-boost|p2a: Magearna|spa|1\n|\n|upkeep\n|\n|t:|1699060785\n|switch|p1a: Arceus|Arceus|100\/100\n|turn|22\n|\n|t:|1699060800\n|move|p2a: Magearna|Fleur Cannon|p1a: Arceus\n|-damage|p1a: Arceus|78\/100\n|-unboost|p2a: Magearna|spa|2\n|move|p1a: Arceus|Swords Dance|p1a: Arceus\n|-boost|p1a: Arceus|atk|2\n|\n|upkeep\n|turn|23\n|\n|t:|1699060821\n|move|p2a: Magearna|Heart Swap|p1a: Arceus\n|-swapboost|p2a: Magearna|p1a: Arceus|[from] move: Heart Swap\n|move|p1a: Arceus|Swords Dance|p1a: Arceus\n|-boost|p1a: Arceus|atk|2\n|\n|upkeep\n|turn|24\n|\n|t:|1699060828\n|move|p1a: Arceus|Earthquake|p2a: Magearna\n|-supereffective|p2a: Magearna\n|-damage|p2a: Magearna|0 fnt\n|faint|p2a: Magearna\n|-damage|p1a: Arceus|68\/100|[from] item: Life Orb\n|\n|upkeep\n|\n|t:|1699060835\n|switch|p2a: Ditto|Ditto, shiny|100\/100\n|-transform|p2a: Ditto|p1a: Arceus|[from] ability: Imposter\n|turn|25\n|\n|t:|1699060841\n|switch|p2a: Yveltal|Yveltal, shiny|36\/100\n|-ability|p2a: Yveltal|Dark Aura\n|-terastallize|p1a: Arceus|Ghost\n|move|p1a: Arceus|Extreme Speed|p2a: Yveltal\n|-damage|p2a: Yveltal|0 fnt\n|faint|p2a: Yveltal\n|-damage|p1a: Arceus|58\/100|[from] item: Life Orb\n|\n|upkeep\n|\n|t:|1699060843\n|switch|p2a: Ditto|Ditto, shiny|100\/100\n|-transform|p2a: Ditto|p1a: Arceus|[from] ability: Imposter\n|-start|p2a: Ditto|typechange|Normal|[silent]\n|turn|26\n|\n|t:|1699060854\n|move|p1a: Arceus|Extreme Speed|p2a: Ditto\n|-damage|p2a: Ditto|0 fnt\n|faint|p2a: Ditto\n|-damage|p1a: Arceus|48\/100|[from] item: Life Orb\n|\n|upkeep\n|\n|t:|1699060860\n|switch|p2a: Necrozma|Necrozma-Ultra|100\/100\n|turn|27\n|\n|t:|1699060863\n|move|p1a: Arceus|Extreme Speed|p2a: Necrozma\n|-damage|p2a: Necrozma|0 fnt\n|faint|p2a: Necrozma\n|-damage|p1a: Arceus|39\/100|[from] item: Life Orb\n|\n|win|nduts732\n|raw|nduts732's rating: 1723 &rarr; <strong>1754<\/strong><br \/>(+31 for winning)\n|raw|KurumiTokisakilove's rating: 1942 &rarr; <strong>1911<\/strong><br \/>(-31 for losing)\n|l|\u2606nduts732\n|l|\u2606KurumiTokisakilove\n","uploadtime":1699060876,"views":25,"p1id":"nduts732","p2id":"kurumitokisakilove","formatid":"gen9nationaldexubers","rating":1754,"private":0,"password":""}