{"id":"gen9nationaldexubers-1989301894","p1":"AceTryThis","p2":"ADCasey","format":"[Gen 9] National Dex Ubers","log":"|j|\u2606AceTryThis\n|j|\u2606ADCasey\n|t:|1699833837\n|gametype|singles\n|player|p1|AceTryThis|265|\n|player|p2|ADCasey|blue|\n|teamsize|p1|6\n|teamsize|p2|6\n|gen|9\n|tier|[Gen 9] National Dex Ubers\n|rule|HP Percentage Mod: HP is shown in percentages\n|rule|Endless Battle Clause: Forcing endless battles is banned\n|rule|OHKO Clause: OHKO moves are banned\n|rule|Evasion Moves Clause: Evasion moves are banned\n|rule|Evasion Items Clause: Evasion items are banned\n|rule|Species Clause: Limit one of each Pok\u00e9mon\n|rule|Sleep Clause Mod: Limit one foe put to sleep\n|rule|Mega Rayquaza Clause: You cannot mega evolve Rayquaza\n|clearpoke\n|poke|p1|Slowbro, M|\n|poke|p1|Muk, M|\n|poke|p1|Flapple, M|\n|poke|p1|Inteleon, M|\n|poke|p1|Gengar, F|\n|poke|p1|Dragapult, M|\n|poke|p2|Inteleon, M|\n|poke|p2|Maushold|\n|poke|p2|Lucario, M|\n|poke|p2|Whimsicott, F|\n|poke|p2|Greninja-*, M|\n|poke|p2|Quaquaval, M|\n|teampreview\n|\n|t:|1699833857\n|start\n|switch|p1a: Gengar|Gengar, F|100\/100\n|switch|p2a: Greninja|Greninja, M|100\/100\n|turn|1\n|\n|t:|1699833866\n|move|p2a: Greninja|Dark Pulse|p1a: Gengar\n|-supereffective|p1a: Gengar\n|-enditem|p1a: Gengar|Focus Sash\n|-damage|p1a: Gengar|1\/100\n|-damage|p2a: Greninja|91\/100|[from] item: Life Orb\n|move|p1a: Gengar|Toxic Spikes|p2a: Greninja\n|-sidestart|p2: ADCasey|move: Toxic Spikes\n|\n|upkeep\n|turn|2\n|\n|t:|1699833878\n|switch|p1a: Muk|Muk, M|100\/100\n|move|p2a: Greninja|Ice Beam|p1a: Muk\n|-damage|p1a: Muk|82\/100\n|-damage|p2a: Greninja|81\/100|[from] item: Life Orb\n|\n|upkeep\n|turn|3\n|\n|t:|1699833892\n|move|p2a: Greninja|Extrasensory|p1a: Muk\n|-supereffective|p1a: Muk\n|-damage|p1a: Muk|49\/100\n|-damage|p2a: Greninja|71\/100|[from] item: Life Orb\n|move|p1a: Muk|Poison Jab|p2a: Greninja\n|-damage|p2a: Greninja|3\/100\n|-status|p2a: Greninja|psn\n|\n|-damage|p2a: Greninja|0 fnt|[from] psn\n|faint|p2a: Greninja\n|upkeep\n|\n|t:|1699833908\n|switch|p2a: Gohan|Lucario, M, shiny|100\/100\n|turn|4\n|\n|t:|1699833919\n|switch|p1a: Gengar|Gengar, F|1\/100\n|detailschange|p2a: Gohan|Lucario-Mega, M, shiny\n|-mega|p2a: Gohan|Lucario|Lucarionite\n|move|p2a: Gohan|Swords Dance|p2a: Gohan\n|-boost|p2a: Gohan|atk|2\n|\n|upkeep\n|turn|5\n|\n|t:|1699833944\n|move|p2a: Gohan|Bullet Punch|p1a: Gengar\n|-damage|p1a: Gengar|0 fnt\n|-start|p2a: Gohan|Disable|Bullet Punch|[from] ability: Cursed Body|[of] p1a: Gengar\n|faint|p1a: Gengar\n|\n|upkeep\n|\n|t:|1699833954\n|switch|p1a: Slowbro|Slowbro, M, shiny|100\/100\n|turn|6\n|\n|t:|1699833973\n|move|p2a: Gohan|Thunder Punch|p1a: Slowbro\n|-supereffective|p1a: Slowbro\n|-damage|p1a: Slowbro|6\/100\n|-damage|p2a: Gohan|84\/100|[from] item: Rocky Helmet|[of] p1a: Slowbro\n|move|p1a: Slowbro|Yawn|p2a: Gohan\n|-start|p2a: Gohan|move: Yawn|[of] p1a: Slowbro\n|\n|upkeep\n|turn|7\n|\n|t:|1699833985\n|switch|p2a: EARL|Whimsicott, F|100\/100\n|-status|p2a: EARL|psn\n|move|p1a: Slowbro|Future Sight|p2a: EARL\n|-start|p1a: Slowbro|move: Future Sight\n|\n|-damage|p2a: EARL|88\/100 psn|[from] psn\n|upkeep\n|turn|8\n|\n|t:|1699833994\n|switch|p1a: Muk|Muk, M|49\/100\n|move|p2a: EARL|Tailwind|p2a: EARL\n|-sidestart|p2: ADCasey|move: Tailwind\n|\n|-damage|p2a: EARL|76\/100 psn|[from] psn\n|upkeep\n|turn|9\n|\n|t:|1699834011\n|move|p2a: EARL|Stun Spore|p1a: Muk\n|-status|p1a: Muk|par\n|move|p1a: Muk|Poison Jab|p2a: EARL\n|-supereffective|p2a: EARL\n|-damage|p2a: EARL|0 fnt\n|faint|p2a: EARL\n|\n|-hint|Future Sight did not hit because the target is fainted.\n|upkeep\n|\n|t:|1699834014\n|switch|p2a: Maushold|Maushold|100\/100\n|-status|p2a: Maushold|psn\n|turn|10\n|\n|t:|1699834025\n|move|p2a: Maushold|Tidy Up|p2a: Maushold\n|-sideend|p2: ADCasey|Toxic Spikes\n|-activate|p2a: Maushold|move: Tidy Up\n|-boost|p2a: Maushold|atk|1\n|-boost|p2a: Maushold|spe|1\n|move|p1a: Muk|Poison Jab|p2a: Maushold\n|-damage|p2a: Maushold|42\/100 psn\n|\n|-damage|p2a: Maushold|30\/100 psn|[from] psn\n|upkeep\n|turn|11\n|\n|t:|1699834048\n|move|p2a: Maushold|Population Bomb|p1a: Muk\n|-damage|p1a: Muk|31\/100 par\n|-damage|p1a: Muk|13\/100 par\n|-damage|p1a: Muk|0 fnt\n|faint|p1a: Muk\n|-hitcount|p1: Muk|3\n|\n|-damage|p2a: Maushold|17\/100 psn|[from] psn\n|-sideend|p2: ADCasey|move: Tailwind\n|upkeep\n|\n|t:|1699834065\n|switch|p1a: Flapple|Flapple, M, shiny|100\/100\n|turn|12\n|\n|t:|1699834075\n|move|p1a: Flapple|Sucker Punch|p2a: Maushold\n|-damage|p2a: Maushold|0 fnt\n|faint|p2a: Maushold\n|\n|upkeep\n|\n|t:|1699834083\n|switch|p2a: Yusuke|Inteleon, M|100\/100\n|turn|13\n|\n|t:|1699834088\n|switch|p1a: Slowbro|Slowbro, M, shiny|39\/100\n|move|p2a: Yusuke|Ice Beam|p1a: Slowbro\n|-resisted|p1a: Slowbro\n|-damage|p1a: Slowbro|22\/100\n|\n|upkeep\n|turn|14\n|\n|t:|1699834137\n|move|p2a: Yusuke|Ice Beam|p1a: Slowbro\n|-resisted|p1a: Slowbro\n|-damage|p1a: Slowbro|4\/100\n|move|p1a: Slowbro|Yawn|p2a: Yusuke\n|-start|p2a: Yusuke|move: Yawn|[of] p1a: Slowbro\n|\n|upkeep\n|turn|15\n|\n|t:|1699834145\n|switch|p2a: Gohan|Lucario-Mega, M, shiny|84\/100\n|move|p1a: Slowbro|Future Sight|p2a: Gohan\n|-start|p1a: Slowbro|move: Future Sight\n|\n|upkeep\n|turn|16\n|\n|t:|1699834153\n|move|p2a: Gohan|Swords Dance|p2a: Gohan\n|-boost|p2a: Gohan|atk|2\n|move|p1a: Slowbro|Yawn|p2a: Gohan\n|-start|p2a: Gohan|move: Yawn|[of] p1a: Slowbro\n|\n|upkeep\n|turn|17\n|\n|t:|1699834160\n|move|p2a: Gohan|Bullet Punch|p1a: Slowbro\n|-resisted|p1a: Slowbro\n|-damage|p1a: Slowbro|0 fnt\n|-damage|p2a: Gohan|67\/100|[from] item: Rocky Helmet|[of] p1a: Slowbro\n|faint|p1a: Slowbro\n|\n|-end|p2a: Gohan|move: Future Sight\n|-damage|p2a: Gohan|3\/100\n|-end|p2a: Gohan|move: Yawn|[silent]\n|-status|p2a: Gohan|slp\n|upkeep\n|\n|t:|1699834170\n|switch|p1a: Dragapult|Dragapult, M, shiny|100\/100\n|turn|18\n|\n|t:|1699834175\n|cant|p2a: Gohan|slp\n|move|p1a: Dragapult|Substitute|p1a: Dragapult\n|-start|p1a: Dragapult|Substitute\n|-damage|p1a: Dragapult|76\/100\n|\n|-heal|p1a: Dragapult|82\/100|[from] item: Leftovers\n|upkeep\n|turn|19\n|\n|t:|1699834185\n|cant|p2a: Gohan|slp\n|move|p1a: Dragapult|Dragon Darts|p2a: Gohan\n|-resisted|p2a: Gohan\n|-damage|p2a: Gohan|0 fnt\n|faint|p2a: Gohan\n|\n|-heal|p1a: Dragapult|88\/100|[from] item: Leftovers\n|upkeep\n|\n|t:|1699834256\n|switch|p2a: Gay Duck|Quaquaval, M|100\/100\n|turn|20\n|\n|t:|1699834261\n|-terastallize|p2a: Gay Duck|Steel\n|move|p1a: Dragapult|Dragon Dance|p1a: Dragapult\n|-boost|p1a: Dragapult|atk|1\n|-boost|p1a: Dragapult|spe|1\n|move|p2a: Gay Duck|Aqua Step|p1a: Dragapult\n|-resisted|p1a: Dragapult\n|-end|p1a: Dragapult|Substitute\n|-boost|p2a: Gay Duck|spe|1\n|\n|-heal|p1a: Dragapult|94\/100|[from] item: Leftovers\n|upkeep\n|turn|21\n|\n|t:|1699834279\n|move|p1a: Dragapult|Substitute|p1a: Dragapult\n|-start|p1a: Dragapult|Substitute\n|-damage|p1a: Dragapult|69\/100\n|move|p2a: Gay Duck|Aqua Step|p1a: Dragapult\n|-resisted|p1a: Dragapult\n|-end|p1a: Dragapult|Substitute\n|-boost|p2a: Gay Duck|spe|1\n|\n|-heal|p1a: Dragapult|75\/100|[from] item: Leftovers\n|upkeep\n|turn|22\n|\n|t:|1699834289\n|move|p1a: Dragapult|Phantom Force||[still]\n|-prepare|p1a: Dragapult|Phantom Force\n|move|p2a: Gay Duck|Aqua Step|p1a: Dragapult|[miss]\n|-miss|p2a: Gay Duck|p1a: Dragapult\n|\n|-heal|p1a: Dragapult|81\/100|[from] item: Leftovers\n|upkeep\n|turn|23\n|\n|t:|1699834312\n|move|p1a: Dragapult|Phantom Force|p2a: Gay Duck|[from]lockedmove\n|-damage|p2a: Gay Duck|20\/100\n|move|p2a: Gay Duck|Bulk Up|p2a: Gay Duck\n|-boost|p2a: Gay Duck|atk|1\n|-boost|p2a: Gay Duck|def|1\n|\n|-heal|p1a: Dragapult|87\/100|[from] item: Leftovers\n|-heal|p2a: Gay Duck|26\/100|[from] item: Leftovers\n|upkeep\n|turn|24\n|\n|t:|1699834323\n|move|p1a: Dragapult|Phantom Force||[still]\n|-prepare|p1a: Dragapult|Phantom Force\n|move|p2a: Gay Duck|Aqua Step|p1a: Dragapult|[miss]\n|-miss|p2a: Gay Duck|p1a: Dragapult\n|\n|-heal|p1a: Dragapult|93\/100|[from] item: Leftovers\n|-heal|p2a: Gay Duck|32\/100|[from] item: Leftovers\n|upkeep\n|turn|25\n|\n|t:|1699834364\n|move|p1a: Dragapult|Phantom Force|p2a: Gay Duck|[from]lockedmove\n|-damage|p2a: Gay Duck|0 fnt\n|faint|p2a: Gay Duck\n|\n|-heal|p1a: Dragapult|99\/100|[from] item: Leftovers\n|upkeep\n|\n|t:|1699834367\n|switch|p2a: Yusuke|Inteleon, M|100\/100\n|turn|26\n|\n|t:|1699834380\n|-terastallize|p1a: Dragapult|Fairy\n|move|p1a: Dragapult|Dragon Darts|p2a: Yusuke\n|-damage|p2a: Yusuke|33\/100\n|-anim|p1a: Dragapult|Dragon Darts|p2a: Yusuke\n|-damage|p2a: Yusuke|0 fnt\n|faint|p2a: Yusuke\n|\n|win|AceTryThis\n|l|\u2606ADCasey\n|l|\u2606AceTryThis\n|j|\u2606AceTryThis\n|player|p1|AceTryThis|265\n","uploadtime":1699834404,"views":8,"p1id":"acetrythis","p2id":"adcasey","formatid":"gen9nationaldexubers","rating":0,"private":0,"password":""}