{"id":"gen9nationaldexubers-1991469260","p1":"MafiaPolar","p2":"AgenteDino","format":"[Gen 9] National Dex Ubers","log":"|j|\u2606MafiaPolar\n|j|\u2606AgenteDino\n|t:|1700079825\n|gametype|singles\n|player|p1|MafiaPolar|grimsley|\n|player|p2|AgenteDino|guitarist-gen4|\n|teamsize|p1|6\n|teamsize|p2|6\n|gen|9\n|tier|[Gen 9] National Dex Ubers\n|rule|HP Percentage Mod: HP is shown in percentages\n|rule|Endless Battle Clause: Forcing endless battles is banned\n|rule|OHKO Clause: OHKO moves are banned\n|rule|Evasion Moves Clause: Evasion moves are banned\n|rule|Evasion Items Clause: Evasion items are banned\n|rule|Species Clause: Limit one of each Pok\u00e9mon\n|rule|Sleep Clause Mod: Limit one foe put to sleep\n|rule|Mega Rayquaza Clause: You cannot mega evolve Rayquaza\n|clearpoke\n|poke|p1|Aromatisse, F|\n|poke|p1|Pangoro, M|\n|poke|p1|Aurorus, F|\n|poke|p1|Klefki, M|\n|poke|p1|Furfrou-Dandy, M|\n|poke|p1|Doublade, F|\n|poke|p2|Xerneas-*|\n|poke|p2|Yveltal|\n|poke|p2|Zygarde|\n|poke|p2|Greninja-*, M|\n|poke|p2|Goodra, M|\n|poke|p2|Aegislash, M|\n|teampreview\n|\n|t:|1700079852\n|start\n|switch|p1a: Aurorus|Aurorus, F, shiny|100\/100\n|switch|p2a: Zygarde|Zygarde|100\/100\n|-weather|Snow|[from] ability: Snow Warning|[of] p1a: Aurorus\n|turn|1\n|\n|t:|1700079864\n|switch|p2a: Aegislash|Aegislash, M|100\/100\n|move|p1a: Aurorus|Aurora Veil|p1a: Aurorus\n|-sidestart|p1: MafiaPolar|move: Aurora Veil\n|\n|-weather|Snow|[upkeep]\n|upkeep\n|turn|2\n|\n|t:|1700079873\n|move|p1a: Aurorus|Earth Power|p2a: Aegislash\n|-supereffective|p2a: Aegislash\n|-crit|p2a: Aegislash\n|-damage|p2a: Aegislash|48\/100\n|move|p2a: Aegislash|Substitute|p2a: Aegislash\n|-start|p2a: Aegislash|Substitute\n|-damage|p2a: Aegislash|24\/100\n|\n|-weather|Snow|[upkeep]\n|-heal|p2a: Aegislash|30\/100|[from] item: Leftovers\n|upkeep\n|turn|3\n|\n|t:|1700079893\n|switch|p1a: Klefki|Klefki, M, shiny|100\/100\n|move|p2a: Aegislash|Toxic|p1a: Klefki\n|-immune|p1a: Klefki\n|\n|-weather|Snow|[upkeep]\n|-heal|p2a: Aegislash|36\/100|[from] item: Leftovers\n|upkeep\n|turn|4\n|\n|t:|1700079901\n|move|p2a: Aegislash|King's Shield|p2a: Aegislash\n|-singleturn|p2a: Aegislash|Protect\n|move|p1a: Klefki|Substitute|p1a: Klefki\n|-start|p1a: Klefki|Substitute\n|-damage|p1a: Klefki|76\/100\n|\n|-weather|Snow|[upkeep]\n|-heal|p1a: Klefki|82\/100|[from] item: Leftovers\n|-heal|p2a: Aegislash|42\/100|[from] item: Leftovers\n|upkeep\n|turn|5\n|\n|t:|1700079925\n|move|p1a: Klefki|Foul Play|p2a: Aegislash\n|-supereffective|p2a: Aegislash\n|-activate|p2a: Aegislash|move: Substitute|[damage]\n|-formechange|p2a: Aegislash|Aegislash-Blade||[from] ability: Stance Change\n|move|p2a: Aegislash|Gyro Ball|p1a: Klefki\n|-activate|p1a: Klefki|move: Substitute|[damage]\n|\n|-weather|none\n|-heal|p1a: Klefki|88\/100|[from] item: Leftovers\n|-heal|p2a: Aegislash|48\/100|[from] item: Leftovers\n|upkeep\n|turn|6\n|\n|t:|1700079946\n|-formechange|p2a: Aegislash|Aegislash||[from] ability: Stance Change\n|move|p2a: Aegislash|King's Shield|p2a: Aegislash\n|-singleturn|p2a: Aegislash|Protect\n|move|p1a: Klefki|Thunder Wave||[still]\n|-fail|p1a: Klefki\n|\n|-heal|p1a: Klefki|94\/100|[from] item: Leftovers\n|-heal|p2a: Aegislash|55\/100|[from] item: Leftovers\n|upkeep\n|turn|7\n|\n|t:|1700079965\n|move|p1a: Klefki|Thunder Wave||[still]\n|-fail|p1a: Klefki\n|-formechange|p2a: Aegislash|Aegislash-Blade||[from] ability: Stance Change\n|move|p2a: Aegislash|Gyro Ball|p1a: Klefki\n|-end|p1a: Klefki|Substitute\n|\n|-heal|p1a: Klefki|99\/100|[from] item: Leftovers\n|-heal|p2a: Aegislash|61\/100|[from] item: Leftovers\n|upkeep\n|turn|8\n|\n|t:|1700079980\n|move|p1a: Klefki|Substitute|p1a: Klefki\n|-start|p1a: Klefki|Substitute\n|-damage|p1a: Klefki|75\/100\n|move|p2a: Aegislash|Gyro Ball|p1a: Klefki\n|-activate|p1a: Klefki|move: Substitute|[damage]\n|\n|-heal|p1a: Klefki|81\/100|[from] item: Leftovers\n|-heal|p2a: Aegislash|67\/100|[from] item: Leftovers\n|-sideend|p1: MafiaPolar|move: Aurora Veil\n|upkeep\n|turn|9\n|\n|t:|1700079988\n|-formechange|p2a: Aegislash|Aegislash||[from] ability: Stance Change\n|move|p2a: Aegislash|King's Shield|p2a: Aegislash\n|-singleturn|p2a: Aegislash|Protect\n|move|p1a: Klefki|Foul Play|p2a: Aegislash\n|-activate|p2a: Aegislash|move: Protect\n|-unboost|p1a: Klefki|atk|1\n|\n|-heal|p1a: Klefki|87\/100|[from] item: Leftovers\n|-heal|p2a: Aegislash|73\/100|[from] item: Leftovers\n|upkeep\n|turn|10\n|\n|t:|1700080002\n|move|p1a: Klefki|Foul Play|p2a: Aegislash\n|-supereffective|p2a: Aegislash\n|-end|p2a: Aegislash|Substitute\n|-formechange|p2a: Aegislash|Aegislash-Blade||[from] ability: Stance Change\n|move|p2a: Aegislash|Gyro Ball|p1a: Klefki\n|-end|p1a: Klefki|Substitute\n|\n|-heal|p1a: Klefki|93\/100|[from] item: Leftovers\n|-heal|p2a: Aegislash|79\/100|[from] item: Leftovers\n|upkeep\n|turn|11\n|\n|t:|1700080016\n|switch|p2a: Zygarde|Zygarde|100\/100\n|move|p1a: Klefki|Foul Play|p2a: Zygarde\n|-damage|p2a: Zygarde|87\/100\n|\n|-heal|p1a: Klefki|99\/100|[from] item: Leftovers\n|-heal|p2a: Zygarde|93\/100|[from] item: Leftovers\n|upkeep\n|turn|12\n|\n|t:|1700080032\n|switch|p1a: Aromatisse|Aromatisse, F, shiny|100\/100\n|move|p2a: Zygarde|Coil|p2a: Zygarde\n|-boost|p2a: Zygarde|atk|1\n|-boost|p2a: Zygarde|def|1\n|-boost|p2a: Zygarde|accuracy|1\n|\n|-heal|p2a: Zygarde|99\/100|[from] item: Leftovers\n|upkeep\n|turn|13\n|\n|t:|1700080040\n|-terastallize|p2a: Zygarde|Normal\n|move|p2a: Zygarde|Coil|p2a: Zygarde\n|-boost|p2a: Zygarde|atk|1\n|-boost|p2a: Zygarde|def|1\n|-boost|p2a: Zygarde|accuracy|1\n|move|p1a: Aromatisse|Trick Room|p1a: Aromatisse\n|-fieldstart|move: Trick Room|[of] p1a: Aromatisse\n|\n|-heal|p2a: Zygarde|100\/100|[from] item: Leftovers\n|upkeep\n|turn|14\n|\n|t:|1700080060\n|move|p1a: Aromatisse|Wish|p1a: Aromatisse\n|move|p2a: Zygarde|Coil|p2a: Zygarde\n|-boost|p2a: Zygarde|atk|1\n|-boost|p2a: Zygarde|def|1\n|-boost|p2a: Zygarde|accuracy|1\n|\n|upkeep\n|turn|15\n|\n|t:|1700080070\n|move|p1a: Aromatisse|Protect|p1a: Aromatisse\n|-singleturn|p1a: Aromatisse|Protect\n|move|p2a: Zygarde|Extreme Speed|p1a: Aromatisse\n|-activate|p1a: Aromatisse|move: Protect\n|\n|upkeep\n|turn|16\n|l|\u2606MafiaPolar\n|player|p1|\n|j|\u2606MafiaPolar\n|player|p1|MafiaPolar|grimsley\n|\n|t:|1700080101\n|switch|p1a: Doublade|Doublade, F, shiny|100\/100\n|move|p2a: Zygarde|Coil|p2a: Zygarde\n|-boost|p2a: Zygarde|atk|1\n|-boost|p2a: Zygarde|def|1\n|-boost|p2a: Zygarde|accuracy|1\n|\n|upkeep\n|turn|17\n|\n|t:|1700080119\n|move|p1a: Doublade|Sacred Sword|p2a: Zygarde\n|-supereffective|p2a: Zygarde\n|-damage|p2a: Zygarde|71\/100\n|move|p2a: Zygarde|Thousand Arrows|p1a: Doublade\n|-supereffective|p1a: Doublade\n|-damage|p1a: Doublade|0 fnt\n|faint|p1a: Doublade\n|\n|-heal|p2a: Zygarde|78\/100|[from] item: Leftovers\n|-fieldend|move: Trick Room\n|upkeep\n|\n|t:|1700080134\n|switch|p1a: Aromatisse|Aromatisse, F, shiny|100\/100\n|turn|18\n|\n|t:|1700080143\n|move|p2a: Zygarde|Coil|p2a: Zygarde\n|-boost|p2a: Zygarde|atk|1\n|-boost|p2a: Zygarde|def|1\n|-boost|p2a: Zygarde|accuracy|1\n|move|p1a: Aromatisse|Trick Room|p1a: Aromatisse\n|-fieldstart|move: Trick Room|[of] p1a: Aromatisse\n|\n|-heal|p2a: Zygarde|84\/100|[from] item: Leftovers\n|upkeep\n|turn|19\n|\n|t:|1700080146\n|switch|p1a: Furfrou|Furfrou-Dandy, M, shiny|100\/100\n|move|p2a: Zygarde|Extreme Speed|p1a: Furfrou\n|-damage|p1a: Furfrou|55\/100\n|-damage|p2a: Zygarde|67\/100|[from] item: Rocky Helmet|[of] p1a: Furfrou\n|\n|-heal|p2a: Zygarde|74\/100|[from] item: Leftovers\n|upkeep\n|turn|20\n|\n|t:|1700080158\n|move|p2a: Zygarde|Thousand Arrows|p1a: Furfrou\n|-damage|p1a: Furfrou|0 fnt\n|faint|p1a: Furfrou\n|\n|-heal|p2a: Zygarde|80\/100|[from] item: Leftovers\n|upkeep\n|\n|t:|1700080177\n|switch|p1a: Aurorus|Aurorus, F, shiny|100\/100\n|-weather|Snow|[from] ability: Snow Warning|[of] p1a: Aurorus\n|turn|21\n|\n|t:|1700080182\n|move|p1a: Aurorus|Aurora Veil|p1a: Aurorus\n|-sidestart|p1: MafiaPolar|move: Aurora Veil\n|move|p2a: Zygarde|Thousand Arrows|p1a: Aurorus\n|-supereffective|p1a: Aurorus\n|-damage|p1a: Aurorus|28\/100\n|\n|-weather|Snow|[upkeep]\n|-heal|p2a: Zygarde|86\/100|[from] item: Leftovers\n|upkeep\n|turn|22\n|\n|t:|1700080188\n|move|p2a: Zygarde|Extreme Speed|p1a: Aurorus\n|-resisted|p1a: Aurorus\n|-crit|p1a: Aurorus\n|-damage|p1a: Aurorus|0 fnt\n|faint|p1a: Aurorus\n|\n|-weather|Snow|[upkeep]\n|-heal|p2a: Zygarde|92\/100|[from] item: Leftovers\n|-fieldend|move: Trick Room\n|upkeep\n|\n|t:|1700080195\n|switch|p1a: Klefki|Klefki, M, shiny|99\/100\n|turn|23\n|\n|t:|1700080205\n|move|p1a: Klefki|Foul Play|p2a: Zygarde\n|-damage|p2a: Zygarde|80\/100\n|move|p2a: Zygarde|Coil|p2a: Zygarde\n|-boost|p2a: Zygarde|atk|1\n|-boost|p2a: Zygarde|def|1\n|-boost|p2a: Zygarde|accuracy|1\n|\n|-weather|Snow|[upkeep]\n|-heal|p1a: Klefki|100\/100|[from] item: Leftovers\n|-heal|p2a: Zygarde|87\/100|[from] item: Leftovers\n|upkeep\n|turn|24\n|\n|t:|1700080212\n|move|p1a: Klefki|Thunder Wave|p2a: Zygarde\n|-status|p2a: Zygarde|par\n|move|p2a: Zygarde|Thousand Arrows|p1a: Klefki\n|-supereffective|p1a: Klefki\n|-damage|p1a: Klefki|0 fnt\n|faint|p1a: Klefki\n|\n|-weather|Snow|[upkeep]\n|-heal|p2a: Zygarde|93\/100 par|[from] item: Leftovers\n|upkeep\n|\n|t:|1700080223\n|switch|p1a: Pangoro|Pangoro, M|100\/100\n|turn|25\n|\n|t:|1700080227\n|-terastallize|p1a: Pangoro|Water\n|move|p1a: Pangoro|Swords Dance|p1a: Pangoro\n|-boost|p1a: Pangoro|atk|2\n|move|p2a: Zygarde|Thousand Arrows|p1a: Pangoro\n|-damage|p1a: Pangoro|13\/100\n|\n|-weather|none\n|-heal|p2a: Zygarde|99\/100 par|[from] item: Leftovers\n|upkeep\n|turn|26\n|\n|t:|1700080238\n|move|p2a: Zygarde|Extreme Speed|p1a: Pangoro\n|-damage|p1a: Pangoro|0 fnt\n|-damage|p2a: Zygarde|83\/100 par|[from] item: Rocky Helmet|[of] p1a: Pangoro\n|faint|p1a: Pangoro\n|\n|-heal|p2a: Zygarde|89\/100 par|[from] item: Leftovers\n|upkeep\n|\n|t:|1700080244\n|switch|p1a: Aromatisse|Aromatisse, F, shiny|100\/100\n|turn|27\n|\n|t:|1700080248\n|move|p2a: Zygarde|Extreme Speed|p1a: Aromatisse\n|-damage|p1a: Aromatisse|36\/100\n|move|p1a: Aromatisse|Dazzling Gleam|p2a: Zygarde\n|-damage|p2a: Zygarde|66\/100 par\n|\n|-heal|p2a: Zygarde|73\/100 par|[from] item: Leftovers\n|-heal|p1a: Aromatisse|42\/100|[from] item: Leftovers\n|upkeep\n|turn|28\n|\n|t:|1700080256\n|move|p2a: Zygarde|Extreme Speed|p1a: Aromatisse\n|-damage|p1a: Aromatisse|0 fnt\n|faint|p1a: Aromatisse\n|\n|win|AgenteDino\n|l|\u2606MafiaPolar\n","uploadtime":1700080260,"views":8,"p1id":"mafiapolar","p2id":"agentedino","formatid":"gen9nationaldexubers","rating":0,"private":0,"password":""}