{"id":"gen9nationaldexubers-1990536220","p1":"Gloxk Party","p2":"Discri","format":"[Gen 9] National Dex Ubers","log":"|j|\u2606Gloxk Party\n|j|\u2606Discri\n|t:|1699979526\n|gametype|singles\n|player|p1|Gloxk Party|koga|1094\n|player|p2|Discri|juggler|1193\n|teamsize|p1|6\n|teamsize|p2|6\n|gen|9\n|tier|[Gen 9] National Dex Ubers\n|rated|\n|rule|HP Percentage Mod: HP is shown in percentages\n|rule|Endless Battle Clause: Forcing endless battles is banned\n|rule|OHKO Clause: OHKO moves are banned\n|rule|Evasion Moves Clause: Evasion moves are banned\n|rule|Evasion Items Clause: Evasion items are banned\n|rule|Species Clause: Limit one of each Pok\u00e9mon\n|rule|Sleep Clause Mod: Limit one foe put to sleep\n|rule|Mega Rayquaza Clause: You cannot mega evolve Rayquaza\n|clearpoke\n|poke|p1|Keldeo-Resolute|\n|poke|p1|Minior-Yellow|\n|poke|p1|Diancie|\n|poke|p1|Darmanitan-Galar, F|\n|poke|p1|Suicune|\n|poke|p1|Celesteela|\n|poke|p2|Reshiram|\n|poke|p2|Absol, F|\n|poke|p2|Iron Hands|\n|poke|p2|Ferrothorn, M|\n|poke|p2|Pawmot, M|\n|poke|p2|Iron Bundle|\n|teampreview\n|\n|t:|1699979531\n|start\n|switch|p1a: Darmanitan|Darmanitan-Galar, F|100\/100\n|switch|p2a: Absol|Absol, F, shiny|100\/100\n|turn|1\n|\n|t:|1699979534\n|detailschange|p2a: Absol|Absol-Mega, F, shiny\n|-mega|p2a: Absol|Absol|Absolite\n|move|p1a: Darmanitan|U-turn|p2a: Absol\n|-supereffective|p2a: Absol\n|-damage|p2a: Absol|0 fnt\n|faint|p2a: Absol\n|\n|t:|1699979538\n|switch|p1a: Diancie|Diancie|100\/100|[from] U-turn\n|\n|upkeep\n|\n|t:|1699979542\n|switch|p2a: Iron Bundle|Iron Bundle|100\/100\n|-enditem|p2a: Iron Bundle|Booster Energy\n|-activate|p2a: Iron Bundle|ability: Quark Drive|[fromitem]\n|-start|p2a: Iron Bundle|quarkdrivespa\n|turn|2\n|\n|t:|1699979547\n|detailschange|p1a: Diancie|Diancie-Mega\n|-mega|p1a: Diancie|Diancie|Diancite\n|move|p1a: Diancie|Diamond Storm|p2a: Iron Bundle\n|-supereffective|p2a: Iron Bundle\n|-damage|p2a: Iron Bundle|5\/100\n|move|p2a: Iron Bundle|Hydro Pump|p1a: Diancie\n|-supereffective|p1a: Diancie\n|-damage|p1a: Diancie|0 fnt\n|faint|p1a: Diancie\n|\n|upkeep\n|\n|t:|1699979558\n|switch|p1a: Celesteela|Celesteela|100\/100\n|turn|3\n|\n|t:|1699979564\n|move|p2a: Iron Bundle|Blizzard|p1a: Celesteela\n|-damage|p1a: Celesteela|40\/100\n|move|p1a: Celesteela|Air Slash|p2a: Iron Bundle\n|-crit|p2a: Iron Bundle\n|-damage|p2a: Iron Bundle|0 fnt\n|faint|p2a: Iron Bundle\n|-end|p2a: Iron Bundle|Quark Drive|[silent]\n|-ability|p1a: Celesteela|Beast Boost|boost\n|-boost|p1a: Celesteela|spa|1\n|\n|upkeep\n|\n|t:|1699979574\n|switch|p2a: Iron Hands|Iron Hands|100\/100\n|-enditem|p2a: Iron Hands|Booster Energy\n|-activate|p2a: Iron Hands|ability: Quark Drive|[fromitem]\n|-start|p2a: Iron Hands|quarkdriveatk\n|turn|4\n|\n|t:|1699979577\n|move|p2a: Iron Hands|Fake Out|p1a: Celesteela\n|-resisted|p1a: Celesteela\n|-damage|p1a: Celesteela|32\/100\n|cant|p1a: Celesteela|flinch\n|\n|upkeep\n|turn|5\n|\n|t:|1699979580\n|move|p2a: Iron Hands|Drain Punch|p1a: Celesteela\n|-damage|p1a: Celesteela|0 fnt\n|faint|p1a: Celesteela\n|\n|upkeep\n|\n|t:|1699979586\n|switch|p1a: Darmanitan|Darmanitan-Galar, F|100\/100\n|turn|6\n|\n|t:|1699979591\n|-terastallize|p1a: Darmanitan|Fire\n|-terastallize|p2a: Iron Hands|Fighting\n|move|p1a: Darmanitan|Flare Blitz|p2a: Iron Hands\n|-damage|p2a: Iron Hands|38\/100\n|-damage|p1a: Darmanitan|74\/100|[from] Recoil\n|move|p2a: Iron Hands|Belly Drum||[still]\n|-fail|p2a: Iron Hands\n|\n|upkeep\n|turn|7\n|\n|t:|1699979603\n|-end|p2a: Iron Hands|Quark Drive|[silent]\n|switch|p2a: Reshiram|Reshiram, shiny|100\/100\n|-ability|p2a: Reshiram|Turboblaze\n|move|p1a: Darmanitan|Flare Blitz|p2a: Reshiram\n|-resisted|p2a: Reshiram\n|-damage|p2a: Reshiram|80\/100\n|-damage|p1a: Darmanitan|67\/100|[from] Recoil\n|\n|upkeep\n|turn|8\n|\n|t:|1699979612\n|switch|p1a: Minior|Minior-Yellow|100\/100\n|-formechange|p1a: Minior|Minior-Meteor||[from] ability: Shields Down\n|move|p2a: Reshiram|Draco Meteor|p1a: Minior|[miss]\n|-miss|p2a: Reshiram|p1a: Minior\n|\n|upkeep\n|turn|9\n|\n|t:|1699979619\n|move|p2a: Reshiram|Draco Meteor|p1a: Minior|[miss]\n|-miss|p2a: Reshiram|p1a: Minior\n|move|p1a: Minior|Shell Smash|p1a: Minior\n|-unboost|p1a: Minior|def|1\n|-unboost|p1a: Minior|spd|1\n|-boost|p1a: Minior|atk|2\n|-boost|p1a: Minior|spa|2\n|-boost|p1a: Minior|spe|2\n|-enditem|p1a: Minior|White Herb\n|-clearnegativeboost|p1a: Minior|[silent]\n|\n|upkeep\n|turn|10\n|\n|t:|1699979627\n|move|p1a: Minior|Earthquake|p2a: Reshiram\n|-supereffective|p2a: Reshiram\n|-damage|p2a: Reshiram|0 fnt\n|faint|p2a: Reshiram\n|\n|upkeep\n|\n|t:|1699979631\n|switch|p2a: Ferrothorn|Ferrothorn, M|100\/100\n|turn|11\n|\n|t:|1699979636\n|move|p1a: Minior|Earthquake|p2a: Ferrothorn\n|-damage|p2a: Ferrothorn|69\/100\n|move|p2a: Ferrothorn|Iron Defense|p2a: Ferrothorn\n|-boost|p2a: Ferrothorn|def|2\n|\n|upkeep\n|turn|12\n|\n|t:|1699979641\n|move|p1a: Minior|Power Gem|p2a: Ferrothorn\n|-resisted|p2a: Ferrothorn\n|-damage|p2a: Ferrothorn|54\/100\n|move|p2a: Ferrothorn|Leech Seed|p1a: Minior\n|-start|p1a: Minior|move: Leech Seed\n|\n|-damage|p1a: Minior|88\/100|[from] Leech Seed|[of] p2a: Ferrothorn\n|-heal|p2a: Ferrothorn|64\/100|[silent]\n|upkeep\n|turn|13\n|\n|t:|1699979650\n|move|p1a: Minior|Acrobatics|p2a: Ferrothorn\n|-damage|p2a: Ferrothorn|35\/100\n|-damage|p1a: Minior|76\/100|[from] ability: Iron Barbs|[of] p2a: Ferrothorn\n|move|p2a: Ferrothorn|Toxic|p1a: Minior\n|-immune|p1a: Minior|[from] ability: Shields Down\n|\n|-damage|p1a: Minior|64\/100|[from] Leech Seed|[of] p2a: Ferrothorn\n|-heal|p2a: Ferrothorn|44\/100|[silent]\n|upkeep\n|turn|14\n|\n|t:|1699979656\n|move|p1a: Minior|Acrobatics|p2a: Ferrothorn\n|-damage|p2a: Ferrothorn|14\/100\n|-damage|p1a: Minior|51\/100|[from] ability: Iron Barbs|[of] p2a: Ferrothorn\n|-enditem|p2a: Ferrothorn|Aguav Berry|[eat]\n|-heal|p2a: Ferrothorn|47\/100|[from] item: Aguav Berry\n|move|p2a: Ferrothorn|Iron Defense|p2a: Ferrothorn\n|-boost|p2a: Ferrothorn|def|2\n|\n|-damage|p1a: Minior|39\/100|[from] Leech Seed|[of] p2a: Ferrothorn\n|-heal|p2a: Ferrothorn|57\/100|[silent]\n|-formechange|p1a: Minior|Minior-Yellow||[from] ability: Shields Down\n|upkeep\n|turn|15\n|\n|t:|1699979667\n|move|p1a: Minior|Acrobatics|p2a: Ferrothorn\n|-damage|p2a: Ferrothorn|31\/100\n|-damage|p1a: Minior|27\/100|[from] ability: Iron Barbs|[of] p2a: Ferrothorn\n|move|p2a: Ferrothorn|Iron Defense|p2a: Ferrothorn\n|-boost|p2a: Ferrothorn|def|2\n|\n|-damage|p1a: Minior|15\/100|[from] Leech Seed|[of] p2a: Ferrothorn\n|-heal|p2a: Ferrothorn|41\/100|[silent]\n|upkeep\n|turn|16\n|\n|t:|1699979677\n|move|p1a: Minior|Acrobatics|p2a: Ferrothorn\n|-damage|p2a: Ferrothorn|20\/100\n|-damage|p1a: Minior|2\/100|[from] ability: Iron Barbs|[of] p2a: Ferrothorn\n|move|p2a: Ferrothorn|Toxic|p1a: Minior\n|-status|p1a: Minior|tox\n|\n|-damage|p1a: Minior|0 fnt|[from] Leech Seed|[of] p2a: Ferrothorn\n|-heal|p2a: Ferrothorn|22\/100|[silent]\n|faint|p1a: Minior\n|upkeep\n|\n|t:|1699979680\n|switch|p1a: Keldeo|Keldeo-Resolute|100\/100\n|turn|17\n|\n|t:|1699979683\n|move|p2a: Ferrothorn|Protect|p2a: Ferrothorn\n|-singleturn|p2a: Ferrothorn|Protect\n|move|p1a: Keldeo|Secret Sword|p2a: Ferrothorn\n|-activate|p2a: Ferrothorn|move: Protect\n|\n|upkeep\n|turn|18\n|\n|t:|1699979685\n|move|p1a: Keldeo|Secret Sword|p2a: Ferrothorn\n|-supereffective|p2a: Ferrothorn\n|-damage|p2a: Ferrothorn|5\/100\n|move|p2a: Ferrothorn|Leech Seed|p1a: Keldeo\n|-start|p1a: Keldeo|move: Leech Seed\n|\n|-damage|p1a: Keldeo|88\/100|[from] Leech Seed|[of] p2a: Ferrothorn\n|-heal|p2a: Ferrothorn|17\/100|[silent]\n|upkeep\n|turn|19\n|\n|t:|1699979691\n|move|p2a: Ferrothorn|Protect|p2a: Ferrothorn\n|-singleturn|p2a: Ferrothorn|Protect\n|move|p1a: Keldeo|Secret Sword|p2a: Ferrothorn\n|-activate|p2a: Ferrothorn|move: Protect\n|\n|-heal|p1a: Keldeo|94\/100|[from] item: Leftovers\n|-damage|p1a: Keldeo|82\/100|[from] Leech Seed|[of] p2a: Ferrothorn\n|-heal|p2a: Ferrothorn|29\/100|[silent]\n|upkeep\n|turn|20\n|\n|t:|1699979694\n|switch|p1a: Darmanitan|Darmanitan-Galar, F, tera:Fire|67\/100\n|move|p2a: Ferrothorn|Toxic|p1a: Darmanitan\n|-status|p1a: Darmanitan|tox\n|\n|-damage|p1a: Darmanitan|61\/100 tox|[from] psn\n|upkeep\n|turn|21\n|\n|t:|1699979700\n|move|p2a: Ferrothorn|Protect|p2a: Ferrothorn\n|-singleturn|p2a: Ferrothorn|Protect\n|move|p1a: Darmanitan|Flare Blitz|p2a: Ferrothorn\n|-activate|p2a: Ferrothorn|move: Protect\n|\n|-damage|p1a: Darmanitan|49\/100 tox|[from] psn\n|upkeep\n|turn|22\n|\n|t:|1699979705\n|move|p1a: Darmanitan|Flare Blitz|p2a: Ferrothorn\n|-supereffective|p2a: Ferrothorn\n|-damage|p2a: Ferrothorn|0 fnt\n|-damage|p1a: Darmanitan|37\/100 tox|[from] ability: Iron Barbs|[of] p2a: Ferrothorn\n|faint|p2a: Ferrothorn\n|-damage|p1a: Darmanitan|28\/100 tox|[from] Recoil\n|\n|-damage|p1a: Darmanitan|10\/100 tox|[from] psn\n|upkeep\n|\n|t:|1699979709\n|switch|p2a: Pawmot|Pawmot, M|100\/100\n|turn|23\n|\n|t:|1699979710\n|move|p1a: Darmanitan|Flare Blitz|p2a: Pawmot\n|-damage|p2a: Pawmot|0 fnt\n|faint|p2a: Pawmot\n|-damage|p1a: Darmanitan|0 fnt|[from] Recoil\n|faint|p1a: Darmanitan\n|\n|upkeep\n|\n|t:|1699979716\n|switch|p1a: Keldeo|Keldeo-Resolute|82\/100\n|switch|p2a: Iron Hands|Iron Hands, tera:Fighting|38\/100\n|turn|24\n|\n|t:|1699979722\n|move|p2a: Iron Hands|Fake Out|p1a: Keldeo\n|-damage|p1a: Keldeo|63\/100\n|cant|p1a: Keldeo|flinch\n|\n|-heal|p1a: Keldeo|69\/100|[from] item: Leftovers\n|upkeep\n|turn|25\n|\n|t:|1699979724\n|move|p1a: Keldeo|Secret Sword|p2a: Iron Hands\n|-damage|p2a: Iron Hands|11\/100\n|move|p2a: Iron Hands|Drain Punch|p1a: Keldeo\n|-damage|p1a: Keldeo|0 fnt\n|-heal|p2a: Iron Hands|35\/100|[from] drain|[of] p1a: Keldeo\n|faint|p1a: Keldeo\n|\n|upkeep\n|\n|t:|1699979727\n|switch|p1a: Suicune|Suicune|100\/100\n|-ability|p1a: Suicune|Pressure\n|turn|26\n|\n|t:|1699979730\n|move|p1a: Suicune|Scald|p2a: Iron Hands\n|-damage|p2a: Iron Hands|11\/100\n|move|p2a: Iron Hands|Drain Punch|p1a: Suicune\n|-damage|p1a: Suicune|68\/100\n|-heal|p2a: Iron Hands|26\/100|[from] drain|[of] p1a: Suicune\n|\n|-heal|p1a: Suicune|75\/100|[from] item: Leftovers\n|upkeep\n|turn|27\n|\n|t:|1699979737\n|move|p1a: Suicune|Scald|p2a: Iron Hands\n|-damage|p2a: Iron Hands|2\/100\n|-status|p2a: Iron Hands|brn\n|move|p2a: Iron Hands|Thunder Punch|p1a: Suicune\n|-supereffective|p1a: Suicune\n|-damage|p1a: Suicune|50\/100\n|\n|-heal|p1a: Suicune|56\/100|[from] item: Leftovers\n|-damage|p2a: Iron Hands|0 fnt|[from] brn\n|faint|p2a: Iron Hands\n|-end|p2a: Iron Hands|Quark Drive|[silent]\n|\n|win|Gloxk Party\n|upkeep\n|raw|Gloxk Party's rating: 1094 &rarr; <strong>1127<\/strong><br \/>(+33 for winning)\n|raw|Discri's rating: 1193 &rarr; <strong>1161<\/strong><br \/>(-32 for losing)\n|l|\u2606Discri\n","uploadtime":1699979751,"views":7,"p1id":"gloxkparty","p2id":"discri","formatid":"gen9nationaldexubers","rating":1127,"private":0,"password":""}