{"id":"gen9nationaldexubers-1985235709","p1":"Immortal\u00d7Dark\u00d7Soul","p2":"Devil_Luna 2K","format":"[Gen 9] National Dex Ubers","log":"|j|\u2606Immortal\u00d7Dark\u00d7Soul\n|j|\u2606Devil_Luna 2K\n|t:|1699353228\n|gametype|singles\n|player|p1|Immortal\u00d7Dark\u00d7Soul|ghetsis-gen5bw|\n|player|p2|Devil_Luna 2K|266|\n|teamsize|p1|6\n|teamsize|p2|6\n|gen|9\n|tier|[Gen 9] National Dex Ubers\n|rule|HP Percentage Mod: HP is shown in percentages\n|rule|Endless Battle Clause: Forcing endless battles is banned\n|rule|OHKO Clause: OHKO moves are banned\n|rule|Evasion Moves Clause: Evasion moves are banned\n|rule|Evasion Items Clause: Evasion items are banned\n|rule|Species Clause: Limit one of each Pok\u00e9mon\n|rule|Sleep Clause Mod: Limit one foe put to sleep\n|rule|Mega Rayquaza Clause: You cannot mega evolve Rayquaza\n|clearpoke\n|poke|p1|Butterfree, F|\n|poke|p1|Raticate-Alola, F|\n|poke|p1|Dugtrio-Alola, M|\n|poke|p1|Crobat, F|\n|poke|p1|Pidgeot, F|\n|poke|p1|Arbok, F|\n|poke|p2|Blaziken, M|\n|poke|p2|Lucario, M|\n|poke|p2|Garchomp, M|\n|poke|p2|Mimikyu, M|\n|poke|p2|Hydreigon, M|\n|poke|p2|Luxray, M|\n|teampreview\n|inactive|Battle timer is ON: inactive players will automatically lose when time's up. (requested by Devil_Luna 2K)\n|inactiveoff|Battle timer is now OFF.\n|inactive|Battle timer is ON: inactive players will automatically lose when time's up. (requested by Immortal\u00d7Dark\u00d7Soul)\n|inactiveoff|Battle timer is now OFF.\n|\n|t:|1699353313\n|start\n|switch|p1a: Raticate|Raticate-Alola, F|100\/100\n|switch|p2a: Blaziken|Blaziken, M|100\/100\n|turn|1\n|\n|t:|1699353348\n|detailschange|p2a: Blaziken|Blaziken-Mega, M\n|-mega|p2a: Blaziken|Blaziken|Blazikenite\n|move|p1a: Raticate|Super Fang|p2a: Blaziken\n|-damage|p2a: Blaziken|50\/100\n|move|p2a: Blaziken|Overheat|p1a: Raticate\n|-damage|p1a: Raticate|15\/100\n|-unboost|p2a: Blaziken|spa|2\n|\n|-ability|p2a: Blaziken|Speed Boost|boost\n|-boost|p2a: Blaziken|spe|1\n|upkeep\n|turn|2\n|\n|t:|1699353381\n|move|p2a: Blaziken|Fire Blast|p1a: Raticate|[miss]\n|-miss|p2a: Blaziken|p1a: Raticate\n|move|p1a: Raticate|Stomping Tantrum|p2a: Blaziken\n|-supereffective|p2a: Blaziken\n|-damage|p2a: Blaziken|0 fnt\n|faint|p2a: Blaziken\n|\n|upkeep\n|\n|t:|1699353391\n|switch|p2a: Lucario|Lucario, M|100\/100\n|turn|3\n|\n|t:|1699353404\n|move|p1a: Raticate|Super Fang|p2a: Lucario\n|-damage|p2a: Lucario|50\/100\n|move|p2a: Lucario|Dark Pulse|p1a: Raticate\n|-resisted|p1a: Raticate\n|-damage|p1a: Raticate|0 fnt\n|faint|p1a: Raticate\n|\n|upkeep\n|\n|t:|1699353417\n|switch|p1a: Butterfree|Butterfree, F|100\/100\n|turn|4\n|\n|t:|1699353453\n|switch|p1a: Arbok|Arbok, F|100\/100\n|-ability|p1a: Arbok|Intimidate|boost\n|-unboost|p2a: Lucario|atk|1\n|-terastallize|p2a: Lucario|Fighting\n|move|p2a: Lucario|Close Combat|p1a: Arbok\n|-resisted|p1a: Arbok\n|-damage|p1a: Arbok|60\/100\n|-unboost|p2a: Lucario|def|1\n|-unboost|p2a: Lucario|spd|1\n|\n|upkeep\n|turn|5\n|-activate|p2a: Lucario|item: Quick Claw\n|\n|t:|1699353484\n|move|p2a: Lucario|Dark Pulse|p1a: Arbok\n|-damage|p1a: Arbok|29\/100\n|cant|p1a: Arbok|flinch\n|\n|upkeep\n|turn|6\n|\n|t:|1699353505\n|-zpower|p1a: Arbok\n|move|p1a: Arbok|Hydro Vortex|p2a: Lucario|[zeffect]\n|-damage|p2a: Lucario|0 fnt\n|faint|p2a: Lucario\n|\n|upkeep\n|\n|t:|1699353515\n|switch|p2a: Garchomp|Garchomp, M|100\/100\n|turn|7\n|\n|t:|1699353524\n|move|p1a: Arbok|Aqua Tail|p2a: Garchomp\n|-crit|p2a: Garchomp\n|-damage|p2a: Garchomp|61\/100\n|-damage|p1a: Arbok|17\/100|[from] ability: Rough Skin|[of] p2a: Garchomp\n|move|p2a: Garchomp|Dragon Pulse|p1a: Arbok\n|-damage|p1a: Arbok|0 fnt\n|faint|p1a: Arbok\n|\n|upkeep\n|\n|t:|1699353536\n|switch|p1a: Pidgeot|Pidgeot, F|100\/100\n|turn|8\n|\n|t:|1699353553\n|detailschange|p1a: Pidgeot|Pidgeot-Mega, F\n|-mega|p1a: Pidgeot|Pidgeot|Pidgeotite\n|move|p1a: Pidgeot|Hidden Power|p2a: Garchomp\n|-damage|p2a: Garchomp|37\/100\n|move|p2a: Garchomp|Fire Blast|p1a: Pidgeot\n|-damage|p1a: Pidgeot|69\/100\n|\n|upkeep\n|turn|9\n|\n|t:|1699353604\n|move|p1a: Pidgeot|Fly||[still]\n|-prepare|p1a: Pidgeot|Fly\n|move|p2a: Garchomp|Draco Meteor|p1a: Pidgeot\n|-damage|p1a: Pidgeot|4\/100\n|-unboost|p2a: Garchomp|spa|2\n|\n|upkeep\n|turn|10\n|\n|t:|1699353616\n|move|p1a: Pidgeot|Fly|p2a: Garchomp|[from]lockedmove\n|-damage|p2a: Garchomp|17\/100\n|-damage|p1a: Pidgeot|0 fnt|[from] ability: Rough Skin|[of] p2a: Garchomp\n|faint|p1a: Pidgeot\n|move|p2a: Garchomp|Draco Meteor|p1: Pidgeot|[notarget]\n|-fail|p2a: Garchomp\n|\n|upkeep\n|\n|t:|1699353626\n|switch|p1a: Butterfree|Butterfree, F|100\/100\n|turn|11\n|\n|t:|1699353656\n|move|p2a: Garchomp|Draco Meteor|p1a: Butterfree\n|-damage|p1a: Butterfree|63\/100\n|-unboost|p2a: Garchomp|spa|2\n|move|p1a: Butterfree|Energy Ball|p2a: Garchomp\n|-damage|p2a: Garchomp|0 fnt\n|faint|p2a: Garchomp\n|\n|upkeep\n|\n|t:|1699353669\n|switch|p2a: Mimikyu|Mimikyu, M|100\/100\n|turn|12\n|\n|t:|1699353693\n|move|p1a: Butterfree|Hurricane|p2a: Mimikyu|[miss]\n|-miss|p1a: Butterfree|p2a: Mimikyu\n|move|p2a: Mimikyu|Giga Impact|p1a: Butterfree\n|-damage|p1a: Butterfree|0 fnt\n|-mustrecharge|p2a: Mimikyu\n|faint|p1a: Butterfree\n|\n|upkeep\n|\n|t:|1699353707\n|switch|p1a: Crobat|Crobat, F|100\/100\n|turn|13\n|\n|t:|1699353726\n|move|p1a: Crobat|Heat Wave|p2a: Mimikyu\n|-activate|p2a: Mimikyu|ability: Disguise\n|-damage|p2a: Mimikyu|100\/100\n|detailschange|p2a: Mimikyu|Mimikyu-Busted, M\n|-damage|p2a: Mimikyu|88\/100|[from] pokemon: Mimikyu-Busted\n|cant|p2a: Mimikyu|recharge\n|\n|upkeep\n|turn|14\n|\n|t:|1699353776\n|move|p1a: Crobat|Heat Wave|p2a: Mimikyu\n|-damage|p2a: Mimikyu|55\/100\n|move|p2a: Mimikyu|Giga Impact|p1a: Crobat\n|-crit|p1a: Crobat\n|-damage|p1a: Crobat|26\/100\n|-mustrecharge|p2a: Mimikyu\n|\n|upkeep\n|turn|15\n|\n|t:|1699353790\n|move|p1a: Crobat|Giga Drain|p2a: Mimikyu\n|-damage|p2a: Mimikyu|30\/100\n|-heal|p1a: Crobat|36\/100|[from] drain|[of] p2a: Mimikyu\n|cant|p2a: Mimikyu|recharge\n|\n|upkeep\n|turn|16\n|\n|t:|1699353808\n|move|p1a: Crobat|Giga Drain|p2a: Mimikyu\n|-crit|p2a: Mimikyu\n|-damage|p2a: Mimikyu|0 fnt\n|-heal|p1a: Crobat|48\/100|[from] drain|[of] p2a: Mimikyu\n|faint|p2a: Mimikyu\n|\n|upkeep\n|\n|t:|1699353815\n|switch|p2a: Hydreigon|Hydreigon, M|100\/100\n|turn|17\n|\n|t:|1699353823\n|move|p1a: Crobat|Giga Drain|p2a: Hydreigon\n|-resisted|p2a: Hydreigon\n|-crit|p2a: Hydreigon\n|-damage|p2a: Hydreigon|85\/100\n|-heal|p1a: Crobat|57\/100|[from] drain|[of] p2a: Hydreigon\n|move|p2a: Hydreigon|Draco Meteor|p1a: Crobat\n|-damage|p1a: Crobat|0 fnt\n|-unboost|p2a: Hydreigon|spa|2\n|faint|p1a: Crobat\n|\n|upkeep\n|\n|t:|1699353836\n|switch|p1a: Dugtrio|Dugtrio-Alola, M|100\/100\n|turn|18\n|\n|t:|1699353889\n|-terastallize|p1a: Dugtrio|Fairy\n|move|p1a: Dugtrio|Tera Blast|p2a: Hydreigon|[anim] Tera Blast Fairy\n|-supereffective|p2a: Hydreigon\n|-damage|p2a: Hydreigon|0 fnt\n|faint|p2a: Hydreigon\n|\n|upkeep\n|\n|t:|1699353896\n|switch|p2a: Luxray|Luxray, M|100\/100\n|turn|19\n|\n|t:|1699353942\n|move|p1a: Dugtrio|Sandstorm|p1a: Dugtrio\n|-weather|Sandstorm\n|move|p2a: Luxray|Superpower|p1a: Dugtrio\n|-resisted|p1a: Dugtrio\n|-damage|p1a: Dugtrio|43\/100\n|-unboost|p2a: Luxray|atk|1\n|-unboost|p2a: Luxray|def|1\n|\n|-weather|Sandstorm|[upkeep]\n|-damage|p2a: Luxray|94\/100|[from] Sandstorm\n|upkeep\n|turn|20\n|j| rizeparon\n|l| rizeparon\n|\n|t:|1699354002\n|move|p1a: Dugtrio|Earthquake|p2a: Luxray\n|-supereffective|p2a: Luxray\n|-damage|p2a: Luxray|0 fnt\n|faint|p2a: Luxray\n|\n|win|Immortal\u00d7Dark\u00d7Soul\n|l|\u2606Immortal\u00d7Dark\u00d7Soul\n|l|\u2606Devil_Luna 2K\n|j|\u2606Immortal\u00d7Dark\u00d7Soul\n|player|p1|Immortal\u00d7Dark\u00d7Soul|ghetsis-gen5bw\n","uploadtime":1699354037,"views":4,"p1id":"immortaldarksoul","p2id":"devilluna2k","formatid":"gen9nationaldexubers","rating":0,"private":0,"password":""}