{"id":"gen9nationaldexubers-1980948931","p1":"Guysuper2077","p2":"Denimas","format":"[Gen 9] National Dex Ubers","log":"|j|\u2606Guysuper2077\n|j|\u2606Denimas\n|t:|1698851506\n|gametype|singles\n|player|p1|Guysuper2077|ghetsis|1201\n|player|p2|Denimas|giovanni|1046\n|teamsize|p1|6\n|teamsize|p2|6\n|gen|9\n|tier|[Gen 9] National Dex Ubers\n|rated|\n|rule|HP Percentage Mod: HP is shown in percentages\n|rule|Endless Battle Clause: Forcing endless battles is banned\n|rule|OHKO Clause: OHKO moves are banned\n|rule|Evasion Moves Clause: Evasion moves are banned\n|rule|Evasion Items Clause: Evasion items are banned\n|rule|Species Clause: Limit one of each Pok\u00e9mon\n|rule|Sleep Clause Mod: Limit one foe put to sleep\n|rule|Mega Rayquaza Clause: You cannot mega evolve Rayquaza\n|clearpoke\n|poke|p1|Zacian-*|\n|poke|p1|Rayquaza|\n|poke|p1|Groudon|\n|poke|p1|Xerneas-*|\n|poke|p1|Deoxys-Speed|\n|poke|p1|Arceus-Dark|\n|poke|p2|Sneasel-Hisui, F|\n|poke|p2|Tyrunt, F|\n|poke|p2|Dewpider, F|\n|poke|p2|Mareanie, M|\n|poke|p2|Mr. Mime-Galar, M|\n|poke|p2|Ferroseed, F|\n|teampreview\n|inactive|Battle timer is ON: inactive players will automatically lose when time's up. (requested by Guysuper2077)\n|c|\u2606Denimas|hi!!\n|c|\u2606Guysuper2077|?\n|\n|t:|1698851528\n|start\n|switch|p1a: Deoxys|Deoxys-Speed|100\/100\n|switch|p2a: Ferroseed|Ferroseed, F|100\/100\n|-ability|p1a: Deoxys|Pressure\n|turn|1\n|c|\u2606Guysuper2077|wrong?\n|\n|t:|1698851551\n|move|p1a: Deoxys|Taunt|p2a: Ferroseed\n|-start|p2a: Ferroseed|move: Taunt\n|cant|p2a: Ferroseed|move: Taunt|Stealth Rock\n|\n|upkeep\n|turn|2\n|c|\u2606Denimas|no! its my baby pokemons!!\n|c|\u2606Denimas|i love they!!\n|\n|t:|1698851560\n|move|p1a: Deoxys|Knock Off|p2a: Ferroseed\n|-damage|p2a: Ferroseed|88\/100\n|-damage|p1a: Deoxys|88\/100|[from] ability: Iron Barbs|[of] p2a: Ferroseed\n|-enditem|p2a: Ferroseed|Eviolite|[from] move: Knock Off|[of] p1a: Deoxys\n|move|p2a: Ferroseed|Knock Off|p1a: Deoxys\n|-supereffective|p1a: Deoxys\n|-damage|p1a: Deoxys|53\/100\n|-damage|p2a: Ferroseed|71\/100|[from] item: Rocky Helmet|[of] p1a: Deoxys\n|-enditem|p1a: Deoxys|Rocky Helmet|[from] move: Knock Off|[of] p2a: Ferroseed\n|\n|upkeep\n|turn|3\n|c|\u2606Guysuper2077|...\n|\n|t:|1698851579\n|switch|p2a: Mareanie|Mareanie, M|100\/100\n|move|p1a: Deoxys|Stealth Rock|p2a: Mareanie\n|-sidestart|p2: Denimas|move: Stealth Rock\n|\n|upkeep\n|turn|4\n|\n|t:|1698851586\n|move|p1a: Deoxys|Taunt|p2a: Mareanie\n|-start|p2a: Mareanie|move: Taunt\n|move|p2a: Mareanie|Infestation|p1a: Deoxys\n|-supereffective|p1a: Deoxys\n|-damage|p1a: Deoxys|47\/100\n|-activate|p1a: Deoxys|move: Infestation|[of] p2a: Mareanie\n|\n|-damage|p1a: Deoxys|34\/100|[from] move: Infestation|[partiallytrapped]\n|upkeep\n|turn|5\n|\n|t:|1698851596\n|move|p1a: Deoxys|Psycho Boost|p2a: Mareanie\n|-supereffective|p2a: Mareanie\n|-damage|p2a: Mareanie|15\/100\n|-unboost|p1a: Deoxys|spa|2\n|move|p2a: Mareanie|Infestation|p1a: Deoxys\n|-supereffective|p1a: Deoxys\n|-damage|p1a: Deoxys|27\/100\n|\n|-damage|p1a: Deoxys|15\/100|[from] move: Infestation|[partiallytrapped]\n|upkeep\n|turn|6\n|\n|t:|1698851608\n|move|p1a: Deoxys|Knock Off|p2a: Mareanie\n|-damage|p2a: Mareanie|0 fnt\n|-enditem|p2a: Mareanie|Eviolite|[from] move: Knock Off|[of] p1a: Deoxys\n|faint|p2a: Mareanie\n|\n|-end|p1a: Deoxys|Infestation|[partiallytrapped]|[silent]\n|upkeep\n|\n|t:|1698851613\n|switch|p2a: Sneasel|Sneasel-Hisui, F|100\/100\n|-damage|p2a: Sneasel|95\/100|[from] Stealth Rock\n|turn|7\n|\n|t:|1698851617\n|move|p2a: Sneasel|Fake Out|p1a: Deoxys\n|-damage|p1a: Deoxys|2\/100\n|cant|p1a: Deoxys|flinch\n|\n|upkeep\n|turn|8\n|\n|t:|1698851623\n|move|p2a: Sneasel|Protect|p2a: Sneasel\n|-singleturn|p2a: Sneasel|Protect\n|move|p1a: Deoxys|Psycho Boost|p2a: Sneasel\n|-activate|p2a: Sneasel|move: Protect\n|\n|upkeep\n|turn|9\n|\n|t:|1698851632\n|switch|p2a: Ferroseed|Ferroseed, F|71\/100\n|-damage|p2a: Ferroseed|65\/100|[from] Stealth Rock\n|move|p1a: Deoxys|Psycho Boost|p2a: Ferroseed\n|-resisted|p2a: Ferroseed\n|-damage|p2a: Ferroseed|49\/100\n|-unboost|p1a: Deoxys|spa|2\n|\n|upkeep\n|turn|10\n|\n|t:|1698851643\n|move|p1a: Deoxys|Taunt|p2a: Ferroseed\n|-start|p2a: Ferroseed|move: Taunt\n|move|p2a: Ferroseed|Knock Off|p1a: Deoxys\n|-supereffective|p1a: Deoxys\n|-damage|p1a: Deoxys|0 fnt\n|faint|p1a: Deoxys\n|\n|upkeep\n|\n|t:|1698851652\n|switch|p1a: Groudon|Groudon|100\/100\n|detailschange|p1a: Groudon|Groudon-Primal\n|-primal|p1a: Groudon|Red Orb\n|-weather|DesolateLand|[from] ability: Desolate Land|[of] p1a: Groudon\n|turn|11\n|\n|t:|1698851658\n|move|p1a: Groudon|Rock Polish|p1a: Groudon\n|-boost|p1a: Groudon|spe|2\n|move|p2a: Ferroseed|Knock Off|p1a: Groudon\n|-damage|p1a: Groudon|95\/100\n|\n|-weather|DesolateLand|[upkeep]\n|upkeep\n|turn|12\n|\n|t:|1698851666\n|move|p1a: Groudon|Precipice Blades|p2a: Ferroseed\n|-damage|p2a: Ferroseed|0 fnt\n|faint|p2a: Ferroseed\n|\n|-weather|DesolateLand|[upkeep]\n|upkeep\n|\n|t:|1698851673\n|switch|p2a: Dewpider|Dewpider, F|100\/100\n|-damage|p2a: Dewpider|76\/100|[from] Stealth Rock\n|turn|13\n|c|\u2606Guysuper2077|sorry\n|\n|t:|1698851690\n|move|p1a: Groudon|Heat Crash|p2a: Dewpider\n|-damage|p2a: Dewpider|0 fnt\n|faint|p2a: Dewpider\n|\n|-weather|DesolateLand|[upkeep]\n|upkeep\n|c|\u2606Denimas|noo you kill my kids\n|\n|t:|1698851701\n|switch|p2a: Mr. Mime|Mr. Mime-Galar, M|100\/100\n|-damage|p2a: Mr. Mime|76\/100|[from] Stealth Rock\n|turn|14\n|\n|t:|1698851709\n|move|p1a: Groudon|Heat Crash|p2a: Mr. Mime\n|-supereffective|p2a: Mr. Mime\n|-damage|p2a: Mr. Mime|0 fnt\n|faint|p2a: Mr. Mime\n|\n|-weather|DesolateLand|[upkeep]\n|upkeep\n|c|\u2606Denimas|noooooo\n|c|\u2606Denimas|i will revenge\n|\n|t:|1698851722\n|switch|p2a: Tyrunt|Tyrunt, F|100\/100\n|-damage|p2a: Tyrunt|88\/100|[from] Stealth Rock\n|turn|15\n|\n|t:|1698851728\n|move|p1a: Groudon|Precipice Blades|p2a: Tyrunt|[miss]\n|-miss|p1a: Groudon|p2a: Tyrunt\n|move|p2a: Tyrunt|Psychic Fangs|p1a: Groudon\n|-damage|p1a: Groudon|73\/100\n|\n|-weather|DesolateLand|[upkeep]\n|upkeep\n|turn|16\n|c|\u2606Guysuper2077|...hh\n|-message|Guysuper2077 forfeited.\n|\n|win|Denimas\n|raw|Guysuper2077's rating: 1201 &rarr; <strong>1166<\/strong><br \/>(-35 for losing)\n|raw|Denimas's rating: 1046 &rarr; <strong>1093<\/strong><br \/>(+47 for winning)\n|l|\u2606Guysuper2077\n","uploadtime":1698851757,"views":9,"p1id":"guysuper2077","p2id":"denimas","formatid":"gen9nationaldexubers","rating":1093,"private":0,"password":""}