{"id":"gen9nationaldexubers-1987506038","p1":"taoe","p2":"aectrosilly","format":"[Gen 9] National Dex Ubers","log":"|j|\u2606taoe\n|j|\u2606aectrosilly\n|t:|1699603286\n|gametype|singles\n|player|p1|taoe|pokemonrangerf-gen4|\n|player|p2|aectrosilly|acerola-masters|\n|teamsize|p1|6\n|teamsize|p2|6\n|gen|9\n|tier|[Gen 9] National Dex Ubers\n|rule|HP Percentage Mod: HP is shown in percentages\n|rule|Endless Battle Clause: Forcing endless battles is banned\n|rule|OHKO Clause: OHKO moves are banned\n|rule|Evasion Moves Clause: Evasion moves are banned\n|rule|Evasion Items Clause: Evasion items are banned\n|rule|Species Clause: Limit one of each Pok\u00e9mon\n|rule|Sleep Clause Mod: Limit one foe put to sleep\n|rule|Mega Rayquaza Clause: You cannot mega evolve Rayquaza\n|clearpoke\n|poke|p1|Malamar, M|\n|poke|p1|Gholdengo|\n|poke|p1|Cinderace, M|\n|poke|p1|Crawdaunt, M|\n|poke|p1|Meowscarada, F|\n|poke|p1|Nidoking, M|\n|poke|p2|Hitmonlee, M|\n|poke|p2|Ribombee, F|\n|poke|p2|Kartana|\n|poke|p2|Indeedee, M|\n|poke|p2|Diancie|\n|poke|p2|Slowking-Galar, F|\n|teampreview\n|\n|t:|1699603306\n|start\n|switch|p1a: Malamar|Malamar, M|100\/100\n|switch|p2a: Kartana|Kartana, shiny|100\/100\n|turn|1\n|\n|t:|1699603320\n|switch|p1a: Gholdengo|Gholdengo, shiny|100\/100\n|-item|p1a: Gholdengo|Air Balloon\n|move|p2a: Kartana|Protect||[still]\n|-fail|p2a: Kartana\n|\n|upkeep\n|turn|2\n|\n|t:|1699603329\n|move|p2a: Kartana|Knock Off|p1a: Gholdengo\n|-supereffective|p1a: Gholdengo\n|-damage|p1a: Gholdengo|0 fnt\n|-enditem|p1a: Gholdengo|Air Balloon\n|faint|p1a: Gholdengo\n|-ability|p2a: Kartana|Beast Boost|boost\n|-boost|p2a: Kartana|atk|1\n|-damage|p2a: Kartana|91\/100|[from] item: Life Orb\n|\n|upkeep\n|\n|t:|1699603335\n|switch|p1a: Cinderace|Cinderace, M, shiny|100\/100\n|turn|3\n|\n|t:|1699603343\n|move|p1a: Cinderace|Pyro Ball|p2a: Kartana\n|-supereffective|p2a: Kartana\n|-damage|p2a: Kartana|0 fnt\n|faint|p2a: Kartana\n|\n|upkeep\n|\n|t:|1699603384\n|switch|p2a: Diancie|Diancie, shiny|100\/100\n|turn|4\n|\n|t:|1699603400\n|switch|p1a: Nidoking|Nidoking, M, shiny|100\/100\n|detailschange|p2a: Diancie|Diancie-Mega, shiny\n|-mega|p2a: Diancie|Diancie|Diancite\n|move|p2a: Diancie|Earth Power|p1a: Nidoking\n|-supereffective|p1a: Nidoking\n|-damage|p1a: Nidoking|0 fnt\n|faint|p1a: Nidoking\n|\n|upkeep\n|\n|t:|1699603409\n|switch|p1a: Meowscarada|Meowscarada, F, shiny|100\/100\n|turn|5\n|\n|t:|1699603421\n|-terastallize|p1a: Meowscarada|Grass\n|move|p1a: Meowscarada|Flower Trick|p2a: Diancie\n|-supereffective|p2a: Diancie\n|-crit|p2a: Diancie\n|-damage|p2a: Diancie|0 fnt\n|faint|p2a: Diancie\n|\n|upkeep\n|\n|t:|1699603455\n|switch|p2a: Ribombee|Ribombee, F, shiny|100\/100\n|turn|6\n|\n|t:|1699603460\n|switch|p1a: Cinderace|Cinderace, M, shiny|100\/100\n|move|p2a: Ribombee|Bug Buzz|p1a: Cinderace\n|-resisted|p1a: Cinderace\n|-damage|p1a: Cinderace|70\/100\n|\n|upkeep\n|turn|7\n|\n|t:|1699603472\n|move|p1a: Cinderace|Pyro Ball|p2a: Ribombee|[miss]\n|-miss|p1a: Cinderace|p2a: Ribombee\n|move|p2a: Ribombee|Sticky Web|p1a: Cinderace\n|-sidestart|p1: taoe|move: Sticky Web\n|\n|upkeep\n|turn|8\n|\n|t:|1699603479\n|move|p1a: Cinderace|Pyro Ball|p2a: Ribombee\n|-supereffective|p2a: Ribombee\n|-enditem|p2a: Ribombee|Focus Sash\n|-damage|p2a: Ribombee|1\/100\n|move|p2a: Ribombee|Moonblast|p1a: Cinderace\n|-resisted|p1a: Cinderace\n|-damage|p1a: Cinderace|39\/100\n|\n|upkeep\n|turn|9\n|\n|t:|1699603486\n|move|p1a: Cinderace|Sucker Punch|p2a: Ribombee\n|-resisted|p2a: Ribombee\n|-damage|p2a: Ribombee|0 fnt\n|faint|p2a: Ribombee\n|\n|upkeep\n|\n|t:|1699603495\n|switch|p2a: Slowking|Slowking-Galar, F|100\/100\n|turn|10\n|\n|t:|1699603500\n|move|p1a: Cinderace|Court Change|p1a: Cinderace\n|-swapsideconditions\n|-activate|p1a: Cinderace|move: Court Change\n|move|p2a: Slowking|Slack Off||[still]\n|-fail|p2a: Slowking|heal\n|\n|upkeep\n|turn|11\n|\n|t:|1699603510\n|move|p1a: Cinderace|Pyro Ball|p2a: Slowking\n|-damage|p2a: Slowking|52\/100\n|-enditem|p2a: Slowking|Red Card|[of] p1a: Cinderace\n|drag|p1a: Malamar|Malamar, M|100\/100\n|move|p2a: Slowking|Future Sight|p1a: Malamar\n|-start|p2a: Slowking|move: Future Sight\n|\n|upkeep\n|turn|12\n|\n|t:|1699603526\n|move|p1a: Malamar|Knock Off|p2a: Slowking\n|-supereffective|p2a: Slowking\n|-damage|p2a: Slowking|0 fnt\n|faint|p2a: Slowking\n|\n|upkeep\n|\n|t:|1699603538\n|switch|p2a: Indeedee|Indeedee, M, shiny|100\/100\n|-activate|p2a: Indeedee|move: Sticky Web\n|-unboost|p2a: Indeedee|spe|1\n|-fieldstart|move: Psychic Terrain|[from] ability: Psychic Surge|[of] p2a: Indeedee\n|turn|13\n|\n|t:|1699603561\n|switch|p2a: Hitmonlee|Hitmonlee, M|100\/100\n|-activate|p2a: Hitmonlee|move: Sticky Web\n|-unboost|p2a: Hitmonlee|spe|1\n|move|p1a: Malamar|Knock Off|p2a: Hitmonlee\n|-resisted|p2a: Hitmonlee\n|-damage|p2a: Hitmonlee|53\/100\n|-enditem|p2a: Hitmonlee|Mirror Herb|[from] move: Knock Off|[of] p1a: Malamar\n|\n|-end|p1a: Malamar|move: Future Sight\n|-immune|p1a: Malamar\n|upkeep\n|turn|14\n|\n|t:|1699603569\n|move|p2a: Hitmonlee|Swagger|p1a: Malamar\n|-unboost|p1a: Malamar|atk|2\n|-start|p1a: Malamar|confusion\n|-activate|p1a: Malamar|confusion\n|move|p1a: Malamar|Psycho Cut|p2a: Hitmonlee\n|-supereffective|p2a: Hitmonlee\n|-damage|p2a: Hitmonlee|0 fnt\n|faint|p2a: Hitmonlee\n|\n|upkeep\n|\n|t:|1699603577\n|switch|p2a: Indeedee|Indeedee, M, shiny|100\/100\n|-activate|p2a: Indeedee|move: Sticky Web\n|-unboost|p2a: Indeedee|spe|1\n|turn|15\n|\n|t:|1699603588\n|move|p2a: Indeedee|Dazzling Gleam|p1a: Malamar\n|-supereffective|p1a: Malamar\n|-damage|p1a: Malamar|11\/100\n|-activate|p1a: Malamar|confusion\n|-damage|p1a: Malamar|5\/100|[from] confusion\n|\n|-heal|p1a: Malamar|12\/100|[from] item: Leftovers\n|upkeep\n|turn|16\n|\n|t:|1699603595\n|switch|p1a: Cinderace|Cinderace, M, shiny|39\/100\n|move|p2a: Indeedee|Dazzling Gleam|p1a: Cinderace\n|-resisted|p1a: Cinderace\n|-damage|p1a: Cinderace|12\/100\n|\n|upkeep\n|turn|17\n|\n|t:|1699603601\n|move|p1a: Cinderace|Pyro Ball|p2a: Indeedee\n|-damage|p2a: Indeedee|0 fnt\n|faint|p2a: Indeedee\n|\n|win|taoe\n","uploadtime":1699603608,"views":6,"p1id":"taoe","p2id":"aectrosilly","formatid":"gen9nationaldexubers","rating":0,"private":0,"password":""}