{"id":"gen9nationaldexubers-1991451435","p1":"envy_mon","p2":"El Rulomax","format":"[Gen 9] National Dex Ubers","log":"|j|\u2606envy_mon\n|j|\u2606El Rulomax\n|t:|1700078239\n|gametype|singles\n|player|p1|envy_mon|ingo|1048\n|player|p2|El Rulomax|102|1057\n|teamsize|p1|6\n|teamsize|p2|6\n|gen|9\n|tier|[Gen 9] National Dex Ubers\n|rated|\n|rule|HP Percentage Mod: HP is shown in percentages\n|rule|Endless Battle Clause: Forcing endless battles is banned\n|rule|OHKO Clause: OHKO moves are banned\n|rule|Evasion Moves Clause: Evasion moves are banned\n|rule|Evasion Items Clause: Evasion items are banned\n|rule|Species Clause: Limit one of each Pok\u00e9mon\n|rule|Sleep Clause Mod: Limit one foe put to sleep\n|rule|Mega Rayquaza Clause: You cannot mega evolve Rayquaza\n|clearpoke\n|poke|p1|Solgaleo|\n|poke|p1|Dragapult, M|\n|poke|p1|Flutter Mane|\n|poke|p1|Garganacl, M|\n|poke|p1|Salamence, M|\n|poke|p1|Kyogre|\n|poke|p2|Gyarados, M|\n|poke|p2|Clodsire, M|\n|poke|p2|Crobat, F|\n|poke|p2|Gardevoir, F|\n|poke|p2|Annihilape, F|\n|poke|p2|Rotom-Heat|\n|teampreview\n|\n|t:|1700078260\n|start\n|switch|p1a: Garganacl|Garganacl, M|100\/100\n|switch|p2a: Crobat|Crobat, F|100\/100\n|turn|1\n|\n|t:|1700078270\n|move|p2a: Crobat|U-turn|p1a: Garganacl\n|-damage|p1a: Garganacl|78\/100\n|\n|t:|1700078276\n|switch|p2a: Clodsire|Clodsire, M|100\/100|[from] U-turn\n|move|p1a: Garganacl|Salt Cure|p2a: Clodsire\n|-resisted|p2a: Clodsire\n|-damage|p2a: Clodsire|94\/100\n|-start|p2a: Clodsire|Salt Cure\n|\n|-damage|p2a: Clodsire|82\/100|[from] Salt Cure\n|upkeep\n|turn|2\n|\n|t:|1700078295\n|move|p1a: Garganacl|Iron Defense|p1a: Garganacl\n|-boost|p1a: Garganacl|def|2\n|move|p2a: Clodsire|Gunk Shot|p1a: Garganacl\n|-resisted|p1a: Garganacl\n|-crit|p1a: Garganacl\n|-damage|p1a: Garganacl|62\/100\n|\n|-damage|p2a: Clodsire|69\/100|[from] Salt Cure\n|upkeep\n|turn|3\n|\n|t:|1700078305\n|switch|p2a: Gardevoir|Gardevoir, F|100\/100\n|-ability|p2a: Gardevoir|Sturdy|[from] ability: Trace|[of] p1a: Garganacl\n|move|p1a: Garganacl|Iron Defense|p1a: Garganacl\n|-boost|p1a: Garganacl|def|2\n|\n|upkeep\n|turn|4\n|\n|t:|1700078316\n|move|p2a: Gardevoir|Psychic|p1a: Garganacl\n|-damage|p1a: Garganacl|6\/100\n|-enditem|p1a: Garganacl|Aguav Berry|[eat]\n|-heal|p1a: Garganacl|39\/100|[from] item: Aguav Berry\n|move|p1a: Garganacl|Salt Cure|p2a: Gardevoir\n|-damage|p2a: Gardevoir|77\/100\n|-start|p2a: Gardevoir|Salt Cure\n|\n|-damage|p2a: Gardevoir|65\/100|[from] Salt Cure\n|upkeep\n|turn|5\n|\n|t:|1700078326\n|move|p2a: Gardevoir|Psychic|p1a: Garganacl\n|-damage|p1a: Garganacl|0 fnt\n|faint|p1a: Garganacl\n|\n|-damage|p2a: Gardevoir|53\/100|[from] Salt Cure\n|upkeep\n|\n|t:|1700078343\n|switch|p1a: Kyogre|Kyogre, shiny|100\/100\n|detailschange|p1a: Kyogre|Kyogre-Primal, shiny\n|-primal|p1a: Kyogre|Blue Orb\n|-weather|PrimordialSea|[from] ability: Primordial Sea|[of] p1a: Kyogre\n|turn|6\n|\n|t:|1700078366\n|switch|p2a: Clodsire|Clodsire, M|69\/100\n|move|p1a: Kyogre|Signal Beam|p2a: Clodsire\n|-resisted|p2a: Clodsire\n|-damage|p2a: Clodsire|60\/100\n|\n|-weather|PrimordialSea|[upkeep]\n|upkeep\n|turn|7\n|\n|t:|1700078374\n|move|p1a: Kyogre|Origin Pulse|p2a: Clodsire|[miss]\n|-miss|p1a: Kyogre|p2a: Clodsire\n|move|p2a: Clodsire|Toxic|p1a: Kyogre\n|-status|p1a: Kyogre|tox\n|\n|-weather|PrimordialSea|[upkeep]\n|-damage|p1a: Kyogre|94\/100 tox|[from] psn\n|upkeep\n|turn|8\n|\n|t:|1700078386\n|move|p1a: Kyogre|Origin Pulse|p2a: Clodsire\n|-supereffective|p2a: Clodsire\n|-damage|p2a: Clodsire|0 fnt\n|faint|p2a: Clodsire\n|\n|-weather|PrimordialSea|[upkeep]\n|-damage|p1a: Kyogre|82\/100 tox|[from] psn\n|upkeep\n|\n|t:|1700078404\n|switch|p2a: Annihilape|Annihilape, F|100\/100\n|turn|9\n|\n|t:|1700078409\n|move|p1a: Kyogre|Origin Pulse|p2a: Annihilape\n|-damage|p2a: Annihilape|1\/100\n|move|p2a: Annihilape|Drain Punch|p1a: Kyogre\n|-damage|p1a: Kyogre|50\/100 tox\n|-heal|p2a: Annihilape|14\/100|[from] drain|[of] p1a: Kyogre\n|\n|-weather|PrimordialSea|[upkeep]\n|-heal|p2a: Annihilape|21\/100|[from] item: Leftovers\n|-damage|p1a: Kyogre|32\/100 tox|[from] psn\n|upkeep\n|turn|10\n|\n|t:|1700078426\n|move|p1a: Kyogre|Origin Pulse|p2a: Annihilape\n|-damage|p2a: Annihilape|0 fnt\n|faint|p2a: Annihilape\n|\n|-weather|PrimordialSea|[upkeep]\n|-damage|p1a: Kyogre|7\/100 tox|[from] psn\n|upkeep\n|\n|t:|1700078433\n|switch|p2a: Gardevoir|Gardevoir, F|53\/100\n|-ability|p2a: Gardevoir|Primordial Sea|[from] ability: Trace|[of] p1a: Kyogre\n|turn|11\n|\n|t:|1700078442\n|move|p2a: Gardevoir|Vacuum Wave|p1a: Kyogre\n|-damage|p1a: Kyogre|0 fnt\n|faint|p1a: Kyogre\n|\n|-weather|PrimordialSea|[upkeep]\n|upkeep\n|\n|t:|1700078461\n|switch|p1a: Solgaleo|Solgaleo|100\/100\n|turn|12\n|\n|t:|1700078468\n|-weather|none\n|switch|p2a: Rotom|Rotom-Heat|100\/100\n|move|p1a: Solgaleo|Heavy Slam|p2a: Rotom\n|-resisted|p2a: Rotom\n|-damage|p2a: Rotom|83\/100\n|\n|-heal|p2a: Rotom|89\/100|[from] item: Leftovers\n|upkeep\n|turn|13\n|\n|t:|1700078483\n|switch|p1a: Dragapult|Dragapult, M, shiny|100\/100\n|move|p2a: Rotom|Will-O-Wisp|p1a: Dragapult|[miss]\n|-miss|p2a: Rotom|p1a: Dragapult\n|\n|-heal|p2a: Rotom|95\/100|[from] item: Leftovers\n|upkeep\n|turn|14\n|\n|t:|1700078490\n|move|p1a: Dragapult|Draco Meteor|p2a: Rotom|[miss]\n|-miss|p1a: Dragapult|p2a: Rotom\n|move|p2a: Rotom|Will-O-Wisp|p1a: Dragapult|[miss]\n|-miss|p2a: Rotom|p1a: Dragapult\n|\n|-heal|p2a: Rotom|100\/100|[from] item: Leftovers\n|upkeep\n|turn|15\n|\n|t:|1700078498\n|switch|p2a: Gardevoir|Gardevoir, F|53\/100\n|-ability|p2a: Gardevoir|Infiltrator|[from] ability: Trace|[of] p1a: Dragapult\n|move|p1a: Dragapult|Light Screen|p1a: Dragapult\n|-sidestart|p1: envy_mon|move: Light Screen\n|\n|upkeep\n|turn|16\n|\n|t:|1700078513\n|-terastallize|p1a: Dragapult|Steel\n|-terastallize|p2a: Gardevoir|Fighting\n|move|p1a: Dragapult|Thunderbolt|p2a: Gardevoir\n|-damage|p2a: Gardevoir|22\/100\n|move|p2a: Gardevoir|Moonblast|p1a: Dragapult\n|-resisted|p1a: Dragapult\n|-damage|p1a: Dragapult|48\/100\n|-unboost|p1a: Dragapult|spa|1\n|\n|-heal|p1a: Dragapult|54\/100|[from] item: Leftovers\n|upkeep\n|turn|17\n|\n|t:|1700078526\n|switch|p2a: Rotom|Rotom-Heat|100\/100\n|move|p1a: Dragapult|Scald|p2a: Rotom\n|-supereffective|p2a: Rotom\n|-damage|p2a: Rotom|64\/100\n|\n|-heal|p1a: Dragapult|60\/100|[from] item: Leftovers\n|-heal|p2a: Rotom|71\/100|[from] item: Leftovers\n|upkeep\n|turn|18\n|\n|t:|1700078540\n|move|p1a: Dragapult|Draco Meteor|p2a: Rotom\n|-damage|p2a: Rotom|29\/100\n|-unboost|p1a: Dragapult|spa|2\n|move|p2a: Rotom|Overheat|p1a: Dragapult\n|-supereffective|p1a: Dragapult\n|-damage|p1a: Dragapult|0 fnt\n|-unboost|p2a: Rotom|spa|2\n|faint|p1a: Dragapult\n|\n|-heal|p2a: Rotom|35\/100|[from] item: Leftovers\n|upkeep\n|\n|t:|1700078550\n|switch|p1a: Flutter Mane|Flutter Mane|100\/100\n|-enditem|p1a: Flutter Mane|Booster Energy\n|-activate|p1a: Flutter Mane|ability: Protosynthesis|[fromitem]\n|-start|p1a: Flutter Mane|protosynthesisspe\n|turn|19\n|\n|t:|1700078576\n|move|p1a: Flutter Mane|Shadow Ball|p2a: Rotom\n|-damage|p2a: Rotom|0 fnt\n|faint|p2a: Rotom\n|\n|-sideend|p1: envy_mon|move: Light Screen\n|upkeep\n|\n|t:|1700078594\n|switch|p2a: Crobat|Crobat, F|100\/100\n|turn|20\n|\n|t:|1700078608\n|move|p1a: Flutter Mane|Power Gem|p2a: Crobat\n|-supereffective|p2a: Crobat\n|-damage|p2a: Crobat|30\/100\n|move|p2a: Crobat|Brave Bird|p1a: Flutter Mane\n|-damage|p1a: Flutter Mane|0 fnt\n|faint|p1a: Flutter Mane\n|-end|p1a: Flutter Mane|Protosynthesis|[silent]\n|-damage|p2a: Crobat|4\/100|[from] Recoil\n|\n|upkeep\n|\n|t:|1700078620\n|switch|p1a: Solgaleo|Solgaleo|100\/100\n|turn|21\n|\n|t:|1700078631\n|switch|p2a: Gardevoir|Gardevoir, F, tera:Fighting|22\/100\n|-ability|p2a: Gardevoir|Full Metal Body|[from] ability: Trace|[of] p1a: Solgaleo\n|move|p1a: Solgaleo|Heavy Slam|p2a: Gardevoir\n|-damage|p2a: Gardevoir|0 fnt\n|faint|p2a: Gardevoir\n|\n|upkeep\n|\n|t:|1700078640\n|switch|p2a: Gyarados|Gyarados, M|100\/100\n|turn|22\n|\n|t:|1700078658\n|detailschange|p2a: Gyarados|Gyarados-Mega, M\n|-mega|p2a: Gyarados|Gyarados|Gyaradosite\n|-ability|p2a: Gyarados|Mold Breaker\n|move|p1a: Solgaleo|Heavy Slam|p2a: Gyarados\n|-resisted|p2a: Gyarados\n|-damage|p2a: Gyarados|84\/100\n|move|p2a: Gyarados|Dragon Dance|p2a: Gyarados\n|-boost|p2a: Gyarados|atk|1\n|-boost|p2a: Gyarados|spe|1\n|\n|upkeep\n|turn|23\n|\n|t:|1700078670\n|switch|p1a: Salamence|Salamence, M|100\/100\n|move|p2a: Gyarados|Dragon Dance|p2a: Gyarados\n|-boost|p2a: Gyarados|atk|1\n|-boost|p2a: Gyarados|spe|1\n|\n|upkeep\n|turn|24\n|\n|t:|1700078678\n|detailschange|p1a: Salamence|Salamence-Mega, M\n|-mega|p1a: Salamence|Salamence|Salamencite\n|move|p2a: Gyarados|Crunch|p1a: Salamence\n|-damage|p1a: Salamence|16\/100\n|move|p1a: Salamence|Double-Edge|p2a: Gyarados\n|-damage|p2a: Gyarados|12\/100\n|-damage|p1a: Salamence|0 fnt|[from] Recoil\n|faint|p1a: Salamence\n|\n|upkeep\n|\n|t:|1700078686\n|switch|p1a: Solgaleo|Solgaleo|100\/100\n|turn|25\n|\n|t:|1700078693\n|move|p2a: Gyarados|Crunch|p1a: Solgaleo\n|-supereffective|p1a: Solgaleo\n|-damage|p1a: Solgaleo|0 fnt\n|faint|p1a: Solgaleo\n|\n|win|El Rulomax\n|raw|envy_mon's rating: 1048 &rarr; <strong>1031<\/strong><br \/>(-17 for losing)\n|raw|El Rulomax's rating: 1057 &rarr; <strong>1088<\/strong><br \/>(+31 for winning)\n|c|\u2606envy_mon|gg\n|l|\u2606envy_mon\n","uploadtime":1700078768,"views":20,"p1id":"envymon","p2id":"elrulomax","formatid":"gen9nationaldexubers","rating":1031,"private":0,"password":""}