{"id":"gen9nationaldexubers-1984453102","p1":"C0ld as Ice","p2":"85792195wwww","format":"[Gen 9] National Dex Ubers","log":"|j|\u2606C0ld as Ice\n|j|\u203d85792195wwww\n|t:|1699266183\n|gametype|singles\n|player|p1|C0ld as Ice|schoolkid-gen4dp|1784\n|player|p2|85792195wwww|mira|1886\n|teamsize|p1|6\n|teamsize|p2|6\n|gen|9\n|tier|[Gen 9] National Dex Ubers\n|rated|\n|rule|HP Percentage Mod: HP is shown in percentages\n|rule|Endless Battle Clause: Forcing endless battles is banned\n|rule|OHKO Clause: OHKO moves are banned\n|rule|Evasion Moves Clause: Evasion moves are banned\n|rule|Evasion Items Clause: Evasion items are banned\n|rule|Species Clause: Limit one of each Pok\u00e9mon\n|rule|Sleep Clause Mod: Limit one foe put to sleep\n|rule|Mega Rayquaza Clause: You cannot mega evolve Rayquaza\n|clearpoke\n|poke|p1|Necrozma-Dusk-Mane|\n|poke|p1|Arceus-Grass|\n|poke|p1|Groudon|\n|poke|p1|Eternatus|\n|poke|p1|Zygarde|\n|poke|p1|Marshadow|\n|poke|p2|Arceus|\n|poke|p2|Xerneas-*|\n|poke|p2|Groudon|\n|poke|p2|Zacian-*|\n|poke|p2|Samurott-Hisui, M|\n|poke|p2|Rayquaza|\n|teampreview\n|inactive|Battle timer is ON: inactive players will automatically lose when time's up. (requested by C0ld as Ice)\n|\n|t:|1699266214\n|start\n|switch|p1a: Arceus|Arceus-Grass|100\/100\n|switch|p2a: Samurott|Samurott-Hisui, M|100\/100\n|turn|1\n|\n|t:|1699266220\n|move|p1a: Arceus|Grass Knot|p2a: Samurott\n|-supereffective|p2a: Samurott\n|-enditem|p2a: Samurott|Focus Sash\n|-damage|p2a: Samurott|1\/100\n|move|p2a: Samurott|Ceaseless Edge|p1a: Arceus\n|-damage|p1a: Arceus|72\/100\n|-sidestart|p1: C0ld as Ice|Spikes\n|\n|upkeep\n|turn|2\n|\n|t:|1699266229\n|move|p1a: Arceus|Grass Knot|p2a: Samurott\n|-supereffective|p2a: Samurott\n|-damage|p2a: Samurott|0 fnt\n|faint|p2a: Samurott\n|\n|upkeep\n|\n|t:|1699266235\n|switch|p2a: Zacian|Zacian-Crowned|100\/100\n|-ability|p2a: Zacian|Intrepid Sword|boost\n|-boost|p2a: Zacian|atk|1\n|turn|3\n|\n|t:|1699266240\n|move|p2a: Zacian|Swords Dance|p2a: Zacian\n|-boost|p2a: Zacian|atk|2\n|move|p1a: Arceus|Thunder Wave|p2a: Zacian\n|-status|p2a: Zacian|par\n|\n|upkeep\n|turn|4\n|\n|t:|1699266247\n|move|p2a: Zacian|Behemoth Blade|p1a: Arceus\n|-damage|p1a: Arceus|1\/100\n|move|p1a: Arceus|Roar|p2a: Zacian\n|drag|p2a: Arceus|Arceus|100\/100\n|\n|upkeep\n|turn|5\n|\n|t:|1699266257\n|move|p2a: Arceus|Extreme Speed|p1a: Arceus\n|-damage|p1a: Arceus|0 fnt\n|faint|p1a: Arceus\n|-damage|p2a: Arceus|91\/100|[from] item: Life Orb\n|\n|upkeep\n|\n|t:|1699266268\n|switch|p1a: Zygarde|Zygarde|100\/100\n|-damage|p1a: Zygarde|88\/100|[from] Spikes\n|turn|6\n|\n|t:|1699266278\n|switch|p2a: Xerneas|Xerneas|100\/100\n|-ability|p2a: Xerneas|Fairy Aura\n|move|p1a: Zygarde|Glare|p2a: Xerneas\n|-status|p2a: Xerneas|par\n|\n|-heal|p1a: Zygarde|94\/100|[from] item: Leftovers\n|upkeep\n|turn|7\n|\n|t:|1699266290\n|switch|p1a: Eternatus|Eternatus|100\/100\n|-damage|p1a: Eternatus|88\/100|[from] Spikes\n|-ability|p1a: Eternatus|Pressure\n|switch|p2a: Rayquaza|Rayquaza|100\/100\n|-ability|p2a: Rayquaza|Air Lock\n|\n|upkeep\n|turn|8\n|\n|t:|1699266301\n|switch|p2a: Zacian|Zacian-Crowned|100\/100 par\n|move|p1a: Eternatus|Toxic Spikes|p2a: Zacian\n|-sidestart|p2: 85792195wwww|move: Toxic Spikes\n|\n|upkeep\n|turn|9\n|\n|t:|1699266318\n|move|p1a: Eternatus|Toxic Spikes|p2a: Zacian\n|-sidestart|p2: 85792195wwww|move: Toxic Spikes\n|move|p2a: Zacian|Behemoth Blade|p1a: Eternatus\n|-damage|p1a: Eternatus|43\/100\n|\n|upkeep\n|turn|10\n|\n|t:|1699266325\n|move|p1a: Eternatus|Recover|p1a: Eternatus\n|-heal|p1a: Eternatus|93\/100\n|cant|p2a: Zacian|par\n|\n|upkeep\n|turn|11\n|\n|t:|1699266333\n|-zpower|p1a: Eternatus\n|move|p1a: Eternatus|Inferno Overdrive|p2a: Zacian|[zeffect]\n|-supereffective|p2a: Zacian\n|-damage|p2a: Zacian|0 fnt\n|faint|p2a: Zacian\n|\n|upkeep\n|\n|t:|1699266353\n|switch|p2a: Groudon|Groudon|100\/100\n|-status|p2a: Groudon|tox\n|detailschange|p2a: Groudon|Groudon-Primal\n|-primal|p2a: Groudon|Red Orb\n|-weather|DesolateLand|[from] ability: Desolate Land|[of] p2a: Groudon\n|turn|12\n|\n|t:|1699266361\n|switch|p1a: Zygarde|Zygarde|94\/100\n|-damage|p1a: Zygarde|82\/100|[from] Spikes\n|move|p2a: Groudon|Precipice Blades|p1a: Zygarde\n|-damage|p1a: Zygarde|34\/100\n|\n|-weather|DesolateLand|[upkeep]\n|-heal|p1a: Zygarde|40\/100|[from] item: Leftovers\n|-damage|p2a: Groudon|94\/100 tox|[from] psn\n|-activate|p1a: Zygarde|ability: Power Construct\n|detailschange|p1a: Zygarde|Zygarde-Complete\n|-heal|p1a: Zygarde|61\/100|[silent]\n|upkeep\n|turn|13\n|\n|t:|1699266375\n|-weather|none\n|switch|p2a: Xerneas|Xerneas|100\/100 par\n|-ability|p2a: Xerneas|Fairy Aura\n|move|p1a: Zygarde|Thousand Arrows|p2a: Xerneas\n|-damage|p2a: Xerneas|78\/100 par\n|\n|-heal|p1a: Zygarde|67\/100|[from] item: Leftovers\n|upkeep\n|turn|14\n|\n|t:|1699266387\n|switch|p1a: Necrozma|Necrozma-Dusk-Mane, shiny|100\/100\n|-damage|p1a: Necrozma|88\/100|[from] Spikes\n|switch|p2a: Rayquaza|Rayquaza|100\/100\n|-ability|p2a: Rayquaza|Air Lock\n|\n|-heal|p1a: Necrozma|94\/100|[from] item: Leftovers\n|upkeep\n|turn|15\n|inactive|C0ld as Ice has 120 seconds left.\n|inactive|C0ld as Ice has 90 seconds left.\n|\n|t:|1699266447\n|move|p2a: Rayquaza|Earthquake|p1a: Necrozma\n|-supereffective|p1a: Necrozma\n|-damage|p1a: Necrozma|32\/100\n|move|p1a: Necrozma|Thunder Wave|p2a: Rayquaza\n|-status|p2a: Rayquaza|par\n|\n|-heal|p1a: Necrozma|38\/100|[from] item: Leftovers\n|upkeep\n|turn|16\n|\n|t:|1699266456\n|move|p1a: Necrozma|Moonlight|p1a: Necrozma\n|-heal|p1a: Necrozma|88\/100\n|cant|p2a: Rayquaza|par\n|\n|-heal|p1a: Necrozma|94\/100|[from] item: Leftovers\n|upkeep\n|turn|17\n|\n|t:|1699266464\n|move|p1a: Necrozma|Iron Head|p2a: Rayquaza\n|-damage|p2a: Rayquaza|55\/100 par\n|move|p2a: Rayquaza|Earthquake|p1a: Necrozma\n|-supereffective|p1a: Necrozma\n|-damage|p1a: Necrozma|24\/100\n|\n|-heal|p1a: Necrozma|30\/100|[from] item: Leftovers\n|upkeep\n|turn|18\n|\n|t:|1699266473\n|move|p1a: Necrozma|Moonlight|p1a: Necrozma\n|-heal|p1a: Necrozma|80\/100\n|move|p2a: Rayquaza|Earthquake|p1a: Necrozma\n|-supereffective|p1a: Necrozma\n|-damage|p1a: Necrozma|8\/100\n|\n|-heal|p1a: Necrozma|14\/100|[from] item: Leftovers\n|upkeep\n|turn|19\n|inactive|C0ld as Ice has 120 seconds left.\n|\n|t:|1699266484\n|move|p1a: Necrozma|Moonlight|p1a: Necrozma\n|-heal|p1a: Necrozma|64\/100\n|cant|p2a: Rayquaza|par\n|\n|-heal|p1a: Necrozma|70\/100|[from] item: Leftovers\n|upkeep\n|turn|20\n|\n|t:|1699266492\n|move|p1a: Necrozma|Iron Head|p2a: Rayquaza\n|-damage|p2a: Rayquaza|16\/100 par\n|move|p2a: Rayquaza|Earthquake|p1a: Necrozma\n|-supereffective|p1a: Necrozma\n|-damage|p1a: Necrozma|4\/100\n|\n|-heal|p1a: Necrozma|10\/100|[from] item: Leftovers\n|upkeep\n|turn|21\n|\n|t:|1699266501\n|move|p1a: Necrozma|Moonlight|p1a: Necrozma\n|-heal|p1a: Necrozma|60\/100\n|cant|p2a: Rayquaza|par\n|\n|-heal|p1a: Necrozma|66\/100|[from] item: Leftovers\n|upkeep\n|turn|22\n|\n|t:|1699266509\n|move|p1a: Necrozma|Iron Head|p2a: Rayquaza\n|-damage|p2a: Rayquaza|0 fnt\n|faint|p2a: Rayquaza\n|\n|-heal|p1a: Necrozma|72\/100|[from] item: Leftovers\n|upkeep\n|\n|t:|1699266517\n|switch|p2a: Arceus|Arceus|91\/100\n|-status|p2a: Arceus|tox\n|turn|23\n|\n|t:|1699266529\n|move|p2a: Arceus|Swords Dance|p2a: Arceus\n|-boost|p2a: Arceus|atk|2\n|move|p1a: Necrozma|Iron Head|p2a: Arceus\n|-damage|p2a: Arceus|62\/100 tox\n|\n|-heal|p1a: Necrozma|78\/100|[from] item: Leftovers\n|-damage|p2a: Arceus|56\/100 tox|[from] psn\n|upkeep\n|turn|24\n|\n|t:|1699266539\n|move|p2a: Arceus|Earthquake|p1a: Necrozma\n|-supereffective|p1a: Necrozma\n|-damage|p1a: Necrozma|0 fnt\n|faint|p1a: Necrozma\n|-damage|p2a: Arceus|46\/100 tox|[from] item: Life Orb\n|\n|-damage|p2a: Arceus|34\/100 tox|[from] psn\n|upkeep\n|\n|t:|1699266566\n|switch|p1a: Zygarde|Zygarde-Complete|67\/100\n|-damage|p1a: Zygarde|55\/100|[from] Spikes\n|turn|25\n|\n|t:|1699266574\n|switch|p1a: Marshadow|Marshadow|100\/100\n|-damage|p1a: Marshadow|88\/100|[from] Spikes\n|move|p2a: Arceus|Extreme Speed|p1a: Marshadow\n|-immune|p1a: Marshadow\n|\n|-damage|p2a: Arceus|15\/100 tox|[from] psn\n|upkeep\n|turn|26\n|inactive|C0ld as Ice has 120 seconds left.\n|inactive|C0ld as Ice has 90 seconds left.\n|\n|t:|1699266639\n|move|p1a: Marshadow|Pursuit|p2a: Arceus\n|-damage|p2a: Arceus|0 fnt\n|faint|p2a: Arceus\n|\n|upkeep\n|\n|t:|1699266646\n|switch|p2a: Xerneas|Xerneas|78\/100 par\n|-ability|p2a: Xerneas|Fairy Aura\n|turn|27\n|\n|t:|1699266652\n|switch|p1a: Eternatus|Eternatus|93\/100\n|-damage|p1a: Eternatus|81\/100|[from] Spikes\n|-ability|p1a: Eternatus|Pressure\n|-terastallize|p2a: Xerneas|Fairy\n|cant|p2a: Xerneas|par\n|\n|upkeep\n|turn|28\n|\n|t:|1699266663\n|move|p1a: Eternatus|Sludge Bomb|p2a: Xerneas\n|-supereffective|p2a: Xerneas\n|-damage|p2a: Xerneas|8\/100 par\n|move|p2a: Xerneas|Moonblast|p1a: Eternatus\n|-damage|p1a: Eternatus|19\/100\n|-unboost|p1a: Eternatus|spa|1\n|\n|upkeep\n|turn|29\n|\n|t:|1699266671\n|move|p1a: Eternatus|Sludge Bomb|p2a: Xerneas\n|-supereffective|p2a: Xerneas\n|-crit|p2a: Xerneas\n|-damage|p2a: Xerneas|0 fnt\n|faint|p2a: Xerneas\n|\n|upkeep\n|\n|t:|1699266677\n|switch|p2a: Groudon|Groudon-Primal|94\/100 tox\n|-weather|DesolateLand|[from] ability: Desolate Land|[of] p2a: Groudon\n|turn|30\n|\n|t:|1699266682\n|switch|p1a: Zygarde|Zygarde-Complete|55\/100\n|-damage|p1a: Zygarde|42\/100|[from] Spikes\n|move|p2a: Groudon|Swords Dance|p2a: Groudon\n|-boost|p2a: Groudon|atk|2\n|\n|-weather|DesolateLand|[upkeep]\n|-heal|p1a: Zygarde|48\/100|[from] item: Leftovers\n|-damage|p2a: Groudon|88\/100 tox|[from] psn\n|upkeep\n|turn|31\n|\n|t:|1699266694\n|-terastallize|p1a: Zygarde|Bug\n|move|p2a: Groudon|Precipice Blades|p1a: Zygarde\n|-resisted|p1a: Zygarde\n|-damage|p1a: Zygarde|19\/100\n|move|p1a: Zygarde|Haze|p1a: Zygarde\n|-clearallboost\n|\n|-weather|DesolateLand|[upkeep]\n|-heal|p1a: Zygarde|25\/100|[from] item: Leftovers\n|-damage|p2a: Groudon|76\/100 tox|[from] psn\n|upkeep\n|turn|32\n|\n|t:|1699266706\n|move|p1a: Zygarde|Thousand Arrows|p2a: Groudon\n|-supereffective|p2a: Groudon\n|-damage|p2a: Groudon|40\/100 tox\n|move|p2a: Groudon|Heat Crash|p1a: Zygarde\n|-supereffective|p1a: Zygarde\n|-damage|p1a: Zygarde|0 fnt\n|faint|p1a: Zygarde\n|\n|-weather|DesolateLand|[upkeep]\n|-damage|p2a: Groudon|22\/100 tox|[from] psn\n|upkeep\n|\n|t:|1699266720\n|switch|p1a: Marshadow|Marshadow|88\/100\n|-damage|p1a: Marshadow|76\/100|[from] Spikes\n|turn|33\n|\n|t:|1699266725\n|move|p1a: Marshadow|Shadow Sneak|p2a: Groudon\n|-damage|p2a: Groudon|0 fnt\n|faint|p2a: Groudon\n|-weather|none\n|\n|win|C0ld as Ice\n|raw|C0ld as Ice's rating: 1769 &rarr; <strong>1795<\/strong><br \/>(+26 for winning)\n|raw|85792195wwww's rating: 1886 &rarr; <strong>1860<\/strong><br \/>(-26 for losing)\n|l|\u203d85792195wwww\n|l|\u2606C0ld as Ice\n","uploadtime":1699266877,"views":15,"p1id":"c0ldasice","p2id":"85792195wwww","formatid":"gen9nationaldexubers","rating":1795,"private":0,"password":""}