{"id":"gen9nationaldexubers-1994068900","p1":"Thmonster","p2":"C0ld as Ice","format":"[Gen 9] National Dex Ubers","log":"|j|\u203dThmonster\n|j|\u2606C0ld as Ice\n|t:|1700402744\n|gametype|singles\n|player|p1|Thmonster|265|1611\n|player|p2|C0ld as Ice|supernerd|1882\n|teamsize|p1|6\n|teamsize|p2|6\n|gen|9\n|tier|[Gen 9] National Dex Ubers\n|rated|\n|rule|HP Percentage Mod: HP is shown in percentages\n|rule|Endless Battle Clause: Forcing endless battles is banned\n|rule|OHKO Clause: OHKO moves are banned\n|rule|Evasion Moves Clause: Evasion moves are banned\n|rule|Evasion Items Clause: Evasion items are banned\n|rule|Species Clause: Limit one of each Pok\u00e9mon\n|rule|Sleep Clause Mod: Limit one foe put to sleep\n|rule|Mega Rayquaza Clause: You cannot mega evolve Rayquaza\n|clearpoke\n|poke|p1|Yveltal|\n|poke|p1|Necrozma-Dusk-Mane|\n|poke|p1|Xerneas-*|\n|poke|p1|Groudon|\n|poke|p1|Arceus|\n|poke|p1|Kyogre|\n|poke|p2|Marshadow|\n|poke|p2|Ho-Oh|\n|poke|p2|Necrozma-Dusk-Mane|\n|poke|p2|Groudon, L99|\n|poke|p2|Arceus-Ground|\n|poke|p2|Yveltal|\n|teampreview\n|inactive|Battle timer is ON: inactive players will automatically lose when time's up. (requested by C0ld as Ice)\n|inactive|C0ld as Ice has 120 seconds left.\n|\n|t:|1700402802\n|start\n|switch|p1a: Yveltal|Yveltal|100\/100\n|switch|p2a: Ho-Oh|Ho-Oh, shiny|100\/100\n|-ability|p1a: Yveltal|Dark Aura\n|turn|1\n|inactive|C0ld as Ice has 120 seconds left.\n|\n|t:|1700402839\n|move|p1a: Yveltal|Knock Off|p2a: Ho-Oh\n|-damage|p2a: Ho-Oh|34\/100\n|-enditem|p2a: Ho-Oh|Choice Band|[from] move: Knock Off|[of] p1a: Yveltal\n|move|p2a: Ho-Oh|Sacred Fire|p1a: Yveltal\n|-damage|p1a: Yveltal|54\/100\n|-status|p1a: Yveltal|brn\n|\n|-damage|p1a: Yveltal|48\/100 brn|[from] brn\n|upkeep\n|turn|2\n|inactive|C0ld as Ice has 120 seconds left.\n|\n|t:|1700402863\n|switch|p2a: Arceus|Arceus-Ground, shiny|100\/100\n|move|p1a: Yveltal|Oblivion Wing|p2a: Arceus\n|-damage|p2a: Arceus|78\/100\n|-heal|p1a: Yveltal|66\/100 brn|[from] drain|[of] p2a: Arceus\n|\n|-damage|p1a: Yveltal|60\/100 brn|[from] brn\n|upkeep\n|turn|3\n|inactive|C0ld as Ice has 120 seconds left.\n|\n|t:|1700402881\n|switch|p1a: Kyogre|Kyogre|100\/100\n|detailschange|p1a: Kyogre|Kyogre-Primal\n|-primal|p1a: Kyogre|Blue Orb\n|-weather|PrimordialSea|[from] ability: Primordial Sea|[of] p1a: Kyogre\n|move|p2a: Arceus|Calm Mind|p2a: Arceus\n|-boost|p2a: Arceus|spa|1\n|-boost|p2a: Arceus|spd|1\n|\n|-weather|PrimordialSea|[upkeep]\n|upkeep\n|turn|4\n|\n|t:|1700402901\n|switch|p2a: Groudon|Groudon, L99, shiny|100\/100\n|detailschange|p2a: Groudon|Groudon-Primal, L99, shiny\n|-primal|p2a: Groudon|Red Orb\n|-weather|DesolateLand|[from] ability: Desolate Land|[of] p2a: Groudon\n|move|p1a: Kyogre|Surf||[still]\n|-fail|p1a: Kyogre|Surf|[from] Desolate Land\n|\n|-weather|DesolateLand|[upkeep]\n|upkeep\n|turn|5\n|\n|t:|1700402909\n|move|p1a: Kyogre|Ice Beam|p2a: Groudon\n|-damage|p2a: Groudon|59\/100\n|move|p2a: Groudon|Spikes|p1a: Kyogre\n|-sidestart|p1: Thmonster|Spikes\n|\n|-weather|DesolateLand|[upkeep]\n|upkeep\n|turn|6\n|\n|t:|1700402914\n|move|p1a: Kyogre|Ice Beam|p2a: Groudon\n|-damage|p2a: Groudon|17\/100\n|move|p2a: Groudon|Precipice Blades|p1a: Kyogre\n|-damage|p1a: Kyogre|42\/100\n|\n|-weather|DesolateLand|[upkeep]\n|upkeep\n|turn|7\n|\n|t:|1700402921\n|move|p1a: Kyogre|Ice Beam|p2a: Groudon\n|-damage|p2a: Groudon|0 fnt\n|faint|p2a: Groudon\n|-weather|none\n|\n|upkeep\n|\n|t:|1700402924\n|switch|p2a: Marshadow|Marshadow|100\/100\n|turn|8\n|\n|t:|1700402934\n|move|p2a: Marshadow|Close Combat|p1a: Kyogre\n|-damage|p1a: Kyogre|0 fnt\n|-unboost|p2a: Marshadow|def|1\n|-unboost|p2a: Marshadow|spd|1\n|faint|p1a: Kyogre\n|\n|upkeep\n|\n|t:|1700402949\n|switch|p1a: Yveltal|Yveltal|60\/100 brn\n|-ability|p1a: Yveltal|Dark Aura\n|turn|9\n|j| jasonpokemon123\n|\n|t:|1700402957\n|switch|p2a: Ho-Oh|Ho-Oh, shiny|67\/100\n|move|p1a: Yveltal|Oblivion Wing|p2a: Ho-Oh\n|-damage|p2a: Ho-Oh|48\/100\n|-heal|p1a: Yveltal|75\/100 brn|[from] drain|[of] p2a: Ho-Oh\n|\n|-damage|p1a: Yveltal|68\/100 brn|[from] brn\n|upkeep\n|turn|10\n|\n|t:|1700402968\n|switch|p2a: Arceus|Arceus-Ground, shiny|78\/100\n|move|p1a: Yveltal|Defog|p2a: Arceus\n|-unboost|p2a: Arceus|evasion|1\n|-sideend|p1: Thmonster|Spikes|[from] move: Defog|[of] p1a: Yveltal\n|\n|-damage|p1a: Yveltal|62\/100 brn|[from] brn\n|upkeep\n|turn|11\n|\n|t:|1700402973\n|move|p2a: Arceus|Calm Mind|p2a: Arceus\n|-boost|p2a: Arceus|spa|1\n|-boost|p2a: Arceus|spd|1\n|move|p1a: Yveltal|Knock Off|p2a: Arceus\n|-damage|p2a: Arceus|61\/100\n|\n|-damage|p1a: Yveltal|56\/100 brn|[from] brn\n|upkeep\n|turn|12\n|\n|t:|1700402988\n|switch|p1a: Arceus|Arceus|100\/100\n|move|p2a: Arceus|Recover|p2a: Arceus\n|-heal|p2a: Arceus|100\/100\n|\n|upkeep\n|turn|13\n|\n|t:|1700403004\n|move|p2a: Arceus|Judgment|p1a: Arceus\n|-damage|p1a: Arceus|51\/100\n|move|p1a: Arceus|Swords Dance|p1a: Arceus\n|-boost|p1a: Arceus|atk|2\n|\n|upkeep\n|turn|14\n|\n|t:|1700403014\n|move|p1a: Arceus|Extreme Speed|p2a: Arceus\n|-damage|p2a: Arceus|39\/100\n|move|p2a: Arceus|Judgment|p1a: Arceus\n|-damage|p1a: Arceus|6\/100\n|\n|upkeep\n|turn|15\n|\n|t:|1700403030\n|switch|p2a: Ho-Oh|Ho-Oh, shiny|81\/100\n|move|p1a: Arceus|Extreme Speed|p2a: Ho-Oh\n|-damage|p2a: Ho-Oh|0 fnt\n|faint|p2a: Ho-Oh\n|\n|upkeep\n|\n|t:|1700403034\n|switch|p2a: Marshadow|Marshadow|100\/100\n|turn|16\n|\n|t:|1700403043\n|-terastallize|p1a: Arceus|Ghost\n|move|p2a: Marshadow|Pursuit|p1a: Arceus\n|-supereffective|p1a: Arceus\n|-damage|p1a: Arceus|0 fnt\n|faint|p1a: Arceus\n|\n|upkeep\n|\n|t:|1700403052\n|switch|p1a: Groudon|Groudon|100\/100\n|detailschange|p1a: Groudon|Groudon-Primal\n|-primal|p1a: Groudon|Red Orb\n|-weather|DesolateLand|[from] ability: Desolate Land|[of] p1a: Groudon\n|turn|17\n|\n|t:|1700403056\n|switch|p2a: Yveltal|Yveltal, shiny|100\/100\n|-ability|p2a: Yveltal|Dark Aura\n|move|p1a: Groudon|Heat Crash|p2a: Yveltal\n|-damage|p2a: Yveltal|27\/100\n|\n|-weather|DesolateLand|[upkeep]\n|upkeep\n|turn|18\n|\n|t:|1700403060\n|move|p2a: Yveltal|Foul Play|p1a: Groudon\n|-damage|p1a: Groudon|43\/100\n|move|p1a: Groudon|Heat Crash|p2a: Yveltal\n|-damage|p2a: Yveltal|0 fnt\n|faint|p2a: Yveltal\n|\n|-weather|DesolateLand|[upkeep]\n|upkeep\n|\n|t:|1700403062\n|switch|p2a: Arceus|Arceus-Ground, shiny|39\/100\n|turn|19\n|\n|t:|1700403069\n|move|p2a: Arceus|Recover|p2a: Arceus\n|-heal|p2a: Arceus|89\/100\n|move|p1a: Groudon|Earthquake|p2a: Arceus\n|-damage|p2a: Arceus|41\/100\n|\n|-weather|DesolateLand|[upkeep]\n|upkeep\n|turn|20\n|\n|t:|1700403076\n|move|p2a: Arceus|Recover|p2a: Arceus\n|-heal|p2a: Arceus|91\/100\n|move|p1a: Groudon|Swords Dance|p1a: Groudon\n|-boost|p1a: Groudon|atk|2\n|\n|-weather|DesolateLand|[upkeep]\n|upkeep\n|turn|21\n|\n|t:|1700403080\n|move|p2a: Arceus|Judgment|p1a: Groudon\n|-supereffective|p1a: Groudon\n|-damage|p1a: Groudon|0 fnt\n|faint|p1a: Groudon\n|-weather|none\n|\n|upkeep\n|\n|t:|1700403086\n|switch|p1a: Xerneas|Xerneas|100\/100\n|-ability|p1a: Xerneas|Fairy Aura\n|turn|22\n|\n|t:|1700403091\n|switch|p2a: Necrozma|Necrozma-Dusk-Mane, shiny|100\/100\n|move|p1a: Xerneas|Geomancy||[still]\n|-prepare|p1a: Xerneas|Geomancy\n|-enditem|p1a: Xerneas|Power Herb\n|-anim|p1a: Xerneas|Geomancy|p1a: Xerneas\n|-boost|p1a: Xerneas|spa|2\n|-boost|p1a: Xerneas|spd|2\n|-boost|p1a: Xerneas|spe|2\n|\n|upkeep\n|turn|23\n|\n|t:|1700403096\n|move|p1a: Xerneas|Focus Blast|p2a: Necrozma\n|-damage|p2a: Necrozma|35\/100\n|-zpower|p2a: Necrozma\n|move|p2a: Necrozma|Searing Sunraze Smash|p1a: Xerneas|[zeffect]\n|-supereffective|p1a: Xerneas\n|-damage|p1a: Xerneas|0 fnt\n|faint|p1a: Xerneas\n|\n|upkeep\n|l| jasonpokemon123\n|\n|t:|1700403108\n|switch|p1a: Necrozma|Necrozma-Dusk-Mane|100\/100\n|turn|24\n|inactive|C0ld as Ice has 120 seconds left.\n|\n|t:|1700403146\n|switch|p2a: Arceus|Arceus-Ground, shiny|91\/100\n|move|p1a: Necrozma|Trick Room|p1a: Necrozma\n|-fieldstart|move: Trick Room|[of] p1a: Necrozma\n|\n|upkeep\n|turn|25\n|inactive|C0ld as Ice has 120 seconds left.\n|\n|t:|1700403158\n|-terastallize|p2a: Arceus|Water\n|move|p1a: Necrozma|Photon Geyser|p2a: Arceus\n|-damage|p2a: Arceus|49\/100\n|move|p2a: Arceus|Recover|p2a: Arceus\n|-heal|p2a: Arceus|99\/100\n|\n|upkeep\n|turn|26\n|\n|t:|1700403177\n|move|p1a: Necrozma|Photon Geyser|p2a: Arceus\n|-damage|p2a: Arceus|56\/100\n|move|p2a: Arceus|Recover|p2a: Arceus\n|-heal|p2a: Arceus|100\/100\n|\n|upkeep\n|turn|27\n|\n|t:|1700403188\n|move|p1a: Necrozma|Photon Geyser|p2a: Arceus\n|-damage|p2a: Arceus|60\/100\n|move|p2a: Arceus|Recover|p2a: Arceus\n|-heal|p2a: Arceus|100\/100\n|\n|upkeep\n|turn|28\n|\n|t:|1700403197\n|switch|p1a: Yveltal|Yveltal|56\/100 brn\n|-ability|p1a: Yveltal|Dark Aura\n|move|p2a: Arceus|Judgment|p1a: Yveltal\n|-immune|p1a: Yveltal\n|\n|-damage|p1a: Yveltal|50\/100 brn|[from] brn\n|-fieldend|move: Trick Room\n|upkeep\n|turn|29\n|\n|t:|1700403205\n|move|p2a: Arceus|Calm Mind|p2a: Arceus\n|-boost|p2a: Arceus|spa|1\n|-boost|p2a: Arceus|spd|1\n|move|p1a: Yveltal|Oblivion Wing|p2a: Arceus\n|-damage|p2a: Arceus|86\/100\n|-heal|p1a: Yveltal|62\/100 brn|[from] drain|[of] p2a: Arceus\n|\n|-damage|p1a: Yveltal|55\/100 brn|[from] brn\n|upkeep\n|turn|30\n|\n|t:|1700403211\n|switch|p1a: Necrozma|Necrozma-Dusk-Mane|100\/100\n|move|p2a: Arceus|Power Gem|p1a: Necrozma\n|-resisted|p1a: Necrozma\n|-damage|p1a: Necrozma|88\/100\n|\n|upkeep\n|turn|31\n|\n|t:|1700403215\n|move|p2a: Arceus|Judgment|p1a: Necrozma\n|-supereffective|p1a: Necrozma\n|-damage|p1a: Necrozma|8\/100\n|-enditem|p1a: Necrozma|Weakness Policy\n|-boost|p1a: Necrozma|atk|2|[from] item: Weakness Policy\n|-boost|p1a: Necrozma|spa|2|[from] item: Weakness Policy\n|move|p1a: Necrozma|Trick Room|p1a: Necrozma\n|-fieldstart|move: Trick Room|[of] p1a: Necrozma\n|\n|upkeep\n|turn|32\n|\n|t:|1700403223\n|switch|p2a: Necrozma|Necrozma-Dusk-Mane, shiny|35\/100\n|move|p1a: Necrozma|Photon Geyser|p2a: Necrozma\n|-resisted|p2a: Necrozma\n|-damage|p2a: Necrozma|12\/100\n|\n|upkeep\n|turn|33\n|\n|t:|1700403231\n|move|p1a: Necrozma|Photon Geyser|p2a: Necrozma\n|-resisted|p2a: Necrozma\n|-damage|p2a: Necrozma|0 fnt\n|faint|p2a: Necrozma\n|\n|upkeep\n|\n|t:|1700403234\n|switch|p2a: Marshadow|Marshadow|100\/100\n|turn|34\n|\n|t:|1700403239\n|move|p2a: Marshadow|Shadow Sneak|p1a: Necrozma\n|-supereffective|p1a: Necrozma\n|-damage|p1a: Necrozma|0 fnt\n|faint|p1a: Necrozma\n|\n|upkeep\n|\n|t:|1700403242\n|switch|p1a: Yveltal|Yveltal|55\/100 brn\n|-ability|p1a: Yveltal|Dark Aura\n|turn|35\n|\n|t:|1700403246\n|switch|p2a: Arceus|Arceus-Ground, shiny, tera:Water|86\/100\n|move|p1a: Yveltal|Oblivion Wing|p2a: Arceus\n|-damage|p2a: Arceus|66\/100\n|-heal|p1a: Yveltal|72\/100 brn|[from] drain|[of] p2a: Arceus\n|\n|-damage|p1a: Yveltal|66\/100 brn|[from] brn\n|-fieldend|move: Trick Room\n|upkeep\n|turn|36\n|inactive|Thmonster has 120 seconds left.\n|inactive|Thmonster has 90 seconds left.\n|inactive|Thmonster has 60 seconds left.\n|inactive|Thmonster has 30 seconds left.\n|inactive|Thmonster has 20 seconds left.\n|inactive|Thmonster has 15 seconds left.\n|inactive|Thmonster has 10 seconds left.\n|inactive|Thmonster has 5 seconds left.\n|-message|Thmonster lost due to inactivity.\n|\n|win|C0ld as Ice\n|raw|Thmonster's rating: 1611 &rarr; <strong>1604<\/strong><br \/>(-7 for losing)\n|raw|C0ld as Ice's rating: 1882 &rarr; <strong>1889<\/strong><br \/>(+7 for winning)\n|n|\u203dThmonster|thmonster\n|n|\u203dThmonster|thmonster\n|n|\u203dThmonster|thmonster\n|n|\u203dThmonster|thmonster\n|j| laprasplayer\n","uploadtime":1700403423,"views":4,"p1id":"thmonster","p2id":"c0ldasice","formatid":"gen9nationaldexubers","rating":1604,"private":0,"password":""}