{"id":"gen9nationaldexubers-1978923073","p1":"femurdeeznuts","p2":"3eveeJ","format":"[Gen 9] National Dex Ubers","log":"|j|\u2606femurdeeznuts\n|j|\u26063eveeJ\n|t:|1698610667\n|gametype|singles\n|player|p1|femurdeeznuts|102|\n|player|p2|3eveeJ|cheryl|\n|teamsize|p1|6\n|teamsize|p2|6\n|gen|9\n|tier|[Gen 9] National Dex Ubers\n|rule|HP Percentage Mod: HP is shown in percentages\n|rule|Endless Battle Clause: Forcing endless battles is banned\n|rule|OHKO Clause: OHKO moves are banned\n|rule|Evasion Moves Clause: Evasion moves are banned\n|rule|Evasion Items Clause: Evasion items are banned\n|rule|Species Clause: Limit one of each Pok\u00e9mon\n|rule|Sleep Clause Mod: Limit one foe put to sleep\n|rule|Mega Rayquaza Clause: You cannot mega evolve Rayquaza\n|clearpoke\n|poke|p1|Altaria, F|\n|poke|p1|Hatterene, F|\n|poke|p1|Slurpuff, M|\n|poke|p1|Klefki, M|\n|poke|p1|Grimmsnarl, M|\n|poke|p1|Ribombee, M|\n|poke|p2|Corviknight, M|\n|poke|p2|Clefable, F|\n|poke|p2|Grimmsnarl, M|\n|poke|p2|Oricorio-Pa'u, M|\n|poke|p2|Talonflame, F|\n|poke|p2|Ditto|\n|teampreview\n|inactive|Battle timer is ON: inactive players will automatically lose when time's up. (requested by femurdeeznuts)\n|inactiveoff|Battle timer is now OFF.\n|j| bepsi-can\n|\n|t:|1698610675\n|start\n|switch|p1a: Homicidal Maniac|Ribombee, M|100\/100\n|switch|p2a: Oricorio|Oricorio-Pa'u, M|100\/100\n|turn|1\n|c| bepsi-can|hello\n|c| bepsi-can|its me\n|c|\u2606femurdeeznuts|i can tell\n|\n|t:|1698610683\n|move|p1a: Homicidal Maniac|Stun Spore|p2a: Oricorio\n|-status|p2a: Oricorio|par\n|move|p2a: Oricorio|Hurricane|p1a: Homicidal Maniac\n|-supereffective|p1a: Homicidal Maniac\n|-enditem|p1a: Homicidal Maniac|Focus Sash\n|-damage|p1a: Homicidal Maniac|1\/100\n|\n|upkeep\n|turn|2\n|c| bepsi-can|3evee what time zone are you in\n|c|\u26063eveeJ|denver\n|\n|t:|1698610698\n|move|p1a: Homicidal Maniac|Sticky Web|p2a: Oricorio\n|-sidestart|p2: 3eveeJ|move: Sticky Web\n|move|p2a: Oricorio|Air Slash|p1a: Homicidal Maniac\n|-supereffective|p1a: Homicidal Maniac\n|-damage|p1a: Homicidal Maniac|0 fnt\n|faint|p1a: Homicidal Maniac\n|\n|upkeep\n|c| bepsi-can|ew\n|c|\u2606femurdeeznuts|whats denver\n|c| bepsi-can|colorado\n|c|\u2606femurdeeznuts|oh\n|c|\u2606femurdeeznuts|ew\n|c| bepsi-can|yeah\n|c| bepsi-can|we're coastal elites\n|\n|t:|1698610714\n|switch|p1a: Funny Lil' Guy|Grimmsnarl, M|100\/100\n|turn|3\n|\n|t:|1698610719\n|move|p1a: Funny Lil' Guy|Light Screen|p1a: Funny Lil' Guy\n|-sidestart|p1: femurdeeznuts|move: Light Screen\n|move|p2a: Oricorio|Hurricane|p1a: Funny Lil' Guy|[miss]\n|-miss|p2a: Oricorio|p1a: Funny Lil' Guy\n|\n|upkeep\n|turn|4\n|c| bepsi-can|we drink microbrewed coffee and wear beanies\n|c|\u2606femurdeeznuts|no we don't\n|c|\u2606femurdeeznuts|hes lying\n|\n|t:|1698610730\n|move|p1a: Funny Lil' Guy|Reflect|p1a: Funny Lil' Guy\n|-sidestart|p1: femurdeeznuts|Reflect\n|move|p2a: Oricorio|Hurricane|p1a: Funny Lil' Guy\n|-damage|p1a: Funny Lil' Guy|74\/100\n|-start|p1a: Funny Lil' Guy|confusion\n|\n|upkeep\n|turn|5\n|\n|t:|1698610736\n|-activate|p1a: Funny Lil' Guy|confusion\n|move|p1a: Funny Lil' Guy|Parting Shot|p2a: Oricorio\n|-unboost|p2a: Oricorio|atk|1\n|-unboost|p2a: Oricorio|spa|1\n|c| bepsi-can|we do live near boston\n|c| bepsi-can|so basically\n|c| bepsi-can|same thing\n|\n|t:|1698610749\n|switch|p1a: Bird is The Word|Altaria, F|100\/100|[from] Parting Shot\n|move|p2a: Oricorio|Tailwind|p2a: Oricorio\n|-sidestart|p2: 3eveeJ|move: Tailwind\n|\n|upkeep\n|turn|6\n|\n|t:|1698610757\n|detailschange|p1a: Bird is The Word|Altaria-Mega, F\n|-mega|p1a: Bird is The Word|Altaria|Altarianite\n|move|p2a: Oricorio|Air Slash|p1a: Bird is The Word\n|-damage|p1a: Bird is The Word|88\/100\n|move|p1a: Bird is The Word|Double-Edge|p2a: Oricorio\n|-damage|p2a: Oricorio|0 fnt\n|faint|p2a: Oricorio\n|-damage|p1a: Bird is The Word|55\/100|[from] Recoil\n|\n|upkeep\n|\n|t:|1698610768\n|switch|p2a: Grimmsnarl|Grimmsnarl, M|100\/100\n|turn|7\n|\n|t:|1698610774\n|move|p2a: Grimmsnarl|Spirit Break|p1a: Bird is The Word\n|-supereffective|p1a: Bird is The Word\n|-damage|p1a: Bird is The Word|8\/100\n|-unboost|p1a: Bird is The Word|spa|1\n|move|p1a: Bird is The Word|Double-Edge|p2a: Grimmsnarl\n|-supereffective|p2a: Grimmsnarl\n|-crit|p2a: Grimmsnarl\n|-damage|p2a: Grimmsnarl|0 fnt\n|faint|p2a: Grimmsnarl\n|-damage|p1a: Bird is The Word|0 fnt|[from] Recoil\n|faint|p1a: Bird is The Word\n|\n|upkeep\n|c|\u26063eveeJ|worthy sacrifice\n|\n|t:|1698610791\n|switch|p1a: Mommy? Sorry|Hatterene, F|100\/100\n|switch|p2a: Corviknight|Corviknight, M|100\/100\n|turn|8\n|c|\u2606femurdeeznuts|yeah that was a bad trade for me\n|c|\u2606femurdeeznuts|ditto scares me\n|\n|t:|1698610803\n|move|p2a: Corviknight|Iron Head|p1a: Mommy? Sorry\n|-supereffective|p1a: Mommy? Sorry\n|-damage|p1a: Mommy? Sorry|75\/100\n|-enditem|p1a: Mommy? Sorry|Eject Button\n|\n|t:|1698610812\n|switch|p1a: W.O.M.D|Klefki, M|100\/100\n|\n|-sideend|p2: 3eveeJ|move: Tailwind\n|upkeep\n|turn|9\n|\n|t:|1698610817\n|move|p1a: W.O.M.D|Thunder Wave|p2a: Corviknight\n|-status|p2a: Corviknight|par\n|move|p2a: Corviknight|Tailwind|p2a: Corviknight\n|-sidestart|p2: 3eveeJ|move: Tailwind\n|\n|upkeep\n|turn|10\n|\n|t:|1698610825\n|move|p1a: W.O.M.D|Foul Play|p2a: Corviknight\n|-damage|p2a: Corviknight|89\/100 par\n|move|p2a: Corviknight|Flash Cannon|p1a: W.O.M.D\n|-damage|p1a: W.O.M.D|90\/100\n|\n|-heal|p1a: W.O.M.D|96\/100|[from] item: Leftovers\n|-sideend|p1: femurdeeznuts|move: Light Screen\n|upkeep\n|turn|11\n|\n|t:|1698610832\n|move|p1a: W.O.M.D|Foul Play|p2a: Corviknight\n|-damage|p2a: Corviknight|78\/100 par\n|move|p2a: Corviknight|Flash Cannon|p1a: W.O.M.D\n|-damage|p1a: W.O.M.D|76\/100\n|\n|-heal|p1a: W.O.M.D|82\/100|[from] item: Leftovers\n|-sideend|p1: femurdeeznuts|Reflect\n|upkeep\n|turn|12\n|\n|t:|1698610840\n|move|p1a: W.O.M.D|Foul Play|p2a: Corviknight\n|-damage|p2a: Corviknight|67\/100 par\n|move|p2a: Corviknight|Iron Head|p1a: W.O.M.D\n|-damage|p1a: W.O.M.D|62\/100\n|\n|-heal|p1a: W.O.M.D|68\/100|[from] item: Leftovers\n|-sideend|p2: 3eveeJ|move: Tailwind\n|upkeep\n|turn|13\n|c| bepsi-can|so engaging\n|\n|t:|1698610850\n|switch|p1a: Funny Lil' Guy|Grimmsnarl, M|74\/100\n|move|p2a: Corviknight|Iron Head|p1a: Funny Lil' Guy\n|-supereffective|p1a: Funny Lil' Guy\n|-damage|p1a: Funny Lil' Guy|31\/100\n|\n|upkeep\n|turn|14\n|\n|t:|1698610857\n|move|p1a: Funny Lil' Guy|Reflect|p1a: Funny Lil' Guy\n|-sidestart|p1: femurdeeznuts|Reflect\n|cant|p2a: Corviknight|par\n|\n|upkeep\n|turn|15\n|\n|t:|1698610860\n|move|p1a: Funny Lil' Guy|Light Screen|p1a: Funny Lil' Guy\n|-sidestart|p1: femurdeeznuts|move: Light Screen\n|move|p2a: Corviknight|Taunt|p1a: Funny Lil' Guy\n|-start|p1a: Funny Lil' Guy|move: Taunt\n|\n|upkeep\n|turn|16\n|\n|t:|1698610866\n|switch|p1a: Mommy? Sorry|Hatterene, F|75\/100\n|cant|p2a: Corviknight|par\n|\n|upkeep\n|turn|17\n|c| bepsi-can|this is truly one of the interactions of all time\n|c|\u2606femurdeeznuts|the paras are crazy\n|\n|t:|1698610876\n|move|p1a: Mommy? Sorry|Mystical Fire|p2a: Corviknight\n|-supereffective|p2a: Corviknight\n|-damage|p2a: Corviknight|22\/100 par\n|-ability|p2a: Corviknight|Mirror Armor\n|-unboost|p1a: Mommy? Sorry|spa|1\n|-enditem|p2a: Corviknight|Wiki Berry|[eat]\n|-heal|p2a: Corviknight|55\/100 par|[from] item: Wiki Berry\n|move|p2a: Corviknight|Flash Cannon|p1a: Mommy? Sorry\n|-supereffective|p1a: Mommy? Sorry\n|-damage|p1a: Mommy? Sorry|61\/100\n|\n|upkeep\n|turn|18\n|\n|t:|1698610886\n|move|p1a: Mommy? Sorry|Mystical Fire|p2a: Corviknight\n|-supereffective|p2a: Corviknight\n|-damage|p2a: Corviknight|24\/100 par\n|-ability|p2a: Corviknight|Mirror Armor\n|-unboost|p1a: Mommy? Sorry|spa|1\n|move|p2a: Corviknight|Iron Head|p1a: Mommy? Sorry\n|-supereffective|p1a: Mommy? Sorry\n|-crit|p1a: Mommy? Sorry\n|-damage|p1a: Mommy? Sorry|0 fnt\n|faint|p1a: Mommy? Sorry\n|\n|upkeep\n|\n|t:|1698610893\n|switch|p1a: RE2 Licker|Slurpuff, M|100\/100\n|turn|19\n|\n|t:|1698610898\n|move|p1a: RE2 Licker|Drain Punch|p2a: Corviknight\n|-damage|p2a: Corviknight|12\/100 par\n|cant|p2a: Corviknight|par\n|\n|upkeep\n|turn|20\n|\n|t:|1698610902\n|move|p1a: RE2 Licker|Drain Punch|p2a: Corviknight\n|-damage|p2a: Corviknight|2\/100 par\n|cant|p2a: Corviknight|par\n|\n|upkeep\n|turn|21\n|c|\u2606femurdeeznuts|damn\n|c| bepsi-can|shouldve drummed\n|c|\u26063eveeJ|oh boy...\n|c| bepsi-can|i think you lived\n|c|\u2606femurdeeznuts|this para is crazy\n|c|\u2606femurdeeznuts|ditto\n|c|\u2606femurdeeznuts|i can't\n|c| bepsi-can|oh but\n|\n|t:|1698610917\n|move|p1a: RE2 Licker|Drain Punch|p2a: Corviknight\n|-damage|p2a: Corviknight|0 fnt\n|faint|p2a: Corviknight\n|\n|-sideend|p1: femurdeeznuts|Reflect\n|upkeep\n|c| bepsi-can|yeah the countersweep\n|c| bepsi-can|WAIT\n|\n|t:|1698610922\n|switch|p2a: Talonflame|Talonflame, F|100\/100\n|turn|22\n|c| bepsi-can|NO UNBURDEN\n|c|\u2606femurdeeznuts|true\n|c| bepsi-can|DITTO WOULDNT BE ABLE TO GET UNBURDEN\n|\n|t:|1698610937\n|switch|p1a: Funny Lil' Guy|Grimmsnarl, M|31\/100\n|move|p2a: Talonflame|Acrobatics|p1a: Funny Lil' Guy\n|-damage|p1a: Funny Lil' Guy|0 fnt\n|faint|p1a: Funny Lil' Guy\n|\n|-sideend|p1: femurdeeznuts|move: Light Screen\n|upkeep\n|c| bepsi-can|the tactic\n|\n|t:|1698610941\n|switch|p1a: W.O.M.D|Klefki, M|68\/100\n|turn|23\n|c| bepsi-can|uh\n|\n|t:|1698610947\n|move|p2a: Talonflame|Air Slash|p1a: W.O.M.D\n|-resisted|p1a: W.O.M.D\n|-damage|p1a: W.O.M.D|56\/100\n|cant|p1a: W.O.M.D|flinch\n|\n|-heal|p1a: W.O.M.D|62\/100|[from] item: Leftovers\n|upkeep\n|turn|24\n|c|\u2606femurdeeznuts|trust\n|c| bepsi-can|sorry i helped the gym leader colorado person\n|c| bepsi-can|but\n|c| bepsi-can|yk\n|\n|t:|1698610956\n|move|p2a: Talonflame|Air Slash|p1a: W.O.M.D\n|-resisted|p1a: W.O.M.D\n|-damage|p1a: W.O.M.D|50\/100\n|move|p1a: W.O.M.D|Thunder Wave|p2a: Talonflame\n|-status|p2a: Talonflame|par\n|\n|-heal|p1a: W.O.M.D|56\/100|[from] item: Leftovers\n|upkeep\n|turn|25\n|c| bepsi-can|its prob fine\n|c| bepsi-can|gale wings\n|\n|t:|1698610965\n|move|p2a: Talonflame|Heat Wave|p1a: W.O.M.D\n|-supereffective|p1a: W.O.M.D\n|-damage|p1a: W.O.M.D|0 fnt\n|faint|p1a: W.O.M.D\n|\n|upkeep\n|c| bepsi-can|disable gale wings\n|c|\u2606femurdeeznuts|ik\n|\n|t:|1698610970\n|switch|p1a: RE2 Licker|Slurpuff, M|100\/100\n|turn|26\n|\n|t:|1698610975\n|-terastallize|p1a: RE2 Licker|Fairy\n|move|p2a: Talonflame|Acrobatics|p1a: RE2 Licker\n|-crit|p1a: RE2 Licker\n|-damage|p1a: RE2 Licker|0 fnt\n|faint|p1a: RE2 Licker\n|\n|win|3eveeJ\n|c| bepsi-can|its the d1 licker\n|c|\u2606femurdeeznuts|oh\n|c|\u26063eveeJ|gg\n|c|\u2606femurdeeznuts|welp\n|c| bepsi-can|oh no\n|c|\u2606femurdeeznuts|gg\n|c| bepsi-can|gg\n","uploadtime":1698610986,"views":11,"p1id":"femurdeeznuts","p2id":"3eveej","formatid":"gen9nationaldexubers","rating":0,"private":0,"password":""}