{"id":"gen9nationaldexubers-1986562348","p1":"Oriharabruh","p2":"ReckingNoobs","format":"[Gen 9] National Dex Ubers","log":"|j|\u2606Oriharabruh\n|j|\u2606ReckingNoobs\n|t:|1699492263\n|gametype|singles\n|player|p1|Oriharabruh|waiter-gen4|1239\n|player|p2|ReckingNoobs|ghetsis|1187\n|teamsize|p1|6\n|teamsize|p2|6\n|gen|9\n|tier|[Gen 9] National Dex Ubers\n|rated|\n|rule|HP Percentage Mod: HP is shown in percentages\n|rule|Endless Battle Clause: Forcing endless battles is banned\n|rule|OHKO Clause: OHKO moves are banned\n|rule|Evasion Moves Clause: Evasion moves are banned\n|rule|Evasion Items Clause: Evasion items are banned\n|rule|Species Clause: Limit one of each Pok\u00e9mon\n|rule|Sleep Clause Mod: Limit one foe put to sleep\n|rule|Mega Rayquaza Clause: You cannot mega evolve Rayquaza\n|clearpoke\n|poke|p1|Blaziken, F|\n|poke|p1|Greninja-*, M|\n|poke|p1|Staraptor, M|\n|poke|p1|Kyurem-Black|\n|poke|p1|Tyranitar, M|\n|poke|p1|Sneasler, M|\n|poke|p2|Yveltal|\n|poke|p2|Xurkitree|\n|poke|p2|Beedrill, M|\n|poke|p2|Donphan, F|\n|poke|p2|Darmanitan, M|\n|poke|p2|Greninja-*, M|\n|teampreview\n|inactive|Battle timer is ON: inactive players will automatically lose when time's up. (requested by Oriharabruh)\n|\n|t:|1699492280\n|start\n|switch|p1a: Tyranitar|Tyranitar, M|100\/100\n|switch|p2a: Donphan|Donphan, F|100\/100\n|-weather|Sandstorm|[from] ability: Sand Stream|[of] p1a: Tyranitar\n|turn|1\n|\n|t:|1699492283\n|move|p1a: Tyranitar|Dragon Dance|p1a: Tyranitar\n|-boost|p1a: Tyranitar|atk|1\n|-boost|p1a: Tyranitar|spe|1\n|move|p2a: Donphan|Stealth Rock|p1a: Tyranitar\n|-sidestart|p1: Oriharabruh|move: Stealth Rock\n|\n|-weather|Sandstorm|[upkeep]\n|upkeep\n|turn|2\n|\n|t:|1699492287\n|move|p1a: Tyranitar|Dragon Dance|p1a: Tyranitar\n|-boost|p1a: Tyranitar|atk|1\n|-boost|p1a: Tyranitar|spe|1\n|move|p2a: Donphan|Earthquake|p1a: Tyranitar\n|-supereffective|p1a: Tyranitar\n|-damage|p1a: Tyranitar|15\/100\n|\n|-weather|Sandstorm|[upkeep]\n|upkeep\n|turn|3\n|\n|t:|1699492290\n|move|p1a: Tyranitar|Earthquake|p2a: Donphan\n|-damage|p2a: Donphan|47\/100\n|move|p2a: Donphan|Earthquake|p1a: Tyranitar\n|-supereffective|p1a: Tyranitar\n|-damage|p1a: Tyranitar|0 fnt\n|faint|p1a: Tyranitar\n|\n|-weather|Sandstorm|[upkeep]\n|upkeep\n|\n|t:|1699492294\n|switch|p1a: Staraptor|Staraptor, M|100\/100\n|-damage|p1a: Staraptor|76\/100|[from] Stealth Rock\n|turn|4\n|\n|t:|1699492296\n|move|p2a: Donphan|Ice Shard|p1a: Staraptor\n|-supereffective|p1a: Staraptor\n|-crit|p1a: Staraptor\n|-damage|p1a: Staraptor|24\/100\n|move|p1a: Staraptor|Brave Bird|p2a: Donphan\n|-damage|p2a: Donphan|0 fnt\n|faint|p2a: Donphan\n|-damage|p1a: Staraptor|6\/100|[from] Recoil\n|\n|-weather|Sandstorm|[upkeep]\n|-damage|p1a: Staraptor|0 fnt|[from] Sandstorm\n|faint|p1a: Staraptor\n|upkeep\n|\n|t:|1699492315\n|switch|p1a: Vieira|Blaziken, F, shiny|100\/100\n|switch|p2a: Yveltal|Yveltal|100\/100\n|-damage|p1a: Vieira|88\/100|[from] Stealth Rock\n|-ability|p2a: Yveltal|Dark Aura\n|turn|5\n|\n|t:|1699492322\n|detailschange|p1a: Vieira|Blaziken-Mega, F, shiny\n|-mega|p1a: Vieira|Blaziken|Blazikenite\n|move|p1a: Vieira|Protect|p1a: Vieira\n|-singleturn|p1a: Vieira|Protect\n|move|p2a: Yveltal|Oblivion Wing|p1a: Vieira\n|-activate|p1a: Vieira|move: Protect\n|\n|-weather|none\n|-ability|p1a: Vieira|Speed Boost|boost\n|-boost|p1a: Vieira|spe|1\n|upkeep\n|turn|6\n|\n|t:|1699492340\n|move|p1a: Vieira|High Jump Kick|p2a: Yveltal\n|-damage|p2a: Yveltal|43\/100\n|move|p2a: Yveltal|Oblivion Wing|p1a: Vieira\n|-supereffective|p1a: Vieira\n|-damage|p1a: Vieira|0 fnt\n|-heal|p2a: Yveltal|88\/100|[from] drain|[of] p1a: Vieira\n|faint|p1a: Vieira\n|\n|-heal|p2a: Yveltal|94\/100|[from] item: Leftovers\n|upkeep\n|-message|Oriharabruh forfeited.\n|\n|win|ReckingNoobs\n|raw|Oriharabruh's rating: 1239 &rarr; <strong>1210<\/strong><br \/>(-29 for losing)\n|raw|ReckingNoobs's rating: 1187 &rarr; <strong>1216<\/strong><br \/>(+29 for winning)\n|l|\u2606Oriharabruh\n","uploadtime":1699492350,"views":7,"p1id":"oriharabruh","p2id":"reckingnoobs","formatid":"gen9nationaldexubers","rating":1210,"private":0,"password":""}