{"id":"gen9nationaldexubers-1999854683","p1":"Salfy","p2":"hollyxkid","format":"[Gen 9] National Dex Ubers","log":"|j|\u2606Salfy\n|j|\u2606hollyxkid\n|t:|1701123089\n|gametype|singles\n|player|p1|Salfy|depotagent|\n|player|p2|hollyxkid|lady|\n|teamsize|p1|6\n|teamsize|p2|6\n|gen|9\n|tier|[Gen 9] National Dex Ubers\n|rule|HP Percentage Mod: HP is shown in percentages\n|rule|Endless Battle Clause: Forcing endless battles is banned\n|rule|OHKO Clause: OHKO moves are banned\n|rule|Evasion Moves Clause: Evasion moves are banned\n|rule|Evasion Items Clause: Evasion items are banned\n|rule|Species Clause: Limit one of each Pok\u00e9mon\n|rule|Sleep Clause Mod: Limit one foe put to sleep\n|rule|Mega Rayquaza Clause: You cannot mega evolve Rayquaza\n|clearpoke\n|poke|p1|Banette, F|\n|poke|p1|Garchomp, M|\n|poke|p1|Hatterene, F|\n|poke|p1|Heatran, M|\n|poke|p1|Ferrothorn, F|\n|poke|p1|Iron Valiant|\n|poke|p2|Lopunny, F|\n|poke|p2|Blissey, F|\n|poke|p2|Ditto|\n|poke|p2|Zoroark-Hisui, F|\n|poke|p2|Staraptor, F|\n|poke|p2|Ursaluna-Bloodmoon, M|\n|teampreview\n|c|\u2606hollyxkid|glhf\n|c|\u2606Salfy|glhf\n|c|\u2606hollyxkid|tera?\n|\n|t:|1701123121\n|start\n|switch|p1a: Acrid|Garchomp, M|100\/100\n|switch|p2a: Jackie|Lopunny, F|100\/100\n|turn|1\n|c|\u2606Salfy|poison chomp\n|\n|t:|1701123143\n|detailschange|p2a: Jackie|Lopunny-Mega, F\n|-mega|p2a: Jackie|Lopunny|Lopunnite\n|-terastallize|p1a: Acrid|Poison\n|move|p2a: Jackie|U-turn|p1a: Acrid\n|-resisted|p1a: Acrid\n|-damage|p1a: Acrid|87\/100\n|-damage|p2a: Jackie|88\/100|[from] ability: Rough Skin|[of] p1a: Acrid\n|\n|t:|1701123151\n|switch|p2a: Hifumi|Staraptor, F|100\/100|[from] U-turn\n|-ability|p2a: Hifumi|Intimidate|boost\n|-unboost|p1a: Acrid|atk|1\n|move|p1a: Acrid|Swords Dance|p1a: Acrid\n|-boost|p1a: Acrid|atk|2\n|\n|upkeep\n|turn|2\n|\n|t:|1701123161\n|move|p1a: Acrid|Scale Shot|p2a: Hifumi\n|-damage|p2a: Hifumi|84\/100\n|-damage|p2a: Hifumi|69\/100\n|-damage|p2a: Hifumi|52\/100\n|-damage|p2a: Hifumi|36\/100\n|-hitcount|p2a: Hifumi|4\n|-unboost|p1a: Acrid|def|1\n|-boost|p1a: Acrid|spe|1\n|move|p2a: Hifumi|U-turn|p1a: Acrid\n|-resisted|p1a: Acrid\n|-damage|p1a: Acrid|72\/100\n|-damage|p2a: Hifumi|23\/100|[from] ability: Rough Skin|[of] p1a: Acrid\n|\n|t:|1701123167\n|switch|p2a: matt|Ditto|100\/100|[from] U-turn\n|-transform|p2a: matt|p1a: Acrid|[from] ability: Imposter\n|\n|upkeep\n|-start|p2a: matt|typechange|Dragon\/Ground|[silent]\n|turn|3\n|c|\u2606Salfy|you see\n|c|\u2606Salfy|I forgot to get rid of shadow claw\n|\n|t:|1701123201\n|switch|p1a: Rex|Ferrothorn, F|100\/100\n|move|p2a: matt|Earthquake|p1a: Rex\n|-damage|p1a: Rex|49\/100\n|\n|-heal|p1a: Rex|55\/100|[from] item: Leftovers\n|upkeep\n|turn|4\n|c|\u2606hollyxkid|was asking myself how you'd use it in this battle lmao\n|\n|t:|1701123229\n|switch|p2a: Tess|Blissey, F|100\/100\n|move|p1a: Rex|Knock Off|p2a: Tess\n|-damage|p2a: Tess|82\/100\n|-enditem|p2a: Tess|Heavy-Duty Boots|[from] move: Knock Off|[of] p1a: Rex\n|\n|-heal|p1a: Rex|62\/100|[from] item: Leftovers\n|upkeep\n|turn|5\n|\n|t:|1701123235\n|move|p1a: Rex|Leech Seed|p2a: Tess|[miss]\n|-miss|p1a: Rex|p2a: Tess\n|move|p2a: Tess|Teleport|p2a: Tess\n|\n|t:|1701123240\n|switch|p2a: Frank|Ursaluna-Bloodmoon, M|100\/100|[from] Teleport\n|\n|-heal|p1a: Rex|68\/100|[from] item: Leftovers\n|upkeep\n|turn|6\n|\n|t:|1701123244\n|switch|p1a: Mithrix|Heatran, M|100\/100\n|move|p2a: Frank|Flamethrower|p1a: Mithrix\n|-start|p1a: Mithrix|ability: Flash Fire\n|\n|upkeep\n|turn|7\n|\n|t:|1701123251\n|switch|p2a: Jackie|Lopunny-Mega, F|88\/100\n|move|p1a: Mithrix|Magma Storm|p2a: Jackie\n|-damage|p2a: Jackie|7\/100\n|-activate|p2a: Jackie|move: Magma Storm|[of] p1a: Mithrix\n|\n|-damage|p2a: Jackie|0 fnt|[from] move: Magma Storm|[partiallytrapped]\n|faint|p2a: Jackie\n|upkeep\n|\n|t:|1701123264\n|switch|p2a: Frank|Ursaluna-Bloodmoon, M|100\/100\n|turn|8\n|\n|t:|1701123274\n|-end|p1a: Mithrix|ability: Flash Fire|[silent]\n|switch|p1a: Rex|Ferrothorn, F|68\/100\n|move|p2a: Frank|Calm Mind|p2a: Frank\n|-boost|p2a: Frank|spa|1\n|-boost|p2a: Frank|spd|1\n|\n|-heal|p1a: Rex|74\/100|[from] item: Leftovers\n|upkeep\n|turn|9\n|\n|t:|1701123287\n|move|p2a: Frank|Calm Mind|p2a: Frank\n|-boost|p2a: Frank|spa|1\n|-boost|p2a: Frank|spd|1\n|move|p1a: Rex|Leech Seed|p2a: Frank\n|-start|p2a: Frank|move: Leech Seed\n|\n|-heal|p1a: Rex|80\/100|[from] item: Leftovers\n|-damage|p2a: Frank|88\/100|[from] Leech Seed|[of] p1a: Rex\n|-heal|p1a: Rex|95\/100|[silent]\n|upkeep\n|turn|10\n|\n|t:|1701123294\n|switch|p1a: Mithrix|Heatran, M|100\/100\n|move|p2a: Frank|Vacuum Wave|p1a: Mithrix\n|-supereffective|p1a: Mithrix\n|-damage|p1a: Mithrix|70\/100\n|\n|-heal|p1a: Mithrix|76\/100|[from] item: Leftovers\n|-heal|p2a: Frank|94\/100|[from] item: Leftovers\n|-damage|p2a: Frank|82\/100|[from] Leech Seed|[of] p1a: Mithrix\n|-heal|p1a: Mithrix|90\/100|[silent]\n|upkeep\n|turn|11\n|\n|t:|1701123302\n|switch|p2a: Tess|Blissey, F|82\/100\n|move|p1a: Mithrix|Taunt|p2a: Tess\n|-start|p2a: Tess|move: Taunt\n|\n|-heal|p1a: Mithrix|96\/100|[from] item: Leftovers\n|upkeep\n|turn|12\n|\n|t:|1701123307\n|move|p1a: Mithrix|Magma Storm|p2a: Tess\n|-damage|p2a: Tess|67\/100\n|-activate|p2a: Tess|move: Magma Storm|[of] p1a: Mithrix\n|move|p2a: Tess|Seismic Toss|p1a: Mithrix\n|-damage|p1a: Mithrix|70\/100\n|\n|-heal|p1a: Mithrix|76\/100|[from] item: Leftovers\n|-damage|p2a: Tess|54\/100|[from] move: Magma Storm|[partiallytrapped]\n|upkeep\n|turn|13\n|\n|t:|1701123313\n|move|p1a: Mithrix|Stealth Rock|p2a: Tess\n|-sidestart|p2: hollyxkid|move: Stealth Rock\n|move|p2a: Tess|Seismic Toss|p1a: Mithrix\n|-damage|p1a: Mithrix|50\/100\n|\n|-heal|p1a: Mithrix|57\/100|[from] item: Leftovers\n|-damage|p2a: Tess|42\/100|[from] move: Magma Storm|[partiallytrapped]\n|-end|p2a: Tess|move: Taunt\n|upkeep\n|turn|14\n|\n|t:|1701123330\n|switch|p1a: Void Fiend|Banette, F|100\/100\n|move|p2a: Tess|Teleport|p2a: Tess\n|\n|t:|1701123336\n|switch|p2a: Tess|Blissey, F|100\/100|[from] Teleport\n|-damage|p2a: Tess|88\/100|[from] Stealth Rock\n|\n|upkeep\n|turn|15\n|\n|t:|1701123347\n|switch|p1a: Rex|Ferrothorn, F|95\/100\n|move|p2a: Tess|Nasty Plot|p2a: Tess\n|-boost|p2a: Tess|spa|2\n|\n|-heal|p1a: Rex|100\/100|[from] item: Leftovers\n|upkeep\n|turn|16\n|\n|t:|1701123351\n|move|p2a: Tess|Flamethrower|p1a: Rex\n|-supereffective|p1a: Rex\n|-crit|p1a: Rex\n|-damage|p1a: Rex|0 fnt\n|faint|p1a: Rex\n|\n|upkeep\n|\n|t:|1701123358\n|switch|p1a: Mercenary|Iron Valiant|100\/100\n|turn|17\n|\n|t:|1701123368\n|move|p1a: Mercenary|Moonblast|p2a: Tess\n|-damage|p2a: Tess|0 fnt\n|replace|p2a: Damien|Zoroark-Hisui, F\n|-end|p2a: Damien|Illusion\n|faint|p2a: Damien\n|\n|upkeep\n|\n|t:|1701123386\n|switch|p2a: matt|Ditto|100\/100\n|-damage|p2a: matt|88\/100|[from] Stealth Rock\n|-transform|p2a: matt|p1a: Mercenary|[from] ability: Imposter\n|turn|18\n|\n|t:|1701123401\n|-end|p1a: Mercenary|Quark Drive|[silent]\n|switch|p1a: Acrid|Garchomp, M, tera:Poison|72\/100\n|move|p2a: matt|Moonblast|p1a: Acrid\n|-resisted|p1a: Acrid\n|-damage|p1a: Acrid|44\/100\n|-unboost|p1a: Acrid|spa|1\n|\n|upkeep\n|turn|19\n|\n|t:|1701123429\n|-end|p2a: matt|Quark Drive|[silent]\n|switch|p2a: Hifumi|Staraptor, F|23\/100\n|-ability|p2a: Hifumi|Intimidate|boost\n|-unboost|p1a: Acrid|atk|1\n|move|p1a: Acrid|Scale Shot|p2a: Hifumi\n|-damage|p2a: Hifumi|16\/100\n|-damage|p2a: Hifumi|8\/100\n|-damage|p2a: Hifumi|1\/100\n|-damage|p2a: Hifumi|0 fnt\n|faint|p2a: Hifumi\n|-hitcount|p2: Hifumi|4\n|-unboost|p1a: Acrid|def|1\n|-boost|p1a: Acrid|spe|1\n|\n|upkeep\n|\n|t:|1701123438\n|switch|p2a: Frank|Ursaluna-Bloodmoon, M|82\/100\n|-damage|p2a: Frank|76\/100|[from] Stealth Rock\n|turn|20\n|\n|t:|1701123467\n|move|p1a: Acrid|Swords Dance|p1a: Acrid\n|-boost|p1a: Acrid|atk|2\n|move|p2a: Frank|Blood Moon|p1a: Acrid\n|-crit|p1a: Acrid\n|-damage|p1a: Acrid|0 fnt\n|faint|p1a: Acrid\n|\n|-heal|p2a: Frank|82\/100|[from] item: Leftovers\n|upkeep\n|\n|t:|1701123497\n|switch|p1a: Void Fiend|Banette, F|100\/100\n|turn|21\n|\n|t:|1701123504\n|detailschange|p1a: Void Fiend|Banette-Mega, F\n|-mega|p1a: Void Fiend|Banette|Banettite\n|move|p1a: Void Fiend|Encore|p2a: Frank\n|-start|p2a: Frank|Encore\n|move|p2a: Frank|Blood Moon|p1a: Void Fiend\n|-crit|p1a: Void Fiend\n|-damage|p1a: Void Fiend|0 fnt\n|faint|p1a: Void Fiend\n|-hint|Some effects can force a Pokemon to use Blood Moon again in a row.\n|\n|-heal|p2a: Frank|88\/100|[from] item: Leftovers\n|upkeep\n|c|\u2606Salfy|oh ok\n|c|\u2606hollyxkid|i didnt know it\n|c|\u2606hollyxkid|coolio\n|\n|t:|1701123540\n|switch|p1a: Artificer|Hatterene, F|100\/100\n|turn|22\n|\n|t:|1701123546\n|switch|p2a: Tess|Blissey, F|42\/100\n|-damage|p2a: Tess|29\/100|[from] Stealth Rock\n|move|p1a: Artificer|Calm Mind|p1a: Artificer\n|-boost|p1a: Artificer|spa|1\n|-boost|p1a: Artificer|spd|1\n|\n|upkeep\n|turn|23\n|\n|t:|1701123552\n|move|p2a: Tess|Seismic Toss|p1a: Artificer\n|-damage|p1a: Artificer|69\/100\n|move|p1a: Artificer|Psyshock|p2a: Tess\n|-damage|p2a: Tess|0 fnt\n|faint|p2a: Tess\n|\n|-heal|p1a: Artificer|75\/100|[from] item: Leftovers\n|upkeep\n|\n|t:|1701123556\n|switch|p2a: matt|Ditto|88\/100\n|-damage|p2a: matt|76\/100|[from] Stealth Rock\n|-transform|p2a: matt|p1a: Artificer|[from] ability: Imposter\n|turn|24\n|\n|t:|1701123561\n|move|p2a: matt|Draining Kiss|p1a: Artificer\n|-damage|p1a: Artificer|50\/100\n|-heal|p2a: matt|95\/100|[from] drain|[of] p1a: Artificer\n|move|p1a: Artificer|Calm Mind|p1a: Artificer\n|-boost|p1a: Artificer|spa|1\n|-boost|p1a: Artificer|spd|1\n|\n|-heal|p1a: Artificer|56\/100|[from] item: Leftovers\n|upkeep\n|turn|25\n|\n|t:|1701123565\n|move|p2a: matt|Draining Kiss|p1a: Artificer\n|-damage|p1a: Artificer|39\/100\n|-heal|p2a: matt|100\/100|[from] drain|[of] p1a: Artificer\n|move|p1a: Artificer|Draining Kiss|p2a: matt\n|-damage|p2a: matt|68\/100\n|-heal|p1a: Artificer|62\/100|[from] drain|[of] p2a: matt\n|\n|-heal|p1a: Artificer|68\/100|[from] item: Leftovers\n|upkeep\n|turn|26\n|\n|t:|1701123569\n|switch|p2a: Frank|Ursaluna-Bloodmoon, M|88\/100\n|-damage|p2a: Frank|82\/100|[from] Stealth Rock\n|move|p1a: Artificer|Draining Kiss|p2a: Frank\n|-damage|p2a: Frank|33\/100\n|-heal|p1a: Artificer|100\/100|[from] drain|[of] p2a: Frank\n|\n|-heal|p2a: Frank|39\/100|[from] item: Leftovers\n|upkeep\n|turn|27\n|\n|t:|1701123575\n|move|p2a: Frank|Blood Moon|p1a: Artificer\n|-damage|p1a: Artificer|69\/100\n|move|p1a: Artificer|Draining Kiss|p2a: Frank\n|-damage|p2a: Frank|0 fnt\n|-heal|p1a: Artificer|100\/100|[from] drain|[of] p2a: Frank\n|faint|p2a: Frank\n|\n|upkeep\n|\n|t:|1701123582\n|switch|p2a: matt|Ditto|68\/100\n|-damage|p2a: matt|56\/100|[from] Stealth Rock\n|-transform|p2a: matt|p1a: Artificer|[from] ability: Imposter\n|turn|28\n|\n|t:|1701123584\n|move|p2a: matt|Draining Kiss|p1a: Artificer\n|-damage|p1a: Artificer|77\/100\n|-heal|p2a: matt|75\/100|[from] drain|[of] p1a: Artificer\n|move|p1a: Artificer|Calm Mind|p1a: Artificer\n|-boost|p1a: Artificer|spa|1\n|-boost|p1a: Artificer|spd|1\n|\n|-heal|p1a: Artificer|83\/100|[from] item: Leftovers\n|upkeep\n|turn|29\n|\n|t:|1701123587\n|move|p2a: matt|Draining Kiss|p1a: Artificer\n|-crit|p1a: Artificer\n|-damage|p1a: Artificer|14\/100\n|-heal|p2a: matt|100\/100|[from] drain|[of] p1a: Artificer\n|move|p1a: Artificer|Calm Mind|p1a: Artificer\n|-boost|p1a: Artificer|spa|1\n|-boost|p1a: Artificer|spd|1\n|\n|-heal|p1a: Artificer|20\/100|[from] item: Leftovers\n|upkeep\n|turn|30\n|\n|t:|1701123592\n|move|p2a: matt|Draining Kiss|p1a: Artificer\n|-damage|p1a: Artificer|3\/100\n|move|p1a: Artificer|Draining Kiss|p2a: matt\n|-damage|p2a: matt|64\/100\n|-heal|p1a: Artificer|29\/100|[from] drain|[of] p2a: matt\n|\n|-heal|p1a: Artificer|35\/100|[from] item: Leftovers\n|upkeep\n|turn|31\n|\n|t:|1701123595\n|move|p2a: matt|Draining Kiss|p1a: Artificer\n|-damage|p1a: Artificer|19\/100\n|-heal|p2a: matt|77\/100|[from] drain|[of] p1a: Artificer\n|move|p1a: Artificer|Draining Kiss|p2a: matt\n|-damage|p2a: matt|38\/100\n|-heal|p1a: Artificer|47\/100|[from] drain|[of] p2a: matt\n|\n|-heal|p1a: Artificer|53\/100|[from] item: Leftovers\n|upkeep\n|turn|32\n|\n|t:|1701123598\n|move|p2a: matt|Draining Kiss|p1a: Artificer\n|-damage|p1a: Artificer|36\/100\n|-heal|p2a: matt|51\/100|[from] drain|[of] p1a: Artificer\n|move|p1a: Artificer|Draining Kiss|p2a: matt\n|-damage|p2a: matt|12\/100\n|-heal|p1a: Artificer|63\/100|[from] drain|[of] p2a: matt\n|\n|-heal|p1a: Artificer|69\/100|[from] item: Leftovers\n|upkeep\n|turn|33\n|\n|t:|1701123600\n|-activate|p2a: matt|move: Struggle\n|move|p2a: matt|Struggle|p1a: Artificer\n|-damage|p1a: Artificer|63\/100\n|-damage|p2a: matt|0 fnt|[from] recoil\n|faint|p2a: matt\n|\n|win|Salfy\n|c|\u2606hollyxkid|gg\n|c|\u2606Salfy|gg\n|l|\u2606hollyxkid\n","uploadtime":1701123607,"views":7,"p1id":"salfy","p2id":"hollyxkid","formatid":"gen9nationaldexubers","rating":0,"private":0,"password":""}