{"id":"gen9nationaldexubers-1983115965","p1":"AlolanSandslashOU","p2":"ForXernox","format":"[Gen 9] National Dex Ubers","log":"|j|\u2606AlolanSandslashOU\n|j|\u2606ForXernox\n|t:|1699089613\n|gametype|singles\n|player|p1|AlolanSandslashOU|volkner|\n|player|p2|ForXernox|acetrainer-gen4dp|\n|teamsize|p1|6\n|teamsize|p2|6\n|gen|9\n|tier|[Gen 9] National Dex Ubers\n|rule|HP Percentage Mod: HP is shown in percentages\n|rule|Endless Battle Clause: Forcing endless battles is banned\n|rule|OHKO Clause: OHKO moves are banned\n|rule|Evasion Moves Clause: Evasion moves are banned\n|rule|Evasion Items Clause: Evasion items are banned\n|rule|Species Clause: Limit one of each Pok\u00e9mon\n|rule|Sleep Clause Mod: Limit one foe put to sleep\n|rule|Mega Rayquaza Clause: You cannot mega evolve Rayquaza\n|clearpoke\n|poke|p1|Darmanitan-Galar, F|\n|poke|p1|Ribombee, F|\n|poke|p1|Sandslash-Alola, F|\n|poke|p1|Ninetales-Alola, F|\n|poke|p1|Cloyster, M|\n|poke|p1|Glastrier|\n|poke|p2|Torterra, M|\n|poke|p2|Infernape, F|\n|poke|p2|Empoleon, F|\n|poke|p2|Tyranitar, M|\n|poke|p2|Ribombee, F|\n|poke|p2|Dracozolt|\n|teampreview\n|c|\u2606ForXernox|Have fun\n|\n|t:|1699089639\n|start\n|switch|p1a: Ribombee|Ribombee, F, shiny|100\/100\n|switch|p2a: Big tortel|Torterra, M|100\/100\n|turn|1\n|c|\u2606AlolanSandslashOU|Don\u2019t get frostbite buddy\n|c|\u2606ForXernox|?\n|\n|t:|1699089651\n|move|p1a: Ribombee|Sticky Web|p2a: Big tortel\n|-sidestart|p2: ForXernox|move: Sticky Web\n|move|p2a: Big tortel|Shell Smash|p2a: Big tortel\n|-unboost|p2a: Big tortel|def|1\n|-unboost|p2a: Big tortel|spd|1\n|-boost|p2a: Big tortel|atk|2\n|-boost|p2a: Big tortel|spa|2\n|-boost|p2a: Big tortel|spe|2\n|\n|upkeep\n|turn|2\n|\n|t:|1699089662\n|move|p2a: Big tortel|Rock Blast|p1a: Ribombee\n|-supereffective|p1a: Ribombee\n|-damage|p1a: Ribombee|39\/100\n|-supereffective|p1a: Ribombee\n|-damage|p1a: Ribombee|0 fnt\n|faint|p1a: Ribombee\n|-hitcount|p1: Ribombee|2\n|\n|upkeep\n|c|\u2606AlolanSandslashOU|It\u2019s just my saying for gym battles cause I use ice types\n|c|\u2606ForXernox|Oh\n|c|\u2606ForXernox|Like a catchphrase?\n|\n|t:|1699089678\n|switch|p1a: Glastrier|Glastrier|100\/100\n|turn|3\n|\n|t:|1699089694\n|-terastallize|p2a: Big tortel|Fire\n|-terastallize|p1a: Glastrier|Steel\n|move|p2a: Big tortel|Rock Blast|p1a: Glastrier|[miss]\n|-miss|p2a: Big tortel|p1a: Glastrier\n|move|p1a: Glastrier|Icicle Crash|p2a: Big tortel\n|-resisted|p2a: Big tortel\n|-damage|p2a: Big tortel|69\/100\n|\n|upkeep\n|turn|4\n|\n|t:|1699089704\n|move|p2a: Big tortel|Headlong Rush|p1a: Glastrier\n|-supereffective|p1a: Glastrier\n|-crit|p1a: Glastrier\n|-damage|p1a: Glastrier|0 fnt\n|-unboost|p2a: Big tortel|def|1\n|-unboost|p2a: Big tortel|spd|1\n|faint|p1a: Glastrier\n|\n|upkeep\n|\n|t:|1699089707\n|switch|p1a: Ninetales|Ninetales-Alola, F, shiny|100\/100\n|-weather|Snow|[from] ability: Snow Warning|[of] p1a: Ninetales\n|turn|5\n|\n|t:|1699089711\n|move|p2a: Big tortel|Rock Blast|p1a: Ninetales\n|-supereffective|p1a: Ninetales\n|-damage|p1a: Ninetales|67\/100\n|-supereffective|p1a: Ninetales\n|-damage|p1a: Ninetales|35\/100\n|-supereffective|p1a: Ninetales\n|-damage|p1a: Ninetales|0 fnt\n|faint|p1a: Ninetales\n|-hitcount|p1: Ninetales|3\n|\n|-weather|Snow|[upkeep]\n|upkeep\n|\n|t:|1699089715\n|switch|p1a: Sandslash|Sandslash-Alola, F|100\/100\n|turn|6\n|\n|t:|1699089726\n|move|p1a: Sandslash|Earthquake|p2a: Big tortel\n|-supereffective|p2a: Big tortel\n|-damage|p2a: Big tortel|0 fnt\n|faint|p2a: Big tortel\n|\n|-weather|Snow|[upkeep]\n|upkeep\n|\n|t:|1699089739\n|switch|p2a: Kaiju|Tyranitar, M|100\/100\n|-activate|p2a: Kaiju|move: Sticky Web\n|-unboost|p2a: Kaiju|spe|1\n|-weather|Sandstorm|[from] ability: Sand Stream|[of] p2a: Kaiju\n|turn|7\n|\n|t:|1699089748\n|move|p1a: Sandslash|Swords Dance|p1a: Sandslash\n|-boost|p1a: Sandslash|atk|2\n|move|p2a: Kaiju|Earthquake|p1a: Sandslash\n|-supereffective|p1a: Sandslash\n|-damage|p1a: Sandslash|17\/100\n|\n|-weather|Sandstorm|[upkeep]\n|upkeep\n|turn|8\n|\n|t:|1699089752\n|move|p1a: Sandslash|Earthquake|p2a: Kaiju\n|-supereffective|p2a: Kaiju\n|-damage|p2a: Kaiju|5\/100\n|move|p2a: Kaiju|Earthquake|p1a: Sandslash\n|-supereffective|p1a: Sandslash\n|-crit|p1a: Sandslash\n|-damage|p1a: Sandslash|0 fnt\n|faint|p1a: Sandslash\n|\n|-weather|Sandstorm|[upkeep]\n|upkeep\n|\n|t:|1699089757\n|switch|p1a: Darmanitan|Darmanitan-Galar, F|100\/100\n|turn|9\n|\n|t:|1699089760\n|move|p1a: Darmanitan|U-turn|p2a: Kaiju\n|-supereffective|p2a: Kaiju\n|-damage|p2a: Kaiju|0 fnt\n|faint|p2a: Kaiju\n|\n|t:|1699089763\n|switch|p1a: Cloyster|Cloyster, M, shiny|100\/100|[from] U-turn\n|\n|-weather|Sandstorm|[upkeep]\n|-damage|p1a: Cloyster|94\/100|[from] Sandstorm\n|upkeep\n|\n|t:|1699089771\n|switch|p2a: Rawr|Dracozolt|100\/100\n|-activate|p2a: Rawr|move: Sticky Web\n|-unboost|p2a: Rawr|spe|1\n|turn|10\n|\n|t:|1699089775\n|move|p2a: Rawr|Bolt Beak|p1a: Cloyster\n|-supereffective|p1a: Cloyster\n|-damage|p1a: Cloyster|0 fnt\n|faint|p1a: Cloyster\n|-damage|p2a: Rawr|91\/100|[from] item: Life Orb\n|\n|-weather|Sandstorm|[upkeep]\n|upkeep\n|\n|t:|1699089777\n|switch|p1a: Darmanitan|Darmanitan-Galar, F|100\/100\n|turn|11\n|\n|t:|1699089784\n|move|p2a: Rawr|Bolt Beak|p1a: Darmanitan\n|-damage|p1a: Darmanitan|0 fnt\n|faint|p1a: Darmanitan\n|-damage|p2a: Rawr|81\/100|[from] item: Life Orb\n|\n|win|ForXernox\n|c|\u2606AlolanSandslashOU|Ggs\n|c|\u2606ForXernox|Um ggs\n|c|\u2606AlolanSandslashOU|ill give you the badge\n|c|\u2606ForXernox|Oh ok\n","uploadtime":1699089799,"views":7,"p1id":"alolansandslashou","p2id":"forxernox","formatid":"gen9nationaldexubers","rating":0,"private":0,"password":""}