{"id":"gen9nationaldexubers-1999055454","p1":"idkitsateam","p2":"ashdgasuhdajsd","format":"[Gen 9] National Dex Ubers","log":"|j|\u2606idkitsateam\n|j|\u2606ashdgasuhdajsd\n|t:|1701028365\n|gametype|singles\n|player|p1|idkitsateam|sabrina|\n|player|p2|ashdgasuhdajsd|265|\n|teamsize|p1|6\n|teamsize|p2|6\n|gen|9\n|tier|[Gen 9] National Dex Ubers\n|rule|HP Percentage Mod: HP is shown in percentages\n|rule|Endless Battle Clause: Forcing endless battles is banned\n|rule|OHKO Clause: OHKO moves are banned\n|rule|Evasion Moves Clause: Evasion moves are banned\n|rule|Evasion Items Clause: Evasion items are banned\n|rule|Species Clause: Limit one of each Pok\u00e9mon\n|rule|Sleep Clause Mod: Limit one foe put to sleep\n|rule|Mega Rayquaza Clause: You cannot mega evolve Rayquaza\n|clearpoke\n|poke|p1|Whimsicott, L1, M|\n|poke|p1|Banette, M|\n|poke|p1|Articuno|\n|poke|p1|Espathra, M|\n|poke|p1|Ogerpon-Wellspring, F|\n|poke|p1|Glimmora, M|\n|poke|p2|Groudon|\n|poke|p2|Ditto|\n|poke|p2|Xerneas-*|\n|poke|p2|Shuckle, F|\n|poke|p2|Dondozo, M|\n|poke|p2|Yveltal|\n|teampreview\n|c|\u2606ashdgasuhdajsd|wait I thought you had a real team to beat mw with\n|c|\u2606idkitsateam|i lied lmao\n|c|\u2606idkitsateam|cry about it\n|c|\u2606ashdgasuhdajsd|no\n|inactive|Battle timer is ON: inactive players will automatically lose when time's up. (requested by idkitsateam)\n|c|\u2606idkitsateam|pick your mon\n|c|\u2606ashdgasuhdajsd|no\n|c|\u2606idkitsateam|lmao\n|c|\u2606ashdgasuhdajsd|ight fine whatever\n|\n|t:|1701028429\n|start\n|switch|p1a: Glimmora|Glimmora, M|100\/100\n|switch|p2a: Shuckle|Shuckle, F|100\/100\n|turn|1\n|\n|t:|1701028436\n|move|p1a: Glimmora|Rock Slide|p2a: Shuckle\n|-supereffective|p2a: Shuckle\n|-damage|p2a: Shuckle|66\/100\n|move|p2a: Shuckle|Stealth Rock|p1a: Glimmora\n|-sidestart|p1: idkitsateam|move: Stealth Rock\n|\n|upkeep\n|turn|2\n|\n|t:|1701028442\n|move|p1a: Glimmora|Rock Slide|p2a: Shuckle\n|-supereffective|p2a: Shuckle\n|-crit|p2a: Shuckle\n|-damage|p2a: Shuckle|20\/100\n|move|p2a: Shuckle|Encore|p1a: Glimmora\n|-start|p1a: Glimmora|Encore\n|\n|upkeep\n|turn|3\n|\n|t:|1701028448\n|move|p1a: Glimmora|Rock Slide|p2a: Shuckle\n|-supereffective|p2a: Shuckle\n|-damage|p2a: Shuckle|0 fnt\n|faint|p2a: Shuckle\n|\n|upkeep\n|c|\u2606idkitsateam|thanks\n|\n|t:|1701028453\n|switch|p2a: Xerneas|Xerneas|100\/100\n|-ability|p2a: Xerneas|Fairy Aura\n|turn|4\n|c|\u2606ashdgasuhdajsd|thanks what\n|\n|t:|1701028463\n|switch|p1a: Banette|Banette, M|100\/100\n|-damage|p1a: Banette|88\/100|[from] Stealth Rock\n|move|p2a: Xerneas|Geomancy||[still]\n|-prepare|p2a: Xerneas|Geomancy\n|-enditem|p2a: Xerneas|Power Herb\n|-anim|p2a: Xerneas|Geomancy|p2a: Xerneas\n|-boost|p2a: Xerneas|spa|2\n|-boost|p2a: Xerneas|spd|2\n|-boost|p2a: Xerneas|spe|2\n|\n|upkeep\n|turn|5\n|c|\u2606ashdgasuhdajsd|dont act like you are good kid\n|c|\u2606ashdgasuhdajsd|we both know you are gonna lose\n|\n|t:|1701028484\n|move|p1a: Banette|Protect|p1a: Banette\n|-singleturn|p1a: Banette|Protect\n|move|p2a: Xerneas|Moonblast|p1a: Banette\n|-activate|p1a: Banette|move: Protect\n|\n|upkeep\n|turn|6\n|c|\u2606idkitsateam|never said that\n|\n|t:|1701028492\n|detailschange|p1a: Banette|Banette-Mega, M\n|-mega|p1a: Banette|Banette|Banettite\n|move|p1a: Banette|Destiny Bond|p1a: Banette\n|-singlemove|p1a: Banette|Destiny Bond\n|move|p2a: Xerneas|Moonblast|p1a: Banette\n|-damage|p1a: Banette|0 fnt\n|faint|p1a: Banette\n|-activate|p1a: Banette|move: Destiny Bond\n|faint|p2a: Xerneas\n|\n|upkeep\n|\n|t:|1701028499\n|switch|p2a: Groudon|Groudon|100\/100\n|switch|p1a: Glimmora|Glimmora, M|100\/100\n|detailschange|p2a: Groudon|Groudon-Primal\n|-primal|p2a: Groudon|Red Orb\n|-weather|DesolateLand|[from] ability: Desolate Land|[of] p2a: Groudon\n|turn|7\n|\n|t:|1701028505\n|move|p1a: Glimmora|Spiky Shield|p1a: Glimmora\n|-singleturn|p1a: Glimmora|move: Protect\n|move|p2a: Groudon|Precipice Blades|p1a: Glimmora\n|-activate|p1a: Glimmora|move: Protect\n|\n|-weather|DesolateLand|[upkeep]\n|upkeep\n|turn|8\n|\n|t:|1701028510\n|move|p2a: Groudon|Heat Crash|p1a: Glimmora\n|-resisted|p1a: Glimmora\n|-damage|p1a: Glimmora|28\/100\n|-activate|p1a: Glimmora|ability: Toxic Debris\n|-sidestart|p2: ashdgasuhdajsd|move: Toxic Spikes\n|move|p1a: Glimmora|Mortal Spin|p2a: Groudon\n|-resisted|p2a: Groudon\n|-damage|p2a: Groudon|97\/100\n|-status|p2a: Groudon|psn\n|-sideend|p1: idkitsateam|Stealth Rock|[from] move: Mortal Spin|[of] p1a: Glimmora\n|\n|-weather|DesolateLand|[upkeep]\n|-damage|p2a: Groudon|85\/100 psn|[from] psn\n|upkeep\n|turn|9\n|c|\u2606ashdgasuhdajsd|dang it\n|\n|t:|1701028524\n|move|p2a: Groudon|Heat Crash|p1a: Glimmora\n|-resisted|p1a: Glimmora\n|-damage|p1a: Glimmora|0 fnt\n|-activate|p1a: Glimmora|ability: Toxic Debris\n|-sidestart|p2: ashdgasuhdajsd|move: Toxic Spikes\n|faint|p1a: Glimmora\n|\n|-weather|DesolateLand|[upkeep]\n|-damage|p2a: Groudon|72\/100 psn|[from] psn\n|upkeep\n|c|\u2606ashdgasuhdajsd|thought you were gonna switch to art\n|c|\u2606idkitsateam|free spikes thanks\n|inactive|idkitsateam has 270 seconds left.\n|\n|t:|1701028556\n|switch|p1a: Whimsicott|Whimsicott, L1, M|100\/100\n|turn|10\n|c|\u2606ashdgasuhdajsd|bro dont act like you are good\n|c|\u2606idkitsateam|never said that\n|c|\u2606ashdgasuhdajsd|you are actually bad at this game so dont act as if you are about to beat me\n|\n|t:|1701028585\n|-weather|none\n|switch|p2a: Yveltal|Yveltal|100\/100\n|-ability|p2a: Yveltal|Dark Aura\n|move|p1a: Whimsicott|Leech Seed|p2a: Yveltal\n|-hint|Since gen 7, Dark is immune to Prankster moves.\n|-immune|p2a: Yveltal\n|\n|upkeep\n|turn|11\n|c|\u2606idkitsateam|:(\n|c|\u2606ashdgasuhdajsd|yea\n|\n|t:|1701028595\n|switch|p1a: Espathra|Espathra, M|100\/100\n|move|p2a: Yveltal|Oblivion Wing|p1a: Espathra\n|-damage|p1a: Espathra|37\/100\n|\n|upkeep\n|turn|12\n|c|\u2606ashdgasuhdajsd|learn how to play and not ot use dumb strtats\n|c|\u2606idkitsateam|sure\n|c|\u2606ashdgasuhdajsd|that you found in a vid\n|c|\u2606idkitsateam|you cant stop me tho\n|\n|t:|1701028618\n|move|p2a: Yveltal|Dark Pulse|p1a: Espathra\n|-supereffective|p1a: Espathra\n|-damage|p1a: Espathra|0 fnt\n|faint|p1a: Espathra\n|\n|upkeep\n|c|\u2606idkitsateam|also what vid\n|c|\u2606ashdgasuhdajsd|lol actually mad beacuse you cant beat me in anny way\n|\n|t:|1701028634\n|switch|p1a: Articuno|Articuno|100\/100\n|turn|13\n|\n|t:|1701028645\n|-terastallize|p1a: Articuno|Ice\n|move|p2a: Yveltal|Dark Pulse|p1a: Articuno\n|-damage|p1a: Articuno|53\/100\n|move|p1a: Articuno|Ice Beam|p2a: Yveltal\n|-supereffective|p2a: Yveltal\n|-damage|p2a: Yveltal|10\/100\n|\n|-heal|p2a: Yveltal|16\/100|[from] item: Leftovers\n|upkeep\n|turn|14\n|\n|t:|1701028654\n|move|p2a: Yveltal|Oblivion Wing|p1a: Articuno\n|-damage|p1a: Articuno|17\/100\n|-heal|p2a: Yveltal|38\/100|[from] drain|[of] p1a: Articuno\n|move|p1a: Articuno|Ice Beam|p2a: Yveltal\n|-supereffective|p2a: Yveltal\n|-damage|p2a: Yveltal|0 fnt\n|faint|p2a: Yveltal\n|\n|upkeep\n|\n|t:|1701028656\n|switch|p2a: Groudon|Groudon-Primal|72\/100 psn\n|-weather|DesolateLand|[from] ability: Desolate Land|[of] p2a: Groudon\n|turn|15\n|\n|t:|1701028665\n|move|p2a: Groudon|Heat Crash|p1a: Articuno\n|-supereffective|p1a: Articuno\n|-damage|p1a: Articuno|0 fnt\n|faint|p1a: Articuno\n|\n|-weather|DesolateLand|[upkeep]\n|-damage|p2a: Groudon|60\/100 psn|[from] psn\n|upkeep\n|\n|t:|1701028668\n|switch|p1a: Ogerpon|Ogerpon-Wellspring, F|100\/100\n|turn|16\n|\n|t:|1701028673\n|move|p1a: Ogerpon|Wood Hammer|p2a: Groudon\n|-damage|p2a: Groudon|12\/100 psn\n|-damage|p1a: Ogerpon|82\/100|[from] Recoil\n|move|p2a: Groudon|Heat Crash|p1a: Ogerpon\n|-damage|p1a: Ogerpon|0 fnt\n|faint|p1a: Ogerpon\n|\n|-weather|DesolateLand|[upkeep]\n|-damage|p2a: Groudon|0 fnt|[from] psn\n|faint|p2a: Groudon\n|-weather|none\n|upkeep\n|\n|t:|1701028685\n|switch|p1a: Whimsicott|Whimsicott, L1, M|100\/100\n|switch|p2a: Dondozo|Dondozo, M|100\/100\n|-status|p2a: Dondozo|tox\n|turn|17\n|\n|t:|1701028693\n|move|p1a: Whimsicott|Leech Seed|p2a: Dondozo\n|-start|p2a: Dondozo|move: Leech Seed\n|move|p2a: Dondozo|Rest|p2a: Dondozo\n|-fail|p2a: Dondozo|heal\n|\n|-damage|p2a: Dondozo|88\/100 tox|[from] Leech Seed|[of] p1a: Whimsicott\n|-damage|p2a: Dondozo|82\/100 tox|[from] psn\n|upkeep\n|turn|18\n|\n|t:|1701028699\n|move|p2a: Dondozo|Rest|p2a: Dondozo\n|-status|p2a: Dondozo|slp|[from] move: Rest\n|-heal|p2a: Dondozo|100\/100 slp|[silent]\n|move|p1a: Whimsicott|Endeavor|p2a: Dondozo\n|-damage|p2a: Dondozo|3\/100 slp\n|\n|-heal|p2a: Dondozo|10\/100 slp|[from] item: Leftovers\n|-damage|p2a: Dondozo|0 fnt|[from] Leech Seed|[of] p1a: Whimsicott\n|faint|p2a: Dondozo\n|upkeep\n|\n|t:|1701028703\n|switch|p2a: Ditto|Ditto|100\/100\n|-status|p2a: Ditto|tox\n|-transform|p2a: Ditto|p1a: Whimsicott|[from] ability: Imposter\n|turn|19\n|c|\u2606idkitsateam|lmao\n|c|\u2606ashdgasuhdajsd|wait\n|\n|t:|1701028720\n|move|p2a: Ditto|Endeavor|p1a: Whimsicott\n|-immune|p1a: Whimsicott\n|move|p1a: Whimsicott|Endeavor|p2a: Ditto\n|-damage|p2a: Ditto|5\/100 tox\n|\n|-damage|p2a: Ditto|0 fnt|[from] psn\n|faint|p2a: Ditto\n|\n|win|idkitsateam\n|upkeep\n|c|\u2606idkitsateam|gg lmao\n|c|\u2606ashdgasuhdajsd|dang\n|c|\u2606idkitsateam|get owned\n","uploadtime":1701028732,"views":2,"p1id":"idkitsateam","p2id":"ashdgasuhdajsd","formatid":"gen9nationaldexubers","rating":0,"private":0,"password":""}