{"id":"gen9nationaldexubers-1993681377","p1":"PhoNoodles","p2":"Conwynaut","format":"[Gen 9] National Dex Ubers","log":"|j|\u2606PhoNoodles\n|j|\u2606Conwynaut\n|t:|1700344954\n|gametype|singles\n|player|p1|PhoNoodles|bugcatcher-gen4dp|1259\n|player|p2|Conwynaut|169|1188\n|teamsize|p1|6\n|teamsize|p2|6\n|gen|9\n|tier|[Gen 9] National Dex Ubers\n|rated|\n|rule|HP Percentage Mod: HP is shown in percentages\n|rule|Endless Battle Clause: Forcing endless battles is banned\n|rule|OHKO Clause: OHKO moves are banned\n|rule|Evasion Moves Clause: Evasion moves are banned\n|rule|Evasion Items Clause: Evasion items are banned\n|rule|Species Clause: Limit one of each Pok\u00e9mon\n|rule|Sleep Clause Mod: Limit one foe put to sleep\n|rule|Mega Rayquaza Clause: You cannot mega evolve Rayquaza\n|clearpoke\n|poke|p1|Tyranitar, F|\n|poke|p1|Dracozolt|\n|poke|p1|Dialga|\n|poke|p1|Excadrill, F|\n|poke|p1|Genesect|\n|poke|p1|Hippowdon, F|\n|poke|p2|Marshadow|\n|poke|p2|Melmetal|\n|poke|p2|Dracovish|\n|poke|p2|Mewtwo|\n|poke|p2|Xerneas-*|\n|poke|p2|Ogerpon-Hearthflame, F|\n|teampreview\n|\n|t:|1700344959\n|start\n|switch|p1a: Tyranitar|Tyranitar, F|100\/100\n|switch|p2a: Jumpscare|Marshadow|100\/100\n|-weather|Sandstorm|[from] ability: Sand Stream|[of] p1a: Tyranitar\n|turn|1\n|\n|t:|1700344967\n|move|p2a: Jumpscare|Close Combat|p1a: Tyranitar\n|-supereffective|p1a: Tyranitar\n|-damage|p1a: Tyranitar|0 fnt\n|-unboost|p2a: Jumpscare|def|1\n|-unboost|p2a: Jumpscare|spd|1\n|faint|p1a: Tyranitar\n|\n|-weather|Sandstorm|[upkeep]\n|-damage|p2a: Jumpscare|94\/100|[from] Sandstorm\n|upkeep\n|\n|t:|1700344975\n|switch|p1a: Dracozolt|Dracozolt|100\/100\n|turn|2\n|\n|t:|1700344983\n|move|p1a: Dracozolt|Bolt Beak|p2a: Jumpscare\n|-damage|p2a: Jumpscare|0 fnt\n|faint|p2a: Jumpscare\n|\n|-weather|Sandstorm|[upkeep]\n|upkeep\n|\n|t:|1700344995\n|switch|p2a: Rainbow deer|Xerneas|100\/100\n|-ability|p2a: Rainbow deer|Fairy Aura\n|turn|3\n|\n|t:|1700345000\n|move|p1a: Dracozolt|Bolt Beak|p2a: Rainbow deer\n|-damage|p2a: Rainbow deer|0 fnt\n|faint|p2a: Rainbow deer\n|\n|-weather|Sandstorm|[upkeep]\n|upkeep\n|\n|t:|1700345009\n|switch|p2a: Nutter butter|Melmetal|100\/100\n|turn|4\n|\n|t:|1700345016\n|move|p1a: Dracozolt|Bolt Beak|p2a: Nutter butter\n|-damage|p2a: Nutter butter|40\/100\n|move|p2a: Nutter butter|Double Iron Bash|p1a: Dracozolt\n|-resisted|p1a: Dracozolt\n|-damage|p1a: Dracozolt|67\/100\n|-resisted|p1a: Dracozolt\n|-damage|p1a: Dracozolt|35\/100\n|-hitcount|p1a: Dracozolt|2\n|-damage|p2a: Nutter butter|30\/100|[from] item: Life Orb\n|\n|-weather|Sandstorm|[upkeep]\n|upkeep\n|turn|5\n|\n|t:|1700345027\n|move|p1a: Dracozolt|Bolt Beak|p2a: Nutter butter\n|-damage|p2a: Nutter butter|0 fnt\n|faint|p2a: Nutter butter\n|\n|-weather|Sandstorm|[upkeep]\n|upkeep\n|\n|t:|1700345034\n|switch|p2a: Tail whip|Mewtwo|100\/100\n|-ability|p2a: Tail whip|Pressure\n|turn|6\n|\n|t:|1700345045\n|switch|p1a: Dialga|Dialga|100\/100\n|-ability|p1a: Dialga|Pressure\n|detailschange|p2a: Tail whip|Mewtwo-Mega-Y\n|-mega|p2a: Tail whip|Mewtwo|Mewtwonite Y\n|move|p2a: Tail whip|Ice Beam|p1a: Dialga\n|-crit|p1a: Dialga\n|-damage|p1a: Dialga|60\/100\n|\n|-weather|Sandstorm|[upkeep]\n|-damage|p2a: Tail whip|94\/100|[from] Sandstorm\n|upkeep\n|turn|7\n|\n|t:|1700345058\n|move|p2a: Tail whip|Flamethrower|p1a: Dialga\n|-damage|p1a: Dialga|33\/100\n|move|p1a: Dialga|Draco Meteor|p2a: Tail whip\n|-damage|p2a: Tail whip|31\/100\n|-unboost|p1a: Dialga|spa|2\n|\n|-weather|Sandstorm|[upkeep]\n|-damage|p2a: Tail whip|25\/100|[from] Sandstorm\n|upkeep\n|turn|8\n|\n|t:|1700345077\n|switch|p1a: Hippowdon|Hippowdon, F|100\/100\n|move|p2a: Tail whip|Psystrike|p1a: Hippowdon\n|-damage|p1a: Hippowdon|60\/100\n|\n|-weather|none\n|upkeep\n|turn|9\n|\n|t:|1700345085\n|move|p2a: Tail whip|Energy Ball|p1a: Hippowdon\n|-supereffective|p1a: Hippowdon\n|-damage|p1a: Hippowdon|0 fnt\n|faint|p1a: Hippowdon\n|\n|upkeep\n|\n|t:|1700345090\n|switch|p1a: Genesect|Genesect|100\/100\n|-ability|p1a: Genesect|Download|boost\n|-boost|p1a: Genesect|atk|1\n|turn|10\n|\n|t:|1700345098\n|move|p1a: Genesect|U-turn|p2a: Tail whip\n|-supereffective|p2a: Tail whip\n|-damage|p2a: Tail whip|0 fnt\n|faint|p2a: Tail whip\n|\n|t:|1700345104\n|switch|p1a: Excadrill|Excadrill, F|100\/100|[from] U-turn\n|\n|upkeep\n|\n|t:|1700345108\n|switch|p2a: Ogerpon|Ogerpon-Hearthflame, F|100\/100\n|-ability|p2a: Ogerpon|Mold Breaker\n|turn|11\n|inactive|Battle timer is ON: inactive players will automatically lose when time's up. (requested by Conwynaut)\n|\n|t:|1700345118\n|move|p2a: Ogerpon|Swords Dance|p2a: Ogerpon\n|-boost|p2a: Ogerpon|atk|2\n|move|p1a: Excadrill|Earthquake|p2a: Ogerpon\n|-damage|p2a: Ogerpon|0 fnt\n|faint|p2a: Ogerpon\n|\n|upkeep\n|\n|t:|1700345126\n|switch|p2a: Dracovish|Dracovish|100\/100\n|turn|12\n|\n|t:|1700345133\n|move|p2a: Dracovish|Fishious Rend|p1a: Excadrill\n|-supereffective|p1a: Excadrill\n|-damage|p1a: Excadrill|0 fnt\n|faint|p1a: Excadrill\n|\n|upkeep\n|\n|t:|1700345138\n|switch|p1a: Dracozolt|Dracozolt|35\/100\n|turn|13\n|\n|t:|1700345145\n|-terastallize|p2a: Dracovish|Water\n|move|p2a: Dracovish|Fishious Rend|p1a: Dracozolt\n|-resisted|p1a: Dracozolt\n|-damage|p1a: Dracozolt|0 fnt\n|faint|p1a: Dracozolt\n|\n|upkeep\n|\n|t:|1700345152\n|switch|p1a: Genesect|Genesect|100\/100\n|-ability|p1a: Genesect|Download|boost\n|-boost|p1a: Genesect|spa|1\n|turn|14\n|\n|t:|1700345157\n|move|p1a: Genesect|Giga Drain|p2a: Dracovish\n|-supereffective|p2a: Dracovish\n|-damage|p2a: Dracovish|25\/100\n|move|p2a: Dracovish|Fishious Rend|p1a: Genesect\n|-damage|p1a: Genesect|18\/100\n|\n|upkeep\n|turn|15\n|\n|t:|1700345166\n|move|p1a: Genesect|Giga Drain|p2a: Dracovish\n|-supereffective|p2a: Dracovish\n|-damage|p2a: Dracovish|0 fnt\n|-heal|p1a: Genesect|32\/100|[from] drain|[of] p2a: Dracovish\n|faint|p2a: Dracovish\n|\n|win|PhoNoodles\n|raw|PhoNoodles's rating: 1259 &rarr; <strong>1279<\/strong><br \/>(+20 for winning)\n|raw|Conwynaut's rating: 1188 &rarr; <strong>1168<\/strong><br \/>(-20 for losing)\n|c|\u2606PhoNoodles|gg\n|l|\u2606Conwynaut\n","uploadtime":1700345183,"views":30,"p1id":"phonoodles","p2id":"conwynaut","formatid":"gen9nationaldexubers","rating":1168,"private":0,"password":""}