{"id":"gen9nationaldexubers-1993388630","p1":"Twilwind","p2":"Justznic","format":"[Gen 9] National Dex Ubers","log":"|j|\u203dTwilwind\n|j|\u2606Justznic\n|t:|1700310736\n|gametype|singles\n|player|p1|Twilwind|clemont|1532\n|player|p2|Justznic|266|1661\n|teamsize|p1|6\n|teamsize|p2|6\n|gen|9\n|tier|[Gen 9] National Dex Ubers\n|rated|\n|rule|HP Percentage Mod: HP is shown in percentages\n|rule|Endless Battle Clause: Forcing endless battles is banned\n|rule|OHKO Clause: OHKO moves are banned\n|rule|Evasion Moves Clause: Evasion moves are banned\n|rule|Evasion Items Clause: Evasion items are banned\n|rule|Species Clause: Limit one of each Pok\u00e9mon\n|rule|Sleep Clause Mod: Limit one foe put to sleep\n|rule|Mega Rayquaza Clause: You cannot mega evolve Rayquaza\n|clearpoke\n|poke|p1|Giratina-Origin|\n|poke|p1|Groudon|\n|poke|p1|Glimmora, M|\n|poke|p1|Xerneas-*|\n|poke|p1|Arceus|\n|poke|p1|Mewtwo|\n|poke|p2|Orthworm, M|\n|poke|p2|Kyurem-Black|\n|poke|p2|Ditto|\n|poke|p2|Mew|\n|poke|p2|Klefki, M|\n|poke|p2|Mewtwo|\n|teampreview\n|inactive|Battle timer is ON: inactive players will automatically lose when time's up. (requested by Justznic)\n|j| cheese miestro\n|\n|t:|1700310756\n|start\n|switch|p1a: Groudon|Groudon|100\/100\n|switch|p2a: Mew|Mew|100\/100\n|detailschange|p1a: Groudon|Groudon-Primal\n|-primal|p1a: Groudon|Red Orb\n|-weather|DesolateLand|[from] ability: Desolate Land|[of] p1a: Groudon\n|turn|1\n|\n|t:|1700310773\n|switch|p2a: Kyurem|Kyurem-Black|100\/100\n|-ability|p2a: Kyurem|Teravolt\n|move|p1a: Groudon|Heat Crash|p2a: Kyurem\n|-damage|p2a: Kyurem|27\/100\n|\n|-weather|DesolateLand|[upkeep]\n|upkeep\n|turn|2\n|inactive|Twilwind has 120 seconds left.\n|inactive|Twilwind has 90 seconds left.\n|\n|t:|1700310857\n|move|p2a: Kyurem|Icicle Spear|p1a: Groudon\n|-damage|p1a: Groudon|90\/100\n|-damage|p1a: Groudon|80\/100\n|-damage|p1a: Groudon|71\/100\n|-damage|p1a: Groudon|62\/100\n|-damage|p1a: Groudon|52\/100\n|-hitcount|p1a: Groudon|5\n|move|p1a: Groudon|Stealth Rock|p2a: Kyurem\n|-sidestart|p2: Justznic|move: Stealth Rock\n|\n|-weather|DesolateLand|[upkeep]\n|upkeep\n|turn|3\n|\n|t:|1700310864\n|move|p2a: Kyurem|Icicle Spear|p1a: Groudon\n|-damage|p1a: Groudon|42\/100\n|-damage|p1a: Groudon|32\/100\n|-damage|p1a: Groudon|22\/100\n|-damage|p1a: Groudon|13\/100\n|-damage|p1a: Groudon|3\/100\n|-hitcount|p1a: Groudon|5\n|move|p1a: Groudon|Rock Polish|p1a: Groudon\n|-boost|p1a: Groudon|spe|2\n|\n|-weather|DesolateLand|[upkeep]\n|upkeep\n|turn|4\n|\n|t:|1700310868\n|move|p1a: Groudon|Heat Crash|p2a: Kyurem\n|-damage|p2a: Kyurem|0 fnt\n|faint|p2a: Kyurem\n|\n|-weather|DesolateLand|[upkeep]\n|upkeep\n|\n|t:|1700310870\n|switch|p2a: Ditto|Ditto|100\/100\n|-damage|p2a: Ditto|88\/100|[from] Stealth Rock\n|-transform|p2a: Ditto|p1a: Groudon|[from] ability: Imposter\n|turn|5\n|inactive|Twilwind has 90 seconds left.\n|\n|t:|1700310885\n|switch|p1a: Giratina|Giratina-Origin|100\/100\n|move|p2a: Ditto|Heat Crash|p1a: Giratina\n|-resisted|p1a: Giratina\n|-damage|p1a: Giratina|88\/100\n|\n|-weather|DesolateLand|[upkeep]\n|upkeep\n|turn|6\n|inactive|Twilwind has 90 seconds left.\n|\n|t:|1700310892\n|-weather|none\n|switch|p2a: Klefki|Klefki, M|100\/100\n|-damage|p2a: Klefki|95\/100|[from] Stealth Rock\n|move|p1a: Giratina|Roar|p2a: Klefki\n|drag|p2a: Mewtwo|Mewtwo|100\/100\n|-damage|p2a: Mewtwo|88\/100|[from] Stealth Rock\n|-ability|p2a: Mewtwo|Pressure\n|\n|upkeep\n|turn|7\n|\n|t:|1700310901\n|detailschange|p2a: Mewtwo|Mewtwo-Mega-X\n|-mega|p2a: Mewtwo|Mewtwo|Mewtwonite X\n|move|p2a: Mewtwo|Bulk Up|p2a: Mewtwo\n|-boost|p2a: Mewtwo|atk|1\n|-boost|p2a: Mewtwo|def|1\n|move|p1a: Giratina|Dragon Pulse|p2a: Mewtwo\n|-damage|p2a: Mewtwo|42\/100\n|\n|upkeep\n|turn|8\n|\n|t:|1700310907\n|move|p2a: Mewtwo|Zen Headbutt|p1a: Giratina|[miss]\n|-miss|p2a: Mewtwo|p1a: Giratina\n|move|p1a: Giratina|Dragon Pulse|p2a: Mewtwo\n|-damage|p2a: Mewtwo|0 fnt\n|faint|p2a: Mewtwo\n|\n|upkeep\n|\n|t:|1700310916\n|switch|p2a: Ditto|Ditto|88\/100\n|-damage|p2a: Ditto|76\/100|[from] Stealth Rock\n|-transform|p2a: Ditto|p1a: Giratina|[from] ability: Imposter\n|turn|9\n|\n|t:|1700310924\n|switch|p2a: Klefki|Klefki, M|95\/100\n|-damage|p2a: Klefki|89\/100|[from] Stealth Rock\n|switch|p1a: Xerneas|Xerneas, shiny|100\/100\n|-ability|p1a: Xerneas|Fairy Aura\n|\n|-status|p2a: Klefki|brn|[from] item: Flame Orb\n|upkeep\n|turn|10\n|\n|t:|1700310934\n|switch|p1a: Groudon|Groudon-Primal|3\/100\n|-weather|DesolateLand|[from] ability: Desolate Land|[of] p1a: Groudon\n|move|p2a: Klefki|Switcheroo||[still]\n|-fail|p2a: Klefki\n|\n|-weather|DesolateLand|[upkeep]\n|-damage|p2a: Klefki|83\/100 brn|[from] brn\n|upkeep\n|turn|11\n|\n|t:|1700310941\n|move|p2a: Klefki|Toxic|p1a: Groudon\n|-status|p1a: Groudon|tox\n|move|p1a: Groudon|Heat Crash|p2a: Klefki\n|-supereffective|p2a: Klefki\n|-damage|p2a: Klefki|0 fnt\n|faint|p2a: Klefki\n|\n|-weather|DesolateLand|[upkeep]\n|-damage|p1a: Groudon|0 fnt|[from] psn\n|faint|p1a: Groudon\n|-weather|none\n|upkeep\n|inactive|Twilwind has 120 seconds left.\n|\n|t:|1700310968\n|switch|p1a: Giratina|Giratina-Origin|88\/100\n|switch|p2a: Orthworm|Orthworm, M|100\/100\n|-damage|p2a: Orthworm|94\/100|[from] Stealth Rock\n|turn|12\n|\n|t:|1700310982\n|move|p2a: Orthworm|Stealth Rock|p1a: Giratina\n|-sidestart|p1: Twilwind|move: Stealth Rock\n|move|p1a: Giratina|Roar|p2a: Orthworm\n|drag|p2a: Mew|Mew|100\/100\n|-damage|p2a: Mew|88\/100|[from] Stealth Rock\n|\n|upkeep\n|turn|13\n|\n|t:|1700310991\n|move|p2a: Mew|Imprison|p2a: Mew\n|-start|p2a: Mew|move: Imprison\n|move|p1a: Giratina|Dragon Pulse|p2a: Mew\n|-damage|p2a: Mew|50\/100\n|\n|upkeep\n|turn|14\n|inactive|Twilwind has 90 seconds left.\n|\n|t:|1700311022\n|switch|p1a: Arceus|Arceus|100\/100\n|-damage|p1a: Arceus|88\/100|[from] Stealth Rock\n|-zpower|p2a: Mew\n|move|p2a: Mew|Z-Transform|p1a: Arceus|[anim]Transform\n|-heal|p2a: Mew|100\/100|[zeffect]\n|-transform|p2a: Mew|p1a: Arceus\n|\n|upkeep\n|turn|15\n|inactive|Twilwind has 90 seconds left.\n|\n|t:|1700311037\n|switch|p1a: Giratina|Giratina-Origin|88\/100\n|-damage|p1a: Giratina|75\/100|[from] Stealth Rock\n|move|p2a: Mew|Swords Dance|p2a: Mew\n|-boost|p2a: Mew|atk|2\n|\n|upkeep\n|turn|16\n|inactive|Twilwind has 90 seconds left.\n|\n|t:|1700311044\n|move|p2a: Mew|Defog|p1a: Giratina\n|-unboost|p1a: Giratina|evasion|1\n|-sideend|p1: Twilwind|Stealth Rock|[from] move: Defog|[of] p2a: Mew\n|-sideend|p2: Justznic|Stealth Rock|[from] move: Defog|[of] p2a: Mew\n|move|p1a: Giratina|Dragon Pulse|p2a: Mew\n|-damage|p2a: Mew|64\/100\n|\n|upkeep\n|turn|17\n|\n|t:|1700311048\n|switch|p2a: Orthworm|Orthworm, M|94\/100\n|move|p1a: Giratina|Dragon Pulse|p2a: Orthworm\n|-resisted|p2a: Orthworm\n|-damage|p2a: Orthworm|54\/100\n|\n|upkeep\n|turn|18\n|\n|t:|1700311054\n|move|p1a: Giratina|Dragon Pulse|p2a: Orthworm\n|-resisted|p2a: Orthworm\n|-damage|p2a: Orthworm|14\/100\n|-enditem|p2a: Orthworm|Sitrus Berry|[eat]\n|-heal|p2a: Orthworm|39\/100|[from] item: Sitrus Berry\n|move|p2a: Orthworm|Stealth Rock|p1a: Giratina\n|-sidestart|p1: Twilwind|move: Stealth Rock\n|\n|upkeep\n|turn|19\n|\n|t:|1700311059\n|move|p1a: Giratina|Dragon Pulse|p2a: Orthworm\n|-resisted|p2a: Orthworm\n|-damage|p2a: Orthworm|4\/100\n|move|p2a: Orthworm|Body Press|p1a: Giratina\n|-immune|p1a: Giratina\n|\n|upkeep\n|turn|20\n|\n|t:|1700311064\n|move|p1a: Giratina|Dragon Pulse|p2a: Orthworm\n|-resisted|p2a: Orthworm\n|-damage|p2a: Orthworm|0 fnt\n|faint|p2a: Orthworm\n|\n|upkeep\n|\n|t:|1700311069\n|switch|p2a: Ditto|Ditto|76\/100\n|-transform|p2a: Ditto|p1a: Giratina|[from] ability: Imposter\n|turn|21\n|\n|t:|1700311075\n|switch|p1a: Xerneas|Xerneas, shiny|100\/100\n|-damage|p1a: Xerneas|88\/100|[from] Stealth Rock\n|-ability|p1a: Xerneas|Fairy Aura\n|move|p2a: Ditto|Dragon Pulse|p1a: Xerneas\n|-immune|p1a: Xerneas\n|\n|upkeep\n|turn|22\n|\n|t:|1700311079\n|switch|p2a: Mew|Mew|64\/100\n|move|p1a: Xerneas|Moonblast|p2a: Mew\n|-damage|p2a: Mew|0 fnt\n|faint|p2a: Mew\n|\n|upkeep\n|\n|t:|1700311081\n|switch|p2a: Ditto|Ditto|76\/100\n|-transform|p2a: Ditto|p1a: Xerneas|[from] ability: Imposter\n|-ability|p2a: Ditto|Fairy Aura\n|turn|23\n|\n|t:|1700311095\n|-terastallize|p1a: Xerneas|Fire\n|move|p2a: Ditto|Moonblast|p1a: Xerneas\n|-resisted|p1a: Xerneas\n|-damage|p1a: Xerneas|59\/100\n|-unboost|p1a: Xerneas|spa|1\n|move|p1a: Xerneas|Geomancy||[still]\n|-prepare|p1a: Xerneas|Geomancy\n|-enditem|p1a: Xerneas|Power Herb\n|-anim|p1a: Xerneas|Geomancy|p1a: Xerneas\n|-boost|p1a: Xerneas|spa|2\n|-boost|p1a: Xerneas|spd|2\n|-boost|p1a: Xerneas|spe|2\n|\n|upkeep\n|turn|24\n|inactive|Justznic has 120 seconds left.\n|inactive|Justznic has 90 seconds left.\n|inactive|Justznic has 60 seconds left.\n|inactive|Justznic has 30 seconds left.\n|inactive|Justznic has 20 seconds left.\n|inactive|Justznic has 15 seconds left.\n|inactive|Justznic has 10 seconds left.\n|inactive|Justznic has 5 seconds left.\n|-message|Justznic lost due to inactivity.\n|\n|win|Twilwind\n|raw|Twilwind's rating: 1532 &rarr; <strong>1559<\/strong><br \/>(+27 for winning)\n|raw|Justznic's rating: 1661 &rarr; <strong>1634<\/strong><br \/>(-27 for losing)\n","uploadtime":1700311252,"views":7,"p1id":"twilwind","p2id":"justznic","formatid":"gen9nationaldexubers","rating":1559,"private":0,"password":""}