{"id":"gen9nationaldexubers-1995892720","p1":"Ezael_Stormblood","p2":"LedgeBagtitan12","format":"[Gen 9] National Dex Ubers","log":"|j|\u2606Ezael_Stormblood\n|j|\u2606LedgeBagtitan12\n|t:|1700614365\n|gametype|singles\n|player|p1|Ezael_Stormblood|hiker-gen4|1168\n|player|p2|LedgeBagtitan12|169|1234\n|teamsize|p1|6\n|teamsize|p2|6\n|gen|9\n|tier|[Gen 9] National Dex Ubers\n|rated|\n|rule|HP Percentage Mod: HP is shown in percentages\n|rule|Endless Battle Clause: Forcing endless battles is banned\n|rule|OHKO Clause: OHKO moves are banned\n|rule|Evasion Moves Clause: Evasion moves are banned\n|rule|Evasion Items Clause: Evasion items are banned\n|rule|Species Clause: Limit one of each Pok\u00e9mon\n|rule|Sleep Clause Mod: Limit one foe put to sleep\n|rule|Mega Rayquaza Clause: You cannot mega evolve Rayquaza\n|clearpoke\n|poke|p1|Reshiram|\n|poke|p1|Groudon|\n|poke|p1|Ho-Oh|\n|poke|p1|Chi-Yu|\n|poke|p1|Shaymin-Sky|\n|poke|p1|Ogerpon-Wellspring, F|\n|poke|p2|Okidogi, M|\n|poke|p2|Alakazam, F|\n|poke|p2|Groudon|\n|poke|p2|Kyogre|\n|poke|p2|Haxorus, F|\n|poke|p2|Kingambit, F|\n|teampreview\n|\n|t:|1700614370\n|start\n|switch|p1a: Groudon|Groudon|100\/100\n|switch|p2a: Haxorus|Haxorus, F, shiny|100\/100\n|-ability|p2a: Haxorus|Mold Breaker\n|-weather|SunnyDay|[from] ability: Drought|[of] p1a: Groudon\n|turn|1\n|inactive|Battle timer is ON: inactive players will automatically lose when time's up. (requested by LedgeBagtitan12)\n|\n|t:|1700614379\n|move|p2a: Haxorus|Dragon Dance|p2a: Haxorus\n|-boost|p2a: Haxorus|atk|1\n|-boost|p2a: Haxorus|spe|1\n|move|p1a: Groudon|Stealth Rock|p2a: Haxorus\n|-sidestart|p2: LedgeBagtitan12|move: Stealth Rock\n|\n|-weather|SunnyDay|[upkeep]\n|upkeep\n|turn|2\n|\n|t:|1700614386\n|move|p2a: Haxorus|Aqua Tail|p1a: Groudon\n|-supereffective|p1a: Groudon\n|-damage|p1a: Groudon|71\/100\n|move|p1a: Groudon|Bulk Up|p1a: Groudon\n|-boost|p1a: Groudon|atk|1\n|-boost|p1a: Groudon|def|1\n|\n|-weather|SunnyDay|[upkeep]\n|upkeep\n|turn|3\n|\n|t:|1700614398\n|-zpower|p2a: Haxorus\n|move|p2a: Haxorus|Devastating Drake|p1a: Groudon|[zeffect]\n|-damage|p1a: Groudon|36\/100\n|move|p1a: Groudon|Precipice Blades|p2a: Haxorus\n|-damage|p2a: Haxorus|0 fnt\n|faint|p2a: Haxorus\n|\n|-weather|SunnyDay|[upkeep]\n|upkeep\n|\n|t:|1700614415\n|switch|p2a: Okidogi|Okidogi, M|100\/100\n|-damage|p2a: Okidogi|94\/100|[from] Stealth Rock\n|-item|p2a: Okidogi|Air Balloon\n|turn|4\n|\n|t:|1700614422\n|move|p1a: Groudon|Stone Edge|p2a: Okidogi\n|-resisted|p2a: Okidogi\n|-damage|p2a: Okidogi|69\/100\n|-enditem|p2a: Okidogi|Air Balloon\n|move|p2a: Okidogi|Ice Fang|p1a: Groudon\n|-supereffective|p1a: Groudon\n|-damage|p1a: Groudon|18\/100\n|\n|-weather|SunnyDay|[upkeep]\n|upkeep\n|turn|5\n|\n|t:|1700614432\n|move|p1a: Groudon|Precipice Blades|p2a: Okidogi\n|-supereffective|p2a: Okidogi\n|-damage|p2a: Okidogi|0 fnt\n|faint|p2a: Okidogi\n|\n|-weather|SunnyDay|[upkeep]\n|upkeep\n|\n|t:|1700614439\n|switch|p2a: Alakazam|Alakazam, F, shiny|100\/100\n|-damage|p2a: Alakazam|88\/100|[from] Stealth Rock\n|turn|6\n|\n|t:|1700614445\n|detailschange|p2a: Alakazam|Alakazam-Mega, F, shiny\n|-mega|p2a: Alakazam|Alakazam|Alakazite\n|-ability|p2a: Alakazam|Drought|[from] ability: Trace|[of] p1a: Groudon\n|move|p2a: Alakazam|Dazzling Gleam|p1a: Groudon\n|-damage|p1a: Groudon|0 fnt\n|faint|p1a: Groudon\n|\n|-weather|SunnyDay|[upkeep]\n|upkeep\n|\n|t:|1700614453\n|switch|p1a: Reshiram|Reshiram|100\/100\n|-ability|p1a: Reshiram|Turboblaze\n|turn|7\n|\n|t:|1700614458\n|move|p2a: Alakazam|Dazzling Gleam|p1a: Reshiram\n|-damage|p1a: Reshiram|72\/100\n|move|p1a: Reshiram|Blue Flare|p2a: Alakazam\n|-crit|p2a: Alakazam\n|-damage|p2a: Alakazam|0 fnt\n|faint|p2a: Alakazam\n|\n|-weather|SunnyDay|[upkeep]\n|upkeep\n|\n|t:|1700614468\n|switch|p2a: Kyogre|Kyogre, shiny|100\/100\n|-damage|p2a: Kyogre|88\/100|[from] Stealth Rock\n|detailschange|p2a: Kyogre|Kyogre-Primal, shiny\n|-primal|p2a: Kyogre|Blue Orb\n|-weather|PrimordialSea|[from] ability: Primordial Sea|[of] p2a: Kyogre\n|turn|8\n|\n|t:|1700614475\n|switch|p1a: Ogerpon|Ogerpon-Wellspring, F|100\/100\n|move|p2a: Kyogre|Origin Pulse|p1a: Ogerpon\n|-immune|p1a: Ogerpon|[from] ability: Water Absorb\n|\n|-weather|PrimordialSea|[upkeep]\n|upkeep\n|turn|9\n|\n|t:|1700614482\n|move|p1a: Ogerpon|Horn Leech|p2a: Kyogre\n|-supereffective|p2a: Kyogre\n|-damage|p2a: Kyogre|0 fnt\n|faint|p2a: Kyogre\n|-weather|none\n|\n|upkeep\n|\n|t:|1700614488\n|switch|p2a: Groudon|Groudon, shiny|100\/100\n|-damage|p2a: Groudon|94\/100|[from] Stealth Rock\n|detailschange|p2a: Groudon|Groudon-Primal, shiny\n|-primal|p2a: Groudon|Red Orb\n|-weather|DesolateLand|[from] ability: Desolate Land|[of] p2a: Groudon\n|turn|10\n|\n|t:|1700614499\n|move|p1a: Ogerpon|Solar Blade||[still]\n|-prepare|p1a: Ogerpon|Solar Blade\n|-anim|p1a: Ogerpon|Solar Blade|p2a: Groudon\n|-crit|p2a: Groudon\n|-damage|p2a: Groudon|38\/100\n|move|p2a: Groudon|Heat Crash|p1a: Ogerpon\n|-damage|p1a: Ogerpon|0 fnt\n|faint|p1a: Ogerpon\n|\n|-weather|DesolateLand|[upkeep]\n|upkeep\n|\n|t:|1700614508\n|switch|p1a: Ho-Oh|Ho-Oh|100\/100\n|turn|11\n|\n|t:|1700614512\n|move|p2a: Groudon|Heat Crash|p1a: Ho-Oh\n|-resisted|p1a: Ho-Oh\n|-damage|p1a: Ho-Oh|38\/100\n|move|p1a: Ho-Oh|Earthquake|p2a: Groudon\n|-supereffective|p2a: Groudon\n|-damage|p2a: Groudon|0 fnt\n|faint|p2a: Groudon\n|-weather|none\n|\n|upkeep\n|\n|t:|1700614520\n|switch|p2a: Kingambit|Kingambit, F, shiny|100\/100\n|-damage|p2a: Kingambit|94\/100|[from] Stealth Rock\n|-activate|p2a: Kingambit|ability: Supreme Overlord\n|-start|p2a: Kingambit|fallen5|[silent]\n|turn|12\n|\n|t:|1700614527\n|switch|p1a: Shaymin|Shaymin-Sky|100\/100\n|-terastallize|p2a: Kingambit|Fairy\n|move|p2a: Kingambit|Kowtow Cleave|p1a: Shaymin\n|-damage|p1a: Shaymin|1\/100\n|\n|-heal|p1a: Shaymin|8\/100|[from] item: Leftovers\n|-heal|p2a: Kingambit|100\/100|[from] item: Leftovers\n|upkeep\n|turn|13\n|\n|t:|1700614540\n|move|p1a: Shaymin|Leech Seed|p2a: Kingambit\n|-start|p2a: Kingambit|move: Leech Seed\n|move|p2a: Kingambit|Brick Break|p1a: Shaymin\n|-resisted|p1a: Shaymin\n|-damage|p1a: Shaymin|0 fnt\n|faint|p1a: Shaymin\n|\n|upkeep\n|\n|t:|1700614546\n|switch|p1a: Ho-Oh|Ho-Oh|72\/100\n|turn|14\n|\n|t:|1700614549\n|move|p1a: Ho-Oh|Sunny Day|p1a: Ho-Oh\n|-weather|SunnyDay\n|move|p2a: Kingambit|Kowtow Cleave|p1a: Ho-Oh\n|-damage|p1a: Ho-Oh|4\/100\n|\n|-weather|SunnyDay|[upkeep]\n|-damage|p2a: Kingambit|88\/100|[from] Leech Seed|[of] p1a: Ho-Oh\n|-heal|p1a: Ho-Oh|16\/100|[silent]\n|upkeep\n|turn|15\n|\n|t:|1700614558\n|move|p1a: Ho-Oh|Roost|p1a: Ho-Oh\n|-heal|p1a: Ho-Oh|66\/100\n|-singleturn|p1a: Ho-Oh|move: Roost\n|move|p2a: Kingambit|Kowtow Cleave|p1a: Ho-Oh\n|-damage|p1a: Ho-Oh|0 fnt\n|faint|p1a: Ho-Oh\n|\n|-weather|SunnyDay|[upkeep]\n|-heal|p2a: Kingambit|94\/100|[from] item: Leftovers\n|upkeep\n|\n|t:|1700614565\n|switch|p1a: Reshiram|Reshiram|72\/100\n|-ability|p1a: Reshiram|Turboblaze\n|turn|16\n|\n|t:|1700614575\n|move|p1a: Reshiram|Blue Flare|p2a: Kingambit\n|-crit|p2a: Kingambit\n|-damage|p2a: Kingambit|0 fnt\n|faint|p2a: Kingambit\n|-end|p2a: Kingambit|fallen5|[silent]\n|\n|win|Ezael_Stormblood\n|raw|Ezael_Stormblood's rating: 1168 &rarr; <strong>1198<\/strong><br \/>(+30 for winning)\n|raw|LedgeBagtitan12's rating: 1234 &rarr; <strong>1204<\/strong><br \/>(-30 for losing)\n|c|\u2606Ezael_Stormblood|ggs\n","uploadtime":1700614582,"views":0,"p1id":"ezaelstormblood","p2id":"ledgebagtitan12","formatid":"gen9nationaldexubers","rating":1198,"private":0,"password":""}