{"id":"gen9nationaldexubers-1997394176","p1":"yxszd","p2":"freezybreezy","format":"[Gen 9] National Dex Ubers","log":"|j|\u2606yxszd\n|j|\u2606freezybreezy\n|t:|1700798472\n|gametype|singles\n|player|p1|yxszd|dawn-gen4pt|1316\n|player|p2|freezybreezy|sabrina|1308\n|teamsize|p1|6\n|teamsize|p2|6\n|gen|9\n|tier|[Gen 9] National Dex Ubers\n|rated|\n|rule|HP Percentage Mod: HP is shown in percentages\n|rule|Endless Battle Clause: Forcing endless battles is banned\n|rule|OHKO Clause: OHKO moves are banned\n|rule|Evasion Moves Clause: Evasion moves are banned\n|rule|Evasion Items Clause: Evasion items are banned\n|rule|Species Clause: Limit one of each Pok\u00e9mon\n|rule|Sleep Clause Mod: Limit one foe put to sleep\n|rule|Mega Rayquaza Clause: You cannot mega evolve Rayquaza\n|clearpoke\n|poke|p1|Banette, M|\n|poke|p1|Alomomola, M|\n|poke|p1|Landorus-Therian, M|\n|poke|p1|Heatran, F|\n|poke|p1|Gholdengo|\n|poke|p1|Ursaluna-Bloodmoon, M|\n|poke|p2|Sableye, F|\n|poke|p2|Flutter Mane|\n|poke|p2|Giratina-Origin|\n|poke|p2|Blacephalon|\n|poke|p2|Ceruledge, F|\n|poke|p2|Marshadow|\n|teampreview\n|inactive|Battle timer is ON: inactive players will automatically lose when time's up. (requested by freezybreezy)\n|\n|t:|1700798500\n|start\n|switch|p1a: Banette|Banette, M|100\/100\n|switch|p2a: Sableye|Sableye, F|100\/100\n|-item|p2a: Sableye|Rocky Helmet|[from] ability: Frisk|[of] p1a: Banette|[identify]\n|turn|1\n|\n|t:|1700798505\n|detailschange|p1a: Banette|Banette-Mega, M\n|-mega|p1a: Banette|Banette|Banettite\n|move|p2a: Sableye|Taunt|p1a: Banette\n|-start|p1a: Banette|move: Taunt\n|move|p1a: Banette|Poltergeist|p2a: Sableye\n|-activate|p2a: Sableye|move: Poltergeist|Rocky Helmet\n|-damage|p2a: Sableye|28\/100\n|\n|upkeep\n|turn|2\n|\n|t:|1700798512\n|move|p2a: Sableye|Will-O-Wisp|p1a: Banette\n|-status|p1a: Banette|brn\n|move|p1a: Banette|Poltergeist|p2a: Sableye\n|-activate|p2a: Sableye|move: Poltergeist|Rocky Helmet\n|-damage|p2a: Sableye|0 fnt\n|faint|p2a: Sableye\n|\n|-damage|p1a: Banette|94\/100 brn|[from] brn\n|upkeep\n|\n|t:|1700798517\n|switch|p2a: Ceruledge|Ceruledge, F|100\/100\n|turn|3\n|\n|t:|1700798532\n|switch|p1a: Ursaluna|Ursaluna-Bloodmoon, M|100\/100\n|move|p2a: Ceruledge|Bulk Up|p2a: Ceruledge\n|-boost|p2a: Ceruledge|atk|1\n|-boost|p2a: Ceruledge|def|1\n|\n|upkeep\n|turn|4\n|\n|t:|1700798537\n|move|p2a: Ceruledge|Bitter Blade|p1a: Ursaluna\n|-damage|p1a: Ursaluna|62\/100\n|move|p1a: Ursaluna|Blood Moon|p2a: Ceruledge\n|-damage|p2a: Ceruledge|36\/100\n|\n|-heal|p2a: Ceruledge|42\/100|[from] item: Leftovers\n|upkeep\n|turn|5\n|\n|t:|1700798544\n|move|p2a: Ceruledge|Bitter Blade|p1a: Ursaluna\n|-damage|p1a: Ursaluna|21\/100\n|-heal|p2a: Ceruledge|67\/100|[from] drain|[of] p1a: Ursaluna\n|move|p1a: Ursaluna|Tera Blast|p2a: Ceruledge\n|-damage|p2a: Ceruledge|27\/100\n|\n|-heal|p2a: Ceruledge|33\/100|[from] item: Leftovers\n|upkeep\n|turn|6\n|\n|t:|1700798548\n|switch|p1a: Heatran|Heatran, F|100\/100\n|move|p2a: Ceruledge|Bitter Blade|p1a: Heatran\n|-start|p1a: Heatran|ability: Flash Fire\n|\n|-heal|p2a: Ceruledge|39\/100|[from] item: Leftovers\n|upkeep\n|turn|7\n|\n|t:|1700798550\n|move|p2a: Ceruledge|Shadow Claw|p1a: Heatran\n|-damage|p1a: Heatran|64\/100\n|move|p1a: Heatran|Magma Storm|p2a: Ceruledge\n|-start|p2a: Ceruledge|ability: Flash Fire\n|\n|-heal|p2a: Ceruledge|45\/100|[from] item: Leftovers\n|-heal|p1a: Heatran|70\/100|[from] item: Leftovers\n|upkeep\n|turn|8\n|c|\u2606freezybreezy|Bro\n|\n|t:|1700798560\n|move|p2a: Ceruledge|Shadow Claw|p1a: Heatran\n|-damage|p1a: Heatran|31\/100\n|move|p1a: Heatran|Earth Power|p2a: Ceruledge\n|-supereffective|p2a: Ceruledge\n|-damage|p2a: Ceruledge|0 fnt\n|faint|p2a: Ceruledge\n|\n|-heal|p1a: Heatran|37\/100|[from] item: Leftovers\n|upkeep\n|\n|t:|1700798563\n|switch|p2a: Blacephalon|Blacephalon|100\/100\n|turn|9\n|\n|t:|1700798569\n|-end|p1a: Heatran|ability: Flash Fire|[silent]\n|switch|p1a: Ursaluna|Ursaluna-Bloodmoon, M|21\/100\n|move|p2a: Blacephalon|Shadow Ball|p1a: Ursaluna\n|-immune|p1a: Ursaluna\n|\n|upkeep\n|turn|10\n|\n|t:|1700798574\n|switch|p2a: Giratina|Giratina-Origin|100\/100\n|move|p1a: Ursaluna|Vacuum Wave|p2a: Giratina\n|-damage|p2a: Giratina|89\/100\n|\n|upkeep\n|turn|11\n|\n|t:|1700798580\n|switch|p1a: Alomomola|Alomomola, M, shiny|100\/100\n|move|p2a: Giratina|Earthquake|p1a: Alomomola\n|-damage|p1a: Alomomola|82\/100\n|\n|upkeep\n|turn|12\n|\n|t:|1700798598\n|move|p2a: Giratina|Hone Claws|p2a: Giratina\n|-boost|p2a: Giratina|atk|1\n|-boost|p2a: Giratina|accuracy|1\n|move|p1a: Alomomola|Wish|p1a: Alomomola\n|\n|upkeep\n|turn|13\n|\n|t:|1700798603\n|move|p2a: Giratina|Hone Claws|p2a: Giratina\n|-boost|p2a: Giratina|atk|1\n|-boost|p2a: Giratina|accuracy|1\n|move|p1a: Alomomola|Flip Turn|p2a: Giratina\n|-resisted|p2a: Giratina\n|-damage|p2a: Giratina|82\/100\n|\n|t:|1700798606\n|switch|p1a: Banette|Banette-Mega, M|94\/100 brn|[from] Flip Turn\n|\n|-heal|p1a: Banette|100\/100 brn|[from] move: Wish|[wisher] Alomomola\n|-damage|p1a: Banette|94\/100 brn|[from] brn\n|upkeep\n|turn|14\n|\n|t:|1700798609\n|move|p1a: Banette|Encore|p2a: Giratina\n|-start|p2a: Giratina|Encore\n|move|p2a: Giratina|Hone Claws|p2a: Giratina\n|-boost|p2a: Giratina|atk|1\n|-boost|p2a: Giratina|accuracy|1\n|\n|-damage|p1a: Banette|88\/100 brn|[from] brn\n|upkeep\n|turn|15\n|\n|t:|1700798615\n|switch|p2a: Flutter Mane|Flutter Mane|100\/100\n|move|p1a: Banette|Poltergeist|p2a: Flutter Mane\n|-activate|p2a: Flutter Mane|move: Poltergeist|Life Orb\n|-supereffective|p2a: Flutter Mane\n|-damage|p2a: Flutter Mane|0 fnt\n|faint|p2a: Flutter Mane\n|-end|p2a: Flutter Mane|Protosynthesis|[silent]\n|\n|-damage|p1a: Banette|82\/100 brn|[from] brn\n|upkeep\n|\n|t:|1700798618\n|switch|p2a: Blacephalon|Blacephalon|100\/100\n|turn|16\n|\n|t:|1700798626\n|switch|p2a: Giratina|Giratina-Origin|82\/100\n|switch|p1a: Ursaluna|Ursaluna-Bloodmoon, M|21\/100\n|\n|upkeep\n|turn|17\n|\n|t:|1700798629\n|move|p2a: Giratina|Earthquake|p1a: Ursaluna\n|-damage|p1a: Ursaluna|0 fnt\n|faint|p1a: Ursaluna\n|\n|upkeep\n|\n|t:|1700798631\n|switch|p1a: Alomomola|Alomomola, M, shiny|100\/100\n|turn|18\n|\n|t:|1700798634\n|move|p2a: Giratina|Poltergeist|p1a: Alomomola\n|-activate|p1a: Alomomola|move: Poltergeist|Rocky Helmet\n|-damage|p1a: Alomomola|63\/100\n|move|p1a: Alomomola|Wish|p1a: Alomomola\n|\n|upkeep\n|turn|19\n|\n|t:|1700798641\n|move|p2a: Giratina|Hone Claws|p2a: Giratina\n|-boost|p2a: Giratina|atk|1\n|-boost|p2a: Giratina|accuracy|1\n|move|p1a: Alomomola|Flip Turn|p2a: Giratina\n|-resisted|p2a: Giratina\n|-damage|p2a: Giratina|76\/100\n|\n|t:|1700798660\n|switch|p1a: Banette|Banette-Mega, M|82\/100 brn|[from] Flip Turn\n|\n|-heal|p1a: Banette|100\/100 brn|[from] move: Wish|[wisher] Alomomola\n|-damage|p1a: Banette|94\/100 brn|[from] brn\n|upkeep\n|turn|20\n|\n|t:|1700798666\n|move|p2a: Giratina|Poltergeist|p1a: Banette\n|-activate|p1a: Banette|move: Poltergeist|Banettite\n|-supereffective|p1a: Banette\n|-damage|p1a: Banette|0 fnt\n|faint|p1a: Banette\n|\n|upkeep\n|\n|t:|1700798674\n|switch|p1a: Gholdengo|Gholdengo|100\/100\n|turn|21\n|\n|t:|1700798676\n|-terastallize|p1a: Gholdengo|Water\n|move|p2a: Giratina|Poltergeist|p1a: Gholdengo\n|-activate|p1a: Gholdengo|move: Poltergeist|Choice Specs\n|-damage|p1a: Gholdengo|0 fnt\n|faint|p1a: Gholdengo\n|\n|upkeep\n|-message|yxszd forfeited.\n|\n|win|freezybreezy\n|raw|yxszd's rating: 1316 &rarr; <strong>1296<\/strong><br \/>(-20 for losing)\n|raw|freezybreezy's rating: 1308 &rarr; <strong>1328<\/strong><br \/>(+20 for winning)\n|l|\u2606yxszd\n","uploadtime":1700798685,"views":4,"p1id":"yxszd","p2id":"freezybreezy","formatid":"gen9nationaldexubers","rating":1296,"private":0,"password":""}