{"id":"gen9nationaldexubers-1985447072","p1":"R0n-McD0n","p2":"2001HondaCivic12","format":"[Gen 9] National Dex Ubers","log":"|j|\u2606R0n-McD0n\n|j|\u26062001HondaCivic12\n|t:|1699375425\n|gametype|singles\n|player|p1|R0n-McD0n|gambler|1166\n|player|p2|2001HondaCivic12|scientist-gen4|1104\n|teamsize|p1|6\n|teamsize|p2|6\n|gen|9\n|tier|[Gen 9] National Dex Ubers\n|rated|\n|rule|HP Percentage Mod: HP is shown in percentages\n|rule|Endless Battle Clause: Forcing endless battles is banned\n|rule|OHKO Clause: OHKO moves are banned\n|rule|Evasion Moves Clause: Evasion moves are banned\n|rule|Evasion Items Clause: Evasion items are banned\n|rule|Species Clause: Limit one of each Pok\u00e9mon\n|rule|Sleep Clause Mod: Limit one foe put to sleep\n|rule|Mega Rayquaza Clause: You cannot mega evolve Rayquaza\n|clearpoke\n|poke|p1|Clodsire, M|\n|poke|p1|Glimmora, M|\n|poke|p1|Cloyster, F|\n|poke|p1|Kingambit, M|\n|poke|p1|Necrozma-Dusk-Mane|\n|poke|p1|Alakazam, M|\n|poke|p2|Dracovish|\n|poke|p2|Alakazam, F|\n|poke|p2|Deoxys-Speed|\n|poke|p2|Marshadow|\n|poke|p2|Arceus-Fairy|\n|poke|p2|Mew|\n|teampreview\n|\n|t:|1699375432\n|start\n|switch|p1a: Glimmora|Glimmora, M, shiny|100\/100\n|switch|p2a: Alakazam|Alakazam, F|100\/100\n|turn|1\n|\n|t:|1699375442\n|move|p1a: Glimmora|Stealth Rock|p2a: Alakazam\n|-sidestart|p2: 2001HondaCivic12|move: Stealth Rock\n|move|p2a: Alakazam|Taunt|p1a: Glimmora\n|-start|p1a: Glimmora|move: Taunt\n|\n|upkeep\n|turn|2\n|\n|t:|1699375450\n|detailschange|p2a: Alakazam|Alakazam-Mega, F\n|-mega|p2a: Alakazam|Alakazam|Alakazite\n|-ability|p2a: Alakazam|Toxic Debris|[from] ability: Trace|[of] p1a: Glimmora\n|move|p2a: Alakazam|Psychic|p1a: Glimmora\n|-supereffective|p1a: Glimmora\n|-enditem|p1a: Glimmora|Focus Sash\n|-damage|p1a: Glimmora|1\/100\n|move|p1a: Glimmora|Mortal Spin|p2a: Alakazam\n|-damage|p2a: Alakazam|92\/100\n|-status|p2a: Alakazam|psn\n|-activate|p2a: Alakazam|ability: Toxic Debris\n|-sidestart|p1: R0n-McD0n|move: Toxic Spikes\n|-sideend|p1: R0n-McD0n|Toxic Spikes|[from] move: Mortal Spin|[of] p1a: Glimmora\n|\n|-damage|p2a: Alakazam|80\/100 psn|[from] psn\n|upkeep\n|turn|3\n|\n|t:|1699375469\n|move|p2a: Alakazam|Psychic|p1a: Glimmora\n|-supereffective|p1a: Glimmora\n|-damage|p1a: Glimmora|0 fnt\n|faint|p1a: Glimmora\n|\n|-damage|p2a: Alakazam|68\/100 psn|[from] psn\n|upkeep\n|\n|t:|1699375476\n|switch|p1a: Cloyster|Cloyster, F, shiny|100\/100\n|turn|4\n|\n|t:|1699375481\n|move|p2a: Alakazam|Taunt|p1a: Cloyster\n|-start|p1a: Cloyster|move: Taunt\n|cant|p1a: Cloyster|move: Taunt|Shell Smash\n|\n|-damage|p2a: Alakazam|56\/100 psn|[from] psn\n|upkeep\n|turn|5\n|\n|t:|1699375491\n|move|p2a: Alakazam|Psychic|p1a: Cloyster\n|-enditem|p1a: Cloyster|Focus Sash\n|-damage|p1a: Cloyster|1\/100\n|move|p1a: Cloyster|Icicle Spear|p2a: Alakazam\n|-damage|p2a: Alakazam|39\/100 psn\n|-activate|p2a: Alakazam|ability: Toxic Debris\n|-sidestart|p1: R0n-McD0n|move: Toxic Spikes\n|-damage|p2a: Alakazam|25\/100 psn\n|-activate|p2a: Alakazam|ability: Toxic Debris\n|-sidestart|p1: R0n-McD0n|move: Toxic Spikes\n|-damage|p2a: Alakazam|11\/100 psn\n|-damage|p2a: Alakazam|0 fnt\n|faint|p2a: Alakazam\n|-hitcount|p2: Alakazam|4\n|\n|upkeep\n|\n|t:|1699375508\n|switch|p2a: Deoxys|Deoxys-Speed|100\/100\n|-damage|p2a: Deoxys|88\/100|[from] Stealth Rock\n|-ability|p2a: Deoxys|Pressure\n|turn|6\n|\n|t:|1699375519\n|move|p2a: Deoxys|Flash Cannon|p1a: Cloyster\n|-damage|p1a: Cloyster|0 fnt\n|faint|p1a: Cloyster\n|\n|upkeep\n|\n|t:|1699375524\n|switch|p1a: Clodsire|Clodsire, M, shiny|100\/100\n|-sideend|p1: R0n-McD0n|move: Toxic Spikes|[of] p1a: Clodsire\n|turn|7\n|\n|t:|1699375528\n|-terastallize|p2a: Deoxys|Steel\n|move|p2a: Deoxys|Flash Cannon|p1a: Clodsire\n|-damage|p1a: Clodsire|80\/100\n|move|p1a: Clodsire|Toxic|p2a: Deoxys\n|-immune|p2a: Deoxys\n|\n|-heal|p1a: Clodsire|86\/100|[from] item: Leftovers\n|upkeep\n|turn|8\n|\n|t:|1699375542\n|switch|p1a: Alakazam|Alakazam, M, shiny|100\/100\n|move|p2a: Deoxys|Flash Cannon|p1a: Alakazam\n|-damage|p1a: Alakazam|36\/100\n|\n|upkeep\n|turn|9\n|\n|t:|1699375549\n|detailschange|p1a: Alakazam|Alakazam-Mega, M, shiny\n|-mega|p1a: Alakazam|Alakazam|Alakazite\n|-ability|p1a: Alakazam|Pressure\n|-ability|p1a: Alakazam|Pressure|[from] ability: Trace|[of] p2a: Deoxys\n|move|p1a: Alakazam|Focus Blast|p2a: Deoxys|[miss]\n|-miss|p1a: Alakazam|p2a: Deoxys\n|move|p2a: Deoxys|Flash Cannon|p1a: Alakazam\n|-crit|p1a: Alakazam\n|-damage|p1a: Alakazam|0 fnt\n|faint|p1a: Alakazam\n|\n|upkeep\n|\n|t:|1699375565\n|switch|p1a: Clodsire|Clodsire, M, shiny|86\/100\n|turn|10\n|\n|t:|1699375572\n|move|p1a: Clodsire|Protect|p1a: Clodsire\n|-singleturn|p1a: Clodsire|Protect\n|move|p2a: Deoxys|Flash Cannon|p1a: Clodsire\n|-activate|p1a: Clodsire|move: Protect\n|\n|-heal|p1a: Clodsire|92\/100|[from] item: Leftovers\n|upkeep\n|turn|11\n|\n|t:|1699375581\n|switch|p2a: Mew|Mew, shiny|100\/100\n|-damage|p2a: Mew|88\/100|[from] Stealth Rock\n|move|p1a: Clodsire|Recover|p1a: Clodsire\n|-heal|p1a: Clodsire|100\/100\n|\n|-status|p2a: Mew|tox|[from] item: Toxic Orb\n|upkeep\n|turn|12\n|\n|t:|1699375609\n|move|p1a: Clodsire|Protect|p1a: Clodsire\n|-singleturn|p1a: Clodsire|Protect\n|move|p2a: Mew|Swords Dance|p2a: Mew\n|-boost|p2a: Mew|atk|2\n|\n|-damage|p2a: Mew|82\/100 tox|[from] psn\n|upkeep\n|turn|13\n|\n|t:|1699375618\n|move|p2a: Mew|Facade|p1a: Clodsire\n|-damage|p1a: Clodsire|14\/100\n|move|p1a: Clodsire|Toxic|p2a: Mew\n|-fail|p2a: Mew|tox\n|\n|-heal|p1a: Clodsire|20\/100|[from] item: Leftovers\n|-damage|p2a: Mew|70\/100 tox|[from] psn\n|upkeep\n|turn|14\n|\n|t:|1699375628\n|move|p1a: Clodsire|Protect|p1a: Clodsire\n|-singleturn|p1a: Clodsire|Protect\n|move|p2a: Mew|Brick Break|p1a: Clodsire\n|-activate|p1a: Clodsire|move: Protect\n|\n|-heal|p1a: Clodsire|26\/100|[from] item: Leftovers\n|-damage|p2a: Mew|51\/100 tox|[from] psn\n|upkeep\n|turn|15\n|\n|t:|1699375638\n|move|p2a: Mew|Swords Dance|p2a: Mew\n|-boost|p2a: Mew|atk|2\n|move|p1a: Clodsire|Recover|p1a: Clodsire\n|-heal|p1a: Clodsire|76\/100\n|\n|-heal|p1a: Clodsire|82\/100|[from] item: Leftovers\n|-damage|p2a: Mew|27\/100 tox|[from] psn\n|upkeep\n|turn|16\n|\n|t:|1699375648\n|move|p1a: Clodsire|Protect|p1a: Clodsire\n|-singleturn|p1a: Clodsire|Protect\n|move|p2a: Mew|Facade|p1a: Clodsire\n|-activate|p1a: Clodsire|move: Protect\n|\n|-heal|p1a: Clodsire|89\/100|[from] item: Leftovers\n|-damage|p2a: Mew|0 fnt|[from] psn\n|faint|p2a: Mew\n|upkeep\n|\n|t:|1699375658\n|switch|p2a: Deoxys|Deoxys-Speed, tera:Steel|88\/100\n|-damage|p2a: Deoxys|82\/100|[from] Stealth Rock\n|-ability|p2a: Deoxys|Pressure\n|turn|17\n|\n|t:|1699375666\n|move|p1a: Clodsire|Protect||[still]\n|-fail|p1a: Clodsire\n|move|p2a: Deoxys|Psychic|p1a: Clodsire\n|-supereffective|p1a: Clodsire\n|-damage|p1a: Clodsire|42\/100\n|\n|-heal|p1a: Clodsire|48\/100|[from] item: Leftovers\n|upkeep\n|turn|18\n|\n|t:|1699375674\n|move|p2a: Deoxys|Psychic|p1a: Clodsire\n|-supereffective|p1a: Clodsire\n|-damage|p1a: Clodsire|0 fnt\n|faint|p1a: Clodsire\n|\n|upkeep\n|\n|t:|1699375680\n|switch|p1a: Necrozma|Necrozma-Dusk-Mane, shiny|100\/100\n|turn|19\n|\n|t:|1699375684\n|switch|p2a: Marshadow|Marshadow|100\/100\n|-damage|p2a: Marshadow|94\/100|[from] Stealth Rock\n|detailschange|p1a: Necrozma|Necrozma-Ultra, shiny\n|-burst|p1a: Necrozma|Necrozma|Ultranecrozium Z\n|move|p1a: Necrozma|Earthquake|p2a: Marshadow\n|-damage|p2a: Marshadow|55\/100\n|\n|-heal|p2a: Marshadow|62\/100|[from] item: Leftovers\n|upkeep\n|turn|20\n|\n|t:|1699375696\n|move|p2a: Marshadow|Shadow Sneak|p1a: Necrozma\n|-supereffective|p1a: Necrozma\n|-damage|p1a: Necrozma|47\/100\n|-zpower|p1a: Necrozma\n|move|p1a: Necrozma|Light That Burns the Sky|p2a: Marshadow|[zeffect]\n|-supereffective|p2a: Marshadow\n|-damage|p2a: Marshadow|0 fnt\n|faint|p2a: Marshadow\n|\n|upkeep\n|\n|t:|1699375708\n|switch|p2a: Arceus|Arceus-Fairy|100\/100\n|-damage|p2a: Arceus|88\/100|[from] Stealth Rock\n|turn|21\n|\n|t:|1699375713\n|move|p1a: Necrozma|Photon Geyser|p2a: Arceus\n|-damage|p2a: Arceus|47\/100\n|move|p2a: Arceus|Judgment|p1a: Necrozma\n|-supereffective|p1a: Necrozma\n|-damage|p1a: Necrozma|0 fnt\n|faint|p1a: Necrozma\n|\n|upkeep\n|\n|t:|1699375722\n|switch|p1a: Kingambit|Kingambit, M, shiny|100\/100\n|-activate|p1a: Kingambit|ability: Supreme Overlord\n|-start|p1a: Kingambit|fallen5|[silent]\n|turn|22\n|\n|t:|1699375729\n|-terastallize|p1a: Kingambit|Steel\n|move|p2a: Arceus|Judgment|p1a: Kingambit\n|-resisted|p1a: Kingambit\n|-damage|p1a: Kingambit|74\/100\n|move|p1a: Kingambit|Iron Defense|p1a: Kingambit\n|-boost|p1a: Kingambit|def|2\n|\n|upkeep\n|turn|23\n|\n|t:|1699375739\n|switch|p2a: Dracovish|Dracovish|100\/100\n|-damage|p2a: Dracovish|88\/100|[from] Stealth Rock\n|move|p1a: Kingambit|Swords Dance|p1a: Kingambit\n|-boost|p1a: Kingambit|atk|2\n|\n|upkeep\n|turn|24\n|\n|t:|1699375748\n|move|p2a: Dracovish|Crunch|p1a: Kingambit\n|-damage|p1a: Kingambit|64\/100\n|move|p1a: Kingambit|Kowtow Cleave|p2a: Dracovish\n|-damage|p2a: Dracovish|0 fnt\n|faint|p2a: Dracovish\n|\n|upkeep\n|-message|2001HondaCivic12 forfeited.\n|\n|win|R0n-McD0n\n|raw|R0n-McD0n's rating: 1166 &rarr; <strong>1187<\/strong><br \/>(+21 for winning)\n|raw|2001HondaCivic12's rating: 1104 &rarr; <strong>1083<\/strong><br \/>(-21 for losing)\n|l|\u26062001HondaCivic12\n","uploadtime":1699375765,"views":7,"p1id":"r0nmcd0n","p2id":"2001hondacivic12","formatid":"gen9nationaldexubers","rating":1083,"private":0,"password":""}