{"id":"gen9nationaldexubers-1979768768","p1":"VampPhantom","p2":"aquiles meo","format":"[Gen 9] National Dex Ubers","log":"|j|\u2606VampPhantom\n|j|\u2606aquiles meo\n|t:|1698711294\n|gametype|singles\n|player|p1|VampPhantom|n|\n|player|p2|aquiles meo|ethan|\n|teamsize|p1|6\n|teamsize|p2|6\n|gen|9\n|tier|[Gen 9] National Dex Ubers\n|rule|HP Percentage Mod: HP is shown in percentages\n|rule|Endless Battle Clause: Forcing endless battles is banned\n|rule|OHKO Clause: OHKO moves are banned\n|rule|Evasion Moves Clause: Evasion moves are banned\n|rule|Evasion Items Clause: Evasion items are banned\n|rule|Species Clause: Limit one of each Pok\u00e9mon\n|rule|Sleep Clause Mod: Limit one foe put to sleep\n|rule|Mega Rayquaza Clause: You cannot mega evolve Rayquaza\n|clearpoke\n|poke|p1|Greninja-*, M|\n|poke|p1|Meowscarada, F|\n|poke|p1|Gliscor, M|\n|poke|p1|Glimmora, F|\n|poke|p1|Chandelure, F|\n|poke|p1|Kingambit, F|\n|poke|p2|Jirachi|\n|poke|p2|Ho-Oh|\n|poke|p2|Rayquaza|\n|poke|p2|Pidgeot, M|\n|poke|p2|Lucario, M|\n|poke|p2|Luxray, M|\n|teampreview\n|c|\u2606aquiles meo|no way\n|c|\u2606aquiles meo|this is your second team\n|c|\u2606aquiles meo|you mean on the website?\n|c|\u2606VampPhantom|yeah\n|\n|t:|1698711327\n|start\n|switch|p1a: Glimmora|Glimmora, F|100\/100\n|switch|p2a: Jirachi|Jirachi, shiny|100\/100\n|turn|1\n|c|\u2606aquiles meo|ofc\n|c|\u2606aquiles meo|ofc its glimmora\n|\n|t:|1698711346\n|move|p2a: Jirachi|Doom Desire|p1a: Glimmora\n|-start|p2a: Jirachi|Doom Desire\n|move|p1a: Glimmora|Earth Power|p2a: Jirachi\n|-supereffective|p2a: Jirachi\n|-damage|p2a: Jirachi|44\/100\n|\n|-heal|p2a: Jirachi|50\/100|[from] item: Leftovers\n|upkeep\n|turn|2\n|c|\u2606VampPhantom|lol\n|c|\u2606VampPhantom|i just like its design\n|\n|t:|1698711363\n|-terastallize|p2a: Jirachi|Water\n|move|p2a: Jirachi|Wish|p2a: Jirachi\n|move|p1a: Glimmora|Earth Power|p2a: Jirachi\n|-damage|p2a: Jirachi|24\/100\n|\n|-heal|p2a: Jirachi|30\/100|[from] item: Leftovers\n|upkeep\n|turn|3\n|c|\u2606VampPhantom|its goofy looking\n|c|\u2606VampPhantom|it was supposed to be a ou team\n|\n|t:|1698711391\n|move|p2a: Jirachi|Iron Head|p1a: Glimmora\n|-supereffective|p1a: Glimmora\n|-damage|p1a: Glimmora|37\/100\n|-activate|p1a: Glimmora|ability: Toxic Debris\n|-sidestart|p2: aquiles meo|move: Toxic Spikes\n|cant|p1a: Glimmora|flinch\n|\n|-end|p1a: Glimmora|move: Doom Desire\n|-supereffective|p1a: Glimmora\n|-damage|p1a: Glimmora|0 fnt\n|faint|p1a: Glimmora\n|-heal|p2a: Jirachi|80\/100|[from] move: Wish|[wisher] Jirachi\n|-heal|p2a: Jirachi|86\/100|[from] item: Leftovers\n|upkeep\n|c|\u2606VampPhantom|awwww\n|\n|t:|1698711407\n|switch|p1a: Meowscarada|Meowscarada, F|100\/100\n|turn|4\n|c|\u2606aquiles meo|im a bit toxic mayhaps\n|c|\u2606VampPhantom|xd\n|\n|t:|1698711424\n|switch|p2a: Luxray|Luxray, M, shiny|100\/100\n|-status|p2a: Luxray|psn\n|move|p1a: Meowscarada|Thunder Punch|p2a: Luxray\n|-start|p1a: Meowscarada|typechange|Electric|[from] ability: Protean\n|-resisted|p2a: Luxray\n|-damage|p2a: Luxray|82\/100 psn\n|\n|-damage|p2a: Luxray|70\/100 psn|[from] psn\n|upkeep\n|turn|5\n|c|\u2606aquiles meo|take your time now\n|c|\u2606VampPhantom|bacl\n|c|\u2606aquiles meo|mk\n|\n|t:|1698711579\n|move|p1a: Meowscarada|Foul Play|p2a: Luxray\n|-damage|p2a: Luxray|36\/100 psn\n|move|p2a: Luxray|Psychic Fangs|p1a: Meowscarada\n|-damage|p1a: Meowscarada|38\/100\n|\n|-damage|p2a: Luxray|23\/100 psn|[from] psn\n|upkeep\n|turn|6\n|\n|t:|1698711596\n|move|p1a: Meowscarada|Flower Trick|p2a: Luxray\n|-crit|p2a: Luxray\n|-damage|p2a: Luxray|0 fnt\n|faint|p2a: Luxray\n|\n|upkeep\n|c|\u2606aquiles meo|ill remember this\n|c|\u2606VampPhantom|xd\n|\n|t:|1698711611\n|switch|p2a: Lucario|Lucario, M, shiny|100\/100\n|turn|7\n|c|\u2606aquiles meo|oobs\n|\n|t:|1698711627\n|detailschange|p2a: Lucario|Lucario-Mega, M, shiny\n|-mega|p2a: Lucario|Lucario|Lucarionite\n|move|p1a: Meowscarada|Thunder Punch|p2a: Lucario\n|-damage|p2a: Lucario|57\/100\n|move|p2a: Lucario|Drain Punch|p1a: Meowscarada\n|-damage|p1a: Meowscarada|0 fnt\n|-heal|p2a: Lucario|77\/100|[from] drain|[of] p1a: Meowscarada\n|faint|p1a: Meowscarada\n|\n|upkeep\n|c|\u2606VampPhantom|sad\n|\n|t:|1698711638\n|switch|p1a: Chandelure|Chandelure, F|100\/100\n|turn|8\n|\n|t:|1698711657\n|move|p2a: Lucario|Bone Rush|p1a: Chandelure\n|-supereffective|p1a: Chandelure\n|-damage|p1a: Chandelure|75\/100\n|-supereffective|p1a: Chandelure\n|-damage|p1a: Chandelure|48\/100\n|-supereffective|p1a: Chandelure\n|-damage|p1a: Chandelure|21\/100\n|-enditem|p1a: Chandelure|Petaya Berry|[eat]\n|-boost|p1a: Chandelure|spa|1|[from] item: Petaya Berry\n|-hitcount|p1a: Chandelure|3\n|move|p1a: Chandelure|Fire Blast|p2a: Lucario\n|-supereffective|p2a: Lucario\n|-damage|p2a: Lucario|0 fnt\n|faint|p2a: Lucario\n|\n|upkeep\n|c|\u2606aquiles meo|Ugh\n|\n|t:|1698711671\n|switch|p2a: Rayquaza|Rayquaza, shiny|100\/100\n|-ability|p2a: Rayquaza|Air Lock\n|turn|9\n|\n|t:|1698711698\n|move|p2a: Rayquaza|Dragon Claw|p1a: Chandelure\n|-crit|p1a: Chandelure\n|-damage|p1a: Chandelure|0 fnt\n|faint|p1a: Chandelure\n|\n|upkeep\n|\n|t:|1698711712\n|switch|p1a: Greninja|Greninja, M|100\/100\n|turn|10\n|\n|t:|1698711724\n|-terastallize|p1a: Greninja|Water\n|move|p1a: Greninja|Water Shuriken|p2a: Rayquaza\n|-resisted|p2a: Rayquaza\n|-damage|p2a: Rayquaza|97\/100\n|-resisted|p2a: Rayquaza\n|-damage|p2a: Rayquaza|92\/100\n|-hitcount|p2a: Rayquaza|2\n|move|p2a: Rayquaza|Dragon Ascent|p1a: Greninja\n|-damage|p1a: Greninja|0 fnt\n|-unboost|p2a: Rayquaza|def|1\n|-unboost|p2a: Rayquaza|spd|1\n|faint|p1a: Greninja\n|\n|upkeep\n|c|\u2606aquiles meo|bomb\n|\n|t:|1698711743\n|switch|p1a: Gliscor|Gliscor, M|100\/100\n|turn|11\n|c|\u2606aquiles meo|do it again?\n|c|\u2606aquiles meo|no rico\n|\n|t:|1698711753\n|move|p2a: Rayquaza|Dragon Dance|p2a: Rayquaza\n|-boost|p2a: Rayquaza|atk|1\n|-boost|p2a: Rayquaza|spe|1\n|move|p1a: Gliscor|Gunk Shot|p2a: Rayquaza\n|-damage|p2a: Rayquaza|42\/100\n|\n|-status|p1a: Gliscor|tox|[from] item: Toxic Orb\n|upkeep\n|turn|12\n|c|\u2606VampPhantom|HEY MAN WE DONT GOTTA DO DIS\n|c|\u2606aquiles meo|you have seven seconds or im doing it\n|c|\u2606VampPhantom|uhhh\n|c|\u2606VampPhantom|rip\n|\n|t:|1698711797\n|move|p2a: Rayquaza|Dragon Ascent|p1a: Gliscor\n|-damage|p1a: Gliscor|14\/100 tox\n|-unboost|p2a: Rayquaza|def|1\n|-unboost|p2a: Rayquaza|spd|1\n|move|p1a: Gliscor|Gunk Shot|p2a: Rayquaza\n|-damage|p2a: Rayquaza|0 fnt\n|faint|p2a: Rayquaza\n|\n|-heal|p1a: Gliscor|27\/100 tox|[from] ability: Poison Heal\n|upkeep\n|c|\u2606VampPhantom|YESSSS\n|\n|t:|1698711821\n|switch|p2a: Jirachi|Jirachi, shiny, tera:Water|86\/100\n|-status|p2a: Jirachi|psn\n|turn|13\n|\n|t:|1698711827\n|move|p2a: Jirachi|Doom Desire|p1a: Gliscor\n|-start|p2a: Jirachi|Doom Desire\n|move|p1a: Gliscor|Brick Break|p2a: Jirachi\n|-damage|p2a: Jirachi|67\/100 psn\n|\n|-heal|p2a: Jirachi|73\/100 psn|[from] item: Leftovers\n|-damage|p2a: Jirachi|61\/100 psn|[from] psn\n|-heal|p1a: Gliscor|39\/100 tox|[from] ability: Poison Heal\n|upkeep\n|turn|14\n|\n|t:|1698711838\n|switch|p2a: Ho-Oh|Ho-Oh, shiny|100\/100\n|move|p1a: Gliscor|Gunk Shot|p2a: Ho-Oh\n|-damage|p2a: Ho-Oh|70\/100\n|\n|-heal|p1a: Gliscor|51\/100 tox|[from] ability: Poison Heal\n|upkeep\n|turn|15\n|\n|t:|1698711850\n|move|p1a: Gliscor|Gunk Shot|p2a: Ho-Oh|[miss]\n|-miss|p1a: Gliscor|p2a: Ho-Oh\n|move|p2a: Ho-Oh|Ancient Power|p1a: Gliscor\n|-damage|p1a: Gliscor|25\/100 tox\n|\n|-end|p1a: Gliscor|move: Doom Desire\n|-damage|p1a: Gliscor|0 fnt\n|faint|p1a: Gliscor\n|upkeep\n|\n|t:|1698711858\n|switch|p1a: Kingambit|Kingambit, F|100\/100\n|-activate|p1a: Kingambit|ability: Supreme Overlord\n|-start|p1a: Kingambit|fallen5|[silent]\n|turn|16\n|c|\u2606VampPhantom|rip\n|c|\u2606aquiles meo|meet the supreme overlord?\n|c|\u2606VampPhantom|no its step bro\n|c|\u2606VampPhantom|he sadly doesnt have sucker\n|c|\u2606aquiles meo|In that caase.\n|c|\u2606aquiles meo|Meet the boys\n|\n|t:|1698711893\n|move|p1a: Kingambit|Sucker Punch|p2a: Ho-Oh\n|-damage|p2a: Ho-Oh|12\/100\n|move|p2a: Ho-Oh|Burn Up|p1a: Kingambit\n|-supereffective|p1a: Kingambit\n|-damage|p1a: Kingambit|0 fnt\n|-start|p2a: Ho-Oh|typechange|???\/Flying|[from] move: Burn Up\n|faint|p1a: Kingambit\n|-end|p1a: Kingambit|fallen5|[silent]\n|\n|win|aquiles meo\n|c|\u2606VampPhantom|cuz it was my 2nd team\n|c|\u2606VampPhantom|awwww\n|c|\u2606aquiles meo|gg\n|c|\u2606aquiles meo|That was epic\n|c|\u2606VampPhantom|wanna me to use my first team (if i can find it)\n","uploadtime":1698711913,"views":5,"p1id":"vampphantom","p2id":"aquilesmeo","formatid":"gen9nationaldexubers","rating":0,"private":0,"password":""}