{"id":"gen9nationaldexubers-1990038613","p1":"Hyjinks","p2":"TheBishopsLeap","format":"[Gen 9] National Dex Ubers","log":"|j|\u2606Hyjinks\n|j|\u2606TheBishopsLeap\n|inactive|Battle timer is ON: inactive players will automatically lose when time's up.\n|t:|1699917951\n|gametype|singles\n|player|p1|Hyjinks|proton|\n|player|p2|TheBishopsLeap|lysandre|\n|teamsize|p1|6\n|teamsize|p2|6\n|gen|9\n|tier|[Gen 9] National Dex Ubers\n|rated|Tournament battle\n|rule|HP Percentage Mod: HP is shown in percentages\n|rule|Endless Battle Clause: Forcing endless battles is banned\n|rule|OHKO Clause: OHKO moves are banned\n|rule|Evasion Moves Clause: Evasion moves are banned\n|rule|Evasion Items Clause: Evasion items are banned\n|rule|Species Clause: Limit one of each Pok\u00e9mon\n|rule|Sleep Clause Mod: Limit one foe put to sleep\n|rule|Mega Rayquaza Clause: You cannot mega evolve Rayquaza\n|rule|Dynamax Clause: You cannot dynamax\n|rule|Terastal Clause: You cannot Terastallize\n|rule|Same Type Clause: Pok\u00e9mon in a team must share a type\n|clearpoke\n|poke|p1|Xerneas-*|\n|poke|p1|Magearna-Original|\n|poke|p1|Flutter Mane|\n|poke|p1|Grimmsnarl, M|\n|poke|p1|Iron Valiant|\n|poke|p1|Tapu Fini|\n|poke|p2|Groudon|\n|poke|p2|Zygarde|\n|poke|p2|Clodsire, M|\n|poke|p2|Ursaluna-Bloodmoon, M|\n|poke|p2|Gliscor, F|\n|poke|p2|Steelix, M|\n|teampreview\n|c|\u2606TheBishopsLeap|glhf\n|c|\u2606Hyjinks|u2\n|\n|t:|1699917967\n|start\n|switch|p1a: Grimmsnarl|Grimmsnarl, M|100\/100\n|switch|p2a: Steelix|Steelix, M|100\/100\n|turn|1\n|\n|t:|1699917973\n|detailschange|p2a: Steelix|Steelix-Mega, M\n|-mega|p2a: Steelix|Steelix|Steelixite\n|move|p1a: Grimmsnarl|Reflect|p1a: Grimmsnarl\n|-sidestart|p1: Hyjinks|Reflect\n|move|p2a: Steelix|Gyro Ball|p1a: Grimmsnarl\n|-supereffective|p1a: Grimmsnarl\n|-crit|p1a: Grimmsnarl\n|-damage|p1a: Grimmsnarl|0 fnt\n|faint|p1a: Grimmsnarl\n|\n|upkeep\n|\n|t:|1699917980\n|switch|p1a: Tapu Fini|Tapu Fini|100\/100\n|-fieldstart|move: Misty Terrain|[from] ability: Misty Surge|[of] p1a: Tapu Fini\n|turn|2\n|\n|t:|1699917984\n|switch|p2a: Clodsire|Clodsire, M|100\/100\n|move|p1a: Tapu Fini|Iron Defense|p1a: Tapu Fini\n|-boost|p1a: Tapu Fini|def|2\n|\n|upkeep\n|turn|3\n|\n|t:|1699917995\n|move|p1a: Tapu Fini|Calm Mind|p1a: Tapu Fini\n|-boost|p1a: Tapu Fini|spa|1\n|-boost|p1a: Tapu Fini|spd|1\n|move|p2a: Clodsire|Poison Jab|p1a: Tapu Fini\n|-supereffective|p1a: Tapu Fini\n|-damage|p1a: Tapu Fini|93\/100\n|\n|-heal|p1a: Tapu Fini|99\/100|[from] item: Leftovers\n|upkeep\n|turn|4\n|\n|t:|1699918016\n|switch|p2a: Steelix|Steelix-Mega, M|100\/100\n|move|p1a: Tapu Fini|Calm Mind|p1a: Tapu Fini\n|-boost|p1a: Tapu Fini|spa|1\n|-boost|p1a: Tapu Fini|spd|1\n|\n|-heal|p1a: Tapu Fini|100\/100|[from] item: Leftovers\n|upkeep\n|turn|5\n|\n|t:|1699918023\n|move|p1a: Tapu Fini|Iron Defense|p1a: Tapu Fini\n|-boost|p1a: Tapu Fini|def|2\n|move|p2a: Steelix|Gyro Ball|p1a: Tapu Fini\n|-damage|p1a: Tapu Fini|95\/100\n|\n|-heal|p1a: Tapu Fini|100\/100|[from] item: Leftovers\n|upkeep\n|turn|6\n|\n|t:|1699918030\n|move|p1a: Tapu Fini|Calm Mind|p1a: Tapu Fini\n|-boost|p1a: Tapu Fini|spa|1\n|-boost|p1a: Tapu Fini|spd|1\n|move|p2a: Steelix|Gyro Ball|p1a: Tapu Fini\n|-damage|p1a: Tapu Fini|95\/100\n|\n|-heal|p1a: Tapu Fini|100\/100|[from] item: Leftovers\n|-fieldend|Misty Terrain\n|upkeep\n|turn|7\n|\n|t:|1699918038\n|move|p1a: Tapu Fini|Calm Mind|p1a: Tapu Fini\n|-boost|p1a: Tapu Fini|spa|1\n|-boost|p1a: Tapu Fini|spd|1\n|move|p2a: Steelix|Gyro Ball|p1a: Tapu Fini\n|-damage|p1a: Tapu Fini|95\/100\n|\n|-heal|p1a: Tapu Fini|100\/100|[from] item: Leftovers\n|upkeep\n|turn|8\n|\n|t:|1699918042\n|switch|p2a: Clodsire|Clodsire, M|100\/100\n|move|p1a: Tapu Fini|Calm Mind|p1a: Tapu Fini\n|-boost|p1a: Tapu Fini|spa|1\n|-boost|p1a: Tapu Fini|spd|1\n|\n|-sideend|p1: Hyjinks|Reflect\n|upkeep\n|turn|9\n|\n|t:|1699918046\n|move|p1a: Tapu Fini|Stored Power|p2a: Clodsire\n|-supereffective|p2a: Clodsire\n|-damage|p2a: Clodsire|0 fnt\n|faint|p2a: Clodsire\n|\n|upkeep\n|\n|t:|1699918063\n|switch|p2a: Steelix|Steelix-Mega, M|100\/100\n|turn|10\n|\n|t:|1699918068\n|move|p1a: Tapu Fini|Stored Power|p2a: Steelix\n|-resisted|p2a: Steelix\n|-damage|p2a: Steelix|0 fnt\n|faint|p2a: Steelix\n|\n|upkeep\n|\n|t:|1699918070\n|switch|p2a: Groudon|Groudon|100\/100\n|detailschange|p2a: Groudon|Groudon-Primal\n|-primal|p2a: Groudon|Red Orb\n|-weather|DesolateLand|[from] ability: Desolate Land|[of] p2a: Groudon\n|turn|11\n|\n|t:|1699918075\n|move|p2a: Groudon|Precipice Blades|p1a: Tapu Fini\n|-damage|p1a: Tapu Fini|81\/100\n|move|p1a: Tapu Fini|Stored Power|p2a: Groudon\n|-damage|p2a: Groudon|0 fnt\n|faint|p2a: Groudon\n|-weather|none\n|\n|-heal|p1a: Tapu Fini|87\/100|[from] item: Leftovers\n|upkeep\n|\n|t:|1699918082\n|switch|p2a: Gliscor|Gliscor, F|100\/100\n|turn|12\n|\n|t:|1699918087\n|move|p2a: Gliscor|Roost||[still]\n|-fail|p2a: Gliscor|heal\n|move|p1a: Tapu Fini|Stored Power|p2a: Gliscor\n|-damage|p2a: Gliscor|0 fnt\n|faint|p2a: Gliscor\n|\n|-heal|p1a: Tapu Fini|93\/100|[from] item: Leftovers\n|upkeep\n|\n|t:|1699918092\n|switch|p2a: Zygarde|Zygarde|100\/100\n|turn|13\n|\n|t:|1699918095\n|move|p2a: Zygarde|Thousand Waves|p1a: Tapu Fini\n|-damage|p1a: Tapu Fini|85\/100\n|-activate|p1a: Tapu Fini|trapped\n|move|p1a: Tapu Fini|Draining Kiss|p2a: Zygarde\n|-supereffective|p2a: Zygarde\n|-damage|p2a: Zygarde|0 fnt\n|-heal|p1a: Tapu Fini|100\/100|[from] drain|[of] p2a: Zygarde\n|faint|p2a: Zygarde\n|\n|upkeep\n|\n|t:|1699918101\n|switch|p2a: Ursaluna|Ursaluna-Bloodmoon, M|100\/100\n|turn|14\n|\n|t:|1699918104\n|move|p2a: Ursaluna|Vacuum Wave|p1a: Tapu Fini\n|-resisted|p1a: Tapu Fini\n|-damage|p1a: Tapu Fini|99\/100\n|move|p1a: Tapu Fini|Stored Power|p2a: Ursaluna\n|-damage|p2a: Ursaluna|0 fnt\n|faint|p2a: Ursaluna\n|\n|win|Hyjinks\n|n|\u2606Hyjinks|hyjinks\n|n|\u2606TheBishopsLeap|thebishopsleap\n","uploadtime":1699918105,"views":8,"p1id":"hyjinks","p2id":"thebishopsleap","formatid":"gen9nationaldexubers","rating":0,"private":0,"password":""}