{"id":"gen9nationaldexubers-1989574776","p1":"zhangdinglong\u589e\u706b\u9f99\u4fa0","p2":"C0ld as Ice","format":"[Gen 9] National Dex Ubers","log":"|j|\u2606zhangdinglong\u589e\u706b\u9f99\u4fa0\n|j|\u2606C0ld as Ice\n|t:|1699873564\n|gametype|singles\n|player|p1|zhangdinglong\u589e\u706b\u9f99\u4fa0|elesa-masters|1566\n|player|p2|C0ld as Ice|schoolkid-gen4dp|1547\n|teamsize|p1|6\n|teamsize|p2|6\n|gen|9\n|tier|[Gen 9] National Dex Ubers\n|rated|\n|rule|HP Percentage Mod: HP is shown in percentages\n|rule|Endless Battle Clause: Forcing endless battles is banned\n|rule|OHKO Clause: OHKO moves are banned\n|rule|Evasion Moves Clause: Evasion moves are banned\n|rule|Evasion Items Clause: Evasion items are banned\n|rule|Species Clause: Limit one of each Pok\u00e9mon\n|rule|Sleep Clause Mod: Limit one foe put to sleep\n|rule|Mega Rayquaza Clause: You cannot mega evolve Rayquaza\n|clearpoke\n|poke|p1|Cresselia, F|\n|poke|p1|Hatterene, F|\n|poke|p1|Melmetal|\n|poke|p1|Arceus|\n|poke|p1|Calyrex-Ice|\n|poke|p1|Necrozma-Dusk-Mane|\n|poke|p2|Arceus-Water|\n|poke|p2|Necrozma-Dusk-Mane|\n|poke|p2|Zygarde|\n|poke|p2|Groudon, L99|\n|poke|p2|Marshadow|\n|poke|p2|Yveltal|\n|teampreview\n|inactive|Battle timer is ON: inactive players will automatically lose when time's up. (requested by C0ld as Ice)\n|inactive|C0ld as Ice has 120 seconds left.\n|inactive|C0ld as Ice has 90 seconds left.\n|inactive|C0ld as Ice has 60 seconds left.\n|inactive|C0ld as Ice has 30 seconds left.\n|\n|t:|1699873689\n|start\n|switch|p1a: Necrozma|Necrozma-Dusk-Mane|100\/100\n|switch|p2a: Groudon|Groudon, L99, shiny|100\/100\n|detailschange|p2a: Groudon|Groudon-Primal, L99, shiny\n|-primal|p2a: Groudon|Red Orb\n|-weather|DesolateLand|[from] ability: Desolate Land|[of] p2a: Groudon\n|turn|1\n|j| leona misa\n|inactive|zhangdinglong\u589e\u706b\u9f99\u4fa0 has 120 seconds left.\n|\n|t:|1699873735\n|move|p2a: Groudon|Overheat|p1a: Necrozma\n|-supereffective|p1a: Necrozma\n|-damage|p1a: Necrozma|0 fnt\n|-unboost|p2a: Groudon|spa|2\n|faint|p1a: Necrozma\n|\n|-weather|DesolateLand|[upkeep]\n|upkeep\n|\n|t:|1699873746\n|switch|p1a: \u5de5\u5177\u4eba|Hatterene, F, shiny|100\/100\n|turn|2\n|\n|t:|1699873769\n|move|p2a: Groudon|Precipice Blades|p1a: \u5de5\u5177\u4eba|[miss]\n|-miss|p2a: Groudon|p1a: \u5de5\u5177\u4eba\n|move|p1a: \u5de5\u5177\u4eba|Trick Room|p1a: \u5de5\u5177\u4eba\n|-fieldstart|move: Trick Room|[of] p1a: \u5de5\u5177\u4eba\n|\n|-weather|DesolateLand|[upkeep]\n|upkeep\n|turn|3\n|\n|t:|1699873783\n|move|p1a: \u5de5\u5177\u4eba|Misty Explosion|p2a: Groudon\n|-resisted|p2a: Groudon\n|-damage|p2a: Groudon|83\/100\n|faint|p1a: \u5de5\u5177\u4eba\n|move|p2a: Groudon|Stealth Rock|p1: \u5de5\u5177\u4eba\n|-sidestart|p1: zhangdinglong\u589e\u706b\u9f99\u4fa0|move: Stealth Rock\n|\n|-weather|DesolateLand|[upkeep]\n|upkeep\n|inactive|zhangdinglong\u589e\u706b\u9f99\u4fa0 has 90 seconds left.\n|\n|t:|1699873812\n|switch|p1a: Calyrex|Calyrex-Ice|100\/100\n|-ability|p1a: Calyrex|As One\n|-ability|p1a: Calyrex|Unnerve\n|-damage|p1a: Calyrex|76\/100|[from] Stealth Rock\n|turn|4\n|inactive|C0ld as Ice has 90 seconds left.\n|inactive|C0ld as Ice has 60 seconds left.\n|\n|t:|1699873880\n|-terastallize|p1a: Calyrex|Ice\n|move|p1a: Calyrex|Glacial Lance|p2a: Groudon\n|-damage|p2a: Groudon|0 fnt\n|faint|p2a: Groudon\n|-weather|none\n|-ability|p1a: Calyrex|Chilling Neigh|boost\n|-boost|p1a: Calyrex|atk|1\n|\n|upkeep\n|\n|t:|1699873886\n|switch|p2a: Necrozma|Necrozma-Dusk-Mane, shiny|100\/100\n|turn|5\n|\n|t:|1699873907\n|move|p1a: Calyrex|Glacial Lance|p2a: Necrozma\n|-resisted|p2a: Necrozma\n|-damage|p2a: Necrozma|14\/100\n|move|p2a: Necrozma|Sunsteel Strike|p1a: Calyrex\n|-supereffective|p1a: Calyrex\n|-damage|p1a: Calyrex|13\/100\n|\n|upkeep\n|turn|6\n|inactive|C0ld as Ice has 60 seconds left.\n|\n|t:|1699873935\n|move|p1a: Calyrex|Glacial Lance|p2a: Necrozma\n|-resisted|p2a: Necrozma\n|-damage|p2a: Necrozma|0 fnt\n|faint|p2a: Necrozma\n|-ability|p1a: Calyrex|Chilling Neigh|boost\n|-boost|p1a: Calyrex|atk|1\n|\n|-fieldend|move: Trick Room\n|upkeep\n|\n|t:|1699873939\n|switch|p2a: Marshadow|Marshadow|100\/100\n|turn|7\n|\n|t:|1699873952\n|-activate|p1a: Calyrex|move: Pursuit\n|move|p2a: Marshadow|Pursuit|p1a: Calyrex|[from]Pursuit\n|-damage|p1a: Calyrex|0 fnt\n|faint|p1a: Calyrex\n|-hint|A Pokemon can't switch between when it runs out of HP and when it faints\n|\n|upkeep\n|\n|t:|1699873958\n|switch|p1a: Arceus|Arceus|100\/100\n|-damage|p1a: Arceus|88\/100|[from] Stealth Rock\n|turn|8\n|\n|t:|1699873972\n|switch|p2a: Zygarde|Zygarde|100\/100\n|move|p1a: Arceus|Trick Room|p1a: Arceus\n|-fieldstart|move: Trick Room|[of] p1a: Arceus\n|\n|upkeep\n|turn|9\n|inactive|zhangdinglong\u589e\u706b\u9f99\u4fa0 has 120 seconds left.\n|inactive|C0ld as Ice has 60 seconds left.\n|inactive|zhangdinglong\u589e\u706b\u9f99\u4fa0 has 90 seconds left.\n|\n|t:|1699874027\n|move|p2a: Zygarde|Thousand Arrows|p1a: Arceus\n|-damage|p1a: Arceus|74\/100\n|move|p1a: Arceus|Grass Knot|p2a: Zygarde\n|-damage|p2a: Zygarde|74\/100\n|\n|-heal|p2a: Zygarde|80\/100|[from] item: Leftovers\n|upkeep\n|turn|10\n|inactive|C0ld as Ice has 30 seconds left.\n|inactive|C0ld as Ice has 20 seconds left.\n|inactive|C0ld as Ice has 15 seconds left.\n|\n|t:|1699874061\n|switch|p1a: Melmetal|Melmetal|100\/100\n|-damage|p1a: Melmetal|94\/100|[from] Stealth Rock\n|move|p2a: Zygarde|Thousand Arrows|p1a: Melmetal\n|-supereffective|p1a: Melmetal\n|-damage|p1a: Melmetal|61\/100\n|\n|-heal|p2a: Zygarde|87\/100|[from] item: Leftovers\n|upkeep\n|turn|11\n|inactive|C0ld as Ice has 25 seconds left this turn.\n|inactive|C0ld as Ice has 20 seconds left.\n|\n|t:|1699874070\n|move|p1a: Melmetal|Double Iron Bash|p2a: Zygarde\n|-damage|p2a: Zygarde|53\/100\n|-damage|p2a: Zygarde|23\/100\n|-hitcount|p2a: Zygarde|2\n|move|p2a: Zygarde|Thousand Arrows|p1a: Melmetal\n|-supereffective|p1a: Melmetal\n|-damage|p1a: Melmetal|28\/100\n|\n|-heal|p2a: Zygarde|29\/100|[from] item: Leftovers\n|-activate|p2a: Zygarde|ability: Power Construct\n|detailschange|p2a: Zygarde|Zygarde-Complete\n|-heal|p2a: Zygarde|54\/100|[silent]\n|upkeep\n|turn|12\n|inactive|C0ld as Ice has 30 seconds left this turn.\n|inactive|zhangdinglong\u589e\u706b\u9f99\u4fa0 has 90 seconds left.\n|inactive|C0ld as Ice has 20 seconds left.\n|inactive|C0ld as Ice has 15 seconds left.\n|inactive|C0ld as Ice has 10 seconds left.\n|\n|t:|1699874094\n|move|p1a: Melmetal|Double Iron Bash|p2a: Zygarde\n|-damage|p2a: Zygarde|32\/100\n|-damage|p2a: Zygarde|11\/100\n|-hitcount|p2a: Zygarde|2\n|move|p2a: Zygarde|Thousand Arrows|p1a: Melmetal\n|-supereffective|p1a: Melmetal\n|-crit|p1a: Melmetal\n|-damage|p1a: Melmetal|0 fnt\n|faint|p1a: Melmetal\n|\n|-heal|p2a: Zygarde|17\/100|[from] item: Leftovers\n|-fieldend|move: Trick Room\n|upkeep\n|inactive|C0ld as Ice has 15 seconds left this turn.\n|inactive|zhangdinglong\u589e\u706b\u9f99\u4fa0 has 90 seconds left.\n|-message|zhangdinglong\u589e\u706b\u9f99\u4fa0 forfeited.\n|\n|win|C0ld as Ice\n|inactive|C0ld as Ice has 20 seconds left this turn.\n|raw|zhangdinglong\u589e\u706b\u9f99\u4fa0's rating: 1566 &rarr; <strong>1546<\/strong><br \/>(-20 for losing)\n|raw|C0ld as Ice's rating: 1558 &rarr; <strong>1578<\/strong><br \/>(+20 for winning)\n|l|\u2606zhangdinglong\u589e\u706b\u9f99\u4fa0\n|l|\u2606C0ld as Ice\n","uploadtime":1699874120,"views":4,"p1id":"zhangdinglong","p2id":"c0ldasice","formatid":"gen9nationaldexubers","rating":1546,"private":0,"password":""}