{"id":"gen9nationaldexubers-1997246032","p1":"Headhunter19711","p2":"genesisjericho","format":"[Gen 9] National Dex Ubers","log":"|j|\u2606Headhunter19711\n|j|\u2606genesisjericho\n|t:|1700779927\n|gametype|singles\n|player|p1|Headhunter19711|169|1134\n|player|p2|genesisjericho|169|1040\n|teamsize|p1|6\n|teamsize|p2|6\n|gen|9\n|tier|[Gen 9] National Dex Ubers\n|rated|\n|rule|HP Percentage Mod: HP is shown in percentages\n|rule|Endless Battle Clause: Forcing endless battles is banned\n|rule|OHKO Clause: OHKO moves are banned\n|rule|Evasion Moves Clause: Evasion moves are banned\n|rule|Evasion Items Clause: Evasion items are banned\n|rule|Species Clause: Limit one of each Pok\u00e9mon\n|rule|Sleep Clause Mod: Limit one foe put to sleep\n|rule|Mega Rayquaza Clause: You cannot mega evolve Rayquaza\n|clearpoke\n|poke|p1|Rapidash, M|\n|poke|p1|Hawlucha, F|\n|poke|p1|Kommo-o, M|\n|poke|p1|Charizard, M|\n|poke|p1|Torkoal, M|\n|poke|p1|Garganacl, F|\n|poke|p2|Metagross|\n|poke|p2|Urshifu-*, F|\n|poke|p2|Tyranitar, F|\n|poke|p2|Arceus-Flying|\n|poke|p2|Dialga|\n|poke|p2|Ferrothorn, F|\n|teampreview\n|\n|t:|1700779934\n|start\n|switch|p1a: Torkoal|Torkoal, M|100\/100\n|switch|p2a: Arceus|Arceus-Flying|100\/100\n|-weather|SunnyDay|[from] ability: Drought|[of] p1a: Torkoal\n|turn|1\n|\n|t:|1700779942\n|move|p2a: Arceus|Air Slash|p1a: Torkoal\n|-damage|p1a: Torkoal|39\/100\n|cant|p1a: Torkoal|flinch\n|\n|-weather|SunnyDay|[upkeep]\n|upkeep\n|turn|2\n|\n|t:|1700779952\n|switch|p1a: Garganacl|Garganacl, F|100\/100\n|move|p2a: Arceus|Tailwind|p2a: Arceus\n|-sidestart|p2: genesisjericho|move: Tailwind\n|\n|-weather|SunnyDay|[upkeep]\n|upkeep\n|turn|3\n|\n|t:|1700779960\n|-terastallize|p2a: Arceus|Fire\n|move|p2a: Arceus|Heat Wave|p1a: Garganacl\n|-resisted|p1a: Garganacl\n|-damage|p1a: Garganacl|64\/100\n|move|p1a: Garganacl|Salt Cure|p2a: Arceus\n|-supereffective|p2a: Arceus\n|-damage|p2a: Arceus|80\/100\n|-start|p2a: Arceus|Salt Cure\n|\n|-weather|SunnyDay|[upkeep]\n|-heal|p1a: Garganacl|70\/100|[from] item: Leftovers\n|-damage|p2a: Arceus|67\/100|[from] Salt Cure\n|upkeep\n|turn|4\n|\n|t:|1700779973\n|move|p2a: Arceus|Aura Sphere|p1a: Garganacl\n|-supereffective|p1a: Garganacl\n|-damage|p1a: Garganacl|12\/100\n|move|p1a: Garganacl|Recover|p1a: Garganacl\n|-heal|p1a: Garganacl|62\/100\n|\n|-weather|SunnyDay|[upkeep]\n|-heal|p1a: Garganacl|69\/100|[from] item: Leftovers\n|-damage|p2a: Arceus|55\/100|[from] Salt Cure\n|upkeep\n|turn|5\n|\n|t:|1700779984\n|move|p1a: Garganacl|Protect|p1a: Garganacl\n|-singleturn|p1a: Garganacl|Protect\n|move|p2a: Arceus|Aura Sphere|p1a: Garganacl\n|-activate|p1a: Garganacl|move: Protect\n|\n|-weather|none\n|-heal|p1a: Garganacl|75\/100|[from] item: Leftovers\n|-damage|p2a: Arceus|42\/100|[from] Salt Cure\n|-sideend|p2: genesisjericho|move: Tailwind\n|upkeep\n|turn|6\n|\n|t:|1700779995\n|switch|p2a: Ferrothorn|Ferrothorn, F|100\/100\n|move|p1a: Garganacl|Recover|p1a: Garganacl\n|-heal|p1a: Garganacl|100\/100\n|\n|upkeep\n|turn|7\n|\n|t:|1700780001\n|move|p1a: Garganacl|Stealth Rock|p2a: Ferrothorn\n|-sidestart|p2: genesisjericho|move: Stealth Rock\n|move|p2a: Ferrothorn|Leech Seed|p1a: Garganacl\n|-start|p1a: Garganacl|move: Leech Seed\n|\n|-damage|p1a: Garganacl|88\/100|[from] Leech Seed|[of] p2a: Ferrothorn\n|upkeep\n|turn|8\n|\n|t:|1700780010\n|switch|p1a: Charizard|Charizard, M|100\/100\n|move|p2a: Ferrothorn|Knock Off|p1a: Charizard\n|-damage|p1a: Charizard|78\/100\n|-enditem|p1a: Charizard|Salac Berry|[from] move: Knock Off|[of] p2a: Ferrothorn\n|\n|upkeep\n|turn|9\n|\n|t:|1700780023\n|move|p1a: Charizard|Blaze Kick|p2a: Ferrothorn\n|-supereffective|p2a: Ferrothorn\n|-crit|p2a: Ferrothorn\n|-damage|p2a: Ferrothorn|0 fnt\n|-damage|p1a: Charizard|65\/100|[from] ability: Iron Barbs|[of] p2a: Ferrothorn\n|-damage|p1a: Charizard|49\/100|[from] item: Rocky Helmet|[of] p2a: Ferrothorn\n|faint|p2a: Ferrothorn\n|\n|upkeep\n|\n|t:|1700780033\n|switch|p2a: Urshifu|Urshifu-Rapid-Strike, F|100\/100\n|-damage|p2a: Urshifu|94\/100|[from] Stealth Rock\n|turn|10\n|\n|t:|1700780042\n|switch|p1a: Torkoal|Torkoal, M|39\/100\n|-weather|SunnyDay|[from] ability: Drought|[of] p1a: Torkoal\n|move|p2a: Urshifu|Surging Strikes|p1a: Torkoal\n|-supereffective|p1a: Torkoal\n|-crit|p1a: Torkoal\n|-damage|p1a: Torkoal|27\/100\n|-supereffective|p1a: Torkoal\n|-crit|p1a: Torkoal\n|-damage|p1a: Torkoal|16\/100\n|-supereffective|p1a: Torkoal\n|-crit|p1a: Torkoal\n|-damage|p1a: Torkoal|4\/100\n|-hitcount|p1a: Torkoal|3\n|\n|-weather|SunnyDay|[upkeep]\n|upkeep\n|turn|11\n|\n|t:|1700780056\n|move|p2a: Urshifu|Surging Strikes|p1a: Torkoal\n|-supereffective|p1a: Torkoal\n|-crit|p1a: Torkoal\n|-damage|p1a: Torkoal|0 fnt\n|faint|p1a: Torkoal\n|-hitcount|p1: Torkoal|1\n|\n|-weather|SunnyDay|[upkeep]\n|upkeep\n|\n|t:|1700780062\n|switch|p1a: Kommo-o|Kommo-o, M|100\/100\n|turn|12\n|\n|t:|1700780070\n|switch|p2a: Metagross|Metagross, shiny|100\/100\n|-damage|p2a: Metagross|95\/100|[from] Stealth Rock\n|move|p1a: Kommo-o|Flamethrower|p2a: Metagross\n|-supereffective|p2a: Metagross\n|-damage|p2a: Metagross|0 fnt\n|faint|p2a: Metagross\n|\n|-weather|SunnyDay|[upkeep]\n|upkeep\n|c|\u2606genesisjericho|Nice read\n|\n|t:|1700780087\n|switch|p2a: Urshifu|Urshifu-Rapid-Strike, F|94\/100\n|-damage|p2a: Urshifu|88\/100|[from] Stealth Rock\n|turn|13\n|\n|t:|1700780100\n|move|p2a: Urshifu|Ice Spinner|p1a: Kommo-o\n|-supereffective|p1a: Kommo-o\n|-damage|p1a: Kommo-o|40\/100\n|move|p1a: Kommo-o|Clanging Scales|p2a: Urshifu\n|-damage|p2a: Urshifu|20\/100\n|-unboost|p1a: Kommo-o|def|1\n|\n|-weather|SunnyDay|[upkeep]\n|upkeep\n|turn|14\n|\n|t:|1700780111\n|switch|p2a: Dialga|Dialga|100\/100\n|-damage|p2a: Dialga|94\/100|[from] Stealth Rock\n|switch|p1a: Rapidash|Rapidash, M|100\/100\n|\n|-weather|none\n|upkeep\n|turn|15\n|\n|t:|1700780131\n|move|p1a: Rapidash|Drill Run|p2a: Dialga\n|-supereffective|p2a: Dialga\n|-damage|p2a: Dialga|49\/100\n|-damage|p1a: Rapidash|91\/100|[from] item: Life Orb\n|move|p2a: Dialga|Trick|p1a: Rapidash\n|-activate|p2a: Dialga|move: Trick|[of] p1a: Rapidash\n|-item|p1a: Rapidash|Choice Specs|[from] move: Trick\n|-item|p2a: Dialga|Life Orb|[from] move: Trick\n|\n|upkeep\n|turn|16\n|\n|t:|1700780146\n|move|p1a: Rapidash|Drill Run|p2a: Dialga\n|-supereffective|p2a: Dialga\n|-damage|p2a: Dialga|18\/100\n|move|p2a: Dialga|Thunder Wave|p1a: Rapidash\n|-status|p1a: Rapidash|par\n|\n|upkeep\n|turn|17\n|\n|t:|1700780154\n|move|p2a: Dialga|Dragon Pulse|p1a: Rapidash\n|-crit|p1a: Rapidash\n|-damage|p1a: Rapidash|0 fnt\n|faint|p1a: Rapidash\n|-damage|p2a: Dialga|8\/100|[from] item: Life Orb\n|\n|upkeep\n|\n|t:|1700780168\n|switch|p1a: Hawlucha|Hawlucha, F|100\/100\n|turn|18\n|\n|t:|1700780175\n|move|p1a: Hawlucha|Drain Punch|p2a: Dialga\n|-supereffective|p2a: Dialga\n|-damage|p2a: Dialga|0 fnt\n|faint|p2a: Dialga\n|\n|upkeep\n|\n|t:|1700780189\n|switch|p2a: Urshifu|Urshifu-Rapid-Strike, F|20\/100\n|-damage|p2a: Urshifu|14\/100|[from] Stealth Rock\n|turn|19\n|\n|t:|1700780198\n|move|p2a: Urshifu|Ice Spinner|p1a: Hawlucha\n|-supereffective|p1a: Hawlucha\n|-damage|p1a: Hawlucha|6\/100\n|move|p1a: Hawlucha|Drain Punch|p2a: Urshifu\n|-damage|p2a: Urshifu|0 fnt\n|-heal|p1a: Hawlucha|14\/100|[from] drain|[of] p2a: Urshifu\n|faint|p2a: Urshifu\n|\n|upkeep\n|\n|t:|1700780208\n|switch|p2a: Arceus|Arceus-Flying, tera:Fire|42\/100\n|-damage|p2a: Arceus|18\/100|[from] Stealth Rock\n|turn|20\n|\n|t:|1700780219\n|switch|p1a: Kommo-o|Kommo-o, M|40\/100\n|move|p2a: Arceus|Air Slash|p1a: Kommo-o\n|-supereffective|p1a: Kommo-o\n|-damage|p1a: Kommo-o|0 fnt\n|faint|p1a: Kommo-o\n|\n|upkeep\n|\n|t:|1700780226\n|switch|p1a: Garganacl|Garganacl, F|88\/100\n|turn|21\n|\n|t:|1700780232\n|move|p2a: Arceus|Tailwind|p2a: Arceus\n|-sidestart|p2: genesisjericho|move: Tailwind\n|move|p1a: Garganacl|Salt Cure|p2a: Arceus\n|-supereffective|p2a: Arceus\n|-damage|p2a: Arceus|0 fnt\n|faint|p2a: Arceus\n|\n|-heal|p1a: Garganacl|94\/100|[from] item: Leftovers\n|upkeep\n|\n|t:|1700780241\n|switch|p2a: Tyranitar|Tyranitar, F|100\/100\n|-damage|p2a: Tyranitar|88\/100|[from] Stealth Rock\n|-weather|Sandstorm|[from] ability: Sand Stream|[of] p2a: Tyranitar\n|turn|22\n|\n|t:|1700780251\n|move|p1a: Garganacl|Protect|p1a: Garganacl\n|-singleturn|p1a: Garganacl|Protect\n|move|p2a: Tyranitar|Dragon Dance|p2a: Tyranitar\n|-boost|p2a: Tyranitar|atk|1\n|-boost|p2a: Tyranitar|spe|1\n|\n|-weather|Sandstorm|[upkeep]\n|-heal|p2a: Tyranitar|94\/100|[from] item: Leftovers\n|-heal|p1a: Garganacl|100\/100|[from] item: Leftovers\n|upkeep\n|turn|23\n|\n|t:|1700780260\n|move|p2a: Tyranitar|Earthquake|p1a: Garganacl\n|-supereffective|p1a: Garganacl\n|-damage|p1a: Garganacl|46\/100\n|move|p1a: Garganacl|Salt Cure|p2a: Tyranitar\n|-damage|p2a: Tyranitar|82\/100\n|-start|p2a: Tyranitar|Salt Cure\n|\n|-weather|Sandstorm|[upkeep]\n|-heal|p2a: Tyranitar|88\/100|[from] item: Leftovers\n|-heal|p1a: Garganacl|52\/100|[from] item: Leftovers\n|-damage|p2a: Tyranitar|76\/100|[from] Salt Cure\n|upkeep\n|turn|24\n|\n|t:|1700780274\n|move|p2a: Tyranitar|Knock Off|p1a: Garganacl\n|-damage|p1a: Garganacl|6\/100\n|-enditem|p1a: Garganacl|Leftovers|[from] move: Knock Off|[of] p2a: Tyranitar\n|move|p1a: Garganacl|Salt Cure|p2a: Tyranitar\n|-damage|p2a: Tyranitar|63\/100\n|\n|-weather|Sandstorm|[upkeep]\n|-heal|p2a: Tyranitar|69\/100|[from] item: Leftovers\n|-damage|p2a: Tyranitar|57\/100|[from] Salt Cure\n|-sideend|p2: genesisjericho|move: Tailwind\n|upkeep\n|turn|25\n|\n|t:|1700780285\n|move|p1a: Garganacl|Protect|p1a: Garganacl\n|-singleturn|p1a: Garganacl|Protect\n|move|p2a: Tyranitar|Dragon Dance|p2a: Tyranitar\n|-boost|p2a: Tyranitar|atk|1\n|-boost|p2a: Tyranitar|spe|1\n|\n|-weather|Sandstorm|[upkeep]\n|-heal|p2a: Tyranitar|63\/100|[from] item: Leftovers\n|-damage|p2a: Tyranitar|51\/100|[from] Salt Cure\n|upkeep\n|turn|26\n|\n|t:|1700780304\n|move|p1a: Garganacl|Protect||[still]\n|-fail|p1a: Garganacl\n|move|p2a: Tyranitar|Knock Off|p1a: Garganacl\n|-damage|p1a: Garganacl|0 fnt\n|faint|p1a: Garganacl\n|\n|-weather|none\n|-heal|p2a: Tyranitar|57\/100|[from] item: Leftovers\n|-damage|p2a: Tyranitar|45\/100|[from] Salt Cure\n|upkeep\n|\n|t:|1700780322\n|switch|p1a: Charizard|Charizard, M|49\/100\n|turn|27\n|\n|t:|1700780327\n|move|p1a: Charizard|Endure|p1a: Charizard\n|-singleturn|p1a: Charizard|move: Endure\n|move|p2a: Tyranitar|Stone Edge|p1a: Charizard|[miss]\n|-miss|p2a: Tyranitar|p1a: Charizard\n|\n|-heal|p2a: Tyranitar|51\/100|[from] item: Leftovers\n|-damage|p2a: Tyranitar|39\/100|[from] Salt Cure\n|upkeep\n|turn|28\n|\n|t:|1700780337\n|move|p1a: Charizard|Endure||[still]\n|-fail|p1a: Charizard\n|move|p2a: Tyranitar|Knock Off|p1a: Charizard\n|-damage|p1a: Charizard|0 fnt\n|faint|p1a: Charizard\n|\n|-heal|p2a: Tyranitar|45\/100|[from] item: Leftovers\n|-damage|p2a: Tyranitar|32\/100|[from] Salt Cure\n|upkeep\n|\n|t:|1700780345\n|switch|p1a: Hawlucha|Hawlucha, F|14\/100\n|turn|29\n|\n|t:|1700780349\n|-terastallize|p1a: Hawlucha|Fighting\n|move|p2a: Tyranitar|Stone Edge|p1a: Hawlucha\n|-resisted|p1a: Hawlucha\n|-crit|p1a: Hawlucha\n|-damage|p1a: Hawlucha|0 fnt\n|faint|p1a: Hawlucha\n|\n|win|genesisjericho\n|raw|Headhunter19711's rating: 1134 &rarr; <strong>1102<\/strong><br \/>(-32 for losing)\n|raw|genesisjericho's rating: 1040 &rarr; <strong>1083<\/strong><br \/>(+43 for winning)\n|c|\u2606genesisjericho|Gg\n|l|\u2606Headhunter19711\n|l|\u2606genesisjericho\n|j|\u2606genesisjericho\n|player|p2|genesisjericho|169\n","uploadtime":1700780460,"views":8,"p1id":"headhunter19711","p2id":"genesisjericho","formatid":"gen9nationaldexubers","rating":1083,"private":0,"password":""}