{"id":"gen9nationaldexubers-1984470406","p1":"Techvast","p2":"Chacharealsmoove","format":"[Gen 9] National Dex Ubers","log":"|j|\u2606Techvast\n|j|\u2606Chacharealsmoove\n|t:|1699268887\n|gametype|singles\n|player|p1|Techvast|pilot|1225\n|player|p2|Chacharealsmoove|ingo|1150\n|teamsize|p1|6\n|teamsize|p2|6\n|gen|9\n|tier|[Gen 9] National Dex Ubers\n|rated|\n|rule|HP Percentage Mod: HP is shown in percentages\n|rule|Endless Battle Clause: Forcing endless battles is banned\n|rule|OHKO Clause: OHKO moves are banned\n|rule|Evasion Moves Clause: Evasion moves are banned\n|rule|Evasion Items Clause: Evasion items are banned\n|rule|Species Clause: Limit one of each Pok\u00e9mon\n|rule|Sleep Clause Mod: Limit one foe put to sleep\n|rule|Mega Rayquaza Clause: You cannot mega evolve Rayquaza\n|clearpoke\n|poke|p1|Volcarona, F|\n|poke|p1|Ferrothorn, F|\n|poke|p1|Rotom-Wash|\n|poke|p1|Dragapult, M|\n|poke|p1|Toxapex, F|\n|poke|p1|Landorus-Therian, M|\n|poke|p2|Salamence, M|\n|poke|p2|Corviknight, F|\n|poke|p2|Hatterene, F|\n|poke|p2|Chandelure, M|\n|poke|p2|Darmanitan-Galar, M|\n|poke|p2|Gastrodon, F|\n|teampreview\n|\n|t:|1699268912\n|start\n|switch|p1a: Dragapult|Dragapult, M|100\/100\n|switch|p2a: Darmanitan|Darmanitan-Galar, M|100\/100\n|turn|1\n|\n|t:|1699268930\n|switch|p1a: Ferrothorn|Ferrothorn, F|100\/100\n|move|p2a: Darmanitan|Icicle Crash|p1a: Ferrothorn\n|-damage|p1a: Ferrothorn|60\/100\n|\n|-heal|p1a: Ferrothorn|66\/100|[from] item: Leftovers\n|upkeep\n|turn|2\n|\n|t:|1699268935\n|switch|p2a: Chandelure|Chandelure, M|100\/100\n|move|p1a: Ferrothorn|Stealth Rock|p2a: Chandelure\n|-sidestart|p2: Chacharealsmoove|move: Stealth Rock\n|\n|-heal|p1a: Ferrothorn|72\/100|[from] item: Leftovers\n|upkeep\n|turn|3\n|\n|t:|1699268959\n|switch|p1a: Rotom|Rotom-Wash|100\/100\n|move|p2a: Chandelure|Shadow Ball|p1a: Rotom\n|-damage|p1a: Rotom|25\/100\n|\n|-heal|p1a: Rotom|31\/100|[from] item: Leftovers\n|upkeep\n|turn|4\n|\n|t:|1699268974\n|switch|p2a: Gastrodon|Gastrodon, F|100\/100\n|-damage|p2a: Gastrodon|94\/100|[from] Stealth Rock\n|move|p1a: Rotom|Hydro Pump|p2a: Gastrodon\n|-ability|p2a: Gastrodon|Storm Drain|boost\n|-boost|p2a: Gastrodon|spa|1\n|\n|-heal|p1a: Rotom|37\/100|[from] item: Leftovers\n|-heal|p2a: Gastrodon|100\/100|[from] item: Leftovers\n|upkeep\n|turn|5\n|\n|t:|1699268984\n|move|p1a: Rotom|Toxic|p2a: Gastrodon\n|-status|p2a: Gastrodon|tox\n|move|p2a: Gastrodon|Spikes|p1a: Rotom\n|-sidestart|p1: Techvast|Spikes\n|\n|-heal|p1a: Rotom|43\/100|[from] item: Leftovers\n|-damage|p2a: Gastrodon|94\/100 tox|[from] psn\n|upkeep\n|turn|6\n|\n|t:|1699269017\n|switch|p2a: Hatterene|Hatterene, F|100\/100\n|-damage|p2a: Hatterene|88\/100|[from] Stealth Rock\n|move|p1a: Rotom|Volt Switch|p2a: Hatterene\n|-damage|p2a: Hatterene|62\/100\n|\n|t:|1699269025\n|switch|p1a: Dragapult|Dragapult, M|100\/100|[from] Volt Switch\n|-damage|p1a: Dragapult|88\/100|[from] Spikes\n|\n|-heal|p2a: Hatterene|68\/100|[from] item: Leftovers\n|upkeep\n|turn|7\n|\n|t:|1699269033\n|move|p1a: Dragapult|Shadow Ball|p2a: Hatterene\n|-supereffective|p2a: Hatterene\n|-damage|p2a: Hatterene|0 fnt\n|faint|p2a: Hatterene\n|\n|upkeep\n|\n|t:|1699269049\n|switch|p2a: Corviknight|Corviknight, F|100\/100\n|-damage|p2a: Corviknight|88\/100|[from] Stealth Rock\n|-ability|p2a: Corviknight|Pressure\n|turn|8\n|\n|t:|1699269059\n|move|p1a: Dragapult|Shadow Ball|p2a: Corviknight\n|-damage|p2a: Corviknight|41\/100\n|-unboost|p2a: Corviknight|spd|1\n|move|p2a: Corviknight|Brave Bird|p1a: Dragapult\n|-damage|p1a: Dragapult|39\/100\n|-damage|p2a: Corviknight|28\/100|[from] Recoil\n|\n|upkeep\n|turn|9\n|\n|t:|1699269066\n|switch|p2a: Darmanitan|Darmanitan-Galar, M|100\/100\n|-damage|p2a: Darmanitan|76\/100|[from] Stealth Rock\n|move|p1a: Dragapult|Shadow Ball|p2a: Darmanitan\n|-damage|p2a: Darmanitan|0 fnt\n|faint|p2a: Darmanitan\n|\n|upkeep\n|\n|t:|1699269070\n|switch|p2a: Salamence|Salamence, M|100\/100\n|-damage|p2a: Salamence|76\/100|[from] Stealth Rock\n|-ability|p2a: Salamence|Intimidate|boost\n|-unboost|p1a: Dragapult|atk|1\n|turn|10\n|\n|t:|1699269088\n|switch|p2a: Gastrodon|Gastrodon, F|94\/100 tox\n|-damage|p2a: Gastrodon|88\/100 tox|[from] Stealth Rock\n|move|p1a: Dragapult|Shadow Ball|p2a: Gastrodon\n|-crit|p2a: Gastrodon\n|-damage|p2a: Gastrodon|36\/100 tox\n|\n|-heal|p2a: Gastrodon|42\/100 tox|[from] item: Leftovers\n|-damage|p2a: Gastrodon|36\/100 tox|[from] psn\n|upkeep\n|turn|11\n|\n|t:|1699269096\n|move|p1a: Dragapult|Shadow Ball|p2a: Gastrodon\n|-damage|p2a: Gastrodon|4\/100 tox\n|-unboost|p2a: Gastrodon|spd|1\n|move|p2a: Gastrodon|Recover|p2a: Gastrodon\n|-heal|p2a: Gastrodon|54\/100 tox\n|\n|-heal|p2a: Gastrodon|60\/100 tox|[from] item: Leftovers\n|-damage|p2a: Gastrodon|48\/100 tox|[from] psn\n|upkeep\n|turn|12\n|\n|t:|1699269120\n|switch|p2a: Salamence|Salamence, M|76\/100\n|-damage|p2a: Salamence|51\/100|[from] Stealth Rock\n|-ability|p2a: Salamence|Intimidate|boost\n|-unboost|p1a: Dragapult|atk|1\n|move|p1a: Dragapult|Shadow Ball|p2a: Salamence\n|-damage|p2a: Salamence|0 fnt\n|faint|p2a: Salamence\n|\n|upkeep\n|\n|t:|1699269126\n|switch|p2a: Gastrodon|Gastrodon, F|48\/100 tox\n|-damage|p2a: Gastrodon|42\/100 tox|[from] Stealth Rock\n|turn|13\n|\n|t:|1699269128\n|move|p1a: Dragapult|Shadow Ball|p2a: Gastrodon\n|-damage|p2a: Gastrodon|8\/100 tox\n|move|p2a: Gastrodon|Ice Beam|p1a: Dragapult\n|-supereffective|p1a: Dragapult\n|-damage|p1a: Dragapult|0 fnt\n|faint|p1a: Dragapult\n|\n|-heal|p2a: Gastrodon|15\/100 tox|[from] item: Leftovers\n|-damage|p2a: Gastrodon|8\/100 tox|[from] psn\n|upkeep\n|\n|t:|1699269143\n|switch|p1a: Ferrothorn|Ferrothorn, F|72\/100\n|-damage|p1a: Ferrothorn|60\/100|[from] Spikes\n|turn|14\n|\n|t:|1699269158\n|switch|p2a: Chandelure|Chandelure, M|100\/100\n|-damage|p2a: Chandelure|76\/100|[from] Stealth Rock\n|move|p1a: Ferrothorn|Leech Seed|p2a: Chandelure\n|-start|p2a: Chandelure|move: Leech Seed\n|\n|-heal|p1a: Ferrothorn|66\/100|[from] item: Leftovers\n|-damage|p2a: Chandelure|63\/100|[from] Leech Seed|[of] p1a: Ferrothorn\n|-heal|p1a: Ferrothorn|75\/100|[silent]\n|upkeep\n|turn|15\n|\n|t:|1699269166\n|switch|p2a: Corviknight|Corviknight, F|28\/100\n|-damage|p2a: Corviknight|15\/100|[from] Stealth Rock\n|-ability|p2a: Corviknight|Pressure\n|move|p1a: Ferrothorn|Protect||[still]\n|-fail|p1a: Ferrothorn\n|\n|-heal|p1a: Ferrothorn|81\/100|[from] item: Leftovers\n|upkeep\n|turn|16\n|\n|t:|1699269169\n|move|p2a: Corviknight|Roost|p2a: Corviknight\n|-heal|p2a: Corviknight|65\/100\n|-singleturn|p2a: Corviknight|move: Roost\n|move|p1a: Ferrothorn|Leech Seed|p2a: Corviknight\n|-start|p2a: Corviknight|move: Leech Seed\n|\n|-heal|p1a: Ferrothorn|87\/100|[from] item: Leftovers\n|-damage|p2a: Corviknight|53\/100|[from] Leech Seed|[of] p1a: Ferrothorn\n|-heal|p1a: Ferrothorn|100\/100|[silent]\n|upkeep\n|turn|17\n|\n|t:|1699269174\n|move|p2a: Corviknight|Defog|p1a: Ferrothorn\n|-unboost|p1a: Ferrothorn|evasion|1\n|-sideend|p1: Techvast|Spikes|[from] move: Defog|[of] p2a: Corviknight\n|-sideend|p2: Chacharealsmoove|Stealth Rock|[from] move: Defog|[of] p2a: Corviknight\n|move|p1a: Ferrothorn|Power Whip|p2a: Corviknight|[miss]\n|-miss|p1a: Ferrothorn|p2a: Corviknight\n|\n|-damage|p2a: Corviknight|41\/100|[from] Leech Seed|[of] p1a: Ferrothorn\n|upkeep\n|turn|18\n|\n|t:|1699269180\n|move|p2a: Corviknight|Roost|p2a: Corviknight\n|-heal|p2a: Corviknight|91\/100\n|-singleturn|p2a: Corviknight|move: Roost\n|move|p1a: Ferrothorn|Power Whip|p2a: Corviknight\n|-resisted|p2a: Corviknight\n|-damage|p2a: Corviknight|78\/100\n|-damage|p1a: Ferrothorn|84\/100|[from] item: Rocky Helmet|[of] p2a: Corviknight\n|\n|-heal|p1a: Ferrothorn|90\/100|[from] item: Leftovers\n|-damage|p2a: Corviknight|66\/100|[from] Leech Seed|[of] p1a: Ferrothorn\n|-heal|p1a: Ferrothorn|100\/100|[silent]\n|upkeep\n|turn|19\n|\n|t:|1699269185\n|switch|p2a: Chandelure|Chandelure, M|63\/100\n|switch|p1a: Volcarona|Volcarona, F|100\/100\n|\n|upkeep\n|turn|20\n|\n|t:|1699269201\n|-terastallize|p1a: Volcarona|Fairy\n|move|p1a: Volcarona|Tera Blast|p2a: Chandelure|[anim] Tera Blast Fairy\n|-resisted|p2a: Chandelure\n|-damage|p2a: Chandelure|40\/100\n|move|p2a: Chandelure|Flamethrower|p1a: Volcarona\n|-damage|p1a: Volcarona|31\/100\n|\n|upkeep\n|turn|21\n|\n|t:|1699269225\n|move|p1a: Volcarona|Roost|p1a: Volcarona\n|-heal|p1a: Volcarona|81\/100\n|move|p2a: Chandelure|Flamethrower|p1a: Volcarona\n|-damage|p1a: Volcarona|14\/100\n|\n|upkeep\n|turn|22\n|\n|t:|1699269236\n|switch|p2a: Corviknight|Corviknight, F|66\/100\n|-ability|p2a: Corviknight|Pressure\n|move|p1a: Volcarona|Tera Blast|p2a: Corviknight|[anim] Tera Blast Fairy\n|-resisted|p2a: Corviknight\n|-damage|p2a: Corviknight|48\/100\n|\n|upkeep\n|turn|23\n|\n|t:|1699269246\n|switch|p2a: Chandelure|Chandelure, M|40\/100\n|move|p1a: Volcarona|Tera Blast|p2a: Chandelure|[anim] Tera Blast Fairy\n|-resisted|p2a: Chandelure\n|-damage|p2a: Chandelure|17\/100\n|\n|upkeep\n|turn|24\n|\n|t:|1699269253\n|switch|p2a: Corviknight|Corviknight, F|48\/100\n|-ability|p2a: Corviknight|Pressure\n|move|p1a: Volcarona|Flamethrower|p2a: Corviknight\n|-supereffective|p2a: Corviknight\n|-damage|p2a: Corviknight|0 fnt\n|faint|p2a: Corviknight\n|\n|upkeep\n|\n|t:|1699269257\n|switch|p2a: Gastrodon|Gastrodon, F|8\/100 tox\n|turn|25\n|\n|t:|1699269260\n|move|p1a: Volcarona|Tera Blast|p2a: Gastrodon|[anim] Tera Blast Fairy\n|-damage|p2a: Gastrodon|0 fnt\n|faint|p2a: Gastrodon\n|\n|upkeep\n|\n|t:|1699269264\n|switch|p2a: Chandelure|Chandelure, M|17\/100\n|turn|26\n|\n|t:|1699269266\n|move|p1a: Volcarona|Tera Blast|p2a: Chandelure|[anim] Tera Blast Fairy\n|-resisted|p2a: Chandelure\n|-damage|p2a: Chandelure|0 fnt\n|faint|p2a: Chandelure\n|\n|win|Techvast\n|raw|Techvast's rating: 1225 &rarr; <strong>1245<\/strong><br \/>(+20 for winning)\n|raw|Chacharealsmoove's rating: 1150 &rarr; <strong>1130<\/strong><br \/>(-20 for losing)\n","uploadtime":1699269278,"views":15,"p1id":"techvast","p2id":"chacharealsmoove","formatid":"gen9nationaldexubers","rating":1130,"private":0,"password":""}