{"id":"gen9nationaldexubers-1996812525","p1":"Z4d_Th3_0wl","p2":"C0ld as Ice","format":"[Gen 9] National Dex Ubers","log":"|j|\u2606Z4d_Th3_0wl\n|j|\u2606C0ld as Ice\n|t:|1700729385\n|gametype|singles\n|player|p1|Z4d_Th3_0wl|cynthia-gen7|1478\n|player|p2|C0ld as Ice|supernerd|1750\n|teamsize|p1|6\n|teamsize|p2|6\n|gen|9\n|tier|[Gen 9] National Dex Ubers\n|rated|\n|rule|HP Percentage Mod: HP is shown in percentages\n|rule|Endless Battle Clause: Forcing endless battles is banned\n|rule|OHKO Clause: OHKO moves are banned\n|rule|Evasion Moves Clause: Evasion moves are banned\n|rule|Evasion Items Clause: Evasion items are banned\n|rule|Species Clause: Limit one of each Pok\u00e9mon\n|rule|Sleep Clause Mod: Limit one foe put to sleep\n|rule|Mega Rayquaza Clause: You cannot mega evolve Rayquaza\n|clearpoke\n|poke|p1|Sableye, M|\n|poke|p1|Zygarde|\n|poke|p1|Ho-Oh|\n|poke|p1|Blissey, F|\n|poke|p1|Giratina-Origin|\n|poke|p1|Toxapex, F|\n|poke|p2|Smeargle, M|\n|poke|p2|Yveltal|\n|poke|p2|Arceus|\n|poke|p2|Marshadow|\n|poke|p2|Lucario, F|\n|poke|p2|Eternatus|\n|teampreview\n|inactive|Battle timer is ON: inactive players will automatically lose when time's up. (requested by C0ld as Ice)\n|\n|t:|1700729414\n|start\n|switch|p1a: Sableye|Sableye, M|100\/100\n|switch|p2a: Smeargle|Smeargle, M|100\/100\n|turn|1\n|\n|t:|1700729419\n|detailschange|p1a: Sableye|Sableye-Mega, M\n|-mega|p1a: Sableye|Sableye|Sablenite\n|move|p2a: Smeargle|Nuzzle|p1a: Sableye\n|-damage|p1a: Sableye|99\/100\n|-status|p1a: Sableye|par\n|move|p1a: Sableye|Toxic|p2a: Smeargle\n|-status|p2a: Smeargle|tox\n|\n|-damage|p2a: Smeargle|94\/100 tox|[from] psn\n|upkeep\n|turn|2\n|\n|t:|1700729430\n|move|p1a: Sableye|Protect|p1a: Sableye\n|-singleturn|p1a: Sableye|Protect\n|move|p2a: Smeargle|Nuzzle|p1a: Sableye\n|-activate|p1a: Sableye|move: Protect\n|\n|-damage|p2a: Smeargle|82\/100 tox|[from] psn\n|upkeep\n|turn|3\n|\n|t:|1700729439\n|move|p1a: Sableye|Protect|p1a: Sableye\n|-singleturn|p1a: Sableye|Protect\n|move|p2a: Smeargle|Nuzzle|p1a: Sableye\n|-activate|p1a: Sableye|move: Protect\n|\n|-damage|p2a: Smeargle|64\/100 tox|[from] psn\n|upkeep\n|turn|4\n|\n|t:|1700729445\n|move|p2a: Smeargle|Nuzzle|p1a: Sableye\n|-damage|p1a: Sableye|97\/100 par\n|cant|p1a: Sableye|par\n|\n|-damage|p2a: Smeargle|40\/100 tox|[from] psn\n|upkeep\n|turn|5\n|\n|t:|1700729450\n|switch|p2a: Eternatus|Eternatus|100\/100\n|-ability|p2a: Eternatus|Pressure\n|move|p1a: Sableye|Toxic|p2a: Eternatus\n|-immune|p2a: Eternatus\n|\n|upkeep\n|turn|6\n|\n|t:|1700729464\n|switch|p1a: Blissey|Blissey, F|100\/100\n|move|p2a: Eternatus|Dynamax Cannon|p1a: Blissey\n|-damage|p1a: Blissey|80\/100\n|\n|-heal|p1a: Blissey|86\/100|[from] item: Leftovers\n|upkeep\n|turn|7\n|\n|t:|1700729469\n|switch|p2a: Lucario|Lucario, F|100\/100\n|move|p1a: Blissey|Stealth Rock|p2a: Lucario\n|-sidestart|p2: C0ld as Ice|move: Stealth Rock\n|\n|-heal|p1a: Blissey|93\/100|[from] item: Leftovers\n|upkeep\n|turn|8\n|\n|t:|1700729481\n|switch|p2a: Smeargle|Smeargle, M|40\/100 tox\n|-damage|p2a: Smeargle|27\/100 tox|[from] Stealth Rock\n|switch|p1a: Sableye|Sableye-Mega, M|97\/100 par\n|\n|-damage|p2a: Smeargle|21\/100 tox|[from] psn\n|upkeep\n|turn|9\n|\n|t:|1700729486\n|move|p1a: Sableye|Protect|p1a: Sableye\n|-singleturn|p1a: Sableye|Protect\n|move|p2a: Smeargle|Nuzzle|p1a: Sableye\n|-activate|p1a: Sableye|move: Protect\n|\n|-damage|p2a: Smeargle|9\/100 tox|[from] psn\n|upkeep\n|turn|10\n|\n|t:|1700729492\n|move|p2a: Smeargle|Mortal Spin|p1a: Sableye\n|-resisted|p1a: Sableye\n|-damage|p1a: Sableye|96\/100 par\n|-sideend|p2: C0ld as Ice|Stealth Rock|[from] move: Mortal Spin|[of] p2a: Smeargle\n|move|p1a: Sableye|Will-O-Wisp|p2a: Smeargle|[miss]\n|-miss|p1a: Sableye|p2a: Smeargle\n|\n|-damage|p2a: Smeargle|0 fnt|[from] psn\n|faint|p2a: Smeargle\n|upkeep\n|\n|t:|1700729506\n|switch|p2a: Eternatus|Eternatus|100\/100\n|-ability|p2a: Eternatus|Pressure\n|turn|11\n|\n|t:|1700729514\n|switch|p2a: Marshadow|Marshadow|100\/100\n|switch|p1a: Blissey|Blissey, F|93\/100\n|\n|-heal|p1a: Blissey|99\/100|[from] item: Leftovers\n|upkeep\n|turn|12\n|\n|t:|1700729526\n|switch|p1a: Sableye|Sableye-Mega, M|96\/100 par\n|move|p2a: Marshadow|Poltergeist|p1a: Sableye\n|-activate|p1a: Sableye|move: Poltergeist|Sablenite\n|-damage|p1a: Sableye|18\/100 par\n|-damage|p2a: Marshadow|91\/100|[from] item: Life Orb\n|\n|upkeep\n|turn|13\n|\n|t:|1700729538\n|move|p2a: Marshadow|Poltergeist|p1a: Sableye\n|-activate|p1a: Sableye|move: Poltergeist|Sablenite\n|-damage|p1a: Sableye|0 fnt\n|faint|p1a: Sableye\n|-damage|p2a: Marshadow|81\/100|[from] item: Life Orb\n|\n|upkeep\n|\n|t:|1700729551\n|switch|p1a: Blissey|Blissey, F|99\/100\n|turn|14\n|\n|t:|1700729555\n|move|p2a: Marshadow|Close Combat|p1a: Blissey\n|-supereffective|p1a: Blissey\n|-damage|p1a: Blissey|0 fnt\n|-unboost|p2a: Marshadow|def|1\n|-unboost|p2a: Marshadow|spd|1\n|faint|p1a: Blissey\n|-damage|p2a: Marshadow|71\/100|[from] item: Life Orb\n|\n|upkeep\n|\n|t:|1700729566\n|switch|p1a: Toxapex|Toxapex, F|100\/100\n|turn|15\n|\n|t:|1700729569\n|move|p2a: Marshadow|Poltergeist|p1a: Toxapex|[miss]\n|-miss|p2a: Marshadow|p1a: Toxapex\n|move|p1a: Toxapex|Toxic|p2a: Marshadow\n|-status|p2a: Marshadow|tox\n|\n|-damage|p2a: Marshadow|64\/100 tox|[from] psn\n|upkeep\n|turn|16\n|\n|t:|1700729575\n|move|p1a: Toxapex|Baneful Bunker|p1a: Toxapex\n|-singleturn|p1a: Toxapex|move: Protect\n|move|p2a: Marshadow|Bulk Up|p2a: Marshadow\n|-boost|p2a: Marshadow|atk|1\n|-boost|p2a: Marshadow|def|1\n|\n|-damage|p2a: Marshadow|52\/100 tox|[from] psn\n|upkeep\n|turn|17\n|\n|t:|1700729580\n|-terastallize|p2a: Marshadow|Ghost\n|move|p2a: Marshadow|Poltergeist|p1a: Toxapex\n|-activate|p1a: Toxapex|move: Poltergeist|Black Sludge\n|-damage|p1a: Toxapex|3\/100\n|-damage|p2a: Marshadow|42\/100 tox|[from] item: Life Orb\n|move|p1a: Toxapex|Knock Off|p2a: Marshadow\n|-supereffective|p2a: Marshadow\n|-damage|p2a: Marshadow|5\/100 tox\n|-enditem|p2a: Marshadow|Life Orb|[from] move: Knock Off|[of] p1a: Toxapex\n|\n|-heal|p1a: Toxapex|9\/100|[from] item: Black Sludge\n|-damage|p2a: Marshadow|0 fnt|[from] psn\n|faint|p2a: Marshadow\n|upkeep\n|\n|t:|1700729594\n|switch|p2a: Eternatus|Eternatus|100\/100\n|-ability|p2a: Eternatus|Pressure\n|turn|18\n|\n|t:|1700729602\n|move|p2a: Eternatus|Dynamax Cannon|p1a: Toxapex\n|-damage|p1a: Toxapex|0 fnt\n|faint|p1a: Toxapex\n|\n|upkeep\n|\n|t:|1700729604\n|switch|p1a: Giratina|Giratina-Origin|100\/100\n|turn|19\n|\n|t:|1700729607\n|-terastallize|p1a: Giratina|Ghost\n|move|p2a: Eternatus|Dynamax Cannon|p1a: Giratina\n|-damage|p1a: Giratina|72\/100\n|move|p1a: Giratina|Draco Meteor|p2a: Eternatus\n|-supereffective|p2a: Eternatus\n|-damage|p2a: Eternatus|0 fnt\n|-unboost|p1a: Giratina|spa|2\n|faint|p2a: Eternatus\n|\n|upkeep\n|\n|t:|1700729611\n|switch|p2a: Yveltal|Yveltal, shiny|100\/100\n|-ability|p2a: Yveltal|Dark Aura\n|turn|20\n|\n|t:|1700729619\n|switch|p1a: Ho-Oh|Ho-Oh|100\/100\n|move|p2a: Yveltal|Dark Pulse|p1a: Ho-Oh\n|-damage|p1a: Ho-Oh|67\/100\n|-damage|p2a: Yveltal|91\/100|[from] item: Life Orb\n|\n|upkeep\n|turn|21\n|\n|t:|1700729627\n|move|p2a: Yveltal|Dark Pulse|p1a: Ho-Oh\n|-damage|p1a: Ho-Oh|32\/100\n|-damage|p2a: Yveltal|81\/100|[from] item: Life Orb\n|cant|p1a: Ho-Oh|flinch\n|\n|upkeep\n|turn|22\n|\n|t:|1700729635\n|move|p2a: Yveltal|Dark Pulse|p1a: Ho-Oh\n|-damage|p1a: Ho-Oh|0 fnt\n|faint|p1a: Ho-Oh\n|-damage|p2a: Yveltal|71\/100|[from] item: Life Orb\n|\n|upkeep\n|\n|t:|1700729638\n|switch|p1a: Zygarde|Zygarde|100\/100\n|turn|23\n|\n|t:|1700729641\n|move|p2a: Yveltal|Taunt|p1a: Zygarde\n|-start|p1a: Zygarde|move: Taunt\n|cant|p1a: Zygarde|move: Taunt|Coil\n|\n|upkeep\n|turn|24\n|\n|t:|1700729645\n|move|p2a: Yveltal|Oblivion Wing|p1a: Zygarde\n|-damage|p1a: Zygarde|50\/100\n|-heal|p2a: Yveltal|100\/100|[from] drain|[of] p1a: Zygarde\n|-damage|p2a: Yveltal|91\/100|[from] item: Life Orb\n|move|p1a: Zygarde|Thousand Arrows|p2a: Yveltal\n|-damage|p2a: Yveltal|49\/100\n|-start|p2a: Yveltal|Smack Down\n|\n|-heal|p1a: Zygarde|56\/100|[from] item: Leftovers\n|upkeep\n|turn|25\n|\n|t:|1700729655\n|move|p2a: Yveltal|Dark Pulse|p1a: Zygarde\n|-damage|p1a: Zygarde|0 fnt\n|faint|p1a: Zygarde\n|-damage|p2a: Yveltal|39\/100|[from] item: Life Orb\n|\n|upkeep\n|\n|t:|1700729661\n|switch|p1a: Giratina|Giratina-Origin, tera:Ghost|72\/100\n|turn|26\n|\n|t:|1700729664\n|move|p2a: Yveltal|Dark Pulse|p1a: Giratina\n|-supereffective|p1a: Giratina\n|-damage|p1a: Giratina|0 fnt\n|faint|p1a: Giratina\n|-damage|p2a: Yveltal|30\/100|[from] item: Life Orb\n|\n|win|C0ld as Ice\n|raw|Z4d_Th3_0wl's rating: 1478 &rarr; <strong>1472<\/strong><br \/>(-6 for losing)\n|raw|C0ld as Ice's rating: 1767 &rarr; <strong>1773<\/strong><br \/>(+6 for winning)\n|l|\u2606Z4d_Th3_0wl\n","uploadtime":1700729853,"views":4,"p1id":"z4dth30wl","p2id":"c0ldasice","formatid":"gen9nationaldexubers","rating":1472,"private":0,"password":""}