{"id":"gen9nationaldexubers-1983268659","p1":"Gabriel PN","p2":"Bow2urKing","format":"[Gen 9] National Dex Ubers","log":"|j|\u2606Gabriel PN\n|j|\u2606Bow2urKing\n|t:|1699112430\n|gametype|singles\n|player|p1|Gabriel PN|n|1020\n|player|p2|Bow2urKing|ghetsis-gen5bw|1147\n|teamsize|p1|6\n|teamsize|p2|6\n|gen|9\n|tier|[Gen 9] National Dex Ubers\n|rated|\n|rule|HP Percentage Mod: HP is shown in percentages\n|rule|Endless Battle Clause: Forcing endless battles is banned\n|rule|OHKO Clause: OHKO moves are banned\n|rule|Evasion Moves Clause: Evasion moves are banned\n|rule|Evasion Items Clause: Evasion items are banned\n|rule|Species Clause: Limit one of each Pok\u00e9mon\n|rule|Sleep Clause Mod: Limit one foe put to sleep\n|rule|Mega Rayquaza Clause: You cannot mega evolve Rayquaza\n|clearpoke\n|poke|p1|Shaymin-Sky|\n|poke|p1|Lucario, M|\n|poke|p1|Gliscor, F|\n|poke|p1|Hatterene, F|\n|poke|p1|Garchomp, F|\n|poke|p1|Hitmonchan, M|\n|poke|p2|Slurpuff, M|\n|poke|p2|Marshadow|\n|poke|p2|Malamar, F|\n|poke|p2|Blissey, F|\n|poke|p2|Smeargle, F|\n|poke|p2|Cinderace, F|\n|teampreview\n|\n|t:|1699112445\n|start\n|switch|p1a: Garchomp|Garchomp, F|100\/100\n|switch|p2a: Marshadow|Marshadow|100\/100\n|turn|1\n|\n|t:|1699112457\n|move|p2a: Marshadow|Swagger|p1a: Garchomp\n|-boost|p1a: Garchomp|atk|2\n|-enditem|p2a: Marshadow|Mirror Herb\n|-boost|p2a: Marshadow|atk|2|[from] item: Mirror Herb\n|-start|p1a: Garchomp|confusion\n|-activate|p1a: Garchomp|confusion\n|move|p1a: Garchomp|Earthquake|p2a: Marshadow\n|-damage|p2a: Marshadow|0 fnt\n|faint|p2a: Marshadow\n|\n|upkeep\n|\n|t:|1699112468\n|switch|p2a: Smeargle|Smeargle, F|100\/100\n|turn|2\n|\n|t:|1699112473\n|move|p2a: Smeargle|Spore|p1a: Garchomp\n|-status|p1a: Garchomp|slp|[from] move: Spore\n|cant|p1a: Garchomp|slp\n|\n|upkeep\n|turn|3\n|\n|t:|1699112479\n|move|p2a: Smeargle|Sticky Web|p1a: Garchomp\n|-sidestart|p1: Gabriel PN|move: Sticky Web\n|cant|p1a: Garchomp|slp\n|\n|upkeep\n|turn|4\n|\n|t:|1699112486\n|move|p2a: Smeargle|Endeavor|p1a: Garchomp\n|-damage|p1a: Garchomp|81\/100 slp\n|cant|p1a: Garchomp|slp\n|\n|upkeep\n|turn|5\n|\n|t:|1699112504\n|switch|p2a: Slurpuff|Slurpuff, M, shiny|100\/100\n|-curestatus|p1a: Garchomp|slp|[msg]\n|-activate|p1a: Garchomp|confusion\n|move|p1a: Garchomp|Earthquake|p2a: Slurpuff\n|-damage|p2a: Slurpuff|0 fnt\n|faint|p2a: Slurpuff\n|\n|upkeep\n|\n|t:|1699112513\n|switch|p2a: Malamar|Malamar, F|100\/100\n|turn|6\n|\n|t:|1699112523\n|-end|p1a: Garchomp|confusion\n|move|p1a: Garchomp|Earthquake|p2a: Malamar\n|-damage|p2a: Malamar|0 fnt\n|faint|p2a: Malamar\n|\n|upkeep\n|\n|t:|1699112531\n|switch|p2a: Blissey|Blissey, F|100\/100\n|turn|7\n|\n|t:|1699112536\n|move|p1a: Garchomp|Earthquake|p2a: Blissey\n|-damage|p2a: Blissey|5\/100\n|move|p2a: Blissey|Trick|p1a: Garchomp\n|-activate|p2a: Blissey|move: Trick|[of] p1a: Garchomp\n|-item|p1a: Garchomp|Toxic Orb|[from] move: Trick\n|-item|p2a: Blissey|Focus Sash|[from] move: Trick\n|\n|-status|p1a: Garchomp|tox|[from] item: Toxic Orb\n|upkeep\n|turn|8\n|\n|t:|1699112546\n|move|p1a: Garchomp|Earthquake|p2a: Blissey\n|-damage|p2a: Blissey|0 fnt\n|faint|p2a: Blissey\n|\n|-damage|p1a: Garchomp|74\/100 tox|[from] psn\n|upkeep\n|\n|t:|1699112554\n|switch|p2a: Cinderace|Cinderace, F|100\/100\n|turn|9\n|\n|t:|1699112559\n|move|p2a: Cinderace|Will-O-Wisp||[still]\n|-fail|p2a: Cinderace\n|move|p1a: Garchomp|Earthquake|p2a: Cinderace\n|-supereffective|p2a: Cinderace\n|-damage|p2a: Cinderace|0 fnt\n|faint|p2a: Cinderace\n|\n|-damage|p1a: Garchomp|62\/100 tox|[from] psn\n|upkeep\n|\n|t:|1699112569\n|switch|p2a: Smeargle|Smeargle, F|100\/100\n|turn|10\n|\n|t:|1699112574\n|move|p2a: Smeargle|Endeavor|p1a: Garchomp\n|-immune|p1a: Garchomp\n|move|p1a: Garchomp|Earthquake|p2a: Smeargle\n|-enditem|p2a: Smeargle|Focus Sash\n|-damage|p2a: Smeargle|1\/100\n|\n|-damage|p1a: Garchomp|44\/100 tox|[from] psn\n|upkeep\n|turn|11\n|\n|t:|1699112585\n|move|p2a: Smeargle|Endeavor|p1a: Garchomp\n|-damage|p1a: Garchomp|1\/100 tox\n|move|p1a: Garchomp|Earthquake|p2a: Smeargle\n|-damage|p2a: Smeargle|0 fnt\n|faint|p2a: Smeargle\n|\n|win|Gabriel PN\n|raw|Gabriel PN's rating: 1020 &rarr; <strong>1070<\/strong><br \/>(+50 for winning)\n|raw|Bow2urKing's rating: 1147 &rarr; <strong>1113<\/strong><br \/>(-34 for losing)\n|l|\u2606Bow2urKing\n","uploadtime":1699112593,"views":14,"p1id":"gabrielpn","p2id":"bow2urking","formatid":"gen9nationaldexubers","rating":1070,"private":0,"password":""}