{"id":"gen9nationaldexubers-2000034961","p1":"Ncgyarados","p2":"Caverject","format":"[Gen 9] National Dex Ubers","log":"|j|\u2606Ncgyarados\n|j|\u2606Caverject\n|t:|1701143981\n|gametype|singles\n|player|p1|Ncgyarados|266|\n|player|p2|Caverject|silver|\n|teamsize|p1|6\n|teamsize|p2|6\n|gen|9\n|tier|[Gen 9] National Dex Ubers\n|rule|HP Percentage Mod: HP is shown in percentages\n|rule|Endless Battle Clause: Forcing endless battles is banned\n|rule|OHKO Clause: OHKO moves are banned\n|rule|Evasion Moves Clause: Evasion moves are banned\n|rule|Evasion Items Clause: Evasion items are banned\n|rule|Species Clause: Limit one of each Pok\u00e9mon\n|rule|Sleep Clause Mod: Limit one foe put to sleep\n|rule|Mega Rayquaza Clause: You cannot mega evolve Rayquaza\n|clearpoke\n|poke|p1|Togekiss, F|\n|poke|p1|Cloyster, M|\n|poke|p1|Magearna|\n|poke|p1|Rillaboom, F|\n|poke|p1|Medicham, F|\n|poke|p1|Hawlucha, F|\n|poke|p2|Blacephalon|\n|poke|p2|Gliscor, M|\n|poke|p2|Vikavolt, M|\n|poke|p2|Kyurem-Black|\n|poke|p2|Porygon2|\n|poke|p2|Muk-Alola, M|\n|teampreview\n|l|\u2606Ncgyarados\n|player|p1|\n|j|\u2606Ncgyarados\n|player|p1|Ncgyarados|266\n|\n|t:|1701144012\n|start\n|switch|p1a: Cloyster|Cloyster, M|100\/100\n|switch|p2a: Vikavolt|Vikavolt, M, shiny|100\/100\n|turn|1\n|c|\u2606Caverject|Thank you for sharing the link so we don\u2019t get in trouble\n|\n|t:|1701144026\n|move|p1a: Cloyster|Shell Smash|p1a: Cloyster\n|-unboost|p1a: Cloyster|def|1\n|-unboost|p1a: Cloyster|spd|1\n|-boost|p1a: Cloyster|atk|2\n|-boost|p1a: Cloyster|spa|2\n|-boost|p1a: Cloyster|spe|2\n|-enditem|p1a: Cloyster|White Herb\n|-clearnegativeboost|p1a: Cloyster|[silent]\n|move|p2a: Vikavolt|Volt Switch|p1a: Cloyster\n|-supereffective|p1a: Cloyster\n|-damage|p1a: Cloyster|0 fnt\n|faint|p1a: Cloyster\n|\n|t:|1701144035\n|switch|p2a: Gliscor|Gliscor, M, shiny|100\/100|[from] Volt Switch\n|\n|-status|p2a: Gliscor|tox|[from] item: Toxic Orb\n|upkeep\n|\n|t:|1701144049\n|switch|p1a: Togekiss|Togekiss, F|100\/100\n|turn|2\n|\n|t:|1701144061\n|move|p1a: Togekiss|Air Slash|p2a: Gliscor\n|-damage|p2a: Gliscor|57\/100 tox\n|cant|p2a: Gliscor|flinch\n|\n|-heal|p2a: Gliscor|69\/100 tox|[from] ability: Poison Heal\n|upkeep\n|turn|3\n|\n|t:|1701144075\n|switch|p2a: Porygon2|Porygon2, shiny|100\/100\n|-ability|p2a: Porygon2|Serene Grace|[from] ability: Trace|[of] p1a: Togekiss\n|move|p1a: Togekiss|Air Slash|p2a: Porygon2\n|-damage|p2a: Porygon2|83\/100\n|\n|upkeep\n|turn|4\n|\n|t:|1701144085\n|move|p1a: Togekiss|Air Slash|p2a: Porygon2\n|-damage|p2a: Porygon2|67\/100\n|move|p2a: Porygon2|Discharge|p1a: Togekiss\n|-supereffective|p1a: Togekiss\n|-damage|p1a: Togekiss|66\/100\n|-status|p1a: Togekiss|par\n|\n|upkeep\n|turn|5\n|\n|t:|1701144097\n|move|p1a: Togekiss|Air Slash|p2a: Porygon2\n|-damage|p2a: Porygon2|51\/100\n|cant|p2a: Porygon2|flinch\n|\n|upkeep\n|turn|6\n|\n|t:|1701144108\n|move|p1a: Togekiss|Air Slash|p2a: Porygon2\n|-damage|p2a: Porygon2|34\/100\n|cant|p2a: Porygon2|flinch\n|\n|upkeep\n|turn|7\n|\n|t:|1701144118\n|move|p1a: Togekiss|Air Slash|p2a: Porygon2\n|-damage|p2a: Porygon2|18\/100\n|cant|p2a: Porygon2|flinch\n|\n|upkeep\n|turn|8\n|\n|t:|1701144123\n|move|p1a: Togekiss|Air Slash|p2a: Porygon2\n|-damage|p2a: Porygon2|0 fnt\n|faint|p2a: Porygon2\n|\n|upkeep\n|\n|t:|1701144146\n|switch|p2a: Blacephalon|Blacephalon, shiny|100\/100\n|turn|9\n|\n|t:|1701144154\n|move|p2a: Blacephalon|Fire Blast|p1a: Togekiss\n|-damage|p1a: Togekiss|2\/100 par\n|cant|p1a: Togekiss|par\n|\n|upkeep\n|turn|10\n|\n|t:|1701144164\n|move|p2a: Blacephalon|Fire Blast|p1a: Togekiss\n|-damage|p1a: Togekiss|0 fnt\n|faint|p1a: Togekiss\n|-ability|p2a: Blacephalon|Beast Boost|boost\n|-boost|p2a: Blacephalon|spa|1\n|\n|upkeep\n|\n|t:|1701144177\n|switch|p1a: Rillaboom|Rillaboom, F|100\/100\n|-fieldstart|move: Grassy Terrain|[from] ability: Grassy Surge|[of] p1a: Rillaboom\n|-enditem|p1a: Rillaboom|Grassy Seed\n|-boost|p1a: Rillaboom|def|1|[from] item: Grassy Seed\n|turn|11\n|\n|t:|1701144184\n|move|p2a: Blacephalon|Fire Blast|p1a: Rillaboom\n|-supereffective|p1a: Rillaboom\n|-damage|p1a: Rillaboom|0 fnt\n|faint|p1a: Rillaboom\n|-ability|p2a: Blacephalon|Beast Boost|boost\n|-boost|p2a: Blacephalon|spa|1\n|\n|upkeep\n|\n|t:|1701144194\n|switch|p1a: Medicham|Medicham, F|100\/100\n|turn|12\n|\n|t:|1701144204\n|detailschange|p1a: Medicham|Medicham-Mega, F\n|-mega|p1a: Medicham|Medicham|Medichamite\n|move|p2a: Blacephalon|Fire Blast|p1a: Medicham\n|-damage|p1a: Medicham|0 fnt\n|faint|p1a: Medicham\n|-ability|p2a: Blacephalon|Beast Boost|boost\n|-boost|p2a: Blacephalon|spa|1\n|\n|upkeep\n|\n|t:|1701144219\n|switch|p1a: Magearna|Magearna|100\/100\n|turn|13\n|\n|t:|1701144226\n|move|p2a: Blacephalon|Fire Blast|p1a: Magearna\n|-supereffective|p1a: Magearna\n|-damage|p1a: Magearna|0 fnt\n|faint|p1a: Magearna\n|-ability|p2a: Blacephalon|Beast Boost|boost\n|-boost|p2a: Blacephalon|spa|1\n|\n|upkeep\n|\n|t:|1701144233\n|switch|p1a: Hawlucha|Hawlucha, F|100\/100\n|-enditem|p1a: Hawlucha|Grassy Seed\n|-boost|p1a: Hawlucha|def|1|[from] item: Grassy Seed\n|turn|14\n|\n|t:|1701144242\n|move|p1a: Hawlucha|Stone Edge|p2a: Blacephalon|[miss]\n|-miss|p1a: Hawlucha|p2a: Blacephalon\n|move|p2a: Blacephalon|Fire Blast|p1a: Hawlucha\n|-damage|p1a: Hawlucha|0 fnt\n|faint|p1a: Hawlucha\n|\n|win|Caverject\n|c|\u2606Caverject|Gg\n","uploadtime":1701144258,"views":20,"p1id":"ncgyarados","p2id":"caverject","formatid":"gen9nationaldexubers","rating":0,"private":0,"password":""}