{"id":"gen9nationaldexubers-1978606470","p1":"Riyan0613","p2":"weylone-_-","format":"[Gen 9] National Dex Ubers","log":"|j|\u2606Riyan0613\n|j|\u2606weylone-_-\n|t:|1698565386\n|gametype|singles\n|player|p1|Riyan0613|170|1374\n|player|p2|weylone-_-|2|1215\n|teamsize|p1|6\n|teamsize|p2|6\n|gen|9\n|tier|[Gen 9] National Dex Ubers\n|rated|\n|rule|HP Percentage Mod: HP is shown in percentages\n|rule|Endless Battle Clause: Forcing endless battles is banned\n|rule|OHKO Clause: OHKO moves are banned\n|rule|Evasion Moves Clause: Evasion moves are banned\n|rule|Evasion Items Clause: Evasion items are banned\n|rule|Species Clause: Limit one of each Pok\u00e9mon\n|rule|Sleep Clause Mod: Limit one foe put to sleep\n|rule|Mega Rayquaza Clause: You cannot mega evolve Rayquaza\n|clearpoke\n|poke|p1|Sableye, M|\n|poke|p1|Zygarde|\n|poke|p1|Arceus-Fairy|\n|poke|p1|Yveltal|\n|poke|p1|Ho-Oh|\n|poke|p1|Chansey, F|\n|poke|p2|Dragapult, M|\n|poke|p2|Landorus-Therian, M|\n|poke|p2|Espeon, M|\n|poke|p2|Toxapex, M|\n|poke|p2|Gholdengo|\n|poke|p2|Shaymin-Sky|\n|teampreview\n|inactive|Battle timer is ON: inactive players will automatically lose when time's up. (requested by Riyan0613)\n|c|\u2606Riyan0613|Good luck have fun\n|inactive|weylone-_- has 120 seconds left.\n|\n|t:|1698565422\n|start\n|switch|p1a: Sableye|Sableye, M|100\/100\n|switch|p2a: Landorus|Landorus-Therian, M|100\/100\n|-ability|p2a: Landorus|Intimidate|boost\n|-unboost|p1a: Sableye|atk|1\n|turn|1\n|\n|t:|1698565430\n|detailschange|p1a: Sableye|Sableye-Mega, M\n|-mega|p1a: Sableye|Sableye|Sablenite\n|move|p2a: Landorus|U-turn|p1a: Sableye\n|-damage|p1a: Sableye|78\/100\n|\n|t:|1698565449\n|switch|p2a: Toxapex|Toxapex, M, shiny|100\/100|[from] U-turn\n|move|p1a: Sableye|Will-O-Wisp|p2a: Toxapex\n|-status|p2a: Toxapex|brn\n|\n|-damage|p2a: Toxapex|94\/100 brn|[from] brn\n|upkeep\n|turn|2\n|\n|t:|1698565463\n|switch|p1a: Zygarde|Zygarde|100\/100\n|move|p2a: Toxapex|Chilling Water|p1a: Zygarde\n|-damage|p1a: Zygarde|92\/100\n|-unboost|p1a: Zygarde|atk|1\n|\n|-heal|p1a: Zygarde|98\/100|[from] item: Leftovers\n|-heal|p2a: Toxapex|100\/100 brn|[from] item: Leftovers\n|-damage|p2a: Toxapex|94\/100 brn|[from] brn\n|upkeep\n|turn|3\n|\n|t:|1698565477\n|move|p1a: Zygarde|Thousand Arrows|p2a: Toxapex\n|-supereffective|p2a: Toxapex\n|-damage|p2a: Toxapex|60\/100 brn\n|move|p2a: Toxapex|Toxic Spikes|p1a: Zygarde\n|-sidestart|p1: Riyan0613|move: Toxic Spikes\n|\n|-heal|p1a: Zygarde|100\/100|[from] item: Leftovers\n|-heal|p2a: Toxapex|66\/100 brn|[from] item: Leftovers\n|-damage|p2a: Toxapex|60\/100 brn|[from] brn\n|upkeep\n|turn|4\n|\n|t:|1698565497\n|move|p1a: Zygarde|Coil|p1a: Zygarde\n|-boost|p1a: Zygarde|atk|1\n|-boost|p1a: Zygarde|def|1\n|-boost|p1a: Zygarde|accuracy|1\n|move|p2a: Toxapex|Chilling Water|p1a: Zygarde\n|-damage|p1a: Zygarde|91\/100\n|-unboost|p1a: Zygarde|atk|1\n|\n|-heal|p1a: Zygarde|97\/100|[from] item: Leftovers\n|-heal|p2a: Toxapex|66\/100 brn|[from] item: Leftovers\n|-damage|p2a: Toxapex|60\/100 brn|[from] brn\n|upkeep\n|turn|5\n|\n|t:|1698565511\n|move|p1a: Zygarde|Thousand Arrows|p2a: Toxapex\n|-supereffective|p2a: Toxapex\n|-damage|p2a: Toxapex|23\/100 brn\n|move|p2a: Toxapex|Toxic Spikes|p1a: Zygarde\n|-sidestart|p1: Riyan0613|move: Toxic Spikes\n|\n|-heal|p1a: Zygarde|100\/100|[from] item: Leftovers\n|-heal|p2a: Toxapex|29\/100 brn|[from] item: Leftovers\n|-damage|p2a: Toxapex|23\/100 brn|[from] brn\n|upkeep\n|turn|6\n|\n|t:|1698565539\n|move|p1a: Zygarde|Thousand Arrows|p2a: Toxapex\n|-supereffective|p2a: Toxapex\n|-damage|p2a: Toxapex|0 fnt\n|faint|p2a: Toxapex\n|\n|upkeep\n|\n|t:|1698565548\n|switch|p2a: Shaymin|Shaymin-Sky|100\/100\n|turn|7\n|\n|t:|1698565558\n|switch|p1a: Ho-Oh|Ho-Oh|100\/100\n|-terastallize|p2a: Shaymin|Flying\n|move|p2a: Shaymin|Air Slash|p1a: Ho-Oh\n|-damage|p1a: Ho-Oh|51\/100\n|\n|upkeep\n|turn|8\n|\n|t:|1698565568\n|move|p2a: Shaymin|Air Slash|p1a: Ho-Oh\n|-damage|p1a: Ho-Oh|4\/100\n|cant|p1a: Ho-Oh|flinch\n|\n|upkeep\n|turn|9\n|\n|t:|1698565577\n|move|p2a: Shaymin|Air Slash|p1a: Ho-Oh\n|-damage|p1a: Ho-Oh|0 fnt\n|faint|p1a: Ho-Oh\n|\n|upkeep\n|\n|t:|1698565582\n|switch|p1a: Yveltal|Yveltal|100\/100\n|-ability|p1a: Yveltal|Dark Aura\n|turn|10\n|\n|t:|1698565587\n|move|p2a: Shaymin|Air Slash|p1a: Yveltal\n|-damage|p1a: Yveltal|43\/100\n|move|p1a: Yveltal|Defog|p2a: Shaymin\n|-unboost|p2a: Shaymin|evasion|1\n|-sideend|p1: Riyan0613|Toxic Spikes|[from] move: Defog|[of] p1a: Yveltal\n|\n|-heal|p1a: Yveltal|50\/100|[from] item: Leftovers\n|upkeep\n|turn|11\n|\n|t:|1698565600\n|switch|p1a: Chansey|Chansey, F|100\/100\n|move|p2a: Shaymin|Air Slash|p1a: Chansey\n|-damage|p1a: Chansey|81\/100\n|\n|upkeep\n|turn|12\n|\n|t:|1698565607\n|move|p2a: Shaymin|Air Slash|p1a: Chansey\n|-damage|p1a: Chansey|59\/100\n|cant|p1a: Chansey|flinch\n|\n|upkeep\n|turn|13\n|\n|t:|1698565614\n|move|p2a: Shaymin|Air Slash|p1a: Chansey\n|-damage|p1a: Chansey|39\/100\n|cant|p1a: Chansey|flinch\n|\n|upkeep\n|turn|14\n|\n|t:|1698565621\n|move|p2a: Shaymin|Air Slash|p1a: Chansey\n|-damage|p1a: Chansey|20\/100\n|cant|p1a: Chansey|flinch\n|\n|upkeep\n|turn|15\n|\n|t:|1698565627\n|move|p2a: Shaymin|Air Slash|p1a: Chansey\n|-damage|p1a: Chansey|1\/100\n|cant|p1a: Chansey|flinch\n|\n|upkeep\n|turn|16\n|\n|t:|1698565634\n|move|p2a: Shaymin|Air Slash|p1a: Chansey\n|-damage|p1a: Chansey|0 fnt\n|faint|p1a: Chansey\n|\n|upkeep\n|\n|t:|1698565639\n|switch|p1a: Arceus|Arceus-Fairy|100\/100\n|turn|17\n|\n|t:|1698565654\n|move|p2a: Shaymin|Air Slash|p1a: Arceus\n|-damage|p1a: Arceus|50\/100\n|cant|p1a: Arceus|flinch\n|\n|upkeep\n|turn|18\n|\n|t:|1698565661\n|move|p2a: Shaymin|Air Slash|p1a: Arceus\n|-damage|p1a: Arceus|1\/100\n|cant|p1a: Arceus|flinch\n|\n|upkeep\n|turn|19\n|c|\u2606Riyan0613|\ud83d\udc80\n|\n|t:|1698565670\n|move|p2a: Shaymin|Air Slash|p1a: Arceus\n|-damage|p1a: Arceus|0 fnt\n|faint|p1a: Arceus\n|\n|upkeep\n|\n|t:|1698565676\n|switch|p1a: Yveltal|Yveltal|50\/100\n|-ability|p1a: Yveltal|Dark Aura\n|turn|20\n|\n|t:|1698565703\n|move|p1a: Yveltal|Sucker Punch|p2a: Shaymin\n|-damage|p2a: Shaymin|51\/100\n|move|p2a: Shaymin|Air Slash|p1a: Yveltal\n|-damage|p1a: Yveltal|0 fnt\n|faint|p1a: Yveltal\n|\n|upkeep\n|\n|t:|1698565711\n|switch|p1a: Sableye|Sableye-Mega, M|78\/100\n|turn|21\n|\n|t:|1698565716\n|move|p2a: Shaymin|Air Slash|p1a: Sableye\n|-damage|p1a: Sableye|25\/100\n|move|p1a: Sableye|Foul Play|p2a: Shaymin\n|-damage|p2a: Shaymin|17\/100\n|\n|upkeep\n|turn|22\n|\n|t:|1698565723\n|move|p1a: Sableye|Protect|p1a: Sableye\n|-singleturn|p1a: Sableye|Protect\n|move|p2a: Shaymin|Air Slash|p1a: Sableye\n|-activate|p1a: Sableye|move: Protect\n|\n|upkeep\n|turn|23\n|\n|t:|1698565730\n|move|p2a: Shaymin|Air Slash|p1a: Sableye\n|-damage|p1a: Sableye|0 fnt\n|faint|p1a: Sableye\n|\n|upkeep\n|\n|t:|1698565736\n|switch|p1a: Zygarde|Zygarde|100\/100\n|turn|24\n|\n|t:|1698565740\n|move|p2a: Shaymin|Air Slash|p1a: Zygarde\n|-damage|p1a: Zygarde|35\/100\n|cant|p1a: Zygarde|flinch\n|\n|-heal|p1a: Zygarde|41\/100|[from] item: Leftovers\n|-activate|p1a: Zygarde|ability: Power Construct\n|detailschange|p1a: Zygarde|Zygarde-Complete\n|-heal|p1a: Zygarde|61\/100|[silent]\n|upkeep\n|turn|25\n|\n|t:|1698565752\n|move|p2a: Shaymin|Air Slash|p1a: Zygarde\n|-damage|p1a: Zygarde|20\/100\n|cant|p1a: Zygarde|flinch\n|\n|-heal|p1a: Zygarde|26\/100|[from] item: Leftovers\n|upkeep\n|turn|26\n|\n|t:|1698565763\n|move|p2a: Shaymin|Air Slash|p1a: Zygarde\n|-damage|p1a: Zygarde|0 fnt\n|faint|p1a: Zygarde\n|\n|win|weylone-_-\n|raw|Riyan0613's rating: 1374 &rarr; <strong>1345<\/strong><br \/>(-29 for losing)\n|raw|weylone-_-'s rating: 1215 &rarr; <strong>1251<\/strong><br \/>(+36 for winning)\n","uploadtime":1698565781,"views":11,"p1id":"riyan0613","p2id":"weylone","formatid":"gen9nationaldexubers","rating":1251,"private":0,"password":""}