{"id":"gen9nationaldexubers-1998790629","p1":"Matthias95","p2":"sandwich300","format":"[Gen 9] National Dex Ubers","log":"|j|\u2606Matthias95\n|j|\u2606sandwich300\n|t:|1700991534\n|gametype|singles\n|player|p1|Matthias95|benga|1029\n|player|p2|sandwich300|teamrocket|1020\n|teamsize|p1|6\n|teamsize|p2|6\n|gen|9\n|tier|[Gen 9] National Dex Ubers\n|rated|\n|rule|HP Percentage Mod: HP is shown in percentages\n|rule|Endless Battle Clause: Forcing endless battles is banned\n|rule|OHKO Clause: OHKO moves are banned\n|rule|Evasion Moves Clause: Evasion moves are banned\n|rule|Evasion Items Clause: Evasion items are banned\n|rule|Species Clause: Limit one of each Pok\u00e9mon\n|rule|Sleep Clause Mod: Limit one foe put to sleep\n|rule|Mega Rayquaza Clause: You cannot mega evolve Rayquaza\n|clearpoke\n|poke|p1|Zoroark-Hisui, F|\n|poke|p1|Iron Valiant|\n|poke|p1|Clodsire, M|\n|poke|p1|Roaring Moon|\n|poke|p1|Skeledirge, F|\n|poke|p1|Walking Wake|\n|poke|p2|Talonflame, M|\n|poke|p2|Pikachu, F|\n|poke|p2|Breloom, F|\n|poke|p2|Houndstone, F|\n|poke|p2|Moltres-Galar|\n|poke|p2|Zygarde|\n|teampreview\n|inactive|Battle timer is ON: inactive players will automatically lose when time's up. (requested by sandwich300)\n|\n|t:|1700991551\n|start\n|switch|p1a: Clodsire|Clodsire, M|100\/100\n|switch|p2a: Talonflame|Talonflame, M|100\/100\n|turn|1\n|\n|t:|1700991571\n|switch|p1a: Walking Wake|Walking Wake|100\/100\n|move|p2a: Talonflame|Steel Wing|p1a: Walking Wake\n|-resisted|p1a: Walking Wake\n|-damage|p1a: Walking Wake|90\/100\n|\n|upkeep\n|turn|2\n|\n|t:|1700991583\n|switch|p2a: Pikachu|Pikachu, F|100\/100\n|-item|p2a: Pikachu|Air Balloon\n|-zpower|p1a: Walking Wake\n|move|p1a: Walking Wake|Hydro Vortex|p2a: Pikachu|[zeffect]\n|-damage|p2a: Pikachu|0 fnt\n|-enditem|p2a: Pikachu|Air Balloon\n|faint|p2a: Pikachu\n|\n|upkeep\n|\n|t:|1700991595\n|switch|p2a: Breloom|Breloom, F|100\/100\n|turn|3\n|\n|t:|1700991598\n|move|p1a: Walking Wake|Flamethrower|p2a: Breloom\n|-supereffective|p2a: Breloom\n|-damage|p2a: Breloom|3\/100\n|move|p2a: Breloom|Leech Seed|p1a: Walking Wake\n|-start|p1a: Walking Wake|move: Leech Seed\n|\n|-heal|p2a: Breloom|9\/100|[from] item: Leftovers\n|-damage|p1a: Walking Wake|78\/100|[from] Leech Seed|[of] p2a: Breloom\n|-heal|p2a: Breloom|22\/100|[silent]\n|upkeep\n|turn|4\n|\n|t:|1700991613\n|move|p1a: Walking Wake|Flamethrower|p2a: Breloom\n|-supereffective|p2a: Breloom\n|-damage|p2a: Breloom|0 fnt\n|faint|p2a: Breloom\n|\n|upkeep\n|\n|t:|1700991621\n|switch|p2a: Moltres-Kanto|Moltres-Galar, shiny|100\/100\n|turn|5\n|\n|t:|1700991640\n|-end|p1a: Walking Wake|Protosynthesis|[silent]\n|switch|p1a: Iron Valiant|Iron Valiant|100\/100\n|move|p2a: Moltres-Kanto|Dark Pulse|p1a: Iron Valiant\n|-resisted|p1a: Iron Valiant\n|-damage|p1a: Iron Valiant|84\/100\n|\n|upkeep\n|turn|6\n|\n|t:|1700991656\n|switch|p2a: Talonflame|Talonflame, M|100\/100\n|-terastallize|p1a: Iron Valiant|Electric\n|move|p1a: Iron Valiant|Thunderbolt|p2a: Talonflame\n|-supereffective|p2a: Talonflame\n|-damage|p2a: Talonflame|0 fnt\n|faint|p2a: Talonflame\n|\n|upkeep\n|\n|t:|1700991667\n|switch|p2a: Zygarde|Zygarde|100\/100\n|-ability|p2a: Zygarde|Aura Break\n|turn|7\n|\n|t:|1700991673\n|-end|p1a: Iron Valiant|Quark Drive|[silent]\n|switch|p1a: Clodsire|Clodsire, M|100\/100\n|move|p2a: Zygarde|Thousand Arrows|p1a: Clodsire\n|-damage|p1a: Clodsire|32\/100\n|replace|p1a: Zoroark|Zoroark-Hisui, F\n|-end|p1a: Zoroark|Illusion\n|\n|upkeep\n|turn|8\n|\n|t:|1700991684\n|switch|p1a: Roaring Moon|Roaring Moon|100\/100\n|move|p2a: Zygarde|Superpower|p1a: Roaring Moon\n|-supereffective|p1a: Roaring Moon\n|-crit|p1a: Roaring Moon\n|-damage|p1a: Roaring Moon|0 fnt\n|-unboost|p2a: Zygarde|atk|1\n|-unboost|p2a: Zygarde|def|1\n|faint|p1a: Roaring Moon\n|-end|p1a: Roaring Moon|Protosynthesis|[silent]\n|\n|upkeep\n|\n|t:|1700991698\n|switch|p1a: Clodsire|Clodsire, M|32\/100\n|turn|9\n|\n|t:|1700991702\n|move|p1a: Clodsire|Dark Pulse|p2a: Zygarde\n|-damage|p2a: Zygarde|58\/100\n|move|p2a: Zygarde|Thousand Arrows|p1a: Clodsire\n|-damage|p1a: Clodsire|0 fnt\n|replace|p1a: Zoroark|Zoroark-Hisui, F\n|-end|p1a: Zoroark|Illusion\n|faint|p1a: Zoroark\n|\n|-heal|p2a: Zygarde|65\/100|[from] item: Leftovers\n|upkeep\n|\n|t:|1700991714\n|switch|p1a: Walking Wake|Walking Wake|78\/100\n|turn|10\n|\n|t:|1700991719\n|move|p1a: Walking Wake|Aqua Jet|p2a: Zygarde\n|-damage|p2a: Zygarde|49\/100\n|move|p2a: Zygarde|Dragon Pulse|p1a: Walking Wake\n|-supereffective|p1a: Walking Wake\n|-damage|p1a: Walking Wake|6\/100\n|\n|-heal|p2a: Zygarde|55\/100|[from] item: Leftovers\n|upkeep\n|turn|11\n|\n|t:|1700991735\n|move|p1a: Walking Wake|Aqua Jet|p2a: Zygarde\n|-damage|p2a: Zygarde|39\/100\n|move|p2a: Zygarde|Dragon Pulse|p1a: Walking Wake\n|-supereffective|p1a: Walking Wake\n|-damage|p1a: Walking Wake|0 fnt\n|faint|p1a: Walking Wake\n|-end|p1a: Walking Wake|Protosynthesis|[silent]\n|\n|-heal|p2a: Zygarde|46\/100|[from] item: Leftovers\n|upkeep\n|\n|t:|1700991753\n|switch|p1a: Clodsire|Clodsire, M|100\/100\n|turn|12\n|\n|t:|1700991758\n|move|p2a: Zygarde|Thousand Arrows|p1a: Clodsire\n|-supereffective|p1a: Clodsire\n|-damage|p1a: Clodsire|23\/100\n|move|p1a: Clodsire|Earthquake|p2a: Zygarde\n|-damage|p2a: Zygarde|23\/100\n|\n|-heal|p2a: Zygarde|30\/100|[from] item: Leftovers\n|upkeep\n|turn|13\n|\n|t:|1700991766\n|move|p2a: Zygarde|Thousand Arrows|p1a: Clodsire\n|-supereffective|p1a: Clodsire\n|-damage|p1a: Clodsire|0 fnt\n|faint|p1a: Clodsire\n|\n|-heal|p2a: Zygarde|36\/100|[from] item: Leftovers\n|upkeep\n|\n|t:|1700991772\n|switch|p1a: Iron Valiant|Iron Valiant, tera:Electric|84\/100\n|turn|14\n|\n|t:|1700991776\n|move|p2a: Zygarde|Thousand Arrows|p1a: Iron Valiant\n|-supereffective|p1a: Iron Valiant\n|-damage|p1a: Iron Valiant|25\/100\n|move|p1a: Iron Valiant|Psyshock|p2a: Zygarde\n|-damage|p2a: Zygarde|2\/100\n|\n|-heal|p2a: Zygarde|8\/100|[from] item: Leftovers\n|upkeep\n|turn|15\n|\n|t:|1700991783\n|move|p2a: Zygarde|Thousand Arrows|p1a: Iron Valiant\n|-supereffective|p1a: Iron Valiant\n|-damage|p1a: Iron Valiant|0 fnt\n|faint|p1a: Iron Valiant\n|-end|p1a: Iron Valiant|Quark Drive|[silent]\n|\n|-heal|p2a: Zygarde|14\/100|[from] item: Leftovers\n|upkeep\n|\n|t:|1700991789\n|switch|p1a: Skeledirge|Skeledirge, F|100\/100\n|turn|16\n|\n|t:|1700991795\n|move|p2a: Zygarde|Thousand Arrows|p1a: Skeledirge\n|-supereffective|p1a: Skeledirge\n|-damage|p1a: Skeledirge|55\/100\n|move|p1a: Skeledirge|Crunch|p2a: Zygarde\n|-damage|p2a: Zygarde|0 fnt\n|faint|p2a: Zygarde\n|\n|upkeep\n|\n|t:|1700991804\n|switch|p2a: Moltres-Kanto|Moltres-Galar, shiny|100\/100\n|turn|17\n|\n|t:|1700991810\n|move|p2a: Moltres-Kanto|Fiery Wrath|p1a: Skeledirge\n|-supereffective|p1a: Skeledirge\n|-damage|p1a: Skeledirge|0 fnt\n|faint|p1a: Skeledirge\n|\n|win|sandwich300\n|raw|Matthias95's rating: 1029 &rarr; <strong>1014<\/strong><br \/>(-15 for losing)\n|raw|sandwich300's rating: 1020 &rarr; <strong>1058<\/strong><br \/>(+38 for winning)\n|l|\u2606Matthias95\n","uploadtime":1700991823,"views":25,"p1id":"matthias95","p2id":"sandwich300","formatid":"gen9nationaldexubers","rating":1014,"private":0,"password":""}