{"id":"gen9nationaldexubers-1999511767","p1":"longzaizi","p2":"SShadow605","format":"[Gen 9] National Dex Ubers","log":"|j|\u2606longzaizi\n|j|\u2606SShadow605\n|t:|1701090951\n|gametype|singles\n|player|p1|longzaizi|clair|1301\n|player|p2|SShadow605|alec-anime|1336\n|teamsize|p1|6\n|teamsize|p2|6\n|gen|9\n|tier|[Gen 9] National Dex Ubers\n|rated|\n|rule|HP Percentage Mod: HP is shown in percentages\n|rule|Endless Battle Clause: Forcing endless battles is banned\n|rule|OHKO Clause: OHKO moves are banned\n|rule|Evasion Moves Clause: Evasion moves are banned\n|rule|Evasion Items Clause: Evasion items are banned\n|rule|Species Clause: Limit one of each Pok\u00e9mon\n|rule|Sleep Clause Mod: Limit one foe put to sleep\n|rule|Mega Rayquaza Clause: You cannot mega evolve Rayquaza\n|clearpoke\n|poke|p1|Alomomola, F|\n|poke|p1|Garganacl, F|\n|poke|p1|Sableye, M|\n|poke|p1|Lokix, F|\n|poke|p1|Glimmora, M|\n|poke|p1|Ceruledge, M|\n|poke|p2|Toxapex, F|\n|poke|p2|Pyukumuku, F|\n|poke|p2|Corsola-Galar, M|\n|poke|p2|Chansey, F|\n|poke|p2|Clefable, M|\n|poke|p2|Vaporeon, M|\n|teampreview\n|\n|t:|1701090980\n|start\n|switch|p1a: Sableye|Sableye, M|100\/100\n|switch|p2a: Big|Pyukumuku, F, shiny|100\/100\n|turn|1\n|\n|t:|1701090991\n|switch|p2a: No tox spikes|Toxapex, F|100\/100\n|move|p1a: Sableye|Skill Swap|p2a: No tox spikes\n|-activate|p1a: Sableye|move: Skill Swap|Regenerator|Prankster|[of] p2a: No tox spikes\n|\n|upkeep\n|turn|2\n|\n|t:|1701091007\n|move|p2a: No tox spikes|Toxic|p1a: Sableye\n|-hint|Since gen 7, Dark is immune to Prankster moves.\n|-immune|p1a: Sableye\n|move|p1a: Sableye|Encore|p2a: No tox spikes\n|-start|p2a: No tox spikes|Encore\n|\n|upkeep\n|turn|3\n|\n|t:|1701091015\n|switch|p2a: Fat Egg|Chansey, F, shiny|100\/100\n|move|p1a: Sableye|Foul Play|p2a: Fat Egg\n|-damage|p2a: Fat Egg|99\/100\n|\n|upkeep\n|turn|4\n|\n|t:|1701091022\n|switch|p1a: Glimmora|Glimmora, M|100\/100\n|move|p2a: Fat Egg|Toxic|p1a: Glimmora\n|-immune|p1a: Glimmora\n|\n|upkeep\n|turn|5\n|\n|t:|1701091031\n|move|p1a: Glimmora|Mortal Spin|p2a: Fat Egg\n|-damage|p2a: Fat Egg|95\/100\n|-status|p2a: Fat Egg|psn\n|move|p2a: Fat Egg|Seismic Toss|p1a: Glimmora\n|-damage|p1a: Glimmora|73\/100\n|-activate|p1a: Glimmora|ability: Toxic Debris\n|-sidestart|p2: SShadow605|move: Toxic Spikes\n|\n|-damage|p2a: Fat Egg|83\/100 psn|[from] psn\n|upkeep\n|turn|6\n|\n|t:|1701091035\n|move|p1a: Glimmora|Stealth Rock|p2a: Fat Egg\n|-sidestart|p2: SShadow605|move: Stealth Rock\n|move|p2a: Fat Egg|Seismic Toss|p1a: Glimmora\n|-damage|p1a: Glimmora|46\/100\n|-activate|p1a: Glimmora|ability: Toxic Debris\n|-sidestart|p2: SShadow605|move: Toxic Spikes\n|\n|-damage|p2a: Fat Egg|70\/100 psn|[from] psn\n|upkeep\n|turn|7\n|\n|t:|1701091040\n|move|p1a: Glimmora|Earth Power|p2a: Fat Egg\n|-damage|p2a: Fat Egg|62\/100 psn\n|move|p2a: Fat Egg|Seismic Toss|p1a: Glimmora\n|-damage|p1a: Glimmora|19\/100\n|\n|-damage|p2a: Fat Egg|50\/100 psn|[from] psn\n|upkeep\n|turn|8\n|\n|t:|1701091051\n|switch|p1a: Sableye|Sableye, M|100\/100\n|move|p2a: Fat Egg|Heal Bell|p2a: Fat Egg\n|-activate|p2a: Fat Egg|move: Heal Bell\n|-curestatus|p2a: Fat Egg|psn|[msg]\n|\n|upkeep\n|turn|9\n|\n|t:|1701091058\n|move|p1a: Sableye|Encore|p2a: Fat Egg\n|-start|p2a: Fat Egg|Encore\n|move|p2a: Fat Egg|Heal Bell||[still]\n|-activate|p2a: Fat Egg|move: Heal Bell\n|-fail|p2a: Fat Egg\n|\n|upkeep\n|turn|10\n|\n|t:|1701091062\n|switch|p2a: No tox spikes|Toxapex, F|100\/100\n|-sideend|p2: SShadow605|move: Toxic Spikes|[of] p2a: No tox spikes\n|-damage|p2a: No tox spikes|88\/100|[from] Stealth Rock\n|move|p1a: Sableye|Foul Play|p2a: No tox spikes\n|-damage|p2a: No tox spikes|79\/100\n|\n|-heal|p2a: No tox spikes|85\/100|[from] item: Black Sludge\n|upkeep\n|turn|11\n|\n|t:|1701091071\n|move|p1a: Sableye|Skill Swap|p2a: No tox spikes\n|-activate|p1a: Sableye|move: Skill Swap|Regenerator|Prankster|[of] p2a: No tox spikes\n|move|p2a: No tox spikes|Scald|p1a: Sableye\n|-damage|p1a: Sableye|75\/100\n|\n|-heal|p2a: No tox spikes|91\/100|[from] item: Black Sludge\n|upkeep\n|turn|12\n|\n|t:|1701091079\n|switch|p1a: Glimmora|Glimmora, M|19\/100\n|switch|p2a: Fat Egg|Chansey, F, shiny|50\/100\n|-damage|p2a: Fat Egg|37\/100|[from] Stealth Rock\n|\n|upkeep\n|turn|13\n|\n|t:|1701091086\n|move|p1a: Glimmora|Earth Power|p2a: Fat Egg\n|-damage|p2a: Fat Egg|29\/100\n|move|p2a: Fat Egg|Soft-Boiled|p2a: Fat Egg\n|-heal|p2a: Fat Egg|79\/100\n|\n|upkeep\n|turn|14\n|\n|t:|1701091090\n|move|p1a: Glimmora|Mortal Spin|p2a: Fat Egg\n|-damage|p2a: Fat Egg|75\/100\n|-status|p2a: Fat Egg|psn\n|move|p2a: Fat Egg|Seismic Toss|p1a: Glimmora\n|-damage|p1a: Glimmora|0 fnt\n|-activate|p1a: Glimmora|ability: Toxic Debris\n|-sidestart|p2: SShadow605|move: Toxic Spikes\n|faint|p1a: Glimmora\n|\n|-damage|p2a: Fat Egg|63\/100 psn|[from] psn\n|upkeep\n|\n|t:|1701091096\n|switch|p1a: Sableye|Sableye, M|100\/100\n|turn|15\n|\n|t:|1701091101\n|move|p1a: Sableye|Encore|p2a: Fat Egg\n|-start|p2a: Fat Egg|Encore\n|move|p2a: Fat Egg|Seismic Toss|p1a: Sableye\n|-immune|p1a: Sableye\n|\n|-damage|p2a: Fat Egg|50\/100 psn|[from] psn\n|upkeep\n|turn|16\n|\n|t:|1701091108\n|-curestatus|p2a: Fat Egg|psn|[from] ability: Natural Cure\n|switch|p2a: No tox spikes|Toxapex, F|91\/100\n|-damage|p2a: No tox spikes|79\/100|[from] Stealth Rock\n|-sideend|p2: SShadow605|move: Toxic Spikes|[of] p2a: No tox spikes\n|switch|p1a: \u4f60\u731c\u6211\u662f\u5f15\u706b\u8fd8\u662f\u788e\u88c2\uff1f|Ceruledge, M, shiny|100\/100\n|\n|-heal|p2a: No tox spikes|85\/100|[from] item: Black Sludge\n|upkeep\n|turn|17\n|\n|t:|1701091120\n|switch|p1a: Alomomola|Alomomola, F, shiny|100\/100\n|move|p2a: No tox spikes|Scald|p1a: Alomomola\n|-resisted|p1a: Alomomola\n|-damage|p1a: Alomomola|90\/100\n|\n|-heal|p2a: No tox spikes|91\/100|[from] item: Black Sludge\n|upkeep\n|turn|18\n|\n|t:|1701091125\n|move|p1a: Alomomola|Magic Coat|p1a: Alomomola\n|-singleturn|p1a: Alomomola|move: Magic Coat\n|move|p2a: No tox spikes|Toxic|p1a: Alomomola\n|move|p1a: Alomomola|Toxic|p2a: No tox spikes|[from]Magic Coat\n|-immune|p2a: No tox spikes\n|\n|-heal|p2a: No tox spikes|98\/100|[from] item: Black Sludge\n|upkeep\n|turn|19\n|\n|t:|1701091133\n|switch|p1a: \u5ca9\u77f3\u7684\u91cd\u91cf\u8ba9\u6211\u5b89\u5fc3|Garganacl, F, shiny|100\/100\n|move|p2a: No tox spikes|Toxic|p1a: \u5ca9\u77f3\u7684\u91cd\u91cf\u8ba9\u6211\u5b89\u5fc3\n|-immune|p1a: \u5ca9\u77f3\u7684\u91cd\u91cf\u8ba9\u6211\u5b89\u5fc3|[from] ability: Purifying Salt\n|\n|-heal|p2a: No tox spikes|100\/100|[from] item: Black Sludge\n|upkeep\n|turn|20\n|\n|t:|1701091137\n|move|p2a: No tox spikes|Scald|p1a: \u5ca9\u77f3\u7684\u91cd\u91cf\u8ba9\u6211\u5b89\u5fc3\n|-supereffective|p1a: \u5ca9\u77f3\u7684\u91cd\u91cf\u8ba9\u6211\u5b89\u5fc3\n|-damage|p1a: \u5ca9\u77f3\u7684\u91cd\u91cf\u8ba9\u6211\u5b89\u5fc3|78\/100\n|move|p1a: \u5ca9\u77f3\u7684\u91cd\u91cf\u8ba9\u6211\u5b89\u5fc3|Salt Cure|p2a: No tox spikes\n|-damage|p2a: No tox spikes|91\/100\n|-start|p2a: No tox spikes|Salt Cure\n|\n|-heal|p1a: \u5ca9\u77f3\u7684\u91cd\u91cf\u8ba9\u6211\u5b89\u5fc3|84\/100|[from] item: Leftovers\n|-heal|p2a: No tox spikes|97\/100|[from] item: Black Sludge\n|-damage|p2a: No tox spikes|72\/100|[from] Salt Cure\n|upkeep\n|turn|21\n|\n|t:|1701091142\n|switch|p2a: Death|Corsola-Galar, M, shiny|100\/100\n|-damage|p2a: Death|88\/100|[from] Stealth Rock\n|move|p1a: \u5ca9\u77f3\u7684\u91cd\u91cf\u8ba9\u6211\u5b89\u5fc3|Curse|p1a: \u5ca9\u77f3\u7684\u91cd\u91cf\u8ba9\u6211\u5b89\u5fc3\n|-unboost|p1a: \u5ca9\u77f3\u7684\u91cd\u91cf\u8ba9\u6211\u5b89\u5fc3|spe|1\n|-boost|p1a: \u5ca9\u77f3\u7684\u91cd\u91cf\u8ba9\u6211\u5b89\u5fc3|atk|1\n|-boost|p1a: \u5ca9\u77f3\u7684\u91cd\u91cf\u8ba9\u6211\u5b89\u5fc3|def|1\n|\n|-heal|p1a: \u5ca9\u77f3\u7684\u91cd\u91cf\u8ba9\u6211\u5b89\u5fc3|90\/100|[from] item: Leftovers\n|upkeep\n|turn|22\n|\n|t:|1701091148\n|move|p2a: Death|Night Shade|p1a: \u5ca9\u77f3\u7684\u91cd\u91cf\u8ba9\u6211\u5b89\u5fc3\n|-damage|p1a: \u5ca9\u77f3\u7684\u91cd\u91cf\u8ba9\u6211\u5b89\u5fc3|65\/100\n|move|p1a: \u5ca9\u77f3\u7684\u91cd\u91cf\u8ba9\u6211\u5b89\u5fc3|Salt Cure|p2a: Death\n|-damage|p2a: Death|75\/100\n|-start|p2a: Death|Salt Cure\n|\n|-heal|p1a: \u5ca9\u77f3\u7684\u91cd\u91cf\u8ba9\u6211\u5b89\u5fc3|72\/100|[from] item: Leftovers\n|-damage|p2a: Death|63\/100|[from] Salt Cure\n|upkeep\n|turn|23\n|\n|t:|1701091153\n|move|p2a: Death|Strength Sap|p1a: \u5ca9\u77f3\u7684\u91cd\u91cf\u8ba9\u6211\u5b89\u5fc3\n|-unboost|p1a: \u5ca9\u77f3\u7684\u91cd\u91cf\u8ba9\u6211\u5b89\u5fc3|atk|1\n|-heal|p2a: Death|100\/100\n|move|p1a: \u5ca9\u77f3\u7684\u91cd\u91cf\u8ba9\u6211\u5b89\u5fc3|Curse|p1a: \u5ca9\u77f3\u7684\u91cd\u91cf\u8ba9\u6211\u5b89\u5fc3\n|-unboost|p1a: \u5ca9\u77f3\u7684\u91cd\u91cf\u8ba9\u6211\u5b89\u5fc3|spe|1\n|-boost|p1a: \u5ca9\u77f3\u7684\u91cd\u91cf\u8ba9\u6211\u5b89\u5fc3|atk|1\n|-boost|p1a: \u5ca9\u77f3\u7684\u91cd\u91cf\u8ba9\u6211\u5b89\u5fc3|def|1\n|\n|-heal|p1a: \u5ca9\u77f3\u7684\u91cd\u91cf\u8ba9\u6211\u5b89\u5fc3|78\/100|[from] item: Leftovers\n|-damage|p2a: Death|88\/100|[from] Salt Cure\n|upkeep\n|turn|24\n|\n|t:|1701091162\n|move|p2a: Death|Haze|p2a: Death\n|-clearallboost\n|move|p1a: \u5ca9\u77f3\u7684\u91cd\u91cf\u8ba9\u6211\u5b89\u5fc3|Salt Cure|p2a: Death\n|-damage|p2a: Death|79\/100\n|-start|p1a: \u5ca9\u77f3\u7684\u91cd\u91cf\u8ba9\u6211\u5b89\u5fc3|Disable|Salt Cure|[from] ability: Cursed Body|[of] p2a: Death\n|\n|-heal|p1a: \u5ca9\u77f3\u7684\u91cd\u91cf\u8ba9\u6211\u5b89\u5fc3|84\/100|[from] item: Leftovers\n|-damage|p2a: Death|67\/100|[from] Salt Cure\n|upkeep\n|turn|25\n|\n|t:|1701091174\n|switch|p1a: Sableye|Sableye, M|100\/100\n|move|p2a: Death|Night Shade|p1a: Sableye\n|-damage|p1a: Sableye|67\/100\n|\n|-damage|p2a: Death|54\/100|[from] Salt Cure\n|upkeep\n|turn|26\n|\n|t:|1701091179\n|switch|p2a: Fat Egg|Chansey, F, shiny|50\/100\n|-damage|p2a: Fat Egg|38\/100|[from] Stealth Rock\n|move|p1a: Sableye|Skill Swap|p2a: Fat Egg\n|-activate|p1a: Sableye|move: Skill Swap|Natural Cure|Prankster|[of] p2a: Fat Egg\n|\n|upkeep\n|turn|27\n|\n|t:|1701091187\n|move|p2a: Fat Egg|Soft-Boiled|p2a: Fat Egg\n|-heal|p2a: Fat Egg|88\/100\n|move|p1a: Sableye|Foul Play|p2a: Fat Egg\n|-damage|p2a: Fat Egg|87\/100\n|\n|upkeep\n|turn|28\n|\n|t:|1701091198\n|switch|p2a: No tox spikes|Toxapex, F|100\/100\n|-damage|p2a: No tox spikes|88\/100|[from] Stealth Rock\n|move|p1a: Sableye|Encore||[still]\n|-fail|p1a: Sableye\n|\n|-heal|p2a: No tox spikes|94\/100|[from] item: Black Sludge\n|upkeep\n|turn|29\n|\n|t:|1701091205\n|switch|p1a: \u5ca9\u77f3\u7684\u91cd\u91cf\u8ba9\u6211\u5b89\u5fc3|Garganacl, F, shiny|84\/100\n|move|p2a: No tox spikes|Scald|p1a: \u5ca9\u77f3\u7684\u91cd\u91cf\u8ba9\u6211\u5b89\u5fc3\n|-supereffective|p1a: \u5ca9\u77f3\u7684\u91cd\u91cf\u8ba9\u6211\u5b89\u5fc3\n|-damage|p1a: \u5ca9\u77f3\u7684\u91cd\u91cf\u8ba9\u6211\u5b89\u5fc3|57\/100\n|\n|-heal|p1a: \u5ca9\u77f3\u7684\u91cd\u91cf\u8ba9\u6211\u5b89\u5fc3|63\/100|[from] item: Leftovers\n|-heal|p2a: No tox spikes|100\/100|[from] item: Black Sludge\n|upkeep\n|turn|30\n|\n|t:|1701091216\n|move|p2a: No tox spikes|Baneful Bunker|p2a: No tox spikes\n|-singleturn|p2a: No tox spikes|move: Protect\n|move|p1a: \u5ca9\u77f3\u7684\u91cd\u91cf\u8ba9\u6211\u5b89\u5fc3|Salt Cure|p2a: No tox spikes\n|-activate|p2a: No tox spikes|move: Protect\n|\n|-heal|p1a: \u5ca9\u77f3\u7684\u91cd\u91cf\u8ba9\u6211\u5b89\u5fc3|70\/100|[from] item: Leftovers\n|upkeep\n|turn|31\n|\n|t:|1701091223\n|switch|p2a: Death|Corsola-Galar, M, shiny|54\/100\n|-damage|p2a: Death|42\/100|[from] Stealth Rock\n|move|p1a: \u5ca9\u77f3\u7684\u91cd\u91cf\u8ba9\u6211\u5b89\u5fc3|Salt Cure|p2a: Death\n|-damage|p2a: Death|32\/100\n|-start|p2a: Death|Salt Cure\n|\n|-heal|p1a: \u5ca9\u77f3\u7684\u91cd\u91cf\u8ba9\u6211\u5b89\u5fc3|76\/100|[from] item: Leftovers\n|-damage|p2a: Death|20\/100|[from] Salt Cure\n|upkeep\n|turn|32\n|\n|t:|1701091232\n|move|p1a: \u5ca9\u77f3\u7684\u91cd\u91cf\u8ba9\u6211\u5b89\u5fc3|Salt Cure|p2a: Death\n|-damage|p2a: Death|11\/100\n|move|p2a: Death|Strength Sap|p1a: \u5ca9\u77f3\u7684\u91cd\u91cf\u8ba9\u6211\u5b89\u5fc3\n|-unboost|p1a: \u5ca9\u77f3\u7684\u91cd\u91cf\u8ba9\u6211\u5b89\u5fc3|atk|1\n|-heal|p2a: Death|92\/100\n|\n|-heal|p1a: \u5ca9\u77f3\u7684\u91cd\u91cf\u8ba9\u6211\u5b89\u5fc3|82\/100|[from] item: Leftovers\n|-damage|p2a: Death|79\/100|[from] Salt Cure\n|upkeep\n|turn|33\n|\n|t:|1701091244\n|switch|p1a: Sableye|Sableye, M|67\/100\n|move|p2a: Death|Strength Sap|p1a: Sableye\n|-unboost|p1a: Sableye|atk|1\n|-heal|p2a: Death|100\/100\n|\n|-damage|p2a: Death|88\/100|[from] Salt Cure\n|upkeep\n|turn|34\n|\n|t:|1701091257\n|move|p1a: Sableye|Skill Swap|p2a: Death\n|-activate|p1a: Sableye|move: Skill Swap|Cursed Body|Prankster|[of] p2a: Death\n|move|p2a: Death|Night Shade|p1a: Sableye\n|-damage|p1a: Sableye|34\/100\n|-start|p2a: Death|Disable|Night Shade|[from] ability: Cursed Body|[of] p1a: Sableye\n|\n|-damage|p2a: Death|76\/100|[from] Salt Cure\n|upkeep\n|turn|35\n|\n|t:|1701091268\n|move|p2a: Death|Protect|p2a: Death\n|-singleturn|p2a: Death|Protect\n|move|p1a: Sableye|Skill Swap|p2a: Death\n|-activate|p2a: Death|move: Protect\n|\n|-damage|p2a: Death|63\/100|[from] Salt Cure\n|upkeep\n|turn|36\n|\n|t:|1701091279\n|move|p2a: Death|Haze|p2a: Death\n|-clearallboost\n|move|p1a: Sableye|Foul Play|p2a: Death\n|-supereffective|p2a: Death\n|-damage|p2a: Death|48\/100\n|\n|-damage|p2a: Death|36\/100|[from] Salt Cure\n|upkeep\n|turn|37\n|\n|t:|1701091295\n|move|p2a: Death|Protect|p2a: Death\n|-singleturn|p2a: Death|Protect\n|move|p1a: Sableye|Encore|p2a: Death\n|-activate|p2a: Death|move: Protect\n|\n|-damage|p2a: Death|23\/100|[from] Salt Cure\n|-end|p2a: Death|Disable\n|upkeep\n|turn|38\n|\n|t:|1701091307\n|switch|p1a: \u5ca9\u77f3\u7684\u91cd\u91cf\u8ba9\u6211\u5b89\u5fc3|Garganacl, F, shiny|82\/100\n|move|p2a: Death|Night Shade|p1a: \u5ca9\u77f3\u7684\u91cd\u91cf\u8ba9\u6211\u5b89\u5fc3\n|-damage|p1a: \u5ca9\u77f3\u7684\u91cd\u91cf\u8ba9\u6211\u5b89\u5fc3|57\/100\n|\n|-heal|p1a: \u5ca9\u77f3\u7684\u91cd\u91cf\u8ba9\u6211\u5b89\u5fc3|63\/100|[from] item: Leftovers\n|-damage|p2a: Death|11\/100|[from] Salt Cure\n|upkeep\n|turn|39\n|\n|t:|1701091318\n|move|p2a: Death|Strength Sap|p1a: \u5ca9\u77f3\u7684\u91cd\u91cf\u8ba9\u6211\u5b89\u5fc3\n|-unboost|p1a: \u5ca9\u77f3\u7684\u91cd\u91cf\u8ba9\u6211\u5b89\u5fc3|atk|1\n|-heal|p2a: Death|91\/100\n|move|p1a: \u5ca9\u77f3\u7684\u91cd\u91cf\u8ba9\u6211\u5b89\u5fc3|Iron Head|p2a: Death\n|-damage|p2a: Death|84\/100\n|\n|-heal|p1a: \u5ca9\u77f3\u7684\u91cd\u91cf\u8ba9\u6211\u5b89\u5fc3|70\/100|[from] item: Leftovers\n|-damage|p2a: Death|71\/100|[from] Salt Cure\n|upkeep\n|turn|40\n|\n|t:|1701091336\n|switch|p2a: Delta|Vaporeon, M, shiny|100\/100\n|-damage|p2a: Delta|88\/100|[from] Stealth Rock\n|move|p1a: \u5ca9\u77f3\u7684\u91cd\u91cf\u8ba9\u6211\u5b89\u5fc3|Curse|p1a: \u5ca9\u77f3\u7684\u91cd\u91cf\u8ba9\u6211\u5b89\u5fc3\n|-unboost|p1a: \u5ca9\u77f3\u7684\u91cd\u91cf\u8ba9\u6211\u5b89\u5fc3|spe|1\n|-boost|p1a: \u5ca9\u77f3\u7684\u91cd\u91cf\u8ba9\u6211\u5b89\u5fc3|atk|1\n|-boost|p1a: \u5ca9\u77f3\u7684\u91cd\u91cf\u8ba9\u6211\u5b89\u5fc3|def|1\n|\n|-heal|p2a: Delta|94\/100|[from] item: Leftovers\n|-heal|p1a: \u5ca9\u77f3\u7684\u91cd\u91cf\u8ba9\u6211\u5b89\u5fc3|76\/100|[from] item: Leftovers\n|upkeep\n|turn|41\n|\n|t:|1701091354\n|move|p2a: Delta|Protect|p2a: Delta\n|-singleturn|p2a: Delta|Protect\n|move|p1a: \u5ca9\u77f3\u7684\u91cd\u91cf\u8ba9\u6211\u5b89\u5fc3|Salt Cure|p2a: Delta\n|-activate|p2a: Delta|move: Protect\n|\n|-heal|p2a: Delta|100\/100|[from] item: Leftovers\n|-heal|p1a: \u5ca9\u77f3\u7684\u91cd\u91cf\u8ba9\u6211\u5b89\u5fc3|82\/100|[from] item: Leftovers\n|upkeep\n|turn|42\n|\n|t:|1701091358\n|switch|p2a: Death|Corsola-Galar, M, shiny|71\/100\n|-damage|p2a: Death|59\/100|[from] Stealth Rock\n|move|p1a: \u5ca9\u77f3\u7684\u91cd\u91cf\u8ba9\u6211\u5b89\u5fc3|Salt Cure|p2a: Death\n|-damage|p2a: Death|50\/100\n|-start|p2a: Death|Salt Cure\n|-start|p1a: \u5ca9\u77f3\u7684\u91cd\u91cf\u8ba9\u6211\u5b89\u5fc3|Disable|Salt Cure|[from] ability: Cursed Body|[of] p2a: Death\n|\n|-heal|p1a: \u5ca9\u77f3\u7684\u91cd\u91cf\u8ba9\u6211\u5b89\u5fc3|88\/100|[from] item: Leftovers\n|-damage|p2a: Death|37\/100|[from] Salt Cure\n|upkeep\n|turn|43\n|\n|t:|1701091370\n|move|p2a: Death|Strength Sap|p1a: \u5ca9\u77f3\u7684\u91cd\u91cf\u8ba9\u6211\u5b89\u5fc3\n|-unboost|p1a: \u5ca9\u77f3\u7684\u91cd\u91cf\u8ba9\u6211\u5b89\u5fc3|atk|1\n|-heal|p2a: Death|100\/100\n|move|p1a: \u5ca9\u77f3\u7684\u91cd\u91cf\u8ba9\u6211\u5b89\u5fc3|Iron Head|p2a: Death\n|-damage|p2a: Death|92\/100\n|\n|-heal|p1a: \u5ca9\u77f3\u7684\u91cd\u91cf\u8ba9\u6211\u5b89\u5fc3|94\/100|[from] item: Leftovers\n|-damage|p2a: Death|80\/100|[from] Salt Cure\n|upkeep\n|turn|44\n|\n|t:|1701091380\n|move|p2a: Death|Night Shade|p1a: \u5ca9\u77f3\u7684\u91cd\u91cf\u8ba9\u6211\u5b89\u5fc3\n|-damage|p1a: \u5ca9\u77f3\u7684\u91cd\u91cf\u8ba9\u6211\u5b89\u5fc3|70\/100\n|move|p1a: \u5ca9\u77f3\u7684\u91cd\u91cf\u8ba9\u6211\u5b89\u5fc3|Iron Head|p2a: Death\n|-damage|p2a: Death|72\/100\n|\n|-heal|p1a: \u5ca9\u77f3\u7684\u91cd\u91cf\u8ba9\u6211\u5b89\u5fc3|76\/100|[from] item: Leftovers\n|-damage|p2a: Death|60\/100|[from] Salt Cure\n|upkeep\n|turn|45\n|\n|t:|1701091389\n|move|p2a: Death|Night Shade|p1a: \u5ca9\u77f3\u7684\u91cd\u91cf\u8ba9\u6211\u5b89\u5fc3\n|-damage|p1a: \u5ca9\u77f3\u7684\u91cd\u91cf\u8ba9\u6211\u5b89\u5fc3|51\/100\n|move|p1a: \u5ca9\u77f3\u7684\u91cd\u91cf\u8ba9\u6211\u5b89\u5fc3|Iron Head|p2a: Death\n|-damage|p2a: Death|52\/100\n|\n|-heal|p1a: \u5ca9\u77f3\u7684\u91cd\u91cf\u8ba9\u6211\u5b89\u5fc3|57\/100|[from] item: Leftovers\n|-damage|p2a: Death|39\/100|[from] Salt Cure\n|-end|p1a: \u5ca9\u77f3\u7684\u91cd\u91cf\u8ba9\u6211\u5b89\u5fc3|Disable\n|upkeep\n|turn|46\n|\n|t:|1701091418\n|move|p2a: Death|Haze|p2a: Death\n|-clearallboost\n|move|p1a: \u5ca9\u77f3\u7684\u91cd\u91cf\u8ba9\u6211\u5b89\u5fc3|Salt Cure|p2a: Death\n|-damage|p2a: Death|30\/100\n|\n|-heal|p1a: \u5ca9\u77f3\u7684\u91cd\u91cf\u8ba9\u6211\u5b89\u5fc3|63\/100|[from] item: Leftovers\n|-damage|p2a: Death|18\/100|[from] Salt Cure\n|upkeep\n|turn|47\n|\n|t:|1701091425\n|switch|p1a: Sableye|Sableye, M|34\/100\n|move|p2a: Death|Strength Sap|p1a: Sableye\n|-unboost|p1a: Sableye|atk|1\n|-heal|p2a: Death|61\/100\n|\n|-damage|p2a: Death|48\/100|[from] Salt Cure\n|upkeep\n|turn|48\n|\n|t:|1701091434\n|move|p1a: Sableye|Skill Swap|p2a: Death\n|-activate|p1a: Sableye|move: Skill Swap|Cursed Body|Prankster|[of] p2a: Death\n|move|p2a: Death|Night Shade|p1a: Sableye\n|-damage|p1a: Sableye|1\/100\n|-start|p2a: Death|Disable|Night Shade|[from] ability: Cursed Body|[of] p1a: Sableye\n|\n|-damage|p2a: Death|36\/100|[from] Salt Cure\n|upkeep\n|turn|49\n|\n|t:|1701091446\n|switch|p2a: Delta|Vaporeon, M, shiny|100\/100\n|-damage|p2a: Delta|88\/100|[from] Stealth Rock\n|move|p1a: Sableye|Encore||[still]\n|-fail|p1a: Sableye\n|\n|-heal|p2a: Delta|94\/100|[from] item: Leftovers\n|upkeep\n|turn|50\n|\n|t:|1701091458\n|switch|p1a: Alomomola|Alomomola, F, shiny|100\/100\n|move|p2a: Delta|Wish|p2a: Delta\n|\n|-heal|p2a: Delta|100\/100|[from] item: Leftovers\n|upkeep\n|turn|51\n|\n|t:|1701091462\n|switch|p2a: Death|Corsola-Galar, M, shiny|36\/100\n|-damage|p2a: Death|24\/100|[from] Stealth Rock\n|move|p1a: Alomomola|Wish|p1a: Alomomola\n|\n|-heal|p2a: Death|95\/100|[from] move: Wish|[wisher] Delta\n|upkeep\n|turn|52\n|\n|t:|1701091472\n|move|p1a: Alomomola|Magic Coat|p1a: Alomomola\n|-singleturn|p1a: Alomomola|move: Magic Coat\n|move|p2a: Death|Night Shade|p1a: Alomomola\n|-damage|p1a: Alomomola|82\/100\n|\n|-heal|p1a: Alomomola|100\/100|[from] move: Wish|[wisher] Alomomola\n|upkeep\n|turn|53\n|\n|t:|1701091482\n|switch|p2a: Delta|Vaporeon, M, shiny|100\/100\n|-damage|p2a: Delta|88\/100|[from] Stealth Rock\n|move|p1a: Alomomola|Wish|p1a: Alomomola\n|\n|-heal|p2a: Delta|94\/100|[from] item: Leftovers\n|upkeep\n|turn|54\n|\n|t:|1701091486\n|switch|p1a: Sableye|Sableye, M|1\/100\n|move|p2a: Delta|Wish|p2a: Delta\n|\n|-heal|p1a: Sableye|90\/100|[from] move: Wish|[wisher] Alomomola\n|-heal|p2a: Delta|100\/100|[from] item: Leftovers\n|upkeep\n|turn|55\n|\n|t:|1701091505\n|switch|p2a: Fat Egg|Chansey, F, shiny|87\/100\n|-damage|p2a: Fat Egg|74\/100|[from] Stealth Rock\n|move|p1a: Sableye|Skill Swap|p2a: Fat Egg\n|-activate|p1a: Sableye|move: Skill Swap|Natural Cure|Prankster|[of] p2a: Fat Egg\n|\n|-heal|p2a: Fat Egg|100\/100|[from] move: Wish|[wisher] Delta\n|upkeep\n|turn|56\n|\n|t:|1701091516\n|switch|p2a: Death|Corsola-Galar, M, shiny|95\/100\n|-damage|p2a: Death|83\/100|[from] Stealth Rock\n|move|p1a: Sableye|Skill Swap|p2a: Death\n|-activate|p1a: Sableye|move: Skill Swap|Cursed Body|Natural Cure|[of] p2a: Death\n|\n|upkeep\n|turn|57\n|\n|t:|1701091532\n|move|p1a: Sableye|Encore||[still]\n|-fail|p1a: Sableye\n|move|p2a: Death|Night Shade|p1a: Sableye\n|-damage|p1a: Sableye|57\/100\n|\n|upkeep\n|turn|58\n|\n|t:|1701091538\n|move|p1a: Sableye|Encore|p2a: Death\n|-start|p2a: Death|Encore\n|move|p2a: Death|Night Shade|p1a: Sableye\n|-damage|p1a: Sableye|24\/100\n|-start|p2a: Death|Disable|Night Shade|[from] ability: Cursed Body|[of] p1a: Sableye\n|\n|upkeep\n|turn|59\n|\n|t:|1701091552\n|switch|p1a: Alomomola|Alomomola, F, shiny|100\/100\n|switch|p2a: Delta|Vaporeon, M, shiny|100\/100\n|-damage|p2a: Delta|88\/100|[from] Stealth Rock\n|\n|-heal|p2a: Delta|94\/100|[from] item: Leftovers\n|upkeep\n|turn|60\n|\n|t:|1701091558\n|move|p1a: Alomomola|Wish|p1a: Alomomola\n|move|p2a: Delta|Toxic|p1a: Alomomola\n|-status|p1a: Alomomola|tox\n|\n|-heal|p2a: Delta|100\/100|[from] item: Leftovers\n|-damage|p1a: Alomomola|94\/100 tox|[from] psn\n|upkeep\n|turn|61\n|\n|t:|1701091566\n|switch|p1a: Sableye|Sableye, M|24\/100\n|move|p2a: Delta|Toxic|p1a: Sableye\n|-status|p1a: Sableye|tox\n|\n|-heal|p1a: Sableye|100\/100 tox|[from] move: Wish|[wisher] Alomomola\n|-damage|p1a: Sableye|95\/100 tox|[from] psn\n|upkeep\n|turn|62\n|c|\u2606SShadow605|FINALLY\n|\n|t:|1701091576\n|move|p2a: Delta|Protect|p2a: Delta\n|-singleturn|p2a: Delta|Protect\n|move|p1a: Sableye|Foul Play|p2a: Delta\n|-activate|p2a: Delta|move: Protect\n|\n|-damage|p1a: Sableye|83\/100 tox|[from] psn\n|upkeep\n|turn|63\n|\n|t:|1701091586\n|move|p1a: Sableye|Skill Swap|p2a: Delta\n|-activate|p1a: Sableye|move: Skill Swap|Hydration|Prankster|[of] p2a: Delta\n|move|p2a: Delta|Wish|p2a: Delta\n|\n|-damage|p1a: Sableye|65\/100 tox|[from] psn\n|upkeep\n|turn|64\n|\n|t:|1701091595\n|switch|p2a: Death|Corsola-Galar, M, shiny|83\/100\n|-damage|p2a: Death|71\/100|[from] Stealth Rock\n|switch|p1a: \u5ca9\u77f3\u7684\u91cd\u91cf\u8ba9\u6211\u5b89\u5fc3|Garganacl, F, shiny|63\/100\n|\n|-heal|p2a: Death|100\/100|[from] move: Wish|[wisher] Delta\n|-heal|p1a: \u5ca9\u77f3\u7684\u91cd\u91cf\u8ba9\u6211\u5b89\u5fc3|70\/100|[from] item: Leftovers\n|upkeep\n|turn|65\n|\n|t:|1701091605\n|move|p1a: \u5ca9\u77f3\u7684\u91cd\u91cf\u8ba9\u6211\u5b89\u5fc3|Salt Cure|p2a: Death\n|-damage|p2a: Death|92\/100\n|-start|p2a: Death|Salt Cure\n|move|p2a: Death|Night Shade|p1a: \u5ca9\u77f3\u7684\u91cd\u91cf\u8ba9\u6211\u5b89\u5fc3\n|-damage|p1a: \u5ca9\u77f3\u7684\u91cd\u91cf\u8ba9\u6211\u5b89\u5fc3|45\/100\n|\n|-heal|p1a: \u5ca9\u77f3\u7684\u91cd\u91cf\u8ba9\u6211\u5b89\u5fc3|51\/100|[from] item: Leftovers\n|-damage|p2a: Death|80\/100|[from] Salt Cure\n|upkeep\n|turn|66\n|\n|t:|1701091615\n|switch|p1a: Sableye|Sableye, M|65\/100 tox\n|move|p2a: Death|Night Shade|p1a: Sableye\n|-damage|p1a: Sableye|32\/100 tox\n|\n|-damage|p1a: Sableye|26\/100 tox|[from] psn\n|-damage|p2a: Death|67\/100|[from] Salt Cure\n|upkeep\n|turn|67\n|\n|t:|1701091624\n|move|p1a: Sableye|Skill Swap|p2a: Death\n|-activate|p1a: Sableye|move: Skill Swap|Cursed Body|Prankster|[of] p2a: Death\n|move|p2a: Death|Night Shade|p1a: Sableye\n|-damage|p1a: Sableye|0 fnt\n|faint|p1a: Sableye\n|\n|-damage|p2a: Death|55\/100|[from] Salt Cure\n|upkeep\n|\n|t:|1701091631\n|switch|p1a: Lokix|Lokix, F, shiny|100\/100\n|turn|68\n|\n|t:|1701091637\n|switch|p2a: No tox spikes|Toxapex, F|100\/100\n|-damage|p2a: No tox spikes|88\/100|[from] Stealth Rock\n|move|p1a: Lokix|Swords Dance|p1a: Lokix\n|-boost|p1a: Lokix|atk|2\n|\n|-heal|p2a: No tox spikes|94\/100|[from] item: Black Sludge\n|upkeep\n|turn|69\n|\n|t:|1701091646\n|move|p1a: Lokix|Swords Dance|p1a: Lokix\n|-boost|p1a: Lokix|atk|2\n|move|p2a: No tox spikes|Toxic|p1a: Lokix\n|-status|p1a: Lokix|tox\n|\n|-heal|p2a: No tox spikes|100\/100|[from] item: Black Sludge\n|-damage|p1a: Lokix|94\/100 tox|[from] psn\n|upkeep\n|turn|70\n|\n|t:|1701091654\n|move|p1a: Lokix|Swords Dance|p1a: Lokix\n|-boost|p1a: Lokix|atk|2\n|move|p2a: No tox spikes|Scald|p1a: Lokix\n|-damage|p1a: Lokix|62\/100 tox\n|\n|-damage|p1a: Lokix|50\/100 tox|[from] psn\n|upkeep\n|turn|71\n|\n|t:|1701091658\n|-terastallize|p1a: Lokix|Bug\n|move|p2a: No tox spikes|Baneful Bunker|p2a: No tox spikes\n|-singleturn|p2a: No tox spikes|move: Protect\n|move|p1a: Lokix|Leech Life|p2a: No tox spikes\n|-activate|p2a: No tox spikes|move: Protect\n|\n|-damage|p1a: Lokix|32\/100 tox|[from] psn\n|upkeep\n|turn|72\n|\n|t:|1701091669\n|move|p1a: Lokix|Leech Life|p2a: No tox spikes\n|-resisted|p2a: No tox spikes\n|-damage|p2a: No tox spikes|0 fnt\n|-heal|p1a: Lokix|85\/100 tox|[from] drain|[of] p2a: No tox spikes\n|faint|p2a: No tox spikes\n|\n|-damage|p1a: Lokix|61\/100 tox|[from] psn\n|upkeep\n|\n|t:|1701091674\n|switch|p2a: Fable|Clefable, M, shiny|100\/100\n|-damage|p2a: Fable|88\/100|[from] Stealth Rock\n|turn|73\n|\n|t:|1701091683\n|move|p1a: Lokix|Leech Life|p2a: Fable\n|-resisted|p2a: Fable\n|-damage|p2a: Fable|34\/100\n|-heal|p1a: Lokix|99\/100 tox|[from] drain|[of] p2a: Fable\n|move|p2a: Fable|Knock Off|p1a: Lokix\n|-damage|p1a: Lokix|78\/100 tox\n|-enditem|p1a: Lokix|Focus Sash|[from] move: Knock Off|[of] p2a: Fable\n|\n|-heal|p2a: Fable|40\/100|[from] item: Leftovers\n|-damage|p1a: Lokix|48\/100 tox|[from] psn\n|upkeep\n|turn|74\n|\n|t:|1701091699\n|move|p1a: Lokix|Leech Life|p2a: Fable\n|-resisted|p2a: Fable\n|-damage|p2a: Fable|0 fnt\n|-heal|p1a: Lokix|75\/100 tox|[from] drain|[of] p2a: Fable\n|faint|p2a: Fable\n|\n|-damage|p1a: Lokix|39\/100 tox|[from] psn\n|upkeep\n|\n|t:|1701091707\n|switch|p2a: Delta|Vaporeon, M, shiny|100\/100\n|-damage|p2a: Delta|88\/100|[from] Stealth Rock\n|turn|75\n|\n|t:|1701091713\n|move|p2a: Delta|Protect|p2a: Delta\n|-singleturn|p2a: Delta|Protect\n|move|p1a: Lokix|Leech Life|p2a: Delta\n|-activate|p2a: Delta|move: Protect\n|\n|-heal|p2a: Delta|94\/100|[from] item: Leftovers\n|-damage|p1a: Lokix|0 fnt|[from] psn\n|faint|p1a: Lokix\n|upkeep\n|\n|t:|1701091715\n|switch|p1a: \u4f60\u731c\u6211\u662f\u5f15\u706b\u8fd8\u662f\u788e\u88c2\uff1f|Ceruledge, M, shiny|100\/100\n|turn|76\n|\n|t:|1701091723\n|move|p1a: \u4f60\u731c\u6211\u662f\u5f15\u706b\u8fd8\u662f\u788e\u88c2\uff1f|Swords Dance|p1a: \u4f60\u731c\u6211\u662f\u5f15\u706b\u8fd8\u662f\u788e\u88c2\uff1f\n|-boost|p1a: \u4f60\u731c\u6211\u662f\u5f15\u706b\u8fd8\u662f\u788e\u88c2\uff1f|atk|2\n|move|p2a: Delta|Toxic|p1a: \u4f60\u731c\u6211\u662f\u5f15\u706b\u8fd8\u662f\u788e\u88c2\uff1f\n|-status|p1a: \u4f60\u731c\u6211\u662f\u5f15\u706b\u8fd8\u662f\u788e\u88c2\uff1f|tox\n|\n|-heal|p2a: Delta|100\/100|[from] item: Leftovers\n|-damage|p1a: \u4f60\u731c\u6211\u662f\u5f15\u706b\u8fd8\u662f\u788e\u88c2\uff1f|94\/100 tox|[from] psn\n|upkeep\n|turn|77\n|\n|t:|1701091730\n|move|p1a: \u4f60\u731c\u6211\u662f\u5f15\u706b\u8fd8\u662f\u788e\u88c2\uff1f|Swords Dance|p1a: \u4f60\u731c\u6211\u662f\u5f15\u706b\u8fd8\u662f\u788e\u88c2\uff1f\n|-boost|p1a: \u4f60\u731c\u6211\u662f\u5f15\u706b\u8fd8\u662f\u788e\u88c2\uff1f|atk|2\n|move|p2a: Delta|Wish|p2a: Delta\n|\n|-damage|p1a: \u4f60\u731c\u6211\u662f\u5f15\u706b\u8fd8\u662f\u788e\u88c2\uff1f|82\/100 tox|[from] psn\n|upkeep\n|turn|78\n|\n|t:|1701091740\n|move|p1a: \u4f60\u731c\u6211\u662f\u5f15\u706b\u8fd8\u662f\u788e\u88c2\uff1f|Bitter Blade|p2a: Delta\n|-resisted|p2a: Delta\n|-damage|p2a: Delta|51\/100\n|-heal|p1a: \u4f60\u731c\u6211\u662f\u5f15\u706b\u8fd8\u662f\u788e\u88c2\uff1f|100\/100 tox|[from] drain|[of] p2a: Delta\n|move|p2a: Delta|Toxic|p1a: \u4f60\u731c\u6211\u662f\u5f15\u706b\u8fd8\u662f\u788e\u88c2\uff1f\n|-fail|p1a: \u4f60\u731c\u6211\u662f\u5f15\u706b\u8fd8\u662f\u788e\u88c2\uff1f|tox\n|\n|-heal|p2a: Delta|100\/100|[from] move: Wish|[wisher] Delta\n|-damage|p1a: \u4f60\u731c\u6211\u662f\u5f15\u706b\u8fd8\u662f\u788e\u88c2\uff1f|82\/100 tox|[from] psn\n|upkeep\n|turn|79\n|\n|t:|1701091750\n|move|p1a: \u4f60\u731c\u6211\u662f\u5f15\u706b\u8fd8\u662f\u788e\u88c2\uff1f|Swords Dance|p1a: \u4f60\u731c\u6211\u662f\u5f15\u706b\u8fd8\u662f\u788e\u88c2\uff1f\n|-boost|p1a: \u4f60\u731c\u6211\u662f\u5f15\u706b\u8fd8\u662f\u788e\u88c2\uff1f|atk|2\n|move|p2a: Delta|Wish|p2a: Delta\n|\n|-damage|p1a: \u4f60\u731c\u6211\u662f\u5f15\u706b\u8fd8\u662f\u788e\u88c2\uff1f|57\/100 tox|[from] psn\n|upkeep\n|turn|80\n|\n|t:|1701091753\n|move|p1a: \u4f60\u731c\u6211\u662f\u5f15\u706b\u8fd8\u662f\u788e\u88c2\uff1f|Close Combat|p2a: Delta\n|-damage|p2a: Delta|0 fnt\n|-unboost|p1a: \u4f60\u731c\u6211\u662f\u5f15\u706b\u8fd8\u662f\u788e\u88c2\uff1f|def|1\n|-unboost|p1a: \u4f60\u731c\u6211\u662f\u5f15\u706b\u8fd8\u662f\u788e\u88c2\uff1f|spd|1\n|faint|p2a: Delta\n|\n|-damage|p1a: \u4f60\u731c\u6211\u662f\u5f15\u706b\u8fd8\u662f\u788e\u88c2\uff1f|26\/100 tox|[from] psn\n|upkeep\n|\n|t:|1701091759\n|switch|p2a: Death|Corsola-Galar, M, shiny|55\/100\n|-damage|p2a: Death|42\/100|[from] Stealth Rock\n|turn|81\n|\n|t:|1701091762\n|move|p2a: Death|Protect|p2a: Death\n|-singleturn|p2a: Death|Protect\n|move|p1a: \u4f60\u731c\u6211\u662f\u5f15\u706b\u8fd8\u662f\u788e\u88c2\uff1f|Shadow Sneak|p2a: Death\n|-activate|p2a: Death|move: Protect\n|\n|-damage|p1a: \u4f60\u731c\u6211\u662f\u5f15\u706b\u8fd8\u662f\u788e\u88c2\uff1f|0 fnt|[from] psn\n|faint|p1a: \u4f60\u731c\u6211\u662f\u5f15\u706b\u8fd8\u662f\u788e\u88c2\uff1f\n|upkeep\n|\n|t:|1701091765\n|switch|p1a: Alomomola|Alomomola, F, shiny|100\/100 tox\n|turn|82\n|\n|t:|1701091778\n|move|p1a: Alomomola|Scald|p2a: Death\n|-damage|p2a: Death|34\/100\n|move|p2a: Death|Strength Sap|p1a: Alomomola\n|-unboost|p1a: Alomomola|atk|1\n|-heal|p2a: Death|77\/100\n|\n|-damage|p1a: Alomomola|94\/100 tox|[from] psn\n|upkeep\n|turn|83\n|\n|t:|1701091790\n|switch|p2a: Fat Egg|Chansey, F, shiny|100\/100\n|-damage|p2a: Fat Egg|88\/100|[from] Stealth Rock\n|move|p1a: Alomomola|Scald|p2a: Fat Egg\n|-damage|p2a: Fat Egg|83\/100\n|-status|p2a: Fat Egg|brn\n|\n|-damage|p1a: Alomomola|82\/100 tox|[from] psn\n|-damage|p2a: Fat Egg|77\/100 brn|[from] brn\n|upkeep\n|turn|84\n|\n|t:|1701091796\n|move|p1a: Alomomola|Magic Coat|p1a: Alomomola\n|-singleturn|p1a: Alomomola|move: Magic Coat\n|move|p2a: Fat Egg|Seismic Toss|p1a: Alomomola\n|-damage|p1a: Alomomola|63\/100 tox\n|-damage|p2a: Fat Egg|61\/100 brn|[from] item: Rocky Helmet|[of] p1a: Alomomola\n|\n|-damage|p1a: Alomomola|45\/100 tox|[from] psn\n|-damage|p2a: Fat Egg|55\/100 brn|[from] brn\n|upkeep\n|turn|85\n|\n|t:|1701091799\n|move|p1a: Alomomola|Wish|p1a: Alomomola\n|move|p2a: Fat Egg|Seismic Toss|p1a: Alomomola\n|-damage|p1a: Alomomola|26\/100 tox\n|-damage|p2a: Fat Egg|38\/100 brn|[from] item: Rocky Helmet|[of] p1a: Alomomola\n|\n|-damage|p1a: Alomomola|1\/100 tox|[from] psn\n|-damage|p2a: Fat Egg|32\/100 brn|[from] brn\n|upkeep\n|turn|86\n|\n|t:|1701091808\n|move|p1a: Alomomola|Protect|p1a: Alomomola\n|-singleturn|p1a: Alomomola|Protect\n|move|p2a: Fat Egg|Seismic Toss|p1a: Alomomola\n|-activate|p1a: Alomomola|move: Protect\n|\n|-heal|p1a: Alomomola|51\/100 tox|[from] move: Wish|[wisher] Alomomola\n|-damage|p1a: Alomomola|20\/100 tox|[from] psn\n|-damage|p2a: Fat Egg|26\/100 brn|[from] brn\n|upkeep\n|turn|87\n|\n|t:|1701091815\n|move|p1a: Alomomola|Wish|p1a: Alomomola\n|move|p2a: Fat Egg|Soft-Boiled|p2a: Fat Egg\n|-heal|p2a: Fat Egg|76\/100 brn\n|\n|-damage|p1a: Alomomola|0 fnt|[from] psn\n|faint|p1a: Alomomola\n|-damage|p2a: Fat Egg|70\/100 brn|[from] brn\n|upkeep\n|\n|t:|1701091819\n|switch|p1a: \u5ca9\u77f3\u7684\u91cd\u91cf\u8ba9\u6211\u5b89\u5fc3|Garganacl, F, shiny|51\/100\n|turn|88\n|\n|t:|1701091824\n|move|p2a: Fat Egg|Seismic Toss|p1a: \u5ca9\u77f3\u7684\u91cd\u91cf\u8ba9\u6211\u5b89\u5fc3\n|-damage|p1a: \u5ca9\u77f3\u7684\u91cd\u91cf\u8ba9\u6211\u5b89\u5fc3|26\/100\n|move|p1a: \u5ca9\u77f3\u7684\u91cd\u91cf\u8ba9\u6211\u5b89\u5fc3|Curse|p1a: \u5ca9\u77f3\u7684\u91cd\u91cf\u8ba9\u6211\u5b89\u5fc3\n|-unboost|p1a: \u5ca9\u77f3\u7684\u91cd\u91cf\u8ba9\u6211\u5b89\u5fc3|spe|1\n|-boost|p1a: \u5ca9\u77f3\u7684\u91cd\u91cf\u8ba9\u6211\u5b89\u5fc3|atk|1\n|-boost|p1a: \u5ca9\u77f3\u7684\u91cd\u91cf\u8ba9\u6211\u5b89\u5fc3|def|1\n|\n|-heal|p1a: \u5ca9\u77f3\u7684\u91cd\u91cf\u8ba9\u6211\u5b89\u5fc3|92\/100|[from] move: Wish|[wisher] Alomomola\n|-heal|p1a: \u5ca9\u77f3\u7684\u91cd\u91cf\u8ba9\u6211\u5b89\u5fc3|99\/100|[from] item: Leftovers\n|-damage|p2a: Fat Egg|64\/100 brn|[from] brn\n|upkeep\n|turn|89\n|\n|t:|1701091830\n|move|p2a: Fat Egg|Seismic Toss|p1a: \u5ca9\u77f3\u7684\u91cd\u91cf\u8ba9\u6211\u5b89\u5fc3\n|-damage|p1a: \u5ca9\u77f3\u7684\u91cd\u91cf\u8ba9\u6211\u5b89\u5fc3|74\/100\n|move|p1a: \u5ca9\u77f3\u7684\u91cd\u91cf\u8ba9\u6211\u5b89\u5fc3|Salt Cure|p2a: Fat Egg\n|-damage|p2a: Fat Egg|49\/100 brn\n|-start|p2a: Fat Egg|Salt Cure\n|\n|-heal|p1a: \u5ca9\u77f3\u7684\u91cd\u91cf\u8ba9\u6211\u5b89\u5fc3|80\/100|[from] item: Leftovers\n|-damage|p2a: Fat Egg|43\/100 brn|[from] brn\n|-damage|p2a: Fat Egg|30\/100 brn|[from] Salt Cure\n|upkeep\n|turn|90\n|\n|t:|1701091843\n|move|p2a: Fat Egg|Seismic Toss|p1a: \u5ca9\u77f3\u7684\u91cd\u91cf\u8ba9\u6211\u5b89\u5fc3\n|-damage|p1a: \u5ca9\u77f3\u7684\u91cd\u91cf\u8ba9\u6211\u5b89\u5fc3|55\/100\n|move|p1a: \u5ca9\u77f3\u7684\u91cd\u91cf\u8ba9\u6211\u5b89\u5fc3|Curse|p1a: \u5ca9\u77f3\u7684\u91cd\u91cf\u8ba9\u6211\u5b89\u5fc3\n|-unboost|p1a: \u5ca9\u77f3\u7684\u91cd\u91cf\u8ba9\u6211\u5b89\u5fc3|spe|1\n|-boost|p1a: \u5ca9\u77f3\u7684\u91cd\u91cf\u8ba9\u6211\u5b89\u5fc3|atk|1\n|-boost|p1a: \u5ca9\u77f3\u7684\u91cd\u91cf\u8ba9\u6211\u5b89\u5fc3|def|1\n|\n|-heal|p1a: \u5ca9\u77f3\u7684\u91cd\u91cf\u8ba9\u6211\u5b89\u5fc3|61\/100|[from] item: Leftovers\n|-damage|p2a: Fat Egg|24\/100 brn|[from] brn\n|-damage|p2a: Fat Egg|12\/100 brn|[from] Salt Cure\n|upkeep\n|turn|91\n|\n|t:|1701091859\n|move|p2a: Fat Egg|Soft-Boiled|p2a: Fat Egg\n|-heal|p2a: Fat Egg|62\/100 brn\n|move|p1a: \u5ca9\u77f3\u7684\u91cd\u91cf\u8ba9\u6211\u5b89\u5fc3|Recover|p1a: \u5ca9\u77f3\u7684\u91cd\u91cf\u8ba9\u6211\u5b89\u5fc3\n|-heal|p1a: \u5ca9\u77f3\u7684\u91cd\u91cf\u8ba9\u6211\u5b89\u5fc3|100\/100\n|\n|-damage|p2a: Fat Egg|56\/100 brn|[from] brn\n|-damage|p2a: Fat Egg|43\/100 brn|[from] Salt Cure\n|upkeep\n|turn|92\n|\n|t:|1701091868\n|-curestatus|p2a: Fat Egg|brn|[from] ability: Natural Cure\n|switch|p2a: Death|Corsola-Galar, M, shiny|77\/100\n|-damage|p2a: Death|64\/100|[from] Stealth Rock\n|move|p1a: \u5ca9\u77f3\u7684\u91cd\u91cf\u8ba9\u6211\u5b89\u5fc3|Curse|p1a: \u5ca9\u77f3\u7684\u91cd\u91cf\u8ba9\u6211\u5b89\u5fc3\n|-unboost|p1a: \u5ca9\u77f3\u7684\u91cd\u91cf\u8ba9\u6211\u5b89\u5fc3|spe|1\n|-boost|p1a: \u5ca9\u77f3\u7684\u91cd\u91cf\u8ba9\u6211\u5b89\u5fc3|atk|1\n|-boost|p1a: \u5ca9\u77f3\u7684\u91cd\u91cf\u8ba9\u6211\u5b89\u5fc3|def|1\n|\n|upkeep\n|turn|93\n|\n|t:|1701091873\n|move|p2a: Death|Haze|p2a: Death\n|-clearallboost\n|move|p1a: \u5ca9\u77f3\u7684\u91cd\u91cf\u8ba9\u6211\u5b89\u5fc3|Salt Cure|p2a: Death\n|-damage|p2a: Death|56\/100\n|-start|p2a: Death|Salt Cure\n|\n|-damage|p2a: Death|43\/100|[from] Salt Cure\n|upkeep\n|turn|94\n|\n|t:|1701091880\n|move|p1a: \u5ca9\u77f3\u7684\u91cd\u91cf\u8ba9\u6211\u5b89\u5fc3|Iron Head|p2a: Death\n|-damage|p2a: Death|33\/100\n|move|p2a: Death|Strength Sap|p1a: \u5ca9\u77f3\u7684\u91cd\u91cf\u8ba9\u6211\u5b89\u5fc3\n|-unboost|p1a: \u5ca9\u77f3\u7684\u91cd\u91cf\u8ba9\u6211\u5b89\u5fc3|atk|1\n|-heal|p2a: Death|100\/100\n|\n|-damage|p2a: Death|88\/100|[from] Salt Cure\n|upkeep\n|turn|95\n|\n|t:|1701091887\n|move|p1a: \u5ca9\u77f3\u7684\u91cd\u91cf\u8ba9\u6211\u5b89\u5fc3|Iron Head|p2a: Death\n|-damage|p2a: Death|80\/100\n|-start|p1a: \u5ca9\u77f3\u7684\u91cd\u91cf\u8ba9\u6211\u5b89\u5fc3|Disable|Iron Head|[from] ability: Cursed Body|[of] p2a: Death\n|move|p2a: Death|Night Shade|p1a: \u5ca9\u77f3\u7684\u91cd\u91cf\u8ba9\u6211\u5b89\u5fc3\n|-damage|p1a: \u5ca9\u77f3\u7684\u91cd\u91cf\u8ba9\u6211\u5b89\u5fc3|76\/100\n|\n|-heal|p1a: \u5ca9\u77f3\u7684\u91cd\u91cf\u8ba9\u6211\u5b89\u5fc3|82\/100|[from] item: Leftovers\n|-damage|p2a: Death|68\/100|[from] Salt Cure\n|upkeep\n|turn|96\n|\n|t:|1701091895\n|move|p1a: \u5ca9\u77f3\u7684\u91cd\u91cf\u8ba9\u6211\u5b89\u5fc3|Salt Cure|p2a: Death\n|-damage|p2a: Death|61\/100\n|move|p2a: Death|Night Shade|p1a: \u5ca9\u77f3\u7684\u91cd\u91cf\u8ba9\u6211\u5b89\u5fc3\n|-damage|p1a: \u5ca9\u77f3\u7684\u91cd\u91cf\u8ba9\u6211\u5b89\u5fc3|57\/100\n|\n|-heal|p1a: \u5ca9\u77f3\u7684\u91cd\u91cf\u8ba9\u6211\u5b89\u5fc3|63\/100|[from] item: Leftovers\n|-damage|p2a: Death|49\/100|[from] Salt Cure\n|upkeep\n|turn|97\n|\n|t:|1701091902\n|switch|p2a: Fat Egg|Chansey, F, shiny|43\/100\n|-damage|p2a: Fat Egg|31\/100|[from] Stealth Rock\n|move|p1a: \u5ca9\u77f3\u7684\u91cd\u91cf\u8ba9\u6211\u5b89\u5fc3|Salt Cure|p2a: Fat Egg\n|-damage|p2a: Fat Egg|25\/100\n|-start|p2a: Fat Egg|Salt Cure\n|\n|-heal|p1a: \u5ca9\u77f3\u7684\u91cd\u91cf\u8ba9\u6211\u5b89\u5fc3|70\/100|[from] item: Leftovers\n|-damage|p2a: Fat Egg|13\/100|[from] Salt Cure\n|upkeep\n|turn|98\n|\n|t:|1701091908\n|move|p2a: Fat Egg|Soft-Boiled|p2a: Fat Egg\n|-heal|p2a: Fat Egg|63\/100\n|move|p1a: \u5ca9\u77f3\u7684\u91cd\u91cf\u8ba9\u6211\u5b89\u5fc3|Curse|p1a: \u5ca9\u77f3\u7684\u91cd\u91cf\u8ba9\u6211\u5b89\u5fc3\n|-unboost|p1a: \u5ca9\u77f3\u7684\u91cd\u91cf\u8ba9\u6211\u5b89\u5fc3|spe|1\n|-boost|p1a: \u5ca9\u77f3\u7684\u91cd\u91cf\u8ba9\u6211\u5b89\u5fc3|atk|1\n|-boost|p1a: \u5ca9\u77f3\u7684\u91cd\u91cf\u8ba9\u6211\u5b89\u5fc3|def|1\n|\n|-heal|p1a: \u5ca9\u77f3\u7684\u91cd\u91cf\u8ba9\u6211\u5b89\u5fc3|76\/100|[from] item: Leftovers\n|-damage|p2a: Fat Egg|50\/100|[from] Salt Cure\n|-end|p1a: \u5ca9\u77f3\u7684\u91cd\u91cf\u8ba9\u6211\u5b89\u5fc3|Disable\n|upkeep\n|turn|99\n|\n|t:|1701091912\n|move|p2a: Fat Egg|Soft-Boiled|p2a: Fat Egg\n|-heal|p2a: Fat Egg|99\/100\n|move|p1a: \u5ca9\u77f3\u7684\u91cd\u91cf\u8ba9\u6211\u5b89\u5fc3|Curse|p1a: \u5ca9\u77f3\u7684\u91cd\u91cf\u8ba9\u6211\u5b89\u5fc3\n|-unboost|p1a: \u5ca9\u77f3\u7684\u91cd\u91cf\u8ba9\u6211\u5b89\u5fc3|spe|1\n|-boost|p1a: \u5ca9\u77f3\u7684\u91cd\u91cf\u8ba9\u6211\u5b89\u5fc3|atk|1\n|-boost|p1a: \u5ca9\u77f3\u7684\u91cd\u91cf\u8ba9\u6211\u5b89\u5fc3|def|1\n|\n|-heal|p1a: \u5ca9\u77f3\u7684\u91cd\u91cf\u8ba9\u6211\u5b89\u5fc3|82\/100|[from] item: Leftovers\n|-damage|p2a: Fat Egg|88\/100|[from] Salt Cure\n|upkeep\n|turn|100\n|\n|t:|1701091925\n|switch|p2a: Death|Corsola-Galar, M, shiny|49\/100\n|-damage|p2a: Death|37\/100|[from] Stealth Rock\n|move|p1a: \u5ca9\u77f3\u7684\u91cd\u91cf\u8ba9\u6211\u5b89\u5fc3|Salt Cure|p2a: Death\n|-damage|p2a: Death|23\/100\n|-start|p2a: Death|Salt Cure\n|\n|-heal|p1a: \u5ca9\u77f3\u7684\u91cd\u91cf\u8ba9\u6211\u5b89\u5fc3|88\/100|[from] item: Leftovers\n|-damage|p2a: Death|10\/100|[from] Salt Cure\n|upkeep\n|turn|101\n|\n|t:|1701091931\n|move|p2a: Death|Strength Sap|p1a: \u5ca9\u77f3\u7684\u91cd\u91cf\u8ba9\u6211\u5b89\u5fc3\n|-unboost|p1a: \u5ca9\u77f3\u7684\u91cd\u91cf\u8ba9\u6211\u5b89\u5fc3|atk|1\n|-heal|p2a: Death|100\/100\n|move|p1a: \u5ca9\u77f3\u7684\u91cd\u91cf\u8ba9\u6211\u5b89\u5fc3|Salt Cure|p2a: Death\n|-damage|p2a: Death|91\/100\n|\n|-heal|p1a: \u5ca9\u77f3\u7684\u91cd\u91cf\u8ba9\u6211\u5b89\u5fc3|94\/100|[from] item: Leftovers\n|-damage|p2a: Death|79\/100|[from] Salt Cure\n|upkeep\n|turn|102\n|\n|t:|1701091939\n|move|p2a: Death|Night Shade|p1a: \u5ca9\u77f3\u7684\u91cd\u91cf\u8ba9\u6211\u5b89\u5fc3\n|-damage|p1a: \u5ca9\u77f3\u7684\u91cd\u91cf\u8ba9\u6211\u5b89\u5fc3|70\/100\n|move|p1a: \u5ca9\u77f3\u7684\u91cd\u91cf\u8ba9\u6211\u5b89\u5fc3|Curse|p1a: \u5ca9\u77f3\u7684\u91cd\u91cf\u8ba9\u6211\u5b89\u5fc3\n|-unboost|p1a: \u5ca9\u77f3\u7684\u91cd\u91cf\u8ba9\u6211\u5b89\u5fc3|spe|1\n|-boost|p1a: \u5ca9\u77f3\u7684\u91cd\u91cf\u8ba9\u6211\u5b89\u5fc3|atk|1\n|-boost|p1a: \u5ca9\u77f3\u7684\u91cd\u91cf\u8ba9\u6211\u5b89\u5fc3|def|1\n|\n|-heal|p1a: \u5ca9\u77f3\u7684\u91cd\u91cf\u8ba9\u6211\u5b89\u5fc3|76\/100|[from] item: Leftovers\n|-damage|p2a: Death|67\/100|[from] Salt Cure\n|upkeep\n|turn|103\n|\n|t:|1701091952\n|move|p2a: Death|Protect|p2a: Death\n|-singleturn|p2a: Death|Protect\n|move|p1a: \u5ca9\u77f3\u7684\u91cd\u91cf\u8ba9\u6211\u5b89\u5fc3|Salt Cure|p2a: Death\n|-activate|p2a: Death|move: Protect\n|\n|-heal|p1a: \u5ca9\u77f3\u7684\u91cd\u91cf\u8ba9\u6211\u5b89\u5fc3|82\/100|[from] item: Leftovers\n|-damage|p2a: Death|54\/100|[from] Salt Cure\n|upkeep\n|turn|104\n|\n|t:|1701091958\n|move|p2a: Death|Night Shade|p1a: \u5ca9\u77f3\u7684\u91cd\u91cf\u8ba9\u6211\u5b89\u5fc3\n|-damage|p1a: \u5ca9\u77f3\u7684\u91cd\u91cf\u8ba9\u6211\u5b89\u5fc3|57\/100\n|move|p1a: \u5ca9\u77f3\u7684\u91cd\u91cf\u8ba9\u6211\u5b89\u5fc3|Curse|p1a: \u5ca9\u77f3\u7684\u91cd\u91cf\u8ba9\u6211\u5b89\u5fc3\n|-unboost|p1a: \u5ca9\u77f3\u7684\u91cd\u91cf\u8ba9\u6211\u5b89\u5fc3|spe|1\n|-boost|p1a: \u5ca9\u77f3\u7684\u91cd\u91cf\u8ba9\u6211\u5b89\u5fc3|atk|1\n|-boost|p1a: \u5ca9\u77f3\u7684\u91cd\u91cf\u8ba9\u6211\u5b89\u5fc3|def|1\n|\n|-heal|p1a: \u5ca9\u77f3\u7684\u91cd\u91cf\u8ba9\u6211\u5b89\u5fc3|63\/100|[from] item: Leftovers\n|-damage|p2a: Death|42\/100|[from] Salt Cure\n|upkeep\n|turn|105\n|\n|t:|1701091967\n|move|p2a: Death|Strength Sap|p1a: \u5ca9\u77f3\u7684\u91cd\u91cf\u8ba9\u6211\u5b89\u5fc3\n|-unboost|p1a: \u5ca9\u77f3\u7684\u91cd\u91cf\u8ba9\u6211\u5b89\u5fc3|atk|1\n|-heal|p2a: Death|100\/100\n|move|p1a: \u5ca9\u77f3\u7684\u91cd\u91cf\u8ba9\u6211\u5b89\u5fc3|Iron Head|p2a: Death\n|-damage|p2a: Death|83\/100\n|\n|-heal|p1a: \u5ca9\u77f3\u7684\u91cd\u91cf\u8ba9\u6211\u5b89\u5fc3|70\/100|[from] item: Leftovers\n|-damage|p2a: Death|71\/100|[from] Salt Cure\n|upkeep\n|turn|106\n|c|\u2606SShadow605|I don't think your garg is gonna win this ngl\n|\n|t:|1701091980\n|move|p2a: Death|Protect|p2a: Death\n|-singleturn|p2a: Death|Protect\n|move|p1a: \u5ca9\u77f3\u7684\u91cd\u91cf\u8ba9\u6211\u5b89\u5fc3|Curse|p1a: \u5ca9\u77f3\u7684\u91cd\u91cf\u8ba9\u6211\u5b89\u5fc3\n|-unboost|p1a: \u5ca9\u77f3\u7684\u91cd\u91cf\u8ba9\u6211\u5b89\u5fc3|spe|1\n|-boost|p1a: \u5ca9\u77f3\u7684\u91cd\u91cf\u8ba9\u6211\u5b89\u5fc3|atk|1\n|-boost|p1a: \u5ca9\u77f3\u7684\u91cd\u91cf\u8ba9\u6211\u5b89\u5fc3|def|1\n|\n|-heal|p1a: \u5ca9\u77f3\u7684\u91cd\u91cf\u8ba9\u6211\u5b89\u5fc3|76\/100|[from] item: Leftovers\n|-damage|p2a: Death|59\/100|[from] Salt Cure\n|upkeep\n|turn|107\n|\n|t:|1701092002\n|move|p2a: Death|Haze|p2a: Death\n|-clearallboost\n|move|p1a: \u5ca9\u77f3\u7684\u91cd\u91cf\u8ba9\u6211\u5b89\u5fc3|Salt Cure|p2a: Death\n|-damage|p2a: Death|49\/100\n|\n|-heal|p1a: \u5ca9\u77f3\u7684\u91cd\u91cf\u8ba9\u6211\u5b89\u5fc3|82\/100|[from] item: Leftovers\n|-damage|p2a: Death|37\/100|[from] Salt Cure\n|upkeep\n|turn|108\n|\n|t:|1701092013\n|move|p1a: \u5ca9\u77f3\u7684\u91cd\u91cf\u8ba9\u6211\u5b89\u5fc3|Iron Head|p2a: Death\n|-damage|p2a: Death|26\/100\n|-start|p1a: \u5ca9\u77f3\u7684\u91cd\u91cf\u8ba9\u6211\u5b89\u5fc3|Disable|Iron Head|[from] ability: Cursed Body|[of] p2a: Death\n|cant|p2a: Death|flinch\n|\n|-heal|p1a: \u5ca9\u77f3\u7684\u91cd\u91cf\u8ba9\u6211\u5b89\u5fc3|88\/100|[from] item: Leftovers\n|-damage|p2a: Death|13\/100|[from] Salt Cure\n|upkeep\n|turn|109\n|\n|t:|1701092021\n|move|p1a: \u5ca9\u77f3\u7684\u91cd\u91cf\u8ba9\u6211\u5b89\u5fc3|Salt Cure|p2a: Death\n|-damage|p2a: Death|4\/100\n|move|p2a: Death|Strength Sap|p1a: \u5ca9\u77f3\u7684\u91cd\u91cf\u8ba9\u6211\u5b89\u5fc3\n|-unboost|p1a: \u5ca9\u77f3\u7684\u91cd\u91cf\u8ba9\u6211\u5b89\u5fc3|atk|1\n|-heal|p2a: Death|84\/100\n|\n|-heal|p1a: \u5ca9\u77f3\u7684\u91cd\u91cf\u8ba9\u6211\u5b89\u5fc3|94\/100|[from] item: Leftovers\n|-damage|p2a: Death|72\/100|[from] Salt Cure\n|upkeep\n|turn|110\n|\n|t:|1701092029\n|move|p1a: \u5ca9\u77f3\u7684\u91cd\u91cf\u8ba9\u6211\u5b89\u5fc3|Curse|p1a: \u5ca9\u77f3\u7684\u91cd\u91cf\u8ba9\u6211\u5b89\u5fc3\n|-unboost|p1a: \u5ca9\u77f3\u7684\u91cd\u91cf\u8ba9\u6211\u5b89\u5fc3|spe|1\n|-boost|p1a: \u5ca9\u77f3\u7684\u91cd\u91cf\u8ba9\u6211\u5b89\u5fc3|atk|1\n|-boost|p1a: \u5ca9\u77f3\u7684\u91cd\u91cf\u8ba9\u6211\u5b89\u5fc3|def|1\n|move|p2a: Death|Haze|p2a: Death\n|-clearallboost\n|\n|-heal|p1a: \u5ca9\u77f3\u7684\u91cd\u91cf\u8ba9\u6211\u5b89\u5fc3|100\/100|[from] item: Leftovers\n|-damage|p2a: Death|59\/100|[from] Salt Cure\n|upkeep\n|turn|111\n|\n|t:|1701092036\n|move|p1a: \u5ca9\u77f3\u7684\u91cd\u91cf\u8ba9\u6211\u5b89\u5fc3|Salt Cure|p2a: Death\n|-damage|p2a: Death|51\/100\n|move|p2a: Death|Haze|p2a: Death\n|-clearallboost\n|\n|-damage|p2a: Death|39\/100|[from] Salt Cure\n|-end|p1a: \u5ca9\u77f3\u7684\u91cd\u91cf\u8ba9\u6211\u5b89\u5fc3|Disable\n|upkeep\n|turn|112\n|\n|t:|1701092043\n|move|p1a: \u5ca9\u77f3\u7684\u91cd\u91cf\u8ba9\u6211\u5b89\u5fc3|Iron Head|p2a: Death\n|-damage|p2a: Death|27\/100\n|move|p2a: Death|Strength Sap|p1a: \u5ca9\u77f3\u7684\u91cd\u91cf\u8ba9\u6211\u5b89\u5fc3\n|-unboost|p1a: \u5ca9\u77f3\u7684\u91cd\u91cf\u8ba9\u6211\u5b89\u5fc3|atk|1\n|-heal|p2a: Death|100\/100\n|\n|-damage|p2a: Death|88\/100|[from] Salt Cure\n|upkeep\n|turn|113\n|\n|t:|1701092052\n|move|p2a: Death|Protect|p2a: Death\n|-singleturn|p2a: Death|Protect\n|move|p1a: \u5ca9\u77f3\u7684\u91cd\u91cf\u8ba9\u6211\u5b89\u5fc3|Iron Head|p2a: Death\n|-activate|p2a: Death|move: Protect\n|\n|-damage|p2a: Death|76\/100|[from] Salt Cure\n|upkeep\n|turn|114\n|-message|longzaizi forfeited.\n|\n|win|SShadow605\n|raw|longzaizi's rating: 1301 &rarr; <strong>1283<\/strong><br \/>(-18 for losing)\n|raw|SShadow605's rating: 1336 &rarr; <strong>1354<\/strong><br \/>(+18 for winning)\n|l|\u2606longzaizi\n|c|\u2606SShadow605|gg wp\n","uploadtime":1701092066,"views":7,"p1id":"longzaizi","p2id":"sshadow605","formatid":"gen9nationaldexubers","rating":1283,"private":0,"password":""}