{"id":"gen9nationaldexubers-1980365929","p1":"AlastorTheOverLord","p2":"Jimmy9876543567878","format":"[Gen 9] National Dex Ubers","log":"|j|\u2606AlastorTheOverLord\n|j|\u2606Jimmy9876543567878\n|t:|1698778698\n|gametype|singles\n|player|p1|AlastorTheOverLord|n|1203\n|player|p2|Jimmy9876543567878|169|1322\n|teamsize|p1|6\n|teamsize|p2|6\n|gen|9\n|tier|[Gen 9] National Dex Ubers\n|rated|\n|rule|HP Percentage Mod: HP is shown in percentages\n|rule|Endless Battle Clause: Forcing endless battles is banned\n|rule|OHKO Clause: OHKO moves are banned\n|rule|Evasion Moves Clause: Evasion moves are banned\n|rule|Evasion Items Clause: Evasion items are banned\n|rule|Species Clause: Limit one of each Pok\u00e9mon\n|rule|Sleep Clause Mod: Limit one foe put to sleep\n|rule|Mega Rayquaza Clause: You cannot mega evolve Rayquaza\n|clearpoke\n|poke|p1|Ninetales, M|\n|poke|p1|Venusaur, M|\n|poke|p1|Zamazenta-*|\n|poke|p1|Kingambit, M|\n|poke|p1|Houndoom, M|\n|poke|p1|Rillaboom, M|\n|poke|p2|Heatran, M|\n|poke|p2|Necrozma-Dusk-Mane|\n|poke|p2|Kangaskhan, F|\n|poke|p2|Ogerpon-Wellspring, F|\n|poke|p2|Cresselia, F|\n|poke|p2|Glimmora, F|\n|teampreview\n|inactive|Battle timer is ON: inactive players will automatically lose when time's up. (requested by Jimmy9876543567878)\n|inactive|AlastorTheOverLord also wants the timer to be on.\n|inactive|AlastorTheOverLord has 120 seconds left.\n|\n|t:|1698778759\n|start\n|switch|p1a: Ninetales|Ninetales, M|100\/100\n|switch|p2a: Guess my item|Glimmora, F|100\/100\n|-weather|SunnyDay|[from] ability: Drought|[of] p1a: Ninetales\n|turn|1\n|\n|t:|1698778772\n|move|p1a: Ninetales|Scorching Sands|p2a: Guess my item\n|-supereffective|p2a: Guess my item\n|-damage|p2a: Guess my item|21\/100\n|move|p2a: Guess my item|Stealth Rock|p1a: Ninetales\n|-sidestart|p1: AlastorTheOverLord|move: Stealth Rock\n|\n|-weather|SunnyDay|[upkeep]\n|upkeep\n|turn|2\n|\n|t:|1698778781\n|-terastallize|p2a: Guess my item|Flying\n|move|p1a: Ninetales|Scorching Sands|p2a: Guess my item\n|-immune|p2a: Guess my item\n|move|p2a: Guess my item|Toxic Spikes|p1a: Ninetales\n|-sidestart|p1: AlastorTheOverLord|move: Toxic Spikes\n|\n|-weather|SunnyDay|[upkeep]\n|upkeep\n|turn|3\n|\n|t:|1698778789\n|move|p1a: Ninetales|Fire Blast|p2a: Guess my item\n|-damage|p2a: Guess my item|0 fnt\n|faint|p2a: Guess my item\n|\n|-weather|SunnyDay|[upkeep]\n|upkeep\n|\n|t:|1698778798\n|switch|p2a: Tragedy|Ogerpon-Wellspring, F|100\/100\n|turn|4\n|\n|t:|1698778810\n|move|p2a: Tragedy|Swords Dance|p2a: Tragedy\n|-boost|p2a: Tragedy|atk|2\n|move|p1a: Ninetales|Will-O-Wisp|p2a: Tragedy\n|-status|p2a: Tragedy|brn\n|\n|-weather|SunnyDay|[upkeep]\n|-damage|p2a: Tragedy|95\/100 brn|[from] brn\n|upkeep\n|turn|5\n|\n|t:|1698778820\n|switch|p1a: Rillaboom|Rillaboom, M|100\/100\n|-damage|p1a: Rillaboom|88\/100|[from] Stealth Rock\n|-status|p1a: Rillaboom|psn\n|-fieldstart|move: Grassy Terrain|[from] ability: Grassy Surge|[of] p1a: Rillaboom\n|move|p2a: Tragedy|Ivy Cudgel|p1a: Rillaboom\n|-resisted|p1a: Rillaboom\n|-damage|p1a: Rillaboom|72\/100 psn\n|\n|-weather|SunnyDay|[upkeep]\n|-heal|p2a: Tragedy|100\/100 brn|[from] Grassy Terrain\n|-heal|p1a: Rillaboom|78\/100 psn|[from] Grassy Terrain\n|-damage|p1a: Rillaboom|65\/100 psn|[from] psn\n|-damage|p2a: Tragedy|95\/100 brn|[from] brn\n|upkeep\n|turn|6\n|\n|t:|1698778836\n|move|p2a: Tragedy|U-turn|p1a: Rillaboom\n|-supereffective|p1a: Rillaboom\n|-damage|p1a: Rillaboom|6\/100 psn\n|\n|t:|1698778842\n|switch|p2a: I Like light|Necrozma-Dusk-Mane|100\/100|[from] U-turn\n|move|p1a: Rillaboom|U-turn|p2a: I Like light\n|-damage|p2a: I Like light|81\/100\n|\n|t:|1698778849\n|switch|p1a: Venusaur|Venusaur, M|100\/100|[from] U-turn\n|-damage|p1a: Venusaur|88\/100|[from] Stealth Rock\n|-sideend|p1: AlastorTheOverLord|move: Toxic Spikes|[of] p1a: Venusaur\n|\n|-weather|SunnyDay|[upkeep]\n|-heal|p1a: Venusaur|94\/100|[from] Grassy Terrain\n|-heal|p2a: I Like light|88\/100|[from] Grassy Terrain\n|upkeep\n|turn|7\n|\n|t:|1698778865\n|move|p1a: Venusaur|Weather Ball|p2a: I Like light\n|-supereffective|p2a: I Like light\n|-damage|p2a: I Like light|6\/100\n|-damage|p1a: Venusaur|84\/100|[from] item: Life Orb\n|move|p2a: I Like light|Dragon Dance|p2a: I Like light\n|-boost|p2a: I Like light|atk|1\n|-boost|p2a: I Like light|spe|1\n|\n|-weather|SunnyDay|[upkeep]\n|-heal|p1a: Venusaur|90\/100|[from] Grassy Terrain\n|-heal|p2a: I Like light|12\/100|[from] Grassy Terrain\n|upkeep\n|turn|8\n|\n|t:|1698778878\n|detailschange|p2a: I Like light|Necrozma-Ultra\n|-burst|p2a: I Like light|Necrozma|Ultranecrozium Z\n|move|p1a: Venusaur|Weather Ball|p2a: I Like light\n|-resisted|p2a: I Like light\n|-damage|p2a: I Like light|0 fnt\n|faint|p2a: I Like light\n|-damage|p1a: Venusaur|80\/100|[from] item: Life Orb\n|\n|-weather|none\n|-heal|p1a: Venusaur|86\/100|[from] Grassy Terrain\n|upkeep\n|\n|t:|1698778890\n|switch|p2a: Portable heater|Heatran, M|100\/100\n|turn|9\n|\n|t:|1698778908\n|move|p1a: Venusaur|Earth Power|p2a: Portable heater\n|-supereffective|p2a: Portable heater\n|-damage|p2a: Portable heater|0 fnt\n|faint|p2a: Portable heater\n|-damage|p1a: Venusaur|76\/100|[from] item: Life Orb\n|\n|-heal|p1a: Venusaur|82\/100|[from] Grassy Terrain\n|upkeep\n|\n|t:|1698778923\n|switch|p2a: Tragedy|Ogerpon-Wellspring, F|95\/100 brn\n|turn|10\n|\n|t:|1698778929\n|move|p2a: Tragedy|U-turn|p1a: Venusaur\n|-damage|p1a: Venusaur|63\/100\n|\n|t:|1698778932\n|switch|p2a: Not a Fairy?|Cresselia, F|100\/100|[from] U-turn\n|move|p1a: Venusaur|Sludge Bomb|p2a: Not a Fairy?\n|-damage|p2a: Not a Fairy?|69\/100\n|-damage|p1a: Venusaur|53\/100|[from] item: Life Orb\n|\n|-heal|p1a: Venusaur|59\/100|[from] Grassy Terrain\n|-heal|p2a: Not a Fairy?|75\/100|[from] item: Leftovers\n|upkeep\n|turn|11\n|\n|t:|1698778947\n|switch|p1a: Ninetales|Ninetales, M|100\/100\n|-damage|p1a: Ninetales|75\/100|[from] Stealth Rock\n|-weather|SunnyDay|[from] ability: Drought|[of] p1a: Ninetales\n|move|p2a: Not a Fairy?|Substitute|p2a: Not a Fairy?\n|-start|p2a: Not a Fairy?|Substitute\n|-damage|p2a: Not a Fairy?|50\/100\n|\n|-weather|SunnyDay|[upkeep]\n|-heal|p1a: Ninetales|82\/100|[from] Grassy Terrain\n|-heal|p2a: Not a Fairy?|56\/100|[from] item: Leftovers\n|upkeep\n|turn|12\n|\n|t:|1698778959\n|move|p1a: Ninetales|Fire Blast|p2a: Not a Fairy?\n|-end|p2a: Not a Fairy?|Substitute\n|move|p2a: Not a Fairy?|Calm Mind|p2a: Not a Fairy?\n|-boost|p2a: Not a Fairy?|spa|1\n|-boost|p2a: Not a Fairy?|spd|1\n|\n|-weather|SunnyDay|[upkeep]\n|-heal|p1a: Ninetales|88\/100|[from] Grassy Terrain\n|-heal|p2a: Not a Fairy?|62\/100|[from] item: Leftovers\n|-fieldend|move: Grassy Terrain\n|upkeep\n|turn|13\n|\n|t:|1698778974\n|move|p1a: Ninetales|Fire Blast|p2a: Not a Fairy?|[miss]\n|-miss|p1a: Ninetales|p2a: Not a Fairy?\n|move|p2a: Not a Fairy?|Moonlight|p2a: Not a Fairy?\n|-heal|p2a: Not a Fairy?|100\/100\n|\n|-weather|SunnyDay|[upkeep]\n|upkeep\n|turn|14\n|\n|t:|1698778982\n|switch|p1a: Kingambit|Kingambit, M|100\/100\n|-damage|p1a: Kingambit|94\/100|[from] Stealth Rock\n|move|p2a: Not a Fairy?|Calm Mind|p2a: Not a Fairy?\n|-boost|p2a: Not a Fairy?|spa|1\n|-boost|p2a: Not a Fairy?|spd|1\n|\n|-weather|SunnyDay|[upkeep]\n|-heal|p1a: Kingambit|100\/100|[from] item: Leftovers\n|upkeep\n|turn|15\n|\n|t:|1698778994\n|switch|p2a: Tragedy|Ogerpon-Wellspring, F|95\/100 brn\n|move|p1a: Kingambit|Kowtow Cleave|p2a: Tragedy\n|-damage|p2a: Tragedy|27\/100 brn\n|\n|-weather|SunnyDay|[upkeep]\n|-damage|p2a: Tragedy|21\/100 brn|[from] brn\n|upkeep\n|turn|16\n|\n|t:|1698779003\n|move|p1a: Kingambit|Sucker Punch|p2a: Tragedy\n|-damage|p2a: Tragedy|0 fnt\n|faint|p2a: Tragedy\n|\n|-weather|SunnyDay|[upkeep]\n|upkeep\n|\n|t:|1698779009\n|switch|p2a: Single mom|Kangaskhan, F|100\/100\n|turn|17\n|\n|t:|1698779015\n|detailschange|p2a: Single mom|Kangaskhan-Mega, F\n|-mega|p2a: Single mom|Kangaskhan|Kangaskhanite\n|move|p2a: Single mom|Fake Out|p1a: Kingambit\n|-resisted|p1a: Kingambit\n|-damage|p1a: Kingambit|93\/100\n|-resisted|p1a: Kingambit\n|-damage|p1a: Kingambit|91\/100\n|-hitcount|p1a: Kingambit|2\n|cant|p1a: Kingambit|flinch\n|\n|-weather|SunnyDay|[upkeep]\n|-heal|p1a: Kingambit|98\/100|[from] item: Leftovers\n|upkeep\n|turn|18\n|\n|t:|1698779030\n|-terastallize|p1a: Kingambit|Dark\n|move|p2a: Single mom|Drain Punch|p1a: Kingambit\n|-supereffective|p1a: Kingambit\n|-damage|p1a: Kingambit|57\/100\n|-supereffective|p1a: Kingambit\n|-damage|p1a: Kingambit|47\/100\n|-hitcount|p1a: Kingambit|2\n|move|p1a: Kingambit|Low Kick|p2a: Single mom\n|-supereffective|p2a: Single mom\n|-damage|p2a: Single mom|19\/100\n|\n|-weather|none\n|-heal|p1a: Kingambit|54\/100|[from] item: Leftovers\n|upkeep\n|turn|19\n|\n|t:|1698779043\n|move|p1a: Kingambit|Sucker Punch|p2a: Single mom\n|-damage|p2a: Single mom|0 fnt\n|faint|p2a: Single mom\n|\n|-heal|p1a: Kingambit|60\/100|[from] item: Leftovers\n|upkeep\n|\n|t:|1698779051\n|switch|p2a: Not a Fairy?|Cresselia, F|100\/100\n|turn|20\n|\n|t:|1698779056\n|move|p1a: Kingambit|Sucker Punch||[still]\n|-fail|p1a: Kingambit\n|move|p2a: Not a Fairy?|Substitute|p2a: Not a Fairy?\n|-start|p2a: Not a Fairy?|Substitute\n|-damage|p2a: Not a Fairy?|76\/100\n|\n|-heal|p2a: Not a Fairy?|82\/100|[from] item: Leftovers\n|-heal|p1a: Kingambit|66\/100|[from] item: Leftovers\n|upkeep\n|turn|21\n|\n|t:|1698779065\n|move|p2a: Not a Fairy?|Calm Mind|p2a: Not a Fairy?\n|-boost|p2a: Not a Fairy?|spa|1\n|-boost|p2a: Not a Fairy?|spd|1\n|move|p1a: Kingambit|Kowtow Cleave|p2a: Not a Fairy?\n|-supereffective|p2a: Not a Fairy?\n|-end|p2a: Not a Fairy?|Substitute\n|\n|-heal|p2a: Not a Fairy?|88\/100|[from] item: Leftovers\n|-heal|p1a: Kingambit|72\/100|[from] item: Leftovers\n|upkeep\n|turn|22\n|\n|t:|1698779076\n|move|p2a: Not a Fairy?|Substitute|p2a: Not a Fairy?\n|-start|p2a: Not a Fairy?|Substitute\n|-damage|p2a: Not a Fairy?|63\/100\n|move|p1a: Kingambit|Kowtow Cleave|p2a: Not a Fairy?\n|-supereffective|p2a: Not a Fairy?\n|-crit|p2a: Not a Fairy?\n|-end|p2a: Not a Fairy?|Substitute\n|\n|-heal|p2a: Not a Fairy?|69\/100|[from] item: Leftovers\n|-heal|p1a: Kingambit|78\/100|[from] item: Leftovers\n|upkeep\n|turn|23\n|\n|t:|1698779087\n|move|p2a: Not a Fairy?|Substitute|p2a: Not a Fairy?\n|-start|p2a: Not a Fairy?|Substitute\n|-damage|p2a: Not a Fairy?|44\/100\n|move|p1a: Kingambit|Kowtow Cleave|p2a: Not a Fairy?\n|-supereffective|p2a: Not a Fairy?\n|-crit|p2a: Not a Fairy?\n|-end|p2a: Not a Fairy?|Substitute\n|\n|-heal|p2a: Not a Fairy?|50\/100|[from] item: Leftovers\n|-heal|p1a: Kingambit|84\/100|[from] item: Leftovers\n|upkeep\n|turn|24\n|\n|t:|1698779097\n|move|p2a: Not a Fairy?|Moonlight|p2a: Not a Fairy?\n|-heal|p2a: Not a Fairy?|99\/100\n|move|p1a: Kingambit|Kowtow Cleave|p2a: Not a Fairy?\n|-supereffective|p2a: Not a Fairy?\n|-damage|p2a: Not a Fairy?|18\/100\n|\n|-heal|p2a: Not a Fairy?|24\/100|[from] item: Leftovers\n|-heal|p1a: Kingambit|90\/100|[from] item: Leftovers\n|upkeep\n|turn|25\n|\n|t:|1698779109\n|move|p2a: Not a Fairy?|Moonlight|p2a: Not a Fairy?\n|-heal|p2a: Not a Fairy?|74\/100\n|move|p1a: Kingambit|Kowtow Cleave|p2a: Not a Fairy?\n|-supereffective|p2a: Not a Fairy?\n|-damage|p2a: Not a Fairy?|0 fnt\n|faint|p2a: Not a Fairy?\n|\n|win|AlastorTheOverLord\n|raw|AlastorTheOverLord's rating: 1203 &rarr; <strong>1236<\/strong><br \/>(+33 for winning)\n|raw|Jimmy9876543567878's rating: 1322 &rarr; <strong>1295<\/strong><br \/>(-27 for losing)\n","uploadtime":1698779113,"views":10,"p1id":"alastortheoverlord","p2id":"jimmy9876543567878","formatid":"gen9nationaldexubers","rating":1236,"private":0,"password":""}