{"id":"gen9nationaldexubers-1985922541","p1":"ANinjaDude","p2":"Ginesect","format":"[Gen 9] National Dex Ubers","log":"|j|\u2606ANinjaDude\n|j|\u2606Ginesect\n|t:|1699423253\n|gametype|singles\n|player|p1|ANinjaDude|volkner|\n|player|p2|Ginesect|workerice|\n|teamsize|p1|6\n|teamsize|p2|6\n|gen|9\n|tier|[Gen 9] National Dex Ubers\n|rule|HP Percentage Mod: HP is shown in percentages\n|rule|Endless Battle Clause: Forcing endless battles is banned\n|rule|OHKO Clause: OHKO moves are banned\n|rule|Evasion Moves Clause: Evasion moves are banned\n|rule|Evasion Items Clause: Evasion items are banned\n|rule|Species Clause: Limit one of each Pok\u00e9mon\n|rule|Sleep Clause Mod: Limit one foe put to sleep\n|rule|Mega Rayquaza Clause: You cannot mega evolve Rayquaza\n|clearpoke\n|poke|p1|Ribombee, F|\n|poke|p1|Urshifu-*, M|\n|poke|p1|Ogerpon-Wellspring, F|\n|poke|p1|Greninja-*, M|\n|poke|p1|Landorus-Therian, M|\n|poke|p1|Iron Valiant|\n|poke|p2|Chien-Pao|\n|poke|p2|Mandibuzz, F|\n|poke|p2|Mawile, F|\n|poke|p2|Grimmsnarl, M|\n|poke|p2|Greninja-*, M|\n|poke|p2|Ting-Lu|\n|teampreview\n|inactive|Battle timer is ON: inactive players will automatically lose when time's up. (requested by ANinjaDude)\n|c|\u2606ANinjaDude|glhf\n|inactive|ANinjaDude has 270 seconds left.\n|\n|t:|1699423288\n|start\n|switch|p1a: Landorus|Landorus-Therian, M|100\/100\n|switch|p2a: Ting-Lu|Ting-Lu|100\/100\n|-ability|p1a: Landorus|Intimidate|boost\n|-unboost|p2a: Ting-Lu|atk|1\n|-ability|p2a: Ting-Lu|Vessel of Ruin\n|turn|1\n|\n|t:|1699423292\n|move|p1a: Landorus|Knock Off|p2a: Ting-Lu\n|-resisted|p2a: Ting-Lu\n|-crit|p2a: Ting-Lu\n|-damage|p2a: Ting-Lu|88\/100\n|-enditem|p2a: Ting-Lu|Leftovers|[from] move: Knock Off|[of] p1a: Landorus\n|move|p2a: Ting-Lu|Stealth Rock|p1a: Landorus\n|-sidestart|p1: ANinjaDude|move: Stealth Rock\n|\n|upkeep\n|turn|2\n|\n|t:|1699423298\n|move|p2a: Ting-Lu|Protect|p2a: Ting-Lu\n|-singleturn|p2a: Ting-Lu|Protect\n|move|p1a: Landorus|U-turn|p2a: Ting-Lu\n|-activate|p2a: Ting-Lu|move: Protect\n|\n|upkeep\n|turn|3\n|\n|t:|1699423305\n|switch|p2a: Mandibuzz|Mandibuzz, F|100\/100\n|move|p1a: Landorus|U-turn|p2a: Mandibuzz\n|-damage|p2a: Mandibuzz|85\/100\n|\n|t:|1699423313\n|switch|p1a: Ogerpon|Ogerpon-Wellspring, F|100\/100|[from] U-turn\n|-damage|p1a: Ogerpon|88\/100|[from] Stealth Rock\n|\n|upkeep\n|turn|4\n|\n|t:|1699423323\n|move|p1a: Ogerpon|Ivy Cudgel|p2a: Mandibuzz\n|-damage|p2a: Mandibuzz|50\/100\n|move|p2a: Mandibuzz|Foul Play|p1a: Ogerpon\n|-damage|p1a: Ogerpon|26\/100\n|\n|upkeep\n|turn|5\n|\n|t:|1699423328\n|move|p1a: Ogerpon|Knock Off|p2a: Mandibuzz\n|-resisted|p2a: Mandibuzz\n|-damage|p2a: Mandibuzz|38\/100\n|-enditem|p2a: Mandibuzz|Heavy-Duty Boots|[from] move: Knock Off|[of] p1a: Ogerpon\n|move|p2a: Mandibuzz|Roost|p2a: Mandibuzz\n|-heal|p2a: Mandibuzz|88\/100\n|-singleturn|p2a: Mandibuzz|move: Roost\n|\n|upkeep\n|turn|6\n|\n|t:|1699423334\n|move|p1a: Ogerpon|Ivy Cudgel|p2a: Mandibuzz\n|-crit|p2a: Mandibuzz\n|-damage|p2a: Mandibuzz|42\/100\n|move|p2a: Mandibuzz|U-turn|p1a: Ogerpon\n|-supereffective|p1a: Ogerpon\n|-damage|p1a: Ogerpon|0 fnt\n|faint|p1a: Ogerpon\n|\n|t:|1699423339\n|switch|p2a: Greninja|Greninja, M|100\/100|[from] U-turn\n|\n|upkeep\n|\n|t:|1699423342\n|switch|p1a: Iron Valiant|Iron Valiant|100\/100\n|-damage|p1a: Iron Valiant|94\/100|[from] Stealth Rock\n|-enditem|p1a: Iron Valiant|Booster Energy\n|-activate|p1a: Iron Valiant|ability: Quark Drive|[fromitem]\n|-start|p1a: Iron Valiant|quarkdrivespe\n|turn|7\n|\n|t:|1699423352\n|-terastallize|p2a: Greninja|Water\n|move|p1a: Iron Valiant|Moonblast|p2a: Greninja\n|-damage|p2a: Greninja|29\/100\n|move|p2a: Greninja|Extrasensory|p1a: Iron Valiant\n|-supereffective|p1a: Iron Valiant\n|-damage|p1a: Iron Valiant|17\/100\n|\n|upkeep\n|turn|8\n|c|\u2606Ginesect|wtfff\n|c|\u2606ANinjaDude|lol\n|c|\u2606Ginesect|...\n|c|\u2606Ginesect|Uhh\n|c|\u2606Ginesect|Ok\n|\n|t:|1699423377\n|move|p1a: Iron Valiant|Moonblast|p2a: Greninja\n|-damage|p2a: Greninja|0 fnt\n|faint|p2a: Greninja\n|\n|upkeep\n|\n|t:|1699423383\n|switch|p2a: Mawile|Mawile, F|100\/100\n|-ability|p2a: Mawile|Intimidate|boost\n|-unboost|p1a: Iron Valiant|atk|1\n|turn|9\n|c|\u2606ANinjaDude|get scammed nerd\n|\n|t:|1699423388\n|detailschange|p2a: Mawile|Mawile-Mega, F\n|-mega|p2a: Mawile|Mawile|Mawilite\n|move|p1a: Iron Valiant|Encore||[still]\n|-fail|p1a: Iron Valiant\n|move|p2a: Mawile|Swords Dance|p2a: Mawile\n|-boost|p2a: Mawile|atk|2\n|\n|upkeep\n|turn|10\n|\n|t:|1699423400\n|switch|p2a: Ting-Lu|Ting-Lu|88\/100\n|-ability|p2a: Ting-Lu|Vessel of Ruin\n|move|p1a: Iron Valiant|Encore||[still]\n|-fail|p1a: Iron Valiant\n|\n|upkeep\n|turn|11\n|\n|t:|1699423405\n|move|p1a: Iron Valiant|Moonblast|p2a: Ting-Lu\n|-supereffective|p2a: Ting-Lu\n|-damage|p2a: Ting-Lu|37\/100\n|move|p2a: Ting-Lu|Earthquake|p1a: Iron Valiant\n|-damage|p1a: Iron Valiant|0 fnt\n|faint|p1a: Iron Valiant\n|-end|p1a: Iron Valiant|Quark Drive|[silent]\n|\n|upkeep\n|\n|t:|1699423413\n|switch|p1a: Greninja|Greninja, M|100\/100\n|-damage|p1a: Greninja|88\/100|[from] Stealth Rock\n|turn|12\n|c|\u2606Ginesect|Should've just went for hpump\n|c|\u2606ANinjaDude|yeah\n|\n|t:|1699423423\n|move|p2a: Ting-Lu|Protect|p2a: Ting-Lu\n|-singleturn|p2a: Ting-Lu|Protect\n|move|p1a: Greninja|Hydro Pump|p2a: Ting-Lu\n|-activate|p2a: Ting-Lu|move: Protect\n|\n|upkeep\n|turn|13\n|\n|t:|1699423441\n|move|p1a: Greninja|Hydro Pump|p2a: Ting-Lu\n|-supereffective|p2a: Ting-Lu\n|-damage|p2a: Ting-Lu|0 fnt\n|faint|p2a: Ting-Lu\n|-ability|p1a: Greninja|Battle Bond|boost\n|-boost|p1a: Greninja|atk|1\n|-boost|p1a: Greninja|spa|1\n|-boost|p1a: Greninja|spe|1\n|-activate|p1a: Greninja|ability: Battle Bond\n|-damage|p1a: Greninja|78\/100|[from] item: Life Orb\n|\n|upkeep\n|\n|t:|1699423459\n|switch|p2a: Mandibuzz|Mandibuzz, F|42\/100\n|turn|14\n|\n|t:|1699423462\n|move|p1a: Greninja|Ice Beam|p2a: Mandibuzz\n|-supereffective|p2a: Mandibuzz\n|-damage|p2a: Mandibuzz|0 fnt\n|faint|p2a: Mandibuzz\n|-damage|p1a: Greninja|69\/100|[from] item: Life Orb\n|\n|upkeep\n|\n|t:|1699423467\n|switch|p2a: Grimmsnarl|Grimmsnarl, M|100\/100\n|turn|15\n|\n|t:|1699423474\n|move|p2a: Grimmsnarl|Light Screen|p2a: Grimmsnarl\n|-sidestart|p2: Ginesect|move: Light Screen\n|move|p1a: Greninja|Hydro Pump|p2a: Grimmsnarl\n|-damage|p2a: Grimmsnarl|63\/100\n|-damage|p1a: Greninja|59\/100|[from] item: Life Orb\n|\n|upkeep\n|turn|16\n|\n|t:|1699423479\n|switch|p2a: Mawile|Mawile-Mega, F|100\/100\n|move|p1a: Greninja|Hydro Pump|p2a: Mawile\n|-damage|p2a: Mawile|32\/100\n|-damage|p1a: Greninja|49\/100|[from] item: Life Orb\n|\n|upkeep\n|turn|17\n|c|\u2606ANinjaDude|lol\n|\n|t:|1699423485\n|move|p2a: Mawile|Sucker Punch|p1a: Greninja\n|-resisted|p1a: Greninja\n|-damage|p1a: Greninja|8\/100\n|move|p1a: Greninja|Hydro Pump|p2a: Mawile\n|-damage|p2a: Mawile|0 fnt\n|faint|p2a: Mawile\n|-damage|p1a: Greninja|0 fnt|[from] item: Life Orb\n|faint|p1a: Greninja\n|\n|upkeep\n|c|\u2606Ginesect|Oof\n|c|\u2606ANinjaDude|then we both die\n|c|\u2606ANinjaDude|very well\n|\n|t:|1699423504\n|switch|p1a: Urshifu|Urshifu, M|100\/100\n|switch|p2a: Chien-Pao|Chien-Pao|100\/100\n|-ability|p2a: Chien-Pao|Sword of Ruin\n|-damage|p1a: Urshifu|94\/100|[from] Stealth Rock\n|turn|18\n|c|\u2606Ginesect|Ok GG\n|\n|t:|1699423512\n|move|p2a: Chien-Pao|Sacred Sword|p1a: Urshifu\n|-supereffective|p1a: Urshifu\n|-damage|p1a: Urshifu|0 fnt\n|faint|p1a: Urshifu\n|\n|upkeep\n|c|\u2606Ginesect|oh\n|\n|t:|1699423518\n|switch|p1a: Landorus|Landorus-Therian, M|100\/100\n|-damage|p1a: Landorus|88\/100|[from] Stealth Rock\n|-ability|p1a: Landorus|Intimidate|boost\n|-unboost|p2a: Chien-Pao|atk|1\n|turn|19\n|c|\u2606Ginesect|..\n|c|\u2606Ginesect|Damn\n|c|\u2606ANinjaDude|wasnt scarfed\n|\n|t:|1699423525\n|switch|p2a: Grimmsnarl|Grimmsnarl, M|63\/100\n|move|p1a: Landorus|Stone Edge|p2a: Grimmsnarl\n|-damage|p2a: Grimmsnarl|15\/100\n|\n|-heal|p1a: Landorus|94\/100|[from] item: Leftovers\n|upkeep\n|turn|20\n|\n|t:|1699423533\n|move|p2a: Grimmsnarl|Reflect|p2a: Grimmsnarl\n|-sidestart|p2: Ginesect|Reflect\n|move|p1a: Landorus|U-turn|p2a: Grimmsnarl\n|-damage|p2a: Grimmsnarl|0 fnt\n|faint|p2a: Grimmsnarl\n|\n|t:|1699423537\n|switch|p1a: Ribombee|Ribombee, F|100\/100|[from] U-turn\n|-damage|p1a: Ribombee|76\/100|[from] Stealth Rock\n|\n|upkeep\n|\n|t:|1699423540\n|switch|p2a: Chien-Pao|Chien-Pao|100\/100\n|-ability|p2a: Chien-Pao|Sword of Ruin\n|turn|21\n|\n|t:|1699423546\n|move|p2a: Chien-Pao|Ice Spinner|p1a: Ribombee\n|-damage|p1a: Ribombee|0 fnt\n|faint|p1a: Ribombee\n|\n|upkeep\n|\n|t:|1699423549\n|switch|p1a: Landorus|Landorus-Therian, M|94\/100\n|-damage|p1a: Landorus|82\/100|[from] Stealth Rock\n|-ability|p1a: Landorus|Intimidate|boost\n|-unboost|p2a: Chien-Pao|atk|1\n|turn|22\n|c|\u2606Ginesect|gg\n|\n|t:|1699423554\n|-terastallize|p1a: Landorus|Ground\n|move|p2a: Chien-Pao|Ice Spinner|p1a: Landorus\n|-supereffective|p1a: Landorus\n|-damage|p1a: Landorus|0 fnt\n|faint|p1a: Landorus\n|\n|win|Ginesect\n|c|\u2606ANinjaDude|ggs\n|c|\u2606ANinjaDude|banded?\n|c|\u2606Ginesect|Yes\n","uploadtime":1699423568,"views":4,"p1id":"aninjadude","p2id":"ginesect","formatid":"gen9nationaldexubers","rating":0,"private":0,"password":""}