{"id":"gen9nationaldexubers-1987023631","p1":"femurdeeznuts","p2":"El!te 00f","format":"[Gen 9] National Dex Ubers","log":"|j|\u2606femurdeeznuts\n|j|\u2606El!te 00f\n|t:|1699549853\n|gametype|singles\n|player|p1|femurdeeznuts|1|\n|player|p2|El!te 00f|carmine-festival|\n|teamsize|p1|6\n|teamsize|p2|6\n|gen|9\n|tier|[Gen 9] National Dex Ubers\n|rule|HP Percentage Mod: HP is shown in percentages\n|rule|Endless Battle Clause: Forcing endless battles is banned\n|rule|OHKO Clause: OHKO moves are banned\n|rule|Evasion Moves Clause: Evasion moves are banned\n|rule|Evasion Items Clause: Evasion items are banned\n|rule|Species Clause: Limit one of each Pok\u00e9mon\n|rule|Sleep Clause Mod: Limit one foe put to sleep\n|rule|Mega Rayquaza Clause: You cannot mega evolve Rayquaza\n|clearpoke\n|poke|p1|Wailord, M|\n|poke|p1|Gothitelle, F|\n|poke|p1|Corviknight, F|\n|poke|p1|Dugtrio, F|\n|poke|p1|Absol, F|\n|poke|p1|Skeledirge, F|\n|poke|p2|Zoroark, F|\n|poke|p2|Toxicroak, F|\n|poke|p2|Lucario, M|\n|poke|p2|Grimmsnarl, M|\n|poke|p2|Rotom-Wash|\n|poke|p2|Kingambit, F|\n|teampreview\n|inactive|Battle timer is ON: inactive players will automatically lose when time's up. (requested by femurdeeznuts)\n|c|\u2606femurdeeznuts|konichiwa!\n|j| bepsi-can\n|c| bepsi-can|hello\n|c| bepsi-can|its me\n|c| bepsi-can|atticus\n|c|\u2606femurdeeznuts|bro shut up\n|inactive|El!te 00f has 270 seconds left.\n|c| bepsi-can|sorry\n|c|\u2606femurdeeznuts|good\n|c| bepsi-can|im so excited\n|c|\u2606El!te 00f|Nehao bitch\n|c|\u2606femurdeeznuts|me toooooooo\n|c| bepsi-can|this team is hilarious colin\n|c|\u2606femurdeeznuts|Hey! Don't say that to my Friends!\n|c| bepsi-can|its exactly what you think it is\n|inactive|El!te 00f has 240 seconds left.\n|c|\u2606femurdeeznuts|i like how colin always makes his avatar little girls\n|\n|t:|1699549929\n|start\n|switch|p1a: Absol|Absol, F|100\/100\n|switch|p2a: S\u014dsuke Aizen|Grimmsnarl, M, shiny|100\/100\n|-ability|p1a: Absol|Pressure\n|turn|1\n|c| bepsi-can|ikr\n|\n|t:|1699549940\n|switch|p1a: John Awesome|Wailord, M|100\/100\n|-ability|p1a: John Awesome|Pressure\n|move|p2a: S\u014dsuke Aizen|Spirit Break|p1a: John Awesome\n|-damage|p1a: John Awesome|76\/100\n|-unboost|p1a: John Awesome|spa|1\n|\n|-heal|p1a: John Awesome|82\/100|[from] item: Leftovers\n|upkeep\n|turn|2\n|c|\u2606El!te 00f|magic bounce the screens\n|c|\u2606femurdeeznuts|no\n|\n|t:|1699549955\n|move|p2a: S\u014dsuke Aizen|Parting Shot|p1a: John Awesome\n|-unboost|p1a: John Awesome|atk|1\n|-unboost|p1a: John Awesome|spa|1\n|\n|t:|1699549957\n|switch|p2a: Kon|Rotom-Wash, shiny|100\/100|[from] Parting Shot\n|move|p1a: John Awesome|Aqua Ring|p1a: John Awesome\n|-start|p1a: John Awesome|Aqua Ring\n|\n|-heal|p1a: John Awesome|88\/100|[from] item: Leftovers\n|-heal|p1a: John Awesome|94\/100|[from] Aqua Ring\n|upkeep\n|turn|3\n|c| bepsi-can|thats not how that works silly\n|c| bepsi-can|its targeted status moves\n|c|\u2606El!te 00f|nuh uh\n|c| bepsi-can|or you're joking\n|\n|t:|1699549977\n|-terastallize|p1a: John Awesome|Steel\n|move|p2a: Kon|Will-O-Wisp|p1a: John Awesome\n|-status|p1a: John Awesome|brn\n|move|p1a: John Awesome|Substitute|p1a: John Awesome\n|-start|p1a: John Awesome|Substitute\n|-damage|p1a: John Awesome|69\/100 brn\n|\n|-heal|p1a: John Awesome|75\/100 brn|[from] item: Leftovers\n|-heal|p1a: John Awesome|82\/100 brn|[from] Aqua Ring\n|-damage|p1a: John Awesome|75\/100 brn|[from] brn\n|upkeep\n|turn|4\n|\n|t:|1699549989\n|switch|p2a: Yhwach|Kingambit, F|100\/100\n|move|p1a: John Awesome|Protect||[still]\n|-fail|p1a: John Awesome\n|\n|-heal|p1a: John Awesome|82\/100 brn|[from] item: Leftovers\n|-heal|p1a: John Awesome|88\/100 brn|[from] Aqua Ring\n|-damage|p1a: John Awesome|82\/100 brn|[from] brn\n|upkeep\n|turn|5\n|\n|t:|1699549994\n|move|p1a: John Awesome|Block|p2a: Yhwach\n|-activate|p2a: Yhwach|trapped\n|move|p2a: Yhwach|Swords Dance|p2a: Yhwach\n|-boost|p2a: Yhwach|atk|2\n|\n|-heal|p1a: John Awesome|88\/100 brn|[from] item: Leftovers\n|-heal|p1a: John Awesome|94\/100 brn|[from] Aqua Ring\n|-damage|p1a: John Awesome|88\/100 brn|[from] brn\n|upkeep\n|turn|6\n|c| bepsi-can|oh you fool\n|c| bepsi-can|that was not the move\n|c|\u2606femurdeeznuts|bro whats with the goofy bleach names\n|\n|t:|1699550009\n|move|p1a: John Awesome|Protect|p1a: John Awesome\n|-singleturn|p1a: John Awesome|Protect\n|move|p2a: Yhwach|Swords Dance|p2a: Yhwach\n|-boost|p2a: Yhwach|atk|2\n|\n|-heal|p1a: John Awesome|94\/100 brn|[from] item: Leftovers\n|-heal|p1a: John Awesome|99\/100 brn|[from] Aqua Ring\n|-damage|p1a: John Awesome|94\/100 brn|[from] brn\n|upkeep\n|turn|7\n|c| bepsi-can|now its time for pain\n|c|\u2606El!te 00f|if you know, you'd know max\n|c| bepsi-can|he hasnt even consumed bleach\n|c| bepsi-can|he just knows of it\n|\n|t:|1699550030\n|move|p1a: John Awesome|Aqua Ring||[still]\n|-fail|p1a: John Awesome\n|move|p2a: Yhwach|Swords Dance|p2a: Yhwach\n|-boost|p2a: Yhwach|atk|2\n|\n|-heal|p1a: John Awesome|99\/100 brn|[from] item: Leftovers\n|-heal|p1a: John Awesome|100\/100 brn|[from] Aqua Ring\n|-damage|p1a: John Awesome|94\/100 brn|[from] brn\n|upkeep\n|turn|8\n|\n|t:|1699550035\n|move|p1a: John Awesome|Protect|p1a: John Awesome\n|-singleturn|p1a: John Awesome|Protect\n|move|p2a: Yhwach|Kowtow Cleave|p1a: John Awesome\n|-activate|p1a: John Awesome|move: Protect\n|\n|-heal|p1a: John Awesome|100\/100 brn|[from] item: Leftovers\n|-damage|p1a: John Awesome|94\/100 brn|[from] brn\n|upkeep\n|turn|9\n|c| bepsi-can|not even a real bleacher\n|\n|t:|1699550047\n|move|p1a: John Awesome|Aqua Ring||[still]\n|-fail|p1a: John Awesome\n|move|p2a: Yhwach|Kowtow Cleave|p1a: John Awesome\n|-end|p1a: John Awesome|Substitute\n|\n|-heal|p1a: John Awesome|100\/100 brn|[from] item: Leftovers\n|-damage|p1a: John Awesome|94\/100 brn|[from] brn\n|upkeep\n|turn|10\n|\n|t:|1699550052\n|move|p1a: John Awesome|Substitute|p1a: John Awesome\n|-start|p1a: John Awesome|Substitute\n|-damage|p1a: John Awesome|70\/100 brn\n|move|p2a: Yhwach|Kowtow Cleave|p1a: John Awesome\n|-end|p1a: John Awesome|Substitute\n|\n|-heal|p1a: John Awesome|76\/100 brn|[from] item: Leftovers\n|-heal|p1a: John Awesome|82\/100 brn|[from] Aqua Ring\n|-damage|p1a: John Awesome|76\/100 brn|[from] brn\n|upkeep\n|turn|11\n|\n|t:|1699550056\n|move|p1a: John Awesome|Protect|p1a: John Awesome\n|-singleturn|p1a: John Awesome|Protect\n|move|p2a: Yhwach|Iron Head|p1a: John Awesome\n|-activate|p1a: John Awesome|move: Protect\n|\n|-heal|p1a: John Awesome|82\/100 brn|[from] item: Leftovers\n|-heal|p1a: John Awesome|88\/100 brn|[from] Aqua Ring\n|-damage|p1a: John Awesome|82\/100 brn|[from] brn\n|upkeep\n|turn|12\n|\n|t:|1699550059\n|move|p1a: John Awesome|Substitute|p1a: John Awesome\n|-start|p1a: John Awesome|Substitute\n|-damage|p1a: John Awesome|57\/100 brn\n|move|p2a: Yhwach|Iron Head|p1a: John Awesome\n|-resisted|p1a: John Awesome\n|-end|p1a: John Awesome|Substitute\n|\n|-heal|p1a: John Awesome|63\/100 brn|[from] item: Leftovers\n|-heal|p1a: John Awesome|69\/100 brn|[from] Aqua Ring\n|-damage|p1a: John Awesome|63\/100 brn|[from] brn\n|upkeep\n|turn|13\n|\n|t:|1699550063\n|move|p1a: John Awesome|Protect|p1a: John Awesome\n|-singleturn|p1a: John Awesome|Protect\n|move|p2a: Yhwach|Swords Dance|p2a: Yhwach\n|-boost|p2a: Yhwach|atk|0\n|\n|-heal|p1a: John Awesome|69\/100 brn|[from] item: Leftovers\n|-heal|p1a: John Awesome|75\/100 brn|[from] Aqua Ring\n|-damage|p1a: John Awesome|69\/100 brn|[from] brn\n|upkeep\n|turn|14\n|c| bepsi-can|protect goofy\n|\n|t:|1699550068\n|move|p1a: John Awesome|Substitute|p1a: John Awesome\n|-start|p1a: John Awesome|Substitute\n|-damage|p1a: John Awesome|44\/100 brn\n|move|p2a: Yhwach|Kowtow Cleave|p1a: John Awesome\n|-end|p1a: John Awesome|Substitute\n|\n|-heal|p1a: John Awesome|50\/100 brn|[from] item: Leftovers\n|-heal|p1a: John Awesome|56\/100 brn|[from] Aqua Ring\n|-damage|p1a: John Awesome|50\/100 brn|[from] brn\n|upkeep\n|turn|15\n|\n|t:|1699550072\n|move|p1a: John Awesome|Protect|p1a: John Awesome\n|-singleturn|p1a: John Awesome|Protect\n|move|p2a: Yhwach|Iron Head|p1a: John Awesome\n|-activate|p1a: John Awesome|move: Protect\n|\n|-heal|p1a: John Awesome|56\/100 brn|[from] item: Leftovers\n|-heal|p1a: John Awesome|62\/100 brn|[from] Aqua Ring\n|-damage|p1a: John Awesome|56\/100 brn|[from] brn\n|upkeep\n|turn|16\n|\n|t:|1699550075\n|move|p1a: John Awesome|Substitute|p1a: John Awesome\n|-start|p1a: John Awesome|Substitute\n|-damage|p1a: John Awesome|31\/100 brn\n|move|p2a: Yhwach|Iron Head|p1a: John Awesome\n|-resisted|p1a: John Awesome\n|-end|p1a: John Awesome|Substitute\n|\n|-heal|p1a: John Awesome|38\/100 brn|[from] item: Leftovers\n|-heal|p1a: John Awesome|44\/100 brn|[from] Aqua Ring\n|-damage|p1a: John Awesome|38\/100 brn|[from] brn\n|upkeep\n|turn|17\n|\n|t:|1699550078\n|move|p1a: John Awesome|Protect|p1a: John Awesome\n|-singleturn|p1a: John Awesome|Protect\n|move|p2a: Yhwach|Swords Dance|p2a: Yhwach\n|-boost|p2a: Yhwach|atk|0\n|\n|-heal|p1a: John Awesome|44\/100 brn|[from] item: Leftovers\n|-heal|p1a: John Awesome|50\/100 brn|[from] Aqua Ring\n|-damage|p1a: John Awesome|44\/100 brn|[from] brn\n|upkeep\n|turn|18\n|\n|t:|1699550085\n|move|p1a: John Awesome|Substitute|p1a: John Awesome\n|-start|p1a: John Awesome|Substitute\n|-damage|p1a: John Awesome|19\/100 brn\n|move|p2a: Yhwach|Iron Head|p1a: John Awesome\n|-resisted|p1a: John Awesome\n|-end|p1a: John Awesome|Substitute\n|\n|-heal|p1a: John Awesome|25\/100 brn|[from] item: Leftovers\n|-heal|p1a: John Awesome|31\/100 brn|[from] Aqua Ring\n|-damage|p1a: John Awesome|25\/100 brn|[from] brn\n|upkeep\n|turn|19\n|\n|t:|1699550101\n|move|p1a: John Awesome|Protect|p1a: John Awesome\n|-singleturn|p1a: John Awesome|Protect\n|move|p2a: Yhwach|Iron Head|p1a: John Awesome\n|-activate|p1a: John Awesome|move: Protect\n|\n|-heal|p1a: John Awesome|31\/100 brn|[from] item: Leftovers\n|-heal|p1a: John Awesome|37\/100 brn|[from] Aqua Ring\n|-damage|p1a: John Awesome|31\/100 brn|[from] brn\n|upkeep\n|turn|20\n|\n|t:|1699550108\n|move|p1a: John Awesome|Substitute|p1a: John Awesome\n|-start|p1a: John Awesome|Substitute\n|-damage|p1a: John Awesome|6\/100 brn\n|move|p2a: Yhwach|Iron Head|p1a: John Awesome\n|-resisted|p1a: John Awesome\n|-end|p1a: John Awesome|Substitute\n|\n|-heal|p1a: John Awesome|12\/100 brn|[from] item: Leftovers\n|-heal|p1a: John Awesome|18\/100 brn|[from] Aqua Ring\n|-damage|p1a: John Awesome|12\/100 brn|[from] brn\n|upkeep\n|turn|21\n|c| bepsi-can|oh i think john awesome might not win this\n|\n|t:|1699550113\n|move|p1a: John Awesome|Protect|p1a: John Awesome\n|-singleturn|p1a: John Awesome|Protect\n|move|p2a: Yhwach|Swords Dance|p2a: Yhwach\n|-boost|p2a: Yhwach|atk|0\n|\n|-heal|p1a: John Awesome|18\/100 brn|[from] item: Leftovers\n|-heal|p1a: John Awesome|24\/100 brn|[from] Aqua Ring\n|-damage|p1a: John Awesome|18\/100 brn|[from] brn\n|upkeep\n|turn|22\n|\n|t:|1699550118\n|move|p1a: John Awesome|Protect||[still]\n|-fail|p1a: John Awesome\n|move|p2a: Yhwach|Iron Head|p1a: John Awesome\n|-resisted|p1a: John Awesome\n|-damage|p1a: John Awesome|0 fnt\n|faint|p1a: John Awesome\n|\n|upkeep\n|c|\u2606El!te 00f|ok\n|c|\u2606El!te 00f|now what?\n|c|\u2606femurdeeznuts|:(\n|\n|t:|1699550127\n|switch|p1a: Dugtrio|Dugtrio, F|100\/100\n|turn|23\n|c| bepsi-can|it usually isnt burned\n|c| bepsi-can|and then its fine\n|\n|t:|1699550132\n|-terastallize|p2a: Yhwach|Flying\n|move|p1a: Dugtrio|Earthquake|p2a: Yhwach\n|-immune|p2a: Yhwach\n|move|p2a: Yhwach|Kowtow Cleave|p1a: Dugtrio\n|-enditem|p1a: Dugtrio|Focus Sash\n|-damage|p1a: Dugtrio|1\/100\n|\n|upkeep\n|turn|24\n|c|\u2606femurdeeznuts|redo\n|-message|femurdeeznuts forfeited.\n|\n|win|El!te 00f\n|l|\u2606femurdeeznuts\n|c|\u2606El!te 00f|cry about it\n|l| bepsi-can\n|j| bepsi-can\n|l| bepsi-can\n","uploadtime":1699550723,"views":5,"p1id":"femurdeeznuts","p2id":"elte00f","formatid":"gen9nationaldexubers","rating":0,"private":0,"password":""}