{"id":"gen9nationaldexubers-1999017890","p1":"Philip Lombard","p2":"Grayson7810o","format":"[Gen 9] National Dex Ubers","log":"|j|\u2606Philip Lombard\n|j|\u2606Grayson7810o\n|t:|1701024365\n|gametype|singles\n|player|p1|Philip Lombard|erika|1198\n|player|p2|Grayson7810o|wallace|1072\n|teamsize|p1|6\n|teamsize|p2|6\n|gen|9\n|tier|[Gen 9] National Dex Ubers\n|rated|\n|rule|HP Percentage Mod: HP is shown in percentages\n|rule|Endless Battle Clause: Forcing endless battles is banned\n|rule|OHKO Clause: OHKO moves are banned\n|rule|Evasion Moves Clause: Evasion moves are banned\n|rule|Evasion Items Clause: Evasion items are banned\n|rule|Species Clause: Limit one of each Pok\u00e9mon\n|rule|Sleep Clause Mod: Limit one foe put to sleep\n|rule|Mega Rayquaza Clause: You cannot mega evolve Rayquaza\n|clearpoke\n|poke|p1|Sliggoo-Hisui, F|\n|poke|p1|Thwackey, M|\n|poke|p1|Electrode|\n|poke|p1|Cramorant, M|\n|poke|p1|Growlithe-Hisui, F|\n|poke|p1|Ursaring, F|\n|poke|p2|Giratina|\n|poke|p2|Dialga|\n|poke|p2|Eternatus|\n|poke|p2|Zygarde|\n|poke|p2|Kyurem-Black|\n|poke|p2|Charizard, F|\n|teampreview\n|\n|t:|1701024370\n|start\n|switch|p1a: Electrode|Electrode|100\/100\n|switch|p2a: Charizard|Charizard, F|100\/100\n|turn|1\n|\n|t:|1701024383\n|detailschange|p2a: Charizard|Charizard-Mega-X, F\n|-mega|p2a: Charizard|Charizard|Charizardite X\n|move|p1a: Electrode|Taunt|p2a: Charizard\n|-start|p2a: Charizard|move: Taunt\n|move|p2a: Charizard|Dragon Pulse|p1a: Electrode\n|-crit|p1a: Electrode\n|-damage|p1a: Electrode|5\/100\n|\n|upkeep\n|turn|2\n|\n|t:|1701024391\n|move|p1a: Electrode|Explosion|p2a: Charizard\n|-damage|p2a: Charizard|71\/100\n|faint|p1a: Electrode\n|move|p2a: Charizard|Air Slash|p1: Electrode|[notarget]\n|-fail|p2a: Charizard\n|\n|upkeep\n|\n|t:|1701024399\n|switch|p1a: Thwackey|Thwackey, M|100\/100\n|-fieldstart|move: Grassy Terrain|[from] ability: Grassy Surge|[of] p1a: Thwackey\n|turn|3\n|\n|t:|1701024404\n|move|p1a: Thwackey|Fake Out|p2a: Charizard\n|-damage|p2a: Charizard|62\/100\n|cant|p2a: Charizard|flinch\n|\n|-heal|p2a: Charizard|68\/100|[from] Grassy Terrain\n|-end|p2a: Charizard|move: Taunt\n|upkeep\n|turn|4\n|\n|t:|1701024413\n|switch|p1a: Sliggoo|Sliggoo-Hisui, F|100\/100\n|move|p2a: Charizard|Blaze Kick|p1a: Sliggoo\n|-damage|p1a: Sliggoo|60\/100\n|\n|-heal|p2a: Charizard|74\/100|[from] Grassy Terrain\n|-heal|p1a: Sliggoo|66\/100|[from] Grassy Terrain\n|upkeep\n|turn|5\n|\n|t:|1701024424\n|move|p2a: Charizard|Dragon Pulse|p1a: Sliggoo\n|-damage|p1a: Sliggoo|50\/100\n|move|p1a: Sliggoo|Draco Meteor|p2a: Charizard\n|-supereffective|p2a: Charizard\n|-damage|p2a: Charizard|0 fnt\n|-unboost|p1a: Sliggoo|spa|2\n|faint|p2a: Charizard\n|\n|-heal|p1a: Sliggoo|56\/100|[from] Grassy Terrain\n|upkeep\n|\n|t:|1701024438\n|switch|p2a: Dialga|Dialga|100\/100\n|-ability|p2a: Dialga|Pressure\n|turn|6\n|\n|t:|1701024444\n|move|p2a: Dialga|Flamethrower|p1a: Sliggoo\n|-damage|p1a: Sliggoo|40\/100\n|move|p1a: Sliggoo|Life Dew|p1a: Sliggoo\n|-heal|p1a: Sliggoo|65\/100\n|\n|-heal|p1a: Sliggoo|71\/100|[from] Grassy Terrain\n|upkeep\n|turn|7\n|\n|t:|1701024455\n|move|p2a: Dialga|Draco Meteor|p1a: Sliggoo\n|-damage|p1a: Sliggoo|32\/100\n|-unboost|p2a: Dialga|spa|2\n|move|p1a: Sliggoo|Life Dew|p1a: Sliggoo\n|-heal|p1a: Sliggoo|58\/100\n|\n|-heal|p1a: Sliggoo|64\/100|[from] Grassy Terrain\n|-fieldend|move: Grassy Terrain\n|upkeep\n|turn|8\n|\n|t:|1701024465\n|move|p2a: Dialga|Draco Meteor|p1a: Sliggoo\n|-damage|p1a: Sliggoo|43\/100\n|-unboost|p2a: Dialga|spa|2\n|move|p1a: Sliggoo|Life Dew|p1a: Sliggoo\n|-heal|p1a: Sliggoo|69\/100\n|\n|upkeep\n|turn|9\n|\n|t:|1701024474\n|move|p2a: Dialga|Draco Meteor|p1a: Sliggoo\n|-damage|p1a: Sliggoo|54\/100\n|-unboost|p2a: Dialga|spa|2\n|move|p1a: Sliggoo|Life Dew|p1a: Sliggoo\n|-heal|p1a: Sliggoo|79\/100\n|\n|upkeep\n|turn|10\n|\n|t:|1701024485\n|switch|p1a: Thwackey|Thwackey, M|100\/100\n|-fieldstart|move: Grassy Terrain|[from] ability: Grassy Surge|[of] p1a: Thwackey\n|move|p2a: Dialga|Aura Sphere|p1a: Thwackey\n|-damage|p1a: Thwackey|91\/100\n|\n|-heal|p1a: Thwackey|97\/100|[from] Grassy Terrain\n|upkeep\n|turn|11\n|\n|t:|1701024494\n|move|p1a: Thwackey|U-turn|p2a: Dialga\n|-resisted|p2a: Dialga\n|-crit|p2a: Dialga\n|-damage|p2a: Dialga|90\/100\n|\n|t:|1701024499\n|switch|p1a: Cramorant|Cramorant, M|100\/100|[from] U-turn\n|move|p2a: Dialga|Flamethrower|p1a: Cramorant\n|-resisted|p1a: Cramorant\n|-damage|p1a: Cramorant|96\/100\n|\n|-heal|p2a: Dialga|97\/100|[from] Grassy Terrain\n|-heal|p1a: Cramorant|100\/100|[from] item: Leftovers\n|upkeep\n|turn|12\n|\n|t:|1701024513\n|move|p2a: Dialga|Draco Meteor|p1a: Cramorant|[miss]\n|-miss|p2a: Dialga|p1a: Cramorant\n|move|p1a: Cramorant|Surf|p2a: Dialga\n|-formechange|p1a: Cramorant|Cramorant-Gulping|\n|-resisted|p2a: Dialga\n|-damage|p2a: Dialga|82\/100\n|\n|-heal|p2a: Dialga|88\/100|[from] Grassy Terrain\n|upkeep\n|turn|13\n|\n|t:|1701024523\n|move|p2a: Dialga|Draco Meteor|p1a: Cramorant|[miss]\n|-miss|p2a: Dialga|p1a: Cramorant\n|move|p1a: Cramorant|Ice Beam|p2a: Dialga\n|-damage|p2a: Dialga|65\/100\n|\n|-heal|p2a: Dialga|72\/100|[from] Grassy Terrain\n|upkeep\n|turn|14\n|\n|t:|1701024532\n|move|p2a: Dialga|Flash Cannon|p1a: Cramorant\n|-resisted|p1a: Cramorant\n|-damage|p1a: Cramorant|94\/100\n|-damage|p2a: Dialga|47\/100|[from] ability: Gulp Missile|[of] p1a: Cramorant\n|-unboost|p2a: Dialga|def|1\n|-formechange|p1a: Cramorant|Cramorant|\n|move|p1a: Cramorant|Ice Beam|p2a: Dialga\n|-damage|p2a: Dialga|24\/100\n|\n|-heal|p2a: Dialga|30\/100|[from] Grassy Terrain\n|-heal|p1a: Cramorant|99\/100|[from] item: Leftovers\n|-fieldend|move: Grassy Terrain\n|upkeep\n|turn|15\n|\n|t:|1701024545\n|move|p2a: Dialga|Draco Meteor|p1a: Cramorant\n|-damage|p1a: Cramorant|80\/100\n|move|p1a: Cramorant|Surf|p2a: Dialga\n|-formechange|p1a: Cramorant|Cramorant-Gulping|\n|-resisted|p2a: Dialga\n|-damage|p2a: Dialga|13\/100\n|\n|-heal|p1a: Cramorant|86\/100|[from] item: Leftovers\n|upkeep\n|turn|16\n|\n|t:|1701024554\n|move|p2a: Dialga|Aura Sphere|p1a: Cramorant\n|-resisted|p1a: Cramorant\n|-damage|p1a: Cramorant|82\/100\n|-damage|p2a: Dialga|0 fnt|[from] ability: Gulp Missile|[of] p1a: Cramorant\n|-formechange|p1a: Cramorant|Cramorant|\n|faint|p2a: Dialga\n|move|p1a: Cramorant|Roost|p1a: Cramorant\n|-heal|p1a: Cramorant|100\/100\n|-singleturn|p1a: Cramorant|move: Roost\n|\n|upkeep\n|\n|t:|1701024567\n|switch|p2a: Kyurem|Kyurem-Black|100\/100\n|-ability|p2a: Kyurem|Teravolt\n|turn|17\n|\n|t:|1701024574\n|move|p2a: Kyurem|Freeze-Dry|p1a: Cramorant\n|-supereffective|p1a: Cramorant\n|-damage|p1a: Cramorant|0 fnt\n|faint|p1a: Cramorant\n|\n|upkeep\n|\n|t:|1701024580\n|switch|p1a: Growlithe|Growlithe-Hisui, F|100\/100\n|turn|18\n|\n|t:|1701024586\n|move|p2a: Kyurem|Freeze-Dry|p1a: Growlithe\n|-resisted|p1a: Growlithe\n|-damage|p1a: Growlithe|84\/100\n|-status|p1a: Growlithe|frz\n|cant|p1a: Growlithe|frz\n|\n|upkeep\n|turn|19\n|\n|t:|1701024598\n|switch|p2a: Zygarde|Zygarde|100\/100\n|-curestatus|p1a: Growlithe|frz|[from] move: Flare Blitz\n|move|p1a: Growlithe|Flare Blitz|p2a: Zygarde\n|-resisted|p2a: Zygarde\n|-damage|p2a: Zygarde|83\/100\n|\n|-heal|p2a: Zygarde|90\/100|[from] item: Leftovers\n|upkeep\n|turn|20\n|\n|t:|1701024608\n|switch|p1a: Thwackey|Thwackey, M|97\/100\n|-fieldstart|move: Grassy Terrain|[from] ability: Grassy Surge|[of] p1a: Thwackey\n|move|p2a: Zygarde|Coil|p2a: Zygarde\n|-boost|p2a: Zygarde|atk|1\n|-boost|p2a: Zygarde|def|1\n|-boost|p2a: Zygarde|accuracy|1\n|\n|-heal|p1a: Thwackey|100\/100|[from] Grassy Terrain\n|-heal|p2a: Zygarde|96\/100|[from] Grassy Terrain\n|-heal|p2a: Zygarde|100\/100|[from] item: Leftovers\n|upkeep\n|turn|21\n|\n|t:|1701024630\n|move|p1a: Thwackey|Fake Out|p2a: Zygarde\n|-damage|p2a: Zygarde|96\/100\n|cant|p2a: Zygarde|flinch\n|\n|-heal|p2a: Zygarde|100\/100|[from] Grassy Terrain\n|upkeep\n|turn|22\n|\n|t:|1701024638\n|move|p1a: Thwackey|Knock Off|p2a: Zygarde\n|-damage|p2a: Zygarde|88\/100\n|-enditem|p2a: Zygarde|Leftovers|[from] move: Knock Off|[of] p1a: Thwackey\n|move|p2a: Zygarde|Core Enforcer|p1a: Thwackey\n|-damage|p1a: Thwackey|65\/100\n|-endability|p1a: Thwackey\n|\n|-heal|p1a: Thwackey|71\/100|[from] Grassy Terrain\n|-heal|p2a: Zygarde|94\/100|[from] Grassy Terrain\n|upkeep\n|turn|23\n|\n|t:|1701024651\n|move|p1a: Thwackey|U-turn|p2a: Zygarde\n|-damage|p2a: Zygarde|85\/100\n|\n|t:|1701024654\n|switch|p1a: Ursaring|Ursaring, F|100\/100|[from] U-turn\n|move|p2a: Zygarde|Core Enforcer|p1a: Ursaring\n|-damage|p1a: Ursaring|65\/100\n|\n|-heal|p2a: Zygarde|91\/100|[from] Grassy Terrain\n|-heal|p1a: Ursaring|71\/100|[from] Grassy Terrain\n|-status|p1a: Ursaring|brn|[from] item: Flame Orb\n|upkeep\n|turn|24\n|\n|t:|1701024667\n|move|p2a: Zygarde|Thousand Arrows|p1a: Ursaring\n|-damage|p1a: Ursaring|15\/100 brn\n|move|p1a: Ursaring|Facade|p2a: Zygarde\n|-damage|p2a: Zygarde|54\/100\n|\n|-heal|p2a: Zygarde|60\/100|[from] Grassy Terrain\n|-heal|p1a: Ursaring|21\/100 brn|[from] Grassy Terrain\n|-damage|p1a: Ursaring|15\/100 brn|[from] brn\n|-fieldend|move: Grassy Terrain\n|upkeep\n|turn|25\n|\n|t:|1701024679\n|move|p2a: Zygarde|Extreme Speed|p1a: Ursaring\n|-damage|p1a: Ursaring|0 fnt\n|faint|p1a: Ursaring\n|\n|upkeep\n|\n|t:|1701024691\n|switch|p1a: Thwackey|Thwackey, M|71\/100\n|-fieldstart|move: Grassy Terrain|[from] ability: Grassy Surge|[of] p1a: Thwackey\n|turn|26\n|\n|t:|1701024697\n|switch|p2a: Kyurem|Kyurem-Black|100\/100\n|-ability|p2a: Kyurem|Teravolt\n|move|p1a: Thwackey|Knock Off|p2a: Kyurem\n|-damage|p2a: Kyurem|81\/100\n|-enditem|p2a: Kyurem|Leftovers|[from] move: Knock Off|[of] p1a: Thwackey\n|\n|-heal|p2a: Kyurem|87\/100|[from] Grassy Terrain\n|-heal|p1a: Thwackey|77\/100|[from] Grassy Terrain\n|upkeep\n|turn|27\n|\n|t:|1701024708\n|switch|p1a: Sliggoo|Sliggoo-Hisui, F|79\/100\n|move|p2a: Kyurem|Freeze-Dry|p1a: Sliggoo\n|-damage|p1a: Sliggoo|67\/100\n|\n|-heal|p2a: Kyurem|93\/100|[from] Grassy Terrain\n|-heal|p1a: Sliggoo|73\/100|[from] Grassy Terrain\n|upkeep\n|turn|28\n|\n|t:|1701024723\n|switch|p2a: Eternatus|Eternatus|100\/100\n|-ability|p2a: Eternatus|Pressure\n|move|p1a: Sliggoo|Draco Meteor|p2a: Eternatus\n|-supereffective|p2a: Eternatus\n|-damage|p2a: Eternatus|43\/100\n|-unboost|p1a: Sliggoo|spa|2\n|\n|-heal|p2a: Eternatus|49\/100|[from] Grassy Terrain\n|-heal|p1a: Sliggoo|79\/100|[from] Grassy Terrain\n|upkeep\n|turn|29\n|\n|t:|1701024745\n|-terastallize|p2a: Eternatus|Poison\n|move|p2a: Eternatus|Shadow Ball|p1a: Sliggoo\n|-damage|p1a: Sliggoo|61\/100\n|-damage|p2a: Eternatus|39\/100|[from] item: Life Orb\n|move|p1a: Sliggoo|Ice Beam|p2a: Eternatus\n|-damage|p2a: Eternatus|33\/100\n|-status|p2a: Eternatus|frz\n|\n|-heal|p2a: Eternatus|39\/100 frz|[from] Grassy Terrain\n|-heal|p1a: Sliggoo|67\/100|[from] Grassy Terrain\n|upkeep\n|turn|30\n|\n|t:|1701024757\n|cant|p2a: Eternatus|frz\n|move|p1a: Sliggoo|Life Dew|p1a: Sliggoo\n|-heal|p1a: Sliggoo|92\/100\n|\n|-heal|p2a: Eternatus|45\/100 frz|[from] Grassy Terrain\n|-heal|p1a: Sliggoo|98\/100|[from] Grassy Terrain\n|-fieldend|move: Grassy Terrain\n|upkeep\n|turn|31\n|\n|t:|1701024767\n|switch|p1a: Thwackey|Thwackey, M|77\/100\n|-fieldstart|move: Grassy Terrain|[from] ability: Grassy Surge|[of] p1a: Thwackey\n|cant|p2a: Eternatus|frz\n|\n|-heal|p2a: Eternatus|52\/100 frz|[from] Grassy Terrain\n|-heal|p1a: Thwackey|83\/100|[from] Grassy Terrain\n|upkeep\n|turn|32\n|\n|t:|1701024778\n|cant|p2a: Eternatus|frz\n|move|p1a: Thwackey|Knock Off|p2a: Eternatus\n|-crit|p2a: Eternatus\n|-damage|p2a: Eternatus|24\/100 frz\n|-enditem|p2a: Eternatus|Life Orb|[from] move: Knock Off|[of] p1a: Thwackey\n|\n|-heal|p2a: Eternatus|30\/100 frz|[from] Grassy Terrain\n|-heal|p1a: Thwackey|89\/100|[from] Grassy Terrain\n|upkeep\n|turn|33\n|\n|t:|1701024787\n|cant|p2a: Eternatus|frz\n|move|p1a: Thwackey|Knock Off|p2a: Eternatus\n|-damage|p2a: Eternatus|18\/100 frz\n|\n|-heal|p2a: Eternatus|24\/100 frz|[from] Grassy Terrain\n|-heal|p1a: Thwackey|95\/100|[from] Grassy Terrain\n|upkeep\n|turn|34\n|\n|t:|1701024796\n|cant|p2a: Eternatus|frz\n|move|p1a: Thwackey|Knock Off|p2a: Eternatus\n|-damage|p2a: Eternatus|12\/100 frz\n|\n|-heal|p2a: Eternatus|18\/100 frz|[from] Grassy Terrain\n|-heal|p1a: Thwackey|100\/100|[from] Grassy Terrain\n|upkeep\n|turn|35\n|\n|t:|1701024804\n|-curestatus|p2a: Eternatus|frz|[msg]\n|move|p2a: Eternatus|Flamethrower|p1a: Thwackey\n|-supereffective|p1a: Thwackey\n|-damage|p1a: Thwackey|33\/100\n|move|p1a: Thwackey|Knock Off|p2a: Eternatus\n|-damage|p2a: Eternatus|5\/100\n|\n|-heal|p2a: Eternatus|11\/100|[from] Grassy Terrain\n|-heal|p1a: Thwackey|39\/100|[from] Grassy Terrain\n|-fieldend|move: Grassy Terrain\n|upkeep\n|turn|36\n|\n|t:|1701024816\n|move|p2a: Eternatus|Flamethrower|p1a: Thwackey\n|-supereffective|p1a: Thwackey\n|-damage|p1a: Thwackey|0 fnt\n|faint|p1a: Thwackey\n|\n|upkeep\n|\n|t:|1701024821\n|switch|p1a: Sliggoo|Sliggoo-Hisui, F|98\/100\n|turn|37\n|\n|t:|1701024825\n|move|p2a: Eternatus|Draco Meteor|p1a: Sliggoo\n|-damage|p1a: Sliggoo|70\/100\n|-unboost|p2a: Eternatus|spa|2\n|move|p1a: Sliggoo|Ice Beam|p2a: Eternatus\n|-damage|p2a: Eternatus|0 fnt\n|faint|p2a: Eternatus\n|\n|upkeep\n|\n|t:|1701024839\n|switch|p2a: Zygarde|Zygarde|60\/100\n|turn|38\n|\n|t:|1701024844\n|move|p2a: Zygarde|Thousand Arrows|p1a: Sliggoo\n|-supereffective|p1a: Sliggoo\n|-damage|p1a: Sliggoo|17\/100\n|move|p1a: Sliggoo|Ice Beam|p2a: Zygarde\n|-supereffective|p2a: Zygarde\n|-damage|p2a: Zygarde|0 fnt\n|faint|p2a: Zygarde\n|\n|upkeep\n|\n|t:|1701024853\n|switch|p2a: Giratina|Giratina|100\/100\n|turn|39\n|\n|t:|1701024859\n|move|p2a: Giratina|Draco Meteor|p1a: Sliggoo\n|-damage|p1a: Sliggoo|0 fnt\n|-unboost|p2a: Giratina|spa|2\n|faint|p1a: Sliggoo\n|\n|upkeep\n|\n|t:|1701024864\n|switch|p1a: Growlithe|Growlithe-Hisui, F|84\/100\n|turn|40\n|\n|t:|1701024872\n|move|p2a: Giratina|Draco Meteor|p1a: Growlithe\n|-damage|p1a: Growlithe|54\/100\n|-unboost|p2a: Giratina|spa|2\n|move|p1a: Growlithe|Head Smash|p2a: Giratina\n|-damage|p2a: Giratina|62\/100\n|\n|upkeep\n|turn|41\n|\n|t:|1701024882\n|move|p2a: Giratina|Draco Meteor|p1a: Growlithe\n|-damage|p1a: Growlithe|32\/100\n|-unboost|p2a: Giratina|spa|2\n|move|p1a: Growlithe|Morning Sun|p1a: Growlithe\n|-heal|p1a: Growlithe|82\/100\n|\n|upkeep\n|turn|42\n|\n|t:|1701024890\n|move|p2a: Giratina|Draco Meteor|p1a: Growlithe\n|-damage|p1a: Growlithe|66\/100\n|move|p1a: Growlithe|Morning Sun|p1a: Growlithe\n|-heal|p1a: Growlithe|100\/100\n|\n|upkeep\n|turn|43\n|\n|t:|1701024899\n|move|p2a: Giratina|Aura Sphere|p1a: Growlithe\n|-supereffective|p1a: Growlithe\n|-damage|p1a: Growlithe|89\/100\n|move|p1a: Growlithe|Head Smash|p2a: Giratina\n|-damage|p2a: Giratina|23\/100\n|\n|upkeep\n|turn|44\n|\n|t:|1701024906\n|move|p2a: Giratina|Destiny Bond|p2a: Giratina\n|-singlemove|p2a: Giratina|Destiny Bond\n|move|p1a: Growlithe|Head Smash|p2a: Giratina|[miss]\n|-miss|p1a: Growlithe|p2a: Giratina\n|\n|upkeep\n|turn|45\n|\n|t:|1701024921\n|move|p2a: Giratina|Draco Meteor|p1a: Growlithe\n|-damage|p1a: Growlithe|73\/100\n|move|p1a: Growlithe|Wild Charge|p2a: Giratina\n|-resisted|p2a: Giratina\n|-damage|p2a: Giratina|16\/100\n|\n|upkeep\n|turn|46\n|\n|t:|1701024928\n|move|p2a: Giratina|Destiny Bond|p2a: Giratina\n|-singlemove|p2a: Giratina|Destiny Bond\n|move|p1a: Growlithe|Morning Sun|p1a: Growlithe\n|-heal|p1a: Growlithe|100\/100\n|\n|upkeep\n|turn|47\n|\n|t:|1701024935\n|move|p2a: Giratina|Destiny Bond||[still]\n|-fail|p2a: Giratina\n|move|p1a: Growlithe|Head Smash|p2a: Giratina\n|-damage|p2a: Giratina|0 fnt\n|faint|p2a: Giratina\n|\n|upkeep\n|\n|t:|1701024942\n|switch|p2a: Kyurem|Kyurem-Black|93\/100\n|-ability|p2a: Kyurem|Teravolt\n|turn|48\n|\n|t:|1701024949\n|move|p2a: Kyurem|Fusion Bolt|p1a: Growlithe\n|-damage|p1a: Growlithe|51\/100\n|move|p1a: Growlithe|Head Smash|p2a: Kyurem\n|-supereffective|p2a: Kyurem\n|-damage|p2a: Kyurem|0 fnt\n|faint|p2a: Kyurem\n|\n|win|Philip Lombard\n|raw|Philip Lombard's rating: 1198 &rarr; <strong>1214<\/strong><br \/>(+16 for winning)\n|raw|Grayson7810o's rating: 1072 &rarr; <strong>1058<\/strong><br \/>(-14 for losing)\n|c|\u2606Philip Lombard|gg\n","uploadtime":1701024962,"views":30,"p1id":"philiplombard","p2id":"grayson7810o","formatid":"gen9nationaldexubers","rating":1058,"private":0,"password":""}