{"id":"gen9nationaldexubers-1987679918","p1":"XJohnson","p2":"XXX0122","format":"[Gen 9] National Dex Ubers","log":"|j|\u2606XJohnson\n|j|\u2606XXX0122\n|t:|1699626987\n|gametype|singles\n|player|p1|XJohnson|zinnia|1207\n|player|p2|XXX0122|2|1170\n|teamsize|p1|6\n|teamsize|p2|6\n|gen|9\n|tier|[Gen 9] National Dex Ubers\n|rated|\n|rule|HP Percentage Mod: HP is shown in percentages\n|rule|Endless Battle Clause: Forcing endless battles is banned\n|rule|OHKO Clause: OHKO moves are banned\n|rule|Evasion Moves Clause: Evasion moves are banned\n|rule|Evasion Items Clause: Evasion items are banned\n|rule|Species Clause: Limit one of each Pok\u00e9mon\n|rule|Sleep Clause Mod: Limit one foe put to sleep\n|rule|Mega Rayquaza Clause: You cannot mega evolve Rayquaza\n|clearpoke\n|poke|p1|Baxcalibur, F|\n|poke|p1|Ninetales-Alola, F|\n|poke|p1|Tyranitar, M|\n|poke|p1|Kommo-o, M|\n|poke|p1|Stakataka|\n|poke|p1|Ting-Lu|\n|poke|p2|Ogerpon-Hearthflame, F|\n|poke|p2|Charizard, M|\n|poke|p2|Rillaboom, M|\n|poke|p2|Great Tusk|\n|poke|p2|Gholdengo|\n|poke|p2|Sneasler, M|\n|teampreview\n|inactive|Battle timer is ON: inactive players will automatically lose when time's up. (requested by XXX0122)\n|\n|t:|1699627012\n|start\n|switch|p1a: Ting-Lu|Ting-Lu|100\/100\n|switch|p2a: Rillaboom|Rillaboom, M|100\/100\n|-fieldstart|move: Grassy Terrain|[from] ability: Grassy Surge|[of] p2a: Rillaboom\n|-ability|p1a: Ting-Lu|Vessel of Ruin\n|turn|1\n|\n|t:|1699627030\n|switch|p1a: Ninetales|Ninetales-Alola, F|100\/100\n|-weather|Snow|[from] ability: Snow Warning|[of] p1a: Ninetales\n|move|p2a: Rillaboom|Wood Hammer|p1a: Ninetales\n|-damage|p1a: Ninetales|0 fnt\n|faint|p1a: Ninetales\n|-damage|p2a: Rillaboom|68\/100|[from] Recoil\n|\n|-weather|Snow|[upkeep]\n|-heal|p2a: Rillaboom|74\/100|[from] Grassy Terrain\n|upkeep\n|\n|t:|1699627034\n|switch|p1a: Baxcalibur|Baxcalibur, F|100\/100\n|turn|2\n|\n|t:|1699627050\n|switch|p2a: Sneasler|Sneasler, M|100\/100\n|-enditem|p2a: Sneasler|Grassy Seed\n|-boost|p2a: Sneasler|def|1|[from] item: Grassy Seed\n|move|p1a: Baxcalibur|Substitute|p1a: Baxcalibur\n|-start|p1a: Baxcalibur|Substitute\n|-damage|p1a: Baxcalibur|76\/100\n|\n|-weather|Snow|[upkeep]\n|-heal|p1a: Baxcalibur|82\/100|[from] ability: Ice Body\n|-heal|p1a: Baxcalibur|88\/100|[from] Grassy Terrain\n|upkeep\n|turn|3\n|\n|t:|1699627070\n|move|p2a: Sneasler|Acrobatics|p1a: Baxcalibur\n|-end|p1a: Baxcalibur|Substitute\n|move|p1a: Baxcalibur|Glaive Rush|p2a: Sneasler\n|-damage|p2a: Sneasler|24\/100\n|-singlemove|p1a: Baxcalibur|Glaive Rush|[silent]\n|\n|-weather|Snow|[upkeep]\n|-heal|p1a: Baxcalibur|94\/100|[from] ability: Ice Body\n|-heal|p2a: Sneasler|30\/100|[from] Grassy Terrain\n|-heal|p1a: Baxcalibur|100\/100|[from] Grassy Terrain\n|upkeep\n|turn|4\n|\n|t:|1699627086\n|switch|p1a: Ting-Lu|Ting-Lu|100\/100\n|-ability|p1a: Ting-Lu|Vessel of Ruin\n|move|p2a: Sneasler|Close Combat|p1a: Ting-Lu\n|-supereffective|p1a: Ting-Lu\n|-crit|p1a: Ting-Lu\n|-damage|p1a: Ting-Lu|21\/100\n|-unboost|p2a: Sneasler|def|1\n|-unboost|p2a: Sneasler|spd|1\n|\n|-weather|Snow|[upkeep]\n|-heal|p2a: Sneasler|36\/100|[from] Grassy Terrain\n|-heal|p1a: Ting-Lu|27\/100|[from] Grassy Terrain\n|-heal|p1a: Ting-Lu|34\/100|[from] item: Leftovers\n|upkeep\n|turn|5\n|\n|t:|1699627102\n|move|p2a: Sneasler|Acrobatics|p1a: Ting-Lu\n|-damage|p1a: Ting-Lu|18\/100\n|move|p1a: Ting-Lu|Whirlwind|p2a: Sneasler\n|drag|p2a: Gholdengo|Gholdengo|100\/100\n|\n|-weather|none\n|-heal|p1a: Ting-Lu|24\/100|[from] Grassy Terrain\n|-heal|p1a: Ting-Lu|30\/100|[from] item: Leftovers\n|-fieldend|move: Grassy Terrain\n|upkeep\n|turn|6\n|\n|t:|1699627116\n|switch|p2a: Charizard|Charizard, M|100\/100\n|switch|p1a: Kommo-o|Kommo-o, M|100\/100\n|\n|upkeep\n|turn|7\n|inactive|XXX0122 has 120 seconds left.\n|\n|t:|1699627137\n|switch|p1a: Tyranitar|Tyranitar, M|100\/100\n|-weather|Sandstorm|[from] ability: Sand Stream|[of] p1a: Tyranitar\n|move|p2a: Charizard|Dragon Dance|p2a: Charizard\n|-boost|p2a: Charizard|atk|1\n|-boost|p2a: Charizard|spe|1\n|\n|-weather|Sandstorm|[upkeep]\n|-damage|p2a: Charizard|94\/100|[from] Sandstorm\n|upkeep\n|turn|8\n|inactive|XXX0122 has 120 seconds left.\n|\n|t:|1699627148\n|detailschange|p2a: Charizard|Charizard-Mega-X, M\n|-mega|p2a: Charizard|Charizard|Charizardite X\n|detailschange|p1a: Tyranitar|Tyranitar-Mega, M\n|-mega|p1a: Tyranitar|Tyranitar|Tyranitarite\n|move|p2a: Charizard|Earthquake|p1a: Tyranitar\n|-supereffective|p1a: Tyranitar\n|-damage|p1a: Tyranitar|38\/100\n|move|p1a: Tyranitar|Earthquake|p2a: Charizard\n|-supereffective|p2a: Charizard\n|-damage|p2a: Charizard|16\/100\n|\n|-weather|Sandstorm|[upkeep]\n|-damage|p2a: Charizard|10\/100|[from] Sandstorm\n|upkeep\n|turn|9\n|inactive|XXX0122 has 120 seconds left.\n|\n|t:|1699627162\n|move|p2a: Charizard|Earthquake|p1a: Tyranitar\n|-supereffective|p1a: Tyranitar\n|-damage|p1a: Tyranitar|0 fnt\n|faint|p1a: Tyranitar\n|\n|-weather|Sandstorm|[upkeep]\n|-damage|p2a: Charizard|4\/100|[from] Sandstorm\n|upkeep\n|\n|t:|1699627168\n|switch|p1a: Ting-Lu|Ting-Lu|30\/100\n|-ability|p1a: Ting-Lu|Vessel of Ruin\n|turn|10\n|\n|t:|1699627177\n|move|p2a: Charizard|Dragon Claw|p1a: Ting-Lu\n|-damage|p1a: Ting-Lu|0 fnt\n|faint|p1a: Ting-Lu\n|\n|-weather|Sandstorm|[upkeep]\n|-damage|p2a: Charizard|0 fnt|[from] Sandstorm\n|faint|p2a: Charizard\n|upkeep\n|\n|t:|1699627200\n|switch|p2a: Rillaboom|Rillaboom, M|74\/100\n|switch|p1a: Stakataka|Stakataka|100\/100\n|-fieldstart|move: Grassy Terrain|[from] ability: Grassy Surge|[of] p2a: Rillaboom\n|turn|11\n|\n|t:|1699627213\n|-terastallize|p1a: Stakataka|Steel\n|move|p2a: Rillaboom|Knock Off|p1a: Stakataka\n|-damage|p1a: Stakataka|65\/100\n|-enditem|p1a: Stakataka|Lum Berry|[from] move: Knock Off|[of] p2a: Rillaboom\n|move|p1a: Stakataka|Trick Room|p1a: Stakataka\n|-fieldstart|move: Trick Room|[of] p1a: Stakataka\n|\n|-weather|none\n|-heal|p1a: Stakataka|71\/100|[from] Grassy Terrain\n|-heal|p2a: Rillaboom|80\/100|[from] Grassy Terrain\n|upkeep\n|turn|12\n|\n|t:|1699627231\n|move|p1a: Stakataka|Gyro Ball|p2a: Rillaboom\n|-damage|p2a: Rillaboom|0 fnt\n|faint|p2a: Rillaboom\n|-ability|p1a: Stakataka|Beast Boost|boost\n|-boost|p1a: Stakataka|atk|1\n|\n|-heal|p1a: Stakataka|77\/100|[from] Grassy Terrain\n|upkeep\n|c|\u2606XJohnson|My goat\n|inactive|XXX0122 has 120 seconds left.\n|\n|t:|1699627244\n|switch|p2a: Great Tusk|Great Tusk|100\/100\n|turn|13\n|inactive|XXX0122 has 120 seconds left.\n|\n|t:|1699627255\n|move|p1a: Stakataka|Gyro Ball|p2a: Great Tusk\n|-damage|p2a: Great Tusk|0 fnt\n|faint|p2a: Great Tusk\n|-end|p2a: Great Tusk|Protosynthesis|[silent]\n|-ability|p1a: Stakataka|Beast Boost|boost\n|-boost|p1a: Stakataka|atk|1\n|\n|-heal|p1a: Stakataka|83\/100|[from] Grassy Terrain\n|upkeep\n|inactive|XXX0122 has 120 seconds left.\n|\n|t:|1699627266\n|switch|p2a: Ogerpon|Ogerpon-Hearthflame, F|100\/100\n|-ability|p2a: Ogerpon|Mold Breaker\n|turn|14\n|inactive|XXX0122 has 120 seconds left.\n|\n|t:|1699627272\n|-terastallize|p2a: Ogerpon|Fire\n|detailschange|p2a: Ogerpon|Ogerpon-Hearthflame-Tera, F, tera:Fire\n|-ability|p2a: Ogerpon|Embody Aspect (Hearthflame)|boost\n|-boost|p2a: Ogerpon|atk|1\n|move|p1a: Stakataka|Gyro Ball|p2a: Ogerpon\n|-resisted|p2a: Ogerpon\n|-damage|p2a: Ogerpon|0 fnt\n|faint|p2a: Ogerpon\n|-ability|p1a: Stakataka|Beast Boost|boost\n|-boost|p1a: Stakataka|atk|1\n|\n|-heal|p1a: Stakataka|89\/100|[from] Grassy Terrain\n|upkeep\n|inactive|XXX0122 has 120 seconds left.\n|-message|XXX0122 forfeited.\n|\n|win|XJohnson\n|raw|XJohnson's rating: 1207 &rarr; <strong>1229<\/strong><br \/>(+22 for winning)\n|raw|XXX0122's rating: 1170 &rarr; <strong>1148<\/strong><br \/>(-22 for losing)\n|l|\u2606XXX0122\n","uploadtime":1699627286,"views":14,"p1id":"xjohnson","p2id":"xxx0122","formatid":"gen9nationaldexubers","rating":1148,"private":0,"password":""}