{"id":"gen9nationaldexubers-1987016438","p1":"Chen Yen","p2":"777Clearnu","format":"[Gen 9] National Dex Ubers","log":"|j|\u2606Chen Yen\n|j|\u2606777Clearnu\n|t:|1699549259\n|gametype|singles\n|player|p1|Chen Yen|266|1717\n|player|p2|777Clearnu|skier|1694\n|teamsize|p1|6\n|teamsize|p2|6\n|gen|9\n|tier|[Gen 9] National Dex Ubers\n|rated|\n|rule|HP Percentage Mod: HP is shown in percentages\n|rule|Endless Battle Clause: Forcing endless battles is banned\n|rule|OHKO Clause: OHKO moves are banned\n|rule|Evasion Moves Clause: Evasion moves are banned\n|rule|Evasion Items Clause: Evasion items are banned\n|rule|Species Clause: Limit one of each Pok\u00e9mon\n|rule|Sleep Clause Mod: Limit one foe put to sleep\n|rule|Mega Rayquaza Clause: You cannot mega evolve Rayquaza\n|clearpoke\n|poke|p1|Groudon|\n|poke|p1|Dondozo, F|\n|poke|p1|Arceus-Dark|\n|poke|p1|Eternatus|\n|poke|p1|Ho-Oh|\n|poke|p1|Yveltal|\n|poke|p2|Glimmora, F|\n|poke|p2|Ho-Oh|\n|poke|p2|Eternatus|\n|poke|p2|Arceus|\n|poke|p2|Groudon|\n|poke|p2|Yveltal|\n|teampreview\n|inactive|Battle timer is ON: inactive players will automatically lose when time's up. (requested by 777Clearnu)\n|inactive|Chen Yen has 120 seconds left.\n|inactive|777Clearnu has 120 seconds left.\n|inactive|777Clearnu has 90 seconds left.\n|\n|t:|1699549322\n|start\n|switch|p1a: Eternatus|Eternatus|100\/100\n|switch|p2a: savage spin out|Glimmora, F|100\/100\n|-ability|p1a: Eternatus|Pressure\n|turn|1\n|\n|t:|1699549340\n|move|p1a: Eternatus|Flamethrower|p2a: savage spin out\n|-resisted|p2a: savage spin out\n|-damage|p2a: savage spin out|80\/100\n|move|p2a: savage spin out|Stealth Rock|p1a: Eternatus\n|-sidestart|p1: Chen Yen|move: Stealth Rock\n|\n|upkeep\n|turn|2\n|\n|t:|1699549345\n|move|p1a: Eternatus|Cosmic Power|p1a: Eternatus\n|-boost|p1a: Eternatus|def|1\n|-boost|p1a: Eternatus|spd|1\n|move|p2a: savage spin out|Spikes|p1a: Eternatus\n|-sidestart|p1: Chen Yen|Spikes\n|\n|upkeep\n|turn|3\n|\n|t:|1699549350\n|move|p1a: Eternatus|Meteor Beam||[still]\n|-prepare|p1a: Eternatus|Meteor Beam\n|-boost|p1a: Eternatus|spa|1\n|move|p2a: savage spin out|Spikes|p1a: Eternatus\n|-sidestart|p1: Chen Yen|Spikes\n|\n|upkeep\n|turn|4\n|\n|t:|1699549359\n|move|p1a: Eternatus|Meteor Beam|p2a: savage spin out|[from]lockedmove\n|-damage|p2a: savage spin out|3\/100\n|move|p2a: savage spin out|Spikes|p1a: Eternatus\n|-sidestart|p1: Chen Yen|Spikes\n|\n|upkeep\n|turn|5\n|\n|t:|1699549364\n|move|p1a: Eternatus|Flamethrower|p2a: savage spin out\n|-resisted|p2a: savage spin out\n|-damage|p2a: savage spin out|0 fnt\n|faint|p2a: savage spin out\n|\n|upkeep\n|\n|t:|1699549371\n|switch|p2a: birdspam|Ho-Oh|100\/100\n|turn|6\n|\n|t:|1699549375\n|switch|p1a: Ho-Oh|Ho-Oh|100\/100\n|move|p2a: birdspam|Whirlwind|p1a: Ho-Oh\n|drag|p1a: Eternatus|Eternatus|100\/100\n|-damage|p1a: Eternatus|88\/100|[from] Stealth Rock\n|-damage|p1a: Eternatus|63\/100|[from] Spikes\n|-ability|p1a: Eternatus|Pressure\n|\n|-heal|p1a: Eternatus|69\/100|[from] item: Black Sludge\n|upkeep\n|turn|7\n|\n|t:|1699549395\n|move|p1a: Eternatus|Recover|p1a: Eternatus\n|-heal|p1a: Eternatus|100\/100\n|move|p2a: birdspam|Whirlwind|p1a: Eternatus\n|drag|p1a: Dondozo|Dondozo, F|100\/100\n|-damage|p1a: Dondozo|88\/100|[from] Stealth Rock\n|-damage|p1a: Dondozo|63\/100|[from] Spikes\n|\n|-heal|p1a: Dondozo|69\/100|[from] item: Leftovers\n|upkeep\n|turn|8\n|\n|t:|1699549405\n|move|p1a: Dondozo|Yawn|p2a: birdspam\n|-start|p2a: birdspam|move: Yawn|[of] p1a: Dondozo\n|move|p2a: birdspam|Whirlwind|p1a: Dondozo\n|drag|p1a: Arceus|Arceus-Dark|100\/100\n|-damage|p1a: Arceus|88\/100|[from] Stealth Rock\n|-damage|p1a: Arceus|63\/100|[from] Spikes\n|\n|upkeep\n|turn|9\n|\n|t:|1699549418\n|switch|p2a: cosmic power|Eternatus|100\/100\n|-ability|p2a: cosmic power|Pressure\n|move|p1a: Arceus|Taunt|p2a: cosmic power\n|-start|p2a: cosmic power|move: Taunt\n|\n|upkeep\n|turn|10\n|\n|t:|1699549424\n|switch|p1a: Ho-Oh|Ho-Oh|100\/100\n|move|p2a: cosmic power|Dynamax Cannon|p1a: Ho-Oh\n|-damage|p1a: Ho-Oh|64\/100\n|\n|upkeep\n|turn|11\n|\n|t:|1699549430\n|move|p2a: cosmic power|Meteor Beam||[still]\n|-prepare|p2a: cosmic power|Meteor Beam\n|-boost|p2a: cosmic power|spa|1\n|-enditem|p2a: cosmic power|Power Herb\n|-anim|p2a: cosmic power|Meteor Beam|p1a: Ho-Oh\n|-supereffective|p1a: Ho-Oh\n|-damage|p1a: Ho-Oh|0 fnt\n|faint|p1a: Ho-Oh\n|\n|-end|p2a: cosmic power|move: Taunt\n|upkeep\n|\n|t:|1699549440\n|switch|p1a: Groudon|Groudon|100\/100\n|-damage|p1a: Groudon|94\/100|[from] Stealth Rock\n|-damage|p1a: Groudon|69\/100|[from] Spikes\n|detailschange|p1a: Groudon|Groudon-Primal\n|-primal|p1a: Groudon|Red Orb\n|-weather|DesolateLand|[from] ability: Desolate Land|[of] p1a: Groudon\n|turn|12\n|\n|t:|1699549450\n|-terastallize|p2a: cosmic power|Ground\n|move|p2a: cosmic power|Tera Blast|p1a: Groudon|[anim] Tera Blast Ground\n|-supereffective|p1a: Groudon\n|-damage|p1a: Groudon|0 fnt\n|faint|p1a: Groudon\n|-weather|none\n|\n|upkeep\n|\n|t:|1699549462\n|switch|p1a: Yveltal|Yveltal|100\/100\n|-damage|p1a: Yveltal|75\/100|[from] Stealth Rock\n|-ability|p1a: Yveltal|Dark Aura\n|turn|13\n|c|\u2606Chen Yen|well designed team\n|c|\u2606777Clearnu|thank you\n|\n|t:|1699549487\n|move|p2a: cosmic power|Dynamax Cannon|p1a: Yveltal\n|-damage|p1a: Yveltal|29\/100\n|move|p1a: Yveltal|Toxic|p2a: cosmic power\n|-status|p2a: cosmic power|tox\n|\n|-heal|p1a: Yveltal|35\/100|[from] item: Leftovers\n|-damage|p2a: cosmic power|94\/100 tox|[from] psn\n|upkeep\n|turn|14\n|\n|t:|1699549497\n|move|p1a: Yveltal|Sucker Punch|p2a: cosmic power\n|-damage|p2a: cosmic power|64\/100 tox\n|move|p2a: cosmic power|Dynamax Cannon|p1a: Yveltal\n|-damage|p1a: Yveltal|0 fnt\n|faint|p1a: Yveltal\n|\n|-damage|p2a: cosmic power|52\/100 tox|[from] psn\n|upkeep\n|\n|t:|1699549512\n|switch|p1a: Arceus|Arceus-Dark|63\/100\n|-damage|p1a: Arceus|51\/100|[from] Stealth Rock\n|-damage|p1a: Arceus|26\/100|[from] Spikes\n|turn|15\n|\n|t:|1699549517\n|move|p1a: Arceus|Judgment|p2a: cosmic power\n|-damage|p2a: cosmic power|16\/100 tox\n|move|p2a: cosmic power|Dynamax Cannon|p1a: Arceus\n|-damage|p1a: Arceus|0 fnt\n|faint|p1a: Arceus\n|\n|-damage|p2a: cosmic power|0 fnt|[from] psn\n|faint|p2a: cosmic power\n|upkeep\n|\n|t:|1699549535\n|switch|p1a: Eternatus|Eternatus|100\/100\n|switch|p2a: BKC|Arceus|100\/100\n|-damage|p1a: Eternatus|88\/100|[from] Stealth Rock\n|-damage|p1a: Eternatus|63\/100|[from] Spikes\n|-ability|p1a: Eternatus|Pressure\n|turn|16\n|\n|t:|1699549543\n|move|p1a: Eternatus|Cosmic Power|p1a: Eternatus\n|-boost|p1a: Eternatus|def|1\n|-boost|p1a: Eternatus|spd|1\n|move|p2a: BKC|Earthquake|p1a: Eternatus\n|-supereffective|p1a: Eternatus\n|-damage|p1a: Eternatus|20\/100\n|-damage|p2a: BKC|91\/100|[from] item: Life Orb\n|\n|-heal|p1a: Eternatus|26\/100|[from] item: Black Sludge\n|upkeep\n|turn|17\n|\n|t:|1699549552\n|move|p1a: Eternatus|Recover|p1a: Eternatus\n|-heal|p1a: Eternatus|76\/100\n|move|p2a: BKC|Swords Dance|p2a: BKC\n|-boost|p2a: BKC|atk|2\n|\n|-heal|p1a: Eternatus|83\/100|[from] item: Black Sludge\n|upkeep\n|turn|18\n|\n|t:|1699549558\n|switch|p1a: Dondozo|Dondozo, F|69\/100\n|-damage|p1a: Dondozo|57\/100|[from] Stealth Rock\n|-damage|p1a: Dondozo|32\/100|[from] Spikes\n|move|p2a: BKC|Earthquake|p1a: Dondozo\n|-damage|p1a: Dondozo|12\/100\n|-damage|p2a: BKC|81\/100|[from] item: Life Orb\n|\n|-heal|p1a: Dondozo|18\/100|[from] item: Leftovers\n|upkeep\n|turn|19\n|\n|t:|1699549568\n|move|p2a: BKC|Extreme Speed|p1a: Dondozo\n|-damage|p1a: Dondozo|0 fnt\n|faint|p1a: Dondozo\n|-damage|p2a: BKC|71\/100|[from] item: Life Orb\n|\n|upkeep\n|c|\u2606Chen Yen|gg\n|c|\u2606Chen Yen|wp\n|\n|t:|1699549578\n|switch|p1a: Eternatus|Eternatus|83\/100\n|-damage|p1a: Eternatus|70\/100|[from] Stealth Rock\n|-damage|p1a: Eternatus|45\/100|[from] Spikes\n|-ability|p1a: Eternatus|Pressure\n|turn|20\n|c|\u2606777Clearnu|ggwp\n|\n|t:|1699549584\n|move|p2a: BKC|Extreme Speed|p1a: Eternatus\n|-damage|p1a: Eternatus|0 fnt\n|faint|p1a: Eternatus\n|-damage|p2a: BKC|61\/100|[from] item: Life Orb\n|\n|win|777Clearnu\n|raw|Chen Yen's rating: 1717 &rarr; <strong>1696<\/strong><br \/>(-21 for losing)\n|raw|777Clearnu's rating: 1694 &rarr; <strong>1715<\/strong><br \/>(+21 for winning)\n|l|\u2606Chen Yen\n","uploadtime":1699549591,"views":50,"p1id":"chenyen","p2id":"777clearnu","formatid":"gen9nationaldexubers","rating":1696,"private":0,"password":""}