{"id":"gen9nationaldexubers-1982920759","p1":"frostcrush","p2":"rgrgreger","format":"[Gen 9] National Dex Ubers","log":"|j|\u2606frostcrush\n|j|\u2606rgrgreger\n|t:|1699058825\n|gametype|singles\n|player|p1|frostcrush|102|1401\n|player|p2|rgrgreger|blackbelt-gen4dp|1384\n|teamsize|p1|6\n|teamsize|p2|6\n|gen|9\n|tier|[Gen 9] National Dex Ubers\n|rated|\n|rule|HP Percentage Mod: HP is shown in percentages\n|rule|Endless Battle Clause: Forcing endless battles is banned\n|rule|OHKO Clause: OHKO moves are banned\n|rule|Evasion Moves Clause: Evasion moves are banned\n|rule|Evasion Items Clause: Evasion items are banned\n|rule|Species Clause: Limit one of each Pok\u00e9mon\n|rule|Sleep Clause Mod: Limit one foe put to sleep\n|rule|Mega Rayquaza Clause: You cannot mega evolve Rayquaza\n|clearpoke\n|poke|p1|Ho-Oh|\n|poke|p1|Dialga-Origin|\n|poke|p1|Ditto|\n|poke|p1|Arceus-Water|\n|poke|p1|Great Tusk|\n|poke|p1|Mewtwo|\n|poke|p2|Arceus-Fighting|\n|poke|p2|Mewtwo|\n|poke|p2|Kommo-o, M|\n|poke|p2|Iron Valiant|\n|poke|p2|Zapdos-Galar|\n|poke|p2|Great Tusk|\n|teampreview\n|inactive|Battle timer is ON: inactive players will automatically lose when time's up. (requested by rgrgreger)\n|\n|t:|1699058829\n|start\n|switch|p1a: Ho-Oh|Ho-Oh|100\/100\n|switch|p2a: Arceus|Arceus-Fighting|100\/100\n|turn|1\n|\n|t:|1699058833\n|move|p2a: Arceus|Taunt|p1a: Ho-Oh\n|-start|p1a: Ho-Oh|move: Taunt\n|move|p1a: Ho-Oh|Sacred Fire|p2a: Arceus\n|-damage|p2a: Arceus|55\/100\n|-status|p2a: Arceus|brn\n|\n|-damage|p2a: Arceus|49\/100 brn|[from] brn\n|upkeep\n|turn|2\n|\n|t:|1699058841\n|switch|p1a: Arceus|Arceus-Water|100\/100\n|move|p2a: Arceus|Stealth Rock|p1a: Arceus\n|-sidestart|p1: frostcrush|move: Stealth Rock\n|\n|-damage|p2a: Arceus|43\/100 brn|[from] brn\n|upkeep\n|turn|3\n|\n|t:|1699058846\n|switch|p1a: Great Tusk|Great Tusk|100\/100\n|-damage|p1a: Great Tusk|98\/100|[from] Stealth Rock\n|move|p2a: Arceus|Taunt|p1a: Great Tusk\n|-start|p1a: Great Tusk|move: Taunt\n|\n|-damage|p2a: Arceus|37\/100 brn|[from] brn\n|upkeep\n|turn|4\n|\n|t:|1699058849\n|move|p2a: Arceus|Judgment|p1a: Great Tusk\n|-damage|p1a: Great Tusk|43\/100\n|move|p1a: Great Tusk|Rapid Spin|p2a: Arceus\n|-damage|p2a: Arceus|24\/100 brn\n|-boost|p1a: Great Tusk|spe|1\n|-sideend|p1: frostcrush|Stealth Rock|[from] move: Rapid Spin|[of] p1a: Great Tusk\n|\n|-damage|p2a: Arceus|18\/100 brn|[from] brn\n|upkeep\n|turn|5\n|\n|t:|1699058854\n|move|p1a: Great Tusk|Earthquake|p2a: Arceus\n|-damage|p2a: Arceus|0 fnt\n|faint|p2a: Arceus\n|\n|-end|p1a: Great Tusk|move: Taunt\n|upkeep\n|\n|t:|1699058861\n|switch|p2a: Kommo-o|Kommo-o, M|100\/100\n|turn|6\n|\n|t:|1699058864\n|move|p1a: Great Tusk|Ice Spinner|p2a: Kommo-o\n|-supereffective|p2a: Kommo-o\n|-damage|p2a: Kommo-o|50\/100\n|-zpower|p2a: Kommo-o\n|move|p2a: Kommo-o|Clangorous Soulblaze|p1a: Great Tusk|[zeffect]\n|-damage|p1a: Great Tusk|0 fnt\n|faint|p1a: Great Tusk\n|-end|p1a: Great Tusk|Protosynthesis|[silent]\n|-boost|p2a: Kommo-o|atk|1\n|-boost|p2a: Kommo-o|def|1\n|-boost|p2a: Kommo-o|spa|1\n|-boost|p2a: Kommo-o|spd|1\n|-boost|p2a: Kommo-o|spe|1\n|\n|upkeep\n|\n|t:|1699058871\n|switch|p1a: Ditto|Ditto|100\/100\n|-transform|p1a: Ditto|p2a: Kommo-o|[from] ability: Imposter\n|turn|7\n|\n|t:|1699058877\n|move|p1a: Ditto|Clanging Scales|p2a: Kommo-o\n|-supereffective|p2a: Kommo-o\n|-damage|p2a: Kommo-o|0 fnt\n|faint|p2a: Kommo-o\n|-unboost|p1a: Ditto|def|1\n|\n|upkeep\n|\n|t:|1699058878\n|switch|p2a: Iron Valiant|Iron Valiant|100\/100\n|-enditem|p2a: Iron Valiant|Booster Energy\n|-activate|p2a: Iron Valiant|ability: Quark Drive|[fromitem]\n|-start|p2a: Iron Valiant|quarkdrivespe\n|turn|8\n|\n|t:|1699058884\n|move|p2a: Iron Valiant|Calm Mind|p2a: Iron Valiant\n|-boost|p2a: Iron Valiant|spa|1\n|-boost|p2a: Iron Valiant|spd|1\n|move|p1a: Ditto|Poison Jab|p2a: Iron Valiant\n|-supereffective|p2a: Iron Valiant\n|-damage|p2a: Iron Valiant|7\/100\n|-status|p2a: Iron Valiant|psn\n|\n|-damage|p2a: Iron Valiant|0 fnt|[from] psn\n|faint|p2a: Iron Valiant\n|-end|p2a: Iron Valiant|Quark Drive|[silent]\n|upkeep\n|\n|t:|1699058895\n|switch|p2a: Zapdos|Zapdos-Galar|100\/100\n|turn|9\n|\n|t:|1699058905\n|-terastallize|p2a: Zapdos|Flying\n|move|p2a: Zapdos|Brave Bird|p1a: Ditto\n|-supereffective|p1a: Ditto\n|-enditem|p1a: Ditto|Focus Sash\n|-damage|p1a: Ditto|1\/100\n|-damage|p2a: Zapdos|70\/100|[from] Recoil\n|move|p1a: Ditto|Clanging Scales|p2a: Zapdos\n|-damage|p2a: Zapdos|3\/100\n|-unboost|p1a: Ditto|def|1\n|\n|upkeep\n|turn|10\n|-message|rgrgreger forfeited.\n|\n|win|frostcrush\n|raw|frostcrush's rating: 1401 &rarr; <strong>1420<\/strong><br \/>(+19 for winning)\n|raw|rgrgreger's rating: 1384 &rarr; <strong>1365<\/strong><br \/>(-19 for losing)\n|l|\u2606rgrgreger\n|c|\u2606frostcrush|\ud83d\ude02\ud83d\ude02\ud83d\ude02\n","uploadtime":1699058919,"views":12,"p1id":"frostcrush","p2id":"rgrgreger","formatid":"gen9nationaldexubers","rating":1365,"private":0,"password":""}