{"id":"gen9nationaldexubers-1982001950","p1":"SrailMix","p2":"WesHC","format":"[Gen 9] National Dex Ubers","log":"|j|\u2606SrailMix\n|j|\u2606WesHC\n|t:|1698958612\n|gametype|singles\n|player|p1|SrailMix|birdkeeper|1240\n|player|p2|WesHC|steven|1296\n|teamsize|p1|6\n|teamsize|p2|6\n|gen|9\n|tier|[Gen 9] National Dex Ubers\n|rated|\n|rule|HP Percentage Mod: HP is shown in percentages\n|rule|Endless Battle Clause: Forcing endless battles is banned\n|rule|OHKO Clause: OHKO moves are banned\n|rule|Evasion Moves Clause: Evasion moves are banned\n|rule|Evasion Items Clause: Evasion items are banned\n|rule|Species Clause: Limit one of each Pok\u00e9mon\n|rule|Sleep Clause Mod: Limit one foe put to sleep\n|rule|Mega Rayquaza Clause: You cannot mega evolve Rayquaza\n|clearpoke\n|poke|p1|Marshadow|\n|poke|p1|Rotom-Wash|\n|poke|p1|Volcarona, M|\n|poke|p1|Urshifu-*, M|\n|poke|p1|Aegislash, M|\n|poke|p1|Charizard, M|\n|poke|p2|Stakataka|\n|poke|p2|Mawile, F|\n|poke|p2|Forretress, M|\n|poke|p2|Kingambit, M|\n|poke|p2|Goodra-Hisui, M|\n|poke|p2|Magearna|\n|teampreview\n|\n|t:|1698958620\n|start\n|switch|p1a: Charizard|Charizard, M|100\/100\n|switch|p2a: Golden Forretress|Forretress, M, shiny|100\/100\n|turn|1\n|inactive|Battle timer is ON: inactive players will automatically lose when time's up. (requested by WesHC)\n|\n|t:|1698958631\n|move|p1a: Charizard|Tailwind|p1a: Charizard\n|-sidestart|p1: SrailMix|move: Tailwind\n|move|p2a: Golden Forretress|Stealth Rock|p1a: Charizard\n|-sidestart|p1: SrailMix|move: Stealth Rock\n|\n|upkeep\n|turn|2\n|\n|t:|1698958637\n|switch|p2a: Goodra|Goodra-Hisui, M|100\/100\n|detailschange|p1a: Charizard|Charizard-Mega-Y, M\n|-mega|p1a: Charizard|Charizard|Charizardite Y\n|-weather|SunnyDay|[from] ability: Drought|[of] p1a: Charizard\n|move|p1a: Charizard|Weather Ball|p2a: Goodra\n|-damage|p2a: Goodra|56\/100\n|\n|-weather|SunnyDay|[upkeep]\n|upkeep\n|turn|3\n|\n|t:|1698958649\n|move|p1a: Charizard|Weather Ball|p2a: Goodra\n|-damage|p2a: Goodra|11\/100\n|move|p2a: Goodra|Thunder|p1a: Charizard|[miss]\n|-miss|p2a: Goodra|p1a: Charizard\n|\n|-weather|SunnyDay|[upkeep]\n|upkeep\n|turn|4\n|\n|t:|1698958655\n|move|p1a: Charizard|Scorching Sands|p2a: Goodra\n|-supereffective|p2a: Goodra\n|-damage|p2a: Goodra|0 fnt\n|faint|p2a: Goodra\n|\n|-weather|SunnyDay|[upkeep]\n|-sideend|p1: SrailMix|move: Tailwind\n|upkeep\n|\n|t:|1698958664\n|switch|p2a: Stakataka|Stakataka|100\/100\n|turn|5\n|\n|t:|1698958678\n|move|p1a: Charizard|Scorching Sands|p2a: Stakataka\n|-supereffective|p2a: Stakataka\n|-damage|p2a: Stakataka|0 fnt\n|faint|p2a: Stakataka\n|\n|-weather|SunnyDay|[upkeep]\n|upkeep\n|\n|t:|1698958683\n|switch|p2a: Kingambit|Kingambit, M|100\/100\n|turn|6\n|\n|t:|1698958686\n|move|p1a: Charizard|Weather Ball|p2a: Kingambit\n|-supereffective|p2a: Kingambit\n|-enditem|p2a: Kingambit|Focus Sash\n|-damage|p2a: Kingambit|1\/100\n|move|p2a: Kingambit|Swords Dance|p2a: Kingambit\n|-boost|p2a: Kingambit|atk|2\n|\n|-weather|none\n|upkeep\n|turn|7\n|\n|t:|1698958693\n|move|p2a: Kingambit|Sucker Punch||[still]\n|-fail|p2a: Kingambit\n|move|p1a: Charizard|Tailwind|p1a: Charizard\n|-sidestart|p1: SrailMix|move: Tailwind\n|\n|upkeep\n|turn|8\n|\n|t:|1698958698\n|move|p1a: Charizard|Scorching Sands|p2a: Kingambit\n|-supereffective|p2a: Kingambit\n|-damage|p2a: Kingambit|0 fnt\n|faint|p2a: Kingambit\n|\n|upkeep\n|\n|t:|1698958702\n|switch|p2a: Magearna|Magearna|100\/100\n|turn|9\n|\n|t:|1698958710\n|move|p1a: Charizard|Scorching Sands|p2a: Magearna\n|-supereffective|p2a: Magearna\n|-damage|p2a: Magearna|52\/100\n|-enditem|p2a: Magearna|Red Card|[of] p1a: Charizard\n|drag|p1a: Urshifu|Urshifu-Rapid-Strike, M|100\/100\n|-damage|p1a: Urshifu|94\/100|[from] Stealth Rock\n|move|p2a: Magearna|Trick Room|p2a: Magearna\n|-fieldstart|move: Trick Room|[of] p2a: Magearna\n|\n|upkeep\n|turn|10\n|\n|t:|1698958720\n|-terastallize|p2a: Magearna|Electric\n|move|p2a: Magearna|Thunderbolt|p1a: Urshifu\n|-supereffective|p1a: Urshifu\n|-damage|p1a: Urshifu|0 fnt\n|faint|p1a: Urshifu\n|-ability|p2a: Magearna|Soul-Heart|boost\n|-boost|p2a: Magearna|spa|1\n|\n|-sideend|p1: SrailMix|move: Tailwind\n|upkeep\n|\n|t:|1698958727\n|switch|p1a: Volcarona|Volcarona, M|100\/100\n|turn|11\n|\n|t:|1698958731\n|-terastallize|p1a: Volcarona|Ground\n|move|p2a: Magearna|Thunderbolt|p1a: Volcarona\n|-immune|p1a: Volcarona\n|move|p1a: Volcarona|Tera Blast|p2a: Magearna|[anim] Tera Blast Ground\n|-supereffective|p2a: Magearna\n|-damage|p2a: Magearna|0 fnt\n|faint|p2a: Magearna\n|\n|upkeep\n|\n|t:|1698958734\n|switch|p2a: Mawile|Mawile, F|100\/100\n|-ability|p2a: Mawile|Intimidate|boost\n|-unboost|p1a: Volcarona|atk|1\n|turn|12\n|\n|t:|1698958742\n|detailschange|p2a: Mawile|Mawile-Mega, F\n|-mega|p2a: Mawile|Mawile|Mawilite\n|move|p2a: Mawile|Swords Dance|p2a: Mawile\n|-boost|p2a: Mawile|atk|2\n|move|p1a: Volcarona|Tera Blast|p2a: Mawile|[anim] Tera Blast Ground\n|-supereffective|p2a: Mawile\n|-damage|p2a: Mawile|0 fnt\n|faint|p2a: Mawile\n|\n|upkeep\n|-message|WesHC forfeited.\n|\n|win|SrailMix\n|raw|SrailMix's rating: 1240 &rarr; <strong>1269<\/strong><br \/>(+29 for winning)\n|raw|WesHC's rating: 1296 &rarr; <strong>1267<\/strong><br \/>(-29 for losing)\n|l|\u2606WesHC\n|c|\u2606SrailMix|gg\n","uploadtime":1698958753,"views":6,"p1id":"srailmix","p2id":"weshc","formatid":"gen9nationaldexubers","rating":1267,"private":0,"password":""}