{"id":"gen9nationaldexubers-1996742332","p1":"Ash Ketchum344","p2":"justin4office","format":"[Gen 9] National Dex Ubers","log":"|j|\u2606Ash Ketchum344\n|j|\u2606justin4office\n|t:|1700717596\n|gametype|singles\n|player|p1|Ash Ketchum344|lucas-gen4pt|1124\n|player|p2|justin4office|102|1140\n|teamsize|p1|6\n|teamsize|p2|6\n|gen|9\n|tier|[Gen 9] National Dex Ubers\n|rated|\n|rule|HP Percentage Mod: HP is shown in percentages\n|rule|Endless Battle Clause: Forcing endless battles is banned\n|rule|OHKO Clause: OHKO moves are banned\n|rule|Evasion Moves Clause: Evasion moves are banned\n|rule|Evasion Items Clause: Evasion items are banned\n|rule|Species Clause: Limit one of each Pok\u00e9mon\n|rule|Sleep Clause Mod: Limit one foe put to sleep\n|rule|Mega Rayquaza Clause: You cannot mega evolve Rayquaza\n|clearpoke\n|poke|p1|Dracovish|\n|poke|p1|Gengar, M|\n|poke|p1|Dragonite, F|\n|poke|p1|Sirfetch\u2019d, M|\n|poke|p1|Lucario, M|\n|poke|p1|Pikachu, F|\n|poke|p2|Quagsire, M|\n|poke|p2|Lugia|\n|poke|p2|Typhlosion, M|\n|poke|p2|Victreebel, M|\n|poke|p2|Ampharos, F|\n|poke|p2|Graveler, M|\n|teampreview\n|c|\u2606justin4office|AWWW\n|\n|t:|1700717610\n|start\n|switch|p1a: Sirfetch\u2019d|Sirfetch\u2019d, M|100\/100\n|switch|p2a: Bryan|Graveler, M|100\/100\n|turn|1\n|\n|t:|1700717622\n|move|p1a: Sirfetch\u2019d|Leaf Blade|p2a: Bryan\n|-supereffective|p2a: Bryan\n|-ability|p2a: Bryan|Sturdy\n|-damage|p2a: Bryan|1\/100\n|move|p2a: Bryan|Explosion|p1a: Sirfetch\u2019d\n|-damage|p1a: Sirfetch\u2019d|27\/100\n|faint|p2a: Bryan\n|\n|upkeep\n|\n|t:|1700717636\n|switch|p2a: Aero|Lugia|100\/100\n|-ability|p2a: Aero|Pressure\n|turn|2\n|\n|t:|1700717640\n|move|p2a: Aero|Aeroblast|p1a: Sirfetch\u2019d\n|-supereffective|p1a: Sirfetch\u2019d\n|-damage|p1a: Sirfetch\u2019d|0 fnt\n|faint|p1a: Sirfetch\u2019d\n|\n|upkeep\n|\n|t:|1700717656\n|switch|p1a: Gengar|Gengar, M|100\/100\n|turn|3\n|inactive|Battle timer is ON: inactive players will automatically lose when time's up. (requested by Ash Ketchum344)\n|\n|t:|1700717676\n|move|p1a: Gengar|Hidden Power|p2a: Aero\n|-supereffective|p2a: Aero\n|-damage|p2a: Aero|74\/100\n|move|p2a: Aero|Psychic|p1a: Gengar\n|-supereffective|p1a: Gengar\n|-damage|p1a: Gengar|34\/100\n|\n|-heal|p2a: Aero|80\/100|[from] item: Leftovers\n|upkeep\n|turn|4\n|\n|t:|1700717681\n|move|p1a: Gengar|Sludge Bomb|p2a: Aero\n|-damage|p2a: Aero|53\/100\n|move|p2a: Aero|Psychic|p1a: Gengar\n|-supereffective|p1a: Gengar\n|-damage|p1a: Gengar|0 fnt\n|faint|p1a: Gengar\n|\n|-heal|p2a: Aero|59\/100|[from] item: Leftovers\n|upkeep\n|\n|t:|1700717686\n|switch|p1a: Pikachu|Pikachu, F|100\/100\n|turn|5\n|\n|t:|1700717695\n|switch|p2a: Wimper|Quagsire, M|100\/100\n|move|p1a: Pikachu|Fake Out|p2a: Wimper\n|-crit|p2a: Wimper\n|-damage|p2a: Wimper|78\/100\n|\n|upkeep\n|turn|6\n|\n|t:|1700717710\n|-terastallize|p1a: Pikachu|Normal\n|move|p1a: Pikachu|Extreme Speed|p2a: Wimper\n|-damage|p2a: Wimper|40\/100\n|move|p2a: Wimper|Earth Power|p1a: Pikachu\n|-damage|p1a: Pikachu|21\/100\n|\n|upkeep\n|turn|7\n|\n|t:|1700717721\n|move|p1a: Pikachu|Extreme Speed|p2a: Wimper\n|-damage|p2a: Wimper|1\/100\n|move|p2a: Wimper|Earth Power|p1a: Pikachu\n|-damage|p1a: Pikachu|0 fnt\n|faint|p1a: Pikachu\n|\n|upkeep\n|\n|t:|1700717730\n|switch|p1a: Lucario|Lucario, M|100\/100\n|turn|8\n|\n|t:|1700717736\n|move|p1a: Lucario|Bullet Punch|p2a: Wimper\n|-resisted|p2a: Wimper\n|-damage|p2a: Wimper|0 fnt\n|faint|p2a: Wimper\n|\n|upkeep\n|\n|t:|1700717739\n|switch|p2a: Ash|Typhlosion, M|100\/100\n|turn|9\n|\n|t:|1700717746\n|detailschange|p1a: Lucario|Lucario-Mega, M\n|-mega|p1a: Lucario|Lucario|Lucarionite\n|move|p1a: Lucario|Close Combat|p2a: Ash\n|-damage|p2a: Ash|0 fnt\n|-unboost|p1a: Lucario|def|1\n|-unboost|p1a: Lucario|spd|1\n|faint|p2a: Ash\n|\n|upkeep\n|\n|t:|1700717752\n|switch|p2a: Aero|Lugia|59\/100\n|-ability|p2a: Aero|Pressure\n|turn|10\n|\n|t:|1700717759\n|switch|p1a: Dragonite|Dragonite, F|100\/100\n|move|p2a: Aero|Aeroblast|p1a: Dragonite\n|-damage|p1a: Dragonite|82\/100\n|\n|-heal|p2a: Aero|65\/100|[from] item: Leftovers\n|upkeep\n|turn|11\n|\n|t:|1700717767\n|switch|p2a: Leafy|Victreebel, M|100\/100\n|move|p1a: Dragonite|Dragon Dance|p1a: Dragonite\n|-boost|p1a: Dragonite|atk|1\n|-boost|p1a: Dragonite|spe|1\n|\n|upkeep\n|turn|12\n|\n|t:|1700717772\n|move|p1a: Dragonite|Dragon Claw|p2a: Leafy\n|-damage|p2a: Leafy|0 fnt\n|faint|p2a: Leafy\n|\n|upkeep\n|\n|t:|1700717775\n|switch|p2a: Pandoria|Ampharos, F|100\/100\n|turn|13\n|\n|t:|1700717780\n|move|p1a: Dragonite|Dragon Claw|p2a: Pandoria\n|-damage|p2a: Pandoria|9\/100\n|move|p2a: Pandoria|Thunderbolt|p1a: Dragonite\n|-damage|p1a: Dragonite|31\/100\n|\n|upkeep\n|turn|14\n|\n|t:|1700717787\n|move|p1a: Dragonite|Extreme Speed|p2a: Pandoria\n|-damage|p2a: Pandoria|0 fnt\n|faint|p2a: Pandoria\n|\n|upkeep\n|\n|t:|1700717789\n|switch|p2a: Aero|Lugia|65\/100\n|-ability|p2a: Aero|Pressure\n|turn|15\n|\n|t:|1700717798\n|-terastallize|p2a: Aero|Steel\n|move|p1a: Dragonite|Dragon Claw|p2a: Aero\n|-resisted|p2a: Aero\n|-damage|p2a: Aero|38\/100\n|move|p2a: Aero|Aeroblast|p1a: Dragonite\n|-crit|p1a: Dragonite\n|-damage|p1a: Dragonite|0 fnt\n|faint|p1a: Dragonite\n|\n|-heal|p2a: Aero|44\/100|[from] item: Leftovers\n|upkeep\n|\n|t:|1700717804\n|switch|p1a: Lucario|Lucario-Mega, M|100\/100\n|turn|16\n|\n|t:|1700717809\n|move|p2a: Aero|Protect|p2a: Aero\n|-singleturn|p2a: Aero|Protect\n|move|p1a: Lucario|Close Combat|p2a: Aero\n|-activate|p2a: Aero|move: Protect\n|\n|-heal|p2a: Aero|51\/100|[from] item: Leftovers\n|upkeep\n|turn|17\n|\n|t:|1700717818\n|move|p1a: Lucario|Close Combat|p2a: Aero\n|-supereffective|p2a: Aero\n|-damage|p2a: Aero|0 fnt\n|-unboost|p1a: Lucario|def|1\n|-unboost|p1a: Lucario|spd|1\n|faint|p2a: Aero\n|\n|win|Ash Ketchum344\n|raw|Ash Ketchum344's rating: 1124 &rarr; <strong>1150<\/strong><br \/>(+26 for winning)\n|raw|justin4office's rating: 1140 &rarr; <strong>1114<\/strong><br \/>(-26 for losing)\n|l|\u2606justin4office\n","uploadtime":1700717827,"views":1,"p1id":"ashketchum344","p2id":"justin4office","formatid":"gen9nationaldexubers","rating":1114,"private":0,"password":""}