{"id":"gen9nationaldexubers-2000044668","p1":"TheChildGiddly","p2":"ManBehindSIaghter","format":"[Gen 9] National Dex Ubers","log":"|j|\u203dTheChildGiddly\n|j|\u2606ManBehindSIaghter\n|t:|1701145383\n|gametype|singles\n|player|p1|TheChildGiddly|1|1040\n|player|p2|ManBehindSIaghter|clerk-boss|1195\n|teamsize|p1|6\n|teamsize|p2|6\n|gen|9\n|tier|[Gen 9] National Dex Ubers\n|rated|\n|rule|HP Percentage Mod: HP is shown in percentages\n|rule|Endless Battle Clause: Forcing endless battles is banned\n|rule|OHKO Clause: OHKO moves are banned\n|rule|Evasion Moves Clause: Evasion moves are banned\n|rule|Evasion Items Clause: Evasion items are banned\n|rule|Species Clause: Limit one of each Pok\u00e9mon\n|rule|Sleep Clause Mod: Limit one foe put to sleep\n|rule|Mega Rayquaza Clause: You cannot mega evolve Rayquaza\n|clearpoke\n|poke|p1|Kyurem-White|\n|poke|p1|Groudon|\n|poke|p1|Magearna|\n|poke|p1|Morpeko, M|\n|poke|p1|Eternatus|\n|poke|p1|Flutter Mane|\n|poke|p2|Kyogre|\n|poke|p2|Mimikyu, F|\n|poke|p2|Shuckle, F|\n|poke|p2|Stakataka|\n|poke|p2|Xurkitree|\n|poke|p2|Scizor, F|\n|teampreview\n|\n|t:|1701145386\n|start\n|switch|p1a: Groudon|Groudon|100\/100\n|switch|p2a: Towering|Stakataka|100\/100\n|-weather|SunnyDay|[from] ability: Drought|[of] p1a: Groudon\n|-item|p2a: Towering|Air Balloon\n|turn|1\n|c|\u2606ManBehindSIaghter|Boutta be a cold december\n|\n|t:|1701145396\n|move|p1a: Groudon|Stealth Rock|p2a: Towering\n|-sidestart|p2: ManBehindSIaghter|move: Stealth Rock\n|move|p2a: Towering|Trick Room|p2a: Towering\n|-fieldstart|move: Trick Room|[of] p2a: Towering\n|\n|-weather|SunnyDay|[upkeep]\n|upkeep\n|turn|2\n|\n|t:|1701145407\n|move|p2a: Towering|Gyro Ball|p1a: Groudon\n|-crit|p1a: Groudon\n|-damage|p1a: Groudon|0 fnt\n|faint|p1a: Groudon\n|-ability|p2a: Towering|Beast Boost|boost\n|-boost|p2a: Towering|def|1\n|\n|-weather|SunnyDay|[upkeep]\n|upkeep\n|\n|t:|1701145421\n|switch|p1a: Magearna|Magearna|100\/100\n|turn|3\n|\n|t:|1701145425\n|-terastallize|p1a: Magearna|Grass\n|move|p2a: Towering|Earthquake|p1a: Magearna\n|-resisted|p1a: Magearna\n|-damage|p1a: Magearna|87\/100\n|move|p1a: Magearna|Encore|p2a: Towering\n|-start|p2a: Towering|Encore\n|\n|-weather|SunnyDay|[upkeep]\n|-heal|p1a: Magearna|93\/100|[from] item: Leftovers\n|upkeep\n|turn|4\n|\n|t:|1701145433\n|switch|p2a: Bulky Bug|Shuckle, F, shiny|100\/100\n|-damage|p2a: Bulky Bug|76\/100|[from] Stealth Rock\n|move|p1a: Magearna|Thunder Wave|p2a: Bulky Bug\n|-status|p2a: Bulky Bug|par\n|\n|-weather|SunnyDay|[upkeep]\n|-heal|p1a: Magearna|99\/100|[from] item: Leftovers\n|upkeep\n|turn|5\n|c|\u2606ManBehindSIaghter|i am not that [stupid whale]\n|\n|t:|1701145451\n|cant|p2a: Bulky Bug|par\n|move|p1a: Magearna|Volt Switch|p2a: Bulky Bug\n|-damage|p2a: Bulky Bug|60\/100 par\n|\n|t:|1701145456\n|switch|p1a: Eternatus|Eternatus|100\/100|[from] Volt Switch\n|-ability|p1a: Eternatus|Pressure\n|\n|-weather|none\n|-fieldend|move: Trick Room\n|upkeep\n|turn|6\n|\n|t:|1701145462\n|move|p1a: Eternatus|Toxic Spikes|p2a: Bulky Bug\n|-sidestart|p2: ManBehindSIaghter|move: Toxic Spikes\n|cant|p2a: Bulky Bug|par\n|\n|upkeep\n|turn|7\n|\n|t:|1701145470\n|switch|p1a: Flutter Mane|Flutter Mane|100\/100\n|move|p2a: Bulky Bug|Sticky Web|p1a: Flutter Mane\n|-sidestart|p1: TheChildGiddly|move: Sticky Web\n|\n|upkeep\n|turn|8\n|\n|t:|1701145477\n|move|p1a: Flutter Mane|Hex|p2a: Bulky Bug\n|-damage|p2a: Bulky Bug|0 fnt\n|faint|p2a: Bulky Bug\n|\n|upkeep\n|\n|t:|1701145489\n|switch|p2a: Towering|Stakataka|100\/100\n|-damage|p2a: Towering|94\/100|[from] Stealth Rock\n|-item|p2a: Towering|Air Balloon\n|turn|9\n|\n|t:|1701145504\n|-end|p1a: Flutter Mane|Protosynthesis|[silent]\n|switch|p1a: Eternatus|Eternatus|100\/100\n|-activate|p1a: Eternatus|move: Sticky Web\n|-unboost|p1a: Eternatus|spe|1\n|-ability|p1a: Eternatus|Pressure\n|move|p2a: Towering|Gyro Ball|p1a: Eternatus\n|-damage|p1a: Eternatus|40\/100\n|\n|-heal|p1a: Eternatus|47\/100|[from] item: Leftovers\n|upkeep\n|turn|10\n|\n|t:|1701145517\n|switch|p1a: Morpeko|Morpeko, M, shiny|100\/100\n|move|p2a: Towering|Trick Room|p2a: Towering\n|-fieldstart|move: Trick Room|[of] p2a: Towering\n|\n|-formechange|p1a: Morpeko|Morpeko-Hangry||[from] ability: Hunger Switch\n|upkeep\n|turn|11\n|\n|t:|1701145526\n|move|p2a: Towering|Gyro Ball|p1a: Morpeko\n|-resisted|p1a: Morpeko\n|-damage|p1a: Morpeko|4\/100\n|move|p1a: Morpeko|Rapid Spin|p2a: Towering\n|-resisted|p2a: Towering\n|-crit|p2a: Towering\n|-damage|p2a: Towering|91\/100\n|-boost|p1a: Morpeko|spe|1\n|-enditem|p2a: Towering|Air Balloon\n|-sideend|p1: TheChildGiddly|Sticky Web|[from] move: Rapid Spin|[of] p1a: Morpeko\n|\n|-formechange|p1a: Morpeko|Morpeko||[from] ability: Hunger Switch\n|upkeep\n|turn|12\n|\n|t:|1701145538\n|move|p2a: Towering|Gyro Ball|p1a: Morpeko\n|-resisted|p1a: Morpeko\n|-damage|p1a: Morpeko|0 fnt\n|faint|p1a: Morpeko\n|-ability|p2a: Towering|Beast Boost|boost\n|-boost|p2a: Towering|def|1\n|\n|upkeep\n|c|\u2606ManBehindSIaghter|... k\n|\n|t:|1701145543\n|switch|p1a: Magearna|Magearna, tera:Grass|99\/100\n|turn|13\n|\n|t:|1701145549\n|move|p2a: Towering|Gyro Ball|p1a: Magearna\n|-crit|p1a: Magearna\n|-damage|p1a: Magearna|8\/100\n|move|p1a: Magearna|Volt Switch|p2a: Towering\n|-crit|p2a: Towering\n|-damage|p2a: Towering|59\/100\n|\n|t:|1701145555\n|switch|p1a: Kyurem|Kyurem-White, shiny|100\/100|[from] Volt Switch\n|-ability|p1a: Kyurem|Turboblaze\n|\n|upkeep\n|turn|14\n|\n|t:|1701145560\n|move|p1a: Kyurem|Protect|p1a: Kyurem\n|-singleturn|p1a: Kyurem|Protect\n|move|p2a: Towering|Gyro Ball|p1a: Kyurem\n|-activate|p1a: Kyurem|move: Protect\n|\n|-fieldend|move: Trick Room\n|upkeep\n|turn|15\n|\n|t:|1701145567\n|-terastallize|p2a: Towering|Flying\n|move|p1a: Kyurem|Substitute|p1a: Kyurem\n|-start|p1a: Kyurem|Substitute\n|-damage|p1a: Kyurem|76\/100\n|move|p2a: Towering|Trick Room|p2a: Towering\n|-fieldstart|move: Trick Room|[of] p2a: Towering\n|\n|-heal|p1a: Kyurem|82\/100|[from] item: Leftovers\n|upkeep\n|turn|16\n|\n|t:|1701145581\n|move|p1a: Kyurem|Protect|p1a: Kyurem\n|-singleturn|p1a: Kyurem|Protect\n|move|p2a: Towering|Gyro Ball|p1a: Kyurem\n|-activate|p1a: Kyurem|move: Protect\n|\n|-heal|p1a: Kyurem|88\/100|[from] item: Leftovers\n|upkeep\n|turn|17\n|\n|t:|1701145592\n|move|p2a: Towering|Rock Slide|p1a: Kyurem\n|-supereffective|p1a: Kyurem\n|-end|p1a: Kyurem|Substitute\n|move|p1a: Kyurem|Substitute|p1a: Kyurem\n|-start|p1a: Kyurem|Substitute\n|-damage|p1a: Kyurem|63\/100\n|\n|-heal|p1a: Kyurem|69\/100|[from] item: Leftovers\n|upkeep\n|turn|18\n|\n|t:|1701145602\n|move|p1a: Kyurem|Protect|p1a: Kyurem\n|-singleturn|p1a: Kyurem|Protect\n|move|p2a: Towering|Rock Slide|p1a: Kyurem\n|-activate|p1a: Kyurem|move: Protect\n|\n|-heal|p1a: Kyurem|75\/100|[from] item: Leftovers\n|upkeep\n|turn|19\n|\n|t:|1701145614\n|move|p2a: Towering|Rock Slide|p1a: Kyurem\n|-supereffective|p1a: Kyurem\n|-end|p1a: Kyurem|Substitute\n|move|p1a: Kyurem|Ice Burn||[still]\n|-prepare|p1a: Kyurem|Ice Burn\n|\n|-heal|p1a: Kyurem|81\/100|[from] item: Leftovers\n|-fieldend|move: Trick Room\n|upkeep\n|turn|20\n|\n|t:|1701145625\n|move|p1a: Kyurem|Ice Burn|p2a: Towering|[from]lockedmove\n|-supereffective|p2a: Towering\n|-damage|p2a: Towering|0 fnt\n|faint|p2a: Towering\n|\n|-heal|p1a: Kyurem|87\/100|[from] item: Leftovers\n|upkeep\n|\n|t:|1701145631\n|switch|p2a: Big Whale|Kyogre|100\/100\n|-damage|p2a: Big Whale|88\/100|[from] Stealth Rock\n|-status|p2a: Big Whale|psn\n|detailschange|p2a: Big Whale|Kyogre-Primal\n|-primal|p2a: Big Whale|Blue Orb\n|-weather|PrimordialSea|[from] ability: Primordial Sea|[of] p2a: Big Whale\n|turn|21\n|\n|t:|1701145640\n|move|p1a: Kyurem|Substitute|p1a: Kyurem\n|-start|p1a: Kyurem|Substitute\n|-damage|p1a: Kyurem|62\/100\n|move|p2a: Big Whale|Thunder Wave||[still]\n|-fail|p2a: Big Whale\n|\n|-weather|PrimordialSea|[upkeep]\n|-heal|p1a: Kyurem|68\/100|[from] item: Leftovers\n|-damage|p2a: Big Whale|76\/100 psn|[from] psn\n|upkeep\n|turn|22\n|\n|t:|1701145649\n|move|p1a: Kyurem|Protect|p1a: Kyurem\n|-singleturn|p1a: Kyurem|Protect\n|move|p2a: Big Whale|Thunder|p1a: Kyurem\n|-activate|p1a: Kyurem|move: Protect\n|\n|-weather|PrimordialSea|[upkeep]\n|-heal|p1a: Kyurem|75\/100|[from] item: Leftovers\n|-damage|p2a: Big Whale|64\/100 psn|[from] psn\n|upkeep\n|turn|23\n|\n|t:|1701145657\n|move|p1a: Kyurem|Substitute|p1a: Kyurem\n|-fail|p1a: Kyurem|move: Substitute\n|move|p2a: Big Whale|Thunder|p1a: Kyurem\n|-resisted|p1a: Kyurem\n|-activate|p1a: Kyurem|move: Substitute|[damage]\n|\n|-weather|PrimordialSea|[upkeep]\n|-heal|p1a: Kyurem|81\/100|[from] item: Leftovers\n|-damage|p2a: Big Whale|51\/100 psn|[from] psn\n|upkeep\n|turn|24\n|\n|t:|1701145667\n|move|p1a: Kyurem|Protect|p1a: Kyurem\n|-singleturn|p1a: Kyurem|Protect\n|move|p2a: Big Whale|Origin Pulse|p1a: Kyurem\n|-activate|p1a: Kyurem|move: Protect\n|\n|-weather|PrimordialSea|[upkeep]\n|-heal|p1a: Kyurem|87\/100|[from] item: Leftovers\n|-damage|p2a: Big Whale|39\/100 psn|[from] psn\n|upkeep\n|turn|25\n|c|\u2606ManBehindSIaghter|oh ok i got it\n|\n|t:|1701145682\n|-weather|none\n|switch|p2a: Actually bulky|Scizor, F|100\/100\n|-damage|p2a: Actually bulky|88\/100|[from] Stealth Rock\n|move|p1a: Kyurem|Dragon Pulse|p2a: Actually bulky\n|-resisted|p2a: Actually bulky\n|-damage|p2a: Actually bulky|51\/100\n|\n|-heal|p1a: Kyurem|93\/100|[from] item: Leftovers\n|upkeep\n|turn|26\n|\n|t:|1701145692\n|detailschange|p2a: Actually bulky|Scizor-Mega, F\n|-mega|p2a: Actually bulky|Scizor|Scizorite\n|move|p1a: Kyurem|Protect|p1a: Kyurem\n|-singleturn|p1a: Kyurem|Protect\n|move|p2a: Actually bulky|Bullet Punch|p1a: Kyurem\n|-activate|p1a: Kyurem|move: Protect\n|\n|-heal|p1a: Kyurem|99\/100|[from] item: Leftovers\n|upkeep\n|turn|27\n|\n|t:|1701145701\n|move|p2a: Actually bulky|Bullet Punch|p1a: Kyurem\n|-supereffective|p1a: Kyurem\n|-end|p1a: Kyurem|Substitute\n|move|p1a: Kyurem|Dragon Pulse|p2a: Actually bulky\n|-resisted|p2a: Actually bulky\n|-damage|p2a: Actually bulky|17\/100\n|\n|-heal|p1a: Kyurem|100\/100|[from] item: Leftovers\n|upkeep\n|turn|28\n|\n|t:|1701145708\n|switch|p1a: Magearna|Magearna, tera:Grass|8\/100\n|move|p2a: Actually bulky|Bullet Punch|p1a: Magearna\n|-damage|p1a: Magearna|0 fnt\n|faint|p1a: Magearna\n|\n|upkeep\n|\n|t:|1701145710\n|switch|p1a: Eternatus|Eternatus|47\/100\n|-ability|p1a: Eternatus|Pressure\n|turn|29\n|\n|t:|1701145718\n|move|p2a: Actually bulky|Bullet Punch|p1a: Eternatus\n|-damage|p1a: Eternatus|21\/100\n|move|p1a: Eternatus|Flamethrower|p2a: Actually bulky\n|-supereffective|p2a: Actually bulky\n|-damage|p2a: Actually bulky|0 fnt\n|faint|p2a: Actually bulky\n|\n|-heal|p1a: Eternatus|27\/100|[from] item: Leftovers\n|upkeep\n|\n|t:|1701145729\n|switch|p2a: Bulkykyu|Mimikyu, F, shiny|100\/100\n|-damage|p2a: Bulkykyu|88\/100|[from] Stealth Rock\n|-status|p2a: Bulkykyu|psn\n|turn|30\n|\n|t:|1701145737\n|move|p1a: Eternatus|Recover|p1a: Eternatus\n|-heal|p1a: Eternatus|77\/100\n|move|p2a: Bulkykyu|Swords Dance|p2a: Bulkykyu\n|-boost|p2a: Bulkykyu|atk|2\n|\n|-heal|p1a: Eternatus|83\/100|[from] item: Leftovers\n|-damage|p2a: Bulkykyu|76\/100 psn|[from] psn\n|upkeep\n|turn|31\n|\n|t:|1701145744\n|move|p1a: Eternatus|Flamethrower|p2a: Bulkykyu\n|-activate|p2a: Bulkykyu|ability: Disguise\n|-damage|p2a: Bulkykyu|76\/100 psn\n|detailschange|p2a: Bulkykyu|Mimikyu-Busted, F, shiny\n|-damage|p2a: Bulkykyu|64\/100 psn|[from] pokemon: Mimikyu-Busted\n|move|p2a: Bulkykyu|Swords Dance|p2a: Bulkykyu\n|-boost|p2a: Bulkykyu|atk|2\n|\n|-heal|p1a: Eternatus|89\/100|[from] item: Leftovers\n|-damage|p2a: Bulkykyu|51\/100 psn|[from] psn\n|upkeep\n|turn|32\n|\n|t:|1701145755\n|move|p2a: Bulkykyu|Shadow Sneak|p1a: Eternatus\n|-damage|p1a: Eternatus|43\/100\n|-damage|p2a: Bulkykyu|41\/100 psn|[from] item: Life Orb\n|move|p1a: Eternatus|Flamethrower|p2a: Bulkykyu\n|-damage|p2a: Bulkykyu|6\/100 psn\n|\n|-heal|p1a: Eternatus|49\/100|[from] item: Leftovers\n|-damage|p2a: Bulkykyu|0 fnt|[from] psn\n|faint|p2a: Bulkykyu\n|upkeep\n|inactive|Battle timer is ON: inactive players will automatically lose when time's up. (requested by TheChildGiddly)\n|\n|t:|1701145765\n|switch|p2a: HIGH VOLTAGE|Xurkitree|100\/100\n|-damage|p2a: HIGH VOLTAGE|88\/100|[from] Stealth Rock\n|-item|p2a: HIGH VOLTAGE|Air Balloon\n|turn|33\n|c|\u2606ManBehindSIaghter|why all so mean today\n|\n|t:|1701145777\n|move|p1a: Eternatus|Recover|p1a: Eternatus\n|-heal|p1a: Eternatus|99\/100\n|move|p2a: HIGH VOLTAGE|Thunderbolt|p1a: Eternatus\n|-resisted|p1a: Eternatus\n|-damage|p1a: Eternatus|77\/100\n|\n|-heal|p1a: Eternatus|83\/100|[from] item: Leftovers\n|upkeep\n|turn|34\n|\n|t:|1701145784\n|switch|p1a: Kyurem|Kyurem-White, shiny|100\/100\n|-ability|p1a: Kyurem|Turboblaze\n|move|p2a: HIGH VOLTAGE|Tail Glow|p2a: HIGH VOLTAGE\n|-boost|p2a: HIGH VOLTAGE|spa|3\n|\n|upkeep\n|turn|35\n|\n|t:|1701145795\n|move|p1a: Kyurem|Dragon Pulse|p2a: HIGH VOLTAGE\n|-damage|p2a: HIGH VOLTAGE|7\/100\n|-enditem|p2a: HIGH VOLTAGE|Air Balloon\n|move|p2a: HIGH VOLTAGE|Discharge|p1a: Kyurem\n|-resisted|p1a: Kyurem\n|-damage|p1a: Kyurem|50\/100\n|\n|-heal|p1a: Kyurem|56\/100|[from] item: Leftovers\n|upkeep\n|turn|36\n|c|\u2606ManBehindSIaghter|not a para\n|c|\u2606ManBehindSIaghter|inlost\n|c|\u2606ManBehindSIaghter|i lost\n|\n|t:|1701145813\n|move|p1a: Kyurem|Dragon Pulse|p2a: HIGH VOLTAGE\n|-damage|p2a: HIGH VOLTAGE|0 fnt\n|faint|p2a: HIGH VOLTAGE\n|\n|-heal|p1a: Kyurem|62\/100|[from] item: Leftovers\n|upkeep\n|c|\u2606ManBehindSIaghter|i always come back\n|\n|t:|1701145819\n|switch|p2a: Big Whale|Kyogre-Primal|39\/100 psn\n|-damage|p2a: Big Whale|27\/100 psn|[from] Stealth Rock\n|-weather|PrimordialSea|[from] ability: Primordial Sea|[of] p2a: Big Whale\n|turn|37\n|\n|t:|1701145825\n|move|p1a: Kyurem|Protect|p1a: Kyurem\n|-singleturn|p1a: Kyurem|Protect\n|move|p2a: Big Whale|Thunder|p1a: Kyurem\n|-activate|p1a: Kyurem|move: Protect\n|\n|-weather|PrimordialSea|[upkeep]\n|-heal|p1a: Kyurem|68\/100|[from] item: Leftovers\n|-damage|p2a: Big Whale|15\/100 psn|[from] psn\n|upkeep\n|turn|38\n|c|\u2606ManBehindSIaghter|i wont be toxic on you\n|c|\u2606ManBehindSIaghter|just because i am not like you\n|\n|t:|1701145846\n|move|p1a: Kyurem|Ice Burn||[still]\n|-prepare|p1a: Kyurem|Ice Burn\n|move|p2a: Big Whale|Thunder Wave|p1a: Kyurem\n|-status|p1a: Kyurem|par\n|\n|-weather|PrimordialSea|[upkeep]\n|-heal|p1a: Kyurem|74\/100 par|[from] item: Leftovers\n|-damage|p2a: Big Whale|2\/100 psn|[from] psn\n|upkeep\n|turn|39\n|\n|t:|1701145855\n|move|p2a: Big Whale|Thunder|p1a: Kyurem\n|-resisted|p1a: Kyurem\n|-damage|p1a: Kyurem|54\/100 par\n|move|p1a: Kyurem|Ice Burn|p2a: Big Whale|[from]lockedmove\n|-resisted|p2a: Big Whale\n|-damage|p2a: Big Whale|0 fnt\n|faint|p2a: Big Whale\n|-weather|none\n|\n|win|TheChildGiddly\n|raw|TheChildGiddly's rating: 1040 &rarr; <strong>1088<\/strong><br \/>(+48 for winning)\n|raw|ManBehindSIaghter's rating: 1195 &rarr; <strong>1160<\/strong><br \/>(-35 for losing)\n|c|\u2606ManBehindSIaghter|ggwp bud\n","uploadtime":1701145874,"views":1,"p1id":"thechildgiddly","p2id":"manbehindsiaghter","formatid":"gen9nationaldexubers","rating":1088,"private":0,"password":""}