{"id":"gen9nationaldexubers-2000554488","p1":"caduhellfire","p2":"Guj Genera","format":"[Gen 9] National Dex Ubers","log":"|j|\u2606caduhellfire\n|j|\u2606Guj Genera\n|t:|1701204848\n|gametype|singles\n|player|p1|caduhellfire|101|1019\n|player|p2|Guj Genera|ash|1087\n|teamsize|p1|6\n|teamsize|p2|6\n|gen|9\n|tier|[Gen 9] National Dex Ubers\n|rated|\n|rule|HP Percentage Mod: HP is shown in percentages\n|rule|Endless Battle Clause: Forcing endless battles is banned\n|rule|OHKO Clause: OHKO moves are banned\n|rule|Evasion Moves Clause: Evasion moves are banned\n|rule|Evasion Items Clause: Evasion items are banned\n|rule|Species Clause: Limit one of each Pok\u00e9mon\n|rule|Sleep Clause Mod: Limit one foe put to sleep\n|rule|Mega Rayquaza Clause: You cannot mega evolve Rayquaza\n|clearpoke\n|poke|p1|Infernape, M|\n|poke|p1|Gallade, M|\n|poke|p1|Gyarados, F|\n|poke|p1|Magnezone|\n|poke|p1|Garchomp, F|\n|poke|p1|Staraptor, M|\n|poke|p2|Melmetal|\n|poke|p2|Kleavor, M|\n|poke|p2|Garchomp, M|\n|poke|p2|Tapu Lele|\n|poke|p2|Regieleki|\n|poke|p2|Kingambit, M|\n|teampreview\n|inactive|Battle timer is ON: inactive players will automatically lose when time's up. (requested by Guj Genera)\n|\n|t:|1701204861\n|start\n|switch|p1a: Garchomp|Garchomp, F|100\/100\n|switch|p2a: Tapu Lele|Tapu Lele, shiny|100\/100\n|-fieldstart|move: Psychic Terrain|[from] ability: Psychic Surge|[of] p2a: Tapu Lele\n|turn|1\n|\n|t:|1701204872\n|detailschange|p1a: Garchomp|Garchomp-Mega, F\n|-mega|p1a: Garchomp|Garchomp|Garchompite\n|move|p2a: Tapu Lele|Calm Mind|p2a: Tapu Lele\n|-boost|p2a: Tapu Lele|spa|1\n|-boost|p2a: Tapu Lele|spd|1\n|move|p1a: Garchomp|Earthquake|p2a: Tapu Lele\n|-damage|p2a: Tapu Lele|0 fnt\n|faint|p2a: Tapu Lele\n|\n|upkeep\n|\n|t:|1701204898\n|switch|p2a: Garchomp|Garchomp, M, shiny|100\/100\n|turn|2\n|\n|t:|1701204903\n|move|p2a: Garchomp|Dragon Claw|p1a: Garchomp\n|-supereffective|p1a: Garchomp\n|-damage|p1a: Garchomp|42\/100\n|move|p1a: Garchomp|Dragon Claw|p2a: Garchomp\n|-supereffective|p2a: Garchomp\n|-damage|p2a: Garchomp|0 fnt\n|-damage|p1a: Garchomp|30\/100|[from] ability: Rough Skin|[of] p2a: Garchomp\n|faint|p2a: Garchomp\n|\n|upkeep\n|\n|t:|1701204907\n|switch|p2a: Kleavor|Kleavor, M|100\/100\n|turn|3\n|\n|t:|1701204919\n|move|p2a: Kleavor|Stone Axe|p1a: Garchomp\n|-resisted|p1a: Garchomp\n|-damage|p1a: Garchomp|10\/100\n|-sidestart|p1: caduhellfire|move: Stealth Rock\n|move|p1a: Garchomp|Earthquake|p2a: Kleavor\n|-crit|p2a: Kleavor\n|-damage|p2a: Kleavor|0 fnt\n|faint|p2a: Kleavor\n|\n|upkeep\n|\n|t:|1701204927\n|switch|p2a: Regieleki|Regieleki, shiny|100\/100\n|turn|4\n|\n|t:|1701204933\n|move|p2a: Regieleki|Ancient Power|p1a: Garchomp\n|-resisted|p1a: Garchomp\n|-damage|p1a: Garchomp|0 fnt\n|faint|p1a: Garchomp\n|\n|upkeep\n|\n|t:|1701204945\n|switch|p1a: Infernape|Infernape, M|100\/100\n|-damage|p1a: Infernape|88\/100|[from] Stealth Rock\n|turn|5\n|\n|t:|1701204954\n|-terastallize|p1a: Infernape|Fairy\n|move|p2a: Regieleki|Ancient Power|p1a: Infernape\n|-damage|p1a: Infernape|55\/100\n|move|p1a: Infernape|Drain Punch|p2a: Regieleki\n|-damage|p2a: Regieleki|37\/100\n|-heal|p1a: Infernape|88\/100|[from] drain|[of] p2a: Regieleki\n|\n|-fieldend|move: Psychic Terrain\n|upkeep\n|turn|6\n|\n|t:|1701204967\n|move|p2a: Regieleki|Ancient Power|p1a: Infernape\n|-damage|p1a: Infernape|57\/100\n|move|p1a: Infernape|Drain Punch|p2a: Regieleki\n|-damage|p2a: Regieleki|0 fnt\n|-heal|p1a: Infernape|76\/100|[from] drain|[of] p2a: Regieleki\n|faint|p2a: Regieleki\n|\n|upkeep\n|\n|t:|1701204972\n|switch|p2a: Melmetal|Melmetal, shiny|100\/100\n|turn|7\n|\n|t:|1701204981\n|switch|p1a: Gallade|Gallade, M|100\/100\n|-damage|p1a: Gallade|94\/100|[from] Stealth Rock\n|move|p2a: Melmetal|Double Iron Bash|p1a: Gallade\n|-damage|p1a: Gallade|34\/100\n|-damage|p1a: Gallade|0 fnt\n|faint|p1a: Gallade\n|-hitcount|p1: Gallade|2\n|\n|upkeep\n|\n|t:|1701204993\n|switch|p1a: Infernape|Infernape, M, tera:Fairy|76\/100\n|-damage|p1a: Infernape|64\/100|[from] Stealth Rock\n|turn|8\n|\n|t:|1701204999\n|switch|p1a: Staraptor|Staraptor, M|100\/100\n|-damage|p1a: Staraptor|75\/100|[from] Stealth Rock\n|-ability|p1a: Staraptor|Intimidate|boost\n|-unboost|p2a: Melmetal|atk|1\n|move|p2a: Melmetal|Double Iron Bash|p1a: Staraptor\n|-damage|p1a: Staraptor|36\/100\n|-enditem|p1a: Staraptor|Sitrus Berry|[eat]\n|-heal|p1a: Staraptor|61\/100|[from] item: Sitrus Berry\n|-damage|p1a: Staraptor|16\/100\n|-hitcount|p1a: Staraptor|2\n|\n|upkeep\n|turn|9\n|\n|t:|1701205014\n|move|p1a: Staraptor|Close Combat|p2a: Melmetal\n|-supereffective|p2a: Melmetal\n|-damage|p2a: Melmetal|63\/100\n|-unboost|p1a: Staraptor|def|1\n|-unboost|p1a: Staraptor|spd|1\n|move|p2a: Melmetal|Thunder Punch|p1a: Staraptor\n|-supereffective|p1a: Staraptor\n|-damage|p1a: Staraptor|0 fnt\n|faint|p1a: Staraptor\n|\n|upkeep\n|\n|t:|1701205026\n|switch|p1a: Infernape|Infernape, M, tera:Fairy|64\/100\n|-damage|p1a: Infernape|52\/100|[from] Stealth Rock\n|turn|10\n|\n|t:|1701205033\n|switch|p1a: Magnezone|Magnezone|100\/100\n|-damage|p1a: Magnezone|94\/100|[from] Stealth Rock\n|move|p2a: Melmetal|Double Iron Bash|p1a: Magnezone\n|-resisted|p1a: Magnezone\n|-damage|p1a: Magnezone|87\/100\n|-resisted|p1a: Magnezone\n|-damage|p1a: Magnezone|79\/100\n|-hitcount|p1a: Magnezone|2\n|\n|upkeep\n|turn|11\n|\n|t:|1701205046\n|move|p1a: Magnezone|Signal Beam|p2a: Melmetal\n|-resisted|p2a: Melmetal\n|-damage|p2a: Melmetal|49\/100\n|move|p2a: Melmetal|Earthquake|p1a: Magnezone\n|-supereffective|p1a: Magnezone\n|-damage|p1a: Magnezone|0 fnt\n|faint|p1a: Magnezone\n|\n|upkeep\n|\n|t:|1701205056\n|switch|p1a: Gyarados|Gyarados, F|100\/100\n|-damage|p1a: Gyarados|76\/100|[from] Stealth Rock\n|-ability|p1a: Gyarados|Intimidate|boost\n|-unboost|p2a: Melmetal|atk|1\n|turn|12\n|\n|t:|1701205064\n|move|p1a: Gyarados|Crunch|p2a: Melmetal\n|-damage|p2a: Melmetal|36\/100\n|move|p2a: Melmetal|Thunder Punch|p1a: Gyarados\n|-supereffective|p1a: Gyarados\n|-damage|p1a: Gyarados|0 fnt\n|faint|p1a: Gyarados\n|\n|upkeep\n|\n|t:|1701205074\n|switch|p1a: Infernape|Infernape, M, tera:Fairy|52\/100\n|-damage|p1a: Infernape|39\/100|[from] Stealth Rock\n|-enditem|p1a: Infernape|Sitrus Berry|[eat]\n|-heal|p1a: Infernape|64\/100|[from] item: Sitrus Berry\n|turn|13\n|\n|t:|1701205081\n|move|p1a: Infernape|Drain Punch|p2a: Melmetal\n|-supereffective|p2a: Melmetal\n|-damage|p2a: Melmetal|0 fnt\n|-heal|p1a: Infernape|93\/100|[from] drain|[of] p2a: Melmetal\n|faint|p2a: Melmetal\n|\n|upkeep\n|\n|t:|1701205085\n|switch|p2a: Kingambit|Kingambit, M, shiny|100\/100\n|-activate|p2a: Kingambit|ability: Supreme Overlord\n|-start|p2a: Kingambit|fallen5|[silent]\n|turn|14\n|\n|t:|1701205093\n|move|p2a: Kingambit|Sucker Punch|p1a: Infernape\n|-resisted|p1a: Infernape\n|-damage|p1a: Infernape|43\/100\n|-damage|p2a: Kingambit|91\/100|[from] item: Life Orb\n|move|p1a: Infernape|Drain Punch|p2a: Kingambit\n|-supereffective|p2a: Kingambit\n|-crit|p2a: Kingambit\n|-damage|p2a: Kingambit|0 fnt\n|-heal|p1a: Infernape|100\/100|[from] drain|[of] p2a: Kingambit\n|faint|p2a: Kingambit\n|-end|p2a: Kingambit|fallen5|[silent]\n|\n|win|caduhellfire\n|raw|caduhellfire's rating: 1019 &rarr; <strong>1063<\/strong><br \/>(+44 for winning)\n|raw|Guj Genera's rating: 1087 &rarr; <strong>1059<\/strong><br \/>(-28 for losing)\n|l|\u2606Guj Genera\n|l|\u2606caduhellfire\n","uploadtime":1701205705,"views":3,"p1id":"caduhellfire","p2id":"gujgenera","formatid":"gen9nationaldexubers","rating":1059,"private":0,"password":""}