{"id":"gen9nationaldexubers-1996237696","p1":"chimarrao","p2":"Sinore","format":"[Gen 9] National Dex Ubers","log":"|j|\u2606chimarrao\n|j|\u2606Sinore\n|t:|1700662668\n|gametype|singles\n|player|p1|chimarrao|marley|1172\n|player|p2|Sinore|erika|1074\n|teamsize|p1|6\n|teamsize|p2|6\n|gen|9\n|tier|[Gen 9] National Dex Ubers\n|rated|\n|rule|HP Percentage Mod: HP is shown in percentages\n|rule|Endless Battle Clause: Forcing endless battles is banned\n|rule|OHKO Clause: OHKO moves are banned\n|rule|Evasion Moves Clause: Evasion moves are banned\n|rule|Evasion Items Clause: Evasion items are banned\n|rule|Species Clause: Limit one of each Pok\u00e9mon\n|rule|Sleep Clause Mod: Limit one foe put to sleep\n|rule|Mega Rayquaza Clause: You cannot mega evolve Rayquaza\n|clearpoke\n|poke|p1|Celesteela|\n|poke|p1|Sharpedo, F|\n|poke|p1|Claydol|\n|poke|p1|Lunala|\n|poke|p1|Zamazenta-*|\n|poke|p1|Lickilicky, F|\n|poke|p2|Tapu Koko|\n|poke|p2|Urshifu-*, F|\n|poke|p2|Kyogre|\n|poke|p2|Tsareena, F|\n|poke|p2|Gardevoir, F|\n|poke|p2|Azelf|\n|teampreview\n|\n|t:|1700662689\n|start\n|switch|p1a: Lickilicky|Lickilicky, F|100\/100\n|switch|p2a: Azelf|Azelf|100\/100\n|-ability|p1a: Lickilicky|Cloud Nine\n|turn|1\n|\n|t:|1700662697\n|move|p2a: Azelf|Stealth Rock|p1a: Lickilicky\n|-sidestart|p1: chimarrao|move: Stealth Rock\n|move|p1a: Lickilicky|Toxic|p2a: Azelf\n|-status|p2a: Azelf|tox\n|\n|-damage|p2a: Azelf|94\/100 tox|[from] psn\n|upkeep\n|turn|2\n|\n|t:|1700662704\n|move|p2a: Azelf|Thunder Wave|p1a: Lickilicky\n|-status|p1a: Lickilicky|par\n|cant|p1a: Lickilicky|par\n|\n|-damage|p2a: Azelf|82\/100 tox|[from] psn\n|upkeep\n|turn|3\n|\n|t:|1700662712\n|move|p2a: Azelf|Taunt|p1a: Lickilicky\n|-start|p1a: Lickilicky|move: Taunt\n|move|p1a: Lickilicky|Seismic Toss|p2a: Azelf\n|-damage|p2a: Azelf|48\/100 tox\n|\n|-damage|p2a: Azelf|29\/100 tox|[from] psn\n|upkeep\n|turn|4\n|\n|t:|1700662723\n|switch|p2a: Urshifu|Urshifu, F|100\/100\n|move|p1a: Lickilicky|Seismic Toss|p2a: Urshifu\n|-damage|p2a: Urshifu|71\/100\n|\n|upkeep\n|turn|5\n|\n|t:|1700662733\n|switch|p1a: Claydol|Claydol|100\/100\n|-damage|p1a: Claydol|94\/100|[from] Stealth Rock\n|move|p2a: Urshifu|Wicked Blow|p1a: Claydol\n|-supereffective|p1a: Claydol\n|-crit|p1a: Claydol\n|-damage|p1a: Claydol|0 fnt\n|-damage|p2a: Urshifu|55\/100|[from] item: Rocky Helmet|[of] p1a: Claydol\n|faint|p1a: Claydol\n|\n|upkeep\n|\n|t:|1700662773\n|switch|p1a: Lunala|Lunala|100\/100\n|-damage|p1a: Lunala|88\/100|[from] Stealth Rock\n|turn|6\n|\n|t:|1700662781\n|move|p1a: Lunala|Protect|p1a: Lunala\n|-singleturn|p1a: Lunala|Protect\n|move|p2a: Urshifu|Wicked Blow|p1a: Lunala\n|-supereffective|p1a: Lunala\n|-crit|p1a: Lunala\n|-damage|p1a: Lunala|0 fnt\n|faint|p1a: Lunala\n|\n|upkeep\n|\n|t:|1700662815\n|switch|p1a: Sharpedo|Sharpedo, F|100\/100\n|-damage|p1a: Sharpedo|88\/100|[from] Stealth Rock\n|turn|7\n|\n|t:|1700662819\n|move|p1a: Sharpedo|Protect|p1a: Sharpedo\n|-singleturn|p1a: Sharpedo|Protect\n|move|p2a: Urshifu|Wicked Blow|p1a: Sharpedo\n|-resisted|p1a: Sharpedo\n|-crit|p1a: Sharpedo\n|-damage|p1a: Sharpedo|0 fnt\n|faint|p1a: Sharpedo\n|\n|upkeep\n|\n|t:|1700662842\n|switch|p1a: Celesteela|Celesteela|100\/100\n|-damage|p1a: Celesteela|88\/100|[from] Stealth Rock\n|turn|8\n|\n|t:|1700662846\n|move|p2a: Urshifu|Wicked Blow|p1a: Celesteela\n|-crit|p1a: Celesteela\n|-damage|p1a: Celesteela|24\/100\n|-enditem|p1a: Celesteela|Sitrus Berry|[eat]\n|-heal|p1a: Celesteela|49\/100|[from] item: Sitrus Berry\n|move|p1a: Celesteela|Acrobatics|p2a: Urshifu\n|-supereffective|p2a: Urshifu\n|-damage|p2a: Urshifu|0 fnt\n|faint|p2a: Urshifu\n|-ability|p1a: Celesteela|Beast Boost|boost\n|-boost|p1a: Celesteela|def|1\n|\n|upkeep\n|\n|t:|1700662851\n|switch|p2a: Azelf|Azelf|29\/100 tox\n|turn|9\n|\n|t:|1700662864\n|move|p2a: Azelf|Thunder Wave|p1a: Celesteela\n|-status|p1a: Celesteela|par\n|move|p1a: Celesteela|Acrobatics|p2a: Azelf\n|-damage|p2a: Azelf|0 fnt\n|faint|p2a: Azelf\n|-ability|p1a: Celesteela|Beast Boost|boost\n|-boost|p1a: Celesteela|def|1\n|\n|upkeep\n|\n|t:|1700662887\n|switch|p2a: Kyogre|Kyogre|100\/100\n|detailschange|p2a: Kyogre|Kyogre-Primal\n|-primal|p2a: Kyogre|Blue Orb\n|-weather|PrimordialSea|[from] ability: Primordial Sea|[of] p2a: Kyogre\n|turn|10\n|\n|t:|1700662904\n|move|p2a: Kyogre|Thunder|p1a: Celesteela\n|-supereffective|p1a: Celesteela\n|-damage|p1a: Celesteela|0 fnt\n|faint|p1a: Celesteela\n|\n|-weather|PrimordialSea|[upkeep]\n|upkeep\n|\n|t:|1700662910\n|switch|p1a: Lickilicky|Lickilicky, F|100\/100 par\n|-damage|p1a: Lickilicky|88\/100 par|[from] Stealth Rock\n|-ability|p1a: Lickilicky|Cloud Nine\n|turn|11\n|\n|t:|1700662917\n|move|p2a: Kyogre|Water Spout|p1a: Lickilicky\n|-damage|p1a: Lickilicky|0 fnt\n|faint|p1a: Lickilicky\n|\n|-weather|PrimordialSea|[upkeep]\n|upkeep\n|\n|t:|1700662921\n|switch|p1a: Zamazenta|Zamazenta-Crowned|100\/100\n|-damage|p1a: Zamazenta|97\/100|[from] Stealth Rock\n|-ability|p1a: Zamazenta|Dauntless Shield|boost\n|-boost|p1a: Zamazenta|def|1\n|turn|12\n|\n|t:|1700662931\n|move|p1a: Zamazenta|Trailblaze|p2a: Kyogre\n|-supereffective|p2a: Kyogre\n|-damage|p2a: Kyogre|72\/100\n|-boost|p1a: Zamazenta|spe|1\n|move|p2a: Kyogre|Water Spout|p1a: Zamazenta\n|-damage|p1a: Zamazenta|11\/100\n|\n|-weather|PrimordialSea|[upkeep]\n|upkeep\n|turn|13\n|\n|t:|1700662940\n|move|p1a: Zamazenta|Body Press|p2a: Kyogre\n|-crit|p2a: Kyogre\n|-damage|p2a: Kyogre|0 fnt\n|faint|p2a: Kyogre\n|-weather|none\n|\n|upkeep\n|\n|t:|1700662945\n|switch|p2a: Tapu Koko|Tapu Koko|100\/100\n|-fieldstart|move: Electric Terrain|[from] ability: Electric Surge|[of] p2a: Tapu Koko\n|turn|14\n|\n|t:|1700662953\n|move|p2a: Tapu Koko|Wild Charge|p1a: Zamazenta\n|-damage|p1a: Zamazenta|0 fnt\n|faint|p1a: Zamazenta\n|-damage|p2a: Tapu Koko|97\/100|[from] Recoil\n|\n|win|Sinore\n|raw|chimarrao's rating: 1172 &rarr; <strong>1140<\/strong><br \/>(-32 for losing)\n|raw|Sinore's rating: 1074 &rarr; <strong>1111<\/strong><br \/>(+37 for winning)\n","uploadtime":1700662965,"views":1,"p1id":"chimarrao","p2id":"sinore","formatid":"gen9nationaldexubers","rating":1111,"private":0,"password":""}