{"id":"gen9nationaldexubers-1984892104","p1":"Vicente_NMG","p2":"David uwu35","format":"[Gen 9] National Dex Ubers","log":"|j|\u2606Vicente_NMG\n|j|\u2606David uwu35\n|t:|1699308164\n|gametype|singles\n|player|p1|Vicente_NMG|red|\n|player|p2|David uwu35|shadowtriad|\n|teamsize|p1|6\n|teamsize|p2|6\n|gen|9\n|tier|[Gen 9] National Dex Ubers\n|rule|HP Percentage Mod: HP is shown in percentages\n|rule|Endless Battle Clause: Forcing endless battles is banned\n|rule|OHKO Clause: OHKO moves are banned\n|rule|Evasion Moves Clause: Evasion moves are banned\n|rule|Evasion Items Clause: Evasion items are banned\n|rule|Species Clause: Limit one of each Pok\u00e9mon\n|rule|Sleep Clause Mod: Limit one foe put to sleep\n|rule|Mega Rayquaza Clause: You cannot mega evolve Rayquaza\n|clearpoke\n|poke|p1|Venusaur, F|\n|poke|p1|Torterra, M|\n|poke|p1|Lilligant-Hisui, F|\n|poke|p1|Ferrothorn, F|\n|poke|p1|Ogerpon-Wellspring, F|\n|poke|p1|Rotom-Mow|\n|poke|p2|Ceruledge, F|\n|poke|p2|Dragapult, F|\n|poke|p2|Skeledirge, F|\n|poke|p2|Flutter Mane|\n|poke|p2|Polteageist|\n|poke|p2|Cursola, M|\n|teampreview\n|l|\u2606Vicente_NMG\n|player|p1|\n|j|\u2606Vicente_NMG\n|player|p1|Vicente_NMG|red\n|\n|t:|1699308201\n|start\n|switch|p1a: Ferrothorn|Ferrothorn, F|100\/100\n|switch|p2a: Cursola|Cursola, M|100\/100\n|turn|1\n|\n|t:|1699308209\n|move|p2a: Cursola|Iron Defense|p2a: Cursola\n|-boost|p2a: Cursola|def|2\n|move|p1a: Ferrothorn|Stealth Rock|p2a: Cursola\n|-sidestart|p2: David uwu35|move: Stealth Rock\n|\n|upkeep\n|turn|2\n|\n|t:|1699308215\n|move|p2a: Cursola|Iron Defense|p2a: Cursola\n|-boost|p2a: Cursola|def|2\n|move|p1a: Ferrothorn|Toxic|p2a: Cursola\n|-status|p2a: Cursola|tox\n|\n|-damage|p2a: Cursola|94\/100 tox|[from] psn\n|upkeep\n|turn|3\n|\n|t:|1699308225\n|move|p2a: Cursola|Calm Mind|p2a: Cursola\n|-boost|p2a: Cursola|spa|1\n|-boost|p2a: Cursola|spd|1\n|move|p1a: Ferrothorn|Leech Seed|p2a: Cursola\n|-start|p2a: Cursola|move: Leech Seed\n|\n|-heal|p2a: Cursola|100\/100 tox|[from] item: Leftovers\n|-damage|p2a: Cursola|88\/100 tox|[from] Leech Seed|[of] p1a: Ferrothorn\n|-damage|p2a: Cursola|76\/100 tox|[from] psn\n|upkeep\n|turn|4\n|\n|t:|1699308237\n|move|p2a: Cursola|Shadow Ball|p1a: Ferrothorn\n|-damage|p1a: Ferrothorn|42\/100\n|move|p1a: Ferrothorn|Spikes|p2a: Cursola\n|-sidestart|p2: David uwu35|Spikes\n|\n|-heal|p2a: Cursola|82\/100 tox|[from] item: Leftovers\n|-heal|p1a: Ferrothorn|48\/100|[from] item: Leftovers\n|-damage|p2a: Cursola|70\/100 tox|[from] Leech Seed|[of] p1a: Ferrothorn\n|-heal|p1a: Ferrothorn|57\/100|[silent]\n|-damage|p2a: Cursola|51\/100 tox|[from] psn\n|upkeep\n|turn|5\n|\n|t:|1699308250\n|move|p2a: Cursola|Strength Sap|p1a: Ferrothorn\n|-unboost|p1a: Ferrothorn|atk|1\n|-heal|p2a: Cursola|100\/100 tox\n|move|p1a: Ferrothorn|Spikes|p2a: Cursola\n|-sidestart|p2: David uwu35|Spikes\n|\n|-heal|p1a: Ferrothorn|63\/100|[from] item: Leftovers\n|-damage|p2a: Cursola|88\/100 tox|[from] Leech Seed|[of] p1a: Ferrothorn\n|-heal|p1a: Ferrothorn|72\/100|[silent]\n|-damage|p2a: Cursola|64\/100 tox|[from] psn\n|upkeep\n|turn|6\n|\n|t:|1699308265\n|-terastallize|p2a: Cursola|Ghost\n|move|p2a: Cursola|Shadow Ball|p1a: Ferrothorn\n|-damage|p1a: Ferrothorn|0 fnt\n|faint|p1a: Ferrothorn\n|\n|-heal|p2a: Cursola|70\/100 tox|[from] item: Leftovers\n|-damage|p2a: Cursola|39\/100 tox|[from] psn\n|upkeep\n|\n|t:|1699308282\n|switch|p1a: Rotom|Rotom-Mow|100\/100\n|turn|7\n|\n|t:|1699308288\n|move|p1a: Rotom|Discharge|p2a: Cursola\n|-damage|p2a: Cursola|15\/100 tox\n|move|p2a: Cursola|Strength Sap|p1a: Rotom\n|-unboost|p1a: Rotom|atk|1\n|-heal|p2a: Cursola|61\/100 tox\n|\n|-heal|p2a: Cursola|68\/100 tox|[from] item: Leftovers\n|-damage|p2a: Cursola|55\/100 tox|[from] Leech Seed|[of] p1a: Rotom\n|-damage|p2a: Cursola|19\/100 tox|[from] psn\n|upkeep\n|turn|8\n|\n|t:|1699308306\n|move|p1a: Rotom|Discharge|p2a: Cursola\n|-damage|p2a: Cursola|0 fnt\n|faint|p2a: Cursola\n|\n|upkeep\n|\n|t:|1699308325\n|switch|p2a: Polteageist|Polteageist|100\/100\n|-damage|p2a: Polteageist|88\/100|[from] Stealth Rock\n|-damage|p2a: Polteageist|72\/100|[from] Spikes\n|turn|9\n|\n|t:|1699308333\n|move|p1a: Rotom|Thunder Wave|p2a: Polteageist\n|-status|p2a: Polteageist|par\n|move|p2a: Polteageist|Shell Smash|p2a: Polteageist\n|-unboost|p2a: Polteageist|def|1\n|-unboost|p2a: Polteageist|spd|1\n|-boost|p2a: Polteageist|atk|2\n|-boost|p2a: Polteageist|spa|2\n|-boost|p2a: Polteageist|spe|2\n|\n|-heal|p2a: Polteageist|78\/100 par|[from] item: Leftovers\n|upkeep\n|turn|10\n|\n|t:|1699308347\n|move|p1a: Rotom|Discharge|p2a: Polteageist\n|-damage|p2a: Polteageist|28\/100 par\n|move|p2a: Polteageist|Stored Power|p1a: Rotom\n|-damage|p1a: Rotom|0 fnt\n|faint|p1a: Rotom\n|\n|-heal|p2a: Polteageist|34\/100 par|[from] item: Leftovers\n|upkeep\n|\n|t:|1699308371\n|switch|p1a: Ogerpon|Ogerpon-Wellspring, F|100\/100\n|turn|11\n|\n|t:|1699308382\n|-terastallize|p1a: Ogerpon|Water\n|detailschange|p1a: Ogerpon|Ogerpon-Wellspring-Tera, F, tera:Water\n|-ability|p1a: Ogerpon|Embody Aspect (Wellspring)|boost\n|-boost|p1a: Ogerpon|spd|1\n|move|p1a: Ogerpon|Swords Dance|p1a: Ogerpon\n|-boost|p1a: Ogerpon|atk|2\n|move|p2a: Polteageist|Stored Power|p1a: Ogerpon\n|-damage|p1a: Ogerpon|33\/100\n|\n|-heal|p2a: Polteageist|40\/100 par|[from] item: Leftovers\n|upkeep\n|turn|12\n|\n|t:|1699308399\n|move|p1a: Ogerpon|Ivy Cudgel|p2a: Polteageist\n|-damage|p2a: Polteageist|0 fnt\n|faint|p2a: Polteageist\n|\n|upkeep\n|\n|t:|1699308413\n|switch|p2a: Flutter Mane|Flutter Mane|100\/100\n|-damage|p2a: Flutter Mane|88\/100|[from] Stealth Rock\n|-damage|p2a: Flutter Mane|72\/100|[from] Spikes\n|-enditem|p2a: Flutter Mane|Booster Energy\n|-activate|p2a: Flutter Mane|ability: Protosynthesis|[fromitem]\n|-start|p2a: Flutter Mane|protosynthesisspe\n|turn|13\n|\n|t:|1699308422\n|move|p2a: Flutter Mane|Moonblast|p1a: Ogerpon\n|-damage|p1a: Ogerpon|0 fnt\n|faint|p1a: Ogerpon\n|\n|upkeep\n|\n|t:|1699308429\n|switch|p1a: Lilligant|Lilligant-Hisui, F|100\/100\n|turn|14\n|\n|t:|1699308436\n|move|p2a: Flutter Mane|Moonblast|p1a: Lilligant\n|-supereffective|p1a: Lilligant\n|-damage|p1a: Lilligant|0 fnt\n|faint|p1a: Lilligant\n|\n|upkeep\n|\n|t:|1699308441\n|switch|p1a: Venusaur|Venusaur, F|100\/100\n|turn|15\n|\n|t:|1699308453\n|detailschange|p1a: Venusaur|Venusaur-Mega, F\n|-mega|p1a: Venusaur|Venusaur|Venusaurite\n|move|p2a: Flutter Mane|Calm Mind|p2a: Flutter Mane\n|-boost|p2a: Flutter Mane|spa|1\n|-boost|p2a: Flutter Mane|spd|1\n|move|p1a: Venusaur|Toxic|p2a: Flutter Mane\n|-status|p2a: Flutter Mane|tox\n|\n|-damage|p2a: Flutter Mane|66\/100 tox|[from] psn\n|upkeep\n|turn|16\n|\n|t:|1699308465\n|move|p2a: Flutter Mane|Mystical Fire|p1a: Venusaur\n|-supereffective|p1a: Venusaur\n|-damage|p1a: Venusaur|67\/100\n|-unboost|p1a: Venusaur|spa|1\n|move|p1a: Venusaur|Leech Seed|p2a: Flutter Mane\n|-start|p2a: Flutter Mane|move: Leech Seed\n|\n|-damage|p2a: Flutter Mane|53\/100 tox|[from] Leech Seed|[of] p1a: Venusaur\n|-heal|p1a: Venusaur|75\/100|[silent]\n|-damage|p2a: Flutter Mane|42\/100 tox|[from] psn\n|upkeep\n|turn|17\n|\n|t:|1699308479\n|move|p2a: Flutter Mane|Shadow Ball|p1a: Venusaur\n|-damage|p1a: Venusaur|20\/100\n|move|p1a: Venusaur|Synthesis|p1a: Venusaur\n|-heal|p1a: Venusaur|70\/100\n|\n|-damage|p2a: Flutter Mane|29\/100 tox|[from] Leech Seed|[of] p1a: Venusaur\n|-heal|p1a: Venusaur|79\/100|[silent]\n|-damage|p2a: Flutter Mane|11\/100 tox|[from] psn\n|upkeep\n|turn|18\n|\n|t:|1699308493\n|move|p2a: Flutter Mane|Shadow Ball|p1a: Venusaur\n|-damage|p1a: Venusaur|27\/100\n|-unboost|p1a: Venusaur|spd|1\n|move|p1a: Venusaur|Synthesis|p1a: Venusaur\n|-heal|p1a: Venusaur|77\/100\n|\n|-damage|p2a: Flutter Mane|0 fnt|[from] Leech Seed|[of] p1a: Venusaur\n|-heal|p1a: Venusaur|84\/100|[silent]\n|faint|p2a: Flutter Mane\n|-end|p2a: Flutter Mane|Protosynthesis|[silent]\n|upkeep\n|\n|t:|1699308515\n|switch|p2a: Skeledirge|Skeledirge, F|100\/100\n|-damage|p2a: Skeledirge|76\/100|[from] Stealth Rock\n|-damage|p2a: Skeledirge|59\/100|[from] Spikes\n|turn|19\n|\n|t:|1699308531\n|move|p1a: Venusaur|Leech Seed|p2a: Skeledirge\n|-start|p2a: Skeledirge|move: Leech Seed\n|move|p2a: Skeledirge|Blast Burn|p1a: Venusaur\n|-supereffective|p1a: Venusaur\n|-damage|p1a: Venusaur|5\/100\n|-mustrecharge|p2a: Skeledirge\n|\n|-heal|p2a: Skeledirge|65\/100|[from] item: Leftovers\n|-damage|p2a: Skeledirge|53\/100|[from] Leech Seed|[of] p1a: Venusaur\n|-heal|p1a: Venusaur|16\/100|[silent]\n|upkeep\n|turn|20\n|\n|t:|1699308544\n|move|p1a: Venusaur|Synthesis|p1a: Venusaur\n|-heal|p1a: Venusaur|66\/100\n|cant|p2a: Skeledirge|recharge\n|\n|-heal|p2a: Skeledirge|59\/100|[from] item: Leftovers\n|-damage|p2a: Skeledirge|46\/100|[from] Leech Seed|[of] p1a: Venusaur\n|-heal|p1a: Venusaur|78\/100|[silent]\n|upkeep\n|turn|21\n|\n|t:|1699308556\n|move|p1a: Venusaur|Synthesis|p1a: Venusaur\n|-heal|p1a: Venusaur|100\/100\n|move|p2a: Skeledirge|Torch Song|p1a: Venusaur\n|-supereffective|p1a: Venusaur\n|-damage|p1a: Venusaur|57\/100\n|-boost|p2a: Skeledirge|spa|1\n|\n|-heal|p2a: Skeledirge|52\/100|[from] item: Leftovers\n|-damage|p2a: Skeledirge|40\/100|[from] Leech Seed|[of] p1a: Venusaur\n|-heal|p1a: Venusaur|69\/100|[silent]\n|upkeep\n|turn|22\n|\n|t:|1699308570\n|move|p1a: Venusaur|Toxic|p2a: Skeledirge\n|-status|p2a: Skeledirge|tox\n|move|p2a: Skeledirge|Blast Burn|p1a: Venusaur\n|-supereffective|p1a: Venusaur\n|-damage|p1a: Venusaur|0 fnt\n|-mustrecharge|p2a: Skeledirge\n|faint|p1a: Venusaur\n|\n|-heal|p2a: Skeledirge|46\/100 tox|[from] item: Leftovers\n|-damage|p2a: Skeledirge|40\/100 tox|[from] psn\n|upkeep\n|\n|t:|1699308576\n|switch|p1a: Torterra|Torterra, M|100\/100\n|turn|23\n|\n|t:|1699308588\n|move|p1a: Torterra|Shell Smash|p1a: Torterra\n|-unboost|p1a: Torterra|def|1\n|-unboost|p1a: Torterra|spd|1\n|-boost|p1a: Torterra|atk|2\n|-boost|p1a: Torterra|spa|2\n|-boost|p1a: Torterra|spe|2\n|cant|p2a: Skeledirge|recharge\n|\n|-heal|p2a: Skeledirge|46\/100 tox|[from] item: Leftovers\n|-damage|p2a: Skeledirge|34\/100 tox|[from] Leech Seed|[of] p1a: Torterra\n|-damage|p2a: Skeledirge|22\/100 tox|[from] psn\n|upkeep\n|turn|24\n|\n|t:|1699308606\n|move|p1a: Torterra|Rock Tomb|p2a: Skeledirge\n|-supereffective|p2a: Skeledirge\n|-damage|p2a: Skeledirge|0 fnt\n|faint|p2a: Skeledirge\n|\n|upkeep\n|\n|t:|1699308622\n|switch|p2a: Dragapult|Dragapult, F, shiny|100\/100\n|-damage|p2a: Dragapult|88\/100|[from] Stealth Rock\n|-damage|p2a: Dragapult|72\/100|[from] Spikes\n|turn|25\n|\n|t:|1699308633\n|move|p1a: Torterra|Earthquake|p2a: Dragapult\n|-damage|p2a: Dragapult|0 fnt\n|faint|p2a: Dragapult\n|\n|upkeep\n|\n|t:|1699308640\n|switch|p2a: Ceruledge|Ceruledge, F|100\/100\n|-damage|p2a: Ceruledge|76\/100|[from] Stealth Rock\n|-damage|p2a: Ceruledge|59\/100|[from] Spikes\n|turn|26\n|\n|t:|1699308649\n|move|p1a: Torterra|Earthquake|p2a: Ceruledge\n|-supereffective|p2a: Ceruledge\n|-damage|p2a: Ceruledge|0 fnt\n|faint|p2a: Ceruledge\n|\n|win|Vicente_NMG\n","uploadtime":1699308657,"views":6,"p1id":"vicentenmg","p2id":"daviduwu35","formatid":"gen9nationaldexubers","rating":0,"private":0,"password":""}