{"id":"gen9nationaldexubers-1984169626","p1":"LuxrayDown","p2":"PoliKid13","format":"[Gen 9] National Dex Ubers","log":"|j|\u2606LuxrayDown\n|j|\u2606PoliKid13\n|t:|1699226022\n|gametype|singles\n|player|p1|LuxrayDown|brassius|1082\n|player|p2|PoliKid13|preschooler|1021\n|teamsize|p1|6\n|teamsize|p2|6\n|gen|9\n|tier|[Gen 9] National Dex Ubers\n|rated|\n|rule|HP Percentage Mod: HP is shown in percentages\n|rule|Endless Battle Clause: Forcing endless battles is banned\n|rule|OHKO Clause: OHKO moves are banned\n|rule|Evasion Moves Clause: Evasion moves are banned\n|rule|Evasion Items Clause: Evasion items are banned\n|rule|Species Clause: Limit one of each Pok\u00e9mon\n|rule|Sleep Clause Mod: Limit one foe put to sleep\n|rule|Mega Rayquaza Clause: You cannot mega evolve Rayquaza\n|clearpoke\n|poke|p1|Zygarde|\n|poke|p1|Necrozma-Dusk-Mane|\n|poke|p1|Palkia-Origin|\n|poke|p1|Ditto|\n|poke|p1|Ribombee, F|\n|poke|p1|Grimmsnarl, M|\n|poke|p2|Victreebel, M|\n|poke|p2|Blastoise, M|\n|poke|p2|Kangaskhan, F|\n|poke|p2|Electrode|\n|poke|p2|Crobat, M|\n|poke|p2|Alakazam, M|\n|teampreview\n|\n|t:|1699226090\n|start\n|switch|p1a: uwu bee|Ribombee, F, shiny|100\/100\n|switch|p2a: Sara|Kangaskhan, F|100\/100\n|turn|1\n|\n|t:|1699226101\n|detailschange|p2a: Sara|Kangaskhan-Mega, F\n|-mega|p2a: Sara|Kangaskhan|Kangaskhanite\n|move|p2a: Sara|Fake Out|p1a: uwu bee\n|-damage|p1a: uwu bee|59\/100\n|-damage|p1a: uwu bee|50\/100\n|-hitcount|p1a: uwu bee|2\n|move|p1a: uwu bee|Sticky Web|p2a: Sara\n|-sidestart|p2: PoliKid13|move: Sticky Web\n|\n|upkeep\n|turn|2\n|\n|t:|1699226113\n|move|p1a: uwu bee|Sticky Web||[still]\n|-fail|p1a: uwu bee\n|move|p2a: Sara|Seismic Toss|p1a: uwu bee\n|-damage|p1a: uwu bee|11\/100\n|-damage|p1a: uwu bee|0 fnt\n|faint|p1a: uwu bee\n|-hitcount|p1: uwu bee|2\n|\n|upkeep\n|c|\u2606LuxrayDown|that damn misclick\n|\n|t:|1699226134\n|switch|p1a: HARRY|Grimmsnarl, M, shiny|100\/100\n|turn|3\n|c|\u2606PoliKid13|lol\n|\n|t:|1699226141\n|move|p1a: HARRY|Reflect|p1a: HARRY\n|-sidestart|p1: LuxrayDown|Reflect\n|move|p2a: Sara|Seismic Toss|p1a: HARRY\n|-damage|p1a: HARRY|75\/100\n|-damage|p1a: HARRY|50\/100\n|-hitcount|p1a: HARRY|2\n|\n|upkeep\n|turn|4\n|\n|t:|1699226149\n|move|p1a: HARRY|Light Screen|p1a: HARRY\n|-sidestart|p1: LuxrayDown|move: Light Screen\n|move|p2a: Sara|Seismic Toss|p1a: HARRY\n|-damage|p1a: HARRY|24\/100\n|-damage|p1a: HARRY|0 fnt\n|faint|p1a: HARRY\n|-hitcount|p1: HARRY|2\n|\n|upkeep\n|\n|t:|1699226154\n|switch|p1a: I'M YOU!|Ditto, shiny|100\/100\n|-transform|p1a: I'M YOU!|p2a: Sara|[from] ability: Imposter\n|turn|5\n|\n|t:|1699226165\n|move|p1a: I'M YOU!|Power-Up Punch|p2a: Sara\n|-supereffective|p2a: Sara\n|-damage|p2a: Sara|73\/100\n|-boost|p1a: I'M YOU!|atk|1\n|-supereffective|p2a: Sara\n|-damage|p2a: Sara|62\/100\n|-boost|p1a: I'M YOU!|atk|1\n|-hitcount|p2a: Sara|2\n|move|p2a: Sara|Power-Up Punch|p1a: I'M YOU!\n|-supereffective|p1a: I'M YOU!\n|-damage|p1a: I'M YOU!|84\/100\n|-boost|p2a: Sara|atk|1\n|-supereffective|p1a: I'M YOU!\n|-damage|p1a: I'M YOU!|78\/100\n|-boost|p2a: Sara|atk|1\n|-hitcount|p1a: I'M YOU!|2\n|\n|upkeep\n|turn|6\n|\n|t:|1699226189\n|switch|p2a: 8-Ball|Electrode|100\/100\n|-activate|p2a: 8-Ball|move: Sticky Web\n|-unboost|p2a: 8-Ball|spe|1\n|-terastallize|p1a: I'M YOU!|Fairy\n|move|p1a: I'M YOU!|Power-Up Punch|p2a: 8-Ball\n|-damage|p2a: 8-Ball|50\/100\n|-boost|p1a: I'M YOU!|atk|1\n|-damage|p2a: 8-Ball|36\/100\n|-boost|p1a: I'M YOU!|atk|1\n|-hitcount|p2a: 8-Ball|2\n|\n|upkeep\n|turn|7\n|\n|t:|1699226247\n|move|p1a: I'M YOU!|Power-Up Punch|p2a: 8-Ball\n|-damage|p2a: 8-Ball|0 fnt\n|-boost|p1a: I'M YOU!|atk|1\n|-damage|p1a: I'M YOU!|53\/100|[from] ability: Aftermath|[of] p2a: 8-Ball\n|faint|p2a: 8-Ball\n|-hitcount|p2: 8-Ball|1\n|\n|upkeep\n|\n|t:|1699226257\n|switch|p2a: Shellshocker|Blastoise, M|100\/100\n|-activate|p2a: Shellshocker|move: Sticky Web\n|-unboost|p2a: Shellshocker|spe|1\n|turn|8\n|\n|t:|1699226266\n|move|p1a: I'M YOU!|Power-Up Punch|p2a: Shellshocker\n|-damage|p2a: Shellshocker|56\/100\n|-boost|p1a: I'M YOU!|atk|1\n|-damage|p1a: I'M YOU!|37\/100|[from] item: Rocky Helmet|[of] p2a: Shellshocker\n|-damage|p2a: Shellshocker|42\/100\n|-damage|p1a: I'M YOU!|20\/100|[from] item: Rocky Helmet|[of] p2a: Shellshocker\n|-hitcount|p2a: Shellshocker|2\n|move|p2a: Shellshocker|Toxic|p1a: I'M YOU!\n|-status|p1a: I'M YOU!|tox\n|\n|-damage|p1a: I'M YOU!|14\/100 tox|[from] psn\n|upkeep\n|turn|9\n|\n|t:|1699226297\n|switch|p2a: Bruteroot|Victreebel, M|100\/100\n|-activate|p2a: Bruteroot|move: Sticky Web\n|-unboost|p2a: Bruteroot|spe|1\n|move|p1a: I'M YOU!|Power-Up Punch|p2a: Bruteroot\n|-resisted|p2a: Bruteroot\n|-damage|p2a: Bruteroot|57\/100\n|-resisted|p2a: Bruteroot\n|-damage|p2a: Bruteroot|46\/100\n|-hitcount|p2a: Bruteroot|2\n|\n|-damage|p1a: I'M YOU!|2\/100 tox|[from] psn\n|upkeep\n|turn|10\n|\n|t:|1699226309\n|-activate|p1a: I'M YOU!|move: Struggle\n|move|p1a: I'M YOU!|Struggle|p2a: Bruteroot\n|-damage|p2a: Bruteroot|0 fnt\n|faint|p2a: Bruteroot\n|-hitcount|p2: Bruteroot|1\n|-damage|p1a: I'M YOU!|0 fnt|[from] recoil\n|faint|p1a: I'M YOU!\n|\n|-sideend|p1: LuxrayDown|Reflect\n|upkeep\n|c|\u2606LuxrayDown|ok that was fun\n|\n|t:|1699226334\n|switch|p2a: Kazam|Alakazam, M|100\/100\n|switch|p1a: #T1: DRACOBRA|Zygarde, shiny|100\/100\n|-activate|p2a: Kazam|move: Sticky Web\n|-unboost|p2a: Kazam|spe|1\n|turn|11\n|\n|t:|1699226343\n|move|p1a: #T1: DRACOBRA|Substitute|p1a: #T1: DRACOBRA\n|-start|p1a: #T1: DRACOBRA|Substitute\n|-damage|p1a: #T1: DRACOBRA|76\/100\n|move|p2a: Kazam|Shadow Ball|p1a: #T1: DRACOBRA\n|-activate|p1a: #T1: DRACOBRA|move: Substitute|[damage]\n|\n|-heal|p1a: #T1: DRACOBRA|82\/100|[from] item: Leftovers\n|-sideend|p1: LuxrayDown|move: Light Screen\n|upkeep\n|turn|12\n|\n|t:|1699226353\n|move|p1a: #T1: DRACOBRA|Coil|p1a: #T1: DRACOBRA\n|-boost|p1a: #T1: DRACOBRA|atk|1\n|-boost|p1a: #T1: DRACOBRA|def|1\n|-boost|p1a: #T1: DRACOBRA|accuracy|1\n|move|p2a: Kazam|Psychic|p1a: #T1: DRACOBRA\n|-end|p1a: #T1: DRACOBRA|Substitute\n|\n|-heal|p1a: #T1: DRACOBRA|88\/100|[from] item: Leftovers\n|upkeep\n|turn|13\n|inactive|Battle timer is ON: inactive players will automatically lose when time's up. (requested by LuxrayDown)\n|\n|t:|1699226384\n|move|p1a: #T1: DRACOBRA|Substitute|p1a: #T1: DRACOBRA\n|-start|p1a: #T1: DRACOBRA|Substitute\n|-damage|p1a: #T1: DRACOBRA|63\/100\n|move|p2a: Kazam|Psychic|p1a: #T1: DRACOBRA\n|-end|p1a: #T1: DRACOBRA|Substitute\n|\n|-heal|p1a: #T1: DRACOBRA|69\/100|[from] item: Leftovers\n|upkeep\n|turn|14\n|\n|t:|1699226393\n|move|p1a: #T1: DRACOBRA|Substitute|p1a: #T1: DRACOBRA\n|-start|p1a: #T1: DRACOBRA|Substitute\n|-damage|p1a: #T1: DRACOBRA|44\/100\n|move|p2a: Kazam|Psychic|p1a: #T1: DRACOBRA\n|-end|p1a: #T1: DRACOBRA|Substitute\n|\n|-heal|p1a: #T1: DRACOBRA|50\/100|[from] item: Leftovers\n|-activate|p1a: #T1: DRACOBRA|ability: Power Construct\n|detailschange|p1a: #T1: DRACOBRA|Zygarde-Complete, shiny\n|-heal|p1a: #T1: DRACOBRA|68\/100|[silent]\n|upkeep\n|turn|15\n|\n|t:|1699226414\n|move|p2a: Kazam|Psychic|p1a: #T1: DRACOBRA\n|-damage|p1a: #T1: DRACOBRA|39\/100\n|move|p1a: #T1: DRACOBRA|Dragon Tail|p2a: Kazam\n|-damage|p2a: Kazam|10\/100\n|drag|p2a: Sara|Kangaskhan-Mega, F|62\/100\n|-activate|p2a: Sara|move: Sticky Web\n|-unboost|p2a: Sara|spe|1\n|\n|-heal|p1a: #T1: DRACOBRA|46\/100|[from] item: Leftovers\n|upkeep\n|turn|16\n|\n|t:|1699226431\n|move|p2a: Sara|Fake Out|p1a: #T1: DRACOBRA\n|-damage|p1a: #T1: DRACOBRA|38\/100\n|-damage|p1a: #T1: DRACOBRA|37\/100\n|-hitcount|p1a: #T1: DRACOBRA|2\n|cant|p1a: #T1: DRACOBRA|flinch\n|\n|-heal|p1a: #T1: DRACOBRA|43\/100|[from] item: Leftovers\n|upkeep\n|turn|17\n|\n|t:|1699226438\n|move|p1a: #T1: DRACOBRA|Thousand Arrows|p2a: Sara\n|-damage|p2a: Sara|5\/100\n|move|p2a: Sara|Seismic Toss|p1a: #T1: DRACOBRA\n|-damage|p1a: #T1: DRACOBRA|27\/100\n|-damage|p1a: #T1: DRACOBRA|11\/100\n|-hitcount|p1a: #T1: DRACOBRA|2\n|\n|-heal|p1a: #T1: DRACOBRA|17\/100|[from] item: Leftovers\n|upkeep\n|turn|18\n|\n|t:|1699226446\n|move|p2a: Sara|Sucker Punch|p1a: #T1: DRACOBRA\n|-damage|p1a: #T1: DRACOBRA|9\/100\n|-damage|p1a: #T1: DRACOBRA|7\/100\n|-hitcount|p1a: #T1: DRACOBRA|2\n|move|p1a: #T1: DRACOBRA|Dragon Tail|p2a: Sara\n|-damage|p2a: Sara|0 fnt\n|faint|p2a: Sara\n|\n|-heal|p1a: #T1: DRACOBRA|13\/100|[from] item: Leftovers\n|upkeep\n|\n|t:|1699226458\n|switch|p2a: Chris|Crobat, M|100\/100\n|turn|19\n|\n|t:|1699226468\n|-zpower|p2a: Chris\n|move|p2a: Chris|Z-Hypnosis|p1a: #T1: DRACOBRA|[anim]Hypnosis|[miss]\n|-boost|p2a: Chris|spe|1|[zeffect]\n|-miss|p2a: Chris|p1a: #T1: DRACOBRA\n|move|p1a: #T1: DRACOBRA|Thousand Arrows|p2a: Chris\n|-damage|p2a: Chris|20\/100\n|-start|p2a: Chris|Smack Down\n|\n|-heal|p1a: #T1: DRACOBRA|19\/100|[from] item: Leftovers\n|upkeep\n|turn|20\n|c|\u2606LuxrayDown|rip\n|\n|t:|1699226486\n|move|p2a: Chris|Sludge Bomb|p1a: #T1: DRACOBRA\n|-resisted|p1a: #T1: DRACOBRA\n|-damage|p1a: #T1: DRACOBRA|10\/100\n|move|p1a: #T1: DRACOBRA|Thousand Arrows|p2a: Chris\n|-supereffective|p2a: Chris\n|-damage|p2a: Chris|0 fnt\n|faint|p2a: Chris\n|\n|-heal|p1a: #T1: DRACOBRA|17\/100|[from] item: Leftovers\n|upkeep\n|\n|t:|1699226495\n|switch|p2a: Shellshocker|Blastoise, M|42\/100\n|-activate|p2a: Shellshocker|move: Sticky Web\n|-unboost|p2a: Shellshocker|spe|1\n|turn|21\n|\n|t:|1699226506\n|move|p1a: #T1: DRACOBRA|Thousand Arrows|p2a: Shellshocker\n|-damage|p2a: Shellshocker|0 fnt\n|faint|p2a: Shellshocker\n|\n|-heal|p1a: #T1: DRACOBRA|23\/100|[from] item: Leftovers\n|upkeep\n|\n|t:|1699226511\n|switch|p2a: Kazam|Alakazam, M|10\/100\n|-activate|p2a: Kazam|move: Sticky Web\n|-unboost|p2a: Kazam|spe|1\n|turn|22\n|\n|t:|1699226530\n|move|p1a: #T1: DRACOBRA|Thousand Arrows|p2a: Kazam\n|-damage|p2a: Kazam|0 fnt\n|faint|p2a: Kazam\n|\n|win|LuxrayDown\n|raw|LuxrayDown's rating: 1082 &rarr; <strong>1105<\/strong><br \/>(+23 for winning)\n|raw|PoliKid13's rating: 1021 &rarr; <strong>1010<\/strong><br \/>(-11 for losing)\n|l|\u2606PoliKid13\n","uploadtime":1699226583,"views":5,"p1id":"luxraydown","p2id":"polikid13","formatid":"gen9nationaldexubers","rating":1010,"private":0,"password":""}