{"id":"gen9nationaldexubers-1993186545","p1":"Duduxh","p2":"Zaynzito","format":"[Gen 9] National Dex Ubers","log":"|j|\u2606Duduxh\n|j|\u2606Zaynzito\n|t:|1700275416\n|gametype|singles\n|player|p1|Duduxh|whitney|\n|player|p2|Zaynzito|hugh|\n|teamsize|p1|6\n|teamsize|p2|6\n|gen|9\n|tier|[Gen 9] National Dex Ubers\n|rule|HP Percentage Mod: HP is shown in percentages\n|rule|Endless Battle Clause: Forcing endless battles is banned\n|rule|OHKO Clause: OHKO moves are banned\n|rule|Evasion Moves Clause: Evasion moves are banned\n|rule|Evasion Items Clause: Evasion items are banned\n|rule|Species Clause: Limit one of each Pok\u00e9mon\n|rule|Sleep Clause Mod: Limit one foe put to sleep\n|rule|Mega Rayquaza Clause: You cannot mega evolve Rayquaza\n|clearpoke\n|poke|p1|Wingull, L15, M|\n|poke|p1|Oshawott, L15, M|\n|poke|p1|Wishiwashi, L15, M|\n|poke|p1|Carvanha, L15, M|\n|poke|p1|Psyduck, L15, F|\n|poke|p1|Barboach, L15, M|\n|poke|p2|Machop, L15, F|\n|poke|p2|Mankey, L15, F|\n|poke|p2|Makuhita, L15, F|\n|poke|p2|Stufful, L15, M|\n|poke|p2|Timburr, L15, M|\n|poke|p2|Crabrawler, L17, M|\n|teampreview\n|\n|t:|1700275599\n|start\n|switch|p1a: Peppo|Wingull, L15, M|100\/100\n|switch|p2a: Mankey|Mankey, L15, F|100\/100\n|turn|1\n|\n|t:|1700275632\n|move|p1a: Peppo|Hurricane|p2a: Mankey\n|-supereffective|p2a: Mankey\n|-enditem|p2a: Mankey|Focus Sash\n|-damage|p2a: Mankey|3\/100\n|move|p2a: Mankey|Gunk Shot|p1a: Peppo|[miss]\n|-miss|p2a: Mankey|p1a: Peppo\n|\n|upkeep\n|turn|2\n|\n|t:|1700275641\n|move|p1a: Peppo|Hurricane|p2a: Mankey|[miss]\n|-miss|p1a: Peppo|p2a: Mankey\n|move|p2a: Mankey|Gunk Shot|p1a: Peppo|[miss]\n|-miss|p2a: Mankey|p1a: Peppo\n|\n|upkeep\n|turn|3\n|\n|t:|1700275704\n|move|p1a: Peppo|Hurricane|p2a: Mankey\n|-supereffective|p2a: Mankey\n|-damage|p2a: Mankey|0 fnt\n|faint|p2a: Mankey\n|\n|upkeep\n|\n|t:|1700275713\n|switch|p2a: Timburr|Timburr, L15, M|100\/100\n|turn|4\n|\n|t:|1700275716\n|move|p1a: Peppo|Hurricane|p2a: Timburr\n|-supereffective|p2a: Timburr\n|-damage|p2a: Timburr|12\/100\n|move|p2a: Timburr|Stone Edge|p1a: Peppo|[miss]\n|-miss|p2a: Timburr|p1a: Peppo\n|\n|upkeep\n|turn|5\n|\n|t:|1700275781\n|move|p1a: Peppo|Hurricane|p2a: Timburr|[miss]\n|-miss|p1a: Peppo|p2a: Timburr\n|move|p2a: Timburr|Stone Edge|p1a: Peppo\n|-supereffective|p1a: Peppo\n|-damage|p1a: Peppo|0 fnt\n|faint|p1a: Peppo\n|\n|upkeep\n|\n|t:|1700275816\n|switch|p1a: Carvanha|Carvanha, L15, M|100\/100\n|turn|6\n|\n|t:|1700275821\n|move|p1a: Carvanha|Waterfall|p2a: Timburr\n|-damage|p2a: Timburr|0 fnt\n|faint|p2a: Timburr\n|\n|-ability|p1a: Carvanha|Speed Boost|boost\n|-boost|p1a: Carvanha|spe|1\n|upkeep\n|\n|t:|1700275826\n|switch|p2a: Stufful|Stufful, L15, M|100\/100\n|turn|7\n|\n|t:|1700275838\n|move|p1a: Carvanha|Waterfall|p2a: Stufful\n|-damage|p2a: Stufful|80\/100\n|cant|p2a: Stufful|flinch\n|\n|-ability|p1a: Carvanha|Speed Boost|boost\n|-boost|p1a: Carvanha|spe|1\n|upkeep\n|turn|8\n|\n|t:|1700275867\n|move|p1a: Carvanha|Waterfall|p2a: Stufful\n|-damage|p2a: Stufful|62\/100\n|cant|p2a: Stufful|flinch\n|\n|-ability|p1a: Carvanha|Speed Boost|boost\n|-boost|p1a: Carvanha|spe|1\n|upkeep\n|turn|9\n|\n|t:|1700275875\n|move|p1a: Carvanha|Waterfall|p2a: Stufful\n|-damage|p2a: Stufful|41\/100\n|cant|p2a: Stufful|flinch\n|\n|-ability|p1a: Carvanha|Speed Boost|boost\n|-boost|p1a: Carvanha|spe|1\n|upkeep\n|turn|10\n|\n|t:|1700275889\n|move|p1a: Carvanha|Waterfall|p2a: Stufful\n|-damage|p2a: Stufful|19\/100\n|cant|p2a: Stufful|flinch\n|\n|-ability|p1a: Carvanha|Speed Boost|boost\n|-boost|p1a: Carvanha|spe|1\n|upkeep\n|turn|11\n|\n|t:|1700275903\n|move|p1a: Carvanha|Waterfall|p2a: Stufful\n|-damage|p2a: Stufful|0 fnt\n|faint|p2a: Stufful\n|\n|-ability|p1a: Carvanha|Speed Boost|boost\n|-boost|p1a: Carvanha|spe|1\n|upkeep\n|\n|t:|1700275916\n|switch|p2a: Machop|Machop, L15, F|100\/100\n|turn|12\n|\n|t:|1700275929\n|move|p1a: Carvanha|Waterfall|p2a: Machop\n|-damage|p2a: Machop|22\/100\n|move|p2a: Machop|Dynamic Punch|p1a: Carvanha\n|-supereffective|p1a: Carvanha\n|-enditem|p1a: Carvanha|Focus Sash\n|-damage|p1a: Carvanha|3\/100\n|-start|p1a: Carvanha|confusion\n|\n|upkeep\n|turn|13\n|\n|t:|1700275940\n|-activate|p1a: Carvanha|confusion\n|move|p1a: Carvanha|Waterfall|p2a: Machop\n|-damage|p2a: Machop|0 fnt\n|faint|p2a: Machop\n|\n|upkeep\n|\n|t:|1700275943\n|switch|p2a: Makuhita|Makuhita, L15, F|100\/100\n|turn|14\n|\n|t:|1700275974\n|move|p2a: Makuhita|Fake Out|p1a: Carvanha\n|-damage|p1a: Carvanha|0 fnt\n|faint|p1a: Carvanha\n|\n|-status|p2a: Makuhita|brn|[from] item: Flame Orb\n|upkeep\n|\n|t:|1700276009\n|switch|p1a: Psyduck|Psyduck, L15, F|100\/100\n|turn|15\n|\n|t:|1700276030\n|move|p1a: Psyduck|Hydro Pump|p2a: Makuhita\n|-damage|p2a: Makuhita|5\/100 brn\n|move|p2a: Makuhita|Drain Punch|p1a: Psyduck\n|-damage|p1a: Psyduck|30\/100\n|-heal|p2a: Makuhita|32\/100 brn|[from] drain|[of] p1a: Psyduck\n|\n|-damage|p2a: Makuhita|27\/100 brn|[from] brn\n|upkeep\n|turn|16\n|\n|t:|1700276041\n|move|p1a: Psyduck|Hydro Pump|p2a: Makuhita|[miss]\n|-miss|p1a: Psyduck|p2a: Makuhita\n|move|p2a: Makuhita|Drain Punch|p1a: Psyduck\n|-damage|p1a: Psyduck|0 fnt\n|-heal|p2a: Makuhita|39\/100 brn|[from] drain|[of] p1a: Psyduck\n|faint|p1a: Psyduck\n|\n|-damage|p2a: Makuhita|34\/100 brn|[from] brn\n|upkeep\n|\n|t:|1700276054\n|switch|p1a: Oshaash|Oshawott, L15, M|100\/100\n|turn|17\n|\n|t:|1700276058\n|move|p1a: Oshaash|Hydro Pump|p2a: Makuhita\n|-damage|p2a: Makuhita|0 fnt\n|faint|p2a: Makuhita\n|\n|upkeep\n|\n|t:|1700276061\n|switch|p2a: Crabrawler|Crabrawler, L17, M|100\/100\n|turn|18\n|\n|t:|1700276081\n|move|p1a: Oshaash|Hydro Pump|p2a: Crabrawler\n|-damage|p2a: Crabrawler|23\/100\n|move|p2a: Crabrawler|Drain Punch|p1a: Oshaash\n|-damage|p1a: Oshaash|7\/100\n|-heal|p2a: Crabrawler|69\/100|[from] drain|[of] p1a: Oshaash\n|\n|upkeep\n|turn|19\n|\n|t:|1700276092\n|move|p1a: Oshaash|Hydro Pump|p2a: Crabrawler\n|-damage|p2a: Crabrawler|0 fnt\n|faint|p2a: Crabrawler\n|\n|win|Duduxh\n|l|\u2606Zaynzito\n","uploadtime":1700276142,"views":18,"p1id":"duduxh","p2id":"zaynzito","formatid":"gen9nationaldexubers","rating":0,"private":0,"password":""}