{"id":"gen9nationaldexubers-1995105383","p1":"Giyu","p2":"DiamondDragon980","format":"[Gen 9] National Dex Ubers","log":"|j|\u2606Giyu\n|j|\u2606DiamondDragon980\n|inactive|Battle timer is ON: inactive players will automatically lose when time's up.\n|t:|1700523131\n|gametype|singles\n|player|p1|Giyu|kabu|\n|player|p2|DiamondDragon980|marlon|\n|teamsize|p1|6\n|teamsize|p2|6\n|gen|9\n|tier|[Gen 9] National Dex Ubers\n|rated|Tournament battle\n|rule|HP Percentage Mod: HP is shown in percentages\n|rule|Endless Battle Clause: Forcing endless battles is banned\n|rule|OHKO Clause: OHKO moves are banned\n|rule|Evasion Moves Clause: Evasion moves are banned\n|rule|Evasion Items Clause: Evasion items are banned\n|rule|Species Clause: Limit one of each Pok\u00e9mon\n|rule|Sleep Clause Mod: Limit one foe put to sleep\n|rule|Mega Rayquaza Clause: You cannot mega evolve Rayquaza\n|rule|Dynamax Clause: You cannot dynamax\n|rule|Terastal Clause: You cannot Terastallize\n|rule|Same Type Clause: Pok\u00e9mon in a team must share a type\n|clearpoke\n|poke|p1|Arceus-Ice|\n|poke|p1|Calyrex-Ice|\n|poke|p1|Chien-Pao|\n|poke|p1|Iron Bundle|\n|poke|p1|Kyurem-Black|\n|poke|p1|Ninetales-Alola, F|\n|poke|p2|Salamence, F|\n|poke|p2|Dracovish|\n|poke|p2|Eternatus|\n|poke|p2|Kyurem-White|\n|poke|p2|Dialga-Origin|\n|poke|p2|Rayquaza|\n|teampreview\n|inactive|Giyu also wants the timer to be on.\n|c|\u2606Giyu|hf\n|c|\u2606DiamondDragon980|glhf\n|\n|t:|1700523159\n|start\n|switch|p1a: Ninetales|Ninetales-Alola, F|100\/100\n|switch|p2a: Salamence|Salamence, F, shiny|100\/100\n|-weather|Snow|[from] ability: Snow Warning|[of] p1a: Ninetales\n|-ability|p2a: Salamence|Intimidate|boost\n|-unboost|p1a: Ninetales|atk|1\n|turn|1\n|\n|t:|1700523166\n|detailschange|p2a: Salamence|Salamence-Mega, F, shiny\n|-mega|p2a: Salamence|Salamence|Salamencite\n|move|p2a: Salamence|Dragon Dance|p2a: Salamence\n|-boost|p2a: Salamence|atk|1\n|-boost|p2a: Salamence|spe|1\n|move|p1a: Ninetales|Freeze-Dry|p2a: Salamence\n|-supereffective|p2a: Salamence\n|-damage|p2a: Salamence|0 fnt\n|faint|p2a: Salamence\n|\n|-weather|Snow|[upkeep]\n|upkeep\n|\n|t:|1700523173\n|switch|p2a: Eternatus|Eternatus|100\/100\n|-ability|p2a: Eternatus|Pressure\n|turn|2\n|\n|t:|1700523177\n|move|p1a: Ninetales|Aurora Veil|p1a: Ninetales\n|-sidestart|p1: Giyu|move: Aurora Veil\n|move|p2a: Eternatus|Sludge Wave|p1a: Ninetales\n|-supereffective|p1a: Ninetales\n|-crit|p1a: Ninetales\n|-damage|p1a: Ninetales|0 fnt\n|faint|p1a: Ninetales\n|\n|-weather|Snow|[upkeep]\n|upkeep\n|\n|t:|1700523188\n|switch|p1a: Kyurem|Kyurem-Black|100\/100\n|-ability|p1a: Kyurem|Teravolt\n|turn|3\n|\n|t:|1700523199\n|move|p1a: Kyurem|Dragon Dance|p1a: Kyurem\n|-boost|p1a: Kyurem|atk|1\n|-boost|p1a: Kyurem|spe|1\n|move|p2a: Eternatus|Sludge Wave|p1a: Kyurem\n|-damage|p1a: Kyurem|56\/100\n|\n|-weather|Snow|[upkeep]\n|upkeep\n|turn|4\n|\n|t:|1700523202\n|move|p1a: Kyurem|Scale Shot|p2a: Eternatus\n|-supereffective|p2a: Eternatus\n|-damage|p2a: Eternatus|67\/100\n|-supereffective|p2a: Eternatus\n|-damage|p2a: Eternatus|29\/100\n|-supereffective|p2a: Eternatus\n|-damage|p2a: Eternatus|0 fnt\n|faint|p2a: Eternatus\n|-hitcount|p2: Eternatus|3\n|-unboost|p1a: Kyurem|def|1\n|-boost|p1a: Kyurem|spe|1\n|\n|-weather|Snow|[upkeep]\n|upkeep\n|\n|t:|1700523208\n|switch|p2a: Dialga|Dialga-Origin, shiny|100\/100\n|-ability|p2a: Dialga|Pressure\n|turn|5\n|\n|t:|1700523212\n|move|p1a: Kyurem|Icicle Spear|p2a: Dialga\n|-damage|p2a: Dialga|84\/100\n|-damage|p2a: Dialga|68\/100\n|-damage|p2a: Dialga|52\/100\n|-damage|p2a: Dialga|37\/100\n|-hitcount|p2a: Dialga|4\n|move|p2a: Dialga|Flash Cannon|p1a: Kyurem\n|-supereffective|p1a: Kyurem\n|-damage|p1a: Kyurem|5\/100\n|-unboost|p1a: Kyurem|spd|1\n|\n|-weather|none\n|upkeep\n|turn|6\n|\n|t:|1700523222\n|move|p1a: Kyurem|Icicle Spear|p2a: Dialga\n|-damage|p2a: Dialga|20\/100\n|-damage|p2a: Dialga|3\/100\n|-damage|p2a: Dialga|0 fnt\n|faint|p2a: Dialga\n|-hitcount|p2: Dialga|3\n|\n|upkeep\n|\n|t:|1700523225\n|switch|p2a: Rayquaza|Rayquaza, shiny|100\/100\n|-ability|p2a: Rayquaza|Air Lock\n|turn|7\n|\n|t:|1700523228\n|move|p2a: Rayquaza|Extreme Speed|p1a: Kyurem\n|-damage|p1a: Kyurem|0 fnt\n|faint|p1a: Kyurem\n|\n|upkeep\n|\n|t:|1700523235\n|switch|p1a: Iron Bundle|Iron Bundle|100\/100\n|-enditem|p1a: Iron Bundle|Booster Energy\n|-activate|p1a: Iron Bundle|ability: Quark Drive|[fromitem]\n|-start|p1a: Iron Bundle|quarkdrivespe\n|turn|8\n|\n|t:|1700523242\n|move|p2a: Rayquaza|Extreme Speed|p1a: Iron Bundle\n|-damage|p1a: Iron Bundle|80\/100\n|move|p1a: Iron Bundle|Ice Beam|p2a: Rayquaza\n|-supereffective|p2a: Rayquaza\n|-damage|p2a: Rayquaza|0 fnt\n|faint|p2a: Rayquaza\n|\n|upkeep\n|\n|t:|1700523250\n|switch|p2a: Kyurem|Kyurem-White, shiny|100\/100\n|-ability|p2a: Kyurem|Turboblaze\n|turn|9\n|\n|t:|1700523254\n|move|p1a: Iron Bundle|Ice Beam|p2a: Kyurem\n|-damage|p2a: Kyurem|62\/100\n|move|p2a: Kyurem|Fusion Flare|p1a: Iron Bundle\n|-damage|p1a: Iron Bundle|40\/100\n|\n|-sideend|p1: Giyu|move: Aurora Veil\n|upkeep\n|turn|10\n|\n|t:|1700523259\n|move|p1a: Iron Bundle|Ice Beam|p2a: Kyurem\n|-damage|p2a: Kyurem|25\/100\n|move|p2a: Kyurem|Fusion Flare|p1a: Iron Bundle\n|-damage|p1a: Iron Bundle|0 fnt\n|faint|p1a: Iron Bundle\n|-end|p1a: Iron Bundle|Quark Drive|[silent]\n|\n|upkeep\n|\n|t:|1700523259\n|switch|p1a: Chien-Pao|Chien-Pao|100\/100\n|-ability|p1a: Chien-Pao|Sword of Ruin\n|turn|11\n|\n|t:|1700523272\n|switch|p2a: Dracovish|Dracovish, shiny|100\/100\n|move|p1a: Chien-Pao|Crunch|p2a: Dracovish\n|-damage|p2a: Dracovish|47\/100\n|\n|upkeep\n|turn|12\n|\n|t:|1700523280\n|move|p2a: Dracovish|Fishious Rend|p1a: Chien-Pao\n|-damage|p1a: Chien-Pao|0 fnt\n|faint|p1a: Chien-Pao\n|\n|upkeep\n|\n|t:|1700523287\n|switch|p1a: Calyrex|Calyrex-Ice|100\/100\n|-ability|p1a: Calyrex|As One\n|-ability|p1a: Calyrex|Unnerve\n|turn|13\n|j|+Hyjinks\n|\n|t:|1700523295\n|move|p2a: Dracovish|Fishious Rend|p1a: Calyrex\n|-damage|p1a: Calyrex|26\/100\n|move|p1a: Calyrex|Glacial Lance|p2a: Dracovish\n|-damage|p2a: Dracovish|0 fnt\n|faint|p2a: Dracovish\n|-ability|p1a: Calyrex|Chilling Neigh|boost\n|-boost|p1a: Calyrex|atk|1\n|\n|upkeep\n|\n|t:|1700523300\n|switch|p2a: Kyurem|Kyurem-White, shiny|25\/100\n|-ability|p2a: Kyurem|Turboblaze\n|turn|14\n|\n|t:|1700523304\n|move|p2a: Kyurem|Fusion Flare|p1a: Calyrex\n|-supereffective|p1a: Calyrex\n|-damage|p1a: Calyrex|0 fnt\n|faint|p1a: Calyrex\n|\n|upkeep\n|\n|t:|1700523307\n|switch|p1a: Arceus|Arceus-Ice|100\/100\n|turn|15\n|c|\u2606DiamondDragon980|ggwp either way\n|c|\u2606Giyu|gg\n|\n|t:|1700523314\n|move|p2a: Kyurem|Fusion Flare|p1a: Arceus\n|-supereffective|p1a: Arceus\n|-damage|p1a: Arceus|41\/100\n|move|p1a: Arceus|Judgment|p2a: Kyurem\n|-damage|p2a: Kyurem|0 fnt\n|faint|p2a: Kyurem\n|\n|win|Giyu\n|n|\u2606Giyu|giyu\n|n|\u2606DiamondDragon980|diamonddragon980\n|n| Hyjinks|hyjinks\n","uploadtime":1700523315,"views":1,"p1id":"giyu","p2id":"diamonddragon980","formatid":"gen9nationaldexubers","rating":0,"private":0,"password":""}