{"id":"gen9nationaldexubers-1981400196","p1":"Lanky Paul","p2":"SauceBo$$","format":"[Gen 9] National Dex Ubers","log":"|j|\u2606Lanky Paul\n|j|\u2606SauceBo$$\n|t:|1698891612\n|gametype|singles\n|player|p1|Lanky Paul|juan|\n|player|p2|SauceBo$$|blue|\n|teamsize|p1|6\n|teamsize|p2|6\n|gen|9\n|tier|[Gen 9] National Dex Ubers\n|rule|HP Percentage Mod: HP is shown in percentages\n|rule|Endless Battle Clause: Forcing endless battles is banned\n|rule|OHKO Clause: OHKO moves are banned\n|rule|Evasion Moves Clause: Evasion moves are banned\n|rule|Evasion Items Clause: Evasion items are banned\n|rule|Species Clause: Limit one of each Pok\u00e9mon\n|rule|Sleep Clause Mod: Limit one foe put to sleep\n|rule|Mega Rayquaza Clause: You cannot mega evolve Rayquaza\n|clearpoke\n|poke|p1|Arcanine-Hisui, F|\n|poke|p1|Umbreon, M|\n|poke|p1|Gliscor, F|\n|poke|p1|Zeraora|\n|poke|p1|Pidgeot, F|\n|poke|p1|Sandslash-Alola, F|\n|poke|p2|Darmanitan-Galar, M|\n|poke|p2|Donphan, M|\n|poke|p2|Alomomola, M|\n|poke|p2|Ninetales-Alola, F|\n|poke|p2|Sableye, M|\n|poke|p2|Keldeo-Resolute|\n|teampreview\n|\n|t:|1698891704\n|start\n|switch|p1a: Red Rocket|Arcanine-Hisui, F|100\/100\n|switch|p2a: Abominable Broman|Darmanitan-Galar, M|100\/100\n|turn|1\n|\n|t:|1698891847\n|move|p2a: Abominable Broman|Earthquake|p1a: Red Rocket\n|-supereffective|p1a: Red Rocket\n|-damage|p1a: Red Rocket|0 fnt\n|faint|p1a: Red Rocket\n|\n|upkeep\n|\n|t:|1698891870\n|switch|p1a: Booty Peench|Gliscor, F|100\/100\n|turn|2\n|\n|t:|1698891888\n|switch|p2a: Foxy Cleopatra|Ninetales-Alola, F, shiny|100\/100\n|-weather|Snow|[from] ability: Snow Warning|[of] p2a: Foxy Cleopatra\n|move|p1a: Booty Peench|Agility|p1a: Booty Peench\n|-boost|p1a: Booty Peench|spe|2\n|\n|-weather|Snow|[upkeep]\n|upkeep\n|turn|3\n|\n|t:|1698891982\n|move|p1a: Booty Peench|Earthquake|p2a: Foxy Cleopatra\n|-damage|p2a: Foxy Cleopatra|56\/100\n|move|p2a: Foxy Cleopatra|Aurora Veil|p2a: Foxy Cleopatra\n|-sidestart|p2: SauceBo$$|move: Aurora Veil\n|\n|-weather|Snow|[upkeep]\n|upkeep\n|turn|4\n|\n|t:|1698891990\n|move|p1a: Booty Peench|Psychic Fangs|p2a: Foxy Cleopatra\n|-sideend|p2: SauceBo$$|move: Aurora Veil\n|-damage|p2a: Foxy Cleopatra|31\/100\n|move|p2a: Foxy Cleopatra|Frost Breath|p1a: Booty Peench\n|-supereffective|p1a: Booty Peench\n|-crit|p1a: Booty Peench\n|-damage|p1a: Booty Peench|0 fnt\n|faint|p1a: Booty Peench\n|\n|-weather|Snow|[upkeep]\n|upkeep\n|\n|t:|1698892054\n|switch|p1a: Super Sonic|Zeraora|100\/100\n|turn|5\n|\n|t:|1698892092\n|switch|p2a: Not a Phan|Donphan, M, shiny|100\/100\n|move|p1a: Super Sonic|Play Rough|p2a: Not a Phan\n|-crit|p2a: Not a Phan\n|-damage|p2a: Not a Phan|51\/100\n|\n|-weather|Snow|[upkeep]\n|upkeep\n|turn|6\n|\n|t:|1698892151\n|switch|p1a: Im Blue|Sandslash-Alola, F|100\/100\n|move|p2a: Not a Phan|Stealth Rock|p1a: Im Blue\n|-sidestart|p1: Lanky Paul|move: Stealth Rock\n|\n|-weather|none\n|upkeep\n|turn|7\n|\n|t:|1698892166\n|switch|p2a: Dory|Alomomola, M, shiny|100\/100\n|move|p1a: Im Blue|Rapid Spin|p2a: Dory\n|-damage|p2a: Dory|94\/100\n|-boost|p1a: Im Blue|spe|1\n|-damage|p1a: Im Blue|84\/100|[from] item: Rocky Helmet|[of] p2a: Dory\n|-sideend|p1: Lanky Paul|Stealth Rock|[from] move: Rapid Spin|[of] p1a: Im Blue\n|\n|upkeep\n|turn|8\n|\n|t:|1698892190\n|move|p1a: Im Blue|Stealth Rock|p2a: Dory\n|-sidestart|p2: SauceBo$$|move: Stealth Rock\n|move|p2a: Dory|Flip Turn|p1a: Im Blue\n|-damage|p1a: Im Blue|72\/100\n|\n|t:|1698892251\n|switch|p2a: Goldeneye|Sableye, M, shiny|100\/100|[from] Flip Turn\n|-damage|p2a: Goldeneye|88\/100|[from] Stealth Rock\n|\n|upkeep\n|turn|9\n|\n|t:|1698892267\n|move|p2a: Goldeneye|Will-O-Wisp|p1a: Im Blue\n|-status|p1a: Im Blue|brn\n|move|p1a: Im Blue|Triple Axel|p2a: Goldeneye\n|-damage|p2a: Goldeneye|83\/100\n|-damage|p2a: Goldeneye|73\/100\n|-damage|p2a: Goldeneye|57\/100\n|-hitcount|p2a: Goldeneye|3\n|\n|-damage|p1a: Im Blue|66\/100 brn|[from] brn\n|upkeep\n|turn|10\n|\n|t:|1698892322\n|move|p2a: Goldeneye|Recover|p2a: Goldeneye\n|-heal|p2a: Goldeneye|100\/100\n|move|p1a: Im Blue|Triple Axel|p2a: Goldeneye\n|-crit|p2a: Goldeneye\n|-damage|p2a: Goldeneye|93\/100\n|-damage|p2a: Goldeneye|83\/100\n|-damage|p2a: Goldeneye|69\/100\n|-hitcount|p2a: Goldeneye|3\n|\n|-damage|p1a: Im Blue|60\/100 brn|[from] brn\n|upkeep\n|turn|11\n|\n|t:|1698892363\n|move|p1a: Im Blue|Triple Axel|p2a: Goldeneye\n|-damage|p2a: Goldeneye|65\/100\n|-damage|p2a: Goldeneye|56\/100\n|-damage|p2a: Goldeneye|42\/100\n|-hitcount|p2a: Goldeneye|3\n|move|p2a: Goldeneye|Knock Off|p1a: Im Blue\n|-damage|p1a: Im Blue|39\/100 brn\n|-enditem|p1a: Im Blue|Light Clay|[from] move: Knock Off|[of] p2a: Goldeneye\n|\n|-damage|p1a: Im Blue|33\/100 brn|[from] brn\n|upkeep\n|turn|12\n|\n|t:|1698892394\n|switch|p1a: Super Sonic|Zeraora|100\/100\n|move|p2a: Goldeneye|Recover|p2a: Goldeneye\n|-heal|p2a: Goldeneye|92\/100\n|\n|upkeep\n|turn|13\n|\n|t:|1698892406\n|move|p2a: Goldeneye|Will-O-Wisp|p1a: Super Sonic\n|-status|p1a: Super Sonic|brn\n|move|p1a: Super Sonic|Play Rough|p2a: Goldeneye\n|-supereffective|p2a: Goldeneye\n|-damage|p2a: Goldeneye|29\/100\n|\n|-damage|p1a: Super Sonic|95\/100 brn|[from] brn\n|upkeep\n|turn|14\n|\n|t:|1698892420\n|move|p2a: Goldeneye|Protect|p2a: Goldeneye\n|-singleturn|p2a: Goldeneye|Protect\n|move|p1a: Super Sonic|Play Rough|p2a: Goldeneye\n|-activate|p2a: Goldeneye|move: Protect\n|\n|-damage|p1a: Super Sonic|89\/100 brn|[from] brn\n|upkeep\n|turn|15\n|\n|t:|1698892435\n|move|p2a: Goldeneye|Recover|p2a: Goldeneye\n|-heal|p2a: Goldeneye|79\/100\n|move|p1a: Super Sonic|Play Rough|p2a: Goldeneye\n|-supereffective|p2a: Goldeneye\n|-damage|p2a: Goldeneye|15\/100\n|\n|-damage|p1a: Super Sonic|83\/100 brn|[from] brn\n|upkeep\n|turn|16\n|\n|t:|1698892444\n|move|p2a: Goldeneye|Protect|p2a: Goldeneye\n|-singleturn|p2a: Goldeneye|Protect\n|move|p1a: Super Sonic|Play Rough|p2a: Goldeneye\n|-activate|p2a: Goldeneye|move: Protect\n|\n|-damage|p1a: Super Sonic|77\/100 brn|[from] brn\n|upkeep\n|turn|17\n|\n|t:|1698892453\n|move|p2a: Goldeneye|Recover|p2a: Goldeneye\n|-heal|p2a: Goldeneye|66\/100\n|move|p1a: Super Sonic|Play Rough|p2a: Goldeneye|[miss]\n|-miss|p1a: Super Sonic|p2a: Goldeneye\n|\n|-damage|p1a: Super Sonic|71\/100 brn|[from] brn\n|upkeep\n|turn|18\n|\n|t:|1698892478\n|switch|p1a: Super Sayian 3|Pidgeot, F|100\/100\n|detailschange|p2a: Goldeneye|Sableye-Mega, M, shiny\n|-mega|p2a: Goldeneye|Sableye|Sablenite\n|move|p2a: Goldeneye|Protect||[still]\n|-fail|p2a: Goldeneye\n|\n|upkeep\n|turn|19\n|\n|t:|1698892502\n|detailschange|p1a: Super Sayian 3|Pidgeot-Mega, F\n|-mega|p1a: Super Sayian 3|Pidgeot|Pidgeotite\n|move|p1a: Super Sayian 3|Hurricane|p2a: Goldeneye\n|-damage|p2a: Goldeneye|25\/100\n|move|p2a: Goldeneye|Knock Off|p1a: Super Sayian 3\n|-damage|p1a: Super Sayian 3|73\/100\n|\n|upkeep\n|turn|20\n|\n|t:|1698892567\n|move|p2a: Goldeneye|Protect|p2a: Goldeneye\n|-singleturn|p2a: Goldeneye|Protect\n|move|p1a: Super Sayian 3|Hurricane|p2a: Goldeneye\n|-activate|p2a: Goldeneye|move: Protect\n|\n|upkeep\n|turn|21\n|\n|t:|1698892659\n|move|p1a: Super Sayian 3|Hurricane|p2a: Goldeneye\n|-damage|p2a: Goldeneye|0 fnt\n|faint|p2a: Goldeneye\n|\n|upkeep\n|\n|t:|1698892687\n|switch|p2a: Abominable Broman|Darmanitan-Galar, M|100\/100\n|-damage|p2a: Abominable Broman|76\/100|[from] Stealth Rock\n|turn|22\n|\n|t:|1698892699\n|move|p2a: Abominable Broman|Flare Blitz|p1a: Super Sayian 3\n|-damage|p1a: Super Sayian 3|0 fnt\n|faint|p1a: Super Sayian 3\n|-damage|p2a: Abominable Broman|55\/100|[from] Recoil\n|\n|upkeep\n|\n|t:|1698892719\n|switch|p1a: Timmy Thicc|Umbreon, M|100\/100\n|turn|23\n|\n|t:|1698892728\n|switch|p2a: Dory|Alomomola, M, shiny|100\/100\n|-damage|p2a: Dory|88\/100|[from] Stealth Rock\n|move|p1a: Timmy Thicc|Wish|p1a: Timmy Thicc\n|\n|upkeep\n|turn|24\n|\n|t:|1698892752\n|switch|p1a: Super Sonic|Zeraora|71\/100 brn\n|move|p2a: Dory|Wish|p2a: Dory\n|\n|-heal|p1a: Super Sonic|100\/100 brn|[from] move: Wish|[wisher] Timmy Thicc\n|-damage|p1a: Super Sonic|95\/100 brn|[from] brn\n|upkeep\n|turn|25\n|\n|t:|1698892826\n|switch|p2a: Not a Phan|Donphan, M, shiny|51\/100\n|move|p1a: Super Sonic|Drain Punch|p2a: Not a Phan\n|-damage|p2a: Not a Phan|36\/100\n|-heal|p1a: Super Sonic|100\/100 brn|[from] drain|[of] p2a: Not a Phan\n|\n|-heal|p2a: Not a Phan|100\/100|[from] move: Wish|[wisher] Dory\n|-damage|p1a: Super Sonic|95\/100 brn|[from] brn\n|upkeep\n|turn|26\n|\n|t:|1698892849\n|switch|p1a: Timmy Thicc|Umbreon, M|100\/100\n|move|p2a: Not a Phan|Earthquake|p1a: Timmy Thicc\n|-damage|p1a: Timmy Thicc|68\/100\n|\n|-heal|p1a: Timmy Thicc|74\/100|[from] item: Leftovers\n|upkeep\n|turn|27\n|\n|t:|1698892859\n|move|p1a: Timmy Thicc|Wish|p1a: Timmy Thicc\n|move|p2a: Not a Phan|Rapid Spin|p1a: Timmy Thicc\n|-damage|p1a: Timmy Thicc|64\/100\n|-boost|p2a: Not a Phan|spe|1\n|-sideend|p2: SauceBo$$|Stealth Rock|[from] move: Rapid Spin|[of] p2a: Not a Phan\n|\n|-heal|p1a: Timmy Thicc|70\/100|[from] item: Leftovers\n|upkeep\n|turn|28\n|\n|t:|1698892896\n|move|p2a: Not a Phan|Stealth Rock|p1a: Timmy Thicc\n|-sidestart|p1: Lanky Paul|move: Stealth Rock\n|move|p1a: Timmy Thicc|Calm Mind|p1a: Timmy Thicc\n|-boost|p1a: Timmy Thicc|spa|1\n|-boost|p1a: Timmy Thicc|spd|1\n|\n|-heal|p1a: Timmy Thicc|100\/100|[from] move: Wish|[wisher] Timmy Thicc\n|upkeep\n|turn|29\n|\n|t:|1698892926\n|move|p2a: Not a Phan|Earthquake|p1a: Timmy Thicc\n|-damage|p1a: Timmy Thicc|69\/100\n|move|p1a: Timmy Thicc|Shadow Ball|p2a: Not a Phan\n|-damage|p2a: Not a Phan|75\/100\n|\n|-heal|p1a: Timmy Thicc|75\/100|[from] item: Leftovers\n|upkeep\n|turn|30\n|\n|t:|1698892936\n|move|p2a: Not a Phan|Earthquake|p1a: Timmy Thicc\n|-damage|p1a: Timmy Thicc|41\/100\n|move|p1a: Timmy Thicc|Calm Mind|p1a: Timmy Thicc\n|-boost|p1a: Timmy Thicc|spa|1\n|-boost|p1a: Timmy Thicc|spd|1\n|\n|-heal|p1a: Timmy Thicc|47\/100|[from] item: Leftovers\n|upkeep\n|turn|31\n|\n|t:|1698892957\n|move|p2a: Not a Phan|Earthquake|p1a: Timmy Thicc\n|-damage|p1a: Timmy Thicc|12\/100\n|move|p1a: Timmy Thicc|Wish|p1a: Timmy Thicc\n|\n|-heal|p1a: Timmy Thicc|19\/100|[from] item: Leftovers\n|upkeep\n|turn|32\n|\n|t:|1698892995\n|move|p1a: Timmy Thicc|Protect|p1a: Timmy Thicc\n|-singleturn|p1a: Timmy Thicc|Protect\n|move|p2a: Not a Phan|Earthquake|p1a: Timmy Thicc\n|-activate|p1a: Timmy Thicc|move: Protect\n|\n|-heal|p1a: Timmy Thicc|69\/100|[from] move: Wish|[wisher] Timmy Thicc\n|-heal|p1a: Timmy Thicc|75\/100|[from] item: Leftovers\n|upkeep\n|turn|33\n|\n|t:|1698893028\n|move|p2a: Not a Phan|Earthquake|p1a: Timmy Thicc\n|-damage|p1a: Timmy Thicc|45\/100\n|move|p1a: Timmy Thicc|Wish|p1a: Timmy Thicc\n|\n|-heal|p1a: Timmy Thicc|52\/100|[from] item: Leftovers\n|upkeep\n|turn|34\n|\n|t:|1698893081\n|move|p2a: Not a Phan|Earthquake|p1a: Timmy Thicc\n|-damage|p1a: Timmy Thicc|17\/100\n|move|p1a: Timmy Thicc|Calm Mind|p1a: Timmy Thicc\n|-boost|p1a: Timmy Thicc|spa|1\n|-boost|p1a: Timmy Thicc|spd|1\n|\n|-heal|p1a: Timmy Thicc|67\/100|[from] move: Wish|[wisher] Timmy Thicc\n|-heal|p1a: Timmy Thicc|73\/100|[from] item: Leftovers\n|upkeep\n|turn|35\n|\n|t:|1698893109\n|move|p2a: Not a Phan|Earthquake|p1a: Timmy Thicc\n|-damage|p1a: Timmy Thicc|42\/100\n|move|p1a: Timmy Thicc|Wish|p1a: Timmy Thicc\n|\n|-heal|p1a: Timmy Thicc|48\/100|[from] item: Leftovers\n|upkeep\n|turn|36\n|\n|t:|1698893172\n|move|p2a: Not a Phan|Earthquake|p1a: Timmy Thicc\n|-damage|p1a: Timmy Thicc|19\/100\n|move|p1a: Timmy Thicc|Shadow Ball|p2a: Not a Phan\n|-crit|p2a: Not a Phan\n|-damage|p2a: Not a Phan|14\/100\n|\n|-heal|p1a: Timmy Thicc|69\/100|[from] move: Wish|[wisher] Timmy Thicc\n|-heal|p1a: Timmy Thicc|75\/100|[from] item: Leftovers\n|upkeep\n|turn|37\n|\n|t:|1698893198\n|move|p2a: Not a Phan|Earthquake|p1a: Timmy Thicc\n|-damage|p1a: Timmy Thicc|41\/100\n|move|p1a: Timmy Thicc|Wish|p1a: Timmy Thicc\n|\n|-heal|p1a: Timmy Thicc|47\/100|[from] item: Leftovers\n|upkeep\n|turn|38\n|\n|t:|1698893233\n|move|p2a: Not a Phan|Earthquake|p1a: Timmy Thicc\n|-damage|p1a: Timmy Thicc|13\/100\n|move|p1a: Timmy Thicc|Calm Mind|p1a: Timmy Thicc\n|-boost|p1a: Timmy Thicc|spa|1\n|-boost|p1a: Timmy Thicc|spd|1\n|\n|-heal|p1a: Timmy Thicc|63\/100|[from] move: Wish|[wisher] Timmy Thicc\n|-heal|p1a: Timmy Thicc|69\/100|[from] item: Leftovers\n|upkeep\n|turn|39\n|\n|t:|1698893256\n|move|p2a: Not a Phan|Earthquake|p1a: Timmy Thicc\n|-damage|p1a: Timmy Thicc|39\/100\n|move|p1a: Timmy Thicc|Wish|p1a: Timmy Thicc\n|\n|-heal|p1a: Timmy Thicc|45\/100|[from] item: Leftovers\n|upkeep\n|turn|40\n|\n|t:|1698893278\n|move|p1a: Timmy Thicc|Protect|p1a: Timmy Thicc\n|-singleturn|p1a: Timmy Thicc|Protect\n|move|p2a: Not a Phan|Earthquake|p1a: Timmy Thicc\n|-activate|p1a: Timmy Thicc|move: Protect\n|\n|-heal|p1a: Timmy Thicc|95\/100|[from] move: Wish|[wisher] Timmy Thicc\n|-heal|p1a: Timmy Thicc|100\/100|[from] item: Leftovers\n|upkeep\n|turn|41\n|\n|t:|1698893295\n|move|p2a: Not a Phan|Earthquake|p1a: Timmy Thicc\n|-damage|p1a: Timmy Thicc|69\/100\n|move|p1a: Timmy Thicc|Wish|p1a: Timmy Thicc\n|\n|-heal|p1a: Timmy Thicc|75\/100|[from] item: Leftovers\n|upkeep\n|turn|42\n|\n|t:|1698893324\n|move|p2a: Not a Phan|Earthquake|p1a: Timmy Thicc\n|-damage|p1a: Timmy Thicc|44\/100\n|move|p1a: Timmy Thicc|Shadow Ball|p2a: Not a Phan\n|-damage|p2a: Not a Phan|0 fnt\n|faint|p2a: Not a Phan\n|\n|-heal|p1a: Timmy Thicc|94\/100|[from] move: Wish|[wisher] Timmy Thicc\n|-heal|p1a: Timmy Thicc|99\/100|[from] item: Leftovers\n|upkeep\n|\n|t:|1698893347\n|switch|p2a: Foxy Cleopatra|Ninetales-Alola, F, shiny|31\/100\n|-weather|Snow|[from] ability: Snow Warning|[of] p2a: Foxy Cleopatra\n|turn|43\n|\n|t:|1698893398\n|move|p2a: Foxy Cleopatra|Aurora Veil|p2a: Foxy Cleopatra\n|-sidestart|p2: SauceBo$$|move: Aurora Veil\n|move|p1a: Timmy Thicc|Shadow Ball|p2a: Foxy Cleopatra\n|-damage|p2a: Foxy Cleopatra|11\/100\n|\n|-weather|Snow|[upkeep]\n|-heal|p1a: Timmy Thicc|100\/100|[from] item: Leftovers\n|upkeep\n|turn|44\n|\n|t:|1698893470\n|switch|p2a: My Lil Brony|Keldeo-Resolute|100\/100\n|move|p1a: Timmy Thicc|Shadow Ball|p2a: My Lil Brony\n|-damage|p2a: My Lil Brony|82\/100\n|\n|-weather|Snow|[upkeep]\n|-heal|p2a: My Lil Brony|88\/100|[from] item: Leftovers\n|upkeep\n|turn|45\n|\n|t:|1698893491\n|move|p2a: My Lil Brony|Calm Mind|p2a: My Lil Brony\n|-boost|p2a: My Lil Brony|spa|1\n|-boost|p2a: My Lil Brony|spd|1\n|move|p1a: Timmy Thicc|Wish|p1a: Timmy Thicc\n|\n|-weather|Snow|[upkeep]\n|-heal|p2a: My Lil Brony|94\/100|[from] item: Leftovers\n|upkeep\n|turn|46\n|\n|t:|1698893528\n|move|p2a: My Lil Brony|Secret Sword|p1a: Timmy Thicc\n|-supereffective|p1a: Timmy Thicc\n|-damage|p1a: Timmy Thicc|29\/100\n|move|p1a: Timmy Thicc|Shadow Ball|p2a: My Lil Brony\n|-damage|p2a: My Lil Brony|81\/100\n|\n|-weather|Snow|[upkeep]\n|-heal|p1a: Timmy Thicc|79\/100|[from] move: Wish|[wisher] Timmy Thicc\n|-heal|p2a: My Lil Brony|87\/100|[from] item: Leftovers\n|-heal|p1a: Timmy Thicc|85\/100|[from] item: Leftovers\n|upkeep\n|turn|47\n|\n|t:|1698893542\n|move|p2a: My Lil Brony|Calm Mind|p2a: My Lil Brony\n|-boost|p2a: My Lil Brony|spa|1\n|-boost|p2a: My Lil Brony|spd|1\n|move|p1a: Timmy Thicc|Wish|p1a: Timmy Thicc\n|\n|-weather|none\n|-heal|p2a: My Lil Brony|94\/100|[from] item: Leftovers\n|-heal|p1a: Timmy Thicc|91\/100|[from] item: Leftovers\n|upkeep\n|turn|48\n|\n|t:|1698893592\n|move|p2a: My Lil Brony|Secret Sword|p1a: Timmy Thicc\n|-supereffective|p1a: Timmy Thicc\n|-damage|p1a: Timmy Thicc|0 fnt\n|faint|p1a: Timmy Thicc\n|\n|-heal|p2a: My Lil Brony|99\/100|[from] item: Leftovers\n|upkeep\n|\n|t:|1698893601\n|switch|p1a: Im Blue|Sandslash-Alola, F|33\/100 brn\n|-damage|p1a: Im Blue|21\/100 brn|[from] Stealth Rock\n|turn|49\n|\n|t:|1698893607\n|move|p2a: My Lil Brony|Secret Sword|p1a: Im Blue\n|-supereffective|p1a: Im Blue\n|-damage|p1a: Im Blue|0 fnt\n|faint|p1a: Im Blue\n|\n|-heal|p2a: My Lil Brony|100\/100|[from] item: Leftovers\n|upkeep\n|\n|t:|1698893613\n|switch|p1a: Super Sonic|Zeraora|95\/100 brn\n|-damage|p1a: Super Sonic|82\/100 brn|[from] Stealth Rock\n|turn|50\n|\n|t:|1698893653\n|move|p1a: Super Sonic|Plasma Fists|p2a: My Lil Brony\n|-supereffective|p2a: My Lil Brony\n|-damage|p2a: My Lil Brony|58\/100\n|-fieldactivate|move: Ion Deluge\n|-hint|Normal-type moves become Electric-type after using Plasma Fists.\n|move|p2a: My Lil Brony|Secret Sword|p1a: Super Sonic\n|-damage|p1a: Super Sonic|0 fnt\n|faint|p1a: Super Sonic\n|\n|win|SauceBo$$\n","uploadtime":1698893840,"views":20,"p1id":"lankypaul","p2id":"saucebo","formatid":"gen9nationaldexubers","rating":0,"private":0,"password":""}