{"id":"gen9nationaldexubers-1996723894","p1":"QueenLaz","p2":"FzeroHyperspeeder","format":"[Gen 9] National Dex Ubers","log":"|j|\u2606QueenLaz\n|j|\u2606FzeroHyperspeeder\n|t:|1700714767\n|gametype|singles\n|player|p1|QueenLaz|bellelba|1183\n|player|p2|FzeroHyperspeeder|unknown|1166\n|teamsize|p1|6\n|teamsize|p2|6\n|gen|9\n|tier|[Gen 9] National Dex Ubers\n|rated|\n|rule|HP Percentage Mod: HP is shown in percentages\n|rule|Endless Battle Clause: Forcing endless battles is banned\n|rule|OHKO Clause: OHKO moves are banned\n|rule|Evasion Moves Clause: Evasion moves are banned\n|rule|Evasion Items Clause: Evasion items are banned\n|rule|Species Clause: Limit one of each Pok\u00e9mon\n|rule|Sleep Clause Mod: Limit one foe put to sleep\n|rule|Mega Rayquaza Clause: You cannot mega evolve Rayquaza\n|clearpoke\n|poke|p1|Walking Wake|\n|poke|p1|Volcanion|\n|poke|p1|Sharpedo, F|\n|poke|p1|Dondozo, F|\n|poke|p1|Celesteela|\n|poke|p1|Kingambit, F|\n|poke|p2|Hippowdon, F|\n|poke|p2|Aron, L1, M|\n|poke|p2|Excadrill, F|\n|poke|p2|Tyranitar, M|\n|poke|p2|Garchomp, F|\n|poke|p2|Alakazam, F|\n|teampreview\n|inactive|Battle timer is ON: inactive players will automatically lose when time's up. (requested by FzeroHyperspeeder)\n|\n|t:|1700714787\n|start\n|switch|p1a: Mr Blubbers|Dondozo, F|100\/100\n|switch|p2a: Bell|Tyranitar, M|100\/100\n|-weather|Sandstorm|[from] ability: Sand Stream|[of] p2a: Bell\n|turn|1\n|inactive|QueenLaz has 120 seconds left.\n|c|\u2606QueenLaz|hmm lv 1 aron, i wonder what ever could it be\n|\n|t:|1700714824\n|move|p2a: Bell|Thunderbolt|p1a: Mr Blubbers\n|-supereffective|p1a: Mr Blubbers\n|-damage|p1a: Mr Blubbers|28\/100\n|move|p1a: Mr Blubbers|Rain Dance|p1a: Mr Blubbers\n|-weather|RainDance\n|\n|-weather|RainDance|[upkeep]\n|-heal|p1a: Mr Blubbers|34\/100|[from] item: Leftovers\n|upkeep\n|turn|2\n|inactive|QueenLaz has 120 seconds left.\n|\n|t:|1700714835\n|switch|p2a: Clark|Hippowdon, F, shiny|100\/100\n|-weather|Sandstorm|[from] ability: Sand Stream|[of] p2a: Clark\n|move|p1a: Mr Blubbers|Liquidation|p2a: Clark\n|-supereffective|p2a: Clark\n|-damage|p2a: Clark|59\/100\n|-enditem|p2a: Clark|Eject Button\n|inactive|FzeroHyperspeeder has 120 seconds left.\n|inactive|FzeroHyperspeeder has 90 seconds left.\n|\n|t:|1700714920\n|switch|p2a: Raven|Alakazam, F|100\/100\n|\n|-weather|Sandstorm|[upkeep]\n|-damage|p1a: Mr Blubbers|28\/100|[from] Sandstorm\n|-heal|p1a: Mr Blubbers|34\/100|[from] item: Leftovers\n|upkeep\n|turn|3\n|\n|t:|1700714935\n|move|p2a: Raven|Psychic|p1a: Mr Blubbers\n|-damage|p1a: Mr Blubbers|0 fnt\n|faint|p1a: Mr Blubbers\n|\n|-weather|Sandstorm|[upkeep]\n|upkeep\n|\n|t:|1700714939\n|switch|p1a: Sharpedo|Sharpedo, F|100\/100\n|turn|4\n|inactive|FzeroHyperspeeder has 60 seconds left.\n|\n|t:|1700714968\n|detailschange|p1a: Sharpedo|Sharpedo-Mega, F\n|-mega|p1a: Sharpedo|Sharpedo|Sharpedonite\n|move|p2a: Raven|Dazzling Gleam|p1a: Sharpedo\n|-supereffective|p1a: Sharpedo\n|-damage|p1a: Sharpedo|2\/100\n|move|p1a: Sharpedo|Crunch|p2a: Raven\n|-supereffective|p2a: Raven\n|-enditem|p2a: Raven|Focus Sash\n|-damage|p2a: Raven|1\/100\n|\n|-weather|Sandstorm|[upkeep]\n|-damage|p1a: Sharpedo|0 fnt|[from] Sandstorm\n|faint|p1a: Sharpedo\n|upkeep\n|inactive|QueenLaz has 120 seconds left.\n|\n|t:|1700715004\n|switch|p1a: Walking Wake|Walking Wake|100\/100\n|turn|5\n|\n|t:|1700715015\n|-terastallize|p1a: Walking Wake|Water\n|move|p2a: Raven|Dazzling Gleam|p1a: Walking Wake\n|-damage|p1a: Walking Wake|68\/100\n|move|p1a: Walking Wake|Hydro Steam|p2a: Raven\n|-damage|p2a: Raven|0 fnt\n|faint|p2a: Raven\n|\n|-weather|Sandstorm|[upkeep]\n|-damage|p1a: Walking Wake|62\/100|[from] Sandstorm\n|upkeep\n|inactive|FzeroHyperspeeder has 60 seconds left.\n|\n|t:|1700715041\n|switch|p2a: John Murphy|Aron, L1, M, shiny|100\/100\n|turn|6\n|inactive|QueenLaz has 120 seconds left.\n|\n|t:|1700715058\n|-end|p1a: Walking Wake|Protosynthesis|[silent]\n|switch|p1a: Celesteela|Celesteela|100\/100\n|move|p2a: John Murphy|Endeavor|p1a: Celesteela\n|-damage|p1a: Celesteela|4\/100\n|\n|-weather|none\n|-heal|p1a: Celesteela|10\/100|[from] item: Leftovers\n|upkeep\n|turn|7\n|inactive|FzeroHyperspeeder has 60 seconds left.\n|\n|t:|1700715081\n|switch|p2a: Lexa|Garchomp, F, shiny|100\/100\n|move|p1a: Celesteela|Leech Seed|p2a: Lexa\n|-start|p2a: Lexa|move: Leech Seed\n|\n|-heal|p1a: Celesteela|16\/100|[from] item: Leftovers\n|-damage|p2a: Lexa|88\/100|[from] Leech Seed|[of] p1a: Celesteela\n|-heal|p1a: Celesteela|27\/100|[silent]\n|upkeep\n|turn|8\n|inactive|QueenLaz has 120 seconds left.\n|\n|t:|1700715096\n|switch|p2a: Clark|Hippowdon, F, shiny|59\/100\n|-weather|Sandstorm|[from] ability: Sand Stream|[of] p2a: Clark\n|move|p1a: Celesteela|Protect||[still]\n|-fail|p1a: Celesteela\n|\n|-weather|Sandstorm|[upkeep]\n|-heal|p1a: Celesteela|33\/100|[from] item: Leftovers\n|upkeep\n|turn|9\n|\n|t:|1700715110\n|switch|p2a: Lexa|Garchomp, F, shiny|88\/100\n|move|p1a: Celesteela|Heavy Slam|p2a: Lexa\n|-damage|p2a: Lexa|42\/100\n|-damage|p1a: Celesteela|20\/100|[from] ability: Rough Skin|[of] p2a: Lexa\n|\n|-weather|Sandstorm|[upkeep]\n|-heal|p1a: Celesteela|26\/100|[from] item: Leftovers\n|upkeep\n|turn|10\n|\n|t:|1700715128\n|move|p1a: Celesteela|Protect|p1a: Celesteela\n|-singleturn|p1a: Celesteela|Protect\n|move|p2a: Lexa|Hidden Power|p1a: Celesteela\n|-activate|p1a: Celesteela|move: Protect\n|\n|-weather|Sandstorm|[upkeep]\n|-heal|p1a: Celesteela|32\/100|[from] item: Leftovers\n|upkeep\n|turn|11\n|inactive|QueenLaz has 120 seconds left.\n|\n|t:|1700715150\n|detailschange|p2a: Lexa|Garchomp-Mega, F, shiny\n|-mega|p2a: Lexa|Garchomp|Garchompite\n|move|p2a: Lexa|Fire Blast|p1a: Celesteela\n|-supereffective|p1a: Celesteela\n|-damage|p1a: Celesteela|0 fnt\n|faint|p1a: Celesteela\n|\n|-weather|Sandstorm|[upkeep]\n|upkeep\n|inactive|QueenLaz has 120 seconds left.\n|\n|t:|1700715170\n|switch|p1a: Walking Wake|Walking Wake, tera:Water|62\/100\n|turn|12\n|\n|t:|1700715195\n|move|p1a: Walking Wake|Hydro Steam|p2a: Lexa\n|-damage|p2a: Lexa|0 fnt\n|faint|p2a: Lexa\n|\n|-weather|none\n|upkeep\n|\n|t:|1700715198\n|switch|p2a: John Murphy|Aron, L1, M, shiny|100\/100\n|turn|13\n|inactive|QueenLaz has 120 seconds left.\n|\n|t:|1700715222\n|-end|p1a: Walking Wake|Protosynthesis|[silent]\n|switch|p1a: Volcanion|Volcanion|100\/100\n|move|p2a: John Murphy|Endeavor|p1a: Volcanion\n|-damage|p1a: Volcanion|4\/100\n|\n|upkeep\n|turn|14\n|\n|t:|1700715241\n|switch|p2a: Clark|Hippowdon, F, shiny|59\/100\n|-weather|Sandstorm|[from] ability: Sand Stream|[of] p2a: Clark\n|move|p1a: Volcanion|Steam Eruption|p2a: Clark\n|-supereffective|p2a: Clark\n|-damage|p2a: Clark|0 fnt\n|faint|p2a: Clark\n|\n|-weather|Sandstorm|[upkeep]\n|-damage|p1a: Volcanion|0 fnt|[from] Sandstorm\n|faint|p1a: Volcanion\n|upkeep\n|inactive|QueenLaz has 120 seconds left.\n|inactive|FzeroHyperspeeder has 30 seconds left.\n|\n|t:|1700715263\n|switch|p1a: Walking Wake|Walking Wake, tera:Water|62\/100\n|switch|p2a: John Murphy|Aron, L1, M, shiny|100\/100\n|turn|15\n|\n|t:|1700715268\n|move|p1a: Walking Wake|Flamethrower|p2a: John Murphy\n|-ability|p2a: John Murphy|Sturdy\n|-damage|p2a: John Murphy|9\/100\n|move|p2a: John Murphy|Endeavor|p1a: Walking Wake\n|-damage|p1a: Walking Wake|1\/100\n|-heal|p2a: John Murphy|100\/100|[from] item: Shell Bell|[of] p1a: Walking Wake\n|\n|-weather|Sandstorm|[upkeep]\n|-damage|p1a: Walking Wake|0 fnt|[from] Sandstorm\n|faint|p1a: Walking Wake\n|-end|p1a: Walking Wake|Protosynthesis|[silent]\n|upkeep\n|\n|t:|1700715275\n|switch|p1a: Kingambit|Kingambit, F|100\/100\n|-activate|p1a: Kingambit|ability: Supreme Overlord\n|-start|p1a: Kingambit|fallen5|[silent]\n|turn|16\n|\n|t:|1700715289\n|move|p1a: Kingambit|Kowtow Cleave|p2a: John Murphy\n|-ability|p2a: John Murphy|Sturdy\n|-damage|p2a: John Murphy|9\/100\n|move|p2a: John Murphy|Endeavor|p1a: Kingambit\n|-damage|p1a: Kingambit|1\/100\n|-heal|p2a: John Murphy|100\/100|[from] item: Shell Bell|[of] p1a: Kingambit\n|\n|-weather|Sandstorm|[upkeep]\n|upkeep\n|turn|17\n|-message|QueenLaz forfeited.\n|\n|win|FzeroHyperspeeder\n|raw|QueenLaz's rating: 1183 &rarr; <strong>1157<\/strong><br \/>(-26 for losing)\n|raw|FzeroHyperspeeder's rating: 1166 &rarr; <strong>1192<\/strong><br \/>(+26 for winning)\n|l|\u2606QueenLaz\n","uploadtime":1700715345,"views":25,"p1id":"queenlaz","p2id":"fzerohyperspeeder","formatid":"gen9nationaldexubers","rating":1157,"private":0,"password":""}