{"id":"gen9nationaldexubers-1994822140","p1":"700club","p2":"HladnoFant","format":"[Gen 9] National Dex Ubers","log":"|j|\u2606700club\n|j|\u2606HladnoFant\n|t:|1700495992\n|gametype|singles\n|player|p1|700club|shadowtriad|1309\n|player|p2|HladnoFant|cynthia-gen4|1318\n|teamsize|p1|6\n|teamsize|p2|6\n|gen|9\n|tier|[Gen 9] National Dex Ubers\n|rated|\n|rule|HP Percentage Mod: HP is shown in percentages\n|rule|Endless Battle Clause: Forcing endless battles is banned\n|rule|OHKO Clause: OHKO moves are banned\n|rule|Evasion Moves Clause: Evasion moves are banned\n|rule|Evasion Items Clause: Evasion items are banned\n|rule|Species Clause: Limit one of each Pok\u00e9mon\n|rule|Sleep Clause Mod: Limit one foe put to sleep\n|rule|Mega Rayquaza Clause: You cannot mega evolve Rayquaza\n|clearpoke\n|poke|p1|Ogerpon-Hearthflame, F|\n|poke|p1|Ditto|\n|poke|p1|Deoxys-Speed|\n|poke|p1|Mewtwo|\n|poke|p1|Necrozma-Dusk-Mane|\n|poke|p1|Groudon|\n|poke|p2|Spiritomb, M|\n|poke|p2|Togekiss, M|\n|poke|p2|Lucario, M|\n|poke|p2|Milotic, F|\n|poke|p2|Roserade, F|\n|poke|p2|Garchomp, M|\n|teampreview\n|c|\u2606700club|hi\n|\n|t:|1700496002\n|start\n|switch|p1a: Deoxys|Deoxys-Speed|100\/100\n|switch|p2a: Lucario|Lucario, M|100\/100\n|-ability|p1a: Deoxys|Pressure\n|turn|1\n|inactive|Battle timer is ON: inactive players will automatically lose when time's up. (requested by HladnoFant)\n|\n|t:|1700496012\n|detailschange|p2a: Lucario|Lucario-Mega, M\n|-mega|p2a: Lucario|Lucario|Lucarionite\n|move|p1a: Deoxys|Reflect|p1a: Deoxys\n|-sidestart|p1: 700club|Reflect\n|move|p2a: Lucario|Swords Dance|p2a: Lucario\n|-boost|p2a: Lucario|atk|2\n|\n|upkeep\n|turn|2\n|\n|t:|1700496022\n|move|p1a: Deoxys|Light Screen|p1a: Deoxys\n|-sidestart|p1: 700club|move: Light Screen\n|move|p2a: Lucario|Meteor Mash|p1a: Deoxys\n|-damage|p1a: Deoxys|24\/100\n|-boost|p2a: Lucario|atk|1\n|\n|upkeep\n|turn|3\n|\n|t:|1700496031\n|move|p2a: Lucario|Extreme Speed|p1a: Deoxys\n|-damage|p1a: Deoxys|0 fnt\n|faint|p1a: Deoxys\n|\n|upkeep\n|\n|t:|1700496037\n|switch|p1a: Ditto|Ditto|100\/100\n|-transform|p1a: Ditto|p2a: Lucario|[from] ability: Imposter\n|turn|4\n|\n|t:|1700496065\n|switch|p2a: Spiritomb|Spiritomb, M|100\/100\n|move|p1a: Ditto|High Jump Kick|p2a: Spiritomb\n|-immune|p2a: Spiritomb\n|-damage|p1a: Ditto|51\/100|[from] highjumpkick\n|\n|upkeep\n|turn|5\n|inactive|700club has 120 seconds left.\n|\n|t:|1700496091\n|switch|p1a: Ogerpon|Ogerpon-Hearthflame, F|100\/100\n|-ability|p1a: Ogerpon|Mold Breaker\n|move|p2a: Spiritomb|Substitute|p2a: Spiritomb\n|-start|p2a: Spiritomb|Substitute\n|-damage|p2a: Spiritomb|76\/100\n|\n|-heal|p2a: Spiritomb|82\/100|[from] item: Leftovers\n|-sideend|p1: 700club|Reflect\n|upkeep\n|turn|6\n|\n|t:|1700496110\n|-terastallize|p1a: Ogerpon|Fire\n|detailschange|p1a: Ogerpon|Ogerpon-Hearthflame-Tera, F, tera:Fire\n|-ability|p1a: Ogerpon|Embody Aspect (Hearthflame)|boost\n|-boost|p1a: Ogerpon|atk|1\n|move|p1a: Ogerpon|Ivy Cudgel|p2a: Spiritomb|[anim] Ivy Cudgel Fire\n|-end|p2a: Spiritomb|Substitute\n|move|p2a: Spiritomb|Dark Pulse|p1a: Ogerpon\n|-damage|p1a: Ogerpon|77\/100\n|\n|-heal|p2a: Spiritomb|88\/100|[from] item: Leftovers\n|-sideend|p1: 700club|move: Light Screen\n|upkeep\n|turn|7\n|\n|t:|1700496126\n|move|p1a: Ogerpon|Leech Seed|p2a: Spiritomb\n|-start|p2a: Spiritomb|move: Leech Seed\n|move|p2a: Spiritomb|Dark Pulse|p1a: Ogerpon\n|-damage|p1a: Ogerpon|50\/100\n|\n|-heal|p2a: Spiritomb|94\/100|[from] item: Leftovers\n|-damage|p2a: Spiritomb|81\/100|[from] Leech Seed|[of] p1a: Ogerpon\n|-heal|p1a: Ogerpon|60\/100|[silent]\n|upkeep\n|turn|8\n|\n|t:|1700496135\n|switch|p2a: Milotic|Milotic, F|100\/100\n|move|p1a: Ogerpon|Substitute|p1a: Ogerpon\n|-start|p1a: Ogerpon|Substitute\n|-damage|p1a: Ogerpon|35\/100\n|\n|upkeep\n|turn|9\n|\n|t:|1700496142\n|move|p1a: Ogerpon|Leech Seed|p2a: Milotic\n|-start|p2a: Milotic|move: Leech Seed\n|move|p2a: Milotic|Scald|p1a: Ogerpon\n|-supereffective|p1a: Ogerpon\n|-end|p1a: Ogerpon|Substitute\n|\n|-damage|p2a: Milotic|88\/100|[from] Leech Seed|[of] p1a: Ogerpon\n|-heal|p1a: Ogerpon|49\/100|[silent]\n|upkeep\n|turn|10\n|\n|t:|1700496150\n|move|p1a: Ogerpon|Horn Leech|p2a: Milotic\n|-supereffective|p2a: Milotic\n|-damage|p2a: Milotic|10\/100\n|-heal|p1a: Ogerpon|91\/100|[from] drain|[of] p2a: Milotic\n|move|p2a: Milotic|Scald|p1a: Ogerpon\n|-supereffective|p1a: Ogerpon\n|-damage|p1a: Ogerpon|35\/100\n|\n|-heal|p2a: Milotic|16\/100|[from] item: Leftovers\n|-damage|p2a: Milotic|4\/100|[from] Leech Seed|[of] p1a: Ogerpon\n|-heal|p1a: Ogerpon|48\/100|[silent]\n|upkeep\n|turn|11\n|inactive|700club has 120 seconds left.\n|l|\u2606HladnoFant\n|inactive|HladnoFant disconnected and has a minute to reconnect!\n|player|p2|\n|inactive|HladnoFant has 30 seconds to reconnect!\n|inactive|HladnoFant has 20 seconds to reconnect!\n|inactive|HladnoFant has 15 seconds to reconnect!\n|inactive|HladnoFant has 10 seconds to reconnect!\n|inactive|HladnoFant has 5 seconds to reconnect!\n|-message|HladnoFant lost due to inactivity.\n|\n|win|700club\n|raw|700club's rating: 1309 &rarr; <strong>1330<\/strong><br \/>(+21 for winning)\n|raw|HladnoFant's rating: 1318 &rarr; <strong>1297<\/strong><br \/>(-21 for losing)\n","uploadtime":1700496518,"views":4,"p1id":"700club","p2id":"hladnofant","formatid":"gen9nationaldexubers","rating":1297,"private":0,"password":""}