{"id":"gen9nationaldexubers-1995643566","p1":"Thomas Manseau 18","p2":"Videogamer427","format":"[Gen 9] National Dex Ubers","log":"|j|\u2606Thomas Manseau 18\n|j|\u2606Videogamer427\n|t:|1700590197\n|gametype|singles\n|player|p1|Thomas Manseau 18|lucas|1162\n|player|p2|Videogamer427|falkner|1051\n|teamsize|p1|6\n|teamsize|p2|6\n|gen|9\n|tier|[Gen 9] National Dex Ubers\n|rated|\n|rule|HP Percentage Mod: HP is shown in percentages\n|rule|Endless Battle Clause: Forcing endless battles is banned\n|rule|OHKO Clause: OHKO moves are banned\n|rule|Evasion Moves Clause: Evasion moves are banned\n|rule|Evasion Items Clause: Evasion items are banned\n|rule|Species Clause: Limit one of each Pok\u00e9mon\n|rule|Sleep Clause Mod: Limit one foe put to sleep\n|rule|Mega Rayquaza Clause: You cannot mega evolve Rayquaza\n|clearpoke\n|poke|p1|Salamence, F|\n|poke|p1|Arceus|\n|poke|p1|Deoxys-Speed|\n|poke|p1|Genesect|\n|poke|p1|Groudon|\n|poke|p1|Xerneas-*|\n|poke|p2|Sableye, F|\n|poke|p2|Skeledirge, F|\n|poke|p2|Sinistcha|\n|poke|p2|Dracovish|\n|poke|p2|Melmetal|\n|poke|p2|Garchomp, M|\n|teampreview\n|inactive|Battle timer is ON: inactive players will automatically lose when time's up. (requested by Thomas Manseau 18)\n|\n|t:|1700590203\n|start\n|switch|p1a: Deoxys|Deoxys-Speed|100\/100\n|switch|p2a: Sableye|Sableye, F|100\/100\n|-ability|p1a: Deoxys|Pressure\n|turn|1\n|\n|t:|1700590212\n|detailschange|p2a: Sableye|Sableye-Mega, F\n|-mega|p2a: Sableye|Sableye|Sablenite\n|move|p1a: Deoxys|Toxic|p2a: Sableye\n|move|p2a: Sableye|Toxic|p1a: Deoxys|[from]ability: Magic Bounce\n|-status|p1a: Deoxys|tox\n|move|p2a: Sableye|Toxic|p1a: Deoxys\n|-fail|p1a: Deoxys|tox\n|\n|-damage|p1a: Deoxys|94\/100 tox|[from] psn\n|upkeep\n|turn|2\n|\n|t:|1700590229\n|switch|p1a: Arceus|Arceus|100\/100\n|move|p2a: Sableye|Knock Off|p1a: Arceus\n|-damage|p1a: Arceus|85\/100\n|-enditem|p1a: Arceus|Leftovers|[from] move: Knock Off|[of] p2a: Sableye\n|\n|upkeep\n|turn|3\n|\n|t:|1700590238\n|-terastallize|p1a: Arceus|Steel\n|move|p1a: Arceus|Ice Beam|p2a: Sableye\n|-damage|p2a: Sableye|76\/100\n|move|p2a: Sableye|Toxic|p1a: Arceus\n|-immune|p1a: Arceus\n|\n|upkeep\n|turn|4\n|\n|t:|1700590246\n|move|p1a: Arceus|Ice Beam|p2a: Sableye\n|-damage|p2a: Sableye|51\/100\n|move|p2a: Sableye|Knock Off|p1a: Arceus\n|-damage|p1a: Arceus|74\/100\n|\n|upkeep\n|turn|5\n|\n|t:|1700590256\n|switch|p2a: Skeledirge|Skeledirge, F|100\/100\n|move|p1a: Arceus|Ice Beam|p2a: Skeledirge\n|-resisted|p2a: Skeledirge\n|-damage|p2a: Skeledirge|91\/100\n|\n|-heal|p2a: Skeledirge|97\/100|[from] item: Leftovers\n|upkeep\n|turn|6\n|\n|t:|1700590266\n|switch|p1a: Salamence|Salamence, F|100\/100\n|-ability|p1a: Salamence|Intimidate|boost\n|-unboost|p2a: Skeledirge|atk|1\n|move|p2a: Skeledirge|Torch Song|p1a: Salamence\n|-resisted|p1a: Salamence\n|-damage|p1a: Salamence|82\/100\n|-boost|p2a: Skeledirge|spa|1\n|\n|-heal|p2a: Skeledirge|100\/100|[from] item: Leftovers\n|upkeep\n|turn|7\n|\n|t:|1700590278\n|detailschange|p1a: Salamence|Salamence-Mega, F\n|-mega|p1a: Salamence|Salamence|Salamencite\n|move|p1a: Salamence|Dragon Dance|p1a: Salamence\n|-boost|p1a: Salamence|atk|1\n|-boost|p1a: Salamence|spe|1\n|move|p2a: Skeledirge|Will-O-Wisp|p1a: Salamence\n|-status|p1a: Salamence|brn\n|\n|-damage|p1a: Salamence|75\/100 brn|[from] brn\n|upkeep\n|turn|8\n|\n|t:|1700590288\n|move|p1a: Salamence|Dragon Dance|p1a: Salamence\n|-boost|p1a: Salamence|atk|1\n|-boost|p1a: Salamence|spe|1\n|move|p2a: Skeledirge|Hex|p1a: Salamence\n|-damage|p1a: Salamence|0 fnt\n|faint|p1a: Salamence\n|\n|upkeep\n|\n|t:|1700590300\n|switch|p1a: Groudon|Groudon|100\/100\n|detailschange|p1a: Groudon|Groudon-Primal\n|-primal|p1a: Groudon|Red Orb\n|-weather|DesolateLand|[from] ability: Desolate Land|[of] p1a: Groudon\n|turn|9\n|\n|t:|1700590308\n|switch|p2a: Sableye|Sableye-Mega, F|51\/100\n|move|p1a: Groudon|Precipice Blades|p2a: Sableye\n|-damage|p2a: Sableye|0 fnt\n|faint|p2a: Sableye\n|\n|-weather|DesolateLand|[upkeep]\n|upkeep\n|\n|t:|1700590317\n|switch|p2a: Dracovish|Dracovish|100\/100\n|turn|10\n|\n|t:|1700590322\n|move|p2a: Dracovish|Outrage|p1a: Groudon\n|-damage|p1a: Groudon|58\/100\n|move|p1a: Groudon|Swords Dance|p1a: Groudon\n|-boost|p1a: Groudon|atk|2\n|\n|-weather|DesolateLand|[upkeep]\n|upkeep\n|turn|11\n|\n|t:|1700590328\n|move|p2a: Dracovish|Outrage|p1a: Groudon|[from]lockedmove\n|-damage|p1a: Groudon|14\/100\n|-start|p2a: Dracovish|confusion|[fatigue]\n|move|p1a: Groudon|Precipice Blades|p2a: Dracovish\n|-crit|p2a: Dracovish\n|-damage|p2a: Dracovish|0 fnt\n|faint|p2a: Dracovish\n|\n|-weather|DesolateLand|[upkeep]\n|upkeep\n|\n|t:|1700590341\n|switch|p2a: Skeledirge|Skeledirge, F|100\/100\n|turn|12\n|\n|t:|1700590347\n|move|p1a: Groudon|Fire Punch|p2a: Skeledirge\n|-resisted|p2a: Skeledirge\n|-damage|p2a: Skeledirge|70\/100\n|move|p2a: Skeledirge|Torch Song|p1a: Groudon\n|-resisted|p1a: Groudon\n|-damage|p1a: Groudon|0 fnt\n|-boost|p2a: Skeledirge|spa|1\n|faint|p1a: Groudon\n|-weather|none\n|\n|-heal|p2a: Skeledirge|76\/100|[from] item: Leftovers\n|upkeep\n|\n|t:|1700590364\n|switch|p1a: Deoxys|Deoxys-Speed|94\/100 tox\n|-ability|p1a: Deoxys|Pressure\n|turn|13\n|\n|t:|1700590369\n|move|p1a: Deoxys|Knock Off|p2a: Skeledirge\n|-supereffective|p2a: Skeledirge\n|-damage|p2a: Skeledirge|43\/100\n|-enditem|p2a: Skeledirge|Leftovers|[from] move: Knock Off|[of] p1a: Deoxys\n|move|p2a: Skeledirge|Will-O-Wisp||[still]\n|-fail|p2a: Skeledirge\n|\n|-damage|p1a: Deoxys|88\/100 tox|[from] psn\n|upkeep\n|turn|14\n|\n|t:|1700590378\n|move|p1a: Deoxys|Stealth Rock|p2a: Skeledirge\n|-sidestart|p2: Videogamer427|move: Stealth Rock\n|move|p2a: Skeledirge|Slack Off|p2a: Skeledirge\n|-heal|p2a: Skeledirge|93\/100\n|\n|-damage|p1a: Deoxys|75\/100 tox|[from] psn\n|upkeep\n|turn|15\n|\n|t:|1700590385\n|move|p1a: Deoxys|Spikes|p2a: Skeledirge\n|-sidestart|p2: Videogamer427|Spikes\n|move|p2a: Skeledirge|Torch Song|p1a: Deoxys\n|-damage|p1a: Deoxys|25\/100 tox\n|-boost|p2a: Skeledirge|spa|1\n|\n|-damage|p1a: Deoxys|6\/100 tox|[from] psn\n|upkeep\n|turn|16\n|\n|t:|1700590393\n|move|p1a: Deoxys|Knock Off|p2a: Skeledirge\n|-supereffective|p2a: Skeledirge\n|-crit|p2a: Skeledirge\n|-damage|p2a: Skeledirge|58\/100\n|move|p2a: Skeledirge|Torch Song|p1a: Deoxys\n|-damage|p1a: Deoxys|0 fnt\n|-boost|p2a: Skeledirge|spa|1\n|faint|p1a: Deoxys\n|\n|upkeep\n|\n|t:|1700590412\n|switch|p1a: Genesect|Genesect, shiny|100\/100\n|-ability|p1a: Genesect|Download|boost\n|-boost|p1a: Genesect|atk|1\n|turn|17\n|\n|t:|1700590420\n|move|p1a: Genesect|Extreme Speed|p2a: Skeledirge\n|-immune|p2a: Skeledirge\n|move|p2a: Skeledirge|Torch Song|p1a: Genesect\n|-supereffective|p1a: Genesect\n|-damage|p1a: Genesect|0 fnt\n|-boost|p2a: Skeledirge|spa|1\n|faint|p1a: Genesect\n|\n|upkeep\n|-message|Thomas Manseau 18 forfeited.\n|\n|win|Videogamer427\n|raw|Thomas Manseau 18's rating: 1162 &rarr; <strong>1129<\/strong><br \/>(-33 for losing)\n|raw|Videogamer427's rating: 1051 &rarr; <strong>1093<\/strong><br \/>(+42 for winning)\n|l|\u2606Thomas Manseau 18\n","uploadtime":1700590431,"views":0,"p1id":"thomasmanseau18","p2id":"videogamer427","formatid":"gen9nationaldexubers","rating":1093,"private":0,"password":""}