{"id":"gen9nationaldexubers-1997672038","p1":"Mudseph03","p2":"Tirad V","format":"[Gen 9] National Dex Ubers","log":"|j|\u2606Mudseph03\n|j|\u2606Tirad V\n|t:|1700840113\n|gametype|singles\n|player|p1|Mudseph03|red|1435\n|player|p2|Tirad V|marlon|1328\n|teamsize|p1|6\n|teamsize|p2|6\n|gen|9\n|tier|[Gen 9] National Dex Ubers\n|rated|\n|rule|HP Percentage Mod: HP is shown in percentages\n|rule|Endless Battle Clause: Forcing endless battles is banned\n|rule|OHKO Clause: OHKO moves are banned\n|rule|Evasion Moves Clause: Evasion moves are banned\n|rule|Evasion Items Clause: Evasion items are banned\n|rule|Species Clause: Limit one of each Pok\u00e9mon\n|rule|Sleep Clause Mod: Limit one foe put to sleep\n|rule|Mega Rayquaza Clause: You cannot mega evolve Rayquaza\n|clearpoke\n|poke|p1|Dragapult, M|\n|poke|p1|Kartana|\n|poke|p1|Aegislash, M|\n|poke|p1|Quagsire, M|\n|poke|p1|Heatran, M|\n|poke|p1|Togekiss, M|\n|poke|p2|Mewtwo|\n|poke|p2|Flutter Mane|\n|poke|p2|Marshadow|\n|poke|p2|Annihilape, F|\n|poke|p2|Kyogre|\n|poke|p2|Slurpuff, F|\n|teampreview\n|\n|t:|1700840119\n|start\n|switch|p1a: Saiko no Hero|Aegislash, M|100\/100\n|switch|p2a: Slurpuff|Slurpuff, F|100\/100\n|turn|1\n|\n|t:|1700840124\n|move|p2a: Slurpuff|Sticky Web|p1a: Saiko no Hero\n|-sidestart|p1: Mudseph03|move: Sticky Web\n|-formechange|p1a: Saiko no Hero|Aegislash-Blade||[from] ability: Stance Change\n|move|p1a: Saiko no Hero|Gyro Ball|p2a: Slurpuff\n|-supereffective|p2a: Slurpuff\n|-enditem|p2a: Slurpuff|Focus Sash\n|-damage|p2a: Slurpuff|1\/100\n|\n|upkeep\n|turn|2\n|\n|t:|1700840129\n|move|p1a: Saiko no Hero|Shadow Sneak|p2a: Slurpuff\n|-damage|p2a: Slurpuff|0 fnt\n|faint|p2a: Slurpuff\n|\n|upkeep\n|\n|t:|1700840135\n|switch|p2a: Kyogre|Kyogre|100\/100\n|detailschange|p2a: Kyogre|Kyogre-Primal\n|-primal|p2a: Kyogre|Blue Orb\n|-weather|PrimordialSea|[from] ability: Primordial Sea|[of] p2a: Kyogre\n|turn|3\n|\n|t:|1700840146\n|-formechange|p1a: Saiko no Hero|Aegislash||[from] ability: Stance Change\n|move|p1a: Saiko no Hero|King's Shield|p1a: Saiko no Hero\n|-singleturn|p1a: Saiko no Hero|Protect\n|move|p2a: Kyogre|Calm Mind|p2a: Kyogre\n|-boost|p2a: Kyogre|spa|1\n|-boost|p2a: Kyogre|spd|1\n|\n|-weather|PrimordialSea|[upkeep]\n|upkeep\n|turn|4\n|\n|t:|1700840154\n|move|p2a: Kyogre|Surf|p1a: Saiko no Hero\n|-damage|p1a: Saiko no Hero|0 fnt\n|faint|p1a: Saiko no Hero\n|\n|-weather|PrimordialSea|[upkeep]\n|upkeep\n|\n|t:|1700840215\n|switch|p1a: Godtana|Kartana|100\/100\n|-activate|p1a: Godtana|move: Sticky Web\n|-unboost|p1a: Godtana|spe|1\n|turn|5\n|\n|t:|1700840219\n|move|p1a: Godtana|Leaf Blade|p2a: Kyogre\n|-supereffective|p2a: Kyogre\n|-damage|p2a: Kyogre|0 fnt\n|faint|p2a: Kyogre\n|-weather|none\n|-ability|p1a: Godtana|Beast Boost|boost\n|-boost|p1a: Godtana|atk|1\n|\n|upkeep\n|\n|t:|1700840225\n|switch|p2a: Mewtwo|Mewtwo|100\/100\n|-ability|p2a: Mewtwo|Pressure\n|turn|6\n|\n|t:|1700840234\n|switch|p1a: Togefeits|Togekiss, M|100\/100\n|detailschange|p2a: Mewtwo|Mewtwo-Mega-Y\n|-mega|p2a: Mewtwo|Mewtwo|Mewtwonite Y\n|move|p2a: Mewtwo|Aura Sphere|p1a: Togefeits\n|-resisted|p1a: Togefeits\n|-damage|p1a: Togefeits|91\/100\n|\n|upkeep\n|turn|7\n|\n|t:|1700840239\n|move|p2a: Mewtwo|Nasty Plot|p2a: Mewtwo\n|-boost|p2a: Mewtwo|spa|2\n|move|p1a: Togefeits|Thunder Wave|p2a: Mewtwo\n|-status|p2a: Mewtwo|par\n|\n|upkeep\n|turn|8\n|\n|t:|1700840245\n|move|p1a: Togefeits|Air Slash|p2a: Mewtwo\n|-damage|p2a: Mewtwo|72\/100 par\n|cant|p2a: Mewtwo|flinch\n|\n|upkeep\n|turn|9\n|\n|t:|1700840249\n|move|p1a: Togefeits|Air Slash|p2a: Mewtwo\n|-damage|p2a: Mewtwo|40\/100 par\n|move|p2a: Mewtwo|Psystrike|p1a: Togefeits\n|-crit|p1a: Togefeits\n|-damage|p1a: Togefeits|0 fnt\n|faint|p1a: Togefeits\n|\n|upkeep\n|\n|t:|1700840258\n|switch|p1a: Draga-sama|Dragapult, M|100\/100\n|turn|10\n|\n|t:|1700840261\n|move|p1a: Draga-sama|Hex|p2a: Mewtwo\n|-supereffective|p2a: Mewtwo\n|-damage|p2a: Mewtwo|0 fnt\n|faint|p2a: Mewtwo\n|\n|upkeep\n|\n|t:|1700840266\n|switch|p2a: Annihilape|Annihilape, F|100\/100\n|turn|11\n|\n|t:|1700840271\n|-terastallize|p1a: Draga-sama|Fairy\n|-terastallize|p2a: Annihilape|Fire\n|move|p1a: Draga-sama|Will-O-Wisp|p2a: Annihilape\n|-immune|p2a: Annihilape\n|move|p2a: Annihilape|Bulk Up|p2a: Annihilape\n|-boost|p2a: Annihilape|atk|1\n|-boost|p2a: Annihilape|def|1\n|\n|upkeep\n|turn|12\n|\n|t:|1700840283\n|switch|p1a: Puyolsire|Quagsire, M|100\/100\n|-activate|p1a: Puyolsire|move: Sticky Web\n|-unboost|p1a: Puyolsire|spe|1\n|move|p2a: Annihilape|Bulk Up|p2a: Annihilape\n|-boost|p2a: Annihilape|atk|1\n|-boost|p2a: Annihilape|def|1\n|\n|upkeep\n|turn|13\n|\n|t:|1700840288\n|move|p2a: Annihilape|Drain Punch|p1a: Puyolsire\n|-damage|p1a: Puyolsire|71\/100\n|move|p1a: Puyolsire|Toxic|p2a: Annihilape\n|-status|p2a: Annihilape|tox\n|\n|-heal|p1a: Puyolsire|77\/100|[from] item: Leftovers\n|-damage|p2a: Annihilape|94\/100 tox|[from] psn\n|upkeep\n|turn|14\n|\n|t:|1700840294\n|switch|p2a: Flutter Mane|Flutter Mane|100\/100\n|move|p1a: Puyolsire|Spikes|p2a: Flutter Mane\n|-sidestart|p2: Tirad V|Spikes\n|\n|-heal|p1a: Puyolsire|83\/100|[from] item: Leftovers\n|upkeep\n|turn|15\n|\n|t:|1700840302\n|switch|p1a: Christran|Heatran, M|100\/100\n|-activate|p1a: Christran|move: Sticky Web\n|-unboost|p1a: Christran|spe|1\n|move|p2a: Flutter Mane|Moonblast|p1a: Christran\n|-resisted|p1a: Christran\n|-damage|p1a: Christran|95\/100\n|-unboost|p1a: Christran|spa|1\n|\n|upkeep\n|turn|16\n|\n|t:|1700840309\n|-end|p2a: Flutter Mane|Protosynthesis|[silent]\n|switch|p2a: Annihilape|Annihilape, F, tera:Fire|94\/100 tox\n|-damage|p2a: Annihilape|82\/100 tox|[from] Spikes\n|move|p1a: Christran|Flash Cannon|p2a: Annihilape\n|-resisted|p2a: Annihilape\n|-damage|p2a: Annihilape|70\/100 tox\n|\n|-heal|p2a: Annihilape|76\/100 tox|[from] item: Leftovers\n|-damage|p2a: Annihilape|70\/100 tox|[from] psn\n|upkeep\n|turn|17\n|\n|t:|1700840315\n|switch|p1a: Puyolsire|Quagsire, M|83\/100\n|-activate|p1a: Puyolsire|move: Sticky Web\n|-unboost|p1a: Puyolsire|spe|1\n|move|p2a: Annihilape|Drain Punch|p1a: Puyolsire\n|-damage|p1a: Puyolsire|57\/100\n|-heal|p2a: Annihilape|82\/100 tox|[from] drain|[of] p1a: Puyolsire\n|\n|-heal|p2a: Annihilape|88\/100 tox|[from] item: Leftovers\n|-heal|p1a: Puyolsire|63\/100|[from] item: Leftovers\n|-damage|p2a: Annihilape|76\/100 tox|[from] psn\n|upkeep\n|turn|18\n|\n|t:|1700840321\n|move|p2a: Annihilape|Drain Punch|p1a: Puyolsire\n|-damage|p1a: Puyolsire|37\/100\n|-heal|p2a: Annihilape|88\/100 tox|[from] drain|[of] p1a: Puyolsire\n|move|p1a: Puyolsire|Recover|p1a: Puyolsire\n|-heal|p1a: Puyolsire|87\/100\n|\n|-heal|p2a: Annihilape|94\/100 tox|[from] item: Leftovers\n|-heal|p1a: Puyolsire|93\/100|[from] item: Leftovers\n|-damage|p2a: Annihilape|75\/100 tox|[from] psn\n|upkeep\n|turn|19\n|\n|t:|1700840326\n|move|p2a: Annihilape|Drain Punch|p1a: Puyolsire\n|-damage|p1a: Puyolsire|63\/100\n|-heal|p2a: Annihilape|89\/100 tox|[from] drain|[of] p1a: Puyolsire\n|move|p1a: Puyolsire|Spikes|p2a: Annihilape\n|-sidestart|p2: Tirad V|Spikes\n|\n|-heal|p2a: Annihilape|95\/100 tox|[from] item: Leftovers\n|-heal|p1a: Puyolsire|69\/100|[from] item: Leftovers\n|-damage|p2a: Annihilape|71\/100 tox|[from] psn\n|upkeep\n|turn|20\n|\n|t:|1700840335\n|switch|p2a: Flutter Mane|Flutter Mane|100\/100\n|-damage|p2a: Flutter Mane|84\/100|[from] Spikes\n|move|p1a: Puyolsire|Spikes|p2a: Flutter Mane\n|-sidestart|p2: Tirad V|Spikes\n|\n|-heal|p1a: Puyolsire|75\/100|[from] item: Leftovers\n|upkeep\n|turn|21\n|\n|t:|1700840341\n|switch|p1a: Godtana|Kartana|100\/100\n|-activate|p1a: Godtana|move: Sticky Web\n|-unboost|p1a: Godtana|spe|1\n|move|p2a: Flutter Mane|Shadow Ball|p1a: Godtana\n|-damage|p1a: Godtana|0 fnt\n|faint|p1a: Godtana\n|\n|upkeep\n|\n|t:|1700840350\n|switch|p1a: Draga-sama|Dragapult, M, tera:Fairy|100\/100\n|turn|22\n|\n|t:|1700840361\n|move|p2a: Flutter Mane|Shadow Ball|p1a: Draga-sama\n|-damage|p1a: Draga-sama|40\/100\n|move|p1a: Draga-sama|Will-O-Wisp|p2a: Flutter Mane\n|-status|p2a: Flutter Mane|brn\n|\n|-damage|p2a: Flutter Mane|78\/100 brn|[from] brn\n|upkeep\n|turn|23\n|\n|t:|1700840367\n|switch|p1a: Christran|Heatran, M|95\/100\n|-activate|p1a: Christran|move: Sticky Web\n|-unboost|p1a: Christran|spe|1\n|move|p2a: Flutter Mane|Shadow Ball|p1a: Christran\n|-damage|p1a: Christran|76\/100\n|\n|-damage|p2a: Flutter Mane|72\/100 brn|[from] brn\n|upkeep\n|turn|24\n|\n|t:|1700840377\n|-end|p2a: Flutter Mane|Protosynthesis|[silent]\n|switch|p2a: Annihilape|Annihilape, F, tera:Fire|71\/100 tox\n|-damage|p2a: Annihilape|46\/100 tox|[from] Spikes\n|move|p1a: Christran|Magma Storm|p2a: Annihilape|[miss]\n|-miss|p1a: Christran|p2a: Annihilape\n|\n|-heal|p2a: Annihilape|52\/100 tox|[from] item: Leftovers\n|-damage|p2a: Annihilape|46\/100 tox|[from] psn\n|upkeep\n|turn|25\n|\n|t:|1700840384\n|switch|p1a: Puyolsire|Quagsire, M|75\/100\n|-activate|p1a: Puyolsire|move: Sticky Web\n|-unboost|p1a: Puyolsire|spe|1\n|move|p2a: Annihilape|Drain Punch|p1a: Puyolsire\n|-damage|p1a: Puyolsire|48\/100\n|-heal|p2a: Annihilape|58\/100 tox|[from] drain|[of] p1a: Puyolsire\n|\n|-heal|p2a: Annihilape|64\/100 tox|[from] item: Leftovers\n|-heal|p1a: Puyolsire|54\/100|[from] item: Leftovers\n|-damage|p2a: Annihilape|52\/100 tox|[from] psn\n|upkeep\n|turn|26\n|\n|t:|1700840392\n|move|p2a: Annihilape|Drain Punch|p1a: Puyolsire\n|-damage|p1a: Puyolsire|25\/100\n|-heal|p2a: Annihilape|65\/100 tox|[from] drain|[of] p1a: Puyolsire\n|move|p1a: Puyolsire|Recover|p1a: Puyolsire\n|-heal|p1a: Puyolsire|75\/100\n|\n|-heal|p2a: Annihilape|71\/100 tox|[from] item: Leftovers\n|-heal|p1a: Puyolsire|82\/100|[from] item: Leftovers\n|-damage|p2a: Annihilape|53\/100 tox|[from] psn\n|upkeep\n|turn|27\n|\n|t:|1700840398\n|move|p2a: Annihilape|Drain Punch|p1a: Puyolsire\n|-damage|p1a: Puyolsire|53\/100\n|-heal|p2a: Annihilape|66\/100 tox|[from] drain|[of] p1a: Puyolsire\n|move|p1a: Puyolsire|Earthquake|p2a: Annihilape\n|-supereffective|p2a: Annihilape\n|-damage|p2a: Annihilape|11\/100 tox\n|\n|-heal|p2a: Annihilape|17\/100 tox|[from] item: Leftovers\n|-heal|p1a: Puyolsire|59\/100|[from] item: Leftovers\n|-damage|p2a: Annihilape|0 fnt|[from] psn\n|faint|p2a: Annihilape\n|upkeep\n|\n|t:|1700840406\n|switch|p2a: Flutter Mane|Flutter Mane|72\/100 brn\n|-damage|p2a: Flutter Mane|48\/100 brn|[from] Spikes\n|turn|28\n|\n|t:|1700840411\n|switch|p1a: Christran|Heatran, M|76\/100\n|-activate|p1a: Christran|move: Sticky Web\n|-unboost|p1a: Christran|spe|1\n|move|p2a: Flutter Mane|Moonblast|p1a: Christran\n|-resisted|p1a: Christran\n|-damage|p1a: Christran|70\/100\n|\n|-damage|p2a: Flutter Mane|42\/100 brn|[from] brn\n|upkeep\n|turn|29\n|\n|t:|1700840416\n|-end|p2a: Flutter Mane|Protosynthesis|[silent]\n|switch|p2a: Marshadow|Marshadow|100\/100\n|-damage|p2a: Marshadow|76\/100|[from] Spikes\n|move|p1a: Christran|Magma Storm|p2a: Marshadow\n|-damage|p2a: Marshadow|21\/100\n|-activate|p2a: Marshadow|move: Magma Storm|[of] p1a: Christran\n|\n|-damage|p2a: Marshadow|9\/100|[from] move: Magma Storm|[partiallytrapped]\n|upkeep\n|turn|30\n|\n|t:|1700840431\n|switch|p1a: Draga-sama|Dragapult, M, tera:Fairy|40\/100\n|move|p2a: Marshadow|Spectral Thief|p1a: Draga-sama\n|-damage|p1a: Draga-sama|0 fnt\n|faint|p1a: Draga-sama\n|\n|-end|p2a: Marshadow|Magma Storm|[partiallytrapped]|[silent]\n|upkeep\n|\n|t:|1700840433\n|switch|p1a: Puyolsire|Quagsire, M|59\/100\n|-activate|p1a: Puyolsire|move: Sticky Web\n|-unboost|p1a: Puyolsire|spe|1\n|turn|31\n|\n|t:|1700840441\n|move|p2a: Marshadow|Spectral Thief|p1a: Puyolsire\n|-damage|p1a: Puyolsire|25\/100\n|move|p1a: Puyolsire|Earthquake|p2a: Marshadow\n|-damage|p2a: Marshadow|0 fnt\n|faint|p2a: Marshadow\n|\n|-heal|p1a: Puyolsire|31\/100|[from] item: Leftovers\n|upkeep\n|\n|t:|1700840447\n|switch|p2a: Flutter Mane|Flutter Mane|42\/100 brn\n|-damage|p2a: Flutter Mane|17\/100 brn|[from] Spikes\n|turn|32\n|\n|t:|1700840451\n|move|p2a: Flutter Mane|Shadow Ball|p1a: Puyolsire\n|-damage|p1a: Puyolsire|0 fnt\n|faint|p1a: Puyolsire\n|\n|-damage|p2a: Flutter Mane|11\/100 brn|[from] brn\n|upkeep\n|c|\u2606Mudseph03|Gg\n|\n|t:|1700840458\n|switch|p1a: Christran|Heatran, M|70\/100\n|-activate|p1a: Christran|move: Sticky Web\n|-unboost|p1a: Christran|spe|1\n|turn|33\n|\n|t:|1700840461\n|move|p2a: Flutter Mane|Shadow Ball|p1a: Christran\n|-damage|p1a: Christran|50\/100\n|move|p1a: Christran|Flash Cannon|p2a: Flutter Mane\n|-supereffective|p2a: Flutter Mane\n|-damage|p2a: Flutter Mane|0 fnt\n|faint|p2a: Flutter Mane\n|-end|p2a: Flutter Mane|Protosynthesis|[silent]\n|\n|win|Mudseph03\n|raw|Mudseph03's rating: 1435 &rarr; <strong>1449<\/strong><br \/>(+14 for winning)\n|raw|Tirad V's rating: 1328 &rarr; <strong>1314<\/strong><br \/>(-14 for losing)\n|l|\u2606Tirad V\n","uploadtime":1700840807,"views":4,"p1id":"mudseph03","p2id":"tiradv","formatid":"gen9nationaldexubers","rating":1314,"private":0,"password":""}