{"id":"gen9nationaldexubers-1996912780","p1":"Braquelo","p2":"Alvithesenior","format":"[Gen 9] National Dex Ubers","log":"|j|\u2606Braquelo\n|j|\u203dAlvithesenior\n|t:|1700743968\n|gametype|singles\n|player|p1|Braquelo|raihan|1282\n|player|p2|Alvithesenior|cynthia-gen4|1209\n|teamsize|p1|6\n|teamsize|p2|6\n|gen|9\n|tier|[Gen 9] National Dex Ubers\n|rated|\n|rule|HP Percentage Mod: HP is shown in percentages\n|rule|Endless Battle Clause: Forcing endless battles is banned\n|rule|OHKO Clause: OHKO moves are banned\n|rule|Evasion Moves Clause: Evasion moves are banned\n|rule|Evasion Items Clause: Evasion items are banned\n|rule|Species Clause: Limit one of each Pok\u00e9mon\n|rule|Sleep Clause Mod: Limit one foe put to sleep\n|rule|Mega Rayquaza Clause: You cannot mega evolve Rayquaza\n|clearpoke\n|poke|p1|Kingambit, M|\n|poke|p1|Sableye, M|\n|poke|p1|Hydreigon, M|\n|poke|p1|Grimmsnarl, M|\n|poke|p1|Mandibuzz, F|\n|poke|p1|Overqwil, M|\n|poke|p2|Landorus-Therian, M|\n|poke|p2|Dragapult, M|\n|poke|p2|Breloom, M|\n|poke|p2|Toxapex, M|\n|poke|p2|Corviknight, M|\n|poke|p2|Hatterene, F|\n|teampreview\n|\n|t:|1700743995\n|start\n|switch|p1a: Sableye|Sableye, M|100\/100\n|switch|p2a: Corviknight|Corviknight, M, shiny|100\/100\n|-ability|p2a: Corviknight|Pressure\n|turn|1\n|\n|t:|1700744014\n|switch|p2a: Hatterene|Hatterene, F|100\/100\n|detailschange|p1a: Sableye|Sableye-Mega, M\n|-mega|p1a: Sableye|Sableye|Sablenite\n|move|p1a: Sableye|Will-O-Wisp|p2a: Hatterene\n|move|p2a: Hatterene|Will-O-Wisp|p1a: Sableye|[from]ability: Magic Bounce\n|-status|p1a: Sableye|brn\n|\n|-damage|p1a: Sableye|95\/100 brn|[from] brn\n|upkeep\n|turn|2\n|\n|t:|1700744039\n|switch|p1a: Overqwil|Overqwil, M|100\/100\n|-ability|p1a: Overqwil|Intimidate|boost\n|-unboost|p2a: Hatterene|atk|1\n|move|p2a: Hatterene|Calm Mind|p2a: Hatterene\n|-boost|p2a: Hatterene|spa|1\n|-boost|p2a: Hatterene|spd|1\n|\n|upkeep\n|turn|3\n|\n|t:|1700744049\n|move|p1a: Overqwil|Barb Barrage|p2a: Hatterene\n|-supereffective|p2a: Hatterene\n|-damage|p2a: Hatterene|46\/100\n|-status|p2a: Hatterene|psn\n|move|p2a: Hatterene|Draining Kiss|p1a: Overqwil\n|-damage|p1a: Overqwil|69\/100\n|-heal|p2a: Hatterene|73\/100 psn|[from] drain|[of] p1a: Overqwil\n|\n|-heal|p2a: Hatterene|79\/100 psn|[from] item: Leftovers\n|-damage|p2a: Hatterene|67\/100 psn|[from] psn\n|upkeep\n|turn|4\n|\n|t:|1700744075\n|move|p1a: Overqwil|Barb Barrage|p2a: Hatterene\n|-supereffective|p2a: Hatterene\n|-damage|p2a: Hatterene|0 fnt\n|faint|p2a: Hatterene\n|\n|upkeep\n|\n|t:|1700744079\n|switch|p2a: Landorus|Landorus-Therian, M|100\/100\n|-ability|p2a: Landorus|Intimidate|boost\n|-unboost|p1a: Overqwil|atk|1\n|turn|5\n|\n|t:|1700744085\n|switch|p1a: Sableye|Sableye-Mega, M|95\/100 brn\n|move|p2a: Landorus|Earthquake|p1a: Sableye\n|-damage|p1a: Sableye|46\/100 brn\n|\n|-damage|p1a: Sableye|40\/100 brn|[from] brn\n|upkeep\n|turn|6\n|\n|t:|1700744102\n|switch|p2a: Corviknight|Corviknight, M, shiny|100\/100\n|-ability|p2a: Corviknight|Pressure\n|switch|p1a: Hydreigon|Hydreigon, M|100\/100\n|\n|upkeep\n|turn|7\n|\n|t:|1700744113\n|switch|p2a: Toxapex|Toxapex, M|100\/100\n|move|p1a: Hydreigon|Flamethrower|p2a: Toxapex\n|-resisted|p2a: Toxapex\n|-damage|p2a: Toxapex|88\/100\n|\n|-heal|p2a: Toxapex|95\/100|[from] item: Black Sludge\n|upkeep\n|turn|8\n|\n|t:|1700744126\n|switch|p1a: Grimmsnarl|Grimmsnarl, M|100\/100\n|move|p2a: Toxapex|Toxic|p1a: Grimmsnarl\n|-status|p1a: Grimmsnarl|tox\n|\n|-heal|p2a: Toxapex|100\/100|[from] item: Black Sludge\n|-damage|p1a: Grimmsnarl|94\/100 tox|[from] psn\n|upkeep\n|turn|9\n|\n|t:|1700744131\n|move|p1a: Grimmsnarl|Light Screen|p1a: Grimmsnarl\n|-sidestart|p1: Braquelo|move: Light Screen\n|move|p2a: Toxapex|Scald|p1a: Grimmsnarl\n|-damage|p1a: Grimmsnarl|89\/100 tox\n|\n|-damage|p1a: Grimmsnarl|76\/100 tox|[from] psn\n|upkeep\n|turn|10\n|\n|t:|1700744135\n|switch|p2a: Corviknight|Corviknight, M, shiny|100\/100\n|-ability|p2a: Corviknight|Pressure\n|move|p1a: Grimmsnarl|Reflect|p1a: Grimmsnarl\n|-sidestart|p1: Braquelo|Reflect\n|\n|-damage|p1a: Grimmsnarl|58\/100 tox|[from] psn\n|upkeep\n|turn|11\n|\n|t:|1700744145\n|switch|p1a: Mandibuzz|Mandibuzz, F|100\/100\n|move|p2a: Corviknight|Defog|p1a: Mandibuzz\n|-unboost|p1a: Mandibuzz|evasion|1\n|-sideend|p1: Braquelo|Reflect\n|-sideend|p1: Braquelo|move: Light Screen\n|\n|upkeep\n|turn|12\n|\n|t:|1700744166\n|move|p1a: Mandibuzz|U-turn|p2a: Corviknight\n|-resisted|p2a: Corviknight\n|-damage|p2a: Corviknight|99\/100\n|-damage|p1a: Mandibuzz|84\/100|[from] item: Rocky Helmet|[of] p2a: Corviknight\n|\n|t:|1700744177\n|switch|p1a: Sableye|Sableye-Mega, M|40\/100 brn|[from] U-turn\n|move|p2a: Corviknight|U-turn|p1a: Sableye\n|-damage|p1a: Sableye|26\/100 brn\n|\n|t:|1700744195\n|switch|p2a: Breloom|Breloom, M|100\/100|[from] U-turn\n|\n|-damage|p1a: Sableye|20\/100 brn|[from] brn\n|upkeep\n|turn|13\n|\n|t:|1700744204\n|move|p2a: Breloom|Bullet Seed|p1a: Sableye\n|-damage|p1a: Sableye|0 fnt\n|faint|p1a: Sableye\n|-hitcount|p1: Sableye|1\n|\n|upkeep\n|\n|t:|1700744212\n|switch|p1a: Overqwil|Overqwil, M|69\/100\n|-ability|p1a: Overqwil|Intimidate|boost\n|-unboost|p2a: Breloom|atk|1\n|turn|14\n|\n|t:|1700744232\n|move|p2a: Breloom|Spore|p1a: Overqwil\n|-status|p1a: Overqwil|slp|[from] move: Spore\n|cant|p1a: Overqwil|slp\n|\n|upkeep\n|turn|15\n|\n|t:|1700744237\n|move|p2a: Breloom|Mach Punch|p1a: Overqwil\n|-damage|p1a: Overqwil|46\/100 slp\n|-curestatus|p1a: Overqwil|slp|[msg]\n|move|p1a: Overqwil|Barb Barrage|p2a: Breloom\n|-supereffective|p2a: Breloom\n|-enditem|p2a: Breloom|Focus Sash\n|-damage|p2a: Breloom|1\/100\n|\n|upkeep\n|turn|16\n|\n|t:|1700744242\n|move|p1a: Overqwil|Aqua Jet|p2a: Breloom\n|-resisted|p2a: Breloom\n|-damage|p2a: Breloom|0 fnt\n|faint|p2a: Breloom\n|\n|upkeep\n|\n|t:|1700744246\n|switch|p2a: Landorus|Landorus-Therian, M|100\/100\n|-ability|p2a: Landorus|Intimidate|boost\n|-unboost|p1a: Overqwil|atk|1\n|turn|17\n|\n|t:|1700744251\n|switch|p1a: Mandibuzz|Mandibuzz, F|84\/100\n|move|p2a: Landorus|Earthquake|p1a: Mandibuzz\n|-immune|p1a: Mandibuzz\n|\n|upkeep\n|turn|18\n|\n|t:|1700744256\n|switch|p2a: Toxapex|Toxapex, M|100\/100\n|move|p1a: Mandibuzz|U-turn|p2a: Toxapex\n|-resisted|p2a: Toxapex\n|-crit|p2a: Toxapex\n|-damage|p2a: Toxapex|95\/100\n|\n|t:|1700744266\n|switch|p1a: Grimmsnarl|Grimmsnarl, M|58\/100 tox|[from] U-turn\n|\n|-heal|p2a: Toxapex|100\/100|[from] item: Black Sludge\n|-damage|p1a: Grimmsnarl|52\/100 tox|[from] psn\n|upkeep\n|turn|19\n|\n|t:|1700744271\n|switch|p2a: Corviknight|Corviknight, M, shiny|99\/100\n|-ability|p2a: Corviknight|Pressure\n|move|p1a: Grimmsnarl|Light Screen|p1a: Grimmsnarl\n|-sidestart|p1: Braquelo|move: Light Screen\n|\n|-damage|p1a: Grimmsnarl|40\/100 tox|[from] psn\n|upkeep\n|turn|20\n|\n|t:|1700744273\n|move|p1a: Grimmsnarl|Taunt|p2a: Corviknight\n|-start|p2a: Corviknight|move: Taunt\n|cant|p2a: Corviknight|move: Taunt|Defog\n|\n|-damage|p1a: Grimmsnarl|22\/100 tox|[from] psn\n|upkeep\n|turn|21\n|\n|t:|1700744294\n|move|p1a: Grimmsnarl|Reflect|p1a: Grimmsnarl\n|-sidestart|p1: Braquelo|Reflect\n|move|p2a: Corviknight|U-turn|p1a: Grimmsnarl\n|-damage|p1a: Grimmsnarl|13\/100 tox\n|\n|t:|1700744299\n|switch|p2a: Landorus|Landorus-Therian, M|100\/100|[from] U-turn\n|-ability|p2a: Landorus|Intimidate|boost\n|-unboost|p1a: Grimmsnarl|atk|1\n|\n|-damage|p1a: Grimmsnarl|0 fnt|[from] psn\n|faint|p1a: Grimmsnarl\n|upkeep\n|inactive|Battle timer is ON: inactive players will automatically lose when time's up. (requested by Alvithesenior)\n|\n|t:|1700744322\n|switch|p1a: Kingambit|Kingambit, M|100\/100\n|-activate|p1a: Kingambit|ability: Supreme Overlord\n|-start|p1a: Kingambit|fallen2|[silent]\n|turn|22\n|\n|t:|1700744330\n|-terastallize|p1a: Kingambit|Flying\n|move|p2a: Landorus|Knock Off|p1a: Kingambit\n|-damage|p1a: Kingambit|88\/100\n|-enditem|p1a: Kingambit|Punching Glove|[from] move: Knock Off|[of] p2a: Landorus\n|move|p1a: Kingambit|Swords Dance|p1a: Kingambit\n|-boost|p1a: Kingambit|atk|2\n|\n|upkeep\n|turn|23\n|\n|t:|1700744341\n|switch|p2a: Toxapex|Toxapex, M|100\/100\n|move|p1a: Kingambit|Kowtow Cleave|p2a: Toxapex\n|-damage|p2a: Toxapex|25\/100\n|\n|-heal|p2a: Toxapex|31\/100|[from] item: Black Sludge\n|upkeep\n|turn|24\n|inactive|Braquelo has 120 seconds left.\n|\n|t:|1700744374\n|switch|p2a: Corviknight|Corviknight, M, shiny|99\/100\n|-ability|p2a: Corviknight|Pressure\n|move|p1a: Kingambit|Kowtow Cleave|p2a: Corviknight\n|-damage|p2a: Corviknight|23\/100\n|-damage|p1a: Kingambit|72\/100|[from] item: Rocky Helmet|[of] p2a: Corviknight\n|\n|upkeep\n|turn|25\n|inactive|Braquelo has 120 seconds left.\n|\n|t:|1700744407\n|move|p2a: Corviknight|Defog|p1a: Kingambit\n|-unboost|p1a: Kingambit|evasion|1\n|-sideend|p1: Braquelo|Reflect\n|-sideend|p1: Braquelo|move: Light Screen\n|move|p1a: Kingambit|Swords Dance|p1a: Kingambit\n|-boost|p1a: Kingambit|atk|2\n|\n|upkeep\n|turn|26\n|\n|t:|1700744416\n|move|p1a: Kingambit|Sucker Punch|p2a: Corviknight\n|-damage|p2a: Corviknight|0 fnt\n|-damage|p1a: Kingambit|55\/100|[from] item: Rocky Helmet|[of] p2a: Corviknight\n|faint|p2a: Corviknight\n|\n|upkeep\n|\n|t:|1700744428\n|switch|p2a: Landorus|Landorus-Therian, M|100\/100\n|-ability|p2a: Landorus|Intimidate|boost\n|-unboost|p1a: Kingambit|atk|1\n|turn|27\n|\n|t:|1700744441\n|move|p2a: Landorus|Stone Edge|p1a: Kingambit\n|-supereffective|p1a: Kingambit\n|-damage|p1a: Kingambit|0 fnt\n|faint|p1a: Kingambit\n|-end|p1a: Kingambit|fallen2|[silent]\n|\n|upkeep\n|\n|t:|1700744448\n|switch|p1a: Overqwil|Overqwil, M|46\/100\n|-ability|p1a: Overqwil|Intimidate|boost\n|-unboost|p2a: Landorus|atk|1\n|turn|28\n|\n|t:|1700744454\n|move|p2a: Landorus|Stone Edge|p1a: Overqwil|[miss]\n|-miss|p2a: Landorus|p1a: Overqwil\n|move|p1a: Overqwil|Crunch|p2a: Landorus\n|-damage|p2a: Landorus|52\/100\n|-unboost|p2a: Landorus|def|1\n|\n|upkeep\n|turn|29\n|inactive|Braquelo has 120 seconds left.\n|\n|t:|1700744466\n|switch|p2a: Toxapex|Toxapex, M|64\/100\n|move|p1a: Overqwil|Crunch|p2a: Toxapex\n|-crit|p2a: Toxapex\n|-damage|p2a: Toxapex|25\/100\n|\n|-heal|p2a: Toxapex|31\/100|[from] item: Black Sludge\n|upkeep\n|turn|30\n|\n|t:|1700744470\n|move|p1a: Overqwil|Crunch|p2a: Toxapex\n|-damage|p2a: Toxapex|6\/100\n|move|p2a: Toxapex|Recover|p2a: Toxapex\n|-heal|p2a: Toxapex|56\/100\n|\n|-heal|p2a: Toxapex|62\/100|[from] item: Black Sludge\n|upkeep\n|turn|31\n|\n|t:|1700744476\n|switch|p1a: Hydreigon|Hydreigon, M|100\/100\n|move|p2a: Toxapex|Recover|p2a: Toxapex\n|-heal|p2a: Toxapex|100\/100\n|\n|upkeep\n|turn|32\n|\n|t:|1700744479\n|move|p1a: Hydreigon|Earth Power|p2a: Toxapex\n|-supereffective|p2a: Toxapex\n|-damage|p2a: Toxapex|47\/100\n|move|p2a: Toxapex|Toxic|p1a: Hydreigon\n|-status|p1a: Hydreigon|tox\n|\n|-heal|p2a: Toxapex|53\/100|[from] item: Black Sludge\n|-damage|p1a: Hydreigon|94\/100 tox|[from] psn\n|upkeep\n|turn|33\n|inactive|Alvithesenior has 120 seconds left.\n|\n|t:|1700744529\n|move|p1a: Hydreigon|Earth Power|p2a: Toxapex\n|-supereffective|p2a: Toxapex\n|-damage|p2a: Toxapex|0 fnt\n|faint|p2a: Toxapex\n|\n|-damage|p1a: Hydreigon|82\/100 tox|[from] psn\n|upkeep\n|\n|t:|1700744534\n|switch|p2a: Landorus|Landorus-Therian, M|52\/100\n|-ability|p2a: Landorus|Intimidate|boost\n|-unboost|p1a: Hydreigon|atk|1\n|turn|34\n|\n|t:|1700744540\n|switch|p1a: Mandibuzz|Mandibuzz, F|84\/100\n|move|p2a: Landorus|Knock Off|p1a: Mandibuzz\n|-resisted|p1a: Mandibuzz\n|-damage|p1a: Mandibuzz|74\/100\n|-enditem|p1a: Mandibuzz|Heavy-Duty Boots|[from] move: Knock Off|[of] p2a: Landorus\n|\n|upkeep\n|turn|35\n|\n|t:|1700744548\n|switch|p2a: Dragapult|Dragapult, M, shiny|100\/100\n|move|p1a: Mandibuzz|Foul Play|p2a: Dragapult\n|-supereffective|p2a: Dragapult\n|-damage|p2a: Dragapult|0 fnt\n|faint|p2a: Dragapult\n|\n|upkeep\n|\n|t:|1700744555\n|switch|p2a: Landorus|Landorus-Therian, M|52\/100\n|-ability|p2a: Landorus|Intimidate|boost\n|-unboost|p1a: Mandibuzz|atk|1\n|turn|36\n|\n|t:|1700744561\n|move|p2a: Landorus|Stone Edge|p1a: Mandibuzz\n|-supereffective|p1a: Mandibuzz\n|-damage|p1a: Mandibuzz|33\/100\n|move|p1a: Mandibuzz|Roost|p1a: Mandibuzz\n|-heal|p1a: Mandibuzz|83\/100\n|-singleturn|p1a: Mandibuzz|move: Roost\n|\n|upkeep\n|turn|37\n|\n|t:|1700744565\n|switch|p1a: Overqwil|Overqwil, M|46\/100\n|-ability|p1a: Overqwil|Intimidate|boost\n|-unboost|p2a: Landorus|atk|1\n|move|p2a: Landorus|Stone Edge|p1a: Overqwil|[miss]\n|-miss|p2a: Landorus|p1a: Overqwil\n|\n|upkeep\n|turn|38\n|\n|t:|1700744573\n|move|p2a: Landorus|Stone Edge|p1a: Overqwil\n|-damage|p1a: Overqwil|23\/100\n|move|p1a: Overqwil|Liquidation|p2a: Landorus\n|-supereffective|p2a: Landorus\n|-damage|p2a: Landorus|0 fnt\n|faint|p2a: Landorus\n|\n|win|Braquelo\n|raw|Braquelo's rating: 1282 &rarr; <strong>1302<\/strong><br \/>(+20 for winning)\n|raw|Alvithesenior's rating: 1209 &rarr; <strong>1189<\/strong><br \/>(-20 for losing)\n|l|\u203dAlvithesenior\n","uploadtime":1700744584,"views":1,"p1id":"braquelo","p2id":"alvithesenior","formatid":"gen9nationaldexubers","rating":1189,"private":0,"password":""}