{"id":"gen9nationaldexubers-1995712780","p1":"XanderHaki","p2":"AyNegan","format":"[Gen 9] National Dex Ubers","log":"|j|\u2606XanderHaki\n|j|\u2606AyNegan\n|t:|1700596220\n|gametype|singles\n|player|p1|XanderHaki|red|1064\n|player|p2|AyNegan|169|1168\n|teamsize|p1|6\n|teamsize|p2|6\n|gen|9\n|tier|[Gen 9] National Dex Ubers\n|rated|\n|rule|HP Percentage Mod: HP is shown in percentages\n|rule|Endless Battle Clause: Forcing endless battles is banned\n|rule|OHKO Clause: OHKO moves are banned\n|rule|Evasion Moves Clause: Evasion moves are banned\n|rule|Evasion Items Clause: Evasion items are banned\n|rule|Species Clause: Limit one of each Pok\u00e9mon\n|rule|Sleep Clause Mod: Limit one foe put to sleep\n|rule|Mega Rayquaza Clause: You cannot mega evolve Rayquaza\n|clearpoke\n|poke|p1|Blaziken, M|\n|poke|p1|Volcarona, M|\n|poke|p1|Ceruledge, M|\n|poke|p1|Iron Moth|\n|poke|p1|Skeledirge, M|\n|poke|p1|Charizard, F|\n|poke|p2|Weavile, M|\n|poke|p2|Venusaur, F|\n|poke|p2|Kommo-o, F|\n|poke|p2|Grimmsnarl, M|\n|poke|p2|Ho-Oh|\n|poke|p2|Zacian-*|\n|teampreview\n|\n|t:|1700596232\n|start\n|switch|p1a: Mecha Bug|Iron Moth|100\/100\n|switch|p2a: Grimmsnarl|Grimmsnarl, M|100\/100\n|turn|1\n|inactive|Battle timer is ON: inactive players will automatically lose when time's up. (requested by XanderHaki)\n|\n|t:|1700596241\n|move|p2a: Grimmsnarl|Taunt|p1a: Mecha Bug\n|-start|p1a: Mecha Bug|move: Taunt\n|cant|p1a: Mecha Bug|move: Taunt|Sunny Day\n|\n|upkeep\n|turn|2\n|\n|t:|1700596267\n|-end|p1a: Mecha Bug|Quark Drive|[silent]\n|switch|p1a: Hot Chicken Wings|Blaziken, M|100\/100\n|move|p2a: Grimmsnarl|Light Screen|p2a: Grimmsnarl\n|-sidestart|p2: AyNegan|move: Light Screen\n|\n|upkeep\n|turn|3\n|\n|t:|1700596279\n|detailschange|p1a: Hot Chicken Wings|Blaziken-Mega, M\n|-mega|p1a: Hot Chicken Wings|Blaziken|Blazikenite\n|move|p2a: Grimmsnarl|Taunt|p1a: Hot Chicken Wings\n|-start|p1a: Hot Chicken Wings|move: Taunt\n|cant|p1a: Hot Chicken Wings|move: Taunt|Swords Dance\n|\n|-ability|p1a: Hot Chicken Wings|Speed Boost|boost\n|-boost|p1a: Hot Chicken Wings|spe|1\n|upkeep\n|turn|4\n|\n|t:|1700596289\n|move|p2a: Grimmsnarl|Reflect|p2a: Grimmsnarl\n|-sidestart|p2: AyNegan|Reflect\n|move|p1a: Hot Chicken Wings|High Jump Kick|p2a: Grimmsnarl\n|-damage|p2a: Grimmsnarl|53\/100\n|\n|-ability|p1a: Hot Chicken Wings|Speed Boost|boost\n|-boost|p1a: Hot Chicken Wings|spe|1\n|upkeep\n|turn|5\n|\n|t:|1700596311\n|switch|p2a: Kommo-o|Kommo-o, F|100\/100\n|move|p1a: Hot Chicken Wings|High Jump Kick|p2a: Kommo-o\n|-damage|p2a: Kommo-o|61\/100\n|\n|-end|p1a: Hot Chicken Wings|move: Taunt\n|-ability|p1a: Hot Chicken Wings|Speed Boost|boost\n|-boost|p1a: Hot Chicken Wings|spe|1\n|upkeep\n|turn|6\n|\n|t:|1700596323\n|move|p1a: Hot Chicken Wings|Swords Dance|p1a: Hot Chicken Wings\n|-boost|p1a: Hot Chicken Wings|atk|2\n|move|p2a: Kommo-o|Counter||[still]\n|-fail|p2a: Kommo-o\n|\n|-ability|p1a: Hot Chicken Wings|Speed Boost|boost\n|-boost|p1a: Hot Chicken Wings|spe|1\n|upkeep\n|turn|7\n|\n|t:|1700596333\n|move|p1a: Hot Chicken Wings|High Jump Kick|p2a: Kommo-o\n|-damage|p2a: Kommo-o|0 fnt\n|faint|p2a: Kommo-o\n|\n|-ability|p1a: Hot Chicken Wings|Speed Boost|boost\n|-boost|p1a: Hot Chicken Wings|spe|1\n|upkeep\n|\n|t:|1700596346\n|switch|p2a: Venusaur|Venusaur, F|100\/100\n|turn|8\n|\n|t:|1700596354\n|detailschange|p2a: Venusaur|Venusaur-Mega, F\n|-mega|p2a: Venusaur|Venusaur|Venusaurite\n|move|p1a: Hot Chicken Wings|Fire Punch|p2a: Venusaur\n|-supereffective|p2a: Venusaur\n|-damage|p2a: Venusaur|52\/100\n|move|p2a: Venusaur|Sleep Powder|p1a: Hot Chicken Wings\n|-status|p1a: Hot Chicken Wings|slp|[from] move: Sleep Powder\n|\n|-ability|p1a: Hot Chicken Wings|Speed Boost|boost\n|-boost|p1a: Hot Chicken Wings|spe|1\n|upkeep\n|turn|9\n|\n|t:|1700596366\n|cant|p1a: Hot Chicken Wings|slp\n|move|p2a: Venusaur|Leech Seed|p1a: Hot Chicken Wings\n|-start|p1a: Hot Chicken Wings|move: Leech Seed\n|\n|-damage|p1a: Hot Chicken Wings|88\/100 slp|[from] Leech Seed|[of] p2a: Venusaur\n|-heal|p2a: Venusaur|64\/100|[silent]\n|-sideend|p2: AyNegan|move: Light Screen\n|upkeep\n|turn|10\n|\n|t:|1700596378\n|switch|p2a: Zacian|Zacian-Crowned|100\/100\n|-ability|p2a: Zacian|Intrepid Sword|boost\n|-boost|p2a: Zacian|atk|1\n|-curestatus|p1a: Hot Chicken Wings|slp|[msg]\n|move|p1a: Hot Chicken Wings|High Jump Kick|p2a: Zacian\n|-damage|p2a: Zacian|25\/100\n|\n|-damage|p1a: Hot Chicken Wings|76\/100|[from] Leech Seed|[of] p2a: Zacian\n|-heal|p2a: Zacian|36\/100|[silent]\n|upkeep\n|turn|11\n|\n|t:|1700596391\n|switch|p2a: Grimmsnarl|Grimmsnarl, M|53\/100\n|move|p1a: Hot Chicken Wings|Fire Punch|p2a: Grimmsnarl\n|-damage|p2a: Grimmsnarl|0 fnt\n|faint|p2a: Grimmsnarl\n|\n|-sideend|p2: AyNegan|Reflect\n|upkeep\n|\n|t:|1700596401\n|switch|p2a: Ho-Oh|Ho-Oh|100\/100\n|turn|12\n|\n|t:|1700596409\n|move|p1a: Hot Chicken Wings|High Jump Kick|p2a: Ho-Oh\n|-resisted|p2a: Ho-Oh\n|-damage|p2a: Ho-Oh|34\/100\n|move|p2a: Ho-Oh|Thunder Wave|p1a: Hot Chicken Wings\n|-status|p1a: Hot Chicken Wings|par\n|\n|-heal|p2a: Ho-Oh|40\/100|[from] item: Leftovers\n|-damage|p1a: Hot Chicken Wings|64\/100 par|[from] Leech Seed|[of] p2a: Ho-Oh\n|-heal|p2a: Ho-Oh|51\/100|[silent]\n|upkeep\n|turn|13\n|\n|t:|1700596429\n|move|p1a: Hot Chicken Wings|High Jump Kick|p2a: Ho-Oh\n|-resisted|p2a: Ho-Oh\n|-damage|p2a: Ho-Oh|0 fnt\n|faint|p2a: Ho-Oh\n|\n|upkeep\n|\n|t:|1700596436\n|switch|p2a: Zacian|Zacian-Crowned|36\/100\n|turn|14\n|\n|t:|1700596443\n|move|p1a: Hot Chicken Wings|Fire Punch|p2a: Zacian\n|-supereffective|p2a: Zacian\n|-damage|p2a: Zacian|0 fnt\n|faint|p2a: Zacian\n|\n|upkeep\n|\n|t:|1700596449\n|switch|p2a: Weavile|Weavile, M|100\/100\n|-ability|p2a: Weavile|Pressure\n|turn|15\n|\n|t:|1700596455\n|move|p1a: Hot Chicken Wings|Fire Punch|p2a: Weavile\n|-supereffective|p2a: Weavile\n|-damage|p2a: Weavile|0 fnt\n|faint|p2a: Weavile\n|\n|upkeep\n|\n|t:|1700596460\n|switch|p2a: Venusaur|Venusaur-Mega, F|64\/100\n|turn|16\n|\n|t:|1700596464\n|move|p1a: Hot Chicken Wings|High Jump Kick|p2a: Venusaur\n|-resisted|p2a: Venusaur\n|-damage|p2a: Venusaur|0 fnt\n|faint|p2a: Venusaur\n|\n|win|XanderHaki\n|raw|XanderHaki's rating: 1064 &rarr; <strong>1103<\/strong><br \/>(+39 for winning)\n|raw|AyNegan's rating: 1168 &rarr; <strong>1136<\/strong><br \/>(-32 for losing)\n|c|\u2606XanderHaki|gg\n|l|\u2606AyNegan\n","uploadtime":1700596514,"views":9,"p1id":"xanderhaki","p2id":"aynegan","formatid":"gen9nationaldexubers","rating":1103,"private":0,"password":""}