{"id":"gen9nationaldexubers-1987199520","p1":"BigMommaBadger","p2":"chaoticboyo","format":"[Gen 9] National Dex Ubers","log":"|j|\u2606BigMommaBadger\n|j|\u2606chaoticboyo\n|t:|1699564579\n|gametype|singles\n|player|p1|BigMommaBadger|pokemonrangerf|1115\n|player|p2|chaoticboyo|red|1149\n|teamsize|p1|6\n|teamsize|p2|6\n|gen|9\n|tier|[Gen 9] National Dex Ubers\n|rated|\n|rule|HP Percentage Mod: HP is shown in percentages\n|rule|Endless Battle Clause: Forcing endless battles is banned\n|rule|OHKO Clause: OHKO moves are banned\n|rule|Evasion Moves Clause: Evasion moves are banned\n|rule|Evasion Items Clause: Evasion items are banned\n|rule|Species Clause: Limit one of each Pok\u00e9mon\n|rule|Sleep Clause Mod: Limit one foe put to sleep\n|rule|Mega Rayquaza Clause: You cannot mega evolve Rayquaza\n|clearpoke\n|poke|p1|Rillaboom, M|\n|poke|p1|Cinderace, M|\n|poke|p1|Inteleon, M|\n|poke|p1|Dragapult, M|\n|poke|p1|Zacian-*|\n|poke|p1|Moltres-Galar|\n|poke|p2|Aegislash, M|\n|poke|p2|Sneasler, F|\n|poke|p2|Garganacl, F|\n|poke|p2|Palafin, M|\n|poke|p2|Corviknight, M|\n|poke|p2|Snorlax, M|\n|teampreview\n|inactive|Battle timer is ON: inactive players will automatically lose when time's up. (requested by chaoticboyo)\n|\n|t:|1699564586\n|start\n|switch|p1a: Widowmaker|Zacian-Crowned, shiny|100\/100\n|switch|p2a: Palafin|Palafin, M|100\/100\n|-ability|p1a: Widowmaker|Intrepid Sword|boost\n|-boost|p1a: Widowmaker|atk|1\n|turn|1\n|\n|t:|1699564594\n|move|p1a: Widowmaker|Swords Dance|p1a: Widowmaker\n|-boost|p1a: Widowmaker|atk|2\n|move|p2a: Palafin|Flip Turn|p1a: Widowmaker\n|-damage|p1a: Widowmaker|80\/100\n|\n|t:|1699564608\n|detailschange|p2a: Palafin|Palafin-Hero, M\n|switch|p2a: Snorlax|Snorlax, M|100\/100|[from] Flip Turn\n|\n|upkeep\n|turn|2\n|\n|t:|1699564614\n|move|p1a: Widowmaker|Behemoth Blade|p2a: Snorlax\n|-damage|p2a: Snorlax|0 fnt\n|faint|p2a: Snorlax\n|\n|upkeep\n|\n|t:|1699564628\n|switch|p2a: Garganacl|Garganacl, F|100\/100\n|turn|3\n|\n|t:|1699564632\n|move|p1a: Widowmaker|Behemoth Blade|p2a: Garganacl\n|-supereffective|p2a: Garganacl\n|-ability|p2a: Garganacl|Sturdy\n|-damage|p2a: Garganacl|1\/100\n|move|p2a: Garganacl|Earthquake|p1a: Widowmaker\n|-supereffective|p1a: Widowmaker\n|-damage|p1a: Widowmaker|37\/100\n|\n|-heal|p2a: Garganacl|7\/100|[from] item: Leftovers\n|upkeep\n|turn|4\n|\n|t:|1699564642\n|move|p2a: Garganacl|Protect|p2a: Garganacl\n|-singleturn|p2a: Garganacl|Protect\n|move|p1a: Widowmaker|Behemoth Blade|p2a: Garganacl\n|-activate|p2a: Garganacl|move: Protect\n|\n|-heal|p2a: Garganacl|13\/100|[from] item: Leftovers\n|upkeep\n|turn|5\n|\n|t:|1699564650\n|move|p1a: Widowmaker|Behemoth Blade|p2a: Garganacl\n|-supereffective|p2a: Garganacl\n|-damage|p2a: Garganacl|0 fnt\n|faint|p2a: Garganacl\n|\n|upkeep\n|\n|t:|1699564657\n|switch|p2a: Sneasler|Sneasler, F|100\/100\n|turn|6\n|\n|t:|1699564664\n|move|p2a: Sneasler|Fake Out|p1a: Widowmaker\n|-resisted|p1a: Widowmaker\n|-damage|p1a: Widowmaker|31\/100\n|cant|p1a: Widowmaker|flinch\n|\n|upkeep\n|turn|7\n|\n|t:|1699564674\n|move|p1a: Widowmaker|Psychic Fangs|p2a: Sneasler\n|-supereffective|p2a: Sneasler\n|-damage|p2a: Sneasler|0 fnt\n|faint|p2a: Sneasler\n|\n|upkeep\n|\n|t:|1699564679\n|switch|p2a: Palafin|Palafin-Hero, M|100\/100\n|-activate|p2a: Palafin|ability: Zero to Hero\n|turn|8\n|\n|t:|1699564689\n|move|p1a: Widowmaker|Psychic Fangs|p2a: Palafin\n|-damage|p2a: Palafin|12\/100\n|move|p2a: Palafin|Drain Punch|p1a: Widowmaker\n|-damage|p1a: Widowmaker|4\/100\n|-heal|p2a: Palafin|25\/100|[from] drain|[of] p1a: Widowmaker\n|\n|upkeep\n|turn|9\n|\n|t:|1699564698\n|move|p2a: Palafin|Jet Punch|p1a: Widowmaker\n|-damage|p1a: Widowmaker|0 fnt\n|faint|p1a: Widowmaker\n|\n|upkeep\n|\n|t:|1699564703\n|switch|p1a: Molting|Moltres-Galar, shiny|100\/100\n|turn|10\n|\n|t:|1699564710\n|move|p1a: Molting|Fiery Wrath|p2a: Palafin\n|-damage|p2a: Palafin|0 fnt\n|faint|p2a: Palafin\n|\n|upkeep\n|\n|t:|1699564715\n|switch|p2a: Aegislash|Aegislash, M|100\/100\n|turn|11\n|\n|t:|1699564722\n|move|p2a: Aegislash|King's Shield|p2a: Aegislash\n|-singleturn|p2a: Aegislash|Protect\n|move|p1a: Molting|Scary Face|p2a: Aegislash\n|-unboost|p2a: Aegislash|spe|2\n|\n|upkeep\n|turn|12\n|\n|t:|1699564728\n|move|p1a: Molting|Fiery Wrath|p2a: Aegislash\n|-supereffective|p2a: Aegislash\n|-damage|p2a: Aegislash|43\/100\n|move|p2a: Aegislash|Swords Dance|p2a: Aegislash\n|-boost|p2a: Aegislash|atk|2\n|\n|upkeep\n|turn|13\n|\n|t:|1699564735\n|move|p2a: Aegislash|King's Shield|p2a: Aegislash\n|-singleturn|p2a: Aegislash|Protect\n|move|p1a: Molting|Fiery Wrath|p2a: Aegislash\n|-activate|p2a: Aegislash|move: Protect\n|\n|upkeep\n|turn|14\n|\n|t:|1699564748\n|move|p1a: Molting|Fiery Wrath|p2a: Aegislash\n|-supereffective|p2a: Aegislash\n|-damage|p2a: Aegislash|0 fnt\n|faint|p2a: Aegislash\n|\n|upkeep\n|\n|t:|1699564753\n|switch|p2a: Corviknight|Corviknight, M|100\/100\n|-ability|p2a: Corviknight|Pressure\n|turn|15\n|\n|t:|1699564758\n|move|p1a: Molting|Ancient Power|p2a: Corviknight\n|-damage|p2a: Corviknight|80\/100\n|move|p2a: Corviknight|Iron Head|p1a: Molting\n|-damage|p1a: Molting|67\/100\n|\n|upkeep\n|turn|16\n|\n|t:|1699564765\n|move|p1a: Molting|Ancient Power|p2a: Corviknight\n|-damage|p2a: Corviknight|61\/100\n|-boost|p1a: Molting|atk|1\n|-boost|p1a: Molting|def|1\n|-boost|p1a: Molting|spa|1\n|-boost|p1a: Molting|spd|1\n|-boost|p1a: Molting|spe|1\n|move|p2a: Corviknight|Drill Peck|p1a: Molting\n|-damage|p1a: Molting|41\/100\n|-ability|p1a: Molting|Berserk|boost\n|-boost|p1a: Molting|spa|1\n|\n|upkeep\n|turn|17\n|\n|t:|1699564776\n|move|p1a: Molting|Fiery Wrath|p2a: Corviknight\n|-damage|p2a: Corviknight|0 fnt\n|faint|p2a: Corviknight\n|\n|win|BigMommaBadger\n|raw|BigMommaBadger's rating: 1115 &rarr; <strong>1142<\/strong><br \/>(+27 for winning)\n|raw|chaoticboyo's rating: 1149 &rarr; <strong>1122<\/strong><br \/>(-27 for losing)\n|c|\u2606BigMommaBadger|gg\n","uploadtime":1699564782,"views":4,"p1id":"bigmommabadger","p2id":"chaoticboyo","formatid":"gen9nationaldexubers","rating":1122,"private":0,"password":""}