{"id":"gen9nationaldexubers-1985758400","p1":"Jeffrin","p2":"HarmTurtle","format":"[Gen 9] National Dex Ubers","log":"|j|\u2606Jeffrin\n|j|\u2606HarmTurtle\n|t:|1699403128\n|gametype|singles\n|player|p1|Jeffrin|falkner|\n|player|p2|HarmTurtle|carmine-festival|\n|teamsize|p1|6\n|teamsize|p2|6\n|gen|9\n|tier|[Gen 9] National Dex Ubers\n|rule|HP Percentage Mod: HP is shown in percentages\n|rule|Endless Battle Clause: Forcing endless battles is banned\n|rule|OHKO Clause: OHKO moves are banned\n|rule|Evasion Moves Clause: Evasion moves are banned\n|rule|Evasion Items Clause: Evasion items are banned\n|rule|Species Clause: Limit one of each Pok\u00e9mon\n|rule|Sleep Clause Mod: Limit one foe put to sleep\n|rule|Mega Rayquaza Clause: You cannot mega evolve Rayquaza\n|clearpoke\n|poke|p1|Crobat, M|\n|poke|p1|Minior|\n|poke|p1|Rotom-Fan|\n|poke|p1|Togekiss, F|\n|poke|p1|Golurk|\n|poke|p1|Celesteela|\n|poke|p2|Celesteela|\n|poke|p2|Quaquaval, F|\n|poke|p2|Grimmsnarl, M|\n|poke|p2|Vileplume, F|\n|poke|p2|Exeggutor, M|\n|poke|p2|Hariyama, M|\n|teampreview\n|c|\u2606HarmTurtle|gl hf!\n|\n|t:|1699403134\n|start\n|switch|p1a: Ground Control|Celesteela, shiny|100\/100\n|switch|p2a: Grimm Guy|Grimmsnarl, M|100\/100\n|turn|1\n|\n|t:|1699403141\n|move|p2a: Grimm Guy|Taunt|p1a: Ground Control\n|-start|p1a: Ground Control|move: Taunt\n|move|p1a: Ground Control|Heavy Slam|p2a: Grimm Guy\n|-supereffective|p2a: Grimm Guy\n|-damage|p2a: Grimm Guy|11\/100\n|\n|upkeep\n|turn|2\n|\n|t:|1699403149\n|move|p2a: Grimm Guy|Light Screen|p2a: Grimm Guy\n|-sidestart|p2: HarmTurtle|move: Light Screen\n|move|p1a: Ground Control|Flamethrower|p2a: Grimm Guy\n|-damage|p2a: Grimm Guy|1\/100\n|\n|upkeep\n|turn|3\n|\n|t:|1699403156\n|move|p2a: Grimm Guy|Parting Shot|p1a: Ground Control\n|-unboost|p1a: Ground Control|atk|1\n|-unboost|p1a: Ground Control|spa|1\n|\n|t:|1699403159\n|switch|p2a: biggest rocket|Celesteela, shiny|100\/100|[from] Parting Shot\n|move|p1a: Ground Control|Air Slash|p2a: biggest rocket\n|-resisted|p2a: biggest rocket\n|-damage|p2a: biggest rocket|95\/100\n|\n|-end|p1a: Ground Control|move: Taunt\n|upkeep\n|turn|4\n|\n|t:|1699403167\n|switch|p1a: Superman|Golurk, shiny|100\/100\n|move|p2a: biggest rocket|Autotomize|p2a: biggest rocket\n|-boost|p2a: biggest rocket|spe|2\n|-start|p2a: biggest rocket|Autotomize\n|\n|upkeep\n|turn|5\n|\n|t:|1699403175\n|move|p2a: biggest rocket|Meteor Beam||[still]\n|-prepare|p2a: biggest rocket|Meteor Beam\n|-boost|p2a: biggest rocket|spa|1\n|-enditem|p2a: biggest rocket|Power Herb\n|-anim|p2a: biggest rocket|Meteor Beam|p1a: Superman\n|-resisted|p1a: Superman\n|-damage|p1a: Superman|82\/100\n|move|p1a: Superman|Poltergeist||[still]\n|-fail|p1a: Superman\n|\n|upkeep\n|turn|6\n|\n|t:|1699403184\n|move|p2a: biggest rocket|Air Slash|p1a: Superman\n|-damage|p1a: Superman|47\/100\n|move|p1a: Superman|Dynamic Punch|p2a: biggest rocket\n|-damage|p2a: biggest rocket|63\/100\n|-start|p2a: biggest rocket|confusion\n|\n|upkeep\n|turn|7\n|\n|t:|1699403192\n|switch|p1a: Sprinkles|Minior, shiny|100\/100\n|-formechange|p1a: Sprinkles|Minior-Meteor||[from] ability: Shields Down\n|-activate|p2a: biggest rocket|confusion\n|-damage|p2a: biggest rocket|56\/100|[from] confusion\n|\n|upkeep\n|turn|8\n|\n|t:|1699403203\n|switch|p1a: Pulse|Rotom-Fan, shiny|100\/100\n|-end|p2a: biggest rocket|confusion\n|move|p2a: biggest rocket|Meteor Beam||[still]\n|-prepare|p2a: biggest rocket|Meteor Beam\n|-boost|p2a: biggest rocket|spa|1\n|\n|upkeep\n|turn|9\n|\n|t:|1699403213\n|move|p2a: biggest rocket|Meteor Beam|p1a: Pulse|[from]lockedmove\n|-supereffective|p1a: Pulse\n|-damage|p1a: Pulse|0 fnt\n|faint|p1a: Pulse\n|-ability|p2a: biggest rocket|Beast Boost|boost\n|-boost|p2a: biggest rocket|spa|1\n|\n|-sideend|p2: HarmTurtle|move: Light Screen\n|upkeep\n|c|\u2606Jeffrin|Guess it makes sense for a rocket to be fast\n|\n|t:|1699403227\n|switch|p1a: Xavier|Crobat, M, shiny|100\/100\n|turn|10\n|c|\u2606HarmTurtle|In fairness I also used autotomize lul\n|\n|t:|1699403240\n|move|p2a: biggest rocket|Air Slash|p1a: Xavier\n|-damage|p1a: Xavier|0 fnt\n|faint|p1a: Xavier\n|-ability|p2a: biggest rocket|Beast Boost|boost\n|-boost|p2a: biggest rocket|spa|1\n|\n|upkeep\n|c|\u2606Jeffrin|Perhaps I should scarf my rotom\n|\n|t:|1699403247\n|switch|p1a: Ground Control|Celesteela, shiny|100\/100\n|turn|11\n|c|\u2606HarmTurtle|scarf rotom is a good set\n|\n|t:|1699403257\n|move|p2a: biggest rocket|Flamethrower|p1a: Ground Control\n|-supereffective|p1a: Ground Control\n|-damage|p1a: Ground Control|15\/100\n|move|p1a: Ground Control|Flamethrower|p2a: biggest rocket\n|-supereffective|p2a: biggest rocket\n|-damage|p2a: biggest rocket|11\/100\n|\n|upkeep\n|turn|12\n|\n|t:|1699403271\n|-terastallize|p1a: Ground Control|Flying\n|move|p2a: biggest rocket|Flamethrower|p1a: Ground Control\n|-damage|p1a: Ground Control|0 fnt\n|faint|p1a: Ground Control\n|-ability|p2a: biggest rocket|Beast Boost|boost\n|-boost|p2a: biggest rocket|spa|1\n|\n|upkeep\n|\n|t:|1699403279\n|switch|p1a: Angellica|Togekiss, F, shiny|100\/100\n|turn|13\n|\n|t:|1699403284\n|move|p2a: biggest rocket|Air Slash|p1a: Angellica\n|-damage|p1a: Angellica|0 fnt\n|faint|p1a: Angellica\n|-ability|p2a: biggest rocket|Beast Boost|boost\n|-boost|p2a: biggest rocket|spa|1\n|\n|upkeep\n|c|\u2606Jeffrin|Yea this is gg\n|\n|t:|1699403295\n|switch|p1a: Sprinkles|Minior, shiny|100\/100\n|-formechange|p1a: Sprinkles|Minior-Meteor||[from] ability: Shields Down\n|turn|14\n|c|\u2606HarmTurtle|Do you have a non-mono flying team?\n|\n|t:|1699403305\n|move|p2a: biggest rocket|Air Slash|p1a: Sprinkles\n|-resisted|p1a: Sprinkles\n|-damage|p1a: Sprinkles|21\/100\n|move|p1a: Sprinkles|Power Gem|p2a: biggest rocket\n|-damage|p2a: biggest rocket|0 fnt\n|faint|p2a: biggest rocket\n|\n|-formechange|p1a: Sprinkles|Minior||[from] ability: Shields Down\n|upkeep\n|c|\u2606Jeffrin|Yea all flying tera since Golurk is the tera mon\n|c|\u2606Jeffrin|Oh but I do have other teams\n|c|\u2606HarmTurtle|ah, ye\n|c|\u2606HarmTurtle|Those might be worth trying just to see how Celesteela does without free meteor beam clicks\n|c|\u2606Jeffrin|True\n|\n|t:|1699403347\n|switch|p2a: catch these hands|Hariyama, M|100\/100\n|turn|15\n|c|\u2606Jeffrin|I do got a miror  b team but it has Blachephalon\n|\n|t:|1699403359\n|move|p1a: Sprinkles|Acrobatics|p2a: catch these hands\n|-supereffective|p2a: catch these hands\n|-damage|p2a: catch these hands|69\/100\n|move|p2a: catch these hands|Drain Punch|p1a: Sprinkles\n|-damage|p1a: Sprinkles|0 fnt\n|-heal|p2a: catch these hands|76\/100|[from] drain|[of] p1a: Sprinkles\n|faint|p1a: Sprinkles\n|\n|-heal|p2a: catch these hands|83\/100|[from] item: Leftovers\n|upkeep\n|c|\u2606HarmTurtle|epic lol\n|\n|t:|1699403369\n|switch|p1a: Superman|Golurk, shiny|47\/100\n|turn|16\n|\n|t:|1699403375\n|move|p1a: Superman|Dynamic Punch|p2a: catch these hands\n|-damage|p2a: catch these hands|53\/100\n|-start|p2a: catch these hands|confusion\n|-activate|p2a: catch these hands|confusion\n|-damage|p2a: catch these hands|44\/100|[from] confusion\n|\n|-heal|p2a: catch these hands|50\/100|[from] item: Leftovers\n|upkeep\n|turn|17\n|\n|t:|1699403383\n|move|p1a: Superman|Fly||[still]\n|-prepare|p1a: Superman|Fly\n|-activate|p2a: catch these hands|confusion\n|move|p2a: catch these hands|Knock Off|p1a: Superman\n|-supereffective|p1a: Superman\n|-damage|p1a: Superman|0 fnt\n|-enditem|p1a: Superman|Assault Vest|[from] move: Knock Off|[of] p2a: catch these hands\n|faint|p1a: Superman\n|\n|win|HarmTurtle\n|c|\u2606HarmTurtle|OH\n|c|\u2606HarmTurtle|oh my goodness I had no idea that worked\n|c|\u2606Jeffrin|Wow no guard didn't know that worked\n|c|\u2606HarmTurtle|holy shit lol\n|c|\u2606HarmTurtle|gg\n|c|\u2606Jeffrin|gg\n","uploadtime":1699403421,"views":4,"p1id":"jeffrin","p2id":"harmturtle","formatid":"gen9nationaldexubers","rating":0,"private":0,"password":""}