{"id":"gen9nationaldexubers-1987422519","p1":"NeviLow","p2":"AdrianGarcia1604","format":"[Gen 9] National Dex Ubers","log":"|j|\u2606NeviLow\n|j|\u2606AdrianGarcia1604\n|t:|1699589337\n|gametype|singles\n|player|p1|NeviLow|veteran|1127\n|player|p2|AdrianGarcia1604|ethan|1096\n|teamsize|p1|6\n|teamsize|p2|6\n|gen|9\n|tier|[Gen 9] National Dex Ubers\n|rated|\n|rule|HP Percentage Mod: HP is shown in percentages\n|rule|Endless Battle Clause: Forcing endless battles is banned\n|rule|OHKO Clause: OHKO moves are banned\n|rule|Evasion Moves Clause: Evasion moves are banned\n|rule|Evasion Items Clause: Evasion items are banned\n|rule|Species Clause: Limit one of each Pok\u00e9mon\n|rule|Sleep Clause Mod: Limit one foe put to sleep\n|rule|Mega Rayquaza Clause: You cannot mega evolve Rayquaza\n|clearpoke\n|poke|p1|Tyranitar, M|\n|poke|p1|Hippowdon, F|\n|poke|p1|Ferrothorn, M|\n|poke|p1|Excadrill, F|\n|poke|p1|Lycanroc-Dusk, F|\n|poke|p1|Landorus, M|\n|poke|p2|Marshadow|\n|poke|p2|Zoroark-Hisui, M|\n|poke|p2|Gholdengo|\n|poke|p2|Annihilape, M|\n|poke|p2|Basculegion, M|\n|poke|p2|Dragapult, M|\n|teampreview\n|\n|t:|1699589359\n|start\n|switch|p1a: Ferrothorn|Ferrothorn, M|100\/100\n|switch|p2a: Basculegion|Basculegion, M, shiny|100\/100\n|-ability|p2a: Basculegion|Mold Breaker\n|turn|1\n|\n|t:|1699589368\n|move|p2a: Basculegion|Wave Crash|p1a: Ferrothorn\n|-resisted|p1a: Ferrothorn\n|-damage|p1a: Ferrothorn|75\/100\n|-damage|p2a: Basculegion|88\/100|[from] ability: Iron Barbs|[of] p1a: Ferrothorn\n|-damage|p2a: Basculegion|72\/100|[from] item: Rocky Helmet|[of] p1a: Ferrothorn\n|-damage|p2a: Basculegion|64\/100|[from] Recoil\n|move|p1a: Ferrothorn|Thunder Wave|p2a: Basculegion\n|-status|p2a: Basculegion|par\n|\n|upkeep\n|turn|2\n|\n|t:|1699589380\n|switch|p2a: Dragapult|Dragapult, M, shiny|100\/100\n|move|p1a: Ferrothorn|Leech Seed|p2a: Dragapult\n|-start|p2a: Dragapult|move: Leech Seed\n|\n|-damage|p2a: Dragapult|88\/100|[from] Leech Seed|[of] p1a: Ferrothorn\n|-heal|p1a: Ferrothorn|84\/100|[silent]\n|upkeep\n|turn|3\n|\n|t:|1699589389\n|switch|p1a: Tyranitar|Tyranitar, M|100\/100\n|-weather|Sandstorm|[from] ability: Sand Stream|[of] p1a: Tyranitar\n|move|p2a: Dragapult|Flamethrower|p1a: Tyranitar\n|-resisted|p1a: Tyranitar\n|-damage|p1a: Tyranitar|90\/100\n|-damage|p2a: Dragapult|78\/100|[from] item: Life Orb\n|\n|-weather|Sandstorm|[upkeep]\n|-damage|p2a: Dragapult|72\/100|[from] Sandstorm\n|-damage|p2a: Dragapult|60\/100|[from] Leech Seed|[of] p1a: Tyranitar\n|-heal|p1a: Tyranitar|98\/100|[silent]\n|upkeep\n|turn|4\n|\n|t:|1699589409\n|switch|p2a: Marshadow|Marshadow|100\/100\n|detailschange|p1a: Tyranitar|Tyranitar-Mega, M\n|-mega|p1a: Tyranitar|Tyranitar|Tyranitarite\n|move|p1a: Tyranitar|Crunch|p2a: Marshadow\n|-damage|p2a: Marshadow|37\/100\n|\n|-weather|Sandstorm|[upkeep]\n|-damage|p2a: Marshadow|31\/100|[from] Sandstorm\n|upkeep\n|turn|5\n|\n|t:|1699589421\n|switch|p1a: Landorus|Landorus, M|100\/100\n|move|p2a: Marshadow|Drain Punch|p1a: Landorus\n|-resisted|p1a: Landorus\n|-damage|p1a: Landorus|75\/100\n|-heal|p2a: Marshadow|45\/100|[from] drain|[of] p1a: Landorus\n|-damage|p2a: Marshadow|35\/100|[from] item: Life Orb\n|\n|-weather|Sandstorm|[upkeep]\n|-damage|p2a: Marshadow|29\/100|[from] Sandstorm\n|-heal|p1a: Landorus|81\/100|[from] item: Leftovers\n|upkeep\n|turn|6\n|\n|t:|1699589440\n|move|p2a: Marshadow|Drain Punch|p1a: Landorus\n|-resisted|p1a: Landorus\n|-damage|p1a: Landorus|57\/100\n|-heal|p2a: Marshadow|42\/100|[from] drain|[of] p1a: Landorus\n|-damage|p2a: Marshadow|32\/100|[from] item: Life Orb\n|move|p1a: Landorus|Earthquake|p2a: Marshadow\n|-damage|p2a: Marshadow|0 fnt\n|faint|p2a: Marshadow\n|\n|-weather|Sandstorm|[upkeep]\n|-heal|p1a: Landorus|63\/100|[from] item: Leftovers\n|upkeep\n|\n|t:|1699589457\n|switch|p2a: Dragapult|Dragapult, M, shiny|60\/100\n|turn|7\n|\n|t:|1699589462\n|move|p2a: Dragapult|Grass Knot|p1a: Landorus\n|-crit|p1a: Landorus\n|-damage|p1a: Landorus|13\/100\n|-damage|p2a: Dragapult|50\/100|[from] item: Life Orb\n|move|p1a: Landorus|Crunch|p2a: Dragapult\n|-supereffective|p2a: Dragapult\n|-damage|p2a: Dragapult|0 fnt\n|replace|p2a: Zoroark|Zoroark-Hisui, M, shiny\n|-end|p2a: Zoroark|Illusion\n|faint|p2a: Zoroark\n|\n|-weather|none\n|-heal|p1a: Landorus|19\/100|[from] item: Leftovers\n|upkeep\n|\n|t:|1699589476\n|switch|p2a: Basculegion|Basculegion, M, shiny|64\/100 par\n|-ability|p2a: Basculegion|Mold Breaker\n|turn|8\n|\n|t:|1699589481\n|move|p2a: Basculegion|Aqua Jet|p1a: Landorus\n|-supereffective|p1a: Landorus\n|-damage|p1a: Landorus|0 fnt\n|faint|p1a: Landorus\n|\n|upkeep\n|\n|t:|1699589488\n|switch|p1a: Hippowdon|Hippowdon, F|100\/100\n|-weather|Sandstorm|[from] ability: Sand Stream|[of] p1a: Hippowdon\n|turn|9\n|\n|t:|1699589503\n|switch|p2a: Annihilape|Annihilape, M, shiny|100\/100\n|switch|p1a: Ferrothorn|Ferrothorn, M|84\/100\n|\n|-weather|Sandstorm|[upkeep]\n|-damage|p2a: Annihilape|94\/100|[from] Sandstorm\n|-heal|p2a: Annihilape|100\/100|[from] item: Leftovers\n|upkeep\n|turn|10\n|\n|t:|1699589541\n|switch|p1a: Hippowdon|Hippowdon, F|100\/100\n|move|p2a: Annihilape|Drain Punch|p1a: Hippowdon\n|-damage|p1a: Hippowdon|74\/100\n|\n|-weather|Sandstorm|[upkeep]\n|-damage|p2a: Annihilape|94\/100|[from] Sandstorm\n|-heal|p2a: Annihilape|100\/100|[from] item: Leftovers\n|-heal|p1a: Hippowdon|80\/100|[from] item: Leftovers\n|upkeep\n|turn|11\n|\n|t:|1699589555\n|move|p1a: Hippowdon|Protect|p1a: Hippowdon\n|-singleturn|p1a: Hippowdon|Protect\n|move|p2a: Annihilape|Bulk Up|p2a: Annihilape\n|-boost|p2a: Annihilape|atk|1\n|-boost|p2a: Annihilape|def|1\n|\n|-weather|Sandstorm|[upkeep]\n|-damage|p2a: Annihilape|94\/100|[from] Sandstorm\n|-heal|p2a: Annihilape|100\/100|[from] item: Leftovers\n|-heal|p1a: Hippowdon|86\/100|[from] item: Leftovers\n|upkeep\n|turn|12\n|\n|t:|1699589567\n|move|p2a: Annihilape|Bulk Up|p2a: Annihilape\n|-boost|p2a: Annihilape|atk|1\n|-boost|p2a: Annihilape|def|1\n|move|p1a: Hippowdon|Earthquake|p2a: Annihilape\n|-damage|p2a: Annihilape|75\/100\n|\n|-weather|Sandstorm|[upkeep]\n|-damage|p2a: Annihilape|69\/100|[from] Sandstorm\n|-heal|p2a: Annihilape|75\/100|[from] item: Leftovers\n|-heal|p1a: Hippowdon|92\/100|[from] item: Leftovers\n|upkeep\n|turn|13\n|\n|t:|1699589582\n|move|p2a: Annihilape|Bulk Up|p2a: Annihilape\n|-boost|p2a: Annihilape|atk|1\n|-boost|p2a: Annihilape|def|1\n|move|p1a: Hippowdon|Earthquake|p2a: Annihilape\n|-damage|p2a: Annihilape|55\/100\n|\n|-weather|none\n|-heal|p2a: Annihilape|61\/100|[from] item: Leftovers\n|-heal|p1a: Hippowdon|99\/100|[from] item: Leftovers\n|upkeep\n|turn|14\n|\n|t:|1699589594\n|move|p2a: Annihilape|Drain Punch|p1a: Hippowdon\n|-damage|p1a: Hippowdon|39\/100\n|-heal|p2a: Annihilape|96\/100|[from] drain|[of] p1a: Hippowdon\n|move|p1a: Hippowdon|Earthquake|p2a: Annihilape\n|-damage|p2a: Annihilape|76\/100\n|\n|-heal|p2a: Annihilape|82\/100|[from] item: Leftovers\n|-heal|p1a: Hippowdon|45\/100|[from] item: Leftovers\n|upkeep\n|turn|15\n|\n|t:|1699589606\n|move|p2a: Annihilape|Bulk Up|p2a: Annihilape\n|-boost|p2a: Annihilape|atk|1\n|-boost|p2a: Annihilape|def|1\n|move|p1a: Hippowdon|Earthquake|p2a: Annihilape\n|-damage|p2a: Annihilape|66\/100\n|\n|-heal|p2a: Annihilape|73\/100|[from] item: Leftovers\n|-heal|p1a: Hippowdon|51\/100|[from] item: Leftovers\n|upkeep\n|turn|16\n|\n|t:|1699589617\n|move|p2a: Annihilape|Bulk Up|p2a: Annihilape\n|-boost|p2a: Annihilape|atk|1\n|-boost|p2a: Annihilape|def|1\n|move|p1a: Hippowdon|Earthquake|p2a: Annihilape\n|-damage|p2a: Annihilape|58\/100\n|\n|-heal|p2a: Annihilape|64\/100|[from] item: Leftovers\n|-heal|p1a: Hippowdon|58\/100|[from] item: Leftovers\n|upkeep\n|turn|17\n|\n|t:|1699589627\n|move|p2a: Annihilape|Bulk Up|p2a: Annihilape\n|-boost|p2a: Annihilape|atk|1\n|-boost|p2a: Annihilape|def|1\n|move|p1a: Hippowdon|Earthquake|p2a: Annihilape\n|-damage|p2a: Annihilape|52\/100\n|\n|-heal|p2a: Annihilape|58\/100|[from] item: Leftovers\n|-heal|p1a: Hippowdon|64\/100|[from] item: Leftovers\n|upkeep\n|turn|18\n|\n|t:|1699589637\n|move|p2a: Annihilape|Rage Fist|p1a: Hippowdon\n|-damage|p1a: Hippowdon|0 fnt\n|faint|p1a: Hippowdon\n|\n|-heal|p2a: Annihilape|64\/100|[from] item: Leftovers\n|upkeep\n|\n|t:|1699589644\n|switch|p1a: Lycanroc|Lycanroc-Dusk, F|100\/100\n|turn|19\n|\n|t:|1699589651\n|-terastallize|p1a: Lycanroc|Fairy\n|move|p1a: Lycanroc|Play Rough|p2a: Annihilape\n|-supereffective|p2a: Annihilape\n|-damage|p2a: Annihilape|24\/100\n|-damage|p1a: Lycanroc|91\/100|[from] item: Life Orb\n|move|p2a: Annihilape|Drain Punch|p1a: Lycanroc\n|-resisted|p1a: Lycanroc\n|-damage|p1a: Lycanroc|0 fnt\n|-heal|p2a: Annihilape|61\/100|[from] drain|[of] p1a: Lycanroc\n|faint|p1a: Lycanroc\n|\n|-heal|p2a: Annihilape|67\/100|[from] item: Leftovers\n|upkeep\n|\n|t:|1699589668\n|switch|p1a: Tyranitar|Tyranitar-Mega, M|98\/100\n|-weather|Sandstorm|[from] ability: Sand Stream|[of] p1a: Tyranitar\n|turn|20\n|\n|t:|1699589672\n|switch|p1a: Ferrothorn|Ferrothorn, M|84\/100\n|move|p2a: Annihilape|Drain Punch|p1a: Ferrothorn\n|-supereffective|p1a: Ferrothorn\n|-damage|p1a: Ferrothorn|0 fnt\n|-heal|p2a: Annihilape|100\/100|[from] drain|[of] p1a: Ferrothorn\n|-damage|p2a: Annihilape|88\/100|[from] ability: Iron Barbs|[of] p1a: Ferrothorn\n|-damage|p2a: Annihilape|71\/100|[from] item: Rocky Helmet|[of] p1a: Ferrothorn\n|faint|p1a: Ferrothorn\n|\n|-weather|Sandstorm|[upkeep]\n|-damage|p2a: Annihilape|65\/100|[from] Sandstorm\n|-heal|p2a: Annihilape|71\/100|[from] item: Leftovers\n|upkeep\n|\n|t:|1699589690\n|switch|p1a: Excadrill|Excadrill, F|100\/100\n|turn|21\n|\n|t:|1699589699\n|move|p1a: Excadrill|Earthquake|p2a: Annihilape\n|-damage|p2a: Annihilape|50\/100\n|move|p2a: Annihilape|Rage Fist|p1a: Excadrill\n|-damage|p1a: Excadrill|0 fnt\n|faint|p1a: Excadrill\n|\n|-weather|Sandstorm|[upkeep]\n|-damage|p2a: Annihilape|43\/100|[from] Sandstorm\n|-heal|p2a: Annihilape|50\/100|[from] item: Leftovers\n|upkeep\n|-message|NeviLow forfeited.\n|\n|win|AdrianGarcia1604\n|raw|NeviLow's rating: 1127 &rarr; <strong>1100<\/strong><br \/>(-27 for losing)\n|raw|AdrianGarcia1604's rating: 1096 &rarr; <strong>1124<\/strong><br \/>(+28 for winning)\n|l|\u2606NeviLow\n","uploadtime":1699589773,"views":5,"p1id":"nevilow","p2id":"adriangarcia1604","formatid":"gen9nationaldexubers","rating":1100,"private":0,"password":""}