{"id":"gen9nationaldexubers-1993580373","p1":"WildShadowXD","p2":"Minaisok","format":"[Gen 9] National Dex Ubers","log":"|j|\u2606WildShadowXD\n|j|\u2606Minaisok\n|t:|1700333989\n|gametype|singles\n|player|p1|WildShadowXD|alec-anime|1239\n|player|p2|Minaisok|mars|1161\n|teamsize|p1|6\n|teamsize|p2|6\n|gen|9\n|tier|[Gen 9] National Dex Ubers\n|rated|\n|rule|HP Percentage Mod: HP is shown in percentages\n|rule|Endless Battle Clause: Forcing endless battles is banned\n|rule|OHKO Clause: OHKO moves are banned\n|rule|Evasion Moves Clause: Evasion moves are banned\n|rule|Evasion Items Clause: Evasion items are banned\n|rule|Species Clause: Limit one of each Pok\u00e9mon\n|rule|Sleep Clause Mod: Limit one foe put to sleep\n|rule|Mega Rayquaza Clause: You cannot mega evolve Rayquaza\n|clearpoke\n|poke|p1|Marshadow|\n|poke|p1|Pheromosa|\n|poke|p1|Mewtwo|\n|poke|p1|Blaziken, M|\n|poke|p1|Urshifu-*, F|\n|poke|p1|Great Tusk|\n|poke|p2|Ferrothorn, F|\n|poke|p2|Iron Valiant|\n|poke|p2|Tapu Koko|\n|poke|p2|Raichu-Alola, F|\n|poke|p2|Ho-Oh|\n|poke|p2|Toxapex, M|\n|teampreview\n|\n|t:|1700334012\n|start\n|switch|p1a: Blaziken|Blaziken, M, shiny|100\/100\n|switch|p2a: Tapu Koko|Tapu Koko, shiny|100\/100\n|-fieldstart|move: Electric Terrain|[from] ability: Electric Surge|[of] p2a: Tapu Koko\n|turn|1\n|\n|t:|1700334022\n|move|p1a: Blaziken|Protect|p1a: Blaziken\n|-singleturn|p1a: Blaziken|Protect\n|move|p2a: Tapu Koko|Volt Switch|p1a: Blaziken\n|-activate|p1a: Blaziken|move: Protect\n|\n|-ability|p1a: Blaziken|Speed Boost|boost\n|-boost|p1a: Blaziken|spe|1\n|upkeep\n|turn|2\n|\n|t:|1700334031\n|move|p1a: Blaziken|Swords Dance|p1a: Blaziken\n|-boost|p1a: Blaziken|atk|2\n|move|p2a: Tapu Koko|Volt Switch|p1a: Blaziken\n|-crit|p1a: Blaziken\n|-damage|p1a: Blaziken|5\/100\n|\n|t:|1700334037\n|switch|p2a: Toxapex|Toxapex, M, shiny|100\/100|[from] Volt Switch\n|\n|-ability|p1a: Blaziken|Speed Boost|boost\n|-boost|p1a: Blaziken|spe|1\n|upkeep\n|turn|3\n|\n|t:|1700334044\n|move|p1a: Blaziken|Protect|p1a: Blaziken\n|-singleturn|p1a: Blaziken|Protect\n|move|p2a: Toxapex|Haze|p2a: Toxapex\n|-clearallboost\n|\n|-ability|p1a: Blaziken|Speed Boost|boost\n|-boost|p1a: Blaziken|spe|1\n|upkeep\n|turn|4\n|\n|t:|1700334053\n|move|p1a: Blaziken|Reversal|p2a: Toxapex\n|-resisted|p2a: Toxapex\n|-damage|p2a: Toxapex|79\/100\n|move|p2a: Toxapex|Scald|p1a: Blaziken\n|-supereffective|p1a: Blaziken\n|-damage|p1a: Blaziken|0 fnt\n|faint|p1a: Blaziken\n|\n|-heal|p2a: Toxapex|85\/100|[from] item: Black Sludge\n|upkeep\n|\n|t:|1700334062\n|switch|p1a: Great Tusk|Great Tusk|100\/100\n|turn|5\n|\n|t:|1700334070\n|switch|p2a: Ho-Oh|Ho-Oh|100\/100\n|move|p1a: Great Tusk|Headlong Rush|p2a: Ho-Oh\n|-immune|p2a: Ho-Oh\n|\n|upkeep\n|turn|6\n|\n|t:|1700334079\n|move|p2a: Ho-Oh|Protect|p2a: Ho-Oh\n|-singleturn|p2a: Ho-Oh|Protect\n|move|p1a: Great Tusk|Ice Spinner|p2a: Ho-Oh\n|-activate|p2a: Ho-Oh|move: Protect\n|\n|upkeep\n|turn|7\n|\n|t:|1700334087\n|move|p2a: Ho-Oh|Sacred Fire|p1a: Great Tusk\n|-damage|p1a: Great Tusk|72\/100\n|-status|p1a: Great Tusk|brn\n|move|p1a: Great Tusk|Ice Spinner|p2a: Ho-Oh\n|-damage|p2a: Ho-Oh|86\/100\n|-fieldend|move: Electric Terrain\n|\n|-heal|p2a: Ho-Oh|92\/100|[from] item: Leftovers\n|-damage|p1a: Great Tusk|66\/100 brn|[from] brn\n|upkeep\n|turn|8\n|\n|t:|1700334100\n|move|p2a: Ho-Oh|Toxic||[still]\n|-fail|p2a: Ho-Oh\n|move|p1a: Great Tusk|Rapid Spin|p2a: Ho-Oh\n|-damage|p2a: Ho-Oh|83\/100\n|-boost|p1a: Great Tusk|spe|1\n|\n|-heal|p2a: Ho-Oh|89\/100|[from] item: Leftovers\n|-damage|p1a: Great Tusk|59\/100 brn|[from] brn\n|upkeep\n|turn|9\n|\n|t:|1700334110\n|move|p2a: Ho-Oh|Protect|p2a: Ho-Oh\n|-singleturn|p2a: Ho-Oh|Protect\n|move|p1a: Great Tusk|Close Combat|p2a: Ho-Oh\n|-activate|p2a: Ho-Oh|move: Protect\n|\n|-heal|p2a: Ho-Oh|96\/100|[from] item: Leftovers\n|-damage|p1a: Great Tusk|53\/100 brn|[from] brn\n|upkeep\n|turn|10\n|\n|t:|1700334127\n|switch|p2a: Tapu Koko|Tapu Koko, shiny|100\/100\n|-fieldstart|move: Electric Terrain|[from] ability: Electric Surge|[of] p2a: Tapu Koko\n|move|p1a: Great Tusk|Close Combat|p2a: Tapu Koko\n|-resisted|p2a: Tapu Koko\n|-damage|p2a: Tapu Koko|75\/100\n|-unboost|p1a: Great Tusk|def|1\n|-unboost|p1a: Great Tusk|spd|1\n|\n|-damage|p1a: Great Tusk|47\/100 brn|[from] brn\n|upkeep\n|turn|11\n|\n|t:|1700334157\n|switch|p2a: Toxapex|Toxapex, M, shiny|100\/100\n|move|p1a: Great Tusk|Headlong Rush|p2a: Toxapex\n|-supereffective|p2a: Toxapex\n|-damage|p2a: Toxapex|58\/100\n|-unboost|p1a: Great Tusk|def|1\n|-unboost|p1a: Great Tusk|spd|1\n|\n|-heal|p2a: Toxapex|64\/100|[from] item: Black Sludge\n|-damage|p1a: Great Tusk|41\/100 brn|[from] brn\n|upkeep\n|turn|12\n|\n|t:|1700334170\n|-terastallize|p1a: Great Tusk|Ground\n|move|p1a: Great Tusk|Headlong Rush|p2a: Toxapex\n|-supereffective|p2a: Toxapex\n|-damage|p2a: Toxapex|11\/100\n|-unboost|p1a: Great Tusk|def|1\n|-unboost|p1a: Great Tusk|spd|1\n|move|p2a: Toxapex|Scald|p1a: Great Tusk\n|-supereffective|p1a: Great Tusk\n|-damage|p1a: Great Tusk|0 fnt\n|faint|p1a: Great Tusk\n|-end|p1a: Great Tusk|Protosynthesis|[silent]\n|\n|-heal|p2a: Toxapex|18\/100|[from] item: Black Sludge\n|upkeep\n|\n|t:|1700334181\n|switch|p1a: Pheromosa|Pheromosa, shiny|100\/100\n|turn|13\n|\n|t:|1700334201\n|switch|p2a: Ho-Oh|Ho-Oh|100\/100\n|move|p1a: Pheromosa|Low Kick|p2a: Ho-Oh\n|-resisted|p2a: Ho-Oh\n|-damage|p2a: Ho-Oh|67\/100\n|-damage|p1a: Pheromosa|91\/100|[from] item: Life Orb\n|\n|-heal|p2a: Ho-Oh|73\/100|[from] item: Leftovers\n|upkeep\n|turn|14\n|\n|t:|1700334211\n|move|p1a: Pheromosa|Throat Chop|p2a: Ho-Oh\n|-damage|p2a: Ho-Oh|39\/100\n|-start|p2a: Ho-Oh|Throat Chop|[silent]\n|-damage|p1a: Pheromosa|81\/100|[from] item: Life Orb\n|move|p2a: Ho-Oh|Sacred Fire|p1a: Pheromosa\n|-supereffective|p1a: Pheromosa\n|-damage|p1a: Pheromosa|0 fnt\n|faint|p1a: Pheromosa\n|\n|-heal|p2a: Ho-Oh|45\/100|[from] item: Leftovers\n|upkeep\n|\n|t:|1700334220\n|switch|p1a: Urshifu|Urshifu-Rapid-Strike, F|100\/100\n|turn|15\n|\n|t:|1700334225\n|move|p2a: Ho-Oh|Protect|p2a: Ho-Oh\n|-singleturn|p2a: Ho-Oh|Protect\n|move|p1a: Urshifu|Surging Strikes|p2a: Ho-Oh\n|-activate|p2a: Ho-Oh|move: Protect\n|\n|-heal|p2a: Ho-Oh|51\/100|[from] item: Leftovers\n|-end|p2a: Ho-Oh|Throat Chop|[silent]\n|upkeep\n|turn|16\n|\n|t:|1700334236\n|switch|p2a: Toxapex|Toxapex, M, shiny|51\/100\n|move|p1a: Urshifu|Surging Strikes|p2a: Toxapex\n|-resisted|p2a: Toxapex\n|-crit|p2a: Toxapex\n|-damage|p2a: Toxapex|44\/100\n|-resisted|p2a: Toxapex\n|-crit|p2a: Toxapex\n|-damage|p2a: Toxapex|37\/100\n|-resisted|p2a: Toxapex\n|-crit|p2a: Toxapex\n|-damage|p2a: Toxapex|31\/100\n|-hitcount|p2a: Toxapex|3\n|\n|-heal|p2a: Toxapex|37\/100|[from] item: Black Sludge\n|upkeep\n|turn|17\n|\n|t:|1700334254\n|move|p1a: Urshifu|Aqua Jet|p2a: Toxapex\n|-resisted|p2a: Toxapex\n|-damage|p2a: Toxapex|31\/100\n|move|p2a: Toxapex|Recover|p2a: Toxapex\n|-heal|p2a: Toxapex|81\/100\n|\n|-heal|p2a: Toxapex|88\/100|[from] item: Black Sludge\n|-fieldend|move: Electric Terrain\n|upkeep\n|turn|18\n|-message|WildShadowXD forfeited.\n|\n|win|Minaisok\n|raw|WildShadowXD's rating: 1239 &rarr; <strong>1208<\/strong><br \/>(-31 for losing)\n|raw|Minaisok's rating: 1161 &rarr; <strong>1192<\/strong><br \/>(+31 for winning)\n|l|\u2606WildShadowXD\n","uploadtime":1700334269,"views":7,"p1id":"wildshadowxd","p2id":"minaisok","formatid":"gen9nationaldexubers","rating":1192,"private":0,"password":""}