{"id":"gen9nationaldexubers-1980873235","p1":"detavionjk","p2":"sapphic suporter","format":"[Gen 9] National Dex Ubers","log":"|j|\u2606detavionjk\n|j|\u2606sapphic suporter\n|t:|1698844685\n|gametype|singles\n|player|p1|detavionjk|caitlin|1070\n|player|p2|sapphic suporter|skyla|1067\n|teamsize|p1|6\n|teamsize|p2|6\n|gen|9\n|tier|[Gen 9] National Dex Ubers\n|rated|\n|rule|HP Percentage Mod: HP is shown in percentages\n|rule|Endless Battle Clause: Forcing endless battles is banned\n|rule|OHKO Clause: OHKO moves are banned\n|rule|Evasion Moves Clause: Evasion moves are banned\n|rule|Evasion Items Clause: Evasion items are banned\n|rule|Species Clause: Limit one of each Pok\u00e9mon\n|rule|Sleep Clause Mod: Limit one foe put to sleep\n|rule|Mega Rayquaza Clause: You cannot mega evolve Rayquaza\n|clearpoke\n|poke|p1|Groudon|\n|poke|p1|Kyogre|\n|poke|p1|Frosmoth, M|\n|poke|p1|Charizard, F|\n|poke|p1|Regirock|\n|poke|p1|Virizion|\n|poke|p2|Pheromosa|\n|poke|p2|Gardevoir, M|\n|poke|p2|Charizard, F|\n|poke|p2|Lucario, F|\n|poke|p2|Mewtwo|\n|poke|p2|Zygarde|\n|teampreview\n|\n|t:|1698844691\n|start\n|switch|p1a: Virizion|Virizion|100\/100\n|switch|p2a: Pheromosa|Pheromosa, shiny|100\/100\n|turn|1\n|\n|t:|1698844697\n|move|p2a: Pheromosa|Lunge|p1a: Virizion\n|-damage|p1a: Virizion|45\/100\n|-unboost|p1a: Virizion|atk|1\n|move|p1a: Virizion|Leaf Storm|p2a: Pheromosa\n|-resisted|p2a: Pheromosa\n|-enditem|p2a: Pheromosa|Focus Sash\n|-damage|p2a: Pheromosa|1\/100\n|-unboost|p1a: Virizion|spa|2\n|-damage|p1a: Virizion|35\/100|[from] item: Life Orb\n|\n|upkeep\n|turn|2\n|\n|t:|1698844707\n|switch|p1a: Phone|Charizard, F, shiny|100\/100\n|move|p2a: Pheromosa|Lunge|p1a: Phone\n|-resisted|p1a: Phone\n|-damage|p1a: Phone|87\/100\n|-unboost|p1a: Phone|atk|1\n|\n|upkeep\n|turn|3\n|\n|t:|1698844716\n|detailschange|p1a: Phone|Charizard-Mega-X, F, shiny\n|-mega|p1a: Phone|Charizard|Charizardite X\n|move|p2a: Pheromosa|Close Combat|p1a: Phone\n|-damage|p1a: Phone|27\/100\n|-unboost|p2a: Pheromosa|def|1\n|-unboost|p2a: Pheromosa|spd|1\n|move|p1a: Phone|Brick Break|p2a: Pheromosa\n|-resisted|p2a: Pheromosa\n|-damage|p2a: Pheromosa|0 fnt\n|faint|p2a: Pheromosa\n|\n|upkeep\n|\n|t:|1698844727\n|switch|p2a: Lucario|Lucario, F, shiny|100\/100\n|turn|4\n|\n|t:|1698844731\n|switch|p1a: Regirock|Regirock, shiny|100\/100\n|move|p2a: Lucario|Bullet Punch|p1a: Regirock\n|-supereffective|p1a: Regirock\n|-damage|p1a: Regirock|81\/100\n|\n|upkeep\n|turn|5\n|\n|t:|1698844737\n|move|p2a: Lucario|Drain Punch|p1a: Regirock\n|-supereffective|p1a: Regirock\n|-damage|p1a: Regirock|38\/100\n|move|p1a: Regirock|Power-Up Punch|p2a: Lucario\n|-supereffective|p2a: Lucario\n|-damage|p2a: Lucario|64\/100\n|-boost|p1a: Regirock|atk|1\n|\n|upkeep\n|turn|6\n|\n|t:|1698844746\n|switch|p1a: Bambi|Kyogre, shiny|100\/100\n|detailschange|p1a: Bambi|Kyogre-Primal, shiny\n|-primal|p1a: Bambi|Blue Orb\n|-weather|PrimordialSea|[from] ability: Primordial Sea|[of] p1a: Bambi\n|move|p2a: Lucario|Drain Punch|p1a: Bambi\n|-damage|p1a: Bambi|63\/100\n|-heal|p2a: Lucario|91\/100|[from] drain|[of] p1a: Bambi\n|\n|-weather|PrimordialSea|[upkeep]\n|upkeep\n|turn|7\n|\n|t:|1698844756\n|move|p2a: Lucario|Drain Punch|p1a: Bambi\n|-damage|p1a: Bambi|29\/100\n|-heal|p2a: Lucario|100\/100|[from] drain|[of] p1a: Bambi\n|move|p1a: Bambi|Origin Pulse|p2a: Lucario\n|-damage|p2a: Lucario|0 fnt\n|faint|p2a: Lucario\n|\n|-weather|PrimordialSea|[upkeep]\n|upkeep\n|-message|sapphic suporter forfeited.\n|\n|win|detavionjk\n|raw|detavionjk's rating: 1070 &rarr; <strong>1099<\/strong><br \/>(+29 for winning)\n|raw|sapphic suporter's rating: 1067 &rarr; <strong>1047<\/strong><br \/>(-20 for losing)\n|l|\u2606sapphic suporter\n","uploadtime":1698844992,"views":7,"p1id":"detavionjk","p2id":"sapphicsuporter","formatid":"gen9nationaldexubers","rating":1047,"private":0,"password":""}