{"id":"gen9nationaldexubers-1978232419","p1":"AndTheJordSaid","p2":"JustMonika_CARR","format":"[Gen 9] National Dex Ubers","log":"|j|\u2606AndTheJordSaid\n|j|\u2606JustMonika_CARR\n|t:|1698515208\n|gametype|singles\n|player|p1|AndTheJordSaid|veteran|1380\n|player|p2|JustMonika_CARR|dawn|1375\n|teamsize|p1|6\n|teamsize|p2|6\n|gen|9\n|tier|[Gen 9] National Dex Ubers\n|rated|\n|rule|HP Percentage Mod: HP is shown in percentages\n|rule|Endless Battle Clause: Forcing endless battles is banned\n|rule|OHKO Clause: OHKO moves are banned\n|rule|Evasion Moves Clause: Evasion moves are banned\n|rule|Evasion Items Clause: Evasion items are banned\n|rule|Species Clause: Limit one of each Pok\u00e9mon\n|rule|Sleep Clause Mod: Limit one foe put to sleep\n|rule|Mega Rayquaza Clause: You cannot mega evolve Rayquaza\n|clearpoke\n|poke|p1|Necrozma-Dusk-Mane|\n|poke|p1|Mewtwo|\n|poke|p1|Ho-Oh|\n|poke|p1|Rayquaza|\n|poke|p1|Xerneas-*|\n|poke|p1|Zekrom|\n|poke|p2|Groudon|\n|poke|p2|Alakazam, M|\n|poke|p2|Gothitelle, F|\n|poke|p2|Deoxys-Speed|\n|poke|p2|Shuckle, M|\n|poke|p2|Durant, F|\n|teampreview\n|c|\u2606JustMonika_CARR|glhf\n|\n|t:|1698515222\n|start\n|switch|p1a: Nebulion|Necrozma-Dusk-Mane|100\/100\n|switch|p2a: Groudon|Groudon, shiny|100\/100\n|detailschange|p2a: Groudon|Groudon-Primal, shiny\n|-primal|p2a: Groudon|Red Orb\n|-weather|DesolateLand|[from] ability: Desolate Land|[of] p2a: Groudon\n|turn|1\n|\n|t:|1698515232\n|detailschange|p1a: Nebulion|Necrozma-Ultra\n|-burst|p1a: Nebulion|Necrozma|Ultranecrozium Z\n|move|p1a: Nebulion|Swords Dance|p1a: Nebulion\n|-boost|p1a: Nebulion|atk|2\n|move|p2a: Groudon|Stealth Rock|p1a: Nebulion\n|-sidestart|p1: AndTheJordSaid|move: Stealth Rock\n|\n|-weather|DesolateLand|[upkeep]\n|upkeep\n|turn|2\n|\n|t:|1698515245\n|-zpower|p1a: Nebulion\n|move|p1a: Nebulion|Light That Burns the Sky|p2a: Groudon|[zeffect]\n|-damage|p2a: Groudon|0 fnt\n|faint|p2a: Groudon\n|-weather|none\n|\n|upkeep\n|\n|t:|1698515257\n|switch|p2a: Deoxys|Deoxys-Speed, shiny|100\/100\n|-ability|p2a: Deoxys|Pressure\n|turn|3\n|\n|t:|1698515263\n|move|p2a: Deoxys|Reflect|p2a: Deoxys\n|-sidestart|p2: JustMonika_CARR|Reflect\n|move|p1a: Nebulion|Earthquake|p2a: Deoxys\n|-damage|p2a: Deoxys|40\/100\n|\n|upkeep\n|turn|4\n|\n|t:|1698515269\n|move|p2a: Deoxys|Toxic|p1a: Nebulion\n|-status|p1a: Nebulion|tox\n|move|p1a: Nebulion|Swords Dance|p1a: Nebulion\n|-boost|p1a: Nebulion|atk|2\n|\n|-damage|p1a: Nebulion|94\/100 tox|[from] psn\n|upkeep\n|turn|5\n|\n|t:|1698515276\n|move|p2a: Deoxys|Light Screen|p2a: Deoxys\n|-sidestart|p2: JustMonika_CARR|move: Light Screen\n|move|p1a: Nebulion|Earthquake|p2a: Deoxys\n|-damage|p2a: Deoxys|0 fnt\n|faint|p2a: Deoxys\n|\n|-damage|p1a: Nebulion|82\/100 tox|[from] psn\n|upkeep\n|\n|t:|1698515295\n|switch|p2a: Alakazam|Alakazam, M, shiny|100\/100\n|turn|6\n|\n|t:|1698515298\n|detailschange|p2a: Alakazam|Alakazam-Mega, M, shiny\n|-mega|p2a: Alakazam|Alakazam|Alakazite\n|-ability|p2a: Alakazam|Neuroforce|[from] ability: Trace|[of] p1a: Nebulion\n|move|p2a: Alakazam|Dazzling Gleam|p1a: Nebulion\n|-supereffective|p1a: Nebulion\n|-damage|p1a: Nebulion|2\/100 tox\n|move|p1a: Nebulion|Earthquake|p2a: Alakazam\n|-damage|p2a: Alakazam|0 fnt\n|faint|p2a: Alakazam\n|\n|-damage|p1a: Nebulion|0 fnt|[from] psn\n|faint|p1a: Nebulion\n|upkeep\n|\n|t:|1698515309\n|switch|p2a: Shuckle|Shuckle, M, shiny|100\/100\n|switch|p1a: MyEx-Oh|Ho-Oh|100\/100\n|turn|7\n|\n|t:|1698515315\n|move|p1a: MyEx-Oh|Defog|p2a: Shuckle\n|-boost|p2a: Shuckle|evasion|1\n|-sideend|p2: JustMonika_CARR|Reflect\n|-sideend|p2: JustMonika_CARR|move: Light Screen\n|-sideend|p1: AndTheJordSaid|Stealth Rock|[from] move: Defog|[of] p1a: MyEx-Oh\n|move|p2a: Shuckle|Infestation|p1a: MyEx-Oh\n|-resisted|p1a: MyEx-Oh\n|-damage|p1a: MyEx-Oh|99\/100\n|-activate|p1a: MyEx-Oh|move: Infestation|[of] p2a: Shuckle\n|\n|-damage|p1a: MyEx-Oh|88\/100|[from] move: Infestation|[partiallytrapped]\n|upkeep\n|turn|8\n|c|\u2606JustMonika_CARR|Lmao\n|c|\u2606JustMonika_CARR|That name\n|\n|t:|1698515336\n|move|p1a: MyEx-Oh|Sacred Fire|p2a: Shuckle\n|-damage|p2a: Shuckle|75\/100\n|-status|p2a: Shuckle|brn\n|move|p2a: Shuckle|Shell Smash|p2a: Shuckle\n|-boost|p2a: Shuckle|def|1\n|-boost|p2a: Shuckle|spd|1\n|-unboost|p2a: Shuckle|atk|2\n|-unboost|p2a: Shuckle|spa|2\n|-unboost|p2a: Shuckle|spe|2\n|\n|-damage|p2a: Shuckle|69\/100 brn|[from] brn\n|-damage|p1a: MyEx-Oh|76\/100|[from] move: Infestation|[partiallytrapped]\n|upkeep\n|turn|9\n|c|\u2606JustMonika_CARR|Did she cheat on you bro?\n|\n|t:|1698515354\n|move|p1a: MyEx-Oh|Brave Bird|p2a: Shuckle|[miss]\n|-miss|p1a: MyEx-Oh|p2a: Shuckle\n|move|p2a: Shuckle|Shell Smash|p2a: Shuckle\n|-boost|p2a: Shuckle|def|1\n|-boost|p2a: Shuckle|spd|1\n|-unboost|p2a: Shuckle|atk|2\n|-unboost|p2a: Shuckle|spa|2\n|-unboost|p2a: Shuckle|spe|2\n|\n|-damage|p2a: Shuckle|63\/100 brn|[from] brn\n|-damage|p1a: MyEx-Oh|63\/100|[from] move: Infestation|[partiallytrapped]\n|upkeep\n|turn|10\n|\n|t:|1698515367\n|move|p1a: MyEx-Oh|Brave Bird|p2a: Shuckle\n|-damage|p2a: Shuckle|45\/100 brn\n|-damage|p1a: MyEx-Oh|60\/100|[from] Recoil\n|move|p2a: Shuckle|Shell Smash|p2a: Shuckle\n|-boost|p2a: Shuckle|def|1\n|-boost|p2a: Shuckle|spd|1\n|-unboost|p2a: Shuckle|atk|2\n|-unboost|p2a: Shuckle|spa|2\n|-unboost|p2a: Shuckle|spe|2\n|\n|-damage|p2a: Shuckle|39\/100 brn|[from] brn\n|-damage|p1a: MyEx-Oh|48\/100|[from] move: Infestation|[partiallytrapped]\n|upkeep\n|turn|11\n|\n|t:|1698515386\n|move|p1a: MyEx-Oh|Brave Bird|p2a: Shuckle\n|-damage|p2a: Shuckle|26\/100 brn\n|-damage|p1a: MyEx-Oh|45\/100|[from] Recoil\n|move|p2a: Shuckle|Rest|p2a: Shuckle\n|-status|p2a: Shuckle|slp|[from] move: Rest\n|-heal|p2a: Shuckle|100\/100 slp|[silent]\n|-enditem|p2a: Shuckle|Chesto Berry|[eat]\n|-curestatus|p2a: Shuckle|slp|[msg]\n|\n|-damage|p1a: MyEx-Oh|33\/100|[from] move: Infestation|[partiallytrapped]\n|upkeep\n|turn|12\n|\n|t:|1698515400\n|move|p1a: MyEx-Oh|Toxic|p2a: Shuckle|[miss]\n|-miss|p1a: MyEx-Oh|p2a: Shuckle\n|move|p2a: Shuckle|Toxic|p1a: MyEx-Oh|[miss]\n|-miss|p2a: Shuckle|p1a: MyEx-Oh\n|\n|-end|p1a: MyEx-Oh|Infestation|[partiallytrapped]\n|upkeep\n|turn|13\n|c|\u2606JustMonika_CARR|Kek\n|\n|t:|1698515406\n|move|p1a: MyEx-Oh|Toxic|p2a: Shuckle|[miss]\n|-miss|p1a: MyEx-Oh|p2a: Shuckle\n|move|p2a: Shuckle|Toxic|p1a: MyEx-Oh\n|-status|p1a: MyEx-Oh|tox\n|\n|-damage|p1a: MyEx-Oh|27\/100 tox|[from] psn\n|upkeep\n|turn|14\n|\n|t:|1698515414\n|move|p1a: MyEx-Oh|Toxic|p2a: Shuckle\n|-status|p2a: Shuckle|tox\n|move|p2a: Shuckle|Shell Smash|p2a: Shuckle\n|-boost|p2a: Shuckle|def|1\n|-boost|p2a: Shuckle|spd|1\n|-unboost|p2a: Shuckle|atk|0\n|-unboost|p2a: Shuckle|spa|0\n|-unboost|p2a: Shuckle|spe|0\n|\n|-damage|p1a: MyEx-Oh|15\/100 tox|[from] psn\n|-damage|p2a: Shuckle|94\/100 tox|[from] psn\n|upkeep\n|turn|15\n|\n|t:|1698515423\n|move|p1a: MyEx-Oh|Brave Bird|p2a: Shuckle|[miss]\n|-miss|p1a: MyEx-Oh|p2a: Shuckle\n|move|p2a: Shuckle|Shell Smash|p2a: Shuckle\n|-boost|p2a: Shuckle|def|1\n|-boost|p2a: Shuckle|spd|1\n|-unboost|p2a: Shuckle|atk|0\n|-unboost|p2a: Shuckle|spa|0\n|-unboost|p2a: Shuckle|spe|0\n|\n|-damage|p1a: MyEx-Oh|0 fnt|[from] psn\n|faint|p1a: MyEx-Oh\n|-damage|p2a: Shuckle|82\/100 tox|[from] psn\n|upkeep\n|\n|t:|1698515433\n|switch|p1a: Dyson|Xerneas|100\/100\n|-ability|p1a: Dyson|Fairy Aura\n|turn|16\n|\n|t:|1698515439\n|move|p1a: Dyson|Geomancy||[still]\n|-prepare|p1a: Dyson|Geomancy\n|-enditem|p1a: Dyson|Power Herb\n|-anim|p1a: Dyson|Geomancy|p1a: Dyson\n|-boost|p1a: Dyson|spa|2\n|-boost|p1a: Dyson|spd|2\n|-boost|p1a: Dyson|spe|2\n|move|p2a: Shuckle|Toxic|p1a: Dyson\n|-status|p1a: Dyson|tox\n|\n|-damage|p1a: Dyson|94\/100 tox|[from] psn\n|-damage|p2a: Shuckle|64\/100 tox|[from] psn\n|upkeep\n|turn|17\n|\n|t:|1698515455\n|move|p1a: Dyson|Geomancy||[still]\n|-prepare|p1a: Dyson|Geomancy\n|move|p2a: Shuckle|Rest|p2a: Shuckle\n|-status|p2a: Shuckle|slp|[from] move: Rest\n|-heal|p2a: Shuckle|100\/100 slp|[silent]\n|\n|-damage|p1a: Dyson|82\/100 tox|[from] psn\n|upkeep\n|turn|18\n|\n|t:|1698515462\n|move|p1a: Dyson|Geomancy|p1a: Dyson|[from]lockedmove\n|-boost|p1a: Dyson|spa|2\n|-boost|p1a: Dyson|spd|2\n|-boost|p1a: Dyson|spe|2\n|cant|p2a: Shuckle|slp\n|\n|-damage|p1a: Dyson|64\/100 tox|[from] psn\n|upkeep\n|turn|19\n|c|\u2606JustMonika_CARR|smart\n|\n|t:|1698515469\n|move|p1a: Dyson|Geomancy||[still]\n|-prepare|p1a: Dyson|Geomancy\n|cant|p2a: Shuckle|slp\n|\n|-damage|p1a: Dyson|40\/100 tox|[from] psn\n|upkeep\n|turn|20\n|\n|t:|1698515481\n|move|p1a: Dyson|Geomancy|p1a: Dyson|[from]lockedmove\n|-boost|p1a: Dyson|spa|2\n|-boost|p1a: Dyson|spd|2\n|-boost|p1a: Dyson|spe|2\n|-curestatus|p2a: Shuckle|slp|[msg]\n|move|p2a: Shuckle|Infestation|p1a: Dyson\n|-resisted|p1a: Dyson\n|-damage|p1a: Dyson|39\/100 tox\n|-activate|p1a: Dyson|move: Infestation|[of] p2a: Shuckle\n|\n|-damage|p1a: Dyson|9\/100 tox|[from] psn\n|-damage|p1a: Dyson|0 fnt|[from] move: Infestation|[partiallytrapped]\n|faint|p1a: Dyson\n|upkeep\n|-message|AndTheJordSaid forfeited.\n|\n|win|JustMonika_CARR\n|raw|AndTheJordSaid's rating: 1380 &rarr; <strong>1360<\/strong><br \/>(-20 for losing)\n|raw|JustMonika_CARR's rating: 1375 &rarr; <strong>1395<\/strong><br \/>(+20 for winning)\n","uploadtime":1698515495,"views":10,"p1id":"andthejordsaid","p2id":"justmonikacarr","formatid":"gen9nationaldexubers","rating":1360,"private":0,"password":""}