{"id":"gen9nationaldexubers-1998061285","p1":"hexagonereal","p2":"championkenzy","format":"[Gen 9] National Dex Ubers","log":"|j|\u2606hexagonereal\n|j|\u2606championkenzy\n|t:|1700885341\n|gametype|singles\n|player|p1|hexagonereal|cyrus|1470\n|player|p2|championkenzy|elio|1416\n|teamsize|p1|6\n|teamsize|p2|6\n|gen|9\n|tier|[Gen 9] National Dex Ubers\n|rated|\n|rule|HP Percentage Mod: HP is shown in percentages\n|rule|Endless Battle Clause: Forcing endless battles is banned\n|rule|OHKO Clause: OHKO moves are banned\n|rule|Evasion Moves Clause: Evasion moves are banned\n|rule|Evasion Items Clause: Evasion items are banned\n|rule|Species Clause: Limit one of each Pok\u00e9mon\n|rule|Sleep Clause Mod: Limit one foe put to sleep\n|rule|Mega Rayquaza Clause: You cannot mega evolve Rayquaza\n|clearpoke\n|poke|p1|Eternatus|\n|poke|p1|Arceus-Water|\n|poke|p1|Xerneas-*|\n|poke|p1|Zygarde|\n|poke|p1|Groudon|\n|poke|p1|Zekrom|\n|poke|p2|Giratina-Origin|\n|poke|p2|Yveltal|\n|poke|p2|Zacian-*|\n|poke|p2|Alakazam, M|\n|poke|p2|Calyrex-Ice|\n|poke|p2|Chien-Pao|\n|teampreview\n|\n|t:|1700885351\n|start\n|switch|p1a: Groudon|Groudon|100\/100\n|switch|p2a: Chien-Pao|Chien-Pao|100\/100\n|-ability|p2a: Chien-Pao|Sword of Ruin\n|detailschange|p1a: Groudon|Groudon-Primal\n|-primal|p1a: Groudon|Red Orb\n|-weather|DesolateLand|[from] ability: Desolate Land|[of] p1a: Groudon\n|turn|1\n|\n|t:|1700885357\n|move|p2a: Chien-Pao|Icicle Crash|p1a: Groudon\n|-damage|p1a: Groudon|71\/100\n|move|p1a: Groudon|Will-O-Wisp|p2a: Chien-Pao\n|-status|p2a: Chien-Pao|brn\n|\n|-weather|DesolateLand|[upkeep]\n|-damage|p2a: Chien-Pao|95\/100 brn|[from] brn\n|upkeep\n|turn|2\n|\n|t:|1700885363\n|move|p2a: Chien-Pao|Icicle Crash|p1a: Groudon|[miss]\n|-miss|p2a: Chien-Pao|p1a: Groudon\n|move|p1a: Groudon|Spikes|p2a: Chien-Pao\n|-sidestart|p2: championkenzy|Spikes\n|\n|-weather|DesolateLand|[upkeep]\n|-damage|p2a: Chien-Pao|89\/100 brn|[from] brn\n|upkeep\n|turn|3\n|\n|t:|1700885367\n|move|p2a: Chien-Pao|Swords Dance|p2a: Chien-Pao\n|-boost|p2a: Chien-Pao|atk|2\n|move|p1a: Groudon|Precipice Blades|p2a: Chien-Pao\n|-damage|p2a: Chien-Pao|0 fnt\n|faint|p2a: Chien-Pao\n|\n|-weather|DesolateLand|[upkeep]\n|upkeep\n|\n|t:|1700885380\n|switch|p2a: Giratina|Giratina-Origin|100\/100\n|turn|4\n|\n|t:|1700885386\n|move|p2a: Giratina|Substitute|p2a: Giratina\n|-start|p2a: Giratina|Substitute\n|-damage|p2a: Giratina|76\/100\n|move|p1a: Groudon|Stone Edge|p2a: Giratina\n|-end|p2a: Giratina|Substitute\n|\n|-weather|DesolateLand|[upkeep]\n|upkeep\n|turn|5\n|\n|t:|1700885392\n|move|p2a: Giratina|Substitute|p2a: Giratina\n|-start|p2a: Giratina|Substitute\n|-damage|p2a: Giratina|51\/100\n|move|p1a: Groudon|Stone Edge|p2a: Giratina\n|-end|p2a: Giratina|Substitute\n|\n|-weather|DesolateLand|[upkeep]\n|upkeep\n|turn|6\n|\n|t:|1700885401\n|move|p2a: Giratina|Shadow Force||[still]\n|-prepare|p2a: Giratina|Shadow Force\n|move|p1a: Groudon|Stone Edge|p2a: Giratina|[miss]\n|-miss|p1a: Groudon|p2a: Giratina\n|\n|-weather|DesolateLand|[upkeep]\n|upkeep\n|turn|7\n|\n|t:|1700885415\n|-weather|none\n|switch|p1a: Eternatus|Eternatus|100\/100\n|-ability|p1a: Eternatus|Pressure\n|move|p2a: Giratina|Shadow Force|p1a: Eternatus|[from]lockedmove\n|-damage|p1a: Eternatus|36\/100\n|\n|upkeep\n|turn|8\n|\n|t:|1700885426\n|-terastallize|p2a: Giratina|Fairy\n|move|p1a: Eternatus|Dynamax Cannon|p2a: Giratina\n|-immune|p2a: Giratina\n|move|p2a: Giratina|Dragon Claw|p1a: Eternatus\n|-supereffective|p1a: Eternatus\n|-damage|p1a: Eternatus|0 fnt\n|faint|p1a: Eternatus\n|\n|upkeep\n|\n|t:|1700885463\n|switch|p1a: Arceus|Arceus-Water|100\/100\n|turn|9\n|\n|t:|1700885469\n|move|p1a: Arceus|Thunder Wave|p2a: Giratina\n|-status|p2a: Giratina|par\n|cant|p2a: Giratina|par\n|\n|upkeep\n|turn|10\n|\n|t:|1700885473\n|move|p1a: Arceus|Judgment|p2a: Giratina\n|-damage|p2a: Giratina|15\/100 par\n|move|p2a: Giratina|Shadow Force||[still]\n|-prepare|p2a: Giratina|Shadow Force\n|\n|upkeep\n|turn|11\n|\n|t:|1700885483\n|move|p1a: Arceus|Judgment|p2a: Giratina|[miss]\n|-miss|p1a: Arceus|p2a: Giratina\n|move|p2a: Giratina|Shadow Force|p1a: Arceus|[from]lockedmove\n|-damage|p1a: Arceus|55\/100\n|\n|upkeep\n|turn|12\n|\n|t:|1700885491\n|move|p1a: Arceus|Judgment|p2a: Giratina\n|-damage|p2a: Giratina|0 fnt\n|faint|p2a: Giratina\n|\n|upkeep\n|\n|t:|1700885501\n|switch|p2a: Alakazam|Alakazam, M|100\/100\n|-damage|p2a: Alakazam|88\/100|[from] Spikes\n|turn|13\n|\n|t:|1700885504\n|detailschange|p2a: Alakazam|Alakazam-Mega, M\n|-mega|p2a: Alakazam|Alakazam|Alakazite\n|move|p2a: Alakazam|Psychic|p1a: Arceus\n|-damage|p1a: Arceus|14\/100\n|move|p1a: Arceus|Judgment|p2a: Alakazam\n|-damage|p2a: Alakazam|20\/100\n|\n|upkeep\n|turn|14\n|\n|t:|1700885512\n|move|p2a: Alakazam|Psychic|p1a: Arceus\n|-damage|p1a: Arceus|0 fnt\n|faint|p1a: Arceus\n|\n|upkeep\n|\n|t:|1700885521\n|switch|p1a: Zygarde|Zygarde|100\/100\n|turn|15\n|\n|t:|1700885528\n|-terastallize|p1a: Zygarde|Steel\n|move|p2a: Alakazam|Psychic|p1a: Zygarde\n|-resisted|p1a: Zygarde\n|-damage|p1a: Zygarde|72\/100\n|move|p1a: Zygarde|Glare|p2a: Alakazam\n|-status|p2a: Alakazam|par\n|\n|-heal|p1a: Zygarde|78\/100|[from] item: Leftovers\n|upkeep\n|turn|16\n|\n|t:|1700885537\n|move|p1a: Zygarde|Substitute|p1a: Zygarde\n|-start|p1a: Zygarde|Substitute\n|-damage|p1a: Zygarde|53\/100\n|cant|p2a: Alakazam|par\n|\n|-heal|p1a: Zygarde|59\/100|[from] item: Leftovers\n|upkeep\n|turn|17\n|\n|t:|1700885540\n|move|p1a: Zygarde|Dragon Dance|p1a: Zygarde\n|-boost|p1a: Zygarde|atk|1\n|-boost|p1a: Zygarde|spe|1\n|move|p2a: Alakazam|Focus Blast|p1a: Zygarde\n|-supereffective|p1a: Zygarde\n|-end|p1a: Zygarde|Substitute\n|\n|-heal|p1a: Zygarde|65\/100|[from] item: Leftovers\n|upkeep\n|turn|18\n|\n|t:|1700885546\n|move|p1a: Zygarde|Thousand Arrows|p2a: Alakazam\n|-damage|p2a: Alakazam|0 fnt\n|faint|p2a: Alakazam\n|\n|-heal|p1a: Zygarde|72\/100|[from] item: Leftovers\n|upkeep\n|\n|t:|1700885553\n|switch|p2a: Calyrex|Calyrex-Ice|100\/100\n|-ability|p2a: Calyrex|As One\n|-ability|p2a: Calyrex|Unnerve\n|-damage|p2a: Calyrex|88\/100|[from] Spikes\n|turn|19\n|\n|t:|1700885557\n|move|p1a: Zygarde|Thousand Arrows|p2a: Calyrex\n|-damage|p2a: Calyrex|53\/100\n|move|p2a: Calyrex|Trick Room|p2a: Calyrex\n|-fieldstart|move: Trick Room|[of] p2a: Calyrex\n|\n|-heal|p1a: Zygarde|78\/100|[from] item: Leftovers\n|upkeep\n|turn|20\n|\n|t:|1700885567\n|move|p2a: Calyrex|High Horsepower|p1a: Zygarde\n|-supereffective|p1a: Zygarde\n|-damage|p1a: Zygarde|5\/100\n|move|p1a: Zygarde|Thousand Arrows|p2a: Calyrex\n|-crit|p2a: Calyrex\n|-damage|p2a: Calyrex|0 fnt\n|faint|p2a: Calyrex\n|\n|-heal|p1a: Zygarde|11\/100|[from] item: Leftovers\n|-activate|p1a: Zygarde|ability: Power Construct\n|detailschange|p1a: Zygarde|Zygarde-Complete, tera:Steel\n|-heal|p1a: Zygarde|45\/100|[silent]\n|upkeep\n|\n|t:|1700885577\n|switch|p2a: Yveltal|Yveltal|100\/100\n|-ability|p2a: Yveltal|Dark Aura\n|turn|21\n|\n|t:|1700885584\n|move|p2a: Yveltal|Knock Off|p1a: Zygarde\n|-damage|p1a: Zygarde|9\/100\n|-enditem|p1a: Zygarde|Leftovers|[from] move: Knock Off|[of] p2a: Yveltal\n|move|p1a: Zygarde|Thousand Arrows|p2a: Yveltal\n|-damage|p2a: Yveltal|39\/100\n|-start|p2a: Yveltal|Smack Down\n|\n|upkeep\n|turn|22\n|\n|t:|1700885590\n|move|p2a: Yveltal|Sucker Punch|p1a: Zygarde\n|-damage|p1a: Zygarde|0 fnt\n|faint|p1a: Zygarde\n|\n|upkeep\n|\n|t:|1700885603\n|switch|p1a: Zekrom|Zekrom|100\/100\n|-ability|p1a: Zekrom|Teravolt\n|turn|23\n|\n|t:|1700885608\n|move|p2a: Yveltal|Sucker Punch||[still]\n|-fail|p2a: Yveltal\n|move|p1a: Zekrom|Substitute|p1a: Zekrom\n|-start|p1a: Zekrom|Substitute\n|-damage|p1a: Zekrom|76\/100\n|\n|-fieldend|move: Trick Room\n|upkeep\n|turn|24\n|\n|t:|1700885615\n|move|p2a: Yveltal|Knock Off|p1a: Zekrom\n|-end|p1a: Zekrom|Substitute\n|move|p1a: Zekrom|Dragon Dance|p1a: Zekrom\n|-boost|p1a: Zekrom|atk|1\n|-boost|p1a: Zekrom|spe|1\n|\n|upkeep\n|turn|25\n|\n|t:|1700885624\n|move|p1a: Zekrom|Substitute|p1a: Zekrom\n|-start|p1a: Zekrom|Substitute\n|-damage|p1a: Zekrom|51\/100\n|move|p2a: Yveltal|Knock Off|p1a: Zekrom\n|-end|p1a: Zekrom|Substitute\n|\n|upkeep\n|turn|26\n|\n|t:|1700885626\n|move|p1a: Zekrom|Fusion Bolt|p2a: Yveltal\n|-supereffective|p2a: Yveltal\n|-damage|p2a: Yveltal|0 fnt\n|faint|p2a: Yveltal\n|-damage|p1a: Zekrom|41\/100|[from] item: Life Orb\n|\n|upkeep\n|\n|t:|1700885629\n|switch|p2a: Zacian|Zacian-Crowned|100\/100\n|-damage|p2a: Zacian|88\/100|[from] Spikes\n|-ability|p2a: Zacian|Intrepid Sword|boost\n|-boost|p2a: Zacian|atk|1\n|turn|27\n|\n|t:|1700885633\n|move|p2a: Zacian|Swords Dance|p2a: Zacian\n|-boost|p2a: Zacian|atk|2\n|move|p1a: Zekrom|Fusion Bolt|p2a: Zacian\n|-damage|p2a: Zacian|0 fnt\n|faint|p2a: Zacian\n|-damage|p1a: Zekrom|31\/100|[from] item: Life Orb\n|\n|win|hexagonereal\n|raw|hexagonereal's rating: 1470 &rarr; <strong>1487<\/strong><br \/>(+17 for winning)\n|raw|championkenzy's rating: 1416 &rarr; <strong>1399<\/strong><br \/>(-17 for losing)\n","uploadtime":1700885641,"views":2,"p1id":"hexagonereal","p2id":"championkenzy","formatid":"gen9nationaldexubers","rating":1399,"private":0,"password":""}