{"id":"gen9nationaldexubers-1980441752","p1":"PureCompany","p2":"Breeze88","format":"[Gen 9] National Dex Ubers","log":"|j|\u2606PureCompany\n|j|\u2606Breeze88\n|t:|1698785262\n|gametype|singles\n|player|p1|PureCompany|1|1438\n|player|p2|Breeze88|steven|1611\n|teamsize|p1|6\n|teamsize|p2|6\n|gen|9\n|tier|[Gen 9] National Dex Ubers\n|rated|\n|rule|HP Percentage Mod: HP is shown in percentages\n|rule|Endless Battle Clause: Forcing endless battles is banned\n|rule|OHKO Clause: OHKO moves are banned\n|rule|Evasion Moves Clause: Evasion moves are banned\n|rule|Evasion Items Clause: Evasion items are banned\n|rule|Species Clause: Limit one of each Pok\u00e9mon\n|rule|Sleep Clause Mod: Limit one foe put to sleep\n|rule|Mega Rayquaza Clause: You cannot mega evolve Rayquaza\n|clearpoke\n|poke|p1|Arceus-Ground|\n|poke|p1|Zacian-*|\n|poke|p1|Necrozma-Dusk-Mane|\n|poke|p1|Yveltal|\n|poke|p1|Genesect|\n|poke|p1|Eternatus|\n|poke|p2|Shuckle, M|\n|poke|p2|Gholdengo|\n|poke|p2|Yveltal|\n|poke|p2|Groudon|\n|poke|p2|Arceus-Ground|\n|poke|p2|Xerneas-*|\n|teampreview\n|inactive|Battle timer is ON: inactive players will automatically lose when time's up. (requested by Breeze88)\n|c|\u2606Breeze88|glhf\n|\n|t:|1698785290\n|start\n|switch|p1a: Necrozma|Necrozma-Dusk-Mane|100\/100\n|switch|p2a: Shuckle|Shuckle, M, shiny|100\/100\n|turn|1\n|c|\u2606PureCompany|You too\n|c|\u2606Breeze88|thx\n|\n|t:|1698785301\n|move|p1a: Necrozma|Sunsteel Strike|p2a: Shuckle\n|-supereffective|p2a: Shuckle\n|-damage|p2a: Shuckle|36\/100\n|move|p2a: Shuckle|Sticky Web|p1a: Necrozma\n|-sidestart|p1: PureCompany|move: Sticky Web\n|\n|upkeep\n|turn|2\n|\n|t:|1698785309\n|move|p1a: Necrozma|Autotomize|p1a: Necrozma\n|-boost|p1a: Necrozma|spe|2\n|-start|p1a: Necrozma|Autotomize\n|move|p2a: Shuckle|Encore|p1a: Necrozma\n|-start|p1a: Necrozma|Encore\n|\n|upkeep\n|turn|3\n|\n|t:|1698785322\n|move|p1a: Necrozma|Autotomize|p1a: Necrozma\n|-boost|p1a: Necrozma|spe|2\n|-start|p1a: Necrozma|Autotomize\n|move|p2a: Shuckle|Stealth Rock|p1a: Necrozma\n|-sidestart|p1: PureCompany|move: Stealth Rock\n|\n|upkeep\n|turn|4\n|\n|t:|1698785326\n|switch|p2a: Groudon|Groudon|100\/100\n|detailschange|p2a: Groudon|Groudon-Primal\n|-primal|p2a: Groudon|Red Orb\n|-weather|DesolateLand|[from] ability: Desolate Land|[of] p2a: Groudon\n|move|p1a: Necrozma|Autotomize|p1a: Necrozma\n|-boost|p1a: Necrozma|spe|2\n|-start|p1a: Necrozma|Autotomize\n|\n|-weather|DesolateLand|[upkeep]\n|upkeep\n|turn|5\n|\n|t:|1698785332\n|detailschange|p1a: Necrozma|Necrozma-Ultra\n|-burst|p1a: Necrozma|Necrozma|Ultranecrozium Z\n|move|p1a: Necrozma|Autotomize||[still]\n|-fail|p1a: Necrozma\n|move|p2a: Groudon|Eruption|p1a: Necrozma\n|-resisted|p1a: Necrozma\n|-crit|p1a: Necrozma\n|-damage|p1a: Necrozma|0 fnt\n|faint|p1a: Necrozma\n|\n|-weather|DesolateLand|[upkeep]\n|upkeep\n|\n|t:|1698785343\n|switch|p1a: Arceus|Arceus-Ground|100\/100\n|-activate|p1a: Arceus|move: Sticky Web\n|-unboost|p1a: Arceus|spe|1\n|-damage|p1a: Arceus|94\/100|[from] Stealth Rock\n|turn|6\n|\n|t:|1698785349\n|-weather|none\n|switch|p2a: Shuckle|Shuckle, M, shiny|36\/100\n|move|p1a: Arceus|Judgment|p2a: Shuckle\n|-damage|p2a: Shuckle|0 fnt\n|faint|p2a: Shuckle\n|\n|upkeep\n|\n|t:|1698785365\n|switch|p2a: Xerneas|Xerneas, shiny|100\/100\n|-ability|p2a: Xerneas|Fairy Aura\n|turn|7\n|\n|t:|1698785372\n|switch|p1a: Genesect|Genesect, shiny|100\/100\n|-activate|p1a: Genesect|move: Sticky Web\n|-unboost|p1a: Genesect|spe|1\n|-damage|p1a: Genesect|88\/100|[from] Stealth Rock\n|-ability|p1a: Genesect|Download|boost\n|-boost|p1a: Genesect|atk|1\n|move|p2a: Xerneas|Geomancy||[still]\n|-prepare|p2a: Xerneas|Geomancy\n|-enditem|p2a: Xerneas|Power Herb\n|-anim|p2a: Xerneas|Geomancy|p2a: Xerneas\n|-boost|p2a: Xerneas|spa|2\n|-boost|p2a: Xerneas|spd|2\n|-boost|p2a: Xerneas|spe|2\n|\n|upkeep\n|turn|8\n|\n|t:|1698785402\n|-terastallize|p2a: Xerneas|Fairy\n|-terastallize|p1a: Genesect|Normal\n|move|p1a: Genesect|Extreme Speed|p2a: Xerneas\n|-damage|p2a: Xerneas|55\/100\n|move|p2a: Xerneas|Moonblast|p1a: Genesect\n|-damage|p1a: Genesect|0 fnt\n|faint|p1a: Genesect\n|\n|upkeep\n|inactive|PureCompany has 120 seconds left.\n|\n|t:|1698785414\n|switch|p1a: Zacian|Zacian-Crowned|100\/100\n|-activate|p1a: Zacian|move: Sticky Web\n|-unboost|p1a: Zacian|spe|1\n|-damage|p1a: Zacian|94\/100|[from] Stealth Rock\n|-ability|p1a: Zacian|Intrepid Sword|boost\n|-boost|p1a: Zacian|atk|1\n|turn|9\n|\n|t:|1698785418\n|move|p2a: Xerneas|Moonblast|p1a: Zacian\n|-resisted|p1a: Zacian\n|-damage|p1a: Zacian|6\/100\n|move|p1a: Zacian|Behemoth Blade|p2a: Xerneas\n|-supereffective|p2a: Xerneas\n|-damage|p2a: Xerneas|0 fnt\n|faint|p2a: Xerneas\n|\n|upkeep\n|\n|t:|1698785432\n|switch|p2a: Arceus|Arceus-Ground|100\/100\n|turn|10\n|\n|t:|1698785438\n|move|p2a: Arceus|Swords Dance|p2a: Arceus\n|-boost|p2a: Arceus|atk|2\n|move|p1a: Zacian|Trailblaze|p2a: Arceus\n|-supereffective|p2a: Arceus\n|-damage|p2a: Arceus|58\/100\n|-boost|p1a: Zacian|spe|1\n|\n|upkeep\n|turn|11\n|\n|t:|1698785453\n|switch|p2a: Gholdengo|Gholdengo|100\/100\n|move|p1a: Zacian|Behemoth Blade|p2a: Gholdengo\n|-resisted|p2a: Gholdengo\n|-damage|p2a: Gholdengo|50\/100\n|\n|upkeep\n|turn|12\n|\n|t:|1698785462\n|move|p1a: Zacian|Behemoth Blade|p2a: Gholdengo\n|-resisted|p2a: Gholdengo\n|-damage|p2a: Gholdengo|3\/100\n|move|p2a: Gholdengo|Shadow Ball|p1a: Zacian\n|-damage|p1a: Zacian|0 fnt\n|faint|p1a: Zacian\n|\n|upkeep\n|\n|t:|1698785472\n|switch|p1a: Yveltal|Yveltal|100\/100\n|-ability|p1a: Yveltal|Dark Aura\n|turn|13\n|\n|t:|1698785475\n|move|p2a: Gholdengo|Shadow Ball|p1a: Yveltal\n|-resisted|p1a: Yveltal\n|-damage|p1a: Yveltal|75\/100\n|move|p1a: Yveltal|Oblivion Wing|p2a: Gholdengo\n|-resisted|p2a: Gholdengo\n|-damage|p2a: Gholdengo|0 fnt\n|-heal|p1a: Yveltal|76\/100|[from] drain|[of] p2a: Gholdengo\n|faint|p2a: Gholdengo\n|\n|upkeep\n|\n|t:|1698785487\n|switch|p2a: Groudon|Groudon-Primal|100\/100\n|-weather|DesolateLand|[from] ability: Desolate Land|[of] p2a: Groudon\n|turn|14\n|\n|t:|1698785490\n|move|p2a: Groudon|Eruption|p1a: Yveltal\n|-damage|p1a: Yveltal|0 fnt\n|faint|p1a: Yveltal\n|\n|-weather|DesolateLand|[upkeep]\n|upkeep\n|\n|t:|1698785494\n|switch|p1a: Arceus|Arceus-Ground|94\/100\n|-activate|p1a: Arceus|move: Sticky Web\n|-unboost|p1a: Arceus|spe|1\n|-damage|p1a: Arceus|88\/100|[from] Stealth Rock\n|turn|15\n|\n|t:|1698785501\n|move|p2a: Groudon|Eruption|p1a: Arceus\n|-crit|p1a: Arceus\n|-damage|p1a: Arceus|0 fnt\n|faint|p1a: Arceus\n|\n|-weather|DesolateLand|[upkeep]\n|upkeep\n|-message|PureCompany forfeited.\n|\n|win|Breeze88\n|raw|PureCompany's rating: 1438 &rarr; <strong>1427<\/strong><br \/>(-11 for losing)\n|raw|Breeze88's rating: 1611 &rarr; <strong>1622<\/strong><br \/>(+11 for winning)\n|l|\u2606PureCompany\n|c|\u2606Breeze88|ggwp\n","uploadtime":1698785635,"views":4,"p1id":"purecompany","p2id":"breeze88","formatid":"gen9nationaldexubers","rating":1427,"private":0,"password":""}