{"id":"gen9nationaldexubers-1999178001","p1":"Guy bb","p2":"Th3K1ng123","format":"[Gen 9] National Dex Ubers","log":"|j|\u2606Guy bb\n|j|\u2606Th3K1ng123\n|t:|1701041887\n|gametype|singles\n|player|p1|Guy bb|unknown|1216\n|player|p2|Th3K1ng123|turo|1336\n|teamsize|p1|6\n|teamsize|p2|6\n|gen|9\n|tier|[Gen 9] National Dex Ubers\n|rated|\n|rule|HP Percentage Mod: HP is shown in percentages\n|rule|Endless Battle Clause: Forcing endless battles is banned\n|rule|OHKO Clause: OHKO moves are banned\n|rule|Evasion Moves Clause: Evasion moves are banned\n|rule|Evasion Items Clause: Evasion items are banned\n|rule|Species Clause: Limit one of each Pok\u00e9mon\n|rule|Sleep Clause Mod: Limit one foe put to sleep\n|rule|Mega Rayquaza Clause: You cannot mega evolve Rayquaza\n|clearpoke\n|poke|p1|Dragapult, M|\n|poke|p1|Necrozma-Dusk-Mane|\n|poke|p1|Groudon|\n|poke|p1|Kingambit, M|\n|poke|p1|Gyarados, M|\n|poke|p1|Xerneas-*|\n|poke|p2|Kyurem-White|\n|poke|p2|Kyogre|\n|poke|p2|Mewtwo|\n|poke|p2|Deoxys-Attack|\n|poke|p2|Roaring Moon|\n|poke|p2|Chien-Pao|\n|teampreview\n|inactive|Battle timer is ON: inactive players will automatically lose when time's up. (requested by Th3K1ng123)\n|inactive|Guy bb has 120 seconds left.\n|inactive|Th3K1ng123 has 120 seconds left.\n|inactive|Guy bb has 90 seconds left.\n|inactive|Guy bb has 60 seconds left.\n|\n|t:|1701041984\n|start\n|switch|p1a: Xerneas|Xerneas, shiny|100\/100\n|switch|p2a: Willy|Kyogre, shiny|100\/100\n|-weather|RainDance|[from] ability: Drizzle|[of] p2a: Willy\n|-ability|p1a: Xerneas|Fairy Aura\n|turn|1\n|inactive|Guy bb has 120 seconds left.\n|\n|t:|1701042008\n|move|p2a: Willy|Water Spout|p1a: Xerneas\n|-damage|p1a: Xerneas|0 fnt\n|faint|p1a: Xerneas\n|\n|-weather|RainDance|[upkeep]\n|upkeep\n|\n|t:|1701042018\n|switch|p1a: Groudon|Groudon, shiny|100\/100\n|detailschange|p1a: Groudon|Groudon-Primal, shiny\n|-primal|p1a: Groudon|Red Orb\n|-weather|DesolateLand|[from] ability: Desolate Land|[of] p1a: Groudon\n|turn|2\n|inactive|Guy bb has 120 seconds left.\n|\n|t:|1701042038\n|switch|p2a: French|Roaring Moon, shiny|100\/100\n|move|p1a: Groudon|Precipice Blades|p2a: French|[miss]\n|-miss|p1a: Groudon|p2a: French\n|\n|-weather|DesolateLand|[upkeep]\n|upkeep\n|turn|3\n|\n|t:|1701042050\n|move|p2a: French|Knock Off|p1a: Groudon\n|-damage|p1a: Groudon|72\/100\n|move|p1a: Groudon|Precipice Blades|p2a: French\n|-damage|p2a: French|2\/100\n|\n|-weather|DesolateLand|[upkeep]\n|upkeep\n|turn|4\n|\n|t:|1701042057\n|move|p2a: French|Knock Off|p1a: Groudon\n|-damage|p1a: Groudon|39\/100\n|move|p1a: Groudon|Rock Tomb|p2a: French\n|-damage|p2a: French|0 fnt\n|faint|p2a: French\n|-end|p2a: French|Protosynthesis|[silent]\n|\n|-weather|DesolateLand|[upkeep]\n|upkeep\n|\n|t:|1701042071\n|switch|p2a: Tyga|Chien-Pao|100\/100\n|-ability|p2a: Tyga|Sword of Ruin\n|turn|5\n|\n|t:|1701042082\n|move|p2a: Tyga|Ice Spinner|p1a: Groudon\n|-damage|p1a: Groudon|0 fnt\n|faint|p1a: Groudon\n|-weather|none\n|\n|upkeep\n|inactive|Guy bb has 120 seconds left.\n|\n|t:|1701042115\n|switch|p1a: Zerneas killer\u274c|Necrozma-Dusk-Mane, shiny|100\/100\n|turn|6\n|inactive|Guy bb has 90 seconds left.\n|\n|t:|1701042172\n|switch|p2a: Willy|Kyogre, shiny|100\/100\n|-weather|RainDance|[from] ability: Drizzle|[of] p2a: Willy\n|-zpower|p1a: Zerneas killer\u274c\n|move|p1a: Zerneas killer\u274c|Searing Sunraze Smash|p2a: Willy|[zeffect]\n|-resisted|p2a: Willy\n|-damage|p2a: Willy|37\/100\n|\n|-weather|RainDance|[upkeep]\n|upkeep\n|turn|7\n|inactive|Guy bb has 60 seconds left.\n|\n|t:|1701042191\n|move|p2a: Willy|Scald|p1a: Zerneas killer\u274c\n|-damage|p1a: Zerneas killer\u274c|35\/100\n|move|p1a: Zerneas killer\u274c|Earthquake|p2a: Willy\n|-damage|p2a: Willy|0 fnt\n|faint|p2a: Willy\n|\n|-weather|RainDance|[upkeep]\n|upkeep\n|\n|t:|1701042203\n|switch|p2a: Tyga|Chien-Pao|100\/100\n|-ability|p2a: Tyga|Sword of Ruin\n|turn|8\n|\n|t:|1701042213\n|move|p2a: Tyga|Sacred Sword|p1a: Zerneas killer\u274c\n|-damage|p1a: Zerneas killer\u274c|0 fnt\n|faint|p1a: Zerneas killer\u274c\n|\n|-weather|RainDance|[upkeep]\n|upkeep\n|inactive|Guy bb has 60 seconds left.\n|\n|t:|1701042225\n|switch|p1a: Gyarados|Gyarados, M, shiny|100\/100\n|-ability|p1a: Gyarados|Intimidate|boost\n|-unboost|p2a: Tyga|atk|1\n|turn|9\n|inactive|Guy bb has 60 seconds left.\n|\n|t:|1701042238\n|switch|p2a: Frozone|Kyurem-White, shiny|100\/100\n|-ability|p2a: Frozone|Turboblaze\n|detailschange|p1a: Gyarados|Gyarados-Mega, M, shiny\n|-mega|p1a: Gyarados|Gyarados|Gyaradosite\n|-ability|p1a: Gyarados|Mold Breaker\n|move|p1a: Gyarados|Dragon Dance|p1a: Gyarados\n|-boost|p1a: Gyarados|atk|1\n|-boost|p1a: Gyarados|spe|1\n|\n|-weather|RainDance|[upkeep]\n|upkeep\n|turn|10\n|inactive|Guy bb has 60 seconds left.\n|\n|t:|1701042253\n|move|p2a: Frozone|Freeze-Dry|p1a: Gyarados\n|-supereffective|p1a: Gyarados\n|-damage|p1a: Gyarados|33\/100\n|move|p1a: Gyarados|Waterfall|p2a: Frozone\n|-resisted|p2a: Frozone\n|-damage|p2a: Frozone|59\/100\n|\n|-weather|none\n|upkeep\n|turn|11\n|inactive|Guy bb has 60 seconds left.\n|\n|t:|1701042265\n|move|p2a: Frozone|Freeze-Dry|p1a: Gyarados\n|-supereffective|p1a: Gyarados\n|-damage|p1a: Gyarados|0 fnt\n|faint|p1a: Gyarados\n|\n|upkeep\n|inactive|Guy bb has 60 seconds left.\n|\n|t:|1701042274\n|switch|p1a: Dragapult|Dragapult, M, shiny|100\/100\n|turn|12\n|\n|t:|1701042279\n|move|p2a: Frozone|Freeze-Dry|p1a: Dragapult\n|-supereffective|p1a: Dragapult\n|-damage|p1a: Dragapult|0 fnt\n|faint|p1a: Dragapult\n|\n|upkeep\n|inactive|Guy bb has 60 seconds left.\n|\n|t:|1701042300\n|switch|p1a: Kingambit|Kingambit, M, shiny|100\/100\n|-activate|p1a: Kingambit|ability: Supreme Overlord\n|-start|p1a: Kingambit|fallen5|[silent]\n|turn|13\n|\n|t:|1701042322\n|switch|p2a: Banana Mode|Deoxys-Attack, shiny|100\/100\n|-ability|p2a: Banana Mode|Pressure\n|move|p1a: Kingambit|Sucker Punch||[still]\n|-fail|p1a: Kingambit\n|\n|upkeep\n|turn|14\n|\n|t:|1701042335\n|move|p2a: Banana Mode|Fire Punch|p1a: Kingambit\n|-supereffective|p1a: Kingambit\n|-damage|p1a: Kingambit|24\/100\n|move|p1a: Kingambit|Kowtow Cleave|p2a: Banana Mode\n|-supereffective|p2a: Banana Mode\n|-damage|p2a: Banana Mode|0 fnt\n|faint|p2a: Banana Mode\n|\n|upkeep\n|\n|t:|1701042348\n|switch|p2a: Beerus|Mewtwo, shiny|100\/100\n|-ability|p2a: Beerus|Unnerve\n|turn|15\n|\n|t:|1701042354\n|-terastallize|p2a: Beerus|Fairy\n|move|p1a: Kingambit|Sucker Punch|p2a: Beerus\n|-resisted|p2a: Beerus\n|-damage|p2a: Beerus|73\/100\n|move|p2a: Beerus|Flamethrower|p1a: Kingambit\n|-supereffective|p1a: Kingambit\n|-damage|p1a: Kingambit|0 fnt\n|faint|p1a: Kingambit\n|-end|p1a: Kingambit|fallen5|[silent]\n|\n|win|Th3K1ng123\n|raw|Guy bb's rating: 1216 &rarr; <strong>1199<\/strong><br \/>(-17 for losing)\n|raw|Th3K1ng123's rating: 1336 &rarr; <strong>1349<\/strong><br \/>(+13 for winning)\n","uploadtime":1701042366,"views":2,"p1id":"guybb","p2id":"th3k1ng123","formatid":"gen9nationaldexubers","rating":1199,"private":0,"password":""}