{"id":"gen9nationaldexubers-1992834198","p1":"Discri","p2":"XJohnson","format":"[Gen 9] National Dex Ubers","log":"|j|\u2606Discri\n|j|\u2606XJohnson\n|t:|1700239456\n|gametype|singles\n|player|p1|Discri|juggler|1241\n|player|p2|XJohnson|gloria-masters|1194\n|teamsize|p1|6\n|teamsize|p2|6\n|gen|9\n|tier|[Gen 9] National Dex Ubers\n|rated|\n|rule|HP Percentage Mod: HP is shown in percentages\n|rule|Endless Battle Clause: Forcing endless battles is banned\n|rule|OHKO Clause: OHKO moves are banned\n|rule|Evasion Moves Clause: Evasion moves are banned\n|rule|Evasion Items Clause: Evasion items are banned\n|rule|Species Clause: Limit one of each Pok\u00e9mon\n|rule|Sleep Clause Mod: Limit one foe put to sleep\n|rule|Mega Rayquaza Clause: You cannot mega evolve Rayquaza\n|clearpoke\n|poke|p1|Reshiram|\n|poke|p1|Absol, F|\n|poke|p1|Lucario, F|\n|poke|p1|Ferrothorn, F|\n|poke|p1|Zygarde|\n|poke|p1|Iron Bundle|\n|poke|p2|Shaymin-Sky|\n|poke|p2|Yveltal|\n|poke|p2|Lunala|\n|poke|p2|Tapu Bulu|\n|poke|p2|Annihilape, M|\n|poke|p2|Ninetales-Alola, F|\n|teampreview\n|\n|t:|1700239480\n|start\n|switch|p1a: Zygarde|Zygarde, shiny|100\/100\n|switch|p2a: Ninetales|Ninetales-Alola, F|100\/100\n|-weather|Snow|[from] ability: Snow Warning|[of] p2a: Ninetales\n|turn|1\n|\n|t:|1700239487\n|move|p2a: Ninetales|Freeze-Dry|p1a: Zygarde\n|-supereffective|p1a: Zygarde\n|-damage|p1a: Zygarde|20\/100\n|move|p1a: Zygarde|Thousand Arrows|p2a: Ninetales\n|-damage|p2a: Ninetales|64\/100\n|\n|-weather|Snow|[upkeep]\n|-heal|p1a: Zygarde|27\/100|[from] item: Leftovers\n|-activate|p1a: Zygarde|ability: Power Construct\n|detailschange|p1a: Zygarde|Zygarde-Complete, shiny\n|-heal|p1a: Zygarde|53\/100|[silent]\n|upkeep\n|turn|2\n|\n|t:|1700239493\n|move|p2a: Ninetales|Aurora Veil|p2a: Ninetales\n|-sidestart|p2: XJohnson|move: Aurora Veil\n|move|p1a: Zygarde|Thousand Waves|p2a: Ninetales\n|-damage|p2a: Ninetales|49\/100\n|-activate|p2a: Ninetales|trapped\n|\n|-weather|Snow|[upkeep]\n|-heal|p1a: Zygarde|59\/100|[from] item: Leftovers\n|upkeep\n|turn|3\n|\n|t:|1700239500\n|switch|p1a: Lucario|Lucario, F, shiny|100\/100\n|move|p2a: Ninetales|Freeze-Dry|p1a: Lucario\n|-resisted|p1a: Lucario\n|-damage|p1a: Lucario|87\/100\n|\n|-weather|Snow|[upkeep]\n|upkeep\n|turn|4\n|\n|t:|1700239505\n|switch|p2a: Annihilape|Annihilape, M|100\/100\n|detailschange|p1a: Lucario|Lucario-Mega, F, shiny\n|-mega|p1a: Lucario|Lucario|Lucarionite\n|move|p1a: Lucario|Power-Up Punch|p2a: Annihilape\n|-immune|p2a: Annihilape\n|\n|-weather|Snow|[upkeep]\n|upkeep\n|turn|5\n|\n|t:|1700239510\n|switch|p1a: Reshiram|Reshiram, shiny|100\/100\n|-ability|p1a: Reshiram|Turboblaze\n|move|p2a: Annihilape|Stealth Rock|p1a: Reshiram\n|-sidestart|p1: Discri|move: Stealth Rock\n|\n|-weather|none\n|upkeep\n|turn|6\n|\n|t:|1700239519\n|switch|p2a: Ninetales|Ninetales-Alola, F|49\/100\n|-weather|Snow|[from] ability: Snow Warning|[of] p2a: Ninetales\n|move|p1a: Reshiram|Fusion Flare|p2a: Ninetales\n|-supereffective|p2a: Ninetales\n|-damage|p2a: Ninetales|0 fnt\n|faint|p2a: Ninetales\n|\n|-weather|Snow|[upkeep]\n|upkeep\n|\n|t:|1700239528\n|switch|p2a: Yveltal|Yveltal|100\/100\n|-ability|p2a: Yveltal|Dark Aura\n|turn|7\n|\n|t:|1700239534\n|move|p2a: Yveltal|Oblivion Wing|p1a: Reshiram\n|-damage|p1a: Reshiram|46\/100\n|move|p1a: Reshiram|Draco Meteor|p2a: Yveltal\n|-damage|p2a: Yveltal|65\/100\n|-unboost|p1a: Reshiram|spa|2\n|\n|-weather|Snow|[upkeep]\n|upkeep\n|turn|8\n|\n|t:|1700239541\n|move|p2a: Yveltal|Oblivion Wing|p1a: Reshiram\n|-damage|p1a: Reshiram|0 fnt\n|-heal|p2a: Yveltal|97\/100|[from] drain|[of] p1a: Reshiram\n|faint|p1a: Reshiram\n|\n|-weather|Snow|[upkeep]\n|upkeep\n|\n|t:|1700239547\n|switch|p1a: Absol|Absol, F, shiny|100\/100\n|-damage|p1a: Absol|88\/100|[from] Stealth Rock\n|turn|9\n|\n|t:|1700239549\n|move|p2a: Yveltal|Oblivion Wing|p1a: Absol\n|-damage|p1a: Absol|0 fnt\n|-heal|p2a: Yveltal|100\/100|[from] drain|[of] p1a: Absol\n|faint|p1a: Absol\n|\n|-weather|Snow|[upkeep]\n|-sideend|p2: XJohnson|move: Aurora Veil\n|upkeep\n|\n|t:|1700239559\n|switch|p1a: Bundles|Iron Bundle|100\/100\n|-damage|p1a: Bundles|76\/100|[from] Stealth Rock\n|turn|10\n|\n|t:|1700239570\n|-terastallize|p1a: Bundles|Ice\n|-terastallize|p2a: Yveltal|Dark\n|move|p1a: Bundles|Ice Beam|p2a: Yveltal\n|-damage|p2a: Yveltal|48\/100\n|move|p2a: Yveltal|Oblivion Wing|p1a: Bundles\n|-damage|p1a: Bundles|0 fnt\n|-heal|p2a: Yveltal|84\/100|[from] drain|[of] p1a: Bundles\n|faint|p1a: Bundles\n|-end|p1a: Bundles|Quark Drive|[silent]\n|\n|-weather|none\n|upkeep\n|\n|t:|1700239581\n|switch|p1a: Zygarde|Zygarde-Complete, shiny|59\/100\n|-damage|p1a: Zygarde|53\/100|[from] Stealth Rock\n|turn|11\n|\n|t:|1700239584\n|move|p2a: Yveltal|Oblivion Wing|p1a: Zygarde\n|-damage|p1a: Zygarde|19\/100\n|-heal|p2a: Yveltal|100\/100|[from] drain|[of] p1a: Zygarde\n|move|p1a: Zygarde|Scale Shot|p2a: Yveltal\n|-damage|p2a: Yveltal|90\/100\n|-damage|p2a: Yveltal|79\/100\n|-damage|p2a: Yveltal|68\/100\n|-hitcount|p2a: Yveltal|3\n|-unboost|p1a: Zygarde|def|1\n|-boost|p1a: Zygarde|spe|1\n|\n|-heal|p1a: Zygarde|25\/100|[from] item: Leftovers\n|upkeep\n|turn|12\n|\n|t:|1700239595\n|switch|p2a: Tapu Bulu|Tapu Bulu|100\/100\n|-fieldstart|move: Grassy Terrain|[from] ability: Grassy Surge|[of] p2a: Tapu Bulu\n|move|p1a: Zygarde|Thousand Waves|p2a: Tapu Bulu\n|-resisted|p2a: Tapu Bulu\n|-damage|p2a: Tapu Bulu|84\/100\n|-activate|p2a: Tapu Bulu|trapped\n|\n|-heal|p1a: Zygarde|32\/100|[from] Grassy Terrain\n|-heal|p1a: Zygarde|38\/100|[from] item: Leftovers\n|-heal|p2a: Tapu Bulu|90\/100|[from] Grassy Terrain\n|upkeep\n|turn|13\n|\n|t:|1700239605\n|move|p1a: Zygarde|Thousand Waves|p2a: Tapu Bulu\n|-resisted|p2a: Tapu Bulu\n|-damage|p2a: Tapu Bulu|74\/100\n|move|p2a: Tapu Bulu|Leech Seed|p1a: Zygarde\n|-start|p1a: Zygarde|move: Leech Seed\n|\n|-heal|p1a: Zygarde|44\/100|[from] Grassy Terrain\n|-heal|p1a: Zygarde|50\/100|[from] item: Leftovers\n|-heal|p2a: Tapu Bulu|80\/100|[from] Grassy Terrain\n|-damage|p1a: Zygarde|37\/100|[from] Leech Seed|[of] p2a: Tapu Bulu\n|-heal|p2a: Tapu Bulu|100\/100|[silent]\n|upkeep\n|turn|14\n|\n|t:|1700239609\n|move|p1a: Zygarde|Thousand Arrows|p2a: Tapu Bulu\n|-resisted|p2a: Tapu Bulu\n|-damage|p2a: Tapu Bulu|83\/100\n|move|p2a: Tapu Bulu|Bulk Up|p2a: Tapu Bulu\n|-boost|p2a: Tapu Bulu|atk|1\n|-boost|p2a: Tapu Bulu|def|1\n|\n|-heal|p1a: Zygarde|44\/100|[from] Grassy Terrain\n|-heal|p1a: Zygarde|50\/100|[from] item: Leftovers\n|-heal|p2a: Tapu Bulu|89\/100|[from] Grassy Terrain\n|-damage|p1a: Zygarde|37\/100|[from] Leech Seed|[of] p2a: Tapu Bulu\n|-heal|p2a: Tapu Bulu|100\/100|[silent]\n|upkeep\n|turn|15\n|\n|t:|1700239613\n|switch|p1a: Ferrothorn|Ferrothorn, F|100\/100\n|-damage|p1a: Ferrothorn|94\/100|[from] Stealth Rock\n|move|p2a: Tapu Bulu|Bulk Up|p2a: Tapu Bulu\n|-boost|p2a: Tapu Bulu|atk|1\n|-boost|p2a: Tapu Bulu|def|1\n|\n|-heal|p1a: Ferrothorn|100\/100|[from] Grassy Terrain\n|upkeep\n|turn|16\n|\n|t:|1700239616\n|move|p2a: Tapu Bulu|Superpower|p1a: Ferrothorn\n|-supereffective|p1a: Ferrothorn\n|-damage|p1a: Ferrothorn|0 fnt\n|-unboost|p2a: Tapu Bulu|atk|1\n|-unboost|p2a: Tapu Bulu|def|1\n|-damage|p2a: Tapu Bulu|88\/100|[from] ability: Iron Barbs|[of] p1a: Ferrothorn\n|faint|p1a: Ferrothorn\n|\n|-heal|p2a: Tapu Bulu|94\/100|[from] Grassy Terrain\n|upkeep\n|\n|t:|1700239619\n|switch|p1a: Lucario|Lucario-Mega, F, shiny|87\/100\n|-damage|p1a: Lucario|84\/100|[from] Stealth Rock\n|turn|17\n|\n|t:|1700239628\n|switch|p2a: Annihilape|Annihilape, M|100\/100\n|move|p1a: Lucario|Swords Dance|p1a: Lucario\n|-boost|p1a: Lucario|atk|2\n|\n|-heal|p1a: Lucario|90\/100|[from] Grassy Terrain\n|upkeep\n|turn|18\n|\n|t:|1700239633\n|switch|p1a: Zygarde|Zygarde-Complete, shiny|37\/100\n|-damage|p1a: Zygarde|31\/100|[from] Stealth Rock\n|move|p2a: Annihilape|Drain Punch|p1a: Zygarde\n|-damage|p1a: Zygarde|13\/100\n|\n|-heal|p1a: Zygarde|19\/100|[from] Grassy Terrain\n|-heal|p1a: Zygarde|26\/100|[from] item: Leftovers\n|upkeep\n|turn|19\n|\n|t:|1700239638\n|move|p1a: Zygarde|Thousand Waves|p2a: Annihilape\n|-damage|p2a: Annihilape|64\/100\n|move|p2a: Annihilape|Bulk Up|p2a: Annihilape\n|-boost|p2a: Annihilape|atk|1\n|-boost|p2a: Annihilape|def|1\n|\n|-heal|p1a: Zygarde|32\/100|[from] Grassy Terrain\n|-heal|p1a: Zygarde|38\/100|[from] item: Leftovers\n|-heal|p2a: Annihilape|70\/100|[from] Grassy Terrain\n|-heal|p2a: Annihilape|76\/100|[from] item: Leftovers\n|-fieldend|move: Grassy Terrain\n|upkeep\n|turn|20\n|\n|t:|1700239642\n|move|p1a: Zygarde|Thousand Arrows|p2a: Annihilape\n|-damage|p2a: Annihilape|51\/100\n|move|p2a: Annihilape|Drain Punch|p1a: Zygarde\n|-damage|p1a: Zygarde|13\/100\n|-heal|p2a: Annihilape|69\/100|[from] drain|[of] p1a: Zygarde\n|\n|-heal|p1a: Zygarde|19\/100|[from] item: Leftovers\n|-heal|p2a: Annihilape|75\/100|[from] item: Leftovers\n|upkeep\n|turn|21\n|\n|t:|1700239647\n|move|p1a: Zygarde|Thousand Arrows|p2a: Annihilape\n|-damage|p2a: Annihilape|52\/100\n|move|p2a: Annihilape|Drain Punch|p1a: Zygarde\n|-damage|p1a: Zygarde|0 fnt\n|-heal|p2a: Annihilape|65\/100|[from] drain|[of] p1a: Zygarde\n|faint|p1a: Zygarde\n|\n|-heal|p2a: Annihilape|71\/100|[from] item: Leftovers\n|upkeep\n|\n|t:|1700239651\n|switch|p1a: Lucario|Lucario-Mega, F, shiny|90\/100\n|-damage|p1a: Lucario|87\/100|[from] Stealth Rock\n|turn|22\n|\n|t:|1700239655\n|move|p1a: Lucario|Close Combat|p2a: Annihilape\n|-immune|p2a: Annihilape\n|move|p2a: Annihilape|Rage Fist|p1a: Lucario\n|-damage|p1a: Lucario|0 fnt\n|faint|p1a: Lucario\n|\n|win|XJohnson\n|raw|Discri's rating: 1241 &rarr; <strong>1213<\/strong><br \/>(-28 for losing)\n|raw|XJohnson's rating: 1194 &rarr; <strong>1222<\/strong><br \/>(+28 for winning)\n|l|\u2606Discri\n","uploadtime":1700239658,"views":7,"p1id":"discri","p2id":"xjohnson","formatid":"gen9nationaldexubers","rating":1213,"private":0,"password":""}