{"id":"gen9nationaldexubers-1977947068","p1":"qwqwqqw","p2":"Nuko salt","format":"[Gen 9] National Dex Ubers","log":"|j|\u2606qwqwqqw\n|j|\u2606Nuko salt\n|t:|1698471028\n|gametype|singles\n|player|p1|qwqwqqw|1|\n|player|p2|Nuko salt|rosa|\n|teamsize|p1|6\n|teamsize|p2|6\n|gen|9\n|tier|[Gen 9] National Dex Ubers\n|rule|HP Percentage Mod: HP is shown in percentages\n|rule|Endless Battle Clause: Forcing endless battles is banned\n|rule|OHKO Clause: OHKO moves are banned\n|rule|Evasion Moves Clause: Evasion moves are banned\n|rule|Evasion Items Clause: Evasion items are banned\n|rule|Species Clause: Limit one of each Pok\u00e9mon\n|rule|Sleep Clause Mod: Limit one foe put to sleep\n|rule|Mega Rayquaza Clause: You cannot mega evolve Rayquaza\n|clearpoke\n|poke|p1|Celesteela|\n|poke|p1|Baxcalibur, M|\n|poke|p1|Ninetales-Alola, F|\n|poke|p1|Cryogonal|\n|poke|p1|Ogerpon-Wellspring, F|\n|poke|p1|Blaziken, F|\n|poke|p2|Walking Wake|\n|poke|p2|Zygarde|\n|poke|p2|Magearna|\n|poke|p2|Charizard, F|\n|poke|p2|Ditto|\n|poke|p2|Great Tusk|\n|teampreview\n|\n|t:|1698471062\n|start\n|switch|p1a: Blaziken|Blaziken, F|100\/100\n|switch|p2a: Ditto|Ditto|100\/100\n|-transform|p2a: Ditto|p1a: Blaziken|[from] ability: Imposter\n|turn|1\n|\n|t:|1698471089\n|detailschange|p1a: Blaziken|Blaziken-Mega, F\n|-mega|p1a: Blaziken|Blaziken|Blazikenite\n|move|p2a: Ditto|Stone Edge|p1a: Blaziken\n|-damage|p1a: Blaziken|54\/100\n|move|p1a: Blaziken|Close Combat|p2a: Ditto\n|-damage|p2a: Ditto|0 fnt\n|-unboost|p1a: Blaziken|def|1\n|-unboost|p1a: Blaziken|spd|1\n|faint|p2a: Ditto\n|\n|-ability|p1a: Blaziken|Speed Boost|boost\n|-boost|p1a: Blaziken|spe|1\n|upkeep\n|c|\u2606Nuko salt|\u6211\u53bb\n|c|\u2606qwqwqqw|\u8fa3\u9e21\n|\n|t:|1698471109\n|switch|p2a: Great Tusk|Great Tusk|100\/100\n|-enditem|p2a: Great Tusk|Booster Energy\n|-activate|p2a: Great Tusk|ability: Protosynthesis|[fromitem]\n|-start|p2a: Great Tusk|protosynthesisspe\n|turn|2\n|\n|t:|1698471117\n|switch|p1a: Cryogonal|Cryogonal|100\/100\n|move|p2a: Great Tusk|Headlong Rush|p1a: Cryogonal\n|-immune|p1a: Cryogonal|[from] ability: Levitate\n|\n|upkeep\n|turn|3\n|\n|t:|1698471133\n|-end|p2a: Great Tusk|Protosynthesis|[silent]\n|switch|p2a: Magearna|Magearna|100\/100\n|move|p1a: Cryogonal|Rapid Spin|p2a: Magearna\n|-resisted|p2a: Magearna\n|-damage|p2a: Magearna|98\/100\n|-boost|p1a: Cryogonal|spe|1\n|\n|-heal|p2a: Magearna|100\/100|[from] item: Leftovers\n|upkeep\n|turn|4\n|\n|t:|1698471152\n|switch|p1a: Ninetales|Ninetales-Alola, F|100\/100\n|-weather|Snow|[from] ability: Snow Warning|[of] p1a: Ninetales\n|switch|p2a: Charizard|Charizard, F|100\/100\n|\n|-weather|Snow|[upkeep]\n|upkeep\n|turn|5\n|\n|t:|1698471164\n|switch|p1a: Cryogonal|Cryogonal|100\/100\n|detailschange|p2a: Charizard|Charizard-Mega-Y, F\n|-mega|p2a: Charizard|Charizard|Charizardite Y\n|-weather|SunnyDay|[from] ability: Drought|[of] p2a: Charizard\n|move|p2a: Charizard|Weather Ball|p1a: Cryogonal\n|-supereffective|p1a: Cryogonal\n|-damage|p1a: Cryogonal|0 fnt\n|faint|p1a: Cryogonal\n|\n|-weather|SunnyDay|[upkeep]\n|upkeep\n|\n|t:|1698471174\n|switch|p1a: Ninetales|Ninetales-Alola, F|100\/100\n|-weather|Snow|[from] ability: Snow Warning|[of] p1a: Ninetales\n|turn|6\n|\n|t:|1698471188\n|switch|p2a: Walking Wake|Walking Wake|100\/100\n|move|p1a: Ninetales|Aurora Veil|p1a: Ninetales\n|-sidestart|p1: qwqwqqw|move: Aurora Veil\n|\n|-weather|Snow|[upkeep]\n|upkeep\n|turn|7\n|\n|t:|1698471191\n|-end|p2a: Walking Wake|Protosynthesis|[silent]\n|switch|p2a: Charizard|Charizard-Mega-Y, F|100\/100\n|-weather|SunnyDay|[from] ability: Drought|[of] p2a: Charizard\n|move|p1a: Ninetales|Freeze-Dry|p2a: Charizard\n|-damage|p2a: Charizard|80\/100\n|\n|-weather|SunnyDay|[upkeep]\n|upkeep\n|turn|8\n|\n|t:|1698471217\n|switch|p1a: Blaziken|Blaziken-Mega, F|54\/100\n|switch|p2a: Magearna|Magearna|100\/100\n|\n|-weather|SunnyDay|[upkeep]\n|upkeep\n|turn|9\n|\n|t:|1698471224\n|switch|p2a: Walking Wake|Walking Wake|100\/100\n|-activate|p2a: Walking Wake|ability: Protosynthesis\n|-start|p2a: Walking Wake|protosynthesisspe\n|move|p1a: Blaziken|Swords Dance|p1a: Blaziken\n|-boost|p1a: Blaziken|atk|2\n|\n|-weather|SunnyDay|[upkeep]\n|-ability|p1a: Blaziken|Speed Boost|boost\n|-boost|p1a: Blaziken|spe|1\n|upkeep\n|turn|10\n|\n|t:|1698471263\n|switch|p1a: Ogerpon|Ogerpon-Wellspring, F|100\/100\n|-terastallize|p2a: Walking Wake|Fairy\n|move|p2a: Walking Wake|Hydro Steam|p1a: Ogerpon\n|-immune|p1a: Ogerpon|[from] ability: Water Absorb\n|\n|-weather|SunnyDay|[upkeep]\n|upkeep\n|turn|11\n|\n|t:|1698471279\n|move|p2a: Walking Wake|Draco Meteor|p1a: Ogerpon\n|-damage|p1a: Ogerpon|48\/100\n|-unboost|p2a: Walking Wake|spa|2\n|-damage|p2a: Walking Wake|91\/100|[from] item: Life Orb\n|move|p1a: Ogerpon|Swords Dance|p1a: Ogerpon\n|-boost|p1a: Ogerpon|atk|2\n|\n|-weather|none\n|-end|p2a: Walking Wake|Protosynthesis\n|upkeep\n|turn|12\n|\n|t:|1698471291\n|-end|p2a: Walking Wake|Protosynthesis|[silent]\n|switch|p2a: Zygarde|Zygarde|100\/100\n|-ability|p2a: Zygarde|Aura Break\n|-terastallize|p1a: Ogerpon|Water\n|detailschange|p1a: Ogerpon|Ogerpon-Wellspring-Tera, F, tera:Water\n|-ability|p1a: Ogerpon|Embody Aspect (Wellspring)|boost\n|-boost|p1a: Ogerpon|spd|1\n|move|p1a: Ogerpon|Trailblaze|p2a: Zygarde\n|-damage|p2a: Zygarde|69\/100\n|-boost|p1a: Ogerpon|spe|1\n|\n|-heal|p2a: Zygarde|75\/100|[from] item: Leftovers\n|upkeep\n|turn|13\n|c|\u2606Nuko salt|\u5bc4\u4e86\n|c|\u2606Nuko salt|\u767e\u53d8\u602a\u00b7\u00b7\u00b7\u00b7\n|\n|t:|1698471325\n|move|p1a: Ogerpon|Ivy Cudgel|p2a: Zygarde\n|-damage|p2a: Zygarde|0 fnt\n|faint|p2a: Zygarde\n|\n|-sideend|p1: qwqwqqw|move: Aurora Veil\n|upkeep\n|c|\u2606qwqwqqw|\u662f\u4f60\u5bb3\u6b7b\u4e86\u767e\u53d8\u602a\n|\n|t:|1698471335\n|switch|p2a: Charizard|Charizard-Mega-Y, F|80\/100\n|-weather|SunnyDay|[from] ability: Drought|[of] p2a: Charizard\n|turn|14\n|\n|t:|1698471338\n|move|p1a: Ogerpon|Ivy Cudgel|p2a: Charizard\n|-supereffective|p2a: Charizard\n|-damage|p2a: Charizard|0 fnt\n|faint|p2a: Charizard\n|\n|-weather|SunnyDay|[upkeep]\n|upkeep\n|\n|t:|1698471342\n|switch|p2a: Walking Wake|Walking Wake, tera:Fairy|91\/100\n|-activate|p2a: Walking Wake|ability: Protosynthesis\n|-start|p2a: Walking Wake|protosynthesisspe\n|turn|15\n|\n|t:|1698471358\n|move|p1a: Ogerpon|Ivy Cudgel|p2a: Walking Wake\n|-damage|p2a: Walking Wake|0 fnt\n|faint|p2a: Walking Wake\n|-end|p2a: Walking Wake|Protosynthesis|[silent]\n|\n|-weather|SunnyDay|[upkeep]\n|upkeep\n|c|\u2606qwqwqqw|\u8fd9\u529b\u5ea6\u592a\u723d\u4e86\n|c|\u2606Nuko salt|\u6211\u53bb\uff0c\u6ce2\u8361\u6c34\u4e0d\u9999\u4e86\n|c|\u2606Nuko salt|\u5dee\u4e00\u70b9\u901f\u5ea6\n|\n|t:|1698471397\n|switch|p2a: Magearna|Magearna|100\/100\n|turn|16\n|c|\u2606qwqwqqw|\u6211\u8fd8\u6ca1\u8bf4\u4f60\u6bd4\u6211\u706b\u9e21\u591a\u4e00\u70b9\u901f\u5ea6\n|\n|t:|1698471417\n|move|p1a: Ogerpon|Ivy Cudgel|p2a: Magearna\n|-damage|p2a: Magearna|32\/100\n|move|p2a: Magearna|Iron Defense|p2a: Magearna\n|-boost|p2a: Magearna|def|2\n|\n|-weather|SunnyDay|[upkeep]\n|-heal|p2a: Magearna|38\/100|[from] item: Leftovers\n|upkeep\n|turn|17\n|\n|t:|1698471423\n|move|p1a: Ogerpon|Ivy Cudgel|p2a: Magearna\n|-damage|p2a: Magearna|5\/100\n|move|p2a: Magearna|Draining Kiss|p1a: Ogerpon\n|-damage|p1a: Ogerpon|32\/100\n|-heal|p2a: Magearna|16\/100|[from] drain|[of] p1a: Ogerpon\n|\n|-weather|SunnyDay|[upkeep]\n|-heal|p2a: Magearna|22\/100|[from] item: Leftovers\n|upkeep\n|turn|18\n|-message|Nuko salt forfeited.\n|\n|win|qwqwqqw\n|c|\u2606qwqwqqw|\u8fd9\u5c31\u662f\u52a0\u4e00\u7279\u9632\n|c|\u2606Nuko salt|gg\n|l|\u2606Nuko salt\n","uploadtime":1698471437,"views":11,"p1id":"qwqwqqw","p2id":"nukosalt","formatid":"gen9nationaldexubers","rating":0,"private":0,"password":""}