{"id":"gen9nationaldexubers-1989388570","p1":"PaperDrMario","p2":"slug bite","format":"[Gen 9] National Dex Ubers","log":"|j|\u2606PaperDrMario\n|j|\u2606slug bite\n|t:|1699843965\n|gametype|singles\n|player|p1|PaperDrMario|ruinmaniac|\n|player|p2|slug bite|wallace|\n|teamsize|p1|6\n|teamsize|p2|6\n|gen|9\n|tier|[Gen 9] National Dex Ubers\n|rule|HP Percentage Mod: HP is shown in percentages\n|rule|Endless Battle Clause: Forcing endless battles is banned\n|rule|OHKO Clause: OHKO moves are banned\n|rule|Evasion Moves Clause: Evasion moves are banned\n|rule|Evasion Items Clause: Evasion items are banned\n|rule|Species Clause: Limit one of each Pok\u00e9mon\n|rule|Sleep Clause Mod: Limit one foe put to sleep\n|rule|Mega Rayquaza Clause: You cannot mega evolve Rayquaza\n|clearpoke\n|poke|p1|Glimmora, F|\n|poke|p1|Rayquaza|\n|poke|p1|Darmanitan-Galar, M|\n|poke|p1|Necrozma-Dusk-Mane|\n|poke|p1|Klefki, M|\n|poke|p1|Blaziken, M|\n|poke|p2|Marshadow|\n|poke|p2|Reshiram|\n|poke|p2|Arceus-Electric|\n|poke|p2|Magearna|\n|poke|p2|Sableye, M|\n|poke|p2|Ogerpon-Wellspring, F|\n|teampreview\n|c|\u2606slug bite|TAKE 2\n|c|\u2606PaperDrMario|TAKE 2 BABY\n|c|\u2606PaperDrMario|do i @ the uber coaches again?\n|\n|t:|1699843994\n|start\n|switch|p1a: She\/They|Glimmora, F|100\/100\n|switch|p2a: Sableye|Sableye, M|100\/100\n|turn|1\n|j| HopeAddict\n|\n|t:|1699843999\n|move|p2a: Sableye|Will-O-Wisp|p1a: She\/They\n|-status|p1a: She\/They|brn\n|move|p1a: She\/They|Dazzling Gleam|p2a: Sableye\n|-supereffective|p2a: Sableye\n|-damage|p2a: Sableye|38\/100\n|\n|-damage|p1a: She\/They|94\/100 brn|[from] brn\n|upkeep\n|turn|2\n|c|\u2606slug bite|WOOOO\n|c|\u2606PaperDrMario|DAMN\n|j| AshenAraquanid\n|c|\u2606PaperDrMario|i guess i high rolled last time\n|c| HopeAddict|herblo gamers\n|c|\u2606PaperDrMario|that's okay tho\n|c|\u2606PaperDrMario|herblo\n|\n|t:|1699844077\n|switch|p2a: Therapy|Magearna|100\/100\n|-item|p2a: Therapy|Air Balloon\n|move|p1a: She\/They|Stealth Rock|p2a: Therapy\n|-sidestart|p2: slug bite|move: Stealth Rock\n|\n|-damage|p1a: She\/They|88\/100 brn|[from] brn\n|upkeep\n|turn|3\n|\n|t:|1699844096\n|switch|p1a: Goota goo fast|Blaziken, M|100\/100\n|move|p2a: Therapy|Flash Cannon|p1a: Goota goo fast\n|-resisted|p1a: Goota goo fast\n|-damage|p1a: Goota goo fast|68\/100\n|\n|upkeep\n|turn|4\n|\n|t:|1699844126\n|switch|p2a: omg arceus|Arceus-Electric, shiny|100\/100\n|-damage|p2a: omg arceus|88\/100|[from] Stealth Rock\n|detailschange|p1a: Goota goo fast|Blaziken-Mega, M\n|-mega|p1a: Goota goo fast|Blaziken|Blazikenite\n|move|p1a: Goota goo fast|Swords Dance|p1a: Goota goo fast\n|-boost|p1a: Goota goo fast|atk|2\n|\n|-ability|p1a: Goota goo fast|Speed Boost|boost\n|-boost|p1a: Goota goo fast|spe|1\n|upkeep\n|turn|5\n|\n|t:|1699844144\n|move|p1a: Goota goo fast|Earthquake|p2a: omg arceus\n|-supereffective|p2a: omg arceus\n|-damage|p2a: omg arceus|0 fnt\n|faint|p2a: omg arceus\n|\n|-ability|p1a: Goota goo fast|Speed Boost|boost\n|-boost|p1a: Goota goo fast|spe|1\n|upkeep\n|\n|t:|1699844152\n|switch|p2a: Sableye|Sableye, M|38\/100\n|-damage|p2a: Sableye|26\/100|[from] Stealth Rock\n|turn|6\n|\n|t:|1699844160\n|move|p2a: Sableye|Toxic|p1a: Goota goo fast\n|-status|p1a: Goota goo fast|tox\n|move|p1a: Goota goo fast|Earthquake|p2a: Sableye\n|-damage|p2a: Sableye|0 fnt\n|faint|p2a: Sableye\n|\n|-damage|p1a: Goota goo fast|62\/100 tox|[from] psn\n|-ability|p1a: Goota goo fast|Speed Boost|boost\n|-boost|p1a: Goota goo fast|spe|1\n|upkeep\n|j| TAFALANDOCOMIGO?\n|l| TAFALANDOCOMIGO?\n|\n|t:|1699844197\n|switch|p2a: \ud83d\ude0c|Ogerpon-Wellspring, F|100\/100\n|-damage|p2a: \ud83d\ude0c|88\/100|[from] Stealth Rock\n|turn|7\n|c|\u2606slug bite|gn ogerpon\n|\n|t:|1699844207\n|move|p1a: Goota goo fast|Flare Blitz|p2a: \ud83d\ude0c\n|-damage|p2a: \ud83d\ude0c|0 fnt\n|faint|p2a: \ud83d\ude0c\n|-damage|p1a: Goota goo fast|33\/100 tox|[from] Recoil\n|\n|-damage|p1a: Goota goo fast|21\/100 tox|[from] psn\n|-ability|p1a: Goota goo fast|Speed Boost|boost\n|-boost|p1a: Goota goo fast|spe|1\n|upkeep\n|c|\u2606PaperDrMario|gn ogerpon\n|\n|t:|1699844216\n|switch|p2a: o_o|Marshadow|100\/100\n|-damage|p2a: o_o|94\/100|[from] Stealth Rock\n|turn|8\n|\n|t:|1699844230\n|move|p2a: o_o|Shadow Sneak|p1a: Goota goo fast\n|-damage|p1a: Goota goo fast|0 fnt\n|faint|p1a: Goota goo fast\n|-damage|p2a: o_o|84\/100|[from] item: Life Orb\n|\n|upkeep\n|\n|t:|1699844237\n|switch|p1a: Vincible|Necrozma-Dusk-Mane|100\/100\n|turn|9\n|\n|t:|1699844269\n|move|p2a: o_o|Spectral Thief|p1a: Vincible\n|-supereffective|p1a: Vincible\n|-damage|p1a: Vincible|43\/100\n|-enditem|p1a: Vincible|Weakness Policy\n|-boost|p1a: Vincible|atk|2|[from] item: Weakness Policy\n|-boost|p1a: Vincible|spa|2|[from] item: Weakness Policy\n|-damage|p2a: o_o|74\/100|[from] item: Life Orb\n|move|p1a: Vincible|Photon Geyser|p2a: o_o\n|-supereffective|p2a: o_o\n|-damage|p2a: o_o|0 fnt\n|faint|p2a: o_o\n|\n|upkeep\n|\n|t:|1699844288\n|switch|p2a: Beefsteak Tomato|Reshiram, shiny|100\/100\n|-damage|p2a: Beefsteak Tomato|76\/100|[from] Stealth Rock\n|-ability|p2a: Beefsteak Tomato|Turboblaze\n|turn|10\n|\n|t:|1699844294\n|move|p2a: Beefsteak Tomato|Blue Flare|p1a: Vincible\n|-supereffective|p1a: Vincible\n|-damage|p1a: Vincible|0 fnt\n|faint|p1a: Vincible\n|-damage|p2a: Beefsteak Tomato|66\/100|[from] item: Life Orb\n|\n|upkeep\n|\n|t:|1699844320\n|switch|p1a: Left at home|Klefki, M|100\/100\n|turn|11\n|j| Zestrov\n|\n|t:|1699844328\n|move|p1a: Left at home|Light Screen|p1a: Left at home\n|-sidestart|p1: PaperDrMario|move: Light Screen\n|move|p2a: Beefsteak Tomato|Blue Flare|p1a: Left at home\n|-supereffective|p1a: Left at home\n|-damage|p1a: Left at home|0 fnt\n|faint|p1a: Left at home\n|-damage|p2a: Beefsteak Tomato|56\/100|[from] item: Life Orb\n|\n|upkeep\n|c| Zestrov|im not too late\n|c| Zestrov|hi\n|c| HopeAddict|\"mom can we have left\" \"we have left at home\"\n|c| Zestrov|lmaoooo\n|\n|t:|1699844368\n|switch|p1a: She\/They|Glimmora, F|88\/100 brn\n|turn|12\n|\n|t:|1699844376\n|switch|p2a: Therapy|Magearna|100\/100\n|-damage|p2a: Therapy|94\/100|[from] Stealth Rock\n|-item|p2a: Therapy|Air Balloon\n|move|p1a: She\/They|Earth Power|p2a: Therapy\n|-immune|p2a: Therapy\n|\n|-damage|p1a: She\/They|82\/100 brn|[from] brn\n|upkeep\n|turn|13\n|\n|t:|1699844389\n|switch|p1a: Trogdor|Rayquaza|100\/100\n|-ability|p1a: Trogdor|Air Lock\n|move|p2a: Therapy|Flash Cannon|p1a: Trogdor\n|-damage|p1a: Trogdor|75\/100\n|\n|upkeep\n|turn|14\n|\n|t:|1699844398\n|move|p1a: Trogdor|V-create|p2a: Therapy\n|-supereffective|p2a: Therapy\n|-damage|p2a: Therapy|0 fnt\n|-unboost|p1a: Trogdor|spe|1\n|-unboost|p1a: Trogdor|def|1\n|-unboost|p1a: Trogdor|spd|1\n|-enditem|p2a: Therapy|Air Balloon\n|faint|p2a: Therapy\n|\n|upkeep\n|\n|t:|1699844405\n|switch|p2a: Beefsteak Tomato|Reshiram, shiny|56\/100\n|-damage|p2a: Beefsteak Tomato|31\/100|[from] Stealth Rock\n|-ability|p2a: Beefsteak Tomato|Turboblaze\n|turn|15\n|\n|t:|1699844410\n|switch|p1a: She\/They|Glimmora, F|82\/100 brn\n|move|p2a: Beefsteak Tomato|Draco Meteor|p1a: She\/They\n|-damage|p1a: She\/They|17\/100 brn\n|-unboost|p2a: Beefsteak Tomato|spa|2\n|-damage|p2a: Beefsteak Tomato|21\/100|[from] item: Life Orb\n|\n|-damage|p1a: She\/They|11\/100 brn|[from] brn\n|upkeep\n|turn|16\n|\n|t:|1699844420\n|move|p2a: Beefsteak Tomato|Roost|p2a: Beefsteak Tomato\n|-heal|p2a: Beefsteak Tomato|71\/100\n|-singleturn|p2a: Beefsteak Tomato|move: Roost\n|move|p1a: She\/They|Earth Power|p2a: Beefsteak Tomato\n|-supereffective|p2a: Beefsteak Tomato\n|-damage|p2a: Beefsteak Tomato|9\/100\n|\n|-damage|p1a: She\/They|5\/100 brn|[from] brn\n|upkeep\n|turn|17\n|\n|t:|1699844429\n|move|p2a: Beefsteak Tomato|Roost|p2a: Beefsteak Tomato\n|-heal|p2a: Beefsteak Tomato|59\/100\n|-singleturn|p2a: Beefsteak Tomato|move: Roost\n|move|p1a: She\/They|Earth Power|p2a: Beefsteak Tomato\n|-supereffective|p2a: Beefsteak Tomato\n|-damage|p2a: Beefsteak Tomato|0 fnt\n|faint|p2a: Beefsteak Tomato\n|\n|win|PaperDrMario\n|c|\u2606slug bite|gg\n|c|\u2606PaperDrMario|gg\n|l| Zestrov\n","uploadtime":1699844443,"views":18,"p1id":"paperdrmario","p2id":"slugbite","formatid":"gen9nationaldexubers","rating":0,"private":0,"password":""}