{"id":"gen9nationaldexubers-1985556177","p1":"axelzzz09","p2":"alcatel999","format":"[Gen 9] National Dex Ubers","log":"|j|\u2606axelzzz09\n|j|\u2606alcatel999\n|t:|1699384318\n|gametype|singles\n|player|p1|axelzzz09|lance|\n|player|p2|alcatel999|rocketgrunt|\n|teamsize|p1|6\n|teamsize|p2|6\n|gen|9\n|tier|[Gen 9] National Dex Ubers\n|rule|HP Percentage Mod: HP is shown in percentages\n|rule|Endless Battle Clause: Forcing endless battles is banned\n|rule|OHKO Clause: OHKO moves are banned\n|rule|Evasion Moves Clause: Evasion moves are banned\n|rule|Evasion Items Clause: Evasion items are banned\n|rule|Species Clause: Limit one of each Pok\u00e9mon\n|rule|Sleep Clause Mod: Limit one foe put to sleep\n|rule|Mega Rayquaza Clause: You cannot mega evolve Rayquaza\n|clearpoke\n|poke|p1|Garchomp, F|\n|poke|p1|Volcarona, M|\n|poke|p1|Ursaluna-Bloodmoon, M|\n|poke|p1|Ceruledge, M|\n|poke|p1|Sneasler, M|\n|poke|p1|Lucario, F|\n|poke|p2|Diancie|\n|poke|p2|Klefki, M|\n|poke|p2|Mimikyu, F|\n|poke|p2|Tapu Fini|\n|poke|p2|Tapu Bulu|\n|poke|p2|Tapu Lele|\n|teampreview\n|c|\u2606alcatel999|Waos\n|c|\u2606alcatel999|GL HF\n|\n|t:|1699384337\n|start\n|switch|p1a: Lucario|Lucario, F|100\/100\n|switch|p2a: LaLlaveDeTuCorazon|Klefki, M|100\/100\n|turn|1\n|c|\u2606axelzzz09|esta voy de prueba para probar a lucario\n|\n|t:|1699384345\n|move|p2a: LaLlaveDeTuCorazon|Reflect|p2a: LaLlaveDeTuCorazon\n|-sidestart|p2: alcatel999|Reflect\n|move|p1a: Lucario|Swords Dance|p1a: Lucario\n|-boost|p1a: Lucario|atk|2\n|\n|upkeep\n|turn|2\n|\n|t:|1699384350\n|move|p2a: LaLlaveDeTuCorazon|Spikes|p1a: Lucario\n|-sidestart|p1: axelzzz09|Spikes\n|move|p1a: Lucario|Blaze Kick|p2a: LaLlaveDeTuCorazon\n|-supereffective|p2a: LaLlaveDeTuCorazon\n|-damage|p2a: LaLlaveDeTuCorazon|52\/100\n|\n|upkeep\n|turn|3\n|\n|t:|1699384355\n|move|p2a: LaLlaveDeTuCorazon|Spikes|p1a: Lucario\n|-sidestart|p1: axelzzz09|Spikes\n|move|p1a: Lucario|Swords Dance|p1a: Lucario\n|-boost|p1a: Lucario|atk|2\n|\n|upkeep\n|turn|4\n|c|\u2606axelzzz09|mmm aprovecha\n|\n|t:|1699384362\n|move|p2a: LaLlaveDeTuCorazon|Spikes|p1a: Lucario\n|-sidestart|p1: axelzzz09|Spikes\n|move|p1a: Lucario|Swords Dance|p1a: Lucario\n|-boost|p1a: Lucario|atk|2\n|\n|upkeep\n|turn|5\n|\n|t:|1699384369\n|move|p2a: LaLlaveDeTuCorazon|Light Screen|p2a: LaLlaveDeTuCorazon\n|-sidestart|p2: alcatel999|move: Light Screen\n|move|p1a: Lucario|Blaze Kick|p2a: LaLlaveDeTuCorazon\n|-supereffective|p2a: LaLlaveDeTuCorazon\n|-damage|p2a: LaLlaveDeTuCorazon|0 fnt\n|faint|p2a: LaLlaveDeTuCorazon\n|\n|upkeep\n|\n|t:|1699384374\n|switch|p2a: Mimigod|Mimikyu, F|100\/100\n|turn|6\n|\n|t:|1699384385\n|move|p1a: Lucario|Bullet Punch|p2a: Mimigod\n|-activate|p2a: Mimigod|ability: Disguise\n|-damage|p2a: Mimigod|100\/100\n|detailschange|p2a: Mimigod|Mimikyu-Busted, F\n|-damage|p2a: Mimigod|88\/100|[from] pokemon: Mimikyu-Busted\n|move|p2a: Mimigod|Swords Dance|p2a: Mimigod\n|-boost|p2a: Mimigod|atk|2\n|\n|upkeep\n|turn|7\n|c|\u2606axelzzz09|xd 1276\n|\n|t:|1699384394\n|move|p2a: Mimigod|Shadow Sneak|p1a: Lucario\n|-damage|p1a: Lucario|37\/100\n|-damage|p2a: Mimigod|78\/100|[from] item: Life Orb\n|move|p1a: Lucario|Bullet Punch|p2a: Mimigod\n|-supereffective|p2a: Mimigod\n|-damage|p2a: Mimigod|0 fnt\n|faint|p2a: Mimigod\n|\n|upkeep\n|\n|t:|1699384397\n|switch|p2a: Di-Vi-Na|Diancie|100\/100\n|turn|8\n|\n|t:|1699384405\n|switch|p2a: LelePancha|Tapu Lele|100\/100\n|-fieldstart|move: Psychic Terrain|[from] ability: Psychic Surge|[of] p2a: LelePancha\n|move|p1a: Lucario|Bullet Punch|p2a: LelePancha\n|-activate|p2a: LelePancha|move: Psychic Terrain\n|\n|-sideend|p2: alcatel999|Reflect\n|upkeep\n|turn|9\n|\n|t:|1699384415\n|move|p2a: LelePancha|Psychic|p1a: Lucario\n|-damage|p1a: Lucario|0 fnt\n|faint|p1a: Lucario\n|\n|upkeep\n|\n|t:|1699384432\n|switch|p1a: Volcarona|Volcarona, M|100\/100\n|turn|10\n|\n|t:|1699384442\n|switch|p2a: FinoSe\u00f1ores|Tapu Fini|100\/100\n|-fieldstart|move: Misty Terrain|[from] ability: Misty Surge|[of] p2a: FinoSe\u00f1ores\n|move|p1a: Volcarona|Quiver Dance|p1a: Volcarona\n|-boost|p1a: Volcarona|spa|1\n|-boost|p1a: Volcarona|spd|1\n|-boost|p1a: Volcarona|spe|1\n|\n|upkeep\n|turn|11\n|c|\u2606axelzzz09|xddd\n|c|\u2606axelzzz09|acabas de morir\n|\n|t:|1699384457\n|-terastallize|p1a: Volcarona|Steel\n|move|p1a: Volcarona|Quiver Dance|p1a: Volcarona\n|-boost|p1a: Volcarona|spa|1\n|-boost|p1a: Volcarona|spd|1\n|-boost|p1a: Volcarona|spe|1\n|move|p2a: FinoSe\u00f1ores|Taunt|p1a: Volcarona\n|-start|p1a: Volcarona|move: Taunt\n|\n|upkeep\n|turn|12\n|\n|t:|1699384465\n|move|p1a: Volcarona|Psychic|p2a: FinoSe\u00f1ores\n|-damage|p2a: FinoSe\u00f1ores|80\/100\n|move|p2a: FinoSe\u00f1ores|Calm Mind|p2a: FinoSe\u00f1ores\n|-boost|p2a: FinoSe\u00f1ores|spa|1\n|-boost|p2a: FinoSe\u00f1ores|spd|1\n|\n|-heal|p2a: FinoSe\u00f1ores|86\/100|[from] item: Leftovers\n|-sideend|p2: alcatel999|move: Light Screen\n|upkeep\n|turn|13\n|\n|t:|1699384473\n|move|p1a: Volcarona|Psychic|p2a: FinoSe\u00f1ores\n|-damage|p2a: FinoSe\u00f1ores|60\/100\n|move|p2a: FinoSe\u00f1ores|Calm Mind|p2a: FinoSe\u00f1ores\n|-boost|p2a: FinoSe\u00f1ores|spa|1\n|-boost|p2a: FinoSe\u00f1ores|spd|1\n|\n|-heal|p2a: FinoSe\u00f1ores|66\/100|[from] item: Leftovers\n|upkeep\n|turn|14\n|c|\u2606axelzzz09|wtf que potencia\n|\n|t:|1699384483\n|move|p1a: Volcarona|Fiery Dance|p2a: FinoSe\u00f1ores\n|-resisted|p2a: FinoSe\u00f1ores\n|-damage|p2a: FinoSe\u00f1ores|52\/100\n|-boost|p1a: Volcarona|spa|1\n|move|p2a: FinoSe\u00f1ores|Draining Kiss|p1a: Volcarona\n|-resisted|p1a: Volcarona\n|-damage|p1a: Volcarona|92\/100\n|-heal|p2a: FinoSe\u00f1ores|58\/100|[from] drain|[of] p1a: Volcarona\n|\n|-heal|p2a: FinoSe\u00f1ores|64\/100|[from] item: Leftovers\n|-end|p1a: Volcarona|move: Taunt\n|-fieldend|Misty Terrain\n|upkeep\n|turn|15\n|\n|t:|1699384496\n|move|p1a: Volcarona|Fiery Dance|p2a: FinoSe\u00f1ores\n|-resisted|p2a: FinoSe\u00f1ores\n|-damage|p2a: FinoSe\u00f1ores|49\/100\n|move|p2a: FinoSe\u00f1ores|Scald|p1a: Volcarona\n|-damage|p1a: Volcarona|63\/100\n|\n|-heal|p2a: FinoSe\u00f1ores|55\/100|[from] item: Leftovers\n|upkeep\n|turn|16\n|c|\u2606axelzzz09|a subir el ataque\n|\n|t:|1699384505\n|move|p1a: Volcarona|Bug Buzz|p2a: FinoSe\u00f1ores\n|-resisted|p2a: FinoSe\u00f1ores\n|-damage|p2a: FinoSe\u00f1ores|38\/100\n|move|p2a: FinoSe\u00f1ores|Scald|p1a: Volcarona\n|-damage|p1a: Volcarona|34\/100\n|-status|p1a: Volcarona|brn\n|\n|-heal|p2a: FinoSe\u00f1ores|44\/100|[from] item: Leftovers\n|-damage|p1a: Volcarona|28\/100 brn|[from] brn\n|upkeep\n|turn|17\n|\n|t:|1699384515\n|move|p1a: Volcarona|Quiver Dance|p1a: Volcarona\n|-boost|p1a: Volcarona|spa|1\n|-boost|p1a: Volcarona|spd|1\n|-boost|p1a: Volcarona|spe|1\n|move|p2a: FinoSe\u00f1ores|Scald|p1a: Volcarona\n|-damage|p1a: Volcarona|8\/100 brn\n|\n|-heal|p2a: FinoSe\u00f1ores|50\/100|[from] item: Leftovers\n|-damage|p1a: Volcarona|1\/100 brn|[from] brn\n|upkeep\n|turn|18\n|\n|t:|1699384526\n|move|p1a: Volcarona|Psychic|p2a: FinoSe\u00f1ores\n|-damage|p2a: FinoSe\u00f1ores|23\/100\n|move|p2a: FinoSe\u00f1ores|Scald|p1a: Volcarona\n|-damage|p1a: Volcarona|0 fnt\n|faint|p1a: Volcarona\n|\n|-heal|p2a: FinoSe\u00f1ores|29\/100|[from] item: Leftovers\n|upkeep\n|\n|t:|1699384539\n|switch|p1a: Sneasler|Sneasler, M|100\/100\n|-damage|p1a: Sneasler|76\/100|[from] Spikes\n|turn|19\n|\n|t:|1699384544\n|move|p1a: Sneasler|Fake Out|p2a: FinoSe\u00f1ores\n|-damage|p2a: FinoSe\u00f1ores|17\/100\n|cant|p2a: FinoSe\u00f1ores|flinch\n|\n|-heal|p2a: FinoSe\u00f1ores|23\/100|[from] item: Leftovers\n|upkeep\n|turn|20\n|\n|t:|1699384551\n|move|p1a: Sneasler|Dire Claw|p2a: FinoSe\u00f1ores\n|-supereffective|p2a: FinoSe\u00f1ores\n|-damage|p2a: FinoSe\u00f1ores|0 fnt\n|faint|p2a: FinoSe\u00f1ores\n|\n|upkeep\n|\n|t:|1699384555\n|switch|p2a: Di-Vi-Na|Diancie|100\/100\n|turn|21\n|c|\u2606alcatel999|Uh no queria meter a este\n|\n|t:|1699384567\n|switch|p1a: Ursaluna|Ursaluna-Bloodmoon, M|100\/100\n|-damage|p1a: Ursaluna|76\/100|[from] Spikes\n|detailschange|p2a: Di-Vi-Na|Diancie-Mega\n|-mega|p2a: Di-Vi-Na|Diancie|Diancite\n|move|p2a: Di-Vi-Na|Earth Power|p1a: Ursaluna\n|-damage|p1a: Ursaluna|28\/100\n|\n|-heal|p1a: Ursaluna|34\/100|[from] item: Leftovers\n|upkeep\n|turn|22\n|c|\u2606axelzzz09|xd\n|\n|t:|1699384577\n|move|p2a: Di-Vi-Na|Moonblast|p1a: Ursaluna\n|-damage|p1a: Ursaluna|0 fnt\n|faint|p1a: Ursaluna\n|\n|upkeep\n|\n|t:|1699384582\n|switch|p1a: Garchomp|Garchomp, F|100\/100\n|-damage|p1a: Garchomp|76\/100|[from] Spikes\n|turn|23\n|\n|t:|1699384588\n|detailschange|p1a: Garchomp|Garchomp-Mega, F\n|-mega|p1a: Garchomp|Garchomp|Garchompite\n|move|p2a: Di-Vi-Na|Moonblast|p1a: Garchomp\n|-supereffective|p1a: Garchomp\n|-damage|p1a: Garchomp|0 fnt\n|faint|p1a: Garchomp\n|\n|upkeep\n|\n|t:|1699384594\n|switch|p1a: Sneasler|Sneasler, M|76\/100\n|-damage|p1a: Sneasler|51\/100|[from] Spikes\n|turn|24\n|\n|t:|1699384599\n|move|p1a: Sneasler|Dire Claw|p2a: Di-Vi-Na\n|-damage|p2a: Di-Vi-Na|43\/100\n|-status|p2a: Di-Vi-Na|par\n|move|p2a: Di-Vi-Na|Earth Power|p1a: Sneasler\n|-supereffective|p1a: Sneasler\n|-damage|p1a: Sneasler|0 fnt\n|faint|p1a: Sneasler\n|\n|upkeep\n|c|\u2606axelzzz09|wtf\n|j| Gallade1235763\n|c|\u2606alcatel999|?\n|c|\u2606axelzzz09|de donde salio la paralisis\n|\n|t:|1699384615\n|switch|p1a: Ceruledge|Ceruledge, M|100\/100\n|-damage|p1a: Ceruledge|75\/100|[from] Spikes\n|turn|25\n|c| Gallade1235763|Waos\n|c|\u2606alcatel999|Capo el ataque ese puede paralizar dormir o envenenar\n|c|\u2606alcatel999|tiene 50%\n|\n|t:|1699384629\n|move|p1a: Ceruledge|Bitter Blade|p2a: Di-Vi-Na\n|-resisted|p2a: Di-Vi-Na\n|-damage|p2a: Di-Vi-Na|10\/100 par\n|-heal|p1a: Ceruledge|90\/100|[from] drain|[of] p2a: Di-Vi-Na\n|move|p2a: Di-Vi-Na|Earth Power|p1a: Ceruledge\n|-supereffective|p1a: Ceruledge\n|-damage|p1a: Ceruledge|0 fnt\n|faint|p1a: Ceruledge\n|\n|win|alcatel999\n|c|\u2606axelzzz09|no sabia\n|c|\u2606alcatel999|Gg\n","uploadtime":1699384641,"views":6,"p1id":"axelzzz09","p2id":"alcatel999","formatid":"gen9nationaldexubers","rating":0,"private":0,"password":""}