{"id":"gen9nationaldexubers-1990324056","p1":"Jarak","p2":"SebitaChebitaSh","format":"[Gen 9] National Dex Ubers","log":"|j|\u2606Jarak\n|j|\u2606SebitaChebitaSh\n|t:|1699956837\n|gametype|singles\n|player|p1|Jarak|2|1139\n|player|p2|SebitaChebitaSh|juggler|1140\n|teamsize|p1|6\n|teamsize|p2|6\n|gen|9\n|tier|[Gen 9] National Dex Ubers\n|rated|\n|rule|HP Percentage Mod: HP is shown in percentages\n|rule|Endless Battle Clause: Forcing endless battles is banned\n|rule|OHKO Clause: OHKO moves are banned\n|rule|Evasion Moves Clause: Evasion moves are banned\n|rule|Evasion Items Clause: Evasion items are banned\n|rule|Species Clause: Limit one of each Pok\u00e9mon\n|rule|Sleep Clause Mod: Limit one foe put to sleep\n|rule|Mega Rayquaza Clause: You cannot mega evolve Rayquaza\n|clearpoke\n|poke|p1|Blaziken, M|\n|poke|p1|Nidoking, M|\n|poke|p1|Crobat, M|\n|poke|p1|Ceruledge, M|\n|poke|p1|Suicune|\n|poke|p1|Ninetales-Alola, F|\n|poke|p2|Zacian-*|\n|poke|p2|Blaziken, M|\n|poke|p2|Zeraora|\n|poke|p2|Hoopa-Unbound|\n|poke|p2|Rayquaza|\n|poke|p2|Groudon|\n|teampreview\n|\n|t:|1699956846\n|start\n|switch|p1a: Ninetales|Ninetales-Alola, F|100\/100\n|switch|p2a: Zacian|Zacian-Crowned|100\/100\n|-ability|p2a: Zacian|Intrepid Sword|boost\n|-boost|p2a: Zacian|atk|1\n|-weather|Snow|[from] ability: Snow Warning|[of] p1a: Ninetales\n|turn|1\n|\n|t:|1699956854\n|move|p2a: Zacian|Behemoth Blade|p1a: Ninetales\n|-supereffective|p1a: Ninetales\n|-damage|p1a: Ninetales|0 fnt\n|faint|p1a: Ninetales\n|\n|-weather|Snow|[upkeep]\n|upkeep\n|\n|t:|1699956868\n|switch|p1a: Blaziken|Blaziken, M|100\/100\n|turn|2\n|\n|t:|1699956882\n|detailschange|p1a: Blaziken|Blaziken-Mega, M\n|-mega|p1a: Blaziken|Blaziken|Blazikenite\n|move|p1a: Blaziken|Protect|p1a: Blaziken\n|-singleturn|p1a: Blaziken|Protect\n|move|p2a: Zacian|Wild Charge|p1a: Blaziken\n|-activate|p1a: Blaziken|move: Protect\n|\n|-weather|Snow|[upkeep]\n|-ability|p1a: Blaziken|Speed Boost|boost\n|-boost|p1a: Blaziken|spe|1\n|upkeep\n|turn|3\n|inactive|Battle timer is ON: inactive players will automatically lose when time's up. (requested by Jarak)\n|\n|t:|1699956896\n|move|p1a: Blaziken|Earthquake|p2a: Zacian\n|-supereffective|p2a: Zacian\n|-damage|p2a: Zacian|32\/100\n|move|p2a: Zacian|Swords Dance|p2a: Zacian\n|-boost|p2a: Zacian|atk|2\n|\n|-weather|Snow|[upkeep]\n|-ability|p1a: Blaziken|Speed Boost|boost\n|-boost|p1a: Blaziken|spe|1\n|upkeep\n|turn|4\n|\n|t:|1699956906\n|switch|p2a: Rayquaza|Rayquaza|100\/100\n|-ability|p2a: Rayquaza|Air Lock\n|move|p1a: Blaziken|Earthquake|p2a: Rayquaza\n|-immune|p2a: Rayquaza\n|\n|-weather|Snow|[upkeep]\n|-ability|p1a: Blaziken|Speed Boost|boost\n|-boost|p1a: Blaziken|spe|1\n|upkeep\n|turn|5\n|\n|t:|1699956923\n|switch|p1a: Suicune|Suicune|100\/100\n|-ability|p1a: Suicune|Pressure\n|move|p2a: Rayquaza|Extreme Speed|p1a: Suicune\n|-damage|p1a: Suicune|61\/100\n|\n|-weather|none\n|-heal|p1a: Suicune|67\/100|[from] item: Leftovers\n|upkeep\n|turn|6\n|\n|t:|1699956943\n|move|p2a: Rayquaza|Extreme Speed|p1a: Suicune\n|-damage|p1a: Suicune|31\/100\n|move|p1a: Suicune|Ice Beam|p2a: Rayquaza\n|-supereffective|p2a: Rayquaza\n|-damage|p2a: Rayquaza|0 fnt\n|faint|p2a: Rayquaza\n|\n|-heal|p1a: Suicune|37\/100|[from] item: Leftovers\n|upkeep\n|\n|t:|1699956952\n|switch|p2a: Danielle|Groudon|100\/100\n|detailschange|p2a: Danielle|Groudon-Primal\n|-primal|p2a: Danielle|Red Orb\n|-weather|DesolateLand|[from] ability: Desolate Land|[of] p2a: Danielle\n|turn|7\n|\n|t:|1699956969\n|move|p2a: Danielle|Precipice Blades|p1a: Suicune\n|-damage|p1a: Suicune|0 fnt\n|faint|p1a: Suicune\n|\n|-weather|DesolateLand|[upkeep]\n|upkeep\n|\n|t:|1699956982\n|switch|p1a: Nidoking|Nidoking, M|100\/100\n|turn|8\n|\n|t:|1699956994\n|move|p1a: Nidoking|Earth Power|p2a: Danielle\n|-supereffective|p2a: Danielle\n|-damage|p2a: Danielle|19\/100\n|move|p2a: Danielle|Precipice Blades|p1a: Nidoking\n|-supereffective|p1a: Nidoking\n|-damage|p1a: Nidoking|0 fnt\n|faint|p1a: Nidoking\n|\n|-weather|DesolateLand|[upkeep]\n|upkeep\n|inactive|Jarak has 120 seconds left.\n|\n|t:|1699957044\n|switch|p1a: Blaziken|Blaziken-Mega, M|100\/100\n|turn|9\n|\n|t:|1699957052\n|move|p1a: Blaziken|Protect|p1a: Blaziken\n|-singleturn|p1a: Blaziken|Protect\n|move|p2a: Danielle|Precipice Blades|p1a: Blaziken\n|-activate|p1a: Blaziken|move: Protect\n|\n|-weather|DesolateLand|[upkeep]\n|-ability|p1a: Blaziken|Speed Boost|boost\n|-boost|p1a: Blaziken|spe|1\n|upkeep\n|turn|10\n|\n|t:|1699957061\n|move|p1a: Blaziken|Earthquake|p2a: Danielle\n|-supereffective|p2a: Danielle\n|-damage|p2a: Danielle|0 fnt\n|faint|p2a: Danielle\n|-weather|none\n|\n|-ability|p1a: Blaziken|Speed Boost|boost\n|-boost|p1a: Blaziken|spe|1\n|upkeep\n|\n|t:|1699957069\n|switch|p2a: Nigel|Zeraora|100\/100\n|turn|11\n|\n|t:|1699957075\n|-terastallize|p2a: Nigel|Electric\n|move|p1a: Blaziken|Earthquake|p2a: Nigel\n|-supereffective|p2a: Nigel\n|-damage|p2a: Nigel|0 fnt\n|faint|p2a: Nigel\n|\n|-ability|p1a: Blaziken|Speed Boost|boost\n|-boost|p1a: Blaziken|spe|1\n|upkeep\n|\n|t:|1699957094\n|switch|p2a: Felipe|Blaziken, M|100\/100\n|turn|12\n|\n|t:|1699957099\n|detailschange|p2a: Felipe|Blaziken-Mega, M\n|-mega|p2a: Felipe|Blaziken|Blazikenite\n|move|p1a: Blaziken|Earthquake|p2a: Felipe\n|-supereffective|p2a: Felipe\n|-damage|p2a: Felipe|0 fnt\n|faint|p2a: Felipe\n|\n|-ability|p1a: Blaziken|Speed Boost|boost\n|-boost|p1a: Blaziken|spe|1\n|upkeep\n|\n|t:|1699957109\n|switch|p2a: Hoopa|Hoopa-Unbound|100\/100\n|turn|13\n|\n|t:|1699957130\n|move|p1a: Blaziken|Swords Dance|p1a: Blaziken\n|-boost|p1a: Blaziken|atk|2\n|move|p2a: Hoopa|Gunk Shot|p1a: Blaziken\n|-damage|p1a: Blaziken|7\/100\n|-status|p1a: Blaziken|psn\n|\n|-damage|p1a: Blaziken|0 fnt|[from] psn\n|faint|p1a: Blaziken\n|upkeep\n|inactive|Jarak has 120 seconds left.\n|\n|t:|1699957152\n|switch|p1a: Crobat|Crobat, M|100\/100\n|turn|14\n|\n|t:|1699957157\n|move|p1a: Crobat|Toxic|p2a: Hoopa\n|-status|p2a: Hoopa|tox\n|move|p2a: Hoopa|Gunk Shot|p1a: Crobat\n|-resisted|p1a: Crobat\n|-damage|p1a: Crobat|63\/100\n|\n|-damage|p2a: Hoopa|95\/100 tox|[from] psn\n|upkeep\n|turn|15\n|\n|t:|1699957164\n|move|p1a: Crobat|Super Fang|p2a: Hoopa\n|-damage|p2a: Hoopa|48\/100 tox\n|move|p2a: Hoopa|Gunk Shot|p1a: Crobat\n|-resisted|p1a: Crobat\n|-damage|p1a: Crobat|22\/100\n|\n|-damage|p2a: Hoopa|36\/100 tox|[from] psn\n|upkeep\n|turn|16\n|\n|t:|1699957173\n|move|p1a: Crobat|U-turn|p2a: Hoopa\n|-supereffective|p2a: Hoopa\n|-damage|p2a: Hoopa|0 fnt\n|faint|p2a: Hoopa\n|\n|t:|1699957178\n|switch|p1a: Ceruledge|Ceruledge, M|100\/100|[from] U-turn\n|-item|p1a: Ceruledge|Air Balloon\n|\n|upkeep\n|\n|t:|1699957183\n|switch|p2a: Zacian|Zacian-Crowned|32\/100\n|turn|17\n|\n|t:|1699957202\n|move|p2a: Zacian|Wild Charge|p1a: Ceruledge\n|-damage|p1a: Ceruledge|49\/100\n|-ability|p1a: Ceruledge|Weak Armor|boost\n|-unboost|p1a: Ceruledge|def|1\n|-boost|p1a: Ceruledge|spe|2\n|-enditem|p1a: Ceruledge|Air Balloon\n|-damage|p2a: Zacian|21\/100|[from] Recoil\n|move|p1a: Ceruledge|Bitter Blade|p2a: Zacian\n|-supereffective|p2a: Zacian\n|-damage|p2a: Zacian|0 fnt\n|-heal|p1a: Ceruledge|62\/100|[from] drain|[of] p2a: Zacian\n|faint|p2a: Zacian\n|\n|win|Jarak\n|raw|Jarak's rating: 1139 &rarr; <strong>1164<\/strong><br \/>(+25 for winning)\n|raw|SebitaChebitaSh's rating: 1140 &rarr; <strong>1115<\/strong><br \/>(-25 for losing)\n|l|\u2606SebitaChebitaSh\n","uploadtime":1699957212,"views":8,"p1id":"jarak","p2id":"sebitachebitash","formatid":"gen9nationaldexubers","rating":1115,"private":0,"password":""}