{"id":"gen9nationaldexubers-1978652489","p1":"Drei D Lawrence","p2":"Ginesect","format":"[Gen 9] National Dex Ubers","log":"|j|\u2606Drei D Lawrence\n|j|\u2606Ginesect\n|t:|1698575211\n|gametype|singles\n|player|p1|Drei D Lawrence|blue-masters|\n|player|p2|Ginesect|artist-gen4|\n|teamsize|p1|6\n|teamsize|p2|6\n|gen|9\n|tier|[Gen 9] National Dex Ubers\n|rule|HP Percentage Mod: HP is shown in percentages\n|rule|Endless Battle Clause: Forcing endless battles is banned\n|rule|OHKO Clause: OHKO moves are banned\n|rule|Evasion Moves Clause: Evasion moves are banned\n|rule|Evasion Items Clause: Evasion items are banned\n|rule|Species Clause: Limit one of each Pok\u00e9mon\n|rule|Sleep Clause Mod: Limit one foe put to sleep\n|rule|Mega Rayquaza Clause: You cannot mega evolve Rayquaza\n|clearpoke\n|poke|p1|Ribombee, F|\n|poke|p1|Pinsir, M|\n|poke|p1|Ursaluna, M|\n|poke|p1|Haxorus, F|\n|poke|p1|Gholdengo|\n|poke|p1|Urshifu-*, F|\n|poke|p2|Chien-Pao|\n|poke|p2|Heatran, M|\n|poke|p2|Samurott-Hisui, F|\n|poke|p2|Sableye, F|\n|poke|p2|Greninja-*, F|\n|poke|p2|Meowscarada, F|\n|teampreview\n|inactive|Battle timer is ON: inactive players will automatically lose when time's up. (requested by Drei D Lawrence)\n|\n|t:|1698575221\n|start\n|switch|p1a: Ribombee|Ribombee, F|100\/100\n|switch|p2a: Meowscarada|Meowscarada, F|100\/100\n|turn|1\n|\n|t:|1698575227\n|move|p1a: Ribombee|Sticky Web|p2a: Meowscarada\n|-sidestart|p2: Ginesect|move: Sticky Web\n|move|p2a: Meowscarada|U-turn|p1a: Ribombee\n|-start|p2a: Meowscarada|typechange|Bug|[from] ability: Protean\n|-resisted|p1a: Ribombee\n|-damage|p1a: Ribombee|57\/100\n|-damage|p2a: Meowscarada|91\/100|[from] item: Life Orb\n|c|\u2606Drei D Lawrence|hf\n|j| XX_1nfinity_XX\n|c| XX_1nfinity_XX|webs\n|c| XX_1nfinity_XX|lol\n|c|\u2606Drei D Lawrence|webs\n|\n|t:|1698575244\n|switch|p2a: Heatran|Heatran, M|100\/100|[from] U-turn\n|-item|p2a: Heatran|Air Balloon\n|\n|upkeep\n|turn|2\n|\n|t:|1698575249\n|move|p1a: Ribombee|Stun Spore|p2a: Heatran\n|-status|p2a: Heatran|par\n|cant|p2a: Heatran|par\n|\n|upkeep\n|turn|3\n|\n|t:|1698575262\n|move|p1a: Ribombee|Moonblast|p2a: Heatran\n|-resisted|p2a: Heatran\n|-damage|p2a: Heatran|92\/100 par\n|-unboost|p2a: Heatran|spa|1\n|-enditem|p2a: Heatran|Air Balloon\n|move|p2a: Heatran|Stealth Rock|p1a: Ribombee\n|-sidestart|p1: Drei D Lawrence|move: Stealth Rock\n|\n|upkeep\n|turn|4\n|\n|t:|1698575266\n|move|p1a: Ribombee|U-turn|p2a: Heatran\n|-resisted|p2a: Heatran\n|-damage|p2a: Heatran|89\/100 par\n|\n|t:|1698575268\n|switch|p1a: Ursaluna|Ursaluna, M|100\/100|[from] U-turn\n|-damage|p1a: Ursaluna|94\/100|[from] Stealth Rock\n|cant|p2a: Heatran|par\n|\n|-status|p1a: Ursaluna|brn|[from] item: Flame Orb\n|upkeep\n|turn|5\n|c| XX_1nfinity_XX|gin you seriously dont have a hazard remover?\n|\n|t:|1698575287\n|switch|p2a: Meowscarada|Meowscarada, F|91\/100\n|-activate|p2a: Meowscarada|move: Sticky Web\n|-unboost|p2a: Meowscarada|spe|1\n|move|p1a: Ursaluna|Headlong Rush|p2a: Meowscarada\n|-resisted|p2a: Meowscarada\n|-damage|p2a: Meowscarada|8\/100\n|-unboost|p1a: Ursaluna|def|1\n|-unboost|p1a: Ursaluna|spd|1\n|\n|-damage|p1a: Ursaluna|88\/100 brn|[from] brn\n|upkeep\n|turn|6\n|c| XX_1nfinity_XX|Ursaluna+webs\n|c| XX_1nfinity_XX|crazy\n|\n|t:|1698575296\n|move|p1a: Ursaluna|Protect|p1a: Ursaluna\n|-singleturn|p1a: Ursaluna|Protect\n|move|p2a: Meowscarada|U-turn|p1a: Ursaluna\n|-start|p2a: Meowscarada|typechange|Bug|[from] ability: Protean\n|-activate|p1a: Ursaluna|move: Protect\n|\n|-damage|p1a: Ursaluna|82\/100 brn|[from] brn\n|upkeep\n|turn|7\n|\n|t:|1698575301\n|move|p2a: Meowscarada|Flower Trick|p1a: Ursaluna\n|-supereffective|p1a: Ursaluna\n|-crit|p1a: Ursaluna\n|-damage|p1a: Ursaluna|0 fnt\n|faint|p1a: Ursaluna\n|-damage|p2a: Meowscarada|0 fnt|[from] item: Life Orb\n|faint|p2a: Meowscarada\n|\n|upkeep\n|c|\u2606Drei D Lawrence|hmm\n|inactive|Drei D Lawrence has 270 seconds left.\n|c| XX_1nfinity_XX|just go shifu dark\n|c|\u2606Drei D Lawrence|gin\n|c|\u2606Drei D Lawrence|no restriction?\n|c|\u2606Ginesect|Zmoves\n|inactive|Drei D Lawrence has 240 seconds left.\n|\n|t:|1698575384\n|switch|p2a: Sableye|Sableye, F|100\/100\n|switch|p1a: Urshifu|Urshifu, F|100\/100\n|-damage|p1a: Urshifu|94\/100|[from] Stealth Rock\n|-activate|p2a: Sableye|move: Sticky Web\n|-unboost|p2a: Sableye|spe|1\n|turn|8\n|\n|t:|1698575393\n|move|p1a: Urshifu|Swords Dance|p1a: Urshifu\n|-boost|p1a: Urshifu|atk|2\n|move|p2a: Sableye|Will-O-Wisp|p1a: Urshifu\n|-status|p1a: Urshifu|brn\n|\n|-damage|p1a: Urshifu|88\/100 brn|[from] brn\n|upkeep\n|turn|9\n|\n|t:|1698575397\n|move|p1a: Urshifu|Wicked Blow|p2a: Sableye\n|-crit|p2a: Sableye\n|-damage|p2a: Sableye|23\/100\n|move|p2a: Sableye|Encore|p1a: Urshifu\n|-start|p1a: Urshifu|Encore\n|\n|-damage|p1a: Urshifu|82\/100 brn|[from] brn\n|upkeep\n|turn|10\n|c|\u2606Ginesect|Wait\n|c|\u2606Drei D Lawrence|what\n|c|\u2606Ginesect|LMAOOOO\n|c|\u2606Ginesect|it has been eye\n|c|\u2606Ginesect|Keen*\n|c| XX_1nfinity_XX|not brankter\n|c| XX_1nfinity_XX|bruh\n|c|\u2606Drei D Lawrence|oof\n|c|\u2606Ginesect|\ud83d\udc80\ud83d\udc80\n|c|\u2606Ginesect|Lmaooo\n|inactive|Ginesect has 270 seconds left.\n|c| XX_1nfinity_XX|prankster*\n|\n|t:|1698575435\n|switch|p2a: Greninja|Greninja, F|100\/100\n|-activate|p2a: Greninja|move: Sticky Web\n|-unboost|p2a: Greninja|spe|1\n|move|p1a: Urshifu|Wicked Blow|p2a: Greninja\n|-resisted|p2a: Greninja\n|-crit|p2a: Greninja\n|-damage|p2a: Greninja|42\/100\n|\n|-damage|p1a: Urshifu|76\/100 brn|[from] brn\n|upkeep\n|turn|11\n|c|\u2606Ginesect|I'm dumb\n|inactive|Ginesect has 270 seconds left.\n|c| XX_1nfinity_XX|true\n|inactive|Drei D Lawrence has 240 seconds left.\n|\n|t:|1698575461\n|move|p1a: Urshifu|Wicked Blow|p2a: Greninja\n|-resisted|p2a: Greninja\n|-crit|p2a: Greninja\n|-damage|p2a: Greninja|0 fnt\n|faint|p2a: Greninja\n|\n|-damage|p1a: Urshifu|70\/100 brn|[from] brn\n|upkeep\n|inactive|Ginesect has 270 seconds left.\n|c|\u2606Drei D Lawrence|lol\n|c| XX_1nfinity_XX|+you still used status moves\n|\n|t:|1698575489\n|switch|p2a: Heatran|Heatran, M|89\/100 par\n|-activate|p2a: Heatran|move: Sticky Web\n|-unboost|p2a: Heatran|spe|1\n|turn|12\n|inactive|Drei D Lawrence has 240 seconds left.\n|\n|t:|1698575497\n|-terastallize|p2a: Heatran|Grass\n|move|p1a: Urshifu|Wicked Blow|p2a: Heatran\n|-crit|p2a: Heatran\n|-damage|p2a: Heatran|23\/100 par\n|move|p2a: Heatran|Overheat|p1a: Urshifu\n|-damage|p1a: Urshifu|0 fnt\n|-unboost|p2a: Heatran|spa|2\n|faint|p1a: Urshifu\n|\n|upkeep\n|inactive|Drei D Lawrence has 240 seconds left.\n|c|\u2606Ginesect|????\n|\n|t:|1698575505\n|switch|p1a: Pinsir|Pinsir, M|100\/100\n|-damage|p1a: Pinsir|76\/100|[from] Stealth Rock\n|turn|13\n|c|\u2606Ginesect|what\n|c|\u2606Ginesect|No cc???\n|\n|t:|1698575515\n|detailschange|p1a: Pinsir|Pinsir-Mega, M\n|-mega|p1a: Pinsir|Pinsir|Pinsirite\n|move|p1a: Pinsir|Quick Attack|p2a: Heatran\n|-supereffective|p2a: Heatran\n|-crit|p2a: Heatran\n|-damage|p2a: Heatran|0 fnt\n|faint|p2a: Heatran\n|\n|upkeep\n|c| XX_1nfinity_XX|encore dumass\n|\n|t:|1698575522\n|switch|p2a: Samurott|Samurott-Hisui, F|100\/100\n|-activate|p2a: Samurott|move: Sticky Web\n|-unboost|p2a: Samurott|spe|1\n|turn|14\n|inactive|Ginesect has 270 seconds left.\n|\n|t:|1698575536\n|move|p1a: Pinsir|Return|p2a: Samurott\n|-damage|p2a: Samurott|14\/100\n|move|p2a: Samurott|Ceaseless Edge|p1a: Pinsir\n|-damage|p1a: Pinsir|22\/100\n|-sidestart|p1: Drei D Lawrence|Spikes\n|\n|upkeep\n|turn|15\n|c| XX_1nfinity_XX|gin get a hazard remover\n|inactive|Ginesect has 270 seconds left.\n|c|\u2606Ginesect|I thought encore ended\n|c| XX_1nfinity_XX|bruh you not using cc on pinsir\n|c|\u2606Ginesect|The previous turn\n|\n|t:|1698575557\n|move|p1a: Pinsir|Quick Attack|p2a: Samurott\n|-damage|p2a: Samurott|0 fnt\n|faint|p2a: Samurott\n|\n|upkeep\n|\n|t:|1698575564\n|switch|p2a: Chien-Pao|Chien-Pao|100\/100\n|-activate|p2a: Chien-Pao|move: Sticky Web\n|-unboost|p2a: Chien-Pao|spe|1\n|-ability|p2a: Chien-Pao|Sword of Ruin\n|turn|16\n|\n|t:|1698575574\n|move|p1a: Pinsir|Quick Attack|p2a: Chien-Pao\n|-crit|p2a: Chien-Pao\n|-damage|p2a: Chien-Pao|45\/100\n|move|p2a: Chien-Pao|Sucker Punch||[still]\n|-fail|p2a: Chien-Pao\n|\n|upkeep\n|turn|17\n|c|\u2606Ginesect|gg\n|\n|t:|1698575583\n|switch|p2a: Sableye|Sableye, F|23\/100\n|-activate|p2a: Sableye|move: Sticky Web\n|-unboost|p2a: Sableye|spe|1\n|move|p1a: Pinsir|Quick Attack|p2a: Sableye\n|-damage|p2a: Sableye|0 fnt\n|faint|p2a: Sableye\n|\n|upkeep\n|\n|t:|1698575585\n|switch|p2a: Chien-Pao|Chien-Pao|45\/100\n|-activate|p2a: Chien-Pao|move: Sticky Web\n|-unboost|p2a: Chien-Pao|spe|1\n|-ability|p2a: Chien-Pao|Sword of Ruin\n|turn|18\n|c| XX_1nfinity_XX|skill issue\n|\n|t:|1698575587\n|move|p1a: Pinsir|Quick Attack|p2a: Chien-Pao\n|-damage|p2a: Chien-Pao|5\/100\n|move|p2a: Chien-Pao|Ice Spinner|p1a: Pinsir\n|-supereffective|p1a: Pinsir\n|-damage|p1a: Pinsir|0 fnt\n|faint|p1a: Pinsir\n|\n|upkeep\n|c|\u2606Ginesect|This team sucks\n|\n|t:|1698575595\n|switch|p1a: Gholdengo|Gholdengo|100\/100\n|-damage|p1a: Gholdengo|94\/100|[from] Stealth Rock\n|-item|p1a: Gholdengo|Air Balloon\n|turn|19\n|c|\u2606Ginesect|I need to rebuild\n|\n|t:|1698575603\n|-terastallize|p1a: Gholdengo|Steel\n|move|p2a: Chien-Pao|Ice Spinner|p1a: Gholdengo\n|-resisted|p1a: Gholdengo\n|-damage|p1a: Gholdengo|58\/100\n|-enditem|p1a: Gholdengo|Air Balloon\n|move|p1a: Gholdengo|Make It Rain|p2a: Chien-Pao\n|-supereffective|p2a: Chien-Pao\n|-damage|p2a: Chien-Pao|0 fnt\n|-unboost|p1a: Gholdengo|spa|1\n|faint|p2a: Chien-Pao\n|\n|win|Drei D Lawrence\n|c|\u2606Drei D Lawrence|gg\n|j| Dreepy Airlines\n|c|\u2606Drei D Lawrence|first badge\n|l|\u2606Ginesect\n|j|\u2606Ginesect\n|player|p2|Ginesect|artist-gen4\n|l| Dreepy Airlines\n|c| XX_1nfinity_XX|Gin you have a crazy offense or stall opportunity\n|c| XX_1nfinity_XX|use either stall or HO\n|l| XX_1nfinity_XX\n","uploadtime":1698575625,"views":16,"p1id":"dreidlawrence","p2id":"ginesect","formatid":"gen9nationaldexubers","rating":0,"private":0,"password":""}