{"id":"gen9nationaldexubers-1990097228","p1":"Riverton Red Sawks","p2":"BoyzArbokInTown03","format":"[Gen 9] National Dex Ubers","log":"|j|\u2606Riverton Red Sawks\n|j|\u2606BoyzArbokInTown03\n|t:|1699924215\n|gametype|singles\n|player|p1|Riverton Red Sawks|misty|\n|player|p2|BoyzArbokInTown03|170|\n|teamsize|p1|6\n|teamsize|p2|6\n|gen|9\n|tier|[Gen 9] National Dex Ubers\n|rule|HP Percentage Mod: HP is shown in percentages\n|rule|Endless Battle Clause: Forcing endless battles is banned\n|rule|OHKO Clause: OHKO moves are banned\n|rule|Evasion Moves Clause: Evasion moves are banned\n|rule|Evasion Items Clause: Evasion items are banned\n|rule|Species Clause: Limit one of each Pok\u00e9mon\n|rule|Sleep Clause Mod: Limit one foe put to sleep\n|rule|Mega Rayquaza Clause: You cannot mega evolve Rayquaza\n|clearpoke\n|poke|p1|Walking Wake|\n|poke|p1|Garganacl, F|\n|poke|p1|Mawile, F|\n|poke|p1|Tyranitar, F|\n|poke|p1|Tapu Fini|\n|poke|p1|Crobat, F|\n|poke|p2|Zygarde|\n|poke|p2|Glimmora, F|\n|poke|p2|Samurott-Hisui, F|\n|poke|p2|Victini|\n|poke|p2|Zoroark-Hisui, M|\n|poke|p2|Sylveon, M|\n|teampreview\n|j| medi34\n|\n|t:|1699924228\n|start\n|switch|p1a: Tapu Fini|Tapu Fini|100\/100\n|switch|p2a: Zygarde|Zygarde|100\/100\n|-fieldstart|move: Misty Terrain|[from] ability: Misty Surge|[of] p1a: Tapu Fini\n|turn|1\n|j| RNG_G0D\n|\n|t:|1699924246\n|move|p1a: Tapu Fini|Ice Beam|p2a: Zygarde\n|-damage|p2a: Zygarde|59\/100\n|replace|p2a: Zoroark|Zoroark-Hisui, M\n|-end|p2a: Zoroark|Illusion\n|move|p2a: Zoroark|Hyper Voice|p1a: Tapu Fini\n|-damage|p1a: Tapu Fini|45\/100\n|\n|upkeep\n|turn|2\n|\n|t:|1699924260\n|switch|p1a: Garganacl|Garganacl, F|100\/100\n|switch|p2a: Victini|Victini|100\/100\n|\n|upkeep\n|turn|3\n|\n|t:|1699924269\n|switch|p1a: Mawile|Mawile, F|100\/100\n|-ability|p1a: Mawile|Intimidate|boost\n|-unboost|p2a: Victini|atk|1\n|move|p2a: Victini|Trick||[still]\n|-fail|p2a: Victini\n|\n|upkeep\n|turn|4\n|\n|t:|1699924286\n|switch|p2a: Zygarde|Zygarde|59\/100\n|detailschange|p1a: Mawile|Mawile-Mega, F\n|-mega|p1a: Mawile|Mawile|Mawilite\n|move|p1a: Mawile|Sucker Punch||[still]\n|-fail|p1a: Mawile\n|\n|upkeep\n|turn|5\n|\n|t:|1699924297\n|switch|p1a: Tyranitar|Tyranitar, F|100\/100\n|-weather|Sandstorm|[from] ability: Sand Stream|[of] p1a: Tyranitar\n|move|p2a: Zygarde|Shadow Ball|p1a: Tyranitar\n|-resisted|p1a: Tyranitar\n|-damage|p1a: Tyranitar|86\/100\n|-enditem|p1a: Tyranitar|Red Card|[of] p2a: Zygarde\n|drag|p2a: Zygarde|Zygarde|100\/100\n|\n|-weather|Sandstorm|[upkeep]\n|-fieldend|Misty Terrain\n|upkeep\n|turn|6\n|\n|t:|1699924337\n|switch|p1a: Walking Wake|Walking Wake|100\/100\n|move|p2a: Zygarde|Thousand Waves|p1a: Walking Wake\n|-damage|p1a: Walking Wake|58\/100\n|-activate|p1a: Walking Wake|trapped\n|\n|-weather|Sandstorm|[upkeep]\n|-damage|p1a: Walking Wake|51\/100|[from] Sandstorm\n|upkeep\n|turn|7\n|\n|t:|1699924353\n|switch|p2a: Sylveon|Sylveon, M|100\/100\n|move|p1a: Walking Wake|Hydro Steam|p2a: Sylveon\n|-damage|p2a: Sylveon|66\/100\n|\n|-weather|Sandstorm|[upkeep]\n|-damage|p1a: Walking Wake|45\/100|[from] Sandstorm\n|-damage|p2a: Sylveon|60\/100|[from] Sandstorm\n|-heal|p2a: Sylveon|66\/100|[from] item: Leftovers\n|upkeep\n|turn|8\n|\n|t:|1699924365\n|-end|p1a: Walking Wake|Protosynthesis|[silent]\n|switch|p1a: Mawile|Mawile-Mega, F|100\/100\n|move|p2a: Sylveon|Yawn|p1a: Mawile\n|-start|p1a: Mawile|move: Yawn|[of] p2a: Sylveon\n|\n|-weather|Sandstorm|[upkeep]\n|-damage|p2a: Sylveon|60\/100|[from] Sandstorm\n|-heal|p2a: Sylveon|66\/100|[from] item: Leftovers\n|upkeep\n|turn|9\n|\n|t:|1699924375\n|switch|p1a: Crobat|Crobat, F|100\/100\n|switch|p2a: Glimmora|Glimmora, F|100\/100\n|\n|-weather|none\n|upkeep\n|turn|10\n|\n|t:|1699924400\n|move|p1a: Crobat|U-turn|p2a: Glimmora\n|-resisted|p2a: Glimmora\n|-damage|p2a: Glimmora|91\/100\n|-activate|p2a: Glimmora|ability: Toxic Debris\n|-sidestart|p1: Riverton Red Sawks|move: Toxic Spikes\n|l| RNG_G0D\n|\n|t:|1699924407\n|switch|p1a: Garganacl|Garganacl, F|100\/100|[from] U-turn\n|move|p2a: Glimmora|Stealth Rock|p1a: Garganacl\n|-sidestart|p1: Riverton Red Sawks|move: Stealth Rock\n|\n|upkeep\n|turn|11\n|\n|t:|1699924420\n|switch|p2a: Zygarde|Zygarde|100\/100\n|move|p1a: Garganacl|Iron Defense|p1a: Garganacl\n|-boost|p1a: Garganacl|def|2\n|\n|upkeep\n|turn|12\n|\n|t:|1699924427\n|move|p2a: Zygarde|Coil|p2a: Zygarde\n|-boost|p2a: Zygarde|atk|1\n|-boost|p2a: Zygarde|def|1\n|-boost|p2a: Zygarde|accuracy|1\n|move|p1a: Garganacl|Iron Defense|p1a: Garganacl\n|-boost|p1a: Garganacl|def|2\n|\n|upkeep\n|turn|13\n|\n|t:|1699924435\n|move|p2a: Zygarde|Coil|p2a: Zygarde\n|-boost|p2a: Zygarde|atk|1\n|-boost|p2a: Zygarde|def|1\n|-boost|p2a: Zygarde|accuracy|1\n|move|p1a: Garganacl|Body Press|p2a: Zygarde\n|-damage|p2a: Zygarde|75\/100\n|\n|upkeep\n|turn|14\n|\n|t:|1699924441\n|move|p2a: Zygarde|Coil|p2a: Zygarde\n|-boost|p2a: Zygarde|atk|1\n|-boost|p2a: Zygarde|def|1\n|-boost|p2a: Zygarde|accuracy|1\n|move|p1a: Garganacl|Salt Cure|p2a: Zygarde\n|-resisted|p2a: Zygarde\n|-damage|p2a: Zygarde|73\/100\n|\n|upkeep\n|turn|15\n|\n|t:|1699924450\n|move|p2a: Zygarde|Thousand Waves|p1a: Garganacl\n|-supereffective|p1a: Garganacl\n|-damage|p1a: Garganacl|55\/100\n|-activate|p1a: Garganacl|trapped\n|move|p1a: Garganacl|Iron Defense|p1a: Garganacl\n|-boost|p1a: Garganacl|def|2\n|\n|upkeep\n|turn|16\n|\n|t:|1699924462\n|move|p2a: Zygarde|Coil|p2a: Zygarde\n|-boost|p2a: Zygarde|atk|1\n|-boost|p2a: Zygarde|def|1\n|-boost|p2a: Zygarde|accuracy|1\n|move|p1a: Garganacl|Body Press|p2a: Zygarde\n|-damage|p2a: Zygarde|51\/100\n|\n|upkeep\n|turn|17\n|\n|t:|1699924470\n|move|p2a: Zygarde|Coil|p2a: Zygarde\n|-boost|p2a: Zygarde|atk|1\n|-boost|p2a: Zygarde|def|1\n|-boost|p2a: Zygarde|accuracy|1\n|move|p1a: Garganacl|Body Press|p2a: Zygarde\n|-damage|p2a: Zygarde|33\/100\n|\n|-activate|p2a: Zygarde|ability: Power Construct\n|detailschange|p2a: Zygarde|Zygarde-Complete\n|-heal|p2a: Zygarde|56\/100|[silent]\n|upkeep\n|turn|18\n|\n|t:|1699924481\n|-terastallize|p1a: Garganacl|Dragon\n|move|p2a: Zygarde|Coil|p2a: Zygarde\n|-boost|p2a: Zygarde|atk|1\n|-boost|p2a: Zygarde|def|1\n|-boost|p2a: Zygarde|accuracy|1\n|move|p1a: Garganacl|Recover|p1a: Garganacl\n|-heal|p1a: Garganacl|100\/100\n|\n|upkeep\n|turn|19\n|c| medi34|Zygardes disgusts me xD\n|\n|t:|1699924490\n|move|p2a: Zygarde|Thousand Waves|p1a: Garganacl\n|-damage|p1a: Garganacl|72\/100\n|move|p1a: Garganacl|Salt Cure|p2a: Zygarde\n|-resisted|p2a: Zygarde\n|-damage|p2a: Zygarde|55\/100\n|\n|upkeep\n|turn|20\n|j| RNG_G0D\n|\n|t:|1699924512\n|move|p2a: Zygarde|Thousand Waves|p1a: Garganacl\n|-damage|p1a: Garganacl|43\/100\n|move|p1a: Garganacl|Body Press|p2a: Zygarde\n|-damage|p2a: Zygarde|45\/100\n|\n|upkeep\n|turn|21\n|\n|t:|1699924525\n|move|p2a: Zygarde|Thousand Waves|p1a: Garganacl\n|-damage|p1a: Garganacl|11\/100\n|move|p1a: Garganacl|Recover|p1a: Garganacl\n|-heal|p1a: Garganacl|61\/100\n|\n|upkeep\n|turn|22\n|\n|t:|1699924538\n|move|p2a: Zygarde|Thousand Waves|p1a: Garganacl\n|-damage|p1a: Garganacl|30\/100\n|move|p1a: Garganacl|Body Press|p2a: Zygarde\n|-damage|p2a: Zygarde|34\/100\n|\n|upkeep\n|turn|23\n|\n|t:|1699924545\n|move|p2a: Zygarde|Thousand Waves|p1a: Garganacl\n|-damage|p1a: Garganacl|0 fnt\n|faint|p1a: Garganacl\n|\n|upkeep\n|\n|t:|1699924601\n|switch|p1a: Mawile|Mawile-Mega, F|100\/100\n|-damage|p1a: Mawile|95\/100|[from] Stealth Rock\n|turn|24\n|\n|t:|1699924632\n|-terastallize|p2a: Zygarde|Normal\n|move|p2a: Zygarde|Rest|p2a: Zygarde\n|-status|p2a: Zygarde|slp|[from] move: Rest\n|-heal|p2a: Zygarde|100\/100 slp|[silent]\n|move|p1a: Mawile|Play Rough|p2a: Zygarde\n|-damage|p2a: Zygarde|90\/100 slp\n|\n|upkeep\n|turn|25\n|\n|t:|1699924644\n|cant|p2a: Zygarde|slp\n|move|p1a: Mawile|Play Rough|p2a: Zygarde\n|-damage|p2a: Zygarde|80\/100 slp\n|\n|upkeep\n|turn|26\n|\n|t:|1699924655\n|switch|p1a: Tyranitar|Tyranitar, F|86\/100\n|-status|p1a: Tyranitar|psn\n|-damage|p1a: Tyranitar|74\/100 psn|[from] Stealth Rock\n|-weather|Sandstorm|[from] ability: Sand Stream|[of] p1a: Tyranitar\n|cant|p2a: Zygarde|slp\n|\n|-weather|Sandstorm|[upkeep]\n|-damage|p2a: Zygarde|74\/100 slp|[from] Sandstorm\n|-damage|p1a: Tyranitar|61\/100 psn|[from] psn\n|upkeep\n|turn|27\n|\n|t:|1699924671\n|-curestatus|p2a: Zygarde|slp|[msg]\n|move|p2a: Zygarde|Thousand Waves|p1a: Tyranitar\n|-supereffective|p1a: Tyranitar\n|-damage|p1a: Tyranitar|0 fnt\n|faint|p1a: Tyranitar\n|\n|-weather|Sandstorm|[upkeep]\n|-damage|p2a: Zygarde|67\/100|[from] Sandstorm\n|upkeep\n|\n|t:|1699924685\n|switch|p1a: Mawile|Mawile-Mega, F|95\/100\n|-damage|p1a: Mawile|89\/100|[from] Stealth Rock\n|turn|28\n|\n|t:|1699924689\n|move|p1a: Mawile|Sucker Punch|p2a: Zygarde\n|-damage|p2a: Zygarde|63\/100\n|move|p2a: Zygarde|Thousand Waves|p1a: Mawile\n|-supereffective|p1a: Mawile\n|-damage|p1a: Mawile|0 fnt\n|faint|p1a: Mawile\n|\n|-weather|Sandstorm|[upkeep]\n|-damage|p2a: Zygarde|56\/100|[from] Sandstorm\n|upkeep\n|\n|t:|1699924720\n|switch|p1a: Tapu Fini|Tapu Fini|45\/100\n|-status|p1a: Tapu Fini|psn\n|-damage|p1a: Tapu Fini|32\/100 psn|[from] Stealth Rock\n|-fieldstart|move: Misty Terrain|[from] ability: Misty Surge|[of] p1a: Tapu Fini\n|turn|29\n|\n|t:|1699924726\n|move|p2a: Zygarde|Extreme Speed|p1a: Tapu Fini\n|-damage|p1a: Tapu Fini|0 fnt\n|faint|p1a: Tapu Fini\n|\n|-weather|Sandstorm|[upkeep]\n|-damage|p2a: Zygarde|50\/100|[from] Sandstorm\n|upkeep\n|\n|t:|1699924733\n|switch|p1a: Walking Wake|Walking Wake|45\/100\n|-damage|p1a: Walking Wake|33\/100|[from] Stealth Rock\n|turn|30\n|\n|t:|1699924740\n|move|p2a: Zygarde|Extreme Speed|p1a: Walking Wake\n|-damage|p1a: Walking Wake|0 fnt\n|faint|p1a: Walking Wake\n|-end|p1a: Walking Wake|Protosynthesis|[silent]\n|\n|-weather|none\n|upkeep\n|\n|t:|1699924745\n|switch|p1a: Crobat|Crobat, F|100\/100\n|-damage|p1a: Crobat|76\/100|[from] Stealth Rock\n|turn|31\n|\n|t:|1699924750\n|move|p2a: Zygarde|Extreme Speed|p1a: Crobat\n|-damage|p1a: Crobat|0 fnt\n|faint|p1a: Crobat\n|\n|win|BoyzArbokInTown03\n|c|\u2606Riverton Red Sawks|gg\n|c|\u2606BoyzArbokInTown03|GGs\n|c| medi34|ggs\n","uploadtime":1699924758,"views":23,"p1id":"rivertonredsawks","p2id":"boyzarbokintown03","formatid":"gen9nationaldexubers","rating":0,"private":0,"password":""}