{"id":"gen9nationaldexubers-1983052158","p1":"Guj Genera","p2":"Shlartog","format":"[Gen 9] National Dex Ubers","log":"|j|\u2606Guj Genera\n|j|\u2606Shlartog\n|t:|1699075930\n|gametype|singles\n|player|p1|Guj Genera|red|\n|player|p2|Shlartog|169|\n|teamsize|p1|6\n|teamsize|p2|6\n|gen|9\n|tier|[Gen 9] National Dex Ubers\n|rule|HP Percentage Mod: HP is shown in percentages\n|rule|Endless Battle Clause: Forcing endless battles is banned\n|rule|OHKO Clause: OHKO moves are banned\n|rule|Evasion Moves Clause: Evasion moves are banned\n|rule|Evasion Items Clause: Evasion items are banned\n|rule|Species Clause: Limit one of each Pok\u00e9mon\n|rule|Sleep Clause Mod: Limit one foe put to sleep\n|rule|Mega Rayquaza Clause: You cannot mega evolve Rayquaza\n|clearpoke\n|poke|p1|Cinderace, M|\n|poke|p1|Diancie|\n|poke|p1|Landorus-Therian, M|\n|poke|p1|Zeraora|\n|poke|p1|Inteleon, F|\n|poke|p1|Kommo-o, M|\n|poke|p2|Centiskorch, M|\n|poke|p2|Scizor, M|\n|poke|p2|Volcarona, M|\n|poke|p2|Shuckle, F|\n|poke|p2|Buzzwole|\n|poke|p2|Lokix, M|\n|teampreview\n|inactive|Battle timer is ON: inactive players will automatically lose when time's up. (requested by Guj Genera)\n|\n|t:|1699075953\n|start\n|switch|p1a: Landorus|Landorus-Therian, M, shiny|100\/100\n|switch|p2a: Krombo|Shuckle, F|100\/100\n|-ability|p1a: Landorus|Intimidate|boost\n|-unboost|p2a: Krombo|atk|1\n|turn|1\n|c|\u2606Guj Genera|Glhf\n|inactiveoff|Battle timer is now OFF.\n|\n|t:|1699075965\n|move|p1a: Landorus|Stealth Rock|p2a: Krombo\n|-sidestart|p2: Shlartog|move: Stealth Rock\n|move|p2a: Krombo|Sticky Web|p1a: Landorus\n|-sidestart|p1: Guj Genera|move: Sticky Web\n|\n|upkeep\n|turn|2\n|j| Astro nation y\n|j| Cold Finally\n|c|\u2606Guj Genera|Misplay on my part\n|j| Master of Mirrors\n|c|\u2606Guj Genera|Should have started diancie\n|j| vespyyy\n|c| Master of Mirrors|Alright Shlar\n|c| Master of Mirrors|I wanna see blood\n|c| Master of Mirrors|Blood for the blood god\n|\n|t:|1699075997\n|move|p1a: Landorus|Toxic|p2a: Krombo\n|-status|p2a: Krombo|tox\n|move|p2a: Krombo|Stealth Rock|p1a: Landorus\n|-sidestart|p1: Guj Genera|move: Stealth Rock\n|\n|-damage|p2a: Krombo|94\/100 tox|[from] psn\n|upkeep\n|turn|3\n|\n|t:|1699076008\n|move|p1a: Landorus|U-turn|p2a: Krombo\n|-damage|p2a: Krombo|80\/100 tox\n|\n|t:|1699076010\n|switch|p1a: Diancie|Diancie, shiny|100\/100|[from] U-turn\n|-activate|p1a: Diancie|move: Sticky Web\n|-fail|p1a: Diancie|unboost|[from] ability: Clear Body|[of] p1a: Diancie\n|-damage|p1a: Diancie|88\/100|[from] Stealth Rock\n|move|p2a: Krombo|Final Gambit|p1a: Diancie\n|-damage|p1a: Diancie|7\/100\n|faint|p2a: Krombo\n|\n|upkeep\n|c| Cold Finally|why did I think shlar was the dark leader\n|c|\u2606Shlartog|For Morgan\n|c| Master of Mirrors|also is that goat centiskorch\n|c|\u2606Shlartog|I was\n|c|\u2606Shlartog|haha\n|\n|t:|1699076021\n|switch|p2a: Onyx|Lokix, M|100\/100\n|-damage|p2a: Onyx|76\/100|[from] Stealth Rock\n|turn|4\n|\n|t:|1699076026\n|detailschange|p1a: Diancie|Diancie-Mega, shiny\n|-mega|p1a: Diancie|Diancie|Diancite\n|move|p2a: Onyx|First Impression|p1a: Diancie\n|-resisted|p1a: Diancie\n|-damage|p1a: Diancie|0 fnt\n|faint|p1a: Diancie\n|\n|upkeep\n|\n|t:|1699076028\n|switch|p1a: Landorus|Landorus-Therian, M, shiny|100\/100\n|-damage|p1a: Landorus|88\/100|[from] Stealth Rock\n|-ability|p1a: Landorus|Intimidate|boost\n|-unboost|p2a: Onyx|atk|1\n|turn|5\n|\n|t:|1699076036\n|switch|p2a: Ruby|Scizor, M|100\/100\n|-damage|p2a: Ruby|88\/100|[from] Stealth Rock\n|move|p1a: Landorus|Toxic|p2a: Ruby\n|-immune|p2a: Ruby\n|\n|upkeep\n|turn|6\n|\n|t:|1699076041\n|detailschange|p2a: Ruby|Scizor-Mega, M\n|-mega|p2a: Ruby|Scizor|Scizorite\n|move|p1a: Landorus|Earthquake|p2a: Ruby\n|-crit|p2a: Ruby\n|-damage|p2a: Ruby|42\/100\n|move|p2a: Ruby|Swords Dance|p2a: Ruby\n|-boost|p2a: Ruby|atk|2\n|\n|upkeep\n|turn|7\n|c| Master of Mirrors|He was and he got dethroned\n|\n|t:|1699076046\n|move|p1a: Landorus|Earthquake|p2a: Ruby\n|-damage|p2a: Ruby|13\/100\n|move|p2a: Ruby|Roost|p2a: Ruby\n|-heal|p2a: Ruby|63\/100\n|-singleturn|p2a: Ruby|move: Roost\n|\n|upkeep\n|turn|8\n|\n|t:|1699076049\n|move|p1a: Landorus|Earthquake|p2a: Ruby\n|-damage|p2a: Ruby|32\/100\n|move|p2a: Ruby|Roost|p2a: Ruby\n|-heal|p2a: Ruby|82\/100\n|-singleturn|p2a: Ruby|move: Roost\n|\n|upkeep\n|turn|9\n|c| Master of Mirrors|BLOOD FOR THE BLOOD GOD\n|c| Cold Finally|and its over\n|\n|t:|1699076063\n|move|p1a: Landorus|Earthquake|p2a: Ruby\n|-damage|p2a: Ruby|53\/100\n|move|p2a: Ruby|Swords Dance|p2a: Ruby\n|-boost|p2a: Ruby|atk|2\n|\n|upkeep\n|turn|10\n|\n|t:|1699076067\n|move|p1a: Landorus|Earthquake|p2a: Ruby\n|-damage|p2a: Ruby|25\/100\n|move|p2a: Ruby|Roost|p2a: Ruby\n|-heal|p2a: Ruby|75\/100\n|-singleturn|p2a: Ruby|move: Roost\n|\n|upkeep\n|turn|11\n|\n|t:|1699076072\n|move|p1a: Landorus|Earthquake|p2a: Ruby\n|-damage|p2a: Ruby|45\/100\n|move|p2a: Ruby|Swords Dance|p2a: Ruby\n|-boost|p2a: Ruby|atk|2\n|\n|upkeep\n|turn|12\n|\n|t:|1699076074\n|move|p1a: Landorus|Earthquake|p2a: Ruby\n|-damage|p2a: Ruby|15\/100\n|move|p2a: Ruby|Roost|p2a: Ruby\n|-heal|p2a: Ruby|66\/100\n|-singleturn|p2a: Ruby|move: Roost\n|\n|upkeep\n|turn|13\n|c| Master of Mirrors|finish him.\n|\n|t:|1699076082\n|move|p1a: Landorus|Earthquake|p2a: Ruby\n|-damage|p2a: Ruby|37\/100\n|move|p2a: Ruby|Roost|p2a: Ruby\n|-heal|p2a: Ruby|87\/100\n|-singleturn|p2a: Ruby|move: Roost\n|\n|upkeep\n|turn|14\n|\n|t:|1699076086\n|move|p2a: Ruby|Bullet Punch|p1a: Landorus\n|-damage|p1a: Landorus|0 fnt\n|-damage|p2a: Ruby|70\/100|[from] item: Rocky Helmet|[of] p1a: Landorus\n|faint|p1a: Landorus\n|\n|upkeep\n|\n|t:|1699076089\n|switch|p1a: Kommo-o|Kommo-o, M, shiny|100\/100\n|-activate|p1a: Kommo-o|move: Sticky Web\n|-unboost|p1a: Kommo-o|spe|1\n|-damage|p1a: Kommo-o|94\/100|[from] Stealth Rock\n|turn|15\n|c| Master of Mirrors|1\n|\n|t:|1699076110\n|move|p2a: Ruby|Bullet Punch|p1a: Kommo-o\n|-damage|p1a: Kommo-o|0 fnt\n|faint|p1a: Kommo-o\n|\n|upkeep\n|c| Cold Finally|a 2\n|\n|t:|1699076119\n|switch|p1a: Zeraora|Zeraora, shiny|100\/100\n|-activate|p1a: Zeraora|move: Sticky Web\n|-unboost|p1a: Zeraora|spe|1\n|-damage|p1a: Zeraora|88\/100|[from] Stealth Rock\n|turn|16\n|\n|t:|1699076122\n|move|p2a: Ruby|Bullet Punch|p1a: Zeraora\n|-resisted|p1a: Zeraora\n|-damage|p1a: Zeraora|0 fnt\n|faint|p1a: Zeraora\n|\n|upkeep\n|\n|t:|1699076124\n|switch|p1a: Cinderace|Cinderace, M, shiny|100\/100\n|-activate|p1a: Cinderace|move: Sticky Web\n|-unboost|p1a: Cinderace|spe|1\n|-damage|p1a: Cinderace|76\/100|[from] Stealth Rock\n|turn|17\n|c| Astro nation y|3\n|c| Master of Mirrors|Oh baby a triple\n|\n|t:|1699076129\n|move|p2a: Ruby|Bullet Punch|p1a: Cinderace\n|-resisted|p1a: Cinderace\n|-damage|p1a: Cinderace|0 fnt\n|faint|p1a: Cinderace\n|\n|upkeep\n|\n|t:|1699076131\n|switch|p1a: Inteleon|Inteleon, F, shiny|100\/100\n|-activate|p1a: Inteleon|move: Sticky Web\n|-unboost|p1a: Inteleon|spe|1\n|-damage|p1a: Inteleon|88\/100|[from] Stealth Rock\n|turn|18\n|c|\u2606Shlartog|GG's\n|\n|t:|1699076134\n|move|p2a: Ruby|Bullet Punch|p1a: Inteleon\n|-resisted|p1a: Inteleon\n|-damage|p1a: Inteleon|0 fnt\n|faint|p1a: Inteleon\n|\n|win|Shlartog\n|c| Cold Finally|bogie!\n|c|\u2606Guj Genera|Gg\n|c| Astro nation y|goat shlartog\n|c| Master of Mirrors|blood for the glood god\n|c| Master of Mirrors|*blood\n|l| Astro nation y\n|c| Master of Mirrors|You have appeased my thirst Shlar\n|c| Master of Mirrors|Good work\n|l|\u2606Guj Genera\n|l| Master of Mirrors\n|l| Cold Finally\n|j| Cr0ssHeart\n|c|\u2606Shlartog|LET'S GOOOO\n","uploadtime":1699076191,"views":17,"p1id":"gujgenera","p2id":"shlartog","formatid":"gen9nationaldexubers","rating":0,"private":0,"password":""}