{"id":"gen9nationaldexubers-1979760057","p1":"hanagakiUBD","p2":"Mistery Gold","format":"[Gen 9] National Dex Ubers","log":"|j|\u2606hanagakiUBD\n|j|\u2606Mistery Gold\n|t:|1698710375\n|gametype|singles\n|player|p1|hanagakiUBD|iris-gen5bw2|\n|player|p2|Mistery Gold|hilda|\n|teamsize|p1|6\n|teamsize|p2|6\n|gen|9\n|tier|[Gen 9] National Dex Ubers\n|rule|HP Percentage Mod: HP is shown in percentages\n|rule|Endless Battle Clause: Forcing endless battles is banned\n|rule|OHKO Clause: OHKO moves are banned\n|rule|Evasion Moves Clause: Evasion moves are banned\n|rule|Evasion Items Clause: Evasion items are banned\n|rule|Species Clause: Limit one of each Pok\u00e9mon\n|rule|Sleep Clause Mod: Limit one foe put to sleep\n|rule|Mega Rayquaza Clause: You cannot mega evolve Rayquaza\n|clearpoke\n|poke|p1|Gengar, M|\n|poke|p1|Lucario, F|\n|poke|p1|Dracovish|\n|poke|p1|Pikachu-World, M|\n|poke|p1|Sirfetch\u2019d, M|\n|poke|p1|Dragonite, F|\n|poke|p2|Infernape, M|\n|poke|p2|Staraptor, M|\n|poke|p2|Torterra, F|\n|poke|p2|Gliscor, M|\n|poke|p2|Floatzel, M|\n|poke|p2|Garchomp, F|\n|teampreview\n|inactive|Battle timer is ON: inactive players will automatically lose when time's up. (requested by hanagakiUBD)\n|\n|t:|1698710399\n|start\n|switch|p1a: Pikachu|Pikachu-World, M|100\/100\n|switch|p2a: Garchomp|Garchomp, F|100\/100\n|turn|1\n|\n|t:|1698710405\n|detailschange|p2a: Garchomp|Garchomp-Mega, F\n|-mega|p2a: Garchomp|Garchomp|Garchompite\n|move|p1a: Pikachu|Fake Out|p2a: Garchomp\n|-damage|p2a: Garchomp|88\/100\n|cant|p2a: Garchomp|flinch\n|\n|upkeep\n|turn|2\n|\n|t:|1698710413\n|switch|p1a: Dragonite|Dragonite, F|100\/100\n|move|p2a: Garchomp|Scale Shot|p1a: Dragonite\n|-supereffective|p1a: Dragonite\n|-damage|p1a: Dragonite|84\/100\n|-supereffective|p1a: Dragonite\n|-damage|p1a: Dragonite|50\/100\n|-supereffective|p1a: Dragonite\n|-damage|p1a: Dragonite|16\/100\n|-supereffective|p1a: Dragonite\n|-crit|p1a: Dragonite\n|-damage|p1a: Dragonite|0 fnt\n|faint|p1a: Dragonite\n|-hitcount|p1: Dragonite|4\n|-unboost|p2a: Garchomp|def|1\n|-boost|p2a: Garchomp|spe|1\n|\n|upkeep\n|\n|t:|1698710419\n|switch|p1a: Gengar|Gengar, M|100\/100\n|turn|3\n|\n|t:|1698710425\n|move|p2a: Garchomp|Earthquake|p1a: Gengar\n|-supereffective|p1a: Gengar\n|-damage|p1a: Gengar|0 fnt\n|faint|p1a: Gengar\n|\n|upkeep\n|\n|t:|1698710440\n|switch|p1a: Sirfetch\u2019d|Sirfetch\u2019d, M|100\/100\n|turn|4\n|\n|t:|1698710451\n|move|p2a: Garchomp|Swords Dance|p2a: Garchomp\n|-boost|p2a: Garchomp|atk|2\n|move|p1a: Sirfetch\u2019d|Close Combat|p2a: Garchomp\n|-damage|p2a: Garchomp|4\/100\n|-unboost|p1a: Sirfetch\u2019d|def|1\n|-unboost|p1a: Sirfetch\u2019d|spd|1\n|\n|upkeep\n|turn|5\n|\n|t:|1698710456\n|move|p2a: Garchomp|Scale Shot|p1a: Sirfetch\u2019d|[miss]\n|-miss|p2a: Garchomp|p1a: Sirfetch\u2019d\n|move|p1a: Sirfetch\u2019d|Close Combat|p2a: Garchomp\n|-damage|p2a: Garchomp|0 fnt\n|-unboost|p1a: Sirfetch\u2019d|def|1\n|-unboost|p1a: Sirfetch\u2019d|spd|1\n|faint|p2a: Garchomp\n|\n|upkeep\n|\n|t:|1698710459\n|switch|p2a: Staraptor|Staraptor, M|100\/100\n|-ability|p2a: Staraptor|Intimidate|boost\n|-fail|p1a: Sirfetch\u2019d|unboost|Attack|[from] ability: Scrappy|[of] p1a: Sirfetch\u2019d\n|turn|6\n|\n|t:|1698710468\n|move|p2a: Staraptor|Brave Bird|p1a: Sirfetch\u2019d\n|-supereffective|p1a: Sirfetch\u2019d\n|-crit|p1a: Sirfetch\u2019d\n|-damage|p1a: Sirfetch\u2019d|0 fnt\n|faint|p1a: Sirfetch\u2019d\n|-damage|p2a: Staraptor|72\/100|[from] Recoil\n|\n|upkeep\n|\n|t:|1698710470\n|switch|p1a: Pikachu|Pikachu-World, M|100\/100\n|turn|7\n|\n|t:|1698710476\n|switch|p2a: Torterra|Torterra, F|100\/100\n|move|p1a: Pikachu|Fake Out|p2a: Torterra\n|-damage|p2a: Torterra|83\/100\n|\n|-heal|p2a: Torterra|89\/100|[from] item: Leftovers\n|upkeep\n|turn|8\n|\n|t:|1698710483\n|switch|p1a: Dracovish|Dracovish|100\/100\n|move|p2a: Torterra|Shell Smash|p2a: Torterra\n|-unboost|p2a: Torterra|def|1\n|-unboost|p2a: Torterra|spd|1\n|-boost|p2a: Torterra|atk|2\n|-boost|p2a: Torterra|spa|2\n|-boost|p2a: Torterra|spe|2\n|\n|-heal|p2a: Torterra|95\/100|[from] item: Leftovers\n|upkeep\n|turn|9\n|\n|t:|1698710493\n|move|p2a: Torterra|Earthquake|p1a: Dracovish\n|-damage|p1a: Dracovish|0 fnt\n|faint|p1a: Dracovish\n|\n|-heal|p2a: Torterra|100\/100|[from] item: Leftovers\n|upkeep\n|\n|t:|1698710495\n|switch|p1a: Lucario|Lucario, F|100\/100\n|turn|10\n|\n|t:|1698710498\n|detailschange|p1a: Lucario|Lucario-Mega, F\n|-mega|p1a: Lucario|Lucario|Lucarionite\n|move|p2a: Torterra|Earthquake|p1a: Lucario\n|-supereffective|p1a: Lucario\n|-damage|p1a: Lucario|0 fnt\n|faint|p1a: Lucario\n|\n|upkeep\n|\n|t:|1698710501\n|switch|p1a: Pikachu|Pikachu-World, M|100\/100\n|turn|11\n|\n|t:|1698710503\n|move|p1a: Pikachu|Fake Out|p2a: Torterra\n|-damage|p2a: Torterra|76\/100\n|cant|p2a: Torterra|flinch\n|\n|-heal|p2a: Torterra|82\/100|[from] item: Leftovers\n|upkeep\n|turn|12\n|\n|t:|1698710508\n|-terastallize|p1a: Pikachu|Electric\n|move|p1a: Pikachu|Quick Attack|p2a: Torterra\n|-damage|p2a: Torterra|60\/100\n|move|p2a: Torterra|Earthquake|p1a: Pikachu\n|-supereffective|p1a: Pikachu\n|-damage|p1a: Pikachu|0 fnt\n|faint|p1a: Pikachu\n|\n|win|Mistery Gold\n|l|\u2606hanagakiUBD\n","uploadtime":1698710519,"views":7,"p1id":"hanagakiubd","p2id":"misterygold","formatid":"gen9nationaldexubers","rating":0,"private":0,"password":""}