{"id":"gen9nationaldexubers-1992714476","p1":"Nnybbor","p2":"stinkles3","format":"[Gen 9] National Dex Ubers","log":"|j|\u2606Nnybbor\n|j|\u2606stinkles3\n|t:|1700228331\n|gametype|singles\n|player|p1|Nnybbor|hilbert|\n|player|p2|stinkles3|interviewers|\n|teamsize|p1|6\n|teamsize|p2|6\n|gen|9\n|tier|[Gen 9] National Dex Ubers\n|rule|HP Percentage Mod: HP is shown in percentages\n|rule|Endless Battle Clause: Forcing endless battles is banned\n|rule|OHKO Clause: OHKO moves are banned\n|rule|Evasion Moves Clause: Evasion moves are banned\n|rule|Evasion Items Clause: Evasion items are banned\n|rule|Species Clause: Limit one of each Pok\u00e9mon\n|rule|Sleep Clause Mod: Limit one foe put to sleep\n|rule|Mega Rayquaza Clause: You cannot mega evolve Rayquaza\n|clearpoke\n|poke|p1|Shaymin-Sky|\n|poke|p1|Meloetta|\n|poke|p1|Togekiss, M|\n|poke|p1|Jirachi|\n|poke|p1|Sawsbuck, F|\n|poke|p1|Dudunsparce-*, M|\n|poke|p2|Clodsire, M|\n|poke|p2|Sneasler, F|\n|poke|p2|Crobat, F|\n|poke|p2|Drapion, M|\n|poke|p2|Weezing-Galar, F|\n|poke|p2|Glimmora, F|\n|teampreview\n|c|\u2606stinkles3|what kinda team is this\n|\n|t:|1700228353\n|start\n|switch|p1a: Jirachi|Jirachi|100\/100\n|switch|p2a: Self destroyer|Crobat, F|100\/100\n|turn|1\n|j| AceTheInadequate\n|\n|t:|1700228367\n|switch|p2a: Crit hitter|Drapion, M|100\/100\n|move|p1a: Jirachi|Thunder Wave|p2a: Crit hitter\n|-status|p2a: Crit hitter|par\n|\n|upkeep\n|turn|2\n|\n|t:|1700228374\n|move|p1a: Jirachi|Ancient Power|p2a: Crit hitter\n|-damage|p2a: Crit hitter|79\/100 par\n|move|p2a: Crit hitter|Knock Off|p1a: Jirachi\n|-supereffective|p1a: Jirachi\n|-damage|p1a: Jirachi|20\/100\n|-damage|p2a: Crit hitter|63\/100 par|[from] item: Rocky Helmet|[of] p1a: Jirachi\n|-enditem|p1a: Jirachi|Rocky Helmet|[from] move: Knock Off|[of] p2a: Crit hitter\n|\n|upkeep\n|turn|3\n|\n|t:|1700228385\n|move|p1a: Jirachi|Ancient Power|p2a: Crit hitter\n|-damage|p2a: Crit hitter|41\/100 par\n|move|p2a: Crit hitter|Knock Off|p1a: Jirachi\n|-supereffective|p1a: Jirachi\n|-damage|p1a: Jirachi|0 fnt\n|faint|p1a: Jirachi\n|\n|upkeep\n|\n|t:|1700228393\n|switch|p1a: Togekiss|Togekiss, M|100\/100\n|turn|4\n|\n|t:|1700228396\n|move|p1a: Togekiss|Air Slash|p2a: Crit hitter\n|-damage|p2a: Crit hitter|0 fnt\n|faint|p2a: Crit hitter\n|\n|upkeep\n|\n|t:|1700228402\n|switch|p2a: Self destroyer|Crobat, F|100\/100\n|turn|5\n|\n|t:|1700228405\n|move|p2a: Self destroyer|Poison Fang|p1a: Togekiss\n|-supereffective|p1a: Togekiss\n|-damage|p1a: Togekiss|61\/100\n|-status|p1a: Togekiss|tox\n|move|p1a: Togekiss|Thunder Wave|p2a: Self destroyer\n|-status|p2a: Self destroyer|par\n|\n|-damage|p1a: Togekiss|55\/100 tox|[from] psn\n|upkeep\n|turn|6\n|\n|t:|1700228415\n|cant|p2a: Self destroyer|par\n|move|p1a: Togekiss|Air Slash|p2a: Self destroyer\n|-damage|p2a: Self destroyer|63\/100 par\n|\n|-heal|p2a: Self destroyer|69\/100 par|[from] item: Black Sludge\n|-damage|p1a: Togekiss|43\/100 tox|[from] psn\n|upkeep\n|turn|7\n|c|\u2606stinkles3|hi ace\n|\n|t:|1700228462\n|move|p1a: Togekiss|Air Slash|p2a: Self destroyer\n|-damage|p2a: Self destroyer|27\/100 par\n|cant|p2a: Self destroyer|flinch\n|\n|-heal|p2a: Self destroyer|33\/100 par|[from] item: Black Sludge\n|-damage|p1a: Togekiss|25\/100 tox|[from] psn\n|upkeep\n|-enditem|p1a: Togekiss|Wiki Berry|[eat]\n|-heal|p1a: Togekiss|58\/100 tox|[from] item: Wiki Berry\n|turn|8\n|\n|t:|1700228472\n|move|p1a: Togekiss|Air Slash|p2a: Self destroyer\n|-damage|p2a: Self destroyer|0 fnt\n|faint|p2a: Self destroyer\n|\n|-damage|p1a: Togekiss|33\/100 tox|[from] psn\n|upkeep\n|\n|t:|1700228478\n|switch|p2a: Industry Smog|Weezing-Galar, F|100\/100\n|turn|9\n|\n|t:|1700228492\n|move|p1a: Togekiss|Thunder Wave|p2a: Industry Smog\n|-status|p2a: Industry Smog|par\n|move|p2a: Industry Smog|Tera Blast|p1a: Togekiss\n|-damage|p1a: Togekiss|20\/100 tox\n|\n|-damage|p1a: Togekiss|0 fnt|[from] psn\n|faint|p1a: Togekiss\n|upkeep\n|\n|t:|1700228558\n|switch|p1a: Dudunsparce|Dudunsparce-Three-Segment, M|100\/100\n|turn|10\n|\n|t:|1700228563\n|move|p1a: Dudunsparce|Earthquake|p2a: Industry Smog\n|-immune|p2a: Industry Smog|[from] ability: Levitate\n|move|p2a: Industry Smog|Will-O-Wisp|p1a: Dudunsparce\n|-status|p1a: Dudunsparce|brn\n|\n|-damage|p1a: Dudunsparce|94\/100 brn|[from] brn\n|upkeep\n|turn|11\n|\n|t:|1700228582\n|move|p2a: Industry Smog|Tera Blast|p1a: Dudunsparce\n|-damage|p1a: Dudunsparce|80\/100 brn\n|move|p1a: Dudunsparce|Dragon Tail|p2a: Industry Smog\n|-immune|p2a: Industry Smog\n|\n|-heal|p1a: Dudunsparce|87\/100 brn|[from] item: Leftovers\n|-damage|p1a: Dudunsparce|80\/100 brn|[from] brn\n|upkeep\n|turn|12\n|\n|t:|1700228604\n|switch|p1a: Sawsbuck|Sawsbuck, F|100\/100\n|move|p2a: Industry Smog|Rest|p2a: Industry Smog\n|-fail|p2a: Industry Smog|heal\n|\n|upkeep\n|turn|13\n|\n|t:|1700228615\n|move|p1a: Sawsbuck|Leech Seed|p2a: Industry Smog\n|-start|p2a: Industry Smog|move: Leech Seed\n|move|p2a: Industry Smog|Gunk Shot|p1a: Sawsbuck|[miss]\n|-miss|p2a: Industry Smog|p1a: Sawsbuck\n|\n|-damage|p2a: Industry Smog|88\/100 par|[from] Leech Seed|[of] p1a: Sawsbuck\n|upkeep\n|turn|14\n|\n|t:|1700228623\n|move|p1a: Sawsbuck|Horn Leech|p2a: Industry Smog\n|-resisted|p2a: Industry Smog\n|-damage|p2a: Industry Smog|75\/100 par\n|cant|p2a: Industry Smog|par\n|\n|-damage|p2a: Industry Smog|62\/100 par|[from] Leech Seed|[of] p1a: Sawsbuck\n|upkeep\n|turn|15\n|\n|t:|1700228631\n|move|p1a: Sawsbuck|Horn Leech|p2a: Industry Smog\n|-resisted|p2a: Industry Smog\n|-damage|p2a: Industry Smog|49\/100 par\n|move|p2a: Industry Smog|Will-O-Wisp|p1a: Sawsbuck\n|-status|p1a: Sawsbuck|brn\n|\n|-damage|p2a: Industry Smog|36\/100 par|[from] Leech Seed|[of] p1a: Sawsbuck\n|-damage|p1a: Sawsbuck|95\/100 brn|[from] brn\n|upkeep\n|turn|16\n|\n|t:|1700228642\n|move|p1a: Sawsbuck|Horn Leech|p2a: Industry Smog\n|-resisted|p2a: Industry Smog\n|-crit|p2a: Industry Smog\n|-damage|p2a: Industry Smog|26\/100 par\n|-heal|p1a: Sawsbuck|100\/100 brn|[from] drain|[of] p2a: Industry Smog\n|move|p2a: Industry Smog|Rest|p2a: Industry Smog\n|-status|p2a: Industry Smog|slp|[from] move: Rest\n|-heal|p2a: Industry Smog|100\/100 slp|[silent]\n|-enditem|p2a: Industry Smog|Chesto Berry|[eat]\n|-curestatus|p2a: Industry Smog|slp|[msg]\n|\n|-damage|p2a: Industry Smog|88\/100|[from] Leech Seed|[of] p1a: Sawsbuck\n|-damage|p1a: Sawsbuck|95\/100 brn|[from] brn\n|upkeep\n|turn|17\n|\n|t:|1700228657\n|move|p1a: Sawsbuck|Body Slam|p2a: Industry Smog\n|-damage|p2a: Industry Smog|72\/100\n|move|p2a: Industry Smog|Gunk Shot|p1a: Sawsbuck|[miss]\n|-miss|p2a: Industry Smog|p1a: Sawsbuck\n|\n|-damage|p2a: Industry Smog|60\/100|[from] Leech Seed|[of] p1a: Sawsbuck\n|-heal|p1a: Sawsbuck|100\/100 brn|[silent]\n|-damage|p1a: Sawsbuck|95\/100 brn|[from] brn\n|upkeep\n|turn|18\n|\n|t:|1700228667\n|move|p1a: Sawsbuck|Body Slam|p2a: Industry Smog\n|-crit|p2a: Industry Smog\n|-damage|p2a: Industry Smog|36\/100\n|move|p2a: Industry Smog|Gunk Shot|p1a: Sawsbuck\n|-supereffective|p1a: Sawsbuck\n|-damage|p1a: Sawsbuck|7\/100 brn\n|-enditem|p1a: Sawsbuck|Starf Berry|[eat]\n|-boost|p1a: Sawsbuck|spd|2|[from] item: Starf Berry\n|\n|-damage|p2a: Industry Smog|24\/100|[from] Leech Seed|[of] p1a: Sawsbuck\n|-heal|p1a: Sawsbuck|20\/100 brn|[silent]\n|-damage|p1a: Sawsbuck|14\/100 brn|[from] brn\n|upkeep\n|turn|19\n|\n|t:|1700228680\n|move|p1a: Sawsbuck|Protect|p1a: Sawsbuck\n|-singleturn|p1a: Sawsbuck|Protect\n|move|p2a: Industry Smog|Rest|p2a: Industry Smog\n|-status|p2a: Industry Smog|slp|[from] move: Rest\n|-heal|p2a: Industry Smog|100\/100 slp|[silent]\n|\n|-damage|p2a: Industry Smog|88\/100 slp|[from] Leech Seed|[of] p1a: Sawsbuck\n|-heal|p1a: Sawsbuck|28\/100 brn|[silent]\n|-damage|p1a: Sawsbuck|22\/100 brn|[from] brn\n|upkeep\n|turn|20\n|\n|t:|1700228694\n|move|p1a: Sawsbuck|Horn Leech|p2a: Industry Smog\n|-resisted|p2a: Industry Smog\n|-damage|p2a: Industry Smog|81\/100 slp\n|-heal|p1a: Sawsbuck|26\/100 brn|[from] drain|[of] p2a: Industry Smog\n|cant|p2a: Industry Smog|slp\n|\n|-damage|p2a: Industry Smog|68\/100 slp|[from] Leech Seed|[of] p1a: Sawsbuck\n|-heal|p1a: Sawsbuck|40\/100 brn|[silent]\n|-damage|p1a: Sawsbuck|34\/100 brn|[from] brn\n|upkeep\n|turn|21\n|\n|t:|1700228705\n|move|p1a: Sawsbuck|Horn Leech|p2a: Industry Smog\n|-resisted|p2a: Industry Smog\n|-damage|p2a: Industry Smog|62\/100 slp\n|-heal|p1a: Sawsbuck|38\/100 brn|[from] drain|[of] p2a: Industry Smog\n|cant|p2a: Industry Smog|slp\n|\n|-damage|p2a: Industry Smog|50\/100 slp|[from] Leech Seed|[of] p1a: Sawsbuck\n|-heal|p1a: Sawsbuck|51\/100 brn|[silent]\n|-damage|p1a: Sawsbuck|45\/100 brn|[from] brn\n|upkeep\n|turn|22\n|\n|t:|1700228716\n|move|p1a: Sawsbuck|Horn Leech|p2a: Industry Smog\n|-resisted|p2a: Industry Smog\n|-damage|p2a: Industry Smog|42\/100 slp\n|-heal|p1a: Sawsbuck|49\/100 brn|[from] drain|[of] p2a: Industry Smog\n|-curestatus|p2a: Industry Smog|slp|[msg]\n|move|p2a: Industry Smog|Gunk Shot|p1a: Sawsbuck\n|-supereffective|p1a: Sawsbuck\n|-damage|p1a: Sawsbuck|0 fnt\n|faint|p1a: Sawsbuck\n|\n|upkeep\n|\n|t:|1700228739\n|switch|p1a: Shaymin|Shaymin-Sky|100\/100\n|turn|23\n|\n|t:|1700228743\n|move|p1a: Shaymin|Air Slash|p2a: Industry Smog\n|-damage|p2a: Industry Smog|15\/100\n|cant|p2a: Industry Smog|flinch\n|\n|-damage|p2a: Industry Smog|2\/100|[from] Leech Seed|[of] p1a: Shaymin\n|upkeep\n|turn|24\n|\n|t:|1700228751\n|switch|p2a: Flower Power|Glimmora, F|100\/100\n|move|p1a: Shaymin|Air Slash|p2a: Flower Power\n|-resisted|p2a: Flower Power\n|-damage|p2a: Flower Power|84\/100\n|\n|upkeep\n|turn|25\n|\n|t:|1700228763\n|move|p1a: Shaymin|Seed Flare|p2a: Flower Power\n|-damage|p2a: Flower Power|26\/100\n|-unboost|p2a: Flower Power|spd|2\n|move|p2a: Flower Power|Stealth Rock|p1a: Shaymin\n|-sidestart|p1: Nnybbor|move: Stealth Rock\n|\n|upkeep\n|turn|26\n|\n|t:|1700228774\n|move|p2a: Flower Power|Spiky Shield|p2a: Flower Power\n|-singleturn|p2a: Flower Power|move: Protect\n|move|p1a: Shaymin|Air Slash|p2a: Flower Power\n|-activate|p2a: Flower Power|move: Protect\n|\n|upkeep\n|turn|27\n|\n|t:|1700228779\n|switch|p2a: Grain|Clodsire, M|100\/100\n|move|p1a: Shaymin|Air Slash|p2a: Grain\n|-damage|p2a: Grain|85\/100\n|\n|-heal|p2a: Grain|91\/100|[from] item: Leftovers\n|upkeep\n|turn|28\n|\n|t:|1700228787\n|move|p1a: Shaymin|Seed Flare|p2a: Grain\n|-damage|p2a: Grain|61\/100\n|-unboost|p2a: Grain|spd|2\n|move|p2a: Grain|Gunk Shot|p1a: Shaymin|[miss]\n|-miss|p2a: Grain|p1a: Shaymin\n|\n|-heal|p2a: Grain|67\/100|[from] item: Leftovers\n|upkeep\n|turn|29\n|\n|t:|1700228797\n|move|p1a: Shaymin|Air Slash|p2a: Grain\n|-damage|p2a: Grain|34\/100\n|move|p2a: Grain|Gunk Shot|p1a: Shaymin|[miss]\n|-miss|p2a: Grain|p1a: Shaymin\n|\n|-heal|p2a: Grain|40\/100|[from] item: Leftovers\n|upkeep\n|turn|30\n|\n|t:|1700228805\n|move|p1a: Shaymin|Air Slash|p2a: Grain\n|-damage|p2a: Grain|2\/100\n|cant|p2a: Grain|flinch\n|\n|-heal|p2a: Grain|8\/100|[from] item: Leftovers\n|upkeep\n|turn|31\n|\n|t:|1700228812\n|switch|p2a: Industry Smog|Weezing-Galar, F|2\/100\n|move|p1a: Shaymin|Air Slash|p2a: Industry Smog\n|-damage|p2a: Industry Smog|0 fnt\n|faint|p2a: Industry Smog\n|\n|upkeep\n|\n|t:|1700228819\n|switch|p2a: Wolverine|Sneasler, F|100\/100\n|turn|32\n|\n|t:|1700228822\n|move|p2a: Wolverine|Fake Out|p1a: Shaymin\n|-enditem|p2a: Wolverine|Normal Gem|[from] gem\n|-damage|p1a: Shaymin|78\/100\n|cant|p1a: Shaymin|flinch\n|\n|upkeep\n|turn|33\n|\n|t:|1700228834\n|-terastallize|p2a: Wolverine|Flying\n|move|p2a: Wolverine|Acrobatics|p1a: Shaymin\n|-supereffective|p1a: Shaymin\n|-damage|p1a: Shaymin|0 fnt\n|faint|p1a: Shaymin\n|\n|upkeep\n|\n|t:|1700228842\n|switch|p1a: Dudunsparce|Dudunsparce-Three-Segment, M|80\/100 brn\n|-damage|p1a: Dudunsparce|68\/100 brn|[from] Stealth Rock\n|turn|34\n|\n|t:|1700228848\n|-terastallize|p1a: Dudunsparce|Ghost\n|move|p2a: Wolverine|Brick Break|p1a: Dudunsparce\n|-immune|p1a: Dudunsparce\n|move|p1a: Dudunsparce|Glare|p2a: Wolverine\n|-status|p2a: Wolverine|par\n|\n|-heal|p1a: Dudunsparce|74\/100 brn|[from] item: Leftovers\n|-damage|p1a: Dudunsparce|68\/100 brn|[from] brn\n|upkeep\n|turn|35\n|\n|t:|1700228862\n|move|p2a: Wolverine|Acrobatics|p1a: Dudunsparce\n|-damage|p1a: Dudunsparce|15\/100 brn\n|move|p1a: Dudunsparce|Dragon Tail|p2a: Wolverine\n|-damage|p2a: Wolverine|87\/100 par\n|drag|p2a: Grain|Clodsire, M|8\/100\n|\n|-heal|p1a: Dudunsparce|22\/100 brn|[from] item: Leftovers\n|-heal|p2a: Grain|15\/100|[from] item: Leftovers\n|-damage|p1a: Dudunsparce|15\/100 brn|[from] brn\n|upkeep\n|turn|36\n|\n|t:|1700228877\n|move|p1a: Dudunsparce|Earthquake|p2a: Grain\n|-supereffective|p2a: Grain\n|-damage|p2a: Grain|0 fnt\n|faint|p2a: Grain\n|\n|-heal|p1a: Dudunsparce|22\/100 brn|[from] item: Leftovers\n|-damage|p1a: Dudunsparce|15\/100 brn|[from] brn\n|upkeep\n|\n|t:|1700228885\n|switch|p2a: Wolverine|Sneasler, F, tera:Flying|87\/100 par\n|turn|37\n|\n|t:|1700228890\n|move|p1a: Dudunsparce|Protect|p1a: Dudunsparce\n|-singleturn|p1a: Dudunsparce|Protect\n|move|p2a: Wolverine|Fake Out|p1a: Dudunsparce\n|-activate|p1a: Dudunsparce|move: Protect\n|\n|-heal|p1a: Dudunsparce|22\/100 brn|[from] item: Leftovers\n|-damage|p1a: Dudunsparce|15\/100 brn|[from] brn\n|upkeep\n|turn|38\n|\n|t:|1700228902\n|move|p2a: Wolverine|Acrobatics|p1a: Dudunsparce\n|-damage|p1a: Dudunsparce|0 fnt\n|faint|p1a: Dudunsparce\n|\n|upkeep\n|\n|t:|1700228907\n|switch|p1a: Meloetta|Meloetta|100\/100\n|-damage|p1a: Meloetta|88\/100|[from] Stealth Rock\n|turn|39\n|c|\u2606stinkles3|comn\n|\n|t:|1700228936\n|move|p1a: Meloetta|Psychic|p2a: Wolverine\n|-damage|p2a: Wolverine|22\/100 par\n|-unboost|p2a: Wolverine|spd|1\n|move|p2a: Wolverine|Acrobatics|p1a: Meloetta\n|-damage|p1a: Meloetta|11\/100\n|\n|upkeep\n|turn|40\n|\n|t:|1700228946\n|move|p1a: Meloetta|Psychic|p2a: Wolverine\n|-damage|p2a: Wolverine|0 fnt\n|faint|p2a: Wolverine\n|\n|upkeep\n|\n|t:|1700228951\n|switch|p2a: Flower Power|Glimmora, F|26\/100\n|turn|41\n|\n|t:|1700228955\n|move|p2a: Flower Power|Spiky Shield|p2a: Flower Power\n|-singleturn|p2a: Flower Power|move: Protect\n|move|p1a: Meloetta|Psychic|p2a: Flower Power\n|-activate|p2a: Flower Power|move: Protect\n|\n|upkeep\n|turn|42\n|\n|t:|1700228962\n|move|p1a: Meloetta|Psychic|p2a: Flower Power\n|-supereffective|p2a: Flower Power\n|-damage|p2a: Flower Power|0 fnt\n|faint|p2a: Flower Power\n|\n|win|Nnybbor\n|l|\u2606stinkles3\n|l|\u2606Nnybbor\n","uploadtime":1700228972,"views":8,"p1id":"nnybbor","p2id":"stinkles3","formatid":"gen9nationaldexubers","rating":0,"private":0,"password":""}