{"id":"gen9nationaldexubers-1996816581","p1":"LoLohuman","p2":"C0ld as Ice","format":"[Gen 9] National Dex Ubers","log":"|j|\u2606LoLohuman\n|j|\u2606C0ld as Ice\n|t:|1700730045\n|gametype|singles\n|player|p1|LoLohuman|pokekid|1475\n|player|p2|C0ld as Ice|supernerd|1780\n|teamsize|p1|6\n|teamsize|p2|6\n|gen|9\n|tier|[Gen 9] National Dex Ubers\n|rated|\n|rule|HP Percentage Mod: HP is shown in percentages\n|rule|Endless Battle Clause: Forcing endless battles is banned\n|rule|OHKO Clause: OHKO moves are banned\n|rule|Evasion Moves Clause: Evasion moves are banned\n|rule|Evasion Items Clause: Evasion items are banned\n|rule|Species Clause: Limit one of each Pok\u00e9mon\n|rule|Sleep Clause Mod: Limit one foe put to sleep\n|rule|Mega Rayquaza Clause: You cannot mega evolve Rayquaza\n|clearpoke\n|poke|p1|Yveltal|\n|poke|p1|Ho-Oh|\n|poke|p1|Zacian-*|\n|poke|p1|Kyurem-White|\n|poke|p1|Groudon|\n|poke|p1|Marshadow|\n|poke|p2|Smeargle, M|\n|poke|p2|Yveltal|\n|poke|p2|Arceus|\n|poke|p2|Marshadow|\n|poke|p2|Lucario, F|\n|poke|p2|Eternatus|\n|teampreview\n|inactive|Battle timer is ON: inactive players will automatically lose when time's up. (requested by LoLohuman)\n|inactive|C0ld as Ice also wants the timer to be on.\n|\n|t:|1700730060\n|start\n|switch|p1a: Groudon|Groudon|100\/100\n|switch|p2a: Smeargle|Smeargle, M|100\/100\n|detailschange|p1a: Groudon|Groudon-Primal\n|-primal|p1a: Groudon|Red Orb\n|-weather|DesolateLand|[from] ability: Desolate Land|[of] p1a: Groudon\n|turn|1\n|inactive|C0ld as Ice has 120 seconds left.\n|\n|t:|1700730092\n|move|p1a: Groudon|Fire Punch|p2a: Smeargle\n|-enditem|p2a: Smeargle|Focus Sash\n|-damage|p2a: Smeargle|1\/100\n|move|p2a: Smeargle|Sticky Web|p1a: Groudon\n|-sidestart|p1: LoLohuman|move: Sticky Web\n|\n|-weather|DesolateLand|[upkeep]\n|upkeep\n|turn|2\n|\n|t:|1700730099\n|move|p1a: Groudon|Rock Slide|p2a: Smeargle\n|-damage|p2a: Smeargle|0 fnt\n|faint|p2a: Smeargle\n|\n|-weather|DesolateLand|[upkeep]\n|upkeep\n|\n|t:|1700730102\n|switch|p2a: Arceus|Arceus|100\/100\n|turn|3\n|\n|t:|1700730106\n|-weather|none\n|switch|p1a: Marshadow|Marshadow|100\/100\n|-activate|p1a: Marshadow|move: Sticky Web\n|-unboost|p1a: Marshadow|spe|1\n|move|p2a: Arceus|Swords Dance|p2a: Arceus\n|-boost|p2a: Arceus|atk|2\n|\n|upkeep\n|turn|4\n|\n|t:|1700730113\n|move|p2a: Arceus|Shadow Claw|p1a: Marshadow\n|-supereffective|p1a: Marshadow\n|-enditem|p1a: Marshadow|Focus Sash\n|-damage|p1a: Marshadow|1\/100\n|move|p1a: Marshadow|Drain Punch|p2a: Arceus\n|-supereffective|p2a: Arceus\n|-damage|p2a: Arceus|46\/100\n|-heal|p1a: Marshadow|33\/100|[from] drain|[of] p2a: Arceus\n|\n|upkeep\n|turn|5\n|\n|t:|1700730121\n|move|p2a: Arceus|Shadow Claw|p1a: Marshadow\n|-supereffective|p1a: Marshadow\n|-damage|p1a: Marshadow|0 fnt\n|faint|p1a: Marshadow\n|\n|upkeep\n|\n|t:|1700730128\n|switch|p1a: Kyurem|Kyurem-White|100\/100\n|-activate|p1a: Kyurem|move: Sticky Web\n|-unboost|p1a: Kyurem|spe|1\n|-ability|p1a: Kyurem|Turboblaze\n|turn|6\n|inactive|C0ld as Ice has 120 seconds left.\n|\n|t:|1700730179\n|-zpower|p2a: Arceus\n|move|p2a: Arceus|Breakneck Blitz|p1a: Kyurem|[zeffect]\n|-damage|p1a: Kyurem|0 fnt\n|faint|p1a: Kyurem\n|\n|upkeep\n|\n|t:|1700730188\n|switch|p1a: Yveltal|Yveltal|100\/100\n|-ability|p1a: Yveltal|Dark Aura\n|turn|7\n|\n|t:|1700730195\n|move|p2a: Arceus|Giga Impact|p1a: Yveltal\n|-damage|p1a: Yveltal|0 fnt\n|-mustrecharge|p2a: Arceus\n|faint|p1a: Yveltal\n|\n|upkeep\n|\n|t:|1700730199\n|switch|p1a: Ho-Oh|Ho-Oh|100\/100\n|turn|8\n|\n|t:|1700730202\n|cant|p2a: Arceus|recharge\n|move|p1a: Ho-Oh|Defog|p2a: Arceus\n|-unboost|p2a: Arceus|evasion|1\n|-sideend|p1: LoLohuman|Sticky Web|[from] move: Defog|[of] p1a: Ho-Oh\n|\n|upkeep\n|turn|9\n|\n|t:|1700730210\n|move|p2a: Arceus|Extreme Speed|p1a: Ho-Oh\n|-damage|p1a: Ho-Oh|27\/100\n|move|p1a: Ho-Oh|Sacred Fire|p2a: Arceus\n|-damage|p2a: Arceus|13\/100\n|\n|upkeep\n|turn|10\n|\n|t:|1700730213\n|move|p2a: Arceus|Extreme Speed|p1a: Ho-Oh\n|-damage|p1a: Ho-Oh|0 fnt\n|faint|p1a: Ho-Oh\n|\n|upkeep\n|\n|t:|1700730216\n|switch|p1a: Zacian|Zacian-Crowned|100\/100\n|-ability|p1a: Zacian|Intrepid Sword|boost\n|-boost|p1a: Zacian|atk|1\n|turn|11\n|\n|t:|1700730219\n|move|p2a: Arceus|Extreme Speed|p1a: Zacian\n|-resisted|p1a: Zacian\n|-damage|p1a: Zacian|58\/100\n|move|p1a: Zacian|Behemoth Blade|p2a: Arceus\n|-damage|p2a: Arceus|0 fnt\n|faint|p2a: Arceus\n|\n|upkeep\n|\n|t:|1700730234\n|switch|p2a: Eternatus|Eternatus|100\/100\n|-ability|p2a: Eternatus|Pressure\n|turn|12\n|\n|t:|1700730237\n|-terastallize|p1a: Zacian|Ground\n|move|p1a: Zacian|Tera Blast|p2a: Eternatus|[anim] Tera Blast Ground\n|-supereffective|p2a: Eternatus\n|-damage|p2a: Eternatus|0 fnt\n|faint|p2a: Eternatus\n|\n|upkeep\n|\n|t:|1700730247\n|switch|p2a: Marshadow|Marshadow|100\/100\n|turn|13\n|\n|t:|1700730252\n|switch|p1a: Groudon|Groudon-Primal|100\/100\n|-weather|DesolateLand|[from] ability: Desolate Land|[of] p1a: Groudon\n|-terastallize|p2a: Marshadow|Ghost\n|move|p2a: Marshadow|Shadow Sneak|p1a: Groudon\n|-damage|p1a: Groudon|60\/100\n|-damage|p2a: Marshadow|91\/100|[from] item: Life Orb\n|\n|-weather|DesolateLand|[upkeep]\n|upkeep\n|turn|14\n|\n|t:|1700730255\n|move|p2a: Marshadow|Poltergeist|p1a: Groudon\n|-activate|p1a: Groudon|move: Poltergeist|Red Orb\n|-damage|p1a: Groudon|0 fnt\n|faint|p1a: Groudon\n|-weather|none\n|-damage|p2a: Marshadow|81\/100|[from] item: Life Orb\n|\n|upkeep\n|\n|t:|1700730260\n|switch|p1a: Zacian|Zacian-Crowned, tera:Ground|58\/100\n|turn|15\n|\n|t:|1700730268\n|move|p2a: Marshadow|Shadow Sneak|p1a: Zacian\n|-damage|p1a: Zacian|7\/100\n|-damage|p2a: Marshadow|71\/100|[from] item: Life Orb\n|move|p1a: Zacian|Behemoth Blade|p2a: Marshadow\n|-damage|p2a: Marshadow|0 fnt\n|faint|p2a: Marshadow\n|\n|upkeep\n|-message|LoLohuman forfeited.\n|\n|win|C0ld as Ice\n|raw|LoLohuman's rating: 1475 &rarr; <strong>1469<\/strong><br \/>(-6 for losing)\n|raw|C0ld as Ice's rating: 1780 &rarr; <strong>1786<\/strong><br \/>(+6 for winning)\n|l|\u2606LoLohuman\n","uploadtime":1700730342,"views":1,"p1id":"lolohuman","p2id":"c0ldasice","formatid":"gen9nationaldexubers","rating":1469,"private":0,"password":""}