{"id":"gen9nationaldexubers-1997626748","p1":"Razor2142","p2":"JustMonika_CARR","format":"[Gen 9] National Dex Ubers","log":"|j|\u2606Razor2142\n|j|\u2606JustMonika_CARR\n|t:|1700834726\n|gametype|singles\n|player|p1|Razor2142|266|1220\n|player|p2|JustMonika_CARR|rosa|1400\n|teamsize|p1|6\n|teamsize|p2|6\n|gen|9\n|tier|[Gen 9] National Dex Ubers\n|rated|\n|rule|HP Percentage Mod: HP is shown in percentages\n|rule|Endless Battle Clause: Forcing endless battles is banned\n|rule|OHKO Clause: OHKO moves are banned\n|rule|Evasion Moves Clause: Evasion moves are banned\n|rule|Evasion Items Clause: Evasion items are banned\n|rule|Species Clause: Limit one of each Pok\u00e9mon\n|rule|Sleep Clause Mod: Limit one foe put to sleep\n|rule|Mega Rayquaza Clause: You cannot mega evolve Rayquaza\n|clearpoke\n|poke|p1|Hatterene, F|\n|poke|p1|Indeedee-F, F|\n|poke|p1|Crawdaunt, M|\n|poke|p1|Ursaluna, M|\n|poke|p1|Bronzong|\n|poke|p1|Gardevoir, F|\n|poke|p2|Blaziken, F|\n|poke|p2|Pheromosa|\n|poke|p2|Gothitelle, F|\n|poke|p2|Deoxys-Speed|\n|poke|p2|Arceus|\n|poke|p2|Durant, F|\n|teampreview\n|\n|t:|1700834738\n|start\n|switch|p1a: Bronzong|Bronzong|100\/100\n|switch|p2a: Pheromosa|Pheromosa, shiny|100\/100\n|turn|1\n|\n|t:|1700834756\n|move|p2a: Pheromosa|Bug Buzz|p1a: Bronzong\n|-damage|p1a: Bronzong|61\/100\n|-zpower|p1a: Bronzong\n|move|p1a: Bronzong|Z-Hypnosis|p2a: Pheromosa|[anim]Hypnosis\n|-boost|p1a: Bronzong|spe|1|[zeffect]\n|-status|p2a: Pheromosa|slp|[from] move: Hypnosis\n|\n|upkeep\n|turn|2\n|\n|t:|1700834764\n|cant|p2a: Pheromosa|slp\n|move|p1a: Bronzong|Trick Room|p1a: Bronzong\n|-fieldstart|move: Trick Room|[of] p1a: Bronzong\n|\n|upkeep\n|turn|3\n|\n|t:|1700834769\n|move|p1a: Bronzong|Stealth Rock|p2a: Pheromosa\n|-sidestart|p2: JustMonika_CARR|move: Stealth Rock\n|-curestatus|p2a: Pheromosa|slp|[msg]\n|move|p2a: Pheromosa|Bug Buzz|p1a: Bronzong\n|-damage|p1a: Bronzong|18\/100\n|-unboost|p1a: Bronzong|spd|1\n|\n|upkeep\n|turn|4\n|\n|t:|1700834781\n|move|p1a: Bronzong|Gyro Ball|p2a: Pheromosa\n|-damage|p2a: Pheromosa|16\/100\n|move|p2a: Pheromosa|Rapid Spin|p1a: Bronzong\n|-resisted|p1a: Bronzong\n|-damage|p1a: Bronzong|13\/100\n|-boost|p2a: Pheromosa|spe|1\n|-sideend|p2: JustMonika_CARR|Stealth Rock|[from] move: Rapid Spin|[of] p2a: Pheromosa\n|\n|upkeep\n|turn|5\n|\n|t:|1700834790\n|move|p1a: Bronzong|Gyro Ball|p2a: Pheromosa\n|-damage|p2a: Pheromosa|0 fnt\n|faint|p2a: Pheromosa\n|\n|upkeep\n|\n|t:|1700834799\n|switch|p2a: Blaziken|Blaziken, F, shiny|100\/100\n|turn|6\n|\n|t:|1700834803\n|detailschange|p2a: Blaziken|Blaziken-Mega, F, shiny\n|-mega|p2a: Blaziken|Blaziken|Blazikenite\n|move|p2a: Blaziken|Protect|p2a: Blaziken\n|-singleturn|p2a: Blaziken|Protect\n|move|p1a: Bronzong|Stealth Rock|p2a: Blaziken\n|-sidestart|p2: JustMonika_CARR|move: Stealth Rock\n|\n|-fieldend|move: Trick Room\n|-ability|p2a: Blaziken|Speed Boost|boost\n|-boost|p2a: Blaziken|spe|1\n|upkeep\n|turn|7\n|\n|t:|1700834817\n|move|p2a: Blaziken|Blaze Kick|p1a: Bronzong\n|-supereffective|p1a: Bronzong\n|-damage|p1a: Bronzong|0 fnt\n|faint|p1a: Bronzong\n|\n|-ability|p2a: Blaziken|Speed Boost|boost\n|-boost|p2a: Blaziken|spe|1\n|upkeep\n|\n|t:|1700834826\n|switch|p1a: Crawdaunt|Crawdaunt, M|100\/100\n|turn|8\n|\n|t:|1700834836\n|move|p1a: Crawdaunt|Aqua Jet|p2a: Blaziken\n|-supereffective|p2a: Blaziken\n|-damage|p2a: Blaziken|25\/100\n|move|p2a: Blaziken|High Jump Kick|p1a: Crawdaunt\n|-supereffective|p1a: Crawdaunt\n|-enditem|p1a: Crawdaunt|Focus Sash\n|-damage|p1a: Crawdaunt|1\/100\n|\n|-ability|p2a: Blaziken|Speed Boost|boost\n|-boost|p2a: Blaziken|spe|1\n|upkeep\n|turn|9\n|\n|t:|1700834845\n|move|p2a: Blaziken|Protect|p2a: Blaziken\n|-singleturn|p2a: Blaziken|Protect\n|move|p1a: Crawdaunt|Aqua Jet|p2a: Blaziken\n|-activate|p2a: Blaziken|move: Protect\n|\n|-ability|p2a: Blaziken|Speed Boost|boost\n|-boost|p2a: Blaziken|spe|1\n|upkeep\n|turn|10\n|\n|t:|1700834852\n|move|p1a: Crawdaunt|Aqua Jet|p2a: Blaziken\n|-supereffective|p2a: Blaziken\n|-damage|p2a: Blaziken|0 fnt\n|faint|p2a: Blaziken\n|\n|upkeep\n|\n|t:|1700834855\n|switch|p2a: Deoxys|Deoxys-Speed, shiny|100\/100\n|-damage|p2a: Deoxys|88\/100|[from] Stealth Rock\n|-ability|p2a: Deoxys|Pressure\n|turn|11\n|\n|t:|1700834860\n|move|p1a: Crawdaunt|Aqua Jet|p2a: Deoxys\n|-damage|p2a: Deoxys|55\/100\n|move|p2a: Deoxys|Reflect|p2a: Deoxys\n|-sidestart|p2: JustMonika_CARR|Reflect\n|\n|upkeep\n|turn|12\n|\n|t:|1700834869\n|move|p1a: Crawdaunt|Aqua Jet|p2a: Deoxys\n|-damage|p2a: Deoxys|37\/100\n|move|p2a: Deoxys|Stealth Rock|p1a: Crawdaunt\n|-sidestart|p1: Razor2142|move: Stealth Rock\n|\n|upkeep\n|turn|13\n|\n|t:|1700834874\n|move|p1a: Crawdaunt|Aqua Jet|p2a: Deoxys\n|-damage|p2a: Deoxys|20\/100\n|move|p2a: Deoxys|Light Screen|p2a: Deoxys\n|-sidestart|p2: JustMonika_CARR|move: Light Screen\n|\n|upkeep\n|turn|14\n|\n|t:|1700834880\n|move|p1a: Crawdaunt|Aqua Jet|p2a: Deoxys\n|-crit|p2a: Deoxys\n|-damage|p2a: Deoxys|0 fnt\n|faint|p2a: Deoxys\n|\n|upkeep\n|\n|t:|1700834883\n|switch|p2a: Arceus|Arceus|100\/100\n|-damage|p2a: Arceus|88\/100|[from] Stealth Rock\n|turn|15\n|\n|t:|1700834887\n|move|p1a: Crawdaunt|Aqua Jet|p2a: Arceus\n|-damage|p2a: Arceus|79\/100\n|move|p2a: Arceus|Cosmic Power|p2a: Arceus\n|-boost|p2a: Arceus|def|1\n|-boost|p2a: Arceus|spd|1\n|\n|upkeep\n|turn|16\n|\n|t:|1700834896\n|move|p2a: Arceus|Cosmic Power|p2a: Arceus\n|-boost|p2a: Arceus|def|1\n|-boost|p2a: Arceus|spd|1\n|move|p1a: Crawdaunt|Knock Off|p2a: Arceus\n|-damage|p2a: Arceus|69\/100\n|-enditem|p2a: Arceus|Chesto Berry|[from] move: Knock Off|[of] p1a: Crawdaunt\n|\n|upkeep\n|turn|17\n|\n|t:|1700834908\n|move|p2a: Arceus|Cosmic Power|p2a: Arceus\n|-boost|p2a: Arceus|def|1\n|-boost|p2a: Arceus|spd|1\n|move|p1a: Crawdaunt|Brick Break|p2a: Arceus\n|-sideend|p2: JustMonika_CARR|Reflect\n|-sideend|p2: JustMonika_CARR|move: Light Screen\n|-supereffective|p2a: Arceus\n|-damage|p2a: Arceus|55\/100\n|\n|upkeep\n|turn|18\n|\n|t:|1700834915\n|move|p1a: Crawdaunt|Aqua Jet|p2a: Arceus\n|-damage|p2a: Arceus|49\/100\n|move|p2a: Arceus|Cosmic Power|p2a: Arceus\n|-boost|p2a: Arceus|def|1\n|-boost|p2a: Arceus|spd|1\n|\n|upkeep\n|turn|19\n|\n|t:|1700834921\n|move|p2a: Arceus|Cosmic Power|p2a: Arceus\n|-boost|p2a: Arceus|def|1\n|-boost|p2a: Arceus|spd|1\n|move|p1a: Crawdaunt|Liquidation|p2a: Arceus\n|-damage|p2a: Arceus|38\/100\n|-unboost|p2a: Arceus|def|1\n|\n|upkeep\n|turn|20\n|\n|t:|1700834929\n|move|p2a: Arceus|Cosmic Power|p2a: Arceus\n|-boost|p2a: Arceus|def|1\n|-boost|p2a: Arceus|spd|1\n|move|p1a: Crawdaunt|Liquidation|p2a: Arceus\n|-damage|p2a: Arceus|28\/100\n|\n|upkeep\n|turn|21\n|\n|t:|1700834935\n|move|p2a: Arceus|Cosmic Power|p2a: Arceus\n|-boost|p2a: Arceus|def|1\n|-boost|p2a: Arceus|spd|0\n|move|p1a: Crawdaunt|Liquidation|p2a: Arceus\n|-damage|p2a: Arceus|19\/100\n|\n|upkeep\n|turn|22\n|\n|t:|1700834954\n|move|p2a: Arceus|Rest|p2a: Arceus\n|-status|p2a: Arceus|slp|[from] move: Rest\n|-heal|p2a: Arceus|100\/100 slp|[silent]\n|move|p1a: Crawdaunt|Liquidation|p2a: Arceus\n|-damage|p2a: Arceus|92\/100 slp\n|\n|upkeep\n|turn|23\n|\n|t:|1700834961\n|switch|p1a: Indeedee|Indeedee-F, F|100\/100\n|-damage|p1a: Indeedee|88\/100|[from] Stealth Rock\n|-fieldstart|move: Psychic Terrain|[from] ability: Psychic Surge|[of] p1a: Indeedee\n|cant|p2a: Arceus|slp\n|\n|upkeep\n|turn|24\n|\n|t:|1700834971\n|cant|p2a: Arceus|slp\n|move|p1a: Indeedee|Expanding Force|p2a: Arceus\n|-damage|p2a: Arceus|84\/100 slp\n|\n|upkeep\n|turn|25\n|\n|t:|1700834977\n|switch|p1a: Ursaluna|Ursaluna, M|100\/100\n|-damage|p1a: Ursaluna|94\/100|[from] Stealth Rock\n|-curestatus|p2a: Arceus|slp|[msg]\n|move|p2a: Arceus|Charge Beam|p1a: Ursaluna\n|-immune|p1a: Ursaluna\n|\n|-status|p1a: Ursaluna|brn|[from] item: Flame Orb\n|upkeep\n|turn|26\n|\n|t:|1700834986\n|move|p1a: Ursaluna|Protect|p1a: Ursaluna\n|-singleturn|p1a: Ursaluna|Protect\n|move|p2a: Arceus|Stored Power|p1a: Ursaluna\n|-activate|p1a: Ursaluna|move: Protect\n|\n|-damage|p1a: Ursaluna|88\/100 brn|[from] brn\n|upkeep\n|turn|27\n|\n|t:|1700834994\n|move|p2a: Arceus|Stored Power|p1a: Ursaluna\n|-damage|p1a: Ursaluna|4\/100 brn\n|move|p1a: Ursaluna|Facade|p2a: Arceus\n|-damage|p2a: Arceus|67\/100\n|\n|-damage|p1a: Ursaluna|0 fnt|[from] brn\n|faint|p1a: Ursaluna\n|upkeep\n|\n|t:|1700835009\n|switch|p1a: Hatterene|Hatterene, F|100\/100\n|-damage|p1a: Hatterene|88\/100|[from] Stealth Rock\n|turn|28\n|\n|t:|1700835014\n|move|p2a: Arceus|Charge Beam|p1a: Hatterene\n|-damage|p1a: Hatterene|73\/100\n|-boost|p2a: Arceus|spa|1\n|move|p1a: Hatterene|Trick Room|p1a: Hatterene\n|-fieldstart|move: Trick Room|[of] p1a: Hatterene\n|\n|upkeep\n|turn|29\n|\n|t:|1700835020\n|move|p1a: Hatterene|Expanding Force|p2a: Arceus\n|-damage|p2a: Arceus|48\/100\n|-damage|p1a: Hatterene|64\/100|[from] item: Life Orb\n|move|p2a: Arceus|Charge Beam|p1a: Hatterene\n|-damage|p1a: Hatterene|42\/100\n|\n|upkeep\n|turn|30\n|\n|t:|1700835027\n|move|p1a: Hatterene|Expanding Force|p2a: Arceus\n|-damage|p2a: Arceus|32\/100\n|-damage|p1a: Hatterene|32\/100|[from] item: Life Orb\n|move|p2a: Arceus|Charge Beam|p1a: Hatterene\n|-damage|p1a: Hatterene|11\/100\n|-boost|p2a: Arceus|spa|1\n|\n|-fieldend|move: Psychic Terrain\n|upkeep\n|turn|31\n|\n|t:|1700835034\n|move|p1a: Hatterene|Draining Kiss|p2a: Arceus\n|-damage|p2a: Arceus|26\/100\n|-heal|p1a: Hatterene|17\/100|[from] drain|[of] p2a: Arceus\n|-damage|p1a: Hatterene|7\/100|[from] item: Life Orb\n|move|p2a: Arceus|Rest|p2a: Arceus\n|-status|p2a: Arceus|slp|[from] move: Rest\n|-heal|p2a: Arceus|100\/100 slp|[silent]\n|\n|upkeep\n|turn|32\n|-message|Razor2142 forfeited.\n|\n|win|JustMonika_CARR\n|raw|Razor2142's rating: 1220 &rarr; <strong>1207<\/strong><br \/>(-13 for losing)\n|raw|JustMonika_CARR's rating: 1400 &rarr; <strong>1410<\/strong><br \/>(+10 for winning)\n|l|\u2606Razor2142\n","uploadtime":1700835054,"views":1,"p1id":"razor2142","p2id":"justmonikacarr","formatid":"gen9nationaldexubers","rating":1207,"private":0,"password":""}