{"id":"gen9nationaldexubers-1986819282","p1":"Szymszym134","p2":"zomboks134","format":"[Gen 9] National Dex Ubers","log":"|j|\u2606Szymszym134\n|j|\u2606zomboks134\n|t:|1699529907\n|gametype|singles\n|player|p1|Szymszym134|elesa|1619\n|player|p2|zomboks134|pokemaniac|1590\n|teamsize|p1|6\n|teamsize|p2|6\n|gen|9\n|tier|[Gen 9] National Dex Ubers\n|rated|\n|rule|HP Percentage Mod: HP is shown in percentages\n|rule|Endless Battle Clause: Forcing endless battles is banned\n|rule|OHKO Clause: OHKO moves are banned\n|rule|Evasion Moves Clause: Evasion moves are banned\n|rule|Evasion Items Clause: Evasion items are banned\n|rule|Species Clause: Limit one of each Pok\u00e9mon\n|rule|Sleep Clause Mod: Limit one foe put to sleep\n|rule|Mega Rayquaza Clause: You cannot mega evolve Rayquaza\n|clearpoke\n|poke|p1|Mewtwo|\n|poke|p1|Kingambit, M|\n|poke|p1|Garganacl, M|\n|poke|p1|Arceus-Ground|\n|poke|p1|Ditto|\n|poke|p1|Kyurem-Black|\n|poke|p2|Garganacl, M|\n|poke|p2|Kingambit, F|\n|poke|p2|Ditto|\n|poke|p2|Mewtwo|\n|poke|p2|Arceus-Ground|\n|poke|p2|Ho-Oh|\n|teampreview\n|inactive|Battle timer is ON: inactive players will automatically lose when time's up. (requested by zomboks134)\n|inactive|Szymszym134 also wants the timer to be on.\n|\n|t:|1699529932\n|start\n|switch|p1a: Kyurem|Kyurem-Black|100\/100\n|switch|p2a: Arceus|Arceus-Ground|100\/100\n|-ability|p1a: Kyurem|Teravolt\n|turn|1\n|\n|t:|1699529938\n|move|p2a: Arceus|Toxic|p1a: Kyurem\n|-status|p1a: Kyurem|tox\n|move|p1a: Kyurem|Dragon Dance|p1a: Kyurem\n|-boost|p1a: Kyurem|atk|1\n|-boost|p1a: Kyurem|spe|1\n|\n|-damage|p1a: Kyurem|94\/100 tox|[from] psn\n|upkeep\n|turn|2\n|\n|t:|1699529943\n|move|p1a: Kyurem|Icicle Spear|p2a: Arceus\n|-supereffective|p2a: Arceus\n|-damage|p2a: Arceus|65\/100\n|-supereffective|p2a: Arceus\n|-damage|p2a: Arceus|30\/100\n|-supereffective|p2a: Arceus\n|-damage|p2a: Arceus|0 fnt\n|faint|p2a: Arceus\n|-hitcount|p2: Arceus|3\n|-damage|p1a: Kyurem|84\/100 tox|[from] item: Life Orb\n|\n|-damage|p1a: Kyurem|72\/100 tox|[from] psn\n|upkeep\n|\n|t:|1699529959\n|switch|p2a: Ho-Oh|Ho-Oh|100\/100\n|turn|3\n|\n|t:|1699529965\n|switch|p2a: Ditto|Ditto|100\/100\n|-transform|p2a: Ditto|p1a: Kyurem|[from] ability: Imposter\n|-ability|p2a: Ditto|Teravolt\n|-terastallize|p1a: Kyurem|Electric\n|move|p1a: Kyurem|Fusion Bolt|p2a: Ditto\n|-resisted|p2a: Ditto\n|-damage|p2a: Ditto|29\/100\n|-damage|p1a: Kyurem|62\/100 tox|[from] item: Life Orb\n|\n|-damage|p1a: Kyurem|44\/100 tox|[from] psn\n|upkeep\n|turn|4\n|\n|t:|1699529980\n|switch|p1a: Garganacl|Garganacl, M|100\/100\n|move|p2a: Ditto|Icicle Spear|p1a: Garganacl\n|-damage|p1a: Garganacl|85\/100\n|-damage|p1a: Garganacl|71\/100\n|-hitcount|p1a: Garganacl|2\n|\n|-heal|p1a: Garganacl|77\/100|[from] item: Leftovers\n|upkeep\n|turn|5\n|\n|t:|1699529990\n|switch|p2a: Garganacl|Garganacl, M|100\/100\n|move|p1a: Garganacl|Salt Cure|p2a: Garganacl\n|-damage|p2a: Garganacl|94\/100\n|-start|p2a: Garganacl|Salt Cure\n|\n|-heal|p1a: Garganacl|83\/100|[from] item: Leftovers\n|-heal|p2a: Garganacl|99\/100|[from] item: Leftovers\n|-damage|p2a: Garganacl|87\/100|[from] Salt Cure\n|upkeep\n|turn|6\n|\n|t:|1699529995\n|move|p1a: Garganacl|Protect|p1a: Garganacl\n|-singleturn|p1a: Garganacl|Protect\n|move|p2a: Garganacl|Stealth Rock|p1a: Garganacl\n|-sidestart|p1: Szymszym134|move: Stealth Rock\n|\n|-heal|p2a: Garganacl|94\/100|[from] item: Leftovers\n|-heal|p1a: Garganacl|89\/100|[from] item: Leftovers\n|-damage|p2a: Garganacl|81\/100|[from] Salt Cure\n|upkeep\n|turn|7\n|\n|t:|1699530000\n|move|p2a: Garganacl|Salt Cure|p1a: Garganacl\n|-damage|p1a: Garganacl|81\/100\n|-start|p1a: Garganacl|Salt Cure\n|move|p1a: Garganacl|Stealth Rock|p2a: Garganacl\n|-sidestart|p2: zomboks134|move: Stealth Rock\n|\n|-heal|p1a: Garganacl|87\/100|[from] item: Leftovers\n|-heal|p2a: Garganacl|87\/100|[from] item: Leftovers\n|-damage|p1a: Garganacl|75\/100|[from] Salt Cure\n|-damage|p2a: Garganacl|75\/100|[from] Salt Cure\n|upkeep\n|turn|8\n|l|\u2606zomboks134\n|inactive|zomboks134 disconnected and has a minute to reconnect!\n|player|p2|\n|\n|t:|1699530029\n|switch|p1a: Arceus|Arceus-Ground|100\/100\n|-damage|p1a: Arceus|94\/100|[from] Stealth Rock\n|move|p2a: Garganacl|Protect||[still]\n|-fail|p2a: Garganacl\n|\n|-heal|p2a: Garganacl|81\/100|[from] item: Leftovers\n|-damage|p2a: Garganacl|69\/100|[from] Salt Cure\n|upkeep\n|turn|9\n|j|\u2606zomboks134\n|inactive|zomboks134 reconnected and has 145 seconds left.\n|player|p2|zomboks134|pokemaniac\n|inactive|Szymszym134 has 120 seconds left.\n|\n|t:|1699530052\n|switch|p2a: Ho-Oh|Ho-Oh|100\/100\n|move|p1a: Arceus|Toxic|p2a: Ho-Oh\n|-status|p2a: Ho-Oh|tox\n|\n|-damage|p2a: Ho-Oh|94\/100 tox|[from] psn\n|upkeep\n|turn|10\n|inactive|Szymszym134 has 120 seconds left.\n|\n|t:|1699530061\n|switch|p1a: Garganacl|Garganacl, M|75\/100\n|-damage|p1a: Garganacl|62\/100|[from] Stealth Rock\n|move|p2a: Ho-Oh|Sacred Fire|p1a: Garganacl\n|-resisted|p1a: Garganacl\n|-damage|p1a: Garganacl|52\/100\n|\n|-heal|p1a: Garganacl|58\/100|[from] item: Leftovers\n|-damage|p2a: Ho-Oh|82\/100 tox|[from] psn\n|upkeep\n|turn|11\n|\n|t:|1699530081\n|switch|p2a: Kingambit|Kingambit, F|100\/100\n|-damage|p2a: Kingambit|94\/100|[from] Stealth Rock\n|-activate|p2a: Kingambit|ability: Supreme Overlord\n|-start|p2a: Kingambit|fallen1|[silent]\n|move|p1a: Garganacl|Salt Cure|p2a: Kingambit\n|-resisted|p2a: Kingambit\n|-damage|p2a: Kingambit|90\/100\n|-start|p2a: Kingambit|Salt Cure\n|\n|-heal|p1a: Garganacl|64\/100|[from] item: Leftovers\n|-damage|p2a: Kingambit|65\/100|[from] Salt Cure\n|upkeep\n|turn|12\n|inactive|Szymszym134 has 120 seconds left.\n|\n|t:|1699530100\n|-end|p2a: Kingambit|fallen1|[silent]\n|switch|p2a: Garganacl|Garganacl, M|69\/100\n|-damage|p2a: Garganacl|56\/100|[from] Stealth Rock\n|move|p1a: Garganacl|Recover|p1a: Garganacl\n|-heal|p1a: Garganacl|100\/100\n|\n|-heal|p2a: Garganacl|63\/100|[from] item: Leftovers\n|upkeep\n|turn|13\n|\n|t:|1699530104\n|move|p1a: Garganacl|Protect|p1a: Garganacl\n|-singleturn|p1a: Garganacl|Protect\n|move|p2a: Garganacl|Stealth Rock||[still]\n|-fail|p2a: Garganacl\n|\n|-heal|p2a: Garganacl|69\/100|[from] item: Leftovers\n|upkeep\n|turn|14\n|\n|t:|1699530106\n|move|p2a: Garganacl|Stealth Rock||[still]\n|-fail|p2a: Garganacl\n|move|p1a: Garganacl|Salt Cure|p2a: Garganacl\n|-damage|p2a: Garganacl|61\/100\n|-start|p2a: Garganacl|Salt Cure\n|\n|-heal|p2a: Garganacl|68\/100|[from] item: Leftovers\n|-damage|p2a: Garganacl|55\/100|[from] Salt Cure\n|upkeep\n|turn|15\n|\n|t:|1699530115\n|move|p1a: Garganacl|Protect|p1a: Garganacl\n|-singleturn|p1a: Garganacl|Protect\n|move|p2a: Garganacl|Salt Cure|p1a: Garganacl\n|-activate|p1a: Garganacl|move: Protect\n|\n|-heal|p2a: Garganacl|61\/100|[from] item: Leftovers\n|-damage|p2a: Garganacl|49\/100|[from] Salt Cure\n|upkeep\n|turn|16\n|\n|t:|1699530132\n|move|p2a: Garganacl|Salt Cure|p1a: Garganacl\n|-damage|p1a: Garganacl|93\/100\n|-start|p1a: Garganacl|Salt Cure\n|move|p1a: Garganacl|Salt Cure|p2a: Garganacl\n|-damage|p2a: Garganacl|42\/100\n|\n|-heal|p2a: Garganacl|49\/100|[from] item: Leftovers\n|-heal|p1a: Garganacl|99\/100|[from] item: Leftovers\n|-damage|p1a: Garganacl|87\/100|[from] Salt Cure\n|-damage|p2a: Garganacl|36\/100|[from] Salt Cure\n|upkeep\n|turn|17\n|\n|t:|1699530146\n|switch|p1a: Arceus|Arceus-Ground|94\/100\n|-damage|p1a: Arceus|88\/100|[from] Stealth Rock\n|move|p2a: Garganacl|Recover|p2a: Garganacl\n|-heal|p2a: Garganacl|86\/100\n|\n|-heal|p2a: Garganacl|92\/100|[from] item: Leftovers\n|-damage|p2a: Garganacl|80\/100|[from] Salt Cure\n|upkeep\n|turn|18\n|\n|t:|1699530167\n|switch|p2a: Ho-Oh|Ho-Oh|100\/100 tox\n|move|p1a: Arceus|Judgment|p2a: Ho-Oh\n|-immune|p2a: Ho-Oh\n|\n|-damage|p2a: Ho-Oh|94\/100 tox|[from] psn\n|upkeep\n|turn|19\n|\n|t:|1699530170\n|switch|p1a: Garganacl|Garganacl, M|87\/100\n|-damage|p1a: Garganacl|75\/100|[from] Stealth Rock\n|move|p2a: Ho-Oh|Sacred Fire|p1a: Garganacl\n|-resisted|p1a: Garganacl\n|-damage|p1a: Garganacl|64\/100\n|\n|-heal|p1a: Garganacl|70\/100|[from] item: Leftovers\n|-damage|p2a: Ho-Oh|82\/100 tox|[from] psn\n|upkeep\n|turn|20\n|inactive|zomboks134 has 120 seconds left.\n|\n|t:|1699530201\n|switch|p2a: Mewtwo|Mewtwo|100\/100\n|-damage|p2a: Mewtwo|88\/100|[from] Stealth Rock\n|-ability|p2a: Mewtwo|Pressure\n|move|p1a: Garganacl|Salt Cure|p2a: Mewtwo\n|-damage|p2a: Mewtwo|74\/100\n|-start|p2a: Mewtwo|Salt Cure\n|\n|-heal|p1a: Garganacl|76\/100|[from] item: Leftovers\n|-damage|p2a: Mewtwo|61\/100|[from] Salt Cure\n|upkeep\n|turn|21\n|\n|t:|1699530213\n|detailschange|p2a: Mewtwo|Mewtwo-Mega-Y\n|-mega|p2a: Mewtwo|Mewtwo|Mewtwonite Y\n|move|p2a: Mewtwo|Ice Beam|p1a: Garganacl\n|-damage|p1a: Garganacl|38\/100\n|move|p1a: Garganacl|Salt Cure|p2a: Mewtwo\n|-damage|p2a: Mewtwo|44\/100\n|\n|-heal|p1a: Garganacl|44\/100|[from] item: Leftovers\n|-damage|p2a: Mewtwo|32\/100|[from] Salt Cure\n|upkeep\n|turn|22\n|\n|t:|1699530221\n|move|p2a: Mewtwo|Psystrike|p1a: Garganacl\n|-damage|p1a: Garganacl|5\/100\n|move|p1a: Garganacl|Recover|p1a: Garganacl\n|-heal|p1a: Garganacl|55\/100\n|\n|-heal|p1a: Garganacl|61\/100|[from] item: Leftovers\n|-damage|p2a: Mewtwo|19\/100|[from] Salt Cure\n|upkeep\n|turn|23\n|-message|zomboks134 forfeited.\n|\n|win|Szymszym134\n|raw|Szymszym134's rating: 1619 &rarr; <strong>1637<\/strong><br \/>(+18 for winning)\n|raw|zomboks134's rating: 1590 &rarr; <strong>1572<\/strong><br \/>(-18 for losing)\n|l|\u2606zomboks134\n|l|\u2606Szymszym134\n","uploadtime":1699530331,"views":5,"p1id":"szymszym134","p2id":"zomboks134","formatid":"gen9nationaldexubers","rating":1572,"private":0,"password":""}