{"id":"gen9nationaldexubers-1986722841","p1":"LeaderMagnus","p2":"Plasmic Cosmos","format":"[Gen 9] National Dex Ubers","log":"|j|\u2606LeaderMagnus\n|j|\u2606Plasmic Cosmos\n|t:|1699514324\n|gametype|singles\n|player|p1|LeaderMagnus|lucas|1068\n|player|p2|Plasmic Cosmos|ghetsis|1110\n|teamsize|p1|6\n|teamsize|p2|6\n|gen|9\n|tier|[Gen 9] National Dex Ubers\n|rated|\n|rule|HP Percentage Mod: HP is shown in percentages\n|rule|Endless Battle Clause: Forcing endless battles is banned\n|rule|OHKO Clause: OHKO moves are banned\n|rule|Evasion Moves Clause: Evasion moves are banned\n|rule|Evasion Items Clause: Evasion items are banned\n|rule|Species Clause: Limit one of each Pok\u00e9mon\n|rule|Sleep Clause Mod: Limit one foe put to sleep\n|rule|Mega Rayquaza Clause: You cannot mega evolve Rayquaza\n|clearpoke\n|poke|p1|Mewtwo|\n|poke|p1|Ho-Oh|\n|poke|p1|Rayquaza|\n|poke|p1|Groudon|\n|poke|p1|Kyogre|\n|poke|p1|Dragapult, M|\n|poke|p2|Zygarde|\n|poke|p2|Groudon|\n|poke|p2|Ho-Oh|\n|poke|p2|Zacian-*|\n|poke|p2|Arceus-Dark|\n|poke|p2|Giratina-Origin|\n|teampreview\n|inactive|Battle timer is ON: inactive players will automatically lose when time's up. (requested by Plasmic Cosmos)\n|\n|t:|1699514335\n|start\n|switch|p1a: Ho-Oh|Ho-Oh|100\/100\n|switch|p2a: Groudon|Groudon|100\/100\n|detailschange|p2a: Groudon|Groudon-Primal\n|-primal|p2a: Groudon|Red Orb\n|-weather|DesolateLand|[from] ability: Desolate Land|[of] p2a: Groudon\n|turn|1\n|\n|t:|1699514347\n|-terastallize|p1a: Ho-Oh|Ground\n|move|p1a: Ho-Oh|Earthquake|p2a: Groudon\n|-supereffective|p2a: Groudon\n|-damage|p2a: Groudon|29\/100\n|-damage|p1a: Ho-Oh|91\/100|[from] item: Life Orb\n|move|p2a: Groudon|Toxic|p1a: Ho-Oh|[miss]\n|-miss|p2a: Groudon|p1a: Ho-Oh\n|\n|-weather|DesolateLand|[upkeep]\n|upkeep\n|turn|2\n|\n|t:|1699514363\n|move|p1a: Ho-Oh|Flare Blitz|p2a: Groudon\n|-resisted|p2a: Groudon\n|-damage|p2a: Groudon|0 fnt\n|faint|p2a: Groudon\n|-weather|none\n|-damage|p1a: Ho-Oh|80\/100|[from] Recoil\n|-damage|p1a: Ho-Oh|70\/100|[from] item: Life Orb\n|\n|upkeep\n|\n|t:|1699514366\n|switch|p2a: Ho-Oh|Ho-Oh|100\/100\n|turn|3\n|\n|t:|1699514379\n|move|p1a: Ho-Oh|Brave Bird|p2a: Ho-Oh\n|-damage|p2a: Ho-Oh|43\/100\n|-damage|p1a: Ho-Oh|48\/100|[from] Recoil\n|-damage|p1a: Ho-Oh|38\/100|[from] item: Life Orb\n|move|p2a: Ho-Oh|Whirlwind|p1a: Ho-Oh\n|drag|p1a: Rayquaza|Rayquaza|100\/100\n|-ability|p1a: Rayquaza|Air Lock\n|\n|upkeep\n|turn|4\n|\n|t:|1699514393\n|move|p1a: Rayquaza|Dragon Dance|p1a: Rayquaza\n|-boost|p1a: Rayquaza|atk|1\n|-boost|p1a: Rayquaza|spe|1\n|move|p2a: Ho-Oh|Toxic|p1a: Rayquaza\n|-status|p1a: Rayquaza|tox\n|\n|-damage|p1a: Rayquaza|95\/100 tox|[from] psn\n|upkeep\n|turn|5\n|\n|t:|1699514406\n|move|p1a: Rayquaza|Dragon Ascent|p2a: Ho-Oh\n|-damage|p2a: Ho-Oh|0 fnt\n|-unboost|p1a: Rayquaza|def|1\n|-unboost|p1a: Rayquaza|spd|1\n|-enditem|p1a: Rayquaza|White Herb\n|-clearnegativeboost|p1a: Rayquaza|[silent]\n|faint|p2a: Ho-Oh\n|\n|-damage|p1a: Rayquaza|83\/100 tox|[from] psn\n|upkeep\n|\n|t:|1699514412\n|switch|p2a: Zacian|Zacian-Crowned|100\/100\n|-ability|p2a: Zacian|Intrepid Sword|boost\n|-boost|p2a: Zacian|atk|1\n|turn|6\n|\n|t:|1699514435\n|switch|p1a: Groudon|Groudon|100\/100\n|detailschange|p1a: Groudon|Groudon-Primal\n|-primal|p1a: Groudon|Red Orb\n|-weather|DesolateLand|[from] ability: Desolate Land|[of] p1a: Groudon\n|move|p2a: Zacian|Swords Dance|p2a: Zacian\n|-boost|p2a: Zacian|atk|2\n|\n|-weather|DesolateLand|[upkeep]\n|upkeep\n|turn|7\n|\n|t:|1699514451\n|move|p2a: Zacian|Crunch|p1a: Groudon\n|-damage|p1a: Groudon|48\/100\n|move|p1a: Groudon|Earthquake|p2a: Zacian\n|-supereffective|p2a: Zacian\n|-damage|p2a: Zacian|0 fnt\n|faint|p2a: Zacian\n|\n|-weather|DesolateLand|[upkeep]\n|upkeep\n|\n|t:|1699514457\n|switch|p2a: Giratina|Giratina-Origin|100\/100\n|turn|8\n|\n|t:|1699514470\n|move|p1a: Groudon|Stone Edge|p2a: Giratina|[miss]\n|-miss|p1a: Groudon|p2a: Giratina\n|move|p2a: Giratina|Poltergeist|p1a: Groudon\n|-activate|p1a: Groudon|move: Poltergeist|Red Orb\n|-damage|p1a: Groudon|2\/100\n|\n|-weather|DesolateLand|[upkeep]\n|upkeep\n|turn|9\n|\n|t:|1699514483\n|move|p1a: Groudon|Fire Punch|p2a: Giratina\n|-resisted|p2a: Giratina\n|-damage|p2a: Giratina|76\/100\n|move|p2a: Giratina|Poltergeist|p1a: Groudon\n|-activate|p1a: Groudon|move: Poltergeist|Red Orb\n|-damage|p1a: Groudon|0 fnt\n|faint|p1a: Groudon\n|-weather|none\n|\n|upkeep\n|inactive|LeaderMagnus has 120 seconds left.\n|\n|t:|1699514505\n|switch|p1a: Ho-Oh|Ho-Oh, tera:Ground|71\/100\n|turn|10\n|\n|t:|1699514512\n|move|p1a: Ho-Oh|Brave Bird|p2a: Giratina\n|-damage|p2a: Giratina|20\/100\n|-damage|p1a: Ho-Oh|44\/100|[from] Recoil\n|-damage|p1a: Ho-Oh|34\/100|[from] item: Life Orb\n|move|p2a: Giratina|Dragon Tail|p1a: Ho-Oh\n|-damage|p1a: Ho-Oh|0 fnt\n|faint|p1a: Ho-Oh\n|\n|upkeep\n|\n|t:|1699514527\n|switch|p1a: Dragapult|Dragapult, M|100\/100\n|turn|11\n|\n|t:|1699514532\n|move|p1a: Dragapult|Dragon Darts|p2a: Giratina\n|-supereffective|p2a: Giratina\n|-crit|p2a: Giratina\n|-damage|p2a: Giratina|0 fnt\n|faint|p2a: Giratina\n|\n|upkeep\n|\n|t:|1699514538\n|switch|p2a: Arceus|Arceus-Dark|100\/100\n|turn|12\n|\n|t:|1699514547\n|move|p1a: Dragapult|Dragon Darts|p2a: Arceus\n|-damage|p2a: Arceus|81\/100\n|-anim|p1a: Dragapult|Dragon Darts|p2a: Arceus\n|-damage|p2a: Arceus|59\/100\n|move|p2a: Arceus|Judgment|p1a: Dragapult\n|-supereffective|p1a: Dragapult\n|-damage|p1a: Dragapult|0 fnt\n|faint|p1a: Dragapult\n|\n|upkeep\n|\n|t:|1699514565\n|switch|p1a: Kyogre|Kyogre|100\/100\n|detailschange|p1a: Kyogre|Kyogre-Primal\n|-primal|p1a: Kyogre|Blue Orb\n|-weather|PrimordialSea|[from] ability: Primordial Sea|[of] p1a: Kyogre\n|turn|13\n|\n|t:|1699514577\n|move|p2a: Arceus|Judgment|p1a: Kyogre\n|-damage|p1a: Kyogre|66\/100\n|move|p1a: Kyogre|Thunder|p2a: Arceus\n|-damage|p2a: Arceus|29\/100\n|\n|-weather|PrimordialSea|[upkeep]\n|upkeep\n|turn|14\n|\n|t:|1699514588\n|move|p2a: Arceus|Recover|p2a: Arceus\n|-heal|p2a: Arceus|79\/100\n|move|p1a: Kyogre|Thunder|p2a: Arceus\n|-damage|p2a: Arceus|45\/100\n|\n|-weather|PrimordialSea|[upkeep]\n|upkeep\n|turn|15\n|\n|t:|1699514596\n|move|p2a: Arceus|Toxic|p1a: Kyogre\n|-status|p1a: Kyogre|tox\n|move|p1a: Kyogre|Origin Pulse|p2a: Arceus\n|-damage|p2a: Arceus|0 fnt\n|faint|p2a: Arceus\n|\n|-weather|PrimordialSea|[upkeep]\n|-damage|p1a: Kyogre|60\/100 tox|[from] psn\n|upkeep\n|\n|t:|1699514600\n|switch|p2a: Zygarde|Zygarde, shiny|100\/100\n|turn|16\n|\n|t:|1699514609\n|move|p1a: Kyogre|Ice Beam|p2a: Zygarde\n|-supereffective|p2a: Zygarde\n|-damage|p2a: Zygarde|0 fnt\n|faint|p2a: Zygarde\n|\n|win|LeaderMagnus\n|raw|LeaderMagnus's rating: 1068 &rarr; <strong>1101<\/strong><br \/>(+33 for winning)\n|raw|Plasmic Cosmos's rating: 1110 &rarr; <strong>1082<\/strong><br \/>(-28 for losing)\n|l|\u2606Plasmic Cosmos\n","uploadtime":1699514617,"views":5,"p1id":"leadermagnus","p2id":"plasmiccosmos","formatid":"gen9nationaldexubers","rating":1082,"private":0,"password":""}