{"id":"gen9nationaldexubers-1985186073","p1":"KarmaNightraide","p2":"Kimme10","format":"[Gen 9] National Dex Ubers","log":"|j|\u2606KarmaNightraide\n|j|\u2606Kimme10\n|t:|1699345216\n|gametype|singles\n|player|p1|KarmaNightraide|unknown|1160\n|player|p2|Kimme10|265|1083\n|teamsize|p1|6\n|teamsize|p2|6\n|gen|9\n|tier|[Gen 9] National Dex Ubers\n|rated|\n|rule|HP Percentage Mod: HP is shown in percentages\n|rule|Endless Battle Clause: Forcing endless battles is banned\n|rule|OHKO Clause: OHKO moves are banned\n|rule|Evasion Moves Clause: Evasion moves are banned\n|rule|Evasion Items Clause: Evasion items are banned\n|rule|Species Clause: Limit one of each Pok\u00e9mon\n|rule|Sleep Clause Mod: Limit one foe put to sleep\n|rule|Mega Rayquaza Clause: You cannot mega evolve Rayquaza\n|clearpoke\n|poke|p1|Aegislash, F|\n|poke|p1|Ceruledge, F|\n|poke|p1|Basculegion, M|\n|poke|p1|Mimikyu, M|\n|poke|p1|Gourgeist-*, F|\n|poke|p1|Dragapult, F|\n|poke|p2|Groudon|\n|poke|p2|Ferrothorn, M|\n|poke|p2|Dracovish|\n|poke|p2|Espathra, F|\n|poke|p2|Arceus-Flying|\n|poke|p2|Deoxys-Defense|\n|teampreview\n|inactive|Battle timer is ON: inactive players will automatically lose when time's up. (requested by Kimme10)\n|\n|t:|1699345223\n|start\n|switch|p1a: Kiss me|Dragapult, F|100\/100\n|switch|p2a: Deoxys|Deoxys-Defense|100\/100\n|-ability|p2a: Deoxys|Pressure\n|turn|1\n|\n|t:|1699345234\n|move|p1a: Kiss me|Phantom Force||[still]\n|-prepare|p1a: Kiss me|Phantom Force\n|move|p2a: Deoxys|Toxic|p1a: Kiss me|[miss]\n|-miss|p2a: Deoxys|p1a: Kiss me\n|\n|upkeep\n|turn|2\n|\n|t:|1699345242\n|move|p1a: Kiss me|Phantom Force|p2a: Deoxys|[from]lockedmove\n|-supereffective|p2a: Deoxys\n|-damage|p2a: Deoxys|25\/100\n|move|p2a: Deoxys|Toxic|p1a: Kiss me\n|-status|p1a: Kiss me|tox\n|\n|-heal|p2a: Deoxys|31\/100|[from] item: Leftovers\n|-damage|p1a: Kiss me|95\/100 tox|[from] psn\n|upkeep\n|turn|3\n|\n|t:|1699345253\n|move|p1a: Kiss me|Dragon Darts|p2a: Deoxys\n|-damage|p2a: Deoxys|11\/100\n|-anim|p1a: Kiss me|Dragon Darts|p2a: Deoxys\n|-damage|p2a: Deoxys|0 fnt\n|faint|p2a: Deoxys\n|\n|-damage|p1a: Kiss me|83\/100 tox|[from] psn\n|upkeep\n|\n|t:|1699345274\n|switch|p2a: Dracovish|Dracovish|100\/100\n|turn|4\n|\n|t:|1699345285\n|-terastallize|p1a: Kiss me|Dragon\n|move|p1a: Kiss me|Dragon Darts|p2a: Dracovish\n|-supereffective|p2a: Dracovish\n|-damage|p2a: Dracovish|12\/100\n|-anim|p1a: Kiss me|Dragon Darts|p2a: Dracovish\n|-supereffective|p2a: Dracovish\n|-damage|p2a: Dracovish|0 fnt\n|faint|p2a: Dracovish\n|\n|-damage|p1a: Kiss me|65\/100 tox|[from] psn\n|upkeep\n|\n|t:|1699345294\n|switch|p2a: Ferrothorn|Ferrothorn, M, shiny|100\/100\n|turn|5\n|\n|t:|1699345313\n|move|p1a: Kiss me|U-turn|p2a: Ferrothorn\n|-damage|p2a: Ferrothorn|87\/100\n|-damage|p1a: Kiss me|52\/100 tox|[from] ability: Iron Barbs|[of] p2a: Ferrothorn\n|\n|t:|1699345319\n|switch|p1a: Widowmaker|Ceruledge, F|100\/100|[from] U-turn\n|move|p2a: Ferrothorn|Leech Seed|p1a: Widowmaker\n|-start|p1a: Widowmaker|move: Leech Seed\n|\n|-heal|p2a: Ferrothorn|93\/100|[from] item: Leftovers\n|-damage|p1a: Widowmaker|88\/100|[from] Leech Seed|[of] p2a: Ferrothorn\n|-heal|p2a: Ferrothorn|100\/100|[silent]\n|upkeep\n|turn|6\n|\n|t:|1699345328\n|-terastallize|p2a: Ferrothorn|Water\n|move|p1a: Widowmaker|Swords Dance|p1a: Widowmaker\n|-boost|p1a: Widowmaker|atk|2\n|move|p2a: Ferrothorn|Knock Off|p1a: Widowmaker\n|-supereffective|p1a: Widowmaker\n|-damage|p1a: Widowmaker|33\/100\n|-ability|p1a: Widowmaker|Weak Armor|boost\n|-unboost|p1a: Widowmaker|def|1\n|-boost|p1a: Widowmaker|spe|2\n|-enditem|p1a: Widowmaker|Focus Sash|[from] move: Knock Off|[of] p2a: Ferrothorn\n|\n|-damage|p1a: Widowmaker|21\/100|[from] Leech Seed|[of] p2a: Ferrothorn\n|upkeep\n|turn|7\n|\n|t:|1699345349\n|move|p1a: Widowmaker|Poison Jab|p2a: Ferrothorn\n|-damage|p2a: Ferrothorn|69\/100\n|-status|p2a: Ferrothorn|psn\n|-damage|p1a: Widowmaker|9\/100|[from] ability: Iron Barbs|[of] p2a: Ferrothorn\n|move|p2a: Ferrothorn|Knock Off|p1a: Widowmaker\n|-supereffective|p1a: Widowmaker\n|-damage|p1a: Widowmaker|0 fnt\n|faint|p1a: Widowmaker\n|\n|-heal|p2a: Ferrothorn|75\/100 psn|[from] item: Leftovers\n|-damage|p2a: Ferrothorn|63\/100 psn|[from] psn\n|upkeep\n|\n|t:|1699345362\n|switch|p1a: Pumpin|Gourgeist-Small, F|100\/100\n|-item|p2a: Ferrothorn|Leftovers|[from] ability: Frisk|[of] p1a: Pumpin|[identify]\n|turn|8\n|\n|t:|1699345367\n|-zpower|p1a: Pumpin\n|move|p1a: Pumpin|Z-Trick-or-Treat||[anim]Trick-or-Treat|[still]\n|-boost|p1a: Pumpin|atk|1|[zeffect]\n|-boost|p1a: Pumpin|def|1|[zeffect]\n|-boost|p1a: Pumpin|spa|1|[zeffect]\n|-boost|p1a: Pumpin|spd|1|[zeffect]\n|-boost|p1a: Pumpin|spe|1|[zeffect]\n|-fail|p1a: Pumpin\n|move|p2a: Ferrothorn|Toxic|p1a: Pumpin\n|-status|p1a: Pumpin|tox\n|\n|-heal|p2a: Ferrothorn|69\/100 psn|[from] item: Leftovers\n|-damage|p1a: Pumpin|95\/100 tox|[from] psn\n|-damage|p2a: Ferrothorn|57\/100 psn|[from] psn\n|upkeep\n|turn|9\n|\n|t:|1699345382\n|move|p1a: Pumpin|Power Whip|p2a: Ferrothorn|[miss]\n|-miss|p1a: Pumpin|p2a: Ferrothorn\n|move|p2a: Ferrothorn|Knock Off|p1a: Pumpin\n|-supereffective|p1a: Pumpin\n|-damage|p1a: Pumpin|71\/100 tox\n|\n|-heal|p2a: Ferrothorn|63\/100 psn|[from] item: Leftovers\n|-damage|p1a: Pumpin|59\/100 tox|[from] psn\n|-damage|p2a: Ferrothorn|51\/100 psn|[from] psn\n|upkeep\n|turn|10\n|\n|t:|1699345392\n|move|p1a: Pumpin|Power Whip|p2a: Ferrothorn|[miss]\n|-miss|p1a: Pumpin|p2a: Ferrothorn\n|move|p2a: Ferrothorn|Knock Off|p1a: Pumpin\n|-supereffective|p1a: Pumpin\n|-damage|p1a: Pumpin|38\/100 tox\n|\n|-heal|p2a: Ferrothorn|57\/100 psn|[from] item: Leftovers\n|-damage|p1a: Pumpin|20\/100 tox|[from] psn\n|-damage|p2a: Ferrothorn|44\/100 psn|[from] psn\n|upkeep\n|turn|11\n|c|\u2606Kimme10|!dt poser whip\nNo Pok\u00e9mon, item, move, ability or nature named 'poser whip' was found. Showing the data of 'Power Whip' instead.\n|raw|<ul class=\"utilichart\"><li class=\"result\"><span class=\"col movenamecol\"><a href=\"https:\/\/dex.pokemonshowdown.com\/moves\/powerwhip\">Power Whip<\/a><\/span> <span class=\"col typecol\"><img src=\"\/\/play.pokemonshowdown.com\/sprites\/types\/Grass.png\" alt=\"Grass\" width=\"32\" height=\"14\"><img src=\"\/\/play.pokemonshowdown.com\/sprites\/categories\/Physical.png\" alt=\"Physical\" width=\"32\" height=\"14\"><\/span> <span class=\"col labelcol\"><em>Power<\/em><br>120<\/span> <span class=\"col widelabelcol\"><em>Accuracy<\/em><br>85%<\/span> <span class=\"col pplabelcol\"><em>PP<\/em><br>16<\/span> <span class=\"col movedesccol\">No additional effect.<\/span> <\/li><li style=\"clear:both\"><\/li><\/ul>\n|raw|<font size=\"1\"><font color=\"#686868\">Priority:<\/font> 0&nbsp;|&ThickSpace;<font color=\"#686868\">Gen:<\/font> 4&nbsp;|&ThickSpace;&#10003; Contact&nbsp;|&ThickSpace;<font color=\"#686868\">Z-Power:<\/font> 190&nbsp;|&ThickSpace;<font color=\"#686868\">Dynamax Power:<\/font> 140&nbsp;|&ThickSpace;<font color=\"#686868\">Target:<\/font> One Adjacent Pok\u00e9mon<\/font>\n\n|\n|t:|1699345402\n|move|p1a: Pumpin|Power Whip|p2a: Ferrothorn\n|-supereffective|p2a: Ferrothorn\n|-damage|p2a: Ferrothorn|0 fnt\n|-damage|p1a: Pumpin|8\/100 tox|[from] ability: Iron Barbs|[of] p2a: Ferrothorn\n|faint|p2a: Ferrothorn\n|\n|-damage|p1a: Pumpin|0 fnt|[from] psn\n|faint|p1a: Pumpin\n|upkeep\n|\n|t:|1699345418\n|switch|p1a: Lil guy my man|Mimikyu, M|100\/100\n|switch|p2a: Arceus|Arceus-Flying|100\/100\n|turn|12\n|\n|t:|1699345437\n|move|p1a: Lil guy my man|Swords Dance|p1a: Lil guy my man\n|-boost|p1a: Lil guy my man|atk|2\n|move|p2a: Arceus|Thunderbolt|p1a: Lil guy my man\n|-activate|p1a: Lil guy my man|ability: Disguise\n|-damage|p1a: Lil guy my man|100\/100\n|detailschange|p1a: Lil guy my man|Mimikyu-Busted, M\n|-damage|p1a: Lil guy my man|88\/100|[from] pokemon: Mimikyu-Busted\n|\n|upkeep\n|turn|13\n|\n|t:|1699345451\n|move|p1a: Lil guy my man|Play Rough|p2a: Arceus\n|-damage|p2a: Arceus|39\/100\n|-damage|p1a: Lil guy my man|78\/100|[from] item: Life Orb\n|move|p2a: Arceus|Judgment|p1a: Lil guy my man\n|-damage|p1a: Lil guy my man|1\/100\n|\n|upkeep\n|turn|14\n|\n|t:|1699345460\n|move|p1a: Lil guy my man|Play Rough|p2a: Arceus\n|-damage|p2a: Arceus|0 fnt\n|faint|p2a: Arceus\n|-damage|p1a: Lil guy my man|0 fnt|[from] item: Life Orb\n|faint|p1a: Lil guy my man\n|\n|upkeep\n|\n|t:|1699345471\n|switch|p1a: Excalasey|Aegislash, F|100\/100\n|switch|p2a: Groudon|Groudon|100\/100\n|-weather|SunnyDay|[from] ability: Drought|[of] p2a: Groudon\n|turn|15\n|\n|t:|1699345497\n|move|p1a: Excalasey|King's Shield|p1a: Excalasey\n|-singleturn|p1a: Excalasey|Protect\n|move|p2a: Groudon|Power-Up Punch|p1a: Excalasey\n|-activate|p1a: Excalasey|move: Protect\n|-unboost|p2a: Groudon|atk|1\n|\n|-weather|SunnyDay|[upkeep]\n|upkeep\n|turn|16\n|inactive|KarmaNightraide has 120 seconds left.\n|\n|t:|1699345532\n|-formechange|p1a: Excalasey|Aegislash-Blade||[from] ability: Stance Change\n|move|p1a: Excalasey|Shadow Sneak|p2a: Groudon\n|-damage|p2a: Groudon|85\/100\n|move|p2a: Groudon|Heat Crash|p1a: Excalasey\n|-supereffective|p1a: Excalasey\n|-damage|p1a: Excalasey|0 fnt\n|faint|p1a: Excalasey\n|\n|-weather|SunnyDay|[upkeep]\n|upkeep\n|\n|t:|1699345545\n|switch|p1a: Kiss me|Dragapult, F, tera:Dragon|52\/100 tox\n|turn|17\n|\n|t:|1699345554\n|move|p1a: Kiss me|Dragon Darts|p2a: Groudon\n|-damage|p2a: Groudon|63\/100\n|-anim|p1a: Kiss me|Dragon Darts|p2a: Groudon\n|-damage|p2a: Groudon|43\/100\n|move|p2a: Groudon|Thunder Punch|p1a: Kiss me\n|-resisted|p1a: Kiss me\n|-damage|p1a: Kiss me|37\/100 tox\n|\n|-weather|SunnyDay|[upkeep]\n|-damage|p1a: Kiss me|31\/100 tox|[from] psn\n|upkeep\n|turn|18\n|\n|t:|1699345565\n|move|p1a: Kiss me|Dragon Darts|p2a: Groudon\n|-damage|p2a: Groudon|20\/100\n|-anim|p1a: Kiss me|Dragon Darts|p2a: Groudon\n|-damage|p2a: Groudon|0 fnt\n|faint|p2a: Groudon\n|\n|-weather|SunnyDay|[upkeep]\n|-damage|p1a: Kiss me|19\/100 tox|[from] psn\n|upkeep\n|\n|t:|1699345578\n|switch|p2a: Espathra|Espathra, F|100\/100\n|turn|19\n|\n|t:|1699345585\n|move|p1a: Kiss me|Dragon Darts|p2a: Espathra\n|-damage|p2a: Espathra|70\/100\n|-anim|p1a: Kiss me|Dragon Darts|p2a: Espathra\n|-damage|p2a: Espathra|42\/100\n|move|p2a: Espathra|Trick|p1a: Kiss me\n|-activate|p2a: Espathra|move: Trick|[of] p1a: Kiss me\n|-item|p1a: Kiss me|Toxic Orb|[from] move: Trick\n|-item|p2a: Espathra|Expert Belt|[from] move: Trick\n|\n|-weather|none\n|-damage|p1a: Kiss me|1\/100 tox|[from] psn\n|-ability|p2a: Espathra|Speed Boost|boost\n|-boost|p2a: Espathra|spe|1\n|upkeep\n|turn|20\n|inactive|KarmaNightraide has 120 seconds left.\n|\n|t:|1699345597\n|move|p1a: Kiss me|Dragon Darts|p2a: Espathra\n|-damage|p2a: Espathra|15\/100\n|-anim|p1a: Kiss me|Dragon Darts|p2a: Espathra\n|-damage|p2a: Espathra|0 fnt\n|faint|p2a: Espathra\n|\n|win|KarmaNightraide\n|raw|KarmaNightraide's rating: 1160 &rarr; <strong>1180<\/strong><br \/>(+20 for winning)\n|raw|Kimme10's rating: 1083 &rarr; <strong>1065<\/strong><br \/>(-18 for losing)\n|l|\u2606Kimme10\n","uploadtime":1699345604,"views":8,"p1id":"karmanightraide","p2id":"kimme10","formatid":"gen9nationaldexubers","rating":1065,"private":0,"password":""}