{"id":"gen9nationaldexubers-1997198233","p1":"DadFreet","p2":"700club","format":"[Gen 9] National Dex Ubers","log":"|j|\u2606DadFreet\n|j|\u2606700club\n|t:|1700774646\n|gametype|singles\n|player|p1|DadFreet|hiker-gen4|1196\n|player|p2|700club|shadowtriad|1296\n|teamsize|p1|2\n|teamsize|p2|6\n|gen|9\n|tier|[Gen 9] National Dex Ubers\n|rated|\n|rule|HP Percentage Mod: HP is shown in percentages\n|rule|Endless Battle Clause: Forcing endless battles is banned\n|rule|OHKO Clause: OHKO moves are banned\n|rule|Evasion Moves Clause: Evasion moves are banned\n|rule|Evasion Items Clause: Evasion items are banned\n|rule|Species Clause: Limit one of each Pok\u00e9mon\n|rule|Sleep Clause Mod: Limit one foe put to sleep\n|rule|Mega Rayquaza Clause: You cannot mega evolve Rayquaza\n|clearpoke\n|poke|p1|Dondozo, M|\n|poke|p1|Grimmsnarl, M|\n|poke|p2|Ogerpon-Hearthflame, F|\n|poke|p2|Ditto|\n|poke|p2|Deoxys-Speed|\n|poke|p2|Mewtwo|\n|poke|p2|Necrozma-Dusk-Mane|\n|poke|p2|Blissey, F|\n|teampreview\n|c|\u2606700club|hi\n|c|\u2606DadFreet|hi\n|\n|t:|1700774669\n|start\n|switch|p1a: A fairy?|Grimmsnarl, M|100\/100\n|switch|p2a: Ogerpon|Ogerpon-Hearthflame, F|100\/100\n|-ability|p2a: Ogerpon|Mold Breaker\n|turn|1\n|c|\u2606DadFreet|testing a team\n|c|\u2606700club|gl\n|c|\u2606DadFreet|you2\n|c|\u2606700club|thx\n|\n|t:|1700774688\n|-terastallize|p2a: Ogerpon|Fire\n|detailschange|p2a: Ogerpon|Ogerpon-Hearthflame-Tera, F, tera:Fire\n|-ability|p2a: Ogerpon|Embody Aspect (Hearthflame)|boost\n|-boost|p2a: Ogerpon|atk|1\n|move|p1a: A fairy?|Thunder Wave|p2a: Ogerpon\n|-status|p2a: Ogerpon|par\n|move|p2a: Ogerpon|Ivy Cudgel|p1a: A fairy?|[anim] Ivy Cudgel Fire\n|-crit|p1a: A fairy?\n|-damage|p1a: A fairy?|0 fnt\n|faint|p1a: A fairy?\n|\n|upkeep\n|\n|t:|1700774699\n|switch|p1a: give up already|Dondozo, M|100\/100\n|turn|2\n|\n|t:|1700774710\n|move|p2a: Ogerpon|Horn Leech|p1a: give up already\n|-supereffective|p1a: give up already\n|-damage|p1a: give up already|67\/100\n|move|p1a: give up already|Liquidation|p2a: Ogerpon\n|-supereffective|p2a: Ogerpon\n|-damage|p2a: Ogerpon|34\/100 par\n|\n|-heal|p1a: give up already|73\/100|[from] item: Leftovers\n|upkeep\n|turn|3\n|\n|t:|1700774719\n|-terastallize|p1a: give up already|Fairy\n|move|p2a: Ogerpon|Leech Seed|p1a: give up already|[miss]\n|-miss|p2a: Ogerpon|p1a: give up already\n|move|p1a: give up already|Curse|p1a: give up already\n|-unboost|p1a: give up already|spe|1\n|-boost|p1a: give up already|atk|1\n|-boost|p1a: give up already|def|1\n|\n|-heal|p1a: give up already|79\/100|[from] item: Leftovers\n|upkeep\n|turn|4\n|\n|t:|1700774729\n|cant|p2a: Ogerpon|par\n|move|p1a: give up already|Liquidation|p2a: Ogerpon\n|-supereffective|p2a: Ogerpon\n|-damage|p2a: Ogerpon|0 fnt\n|faint|p2a: Ogerpon\n|\n|-heal|p1a: give up already|85\/100|[from] item: Leftovers\n|upkeep\n|\n|t:|1700774740\n|switch|p2a: Deoxys|Deoxys-Speed|100\/100\n|-ability|p2a: Deoxys|Pressure\n|turn|5\n|\n|t:|1700774748\n|move|p2a: Deoxys|Taunt|p1a: give up already\n|-start|p1a: give up already|move: Taunt\n|move|p1a: give up already|Body Press|p2a: Deoxys\n|-resisted|p2a: Deoxys\n|-damage|p2a: Deoxys|73\/100\n|\n|-heal|p1a: give up already|91\/100|[from] item: Leftovers\n|upkeep\n|turn|6\n|\n|t:|1700774756\n|move|p2a: Deoxys|Reflect|p2a: Deoxys\n|-sidestart|p2: 700club|Reflect\n|move|p1a: give up already|Liquidation|p2a: Deoxys\n|-damage|p2a: Deoxys|44\/100\n|\n|-heal|p1a: give up already|98\/100|[from] item: Leftovers\n|upkeep\n|turn|7\n|\n|t:|1700774765\n|move|p2a: Deoxys|Light Screen|p2a: Deoxys\n|-sidestart|p2: 700club|move: Light Screen\n|move|p1a: give up already|Liquidation|p2a: Deoxys\n|-damage|p2a: Deoxys|16\/100\n|-unboost|p2a: Deoxys|def|1\n|\n|-heal|p1a: give up already|100\/100|[from] item: Leftovers\n|-end|p1a: give up already|move: Taunt\n|upkeep\n|turn|8\n|\n|t:|1700774773\n|move|p2a: Deoxys|Taunt|p1a: give up already\n|-start|p1a: give up already|move: Taunt\n|move|p1a: give up already|Liquidation|p2a: Deoxys\n|-damage|p2a: Deoxys|0 fnt\n|faint|p2a: Deoxys\n|\n|upkeep\n|\n|t:|1700774791\n|switch|p2a: Mewtwo|Mewtwo|100\/100\n|-ability|p2a: Mewtwo|Unnerve\n|turn|9\n|c|\u2606DadFreet|orgepon break my strat so fast lol\n|\n|t:|1700774809\n|detailschange|p2a: Mewtwo|Mewtwo-Mega-Y\n|-mega|p2a: Mewtwo|Mewtwo|Mewtwonite Y\n|move|p2a: Mewtwo|Nasty Plot|p2a: Mewtwo\n|-boost|p2a: Mewtwo|spa|2\n|move|p1a: give up already|Liquidation|p2a: Mewtwo\n|-damage|p2a: Mewtwo|74\/100\n|-unboost|p2a: Mewtwo|def|1\n|\n|upkeep\n|turn|10\n|c|\u2606700club|that was tough\n|\n|t:|1700774819\n|move|p2a: Mewtwo|Psystrike|p1a: give up already\n|-damage|p1a: give up already|81\/100\n|move|p1a: give up already|Body Press|p2a: Mewtwo\n|-resisted|p2a: Mewtwo\n|-damage|p2a: Mewtwo|60\/100\n|\n|-heal|p1a: give up already|87\/100|[from] item: Leftovers\n|-end|p1a: give up already|move: Taunt\n|-sideend|p2: 700club|Reflect\n|upkeep\n|turn|11\n|c|\u2606700club|wow\n|\n|t:|1700774838\n|move|p2a: Mewtwo|Nasty Plot|p2a: Mewtwo\n|-boost|p2a: Mewtwo|spa|2\n|move|p1a: give up already|Curse|p1a: give up already\n|-unboost|p1a: give up already|spe|1\n|-boost|p1a: give up already|atk|1\n|-boost|p1a: give up already|def|1\n|\n|-heal|p1a: give up already|93\/100|[from] item: Leftovers\n|-sideend|p2: 700club|move: Light Screen\n|upkeep\n|turn|12\n|\n|t:|1700774848\n|move|p2a: Mewtwo|Psystrike|p1a: give up already\n|-damage|p1a: give up already|77\/100\n|move|p1a: give up already|Curse|p1a: give up already\n|-unboost|p1a: give up already|spe|1\n|-boost|p1a: give up already|atk|1\n|-boost|p1a: give up already|def|1\n|\n|-heal|p1a: give up already|83\/100|[from] item: Leftovers\n|upkeep\n|turn|13\n|\n|t:|1700774864\n|move|p2a: Mewtwo|Ice Beam|p1a: give up already\n|-damage|p1a: give up already|45\/100\n|move|p1a: give up already|Curse|p1a: give up already\n|-unboost|p1a: give up already|spe|1\n|-boost|p1a: give up already|atk|1\n|-boost|p1a: give up already|def|1\n|\n|-heal|p1a: give up already|51\/100|[from] item: Leftovers\n|upkeep\n|turn|14\n|\n|t:|1700774874\n|move|p2a: Mewtwo|Ice Beam|p1a: give up already\n|-damage|p1a: give up already|10\/100\n|move|p1a: give up already|Liquidation|p2a: Mewtwo\n|-damage|p2a: Mewtwo|0 fnt\n|faint|p2a: Mewtwo\n|\n|-heal|p1a: give up already|17\/100|[from] item: Leftovers\n|upkeep\n|\n|t:|1700774883\n|switch|p2a: Ditto|Ditto|100\/100\n|-transform|p2a: Ditto|p1a: give up already|[from] ability: Imposter\n|-start|p2a: Ditto|typechange|Water|[silent]\n|turn|15\n|\n|t:|1700774894\n|move|p2a: Ditto|Liquidation|p1a: give up already\n|-damage|p1a: give up already|4\/100\n|move|p1a: give up already|Rest|p1a: give up already\n|-status|p1a: give up already|slp|[from] move: Rest\n|-heal|p1a: give up already|100\/100 slp|[silent]\n|\n|upkeep\n|turn|16\n|c|\u2606DadFreet|im in danger\n|\n|t:|1700774904\n|switch|p2a: Necrozma|Necrozma-Dusk-Mane|100\/100\n|cant|p1a: give up already|slp\n|\n|upkeep\n|turn|17\n|\n|t:|1700774910\n|move|p2a: Necrozma|Dragon Dance|p2a: Necrozma\n|-boost|p2a: Necrozma|atk|1\n|-boost|p2a: Necrozma|spe|1\n|cant|p1a: give up already|slp\n|\n|upkeep\n|turn|18\n|\n|t:|1700774915\n|move|p2a: Necrozma|Dragon Dance|p2a: Necrozma\n|-boost|p2a: Necrozma|atk|1\n|-boost|p2a: Necrozma|spe|1\n|-curestatus|p1a: give up already|slp|[msg]\n|move|p1a: give up already|Body Press|p2a: Necrozma\n|-damage|p2a: Necrozma|29\/100\n|\n|upkeep\n|turn|19\n|\n|t:|1700774932\n|detailschange|p2a: Necrozma|Necrozma-Ultra\n|-burst|p2a: Necrozma|Necrozma|Ultranecrozium Z\n|move|p2a: Necrozma|Photon Geyser|p1a: give up already\n|-damage|p1a: give up already|82\/100\n|move|p1a: give up already|Body Press|p2a: Necrozma\n|-resisted|p2a: Necrozma\n|-damage|p2a: Necrozma|0 fnt\n|faint|p2a: Necrozma\n|\n|-heal|p1a: give up already|88\/100|[from] item: Leftovers\n|upkeep\n|c|\u2606700club|i am idiot\n|\n|t:|1700774954\n|switch|p2a: Blissey|Blissey, F|100\/100\n|turn|20\n|\n|t:|1700774958\n|move|p2a: Blissey|Thunder Wave|p1a: give up already\n|-status|p1a: give up already|par\n|move|p1a: give up already|Body Press|p2a: Blissey\n|-supereffective|p2a: Blissey\n|-damage|p2a: Blissey|0 fnt\n|-damage|p1a: give up already|71\/100 par|[from] item: Rocky Helmet|[of] p2a: Blissey\n|faint|p2a: Blissey\n|\n|-heal|p1a: give up already|77\/100 par|[from] item: Leftovers\n|upkeep\n|\n|t:|1700774969\n|switch|p2a: Ditto|Ditto|100\/100\n|-transform|p2a: Ditto|p1a: give up already|[from] ability: Imposter\n|-start|p2a: Ditto|typechange|Water|[silent]\n|turn|21\n|c|\u2606DadFreet|dont treat yourself like this\n|\n|t:|1700774985\n|move|p2a: Ditto|Liquidation|p1a: give up already\n|-damage|p1a: give up already|64\/100 par\n|move|p1a: give up already|Body Press|p2a: Ditto\n|-damage|p2a: Ditto|78\/100\n|\n|-heal|p1a: give up already|70\/100 par|[from] item: Leftovers\n|upkeep\n|turn|22\n|\n|t:|1700774994\n|move|p2a: Ditto|Liquidation|p1a: give up already\n|-damage|p1a: give up already|58\/100 par\n|cant|p1a: give up already|par\n|\n|-heal|p1a: give up already|64\/100 par|[from] item: Leftovers\n|upkeep\n|turn|23\n|c|\u2606700club|gg\n|\n|t:|1700775002\n|move|p2a: Ditto|Liquidation|p1a: give up already\n|-damage|p1a: give up already|51\/100 par\n|move|p1a: give up already|Body Press|p2a: Ditto\n|-damage|p2a: Ditto|57\/100\n|\n|-heal|p1a: give up already|57\/100 par|[from] item: Leftovers\n|upkeep\n|turn|24\n|\n|t:|1700775010\n|move|p2a: Ditto|Liquidation|p1a: give up already\n|-damage|p1a: give up already|44\/100 par\n|-unboost|p1a: give up already|def|1\n|move|p1a: give up already|Rest|p1a: give up already\n|-status|p1a: give up already|slp|[from] move: Rest\n|-heal|p1a: give up already|100\/100 slp|[silent]\n|\n|upkeep\n|turn|25\n|c|\u2606700club|keep working  the team it will be good\n|\n|t:|1700775026\n|move|p2a: Ditto|Liquidation|p1a: give up already\n|-damage|p1a: give up already|87\/100 slp\n|cant|p1a: give up already|slp\n|\n|-heal|p1a: give up already|93\/100 slp|[from] item: Leftovers\n|upkeep\n|turn|26\n|c|\u2606DadFreet|this is the team\n|c|\u2606DadFreet|the whole team\n|\n|t:|1700775042\n|-activate|p2a: Ditto|move: Struggle\n|move|p2a: Ditto|Struggle|p1a: give up already\n|-damage|p1a: give up already|87\/100 slp\n|-damage|p2a: Ditto|32\/100|[from] recoil\n|cant|p1a: give up already|slp\n|\n|-heal|p1a: give up already|94\/100 slp|[from] item: Leftovers\n|upkeep\n|turn|27\n|c|\u2606700club|lol ok\n|\n|t:|1700775051\n|-activate|p2a: Ditto|move: Struggle\n|move|p2a: Ditto|Struggle|p1a: give up already\n|-damage|p1a: give up already|88\/100 slp\n|-damage|p2a: Ditto|7\/100|[from] recoil\n|-curestatus|p1a: give up already|slp|[msg]\n|move|p1a: give up already|Body Press|p2a: Ditto\n|-damage|p2a: Ditto|0 fnt\n|faint|p2a: Ditto\n|\n|win|DadFreet\n|raw|DadFreet's rating: 1196 &rarr; <strong>1228<\/strong><br \/>(+32 for winning)\n|raw|700club's rating: 1296 &rarr; <strong>1264<\/strong><br \/>(-32 for losing)\n|c|\u2606DadFreet|gg\n|c|\u2606700club|gg bye\n|c|\u2606DadFreet|gg\n|l|\u2606700club\n|c|\u2606DadFreet|well played\n","uploadtime":1700775075,"views":13,"p1id":"dadfreet","p2id":"700club","formatid":"gen9nationaldexubers","rating":1228,"private":0,"password":""}