{"id":"gen9nationaldexubers-1979879503","p1":"foofoo1","p2":"A$AP No Rocky","format":"[Gen 9] National Dex Ubers","log":"|j|\u2606foofoo1\n|j|\u2606A$AP No Rocky\n|t:|1698723457\n|gametype|singles\n|player|p1|foofoo1|170|\n|player|p2|A$AP No Rocky|265|\n|teamsize|p1|6\n|teamsize|p2|6\n|gen|9\n|tier|[Gen 9] National Dex Ubers\n|rule|HP Percentage Mod: HP is shown in percentages\n|rule|Endless Battle Clause: Forcing endless battles is banned\n|rule|OHKO Clause: OHKO moves are banned\n|rule|Evasion Moves Clause: Evasion moves are banned\n|rule|Evasion Items Clause: Evasion items are banned\n|rule|Species Clause: Limit one of each Pok\u00e9mon\n|rule|Sleep Clause Mod: Limit one foe put to sleep\n|rule|Mega Rayquaza Clause: You cannot mega evolve Rayquaza\n|clearpoke\n|poke|p1|Blissey, F|\n|poke|p1|Tapu Koko|\n|poke|p1|Dondozo, F|\n|poke|p1|Diancie|\n|poke|p1|Ting-Lu|\n|poke|p1|Thundurus-Therian, M|\n|poke|p2|Conkeldurr, F|\n|poke|p2|Diggersby, F|\n|poke|p2|Thundurus, M|\n|poke|p2|Munkidori, M|\n|poke|p2|Zoroark-Hisui, F|\n|poke|p2|Greninja-*, M|\n|teampreview\n|\n|t:|1698723474\n|start\n|switch|p1a: Diancie|Diancie|100\/100\n|switch|p2a: Munkidori|Munkidori, M|100\/100\n|turn|1\n|j| soyouthinkyoucan\n|\n|t:|1698723500\n|switch|p1a: Ting-Lu|Ting-Lu|100\/100\n|-ability|p1a: Ting-Lu|Vessel of Ruin\n|move|p2a: Munkidori|Psychic|p1a: Ting-Lu\n|-immune|p1a: Ting-Lu\n|\n|upkeep\n|turn|2\n|\n|t:|1698723508\n|switch|p2a: Conkeldurr|Conkeldurr, F|100\/100\n|move|p1a: Ting-Lu|Ruination|p2a: Conkeldurr\n|-damage|p2a: Conkeldurr|51\/100\n|\n|upkeep\n|turn|3\n|\n|t:|1698723515\n|switch|p1a: Dondozo|Dondozo, F|100\/100\n|move|p2a: Conkeldurr|Knock Off|p1a: Dondozo\n|-damage|p1a: Dondozo|79\/100\n|-damage|p2a: Conkeldurr|34\/100|[from] item: Rocky Helmet|[of] p1a: Dondozo\n|-enditem|p1a: Dondozo|Rocky Helmet|[from] move: Knock Off|[of] p2a: Conkeldurr\n|-damage|p2a: Conkeldurr|24\/100|[from] item: Life Orb\n|\n|upkeep\n|turn|4\n|j| Hotpepper22\n|\n|t:|1698723524\n|move|p2a: Conkeldurr|Drain Punch|p1a: Dondozo\n|-damage|p1a: Dondozo|54\/100\n|-heal|p2a: Conkeldurr|42\/100|[from] drain|[of] p1a: Dondozo\n|-damage|p2a: Conkeldurr|32\/100|[from] item: Life Orb\n|move|p1a: Dondozo|Liquidation|p2a: Conkeldurr\n|-damage|p2a: Conkeldurr|5\/100\n|\n|upkeep\n|turn|5\n|j| king schmuck\n|\n|t:|1698723532\n|move|p2a: Conkeldurr|Drain Punch|p1a: Dondozo\n|-damage|p1a: Dondozo|28\/100\n|-heal|p2a: Conkeldurr|23\/100|[from] drain|[of] p1a: Dondozo\n|-damage|p2a: Conkeldurr|13\/100|[from] item: Life Orb\n|move|p1a: Dondozo|Liquidation|p2a: Conkeldurr\n|-damage|p2a: Conkeldurr|0 fnt\n|faint|p2a: Conkeldurr\n|\n|upkeep\n|\n|t:|1698723554\n|switch|p2a: Diggersby|Diggersby, F|100\/100\n|turn|6\n|\n|t:|1698723565\n|move|p2a: Diggersby|Frustration|p1a: Dondozo\n|-damage|p1a: Dondozo|0 fnt\n|faint|p1a: Dondozo\n|\n|upkeep\n|j| CryAndComplain23\n|\n|t:|1698723590\n|switch|p1a: Ting-Lu|Ting-Lu|100\/100\n|-ability|p1a: Ting-Lu|Vessel of Ruin\n|turn|7\n|\n|t:|1698723596\n|move|p2a: Diggersby|Frustration|p1a: Ting-Lu\n|-damage|p1a: Ting-Lu|54\/100\n|move|p1a: Ting-Lu|Ruination|p2a: Diggersby\n|-damage|p2a: Diggersby|51\/100\n|\n|upkeep\n|turn|8\n|\n|t:|1698723603\n|move|p2a: Diggersby|Frustration|p1a: Ting-Lu\n|-damage|p1a: Ting-Lu|6\/100\n|move|p1a: Ting-Lu|Earthquake|p2a: Diggersby\n|-damage|p2a: Diggersby|12\/100\n|\n|upkeep\n|turn|9\n|\n|t:|1698723615\n|move|p2a: Diggersby|Frustration|p1a: Ting-Lu\n|-damage|p1a: Ting-Lu|0 fnt\n|faint|p1a: Ting-Lu\n|\n|upkeep\n|\n|t:|1698723634\n|switch|p1a: Thundurus|Thundurus-Therian, M|100\/100\n|turn|10\n|\n|t:|1698723645\n|move|p1a: Thundurus|Sludge Wave|p2a: Diggersby\n|-resisted|p2a: Diggersby\n|-damage|p2a: Diggersby|0 fnt\n|faint|p2a: Diggersby\n|\n|upkeep\n|\n|t:|1698723660\n|switch|p2a: Munkidori|Munkidori, M|100\/100\n|turn|11\n|\n|t:|1698723669\n|switch|p1a: Blissey|Blissey, F|100\/100\n|move|p2a: Munkidori|Psychic|p1a: Blissey\n|-damage|p1a: Blissey|78\/100\n|-status|p1a: Blissey|tox|[from] ability: Toxic Chain|[of] p2a: Munkidori\n|\n|-heal|p1a: Blissey|84\/100 tox|[from] item: Leftovers\n|-damage|p1a: Blissey|78\/100 tox|[from] psn\n|upkeep\n|turn|12\n|\n|t:|1698723688\n|move|p2a: Munkidori|Psychic|p1a: Blissey\n|-damage|p1a: Blissey|57\/100 tox\n|move|p1a: Blissey|Seismic Toss|p2a: Munkidori\n|-damage|p2a: Munkidori|69\/100\n|\n|-heal|p1a: Blissey|63\/100 tox|[from] item: Leftovers\n|-damage|p1a: Blissey|51\/100 tox|[from] psn\n|upkeep\n|turn|13\n|\n|t:|1698723713\n|-curestatus|p1a: Blissey|tox|[from] ability: Natural Cure\n|switch|p1a: Tapu Koko|Tapu Koko|100\/100\n|-fieldstart|move: Electric Terrain|[from] ability: Electric Surge|[of] p1a: Tapu Koko\n|move|p2a: Munkidori|Psychic|p1a: Tapu Koko\n|-crit|p1a: Tapu Koko\n|-damage|p1a: Tapu Koko|0 fnt\n|faint|p1a: Tapu Koko\n|\n|upkeep\n|\n|t:|1698723721\n|switch|p1a: Blissey|Blissey, F|51\/100\n|turn|14\n|\n|t:|1698723724\n|move|p2a: Munkidori|Psychic|p1a: Blissey\n|-damage|p1a: Blissey|27\/100\n|move|p1a: Blissey|Soft-Boiled|p1a: Blissey\n|-heal|p1a: Blissey|77\/100\n|\n|-heal|p1a: Blissey|83\/100|[from] item: Leftovers\n|upkeep\n|turn|15\n|\n|t:|1698723732\n|move|p2a: Munkidori|Psychic|p1a: Blissey\n|-damage|p1a: Blissey|60\/100\n|-unboost|p1a: Blissey|spd|1\n|move|p1a: Blissey|Seismic Toss|p2a: Munkidori\n|-damage|p2a: Munkidori|37\/100\n|\n|-heal|p1a: Blissey|66\/100|[from] item: Leftovers\n|upkeep\n|turn|16\n|\n|t:|1698723745\n|move|p2a: Munkidori|Psychic|p1a: Blissey\n|-damage|p1a: Blissey|33\/100\n|move|p1a: Blissey|Seismic Toss|p2a: Munkidori\n|-damage|p2a: Munkidori|6\/100\n|\n|-heal|p1a: Blissey|40\/100|[from] item: Leftovers\n|upkeep\n|turn|17\n|\n|t:|1698723766\n|move|p2a: Munkidori|Psychic|p1a: Blissey\n|-damage|p1a: Blissey|9\/100\n|move|p1a: Blissey|Soft-Boiled|p1a: Blissey\n|-heal|p1a: Blissey|59\/100\n|\n|-heal|p1a: Blissey|65\/100|[from] item: Leftovers\n|-fieldend|move: Electric Terrain\n|upkeep\n|turn|18\n|\n|t:|1698723774\n|move|p2a: Munkidori|Psychic|p1a: Blissey\n|-damage|p1a: Blissey|33\/100\n|-status|p1a: Blissey|tox|[from] ability: Toxic Chain|[of] p2a: Munkidori\n|move|p1a: Blissey|Seismic Toss|p2a: Munkidori\n|-damage|p2a: Munkidori|0 fnt\n|faint|p2a: Munkidori\n|\n|-heal|p1a: Blissey|39\/100 tox|[from] item: Leftovers\n|-damage|p1a: Blissey|33\/100 tox|[from] psn\n|upkeep\n|\n|t:|1698723788\n|switch|p2a: Greninja|Greninja, M|100\/100\n|turn|19\n|\n|t:|1698723803\n|-curestatus|p1a: Blissey|tox|[from] ability: Natural Cure\n|switch|p1a: Diancie|Diancie|100\/100\n|move|p2a: Greninja|Surf|p1a: Diancie\n|-supereffective|p1a: Diancie\n|-damage|p1a: Diancie|0 fnt\n|faint|p1a: Diancie\n|-ability|p2a: Greninja|Battle Bond|boost\n|-boost|p2a: Greninja|atk|1\n|-boost|p2a: Greninja|spa|1\n|-boost|p2a: Greninja|spe|1\n|-activate|p2a: Greninja|ability: Battle Bond\n|\n|upkeep\n|l| CryAndComplain23\n|\n|t:|1698723813\n|switch|p1a: Blissey|Blissey, F|33\/100\n|turn|20\n|\n|t:|1698723819\n|move|p2a: Greninja|Surf|p1a: Blissey\n|-damage|p1a: Blissey|4\/100\n|move|p1a: Blissey|Soft-Boiled|p1a: Blissey\n|-heal|p1a: Blissey|54\/100\n|\n|-heal|p1a: Blissey|60\/100|[from] item: Leftovers\n|upkeep\n|turn|21\n|j| CryAndComplain23\n|\n|t:|1698723830\n|move|p2a: Greninja|Surf|p1a: Blissey\n|-damage|p1a: Blissey|32\/100\n|move|p1a: Blissey|Soft-Boiled|p1a: Blissey\n|-heal|p1a: Blissey|82\/100\n|\n|-heal|p1a: Blissey|88\/100|[from] item: Leftovers\n|upkeep\n|turn|22\n|\n|t:|1698723843\n|move|p2a: Greninja|Surf|p1a: Blissey\n|-damage|p1a: Blissey|62\/100\n|move|p1a: Blissey|Toxic|p2a: Greninja|[miss]\n|-miss|p1a: Blissey|p2a: Greninja\n|\n|-heal|p1a: Blissey|68\/100|[from] item: Leftovers\n|upkeep\n|turn|23\n|\n|t:|1698723853\n|move|p2a: Greninja|Surf|p1a: Blissey\n|-damage|p1a: Blissey|42\/100\n|move|p1a: Blissey|Soft-Boiled|p1a: Blissey\n|-heal|p1a: Blissey|92\/100\n|\n|-heal|p1a: Blissey|99\/100|[from] item: Leftovers\n|upkeep\n|turn|24\n|\n|t:|1698723861\n|move|p2a: Greninja|Surf|p1a: Blissey\n|-damage|p1a: Blissey|73\/100\n|move|p1a: Blissey|Seismic Toss|p2a: Greninja\n|-damage|p2a: Greninja|65\/100\n|\n|-heal|p1a: Blissey|79\/100|[from] item: Leftovers\n|upkeep\n|turn|25\n|\n|t:|1698723868\n|move|p2a: Greninja|Surf|p1a: Blissey\n|-damage|p1a: Blissey|52\/100\n|move|p1a: Blissey|Seismic Toss|p2a: Greninja\n|-damage|p2a: Greninja|30\/100\n|\n|-heal|p1a: Blissey|58\/100|[from] item: Leftovers\n|upkeep\n|turn|26\n|\n|t:|1698723874\n|move|p2a: Greninja|Surf|p1a: Blissey\n|-damage|p1a: Blissey|31\/100\n|move|p1a: Blissey|Seismic Toss|p2a: Greninja\n|-damage|p2a: Greninja|0 fnt\n|faint|p2a: Greninja\n|\n|-heal|p1a: Blissey|37\/100|[from] item: Leftovers\n|upkeep\n|\n|t:|1698723882\n|switch|p2a: Thundurus|Thundurus, M|100\/100\n|turn|27\n|\n|t:|1698723887\n|move|p2a: Thundurus|Taunt|p1a: Blissey\n|-start|p1a: Blissey|move: Taunt\n|cant|p1a: Blissey|move: Taunt|Soft-Boiled\n|\n|-heal|p1a: Blissey|43\/100|[from] item: Leftovers\n|upkeep\n|turn|28\n|\n|t:|1698723894\n|move|p2a: Thundurus|Thunderbolt|p1a: Blissey\n|-damage|p1a: Blissey|23\/100\n|-damage|p2a: Thundurus|91\/100|[from] item: Life Orb\n|move|p1a: Blissey|Seismic Toss|p2a: Thundurus\n|-damage|p2a: Thundurus|57\/100\n|\n|-heal|p1a: Blissey|29\/100|[from] item: Leftovers\n|upkeep\n|turn|29\n|\n|t:|1698723902\n|switch|p1a: Thundurus|Thundurus-Therian, M|100\/100\n|move|p2a: Thundurus|Thunderbolt|p1a: Thundurus\n|-immune|p1a: Thundurus|[from] ability: Volt Absorb\n|\n|upkeep\n|turn|30\n|\n|t:|1698723908\n|move|p1a: Thundurus|Thunderbolt|p2a: Thundurus\n|-damage|p2a: Thundurus|0 fnt\n|faint|p2a: Thundurus\n|\n|upkeep\n|\n|t:|1698723911\n|switch|p2a: Zoroark|Zoroark-Hisui, F|100\/100\n|turn|31\n|\n|t:|1698723917\n|move|p2a: Zoroark|Hyper Voice|p1a: Thundurus\n|-damage|p1a: Thundurus|36\/100\n|move|p1a: Thundurus|Thunderbolt|p2a: Zoroark\n|-damage|p2a: Zoroark|0 fnt\n|faint|p2a: Zoroark\n|\n|win|foofoo1\n|l|\u2606A$AP No Rocky\n","uploadtime":1698723926,"views":19,"p1id":"foofoo1","p2id":"aapnorocky","formatid":"gen9nationaldexubers","rating":0,"private":0,"password":""}