{"id":"gen9nationaldexubers-1997240830","p1":"Lord_of_spirts","p2":"Ash Ketchum344","format":"[Gen 9] National Dex Ubers","log":"|j|\u2606Lord_of_spirts\n|j|\u2606Ash Ketchum344\n|t:|1700779332\n|gametype|singles\n|player|p1|Lord_of_spirts|blaine|1000\n|player|p2|Ash Ketchum344|lucas-gen4pt|1092\n|teamsize|p1|6\n|teamsize|p2|6\n|gen|9\n|tier|[Gen 9] National Dex Ubers\n|rated|\n|rule|HP Percentage Mod: HP is shown in percentages\n|rule|Endless Battle Clause: Forcing endless battles is banned\n|rule|OHKO Clause: OHKO moves are banned\n|rule|Evasion Moves Clause: Evasion moves are banned\n|rule|Evasion Items Clause: Evasion items are banned\n|rule|Species Clause: Limit one of each Pok\u00e9mon\n|rule|Sleep Clause Mod: Limit one foe put to sleep\n|rule|Mega Rayquaza Clause: You cannot mega evolve Rayquaza\n|clearpoke\n|poke|p1|Annihilape, F|\n|poke|p1|Skeledirge, F|\n|poke|p1|Gengar, M|\n|poke|p1|Brambleghast, F|\n|poke|p1|Sableye, F|\n|poke|p1|Gholdengo|\n|poke|p2|Pikachu-Partner, M|\n|poke|p2|Dracovish|\n|poke|p2|Sirfetch\u2019d, M|\n|poke|p2|Lucario, M|\n|poke|p2|Dragonite, M|\n|poke|p2|Gengar, M|\n|teampreview\n|inactive|Battle timer is ON: inactive players will automatically lose when time's up. (requested by Ash Ketchum344)\n|\n|t:|1700779368\n|start\n|switch|p1a: Sableye|Sableye, F, shiny|100\/100\n|switch|p2a: Pikachu|Pikachu-Partner, M|100\/100\n|turn|1\n|\n|t:|1700779374\n|move|p1a: Sableye|Sucker Punch|p2a: Pikachu\n|-damage|p2a: Pikachu|3\/100\n|-zpower|p2a: Pikachu\n|move|p2a: Pikachu|10,000,000 Volt Thunderbolt|p1a: Sableye|[zeffect]\n|-damage|p1a: Sableye|5\/100\n|\n|-heal|p1a: Sableye|11\/100|[from] item: Leftovers\n|upkeep\n|turn|2\n|\n|t:|1700779388\n|move|p1a: Sableye|Sucker Punch|p2a: Pikachu\n|-damage|p2a: Pikachu|0 fnt\n|faint|p2a: Pikachu\n|\n|-heal|p1a: Sableye|17\/100|[from] item: Leftovers\n|upkeep\n|\n|t:|1700779393\n|switch|p2a: Lucario|Lucario, M|100\/100\n|turn|3\n|\n|t:|1700779409\n|detailschange|p2a: Lucario|Lucario-Mega, M\n|-mega|p2a: Lucario|Lucario|Lucarionite\n|move|p2a: Lucario|Calm Mind|p2a: Lucario\n|-boost|p2a: Lucario|spa|1\n|-boost|p2a: Lucario|spd|1\n|move|p1a: Sableye|Shadow Claw|p2a: Lucario\n|-damage|p2a: Lucario|61\/100\n|\n|-heal|p1a: Sableye|24\/100|[from] item: Leftovers\n|upkeep\n|turn|4\n|\n|t:|1700779417\n|move|p2a: Lucario|Bullet Punch|p1a: Sableye\n|-damage|p1a: Sableye|0 fnt\n|faint|p1a: Sableye\n|\n|upkeep\n|\n|t:|1700779429\n|switch|p1a: Annihilape|Annihilape, F, shiny|100\/100\n|turn|5\n|\n|t:|1700779444\n|move|p2a: Lucario|Bullet Punch|p1a: Annihilape\n|-damage|p1a: Annihilape|73\/100\n|move|p1a: Annihilape|Close Combat|p2a: Lucario\n|-supereffective|p2a: Lucario\n|-damage|p2a: Lucario|0 fnt\n|-unboost|p1a: Annihilape|def|1\n|-unboost|p1a: Annihilape|spd|1\n|faint|p2a: Lucario\n|\n|-heal|p1a: Annihilape|79\/100|[from] item: Leftovers\n|upkeep\n|\n|t:|1700779450\n|switch|p2a: Sirfetch\u2019d|Sirfetch\u2019d, M|100\/100\n|turn|6\n|\n|t:|1700779455\n|move|p1a: Annihilape|Shadow Claw|p2a: Sirfetch\u2019d\n|-damage|p2a: Sirfetch\u2019d|59\/100\n|move|p2a: Sirfetch\u2019d|Night Slash|p1a: Annihilape\n|-crit|p1a: Annihilape\n|-damage|p1a: Annihilape|24\/100\n|\n|-heal|p1a: Annihilape|30\/100|[from] item: Leftovers\n|upkeep\n|turn|7\n|\n|t:|1700779463\n|move|p1a: Annihilape|Shadow Claw|p2a: Sirfetch\u2019d\n|-damage|p2a: Sirfetch\u2019d|23\/100\n|move|p2a: Sirfetch\u2019d|Fury Cutter|p1a: Annihilape\n|-resisted|p1a: Annihilape\n|-crit|p1a: Annihilape\n|-damage|p1a: Annihilape|21\/100\n|\n|-heal|p1a: Annihilape|27\/100|[from] item: Leftovers\n|upkeep\n|turn|8\n|\n|t:|1700779480\n|move|p1a: Annihilape|Shadow Claw|p2a: Sirfetch\u2019d\n|-damage|p2a: Sirfetch\u2019d|0 fnt\n|faint|p2a: Sirfetch\u2019d\n|\n|-heal|p1a: Annihilape|33\/100|[from] item: Leftovers\n|upkeep\n|\n|t:|1700779482\n|switch|p2a: Dracovish|Dracovish|100\/100\n|turn|9\n|\n|t:|1700779490\n|move|p2a: Dracovish|Fishious Rend|p1a: Annihilape\n|-damage|p1a: Annihilape|0 fnt\n|faint|p1a: Annihilape\n|\n|upkeep\n|\n|t:|1700779498\n|switch|p1a: Gholdengo|Gholdengo, shiny|100\/100\n|turn|10\n|\n|t:|1700779507\n|move|p2a: Dracovish|Fishious Rend|p1a: Gholdengo\n|-damage|p1a: Gholdengo|0 fnt\n|faint|p1a: Gholdengo\n|\n|upkeep\n|\n|t:|1700779522\n|switch|p1a: Gengar|Gengar, M, shiny|100\/100\n|turn|11\n|\n|t:|1700779527\n|move|p2a: Dracovish|Fishious Rend|p1a: Gengar\n|-damage|p1a: Gengar|0 fnt\n|faint|p1a: Gengar\n|\n|upkeep\n|\n|t:|1700779533\n|switch|p1a: Brambleghast|Brambleghast, F, shiny|100\/100\n|turn|12\n|\n|t:|1700779537\n|move|p2a: Dracovish|Fishious Rend|p1a: Brambleghast\n|-resisted|p1a: Brambleghast\n|-damage|p1a: Brambleghast|0 fnt\n|faint|p1a: Brambleghast\n|\n|upkeep\n|\n|t:|1700779543\n|switch|p1a: Skeledirge|Skeledirge, F, shiny|100\/100\n|turn|13\n|\n|t:|1700779547\n|move|p2a: Dracovish|Fishious Rend|p1a: Skeledirge\n|-supereffective|p1a: Skeledirge\n|-damage|p1a: Skeledirge|0 fnt\n|faint|p1a: Skeledirge\n|\n|win|Ash Ketchum344\n|raw|Lord_of_spirts's rating: 1000 &rarr; <strong>1000<\/strong><br \/>(+0 for losing)\n|raw|Ash Ketchum344's rating: 1092 &rarr; <strong>1111<\/strong><br \/>(+19 for winning)\n","uploadtime":1700779555,"views":3,"p1id":"lordofspirts","p2id":"ashketchum344","formatid":"gen9nationaldexubers","rating":1000,"private":0,"password":""}