{"id":"gen9nationaldexubers-1996323051","p1":"thebesteverofwolrd","p2":"SupernovaOnToaster","format":"[Gen 9] National Dex Ubers","log":"|j|\u2606thebesteverofwolrd\n|j|\u2606SupernovaOnToaster\n|t:|1700671096\n|gametype|singles\n|player|p1|thebesteverofwolrd|1|1106\n|player|p2|SupernovaOnToaster|cilan|1095\n|teamsize|p1|6\n|teamsize|p2|3\n|gen|9\n|tier|[Gen 9] National Dex Ubers\n|rated|\n|rule|HP Percentage Mod: HP is shown in percentages\n|rule|Endless Battle Clause: Forcing endless battles is banned\n|rule|OHKO Clause: OHKO moves are banned\n|rule|Evasion Moves Clause: Evasion moves are banned\n|rule|Evasion Items Clause: Evasion items are banned\n|rule|Species Clause: Limit one of each Pok\u00e9mon\n|rule|Sleep Clause Mod: Limit one foe put to sleep\n|rule|Mega Rayquaza Clause: You cannot mega evolve Rayquaza\n|clearpoke\n|poke|p1|Cinderace, M|\n|poke|p1|Galvantula, F|\n|poke|p1|Blissey, F|\n|poke|p1|Spectrier|\n|poke|p1|Zygarde|\n|poke|p1|Landorus-Therian, M|\n|poke|p2|Arceus-Psychic|\n|poke|p2|Murkrow, M|\n|poke|p2|Blissey, F|\n|teampreview\n|inactive|Battle timer is ON: inactive players will automatically lose when time's up. (requested by SupernovaOnToaster)\n|c|\u2606SupernovaOnToaster|glhf\n|\n|t:|1700671122\n|start\n|switch|p1a: Galvantula|Galvantula, F|100\/100\n|switch|p2a: Murkrow|Murkrow, M|100\/100\n|turn|1\n|\n|t:|1700671128\n|move|p2a: Murkrow|Taunt|p1a: Galvantula\n|-start|p1a: Galvantula|move: Taunt\n|move|p1a: Galvantula|Thunder|p2a: Murkrow\n|-supereffective|p2a: Murkrow\n|-damage|p2a: Murkrow|0 fnt\n|faint|p2a: Murkrow\n|\n|upkeep\n|\n|t:|1700671135\n|switch|p2a: Arceus|Arceus-Psychic|100\/100\n|turn|2\n|\n|t:|1700671141\n|move|p2a: Arceus|Cosmic Power|p2a: Arceus\n|-boost|p2a: Arceus|def|1\n|-boost|p2a: Arceus|spd|1\n|move|p1a: Galvantula|Bug Buzz|p2a: Arceus\n|-supereffective|p2a: Arceus\n|-damage|p2a: Arceus|65\/100\n|\n|upkeep\n|turn|3\n|\n|t:|1700671148\n|-terastallize|p2a: Arceus|Steel\n|move|p2a: Arceus|Cosmic Power|p2a: Arceus\n|-boost|p2a: Arceus|def|1\n|-boost|p2a: Arceus|spd|1\n|move|p1a: Galvantula|Bug Buzz|p2a: Arceus\n|-resisted|p2a: Arceus\n|-damage|p2a: Arceus|59\/100\n|\n|-end|p1a: Galvantula|move: Taunt\n|upkeep\n|turn|4\n|\n|t:|1700671158\n|move|p2a: Arceus|Cosmic Power|p2a: Arceus\n|-boost|p2a: Arceus|def|1\n|-boost|p2a: Arceus|spd|1\n|move|p1a: Galvantula|Thunder Wave|p2a: Arceus\n|-status|p2a: Arceus|par\n|\n|upkeep\n|turn|5\n|\n|t:|1700671165\n|move|p1a: Galvantula|Thunder|p2a: Arceus|[miss]\n|-miss|p1a: Galvantula|p2a: Arceus\n|move|p2a: Arceus|Cosmic Power|p2a: Arceus\n|-boost|p2a: Arceus|def|1\n|-boost|p2a: Arceus|spd|1\n|\n|upkeep\n|turn|6\n|\n|t:|1700671176\n|move|p1a: Galvantula|Thunder|p2a: Arceus\n|-damage|p2a: Arceus|48\/100 par\n|cant|p2a: Arceus|par\n|\n|upkeep\n|turn|7\n|\n|t:|1700671181\n|move|p1a: Galvantula|Thunder|p2a: Arceus|[miss]\n|-miss|p1a: Galvantula|p2a: Arceus\n|move|p2a: Arceus|Recover|p2a: Arceus\n|-heal|p2a: Arceus|98\/100 par\n|\n|upkeep\n|turn|8\n|\n|t:|1700671192\n|move|p1a: Galvantula|Thunder|p2a: Arceus\n|-damage|p2a: Arceus|88\/100 par\n|move|p2a: Arceus|Cosmic Power|p2a: Arceus\n|-boost|p2a: Arceus|def|1\n|-boost|p2a: Arceus|spd|1\n|\n|upkeep\n|turn|9\n|\n|t:|1700671199\n|move|p1a: Galvantula|Thunder|p2a: Arceus\n|-damage|p2a: Arceus|78\/100 par\n|move|p2a: Arceus|Cosmic Power|p2a: Arceus\n|-boost|p2a: Arceus|def|1\n|-boost|p2a: Arceus|spd|1\n|\n|upkeep\n|turn|10\n|\n|t:|1700671207\n|move|p1a: Galvantula|Thunder|p2a: Arceus\n|-damage|p2a: Arceus|70\/100 par\n|move|p2a: Arceus|Stored Power|p1a: Galvantula\n|-enditem|p1a: Galvantula|Focus Sash\n|-damage|p1a: Galvantula|1\/100\n|\n|upkeep\n|turn|11\n|\n|t:|1700671216\n|move|p1a: Galvantula|Thunder|p2a: Arceus\n|-damage|p2a: Arceus|63\/100 par\n|cant|p2a: Arceus|par\n|\n|upkeep\n|turn|12\n|\n|t:|1700671222\n|move|p1a: Galvantula|Thunder|p2a: Arceus\n|-damage|p2a: Arceus|55\/100 par\n|move|p2a: Arceus|Body Press|p1a: Galvantula\n|-resisted|p1a: Galvantula\n|-damage|p1a: Galvantula|0 fnt\n|faint|p1a: Galvantula\n|\n|upkeep\n|\n|t:|1700671233\n|switch|p1a: Cinderace|Cinderace, M|100\/100\n|turn|13\n|\n|t:|1700671237\n|move|p1a: Cinderace|High Jump Kick|p2a: Arceus\n|-start|p1a: Cinderace|typechange|Fighting|[from] ability: Libero\n|-supereffective|p2a: Arceus\n|-damage|p2a: Arceus|32\/100 par\n|move|p2a: Arceus|Recover|p2a: Arceus\n|-heal|p2a: Arceus|82\/100 par\n|\n|upkeep\n|turn|14\n|\n|t:|1700671245\n|move|p1a: Cinderace|High Jump Kick|p2a: Arceus\n|-supereffective|p2a: Arceus\n|-damage|p2a: Arceus|61\/100 par\n|move|p2a: Arceus|Stored Power|p1a: Cinderace\n|-supereffective|p1a: Cinderace\n|-damage|p1a: Cinderace|0 fnt\n|faint|p1a: Cinderace\n|\n|upkeep\n|\n|t:|1700671255\n|switch|p1a: Landorus|Landorus-Therian, M|100\/100\n|-ability|p1a: Landorus|Intimidate|boost\n|-unboost|p2a: Arceus|atk|1\n|turn|15\n|\n|t:|1700671261\n|-terastallize|p1a: Landorus|Ground\n|move|p1a: Landorus|Earthquake|p2a: Arceus\n|-supereffective|p2a: Arceus\n|-damage|p2a: Arceus|36\/100 par\n|move|p2a: Arceus|Stored Power|p1a: Landorus\n|-damage|p1a: Landorus|0 fnt\n|faint|p1a: Landorus\n|\n|upkeep\n|\n|t:|1700671269\n|switch|p1a: Spectrier|Spectrier|100\/100\n|turn|16\n|\n|t:|1700671274\n|move|p1a: Spectrier|Shadow Ball|p2a: Arceus\n|-damage|p2a: Arceus|24\/100 par\n|-unboost|p2a: Arceus|spd|1\n|move|p2a: Arceus|Recover|p2a: Arceus\n|-heal|p2a: Arceus|74\/100 par\n|\n|upkeep\n|turn|17\n|\n|t:|1700671284\n|move|p1a: Spectrier|Shadow Ball|p2a: Arceus\n|-damage|p2a: Arceus|62\/100 par\n|move|p2a: Arceus|Stored Power|p1a: Spectrier\n|-damage|p1a: Spectrier|0 fnt\n|faint|p1a: Spectrier\n|\n|upkeep\n|\n|t:|1700671289\n|switch|p1a: Blissey|Blissey, F|100\/100\n|turn|18\n|c|\u2606SupernovaOnToaster|gg?\n|-message|thebesteverofwolrd forfeited.\n|\n|win|SupernovaOnToaster\n|raw|thebesteverofwolrd's rating: 1106 &rarr; <strong>1080<\/strong><br \/>(-26 for losing)\n|raw|SupernovaOnToaster's rating: 1095 &rarr; <strong>1122<\/strong><br \/>(+27 for winning)\n|l|\u2606thebesteverofwolrd\n","uploadtime":1700671299,"views":12,"p1id":"thebesteverofwolrd","p2id":"supernovaontoaster","formatid":"gen9nationaldexubers","rating":1080,"private":0,"password":""}