{"id":"gen9nationaldexubers-1978399901","p1":"AegiSwaggy","p2":"A_Gamer8414","format":"[Gen 9] National Dex Ubers","log":"|j|\u2606AegiSwaggy\n|j|\u2606A_Gamer8414\n|t:|1698534031\n|gametype|singles\n|player|p1|AegiSwaggy|whitney|\n|player|p2|A_Gamer8414|n|\n|teamsize|p1|6\n|teamsize|p2|6\n|gen|9\n|tier|[Gen 9] National Dex Ubers\n|rule|HP Percentage Mod: HP is shown in percentages\n|rule|Endless Battle Clause: Forcing endless battles is banned\n|rule|OHKO Clause: OHKO moves are banned\n|rule|Evasion Moves Clause: Evasion moves are banned\n|rule|Evasion Items Clause: Evasion items are banned\n|rule|Species Clause: Limit one of each Pok\u00e9mon\n|rule|Sleep Clause Mod: Limit one foe put to sleep\n|rule|Mega Rayquaza Clause: You cannot mega evolve Rayquaza\n|clearpoke\n|poke|p1|Garganacl, M|\n|poke|p1|Aegislash, F|\n|poke|p1|Skeledirge, M|\n|poke|p1|Greninja-*, M|\n|poke|p1|Venusaur, M|\n|poke|p1|Great Tusk|\n|poke|p2|Dondozo, M|\n|poke|p2|Toxapex, M|\n|poke|p2|Samurott-Hisui, F|\n|poke|p2|Alomomola, M|\n|poke|p2|Rotom-Wash|\n|poke|p2|Keldeo-Resolute|\n|teampreview\n|c|\u2606AegiSwaggy|glhf\n|c|\u2606AegiSwaggy|tera is fairy garg\n|\n|t:|1698534081\n|start\n|switch|p1a: The Curdled|Garganacl, M|100\/100\n|switch|p2a: Samurott|Samurott-Hisui, F|100\/100\n|turn|1\n|\n|t:|1698534091\n|-terastallize|p1a: The Curdled|Fairy\n|move|p2a: Samurott|Knock Off|p1a: The Curdled\n|-resisted|p1a: The Curdled\n|-damage|p1a: The Curdled|85\/100\n|-enditem|p1a: The Curdled|Leftovers|[from] move: Knock Off|[of] p2a: Samurott\n|move|p1a: The Curdled|Salt Cure|p2a: Samurott\n|-damage|p2a: Samurott|82\/100\n|-start|p2a: Samurott|Salt Cure\n|\n|-damage|p2a: Samurott|58\/100|[from] Salt Cure\n|upkeep\n|turn|2\n|j| El Zappo\n|\n|t:|1698534107\n|switch|p2a: Toxapex|Toxapex, M|100\/100\n|move|p1a: The Curdled|Protect||[still]\n|-fail|p1a: The Curdled\n|\n|upkeep\n|turn|3\n|\n|t:|1698534113\n|move|p1a: The Curdled|Salt Cure|p2a: Toxapex\n|-damage|p2a: Toxapex|92\/100\n|-start|p2a: Toxapex|Salt Cure\n|move|p2a: Toxapex|Toxic Spikes|p1a: The Curdled\n|-sidestart|p1: AegiSwaggy|move: Toxic Spikes\n|\n|-heal|p2a: Toxapex|98\/100|[from] item: Black Sludge\n|-damage|p2a: Toxapex|73\/100|[from] Salt Cure\n|upkeep\n|turn|4\n|\n|t:|1698534120\n|switch|p1a: The Dauntless|Venusaur, M|100\/100\n|-sideend|p1: AegiSwaggy|move: Toxic Spikes|[of] p1a: The Dauntless\n|switch|p2a: Alomomola|Alomomola, M|100\/100\n|\n|upkeep\n|turn|5\n|\n|t:|1698534129\n|detailschange|p1a: The Dauntless|Venusaur-Mega, M\n|-mega|p1a: The Dauntless|Venusaur|Venusaurite\n|move|p2a: Alomomola|Protect|p2a: Alomomola\n|-singleturn|p2a: Alomomola|Protect\n|move|p1a: The Dauntless|Leech Seed|p2a: Alomomola\n|-activate|p2a: Alomomola|move: Protect\n|\n|upkeep\n|turn|6\n|\n|t:|1698534149\n|move|p1a: The Dauntless|Giga Drain|p2a: Alomomola\n|-supereffective|p2a: Alomomola\n|-damage|p2a: Alomomola|29\/100\n|move|p2a: Alomomola|Flip Turn|p1a: The Dauntless\n|-resisted|p1a: The Dauntless\n|-damage|p1a: The Dauntless|96\/100\n|\n|t:|1698534175\n|switch|p2a: Keldeo|Keldeo-Resolute|100\/100|[from] Flip Turn\n|\n|upkeep\n|turn|7\n|\n|t:|1698534180\n|move|p2a: Keldeo|Air Slash|p1a: The Dauntless\n|-supereffective|p1a: The Dauntless\n|-damage|p1a: The Dauntless|37\/100\n|move|p1a: The Dauntless|Giga Drain|p2a: Keldeo\n|-supereffective|p2a: Keldeo\n|-damage|p2a: Keldeo|30\/100\n|-heal|p1a: The Dauntless|68\/100|[from] drain|[of] p2a: Keldeo\n|\n|upkeep\n|turn|8\n|\n|t:|1698534188\n|switch|p1a: The Curdled|Garganacl, M, tera:Fairy|85\/100\n|move|p2a: Keldeo|Air Slash|p1a: The Curdled\n|-damage|p1a: The Curdled|61\/100\n|\n|upkeep\n|turn|9\n|\n|t:|1698534199\n|switch|p2a: Rotom|Rotom-Wash|100\/100\n|move|p1a: The Curdled|Recover|p1a: The Curdled\n|-heal|p1a: The Curdled|100\/100\n|\n|upkeep\n|turn|10\n|\n|t:|1698534206\n|move|p2a: Rotom|Volt Switch|p1a: The Curdled\n|-damage|p1a: The Curdled|85\/100\n|\n|t:|1698534209\n|switch|p2a: Alomomola|Alomomola, M|62\/100|[from] Volt Switch\n|move|p1a: The Curdled|Salt Cure|p2a: Alomomola\n|-damage|p2a: Alomomola|54\/100\n|-start|p2a: Alomomola|Salt Cure\n|\n|-heal|p2a: Alomomola|60\/100|[from] item: Leftovers\n|-damage|p2a: Alomomola|35\/100|[from] Salt Cure\n|upkeep\n|turn|11\n|\n|t:|1698534216\n|switch|p2a: Samurott|Samurott-Hisui, F|58\/100\n|move|p1a: The Curdled|Protect||[still]\n|-fail|p1a: The Curdled\n|\n|upkeep\n|turn|12\n|\n|t:|1698534223\n|move|p2a: Samurott|Ceaseless Edge|p1a: The Curdled\n|-resisted|p1a: The Curdled\n|-damage|p1a: The Curdled|69\/100\n|-sidestart|p1: AegiSwaggy|Spikes\n|move|p1a: The Curdled|Body Press|p2a: Samurott\n|-supereffective|p2a: Samurott\n|-damage|p2a: Samurott|0 fnt\n|faint|p2a: Samurott\n|\n|upkeep\n|\n|t:|1698534238\n|switch|p2a: Keldeo|Keldeo-Resolute|30\/100\n|turn|13\n|\n|t:|1698534244\n|move|p1a: The Curdled|Protect|p1a: The Curdled\n|-singleturn|p1a: The Curdled|Protect\n|move|p2a: Keldeo|Scald|p1a: The Curdled\n|-activate|p1a: The Curdled|move: Protect\n|\n|upkeep\n|turn|14\n|\n|t:|1698534255\n|move|p2a: Keldeo|Scald|p1a: The Curdled\n|-damage|p1a: The Curdled|28\/100\n|move|p1a: The Curdled|Recover|p1a: The Curdled\n|-heal|p1a: The Curdled|78\/100\n|\n|upkeep\n|turn|15\n|c|\u2606A_Gamer8414|i ahte showdex\n|c|\u2606A_Gamer8414|why does it not auto update tera types\n|c|\u2606AegiSwaggy|oh did it give you the wrong tera type or something\n|c|\u2606AegiSwaggy|F\n|c|\u2606A_Gamer8414|no it just said ur garg was still rock\n|c|\u2606AegiSwaggy|oh\n|c|\u2606AegiSwaggy|weird\n|c|\u2606A_Gamer8414|despite being fairy the whole game\n|c|\u2606A_Gamer8414|its still useful, i just need to pay attention\n|\n|t:|1698534364\n|switch|p2a: Alomomola|Alomomola, M|69\/100\n|move|p1a: The Curdled|Salt Cure|p2a: Alomomola\n|-damage|p2a: Alomomola|61\/100\n|-start|p2a: Alomomola|Salt Cure\n|\n|-heal|p2a: Alomomola|68\/100|[from] item: Leftovers\n|-damage|p2a: Alomomola|43\/100|[from] Salt Cure\n|upkeep\n|turn|16\n|\n|t:|1698534377\n|switch|p2a: Toxapex|Toxapex, M|100\/100\n|move|p1a: The Curdled|Salt Cure|p2a: Toxapex\n|-damage|p2a: Toxapex|92\/100\n|-start|p2a: Toxapex|Salt Cure\n|\n|-heal|p2a: Toxapex|99\/100|[from] item: Black Sludge\n|-damage|p2a: Toxapex|74\/100|[from] Salt Cure\n|upkeep\n|turn|17\n|\n|t:|1698534389\n|switch|p1a: The Dauntless|Venusaur-Mega, M|68\/100\n|-damage|p1a: The Dauntless|56\/100|[from] Spikes\n|switch|p2a: Alomomola|Alomomola, M|76\/100\n|\n|-heal|p2a: Alomomola|82\/100|[from] item: Leftovers\n|upkeep\n|turn|18\n|\n|t:|1698534429\n|move|p2a: Alomomola|Protect|p2a: Alomomola\n|-singleturn|p2a: Alomomola|Protect\n|move|p1a: The Dauntless|Synthesis|p1a: The Dauntless\n|-heal|p1a: The Dauntless|100\/100\n|\n|-heal|p2a: Alomomola|88\/100|[from] item: Leftovers\n|upkeep\n|turn|19\n|\n|t:|1698534463\n|move|p1a: The Dauntless|Giga Drain|p2a: Alomomola\n|-supereffective|p2a: Alomomola\n|-damage|p2a: Alomomola|6\/100\n|move|p2a: Alomomola|Flip Turn|p1a: The Dauntless\n|-resisted|p1a: The Dauntless\n|-damage|p1a: The Dauntless|95\/100\n|\n|t:|1698534473\n|switch|p2a: Rotom|Rotom-Wash|100\/100|[from] Flip Turn\n|\n|upkeep\n|turn|20\n|\n|t:|1698534491\n|move|p2a: Rotom|Pain Split|p1a: The Dauntless\n|-sethp|p1a: The Dauntless|90\/100|[from] move: Pain Split|[silent]\n|-sethp|p2a: Rotom|100\/100|[from] move: Pain Split\n|move|p1a: The Dauntless|Leech Seed|p2a: Rotom\n|-start|p2a: Rotom|move: Leech Seed\n|\n|-damage|p2a: Rotom|88\/100|[from] Leech Seed|[of] p1a: The Dauntless\n|-heal|p1a: The Dauntless|99\/100|[silent]\n|upkeep\n|turn|21\n|\n|t:|1698534510\n|move|p2a: Rotom|Volt Switch|p1a: The Dauntless\n|-resisted|p1a: The Dauntless\n|-damage|p1a: The Dauntless|91\/100\n|\n|t:|1698534514\n|switch|p2a: Toxapex|Toxapex, M|100\/100|[from] Volt Switch\n|move|p1a: The Dauntless|Leech Seed|p2a: Toxapex|[miss]\n|-miss|p1a: The Dauntless|p2a: Toxapex\n|\n|upkeep\n|turn|22\n|\n|t:|1698534523\n|-terastallize|p2a: Toxapex|Poison\n|move|p1a: The Dauntless|Giga Drain|p2a: Toxapex\n|-resisted|p2a: Toxapex\n|-damage|p2a: Toxapex|86\/100\n|-heal|p1a: The Dauntless|97\/100|[from] drain|[of] p2a: Toxapex\n|move|p2a: Toxapex|Toxic Spikes|p1a: The Dauntless\n|-sidestart|p1: AegiSwaggy|move: Toxic Spikes\n|\n|-heal|p2a: Toxapex|92\/100|[from] item: Black Sludge\n|upkeep\n|turn|23\n|\n|t:|1698534535\n|switch|p1a: The Curdled|Garganacl, M, tera:Fairy|78\/100\n|-damage|p1a: The Curdled|66\/100|[from] Spikes\n|move|p2a: Toxapex|Scald|p1a: The Curdled\n|-damage|p1a: The Curdled|55\/100\n|\n|-heal|p2a: Toxapex|99\/100|[from] item: Black Sludge\n|upkeep\n|turn|24\n|\n|t:|1698534551\n|move|p1a: The Curdled|Recover|p1a: The Curdled\n|-heal|p1a: The Curdled|100\/100\n|move|p2a: Toxapex|Scald|p1a: The Curdled\n|-damage|p1a: The Curdled|89\/100\n|\n|-heal|p2a: Toxapex|100\/100|[from] item: Black Sludge\n|upkeep\n|turn|25\n|\n|t:|1698534556\n|move|p1a: The Curdled|Salt Cure|p2a: Toxapex\n|-damage|p2a: Toxapex|93\/100\n|-start|p2a: Toxapex|Salt Cure\n|move|p2a: Toxapex|Toxic Spikes|p1a: The Curdled\n|-sidestart|p1: AegiSwaggy|move: Toxic Spikes\n|\n|-heal|p2a: Toxapex|99\/100|[from] item: Black Sludge\n|-damage|p2a: Toxapex|86\/100|[from] Salt Cure\n|upkeep\n|turn|26\n|\n|t:|1698534569\n|switch|p1a: The Dauntless|Venusaur-Mega, M|97\/100\n|-damage|p1a: The Dauntless|85\/100|[from] Spikes\n|-sideend|p1: AegiSwaggy|move: Toxic Spikes|[of] p1a: The Dauntless\n|move|p2a: Toxapex|Scald|p1a: The Dauntless\n|-resisted|p1a: The Dauntless\n|-damage|p1a: The Dauntless|79\/100\n|-status|p1a: The Dauntless|brn\n|\n|-heal|p2a: Toxapex|93\/100|[from] item: Black Sludge\n|-damage|p1a: The Dauntless|73\/100 brn|[from] brn\n|-damage|p2a: Toxapex|80\/100|[from] Salt Cure\n|upkeep\n|turn|27\n|\n|t:|1698534598\n|move|p1a: The Dauntless|Giga Drain|p2a: Toxapex\n|-resisted|p2a: Toxapex\n|-damage|p2a: Toxapex|66\/100\n|-heal|p1a: The Dauntless|79\/100 brn|[from] drain|[of] p2a: Toxapex\n|move|p2a: Toxapex|Scald|p1a: The Dauntless\n|-resisted|p1a: The Dauntless\n|-damage|p1a: The Dauntless|74\/100 brn\n|\n|-heal|p2a: Toxapex|72\/100|[from] item: Black Sludge\n|-damage|p1a: The Dauntless|68\/100 brn|[from] brn\n|-damage|p2a: Toxapex|59\/100|[from] Salt Cure\n|upkeep\n|turn|28\n|\n|t:|1698534622\n|switch|p2a: Rotom|Rotom-Wash|88\/100\n|move|p1a: The Dauntless|Leech Seed|p2a: Rotom\n|-start|p2a: Rotom|move: Leech Seed\n|\n|-heal|p2a: Rotom|94\/100|[from] item: Leftovers\n|-damage|p2a: Rotom|82\/100|[from] Leech Seed|[of] p1a: The Dauntless\n|-heal|p1a: The Dauntless|78\/100 brn|[silent]\n|-damage|p1a: The Dauntless|72\/100 brn|[from] brn\n|upkeep\n|turn|29\n|\n|t:|1698534634\n|move|p2a: Rotom|Volt Switch|p1a: The Dauntless\n|-resisted|p1a: The Dauntless\n|-damage|p1a: The Dauntless|63\/100 brn\n|\n|t:|1698534650\n|switch|p2a: Alomomola|Alomomola, M|40\/100|[from] Volt Switch\n|move|p1a: The Dauntless|Giga Drain|p2a: Alomomola\n|-supereffective|p2a: Alomomola\n|-damage|p2a: Alomomola|0 fnt\n|-heal|p1a: The Dauntless|91\/100 brn|[from] drain|[of] p2a: Alomomola\n|faint|p2a: Alomomola\n|\n|-damage|p1a: The Dauntless|85\/100 brn|[from] brn\n|upkeep\n|\n|t:|1698534655\n|switch|p2a: Dondozo|Dondozo, M|100\/100\n|turn|30\n|\n|t:|1698534660\n|move|p1a: The Dauntless|Leech Seed|p2a: Dondozo\n|-start|p2a: Dondozo|move: Leech Seed\n|move|p2a: Dondozo|Curse|p2a: Dondozo\n|-unboost|p2a: Dondozo|spe|1\n|-boost|p2a: Dondozo|atk|1\n|-boost|p2a: Dondozo|def|1\n|\n|-damage|p2a: Dondozo|88\/100|[from] Leech Seed|[of] p1a: The Dauntless\n|-heal|p1a: The Dauntless|100\/100 brn|[silent]\n|-damage|p1a: The Dauntless|94\/100 brn|[from] brn\n|upkeep\n|turn|31\n|\n|t:|1698534671\n|move|p1a: The Dauntless|Giga Drain|p2a: Dondozo\n|-supereffective|p2a: Dondozo\n|-damage|p2a: Dondozo|48\/100\n|-heal|p1a: The Dauntless|100\/100 brn|[from] drain|[of] p2a: Dondozo\n|move|p2a: Dondozo|Avalanche|p1a: The Dauntless\n|-supereffective|p1a: The Dauntless\n|-damage|p1a: The Dauntless|72\/100 brn\n|\n|-heal|p2a: Dondozo|54\/100|[from] item: Leftovers\n|-damage|p2a: Dondozo|41\/100|[from] Leech Seed|[of] p1a: The Dauntless\n|-heal|p1a: The Dauntless|90\/100 brn|[silent]\n|-damage|p1a: The Dauntless|84\/100 brn|[from] brn\n|upkeep\n|turn|32\n|c|\u2606A_Gamer8414|forgot thick fat\n|c|\u2606AegiSwaggy|damn\n|\n|t:|1698534707\n|move|p1a: The Dauntless|Giga Drain|p2a: Dondozo\n|-supereffective|p2a: Dondozo\n|-crit|p2a: Dondozo\n|-damage|p2a: Dondozo|0 fnt\n|-heal|p1a: The Dauntless|100\/100 brn|[from] drain|[of] p2a: Dondozo\n|faint|p2a: Dondozo\n|\n|-damage|p1a: The Dauntless|94\/100 brn|[from] brn\n|upkeep\n|c|\u2606A_Gamer8414|oh well\n|\n|t:|1698534714\n|switch|p2a: Rotom|Rotom-Wash|82\/100\n|turn|33\n|\n|t:|1698534720\n|move|p2a: Rotom|Volt Switch|p1a: The Dauntless\n|-resisted|p1a: The Dauntless\n|-damage|p1a: The Dauntless|85\/100 brn\n|\n|t:|1698534722\n|switch|p2a: Toxapex|Toxapex, M, tera:Poison|93\/100|[from] Volt Switch\n|move|p1a: The Dauntless|Leech Seed|p2a: Toxapex\n|-start|p2a: Toxapex|move: Leech Seed\n|\n|-heal|p2a: Toxapex|99\/100|[from] item: Black Sludge\n|-damage|p2a: Toxapex|86\/100|[from] Leech Seed|[of] p1a: The Dauntless\n|-heal|p1a: The Dauntless|95\/100 brn|[silent]\n|-damage|p1a: The Dauntless|89\/100 brn|[from] brn\n|upkeep\n|turn|34\n|\n|t:|1698534752\n|switch|p1a: The Benighted|Skeledirge, M|100\/100\n|-item|p1a: The Benighted|Air Balloon\n|move|p2a: Toxapex|Toxic Spikes|p1a: The Benighted\n|-sidestart|p1: AegiSwaggy|move: Toxic Spikes\n|\n|-heal|p2a: Toxapex|93\/100|[from] item: Black Sludge\n|-damage|p2a: Toxapex|80\/100|[from] Leech Seed|[of] p1a: The Benighted\n|upkeep\n|turn|35\n|\n|t:|1698534771\n|move|p1a: The Benighted|Will-O-Wisp|p2a: Toxapex\n|-status|p2a: Toxapex|brn\n|move|p2a: Toxapex|Scald|p1a: The Benighted\n|-supereffective|p1a: The Benighted\n|-damage|p1a: The Benighted|78\/100\n|-enditem|p1a: The Benighted|Air Balloon\n|\n|-heal|p2a: Toxapex|86\/100 brn|[from] item: Black Sludge\n|-damage|p2a: Toxapex|74\/100 brn|[from] Leech Seed|[of] p1a: The Benighted\n|-heal|p1a: The Benighted|87\/100|[silent]\n|-damage|p2a: Toxapex|68\/100 brn|[from] brn\n|upkeep\n|turn|36\n|\n|t:|1698534779\n|switch|p2a: Rotom|Rotom-Wash|82\/100\n|move|p1a: The Benighted|Hex|p2a: Rotom\n|-damage|p2a: Rotom|63\/100\n|\n|-heal|p2a: Rotom|69\/100|[from] item: Leftovers\n|upkeep\n|turn|37\n|\n|t:|1698534792\n|move|p2a: Rotom|Toxic|p1a: The Benighted\n|-status|p1a: The Benighted|tox\n|move|p1a: The Benighted|Will-O-Wisp|p2a: Rotom\n|-status|p2a: Rotom|brn\n|\n|-heal|p2a: Rotom|75\/100 brn|[from] item: Leftovers\n|-damage|p1a: The Benighted|81\/100 tox|[from] psn\n|-damage|p2a: Rotom|69\/100 brn|[from] brn\n|upkeep\n|turn|38\n|\n|t:|1698534805\n|switch|p1a: The Dauntless|Venusaur-Mega, M|89\/100 brn\n|-damage|p1a: The Dauntless|77\/100 brn|[from] Spikes\n|-sideend|p1: AegiSwaggy|move: Toxic Spikes|[of] p1a: The Dauntless\n|move|p2a: Rotom|Hydro Pump|p1a: The Dauntless\n|-resisted|p1a: The Dauntless\n|-damage|p1a: The Dauntless|63\/100 brn\n|\n|-heal|p2a: Rotom|75\/100 brn|[from] item: Leftovers\n|-damage|p2a: Rotom|69\/100 brn|[from] brn\n|-damage|p1a: The Dauntless|57\/100 brn|[from] brn\n|upkeep\n|turn|39\n|\n|t:|1698534817\n|move|p2a: Rotom|Volt Switch|p1a: The Dauntless\n|-resisted|p1a: The Dauntless\n|-damage|p1a: The Dauntless|48\/100 brn\n|\n|t:|1698534820\n|switch|p2a: Toxapex|Toxapex, M, tera:Poison|100\/100 brn|[from] Volt Switch\n|move|p1a: The Dauntless|Synthesis|p1a: The Dauntless\n|-heal|p1a: The Dauntless|98\/100 brn\n|\n|-damage|p1a: The Dauntless|92\/100 brn|[from] brn\n|-damage|p2a: Toxapex|94\/100 brn|[from] brn\n|upkeep\n|turn|40\n|\n|t:|1698534829\n|move|p1a: The Dauntless|Leech Seed|p2a: Toxapex\n|-start|p2a: Toxapex|move: Leech Seed\n|move|p2a: Toxapex|Scald|p1a: The Dauntless\n|-resisted|p1a: The Dauntless\n|-damage|p1a: The Dauntless|86\/100 brn\n|\n|-heal|p2a: Toxapex|100\/100 brn|[from] item: Black Sludge\n|-damage|p2a: Toxapex|88\/100 brn|[from] Leech Seed|[of] p1a: The Dauntless\n|-heal|p1a: The Dauntless|97\/100 brn|[silent]\n|-damage|p1a: The Dauntless|91\/100 brn|[from] brn\n|-damage|p2a: Toxapex|82\/100 brn|[from] brn\n|upkeep\n|turn|41\n|\n|t:|1698534840\n|switch|p1a: The Benighted|Skeledirge, M|81\/100 tox\n|-damage|p1a: The Benighted|69\/100 tox|[from] Spikes\n|move|p2a: Toxapex|Haze|p2a: Toxapex\n|-clearallboost\n|\n|-heal|p2a: Toxapex|88\/100 brn|[from] item: Black Sludge\n|-damage|p2a: Toxapex|75\/100 brn|[from] Leech Seed|[of] p1a: The Benighted\n|-heal|p1a: The Benighted|78\/100 tox|[silent]\n|-damage|p1a: The Benighted|72\/100 tox|[from] psn\n|-damage|p2a: Toxapex|69\/100 brn|[from] brn\n|upkeep\n|turn|42\n|\n|t:|1698534852\n|switch|p2a: Rotom|Rotom-Wash|69\/100 brn\n|move|p1a: The Benighted|Hex|p2a: Rotom\n|-damage|p2a: Rotom|32\/100 brn\n|\n|-heal|p2a: Rotom|38\/100 brn|[from] item: Leftovers\n|-damage|p1a: The Benighted|60\/100 tox|[from] psn\n|-damage|p2a: Rotom|32\/100 brn|[from] brn\n|upkeep\n|turn|43\n|\n|t:|1698534868\n|move|p2a: Rotom|Pain Split|p1a: The Benighted\n|-sethp|p1a: The Benighted|42\/100 tox|[from] move: Pain Split|[silent]\n|-sethp|p2a: Rotom|56\/100 brn|[from] move: Pain Split\n|move|p1a: The Benighted|Hex|p2a: Rotom\n|-damage|p2a: Rotom|20\/100 brn\n|\n|-heal|p2a: Rotom|26\/100 brn|[from] item: Leftovers\n|-damage|p1a: The Benighted|24\/100 tox|[from] psn\n|-damage|p2a: Rotom|20\/100 brn|[from] brn\n|upkeep\n|turn|44\n|\n|t:|1698534881\n|move|p2a: Rotom|Volt Switch|p1a: The Benighted\n|-damage|p1a: The Benighted|5\/100 tox\n|\n|t:|1698534884\n|switch|p2a: Toxapex|Toxapex, M, tera:Poison|100\/100 brn|[from] Volt Switch\n|move|p1a: The Benighted|Hex|p2a: Toxapex\n|-damage|p2a: Toxapex|57\/100 brn\n|\n|-heal|p2a: Toxapex|63\/100 brn|[from] item: Black Sludge\n|-damage|p1a: The Benighted|0 fnt|[from] psn\n|faint|p1a: The Benighted\n|-damage|p2a: Toxapex|57\/100 brn|[from] brn\n|upkeep\n|\n|t:|1698534903\n|switch|p1a: The Savage|Great Tusk|100\/100\n|-damage|p1a: The Savage|88\/100|[from] Spikes\n|turn|45\n|\n|t:|1698534945\n|switch|p2a: Rotom|Rotom-Wash|20\/100 brn\n|move|p1a: The Savage|Knock Off|p2a: Rotom\n|-damage|p2a: Rotom|0 fnt\n|-enditem|p2a: Rotom|Leftovers|[from] move: Knock Off|[of] p1a: The Savage\n|faint|p2a: Rotom\n|\n|-heal|p1a: The Savage|94\/100|[from] item: Leftovers\n|upkeep\n|\n|t:|1698534953\n|switch|p2a: Keldeo|Keldeo-Resolute|30\/100\n|turn|46\n|\n|t:|1698534966\n|-end|p1a: The Savage|Protosynthesis|[silent]\n|switch|p1a: The Deceiver|Aegislash, F|100\/100\n|-damage|p1a: The Deceiver|88\/100|[from] Spikes\n|move|p2a: Keldeo|Air Slash|p1a: The Deceiver\n|-resisted|p1a: The Deceiver\n|-damage|p1a: The Deceiver|75\/100\n|\n|upkeep\n|turn|47\n|\n|t:|1698534980\n|switch|p2a: Toxapex|Toxapex, M, tera:Poison|90\/100 brn\n|-formechange|p1a: The Deceiver|Aegislash-Blade||[from] ability: Stance Change\n|move|p1a: The Deceiver|Iron Head|p2a: Toxapex\n|-crit|p2a: Toxapex\n|-damage|p2a: Toxapex|40\/100 brn\n|-damage|p1a: The Deceiver|65\/100|[from] item: Life Orb\n|\n|-heal|p2a: Toxapex|46\/100 brn|[from] item: Black Sludge\n|-damage|p2a: Toxapex|40\/100 brn|[from] brn\n|upkeep\n|turn|48\n|\n|t:|1698534994\n|move|p1a: The Deceiver|Iron Head|p2a: Toxapex\n|-damage|p2a: Toxapex|7\/100 brn\n|-damage|p1a: The Deceiver|55\/100|[from] item: Life Orb\n|move|p2a: Toxapex|Recover|p2a: Toxapex\n|-heal|p2a: Toxapex|57\/100 brn\n|\n|-heal|p2a: Toxapex|63\/100 brn|[from] item: Black Sludge\n|-damage|p2a: Toxapex|57\/100 brn|[from] brn\n|upkeep\n|turn|49\n|\n|t:|1698535010\n|switch|p1a: The Capricious|Greninja, M|100\/100\n|-damage|p1a: The Capricious|88\/100|[from] Spikes\n|move|p2a: Toxapex|Recover|p2a: Toxapex\n|-heal|p2a: Toxapex|100\/100 brn\n|\n|-damage|p2a: Toxapex|94\/100 brn|[from] brn\n|upkeep\n|turn|50\n|\n|t:|1698535022\n|move|p1a: The Capricious|Spikes|p2a: Toxapex\n|-start|p1a: The Capricious|typechange|Ground|[from] ability: Protean\n|-sidestart|p2: A_Gamer8414|Spikes\n|move|p2a: Toxapex|Scald|p1a: The Capricious\n|-supereffective|p1a: The Capricious\n|-damage|p1a: The Capricious|38\/100\n|\n|-heal|p2a: Toxapex|100\/100 brn|[from] item: Black Sludge\n|-damage|p2a: Toxapex|94\/100 brn|[from] brn\n|upkeep\n|turn|51\n|\n|t:|1698535054\n|move|p1a: The Capricious|U-turn|p2a: Toxapex\n|-resisted|p2a: Toxapex\n|-damage|p2a: Toxapex|91\/100 brn\n|\n|t:|1698535058\n|switch|p1a: The Dauntless|Venusaur-Mega, M|91\/100 brn|[from] U-turn\n|-damage|p1a: The Dauntless|78\/100 brn|[from] Spikes\n|move|p2a: Toxapex|Scald|p1a: The Dauntless\n|-resisted|p1a: The Dauntless\n|-damage|p1a: The Dauntless|72\/100 brn\n|\n|-heal|p2a: Toxapex|97\/100 brn|[from] item: Black Sludge\n|-damage|p1a: The Dauntless|66\/100 brn|[from] brn\n|-damage|p2a: Toxapex|91\/100 brn|[from] brn\n|upkeep\n|turn|52\n|\n|t:|1698535074\n|move|p1a: The Dauntless|Leech Seed|p2a: Toxapex\n|-start|p2a: Toxapex|move: Leech Seed\n|move|p2a: Toxapex|Scald|p1a: The Dauntless\n|-resisted|p1a: The Dauntless\n|-damage|p1a: The Dauntless|60\/100 brn\n|\n|-heal|p2a: Toxapex|97\/100 brn|[from] item: Black Sludge\n|-damage|p2a: Toxapex|84\/100 brn|[from] Leech Seed|[of] p1a: The Dauntless\n|-heal|p1a: The Dauntless|71\/100 brn|[silent]\n|-damage|p1a: The Dauntless|65\/100 brn|[from] brn\n|-damage|p2a: Toxapex|78\/100 brn|[from] brn\n|upkeep\n|turn|53\n|\n|t:|1698535085\n|move|p1a: The Dauntless|Synthesis|p1a: The Dauntless\n|-heal|p1a: The Dauntless|100\/100 brn\n|move|p2a: Toxapex|Scald|p1a: The Dauntless\n|-resisted|p1a: The Dauntless\n|-damage|p1a: The Dauntless|94\/100 brn\n|\n|-heal|p2a: Toxapex|84\/100 brn|[from] item: Black Sludge\n|-damage|p2a: Toxapex|72\/100 brn|[from] Leech Seed|[of] p1a: The Dauntless\n|-heal|p1a: The Dauntless|100\/100 brn|[silent]\n|-damage|p1a: The Dauntless|94\/100 brn|[from] brn\n|-damage|p2a: Toxapex|66\/100 brn|[from] brn\n|upkeep\n|turn|54\n|\n|t:|1698535095\n|move|p1a: The Dauntless|Sludge Bomb|p2a: Toxapex\n|-resisted|p2a: Toxapex\n|-damage|p2a: Toxapex|50\/100 brn\n|move|p2a: Toxapex|Scald|p1a: The Dauntless\n|-resisted|p1a: The Dauntless\n|-damage|p1a: The Dauntless|89\/100 brn\n|\n|-heal|p2a: Toxapex|57\/100 brn|[from] item: Black Sludge\n|-damage|p2a: Toxapex|44\/100 brn|[from] Leech Seed|[of] p1a: The Dauntless\n|-heal|p1a: The Dauntless|99\/100 brn|[silent]\n|-damage|p1a: The Dauntless|93\/100 brn|[from] brn\n|-damage|p2a: Toxapex|38\/100 brn|[from] brn\n|upkeep\n|turn|55\n|\n|t:|1698535106\n|switch|p1a: The Savage|Great Tusk|94\/100\n|-damage|p1a: The Savage|82\/100|[from] Spikes\n|move|p2a: Toxapex|Recover|p2a: Toxapex\n|-heal|p2a: Toxapex|88\/100 brn\n|\n|-heal|p1a: The Savage|88\/100|[from] item: Leftovers\n|-heal|p2a: Toxapex|94\/100 brn|[from] item: Black Sludge\n|-damage|p2a: Toxapex|82\/100 brn|[from] Leech Seed|[of] p1a: The Savage\n|-heal|p1a: The Savage|97\/100|[silent]\n|-damage|p2a: Toxapex|75\/100 brn|[from] brn\n|upkeep\n|turn|56\n|\n|t:|1698535124\n|move|p1a: The Savage|Earthquake|p2a: Toxapex\n|-supereffective|p2a: Toxapex\n|-damage|p2a: Toxapex|27\/100 brn\n|move|p2a: Toxapex|Scald|p1a: The Savage\n|-supereffective|p1a: The Savage\n|-damage|p1a: The Savage|51\/100\n|\n|-heal|p1a: The Savage|57\/100|[from] item: Leftovers\n|-heal|p2a: Toxapex|34\/100 brn|[from] item: Black Sludge\n|-damage|p2a: Toxapex|21\/100 brn|[from] Leech Seed|[of] p1a: The Savage\n|-heal|p1a: The Savage|66\/100|[silent]\n|-damage|p2a: Toxapex|15\/100 brn|[from] brn\n|upkeep\n|turn|57\n|\n|t:|1698535132\n|move|p1a: The Savage|Earthquake|p2a: Toxapex\n|-supereffective|p2a: Toxapex\n|-damage|p2a: Toxapex|0 fnt\n|faint|p2a: Toxapex\n|\n|-heal|p1a: The Savage|72\/100|[from] item: Leftovers\n|upkeep\n|\n|t:|1698535137\n|switch|p2a: Keldeo|Keldeo-Resolute|30\/100\n|-damage|p2a: Keldeo|18\/100|[from] Spikes\n|turn|58\n|\n|t:|1698535140\n|move|p2a: Keldeo|Air Slash|p1a: The Savage\n|-supereffective|p1a: The Savage\n|-damage|p1a: The Savage|0 fnt\n|faint|p1a: The Savage\n|-end|p1a: The Savage|Protosynthesis|[silent]\n|\n|upkeep\n|\n|t:|1698535143\n|switch|p1a: The Deceiver|Aegislash, F|55\/100\n|-damage|p1a: The Deceiver|43\/100|[from] Spikes\n|turn|59\n|\n|t:|1698535148\n|-formechange|p1a: The Deceiver|Aegislash-Blade||[from] ability: Stance Change\n|move|p1a: The Deceiver|Shadow Sneak|p2a: Keldeo\n|-crit|p2a: Keldeo\n|-damage|p2a: Keldeo|0 fnt\n|faint|p2a: Keldeo\n|-damage|p1a: The Deceiver|33\/100|[from] item: Life Orb\n|\n|win|AegiSwaggy\n|c|\u2606AegiSwaggy|gg\n","uploadtime":1698535153,"views":12,"p1id":"aegiswaggy","p2id":"agamer8414","formatid":"gen9nationaldexubers","rating":0,"private":0,"password":""}