{"id":"gen9nationaldexubers-1998481615","p1":"wideguardluver","p2":"Ash Ketchum344","format":"[Gen 9] National Dex Ubers","log":"|j|\u2606wideguardluver\n|j|\u2606Ash Ketchum344\n|t:|1700947231\n|gametype|singles\n|player|p1|wideguardluver|argenta|1161\n|player|p2|Ash Ketchum344|ash|1157\n|teamsize|p1|6\n|teamsize|p2|6\n|gen|9\n|tier|[Gen 9] National Dex Ubers\n|rated|\n|rule|HP Percentage Mod: HP is shown in percentages\n|rule|Endless Battle Clause: Forcing endless battles is banned\n|rule|OHKO Clause: OHKO moves are banned\n|rule|Evasion Moves Clause: Evasion moves are banned\n|rule|Evasion Items Clause: Evasion items are banned\n|rule|Species Clause: Limit one of each Pok\u00e9mon\n|rule|Sleep Clause Mod: Limit one foe put to sleep\n|rule|Mega Rayquaza Clause: You cannot mega evolve Rayquaza\n|clearpoke\n|poke|p1|Poltchageist|\n|poke|p1|Kyogre|\n|poke|p1|Mewtwo|\n|poke|p1|Clawitzer, M|\n|poke|p1|Aerodactyl, F|\n|poke|p1|Magearna|\n|poke|p2|Lucario, M|\n|poke|p2|Dragonite, F|\n|poke|p2|Dracovish|\n|poke|p2|Gengar, M|\n|poke|p2|Sirfetch\u2019d, M|\n|poke|p2|Pikachu, F|\n|teampreview\n|\n|t:|1700947241\n|start\n|switch|p1a: Clawitzer|Clawitzer, M|100\/100\n|switch|p2a: Pikachu|Pikachu, F|100\/100\n|turn|1\n|\n|t:|1700947255\n|move|p1a: Clawitzer|Dark Pulse|p2a: Pikachu\n|-damage|p2a: Pikachu|0 fnt\n|faint|p2a: Pikachu\n|\n|upkeep\n|\n|t:|1700947272\n|switch|p2a: Gengar|Gengar, M|100\/100\n|turn|2\n|\n|t:|1700947276\n|move|p1a: Clawitzer|Dark Pulse|p2a: Gengar\n|-supereffective|p2a: Gengar\n|-damage|p2a: Gengar|0 fnt\n|faint|p2a: Gengar\n|\n|upkeep\n|\n|t:|1700947279\n|switch|p2a: Dracovish|Dracovish|100\/100\n|turn|3\n|\n|t:|1700947290\n|move|p2a: Dracovish|Fishious Rend|p1a: Clawitzer\n|-resisted|p1a: Clawitzer\n|-damage|p1a: Clawitzer|36\/100\n|move|p1a: Clawitzer|Dark Pulse|p2a: Dracovish\n|-damage|p2a: Dracovish|49\/100\n|\n|upkeep\n|turn|4\n|\n|t:|1700947297\n|move|p2a: Dracovish|Fishious Rend|p1a: Clawitzer\n|-resisted|p1a: Clawitzer\n|-damage|p1a: Clawitzer|0 fnt\n|faint|p1a: Clawitzer\n|\n|upkeep\n|inactive|Battle timer is ON: inactive players will automatically lose when time's up. (requested by Ash Ketchum344)\n|\n|t:|1700947311\n|switch|p1a: Poltchageist|Poltchageist|100\/100\n|turn|5\n|\n|t:|1700947316\n|move|p2a: Dracovish|Fishious Rend|p1a: Poltchageist\n|-resisted|p1a: Poltchageist\n|-damage|p1a: Poltchageist|39\/100\n|move|p1a: Poltchageist|Iron Defense|p1a: Poltchageist\n|-boost|p1a: Poltchageist|def|2\n|\n|upkeep\n|turn|6\n|\n|t:|1700947323\n|move|p2a: Dracovish|Fishious Rend|p1a: Poltchageist\n|-resisted|p1a: Poltchageist\n|-damage|p1a: Poltchageist|8\/100\n|move|p1a: Poltchageist|Iron Defense|p1a: Poltchageist\n|-boost|p1a: Poltchageist|def|2\n|\n|upkeep\n|turn|7\n|\n|t:|1700947326\n|move|p2a: Dracovish|Fishious Rend|p1a: Poltchageist\n|-resisted|p1a: Poltchageist\n|-damage|p1a: Poltchageist|0 fnt\n|faint|p1a: Poltchageist\n|\n|upkeep\n|\n|t:|1700947334\n|switch|p1a: Aerodactyl|Aerodactyl, F|100\/100\n|turn|8\n|\n|t:|1700947337\n|move|p2a: Dracovish|Fishious Rend|p1a: Aerodactyl\n|-supereffective|p1a: Aerodactyl\n|-damage|p1a: Aerodactyl|0 fnt\n|faint|p1a: Aerodactyl\n|\n|upkeep\n|\n|t:|1700947341\n|switch|p1a: Magearna|Magearna|100\/100\n|turn|9\n|\n|t:|1700947344\n|move|p2a: Dracovish|Fishious Rend|p1a: Magearna\n|-damage|p1a: Magearna|40\/100\n|move|p1a: Magearna|Draining Kiss|p2a: Dracovish\n|-supereffective|p2a: Dracovish\n|-damage|p2a: Dracovish|0 fnt\n|-heal|p1a: Magearna|71\/100|[from] drain|[of] p2a: Dracovish\n|faint|p2a: Dracovish\n|-ability|p1a: Magearna|Soul-Heart|boost\n|-boost|p1a: Magearna|spa|1\n|\n|-heal|p1a: Magearna|77\/100|[from] item: Leftovers\n|upkeep\n|\n|t:|1700947355\n|switch|p2a: Lucario|Lucario, M|100\/100\n|turn|10\n|\n|t:|1700947360\n|detailschange|p2a: Lucario|Lucario-Mega, M\n|-mega|p2a: Lucario|Lucario|Lucarionite\n|move|p2a: Lucario|Swords Dance|p2a: Lucario\n|-boost|p2a: Lucario|atk|2\n|move|p1a: Magearna|Shift Gear|p1a: Magearna\n|-boost|p1a: Magearna|spe|2\n|-boost|p1a: Magearna|atk|1\n|\n|-heal|p1a: Magearna|83\/100|[from] item: Leftovers\n|upkeep\n|turn|11\n|\n|t:|1700947364\n|move|p2a: Lucario|Close Combat|p1a: Magearna\n|-damage|p1a: Magearna|0 fnt\n|-unboost|p2a: Lucario|def|1\n|-unboost|p2a: Lucario|spd|1\n|faint|p1a: Magearna\n|\n|upkeep\n|\n|t:|1700947369\n|switch|p1a: Mewtwo|Mewtwo|100\/100\n|-ability|p1a: Mewtwo|Pressure\n|turn|12\n|\n|t:|1700947375\n|detailschange|p1a: Mewtwo|Mewtwo-Mega-X\n|-mega|p1a: Mewtwo|Mewtwo|Mewtwonite X\n|move|p2a: Lucario|Bullet Punch|p1a: Mewtwo\n|-damage|p1a: Mewtwo|37\/100\n|move|p1a: Mewtwo|Earthquake|p2a: Lucario\n|-supereffective|p2a: Lucario\n|-damage|p2a: Lucario|0 fnt\n|faint|p2a: Lucario\n|\n|upkeep\n|\n|t:|1700947380\n|switch|p2a: Dragonite|Dragonite, F|100\/100\n|turn|13\n|\n|t:|1700947391\n|move|p1a: Mewtwo|Psycho Cut|p2a: Dragonite\n|-damage|p2a: Dragonite|76\/100\n|move|p2a: Dragonite|Dragon Dance|p2a: Dragonite\n|-boost|p2a: Dragonite|atk|1\n|-boost|p2a: Dragonite|spe|1\n|\n|upkeep\n|turn|14\n|\n|t:|1700947396\n|move|p2a: Dragonite|Extreme Speed|p1a: Mewtwo\n|-damage|p1a: Mewtwo|0 fnt\n|faint|p1a: Mewtwo\n|\n|upkeep\n|\n|t:|1700947400\n|switch|p1a: Kyogre|Kyogre|100\/100\n|-weather|RainDance|[from] ability: Drizzle|[of] p1a: Kyogre\n|turn|15\n|\n|t:|1700947405\n|move|p1a: Kyogre|Ice Beam|p2a: Dragonite\n|-supereffective|p2a: Dragonite\n|-damage|p2a: Dragonite|0 fnt\n|faint|p2a: Dragonite\n|\n|-weather|RainDance|[upkeep]\n|upkeep\n|\n|t:|1700947407\n|switch|p2a: Sirfetch\u2019d|Sirfetch\u2019d, M|100\/100\n|turn|16\n|\n|t:|1700947415\n|move|p1a: Kyogre|Ice Beam|p2a: Sirfetch\u2019d\n|-damage|p2a: Sirfetch\u2019d|57\/100\n|-status|p2a: Sirfetch\u2019d|frz\n|-curestatus|p2a: Sirfetch\u2019d|frz|[msg]\n|move|p2a: Sirfetch\u2019d|Close Combat|p1a: Kyogre\n|-damage|p1a: Kyogre|0 fnt\n|-unboost|p2a: Sirfetch\u2019d|def|1\n|-unboost|p2a: Sirfetch\u2019d|spd|1\n|faint|p1a: Kyogre\n|\n|win|Ash Ketchum344\n|raw|wideguardluver's rating: 1161 &rarr; <strong>1136<\/strong><br \/>(-25 for losing)\n|raw|Ash Ketchum344's rating: 1157 &rarr; <strong>1182<\/strong><br \/>(+25 for winning)\n|c|\u2606wideguardluver|Gg\n|l|\u2606wideguardluver\n|c|\u2606Ash Ketchum344|Gg\n","uploadtime":1700947452,"views":1,"p1id":"wideguardluver","p2id":"ashketchum344","formatid":"gen9nationaldexubers","rating":1136,"private":0,"password":""}