{"id":"gen9nationaldexubers-1997754786","p1":"INFERNO-M0DE\u2668\ufe0f","p2":"GuardedPepperoni","format":"[Gen 9] National Dex Ubers","log":"|j|\u2606INFERNO-M0DE\u2668\ufe0f\n|j|\u2606GuardedPepperoni\n|t:|1700849166\n|gametype|singles\n|player|p1|INFERNO-M0DE\u2668\ufe0f|flannery|1085\n|player|p2|GuardedPepperoni|barry|1054\n|teamsize|p1|6\n|teamsize|p2|6\n|gen|9\n|tier|[Gen 9] National Dex Ubers\n|rated|\n|rule|HP Percentage Mod: HP is shown in percentages\n|rule|Endless Battle Clause: Forcing endless battles is banned\n|rule|OHKO Clause: OHKO moves are banned\n|rule|Evasion Moves Clause: Evasion moves are banned\n|rule|Evasion Items Clause: Evasion items are banned\n|rule|Species Clause: Limit one of each Pok\u00e9mon\n|rule|Sleep Clause Mod: Limit one foe put to sleep\n|rule|Mega Rayquaza Clause: You cannot mega evolve Rayquaza\n|clearpoke\n|poke|p1|Victini|\n|poke|p1|Flareon, F|\n|poke|p1|Ninetales, F|\n|poke|p1|Charizard, M|\n|poke|p1|Reshiram|\n|poke|p1|Groudon|\n|poke|p2|Torterra, M|\n|poke|p2|Lucario, M|\n|poke|p2|Snorlax, M|\n|poke|p2|Toxtricity, M|\n|poke|p2|Dragonite, M|\n|poke|p2|Sharpedo, M|\n|teampreview\n|inactive|Battle timer is ON: inactive players will automatically lose when time's up. (requested by GuardedPepperoni)\n|\n|t:|1700849177\n|start\n|switch|p1a: \ud83d\udd25\ud83d\udd25CHARIZARD\ud83d\udd25\ud83d\udd06|Charizard, M, shiny|100\/100\n|switch|p2a: Toxtricity|Toxtricity, M|100\/100\n|turn|1\n|\n|t:|1700849185\n|detailschange|p1a: \ud83d\udd25\ud83d\udd25CHARIZARD\ud83d\udd25\ud83d\udd06|Charizard-Mega-Y, M, shiny\n|-mega|p1a: \ud83d\udd25\ud83d\udd25CHARIZARD\ud83d\udd25\ud83d\udd06|Charizard|Charizardite Y\n|-weather|SunnyDay|[from] ability: Drought|[of] p1a: \ud83d\udd25\ud83d\udd25CHARIZARD\ud83d\udd25\ud83d\udd06\n|move|p1a: \ud83d\udd25\ud83d\udd25CHARIZARD\ud83d\udd25\ud83d\udd06|Fire Blast|p2a: Toxtricity|[miss]\n|-miss|p1a: \ud83d\udd25\ud83d\udd25CHARIZARD\ud83d\udd25\ud83d\udd06|p2a: Toxtricity\n|move|p2a: Toxtricity|Overdrive|p1a: \ud83d\udd25\ud83d\udd25CHARIZARD\ud83d\udd25\ud83d\udd06\n|-supereffective|p1a: \ud83d\udd25\ud83d\udd25CHARIZARD\ud83d\udd25\ud83d\udd06\n|-damage|p1a: \ud83d\udd25\ud83d\udd25CHARIZARD\ud83d\udd25\ud83d\udd06|0 fnt\n|faint|p1a: \ud83d\udd25\ud83d\udd25CHARIZARD\ud83d\udd25\ud83d\udd06\n|\n|-weather|SunnyDay|[upkeep]\n|upkeep\n|\n|t:|1700849199\n|switch|p1a: \ud83d\udd25\ud83d\udd25RESHIRAM\ud83d\udd25\ud83d\udd25|Reshiram|100\/100\n|-ability|p1a: \ud83d\udd25\ud83d\udd25RESHIRAM\ud83d\udd25\ud83d\udd25|Turboblaze\n|turn|2\n|\n|t:|1700849206\n|move|p1a: \ud83d\udd25\ud83d\udd25RESHIRAM\ud83d\udd25\ud83d\udd25|Dragon Dance|p1a: \ud83d\udd25\ud83d\udd25RESHIRAM\ud83d\udd25\ud83d\udd25\n|-boost|p1a: \ud83d\udd25\ud83d\udd25RESHIRAM\ud83d\udd25\ud83d\udd25|atk|1\n|-boost|p1a: \ud83d\udd25\ud83d\udd25RESHIRAM\ud83d\udd25\ud83d\udd25|spe|1\n|move|p2a: Toxtricity|Sludge Bomb|p1a: \ud83d\udd25\ud83d\udd25RESHIRAM\ud83d\udd25\ud83d\udd25\n|-damage|p1a: \ud83d\udd25\ud83d\udd25RESHIRAM\ud83d\udd25\ud83d\udd25|58\/100\n|\n|-weather|SunnyDay|[upkeep]\n|upkeep\n|turn|3\n|\n|t:|1700849216\n|move|p1a: \ud83d\udd25\ud83d\udd25RESHIRAM\ud83d\udd25\ud83d\udd25|Blue Flare|p2a: Toxtricity\n|-enditem|p2a: Toxtricity|Focus Sash\n|-damage|p2a: Toxtricity|1\/100\n|move|p2a: Toxtricity|Boomburst|p1a: \ud83d\udd25\ud83d\udd25RESHIRAM\ud83d\udd25\ud83d\udd25\n|-damage|p1a: \ud83d\udd25\ud83d\udd25RESHIRAM\ud83d\udd25\ud83d\udd25|3\/100\n|\n|-weather|SunnyDay|[upkeep]\n|upkeep\n|turn|4\n|\n|t:|1700849226\n|move|p1a: \ud83d\udd25\ud83d\udd25RESHIRAM\ud83d\udd25\ud83d\udd25|Fusion Flare|p2a: Toxtricity\n|-damage|p2a: Toxtricity|0 fnt\n|faint|p2a: Toxtricity\n|\n|-weather|SunnyDay|[upkeep]\n|upkeep\n|\n|t:|1700849238\n|switch|p2a: Sharpedo|Sharpedo, M|100\/100\n|turn|5\n|\n|t:|1700849247\n|move|p1a: \ud83d\udd25\ud83d\udd25RESHIRAM\ud83d\udd25\ud83d\udd25|Blue Flare|p2a: Sharpedo\n|-resisted|p2a: Sharpedo\n|-damage|p2a: Sharpedo|0 fnt\n|faint|p2a: Sharpedo\n|\n|-weather|none\n|upkeep\n|\n|t:|1700849256\n|switch|p2a: Dragonite|Dragonite, M|100\/100\n|turn|6\n|\n|t:|1700849259\n|move|p1a: \ud83d\udd25\ud83d\udd25RESHIRAM\ud83d\udd25\ud83d\udd25|Blue Flare|p2a: Dragonite\n|-resisted|p2a: Dragonite\n|-damage|p2a: Dragonite|57\/100\n|move|p2a: Dragonite|Dragon Claw|p1a: \ud83d\udd25\ud83d\udd25RESHIRAM\ud83d\udd25\ud83d\udd25\n|-supereffective|p1a: \ud83d\udd25\ud83d\udd25RESHIRAM\ud83d\udd25\ud83d\udd25\n|-damage|p1a: \ud83d\udd25\ud83d\udd25RESHIRAM\ud83d\udd25\ud83d\udd25|0 fnt\n|faint|p1a: \ud83d\udd25\ud83d\udd25RESHIRAM\ud83d\udd25\ud83d\udd25\n|\n|upkeep\n|\n|t:|1700849271\n|switch|p1a: \ud83d\udd25\ud83d\udd25NINETALES\ud83d\udd25\ud83d\udd06|Ninetales, F|100\/100\n|-weather|SunnyDay|[from] ability: Drought|[of] p1a: \ud83d\udd25\ud83d\udd25NINETALES\ud83d\udd25\ud83d\udd06\n|turn|7\n|\n|t:|1700849278\n|move|p1a: \ud83d\udd25\ud83d\udd25NINETALES\ud83d\udd25\ud83d\udd06|Inferno|p2a: Dragonite\n|-resisted|p2a: Dragonite\n|-damage|p2a: Dragonite|30\/100\n|-status|p2a: Dragonite|brn\n|move|p2a: Dragonite|Dragon Claw|p1a: \ud83d\udd25\ud83d\udd25NINETALES\ud83d\udd25\ud83d\udd06\n|-damage|p1a: \ud83d\udd25\ud83d\udd25NINETALES\ud83d\udd25\ud83d\udd06|64\/100\n|\n|-weather|SunnyDay|[upkeep]\n|-damage|p2a: Dragonite|24\/100 brn|[from] brn\n|upkeep\n|turn|8\n|\n|t:|1700849290\n|switch|p1a: \ud83d\udd25\ud83d\udd25VICTINI\ud83d\udd25\ud83d\udd25\ud83d\ude0e|Victini|100\/100\n|move|p2a: Dragonite|Roost|p2a: Dragonite\n|-heal|p2a: Dragonite|74\/100 brn\n|-singleturn|p2a: Dragonite|move: Roost\n|\n|-weather|SunnyDay|[upkeep]\n|-damage|p2a: Dragonite|67\/100 brn|[from] brn\n|upkeep\n|turn|9\n|\n|t:|1700849302\n|-terastallize|p1a: \ud83d\udd25\ud83d\udd25VICTINI\ud83d\udd25\ud83d\udd25\ud83d\ude0e|Fire\n|move|p1a: \ud83d\udd25\ud83d\udd25VICTINI\ud83d\udd25\ud83d\udd25\ud83d\ude0e|Blue Flare|p2a: Dragonite\n|-resisted|p2a: Dragonite\n|-damage|p2a: Dragonite|17\/100 brn\n|move|p2a: Dragonite|Dragon Claw|p1a: \ud83d\udd25\ud83d\udd25VICTINI\ud83d\udd25\ud83d\udd25\ud83d\ude0e\n|-damage|p1a: \ud83d\udd25\ud83d\udd25VICTINI\ud83d\udd25\ud83d\udd25\ud83d\ude0e|76\/100\n|\n|-weather|SunnyDay|[upkeep]\n|-damage|p2a: Dragonite|11\/100 brn|[from] brn\n|upkeep\n|turn|10\n|\n|t:|1700849314\n|move|p1a: \ud83d\udd25\ud83d\udd25VICTINI\ud83d\udd25\ud83d\udd25\ud83d\ude0e|Flame Charge|p2a: Dragonite\n|-resisted|p2a: Dragonite\n|-damage|p2a: Dragonite|0 fnt\n|-boost|p1a: \ud83d\udd25\ud83d\udd25VICTINI\ud83d\udd25\ud83d\udd25\ud83d\ude0e|spe|1\n|faint|p2a: Dragonite\n|\n|-weather|SunnyDay|[upkeep]\n|upkeep\n|\n|t:|1700849322\n|switch|p2a: Torterra|Torterra, M|100\/100\n|turn|11\n|\n|t:|1700849326\n|move|p1a: \ud83d\udd25\ud83d\udd25VICTINI\ud83d\udd25\ud83d\udd25\ud83d\ude0e|Blue Flare|p2a: Torterra\n|-supereffective|p2a: Torterra\n|-damage|p2a: Torterra|0 fnt\n|faint|p2a: Torterra\n|\n|-weather|SunnyDay|[upkeep]\n|upkeep\n|\n|t:|1700849329\n|switch|p2a: Snorlax|Snorlax, M|100\/100\n|turn|12\n|\n|t:|1700849335\n|move|p1a: \ud83d\udd25\ud83d\udd25VICTINI\ud83d\udd25\ud83d\udd25\ud83d\ude0e|Blue Flare|p2a: Snorlax\n|-damage|p2a: Snorlax|63\/100\n|-zpower|p2a: Snorlax\n|move|p2a: Snorlax|Pulverizing Pancake|p1a: \ud83d\udd25\ud83d\udd25VICTINI\ud83d\udd25\ud83d\udd25\ud83d\ude0e|[zeffect]\n|-damage|p1a: \ud83d\udd25\ud83d\udd25VICTINI\ud83d\udd25\ud83d\udd25\ud83d\ude0e|0 fnt\n|faint|p1a: \ud83d\udd25\ud83d\udd25VICTINI\ud83d\udd25\ud83d\udd25\ud83d\ude0e\n|\n|-weather|SunnyDay|[upkeep]\n|upkeep\n|\n|t:|1700849353\n|switch|p1a: \ud83c\udf0b\ud83d\udd25GROUDON\ud83d\udd25\ud83c\udf0b\ud83d\ude21|Groudon|100\/100\n|detailschange|p1a: \ud83c\udf0b\ud83d\udd25GROUDON\ud83d\udd25\ud83c\udf0b\ud83d\ude21|Groudon-Primal\n|-primal|p1a: \ud83c\udf0b\ud83d\udd25GROUDON\ud83d\udd25\ud83c\udf0b\ud83d\ude21|Red Orb\n|-weather|DesolateLand|[from] ability: Desolate Land|[of] p1a: \ud83c\udf0b\ud83d\udd25GROUDON\ud83d\udd25\ud83c\udf0b\ud83d\ude21\n|turn|13\n|\n|t:|1700849360\n|move|p1a: \ud83c\udf0b\ud83d\udd25GROUDON\ud83d\udd25\ud83c\udf0b\ud83d\ude21|Fire Blast|p2a: Snorlax\n|-damage|p2a: Snorlax|33\/100\n|move|p2a: Snorlax|Giga Impact|p1a: \ud83c\udf0b\ud83d\udd25GROUDON\ud83d\udd25\ud83c\udf0b\ud83d\ude21\n|-damage|p1a: \ud83c\udf0b\ud83d\udd25GROUDON\ud83d\udd25\ud83c\udf0b\ud83d\ude21|46\/100\n|-mustrecharge|p2a: Snorlax\n|\n|-weather|DesolateLand|[upkeep]\n|upkeep\n|turn|14\n|\n|t:|1700849369\n|move|p1a: \ud83c\udf0b\ud83d\udd25GROUDON\ud83d\udd25\ud83c\udf0b\ud83d\ude21|Fire Blast|p2a: Snorlax\n|-damage|p2a: Snorlax|0 fnt\n|faint|p2a: Snorlax\n|\n|-weather|DesolateLand|[upkeep]\n|upkeep\n|\n|t:|1700849370\n|switch|p2a: Lucario|Lucario, M|100\/100\n|turn|15\n|\n|t:|1700849376\n|detailschange|p2a: Lucario|Lucario-Mega, M\n|-mega|p2a: Lucario|Lucario|Lucarionite\n|move|p2a: Lucario|Aura Sphere|p1a: \ud83c\udf0b\ud83d\udd25GROUDON\ud83d\udd25\ud83c\udf0b\ud83d\ude21\n|-damage|p1a: \ud83c\udf0b\ud83d\udd25GROUDON\ud83d\udd25\ud83c\udf0b\ud83d\ude21|0 fnt\n|faint|p1a: \ud83c\udf0b\ud83d\udd25GROUDON\ud83d\udd25\ud83c\udf0b\ud83d\ude21\n|-weather|none\n|\n|upkeep\n|\n|t:|1700849387\n|switch|p1a: \ud83d\udd25\ud83d\udd25NINETALES\ud83d\udd25\ud83d\udd06|Ninetales, F|64\/100\n|-weather|SunnyDay|[from] ability: Drought|[of] p1a: \ud83d\udd25\ud83d\udd25NINETALES\ud83d\udd25\ud83d\udd06\n|turn|16\n|\n|t:|1700849392\n|move|p2a: Lucario|Aura Sphere|p1a: \ud83d\udd25\ud83d\udd25NINETALES\ud83d\udd25\ud83d\udd06\n|-damage|p1a: \ud83d\udd25\ud83d\udd25NINETALES\ud83d\udd25\ud83d\udd06|0 fnt\n|faint|p1a: \ud83d\udd25\ud83d\udd25NINETALES\ud83d\udd25\ud83d\udd06\n|\n|-weather|SunnyDay|[upkeep]\n|upkeep\n|\n|t:|1700849398\n|switch|p1a: \ud83d\udd25BABYEON\ud83d\udd25\ud83d\ude1d|Flareon, F|100\/100\n|turn|17\n|\n|t:|1700849405\n|move|p2a: Lucario|Aura Sphere|p1a: \ud83d\udd25BABYEON\ud83d\udd25\ud83d\ude1d\n|-damage|p1a: \ud83d\udd25BABYEON\ud83d\udd25\ud83d\ude1d|30\/100\n|-zpower|p1a: \ud83d\udd25BABYEON\ud83d\udd25\ud83d\ude1d\n|move|p1a: \ud83d\udd25BABYEON\ud83d\udd25\ud83d\ude1d|Inferno Overdrive|p2a: Lucario|[zeffect]\n|-supereffective|p2a: Lucario\n|-damage|p2a: Lucario|0 fnt\n|faint|p2a: Lucario\n|\n|win|INFERNO-M0DE\u2668\ufe0f\n|raw|INFERNO-M0DE\u2668\ufe0f's rating: 1085 &rarr; <strong>1110<\/strong><br \/>(+25 for winning)\n|raw|GuardedPepperoni's rating: 1054 &rarr; <strong>1038<\/strong><br \/>(-16 for losing)\n|l|\u2606GuardedPepperoni\n","uploadtime":1700849599,"views":1,"p1id":"infernom0de","p2id":"guardedpepperoni","formatid":"gen9nationaldexubers","rating":1038,"private":0,"password":""}