{"id":"gen9nationaldexubers-1997678481","p1":"sapo_noyado","p2":"Backpacker Brand","format":"[Gen 9] National Dex Ubers","log":"|j|\u2606sapo_noyado\n|j|\u2606Backpacker Brand\n|t:|1700840846\n|gametype|singles\n|player|p1|sapo_noyado|acetrainer-gen4|1069\n|player|p2|Backpacker Brand|backpacker|1076\n|teamsize|p1|6\n|teamsize|p2|6\n|gen|9\n|tier|[Gen 9] National Dex Ubers\n|rated|\n|rule|HP Percentage Mod: HP is shown in percentages\n|rule|Endless Battle Clause: Forcing endless battles is banned\n|rule|OHKO Clause: OHKO moves are banned\n|rule|Evasion Moves Clause: Evasion moves are banned\n|rule|Evasion Items Clause: Evasion items are banned\n|rule|Species Clause: Limit one of each Pok\u00e9mon\n|rule|Sleep Clause Mod: Limit one foe put to sleep\n|rule|Mega Rayquaza Clause: You cannot mega evolve Rayquaza\n|clearpoke\n|poke|p1|Celesteela|\n|poke|p1|Kyogre|\n|poke|p1|Marshadow|\n|poke|p1|Zygarde|\n|poke|p1|Zacian-*|\n|poke|p1|Cloyster, M|\n|poke|p2|Samurott, M|\n|poke|p2|Maractus, F|\n|poke|p2|Heatmor, M|\n|poke|p2|Musharna, F|\n|poke|p2|Scovillain, F|\n|poke|p2|Rhydon, M|\n|teampreview\n|inactive|Battle timer is ON: inactive players will automatically lose when time's up. (requested by Backpacker Brand)\n|\n|t:|1700840857\n|start\n|switch|p1a: Zygarde|Zygarde|100\/100\n|switch|p2a: Daydreamer|Musharna, F|100\/100\n|turn|1\n|\n|t:|1700840865\n|switch|p1a: sukuna|Celesteela|100\/100\n|move|p2a: Daydreamer|Moonblast|p1a: sukuna\n|-resisted|p1a: sukuna\n|-damage|p1a: sukuna|86\/100\n|\n|-heal|p1a: sukuna|92\/100|[from] item: Leftovers\n|upkeep\n|turn|2\n|\n|t:|1700840875\n|move|p1a: sukuna|Leech Seed|p2a: Daydreamer\n|-start|p2a: Daydreamer|move: Leech Seed\n|move|p2a: Daydreamer|Trick Room|p2a: Daydreamer\n|-fieldstart|move: Trick Room|[of] p2a: Daydreamer\n|\n|-heal|p1a: sukuna|98\/100|[from] item: Leftovers\n|-damage|p2a: Daydreamer|88\/100|[from] Leech Seed|[of] p1a: sukuna\n|-heal|p1a: sukuna|100\/100|[silent]\n|upkeep\n|turn|3\n|\n|t:|1700840884\n|switch|p1a: gojou|Kyogre|100\/100\n|detailschange|p1a: gojou|Kyogre-Primal\n|-primal|p1a: gojou|Blue Orb\n|-weather|PrimordialSea|[from] ability: Primordial Sea|[of] p1a: gojou\n|move|p2a: Daydreamer|Psychic|p1a: gojou\n|-damage|p1a: gojou|71\/100\n|\n|-weather|PrimordialSea|[upkeep]\n|-damage|p2a: Daydreamer|76\/100|[from] Leech Seed|[of] p1a: gojou\n|-heal|p1a: gojou|87\/100|[silent]\n|upkeep\n|turn|4\n|\n|t:|1700840896\n|-weather|none\n|switch|p1a: Cloyster|Cloyster, M|100\/100\n|move|p2a: Daydreamer|Psychic|p1a: Cloyster\n|-damage|p1a: Cloyster|2\/100\n|\n|-damage|p2a: Daydreamer|63\/100|[from] Leech Seed|[of] p1a: Cloyster\n|-heal|p1a: Cloyster|20\/100|[silent]\n|upkeep\n|turn|5\n|\n|t:|1700840906\n|move|p2a: Daydreamer|Moonblast|p1a: Cloyster\n|-damage|p1a: Cloyster|0 fnt\n|faint|p1a: Cloyster\n|\n|upkeep\n|\n|t:|1700840914\n|switch|p1a: gojou|Kyogre-Primal|87\/100\n|-weather|PrimordialSea|[from] ability: Primordial Sea|[of] p1a: gojou\n|turn|6\n|\n|t:|1700840919\n|move|p2a: Daydreamer|Psychic|p1a: gojou\n|-damage|p1a: gojou|59\/100\n|move|p1a: gojou|Water Spout|p2a: Daydreamer\n|-damage|p2a: Daydreamer|0 fnt\n|faint|p2a: Daydreamer\n|\n|-weather|PrimordialSea|[upkeep]\n|-fieldend|move: Trick Room\n|upkeep\n|\n|t:|1700840928\n|switch|p2a: Drillinator|Rhydon, M|100\/100\n|turn|7\n|\n|t:|1700840933\n|-terastallize|p2a: Drillinator|Water\n|move|p1a: gojou|Water Spout|p2a: Drillinator\n|-resisted|p2a: Drillinator\n|-damage|p2a: Drillinator|53\/100\n|move|p2a: Drillinator|Earthquake|p1a: gojou\n|-damage|p1a: gojou|0 fnt\n|faint|p1a: gojou\n|-weather|none\n|\n|upkeep\n|\n|t:|1700840942\n|switch|p1a: Zacian|Zacian-Crowned|100\/100\n|-ability|p1a: Zacian|Intrepid Sword|boost\n|-boost|p1a: Zacian|atk|1\n|turn|8\n|\n|t:|1700840949\n|move|p1a: Zacian|Close Combat|p2a: Drillinator\n|-damage|p2a: Drillinator|21\/100\n|-unboost|p1a: Zacian|def|1\n|-unboost|p1a: Zacian|spd|1\n|move|p2a: Drillinator|Earthquake|p1a: Zacian\n|-supereffective|p1a: Zacian\n|-damage|p1a: Zacian|0 fnt\n|faint|p1a: Zacian\n|\n|upkeep\n|\n|t:|1700840960\n|switch|p1a: sukuna|Celesteela|100\/100\n|turn|9\n|\n|t:|1700840964\n|move|p1a: sukuna|Leech Seed|p2a: Drillinator\n|-start|p2a: Drillinator|move: Leech Seed\n|move|p2a: Drillinator|Stone Edge|p1a: sukuna\n|-damage|p1a: sukuna|66\/100\n|\n|-heal|p1a: sukuna|72\/100|[from] item: Leftovers\n|-damage|p2a: Drillinator|9\/100|[from] Leech Seed|[of] p1a: sukuna\n|-heal|p1a: sukuna|85\/100|[silent]\n|upkeep\n|turn|10\n|\n|t:|1700840975\n|move|p1a: sukuna|Flamethrower|p2a: Drillinator\n|-resisted|p2a: Drillinator\n|-damage|p2a: Drillinator|0 fnt\n|faint|p2a: Drillinator\n|-ability|p1a: sukuna|Beast Boost|boost\n|-boost|p1a: sukuna|def|1\n|\n|-heal|p1a: sukuna|91\/100|[from] item: Leftovers\n|upkeep\n|\n|t:|1700840983\n|switch|p2a: Whiplash|Heatmor, M|100\/100\n|turn|11\n|\n|t:|1700840987\n|move|p2a: Whiplash|Fire Lash|p1a: sukuna\n|-supereffective|p1a: sukuna\n|-damage|p1a: sukuna|58\/100\n|-unboost|p1a: sukuna|def|1\n|move|p1a: sukuna|Flamethrower|p2a: Whiplash\n|-start|p2a: Whiplash|ability: Flash Fire\n|\n|-heal|p1a: sukuna|64\/100|[from] item: Leftovers\n|upkeep\n|turn|12\n|\n|t:|1700840997\n|move|p2a: Whiplash|Fire Lash|p1a: sukuna\n|-supereffective|p1a: sukuna\n|-damage|p1a: sukuna|0 fnt\n|faint|p1a: sukuna\n|\n|upkeep\n|\n|t:|1700841003\n|switch|p1a: Zygarde|Zygarde|100\/100\n|turn|13\n|\n|t:|1700841013\n|move|p1a: Zygarde|Coil|p1a: Zygarde\n|-boost|p1a: Zygarde|atk|1\n|-boost|p1a: Zygarde|def|1\n|-boost|p1a: Zygarde|accuracy|1\n|move|p2a: Whiplash|Will-O-Wisp|p1a: Zygarde\n|-status|p1a: Zygarde|brn\n|\n|-damage|p1a: Zygarde|94\/100 brn|[from] brn\n|upkeep\n|turn|14\n|\n|t:|1700841022\n|move|p1a: Zygarde|Coil|p1a: Zygarde\n|-boost|p1a: Zygarde|atk|1\n|-boost|p1a: Zygarde|def|1\n|-boost|p1a: Zygarde|accuracy|1\n|move|p2a: Whiplash|Fire Lash|p1a: Zygarde\n|-resisted|p1a: Zygarde\n|-damage|p1a: Zygarde|84\/100 brn\n|-unboost|p1a: Zygarde|def|1\n|\n|-heal|p1a: Zygarde|90\/100 brn|[from] item: Leftovers\n|-damage|p1a: Zygarde|84\/100 brn|[from] brn\n|upkeep\n|turn|15\n|\n|t:|1700841034\n|move|p1a: Zygarde|Coil|p1a: Zygarde\n|-boost|p1a: Zygarde|atk|1\n|-boost|p1a: Zygarde|def|1\n|-boost|p1a: Zygarde|accuracy|1\n|move|p2a: Whiplash|Fire Lash|p1a: Zygarde\n|-resisted|p1a: Zygarde\n|-damage|p1a: Zygarde|75\/100 brn\n|-unboost|p1a: Zygarde|def|1\n|\n|-heal|p1a: Zygarde|81\/100 brn|[from] item: Leftovers\n|-damage|p1a: Zygarde|75\/100 brn|[from] brn\n|upkeep\n|turn|16\n|\n|t:|1700841046\n|-end|p2a: Whiplash|ability: Flash Fire|[silent]\n|switch|p2a: Rhythm|Maractus, F|100\/100\n|move|p1a: Zygarde|Coil|p1a: Zygarde\n|-boost|p1a: Zygarde|atk|1\n|-boost|p1a: Zygarde|def|1\n|-boost|p1a: Zygarde|accuracy|1\n|\n|-heal|p1a: Zygarde|81\/100 brn|[from] item: Leftovers\n|-damage|p1a: Zygarde|75\/100 brn|[from] brn\n|upkeep\n|turn|17\n|\n|t:|1700841056\n|move|p1a: Zygarde|Coil|p1a: Zygarde\n|-boost|p1a: Zygarde|atk|1\n|-boost|p1a: Zygarde|def|1\n|-boost|p1a: Zygarde|accuracy|1\n|move|p2a: Rhythm|Sunny Day|p2a: Rhythm\n|-weather|SunnyDay\n|\n|-weather|SunnyDay|[upkeep]\n|-heal|p1a: Zygarde|81\/100 brn|[from] item: Leftovers\n|-damage|p1a: Zygarde|75\/100 brn|[from] brn\n|upkeep\n|turn|18\n|\n|t:|1700841063\n|move|p2a: Rhythm|Hidden Power|p1a: Zygarde\n|-supereffective|p1a: Zygarde\n|-damage|p1a: Zygarde|10\/100 brn\n|move|p1a: Zygarde|Thousand Arrows|p2a: Rhythm\n|-resisted|p2a: Rhythm\n|-damage|p2a: Rhythm|43\/100\n|\n|-weather|SunnyDay|[upkeep]\n|-heal|p1a: Zygarde|16\/100 brn|[from] item: Leftovers\n|-damage|p1a: Zygarde|10\/100 brn|[from] brn\n|-activate|p1a: Zygarde|ability: Power Construct\n|detailschange|p1a: Zygarde|Zygarde-Complete\n|-heal|p1a: Zygarde|41\/100 brn|[silent]\n|upkeep\n|turn|19\n|\n|t:|1700841076\n|move|p2a: Rhythm|Hidden Power|p1a: Zygarde\n|-supereffective|p1a: Zygarde\n|-damage|p1a: Zygarde|0 fnt\n|faint|p1a: Zygarde\n|\n|-weather|SunnyDay|[upkeep]\n|upkeep\n|\n|t:|1700841082\n|switch|p1a: Marshadow|Marshadow|100\/100\n|turn|20\n|\n|t:|1700841086\n|move|p2a: Rhythm|Solar Beam||[still]\n|-prepare|p2a: Rhythm|Solar Beam\n|-anim|p2a: Rhythm|Solar Beam|p1a: Marshadow\n|-damage|p1a: Marshadow|31\/100\n|move|p1a: Marshadow|Close Combat|p2a: Rhythm\n|-damage|p2a: Rhythm|0 fnt\n|-unboost|p1a: Marshadow|def|1\n|-unboost|p1a: Marshadow|spd|1\n|faint|p2a: Rhythm\n|\n|-weather|SunnyDay|[upkeep]\n|upkeep\n|\n|t:|1700841096\n|switch|p2a: Whiplash|Heatmor, M|100\/100\n|turn|21\n|c|\u2606Backpacker Brand|gg\n|\n|t:|1700841100\n|move|p2a: Whiplash|Sucker Punch|p1a: Marshadow\n|-damage|p1a: Marshadow|0 fnt\n|faint|p1a: Marshadow\n|\n|win|Backpacker Brand\n|raw|sapo_noyado's rating: 1069 &rarr; <strong>1049<\/strong><br \/>(-20 for losing)\n|raw|Backpacker Brand's rating: 1076 &rarr; <strong>1104<\/strong><br \/>(+28 for winning)\n|l|\u2606Backpacker Brand\n","uploadtime":1700841115,"views":2,"p1id":"saponoyado","p2id":"backpackerbrand","formatid":"gen9nationaldexubers","rating":1049,"private":0,"password":""}