{"id":"gen9nationaldexubers-1990755432","p1":"CloysterEnjoyer","p2":"Rainer565","format":"[Gen 9] National Dex Ubers","log":"|j|\u2606CloysterEnjoyer\n|j|\u2606Rainer565\n|t:|1699997805\n|gametype|singles\n|player|p1|CloysterEnjoyer|bruno|\n|player|p2|Rainer565|lucas|\n|teamsize|p1|6\n|teamsize|p2|6\n|gen|9\n|tier|[Gen 9] National Dex Ubers\n|rule|HP Percentage Mod: HP is shown in percentages\n|rule|Endless Battle Clause: Forcing endless battles is banned\n|rule|OHKO Clause: OHKO moves are banned\n|rule|Evasion Moves Clause: Evasion moves are banned\n|rule|Evasion Items Clause: Evasion items are banned\n|rule|Species Clause: Limit one of each Pok\u00e9mon\n|rule|Sleep Clause Mod: Limit one foe put to sleep\n|rule|Mega Rayquaza Clause: You cannot mega evolve Rayquaza\n|clearpoke\n|poke|p1|Zoroark-Hisui, F|\n|poke|p1|Cyclizar, F|\n|poke|p1|Ursaluna-Bloodmoon, M|\n|poke|p1|Ditto|\n|poke|p1|Lopunny, F|\n|poke|p1|Dragonite, M|\n|poke|p2|Dracozolt|\n|poke|p2|Bellibolt, M|\n|poke|p2|Toxtricity, F|\n|poke|p2|Oricorio-Pom-Pom, M|\n|poke|p2|Sandy Shocks|\n|poke|p2|Tyranitar, F|\n|teampreview\n|c|\u2606Rainer565|!weakness normal\n|c| Rainer565|\/raw <div class=\"infobox\">Normal:<br \/><span class=\"message-effect-weak\">Weaknesses<\/span>: Fighting<br \/><span class=\"message-effect-resist\">Resistances<\/span>: <font color=#999999>None<\/font><br \/><span class=\"message-effect-immune\">Immunities<\/span>: Ghost<\/div>\n|j| Rainer367\n|j| Xanvoir\n|l| Xanvoir\n|c|\u2606CloysterEnjoyer|really?\n|j| RaVeDreNch\n|\n|t:|1699997832\n|start\n|switch|p1a: Cyclizar|Cyclizar, F|100\/100\n|switch|p2a: Bellibolt|Bellibolt, M|100\/100\n|turn|1\n|c|\u2606Rainer565|what\n|c|\u2606CloysterEnjoyer|weakness normal\n|c|\u2606Rainer565|!weakness cyclizar\n|c| Rainer565|\/raw <div class=\"infobox\">Cyclizar (ignoring abilities):<br \/><span class=\"message-effect-weak\">Weaknesses<\/span>: Dragon, Fairy, Fighting, Ice<br \/><span class=\"message-effect-resist\">Resistances<\/span>: Electric, Fire, Grass, Water<br \/><span class=\"message-effect-immune\">Immunities<\/span>: Ghost<\/div>\n|\n|t:|1699997863\n|switch|p2a: Toxtricity|Toxtricity, F|100\/100\n|move|p1a: Cyclizar|Shed Tail|p1a: Cyclizar\n|-start|p1a: Cyclizar|Substitute|[from] move: Shed Tail\n|-damage|p1a: Cyclizar|50\/100\n|\n|t:|1699997865\n|switch|p1a: Dragonite|Dragonite, M|100\/100|[from] Shed Tail\n|\n|upkeep\n|turn|2\n|\n|t:|1699997881\n|-terastallize|p1a: Dragonite|Normal\n|move|p1a: Dragonite|Dragon Dance|p1a: Dragonite\n|-boost|p1a: Dragonite|atk|1\n|-boost|p1a: Dragonite|spe|1\n|move|p2a: Toxtricity|Sludge Wave|p1a: Dragonite\n|-end|p1a: Dragonite|Substitute\n|\n|upkeep\n|turn|3\n|\n|t:|1699997896\n|move|p1a: Dragonite|Extreme Speed|p2a: Toxtricity\n|-damage|p2a: Toxtricity|0 fnt\n|faint|p2a: Toxtricity\n|\n|upkeep\n|c| Rainer367|uh oh\n|\n|t:|1699997911\n|switch|p2a: Bellibolt|Bellibolt, M|100\/100\n|turn|4\n|\n|t:|1699997917\n|move|p1a: Dragonite|Dragon Dance|p1a: Dragonite\n|-boost|p1a: Dragonite|atk|1\n|-boost|p1a: Dragonite|spe|1\n|move|p2a: Bellibolt|Thunderbolt|p1a: Dragonite\n|-damage|p1a: Dragonite|84\/100\n|\n|upkeep\n|turn|5\n|\n|t:|1699997927\n|move|p1a: Dragonite|Dragon Dance|p1a: Dragonite\n|-boost|p1a: Dragonite|atk|1\n|-boost|p1a: Dragonite|spe|1\n|move|p2a: Bellibolt|Chilling Water|p1a: Dragonite\n|-damage|p1a: Dragonite|71\/100\n|-unboost|p1a: Dragonite|atk|1\n|\n|upkeep\n|turn|6\n|\n|t:|1699997941\n|move|p1a: Dragonite|Earthquake|p2a: Bellibolt\n|-supereffective|p2a: Bellibolt\n|-damage|p2a: Bellibolt|4\/100\n|-start|p2a: Bellibolt|Charge|Earthquake|[from] ability: Electromorphosis\n|move|p2a: Bellibolt|Thunderbolt|p1a: Dragonite\n|-damage|p1a: Dragonite|0 fnt\n|faint|p1a: Dragonite\n|-end|p2a: Bellibolt|Charge|[silent]\n|\n|-heal|p2a: Bellibolt|10\/100|[from] item: Leftovers\n|upkeep\n|\n|t:|1699997954\n|switch|p1a: Cyclizar|Cyclizar, F|84\/100\n|turn|7\n|c|\u2606Rainer565|i forgot of the charge\n|\n|t:|1699997961\n|move|p1a: Cyclizar|U-turn|p2a: Bellibolt\n|-damage|p2a: Bellibolt|2\/100\n|-start|p2a: Bellibolt|Charge|U-turn|[from] ability: Electromorphosis\n|\n|t:|1699997965\n|switch|p1a: Ursaluna|Ursaluna-Bloodmoon, M|100\/100|[from] U-turn\n|move|p2a: Bellibolt|Slack Off|p2a: Bellibolt\n|-heal|p2a: Bellibolt|52\/100\n|\n|-heal|p2a: Bellibolt|58\/100|[from] item: Leftovers\n|upkeep\n|turn|8\n|\n|t:|1699997973\n|move|p1a: Ursaluna|Earth Power|p2a: Bellibolt\n|-supereffective|p2a: Bellibolt\n|-damage|p2a: Bellibolt|0 fnt\n|faint|p2a: Bellibolt\n|\n|upkeep\n|c|\u2606Rainer565|!weakness ursaluna\n|c| Rainer565|\/raw <div class=\"infobox\">Ursaluna (ignoring abilities):<br \/><span class=\"message-effect-weak\">Weaknesses<\/span>: Fighting, Grass, Ice, Water<br \/><span class=\"message-effect-resist\">Resistances<\/span>: Poison, Rock<br \/><span class=\"message-effect-immune\">Immunities<\/span>: Electric, Ghost, Sandstorm damage<\/div>\n|\n|t:|1699998017\n|switch|p2a: Tyranitar|Tyranitar, F|100\/100\n|-weather|Sandstorm|[from] ability: Sand Stream|[of] p2a: Tyranitar\n|turn|9\n|\n|t:|1699998027\n|switch|p1a: Cyclizar|Cyclizar, F|100\/100\n|move|p2a: Tyranitar|Ice Punch|p1a: Cyclizar\n|-damage|p1a: Cyclizar|39\/100\n|replace|p1a: Zoroark|Zoroark-Hisui, F\n|-end|p1a: Zoroark|Illusion\n|\n|-weather|Sandstorm|[upkeep]\n|-damage|p1a: Zoroark|33\/100|[from] Sandstorm\n|upkeep\n|turn|10\n|c|\u2606CloysterEnjoyer|you forgor to tera\n|\n|t:|1699998050\n|-terastallize|p2a: Tyranitar|Electric\n|move|p1a: Zoroark|Shadow Ball|p2a: Tyranitar\n|-damage|p2a: Tyranitar|67\/100\n|-unboost|p2a: Tyranitar|spd|1\n|move|p2a: Tyranitar|Ice Punch|p1a: Zoroark\n|-damage|p1a: Zoroark|0 fnt\n|faint|p1a: Zoroark\n|\n|-weather|Sandstorm|[upkeep]\n|-damage|p2a: Tyranitar|61\/100|[from] Sandstorm\n|upkeep\n|c|\u2606Rainer565|e\n|\n|t:|1699998056\n|switch|p1a: Lopunny|Lopunny, F|100\/100\n|turn|11\n|\n|t:|1699998064\n|switch|p2a: Oricorio|Oricorio-Pom-Pom, M|100\/100\n|detailschange|p1a: Lopunny|Lopunny-Mega, F\n|-mega|p1a: Lopunny|Lopunny|Lopunnite\n|move|p1a: Lopunny|Fake Out|p2a: Oricorio\n|-damage|p2a: Oricorio|71\/100\n|\n|-weather|Sandstorm|[upkeep]\n|-damage|p1a: Lopunny|95\/100|[from] Sandstorm\n|-damage|p2a: Oricorio|65\/100|[from] Sandstorm\n|upkeep\n|turn|12\n|c|\u2606Rainer565|!weakness lopunny\n|c| Rainer565|\/raw <div class=\"infobox\">Lopunny (ignoring abilities):<br \/><span class=\"message-effect-weak\">Weaknesses<\/span>: Fighting<br \/><span class=\"message-effect-resist\">Resistances<\/span>: <font color=#999999>None<\/font><br \/><span class=\"message-effect-immune\">Immunities<\/span>: Ghost<\/div>\n|\n|t:|1699998095\n|move|p1a: Lopunny|Return|p2a: Oricorio\n|-damage|p2a: Oricorio|0 fnt\n|faint|p2a: Oricorio\n|\n|-weather|Sandstorm|[upkeep]\n|-damage|p1a: Lopunny|89\/100|[from] Sandstorm\n|upkeep\n|\n|t:|1699998103\n|switch|p2a: Tyranitar|Tyranitar, F, tera:Electric|61\/100\n|turn|13\n|\n|t:|1699998111\n|switch|p2a: Sandy Shocks|Sandy Shocks|100\/100\n|move|p1a: Lopunny|Power-Up Punch|p2a: Sandy Shocks\n|-damage|p2a: Sandy Shocks|77\/100\n|-boost|p1a: Lopunny|atk|1\n|\n|-weather|none\n|upkeep\n|turn|14\n|\n|t:|1699998130\n|move|p1a: Lopunny|Power-Up Punch|p2a: Sandy Shocks\n|-damage|p2a: Sandy Shocks|42\/100\n|-boost|p1a: Lopunny|atk|1\n|move|p2a: Sandy Shocks|Earth Power|p1a: Lopunny\n|-damage|p1a: Lopunny|20\/100\n|\n|upkeep\n|turn|15\n|\n|t:|1699998138\n|move|p1a: Lopunny|Return|p2a: Sandy Shocks\n|-damage|p2a: Sandy Shocks|0 fnt\n|faint|p2a: Sandy Shocks\n|-end|p2a: Sandy Shocks|Protosynthesis|[silent]\n|\n|upkeep\n|j| AWK-47\n|\n|t:|1699998144\n|switch|p2a: Tyranitar|Tyranitar, F, tera:Electric|61\/100\n|-weather|Sandstorm|[from] ability: Sand Stream|[of] p2a: Tyranitar\n|turn|16\n|c| AWK-47|justy came to check up on this\n|\n|t:|1699998154\n|move|p1a: Lopunny|Return|p2a: Tyranitar\n|-damage|p2a: Tyranitar|0 fnt\n|faint|p2a: Tyranitar\n|\n|-weather|Sandstorm|[upkeep]\n|-damage|p1a: Lopunny|14\/100|[from] Sandstorm\n|upkeep\n|c| AWK-47|and cash is on the ropes\n|\n|t:|1699998160\n|switch|p2a: Dracozolt|Dracozolt|100\/100\n|turn|17\n|\n|t:|1699998166\n|move|p2a: Dracozolt|Bolt Beak|p1a: Lopunny\n|-damage|p1a: Lopunny|0 fnt\n|faint|p1a: Lopunny\n|\n|-weather|Sandstorm|[upkeep]\n|upkeep\n|c| Rainer367|How's the other one going?\n|\n|t:|1699998169\n|switch|p1a: Ditto|Ditto, shiny|100\/100\n|-transform|p1a: Ditto|p2a: Dracozolt|[from] ability: Imposter\n|turn|18\n|c|\u2606Rainer565|yikes\n|\n|t:|1699998177\n|move|p1a: Ditto|Dragon Claw|p2a: Dracozolt\n|-supereffective|p2a: Dracozolt\n|-damage|p2a: Dracozolt|18\/100\n|move|p2a: Dracozolt|Bolt Beak|p1a: Ditto\n|-resisted|p1a: Ditto\n|-damage|p1a: Ditto|80\/100\n|\n|-weather|Sandstorm|[upkeep]\n|upkeep\n|turn|19\n|c| AWK-47|pretty alr acc\n|c|\u2606Rainer565|gg\n|c| Rainer367|That looks like gg\n|\n|t:|1699998186\n|move|p1a: Ditto|Dragon Claw|p2a: Dracozolt\n|-supereffective|p2a: Dracozolt\n|-damage|p2a: Dracozolt|0 fnt\n|faint|p2a: Dracozolt\n|\n|win|CloysterEnjoyer\n|c| AWK-47|gg\n|l| Rainer367\n|l|\u2606Rainer565\n|l|\u2606CloysterEnjoyer\n|l| AWK-47\n|j| Rainer367\n|l| RaVeDreNch\n|j|\u2606CloysterEnjoyer\n|player|p1|CloysterEnjoyer|bruno\n","uploadtime":1699998245,"views":12,"p1id":"cloysterenjoyer","p2id":"rainer565","formatid":"gen9nationaldexubers","rating":0,"private":0,"password":""}