{"id":"gen9nationaldexubers-1986196271","p1":"Tuba_Archmage","p2":"SuperSonic26 AU","format":"[Gen 9] National Dex Ubers","log":"|j|\u2606Tuba_Archmage\n|j|\u2606SuperSonic26 AU\n|t:|1699458925\n|gametype|singles\n|player|p1|Tuba_Archmage|shadowtriad|1345\n|player|p2|SuperSonic26 AU|red-masters|1372\n|teamsize|p1|6\n|teamsize|p2|6\n|gen|9\n|tier|[Gen 9] National Dex Ubers\n|rated|\n|rule|HP Percentage Mod: HP is shown in percentages\n|rule|Endless Battle Clause: Forcing endless battles is banned\n|rule|OHKO Clause: OHKO moves are banned\n|rule|Evasion Moves Clause: Evasion moves are banned\n|rule|Evasion Items Clause: Evasion items are banned\n|rule|Species Clause: Limit one of each Pok\u00e9mon\n|rule|Sleep Clause Mod: Limit one foe put to sleep\n|rule|Mega Rayquaza Clause: You cannot mega evolve Rayquaza\n|clearpoke\n|poke|p1|Palkia-Origin|\n|poke|p1|Regieleki|\n|poke|p1|Gothitelle, F|\n|poke|p1|Groudon|\n|poke|p1|Zygarde|\n|poke|p1|Banette, F|\n|poke|p2|Zygarde|\n|poke|p2|Aggron, M|\n|poke|p2|Kyogre|\n|poke|p2|Deoxys-Attack|\n|poke|p2|Yveltal|\n|poke|p2|Pheromosa|\n|teampreview\n|inactive|Battle timer is ON: inactive players will automatically lose when time's up. (requested by Tuba_Archmage)\n|j| yxszd\n|c|\u2606Tuba_Archmage|oh hi\n|inactive|SuperSonic26 AU has 120 seconds left.\n|c|\u2606Tuba_Archmage|we take a rematch\n|\n|t:|1699458963\n|start\n|switch|p1a: L Stall|Gothitelle, F|100\/100\n|switch|p2a: Normal Pokemon 4|Pheromosa, shiny|100\/100\n|turn|1\n|\n|t:|1699458973\n|move|p2a: Normal Pokemon 4|U-turn|p1a: L Stall\n|-supereffective|p1a: L Stall\n|-damage|p1a: L Stall|23\/100\n|\n|t:|1699458976\n|switch|p2a: Blood Falcon|Yveltal, shiny|100\/100|[from] U-turn\n|-ability|p2a: Blood Falcon|Dark Aura\n|move|p1a: L Stall|Cosmic Power|p1a: L Stall\n|-boost|p1a: L Stall|def|1\n|-boost|p1a: L Stall|spd|1\n|\n|upkeep\n|turn|2\n|\n|t:|1699458983\n|move|p2a: Blood Falcon|Knock Off|p1a: L Stall\n|-supereffective|p1a: L Stall\n|-damage|p1a: L Stall|0 fnt\n|-enditem|p1a: L Stall|Lum Berry|[from] move: Knock Off|[of] p2a: Blood Falcon\n|faint|p1a: L Stall\n|\n|upkeep\n|\n|t:|1699458993\n|switch|p1a: Best Here|Palkia-Origin|100\/100\n|-ability|p1a: Best Here|Pressure\n|turn|3\n|\n|t:|1699458998\n|move|p1a: Best Here|Spacial Rend|p2a: Blood Falcon\n|-damage|p2a: Blood Falcon|58\/100\n|move|p2a: Blood Falcon|Knock Off|p1a: Best Here\n|-damage|p1a: Best Here|53\/100\n|\n|upkeep\n|turn|4\n|c|\u2606Tuba_Archmage|switched it to band yveltal\n|c|\u2606Tuba_Archmage|cool\n|\n|t:|1699459012\n|move|p1a: Best Here|Spacial Rend|p2a: Blood Falcon\n|-damage|p2a: Blood Falcon|14\/100\n|move|p2a: Blood Falcon|Oblivion Wing|p1a: Best Here\n|-damage|p1a: Best Here|16\/100\n|-heal|p2a: Blood Falcon|38\/100|[from] drain|[of] p1a: Best Here\n|\n|upkeep\n|turn|5\n|l| yxszd\n|c|\u2606Tuba_Archmage|oh\n|c|\u2606Tuba_Archmage|he just took the thing off\n|\n|t:|1699459022\n|move|p2a: Blood Falcon|Sucker Punch|p1a: Best Here\n|-damage|p1a: Best Here|0 fnt\n|faint|p1a: Best Here\n|\n|upkeep\n|c|\u2606Tuba_Archmage|aight\n|\n|t:|1699459029\n|switch|p1a: No Ice Moves?|Zygarde|100\/100\n|turn|6\n|\n|t:|1699459033\n|move|p2a: Blood Falcon|Knock Off|p1a: No Ice Moves?\n|-damage|p1a: No Ice Moves?|57\/100\n|-enditem|p1a: No Ice Moves?|Lum Berry|[from] move: Knock Off|[of] p2a: Blood Falcon\n|move|p1a: No Ice Moves?|Coil|p1a: No Ice Moves?\n|-boost|p1a: No Ice Moves?|atk|1\n|-boost|p1a: No Ice Moves?|def|1\n|-boost|p1a: No Ice Moves?|accuracy|1\n|\n|upkeep\n|turn|7\n|\n|t:|1699459040\n|move|p2a: Blood Falcon|Oblivion Wing|p1a: No Ice Moves?\n|-damage|p1a: No Ice Moves?|27\/100\n|-heal|p2a: Blood Falcon|62\/100|[from] drain|[of] p1a: No Ice Moves?\n|move|p1a: No Ice Moves?|Coil|p1a: No Ice Moves?\n|-boost|p1a: No Ice Moves?|atk|1\n|-boost|p1a: No Ice Moves?|def|1\n|-boost|p1a: No Ice Moves?|accuracy|1\n|\n|-activate|p1a: No Ice Moves?|ability: Power Construct\n|detailschange|p1a: No Ice Moves?|Zygarde-Complete\n|-heal|p1a: No Ice Moves?|52\/100|[silent]\n|upkeep\n|turn|8\n|\n|t:|1699459052\n|move|p2a: Blood Falcon|Oblivion Wing|p1a: No Ice Moves?\n|-damage|p1a: No Ice Moves?|30\/100\n|-heal|p2a: Blood Falcon|89\/100|[from] drain|[of] p1a: No Ice Moves?\n|move|p1a: No Ice Moves?|Thousand Arrows|p2a: Blood Falcon\n|-damage|p2a: Blood Falcon|0 fnt\n|faint|p2a: Blood Falcon\n|\n|upkeep\n|\n|t:|1699459058\n|switch|p2a: Normal Pokemon 4|Pheromosa, shiny|100\/100\n|turn|9\n|\n|t:|1699459062\n|move|p2a: Normal Pokemon 4|Ice Beam|p1a: No Ice Moves?\n|-supereffective|p1a: No Ice Moves?\n|-damage|p1a: No Ice Moves?|0 fnt\n|faint|p1a: No Ice Moves?\n|-ability|p2a: Normal Pokemon 4|Beast Boost|boost\n|-boost|p2a: Normal Pokemon 4|spe|1\n|\n|upkeep\n|c|\u2606Tuba_Archmage|ah no, he had ice moves\n|\n|t:|1699459073\n|switch|p1a: Other Best Here|Groudon|100\/100\n|detailschange|p1a: Other Best Here|Groudon-Primal\n|-primal|p1a: Other Best Here|Red Orb\n|-weather|DesolateLand|[from] ability: Desolate Land|[of] p1a: Other Best Here\n|turn|10\n|\n|t:|1699459079\n|move|p2a: Normal Pokemon 4|U-turn|p1a: Other Best Here\n|-resisted|p1a: Other Best Here\n|-damage|p1a: Other Best Here|88\/100\n|\n|t:|1699459082\n|switch|p2a: Rex|Kyogre|100\/100|[from] U-turn\n|detailschange|p2a: Rex|Kyogre-Primal\n|-primal|p2a: Rex|Blue Orb\n|-weather|PrimordialSea|[from] ability: Primordial Sea|[of] p2a: Rex\n|move|p1a: Other Best Here|Rock Polish|p1a: Other Best Here\n|-boost|p1a: Other Best Here|spe|2\n|\n|-weather|PrimordialSea|[upkeep]\n|upkeep\n|turn|11\n|\n|t:|1699459091\n|move|p1a: Other Best Here|Earthquake|p2a: Rex\n|-damage|p2a: Rex|48\/100\n|move|p2a: Rex|Origin Pulse|p1a: Other Best Here\n|-supereffective|p1a: Other Best Here\n|-damage|p1a: Other Best Here|0 fnt\n|faint|p1a: Other Best Here\n|\n|-weather|PrimordialSea|[upkeep]\n|upkeep\n|\n|t:|1699459098\n|switch|p1a: Steve Jobs|Regieleki|100\/100\n|turn|12\n|\n|t:|1699459103\n|move|p1a: Steve Jobs|Thunderbolt|p2a: Rex\n|-supereffective|p2a: Rex\n|-damage|p2a: Rex|0 fnt\n|faint|p2a: Rex\n|-weather|none\n|\n|upkeep\n|\n|t:|1699459107\n|switch|p2a: Cooler|Deoxys-Attack|100\/100\n|-ability|p2a: Cooler|Pressure\n|turn|13\n|\n|t:|1699459111\n|switch|p1a: Cool Marshadow|Banette, F|100\/100\n|-item|p2a: Cooler|Focus Sash|[from] ability: Frisk|[of] p1a: Cool Marshadow|[identify]\n|move|p2a: Cooler|Psycho Boost|p1a: Cool Marshadow\n|-damage|p1a: Cool Marshadow|0 fnt\n|-unboost|p2a: Cooler|spa|2\n|faint|p1a: Cool Marshadow\n|\n|upkeep\n|c|\u2606Tuba_Archmage|i wouldn't worry about it\n|\n|t:|1699459123\n|switch|p1a: Steve Jobs|Regieleki|100\/100\n|turn|14\n|\n|t:|1699459126\n|move|p1a: Steve Jobs|Thunderbolt|p2a: Cooler\n|-enditem|p2a: Cooler|Focus Sash\n|-damage|p2a: Cooler|1\/100\n|move|p2a: Cooler|Psycho Boost|p1a: Steve Jobs\n|-damage|p1a: Steve Jobs|6\/100\n|-unboost|p2a: Cooler|spa|2\n|\n|upkeep\n|turn|15\n|\n|t:|1699459134\n|move|p2a: Cooler|Extreme Speed|p1a: Steve Jobs\n|-damage|p1a: Steve Jobs|0 fnt\n|faint|p1a: Steve Jobs\n|\n|win|SuperSonic26 AU\n|raw|Tuba_Archmage's rating: 1345 &rarr; <strong>1327<\/strong><br \/>(-18 for losing)\n|raw|SuperSonic26 AU's rating: 1372 &rarr; <strong>1390<\/strong><br \/>(+18 for winning)\n|l|\u2606Tuba_Archmage\n","uploadtime":1699459140,"views":4,"p1id":"tubaarchmage","p2id":"supersonic26au","formatid":"gen9nationaldexubers","rating":1327,"private":0,"password":""}