{"id":"gen9nationaldexubers-1999151564","p1":"Tandemthrone","p2":"kreemate","format":"[Gen 9] National Dex Ubers","log":"|j|\u2606Tandemthrone\n|j|\u2606kreemate\n|t:|1701038800\n|gametype|singles\n|player|p1|Tandemthrone|plasmagrunt|1106\n|player|p2|kreemate|266|1066\n|teamsize|p1|6\n|teamsize|p2|6\n|gen|9\n|tier|[Gen 9] National Dex Ubers\n|rated|\n|rule|HP Percentage Mod: HP is shown in percentages\n|rule|Endless Battle Clause: Forcing endless battles is banned\n|rule|OHKO Clause: OHKO moves are banned\n|rule|Evasion Moves Clause: Evasion moves are banned\n|rule|Evasion Items Clause: Evasion items are banned\n|rule|Species Clause: Limit one of each Pok\u00e9mon\n|rule|Sleep Clause Mod: Limit one foe put to sleep\n|rule|Mega Rayquaza Clause: You cannot mega evolve Rayquaza\n|clearpoke\n|poke|p1|Donphan, M|\n|poke|p1|Marshadow|\n|poke|p1|Minior|\n|poke|p1|Glimmora, M|\n|poke|p1|Ribombee, M|\n|poke|p1|Togedemaru, M|\n|poke|p2|Electivire, F|\n|poke|p2|Infernape, F|\n|poke|p2|Samurott-Hisui, F|\n|poke|p2|Ferrothorn, F|\n|poke|p2|Swellow, M|\n|poke|p2|Snorlax, M|\n|teampreview\n|\n|t:|1701038808\n|start\n|switch|p1a: Preacher's aids|Glimmora, M, shiny|100\/100\n|switch|p2a: Ferrothorn|Ferrothorn, F|100\/100\n|turn|1\n|\n|t:|1701038815\n|move|p1a: Preacher's aids|Stealth Rock|p2a: Ferrothorn\n|-sidestart|p2: kreemate|move: Stealth Rock\n|move|p2a: Ferrothorn|Body Press|p1a: Preacher's aids\n|-damage|p1a: Preacher's aids|75\/100\n|-activate|p1a: Preacher's aids|ability: Toxic Debris\n|-sidestart|p2: kreemate|move: Toxic Spikes\n|\n|upkeep\n|turn|2\n|\n|t:|1701038824\n|move|p1a: Preacher's aids|Spikes|p2a: Ferrothorn\n|-sidestart|p2: kreemate|Spikes\n|move|p2a: Ferrothorn|Leech Seed|p1a: Preacher's aids\n|-start|p1a: Preacher's aids|move: Leech Seed\n|\n|-damage|p1a: Preacher's aids|62\/100|[from] Leech Seed|[of] p2a: Ferrothorn\n|upkeep\n|turn|3\n|\n|t:|1701038832\n|move|p1a: Preacher's aids|Spikes|p2a: Ferrothorn\n|-sidestart|p2: kreemate|Spikes\n|move|p2a: Ferrothorn|Body Press|p1a: Preacher's aids\n|-damage|p1a: Preacher's aids|36\/100\n|-activate|p1a: Preacher's aids|ability: Toxic Debris\n|-sidestart|p2: kreemate|move: Toxic Spikes\n|\n|-damage|p1a: Preacher's aids|23\/100|[from] Leech Seed|[of] p2a: Ferrothorn\n|upkeep\n|turn|4\n|\n|t:|1701038842\n|move|p1a: Preacher's aids|Spiky Shield|p1a: Preacher's aids\n|-singleturn|p1a: Preacher's aids|move: Protect\n|move|p2a: Ferrothorn|Body Press|p1a: Preacher's aids\n|-activate|p1a: Preacher's aids|move: Protect\n|-damage|p2a: Ferrothorn|88\/100|[from] Spiky Shield|[of] p1a: Preacher's aids\n|\n|-damage|p1a: Preacher's aids|11\/100|[from] Leech Seed|[of] p2a: Ferrothorn\n|-heal|p2a: Ferrothorn|100\/100|[silent]\n|upkeep\n|turn|5\n|\n|t:|1701038852\n|move|p1a: Preacher's aids|Spikes|p2a: Ferrothorn\n|-sidestart|p2: kreemate|Spikes\n|move|p2a: Ferrothorn|Body Press|p1a: Preacher's aids\n|-damage|p1a: Preacher's aids|0 fnt\n|faint|p1a: Preacher's aids\n|\n|upkeep\n|\n|t:|1701038866\n|switch|p1a: The Better waifu|Ribombee, M, shiny|100\/100\n|turn|6\n|\n|t:|1701038871\n|move|p1a: The Better waifu|Quiver Dance|p1a: The Better waifu\n|-boost|p1a: The Better waifu|spa|1\n|-boost|p1a: The Better waifu|spd|1\n|-boost|p1a: The Better waifu|spe|1\n|move|p2a: Ferrothorn|Leech Seed|p1a: The Better waifu\n|-start|p1a: The Better waifu|move: Leech Seed\n|\n|-damage|p1a: The Better waifu|88\/100|[from] Leech Seed|[of] p2a: Ferrothorn\n|upkeep\n|turn|7\n|\n|t:|1701038880\n|move|p2a: Ferrothorn|Protect|p2a: Ferrothorn\n|-singleturn|p2a: Ferrothorn|Protect\n|move|p1a: The Better waifu|Hidden Power|p2a: Ferrothorn\n|-activate|p2a: Ferrothorn|move: Protect\n|\n|-damage|p1a: The Better waifu|76\/100|[from] Leech Seed|[of] p2a: Ferrothorn\n|upkeep\n|turn|8\n|\n|t:|1701038888\n|move|p1a: The Better waifu|Hidden Power|p2a: Ferrothorn\n|-supereffective|p2a: Ferrothorn\n|-damage|p2a: Ferrothorn|14\/100\n|move|p2a: Ferrothorn|Body Press|p1a: The Better waifu\n|-resisted|p1a: The Better waifu\n|-damage|p1a: The Better waifu|62\/100\n|\n|-damage|p1a: The Better waifu|50\/100|[from] Leech Seed|[of] p2a: Ferrothorn\n|-heal|p2a: Ferrothorn|25\/100|[silent]\n|upkeep\n|turn|9\n|\n|t:|1701038898\n|move|p2a: Ferrothorn|Protect|p2a: Ferrothorn\n|-singleturn|p2a: Ferrothorn|Protect\n|move|p1a: The Better waifu|Quiver Dance|p1a: The Better waifu\n|-boost|p1a: The Better waifu|spa|1\n|-boost|p1a: The Better waifu|spd|1\n|-boost|p1a: The Better waifu|spe|1\n|\n|-damage|p1a: The Better waifu|38\/100|[from] Leech Seed|[of] p2a: Ferrothorn\n|-heal|p2a: Ferrothorn|36\/100|[silent]\n|upkeep\n|turn|10\n|\n|t:|1701038907\n|move|p1a: The Better waifu|Hidden Power|p2a: Ferrothorn\n|-supereffective|p2a: Ferrothorn\n|-damage|p2a: Ferrothorn|0 fnt\n|faint|p2a: Ferrothorn\n|\n|upkeep\n|\n|t:|1701038915\n|switch|p2a: Snorlax|Snorlax, M|100\/100\n|-damage|p2a: Snorlax|88\/100|[from] Stealth Rock\n|-status|p2a: Snorlax|tox\n|-damage|p2a: Snorlax|63\/100 tox|[from] Spikes\n|turn|11\n|\n|t:|1701038925\n|-terastallize|p1a: The Better waifu|Fairy\n|move|p1a: The Better waifu|Draining Kiss|p2a: Snorlax\n|-damage|p2a: Snorlax|31\/100 tox\n|-heal|p1a: The Better waifu|86\/100|[from] drain|[of] p2a: Snorlax\n|move|p2a: Snorlax|Rest|p2a: Snorlax\n|-status|p2a: Snorlax|slp|[from] move: Rest\n|-heal|p2a: Snorlax|100\/100 slp|[silent]\n|\n|-damage|p1a: The Better waifu|73\/100|[from] Leech Seed|[of] p2a: Snorlax\n|upkeep\n|turn|12\n|\n|t:|1701038946\n|move|p1a: The Better waifu|Sticky Web|p2a: Snorlax\n|-sidestart|p2: kreemate|move: Sticky Web\n|cant|p2a: Snorlax|slp\n|\n|-damage|p1a: The Better waifu|61\/100|[from] Leech Seed|[of] p2a: Snorlax\n|upkeep\n|turn|13\n|\n|t:|1701038955\n|move|p1a: The Better waifu|Quiver Dance|p1a: The Better waifu\n|-boost|p1a: The Better waifu|spa|1\n|-boost|p1a: The Better waifu|spd|1\n|-boost|p1a: The Better waifu|spe|1\n|cant|p2a: Snorlax|slp\n|\n|-damage|p1a: The Better waifu|49\/100|[from] Leech Seed|[of] p2a: Snorlax\n|upkeep\n|turn|14\n|\n|t:|1701038967\n|move|p1a: The Better waifu|Draining Kiss|p2a: Snorlax\n|-damage|p2a: Snorlax|60\/100 slp\n|-heal|p1a: The Better waifu|100\/100|[from] drain|[of] p2a: Snorlax\n|-curestatus|p2a: Snorlax|slp|[msg]\n|move|p2a: Snorlax|Body Slam|p1a: The Better waifu\n|-damage|p1a: The Better waifu|34\/100\n|\n|-heal|p2a: Snorlax|66\/100|[from] item: Leftovers\n|-damage|p1a: The Better waifu|22\/100|[from] Leech Seed|[of] p2a: Snorlax\n|-heal|p2a: Snorlax|72\/100|[silent]\n|upkeep\n|turn|15\n|\n|t:|1701038980\n|move|p1a: The Better waifu|Draining Kiss|p2a: Snorlax\n|-damage|p2a: Snorlax|33\/100\n|-heal|p1a: The Better waifu|81\/100|[from] drain|[of] p2a: Snorlax\n|move|p2a: Snorlax|Body Slam|p1a: The Better waifu\n|-damage|p1a: The Better waifu|16\/100\n|\n|-heal|p2a: Snorlax|39\/100|[from] item: Leftovers\n|-damage|p1a: The Better waifu|4\/100|[from] Leech Seed|[of] p2a: Snorlax\n|-heal|p2a: Snorlax|45\/100|[silent]\n|upkeep\n|turn|16\n|\n|t:|1701038992\n|move|p1a: The Better waifu|Draining Kiss|p2a: Snorlax\n|-damage|p2a: Snorlax|7\/100\n|-heal|p1a: The Better waifu|60\/100|[from] drain|[of] p2a: Snorlax\n|move|p2a: Snorlax|Body Slam|p1a: The Better waifu\n|-damage|p1a: The Better waifu|0 fnt\n|faint|p1a: The Better waifu\n|\n|-heal|p2a: Snorlax|13\/100|[from] item: Leftovers\n|upkeep\n|\n|t:|1701039002\n|switch|p1a: Togedemaru|Togedemaru, M|100\/100\n|turn|17\n|\n|t:|1701039009\n|switch|p2a: Electivire|Electivire, F|100\/100\n|-damage|p2a: Electivire|88\/100|[from] Stealth Rock\n|-status|p2a: Electivire|tox\n|-damage|p2a: Electivire|63\/100 tox|[from] Spikes\n|-activate|p2a: Electivire|move: Sticky Web\n|-unboost|p2a: Electivire|spe|1\n|move|p1a: Togedemaru|Nuzzle|p2a: Electivire\n|-ability|p2a: Electivire|Motor Drive|boost\n|-boost|p2a: Electivire|spe|1\n|\n|-heal|p2a: Electivire|69\/100 tox|[from] item: Leftovers\n|-damage|p2a: Electivire|63\/100 tox|[from] psn\n|upkeep\n|turn|18\n|\n|t:|1701039024\n|move|p1a: Togedemaru|Spiky Shield|p1a: Togedemaru\n|-singleturn|p1a: Togedemaru|move: Protect\n|move|p2a: Electivire|Earthquake|p1a: Togedemaru\n|-activate|p1a: Togedemaru|move: Protect\n|\n|-heal|p2a: Electivire|69\/100 tox|[from] item: Leftovers\n|-damage|p2a: Electivire|57\/100 tox|[from] psn\n|upkeep\n|turn|19\n|\n|t:|1701039037\n|switch|p1a: Preachers High|Minior, shiny|100\/100\n|-formechange|p1a: Preachers High|Minior-Meteor||[from] ability: Shields Down\n|move|p2a: Electivire|Earthquake|p1a: Preachers High\n|-immune|p1a: Preachers High\n|\n|-heal|p2a: Electivire|63\/100 tox|[from] item: Leftovers\n|-damage|p2a: Electivire|45\/100 tox|[from] psn\n|upkeep\n|turn|20\n|\n|t:|1701039051\n|switch|p2a: Samurott|Samurott-Hisui, F|100\/100\n|-damage|p2a: Samurott|88\/100|[from] Stealth Rock\n|-status|p2a: Samurott|tox\n|-damage|p2a: Samurott|63\/100 tox|[from] Spikes\n|-activate|p2a: Samurott|move: Sticky Web\n|-unboost|p2a: Samurott|spe|1\n|move|p1a: Preachers High|Shell Smash|p1a: Preachers High\n|-unboost|p1a: Preachers High|def|1\n|-unboost|p1a: Preachers High|spd|1\n|-boost|p1a: Preachers High|atk|2\n|-boost|p1a: Preachers High|spa|2\n|-boost|p1a: Preachers High|spe|2\n|\n|-heal|p2a: Samurott|69\/100 tox|[from] item: Leftovers\n|-damage|p2a: Samurott|63\/100 tox|[from] psn\n|upkeep\n|turn|21\n|\n|t:|1701039074\n|move|p1a: Preachers High|Iron Head|p2a: Samurott\n|-resisted|p2a: Samurott\n|-damage|p2a: Samurott|39\/100 tox\n|move|p2a: Samurott|Aqua Cutter|p1a: Preachers High\n|-supereffective|p1a: Preachers High\n|-enditem|p1a: Preachers High|Focus Sash\n|-damage|p1a: Preachers High|1\/100\n|\n|-heal|p2a: Samurott|46\/100 tox|[from] item: Leftovers\n|-damage|p2a: Samurott|33\/100 tox|[from] psn\n|-formechange|p1a: Preachers High|Minior||[from] ability: Shields Down\n|upkeep\n|turn|22\n|\n|t:|1701039094\n|move|p1a: Preachers High|Acrobatics|p2a: Samurott\n|-damage|p2a: Samurott|0 fnt\n|faint|p2a: Samurott\n|\n|upkeep\n|\n|t:|1701039099\n|switch|p2a: Infernape|Infernape, F|100\/100\n|-damage|p2a: Infernape|88\/100|[from] Stealth Rock\n|-status|p2a: Infernape|tox\n|-damage|p2a: Infernape|63\/100 tox|[from] Spikes\n|-activate|p2a: Infernape|move: Sticky Web\n|-unboost|p2a: Infernape|spe|1\n|turn|23\n|\n|t:|1701039119\n|switch|p1a: Jamal|Marshadow|100\/100\n|move|p2a: Infernape|Mach Punch|p1a: Jamal\n|-immune|p1a: Jamal\n|\n|-damage|p2a: Infernape|57\/100 tox|[from] psn\n|upkeep\n|turn|24\n|\n|t:|1701039133\n|move|p1a: Jamal|Shadow Sneak|p2a: Infernape\n|-damage|p2a: Infernape|8\/100 tox\n|move|p2a: Infernape|Fire Punch|p1a: Jamal\n|-damage|p1a: Jamal|44\/100\n|\n|-damage|p2a: Infernape|0 fnt|[from] psn\n|faint|p2a: Infernape\n|upkeep\n|\n|t:|1701039144\n|switch|p2a: Swellow|Swellow, M|100\/100\n|-damage|p2a: Swellow|76\/100|[from] Stealth Rock\n|turn|25\n|\n|t:|1701039151\n|move|p2a: Swellow|Protect|p2a: Swellow\n|-singleturn|p2a: Swellow|Protect\n|move|p1a: Jamal|Poison Jab|p2a: Swellow\n|-activate|p2a: Swellow|move: Protect\n|\n|-status|p2a: Swellow|brn|[from] item: Flame Orb\n|upkeep\n|turn|26\n|\n|t:|1701039163\n|move|p1a: Jamal|Poison Jab|p2a: Swellow\n|-damage|p2a: Swellow|26\/100 brn\n|move|p2a: Swellow|Brave Bird|p1a: Jamal\n|-supereffective|p1a: Jamal\n|-damage|p1a: Jamal|0 fnt\n|faint|p1a: Jamal\n|-damage|p2a: Swellow|8\/100 brn|[from] Recoil\n|\n|-damage|p2a: Swellow|2\/100 brn|[from] brn\n|upkeep\n|\n|t:|1701039173\n|switch|p1a: Donny wit da tims|Donphan, M, shiny|100\/100\n|turn|27\n|\n|t:|1701039180\n|move|p1a: Donny wit da tims|Ice Shard|p2a: Swellow\n|-supereffective|p2a: Swellow\n|-damage|p2a: Swellow|0 fnt\n|faint|p2a: Swellow\n|\n|upkeep\n|\n|t:|1701039185\n|switch|p2a: Snorlax|Snorlax, M|13\/100\n|-damage|p2a: Snorlax|1\/100|[from] Stealth Rock\n|-status|p2a: Snorlax|tox\n|-damage|p2a: Snorlax|0 fnt|[from] Spikes\n|-activate|p2a: Snorlax|move: Sticky Web\n|faint|p2a: Snorlax\n|\n|t:|1701039192\n|switch|p2a: Electivire|Electivire, F|45\/100 tox\n|-damage|p2a: Electivire|32\/100 tox|[from] Stealth Rock\n|-damage|p2a: Electivire|7\/100 tox|[from] Spikes\n|-activate|p2a: Electivire|move: Sticky Web\n|-unboost|p2a: Electivire|spe|1\n|turn|28\n|\n|t:|1701039201\n|move|p1a: Donny wit da tims|Ice Shard|p2a: Electivire\n|-damage|p2a: Electivire|0 fnt\n|faint|p2a: Electivire\n|\n|win|Tandemthrone\n|raw|Tandemthrone's rating: 1106 &rarr; <strong>1128<\/strong><br \/>(+22 for winning)\n|raw|kreemate's rating: 1066 &rarr; <strong>1048<\/strong><br \/>(-18 for losing)\n|l|\u2606kreemate\n","uploadtime":1701039206,"views":8,"p1id":"tandemthrone","p2id":"kreemate","formatid":"gen9nationaldexubers","rating":1048,"private":0,"password":""}