{"id":"gen9nationaldexubers-1979594013","p1":"Malice Incarnate","p2":"Destinum","format":"[Gen 9] National Dex Ubers","log":"|j|\u2606Malice Incarnate\n|j|\u2606Destinum\n|t:|1698695093\n|gametype|singles\n|player|p1|Malice Incarnate|palmer|\n|player|p2|Destinum|colress|\n|teamsize|p1|6\n|teamsize|p2|6\n|gen|9\n|tier|[Gen 9] National Dex Ubers\n|rule|HP Percentage Mod: HP is shown in percentages\n|rule|Endless Battle Clause: Forcing endless battles is banned\n|rule|OHKO Clause: OHKO moves are banned\n|rule|Evasion Moves Clause: Evasion moves are banned\n|rule|Evasion Items Clause: Evasion items are banned\n|rule|Species Clause: Limit one of each Pok\u00e9mon\n|rule|Sleep Clause Mod: Limit one foe put to sleep\n|rule|Mega Rayquaza Clause: You cannot mega evolve Rayquaza\n|clearpoke\n|poke|p1|Iron Valiant|\n|poke|p1|Thundurus-Therian, M|\n|poke|p1|Tapu Koko|\n|poke|p1|Gliscor, M|\n|poke|p1|Iron Treads|\n|poke|p1|Ogerpon-Wellspring, F|\n|poke|p2|Ninetales-Alola, F|\n|poke|p2|Darmanitan-Galar, M|\n|poke|p2|Avalugg, M|\n|poke|p2|Piloswine, M|\n|poke|p2|Calyrex-Ice|\n|poke|p2|Kyurem-White|\n|teampreview\n|inactive|Battle timer is ON: inactive players will automatically lose when time's up. (requested by Malice Incarnate)\n|c|\u2606Malice Incarnate|tera ice thundy t\n|j| ArcticIzagi\n|j| Astro Rifk\n|inactive|Destinum has 270 seconds left.\n|\n|t:|1698695139\n|start\n|switch|p1a: You See Me Crying|Ogerpon-Wellspring, F|100\/100\n|switch|p2a: Chris P. Bacon|Piloswine, M|100\/100\n|turn|1\n|\n|t:|1698695147\n|move|p1a: You See Me Crying|Ivy Cudgel|p2a: Chris P. Bacon\n|-supereffective|p2a: Chris P. Bacon\n|-damage|p2a: Chris P. Bacon|23\/100\n|move|p2a: Chris P. Bacon|Stealth Rock|p1a: You See Me Crying\n|-sidestart|p1: Malice Incarnate|move: Stealth Rock\n|\n|upkeep\n|turn|2\n|\n|t:|1698695151\n|switch|p2a: Titanic Terminator|Avalugg, M|100\/100\n|move|p1a: You See Me Crying|Swords Dance|p1a: You See Me Crying\n|-boost|p1a: You See Me Crying|atk|2\n|\n|upkeep\n|turn|3\n|\n|t:|1698695155\n|move|p1a: You See Me Crying|Ivy Cudgel|p2a: Titanic Terminator\n|-damage|p2a: Titanic Terminator|52\/100\n|move|p2a: Titanic Terminator|Body Press|p1a: You See Me Crying\n|-damage|p1a: You See Me Crying|48\/100\n|\n|upkeep\n|turn|4\n|\n|t:|1698695160\n|move|p1a: You See Me Crying|Horn Leech|p2a: Titanic Terminator\n|-damage|p2a: Titanic Terminator|15\/100\n|-heal|p1a: You See Me Crying|72\/100|[from] drain|[of] p2a: Titanic Terminator\n|move|p2a: Titanic Terminator|Body Press|p1a: You See Me Crying\n|-damage|p1a: You See Me Crying|23\/100\n|\n|upkeep\n|turn|5\n|\n|t:|1698695169\n|move|p1a: You See Me Crying|Ivy Cudgel|p2a: Titanic Terminator\n|-damage|p2a: Titanic Terminator|0 fnt\n|faint|p2a: Titanic Terminator\n|\n|upkeep\n|\n|t:|1698695171\n|switch|p2a: I Choose Violence|Darmanitan-Galar, M|100\/100\n|turn|6\n|\n|t:|1698695173\n|move|p2a: I Choose Violence|U-turn|p1a: You See Me Crying\n|-supereffective|p1a: You See Me Crying\n|-damage|p1a: You See Me Crying|0 fnt\n|faint|p1a: You See Me Crying\n|\n|t:|1698695180\n|switch|p2a: Let It Go|Ninetales-Alola, F|100\/100|[from] U-turn\n|-weather|Snow|[from] ability: Snow Warning|[of] p2a: Let It Go\n|\n|-weather|Snow|[upkeep]\n|upkeep\n|\n|t:|1698695202\n|switch|p1a: Sweet But a Psycho|Tapu Koko|100\/100\n|-fieldstart|move: Electric Terrain|[from] ability: Electric Surge|[of] p1a: Sweet But a Psycho\n|turn|7\n|\n|t:|1698695212\n|move|p1a: Sweet But a Psycho|Thunderbolt|p2a: Let It Go\n|-damage|p2a: Let It Go|40\/100\n|move|p2a: Let It Go|Aurora Veil|p2a: Let It Go\n|-sidestart|p2: Destinum|move: Aurora Veil\n|\n|-weather|Snow|[upkeep]\n|upkeep\n|turn|8\n|\n|t:|1698695218\n|switch|p2a: Carolus Rex|Calyrex-Ice|100\/100\n|-ability|p2a: Carolus Rex|As One\n|-ability|p2a: Carolus Rex|Unnerve\n|move|p1a: Sweet But a Psycho|Grass Knot|p2a: Carolus Rex\n|-damage|p2a: Carolus Rex|90\/100\n|\n|-weather|Snow|[upkeep]\n|upkeep\n|turn|9\n|\n|t:|1698695225\n|move|p1a: Sweet But a Psycho|Thunderbolt|p2a: Carolus Rex\n|-damage|p2a: Carolus Rex|72\/100\n|-status|p2a: Carolus Rex|par\n|move|p2a: Carolus Rex|Swords Dance|p2a: Carolus Rex\n|-boost|p2a: Carolus Rex|atk|2\n|\n|-weather|Snow|[upkeep]\n|upkeep\n|turn|10\n|\n|t:|1698695231\n|move|p1a: Sweet But a Psycho|U-turn|p2a: Carolus Rex\n|-supereffective|p2a: Carolus Rex\n|-damage|p2a: Carolus Rex|67\/100 par\n|\n|t:|1698695234\n|switch|p1a: I'm Toxic|Gliscor, M|100\/100|[from] U-turn\n|-damage|p1a: I'm Toxic|88\/100|[from] Stealth Rock\n|move|p2a: Carolus Rex|Trick Room|p2a: Carolus Rex\n|-fieldstart|move: Trick Room|[of] p2a: Carolus Rex\n|\n|-weather|none\n|-status|p1a: I'm Toxic|tox|[from] item: Toxic Orb\n|upkeep\n|turn|11\n|\n|t:|1698695239\n|move|p2a: Carolus Rex|Glacial Lance|p1a: I'm Toxic\n|-supereffective|p1a: I'm Toxic\n|-crit|p1a: I'm Toxic\n|-damage|p1a: I'm Toxic|0 fnt\n|faint|p1a: I'm Toxic\n|-ability|p2a: Carolus Rex|Chilling Neigh|boost\n|-boost|p2a: Carolus Rex|atk|1\n|\n|-fieldend|move: Electric Terrain\n|upkeep\n|\n|t:|1698695246\n|switch|p1a: Fuck Sash Shadow|Thundurus-Therian, M|100\/100\n|-damage|p1a: Fuck Sash Shadow|76\/100|[from] Stealth Rock\n|turn|12\n|c|\u2606Destinum|This para is gonna fuck me over.\n|\n|t:|1698695253\n|-terastallize|p1a: Fuck Sash Shadow|Ice\n|move|p2a: Carolus Rex|Close Combat|p1a: Fuck Sash Shadow\n|-supereffective|p1a: Fuck Sash Shadow\n|-damage|p1a: Fuck Sash Shadow|0 fnt\n|-unboost|p2a: Carolus Rex|def|1\n|-unboost|p2a: Carolus Rex|spd|1\n|faint|p1a: Fuck Sash Shadow\n|-ability|p2a: Carolus Rex|Chilling Neigh|boost\n|-boost|p2a: Carolus Rex|atk|1\n|\n|upkeep\n|c|\u2606Malice Incarnate|yup\n|c|\u2606Malice Incarnate|damn\n|\n|t:|1698695260\n|switch|p1a: Sweet But a Psycho|Tapu Koko|100\/100\n|-fieldstart|move: Electric Terrain|[from] ability: Electric Surge|[of] p1a: Sweet But a Psycho\n|turn|13\n|c|\u2606Malice Incarnate|come on\n|\n|t:|1698695265\n|move|p2a: Carolus Rex|Glacial Lance|p1a: Sweet But a Psycho\n|-damage|p1a: Sweet But a Psycho|0 fnt\n|faint|p1a: Sweet But a Psycho\n|-ability|p2a: Carolus Rex|Chilling Neigh|boost\n|-boost|p2a: Carolus Rex|atk|1\n|\n|upkeep\n|\n|t:|1698695269\n|switch|p1a: Rolling Stones|Iron Treads|100\/100\n|-damage|p1a: Rolling Stones|97\/100|[from] Stealth Rock\n|-activate|p1a: Rolling Stones|ability: Quark Drive\n|-start|p1a: Rolling Stones|quarkdrivespd\n|turn|14\n|\n|t:|1698695274\n|cant|p2a: Carolus Rex|par\n|move|p1a: Rolling Stones|Iron Head|p2a: Carolus Rex\n|-supereffective|p2a: Carolus Rex\n|-damage|p2a: Carolus Rex|41\/100 par\n|\n|-sideend|p2: Destinum|move: Aurora Veil\n|-fieldend|move: Trick Room\n|upkeep\n|turn|15\n|\n|t:|1698695278\n|move|p1a: Rolling Stones|Iron Head|p2a: Carolus Rex\n|-supereffective|p2a: Carolus Rex\n|-damage|p2a: Carolus Rex|0 fnt\n|faint|p2a: Carolus Rex\n|\n|upkeep\n|\n|t:|1698695291\n|switch|p2a: Let It Go|Ninetales-Alola, F|40\/100\n|-weather|Snow|[from] ability: Snow Warning|[of] p2a: Let It Go\n|turn|16\n|\n|t:|1698695294\n|move|p2a: Let It Go|Aurora Veil|p2a: Let It Go\n|-sidestart|p2: Destinum|move: Aurora Veil\n|move|p1a: Rolling Stones|Rapid Spin|p2a: Let It Go\n|-damage|p2a: Let It Go|34\/100\n|-boost|p1a: Rolling Stones|spe|1\n|-sideend|p1: Malice Incarnate|Stealth Rock|[from] move: Rapid Spin|[of] p1a: Rolling Stones\n|\n|-weather|Snow|[upkeep]\n|upkeep\n|turn|17\n|\n|t:|1698695308\n|switch|p2a: Chris P. Bacon|Piloswine, M|23\/100\n|move|p1a: Rolling Stones|Rapid Spin|p2a: Chris P. Bacon\n|-damage|p2a: Chris P. Bacon|20\/100\n|-boost|p1a: Rolling Stones|spe|1\n|\n|-weather|Snow|[upkeep]\n|-fieldend|move: Electric Terrain\n|-end|p1a: Rolling Stones|Quark Drive\n|upkeep\n|turn|18\n|\n|t:|1698695310\n|move|p1a: Rolling Stones|Iron Head|p2a: Chris P. Bacon\n|-supereffective|p2a: Chris P. Bacon\n|-damage|p2a: Chris P. Bacon|5\/100\n|move|p2a: Chris P. Bacon|Earthquake|p1a: Rolling Stones\n|-supereffective|p1a: Rolling Stones\n|-damage|p1a: Rolling Stones|38\/100\n|\n|-weather|Snow|[upkeep]\n|upkeep\n|turn|19\n|\n|t:|1698695316\n|move|p2a: Chris P. Bacon|Ice Shard|p1a: Rolling Stones\n|-damage|p1a: Rolling Stones|27\/100\n|move|p1a: Rolling Stones|Iron Head|p2a: Chris P. Bacon\n|-supereffective|p2a: Chris P. Bacon\n|-damage|p2a: Chris P. Bacon|0 fnt\n|faint|p2a: Chris P. Bacon\n|\n|-weather|Snow|[upkeep]\n|upkeep\n|\n|t:|1698695331\n|switch|p2a: A Madafaking T-Rex|Kyurem-White|100\/100\n|-ability|p2a: A Madafaking T-Rex|Turboblaze\n|turn|20\n|\n|t:|1698695340\n|move|p1a: Rolling Stones|Earthquake|p2a: A Madafaking T-Rex\n|-damage|p2a: A Madafaking T-Rex|88\/100\n|move|p2a: A Madafaking T-Rex|Freeze-Dry|p1a: Rolling Stones\n|-damage|p1a: Rolling Stones|0 fnt\n|faint|p1a: Rolling Stones\n|-end|p1a: Rolling Stones|Quark Drive|[silent]\n|\n|-weather|none\n|upkeep\n|\n|t:|1698695342\n|switch|p1a: Iron Valiant|Iron Valiant|100\/100\n|turn|21\n|\n|t:|1698695345\n|move|p1a: Iron Valiant|Moonblast|p2a: A Madafaking T-Rex\n|-supereffective|p2a: A Madafaking T-Rex\n|-damage|p2a: A Madafaking T-Rex|43\/100\n|move|p2a: A Madafaking T-Rex|Freeze-Dry|p1a: Iron Valiant\n|-damage|p1a: Iron Valiant|0 fnt\n|faint|p1a: Iron Valiant\n|-end|p1a: Iron Valiant|Quark Drive|[silent]\n|\n|win|Destinum\n|c|\u2606Malice Incarnate|gg\n|c|\u2606Destinum|gg\n|c|\u2606Malice Incarnate|calyice is so stupid\n|c|\u2606Malice Incarnate|its unkillable\n|c|\u2606Destinum|Aurora Veil do be like that.\n","uploadtime":1698695372,"views":10,"p1id":"maliceincarnate","p2id":"destinum","formatid":"gen9nationaldexubers","rating":0,"private":0,"password":""}