{"id":"gen9nationaldexubers-1979007538","p1":"Omey","p2":"Lucarr10","format":"[Gen 9] National Dex Ubers","log":"|j|\u2606Omey\n|j|\u2606Lucarr10\n|t:|1698620422\n|gametype|singles\n|player|p1|Omey|galacticgrunt|\n|player|p2|Lucarr10|clair|\n|teamsize|p1|4\n|teamsize|p2|4\n|gen|9\n|tier|[Gen 9] National Dex Ubers\n|rule|HP Percentage Mod: HP is shown in percentages\n|rule|Endless Battle Clause: Forcing endless battles is banned\n|rule|OHKO Clause: OHKO moves are banned\n|rule|Evasion Moves Clause: Evasion moves are banned\n|rule|Evasion Items Clause: Evasion items are banned\n|rule|Species Clause: Limit one of each Pok\u00e9mon\n|rule|Sleep Clause Mod: Limit one foe put to sleep\n|rule|Mega Rayquaza Clause: You cannot mega evolve Rayquaza\n|clearpoke\n|poke|p1|Gardevoir, M|\n|poke|p1|Sandaconda, M|\n|poke|p1|Swampert, M|\n|poke|p1|Toxapex, M|\n|poke|p2|Golem-Alola, M|\n|poke|p2|Toxapex, F|\n|poke|p2|Shuckle, M|\n|poke|p2|Reuniclus, F|\n|teampreview\n|c|\u2606Lucarr10|gl again\n|c|\u2606Omey|u2\n|\n|t:|1698620447\n|start\n|switch|p1a: robbie rotten|Toxapex, M|100\/100\n|switch|p2a: Big Stall \u2122|Toxapex, F|100\/100\n|turn|1\n|\n|t:|1698620461\n|move|p1a: robbie rotten|Knock Off|p2a: Big Stall \u2122\n|-damage|p2a: Big Stall \u2122|84\/100\n|-enditem|p2a: Big Stall \u2122|Choice Band|[from] move: Knock Off|[of] p1a: robbie rotten\n|move|p2a: Big Stall \u2122|Knock Off|p1a: robbie rotten\n|-damage|p1a: robbie rotten|82\/100\n|-enditem|p1a: robbie rotten|Leftovers|[from] move: Knock Off|[of] p2a: Big Stall \u2122\n|\n|upkeep\n|turn|2\n|\n|t:|1698620479\n|move|p2a: Big Stall \u2122|Poison Jab|p1a: robbie rotten\n|-resisted|p1a: robbie rotten\n|-damage|p1a: robbie rotten|70\/100\n|move|p1a: robbie rotten|Knock Off|p2a: Big Stall \u2122\n|-crit|p2a: Big Stall \u2122\n|-damage|p2a: Big Stall \u2122|65\/100\n|\n|upkeep\n|turn|3\n|\n|t:|1698620492\n|move|p2a: Big Stall \u2122|Poison Jab|p1a: robbie rotten\n|-resisted|p1a: robbie rotten\n|-crit|p1a: robbie rotten\n|-damage|p1a: robbie rotten|53\/100\n|move|p1a: robbie rotten|Gunk Shot|p2a: Big Stall \u2122\n|-resisted|p2a: Big Stall \u2122\n|-damage|p2a: Big Stall \u2122|46\/100\n|\n|upkeep\n|turn|4\n|\n|t:|1698620502\n|move|p2a: Big Stall \u2122|Poison Jab|p1a: robbie rotten\n|-resisted|p1a: robbie rotten\n|-damage|p1a: robbie rotten|41\/100\n|move|p1a: robbie rotten|Recover|p1a: robbie rotten\n|-heal|p1a: robbie rotten|92\/100\n|\n|upkeep\n|turn|5\n|\n|t:|1698620516\n|switch|p1a: Horace Slughorn|Sandaconda, M, shiny|100\/100\n|move|p2a: Big Stall \u2122|Poison Jab|p1a: Horace Slughorn\n|-resisted|p1a: Horace Slughorn\n|-crit|p1a: Horace Slughorn\n|-damage|p1a: Horace Slughorn|87\/100\n|-weather|Sandstorm|[from] ability: Sand Spit|[of] p1a: Horace Slughorn\n|\n|-weather|Sandstorm|[upkeep]\n|-damage|p2a: Big Stall \u2122|40\/100|[from] Sandstorm\n|-heal|p1a: Horace Slughorn|93\/100|[from] item: Leftovers\n|upkeep\n|turn|6\n|\n|t:|1698620531\n|switch|p2a: shell-shocked|Shuckle, M|100\/100\n|move|p1a: Horace Slughorn|Earthquake|p2a: shell-shocked\n|-damage|p2a: shell-shocked|78\/100\n|\n|-weather|Sandstorm|[upkeep]\n|-heal|p1a: Horace Slughorn|99\/100|[from] item: Leftovers\n|-heal|p2a: shell-shocked|84\/100|[from] item: Leftovers\n|upkeep\n|turn|7\n|\n|t:|1698620554\n|switch|p1a: robbie rotten|Toxapex, M|92\/100\n|move|p2a: shell-shocked|Shell Smash|p2a: shell-shocked\n|-boost|p2a: shell-shocked|def|1\n|-boost|p2a: shell-shocked|spd|1\n|-unboost|p2a: shell-shocked|atk|2\n|-unboost|p2a: shell-shocked|spa|2\n|-unboost|p2a: shell-shocked|spe|2\n|\n|-weather|Sandstorm|[upkeep]\n|-damage|p1a: robbie rotten|86\/100|[from] Sandstorm\n|-heal|p2a: shell-shocked|90\/100|[from] item: Leftovers\n|upkeep\n|turn|8\n|\n|t:|1698620573\n|switch|p2a: Wario|Golem-Alola, M, shiny|100\/100\n|move|p1a: robbie rotten|Knock Off|p2a: Wario\n|-damage|p2a: Wario|85\/100\n|-enditem|p2a: Wario|Assault Vest|[from] move: Knock Off|[of] p1a: robbie rotten\n|\n|-weather|Sandstorm|[upkeep]\n|-damage|p1a: robbie rotten|80\/100|[from] Sandstorm\n|upkeep\n|turn|9\n|\n|t:|1698620606\n|switch|p1a: Horace Slughorn|Sandaconda, M, shiny|99\/100\n|move|p2a: Wario|Wild Charge|p1a: Horace Slughorn\n|-immune|p1a: Horace Slughorn\n|\n|-weather|none\n|-heal|p1a: Horace Slughorn|100\/100|[from] item: Leftovers\n|upkeep\n|turn|10\n|\n|t:|1698620619\n|switch|p2a: shell-shocked|Shuckle, M|90\/100\n|move|p1a: Horace Slughorn|Glare|p2a: shell-shocked\n|-status|p2a: shell-shocked|par\n|\n|-heal|p2a: shell-shocked|96\/100 par|[from] item: Leftovers\n|upkeep\n|turn|11\n|\n|t:|1698620629\n|switch|p1a: robbie rotten|Toxapex, M|80\/100\n|move|p2a: shell-shocked|Infestation|p1a: robbie rotten\n|-resisted|p1a: robbie rotten\n|-damage|p1a: robbie rotten|79\/100\n|-activate|p1a: robbie rotten|move: Infestation|[of] p2a: shell-shocked\n|\n|-heal|p2a: shell-shocked|100\/100 par|[from] item: Leftovers\n|-damage|p1a: robbie rotten|67\/100|[from] move: Infestation|[partiallytrapped]\n|upkeep\n|turn|12\n|\n|t:|1698620640\n|switch|p2a: Wario|Golem-Alola, M, shiny|85\/100\n|move|p1a: robbie rotten|Gunk Shot|p2a: Wario\n|-resisted|p2a: Wario\n|-damage|p2a: Wario|70\/100\n|\n|-end|p1a: robbie rotten|Infestation|[partiallytrapped]|[silent]\n|upkeep\n|turn|13\n|\n|t:|1698620648\n|move|p1a: robbie rotten|Baneful Bunker|p1a: robbie rotten\n|-singleturn|p1a: robbie rotten|move: Protect\n|move|p2a: Wario|Wild Charge|p1a: robbie rotten\n|-activate|p1a: robbie rotten|move: Protect\n|-status|p2a: Wario|psn\n|\n|-damage|p2a: Wario|57\/100 psn|[from] psn\n|upkeep\n|turn|14\n|\n|t:|1698620657\n|switch|p1a: Horace Slughorn|Sandaconda, M, shiny|100\/100\n|move|p2a: Wario|Wild Charge|p1a: Horace Slughorn\n|-immune|p1a: Horace Slughorn\n|\n|-damage|p2a: Wario|45\/100 psn|[from] psn\n|upkeep\n|turn|15\n|\n|t:|1698620671\n|switch|p2a: shell-shocked|Shuckle, M|100\/100 par\n|move|p1a: Horace Slughorn|Earthquake|p2a: shell-shocked\n|-damage|p2a: shell-shocked|78\/100 par\n|\n|-heal|p2a: shell-shocked|85\/100 par|[from] item: Leftovers\n|upkeep\n|turn|16\n|\n|t:|1698620680\n|switch|p1a: robbie rotten|Toxapex, M|67\/100\n|cant|p2a: shell-shocked|par\n|\n|-heal|p2a: shell-shocked|91\/100 par|[from] item: Leftovers\n|upkeep\n|turn|17\n|\n|t:|1698620691\n|switch|p2a: Wario|Golem-Alola, M, shiny|45\/100 psn\n|move|p1a: robbie rotten|Recover|p1a: robbie rotten\n|-heal|p1a: robbie rotten|100\/100\n|\n|-damage|p2a: Wario|33\/100 psn|[from] psn\n|upkeep\n|turn|18\n|\n|t:|1698620702\n|move|p1a: robbie rotten|Baneful Bunker|p1a: robbie rotten\n|-singleturn|p1a: robbie rotten|move: Protect\n|move|p2a: Wario|Wild Charge|p1a: robbie rotten\n|-activate|p1a: robbie rotten|move: Protect\n|\n|-damage|p2a: Wario|20\/100 psn|[from] psn\n|upkeep\n|turn|19\n|\n|t:|1698620711\n|switch|p1a: Horace Slughorn|Sandaconda, M, shiny|100\/100\n|switch|p2a: shell-shocked|Shuckle, M|91\/100 par\n|\n|-heal|p2a: shell-shocked|97\/100 par|[from] item: Leftovers\n|upkeep\n|turn|20\n|\n|t:|1698620719\n|switch|p1a: robbie rotten|Toxapex, M|100\/100\n|move|p2a: shell-shocked|Infestation|p1a: robbie rotten\n|-resisted|p1a: robbie rotten\n|-damage|p1a: robbie rotten|99\/100\n|-activate|p1a: robbie rotten|move: Infestation|[of] p2a: shell-shocked\n|\n|-heal|p2a: shell-shocked|100\/100 par|[from] item: Leftovers\n|-damage|p1a: robbie rotten|88\/100|[from] move: Infestation|[partiallytrapped]\n|upkeep\n|turn|21\n|\n|t:|1698620741\n|switch|p2a: Blueberry Jello|Reuniclus, F|100\/100\n|move|p1a: robbie rotten|Knock Off|p2a: Blueberry Jello\n|-supereffective|p2a: Blueberry Jello\n|-damage|p2a: Blueberry Jello|55\/100\n|-enditem|p2a: Blueberry Jello|Assault Vest|[from] move: Knock Off|[of] p1a: robbie rotten\n|\n|-end|p1a: robbie rotten|Infestation|[partiallytrapped]|[silent]\n|upkeep\n|turn|22\n|\n|t:|1698620755\n|switch|p1a: i wanna be tracer|Gardevoir, M|100\/100\n|-ability|p1a: i wanna be tracer|Regenerator|[from] ability: Trace|[of] p2a: Blueberry Jello\n|move|p2a: Blueberry Jello|Future Sight|p1a: i wanna be tracer\n|-start|p2a: Blueberry Jello|move: Future Sight\n|\n|upkeep\n|turn|23\n|\n|t:|1698620765\n|switch|p2a: Big Stall \u2122|Toxapex, F|74\/100\n|move|p1a: i wanna be tracer|Draining Kiss|p2a: Big Stall \u2122\n|-resisted|p2a: Big Stall \u2122\n|-damage|p2a: Big Stall \u2122|64\/100\n|\n|upkeep\n|turn|24\n|\n|t:|1698620792\n|move|p1a: i wanna be tracer|Stored Power|p2a: Big Stall \u2122\n|-supereffective|p2a: Big Stall \u2122\n|-damage|p2a: Big Stall \u2122|46\/100\n|move|p2a: Big Stall \u2122|Knock Off|p1a: i wanna be tracer\n|-damage|p1a: i wanna be tracer|57\/100\n|-enditem|p1a: i wanna be tracer|Salac Berry|[from] move: Knock Off|[of] p2a: Big Stall \u2122\n|\n|-end|p1a: i wanna be tracer|move: Future Sight\n|-resisted|p1a: i wanna be tracer\n|-damage|p1a: i wanna be tracer|19\/100\n|upkeep\n|turn|25\n|\n|t:|1698620811\n|move|p1a: i wanna be tracer|Calm Mind|p1a: i wanna be tracer\n|-boost|p1a: i wanna be tracer|spa|1\n|-boost|p1a: i wanna be tracer|spd|1\n|move|p2a: Big Stall \u2122|Knock Off|p1a: i wanna be tracer\n|-damage|p1a: i wanna be tracer|0 fnt\n|faint|p1a: i wanna be tracer\n|\n|upkeep\n|\n|t:|1698620821\n|switch|p1a: Oops! All HMs!|Swampert, M|100\/100\n|turn|26\n|\n|t:|1698620833\n|switch|p2a: shell-shocked|Shuckle, M|100\/100 par\n|move|p1a: Oops! All HMs!|Earthquake|p2a: shell-shocked\n|-damage|p2a: shell-shocked|56\/100 par\n|\n|-heal|p2a: shell-shocked|62\/100 par|[from] item: Leftovers\n|upkeep\n|turn|27\n|\n|t:|1698620866\n|switch|p1a: robbie rotten|Toxapex, M|88\/100\n|cant|p2a: shell-shocked|par\n|\n|-heal|p2a: shell-shocked|69\/100 par|[from] item: Leftovers\n|upkeep\n|turn|28\n|\n|t:|1698620875\n|switch|p2a: Blueberry Jello|Reuniclus, F|88\/100\n|move|p1a: robbie rotten|Knock Off|p2a: Blueberry Jello\n|-supereffective|p2a: Blueberry Jello\n|-damage|p2a: Blueberry Jello|57\/100\n|\n|upkeep\n|turn|29\n|\n|t:|1698620887\n|move|p1a: robbie rotten|Gunk Shot|p2a: Blueberry Jello|[miss]\n|-miss|p1a: robbie rotten|p2a: Blueberry Jello\n|move|p2a: Blueberry Jello|Future Sight|p1a: robbie rotten\n|-start|p2a: Blueberry Jello|move: Future Sight\n|\n|upkeep\n|turn|30\n|\n|t:|1698620897\n|move|p1a: robbie rotten|Gunk Shot|p2a: Blueberry Jello\n|-damage|p2a: Blueberry Jello|12\/100\n|-status|p2a: Blueberry Jello|psn\n|move|p2a: Blueberry Jello|Psyshock|p1a: robbie rotten\n|-supereffective|p1a: robbie rotten\n|-damage|p1a: robbie rotten|24\/100\n|\n|-damage|p2a: Blueberry Jello|0 fnt|[from] psn\n|faint|p2a: Blueberry Jello\n|upkeep\n|\n|t:|1698620910\n|switch|p2a: Wario|Golem-Alola, M, shiny|20\/100 psn\n|turn|31\n|\n|t:|1698620923\n|switch|p1a: Horace Slughorn|Sandaconda, M, shiny|100\/100\n|switch|p2a: shell-shocked|Shuckle, M|69\/100 par\n|\n|-end|p1a: Horace Slughorn|move: Future Sight\n|-damage|p1a: Horace Slughorn|17\/100\n|-weather|Sandstorm|[from] ability: Sand Spit|[of] p1a: Horace Slughorn\n|-heal|p1a: Horace Slughorn|23\/100|[from] item: Leftovers\n|-heal|p2a: shell-shocked|75\/100 par|[from] item: Leftovers\n|upkeep\n|turn|32\n|\n|t:|1698620938\n|switch|p1a: robbie rotten|Toxapex, M|24\/100\n|move|p2a: shell-shocked|Infestation|p1a: robbie rotten\n|-resisted|p1a: robbie rotten\n|-damage|p1a: robbie rotten|23\/100\n|-activate|p1a: robbie rotten|move: Infestation|[of] p2a: shell-shocked\n|\n|-weather|Sandstorm|[upkeep]\n|-damage|p1a: robbie rotten|17\/100|[from] Sandstorm\n|-heal|p2a: shell-shocked|81\/100 par|[from] item: Leftovers\n|-damage|p1a: robbie rotten|5\/100|[from] move: Infestation|[partiallytrapped]\n|upkeep\n|turn|33\n|\n|t:|1698620959\n|switch|p2a: Big Stall \u2122|Toxapex, F|79\/100\n|move|p1a: robbie rotten|Recover|p1a: robbie rotten\n|-heal|p1a: robbie rotten|55\/100\n|\n|-weather|Sandstorm|[upkeep]\n|-damage|p2a: Big Stall \u2122|73\/100|[from] Sandstorm\n|-damage|p1a: robbie rotten|49\/100|[from] Sandstorm\n|-end|p1a: robbie rotten|Infestation|[partiallytrapped]|[silent]\n|upkeep\n|turn|34\n|\n|t:|1698620971\n|move|p2a: Big Stall \u2122|Liquidation|p1a: robbie rotten\n|-resisted|p1a: robbie rotten\n|-damage|p1a: robbie rotten|38\/100\n|-unboost|p1a: robbie rotten|def|1\n|move|p1a: robbie rotten|Recover|p1a: robbie rotten\n|-heal|p1a: robbie rotten|88\/100\n|\n|-weather|Sandstorm|[upkeep]\n|-damage|p2a: Big Stall \u2122|67\/100|[from] Sandstorm\n|-damage|p1a: robbie rotten|82\/100|[from] Sandstorm\n|upkeep\n|turn|35\n|\n|t:|1698620983\n|move|p1a: robbie rotten|Knock Off|p2a: Big Stall \u2122\n|-damage|p2a: Big Stall \u2122|55\/100\n|move|p2a: Big Stall \u2122|Liquidation|p1a: robbie rotten\n|-resisted|p1a: robbie rotten\n|-crit|p1a: robbie rotten\n|-damage|p1a: robbie rotten|56\/100\n|-unboost|p1a: robbie rotten|def|1\n|\n|-weather|Sandstorm|[upkeep]\n|-damage|p2a: Big Stall \u2122|49\/100|[from] Sandstorm\n|-damage|p1a: robbie rotten|50\/100|[from] Sandstorm\n|upkeep\n|turn|36\n|\n|t:|1698621003\n|move|p1a: robbie rotten|Recover|p1a: robbie rotten\n|-heal|p1a: robbie rotten|100\/100\n|move|p2a: Big Stall \u2122|Liquidation|p1a: robbie rotten\n|-resisted|p1a: robbie rotten\n|-damage|p1a: robbie rotten|77\/100\n|\n|-weather|none\n|upkeep\n|turn|37\n|\n|t:|1698621015\n|move|p2a: Big Stall \u2122|Poison Jab|p1a: robbie rotten\n|-resisted|p1a: robbie rotten\n|-damage|p1a: robbie rotten|56\/100\n|move|p1a: robbie rotten|Knock Off|p2a: Big Stall \u2122\n|-damage|p2a: Big Stall \u2122|37\/100\n|\n|upkeep\n|turn|38\n|\n|t:|1698621023\n|move|p1a: robbie rotten|Recover|p1a: robbie rotten\n|-heal|p1a: robbie rotten|100\/100\n|move|p2a: Big Stall \u2122|Poison Jab|p1a: robbie rotten\n|-resisted|p1a: robbie rotten\n|-damage|p1a: robbie rotten|77\/100\n|\n|upkeep\n|turn|39\n|\n|t:|1698621031\n|move|p1a: robbie rotten|Gunk Shot|p2a: Big Stall \u2122\n|-resisted|p2a: Big Stall \u2122\n|-damage|p2a: Big Stall \u2122|20\/100\n|move|p2a: Big Stall \u2122|Poison Jab|p1a: robbie rotten\n|-resisted|p1a: robbie rotten\n|-damage|p1a: robbie rotten|52\/100\n|\n|upkeep\n|turn|40\n|\n|t:|1698621040\n|switch|p2a: Wario|Golem-Alola, M, shiny|20\/100 psn\n|move|p1a: robbie rotten|Recover|p1a: robbie rotten\n|-heal|p1a: robbie rotten|100\/100\n|\n|-damage|p2a: Wario|8\/100 psn|[from] psn\n|upkeep\n|turn|41\n|\n|t:|1698621063\n|move|p1a: robbie rotten|Baneful Bunker|p1a: robbie rotten\n|-singleturn|p1a: robbie rotten|move: Protect\n|move|p2a: Wario|Wild Charge|p1a: robbie rotten\n|-activate|p1a: robbie rotten|move: Protect\n|\n|-damage|p2a: Wario|0 fnt|[from] psn\n|faint|p2a: Wario\n|upkeep\n|\n|t:|1698621070\n|switch|p2a: Big Stall \u2122|Toxapex, F|53\/100\n|turn|42\n|\n|t:|1698621084\n|switch|p1a: Horace Slughorn|Sandaconda, M, shiny|23\/100\n|move|p2a: Big Stall \u2122|Poison Jab|p1a: Horace Slughorn\n|-resisted|p1a: Horace Slughorn\n|-damage|p1a: Horace Slughorn|13\/100\n|-weather|Sandstorm|[from] ability: Sand Spit|[of] p1a: Horace Slughorn\n|\n|-weather|Sandstorm|[upkeep]\n|-damage|p2a: Big Stall \u2122|47\/100|[from] Sandstorm\n|-heal|p1a: Horace Slughorn|19\/100|[from] item: Leftovers\n|upkeep\n|turn|43\n|\n|t:|1698621099\n|switch|p2a: shell-shocked|Shuckle, M|81\/100 par\n|move|p1a: Horace Slughorn|Coil|p1a: Horace Slughorn\n|-boost|p1a: Horace Slughorn|atk|1\n|-boost|p1a: Horace Slughorn|def|1\n|-boost|p1a: Horace Slughorn|accuracy|1\n|\n|-weather|Sandstorm|[upkeep]\n|-heal|p1a: Horace Slughorn|25\/100|[from] item: Leftovers\n|-heal|p2a: shell-shocked|87\/100 par|[from] item: Leftovers\n|upkeep\n|turn|44\n|\n|t:|1698621113\n|move|p1a: Horace Slughorn|Earthquake|p2a: shell-shocked\n|-damage|p2a: shell-shocked|57\/100 par\n|cant|p2a: shell-shocked|par\n|\n|-weather|Sandstorm|[upkeep]\n|-heal|p1a: Horace Slughorn|32\/100|[from] item: Leftovers\n|-heal|p2a: shell-shocked|64\/100 par|[from] item: Leftovers\n|upkeep\n|turn|45\n|\n|t:|1698621123\n|move|p1a: Horace Slughorn|Earthquake|p2a: shell-shocked\n|-damage|p2a: shell-shocked|30\/100 par\n|move|p2a: shell-shocked|Toxic|p1a: Horace Slughorn\n|-status|p1a: Horace Slughorn|tox\n|\n|-weather|Sandstorm|[upkeep]\n|-heal|p1a: Horace Slughorn|38\/100 tox|[from] item: Leftovers\n|-heal|p2a: shell-shocked|36\/100 par|[from] item: Leftovers\n|-damage|p1a: Horace Slughorn|32\/100 tox|[from] psn\n|upkeep\n|turn|46\n|\n|t:|1698621138\n|move|p1a: Horace Slughorn|Earthquake|p2a: shell-shocked\n|-damage|p2a: shell-shocked|5\/100 par\n|move|p2a: shell-shocked|Knock Off|p1a: Horace Slughorn\n|-damage|p1a: Horace Slughorn|29\/100 tox\n|-enditem|p1a: Horace Slughorn|Leftovers|[from] move: Knock Off|[of] p2a: shell-shocked\n|\n|-weather|none\n|-heal|p2a: shell-shocked|11\/100 par|[from] item: Leftovers\n|-damage|p1a: Horace Slughorn|17\/100 tox|[from] psn\n|upkeep\n|turn|47\n|\n|t:|1698621161\n|move|p1a: Horace Slughorn|Earthquake|p2a: shell-shocked\n|-damage|p2a: shell-shocked|0 fnt\n|faint|p2a: shell-shocked\n|\n|-damage|p1a: Horace Slughorn|0 fnt|[from] psn\n|faint|p1a: Horace Slughorn\n|upkeep\n|\n|t:|1698621197\n|switch|p1a: Oops! All HMs!|Swampert, M|100\/100\n|switch|p2a: Big Stall \u2122|Toxapex, F|81\/100\n|turn|48\n|\n|t:|1698621212\n|move|p1a: Oops! All HMs!|Earthquake|p2a: Big Stall \u2122\n|-supereffective|p2a: Big Stall \u2122\n|-damage|p2a: Big Stall \u2122|0 fnt\n|faint|p2a: Big Stall \u2122\n|\n|win|Omey\n|c|\u2606Lucarr10|gg\n|c|\u2606Omey|gg\n|c|\u2606Omey|goodnight\n|l|\u2606Omey\n","uploadtime":1698621295,"views":15,"p1id":"omey","p2id":"lucarr10","formatid":"gen9nationaldexubers","rating":0,"private":0,"password":""}