{"id":"gen9nationaldexubers-1991028579","p1":"juriju","p2":"idk685","format":"[Gen 9] National Dex Ubers","log":"|j|\u2606juriju\n|j|\u2606idk685\n|t:|1700030706\n|gametype|singles\n|player|p1|juriju|red|1192\n|player|p2|idk685|169|1407\n|teamsize|p1|6\n|teamsize|p2|6\n|gen|9\n|tier|[Gen 9] National Dex Ubers\n|rated|\n|rule|HP Percentage Mod: HP is shown in percentages\n|rule|Endless Battle Clause: Forcing endless battles is banned\n|rule|OHKO Clause: OHKO moves are banned\n|rule|Evasion Moves Clause: Evasion moves are banned\n|rule|Evasion Items Clause: Evasion items are banned\n|rule|Species Clause: Limit one of each Pok\u00e9mon\n|rule|Sleep Clause Mod: Limit one foe put to sleep\n|rule|Mega Rayquaza Clause: You cannot mega evolve Rayquaza\n|clearpoke\n|poke|p1|Charizard, F|\n|poke|p1|Blastoise, M|\n|poke|p1|Venusaur, F|\n|poke|p1|Alakazam, F|\n|poke|p1|Snorlax, M|\n|poke|p1|Dragonite, M|\n|poke|p2|Groudon|\n|poke|p2|Roaring Moon|\n|poke|p2|Zacian-*|\n|poke|p2|Arceus|\n|poke|p2|Xerneas-*|\n|poke|p2|Salamence, F|\n|teampreview\n|inactive|Battle timer is ON: inactive players will automatically lose when time's up. (requested by idk685)\n|\n|t:|1700030720\n|start\n|switch|p1a: Venusaur|Venusaur, F|100\/100\n|switch|p2a: Arceus|Arceus|100\/100\n|turn|1\n|\n|t:|1700030728\n|move|p2a: Arceus|Swords Dance|p2a: Arceus\n|-boost|p2a: Arceus|atk|2\n|move|p1a: Venusaur|Sleep Powder|p2a: Arceus\n|-status|p2a: Arceus|slp|[from] move: Sleep Powder\n|\n|upkeep\n|turn|2\n|\n|t:|1700030734\n|cant|p2a: Arceus|slp\n|move|p1a: Venusaur|Sunny Day|p1a: Venusaur\n|-weather|SunnyDay\n|\n|-weather|SunnyDay|[upkeep]\n|upkeep\n|turn|3\n|\n|t:|1700030738\n|cant|p2a: Arceus|slp\n|move|p1a: Venusaur|Solar Beam||[still]\n|-prepare|p1a: Venusaur|Solar Beam\n|-anim|p1a: Venusaur|Solar Beam|p2a: Arceus\n|-damage|p2a: Arceus|60\/100 slp\n|\n|-weather|SunnyDay|[upkeep]\n|upkeep\n|turn|4\n|\n|t:|1700030744\n|cant|p2a: Arceus|slp\n|move|p1a: Venusaur|Sleep Powder|p2a: Arceus\n|-fail|p2a: Arceus|slp\n|\n|-weather|SunnyDay|[upkeep]\n|upkeep\n|turn|5\n|\n|t:|1700030752\n|-curestatus|p2a: Arceus|slp|[msg]\n|move|p2a: Arceus|Extreme Speed|p1a: Venusaur\n|-enditem|p1a: Venusaur|Focus Sash\n|-damage|p1a: Venusaur|1\/100\n|move|p1a: Venusaur|Sleep Powder|p2a: Arceus\n|-status|p2a: Arceus|slp|[from] move: Sleep Powder\n|\n|-weather|SunnyDay|[upkeep]\n|upkeep\n|turn|6\n|\n|t:|1700030762\n|cant|p2a: Arceus|slp\n|move|p1a: Venusaur|Solar Beam||[still]\n|-prepare|p1a: Venusaur|Solar Beam\n|-anim|p1a: Venusaur|Solar Beam|p2a: Arceus\n|-damage|p2a: Arceus|18\/100 slp\n|\n|-weather|none\n|upkeep\n|turn|7\n|\n|t:|1700030769\n|-curestatus|p2a: Arceus|slp|[msg]\n|move|p2a: Arceus|Extreme Speed|p1a: Venusaur\n|-damage|p1a: Venusaur|0 fnt\n|faint|p1a: Venusaur\n|\n|upkeep\n|\n|t:|1700030772\n|switch|p1a: Snorlax|Snorlax, M|100\/100\n|turn|8\n|\n|t:|1700030779\n|-terastallize|p1a: Snorlax|Ghost\n|move|p2a: Arceus|Extreme Speed|p1a: Snorlax\n|-immune|p1a: Snorlax\n|move|p1a: Snorlax|Body Slam|p2a: Arceus\n|-damage|p2a: Arceus|0 fnt\n|faint|p2a: Arceus\n|\n|upkeep\n|\n|t:|1700030790\n|switch|p2a: Xerneas|Xerneas|100\/100\n|-ability|p2a: Xerneas|Fairy Aura\n|turn|9\n|\n|t:|1700030796\n|move|p2a: Xerneas|Geomancy||[still]\n|-prepare|p2a: Xerneas|Geomancy\n|-enditem|p2a: Xerneas|Power Herb\n|-anim|p2a: Xerneas|Geomancy|p2a: Xerneas\n|-boost|p2a: Xerneas|spa|2\n|-boost|p2a: Xerneas|spd|2\n|-boost|p2a: Xerneas|spe|2\n|move|p1a: Snorlax|Yawn|p2a: Xerneas\n|-start|p2a: Xerneas|move: Yawn|[of] p1a: Snorlax\n|\n|upkeep\n|turn|10\n|\n|t:|1700030807\n|move|p2a: Xerneas|Moonblast|p1a: Snorlax\n|-damage|p1a: Snorlax|40\/100\n|move|p1a: Snorlax|Curse|p2a: Xerneas\n|-start|p2a: Xerneas|Curse|[of] p1a: Snorlax\n|-damage|p1a: Snorlax|0 fnt\n|faint|p1a: Snorlax\n|\n|-damage|p2a: Xerneas|76\/100|[from] Curse\n|-end|p2a: Xerneas|move: Yawn|[silent]\n|-status|p2a: Xerneas|slp\n|upkeep\n|\n|t:|1700030812\n|switch|p1a: Dragonite|Dragonite, M|100\/100\n|turn|11\n|\n|t:|1700030818\n|cant|p2a: Xerneas|slp\n|move|p1a: Dragonite|Dragon Dance|p1a: Dragonite\n|-boost|p1a: Dragonite|atk|1\n|-boost|p1a: Dragonite|spe|1\n|\n|-damage|p2a: Xerneas|51\/100 slp|[from] Curse\n|upkeep\n|turn|12\n|\n|t:|1700030825\n|cant|p2a: Xerneas|slp\n|move|p1a: Dragonite|Earthquake|p2a: Xerneas\n|-damage|p2a: Xerneas|0 fnt\n|faint|p2a: Xerneas\n|\n|upkeep\n|\n|t:|1700030844\n|switch|p2a: Zacian|Zacian-Crowned, shiny|100\/100\n|-ability|p2a: Zacian|Intrepid Sword|boost\n|-boost|p2a: Zacian|atk|1\n|turn|13\n|\n|t:|1700030850\n|move|p2a: Zacian|Play Rough|p1a: Dragonite\n|-supereffective|p1a: Dragonite\n|-damage|p1a: Dragonite|18\/100\n|-enditem|p1a: Dragonite|Weakness Policy\n|-boost|p1a: Dragonite|atk|2|[from] item: Weakness Policy\n|-boost|p1a: Dragonite|spa|2|[from] item: Weakness Policy\n|move|p1a: Dragonite|Earthquake|p2a: Zacian\n|-supereffective|p2a: Zacian\n|-damage|p2a: Zacian|0 fnt\n|faint|p2a: Zacian\n|\n|upkeep\n|\n|t:|1700030864\n|switch|p2a: Groudon|Groudon, shiny|100\/100\n|detailschange|p2a: Groudon|Groudon-Primal, shiny\n|-primal|p2a: Groudon|Red Orb\n|-weather|DesolateLand|[from] ability: Desolate Land|[of] p2a: Groudon\n|turn|14\n|\n|t:|1700030873\n|move|p1a: Dragonite|Earthquake|p2a: Groudon\n|-supereffective|p2a: Groudon\n|-damage|p2a: Groudon|0 fnt\n|faint|p2a: Groudon\n|-weather|none\n|\n|upkeep\n|\n|t:|1700030879\n|switch|p2a: Salamence|Salamence, F|100\/100\n|-ability|p2a: Salamence|Intimidate|boost\n|-unboost|p1a: Dragonite|atk|1\n|turn|15\n|\n|t:|1700030886\n|detailschange|p2a: Salamence|Salamence-Mega, F\n|-mega|p2a: Salamence|Salamence|Salamencite\n|move|p1a: Dragonite|Dragon Claw|p2a: Salamence\n|-supereffective|p2a: Salamence\n|-damage|p2a: Salamence|0 fnt\n|faint|p2a: Salamence\n|\n|upkeep\n|n|!juriju|juriju\n|\n|t:|1700030892\n|switch|p2a: Roaring Moon|Roaring Moon, shiny|100\/100\n|-enditem|p2a: Roaring Moon|Booster Energy\n|-activate|p2a: Roaring Moon|ability: Protosynthesis|[fromitem]\n|-start|p2a: Roaring Moon|protosynthesisatk\n|turn|16\n|\n|t:|1700030915\n|-terastallize|p2a: Roaring Moon|Flying\n|move|p1a: Dragonite|Dragon Claw|p2a: Roaring Moon\n|-damage|p2a: Roaring Moon|0 fnt\n|faint|p2a: Roaring Moon\n|-end|p2a: Roaring Moon|Protosynthesis|[silent]\n|\n|win|juriju\n|raw|juriju's rating: 1192 &rarr; <strong>1231<\/strong><br \/>(+39 for winning)\n|raw|idk685's rating: 1407 &rarr; <strong>1376<\/strong><br \/>(-31 for losing)\n","uploadtime":1700030893,"views":6,"p1id":"juriju","p2id":"idk685","formatid":"gen9nationaldexubers","rating":1231,"private":0,"password":""}