{"id":"gen9nationaldexubers-1983715543","p1":"KnownAsSage","p2":"chase demons","format":"[Gen 9] National Dex Ubers","log":"|j|\u2606KnownAsSage\n|j|\u2606chase demons\n|t:|1699166056\n|gametype|singles\n|player|p1|KnownAsSage|veteran|1088\n|player|p2|chase demons|1|1337\n|teamsize|p1|6\n|teamsize|p2|6\n|gen|9\n|tier|[Gen 9] National Dex Ubers\n|rated|\n|rule|HP Percentage Mod: HP is shown in percentages\n|rule|Endless Battle Clause: Forcing endless battles is banned\n|rule|OHKO Clause: OHKO moves are banned\n|rule|Evasion Moves Clause: Evasion moves are banned\n|rule|Evasion Items Clause: Evasion items are banned\n|rule|Species Clause: Limit one of each Pok\u00e9mon\n|rule|Sleep Clause Mod: Limit one foe put to sleep\n|rule|Mega Rayquaza Clause: You cannot mega evolve Rayquaza\n|clearpoke\n|poke|p1|Greninja-*, M|\n|poke|p1|Cinderace, F|\n|poke|p1|Scovillain, M|\n|poke|p1|Landorus-Therian, M|\n|poke|p1|Alakazam, M|\n|poke|p1|Dragapult, M|\n|poke|p2|Regigigas|\n|poke|p2|Regidrago|\n|poke|p2|Regice|\n|poke|p2|Regirock|\n|poke|p2|Registeel|\n|poke|p2|Regieleki|\n|teampreview\n|\n|t:|1699166075\n|start\n|switch|p1a: Landorus|Landorus-Therian, M|100\/100\n|switch|p2a: Regieleki|Regieleki, shiny|100\/100\n|-ability|p1a: Landorus|Intimidate|boost\n|-unboost|p2a: Regieleki|atk|1\n|turn|1\n|inactive|Battle timer is ON: inactive players will automatically lose when time's up. (requested by KnownAsSage)\n|\n|t:|1699166083\n|-terastallize|p2a: Regieleki|Ice\n|move|p2a: Regieleki|Tera Blast|p1a: Landorus|[anim] Tera Blast Ice\n|-supereffective|p1a: Landorus\n|-damage|p1a: Landorus|0 fnt\n|faint|p1a: Landorus\n|\n|upkeep\n|\n|t:|1699166095\n|switch|p1a: Cinderace|Cinderace, F|100\/100\n|turn|2\n|\n|t:|1699166101\n|move|p2a: Regieleki|Volt Switch|p1a: Cinderace\n|-damage|p1a: Cinderace|39\/100\n|\n|t:|1699166109\n|switch|p2a: Registeel|Registeel, shiny|100\/100|[from] Volt Switch\n|move|p1a: Cinderace|Pyro Ball|p2a: Registeel\n|-supereffective|p2a: Registeel\n|-damage|p2a: Registeel|34\/100\n|-status|p2a: Registeel|brn\n|\n|-heal|p2a: Registeel|40\/100 brn|[from] item: Leftovers\n|-damage|p2a: Registeel|34\/100 brn|[from] brn\n|upkeep\n|turn|3\n|\n|t:|1699166118\n|move|p1a: Cinderace|Pyro Ball|p2a: Registeel\n|-supereffective|p2a: Registeel\n|-damage|p2a: Registeel|0 fnt\n|faint|p2a: Registeel\n|\n|upkeep\n|\n|t:|1699166121\n|switch|p2a: Regieleki|Regieleki, shiny, tera:Ice|100\/100\n|turn|4\n|\n|t:|1699166126\n|move|p2a: Regieleki|Ancient Power|p1a: Cinderace\n|-supereffective|p1a: Cinderace\n|-damage|p1a: Cinderace|0 fnt\n|faint|p1a: Cinderace\n|\n|upkeep\n|\n|t:|1699166133\n|switch|p1a: Alakazam|Alakazam, M|100\/100\n|turn|5\n|\n|t:|1699166137\n|detailschange|p1a: Alakazam|Alakazam-Mega, M\n|-mega|p1a: Alakazam|Alakazam|Alakazite\n|-ability|p1a: Alakazam|Transistor|[from] ability: Trace|[of] p2a: Regieleki\n|move|p2a: Regieleki|Volt Switch|p1a: Alakazam\n|-damage|p1a: Alakazam|44\/100\n|\n|t:|1699166147\n|switch|p2a: Regice|Regice, shiny|100\/100|[from] Volt Switch\n|move|p1a: Alakazam|Shadow Ball|p2a: Regice\n|-crit|p2a: Regice\n|-damage|p2a: Regice|83\/100\n|\n|upkeep\n|turn|6\n|\n|t:|1699166155\n|move|p1a: Alakazam|Psychic|p2a: Regice\n|-damage|p2a: Regice|65\/100\n|move|p2a: Regice|Ice Beam|p1a: Alakazam\n|-damage|p1a: Alakazam|0 fnt\n|faint|p1a: Alakazam\n|\n|upkeep\n|\n|t:|1699166160\n|switch|p1a: Greninja|Greninja, M|100\/100\n|turn|7\n|-message|KnownAsSage forfeited.\n|\n|win|chase demons\n|raw|KnownAsSage's rating: 1088 &rarr; <strong>1079<\/strong><br \/>(-9 for losing)\n|raw|chase demons's rating: 1337 &rarr; <strong>1345<\/strong><br \/>(+8 for winning)\n|l|\u2606KnownAsSage\n","uploadtime":1699166170,"views":4,"p1id":"knownassage","p2id":"chasedemons","formatid":"gen9nationaldexubers","rating":1079,"private":0,"password":""}