{"id":"gen9nationaldexubers-1994748251","p1":"IncandescentCandle","p2":"Destinum","format":"[Gen 9] National Dex Ubers","log":"|j|\u2606IncandescentCandle\n|j|\u2606Destinum\n|t:|1700488740\n|gametype|singles\n|player|p1|IncandescentCandle|dawn|\n|player|p2|Destinum|colress|\n|teamsize|p1|6\n|teamsize|p2|6\n|gen|9\n|tier|[Gen 9] National Dex Ubers\n|rule|HP Percentage Mod: HP is shown in percentages\n|rule|Endless Battle Clause: Forcing endless battles is banned\n|rule|OHKO Clause: OHKO moves are banned\n|rule|Evasion Moves Clause: Evasion moves are banned\n|rule|Evasion Items Clause: Evasion items are banned\n|rule|Species Clause: Limit one of each Pok\u00e9mon\n|rule|Sleep Clause Mod: Limit one foe put to sleep\n|rule|Mega Rayquaza Clause: You cannot mega evolve Rayquaza\n|clearpoke\n|poke|p1|Tapu Bulu|\n|poke|p1|Blissey, F|\n|poke|p1|Corviknight, F|\n|poke|p1|Weavile, F|\n|poke|p1|Latias, F|\n|poke|p1|Skeledirge, F|\n|poke|p2|Ninetales-Alola, F|\n|poke|p2|Darmanitan-Galar, M|\n|poke|p2|Avalugg, M|\n|poke|p2|Piloswine, M|\n|poke|p2|Calyrex-Ice|\n|poke|p2|Kyurem-White|\n|teampreview\n|c|\u2606IncandescentCandle|glhf\n|c|\u2606IncandescentCandle|dragon corv as cap\n|c|\u2606Destinum|Aight.\n|\n|t:|1700488767\n|start\n|switch|p1a: Latias|Latias, F|100\/100\n|switch|p2a: I Choose Violence|Darmanitan-Galar, M|100\/100\n|turn|1\n|\n|t:|1700488775\n|switch|p1a: Skeledirge|Skeledirge, F|100\/100\n|move|p2a: I Choose Violence|U-turn|p1a: Skeledirge\n|-resisted|p1a: Skeledirge\n|-damage|p1a: Skeledirge|94\/100\n|\n|t:|1700488799\n|switch|p2a: Chris P. Bacon|Piloswine, M|100\/100|[from] U-turn\n|\n|-heal|p1a: Skeledirge|100\/100|[from] item: Leftovers\n|upkeep\n|turn|2\n|\n|t:|1700488805\n|move|p1a: Skeledirge|Will-O-Wisp|p2a: Chris P. Bacon\n|-status|p2a: Chris P. Bacon|brn\n|move|p2a: Chris P. Bacon|Stealth Rock|p1a: Skeledirge\n|-sidestart|p1: IncandescentCandle|move: Stealth Rock\n|\n|-damage|p2a: Chris P. Bacon|94\/100 brn|[from] brn\n|upkeep\n|turn|3\n|\n|t:|1700488810\n|switch|p1a: Corviknight|Corviknight, F|100\/100\n|-damage|p1a: Corviknight|88\/100|[from] Stealth Rock\n|-ability|p1a: Corviknight|Pressure\n|switch|p2a: A Madafaking T-Rex|Kyurem-White|100\/100\n|-ability|p2a: A Madafaking T-Rex|Turboblaze\n|\n|-heal|p1a: Corviknight|94\/100|[from] item: Leftovers\n|upkeep\n|turn|4\n|\n|t:|1700488823\n|switch|p2a: Carolus Rex|Calyrex-Ice|100\/100\n|-ability|p2a: Carolus Rex|As One\n|-ability|p2a: Carolus Rex|Unnerve\n|move|p1a: Corviknight|Protect||[still]\n|-fail|p1a: Corviknight\n|\n|-heal|p1a: Corviknight|100\/100|[from] item: Leftovers\n|upkeep\n|turn|5\n|j| Lunastricorn\n|c|\u2606IncandescentCandle|oh im the wrong dirge item\n|c|\u2606IncandescentCandle|fuck\n|\n|t:|1700488853\n|switch|p1a: Skeledirge|Skeledirge, F|100\/100\n|-damage|p1a: Skeledirge|75\/100|[from] Stealth Rock\n|move|p2a: Carolus Rex|Glacial Lance|p1a: Skeledirge\n|-resisted|p1a: Skeledirge\n|-damage|p1a: Skeledirge|52\/100\n|\n|-heal|p1a: Skeledirge|58\/100|[from] item: Leftovers\n|upkeep\n|turn|6\n|\n|t:|1700488871\n|switch|p2a: A Madafaking T-Rex|Kyurem-White|100\/100\n|-ability|p2a: A Madafaking T-Rex|Turboblaze\n|move|p1a: Skeledirge|Will-O-Wisp|p2a: A Madafaking T-Rex\n|-status|p2a: A Madafaking T-Rex|brn\n|\n|-heal|p1a: Skeledirge|64\/100|[from] item: Leftovers\n|-damage|p2a: A Madafaking T-Rex|94\/100 brn|[from] brn\n|upkeep\n|turn|7\n|\n|t:|1700488880\n|move|p1a: Skeledirge|Protect|p1a: Skeledirge\n|-singleturn|p1a: Skeledirge|Protect\n|move|p2a: A Madafaking T-Rex|Draco Meteor|p1a: Skeledirge\n|-activate|p1a: Skeledirge|move: Protect\n|\n|-heal|p1a: Skeledirge|70\/100|[from] item: Leftovers\n|-damage|p2a: A Madafaking T-Rex|88\/100 brn|[from] brn\n|upkeep\n|turn|8\n|\n|t:|1700488888\n|switch|p1a: Blissey|Blissey, F|100\/100\n|-damage|p1a: Blissey|88\/100|[from] Stealth Rock\n|move|p2a: A Madafaking T-Rex|Draco Meteor|p1a: Blissey\n|-damage|p1a: Blissey|53\/100\n|-unboost|p2a: A Madafaking T-Rex|spa|2\n|\n|-heal|p1a: Blissey|59\/100|[from] item: Leftovers\n|-damage|p2a: A Madafaking T-Rex|82\/100 brn|[from] brn\n|upkeep\n|turn|9\n|\n|t:|1700488918\n|switch|p2a: Let It Go|Ninetales-Alola, F|100\/100\n|-weather|Snow|[from] ability: Snow Warning|[of] p2a: Let It Go\n|move|p1a: Blissey|Teleport|p1a: Blissey\n|\n|t:|1700488921\n|switch|p1a: Latias|Latias, F|100\/100|[from] Teleport\n|-damage|p1a: Latias|88\/100|[from] Stealth Rock\n|\n|-weather|Snow|[upkeep]\n|upkeep\n|turn|10\n|\n|t:|1700488929\n|detailschange|p1a: Latias|Latias-Mega, F\n|-mega|p1a: Latias|Latias|Latiasite\n|move|p1a: Latias|Reflect Type|p2a: Let It Go\n|-start|p1a: Latias|typechange|[from] move: Reflect Type|[of] p2a: Let It Go\n|move|p2a: Let It Go|Aurora Veil|p2a: Let It Go\n|-sidestart|p2: Destinum|move: Aurora Veil\n|\n|-weather|Snow|[upkeep]\n|upkeep\n|-start|p1a: Latias|typechange|Ice\/Fairy|[silent]\n|turn|11\n|c|\u2606Destinum|Interesting.\n|\n|t:|1700488959\n|switch|p2a: I Choose Violence|Darmanitan-Galar, M|100\/100\n|move|p1a: Latias|Defog|p2a: I Choose Violence\n|-unboost|p2a: I Choose Violence|evasion|1\n|-sideend|p2: Destinum|move: Aurora Veil\n|-sideend|p1: IncandescentCandle|Stealth Rock|[from] move: Defog|[of] p1a: Latias\n|\n|-weather|Snow|[upkeep]\n|upkeep\n|turn|12\n|\n|t:|1700488964\n|switch|p1a: Skeledirge|Skeledirge, F|70\/100\n|move|p2a: I Choose Violence|Flare Blitz|p1a: Skeledirge\n|-resisted|p1a: Skeledirge\n|-damage|p1a: Skeledirge|51\/100\n|-damage|p2a: I Choose Violence|93\/100|[from] Recoil\n|\n|-weather|Snow|[upkeep]\n|-heal|p1a: Skeledirge|57\/100|[from] item: Leftovers\n|upkeep\n|turn|13\n|l| Lunastricorn\n|\n|t:|1700488983\n|switch|p2a: Chris P. Bacon|Piloswine, M|94\/100 brn\n|move|p1a: Skeledirge|Slack Off|p1a: Skeledirge\n|-heal|p1a: Skeledirge|100\/100\n|\n|-weather|none\n|-damage|p2a: Chris P. Bacon|88\/100 brn|[from] brn\n|upkeep\n|turn|14\n|\n|t:|1700488993\n|switch|p1a: Corviknight|Corviknight, F|100\/100\n|-ability|p1a: Corviknight|Pressure\n|move|p2a: Chris P. Bacon|Stealth Rock|p1a: Corviknight\n|-sidestart|p1: IncandescentCandle|move: Stealth Rock\n|\n|-damage|p2a: Chris P. Bacon|82\/100 brn|[from] brn\n|upkeep\n|turn|15\n|\n|t:|1700489002\n|switch|p2a: Let It Go|Ninetales-Alola, F|100\/100\n|-weather|Snow|[from] ability: Snow Warning|[of] p2a: Let It Go\n|move|p1a: Corviknight|Iron Head|p2a: Let It Go\n|-supereffective|p2a: Let It Go\n|-damage|p2a: Let It Go|4\/100\n|\n|-weather|Snow|[upkeep]\n|upkeep\n|turn|16\n|c|\u2606IncandescentCandle|Really?\n|\n|t:|1700489077\n|switch|p2a: Titanic Terminator|Avalugg, M|100\/100\n|move|p1a: Corviknight|Iron Head|p2a: Titanic Terminator\n|-supereffective|p2a: Titanic Terminator\n|-damage|p2a: Titanic Terminator|87\/100\n|\n|-weather|Snow|[upkeep]\n|upkeep\n|turn|17\n|\n|t:|1700489106\n|switch|p1a: Latias|Latias-Mega, F|88\/100\n|-damage|p1a: Latias|76\/100|[from] Stealth Rock\n|switch|p2a: A Madafaking T-Rex|Kyurem-White|82\/100 brn\n|-ability|p2a: A Madafaking T-Rex|Turboblaze\n|\n|-weather|Snow|[upkeep]\n|-damage|p2a: A Madafaking T-Rex|76\/100 brn|[from] brn\n|upkeep\n|turn|18\n|c|\u2606IncandescentCandle|good morning\n|\n|t:|1700489144\n|switch|p1a: Blissey|Blissey, F|59\/100\n|-damage|p1a: Blissey|47\/100|[from] Stealth Rock\n|switch|p2a: Let It Go|Ninetales-Alola, F|4\/100\n|\n|-weather|Snow|[upkeep]\n|-heal|p1a: Blissey|53\/100|[from] item: Leftovers\n|upkeep\n|turn|19\n|\n|t:|1700489154\n|move|p2a: Let It Go|Aurora Veil|p2a: Let It Go\n|-sidestart|p2: Destinum|move: Aurora Veil\n|move|p1a: Blissey|Soft-Boiled|p1a: Blissey\n|-heal|p1a: Blissey|100\/100\n|\n|-weather|none\n|upkeep\n|turn|20\n|\n|t:|1700489169\n|switch|p2a: I Choose Violence|Darmanitan-Galar, M|93\/100\n|switch|p1a: Corviknight|Corviknight, F|100\/100\n|-damage|p1a: Corviknight|88\/100|[from] Stealth Rock\n|-ability|p1a: Corviknight|Pressure\n|\n|-heal|p1a: Corviknight|94\/100|[from] item: Leftovers\n|upkeep\n|turn|21\n|c|\u2606Destinum|You gonna do a thing?\n|\n|t:|1700489290\n|move|p2a: I Choose Violence|Icicle Crash|p1a: Corviknight\n|-crit|p1a: Corviknight\n|-damage|p1a: Corviknight|33\/100\n|move|p1a: Corviknight|U-turn|p2a: I Choose Violence\n|-damage|p2a: I Choose Violence|83\/100\n|c|\u2606IncandescentCandle|rude\n|\n|t:|1700489297\n|switch|p1a: Skeledirge|Skeledirge, F|100\/100|[from] U-turn\n|-damage|p1a: Skeledirge|75\/100|[from] Stealth Rock\n|\n|-heal|p1a: Skeledirge|82\/100|[from] item: Leftovers\n|upkeep\n|turn|22\n|\n|t:|1700489314\n|switch|p2a: A Madafaking T-Rex|Kyurem-White|76\/100 brn\n|-ability|p2a: A Madafaking T-Rex|Turboblaze\n|move|p1a: Skeledirge|Torch Song|p2a: A Madafaking T-Rex\n|-damage|p2a: A Madafaking T-Rex|64\/100 brn\n|-boost|p1a: Skeledirge|spa|1\n|\n|-heal|p1a: Skeledirge|88\/100|[from] item: Leftovers\n|-damage|p2a: A Madafaking T-Rex|58\/100 brn|[from] brn\n|upkeep\n|turn|23\n|\n|t:|1700489337\n|move|p1a: Skeledirge|Protect|p1a: Skeledirge\n|-singleturn|p1a: Skeledirge|Protect\n|move|p2a: A Madafaking T-Rex|Earth Power|p1a: Skeledirge\n|-activate|p1a: Skeledirge|move: Protect\n|\n|-heal|p1a: Skeledirge|94\/100|[from] item: Leftovers\n|-damage|p2a: A Madafaking T-Rex|51\/100 brn|[from] brn\n|upkeep\n|turn|24\n|\n|t:|1700489344\n|switch|p1a: Tapu Bulu|Tapu Bulu|100\/100\n|-damage|p1a: Tapu Bulu|88\/100|[from] Stealth Rock\n|-fieldstart|move: Grassy Terrain|[from] ability: Grassy Surge|[of] p1a: Tapu Bulu\n|move|p2a: A Madafaking T-Rex|Earth Power|p1a: Tapu Bulu\n|-resisted|p1a: Tapu Bulu\n|-damage|p1a: Tapu Bulu|64\/100\n|\n|-heal|p2a: A Madafaking T-Rex|58\/100 brn|[from] Grassy Terrain\n|-heal|p1a: Tapu Bulu|70\/100|[from] Grassy Terrain\n|-damage|p2a: A Madafaking T-Rex|51\/100 brn|[from] brn\n|upkeep\n|turn|25\n|\n|t:|1700489353\n|switch|p2a: Carolus Rex|Calyrex-Ice|100\/100\n|-ability|p2a: Carolus Rex|As One\n|-ability|p2a: Carolus Rex|Unnerve\n|move|p1a: Tapu Bulu|Synthesis|p1a: Tapu Bulu\n|-heal|p1a: Tapu Bulu|100\/100\n|\n|upkeep\n|turn|26\n|\n|t:|1700489378\n|move|p1a: Tapu Bulu|Bulk Up|p1a: Tapu Bulu\n|-boost|p1a: Tapu Bulu|atk|1\n|-boost|p1a: Tapu Bulu|def|1\n|move|p2a: Carolus Rex|Glacial Lance|p1a: Tapu Bulu\n|-supereffective|p1a: Tapu Bulu\n|-damage|p1a: Tapu Bulu|6\/100\n|\n|-heal|p1a: Tapu Bulu|12\/100|[from] Grassy Terrain\n|-sideend|p2: Destinum|move: Aurora Veil\n|upkeep\n|turn|27\n|\n|t:|1700489390\n|move|p1a: Tapu Bulu|Stone Edge|p2a: Carolus Rex\n|-supereffective|p2a: Carolus Rex\n|-damage|p2a: Carolus Rex|45\/100\n|move|p2a: Carolus Rex|Glacial Lance|p1a: Tapu Bulu\n|-supereffective|p1a: Tapu Bulu\n|-damage|p1a: Tapu Bulu|0 fnt\n|faint|p1a: Tapu Bulu\n|-ability|p2a: Carolus Rex|Chilling Neigh|boost\n|-boost|p2a: Carolus Rex|atk|1\n|\n|-heal|p2a: Carolus Rex|52\/100|[from] Grassy Terrain\n|upkeep\n|\n|t:|1700489417\n|switch|p1a: Weavile|Weavile, F|100\/100\n|-damage|p1a: Weavile|76\/100|[from] Stealth Rock\n|turn|28\n|\n|t:|1700489454\n|switch|p2a: Titanic Terminator|Avalugg, M|87\/100\n|move|p1a: Weavile|Knock Off|p2a: Titanic Terminator\n|-damage|p2a: Titanic Terminator|63\/100\n|-enditem|p2a: Titanic Terminator|Heavy-Duty Boots|[from] move: Knock Off|[of] p1a: Weavile\n|\n|-heal|p1a: Weavile|82\/100|[from] Grassy Terrain\n|-heal|p2a: Titanic Terminator|69\/100|[from] Grassy Terrain\n|-fieldend|move: Grassy Terrain\n|upkeep\n|turn|29\n|\n|t:|1700489472\n|switch|p1a: Skeledirge|Skeledirge, F|94\/100\n|-damage|p1a: Skeledirge|69\/100|[from] Stealth Rock\n|move|p2a: Titanic Terminator|Recover|p2a: Titanic Terminator\n|-heal|p2a: Titanic Terminator|100\/100\n|\n|-heal|p1a: Skeledirge|75\/100|[from] item: Leftovers\n|upkeep\n|turn|30\n|\n|t:|1700489506\n|switch|p2a: A Madafaking T-Rex|Kyurem-White|51\/100 brn\n|-ability|p2a: A Madafaking T-Rex|Turboblaze\n|move|p1a: Skeledirge|Torch Song|p2a: A Madafaking T-Rex\n|-damage|p2a: A Madafaking T-Rex|27\/100 brn\n|-boost|p1a: Skeledirge|spa|1\n|\n|-heal|p1a: Skeledirge|81\/100|[from] item: Leftovers\n|-damage|p2a: A Madafaking T-Rex|20\/100 brn|[from] brn\n|upkeep\n|turn|31\n|\n|t:|1700489511\n|move|p1a: Skeledirge|Protect|p1a: Skeledirge\n|-singleturn|p1a: Skeledirge|Protect\n|move|p2a: A Madafaking T-Rex|Draco Meteor|p1a: Skeledirge\n|-activate|p1a: Skeledirge|move: Protect\n|\n|-heal|p1a: Skeledirge|87\/100|[from] item: Leftovers\n|-damage|p2a: A Madafaking T-Rex|14\/100 brn|[from] brn\n|upkeep\n|turn|32\n|\n|t:|1700489521\n|switch|p1a: Blissey|Blissey, F|100\/100\n|-damage|p1a: Blissey|88\/100|[from] Stealth Rock\n|-terastallize|p2a: A Madafaking T-Rex|Dragon\n|move|p2a: A Madafaking T-Rex|Draco Meteor|p1a: Blissey\n|-damage|p1a: Blissey|41\/100\n|-unboost|p2a: A Madafaking T-Rex|spa|2\n|\n|-heal|p1a: Blissey|47\/100|[from] item: Leftovers\n|-damage|p2a: A Madafaking T-Rex|8\/100 brn|[from] brn\n|upkeep\n|turn|33\n|c|\u2606IncandescentCandle|Ow, holy fuck\n|\n|t:|1700489540\n|switch|p2a: I Choose Violence|Darmanitan-Galar, M|83\/100\n|move|p1a: Blissey|Soft-Boiled|p1a: Blissey\n|-heal|p1a: Blissey|97\/100\n|\n|-heal|p1a: Blissey|100\/100|[from] item: Leftovers\n|upkeep\n|turn|34\n|\n|t:|1700489555\n|switch|p1a: Corviknight|Corviknight, F|33\/100\n|-damage|p1a: Corviknight|20\/100|[from] Stealth Rock\n|-ability|p1a: Corviknight|Pressure\n|move|p2a: I Choose Violence|Earthquake|p1a: Corviknight\n|-immune|p1a: Corviknight\n|\n|-heal|p1a: Corviknight|26\/100|[from] item: Leftovers\n|upkeep\n|turn|35\n|\n|t:|1700489579\n|switch|p2a: Let It Go|Ninetales-Alola, F|4\/100\n|-weather|Snow|[from] ability: Snow Warning|[of] p2a: Let It Go\n|move|p1a: Corviknight|Roost|p1a: Corviknight\n|-heal|p1a: Corviknight|76\/100\n|-singleturn|p1a: Corviknight|move: Roost\n|\n|-weather|Snow|[upkeep]\n|-heal|p1a: Corviknight|83\/100|[from] item: Leftovers\n|upkeep\n|turn|36\n|\n|t:|1700489590\n|move|p2a: Let It Go|Encore|p1a: Corviknight\n|-start|p1a: Corviknight|Encore\n|move|p1a: Corviknight|Roost|p1a: Corviknight\n|-heal|p1a: Corviknight|100\/100\n|-singleturn|p1a: Corviknight|move: Roost\n|\n|-weather|Snow|[upkeep]\n|upkeep\n|turn|37\n|\n|t:|1700489597\n|switch|p1a: Latias|Latias-Mega, F|76\/100\n|-damage|p1a: Latias|63\/100|[from] Stealth Rock\n|move|p2a: Let It Go|Aurora Veil|p2a: Let It Go\n|-sidestart|p2: Destinum|move: Aurora Veil\n|\n|-weather|Snow|[upkeep]\n|upkeep\n|turn|38\n|\n|t:|1700489603\n|switch|p2a: I Choose Violence|Darmanitan-Galar, M|83\/100\n|move|p1a: Latias|Defog|p2a: I Choose Violence\n|-unboost|p2a: I Choose Violence|evasion|1\n|-sideend|p2: Destinum|move: Aurora Veil\n|-sideend|p1: IncandescentCandle|Stealth Rock|[from] move: Defog|[of] p1a: Latias\n|\n|-weather|Snow|[upkeep]\n|upkeep\n|turn|39\n|\n|t:|1700489609\n|switch|p1a: Skeledirge|Skeledirge, F|87\/100\n|move|p2a: I Choose Violence|U-turn|p1a: Skeledirge\n|-resisted|p1a: Skeledirge\n|-damage|p1a: Skeledirge|81\/100\n|\n|t:|1700489619\n|switch|p2a: Chris P. Bacon|Piloswine, M|82\/100 brn|[from] U-turn\n|\n|-weather|none\n|-heal|p1a: Skeledirge|87\/100|[from] item: Leftovers\n|-damage|p2a: Chris P. Bacon|76\/100 brn|[from] brn\n|upkeep\n|turn|40\n|\n|t:|1700489628\n|switch|p1a: Latias|Latias-Mega, F|63\/100\n|move|p2a: Chris P. Bacon|Stealth Rock|p1a: Latias\n|-sidestart|p1: IncandescentCandle|move: Stealth Rock\n|\n|-damage|p2a: Chris P. Bacon|69\/100 brn|[from] brn\n|upkeep\n|turn|41\n|\n|t:|1700489645\n|switch|p2a: Let It Go|Ninetales-Alola, F|4\/100\n|-weather|Snow|[from] ability: Snow Warning|[of] p2a: Let It Go\n|move|p1a: Latias|Defog|p2a: Let It Go\n|-unboost|p2a: Let It Go|evasion|1\n|-sideend|p1: IncandescentCandle|Stealth Rock|[from] move: Defog|[of] p1a: Latias\n|\n|-weather|Snow|[upkeep]\n|upkeep\n|turn|42\n|\n|t:|1700489651\n|move|p1a: Latias|Mystical Fire|p2a: Let It Go\n|-supereffective|p2a: Let It Go\n|-damage|p2a: Let It Go|0 fnt\n|faint|p2a: Let It Go\n|\n|-weather|Snow|[upkeep]\n|upkeep\n|\n|t:|1700489654\n|switch|p2a: I Choose Violence|Darmanitan-Galar, M|83\/100\n|turn|43\n|\n|t:|1700489666\n|switch|p1a: Corviknight|Corviknight, F|100\/100\n|-ability|p1a: Corviknight|Pressure\n|move|p2a: I Choose Violence|Icicle Crash|p1a: Corviknight\n|-damage|p1a: Corviknight|58\/100\n|\n|-weather|Snow|[upkeep]\n|-heal|p1a: Corviknight|64\/100|[from] item: Leftovers\n|upkeep\n|turn|44\n|\n|t:|1700489670\n|move|p1a: Corviknight|Protect|p1a: Corviknight\n|-singleturn|p1a: Corviknight|Protect\n|move|p2a: I Choose Violence|Icicle Crash|p1a: Corviknight\n|-activate|p1a: Corviknight|move: Protect\n|\n|-weather|Snow|[upkeep]\n|-heal|p1a: Corviknight|71\/100|[from] item: Leftovers\n|upkeep\n|turn|45\n|\n|t:|1700489672\n|switch|p1a: Skeledirge|Skeledirge, F|87\/100\n|move|p2a: I Choose Violence|Icicle Crash|p1a: Skeledirge\n|-resisted|p1a: Skeledirge\n|-damage|p1a: Skeledirge|65\/100\n|\n|-weather|none\n|-heal|p1a: Skeledirge|71\/100|[from] item: Leftovers\n|upkeep\n|turn|46\n|\n|t:|1700489676\n|switch|p2a: Chris P. Bacon|Piloswine, M|69\/100 brn\n|move|p1a: Skeledirge|Torch Song|p2a: Chris P. Bacon\n|-supereffective|p2a: Chris P. Bacon\n|-damage|p2a: Chris P. Bacon|53\/100 brn\n|-boost|p1a: Skeledirge|spa|1\n|\n|-heal|p1a: Skeledirge|77\/100|[from] item: Leftovers\n|-damage|p2a: Chris P. Bacon|46\/100 brn|[from] brn\n|upkeep\n|turn|47\n|\n|t:|1700489679\n|move|p1a: Skeledirge|Protect|p1a: Skeledirge\n|-singleturn|p1a: Skeledirge|Protect\n|move|p2a: Chris P. Bacon|Stealth Rock|p1a: Skeledirge\n|-sidestart|p1: IncandescentCandle|move: Stealth Rock\n|\n|-heal|p1a: Skeledirge|84\/100|[from] item: Leftovers\n|-damage|p2a: Chris P. Bacon|40\/100 brn|[from] brn\n|upkeep\n|turn|48\n|\n|t:|1700489715\n|switch|p1a: Latias|Latias-Mega, F|63\/100\n|-damage|p1a: Latias|51\/100|[from] Stealth Rock\n|move|p2a: Chris P. Bacon|Earthquake|p1a: Latias\n|-immune|p1a: Latias|[from] ability: Levitate\n|\n|-damage|p2a: Chris P. Bacon|34\/100 brn|[from] brn\n|upkeep\n|turn|49\n|\n|t:|1700489722\n|switch|p2a: Carolus Rex|Calyrex-Ice|52\/100\n|-ability|p2a: Carolus Rex|As One\n|-ability|p2a: Carolus Rex|Unnerve\n|move|p1a: Latias|Roost|p1a: Latias\n|-heal|p1a: Latias|100\/100\n|-singleturn|p1a: Latias|move: Roost\n|\n|upkeep\n|turn|50\n|c|\u2606IncandescentCandle|go away\n|c|\u2606Destinum|No.\n|\n|t:|1700489740\n|move|p1a: Latias|Reflect Type|p2a: Carolus Rex\n|-start|p1a: Latias|typechange|[from] move: Reflect Type|[of] p2a: Carolus Rex\n|move|p2a: Carolus Rex|Glacial Lance|p1a: Latias\n|-resisted|p1a: Latias\n|-damage|p1a: Latias|69\/100\n|\n|upkeep\n|-start|p1a: Latias|typechange|Psychic\/Ice|[silent]\n|turn|51\n|\n|t:|1700489755\n|move|p1a: Latias|Mystical Fire|p2a: Carolus Rex\n|-supereffective|p2a: Carolus Rex\n|-damage|p2a: Carolus Rex|21\/100\n|-unboost|p2a: Carolus Rex|spa|1\n|move|p2a: Carolus Rex|Close Combat|p1a: Latias\n|-damage|p1a: Latias|25\/100\n|-unboost|p2a: Carolus Rex|def|1\n|-unboost|p2a: Carolus Rex|spd|1\n|\n|upkeep\n|turn|52\n|\n|t:|1700489772\n|switch|p2a: I Choose Violence|Darmanitan-Galar, M|83\/100\n|move|p1a: Latias|Roost|p1a: Latias\n|-heal|p1a: Latias|75\/100\n|-singleturn|p1a: Latias|move: Roost\n|\n|upkeep\n|turn|53\n|\n|t:|1700489777\n|switch|p1a: Skeledirge|Skeledirge, F|84\/100\n|-damage|p1a: Skeledirge|59\/100|[from] Stealth Rock\n|move|p2a: I Choose Violence|U-turn|p1a: Skeledirge\n|-resisted|p1a: Skeledirge\n|-damage|p1a: Skeledirge|53\/100\n|\n|t:|1700489796\n|switch|p2a: Chris P. Bacon|Piloswine, M|34\/100 brn|[from] U-turn\n|\n|-heal|p1a: Skeledirge|59\/100|[from] item: Leftovers\n|-damage|p2a: Chris P. Bacon|28\/100 brn|[from] brn\n|upkeep\n|turn|54\n|\n|t:|1700489799\n|switch|p2a: I Choose Violence|Darmanitan-Galar, M|83\/100\n|move|p1a: Skeledirge|Protect||[still]\n|-fail|p1a: Skeledirge\n|\n|-heal|p1a: Skeledirge|65\/100|[from] item: Leftovers\n|upkeep\n|turn|55\n|\n|t:|1700489842\n|move|p1a: Skeledirge|Protect|p1a: Skeledirge\n|-singleturn|p1a: Skeledirge|Protect\n|move|p2a: I Choose Violence|Earthquake|p1a: Skeledirge\n|-activate|p1a: Skeledirge|move: Protect\n|\n|-heal|p1a: Skeledirge|71\/100|[from] item: Leftovers\n|upkeep\n|turn|56\n|\n|t:|1700489851\n|switch|p1a: Latias|Latias-Mega, F|75\/100\n|-damage|p1a: Latias|63\/100|[from] Stealth Rock\n|move|p2a: I Choose Violence|Earthquake|p1a: Latias\n|-immune|p1a: Latias|[from] ability: Levitate\n|\n|upkeep\n|turn|57\n|\n|t:|1700489858\n|switch|p2a: Titanic Terminator|Avalugg, M|100\/100\n|move|p1a: Latias|Defog|p2a: Titanic Terminator\n|-unboost|p2a: Titanic Terminator|evasion|1\n|-sideend|p1: IncandescentCandle|Stealth Rock|[from] move: Defog|[of] p1a: Latias\n|\n|upkeep\n|turn|58\n|\n|t:|1700489877\n|switch|p1a: Skeledirge|Skeledirge, F|71\/100\n|move|p2a: Titanic Terminator|Body Press|p1a: Skeledirge\n|-immune|p1a: Skeledirge\n|\n|-heal|p1a: Skeledirge|77\/100|[from] item: Leftovers\n|upkeep\n|turn|59\n|\n|t:|1700489886\n|switch|p2a: Chris P. Bacon|Piloswine, M|28\/100 brn\n|move|p1a: Skeledirge|Torch Song|p2a: Chris P. Bacon\n|-supereffective|p2a: Chris P. Bacon\n|-damage|p2a: Chris P. Bacon|10\/100 brn\n|-boost|p1a: Skeledirge|spa|1\n|\n|-heal|p1a: Skeledirge|83\/100|[from] item: Leftovers\n|-damage|p2a: Chris P. Bacon|4\/100 brn|[from] brn\n|upkeep\n|turn|60\n|\n|t:|1700489893\n|move|p1a: Skeledirge|Protect|p1a: Skeledirge\n|-singleturn|p1a: Skeledirge|Protect\n|move|p2a: Chris P. Bacon|Stealth Rock|p1a: Skeledirge\n|-sidestart|p1: IncandescentCandle|move: Stealth Rock\n|\n|-heal|p1a: Skeledirge|89\/100|[from] item: Leftovers\n|-damage|p2a: Chris P. Bacon|0 fnt|[from] brn\n|faint|p2a: Chris P. Bacon\n|upkeep\n|\n|t:|1700489898\n|switch|p2a: A Madafaking T-Rex|Kyurem-White, tera:Dragon|8\/100 brn\n|-ability|p2a: A Madafaking T-Rex|Turboblaze\n|turn|61\n|\n|t:|1700489907\n|switch|p1a: Blissey|Blissey, F|100\/100\n|-damage|p1a: Blissey|88\/100|[from] Stealth Rock\n|move|p2a: A Madafaking T-Rex|Draco Meteor|p1a: Blissey\n|-damage|p1a: Blissey|45\/100\n|-unboost|p2a: A Madafaking T-Rex|spa|2\n|\n|-heal|p1a: Blissey|51\/100|[from] item: Leftovers\n|-damage|p2a: A Madafaking T-Rex|2\/100 brn|[from] brn\n|upkeep\n|turn|62\n|\n|t:|1700489924\n|switch|p2a: I Choose Violence|Darmanitan-Galar, M|83\/100\n|move|p1a: Blissey|Soft-Boiled|p1a: Blissey\n|-heal|p1a: Blissey|100\/100\n|\n|upkeep\n|turn|63\n|\n|t:|1700489945\n|switch|p1a: Corviknight|Corviknight, F|71\/100\n|-damage|p1a: Corviknight|58\/100|[from] Stealth Rock\n|-ability|p1a: Corviknight|Pressure\n|move|p2a: I Choose Violence|Icicle Crash|p1a: Corviknight\n|-damage|p1a: Corviknight|14\/100\n|\n|-heal|p1a: Corviknight|20\/100|[from] item: Leftovers\n|upkeep\n|turn|64\n|\n|t:|1700489951\n|move|p1a: Corviknight|Protect|p1a: Corviknight\n|-singleturn|p1a: Corviknight|Protect\n|move|p2a: I Choose Violence|Icicle Crash|p1a: Corviknight\n|-activate|p1a: Corviknight|move: Protect\n|\n|-heal|p1a: Corviknight|26\/100|[from] item: Leftovers\n|upkeep\n|turn|65\n|\n|t:|1700489954\n|switch|p1a: Skeledirge|Skeledirge, F|89\/100\n|-damage|p1a: Skeledirge|64\/100|[from] Stealth Rock\n|move|p2a: I Choose Violence|Icicle Crash|p1a: Skeledirge\n|-resisted|p1a: Skeledirge\n|-damage|p1a: Skeledirge|43\/100\n|\n|-heal|p1a: Skeledirge|49\/100|[from] item: Leftovers\n|upkeep\n|turn|66\n|c|\u2606IncandescentCandle|4\/16 icicle crash pp is very funny\n|\n|t:|1700490026\n|switch|p2a: Carolus Rex|Calyrex-Ice|21\/100\n|-ability|p2a: Carolus Rex|As One\n|-ability|p2a: Carolus Rex|Unnerve\n|move|p1a: Skeledirge|Slack Off|p1a: Skeledirge\n|-heal|p1a: Skeledirge|99\/100\n|\n|-heal|p1a: Skeledirge|100\/100|[from] item: Leftovers\n|upkeep\n|turn|67\n|\n|t:|1700490050\n|switch|p2a: Titanic Terminator|Avalugg, M|100\/100\n|move|p1a: Skeledirge|Torch Song|p2a: Titanic Terminator\n|-supereffective|p2a: Titanic Terminator\n|-damage|p2a: Titanic Terminator|1\/100\n|-boost|p1a: Skeledirge|spa|1\n|\n|upkeep\n|turn|68\n|\n|t:|1700490055\n|move|p1a: Skeledirge|Torch Song|p2a: Titanic Terminator\n|-supereffective|p2a: Titanic Terminator\n|-damage|p2a: Titanic Terminator|0 fnt\n|-boost|p1a: Skeledirge|spa|1\n|faint|p2a: Titanic Terminator\n|\n|upkeep\n|\n|t:|1700490061\n|switch|p2a: I Choose Violence|Darmanitan-Galar, M|83\/100\n|turn|69\n|\n|t:|1700490068\n|move|p1a: Skeledirge|Protect|p1a: Skeledirge\n|-singleturn|p1a: Skeledirge|Protect\n|move|p2a: I Choose Violence|Earthquake|p1a: Skeledirge\n|-activate|p1a: Skeledirge|move: Protect\n|\n|upkeep\n|turn|70\n|\n|t:|1700490076\n|switch|p2a: Carolus Rex|Calyrex-Ice|21\/100\n|-ability|p2a: Carolus Rex|As One\n|-ability|p2a: Carolus Rex|Unnerve\n|switch|p1a: Latias|Latias-Mega, F|63\/100\n|-damage|p1a: Latias|51\/100|[from] Stealth Rock\n|\n|upkeep\n|turn|71\n|\n|t:|1700490080\n|move|p1a: Latias|Mystical Fire|p2a: Carolus Rex\n|-supereffective|p2a: Carolus Rex\n|-damage|p2a: Carolus Rex|0 fnt\n|faint|p2a: Carolus Rex\n|\n|upkeep\n|\n|t:|1700490084\n|switch|p2a: I Choose Violence|Darmanitan-Galar, M|83\/100\n|turn|72\n|\n|t:|1700490089\n|switch|p1a: Corviknight|Corviknight, F|26\/100\n|-damage|p1a: Corviknight|14\/100|[from] Stealth Rock\n|-ability|p1a: Corviknight|Pressure\n|move|p2a: I Choose Violence|U-turn|p1a: Corviknight\n|-resisted|p1a: Corviknight\n|-damage|p1a: Corviknight|8\/100\n|\n|t:|1700490096\n|switch|p2a: A Madafaking T-Rex|Kyurem-White, tera:Dragon|2\/100 brn|[from] U-turn\n|-ability|p2a: A Madafaking T-Rex|Turboblaze\n|\n|-heal|p1a: Corviknight|15\/100|[from] item: Leftovers\n|-damage|p2a: A Madafaking T-Rex|0 fnt|[from] brn\n|faint|p2a: A Madafaking T-Rex\n|upkeep\n|\n|t:|1700490098\n|switch|p2a: I Choose Violence|Darmanitan-Galar, M|83\/100\n|turn|73\n|\n|t:|1700490103\n|move|p1a: Corviknight|Protect|p1a: Corviknight\n|-singleturn|p1a: Corviknight|Protect\n|move|p2a: I Choose Violence|Icicle Crash|p1a: Corviknight\n|-activate|p1a: Corviknight|move: Protect\n|\n|-heal|p1a: Corviknight|21\/100|[from] item: Leftovers\n|upkeep\n|turn|74\n|c|\u2606Destinum|gg\n|c|\u2606IncandescentCandle|gg\n|\n|t:|1700490110\n|switch|p1a: Skeledirge|Skeledirge, F|100\/100\n|-damage|p1a: Skeledirge|75\/100|[from] Stealth Rock\n|move|p2a: I Choose Violence|Icicle Crash|p1a: Skeledirge\n|-resisted|p1a: Skeledirge\n|-damage|p1a: Skeledirge|55\/100\n|\n|-heal|p1a: Skeledirge|61\/100|[from] item: Leftovers\n|upkeep\n|turn|75\n|\n|t:|1700490113\n|move|p1a: Skeledirge|Protect|p1a: Skeledirge\n|-singleturn|p1a: Skeledirge|Protect\n|move|p2a: I Choose Violence|Icicle Crash|p1a: Skeledirge\n|-activate|p1a: Skeledirge|move: Protect\n|\n|-heal|p1a: Skeledirge|67\/100|[from] item: Leftovers\n|upkeep\n|turn|76\n|\n|t:|1700490115\n|-activate|p2a: I Choose Violence|move: Struggle\n|move|p2a: I Choose Violence|Struggle|p1a: Skeledirge\n|-damage|p1a: Skeledirge|50\/100\n|-damage|p2a: I Choose Violence|57\/100|[from] recoil\n|move|p1a: Skeledirge|Torch Song|p2a: I Choose Violence\n|-supereffective|p2a: I Choose Violence\n|-damage|p2a: I Choose Violence|0 fnt\n|-boost|p1a: Skeledirge|spa|1\n|faint|p2a: I Choose Violence\n|\n|win|IncandescentCandle\n","uploadtime":1700490123,"views":17,"p1id":"incandescentcandle","p2id":"destinum","formatid":"gen9nationaldexubers","rating":0,"private":0,"password":""}