{"id":"gen9nationaldexubers-1984334397","p1":"Solaris2003","p2":"tbor2002","format":"[Gen 9] National Dex Ubers","log":"|j|\u2606Solaris2003\n|j|\u2606tbor2002\n|t:|1699245276\n|gametype|singles\n|player|p1|Solaris2003|101|\n|player|p2|tbor2002|wattson|\n|teamsize|p1|6\n|teamsize|p2|6\n|gen|9\n|tier|[Gen 9] National Dex Ubers\n|rule|HP Percentage Mod: HP is shown in percentages\n|rule|Endless Battle Clause: Forcing endless battles is banned\n|rule|OHKO Clause: OHKO moves are banned\n|rule|Evasion Moves Clause: Evasion moves are banned\n|rule|Evasion Items Clause: Evasion items are banned\n|rule|Species Clause: Limit one of each Pok\u00e9mon\n|rule|Sleep Clause Mod: Limit one foe put to sleep\n|rule|Mega Rayquaza Clause: You cannot mega evolve Rayquaza\n|clearpoke\n|poke|p1|Cinderace, F|\n|poke|p1|Lycanroc-Dusk, F|\n|poke|p1|Noivern, M|\n|poke|p1|Copperajah, M|\n|poke|p1|Wyrdeer, M|\n|poke|p1|Flaaffy, F|\n|poke|p2|Walking Wake|\n|poke|p2|Muk-Alola, F|\n|poke|p2|Jolteon, M|\n|poke|p2|Toxicroak, F|\n|poke|p2|Falinks|\n|poke|p2|Glimmet, M|\n|teampreview\n|\n|t:|1699245283\n|start\n|switch|p1a: Flaaffy|Flaaffy, F|100\/100\n|switch|p2a: Glimmet|Glimmet, M|100\/100\n|turn|1\n|\n|t:|1699245289\n|move|p2a: Glimmet|Stealth Rock|p1a: Flaaffy\n|-sidestart|p1: Solaris2003|move: Stealth Rock\n|move|p1a: Flaaffy|Discharge|p2a: Glimmet\n|-damage|p2a: Glimmet|55\/100\n|-status|p2a: Glimmet|par\n|\n|upkeep\n|turn|2\n|\n|t:|1699245309\n|switch|p2a: Jolteon|Jolteon, M|100\/100\n|move|p1a: Flaaffy|Light Screen|p1a: Flaaffy\n|-sidestart|p1: Solaris2003|move: Light Screen\n|\n|upkeep\n|turn|3\n|\n|t:|1699245319\n|move|p2a: Jolteon|Calm Mind|p2a: Jolteon\n|-boost|p2a: Jolteon|spa|1\n|-boost|p2a: Jolteon|spd|1\n|move|p1a: Flaaffy|Roar|p2a: Jolteon\n|drag|p2a: Walking Wake|Walking Wake|100\/100\n|\n|upkeep\n|turn|4\n|\n|t:|1699245329\n|-end|p2a: Walking Wake|Protosynthesis|[silent]\n|switch|p2a: Jolteon|Jolteon, M|100\/100\n|move|p1a: Flaaffy|Discharge|p2a: Jolteon\n|-immune|p2a: Jolteon|[from] ability: Volt Absorb\n|\n|upkeep\n|turn|5\n|j| Jam20Jam\n|\n|t:|1699245336\n|move|p2a: Jolteon|Thunderbolt|p1a: Flaaffy\n|-resisted|p1a: Flaaffy\n|-damage|p1a: Flaaffy|93\/100\n|move|p1a: Flaaffy|Reflect|p1a: Flaaffy\n|-sidestart|p1: Solaris2003|Reflect\n|\n|upkeep\n|turn|6\n|\n|t:|1699245342\n|move|p2a: Jolteon|Calm Mind|p2a: Jolteon\n|-boost|p2a: Jolteon|spa|1\n|-boost|p2a: Jolteon|spd|1\n|move|p1a: Flaaffy|Roar|p2a: Jolteon\n|drag|p2a: Toxicroak|Toxicroak, F|100\/100\n|\n|-sideend|p1: Solaris2003|move: Light Screen\n|upkeep\n|turn|7\n|\n|t:|1699245352\n|move|p2a: Toxicroak|Gunk Shot|p1a: Flaaffy\n|-damage|p1a: Flaaffy|55\/100\n|-status|p1a: Flaaffy|psn\n|-damage|p2a: Toxicroak|91\/100|[from] item: Life Orb\n|move|p1a: Flaaffy|Discharge|p2a: Toxicroak\n|-damage|p2a: Toxicroak|53\/100\n|-status|p2a: Toxicroak|par\n|\n|-damage|p1a: Flaaffy|43\/100 psn|[from] psn\n|upkeep\n|turn|8\n|\n|t:|1699245365\n|switch|p2a: Jolteon|Jolteon, M|100\/100\n|move|p1a: Flaaffy|Roar|p2a: Jolteon\n|drag|p2a: Falinks|Falinks|100\/100\n|\n|-damage|p1a: Flaaffy|31\/100 psn|[from] psn\n|upkeep\n|turn|9\n|\n|t:|1699245375\n|switch|p2a: Jolteon|Jolteon, M|100\/100\n|move|p1a: Flaaffy|Discharge|p2a: Jolteon\n|-immune|p2a: Jolteon|[from] ability: Volt Absorb\n|\n|-damage|p1a: Flaaffy|18\/100 psn|[from] psn\n|-sideend|p1: Solaris2003|Reflect\n|upkeep\n|turn|10\n|\n|t:|1699245386\n|move|p2a: Jolteon|Calm Mind|p2a: Jolteon\n|-boost|p2a: Jolteon|spa|1\n|-boost|p2a: Jolteon|spd|1\n|move|p1a: Flaaffy|Light Screen|p1a: Flaaffy\n|-sidestart|p1: Solaris2003|move: Light Screen\n|\n|-damage|p1a: Flaaffy|6\/100 psn|[from] psn\n|upkeep\n|turn|11\n|\n|t:|1699245392\n|move|p2a: Jolteon|Thunderbolt|p1a: Flaaffy\n|-resisted|p1a: Flaaffy\n|-damage|p1a: Flaaffy|0 fnt\n|faint|p1a: Flaaffy\n|\n|upkeep\n|\n|t:|1699245397\n|switch|p1a: Cinderace|Cinderace, F|100\/100\n|turn|12\n|\n|t:|1699245404\n|move|p2a: Jolteon|Volt Switch|p1a: Cinderace\n|-damage|p1a: Cinderace|67\/100\n|\n|t:|1699245410\n|switch|p2a: Glimmet|Glimmet, M|55\/100 par|[from] Volt Switch\n|move|p1a: Cinderace|Pyro Ball|p2a: Glimmet\n|-resisted|p2a: Glimmet\n|-damage|p2a: Glimmet|0 fnt\n|-activate|p2a: Glimmet|ability: Toxic Debris\n|-sidestart|p1: Solaris2003|move: Toxic Spikes\n|faint|p2a: Glimmet\n|\n|upkeep\n|\n|t:|1699245419\n|switch|p2a: Walking Wake|Walking Wake|100\/100\n|turn|13\n|\n|t:|1699245424\n|switch|p1a: Wyrdeer|Wyrdeer, M|100\/100\n|-damage|p1a: Wyrdeer|88\/100|[from] Stealth Rock\n|-status|p1a: Wyrdeer|psn\n|-ability|p1a: Wyrdeer|Intimidate|boost\n|-unboost|p2a: Walking Wake|atk|1\n|move|p2a: Walking Wake|Hydro Steam|p1a: Wyrdeer\n|-damage|p1a: Wyrdeer|55\/100 psn\n|\n|-heal|p1a: Wyrdeer|61\/100 psn|[from] item: Leftovers\n|-damage|p1a: Wyrdeer|49\/100 psn|[from] psn\n|upkeep\n|turn|14\n|\n|t:|1699245440\n|move|p2a: Walking Wake|Hydro Steam|p1a: Wyrdeer\n|-damage|p1a: Wyrdeer|14\/100 psn\n|move|p1a: Wyrdeer|Energy Ball|p2a: Walking Wake\n|-damage|p2a: Walking Wake|66\/100\n|\n|-heal|p1a: Wyrdeer|20\/100 psn|[from] item: Leftovers\n|-damage|p1a: Wyrdeer|8\/100 psn|[from] psn\n|-sideend|p1: Solaris2003|move: Light Screen\n|upkeep\n|turn|15\n|\n|t:|1699245450\n|move|p2a: Walking Wake|Hydro Steam|p1a: Wyrdeer\n|-damage|p1a: Wyrdeer|0 fnt\n|faint|p1a: Wyrdeer\n|\n|upkeep\n|\n|t:|1699245461\n|switch|p1a: Copperajah|Copperajah, M|100\/100\n|-damage|p1a: Copperajah|94\/100|[from] Stealth Rock\n|turn|16\n|\n|t:|1699245475\n|-end|p2a: Walking Wake|Protosynthesis|[silent]\n|switch|p2a: Toxicroak|Toxicroak, F|53\/100 par\n|move|p1a: Copperajah|Body Press|p2a: Toxicroak\n|-resisted|p2a: Toxicroak\n|-damage|p2a: Toxicroak|43\/100 par\n|\n|-heal|p1a: Copperajah|100\/100|[from] item: Leftovers\n|upkeep\n|turn|17\n|\n|t:|1699245485\n|move|p1a: Copperajah|Heavy Slam|p2a: Toxicroak\n|-damage|p2a: Toxicroak|0 fnt\n|faint|p2a: Toxicroak\n|\n|upkeep\n|\n|t:|1699245490\n|switch|p2a: Falinks|Falinks|100\/100\n|turn|18\n|\n|t:|1699245497\n|move|p2a: Falinks|No Retreat|p2a: Falinks\n|-boost|p2a: Falinks|atk|1\n|-boost|p2a: Falinks|def|1\n|-boost|p2a: Falinks|spa|1\n|-boost|p2a: Falinks|spd|1\n|-boost|p2a: Falinks|spe|1\n|-start|p2a: Falinks|move: No Retreat\n|move|p1a: Copperajah|Iron Defense|p1a: Copperajah\n|-boost|p1a: Copperajah|def|2\n|\n|upkeep\n|turn|19\n|\n|t:|1699245510\n|move|p2a: Falinks|Close Combat|p1a: Copperajah\n|-supereffective|p1a: Copperajah\n|-damage|p1a: Copperajah|10\/100\n|-unboost|p2a: Falinks|def|1\n|-unboost|p2a: Falinks|spd|1\n|move|p1a: Copperajah|Heavy Slam|p2a: Falinks\n|-damage|p2a: Falinks|14\/100\n|\n|-heal|p1a: Copperajah|16\/100|[from] item: Leftovers\n|upkeep\n|turn|20\n|\n|t:|1699245521\n|move|p2a: Falinks|Close Combat|p1a: Copperajah\n|-supereffective|p1a: Copperajah\n|-damage|p1a: Copperajah|0 fnt\n|-unboost|p2a: Falinks|def|1\n|-unboost|p2a: Falinks|spd|1\n|faint|p1a: Copperajah\n|\n|upkeep\n|\n|t:|1699245536\n|switch|p1a: Cinderace|Cinderace, F|67\/100\n|turn|21\n|\n|t:|1699245541\n|move|p1a: Cinderace|Sucker Punch|p2a: Falinks\n|-resisted|p2a: Falinks\n|-damage|p2a: Falinks|0 fnt\n|faint|p2a: Falinks\n|\n|upkeep\n|\n|t:|1699245552\n|switch|p2a: Walking Wake|Walking Wake|66\/100\n|turn|22\n|\n|t:|1699245562\n|move|p1a: Cinderace|Court Change|p1a: Cinderace\n|-swapsideconditions\n|-activate|p1a: Cinderace|move: Court Change\n|move|p2a: Walking Wake|Hydro Steam|p1a: Cinderace\n|-supereffective|p1a: Cinderace\n|-damage|p1a: Cinderace|0 fnt\n|faint|p1a: Cinderace\n|\n|upkeep\n|\n|t:|1699245568\n|switch|p1a: Noivern|Noivern, M|100\/100\n|turn|23\n|\n|t:|1699245576\n|move|p1a: Noivern|Air Slash|p2a: Walking Wake\n|-damage|p2a: Walking Wake|8\/100\n|cant|p2a: Walking Wake|flinch\n|\n|upkeep\n|turn|24\n|\n|t:|1699245580\n|move|p1a: Noivern|Air Slash|p2a: Walking Wake\n|-damage|p2a: Walking Wake|0 fnt\n|faint|p2a: Walking Wake\n|-end|p2a: Walking Wake|Protosynthesis|[silent]\n|\n|upkeep\n|\n|t:|1699245584\n|switch|p2a: Muk|Muk-Alola, F|100\/100\n|-damage|p2a: Muk|88\/100|[from] Stealth Rock\n|-sideend|p2: tbor2002|move: Toxic Spikes|[of] p2a: Muk\n|turn|25\n|\n|t:|1699245591\n|-terastallize|p1a: Noivern|Steel\n|move|p1a: Noivern|Air Slash|p2a: Muk\n|-damage|p2a: Muk|68\/100\n|move|p2a: Muk|Rock Slide|p1a: Noivern\n|-resisted|p1a: Noivern\n|-damage|p1a: Noivern|88\/100\n|\n|upkeep\n|turn|26\n|\n|t:|1699245599\n|move|p1a: Noivern|Air Slash|p2a: Muk\n|-damage|p2a: Muk|48\/100\n|move|p2a: Muk|Knock Off|p1a: Noivern\n|-damage|p1a: Noivern|42\/100\n|-enditem|p1a: Noivern|Choice Specs|[from] move: Knock Off|[of] p2a: Muk\n|\n|upkeep\n|turn|27\n|\n|t:|1699245612\n|move|p1a: Noivern|Draco Meteor|p2a: Muk\n|-damage|p2a: Muk|26\/100\n|-unboost|p1a: Noivern|spa|2\n|move|p2a: Muk|Rock Slide|p1a: Noivern\n|-resisted|p1a: Noivern\n|-damage|p1a: Noivern|29\/100\n|\n|upkeep\n|turn|28\n|\n|t:|1699245620\n|move|p1a: Noivern|Flamethrower|p2a: Muk\n|-damage|p2a: Muk|20\/100\n|move|p2a: Muk|Knock Off|p1a: Noivern\n|-damage|p1a: Noivern|0 fnt\n|faint|p1a: Noivern\n|\n|upkeep\n|\n|t:|1699245626\n|switch|p1a: Lycanroc|Lycanroc-Dusk, F|100\/100\n|turn|29\n|\n|t:|1699245633\n|move|p1a: Lycanroc|Iron Head|p2a: Muk\n|-damage|p2a: Muk|0 fnt\n|faint|p2a: Muk\n|\n|upkeep\n|\n|t:|1699245636\n|switch|p2a: Jolteon|Jolteon, M|100\/100\n|turn|30\n|\n|t:|1699245643\n|move|p2a: Jolteon|Thunderbolt|p1a: Lycanroc\n|-damage|p1a: Lycanroc|34\/100\n|move|p1a: Lycanroc|Iron Head|p2a: Jolteon\n|-resisted|p2a: Jolteon\n|-damage|p2a: Jolteon|55\/100\n|\n|upkeep\n|turn|31\n|\n|t:|1699245650\n|move|p2a: Jolteon|Thunderbolt|p1a: Lycanroc\n|-damage|p1a: Lycanroc|0 fnt\n|faint|p1a: Lycanroc\n|\n|win|tbor2002\n","uploadtime":1699245659,"views":5,"p1id":"solaris2003","p2id":"tbor2002","formatid":"gen9nationaldexubers","rating":0,"private":0,"password":""}