{"id":"gen9nationaldexubers-1990612941","p1":"85792195wwww","p2":"zooz da denn","format":"[Gen 9] National Dex Ubers","log":"|j|\u260685792195wwww\n|j|\u2606zooz da denn\n|t:|1699985734\n|gametype|singles\n|player|p1|85792195wwww|mira|1720\n|player|p2|zooz da denn|266|1760\n|teamsize|p1|6\n|teamsize|p2|6\n|gen|9\n|tier|[Gen 9] National Dex Ubers\n|rated|\n|rule|HP Percentage Mod: HP is shown in percentages\n|rule|Endless Battle Clause: Forcing endless battles is banned\n|rule|OHKO Clause: OHKO moves are banned\n|rule|Evasion Moves Clause: Evasion moves are banned\n|rule|Evasion Items Clause: Evasion items are banned\n|rule|Species Clause: Limit one of each Pok\u00e9mon\n|rule|Sleep Clause Mod: Limit one foe put to sleep\n|rule|Mega Rayquaza Clause: You cannot mega evolve Rayquaza\n|clearpoke\n|poke|p1|Arceus-Ground|\n|poke|p1|Deoxys-Speed|\n|poke|p1|Landorus, M|\n|poke|p1|Zacian-*|\n|poke|p1|Groudon|\n|poke|p1|Kyurem-Black|\n|poke|p2|Dondozo, F|\n|poke|p2|Ho-Oh|\n|poke|p2|Arceus-Dark|\n|poke|p2|Eternatus|\n|poke|p2|Yveltal|\n|poke|p2|Groudon|\n|teampreview\n|\n|t:|1699985777\n|start\n|switch|p1a: Deoxys|Deoxys-Speed|100\/100\n|switch|p2a: Groudon|Groudon|100\/100\n|-ability|p1a: Deoxys|Pressure\n|detailschange|p2a: Groudon|Groudon-Primal\n|-primal|p2a: Groudon|Red Orb\n|-weather|DesolateLand|[from] ability: Desolate Land|[of] p2a: Groudon\n|turn|1\n|\n|t:|1699985789\n|move|p1a: Deoxys|Stealth Rock|p2a: Groudon\n|-sidestart|p2: zooz da denn|move: Stealth Rock\n|move|p2a: Groudon|Precipice Blades|p1a: Deoxys\n|-enditem|p1a: Deoxys|Focus Sash\n|-damage|p1a: Deoxys|1\/100\n|\n|-weather|DesolateLand|[upkeep]\n|upkeep\n|turn|2\n|\n|t:|1699985797\n|move|p1a: Deoxys|Spikes|p2a: Groudon\n|-sidestart|p2: zooz da denn|Spikes\n|move|p2a: Groudon|Precipice Blades|p1a: Deoxys\n|-damage|p1a: Deoxys|0 fnt\n|faint|p1a: Deoxys\n|\n|-weather|DesolateLand|[upkeep]\n|upkeep\n|\n|t:|1699985805\n|switch|p1a: Arceus|Arceus-Ground|100\/100\n|turn|3\n|\n|t:|1699985809\n|move|p1a: Arceus|Stone Edge|p2a: Groudon\n|-damage|p2a: Groudon|79\/100\n|move|p2a: Groudon|Toxic|p1a: Arceus\n|-status|p1a: Arceus|tox\n|\n|-weather|DesolateLand|[upkeep]\n|-damage|p1a: Arceus|94\/100 tox|[from] psn\n|upkeep\n|turn|4\n|inactive|Battle timer is ON: inactive players will automatically lose when time's up. (requested by zooz da denn)\n|\n|t:|1699985820\n|-weather|none\n|switch|p2a: Dondozo|Dondozo, F|100\/100\n|-damage|p2a: Dondozo|88\/100|[from] Stealth Rock\n|-damage|p2a: Dondozo|75\/100|[from] Spikes\n|-zpower|p1a: Arceus\n|move|p1a: Arceus|Tectonic Rage|p2a: Dondozo|[zeffect]\n|-damage|p2a: Dondozo|35\/100\n|\n|-heal|p2a: Dondozo|41\/100|[from] item: Leftovers\n|-damage|p1a: Arceus|82\/100 tox|[from] psn\n|upkeep\n|turn|5\n|\n|t:|1699985837\n|move|p1a: Arceus|Taunt|p2a: Dondozo\n|-start|p2a: Dondozo|move: Taunt\n|cant|p2a: Dondozo|move: Taunt|Rest\n|\n|-heal|p2a: Dondozo|47\/100|[from] item: Leftovers\n|-damage|p1a: Arceus|64\/100 tox|[from] psn\n|upkeep\n|turn|6\n|\n|t:|1699985851\n|switch|p2a: Arceus|Arceus-Dark|100\/100\n|-damage|p2a: Arceus|88\/100|[from] Stealth Rock\n|-damage|p2a: Arceus|76\/100|[from] Spikes\n|move|p1a: Arceus|Stone Edge|p2a: Arceus|[miss]\n|-miss|p1a: Arceus|p2a: Arceus\n|\n|-damage|p1a: Arceus|40\/100 tox|[from] psn\n|upkeep\n|turn|7\n|\n|t:|1699985862\n|move|p2a: Arceus|Judgment|p1a: Arceus\n|-damage|p1a: Arceus|5\/100 tox\n|move|p1a: Arceus|Taunt|p2a: Arceus\n|-start|p2a: Arceus|move: Taunt\n|\n|-damage|p1a: Arceus|0 fnt|[from] psn\n|faint|p1a: Arceus\n|upkeep\n|\n|t:|1699985877\n|switch|p1a: Zacian|Zacian-Crowned|100\/100\n|-ability|p1a: Zacian|Intrepid Sword|boost\n|-boost|p1a: Zacian|atk|1\n|turn|8\n|\n|t:|1699985903\n|move|p1a: Zacian|Close Combat|p2a: Arceus\n|-supereffective|p2a: Arceus\n|-damage|p2a: Arceus|0 fnt\n|-unboost|p1a: Zacian|def|1\n|-unboost|p1a: Zacian|spd|1\n|faint|p2a: Arceus\n|\n|upkeep\n|\n|t:|1699985909\n|switch|p2a: Ho-Oh|Ho-Oh|100\/100\n|turn|9\n|\n|t:|1699985913\n|move|p1a: Zacian|Wild Charge|p2a: Ho-Oh\n|-supereffective|p2a: Ho-Oh\n|-damage|p2a: Ho-Oh|36\/100\n|-damage|p1a: Zacian|80\/100|[from] Recoil\n|move|p2a: Ho-Oh|Defog|p1a: Zacian\n|-unboost|p1a: Zacian|evasion|1\n|-sideend|p2: zooz da denn|Spikes|[from] move: Defog|[of] p2a: Ho-Oh\n|-sideend|p2: zooz da denn|Stealth Rock|[from] move: Defog|[of] p2a: Ho-Oh\n|\n|upkeep\n|turn|10\n|\n|t:|1699985923\n|switch|p2a: Groudon|Groudon-Primal|79\/100\n|-weather|DesolateLand|[from] ability: Desolate Land|[of] p2a: Groudon\n|move|p1a: Zacian|Wild Charge|p2a: Groudon\n|-immune|p2a: Groudon\n|\n|-weather|DesolateLand|[upkeep]\n|upkeep\n|turn|11\n|\n|t:|1699985933\n|move|p1a: Zacian|Close Combat|p2a: Groudon\n|-damage|p2a: Groudon|36\/100\n|-unboost|p1a: Zacian|def|1\n|-unboost|p1a: Zacian|spd|1\n|move|p2a: Groudon|Spikes|p1a: Zacian\n|-sidestart|p1: 85792195wwww|Spikes\n|\n|-weather|DesolateLand|[upkeep]\n|upkeep\n|turn|12\n|\n|t:|1699985951\n|move|p1a: Zacian|Close Combat|p2a: Groudon\n|-damage|p2a: Groudon|0 fnt\n|-unboost|p1a: Zacian|def|1\n|-unboost|p1a: Zacian|spd|1\n|faint|p2a: Groudon\n|-weather|none\n|\n|upkeep\n|\n|t:|1699985963\n|switch|p2a: Eternatus|Eternatus|100\/100\n|-ability|p2a: Eternatus|Pressure\n|turn|13\n|\n|t:|1699985968\n|move|p1a: Zacian|Behemoth Blade|p2a: Eternatus\n|-damage|p2a: Eternatus|43\/100\n|move|p2a: Eternatus|Flamethrower|p1a: Zacian\n|-supereffective|p1a: Zacian\n|-damage|p1a: Zacian|0 fnt\n|faint|p1a: Zacian\n|\n|-heal|p2a: Eternatus|49\/100|[from] item: Black Sludge\n|upkeep\n|\n|t:|1699985979\n|switch|p1a: Landorus|Landorus, M|100\/100\n|turn|14\n|\n|t:|1699985988\n|switch|p2a: Yveltal|Yveltal|100\/100\n|-ability|p2a: Yveltal|Dark Aura\n|move|p1a: Landorus|Nasty Plot|p1a: Landorus\n|-boost|p1a: Landorus|spa|2\n|\n|upkeep\n|turn|15\n|\n|t:|1699985996\n|move|p1a: Landorus|Sludge Wave|p2a: Yveltal\n|-damage|p2a: Yveltal|45\/100\n|move|p2a: Yveltal|Knock Off|p1a: Landorus\n|-damage|p1a: Landorus|34\/100\n|-enditem|p1a: Landorus|Life Orb|[from] move: Knock Off|[of] p2a: Yveltal\n|\n|-heal|p2a: Yveltal|51\/100|[from] item: Leftovers\n|upkeep\n|turn|16\n|\n|t:|1699986006\n|move|p2a: Yveltal|Sucker Punch|p1a: Landorus\n|-damage|p1a: Landorus|0 fnt\n|faint|p1a: Landorus\n|\n|-heal|p2a: Yveltal|57\/100|[from] item: Leftovers\n|upkeep\n|\n|t:|1699986018\n|switch|p1a: Kyurem|Kyurem-Black|100\/100\n|-damage|p1a: Kyurem|88\/100|[from] Spikes\n|-ability|p1a: Kyurem|Teravolt\n|turn|17\n|\n|t:|1699986025\n|move|p1a: Kyurem|Icicle Spear|p2a: Yveltal\n|-supereffective|p2a: Yveltal\n|-damage|p2a: Yveltal|31\/100\n|-supereffective|p2a: Yveltal\n|-damage|p2a: Yveltal|5\/100\n|-supereffective|p2a: Yveltal\n|-damage|p2a: Yveltal|0 fnt\n|faint|p2a: Yveltal\n|-hitcount|p2: Yveltal|3\n|\n|upkeep\n|\n|t:|1699986036\n|switch|p2a: Ho-Oh|Ho-Oh|70\/100\n|turn|18\n|\n|t:|1699986047\n|switch|p1a: Groudon|Groudon|100\/100\n|-damage|p1a: Groudon|88\/100|[from] Spikes\n|detailschange|p1a: Groudon|Groudon-Primal\n|-primal|p1a: Groudon|Red Orb\n|-weather|DesolateLand|[from] ability: Desolate Land|[of] p1a: Groudon\n|move|p2a: Ho-Oh|Sacred Fire|p1a: Groudon\n|-resisted|p1a: Groudon\n|-damage|p1a: Groudon|68\/100\n|\n|-weather|DesolateLand|[upkeep]\n|upkeep\n|turn|19\n|\n|t:|1699986058\n|switch|p2a: Eternatus|Eternatus|49\/100\n|-ability|p2a: Eternatus|Pressure\n|move|p1a: Groudon|Swords Dance|p1a: Groudon\n|-boost|p1a: Groudon|atk|2\n|\n|-weather|DesolateLand|[upkeep]\n|-heal|p2a: Eternatus|55\/100|[from] item: Black Sludge\n|upkeep\n|turn|20\n|\n|t:|1699986073\n|move|p2a: Eternatus|Sludge Bomb|p1a: Groudon\n|-resisted|p1a: Groudon\n|-damage|p1a: Groudon|49\/100\n|move|p1a: Groudon|Precipice Blades|p2a: Eternatus\n|-supereffective|p2a: Eternatus\n|-damage|p2a: Eternatus|0 fnt\n|faint|p2a: Eternatus\n|\n|-weather|DesolateLand|[upkeep]\n|upkeep\n|\n|t:|1699986082\n|switch|p2a: Dondozo|Dondozo, F|47\/100\n|turn|21\n|\n|t:|1699986092\n|move|p1a: Groudon|Precipice Blades|p2a: Dondozo|[miss]\n|-miss|p1a: Groudon|p2a: Dondozo\n|move|p2a: Dondozo|Rest|p2a: Dondozo\n|-status|p2a: Dondozo|slp|[from] move: Rest\n|-heal|p2a: Dondozo|100\/100 slp|[silent]\n|\n|-weather|DesolateLand|[upkeep]\n|upkeep\n|turn|22\n|\n|t:|1699986101\n|-weather|none\n|switch|p1a: Kyurem|Kyurem-Black|88\/100\n|-damage|p1a: Kyurem|76\/100|[from] Spikes\n|-ability|p1a: Kyurem|Teravolt\n|cant|p2a: Dondozo|slp\n|\n|upkeep\n|turn|23\n|\n|t:|1699986111\n|move|p1a: Kyurem|Dragon Dance|p1a: Kyurem\n|-boost|p1a: Kyurem|atk|1\n|-boost|p1a: Kyurem|spe|1\n|cant|p2a: Dondozo|slp\n|\n|upkeep\n|turn|24\n|\n|t:|1699986119\n|-terastallize|p2a: Dondozo|Dark\n|move|p1a: Kyurem|Fusion Bolt|p2a: Dondozo\n|-damage|p2a: Dondozo|68\/100 slp\n|-curestatus|p2a: Dondozo|slp|[msg]\n|move|p2a: Dondozo|Curse|p2a: Dondozo\n|-unboost|p2a: Dondozo|spe|1\n|-boost|p2a: Dondozo|atk|1\n|-boost|p2a: Dondozo|def|1\n|\n|-heal|p2a: Dondozo|74\/100|[from] item: Leftovers\n|upkeep\n|turn|25\n|\n|t:|1699986133\n|move|p1a: Kyurem|Icicle Spear|p2a: Dondozo\n|-damage|p2a: Dondozo|66\/100\n|-damage|p2a: Dondozo|58\/100\n|-damage|p2a: Dondozo|50\/100\n|-damage|p2a: Dondozo|42\/100\n|-damage|p2a: Dondozo|34\/100\n|-hitcount|p2a: Dondozo|5\n|move|p2a: Dondozo|Curse|p2a: Dondozo\n|-unboost|p2a: Dondozo|spe|1\n|-boost|p2a: Dondozo|atk|1\n|-boost|p2a: Dondozo|def|1\n|\n|-heal|p2a: Dondozo|40\/100|[from] item: Leftovers\n|upkeep\n|turn|26\n|\n|t:|1699986153\n|-terastallize|p1a: Kyurem|Electric\n|move|p1a: Kyurem|Fusion Bolt|p2a: Dondozo\n|-damage|p2a: Dondozo|15\/100\n|move|p2a: Dondozo|Yawn|p1a: Kyurem\n|-start|p1a: Kyurem|move: Yawn|[of] p2a: Dondozo\n|\n|-heal|p2a: Dondozo|22\/100|[from] item: Leftovers\n|upkeep\n|turn|27\n|\n|t:|1699986165\n|move|p1a: Kyurem|Fusion Bolt|p2a: Dondozo\n|-damage|p2a: Dondozo|0 fnt\n|faint|p2a: Dondozo\n|\n|-end|p1a: Kyurem|move: Yawn|[silent]\n|-status|p1a: Kyurem|slp\n|upkeep\n|\n|t:|1699986171\n|switch|p2a: Ho-Oh|Ho-Oh|100\/100\n|turn|28\n|\n|t:|1699986179\n|switch|p1a: Groudon|Groudon-Primal|49\/100\n|-damage|p1a: Groudon|36\/100|[from] Spikes\n|-weather|DesolateLand|[from] ability: Desolate Land|[of] p1a: Groudon\n|move|p2a: Ho-Oh|Sacred Fire|p1a: Groudon\n|-resisted|p1a: Groudon\n|-damage|p1a: Groudon|17\/100\n|\n|-weather|DesolateLand|[upkeep]\n|upkeep\n|turn|29\n|\n|t:|1699986189\n|move|p1a: Groudon|Heat Crash|p2a: Ho-Oh\n|-resisted|p2a: Ho-Oh\n|-damage|p2a: Ho-Oh|56\/100\n|move|p2a: Ho-Oh|Sacred Fire|p1a: Groudon\n|-resisted|p1a: Groudon\n|-damage|p1a: Groudon|0 fnt\n|faint|p1a: Groudon\n|-weather|none\n|\n|upkeep\n|\n|t:|1699986198\n|switch|p1a: Kyurem|Kyurem-Black, tera:Electric|76\/100 slp\n|-damage|p1a: Kyurem|63\/100 slp|[from] Spikes\n|-ability|p1a: Kyurem|Teravolt\n|turn|30\n|\n|t:|1699986204\n|cant|p1a: Kyurem|slp\n|move|p2a: Ho-Oh|Sacred Fire|p1a: Kyurem|[miss]\n|-miss|p2a: Ho-Oh|p1a: Kyurem\n|\n|upkeep\n|turn|31\n|\n|t:|1699986211\n|-curestatus|p1a: Kyurem|slp|[msg]\n|move|p1a: Kyurem|Fusion Bolt|p2a: Ho-Oh\n|-supereffective|p2a: Ho-Oh\n|-damage|p2a: Ho-Oh|0 fnt\n|faint|p2a: Ho-Oh\n|\n|win|85792195wwww\n|raw|85792195wwww's rating: 1720 &rarr; <strong>1742<\/strong><br \/>(+22 for winning)\n|raw|zooz da denn's rating: 1760 &rarr; <strong>1738<\/strong><br \/>(-22 for losing)\n|l|\u2606zooz da denn\n","uploadtime":1699986222,"views":7,"p1id":"85792195wwww","p2id":"zoozdadenn","formatid":"gen9nationaldexubers","rating":1738,"private":0,"password":""}