{"id":"gen9nationaldexubers-1982864969","p1":"Foxxxism","p2":"HereticalJ","format":"[Gen 9] National Dex Ubers","log":"|j|\u2606Foxxxism\n|j|\u2606HereticalJ\n|t:|1699052690\n|gametype|singles\n|player|p1|Foxxxism|dawn|\n|player|p2|HereticalJ|265|\n|teamsize|p1|6\n|teamsize|p2|6\n|gen|9\n|tier|[Gen 9] National Dex Ubers\n|rule|HP Percentage Mod: HP is shown in percentages\n|rule|Endless Battle Clause: Forcing endless battles is banned\n|rule|OHKO Clause: OHKO moves are banned\n|rule|Evasion Moves Clause: Evasion moves are banned\n|rule|Evasion Items Clause: Evasion items are banned\n|rule|Species Clause: Limit one of each Pok\u00e9mon\n|rule|Sleep Clause Mod: Limit one foe put to sleep\n|rule|Mega Rayquaza Clause: You cannot mega evolve Rayquaza\n|clearpoke\n|poke|p1|Dragapult, M|\n|poke|p1|Haxorus, F|\n|poke|p1|Hydreigon, F|\n|poke|p1|Garchomp, M|\n|poke|p1|Kommo-o, M|\n|poke|p1|Dragalge, M|\n|poke|p2|Grimmsnarl, M|\n|poke|p2|Meowscarada, M|\n|poke|p2|Kingambit, M|\n|poke|p2|Hydreigon, M|\n|poke|p2|Gyarados, F|\n|poke|p2|Weavile, F|\n|teampreview\n|j| Triggerhappy50\n|\n|t:|1699052732\n|start\n|switch|p1a: Dragalge|Dragalge, M|100\/100\n|switch|p2a: Grimmsnarl|Grimmsnarl, M|100\/100\n|turn|1\n|\n|t:|1699052758\n|move|p2a: Grimmsnarl|Light Screen|p2a: Grimmsnarl\n|-sidestart|p2: HereticalJ|move: Light Screen\n|move|p1a: Dragalge|Toxic Spikes|p2a: Grimmsnarl\n|-sidestart|p2: HereticalJ|move: Toxic Spikes\n|\n|upkeep\n|turn|2\n|\n|t:|1699052762\n|move|p2a: Grimmsnarl|Taunt|p1a: Dragalge\n|-start|p1a: Dragalge|move: Taunt\n|cant|p1a: Dragalge|move: Taunt|Toxic Spikes\n|\n|upkeep\n|turn|3\n|\n|t:|1699052767\n|move|p2a: Grimmsnarl|Reflect|p2a: Grimmsnarl\n|-sidestart|p2: HereticalJ|Reflect\n|move|p1a: Dragalge|Sludge Bomb|p2a: Grimmsnarl\n|-supereffective|p2a: Grimmsnarl\n|-damage|p2a: Grimmsnarl|50\/100\n|\n|upkeep\n|turn|4\n|\n|t:|1699052781\n|switch|p2a: Weavile|Weavile, F|100\/100\n|-status|p2a: Weavile|psn\n|-ability|p2a: Weavile|Pressure\n|move|p1a: Dragalge|Sludge Bomb|p2a: Weavile\n|-damage|p2a: Weavile|76\/100 psn\n|\n|-damage|p2a: Weavile|63\/100 psn|[from] psn\n|-end|p1a: Dragalge|move: Taunt\n|upkeep\n|turn|5\n|\n|t:|1699052822\n|move|p2a: Weavile|Icicle Crash|p1a: Dragalge\n|-supereffective|p1a: Dragalge\n|-damage|p1a: Dragalge|0 fnt\n|faint|p1a: Dragalge\n|\n|-damage|p2a: Weavile|51\/100 psn|[from] psn\n|upkeep\n|\n|t:|1699052854\n|switch|p1a: Garchomp|Garchomp, M|100\/100\n|turn|6\n|\n|t:|1699052861\n|move|p2a: Weavile|Icicle Crash|p1a: Garchomp\n|-supereffective|p1a: Garchomp\n|-damage|p1a: Garchomp|0 fnt\n|faint|p1a: Garchomp\n|\n|-damage|p2a: Weavile|38\/100 psn|[from] psn\n|upkeep\n|\n|t:|1699052871\n|switch|p1a: Kommo-o|Kommo-o, M|100\/100\n|turn|7\n|\n|t:|1699052881\n|move|p2a: Weavile|Icicle Crash|p1a: Kommo-o\n|-supereffective|p1a: Kommo-o\n|-damage|p1a: Kommo-o|0 fnt\n|faint|p1a: Kommo-o\n|\n|-damage|p2a: Weavile|26\/100 psn|[from] psn\n|upkeep\n|\n|t:|1699052905\n|switch|p1a: Dragapult|Dragapult, M|100\/100\n|turn|8\n|\n|t:|1699052942\n|-terastallize|p1a: Dragapult|Dragon\n|move|p2a: Weavile|Icicle Crash|p1a: Dragapult\n|-supereffective|p1a: Dragapult\n|-damage|p1a: Dragapult|0 fnt\n|faint|p1a: Dragapult\n|\n|-damage|p2a: Weavile|13\/100 psn|[from] psn\n|-sideend|p2: HereticalJ|move: Light Screen\n|upkeep\n|\n|t:|1699052950\n|switch|p1a: Hydreigon|Hydreigon, F|100\/100\n|turn|9\n|\n|t:|1699052959\n|move|p2a: Weavile|Icicle Crash|p1a: Hydreigon|[miss]\n|-miss|p2a: Weavile|p1a: Hydreigon\n|move|p1a: Hydreigon|U-turn|p2a: Weavile\n|-supereffective|p2a: Weavile\n|-damage|p2a: Weavile|0 fnt\n|faint|p2a: Weavile\n|\n|t:|1699052993\n|switch|p1a: Haxorus|Haxorus, F|100\/100|[from] U-turn\n|\n|upkeep\n|\n|t:|1699052998\n|switch|p2a: Meowscarada|Meowscarada, M|100\/100\n|-status|p2a: Meowscarada|psn\n|turn|10\n|\n|t:|1699053078\n|move|p2a: Meowscarada|Play Rough|p1a: Haxorus\n|-start|p2a: Meowscarada|typechange|Fairy|[from] ability: Protean\n|-supereffective|p1a: Haxorus\n|-damage|p1a: Haxorus|0 fnt\n|faint|p1a: Haxorus\n|\n|-damage|p2a: Meowscarada|88\/100 psn|[from] psn\n|-sideend|p2: HereticalJ|Reflect\n|upkeep\n|\n|t:|1699053086\n|switch|p1a: Hydreigon|Hydreigon, F|100\/100\n|turn|11\n|\n|t:|1699053117\n|move|p2a: Meowscarada|Play Rough|p1a: Hydreigon\n|-supereffective|p1a: Hydreigon\n|-damage|p1a: Hydreigon|0 fnt\n|faint|p1a: Hydreigon\n|\n|win|HereticalJ\n","uploadtime":1699053126,"views":16,"p1id":"foxxxism","p2id":"hereticalj","formatid":"gen9nationaldexubers","rating":0,"private":0,"password":""}