{"id":"gen9nationaldexubers-1996924875","p1":"Theruffletkid","p2":"someone94828","format":"[Gen 9] National Dex Ubers","log":"|j|\u2606Theruffletkid\n|j|\u2606someone94828\n|t:|1700745542\n|gametype|singles\n|player|p1|Theruffletkid|wattson|\n|player|p2|someone94828|pokemaniac|\n|teamsize|p1|6\n|teamsize|p2|6\n|gen|9\n|tier|[Gen 9] National Dex Ubers\n|rule|HP Percentage Mod: HP is shown in percentages\n|rule|Endless Battle Clause: Forcing endless battles is banned\n|rule|OHKO Clause: OHKO moves are banned\n|rule|Evasion Moves Clause: Evasion moves are banned\n|rule|Evasion Items Clause: Evasion items are banned\n|rule|Species Clause: Limit one of each Pok\u00e9mon\n|rule|Sleep Clause Mod: Limit one foe put to sleep\n|rule|Mega Rayquaza Clause: You cannot mega evolve Rayquaza\n|clearpoke\n|poke|p1|Buzzwole|\n|poke|p1|Dialga|\n|poke|p1|Lunala|\n|poke|p1|Ferrothorn, M|\n|poke|p1|Zekrom|\n|poke|p1|Arceus-Water|\n|poke|p2|Deoxys|\n|poke|p2|Naganadel|\n|poke|p2|Chien-Pao|\n|poke|p2|Blastoise, F|\n|poke|p2|Zekrom|\n|poke|p2|Flutter Mane|\n|teampreview\n|inactive|Battle timer is ON: inactive players will automatically lose when time's up. (requested by someone94828)\n|\n|t:|1700745561\n|start\n|switch|p1a: Ferrothorn|Ferrothorn, M|100\/100\n|switch|p2a: Deoxys|Deoxys|100\/100\n|-ability|p2a: Deoxys|Pressure\n|turn|1\n|\n|t:|1700745568\n|move|p2a: Deoxys|Taunt|p1a: Ferrothorn\n|-start|p1a: Ferrothorn|move: Taunt\n|move|p1a: Ferrothorn|Knock Off|p2a: Deoxys\n|-supereffective|p2a: Deoxys\n|-enditem|p2a: Deoxys|Focus Sash\n|-damage|p2a: Deoxys|1\/100\n|\n|upkeep\n|turn|2\n|\n|t:|1700745573\n|move|p2a: Deoxys|Spikes|p1a: Ferrothorn\n|-sidestart|p1: Theruffletkid|Spikes\n|move|p1a: Ferrothorn|Knock Off|p2a: Deoxys\n|-supereffective|p2a: Deoxys\n|-damage|p2a: Deoxys|0 fnt\n|faint|p2a: Deoxys\n|\n|upkeep\n|\n|t:|1700745585\n|switch|p2a: Naganadel|Naganadel|100\/100\n|turn|3\n|\n|t:|1700745596\n|switch|p1a: Dialga|Dialga|100\/100\n|-damage|p1a: Dialga|88\/100|[from] Spikes\n|-ability|p1a: Dialga|Pressure\n|move|p2a: Naganadel|Nasty Plot|p2a: Naganadel\n|-boost|p2a: Naganadel|spa|2\n|\n|upkeep\n|turn|4\n|\n|t:|1700745602\n|move|p1a: Dialga|Dragon Pulse|p2a: Naganadel\n|-supereffective|p2a: Naganadel\n|-damage|p2a: Naganadel|0 fnt\n|faint|p2a: Naganadel\n|\n|upkeep\n|\n|t:|1700745616\n|switch|p2a: Flutter Mane|Flutter Mane|100\/100\n|-enditem|p2a: Flutter Mane|Booster Energy\n|-activate|p2a: Flutter Mane|ability: Protosynthesis|[fromitem]\n|-start|p2a: Flutter Mane|protosynthesisspe\n|turn|5\n|\n|t:|1700745623\n|switch|p1a: Ferrothorn|Ferrothorn, M|100\/100\n|-damage|p1a: Ferrothorn|88\/100|[from] Spikes\n|move|p2a: Flutter Mane|Calm Mind|p2a: Flutter Mane\n|-boost|p2a: Flutter Mane|spa|1\n|-boost|p2a: Flutter Mane|spd|1\n|\n|-heal|p1a: Ferrothorn|94\/100|[from] item: Leftovers\n|upkeep\n|turn|6\n|\n|t:|1700745633\n|-terastallize|p2a: Flutter Mane|Ghost\n|move|p2a: Flutter Mane|Shadow Ball|p1a: Ferrothorn\n|-damage|p1a: Ferrothorn|38\/100\n|move|p1a: Ferrothorn|Power Whip|p2a: Flutter Mane\n|-damage|p2a: Flutter Mane|12\/100\n|\n|-heal|p1a: Ferrothorn|44\/100|[from] item: Leftovers\n|upkeep\n|turn|7\n|\n|t:|1700745642\n|move|p2a: Flutter Mane|Shadow Ball|p1a: Ferrothorn\n|-damage|p1a: Ferrothorn|0 fnt\n|faint|p1a: Ferrothorn\n|\n|upkeep\n|\n|t:|1700745644\n|switch|p1a: Arceus|Arceus-Water|100\/100\n|-damage|p1a: Arceus|88\/100|[from] Spikes\n|turn|8\n|\n|t:|1700745649\n|move|p2a: Flutter Mane|Shadow Ball|p1a: Arceus\n|-damage|p1a: Arceus|28\/100\n|move|p1a: Arceus|Judgment|p2a: Flutter Mane\n|-damage|p2a: Flutter Mane|0 fnt\n|faint|p2a: Flutter Mane\n|-end|p2a: Flutter Mane|Protosynthesis|[silent]\n|\n|upkeep\n|\n|t:|1700745659\n|switch|p2a: Chien-Pao|Chien-Pao|100\/100\n|-ability|p2a: Chien-Pao|Sword of Ruin\n|turn|9\n|\n|t:|1700745663\n|switch|p1a: Buzzwole|Buzzwole|100\/100\n|move|p2a: Chien-Pao|Crunch|p1a: Buzzwole\n|-resisted|p1a: Buzzwole\n|-damage|p1a: Buzzwole|89\/100\n|\n|upkeep\n|turn|10\n|\n|t:|1700745670\n|switch|p2a: Blastoise|Blastoise, F|100\/100\n|move|p1a: Buzzwole|Bulk Up|p1a: Buzzwole\n|-boost|p1a: Buzzwole|atk|1\n|-boost|p1a: Buzzwole|def|1\n|\n|upkeep\n|turn|11\n|\n|t:|1700745674\n|detailschange|p2a: Blastoise|Blastoise-Mega, F\n|-mega|p2a: Blastoise|Blastoise|Blastoisinite\n|move|p2a: Blastoise|Shell Smash|p2a: Blastoise\n|-unboost|p2a: Blastoise|def|1\n|-unboost|p2a: Blastoise|spd|1\n|-boost|p2a: Blastoise|atk|2\n|-boost|p2a: Blastoise|spa|2\n|-boost|p2a: Blastoise|spe|2\n|move|p1a: Buzzwole|Drain Punch|p2a: Blastoise\n|-damage|p2a: Blastoise|22\/100\n|-heal|p1a: Buzzwole|100\/100|[from] drain|[of] p2a: Blastoise\n|\n|upkeep\n|turn|12\n|\n|t:|1700745682\n|-terastallize|p1a: Buzzwole|Water\n|move|p2a: Blastoise|Hydro Pump|p1a: Buzzwole\n|-resisted|p1a: Buzzwole\n|-damage|p1a: Buzzwole|6\/100\n|move|p1a: Buzzwole|Drain Punch|p2a: Blastoise\n|-damage|p2a: Blastoise|0 fnt\n|-heal|p1a: Buzzwole|14\/100|[from] drain|[of] p2a: Blastoise\n|faint|p2a: Blastoise\n|-ability|p1a: Buzzwole|Beast Boost|boost\n|-boost|p1a: Buzzwole|def|1\n|\n|upkeep\n|\n|t:|1700745689\n|switch|p2a: Zekrom|Zekrom|100\/100\n|-ability|p2a: Zekrom|Teravolt\n|turn|13\n|\n|t:|1700745692\n|move|p2a: Zekrom|Bolt Strike|p1a: Buzzwole\n|-supereffective|p1a: Buzzwole\n|-damage|p1a: Buzzwole|0 fnt\n|faint|p1a: Buzzwole\n|\n|upkeep\n|\n|t:|1700745697\n|switch|p1a: Dialga|Dialga|88\/100\n|-damage|p1a: Dialga|76\/100|[from] Spikes\n|-ability|p1a: Dialga|Pressure\n|turn|14\n|\n|t:|1700745705\n|move|p1a: Dialga|Dragon Pulse|p2a: Zekrom\n|-supereffective|p2a: Zekrom\n|-damage|p2a: Zekrom|5\/100\n|move|p2a: Zekrom|Outrage|p1a: Dialga\n|-damage|p1a: Dialga|5\/100\n|\n|upkeep\n|turn|15\n|\n|t:|1700745707\n|move|p1a: Dialga|Dragon Pulse|p2a: Zekrom\n|-supereffective|p2a: Zekrom\n|-damage|p2a: Zekrom|0 fnt\n|faint|p2a: Zekrom\n|\n|upkeep\n|\n|t:|1700745709\n|switch|p2a: Chien-Pao|Chien-Pao|100\/100\n|-ability|p2a: Chien-Pao|Sword of Ruin\n|turn|16\n|\n|t:|1700745716\n|move|p1a: Dialga|Dragon Pulse|p2a: Chien-Pao\n|-damage|p2a: Chien-Pao|15\/100\n|move|p2a: Chien-Pao|Crunch|p1a: Dialga\n|-damage|p1a: Dialga|0 fnt\n|faint|p1a: Dialga\n|\n|upkeep\n|\n|t:|1700745722\n|switch|p1a: Zekrom|Zekrom|100\/100\n|-damage|p1a: Zekrom|88\/100|[from] Spikes\n|-ability|p1a: Zekrom|Teravolt\n|turn|17\n|\n|t:|1700745727\n|move|p2a: Chien-Pao|Ice Spinner|p1a: Zekrom\n|-supereffective|p1a: Zekrom\n|-damage|p1a: Zekrom|0 fnt\n|faint|p1a: Zekrom\n|\n|upkeep\n|\n|t:|1700745731\n|switch|p1a: Arceus|Arceus-Water|28\/100\n|-damage|p1a: Arceus|16\/100|[from] Spikes\n|turn|18\n|\n|t:|1700745734\n|move|p2a: Chien-Pao|Crunch|p1a: Arceus\n|-damage|p1a: Arceus|0 fnt\n|faint|p1a: Arceus\n|\n|upkeep\n|\n|t:|1700745736\n|switch|p1a: Lunala|Lunala|100\/100\n|-damage|p1a: Lunala|88\/100|[from] Spikes\n|turn|19\n|\n|t:|1700745739\n|move|p2a: Chien-Pao|Crunch|p1a: Lunala\n|-supereffective|p1a: Lunala\n|-damage|p1a: Lunala|0 fnt\n|faint|p1a: Lunala\n|\n|win|someone94828\n|c|\u2606someone94828|gg\n","uploadtime":1700745746,"views":20,"p1id":"theruffletkid","p2id":"someone94828","formatid":"gen9nationaldexubers","rating":0,"private":0,"password":""}