{"id":"gen9nationaldexubers-1992208715","p1":"Elite Four Spiffy","p2":"enma 6","format":"[Gen 9] National Dex Ubers","log":"|j|\u2606Elite Four Spiffy\n|j|\u2606enma 6\n|t:|1700164021\n|gametype|singles\n|player|p1|Elite Four Spiffy|ethan-masters|1027\n|player|p2|enma 6|101|1025\n|teamsize|p1|6\n|teamsize|p2|6\n|gen|9\n|tier|[Gen 9] National Dex Ubers\n|rated|\n|rule|HP Percentage Mod: HP is shown in percentages\n|rule|Endless Battle Clause: Forcing endless battles is banned\n|rule|OHKO Clause: OHKO moves are banned\n|rule|Evasion Moves Clause: Evasion moves are banned\n|rule|Evasion Items Clause: Evasion items are banned\n|rule|Species Clause: Limit one of each Pok\u00e9mon\n|rule|Sleep Clause Mod: Limit one foe put to sleep\n|rule|Mega Rayquaza Clause: You cannot mega evolve Rayquaza\n|clearpoke\n|poke|p1|Kommo-o, F|\n|poke|p1|Infernape, M|\n|poke|p1|Hawlucha, F|\n|poke|p1|Annihilape, F|\n|poke|p1|Great Tusk|\n|poke|p1|Lucario, M|\n|poke|p2|Giratina-Origin|\n|poke|p2|Celesteela|\n|poke|p2|Sneasler, F|\n|poke|p2|Toxapex, M|\n|poke|p2|Ho-Oh|\n|poke|p2|Gothitelle, F|\n|teampreview\n|inactive|Battle timer is ON: inactive players will automatically lose when time's up. (requested by Elite Four Spiffy)\n|\n|t:|1700164034\n|start\n|switch|p1a: Manny|Great Tusk|100\/100\n|switch|p2a: Ho-Oh|Ho-Oh|100\/100\n|-ability|p2a: Ho-Oh|Pressure\n|turn|1\n|\n|t:|1700164043\n|move|p1a: Manny|Rapid Spin|p2a: Ho-Oh\n|-damage|p2a: Ho-Oh|83\/100\n|-boost|p1a: Manny|spe|1\n|move|p2a: Ho-Oh|Sky Attack||[still]\n|-prepare|p2a: Ho-Oh|Sky Attack\n|\n|upkeep\n|turn|2\n|\n|t:|1700164051\n|move|p1a: Manny|Ice Spinner|p2a: Ho-Oh\n|-damage|p2a: Ho-Oh|55\/100\n|move|p2a: Ho-Oh|Sky Attack|p1a: Manny|[from]lockedmove|[miss]\n|-miss|p2a: Ho-Oh|p1a: Manny\n|\n|upkeep\n|turn|3\n|\n|t:|1700164068\n|switch|p2a: Sneasler|Sneasler, F|100\/100\n|-ability|p2a: Sneasler|Pressure\n|move|p1a: Manny|Ice Spinner|p2a: Sneasler\n|-damage|p2a: Sneasler|52\/100\n|\n|upkeep\n|turn|4\n|\n|t:|1700164078\n|-singleturn|p2a: Sneasler|move: Focus Punch\n|move|p1a: Manny|Earthquake|p2a: Sneasler\n|-supereffective|p2a: Sneasler\n|-damage|p2a: Sneasler|0 fnt\n|faint|p2a: Sneasler\n|\n|upkeep\n|\n|t:|1700164087\n|switch|p2a: Gothitelle|Gothitelle, F|100\/100\n|-item|p1a: Manny|Heavy-Duty Boots|[from] ability: Frisk|[of] p2a: Gothitelle|[identify]\n|turn|5\n|\n|t:|1700164095\n|-terastallize|p1a: Manny|Ground\n|move|p1a: Manny|Earthquake|p2a: Gothitelle\n|-damage|p2a: Gothitelle|4\/100\n|move|p2a: Gothitelle|Focus Blast|p1a: Manny|[miss]\n|-miss|p2a: Gothitelle|p1a: Manny\n|\n|upkeep\n|turn|6\n|\n|t:|1700164112\n|switch|p2a: Giratina|Giratina-Origin|100\/100\n|move|p1a: Manny|Rapid Spin|p2a: Giratina\n|-immune|p2a: Giratina\n|\n|upkeep\n|turn|7\n|\n|t:|1700164121\n|move|p1a: Manny|Ice Spinner|p2a: Giratina\n|-supereffective|p2a: Giratina\n|-damage|p2a: Giratina|58\/100\n|move|p2a: Giratina|Outrage|p1a: Manny\n|-damage|p1a: Manny|59\/100\n|\n|upkeep\n|turn|8\n|\n|t:|1700164129\n|move|p1a: Manny|Ice Spinner|p2a: Giratina\n|-supereffective|p2a: Giratina\n|-damage|p2a: Giratina|13\/100\n|move|p2a: Giratina|Outrage|p1a: Manny|[from]lockedmove\n|-damage|p1a: Manny|19\/100\n|-start|p2a: Giratina|confusion|[fatigue]\n|\n|upkeep\n|turn|9\n|\n|t:|1700164141\n|switch|p2a: Celesteela|Celesteela|100\/100\n|move|p1a: Manny|Ice Spinner|p2a: Celesteela\n|-damage|p2a: Celesteela|73\/100\n|\n|upkeep\n|turn|10\n|\n|t:|1700164149\n|move|p1a: Manny|Brick Break|p2a: Celesteela\n|-damage|p2a: Celesteela|35\/100\n|move|p2a: Celesteela|Fire Blast|p1a: Manny\n|-crit|p1a: Manny\n|-damage|p1a: Manny|0 fnt\n|faint|p1a: Manny\n|-end|p1a: Manny|Protosynthesis|[silent]\n|-ability|p2a: Celesteela|Beast Boost|boost\n|-boost|p2a: Celesteela|atk|1\n|\n|upkeep\n|\n|t:|1700164159\n|switch|p1a: Diddy Kong|Infernape, M|100\/100\n|turn|11\n|\n|t:|1700164164\n|switch|p2a: Ho-Oh|Ho-Oh|55\/100\n|-ability|p2a: Ho-Oh|Pressure\n|move|p1a: Diddy Kong|Fire Punch|p2a: Ho-Oh\n|-resisted|p2a: Ho-Oh\n|-damage|p2a: Ho-Oh|31\/100\n|\n|upkeep\n|turn|12\n|\n|t:|1700164178\n|switch|p2a: Toxapex|Toxapex, M|100\/100\n|move|p1a: Diddy Kong|Thunder Punch|p2a: Toxapex\n|-supereffective|p2a: Toxapex\n|-damage|p2a: Toxapex|42\/100\n|\n|upkeep\n|turn|13\n|\n|t:|1700164186\n|move|p1a: Diddy Kong|Thunder Punch|p2a: Toxapex\n|-supereffective|p2a: Toxapex\n|-damage|p2a: Toxapex|0 fnt\n|faint|p2a: Toxapex\n|\n|upkeep\n|\n|t:|1700164192\n|switch|p2a: Celesteela|Celesteela|35\/100\n|turn|14\n|\n|t:|1700164196\n|move|p1a: Diddy Kong|Thunder Punch|p2a: Celesteela\n|-supereffective|p2a: Celesteela\n|-damage|p2a: Celesteela|0 fnt\n|faint|p2a: Celesteela\n|\n|upkeep\n|\n|t:|1700164203\n|switch|p2a: Gothitelle|Gothitelle, F|4\/100\n|-item|p1a: Diddy Kong|Punching Glove|[from] ability: Frisk|[of] p2a: Gothitelle|[identify]\n|turn|15\n|\n|t:|1700164209\n|move|p1a: Diddy Kong|Power-Up Punch|p2a: Gothitelle\n|-resisted|p2a: Gothitelle\n|-damage|p2a: Gothitelle|0 fnt\n|-boost|p1a: Diddy Kong|atk|1\n|faint|p2a: Gothitelle\n|\n|upkeep\n|\n|t:|1700164217\n|switch|p2a: Giratina|Giratina-Origin|13\/100\n|turn|16\n|\n|t:|1700164223\n|move|p1a: Diddy Kong|Fire Punch|p2a: Giratina\n|-resisted|p2a: Giratina\n|-damage|p2a: Giratina|0 fnt\n|faint|p2a: Giratina\n|\n|upkeep\n|\n|t:|1700164229\n|switch|p2a: Ho-Oh|Ho-Oh|31\/100\n|-ability|p2a: Ho-Oh|Pressure\n|turn|17\n|\n|t:|1700164235\n|move|p1a: Diddy Kong|Thunder Punch|p2a: Ho-Oh\n|-supereffective|p2a: Ho-Oh\n|-damage|p2a: Ho-Oh|0 fnt\n|faint|p2a: Ho-Oh\n|\n|win|Elite Four Spiffy\n|raw|Elite Four Spiffy's rating: 1027 &rarr; <strong>1063<\/strong><br \/>(+36 for winning)\n|raw|enma 6's rating: 1025 &rarr; <strong>1011<\/strong><br \/>(-14 for losing)\n|c|\u2606Elite Four Spiffy|gg\n","uploadtime":1700164243,"views":8,"p1id":"elitefourspiffy","p2id":"enma6","formatid":"gen9nationaldexubers","rating":1011,"private":0,"password":""}