{"id":"gen9nationaldexubers-1997205172","p1":"therealplayerred","p2":"kingofgamezzz","format":"[Gen 9] National Dex Ubers","log":"|j|\u2606therealplayerred\n|j|\u2606kingofgamezzz\n|t:|1700775376\n|gametype|singles\n|player|p1|therealplayerred|blue|\n|player|p2|kingofgamezzz|ninjaboy|\n|teamsize|p1|6\n|teamsize|p2|6\n|gen|9\n|tier|[Gen 9] National Dex Ubers\n|rule|HP Percentage Mod: HP is shown in percentages\n|rule|Endless Battle Clause: Forcing endless battles is banned\n|rule|OHKO Clause: OHKO moves are banned\n|rule|Evasion Moves Clause: Evasion moves are banned\n|rule|Evasion Items Clause: Evasion items are banned\n|rule|Species Clause: Limit one of each Pok\u00e9mon\n|rule|Sleep Clause Mod: Limit one foe put to sleep\n|rule|Mega Rayquaza Clause: You cannot mega evolve Rayquaza\n|clearpoke\n|poke|p1|Greninja-*, M|\n|poke|p1|Gliscor, M|\n|poke|p1|Kingambit, M|\n|poke|p1|Iron Valiant|\n|poke|p1|Milotic, F|\n|poke|p1|Scizor, M|\n|poke|p2|Arcanine-Hisui, F|\n|poke|p2|Infernape, M|\n|poke|p2|Charizard, M|\n|poke|p2|Blissey, F|\n|poke|p2|Delphox, F|\n|poke|p2|Cinderace, M|\n|teampreview\n|\n|t:|1700775427\n|start\n|switch|p1a: Toxico|Gliscor, M, shiny|100\/100\n|switch|p2a: Bae|Blissey, F|100\/100\n|turn|1\n|\n|t:|1700775439\n|move|p1a: Toxico|Toxic|p2a: Bae\n|-status|p2a: Bae|tox\n|move|p2a: Bae|Seismic Toss|p1a: Toxico\n|-damage|p1a: Toxico|66\/100\n|\n|-damage|p2a: Bae|94\/100 tox|[from] psn\n|-status|p1a: Toxico|tox|[from] item: Toxic Orb\n|upkeep\n|turn|2\n|\n|t:|1700775449\n|move|p1a: Toxico|Protect|p1a: Toxico\n|-singleturn|p1a: Toxico|Protect\n|move|p2a: Bae|Reflect|p2a: Bae\n|-sidestart|p2: kingofgamezzz|Reflect\n|\n|-heal|p2a: Bae|100\/100 tox|[from] item: Leftovers\n|-heal|p1a: Toxico|79\/100 tox|[from] ability: Poison Heal\n|-damage|p2a: Bae|88\/100 tox|[from] psn\n|upkeep\n|turn|3\n|\n|t:|1700775463\n|move|p1a: Toxico|Earthquake|p2a: Bae\n|-damage|p2a: Bae|70\/100 tox\n|move|p2a: Bae|Seismic Toss|p1a: Toxico\n|-damage|p1a: Toxico|44\/100 tox\n|\n|-heal|p2a: Bae|76\/100 tox|[from] item: Leftovers\n|-heal|p1a: Toxico|57\/100 tox|[from] ability: Poison Heal\n|-damage|p2a: Bae|58\/100 tox|[from] psn\n|upkeep\n|turn|4\n|\n|t:|1700775474\n|move|p1a: Toxico|Protect|p1a: Toxico\n|-singleturn|p1a: Toxico|Protect\n|move|p2a: Bae|Soft-Boiled|p2a: Bae\n|-heal|p2a: Bae|100\/100 tox\n|\n|-heal|p1a: Toxico|69\/100 tox|[from] ability: Poison Heal\n|-damage|p2a: Bae|76\/100 tox|[from] psn\n|upkeep\n|turn|5\n|\n|t:|1700775488\n|move|p1a: Toxico|Gunk Shot|p2a: Bae\n|-crit|p2a: Bae\n|-damage|p2a: Bae|31\/100 tox\n|move|p2a: Bae|Seismic Toss|p1a: Toxico\n|-damage|p1a: Toxico|35\/100 tox\n|\n|-heal|p2a: Bae|37\/100 tox|[from] item: Leftovers\n|-heal|p1a: Toxico|47\/100 tox|[from] ability: Poison Heal\n|-damage|p2a: Bae|7\/100 tox|[from] psn\n|upkeep\n|turn|6\n|\n|t:|1700775507\n|-curestatus|p2a: Bae|tox|[from] ability: Natural Cure\n|switch|p2a: Hotboyhotboihotboy|Charizard, M, shiny|100\/100\n|move|p1a: Toxico|Earthquake|p2a: Hotboyhotboihotboy\n|-immune|p2a: Hotboyhotboihotboy\n|\n|-heal|p1a: Toxico|59\/100 tox|[from] ability: Poison Heal\n|-sideend|p2: kingofgamezzz|Reflect\n|upkeep\n|turn|7\n|\n|t:|1700775524\n|detailschange|p2a: Hotboyhotboihotboy|Charizard-Mega-Y, M, shiny\n|-mega|p2a: Hotboyhotboihotboy|Charizard|Charizardite Y\n|-weather|SunnyDay|[from] ability: Drought|[of] p2a: Hotboyhotboihotboy\n|move|p1a: Toxico|Protect|p1a: Toxico\n|-singleturn|p1a: Toxico|Protect\n|move|p2a: Hotboyhotboihotboy|Tailwind|p2a: Hotboyhotboihotboy\n|-sidestart|p2: kingofgamezzz|move: Tailwind\n|\n|-weather|SunnyDay|[upkeep]\n|-heal|p1a: Toxico|72\/100 tox|[from] ability: Poison Heal\n|upkeep\n|turn|8\n|\n|t:|1700775539\n|move|p2a: Hotboyhotboihotboy|Solar Beam||[still]\n|-prepare|p2a: Hotboyhotboihotboy|Solar Beam\n|-anim|p2a: Hotboyhotboihotboy|Solar Beam|p1a: Toxico\n|-damage|p1a: Toxico|7\/100 tox\n|move|p1a: Toxico|Toxic|p2a: Hotboyhotboihotboy\n|-status|p2a: Hotboyhotboihotboy|tox\n|\n|-weather|SunnyDay|[upkeep]\n|-damage|p2a: Hotboyhotboihotboy|94\/100 tox|[from] psn\n|-heal|p1a: Toxico|19\/100 tox|[from] ability: Poison Heal\n|upkeep\n|turn|9\n|\n|t:|1700775552\n|move|p1a: Toxico|Protect|p1a: Toxico\n|-singleturn|p1a: Toxico|Protect\n|move|p2a: Hotboyhotboihotboy|Solar Beam||[still]\n|-prepare|p2a: Hotboyhotboihotboy|Solar Beam\n|-anim|p2a: Hotboyhotboihotboy|Solar Beam|p1a: Toxico\n|-activate|p1a: Toxico|move: Protect\n|\n|-weather|SunnyDay|[upkeep]\n|-damage|p2a: Hotboyhotboihotboy|82\/100 tox|[from] psn\n|-heal|p1a: Toxico|32\/100 tox|[from] ability: Poison Heal\n|upkeep\n|turn|10\n|\n|t:|1700775601\n|switch|p1a: Sailor Jupitor|Iron Valiant, shiny|100\/100\n|-enditem|p1a: Sailor Jupitor|Booster Energy\n|-activate|p1a: Sailor Jupitor|ability: Quark Drive|[fromitem]\n|-start|p1a: Sailor Jupitor|quarkdrivespe\n|move|p2a: Hotboyhotboihotboy|Solar Beam||[still]\n|-prepare|p2a: Hotboyhotboihotboy|Solar Beam\n|-anim|p2a: Hotboyhotboihotboy|Solar Beam|p1a: Sailor Jupitor\n|-damage|p1a: Sailor Jupitor|32\/100\n|\n|-weather|SunnyDay|[upkeep]\n|-damage|p2a: Hotboyhotboihotboy|64\/100 tox|[from] psn\n|-sideend|p2: kingofgamezzz|move: Tailwind\n|upkeep\n|turn|11\n|\n|t:|1700775619\n|move|p1a: Sailor Jupitor|Thunderbolt|p2a: Hotboyhotboihotboy\n|-supereffective|p2a: Hotboyhotboihotboy\n|-damage|p2a: Hotboyhotboihotboy|15\/100 tox\n|move|p2a: Hotboyhotboihotboy|Solar Beam||[still]\n|-prepare|p2a: Hotboyhotboihotboy|Solar Beam\n|-anim|p2a: Hotboyhotboihotboy|Solar Beam|p1a: Sailor Jupitor\n|-damage|p1a: Sailor Jupitor|0 fnt\n|faint|p1a: Sailor Jupitor\n|-end|p1a: Sailor Jupitor|Quark Drive|[silent]\n|\n|-weather|none\n|-damage|p2a: Hotboyhotboihotboy|0 fnt|[from] psn\n|faint|p2a: Hotboyhotboihotboy\n|upkeep\n|\n|t:|1700775639\n|switch|p1a: Toxico|Gliscor, M, shiny|32\/100 tox\n|switch|p2a: Playboi bunny|Cinderace, M|100\/100\n|turn|12\n|\n|t:|1700775649\n|move|p1a: Toxico|Protect|p1a: Toxico\n|-singleturn|p1a: Toxico|Protect\n|move|p2a: Playboi bunny|U-turn|p1a: Toxico\n|-start|p2a: Playboi bunny|typechange|Bug|[from] ability: Libero\n|-activate|p1a: Toxico|move: Protect\n|\n|-heal|p1a: Toxico|44\/100 tox|[from] ability: Poison Heal\n|upkeep\n|turn|13\n|\n|t:|1700775663\n|move|p2a: Playboi bunny|U-turn|p1a: Toxico\n|-resisted|p1a: Toxico\n|-damage|p1a: Toxico|28\/100 tox\n|\n|t:|1700775673\n|switch|p2a: Flame ON!!!|Arcanine-Hisui, F|100\/100|[from] U-turn\n|move|p1a: Toxico|Earthquake|p2a: Flame ON!!!\n|-supereffective|p2a: Flame ON!!!\n|-enditem|p2a: Flame ON!!!|Focus Sash\n|-damage|p2a: Flame ON!!!|1\/100\n|\n|-heal|p1a: Toxico|40\/100 tox|[from] ability: Poison Heal\n|upkeep\n|turn|14\n|\n|t:|1700775686\n|move|p1a: Toxico|Protect|p1a: Toxico\n|-singleturn|p1a: Toxico|Protect\n|move|p2a: Flame ON!!!|Extreme Speed|p1a: Toxico\n|-activate|p1a: Toxico|move: Protect\n|\n|-heal|p1a: Toxico|53\/100 tox|[from] ability: Poison Heal\n|upkeep\n|turn|15\n|\n|t:|1700775711\n|move|p1a: Toxico|Earthquake|p2a: Flame ON!!!\n|-supereffective|p2a: Flame ON!!!\n|-damage|p2a: Flame ON!!!|0 fnt\n|faint|p2a: Flame ON!!!\n|\n|-heal|p1a: Toxico|65\/100 tox|[from] ability: Poison Heal\n|upkeep\n|\n|t:|1700775728\n|switch|p2a: Playboi bunny|Cinderace, M|100\/100\n|turn|16\n|\n|t:|1700775734\n|move|p1a: Toxico|Protect|p1a: Toxico\n|-singleturn|p1a: Toxico|Protect\n|move|p2a: Playboi bunny|Pyro Ball|p1a: Toxico\n|-activate|p1a: Toxico|move: Protect\n|\n|-heal|p1a: Toxico|77\/100 tox|[from] ability: Poison Heal\n|upkeep\n|turn|17\n|\n|t:|1700775743\n|move|p2a: Playboi bunny|Pyro Ball|p1a: Toxico\n|-damage|p1a: Toxico|21\/100 tox\n|move|p1a: Toxico|Earthquake|p2a: Playboi bunny\n|-supereffective|p2a: Playboi bunny\n|-enditem|p2a: Playboi bunny|Focus Sash\n|-damage|p2a: Playboi bunny|1\/100\n|\n|-heal|p1a: Toxico|34\/100 tox|[from] ability: Poison Heal\n|upkeep\n|turn|18\n|\n|t:|1700775753\n|move|p1a: Toxico|Protect|p1a: Toxico\n|-singleturn|p1a: Toxico|Protect\n|move|p2a: Playboi bunny|Pyro Ball|p1a: Toxico\n|-activate|p1a: Toxico|move: Protect\n|\n|-heal|p1a: Toxico|46\/100 tox|[from] ability: Poison Heal\n|upkeep\n|turn|19\n|\n|t:|1700775761\n|switch|p1a: Starfire|Milotic, F, shiny|100\/100\n|move|p2a: Playboi bunny|Pyro Ball|p1a: Starfire\n|-resisted|p1a: Starfire\n|-damage|p1a: Starfire|75\/100\n|\n|-heal|p1a: Starfire|81\/100|[from] item: Leftovers\n|upkeep\n|turn|20\n|\n|t:|1700775771\n|move|p2a: Playboi bunny|U-turn|p1a: Starfire\n|-start|p2a: Playboi bunny|typechange|Bug|[from] ability: Libero\n|-damage|p1a: Starfire|50\/100\n|\n|t:|1700775777\n|switch|p2a: Bae|Blissey, F|7\/100|[from] U-turn\n|move|p1a: Starfire|Scald|p2a: Bae\n|-crit|p2a: Bae\n|-damage|p2a: Bae|0 fnt\n|faint|p2a: Bae\n|\n|-heal|p1a: Starfire|57\/100|[from] item: Leftovers\n|upkeep\n|\n|t:|1700775788\n|switch|p2a: Vegeta|Infernape, M, shiny|100\/100\n|turn|21\n|\n|t:|1700775799\n|-terastallize|p2a: Vegeta|Steel\n|move|p2a: Vegeta|Thunder Punch|p1a: Starfire\n|-supereffective|p1a: Starfire\n|-damage|p1a: Starfire|10\/100\n|move|p1a: Starfire|Scald|p2a: Vegeta\n|-damage|p2a: Vegeta|49\/100\n|\n|-heal|p1a: Starfire|16\/100|[from] item: Leftovers\n|upkeep\n|turn|22\n|\n|t:|1700775811\n|switch|p1a: Toxico|Gliscor, M, shiny|46\/100 tox\n|move|p2a: Vegeta|Drain Punch|p1a: Toxico\n|-resisted|p1a: Toxico\n|-damage|p1a: Toxico|28\/100 tox\n|-heal|p2a: Vegeta|58\/100|[from] drain|[of] p1a: Toxico\n|\n|-heal|p1a: Toxico|40\/100 tox|[from] ability: Poison Heal\n|upkeep\n|turn|23\n|\n|t:|1700775827\n|move|p1a: Toxico|Protect|p1a: Toxico\n|-singleturn|p1a: Toxico|Protect\n|move|p2a: Vegeta|Fire Punch|p1a: Toxico\n|-activate|p1a: Toxico|move: Protect\n|\n|-heal|p1a: Toxico|52\/100 tox|[from] ability: Poison Heal\n|upkeep\n|turn|24\n|\n|t:|1700775837\n|move|p2a: Vegeta|Fire Punch|p1a: Toxico\n|-damage|p1a: Toxico|10\/100 tox\n|move|p1a: Toxico|Earthquake|p2a: Vegeta\n|-supereffective|p2a: Vegeta\n|-damage|p2a: Vegeta|0 fnt\n|faint|p2a: Vegeta\n|\n|-heal|p1a: Toxico|22\/100 tox|[from] ability: Poison Heal\n|upkeep\n|\n|t:|1700775848\n|switch|p2a: Playboi bunny|Cinderace, M|1\/100\n|turn|25\n|\n|t:|1700775854\n|move|p1a: Toxico|Protect|p1a: Toxico\n|-singleturn|p1a: Toxico|Protect\n|move|p2a: Playboi bunny|Pyro Ball|p1a: Toxico\n|-activate|p1a: Toxico|move: Protect\n|\n|-heal|p1a: Toxico|34\/100 tox|[from] ability: Poison Heal\n|upkeep\n|turn|26\n|\n|t:|1700775868\n|switch|p1a: Starfire|Milotic, F, shiny|16\/100\n|move|p2a: Playboi bunny|Pyro Ball|p1a: Starfire\n|-resisted|p1a: Starfire\n|-damage|p1a: Starfire|0 fnt\n|faint|p1a: Starfire\n|\n|upkeep\n|\n|t:|1700775877\n|switch|p1a: Glock45|Scizor, M, shiny|100\/100\n|turn|27\n|\n|t:|1700775881\n|detailschange|p1a: Glock45|Scizor-Mega, M, shiny\n|-mega|p1a: Glock45|Scizor|Scizorite\n|move|p1a: Glock45|Bullet Punch|p2a: Playboi bunny\n|-resisted|p2a: Playboi bunny\n|-damage|p2a: Playboi bunny|0 fnt\n|faint|p2a: Playboi bunny\n|\n|upkeep\n|\n|t:|1700775888\n|switch|p2a: 9 Tailed Fox DEMON|Delphox, F|100\/100\n|turn|28\n|\n|t:|1700775938\n|move|p1a: Glock45|Bullet Punch|p2a: 9 Tailed Fox DEMON\n|-resisted|p2a: 9 Tailed Fox DEMON\n|-damage|p2a: 9 Tailed Fox DEMON|70\/100\n|move|p2a: 9 Tailed Fox DEMON|Calm Mind|p2a: 9 Tailed Fox DEMON\n|-boost|p2a: 9 Tailed Fox DEMON|spa|1\n|-boost|p2a: 9 Tailed Fox DEMON|spd|1\n|\n|upkeep\n|turn|29\n|\n|t:|1700775962\n|move|p1a: Glock45|Bullet Punch|p2a: 9 Tailed Fox DEMON\n|-resisted|p2a: 9 Tailed Fox DEMON\n|-damage|p2a: 9 Tailed Fox DEMON|38\/100\n|move|p2a: 9 Tailed Fox DEMON|Psychic|p1a: Glock45\n|-resisted|p1a: Glock45\n|-damage|p1a: Glock45|66\/100\n|\n|upkeep\n|turn|30\n|\n|t:|1700775970\n|move|p1a: Glock45|Bullet Punch|p2a: 9 Tailed Fox DEMON\n|-resisted|p2a: 9 Tailed Fox DEMON\n|-damage|p2a: 9 Tailed Fox DEMON|10\/100\n|-enditem|p2a: 9 Tailed Fox DEMON|Aguav Berry|[eat]\n|-heal|p2a: 9 Tailed Fox DEMON|44\/100|[from] item: Aguav Berry\n|move|p2a: 9 Tailed Fox DEMON|Grass Knot|p1a: Glock45\n|-resisted|p1a: Glock45\n|-damage|p1a: Glock45|55\/100\n|\n|upkeep\n|turn|31\n|\n|t:|1700775987\n|move|p1a: Glock45|Bullet Punch|p2a: 9 Tailed Fox DEMON\n|-resisted|p2a: 9 Tailed Fox DEMON\n|-damage|p2a: 9 Tailed Fox DEMON|15\/100\n|move|p2a: 9 Tailed Fox DEMON|Psychic|p1a: Glock45\n|-resisted|p1a: Glock45\n|-damage|p1a: Glock45|26\/100\n|\n|upkeep\n|turn|32\n|\n|t:|1700775996\n|move|p1a: Glock45|Bullet Punch|p2a: 9 Tailed Fox DEMON\n|-resisted|p2a: 9 Tailed Fox DEMON\n|-damage|p2a: 9 Tailed Fox DEMON|0 fnt\n|faint|p2a: 9 Tailed Fox DEMON\n|\n|win|therealplayerred\n|l|\u2606kingofgamezzz\n","uploadtime":1700776918,"views":4,"p1id":"therealplayerred","p2id":"kingofgamezzz","formatid":"gen9nationaldexubers","rating":0,"private":0,"password":""}