{"id":"gen9nationaldexubers-1991647207","p1":"EABL XD","p2":"ChrisTheTree256","format":"[Gen 9] National Dex Ubers","log":"|j|\u2606EABL XD\n|j|\u2606ChrisTheTree256\n|t:|1700098108\n|gametype|singles\n|player|p1|EABL XD|gambler|1227\n|player|p2|ChrisTheTree256|alec-anime|1249\n|teamsize|p1|6\n|teamsize|p2|6\n|gen|9\n|tier|[Gen 9] National Dex Ubers\n|rated|\n|rule|HP Percentage Mod: HP is shown in percentages\n|rule|Endless Battle Clause: Forcing endless battles is banned\n|rule|OHKO Clause: OHKO moves are banned\n|rule|Evasion Moves Clause: Evasion moves are banned\n|rule|Evasion Items Clause: Evasion items are banned\n|rule|Species Clause: Limit one of each Pok\u00e9mon\n|rule|Sleep Clause Mod: Limit one foe put to sleep\n|rule|Mega Rayquaza Clause: You cannot mega evolve Rayquaza\n|clearpoke\n|poke|p1|Ho-Oh|\n|poke|p1|Arceus-Ghost|\n|poke|p1|Naganadel|\n|poke|p1|Galvantula, F|\n|poke|p1|Iron Treads|\n|poke|p1|Groudon|\n|poke|p2|Gliscor, M|\n|poke|p2|Empoleon, F|\n|poke|p2|Hippowdon, M|\n|poke|p2|Dracovish|\n|poke|p2|Great Tusk|\n|poke|p2|Clodsire, M|\n|teampreview\n|\n|t:|1700098127\n|start\n|switch|p1a: Wasp|Naganadel, shiny|100\/100\n|switch|p2a: Hippowdon|Hippowdon, M|100\/100\n|-weather|Sandstorm|[from] ability: Sand Stream|[of] p2a: Hippowdon\n|turn|1\n|\n|t:|1700098140\n|move|p1a: Wasp|Dragon Pulse|p2a: Hippowdon\n|-damage|p2a: Hippowdon|47\/100\n|move|p2a: Hippowdon|Stealth Rock|p1a: Wasp\n|-sidestart|p1: EABL XD|move: Stealth Rock\n|\n|-weather|Sandstorm|[upkeep]\n|-damage|p1a: Wasp|95\/100|[from] Sandstorm\n|-heal|p2a: Hippowdon|53\/100|[from] item: Leftovers\n|upkeep\n|turn|2\n|\n|t:|1700098146\n|move|p1a: Wasp|Dragon Pulse|p2a: Hippowdon\n|-damage|p2a: Hippowdon|3\/100\n|move|p2a: Hippowdon|Earthquake|p1a: Wasp\n|-supereffective|p1a: Wasp\n|-damage|p1a: Wasp|0 fnt\n|faint|p1a: Wasp\n|\n|-weather|Sandstorm|[upkeep]\n|-heal|p2a: Hippowdon|10\/100|[from] item: Leftovers\n|upkeep\n|\n|t:|1700098153\n|switch|p1a: Iron Treads|Iron Treads|100\/100\n|-damage|p1a: Iron Treads|97\/100|[from] Stealth Rock\n|-enditem|p1a: Iron Treads|Booster Energy\n|-activate|p1a: Iron Treads|ability: Quark Drive|[fromitem]\n|-start|p1a: Iron Treads|quarkdriveatk\n|turn|3\n|\n|t:|1700098160\n|move|p1a: Iron Treads|Rapid Spin|p2a: Hippowdon\n|-damage|p2a: Hippowdon|0 fnt\n|-boost|p1a: Iron Treads|spe|1\n|-sideend|p1: EABL XD|Stealth Rock|[from] move: Rapid Spin|[of] p1a: Iron Treads\n|faint|p2a: Hippowdon\n|\n|-weather|Sandstorm|[upkeep]\n|upkeep\n|\n|t:|1700098167\n|switch|p2a: Great Tusk|Great Tusk|100\/100\n|turn|4\n|\n|t:|1700098174\n|-terastallize|p1a: Iron Treads|Ground\n|move|p1a: Iron Treads|Earthquake|p2a: Great Tusk\n|-damage|p2a: Great Tusk|46\/100\n|move|p2a: Great Tusk|Headlong Rush|p1a: Iron Treads\n|-damage|p1a: Iron Treads|32\/100\n|-unboost|p2a: Great Tusk|def|1\n|-unboost|p2a: Great Tusk|spd|1\n|\n|-weather|Sandstorm|[upkeep]\n|upkeep\n|turn|5\n|\n|t:|1700098182\n|move|p1a: Iron Treads|Earthquake|p2a: Great Tusk\n|-damage|p2a: Great Tusk|0 fnt\n|faint|p2a: Great Tusk\n|-end|p2a: Great Tusk|Protosynthesis|[silent]\n|\n|-weather|none\n|upkeep\n|\n|t:|1700098187\n|switch|p2a: Gliscor|Gliscor, M|100\/100\n|turn|6\n|\n|t:|1700098198\n|move|p1a: Iron Treads|Stealth Rock|p2a: Gliscor\n|-sidestart|p2: ChrisTheTree256|move: Stealth Rock\n|move|p2a: Gliscor|Swords Dance|p2a: Gliscor\n|-boost|p2a: Gliscor|atk|2\n|\n|-status|p2a: Gliscor|tox|[from] item: Toxic Orb\n|upkeep\n|turn|7\n|\n|t:|1700098207\n|-end|p1a: Iron Treads|Quark Drive|[silent]\n|switch|p1a: Tula|Galvantula, F|100\/100\n|move|p2a: Gliscor|Earthquake|p1a: Tula\n|-enditem|p1a: Tula|Focus Sash\n|-damage|p1a: Tula|1\/100\n|\n|upkeep\n|turn|8\n|\n|t:|1700098217\n|move|p1a: Tula|Sticky Web|p2a: Gliscor\n|-sidestart|p2: ChrisTheTree256|move: Sticky Web\n|move|p2a: Gliscor|Dual Wingbeat|p1a: Tula\n|-damage|p1a: Tula|0 fnt\n|faint|p1a: Tula\n|-hitcount|p1: Tula|1\n|\n|upkeep\n|\n|t:|1700098225\n|switch|p1a: Don|Groudon, shiny|100\/100\n|detailschange|p1a: Don|Groudon-Primal, shiny\n|-primal|p1a: Don|Red Orb\n|-weather|DesolateLand|[from] ability: Desolate Land|[of] p1a: Don\n|turn|9\n|\n|t:|1700098231\n|move|p2a: Gliscor|Earthquake|p1a: Don\n|-supereffective|p1a: Don\n|-damage|p1a: Don|0 fnt\n|faint|p1a: Don\n|-weather|none\n|\n|upkeep\n|\n|t:|1700098252\n|switch|p1a: Arceus|Arceus-Ghost|100\/100\n|turn|10\n|\n|t:|1700098256\n|move|p2a: Gliscor|Crunch|p1a: Arceus\n|-supereffective|p1a: Arceus\n|-damage|p1a: Arceus|49\/100\n|move|p1a: Arceus|Judgment|p2a: Gliscor\n|-damage|p2a: Gliscor|18\/100 tox\n|\n|-heal|p2a: Gliscor|30\/100 tox|[from] ability: Poison Heal\n|upkeep\n|turn|11\n|\n|t:|1700098264\n|move|p2a: Gliscor|Crunch|p1a: Arceus\n|-supereffective|p1a: Arceus\n|-damage|p1a: Arceus|0 fnt\n|faint|p1a: Arceus\n|\n|-heal|p2a: Gliscor|42\/100 tox|[from] ability: Poison Heal\n|upkeep\n|\n|t:|1700098265\n|switch|p1a: P\u00e1jaro Feo|Ho-Oh, shiny|100\/100\n|turn|12\n|\n|t:|1700098271\n|move|p2a: Gliscor|Crunch|p1a: P\u00e1jaro Feo\n|-damage|p1a: P\u00e1jaro Feo|53\/100\n|-zpower|p1a: P\u00e1jaro Feo\n|move|p1a: P\u00e1jaro Feo|Z-Celebrate|p1a: P\u00e1jaro Feo|[anim]Celebrate\n|-boost|p1a: P\u00e1jaro Feo|atk|1|[zeffect]\n|-boost|p1a: P\u00e1jaro Feo|def|1|[zeffect]\n|-boost|p1a: P\u00e1jaro Feo|spa|1|[zeffect]\n|-boost|p1a: P\u00e1jaro Feo|spd|1|[zeffect]\n|-boost|p1a: P\u00e1jaro Feo|spe|1|[zeffect]\n|-activate|p1a: P\u00e1jaro Feo|move: Celebrate\n|\n|-heal|p2a: Gliscor|55\/100 tox|[from] ability: Poison Heal\n|upkeep\n|turn|13\n|\n|t:|1700098282\n|move|p1a: P\u00e1jaro Feo|Sacred Fire|p2a: Gliscor\n|-damage|p2a: Gliscor|0 fnt\n|faint|p2a: Gliscor\n|\n|upkeep\n|\n|t:|1700098285\n|switch|p2a: Clodsire|Clodsire, M|100\/100\n|-damage|p2a: Clodsire|94\/100|[from] Stealth Rock\n|-activate|p2a: Clodsire|move: Sticky Web\n|-unboost|p2a: Clodsire|spe|1\n|turn|14\n|\n|t:|1700098289\n|move|p1a: P\u00e1jaro Feo|Earthquake|p2a: Clodsire\n|-supereffective|p2a: Clodsire\n|-damage|p2a: Clodsire|0 fnt\n|faint|p2a: Clodsire\n|\n|upkeep\n|\n|t:|1700098295\n|switch|p2a: Dracovish|Dracovish|100\/100\n|-damage|p2a: Dracovish|88\/100|[from] Stealth Rock\n|-activate|p2a: Dracovish|move: Sticky Web\n|-unboost|p2a: Dracovish|spe|1\n|turn|15\n|\n|t:|1700098300\n|move|p2a: Dracovish|Protect|p2a: Dracovish\n|-singleturn|p2a: Dracovish|Protect\n|move|p1a: P\u00e1jaro Feo|Brave Bird|p2a: Dracovish\n|-activate|p2a: Dracovish|move: Protect\n|\n|upkeep\n|turn|16\n|\n|t:|1700098307\n|move|p1a: P\u00e1jaro Feo|Brave Bird|p2a: Dracovish\n|-damage|p2a: Dracovish|0 fnt\n|faint|p2a: Dracovish\n|-damage|p1a: P\u00e1jaro Feo|27\/100|[from] Recoil\n|\n|upkeep\n|\n|t:|1700098310\n|switch|p2a: Empoleon|Empoleon, F|100\/100\n|-damage|p2a: Empoleon|94\/100|[from] Stealth Rock\n|-activate|p2a: Empoleon|move: Sticky Web\n|-unboost|p2a: Empoleon|spe|1\n|-ability|p2a: Empoleon|Competitive|boost\n|-boost|p2a: Empoleon|spa|2\n|turn|17\n|\n|t:|1700098318\n|-terastallize|p2a: Empoleon|Ghost\n|move|p1a: P\u00e1jaro Feo|Earthquake|p2a: Empoleon\n|-damage|p2a: Empoleon|38\/100\n|move|p2a: Empoleon|Surf|p1a: P\u00e1jaro Feo\n|-supereffective|p1a: P\u00e1jaro Feo\n|-damage|p1a: P\u00e1jaro Feo|0 fnt\n|faint|p1a: P\u00e1jaro Feo\n|\n|-heal|p2a: Empoleon|44\/100|[from] item: Leftovers\n|upkeep\n|\n|t:|1700098326\n|switch|p1a: Iron Treads|Iron Treads, tera:Ground|32\/100\n|turn|18\n|\n|t:|1700098333\n|move|p1a: Iron Treads|Earthquake|p2a: Empoleon\n|-damage|p2a: Empoleon|0 fnt\n|faint|p2a: Empoleon\n|\n|win|EABL XD\n|raw|EABL XD's rating: 1227 &rarr; <strong>1254<\/strong><br \/>(+27 for winning)\n|raw|ChrisTheTree256's rating: 1249 &rarr; <strong>1222<\/strong><br \/>(-27 for losing)\n|c|\u2606ChrisTheTree256|gg\n","uploadtime":1700098337,"views":12,"p1id":"eablxd","p2id":"christhetree256","formatid":"gen9nationaldexubers","rating":1222,"private":0,"password":""}