{"id":"gen9nationaldexubers-1986136399","p1":"Alpha Nicholas","p2":"danish13","format":"[Gen 9] National Dex Ubers","log":"|j|\u203dAlpha Nicholas\n|j|\u2606danish13\n|t:|1699453684\n|gametype|singles\n|player|p1|Alpha Nicholas|giovanni-masters|1391\n|player|p2|danish13|lance|1498\n|teamsize|p1|6\n|teamsize|p2|6\n|gen|9\n|tier|[Gen 9] National Dex Ubers\n|rated|\n|rule|HP Percentage Mod: HP is shown in percentages\n|rule|Endless Battle Clause: Forcing endless battles is banned\n|rule|OHKO Clause: OHKO moves are banned\n|rule|Evasion Moves Clause: Evasion moves are banned\n|rule|Evasion Items Clause: Evasion items are banned\n|rule|Species Clause: Limit one of each Pok\u00e9mon\n|rule|Sleep Clause Mod: Limit one foe put to sleep\n|rule|Mega Rayquaza Clause: You cannot mega evolve Rayquaza\n|clearpoke\n|poke|p1|Grimmsnarl, M|\n|poke|p1|Xerneas-*|\n|poke|p1|Ditto|\n|poke|p1|Zygarde|\n|poke|p1|Yveltal|\n|poke|p1|Groudon|\n|poke|p2|Salamence, M|\n|poke|p2|Groudon|\n|poke|p2|Yveltal|\n|poke|p2|Rayquaza|\n|poke|p2|Enamorus, F|\n|poke|p2|Lugia|\n|teampreview\n|inactive|Battle timer is ON: inactive players will automatically lose when time's up. (requested by danish13)\n|\n|t:|1699453705\n|start\n|switch|p1a: Grimmsnarl|Grimmsnarl, M|100\/100\n|switch|p2a: Yveltal|Yveltal|100\/100\n|-ability|p2a: Yveltal|Dark Aura\n|turn|1\n|\n|t:|1699453721\n|move|p1a: Grimmsnarl|Light Screen|p1a: Grimmsnarl\n|-sidestart|p1: Alpha Nicholas|move: Light Screen\n|move|p2a: Yveltal|Knock Off|p1a: Grimmsnarl\n|-resisted|p1a: Grimmsnarl\n|-damage|p1a: Grimmsnarl|75\/100\n|-enditem|p1a: Grimmsnarl|Light Clay|[from] move: Knock Off|[of] p2a: Yveltal\n|-damage|p2a: Yveltal|91\/100|[from] item: Life Orb\n|\n|upkeep\n|turn|2\n|\n|t:|1699453729\n|move|p1a: Grimmsnarl|Reflect|p1a: Grimmsnarl\n|-sidestart|p1: Alpha Nicholas|Reflect\n|move|p2a: Yveltal|Oblivion Wing|p1a: Grimmsnarl\n|-damage|p1a: Grimmsnarl|60\/100\n|-heal|p2a: Yveltal|100\/100|[from] drain|[of] p1a: Grimmsnarl\n|-damage|p2a: Yveltal|91\/100|[from] item: Life Orb\n|\n|upkeep\n|turn|3\n|\n|t:|1699453736\n|switch|p2a: Lugia|Lugia|100\/100\n|move|p1a: Grimmsnarl|Spirit Break|p2a: Lugia\n|-damage|p2a: Lugia|90\/100\n|-unboost|p2a: Lugia|spa|1\n|\n|-heal|p2a: Lugia|96\/100|[from] item: Leftovers\n|upkeep\n|turn|4\n|\n|t:|1699453746\n|move|p1a: Grimmsnarl|Taunt|p2a: Lugia\n|-start|p2a: Lugia|move: Taunt\n|cant|p2a: Lugia|move: Taunt|Defog\n|\n|-heal|p2a: Lugia|100\/100|[from] item: Leftovers\n|upkeep\n|turn|5\n|\n|t:|1699453752\n|switch|p1a: Groudon|Groudon|100\/100\n|detailschange|p1a: Groudon|Groudon-Primal\n|-primal|p1a: Groudon|Red Orb\n|-weather|DesolateLand|[from] ability: Desolate Land|[of] p1a: Groudon\n|move|p2a: Lugia|Ice Beam|p1a: Groudon\n|-damage|p1a: Groudon|94\/100\n|\n|-weather|DesolateLand|[upkeep]\n|upkeep\n|turn|6\n|\n|t:|1699453760\n|move|p2a: Lugia|Ice Beam|p1a: Groudon\n|-damage|p1a: Groudon|87\/100\n|move|p1a: Groudon|Stone Edge|p2a: Lugia\n|-supereffective|p2a: Lugia\n|-damage|p2a: Lugia|67\/100\n|\n|-weather|DesolateLand|[upkeep]\n|-heal|p2a: Lugia|73\/100|[from] item: Leftovers\n|-end|p2a: Lugia|move: Taunt\n|-sideend|p1: Alpha Nicholas|Reflect\n|upkeep\n|turn|7\n|\n|t:|1699453774\n|move|p2a: Lugia|Toxic|p1a: Groudon\n|-status|p1a: Groudon|tox\n|move|p1a: Groudon|Rock Polish|p1a: Groudon\n|-boost|p1a: Groudon|spe|2\n|\n|-weather|DesolateLand|[upkeep]\n|-heal|p2a: Lugia|80\/100|[from] item: Leftovers\n|-damage|p1a: Groudon|81\/100 tox|[from] psn\n|upkeep\n|turn|8\n|\n|t:|1699453785\n|switch|p2a: Salamence|Salamence, M|100\/100\n|-ability|p2a: Salamence|Intimidate|boost\n|-unboost|p1a: Groudon|atk|1\n|move|p1a: Groudon|Heat Crash|p2a: Salamence\n|-resisted|p2a: Salamence\n|-damage|p2a: Salamence|53\/100\n|\n|-weather|DesolateLand|[upkeep]\n|-damage|p1a: Groudon|68\/100 tox|[from] psn\n|-sideend|p1: Alpha Nicholas|move: Light Screen\n|upkeep\n|turn|9\n|\n|t:|1699453800\n|detailschange|p2a: Salamence|Salamence-Mega, M\n|-mega|p2a: Salamence|Salamence|Salamencite\n|move|p1a: Groudon|Stone Edge|p2a: Salamence|[miss]\n|-miss|p1a: Groudon|p2a: Salamence\n|move|p2a: Salamence|Roost|p2a: Salamence\n|-heal|p2a: Salamence|100\/100\n|-singleturn|p2a: Salamence|move: Roost\n|\n|-weather|DesolateLand|[upkeep]\n|-damage|p1a: Groudon|50\/100 tox|[from] psn\n|upkeep\n|turn|10\n|\n|t:|1699453809\n|switch|p2a: Groudon|Groudon|100\/100\n|detailschange|p2a: Groudon|Groudon-Primal\n|-primal|p2a: Groudon|Red Orb\n|move|p1a: Groudon|Stone Edge|p2a: Groudon\n|-crit|p2a: Groudon\n|-damage|p2a: Groudon|51\/100\n|\n|-weather|DesolateLand|[upkeep]\n|-damage|p1a: Groudon|25\/100 tox|[from] psn\n|upkeep\n|turn|11\n|\n|t:|1699453824\n|switch|p1a: Zygarde|Zygarde|100\/100\n|-weather|none\n|switch|p2a: Salamence|Salamence-Mega, M|100\/100\n|\n|upkeep\n|turn|12\n|inactive|Alpha Nicholas has 120 seconds left.\n|\n|t:|1699453858\n|switch|p2a: Lugia|Lugia|80\/100\n|-terastallize|p1a: Zygarde|Fairy\n|move|p1a: Zygarde|Dragon Dance|p1a: Zygarde\n|-boost|p1a: Zygarde|atk|1\n|-boost|p1a: Zygarde|spe|1\n|\n|-heal|p2a: Lugia|86\/100|[from] item: Leftovers\n|upkeep\n|turn|13\n|\n|t:|1699453874\n|move|p1a: Zygarde|Dragon Dance|p1a: Zygarde\n|-boost|p1a: Zygarde|atk|1\n|-boost|p1a: Zygarde|spe|1\n|move|p2a: Lugia|Toxic|p1a: Zygarde\n|-status|p1a: Zygarde|tox\n|\n|-heal|p2a: Lugia|92\/100|[from] item: Leftovers\n|-damage|p1a: Zygarde|94\/100 tox|[from] psn\n|upkeep\n|turn|14\n|inactive|danish13 has 120 seconds left.\n|\n|t:|1699453906\n|move|p1a: Zygarde|Thousand Arrows|p2a: Lugia\n|-damage|p2a: Lugia|33\/100\n|-start|p2a: Lugia|Smack Down\n|move|p2a: Lugia|Whirlwind|p1a: Zygarde\n|drag|p1a: Ditto|Ditto, shiny|100\/100\n|-transform|p1a: Ditto|p2a: Lugia|[from] ability: Imposter\n|\n|-heal|p2a: Lugia|39\/100|[from] item: Leftovers\n|upkeep\n|turn|15\n|inactive|danish13 has 120 seconds left.\n|\n|t:|1699453916\n|move|p2a: Lugia|Toxic|p1a: Ditto\n|-status|p1a: Ditto|tox\n|move|p1a: Ditto|Toxic|p2a: Lugia\n|-status|p2a: Lugia|tox\n|\n|-heal|p2a: Lugia|45\/100 tox|[from] item: Leftovers\n|-damage|p1a: Ditto|94\/100 tox|[from] psn\n|-damage|p2a: Lugia|39\/100 tox|[from] psn\n|upkeep\n|turn|16\n|inactive|danish13 has 120 seconds left.\n|\n|t:|1699453925\n|switch|p2a: Enamorus|Enamorus, F|100\/100\n|move|p1a: Ditto|Ice Beam|p2a: Enamorus\n|-supereffective|p2a: Enamorus\n|-damage|p2a: Enamorus|46\/100\n|\n|-damage|p1a: Ditto|82\/100 tox|[from] psn\n|upkeep\n|turn|17\n|inactive|danish13 has 120 seconds left.\n|\n|t:|1699453938\n|move|p1a: Ditto|Ice Beam|p2a: Enamorus\n|-supereffective|p2a: Enamorus\n|-damage|p2a: Enamorus|0 fnt\n|faint|p2a: Enamorus\n|\n|-damage|p1a: Ditto|64\/100 tox|[from] psn\n|upkeep\n|inactive|danish13 has 120 seconds left.\n|\n|t:|1699453946\n|switch|p2a: Rayquaza|Rayquaza|100\/100\n|-ability|p2a: Rayquaza|Air Lock\n|turn|18\n|\n|t:|1699453954\n|-terastallize|p2a: Rayquaza|Dragon\n|move|p1a: Ditto|Ice Beam|p2a: Rayquaza\n|-supereffective|p2a: Rayquaza\n|-damage|p2a: Rayquaza|62\/100\n|move|p2a: Rayquaza|Swords Dance|p2a: Rayquaza\n|-boost|p2a: Rayquaza|atk|2\n|\n|-damage|p1a: Ditto|40\/100 tox|[from] psn\n|upkeep\n|turn|19\n|inactive|Alpha Nicholas has 120 seconds left.\n|\n|t:|1699453992\n|switch|p1a: Zygarde|Zygarde, tera:Fairy|94\/100 tox\n|move|p2a: Rayquaza|Extreme Speed|p1a: Zygarde\n|-damage|p1a: Zygarde|33\/100 tox\n|-damage|p2a: Rayquaza|52\/100|[from] item: Life Orb\n|\n|-heal|p1a: Zygarde|39\/100 tox|[from] item: Leftovers\n|-damage|p1a: Zygarde|33\/100 tox|[from] psn\n|-activate|p1a: Zygarde|ability: Power Construct\n|detailschange|p1a: Zygarde|Zygarde-Complete, tera:Fairy\n|-heal|p1a: Zygarde|59\/100 tox|[silent]\n|upkeep\n|turn|20\n|inactive|Alpha Nicholas has 120 seconds left.\n|\n|t:|1699454005\n|move|p2a: Rayquaza|Earthquake|p1a: Zygarde\n|-damage|p1a: Zygarde|7\/100 tox\n|-damage|p2a: Rayquaza|42\/100|[from] item: Life Orb\n|move|p1a: Zygarde|Scale Shot|p2a: Rayquaza\n|-supereffective|p2a: Rayquaza\n|-damage|p2a: Rayquaza|18\/100\n|-supereffective|p2a: Rayquaza\n|-damage|p2a: Rayquaza|0 fnt\n|faint|p2a: Rayquaza\n|-hitcount|p2: Rayquaza|2\n|-unboost|p1a: Zygarde|def|1\n|-boost|p1a: Zygarde|spe|1\n|\n|-heal|p1a: Zygarde|13\/100 tox|[from] item: Leftovers\n|-damage|p1a: Zygarde|1\/100 tox|[from] psn\n|upkeep\n|inactive|danish13 has 120 seconds left.\n|\n|t:|1699454024\n|switch|p2a: Yveltal|Yveltal|91\/100\n|-ability|p2a: Yveltal|Dark Aura\n|turn|21\n|inactive|danish13 has 120 seconds left.\n|\n|t:|1699454036\n|switch|p1a: Yveltal|Yveltal|100\/100\n|-ability|p1a: Yveltal|Dark Aura\n|move|p2a: Yveltal|Sucker Punch||[still]\n|-fail|p2a: Yveltal\n|\n|upkeep\n|turn|22\n|\n|t:|1699454044\n|move|p2a: Yveltal|Knock Off|p1a: Yveltal\n|-resisted|p1a: Yveltal\n|-damage|p1a: Yveltal|57\/100\n|-enditem|p1a: Yveltal|Life Orb|[from] move: Knock Off|[of] p2a: Yveltal\n|-damage|p2a: Yveltal|81\/100|[from] item: Life Orb\n|move|p1a: Yveltal|Oblivion Wing|p2a: Yveltal\n|-damage|p2a: Yveltal|42\/100\n|-heal|p1a: Yveltal|87\/100|[from] drain|[of] p2a: Yveltal\n|\n|upkeep\n|turn|23\n|\n|t:|1699454055\n|move|p1a: Yveltal|Oblivion Wing|p2a: Yveltal\n|-damage|p2a: Yveltal|3\/100\n|-heal|p1a: Yveltal|100\/100|[from] drain|[of] p2a: Yveltal\n|move|p2a: Yveltal|Oblivion Wing|p1a: Yveltal\n|-damage|p1a: Yveltal|60\/100\n|-heal|p2a: Yveltal|33\/100|[from] drain|[of] p1a: Yveltal\n|-damage|p2a: Yveltal|23\/100|[from] item: Life Orb\n|\n|upkeep\n|turn|24\n|\n|t:|1699454066\n|move|p1a: Yveltal|Oblivion Wing|p2a: Yveltal\n|-damage|p2a: Yveltal|0 fnt\n|-heal|p1a: Yveltal|77\/100|[from] drain|[of] p2a: Yveltal\n|faint|p2a: Yveltal\n|\n|upkeep\n|inactive|danish13 has 120 seconds left.\n|\n|t:|1699454080\n|switch|p2a: Salamence|Salamence-Mega, M|100\/100\n|turn|25\n|inactive|Alpha Nicholas has 120 seconds left.\n|\n|t:|1699454123\n|move|p2a: Salamence|Dragon Dance|p2a: Salamence\n|-boost|p2a: Salamence|atk|1\n|-boost|p2a: Salamence|spe|1\n|move|p1a: Yveltal|Dark Pulse|p2a: Salamence\n|-damage|p2a: Salamence|44\/100\n|\n|upkeep\n|turn|26\n|\n|t:|1699454134\n|move|p2a: Salamence|Roost|p2a: Salamence\n|-heal|p2a: Salamence|94\/100\n|-singleturn|p2a: Salamence|move: Roost\n|move|p1a: Yveltal|Dark Pulse|p2a: Salamence\n|-damage|p2a: Salamence|31\/100\n|\n|upkeep\n|turn|27\n|\n|t:|1699454140\n|move|p2a: Salamence|Double-Edge|p1a: Yveltal\n|-damage|p1a: Yveltal|0 fnt\n|faint|p1a: Yveltal\n|-damage|p2a: Salamence|1\/100|[from] Recoil\n|\n|upkeep\n|inactive|Alpha Nicholas has 120 seconds left.\n|\n|t:|1699454148\n|switch|p1a: Zygarde|Zygarde-Complete, tera:Fairy|1\/100 tox\n|turn|28\n|\n|t:|1699454153\n|move|p1a: Zygarde|Extreme Speed|p2a: Salamence\n|-damage|p2a: Salamence|0 fnt\n|faint|p2a: Salamence\n|\n|-heal|p1a: Zygarde|7\/100 tox|[from] item: Leftovers\n|-damage|p1a: Zygarde|1\/100 tox|[from] psn\n|upkeep\n|\n|t:|1699454162\n|switch|p2a: Lugia|Lugia|39\/100 tox\n|turn|29\n|\n|t:|1699454168\n|move|p1a: Zygarde|Extreme Speed|p2a: Lugia\n|-damage|p2a: Lugia|23\/100 tox\n|move|p2a: Lugia|Ice Beam|p1a: Zygarde\n|-damage|p1a: Zygarde|0 fnt\n|faint|p1a: Zygarde\n|\n|-heal|p2a: Lugia|29\/100 tox|[from] item: Leftovers\n|-damage|p2a: Lugia|23\/100 tox|[from] psn\n|upkeep\n|\n|t:|1699454176\n|switch|p1a: Xerneas|Xerneas|100\/100\n|-ability|p1a: Xerneas|Fairy Aura\n|turn|30\n|\n|t:|1699454181\n|move|p1a: Xerneas|Substitute|p1a: Xerneas\n|-start|p1a: Xerneas|Substitute\n|-damage|p1a: Xerneas|76\/100\n|move|p2a: Lugia|Whirlwind|p1a: Xerneas\n|drag|p1a: Groudon|Groudon-Primal|25\/100 tox\n|-weather|DesolateLand|[from] ability: Desolate Land|[of] p1a: Groudon\n|\n|-weather|DesolateLand|[upkeep]\n|-heal|p2a: Lugia|29\/100 tox|[from] item: Leftovers\n|-damage|p2a: Lugia|16\/100 tox|[from] psn\n|-damage|p1a: Groudon|19\/100 tox|[from] psn\n|upkeep\n|turn|31\n|\n|t:|1699454192\n|switch|p2a: Groudon|Groudon-Primal|51\/100\n|move|p1a: Groudon|Stone Edge|p2a: Groudon|[miss]\n|-miss|p1a: Groudon|p2a: Groudon\n|\n|-weather|DesolateLand|[upkeep]\n|-damage|p1a: Groudon|7\/100 tox|[from] psn\n|upkeep\n|turn|32\n|\n|t:|1699454199\n|move|p1a: Groudon|Precipice Blades|p2a: Groudon|[miss]\n|-miss|p1a: Groudon|p2a: Groudon\n|move|p2a: Groudon|Fire Punch|p1a: Groudon\n|-resisted|p1a: Groudon\n|-damage|p1a: Groudon|0 fnt\n|faint|p1a: Groudon\n|\n|-weather|DesolateLand|[upkeep]\n|upkeep\n|\n|t:|1699454208\n|switch|p1a: Ditto|Ditto, shiny|40\/100 tox\n|-transform|p1a: Ditto|p2a: Groudon|[from] ability: Imposter\n|turn|33\n|\n|t:|1699454219\n|move|p1a: Ditto|Precipice Blades|p2a: Groudon\n|-supereffective|p2a: Groudon\n|-damage|p2a: Groudon|0 fnt\n|faint|p2a: Groudon\n|\n|-weather|DesolateLand|[upkeep]\n|-damage|p1a: Ditto|34\/100 tox|[from] psn\n|upkeep\n|-message|danish13 forfeited.\n|\n|win|Alpha Nicholas\n|raw|Alpha Nicholas's rating: 1391 &rarr; <strong>1417<\/strong><br \/>(+26 for winning)\n|raw|danish13's rating: 1498 &rarr; <strong>1472<\/strong><br \/>(-26 for losing)\n|l|\u2606danish13\n","uploadtime":1699454227,"views":5,"p1id":"alphanicholas","p2id":"danish13","formatid":"gen9nationaldexubers","rating":1417,"private":0,"password":""}