{"id":"gen9nationaldexubers-1978251146","p1":"youssefjesiop","p2":"DrArkane15","format":"[Gen 9] National Dex Ubers","log":"|j|\u2606youssefjesiop\n|j|\u2606DrArkane15\n|t:|1698517202\n|gametype|singles\n|player|p1|youssefjesiop|266|\n|player|p2|DrArkane15|cyrus|\n|teamsize|p1|3\n|teamsize|p2|2\n|gen|9\n|tier|[Gen 9] National Dex Ubers\n|rule|HP Percentage Mod: HP is shown in percentages\n|rule|Endless Battle Clause: Forcing endless battles is banned\n|rule|OHKO Clause: OHKO moves are banned\n|rule|Evasion Moves Clause: Evasion moves are banned\n|rule|Evasion Items Clause: Evasion items are banned\n|rule|Species Clause: Limit one of each Pok\u00e9mon\n|rule|Sleep Clause Mod: Limit one foe put to sleep\n|rule|Mega Rayquaza Clause: You cannot mega evolve Rayquaza\n|clearpoke\n|poke|p1|Riolu, L15, F|\n|poke|p1|Taillow, L13, F|\n|poke|p1|Magikarp, L5, F|\n|poke|p2|Riolu, L15, M|\n|poke|p2|Kubfu, L13, M|\n|teampreview\n|\n|t:|1698517211\n|start\n|switch|p1a: Taillow|Taillow, L13, F|100\/100\n|switch|p2a: Kubfu|Kubfu, L13, M|100\/100\n|turn|1\n|\n|t:|1698517223\n|move|p1a: Taillow|Wing Attack|p2a: Kubfu\n|-supereffective|p2a: Kubfu\n|-damage|p2a: Kubfu|24\/100\n|move|p2a: Kubfu|Rock Smash|p1a: Taillow\n|-damage|p1a: Taillow|41\/100\n|\n|upkeep\n|turn|2\n|\n|t:|1698517234\n|move|p1a: Taillow|Wing Attack|p2a: Kubfu\n|-supereffective|p2a: Kubfu\n|-crit|p2a: Kubfu\n|-damage|p2a: Kubfu|0 fnt\n|faint|p2a: Kubfu\n|\n|upkeep\n|\n|t:|1698517240\n|switch|p2a: Riolu|Riolu, L15, M|100\/100\n|turn|3\n|\n|t:|1698517245\n|move|p2a: Riolu|Metal Claw|p1a: Taillow\n|-damage|p1a: Taillow|0 fnt\n|faint|p1a: Taillow\n|\n|upkeep\n|\n|t:|1698517250\n|switch|p1a: Riolu|Riolu, L15, F|100\/100\n|turn|4\n|j| THEGAMER3777\n|\n|t:|1698517257\n|move|p1a: Riolu|Crunch|p2a: Riolu\n|-resisted|p2a: Riolu\n|-damage|p2a: Riolu|71\/100\n|move|p2a: Riolu|Counter|p1a: Riolu\n|-damage|p1a: Riolu|42\/100\n|\n|upkeep\n|turn|5\n|\n|t:|1698517263\n|move|p2a: Riolu|Metal Claw|p1a: Riolu\n|-damage|p1a: Riolu|3\/100\n|move|p1a: Riolu|Rock Smash|p2a: Riolu\n|-crit|p2a: Riolu\n|-damage|p2a: Riolu|5\/100\n|\n|upkeep\n|turn|6\n|\n|t:|1698517270\n|move|p2a: Riolu|Quick Attack|p1a: Riolu\n|-damage|p1a: Riolu|0 fnt\n|faint|p1a: Riolu\n|\n|upkeep\n|\n|t:|1698517288\n|switch|p1a: Magikarp|Magikarp, L5, F|100\/100\n|turn|7\n|\n|t:|1698517292\n|move|p2a: Riolu|Metal Claw|p1a: Magikarp\n|-resisted|p1a: Magikarp\n|-damage|p1a: Magikarp|34\/100\n|-boost|p2a: Riolu|atk|1\n|move|p1a: Magikarp|Splash|p1a: Magikarp\n|-nothing\n|\n|upkeep\n|turn|8\n|\n|t:|1698517301\n|move|p2a: Riolu|Metal Claw|p1a: Magikarp\n|-resisted|p1a: Magikarp\n|-damage|p1a: Magikarp|0 fnt\n|faint|p1a: Magikarp\n|\n|win|DrArkane15\n|l| THEGAMER3777\n","uploadtime":1698517317,"views":8,"p1id":"youssefjesiop","p2id":"drarkane15","formatid":"gen9nationaldexubers","rating":0,"private":0,"password":""}