{"id":"gen9nationaldexubers-1983374414","p1":"David uwu35","p2":"Black_Man9905","format":"[Gen 9] National Dex Ubers","log":"|j|\u2606David uwu35\n|j|\u2606Black_Man9905\n|t:|1699123420\n|gametype|singles\n|player|p1|David uwu35|shadowtriad|\n|player|p2|Black_Man9905|veteran|\n|teamsize|p1|6\n|teamsize|p2|6\n|gen|9\n|tier|[Gen 9] National Dex Ubers\n|rule|HP Percentage Mod: HP is shown in percentages\n|rule|Endless Battle Clause: Forcing endless battles is banned\n|rule|OHKO Clause: OHKO moves are banned\n|rule|Evasion Moves Clause: Evasion moves are banned\n|rule|Evasion Items Clause: Evasion items are banned\n|rule|Species Clause: Limit one of each Pok\u00e9mon\n|rule|Sleep Clause Mod: Limit one foe put to sleep\n|rule|Mega Rayquaza Clause: You cannot mega evolve Rayquaza\n|clearpoke\n|poke|p1|Espathra, F|\n|poke|p1|Lilligant-Hisui, F|\n|poke|p1|Magearna|\n|poke|p1|Chien-Pao|\n|poke|p1|Quaquaval, F|\n|poke|p1|Iron Hands|\n|poke|p2|Ludicolo, F|\n|poke|p2|Salamence, F|\n|poke|p2|Annihilape, F|\n|poke|p2|Gardevoir, F|\n|poke|p2|Cinderace, F|\n|poke|p2|Vaporeon, F|\n|teampreview\n|\n|t:|1699123440\n|start\n|switch|p1a: Espathra|Espathra, F|100\/100\n|switch|p2a: Mexicano|Ludicolo, F, shiny|100\/100\n|turn|1\n|\n|t:|1699123493\n|move|p1a: Espathra|Calm Mind|p1a: Espathra\n|-boost|p1a: Espathra|spa|1\n|-boost|p1a: Espathra|spd|1\n|move|p2a: Mexicano|Rain Dance|p2a: Mexicano\n|-weather|RainDance\n|\n|-weather|RainDance|[upkeep]\n|-ability|p1a: Espathra|Speed Boost|boost\n|-boost|p1a: Espathra|spe|1\n|upkeep\n|turn|2\n|\n|t:|1699123516\n|move|p1a: Espathra|Calm Mind|p1a: Espathra\n|-boost|p1a: Espathra|spa|1\n|-boost|p1a: Espathra|spd|1\n|move|p2a: Mexicano|Surf|p1a: Espathra\n|-damage|p1a: Espathra|60\/100\n|\n|-weather|RainDance|[upkeep]\n|-heal|p1a: Espathra|66\/100|[from] item: Leftovers\n|-ability|p1a: Espathra|Speed Boost|boost\n|-boost|p1a: Espathra|spe|1\n|upkeep\n|turn|3\n|\n|t:|1699123527\n|move|p1a: Espathra|Calm Mind|p1a: Espathra\n|-boost|p1a: Espathra|spa|1\n|-boost|p1a: Espathra|spd|1\n|move|p2a: Mexicano|Surf|p1a: Espathra\n|-damage|p1a: Espathra|28\/100\n|\n|-weather|RainDance|[upkeep]\n|-heal|p1a: Espathra|34\/100|[from] item: Leftovers\n|-ability|p1a: Espathra|Speed Boost|boost\n|-boost|p1a: Espathra|spe|1\n|upkeep\n|turn|4\n|\n|t:|1699123540\n|-terastallize|p1a: Espathra|Fairy\n|move|p1a: Espathra|Roost|p1a: Espathra\n|-heal|p1a: Espathra|84\/100\n|move|p2a: Mexicano|Surf|p1a: Espathra\n|-damage|p1a: Espathra|50\/100\n|\n|-weather|RainDance|[upkeep]\n|-heal|p1a: Espathra|56\/100|[from] item: Leftovers\n|-ability|p1a: Espathra|Speed Boost|boost\n|-boost|p1a: Espathra|spe|1\n|upkeep\n|turn|5\n|\n|t:|1699123561\n|move|p1a: Espathra|Roost|p1a: Espathra\n|-heal|p1a: Espathra|100\/100\n|move|p2a: Mexicano|Attract|p1a: Espathra\n|-immune|p1a: Espathra\n|\n|-weather|none\n|-ability|p1a: Espathra|Speed Boost|boost\n|-boost|p1a: Espathra|spe|1\n|upkeep\n|turn|6\n|\n|t:|1699123571\n|move|p1a: Espathra|Calm Mind|p1a: Espathra\n|-boost|p1a: Espathra|spa|1\n|-boost|p1a: Espathra|spd|1\n|move|p2a: Mexicano|Surf|p1a: Espathra\n|-damage|p1a: Espathra|82\/100\n|\n|-heal|p1a: Espathra|88\/100|[from] item: Leftovers\n|-ability|p1a: Espathra|Speed Boost|boost\n|-boost|p1a: Espathra|spe|1\n|upkeep\n|turn|7\n|\n|t:|1699123595\n|switch|p2a: La cachonda|Cinderace, F|100\/100\n|move|p1a: Espathra|Stored Power|p2a: La cachonda\n|-damage|p2a: La cachonda|0 fnt\n|faint|p2a: La cachonda\n|\n|-heal|p1a: Espathra|94\/100|[from] item: Leftovers\n|upkeep\n|\n|t:|1699123610\n|switch|p2a: En t\u00e9rminos de...|Vaporeon, F, shiny|100\/100\n|turn|8\n|\n|t:|1699123619\n|move|p1a: Espathra|Stored Power|p2a: En t\u00e9rminos de...\n|-crit|p2a: En t\u00e9rminos de...\n|-damage|p2a: En t\u00e9rminos de...|0 fnt\n|faint|p2a: En t\u00e9rminos de...\n|\n|-heal|p1a: Espathra|100\/100|[from] item: Leftovers\n|upkeep\n|\n|t:|1699123627\n|switch|p2a: La iguana|Salamence, F|100\/100\n|-ability|p2a: La iguana|Intimidate|boost\n|-unboost|p1a: Espathra|atk|1\n|turn|9\n|\n|t:|1699123635\n|move|p1a: Espathra|Dazzling Gleam|p2a: La iguana\n|-supereffective|p2a: La iguana\n|-damage|p2a: La iguana|0 fnt\n|faint|p2a: La iguana\n|\n|upkeep\n|\n|t:|1699123643\n|switch|p2a: El rabioso|Annihilape, F, shiny|100\/100\n|turn|10\n|\n|t:|1699123655\n|-terastallize|p2a: El rabioso|Fairy\n|move|p1a: Espathra|Stored Power|p2a: El rabioso\n|-damage|p2a: El rabioso|0 fnt\n|faint|p2a: El rabioso\n|\n|upkeep\n|\n|t:|1699123663\n|switch|p2a: La quincea\u00f1era|Gardevoir, F, shiny|100\/100\n|-ability|p2a: La quincea\u00f1era|Speed Boost|[from] ability: Trace|[of] p1a: Espathra\n|turn|11\n|\n|t:|1699123671\n|move|p1a: Espathra|Stored Power|p2a: La quincea\u00f1era\n|-resisted|p2a: La quincea\u00f1era\n|-damage|p2a: La quincea\u00f1era|0 fnt\n|faint|p2a: La quincea\u00f1era\n|\n|upkeep\n|\n|t:|1699123680\n|switch|p2a: Mexicano|Ludicolo, F, shiny|100\/100\n|turn|12\n|\n|t:|1699123690\n|move|p1a: Espathra|Stored Power|p2a: Mexicano\n|-damage|p2a: Mexicano|0 fnt\n|faint|p2a: Mexicano\n|\n|win|David uwu35\n|l|\u2606Black_Man9905\n","uploadtime":1699123696,"views":6,"p1id":"daviduwu35","p2id":"blackman9905","formatid":"gen9nationaldexubers","rating":0,"private":0,"password":""}