{"id":"gen9nationaldexubers-1983277924","p1":"Moonz_e","p2":"BloodPlum","format":"[Gen 9] National Dex Ubers","log":"|j|\u2606Moonz_e\n|j|\u2606BloodPlum\n|t:|1699113412\n|gametype|singles\n|player|p1|Moonz_e|courtney|\n|player|p2|BloodPlum|parasollady|\n|teamsize|p1|6\n|teamsize|p2|6\n|gen|9\n|tier|[Gen 9] National Dex Ubers\n|rule|HP Percentage Mod: HP is shown in percentages\n|rule|Endless Battle Clause: Forcing endless battles is banned\n|rule|OHKO Clause: OHKO moves are banned\n|rule|Evasion Moves Clause: Evasion moves are banned\n|rule|Evasion Items Clause: Evasion items are banned\n|rule|Species Clause: Limit one of each Pok\u00e9mon\n|rule|Sleep Clause Mod: Limit one foe put to sleep\n|rule|Mega Rayquaza Clause: You cannot mega evolve Rayquaza\n|clearpoke\n|poke|p1|Ninetales-Alola, F|\n|poke|p1|Baxcalibur, M|\n|poke|p1|Ursaluna-Bloodmoon, M|\n|poke|p1|Diancie|\n|poke|p1|Landorus-Therian, M|\n|poke|p1|Rotom-Wash|\n|poke|p2|Scizor, F|\n|poke|p2|Volcarona, F|\n|poke|p2|Araquanid, F|\n|poke|p2|Ribombee, F|\n|poke|p2|Heracross, F|\n|poke|p2|Kleavor, M|\n|teampreview\n|c|\u2606Moonz_e|Glhf\n|c|\u2606Moonz_e|Poison bear\n|c|\u2606BloodPlum|Gl Hf\n|j| ArcticIzagi\n|c|\u2606BloodPlum|Special Derpy Bear\n|\n|t:|1699113446\n|start\n|switch|p1a: Rotom|Rotom-Wash|100\/100\n|switch|p2a: Araquanid|Araquanid, F|100\/100\n|turn|1\n|\n|t:|1699113458\n|move|p1a: Rotom|Volt Switch|p2a: Araquanid\n|-supereffective|p2a: Araquanid\n|-damage|p2a: Araquanid|60\/100\n|\n|t:|1699113463\n|switch|p1a: Landorus|Landorus-Therian, M|100\/100|[from] Volt Switch\n|-ability|p1a: Landorus|Intimidate|boost\n|-unboost|p2a: Araquanid|atk|1\n|move|p2a: Araquanid|Sticky Web|p1a: Landorus\n|-sidestart|p1: Moonz_e|move: Sticky Web\n|\n|-heal|p2a: Araquanid|66\/100|[from] item: Leftovers\n|upkeep\n|turn|2\n|j| Destinum\n|\n|t:|1699113473\n|move|p1a: Landorus|Defog|p2a: Araquanid\n|-unboost|p2a: Araquanid|evasion|1\n|-sideend|p1: Moonz_e|Sticky Web|[from] move: Defog|[of] p1a: Landorus\n|move|p2a: Araquanid|Liquidation|p1a: Landorus\n|-supereffective|p1a: Landorus\n|-damage|p1a: Landorus|43\/100\n|-unboost|p1a: Landorus|def|1\n|\n|-heal|p1a: Landorus|49\/100|[from] item: Leftovers\n|-heal|p2a: Araquanid|72\/100|[from] item: Leftovers\n|upkeep\n|turn|3\n|\n|t:|1699113484\n|move|p1a: Landorus|U-turn|p2a: Araquanid\n|-damage|p2a: Araquanid|47\/100\n|\n|t:|1699113487\n|switch|p1a: Ninetales|Ninetales-Alola, F|100\/100|[from] U-turn\n|-weather|Snow|[from] ability: Snow Warning|[of] p1a: Ninetales\n|move|p2a: Araquanid|Liquidation|p1a: Ninetales\n|-damage|p1a: Ninetales|77\/100\n|\n|-weather|Snow|[upkeep]\n|-heal|p2a: Araquanid|53\/100|[from] item: Leftovers\n|upkeep\n|turn|4\n|\n|t:|1699113500\n|move|p1a: Ninetales|Aurora Veil|p1a: Ninetales\n|-sidestart|p1: Moonz_e|move: Aurora Veil\n|move|p2a: Araquanid|Sticky Web|p1a: Ninetales\n|-sidestart|p1: Moonz_e|move: Sticky Web\n|\n|-weather|Snow|[upkeep]\n|-heal|p2a: Araquanid|59\/100|[from] item: Leftovers\n|upkeep\n|turn|5\n|\n|t:|1699113508\n|switch|p1a: Landorus|Landorus-Therian, M|49\/100\n|-ability|p1a: Landorus|Intimidate|boost\n|-unboost|p2a: Araquanid|atk|1\n|move|p2a: Araquanid|Toxic|p1a: Landorus\n|-status|p1a: Landorus|tox\n|\n|-weather|Snow|[upkeep]\n|-heal|p1a: Landorus|55\/100 tox|[from] item: Leftovers\n|-heal|p2a: Araquanid|65\/100|[from] item: Leftovers\n|-damage|p1a: Landorus|49\/100 tox|[from] psn\n|upkeep\n|turn|6\n|c| ArcticIzagi|Moonz did you never have nicknames on your OU team?\n|\n|t:|1699113520\n|move|p1a: Landorus|Stealth Rock|p2a: Araquanid\n|-sidestart|p2: BloodPlum|move: Stealth Rock\n|move|p2a: Araquanid|Liquidation|p1a: Landorus\n|-supereffective|p1a: Landorus\n|-damage|p1a: Landorus|29\/100 tox\n|-unboost|p1a: Landorus|def|1\n|\n|-weather|Snow|[upkeep]\n|-heal|p1a: Landorus|35\/100 tox|[from] item: Leftovers\n|-heal|p2a: Araquanid|71\/100|[from] item: Leftovers\n|-damage|p1a: Landorus|23\/100 tox|[from] psn\n|upkeep\n|turn|7\n|j| AhiruChan\n|\n|t:|1699113532\n|switch|p2a: Kleavor|Kleavor, M|100\/100\n|move|p1a: Landorus|U-turn|p2a: Kleavor\n|-damage|p2a: Kleavor|72\/100\n|\n|t:|1699113538\n|switch|p1a: Baxcalibur|Baxcalibur, M|100\/100|[from] U-turn\n|-activate|p1a: Baxcalibur|move: Sticky Web\n|-unboost|p1a: Baxcalibur|spe|1\n|\n|-weather|none\n|upkeep\n|turn|8\n|\n|t:|1699113547\n|move|p2a: Kleavor|Stone Axe|p1a: Baxcalibur\n|-supereffective|p1a: Baxcalibur\n|-damage|p1a: Baxcalibur|46\/100\n|-sidestart|p1: Moonz_e|move: Stealth Rock\n|move|p1a: Baxcalibur|Swords Dance|p1a: Baxcalibur\n|-boost|p1a: Baxcalibur|atk|2\n|\n|upkeep\n|turn|9\n|c| AhiruChan|go moonz!\n|c|\u2606Moonz_e|Damn i didn't think it would do that much\n|c|\u2606Moonz_e|Hmm\n|c|\u2606Moonz_e|Honestly miss\n|\n|t:|1699113575\n|move|p2a: Kleavor|Stone Axe|p1a: Baxcalibur\n|-supereffective|p1a: Baxcalibur\n|-damage|p1a: Baxcalibur|0 fnt\n|faint|p1a: Baxcalibur\n|\n|upkeep\n|\n|t:|1699113591\n|switch|p1a: Ursaluna|Ursaluna-Bloodmoon, M|100\/100\n|-activate|p1a: Ursaluna|move: Sticky Web\n|-unboost|p1a: Ursaluna|spe|1\n|-damage|p1a: Ursaluna|94\/100|[from] Stealth Rock\n|turn|10\n|c| ArcticIzagi|no bax gaming :(\n|\n|t:|1699113597\n|move|p2a: Kleavor|Defog|p1a: Ursaluna\n|-unboost|p1a: Ursaluna|evasion|1\n|-sideend|p1: Moonz_e|move: Aurora Veil\n|-sideend|p1: Moonz_e|Stealth Rock|[from] move: Defog|[of] p2a: Kleavor\n|-sideend|p1: Moonz_e|Sticky Web|[from] move: Defog|[of] p2a: Kleavor\n|-sideend|p2: BloodPlum|Stealth Rock|[from] move: Defog|[of] p2a: Kleavor\n|move|p1a: Ursaluna|Calm Mind|p1a: Ursaluna\n|-boost|p1a: Ursaluna|spa|1\n|-boost|p1a: Ursaluna|spd|1\n|\n|-heal|p1a: Ursaluna|100\/100|[from] item: Leftovers\n|upkeep\n|turn|11\n|\n|t:|1699113618\n|-terastallize|p1a: Ursaluna|Poison\n|move|p2a: Kleavor|Stone Axe|p1a: Ursaluna\n|-damage|p1a: Ursaluna|73\/100\n|-sidestart|p1: Moonz_e|move: Stealth Rock\n|move|p1a: Ursaluna|Earth Power|p2a: Kleavor\n|-damage|p2a: Kleavor|0 fnt\n|faint|p2a: Kleavor\n|\n|-heal|p1a: Ursaluna|79\/100|[from] item: Leftovers\n|upkeep\n|\n|t:|1699113623\n|switch|p2a: Araquanid|Araquanid, F|71\/100\n|turn|12\n|j| IncandescentCandle\n|\n|t:|1699113636\n|move|p2a: Araquanid|Sticky Web|p1a: Ursaluna\n|-sidestart|p1: Moonz_e|move: Sticky Web\n|move|p1a: Ursaluna|Blood Moon|p2a: Araquanid\n|-damage|p2a: Araquanid|16\/100\n|\n|-heal|p2a: Araquanid|23\/100|[from] item: Leftovers\n|-heal|p1a: Ursaluna|85\/100|[from] item: Leftovers\n|upkeep\n|turn|13\n|\n|t:|1699113645\n|move|p2a: Araquanid|Liquidation|p1a: Ursaluna\n|-damage|p1a: Ursaluna|60\/100\n|move|p1a: Ursaluna|Moonlight|p1a: Ursaluna\n|-heal|p1a: Ursaluna|100\/100\n|\n|-heal|p2a: Araquanid|29\/100|[from] item: Leftovers\n|upkeep\n|turn|14\n|\n|t:|1699113655\n|move|p2a: Araquanid|Liquidation|p1a: Ursaluna\n|-damage|p1a: Ursaluna|77\/100\n|move|p1a: Ursaluna|Blood Moon|p2a: Araquanid\n|-damage|p2a: Araquanid|0 fnt\n|faint|p2a: Araquanid\n|\n|-heal|p1a: Ursaluna|83\/100|[from] item: Leftovers\n|upkeep\n|\n|t:|1699113659\n|switch|p2a: Heracross|Heracross, F|100\/100\n|turn|15\n|c| IncandescentCandle|we're waiting every night to finally roam and invite\n|c|\u2606Moonz_e|Newcomers to play with us\n|\n|t:|1699113690\n|move|p2a: Heracross|Rock Slide|p1a: Ursaluna\n|-damage|p1a: Ursaluna|69\/100\n|cant|p1a: Ursaluna|flinch\n|\n|-heal|p1a: Ursaluna|75\/100|[from] item: Leftovers\n|upkeep\n|turn|16\n|c| IncandescentCandle|for many years we've been all alone\n|c|\u2606Moonz_e|Bruh\n|\n|t:|1699113707\n|move|p2a: Heracross|Rock Slide|p1a: Ursaluna\n|-damage|p1a: Ursaluna|62\/100\n|move|p1a: Ursaluna|Moonlight|p1a: Ursaluna\n|-heal|p1a: Ursaluna|100\/100\n|\n|upkeep\n|turn|17\n|c| AhiruChan|smt smt we've been all alone\n|\n|t:|1699113725\n|switch|p2a: Volcarona|Volcarona, F|100\/100\n|move|p1a: Ursaluna|Calm Mind|p1a: Ursaluna\n|-boost|p1a: Ursaluna|spa|1\n|-boost|p1a: Ursaluna|spd|1\n|\n|upkeep\n|turn|18\n|\n|t:|1699113733\n|move|p2a: Volcarona|Fiery Dance|p1a: Ursaluna\n|-damage|p1a: Ursaluna|78\/100\n|-boost|p2a: Volcarona|spa|1\n|move|p1a: Ursaluna|Earth Power|p2a: Volcarona\n|-damage|p2a: Volcarona|16\/100\n|-unboost|p2a: Volcarona|spd|1\n|\n|-heal|p1a: Ursaluna|84\/100|[from] item: Leftovers\n|upkeep\n|turn|19\n|c| IncandescentCandle|>22\n|\n|t:|1699113748\n|move|p2a: Volcarona|Fiery Dance|p1a: Ursaluna\n|-damage|p1a: Ursaluna|46\/100\n|move|p1a: Ursaluna|Moonlight|p1a: Ursaluna\n|-heal|p1a: Ursaluna|96\/100\n|\n|-heal|p1a: Ursaluna|100\/100|[from] item: Leftovers\n|upkeep\n|turn|20\n|c|\u2606Moonz_e|Just don't get crit again bear\n|c|\u2606Moonz_e|You got this King\n|\n|t:|1699113775\n|move|p2a: Volcarona|Fiery Dance|p1a: Ursaluna\n|-damage|p1a: Ursaluna|63\/100\n|-boost|p2a: Volcarona|spa|1\n|move|p1a: Ursaluna|Earth Power|p2a: Volcarona\n|-damage|p2a: Volcarona|0 fnt\n|faint|p2a: Volcarona\n|\n|-heal|p1a: Ursaluna|69\/100|[from] item: Leftovers\n|upkeep\n|c| AhiruChan|freddy fazbear\n|\n|t:|1699113789\n|switch|p2a: Heracross|Heracross, F|100\/100\n|turn|21\n|j| AegiSwaggy\n|\n|t:|1699113794\n|-zpower|p2a: Heracross\n|move|p2a: Heracross|Savage Spin-Out|p1a: Ursaluna|[zeffect]\n|-resisted|p1a: Ursaluna\n|-damage|p1a: Ursaluna|45\/100\n|move|p1a: Ursaluna|Moonlight|p1a: Ursaluna\n|-heal|p1a: Ursaluna|95\/100\n|\n|-heal|p1a: Ursaluna|100\/100|[from] item: Leftovers\n|upkeep\n|turn|22\n|c| AegiSwaggy|this is what would have happened to me game 2\n|\n|t:|1699113806\n|move|p2a: Heracross|Rock Slide|p1a: Ursaluna\n|-damage|p1a: Ursaluna|86\/100\n|move|p1a: Ursaluna|Blood Moon|p2a: Heracross\n|-damage|p2a: Heracross|0 fnt\n|faint|p2a: Heracross\n|\n|-heal|p1a: Ursaluna|92\/100|[from] item: Leftovers\n|upkeep\n|\n|t:|1699113813\n|switch|p2a: Ribombee|Ribombee, F|100\/100\n|turn|23\n|c|\u2606Moonz_e|Yeah\n|\n|t:|1699113821\n|move|p2a: Ribombee|Moonblast|p1a: Ursaluna\n|-resisted|p1a: Ursaluna\n|-damage|p1a: Ursaluna|83\/100\n|move|p1a: Ursaluna|Calm Mind|p1a: Ursaluna\n|-boost|p1a: Ursaluna|spa|1\n|-boost|p1a: Ursaluna|spd|1\n|\n|-heal|p1a: Ursaluna|89\/100|[from] item: Leftovers\n|upkeep\n|turn|24\n|\n|t:|1699113831\n|move|p2a: Ribombee|Moonblast|p1a: Ursaluna\n|-resisted|p1a: Ursaluna\n|-damage|p1a: Ursaluna|81\/100\n|move|p1a: Ursaluna|Blood Moon|p2a: Ribombee\n|-damage|p2a: Ribombee|0 fnt\n|faint|p2a: Ribombee\n|\n|-heal|p1a: Ursaluna|87\/100|[from] item: Leftovers\n|upkeep\n|\n|t:|1699113833\n|switch|p2a: Scizor|Scizor, F|100\/100\n|turn|25\n|c| ArcticIzagi|didn't you have another name yesterday swaggy?\n|c| AhiruChan|he lost\n|\n|t:|1699113851\n|detailschange|p2a: Scizor|Scizor-Mega, F\n|-mega|p2a: Scizor|Scizor|Scizorite\n|move|p2a: Scizor|Trailblaze|p1a: Ursaluna\n|-resisted|p1a: Ursaluna\n|-damage|p1a: Ursaluna|78\/100\n|-boost|p2a: Scizor|spe|1\n|move|p1a: Ursaluna|Earth Power|p2a: Scizor\n|-damage|p2a: Scizor|1\/100\n|\n|-heal|p1a: Ursaluna|84\/100|[from] item: Leftovers\n|upkeep\n|turn|26\n|c| AhiruChan|so he's not a bug maniac anymore\n|\n|t:|1699113863\n|move|p2a: Scizor|Dual Wingbeat|p1a: Ursaluna\n|-damage|p1a: Ursaluna|70\/100\n|-damage|p1a: Ursaluna|56\/100\n|-hitcount|p1a: Ursaluna|2\n|move|p1a: Ursaluna|Earth Power|p2a: Scizor\n|-damage|p2a: Scizor|0 fnt\n|faint|p2a: Scizor\n|\n|win|Moonz_e\n|c| ArcticIzagi|oh yeah figures\n|c| AhiruChan|end it with blood moon!\n|c|\u2606Moonz_e|Gg\n|l|\u2606BloodPlum\n|c| AhiruChan|>:\n|c| ArcticIzagi|huge\n|l| AhiruChan\n|l| AegiSwaggy\n","uploadtime":1699113882,"views":13,"p1id":"moonze","p2id":"bloodplum","formatid":"gen9nationaldexubers","rating":0,"private":0,"password":""}