{"id":"gen9nationaldexubers-1982486096","p1":"deivide0x18","p2":"bepsi-can","format":"[Gen 9] National Dex Ubers","log":"|j|\u2606deivide0x18\n|j|\u2606bepsi-can\n|t:|1699019366\n|gametype|singles\n|player|p1|deivide0x18|cynthia-gen4|1084\n|player|p2|bepsi-can|elesa|1000\n|teamsize|p1|6\n|teamsize|p2|6\n|gen|9\n|tier|[Gen 9] National Dex Ubers\n|rated|\n|rule|HP Percentage Mod: HP is shown in percentages\n|rule|Endless Battle Clause: Forcing endless battles is banned\n|rule|OHKO Clause: OHKO moves are banned\n|rule|Evasion Moves Clause: Evasion moves are banned\n|rule|Evasion Items Clause: Evasion items are banned\n|rule|Species Clause: Limit one of each Pok\u00e9mon\n|rule|Sleep Clause Mod: Limit one foe put to sleep\n|rule|Mega Rayquaza Clause: You cannot mega evolve Rayquaza\n|clearpoke\n|poke|p1|Zacian-*|\n|poke|p1|Groudon|\n|poke|p1|Zamazenta-*|\n|poke|p1|Calyrex-Ice|\n|poke|p1|Rayquaza|\n|poke|p1|Lucario, F|\n|poke|p2|Annihilape, F|\n|poke|p2|Pelipper, F|\n|poke|p2|Tentacruel, F|\n|poke|p2|Lanturn, M|\n|poke|p2|Miltank, F|\n|poke|p2|Greninja-*, M|\n|teampreview\n|inactive|Battle timer is ON: inactive players will automatically lose when time's up. (requested by bepsi-can)\n|\n|t:|1699019370\n|start\n|switch|p1a: Groudon|Groudon, shiny|100\/100\n|switch|p2a: Costco Kyogre|Pelipper, F|100\/100\n|-weather|SunnyDay|[from] ability: Drought|[of] p1a: Groudon\n|-weather|RainDance|[from] ability: Drizzle|[of] p2a: Costco Kyogre\n|turn|1\n|\n|t:|1699019380\n|move|p1a: Groudon|Stealth Rock|p2a: Costco Kyogre\n|-sidestart|p2: bepsi-can|move: Stealth Rock\n|move|p2a: Costco Kyogre|Hydro Pump|p1a: Groudon\n|-supereffective|p1a: Groudon\n|-damage|p1a: Groudon|24\/100\n|\n|-weather|RainDance|[upkeep]\n|upkeep\n|turn|2\n|c|\u2606bepsi-can|jeez\n|\n|t:|1699019389\n|move|p1a: Groudon|Will-O-Wisp|p2a: Costco Kyogre\n|-status|p2a: Costco Kyogre|brn\n|move|p2a: Costco Kyogre|Hydro Pump|p1a: Groudon\n|-supereffective|p1a: Groudon\n|-damage|p1a: Groudon|0 fnt\n|faint|p1a: Groudon\n|\n|-weather|RainDance|[upkeep]\n|-damage|p2a: Costco Kyogre|94\/100 brn|[from] brn\n|upkeep\n|c|\u2606bepsi-can|someone clicked bst in teambuilder\n|\n|t:|1699019398\n|switch|p1a: Calyrex|Calyrex-Ice|100\/100\n|-ability|p1a: Calyrex|As One\n|-ability|p1a: Calyrex|Unnerve\n|turn|3\n|\n|t:|1699019402\n|move|p2a: Costco Kyogre|Toxic|p1a: Calyrex|[miss]\n|-miss|p2a: Costco Kyogre|p1a: Calyrex\n|move|p1a: Calyrex|Giga Drain|p2a: Costco Kyogre\n|-crit|p2a: Costco Kyogre\n|-damage|p2a: Costco Kyogre|62\/100 brn\n|\n|-weather|RainDance|[upkeep]\n|-damage|p2a: Costco Kyogre|56\/100 brn|[from] brn\n|upkeep\n|turn|4\n|\n|t:|1699019413\n|move|p2a: Costco Kyogre|Toxic|p1a: Calyrex\n|-status|p1a: Calyrex|tox\n|move|p1a: Calyrex|Giga Drain|p2a: Costco Kyogre\n|-damage|p2a: Costco Kyogre|36\/100 brn\n|\n|-weather|RainDance|[upkeep]\n|-damage|p1a: Calyrex|94\/100 tox|[from] psn\n|-damage|p2a: Costco Kyogre|30\/100 brn|[from] brn\n|upkeep\n|turn|5\n|\n|t:|1699019423\n|move|p2a: Costco Kyogre|Hydro Pump|p1a: Calyrex\n|-crit|p1a: Calyrex\n|-damage|p1a: Calyrex|36\/100 tox\n|move|p1a: Calyrex|Giga Drain|p2a: Costco Kyogre\n|-damage|p2a: Costco Kyogre|11\/100 brn\n|-heal|p1a: Calyrex|44\/100 tox|[from] drain|[of] p2a: Costco Kyogre\n|\n|-weather|RainDance|[upkeep]\n|-heal|p1a: Calyrex|50\/100 tox|[from] item: Leftovers\n|-damage|p1a: Calyrex|37\/100 tox|[from] psn\n|-damage|p2a: Costco Kyogre|5\/100 brn|[from] brn\n|upkeep\n|turn|6\n|\n|t:|1699019436\n|move|p2a: Costco Kyogre|Hydro Pump|p1a: Calyrex\n|-damage|p1a: Calyrex|1\/100 tox\n|move|p1a: Calyrex|Giga Drain|p2a: Costco Kyogre\n|-damage|p2a: Costco Kyogre|0 fnt\n|-heal|p1a: Calyrex|2\/100 tox|[from] drain|[of] p2a: Costco Kyogre\n|faint|p2a: Costco Kyogre\n|-ability|p1a: Calyrex|Chilling Neigh|boost\n|-boost|p1a: Calyrex|atk|1\n|\n|-weather|RainDance|[upkeep]\n|-heal|p1a: Calyrex|9\/100 tox|[from] item: Leftovers\n|-damage|p1a: Calyrex|0 fnt|[from] psn\n|faint|p1a: Calyrex\n|upkeep\n|inactive|deivide0x18 has 120 seconds left.\n|\n|t:|1699019468\n|switch|p2a: Gyatt!!!!|Miltank, F|100\/100\n|switch|p1a: Zamazenta|Zamazenta-Crowned|100\/100\n|-ability|p1a: Zamazenta|Dauntless Shield|boost\n|-boost|p1a: Zamazenta|def|1\n|-damage|p2a: Gyatt!!!!|88\/100|[from] Stealth Rock\n|turn|7\n|\n|t:|1699019480\n|switch|p2a: Mankey Mk II|Annihilape, F|100\/100\n|-damage|p2a: Mankey Mk II|94\/100|[from] Stealth Rock\n|move|p1a: Zamazenta|Close Combat|p2a: Mankey Mk II\n|-immune|p2a: Mankey Mk II\n|\n|-weather|RainDance|[upkeep]\n|-heal|p2a: Mankey Mk II|100\/100|[from] item: Leftovers\n|upkeep\n|turn|8\n|\n|t:|1699019488\n|move|p1a: Zamazenta|Crunch|p2a: Mankey Mk II\n|-damage|p2a: Mankey Mk II|75\/100\n|-unboost|p2a: Mankey Mk II|def|1\n|move|p2a: Mankey Mk II|Substitute|p2a: Mankey Mk II\n|-start|p2a: Mankey Mk II|Substitute\n|-damage|p2a: Mankey Mk II|50\/100\n|\n|-weather|none\n|-heal|p2a: Mankey Mk II|56\/100|[from] item: Leftovers\n|upkeep\n|turn|9\n|\n|t:|1699019498\n|move|p1a: Zamazenta|Behemoth Bash|p2a: Mankey Mk II\n|-end|p2a: Mankey Mk II|Substitute\n|move|p2a: Mankey Mk II|Bulk Up|p2a: Mankey Mk II\n|-boost|p2a: Mankey Mk II|atk|1\n|-boost|p2a: Mankey Mk II|def|1\n|\n|-heal|p2a: Mankey Mk II|62\/100|[from] item: Leftovers\n|upkeep\n|turn|10\n|inactive|bepsi-can has 120 seconds left.\n|\n|t:|1699019538\n|move|p1a: Zamazenta|Crunch|p2a: Mankey Mk II\n|-damage|p2a: Mankey Mk II|38\/100\n|-unboost|p2a: Mankey Mk II|def|1\n|move|p2a: Mankey Mk II|Bulk Up|p2a: Mankey Mk II\n|-boost|p2a: Mankey Mk II|atk|1\n|-boost|p2a: Mankey Mk II|def|1\n|\n|-heal|p2a: Mankey Mk II|44\/100|[from] item: Leftovers\n|upkeep\n|turn|11\n|inactive|bepsi-can has 120 seconds left.\n|\n|t:|1699019548\n|move|p1a: Zamazenta|Crunch|p2a: Mankey Mk II\n|-damage|p2a: Mankey Mk II|20\/100\n|move|p2a: Mankey Mk II|Bulk Up|p2a: Mankey Mk II\n|-boost|p2a: Mankey Mk II|atk|1\n|-boost|p2a: Mankey Mk II|def|1\n|\n|-heal|p2a: Mankey Mk II|26\/100|[from] item: Leftovers\n|upkeep\n|turn|12\n|\n|t:|1699019558\n|move|p1a: Zamazenta|Behemoth Bash|p2a: Mankey Mk II\n|-damage|p2a: Mankey Mk II|0 fnt\n|faint|p2a: Mankey Mk II\n|\n|upkeep\n|inactive|bepsi-can has 120 seconds left.\n|\n|t:|1699019568\n|switch|p2a: The Orb Shaker|Lanturn, M|100\/100\n|-damage|p2a: The Orb Shaker|88\/100|[from] Stealth Rock\n|turn|13\n|\n|t:|1699019576\n|move|p1a: Zamazenta|Behemoth Bash|p2a: The Orb Shaker\n|-resisted|p2a: The Orb Shaker\n|-crit|p2a: The Orb Shaker\n|-damage|p2a: The Orb Shaker|68\/100\n|move|p2a: The Orb Shaker|Thunder Wave|p1a: Zamazenta\n|-status|p1a: Zamazenta|par\n|\n|upkeep\n|turn|14\n|\n|t:|1699019585\n|cant|p1a: Zamazenta|par\n|move|p2a: The Orb Shaker|Hydro Pump|p1a: Zamazenta\n|-damage|p1a: Zamazenta|69\/100 par\n|\n|upkeep\n|turn|15\n|\n|t:|1699019592\n|move|p1a: Zamazenta|Behemoth Bash|p2a: The Orb Shaker\n|-resisted|p2a: The Orb Shaker\n|-damage|p2a: The Orb Shaker|54\/100\n|move|p2a: The Orb Shaker|Hydro Pump|p1a: Zamazenta\n|-damage|p1a: Zamazenta|35\/100 par\n|\n|upkeep\n|turn|16\n|\n|t:|1699019600\n|move|p1a: Zamazenta|Close Combat|p2a: The Orb Shaker\n|-damage|p2a: The Orb Shaker|0 fnt\n|-unboost|p1a: Zamazenta|def|1\n|-unboost|p1a: Zamazenta|spd|1\n|faint|p2a: The Orb Shaker\n|\n|upkeep\n|\n|t:|1699019605\n|switch|p2a: Edgelord|Greninja, M|100\/100\n|-damage|p2a: Edgelord|88\/100|[from] Stealth Rock\n|turn|17\n|\n|t:|1699019611\n|move|p2a: Edgelord|Surf|p1a: Zamazenta\n|-damage|p1a: Zamazenta|0 fnt\n|faint|p1a: Zamazenta\n|-ability|p2a: Edgelord|Battle Bond|boost\n|-boost|p2a: Edgelord|atk|1\n|-boost|p2a: Edgelord|spa|1\n|-boost|p2a: Edgelord|spe|1\n|-activate|p2a: Edgelord|ability: Battle Bond\n|-damage|p2a: Edgelord|78\/100|[from] item: Life Orb\n|\n|upkeep\n|\n|t:|1699019622\n|switch|p1a: Lucario|Lucario, F|100\/100\n|turn|18\n|inactive|bepsi-can has 120 seconds left.\n|\n|t:|1699019669\n|detailschange|p1a: Lucario|Lucario-Mega, F\n|-mega|p1a: Lucario|Lucario|Lucarionite\n|move|p2a: Edgelord|Surf|p1a: Lucario\n|-damage|p1a: Lucario|0 fnt\n|faint|p1a: Lucario\n|-damage|p2a: Edgelord|69\/100|[from] item: Life Orb\n|\n|upkeep\n|\n|t:|1699019677\n|switch|p1a: Rayquaza|Rayquaza|100\/100\n|-ability|p1a: Rayquaza|Air Lock\n|turn|19\n|c|\u2606bepsi-can|sorry for the delay im doing my history work rn\n|\n|t:|1699019686\n|move|p2a: Edgelord|Dark Pulse|p1a: Rayquaza\n|-damage|p1a: Rayquaza|28\/100\n|-damage|p2a: Edgelord|59\/100|[from] item: Life Orb\n|move|p1a: Rayquaza|Dragon Ascent|p2a: Edgelord\n|-damage|p2a: Edgelord|0 fnt\n|-unboost|p1a: Rayquaza|def|1\n|-unboost|p1a: Rayquaza|spd|1\n|faint|p2a: Edgelord\n|\n|upkeep\n|\n|t:|1699019696\n|switch|p2a: Sleeper Pick|Tentacruel, F|100\/100\n|-damage|p2a: Sleeper Pick|88\/100|[from] Stealth Rock\n|turn|20\n|inactive|bepsi-can has 120 seconds left.\n|\n|t:|1699019713\n|move|p1a: Rayquaza|Earthquake|p2a: Sleeper Pick\n|-supereffective|p2a: Sleeper Pick\n|-damage|p2a: Sleeper Pick|0 fnt\n|faint|p2a: Sleeper Pick\n|\n|upkeep\n|\n|t:|1699019716\n|switch|p2a: Gyatt!!!!|Miltank, F|88\/100\n|-damage|p2a: Gyatt!!!!|76\/100|[from] Stealth Rock\n|turn|21\n|\n|t:|1699019729\n|move|p1a: Rayquaza|Dragon Ascent|p2a: Gyatt!!!!\n|-damage|p2a: Gyatt!!!!|25\/100\n|-unboost|p1a: Rayquaza|def|1\n|-unboost|p1a: Rayquaza|spd|1\n|move|p2a: Gyatt!!!!|Milk Drink|p2a: Gyatt!!!!\n|-heal|p2a: Gyatt!!!!|75\/100\n|\n|-heal|p2a: Gyatt!!!!|81\/100|[from] item: Leftovers\n|upkeep\n|turn|22\n|\n|t:|1699019740\n|move|p1a: Rayquaza|Dragon Ascent|p2a: Gyatt!!!!\n|-damage|p2a: Gyatt!!!!|36\/100\n|-unboost|p1a: Rayquaza|def|1\n|-unboost|p1a: Rayquaza|spd|1\n|move|p2a: Gyatt!!!!|Milk Drink|p2a: Gyatt!!!!\n|-heal|p2a: Gyatt!!!!|86\/100\n|\n|-heal|p2a: Gyatt!!!!|92\/100|[from] item: Leftovers\n|upkeep\n|turn|23\n|\n|t:|1699019748\n|move|p1a: Rayquaza|Dragon Ascent|p2a: Gyatt!!!!\n|-damage|p2a: Gyatt!!!!|42\/100\n|-unboost|p1a: Rayquaza|def|1\n|-unboost|p1a: Rayquaza|spd|1\n|move|p2a: Gyatt!!!!|Body Slam|p1a: Rayquaza\n|-damage|p1a: Rayquaza|0 fnt\n|faint|p1a: Rayquaza\n|\n|-heal|p2a: Gyatt!!!!|48\/100|[from] item: Leftovers\n|upkeep\n|\n|t:|1699019752\n|switch|p1a: Zacian|Zacian-Crowned, shiny|100\/100\n|-ability|p1a: Zacian|Intrepid Sword|boost\n|-boost|p1a: Zacian|atk|1\n|turn|24\n|\n|t:|1699019760\n|move|p1a: Zacian|Close Combat|p2a: Gyatt!!!!\n|-supereffective|p2a: Gyatt!!!!\n|-damage|p2a: Gyatt!!!!|0 fnt\n|-unboost|p1a: Zacian|def|1\n|-unboost|p1a: Zacian|spd|1\n|faint|p2a: Gyatt!!!!\n|\n|win|deivide0x18\n|raw|deivide0x18's rating: 1084 &rarr; <strong>1105<\/strong><br \/>(+21 for winning)\n|raw|bepsi-can's rating: 1000 &rarr; <strong>1000<\/strong><br \/>(+0 for losing)\n|c|\u2606bepsi-can|wp!\n|l|\u2606deivide0x18\n|j| femurdeeznuts\n|l| femurdeeznuts\n","uploadtime":1699019777,"views":8,"p1id":"deivide0x18","p2id":"bepsican","formatid":"gen9nationaldexubers","rating":1000,"private":0,"password":""}