{"id":"gen9nationaldexubers-1996219260","p1":"Muhammad siam","p2":"puddingss","format":"[Gen 9] National Dex Ubers","log":"|j|\u2606Muhammad siam\n|j|\u2606puddingss\n|t:|1700660587\n|gametype|singles\n|player|p1|Muhammad siam|blue|1666\n|player|p2|puddingss|steven|1562\n|teamsize|p1|6\n|teamsize|p2|6\n|gen|9\n|tier|[Gen 9] National Dex Ubers\n|rated|\n|rule|HP Percentage Mod: HP is shown in percentages\n|rule|Endless Battle Clause: Forcing endless battles is banned\n|rule|OHKO Clause: OHKO moves are banned\n|rule|Evasion Moves Clause: Evasion moves are banned\n|rule|Evasion Items Clause: Evasion items are banned\n|rule|Species Clause: Limit one of each Pok\u00e9mon\n|rule|Sleep Clause Mod: Limit one foe put to sleep\n|rule|Mega Rayquaza Clause: You cannot mega evolve Rayquaza\n|clearpoke\n|poke|p1|Zygarde|\n|poke|p1|Kyogre|\n|poke|p1|Necrozma-Dusk-Mane|\n|poke|p1|Arceus|\n|poke|p1|Yveltal|\n|poke|p1|Calyrex-Ice|\n|poke|p2|Chansey, F|\n|poke|p2|Dondozo, M|\n|poke|p2|Ho-Oh|\n|poke|p2|Giratina|\n|poke|p2|Eternatus|\n|poke|p2|Arceus-Dark|\n|teampreview\n|inactive|Battle timer is ON: inactive players will automatically lose when time's up. (requested by puddingss)\n|\n|t:|1700660594\n|start\n|switch|p1a: Arceus|Arceus, shiny|100\/100\n|switch|p2a: Daemonium Draconis|Eternatus|100\/100\n|-ability|p2a: Daemonium Draconis|Pressure\n|turn|1\n|\n|t:|1700660598\n|move|p2a: Daemonium Draconis|Toxic|p1a: Arceus\n|-status|p1a: Arceus|tox\n|move|p1a: Arceus|Taunt|p2a: Daemonium Draconis\n|-start|p2a: Daemonium Draconis|move: Taunt\n|\n|-damage|p1a: Arceus|94\/100 tox|[from] psn\n|upkeep\n|turn|2\n|\n|t:|1700660606\n|switch|p2a: Custos Templi|Giratina|100\/100\n|-ability|p2a: Custos Templi|Pressure\n|switch|p1a: Calyrex|Calyrex-Ice|100\/100\n|-ability|p1a: Calyrex|As One\n|-ability|p1a: Calyrex|Unnerve\n|\n|upkeep\n|turn|3\n|\n|t:|1700660616\n|switch|p2a: Cete Titanic|Dondozo, M|100\/100\n|move|p1a: Calyrex|Aromatherapy|p1a: Calyrex\n|-activate|p1a: Calyrex|move: Aromatherapy\n|-curestatus|p1: Arceus|tox|[msg]\n|\n|upkeep\n|turn|4\n|\n|t:|1700660624\n|switch|p1a: Kyogre|Kyogre, shiny|100\/100\n|detailschange|p1a: Kyogre|Kyogre-Primal, shiny\n|-primal|p1a: Kyogre|Blue Orb\n|-weather|PrimordialSea|[from] ability: Primordial Sea|[of] p1a: Kyogre\n|move|p2a: Cete Titanic|Curse|p2a: Cete Titanic\n|-unboost|p2a: Cete Titanic|spe|1\n|-boost|p2a: Cete Titanic|atk|1\n|-boost|p2a: Cete Titanic|def|1\n|\n|-weather|PrimordialSea|[upkeep]\n|upkeep\n|turn|5\n|\n|t:|1700660629\n|switch|p2a: Magnum Ovum|Chansey, F|100\/100\n|move|p1a: Kyogre|Scald|p2a: Magnum Ovum\n|-damage|p2a: Magnum Ovum|78\/100\n|\n|-weather|PrimordialSea|[upkeep]\n|upkeep\n|turn|6\n|\n|t:|1700660636\n|-weather|none\n|switch|p1a: Necrozma|Necrozma-Dusk-Mane, shiny|100\/100\n|move|p2a: Magnum Ovum|Seismic Toss|p1a: Necrozma\n|-damage|p1a: Necrozma|75\/100\n|\n|upkeep\n|turn|7\n|\n|t:|1700660641\n|switch|p2a: Custos Templi|Giratina|100\/100\n|-ability|p2a: Custos Templi|Pressure\n|move|p1a: Necrozma|Photon Geyser|p2a: Custos Templi\n|-damage|p2a: Custos Templi|73\/100\n|\n|-heal|p2a: Custos Templi|79\/100|[from] item: Leftovers\n|upkeep\n|turn|8\n|\n|t:|1700660649\n|move|p1a: Necrozma|Photon Geyser|p2a: Custos Templi\n|-damage|p2a: Custos Templi|48\/100\n|move|p2a: Custos Templi|Dragon Tail|p1a: Necrozma\n|-resisted|p1a: Necrozma\n|-damage|p1a: Necrozma|69\/100\n|drag|p1a: Yveltal|Yveltal, shiny|100\/100\n|-ability|p1a: Yveltal|Dark Aura\n|\n|-heal|p2a: Custos Templi|54\/100|[from] item: Leftovers\n|upkeep\n|turn|9\n|\n|t:|1700660658\n|switch|p2a: Daemonium Draconis|Eternatus|100\/100\n|-ability|p2a: Daemonium Draconis|Pressure\n|move|p1a: Yveltal|Dark Pulse|p2a: Daemonium Draconis\n|-damage|p2a: Daemonium Draconis|56\/100\n|\n|-heal|p2a: Daemonium Draconis|62\/100|[from] item: Leftovers\n|upkeep\n|turn|10\n|\n|t:|1700660664\n|move|p2a: Daemonium Draconis|Toxic|p1a: Yveltal\n|-status|p1a: Yveltal|tox\n|-zpower|p1a: Yveltal\n|move|p1a: Yveltal|Supersonic Skystrike|p2a: Daemonium Draconis|[zeffect]\n|-crit|p2a: Daemonium Draconis\n|-damage|p2a: Daemonium Draconis|0 fnt\n|faint|p2a: Daemonium Draconis\n|\n|-damage|p1a: Yveltal|94\/100 tox|[from] psn\n|upkeep\n|\n|t:|1700660670\n|switch|p2a: Sacra Avis|Ho-Oh|100\/100\n|turn|11\n|\n|t:|1700660674\n|switch|p1a: Kyogre|Kyogre-Primal, shiny|100\/100\n|-weather|PrimordialSea|[from] ability: Primordial Sea|[of] p1a: Kyogre\n|move|p2a: Sacra Avis|Sacred Fire||[still]\n|-fail|p2a: Sacra Avis|Sacred Fire|[from] Primordial Sea\n|\n|-weather|PrimordialSea|[upkeep]\n|upkeep\n|turn|12\n|\n|t:|1700660680\n|switch|p2a: Magnum Ovum|Chansey, F|78\/100\n|move|p1a: Kyogre|Scald|p2a: Magnum Ovum\n|-damage|p2a: Magnum Ovum|55\/100\n|\n|-weather|PrimordialSea|[upkeep]\n|upkeep\n|turn|13\n|\n|t:|1700660687\n|-weather|none\n|switch|p1a: Calyrex|Calyrex-Ice|100\/100\n|-ability|p1a: Calyrex|As One\n|-ability|p1a: Calyrex|Unnerve\n|move|p2a: Magnum Ovum|Soft-Boiled|p2a: Magnum Ovum\n|-heal|p2a: Magnum Ovum|100\/100\n|\n|upkeep\n|turn|14\n|\n|t:|1700660692\n|switch|p2a: Cete Titanic|Dondozo, M|100\/100\n|move|p1a: Calyrex|Aromatherapy|p1a: Calyrex\n|-activate|p1a: Calyrex|move: Aromatherapy\n|-curestatus|p1: Yveltal|tox|[msg]\n|\n|upkeep\n|turn|15\n|\n|t:|1700660699\n|switch|p1a: Kyogre|Kyogre-Primal, shiny|100\/100\n|-weather|PrimordialSea|[from] ability: Primordial Sea|[of] p1a: Kyogre\n|move|p2a: Cete Titanic|Body Press|p1a: Kyogre\n|-damage|p1a: Kyogre|75\/100\n|\n|-weather|PrimordialSea|[upkeep]\n|upkeep\n|turn|16\n|\n|t:|1700660703\n|switch|p2a: Magnum Ovum|Chansey, F|100\/100\n|move|p1a: Kyogre|Scald|p2a: Magnum Ovum\n|-damage|p2a: Magnum Ovum|77\/100\n|\n|-weather|PrimordialSea|[upkeep]\n|upkeep\n|turn|17\n|\n|t:|1700660709\n|switch|p2a: Satis Rosea|Arceus-Dark|100\/100\n|move|p1a: Kyogre|Thunder|p2a: Satis Rosea\n|-damage|p2a: Satis Rosea|63\/100\n|\n|-weather|PrimordialSea|[upkeep]\n|upkeep\n|turn|18\n|\n|t:|1700660713\n|switch|p2a: Magnum Ovum|Chansey, F|77\/100\n|move|p1a: Kyogre|Scald|p2a: Magnum Ovum\n|-damage|p2a: Magnum Ovum|57\/100\n|\n|-weather|PrimordialSea|[upkeep]\n|upkeep\n|turn|19\n|\n|t:|1700660717\n|move|p1a: Kyogre|Scald|p2a: Magnum Ovum\n|-damage|p2a: Magnum Ovum|33\/100\n|move|p2a: Magnum Ovum|Soft-Boiled|p2a: Magnum Ovum\n|-heal|p2a: Magnum Ovum|83\/100\n|\n|-weather|PrimordialSea|[upkeep]\n|upkeep\n|turn|20\n|\n|t:|1700660725\n|-weather|none\n|switch|p1a: Calyrex|Calyrex-Ice|100\/100\n|-ability|p1a: Calyrex|As One\n|-ability|p1a: Calyrex|Unnerve\n|move|p2a: Magnum Ovum|Seismic Toss|p1a: Calyrex\n|-damage|p1a: Calyrex|76\/100\n|\n|upkeep\n|turn|21\n|\n|t:|1700660732\n|switch|p2a: Cete Titanic|Dondozo, M|100\/100\n|move|p1a: Calyrex|Glacial Lance|p2a: Cete Titanic\n|-resisted|p2a: Cete Titanic\n|-damage|p2a: Cete Titanic|81\/100\n|\n|-heal|p2a: Cete Titanic|87\/100|[from] item: Leftovers\n|upkeep\n|turn|22\n|\n|t:|1700660745\n|switch|p1a: Arceus|Arceus, shiny|94\/100\n|move|p2a: Cete Titanic|Body Press|p1a: Arceus\n|-supereffective|p1a: Arceus\n|-damage|p1a: Arceus|57\/100\n|\n|-heal|p1a: Arceus|63\/100|[from] item: Leftovers\n|-heal|p2a: Cete Titanic|93\/100|[from] item: Leftovers\n|upkeep\n|turn|23\n|\n|t:|1700660752\n|switch|p2a: Satis Rosea|Arceus-Dark|63\/100\n|move|p1a: Arceus|Taunt|p2a: Satis Rosea\n|-start|p2a: Satis Rosea|move: Taunt\n|\n|-heal|p1a: Arceus|69\/100|[from] item: Leftovers\n|upkeep\n|turn|24\n|\n|t:|1700660756\n|switch|p2a: Sacra Avis|Ho-Oh|100\/100\n|move|p1a: Arceus|Swords Dance|p1a: Arceus\n|-boost|p1a: Arceus|atk|2\n|\n|-heal|p1a: Arceus|75\/100|[from] item: Leftovers\n|upkeep\n|turn|25\n|\n|t:|1700660763\n|switch|p2a: Custos Templi|Giratina|54\/100\n|-ability|p2a: Custos Templi|Pressure\n|move|p1a: Arceus|Taunt|p2a: Custos Templi\n|-start|p2a: Custos Templi|move: Taunt\n|\n|-heal|p1a: Arceus|81\/100|[from] item: Leftovers\n|-heal|p2a: Custos Templi|60\/100|[from] item: Leftovers\n|upkeep\n|turn|26\n|\n|t:|1700660767\n|move|p1a: Arceus|Shadow Claw|p2a: Custos Templi\n|-supereffective|p2a: Custos Templi\n|-damage|p2a: Custos Templi|17\/100\n|move|p2a: Custos Templi|Dragon Tail|p1a: Arceus\n|-damage|p1a: Arceus|68\/100\n|drag|p1a: Calyrex|Calyrex-Ice|76\/100\n|-ability|p1a: Calyrex|As One\n|-ability|p1a: Calyrex|Unnerve\n|\n|-heal|p2a: Custos Templi|23\/100|[from] item: Leftovers\n|upkeep\n|turn|27\n|\n|t:|1700660776\n|move|p1a: Calyrex|Glacial Lance|p2a: Custos Templi\n|-supereffective|p2a: Custos Templi\n|-damage|p2a: Custos Templi|0 fnt\n|faint|p2a: Custos Templi\n|-ability|p1a: Calyrex|Chilling Neigh|boost\n|-boost|p1a: Calyrex|atk|1\n|\n|upkeep\n|\n|t:|1700660778\n|switch|p2a: Cete Titanic|Dondozo, M|93\/100\n|turn|28\n|\n|t:|1700660785\n|switch|p1a: Kyogre|Kyogre-Primal, shiny|75\/100\n|-weather|PrimordialSea|[from] ability: Primordial Sea|[of] p1a: Kyogre\n|move|p2a: Cete Titanic|Body Press|p1a: Kyogre\n|-damage|p1a: Kyogre|48\/100\n|\n|-weather|PrimordialSea|[upkeep]\n|-heal|p2a: Cete Titanic|99\/100|[from] item: Leftovers\n|upkeep\n|turn|29\n|\n|t:|1700660790\n|switch|p2a: Magnum Ovum|Chansey, F|83\/100\n|move|p1a: Kyogre|Scald|p2a: Magnum Ovum\n|-damage|p2a: Magnum Ovum|62\/100\n|-status|p2a: Magnum Ovum|brn\n|\n|-weather|PrimordialSea|[upkeep]\n|-damage|p2a: Magnum Ovum|56\/100 brn|[from] brn\n|upkeep\n|turn|30\n|\n|t:|1700660794\n|move|p1a: Kyogre|Scald|p2a: Magnum Ovum\n|-damage|p2a: Magnum Ovum|33\/100 brn\n|move|p2a: Magnum Ovum|Seismic Toss|p1a: Kyogre\n|-damage|p1a: Kyogre|23\/100\n|\n|-weather|PrimordialSea|[upkeep]\n|-damage|p2a: Magnum Ovum|27\/100 brn|[from] brn\n|upkeep\n|turn|31\n|\n|t:|1700660801\n|move|p1a: Kyogre|Scald|p2a: Magnum Ovum\n|-damage|p2a: Magnum Ovum|5\/100 brn\n|move|p2a: Magnum Ovum|Soft-Boiled|p2a: Magnum Ovum\n|-heal|p2a: Magnum Ovum|55\/100 brn\n|\n|-weather|PrimordialSea|[upkeep]\n|-damage|p2a: Magnum Ovum|49\/100 brn|[from] brn\n|upkeep\n|turn|32\n|\n|t:|1700660807\n|move|p1a: Kyogre|Scald|p2a: Magnum Ovum\n|-damage|p2a: Magnum Ovum|26\/100 brn\n|move|p2a: Magnum Ovum|Soft-Boiled|p2a: Magnum Ovum\n|-heal|p2a: Magnum Ovum|76\/100 brn\n|\n|-weather|PrimordialSea|[upkeep]\n|-damage|p2a: Magnum Ovum|70\/100 brn|[from] brn\n|upkeep\n|turn|33\n|\n|t:|1700660814\n|move|p1a: Kyogre|Scald|p2a: Magnum Ovum\n|-damage|p2a: Magnum Ovum|48\/100 brn\n|move|p2a: Magnum Ovum|Confide|p1a: Kyogre\n|-unboost|p1a: Kyogre|spa|1\n|\n|-weather|PrimordialSea|[upkeep]\n|-damage|p2a: Magnum Ovum|42\/100 brn|[from] brn\n|upkeep\n|turn|34\n|\n|t:|1700660824\n|-weather|none\n|switch|p1a: Necrozma|Necrozma-Dusk-Mane, shiny|69\/100\n|move|p2a: Magnum Ovum|Soft-Boiled|p2a: Magnum Ovum\n|-heal|p2a: Magnum Ovum|92\/100 brn\n|\n|-damage|p2a: Magnum Ovum|86\/100 brn|[from] brn\n|upkeep\n|turn|35\n|\n|t:|1700660827\n|move|p1a: Necrozma|Photon Geyser|p2a: Magnum Ovum\n|-damage|p2a: Magnum Ovum|31\/100 brn\n|move|p2a: Magnum Ovum|Seismic Toss|p1a: Necrozma\n|-damage|p1a: Necrozma|43\/100\n|\n|-damage|p2a: Magnum Ovum|25\/100 brn|[from] brn\n|upkeep\n|turn|36\n|\n|t:|1700660833\n|-curestatus|p2a: Magnum Ovum|brn|[from] ability: Natural Cure\n|switch|p2a: Sacra Avis|Ho-Oh|100\/100\n|move|p1a: Necrozma|Sunsteel Strike|p2a: Sacra Avis\n|-resisted|p2a: Sacra Avis\n|-damage|p2a: Sacra Avis|79\/100\n|\n|upkeep\n|turn|37\n|\n|t:|1700660853\n|move|p2a: Sacra Avis|Brave Bird|p1a: Necrozma\n|-resisted|p1a: Necrozma\n|-damage|p1a: Necrozma|26\/100\n|-damage|p2a: Sacra Avis|73\/100|[from] Recoil\n|move|p1a: Necrozma|Photon Geyser|p2a: Sacra Avis\n|-damage|p2a: Sacra Avis|30\/100\n|\n|upkeep\n|turn|38\n|\n|t:|1700660860\n|move|p2a: Sacra Avis|Sacred Fire|p1a: Necrozma\n|-supereffective|p1a: Necrozma\n|-damage|p1a: Necrozma|0 fnt\n|faint|p1a: Necrozma\n|\n|upkeep\n|\n|t:|1700660869\n|switch|p1a: Kyogre|Kyogre-Primal, shiny|23\/100\n|-weather|PrimordialSea|[from] ability: Primordial Sea|[of] p1a: Kyogre\n|turn|39\n|\n|t:|1700660875\n|move|p1a: Kyogre|Scald|p2a: Sacra Avis\n|-supereffective|p2a: Sacra Avis\n|-damage|p2a: Sacra Avis|0 fnt\n|faint|p2a: Sacra Avis\n|\n|-weather|PrimordialSea|[upkeep]\n|upkeep\n|\n|t:|1700660878\n|switch|p2a: Magnum Ovum|Chansey, F|25\/100\n|turn|40\n|\n|t:|1700660881\n|move|p1a: Kyogre|Scald|p2a: Magnum Ovum\n|-damage|p2a: Magnum Ovum|4\/100\n|move|p2a: Magnum Ovum|Soft-Boiled|p2a: Magnum Ovum\n|-heal|p2a: Magnum Ovum|54\/100\n|\n|-weather|PrimordialSea|[upkeep]\n|upkeep\n|turn|41\n|\n|t:|1700660890\n|move|p1a: Kyogre|Scald|p2a: Magnum Ovum\n|-damage|p2a: Magnum Ovum|31\/100\n|-status|p2a: Magnum Ovum|brn\n|move|p2a: Magnum Ovum|Soft-Boiled|p2a: Magnum Ovum\n|-heal|p2a: Magnum Ovum|81\/100 brn\n|\n|-weather|PrimordialSea|[upkeep]\n|-damage|p2a: Magnum Ovum|75\/100 brn|[from] brn\n|upkeep\n|turn|42\n|\n|t:|1700660900\n|move|p1a: Kyogre|Scald|p2a: Magnum Ovum\n|-damage|p2a: Magnum Ovum|55\/100 brn\n|move|p2a: Magnum Ovum|Seismic Toss|p1a: Kyogre\n|-damage|p1a: Kyogre|0 fnt\n|faint|p1a: Kyogre\n|-weather|none\n|\n|-damage|p2a: Magnum Ovum|49\/100 brn|[from] brn\n|upkeep\n|\n|t:|1700660911\n|switch|p1a: Arceus|Arceus, shiny|68\/100\n|turn|43\n|\n|t:|1700660918\n|-curestatus|p2a: Magnum Ovum|brn|[from] ability: Natural Cure\n|switch|p2a: Cete Titanic|Dondozo, M|99\/100\n|move|p1a: Arceus|Taunt|p2a: Cete Titanic\n|-start|p2a: Cete Titanic|move: Taunt\n|\n|-heal|p1a: Arceus|74\/100|[from] item: Leftovers\n|-heal|p2a: Cete Titanic|100\/100|[from] item: Leftovers\n|upkeep\n|turn|44\n|\n|t:|1700660925\n|switch|p1a: Yveltal|Yveltal, shiny|94\/100\n|-ability|p1a: Yveltal|Dark Aura\n|move|p2a: Cete Titanic|Body Press|p1a: Yveltal\n|-damage|p1a: Yveltal|67\/100\n|\n|upkeep\n|turn|45\n|\n|t:|1700660942\n|switch|p2a: Magnum Ovum|Chansey, F|49\/100\n|move|p1a: Yveltal|Oblivion Wing|p2a: Magnum Ovum\n|-damage|p2a: Magnum Ovum|39\/100\n|-heal|p1a: Yveltal|79\/100|[from] drain|[of] p2a: Magnum Ovum\n|\n|upkeep\n|turn|46\n|\n|t:|1700660953\n|move|p1a: Yveltal|Dark Pulse|p2a: Magnum Ovum\n|-damage|p2a: Magnum Ovum|25\/100\n|cant|p2a: Magnum Ovum|flinch\n|\n|upkeep\n|turn|47\n|\n|t:|1700660967\n|move|p1a: Yveltal|Dark Pulse|p2a: Magnum Ovum\n|-damage|p2a: Magnum Ovum|11\/100\n|move|p2a: Magnum Ovum|Soft-Boiled|p2a: Magnum Ovum\n|-heal|p2a: Magnum Ovum|61\/100\n|\n|upkeep\n|turn|48\n|\n|t:|1700660976\n|switch|p1a: Calyrex|Calyrex-Ice|76\/100\n|-ability|p1a: Calyrex|As One\n|-ability|p1a: Calyrex|Unnerve\n|move|p2a: Magnum Ovum|Seismic Toss|p1a: Calyrex\n|-damage|p1a: Calyrex|51\/100\n|\n|upkeep\n|turn|49\n|-message|puddingss forfeited.\n|\n|win|Muhammad siam\n|raw|Muhammad siam's rating: 1666 &rarr; <strong>1680<\/strong><br \/>(+14 for winning)\n|raw|puddingss's rating: 1562 &rarr; <strong>1548<\/strong><br \/>(-14 for losing)\n|l|\u2606puddingss\n|l|\u2606Muhammad siam\n","uploadtime":1700661054,"views":0,"p1id":"muhammadsiam","p2id":"puddingss","formatid":"gen9nationaldexubers","rating":1548,"private":0,"password":""}