{"id":"gen9nationaldexubers-1981849024","p1":"Can i have win","p2":"Godz_Bahamut","format":"[Gen 9] National Dex Ubers","log":"|j|\u2606Can i have win\n|j|\u2606Godz_Bahamut\n|t:|1698946239\n|gametype|singles\n|player|p1|Can i have win|schoolkid-gen4|1314\n|player|p2|Godz_Bahamut|clair|1309\n|teamsize|p1|6\n|teamsize|p2|6\n|gen|9\n|tier|[Gen 9] National Dex Ubers\n|rated|\n|rule|HP Percentage Mod: HP is shown in percentages\n|rule|Endless Battle Clause: Forcing endless battles is banned\n|rule|OHKO Clause: OHKO moves are banned\n|rule|Evasion Moves Clause: Evasion moves are banned\n|rule|Evasion Items Clause: Evasion items are banned\n|rule|Species Clause: Limit one of each Pok\u00e9mon\n|rule|Sleep Clause Mod: Limit one foe put to sleep\n|rule|Mega Rayquaza Clause: You cannot mega evolve Rayquaza\n|clearpoke\n|poke|p1|Porygon2|\n|poke|p1|Necrozma-Dusk-Mane|\n|poke|p1|Cinderace, M|\n|poke|p1|Calyrex-Ice|\n|poke|p1|Melmetal|\n|poke|p1|Dracovish|\n|poke|p2|Tyranitar, F|\n|poke|p2|Gastrodon-East, M|\n|poke|p2|Dragapult, F|\n|poke|p2|Clefable, F|\n|poke|p2|Volcarona, F|\n|poke|p2|Corviknight, F|\n|teampreview\n|inactive|Battle timer is ON: inactive players will automatically lose when time's up. (requested by Can i have win)\n|\n|t:|1698946256\n|start\n|switch|p1a: Calyrex|Calyrex-Ice|100\/100\n|switch|p2a: Dragapult|Dragapult, F|100\/100\n|-ability|p1a: Calyrex|As One\n|-ability|p1a: Calyrex|Unnerve\n|turn|1\n|\n|t:|1698946271\n|move|p2a: Dragapult|U-turn|p1a: Calyrex\n|-supereffective|p1a: Calyrex\n|-damage|p1a: Calyrex|59\/100\n|-enditem|p1a: Calyrex|Weakness Policy\n|-boost|p1a: Calyrex|atk|2|[from] item: Weakness Policy\n|-boost|p1a: Calyrex|spa|2|[from] item: Weakness Policy\n|\n|t:|1698946285\n|switch|p2a: Volcarona|Volcarona, F|100\/100|[from] U-turn\n|move|p1a: Calyrex|Trick Room|p1a: Calyrex\n|-fieldstart|move: Trick Room|[of] p1a: Calyrex\n|\n|upkeep\n|turn|2\n|\n|t:|1698946302\n|move|p1a: Calyrex|Glacial Lance|p2a: Volcarona\n|-resisted|p2a: Volcarona\n|-damage|p2a: Volcarona|12\/100\n|move|p2a: Volcarona|Fiery Dance|p1a: Calyrex\n|-supereffective|p1a: Calyrex\n|-damage|p1a: Calyrex|10\/100\n|\n|upkeep\n|turn|3\n|\n|t:|1698946311\n|move|p1a: Calyrex|Glacial Lance|p2a: Volcarona\n|-resisted|p2a: Volcarona\n|-damage|p2a: Volcarona|0 fnt\n|faint|p2a: Volcarona\n|-ability|p1a: Calyrex|Chilling Neigh|boost\n|-boost|p1a: Calyrex|atk|1\n|\n|upkeep\n|\n|t:|1698946320\n|switch|p2a: Dragapult|Dragapult, F|100\/100\n|turn|4\n|\n|t:|1698946324\n|move|p2a: Dragapult|Sucker Punch|p1a: Calyrex\n|-supereffective|p1a: Calyrex\n|-damage|p1a: Calyrex|0 fnt\n|faint|p1a: Calyrex\n|\n|upkeep\n|\n|t:|1698946333\n|switch|p1a: Dracovish|Dracovish|100\/100\n|turn|5\n|\n|t:|1698946336\n|switch|p2a: Gastrodon|Gastrodon-East, M|100\/100\n|move|p1a: Dracovish|Fishious Rend|p2a: Gastrodon\n|-ability|p2a: Gastrodon|Storm Drain|boost\n|-boost|p2a: Gastrodon|spa|1\n|\n|-fieldend|move: Trick Room\n|upkeep\n|turn|6\n|\n|t:|1698946345\n|switch|p1a: Porygon2|Porygon2|100\/100\n|-ability|p1a: Porygon2|Storm Drain|[from] ability: Trace|[of] p2a: Gastrodon\n|move|p2a: Gastrodon|Yawn|p1a: Porygon2\n|-start|p1a: Porygon2|move: Yawn|[of] p2a: Gastrodon\n|\n|upkeep\n|turn|7\n|\n|t:|1698946353\n|switch|p1a: Melmetal|Melmetal|100\/100\n|move|p2a: Gastrodon|Earth Power|p1a: Melmetal\n|-supereffective|p1a: Melmetal\n|-damage|p1a: Melmetal|9\/100\n|\n|upkeep\n|turn|8\n|\n|t:|1698946360\n|switch|p1a: Porygon2|Porygon2|100\/100\n|-ability|p1a: Porygon2|Storm Drain|[from] ability: Trace|[of] p2a: Gastrodon\n|move|p2a: Gastrodon|Scald|p1a: Porygon2\n|-ability|p1a: Porygon2|Storm Drain|boost\n|-boost|p1a: Porygon2|spa|1\n|\n|upkeep\n|turn|9\n|\n|t:|1698946368\n|move|p1a: Porygon2|Magic Coat|p1a: Porygon2\n|-singleturn|p1a: Porygon2|move: Magic Coat\n|move|p2a: Gastrodon|Yawn|p1a: Porygon2\n|move|p1a: Porygon2|Yawn|p2a: Gastrodon|[from]Magic Coat\n|-start|p2a: Gastrodon|move: Yawn|[of] p1a: Porygon2\n|\n|upkeep\n|turn|10\n|\n|t:|1698946378\n|switch|p2a: Corviknight|Corviknight, F|100\/100\n|-ability|p2a: Corviknight|Pressure\n|move|p1a: Porygon2|Magic Coat|p1a: Porygon2\n|-singleturn|p1a: Porygon2|move: Magic Coat\n|\n|upkeep\n|turn|11\n|\n|t:|1698946386\n|move|p2a: Corviknight|Body Press|p1a: Porygon2\n|-supereffective|p1a: Porygon2\n|-damage|p1a: Porygon2|66\/100\n|move|p1a: Porygon2|Trick Room|p1a: Porygon2\n|-fieldstart|move: Trick Room|[of] p1a: Porygon2\n|\n|upkeep\n|turn|12\n|\n|t:|1698946395\n|move|p2a: Corviknight|Body Press|p1a: Porygon2\n|-supereffective|p1a: Porygon2\n|-damage|p1a: Porygon2|34\/100\n|move|p1a: Porygon2|Teleport|p1a: Porygon2\n|\n|t:|1698946402\n|switch|p1a: Cinderace|Cinderace, M|100\/100|[from] Teleport\n|\n|upkeep\n|turn|13\n|\n|t:|1698946410\n|switch|p2a: Tyranitar|Tyranitar, F|100\/100\n|-weather|Sandstorm|[from] ability: Sand Stream|[of] p2a: Tyranitar\n|move|p1a: Cinderace|Pyro Ball|p2a: Tyranitar\n|-resisted|p2a: Tyranitar\n|-damage|p2a: Tyranitar|80\/100\n|-status|p2a: Tyranitar|brn\n|\n|-weather|Sandstorm|[upkeep]\n|-damage|p1a: Cinderace|94\/100|[from] Sandstorm\n|-damage|p2a: Tyranitar|74\/100 brn|[from] brn\n|upkeep\n|turn|14\n|\n|t:|1698946423\n|detailschange|p2a: Tyranitar|Tyranitar-Mega, F\n|-mega|p2a: Tyranitar|Tyranitar|Tyranitarite\n|move|p1a: Cinderace|Bulk Up|p1a: Cinderace\n|-start|p1a: Cinderace|typechange|Fighting|[from] ability: Libero\n|-boost|p1a: Cinderace|atk|1\n|-boost|p1a: Cinderace|def|1\n|move|p2a: Tyranitar|Earthquake|p1a: Cinderace\n|-damage|p1a: Cinderace|78\/100\n|\n|-weather|Sandstorm|[upkeep]\n|-damage|p1a: Cinderace|72\/100|[from] Sandstorm\n|-damage|p2a: Tyranitar|67\/100 brn|[from] brn\n|upkeep\n|turn|15\n|\n|t:|1698946442\n|move|p1a: Cinderace|Bulk Up|p1a: Cinderace\n|-boost|p1a: Cinderace|atk|1\n|-boost|p1a: Cinderace|def|1\n|move|p2a: Tyranitar|Knock Off|p1a: Cinderace\n|-resisted|p1a: Cinderace\n|-damage|p1a: Cinderace|63\/100\n|-enditem|p1a: Cinderace|Iron Ball|[from] move: Knock Off|[of] p2a: Tyranitar\n|\n|-weather|Sandstorm|[upkeep]\n|-damage|p1a: Cinderace|57\/100|[from] Sandstorm\n|-damage|p2a: Tyranitar|61\/100 brn|[from] brn\n|-fieldend|move: Trick Room\n|upkeep\n|turn|16\n|\n|t:|1698946456\n|move|p1a: Cinderace|Gunk Shot|p2a: Tyranitar\n|-resisted|p2a: Tyranitar\n|-crit|p2a: Tyranitar\n|-damage|p2a: Tyranitar|27\/100 brn\n|move|p2a: Tyranitar|Dragon Dance|p2a: Tyranitar\n|-boost|p2a: Tyranitar|atk|1\n|-boost|p2a: Tyranitar|spe|1\n|\n|-weather|Sandstorm|[upkeep]\n|-damage|p1a: Cinderace|51\/100|[from] Sandstorm\n|-damage|p2a: Tyranitar|21\/100 brn|[from] brn\n|upkeep\n|turn|17\n|\n|t:|1698946468\n|move|p2a: Tyranitar|Earthquake|p1a: Cinderace\n|-damage|p1a: Cinderace|32\/100\n|move|p1a: Cinderace|Pyro Ball|p2a: Tyranitar\n|-resisted|p2a: Tyranitar\n|-damage|p2a: Tyranitar|0 fnt\n|faint|p2a: Tyranitar\n|\n|-weather|none\n|upkeep\n|\n|t:|1698946479\n|switch|p2a: Dragapult|Dragapult, F|100\/100\n|turn|18\n|\n|t:|1698946484\n|move|p2a: Dragapult|Dragon Darts|p1a: Cinderace\n|-damage|p1a: Cinderace|10\/100\n|-anim|p2a: Dragapult|Dragon Darts|p1a: Cinderace\n|-damage|p1a: Cinderace|0 fnt\n|faint|p1a: Cinderace\n|\n|upkeep\n|\n|t:|1698946489\n|switch|p1a: Porygon2|Porygon2|34\/100\n|-ability|p1a: Porygon2|Infiltrator|[from] ability: Trace|[of] p2a: Dragapult\n|turn|19\n|\n|t:|1698946494\n|move|p2a: Dragapult|Dragon Darts|p1a: Porygon2\n|-damage|p1a: Porygon2|7\/100\n|-anim|p2a: Dragapult|Dragon Darts|p1a: Porygon2\n|-damage|p1a: Porygon2|0 fnt\n|faint|p1a: Porygon2\n|\n|upkeep\n|\n|t:|1698946503\n|switch|p1a: Necrozma|Necrozma-Dusk-Mane|100\/100\n|turn|20\n|\n|t:|1698946514\n|switch|p2a: Gastrodon|Gastrodon-East, M|100\/100\n|move|p1a: Necrozma|Trick Room|p1a: Necrozma\n|-fieldstart|move: Trick Room|[of] p1a: Necrozma\n|\n|upkeep\n|turn|21\n|\n|t:|1698946524\n|switch|p1a: Dracovish|Dracovish|100\/100\n|move|p2a: Gastrodon|Yawn|p1a: Dracovish\n|-start|p1a: Dracovish|move: Yawn|[of] p2a: Gastrodon\n|\n|upkeep\n|turn|22\n|\n|t:|1698946536\n|switch|p1a: Necrozma|Necrozma-Dusk-Mane|100\/100\n|move|p2a: Gastrodon|Earth Power|p1a: Necrozma\n|-supereffective|p1a: Necrozma\n|-damage|p1a: Necrozma|66\/100\n|-enditem|p1a: Necrozma|Weakness Policy\n|-boost|p1a: Necrozma|atk|2|[from] item: Weakness Policy\n|-boost|p1a: Necrozma|spa|2|[from] item: Weakness Policy\n|\n|upkeep\n|turn|23\n|\n|t:|1698946545\n|move|p2a: Gastrodon|Yawn|p1a: Necrozma\n|-start|p1a: Necrozma|move: Yawn|[of] p2a: Gastrodon\n|move|p1a: Necrozma|Earthquake|p2a: Gastrodon\n|-damage|p2a: Gastrodon|37\/100\n|\n|-heal|p2a: Gastrodon|43\/100|[from] item: Leftovers\n|upkeep\n|turn|24\n|\n|t:|1698946554\n|switch|p2a: Corviknight|Corviknight, F|100\/100\n|-ability|p2a: Corviknight|Pressure\n|switch|p1a: Dracovish|Dracovish|100\/100\n|\n|-fieldend|move: Trick Room\n|upkeep\n|turn|25\n|\n|t:|1698946563\n|switch|p2a: Gastrodon|Gastrodon-East, M|43\/100\n|move|p1a: Dracovish|Fishious Rend|p2a: Gastrodon\n|-ability|p2a: Gastrodon|Storm Drain|boost\n|-boost|p2a: Gastrodon|spa|1\n|\n|-heal|p2a: Gastrodon|50\/100|[from] item: Leftovers\n|upkeep\n|turn|26\n|\n|t:|1698946571\n|switch|p1a: Necrozma|Necrozma-Dusk-Mane|66\/100\n|move|p2a: Gastrodon|Recover|p2a: Gastrodon\n|-heal|p2a: Gastrodon|99\/100\n|\n|-heal|p2a: Gastrodon|100\/100|[from] item: Leftovers\n|upkeep\n|turn|27\n|\n|t:|1698946580\n|move|p2a: Gastrodon|Earth Power|p1a: Necrozma\n|-supereffective|p1a: Necrozma\n|-damage|p1a: Necrozma|19\/100\n|move|p1a: Necrozma|Trick Room|p1a: Necrozma\n|-fieldstart|move: Trick Room|[of] p1a: Necrozma\n|\n|upkeep\n|turn|28\n|\n|t:|1698946588\n|switch|p1a: Dracovish|Dracovish|100\/100\n|move|p2a: Gastrodon|Earth Power|p1a: Dracovish\n|-damage|p1a: Dracovish|50\/100\n|\n|upkeep\n|turn|29\n|\n|t:|1698946597\n|move|p2a: Gastrodon|Earth Power|p1a: Dracovish\n|-damage|p1a: Dracovish|0 fnt\n|faint|p1a: Dracovish\n|\n|upkeep\n|\n|t:|1698946603\n|switch|p1a: Melmetal|Melmetal|9\/100\n|turn|30\n|\n|t:|1698946605\n|move|p1a: Melmetal|Double Iron Bash|p2a: Gastrodon\n|-resisted|p2a: Gastrodon\n|-damage|p2a: Gastrodon|74\/100\n|-resisted|p2a: Gastrodon\n|-damage|p2a: Gastrodon|49\/100\n|-hitcount|p2a: Gastrodon|2\n|cant|p2a: Gastrodon|flinch\n|\n|-heal|p2a: Gastrodon|55\/100|[from] item: Leftovers\n|upkeep\n|turn|31\n|\n|t:|1698946617\n|move|p1a: Melmetal|Double Iron Bash|p2a: Gastrodon\n|-resisted|p2a: Gastrodon\n|-damage|p2a: Gastrodon|31\/100\n|-resisted|p2a: Gastrodon\n|-damage|p2a: Gastrodon|5\/100\n|-hitcount|p2a: Gastrodon|2\n|cant|p2a: Gastrodon|flinch\n|\n|-heal|p2a: Gastrodon|11\/100|[from] item: Leftovers\n|-fieldend|move: Trick Room\n|upkeep\n|turn|32\n|\n|t:|1698946627\n|move|p2a: Gastrodon|Recover|p2a: Gastrodon\n|-heal|p2a: Gastrodon|61\/100\n|move|p1a: Melmetal|Double Iron Bash|p2a: Gastrodon\n|-resisted|p2a: Gastrodon\n|-damage|p2a: Gastrodon|38\/100\n|-resisted|p2a: Gastrodon\n|-damage|p2a: Gastrodon|16\/100\n|-hitcount|p2a: Gastrodon|2\n|\n|-heal|p2a: Gastrodon|22\/100|[from] item: Leftovers\n|upkeep\n|turn|33\n|\n|t:|1698946638\n|move|p2a: Gastrodon|Earth Power|p1a: Melmetal\n|-supereffective|p1a: Melmetal\n|-damage|p1a: Melmetal|0 fnt\n|faint|p1a: Melmetal\n|\n|-heal|p2a: Gastrodon|28\/100|[from] item: Leftovers\n|upkeep\n|\n|t:|1698946642\n|switch|p1a: Necrozma|Necrozma-Dusk-Mane|19\/100\n|turn|34\n|c|\u2606Godz_Bahamut|Lol\n|\n|t:|1698946650\n|-terastallize|p1a: Necrozma|Flying\n|move|p1a: Necrozma|Morning Sun|p1a: Necrozma\n|-heal|p1a: Necrozma|69\/100\n|move|p2a: Gastrodon|Recover|p2a: Gastrodon\n|-heal|p2a: Gastrodon|78\/100\n|\n|-heal|p2a: Gastrodon|84\/100|[from] item: Leftovers\n|upkeep\n|turn|35\n|\n|t:|1698946660\n|move|p1a: Necrozma|Earthquake|p2a: Gastrodon\n|-damage|p2a: Gastrodon|51\/100\n|move|p2a: Gastrodon|Yawn|p1a: Necrozma\n|-start|p1a: Necrozma|move: Yawn|[of] p2a: Gastrodon\n|\n|-heal|p2a: Gastrodon|57\/100|[from] item: Leftovers\n|upkeep\n|turn|36\n|\n|t:|1698946669\n|move|p1a: Necrozma|Earthquake|p2a: Gastrodon\n|-damage|p2a: Gastrodon|23\/100\n|move|p2a: Gastrodon|Recover|p2a: Gastrodon\n|-heal|p2a: Gastrodon|73\/100\n|\n|-heal|p2a: Gastrodon|79\/100|[from] item: Leftovers\n|-end|p1a: Necrozma|move: Yawn|[silent]\n|-status|p1a: Necrozma|slp\n|upkeep\n|turn|37\n|c|\u2606Godz_Bahamut|Imagine getting walled by 1 mon\n|\n|t:|1698946683\n|cant|p1a: Necrozma|slp\n|move|p2a: Gastrodon|Scald|p1a: Necrozma\n|-damage|p1a: Necrozma|38\/100 slp\n|\n|-heal|p2a: Gastrodon|85\/100|[from] item: Leftovers\n|upkeep\n|turn|38\n|\n|t:|1698946692\n|cant|p1a: Necrozma|slp\n|move|p2a: Gastrodon|Scald|p1a: Necrozma\n|-crit|p1a: Necrozma\n|-damage|p1a: Necrozma|0 fnt\n|faint|p1a: Necrozma\n|\n|win|Godz_Bahamut\n|raw|Can i have win's rating: 1314 &rarr; <strong>1292<\/strong><br \/>(-22 for losing)\n|raw|Godz_Bahamut's rating: 1273 &rarr; <strong>1301<\/strong><br \/>(+28 for winning)\n|l|\u2606Can i have win\n","uploadtime":1698946718,"views":19,"p1id":"canihavewin","p2id":"godzbahamut","formatid":"gen9nationaldexubers","rating":1292,"private":0,"password":""}