{"id":"gen9nationaldexubers-1988220031","p1":"Rhyfinn 04","p2":"Overatedhahaha","format":"[Gen 9] National Dex Ubers","log":"|j|\u2606Rhyfinn 04\n|j|\u2606Overatedhahaha\n|t:|1699687894\n|gametype|singles\n|player|p1|Rhyfinn 04|alder|1157\n|player|p2|Overatedhahaha|bruno|1218\n|teamsize|p1|6\n|teamsize|p2|6\n|gen|9\n|tier|[Gen 9] National Dex Ubers\n|rated|\n|rule|HP Percentage Mod: HP is shown in percentages\n|rule|Endless Battle Clause: Forcing endless battles is banned\n|rule|OHKO Clause: OHKO moves are banned\n|rule|Evasion Moves Clause: Evasion moves are banned\n|rule|Evasion Items Clause: Evasion items are banned\n|rule|Species Clause: Limit one of each Pok\u00e9mon\n|rule|Sleep Clause Mod: Limit one foe put to sleep\n|rule|Mega Rayquaza Clause: You cannot mega evolve Rayquaza\n|clearpoke\n|poke|p1|Groudon|\n|poke|p1|Xerneas-*|\n|poke|p1|Marshadow|\n|poke|p1|Necrozma-Dusk-Mane|\n|poke|p1|Deoxys-Speed|\n|poke|p1|Rayquaza|\n|poke|p2|Flutter Mane|\n|poke|p2|Gholdengo|\n|poke|p2|Tyranitar, F|\n|poke|p2|Chien-Pao|\n|poke|p2|Salamence, M|\n|poke|p2|Amoonguss, M|\n|teampreview\n|inactive|Battle timer is ON: inactive players will automatically lose when time's up. (requested by Rhyfinn 04)\n|\n|t:|1699687912\n|start\n|switch|p1a: Deoxys|Deoxys-Speed, shiny|100\/100\n|switch|p2a: Gholdengo|Gholdengo|100\/100\n|-ability|p1a: Deoxys|Pressure\n|turn|1\n|\n|t:|1699687917\n|move|p1a: Deoxys|Stealth Rock|p2a: Gholdengo\n|-sidestart|p2: Overatedhahaha|move: Stealth Rock\n|move|p2a: Gholdengo|Shadow Ball|p1a: Deoxys\n|-supereffective|p1a: Deoxys\n|-crit|p1a: Deoxys\n|-enditem|p1a: Deoxys|Focus Sash\n|-damage|p1a: Deoxys|1\/100\n|\n|upkeep\n|turn|2\n|\n|t:|1699687925\n|move|p1a: Deoxys|Spikes|p2a: Gholdengo\n|-sidestart|p2: Overatedhahaha|Spikes\n|move|p2a: Gholdengo|Shadow Ball|p1a: Deoxys\n|-supereffective|p1a: Deoxys\n|-damage|p1a: Deoxys|0 fnt\n|faint|p1a: Deoxys\n|\n|upkeep\n|\n|t:|1699687933\n|switch|p1a: Marshadow|Marshadow|100\/100\n|turn|3\n|\n|t:|1699687939\n|move|p1a: Marshadow|Spectral Thief|p2a: Gholdengo\n|-supereffective|p2a: Gholdengo\n|-damage|p2a: Gholdengo|21\/100\n|move|p2a: Gholdengo|Make It Rain|p1a: Marshadow\n|-damage|p1a: Marshadow|16\/100\n|-unboost|p2a: Gholdengo|spa|1\n|\n|-heal|p2a: Gholdengo|27\/100|[from] item: Leftovers\n|upkeep\n|turn|4\n|\n|t:|1699687951\n|switch|p2a: Amoonguss|Amoonguss, M|100\/100\n|-damage|p2a: Amoonguss|88\/100|[from] Stealth Rock\n|-damage|p2a: Amoonguss|75\/100|[from] Spikes\n|move|p1a: Marshadow|Spectral Thief|p2a: Amoonguss\n|-damage|p2a: Amoonguss|27\/100\n|\n|-heal|p2a: Amoonguss|33\/100|[from] item: Black Sludge\n|upkeep\n|turn|5\n|\n|t:|1699687955\n|move|p1a: Marshadow|Spectral Thief|p2a: Amoonguss\n|-damage|p2a: Amoonguss|0 fnt\n|faint|p2a: Amoonguss\n|\n|upkeep\n|\n|t:|1699687962\n|switch|p2a: Chien-Pao|Chien-Pao|100\/100\n|-damage|p2a: Chien-Pao|76\/100|[from] Stealth Rock\n|-damage|p2a: Chien-Pao|63\/100|[from] Spikes\n|-ability|p2a: Chien-Pao|Sword of Ruin\n|turn|6\n|\n|t:|1699687975\n|switch|p1a: Groudon|Groudon, shiny|100\/100\n|detailschange|p1a: Groudon|Groudon-Primal, shiny\n|-primal|p1a: Groudon|Red Orb\n|-weather|DesolateLand|[from] ability: Desolate Land|[of] p1a: Groudon\n|move|p2a: Chien-Pao|Crunch|p1a: Groudon\n|-damage|p1a: Groudon|65\/100\n|-unboost|p1a: Groudon|def|1\n|\n|-weather|DesolateLand|[upkeep]\n|upkeep\n|turn|7\n|\n|t:|1699687999\n|move|p2a: Chien-Pao|Crunch|p1a: Groudon\n|-damage|p1a: Groudon|15\/100\n|move|p1a: Groudon|Flamethrower|p2a: Chien-Pao\n|-supereffective|p2a: Chien-Pao\n|-damage|p2a: Chien-Pao|0 fnt\n|faint|p2a: Chien-Pao\n|\n|-weather|DesolateLand|[upkeep]\n|upkeep\n|\n|t:|1699688005\n|switch|p2a: Flutter Mane|Flutter Mane|100\/100\n|-damage|p2a: Flutter Mane|88\/100|[from] Stealth Rock\n|-damage|p2a: Flutter Mane|76\/100|[from] Spikes\n|turn|8\n|\n|t:|1699688016\n|move|p2a: Flutter Mane|Moonblast|p1a: Groudon\n|-resisted|p1a: Groudon\n|-damage|p1a: Groudon|0 fnt\n|faint|p1a: Groudon\n|-weather|none\n|\n|upkeep\n|\n|t:|1699688022\n|switch|p1a: Xerneas|Xerneas|100\/100\n|-ability|p1a: Xerneas|Fairy Aura\n|turn|9\n|\n|t:|1699688028\n|move|p2a: Flutter Mane|Moonblast|p1a: Xerneas\n|-damage|p1a: Xerneas|10\/100\n|move|p1a: Xerneas|Geomancy||[still]\n|-prepare|p1a: Xerneas|Geomancy\n|-enditem|p1a: Xerneas|Power Herb\n|-anim|p1a: Xerneas|Geomancy|p1a: Xerneas\n|-boost|p1a: Xerneas|spa|2\n|-boost|p1a: Xerneas|spd|2\n|-boost|p1a: Xerneas|spe|2\n|\n|upkeep\n|turn|10\n|\n|t:|1699688038\n|move|p1a: Xerneas|Moonblast|p2a: Flutter Mane\n|-damage|p2a: Flutter Mane|0 fnt\n|faint|p2a: Flutter Mane\n|-end|p2a: Flutter Mane|Protosynthesis|[silent]\n|\n|upkeep\n|\n|t:|1699688040\n|switch|p2a: Tyranitar|Tyranitar, F|100\/100\n|-damage|p2a: Tyranitar|88\/100|[from] Stealth Rock\n|-damage|p2a: Tyranitar|76\/100|[from] Spikes\n|-weather|Sandstorm|[from] ability: Sand Stream|[of] p2a: Tyranitar\n|turn|11\n|\n|t:|1699688045\n|move|p1a: Xerneas|Moonblast|p2a: Tyranitar\n|-supereffective|p2a: Tyranitar\n|-damage|p2a: Tyranitar|0 fnt\n|faint|p2a: Tyranitar\n|\n|-weather|Sandstorm|[upkeep]\n|-damage|p1a: Xerneas|4\/100|[from] Sandstorm\n|upkeep\n|\n|t:|1699688053\n|switch|p2a: Gholdengo|Gholdengo|27\/100\n|-damage|p2a: Gholdengo|21\/100|[from] Stealth Rock\n|-damage|p2a: Gholdengo|8\/100|[from] Spikes\n|turn|12\n|\n|t:|1699688058\n|move|p1a: Xerneas|Moonblast|p2a: Gholdengo\n|-resisted|p2a: Gholdengo\n|-damage|p2a: Gholdengo|0 fnt\n|faint|p2a: Gholdengo\n|\n|-weather|Sandstorm|[upkeep]\n|-damage|p1a: Xerneas|0 fnt|[from] Sandstorm\n|faint|p1a: Xerneas\n|upkeep\n|\n|t:|1699688065\n|switch|p1a: Necrozma|Necrozma-Dusk-Mane, shiny|100\/100\n|switch|p2a: Salamence|Salamence, M|100\/100\n|turn|13\n|\n|t:|1699688069\n|move|p2a: Salamence|Dragon Dance|p2a: Salamence\n|-boost|p2a: Salamence|atk|1\n|-boost|p2a: Salamence|spe|1\n|move|p1a: Necrozma|Dragon Dance|p1a: Necrozma\n|-boost|p1a: Necrozma|atk|1\n|-boost|p1a: Necrozma|spe|1\n|\n|-weather|Sandstorm|[upkeep]\n|-damage|p2a: Salamence|94\/100|[from] Sandstorm\n|upkeep\n|turn|14\n|\n|t:|1699688075\n|detailschange|p1a: Necrozma|Necrozma-Ultra, shiny\n|-burst|p1a: Necrozma|Necrozma|Ultranecrozium Z\n|move|p1a: Necrozma|Photon Geyser|p2a: Salamence\n|-damage|p2a: Salamence|0 fnt\n|faint|p2a: Salamence\n|\n|win|Rhyfinn 04\n|raw|Rhyfinn 04's rating: 1157 &rarr; <strong>1186<\/strong><br \/>(+29 for winning)\n|raw|Overatedhahaha's rating: 1218 &rarr; <strong>1189<\/strong><br \/>(-29 for losing)\n|l|\u2606Overatedhahaha\n","uploadtime":1699688079,"views":4,"p1id":"rhyfinn04","p2id":"overatedhahaha","formatid":"gen9nationaldexubers","rating":1186,"private":0,"password":""}