{"id":"gen9nationaldexubers-1981068886","p1":"PSYCH0-MODE\ufe0f\ufe0f\ufe0f\ufe0f\ufe0f\ufe0f\u26a7","p2":"Flori_iksdeh","format":"[Gen 9] National Dex Ubers","log":"|j|\u2606PSYCH0-MODE\ufe0f\ufe0f\ufe0f\ufe0f\ufe0f\ufe0f\u26a7\n|j|\u2606Flori_iksdeh\n|t:|1698861075\n|gametype|singles\n|player|p1|PSYCH0-MODE\ufe0f\ufe0f\ufe0f\ufe0f\ufe0f\ufe0f\u26a7|sabrina|1124\n|player|p2|Flori_iksdeh|265|1188\n|teamsize|p1|6\n|teamsize|p2|6\n|gen|9\n|tier|[Gen 9] National Dex Ubers\n|rated|\n|rule|HP Percentage Mod: HP is shown in percentages\n|rule|Endless Battle Clause: Forcing endless battles is banned\n|rule|OHKO Clause: OHKO moves are banned\n|rule|Evasion Moves Clause: Evasion moves are banned\n|rule|Evasion Items Clause: Evasion items are banned\n|rule|Species Clause: Limit one of each Pok\u00e9mon\n|rule|Sleep Clause Mod: Limit one foe put to sleep\n|rule|Mega Rayquaza Clause: You cannot mega evolve Rayquaza\n|clearpoke\n|poke|p1|Meowstic, M|\n|poke|p1|Espeon, F|\n|poke|p1|Tapu Lele|\n|poke|p1|Espathra, F|\n|poke|p1|Deoxys-Attack|\n|poke|p1|Mewtwo|\n|poke|p2|Walking Wake|\n|poke|p2|Charizard, F|\n|poke|p2|Lilligant-Hisui, F|\n|poke|p2|Slowbro, M|\n|poke|p2|Great Tusk|\n|poke|p2|Blissey, F|\n|teampreview\n|\n|t:|1698861096\n|start\n|switch|p1a: \ud83c\udf0cMEOWSTIC\ud83c\udf0c|Meowstic, M, shiny|100\/100\n|switch|p2a: Charizard|Charizard, F|100\/100\n|turn|1\n|\n|t:|1698861104\n|detailschange|p2a: Charizard|Charizard-Mega-Y, F\n|-mega|p2a: Charizard|Charizard|Charizardite Y\n|-weather|SunnyDay|[from] ability: Drought|[of] p2a: Charizard\n|move|p1a: \ud83c\udf0cMEOWSTIC\ud83c\udf0c|Light Screen|p1a: \ud83c\udf0cMEOWSTIC\ud83c\udf0c\n|-sidestart|p1: PSYCH0-MODE\ufe0f\ufe0f\ufe0f\ufe0f\ufe0f\ufe0f\u26a7|move: Light Screen\n|move|p2a: Charizard|Flamethrower|p1a: \ud83c\udf0cMEOWSTIC\ud83c\udf0c\n|-damage|p1a: \ud83c\udf0cMEOWSTIC\ud83c\udf0c|39\/100\n|-status|p1a: \ud83c\udf0cMEOWSTIC\ud83c\udf0c|brn\n|\n|-weather|SunnyDay|[upkeep]\n|-damage|p1a: \ud83c\udf0cMEOWSTIC\ud83c\udf0c|33\/100 brn|[from] brn\n|upkeep\n|turn|2\n|\n|t:|1698861120\n|switch|p2a: Blissey|Blissey, F|100\/100\n|move|p1a: \ud83c\udf0cMEOWSTIC\ud83c\udf0c|Reflect|p1a: \ud83c\udf0cMEOWSTIC\ud83c\udf0c\n|-sidestart|p1: PSYCH0-MODE\ufe0f\ufe0f\ufe0f\ufe0f\ufe0f\ufe0f\u26a7|Reflect\n|\n|-weather|SunnyDay|[upkeep]\n|-damage|p1a: \ud83c\udf0cMEOWSTIC\ud83c\udf0c|27\/100 brn|[from] brn\n|upkeep\n|turn|3\n|\n|t:|1698861144\n|switch|p1a: \ud83c\udf0c\ud83d\udd2eESPEON\ud83d\udd2e\ud83c\udf0c|Espeon, F, shiny|100\/100\n|move|p2a: Blissey|Teleport|p2a: Blissey\n|\n|t:|1698861148\n|switch|p2a: Walking Wake|Walking Wake|100\/100|[from] Teleport\n|-activate|p2a: Walking Wake|ability: Protosynthesis\n|-start|p2a: Walking Wake|protosynthesisspe\n|\n|-weather|SunnyDay|[upkeep]\n|upkeep\n|turn|4\n|\n|t:|1698861163\n|switch|p1a: \ud83c\udf0c\ud83d\udd2eTAPU LELE\ud83d\udd2e\ud83c\udf0c|Tapu Lele|100\/100\n|-fieldstart|move: Psychic Terrain|[from] ability: Psychic Surge|[of] p1a: \ud83c\udf0c\ud83d\udd2eTAPU LELE\ud83d\udd2e\ud83c\udf0c\n|move|p2a: Walking Wake|Flip Turn|p1a: \ud83c\udf0c\ud83d\udd2eTAPU LELE\ud83d\udd2e\ud83c\udf0c\n|-damage|p1a: \ud83c\udf0c\ud83d\udd2eTAPU LELE\ud83d\udd2e\ud83c\udf0c|93\/100\n|\n|t:|1698861171\n|-end|p2a: Walking Wake|Protosynthesis|[silent]\n|switch|p2a: Blissey|Blissey, F|100\/100|[from] Flip Turn\n|\n|-weather|SunnyDay|[upkeep]\n|upkeep\n|turn|5\n|\n|t:|1698861178\n|move|p1a: \ud83c\udf0c\ud83d\udd2eTAPU LELE\ud83d\udd2e\ud83c\udf0c|Calm Mind|p1a: \ud83c\udf0c\ud83d\udd2eTAPU LELE\ud83d\udd2e\ud83c\udf0c\n|-boost|p1a: \ud83c\udf0c\ud83d\udd2eTAPU LELE\ud83d\udd2e\ud83c\udf0c|spa|1\n|-boost|p1a: \ud83c\udf0c\ud83d\udd2eTAPU LELE\ud83d\udd2e\ud83c\udf0c|spd|1\n|move|p2a: Blissey|Seismic Toss|p1a: \ud83c\udf0c\ud83d\udd2eTAPU LELE\ud83d\udd2e\ud83c\udf0c\n|-damage|p1a: \ud83c\udf0c\ud83d\udd2eTAPU LELE\ud83d\udd2e\ud83c\udf0c|57\/100\n|\n|-weather|none\n|upkeep\n|turn|6\n|\n|t:|1698861194\n|-terastallize|p1a: \ud83c\udf0c\ud83d\udd2eTAPU LELE\ud83d\udd2e\ud83c\udf0c|Psychic\n|move|p1a: \ud83c\udf0c\ud83d\udd2eTAPU LELE\ud83d\udd2e\ud83c\udf0c|Psychic|p2a: Blissey\n|-damage|p2a: Blissey|53\/100\n|move|p2a: Blissey|Seismic Toss|p1a: \ud83c\udf0c\ud83d\udd2eTAPU LELE\ud83d\udd2e\ud83c\udf0c\n|-damage|p1a: \ud83c\udf0c\ud83d\udd2eTAPU LELE\ud83d\udd2e\ud83c\udf0c|22\/100\n|\n|-heal|p2a: Blissey|59\/100|[from] item: Leftovers\n|upkeep\n|turn|7\n|\n|t:|1698861234\n|move|p1a: \ud83c\udf0c\ud83d\udd2eTAPU LELE\ud83d\udd2e\ud83c\udf0c|Psychic|p2a: Blissey\n|-damage|p2a: Blissey|13\/100\n|move|p2a: Blissey|Soft-Boiled|p2a: Blissey\n|-heal|p2a: Blissey|63\/100\n|\n|-heal|p2a: Blissey|69\/100|[from] item: Leftovers\n|upkeep\n|turn|8\n|\n|t:|1698861253\n|switch|p1a: \ud83c\udf0c\ud83d\udd2eESPARTHRA\ud83d\udd2e\ud83c\udf0c|Espathra, F, shiny|100\/100\n|move|p2a: Blissey|Soft-Boiled|p2a: Blissey\n|-heal|p2a: Blissey|100\/100\n|\n|-sideend|p1: PSYCH0-MODE\ufe0f\ufe0f\ufe0f\ufe0f\ufe0f\ufe0f\u26a7|move: Light Screen\n|upkeep\n|turn|9\n|\n|t:|1698861262\n|move|p1a: \ud83c\udf0c\ud83d\udd2eESPARTHRA\ud83d\udd2e\ud83c\udf0c|Lumina Crash|p2a: Blissey\n|-damage|p2a: Blissey|79\/100\n|-unboost|p2a: Blissey|spd|2\n|move|p2a: Blissey|Seismic Toss|p1a: \ud83c\udf0c\ud83d\udd2eESPARTHRA\ud83d\udd2e\ud83c\udf0c\n|-damage|p1a: \ud83c\udf0c\ud83d\udd2eESPARTHRA\ud83d\udd2e\ud83c\udf0c|70\/100\n|\n|-heal|p2a: Blissey|85\/100|[from] item: Leftovers\n|-sideend|p1: PSYCH0-MODE\ufe0f\ufe0f\ufe0f\ufe0f\ufe0f\ufe0f\u26a7|Reflect\n|-ability|p1a: \ud83c\udf0c\ud83d\udd2eESPARTHRA\ud83d\udd2e\ud83c\udf0c|Speed Boost|boost\n|-boost|p1a: \ud83c\udf0c\ud83d\udd2eESPARTHRA\ud83d\udd2e\ud83c\udf0c|spe|1\n|upkeep\n|turn|10\n|\n|t:|1698861285\n|move|p1a: \ud83c\udf0c\ud83d\udd2eESPARTHRA\ud83d\udd2e\ud83c\udf0c|Lumina Crash|p2a: Blissey\n|-damage|p2a: Blissey|40\/100\n|-unboost|p2a: Blissey|spd|2\n|move|p2a: Blissey|Stealth Rock|p1a: \ud83c\udf0c\ud83d\udd2eESPARTHRA\ud83d\udd2e\ud83c\udf0c\n|-sidestart|p1: PSYCH0-MODE\ufe0f\ufe0f\ufe0f\ufe0f\ufe0f\ufe0f\u26a7|move: Stealth Rock\n|\n|-heal|p2a: Blissey|46\/100|[from] item: Leftovers\n|-ability|p1a: \ud83c\udf0c\ud83d\udd2eESPARTHRA\ud83d\udd2e\ud83c\udf0c|Speed Boost|boost\n|-boost|p1a: \ud83c\udf0c\ud83d\udd2eESPARTHRA\ud83d\udd2e\ud83c\udf0c|spe|1\n|upkeep\n|turn|11\n|\n|t:|1698861298\n|switch|p2a: Slowbro|Slowbro, M|100\/100\n|move|p1a: \ud83c\udf0c\ud83d\udd2eESPARTHRA\ud83d\udd2e\ud83c\udf0c|Psychic|p2a: Slowbro\n|-resisted|p2a: Slowbro\n|-damage|p2a: Slowbro|66\/100\n|\n|-fieldend|move: Psychic Terrain\n|-ability|p1a: \ud83c\udf0c\ud83d\udd2eESPARTHRA\ud83d\udd2e\ud83c\udf0c|Speed Boost|boost\n|-boost|p1a: \ud83c\udf0c\ud83d\udd2eESPARTHRA\ud83d\udd2e\ud83c\udf0c|spe|1\n|upkeep\n|turn|12\n|\n|t:|1698861308\n|move|p1a: \ud83c\udf0c\ud83d\udd2eESPARTHRA\ud83d\udd2e\ud83c\udf0c|Lumina Crash|p2a: Slowbro\n|-resisted|p2a: Slowbro\n|-damage|p2a: Slowbro|43\/100\n|-unboost|p2a: Slowbro|spd|2\n|move|p2a: Slowbro|Teleport|p2a: Slowbro\n|\n|t:|1698861314\n|switch|p2a: Blissey|Blissey, F|46\/100|[from] Teleport\n|\n|-heal|p2a: Blissey|52\/100|[from] item: Leftovers\n|-ability|p1a: \ud83c\udf0c\ud83d\udd2eESPARTHRA\ud83d\udd2e\ud83c\udf0c|Speed Boost|boost\n|-boost|p1a: \ud83c\udf0c\ud83d\udd2eESPARTHRA\ud83d\udd2e\ud83c\udf0c|spe|1\n|upkeep\n|turn|13\n|\n|t:|1698861324\n|move|p1a: \ud83c\udf0c\ud83d\udd2eESPARTHRA\ud83d\udd2e\ud83c\udf0c|Lumina Crash|p2a: Blissey\n|-damage|p2a: Blissey|34\/100\n|-unboost|p2a: Blissey|spd|2\n|move|p2a: Blissey|Seismic Toss|p1a: \ud83c\udf0c\ud83d\udd2eESPARTHRA\ud83d\udd2e\ud83c\udf0c\n|-damage|p1a: \ud83c\udf0c\ud83d\udd2eESPARTHRA\ud83d\udd2e\ud83c\udf0c|40\/100\n|\n|-heal|p2a: Blissey|40\/100|[from] item: Leftovers\n|-ability|p1a: \ud83c\udf0c\ud83d\udd2eESPARTHRA\ud83d\udd2e\ud83c\udf0c|Speed Boost|boost\n|-boost|p1a: \ud83c\udf0c\ud83d\udd2eESPARTHRA\ud83d\udd2e\ud83c\udf0c|spe|1\n|upkeep\n|turn|14\n|\n|t:|1698861344\n|switch|p2a: Slowbro|Slowbro, M|76\/100\n|move|p1a: \ud83c\udf0c\ud83d\udd2eESPARTHRA\ud83d\udd2e\ud83c\udf0c|Psychic Terrain|p1a: \ud83c\udf0c\ud83d\udd2eESPARTHRA\ud83d\udd2e\ud83c\udf0c\n|-fieldstart|move: Psychic Terrain\n|\n|-ability|p1a: \ud83c\udf0c\ud83d\udd2eESPARTHRA\ud83d\udd2e\ud83c\udf0c|Speed Boost|boost\n|-boost|p1a: \ud83c\udf0c\ud83d\udd2eESPARTHRA\ud83d\udd2e\ud83c\udf0c|spe|1\n|upkeep\n|turn|15\n|\n|t:|1698861352\n|move|p1a: \ud83c\udf0c\ud83d\udd2eESPARTHRA\ud83d\udd2e\ud83c\udf0c|Lumina Crash|p2a: Slowbro\n|-resisted|p2a: Slowbro\n|-damage|p2a: Slowbro|45\/100\n|-unboost|p2a: Slowbro|spd|2\n|move|p2a: Slowbro|Toxic|p1a: \ud83c\udf0c\ud83d\udd2eESPARTHRA\ud83d\udd2e\ud83c\udf0c|[miss]\n|-miss|p2a: Slowbro|p1a: \ud83c\udf0c\ud83d\udd2eESPARTHRA\ud83d\udd2e\ud83c\udf0c\n|\n|upkeep\n|turn|16\n|\n|t:|1698861368\n|switch|p2a: Blissey|Blissey, F|40\/100\n|move|p1a: \ud83c\udf0c\ud83d\udd2eESPARTHRA\ud83d\udd2e\ud83c\udf0c|Stored Power|p2a: Blissey\n|-damage|p2a: Blissey|1\/100\n|\n|-heal|p2a: Blissey|7\/100|[from] item: Leftovers\n|upkeep\n|turn|17\n|\n|t:|1698861381\n|move|p1a: \ud83c\udf0c\ud83d\udd2eESPARTHRA\ud83d\udd2e\ud83c\udf0c|Stored Power|p2a: Blissey\n|-damage|p2a: Blissey|0 fnt\n|faint|p2a: Blissey\n|\n|upkeep\n|\n|t:|1698861385\n|switch|p2a: Lilligant|Lilligant-Hisui, F|100\/100\n|turn|18\n|\n|t:|1698861393\n|move|p1a: \ud83c\udf0c\ud83d\udd2eESPARTHRA\ud83d\udd2e\ud83c\udf0c|Stored Power|p2a: Lilligant\n|-supereffective|p2a: Lilligant\n|-enditem|p2a: Lilligant|Focus Sash\n|-damage|p2a: Lilligant|1\/100\n|move|p2a: Lilligant|Ice Spinner|p1a: \ud83c\udf0c\ud83d\udd2eESPARTHRA\ud83d\udd2e\ud83c\udf0c\n|-damage|p1a: \ud83c\udf0c\ud83d\udd2eESPARTHRA\ud83d\udd2e\ud83c\udf0c|0 fnt\n|-fieldend|move: Psychic Terrain\n|faint|p1a: \ud83c\udf0c\ud83d\udd2eESPARTHRA\ud83d\udd2e\ud83c\udf0c\n|\n|upkeep\n|\n|t:|1698861407\n|switch|p1a: \ud83c\udf0c\ud83d\udd2eTAPU LELE\ud83d\udd2e\ud83c\udf0c|Tapu Lele, tera:Psychic|22\/100\n|-damage|p1a: \ud83c\udf0c\ud83d\udd2eTAPU LELE\ud83d\udd2e\ud83c\udf0c|9\/100|[from] Stealth Rock\n|-fieldstart|move: Psychic Terrain|[from] ability: Psychic Surge|[of] p1a: \ud83c\udf0c\ud83d\udd2eTAPU LELE\ud83d\udd2e\ud83c\udf0c\n|turn|19\n|\n|t:|1698861422\n|switch|p2a: Charizard|Charizard-Mega-Y, F|100\/100\n|-weather|SunnyDay|[from] ability: Drought|[of] p2a: Charizard\n|switch|p1a: \ud83c\udf0cMEOWSTIC\ud83c\udf0c|Meowstic, M, shiny|27\/100 brn\n|-damage|p1a: \ud83c\udf0cMEOWSTIC\ud83c\udf0c|14\/100 brn|[from] Stealth Rock\n|\n|-weather|SunnyDay|[upkeep]\n|-damage|p1a: \ud83c\udf0cMEOWSTIC\ud83c\udf0c|8\/100 brn|[from] brn\n|upkeep\n|turn|20\n|\n|t:|1698861454\n|switch|p2a: Slowbro|Slowbro, M|78\/100\n|move|p1a: \ud83c\udf0cMEOWSTIC\ud83c\udf0c|Light Screen|p1a: \ud83c\udf0cMEOWSTIC\ud83c\udf0c\n|-sidestart|p1: PSYCH0-MODE\ufe0f\ufe0f\ufe0f\ufe0f\ufe0f\ufe0f\u26a7|move: Light Screen\n|\n|-weather|SunnyDay|[upkeep]\n|-damage|p1a: \ud83c\udf0cMEOWSTIC\ud83c\udf0c|2\/100 brn|[from] brn\n|upkeep\n|turn|21\n|\n|t:|1698861476\n|switch|p1a: \ud83c\udf0c\ud83d\udd2eESPEON\ud83d\udd2e\ud83c\udf0c|Espeon, F, shiny|100\/100\n|-damage|p1a: \ud83c\udf0c\ud83d\udd2eESPEON\ud83d\udd2e\ud83c\udf0c|88\/100|[from] Stealth Rock\n|move|p2a: Slowbro|Teleport|p2a: Slowbro\n|\n|t:|1698861482\n|switch|p2a: Lilligant|Lilligant-Hisui, F|1\/100|[from] Teleport\n|\n|-weather|SunnyDay|[upkeep]\n|upkeep\n|turn|22\n|\n|t:|1698861496\n|move|p2a: Lilligant|Leaf Blade|p1a: \ud83c\udf0c\ud83d\udd2eESPEON\ud83d\udd2e\ud83c\udf0c\n|-damage|p1a: \ud83c\udf0c\ud83d\udd2eESPEON\ud83d\udd2e\ud83c\udf0c|0 fnt\n|faint|p1a: \ud83c\udf0c\ud83d\udd2eESPEON\ud83d\udd2e\ud83c\udf0c\n|\n|-weather|SunnyDay|[upkeep]\n|upkeep\n|\n|t:|1698861506\n|switch|p1a: \ud83c\udf0c\ud83c\udf0c\ud83d\udd2eMEWTWO\ud83d\udd2e\ud83c\udf0c\ud83c\udf0c|Mewtwo|100\/100\n|-damage|p1a: \ud83c\udf0c\ud83c\udf0c\ud83d\udd2eMEWTWO\ud83d\udd2e\ud83c\udf0c\ud83c\udf0c|88\/100|[from] Stealth Rock\n|-ability|p1a: \ud83c\udf0c\ud83c\udf0c\ud83d\udd2eMEWTWO\ud83d\udd2e\ud83c\udf0c\ud83c\udf0c|Pressure\n|turn|23\n|\n|t:|1698861519\n|move|p2a: Lilligant|Leaf Blade|p1a: \ud83c\udf0c\ud83c\udf0c\ud83d\udd2eMEWTWO\ud83d\udd2e\ud83c\udf0c\ud83c\udf0c\n|-damage|p1a: \ud83c\udf0c\ud83c\udf0c\ud83d\udd2eMEWTWO\ud83d\udd2e\ud83c\udf0c\ud83c\udf0c|40\/100\n|move|p1a: \ud83c\udf0c\ud83c\udf0c\ud83d\udd2eMEWTWO\ud83d\udd2e\ud83c\udf0c\ud83c\udf0c|Psychic|p2a: Lilligant\n|-supereffective|p2a: Lilligant\n|-damage|p2a: Lilligant|0 fnt\n|faint|p2a: Lilligant\n|\n|-weather|none\n|upkeep\n|\n|t:|1698861529\n|switch|p2a: Slowbro|Slowbro, M|100\/100\n|turn|24\n|\n|t:|1698861539\n|detailschange|p1a: \ud83c\udf0c\ud83c\udf0c\ud83d\udd2eMEWTWO\ud83d\udd2e\ud83c\udf0c\ud83c\udf0c|Mewtwo-Mega-Y\n|-mega|p1a: \ud83c\udf0c\ud83c\udf0c\ud83d\udd2eMEWTWO\ud83d\udd2e\ud83c\udf0c\ud83c\udf0c|Mewtwo|Mewtwonite Y\n|move|p1a: \ud83c\udf0c\ud83c\udf0c\ud83d\udd2eMEWTWO\ud83d\udd2e\ud83c\udf0c\ud83c\udf0c|Nasty Plot|p1a: \ud83c\udf0c\ud83c\udf0c\ud83d\udd2eMEWTWO\ud83d\udd2e\ud83c\udf0c\ud83c\udf0c\n|-boost|p1a: \ud83c\udf0c\ud83c\udf0c\ud83d\udd2eMEWTWO\ud83d\udd2e\ud83c\udf0c\ud83c\udf0c|spa|2\n|move|p2a: Slowbro|Toxic|p1a: \ud83c\udf0c\ud83c\udf0c\ud83d\udd2eMEWTWO\ud83d\udd2e\ud83c\udf0c\ud83c\udf0c|[miss]\n|-miss|p2a: Slowbro|p1a: \ud83c\udf0c\ud83c\udf0c\ud83d\udd2eMEWTWO\ud83d\udd2e\ud83c\udf0c\ud83c\udf0c\n|\n|upkeep\n|turn|25\n|\n|t:|1698861551\n|move|p1a: \ud83c\udf0c\ud83c\udf0c\ud83d\udd2eMEWTWO\ud83d\udd2e\ud83c\udf0c\ud83c\udf0c|Psychic|p2a: Slowbro\n|-resisted|p2a: Slowbro\n|-damage|p2a: Slowbro|0 fnt\n|faint|p2a: Slowbro\n|\n|upkeep\n|\n|t:|1698861557\n|switch|p2a: Charizard|Charizard-Mega-Y, F|100\/100\n|-weather|SunnyDay|[from] ability: Drought|[of] p2a: Charizard\n|turn|26\n|\n|t:|1698861565\n|switch|p2a: Great Tusk|Great Tusk|100\/100\n|-activate|p2a: Great Tusk|ability: Protosynthesis\n|-start|p2a: Great Tusk|protosynthesisatk\n|move|p1a: \ud83c\udf0c\ud83c\udf0c\ud83d\udd2eMEWTWO\ud83d\udd2e\ud83c\udf0c\ud83c\udf0c|Psystrike|p2a: Great Tusk\n|-supereffective|p2a: Great Tusk\n|-damage|p2a: Great Tusk|0 fnt\n|faint|p2a: Great Tusk\n|-end|p2a: Great Tusk|Protosynthesis|[silent]\n|\n|-weather|SunnyDay|[upkeep]\n|-fieldend|move: Psychic Terrain\n|upkeep\n|\n|t:|1698861574\n|switch|p2a: Walking Wake|Walking Wake|100\/100\n|-activate|p2a: Walking Wake|ability: Protosynthesis\n|-start|p2a: Walking Wake|protosynthesisspe\n|turn|27\n|\n|t:|1698861589\n|move|p2a: Walking Wake|Hydro Steam|p1a: \ud83c\udf0c\ud83c\udf0c\ud83d\udd2eMEWTWO\ud83d\udd2e\ud83c\udf0c\ud83c\udf0c\n|-damage|p1a: \ud83c\udf0c\ud83c\udf0c\ud83d\udd2eMEWTWO\ud83d\udd2e\ud83c\udf0c\ud83c\udf0c|10\/100\n|move|p1a: \ud83c\udf0c\ud83c\udf0c\ud83d\udd2eMEWTWO\ud83d\udd2e\ud83c\udf0c\ud83c\udf0c|Psystrike|p2a: Walking Wake\n|-damage|p2a: Walking Wake|0 fnt\n|faint|p2a: Walking Wake\n|-end|p2a: Walking Wake|Protosynthesis|[silent]\n|\n|-weather|SunnyDay|[upkeep]\n|-sideend|p1: PSYCH0-MODE\ufe0f\ufe0f\ufe0f\ufe0f\ufe0f\ufe0f\u26a7|move: Light Screen\n|upkeep\n|\n|t:|1698861597\n|switch|p2a: Charizard|Charizard-Mega-Y, F|100\/100\n|turn|28\n|\n|t:|1698861610\n|move|p1a: \ud83c\udf0c\ud83c\udf0c\ud83d\udd2eMEWTWO\ud83d\udd2e\ud83c\udf0c\ud83c\udf0c|Psystrike|p2a: Charizard\n|-damage|p2a: Charizard|0 fnt\n|faint|p2a: Charizard\n|\n|win|PSYCH0-MODE\ufe0f\ufe0f\ufe0f\ufe0f\ufe0f\ufe0f\u26a7\n|raw|PSYCH0-MODE\ufe0f\ufe0f\ufe0f\ufe0f\ufe0f\ufe0f\u26a7's rating: 1124 &rarr; <strong>1154<\/strong><br \/>(+30 for winning)\n|raw|Flori_iksdeh's rating: 1188 &rarr; <strong>1158<\/strong><br \/>(-30 for losing)\n|l|\u2606Flori_iksdeh\n|l|\u2606PSYCH0-MODE\ufe0f\ufe0f\ufe0f\ufe0f\ufe0f\ufe0f\u26a7\n|j|\u2606PSYCH0-MODE\ufe0f\ufe0f\ufe0f\ufe0f\ufe0f\ufe0f\u26a7\n|player|p1|PSYCH0-MODE\ufe0f\ufe0f\ufe0f\ufe0f\ufe0f\ufe0f\u26a7|sabrina\n","uploadtime":1698861665,"views":6,"p1id":"psych0mode","p2id":"floriiksdeh","formatid":"gen9nationaldexubers","rating":1154,"private":0,"password":""}