{"id":"gen9nationaldexubers-1981184277","p1":"AT183","p2":"Rebe<3","format":"[Gen 9] National Dex Ubers","log":"|j|\u2606AT183\n|j|\u2606Rebe<3\n|t:|1698870514\n|gametype|singles\n|player|p1|AT183|pryce|1161\n|player|p2|Rebe<3|hilda|1060\n|teamsize|p1|6\n|teamsize|p2|6\n|gen|9\n|tier|[Gen 9] National Dex Ubers\n|rated|\n|rule|HP Percentage Mod: HP is shown in percentages\n|rule|Endless Battle Clause: Forcing endless battles is banned\n|rule|OHKO Clause: OHKO moves are banned\n|rule|Evasion Moves Clause: Evasion moves are banned\n|rule|Evasion Items Clause: Evasion items are banned\n|rule|Species Clause: Limit one of each Pok\u00e9mon\n|rule|Sleep Clause Mod: Limit one foe put to sleep\n|rule|Mega Rayquaza Clause: You cannot mega evolve Rayquaza\n|clearpoke\n|poke|p1|Necrozma-Dusk-Mane|\n|poke|p1|Magearna|\n|poke|p1|Forretress, F|\n|poke|p1|Blastoise, F|\n|poke|p1|Annihilape, F|\n|poke|p1|Ninetales-Alola, F|\n|poke|p2|Lapras, F|\n|poke|p2|Iron Leaves|\n|poke|p2|Tapu Koko|\n|poke|p2|Charizard, M|\n|poke|p2|Groudon|\n|poke|p2|Hoopa-Unbound|\n|teampreview\n|inactive|Battle timer is ON: inactive players will automatically lose when time's up. (requested by AT183)\n|\n|t:|1698870518\n|start\n|switch|p1a: Forretress|Forretress, F|100\/100\n|switch|p2a: Groudon|Groudon|100\/100\n|detailschange|p2a: Groudon|Groudon-Primal\n|-primal|p2a: Groudon|Red Orb\n|-weather|DesolateLand|[from] ability: Desolate Land|[of] p2a: Groudon\n|turn|1\n|\n|t:|1698870527\n|move|p2a: Groudon|Fire Punch|p1a: Forretress\n|-supereffective|p1a: Forretress\n|-ability|p1a: Forretress|Sturdy\n|-damage|p1a: Forretress|1\/100\n|-enditem|p1a: Forretress|Red Card|[of] p2a: Groudon\n|-weather|none\n|drag|p2a: Lapras|Lapras, F, shiny|100\/100\n|move|p1a: Forretress|Stealth Rock|p2a: Lapras\n|-sidestart|p2: Rebe<3|move: Stealth Rock\n|\n|upkeep\n|turn|2\n|\n|t:|1698870538\n|move|p2a: Lapras|Ice Shard|p1a: Forretress\n|-resisted|p1a: Forretress\n|-damage|p1a: Forretress|0 fnt\n|faint|p1a: Forretress\n|\n|upkeep\n|\n|t:|1698870546\n|switch|p1a: Annihilape|Annihilape, F|100\/100\n|turn|3\n|\n|t:|1698870557\n|switch|p2a: Hoopa|Hoopa-Unbound|100\/100\n|-damage|p2a: Hoopa|88\/100|[from] Stealth Rock\n|move|p1a: Annihilape|Bulk Up|p1a: Annihilape\n|-boost|p1a: Annihilape|atk|1\n|-boost|p1a: Annihilape|def|1\n|\n|upkeep\n|turn|4\n|\n|t:|1698870579\n|move|p2a: Hoopa|Hyperspace Fury|p1a: Annihilape\n|-damage|p1a: Annihilape|56\/100\n|-unboost|p2a: Hoopa|def|1\n|move|p1a: Annihilape|Drain Punch|p2a: Hoopa\n|-damage|p2a: Hoopa|0 fnt\n|-heal|p1a: Annihilape|87\/100|[from] drain|[of] p2a: Hoopa\n|faint|p2a: Hoopa\n|\n|upkeep\n|\n|t:|1698870596\n|switch|p2a: Tapu Koko|Tapu Koko, shiny|100\/100\n|-damage|p2a: Tapu Koko|88\/100|[from] Stealth Rock\n|-fieldstart|move: Electric Terrain|[from] ability: Electric Surge|[of] p2a: Tapu Koko\n|turn|5\n|\n|t:|1698870600\n|move|p2a: Tapu Koko|U-turn|p1a: Annihilape\n|-resisted|p1a: Annihilape\n|-damage|p1a: Annihilape|83\/100\n|\n|t:|1698870602\n|switch|p2a: Iron Leaves|Iron Leaves|100\/100|[from] U-turn\n|-damage|p2a: Iron Leaves|88\/100|[from] Stealth Rock\n|-activate|p2a: Iron Leaves|ability: Quark Drive\n|-start|p2a: Iron Leaves|quarkdriveatk\n|move|p1a: Annihilape|Rage Fist|p2a: Iron Leaves\n|-supereffective|p2a: Iron Leaves\n|-damage|p2a: Iron Leaves|0 fnt\n|faint|p2a: Iron Leaves\n|-end|p2a: Iron Leaves|Quark Drive|[silent]\n|\n|upkeep\n|-message|Rebe<3 forfeited.\n|\n|win|AT183\n|raw|AT183's rating: 1161 &rarr; <strong>1179<\/strong><br \/>(+18 for winning)\n|raw|Rebe&lt;3's rating: 1060 &rarr; <strong>1046<\/strong><br \/>(-14 for losing)\n|l|\u2606Rebe<3\n","uploadtime":1698870621,"views":11,"p1id":"at183","p2id":"rebe3","formatid":"gen9nationaldexubers","rating":1046,"private":0,"password":""}