{"id":"gen9nationaldexubers-1988429456","p1":"VerduOsane","p2":"bluebrine","format":"[Gen 9] National Dex Ubers","log":"|j|\u2606VerduOsane\n|j|\u2606bluebrine\n|t:|1699722023\n|gametype|singles\n|player|p1|VerduOsane|1|1279\n|player|p2|bluebrine|tuber|1313\n|teamsize|p1|6\n|teamsize|p2|6\n|gen|9\n|tier|[Gen 9] National Dex Ubers\n|rated|\n|rule|HP Percentage Mod: HP is shown in percentages\n|rule|Endless Battle Clause: Forcing endless battles is banned\n|rule|OHKO Clause: OHKO moves are banned\n|rule|Evasion Moves Clause: Evasion moves are banned\n|rule|Evasion Items Clause: Evasion items are banned\n|rule|Species Clause: Limit one of each Pok\u00e9mon\n|rule|Sleep Clause Mod: Limit one foe put to sleep\n|rule|Mega Rayquaza Clause: You cannot mega evolve Rayquaza\n|clearpoke\n|poke|p1|Roaring Moon|\n|poke|p1|Naganadel|\n|poke|p1|Espathra, M|\n|poke|p1|Iron Bundle|\n|poke|p1|Urshifu-*, F|\n|poke|p1|Annihilape, F|\n|poke|p2|Salamence, M|\n|poke|p2|Lokix, M|\n|poke|p2|Avalugg, M|\n|poke|p2|Landorus, M|\n|poke|p2|Mimikyu, M|\n|poke|p2|Genesect|\n|teampreview\n|c|\u2606bluebrine|hi\n|c|\u2606bluebrine|gl :D\n|c|\u2606VerduOsane|kill me..\n|c|\u2606bluebrine|later\n|\n|t:|1699722043\n|start\n|switch|p1a: Espathra|Espathra, M|100\/100\n|switch|p2a: Lokix|Lokix, M|100\/100\n|turn|1\n|c|\u2606VerduOsane|irl preferably..\n|\n|t:|1699722057\n|switch|p1a: Annihilape|Annihilape, F|100\/100\n|move|p2a: Lokix|First Impression|p1a: Annihilape\n|-resisted|p1a: Annihilape\n|-crit|p1a: Annihilape\n|-damage|p1a: Annihilape|66\/100\n|-damage|p2a: Lokix|91\/100|[from] item: Life Orb\n|\n|-heal|p1a: Annihilape|72\/100|[from] item: Leftovers\n|upkeep\n|turn|2\n|c|\u2606bluebrine|and stored your head in my fridge?\n|c|\u2606bluebrine|with pleasure\n|\n|t:|1699722085\n|switch|p2a: Mimikyu|Mimikyu, M|100\/100\n|move|p1a: Annihilape|Rage Fist|p2a: Mimikyu\n|-activate|p2a: Mimikyu|ability: Disguise\n|-damage|p2a: Mimikyu|100\/100\n|detailschange|p2a: Mimikyu|Mimikyu-Busted, M\n|-damage|p2a: Mimikyu|88\/100|[from] pokemon: Mimikyu-Busted\n|\n|-heal|p1a: Annihilape|78\/100|[from] item: Leftovers\n|upkeep\n|turn|3\n|c|\u2606VerduOsane|no, just turn me into fucking dust..\n|c|\u2606bluebrine|Yes, with pleasure\n|\n|t:|1699722109\n|move|p2a: Mimikyu|Play Rough|p1a: Annihilape|[miss]\n|-miss|p2a: Mimikyu|p1a: Annihilape\n|move|p1a: Annihilape|Rage Fist|p2a: Mimikyu\n|-supereffective|p2a: Mimikyu\n|-damage|p2a: Mimikyu|0 fnt\n|faint|p2a: Mimikyu\n|\n|-heal|p1a: Annihilape|84\/100|[from] item: Leftovers\n|upkeep\n|\n|t:|1699722117\n|switch|p2a: Salamence|Salamence, M|100\/100\n|-ability|p2a: Salamence|Intimidate|boost\n|-unboost|p1a: Annihilape|atk|1\n|-ability|p1a: Annihilape|Defiant|boost\n|-boost|p1a: Annihilape|atk|2\n|turn|4\n|\n|t:|1699722129\n|detailschange|p2a: Salamence|Salamence-Mega, M\n|-mega|p2a: Salamence|Salamence|Salamencite\n|move|p2a: Salamence|Frustration|p1a: Annihilape\n|-supereffective|p1a: Annihilape\n|-damage|p1a: Annihilape|0 fnt\n|faint|p1a: Annihilape\n|\n|upkeep\n|\n|t:|1699722137\n|switch|p1a: Naganadel|Naganadel|100\/100\n|turn|5\n|\n|t:|1699722145\n|switch|p2a: Genesect|Genesect, shiny|100\/100\n|-ability|p2a: Genesect|Download|boost\n|-boost|p2a: Genesect|atk|1\n|move|p1a: Naganadel|Nasty Plot|p1a: Naganadel\n|-boost|p1a: Naganadel|spa|2\n|\n|upkeep\n|turn|6\n|\n|t:|1699722156\n|move|p2a: Genesect|Iron Head|p1a: Naganadel\n|-crit|p1a: Naganadel\n|-enditem|p1a: Naganadel|Focus Sash\n|-damage|p1a: Naganadel|1\/100\n|move|p1a: Naganadel|Flamethrower|p2a: Genesect\n|-supereffective|p2a: Genesect\n|-damage|p2a: Genesect|0 fnt\n|faint|p2a: Genesect\n|-ability|p1a: Naganadel|Beast Boost|boost\n|-boost|p1a: Naganadel|spe|1\n|\n|upkeep\n|\n|t:|1699722166\n|switch|p2a: Lokix|Lokix, M|91\/100\n|turn|7\n|c|\u2606VerduOsane|that\u2019s scarfed for sure\n|c|\u2606bluebrine|correct\n|\n|t:|1699722177\n|switch|p1a: Urshifu|Urshifu-Rapid-Strike, F|100\/100\n|move|p2a: Lokix|First Impression|p1a: Urshifu\n|-resisted|p1a: Urshifu\n|-damage|p1a: Urshifu|49\/100\n|-damage|p2a: Lokix|81\/100|[from] item: Life Orb\n|\n|upkeep\n|turn|8\n|c|\u2606bluebrine|was fish for a flinch :<\n|\n|t:|1699722190\n|move|p1a: Urshifu|Surging Strikes|p2a: Lokix\n|-crit|p2a: Lokix\n|-damage|p2a: Lokix|54\/100\n|-crit|p2a: Lokix\n|-damage|p2a: Lokix|24\/100\n|-crit|p2a: Lokix\n|-damage|p2a: Lokix|0 fnt\n|faint|p2a: Lokix\n|-hitcount|p2: Lokix|3\n|\n|upkeep\n|\n|t:|1699722194\n|switch|p2a: Salamence|Salamence-Mega, M|100\/100\n|turn|9\n|\n|t:|1699722200\n|move|p2a: Salamence|Dragon Dance|p2a: Salamence\n|-boost|p2a: Salamence|atk|1\n|-boost|p2a: Salamence|spe|1\n|move|p1a: Urshifu|Trailblaze|p2a: Salamence\n|-resisted|p2a: Salamence\n|-damage|p2a: Salamence|97\/100\n|-boost|p1a: Urshifu|spe|1\n|\n|upkeep\n|turn|10\n|c|\u2606VerduOsane|I lost..\n|\n|t:|1699722210\n|-terastallize|p1a: Urshifu|Water\n|move|p2a: Salamence|Frustration|p1a: Urshifu\n|-damage|p1a: Urshifu|0 fnt\n|faint|p1a: Urshifu\n|\n|upkeep\n|\n|t:|1699722212\n|switch|p1a: Iron Bundle|Iron Bundle|100\/100\n|-enditem|p1a: Iron Bundle|Booster Energy\n|-activate|p1a: Iron Bundle|ability: Quark Drive|[fromitem]\n|-start|p1a: Iron Bundle|quarkdrivespe\n|turn|11\n|\n|t:|1699722230\n|switch|p2a: Avalugg|Avalugg, M|100\/100\n|move|p1a: Iron Bundle|Freeze-Dry|p2a: Avalugg\n|-resisted|p2a: Avalugg\n|-damage|p2a: Avalugg|74\/100\n|\n|upkeep\n|turn|12\n|c|\u2606VerduOsane|and I wasted Tera so I\u2019m gonna off myself..\n|\n|t:|1699722242\n|move|p1a: Iron Bundle|Hydro Pump|p2a: Avalugg\n|-damage|p2a: Avalugg|0 fnt\n|faint|p2a: Avalugg\n|\n|upkeep\n|c|\u2606bluebrine|well, off to hang myself!\n|c|\u2606VerduOsane|let me join you..\n|inactive|Battle timer is ON: inactive players will automatically lose when time's up. (requested by VerduOsane)\n|\n|t:|1699722282\n|switch|p2a: Landorus|Landorus, M|100\/100\n|turn|13\n|\n|t:|1699722290\n|-terastallize|p2a: Landorus|Ice\n|move|p1a: Iron Bundle|Freeze-Dry|p2a: Landorus\n|-resisted|p2a: Landorus\n|-damage|p2a: Landorus|79\/100\n|move|p2a: Landorus|Earth Power|p1a: Iron Bundle\n|-damage|p1a: Iron Bundle|0 fnt\n|faint|p1a: Iron Bundle\n|-end|p1a: Iron Bundle|Quark Drive|[silent]\n|\n|upkeep\n|\n|t:|1699722296\n|switch|p1a: Naganadel|Naganadel|1\/100\n|turn|14\n|\n|t:|1699722301\n|move|p1a: Naganadel|Flamethrower|p2a: Landorus\n|-supereffective|p2a: Landorus\n|-damage|p2a: Landorus|1\/100\n|move|p2a: Landorus|Earth Power|p1a: Naganadel\n|-supereffective|p1a: Naganadel\n|-damage|p1a: Naganadel|0 fnt\n|faint|p1a: Naganadel\n|\n|upkeep\n|c|\u2606bluebrine|should have rock polish there\n|c|\u2606bluebrine|:<\n|c|\u2606VerduOsane|I\u2019m fucking done with this bullshit..\n|inactive|VerduOsane has 120 seconds left.\n|c|\u2606bluebrine|no stab, can't blame it.\n|\n|t:|1699722336\n|switch|p1a: Espathra|Espathra, M|100\/100\n|turn|15\n|\n|t:|1699722343\n|move|p1a: Espathra|Protect|p1a: Espathra\n|-singleturn|p1a: Espathra|Protect\n|move|p2a: Landorus|Earth Power|p1a: Espathra\n|-activate|p1a: Espathra|move: Protect\n|\n|-ability|p1a: Espathra|Speed Boost|boost\n|-boost|p1a: Espathra|spe|1\n|upkeep\n|turn|16\n|\n|t:|1699722350\n|move|p1a: Espathra|Dazzling Gleam|p2a: Landorus\n|-damage|p2a: Landorus|0 fnt\n|faint|p2a: Landorus\n|\n|-ability|p1a: Espathra|Speed Boost|boost\n|-boost|p1a: Espathra|spe|1\n|upkeep\n|\n|t:|1699722353\n|switch|p2a: Salamence|Salamence-Mega, M|97\/100\n|turn|17\n|\n|t:|1699722362\n|move|p1a: Espathra|Dazzling Gleam|p2a: Salamence\n|-supereffective|p2a: Salamence\n|-damage|p2a: Salamence|37\/100\n|move|p2a: Salamence|Frustration|p1a: Espathra\n|-damage|p1a: Espathra|0 fnt\n|faint|p1a: Espathra\n|\n|upkeep\n|\n|t:|1699722366\n|switch|p1a: Roaring Moon|Roaring Moon|100\/100\n|-enditem|p1a: Roaring Moon|Booster Energy\n|-activate|p1a: Roaring Moon|ability: Protosynthesis|[fromitem]\n|-start|p1a: Roaring Moon|protosynthesisatk\n|turn|18\n|\n|t:|1699722373\n|move|p2a: Salamence|Frustration|p1a: Roaring Moon\n|-damage|p1a: Roaring Moon|17\/100\n|move|p1a: Roaring Moon|Acrobatics|p2a: Salamence\n|-damage|p2a: Salamence|0 fnt\n|faint|p2a: Salamence\n|\n|win|VerduOsane\n|raw|VerduOsane's rating: 1279 &rarr; <strong>1306<\/strong><br \/>(+27 for winning)\n|raw|bluebrine's rating: 1313 &rarr; <strong>1291<\/strong><br \/>(-22 for losing)\n|c|\u2606bluebrine|gg\n|l|\u2606bluebrine\n|c|\u2606VerduOsane|gg..\n","uploadtime":1699722387,"views":11,"p1id":"verduosane","p2id":"bluebrine","formatid":"gen9nationaldexubers","rating":1291,"private":0,"password":""}