{"id":"gen9nationaldexubers-1994385127","p1":"Warpa1nt","p2":"balakeboma","format":"[Gen 9] National Dex Ubers","log":"|j|\u2606Warpa1nt\n|j|\u2606balakeboma\n|t:|1700437851\n|gametype|singles\n|player|p1|Warpa1nt|acetrainer-gen4dp|\n|player|p2|balakeboma|cynthia-gen7|\n|teamsize|p1|6\n|teamsize|p2|6\n|gen|9\n|tier|[Gen 9] National Dex Ubers\n|rule|HP Percentage Mod: HP is shown in percentages\n|rule|Endless Battle Clause: Forcing endless battles is banned\n|rule|OHKO Clause: OHKO moves are banned\n|rule|Evasion Moves Clause: Evasion moves are banned\n|rule|Evasion Items Clause: Evasion items are banned\n|rule|Species Clause: Limit one of each Pok\u00e9mon\n|rule|Sleep Clause Mod: Limit one foe put to sleep\n|rule|Mega Rayquaza Clause: You cannot mega evolve Rayquaza\n|clearpoke\n|poke|p1|Pidgeot, F|\n|poke|p1|Infernape, F|\n|poke|p1|Krookodile, M|\n|poke|p1|Rillaboom, M|\n|poke|p1|Tyrantrum, M|\n|poke|p1|Jellicent, F|\n|poke|p2|Clodsire, F|\n|poke|p2|Zapdos-Galar|\n|poke|p2|Ribombee, F|\n|poke|p2|Rotom-Wash|\n|poke|p2|Metagross|\n|poke|p2|Darkrai|\n|teampreview\n|j| Ren-of-Hearts\n|\n|t:|1700437923\n|start\n|switch|p1a: Pidgeot|Pidgeot, F|100\/100\n|switch|p2a: GokuElHispanica|Zapdos-Galar, shiny|100\/100\n|turn|1\n|\n|t:|1700437962\n|detailschange|p1a: Pidgeot|Pidgeot-Mega, F\n|-mega|p1a: Pidgeot|Pidgeot|Pidgeotite\n|move|p2a: GokuElHispanica|U-turn|p1a: Pidgeot\n|-resisted|p1a: Pidgeot\n|-damage|p1a: Pidgeot|85\/100\n|\n|t:|1700437966\n|switch|p2a: Black Bear|Rotom-Wash|100\/100|[from] U-turn\n|move|p1a: Pidgeot|Hurricane|p2a: Black Bear\n|-resisted|p2a: Black Bear\n|-damage|p2a: Black Bear|77\/100\n|-start|p2a: Black Bear|confusion\n|\n|-heal|p2a: Black Bear|83\/100|[from] item: Leftovers\n|upkeep\n|turn|2\n|\n|t:|1700437980\n|switch|p1a: Krookodile|Krookodile, M|100\/100\n|-ability|p1a: Krookodile|Intimidate|boost\n|-unboost|p2a: Black Bear|atk|1\n|-activate|p2a: Black Bear|confusion\n|move|p2a: Black Bear|Hydro Pump|p1a: Krookodile\n|-supereffective|p1a: Krookodile\n|-enditem|p1a: Krookodile|Passho Berry|[eat]\n|-enditem|p1a: Krookodile|Passho Berry|[weaken]\n|-damage|p1a: Krookodile|47\/100\n|\n|-heal|p2a: Black Bear|89\/100|[from] item: Leftovers\n|upkeep\n|turn|3\n|\n|t:|1700437996\n|move|p1a: Krookodile|Knock Off|p2a: Black Bear\n|-damage|p2a: Black Bear|40\/100\n|-enditem|p2a: Black Bear|Leftovers|[from] move: Knock Off|[of] p1a: Krookodile\n|-activate|p2a: Black Bear|confusion\n|move|p2a: Black Bear|Will-O-Wisp|p1a: Krookodile|[miss]\n|-miss|p2a: Black Bear|p1a: Krookodile\n|\n|upkeep\n|turn|4\n|\n|t:|1700438010\n|switch|p1a: Jellicent|Jellicent, F|100\/100\n|-activate|p2a: Black Bear|confusion\n|move|p2a: Black Bear|Hydro Pump|p1a: Jellicent\n|-immune|p1a: Jellicent|[from] ability: Water Absorb\n|\n|upkeep\n|turn|5\n|\n|t:|1700438023\n|-activate|p2a: Black Bear|confusion\n|move|p2a: Black Bear|Volt Switch|p1a: Jellicent\n|-supereffective|p1a: Jellicent\n|-damage|p1a: Jellicent|70\/100\n|l|\u2606balakeboma\n|player|p2|\n|c| Ren-of-Hearts|his internet's dying give him a moment\n|c|\u2606Warpa1nt|Oh totes cool\n|c|\u2606Warpa1nt|I will go grab something then\n|j|\u2606balakeboma\n|player|p2|balakeboma|cynthia-gen7\n|c|\u2606balakeboma|okay\n|c|\u2606balakeboma|i think im back\n|\n|t:|1700438193\n|switch|p2a: Krillin|Metagross|100\/100|[from] Volt Switch\n|move|p1a: Jellicent|Will-O-Wisp|p2a: Krillin\n|-status|p2a: Krillin|brn\n|\n|-heal|p1a: Jellicent|76\/100|[from] item: Leftovers\n|-damage|p2a: Krillin|95\/100 brn|[from] brn\n|upkeep\n|turn|6\n|\n|t:|1700438317\n|switch|p2a: Blue Luffy|Darkrai|100\/100\n|move|p1a: Jellicent|Hex|p2a: Blue Luffy\n|-resisted|p2a: Blue Luffy\n|-damage|p2a: Blue Luffy|87\/100\n|\n|-heal|p1a: Jellicent|83\/100|[from] item: Leftovers\n|upkeep\n|turn|7\n|\n|t:|1700438405\n|switch|p1a: Rillaboom|Rillaboom, M, shiny|100\/100\n|-fieldstart|move: Grassy Terrain|[from] ability: Grassy Surge|[of] p1a: Rillaboom\n|move|p2a: Blue Luffy|Spacial Rend|p1a: Rillaboom\n|-damage|p1a: Rillaboom|57\/100\n|\n|-heal|p2a: Blue Luffy|93\/100|[from] Grassy Terrain\n|-heal|p1a: Rillaboom|63\/100|[from] Grassy Terrain\n|upkeep\n|turn|8\n|\n|t:|1700438514\n|switch|p2a: Krillin|Metagross|95\/100 brn\n|move|p1a: Rillaboom|Fake Out|p2a: Krillin\n|-resisted|p2a: Krillin\n|-crit|p2a: Krillin\n|-damage|p2a: Krillin|85\/100 brn\n|\n|-heal|p2a: Krillin|91\/100 brn|[from] Grassy Terrain\n|-heal|p1a: Rillaboom|70\/100|[from] Grassy Terrain\n|-damage|p2a: Krillin|85\/100 brn|[from] brn\n|upkeep\n|turn|9\n|\n|t:|1700438532\n|detailschange|p2a: Krillin|Metagross-Mega\n|-mega|p2a: Krillin|Metagross|Metagrossite\n|move|p2a: Krillin|Meteor Mash|p1a: Rillaboom\n|-damage|p1a: Rillaboom|41\/100\n|-boost|p2a: Krillin|atk|1\n|move|p1a: Rillaboom|High Horsepower|p2a: Krillin\n|-supereffective|p2a: Krillin\n|-damage|p2a: Krillin|28\/100 brn\n|\n|-heal|p2a: Krillin|34\/100 brn|[from] Grassy Terrain\n|-heal|p1a: Rillaboom|47\/100|[from] Grassy Terrain\n|-damage|p2a: Krillin|28\/100 brn|[from] brn\n|upkeep\n|turn|10\n|\n|t:|1700438546\n|switch|p1a: Krookodile|Krookodile, M|47\/100\n|-ability|p1a: Krookodile|Intimidate|boost\n|-unboost|p2a: Krillin|atk|1\n|move|p2a: Krillin|Meteor Mash|p1a: Krookodile\n|-damage|p1a: Krookodile|9\/100\n|\n|-heal|p2a: Krillin|34\/100 brn|[from] Grassy Terrain\n|-heal|p1a: Krookodile|15\/100|[from] Grassy Terrain\n|-damage|p2a: Krillin|28\/100 brn|[from] brn\n|upkeep\n|turn|11\n|\n|t:|1700438560\n|move|p2a: Krillin|Bullet Punch|p1a: Krookodile\n|-damage|p1a: Krookodile|0 fnt\n|faint|p1a: Krookodile\n|\n|-heal|p2a: Krillin|34\/100 brn|[from] Grassy Terrain\n|-damage|p2a: Krillin|28\/100 brn|[from] brn\n|-fieldend|move: Grassy Terrain\n|upkeep\n|\n|t:|1700438570\n|switch|p1a: Jellicent|Jellicent, F|83\/100\n|turn|12\n|\n|t:|1700438588\n|move|p2a: Krillin|Zen Headbutt|p1a: Jellicent\n|-damage|p1a: Jellicent|51\/100\n|move|p1a: Jellicent|Hex|p2a: Krillin\n|-supereffective|p2a: Krillin\n|-damage|p2a: Krillin|0 fnt\n|faint|p2a: Krillin\n|\n|-heal|p1a: Jellicent|57\/100|[from] item: Leftovers\n|upkeep\n|\n|t:|1700438597\n|switch|p2a: Green Sanji|Ribombee, F, shiny|100\/100\n|turn|13\n|\n|t:|1700438603\n|-terastallize|p2a: Green Sanji|Dragon\n|move|p2a: Green Sanji|Substitute|p2a: Green Sanji\n|-start|p2a: Green Sanji|Substitute\n|-damage|p2a: Green Sanji|76\/100\n|move|p1a: Jellicent|Scald|p2a: Green Sanji\n|-resisted|p2a: Green Sanji\n|-activate|p2a: Green Sanji|move: Substitute|[damage]\n|\n|-heal|p2a: Green Sanji|82\/100|[from] item: Leftovers\n|-heal|p1a: Jellicent|64\/100|[from] item: Leftovers\n|upkeep\n|turn|14\n|\n|t:|1700438612\n|move|p2a: Green Sanji|Quiver Dance|p2a: Green Sanji\n|-boost|p2a: Green Sanji|spa|1\n|-boost|p2a: Green Sanji|spd|1\n|-boost|p2a: Green Sanji|spe|1\n|move|p1a: Jellicent|Recover|p1a: Jellicent\n|-heal|p1a: Jellicent|100\/100\n|\n|-heal|p2a: Green Sanji|88\/100|[from] item: Leftovers\n|upkeep\n|turn|15\n|\n|t:|1700438614\n|move|p2a: Green Sanji|Quiver Dance|p2a: Green Sanji\n|-boost|p2a: Green Sanji|spa|1\n|-boost|p2a: Green Sanji|spd|1\n|-boost|p2a: Green Sanji|spe|1\n|move|p1a: Jellicent|Hex|p2a: Green Sanji\n|-crit|p2a: Green Sanji\n|-end|p2a: Green Sanji|Substitute\n|\n|-heal|p2a: Green Sanji|94\/100|[from] item: Leftovers\n|upkeep\n|turn|16\n|\n|t:|1700438658\n|move|p2a: Green Sanji|Substitute|p2a: Green Sanji\n|-start|p2a: Green Sanji|Substitute\n|-damage|p2a: Green Sanji|69\/100\n|move|p1a: Jellicent|Hex|p2a: Green Sanji\n|-activate|p2a: Green Sanji|move: Substitute|[damage]\n|\n|-heal|p2a: Green Sanji|75\/100|[from] item: Leftovers\n|upkeep\n|turn|17\n|\n|t:|1700438666\n|move|p2a: Green Sanji|Quiver Dance|p2a: Green Sanji\n|-boost|p2a: Green Sanji|spa|1\n|-boost|p2a: Green Sanji|spd|1\n|-boost|p2a: Green Sanji|spe|1\n|move|p1a: Jellicent|Hex|p2a: Green Sanji\n|-end|p2a: Green Sanji|Substitute\n|\n|-heal|p2a: Green Sanji|81\/100|[from] item: Leftovers\n|upkeep\n|turn|18\n|\n|t:|1700438683\n|switch|p1a: Pidgeot|Pidgeot-Mega, F|85\/100\n|move|p2a: Green Sanji|Substitute|p2a: Green Sanji\n|-start|p2a: Green Sanji|Substitute\n|-damage|p2a: Green Sanji|56\/100\n|\n|-heal|p2a: Green Sanji|63\/100|[from] item: Leftovers\n|upkeep\n|turn|19\n|\n|t:|1700438687\n|move|p2a: Green Sanji|Quiver Dance|p2a: Green Sanji\n|-boost|p2a: Green Sanji|spa|1\n|-boost|p2a: Green Sanji|spd|1\n|-boost|p2a: Green Sanji|spe|1\n|move|p1a: Pidgeot|Hurricane|p2a: Green Sanji\n|-end|p2a: Green Sanji|Substitute\n|\n|-heal|p2a: Green Sanji|69\/100|[from] item: Leftovers\n|upkeep\n|turn|20\n|\n|t:|1700438705\n|move|p2a: Green Sanji|Moonblast|p1a: Pidgeot\n|-damage|p1a: Pidgeot|0 fnt\n|faint|p1a: Pidgeot\n|\n|-heal|p2a: Green Sanji|75\/100|[from] item: Leftovers\n|upkeep\n|\n|t:|1700438713\n|switch|p1a: Rillaboom|Rillaboom, M, shiny|47\/100\n|-fieldstart|move: Grassy Terrain|[from] ability: Grassy Surge|[of] p1a: Rillaboom\n|turn|21\n|\n|t:|1700438721\n|move|p1a: Rillaboom|Fake Out|p2a: Green Sanji\n|-damage|p2a: Green Sanji|45\/100\n|move|p2a: Green Sanji|Moonblast|p1a: Rillaboom\n|-damage|p1a: Rillaboom|0 fnt\n|faint|p1a: Rillaboom\n|\n|-heal|p2a: Green Sanji|51\/100|[from] Grassy Terrain\n|-heal|p2a: Green Sanji|57\/100|[from] item: Leftovers\n|upkeep\n|\n|t:|1700438727\n|switch|p1a: Tyrantrum|Tyrantrum, M|100\/100\n|turn|22\n|\n|t:|1700438737\n|move|p2a: Green Sanji|Moonblast|p1a: Tyrantrum\n|-supereffective|p1a: Tyrantrum\n|-damage|p1a: Tyrantrum|0 fnt\n|faint|p1a: Tyrantrum\n|\n|-heal|p2a: Green Sanji|63\/100|[from] Grassy Terrain\n|-heal|p2a: Green Sanji|69\/100|[from] item: Leftovers\n|upkeep\n|\n|t:|1700438741\n|switch|p1a: Infernape|Infernape, F|100\/100\n|turn|23\n|\n|t:|1700438747\n|move|p1a: Infernape|Vacuum Wave|p2a: Green Sanji\n|-damage|p2a: Green Sanji|53\/100\n|move|p2a: Green Sanji|Moonblast|p1a: Infernape\n|-damage|p1a: Infernape|0 fnt\n|faint|p1a: Infernape\n|\n|-heal|p2a: Green Sanji|59\/100|[from] Grassy Terrain\n|-heal|p2a: Green Sanji|65\/100|[from] item: Leftovers\n|upkeep\n|\n|t:|1700438751\n|switch|p1a: Jellicent|Jellicent, F|100\/100\n|turn|24\n|\n|t:|1700438753\n|move|p2a: Green Sanji|Moonblast|p1a: Jellicent\n|-damage|p1a: Jellicent|21\/100\n|move|p1a: Jellicent|Hex|p2a: Green Sanji\n|-damage|p2a: Green Sanji|52\/100\n|\n|-heal|p2a: Green Sanji|58\/100|[from] Grassy Terrain\n|-heal|p2a: Green Sanji|64\/100|[from] item: Leftovers\n|-heal|p1a: Jellicent|27\/100|[from] Grassy Terrain\n|-heal|p1a: Jellicent|33\/100|[from] item: Leftovers\n|upkeep\n|turn|25\n|\n|t:|1700438763\n|move|p2a: Green Sanji|Moonblast|p1a: Jellicent\n|-damage|p1a: Jellicent|0 fnt\n|faint|p1a: Jellicent\n|\n|win|balakeboma\n|c|\u2606Warpa1nt|gg\n|c|\u2606balakeboma|ggs\n|c|\u2606Warpa1nt|I was not ready for that bee\n|c|\u2606balakeboma|dont underestimate my bee\n|c|\u2606balakeboma|lmao\n","uploadtime":1700438777,"views":45,"p1id":"warpa1nt","p2id":"balakeboma","formatid":"gen9nationaldexubers","rating":0,"private":0,"password":""}