{"id":"gen9nationaldexubers-1993033531","p1":"Wendigo666","p2":"MorningStar53","format":"[Gen 9] National Dex Ubers","log":"|j|\u2606Wendigo666\n|j|\u2606MorningStar53\n|t:|1700257497\n|gametype|singles\n|player|p1|Wendigo666|tucker-gen3|1408\n|player|p2|MorningStar53|li|1505\n|teamsize|p1|6\n|teamsize|p2|6\n|gen|9\n|tier|[Gen 9] National Dex Ubers\n|rated|\n|rule|HP Percentage Mod: HP is shown in percentages\n|rule|Endless Battle Clause: Forcing endless battles is banned\n|rule|OHKO Clause: OHKO moves are banned\n|rule|Evasion Moves Clause: Evasion moves are banned\n|rule|Evasion Items Clause: Evasion items are banned\n|rule|Species Clause: Limit one of each Pok\u00e9mon\n|rule|Sleep Clause Mod: Limit one foe put to sleep\n|rule|Mega Rayquaza Clause: You cannot mega evolve Rayquaza\n|clearpoke\n|poke|p1|Pyukumuku, M|\n|poke|p1|Melmetal|\n|poke|p1|Darkrai|\n|poke|p1|Regieleki|\n|poke|p1|Rayquaza|\n|poke|p1|Arceus|\n|poke|p2|Marshadow|\n|poke|p2|Arceus-Water|\n|poke|p2|Xerneas-*|\n|poke|p2|Salamence, M|\n|poke|p2|Groudon|\n|poke|p2|Lugia|\n|teampreview\n|\n|t:|1700257511\n|start\n|switch|p1a: Destiny|Darkrai|100\/100\n|switch|p2a: Lugia|Lugia|100\/100\n|turn|1\n|\n|t:|1700257518\n|-zpower|p1a: Destiny\n|move|p1a: Destiny|Z-Hypnosis|p2a: Lugia|[anim]Hypnosis\n|-boost|p1a: Destiny|spe|1|[zeffect]\n|-status|p2a: Lugia|slp|[from] move: Hypnosis\n|cant|p2a: Lugia|slp\n|\n|-damage|p2a: Lugia|88\/100 slp|[from] ability: Bad Dreams|[of] p1a: Destiny\n|upkeep\n|turn|2\n|\n|t:|1700257528\n|move|p1a: Destiny|Nasty Plot|p1a: Destiny\n|-boost|p1a: Destiny|spa|2\n|cant|p2a: Lugia|slp\n|\n|-heal|p2a: Lugia|94\/100 slp|[from] item: Leftovers\n|-damage|p2a: Lugia|82\/100 slp|[from] ability: Bad Dreams|[of] p1a: Destiny\n|upkeep\n|turn|3\n|\n|t:|1700257536\n|move|p1a: Destiny|Dark Pulse|p2a: Lugia\n|-supereffective|p2a: Lugia\n|-crit|p2a: Lugia\n|-damage|p2a: Lugia|0 fnt\n|faint|p2a: Lugia\n|\n|upkeep\n|\n|t:|1700257541\n|switch|p2a: Marshadow|Marshadow|100\/100\n|turn|4\n|\n|t:|1700257546\n|move|p1a: Destiny|Hypnosis|p2a: Marshadow\n|-status|p2a: Marshadow|slp|[from] move: Hypnosis\n|cant|p2a: Marshadow|slp\n|\n|-damage|p2a: Marshadow|88\/100 slp|[from] ability: Bad Dreams|[of] p1a: Destiny\n|upkeep\n|turn|5\n|\n|t:|1700257551\n|move|p1a: Destiny|Dark Pulse|p2a: Marshadow\n|-damage|p2a: Marshadow|0 fnt\n|faint|p2a: Marshadow\n|\n|upkeep\n|\n|t:|1700257556\n|switch|p2a: Xerneas|Xerneas|100\/100\n|-ability|p2a: Xerneas|Fairy Aura\n|turn|6\n|\n|t:|1700257562\n|move|p1a: Destiny|Ice Beam|p2a: Xerneas\n|-damage|p2a: Xerneas|48\/100\n|-status|p2a: Xerneas|frz\n|cant|p2a: Xerneas|frz\n|\n|upkeep\n|turn|7\n|c|\u2606MorningStar53|rng at this moment said i lose\n|\n|t:|1700257581\n|move|p1a: Destiny|Ice Beam|p2a: Xerneas\n|-damage|p2a: Xerneas|0 fnt\n|faint|p2a: Xerneas\n|\n|upkeep\n|\n|t:|1700257586\n|switch|p2a: Salamence|Salamence, M|100\/100\n|-ability|p2a: Salamence|Intimidate|boost\n|-unboost|p1a: Destiny|atk|1\n|turn|8\n|\n|t:|1700257592\n|switch|p2a: Arceus|Arceus-Water|100\/100\n|move|p1a: Destiny|Ice Beam|p2a: Arceus\n|-resisted|p2a: Arceus\n|-damage|p2a: Arceus|81\/100\n|\n|upkeep\n|turn|9\n|\n|t:|1700257598\n|move|p1a: Destiny|Hypnosis|p2a: Arceus\n|-status|p2a: Arceus|slp|[from] move: Hypnosis\n|cant|p2a: Arceus|slp\n|\n|-damage|p2a: Arceus|69\/100 slp|[from] ability: Bad Dreams|[of] p1a: Destiny\n|upkeep\n|turn|10\n|\n|t:|1700257608\n|move|p1a: Destiny|Dark Pulse|p2a: Arceus\n|-damage|p2a: Arceus|11\/100 slp\n|cant|p2a: Arceus|slp\n|\n|-damage|p2a: Arceus|0 fnt|[from] ability: Bad Dreams|[of] p1a: Destiny\n|faint|p2a: Arceus\n|upkeep\n|\n|t:|1700257616\n|switch|p2a: Groudon|Groudon|100\/100\n|detailschange|p2a: Groudon|Groudon-Primal\n|-primal|p2a: Groudon|Red Orb\n|-weather|DesolateLand|[from] ability: Desolate Land|[of] p2a: Groudon\n|turn|11\n|\n|t:|1700257625\n|move|p1a: Destiny|Dark Pulse|p2a: Groudon\n|-damage|p2a: Groudon|14\/100\n|cant|p2a: Groudon|flinch\n|\n|-weather|DesolateLand|[upkeep]\n|upkeep\n|turn|12\n|\n|t:|1700257631\n|move|p1a: Destiny|Dark Pulse|p2a: Groudon\n|-damage|p2a: Groudon|0 fnt\n|faint|p2a: Groudon\n|-weather|none\n|\n|upkeep\n|c|\u2606Wendigo666|howwww\n|\n|t:|1700257636\n|switch|p2a: Salamence|Salamence, M|100\/100\n|-ability|p2a: Salamence|Intimidate|boost\n|-unboost|p1a: Destiny|atk|1\n|turn|13\n|inactive|Battle timer is ON: inactive players will automatically lose when time's up. (requested by Wendigo666)\n|c|\u2606MorningStar53|rng just doesnt want me to win this one. been on a winning streak\n|\n|t:|1700257667\n|detailschange|p2a: Salamence|Salamence-Mega, M\n|-mega|p2a: Salamence|Salamence|Salamencite\n|move|p1a: Destiny|Ice Beam|p2a: Salamence\n|-supereffective|p2a: Salamence\n|-damage|p2a: Salamence|0 fnt\n|faint|p2a: Salamence\n|\n|win|Wendigo666\n|raw|Wendigo666's rating: 1408 &rarr; <strong>1433<\/strong><br \/>(+25 for winning)\n|raw|MorningStar53's rating: 1505 &rarr; <strong>1480<\/strong><br \/>(-25 for losing)\n|c|\u2606MorningStar53|gg\n","uploadtime":1700257683,"views":13,"p1id":"wendigo666","p2id":"morningstar53","formatid":"gen9nationaldexubers","rating":1433,"private":0,"password":""}