{"id":"gen9nationaldexubers-1990622733","p1":"PeriodicFish","p2":"TRIPLE RILABOOM","format":"[Gen 9] National Dex Ubers","log":"|j|\u2606PeriodicFish\n|j|\u2606TRIPLE RILABOOM\n|t:|1699986516\n|gametype|singles\n|player|p1|PeriodicFish|juan|1049\n|player|p2|TRIPLE RILABOOM|102|1135\n|teamsize|p1|6\n|teamsize|p2|6\n|gen|9\n|tier|[Gen 9] National Dex Ubers\n|rated|\n|rule|HP Percentage Mod: HP is shown in percentages\n|rule|Endless Battle Clause: Forcing endless battles is banned\n|rule|OHKO Clause: OHKO moves are banned\n|rule|Evasion Moves Clause: Evasion moves are banned\n|rule|Evasion Items Clause: Evasion items are banned\n|rule|Species Clause: Limit one of each Pok\u00e9mon\n|rule|Sleep Clause Mod: Limit one foe put to sleep\n|rule|Mega Rayquaza Clause: You cannot mega evolve Rayquaza\n|clearpoke\n|poke|p1|Mewtwo|\n|poke|p1|Kangaskhan, F|\n|poke|p1|Dracovish|\n|poke|p1|Annihilape, F|\n|poke|p1|Palafin, M|\n|poke|p1|Cyclizar, F|\n|poke|p2|Marshadow|\n|poke|p2|Darmanitan-Galar, F|\n|poke|p2|Gholdengo|\n|poke|p2|Galvantula, M|\n|poke|p2|Zarude|\n|poke|p2|Great Tusk|\n|teampreview\n|\n|t:|1699986523\n|start\n|switch|p1a: Palafin|Palafin, M|100\/100\n|switch|p2a: Galvantula|Galvantula, M|100\/100\n|turn|1\n|c|\u2606PeriodicFish|you have no rillaboom\n|c|\u2606PeriodicFish|this is dissapointing\n|\n|t:|1699986549\n|move|p2a: Galvantula|Sticky Web|p1a: Palafin\n|-sidestart|p1: PeriodicFish|move: Sticky Web\n|move|p1a: Palafin|Flip Turn|p2a: Galvantula\n|-damage|p2a: Galvantula|57\/100\n|\n|t:|1699986554\n|detailschange|p1a: Palafin|Palafin-Hero, M\n|switch|p1a: Cyclizar|Cyclizar, F|100\/100|[from] Flip Turn\n|-activate|p1a: Cyclizar|move: Sticky Web\n|-unboost|p1a: Cyclizar|spe|1\n|\n|upkeep\n|turn|2\n|c|\u2606TRIPLE RILABOOM|ur a disappointment\n|\n|t:|1699986566\n|move|p2a: Galvantula|Volt Switch|p1a: Cyclizar\n|-resisted|p1a: Cyclizar\n|-damage|p1a: Cyclizar|75\/100\n|c|\u2606PeriodicFish|ur playing pokemon showdown\n|\n|t:|1699986574\n|switch|p2a: Gholdengo|Gholdengo|100\/100|[from] Volt Switch\n|-item|p2a: Gholdengo|Air Balloon\n|move|p1a: Cyclizar|Shed Tail|p1a: Cyclizar\n|-start|p1a: Cyclizar|Substitute|[from] move: Shed Tail\n|-damage|p1a: Cyclizar|25\/100\n|\n|t:|1699986585\n|switch|p1a: Palafin|Palafin-Hero, M|100\/100|[from] Shed Tail\n|-activate|p1a: Palafin|move: Sticky Web\n|-unboost|p1a: Palafin|spe|1\n|-activate|p1a: Palafin|ability: Zero to Hero\n|\n|upkeep\n|turn|3\n|c|\u2606TRIPLE RILABOOM|okkkkk\n|\n|t:|1699986598\n|move|p2a: Gholdengo|Shadow Ball|p1a: Palafin\n|-end|p1a: Palafin|Substitute\n|move|p1a: Palafin|Aqua Tail|p2a: Gholdengo|[miss]\n|-miss|p1a: Palafin|p2a: Gholdengo\n|\n|upkeep\n|turn|4\n|\n|t:|1699986607\n|move|p2a: Gholdengo|Make It Rain|p1a: Palafin\n|-resisted|p1a: Palafin\n|-damage|p1a: Palafin|68\/100\n|-unboost|p2a: Gholdengo|spa|1\n|move|p1a: Palafin|Aqua Tail|p2a: Gholdengo\n|-damage|p2a: Gholdengo|38\/100\n|-enditem|p2a: Gholdengo|Air Balloon\n|\n|upkeep\n|turn|5\n|\n|t:|1699986622\n|move|p2a: Gholdengo|Recover|p2a: Gholdengo\n|-heal|p2a: Gholdengo|88\/100\n|move|p1a: Palafin|Aqua Tail|p2a: Gholdengo|[miss]\n|-miss|p1a: Palafin|p2a: Gholdengo\n|\n|upkeep\n|turn|6\n|c|\u2606PeriodicFish|bruh\n|\n|t:|1699986632\n|move|p2a: Gholdengo|Shadow Ball|p1a: Palafin\n|-damage|p1a: Palafin|36\/100\n|move|p1a: Palafin|Aqua Tail|p2a: Gholdengo\n|-damage|p2a: Gholdengo|26\/100\n|\n|upkeep\n|turn|7\n|\n|t:|1699986639\n|move|p2a: Gholdengo|Shadow Ball|p1a: Palafin\n|-damage|p1a: Palafin|2\/100\n|move|p1a: Palafin|Aqua Tail|p2a: Gholdengo\n|-damage|p2a: Gholdengo|0 fnt\n|faint|p2a: Gholdengo\n|\n|upkeep\n|\n|t:|1699986646\n|switch|p2a: Marshadow|Marshadow|100\/100\n|turn|8\n|\n|t:|1699986651\n|move|p2a: Marshadow|Shadow Sneak|p1a: Palafin\n|-damage|p1a: Palafin|0 fnt\n|faint|p1a: Palafin\n|\n|upkeep\n|\n|t:|1699986658\n|switch|p1a: Mewtwo|Mewtwo|100\/100\n|-activate|p1a: Mewtwo|move: Sticky Web\n|-unboost|p1a: Mewtwo|spe|1\n|-ability|p1a: Mewtwo|Pressure\n|turn|9\n|\n|t:|1699986669\n|move|p2a: Marshadow|Swagger|p1a: Mewtwo\n|-boost|p1a: Mewtwo|atk|2\n|-enditem|p2a: Marshadow|Mirror Herb\n|-boost|p2a: Marshadow|atk|2|[from] item: Mirror Herb\n|-start|p1a: Mewtwo|confusion\n|-activate|p1a: Mewtwo|confusion\n|-zpower|p1a: Mewtwo\n|move|p1a: Mewtwo|Z-Psychic Terrain|p1a: Mewtwo|[anim]Psychic Terrain\n|-boost|p1a: Mewtwo|spa|1|[zeffect]\n|-fieldstart|move: Psychic Terrain\n|\n|upkeep\n|turn|10\n|\n|t:|1699986686\n|move|p2a: Marshadow|Spectral Thief||[still]\n|-clearpositiveboost|p1a: Mewtwo|p2a: Marshadow|move: Spectral Thief\n|-boost|p2a: Marshadow|atk|2\n|-boost|p2a: Marshadow|spa|1\n|-anim|p2a: Marshadow|Spectral Thief|p1a: Mewtwo\n|-supereffective|p1a: Mewtwo\n|-damage|p1a: Mewtwo|0 fnt\n|faint|p1a: Mewtwo\n|\n|upkeep\n|-message|PeriodicFish forfeited.\n|\n|win|TRIPLE RILABOOM\n|raw|PeriodicFish's rating: 1049 &rarr; <strong>1036<\/strong><br \/>(-13 for losing)\n|raw|TRIPLE RILABOOM's rating: 1135 &rarr; <strong>1154<\/strong><br \/>(+19 for winning)\n|l|\u2606PeriodicFish\n|c|\u2606TRIPLE RILABOOM|LOL\n","uploadtime":1699986937,"views":15,"p1id":"periodicfish","p2id":"triplerilaboom","formatid":"gen9nationaldexubers","rating":1036,"private":0,"password":""}