{"id":"gen9nationaldexubers-1980325868","p1":"BiggyPidgey","p2":"Gtg g u2","format":"[Gen 9] National Dex Ubers","log":"|j|\u2606BiggyPidgey\n|j|\u2606Gtg g u2\n|t:|1698775517\n|gametype|singles\n|player|p1|BiggyPidgey|pokemonranger-gen4|1163\n|player|p2|Gtg g u2|red-masters|1103\n|teamsize|p1|6\n|teamsize|p2|6\n|gen|9\n|tier|[Gen 9] National Dex Ubers\n|rated|\n|rule|HP Percentage Mod: HP is shown in percentages\n|rule|Endless Battle Clause: Forcing endless battles is banned\n|rule|OHKO Clause: OHKO moves are banned\n|rule|Evasion Moves Clause: Evasion moves are banned\n|rule|Evasion Items Clause: Evasion items are banned\n|rule|Species Clause: Limit one of each Pok\u00e9mon\n|rule|Sleep Clause Mod: Limit one foe put to sleep\n|rule|Mega Rayquaza Clause: You cannot mega evolve Rayquaza\n|clearpoke\n|poke|p1|Volcarona, F|\n|poke|p1|Excadrill, M|\n|poke|p1|Darmanitan-Galar, F|\n|poke|p1|Cloyster, M|\n|poke|p1|Blastoise, F|\n|poke|p1|Magearna|\n|poke|p2|Pikachu, M|\n|poke|p2|Rillaboom, M|\n|poke|p2|Cramorant, M|\n|poke|p2|Grapploct, M|\n|poke|p2|Centiskorch, M|\n|poke|p2|Runerigus, F|\n|teampreview\n|inactive|Battle timer is ON: inactive players will automatically lose when time's up. (requested by Gtg g u2)\n|\n|t:|1698775524\n|start\n|switch|p1a: Darmanitan|Darmanitan-Galar, F|100\/100\n|switch|p2a: Rillaboom|Rillaboom, M|100\/100\n|-fieldstart|move: Grassy Terrain|[from] ability: Grassy Surge|[of] p2a: Rillaboom\n|turn|1\n|\n|t:|1698775530\n|move|p1a: Darmanitan|Icicle Crash|p2a: Rillaboom\n|-supereffective|p2a: Rillaboom\n|-damage|p2a: Rillaboom|0 fnt\n|faint|p2a: Rillaboom\n|\n|upkeep\n|\n|t:|1698775532\n|switch|p2a: Centiskorch|Centiskorch, M|100\/100\n|turn|2\n|\n|t:|1698775538\n|-terastallize|p1a: Darmanitan|Water\n|move|p1a: Darmanitan|Icicle Crash|p2a: Centiskorch\n|-resisted|p2a: Centiskorch\n|-damage|p2a: Centiskorch|56\/100\n|move|p2a: Centiskorch|Fire Lash|p1a: Darmanitan\n|-resisted|p1a: Darmanitan\n|-damage|p1a: Darmanitan|68\/100\n|-unboost|p1a: Darmanitan|def|1\n|\n|-heal|p1a: Darmanitan|74\/100|[from] Grassy Terrain\n|-heal|p2a: Centiskorch|63\/100|[from] Grassy Terrain\n|upkeep\n|turn|3\n|\n|t:|1698775551\n|switch|p1a: Blastoise|Blastoise, F|100\/100\n|move|p2a: Centiskorch|Power Whip|p1a: Blastoise\n|-supereffective|p1a: Blastoise\n|-damage|p1a: Blastoise|0 fnt\n|faint|p1a: Blastoise\n|\n|-heal|p2a: Centiskorch|69\/100|[from] Grassy Terrain\n|upkeep\n|\n|t:|1698775560\n|switch|p1a: Excadrill|Excadrill, M|100\/100\n|-ability|p1a: Excadrill|Mold Breaker\n|turn|4\n|\n|t:|1698775564\n|switch|p2a: Cramorant|Cramorant, M|100\/100\n|move|p1a: Excadrill|Stealth Rock|p2a: Cramorant\n|-sidestart|p2: Gtg g u2|move: Stealth Rock\n|\n|upkeep\n|turn|5\n|\n|t:|1698775572\n|switch|p1a: Cloyster|Cloyster, M|100\/100\n|move|p2a: Cramorant|Surf|p1a: Cloyster\n|-formechange|p2a: Cramorant|Cramorant-Gulping|\n|-resisted|p1a: Cloyster\n|-damage|p1a: Cloyster|56\/100\n|\n|-heal|p1a: Cloyster|62\/100|[from] Grassy Terrain\n|-fieldend|move: Grassy Terrain\n|upkeep\n|turn|6\n|\n|t:|1698775581\n|move|p2a: Cramorant|Hurricane|p1a: Cloyster|[miss]\n|-miss|p2a: Cramorant|p1a: Cloyster\n|move|p1a: Cloyster|Shell Smash|p1a: Cloyster\n|-unboost|p1a: Cloyster|def|1\n|-unboost|p1a: Cloyster|spd|1\n|-boost|p1a: Cloyster|atk|2\n|-boost|p1a: Cloyster|spa|2\n|-boost|p1a: Cloyster|spe|2\n|\n|upkeep\n|turn|7\n|\n|t:|1698775588\n|move|p1a: Cloyster|Icicle Spear|p2a: Cramorant\n|-damage|p2a: Cramorant|57\/100\n|-damage|p1a: Cloyster|37\/100|[from] ability: Gulp Missile|[of] p2a: Cramorant\n|-unboost|p1a: Cloyster|def|1\n|-formechange|p2a: Cramorant|Cramorant|\n|-damage|p2a: Cramorant|11\/100\n|-damage|p2a: Cramorant|0 fnt\n|faint|p2a: Cramorant\n|-hitcount|p2: Cramorant|3\n|\n|upkeep\n|\n|t:|1698775590\n|switch|p2a: Grapploct|Grapploct, M|100\/100\n|-damage|p2a: Grapploct|94\/100|[from] Stealth Rock\n|turn|8\n|\n|t:|1698775600\n|-terastallize|p2a: Grapploct|Water\n|move|p1a: Cloyster|Icicle Spear|p2a: Grapploct\n|-resisted|p2a: Grapploct\n|-damage|p2a: Grapploct|83\/100\n|-resisted|p2a: Grapploct\n|-damage|p2a: Grapploct|71\/100\n|-resisted|p2a: Grapploct\n|-damage|p2a: Grapploct|60\/100\n|-resisted|p2a: Grapploct\n|-damage|p2a: Grapploct|50\/100\n|-resisted|p2a: Grapploct\n|-damage|p2a: Grapploct|40\/100\n|-hitcount|p2a: Grapploct|5\n|move|p2a: Grapploct|Drain Punch|p1a: Cloyster\n|-supereffective|p1a: Cloyster\n|-damage|p1a: Cloyster|0 fnt\n|-heal|p2a: Grapploct|52\/100|[from] drain|[of] p1a: Cloyster\n|faint|p1a: Cloyster\n|\n|-heal|p2a: Grapploct|58\/100|[from] item: Leftovers\n|upkeep\n|\n|t:|1698775621\n|switch|p1a: Excadrill|Excadrill, M|100\/100\n|-ability|p1a: Excadrill|Mold Breaker\n|turn|9\n|\n|t:|1698775626\n|move|p1a: Excadrill|Earthquake|p2a: Grapploct\n|-damage|p2a: Grapploct|7\/100\n|move|p2a: Grapploct|Drain Punch|p1a: Excadrill\n|-supereffective|p1a: Excadrill\n|-enditem|p1a: Excadrill|Focus Sash\n|-damage|p1a: Excadrill|1\/100\n|-heal|p2a: Grapploct|56\/100|[from] drain|[of] p1a: Excadrill\n|\n|-heal|p2a: Grapploct|62\/100|[from] item: Leftovers\n|upkeep\n|turn|10\n|\n|t:|1698775635\n|move|p1a: Excadrill|Earthquake|p2a: Grapploct\n|-damage|p2a: Grapploct|8\/100\n|move|p2a: Grapploct|Drain Punch|p1a: Excadrill\n|-supereffective|p1a: Excadrill\n|-damage|p1a: Excadrill|0 fnt\n|-heal|p2a: Grapploct|9\/100|[from] drain|[of] p1a: Excadrill\n|faint|p1a: Excadrill\n|\n|-heal|p2a: Grapploct|15\/100|[from] item: Leftovers\n|upkeep\n|\n|t:|1698775644\n|switch|p1a: Volcarona|Volcarona, F|100\/100\n|turn|11\n|\n|t:|1698775647\n|move|p1a: Volcarona|Quiver Dance|p1a: Volcarona\n|-boost|p1a: Volcarona|spa|1\n|-boost|p1a: Volcarona|spd|1\n|-boost|p1a: Volcarona|spe|1\n|move|p2a: Grapploct|Circle Throw|p1a: Volcarona\n|-resisted|p1a: Volcarona\n|-damage|p1a: Volcarona|64\/100\n|-status|p2a: Grapploct|brn|[from] ability: Flame Body|[of] p1a: Volcarona\n|drag|p1a: Magearna|Magearna|100\/100\n|\n|-heal|p2a: Grapploct|21\/100 brn|[from] item: Leftovers\n|-damage|p2a: Grapploct|15\/100 brn|[from] brn\n|upkeep\n|turn|12\n|\n|t:|1698775658\n|move|p1a: Magearna|Shift Gear|p1a: Magearna\n|-boost|p1a: Magearna|spe|2\n|-boost|p1a: Magearna|atk|1\n|move|p2a: Grapploct|Octolock|p1a: Magearna\n|-start|p1a: Magearna|move: Octolock|[of] p2a: Grapploct\n|\n|-heal|p2a: Grapploct|21\/100 brn|[from] item: Leftovers\n|-damage|p2a: Grapploct|15\/100 brn|[from] brn\n|-unboost|p1a: Magearna|def|1\n|-unboost|p1a: Magearna|spd|1\n|upkeep\n|turn|13\n|\n|t:|1698775668\n|move|p1a: Magearna|Calm Mind|p1a: Magearna\n|-boost|p1a: Magearna|spa|1\n|-boost|p1a: Magearna|spd|1\n|move|p2a: Grapploct|Drain Punch|p1a: Magearna\n|-damage|p1a: Magearna|69\/100\n|-heal|p2a: Grapploct|28\/100 brn|[from] drain|[of] p1a: Magearna\n|\n|-heal|p2a: Grapploct|34\/100 brn|[from] item: Leftovers\n|-damage|p2a: Grapploct|28\/100 brn|[from] brn\n|-unboost|p1a: Magearna|def|1\n|-unboost|p1a: Magearna|spd|1\n|upkeep\n|turn|14\n|\n|t:|1698775679\n|move|p1a: Magearna|Focus Blast|p2a: Grapploct|[miss]\n|-miss|p1a: Magearna|p2a: Grapploct\n|move|p2a: Grapploct|Drain Punch|p1a: Magearna\n|-damage|p1a: Magearna|32\/100\n|-heal|p2a: Grapploct|43\/100 brn|[from] drain|[of] p1a: Magearna\n|\n|-heal|p2a: Grapploct|49\/100 brn|[from] item: Leftovers\n|-damage|p2a: Grapploct|43\/100 brn|[from] brn\n|-unboost|p1a: Magearna|def|1\n|-unboost|p1a: Magearna|spd|1\n|upkeep\n|turn|15\n|\n|t:|1698775691\n|move|p1a: Magearna|Focus Blast|p2a: Grapploct|[miss]\n|-miss|p1a: Magearna|p2a: Grapploct\n|move|p2a: Grapploct|Circle Throw|p1a: Magearna\n|-damage|p1a: Magearna|0 fnt\n|faint|p1a: Magearna\n|\n|-heal|p2a: Grapploct|49\/100 brn|[from] item: Leftovers\n|-damage|p2a: Grapploct|43\/100 brn|[from] brn\n|upkeep\n|\n|t:|1698775701\n|switch|p1a: Volcarona|Volcarona, F|64\/100\n|turn|16\n|\n|t:|1698775707\n|move|p1a: Volcarona|Psychic|p2a: Grapploct\n|-damage|p2a: Grapploct|8\/100 brn\n|move|p2a: Grapploct|Circle Throw|p1a: Volcarona\n|-resisted|p1a: Volcarona\n|-damage|p1a: Volcarona|47\/100\n|drag|p1a: Darmanitan|Darmanitan-Galar, F, tera:Water|74\/100\n|\n|-heal|p2a: Grapploct|14\/100 brn|[from] item: Leftovers\n|-damage|p2a: Grapploct|8\/100 brn|[from] brn\n|upkeep\n|turn|17\n|\n|t:|1698775719\n|move|p1a: Darmanitan|Earthquake|p2a: Grapploct\n|-damage|p2a: Grapploct|0 fnt\n|faint|p2a: Grapploct\n|\n|upkeep\n|\n|t:|1698775724\n|switch|p2a: Runerigus|Runerigus, F, shiny|100\/100\n|-damage|p2a: Runerigus|94\/100|[from] Stealth Rock\n|turn|18\n|\n|t:|1698775727\n|switch|p1a: Volcarona|Volcarona, F|47\/100\n|move|p2a: Runerigus|Will-O-Wisp|p1a: Volcarona\n|-immune|p1a: Volcarona\n|\n|-heal|p2a: Runerigus|100\/100|[from] item: Leftovers\n|upkeep\n|turn|19\n|\n|t:|1698775736\n|move|p1a: Volcarona|Flamethrower|p2a: Runerigus\n|-damage|p2a: Runerigus|50\/100\n|move|p2a: Runerigus|Stone Edge|p1a: Volcarona\n|-supereffective|p1a: Volcarona\n|-damage|p1a: Volcarona|0 fnt\n|faint|p1a: Volcarona\n|\n|-heal|p2a: Runerigus|57\/100|[from] item: Leftovers\n|upkeep\n|\n|t:|1698775744\n|switch|p1a: Darmanitan|Darmanitan-Galar, F, tera:Water|74\/100\n|turn|20\n|\n|t:|1698775746\n|move|p1a: Darmanitan|Icicle Crash|p2a: Runerigus|[miss]\n|-miss|p1a: Darmanitan|p2a: Runerigus\n|move|p2a: Runerigus|Will-O-Wisp|p1a: Darmanitan\n|-status|p1a: Darmanitan|brn\n|\n|-heal|p2a: Runerigus|63\/100|[from] item: Leftovers\n|-damage|p1a: Darmanitan|68\/100 brn|[from] brn\n|upkeep\n|turn|21\n|\n|t:|1698775754\n|move|p1a: Darmanitan|Icicle Crash|p2a: Runerigus\n|-supereffective|p2a: Runerigus\n|-damage|p2a: Runerigus|4\/100\n|cant|p2a: Runerigus|flinch\n|\n|-heal|p2a: Runerigus|10\/100|[from] item: Leftovers\n|-damage|p1a: Darmanitan|62\/100 brn|[from] brn\n|upkeep\n|turn|22\n|\n|t:|1698775762\n|move|p1a: Darmanitan|Icicle Crash|p2a: Runerigus\n|-supereffective|p2a: Runerigus\n|-damage|p2a: Runerigus|0 fnt\n|faint|p2a: Runerigus\n|\n|-damage|p1a: Darmanitan|56\/100 brn|[from] brn\n|upkeep\n|\n|t:|1698775763\n|switch|p2a: Centiskorch|Centiskorch, M|69\/100\n|turn|23\n|\n|t:|1698775769\n|move|p1a: Darmanitan|Icicle Crash|p2a: Centiskorch\n|-resisted|p2a: Centiskorch\n|-damage|p2a: Centiskorch|48\/100\n|move|p2a: Centiskorch|Power Whip|p1a: Darmanitan\n|-supereffective|p1a: Darmanitan\n|-damage|p1a: Darmanitan|0 fnt\n|faint|p1a: Darmanitan\n|\n|win|Gtg g u2\n|raw|BiggyPidgey's rating: 1163 &rarr; <strong>1134<\/strong><br \/>(-29 for losing)\n|raw|Gtg g u2's rating: 1103 &rarr; <strong>1132<\/strong><br \/>(+29 for winning)\n","uploadtime":1698775773,"views":6,"p1id":"biggypidgey","p2id":"gtggu2","formatid":"gen9nationaldexubers","rating":1132,"private":0,"password":""}