{"id":"gen9nationaldexubers-1999279856","p1":"KingoftheTitans","p2":"PANDODEEEEZ","format":"[Gen 9] National Dex Ubers","log":"|j|\u2606KingoftheTitans\n|j|\u203dPANDODEEEEZ\n|t:|1701054403\n|gametype|singles\n|player|p1|KingoftheTitans|1|1381\n|player|p2|PANDODEEEEZ|lusamine-nihilego|1284\n|teamsize|p1|6\n|teamsize|p2|6\n|gen|9\n|tier|[Gen 9] National Dex Ubers\n|rated|\n|rule|HP Percentage Mod: HP is shown in percentages\n|rule|Endless Battle Clause: Forcing endless battles is banned\n|rule|OHKO Clause: OHKO moves are banned\n|rule|Evasion Moves Clause: Evasion moves are banned\n|rule|Evasion Items Clause: Evasion items are banned\n|rule|Species Clause: Limit one of each Pok\u00e9mon\n|rule|Sleep Clause Mod: Limit one foe put to sleep\n|rule|Mega Rayquaza Clause: You cannot mega evolve Rayquaza\n|clearpoke\n|poke|p1|Tornadus, M|\n|poke|p1|Basculegion, M|\n|poke|p1|Druddigon, M|\n|poke|p1|Iron Thorns|\n|poke|p1|Torterra, M|\n|poke|p1|Aggron, M|\n|poke|p2|Golem-Alola, M|\n|poke|p2|Gliscor, F|\n|poke|p2|Aegislash, F|\n|poke|p2|Charizard, M|\n|poke|p2|Rayquaza|\n|poke|p2|Arceus-Water|\n|teampreview\n|inactive|Battle timer is ON: inactive players will automatically lose when time's up. (requested by PANDODEEEEZ)\n|inactive|PANDODEEEEZ has 120 seconds left.\n|inactive|PANDODEEEEZ has 90 seconds left.\n|\n|t:|1701054475\n|start\n|switch|p1a: Druddigon|Druddigon, M, shiny|100\/100\n|switch|p2a: Golem|Golem-Alola, M|100\/100\n|turn|1\n|\n|t:|1701054482\n|switch|p1a: Torterra|Torterra, M|100\/100\n|move|p2a: Golem|Rock Polish|p2a: Golem\n|-boost|p2a: Golem|spe|2\n|\n|upkeep\n|turn|2\n|\n|t:|1701054488\n|-terastallize|p2a: Golem|Ice\n|move|p2a: Golem|Tera Blast|p1a: Torterra|[anim] Tera Blast Ice\n|-supereffective|p1a: Torterra\n|-damage|p1a: Torterra|0 fnt\n|faint|p1a: Torterra\n|\n|upkeep\n|\n|t:|1701054493\n|switch|p1a: Aggron|Aggron, M, shiny|100\/100\n|turn|3\n|\n|t:|1701054499\n|detailschange|p1a: Aggron|Aggron-Mega, M, shiny\n|-mega|p1a: Aggron|Aggron|Aggronite\n|move|p2a: Golem|Earthquake|p1a: Aggron\n|-supereffective|p1a: Aggron\n|-damage|p1a: Aggron|75\/100\n|move|p1a: Aggron|Body Press|p2a: Golem\n|-supereffective|p2a: Golem\n|-damage|p2a: Golem|27\/100\n|\n|upkeep\n|turn|4\n|\n|t:|1701054509\n|move|p2a: Golem|Earthquake|p1a: Aggron\n|-supereffective|p1a: Aggron\n|-damage|p1a: Aggron|48\/100\n|move|p1a: Aggron|Heavy Slam|p2a: Golem\n|-supereffective|p2a: Golem\n|-damage|p2a: Golem|0 fnt\n|faint|p2a: Golem\n|\n|upkeep\n|\n|t:|1701054525\n|switch|p2a: Charizard|Charizard, M|100\/100\n|turn|5\n|\n|t:|1701054528\n|detailschange|p2a: Charizard|Charizard-Mega-X, M\n|-mega|p2a: Charizard|Charizard|Charizardite X\n|move|p2a: Charizard|Dragon Dance|p2a: Charizard\n|-boost|p2a: Charizard|atk|1\n|-boost|p2a: Charizard|spe|1\n|move|p1a: Aggron|Stone Edge|p2a: Charizard\n|-supereffective|p2a: Charizard\n|-damage|p2a: Charizard|20\/100\n|\n|upkeep\n|turn|6\n|\n|t:|1701054536\n|move|p2a: Charizard|Flare Blitz|p1a: Aggron\n|-supereffective|p1a: Aggron\n|-damage|p1a: Aggron|0 fnt\n|faint|p1a: Aggron\n|-damage|p2a: Charizard|2\/100|[from] Recoil\n|\n|upkeep\n|\n|t:|1701054544\n|switch|p1a: Druddigon|Druddigon, M, shiny|100\/100\n|turn|7\n|\n|t:|1701054571\n|-terastallize|p1a: Druddigon|Steel\n|move|p2a: Charizard|Roost|p2a: Charizard\n|-heal|p2a: Charizard|52\/100\n|-singleturn|p2a: Charizard|move: Roost\n|move|p1a: Druddigon|Stealth Rock|p2a: Charizard\n|-sidestart|p2: PANDODEEEEZ|move: Stealth Rock\n|\n|upkeep\n|turn|8\n|\n|t:|1701054578\n|move|p2a: Charizard|Flare Blitz|p1a: Druddigon\n|-supereffective|p1a: Druddigon\n|-damage|p1a: Druddigon|0 fnt\n|-damage|p2a: Charizard|39\/100|[from] ability: Rough Skin|[of] p1a: Druddigon\n|-damage|p2a: Charizard|23\/100|[from] item: Rocky Helmet|[of] p1a: Druddigon\n|faint|p1a: Druddigon\n|-damage|p2a: Charizard|0 fnt|[from] Recoil\n|faint|p2a: Charizard\n|\n|upkeep\n|\n|t:|1701054586\n|switch|p2a: Gliscor|Gliscor, F|100\/100\n|switch|p1a: Iron Thorns|Iron Thorns|100\/100\n|-item|p1a: Iron Thorns|Air Balloon\n|-damage|p2a: Gliscor|88\/100|[from] Stealth Rock\n|turn|9\n|\n|t:|1701054592\n|move|p1a: Iron Thorns|Dragon Dance|p1a: Iron Thorns\n|-boost|p1a: Iron Thorns|atk|1\n|-boost|p1a: Iron Thorns|spe|1\n|move|p2a: Gliscor|Stealth Rock|p1a: Iron Thorns\n|-sidestart|p1: KingoftheTitans|move: Stealth Rock\n|\n|-status|p2a: Gliscor|tox|[from] item: Toxic Orb\n|upkeep\n|turn|10\n|\n|t:|1701054598\n|move|p1a: Iron Thorns|Ice Punch|p2a: Gliscor\n|-supereffective|p2a: Gliscor\n|-damage|p2a: Gliscor|0 fnt\n|faint|p2a: Gliscor\n|\n|upkeep\n|\n|t:|1701054601\n|switch|p2a: Arceus|Arceus-Water|100\/100\n|-damage|p2a: Arceus|88\/100|[from] Stealth Rock\n|turn|11\n|\n|t:|1701054605\n|move|p1a: Iron Thorns|Wild Charge|p2a: Arceus\n|-supereffective|p2a: Arceus\n|-damage|p2a: Arceus|13\/100\n|-damage|p1a: Iron Thorns|76\/100|[from] Recoil\n|move|p2a: Arceus|Whirlpool|p1a: Iron Thorns\n|-supereffective|p1a: Iron Thorns\n|-damage|p1a: Iron Thorns|33\/100\n|-activate|p1a: Iron Thorns|move: Whirlpool|[of] p2a: Arceus\n|-enditem|p1a: Iron Thorns|Air Balloon\n|\n|-damage|p1a: Iron Thorns|21\/100|[from] move: Whirlpool|[partiallytrapped]\n|upkeep\n|turn|12\n|\n|t:|1701054615\n|move|p1a: Iron Thorns|Wild Charge|p2a: Arceus\n|-supereffective|p2a: Arceus\n|-damage|p2a: Arceus|0 fnt\n|faint|p2a: Arceus\n|-damage|p1a: Iron Thorns|17\/100|[from] Recoil\n|\n|-end|p1a: Iron Thorns|Whirlpool|[partiallytrapped]|[silent]\n|upkeep\n|\n|t:|1701054623\n|switch|p2a: Aegislash|Aegislash, F|100\/100\n|-damage|p2a: Aegislash|94\/100|[from] Stealth Rock\n|turn|13\n|\n|t:|1701054628\n|-formechange|p2a: Aegislash|Aegislash-Blade||[from] ability: Stance Change\n|move|p2a: Aegislash|Shadow Sneak|p1a: Iron Thorns\n|-damage|p1a: Iron Thorns|1\/100\n|move|p1a: Iron Thorns|Wild Charge|p2a: Aegislash\n|-damage|p2a: Aegislash|0 fnt\n|faint|p2a: Aegislash\n|-damage|p1a: Iron Thorns|0 fnt|[from] Recoil\n|faint|p1a: Iron Thorns\n|-end|p1a: Iron Thorns|Quark Drive|[silent]\n|\n|upkeep\n|\n|t:|1701054637\n|switch|p1a: Tornadus|Tornadus, M|100\/100\n|switch|p2a: Rayquaza|Rayquaza|100\/100\n|-damage|p2a: Rayquaza|76\/100|[from] Stealth Rock\n|-ability|p2a: Rayquaza|Air Lock\n|turn|14\n|\n|t:|1701054644\n|move|p1a: Tornadus|Defog|p2a: Rayquaza\n|-unboost|p2a: Rayquaza|evasion|1\n|-sideend|p2: PANDODEEEEZ|Stealth Rock|[from] move: Defog|[of] p1a: Tornadus\n|-sideend|p1: KingoftheTitans|Stealth Rock|[from] move: Defog|[of] p1a: Tornadus\n|move|p2a: Rayquaza|Scale Shot|p1a: Tornadus|[miss]\n|-miss|p2a: Rayquaza|p1a: Tornadus\n|\n|upkeep\n|turn|15\n|\n|t:|1701054654\n|move|p1a: Tornadus|Hurricane|p2a: Rayquaza\n|-damage|p2a: Rayquaza|18\/100\n|-start|p2a: Rayquaza|confusion\n|-activate|p2a: Rayquaza|confusion\n|move|p2a: Rayquaza|Scale Shot|p1a: Tornadus\n|-damage|p1a: Tornadus|79\/100\n|-damage|p1a: Tornadus|57\/100\n|-damage|p1a: Tornadus|35\/100\n|-damage|p1a: Tornadus|10\/100\n|-damage|p1a: Tornadus|0 fnt\n|faint|p1a: Tornadus\n|-hitcount|p1: Tornadus|5\n|-unboost|p2a: Rayquaza|def|1\n|-boost|p2a: Rayquaza|spe|1\n|\n|upkeep\n|\n|t:|1701054668\n|switch|p1a: Basculegion|Basculegion, M|100\/100\n|turn|16\n|\n|t:|1701054671\n|-end|p2a: Rayquaza|confusion\n|move|p2a: Rayquaza|Scale Shot|p1a: Basculegion\n|-damage|p1a: Basculegion|82\/100\n|-crit|p1a: Basculegion\n|-damage|p1a: Basculegion|55\/100\n|-damage|p1a: Basculegion|36\/100\n|-damage|p1a: Basculegion|17\/100\n|-hitcount|p1a: Basculegion|4\n|-unboost|p2a: Rayquaza|def|1\n|-boost|p2a: Rayquaza|spe|1\n|move|p1a: Basculegion|Last Respects|p2a: Rayquaza\n|-damage|p2a: Rayquaza|0 fnt\n|faint|p2a: Rayquaza\n|\n|win|KingoftheTitans\n|raw|KingoftheTitans's rating: 1381 &rarr; <strong>1396<\/strong><br \/>(+15 for winning)\n|raw|PANDODEEEEZ's rating: 1284 &rarr; <strong>1266<\/strong><br \/>(-18 for losing)\n|c|\u2606KingoftheTitans|gg\n|l|\u203dPANDODEEEEZ\n","uploadtime":1701054685,"views":3,"p1id":"kingofthetitans","p2id":"pandodeeeez","formatid":"gen9nationaldexubers","rating":1266,"private":0,"password":""}