{"id":"gen9nationaldexubers-1999334423","p1":"ChromaRyderMC","p2":"KingoftheTitans","format":"[Gen 9] National Dex Ubers","log":"|j|\u2606ChromaRyderMC\n|j|\u2606KingoftheTitans\n|t:|1701062061\n|gametype|singles\n|player|p1|ChromaRyderMC|red|1085\n|player|p2|KingoftheTitans|102|1322\n|teamsize|p1|6\n|teamsize|p2|6\n|gen|9\n|tier|[Gen 9] National Dex Ubers\n|rated|\n|rule|HP Percentage Mod: HP is shown in percentages\n|rule|Endless Battle Clause: Forcing endless battles is banned\n|rule|OHKO Clause: OHKO moves are banned\n|rule|Evasion Moves Clause: Evasion moves are banned\n|rule|Evasion Items Clause: Evasion items are banned\n|rule|Species Clause: Limit one of each Pok\u00e9mon\n|rule|Sleep Clause Mod: Limit one foe put to sleep\n|rule|Mega Rayquaza Clause: You cannot mega evolve Rayquaza\n|clearpoke\n|poke|p1|Zeraora|\n|poke|p1|Lucario, F|\n|poke|p1|Greninja-*, M|\n|poke|p1|Lycanroc-Dusk, M|\n|poke|p1|Sceptile, M|\n|poke|p1|Charizard, M|\n|poke|p2|Tornadus, M|\n|poke|p2|Basculegion, M|\n|poke|p2|Druddigon, M|\n|poke|p2|Iron Thorns|\n|poke|p2|Torterra, M|\n|poke|p2|Aggron, M|\n|teampreview\n|\n|t:|1701062087\n|start\n|switch|p1a: Lycanroc|Lycanroc-Dusk, M|100\/100\n|switch|p2a: Druddigon|Druddigon, M, shiny|100\/100\n|turn|1\n|\n|t:|1701062101\n|move|p1a: Lycanroc|Drill Run|p2a: Druddigon\n|-damage|p2a: Druddigon|64\/100\n|-damage|p1a: Lycanroc|88\/100|[from] ability: Rough Skin|[of] p2a: Druddigon\n|-damage|p1a: Lycanroc|72\/100|[from] item: Rocky Helmet|[of] p2a: Druddigon\n|move|p2a: Druddigon|Glare|p1a: Lycanroc\n|-status|p1a: Lycanroc|par\n|\n|upkeep\n|turn|2\n|\n|t:|1701062112\n|-zpower|p1a: Lycanroc\n|move|p1a: Lycanroc|Splintered Stormshards|p2a: Druddigon|[zeffect]\n|-damage|p2a: Druddigon|0 fnt\n|faint|p2a: Druddigon\n|\n|upkeep\n|\n|t:|1701062120\n|switch|p2a: Aggron|Aggron, M, shiny|100\/100\n|turn|3\n|\n|t:|1701062133\n|detailschange|p2a: Aggron|Aggron-Mega, M, shiny\n|-mega|p2a: Aggron|Aggron|Aggronite\n|cant|p1a: Lycanroc|par\n|move|p2a: Aggron|Iron Defense|p2a: Aggron\n|-boost|p2a: Aggron|def|2\n|\n|upkeep\n|turn|4\n|\n|t:|1701062140\n|move|p1a: Lycanroc|Drill Run|p2a: Aggron\n|-supereffective|p2a: Aggron\n|-crit|p2a: Aggron\n|-damage|p2a: Aggron|62\/100\n|move|p2a: Aggron|Iron Defense|p2a: Aggron\n|-boost|p2a: Aggron|def|2\n|\n|upkeep\n|turn|5\n|\n|t:|1701062151\n|move|p1a: Lycanroc|Drill Run|p2a: Aggron\n|-supereffective|p2a: Aggron\n|-damage|p2a: Aggron|54\/100\n|move|p2a: Aggron|Rest|p2a: Aggron\n|-status|p2a: Aggron|slp|[from] move: Rest\n|-heal|p2a: Aggron|100\/100 slp|[silent]\n|\n|upkeep\n|turn|6\n|\n|t:|1701062161\n|switch|p1a: Lucario|Lucario, F|100\/100\n|cant|p2a: Aggron|slp\n|move|p2a: Aggron|Sleep Talk|p2a: Aggron\n|move|p2a: Aggron|Body Press|p1a: Lucario|[from]move: Sleep Talk\n|-supereffective|p1a: Lucario\n|-damage|p1a: Lucario|0 fnt\n|faint|p1a: Lucario\n|\n|upkeep\n|\n|t:|1701062172\n|switch|p1a: Greninja|Greninja, M|100\/100\n|turn|7\n|\n|t:|1701062178\n|move|p1a: Greninja|Water Shuriken|p2a: Aggron\n|-damage|p2a: Aggron|94\/100 slp\n|-damage|p2a: Aggron|87\/100 slp\n|-damage|p2a: Aggron|81\/100 slp\n|-hitcount|p2a: Aggron|3\n|cant|p2a: Aggron|slp\n|move|p2a: Aggron|Sleep Talk|p2a: Aggron\n|move|p2a: Aggron|Body Press|p1a: Greninja|[from]move: Sleep Talk\n|-supereffective|p1a: Greninja\n|-damage|p1a: Greninja|0 fnt\n|faint|p1a: Greninja\n|\n|upkeep\n|\n|t:|1701062195\n|switch|p1a: Sceptile|Sceptile, M|100\/100\n|turn|8\n|\n|t:|1701062201\n|move|p1a: Sceptile|Agility|p1a: Sceptile\n|-boost|p1a: Sceptile|spe|2\n|-curestatus|p2a: Aggron|slp|[msg]\n|move|p2a: Aggron|Body Press|p1a: Sceptile\n|-damage|p1a: Sceptile|0 fnt\n|faint|p1a: Sceptile\n|\n|upkeep\n|\n|t:|1701062202\n|switch|p1a: Zeraora|Zeraora|100\/100\n|turn|9\n|\n|t:|1701062215\n|move|p1a: Zeraora|Aura Sphere|p2a: Aggron\n|-supereffective|p2a: Aggron\n|-damage|p2a: Aggron|55\/100\n|move|p2a: Aggron|Body Press|p1a: Zeraora\n|-damage|p1a: Zeraora|0 fnt\n|faint|p1a: Zeraora\n|\n|upkeep\n|\n|t:|1701062223\n|switch|p1a: Charizard|Charizard, M|100\/100\n|turn|10\n|\n|t:|1701062227\n|move|p1a: Charizard|Earthquake|p2a: Aggron\n|-supereffective|p2a: Aggron\n|-damage|p2a: Aggron|50\/100\n|move|p2a: Aggron|Rest|p2a: Aggron\n|-status|p2a: Aggron|slp|[from] move: Rest\n|-heal|p2a: Aggron|100\/100 slp|[silent]\n|\n|upkeep\n|turn|11\n|\n|t:|1701062235\n|move|p1a: Charizard|Air Slash|p2a: Aggron\n|-resisted|p2a: Aggron\n|-damage|p2a: Aggron|87\/100 slp\n|cant|p2a: Aggron|slp\n|move|p2a: Aggron|Sleep Talk|p2a: Aggron\n|move|p2a: Aggron|Body Press|p1a: Charizard|[from]move: Sleep Talk\n|-resisted|p1a: Charizard\n|-damage|p1a: Charizard|27\/100\n|\n|upkeep\n|turn|12\n|\n|t:|1701062245\n|move|p1a: Charizard|Flamethrower|p2a: Aggron\n|-supereffective|p2a: Aggron\n|-damage|p2a: Aggron|16\/100 slp\n|cant|p2a: Aggron|slp\n|move|p2a: Aggron|Sleep Talk|p2a: Aggron\n|move|p2a: Aggron|Body Press|p1a: Charizard|[from]move: Sleep Talk\n|-resisted|p1a: Charizard\n|-damage|p1a: Charizard|0 fnt\n|faint|p1a: Charizard\n|\n|upkeep\n|\n|t:|1701062256\n|switch|p1a: Lycanroc|Lycanroc-Dusk, M|72\/100 par\n|turn|13\n|\n|t:|1701062261\n|move|p1a: Lycanroc|Drill Run|p2a: Aggron\n|-supereffective|p2a: Aggron\n|-damage|p2a: Aggron|7\/100 slp\n|-curestatus|p2a: Aggron|slp|[msg]\n|move|p2a: Aggron|Body Press|p1a: Lycanroc\n|-supereffective|p1a: Lycanroc\n|-damage|p1a: Lycanroc|0 fnt\n|faint|p1a: Lycanroc\n|\n|win|KingoftheTitans\n|raw|ChromaRyderMC's rating: 1085 &rarr; <strong>1076<\/strong><br \/>(-9 for losing)\n|raw|KingoftheTitans's rating: 1322 &rarr; <strong>1330<\/strong><br \/>(+8 for winning)\n|c|\u2606KingoftheTitans|gg\n","uploadtime":1701062271,"views":3,"p1id":"chromarydermc","p2id":"kingofthetitans","formatid":"gen9nationaldexubers","rating":1076,"private":0,"password":""}