{"id":"gen9nationaldexubers-1999599776","p1":"godzillaking999","p2":"Marioipod","format":"[Gen 9] National Dex Ubers","log":"|j|\u2606godzillaking999\n|j|\u203dMarioipod\n|t:|1701099969\n|gametype|singles\n|player|p1|godzillaking999|ash|1103\n|player|p2|Marioipod|lucas-gen4pt|1113\n|teamsize|p1|6\n|teamsize|p2|6\n|gen|9\n|tier|[Gen 9] National Dex Ubers\n|rated|\n|rule|HP Percentage Mod: HP is shown in percentages\n|rule|Endless Battle Clause: Forcing endless battles is banned\n|rule|OHKO Clause: OHKO moves are banned\n|rule|Evasion Moves Clause: Evasion moves are banned\n|rule|Evasion Items Clause: Evasion items are banned\n|rule|Species Clause: Limit one of each Pok\u00e9mon\n|rule|Sleep Clause Mod: Limit one foe put to sleep\n|rule|Mega Rayquaza Clause: You cannot mega evolve Rayquaza\n|clearpoke\n|poke|p1|Pikachu, M|\n|poke|p1|Charizard, M|\n|poke|p1|Greninja-*, M|\n|poke|p1|Sceptile, M|\n|poke|p1|Lucario, M|\n|poke|p1|Melmetal|\n|poke|p2|Roaring Moon|\n|poke|p2|Zygarde|\n|poke|p2|Mewtwo|\n|poke|p2|Kyogre|\n|poke|p2|Giratina-Origin|\n|poke|p2|Kyurem-Black|\n|teampreview\n|inactive|Battle timer is ON: inactive players will automatically lose when time's up. (requested by godzillaking999)\n|\n|t:|1701099979\n|start\n|switch|p1a: Melmetal|Melmetal|100\/100\n|switch|p2a: Giratina|Giratina-Origin|100\/100\n|turn|1\n|\n|t:|1701099982\n|move|p2a: Giratina|Will-O-Wisp|p1a: Melmetal\n|-status|p1a: Melmetal|brn\n|move|p1a: Melmetal|Ice Punch|p2a: Giratina\n|-supereffective|p2a: Giratina\n|-damage|p2a: Giratina|77\/100\n|\n|-damage|p1a: Melmetal|94\/100 brn|[from] brn\n|upkeep\n|turn|2\n|\n|t:|1701099991\n|move|p2a: Giratina|Tailwind|p2a: Giratina\n|-sidestart|p2: Marioipod|move: Tailwind\n|move|p1a: Melmetal|Ice Punch|p2a: Giratina\n|-supereffective|p2a: Giratina\n|-damage|p2a: Giratina|50\/100\n|\n|-heal|p1a: Melmetal|100\/100 brn|[from] item: Leftovers\n|-damage|p1a: Melmetal|94\/100 brn|[from] brn\n|upkeep\n|turn|3\n|\n|t:|1701099997\n|switch|p2a: Kyogre|Kyogre|100\/100\n|detailschange|p2a: Kyogre|Kyogre-Primal\n|-primal|p2a: Kyogre|Blue Orb\n|-weather|PrimordialSea|[from] ability: Primordial Sea|[of] p2a: Kyogre\n|move|p1a: Melmetal|Ice Punch|p2a: Kyogre\n|-resisted|p2a: Kyogre\n|-damage|p2a: Kyogre|90\/100\n|\n|-weather|PrimordialSea|[upkeep]\n|-heal|p1a: Melmetal|100\/100 brn|[from] item: Leftovers\n|-damage|p1a: Melmetal|94\/100 brn|[from] brn\n|upkeep\n|turn|4\n|\n|t:|1701100000\n|move|p2a: Kyogre|Water Spout|p1a: Melmetal\n|-damage|p1a: Melmetal|0 fnt\n|faint|p1a: Melmetal\n|\n|-weather|PrimordialSea|[upkeep]\n|upkeep\n|\n|t:|1701100009\n|switch|p1a: Sceptile|Sceptile, M|100\/100\n|turn|5\n|\n|t:|1701100013\n|-terastallize|p1a: Sceptile|Grass\n|move|p2a: Kyogre|Ice Beam|p1a: Sceptile\n|-supereffective|p1a: Sceptile\n|-damage|p1a: Sceptile|0 fnt\n|faint|p1a: Sceptile\n|\n|-weather|PrimordialSea|[upkeep]\n|-sideend|p2: Marioipod|move: Tailwind\n|upkeep\n|\n|t:|1701100019\n|switch|p1a: Pikachu|Pikachu, M|100\/100\n|turn|6\n|\n|t:|1701100021\n|-weather|none\n|switch|p2a: Zygarde|Zygarde|100\/100\n|move|p1a: Pikachu|Fake Out|p2a: Zygarde\n|-damage|p2a: Zygarde|90\/100\n|\n|-heal|p2a: Zygarde|96\/100|[from] item: Leftovers\n|upkeep\n|turn|7\n|\n|t:|1701100026\n|switch|p1a: Charizard|Charizard, M|100\/100\n|move|p2a: Zygarde|Coil|p2a: Zygarde\n|-boost|p2a: Zygarde|atk|1\n|-boost|p2a: Zygarde|def|1\n|-boost|p2a: Zygarde|accuracy|1\n|\n|-heal|p2a: Zygarde|100\/100|[from] item: Leftovers\n|upkeep\n|turn|8\n|\n|t:|1701100033\n|move|p1a: Charizard|Dragon Dance|p1a: Charizard\n|-boost|p1a: Charizard|atk|1\n|-boost|p1a: Charizard|spe|1\n|move|p2a: Zygarde|Thousand Arrows|p1a: Charizard\n|-damage|p1a: Charizard|5\/100\n|-start|p1a: Charizard|Smack Down\n|\n|upkeep\n|turn|9\n|\n|t:|1701100041\n|move|p1a: Charizard|Acrobatics|p2a: Zygarde\n|-damage|p2a: Zygarde|65\/100\n|move|p2a: Zygarde|Thousand Arrows|p1a: Charizard\n|-supereffective|p1a: Charizard\n|-damage|p1a: Charizard|0 fnt\n|faint|p1a: Charizard\n|\n|-heal|p2a: Zygarde|72\/100|[from] item: Leftovers\n|upkeep\n|\n|t:|1701100051\n|switch|p1a: Pikachu|Pikachu, M|100\/100\n|turn|10\n|\n|t:|1701100053\n|move|p1a: Pikachu|Fake Out|p2a: Zygarde\n|-damage|p2a: Zygarde|64\/100\n|cant|p2a: Zygarde|flinch\n|\n|-heal|p2a: Zygarde|70\/100|[from] item: Leftovers\n|upkeep\n|turn|11\n|\n|t:|1701100058\n|move|p1a: Pikachu|Knock Off|p2a: Zygarde\n|-crit|p2a: Zygarde\n|-damage|p2a: Zygarde|28\/100\n|-enditem|p2a: Zygarde|Leftovers|[from] move: Knock Off|[of] p1a: Pikachu\n|move|p2a: Zygarde|Thousand Arrows|p1a: Pikachu\n|-supereffective|p1a: Pikachu\n|-damage|p1a: Pikachu|0 fnt\n|faint|p1a: Pikachu\n|\n|-activate|p2a: Zygarde|ability: Power Construct\n|detailschange|p2a: Zygarde|Zygarde-Complete\n|-heal|p2a: Zygarde|52\/100|[silent]\n|upkeep\n|\n|t:|1701100064\n|switch|p1a: Greninja|Greninja, M|100\/100\n|turn|12\n|\n|t:|1701100067\n|move|p1a: Greninja|Water Shuriken|p2a: Zygarde\n|-damage|p2a: Zygarde|49\/100\n|-damage|p2a: Zygarde|46\/100\n|-damage|p2a: Zygarde|43\/100\n|-damage|p2a: Zygarde|40\/100\n|-hitcount|p2a: Zygarde|4\n|move|p2a: Zygarde|Thousand Arrows|p1a: Greninja\n|-damage|p1a: Greninja|0 fnt\n|faint|p1a: Greninja\n|\n|upkeep\n|\n|t:|1701100070\n|switch|p1a: Lucario|Lucario, M|100\/100\n|turn|13\n|\n|t:|1701100074\n|detailschange|p1a: Lucario|Lucario-Mega, M\n|-mega|p1a: Lucario|Lucario|Lucarionite\n|move|p1a: Lucario|Extreme Speed|p2a: Zygarde\n|-damage|p2a: Zygarde|31\/100\n|move|p2a: Zygarde|Thousand Arrows|p1a: Lucario\n|-supereffective|p1a: Lucario\n|-damage|p1a: Lucario|0 fnt\n|faint|p1a: Lucario\n|\n|win|Marioipod\n|raw|godzillaking999's rating: 1103 &rarr; <strong>1079<\/strong><br \/>(-24 for losing)\n|raw|Marioipod's rating: 1113 &rarr; <strong>1137<\/strong><br \/>(+24 for winning)\n","uploadtime":1701100080,"views":8,"p1id":"godzillaking999","p2id":"marioipod","formatid":"gen9nationaldexubers","rating":1079,"private":0,"password":""}