{"id":"gen9nationaldexubers-1993048393","p1":"Meeewww615987","p2":"Kdisue","format":"[Gen 9] National Dex Ubers","log":"|j|\u2606Meeewww615987\n|j|\u2606Kdisue\n|t:|1700259049\n|gametype|singles\n|player|p1|Meeewww615987|musician|1070\n|player|p2|Kdisue|265|1105\n|teamsize|p1|6\n|teamsize|p2|6\n|gen|9\n|tier|[Gen 9] National Dex Ubers\n|rated|\n|rule|HP Percentage Mod: HP is shown in percentages\n|rule|Endless Battle Clause: Forcing endless battles is banned\n|rule|OHKO Clause: OHKO moves are banned\n|rule|Evasion Moves Clause: Evasion moves are banned\n|rule|Evasion Items Clause: Evasion items are banned\n|rule|Species Clause: Limit one of each Pok\u00e9mon\n|rule|Sleep Clause Mod: Limit one foe put to sleep\n|rule|Mega Rayquaza Clause: You cannot mega evolve Rayquaza\n|clearpoke\n|poke|p1|Zacian-*|\n|poke|p1|Gliscor, M|\n|poke|p1|Serperior, M|\n|poke|p1|Poliwrath, F|\n|poke|p1|Kingambit, M|\n|poke|p1|Ambipom, M|\n|poke|p2|Deoxys-Defense|\n|poke|p2|Chansey, F|\n|poke|p2|Ferrothorn, M|\n|poke|p2|Rotom-Wash|\n|poke|p2|Ho-Oh|\n|poke|p2|Lugia|\n|teampreview\n|\n|t:|1700259053\n|start\n|switch|p1a: Poliwrath|Poliwrath, F|100\/100\n|switch|p2a: Sexy Red|Deoxys-Defense|100\/100\n|-ability|p2a: Sexy Red|Pressure\n|turn|1\n|c|\u2606Kdisue|Sry for stall\n|\n|t:|1700259064\n|move|p2a: Sexy Red|Stealth Rock|p1a: Poliwrath\n|-sidestart|p1: Meeewww615987|move: Stealth Rock\n|move|p1a: Poliwrath|Belly Drum|p1a: Poliwrath\n|-damage|p1a: Poliwrath|50\/100\n|-setboost|p1a: Poliwrath|atk|6|[from] move: Belly Drum\n|-enditem|p1a: Poliwrath|Sitrus Berry|[eat]\n|-heal|p1a: Poliwrath|75\/100|[from] item: Sitrus Berry\n|\n|upkeep\n|turn|2\n|\n|t:|1700259075\n|-terastallize|p2a: Sexy Red|Psychic\n|move|p2a: Sexy Red|Psycho Boost|p1a: Poliwrath\n|-supereffective|p1a: Poliwrath\n|-damage|p1a: Poliwrath|0 fnt\n|-unboost|p2a: Sexy Red|spa|2\n|faint|p1a: Poliwrath\n|-damage|p2a: Sexy Red|91\/100|[from] item: Life Orb\n|\n|upkeep\n|\n|t:|1700259084\n|switch|p1a: Zacian|Zacian-Crowned|100\/100\n|-damage|p1a: Zacian|94\/100|[from] Stealth Rock\n|-ability|p1a: Zacian|Intrepid Sword|boost\n|-boost|p1a: Zacian|atk|1\n|turn|3\n|\n|t:|1700259092\n|switch|p2a: Ho-Oh|Ho-Oh|100\/100\n|move|p1a: Zacian|Behemoth Blade|p2a: Ho-Oh\n|-resisted|p2a: Ho-Oh\n|-damage|p2a: Ho-Oh|64\/100\n|\n|upkeep\n|turn|4\n|inactive|Battle timer is ON: inactive players will automatically lose when time's up. (requested by Kdisue)\n|\n|t:|1700259116\n|switch|p1a: Kingambit|Kingambit, M|100\/100\n|-damage|p1a: Kingambit|94\/100|[from] Stealth Rock\n|-activate|p1a: Kingambit|ability: Supreme Overlord\n|-start|p1a: Kingambit|fallen1|[silent]\n|move|p2a: Ho-Oh|Sacred Fire|p1a: Kingambit\n|-supereffective|p1a: Kingambit\n|-damage|p1a: Kingambit|28\/100\n|-status|p1a: Kingambit|brn\n|\n|-damage|p1a: Kingambit|22\/100 brn|[from] brn\n|upkeep\n|turn|5\n|\n|t:|1700259132\n|switch|p2a: Egg woman|Chansey, F|100\/100\n|move|p1a: Kingambit|Foul Play|p2a: Egg woman\n|-damage|p2a: Egg woman|88\/100\n|-damage|p1a: Kingambit|12\/100 brn|[from] item: Life Orb\n|\n|-damage|p1a: Kingambit|6\/100 brn|[from] brn\n|upkeep\n|turn|6\n|\n|t:|1700259143\n|move|p2a: Egg woman|Power-Up Punch|p1a: Kingambit\n|-supereffective|p1a: Kingambit\n|-crit|p1a: Kingambit\n|-damage|p1a: Kingambit|0 fnt\n|-boost|p2a: Egg woman|atk|1\n|faint|p1a: Kingambit\n|-end|p1a: Kingambit|fallen1|[silent]\n|\n|upkeep\n|\n|t:|1700259148\n|switch|p1a: Ambipom|Ambipom, M|100\/100\n|-damage|p1a: Ambipom|88\/100|[from] Stealth Rock\n|turn|7\n|\n|t:|1700259153\n|move|p1a: Ambipom|Double Hit|p2a: Egg woman\n|-damage|p2a: Egg woman|50\/100\n|-damage|p2a: Egg woman|10\/100\n|-hitcount|p2a: Egg woman|2\n|move|p2a: Egg woman|Power-Up Punch|p1a: Ambipom\n|-supereffective|p1a: Ambipom\n|-damage|p1a: Ambipom|65\/100\n|-boost|p2a: Egg woman|atk|1\n|\n|upkeep\n|turn|8\n|\n|t:|1700259166\n|switch|p2a: Iron boy|Ferrothorn, M|100\/100\n|move|p1a: Ambipom|Double Hit|p2a: Iron boy\n|-resisted|p2a: Iron boy\n|-damage|p2a: Iron boy|88\/100\n|-damage|p1a: Ambipom|52\/100|[from] ability: Iron Barbs|[of] p2a: Iron boy\n|-resisted|p2a: Iron boy\n|-damage|p2a: Iron boy|75\/100\n|-damage|p1a: Ambipom|40\/100|[from] ability: Iron Barbs|[of] p2a: Iron boy\n|-hitcount|p2a: Iron boy|2\n|\n|upkeep\n|turn|9\n|\n|t:|1700259178\n|move|p1a: Ambipom|Double Hit|p2a: Iron boy\n|-resisted|p2a: Iron boy\n|-damage|p2a: Iron boy|63\/100\n|-damage|p1a: Ambipom|28\/100|[from] ability: Iron Barbs|[of] p2a: Iron boy\n|-resisted|p2a: Iron boy\n|-damage|p2a: Iron boy|50\/100\n|-damage|p1a: Ambipom|15\/100|[from] ability: Iron Barbs|[of] p2a: Iron boy\n|-hitcount|p2a: Iron boy|2\n|move|p2a: Iron boy|Gyro Ball|p1a: Ambipom\n|-damage|p1a: Ambipom|0 fnt\n|faint|p1a: Ambipom\n|\n|upkeep\n|\n|t:|1700259189\n|switch|p1a: Zacian|Zacian-Crowned|94\/100\n|-damage|p1a: Zacian|88\/100|[from] Stealth Rock\n|turn|10\n|\n|t:|1700259193\n|move|p1a: Zacian|Fire Fang|p2a: Iron boy\n|-supereffective|p2a: Iron boy\n|-damage|p2a: Iron boy|0 fnt\n|-damage|p1a: Zacian|76\/100|[from] ability: Iron Barbs|[of] p2a: Iron boy\n|faint|p2a: Iron boy\n|\n|upkeep\n|\n|t:|1700259215\n|switch|p2a: Ho-Oh|Ho-Oh|97\/100\n|turn|11\n|\n|t:|1700259222\n|-terastallize|p1a: Zacian|Fairy\n|move|p1a: Zacian|Play Rough|p2a: Ho-Oh|[miss]\n|-miss|p1a: Zacian|p2a: Ho-Oh\n|move|p2a: Ho-Oh|Sacred Fire|p1a: Zacian\n|-crit|p1a: Zacian\n|-damage|p1a: Zacian|16\/100\n|-status|p1a: Zacian|brn\n|\n|-damage|p1a: Zacian|9\/100 brn|[from] brn\n|upkeep\n|turn|12\n|\n|t:|1700259235\n|move|p1a: Zacian|Behemoth Blade|p2a: Ho-Oh\n|-resisted|p2a: Ho-Oh\n|-damage|p2a: Ho-Oh|83\/100\n|move|p2a: Ho-Oh|Iron Head|p1a: Zacian\n|-supereffective|p1a: Zacian\n|-damage|p1a: Zacian|0 fnt\n|faint|p1a: Zacian\n|\n|upkeep\n|\n|t:|1700259244\n|switch|p1a: Gliscor|Gliscor, M|100\/100\n|-damage|p1a: Gliscor|88\/100|[from] Stealth Rock\n|turn|13\n|\n|t:|1700259249\n|move|p1a: Gliscor|Protect|p1a: Gliscor\n|-singleturn|p1a: Gliscor|Protect\n|move|p2a: Ho-Oh|Sacred Fire|p1a: Gliscor\n|-activate|p1a: Gliscor|move: Protect\n|\n|-status|p1a: Gliscor|tox|[from] item: Toxic Orb\n|upkeep\n|turn|14\n|\n|t:|1700259261\n|switch|p2a: Egg woman|Chansey, F|10\/100\n|move|p1a: Gliscor|Crabhammer|p2a: Egg woman\n|-crit|p2a: Egg woman\n|-damage|p2a: Egg woman|0 fnt\n|faint|p2a: Egg woman\n|\n|-heal|p1a: Gliscor|100\/100 tox|[from] ability: Poison Heal\n|upkeep\n|\n|t:|1700259271\n|switch|p2a: Sexy Red|Deoxys-Defense, tera:Psychic|91\/100\n|-ability|p2a: Sexy Red|Pressure\n|turn|15\n|\n|t:|1700259276\n|move|p1a: Gliscor|Earthquake|p2a: Sexy Red\n|-damage|p2a: Sexy Red|49\/100\n|move|p2a: Sexy Red|Nasty Plot|p2a: Sexy Red\n|-boost|p2a: Sexy Red|spa|2\n|\n|upkeep\n|turn|16\n|\n|t:|1700259283\n|move|p1a: Gliscor|Earthquake|p2a: Sexy Red\n|-damage|p2a: Sexy Red|12\/100\n|move|p2a: Sexy Red|Recover|p2a: Sexy Red\n|-heal|p2a: Sexy Red|62\/100\n|\n|upkeep\n|turn|17\n|\n|t:|1700259290\n|move|p1a: Gliscor|Crabhammer|p2a: Sexy Red\n|-damage|p2a: Sexy Red|37\/100\n|move|p2a: Sexy Red|Psycho Boost|p1a: Gliscor\n|-damage|p1a: Gliscor|0 fnt\n|-unboost|p2a: Sexy Red|spa|2\n|faint|p1a: Gliscor\n|-damage|p2a: Sexy Red|27\/100|[from] item: Life Orb\n|\n|upkeep\n|\n|t:|1700259298\n|switch|p1a: Serperior|Serperior, M|100\/100\n|-damage|p1a: Serperior|88\/100|[from] Stealth Rock\n|turn|18\n|\n|t:|1700259304\n|move|p1a: Serperior|Leaf Storm|p2a: Sexy Red\n|-damage|p2a: Sexy Red|0 fnt\n|-boost|p1a: Serperior|spa|2\n|faint|p2a: Sexy Red\n|\n|upkeep\n|\n|t:|1700259310\n|switch|p2a: Lugia|Lugia|100\/100\n|turn|19\n|c|\u2606Meeewww615987|Does anything survive Serperior\n|\n|t:|1700259318\n|move|p1a: Serperior|Leaf Storm|p2a: Lugia\n|-resisted|p2a: Lugia\n|-damage|p2a: Lugia|82\/100\n|-boost|p1a: Serperior|spa|2\n|move|p2a: Lugia|Aeroblast|p1a: Serperior\n|-supereffective|p1a: Serperior\n|-damage|p1a: Serperior|0 fnt\n|faint|p1a: Serperior\n|-damage|p2a: Lugia|72\/100|[from] item: Life Orb\n|\n|win|Kdisue\n|raw|Meeewww615987's rating: 1070 &rarr; <strong>1052<\/strong><br \/>(-18 for losing)\n|raw|Kdisue's rating: 1105 &rarr; <strong>1127<\/strong><br \/>(+22 for winning)\n|c|\u2606Meeewww615987|Yes\n","uploadtime":1700259330,"views":7,"p1id":"meeewww615987","p2id":"kdisue","formatid":"gen9nationaldexubers","rating":1052,"private":0,"password":""}