{"id":"gen9nationaldexubers-1983027111","p1":"MiraGraves","p2":"Flames98765","format":"[Gen 9] National Dex Ubers","log":"|j|\u2606MiraGraves\n|j|\u2606Flames98765\n|t:|1699071963\n|gametype|singles\n|player|p1|MiraGraves|psychicf-gen4|\n|player|p2|Flames98765|jasmine|\n|teamsize|p1|6\n|teamsize|p2|6\n|gen|9\n|tier|[Gen 9] National Dex Ubers\n|rule|HP Percentage Mod: HP is shown in percentages\n|rule|Endless Battle Clause: Forcing endless battles is banned\n|rule|OHKO Clause: OHKO moves are banned\n|rule|Evasion Moves Clause: Evasion moves are banned\n|rule|Evasion Items Clause: Evasion items are banned\n|rule|Species Clause: Limit one of each Pok\u00e9mon\n|rule|Sleep Clause Mod: Limit one foe put to sleep\n|rule|Mega Rayquaza Clause: You cannot mega evolve Rayquaza\n|clearpoke\n|poke|p1|Ninetales-Alola, F|\n|poke|p1|Magearna|\n|poke|p1|Baxcalibur, F|\n|poke|p1|Heatran, M|\n|poke|p1|Victini|\n|poke|p1|Landorus-Therian, M|\n|poke|p2|Heliolisk, M|\n|poke|p2|Venusaur, M|\n|poke|p2|Thundurus, M|\n|poke|p2|Sandy Shocks|\n|poke|p2|Shiftry, F|\n|poke|p2|Whimsicott, F|\n|teampreview\n|c|\u2606MiraGraves|I remember these guys\n|\n|t:|1699072001\n|start\n|switch|p1a: Ninetales|Ninetales-Alola, F|100\/100\n|switch|p2a: Thundurus|Thundurus, M|100\/100\n|-weather|Snow|[from] ability: Snow Warning|[of] p1a: Ninetales\n|turn|1\n|\n|t:|1699072022\n|move|p2a: Thundurus|Sunny Day|p2a: Thundurus\n|-weather|SunnyDay\n|move|p1a: Ninetales|Aurora Veil||[still]\n|-fail|p1a: Ninetales\n|\n|-weather|SunnyDay|[upkeep]\n|upkeep\n|turn|2\n|\n|t:|1699072030\n|switch|p1a: Landorus|Landorus-Therian, M|100\/100\n|-ability|p1a: Landorus|Intimidate|boost\n|-unboost|p2a: Thundurus|atk|1\n|move|p2a: Thundurus|Thunder Wave|p1a: Landorus\n|-immune|p1a: Landorus\n|\n|-weather|SunnyDay|[upkeep]\n|upkeep\n|turn|3\n|\n|t:|1699072041\n|switch|p2a: Venusaur|Venusaur, M|100\/100\n|move|p1a: Landorus|Toxic|p2a: Venusaur\n|-immune|p2a: Venusaur\n|\n|-weather|SunnyDay|[upkeep]\n|upkeep\n|turn|4\n|\n|t:|1699072049\n|move|p2a: Venusaur|Sleep Powder|p1a: Landorus\n|-status|p1a: Landorus|slp|[from] move: Sleep Powder\n|cant|p1a: Landorus|slp\n|\n|-weather|SunnyDay|[upkeep]\n|upkeep\n|turn|5\n|\n|t:|1699072059\n|switch|p1a: Ninetales|Ninetales-Alola, F|100\/100\n|-weather|Snow|[from] ability: Snow Warning|[of] p1a: Ninetales\n|move|p2a: Venusaur|Growth|p2a: Venusaur\n|-boost|p2a: Venusaur|atk|1\n|-boost|p2a: Venusaur|spa|1\n|\n|-weather|Snow|[upkeep]\n|upkeep\n|turn|6\n|\n|t:|1699072070\n|detailschange|p2a: Venusaur|Venusaur-Mega, M\n|-mega|p2a: Venusaur|Venusaur|Venusaurite\n|move|p1a: Ninetales|Blizzard|p2a: Venusaur\n|-supereffective|p2a: Venusaur\n|-damage|p2a: Venusaur|60\/100\n|move|p2a: Venusaur|Sludge Bomb|p1a: Ninetales\n|-supereffective|p1a: Ninetales\n|-damage|p1a: Ninetales|0 fnt\n|faint|p1a: Ninetales\n|\n|-weather|Snow|[upkeep]\n|upkeep\n|\n|t:|1699072082\n|switch|p1a: Landorus|Landorus-Therian, M|100\/100 slp\n|-ability|p1a: Landorus|Intimidate|boost\n|-unboost|p2a: Venusaur|atk|1\n|turn|7\n|\n|t:|1699072089\n|cant|p1a: Landorus|slp\n|move|p2a: Venusaur|Giga Drain|p1a: Landorus\n|-damage|p1a: Landorus|15\/100 slp\n|-heal|p2a: Venusaur|100\/100|[from] drain|[of] p1a: Landorus\n|\n|-weather|Snow|[upkeep]\n|upkeep\n|turn|8\n|\n|t:|1699072098\n|-curestatus|p1a: Landorus|slp|[msg]\n|move|p1a: Landorus|Earthquake|p2a: Venusaur\n|-crit|p2a: Venusaur\n|-damage|p2a: Venusaur|25\/100\n|move|p2a: Venusaur|Giga Drain|p1a: Landorus\n|-damage|p1a: Landorus|0 fnt\n|-heal|p2a: Venusaur|32\/100|[from] drain|[of] p1a: Landorus\n|faint|p1a: Landorus\n|\n|-weather|Snow|[upkeep]\n|upkeep\n|\n|t:|1699072111\n|switch|p1a: Baxcalibur|Baxcalibur, F|100\/100\n|turn|9\n|\n|t:|1699072124\n|-terastallize|p1a: Baxcalibur|Dragon\n|move|p1a: Baxcalibur|Scale Shot|p2a: Venusaur\n|-damage|p2a: Venusaur|14\/100\n|-damage|p2a: Venusaur|0 fnt\n|faint|p2a: Venusaur\n|-hitcount|p2: Venusaur|2\n|-unboost|p1a: Baxcalibur|def|1\n|-boost|p1a: Baxcalibur|spe|1\n|\n|-weather|Snow|[upkeep]\n|upkeep\n|\n|t:|1699072134\n|switch|p2a: Whimsicott|Whimsicott, F|100\/100\n|turn|10\n|\n|t:|1699072140\n|move|p2a: Whimsicott|Encore|p1a: Baxcalibur\n|-start|p1a: Baxcalibur|Encore\n|move|p1a: Baxcalibur|Scale Shot|p2a: Whimsicott\n|-immune|p2a: Whimsicott\n|\n|-weather|Snow|[upkeep]\n|upkeep\n|turn|11\n|c|\u2606MiraGraves|Does encore have priority?\n|\n|t:|1699072168\n|switch|p1a: Heatran|Heatran, M|100\/100\n|-item|p1a: Heatran|Air Balloon\n|move|p2a: Whimsicott|Tailwind|p2a: Whimsicott\n|-sidestart|p2: Flames98765|move: Tailwind\n|\n|-weather|Snow|[upkeep]\n|upkeep\n|turn|12\n|c|\u2606Flames98765|no but prankster does\n|c|\u2606Flames98765|XD\n|c|\u2606MiraGraves|Dammit\n|\n|t:|1699072188\n|move|p2a: Whimsicott|U-turn|p1a: Heatran\n|-resisted|p1a: Heatran\n|-damage|p1a: Heatran|98\/100\n|-enditem|p1a: Heatran|Air Balloon\n|\n|t:|1699072192\n|switch|p2a: Sandy Shocks|Sandy Shocks|100\/100|[from] U-turn\n|-enditem|p2a: Sandy Shocks|Booster Energy\n|-activate|p2a: Sandy Shocks|ability: Protosynthesis|[fromitem]\n|-start|p2a: Sandy Shocks|protosynthesisspa\n|move|p1a: Heatran|Magma Storm|p2a: Sandy Shocks\n|-damage|p2a: Sandy Shocks|30\/100\n|-activate|p2a: Sandy Shocks|move: Magma Storm|[of] p1a: Heatran\n|\n|-weather|none\n|-damage|p2a: Sandy Shocks|18\/100|[from] move: Magma Storm|[partiallytrapped]\n|upkeep\n|turn|13\n|\n|t:|1699072211\n|move|p2a: Sandy Shocks|Earth Power|p1a: Heatran\n|-supereffective|p1a: Heatran\n|-damage|p1a: Heatran|0 fnt\n|faint|p1a: Heatran\n|\n|-end|p2a: Sandy Shocks|Magma Storm|[partiallytrapped]|[silent]\n|upkeep\n|\n|t:|1699072222\n|switch|p1a: Victini|Victini|100\/100\n|turn|14\n|c|\u2606MiraGraves|Oh lord\n|\n|t:|1699072230\n|move|p2a: Sandy Shocks|Earth Power|p1a: Victini\n|-supereffective|p1a: Victini\n|-damage|p1a: Victini|0 fnt\n|faint|p1a: Victini\n|\n|-sideend|p2: Flames98765|move: Tailwind\n|upkeep\n|\n|t:|1699072233\n|switch|p1a: Baxcalibur|Baxcalibur, F, tera:Dragon|100\/100\n|turn|15\n|\n|t:|1699072240\n|move|p2a: Sandy Shocks|Earth Power|p1a: Baxcalibur\n|-damage|p1a: Baxcalibur|38\/100\n|move|p1a: Baxcalibur|Swords Dance|p1a: Baxcalibur\n|-boost|p1a: Baxcalibur|atk|2\n|\n|upkeep\n|turn|16\n|\n|t:|1699072251\n|move|p1a: Baxcalibur|Ice Shard|p2a: Sandy Shocks\n|-supereffective|p2a: Sandy Shocks\n|-damage|p2a: Sandy Shocks|0 fnt\n|faint|p2a: Sandy Shocks\n|-end|p2a: Sandy Shocks|Protosynthesis|[silent]\n|\n|upkeep\n|\n|t:|1699072271\n|switch|p2a: Thundurus|Thundurus, M|100\/100\n|turn|17\n|\n|t:|1699072292\n|move|p1a: Baxcalibur|Ice Shard|p2a: Thundurus\n|-supereffective|p2a: Thundurus\n|-damage|p2a: Thundurus|0 fnt\n|faint|p2a: Thundurus\n|\n|upkeep\n|\n|t:|1699072303\n|switch|p2a: Whimsicott|Whimsicott, F|100\/100\n|turn|18\n|\n|t:|1699072326\n|move|p1a: Baxcalibur|Ice Shard|p2a: Whimsicott\n|-supereffective|p2a: Whimsicott\n|-enditem|p2a: Whimsicott|Focus Sash\n|-damage|p2a: Whimsicott|1\/100\n|move|p2a: Whimsicott|Moonblast|p1a: Baxcalibur\n|-supereffective|p1a: Baxcalibur\n|-damage|p1a: Baxcalibur|0 fnt\n|faint|p1a: Baxcalibur\n|\n|upkeep\n|\n|t:|1699072333\n|switch|p1a: Magearna|Magearna|100\/100\n|turn|19\n|\n|t:|1699072357\n|move|p2a: Whimsicott|Tailwind|p2a: Whimsicott\n|-sidestart|p2: Flames98765|move: Tailwind\n|move|p1a: Magearna|Ice Beam|p2a: Whimsicott\n|-supereffective|p2a: Whimsicott\n|-damage|p2a: Whimsicott|0 fnt\n|faint|p2a: Whimsicott\n|-ability|p1a: Magearna|Soul-Heart|boost\n|-boost|p1a: Magearna|spa|1\n|\n|upkeep\n|\n|t:|1699072365\n|switch|p2a: Heliolisk|Heliolisk, M|100\/100\n|turn|20\n|\n|t:|1699072372\n|-terastallize|p2a: Heliolisk|Fire\n|move|p2a: Heliolisk|Thunderbolt|p1a: Magearna\n|-damage|p1a: Magearna|67\/100\n|move|p1a: Magearna|Calm Mind|p1a: Magearna\n|-boost|p1a: Magearna|spa|1\n|-boost|p1a: Magearna|spd|1\n|\n|-heal|p1a: Magearna|73\/100|[from] item: Leftovers\n|upkeep\n|turn|21\n|\n|t:|1699072385\n|switch|p2a: Shiftry|Shiftry, F|100\/100\n|-ability|p2a: Shiftry|Wind Rider|boost\n|-boost|p2a: Shiftry|atk|1\n|move|p1a: Magearna|Fleur Cannon|p2a: Shiftry\n|-supereffective|p2a: Shiftry\n|-damage|p2a: Shiftry|0 fnt\n|-unboost|p1a: Magearna|spa|2\n|faint|p2a: Shiftry\n|-ability|p1a: Magearna|Soul-Heart|boost\n|-boost|p1a: Magearna|spa|1\n|\n|-heal|p1a: Magearna|79\/100|[from] item: Leftovers\n|upkeep\n|\n|t:|1699072396\n|switch|p2a: Heliolisk|Heliolisk, M, tera:Fire|100\/100\n|turn|22\n|\n|t:|1699072402\n|move|p2a: Heliolisk|Thunderbolt|p1a: Magearna\n|-damage|p1a: Magearna|55\/100\n|move|p1a: Magearna|Fleur Cannon|p2a: Heliolisk\n|-resisted|p2a: Heliolisk\n|-damage|p2a: Heliolisk|30\/100\n|-unboost|p1a: Magearna|spa|2\n|\n|-heal|p1a: Magearna|61\/100|[from] item: Leftovers\n|-sideend|p2: Flames98765|move: Tailwind\n|upkeep\n|turn|23\n|\n|t:|1699072411\n|move|p2a: Heliolisk|Thunderbolt|p1a: Magearna\n|-damage|p1a: Magearna|36\/100\n|move|p1a: Magearna|Thunderbolt|p2a: Heliolisk\n|-damage|p2a: Heliolisk|0 fnt\n|faint|p2a: Heliolisk\n|\n|win|MiraGraves\n|c|\u2606Flames98765|gg\n","uploadtime":1699072420,"views":15,"p1id":"miragraves","p2id":"flames98765","formatid":"gen9nationaldexubers","rating":0,"private":0,"password":""}