{"id":"gen9nationaldexubers-1992522952","p1":"vespyyy","p2":"disco 2003","format":"[Gen 9] National Dex Ubers","log":"|j|\u2606vespyyy\n|j|\u2606disco 2003\n|t:|1700199145\n|gametype|singles\n|player|p1|vespyyy|juggler|\n|player|p2|disco 2003|266|\n|teamsize|p1|6\n|teamsize|p2|6\n|gen|9\n|tier|[Gen 9] National Dex Ubers\n|rule|HP Percentage Mod: HP is shown in percentages\n|rule|Endless Battle Clause: Forcing endless battles is banned\n|rule|OHKO Clause: OHKO moves are banned\n|rule|Evasion Moves Clause: Evasion moves are banned\n|rule|Evasion Items Clause: Evasion items are banned\n|rule|Species Clause: Limit one of each Pok\u00e9mon\n|rule|Sleep Clause Mod: Limit one foe put to sleep\n|rule|Mega Rayquaza Clause: You cannot mega evolve Rayquaza\n|clearpoke\n|poke|p1|Ursaluna-Bloodmoon, M|\n|poke|p1|Baxcalibur, F|\n|poke|p1|Tapu Koko|\n|poke|p1|Volcarona, M|\n|poke|p1|Serperior, M|\n|poke|p1|Gyarados, M|\n|poke|p2|Iron Treads|\n|poke|p2|Gastrodon-East, M|\n|poke|p2|Landorus-Therian, M|\n|poke|p2|Dudunsparce-*, M|\n|poke|p2|Clodsire, F|\n|poke|p2|Great Tusk|\n|teampreview\n|c|\u2606disco 2003|glhf\n|c|\u2606disco 2003|interesting\n|c|\u2606disco 2003|i like what i see\n|j| k7eenex\n|c| k7eenex|ur team is full of fat guys and a mustache\n|\n|t:|1700199197\n|start\n|switch|p1a: Gyarados|Gyarados, M|100\/100\n|switch|p2a: Paranoid Android|Iron Treads|100\/100\n|-ability|p1a: Gyarados|Intimidate|boost\n|-unboost|p2a: Paranoid Android|atk|1\n|turn|1\n|\n|t:|1700199217\n|-end|p2a: Paranoid Android|Quark Drive|[silent]\n|switch|p2a: Dudunsparce|Dudunsparce, M|100\/100\n|move|p1a: Gyarados|Dragon Dance|p1a: Gyarados\n|-boost|p1a: Gyarados|atk|1\n|-boost|p1a: Gyarados|spe|1\n|\n|upkeep\n|turn|2\n|j| Turning Heel\n|\n|t:|1700199245\n|move|p1a: Gyarados|Taunt|p2a: Dudunsparce\n|-start|p2a: Dudunsparce|move: Taunt\n|move|p2a: Dudunsparce|Dragon Tail|p1a: Gyarados|[miss]\n|-miss|p2a: Dudunsparce|p1a: Gyarados\n|\n|upkeep\n|turn|3\n|c|\u2606vespyyy|Rip\n|c| k7eenex|luls\n|c|\u2606vespyyy|Lmaooo\n|c|\u2606disco 2003|unfortunate does not begin to describe\n|\n|t:|1700199280\n|move|p1a: Gyarados|Waterfall|p2a: Dudunsparce\n|-damage|p2a: Dudunsparce|61\/100\n|-damage|p1a: Gyarados|84\/100|[from] item: Rocky Helmet|[of] p2a: Dudunsparce\n|move|p2a: Dudunsparce|Boomburst|p1a: Gyarados\n|-damage|p1a: Gyarados|42\/100\n|\n|upkeep\n|turn|4\n|\n|t:|1700199305\n|detailschange|p1a: Gyarados|Gyarados-Mega, M\n|-mega|p1a: Gyarados|Gyarados|Gyaradosite\n|-ability|p1a: Gyarados|Mold Breaker\n|move|p1a: Gyarados|Waterfall|p2a: Dudunsparce\n|-damage|p2a: Dudunsparce|11\/100\n|-damage|p1a: Gyarados|26\/100|[from] item: Rocky Helmet|[of] p2a: Dudunsparce\n|cant|p2a: Dudunsparce|flinch\n|\n|-end|p2a: Dudunsparce|move: Taunt\n|upkeep\n|turn|5\n|c|\u2606vespyyy|Lmao\n|c|\u2606disco 2003|unfortunate does not begin to describe\n|c|\u2606vespyyy|Pure skill frfr\n|\n|t:|1700199342\n|move|p1a: Gyarados|Waterfall|p2a: Dudunsparce\n|-damage|p2a: Dudunsparce|0 fnt\n|-damage|p1a: Gyarados|9\/100|[from] item: Rocky Helmet|[of] p2a: Dudunsparce\n|faint|p2a: Dudunsparce\n|\n|upkeep\n|\n|t:|1700199350\n|switch|p2a: Paranoid Android|Iron Treads|100\/100\n|turn|6\n|\n|t:|1700199359\n|move|p2a: Paranoid Android|Volt Switch|p1a: Gyarados\n|-supereffective|p1a: Gyarados\n|-damage|p1a: Gyarados|0 fnt\n|faint|p1a: Gyarados\n|\n|t:|1700199385\n|-end|p2a: Paranoid Android|Quark Drive|[silent]\n|switch|p2a: Beast of Burden|Great Tusk|100\/100|[from] Volt Switch\n|-enditem|p2a: Beast of Burden|Booster Energy\n|-activate|p2a: Beast of Burden|ability: Protosynthesis|[fromitem]\n|-start|p2a: Beast of Burden|protosynthesisatk\n|\n|upkeep\n|\n|t:|1700199397\n|switch|p1a: Serperior|Serperior, M|100\/100\n|turn|7\n|c|\u2606disco 2003|wait\n|c|\u2606disco 2003|ok i need to fix this set LMAO\n|c|\u2606disco 2003|this is the first time ive brought it\n|c| k7eenex|supposed to be speed?\n|\n|t:|1700199416\n|-end|p2a: Beast of Burden|Protosynthesis|[silent]\n|switch|p2a: Goo Goo Muck|Clodsire, F|100\/100\n|move|p1a: Serperior|Substitute|p1a: Serperior\n|-start|p1a: Serperior|Substitute\n|-damage|p1a: Serperior|76\/100\n|\n|-heal|p1a: Serperior|82\/100|[from] item: Leftovers\n|upkeep\n|turn|8\n|c|\u2606disco 2003|ya\n|\n|t:|1700199423\n|move|p1a: Serperior|Glare|p2a: Goo Goo Muck\n|-status|p2a: Goo Goo Muck|par\n|cant|p2a: Goo Goo Muck|par\n|\n|-heal|p1a: Serperior|88\/100|[from] item: Leftovers\n|upkeep\n|turn|9\n|\n|t:|1700199428\n|move|p1a: Serperior|Leaf Storm|p2a: Goo Goo Muck|[miss]\n|-miss|p1a: Serperior|p2a: Goo Goo Muck\n|move|p2a: Goo Goo Muck|Toxic Spikes|p1a: Serperior\n|-sidestart|p1: vespyyy|move: Toxic Spikes\n|\n|-heal|p1a: Serperior|94\/100|[from] item: Leftovers\n|upkeep\n|turn|10\n|c| k7eenex|damn what are these hax\n|\n|t:|1700199432\n|switch|p1a: Tapu Koko|Tapu Koko|100\/100\n|-status|p1a: Tapu Koko|psn\n|-fieldstart|move: Electric Terrain|[from] ability: Electric Surge|[of] p1a: Tapu Koko\n|move|p2a: Goo Goo Muck|Toxic Spikes|p1a: Tapu Koko\n|-sidestart|p1: vespyyy|move: Toxic Spikes\n|\n|-damage|p1a: Tapu Koko|88\/100 psn|[from] psn\n|upkeep\n|turn|11\n|\n|t:|1700199451\n|switch|p2a: Harvest Moon|Landorus-Therian, M|100\/100\n|-ability|p2a: Harvest Moon|Intimidate|boost\n|-unboost|p1a: Tapu Koko|atk|1\n|move|p1a: Tapu Koko|Light Screen|p1a: Tapu Koko\n|-sidestart|p1: vespyyy|move: Light Screen\n|\n|-damage|p1a: Tapu Koko|76\/100 psn|[from] psn\n|upkeep\n|turn|12\n|\n|t:|1700199457\n|move|p1a: Tapu Koko|Reflect|p1a: Tapu Koko\n|-sidestart|p1: vespyyy|Reflect\n|move|p2a: Harvest Moon|Substitute|p2a: Harvest Moon\n|-start|p2a: Harvest Moon|Substitute\n|-damage|p2a: Harvest Moon|76\/100\n|\n|-damage|p1a: Tapu Koko|64\/100 psn|[from] psn\n|upkeep\n|turn|13\n|\n|t:|1700199463\n|move|p1a: Tapu Koko|Taunt|p2a: Harvest Moon\n|-start|p2a: Harvest Moon|move: Taunt\n|cant|p2a: Harvest Moon|move: Taunt|Swords Dance\n|\n|-damage|p1a: Tapu Koko|52\/100 psn|[from] psn\n|upkeep\n|turn|14\n|\n|t:|1700199470\n|move|p1a: Tapu Koko|U-turn|p2a: Harvest Moon\n|-resisted|p2a: Harvest Moon\n|-activate|p2a: Harvest Moon|move: Substitute|[damage]\n|\n|t:|1700199472\n|switch|p1a: Serperior|Serperior, M|94\/100|[from] U-turn\n|-status|p1a: Serperior|tox\n|move|p2a: Harvest Moon|Earthquake|p1a: Serperior\n|-resisted|p1a: Serperior\n|-damage|p1a: Serperior|77\/100 tox\n|\n|-heal|p1a: Serperior|83\/100 tox|[from] item: Leftovers\n|-damage|p1a: Serperior|77\/100 tox|[from] psn\n|-fieldend|move: Electric Terrain\n|upkeep\n|turn|15\n|\n|t:|1700199481\n|switch|p1a: Baxcalibur|Baxcalibur, F|100\/100\n|-status|p1a: Baxcalibur|tox\n|move|p2a: Harvest Moon|Stone Edge|p1a: Baxcalibur\n|-supereffective|p1a: Baxcalibur\n|-crit|p1a: Baxcalibur\n|-damage|p1a: Baxcalibur|0 fnt\n|faint|p1a: Baxcalibur\n|\n|-end|p2a: Harvest Moon|move: Taunt\n|upkeep\n|c|\u2606vespyyy|I suck\n|c|\u2606vespyyy|Lmaoooo\n|\n|t:|1700199493\n|switch|p1a: Ursaluna|Ursaluna-Bloodmoon, M|100\/100\n|-status|p1a: Ursaluna|tox\n|turn|16\n|c|\u2606disco 2003|unfort\n|c|\u2606disco 2003|ya i never switc behind sub\n|c|\u2606vespyyy|Shouldnt have let tspikes\n|c|\u2606vespyyy|Ggs\n|c|\u2606disco 2003|fair\n|c|\u2606disco 2003|ggs\n|\n|t:|1700199513\n|move|p2a: Harvest Moon|Swords Dance|p2a: Harvest Moon\n|-boost|p2a: Harvest Moon|atk|2\n|move|p1a: Ursaluna|Blood Moon|p2a: Harvest Moon\n|-end|p2a: Harvest Moon|Substitute\n|\n|-damage|p1a: Ursaluna|94\/100 tox|[from] psn\n|upkeep\n|turn|17\n|c| k7eenex|whoa\n|c| k7eenex|thats a cool animation\n|-message|vespyyy forfeited.\n|\n|win|disco 2003\n|l| Turning Heel\n","uploadtime":1700199531,"views":18,"p1id":"vespyyy","p2id":"disco2003","formatid":"gen9nationaldexubers","rating":0,"private":0,"password":""}