{"id":"gen9nationaldexubers-1977818647","p1":"BloodyBill","p2":"Bakitaladelbarrio","format":"[Gen 9] National Dex Ubers","log":"|j|\u2606BloodyBill\n|j|\u2606Bakitaladelbarrio\n|t:|1698453407\n|gametype|singles\n|player|p1|BloodyBill|ltsurge|1296\n|player|p2|Bakitaladelbarrio|blue|1373\n|teamsize|p1|6\n|teamsize|p2|6\n|gen|9\n|tier|[Gen 9] National Dex Ubers\n|rated|\n|rule|HP Percentage Mod: HP is shown in percentages\n|rule|Endless Battle Clause: Forcing endless battles is banned\n|rule|OHKO Clause: OHKO moves are banned\n|rule|Evasion Moves Clause: Evasion moves are banned\n|rule|Evasion Items Clause: Evasion items are banned\n|rule|Species Clause: Limit one of each Pok\u00e9mon\n|rule|Sleep Clause Mod: Limit one foe put to sleep\n|rule|Mega Rayquaza Clause: You cannot mega evolve Rayquaza\n|clearpoke\n|poke|p1|Quagsire, F|\n|poke|p1|Lanturn, M|\n|poke|p1|Solgaleo|\n|poke|p1|Magearna|\n|poke|p1|Jolteon, F|\n|poke|p1|Tentacruel, F|\n|poke|p2|Groudon|\n|poke|p2|Deoxys-Attack|\n|poke|p2|Ho-Oh|\n|poke|p2|Xerneas-*|\n|poke|p2|Zygarde|\n|poke|p2|Genesect|\n|teampreview\n|inactive|Battle timer is ON: inactive players will automatically lose when time's up. (requested by BloodyBill)\n|\n|t:|1698453431\n|start\n|switch|p1a: Budget Necrozma|Solgaleo|100\/100\n|switch|p2a: Groudon|Groudon|100\/100\n|detailschange|p2a: Groudon|Groudon-Primal\n|-primal|p2a: Groudon|Red Orb\n|-weather|DesolateLand|[from] ability: Desolate Land|[of] p2a: Groudon\n|turn|1\n|\n|t:|1698453440\n|move|p2a: Groudon|Stealth Rock|p1a: Budget Necrozma\n|-sidestart|p1: BloodyBill|move: Stealth Rock\n|move|p1a: Budget Necrozma|Trick Room|p1a: Budget Necrozma\n|-fieldstart|move: Trick Room|[of] p1a: Budget Necrozma\n|\n|-weather|DesolateLand|[upkeep]\n|upkeep\n|turn|2\n|\n|t:|1698453445\n|move|p1a: Budget Necrozma|Expanding Force|p2a: Groudon\n|-damage|p2a: Groudon|51\/100\n|move|p2a: Groudon|Heat Crash|p1a: Budget Necrozma\n|-supereffective|p1a: Budget Necrozma\n|-damage|p1a: Budget Necrozma|0 fnt\n|faint|p1a: Budget Necrozma\n|\n|-weather|DesolateLand|[upkeep]\n|upkeep\n|\n|t:|1698453448\n|switch|p1a: Budget Toxapex|Tentacruel, F|100\/100\n|-damage|p1a: Budget Toxapex|88\/100|[from] Stealth Rock\n|turn|3\n|inactive|Bakitaladelbarrio has 120 seconds left.\n|\n|t:|1698453479\n|-weather|none\n|switch|p2a: Genesect|Genesect|100\/100\n|-ability|p2a: Genesect|Download|boost\n|-boost|p2a: Genesect|atk|1\n|-terastallize|p1a: Budget Toxapex|Flying\n|move|p1a: Budget Toxapex|Toxic|p2a: Genesect\n|-immune|p2a: Genesect\n|\n|upkeep\n|turn|4\n|inactive|Bakitaladelbarrio has 120 seconds left.\n|\n|t:|1698453492\n|move|p1a: Budget Toxapex|Rapid Spin|p2a: Genesect\n|-resisted|p2a: Genesect\n|-damage|p2a: Genesect|96\/100\n|-boost|p1a: Budget Toxapex|spe|1\n|-sideend|p1: BloodyBill|Stealth Rock|[from] move: Rapid Spin|[of] p1a: Budget Toxapex\n|move|p2a: Genesect|U-turn|p1a: Budget Toxapex\n|-resisted|p1a: Budget Toxapex\n|-damage|p1a: Budget Toxapex|60\/100\n|-damage|p2a: Genesect|79\/100|[from] item: Rocky Helmet|[of] p1a: Budget Toxapex\n|inactive|Bakitaladelbarrio has 120 seconds left.\n|\n|t:|1698453511\n|switch|p2a: Deoxys|Deoxys-Attack|100\/100|[from] U-turn\n|-ability|p2a: Deoxys|Pressure\n|\n|upkeep\n|turn|5\n|\n|t:|1698453522\n|switch|p2a: Genesect|Genesect|79\/100\n|-ability|p2a: Genesect|Download|boost\n|-boost|p2a: Genesect|atk|1\n|move|p1a: Budget Toxapex|Toxic Spikes|p2a: Genesect\n|-sidestart|p2: Bakitaladelbarrio|move: Toxic Spikes\n|\n|-fieldend|move: Trick Room\n|upkeep\n|turn|6\n|inactive|Bakitaladelbarrio has 120 seconds left.\n|\n|t:|1698453530\n|move|p2a: Genesect|Ice Beam|p1a: Budget Toxapex\n|-supereffective|p1a: Budget Toxapex\n|-damage|p1a: Budget Toxapex|24\/100\n|move|p1a: Budget Toxapex|Toxic Spikes|p2a: Genesect\n|-sidestart|p2: Bakitaladelbarrio|move: Toxic Spikes\n|\n|upkeep\n|turn|7\n|\n|t:|1698453550\n|switch|p1a: Budget Kyogre|Lanturn, M|100\/100\n|move|p2a: Genesect|Ice Beam|p1a: Budget Kyogre\n|-resisted|p1a: Budget Kyogre\n|-damage|p1a: Budget Kyogre|88\/100\n|\n|-heal|p1a: Budget Kyogre|95\/100|[from] item: Leftovers\n|upkeep\n|turn|8\n|\n|t:|1698453564\n|switch|p2a: Xerneas|Xerneas|100\/100\n|-ability|p2a: Xerneas|Fairy Aura\n|move|p1a: Budget Kyogre|Toxic|p2a: Xerneas|[miss]\n|-miss|p1a: Budget Kyogre|p2a: Xerneas\n|\n|-heal|p1a: Budget Kyogre|100\/100|[from] item: Leftovers\n|upkeep\n|turn|9\n|inactive|Bakitaladelbarrio has 120 seconds left.\n|\n|t:|1698453582\n|switch|p2a: Zygarde|Zygarde|100\/100\n|-status|p2a: Zygarde|tox\n|move|p1a: Budget Kyogre|Toxic|p2a: Zygarde\n|-fail|p2a: Zygarde|tox\n|\n|-damage|p2a: Zygarde|94\/100 tox|[from] psn\n|upkeep\n|turn|10\n|\n|t:|1698453591\n|switch|p1a: Budget Clefable|Quagsire, F|100\/100\n|move|p2a: Zygarde|Coil|p2a: Zygarde\n|-boost|p2a: Zygarde|atk|1\n|-boost|p2a: Zygarde|def|1\n|-boost|p2a: Zygarde|accuracy|1\n|\n|-heal|p2a: Zygarde|100\/100 tox|[from] item: Leftovers\n|-damage|p2a: Zygarde|88\/100 tox|[from] psn\n|upkeep\n|turn|11\n|\n|t:|1698453601\n|move|p2a: Zygarde|Glare|p1a: Budget Clefable\n|-status|p1a: Budget Clefable|par\n|move|p1a: Budget Clefable|Curse|p1a: Budget Clefable\n|-unboost|p1a: Budget Clefable|spe|1\n|-boost|p1a: Budget Clefable|atk|1\n|-boost|p1a: Budget Clefable|def|1\n|\n|-heal|p2a: Zygarde|94\/100 tox|[from] item: Leftovers\n|-damage|p2a: Zygarde|76\/100 tox|[from] psn\n|upkeep\n|turn|12\n|inactive|Bakitaladelbarrio has 120 seconds left.\n|\n|t:|1698453634\n|switch|p2a: Xerneas|Xerneas|100\/100\n|-ability|p2a: Xerneas|Fairy Aura\n|move|p1a: Budget Clefable|Curse|p1a: Budget Clefable\n|-unboost|p1a: Budget Clefable|spe|1\n|-boost|p1a: Budget Clefable|atk|1\n|-boost|p1a: Budget Clefable|def|1\n|\n|upkeep\n|turn|13\n|\n|t:|1698453643\n|move|p2a: Xerneas|Moonblast|p1a: Budget Clefable\n|-damage|p1a: Budget Clefable|55\/100 par\n|-unboost|p1a: Budget Clefable|spa|1\n|move|p1a: Budget Clefable|Toxic|p2a: Xerneas\n|-status|p2a: Xerneas|tox\n|\n|-heal|p1a: Budget Clefable|61\/100 par|[from] item: Leftovers\n|-damage|p2a: Xerneas|94\/100 tox|[from] psn\n|upkeep\n|turn|14\n|\n|t:|1698453653\n|move|p2a: Xerneas|Moonblast|p1a: Budget Clefable\n|-damage|p1a: Budget Clefable|17\/100 par\n|move|p1a: Budget Clefable|Recover|p1a: Budget Clefable\n|-heal|p1a: Budget Clefable|67\/100 par\n|\n|-heal|p1a: Budget Clefable|73\/100 par|[from] item: Leftovers\n|-damage|p2a: Xerneas|82\/100 tox|[from] psn\n|upkeep\n|turn|15\n|\n|t:|1698453663\n|move|p2a: Xerneas|Moonblast|p1a: Budget Clefable\n|-damage|p1a: Budget Clefable|25\/100 par\n|cant|p1a: Budget Clefable|par\n|\n|-heal|p1a: Budget Clefable|31\/100 par|[from] item: Leftovers\n|-damage|p2a: Xerneas|64\/100 tox|[from] psn\n|upkeep\n|turn|16\n|inactive|Bakitaladelbarrio has 120 seconds left.\n|\n|t:|1698453675\n|move|p2a: Xerneas|Moonblast|p1a: Budget Clefable\n|-damage|p1a: Budget Clefable|0 fnt\n|faint|p1a: Budget Clefable\n|\n|-damage|p2a: Xerneas|39\/100 tox|[from] psn\n|upkeep\n|inactive|BloodyBill has 120 seconds left.\n|\n|t:|1698453705\n|switch|p1a: Budget Zacian|Magearna|100\/100\n|turn|17\n|\n|t:|1698453708\n|move|p2a: Xerneas|Rest|p2a: Xerneas\n|-status|p2a: Xerneas|slp|[from] move: Rest\n|-heal|p2a: Xerneas|100\/100 slp|[silent]\n|move|p1a: Budget Zacian|Trick Room|p1a: Budget Zacian\n|-fieldstart|move: Trick Room|[of] p1a: Budget Zacian\n|\n|upkeep\n|turn|18\n|\n|t:|1698453718\n|switch|p2a: Ho-Oh|Ho-Oh|100\/100\n|move|p1a: Budget Zacian|Iron Defense|p1a: Budget Zacian\n|-boost|p1a: Budget Zacian|def|2\n|\n|upkeep\n|turn|19\n|\n|t:|1698453725\n|move|p1a: Budget Zacian|Iron Defense|p1a: Budget Zacian\n|-boost|p1a: Budget Zacian|def|2\n|move|p2a: Ho-Oh|Defog|p1a: Budget Zacian\n|-unboost|p1a: Budget Zacian|evasion|1\n|-sideend|p2: Bakitaladelbarrio|Toxic Spikes|[from] move: Defog|[of] p2a: Ho-Oh\n|\n|upkeep\n|turn|20\n|\n|t:|1698453731\n|move|p1a: Budget Zacian|Calm Mind|p1a: Budget Zacian\n|-boost|p1a: Budget Zacian|spa|1\n|-boost|p1a: Budget Zacian|spd|1\n|move|p2a: Ho-Oh|Whirlwind|p1a: Budget Zacian\n|drag|p1a: Budget Regieleki|Jolteon, F|100\/100\n|\n|upkeep\n|turn|21\n|-message|BloodyBill forfeited.\n|\n|win|Bakitaladelbarrio\n|raw|BloodyBill's rating: 1296 &rarr; <strong>1276<\/strong><br \/>(-20 for losing)\n|raw|Bakitaladelbarrio's rating: 1373 &rarr; <strong>1389<\/strong><br \/>(+16 for winning)\n|l|\u2606BloodyBill\n","uploadtime":1698453808,"views":6,"p1id":"bloodybill","p2id":"bakitaladelbarrio","formatid":"gen9nationaldexubers","rating":1276,"private":0,"password":""}