{"id":"gen9nationaldexubers-1999922288","p1":"drew0723","p2":"yueku","format":"[Gen 9] National Dex Ubers","log":"|j|\u2606drew0723\n|j|\u2606yueku\n|t:|1701130420\n|gametype|singles\n|player|p1|drew0723|pokemonbreeder-gen4|\n|player|p2|yueku|shauntal|\n|teamsize|p1|6\n|teamsize|p2|6\n|gen|9\n|tier|[Gen 9] National Dex Ubers\n|rule|HP Percentage Mod: HP is shown in percentages\n|rule|Endless Battle Clause: Forcing endless battles is banned\n|rule|OHKO Clause: OHKO moves are banned\n|rule|Evasion Moves Clause: Evasion moves are banned\n|rule|Evasion Items Clause: Evasion items are banned\n|rule|Species Clause: Limit one of each Pok\u00e9mon\n|rule|Sleep Clause Mod: Limit one foe put to sleep\n|rule|Mega Rayquaza Clause: You cannot mega evolve Rayquaza\n|clearpoke\n|poke|p1|Deoxys|\n|poke|p1|Latios, M|\n|poke|p1|Slowbro, F|\n|poke|p1|Slither Wing|\n|poke|p1|Hatterene, F|\n|poke|p1|Kommo-o, F|\n|poke|p2|Calyrex-Ice|\n|poke|p2|Ceruledge, M|\n|poke|p2|Wo-Chien|\n|poke|p2|Lairon, M|\n|poke|p2|Lampent, F|\n|poke|p2|Camerupt, M|\n|teampreview\n|c|\u2606yueku|g1\n|c|\u2606drew0723|Good Luck, Have Fun!\n|c|\u2606drew0723|is there some rule\n|c|\u2606drew0723|idk\n|c|\u2606drew0723|or like\n|c|\u2606yueku|best of 3\n|c|\u2606drew0723|did you voluntarily bring an NFE\n|c|\u2606yueku|yes i did\n|c|\u2606drew0723|ok, just making sure.\n|c|\u2606drew0723|tbf\n|c|\u2606drew0723|its good against me kinda\n|\n|t:|1701130486\n|start\n|switch|p1a: Kommo-o|Kommo-o, F|100\/100\n|switch|p2a: Lampent|Lampent, F|100\/100\n|turn|1\n|\n|t:|1701130491\n|move|p1a: Kommo-o|Stealth Rock|p2a: Lampent\n|-sidestart|p2: yueku|move: Stealth Rock\n|move|p2a: Lampent|Trick Room|p2a: Lampent\n|-fieldstart|move: Trick Room|[of] p2a: Lampent\n|\n|upkeep\n|turn|2\n|\n|t:|1701130498\n|move|p2a: Lampent|Shadow Ball|p1a: Kommo-o\n|-immune|p1a: Kommo-o|[from] ability: Bulletproof\n|move|p1a: Kommo-o|Toxic|p2a: Lampent\n|-status|p2a: Lampent|tox\n|\n|-damage|p2a: Lampent|94\/100 tox|[from] psn\n|upkeep\n|turn|3\n|c|\u2606yueku|i forgor about that\n|j| Teraspark\n|\n|t:|1701130544\n|switch|p2a: Calyrex|Calyrex-Ice|100\/100\n|-ability|p2a: Calyrex|As One\n|-ability|p2a: Calyrex|Unnerve\n|-damage|p2a: Calyrex|76\/100|[from] Stealth Rock\n|move|p1a: Kommo-o|Toxic|p2a: Calyrex\n|-status|p2a: Calyrex|tox\n|\n|-damage|p2a: Calyrex|70\/100 tox|[from] psn\n|upkeep\n|turn|4\n|c|\u2606drew0723|im gladi didnt switch it\n|\n|t:|1701130562\n|switch|p1a: Slowbro|Slowbro, F|100\/100\n|move|p2a: Calyrex|Glacial Lance|p1a: Slowbro\n|-resisted|p1a: Slowbro\n|-damage|p1a: Slowbro|68\/100\n|-damage|p2a: Calyrex|60\/100 tox|[from] item: Life Orb\n|\n|-damage|p2a: Calyrex|48\/100 tox|[from] psn\n|upkeep\n|turn|5\n|\n|t:|1701130573\n|switch|p2a: Lairon|Lairon, M|100\/100\n|-damage|p2a: Lairon|94\/100|[from] Stealth Rock\n|move|p1a: Slowbro|Teleport|p1a: Slowbro\n|\n|t:|1701130602\n|switch|p1a: Kommo-o|Kommo-o, F|100\/100|[from] Teleport\n|\n|-fieldend|move: Trick Room\n|upkeep\n|turn|6\n|\n|t:|1701130615\n|switch|p2a: Lampent|Lampent, F|94\/100 tox\n|-damage|p2a: Lampent|69\/100 tox|[from] Stealth Rock\n|move|p1a: Kommo-o|Body Press|p2a: Lampent\n|-immune|p2a: Lampent\n|\n|-damage|p2a: Lampent|63\/100 tox|[from] psn\n|upkeep\n|turn|7\n|\n|t:|1701130624\n|move|p1a: Kommo-o|Earthquake|p2a: Lampent\n|-supereffective|p2a: Lampent\n|-damage|p2a: Lampent|0 fnt\n|faint|p2a: Lampent\n|\n|upkeep\n|\n|t:|1701130631\n|switch|p2a: Wo-Chien|Wo-Chien|100\/100\n|-damage|p2a: Wo-Chien|88\/100|[from] Stealth Rock\n|-ability|p2a: Wo-Chien|Tablets of Ruin\n|turn|8\n|\n|t:|1701130646\n|move|p2a: Wo-Chien|Protect|p2a: Wo-Chien\n|-singleturn|p2a: Wo-Chien|Protect\n|move|p1a: Kommo-o|Toxic|p2a: Wo-Chien\n|-activate|p2a: Wo-Chien|move: Protect\n|\n|-heal|p2a: Wo-Chien|94\/100|[from] item: Leftovers\n|upkeep\n|turn|9\n|\n|t:|1701130654\n|switch|p1a: Hatterene|Hatterene, F|100\/100\n|switch|p2a: Calyrex|Calyrex-Ice|48\/100 tox\n|-ability|p2a: Calyrex|As One\n|-ability|p2a: Calyrex|Unnerve\n|-damage|p2a: Calyrex|23\/100 tox|[from] Stealth Rock\n|\n|-damage|p2a: Calyrex|17\/100 tox|[from] psn\n|upkeep\n|turn|10\n|\n|t:|1701130662\n|switch|p1a: Slowbro|Slowbro, F|100\/100\n|move|p2a: Calyrex|Crunch|p1a: Slowbro\n|-supereffective|p1a: Slowbro\n|-crit|p1a: Slowbro\n|-damage|p1a: Slowbro|13\/100\n|-damage|p2a: Calyrex|7\/100 tox|[from] item: Life Orb\n|\n|-damage|p2a: Calyrex|0 fnt|[from] psn\n|faint|p2a: Calyrex\n|upkeep\n|\n|t:|1701130678\n|switch|p2a: Ceruledge|Ceruledge, M|100\/100\n|-damage|p2a: Ceruledge|76\/100|[from] Stealth Rock\n|turn|11\n|\n|t:|1701130698\n|move|p2a: Ceruledge|Bitter Blade|p1a: Slowbro\n|-resisted|p1a: Slowbro\n|-damage|p1a: Slowbro|0 fnt\n|-heal|p2a: Ceruledge|83\/100|[from] drain|[of] p1a: Slowbro\n|faint|p1a: Slowbro\n|\n|upkeep\n|l| Teraspark\n|\n|t:|1701130718\n|switch|p1a: Hatterene|Hatterene, F|100\/100\n|turn|12\n|\n|t:|1701130735\n|move|p2a: Ceruledge|Substitute|p2a: Ceruledge\n|-start|p2a: Ceruledge|Substitute\n|-damage|p2a: Ceruledge|59\/100\n|move|p1a: Hatterene|Nuzzle|p2a: Ceruledge\n|-activate|p2a: Ceruledge|move: Substitute|[damage]\n|\n|upkeep\n|turn|13\n|\n|t:|1701130741\n|move|p2a: Ceruledge|Poltergeist|p1a: Hatterene\n|-activate|p1a: Hatterene|move: Poltergeist|Kasib Berry\n|-supereffective|p1a: Hatterene\n|-enditem|p1a: Hatterene|Kasib Berry|[eat]\n|-enditem|p1a: Hatterene|Kasib Berry|[weaken]\n|-damage|p1a: Hatterene|55\/100\n|move|p1a: Hatterene|Psyshock|p2a: Ceruledge\n|-end|p2a: Ceruledge|Substitute\n|\n|upkeep\n|turn|14\n|\n|t:|1701130754\n|move|p2a: Ceruledge|Bitter Blade|p1a: Hatterene\n|-damage|p1a: Hatterene|15\/100\n|-heal|p2a: Ceruledge|77\/100|[from] drain|[of] p1a: Hatterene\n|move|p1a: Hatterene|Psyshock|p2a: Ceruledge\n|-damage|p2a: Ceruledge|38\/100\n|\n|upkeep\n|turn|15\n|\n|t:|1701130767\n|move|p2a: Ceruledge|Bitter Blade|p1a: Hatterene\n|-damage|p1a: Hatterene|0 fnt\n|-heal|p2a: Ceruledge|45\/100|[from] drain|[of] p1a: Hatterene\n|faint|p1a: Hatterene\n|\n|upkeep\n|\n|t:|1701130774\n|switch|p1a: Slither Wing|Slither Wing|100\/100\n|turn|16\n|\n|t:|1701130802\n|-terastallize|p1a: Slither Wing|Ground\n|move|p1a: Slither Wing|Earthquake|p2a: Ceruledge\n|-supereffective|p2a: Ceruledge\n|-damage|p2a: Ceruledge|0 fnt\n|faint|p2a: Ceruledge\n|\n|upkeep\n|\n|t:|1701130811\n|switch|p2a: Wo-Chien|Wo-Chien|94\/100\n|-damage|p2a: Wo-Chien|82\/100|[from] Stealth Rock\n|-ability|p2a: Wo-Chien|Tablets of Ruin\n|turn|17\n|\n|t:|1701130828\n|-end|p1a: Slither Wing|Protosynthesis|[silent]\n|switch|p1a: Kommo-o|Kommo-o, F|100\/100\n|move|p2a: Wo-Chien|Leech Seed|p1a: Kommo-o\n|-start|p1a: Kommo-o|move: Leech Seed\n|\n|-heal|p2a: Wo-Chien|88\/100|[from] item: Leftovers\n|-damage|p1a: Kommo-o|88\/100|[from] Leech Seed|[of] p2a: Wo-Chien\n|-heal|p2a: Wo-Chien|99\/100|[silent]\n|upkeep\n|turn|18\n|\n|t:|1701130856\n|switch|p1a: Slither Wing|Slither Wing, tera:Ground|100\/100\n|switch|p2a: Lairon|Lairon, M|94\/100\n|-damage|p2a: Lairon|88\/100|[from] Stealth Rock\n|\n|upkeep\n|turn|19\n|\n|t:|1701130877\n|-terastallize|p2a: Lairon|Flying\n|move|p1a: Slither Wing|Close Combat|p2a: Lairon\n|-resisted|p2a: Lairon\n|-damage|p2a: Lairon|55\/100\n|-unboost|p1a: Slither Wing|def|1\n|-unboost|p1a: Slither Wing|spd|1\n|move|p2a: Lairon|Iron Head|p1a: Slither Wing\n|-damage|p1a: Slither Wing|30\/100\n|\n|upkeep\n|turn|20\n|\n|t:|1701130892\n|-end|p1a: Slither Wing|Protosynthesis|[silent]\n|switch|p1a: Latios|Latios, M|100\/100\n|move|p2a: Lairon|Iron Head|p1a: Latios\n|-damage|p1a: Latios|71\/100\n|\n|upkeep\n|turn|21\n|\n|t:|1701130906\n|detailschange|p1a: Latios|Latios-Mega, M\n|-mega|p1a: Latios|Latios|Latiosite\n|move|p1a: Latios|Toxic|p2a: Lairon\n|-status|p2a: Lairon|tox\n|move|p2a: Lairon|Shadow Claw|p1a: Latios\n|-supereffective|p1a: Latios\n|-damage|p1a: Latios|44\/100\n|\n|-damage|p2a: Lairon|49\/100 tox|[from] psn\n|upkeep\n|turn|22\n|\n|t:|1701130921\n|move|p1a: Latios|Recover|p1a: Latios\n|-heal|p1a: Latios|94\/100\n|move|p2a: Lairon|Shadow Claw|p1a: Latios\n|-supereffective|p1a: Latios\n|-damage|p1a: Latios|65\/100\n|\n|-damage|p2a: Lairon|37\/100 tox|[from] psn\n|upkeep\n|turn|23\n|\n|t:|1701130930\n|move|p1a: Latios|Psychic|p2a: Lairon\n|-damage|p2a: Lairon|0 fnt\n|faint|p2a: Lairon\n|\n|upkeep\n|\n|t:|1701130933\n|switch|p2a: Wo-Chien|Wo-Chien|99\/100\n|-damage|p2a: Wo-Chien|87\/100|[from] Stealth Rock\n|-ability|p2a: Wo-Chien|Tablets of Ruin\n|turn|24\n|\n|t:|1701130939\n|move|p1a: Latios|Toxic|p2a: Wo-Chien\n|-status|p2a: Wo-Chien|tox\n|move|p2a: Wo-Chien|Leech Seed|p1a: Latios\n|-start|p1a: Latios|move: Leech Seed\n|\n|-heal|p2a: Wo-Chien|94\/100 tox|[from] item: Leftovers\n|-damage|p1a: Latios|52\/100|[from] Leech Seed|[of] p2a: Wo-Chien\n|-heal|p2a: Wo-Chien|100\/100 tox|[silent]\n|-damage|p2a: Wo-Chien|94\/100 tox|[from] psn\n|upkeep\n|turn|25\n|\n|t:|1701130944\n|switch|p1a: Slither Wing|Slither Wing, tera:Ground|30\/100\n|move|p2a: Wo-Chien|Ruination|p1a: Slither Wing\n|-damage|p1a: Slither Wing|15\/100\n|\n|-heal|p2a: Wo-Chien|100\/100 tox|[from] item: Leftovers\n|-damage|p2a: Wo-Chien|88\/100 tox|[from] psn\n|upkeep\n|turn|26\n|\n|t:|1701130950\n|move|p2a: Wo-Chien|Protect|p2a: Wo-Chien\n|-singleturn|p2a: Wo-Chien|Protect\n|move|p1a: Slither Wing|U-turn|p2a: Wo-Chien\n|-activate|p2a: Wo-Chien|move: Protect\n|\n|-heal|p2a: Wo-Chien|94\/100 tox|[from] item: Leftovers\n|-damage|p2a: Wo-Chien|75\/100 tox|[from] psn\n|upkeep\n|turn|27\n|\n|t:|1701130960\n|move|p1a: Slither Wing|U-turn|p2a: Wo-Chien\n|-supereffective|p2a: Wo-Chien\n|-damage|p2a: Wo-Chien|0 fnt\n|faint|p2a: Wo-Chien\n|\n|t:|1701130985\n|-end|p1a: Slither Wing|Protosynthesis|[silent]\n|switch|p1a: Deoxys|Deoxys|100\/100|[from] U-turn\n|-ability|p1a: Deoxys|Pressure\n|\n|upkeep\n|\n|t:|1701130988\n|switch|p2a: Camerupt|Camerupt, M|100\/100\n|-damage|p2a: Camerupt|88\/100|[from] Stealth Rock\n|turn|28\n|\n|t:|1701130998\n|detailschange|p2a: Camerupt|Camerupt-Mega, M\n|-mega|p2a: Camerupt|Camerupt|Cameruptite\n|move|p1a: Deoxys|Psychic|p2a: Camerupt\n|-damage|p2a: Camerupt|13\/100\n|-damage|p1a: Deoxys|91\/100|[from] item: Life Orb\n|move|p2a: Camerupt|Flamethrower|p1a: Deoxys\n|-crit|p1a: Deoxys\n|-damage|p1a: Deoxys|0 fnt\n|faint|p1a: Deoxys\n|\n|upkeep\n|\n|t:|1701131014\n|switch|p1a: Slither Wing|Slither Wing, tera:Ground|15\/100\n|turn|29\n|\n|t:|1701131017\n|move|p1a: Slither Wing|Earthquake|p2a: Camerupt\n|-supereffective|p2a: Camerupt\n|-damage|p2a: Camerupt|0 fnt\n|faint|p2a: Camerupt\n|\n|win|drew0723\n|c|\u2606yueku|gg1\n|c|\u2606drew0723|GG\n","uploadtime":1701131024,"views":17,"p1id":"drew0723","p2id":"yueku","formatid":"gen9nationaldexubers","rating":0,"private":0,"password":""}