{"id":"gen9nationaldexubers-1988577683","p1":"AegiSwaggy","p2":"Snapteryx","format":"[Gen 9] National Dex Ubers","log":"|j|\u2606AegiSwaggy\n|j|\u2606Snapteryx\n|t:|1699738074\n|gametype|singles\n|player|p1|AegiSwaggy|yellow|\n|player|p2|Snapteryx|allister|\n|teamsize|p1|6\n|teamsize|p2|6\n|gen|9\n|tier|[Gen 9] National Dex Ubers\n|rule|HP Percentage Mod: HP is shown in percentages\n|rule|Endless Battle Clause: Forcing endless battles is banned\n|rule|OHKO Clause: OHKO moves are banned\n|rule|Evasion Moves Clause: Evasion moves are banned\n|rule|Evasion Items Clause: Evasion items are banned\n|rule|Species Clause: Limit one of each Pok\u00e9mon\n|rule|Sleep Clause Mod: Limit one foe put to sleep\n|rule|Mega Rayquaza Clause: You cannot mega evolve Rayquaza\n|clearpoke\n|poke|p1|Aegislash, F|\n|poke|p1|Garganacl, M|\n|poke|p1|Skeledirge, M|\n|poke|p1|Greninja-*, M|\n|poke|p1|Venusaur, F|\n|poke|p1|Great Tusk|\n|poke|p2|Gliscor, M|\n|poke|p2|Corviknight, M|\n|poke|p2|Mantine, F|\n|poke|p2|Landorus, M|\n|poke|p2|Charizard, F|\n|poke|p2|Zapdos-Galar|\n|teampreview\n|c|\u2606AegiSwaggy|glhf\n|c|\u2606AegiSwaggy|give me a sec to find the right song to listen to\n|\n|t:|1699738172\n|start\n|switch|p1a: The Savage|Great Tusk|100\/100\n|switch|p2a: Calamus|Zapdos-Galar|100\/100\n|turn|1\n|\n|t:|1699738185\n|move|p2a: Calamus|U-turn|p1a: The Savage\n|-resisted|p1a: The Savage\n|-damage|p1a: The Savage|95\/100\n|\n|t:|1699738193\n|switch|p2a: Delta Airlines|Corviknight, M, shiny|100\/100|[from] U-turn\n|-ability|p2a: Delta Airlines|Pressure\n|move|p1a: The Savage|Stealth Rock|p2a: Delta Airlines\n|-sidestart|p2: Snapteryx|move: Stealth Rock\n|\n|-heal|p1a: The Savage|100\/100|[from] item: Leftovers\n|upkeep\n|turn|2\n|c|\u2606Snapteryx|Oh wait fuck not this again\n|c|\u2606AegiSwaggy|LOL\n|j| Awesomeacuz13\n|\n|t:|1699738214\n|move|p1a: The Savage|Knock Off|p2a: Delta Airlines\n|-damage|p2a: Delta Airlines|80\/100\n|-enditem|p2a: Delta Airlines|Leftovers|[from] move: Knock Off|[of] p1a: The Savage\n|move|p2a: Delta Airlines|Defog|p1a: The Savage\n|-unboost|p1a: The Savage|evasion|1\n|-sideend|p2: Snapteryx|Stealth Rock|[from] move: Defog|[of] p2a: Delta Airlines\n|\n|upkeep\n|turn|3\n|\n|t:|1699738237\n|-end|p1a: The Savage|Protosynthesis|[silent]\n|switch|p1a: The Deceiver|Aegislash, F|100\/100\n|move|p2a: Delta Airlines|U-turn|p1a: The Deceiver\n|-resisted|p1a: The Deceiver\n|-damage|p1a: The Deceiver|98\/100\n|\n|t:|1699738244\n|switch|p2a: L*ndorus|Landorus, M|100\/100|[from] U-turn\n|\n|-heal|p1a: The Deceiver|100\/100|[from] item: Leftovers\n|upkeep\n|turn|4\n|\n|t:|1699738297\n|-terastallize|p2a: L*ndorus|Ground\n|move|p2a: L*ndorus|Earth Power|p1a: The Deceiver\n|-supereffective|p1a: The Deceiver\n|-damage|p1a: The Deceiver|0 fnt\n|faint|p1a: The Deceiver\n|\n|upkeep\n|\n|t:|1699738357\n|switch|p1a: The Capricious|Greninja, M|100\/100\n|turn|5\n|\n|t:|1699738362\n|switch|p2a: Alula|Mantine, F, shiny|100\/100\n|move|p1a: The Capricious|U-turn|p2a: Alula\n|-start|p1a: The Capricious|typechange|Bug|[from] ability: Protean\n|-resisted|p2a: Alula\n|-damage|p2a: Alula|89\/100\n|\n|t:|1699738375\n|switch|p1a: The Curdled|Garganacl, M|100\/100|[from] U-turn\n|\n|upkeep\n|turn|6\n|j| KyogreBoii\n|\n|t:|1699738406\n|switch|p2a: Snippy Boi|Gliscor, M, shiny|100\/100\n|switch|p1a: The Dauntless|Venusaur, F|100\/100\n|\n|-status|p2a: Snippy Boi|tox|[from] item: Toxic Orb\n|upkeep\n|turn|7\n|\n|t:|1699738414\n|detailschange|p1a: The Dauntless|Venusaur-Mega, F\n|-mega|p1a: The Dauntless|Venusaur|Venusaurite\n|move|p1a: The Dauntless|Leech Seed|p2a: Snippy Boi\n|-start|p2a: Snippy Boi|move: Leech Seed\n|move|p2a: Snippy Boi|Stealth Rock|p1a: The Dauntless\n|-sidestart|p1: AegiSwaggy|move: Stealth Rock\n|\n|-damage|p2a: Snippy Boi|88\/100 tox|[from] Leech Seed|[of] p1a: The Dauntless\n|-heal|p2a: Snippy Boi|100\/100 tox|[from] ability: Poison Heal\n|upkeep\n|turn|8\n|\n|t:|1699738425\n|move|p1a: The Dauntless|Giga Drain|p2a: Snippy Boi\n|-damage|p2a: Snippy Boi|70\/100 tox\n|move|p2a: Snippy Boi|U-turn|p1a: The Dauntless\n|-crit|p1a: The Dauntless\n|-damage|p1a: The Dauntless|81\/100\n|\n|t:|1699738476\n|switch|p2a: Calamus|Zapdos-Galar|100\/100|[from] U-turn\n|\n|upkeep\n|turn|9\n|\n|t:|1699738495\n|switch|p1a: The Benighted|Skeledirge, M|100\/100\n|-damage|p1a: The Benighted|75\/100|[from] Stealth Rock\n|-item|p1a: The Benighted|Air Balloon\n|move|p2a: Calamus|U-turn|p1a: The Benighted\n|-resisted|p1a: The Benighted\n|-damage|p1a: The Benighted|72\/100\n|-enditem|p1a: The Benighted|Air Balloon\n|\n|t:|1699738501\n|switch|p2a: L*ndorus|Landorus, M, tera:Ground|100\/100|[from] U-turn\n|\n|upkeep\n|turn|10\n|\n|t:|1699738513\n|move|p2a: L*ndorus|Earth Power|p1a: The Benighted\n|-supereffective|p1a: The Benighted\n|-damage|p1a: The Benighted|0 fnt\n|faint|p1a: The Benighted\n|\n|upkeep\n|\n|t:|1699738516\n|switch|p1a: The Dauntless|Venusaur-Mega, F|81\/100\n|-damage|p1a: The Dauntless|69\/100|[from] Stealth Rock\n|turn|11\n|\n|t:|1699738551\n|move|p2a: L*ndorus|U-turn|p1a: The Dauntless\n|-crit|p1a: The Dauntless\n|-damage|p1a: The Dauntless|40\/100\n|-damage|p2a: L*ndorus|91\/100|[from] item: Life Orb\n|\n|t:|1699738574\n|switch|p2a: Snippy Boi|Gliscor, M, shiny|70\/100 tox|[from] U-turn\n|move|p1a: The Dauntless|Giga Drain|p2a: Snippy Boi\n|-damage|p2a: Snippy Boi|36\/100 tox\n|-heal|p1a: The Dauntless|57\/100|[from] drain|[of] p2a: Snippy Boi\n|\n|-heal|p2a: Snippy Boi|48\/100 tox|[from] ability: Poison Heal\n|upkeep\n|turn|12\n|\n|t:|1699738586\n|move|p1a: The Dauntless|Synthesis|p1a: The Dauntless\n|-heal|p1a: The Dauntless|100\/100\n|move|p2a: Snippy Boi|U-turn|p1a: The Dauntless\n|-damage|p1a: The Dauntless|89\/100\n|\n|t:|1699738626\n|switch|p2a: Delta Airlines|Corviknight, M, shiny|80\/100|[from] U-turn\n|-ability|p2a: Delta Airlines|Pressure\n|\n|upkeep\n|turn|13\n|\n|t:|1699738642\n|move|p1a: The Dauntless|Synthesis|p1a: The Dauntless\n|-heal|p1a: The Dauntless|100\/100\n|move|p2a: Delta Airlines|U-turn|p1a: The Dauntless\n|-damage|p1a: The Dauntless|90\/100\n|\n|t:|1699738656\n|switch|p2a: Calamus|Zapdos-Galar|100\/100|[from] U-turn\n|\n|upkeep\n|turn|14\n|\n|t:|1699738668\n|move|p2a: Calamus|Brave Bird|p1a: The Dauntless\n|-supereffective|p1a: The Dauntless\n|-damage|p1a: The Dauntless|0 fnt\n|faint|p1a: The Dauntless\n|-damage|p2a: Calamus|67\/100|[from] Recoil\n|\n|upkeep\n|\n|t:|1699738691\n|switch|p1a: The Curdled|Garganacl, M|100\/100\n|-damage|p1a: The Curdled|88\/100|[from] Stealth Rock\n|turn|15\n|\n|t:|1699738705\n|switch|p2a: L*ndorus|Landorus, M, tera:Ground|91\/100\n|move|p1a: The Curdled|Curse|p1a: The Curdled\n|-unboost|p1a: The Curdled|spe|1\n|-boost|p1a: The Curdled|atk|1\n|-boost|p1a: The Curdled|def|1\n|\n|-heal|p1a: The Curdled|94\/100|[from] item: Leftovers\n|upkeep\n|turn|16\n|\n|t:|1699738818\n|switch|p1a: The Savage|Great Tusk|100\/100\n|-damage|p1a: The Savage|98\/100|[from] Stealth Rock\n|move|p2a: L*ndorus|Earth Power|p1a: The Savage\n|-damage|p1a: The Savage|0 fnt\n|faint|p1a: The Savage\n|-end|p1a: The Savage|Protosynthesis|[silent]\n|\n|upkeep\n|\n|t:|1699738823\n|switch|p1a: The Capricious|Greninja, M|100\/100\n|-damage|p1a: The Capricious|88\/100|[from] Stealth Rock\n|turn|17\n|\n|t:|1699738833\n|switch|p2a: Alula|Mantine, F, shiny|89\/100\n|move|p1a: The Capricious|Ice Beam|p2a: Alula\n|-start|p1a: The Capricious|typechange|Ice|[from] ability: Protean\n|-damage|p2a: Alula|69\/100\n|\n|upkeep\n|turn|18\n|\n|t:|1699738876\n|move|p1a: The Capricious|Ice Beam|p2a: Alula\n|-damage|p2a: Alula|46\/100\n|move|p2a: Alula|Scald|p1a: The Capricious\n|-damage|p1a: The Capricious|51\/100\n|-status|p1a: The Capricious|brn\n|\n|-damage|p1a: The Capricious|45\/100 brn|[from] brn\n|upkeep\n|turn|19\n|\n|t:|1699738886\n|switch|p1a: The Curdled|Garganacl, M|94\/100\n|-damage|p1a: The Curdled|82\/100|[from] Stealth Rock\n|move|p2a: Alula|Roost|p2a: Alula\n|-heal|p2a: Alula|96\/100\n|-singleturn|p2a: Alula|move: Roost\n|\n|-heal|p1a: The Curdled|88\/100|[from] item: Leftovers\n|upkeep\n|turn|20\n|\n|t:|1699738899\n|switch|p2a: L*ndorus|Landorus, M, tera:Ground|91\/100\n|move|p1a: The Curdled|Salt Cure|p2a: L*ndorus\n|-resisted|p2a: L*ndorus\n|-damage|p2a: L*ndorus|83\/100\n|-start|p2a: L*ndorus|Salt Cure\n|\n|-heal|p1a: The Curdled|94\/100|[from] item: Leftovers\n|-damage|p2a: L*ndorus|71\/100|[from] Salt Cure\n|upkeep\n|turn|21\n|\n|t:|1699738916\n|-terastallize|p1a: The Curdled|Fairy\n|move|p2a: L*ndorus|Earth Power|p1a: The Curdled\n|-damage|p1a: The Curdled|27\/100\n|move|p1a: The Curdled|Recover|p1a: The Curdled\n|-heal|p1a: The Curdled|77\/100\n|\n|-heal|p1a: The Curdled|83\/100|[from] item: Leftovers\n|-damage|p2a: L*ndorus|59\/100|[from] Salt Cure\n|upkeep\n|turn|22\n|\n|t:|1699738926\n|move|p2a: L*ndorus|Sludge Wave|p1a: The Curdled\n|-supereffective|p1a: The Curdled\n|-damage|p1a: The Curdled|20\/100\n|move|p1a: The Curdled|Recover|p1a: The Curdled\n|-heal|p1a: The Curdled|70\/100\n|\n|-heal|p1a: The Curdled|76\/100|[from] item: Leftovers\n|-damage|p2a: L*ndorus|47\/100|[from] Salt Cure\n|upkeep\n|turn|23\n|\n|t:|1699738966\n|switch|p2a: Charizard|Charizard, F|100\/100\n|move|p1a: The Curdled|Recover|p1a: The Curdled\n|-heal|p1a: The Curdled|100\/100\n|\n|upkeep\n|turn|24\n|\n|t:|1699738982\n|detailschange|p2a: Charizard|Charizard-Mega-Y, F\n|-mega|p2a: Charizard|Charizard|Charizardite Y\n|-weather|SunnyDay|[from] ability: Drought|[of] p2a: Charizard\n|move|p2a: Charizard|Flamethrower|p1a: The Curdled\n|-damage|p1a: The Curdled|49\/100\n|move|p1a: The Curdled|Salt Cure|p2a: Charizard\n|-supereffective|p2a: Charizard\n|-damage|p2a: Charizard|18\/100\n|-start|p2a: Charizard|Salt Cure\n|\n|-weather|SunnyDay|[upkeep]\n|-heal|p1a: The Curdled|55\/100|[from] item: Leftovers\n|-damage|p2a: Charizard|6\/100|[from] Salt Cure\n|upkeep\n|turn|25\n|c|\u2606Snapteryx|37.5% chance to straight up kill rn\n|c|\u2606AegiSwaggy|yeah\n|\n|t:|1699739026\n|move|p2a: Charizard|Flamethrower|p1a: The Curdled\n|-damage|p1a: The Curdled|0 fnt\n|faint|p1a: The Curdled\n|\n|-weather|SunnyDay|[upkeep]\n|-damage|p2a: Charizard|0 fnt|[from] Salt Cure\n|faint|p2a: Charizard\n|upkeep\n|c|\u2606AegiSwaggy|F\n|c|\u2606Snapteryx|Ggwp\n|c|\u2606AegiSwaggy|gg\n|\n|t:|1699739035\n|switch|p2a: Alula|Mantine, F, shiny|96\/100\n|switch|p1a: The Capricious|Greninja, M|45\/100 brn\n|-damage|p1a: The Capricious|33\/100 brn|[from] Stealth Rock\n|turn|26\n|\n|t:|1699739042\n|move|p1a: The Capricious|Dark Pulse|p2a: Alula\n|-start|p1a: The Capricious|typechange|Dark|[from] ability: Protean\n|-damage|p2a: Alula|77\/100\n|move|p2a: Alula|Scald|p1a: The Capricious\n|-damage|p1a: The Capricious|14\/100 brn\n|\n|-weather|SunnyDay|[upkeep]\n|-damage|p1a: The Capricious|8\/100 brn|[from] brn\n|upkeep\n|turn|27\n|\n|t:|1699739049\n|move|p1a: The Capricious|Dark Pulse|p2a: Alula\n|-damage|p2a: Alula|59\/100\n|move|p2a: Alula|Scald|p1a: The Capricious\n|-damage|p1a: The Capricious|0 fnt\n|faint|p1a: The Capricious\n|\n|win|Snapteryx\n","uploadtime":1699739056,"views":7,"p1id":"aegiswaggy","p2id":"snapteryx","formatid":"gen9nationaldexubers","rating":0,"private":0,"password":""}