{"id":"gen9nationaldexubers-1979464729","p1":"Incredible Gassy","p2":"Tuba_Archmage","format":"[Gen 9] National Dex Ubers","log":"|j|\u2606Incredible Gassy\n|j|\u2606Tuba_Archmage\n|t:|1698684776\n|gametype|singles\n|player|p1|Incredible Gassy|bugcatcher-gen2|1568\n|player|p2|Tuba_Archmage|shadowtriad|1365\n|teamsize|p1|6\n|teamsize|p2|6\n|gen|9\n|tier|[Gen 9] National Dex Ubers\n|rated|\n|rule|HP Percentage Mod: HP is shown in percentages\n|rule|Endless Battle Clause: Forcing endless battles is banned\n|rule|OHKO Clause: OHKO moves are banned\n|rule|Evasion Moves Clause: Evasion moves are banned\n|rule|Evasion Items Clause: Evasion items are banned\n|rule|Species Clause: Limit one of each Pok\u00e9mon\n|rule|Sleep Clause Mod: Limit one foe put to sleep\n|rule|Mega Rayquaza Clause: You cannot mega evolve Rayquaza\n|clearpoke\n|poke|p1|Sandy Shocks|\n|poke|p1|Groudon|\n|poke|p1|Gholdengo|\n|poke|p1|Ho-Oh|\n|poke|p1|Marshadow|\n|poke|p1|Eternatus|\n|poke|p2|Glimmora, M|\n|poke|p2|Zygarde|\n|poke|p2|Arceus-Ghost|\n|poke|p2|Banette, F|\n|poke|p2|Palkia-Origin|\n|poke|p2|Iron Valiant|\n|teampreview\n|inactive|Battle timer is ON: inactive players will automatically lose when time's up. (requested by Incredible Gassy)\n|inactive|Tuba_Archmage also wants the timer to be on.\n|\n|t:|1698684802\n|start\n|switch|p1a: Groudon|Groudon|100\/100\n|switch|p2a: Glimmora|Glimmora, M|100\/100\n|detailschange|p1a: Groudon|Groudon-Primal\n|-primal|p1a: Groudon|Red Orb\n|-weather|DesolateLand|[from] ability: Desolate Land|[of] p1a: Groudon\n|turn|1\n|c|\u2606Tuba_Archmage|I now have a not troll team\n|c|\u2606Tuba_Archmage|hopefully\n|c|\u2606Tuba_Archmage|it's very new\n|\n|t:|1698684812\n|move|p2a: Glimmora|Stealth Rock|p1a: Groudon\n|-sidestart|p1: Incredible Gassy|move: Stealth Rock\n|move|p1a: Groudon|Earthquake|p2a: Glimmora\n|-supereffective|p2a: Glimmora\n|-enditem|p2a: Glimmora|Focus Sash\n|-damage|p2a: Glimmora|1\/100\n|-activate|p2a: Glimmora|ability: Toxic Debris\n|-sidestart|p1: Incredible Gassy|move: Toxic Spikes\n|\n|-weather|DesolateLand|[upkeep]\n|upkeep\n|turn|2\n|c|\u2606Incredible Gassy|you're not slick lil bro i see that banette\n|c|\u2606Tuba_Archmage|best countersweep in the game, wdym\n|\n|t:|1698684832\n|move|p2a: Glimmora|Toxic|p1a: Groudon\n|-status|p1a: Groudon|tox\n|move|p1a: Groudon|Lava Plume|p2a: Glimmora\n|-resisted|p2a: Glimmora\n|-damage|p2a: Glimmora|0 fnt\n|faint|p2a: Glimmora\n|\n|-weather|DesolateLand|[upkeep]\n|-damage|p1a: Groudon|94\/100 tox|[from] psn\n|upkeep\n|\n|t:|1698684840\n|switch|p2a: Palkia|Palkia-Origin|100\/100\n|-ability|p2a: Palkia|Pressure\n|turn|3\n|\n|t:|1698684861\n|move|p2a: Palkia|Spacial Rend|p1a: Groudon\n|-damage|p1a: Groudon|27\/100 tox\n|move|p1a: Groudon|Thunder Wave|p2a: Palkia\n|-status|p2a: Palkia|par\n|\n|-weather|DesolateLand|[upkeep]\n|-damage|p1a: Groudon|14\/100 tox|[from] psn\n|upkeep\n|turn|4\n|c|\u2606Tuba_Archmage|mega banette>marshadow\n|\n|t:|1698684869\n|move|p1a: Groudon|Earthquake|p2a: Palkia\n|-damage|p2a: Palkia|34\/100 par\n|cant|p2a: Palkia|par\n|\n|-weather|DesolateLand|[upkeep]\n|-damage|p1a: Groudon|0 fnt|[from] psn\n|faint|p1a: Groudon\n|-weather|none\n|upkeep\n|\n|t:|1698684873\n|switch|p1a: Ho-Oh|Ho-Oh|100\/100\n|turn|5\n|\n|t:|1698684878\n|move|p1a: Ho-Oh|Defog|p2a: Palkia\n|-unboost|p2a: Palkia|evasion|1\n|-sideend|p1: Incredible Gassy|Toxic Spikes|[from] move: Defog|[of] p1a: Ho-Oh\n|-sideend|p1: Incredible Gassy|Stealth Rock|[from] move: Defog|[of] p1a: Ho-Oh\n|move|p2a: Palkia|Power Gem|p1a: Ho-Oh\n|-supereffective|p1a: Ho-Oh\n|-damage|p1a: Ho-Oh|43\/100\n|\n|upkeep\n|turn|6\n|\n|t:|1698684897\n|switch|p1a: NDU needs a hero|Sandy Shocks|100\/100\n|move|p2a: Palkia|Power Gem|p1a: NDU needs a hero\n|-resisted|p1a: NDU needs a hero\n|-damage|p1a: NDU needs a hero|80\/100\n|\n|upkeep\n|turn|7\n|\n|t:|1698684904\n|move|p1a: NDU needs a hero|Earth Power|p2a: Palkia\n|-damage|p2a: Palkia|0 fnt\n|faint|p2a: Palkia\n|\n|upkeep\n|\n|t:|1698684908\n|switch|p2a: Zygarde|Zygarde|100\/100\n|turn|8\n|\n|t:|1698684912\n|move|p1a: NDU needs a hero|Stealth Rock|p2a: Zygarde\n|-sidestart|p2: Tuba_Archmage|move: Stealth Rock\n|move|p2a: Zygarde|Thousand Arrows|p1a: NDU needs a hero\n|-supereffective|p1a: NDU needs a hero\n|-damage|p1a: NDU needs a hero|0 fnt\n|faint|p1a: NDU needs a hero\n|-end|p1a: NDU needs a hero|Protosynthesis|[silent]\n|\n|upkeep\n|\n|t:|1698684919\n|switch|p1a: GOOBED!|Marshadow|100\/100\n|turn|9\n|\n|t:|1698684923\n|move|p1a: GOOBED!|Low Kick|p2a: Zygarde\n|-damage|p2a: Zygarde|32\/100\n|move|p2a: Zygarde|Thousand Arrows|p1a: GOOBED!\n|-crit|p1a: GOOBED!\n|-damage|p1a: GOOBED!|24\/100\n|\n|-activate|p2a: Zygarde|ability: Power Construct\n|detailschange|p2a: Zygarde|Zygarde-Complete\n|-heal|p2a: Zygarde|56\/100|[silent]\n|upkeep\n|turn|10\n|\n|t:|1698684933\n|move|p1a: GOOBED!|Low Kick|p2a: Zygarde\n|-damage|p2a: Zygarde|12\/100\n|move|p2a: Zygarde|Thousand Arrows|p1a: GOOBED!\n|-damage|p1a: GOOBED!|0 fnt\n|faint|p1a: GOOBED!\n|\n|upkeep\n|\n|t:|1698684938\n|switch|p1a: joe dengo|Gholdengo|100\/100\n|-item|p1a: joe dengo|Air Balloon\n|turn|11\n|\n|t:|1698684943\n|move|p1a: joe dengo|Make It Rain|p2a: Zygarde\n|-damage|p2a: Zygarde|0 fnt\n|-unboost|p1a: joe dengo|spa|1\n|faint|p2a: Zygarde\n|\n|upkeep\n|\n|t:|1698684959\n|switch|p2a: Iron Valiant|Iron Valiant|100\/100\n|-damage|p2a: Iron Valiant|94\/100|[from] Stealth Rock\n|turn|12\n|c|\u2606Tuba_Archmage|please hit\n|\n|t:|1698684964\n|-zpower|p2a: Iron Valiant\n|move|p2a: Iron Valiant|Z-Hypnosis|p1a: joe dengo|[anim]Hypnosis\n|-boost|p2a: Iron Valiant|spe|1|[zeffect]\n|-immune|p1a: joe dengo|[from] ability: Good as Gold\n|move|p1a: joe dengo|Make It Rain|p2a: Iron Valiant\n|-supereffective|p2a: Iron Valiant\n|-damage|p2a: Iron Valiant|0 fnt\n|-unboost|p1a: joe dengo|spa|1\n|faint|p2a: Iron Valiant\n|-end|p2a: Iron Valiant|Quark Drive|[silent]\n|\n|upkeep\n|c|\u2606Tuba_Archmage|oh\n|c|\u2606Incredible Gassy|lol?\n|c|\u2606Tuba_Archmage|oops\n|c|\u2606Tuba_Archmage|aight in my defense, gholdengo appears in ubers like once a decade\n|\n|t:|1698684987\n|switch|p2a: L Chansey|Arceus-Ghost|100\/100\n|-damage|p2a: L Chansey|88\/100|[from] Stealth Rock\n|turn|13\n|\n|t:|1698684994\n|switch|p1a: Eternatus|Eternatus|100\/100\n|-ability|p1a: Eternatus|Pressure\n|move|p2a: L Chansey|Shadow Force||[still]\n|-prepare|p2a: L Chansey|Shadow Force\n|\n|upkeep\n|turn|14\n|\n|t:|1698684999\n|move|p1a: Eternatus|Toxic Spikes|p2a: L Chansey\n|-sidestart|p2: Tuba_Archmage|move: Toxic Spikes\n|move|p2a: L Chansey|Shadow Force|p1a: Eternatus|[from]lockedmove\n|-damage|p1a: Eternatus|29\/100\n|\n|upkeep\n|turn|15\n|\n|t:|1698685005\n|move|p1a: Eternatus|Recover|p1a: Eternatus\n|-heal|p1a: Eternatus|79\/100\n|move|p2a: L Chansey|Swords Dance|p2a: L Chansey\n|-boost|p2a: L Chansey|atk|2\n|\n|upkeep\n|turn|16\n|c|\u2606Incredible Gassy|good as gold is like its whole thing tho\n|\n|t:|1698685013\n|move|p1a: Eternatus|Meteor Beam||[still]\n|-prepare|p1a: Eternatus|Meteor Beam\n|-boost|p1a: Eternatus|spa|1\n|-enditem|p1a: Eternatus|Power Herb\n|-anim|p1a: Eternatus|Meteor Beam|p2a: L Chansey\n|-damage|p2a: L Chansey|44\/100\n|move|p2a: L Chansey|Shadow Force||[still]\n|-prepare|p2a: L Chansey|Shadow Force\n|\n|upkeep\n|turn|17\n|c|\u2606Tuba_Archmage|false\n|c|\u2606Tuba_Archmage|nasty plot is it's whole thing\n|\n|t:|1698685028\n|switch|p1a: Ho-Oh|Ho-Oh|76\/100\n|move|p2a: L Chansey|Shadow Force|p1a: Ho-Oh|[from]lockedmove\n|-damage|p1a: Ho-Oh|0 fnt\n|faint|p1a: Ho-Oh\n|\n|upkeep\n|\n|t:|1698685030\n|switch|p1a: Eternatus|Eternatus|79\/100\n|-ability|p1a: Eternatus|Pressure\n|turn|18\n|\n|t:|1698685041\n|-terastallize|p1a: Eternatus|Fire\n|-terastallize|p2a: L Chansey|Ghost\n|move|p1a: Eternatus|Flamethrower|p2a: L Chansey\n|-damage|p2a: L Chansey|6\/100\n|move|p2a: L Chansey|Shadow Force||[still]\n|-prepare|p2a: L Chansey|Shadow Force\n|\n|upkeep\n|turn|19\n|\n|t:|1698685048\n|switch|p1a: joe dengo|Gholdengo|100\/100\n|-item|p1a: joe dengo|Air Balloon\n|move|p2a: L Chansey|Shadow Force|p1a: joe dengo|[from]lockedmove\n|-supereffective|p1a: joe dengo\n|-damage|p1a: joe dengo|0 fnt\n|-enditem|p1a: joe dengo|Air Balloon\n|faint|p1a: joe dengo\n|\n|upkeep\n|\n|t:|1698685049\n|switch|p1a: Eternatus|Eternatus, tera:Fire|79\/100\n|-ability|p1a: Eternatus|Pressure\n|turn|20\n|c|\u2606Tuba_Archmage|aight\n|c|\u2606Tuba_Archmage|so long as this doesn't ohko\n|c|\u2606Tuba_Archmage|i win\n|\n|t:|1698685063\n|switch|p2a: Banette|Banette, F|100\/100\n|-damage|p2a: Banette|88\/100|[from] Stealth Rock\n|-status|p2a: Banette|psn\n|move|p1a: Eternatus|Flamethrower|p2a: Banette\n|-damage|p2a: Banette|10\/100 psn\n|\n|-damage|p2a: Banette|0 fnt|[from] psn\n|faint|p2a: Banette\n|upkeep\n|c|\u2606Incredible Gassy|lel\n|c|\u2606Tuba_Archmage|oh\n|c|\u2606Tuba_Archmage|RIP\n|c|\u2606Tuba_Archmage|gg\n|c|\u2606Incredible Gassy|gg\n|\n|t:|1698685075\n|switch|p2a: L Chansey|Arceus-Ghost, tera:Ghost|6\/100\n|-damage|p2a: L Chansey|0 fnt|[from] Stealth Rock\n|faint|p2a: L Chansey\n|\n|win|Incredible Gassy\n|raw|Incredible Gassy's rating: 1568 &rarr; <strong>1577<\/strong><br \/>(+9 for winning)\n|raw|Tuba_Archmage's rating: 1365 &rarr; <strong>1356<\/strong><br \/>(-9 for losing)\n|c|\u2606Incredible Gassy|LOL\n","uploadtime":1698685081,"views":7,"p1id":"incrediblegassy","p2id":"tubaarchmage","formatid":"gen9nationaldexubers","rating":1356,"private":0,"password":""}