{"id":"gen9nationaldexubers-1995444279","p1":"guiguistebe","p2":"ultra nuke","format":"[Gen 9] National Dex Ubers","log":"|j|\u2606guiguistebe\n|j|\u2606ultra nuke\n|t:|1700571511\n|gametype|singles\n|player|p1|guiguistebe|fisherman-gen4|1250\n|player|p2|ultra nuke|wattson|1335\n|teamsize|p1|6\n|teamsize|p2|6\n|gen|9\n|tier|[Gen 9] National Dex Ubers\n|rated|\n|rule|HP Percentage Mod: HP is shown in percentages\n|rule|Endless Battle Clause: Forcing endless battles is banned\n|rule|OHKO Clause: OHKO moves are banned\n|rule|Evasion Moves Clause: Evasion moves are banned\n|rule|Evasion Items Clause: Evasion items are banned\n|rule|Species Clause: Limit one of each Pok\u00e9mon\n|rule|Sleep Clause Mod: Limit one foe put to sleep\n|rule|Mega Rayquaza Clause: You cannot mega evolve Rayquaza\n|clearpoke\n|poke|p1|Torkoal, F|\n|poke|p1|Hatterene, F|\n|poke|p1|Zacian-*|\n|poke|p1|Gliscor, M|\n|poke|p1|Dusclops, F|\n|poke|p1|Whimsicott, F|\n|poke|p2|Yveltal|\n|poke|p2|Xerneas-*|\n|poke|p2|Marshadow|\n|poke|p2|Necrozma-Dusk-Mane|\n|poke|p2|Groudon|\n|poke|p2|Zygarde|\n|teampreview\n|\n|t:|1700571532\n|start\n|switch|p1a: \u5f20\u666f\u80dc|Zacian-Crowned|100\/100\n|switch|p2a: Zygarde|Zygarde|100\/100\n|-ability|p1a: \u5f20\u666f\u80dc|Intrepid Sword|boost\n|-boost|p1a: \u5f20\u666f\u80dc|atk|1\n|turn|1\n|\n|t:|1700571545\n|switch|p2a: Groudon|Groudon, shiny|100\/100\n|detailschange|p2a: Groudon|Groudon-Primal, shiny\n|-primal|p2a: Groudon|Red Orb\n|-weather|DesolateLand|[from] ability: Desolate Land|[of] p2a: Groudon\n|move|p1a: \u5f20\u666f\u80dc|Swords Dance|p1a: \u5f20\u666f\u80dc\n|-boost|p1a: \u5f20\u666f\u80dc|atk|2\n|\n|-weather|DesolateLand|[upkeep]\n|upkeep\n|turn|2\n|\n|t:|1700571556\n|-terastallize|p1a: \u5f20\u666f\u80dc|Ground\n|move|p1a: \u5f20\u666f\u80dc|Swords Dance|p1a: \u5f20\u666f\u80dc\n|-boost|p1a: \u5f20\u666f\u80dc|atk|2\n|move|p2a: Groudon|Precipice Blades|p1a: \u5f20\u666f\u80dc\n|-damage|p1a: \u5f20\u666f\u80dc|34\/100\n|\n|-weather|DesolateLand|[upkeep]\n|upkeep\n|turn|3\n|\n|t:|1700571565\n|move|p1a: \u5f20\u666f\u80dc|Dig||[still]\n|-prepare|p1a: \u5f20\u666f\u80dc|Dig\n|move|p2a: Groudon|Precipice Blades|p1a: \u5f20\u666f\u80dc|[miss]\n|-miss|p2a: Groudon|p1a: \u5f20\u666f\u80dc\n|\n|-weather|DesolateLand|[upkeep]\n|upkeep\n|turn|4\n|\n|t:|1700571571\n|-weather|none\n|switch|p2a: Yveltal|Yveltal, shiny|100\/100\n|-ability|p2a: Yveltal|Dark Aura\n|move|p1a: \u5f20\u666f\u80dc|Dig|p2a: Yveltal|[from]lockedmove\n|-immune|p2a: Yveltal\n|\n|upkeep\n|turn|5\n|\n|t:|1700571587\n|move|p2a: Yveltal|Sucker Punch|p1a: \u5f20\u666f\u80dc\n|-damage|p1a: \u5f20\u666f\u80dc|5\/100\n|move|p1a: \u5f20\u666f\u80dc|Behemoth Blade|p2a: Yveltal\n|-damage|p2a: Yveltal|0 fnt\n|faint|p2a: Yveltal\n|\n|upkeep\n|\n|t:|1700571595\n|switch|p2a: Marshadow|Marshadow|100\/100\n|turn|6\n|\n|t:|1700571600\n|move|p1a: \u5f20\u666f\u80dc|Behemoth Blade|p2a: Marshadow\n|-enditem|p2a: Marshadow|Focus Sash\n|-damage|p2a: Marshadow|1\/100\n|move|p2a: Marshadow|Spectral Thief||[still]\n|-clearpositiveboost|p1a: \u5f20\u666f\u80dc|p2a: Marshadow|move: Spectral Thief\n|-boost|p2a: Marshadow|atk|5\n|-anim|p2a: Marshadow|Spectral Thief|p1a: \u5f20\u666f\u80dc\n|-damage|p1a: \u5f20\u666f\u80dc|0 fnt\n|faint|p1a: \u5f20\u666f\u80dc\n|\n|upkeep\n|\n|t:|1700571614\n|switch|p1a: \u626c\u5929\u884c|Whimsicott, F|100\/100\n|turn|7\n|\n|t:|1700571619\n|move|p2a: Marshadow|Spectral Thief|p1a: \u626c\u5929\u884c\n|-enditem|p1a: \u626c\u5929\u884c|Focus Sash\n|-damage|p1a: \u626c\u5929\u884c|1\/100\n|move|p1a: \u626c\u5929\u884c|Energy Ball|p2a: Marshadow\n|-damage|p2a: Marshadow|0 fnt\n|faint|p2a: Marshadow\n|\n|upkeep\n|\n|t:|1700571641\n|switch|p2a: Necrozma|Necrozma-Dusk-Mane, shiny|100\/100\n|turn|8\n|\n|t:|1700571646\n|move|p1a: \u626c\u5929\u884c|Memento|p2a: Necrozma\n|-unboost|p2a: Necrozma|atk|2\n|-unboost|p2a: Necrozma|spa|2\n|faint|p1a: \u626c\u5929\u884c\n|move|p2a: Necrozma|Sunsteel Strike|p1: \u626c\u5929\u884c|[notarget]\n|-fail|p2a: Necrozma\n|\n|upkeep\n|\n|t:|1700571657\n|switch|p1a: \u77f3\u5b9d\u94a6|Hatterene, F|100\/100\n|turn|9\n|\n|t:|1700571662\n|switch|p2a: Groudon|Groudon-Primal, shiny|100\/100\n|-weather|DesolateLand|[from] ability: Desolate Land|[of] p2a: Groudon\n|move|p1a: \u77f3\u5b9d\u94a6|Trick Room|p1a: \u77f3\u5b9d\u94a6\n|-fieldstart|move: Trick Room|[of] p1a: \u77f3\u5b9d\u94a6\n|\n|-weather|DesolateLand|[upkeep]\n|upkeep\n|turn|10\n|\n|t:|1700571671\n|move|p1a: \u77f3\u5b9d\u94a6|Psychic|p2a: Groudon\n|-damage|p2a: Groudon|26\/100\n|-unboost|p2a: Groudon|spd|1\n|-damage|p1a: \u77f3\u5b9d\u94a6|91\/100|[from] item: Life Orb\n|move|p2a: Groudon|Heat Crash|p1a: \u77f3\u5b9d\u94a6\n|-damage|p1a: \u77f3\u5b9d\u94a6|0 fnt\n|faint|p1a: \u77f3\u5b9d\u94a6\n|\n|-weather|DesolateLand|[upkeep]\n|upkeep\n|\n|t:|1700571681\n|switch|p1a: \u59da\u5b50\u535a|Torkoal, F|100\/100\n|-ability|p1a: \u59da\u5b50\u535a|Drought|[from] desolateland|[fail]\n|turn|11\n|\n|t:|1700571685\n|move|p1a: \u59da\u5b50\u535a|Eruption|p2a: Groudon\n|-resisted|p2a: Groudon\n|-damage|p2a: Groudon|0 fnt\n|faint|p2a: Groudon\n|-weather|none\n|\n|upkeep\n|\n|t:|1700571703\n|switch|p2a: Zygarde|Zygarde|100\/100\n|turn|12\n|\n|t:|1700571709\n|switch|p1a: \u7a0b\u6587\u5a1c|Gliscor, M|100\/100\n|move|p2a: Zygarde|Extreme Speed|p1a: \u7a0b\u6587\u5a1c\n|-damage|p1a: \u7a0b\u6587\u5a1c|82\/100\n|\n|-status|p1a: \u7a0b\u6587\u5a1c|tox|[from] item: Toxic Orb\n|upkeep\n|turn|13\n|\n|t:|1700571718\n|move|p2a: Zygarde|Coil|p2a: Zygarde\n|-boost|p2a: Zygarde|atk|1\n|-boost|p2a: Zygarde|def|1\n|-boost|p2a: Zygarde|accuracy|1\n|move|p1a: \u7a0b\u6587\u5a1c|Toxic|p2a: Zygarde\n|-status|p2a: Zygarde|tox\n|\n|-damage|p2a: Zygarde|94\/100 tox|[from] psn\n|-heal|p1a: \u7a0b\u6587\u5a1c|94\/100 tox|[from] ability: Poison Heal\n|-fieldend|move: Trick Room\n|upkeep\n|turn|14\n|\n|t:|1700571729\n|switch|p2a: Xerneas|Xerneas|100\/100\n|-ability|p2a: Xerneas|Fairy Aura\n|move|p1a: \u7a0b\u6587\u5a1c|Protect||[still]\n|-fail|p1a: \u7a0b\u6587\u5a1c\n|\n|-heal|p1a: \u7a0b\u6587\u5a1c|100\/100 tox|[from] ability: Poison Heal\n|upkeep\n|turn|15\n|\n|t:|1700571744\n|move|p2a: Xerneas|Aromatherapy|p2a: Xerneas\n|-activate|p2a: Xerneas|move: Aromatherapy\n|-curestatus|p2: Zygarde|tox|[msg]\n|move|p1a: \u7a0b\u6587\u5a1c|Toxic|p2a: Xerneas\n|-status|p2a: Xerneas|tox\n|\n|-damage|p2a: Xerneas|94\/100 tox|[from] psn\n|upkeep\n|turn|16\n|\n|t:|1700571753\n|move|p2a: Xerneas|Geomancy||[still]\n|-prepare|p2a: Xerneas|Geomancy\n|-enditem|p2a: Xerneas|Power Herb\n|-anim|p2a: Xerneas|Geomancy|p2a: Xerneas\n|-boost|p2a: Xerneas|spa|2\n|-boost|p2a: Xerneas|spd|2\n|-boost|p2a: Xerneas|spe|2\n|move|p1a: \u7a0b\u6587\u5a1c|Earthquake|p2a: Xerneas\n|-damage|p2a: Xerneas|66\/100 tox\n|\n|-damage|p2a: Xerneas|54\/100 tox|[from] psn\n|upkeep\n|turn|17\n|\n|t:|1700571765\n|move|p2a: Xerneas|Moonblast|p1a: \u7a0b\u6587\u5a1c\n|-damage|p1a: \u7a0b\u6587\u5a1c|0 fnt\n|faint|p1a: \u7a0b\u6587\u5a1c\n|\n|-damage|p2a: Xerneas|35\/100 tox|[from] psn\n|upkeep\n|\n|t:|1700571772\n|switch|p1a: \u675c\u91d1\u6743|Dusclops, F|100\/100\n|-ability|p1a: \u675c\u91d1\u6743|Pressure\n|turn|18\n|\n|t:|1700571778\n|move|p2a: Xerneas|Aromatherapy|p2a: Xerneas\n|-activate|p2a: Xerneas|move: Aromatherapy\n|-curestatus|p2a: Xerneas|tox|[msg]\n|move|p1a: \u675c\u91d1\u6743|Trick Room|p1a: \u675c\u91d1\u6743\n|-fieldstart|move: Trick Room|[of] p1a: \u675c\u91d1\u6743\n|\n|upkeep\n|turn|19\n|\n|t:|1700571787\n|move|p1a: \u675c\u91d1\u6743|Curse|p2a: Xerneas\n|-start|p2a: Xerneas|Curse|[of] p1a: \u675c\u91d1\u6743\n|-damage|p1a: \u675c\u91d1\u6743|50\/100\n|move|p2a: Xerneas|Geomancy||[still]\n|-prepare|p2a: Xerneas|Geomancy\n|\n|-damage|p2a: Xerneas|10\/100|[from] Curse\n|upkeep\n|turn|20\n|\n|t:|1700571797\n|move|p1a: \u675c\u91d1\u6743|Toxic|p2a: Xerneas\n|-status|p2a: Xerneas|tox\n|move|p2a: Xerneas|Geomancy|p2a: Xerneas|[from]lockedmove\n|-boost|p2a: Xerneas|spa|2\n|-boost|p2a: Xerneas|spd|2\n|-boost|p2a: Xerneas|spe|2\n|\n|-damage|p2a: Xerneas|4\/100 tox|[from] psn\n|-damage|p2a: Xerneas|0 fnt|[from] Curse\n|faint|p2a: Xerneas\n|upkeep\n|c|\u2606ultra nuke|miss click\n|\n|t:|1700571810\n|switch|p2a: Zygarde|Zygarde|94\/100\n|turn|21\n|\n|t:|1700571818\n|switch|p2a: Necrozma|Necrozma-Dusk-Mane, shiny|100\/100\n|move|p1a: \u675c\u91d1\u6743|Will-O-Wisp|p2a: Necrozma\n|-status|p2a: Necrozma|brn\n|\n|-damage|p2a: Necrozma|94\/100 brn|[from] brn\n|upkeep\n|turn|22\n|\n|t:|1700571828\n|switch|p1a: \u59da\u5b50\u535a|Torkoal, F|100\/100\n|-weather|SunnyDay|[from] ability: Drought|[of] p1a: \u59da\u5b50\u535a\n|switch|p2a: Zygarde|Zygarde|94\/100\n|\n|-weather|SunnyDay|[upkeep]\n|-fieldend|move: Trick Room\n|upkeep\n|turn|23\n|\n|t:|1700571840\n|switch|p1a: \u675c\u91d1\u6743|Dusclops, F|50\/100\n|-ability|p1a: \u675c\u91d1\u6743|Pressure\n|move|p2a: Zygarde|Thousand Arrows|p1a: \u675c\u91d1\u6743\n|-damage|p1a: \u675c\u91d1\u6743|26\/100\n|\n|-weather|SunnyDay|[upkeep]\n|upkeep\n|turn|24\n|\n|t:|1700571851\n|switch|p2a: Necrozma|Necrozma-Dusk-Mane, shiny|94\/100 brn\n|move|p1a: \u675c\u91d1\u6743|Trick Room|p1a: \u675c\u91d1\u6743\n|-fieldstart|move: Trick Room|[of] p1a: \u675c\u91d1\u6743\n|\n|-weather|SunnyDay|[upkeep]\n|-damage|p2a: Necrozma|88\/100 brn|[from] brn\n|upkeep\n|turn|25\n|\n|t:|1700571863\n|switch|p1a: \u59da\u5b50\u535a|Torkoal, F|100\/100\n|move|p2a: Necrozma|Morning Sun|p2a: Necrozma\n|-heal|p2a: Necrozma|100\/100 brn\n|\n|-weather|SunnyDay|[upkeep]\n|-damage|p2a: Necrozma|94\/100 brn|[from] brn\n|upkeep\n|turn|26\n|\n|t:|1700571873\n|move|p1a: \u59da\u5b50\u535a|Eruption|p2a: Necrozma\n|-supereffective|p2a: Necrozma\n|-damage|p2a: Necrozma|0 fnt\n|faint|p2a: Necrozma\n|\n|-weather|none\n|upkeep\n|\n|t:|1700571878\n|switch|p2a: Zygarde|Zygarde|94\/100\n|turn|27\n|\n|t:|1700571888\n|switch|p1a: \u675c\u91d1\u6743|Dusclops, F|26\/100\n|-ability|p1a: \u675c\u91d1\u6743|Pressure\n|move|p2a: Zygarde|Coil|p2a: Zygarde\n|-boost|p2a: Zygarde|atk|1\n|-boost|p2a: Zygarde|def|1\n|-boost|p2a: Zygarde|accuracy|1\n|\n|upkeep\n|turn|28\n|\n|t:|1700571904\n|move|p1a: \u675c\u91d1\u6743|Will-O-Wisp|p2a: Zygarde\n|-status|p2a: Zygarde|brn\n|move|p2a: Zygarde|Coil|p2a: Zygarde\n|-boost|p2a: Zygarde|atk|1\n|-boost|p2a: Zygarde|def|1\n|-boost|p2a: Zygarde|accuracy|1\n|\n|-damage|p2a: Zygarde|88\/100 brn|[from] brn\n|-fieldend|move: Trick Room\n|upkeep\n|turn|29\n|\n|t:|1700571914\n|move|p2a: Zygarde|Coil|p2a: Zygarde\n|-boost|p2a: Zygarde|atk|1\n|-boost|p2a: Zygarde|def|1\n|-boost|p2a: Zygarde|accuracy|1\n|move|p1a: \u675c\u91d1\u6743|Trick Room|p1a: \u675c\u91d1\u6743\n|-fieldstart|move: Trick Room|[of] p1a: \u675c\u91d1\u6743\n|\n|-damage|p2a: Zygarde|82\/100 brn|[from] brn\n|upkeep\n|turn|30\n|\n|t:|1700571923\n|move|p1a: \u675c\u91d1\u6743|Curse|p2a: Zygarde\n|-start|p2a: Zygarde|Curse|[of] p1a: \u675c\u91d1\u6743\n|-damage|p1a: \u675c\u91d1\u6743|0 fnt\n|faint|p1a: \u675c\u91d1\u6743\n|move|p2a: Zygarde|Coil|p2a: Zygarde\n|-boost|p2a: Zygarde|atk|1\n|-boost|p2a: Zygarde|def|1\n|-boost|p2a: Zygarde|accuracy|1\n|\n|-damage|p2a: Zygarde|76\/100 brn|[from] brn\n|-damage|p2a: Zygarde|51\/100 brn|[from] Curse\n|upkeep\n|\n|t:|1700571934\n|switch|p1a: \u59da\u5b50\u535a|Torkoal, F|100\/100\n|-weather|SunnyDay|[from] ability: Drought|[of] p1a: \u59da\u5b50\u535a\n|turn|31\n|\n|t:|1700571952\n|move|p1a: \u59da\u5b50\u535a|Eruption|p2a: Zygarde\n|-resisted|p2a: Zygarde\n|-damage|p2a: Zygarde|0 fnt\n|faint|p2a: Zygarde\n|\n|win|guiguistebe\n|raw|guiguistebe's rating: 1250 &rarr; <strong>1281<\/strong><br \/>(+31 for winning)\n|raw|ultra nuke's rating: 1335 &rarr; <strong>1310<\/strong><br \/>(-25 for losing)\n|l|\u2606ultra nuke\n","uploadtime":1700571960,"views":6,"p1id":"guiguistebe","p2id":"ultranuke","formatid":"gen9nationaldexubers","rating":1281,"private":0,"password":""}