{"id":"gen9nationaldexubers-1982563886","p1":"99% lose rate","p2":"Braquelo","format":"[Gen 9] National Dex Ubers","log":"|j|\u260699% lose rate\n|j|\u2606Braquelo\n|t:|1699025889\n|gametype|singles\n|player|p1|99% lose rate|giovanni|1328\n|player|p2|Braquelo|raihan|1230\n|teamsize|p1|6\n|teamsize|p2|6\n|gen|9\n|tier|[Gen 9] National Dex Ubers\n|rated|\n|rule|HP Percentage Mod: HP is shown in percentages\n|rule|Endless Battle Clause: Forcing endless battles is banned\n|rule|OHKO Clause: OHKO moves are banned\n|rule|Evasion Moves Clause: Evasion moves are banned\n|rule|Evasion Items Clause: Evasion items are banned\n|rule|Species Clause: Limit one of each Pok\u00e9mon\n|rule|Sleep Clause Mod: Limit one foe put to sleep\n|rule|Mega Rayquaza Clause: You cannot mega evolve Rayquaza\n|clearpoke\n|poke|p1|Ursaluna-Bloodmoon, M|\n|poke|p1|Slowbro, F|\n|poke|p1|Incineroar, M|\n|poke|p1|Crobat, M|\n|poke|p1|Ogerpon-Hearthflame, F|\n|poke|p1|Garganacl, M|\n|poke|p2|Lucario, M|\n|poke|p2|Meowscarada, F|\n|poke|p2|Armarouge, M|\n|poke|p2|Greninja-*, M|\n|poke|p2|Corviknight, M|\n|poke|p2|Goodra, F|\n|teampreview\n|\n|t:|1699025914\n|start\n|switch|p1a: Crobat|Crobat, M|100\/100\n|switch|p2a: Meowscarada|Meowscarada, F|100\/100\n|turn|1\n|\n|t:|1699025938\n|switch|p2a: Corviknight|Corviknight, M|100\/100\n|move|p1a: Crobat|U-turn|p2a: Corviknight\n|-resisted|p2a: Corviknight\n|-damage|p2a: Corviknight|97\/100\n|-damage|p1a: Crobat|84\/100|[from] item: Rocky Helmet|[of] p2a: Corviknight\n|\n|t:|1699025946\n|switch|p1a: Ogerpon|Ogerpon-Hearthflame, F|100\/100|[from] U-turn\n|-ability|p1a: Ogerpon|Mold Breaker\n|\n|upkeep\n|turn|2\n|\n|t:|1699025954\n|switch|p1a: Incineroar|Incineroar, M|100\/100\n|-ability|p1a: Incineroar|Intimidate|boost\n|-ability|p2a: Corviknight|Mirror Armor\n|-unboost|p1a: Incineroar|atk|1\n|move|p2a: Corviknight|U-turn|p1a: Incineroar\n|-damage|p1a: Incineroar|90\/100\n|\n|t:|1699025973\n|switch|p2a: Greninja|Greninja, M|100\/100|[from] U-turn\n|\n|upkeep\n|turn|3\n|\n|t:|1699025979\n|move|p1a: Incineroar|Fake Out|p2a: Greninja\n|-damage|p2a: Greninja|90\/100\n|cant|p2a: Greninja|flinch\n|\n|upkeep\n|turn|4\n|\n|t:|1699025985\n|move|p2a: Greninja|Toxic Spikes|p1a: Incineroar\n|-start|p2a: Greninja|typechange|Poison|[from] ability: Protean\n|-sidestart|p1: 99% lose rate|move: Toxic Spikes\n|move|p1a: Incineroar|Parting Shot|p2a: Greninja\n|-unboost|p2a: Greninja|atk|1\n|-unboost|p2a: Greninja|spa|1\n|\n|t:|1699025992\n|switch|p1a: Crobat|Crobat, M|84\/100|[from] Parting Shot\n|\n|upkeep\n|turn|5\n|\n|t:|1699026000\n|move|p1a: Crobat|Taunt|p2a: Greninja\n|-start|p2a: Greninja|move: Taunt\n|move|p2a: Greninja|Ice Beam|p1a: Crobat\n|-supereffective|p1a: Crobat\n|-damage|p1a: Crobat|23\/100\n|-damage|p2a: Greninja|80\/100|[from] item: Life Orb\n|\n|upkeep\n|turn|6\n|\n|t:|1699026014\n|switch|p2a: Corviknight|Corviknight, M|97\/100\n|move|p1a: Crobat|Defog|p2a: Corviknight\n|-ability|p2a: Corviknight|Mirror Armor\n|-unboost|p1a: Crobat|evasion|1\n|-sideend|p1: 99% lose rate|Toxic Spikes|[from] move: Defog|[of] p1a: Crobat\n|\n|upkeep\n|turn|7\n|\n|t:|1699026023\n|move|p1a: Crobat|U-turn|p2a: Corviknight\n|-resisted|p2a: Corviknight\n|-damage|p2a: Corviknight|94\/100\n|-damage|p1a: Crobat|7\/100|[from] item: Rocky Helmet|[of] p2a: Corviknight\n|\n|t:|1699026035\n|switch|p1a: Funbro|Slowbro, F|100\/100|[from] U-turn\n|move|p2a: Corviknight|U-turn|p1a: Funbro\n|-supereffective|p1a: Funbro\n|-damage|p1a: Funbro|84\/100\n|\n|t:|1699026076\n|switch|p2a: Meowscarada|Meowscarada, F|100\/100|[from] U-turn\n|\n|-heal|p1a: Funbro|90\/100|[from] item: Leftovers\n|upkeep\n|turn|8\n|\n|t:|1699026083\n|switch|p1a: Incineroar|Incineroar, M|90\/100\n|-ability|p1a: Incineroar|Intimidate|boost\n|-unboost|p2a: Meowscarada|atk|1\n|move|p2a: Meowscarada|Knock Off|p1a: Incineroar\n|-start|p2a: Meowscarada|typechange|Dark|[from] ability: Protean\n|-resisted|p1a: Incineroar\n|-damage|p1a: Incineroar|75\/100\n|-enditem|p1a: Incineroar|Heavy-Duty Boots|[from] move: Knock Off|[of] p2a: Meowscarada\n|\n|upkeep\n|turn|9\n|\n|t:|1699026098\n|switch|p2a: Armarouge|Armarouge, M|100\/100\n|move|p1a: Incineroar|Drain Punch|p2a: Armarouge\n|-resisted|p2a: Armarouge\n|-damage|p2a: Armarouge|92\/100\n|-heal|p1a: Incineroar|79\/100|[from] drain|[of] p2a: Armarouge\n|\n|-heal|p2a: Armarouge|98\/100|[from] item: Leftovers\n|upkeep\n|turn|10\n|\n|t:|1699026103\n|move|p2a: Armarouge|Protect|p2a: Armarouge\n|-singleturn|p2a: Armarouge|Protect\n|move|p1a: Incineroar|Parting Shot|p2a: Armarouge\n|-activate|p2a: Armarouge|move: Protect\n|\n|-heal|p2a: Armarouge|100\/100|[from] item: Leftovers\n|upkeep\n|turn|11\n|\n|t:|1699026113\n|switch|p1a: Crobat|Crobat, M|7\/100\n|move|p2a: Armarouge|Trick Room|p2a: Armarouge\n|-fieldstart|move: Trick Room|[of] p2a: Armarouge\n|\n|upkeep\n|turn|12\n|\n|t:|1699026125\n|switch|p1a: Funbro|Slowbro, F|100\/100\n|move|p2a: Armarouge|Psyshock|p1a: Funbro\n|-resisted|p1a: Funbro\n|-damage|p1a: Funbro|88\/100\n|\n|-heal|p1a: Funbro|94\/100|[from] item: Leftovers\n|upkeep\n|turn|13\n|\n|t:|1699026131\n|switch|p2a: Goodra|Goodra, F|100\/100\n|move|p1a: Funbro|Calm Mind|p1a: Funbro\n|-boost|p1a: Funbro|spa|1\n|-boost|p1a: Funbro|spd|1\n|\n|-heal|p1a: Funbro|100\/100|[from] item: Leftovers\n|upkeep\n|turn|14\n|\n|t:|1699026150\n|switch|p1a: Crobat|Crobat, M|7\/100\n|move|p2a: Goodra|Sludge Bomb|p1a: Crobat\n|-resisted|p1a: Crobat\n|-damage|p1a: Crobat|0 fnt\n|faint|p1a: Crobat\n|\n|upkeep\n|\n|t:|1699026163\n|switch|p1a: Garganacl|Garganacl, M|100\/100\n|turn|15\n|\n|t:|1699026198\n|move|p1a: Garganacl|Stealth Rock|p2a: Goodra\n|-sidestart|p2: Braquelo|move: Stealth Rock\n|move|p2a: Goodra|Sludge Bomb|p1a: Garganacl\n|-resisted|p1a: Garganacl\n|-damage|p1a: Garganacl|94\/100\n|\n|-heal|p1a: Garganacl|99\/100|[from] item: Leftovers\n|-fieldend|move: Trick Room\n|upkeep\n|turn|16\n|\n|t:|1699026207\n|move|p2a: Goodra|Dragon Pulse|p1a: Garganacl\n|-damage|p1a: Garganacl|80\/100\n|move|p1a: Garganacl|Salt Cure|p2a: Goodra\n|-damage|p2a: Goodra|89\/100\n|-start|p2a: Goodra|Salt Cure\n|\n|-heal|p1a: Garganacl|86\/100|[from] item: Leftovers\n|-damage|p2a: Goodra|76\/100|[from] Salt Cure\n|upkeep\n|turn|17\n|\n|t:|1699026219\n|switch|p2a: Corviknight|Corviknight, M|94\/100\n|-damage|p2a: Corviknight|82\/100|[from] Stealth Rock\n|move|p1a: Garganacl|Curse|p1a: Garganacl\n|-unboost|p1a: Garganacl|spe|1\n|-boost|p1a: Garganacl|atk|1\n|-boost|p1a: Garganacl|def|1\n|\n|-heal|p1a: Garganacl|92\/100|[from] item: Leftovers\n|upkeep\n|turn|18\n|\n|t:|1699026222\n|move|p2a: Corviknight|Defog|p1a: Garganacl\n|-unboost|p1a: Garganacl|evasion|1\n|-sideend|p2: Braquelo|Stealth Rock|[from] move: Defog|[of] p2a: Corviknight\n|move|p1a: Garganacl|Salt Cure|p2a: Corviknight\n|-damage|p2a: Corviknight|69\/100\n|-start|p2a: Corviknight|Salt Cure\n|\n|-heal|p1a: Garganacl|98\/100|[from] item: Leftovers\n|-damage|p2a: Corviknight|44\/100|[from] Salt Cure\n|upkeep\n|turn|19\n|\n|t:|1699026226\n|move|p2a: Corviknight|U-turn|p1a: Garganacl\n|-damage|p1a: Garganacl|91\/100\n|\n|t:|1699026229\n|switch|p2a: Greninja|Greninja, M|80\/100|[from] U-turn\n|move|p1a: Garganacl|Stealth Rock|p2a: Greninja\n|-sidestart|p2: Braquelo|move: Stealth Rock\n|\n|-heal|p1a: Garganacl|97\/100|[from] item: Leftovers\n|upkeep\n|turn|20\n|\n|t:|1699026237\n|-terastallize|p1a: Garganacl|Fairy\n|move|p2a: Greninja|Hydro Pump|p1a: Garganacl\n|-start|p2a: Greninja|typechange|Water|[from] ability: Protean\n|-damage|p1a: Garganacl|59\/100\n|-damage|p2a: Greninja|70\/100|[from] item: Life Orb\n|move|p1a: Garganacl|Salt Cure|p2a: Greninja\n|-damage|p2a: Greninja|37\/100\n|-start|p2a: Greninja|Salt Cure\n|\n|-heal|p1a: Garganacl|66\/100|[from] item: Leftovers\n|-damage|p2a: Greninja|12\/100|[from] Salt Cure\n|upkeep\n|turn|21\n|\n|t:|1699026247\n|move|p2a: Greninja|Toxic Spikes|p1a: Garganacl\n|-sidestart|p1: 99% lose rate|move: Toxic Spikes\n|move|p1a: Garganacl|Recover|p1a: Garganacl\n|-heal|p1a: Garganacl|100\/100\n|\n|-damage|p2a: Greninja|0 fnt|[from] Salt Cure\n|faint|p2a: Greninja\n|upkeep\n|\n|t:|1699026253\n|switch|p2a: Lucario|Lucario, M|100\/100\n|-damage|p2a: Lucario|98\/100|[from] Stealth Rock\n|turn|22\n|\n|t:|1699026256\n|detailschange|p2a: Lucario|Lucario-Mega, M\n|-mega|p2a: Lucario|Lucario|Lucarionite\n|move|p2a: Lucario|Meteor Mash|p1a: Garganacl\n|-supereffective|p1a: Garganacl\n|-crit|p1a: Garganacl\n|-damage|p1a: Garganacl|0 fnt\n|-boost|p2a: Lucario|atk|1\n|faint|p1a: Garganacl\n|\n|upkeep\n|\n|t:|1699026262\n|switch|p1a: Incineroar|Incineroar, M|79\/100\n|-status|p1a: Incineroar|psn\n|-ability|p1a: Incineroar|Intimidate|boost\n|-unboost|p2a: Lucario|atk|1\n|turn|23\n|\n|t:|1699026269\n|move|p1a: Incineroar|Fake Out|p2a: Lucario\n|-resisted|p2a: Lucario\n|-damage|p2a: Lucario|91\/100\n|cant|p2a: Lucario|flinch\n|\n|-damage|p1a: Incineroar|67\/100 psn|[from] psn\n|upkeep\n|turn|24\n|\n|t:|1699026274\n|move|p2a: Lucario|Close Combat|p1a: Incineroar\n|-supereffective|p1a: Incineroar\n|-damage|p1a: Incineroar|0 fnt\n|-unboost|p2a: Lucario|def|1\n|-unboost|p2a: Lucario|spd|1\n|faint|p1a: Incineroar\n|\n|upkeep\n|\n|t:|1699026279\n|switch|p1a: Ogerpon|Ogerpon-Hearthflame, F|100\/100\n|-status|p1a: Ogerpon|psn\n|-ability|p1a: Ogerpon|Mold Breaker\n|turn|25\n|\n|t:|1699026288\n|switch|p2a: Corviknight|Corviknight, M|44\/100\n|-damage|p2a: Corviknight|32\/100|[from] Stealth Rock\n|move|p1a: Ogerpon|Ivy Cudgel|p2a: Corviknight\n|-supereffective|p2a: Corviknight\n|-damage|p2a: Corviknight|0 fnt\n|faint|p2a: Corviknight\n|\n|-damage|p1a: Ogerpon|88\/100 psn|[from] psn\n|upkeep\n|\n|t:|1699026309\n|switch|p2a: Meowscarada|Meowscarada, F|100\/100\n|-damage|p2a: Meowscarada|88\/100|[from] Stealth Rock\n|turn|26\n|\n|t:|1699026316\n|switch|p1a: Ursaluna|Ursaluna-Bloodmoon, M|100\/100\n|-status|p1a: Ursaluna|psn\n|move|p2a: Meowscarada|U-turn|p1a: Ursaluna\n|-start|p2a: Meowscarada|typechange|Bug|[from] ability: Protean\n|-damage|p1a: Ursaluna|65\/100 psn\n|\n|t:|1699026334\n|switch|p2a: Goodra|Goodra, F|76\/100|[from] U-turn\n|-damage|p2a: Goodra|64\/100|[from] Stealth Rock\n|\n|-damage|p1a: Ursaluna|53\/100 psn|[from] psn\n|upkeep\n|turn|27\n|\n|t:|1699026337\n|move|p2a: Goodra|Ice Beam|p1a: Ursaluna\n|-supereffective|p1a: Ursaluna\n|-damage|p1a: Ursaluna|2\/100 psn\n|move|p1a: Ursaluna|Moonlight|p1a: Ursaluna\n|-heal|p1a: Ursaluna|52\/100 psn\n|\n|-damage|p1a: Ursaluna|40\/100 psn|[from] psn\n|upkeep\n|turn|28\n|\n|t:|1699026355\n|move|p2a: Goodra|Ice Beam|p1a: Ursaluna\n|-supereffective|p1a: Ursaluna\n|-damage|p1a: Ursaluna|0 fnt\n|faint|p1a: Ursaluna\n|\n|upkeep\n|\n|t:|1699026362\n|switch|p1a: Funbro|Slowbro, F|100\/100\n|-status|p1a: Funbro|psn\n|turn|29\n|\n|t:|1699026379\n|move|p2a: Goodra|Dragon Pulse|p1a: Funbro\n|-damage|p1a: Funbro|65\/100 psn\n|move|p1a: Funbro|Calm Mind|p1a: Funbro\n|-boost|p1a: Funbro|spa|1\n|-boost|p1a: Funbro|spd|1\n|\n|-heal|p1a: Funbro|71\/100 psn|[from] item: Leftovers\n|-damage|p1a: Funbro|58\/100 psn|[from] psn\n|upkeep\n|turn|30\n|\n|t:|1699026420\n|move|p2a: Goodra|Sludge Bomb|p1a: Funbro\n|-crit|p1a: Funbro\n|-damage|p1a: Funbro|22\/100 psn\n|move|p1a: Funbro|Slack Off|p1a: Funbro\n|-heal|p1a: Funbro|72\/100 psn\n|\n|-heal|p1a: Funbro|78\/100 psn|[from] item: Leftovers\n|-damage|p1a: Funbro|65\/100 psn|[from] psn\n|upkeep\n|turn|31\n|\n|t:|1699026427\n|move|p2a: Goodra|Sludge Bomb|p1a: Funbro\n|-damage|p1a: Funbro|50\/100 psn\n|move|p1a: Funbro|Slack Off|p1a: Funbro\n|-heal|p1a: Funbro|99\/100 psn\n|\n|-heal|p1a: Funbro|100\/100 psn|[from] item: Leftovers\n|-damage|p1a: Funbro|88\/100 psn|[from] psn\n|upkeep\n|turn|32\n|\n|t:|1699026440\n|move|p2a: Goodra|Sludge Bomb|p1a: Funbro\n|-damage|p1a: Funbro|72\/100 psn\n|move|p1a: Funbro|Calm Mind|p1a: Funbro\n|-boost|p1a: Funbro|spa|1\n|-boost|p1a: Funbro|spd|1\n|\n|-heal|p1a: Funbro|78\/100 psn|[from] item: Leftovers\n|-damage|p1a: Funbro|65\/100 psn|[from] psn\n|upkeep\n|turn|33\n|\n|t:|1699026452\n|move|p2a: Goodra|Sludge Bomb|p1a: Funbro\n|-damage|p1a: Funbro|53\/100 psn\n|move|p1a: Funbro|Scald|p2a: Goodra\n|-resisted|p2a: Goodra\n|-damage|p2a: Goodra|53\/100\n|-status|p2a: Goodra|brn\n|\n|-heal|p1a: Funbro|59\/100 psn|[from] item: Leftovers\n|-damage|p1a: Funbro|46\/100 psn|[from] psn\n|-damage|p2a: Goodra|47\/100 brn|[from] brn\n|upkeep\n|turn|34\n|\n|t:|1699026461\n|move|p2a: Goodra|Sludge Bomb|p1a: Funbro\n|-damage|p1a: Funbro|33\/100 psn\n|move|p1a: Funbro|Slack Off|p1a: Funbro\n|-heal|p1a: Funbro|83\/100 psn\n|\n|-heal|p1a: Funbro|90\/100 psn|[from] item: Leftovers\n|-damage|p1a: Funbro|77\/100 psn|[from] psn\n|-damage|p2a: Goodra|41\/100 brn|[from] brn\n|upkeep\n|turn|35\n|\n|t:|1699026512\n|move|p2a: Goodra|Sludge Bomb|p1a: Funbro\n|-damage|p1a: Funbro|66\/100 psn\n|move|p1a: Funbro|Scald|p2a: Goodra\n|-resisted|p2a: Goodra\n|-damage|p2a: Goodra|30\/100 brn\n|\n|-heal|p1a: Funbro|72\/100 psn|[from] item: Leftovers\n|-damage|p1a: Funbro|59\/100 psn|[from] psn\n|-damage|p2a: Goodra|24\/100 brn|[from] brn\n|upkeep\n|turn|36\n|\n|t:|1699026516\n|move|p2a: Goodra|Sludge Bomb|p1a: Funbro\n|-damage|p1a: Funbro|47\/100 psn\n|move|p1a: Funbro|Slack Off|p1a: Funbro\n|-heal|p1a: Funbro|97\/100 psn\n|\n|-heal|p1a: Funbro|100\/100 psn|[from] item: Leftovers\n|-damage|p1a: Funbro|88\/100 psn|[from] psn\n|-damage|p2a: Goodra|17\/100 brn|[from] brn\n|upkeep\n|turn|37\n|\n|t:|1699026520\n|move|p2a: Goodra|Dragon Pulse|p1a: Funbro\n|-damage|p1a: Funbro|71\/100 psn\n|move|p1a: Funbro|Calm Mind|p1a: Funbro\n|-boost|p1a: Funbro|spa|1\n|-boost|p1a: Funbro|spd|1\n|\n|-heal|p1a: Funbro|77\/100 psn|[from] item: Leftovers\n|-damage|p1a: Funbro|64\/100 psn|[from] psn\n|-damage|p2a: Goodra|11\/100 brn|[from] brn\n|upkeep\n|turn|38\n|\n|t:|1699026526\n|move|p2a: Goodra|Dragon Pulse|p1a: Funbro\n|-crit|p1a: Funbro\n|-damage|p1a: Funbro|13\/100 psn\n|move|p1a: Funbro|Slack Off|p1a: Funbro\n|-heal|p1a: Funbro|63\/100 psn\n|\n|-heal|p1a: Funbro|69\/100 psn|[from] item: Leftovers\n|-damage|p1a: Funbro|57\/100 psn|[from] psn\n|-damage|p2a: Goodra|5\/100 brn|[from] brn\n|upkeep\n|turn|39\n|\n|t:|1699026531\n|move|p2a: Goodra|Dragon Pulse|p1a: Funbro\n|-damage|p1a: Funbro|43\/100 psn\n|move|p1a: Funbro|Slack Off|p1a: Funbro\n|-heal|p1a: Funbro|93\/100 psn\n|\n|-heal|p1a: Funbro|99\/100 psn|[from] item: Leftovers\n|-damage|p1a: Funbro|86\/100 psn|[from] psn\n|-damage|p2a: Goodra|0 fnt|[from] brn\n|faint|p2a: Goodra\n|upkeep\n|\n|t:|1699026534\n|switch|p2a: Meowscarada|Meowscarada, F|88\/100\n|-damage|p2a: Meowscarada|76\/100|[from] Stealth Rock\n|turn|40\n|\n|t:|1699026539\n|move|p2a: Meowscarada|Knock Off|p1a: Funbro\n|-start|p2a: Meowscarada|typechange|Dark|[from] ability: Protean\n|-supereffective|p1a: Funbro\n|-damage|p1a: Funbro|8\/100 psn\n|-enditem|p1a: Funbro|Leftovers|[from] move: Knock Off|[of] p2a: Meowscarada\n|move|p1a: Funbro|Scald|p2a: Meowscarada\n|-crit|p2a: Meowscarada\n|-damage|p2a: Meowscarada|0 fnt\n|faint|p2a: Meowscarada\n|\n|-damage|p1a: Funbro|0 fnt|[from] psn\n|faint|p1a: Funbro\n|upkeep\n|\n|t:|1699026552\n|switch|p2a: Lucario|Lucario-Mega, M|91\/100\n|switch|p1a: Ogerpon|Ogerpon-Hearthflame, F|88\/100 psn\n|-damage|p2a: Lucario|88\/100|[from] Stealth Rock\n|-ability|p1a: Ogerpon|Mold Breaker\n|turn|41\n|\n|t:|1699026555\n|move|p2a: Lucario|Close Combat|p1a: Ogerpon\n|-damage|p1a: Ogerpon|0 fnt\n|-unboost|p2a: Lucario|def|1\n|-unboost|p2a: Lucario|spd|1\n|faint|p1a: Ogerpon\n|\n|win|Braquelo\n|raw|99% lose rate's rating: 1328 &rarr; <strong>1303<\/strong><br \/>(-25 for losing)\n|raw|Braquelo's rating: 1230 &rarr; <strong>1262<\/strong><br \/>(+32 for winning)\n|l|\u260699% lose rate\n","uploadtime":1699026565,"views":3,"p1id":"99loserate","p2id":"braquelo","formatid":"gen9nationaldexubers","rating":1262,"private":0,"password":""}