{"id":"gen9nationaldexubers-1996512882","p1":"dreepy airlines","p2":"midsdead","format":"[Gen 9] National Dex Ubers","log":"|j|\u2606dreepy airlines\n|j|\u2606midsdead\n|t:|1700689342\n|gametype|singles\n|player|p1|dreepy airlines|waitress-gen6|1499\n|player|p2|midsdead|1|1496\n|teamsize|p1|6\n|teamsize|p2|6\n|gen|9\n|tier|[Gen 9] National Dex Ubers\n|rated|\n|rule|HP Percentage Mod: HP is shown in percentages\n|rule|Endless Battle Clause: Forcing endless battles is banned\n|rule|OHKO Clause: OHKO moves are banned\n|rule|Evasion Moves Clause: Evasion moves are banned\n|rule|Evasion Items Clause: Evasion items are banned\n|rule|Species Clause: Limit one of each Pok\u00e9mon\n|rule|Sleep Clause Mod: Limit one foe put to sleep\n|rule|Mega Rayquaza Clause: You cannot mega evolve Rayquaza\n|clearpoke\n|poke|p1|Deoxys-Speed|\n|poke|p1|Groudon|\n|poke|p1|Yveltal|\n|poke|p1|Arceus|\n|poke|p1|Zacian-*|\n|poke|p1|Salamence, F|\n|poke|p2|Ho-Oh|\n|poke|p2|Yveltal|\n|poke|p2|Necrozma-Dusk-Mane|\n|poke|p2|Kyogre|\n|poke|p2|Diancie|\n|poke|p2|Zygarde|\n|teampreview\n|inactive|Battle timer is ON: inactive players will automatically lose when time's up. (requested by dreepy airlines)\n|\n|t:|1700689355\n|start\n|switch|p1a: Deoxys|Deoxys-Speed|100\/100\n|switch|p2a: Diancie|Diancie|100\/100\n|-ability|p1a: Deoxys|Pressure\n|turn|1\n|\n|t:|1700689359\n|detailschange|p2a: Diancie|Diancie-Mega\n|-mega|p2a: Diancie|Diancie|Diancite\n|move|p1a: Deoxys|Skill Swap|p2a: Diancie\n|-activate|p1a: Deoxys|move: Skill Swap|Magic Bounce|Pressure|[of] p2a: Diancie\n|-ability|p2a: Diancie|Pressure\n|move|p2a: Diancie|Power Gem|p1a: Deoxys\n|-damage|p1a: Deoxys|38\/100\n|\n|upkeep\n|turn|2\n|\n|t:|1700689364\n|move|p1a: Deoxys|Spikes|p2a: Diancie\n|-sidestart|p2: midsdead|Spikes\n|move|p2a: Diancie|Power Gem|p1a: Deoxys\n|-damage|p1a: Deoxys|0 fnt\n|faint|p1a: Deoxys\n|\n|upkeep\n|\n|t:|1700689369\n|switch|p1a: Zacian|Zacian-Crowned|100\/100\n|-ability|p1a: Zacian|Intrepid Sword|boost\n|-boost|p1a: Zacian|atk|1\n|turn|3\n|\n|t:|1700689373\n|switch|p2a: Ho-Oh|Ho-Oh|100\/100\n|move|p1a: Zacian|Behemoth Blade|p2a: Ho-Oh\n|-resisted|p2a: Ho-Oh\n|-damage|p2a: Ho-Oh|62\/100\n|\n|upkeep\n|turn|4\n|\n|t:|1700689377\n|move|p1a: Zacian|Wild Charge|p2a: Ho-Oh\n|-supereffective|p2a: Ho-Oh\n|-damage|p2a: Ho-Oh|0 fnt\n|faint|p2a: Ho-Oh\n|-damage|p1a: Zacian|81\/100|[from] Recoil\n|\n|upkeep\n|\n|t:|1700689382\n|switch|p2a: Necrozma|Necrozma-Dusk-Mane|100\/100\n|-damage|p2a: Necrozma|88\/100|[from] Spikes\n|turn|5\n|\n|t:|1700689387\n|move|p1a: Zacian|Swords Dance|p1a: Zacian\n|-boost|p1a: Zacian|atk|2\n|move|p2a: Necrozma|Dragon Dance|p2a: Necrozma\n|-boost|p2a: Necrozma|atk|1\n|-boost|p2a: Necrozma|spe|1\n|\n|upkeep\n|turn|6\n|\n|t:|1700689411\n|detailschange|p2a: Necrozma|Necrozma-Ultra\n|-burst|p2a: Necrozma|Necrozma|Ultranecrozium Z\n|move|p2a: Necrozma|Earthquake|p1a: Zacian\n|-supereffective|p1a: Zacian\n|-damage|p1a: Zacian|0 fnt\n|faint|p1a: Zacian\n|\n|upkeep\n|\n|t:|1700689422\n|switch|p1a: Yveltal|Yveltal|100\/100\n|-ability|p1a: Yveltal|Dark Aura\n|turn|7\n|\n|t:|1700689429\n|switch|p2a: Diancie|Diancie-Mega|100\/100\n|-damage|p2a: Diancie|88\/100|[from] Spikes\n|move|p1a: Yveltal|Sucker Punch||[still]\n|-fail|p1a: Yveltal\n|\n|upkeep\n|turn|8\n|inactive|dreepy airlines has 120 seconds left.\n|\n|t:|1700689453\n|move|p2a: Diancie|Stealth Rock|p1a: Yveltal\n|-sidestart|p1: dreepy airlines|move: Stealth Rock\n|move|p1a: Yveltal|Dark Pulse|p2a: Diancie\n|-resisted|p2a: Diancie\n|-damage|p2a: Diancie|42\/100\n|-damage|p1a: Yveltal|91\/100|[from] item: Life Orb\n|\n|upkeep\n|turn|9\n|\n|t:|1700689459\n|move|p2a: Diancie|Moonblast|p1a: Yveltal\n|-supereffective|p1a: Yveltal\n|-damage|p1a: Yveltal|0 fnt\n|faint|p1a: Yveltal\n|\n|upkeep\n|\n|t:|1700689466\n|switch|p1a: Groudon|Groudon|100\/100\n|-damage|p1a: Groudon|94\/100|[from] Stealth Rock\n|detailschange|p1a: Groudon|Groudon-Primal\n|-primal|p1a: Groudon|Red Orb\n|-weather|DesolateLand|[from] ability: Desolate Land|[of] p1a: Groudon\n|turn|10\n|\n|t:|1700689470\n|move|p2a: Diancie|Power Gem|p1a: Groudon\n|-damage|p1a: Groudon|37\/100\n|move|p1a: Groudon|Rock Polish|p1a: Groudon\n|-boost|p1a: Groudon|spe|2\n|\n|-weather|DesolateLand|[upkeep]\n|upkeep\n|turn|11\n|\n|t:|1700689473\n|move|p1a: Groudon|Precipice Blades|p2a: Diancie\n|-supereffective|p2a: Diancie\n|-damage|p2a: Diancie|0 fnt\n|faint|p2a: Diancie\n|\n|-weather|DesolateLand|[upkeep]\n|upkeep\n|\n|t:|1700689476\n|switch|p2a: Yveltal|Yveltal|100\/100\n|-ability|p2a: Yveltal|Dark Aura\n|turn|12\n|\n|t:|1700689484\n|-terastallize|p2a: Yveltal|Dark\n|move|p2a: Yveltal|Sucker Punch|p1a: Groudon\n|-damage|p1a: Groudon|0 fnt\n|faint|p1a: Groudon\n|-weather|none\n|-damage|p2a: Yveltal|91\/100|[from] item: Life Orb\n|\n|upkeep\n|\n|t:|1700689489\n|switch|p1a: Arceus|Arceus|100\/100\n|-damage|p1a: Arceus|88\/100|[from] Stealth Rock\n|turn|13\n|\n|t:|1700689492\n|move|p2a: Yveltal|Knock Off|p1a: Arceus\n|-damage|p1a: Arceus|12\/100\n|-enditem|p1a: Arceus|Silk Scarf|[from] move: Knock Off|[of] p2a: Yveltal\n|-damage|p2a: Yveltal|81\/100|[from] item: Life Orb\n|move|p1a: Arceus|Swords Dance|p1a: Arceus\n|-boost|p1a: Arceus|atk|2\n|\n|upkeep\n|turn|14\n|\n|t:|1700689497\n|-terastallize|p1a: Arceus|Normal\n|move|p1a: Arceus|Extreme Speed|p2a: Yveltal\n|-damage|p2a: Yveltal|0 fnt\n|faint|p2a: Yveltal\n|\n|upkeep\n|\n|t:|1700689504\n|switch|p2a: Zygarde|Zygarde|100\/100\n|-damage|p2a: Zygarde|88\/100|[from] Spikes\n|turn|15\n|\n|t:|1700689512\n|move|p2a: Zygarde|Thousand Arrows|p1a: Arceus\n|-damage|p1a: Arceus|0 fnt\n|faint|p1a: Arceus\n|\n|upkeep\n|\n|t:|1700689517\n|switch|p1a: Salamence|Salamence, F|100\/100\n|-damage|p1a: Salamence|76\/100|[from] Stealth Rock\n|-ability|p1a: Salamence|Intimidate|boost\n|-unboost|p2a: Zygarde|atk|1\n|turn|16\n|\n|t:|1700689521\n|detailschange|p1a: Salamence|Salamence-Mega, F\n|-mega|p1a: Salamence|Salamence|Salamencite\n|move|p1a: Salamence|Dragon Dance|p1a: Salamence\n|-boost|p1a: Salamence|atk|1\n|-boost|p1a: Salamence|spe|1\n|move|p2a: Zygarde|Stone Edge|p1a: Salamence\n|-supereffective|p1a: Salamence\n|-damage|p1a: Salamence|52\/100\n|\n|upkeep\n|turn|17\n|\n|t:|1700689525\n|move|p1a: Salamence|Dragon Claw|p2a: Zygarde\n|-supereffective|p2a: Zygarde\n|-damage|p2a: Zygarde|0 fnt\n|faint|p2a: Zygarde\n|\n|upkeep\n|\n|t:|1700689529\n|switch|p2a: Kyogre|Kyogre|100\/100\n|-damage|p2a: Kyogre|88\/100|[from] Spikes\n|detailschange|p2a: Kyogre|Kyogre-Primal\n|-primal|p2a: Kyogre|Blue Orb\n|-weather|PrimordialSea|[from] ability: Primordial Sea|[of] p2a: Kyogre\n|turn|18\n|\n|t:|1700689534\n|move|p1a: Salamence|Double-Edge|p2a: Kyogre\n|-damage|p2a: Kyogre|0 fnt\n|faint|p2a: Kyogre\n|-weather|none\n|-damage|p1a: Salamence|16\/100|[from] Recoil\n|\n|upkeep\n|\n|t:|1700689536\n|switch|p2a: Necrozma|Necrozma-Ultra|88\/100\n|-damage|p2a: Necrozma|76\/100|[from] Spikes\n|turn|19\n|\n|t:|1700689542\n|move|p1a: Salamence|Dragon Claw|p2a: Necrozma\n|-supereffective|p2a: Necrozma\n|-damage|p2a: Necrozma|0 fnt\n|faint|p2a: Necrozma\n|\n|win|dreepy airlines\n|raw|dreepy airlines's rating: 1499 &rarr; <strong>1519<\/strong><br \/>(+20 for winning)\n|raw|midsdead's rating: 1496 &rarr; <strong>1476<\/strong><br \/>(-20 for losing)\n|l|\u2606midsdead\n|c|\u2606dreepy airlines|gg\n","uploadtime":1700689551,"views":1,"p1id":"dreepyairlines","p2id":"midsdead","formatid":"gen9nationaldexubers","rating":1476,"private":0,"password":""}