{"id":"gen9nationaldexubers-2000332243","p1":"onaerybluer","p2":"Legendaries_$uck","format":"[Gen 9] National Dex Ubers","log":"|j|\u2606onaerybluer\n|j|\u2606Legendaries_$uck\n|t:|1701185729\n|gametype|singles\n|player|p1|onaerybluer|bellelba|1457\n|player|p2|Legendaries_$uck|lucas|1598\n|teamsize|p1|6\n|teamsize|p2|6\n|gen|9\n|tier|[Gen 9] National Dex Ubers\n|rated|\n|rule|HP Percentage Mod: HP is shown in percentages\n|rule|Endless Battle Clause: Forcing endless battles is banned\n|rule|OHKO Clause: OHKO moves are banned\n|rule|Evasion Moves Clause: Evasion moves are banned\n|rule|Evasion Items Clause: Evasion items are banned\n|rule|Species Clause: Limit one of each Pok\u00e9mon\n|rule|Sleep Clause Mod: Limit one foe put to sleep\n|rule|Mega Rayquaza Clause: You cannot mega evolve Rayquaza\n|clearpoke\n|poke|p1|Kangaskhan, F|\n|poke|p1|Kingambit, M|\n|poke|p1|Groudon|\n|poke|p1|Kyogre|\n|poke|p1|Marshadow|\n|poke|p1|Darmanitan-Galar, F|\n|poke|p2|Arceus-Fairy|\n|poke|p2|Melmetal|\n|poke|p2|Ursaluna, M|\n|poke|p2|Calyrex-Ice|\n|poke|p2|Kyogre|\n|poke|p2|Hatterene, F|\n|teampreview\n|inactive|Battle timer is ON: inactive players will automatically lose when time's up. (requested by onaerybluer)\n|\n|t:|1701185737\n|start\n|switch|p1a: Darmanitan|Darmanitan-Galar, F|100\/100\n|switch|p2a: Hatterene|Hatterene, F|100\/100\n|turn|1\n|\n|t:|1701185746\n|move|p1a: Darmanitan|Flare Blitz|p2a: Hatterene\n|-damage|p2a: Hatterene|28\/100\n|-damage|p1a: Darmanitan|79\/100|[from] Recoil\n|move|p2a: Hatterene|Trick Room|p2a: Hatterene\n|-fieldstart|move: Trick Room|[of] p2a: Hatterene\n|\n|upkeep\n|turn|2\n|\n|t:|1701185760\n|switch|p1a: Kangaskhan|Kangaskhan, F|100\/100\n|move|p2a: Hatterene|Healing Wish|p2a: Hatterene\n|faint|p2a: Hatterene\n|\n|upkeep\n|\n|t:|1701185767\n|switch|p2a: Ursaluna|Ursaluna, M|100\/100\n|turn|3\n|\n|t:|1701185771\n|detailschange|p1a: Kangaskhan|Kangaskhan-Mega, F\n|-mega|p1a: Kangaskhan|Kangaskhan|Kangaskhanite\n|move|p1a: Kangaskhan|Fake Out|p2a: Ursaluna\n|-damage|p2a: Ursaluna|87\/100\n|-damage|p2a: Ursaluna|84\/100\n|-hitcount|p2a: Ursaluna|2\n|cant|p2a: Ursaluna|flinch\n|\n|-status|p2a: Ursaluna|brn|[from] item: Flame Orb\n|upkeep\n|turn|4\n|\n|t:|1701185783\n|move|p2a: Ursaluna|Headlong Rush|p1a: Kangaskhan\n|-damage|p1a: Kangaskhan|2\/100\n|-unboost|p2a: Ursaluna|def|1\n|-unboost|p2a: Ursaluna|spd|1\n|move|p1a: Kangaskhan|Seismic Toss|p2a: Ursaluna\n|-damage|p2a: Ursaluna|62\/100 brn\n|-damage|p2a: Ursaluna|41\/100 brn\n|-hitcount|p2a: Ursaluna|2\n|\n|-damage|p2a: Ursaluna|35\/100 brn|[from] brn\n|upkeep\n|turn|5\n|\n|t:|1701185791\n|move|p2a: Ursaluna|Facade|p1a: Kangaskhan\n|-damage|p1a: Kangaskhan|0 fnt\n|faint|p1a: Kangaskhan\n|\n|-damage|p2a: Ursaluna|29\/100 brn|[from] brn\n|-fieldend|move: Trick Room\n|upkeep\n|\n|t:|1701185795\n|switch|p1a: Darmanitan|Darmanitan-Galar, F|79\/100\n|turn|6\n|\n|t:|1701185807\n|switch|p2a: Calyrex|Calyrex-Ice|100\/100\n|-ability|p2a: Calyrex|As One\n|-ability|p2a: Calyrex|Unnerve\n|move|p1a: Darmanitan|Flare Blitz|p2a: Calyrex\n|-supereffective|p2a: Calyrex\n|-damage|p2a: Calyrex|28\/100\n|-enditem|p2a: Calyrex|Weakness Policy\n|-boost|p2a: Calyrex|atk|2|[from] item: Weakness Policy\n|-boost|p2a: Calyrex|spa|2|[from] item: Weakness Policy\n|-damage|p1a: Darmanitan|51\/100|[from] Recoil\n|\n|upkeep\n|turn|7\n|\n|t:|1701185816\n|switch|p2a: Kyogre|Kyogre|100\/100\n|detailschange|p2a: Kyogre|Kyogre-Primal\n|-primal|p2a: Kyogre|Blue Orb\n|-weather|PrimordialSea|[from] ability: Primordial Sea|[of] p2a: Kyogre\n|move|p1a: Darmanitan|Flare Blitz||[still]\n|-fail|p1a: Darmanitan|Flare Blitz|[from] Primordial Sea\n|\n|-weather|PrimordialSea|[upkeep]\n|upkeep\n|turn|8\n|\n|t:|1701185819\n|switch|p1a: Groudon|Groudon|100\/100\n|detailschange|p1a: Groudon|Groudon-Primal\n|-primal|p1a: Groudon|Red Orb\n|-weather|DesolateLand|[from] ability: Desolate Land|[of] p1a: Groudon\n|move|p2a: Kyogre|Water Spout||[still]\n|-fail|p2a: Kyogre|Water Spout|[from] Desolate Land\n|\n|-weather|DesolateLand|[upkeep]\n|upkeep\n|turn|9\n|\n|t:|1701185846\n|switch|p2a: Arceus|Arceus-Fairy|100\/100\n|move|p1a: Groudon|Rock Polish|p1a: Groudon\n|-boost|p1a: Groudon|spe|2\n|\n|-weather|DesolateLand|[upkeep]\n|upkeep\n|turn|10\n|\n|t:|1701185857\n|-terastallize|p2a: Arceus|Water\n|move|p1a: Groudon|Heat Crash|p2a: Arceus\n|-resisted|p2a: Arceus\n|-damage|p2a: Arceus|73\/100\n|move|p2a: Arceus|Trick Room|p2a: Arceus\n|-fieldstart|move: Trick Room|[of] p2a: Arceus\n|\n|-weather|DesolateLand|[upkeep]\n|upkeep\n|turn|11\n|\n|t:|1701185863\n|switch|p2a: Kyogre|Kyogre-Primal|100\/100\n|-weather|PrimordialSea|[from] ability: Primordial Sea|[of] p2a: Kyogre\n|move|p1a: Groudon|Precipice Blades|p2a: Kyogre\n|-damage|p2a: Kyogre|13\/100\n|\n|-weather|PrimordialSea|[upkeep]\n|upkeep\n|turn|12\n|\n|t:|1701185873\n|move|p2a: Kyogre|Origin Pulse|p1a: Groudon|[miss]\n|-miss|p2a: Kyogre|p1a: Groudon\n|move|p1a: Groudon|Body Press|p2a: Kyogre\n|-damage|p2a: Kyogre|0 fnt\n|faint|p2a: Kyogre\n|-weather|none\n|\n|upkeep\n|\n|t:|1701185880\n|switch|p2a: Ursaluna|Ursaluna, M|29\/100 brn\n|-heal|p2a: Ursaluna|100\/100|[from] move: Healing Wish\n|turn|13\n|\n|t:|1701185890\n|move|p2a: Ursaluna|Protect|p2a: Ursaluna\n|-singleturn|p2a: Ursaluna|Protect\n|move|p1a: Groudon|Heat Crash|p2a: Ursaluna\n|-activate|p2a: Ursaluna|move: Protect\n|\n|-status|p2a: Ursaluna|brn|[from] item: Flame Orb\n|upkeep\n|turn|14\n|\n|t:|1701185894\n|switch|p1a: Darmanitan|Darmanitan-Galar, F|51\/100\n|move|p2a: Ursaluna|Headlong Rush|p1a: Darmanitan\n|-damage|p1a: Darmanitan|0 fnt\n|-unboost|p2a: Ursaluna|def|1\n|-unboost|p2a: Ursaluna|spd|1\n|faint|p1a: Darmanitan\n|\n|-damage|p2a: Ursaluna|94\/100 brn|[from] brn\n|-fieldend|move: Trick Room\n|upkeep\n|\n|t:|1701185900\n|switch|p1a: Kyogre|Kyogre|100\/100\n|detailschange|p1a: Kyogre|Kyogre-Primal\n|-primal|p1a: Kyogre|Blue Orb\n|-weather|PrimordialSea|[from] ability: Primordial Sea|[of] p1a: Kyogre\n|turn|15\n|\n|t:|1701185905\n|switch|p2a: Arceus|Arceus-Fairy, tera:Water|73\/100\n|move|p1a: Kyogre|Water Spout|p2a: Arceus\n|-resisted|p2a: Arceus\n|-damage|p2a: Arceus|38\/100\n|\n|-weather|PrimordialSea|[upkeep]\n|upkeep\n|turn|16\n|\n|t:|1701185910\n|move|p1a: Kyogre|Thunder|p2a: Arceus\n|-supereffective|p2a: Arceus\n|-damage|p2a: Arceus|0 fnt\n|faint|p2a: Arceus\n|\n|-weather|PrimordialSea|[upkeep]\n|upkeep\n|-message|Legendaries_$uck forfeited.\n|\n|win|onaerybluer\n|raw|onaerybluer's rating: 1457 &rarr; <strong>1485<\/strong><br \/>(+28 for winning)\n|raw|Legendaries_$uck's rating: 1598 &rarr; <strong>1570<\/strong><br \/>(-28 for losing)\n|l|\u2606Legendaries_$uck\n","uploadtime":1701185924,"views":14,"p1id":"onaerybluer","p2id":"legendariesuck","formatid":"gen9nationaldexubers","rating":1485,"private":0,"password":""}