{"id":"gen9nationaldexubers-1978378110","p1":"Slender235","p2":"85792195wwww","format":"[Gen 9] National Dex Ubers","log":"|j|\u2606Slender235\n|j|\u260685792195wwww\n|t:|1698531346\n|gametype|singles\n|player|p1|Slender235|steven-gen6|1478\n|player|p2|85792195wwww|lady|1826\n|teamsize|p1|6\n|teamsize|p2|6\n|gen|9\n|tier|[Gen 9] National Dex Ubers\n|rated|\n|rule|HP Percentage Mod: HP is shown in percentages\n|rule|Endless Battle Clause: Forcing endless battles is banned\n|rule|OHKO Clause: OHKO moves are banned\n|rule|Evasion Moves Clause: Evasion moves are banned\n|rule|Evasion Items Clause: Evasion items are banned\n|rule|Species Clause: Limit one of each Pok\u00e9mon\n|rule|Sleep Clause Mod: Limit one foe put to sleep\n|rule|Mega Rayquaza Clause: You cannot mega evolve Rayquaza\n|clearpoke\n|poke|p1|Slurpuff, F|\n|poke|p1|Salamence, M|\n|poke|p1|Necrozma-Dusk-Mane|\n|poke|p1|Eternatus|\n|poke|p1|Arceus-Fairy|\n|poke|p1|Yveltal|\n|poke|p2|Zacian-*|\n|poke|p2|Kyogre|\n|poke|p2|Xerneas-*|\n|poke|p2|Krookodile, F|\n|poke|p2|Groudon|\n|poke|p2|Arceus|\n|teampreview\n|inactive|Battle timer is ON: inactive players will automatically lose when time's up. (requested by Slender235)\n|\n|t:|1698531358\n|start\n|switch|p1a: Pudgy|Slurpuff, F, shiny|100\/100\n|switch|p2a: Zacian|Zacian-Crowned|100\/100\n|-ability|p2a: Zacian|Intrepid Sword|boost\n|-boost|p2a: Zacian|atk|1\n|turn|1\n|\n|t:|1698531368\n|move|p2a: Zacian|Tera Blast|p1a: Pudgy\n|-damage|p1a: Pudgy|76\/100\n|move|p1a: Pudgy|Yawn|p2a: Zacian\n|-start|p2a: Zacian|move: Yawn|[of] p1a: Pudgy\n|\n|upkeep\n|turn|2\n|\n|t:|1698531375\n|move|p2a: Zacian|Behemoth Blade|p1a: Pudgy\n|-supereffective|p1a: Pudgy\n|-damage|p1a: Pudgy|0 fnt\n|faint|p1a: Pudgy\n|\n|-end|p2a: Zacian|move: Yawn|[silent]\n|-status|p2a: Zacian|slp\n|upkeep\n|\n|t:|1698531381\n|switch|p1a: Guardian|Salamence, M|100\/100\n|-ability|p1a: Guardian|Intimidate|boost\n|-unboost|p2a: Zacian|atk|1\n|turn|3\n|\n|t:|1698531393\n|switch|p2a: Xerneas|Xerneas|100\/100\n|-ability|p2a: Xerneas|Fairy Aura\n|detailschange|p1a: Guardian|Salamence-Mega, M\n|-mega|p1a: Guardian|Salamence|Salamencite\n|move|p1a: Guardian|Dragon Dance|p1a: Guardian\n|-boost|p1a: Guardian|atk|1\n|-boost|p1a: Guardian|spe|1\n|\n|upkeep\n|turn|4\n|\n|t:|1698531403\n|move|p1a: Guardian|Frustration|p2a: Xerneas\n|-damage|p2a: Xerneas|25\/100\n|move|p2a: Xerneas|Moonblast|p1a: Guardian\n|-supereffective|p1a: Guardian\n|-damage|p1a: Guardian|0 fnt\n|faint|p1a: Guardian\n|\n|upkeep\n|\n|t:|1698531416\n|switch|p1a: The Thousand|Eternatus|100\/100\n|-ability|p1a: The Thousand|Pressure\n|turn|5\n|\n|t:|1698531431\n|move|p1a: The Thousand|Meteor Beam||[still]\n|-prepare|p1a: The Thousand|Meteor Beam\n|-boost|p1a: The Thousand|spa|1\n|-enditem|p1a: The Thousand|Power Herb\n|-anim|p1a: The Thousand|Meteor Beam|p2a: Xerneas\n|-damage|p2a: Xerneas|0 fnt\n|faint|p2a: Xerneas\n|\n|upkeep\n|\n|t:|1698531440\n|switch|p2a: Krookodile|Krookodile, F|100\/100\n|-ability|p2a: Krookodile|Intimidate|boost\n|-unboost|p1a: The Thousand|atk|1\n|turn|6\n|\n|t:|1698531446\n|move|p1a: The Thousand|Dynamax Cannon|p2a: Krookodile\n|-enditem|p2a: Krookodile|Focus Sash\n|-damage|p2a: Krookodile|1\/100\n|move|p2a: Krookodile|Bulldoze|p1a: The Thousand\n|-supereffective|p1a: The Thousand\n|-damage|p1a: The Thousand|48\/100\n|-unboost|p1a: The Thousand|spe|1\n|\n|upkeep\n|turn|7\n|\n|t:|1698531459\n|move|p2a: Krookodile|Stealth Rock|p1a: The Thousand\n|-sidestart|p1: Slender235|move: Stealth Rock\n|move|p1a: The Thousand|Flamethrower|p2a: Krookodile\n|-damage|p2a: Krookodile|0 fnt\n|faint|p2a: Krookodile\n|\n|upkeep\n|\n|t:|1698531468\n|switch|p2a: Arceus|Arceus|100\/100\n|turn|8\n|\n|t:|1698531473\n|-terastallize|p2a: Arceus|Normal\n|move|p2a: Arceus|Extreme Speed|p1a: The Thousand\n|-damage|p1a: The Thousand|0 fnt\n|faint|p1a: The Thousand\n|-damage|p2a: Arceus|91\/100|[from] item: Life Orb\n|\n|upkeep\n|\n|t:|1698531480\n|switch|p1a: Whitey|Necrozma-Dusk-Mane|100\/100\n|-damage|p1a: Whitey|94\/100|[from] Stealth Rock\n|turn|9\n|\n|t:|1698531486\n|move|p2a: Arceus|Taunt|p1a: Whitey\n|-start|p1a: Whitey|move: Taunt\n|cant|p1a: Whitey|move: Taunt|Toxic\n|\n|-heal|p1a: Whitey|100\/100|[from] item: Leftovers\n|upkeep\n|turn|10\n|\n|t:|1698531495\n|switch|p2a: Zacian|Zacian-Crowned|100\/100 slp\n|move|p1a: Whitey|Sunsteel Strike|p2a: Zacian\n|-damage|p2a: Zacian|55\/100 slp\n|\n|upkeep\n|turn|11\n|\n|t:|1698531503\n|cant|p2a: Zacian|slp\n|move|p1a: Whitey|Sunsteel Strike|p2a: Zacian\n|-damage|p2a: Zacian|5\/100 slp\n|\n|-end|p1a: Whitey|move: Taunt\n|upkeep\n|turn|12\n|j| Incredible Gassy\n|\n|t:|1698531512\n|cant|p2a: Zacian|slp\n|move|p1a: Whitey|Sunsteel Strike|p2a: Zacian\n|-damage|p2a: Zacian|0 fnt\n|faint|p2a: Zacian\n|\n|upkeep\n|\n|t:|1698531520\n|switch|p2a: Kyogre|Kyogre|100\/100\n|detailschange|p2a: Kyogre|Kyogre-Primal\n|-primal|p2a: Kyogre|Blue Orb\n|-weather|PrimordialSea|[from] ability: Primordial Sea|[of] p2a: Kyogre\n|turn|13\n|\n|t:|1698531527\n|switch|p1a: DIVINE LINK|Arceus-Fairy|100\/100\n|-damage|p1a: DIVINE LINK|88\/100|[from] Stealth Rock\n|move|p2a: Kyogre|Water Spout|p1a: DIVINE LINK\n|-damage|p1a: DIVINE LINK|4\/100\n|\n|-weather|PrimordialSea|[upkeep]\n|upkeep\n|turn|14\n|\n|t:|1698531539\n|-weather|none\n|switch|p2a: Groudon|Groudon|100\/100\n|detailschange|p2a: Groudon|Groudon-Primal\n|-primal|p2a: Groudon|Red Orb\n|-weather|DesolateLand|[from] ability: Desolate Land|[of] p2a: Groudon\n|move|p1a: DIVINE LINK|Judgment|p2a: Groudon\n|-resisted|p2a: Groudon\n|-damage|p2a: Groudon|74\/100\n|\n|-weather|DesolateLand|[upkeep]\n|upkeep\n|turn|15\n|j| gameing08\n|\n|t:|1698531550\n|move|p1a: DIVINE LINK|Judgment|p2a: Groudon\n|-resisted|p2a: Groudon\n|-damage|p2a: Groudon|49\/100\n|move|p2a: Groudon|Rock Polish|p2a: Groudon\n|-boost|p2a: Groudon|spe|2\n|\n|-weather|DesolateLand|[upkeep]\n|upkeep\n|turn|16\n|\n|t:|1698531558\n|move|p2a: Groudon|Heat Crash|p1a: DIVINE LINK\n|-damage|p1a: DIVINE LINK|0 fnt\n|faint|p1a: DIVINE LINK\n|\n|-weather|DesolateLand|[upkeep]\n|upkeep\n|\n|t:|1698531560\n|switch|p1a: SEVERED|Yveltal|100\/100\n|-damage|p1a: SEVERED|76\/100|[from] Stealth Rock\n|-ability|p1a: SEVERED|Dark Aura\n|turn|17\n|j| Ds_Moon\n|\n|t:|1698531568\n|-terastallize|p1a: SEVERED|Dark\n|move|p1a: SEVERED|Sucker Punch|p2a: Groudon\n|-crit|p2a: Groudon\n|-damage|p2a: Groudon|0 fnt\n|faint|p2a: Groudon\n|-weather|none\n|\n|upkeep\n|\n|t:|1698531578\n|switch|p2a: Arceus|Arceus, tera:Normal|91\/100\n|turn|18\n|\n|t:|1698531583\n|switch|p1a: Whitey|Necrozma-Dusk-Mane|100\/100\n|-damage|p1a: Whitey|94\/100|[from] Stealth Rock\n|move|p2a: Arceus|Extreme Speed|p1a: Whitey\n|-resisted|p1a: Whitey\n|-damage|p1a: Whitey|71\/100\n|-damage|p2a: Arceus|81\/100|[from] item: Life Orb\n|\n|-heal|p1a: Whitey|77\/100|[from] item: Leftovers\n|upkeep\n|turn|19\n|\n|t:|1698531597\n|switch|p2a: Kyogre|Kyogre-Primal|100\/100\n|-weather|PrimordialSea|[from] ability: Primordial Sea|[of] p2a: Kyogre\n|move|p1a: Whitey|Sunsteel Strike|p2a: Kyogre\n|-resisted|p2a: Kyogre\n|-damage|p2a: Kyogre|78\/100\n|\n|-weather|PrimordialSea|[upkeep]\n|-heal|p1a: Whitey|83\/100|[from] item: Leftovers\n|upkeep\n|turn|20\n|\n|t:|1698531610\n|move|p2a: Kyogre|Water Spout|p1a: Whitey\n|-damage|p1a: Whitey|0 fnt\n|faint|p1a: Whitey\n|\n|-weather|PrimordialSea|[upkeep]\n|upkeep\n|\n|t:|1698531613\n|switch|p1a: SEVERED|Yveltal, tera:Dark|76\/100\n|-damage|p1a: SEVERED|63\/100|[from] Stealth Rock\n|-ability|p1a: SEVERED|Dark Aura\n|turn|21\n|\n|t:|1698531621\n|move|p1a: SEVERED|Knock Off|p2a: Kyogre\n|-damage|p2a: Kyogre|13\/100\n|move|p2a: Kyogre|Scald|p1a: SEVERED\n|-damage|p1a: SEVERED|0 fnt\n|faint|p1a: SEVERED\n|\n|win|85792195wwww\n|raw|Slender235's rating: 1478 &rarr; <strong>1473<\/strong><br \/>(-5 for losing)\n|raw|85792195wwww's rating: 1826 &rarr; <strong>1831<\/strong><br \/>(+5 for winning)\n|l|\u2606Slender235\n|j|\u2606Slender235\n|player|p1|Slender235|steven-gen6\n","uploadtime":1698531630,"views":5,"p1id":"slender235","p2id":"85792195wwww","formatid":"gen9nationaldexubers","rating":1473,"private":0,"password":""}