{"id":"gen9nationaldexubers-1983305469","p1":"Quarters_OU","p2":"aenont","format":"[Gen 9] National Dex Ubers","log":"|j|\u2606Quarters_OU\n|j|\u2606aenont\n|t:|1699116310\n|gametype|singles\n|player|p1|Quarters_OU|caitlin|\n|player|p2|aenont|266|\n|teamsize|p1|6\n|teamsize|p2|6\n|gen|9\n|tier|[Gen 9] National Dex Ubers\n|rule|HP Percentage Mod: HP is shown in percentages\n|rule|Endless Battle Clause: Forcing endless battles is banned\n|rule|OHKO Clause: OHKO moves are banned\n|rule|Evasion Moves Clause: Evasion moves are banned\n|rule|Evasion Items Clause: Evasion items are banned\n|rule|Species Clause: Limit one of each Pok\u00e9mon\n|rule|Sleep Clause Mod: Limit one foe put to sleep\n|rule|Mega Rayquaza Clause: You cannot mega evolve Rayquaza\n|clearpoke\n|poke|p1|Roaring Moon|\n|poke|p1|Ninetales-Alola, M|\n|poke|p1|Volcarona, M|\n|poke|p1|Clodsire, F|\n|poke|p1|Scizor, F|\n|poke|p1|Rotom-Wash|\n|poke|p2|Volbeat, M|\n|poke|p2|Drifblim, M|\n|poke|p2|Scyther, F|\n|poke|p2|Porygon-Z|\n|poke|p2|Gigalith, M|\n|poke|p2|Houndstone, M|\n|teampreview\n|\n|t:|1699116328\n|start\n|switch|p1a: Ninetales|Ninetales-Alola, M|100\/100\n|switch|p2a: Volbeat|Volbeat, M, shiny|100\/100\n|-weather|Snow|[from] ability: Snow Warning|[of] p1a: Ninetales\n|turn|1\n|\n|t:|1699116336\n|move|p1a: Ninetales|Hypnosis|p2a: Volbeat\n|-status|p2a: Volbeat|slp|[from] move: Hypnosis\n|cant|p2a: Volbeat|slp\n|\n|-weather|Snow|[upkeep]\n|upkeep\n|turn|2\n|\n|t:|1699116339\n|move|p1a: Ninetales|Aurora Veil|p1a: Ninetales\n|-sidestart|p1: Quarters_OU|move: Aurora Veil\n|-curestatus|p2a: Volbeat|slp|[msg]\n|move|p2a: Volbeat|Infestation|p1a: Ninetales\n|-resisted|p1a: Ninetales\n|-damage|p1a: Ninetales|99\/100\n|-activate|p1a: Ninetales|move: Infestation|[of] p2a: Volbeat\n|\n|-weather|Snow|[upkeep]\n|-damage|p1a: Ninetales|87\/100|[from] move: Infestation|[partiallytrapped]\n|upkeep\n|turn|3\n|\n|t:|1699116344\n|move|p2a: Volbeat|Substitute|p2a: Volbeat\n|-start|p2a: Volbeat|Substitute\n|-damage|p2a: Volbeat|76\/100\n|move|p1a: Ninetales|Blizzard|p2a: Volbeat\n|-end|p2a: Volbeat|Substitute\n|\n|-weather|Snow|[upkeep]\n|-heal|p2a: Volbeat|82\/100|[from] item: Leftovers\n|-damage|p1a: Ninetales|75\/100|[from] move: Infestation|[partiallytrapped]\n|upkeep\n|turn|4\n|\n|t:|1699116350\n|move|p2a: Volbeat|Protect|p2a: Volbeat\n|-singleturn|p2a: Volbeat|Protect\n|move|p1a: Ninetales|Blizzard|p2a: Volbeat\n|-activate|p2a: Volbeat|move: Protect\n|\n|-weather|Snow|[upkeep]\n|-heal|p2a: Volbeat|88\/100|[from] item: Leftovers\n|-damage|p1a: Ninetales|63\/100|[from] move: Infestation|[partiallytrapped]\n|upkeep\n|turn|5\n|\n|t:|1699116357\n|move|p2a: Volbeat|Substitute|p2a: Volbeat\n|-start|p2a: Volbeat|Substitute\n|-damage|p2a: Volbeat|63\/100\n|move|p1a: Ninetales|Blizzard|p2a: Volbeat\n|-end|p2a: Volbeat|Substitute\n|\n|-weather|none\n|-heal|p2a: Volbeat|69\/100|[from] item: Leftovers\n|-damage|p1a: Ninetales|51\/100|[from] move: Infestation|[partiallytrapped]\n|upkeep\n|turn|6\n|\n|t:|1699116364\n|move|p2a: Volbeat|Protect|p2a: Volbeat\n|-singleturn|p2a: Volbeat|Protect\n|move|p1a: Ninetales|Blizzard|p2a: Volbeat\n|-activate|p2a: Volbeat|move: Protect\n|\n|-heal|p2a: Volbeat|75\/100|[from] item: Leftovers\n|-end|p1a: Ninetales|Infestation|[partiallytrapped]\n|upkeep\n|turn|7\n|\n|t:|1699116368\n|move|p2a: Volbeat|Substitute|p2a: Volbeat\n|-start|p2a: Volbeat|Substitute\n|-damage|p2a: Volbeat|50\/100\n|move|p1a: Ninetales|Hypnosis|p2a: Volbeat|[miss]\n|-miss|p1a: Ninetales|p2a: Volbeat\n|\n|-heal|p2a: Volbeat|56\/100|[from] item: Leftovers\n|upkeep\n|turn|8\n|\n|t:|1699116371\n|move|p1a: Ninetales|Blizzard|p2a: Volbeat|[miss]\n|-miss|p1a: Ninetales|p2a: Volbeat\n|move|p2a: Volbeat|Infestation|p1a: Ninetales\n|-resisted|p1a: Ninetales\n|-damage|p1a: Ninetales|50\/100\n|-activate|p1a: Ninetales|move: Infestation|[of] p2a: Volbeat\n|\n|-heal|p2a: Volbeat|62\/100|[from] item: Leftovers\n|-damage|p1a: Ninetales|37\/100|[from] move: Infestation|[partiallytrapped]\n|upkeep\n|turn|9\n|\n|t:|1699116376\n|move|p2a: Volbeat|Protect|p2a: Volbeat\n|-singleturn|p2a: Volbeat|Protect\n|move|p1a: Ninetales|Blizzard|p2a: Volbeat\n|-activate|p2a: Volbeat|move: Protect\n|\n|-heal|p2a: Volbeat|68\/100|[from] item: Leftovers\n|-damage|p1a: Ninetales|25\/100|[from] move: Infestation|[partiallytrapped]\n|-sideend|p1: Quarters_OU|move: Aurora Veil\n|upkeep\n|turn|10\n|\n|t:|1699116382\n|move|p2a: Volbeat|Toxic|p1a: Ninetales\n|-status|p1a: Ninetales|tox\n|move|p1a: Ninetales|Moonblast|p2a: Volbeat\n|-end|p2a: Volbeat|Substitute\n|\n|-heal|p2a: Volbeat|74\/100|[from] item: Leftovers\n|-damage|p1a: Ninetales|19\/100 tox|[from] psn\n|-damage|p1a: Ninetales|7\/100 tox|[from] move: Infestation|[partiallytrapped]\n|upkeep\n|turn|11\n|\n|t:|1699116386\n|move|p2a: Volbeat|Protect|p2a: Volbeat\n|-singleturn|p2a: Volbeat|Protect\n|move|p1a: Ninetales|Blizzard|p2a: Volbeat\n|-activate|p2a: Volbeat|move: Protect\n|\n|-heal|p2a: Volbeat|80\/100|[from] item: Leftovers\n|-damage|p1a: Ninetales|0 fnt|[from] psn\n|faint|p1a: Ninetales\n|upkeep\n|c|\u2606Quarters_OU|Lc\n|c|\u2606Quarters_OU|Ic\n|c|\u2606Quarters_OU|Prankster\n|\n|t:|1699116410\n|switch|p1a: Scizor|Scizor, F|100\/100\n|turn|12\n|\n|t:|1699116417\n|detailschange|p1a: Scizor|Scizor-Mega, F\n|-mega|p1a: Scizor|Scizor|Scizorite\n|move|p2a: Volbeat|Protect||[still]\n|-fail|p2a: Volbeat\n|move|p1a: Scizor|Swords Dance|p1a: Scizor\n|-boost|p1a: Scizor|atk|2\n|\n|-heal|p2a: Volbeat|86\/100|[from] item: Leftovers\n|upkeep\n|turn|13\n|c|\u2606aenont|Hmm\n|\n|t:|1699116438\n|switch|p2a: Drifblim|Drifblim, M|100\/100\n|move|p1a: Scizor|Swords Dance|p1a: Scizor\n|-boost|p1a: Scizor|atk|2\n|-enditem|p2a: Drifblim|Mirror Herb\n|-boost|p2a: Drifblim|atk|2|[from] item: Mirror Herb\n|\n|upkeep\n|turn|14\n|\n|t:|1699116449\n|move|p1a: Scizor|Bullet Punch|p2a: Drifblim\n|-damage|p2a: Drifblim|0 fnt\n|faint|p2a: Drifblim\n|\n|upkeep\n|\n|t:|1699116459\n|switch|p2a: Scyther|Scyther, F|100\/100\n|turn|15\n|\n|t:|1699116462\n|move|p1a: Scizor|Bullet Punch|p2a: Scyther\n|-damage|p2a: Scyther|0 fnt\n|faint|p2a: Scyther\n|\n|upkeep\n|\n|t:|1699116467\n|switch|p2a: Porygon-Z|Porygon-Z, shiny|100\/100\n|turn|16\n|\n|t:|1699116473\n|move|p1a: Scizor|Bullet Punch|p2a: Porygon-Z\n|-damage|p2a: Porygon-Z|0 fnt\n|faint|p2a: Porygon-Z\n|\n|upkeep\n|\n|t:|1699116476\n|switch|p2a: Gigalith|Gigalith, M|100\/100\n|-weather|Sandstorm|[from] ability: Sand Stream|[of] p2a: Gigalith\n|turn|17\n|\n|t:|1699116479\n|move|p1a: Scizor|Bullet Punch|p2a: Gigalith\n|-supereffective|p2a: Gigalith\n|-damage|p2a: Gigalith|0 fnt\n|faint|p2a: Gigalith\n|\n|-weather|Sandstorm|[upkeep]\n|upkeep\n|c|\u2606aenont|Damn thats crasy\n|\n|t:|1699116488\n|switch|p2a: Houndstone|Houndstone, M|100\/100\n|turn|18\n|\n|t:|1699116491\n|-terastallize|p2a: Houndstone|Ghost\n|move|p1a: Scizor|Bullet Punch|p2a: Houndstone\n|-damage|p2a: Houndstone|0 fnt\n|faint|p2a: Houndstone\n|\n|-weather|Sandstorm|[upkeep]\n|upkeep\n|\n|t:|1699116495\n|switch|p2a: Volbeat|Volbeat, M, shiny|86\/100\n|turn|19\n|\n|t:|1699116500\n|move|p2a: Volbeat|Protect|p2a: Volbeat\n|-singleturn|p2a: Volbeat|Protect\n|move|p1a: Scizor|Bullet Punch|p2a: Volbeat\n|-activate|p2a: Volbeat|move: Protect\n|\n|-weather|Sandstorm|[upkeep]\n|-damage|p2a: Volbeat|80\/100|[from] Sandstorm\n|-heal|p2a: Volbeat|86\/100|[from] item: Leftovers\n|upkeep\n|turn|20\n|c|\u2606aenont|Gg lmao\n|\n|t:|1699116507\n|move|p2a: Volbeat|Substitute|p2a: Volbeat\n|-start|p2a: Volbeat|Substitute\n|-damage|p2a: Volbeat|61\/100\n|move|p1a: Scizor|Bullet Punch|p2a: Volbeat\n|-end|p2a: Volbeat|Substitute\n|\n|-weather|Sandstorm|[upkeep]\n|-damage|p2a: Volbeat|55\/100|[from] Sandstorm\n|-heal|p2a: Volbeat|61\/100|[from] item: Leftovers\n|upkeep\n|turn|21\n|\n|t:|1699116511\n|move|p1a: Scizor|Bullet Punch|p2a: Volbeat\n|-damage|p2a: Volbeat|0 fnt\n|faint|p2a: Volbeat\n|\n|win|Quarters_OU\n","uploadtime":1699116517,"views":9,"p1id":"quartersou","p2id":"aenont","formatid":"gen9nationaldexubers","rating":0,"private":0,"password":""}