{"id":"gen9nationaldexubers-1995037566","p1":"GhostlyGymBro","p2":"PHANTOM-MODE\ufe0f\u26a7\ufe0f","format":"[Gen 9] National Dex Ubers","log":"|j|\u2606GhostlyGymBro\n|j|\u2606PHANTOM-MODE\ufe0f\u26a7\ufe0f\n|t:|1700515860\n|gametype|singles\n|player|p1|GhostlyGymBro|rocketgrunt|1051\n|player|p2|PHANTOM-MODE\ufe0f\u26a7\ufe0f|hexmaniac-gen6|1118\n|teamsize|p1|6\n|teamsize|p2|6\n|gen|9\n|tier|[Gen 9] National Dex Ubers\n|rated|\n|rule|HP Percentage Mod: HP is shown in percentages\n|rule|Endless Battle Clause: Forcing endless battles is banned\n|rule|OHKO Clause: OHKO moves are banned\n|rule|Evasion Moves Clause: Evasion moves are banned\n|rule|Evasion Items Clause: Evasion items are banned\n|rule|Species Clause: Limit one of each Pok\u00e9mon\n|rule|Sleep Clause Mod: Limit one foe put to sleep\n|rule|Mega Rayquaza Clause: You cannot mega evolve Rayquaza\n|clearpoke\n|poke|p1|Ogerpon-Cornerstone, F|\n|poke|p1|Darkrai|\n|poke|p1|Gengar, M|\n|poke|p1|Annihilape, M|\n|poke|p1|Cetitan, M|\n|poke|p1|Abomasnow, M|\n|poke|p2|Zoroark-Hisui, F|\n|poke|p2|Banette, M|\n|poke|p2|Basculegion, M|\n|poke|p2|Mismagius, F|\n|poke|p2|Arceus-Ghost|\n|poke|p2|Lunala|\n|teampreview\n|\n|t:|1700515876\n|start\n|switch|p1a: Darkrai|Darkrai|100\/100\n|switch|p2a: \ud83c\ude33\ufe0fMISMAGUIS\ud83c\ude33\ufe0f\ud83d\udc80|Mismagius, F|100\/100\n|turn|1\n|\n|t:|1700515886\n|move|p1a: Darkrai|Dark Pulse|p2a: \ud83c\ude33\ufe0fMISMAGUIS\ud83c\ude33\ufe0f\ud83d\udc80\n|-supereffective|p2a: \ud83c\ude33\ufe0fMISMAGUIS\ud83c\ude33\ufe0f\ud83d\udc80\n|-damage|p2a: \ud83c\ude33\ufe0fMISMAGUIS\ud83c\ude33\ufe0f\ud83d\udc80|0 fnt\n|faint|p2a: \ud83c\ude33\ufe0fMISMAGUIS\ud83c\ude33\ufe0f\ud83d\udc80\n|\n|upkeep\n|\n|t:|1700515893\n|switch|p2a: \ud83c\ude33\ufe0f\ud83d\udc80BANETTE\ud83d\udc80\ud83c\ude33\ufe0f|Banette, M, shiny|100\/100\n|turn|2\n|\n|t:|1700515900\n|detailschange|p2a: \ud83c\ude33\ufe0f\ud83d\udc80BANETTE\ud83d\udc80\ud83c\ude33\ufe0f|Banette-Mega, M, shiny\n|-mega|p2a: \ud83c\ude33\ufe0f\ud83d\udc80BANETTE\ud83d\udc80\ud83c\ude33\ufe0f|Banette|Banettite\n|move|p2a: \ud83c\ude33\ufe0f\ud83d\udc80BANETTE\ud83d\udc80\ud83c\ude33\ufe0f|Destiny Bond|p2a: \ud83c\ude33\ufe0f\ud83d\udc80BANETTE\ud83d\udc80\ud83c\ude33\ufe0f\n|-singlemove|p2a: \ud83c\ude33\ufe0f\ud83d\udc80BANETTE\ud83d\udc80\ud83c\ude33\ufe0f|Destiny Bond\n|move|p1a: Darkrai|Dark Pulse|p2a: \ud83c\ude33\ufe0f\ud83d\udc80BANETTE\ud83d\udc80\ud83c\ude33\ufe0f\n|-supereffective|p2a: \ud83c\ude33\ufe0f\ud83d\udc80BANETTE\ud83d\udc80\ud83c\ude33\ufe0f\n|-damage|p2a: \ud83c\ude33\ufe0f\ud83d\udc80BANETTE\ud83d\udc80\ud83c\ude33\ufe0f|0 fnt\n|faint|p2a: \ud83c\ude33\ufe0f\ud83d\udc80BANETTE\ud83d\udc80\ud83c\ude33\ufe0f\n|-activate|p2a: \ud83c\ude33\ufe0f\ud83d\udc80BANETTE\ud83d\udc80\ud83c\ude33\ufe0f|move: Destiny Bond\n|faint|p1a: Darkrai\n|\n|upkeep\n|\n|t:|1700515919\n|switch|p1a: Abomasnow|Abomasnow, M|100\/100\n|switch|p2a: \ud83c\ude33\ufe0f\ud83d\udd2eLUNALA\ud83d\udd2e\u2638\ufe0f|Lunala|100\/100\n|-weather|Snow|[from] ability: Snow Warning|[of] p1a: Abomasnow\n|turn|3\n|\n|t:|1700515932\n|-zpower|p2a: \ud83c\ude33\ufe0f\ud83d\udd2eLUNALA\ud83d\udd2e\u2638\ufe0f\n|move|p2a: \ud83c\ude33\ufe0f\ud83d\udd2eLUNALA\ud83d\udd2e\u2638\ufe0f|Menacing Moonraze Maelstrom|p1a: Abomasnow|[zeffect]\n|-damage|p1a: Abomasnow|0 fnt\n|faint|p1a: Abomasnow\n|\n|-weather|Snow|[upkeep]\n|upkeep\n|\n|t:|1700515942\n|switch|p1a: Gengar|Gengar, M, shiny|100\/100\n|turn|4\n|\n|t:|1700515947\n|move|p1a: Gengar|Shadow Ball|p2a: \ud83c\ude33\ufe0f\ud83d\udd2eLUNALA\ud83d\udd2e\u2638\ufe0f\n|-supereffective|p2a: \ud83c\ude33\ufe0f\ud83d\udd2eLUNALA\ud83d\udd2e\u2638\ufe0f\n|-damage|p2a: \ud83c\ude33\ufe0f\ud83d\udd2eLUNALA\ud83d\udd2e\u2638\ufe0f|14\/100\n|-damage|p1a: Gengar|91\/100|[from] item: Life Orb\n|move|p2a: \ud83c\ude33\ufe0f\ud83d\udd2eLUNALA\ud83d\udd2e\u2638\ufe0f|Moongeist Beam|p1a: Gengar\n|-supereffective|p1a: Gengar\n|-damage|p1a: Gengar|0 fnt\n|faint|p1a: Gengar\n|\n|-weather|Snow|[upkeep]\n|upkeep\n|\n|t:|1700515960\n|switch|p1a: Cetitan|Cetitan, M, shiny|100\/100\n|turn|5\n|\n|t:|1700515970\n|move|p1a: Cetitan|Icicle Crash|p2a: \ud83c\ude33\ufe0f\ud83d\udd2eLUNALA\ud83d\udd2e\u2638\ufe0f\n|-damage|p2a: \ud83c\ude33\ufe0f\ud83d\udd2eLUNALA\ud83d\udd2e\u2638\ufe0f|0 fnt\n|faint|p2a: \ud83c\ude33\ufe0f\ud83d\udd2eLUNALA\ud83d\udd2e\u2638\ufe0f\n|\n|-weather|Snow|[upkeep]\n|upkeep\n|\n|t:|1700515983\n|switch|p2a: \ud83c\ude33\ufe0fBASCULEGION\ud83c\ude33\ufe0f|Basculegion, M, shiny|100\/100\n|turn|6\n|\n|t:|1700516003\n|move|p1a: Cetitan|Icicle Crash|p2a: \ud83c\ude33\ufe0fBASCULEGION\ud83c\ude33\ufe0f\n|-damage|p2a: \ud83c\ude33\ufe0fBASCULEGION\ud83c\ude33\ufe0f|27\/100\n|replace|p2a: \ud83c\ude33\ufe0f\ud83d\udc80ZOROARK\ud83d\udc80\ud83c\ude33\ufe0f|Zoroark-Hisui, F, shiny\n|-end|p2a: \ud83c\ude33\ufe0f\ud83d\udc80ZOROARK\ud83d\udc80\ud83c\ude33\ufe0f|Illusion\n|move|p2a: \ud83c\ude33\ufe0f\ud83d\udc80ZOROARK\ud83d\udc80\ud83c\ude33\ufe0f|Bitter Malice|p1a: Cetitan\n|-damage|p1a: Cetitan|61\/100\n|-unboost|p1a: Cetitan|atk|1\n|\n|-weather|Snow|[upkeep]\n|upkeep\n|turn|7\n|\n|t:|1700516019\n|move|p1a: Cetitan|Icicle Crash|p2a: \ud83c\ude33\ufe0f\ud83d\udc80ZOROARK\ud83d\udc80\ud83c\ude33\ufe0f\n|-damage|p2a: \ud83c\ude33\ufe0f\ud83d\udc80ZOROARK\ud83d\udc80\ud83c\ude33\ufe0f|0 fnt\n|faint|p2a: \ud83c\ude33\ufe0f\ud83d\udc80ZOROARK\ud83d\udc80\ud83c\ude33\ufe0f\n|\n|-weather|Snow|[upkeep]\n|upkeep\n|\n|t:|1700516031\n|switch|p2a: \ud83c\ude33\ufe0fBASCULEGION\ud83c\ude33\ufe0f|Basculegion, M, shiny|100\/100\n|turn|8\n|\n|t:|1700516037\n|move|p1a: Cetitan|Icicle Crash|p2a: \ud83c\ude33\ufe0fBASCULEGION\ud83c\ude33\ufe0f\n|-resisted|p2a: \ud83c\ude33\ufe0fBASCULEGION\ud83c\ude33\ufe0f\n|-damage|p2a: \ud83c\ude33\ufe0fBASCULEGION\ud83c\ude33\ufe0f|85\/100\n|cant|p2a: \ud83c\ude33\ufe0fBASCULEGION\ud83c\ude33\ufe0f|flinch\n|\n|-weather|Snow|[upkeep]\n|upkeep\n|turn|9\n|\n|t:|1700516075\n|switch|p1a: Ogerpon|Ogerpon-Cornerstone, F|100\/100\n|move|p2a: \ud83c\ude33\ufe0fBASCULEGION\ud83c\ude33\ufe0f|Agility|p2a: \ud83c\ude33\ufe0fBASCULEGION\ud83c\ude33\ufe0f\n|-boost|p2a: \ud83c\ude33\ufe0fBASCULEGION\ud83c\ude33\ufe0f|spe|2\n|\n|-weather|Snow|[upkeep]\n|upkeep\n|turn|10\n|\n|t:|1700516087\n|-terastallize|p2a: \ud83c\ude33\ufe0fBASCULEGION\ud83c\ude33\ufe0f|Ghost\n|move|p2a: \ud83c\ude33\ufe0fBASCULEGION\ud83c\ude33\ufe0f|Last Respects|p1a: Ogerpon\n|-ability|p1a: Ogerpon|Sturdy\n|-damage|p1a: Ogerpon|1\/100\n|move|p1a: Ogerpon|Horn Leech|p2a: \ud83c\ude33\ufe0fBASCULEGION\ud83c\ude33\ufe0f\n|-damage|p2a: \ud83c\ude33\ufe0fBASCULEGION\ud83c\ude33\ufe0f|22\/100\n|-heal|p1a: Ogerpon|40\/100|[from] drain|[of] p2a: \ud83c\ude33\ufe0fBASCULEGION\ud83c\ude33\ufe0f\n|\n|-weather|none\n|upkeep\n|turn|11\n|\n|t:|1700516115\n|-terastallize|p1a: Ogerpon|Rock\n|detailschange|p1a: Ogerpon|Ogerpon-Cornerstone-Tera, F, tera:Rock\n|-ability|p1a: Ogerpon|Embody Aspect (Cornerstone)|boost\n|-boost|p1a: Ogerpon|def|1\n|move|p1a: Ogerpon|Quick Attack|p2a: \ud83c\ude33\ufe0fBASCULEGION\ud83c\ude33\ufe0f\n|-immune|p2a: \ud83c\ude33\ufe0fBASCULEGION\ud83c\ude33\ufe0f\n|move|p2a: \ud83c\ude33\ufe0fBASCULEGION\ud83c\ude33\ufe0f|Last Respects|p1a: Ogerpon\n|-damage|p1a: Ogerpon|0 fnt\n|faint|p1a: Ogerpon\n|\n|upkeep\n|\n|t:|1700516135\n|switch|p1a: Annihilape|Annihilape, M, shiny|100\/100\n|turn|12\n|\n|t:|1700516144\n|move|p2a: \ud83c\ude33\ufe0fBASCULEGION\ud83c\ude33\ufe0f|Last Respects|p1a: Annihilape\n|-supereffective|p1a: Annihilape\n|-damage|p1a: Annihilape|0 fnt\n|faint|p1a: Annihilape\n|\n|upkeep\n|\n|t:|1700516149\n|switch|p1a: Cetitan|Cetitan, M, shiny|61\/100\n|turn|13\n|\n|t:|1700516162\n|move|p2a: \ud83c\ude33\ufe0fBASCULEGION\ud83c\ude33\ufe0f|Last Respects|p1a: Cetitan\n|-damage|p1a: Cetitan|0 fnt\n|faint|p1a: Cetitan\n|\n|win|PHANTOM-MODE\ufe0f\u26a7\ufe0f\n|raw|GhostlyGymBro's rating: 1051 &rarr; <strong>1037<\/strong><br \/>(-14 for losing)\n|raw|PHANTOM-MODE\ufe0f\u26a7\ufe0f's rating: 1118 &rarr; <strong>1138<\/strong><br \/>(+20 for winning)\n|l|\u2606GhostlyGymBro\n","uploadtime":1700516363,"views":12,"p1id":"ghostlygymbro","p2id":"phantommode","formatid":"gen9nationaldexubers","rating":1037,"private":0,"password":""}