{"id":"gen9nationaldexubers-1986211056","p1":"kirbozoooooooo","p2":"FLOWER-M0DE\u267b\ufe0f","format":"[Gen 9] National Dex Ubers","log":"|j|\u2606kirbozoooooooo\n|j|\u2606FLOWER-M0DE\u267b\ufe0f\n|t:|1699460178\n|gametype|singles\n|player|p1|kirbozoooooooo|steven|1118\n|player|p2|FLOWER-M0DE\u267b\ufe0f|erika-masters|1000\n|teamsize|p1|6\n|teamsize|p2|6\n|gen|9\n|tier|[Gen 9] National Dex Ubers\n|rated|\n|rule|HP Percentage Mod: HP is shown in percentages\n|rule|Endless Battle Clause: Forcing endless battles is banned\n|rule|OHKO Clause: OHKO moves are banned\n|rule|Evasion Moves Clause: Evasion moves are banned\n|rule|Evasion Items Clause: Evasion items are banned\n|rule|Species Clause: Limit one of each Pok\u00e9mon\n|rule|Sleep Clause Mod: Limit one foe put to sleep\n|rule|Mega Rayquaza Clause: You cannot mega evolve Rayquaza\n|clearpoke\n|poke|p1|Regieleki|\n|poke|p1|Garchomp, M|\n|poke|p1|Blaziken, F|\n|poke|p1|Groudon|\n|poke|p1|Melmetal|\n|poke|p1|Golurk|\n|poke|p2|Whimsicott, F|\n|poke|p2|Celebi|\n|poke|p2|Serperior, M|\n|poke|p2|Rillaboom, M|\n|poke|p2|Torterra, M|\n|poke|p2|Venusaur, M|\n|teampreview\n|inactive|Battle timer is ON: inactive players will automatically lose when time's up. (requested by kirbozoooooooo)\n|\n|t:|1699460187\n|start\n|switch|p1a: thecoolerblaziken|Blaziken, F, shiny|100\/100\n|switch|p2a: \u26f0\ufe0f\ud83c\udf33TORTERRA\ud83c\udf33\u26f0\ufe0f|Torterra, M, shiny|100\/100\n|turn|1\n|\n|t:|1699460196\n|detailschange|p1a: thecoolerblaziken|Blaziken-Mega, F, shiny\n|-mega|p1a: thecoolerblaziken|Blaziken|Blazikenite\n|move|p1a: thecoolerblaziken|Blaze Kick|p2a: \u26f0\ufe0f\ud83c\udf33TORTERRA\ud83c\udf33\u26f0\ufe0f\n|-supereffective|p2a: \u26f0\ufe0f\ud83c\udf33TORTERRA\ud83c\udf33\u26f0\ufe0f\n|-damage|p2a: \u26f0\ufe0f\ud83c\udf33TORTERRA\ud83c\udf33\u26f0\ufe0f|0 fnt\n|faint|p2a: \u26f0\ufe0f\ud83c\udf33TORTERRA\ud83c\udf33\u26f0\ufe0f\n|\n|-ability|p1a: thecoolerblaziken|Speed Boost|boost\n|-boost|p1a: thecoolerblaziken|spe|1\n|upkeep\n|\n|t:|1699460218\n|switch|p2a: \ud83c\udf3a\ud83c\udf43VENUSAUR\u2618\ufe0f\ud83c\udf40|Venusaur, M, shiny|100\/100\n|turn|2\n|c|\u2606kirbozoooooooo|my blaziken is cool\n|\n|t:|1699460229\n|detailschange|p2a: \ud83c\udf3a\ud83c\udf43VENUSAUR\u2618\ufe0f\ud83c\udf40|Venusaur-Mega, M, shiny\n|-mega|p2a: \ud83c\udf3a\ud83c\udf43VENUSAUR\u2618\ufe0f\ud83c\udf40|Venusaur|Venusaurite\n|move|p1a: thecoolerblaziken|Blaze Kick|p2a: \ud83c\udf3a\ud83c\udf43VENUSAUR\u2618\ufe0f\ud83c\udf40|[miss]\n|-miss|p1a: thecoolerblaziken|p2a: \ud83c\udf3a\ud83c\udf43VENUSAUR\u2618\ufe0f\ud83c\udf40\n|move|p2a: \ud83c\udf3a\ud83c\udf43VENUSAUR\u2618\ufe0f\ud83c\udf40|Giga Drain|p1a: thecoolerblaziken\n|-resisted|p1a: thecoolerblaziken\n|-damage|p1a: thecoolerblaziken|73\/100\n|\n|-ability|p1a: thecoolerblaziken|Speed Boost|boost\n|-boost|p1a: thecoolerblaziken|spe|1\n|upkeep\n|turn|3\n|\n|t:|1699460239\n|move|p1a: thecoolerblaziken|Blaze Kick|p2a: \ud83c\udf3a\ud83c\udf43VENUSAUR\u2618\ufe0f\ud83c\udf40\n|-supereffective|p2a: \ud83c\udf3a\ud83c\udf43VENUSAUR\u2618\ufe0f\ud83c\udf40\n|-damage|p2a: \ud83c\udf3a\ud83c\udf43VENUSAUR\u2618\ufe0f\ud83c\udf40|50\/100\n|move|p2a: \ud83c\udf3a\ud83c\udf43VENUSAUR\u2618\ufe0f\ud83c\udf40|Giga Drain|p1a: thecoolerblaziken\n|-resisted|p1a: thecoolerblaziken\n|-damage|p1a: thecoolerblaziken|46\/100\n|-heal|p2a: \ud83c\udf3a\ud83c\udf43VENUSAUR\u2618\ufe0f\ud83c\udf40|64\/100|[from] drain|[of] p1a: thecoolerblaziken\n|\n|-ability|p1a: thecoolerblaziken|Speed Boost|boost\n|-boost|p1a: thecoolerblaziken|spe|1\n|upkeep\n|turn|4\n|\n|t:|1699460254\n|move|p1a: thecoolerblaziken|Blast Burn|p2a: \ud83c\udf3a\ud83c\udf43VENUSAUR\u2618\ufe0f\ud83c\udf40\n|-supereffective|p2a: \ud83c\udf3a\ud83c\udf43VENUSAUR\u2618\ufe0f\ud83c\udf40\n|-damage|p2a: \ud83c\udf3a\ud83c\udf43VENUSAUR\u2618\ufe0f\ud83c\udf40|4\/100\n|-mustrecharge|p1a: thecoolerblaziken\n|move|p2a: \ud83c\udf3a\ud83c\udf43VENUSAUR\u2618\ufe0f\ud83c\udf40|Leaf Storm|p1a: thecoolerblaziken\n|-resisted|p1a: thecoolerblaziken\n|-damage|p1a: thecoolerblaziken|0 fnt\n|-unboost|p2a: \ud83c\udf3a\ud83c\udf43VENUSAUR\u2618\ufe0f\ud83c\udf40|spa|2\n|faint|p1a: thecoolerblaziken\n|\n|upkeep\n|\n|t:|1699460267\n|switch|p1a: firey boi Primal|Groudon, shiny|100\/100\n|detailschange|p1a: firey boi Primal|Groudon-Primal, shiny\n|-primal|p1a: firey boi Primal|Red Orb\n|-weather|DesolateLand|[from] ability: Desolate Land|[of] p1a: firey boi Primal\n|turn|5\n|\n|t:|1699460275\n|move|p1a: firey boi Primal|Eruption|p2a: \ud83c\udf3a\ud83c\udf43VENUSAUR\u2618\ufe0f\ud83c\udf40\n|-supereffective|p2a: \ud83c\udf3a\ud83c\udf43VENUSAUR\u2618\ufe0f\ud83c\udf40\n|-damage|p2a: \ud83c\udf3a\ud83c\udf43VENUSAUR\u2618\ufe0f\ud83c\udf40|0 fnt\n|faint|p2a: \ud83c\udf3a\ud83c\udf43VENUSAUR\u2618\ufe0f\ud83c\udf40\n|\n|-weather|DesolateLand|[upkeep]\n|upkeep\n|\n|t:|1699460284\n|switch|p2a: \ud83d\udc90APRIL' FOOL'S\u2618\ufe0f|Whimsicott, F|100\/100\n|turn|6\n|inactive|kirbozoooooooo has 120 seconds left.\n|inactive|kirbozoooooooo has 90 seconds left.\n|inactive|kirbozoooooooo has 60 seconds left.\n|\n|t:|1699460380\n|move|p2a: \ud83d\udc90APRIL' FOOL'S\u2618\ufe0f|Solar Beam||[still]\n|-prepare|p2a: \ud83d\udc90APRIL' FOOL'S\u2618\ufe0f|Solar Beam\n|-anim|p2a: \ud83d\udc90APRIL' FOOL'S\u2618\ufe0f|Solar Beam|p1a: firey boi Primal\n|-damage|p1a: firey boi Primal|50\/100\n|move|p1a: firey boi Primal|Eruption|p2a: \ud83d\udc90APRIL' FOOL'S\u2618\ufe0f\n|-supereffective|p2a: \ud83d\udc90APRIL' FOOL'S\u2618\ufe0f\n|-damage|p2a: \ud83d\udc90APRIL' FOOL'S\u2618\ufe0f|0 fnt\n|faint|p2a: \ud83d\udc90APRIL' FOOL'S\u2618\ufe0f\n|\n|-weather|DesolateLand|[upkeep]\n|upkeep\n|\n|t:|1699460392\n|switch|p2a: \ud83c\udf40\ud83c\udf3fRILLABOOM\ud83c\udf3f\ud83c\udf40|Rillaboom, M, shiny|100\/100\n|-fieldstart|move: Grassy Terrain|[from] ability: Grassy Surge|[of] p2a: \ud83c\udf40\ud83c\udf3fRILLABOOM\ud83c\udf3f\ud83c\udf40\n|turn|7\n|\n|t:|1699460401\n|move|p1a: firey boi Primal|Eruption|p2a: \ud83c\udf40\ud83c\udf3fRILLABOOM\ud83c\udf3f\ud83c\udf40\n|-supereffective|p2a: \ud83c\udf40\ud83c\udf3fRILLABOOM\ud83c\udf3f\ud83c\udf40\n|-damage|p2a: \ud83c\udf40\ud83c\udf3fRILLABOOM\ud83c\udf3f\ud83c\udf40|0 fnt\n|faint|p2a: \ud83c\udf40\ud83c\udf3fRILLABOOM\ud83c\udf3f\ud83c\udf40\n|\n|-weather|DesolateLand|[upkeep]\n|-heal|p1a: firey boi Primal|56\/100|[from] Grassy Terrain\n|upkeep\n|\n|t:|1699460409\n|switch|p2a: \ud83c\udf3aSERPERIOR\ud83c\udf31|Serperior, M, shiny|100\/100\n|turn|8\n|\n|t:|1699460414\n|-terastallize|p2a: \ud83c\udf3aSERPERIOR\ud83c\udf31|Grass\n|move|p2a: \ud83c\udf3aSERPERIOR\ud83c\udf31|Leaf Storm|p1a: firey boi Primal\n|-damage|p1a: firey boi Primal|0 fnt\n|-boost|p2a: \ud83c\udf3aSERPERIOR\ud83c\udf31|spa|2\n|faint|p1a: firey boi Primal\n|-weather|none\n|\n|upkeep\n|\n|t:|1699460426\n|switch|p1a: Gar|Garchomp, M, shiny|100\/100\n|turn|9\n|\n|t:|1699460430\n|move|p2a: \ud83c\udf3aSERPERIOR\ud83c\udf31|Leaf Storm|p1a: Gar\n|-damage|p1a: Gar|0 fnt\n|-boost|p2a: \ud83c\udf3aSERPERIOR\ud83c\udf31|spa|2\n|faint|p1a: Gar\n|\n|upkeep\n|\n|t:|1699460437\n|switch|p1a: The rock|Golurk, shiny|100\/100\n|turn|10\n|inactive|kirbozoooooooo has 90 seconds left.\n|\n|t:|1699460445\n|-terastallize|p1a: The rock|Psychic\n|move|p2a: \ud83c\udf3aSERPERIOR\ud83c\udf31|Leaf Storm|p1a: The rock\n|-damage|p1a: The rock|0 fnt\n|-boost|p2a: \ud83c\udf3aSERPERIOR\ud83c\udf31|spa|2\n|faint|p1a: The rock\n|\n|upkeep\n|inactive|kirbozoooooooo has 90 seconds left.\n|\n|t:|1699460452\n|switch|p1a: metal boi|Melmetal|100\/100\n|turn|11\n|\n|t:|1699460457\n|move|p2a: \ud83c\udf3aSERPERIOR\ud83c\udf31|Leaf Storm|p1a: metal boi\n|-resisted|p1a: metal boi\n|-enditem|p1a: metal boi|Focus Sash\n|-damage|p1a: metal boi|1\/100\n|move|p1a: metal boi|Double Iron Bash|p2a: \ud83c\udf3aSERPERIOR\ud83c\udf31\n|-damage|p2a: \ud83c\udf3aSERPERIOR\ud83c\udf31|43\/100\n|-damage|p2a: \ud83c\udf3aSERPERIOR\ud83c\udf31|0 fnt\n|faint|p2a: \ud83c\udf3aSERPERIOR\ud83c\udf31\n|-hitcount|p2: \ud83c\udf3aSERPERIOR\ud83c\udf31|2\n|\n|-heal|p1a: metal boi|7\/100|[from] Grassy Terrain\n|upkeep\n|\n|t:|1699460469\n|switch|p2a: \ud83c\udf3a\ud83c\udf37CELEBI\ud83d\udc90\ud83c\udf38|Celebi|100\/100\n|turn|12\n|inactive|kirbozoooooooo has 90 seconds left.\n|\n|t:|1699460502\n|move|p2a: \ud83c\udf3a\ud83c\udf37CELEBI\ud83d\udc90\ud83c\udf38|Energy Ball|p1a: metal boi\n|-resisted|p1a: metal boi\n|-crit|p1a: metal boi\n|-damage|p1a: metal boi|0 fnt\n|faint|p1a: metal boi\n|\n|upkeep\n|\n|t:|1699460507\n|switch|p1a: got to go fast|Regieleki|100\/100\n|turn|13\n|\n|t:|1699460519\n|move|p1a: got to go fast|Thunderbolt|p2a: \ud83c\udf3a\ud83c\udf37CELEBI\ud83d\udc90\ud83c\udf38\n|-resisted|p2a: \ud83c\udf3a\ud83c\udf37CELEBI\ud83d\udc90\ud83c\udf38\n|-damage|p2a: \ud83c\udf3a\ud83c\udf37CELEBI\ud83d\udc90\ud83c\udf38|74\/100\n|-status|p2a: \ud83c\udf3a\ud83c\udf37CELEBI\ud83d\udc90\ud83c\udf38|par\n|move|p2a: \ud83c\udf3a\ud83c\udf37CELEBI\ud83d\udc90\ud83c\udf38|Leaf Storm|p1a: got to go fast\n|-enditem|p1a: got to go fast|Focus Sash\n|-damage|p1a: got to go fast|1\/100\n|-unboost|p2a: \ud83c\udf3a\ud83c\udf37CELEBI\ud83d\udc90\ud83c\udf38|spa|2\n|\n|-heal|p1a: got to go fast|7\/100|[from] Grassy Terrain\n|-heal|p2a: \ud83c\udf3a\ud83c\udf37CELEBI\ud83d\udc90\ud83c\udf38|80\/100 par|[from] Grassy Terrain\n|upkeep\n|turn|14\n|\n|t:|1699460534\n|move|p1a: got to go fast|Extreme Speed|p2a: \ud83c\udf3a\ud83c\udf37CELEBI\ud83d\udc90\ud83c\udf38\n|-damage|p2a: \ud83c\udf3a\ud83c\udf37CELEBI\ud83d\udc90\ud83c\udf38|61\/100 par\n|move|p2a: \ud83c\udf3a\ud83c\udf37CELEBI\ud83d\udc90\ud83c\udf38|Leaf Storm|p1a: got to go fast\n|-damage|p1a: got to go fast|0 fnt\n|-unboost|p2a: \ud83c\udf3a\ud83c\udf37CELEBI\ud83d\udc90\ud83c\udf38|spa|2\n|faint|p1a: got to go fast\n|\n|win|FLOWER-M0DE\u267b\ufe0f\n|raw|kirbozoooooooo's rating: 1118 &rarr; <strong>1085<\/strong><br \/>(-33 for losing)\n|raw|FLOWER-M0DE\u267b\ufe0f's rating: 1000 &rarr; <strong>1053<\/strong><br \/>(+53 for winning)\n|l|\u2606kirbozoooooooo\n","uploadtime":1699460558,"views":4,"p1id":"kirbozoooooooo","p2id":"flowerm0de","formatid":"gen9nationaldexubers","rating":1053,"private":0,"password":""}