{"id":"gen9nationaldexubers-1998797404","p1":"legospooder","p2":"Destinum","format":"[Gen 9] National Dex Ubers","log":"|j|\u2606legospooder\n|j|\u2606Destinum\n|t:|1700992948\n|gametype|singles\n|player|p1|legospooder|grimsley|\n|player|p2|Destinum|colress|\n|teamsize|p1|6\n|teamsize|p2|6\n|gen|9\n|tier|[Gen 9] National Dex Ubers\n|rule|HP Percentage Mod: HP is shown in percentages\n|rule|Endless Battle Clause: Forcing endless battles is banned\n|rule|OHKO Clause: OHKO moves are banned\n|rule|Evasion Moves Clause: Evasion moves are banned\n|rule|Evasion Items Clause: Evasion items are banned\n|rule|Species Clause: Limit one of each Pok\u00e9mon\n|rule|Sleep Clause Mod: Limit one foe put to sleep\n|rule|Mega Rayquaza Clause: You cannot mega evolve Rayquaza\n|clearpoke\n|poke|p1|Gliscor, F|\n|poke|p1|Ogerpon-Cornerstone, F|\n|poke|p1|Steelix, F|\n|poke|p1|Samurott-Hisui, F|\n|poke|p1|Hawlucha, F|\n|poke|p1|Kommo-o, F|\n|poke|p2|Ninetales-Alola, F|\n|poke|p2|Darmanitan-Galar, M|\n|poke|p2|Cetitan, M|\n|poke|p2|Piloswine, M|\n|poke|p2|Articuno|\n|poke|p2|Kyurem|\n|teampreview\n|c|\u2606legospooder|only 4 ice weak mons lmao\n|c|\u2606Destinum|Alright, the team's finally looking legal. :)\n|c|\u2606legospooder|lol\n|j| ArcticIzagi\n|\n|t:|1700992980\n|start\n|switch|p1a: Kj\u00e6r|Samurott-Hisui, F|100\/100\n|switch|p2a: I Choose Violence|Darmanitan-Galar, M|100\/100\n|turn|1\n|c|\u2606Destinum|Tera btw?\n|c|\u2606legospooder|why not\n|c|\u2606Destinum|Wat\n|c|\u2606Destinum|I'm asking who your Tera 'mon is.\n|c|\u2606legospooder|oh\n|c|\u2606legospooder|im dumb\n|c|\u2606legospooder|komooh\n|c|\u2606legospooder|tera normal\n|c|\u2606Destinum|Got it.\n|\n|t:|1700993086\n|move|p2a: I Choose Violence|U-turn|p1a: Kj\u00e6r\n|-supereffective|p1a: Kj\u00e6r\n|-damage|p1a: Kj\u00e6r|5\/100\n|c|\u2606Destinum|I can expect the booms to burst then.\n|\n|t:|1700993101\n|switch|p2a: The Godfeather|Articuno|100\/100|[from] U-turn\n|-ability|p2a: The Godfeather|Pressure\n|move|p1a: Kj\u00e6r|Knock Off|p2a: The Godfeather\n|-damage|p2a: The Godfeather|72\/100\n|-enditem|p2a: The Godfeather|Heavy-Duty Boots|[from] move: Knock Off|[of] p1a: Kj\u00e6r\n|\n|upkeep\n|turn|2\n|c|\u2606legospooder|the booms will indeed burst\n|\n|t:|1700993126\n|switch|p1a: Daramy|Ogerpon-Cornerstone, F|100\/100\n|move|p2a: The Godfeather|U-turn|p1a: Daramy\n|-supereffective|p1a: Daramy\n|-damage|p1a: Daramy|69\/100\n|\n|t:|1700993147\n|switch|p2a: I Choose Violence|Darmanitan-Galar, M|100\/100|[from] U-turn\n|\n|upkeep\n|turn|3\n|\n|t:|1700993152\n|switch|p1a: Kj\u00e6r|Samurott-Hisui, F|5\/100\n|move|p2a: I Choose Violence|U-turn|p1a: Kj\u00e6r\n|-supereffective|p1a: Kj\u00e6r\n|-damage|p1a: Kj\u00e6r|0 fnt\n|faint|p1a: Kj\u00e6r\n|\n|t:|1700993178\n|switch|p2a: Let It Go|Ninetales-Alola, F|100\/100|[from] U-turn\n|-weather|Snow|[from] ability: Snow Warning|[of] p2a: Let It Go\n|\n|-weather|Snow|[upkeep]\n|upkeep\n|\n|t:|1700993197\n|switch|p1a: Daramy|Ogerpon-Cornerstone, F|69\/100\n|turn|4\n|\n|t:|1700993204\n|switch|p2a: Chris P. Bacon|Piloswine, M|100\/100\n|move|p1a: Daramy|Ivy Cudgel|p2a: Chris P. Bacon|[anim] Ivy Cudgel Rock\n|-damage|p2a: Chris P. Bacon|75\/100\n|\n|-weather|Snow|[upkeep]\n|upkeep\n|turn|5\n|\n|t:|1700993222\n|switch|p1a: N\u00f8rgaard|Gliscor, F|100\/100\n|move|p2a: Chris P. Bacon|Stealth Rock|p1a: N\u00f8rgaard\n|-sidestart|p1: legospooder|move: Stealth Rock\n|\n|-weather|Snow|[upkeep]\n|upkeep\n|turn|6\n|\n|t:|1700993232\n|switch|p2a: A Madafaking T-Rex|Kyurem|100\/100\n|-ability|p2a: A Madafaking T-Rex|Pressure\n|move|p1a: N\u00f8rgaard|Knock Off|p2a: A Madafaking T-Rex\n|-damage|p2a: A Madafaking T-Rex|81\/100\n|-enditem|p2a: A Madafaking T-Rex|Choice Specs|[from] move: Knock Off|[of] p1a: N\u00f8rgaard\n|\n|-weather|Snow|[upkeep]\n|upkeep\n|turn|7\n|\n|t:|1700993245\n|move|p2a: A Madafaking T-Rex|Freeze-Dry|p1a: N\u00f8rgaard\n|-supereffective|p1a: N\u00f8rgaard\n|-enditem|p1a: N\u00f8rgaard|Focus Sash\n|-damage|p1a: N\u00f8rgaard|1\/100\n|move|p1a: N\u00f8rgaard|Brick Break|p2a: A Madafaking T-Rex\n|-supereffective|p2a: A Madafaking T-Rex\n|-damage|p2a: A Madafaking T-Rex|50\/100\n|\n|-weather|none\n|upkeep\n|turn|8\n|c|\u2606Destinum|Focus Sash Gliscor lol.\n|\n|t:|1700993257\n|move|p2a: A Madafaking T-Rex|Freeze-Dry|p1a: N\u00f8rgaard\n|-supereffective|p1a: N\u00f8rgaard\n|-damage|p1a: N\u00f8rgaard|0 fnt\n|faint|p1a: N\u00f8rgaard\n|\n|upkeep\n|c|\u2606Destinum|I guess it makes sense in this matchup though.\n|\n|t:|1700993295\n|switch|p1a: Daramy|Ogerpon-Cornerstone, F|69\/100\n|-damage|p1a: Daramy|56\/100|[from] Stealth Rock\n|turn|9\n|c|\u2606legospooder|no point in giving it healing\n|c|\u2606legospooder|when everything kills him\n|\n|t:|1700993361\n|switch|p2a: Chris P. Bacon|Piloswine, M|75\/100\n|move|p1a: Daramy|Ivy Cudgel|p2a: Chris P. Bacon|[anim] Ivy Cudgel Rock\n|-crit|p2a: Chris P. Bacon\n|-damage|p2a: Chris P. Bacon|16\/100\n|\n|upkeep\n|turn|10\n|c|\u2606legospooder|NIICE\n|\n|t:|1700993374\n|move|p2a: Chris P. Bacon|Ice Shard|p1a: Daramy\n|-supereffective|p1a: Daramy\n|-damage|p1a: Daramy|18\/100\n|move|p1a: Daramy|Ivy Cudgel|p2a: Chris P. Bacon|[anim] Ivy Cudgel Rock\n|-damage|p2a: Chris P. Bacon|0 fnt\n|faint|p2a: Chris P. Bacon\n|\n|upkeep\n|\n|t:|1700993383\n|switch|p2a: I Choose Violence|Darmanitan-Galar, M|100\/100\n|turn|11\n|\n|t:|1700993389\n|switch|p1a: Schmeichel|Steelix, F|100\/100\n|-damage|p1a: Schmeichel|97\/100|[from] Stealth Rock\n|move|p2a: I Choose Violence|U-turn|p1a: Schmeichel\n|-resisted|p1a: Schmeichel\n|-damage|p1a: Schmeichel|89\/100\n|\n|t:|1700993396\n|switch|p2a: A Madafaking T-Rex|Kyurem|50\/100|[from] U-turn\n|-ability|p2a: A Madafaking T-Rex|Pressure\n|\n|upkeep\n|turn|12\n|\n|t:|1700993406\n|detailschange|p1a: Schmeichel|Steelix-Mega, F\n|-mega|p1a: Schmeichel|Steelix|Steelixite\n|move|p2a: A Madafaking T-Rex|Earth Power|p1a: Schmeichel\n|-supereffective|p1a: Schmeichel\n|-damage|p1a: Schmeichel|21\/100\n|move|p1a: Schmeichel|Body Press|p2a: A Madafaking T-Rex\n|-supereffective|p2a: A Madafaking T-Rex\n|-damage|p2a: A Madafaking T-Rex|0 fnt\n|faint|p2a: A Madafaking T-Rex\n|\n|upkeep\n|c|\u2606legospooder|oh\n|\n|t:|1700993480\n|switch|p2a: Let It Go|Ninetales-Alola, F|100\/100\n|-weather|Snow|[from] ability: Snow Warning|[of] p2a: Let It Go\n|turn|13\n|\n|t:|1700993504\n|move|p2a: Let It Go|Freeze-Dry|p1a: Schmeichel\n|-damage|p1a: Schmeichel|0 fnt\n|faint|p1a: Schmeichel\n|\n|-weather|Snow|[upkeep]\n|upkeep\n|\n|t:|1700993517\n|switch|p1a: Daramy|Ogerpon-Cornerstone, F|18\/100\n|-damage|p1a: Daramy|6\/100|[from] Stealth Rock\n|turn|14\n|\n|t:|1700993555\n|switch|p2a: The Godfeather|Articuno|72\/100\n|-ability|p2a: The Godfeather|Pressure\n|move|p1a: Daramy|Ivy Cudgel|p2a: The Godfeather|[anim] Ivy Cudgel Rock\n|-supereffective|p2a: The Godfeather\n|-damage|p2a: The Godfeather|0 fnt\n|faint|p2a: The Godfeather\n|\n|-weather|Snow|[upkeep]\n|upkeep\n|c|\u2606legospooder|its not looking great\n|\n|t:|1700993558\n|switch|p2a: I Choose Violence|Darmanitan-Galar, M|100\/100\n|turn|15\n|\n|t:|1700993571\n|move|p2a: I Choose Violence|U-turn|p1a: Daramy\n|-supereffective|p1a: Daramy\n|-damage|p1a: Daramy|0 fnt\n|faint|p1a: Daramy\n|\n|t:|1700993575\n|switch|p2a: Moby Thicc|Cetitan, M|100\/100|[from] U-turn\n|\n|-weather|Snow|[upkeep]\n|upkeep\n|\n|t:|1700993583\n|switch|p1a: H\u00f8jbjerg|Kommo-o, F|100\/100\n|-damage|p1a: H\u00f8jbjerg|94\/100|[from] Stealth Rock\n|turn|16\n|\n|t:|1700993591\n|-terastallize|p1a: H\u00f8jbjerg|Normal\n|move|p2a: Moby Thicc|Icicle Crash|p1a: H\u00f8jbjerg\n|-damage|p1a: H\u00f8jbjerg|54\/100\n|move|p1a: H\u00f8jbjerg|Clangorous Soul|p1a: H\u00f8jbjerg\n|-boost|p1a: H\u00f8jbjerg|atk|1\n|-boost|p1a: H\u00f8jbjerg|def|1\n|-boost|p1a: H\u00f8jbjerg|spa|1\n|-boost|p1a: H\u00f8jbjerg|spd|1\n|-boost|p1a: H\u00f8jbjerg|spe|1\n|-damage|p1a: H\u00f8jbjerg|21\/100\n|-enditem|p1a: H\u00f8jbjerg|Throat Spray\n|-boost|p1a: H\u00f8jbjerg|spa|1|[from] item: Throat Spray\n|\n|-weather|Snow|[upkeep]\n|upkeep\n|turn|17\n|\n|t:|1700993611\n|move|p2a: Moby Thicc|Icicle Crash|p1a: H\u00f8jbjerg\n|-damage|p1a: H\u00f8jbjerg|0 fnt\n|faint|p1a: H\u00f8jbjerg\n|\n|-weather|none\n|upkeep\n|\n|t:|1700993618\n|switch|p1a: H\u00f8jlund|Hawlucha, F|100\/100\n|-damage|p1a: H\u00f8jlund|88\/100|[from] Stealth Rock\n|turn|18\n|c|\u2606Destinum|Slush Rush son.\n|c|\u2606legospooder|i forgor\n|\n|t:|1700993637\n|move|p1a: H\u00f8jlund|Sky Attack||[still]\n|-prepare|p1a: H\u00f8jlund|Sky Attack\n|-enditem|p1a: H\u00f8jlund|Power Herb\n|-anim|p1a: H\u00f8jlund|Sky Attack|p2a: Moby Thicc\n|-damage|p2a: Moby Thicc|32\/100\n|-enditem|p2a: Moby Thicc|Sitrus Berry|[eat]\n|-heal|p2a: Moby Thicc|57\/100|[from] item: Sitrus Berry\n|move|p2a: Moby Thicc|Icicle Crash|p1a: H\u00f8jlund\n|-supereffective|p1a: H\u00f8jlund\n|-damage|p1a: H\u00f8jlund|0 fnt\n|faint|p1a: H\u00f8jlund\n|\n|win|Destinum\n|c|\u2606Destinum|gg\n|c|\u2606legospooder|gg\n","uploadtime":1700993648,"views":13,"p1id":"legospooder","p2id":"destinum","formatid":"gen9nationaldexubers","rating":0,"private":0,"password":""}