{"id":"gen9nationaldexubers-1997177207","p1":"Pac1fic","p2":"TheEmoOni","format":"[Gen 9] National Dex Ubers","log":"|j|\u2606Pac1fic\n|j|\u2606TheEmoOni\n|t:|1700772433\n|gametype|singles\n|player|p1|Pac1fic|pokemonranger-gen6xy|\n|player|p2|TheEmoOni|grimsley-masters|\n|teamsize|p1|6\n|teamsize|p2|6\n|gen|9\n|tier|[Gen 9] National Dex Ubers\n|rule|HP Percentage Mod: HP is shown in percentages\n|rule|Endless Battle Clause: Forcing endless battles is banned\n|rule|OHKO Clause: OHKO moves are banned\n|rule|Evasion Moves Clause: Evasion moves are banned\n|rule|Evasion Items Clause: Evasion items are banned\n|rule|Species Clause: Limit one of each Pok\u00e9mon\n|rule|Sleep Clause Mod: Limit one foe put to sleep\n|rule|Mega Rayquaza Clause: You cannot mega evolve Rayquaza\n|clearpoke\n|poke|p1|Liepard, F|\n|poke|p1|Dondozo, M|\n|poke|p1|Kyogre|\n|poke|p1|Toxapex, M|\n|poke|p1|Swampert, M|\n|poke|p1|Iron Valiant|\n|poke|p2|Eternatus|\n|poke|p2|Sneasler, M|\n|poke|p2|Nihilego|\n|poke|p2|Venusaur, M|\n|poke|p2|Ribombee, F|\n|poke|p2|Muk-Alola, M|\n|teampreview\n|\n|t:|1700772446\n|start\n|switch|p1a: Dawg|Liepard, F|100\/100\n|switch|p2a: Fairy|Ribombee, F|100\/100\n|turn|1\n|\n|t:|1700772456\n|move|p1a: Dawg|Taunt|p2a: Fairy\n|-start|p2a: Fairy|move: Taunt\n|cant|p2a: Fairy|move: Taunt|Sticky Web\n|\n|upkeep\n|turn|2\n|\n|t:|1700772465\n|move|p2a: Fairy|Moonblast|p1a: Dawg\n|-supereffective|p1a: Dawg\n|-damage|p1a: Dawg|10\/100\n|move|p1a: Dawg|Dark Pulse|p2a: Fairy\n|-resisted|p2a: Fairy\n|-damage|p2a: Fairy|78\/100\n|\n|upkeep\n|turn|3\n|\n|t:|1700772475\n|switch|p1a: The Pex|Toxapex, M, shiny|100\/100\n|move|p2a: Fairy|Moonblast|p1a: The Pex\n|-resisted|p1a: The Pex\n|-damage|p1a: The Pex|86\/100\n|-unboost|p1a: The Pex|spa|1\n|\n|-end|p2a: Fairy|move: Taunt\n|upkeep\n|turn|4\n|\n|t:|1700772493\n|-terastallize|p2a: Fairy|Poison\n|move|p2a: Fairy|Sticky Web|p1a: The Pex\n|-sidestart|p1: Pac1fic|move: Sticky Web\n|move|p1a: The Pex|Knock Off|p2a: Fairy\n|-damage|p2a: Fairy|48\/100\n|-enditem|p2a: Fairy|Focus Sash|[from] move: Knock Off|[of] p1a: The Pex\n|\n|upkeep\n|turn|5\n|\n|t:|1700772547\n|switch|p2a: Eternity|Eternatus|100\/100\n|-ability|p2a: Eternity|Pressure\n|switch|p1a: Walle|Kyogre|100\/100\n|-activate|p1a: Walle|move: Sticky Web\n|-unboost|p1a: Walle|spe|1\n|-weather|RainDance|[from] ability: Drizzle|[of] p1a: Walle\n|\n|-weather|RainDance|[upkeep]\n|upkeep\n|turn|6\n|c|\u2606TheEmoOni|Save Walle\n|c|\u2606Pac1fic|Walle, keel da dagon\n|\n|t:|1700772624\n|move|p2a: Eternity|Dynamax Cannon|p1a: Walle\n|-damage|p1a: Walle|28\/100\n|move|p1a: Walle|Ice Beam|p2a: Eternity\n|-supereffective|p2a: Eternity\n|-damage|p2a: Eternity|6\/100\n|\n|-weather|RainDance|[upkeep]\n|upkeep\n|turn|7\n|c|\u2606TheEmoOni|No\n|c|\u2606TheEmoOni|Bad Walle\n|\n|t:|1700772646\n|move|p2a: Eternity|Dynamax Cannon|p1a: Walle\n|-damage|p1a: Walle|0 fnt\n|faint|p1a: Walle\n|\n|-weather|RainDance|[upkeep]\n|upkeep\n|c|\u2606Pac1fic|Almost, but it worked well enough\n|\n|t:|1700772656\n|switch|p1a: Dawg|Liepard, F|10\/100\n|-activate|p1a: Dawg|move: Sticky Web\n|-unboost|p1a: Dawg|spe|1\n|turn|8\n|c|\u2606Pac1fic|thank u walle\n|\n|t:|1700772674\n|switch|p2a: Fairy|Ribombee, F, tera:Poison|48\/100\n|move|p1a: Dawg|Fake Out|p2a: Fairy\n|-damage|p2a: Fairy|33\/100\n|\n|-weather|RainDance|[upkeep]\n|upkeep\n|turn|9\n|\n|t:|1700772687\n|move|p1a: Dawg|Taunt|p2a: Fairy\n|-start|p2a: Fairy|move: Taunt\n|move|p2a: Fairy|Bug Buzz|p1a: Dawg\n|-supereffective|p1a: Dawg\n|-damage|p1a: Dawg|0 fnt\n|faint|p1a: Dawg\n|\n|-weather|none\n|upkeep\n|\n|t:|1700772697\n|switch|p1a: :3|Swampert, M|100\/100\n|-activate|p1a: :3|move: Sticky Web\n|-unboost|p1a: :3|spe|1\n|turn|10\n|\n|t:|1700772706\n|detailschange|p1a: :3|Swampert-Mega, M\n|-mega|p1a: :3|Swampert|Swampertite\n|move|p2a: Fairy|Moonblast|p1a: :3\n|-damage|p1a: :3|68\/100\n|-unboost|p1a: :3|spa|1\n|move|p1a: :3|Bulk Up|p1a: :3\n|-boost|p1a: :3|atk|1\n|-boost|p1a: :3|def|1\n|\n|upkeep\n|turn|11\n|\n|t:|1700772719\n|move|p2a: Fairy|Moonblast|p1a: :3\n|-damage|p1a: :3|37\/100\n|-unboost|p1a: :3|spa|1\n|move|p1a: :3|Avalanche|p2a: Fairy\n|-damage|p2a: Fairy|0 fnt\n|faint|p2a: Fairy\n|\n|upkeep\n|\n|t:|1700772742\n|switch|p2a: Abyss|Nihilego|100\/100\n|turn|12\n|\n|t:|1700772749\n|move|p2a: Abyss|Meteor Beam||[still]\n|-prepare|p2a: Abyss|Meteor Beam\n|-boost|p2a: Abyss|spa|1\n|-enditem|p2a: Abyss|Power Herb\n|-anim|p2a: Abyss|Meteor Beam|p1a: :3\n|-resisted|p1a: :3\n|-damage|p1a: :3|0 fnt\n|faint|p1a: :3\n|-ability|p2a: Abyss|Beast Boost|boost\n|-boost|p2a: Abyss|spa|1\n|\n|upkeep\n|\n|t:|1700772765\n|switch|p1a: Smash 2.0|Iron Valiant|100\/100\n|-activate|p1a: Smash 2.0|move: Sticky Web\n|-unboost|p1a: Smash 2.0|spe|1\n|-enditem|p1a: Smash 2.0|Booster Energy\n|-activate|p1a: Smash 2.0|ability: Quark Drive|[fromitem]\n|-start|p1a: Smash 2.0|quarkdrivespa\n|turn|13\n|\n|t:|1700772782\n|move|p2a: Abyss|Sludge Bomb|p1a: Smash 2.0\n|-supereffective|p1a: Smash 2.0\n|-damage|p1a: Smash 2.0|0 fnt\n|faint|p1a: Smash 2.0\n|-end|p1a: Smash 2.0|Quark Drive|[silent]\n|-ability|p2a: Abyss|Beast Boost|boost\n|-boost|p2a: Abyss|spa|1\n|\n|upkeep\n|c|\u2606Pac1fic|why no speed\n|\n|t:|1700772795\n|switch|p1a: The Pex|Toxapex, M, shiny|86\/100\n|-activate|p1a: The Pex|move: Sticky Web\n|-unboost|p1a: The Pex|spe|1\n|turn|14\n|\n|t:|1700772803\n|move|p2a: Abyss|Power Gem|p1a: The Pex\n|-damage|p1a: The Pex|4\/100\n|move|p1a: The Pex|Knock Off|p2a: Abyss\n|-damage|p2a: Abyss|81\/100\n|\n|upkeep\n|turn|15\n|c|\u2606TheEmoOni|Probs Webs or smth\n|c|\u2606Pac1fic|i hate webs\n|\n|t:|1700772843\n|move|p1a: The Pex|Baneful Bunker|p1a: The Pex\n|-singleturn|p1a: The Pex|move: Protect\n|move|p2a: Abyss|Power Gem|p1a: The Pex\n|-activate|p1a: The Pex|move: Protect\n|\n|upkeep\n|turn|16\n|c|\u2606TheEmoOni|I love the,\n|\n|t:|1700772855\n|move|p2a: Abyss|Power Gem|p1a: The Pex\n|-damage|p1a: The Pex|0 fnt\n|faint|p1a: The Pex\n|-ability|p2a: Abyss|Beast Boost|boost\n|-boost|p2a: Abyss|spa|1\n|\n|upkeep\n|c|\u2606TheEmoOni|them*\n|\n|t:|1700772862\n|switch|p1a: Big Don|Dondozo, M|100\/100\n|-activate|p1a: Big Don|move: Sticky Web\n|-unboost|p1a: Big Don|spe|1\n|turn|17\n|\n|t:|1700772869\n|-terastallize|p1a: Big Don|Water\n|move|p2a: Abyss|Thunderbolt|p1a: Big Don\n|-supereffective|p1a: Big Don\n|-damage|p1a: Big Don|43\/100\n|move|p1a: Big Don|Wave Crash|p2a: Abyss\n|-supereffective|p2a: Abyss\n|-damage|p2a: Abyss|0 fnt\n|faint|p2a: Abyss\n|-damage|p1a: Big Don|24\/100|[from] Recoil\n|\n|-heal|p1a: Big Don|30\/100|[from] item: Leftovers\n|upkeep\n|\n|t:|1700772881\n|switch|p2a: Grudge|Muk-Alola, M|100\/100\n|turn|18\n|\n|t:|1700772897\n|move|p2a: Grudge|Giga Drain|p1a: Big Don\n|-supereffective|p1a: Big Don\n|-damage|p1a: Big Don|0 fnt\n|faint|p1a: Big Don\n|\n|win|TheEmoOni\n|c|\u2606TheEmoOni|gg\n|c|\u2606Pac1fic|bah ggs\n|c|\u2606TheEmoOni|One Rematch left\n|c|\u2606Pac1fic|I'll save it for a bit\n","uploadtime":1700773388,"views":3,"p1id":"pac1fic","p2id":"theemooni","formatid":"gen9nationaldexubers","rating":0,"private":0,"password":""}