{"id":"gen9nationaldexubers-1982625307","p1":"Qontent","p2":"Bka Onon","format":"[Gen 9] National Dex Ubers","log":"|j|\u2606Qontent\n|j|\u2606Bka Onon\n|t:|1699030798\n|gametype|singles\n|player|p1|Qontent|169|\n|player|p2|Bka Onon|amelia-shuffle|\n|teamsize|p1|6\n|teamsize|p2|6\n|gen|9\n|tier|[Gen 9] National Dex Ubers\n|rule|HP Percentage Mod: HP is shown in percentages\n|rule|Endless Battle Clause: Forcing endless battles is banned\n|rule|OHKO Clause: OHKO moves are banned\n|rule|Evasion Moves Clause: Evasion moves are banned\n|rule|Evasion Items Clause: Evasion items are banned\n|rule|Species Clause: Limit one of each Pok\u00e9mon\n|rule|Sleep Clause Mod: Limit one foe put to sleep\n|rule|Mega Rayquaza Clause: You cannot mega evolve Rayquaza\n|clearpoke\n|poke|p1|Scizor, M|\n|poke|p1|Skeledirge, F|\n|poke|p1|Tornadus-Therian, M|\n|poke|p1|Slowking-Galar, M|\n|poke|p1|Rotom-Wash|\n|poke|p1|Baxcalibur, M|\n|poke|p2|Ribombee, F|\n|poke|p2|Zamazenta-*|\n|poke|p2|Klefki, M|\n|poke|p2|Tapu Lele|\n|poke|p2|Mawile, M|\n|poke|p2|Tapu Fini|\n|teampreview\n|c|\u2606Bka Onon|hf\n|\n|t:|1699030835\n|start\n|switch|p1a: Skeledirge|Skeledirge, F|100\/100\n|switch|p2a: What's Up People?!|Ribombee, F|100\/100\n|turn|1\n|\n|t:|1699030851\n|move|p2a: What's Up People?!|Sticky Web|p1a: Skeledirge\n|-sidestart|p1: Qontent|move: Sticky Web\n|move|p1a: Skeledirge|Torch Song|p2a: What's Up People?!\n|-supereffective|p2a: What's Up People?!\n|-enditem|p2a: What's Up People?!|Focus Sash\n|-damage|p2a: What's Up People?!|1\/100\n|-boost|p1a: Skeledirge|spa|1\n|\n|upkeep\n|turn|2\n|\n|t:|1699030861\n|move|p2a: What's Up People?!|Stun Spore|p1a: Skeledirge\n|-status|p1a: Skeledirge|par\n|move|p1a: Skeledirge|Torch Song|p2a: What's Up People?!\n|-supereffective|p2a: What's Up People?!\n|-damage|p2a: What's Up People?!|0 fnt\n|-boost|p1a: Skeledirge|spa|1\n|faint|p2a: What's Up People?!\n|\n|upkeep\n|\n|t:|1699030865\n|switch|p2a: Aoi Shiori|Tapu Fini|100\/100\n|-fieldstart|move: Misty Terrain|[from] ability: Misty Surge|[of] p2a: Aoi Shiori\n|turn|3\n|\n|t:|1699030912\n|move|p2a: Aoi Shiori|Taunt|p1a: Skeledirge\n|-start|p1a: Skeledirge|move: Taunt\n|cant|p1a: Skeledirge|par\n|\n|upkeep\n|turn|4\n|\n|t:|1699030918\n|move|p2a: Aoi Shiori|Calm Mind|p2a: Aoi Shiori\n|-boost|p2a: Aoi Shiori|spa|1\n|-boost|p2a: Aoi Shiori|spd|1\n|move|p1a: Skeledirge|Hex|p2a: Aoi Shiori\n|-damage|p2a: Aoi Shiori|65\/100\n|\n|-heal|p2a: Aoi Shiori|71\/100|[from] item: Leftovers\n|upkeep\n|turn|5\n|\n|t:|1699030927\n|move|p2a: Aoi Shiori|Scald|p1a: Skeledirge\n|-supereffective|p1a: Skeledirge\n|-damage|p1a: Skeledirge|43\/100 par\n|move|p1a: Skeledirge|Hex|p2a: Aoi Shiori\n|-damage|p2a: Aoi Shiori|32\/100\n|\n|-heal|p2a: Aoi Shiori|38\/100|[from] item: Leftovers\n|-end|p1a: Skeledirge|move: Taunt\n|upkeep\n|turn|6\n|\n|t:|1699030949\n|switch|p1a: Slowking|Slowking-Galar, M|100\/100\n|move|p2a: Aoi Shiori|Scald|p1a: Slowking\n|-damage|p1a: Slowking|77\/100\n|\n|-heal|p2a: Aoi Shiori|44\/100|[from] item: Leftovers\n|upkeep\n|turn|7\n|\n|t:|1699030963\n|switch|p2a: \uff37\u25cf\uff32\uff2b|Mawile, M|100\/100\n|-ability|p2a: \uff37\u25cf\uff32\uff2b|Intimidate|boost\n|-unboost|p1a: Slowking|atk|1\n|move|p1a: Slowking|Chilly Reception|p1a: Slowking\n|-weather|Snow\n|\n|t:|1699031010\n|switch|p1a: Baxcalibur|Baxcalibur, M|100\/100|[from] Chilly Reception\n|-activate|p1a: Baxcalibur|move: Sticky Web\n|-unboost|p1a: Baxcalibur|spe|1\n|\n|-weather|Snow|[upkeep]\n|-fieldend|Misty Terrain\n|upkeep\n|turn|8\n|\n|t:|1699031071\n|switch|p2a: DOGLAND|Zamazenta|100\/100\n|-ability|p2a: DOGLAND|Dauntless Shield|boost\n|-boost|p2a: DOGLAND|def|1\n|move|p1a: Baxcalibur|Earthquake|p2a: DOGLAND\n|-damage|p2a: DOGLAND|67\/100\n|\n|-weather|Snow|[upkeep]\n|upkeep\n|turn|9\n|c|\u2606Bka Onon|im ngl bro during building\n|c|\u2606Bka Onon|i forgot\n|c|\u2606Bka Onon|chilly reception\n|c|\u2606Bka Onon|set snow\n|\n|t:|1699031132\n|switch|p1a: Rotom|Rotom-Wash|100\/100\n|move|p2a: DOGLAND|Howl|p2a: DOGLAND\n|-boost|p2a: DOGLAND|atk|1\n|\n|-weather|Snow|[upkeep]\n|upkeep\n|turn|10\n|l|\u2606Bka Onon\n|player|p2|\n|c|\u2606Qontent|?\n|j|\u2606Bka Onon\n|player|p2|Bka Onon|amelia-shuffle\n|l|\u2606Bka Onon\n|player|p2|\n|j|\u2606Bka Onon\n|player|p2|Bka Onon|amelia-shuffle\n|c|\u2606Bka Onon|wifi committed die\n|c|\u2606Bka Onon|mb\n|c|\u2606Qontent|LOL\n|\n|t:|1699031502\n|move|p2a: DOGLAND|Close Combat|p1a: Rotom\n|-damage|p1a: Rotom|24\/100\n|-unboost|p2a: DOGLAND|def|1\n|-unboost|p2a: DOGLAND|spd|1\n|move|p1a: Rotom|Will-O-Wisp|p2a: DOGLAND\n|-status|p2a: DOGLAND|brn\n|\n|-weather|Snow|[upkeep]\n|-heal|p1a: Rotom|30\/100|[from] item: Leftovers\n|-damage|p2a: DOGLAND|60\/100 brn|[from] brn\n|upkeep\n|turn|11\n|\n|t:|1699031567\n|switch|p1a: Skeledirge|Skeledirge, F|43\/100 par\n|move|p2a: DOGLAND|Wild Charge|p1a: Skeledirge\n|-damage|p1a: Skeledirge|34\/100 par\n|-damage|p2a: DOGLAND|57\/100 brn|[from] Recoil\n|\n|-weather|none\n|-damage|p2a: DOGLAND|51\/100 brn|[from] brn\n|upkeep\n|turn|12\n|\n|t:|1699031580\n|-zpower|p2a: DOGLAND\n|move|p2a: DOGLAND|Gigavolt Havoc|p1a: Skeledirge|[zeffect]\n|-damage|p1a: Skeledirge|15\/100 par\n|move|p1a: Skeledirge|Slack Off|p1a: Skeledirge\n|-heal|p1a: Skeledirge|66\/100 par\n|\n|-damage|p2a: DOGLAND|45\/100 brn|[from] brn\n|upkeep\n|turn|13\n|\n|t:|1699031586\n|switch|p2a: Aoi Shiori|Tapu Fini|44\/100\n|-fieldstart|move: Misty Terrain|[from] ability: Misty Surge|[of] p2a: Aoi Shiori\n|move|p1a: Skeledirge|Slack Off|p1a: Skeledirge\n|-heal|p1a: Skeledirge|100\/100 par\n|\n|-heal|p2a: Aoi Shiori|50\/100|[from] item: Leftovers\n|upkeep\n|turn|14\n|\n|t:|1699031594\n|switch|p1a: Slowking|Slowking-Galar, M|100\/100\n|move|p2a: Aoi Shiori|Scald|p1a: Slowking\n|-damage|p1a: Slowking|84\/100\n|\n|-heal|p2a: Aoi Shiori|56\/100|[from] item: Leftovers\n|upkeep\n|turn|15\n|\n|t:|1699031601\n|switch|p2a: \uff37\u25cf\uff32\uff2b|Mawile, M|100\/100\n|-ability|p2a: \uff37\u25cf\uff32\uff2b|Intimidate|boost\n|-unboost|p1a: Slowking|atk|1\n|move|p1a: Slowking|Sludge Bomb|p2a: \uff37\u25cf\uff32\uff2b\n|-immune|p2a: \uff37\u25cf\uff32\uff2b\n|\n|upkeep\n|turn|16\n|\n|t:|1699031619\n|switch|p1a: Rotom|Rotom-Wash|30\/100\n|detailschange|p2a: \uff37\u25cf\uff32\uff2b|Mawile-Mega, M\n|-mega|p2a: \uff37\u25cf\uff32\uff2b|Mawile|Mawilite\n|move|p2a: \uff37\u25cf\uff32\uff2b|Swords Dance|p2a: \uff37\u25cf\uff32\uff2b\n|-boost|p2a: \uff37\u25cf\uff32\uff2b|atk|2\n|\n|-heal|p1a: Rotom|36\/100|[from] item: Leftovers\n|upkeep\n|turn|17\n|\n|t:|1699031647\n|move|p1a: Rotom|Pain Split|p2a: \uff37\u25cf\uff32\uff2b\n|-sethp|p2a: \uff37\u25cf\uff32\uff2b|71\/100|[from] move: Pain Split|[silent]\n|-sethp|p1a: Rotom|62\/100|[from] move: Pain Split\n|move|p2a: \uff37\u25cf\uff32\uff2b|Knock Off|p1a: Rotom\n|-damage|p1a: Rotom|0 fnt\n|-enditem|p1a: Rotom|Leftovers|[from] move: Knock Off|[of] p2a: \uff37\u25cf\uff32\uff2b\n|faint|p1a: Rotom\n|\n|-fieldend|Misty Terrain\n|upkeep\n|\n|t:|1699031655\n|switch|p1a: Baxcalibur|Baxcalibur, M|100\/100\n|-activate|p1a: Baxcalibur|move: Sticky Web\n|-unboost|p1a: Baxcalibur|spe|1\n|turn|18\n|\n|t:|1699031670\n|switch|p2a: DOGLAND|Zamazenta|45\/100 brn\n|move|p1a: Baxcalibur|Earthquake|p2a: DOGLAND\n|-damage|p2a: DOGLAND|0 fnt\n|faint|p2a: DOGLAND\n|\n|upkeep\n|\n|t:|1699031675\n|switch|p2a: Idol|Tapu Lele|100\/100\n|-fieldstart|move: Psychic Terrain|[from] ability: Psychic Surge|[of] p2a: Idol\n|turn|19\n|\n|t:|1699031687\n|switch|p1a: Skeledirge|Skeledirge, F|100\/100 par\n|move|p2a: Idol|Psychic|p1a: Skeledirge\n|-damage|p1a: Skeledirge|1\/100 par\n|\n|upkeep\n|turn|20\n|\n|t:|1699031693\n|move|p2a: Idol|Psychic|p1a: Skeledirge\n|-damage|p1a: Skeledirge|0 fnt\n|faint|p1a: Skeledirge\n|\n|upkeep\n|c|\u2606Bka Onon|comedy\n|\n|t:|1699031697\n|switch|p1a: Scizor|Scizor, M|100\/100\n|-activate|p1a: Scizor|move: Sticky Web\n|-unboost|p1a: Scizor|spe|1\n|turn|21\n|\n|t:|1699031706\n|detailschange|p1a: Scizor|Scizor-Mega, M\n|-mega|p1a: Scizor|Scizor|Scizorite\n|move|p2a: Idol|Psychic|p1a: Scizor\n|-resisted|p1a: Scizor\n|-damage|p1a: Scizor|63\/100\n|move|p1a: Scizor|U-turn|p2a: Idol\n|-damage|p2a: Idol|52\/100\n|\n|t:|1699031771\n|switch|p1a: Tornadus|Tornadus-Therian, M|100\/100|[from] U-turn\n|\n|upkeep\n|turn|22\n|\n|t:|1699031798\n|move|p1a: Tornadus|Knock Off|p2a: Idol\n|-damage|p2a: Idol|21\/100\n|-enditem|p2a: Idol|Choice Specs|[from] move: Knock Off|[of] p1a: Tornadus\n|move|p2a: Idol|Psychic|p1a: Tornadus\n|-damage|p1a: Tornadus|37\/100\n|\n|upkeep\n|turn|23\n|\n|t:|1699031846\n|switch|p2a: This fffire|Klefki, M|100\/100\n|move|p1a: Tornadus|U-turn|p2a: This fffire\n|-resisted|p2a: This fffire\n|-damage|p2a: This fffire|97\/100\n|\n|t:|1699031859\n|switch|p1a: Baxcalibur|Baxcalibur, M|100\/100|[from] U-turn\n|-activate|p1a: Baxcalibur|move: Sticky Web\n|-unboost|p1a: Baxcalibur|spe|1\n|\n|-fieldend|move: Psychic Terrain\n|upkeep\n|turn|24\n|\n|t:|1699031869\n|move|p2a: This fffire|Reflect|p2a: This fffire\n|-sidestart|p2: Bka Onon|Reflect\n|move|p1a: Baxcalibur|Earthquake|p2a: This fffire\n|-supereffective|p2a: This fffire\n|-damage|p2a: This fffire|47\/100\n|\n|upkeep\n|turn|25\n|\n|t:|1699031875\n|move|p2a: This fffire|Thunder Wave|p1a: Baxcalibur\n|-status|p1a: Baxcalibur|par\n|move|p1a: Baxcalibur|Earthquake|p2a: This fffire\n|-supereffective|p2a: This fffire\n|-damage|p2a: This fffire|2\/100\n|\n|upkeep\n|turn|26\n|\n|t:|1699031884\n|move|p2a: This fffire|Spikes|p1a: Baxcalibur\n|-sidestart|p1: Qontent|Spikes\n|move|p1a: Baxcalibur|Earthquake|p2a: This fffire\n|-supereffective|p2a: This fffire\n|-damage|p2a: This fffire|0 fnt\n|faint|p2a: This fffire\n|\n|upkeep\n|\n|t:|1699031889\n|switch|p2a: \uff37\u25cf\uff32\uff2b|Mawile-Mega, M|71\/100\n|turn|27\n|\n|t:|1699031900\n|move|p2a: \uff37\u25cf\uff32\uff2b|Play Rough|p1a: Baxcalibur\n|-supereffective|p1a: Baxcalibur\n|-damage|p1a: Baxcalibur|0 fnt\n|faint|p1a: Baxcalibur\n|\n|upkeep\n|\n|t:|1699031914\n|switch|p1a: Tornadus|Tornadus-Therian, M|71\/100\n|turn|28\n|\n|t:|1699031918\n|move|p1a: Tornadus|Defog|p2a: \uff37\u25cf\uff32\uff2b\n|-unboost|p2a: \uff37\u25cf\uff32\uff2b|evasion|1\n|-sideend|p2: Bka Onon|Reflect\n|-sideend|p1: Qontent|Spikes|[from] move: Defog|[of] p1a: Tornadus\n|-sideend|p1: Qontent|Sticky Web|[from] move: Defog|[of] p1a: Tornadus\n|move|p2a: \uff37\u25cf\uff32\uff2b|Swords Dance|p2a: \uff37\u25cf\uff32\uff2b\n|-boost|p2a: \uff37\u25cf\uff32\uff2b|atk|2\n|\n|upkeep\n|turn|29\n|\n|t:|1699031932\n|move|p2a: \uff37\u25cf\uff32\uff2b|Sucker Punch|p1a: Tornadus\n|-damage|p1a: Tornadus|0 fnt\n|faint|p1a: Tornadus\n|\n|upkeep\n|\n|t:|1699031934\n|switch|p1a: Scizor|Scizor-Mega, M|63\/100\n|turn|30\n|\n|t:|1699031989\n|move|p1a: Scizor|Bullet Punch|p2a: \uff37\u25cf\uff32\uff2b\n|-damage|p2a: \uff37\u25cf\uff32\uff2b|40\/100\n|move|p2a: \uff37\u25cf\uff32\uff2b|Knock Off|p1a: Scizor\n|-damage|p1a: Scizor|8\/100\n|\n|upkeep\n|turn|31\n|\n|t:|1699031997\n|move|p1a: Scizor|Bullet Punch|p2a: \uff37\u25cf\uff32\uff2b\n|-damage|p2a: \uff37\u25cf\uff32\uff2b|7\/100\n|move|p2a: \uff37\u25cf\uff32\uff2b|Knock Off|p1a: Scizor\n|-damage|p1a: Scizor|0 fnt\n|faint|p1a: Scizor\n|\n|upkeep\n|\n|t:|1699031999\n|switch|p1a: Slowking|Slowking-Galar, M|100\/100\n|turn|32\n|c|\u2606Qontent|gg\n|c|\u2606Bka Onon|ggs\n|c|\u2606Bka Onon|wp\n|\n|t:|1699032005\n|move|p2a: \uff37\u25cf\uff32\uff2b|Knock Off|p1a: Slowking\n|-supereffective|p1a: Slowking\n|-damage|p1a: Slowking|0 fnt\n|-enditem|p1a: Slowking|Heavy-Duty Boots|[from] move: Knock Off|[of] p2a: \uff37\u25cf\uff32\uff2b\n|faint|p1a: Slowking\n|\n|win|Bka Onon\n|l|\u2606Qontent\n|l|\u2606Bka Onon\n","uploadtime":1699032008,"views":21,"p1id":"qontent","p2id":"bkaonon","formatid":"gen9nationaldexubers","rating":0,"private":0,"password":""}