{"id":"gen9nationaldexubers-1977856133","p1":"TalisWaffle","p2":"AnnoyingCanuck","format":"[Gen 9] National Dex Ubers","log":"|j|\u2606TalisWaffle\n|j|\u2606AnnoyingCanuck\n|t:|1698458012\n|gametype|singles\n|player|p1|TalisWaffle|169|1117\n|player|p2|AnnoyingCanuck|roughneck|1201\n|teamsize|p1|6\n|teamsize|p2|6\n|gen|9\n|tier|[Gen 9] National Dex Ubers\n|rated|\n|rule|HP Percentage Mod: HP is shown in percentages\n|rule|Endless Battle Clause: Forcing endless battles is banned\n|rule|OHKO Clause: OHKO moves are banned\n|rule|Evasion Moves Clause: Evasion moves are banned\n|rule|Evasion Items Clause: Evasion items are banned\n|rule|Species Clause: Limit one of each Pok\u00e9mon\n|rule|Sleep Clause Mod: Limit one foe put to sleep\n|rule|Mega Rayquaza Clause: You cannot mega evolve Rayquaza\n|clearpoke\n|poke|p1|Walking Wake|\n|poke|p1|Leafeon, F|\n|poke|p1|Mew|\n|poke|p1|Typhlosion-Hisui, F|\n|poke|p1|Torkoal, F|\n|poke|p1|Groudon|\n|poke|p2|Azumarill, F|\n|poke|p2|Ferrothorn, F|\n|poke|p2|Jynx, F|\n|poke|p2|Slowbro-Galar, F|\n|poke|p2|Skeledirge, M|\n|poke|p2|Pikachu, F|\n|teampreview\n|inactive|Battle timer is ON: inactive players will automatically lose when time's up. (requested by AnnoyingCanuck)\n|c|\u2606AnnoyingCanuck|glhf\n|c|\u2606TalisWaffle|Glhf\n|\n|t:|1698458029\n|start\n|switch|p1a: Groudon|Groudon, shiny|100\/100\n|switch|p2a: Slowbro|Slowbro-Galar, F|100\/100\n|-weather|SunnyDay|[from] ability: Drought|[of] p1a: Groudon\n|turn|1\n|\n|t:|1698458041\n|move|p1a: Groudon|Heat Crash|p2a: Slowbro\n|-damage|p2a: Slowbro|53\/100\n|move|p2a: Slowbro|Belly Drum|p2a: Slowbro\n|-damage|p2a: Slowbro|3\/100\n|-setboost|p2a: Slowbro|atk|6|[from] move: Belly Drum\n|\n|-weather|SunnyDay|[upkeep]\n|upkeep\n|turn|2\n|-activate|p2a: Slowbro|ability: Quick Draw\n|\n|t:|1698458046\n|move|p2a: Slowbro|Drain Punch|p1a: Groudon\n|-damage|p1a: Groudon|50\/100\n|-heal|p2a: Slowbro|25\/100|[from] drain|[of] p1a: Groudon\n|move|p1a: Groudon|Heat Crash|p2a: Slowbro\n|-damage|p2a: Slowbro|0 fnt\n|faint|p2a: Slowbro\n|\n|-weather|SunnyDay|[upkeep]\n|-heal|p1a: Groudon|57\/100|[from] item: Leftovers\n|upkeep\n|\n|t:|1698458055\n|switch|p2a: Azumarill|Azumarill, F|100\/100\n|turn|3\n|\n|t:|1698458059\n|move|p1a: Groudon|Earthquake|p2a: Azumarill\n|-damage|p2a: Azumarill|42\/100\n|move|p2a: Azumarill|Whirlpool|p1a: Groudon\n|-supereffective|p1a: Groudon\n|-crit|p1a: Groudon\n|-damage|p1a: Groudon|47\/100\n|-activate|p1a: Groudon|move: Whirlpool|[of] p2a: Azumarill\n|\n|-weather|SunnyDay|[upkeep]\n|-heal|p1a: Groudon|53\/100|[from] item: Leftovers\n|-heal|p2a: Azumarill|48\/100|[from] item: Leftovers\n|-damage|p1a: Groudon|41\/100|[from] move: Whirlpool|[partiallytrapped]\n|upkeep\n|turn|4\n|\n|t:|1698458066\n|move|p1a: Groudon|Earthquake|p2a: Azumarill\n|-damage|p2a: Azumarill|0 fnt\n|faint|p2a: Azumarill\n|\n|-weather|SunnyDay|[upkeep]\n|-heal|p1a: Groudon|47\/100|[from] item: Leftovers\n|-end|p1a: Groudon|Whirlpool|[partiallytrapped]|[silent]\n|upkeep\n|\n|t:|1698458070\n|switch|p2a: Pikachu|Pikachu, F|100\/100\n|turn|5\n|\n|t:|1698458073\n|-terastallize|p2a: Pikachu|Normal\n|move|p2a: Pikachu|Fake Out|p1a: Groudon\n|-damage|p1a: Groudon|28\/100\n|cant|p1a: Groudon|flinch\n|\n|-weather|none\n|-heal|p1a: Groudon|34\/100|[from] item: Leftovers\n|upkeep\n|turn|6\n|\n|t:|1698458080\n|switch|p2a: Ferrothorn|Ferrothorn, F|100\/100\n|move|p1a: Groudon|Rock Polish|p1a: Groudon\n|-boost|p1a: Groudon|spe|2\n|\n|-heal|p1a: Groudon|40\/100|[from] item: Leftovers\n|upkeep\n|turn|7\n|\n|t:|1698458085\n|move|p1a: Groudon|Heat Crash|p2a: Ferrothorn\n|-supereffective|p2a: Ferrothorn\n|-damage|p2a: Ferrothorn|0 fnt\n|-damage|p1a: Groudon|28\/100|[from] ability: Iron Barbs|[of] p2a: Ferrothorn\n|-damage|p1a: Groudon|11\/100|[from] item: Rocky Helmet|[of] p2a: Ferrothorn\n|faint|p2a: Ferrothorn\n|\n|-heal|p1a: Groudon|17\/100|[from] item: Leftovers\n|upkeep\n|\n|t:|1698458088\n|switch|p2a: Pikachu|Pikachu, F, tera:Normal|100\/100\n|turn|8\n|\n|t:|1698458091\n|move|p2a: Pikachu|Fake Out|p1a: Groudon\n|-damage|p1a: Groudon|0 fnt\n|faint|p1a: Groudon\n|\n|upkeep\n|\n|t:|1698458096\n|switch|p1a: Torkoal|Torkoal, F, shiny|100\/100\n|-weather|SunnyDay|[from] ability: Drought|[of] p1a: Torkoal\n|turn|9\n|\n|t:|1698458098\n|switch|p2a: Skeledirge|Skeledirge, M|100\/100\n|move|p1a: Torkoal|Stealth Rock|p2a: Skeledirge\n|-sidestart|p2: AnnoyingCanuck|move: Stealth Rock\n|\n|-weather|SunnyDay|[upkeep]\n|upkeep\n|turn|10\n|\n|t:|1698458103\n|switch|p1a: Walking Wake|Walking Wake|100\/100\n|-activate|p1a: Walking Wake|ability: Protosynthesis\n|-start|p1a: Walking Wake|protosynthesisspa\n|move|p2a: Skeledirge|Torch Song|p1a: Walking Wake\n|-resisted|p1a: Walking Wake\n|-damage|p1a: Walking Wake|82\/100\n|-boost|p2a: Skeledirge|spa|1\n|-enditem|p2a: Skeledirge|Throat Spray\n|-boost|p2a: Skeledirge|spa|1|[from] item: Throat Spray\n|\n|-weather|SunnyDay|[upkeep]\n|upkeep\n|turn|11\n|\n|t:|1698458120\n|move|p1a: Walking Wake|Hydro Steam|p2a: Skeledirge\n|-supereffective|p2a: Skeledirge\n|-damage|p2a: Skeledirge|0 fnt\n|faint|p2a: Skeledirge\n|\n|-weather|SunnyDay|[upkeep]\n|upkeep\n|\n|t:|1698458126\n|switch|p2a: Pikachu|Pikachu, F, tera:Normal|100\/100\n|-damage|p2a: Pikachu|88\/100|[from] Stealth Rock\n|turn|12\n|\n|t:|1698458130\n|-end|p1a: Walking Wake|Protosynthesis|[silent]\n|switch|p1a: Typhlosion|Typhlosion-Hisui, F, shiny|100\/100\n|-item|p2a: Pikachu|Light Ball|[from] ability: Frisk|[of] p1a: Typhlosion|[identify]\n|move|p2a: Pikachu|Fake Out|p1a: Typhlosion\n|-immune|p1a: Typhlosion\n|\n|-weather|SunnyDay|[upkeep]\n|upkeep\n|turn|13\n|\n|t:|1698458136\n|move|p1a: Typhlosion|Eruption|p2a: Pikachu\n|-damage|p2a: Pikachu|0 fnt\n|faint|p2a: Pikachu\n|\n|-weather|SunnyDay|[upkeep]\n|upkeep\n|c|\u2606AnnoyingCanuck|gg\n|\n|t:|1698458144\n|switch|p2a: Jynx|Jynx, F|100\/100\n|-damage|p2a: Jynx|76\/100|[from] Stealth Rock\n|turn|14\n|c|\u2606TalisWaffle|Gg\n|c|\u2606TalisWaffle|hol up\n|c|\u2606TalisWaffle|a really good fake out mon\n|c|\u2606TalisWaffle|mienshao\n|c|\u2606TalisWaffle|Regen fake out u turn\n|\n|t:|1698458173\n|move|p1a: Typhlosion|Eruption|p2a: Jynx\n|-supereffective|p2a: Jynx\n|-damage|p2a: Jynx|0 fnt\n|faint|p2a: Jynx\n|\n|win|TalisWaffle\n|raw|TalisWaffle's rating: 1117 &rarr; <strong>1148<\/strong><br \/>(+31 for winning)\n|raw|AnnoyingCanuck's rating: 1201 &rarr; <strong>1170<\/strong><br \/>(-31 for losing)\n","uploadtime":1698458195,"views":7,"p1id":"taliswaffle","p2id":"annoyingcanuck","formatid":"gen9nationaldexubers","rating":1148,"private":0,"password":""}