{"id":"gen9nationaldexubers-1999336234","p1":"KingoftheTitans","p2":"ndou\u6389\u5206\u84dd\u67d0\u4fa0996","format":"[Gen 9] National Dex Ubers","log":"|j|\u2606KingoftheTitans\n|j|\u2606ndou\u6389\u5206\u84dd\u67d0\u4fa0996\n|t:|1701062347\n|gametype|singles\n|player|p1|KingoftheTitans|102|1330\n|player|p2|ndou\u6389\u5206\u84dd\u67d0\u4fa0996|hilbert|1478\n|teamsize|p1|6\n|teamsize|p2|6\n|gen|9\n|tier|[Gen 9] National Dex Ubers\n|rated|\n|rule|HP Percentage Mod: HP is shown in percentages\n|rule|Endless Battle Clause: Forcing endless battles is banned\n|rule|OHKO Clause: OHKO moves are banned\n|rule|Evasion Moves Clause: Evasion moves are banned\n|rule|Evasion Items Clause: Evasion items are banned\n|rule|Species Clause: Limit one of each Pok\u00e9mon\n|rule|Sleep Clause Mod: Limit one foe put to sleep\n|rule|Mega Rayquaza Clause: You cannot mega evolve Rayquaza\n|clearpoke\n|poke|p1|Tornadus, M|\n|poke|p1|Basculegion, M|\n|poke|p1|Druddigon, M|\n|poke|p1|Iron Thorns|\n|poke|p1|Torterra, M|\n|poke|p1|Aggron, M|\n|poke|p2|Dialga|\n|poke|p2|Dracovish|\n|poke|p2|Tyranitar, M|\n|poke|p2|Skeledirge, F|\n|poke|p2|Alomomola, F|\n|poke|p2|Pelipper, M|\n|teampreview\n|\n|t:|1701062360\n|start\n|switch|p1a: Aggron|Aggron, M, shiny|100\/100\n|switch|p2a: \u8001\u73ed|Tyranitar, M, shiny|100\/100\n|-weather|Sandstorm|[from] ability: Sand Stream|[of] p2a: \u8001\u73ed\n|turn|1\n|\n|t:|1701062367\n|detailschange|p2a: \u8001\u73ed|Tyranitar-Mega, M, shiny\n|-mega|p2a: \u8001\u73ed|Tyranitar|Tyranitarite\n|detailschange|p1a: Aggron|Aggron-Mega, M, shiny\n|-mega|p1a: Aggron|Aggron|Aggronite\n|move|p2a: \u8001\u73ed|Stealth Rock|p1a: Aggron\n|-sidestart|p1: KingoftheTitans|move: Stealth Rock\n|move|p1a: Aggron|Iron Defense|p1a: Aggron\n|-boost|p1a: Aggron|def|2\n|\n|-weather|Sandstorm|[upkeep]\n|upkeep\n|turn|2\n|\n|t:|1701062375\n|switch|p2a: \u58ee\u58ee\u5988|Skeledirge, F|100\/100\n|move|p1a: Aggron|Iron Defense|p1a: Aggron\n|-boost|p1a: Aggron|def|2\n|\n|-weather|Sandstorm|[upkeep]\n|-damage|p2a: \u58ee\u58ee\u5988|94\/100|[from] Sandstorm\n|upkeep\n|turn|3\n|\n|t:|1701062386\n|switch|p1a: Druddigon|Druddigon, M, shiny|100\/100\n|-damage|p1a: Druddigon|88\/100|[from] Stealth Rock\n|move|p2a: \u58ee\u58ee\u5988|Will-O-Wisp|p1a: Druddigon\n|-status|p1a: Druddigon|brn\n|\n|-weather|Sandstorm|[upkeep]\n|-damage|p2a: \u58ee\u58ee\u5988|88\/100|[from] Sandstorm\n|-damage|p1a: Druddigon|82\/100 brn|[from] Sandstorm\n|-damage|p1a: Druddigon|76\/100 brn|[from] brn\n|upkeep\n|turn|4\n|\n|t:|1701062396\n|switch|p2a: \u76d6\u9e25\u5361|Pelipper, M, shiny|100\/100\n|-weather|RainDance|[from] ability: Drizzle|[of] p2a: \u76d6\u9e25\u5361\n|move|p1a: Druddigon|Glare|p2a: \u76d6\u9e25\u5361\n|-status|p2a: \u76d6\u9e25\u5361|par\n|\n|-weather|RainDance|[upkeep]\n|-damage|p1a: Druddigon|70\/100 brn|[from] brn\n|upkeep\n|turn|5\n|\n|t:|1701062405\n|move|p1a: Druddigon|Stealth Rock|p2a: \u76d6\u9e25\u5361\n|-sidestart|p2: ndou\u6389\u5206\u84dd\u67d0\u4fa0996|move: Stealth Rock\n|move|p2a: \u76d6\u9e25\u5361|Tailwind|p2a: \u76d6\u9e25\u5361\n|-sidestart|p2: ndou\u6389\u5206\u84dd\u67d0\u4fa0996|move: Tailwind\n|\n|-weather|RainDance|[upkeep]\n|-damage|p1a: Druddigon|64\/100 brn|[from] brn\n|upkeep\n|turn|6\n|\n|t:|1701062412\n|switch|p2a: \u8482\u8482|Dialga, shiny|100\/100\n|-damage|p2a: \u8482\u8482|94\/100|[from] Stealth Rock\n|-ability|p2a: \u8482\u8482|Pressure\n|move|p1a: Druddigon|Dragon Claw|p2a: \u8482\u8482\n|-damage|p2a: \u8482\u8482|77\/100\n|\n|-weather|RainDance|[upkeep]\n|-damage|p1a: Druddigon|57\/100 brn|[from] brn\n|upkeep\n|turn|7\n|\n|t:|1701062424\n|move|p2a: \u8482\u8482|Flash Cannon|p1a: Druddigon\n|-damage|p1a: Druddigon|0 fnt\n|faint|p1a: Druddigon\n|\n|-weather|RainDance|[upkeep]\n|upkeep\n|\n|t:|1701062436\n|switch|p1a: Aggron|Aggron-Mega, M, shiny|100\/100\n|-damage|p1a: Aggron|94\/100|[from] Stealth Rock\n|turn|8\n|\n|t:|1701062440\n|move|p2a: \u8482\u8482|Flash Cannon|p1a: Aggron\n|-resisted|p1a: Aggron\n|-damage|p1a: Aggron|62\/100\n|move|p1a: Aggron|Body Press|p2a: \u8482\u8482\n|-supereffective|p2a: \u8482\u8482\n|-damage|p2a: \u8482\u8482|5\/100\n|\n|-weather|none\n|-sideend|p2: ndou\u6389\u5206\u84dd\u67d0\u4fa0996|move: Tailwind\n|upkeep\n|turn|9\n|\n|t:|1701062450\n|move|p2a: \u8482\u8482|Flash Cannon|p1a: Aggron\n|-resisted|p1a: Aggron\n|-damage|p1a: Aggron|30\/100\n|move|p1a: Aggron|Rest|p1a: Aggron\n|-status|p1a: Aggron|slp|[from] move: Rest\n|-heal|p1a: Aggron|100\/100 slp|[silent]\n|\n|upkeep\n|turn|10\n|\n|t:|1701062457\n|switch|p2a: \u76d6\u9e25\u5361|Pelipper, M, shiny|100\/100 par\n|-weather|RainDance|[from] ability: Drizzle|[of] p2a: \u76d6\u9e25\u5361\n|cant|p1a: Aggron|slp\n|move|p1a: Aggron|Sleep Talk|p1a: Aggron\n|move|p1a: Aggron|Body Press|p2a: \u76d6\u9e25\u5361|[from]move: Sleep Talk\n|-resisted|p2a: \u76d6\u9e25\u5361\n|-damage|p2a: \u76d6\u9e25\u5361|80\/100 par\n|\n|-weather|RainDance|[upkeep]\n|upkeep\n|turn|11\n|\n|t:|1701062467\n|cant|p1a: Aggron|slp\n|move|p1a: Aggron|Sleep Talk|p1a: Aggron\n|move|p1a: Aggron|Iron Defense|p1a: Aggron|[from]move: Sleep Talk\n|-boost|p1a: Aggron|def|2\n|move|p2a: \u76d6\u9e25\u5361|Defog|p1a: Aggron\n|-unboost|p1a: Aggron|evasion|1\n|-sideend|p1: KingoftheTitans|Stealth Rock|[from] move: Defog|[of] p2a: \u76d6\u9e25\u5361\n|-sideend|p2: ndou\u6389\u5206\u84dd\u67d0\u4fa0996|Stealth Rock|[from] move: Defog|[of] p2a: \u76d6\u9e25\u5361\n|\n|-weather|RainDance|[upkeep]\n|upkeep\n|turn|12\n|\n|t:|1701062476\n|switch|p2a: \u5988\u5988\u6551\u6211|Alomomola, F|100\/100\n|-curestatus|p1a: Aggron|slp|[msg]\n|move|p1a: Aggron|Body Press|p2a: \u5988\u5988\u6551\u6211\n|-damage|p2a: \u5988\u5988\u6551\u6211|62\/100\n|-damage|p1a: Aggron|84\/100|[from] item: Rocky Helmet|[of] p2a: \u5988\u5988\u6551\u6211\n|\n|-weather|RainDance|[upkeep]\n|upkeep\n|turn|13\n|\n|t:|1701062485\n|move|p1a: Aggron|Iron Defense|p1a: Aggron\n|-boost|p1a: Aggron|def|2\n|move|p2a: \u5988\u5988\u6551\u6211|Wish|p2a: \u5988\u5988\u6551\u6211\n|\n|-weather|RainDance|[upkeep]\n|upkeep\n|turn|14\n|\n|t:|1701062495\n|move|p1a: Aggron|Iron Defense|p1a: Aggron\n|-boost|p1a: Aggron|def|2\n|move|p2a: \u5988\u5988\u6551\u6211|Flip Turn|p1a: Aggron\n|-damage|p1a: Aggron|80\/100\n|\n|t:|1701062498\n|switch|p2a: \u8482\u8482|Dialga, shiny|5\/100|[from] Flip Turn\n|-ability|p2a: \u8482\u8482|Pressure\n|\n|-weather|none\n|-heal|p2a: \u8482\u8482|83\/100|[from] move: Wish|[wisher] \u5988\u5988\u6551\u6211\n|upkeep\n|turn|15\n|\n|t:|1701062507\n|move|p2a: \u8482\u8482|Overheat|p1a: Aggron\n|-supereffective|p1a: Aggron\n|-damage|p1a: Aggron|0 fnt\n|-unboost|p2a: \u8482\u8482|spa|2\n|faint|p1a: Aggron\n|\n|upkeep\n|\n|t:|1701062513\n|switch|p1a: Torterra|Torterra, M|100\/100\n|turn|16\n|\n|t:|1701062522\n|switch|p2a: \u58ee\u58ee\u5988|Skeledirge, F|88\/100\n|move|p1a: Torterra|Shell Smash|p1a: Torterra\n|-unboost|p1a: Torterra|def|1\n|-unboost|p1a: Torterra|spd|1\n|-boost|p1a: Torterra|atk|2\n|-boost|p1a: Torterra|spa|2\n|-boost|p1a: Torterra|spe|2\n|\n|upkeep\n|turn|17\n|\n|t:|1701062529\n|move|p1a: Torterra|Headlong Rush|p2a: \u58ee\u58ee\u5988\n|-supereffective|p2a: \u58ee\u58ee\u5988\n|-damage|p2a: \u58ee\u58ee\u5988|18\/100\n|-unboost|p1a: Torterra|def|1\n|-unboost|p1a: Torterra|spd|1\n|move|p2a: \u58ee\u58ee\u5988|Will-O-Wisp|p1a: Torterra\n|-status|p1a: Torterra|brn\n|\n|-damage|p1a: Torterra|94\/100 brn|[from] brn\n|upkeep\n|turn|18\n|\n|t:|1701062538\n|move|p1a: Torterra|Rock Blast|p2a: \u58ee\u58ee\u5988\n|-supereffective|p2a: \u58ee\u58ee\u5988\n|-damage|p2a: \u58ee\u58ee\u5988|13\/100\n|-supereffective|p2a: \u58ee\u58ee\u5988\n|-damage|p2a: \u58ee\u58ee\u5988|8\/100\n|-supereffective|p2a: \u58ee\u58ee\u5988\n|-damage|p2a: \u58ee\u58ee\u5988|3\/100\n|-supereffective|p2a: \u58ee\u58ee\u5988\n|-damage|p2a: \u58ee\u58ee\u5988|0 fnt\n|faint|p2a: \u58ee\u58ee\u5988\n|-hitcount|p2: \u58ee\u58ee\u5988|4\n|\n|-damage|p1a: Torterra|88\/100 brn|[from] brn\n|upkeep\n|\n|t:|1701062543\n|switch|p2a: \u8482\u8482|Dialga, shiny|83\/100\n|-ability|p2a: \u8482\u8482|Pressure\n|turn|19\n|\n|t:|1701062556\n|move|p1a: Torterra|Headlong Rush|p2a: \u8482\u8482\n|-supereffective|p2a: \u8482\u8482\n|-damage|p2a: \u8482\u8482|0 fnt\n|-unboost|p1a: Torterra|def|1\n|-unboost|p1a: Torterra|spd|1\n|faint|p2a: \u8482\u8482\n|\n|-damage|p1a: Torterra|82\/100 brn|[from] brn\n|upkeep\n|\n|t:|1701062563\n|switch|p2a: \u8001\u73ed|Tyranitar-Mega, M, shiny|100\/100\n|-weather|Sandstorm|[from] ability: Sand Stream|[of] p2a: \u8001\u73ed\n|turn|20\n|\n|t:|1701062575\n|switch|p2a: \u5988\u5988\u6551\u6211|Alomomola, F|95\/100\n|move|p1a: Torterra|Bullet Seed|p2a: \u5988\u5988\u6551\u6211\n|-supereffective|p2a: \u5988\u5988\u6551\u6211\n|-damage|p2a: \u5988\u5988\u6551\u6211|83\/100\n|-supereffective|p2a: \u5988\u5988\u6551\u6211\n|-damage|p2a: \u5988\u5988\u6551\u6211|72\/100\n|-supereffective|p2a: \u5988\u5988\u6551\u6211\n|-damage|p2a: \u5988\u5988\u6551\u6211|60\/100\n|-supereffective|p2a: \u5988\u5988\u6551\u6211\n|-damage|p2a: \u5988\u5988\u6551\u6211|48\/100\n|-supereffective|p2a: \u5988\u5988\u6551\u6211\n|-damage|p2a: \u5988\u5988\u6551\u6211|35\/100\n|-hitcount|p2a: \u5988\u5988\u6551\u6211|5\n|\n|-weather|Sandstorm|[upkeep]\n|-damage|p2a: \u5988\u5988\u6551\u6211|29\/100|[from] Sandstorm\n|-damage|p1a: Torterra|76\/100 brn|[from] brn\n|upkeep\n|turn|21\n|\n|t:|1701062588\n|-terastallize|p2a: \u5988\u5988\u6551\u6211|Dragon\n|move|p1a: Torterra|Bullet Seed|p2a: \u5988\u5988\u6551\u6211\n|-resisted|p2a: \u5988\u5988\u6551\u6211\n|-damage|p2a: \u5988\u5988\u6551\u6211|26\/100\n|-resisted|p2a: \u5988\u5988\u6551\u6211\n|-damage|p2a: \u5988\u5988\u6551\u6211|23\/100\n|-resisted|p2a: \u5988\u5988\u6551\u6211\n|-damage|p2a: \u5988\u5988\u6551\u6211|20\/100\n|-resisted|p2a: \u5988\u5988\u6551\u6211\n|-damage|p2a: \u5988\u5988\u6551\u6211|17\/100\n|-hitcount|p2a: \u5988\u5988\u6551\u6211|4\n|move|p2a: \u5988\u5988\u6551\u6211|Wish|p2a: \u5988\u5988\u6551\u6211\n|\n|-weather|Sandstorm|[upkeep]\n|-damage|p2a: \u5988\u5988\u6551\u6211|11\/100|[from] Sandstorm\n|-damage|p1a: Torterra|70\/100 brn|[from] brn\n|upkeep\n|turn|22\n|\n|t:|1701062601\n|move|p2a: \u5988\u5988\u6551\u6211|Protect|p2a: \u5988\u5988\u6551\u6211\n|-singleturn|p2a: \u5988\u5988\u6551\u6211|Protect\n|move|p1a: Torterra|Headlong Rush|p2a: \u5988\u5988\u6551\u6211\n|-activate|p2a: \u5988\u5988\u6551\u6211|move: Protect\n|\n|-weather|Sandstorm|[upkeep]\n|-damage|p2a: \u5988\u5988\u6551\u6211|5\/100|[from] Sandstorm\n|-heal|p2a: \u5988\u5988\u6551\u6211|55\/100|[from] move: Wish|[wisher] \u5988\u5988\u6551\u6211\n|-damage|p1a: Torterra|64\/100 brn|[from] brn\n|upkeep\n|turn|23\n|\n|t:|1701062611\n|move|p1a: Torterra|Shell Smash|p1a: Torterra\n|-unboost|p1a: Torterra|def|1\n|-unboost|p1a: Torterra|spd|1\n|-boost|p1a: Torterra|atk|2\n|-boost|p1a: Torterra|spa|2\n|-boost|p1a: Torterra|spe|2\n|move|p2a: \u5988\u5988\u6551\u6211|Wish|p2a: \u5988\u5988\u6551\u6211\n|\n|-weather|Sandstorm|[upkeep]\n|-damage|p2a: \u5988\u5988\u6551\u6211|49\/100|[from] Sandstorm\n|-damage|p1a: Torterra|58\/100 brn|[from] brn\n|upkeep\n|turn|24\n|\n|t:|1701062623\n|move|p2a: \u5988\u5988\u6551\u6211|Protect|p2a: \u5988\u5988\u6551\u6211\n|-singleturn|p2a: \u5988\u5988\u6551\u6211|Protect\n|move|p1a: Torterra|Headlong Rush|p2a: \u5988\u5988\u6551\u6211\n|-activate|p2a: \u5988\u5988\u6551\u6211|move: Protect\n|\n|-weather|none\n|-heal|p2a: \u5988\u5988\u6551\u6211|99\/100|[from] move: Wish|[wisher] \u5988\u5988\u6551\u6211\n|-damage|p1a: Torterra|52\/100 brn|[from] brn\n|upkeep\n|turn|25\n|\n|t:|1701062633\n|move|p1a: Torterra|Headlong Rush|p2a: \u5988\u5988\u6551\u6211\n|-damage|p2a: \u5988\u5988\u6551\u6211|58\/100\n|-unboost|p1a: Torterra|def|1\n|-unboost|p1a: Torterra|spd|1\n|-damage|p1a: Torterra|36\/100 brn|[from] item: Rocky Helmet|[of] p2a: \u5988\u5988\u6551\u6211\n|move|p2a: \u5988\u5988\u6551\u6211|Flip Turn|p1a: Torterra\n|-damage|p1a: Torterra|0 fnt\n|faint|p1a: Torterra\n|\n|t:|1701062640\n|switch|p2a: \u8001\u73ed|Tyranitar-Mega, M, shiny|100\/100|[from] Flip Turn\n|-weather|Sandstorm|[from] ability: Sand Stream|[of] p2a: \u8001\u73ed\n|\n|-weather|Sandstorm|[upkeep]\n|upkeep\n|\n|t:|1701062646\n|switch|p1a: Iron Thorns|Iron Thorns|100\/100\n|-item|p1a: Iron Thorns|Air Balloon\n|turn|26\n|\n|t:|1701062653\n|move|p1a: Iron Thorns|Dragon Dance|p1a: Iron Thorns\n|-boost|p1a: Iron Thorns|atk|1\n|-boost|p1a: Iron Thorns|spe|1\n|move|p2a: \u8001\u73ed|Stealth Rock|p1a: Iron Thorns\n|-sidestart|p1: KingoftheTitans|move: Stealth Rock\n|\n|-weather|Sandstorm|[upkeep]\n|upkeep\n|turn|27\n|\n|t:|1701062659\n|move|p1a: Iron Thorns|Dragon Dance|p1a: Iron Thorns\n|-boost|p1a: Iron Thorns|atk|1\n|-boost|p1a: Iron Thorns|spe|1\n|move|p2a: \u8001\u73ed|Knock Off|p1a: Iron Thorns\n|-damage|p1a: Iron Thorns|39\/100\n|-enditem|p1a: Iron Thorns|Air Balloon\n|\n|-weather|Sandstorm|[upkeep]\n|upkeep\n|turn|28\n|\n|t:|1701062666\n|move|p1a: Iron Thorns|Stone Edge|p2a: \u8001\u73ed\n|-damage|p2a: \u8001\u73ed|37\/100\n|move|p2a: \u8001\u73ed|Knock Off|p1a: Iron Thorns\n|-damage|p1a: Iron Thorns|0 fnt\n|faint|p1a: Iron Thorns\n|-end|p1a: Iron Thorns|Quark Drive|[silent]\n|\n|-weather|Sandstorm|[upkeep]\n|upkeep\n|\n|t:|1701062673\n|switch|p1a: Basculegion|Basculegion, M|100\/100\n|-damage|p1a: Basculegion|88\/100|[from] Stealth Rock\n|turn|29\n|\n|t:|1701062679\n|switch|p2a: \u76d6\u9e25\u5361|Pelipper, M, shiny|80\/100 par\n|-weather|RainDance|[from] ability: Drizzle|[of] p2a: \u76d6\u9e25\u5361\n|move|p1a: Basculegion|Flip Turn|p2a: \u76d6\u9e25\u5361\n|-resisted|p2a: \u76d6\u9e25\u5361\n|-damage|p2a: \u76d6\u9e25\u5361|51\/100 par\n|\n|t:|1701062685\n|switch|p1a: Tornadus|Tornadus, M|100\/100|[from] Flip Turn\n|\n|-weather|RainDance|[upkeep]\n|upkeep\n|turn|30\n|\n|t:|1701062692\n|move|p1a: Tornadus|Defog|p2a: \u76d6\u9e25\u5361\n|-unboost|p2a: \u76d6\u9e25\u5361|evasion|1\n|-sideend|p1: KingoftheTitans|Stealth Rock|[from] move: Defog|[of] p1a: Tornadus\n|cant|p2a: \u76d6\u9e25\u5361|par\n|\n|-weather|RainDance|[upkeep]\n|upkeep\n|turn|31\n|\n|t:|1701062698\n|move|p1a: Tornadus|Hurricane|p2a: \u76d6\u9e25\u5361\n|-damage|p2a: \u76d6\u9e25\u5361|0 fnt\n|faint|p2a: \u76d6\u9e25\u5361\n|\n|-weather|RainDance|[upkeep]\n|upkeep\n|\n|t:|1701062706\n|switch|p2a: \u8001\u73ed|Tyranitar-Mega, M, shiny|37\/100\n|-weather|Sandstorm|[from] ability: Sand Stream|[of] p2a: \u8001\u73ed\n|turn|32\n|\n|t:|1701062710\n|-terastallize|p1a: Tornadus|Fighting\n|move|p1a: Tornadus|Focus Blast|p2a: \u8001\u73ed\n|-supereffective|p2a: \u8001\u73ed\n|-damage|p2a: \u8001\u73ed|0 fnt\n|faint|p2a: \u8001\u73ed\n|\n|-weather|Sandstorm|[upkeep]\n|-damage|p1a: Tornadus|94\/100|[from] Sandstorm\n|upkeep\n|\n|t:|1701062713\n|switch|p2a: \u9c7c\u795e|Dracovish, shiny|100\/100\n|turn|33\n|\n|t:|1701062719\n|move|p1a: Tornadus|Tailwind|p1a: Tornadus\n|-sidestart|p1: KingoftheTitans|move: Tailwind\n|move|p2a: \u9c7c\u795e|Fishious Rend|p1a: Tornadus\n|-damage|p1a: Tornadus|36\/100\n|\n|-weather|Sandstorm|[upkeep]\n|-damage|p1a: Tornadus|30\/100|[from] Sandstorm\n|upkeep\n|turn|34\n|\n|t:|1701062725\n|move|p1a: Tornadus|Hurricane|p2a: \u9c7c\u795e\n|-damage|p2a: \u9c7c\u795e|30\/100\n|move|p2a: \u9c7c\u795e|Fishious Rend|p1a: Tornadus\n|-damage|p1a: Tornadus|0 fnt\n|faint|p1a: Tornadus\n|\n|-weather|Sandstorm|[upkeep]\n|upkeep\n|\n|t:|1701062731\n|switch|p1a: Basculegion|Basculegion, M|88\/100\n|turn|35\n|\n|t:|1701062734\n|switch|p2a: \u5988\u5988\u6551\u6211|Alomomola, F, tera:Dragon|91\/100\n|move|p1a: Basculegion|Last Respects|p2a: \u5988\u5988\u6551\u6211\n|-damage|p2a: \u5988\u5988\u6551\u6211|0 fnt\n|faint|p2a: \u5988\u5988\u6551\u6211\n|\n|-weather|Sandstorm|[upkeep]\n|-damage|p1a: Basculegion|82\/100|[from] Sandstorm\n|upkeep\n|\n|t:|1701062737\n|switch|p2a: \u9c7c\u795e|Dracovish, shiny|30\/100\n|turn|36\n|c|\u2606KingoftheTitans|gg\n|\n|t:|1701062744\n|move|p1a: Basculegion|Last Respects|p2a: \u9c7c\u795e\n|-damage|p2a: \u9c7c\u795e|0 fnt\n|faint|p2a: \u9c7c\u795e\n|\n|win|KingoftheTitans\n|raw|KingoftheTitans's rating: 1330 &rarr; <strong>1358<\/strong><br \/>(+28 for winning)\n|raw|ndou\u6389\u5206\u84dd\u67d0\u4fa0996's rating: 1478 &rarr; <strong>1450<\/strong><br \/>(-28 for losing)\n|l|\u2606ndou\u6389\u5206\u84dd\u67d0\u4fa0996\n","uploadtime":1701062753,"views":1,"p1id":"kingofthetitans","p2id":"ndou996","formatid":"gen9nationaldexubers","rating":1358,"private":0,"password":""}