{"id":"gen9nationaldexubers-1978868920","p1":"spidernoculus","p2":"Berad773","format":"[Gen 9] National Dex Ubers","log":"|j|\u2606spidernoculus\n|j|\u2606Berad773\n|t:|1698604643\n|gametype|singles\n|player|p1|spidernoculus|rosa|\n|player|p2|Berad773|266|\n|teamsize|p1|6\n|teamsize|p2|6\n|gen|9\n|tier|[Gen 9] National Dex Ubers\n|rule|HP Percentage Mod: HP is shown in percentages\n|rule|Endless Battle Clause: Forcing endless battles is banned\n|rule|OHKO Clause: OHKO moves are banned\n|rule|Evasion Moves Clause: Evasion moves are banned\n|rule|Evasion Items Clause: Evasion items are banned\n|rule|Species Clause: Limit one of each Pok\u00e9mon\n|rule|Sleep Clause Mod: Limit one foe put to sleep\n|rule|Mega Rayquaza Clause: You cannot mega evolve Rayquaza\n|clearpoke\n|poke|p1|Genesect|\n|poke|p1|Necrozma-Dawn-Wings|\n|poke|p1|Zygarde|\n|poke|p1|Iron Bundle|\n|poke|p1|Arceus-Ice|\n|poke|p1|Zacian-*|\n|poke|p2|Groudon|\n|poke|p2|Lugia|\n|poke|p2|Arceus-Fire|\n|poke|p2|Chien-Pao|\n|poke|p2|Landorus, M|\n|poke|p2|Walking Wake|\n|teampreview\n|c|\u2606spidernoculus|GL HF\n|c|\u2606Berad773|GL HF\n|\n|t:|1698604668\n|start\n|switch|p1a: Arceus|Arceus-Ice|100\/100\n|switch|p2a: Groudon|Groudon|100\/100\n|-weather|SunnyDay|[from] ability: Drought|[of] p2a: Groudon\n|turn|1\n|\n|t:|1698604685\n|switch|p2a: Walking Wake|Walking Wake|100\/100\n|-activate|p2a: Walking Wake|ability: Protosynthesis\n|-start|p2a: Walking Wake|protosynthesisspa\n|move|p1a: Arceus|Judgment|p2a: Walking Wake\n|-damage|p2a: Walking Wake|22\/100\n|\n|-weather|SunnyDay|[upkeep]\n|upkeep\n|turn|2\n|\n|t:|1698604703\n|move|p2a: Walking Wake|Flamethrower|p1a: Arceus\n|-supereffective|p1a: Arceus\n|-damage|p1a: Arceus|0 fnt\n|faint|p1a: Arceus\n|-damage|p2a: Walking Wake|12\/100|[from] item: Life Orb\n|\n|-weather|SunnyDay|[upkeep]\n|upkeep\n|\n|t:|1698604722\n|switch|p1a: Zacian|Zacian|100\/100\n|-ability|p1a: Zacian|Intrepid Sword|boost\n|-boost|p1a: Zacian|atk|1\n|turn|3\n|\n|t:|1698604732\n|move|p1a: Zacian|Play Rough|p2a: Walking Wake\n|-supereffective|p2a: Walking Wake\n|-damage|p2a: Walking Wake|0 fnt\n|faint|p2a: Walking Wake\n|-end|p2a: Walking Wake|Protosynthesis|[silent]\n|\n|-weather|SunnyDay|[upkeep]\n|upkeep\n|\n|t:|1698604744\n|switch|p2a: Arceus|Arceus-Fire|100\/100\n|turn|4\n|\n|t:|1698604751\n|switch|p1a: Zygarde|Zygarde|100\/100\n|-ability|p1a: Zygarde|Aura Break\n|move|p2a: Arceus|Calm Mind|p2a: Arceus\n|-boost|p2a: Arceus|spa|1\n|-boost|p2a: Arceus|spd|1\n|\n|-weather|SunnyDay|[upkeep]\n|upkeep\n|turn|5\n|\n|t:|1698604764\n|move|p2a: Arceus|Draco Meteor|p1a: Zygarde\n|-supereffective|p1a: Zygarde\n|-damage|p1a: Zygarde|28\/100\n|-unboost|p2a: Arceus|spa|2\n|move|p1a: Zygarde|Thousand Arrows|p2a: Arceus\n|-supereffective|p2a: Arceus\n|-damage|p2a: Arceus|42\/100\n|\n|-weather|none\n|upkeep\n|turn|6\n|\n|t:|1698604779\n|move|p2a: Arceus|Draco Meteor|p1a: Zygarde\n|-supereffective|p1a: Zygarde\n|-damage|p1a: Zygarde|0 fnt\n|-unboost|p2a: Arceus|spa|2\n|faint|p1a: Zygarde\n|\n|upkeep\n|\n|t:|1698604786\n|switch|p1a: Iron Bundle|Iron Bundle|100\/100\n|-enditem|p1a: Iron Bundle|Booster Energy\n|-activate|p1a: Iron Bundle|ability: Quark Drive|[fromitem]\n|-start|p1a: Iron Bundle|quarkdrivespa\n|turn|7\n|\n|t:|1698604803\n|move|p1a: Iron Bundle|Agility|p1a: Iron Bundle\n|-boost|p1a: Iron Bundle|spe|2\n|move|p2a: Arceus|Draco Meteor|p1a: Iron Bundle\n|-damage|p1a: Iron Bundle|63\/100\n|-unboost|p2a: Arceus|spa|2\n|\n|upkeep\n|turn|8\n|\n|t:|1698604813\n|move|p1a: Iron Bundle|Hydro Pump|p2a: Arceus\n|-supereffective|p2a: Arceus\n|-damage|p2a: Arceus|0 fnt\n|faint|p2a: Arceus\n|\n|upkeep\n|\n|t:|1698604824\n|switch|p2a: Chien-Pao|Chien-Pao|100\/100\n|-ability|p2a: Chien-Pao|Sword of Ruin\n|turn|9\n|\n|t:|1698604832\n|move|p1a: Iron Bundle|Hydro Pump|p2a: Chien-Pao\n|-enditem|p2a: Chien-Pao|Focus Sash\n|-damage|p2a: Chien-Pao|1\/100\n|move|p2a: Chien-Pao|Sacred Sword|p1a: Iron Bundle\n|-supereffective|p1a: Iron Bundle\n|-damage|p1a: Iron Bundle|0 fnt\n|faint|p1a: Iron Bundle\n|-end|p1a: Iron Bundle|Quark Drive|[silent]\n|\n|upkeep\n|\n|t:|1698604842\n|switch|p1a: Zacian|Zacian|100\/100\n|turn|10\n|\n|t:|1698604851\n|move|p2a: Chien-Pao|Ice Shard|p1a: Zacian\n|-damage|p1a: Zacian|76\/100\n|move|p1a: Zacian|Play Rough|p2a: Chien-Pao\n|-supereffective|p2a: Chien-Pao\n|-damage|p2a: Chien-Pao|0 fnt\n|faint|p2a: Chien-Pao\n|\n|upkeep\n|\n|t:|1698604861\n|switch|p2a: Lugia|Lugia|100\/100\n|turn|11\n|\n|t:|1698604868\n|move|p1a: Zacian|Play Rough|p2a: Lugia\n|-damage|p2a: Lugia|83\/100\n|move|p2a: Lugia|Calm Mind|p2a: Lugia\n|-boost|p2a: Lugia|spa|1\n|-boost|p2a: Lugia|spd|1\n|\n|-heal|p2a: Lugia|89\/100|[from] item: Leftovers\n|upkeep\n|turn|12\n|\n|t:|1698604879\n|move|p1a: Zacian|Play Rough|p2a: Lugia\n|-crit|p2a: Lugia\n|-damage|p2a: Lugia|42\/100\n|move|p2a: Lugia|Calm Mind|p2a: Lugia\n|-boost|p2a: Lugia|spa|1\n|-boost|p2a: Lugia|spd|1\n|\n|-heal|p2a: Lugia|48\/100|[from] item: Leftovers\n|upkeep\n|turn|13\n|\n|t:|1698604891\n|move|p1a: Zacian|Play Rough|p2a: Lugia\n|-damage|p2a: Lugia|13\/100\n|move|p2a: Lugia|Recover|p2a: Lugia\n|-heal|p2a: Lugia|63\/100\n|\n|-heal|p2a: Lugia|70\/100|[from] item: Leftovers\n|upkeep\n|turn|14\n|\n|t:|1698604901\n|move|p1a: Zacian|Play Rough|p2a: Lugia\n|-damage|p2a: Lugia|36\/100\n|move|p2a: Lugia|Recover|p2a: Lugia\n|-heal|p2a: Lugia|86\/100\n|\n|-heal|p2a: Lugia|92\/100|[from] item: Leftovers\n|upkeep\n|turn|15\n|\n|t:|1698604910\n|move|p1a: Zacian|Play Rough|p2a: Lugia\n|-damage|p2a: Lugia|58\/100\n|-unboost|p2a: Lugia|atk|1\n|move|p2a: Lugia|Aeroblast|p1a: Zacian\n|-damage|p1a: Zacian|14\/100\n|\n|-heal|p2a: Lugia|64\/100|[from] item: Leftovers\n|upkeep\n|turn|16\n|\n|t:|1698604923\n|move|p1a: Zacian|Play Rough|p2a: Lugia\n|-damage|p2a: Lugia|33\/100\n|move|p2a: Lugia|Aeroblast|p1a: Zacian\n|-damage|p1a: Zacian|0 fnt\n|faint|p1a: Zacian\n|\n|-heal|p2a: Lugia|39\/100|[from] item: Leftovers\n|upkeep\n|\n|t:|1698604932\n|switch|p1a: Necrozma|Necrozma-Dawn-Wings|100\/100\n|turn|17\n|\n|t:|1698604940\n|move|p2a: Lugia|Recover|p2a: Lugia\n|-heal|p2a: Lugia|89\/100\n|move|p1a: Necrozma|Moongeist Beam|p2a: Lugia\n|-supereffective|p2a: Lugia\n|-damage|p2a: Lugia|50\/100\n|\n|-heal|p2a: Lugia|57\/100|[from] item: Leftovers\n|upkeep\n|turn|18\n|\n|t:|1698604953\n|move|p2a: Lugia|Recover|p2a: Lugia\n|-heal|p2a: Lugia|100\/100\n|move|p1a: Necrozma|Moongeist Beam|p2a: Lugia\n|-supereffective|p2a: Lugia\n|-damage|p2a: Lugia|61\/100\n|\n|-heal|p2a: Lugia|67\/100|[from] item: Leftovers\n|upkeep\n|turn|19\n|\n|t:|1698604966\n|move|p2a: Lugia|Aeroblast|p1a: Necrozma\n|-damage|p1a: Necrozma|60\/100\n|-zpower|p1a: Necrozma\n|move|p1a: Necrozma|Menacing Moonraze Maelstrom|p2a: Lugia|[zeffect]\n|-supereffective|p2a: Lugia\n|-damage|p2a: Lugia|0 fnt\n|faint|p2a: Lugia\n|\n|upkeep\n|\n|t:|1698604979\n|switch|p2a: Landorus|Landorus, M|100\/100\n|turn|20\n|\n|t:|1698604990\n|move|p2a: Landorus|Knock Off|p1a: Necrozma\n|-supereffective|p1a: Necrozma\n|-damage|p1a: Necrozma|0 fnt\n|faint|p1a: Necrozma\n|-damage|p2a: Landorus|91\/100|[from] item: Life Orb\n|\n|upkeep\n|\n|t:|1698604997\n|switch|p1a: Genesect|Genesect|100\/100\n|-ability|p1a: Genesect|Download|boost\n|-boost|p1a: Genesect|spa|1\n|turn|21\n|\n|t:|1698605005\n|move|p1a: Genesect|Ice Beam|p2a: Landorus\n|-supereffective|p2a: Landorus\n|-damage|p2a: Landorus|0 fnt\n|faint|p2a: Landorus\n|\n|upkeep\n|\n|t:|1698605011\n|switch|p2a: Groudon|Groudon|100\/100\n|-weather|SunnyDay|[from] ability: Drought|[of] p2a: Groudon\n|turn|22\n|\n|t:|1698605017\n|move|p1a: Genesect|Ice Beam|p2a: Groudon\n|-supereffective|p2a: Groudon\n|-damage|p2a: Groudon|11\/100\n|move|p2a: Groudon|Fire Punch|p1a: Genesect\n|-supereffective|p1a: Genesect\n|-damage|p1a: Genesect|0 fnt\n|faint|p1a: Genesect\n|-damage|p2a: Groudon|1\/100|[from] item: Life Orb\n|\n|win|Berad773\n|c|\u2606spidernoculus|gg\n|c|\u2606Berad773|Gg\n","uploadtime":1698605039,"views":14,"p1id":"spidernoculus","p2id":"berad773","formatid":"gen9nationaldexubers","rating":0,"private":0,"password":""}