{"id":"gen9nationaldexubers-1983793828","p1":"hcff","p2":"Soyeon is a cutie","format":"[Gen 9] National Dex Ubers","log":"|j|\u2606hcff\n|j|\u2606Soyeon is a cutie\n|t:|1699182299\n|gametype|singles\n|player|p1|hcff|ingo|1546\n|player|p2|Soyeon is a cutie|idol|1730\n|teamsize|p1|6\n|teamsize|p2|6\n|gen|9\n|tier|[Gen 9] National Dex Ubers\n|rated|\n|rule|HP Percentage Mod: HP is shown in percentages\n|rule|Endless Battle Clause: Forcing endless battles is banned\n|rule|OHKO Clause: OHKO moves are banned\n|rule|Evasion Moves Clause: Evasion moves are banned\n|rule|Evasion Items Clause: Evasion items are banned\n|rule|Species Clause: Limit one of each Pok\u00e9mon\n|rule|Sleep Clause Mod: Limit one foe put to sleep\n|rule|Mega Rayquaza Clause: You cannot mega evolve Rayquaza\n|clearpoke\n|poke|p1|Lunala|\n|poke|p1|Magearna|\n|poke|p1|Groudon|\n|poke|p1|Giratina-Origin|\n|poke|p1|Zygarde|\n|poke|p1|Xerneas-*|\n|poke|p2|Arceus-Fairy|\n|poke|p2|Kingambit, M|\n|poke|p2|Ditto|\n|poke|p2|Urshifu-*, M|\n|poke|p2|Lunala|\n|poke|p2|Necrozma-Dusk-Mane|\n|teampreview\n|inactive|Battle timer is ON: inactive players will automatically lose when time's up. (requested by hcff)\n|inactive|Soyeon is a cutie also wants the timer to be on.\n|j| PyroWolf_37\n|\n|t:|1699182324\n|start\n|switch|p1a: Groudon|Groudon|100\/100\n|switch|p2a: Necrozma|Necrozma-Dusk-Mane, shiny|100\/100\n|detailschange|p1a: Groudon|Groudon-Primal\n|-primal|p1a: Groudon|Red Orb\n|-weather|DesolateLand|[from] ability: Desolate Land|[of] p1a: Groudon\n|turn|1\n|\n|t:|1699182334\n|detailschange|p2a: Necrozma|Necrozma-Ultra, shiny\n|-burst|p2a: Necrozma|Necrozma|Ultranecrozium Z\n|move|p2a: Necrozma|Earth Power|p1a: Groudon\n|-supereffective|p1a: Groudon\n|-damage|p1a: Groudon|32\/100\n|move|p1a: Groudon|Earthquake|p2a: Necrozma\n|-damage|p2a: Necrozma|36\/100\n|\n|-weather|DesolateLand|[upkeep]\n|upkeep\n|turn|2\n|\n|t:|1699182345\n|move|p2a: Necrozma|Photon Geyser|p1a: Groudon\n|-damage|p1a: Groudon|0 fnt\n|faint|p1a: Groudon\n|-weather|none\n|\n|upkeep\n|\n|t:|1699182347\n|switch|p1a: Xerneas|Xerneas|100\/100\n|-ability|p1a: Xerneas|Fairy Aura\n|turn|3\n|\n|t:|1699182351\n|move|p1a: Xerneas|Moonblast|p2a: Necrozma\n|-supereffective|p2a: Necrozma\n|-damage|p2a: Necrozma|0 fnt\n|faint|p2a: Necrozma\n|\n|upkeep\n|\n|t:|1699182358\n|switch|p2a: Arceus|Arceus-Fairy|100\/100\n|turn|4\n|\n|t:|1699182362\n|switch|p1a: Magearna|Magearna|100\/100\n|move|p2a: Arceus|Judgment|p1a: Magearna\n|-resisted|p1a: Magearna\n|-damage|p1a: Magearna|86\/100\n|\n|-heal|p1a: Magearna|92\/100|[from] item: Leftovers\n|upkeep\n|turn|5\n|\n|t:|1699182365\n|move|p2a: Arceus|Taunt|p1a: Magearna\n|-start|p1a: Magearna|move: Taunt\n|move|p1a: Magearna|Volt Switch|p2a: Arceus\n|-damage|p2a: Arceus|86\/100\n|\n|t:|1699182372\n|switch|p1a: Xerneas|Xerneas|100\/100|[from] Volt Switch\n|-ability|p1a: Xerneas|Fairy Aura\n|\n|upkeep\n|turn|6\n|\n|t:|1699182383\n|move|p1a: Xerneas|Moonblast|p2a: Arceus\n|-damage|p2a: Arceus|34\/100\n|-unboost|p2a: Arceus|spa|1\n|move|p2a: Arceus|Judgment|p1a: Xerneas\n|-damage|p1a: Xerneas|61\/100\n|\n|upkeep\n|turn|7\n|\n|t:|1699182391\n|-terastallize|p2a: Arceus|Steel\n|move|p1a: Xerneas|Moonblast|p2a: Arceus\n|-resisted|p2a: Arceus\n|-damage|p2a: Arceus|9\/100\n|move|p2a: Arceus|Recover|p2a: Arceus\n|-heal|p2a: Arceus|59\/100\n|\n|upkeep\n|turn|8\n|\n|t:|1699182397\n|switch|p1a: Magearna|Magearna|92\/100\n|move|p2a: Arceus|Toxic|p1a: Magearna\n|-immune|p1a: Magearna\n|\n|-heal|p1a: Magearna|98\/100|[from] item: Leftovers\n|upkeep\n|turn|9\n|\n|t:|1699182403\n|move|p2a: Arceus|Recover|p2a: Arceus\n|-heal|p2a: Arceus|100\/100\n|move|p1a: Magearna|Volt Switch|p2a: Arceus\n|-damage|p2a: Arceus|86\/100\n|\n|t:|1699182405\n|switch|p1a: Giratina|Giratina-Origin|100\/100|[from] Volt Switch\n|\n|upkeep\n|turn|10\n|\n|t:|1699182411\n|move|p2a: Arceus|Toxic|p1a: Giratina\n|-status|p1a: Giratina|tox\n|move|p1a: Giratina|Thunder Wave|p2a: Arceus\n|-status|p2a: Arceus|par\n|\n|-damage|p1a: Giratina|94\/100 tox|[from] psn\n|upkeep\n|turn|11\n|\n|t:|1699182419\n|switch|p2a: Urshifu|Urshifu, M|100\/100\n|move|p1a: Giratina|Hex|p2a: Urshifu\n|-resisted|p2a: Urshifu\n|-damage|p2a: Urshifu|72\/100\n|\n|-damage|p1a: Giratina|82\/100 tox|[from] psn\n|upkeep\n|turn|12\n|\n|t:|1699182423\n|switch|p1a: Magearna|Magearna|98\/100\n|move|p2a: Urshifu|Wicked Blow|p1a: Magearna\n|-resisted|p1a: Magearna\n|-crit|p1a: Magearna\n|-damage|p1a: Magearna|65\/100\n|-damage|p2a: Urshifu|62\/100|[from] item: Life Orb\n|\n|-heal|p1a: Magearna|71\/100|[from] item: Leftovers\n|upkeep\n|turn|13\n|\n|t:|1699182426\n|switch|p2a: Ditto|Ditto, shiny|100\/100\n|-transform|p2a: Ditto|p1a: Magearna|[from] ability: Imposter\n|move|p1a: Magearna|Heal Bell|p1a: Magearna\n|-activate|p1a: Magearna|move: Heal Bell\n|-curestatus|p1: Giratina|tox|[msg]\n|\n|-heal|p1a: Magearna|77\/100|[from] item: Leftovers\n|upkeep\n|turn|14\n|\n|t:|1699182431\n|move|p2a: Ditto|Heal Bell|p2a: Ditto\n|-activate|p2a: Ditto|move: Heal Bell\n|-curestatus|p2: Arceus|par|[msg]\n|move|p1a: Magearna|Volt Switch|p2a: Ditto\n|-damage|p2a: Ditto|85\/100\n|\n|t:|1699182438\n|switch|p1a: Xerneas|Xerneas|61\/100|[from] Volt Switch\n|-ability|p1a: Xerneas|Fairy Aura\n|\n|upkeep\n|turn|15\n|\n|t:|1699182442\n|switch|p2a: Arceus|Arceus-Fairy, tera:Steel|86\/100\n|-terastallize|p1a: Xerneas|Fairy\n|move|p1a: Xerneas|Moonblast|p2a: Arceus\n|-resisted|p2a: Arceus\n|-damage|p2a: Arceus|55\/100\n|\n|upkeep\n|turn|16\n|\n|t:|1699182447\n|switch|p1a: Magearna|Magearna|77\/100\n|move|p2a: Arceus|Recover|p2a: Arceus\n|-heal|p2a: Arceus|100\/100\n|\n|-heal|p1a: Magearna|83\/100|[from] item: Leftovers\n|upkeep\n|turn|17\n|\n|t:|1699182450\n|move|p2a: Arceus|Judgment|p1a: Magearna\n|-resisted|p1a: Magearna\n|-damage|p1a: Magearna|68\/100\n|move|p1a: Magearna|Fleur Cannon|p2a: Arceus\n|-resisted|p2a: Arceus\n|-damage|p2a: Arceus|81\/100\n|-unboost|p1a: Magearna|spa|2\n|\n|-heal|p1a: Magearna|74\/100|[from] item: Leftovers\n|upkeep\n|turn|18\n|\n|t:|1699182457\n|move|p2a: Arceus|Judgment|p1a: Magearna\n|-resisted|p1a: Magearna\n|-damage|p1a: Magearna|60\/100\n|move|p1a: Magearna|Fleur Cannon|p2a: Arceus\n|-resisted|p2a: Arceus\n|-damage|p2a: Arceus|72\/100\n|-unboost|p1a: Magearna|spa|2\n|\n|-heal|p1a: Magearna|66\/100|[from] item: Leftovers\n|upkeep\n|turn|19\n|\n|t:|1699182460\n|move|p2a: Arceus|Taunt|p1a: Magearna\n|-start|p1a: Magearna|move: Taunt\n|cant|p1a: Magearna|move: Taunt|Heart Swap\n|\n|-heal|p1a: Magearna|72\/100|[from] item: Leftovers\n|upkeep\n|turn|20\n|\n|t:|1699182465\n|move|p2a: Arceus|Judgment|p1a: Magearna\n|-resisted|p1a: Magearna\n|-damage|p1a: Magearna|58\/100\n|move|p1a: Magearna|Volt Switch|p2a: Arceus\n|-damage|p2a: Arceus|67\/100\n|\n|t:|1699182475\n|switch|p1a: Zygarde|Zygarde, shiny|100\/100|[from] Volt Switch\n|\n|upkeep\n|turn|21\n|\n|t:|1699182483\n|move|p2a: Arceus|Taunt|p1a: Zygarde\n|-start|p1a: Zygarde|move: Taunt\n|move|p1a: Zygarde|Thousand Arrows|p2a: Arceus\n|-supereffective|p2a: Arceus\n|-damage|p2a: Arceus|27\/100\n|\n|upkeep\n|turn|22\n|\n|t:|1699182486\n|move|p2a: Arceus|Recover|p2a: Arceus\n|-heal|p2a: Arceus|77\/100\n|move|p1a: Zygarde|Thousand Arrows|p2a: Arceus\n|-supereffective|p2a: Arceus\n|-damage|p2a: Arceus|35\/100\n|\n|upkeep\n|turn|23\n|\n|t:|1699182489\n|move|p2a: Arceus|Recover|p2a: Arceus\n|-heal|p2a: Arceus|85\/100\n|move|p1a: Zygarde|Thousand Arrows|p2a: Arceus\n|-supereffective|p2a: Arceus\n|-damage|p2a: Arceus|41\/100\n|\n|-end|p1a: Zygarde|move: Taunt\n|upkeep\n|turn|24\n|\n|t:|1699182491\n|move|p2a: Arceus|Judgment|p1a: Zygarde\n|-supereffective|p1a: Zygarde\n|-damage|p1a: Zygarde|20\/100\n|move|p1a: Zygarde|Thousand Arrows|p2a: Arceus\n|-supereffective|p2a: Arceus\n|-damage|p2a: Arceus|0 fnt\n|faint|p2a: Arceus\n|\n|-heal|p1a: Zygarde|27\/100|[from] item: Leftovers\n|-activate|p1a: Zygarde|ability: Power Construct\n|detailschange|p1a: Zygarde|Zygarde-Complete, shiny\n|-heal|p1a: Zygarde|52\/100|[silent]\n|upkeep\n|\n|t:|1699182497\n|switch|p2a: Urshifu|Urshifu, M|62\/100\n|turn|25\n|\n|t:|1699182500\n|move|p2a: Urshifu|Wicked Blow|p1a: Zygarde\n|-crit|p1a: Zygarde\n|-damage|p1a: Zygarde|28\/100\n|-damage|p2a: Urshifu|52\/100|[from] item: Life Orb\n|move|p1a: Zygarde|Glare|p2a: Urshifu\n|-status|p2a: Urshifu|par\n|\n|-heal|p1a: Zygarde|34\/100|[from] item: Leftovers\n|upkeep\n|turn|26\n|\n|t:|1699182506\n|move|p1a: Zygarde|Rest|p1a: Zygarde\n|-status|p1a: Zygarde|slp|[from] move: Rest\n|-heal|p1a: Zygarde|100\/100 slp|[silent]\n|move|p2a: Urshifu|Wicked Blow|p1a: Zygarde\n|-crit|p1a: Zygarde\n|-damage|p1a: Zygarde|76\/100 slp\n|-damage|p2a: Urshifu|42\/100 par|[from] item: Life Orb\n|\n|-heal|p1a: Zygarde|82\/100 slp|[from] item: Leftovers\n|upkeep\n|turn|27\n|\n|t:|1699182512\n|switch|p2a: Lunala|Lunala, shiny|100\/100\n|cant|p1a: Zygarde|slp\n|\n|-heal|p1a: Zygarde|88\/100 slp|[from] item: Leftovers\n|upkeep\n|turn|28\n|\n|t:|1699182515\n|move|p2a: Lunala|Moonblast|p1a: Zygarde\n|-supereffective|p1a: Zygarde\n|-crit|p1a: Zygarde\n|-damage|p1a: Zygarde|28\/100 slp\n|-unboost|p1a: Zygarde|spa|1\n|cant|p1a: Zygarde|slp\n|\n|-heal|p1a: Zygarde|35\/100 slp|[from] item: Leftovers\n|upkeep\n|turn|29\n|\n|t:|1699182518\n|switch|p1a: Magearna|Magearna|58\/100\n|move|p2a: Lunala|Moonblast|p1a: Magearna\n|-resisted|p1a: Magearna\n|-damage|p1a: Magearna|46\/100\n|\n|-heal|p1a: Magearna|52\/100|[from] item: Leftovers\n|upkeep\n|turn|30\n|\n|t:|1699182521\n|switch|p2a: Urshifu|Urshifu, M|42\/100 par\n|move|p1a: Magearna|Heal Bell|p1a: Magearna\n|-activate|p1a: Magearna|move: Heal Bell\n|-curestatus|p1: Zygarde|slp|[msg]\n|\n|-heal|p1a: Magearna|58\/100|[from] item: Leftovers\n|upkeep\n|turn|31\n|\n|t:|1699182525\n|cant|p2a: Urshifu|par\n|move|p1a: Magearna|Fleur Cannon|p2a: Urshifu|[miss]\n|-miss|p1a: Magearna|p2a: Urshifu\n|\n|-heal|p1a: Magearna|65\/100|[from] item: Leftovers\n|upkeep\n|turn|32\n|\n|t:|1699182528\n|move|p1a: Magearna|Fleur Cannon|p2a: Urshifu\n|-supereffective|p2a: Urshifu\n|-damage|p2a: Urshifu|0 fnt\n|-unboost|p1a: Magearna|spa|2\n|faint|p2a: Urshifu\n|-ability|p1a: Magearna|Soul-Heart|boost\n|-boost|p1a: Magearna|spa|1\n|\n|-heal|p1a: Magearna|71\/100|[from] item: Leftovers\n|upkeep\n|\n|t:|1699182533\n|switch|p2a: Kingambit|Kingambit, M|100\/100\n|-activate|p2a: Kingambit|ability: Supreme Overlord\n|-start|p2a: Kingambit|fallen3|[silent]\n|turn|33\n|\n|t:|1699182536\n|move|p1a: Magearna|Volt Switch|p2a: Kingambit\n|-damage|p2a: Kingambit|88\/100\n|\n|t:|1699182539\n|switch|p1a: Zygarde|Zygarde-Complete, shiny|35\/100|[from] Volt Switch\n|move|p2a: Kingambit|Swords Dance|p2a: Kingambit\n|-boost|p2a: Kingambit|atk|2\n|\n|-heal|p1a: Zygarde|41\/100|[from] item: Leftovers\n|upkeep\n|turn|34\n|\n|t:|1699182543\n|move|p1a: Zygarde|Glare|p2a: Kingambit\n|-status|p2a: Kingambit|par\n|move|p2a: Kingambit|Knock Off|p1a: Zygarde\n|-damage|p1a: Zygarde|0 fnt\n|-enditem|p1a: Zygarde|Leftovers|[from] move: Knock Off|[of] p2a: Kingambit\n|faint|p1a: Zygarde\n|\n|upkeep\n|\n|t:|1699182546\n|switch|p1a: Magearna|Magearna|71\/100\n|turn|35\n|\n|t:|1699182549\n|move|p1a: Magearna|Heart Swap|p2a: Kingambit\n|-swapboost|p1a: Magearna|p2a: Kingambit|[from] move: Heart Swap\n|cant|p2a: Kingambit|par\n|\n|-heal|p1a: Magearna|77\/100|[from] item: Leftovers\n|upkeep\n|turn|36\n|\n|t:|1699182553\n|-end|p2a: Kingambit|fallen3|[silent]\n|switch|p2a: Ditto|Ditto, shiny|85\/100\n|-transform|p2a: Ditto|p1a: Magearna|[from] ability: Imposter\n|move|p1a: Magearna|Fleur Cannon|p2a: Ditto\n|-resisted|p2a: Ditto\n|-damage|p2a: Ditto|66\/100\n|-unboost|p1a: Magearna|spa|2\n|\n|-heal|p1a: Magearna|83\/100|[from] item: Leftovers\n|upkeep\n|turn|37\n|\n|t:|1699182560\n|move|p2a: Ditto|Heal Bell|p2a: Ditto\n|-activate|p2a: Ditto|move: Heal Bell\n|-curestatus|p2: Kingambit|par|[msg]\n|move|p1a: Magearna|Volt Switch|p2a: Ditto\n|-damage|p2a: Ditto|57\/100\n|\n|t:|1699182562\n|switch|p1a: Xerneas|Xerneas, tera:Fairy|61\/100|[from] Volt Switch\n|-ability|p1a: Xerneas|Fairy Aura\n|\n|upkeep\n|turn|38\n|\n|t:|1699182569\n|move|p1a: Xerneas|Moonblast|p2a: Ditto\n|-resisted|p2a: Ditto\n|-crit|p2a: Ditto\n|-damage|p2a: Ditto|0 fnt\n|faint|p2a: Ditto\n|\n|upkeep\n|\n|t:|1699182574\n|switch|p2a: Lunala|Lunala, shiny|100\/100\n|turn|39\n|\n|t:|1699182579\n|switch|p1a: Magearna|Magearna|83\/100\n|move|p2a: Lunala|Calm Mind|p2a: Lunala\n|-boost|p2a: Lunala|spa|1\n|-boost|p2a: Lunala|spd|1\n|\n|-heal|p1a: Magearna|89\/100|[from] item: Leftovers\n|upkeep\n|turn|40\n|\n|t:|1699182584\n|move|p2a: Lunala|Moongeist Beam|p1a: Magearna\n|-damage|p1a: Magearna|34\/100\n|move|p1a: Magearna|Volt Switch|p2a: Lunala\n|-damage|p2a: Lunala|96\/100\n|\n|t:|1699182594\n|switch|p1a: Lunala|Lunala|100\/100|[from] Volt Switch\n|\n|upkeep\n|turn|41\n|\n|t:|1699182598\n|move|p2a: Lunala|Moongeist Beam|p1a: Lunala\n|-supereffective|p1a: Lunala\n|-damage|p1a: Lunala|0 fnt\n|faint|p1a: Lunala\n|\n|upkeep\n|\n|t:|1699182602\n|switch|p1a: Xerneas|Xerneas, tera:Fairy|61\/100\n|-ability|p1a: Xerneas|Fairy Aura\n|turn|42\n|\n|t:|1699182607\n|move|p1a: Xerneas|Moonblast|p2a: Lunala\n|-crit|p2a: Lunala\n|-damage|p2a: Lunala|0 fnt\n|faint|p2a: Lunala\n|\n|upkeep\n|c|\u2606Soyeon is a cutie|Big time luck :\/\n|\n|t:|1699182629\n|switch|p2a: Kingambit|Kingambit, M|88\/100\n|-activate|p2a: Kingambit|ability: Supreme Overlord\n|-start|p2a: Kingambit|fallen5|[silent]\n|turn|43\n|\n|t:|1699182632\n|move|p1a: Xerneas|Moonblast|p2a: Kingambit\n|-damage|p2a: Kingambit|1\/100\n|move|p2a: Kingambit|Swords Dance|p2a: Kingambit\n|-boost|p2a: Kingambit|atk|2\n|\n|upkeep\n|turn|44\n|\n|t:|1699182637\n|move|p2a: Kingambit|Sucker Punch|p1a: Xerneas\n|-resisted|p1a: Xerneas\n|-damage|p1a: Xerneas|0 fnt\n|faint|p1a: Xerneas\n|\n|upkeep\n|\n|t:|1699182641\n|switch|p1a: Magearna|Magearna|34\/100\n|turn|45\n|\n|t:|1699182644\n|move|p1a: Magearna|Volt Switch|p2a: Kingambit\n|-damage|p2a: Kingambit|0 fnt\n|faint|p2a: Kingambit\n|-end|p2a: Kingambit|fallen5|[silent]\n|\n|win|hcff\n|raw|hcff's rating: 1546 &rarr; <strong>1576<\/strong><br \/>(+30 for winning)\n|raw|Soyeon is a cutie's rating: 1742 &rarr; <strong>1712<\/strong><br \/>(-30 for losing)\n|l|\u2606Soyeon is a cutie\n|l|\u2606hcff\n","uploadtime":1699182689,"views":4,"p1id":"hcff","p2id":"soyeonisacutie","formatid":"gen9nationaldexubers","rating":1576,"private":0,"password":""}