{"id":"gen9nationaldexubers-1982344386","p1":"zhensei","p2":"wild_danger","format":"[Gen 9] National Dex Ubers","log":"|j|\u2606zhensei\n|j|\u2606wild_danger\n|t:|1699001186\n|gametype|singles\n|player|p1|zhensei|cynthia-gen7|\n|player|p2|wild_danger|linebacker|\n|teamsize|p1|6\n|teamsize|p2|6\n|gen|9\n|tier|[Gen 9] National Dex Ubers\n|rule|HP Percentage Mod: HP is shown in percentages\n|rule|Endless Battle Clause: Forcing endless battles is banned\n|rule|OHKO Clause: OHKO moves are banned\n|rule|Evasion Moves Clause: Evasion moves are banned\n|rule|Evasion Items Clause: Evasion items are banned\n|rule|Species Clause: Limit one of each Pok\u00e9mon\n|rule|Sleep Clause Mod: Limit one foe put to sleep\n|rule|Mega Rayquaza Clause: You cannot mega evolve Rayquaza\n|clearpoke\n|poke|p1|Lopunny, M|\n|poke|p1|Skarmory, M|\n|poke|p1|Heatran, M|\n|poke|p1|Gastrodon-East, F|\n|poke|p1|Hatterene, F|\n|poke|p1|Greninja-*, F|\n|poke|p2|Charizard, M|\n|poke|p2|Sneasler, F|\n|poke|p2|Rillaboom, M|\n|poke|p2|Greninja-*, M|\n|poke|p2|Clefable, F|\n|poke|p2|Kingambit, M|\n|teampreview\n|c|\u2606zhensei|im\n|c|\u2606zhensei|using mega lop\n|\n|t:|1699001207\n|start\n|switch|p1a: Lopunny|Lopunny, M, shiny|100\/100\n|switch|p2a: Rillaboom|Rillaboom, M|100\/100\n|-fieldstart|move: Grassy Terrain|[from] ability: Grassy Surge|[of] p2a: Rillaboom\n|turn|1\n|c|\u2606wild_danger|no\n|c|\u2606wild_danger|no megas\n|c|\u2606wild_danger|allowed\n|c|\u2606wild_danger|cunt\n|c|\u2606zhensei|bitch\n|c|\u2606zhensei|u said\n|c|\u2606zhensei|main team\n|c|\u2606zhensei|its not 11 immun\n|c|\u2606zhensei|without lop\n|c|\u2606wild_danger|sigh\n|c|\u2606zhensei|so\n|c|\u2606wild_danger|fine\n|\n|t:|1699001224\n|detailschange|p1a: Lopunny|Lopunny-Mega, M, shiny\n|-mega|p1a: Lopunny|Lopunny|Lopunnite\n|move|p1a: Lopunny|Fake Out|p2a: Rillaboom\n|-damage|p2a: Rillaboom|75\/100\n|cant|p2a: Rillaboom|flinch\n|\n|-heal|p2a: Rillaboom|81\/100|[from] Grassy Terrain\n|upkeep\n|turn|2\n|\n|t:|1699001232\n|move|p1a: Lopunny|U-turn|p2a: Rillaboom\n|-supereffective|p2a: Rillaboom\n|-damage|p2a: Rillaboom|25\/100\n|\n|t:|1699001235\n|switch|p1a: Skarmory|Skarmory, M|100\/100|[from] U-turn\n|move|p2a: Rillaboom|Drain Punch|p1a: Skarmory\n|-damage|p1a: Skarmory|82\/100\n|-heal|p2a: Rillaboom|34\/100|[from] drain|[of] p1a: Skarmory\n|-damage|p2a: Rillaboom|18\/100|[from] item: Rocky Helmet|[of] p1a: Skarmory\n|-damage|p2a: Rillaboom|8\/100|[from] item: Life Orb\n|\n|-heal|p2a: Rillaboom|14\/100|[from] Grassy Terrain\n|upkeep\n|turn|3\n|\n|t:|1699001251\n|switch|p2a: Kingambit|Kingambit, M|100\/100\n|move|p1a: Skarmory|Toxic|p2a: Kingambit\n|-immune|p2a: Kingambit\n|\n|upkeep\n|turn|4\n|\n|t:|1699001254\n|move|p1a: Skarmory|Roost|p1a: Skarmory\n|-heal|p1a: Skarmory|100\/100\n|-singleturn|p1a: Skarmory|move: Roost\n|move|p2a: Kingambit|Knock Off|p1a: Skarmory\n|-damage|p1a: Skarmory|69\/100\n|-damage|p2a: Kingambit|84\/100|[from] item: Rocky Helmet|[of] p1a: Skarmory\n|-enditem|p1a: Skarmory|Rocky Helmet|[from] move: Knock Off|[of] p2a: Kingambit\n|\n|-heal|p1a: Skarmory|75\/100|[from] Grassy Terrain\n|-heal|p2a: Kingambit|90\/100|[from] Grassy Terrain\n|upkeep\n|turn|5\n|c|\u2606zhensei|lmae\n|c|\u2606zhensei|lame\n|\n|t:|1699001275\n|move|p1a: Skarmory|Roost|p1a: Skarmory\n|-heal|p1a: Skarmory|100\/100\n|-singleturn|p1a: Skarmory|move: Roost\n|move|p2a: Kingambit|Iron Head|p1a: Skarmory\n|-resisted|p1a: Skarmory\n|-damage|p1a: Skarmory|85\/100\n|\n|-heal|p1a: Skarmory|91\/100|[from] Grassy Terrain\n|-heal|p2a: Kingambit|96\/100|[from] Grassy Terrain\n|-fieldend|move: Grassy Terrain\n|upkeep\n|turn|6\n|\n|t:|1699001286\n|switch|p1a: Heatran|Heatran, M, shiny|100\/100\n|-end|p2a: Kingambit|fallenundefined|[silent]\n|switch|p2a: Charizard|Charizard, M|100\/100\n|\n|upkeep\n|turn|7\n|\n|t:|1699001290\n|switch|p1a: Hatterene|Hatterene, F, shiny|100\/100\n|detailschange|p2a: Charizard|Charizard-Mega-Y, M\n|-mega|p2a: Charizard|Charizard|Charizardite Y\n|-weather|SunnyDay|[from] ability: Drought|[of] p2a: Charizard\n|move|p2a: Charizard|Scorching Sands|p1a: Hatterene\n|-damage|p1a: Hatterene|72\/100\n|\n|-weather|SunnyDay|[upkeep]\n|-heal|p1a: Hatterene|78\/100|[from] item: Leftovers\n|upkeep\n|turn|8\n|c|\u2606zhensei|oh?\n|\n|t:|1699001305\n|switch|p1a: Heatran|Heatran, M, shiny|100\/100\n|move|p2a: Charizard|Flamethrower|p1a: Heatran\n|-start|p1a: Heatran|ability: Flash Fire\n|\n|-weather|SunnyDay|[upkeep]\n|upkeep\n|turn|9\n|c|\u2606zhensei|so ur using megas too\n|\n|t:|1699001309\n|move|p2a: Charizard|Scorching Sands|p1a: Heatran\n|-supereffective|p1a: Heatran\n|-damage|p1a: Heatran|28\/100\n|move|p1a: Heatran|Stealth Rock|p2a: Charizard\n|-sidestart|p2: wild_danger|move: Stealth Rock\n|\n|-weather|SunnyDay|[upkeep]\n|-heal|p1a: Heatran|34\/100|[from] item: Leftovers\n|upkeep\n|turn|10\n|c|\u2606zhensei|thing is\n|c|\u2606zhensei|i know the flaw\n|c|\u2606zhensei|w ur team\n|c|\u2606zhensei|:P\n|c|\u2606wild_danger|ye\n|c|\u2606wild_danger|i dont have a defogger\n|c|\u2606zhensei|mhm\n|c|\u2606zhensei|u need one\n|c|\u2606zhensei|if ur running char\n|\n|t:|1699001333\n|-end|p1a: Heatran|ability: Flash Fire|[silent]\n|switch|p1a: Gastrodon|Gastrodon-East, F|100\/100\n|move|p2a: Charizard|Scorching Sands|p1a: Gastrodon\n|-damage|p1a: Gastrodon|81\/100\n|\n|-weather|SunnyDay|[upkeep]\n|-heal|p1a: Gastrodon|87\/100|[from] item: Leftovers\n|upkeep\n|turn|11\n|\n|t:|1699001340\n|switch|p1a: Heatran|Heatran, M, shiny|34\/100\n|move|p2a: Charizard|Solar Beam||[still]\n|-prepare|p2a: Charizard|Solar Beam\n|-anim|p2a: Charizard|Solar Beam|p1a: Heatran\n|-resisted|p1a: Heatran\n|-damage|p1a: Heatran|26\/100\n|\n|-weather|none\n|-heal|p1a: Heatran|32\/100|[from] item: Leftovers\n|upkeep\n|turn|12\n|c|\u2606wild_danger|and this thing\n|\n|t:|1699001348\n|switch|p1a: Gastrodon|Gastrodon-East, F|87\/100\n|move|p2a: Charizard|Scorching Sands|p1a: Gastrodon\n|-damage|p1a: Gastrodon|67\/100\n|\n|-heal|p1a: Gastrodon|73\/100|[from] item: Leftovers\n|upkeep\n|turn|13\n|c|\u2606zhensei|perfect\n|\n|t:|1699001355\n|switch|p2a: Kingambit|Kingambit, M|96\/100\n|-damage|p2a: Kingambit|90\/100|[from] Stealth Rock\n|move|p1a: Gastrodon|Toxic|p2a: Kingambit\n|-immune|p2a: Kingambit\n|\n|-heal|p1a: Gastrodon|79\/100|[from] item: Leftovers\n|upkeep\n|turn|14\n|c|\u2606zhensei|ive played\n|c|\u2606zhensei|enough gen 7\n|c|\u2606zhensei|to know how it works\n|\n|t:|1699001375\n|move|p2a: Kingambit|Knock Off|p1a: Gastrodon\n|-damage|p1a: Gastrodon|22\/100\n|-enditem|p1a: Gastrodon|Leftovers|[from] move: Knock Off|[of] p2a: Kingambit\n|move|p1a: Gastrodon|Earth Power|p2a: Kingambit\n|-supereffective|p2a: Kingambit\n|-damage|p2a: Kingambit|34\/100\n|\n|upkeep\n|turn|15\n|c|\u2606wild_danger|u rlly tank one?\n|\n|t:|1699001385\n|move|p2a: Kingambit|Sucker Punch|p1a: Gastrodon\n|-damage|p1a: Gastrodon|0 fnt\n|faint|p1a: Gastrodon\n|\n|upkeep\n|\n|t:|1699001388\n|switch|p1a: Lopunny|Lopunny-Mega, M, shiny|100\/100\n|turn|16\n|\n|t:|1699001396\n|-end|p2a: Kingambit|fallenundefined|[silent]\n|switch|p2a: Rillaboom|Rillaboom, M|14\/100\n|-damage|p2a: Rillaboom|2\/100|[from] Stealth Rock\n|-fieldstart|move: Grassy Terrain|[from] ability: Grassy Surge|[of] p2a: Rillaboom\n|move|p1a: Lopunny|Return|p2a: Rillaboom\n|-damage|p2a: Rillaboom|0 fnt\n|faint|p2a: Rillaboom\n|\n|upkeep\n|\n|t:|1699001401\n|switch|p2a: Sneasler|Sneasler, F|100\/100\n|-damage|p2a: Sneasler|95\/100|[from] Stealth Rock\n|-enditem|p2a: Sneasler|Grassy Seed\n|-boost|p2a: Sneasler|def|1|[from] item: Grassy Seed\n|turn|17\n|c|\u2606zhensei|i might regret that bt eh\n|\n|t:|1699001411\n|switch|p1a: Skarmory|Skarmory, M|91\/100\n|move|p2a: Sneasler|Close Combat|p1a: Skarmory\n|-damage|p1a: Skarmory|51\/100\n|-unboost|p2a: Sneasler|def|1\n|-unboost|p2a: Sneasler|spd|1\n|\n|-heal|p2a: Sneasler|100\/100|[from] Grassy Terrain\n|upkeep\n|turn|18\n|\n|t:|1699001423\n|switch|p2a: Charizard|Charizard-Mega-Y, M|100\/100\n|-damage|p2a: Charizard|51\/100|[from] Stealth Rock\n|-weather|SunnyDay|[from] ability: Drought|[of] p2a: Charizard\n|move|p1a: Skarmory|Roost|p1a: Skarmory\n|-heal|p1a: Skarmory|100\/100\n|-singleturn|p1a: Skarmory|move: Roost\n|\n|-weather|SunnyDay|[upkeep]\n|upkeep\n|turn|19\n|\n|t:|1699001436\n|switch|p1a: Heatran|Heatran, M, shiny|32\/100\n|move|p2a: Charizard|Roost|p2a: Charizard\n|-heal|p2a: Charizard|100\/100\n|-singleturn|p2a: Charizard|move: Roost\n|\n|-weather|SunnyDay|[upkeep]\n|-heal|p1a: Heatran|39\/100|[from] Grassy Terrain\n|-heal|p1a: Heatran|45\/100|[from] item: Leftovers\n|upkeep\n|turn|20\n|\n|t:|1699001446\n|move|p2a: Charizard|Scorching Sands|p1a: Heatran\n|-supereffective|p1a: Heatran\n|-damage|p1a: Heatran|0 fnt\n|faint|p1a: Heatran\n|\n|-weather|SunnyDay|[upkeep]\n|-fieldend|move: Grassy Terrain\n|upkeep\n|\n|t:|1699001449\n|switch|p1a: Lopunny|Lopunny-Mega, M, shiny|100\/100\n|turn|21\n|\n|t:|1699001455\n|move|p1a: Lopunny|Fake Out|p2a: Charizard\n|-damage|p2a: Charizard|71\/100\n|cant|p2a: Charizard|flinch\n|\n|-weather|SunnyDay|[upkeep]\n|upkeep\n|turn|22\n|\n|t:|1699001466\n|switch|p2a: Clefable|Clefable, F|100\/100\n|-damage|p2a: Clefable|88\/100|[from] Stealth Rock\n|move|p1a: Lopunny|Return|p2a: Clefable\n|-damage|p2a: Clefable|42\/100\n|\n|-weather|none\n|-heal|p2a: Clefable|48\/100|[from] item: Leftovers\n|upkeep\n|turn|23\n|\n|t:|1699001470\n|move|p1a: Lopunny|Return|p2a: Clefable\n|-damage|p2a: Clefable|9\/100\n|move|p2a: Clefable|Soft-Boiled|p2a: Clefable\n|-heal|p2a: Clefable|59\/100\n|\n|-heal|p2a: Clefable|65\/100|[from] item: Leftovers\n|upkeep\n|turn|24\n|\n|t:|1699001473\n|move|p1a: Lopunny|U-turn|p2a: Clefable\n|-resisted|p2a: Clefable\n|-damage|p2a: Clefable|56\/100\n|\n|t:|1699001476\n|switch|p1a: Greninja|Greninja, F, shiny|100\/100|[from] U-turn\n|move|p2a: Clefable|Soft-Boiled|p2a: Clefable\n|-heal|p2a: Clefable|100\/100\n|\n|upkeep\n|turn|25\n|\n|t:|1699001482\n|switch|p2a: Kingambit|Kingambit, M|34\/100\n|-damage|p2a: Kingambit|27\/100|[from] Stealth Rock\n|-activate|p2a: Kingambit|ability: Supreme Overlord\n|-start|p2a: Kingambit|fallen1|[silent]\n|move|p1a: Greninja|Scald|p2a: Kingambit\n|-start|p1a: Greninja|typechange|Water|[from] ability: Protean\n|-damage|p2a: Kingambit|0 fnt\n|faint|p2a: Kingambit\n|-end|p2a: Kingambit|fallen1|[silent]\n|\n|upkeep\n|c|\u2606zhensei|u thought\n|c|\u2606zhensei|i was gunna gunk\n|c|\u2606zhensei|huh\n|c|\u2606wild_danger|ye\n|c|\u2606zhensei|i clicked it\n|c|\u2606zhensei|then cancelled\n|c|\u2606zhensei|so\n|c|\u2606wild_danger|spikes are so cringe ffs\n|c|\u2606zhensei|i mean\n|c|\u2606zhensei|ur fault for not having a defogger\n|c|\u2606zhensei|also\n|\n|t:|1699001515\n|switch|p2a: Sneasler|Sneasler, F|100\/100\n|-damage|p2a: Sneasler|95\/100|[from] Stealth Rock\n|turn|26\n|c|\u2606zhensei|how tf did char come in\n|c|\u2606zhensei|and not take damage\n|\n|t:|1699001519\n|switch|p1a: Skarmory|Skarmory, M|100\/100\n|move|p2a: Sneasler|Swords Dance|p2a: Sneasler\n|-boost|p2a: Sneasler|atk|2\n|\n|upkeep\n|turn|27\n|c|\u2606zhensei|oh\n|c|\u2606wild_danger|i healed\n|c|\u2606zhensei|u have roost\n|c|\u2606zhensei|i didnt realise\n|\n|t:|1699001535\n|switch|p2a: Charizard|Charizard-Mega-Y, M|71\/100\n|-damage|p2a: Charizard|21\/100|[from] Stealth Rock\n|-weather|SunnyDay|[from] ability: Drought|[of] p2a: Charizard\n|move|p1a: Skarmory|Counter||[still]\n|-fail|p1a: Skarmory\n|\n|-weather|SunnyDay|[upkeep]\n|upkeep\n|turn|28\n|c|\u2606zhensei|i was texting twiggy lfmao\n|c|\u2606zhensei|and i was like\n|c|\u2606zhensei|wtf\n|\n|t:|1699001551\n|switch|p1a: Greninja|Greninja, F, shiny|100\/100\n|move|p2a: Charizard|Roost|p2a: Charizard\n|-heal|p2a: Charizard|72\/100\n|-singleturn|p2a: Charizard|move: Roost\n|\n|-weather|SunnyDay|[upkeep]\n|upkeep\n|turn|29\n|\n|t:|1699001558\n|move|p1a: Greninja|Ice Beam|p2a: Charizard\n|-start|p1a: Greninja|typechange|Ice|[from] ability: Protean\n|-damage|p2a: Charizard|31\/100\n|move|p2a: Charizard|Solar Beam||[still]\n|-prepare|p2a: Charizard|Solar Beam\n|-anim|p2a: Charizard|Solar Beam|p1a: Greninja\n|-damage|p1a: Greninja|25\/100\n|\n|-weather|SunnyDay|[upkeep]\n|upkeep\n|turn|30\n|\n|t:|1699001578\n|switch|p2a: Clefable|Clefable, F|100\/100\n|-damage|p2a: Clefable|88\/100|[from] Stealth Rock\n|move|p1a: Greninja|Ice Beam|p2a: Clefable\n|-damage|p2a: Clefable|53\/100\n|\n|-weather|SunnyDay|[upkeep]\n|-heal|p2a: Clefable|59\/100|[from] item: Leftovers\n|upkeep\n|turn|31\n|\n|t:|1699001588\n|switch|p1a: Skarmory|Skarmory, M|100\/100\n|move|p2a: Clefable|Soft-Boiled|p2a: Clefable\n|-heal|p2a: Clefable|100\/100\n|\n|-weather|none\n|upkeep\n|turn|32\n|c|\u2606zhensei|we up\n|c|\u2606zhensei|ngl\n|c|\u2606zhensei|ur playing this super well\n|c|\u2606wild_danger|i lose\n|c|\u2606zhensei|but i also played it super shut\n|c|\u2606zhensei|shit\n|c|\u2606zhensei|mhm\n|c|\u2606zhensei|but\n|c|\u2606zhensei|u played it\n|c|\u2606zhensei|reall well\n|c|\u2606zhensei|i didnt have to sack gastro\n|c|\u2606zhensei|but\n|\n|t:|1699001614\n|switch|p2a: Charizard|Charizard-Mega-Y, M|31\/100\n|-damage|p2a: Charizard|0 fnt|[from] Stealth Rock\n|faint|p2a: Charizard\n|move|p1a: Skarmory|Toxic|p2: Charizard|[notarget]\n|-fail|p1a: Skarmory\n|\n|upkeep\n|\n|t:|1699001618\n|switch|p2a: Sneasler|Sneasler, F|95\/100\n|-damage|p2a: Sneasler|89\/100|[from] Stealth Rock\n|turn|33\n|\n|t:|1699001624\n|move|p2a: Sneasler|Acrobatics|p1a: Skarmory\n|-resisted|p1a: Skarmory\n|-damage|p1a: Skarmory|89\/100\n|move|p1a: Skarmory|Counter|p2a: Sneasler\n|-damage|p2a: Sneasler|63\/100\n|\n|upkeep\n|turn|34\n|\n|t:|1699001631\n|move|p2a: Sneasler|Close Combat|p1a: Skarmory\n|-damage|p1a: Skarmory|45\/100\n|-unboost|p2a: Sneasler|def|1\n|-unboost|p2a: Sneasler|spd|1\n|move|p1a: Skarmory|Counter|p2a: Sneasler\n|-damage|p2a: Sneasler|0 fnt\n|faint|p2a: Sneasler\n|\n|upkeep\n|c|\u2606zhensei|ggs\n|\n|t:|1699001636\n|switch|p2a: Greninja|Greninja, M|100\/100\n|-damage|p2a: Greninja|88\/100|[from] Stealth Rock\n|turn|35\n|\n|t:|1699001642\n|switch|p1a: Hatterene|Hatterene, F, shiny|78\/100\n|move|p2a: Greninja|Ice Beam|p1a: Hatterene\n|-start|p2a: Greninja|typechange|Ice|[from] ability: Protean\n|-damage|p1a: Hatterene|39\/100\n|-status|p1a: Hatterene|frz\n|\n|-heal|p1a: Hatterene|45\/100 frz|[from] item: Leftovers\n|upkeep\n|turn|36\n|\n|t:|1699001649\n|move|p2a: Greninja|Ice Beam|p1a: Hatterene\n|-damage|p1a: Hatterene|2\/100 frz\n|cant|p1a: Hatterene|frz\n|\n|-heal|p1a: Hatterene|8\/100 frz|[from] item: Leftovers\n|upkeep\n|turn|37\n|c|\u2606zhensei|oof\n|\n|t:|1699001653\n|move|p2a: Greninja|Ice Beam|p1a: Hatterene\n|-damage|p1a: Hatterene|0 fnt\n|faint|p1a: Hatterene\n|\n|upkeep\n|\n|t:|1699001654\n|switch|p1a: Lopunny|Lopunny-Mega, M, shiny|100\/100\n|turn|38\n|\n|t:|1699001660\n|move|p2a: Greninja|Ice Beam|p1a: Lopunny\n|-damage|p1a: Lopunny|50\/100\n|move|p1a: Lopunny|Return|p2a: Greninja\n|-damage|p2a: Greninja|0 fnt\n|faint|p2a: Greninja\n|\n|upkeep\n|\n|t:|1699001663\n|switch|p2a: Clefable|Clefable, F|100\/100\n|-damage|p2a: Clefable|88\/100|[from] Stealth Rock\n|turn|39\n|\n|t:|1699001666\n|move|p1a: Lopunny|Return|p2a: Clefable\n|-damage|p2a: Clefable|49\/100\n|move|p2a: Clefable|Moonblast|p1a: Lopunny\n|-supereffective|p1a: Lopunny\n|-damage|p1a: Lopunny|0 fnt\n|faint|p1a: Lopunny\n|\n|-heal|p2a: Clefable|55\/100|[from] item: Leftovers\n|upkeep\n|\n|t:|1699001668\n|switch|p1a: Greninja|Greninja, F, shiny|25\/100\n|turn|40\n|c|\u2606zhensei|ggs\n|\n|t:|1699001671\n|move|p1a: Greninja|Gunk Shot|p2a: Clefable\n|-start|p1a: Greninja|typechange|Poison|[from] ability: Protean\n|-supereffective|p2a: Clefable\n|-damage|p2a: Clefable|0 fnt\n|faint|p2a: Clefable\n|\n|win|zhensei\n|c|\u2606wild_danger|gg\n|c|\u2606zhensei|damn\n|c|\u2606zhensei|u played that\n|c|\u2606zhensei|really well\n|c|\u2606zhensei|wp\n|c|\u2606zhensei|ill say this\n|c|\u2606zhensei|mega lop didnt make a diff\n|c|\u2606zhensei|same result w mienshao\n|c|\u2606zhensei|cause i still out speed ur char\n|c|\u2606wild_danger|i need a defogger\n|c|\u2606zhensei|but char x is the biggest shitter to my team\n|c|\u2606zhensei|mhm\n|c|\u2606zhensei|or\n|c|\u2606zhensei|no char x\n|c|\u2606zhensei|char y\n|c|\u2606zhensei|shits on my team hard\n|c|\u2606zhensei|im forced to play around predicts till suns over\n|c|\u2606wild_danger|im using y\n|c|\u2606zhensei|yah\n|c|\u2606zhensei|char y\n|c|\u2606zhensei|fucks over my team\n|c|\u2606wild_danger|ik\n|c|\u2606zhensei|u kill all my walls w it\n|c|\u2606wild_danger|thats why im using him\n|c|\u2606zhensei|its all\n|c|\u2606zhensei|about predicts\n|c|\u2606zhensei|if u wanna mkae a full on counter team\n|c|\u2606zhensei|i can teach u\n|c|\u2606zhensei|thing is\n|c|\u2606wild_danger|i dont want to\n|c|\u2606zhensei|ur gunna brag about beating me lmfoa\n|c|\u2606zhensei|ill tell u\n|c|\u2606zhensei|3 mons that fuck me over\n|c|\u2606wild_danger|brb\n|c|\u2606zhensei|alr\n","uploadtime":1699001883,"views":11,"p1id":"zhensei","p2id":"wilddanger","formatid":"gen9nationaldexubers","rating":0,"private":0,"password":""}