{"id":"gen9nationaldexubers-1980713786","p1":"HaxzyG","p2":"Trainitar2.2","format":"[Gen 9] National Dex Ubers","log":"|j|\u2606HaxzyG\n|j|\u2606Trainitar2.2\n|t:|1698817706\n|gametype|singles\n|player|p1|HaxzyG|cynthia|1140\n|player|p2|Trainitar2.2|ninjaboy|1164\n|teamsize|p1|6\n|teamsize|p2|6\n|gen|9\n|tier|[Gen 9] National Dex Ubers\n|rated|\n|rule|HP Percentage Mod: HP is shown in percentages\n|rule|Endless Battle Clause: Forcing endless battles is banned\n|rule|OHKO Clause: OHKO moves are banned\n|rule|Evasion Moves Clause: Evasion moves are banned\n|rule|Evasion Items Clause: Evasion items are banned\n|rule|Species Clause: Limit one of each Pok\u00e9mon\n|rule|Sleep Clause Mod: Limit one foe put to sleep\n|rule|Mega Rayquaza Clause: You cannot mega evolve Rayquaza\n|clearpoke\n|poke|p1|Regieleki|\n|poke|p1|Ariados, F|\n|poke|p1|Gholdengo|\n|poke|p1|Dracovish|\n|poke|p1|Ferrothorn, F|\n|poke|p1|Glimmora, M|\n|poke|p2|Salamence, F|\n|poke|p2|Xerneas-*|\n|poke|p2|Necrozma-Dusk-Mane|\n|poke|p2|Yveltal|\n|poke|p2|Ho-Oh|\n|poke|p2|Marshadow|\n|teampreview\n|inactive|Battle timer is ON: inactive players will automatically lose when time's up. (requested by Trainitar2.2)\n|\n|t:|1698817712\n|start\n|switch|p1a: Regieleki|Regieleki|100\/100\n|switch|p2a: Ho-Oh|Ho-Oh|100\/100\n|turn|1\n|\n|t:|1698817734\n|switch|p2a: Necrozma|Necrozma-Dusk-Mane|100\/100\n|move|p1a: Regieleki|Thunder Wave|p2a: Necrozma\n|-status|p2a: Necrozma|par\n|\n|upkeep\n|turn|2\n|\n|t:|1698817749\n|move|p1a: Regieleki|Electro Ball|p2a: Necrozma\n|-damage|p2a: Necrozma|33\/100 par\n|move|p2a: Necrozma|Earthquake|p1a: Regieleki\n|-supereffective|p1a: Regieleki\n|-damage|p1a: Regieleki|0 fnt\n|faint|p1a: Regieleki\n|\n|-heal|p2a: Necrozma|39\/100 par|[from] item: Leftovers\n|upkeep\n|\n|t:|1698817760\n|switch|p1a: Gholdengo|Gholdengo|100\/100\n|-item|p1a: Gholdengo|Air Balloon\n|turn|3\n|\n|t:|1698817784\n|switch|p2a: Ho-Oh|Ho-Oh|100\/100\n|move|p1a: Gholdengo|Hex|p2a: Ho-Oh\n|-damage|p2a: Ho-Oh|85\/100\n|\n|upkeep\n|turn|4\n|\n|t:|1698817790\n|switch|p1a: Glimmora|Glimmora, M|100\/100\n|move|p2a: Ho-Oh|Sacred Fire|p1a: Glimmora\n|-resisted|p1a: Glimmora\n|-damage|p1a: Glimmora|76\/100\n|-status|p1a: Glimmora|brn\n|-activate|p1a: Glimmora|ability: Toxic Debris\n|-sidestart|p2: Trainitar2.2|move: Toxic Spikes\n|\n|-damage|p1a: Glimmora|70\/100 brn|[from] brn\n|upkeep\n|turn|5\n|\n|t:|1698817800\n|switch|p2a: Necrozma|Necrozma-Dusk-Mane|39\/100 par\n|move|p1a: Glimmora|Rock Polish|p1a: Glimmora\n|-boost|p1a: Glimmora|spe|2\n|\n|-heal|p2a: Necrozma|45\/100 par|[from] item: Leftovers\n|-damage|p1a: Glimmora|63\/100 brn|[from] brn\n|upkeep\n|turn|6\n|\n|t:|1698817808\n|move|p1a: Glimmora|Earth Power|p2a: Necrozma\n|-supereffective|p2a: Necrozma\n|-damage|p2a: Necrozma|0 fnt\n|faint|p2a: Necrozma\n|-damage|p1a: Glimmora|54\/100 brn|[from] item: Life Orb\n|\n|-damage|p1a: Glimmora|47\/100 brn|[from] brn\n|upkeep\n|\n|t:|1698817834\n|switch|p2a: Yveltal|Yveltal|100\/100\n|-ability|p2a: Yveltal|Dark Aura\n|turn|7\n|\n|t:|1698817845\n|-terastallize|p2a: Yveltal|Steel\n|move|p1a: Glimmora|Sludge Wave|p2a: Yveltal\n|-immune|p2a: Yveltal\n|move|p2a: Yveltal|Oblivion Wing|p1a: Glimmora\n|-resisted|p1a: Glimmora\n|-damage|p1a: Glimmora|19\/100 brn\n|\n|-damage|p1a: Glimmora|13\/100 brn|[from] brn\n|upkeep\n|turn|8\n|\n|t:|1698817854\n|move|p1a: Glimmora|Earth Power|p2a: Yveltal\n|-supereffective|p2a: Yveltal\n|-damage|p2a: Yveltal|30\/100\n|-damage|p1a: Glimmora|3\/100 brn|[from] item: Life Orb\n|move|p2a: Yveltal|Roost|p2a: Yveltal\n|-heal|p2a: Yveltal|80\/100\n|\n|-damage|p1a: Glimmora|0 fnt|[from] brn\n|faint|p1a: Glimmora\n|upkeep\n|\n|t:|1698817876\n|switch|p1a: Ariados|Ariados, F|100\/100\n|turn|9\n|\n|t:|1698817880\n|move|p2a: Yveltal|Oblivion Wing|p1a: Ariados\n|-supereffective|p1a: Ariados\n|-crit|p1a: Ariados\n|-enditem|p1a: Ariados|Focus Sash\n|-damage|p1a: Ariados|1\/100\n|-heal|p2a: Yveltal|100\/100|[from] drain|[of] p1a: Ariados\n|move|p1a: Ariados|Sticky Web|p2a: Yveltal\n|-sidestart|p2: Trainitar2.2|move: Sticky Web\n|\n|upkeep\n|turn|10\n|\n|t:|1698817889\n|switch|p2a: Ho-Oh|Ho-Oh|100\/100\n|move|p1a: Ariados|Sucker Punch||[still]\n|-fail|p1a: Ariados\n|\n|upkeep\n|turn|11\n|\n|t:|1698817894\n|switch|p1a: Gholdengo|Gholdengo|100\/100\n|-item|p1a: Gholdengo|Air Balloon\n|move|p2a: Ho-Oh|Defog|p1a: Gholdengo\n|-immune|p1a: Gholdengo|[from] ability: Good as Gold\n|\n|upkeep\n|turn|12\n|\n|t:|1698817918\n|-terastallize|p1a: Gholdengo|Normal\n|move|p1a: Gholdengo|Thunder Wave|p2a: Ho-Oh\n|-status|p2a: Ho-Oh|par\n|cant|p2a: Ho-Oh|par\n|\n|upkeep\n|turn|13\n|\n|t:|1698817926\n|move|p1a: Gholdengo|Hex|p2a: Ho-Oh\n|-damage|p2a: Ho-Oh|72\/100 par\n|move|p2a: Ho-Oh|Whirlwind|p1a: Gholdengo\n|-immune|p1a: Gholdengo|[from] ability: Good as Gold\n|\n|upkeep\n|turn|14\n|\n|t:|1698817931\n|move|p1a: Gholdengo|Hex|p2a: Ho-Oh\n|-damage|p2a: Ho-Oh|43\/100 par\n|move|p2a: Ho-Oh|Sacred Fire|p1a: Gholdengo\n|-damage|p1a: Gholdengo|54\/100\n|-enditem|p1a: Gholdengo|Air Balloon\n|\n|upkeep\n|turn|15\n|\n|t:|1698817938\n|switch|p2a: Yveltal|Yveltal, tera:Steel|100\/100\n|-ability|p2a: Yveltal|Dark Aura\n|move|p1a: Gholdengo|Hex|p2a: Yveltal\n|-damage|p2a: Yveltal|73\/100\n|\n|upkeep\n|turn|16\n|\n|t:|1698817946\n|switch|p2a: Ho-Oh|Ho-Oh|77\/100 par\n|move|p1a: Gholdengo|Thunder Wave|p2a: Ho-Oh\n|-fail|p2a: Ho-Oh|par\n|\n|upkeep\n|turn|17\n|\n|t:|1698817952\n|move|p1a: Gholdengo|Hex|p2a: Ho-Oh\n|-damage|p2a: Ho-Oh|46\/100 par\n|cant|p2a: Ho-Oh|par\n|\n|upkeep\n|turn|18\n|\n|t:|1698817957\n|move|p1a: Gholdengo|Hex|p2a: Ho-Oh\n|-damage|p2a: Ho-Oh|17\/100 par\n|cant|p2a: Ho-Oh|par\n|\n|upkeep\n|turn|19\n|\n|t:|1698817964\n|switch|p2a: Yveltal|Yveltal, tera:Steel|73\/100\n|-ability|p2a: Yveltal|Dark Aura\n|move|p1a: Gholdengo|Thunder Wave|p2a: Yveltal\n|-status|p2a: Yveltal|par\n|\n|upkeep\n|turn|20\n|\n|t:|1698817971\n|move|p1a: Gholdengo|Hex|p2a: Yveltal\n|-damage|p2a: Yveltal|23\/100 par\n|move|p2a: Yveltal|Roost|p2a: Yveltal\n|-heal|p2a: Yveltal|73\/100 par\n|\n|upkeep\n|turn|21\n|\n|t:|1698817978\n|move|p1a: Gholdengo|Thunder Wave|p2a: Yveltal\n|-fail|p2a: Yveltal|par\n|move|p2a: Yveltal|Oblivion Wing|p1a: Gholdengo\n|-damage|p1a: Gholdengo|6\/100\n|-heal|p2a: Yveltal|98\/100 par|[from] drain|[of] p1a: Gholdengo\n|\n|upkeep\n|turn|22\n|\n|t:|1698817985\n|move|p1a: Gholdengo|Hex|p2a: Yveltal\n|-damage|p2a: Yveltal|48\/100 par\n|move|p2a: Yveltal|U-turn|p1a: Gholdengo\n|-damage|p1a: Gholdengo|0 fnt\n|faint|p1a: Gholdengo\n|\n|t:|1698817989\n|switch|p2a: Salamence|Salamence, F|100\/100|[from] U-turn\n|\n|upkeep\n|\n|t:|1698817993\n|switch|p1a: Ferrothorn|Ferrothorn, F|100\/100\n|turn|23\n|\n|t:|1698817999\n|switch|p2a: Ho-Oh|Ho-Oh|50\/100 par\n|move|p1a: Ferrothorn|Thunder Wave|p2a: Ho-Oh\n|-fail|p2a: Ho-Oh|par\n|\n|upkeep\n|turn|24\n|\n|t:|1698818006\n|cant|p2a: Ho-Oh|par\n|move|p1a: Ferrothorn|Stealth Rock|p2a: Ho-Oh\n|-sidestart|p2: Trainitar2.2|move: Stealth Rock\n|\n|upkeep\n|turn|25\n|\n|t:|1698818011\n|move|p2a: Ho-Oh|Defog|p1a: Ferrothorn\n|-unboost|p1a: Ferrothorn|evasion|1\n|-sideend|p2: Trainitar2.2|Toxic Spikes|[from] move: Defog|[of] p2a: Ho-Oh\n|-sideend|p2: Trainitar2.2|Stealth Rock|[from] move: Defog|[of] p2a: Ho-Oh\n|-sideend|p2: Trainitar2.2|Sticky Web|[from] move: Defog|[of] p2a: Ho-Oh\n|move|p1a: Ferrothorn|Leech Seed|p2a: Ho-Oh|[miss]\n|-miss|p1a: Ferrothorn|p2a: Ho-Oh\n|\n|upkeep\n|turn|26\n|\n|t:|1698818020\n|switch|p2a: Xerneas|Xerneas|100\/100\n|-ability|p2a: Xerneas|Fairy Aura\n|move|p1a: Ferrothorn|Leech Seed|p2a: Xerneas\n|-start|p2a: Xerneas|move: Leech Seed\n|\n|-damage|p2a: Xerneas|88\/100|[from] Leech Seed|[of] p1a: Ferrothorn\n|upkeep\n|turn|27\n|\n|t:|1698818029\n|move|p2a: Xerneas|Geomancy||[still]\n|-prepare|p2a: Xerneas|Geomancy\n|-enditem|p2a: Xerneas|Power Herb\n|-anim|p2a: Xerneas|Geomancy|p2a: Xerneas\n|-boost|p2a: Xerneas|spa|2\n|-boost|p2a: Xerneas|spd|2\n|-boost|p2a: Xerneas|spe|2\n|move|p1a: Ferrothorn|Thunder Wave|p2a: Xerneas\n|-status|p2a: Xerneas|par\n|\n|-damage|p2a: Xerneas|76\/100 par|[from] Leech Seed|[of] p1a: Ferrothorn\n|upkeep\n|turn|28\n|\n|t:|1698818038\n|move|p2a: Xerneas|Hidden Power|p1a: Ferrothorn\n|-supereffective|p1a: Ferrothorn\n|-damage|p1a: Ferrothorn|0 fnt\n|faint|p1a: Ferrothorn\n|\n|upkeep\n|\n|t:|1698818049\n|switch|p1a: Ariados|Ariados, F|1\/100\n|turn|29\n|\n|t:|1698818055\n|switch|p2a: Salamence|Salamence, F|100\/100\n|-ability|p2a: Salamence|Intimidate|boost\n|-unboost|p1a: Ariados|atk|1\n|move|p1a: Ariados|Sticky Web|p2a: Salamence\n|-sidestart|p2: Trainitar2.2|move: Sticky Web\n|\n|upkeep\n|turn|30\n|\n|t:|1698818061\n|detailschange|p2a: Salamence|Salamence-Mega, F\n|-mega|p2a: Salamence|Salamence|Salamencite\n|move|p2a: Salamence|Dragon Dance|p2a: Salamence\n|-boost|p2a: Salamence|atk|1\n|-boost|p2a: Salamence|spe|1\n|move|p1a: Ariados|Night Shade|p2a: Salamence\n|-damage|p2a: Salamence|70\/100\n|\n|upkeep\n|turn|31\n|\n|t:|1698818069\n|move|p2a: Salamence|Dragon Claw|p1a: Ariados\n|-damage|p1a: Ariados|0 fnt\n|faint|p1a: Ariados\n|\n|upkeep\n|\n|t:|1698818073\n|switch|p1a: Uno LALALA|Dracovish|100\/100\n|turn|32\n|\n|t:|1698818078\n|move|p2a: Salamence|Dragon Claw|p1a: Uno LALALA\n|-supereffective|p1a: Uno LALALA\n|-damage|p1a: Uno LALALA|0 fnt\n|faint|p1a: Uno LALALA\n|\n|win|Trainitar2.2\n|raw|HaxzyG's rating: 1140 &rarr; <strong>1117<\/strong><br \/>(-23 for losing)\n|raw|Trainitar2.2's rating: 1164 &rarr; <strong>1187<\/strong><br \/>(+23 for winning)\n|l|\u2606HaxzyG\n","uploadtime":1698818083,"views":10,"p1id":"haxzyg","p2id":"trainitar22","formatid":"gen9nationaldexubers","rating":1117,"private":0,"password":""}