{"id":"gen9nationaldexubers-1996537576","p1":"Ronin0789","p2":"Morohathepupper","format":"[Gen 9] National Dex Ubers","log":"|j|\u2606Ronin0789\n|j|\u2606Morohathepupper\n|t:|1700691883\n|gametype|singles\n|player|p1|Ronin0789|red|1319\n|player|p2|Morohathepupper|gambler|1404\n|teamsize|p1|6\n|teamsize|p2|6\n|gen|9\n|tier|[Gen 9] National Dex Ubers\n|rated|\n|rule|HP Percentage Mod: HP is shown in percentages\n|rule|Endless Battle Clause: Forcing endless battles is banned\n|rule|OHKO Clause: OHKO moves are banned\n|rule|Evasion Moves Clause: Evasion moves are banned\n|rule|Evasion Items Clause: Evasion items are banned\n|rule|Species Clause: Limit one of each Pok\u00e9mon\n|rule|Sleep Clause Mod: Limit one foe put to sleep\n|rule|Mega Rayquaza Clause: You cannot mega evolve Rayquaza\n|clearpoke\n|poke|p1|Slurpuff, F|\n|poke|p1|Groudon|\n|poke|p1|Eternatus|\n|poke|p1|Mimikyu, M|\n|poke|p1|Zacian-*|\n|poke|p1|Blastoise, M|\n|poke|p2|Shuckle, F|\n|poke|p2|Pyukumuku, F|\n|poke|p2|Groudon|\n|poke|p2|Necrozma-Dusk-Mane|\n|poke|p2|Zygarde|\n|poke|p2|Yveltal|\n|teampreview\n|c|\u2606Morohathepupper|Again?\n|c|\u2606Morohathepupper|damn\n|c|\u2606Ronin0789|fdp\n|c|\u2606Ronin0789|fala portugues macaco\n|c|\u2606Ronin0789|MONKEY\n|c|\u2606Ronin0789|MONKRY\n|\n|t:|1700691922\n|start\n|switch|p1a: Slurpuff|Slurpuff, F|100\/100\n|switch|p2a: Shuckle|Shuckle, F|100\/100\n|turn|1\n|c|\u2606Morohathepupper|Idk what your saying brotha I\u2019m English and japa\n|c|\u2606Morohathepupper|Japanease\n|c|\u2606Ronin0789|FODASE POHA\n|\n|t:|1700691945\n|move|p1a: Slurpuff|Sticky Web|p2a: Shuckle\n|-sidestart|p2: Morohathepupper|move: Sticky Web\n|move|p2a: Shuckle|Infestation|p1a: Slurpuff\n|-resisted|p1a: Slurpuff\n|-damage|p1a: Slurpuff|97\/100\n|-activate|p1a: Slurpuff|move: Infestation|[of] p2a: Shuckle\n|\n|-damage|p1a: Slurpuff|85\/100|[from] move: Infestation|[partiallytrapped]\n|upkeep\n|turn|2\n|c|\u2606Ronin0789|ACHA Q EU LIGO\n|c|\u2606Ronin0789|EU QUERO MAIS \u00c9 Q VC MORRA\n|c|\u2606Ronin0789|DE CANCER NAS BOLA\n|c|\u2606Morohathepupper|Please bro calm down\n|c|\u2606Ronin0789|AINANANANA\n|\n|t:|1700691986\n|move|p1a: Slurpuff|Dazzling Gleam|p2a: Shuckle\n|-damage|p2a: Shuckle|72\/100\n|move|p2a: Shuckle|Sticky Web|p1a: Slurpuff\n|-sidestart|p1: Ronin0789|move: Sticky Web\n|\n|-damage|p1a: Slurpuff|72\/100|[from] move: Infestation|[partiallytrapped]\n|upkeep\n|turn|3\n|c|\u2606Morohathepupper|I can tell your probably mad from what I can understand\n|c|\u2606Ronin0789|PEGA NO MEU CACETE PRETO AQUI \u00d3\n|c|\u2606Ronin0789|YOU IS BLACK\n|\n|t:|1700692013\n|move|p1a: Slurpuff|Dazzling Gleam|p2a: Shuckle\n|-damage|p2a: Shuckle|44\/100\n|move|p2a: Shuckle|Stealth Rock|p1a: Slurpuff\n|-sidestart|p1: Ronin0789|move: Stealth Rock\n|\n|-damage|p1a: Slurpuff|60\/100|[from] move: Infestation|[partiallytrapped]\n|upkeep\n|turn|4\n|c|\u2606Ronin0789|ENTENDEU ISSO?\n|c|\u2606Ronin0789|SEU CU SUJO\n|c|\u2606Morohathepupper|Me? I\u2019m asian\n|\n|t:|1700692033\n|move|p1a: Slurpuff|Dazzling Gleam|p2a: Shuckle\n|-damage|p2a: Shuckle|13\/100\n|move|p2a: Shuckle|Toxic|p1a: Slurpuff\n|-status|p1a: Slurpuff|tox\n|\n|-damage|p1a: Slurpuff|54\/100 tox|[from] psn\n|-damage|p1a: Slurpuff|41\/100 tox|[from] move: Infestation|[partiallytrapped]\n|upkeep\n|turn|5\n|c|\u2606Ronin0789|ASIAN LA DA ANGOLA\n|c|\u2606Morohathepupper|Please im not rude to you so dont be rude to me\n|c|\u2606Ronin0789|VENEZUELANO FUDIDO TEM NEM OQ COMER\n|\n|t:|1700692070\n|move|p1a: Slurpuff|Dazzling Gleam|p2a: Shuckle\n|-crit|p2a: Shuckle\n|-damage|p2a: Shuckle|0 fnt\n|faint|p2a: Shuckle\n|\n|-damage|p1a: Slurpuff|29\/100 tox|[from] psn\n|-end|p1a: Slurpuff|Infestation|[partiallytrapped]|[silent]\n|upkeep\n|c|\u2606Ronin0789|COME BOSTA DE CACHORRO PRA VIVER\n|\n|t:|1700692120\n|switch|p2a: Necrozma|Necrozma-Dusk-Mane|100\/100\n|-activate|p2a: Necrozma|move: Sticky Web\n|-unboost|p2a: Necrozma|spe|1\n|turn|6\n|\n|t:|1700692128\n|move|p1a: Slurpuff|Yawn|p2a: Necrozma\n|-start|p2a: Necrozma|move: Yawn|[of] p1a: Slurpuff\n|move|p2a: Necrozma|Sunsteel Strike|p1a: Slurpuff\n|-supereffective|p1a: Slurpuff\n|-damage|p1a: Slurpuff|0 fnt\n|faint|p1a: Slurpuff\n|\n|upkeep\n|\n|t:|1700692141\n|switch|p1a: Groudon|Groudon, shiny|100\/100\n|-activate|p1a: Groudon|move: Sticky Web\n|-unboost|p1a: Groudon|spe|1\n|-damage|p1a: Groudon|94\/100|[from] Stealth Rock\n|detailschange|p1a: Groudon|Groudon-Primal, shiny\n|-primal|p1a: Groudon|Red Orb\n|-weather|DesolateLand|[from] ability: Desolate Land|[of] p1a: Groudon\n|turn|7\n|\n|t:|1700692157\n|switch|p2a: beefasaurus rex|Zygarde|100\/100\n|-activate|p2a: beefasaurus rex|move: Sticky Web\n|-unboost|p2a: beefasaurus rex|spe|1\n|move|p1a: Groudon|Rock Polish|p1a: Groudon\n|-boost|p1a: Groudon|spe|2\n|\n|-weather|DesolateLand|[upkeep]\n|upkeep\n|turn|8\n|\n|t:|1700692167\n|move|p1a: Groudon|Precipice Blades|p2a: beefasaurus rex\n|-damage|p2a: beefasaurus rex|54\/100\n|move|p2a: beefasaurus rex|Glare|p1a: Groudon\n|-status|p1a: Groudon|par\n|\n|-weather|DesolateLand|[upkeep]\n|-heal|p2a: beefasaurus rex|60\/100|[from] item: Leftovers\n|upkeep\n|turn|9\n|\n|t:|1700692177\n|move|p1a: Groudon|Precipice Blades|p2a: beefasaurus rex\n|-damage|p2a: beefasaurus rex|17\/100\n|move|p2a: beefasaurus rex|Coil|p2a: beefasaurus rex\n|-boost|p2a: beefasaurus rex|atk|1\n|-boost|p2a: beefasaurus rex|def|1\n|-boost|p2a: beefasaurus rex|accuracy|1\n|\n|-weather|DesolateLand|[upkeep]\n|-heal|p2a: beefasaurus rex|23\/100|[from] item: Leftovers\n|-activate|p2a: beefasaurus rex|ability: Power Construct\n|detailschange|p2a: beefasaurus rex|Zygarde-Complete\n|-heal|p2a: beefasaurus rex|49\/100|[silent]\n|upkeep\n|turn|10\n|\n|t:|1700692199\n|move|p1a: Groudon|Precipice Blades|p2a: beefasaurus rex\n|-damage|p2a: beefasaurus rex|31\/100\n|move|p2a: beefasaurus rex|Coil|p2a: beefasaurus rex\n|-boost|p2a: beefasaurus rex|atk|1\n|-boost|p2a: beefasaurus rex|def|1\n|-boost|p2a: beefasaurus rex|accuracy|1\n|\n|-weather|DesolateLand|[upkeep]\n|-heal|p2a: beefasaurus rex|37\/100|[from] item: Leftovers\n|upkeep\n|turn|11\n|\n|t:|1700692210\n|move|p1a: Groudon|Stone Edge|p2a: beefasaurus rex\n|-resisted|p2a: beefasaurus rex\n|-damage|p2a: beefasaurus rex|33\/100\n|move|p2a: beefasaurus rex|Coil|p2a: beefasaurus rex\n|-boost|p2a: beefasaurus rex|atk|1\n|-boost|p2a: beefasaurus rex|def|1\n|-boost|p2a: beefasaurus rex|accuracy|1\n|\n|-weather|DesolateLand|[upkeep]\n|-heal|p2a: beefasaurus rex|39\/100|[from] item: Leftovers\n|upkeep\n|turn|12\n|\n|t:|1700692218\n|move|p1a: Groudon|Precipice Blades|p2a: beefasaurus rex\n|-damage|p2a: beefasaurus rex|26\/100\n|move|p2a: beefasaurus rex|Coil|p2a: beefasaurus rex\n|-boost|p2a: beefasaurus rex|atk|1\n|-boost|p2a: beefasaurus rex|def|1\n|-boost|p2a: beefasaurus rex|accuracy|1\n|\n|-weather|DesolateLand|[upkeep]\n|-heal|p2a: beefasaurus rex|32\/100|[from] item: Leftovers\n|upkeep\n|turn|13\n|\n|t:|1700692227\n|-weather|none\n|switch|p1a: Mimikyu|Mimikyu, M|100\/100\n|-activate|p1a: Mimikyu|move: Sticky Web\n|-unboost|p1a: Mimikyu|spe|1\n|-damage|p1a: Mimikyu|88\/100|[from] Stealth Rock\n|move|p2a: beefasaurus rex|Coil|p2a: beefasaurus rex\n|-boost|p2a: beefasaurus rex|atk|1\n|-boost|p2a: beefasaurus rex|def|1\n|-boost|p2a: beefasaurus rex|accuracy|1\n|\n|-heal|p2a: beefasaurus rex|39\/100|[from] item: Leftovers\n|upkeep\n|turn|14\n|\n|t:|1700692246\n|-terastallize|p2a: beefasaurus rex|Fairy\n|move|p1a: Mimikyu|Play Rough|p2a: beefasaurus rex\n|-damage|p2a: beefasaurus rex|34\/100\n|-damage|p1a: Mimikyu|78\/100|[from] item: Life Orb\n|move|p2a: beefasaurus rex|Thousand Arrows|p1a: Mimikyu\n|-activate|p1a: Mimikyu|ability: Disguise\n|-damage|p1a: Mimikyu|78\/100\n|detailschange|p1a: Mimikyu|Mimikyu-Busted, M\n|-damage|p1a: Mimikyu|66\/100|[from] pokemon: Mimikyu-Busted\n|\n|-heal|p2a: beefasaurus rex|40\/100|[from] item: Leftovers\n|upkeep\n|turn|15\n|\n|t:|1700692260\n|move|p1a: Mimikyu|Destiny Bond|p1a: Mimikyu\n|-singlemove|p1a: Mimikyu|Destiny Bond\n|move|p2a: beefasaurus rex|Coil|p2a: beefasaurus rex\n|-boost|p2a: beefasaurus rex|atk|1\n|-boost|p2a: beefasaurus rex|def|1\n|-boost|p2a: beefasaurus rex|accuracy|1\n|\n|-heal|p2a: beefasaurus rex|46\/100|[from] item: Leftovers\n|upkeep\n|turn|16\n|n|\u203dRonin0789|ronin0789\n|\n|t:|1700692272\n|move|p1a: Mimikyu|Shadow Claw|p2a: beefasaurus rex\n|-damage|p2a: beefasaurus rex|43\/100\n|-damage|p1a: Mimikyu|56\/100|[from] item: Life Orb\n|move|p2a: beefasaurus rex|Thousand Arrows|p1a: Mimikyu\n|-damage|p1a: Mimikyu|0 fnt\n|faint|p1a: Mimikyu\n|\n|-heal|p2a: beefasaurus rex|49\/100|[from] item: Leftovers\n|upkeep\n|\n|t:|1700692280\n|switch|p1a: Zacian|Zacian-Crowned, shiny|100\/100\n|-activate|p1a: Zacian|move: Sticky Web\n|-unboost|p1a: Zacian|spe|1\n|-damage|p1a: Zacian|94\/100|[from] Stealth Rock\n|-ability|p1a: Zacian|Intrepid Sword|boost\n|-boost|p1a: Zacian|atk|1\n|turn|17\n|\n|t:|1700692298\n|move|p1a: Zacian|Behemoth Blade|p2a: beefasaurus rex\n|-supereffective|p2a: beefasaurus rex\n|-crit|p2a: beefasaurus rex\n|-damage|p2a: beefasaurus rex|0 fnt\n|faint|p2a: beefasaurus rex\n|\n|upkeep\n|\n|t:|1700692307\n|switch|p2a: Groudon|Groudon|100\/100\n|-activate|p2a: Groudon|move: Sticky Web\n|-unboost|p2a: Groudon|spe|1\n|detailschange|p2a: Groudon|Groudon-Primal\n|-primal|p2a: Groudon|Red Orb\n|-weather|DesolateLand|[from] ability: Desolate Land|[of] p2a: Groudon\n|turn|18\n|\n|t:|1700692315\n|-terastallize|p1a: Zacian|Ground\n|move|p1a: Zacian|Sacred Sword|p2a: Groudon\n|-damage|p2a: Groudon|66\/100\n|move|p2a: Groudon|Swords Dance|p2a: Groudon\n|-boost|p2a: Groudon|atk|2\n|\n|-weather|DesolateLand|[upkeep]\n|upkeep\n|turn|19\n|\n|t:|1700692324\n|move|p1a: Zacian|Sacred Sword|p2a: Groudon\n|-damage|p2a: Groudon|31\/100\n|move|p2a: Groudon|Fire Punch|p1a: Zacian\n|-damage|p1a: Zacian|0 fnt\n|faint|p1a: Zacian\n|\n|-weather|DesolateLand|[upkeep]\n|upkeep\n|\n|t:|1700692333\n|switch|p1a: Eternatus|Eternatus|100\/100\n|-activate|p1a: Eternatus|move: Sticky Web\n|-unboost|p1a: Eternatus|spe|1\n|-damage|p1a: Eternatus|88\/100|[from] Stealth Rock\n|-ability|p1a: Eternatus|Pressure\n|turn|20\n|\n|t:|1700692347\n|-weather|none\n|switch|p2a: Necrozma|Necrozma-Dusk-Mane|100\/100\n|-activate|p2a: Necrozma|move: Sticky Web\n|-unboost|p2a: Necrozma|spe|1\n|move|p1a: Eternatus|Dynamax Cannon|p2a: Necrozma\n|-resisted|p2a: Necrozma\n|-damage|p2a: Necrozma|66\/100\n|\n|-heal|p1a: Eternatus|94\/100|[from] item: Black Sludge\n|upkeep\n|turn|21\n|\n|t:|1700692359\n|move|p1a: Eternatus|Dynamax Cannon|p2a: Necrozma\n|-resisted|p2a: Necrozma\n|-damage|p2a: Necrozma|32\/100\n|move|p2a: Necrozma|Photon Geyser|p1a: Eternatus\n|-supereffective|p1a: Eternatus\n|-damage|p1a: Eternatus|0 fnt\n|faint|p1a: Eternatus\n|\n|upkeep\n|\n|t:|1700692368\n|switch|p1a: Blastoise|Blastoise, M|100\/100\n|-activate|p1a: Blastoise|move: Sticky Web\n|-unboost|p1a: Blastoise|spe|1\n|-damage|p1a: Blastoise|88\/100|[from] Stealth Rock\n|turn|22\n|\n|t:|1700692377\n|detailschange|p1a: Blastoise|Blastoise-Mega, M\n|-mega|p1a: Blastoise|Blastoise|Blastoisinite\n|detailschange|p2a: Necrozma|Necrozma-Ultra\n|-burst|p2a: Necrozma|Necrozma|Ultranecrozium Z\n|move|p2a: Necrozma|Photon Geyser|p1a: Blastoise\n|-damage|p1a: Blastoise|20\/100\n|move|p1a: Blastoise|Shell Smash|p1a: Blastoise\n|-unboost|p1a: Blastoise|def|1\n|-unboost|p1a: Blastoise|spd|1\n|-boost|p1a: Blastoise|atk|2\n|-boost|p1a: Blastoise|spa|2\n|-boost|p1a: Blastoise|spe|2\n|\n|upkeep\n|turn|23\n|\n|t:|1700692395\n|move|p1a: Blastoise|Ice Beam|p2a: Necrozma\n|-supereffective|p2a: Necrozma\n|-crit|p2a: Necrozma\n|-damage|p2a: Necrozma|0 fnt\n|faint|p2a: Necrozma\n|\n|upkeep\n|\n|t:|1700692403\n|switch|p2a: Groudon|Groudon-Primal|31\/100\n|-activate|p2a: Groudon|move: Sticky Web\n|-unboost|p2a: Groudon|spe|1\n|-weather|DesolateLand|[from] ability: Desolate Land|[of] p2a: Groudon\n|turn|24\n|\n|t:|1700692409\n|move|p1a: Blastoise|Ice Beam|p2a: Groudon\n|-damage|p2a: Groudon|0 fnt\n|faint|p2a: Groudon\n|-weather|none\n|\n|upkeep\n|\n|t:|1700692415\n|switch|p2a: held pdons mantle|Yveltal|100\/100\n|-ability|p2a: held pdons mantle|Dark Aura\n|turn|25\n|\n|t:|1700692423\n|switch|p2a: Pyukumuku|Pyukumuku, F|100\/100\n|-activate|p2a: Pyukumuku|move: Sticky Web\n|-unboost|p2a: Pyukumuku|spe|1\n|move|p1a: Blastoise|Ice Beam|p2a: Pyukumuku\n|-resisted|p2a: Pyukumuku\n|-damage|p2a: Pyukumuku|90\/100\n|-status|p2a: Pyukumuku|frz\n|\n|-heal|p2a: Pyukumuku|96\/100 frz|[from] item: Leftovers\n|upkeep\n|turn|26\n|\n|t:|1700692434\n|move|p1a: Blastoise|Aura Sphere|p2a: Pyukumuku\n|-damage|p2a: Pyukumuku|67\/100 frz\n|cant|p2a: Pyukumuku|frz\n|\n|-heal|p2a: Pyukumuku|73\/100 frz|[from] item: Leftovers\n|upkeep\n|turn|27\n|\n|t:|1700692445\n|move|p1a: Blastoise|Aura Sphere|p2a: Pyukumuku\n|-damage|p2a: Pyukumuku|40\/100 frz\n|cant|p2a: Pyukumuku|frz\n|\n|-heal|p2a: Pyukumuku|46\/100 frz|[from] item: Leftovers\n|upkeep\n|turn|28\n|\n|t:|1700692453\n|move|p1a: Blastoise|Aura Sphere|p2a: Pyukumuku\n|-damage|p2a: Pyukumuku|16\/100 frz\n|cant|p2a: Pyukumuku|frz\n|\n|-heal|p2a: Pyukumuku|22\/100 frz|[from] item: Leftovers\n|upkeep\n|turn|29\n|\n|t:|1700692461\n|move|p1a: Blastoise|Aura Sphere|p2a: Pyukumuku\n|-damage|p2a: Pyukumuku|0 fnt\n|faint|p2a: Pyukumuku\n|\n|upkeep\n|\n|t:|1700692465\n|switch|p2a: held pdons mantle|Yveltal|100\/100\n|-ability|p2a: held pdons mantle|Dark Aura\n|turn|30\n|\n|t:|1700692473\n|move|p1a: Blastoise|Ice Beam|p2a: held pdons mantle\n|-supereffective|p2a: held pdons mantle\n|-damage|p2a: held pdons mantle|0 fnt\n|faint|p2a: held pdons mantle\n|\n|win|Ronin0789\n|raw|Ronin0789's rating: 1319 &rarr; <strong>1344<\/strong><br \/>(+25 for winning)\n|raw|Morohathepupper's rating: 1404 &rarr; <strong>1379<\/strong><br \/>(-25 for losing)\n","uploadtime":1700691955,"views":1,"p1id":"ronin0789","p2id":"morohathepupper","formatid":"gen9nationaldexubers","rating":1344,"private":0,"password":""}