{"id":"gen9nationaldexubers-1985448782","p1":"Viviexists","p2":"AhiruChan","format":"[Gen 9] National Dex Ubers","log":"|j|\u2606Viviexists\n|j|\u2606AhiruChan\n|t:|1699375569\n|gametype|singles\n|player|p1|Viviexists|mela|\n|player|p2|AhiruChan|waitress|\n|teamsize|p1|6\n|teamsize|p2|6\n|gen|9\n|tier|[Gen 9] National Dex Ubers\n|rule|HP Percentage Mod: HP is shown in percentages\n|rule|Endless Battle Clause: Forcing endless battles is banned\n|rule|OHKO Clause: OHKO moves are banned\n|rule|Evasion Moves Clause: Evasion moves are banned\n|rule|Evasion Items Clause: Evasion items are banned\n|rule|Species Clause: Limit one of each Pok\u00e9mon\n|rule|Sleep Clause Mod: Limit one foe put to sleep\n|rule|Mega Rayquaza Clause: You cannot mega evolve Rayquaza\n|clearpoke\n|poke|p1|Sinistcha|\n|poke|p1|Ting-Lu|\n|poke|p1|Sableye, M|\n|poke|p1|Skeledirge, M|\n|poke|p1|Dondozo, F|\n|poke|p1|Clefable, F|\n|poke|p2|Grimmsnarl, M|\n|poke|p2|Roaring Moon|\n|poke|p2|Greninja-*, M|\n|poke|p2|Meowscarada, M|\n|poke|p2|Moltres-Galar|\n|poke|p2|Sableye, M|\n|teampreview\n|inactive|Battle timer is ON: inactive players will automatically lose when time's up. (requested by AhiruChan)\n|c|\u2606AhiruChan|Glhf\n|c|\u2606AhiruChan|I hate the tea shit thingy\n|\n|t:|1699375588\n|start\n|switch|p1a: Elf|Sableye, M|100\/100\n|switch|p2a: Sableye|Sableye, M|100\/100\n|turn|1\n|\n|t:|1699375598\n|detailschange|p1a: Elf|Sableye-Mega, M\n|-mega|p1a: Elf|Sableye|Sablenite\n|detailschange|p2a: Sableye|Sableye-Mega, M\n|-mega|p2a: Sableye|Sableye|Sablenite\n|move|p2a: Sableye|Knock Off|p1a: Elf\n|-damage|p1a: Elf|80\/100\n|move|p1a: Elf|Knock Off|p2a: Sableye\n|-damage|p2a: Sableye|83\/100\n|\n|upkeep\n|turn|2\n|\n|t:|1699375616\n|move|p2a: Sableye|Knock Off|p1a: Elf\n|-damage|p1a: Elf|62\/100\n|move|p1a: Elf|Knock Off|p2a: Sableye\n|-damage|p2a: Sableye|66\/100\n|\n|upkeep\n|turn|3\n|\n|t:|1699375620\n|move|p1a: Elf|Knock Off|p2a: Sableye\n|-damage|p2a: Sableye|48\/100\n|move|p2a: Sableye|Knock Off|p1a: Elf\n|-damage|p1a: Elf|43\/100\n|\n|upkeep\n|turn|4\n|\n|t:|1699375624\n|move|p2a: Sableye|Knock Off|p1a: Elf\n|-damage|p1a: Elf|24\/100\n|move|p1a: Elf|Recover|p1a: Elf\n|-heal|p1a: Elf|74\/100\n|\n|upkeep\n|turn|5\n|\n|t:|1699375629\n|move|p1a: Elf|Knock Off|p2a: Sableye\n|-damage|p2a: Sableye|29\/100\n|move|p2a: Sableye|Recover|p2a: Sableye\n|-heal|p2a: Sableye|79\/100\n|\n|upkeep\n|turn|6\n|\n|t:|1699375635\n|move|p1a: Elf|Knock Off|p2a: Sableye\n|-damage|p2a: Sableye|59\/100\n|move|p2a: Sableye|Knock Off|p1a: Elf\n|-damage|p1a: Elf|54\/100\n|\n|upkeep\n|turn|7\n|\n|t:|1699375640\n|move|p2a: Sableye|Knock Off|p1a: Elf\n|-damage|p1a: Elf|36\/100\n|move|p1a: Elf|Recover|p1a: Elf\n|-heal|p1a: Elf|86\/100\n|\n|upkeep\n|turn|8\n|\n|t:|1699375644\n|move|p1a: Elf|Knock Off|p2a: Sableye\n|-damage|p2a: Sableye|38\/100\n|move|p2a: Sableye|Knock Off|p1a: Elf\n|-damage|p1a: Elf|66\/100\n|\n|upkeep\n|turn|9\n|\n|t:|1699375650\n|switch|p1a: Frosty the Snowman|Clefable, F|100\/100\n|move|p2a: Sableye|Recover|p2a: Sableye\n|-heal|p2a: Sableye|89\/100\n|\n|upkeep\n|turn|10\n|c|\u2606AhiruChan|I can do this all day\n|\n|t:|1699375663\n|move|p1a: Frosty the Snowman|Moonblast|p2a: Sableye\n|-supereffective|p2a: Sableye\n|-damage|p2a: Sableye|39\/100\n|move|p2a: Sableye|Knock Off|p1a: Frosty the Snowman\n|-resisted|p1a: Frosty the Snowman\n|-damage|p1a: Frosty the Snowman|85\/100\n|-enditem|p1a: Frosty the Snowman|Leftovers|[from] move: Knock Off|[of] p2a: Sableye\n|\n|upkeep\n|turn|11\n|\n|t:|1699375669\n|switch|p2a: Grimmsnarl|Grimmsnarl, M|100\/100\n|move|p1a: Frosty the Snowman|Moonblast|p2a: Grimmsnarl\n|-supereffective|p2a: Grimmsnarl\n|-damage|p2a: Grimmsnarl|56\/100\n|-unboost|p2a: Grimmsnarl|spa|1\n|\n|upkeep\n|turn|12\n|\n|t:|1699375674\n|move|p2a: Grimmsnarl|Light Screen|p2a: Grimmsnarl\n|-sidestart|p2: AhiruChan|move: Light Screen\n|move|p1a: Frosty the Snowman|Knock Off|p2a: Grimmsnarl\n|-resisted|p2a: Grimmsnarl\n|-damage|p2a: Grimmsnarl|50\/100\n|-enditem|p2a: Grimmsnarl|Light Clay|[from] move: Knock Off|[of] p1a: Frosty the Snowman\n|\n|upkeep\n|turn|13\n|\n|t:|1699375689\n|switch|p1a: Rudolph|Ting-Lu|100\/100\n|-ability|p1a: Rudolph|Vessel of Ruin\n|move|p2a: Grimmsnarl|Taunt|p1a: Rudolph\n|-hint|Since gen 7, Dark is immune to Prankster moves.\n|-immune|p1a: Rudolph\n|\n|upkeep\n|turn|14\n|\n|t:|1699375698\n|switch|p2a: Sableye|Sableye-Mega, M|39\/100\n|move|p1a: Rudolph|Stealth Rock|p2a: Sableye\n|move|p2a: Sableye|Stealth Rock|p1a: Rudolph|[from]ability: Magic Bounce\n|-sidestart|p1: Viviexists|move: Stealth Rock\n|\n|upkeep\n|turn|15\n|\n|t:|1699375702\n|move|p1a: Rudolph|Earthquake|p2a: Sableye\n|-damage|p2a: Sableye|5\/100\n|move|p2a: Sableye|Recover|p2a: Sableye\n|-heal|p2a: Sableye|55\/100\n|\n|upkeep\n|turn|16\n|\n|t:|1699375707\n|move|p2a: Sableye|Recover|p2a: Sableye\n|-heal|p2a: Sableye|100\/100\n|move|p1a: Rudolph|Whirlwind|p2a: Sableye\n|move|p2a: Sableye|Whirlwind|p1a: Rudolph|[from]ability: Magic Bounce\n|drag|p1a: Elf|Sableye-Mega, M|66\/100\n|-damage|p1a: Elf|54\/100|[from] Stealth Rock\n|\n|upkeep\n|turn|17\n|\n|t:|1699375724\n|switch|p2a: Greninja|Greninja, M|100\/100\n|move|p1a: Elf|Recover|p1a: Elf\n|-heal|p1a: Elf|100\/100\n|\n|upkeep\n|turn|18\n|\n|t:|1699375733\n|move|p2a: Greninja|Dark Pulse|p1a: Elf\n|-damage|p1a: Elf|76\/100\n|cant|p1a: Elf|flinch\n|\n|upkeep\n|turn|19\n|\n|t:|1699375743\n|switch|p1a: Rudolph|Ting-Lu|100\/100\n|-damage|p1a: Rudolph|94\/100|[from] Stealth Rock\n|-ability|p1a: Rudolph|Vessel of Ruin\n|move|p2a: Greninja|Hydro Pump|p1a: Rudolph\n|-supereffective|p1a: Rudolph\n|-damage|p1a: Rudolph|52\/100\n|\n|-heal|p1a: Rudolph|58\/100|[from] item: Leftovers\n|-sideend|p2: AhiruChan|move: Light Screen\n|upkeep\n|turn|20\n|\n|t:|1699375758\n|switch|p2a: Sableye|Sableye-Mega, M|100\/100\n|move|p1a: Rudolph|Earthquake|p2a: Sableye\n|-damage|p2a: Sableye|68\/100\n|\n|-heal|p1a: Rudolph|64\/100|[from] item: Leftovers\n|upkeep\n|turn|21\n|\n|t:|1699375762\n|move|p2a: Sableye|Will-O-Wisp|p1a: Rudolph\n|-status|p1a: Rudolph|brn\n|move|p1a: Rudolph|Whirlwind|p2a: Sableye\n|move|p2a: Sableye|Whirlwind|p1a: Rudolph|[from]ability: Magic Bounce\n|drag|p1a: Die Hard|Sinistcha|100\/100\n|-damage|p1a: Die Hard|88\/100|[from] Stealth Rock\n|\n|-heal|p1a: Die Hard|94\/100|[from] item: Leftovers\n|upkeep\n|turn|22\n|\n|t:|1699375769\n|move|p1a: Die Hard|Matcha Gotcha|p2a: Sableye\n|-damage|p2a: Sableye|42\/100\n|-heal|p1a: Die Hard|100\/100|[from] drain|[of] p2a: Sableye\n|-status|p2a: Sableye|brn\n|move|p2a: Sableye|Knock Off|p1a: Die Hard\n|-supereffective|p1a: Die Hard\n|-damage|p1a: Die Hard|78\/100\n|-enditem|p1a: Die Hard|Leftovers|[from] move: Knock Off|[of] p2a: Sableye\n|\n|-damage|p2a: Sableye|36\/100 brn|[from] brn\n|upkeep\n|turn|23\n|\n|t:|1699375776\n|move|p1a: Die Hard|Matcha Gotcha|p2a: Sableye\n|-damage|p2a: Sableye|10\/100 brn\n|-heal|p1a: Die Hard|89\/100|[from] drain|[of] p2a: Sableye\n|move|p2a: Sableye|Recover|p2a: Sableye\n|-heal|p2a: Sableye|61\/100 brn\n|\n|-damage|p2a: Sableye|55\/100 brn|[from] brn\n|upkeep\n|turn|24\n|\n|t:|1699375781\n|move|p1a: Die Hard|Matcha Gotcha|p2a: Sableye\n|-damage|p2a: Sableye|31\/100 brn\n|-heal|p1a: Die Hard|99\/100|[from] drain|[of] p2a: Sableye\n|move|p2a: Sableye|Will-O-Wisp|p1a: Die Hard\n|-status|p1a: Die Hard|brn\n|\n|-damage|p1a: Die Hard|97\/100 brn|[from] brn\n|-damage|p2a: Sableye|25\/100 brn|[from] brn\n|upkeep\n|turn|25\n|\n|t:|1699375787\n|switch|p2a: Grimmsnarl|Grimmsnarl, M|50\/100\n|move|p1a: Die Hard|Matcha Gotcha|p2a: Grimmsnarl\n|-damage|p2a: Grimmsnarl|28\/100\n|-heal|p1a: Die Hard|100\/100 brn|[from] drain|[of] p2a: Grimmsnarl\n|\n|-damage|p1a: Die Hard|98\/100 brn|[from] brn\n|upkeep\n|turn|26\n|\n|t:|1699375791\n|move|p2a: Grimmsnarl|Reflect|p2a: Grimmsnarl\n|-sidestart|p2: AhiruChan|Reflect\n|move|p1a: Die Hard|Matcha Gotcha|p2a: Grimmsnarl\n|-damage|p2a: Grimmsnarl|3\/100\n|-heal|p1a: Die Hard|100\/100 brn|[from] drain|[of] p2a: Grimmsnarl\n|\n|-damage|p1a: Die Hard|98\/100 brn|[from] brn\n|upkeep\n|turn|27\n|\n|t:|1699375794\n|move|p2a: Grimmsnarl|Parting Shot|p1a: Die Hard\n|-unboost|p1a: Die Hard|atk|1\n|-unboost|p1a: Die Hard|spa|1\n|\n|t:|1699375803\n|switch|p2a: Moltres|Moltres-Galar|100\/100|[from] Parting Shot\n|move|p1a: Die Hard|Matcha Gotcha|p2a: Moltres\n|-resisted|p2a: Moltres\n|-damage|p2a: Moltres|91\/100\n|-heal|p1a: Die Hard|100\/100 brn|[from] drain|[of] p2a: Moltres\n|\n|-damage|p1a: Die Hard|98\/100 brn|[from] brn\n|upkeep\n|turn|28\n|\n|t:|1699375812\n|move|p2a: Moltres|Agility|p2a: Moltres\n|-boost|p2a: Moltres|spe|2\n|move|p1a: Die Hard|Shadow Ball|p2a: Moltres\n|-resisted|p2a: Moltres\n|-damage|p2a: Moltres|81\/100\n|\n|-damage|p1a: Die Hard|95\/100 brn|[from] brn\n|upkeep\n|turn|29\n|\n|t:|1699375816\n|move|p2a: Moltres|Nasty Plot|p2a: Moltres\n|-boost|p2a: Moltres|spa|2\n|move|p1a: Die Hard|Calm Mind|p1a: Die Hard\n|-boost|p1a: Die Hard|spa|1\n|-boost|p1a: Die Hard|spd|1\n|\n|-damage|p1a: Die Hard|92\/100 brn|[from] brn\n|upkeep\n|turn|30\n|\n|t:|1699375823\n|move|p2a: Moltres|Fiery Wrath|p1a: Die Hard\n|-supereffective|p1a: Die Hard\n|-damage|p1a: Die Hard|0 fnt\n|faint|p1a: Die Hard\n|\n|-sideend|p2: AhiruChan|Reflect\n|upkeep\n|\n|t:|1699375827\n|switch|p1a: A Christmas Carol|Skeledirge, M|100\/100\n|turn|31\n|\n|t:|1699375834\n|-terastallize|p1a: A Christmas Carol|Water\n|move|p2a: Moltres|Fiery Wrath|p1a: A Christmas Carol\n|-damage|p1a: A Christmas Carol|68\/100\n|move|p1a: A Christmas Carol|Will-O-Wisp|p2a: Moltres\n|-status|p2a: Moltres|brn\n|\n|-damage|p2a: Moltres|75\/100 brn|[from] brn\n|upkeep\n|turn|32\n|\n|t:|1699375841\n|move|p2a: Moltres|Hurricane|p1a: A Christmas Carol|[miss]\n|-miss|p2a: Moltres|p1a: A Christmas Carol\n|move|p1a: A Christmas Carol|Slack Off|p1a: A Christmas Carol\n|-heal|p1a: A Christmas Carol|100\/100\n|\n|-damage|p2a: Moltres|69\/100 brn|[from] brn\n|upkeep\n|turn|33\n|\n|t:|1699375845\n|move|p2a: Moltres|Hurricane|p1a: A Christmas Carol|[miss]\n|-miss|p2a: Moltres|p1a: A Christmas Carol\n|move|p1a: A Christmas Carol|Hex|p2a: Moltres\n|-resisted|p2a: Moltres\n|-damage|p2a: Moltres|48\/100 brn\n|-ability|p2a: Moltres|Berserk|boost\n|-boost|p2a: Moltres|spa|1\n|\n|-damage|p2a: Moltres|42\/100 brn|[from] brn\n|upkeep\n|turn|34\n|\n|t:|1699375851\n|move|p2a: Moltres|Hurricane|p1a: A Christmas Carol\n|-damage|p1a: A Christmas Carol|62\/100\n|move|p1a: A Christmas Carol|Torch Song|p2a: Moltres\n|-damage|p2a: Moltres|15\/100 brn\n|-boost|p1a: A Christmas Carol|spa|1\n|\n|-damage|p2a: Moltres|9\/100 brn|[from] brn\n|upkeep\n|turn|35\n|\n|t:|1699375858\n|move|p2a: Moltres|Hurricane|p1a: A Christmas Carol|[miss]\n|-miss|p2a: Moltres|p1a: A Christmas Carol\n|move|p1a: A Christmas Carol|Slack Off|p1a: A Christmas Carol\n|-heal|p1a: A Christmas Carol|100\/100\n|\n|-damage|p2a: Moltres|3\/100 brn|[from] brn\n|upkeep\n|turn|36\n|c|\u2606AhiruChan|Dammit bird\n|c|\u2606AhiruChan|Hit the shit\n|c|\u2606Viviexists|Invest in some glasses for this thing\n|c|\u2606Viviexists|god damn\n|c|\u2606Viviexists|Blind af\n|inactive|Viviexists has 270 seconds left.\n|\n|t:|1699375890\n|switch|p1a: Rudolph|Ting-Lu|64\/100 brn\n|-damage|p1a: Rudolph|58\/100 brn|[from] Stealth Rock\n|-ability|p1a: Rudolph|Vessel of Ruin\n|move|p2a: Moltres|Hurricane|p1a: Rudolph\n|-damage|p1a: Rudolph|4\/100 brn\n|-start|p1a: Rudolph|confusion\n|\n|-heal|p1a: Rudolph|10\/100 brn|[from] item: Leftovers\n|-damage|p2a: Moltres|0 fnt|[from] brn\n|faint|p2a: Moltres\n|-damage|p1a: Rudolph|4\/100 brn|[from] brn\n|upkeep\n|\n|t:|1699375896\n|switch|p2a: Greninja|Greninja, M|100\/100\n|turn|37\n|\n|t:|1699375902\n|switch|p1a: A Christmas Carol|Skeledirge, M, tera:Water|100\/100\n|move|p2a: Greninja|Dark Pulse|p1a: A Christmas Carol\n|-damage|p1a: A Christmas Carol|73\/100\n|\n|upkeep\n|turn|38\n|\n|t:|1699375913\n|switch|p2a: Grimmsnarl|Grimmsnarl, M|3\/100\n|move|p1a: A Christmas Carol|Torch Song|p2a: Grimmsnarl\n|-damage|p2a: Grimmsnarl|0 fnt\n|-boost|p1a: A Christmas Carol|spa|1\n|faint|p2a: Grimmsnarl\n|\n|upkeep\n|\n|t:|1699375916\n|switch|p2a: Meowscarada|Meowscarada, M|100\/100\n|turn|39\n|\n|t:|1699375921\n|switch|p1a: Rudolph|Ting-Lu|4\/100 brn\n|-damage|p1a: Rudolph|0 fnt|[from] Stealth Rock\n|faint|p1a: Rudolph\n|move|p2a: Meowscarada|U-turn|p1: Rudolph|[notarget]\n|-fail|p2a: Meowscarada\n|\n|upkeep\n|\n|t:|1699375939\n|switch|p1a: A Christmas Carol|Skeledirge, M, tera:Water|73\/100\n|turn|40\n|\n|t:|1699375944\n|switch|p2a: Sableye|Sableye-Mega, M|25\/100 brn\n|move|p1a: A Christmas Carol|Will-O-Wisp|p2a: Sableye\n|move|p2a: Sableye|Will-O-Wisp|p1a: A Christmas Carol|[from]ability: Magic Bounce\n|-status|p1a: A Christmas Carol|brn\n|\n|-damage|p1a: A Christmas Carol|66\/100 brn|[from] brn\n|-damage|p2a: Sableye|19\/100 brn|[from] brn\n|upkeep\n|turn|41\n|\n|t:|1699375955\n|move|p1a: A Christmas Carol|Slack Off|p1a: A Christmas Carol\n|-heal|p1a: A Christmas Carol|100\/100 brn\n|move|p2a: Sableye|Encore|p1a: A Christmas Carol\n|-start|p1a: A Christmas Carol|Encore\n|\n|-damage|p1a: A Christmas Carol|94\/100 brn|[from] brn\n|-damage|p2a: Sableye|13\/100 brn|[from] brn\n|upkeep\n|turn|42\n|\n|t:|1699375978\n|switch|p1a: Elf|Sableye-Mega, M|76\/100\n|-damage|p1a: Elf|64\/100|[from] Stealth Rock\n|move|p2a: Sableye|Recover|p2a: Sableye\n|-heal|p2a: Sableye|63\/100 brn\n|\n|-damage|p2a: Sableye|57\/100 brn|[from] brn\n|upkeep\n|turn|43\n|\n|t:|1699375990\n|move|p1a: Elf|Recover|p1a: Elf\n|-heal|p1a: Elf|100\/100\n|move|p2a: Sableye|Knock Off|p1a: Elf\n|-damage|p1a: Elf|92\/100\n|\n|-damage|p2a: Sableye|51\/100 brn|[from] brn\n|upkeep\n|turn|44\n|\n|t:|1699375996\n|move|p2a: Sableye|Recover|p2a: Sableye\n|-heal|p2a: Sableye|100\/100 brn\n|move|p1a: Elf|Knock Off|p2a: Sableye\n|-damage|p2a: Sableye|81\/100 brn\n|\n|-damage|p2a: Sableye|75\/100 brn|[from] brn\n|upkeep\n|turn|45\n|\n|t:|1699376007\n|switch|p2a: Meowscarada|Meowscarada, M|100\/100\n|move|p1a: Elf|Knock Off|p2a: Meowscarada\n|-resisted|p2a: Meowscarada\n|-crit|p2a: Meowscarada\n|-damage|p2a: Meowscarada|65\/100\n|-enditem|p2a: Meowscarada|Choice Scarf|[from] move: Knock Off|[of] p1a: Elf\n|\n|upkeep\n|turn|46\n|\n|t:|1699376017\n|move|p2a: Meowscarada|U-turn|p1a: Elf\n|-start|p2a: Meowscarada|typechange|Bug|[from] ability: Protean\n|-damage|p1a: Elf|60\/100\n|\n|t:|1699376022\n|switch|p2a: Greninja|Greninja, M|100\/100|[from] U-turn\n|move|p1a: Elf|Will-O-Wisp|p2a: Greninja\n|-status|p2a: Greninja|brn\n|\n|-damage|p2a: Greninja|95\/100 brn|[from] brn\n|upkeep\n|turn|47\n|\n|t:|1699376029\n|switch|p2a: Meowscarada|Meowscarada, M|65\/100\n|switch|p1a: Frosty the Snowman|Clefable, F|85\/100\n|\n|upkeep\n|turn|48\n|\n|t:|1699376038\n|move|p2a: Meowscarada|U-turn|p1a: Frosty the Snowman\n|-start|p2a: Meowscarada|typechange|Bug|[from] ability: Protean\n|-resisted|p1a: Frosty the Snowman\n|-damage|p1a: Frosty the Snowman|65\/100\n|\n|t:|1699376042\n|switch|p2a: Sableye|Sableye-Mega, M|75\/100 brn|[from] U-turn\n|move|p1a: Frosty the Snowman|Heal Bell|p1a: Frosty the Snowman\n|-activate|p1a: Frosty the Snowman|move: Heal Bell\n|-curestatus|p1: A Christmas Carol|brn|[msg]\n|\n|-damage|p2a: Sableye|69\/100 brn|[from] brn\n|upkeep\n|turn|49\n|\n|t:|1699376053\n|move|p1a: Frosty the Snowman|Moonblast|p2a: Sableye\n|-supereffective|p2a: Sableye\n|-damage|p2a: Sableye|23\/100 brn\n|move|p2a: Sableye|Will-O-Wisp|p1a: Frosty the Snowman\n|-status|p1a: Frosty the Snowman|brn\n|\n|-damage|p2a: Sableye|17\/100 brn|[from] brn\n|upkeep\n|turn|50\n|\n|t:|1699376061\n|move|p1a: Frosty the Snowman|Soft-Boiled|p1a: Frosty the Snowman\n|-heal|p1a: Frosty the Snowman|100\/100 brn\n|move|p2a: Sableye|Knock Off|p1a: Frosty the Snowman\n|-resisted|p1a: Frosty the Snowman\n|-damage|p1a: Frosty the Snowman|95\/100 brn\n|\n|-damage|p2a: Sableye|11\/100 brn|[from] brn\n|upkeep\n|turn|51\n|\n|t:|1699376075\n|move|p1a: Frosty the Snowman|Moonblast|p2a: Sableye\n|-supereffective|p2a: Sableye\n|-damage|p2a: Sableye|0 fnt\n|faint|p2a: Sableye\n|\n|upkeep\n|\n|t:|1699376078\n|switch|p2a: Roaring Moon|Roaring Moon|100\/100\n|turn|52\n|\n|t:|1699376085\n|switch|p1a: Home Alone|Dondozo, F|100\/100\n|-damage|p1a: Home Alone|88\/100|[from] Stealth Rock\n|move|p2a: Roaring Moon|Iron Head|p1a: Home Alone\n|-resisted|p1a: Home Alone\n|-damage|p1a: Home Alone|80\/100\n|-damage|p2a: Roaring Moon|91\/100|[from] item: Life Orb\n|\n|-heal|p1a: Home Alone|86\/100|[from] item: Leftovers\n|upkeep\n|turn|53\n|\n|t:|1699376092\n|-end|p2a: Roaring Moon|Protosynthesis|[silent]\n|switch|p2a: Meowscarada|Meowscarada, M|65\/100\n|move|p1a: Home Alone|Curse|p1a: Home Alone\n|-unboost|p1a: Home Alone|spe|1\n|-boost|p1a: Home Alone|atk|1\n|-boost|p1a: Home Alone|def|1\n|\n|-heal|p1a: Home Alone|92\/100|[from] item: Leftovers\n|upkeep\n|turn|54\n|\n|t:|1699376097\n|-terastallize|p2a: Meowscarada|Grass\n|move|p2a: Meowscarada|Flower Trick|p1a: Home Alone\n|-supereffective|p1a: Home Alone\n|-crit|p1a: Home Alone\n|-damage|p1a: Home Alone|34\/100\n|move|p1a: Home Alone|Wave Crash|p2a: Meowscarada\n|-resisted|p2a: Meowscarada\n|-damage|p2a: Meowscarada|16\/100\n|-damage|p1a: Home Alone|25\/100|[from] Recoil\n|\n|-heal|p1a: Home Alone|31\/100|[from] item: Leftovers\n|upkeep\n|turn|55\n|\n|t:|1699376108\n|move|p2a: Meowscarada|Flower Trick|p1a: Home Alone\n|-supereffective|p1a: Home Alone\n|-crit|p1a: Home Alone\n|-damage|p1a: Home Alone|0 fnt\n|faint|p1a: Home Alone\n|\n|upkeep\n|\n|t:|1699376119\n|switch|p1a: Frosty the Snowman|Clefable, F|95\/100 brn\n|turn|56\n|\n|t:|1699376129\n|switch|p2a: Greninja|Greninja, M|95\/100 brn\n|move|p1a: Frosty the Snowman|Moonblast|p2a: Greninja\n|-supereffective|p2a: Greninja\n|-damage|p2a: Greninja|0 fnt\n|faint|p2a: Greninja\n|\n|upkeep\n|\n|t:|1699376131\n|switch|p2a: Roaring Moon|Roaring Moon|91\/100\n|turn|57\n|\n|t:|1699376135\n|switch|p1a: A Christmas Carol|Skeledirge, M, tera:Water|94\/100\n|move|p2a: Roaring Moon|Iron Head|p1a: A Christmas Carol\n|-resisted|p1a: A Christmas Carol\n|-damage|p1a: A Christmas Carol|78\/100\n|-damage|p2a: Roaring Moon|81\/100|[from] item: Life Orb\n|\n|upkeep\n|turn|58\n|\n|t:|1699376141\n|move|p2a: Roaring Moon|Dragon Dance|p2a: Roaring Moon\n|-boost|p2a: Roaring Moon|atk|1\n|-boost|p2a: Roaring Moon|spe|1\n|move|p1a: A Christmas Carol|Will-O-Wisp|p2a: Roaring Moon\n|-status|p2a: Roaring Moon|brn\n|\n|-damage|p2a: Roaring Moon|75\/100 brn|[from] brn\n|upkeep\n|turn|59\n|\n|t:|1699376145\n|move|p2a: Roaring Moon|Dragon Claw|p1a: A Christmas Carol\n|-damage|p1a: A Christmas Carol|54\/100\n|-damage|p2a: Roaring Moon|65\/100 brn|[from] item: Life Orb\n|move|p1a: A Christmas Carol|Torch Song|p2a: Roaring Moon\n|-resisted|p2a: Roaring Moon\n|-damage|p2a: Roaring Moon|52\/100 brn\n|-boost|p1a: A Christmas Carol|spa|1\n|\n|-damage|p2a: Roaring Moon|46\/100 brn|[from] brn\n|upkeep\n|turn|60\n|\n|t:|1699376149\n|move|p2a: Roaring Moon|Dragon Claw|p1a: A Christmas Carol\n|-damage|p1a: A Christmas Carol|31\/100\n|-damage|p2a: Roaring Moon|36\/100 brn|[from] item: Life Orb\n|move|p1a: A Christmas Carol|Slack Off|p1a: A Christmas Carol\n|-heal|p1a: A Christmas Carol|81\/100\n|\n|-damage|p2a: Roaring Moon|30\/100 brn|[from] brn\n|upkeep\n|turn|61\n|\n|t:|1699376153\n|move|p2a: Roaring Moon|Dragon Claw|p1a: A Christmas Carol\n|-damage|p1a: A Christmas Carol|58\/100\n|-damage|p2a: Roaring Moon|20\/100 brn|[from] item: Life Orb\n|move|p1a: A Christmas Carol|Torch Song|p2a: Roaring Moon\n|-resisted|p2a: Roaring Moon\n|-damage|p2a: Roaring Moon|0 fnt\n|-boost|p1a: A Christmas Carol|spa|1\n|faint|p2a: Roaring Moon\n|-end|p2a: Roaring Moon|Protosynthesis|[silent]\n|\n|upkeep\n|\n|t:|1699376157\n|switch|p2a: Meowscarada|Meowscarada, M, tera:Grass|16\/100\n|turn|62\n|\n|t:|1699376159\n|move|p2a: Meowscarada|Flower Trick|p1a: A Christmas Carol\n|-supereffective|p1a: A Christmas Carol\n|-crit|p1a: A Christmas Carol\n|-damage|p1a: A Christmas Carol|0 fnt\n|faint|p1a: A Christmas Carol\n|\n|upkeep\n|\n|t:|1699376162\n|switch|p1a: Frosty the Snowman|Clefable, F|95\/100 brn\n|turn|63\n|c|\u2606AhiruChan|Gg wp\n|\n|t:|1699376177\n|move|p2a: Meowscarada|Flower Trick|p1a: Frosty the Snowman\n|-crit|p1a: Frosty the Snowman\n|-damage|p1a: Frosty the Snowman|20\/100 brn\n|move|p1a: Frosty the Snowman|Moonblast|p2a: Meowscarada\n|-crit|p2a: Meowscarada\n|-damage|p2a: Meowscarada|0 fnt\n|faint|p2a: Meowscarada\n|\n|win|Viviexists\n|c|\u2606Viviexists|Gg\n","uploadtime":1699376189,"views":13,"p1id":"viviexists","p2id":"ahiruchan","formatid":"gen9nationaldexubers","rating":0,"private":0,"password":""}