{"id":"gen9nationaldexubers-1991097832","p1":"Hugomez14","p2":"HYDRO-MODE\ufe0f\ufe0f\ufe0f\u267e\ufe0f","format":"[Gen 9] National Dex Ubers","log":"|j|\u2606Hugomez14\n|j|\u2606HYDRO-MODE\ufe0f\ufe0f\ufe0f\u267e\ufe0f\n|t:|1700042503\n|gametype|singles\n|player|p1|Hugomez14|pryce|1123\n|player|p2|HYDRO-MODE\ufe0f\ufe0f\ufe0f\u267e\ufe0f|nessa|1100\n|teamsize|p1|6\n|teamsize|p2|6\n|gen|9\n|tier|[Gen 9] National Dex Ubers\n|rated|\n|rule|HP Percentage Mod: HP is shown in percentages\n|rule|Endless Battle Clause: Forcing endless battles is banned\n|rule|OHKO Clause: OHKO moves are banned\n|rule|Evasion Moves Clause: Evasion moves are banned\n|rule|Evasion Items Clause: Evasion items are banned\n|rule|Species Clause: Limit one of each Pok\u00e9mon\n|rule|Sleep Clause Mod: Limit one foe put to sleep\n|rule|Mega Rayquaza Clause: You cannot mega evolve Rayquaza\n|clearpoke\n|poke|p1|Ninetales-Alola, F|\n|poke|p1|Frosmoth, F|\n|poke|p1|Froslass, F|\n|poke|p1|Darmanitan-Galar, M|\n|poke|p1|Iron Bundle|\n|poke|p1|Cetitan, F|\n|poke|p2|Manaphy|\n|poke|p2|Palkia-Origin|\n|poke|p2|Milotic, F|\n|poke|p2|Wugtrio, M|\n|poke|p2|Toxapex, F|\n|poke|p2|Poliwrath, M|\n|teampreview\n|inactive|Battle timer is ON: inactive players will automatically lose when time's up. (requested by Hugomez14)\n|\n|t:|1700042521\n|start\n|switch|p1a: Nezuko|Froslass, F, shiny|100\/100\n|switch|p2a: \ud83d\udca7\ud83d\udca7MANAPHY\ud83d\udca7\ud83d\udca7|Manaphy|100\/100\n|turn|1\n|\n|t:|1700042541\n|move|p1a: Nezuko|Taunt|p2a: \ud83d\udca7\ud83d\udca7MANAPHY\ud83d\udca7\ud83d\udca7\n|-start|p2a: \ud83d\udca7\ud83d\udca7MANAPHY\ud83d\udca7\ud83d\udca7|move: Taunt\n|-zpower|p2a: \ud83d\udca7\ud83d\udca7MANAPHY\ud83d\udca7\ud83d\udca7\n|move|p2a: \ud83d\udca7\ud83d\udca7MANAPHY\ud83d\udca7\ud83d\udca7|Hydro Vortex|p1a: Nezuko|[zeffect]\n|-enditem|p1a: Nezuko|Focus Sash\n|-damage|p1a: Nezuko|1\/100\n|\n|upkeep\n|turn|2\n|\n|t:|1700042552\n|switch|p2a: \ud83d\udca7WUGTRIO\ud83d\udca7\ud83d\udca6|Wugtrio, M, shiny|100\/100\n|move|p1a: Nezuko|Destiny Bond|p1a: Nezuko\n|-singlemove|p1a: Nezuko|Destiny Bond\n|\n|upkeep\n|turn|3\n|\n|t:|1700042560\n|move|p2a: \ud83d\udca7WUGTRIO\ud83d\udca7\ud83d\udca6|Rain Dance|p2a: \ud83d\udca7WUGTRIO\ud83d\udca7\ud83d\udca6\n|-weather|RainDance\n|move|p1a: Nezuko|Spikes|p2a: \ud83d\udca7WUGTRIO\ud83d\udca7\ud83d\udca6\n|-sidestart|p2: HYDRO-MODE\ufe0f\ufe0f\ufe0f\u267e\ufe0f|Spikes\n|\n|-weather|RainDance|[upkeep]\n|upkeep\n|turn|4\n|\n|t:|1700042567\n|move|p2a: \ud83d\udca7WUGTRIO\ud83d\udca7\ud83d\udca6|Aqua Jet|p1a: Nezuko\n|-damage|p1a: Nezuko|0 fnt\n|-start|p2a: \ud83d\udca7WUGTRIO\ud83d\udca7\ud83d\udca6|Disable|Aqua Jet|[from] ability: Cursed Body|[of] p1a: Nezuko\n|faint|p1a: Nezuko\n|\n|-weather|RainDance|[upkeep]\n|upkeep\n|\n|t:|1700042573\n|switch|p1a: Nami|Ninetales-Alola, F, shiny|100\/100\n|-weather|Snow|[from] ability: Snow Warning|[of] p1a: Nami\n|turn|5\n|\n|t:|1700042583\n|move|p2a: \ud83d\udca7WUGTRIO\ud83d\udca7\ud83d\udca6|Rain Dance|p2a: \ud83d\udca7WUGTRIO\ud83d\udca7\ud83d\udca6\n|-weather|RainDance\n|move|p1a: Nami|Aurora Veil||[still]\n|-fail|p1a: Nami\n|\n|-weather|RainDance|[upkeep]\n|upkeep\n|turn|6\n|inactive|HYDRO-MODE\ufe0f\ufe0f\ufe0f\u267e\ufe0f has 120 seconds left.\n|\n|t:|1700042621\n|-terastallize|p2a: \ud83d\udca7WUGTRIO\ud83d\udca7\ud83d\udca6|Water\n|move|p2a: \ud83d\udca7WUGTRIO\ud83d\udca7\ud83d\udca6|Triple Dive|p1a: Nami\n|-damage|p1a: Nami|58\/100\n|-damage|p1a: Nami|20\/100\n|-damage|p1a: Nami|0 fnt\n|faint|p1a: Nami\n|-hitcount|p1: Nami|3\n|\n|-weather|RainDance|[upkeep]\n|upkeep\n|\n|t:|1700042631\n|switch|p1a: Deliexpress|Iron Bundle|100\/100\n|turn|7\n|\n|t:|1700042635\n|move|p1a: Deliexpress|Freeze-Dry|p2a: \ud83d\udca7WUGTRIO\ud83d\udca7\ud83d\udca6\n|-supereffective|p2a: \ud83d\udca7WUGTRIO\ud83d\udca7\ud83d\udca6\n|-damage|p2a: \ud83d\udca7WUGTRIO\ud83d\udca7\ud83d\udca6|0 fnt\n|faint|p2a: \ud83d\udca7WUGTRIO\ud83d\udca7\ud83d\udca6\n|\n|-weather|RainDance|[upkeep]\n|upkeep\n|inactive|HYDRO-MODE\ufe0f\ufe0f\ufe0f\u267e\ufe0f has 120 seconds left.\n|\n|t:|1700042660\n|switch|p2a: \ud83d\udca7PILOWRATH\ud83d\udca7\ud83c\udf27|Poliwrath, M|100\/100\n|-damage|p2a: \ud83d\udca7PILOWRATH\ud83d\udca7\ud83c\udf27|88\/100|[from] Spikes\n|turn|8\n|\n|t:|1700042667\n|move|p2a: \ud83d\udca7PILOWRATH\ud83d\udca7\ud83c\udf27|Low Sweep|p1a: Deliexpress\n|-supereffective|p1a: Deliexpress\n|-damage|p1a: Deliexpress|36\/100\n|-unboost|p1a: Deliexpress|spe|1\n|move|p1a: Deliexpress|Freeze-Dry|p2a: \ud83d\udca7PILOWRATH\ud83d\udca7\ud83c\udf27\n|-supereffective|p2a: \ud83d\udca7PILOWRATH\ud83d\udca7\ud83c\udf27\n|-damage|p2a: \ud83d\udca7PILOWRATH\ud83d\udca7\ud83c\udf27|13\/100\n|\n|-weather|RainDance|[upkeep]\n|upkeep\n|turn|9\n|inactive|HYDRO-MODE\ufe0f\ufe0f\ufe0f\u267e\ufe0f has 120 seconds left.\n|\n|t:|1700042677\n|-end|p1a: Deliexpress|Quark Drive|[silent]\n|switch|p1a: Pollilla|Frosmoth, F, shiny|100\/100\n|move|p2a: \ud83d\udca7PILOWRATH\ud83d\udca7\ud83c\udf27|Liquidation|p1a: Pollilla\n|-damage|p1a: Pollilla|6\/100\n|\n|-weather|RainDance|[upkeep]\n|upkeep\n|turn|10\n|\n|t:|1700042687\n|move|p2a: \ud83d\udca7PILOWRATH\ud83d\udca7\ud83c\udf27|Liquidation|p1a: Pollilla\n|-damage|p1a: Pollilla|0 fnt\n|faint|p1a: Pollilla\n|\n|-weather|RainDance|[upkeep]\n|upkeep\n|\n|t:|1700042695\n|switch|p1a: DK|Darmanitan-Galar, M|100\/100\n|turn|11\n|\n|t:|1700042700\n|move|p2a: \ud83d\udca7PILOWRATH\ud83d\udca7\ud83c\udf27|Low Sweep|p1a: DK\n|-supereffective|p1a: DK\n|-damage|p1a: DK|12\/100\n|-unboost|p1a: DK|spe|1\n|move|p1a: DK|Earthquake|p2a: \ud83d\udca7PILOWRATH\ud83d\udca7\ud83c\udf27\n|-damage|p2a: \ud83d\udca7PILOWRATH\ud83d\udca7\ud83c\udf27|0 fnt\n|faint|p2a: \ud83d\udca7PILOWRATH\ud83d\udca7\ud83c\udf27\n|\n|-weather|RainDance|[upkeep]\n|upkeep\n|inactive|HYDRO-MODE\ufe0f\ufe0f\ufe0f\u267e\ufe0f has 120 seconds left.\n|\n|t:|1700042741\n|switch|p2a: \ud83d\udca7\ud83d\udca7MILOTIC\ud83d\udca7\ud83d\udca7|Milotic, F, shiny|100\/100\n|-damage|p2a: \ud83d\udca7\ud83d\udca7MILOTIC\ud83d\udca7\ud83d\udca7|88\/100|[from] Spikes\n|turn|12\n|\n|t:|1700042748\n|switch|p1a: Deliexpress|Iron Bundle|36\/100\n|move|p2a: \ud83d\udca7\ud83d\udca7MILOTIC\ud83d\udca7\ud83d\udca7|Surf|p1a: Deliexpress\n|-resisted|p1a: Deliexpress\n|-damage|p1a: Deliexpress|0 fnt\n|faint|p1a: Deliexpress\n|-end|p1a: Deliexpress|Quark Drive|[silent]\n|\n|-weather|none\n|-heal|p2a: \ud83d\udca7\ud83d\udca7MILOTIC\ud83d\udca7\ud83d\udca7|94\/100|[from] item: Leftovers\n|upkeep\n|\n|t:|1700042755\n|switch|p1a: Moby Dick|Cetitan, F|100\/100\n|turn|13\n|inactive|HYDRO-MODE\ufe0f\ufe0f\ufe0f\u267e\ufe0f has 120 seconds left.\n|\n|t:|1700042763\n|move|p1a: Moby Dick|Belly Drum|p1a: Moby Dick\n|-damage|p1a: Moby Dick|50\/100\n|-setboost|p1a: Moby Dick|atk|6|[from] move: Belly Drum\n|-enditem|p1a: Moby Dick|Sitrus Berry|[eat]\n|-heal|p1a: Moby Dick|75\/100|[from] item: Sitrus Berry\n|move|p2a: \ud83d\udca7\ud83d\udca7MILOTIC\ud83d\udca7\ud83d\udca7|Surf|p1a: Moby Dick\n|-damage|p1a: Moby Dick|22\/100\n|\n|-heal|p2a: \ud83d\udca7\ud83d\udca7MILOTIC\ud83d\udca7\ud83d\udca7|99\/100|[from] item: Leftovers\n|upkeep\n|turn|14\n|inactive|HYDRO-MODE\ufe0f\ufe0f\ufe0f\u267e\ufe0f has 120 seconds left.\n|\n|t:|1700042774\n|move|p1a: Moby Dick|Earthquake|p2a: \ud83d\udca7\ud83d\udca7MILOTIC\ud83d\udca7\ud83d\udca7\n|-damage|p2a: \ud83d\udca7\ud83d\udca7MILOTIC\ud83d\udca7\ud83d\udca7|0 fnt\n|faint|p2a: \ud83d\udca7\ud83d\udca7MILOTIC\ud83d\udca7\ud83d\udca7\n|\n|upkeep\n|inactive|HYDRO-MODE\ufe0f\ufe0f\ufe0f\u267e\ufe0f has 120 seconds left.\n|\n|t:|1700042783\n|switch|p2a: \ud83d\udca7\ud83d\udca7PALKIA\ud83d\udca7\ud83d\udca7|Palkia-Origin, shiny|100\/100\n|-damage|p2a: \ud83d\udca7\ud83d\udca7PALKIA\ud83d\udca7\ud83d\udca7|88\/100|[from] Spikes\n|-ability|p2a: \ud83d\udca7\ud83d\udca7PALKIA\ud83d\udca7\ud83d\udca7|Pressure\n|turn|15\n|\n|t:|1700042789\n|move|p1a: Moby Dick|Ice Shard|p2a: \ud83d\udca7\ud83d\udca7PALKIA\ud83d\udca7\ud83d\udca7\n|-damage|p2a: \ud83d\udca7\ud83d\udca7PALKIA\ud83d\udca7\ud83d\udca7|6\/100\n|move|p2a: \ud83d\udca7\ud83d\udca7PALKIA\ud83d\udca7\ud83d\udca7|Surf|p1a: Moby Dick\n|-damage|p1a: Moby Dick|0 fnt\n|faint|p1a: Moby Dick\n|\n|upkeep\n|\n|t:|1700042794\n|switch|p1a: DK|Darmanitan-Galar, M|12\/100\n|turn|16\n|\n|t:|1700042800\n|-terastallize|p1a: DK|Ground\n|move|p1a: DK|Earthquake|p2a: \ud83d\udca7\ud83d\udca7PALKIA\ud83d\udca7\ud83d\udca7\n|-damage|p2a: \ud83d\udca7\ud83d\udca7PALKIA\ud83d\udca7\ud83d\udca7|0 fnt\n|faint|p2a: \ud83d\udca7\ud83d\udca7PALKIA\ud83d\udca7\ud83d\udca7\n|\n|upkeep\n|\n|t:|1700042811\n|switch|p2a: \ud83d\udca7\ud83d\udca7MANAPHY\ud83d\udca7\ud83d\udca7|Manaphy|100\/100\n|-damage|p2a: \ud83d\udca7\ud83d\udca7MANAPHY\ud83d\udca7\ud83d\udca7|88\/100|[from] Spikes\n|turn|17\n|\n|t:|1700042816\n|move|p1a: DK|Earthquake|p2a: \ud83d\udca7\ud83d\udca7MANAPHY\ud83d\udca7\ud83d\udca7\n|-damage|p2a: \ud83d\udca7\ud83d\udca7MANAPHY\ud83d\udca7\ud83d\udca7|5\/100\n|move|p2a: \ud83d\udca7\ud83d\udca7MANAPHY\ud83d\udca7\ud83d\udca7|Surf|p1a: DK\n|-supereffective|p1a: DK\n|-damage|p1a: DK|0 fnt\n|faint|p1a: DK\n|\n|win|HYDRO-MODE\ufe0f\ufe0f\ufe0f\u267e\ufe0f\n|raw|Hugomez14's rating: 1123 &rarr; <strong>1096<\/strong><br \/>(-27 for losing)\n|raw|HYDRO-MODE\ufe0f\ufe0f\ufe0f\u267e\ufe0f's rating: 1100 &rarr; <strong>1127<\/strong><br \/>(+27 for winning)\n|l|\u2606Hugomez14\n|c|\u2606HYDRO-MODE\ufe0f\ufe0f\ufe0f\u267e\ufe0f|Worst ice team ever\n","uploadtime":1700042874,"views":11,"p1id":"hugomez14","p2id":"hydromode","formatid":"gen9nationaldexubers","rating":1096,"private":0,"password":""}