{"id":"gen9nationaldexubers-1986167871","p1":"Are En Gee","p2":"Incredible Gassy","format":"[Gen 9] National Dex Ubers","log":"|j|\u2606Are En Gee\n|j|\u2606Incredible Gassy\n|t:|1699456509\n|gametype|singles\n|player|p1|Are En Gee|zinnia|1678\n|player|p2|Incredible Gassy|kieran|1710\n|teamsize|p1|6\n|teamsize|p2|6\n|gen|9\n|tier|[Gen 9] National Dex Ubers\n|rated|\n|rule|HP Percentage Mod: HP is shown in percentages\n|rule|Endless Battle Clause: Forcing endless battles is banned\n|rule|OHKO Clause: OHKO moves are banned\n|rule|Evasion Moves Clause: Evasion moves are banned\n|rule|Evasion Items Clause: Evasion items are banned\n|rule|Species Clause: Limit one of each Pok\u00e9mon\n|rule|Sleep Clause Mod: Limit one foe put to sleep\n|rule|Mega Rayquaza Clause: You cannot mega evolve Rayquaza\n|clearpoke\n|poke|p1|Zygarde|\n|poke|p1|Arceus-Water|\n|poke|p1|Scizor, F|\n|poke|p1|Ferrothorn, F|\n|poke|p1|Ho-Oh|\n|poke|p1|Ditto|\n|poke|p2|Rayquaza|\n|poke|p2|Hatterene, F|\n|poke|p2|Melmetal|\n|poke|p2|Kyogre|\n|poke|p2|Calyrex-Ice|\n|poke|p2|Arceus|\n|teampreview\n|inactive|Battle timer is ON: inactive players will automatically lose when time's up. (requested by Incredible Gassy)\n|\n|t:|1699456518\n|start\n|switch|p1a: Arceus|Arceus-Water|100\/100\n|switch|p2a: Emerald|Rayquaza|100\/100\n|-ability|p2a: Emerald|Air Lock\n|turn|1\n|\n|t:|1699456525\n|switch|p2a: Drumstick|Hatterene, F|100\/100\n|move|p1a: Arceus|Whirlpool|p2a: Drumstick|[miss]\n|-miss|p1a: Arceus|p2a: Drumstick\n|\n|upkeep\n|turn|2\n|\n|t:|1699456529\n|move|p1a: Arceus|Whirlpool|p2a: Drumstick\n|-damage|p2a: Drumstick|83\/100\n|-activate|p2a: Drumstick|move: Whirlpool|[of] p1a: Arceus\n|move|p2a: Drumstick|Trick Room|p2a: Drumstick\n|-fieldstart|move: Trick Room|[of] p2a: Drumstick\n|\n|-damage|p2a: Drumstick|71\/100|[from] move: Whirlpool|[partiallytrapped]\n|upkeep\n|turn|3\n|\n|t:|1699456541\n|switch|p1a: Ferrothorn|Ferrothorn, F|100\/100\n|move|p2a: Drumstick|Healing Wish|p2a: Drumstick\n|faint|p2a: Drumstick\n|\n|upkeep\n|\n|t:|1699456546\n|switch|p2a: Emerald|Rayquaza|100\/100\n|-ability|p2a: Emerald|Air Lock\n|turn|4\n|\n|t:|1699456562\n|switch|p1a: Arceus|Arceus-Water|100\/100\n|move|p2a: Emerald|V-create|p1a: Arceus\n|-resisted|p1a: Arceus\n|-damage|p1a: Arceus|75\/100\n|-unboost|p2a: Emerald|spe|1\n|-unboost|p2a: Emerald|def|1\n|-unboost|p2a: Emerald|spd|1\n|-damage|p2a: Emerald|91\/100|[from] item: Life Orb\n|\n|upkeep\n|turn|5\n|\n|t:|1699456567\n|move|p2a: Emerald|Dragon Ascent|p1a: Arceus\n|-damage|p1a: Arceus|27\/100\n|-unboost|p2a: Emerald|def|1\n|-unboost|p2a: Emerald|spd|1\n|-damage|p2a: Emerald|81\/100|[from] item: Life Orb\n|move|p1a: Arceus|Recover|p1a: Arceus\n|-heal|p1a: Arceus|77\/100\n|\n|upkeep\n|turn|6\n|\n|t:|1699456573\n|move|p2a: Emerald|Dragon Ascent|p1a: Arceus\n|-damage|p1a: Arceus|25\/100\n|-unboost|p2a: Emerald|def|1\n|-unboost|p2a: Emerald|spd|1\n|-damage|p2a: Emerald|71\/100|[from] item: Life Orb\n|move|p1a: Arceus|Recover|p1a: Arceus\n|-heal|p1a: Arceus|75\/100\n|\n|-fieldend|move: Trick Room\n|upkeep\n|turn|7\n|\n|t:|1699456577\n|move|p1a: Arceus|Whirlpool|p2a: Emerald\n|-resisted|p2a: Emerald\n|-damage|p2a: Emerald|50\/100\n|-activate|p2a: Emerald|move: Whirlpool|[of] p1a: Arceus\n|move|p2a: Emerald|Dragon Ascent|p1a: Arceus\n|-damage|p1a: Arceus|24\/100\n|-unboost|p2a: Emerald|def|1\n|-unboost|p2a: Emerald|spd|1\n|-damage|p2a: Emerald|40\/100|[from] item: Life Orb\n|\n|-damage|p2a: Emerald|28\/100|[from] move: Whirlpool|[partiallytrapped]\n|upkeep\n|turn|8\n|\n|t:|1699456583\n|-terastallize|p2a: Emerald|Normal\n|move|p2a: Emerald|Extreme Speed|p1a: Arceus\n|-damage|p1a: Arceus|0 fnt\n|faint|p1a: Arceus\n|-damage|p2a: Emerald|18\/100|[from] item: Life Orb\n|\n|-end|p2a: Emerald|Whirlpool|[partiallytrapped]|[silent]\n|upkeep\n|\n|t:|1699456587\n|switch|p1a: Scizor|Scizor, F|100\/100\n|turn|9\n|\n|t:|1699456591\n|switch|p2a: Big Blue|Kyogre|100\/100\n|detailschange|p2a: Big Blue|Kyogre-Primal\n|-primal|p2a: Big Blue|Blue Orb\n|-weather|PrimordialSea|[from] ability: Primordial Sea|[of] p2a: Big Blue\n|detailschange|p1a: Scizor|Scizor-Mega, F\n|-mega|p1a: Scizor|Scizor|Scizorite\n|move|p1a: Scizor|Bullet Punch|p2a: Big Blue\n|-resisted|p2a: Big Blue\n|-damage|p2a: Big Blue|86\/100\n|\n|-weather|PrimordialSea|[upkeep]\n|upkeep\n|turn|10\n|\n|t:|1699456593\n|switch|p1a: Ferrothorn|Ferrothorn, F|100\/100\n|move|p2a: Big Blue|Ice Beam|p1a: Ferrothorn\n|-damage|p1a: Ferrothorn|74\/100\n|\n|-weather|PrimordialSea|[upkeep]\n|-heal|p1a: Ferrothorn|80\/100|[from] item: Leftovers\n|upkeep\n|turn|11\n|\n|t:|1699456597\n|-weather|none\n|switch|p2a: Emerald|Rayquaza, tera:Normal|18\/100\n|-heal|p2a: Emerald|100\/100|[from] move: Healing Wish\n|-ability|p2a: Emerald|Air Lock\n|move|p1a: Ferrothorn|Spikes|p2a: Emerald\n|-sidestart|p2: Incredible Gassy|Spikes\n|\n|-heal|p1a: Ferrothorn|87\/100|[from] item: Leftovers\n|upkeep\n|turn|12\n|\n|t:|1699456606\n|move|p2a: Emerald|V-create|p1a: Ferrothorn\n|-supereffective|p1a: Ferrothorn\n|-crit|p1a: Ferrothorn\n|-damage|p1a: Ferrothorn|0 fnt\n|-unboost|p2a: Emerald|spe|1\n|-unboost|p2a: Emerald|def|1\n|-unboost|p2a: Emerald|spd|1\n|-damage|p2a: Emerald|88\/100|[from] ability: Iron Barbs|[of] p1a: Ferrothorn\n|faint|p1a: Ferrothorn\n|-damage|p2a: Emerald|78\/100|[from] item: Life Orb\n|\n|upkeep\n|\n|t:|1699456608\n|switch|p1a: Ditto|Ditto|100\/100\n|-transform|p1a: Ditto|p2a: Emerald|[from] ability: Imposter\n|turn|13\n|\n|t:|1699456614\n|-terastallize|p1a: Ditto|Ghost\n|move|p2a: Emerald|Extreme Speed|p1a: Ditto\n|-immune|p1a: Ditto\n|move|p1a: Ditto|Dragon Ascent|p2a: Emerald\n|-damage|p2a: Emerald|0 fnt\n|-unboost|p1a: Ditto|def|1\n|-unboost|p1a: Ditto|spd|1\n|faint|p2a: Emerald\n|\n|upkeep\n|\n|t:|1699456620\n|switch|p2a: The Biggest One|Arceus|100\/100\n|-damage|p2a: The Biggest One|88\/100|[from] Spikes\n|turn|14\n|\n|t:|1699456626\n|switch|p1a: Scizor|Scizor-Mega, F|100\/100\n|move|p2a: The Biggest One|Trick Room|p2a: The Biggest One\n|-fieldstart|move: Trick Room|[of] p2a: The Biggest One\n|\n|upkeep\n|turn|15\n|\n|t:|1699456633\n|switch|p2a: Big Blue|Kyogre-Primal|86\/100\n|-damage|p2a: Big Blue|74\/100|[from] Spikes\n|-weather|PrimordialSea|[from] ability: Primordial Sea|[of] p2a: Big Blue\n|move|p1a: Scizor|U-turn|p2a: Big Blue\n|-damage|p2a: Big Blue|42\/100\n|\n|t:|1699456641\n|switch|p1a: Ditto|Ditto, tera:Ghost|100\/100|[from] U-turn\n|-transform|p1a: Ditto|p2a: Big Blue|[from] ability: Imposter\n|\n|-weather|PrimordialSea|[upkeep]\n|upkeep\n|turn|16\n|\n|t:|1699456647\n|move|p2a: Big Blue|Surf|p1a: Ditto\n|-crit|p1a: Ditto\n|-damage|p1a: Ditto|0 fnt\n|faint|p1a: Ditto\n|\n|-weather|PrimordialSea|[upkeep]\n|upkeep\n|c|\u2606Incredible Gassy|mb\n|c|\u2606Are En Gee|no worries\n|c|\u2606Are En Gee|gg\n|-message|Are En Gee forfeited.\n|\n|win|Incredible Gassy\n|raw|Are En Gee's rating: 1678 &rarr; <strong>1660<\/strong><br \/>(-18 for losing)\n|raw|Incredible Gassy's rating: 1710 &rarr; <strong>1728<\/strong><br \/>(+18 for winning)\n|l|\u2606Are En Gee\n","uploadtime":1699456697,"views":13,"p1id":"areengee","p2id":"incrediblegassy","formatid":"gen9nationaldexubers","rating":1660,"private":0,"password":""}