{"id":"gen9nationaldexubers-1994465143","p1":"BigDEVONN","p2":"EABL XD","format":"[Gen 9] National Dex Ubers","log":"|j|\u2606BigDEVONN\n|j|\u2606EABL XD\n|t:|1700447031\n|gametype|singles\n|player|p1|BigDEVONN|101|1130\n|player|p2|EABL XD|gambler|1339\n|teamsize|p1|6\n|teamsize|p2|6\n|gen|9\n|tier|[Gen 9] National Dex Ubers\n|rated|\n|rule|HP Percentage Mod: HP is shown in percentages\n|rule|Endless Battle Clause: Forcing endless battles is banned\n|rule|OHKO Clause: OHKO moves are banned\n|rule|Evasion Moves Clause: Evasion moves are banned\n|rule|Evasion Items Clause: Evasion items are banned\n|rule|Species Clause: Limit one of each Pok\u00e9mon\n|rule|Sleep Clause Mod: Limit one foe put to sleep\n|rule|Mega Rayquaza Clause: You cannot mega evolve Rayquaza\n|clearpoke\n|poke|p1|Deoxys-Speed|\n|poke|p1|Groudon|\n|poke|p1|Roaring Moon|\n|poke|p1|Walking Wake|\n|poke|p1|Ho-Oh|\n|poke|p1|Lilligant-Hisui, F|\n|poke|p2|Ho-Oh|\n|poke|p2|Arceus-Ghost|\n|poke|p2|Mawile, F|\n|poke|p2|Galvantula, F|\n|poke|p2|Iron Treads|\n|poke|p2|Groudon|\n|teampreview\n|\n|t:|1700447038\n|start\n|switch|p1a: Deoxys|Deoxys-Speed|100\/100\n|switch|p2a: Tula|Galvantula, F|100\/100\n|-ability|p1a: Deoxys|Pressure\n|turn|1\n|\n|t:|1700447043\n|move|p1a: Deoxys|Stealth Rock|p2a: Tula\n|-sidestart|p2: EABL XD|move: Stealth Rock\n|move|p2a: Tula|Bug Buzz|p1a: Deoxys\n|-supereffective|p1a: Deoxys\n|-damage|p1a: Deoxys|6\/100\n|\n|upkeep\n|turn|2\n|\n|t:|1700447049\n|move|p1a: Deoxys|Knock Off|p2a: Tula\n|-damage|p2a: Tula|61\/100\n|-enditem|p2a: Tula|Focus Sash|[from] move: Knock Off|[of] p1a: Deoxys\n|move|p2a: Tula|Sticky Web|p1a: Deoxys\n|-sidestart|p1: BigDEVONN|move: Sticky Web\n|\n|upkeep\n|turn|3\n|\n|t:|1700447053\n|move|p1a: Deoxys|Extreme Speed|p2a: Tula\n|-damage|p2a: Tula|29\/100\n|move|p2a: Tula|Thunder Wave|p1a: Deoxys\n|-status|p1a: Deoxys|par\n|\n|upkeep\n|turn|4\n|\n|t:|1700447057\n|move|p1a: Deoxys|Extreme Speed|p2a: Tula\n|-damage|p2a: Tula|0 fnt\n|faint|p2a: Tula\n|\n|upkeep\n|\n|t:|1700447061\n|switch|p2a: Iron Treads|Iron Treads|100\/100\n|-damage|p2a: Iron Treads|97\/100|[from] Stealth Rock\n|-enditem|p2a: Iron Treads|Booster Energy\n|-activate|p2a: Iron Treads|ability: Quark Drive|[fromitem]\n|-start|p2a: Iron Treads|quarkdriveatk\n|turn|5\n|\n|t:|1700447066\n|move|p2a: Iron Treads|Rapid Spin|p1a: Deoxys\n|-damage|p1a: Deoxys|0 fnt\n|-boost|p2a: Iron Treads|spe|1\n|-sideend|p2: EABL XD|Stealth Rock|[from] move: Rapid Spin|[of] p2a: Iron Treads\n|faint|p1a: Deoxys\n|\n|upkeep\n|\n|t:|1700447071\n|switch|p1a: Lilligant|Lilligant-Hisui, F|100\/100\n|-activate|p1a: Lilligant|move: Sticky Web\n|-unboost|p1a: Lilligant|spe|1\n|turn|6\n|\n|t:|1700447074\n|switch|p1a: Groudon|Groudon|100\/100\n|-activate|p1a: Groudon|move: Sticky Web\n|-unboost|p1a: Groudon|spe|1\n|detailschange|p1a: Groudon|Groudon-Primal\n|-primal|p1a: Groudon|Red Orb\n|-weather|DesolateLand|[from] ability: Desolate Land|[of] p1a: Groudon\n|move|p2a: Iron Treads|Stealth Rock|p1a: Groudon\n|-sidestart|p1: BigDEVONN|move: Stealth Rock\n|\n|-weather|DesolateLand|[upkeep]\n|upkeep\n|turn|7\n|\n|t:|1700447080\n|move|p2a: Iron Treads|Earthquake|p1a: Groudon\n|-supereffective|p1a: Groudon\n|-damage|p1a: Groudon|29\/100\n|move|p1a: Groudon|Earthquake|p2a: Iron Treads\n|-supereffective|p2a: Iron Treads\n|-damage|p2a: Iron Treads|0 fnt\n|faint|p2a: Iron Treads\n|-end|p2a: Iron Treads|Quark Drive|[silent]\n|\n|-weather|DesolateLand|[upkeep]\n|upkeep\n|\n|t:|1700447088\n|switch|p2a: Arceus|Arceus-Ghost|100\/100\n|turn|8\n|\n|t:|1700447095\n|-terastallize|p2a: Arceus|Ghost\n|move|p2a: Arceus|Judgment|p1a: Groudon\n|-damage|p1a: Groudon|0 fnt\n|faint|p1a: Groudon\n|-weather|none\n|\n|upkeep\n|\n|t:|1700447118\n|switch|p1a: Lilligant|Lilligant-Hisui, F|100\/100\n|-activate|p1a: Lilligant|move: Sticky Web\n|-unboost|p1a: Lilligant|spe|1\n|-damage|p1a: Lilligant|94\/100|[from] Stealth Rock\n|turn|9\n|\n|t:|1700447121\n|move|p2a: Arceus|Judgment|p1a: Lilligant\n|-damage|p1a: Lilligant|0 fnt\n|faint|p1a: Lilligant\n|\n|upkeep\n|\n|t:|1700447124\n|switch|p1a: Roaring Moon|Roaring Moon|100\/100\n|-activate|p1a: Roaring Moon|move: Sticky Web\n|-unboost|p1a: Roaring Moon|spe|1\n|-damage|p1a: Roaring Moon|88\/100|[from] Stealth Rock\n|turn|10\n|\n|t:|1700447128\n|move|p2a: Arceus|Aura Sphere|p1a: Roaring Moon\n|-supereffective|p1a: Roaring Moon\n|-damage|p1a: Roaring Moon|39\/100\n|-enditem|p1a: Roaring Moon|Red Card|[of] p2a: Arceus\n|drag|p2a: Maya|Mawile, F, shiny|100\/100\n|move|p1a: Roaring Moon|Knock Off|p2a: Maya\n|-resisted|p2a: Maya\n|-damage|p2a: Maya|70\/100\n|\n|upkeep\n|turn|11\n|\n|t:|1700447145\n|detailschange|p2a: Maya|Mawile-Mega, F, shiny\n|-mega|p2a: Maya|Mawile|Mawilite\n|move|p1a: Roaring Moon|Dragon Dance|p1a: Roaring Moon\n|-boost|p1a: Roaring Moon|atk|1\n|-boost|p1a: Roaring Moon|spe|1\n|move|p2a: Maya|Play Rough|p1a: Roaring Moon\n|-supereffective|p1a: Roaring Moon\n|-damage|p1a: Roaring Moon|0 fnt\n|faint|p1a: Roaring Moon\n|-end|p1a: Roaring Moon|Protosynthesis|[silent]\n|\n|upkeep\n|\n|t:|1700447171\n|switch|p1a: Ho-Oh|Ho-Oh|100\/100\n|turn|12\n|\n|t:|1700447176\n|move|p2a: Maya|Sucker Punch|p1a: Ho-Oh\n|-damage|p1a: Ho-Oh|70\/100\n|move|p1a: Ho-Oh|Sacred Fire|p2a: Maya|[miss]\n|-miss|p1a: Ho-Oh|p2a: Maya\n|\n|upkeep\n|turn|13\n|\n|t:|1700447181\n|move|p2a: Maya|Sucker Punch|p1a: Ho-Oh\n|-damage|p1a: Ho-Oh|40\/100\n|move|p1a: Ho-Oh|Sacred Fire|p2a: Maya\n|-supereffective|p2a: Maya\n|-damage|p2a: Maya|0 fnt\n|faint|p2a: Maya\n|\n|upkeep\n|\n|t:|1700447187\n|switch|p2a: P\u00e1jaro Feo|Ho-Oh, shiny|100\/100\n|turn|14\n|\n|t:|1700447211\n|-zpower|p2a: P\u00e1jaro Feo\n|move|p2a: P\u00e1jaro Feo|Z-Celebrate|p2a: P\u00e1jaro Feo|[anim]Celebrate\n|-boost|p2a: P\u00e1jaro Feo|atk|1|[zeffect]\n|-boost|p2a: P\u00e1jaro Feo|def|1|[zeffect]\n|-boost|p2a: P\u00e1jaro Feo|spa|1|[zeffect]\n|-boost|p2a: P\u00e1jaro Feo|spd|1|[zeffect]\n|-boost|p2a: P\u00e1jaro Feo|spe|1|[zeffect]\n|-activate|p2a: P\u00e1jaro Feo|move: Celebrate\n|move|p1a: Ho-Oh|Brave Bird|p2a: P\u00e1jaro Feo\n|-damage|p2a: P\u00e1jaro Feo|66\/100\n|-damage|p1a: Ho-Oh|30\/100|[from] Recoil\n|\n|upkeep\n|turn|15\n|\n|t:|1700447222\n|move|p2a: P\u00e1jaro Feo|Brave Bird|p1a: Ho-Oh\n|-damage|p1a: Ho-Oh|0 fnt\n|faint|p1a: Ho-Oh\n|-damage|p2a: P\u00e1jaro Feo|55\/100|[from] Recoil\n|\n|upkeep\n|\n|t:|1700447226\n|switch|p1a: Walking Wake|Walking Wake|100\/100\n|-activate|p1a: Walking Wake|move: Sticky Web\n|-unboost|p1a: Walking Wake|spe|1\n|-damage|p1a: Walking Wake|88\/100|[from] Stealth Rock\n|turn|16\n|\n|t:|1700447229\n|-terastallize|p1a: Walking Wake|Water\n|move|p2a: P\u00e1jaro Feo|Brave Bird|p1a: Walking Wake\n|-damage|p1a: Walking Wake|0 fnt\n|faint|p1a: Walking Wake\n|-end|p1a: Walking Wake|Protosynthesis|[silent]\n|-damage|p2a: P\u00e1jaro Feo|22\/100|[from] Recoil\n|\n|win|EABL XD\n|raw|BigDEVONN's rating: 1130 &rarr; <strong>1118<\/strong><br \/>(-12 for losing)\n|raw|EABL XD's rating: 1339 &rarr; <strong>1348<\/strong><br \/>(+9 for winning)\n|l|\u2606BigDEVONN\n","uploadtime":1700447337,"views":4,"p1id":"bigdevonn","p2id":"eablxd","formatid":"gen9nationaldexubers","rating":1118,"private":0,"password":""}