{"id":"gen9nationaldexubers-1982908758","p1":"Liftedz_ero","p2":"XD100001","format":"[Gen 9] National Dex Ubers","log":"|j|\u2606Liftedz_ero\n|j|\u2606XD100001\n|t:|1699057444\n|gametype|singles\n|player|p1|Liftedz_ero|ghetsis|1068\n|player|p2|XD100001|n|1075\n|teamsize|p1|6\n|teamsize|p2|6\n|gen|9\n|tier|[Gen 9] National Dex Ubers\n|rated|\n|rule|HP Percentage Mod: HP is shown in percentages\n|rule|Endless Battle Clause: Forcing endless battles is banned\n|rule|OHKO Clause: OHKO moves are banned\n|rule|Evasion Moves Clause: Evasion moves are banned\n|rule|Evasion Items Clause: Evasion items are banned\n|rule|Species Clause: Limit one of each Pok\u00e9mon\n|rule|Sleep Clause Mod: Limit one foe put to sleep\n|rule|Mega Rayquaza Clause: You cannot mega evolve Rayquaza\n|clearpoke\n|poke|p1|Meowscarada, F|\n|poke|p1|Garchomp, M|\n|poke|p1|Corviknight, M|\n|poke|p1|Chi-Yu|\n|poke|p1|Toxapex, M|\n|poke|p1|Dragapult, F|\n|poke|p2|Reshiram|\n|poke|p2|Zoroark-Hisui, F|\n|poke|p2|Carracosta, M|\n|poke|p2|Aerodactyl, M|\n|poke|p2|Vanilluxe, M|\n|poke|p2|Klinklang|\n|teampreview\n|\n|t:|1699057453\n|start\n|switch|p1a: Meowscarada|Meowscarada, F|100\/100\n|switch|p2a: Vanilluxe|Vanilluxe, M|100\/100\n|-weather|Snow|[from] ability: Snow Warning|[of] p2a: Vanilluxe\n|turn|1\n|\n|t:|1699057477\n|move|p1a: Meowscarada|U-turn|p2a: Vanilluxe\n|-start|p1a: Meowscarada|typechange|Bug|[from] ability: Protean\n|-damage|p2a: Vanilluxe|76\/100\n|\n|t:|1699057485\n|switch|p1a: Chi-Yu|Chi-Yu|100\/100|[from] U-turn\n|-ability|p1a: Chi-Yu|Beads of Ruin\n|move|p2a: Vanilluxe|Blizzard|p1a: Chi-Yu\n|-resisted|p1a: Chi-Yu\n|-damage|p1a: Chi-Yu|53\/100\n|\n|-weather|Snow|[upkeep]\n|upkeep\n|turn|2\n|\n|t:|1699057500\n|move|p1a: Chi-Yu|Flamethrower|p2a: Vanilluxe\n|-supereffective|p2a: Vanilluxe\n|-damage|p2a: Vanilluxe|0 fnt\n|faint|p2a: Vanilluxe\n|\n|-weather|Snow|[upkeep]\n|upkeep\n|\n|t:|1699057506\n|switch|p2a: Carracosta|Carracosta, M|100\/100\n|turn|3\n|\n|t:|1699057517\n|switch|p1a: Meowscarada|Meowscarada, F|100\/100\n|-zpower|p2a: Carracosta\n|move|p2a: Carracosta|Hydro Vortex|p1a: Meowscarada|[zeffect]\n|-resisted|p1a: Meowscarada\n|-damage|p1a: Meowscarada|61\/100\n|\n|-weather|Snow|[upkeep]\n|upkeep\n|turn|4\n|\n|t:|1699057526\n|switch|p2a: Klinklang|Klinklang|100\/100\n|move|p1a: Meowscarada|Flower Trick|p2a: Klinklang\n|-start|p1a: Meowscarada|typechange|Grass|[from] ability: Protean\n|-resisted|p2a: Klinklang\n|-crit|p2a: Klinklang\n|-damage|p2a: Klinklang|71\/100\n|\n|-weather|Snow|[upkeep]\n|upkeep\n|turn|5\n|\n|t:|1699057537\n|switch|p1a: Chi-Yu|Chi-Yu|53\/100\n|-ability|p1a: Chi-Yu|Beads of Ruin\n|move|p2a: Klinklang|Flash Cannon|p1a: Chi-Yu\n|-resisted|p1a: Chi-Yu\n|-damage|p1a: Chi-Yu|38\/100\n|\n|-weather|none\n|upkeep\n|turn|6\n|\n|t:|1699057546\n|switch|p2a: Carracosta|Carracosta, M|100\/100\n|move|p1a: Chi-Yu|Flamethrower|p2a: Carracosta\n|-resisted|p2a: Carracosta\n|-damage|p2a: Carracosta|63\/100\n|\n|upkeep\n|turn|7\n|\n|t:|1699057556\n|switch|p1a: Toxapex|Toxapex, M|100\/100\n|move|p2a: Carracosta|Aqua Jet|p1a: Toxapex\n|-resisted|p1a: Toxapex\n|-damage|p1a: Toxapex|93\/100\n|\n|-heal|p1a: Toxapex|99\/100|[from] item: Black Sludge\n|upkeep\n|turn|8\n|\n|t:|1699057566\n|switch|p2a: Klinklang|Klinklang|71\/100\n|move|p1a: Toxapex|Toxic|p2a: Klinklang\n|-immune|p2a: Klinklang\n|\n|-heal|p1a: Toxapex|100\/100|[from] item: Black Sludge\n|upkeep\n|turn|9\n|\n|t:|1699057579\n|switch|p1a: Garchomp|Garchomp, M|100\/100\n|move|p2a: Klinklang|Thunder|p1a: Garchomp\n|-immune|p1a: Garchomp\n|\n|upkeep\n|turn|10\n|\n|t:|1699057587\n|move|p2a: Klinklang|Flash Cannon|p1a: Garchomp\n|-damage|p1a: Garchomp|75\/100\n|move|p1a: Garchomp|Stealth Rock|p2a: Klinklang\n|-sidestart|p2: XD100001|move: Stealth Rock\n|\n|-heal|p1a: Garchomp|81\/100|[from] item: Leftovers\n|upkeep\n|turn|11\n|\n|t:|1699057594\n|move|p2a: Klinklang|Flash Cannon|p1a: Garchomp\n|-damage|p1a: Garchomp|56\/100\n|move|p1a: Garchomp|Spikes|p2a: Klinklang\n|-sidestart|p2: XD100001|Spikes\n|\n|-heal|p1a: Garchomp|62\/100|[from] item: Leftovers\n|upkeep\n|turn|12\n|\n|t:|1699057603\n|switch|p2a: Reshiram|Reshiram|100\/100\n|-damage|p2a: Reshiram|76\/100|[from] Stealth Rock\n|-damage|p2a: Reshiram|63\/100|[from] Spikes\n|-ability|p2a: Reshiram|Turboblaze\n|move|p1a: Garchomp|Spikes|p2a: Reshiram\n|-sidestart|p2: XD100001|Spikes\n|\n|-heal|p1a: Garchomp|68\/100|[from] item: Leftovers\n|upkeep\n|turn|13\n|\n|t:|1699057620\n|move|p2a: Reshiram|Draco Meteor|p1a: Garchomp\n|-supereffective|p1a: Garchomp\n|-damage|p1a: Garchomp|0 fnt\n|-unboost|p2a: Reshiram|spa|2\n|faint|p1a: Garchomp\n|-damage|p2a: Reshiram|53\/100|[from] item: Life Orb\n|\n|upkeep\n|\n|t:|1699057676\n|switch|p1a: Dragapult|Dragapult, F|100\/100\n|turn|14\n|\n|t:|1699057684\n|switch|p2a: Klinklang|Klinklang|71\/100\n|-damage|p2a: Klinklang|64\/100|[from] Stealth Rock\n|-damage|p2a: Klinklang|48\/100|[from] Spikes\n|move|p1a: Dragapult|Dragon Darts|p2a: Klinklang\n|-resisted|p2a: Klinklang\n|-damage|p2a: Klinklang|27\/100\n|-anim|p1a: Dragapult|Dragon Darts|p2a: Klinklang\n|-resisted|p2a: Klinklang\n|-damage|p2a: Klinklang|7\/100\n|\n|upkeep\n|turn|15\n|\n|t:|1699057695\n|move|p1a: Dragapult|Dragon Darts|p2a: Klinklang\n|-resisted|p2a: Klinklang\n|-damage|p2a: Klinklang|0 fnt\n|faint|p2a: Klinklang\n|\n|upkeep\n|\n|t:|1699057702\n|switch|p2a: Aerodactyl|Aerodactyl, M|100\/100\n|-damage|p2a: Aerodactyl|76\/100|[from] Stealth Rock\n|turn|16\n|\n|t:|1699057718\n|switch|p1a: Toxapex|Toxapex, M|100\/100\n|detailschange|p2a: Aerodactyl|Aerodactyl-Mega, M\n|-mega|p2a: Aerodactyl|Aerodactyl|Aerodactylite\n|move|p2a: Aerodactyl|Dragon Claw|p1a: Toxapex\n|-damage|p1a: Toxapex|71\/100\n|\n|-heal|p1a: Toxapex|77\/100|[from] item: Black Sludge\n|upkeep\n|turn|17\n|\n|t:|1699057727\n|move|p2a: Aerodactyl|Dual Wingbeat|p1a: Toxapex\n|-damage|p1a: Toxapex|56\/100\n|-damage|p1a: Toxapex|32\/100\n|-hitcount|p1a: Toxapex|2\n|move|p1a: Toxapex|Toxic|p2a: Aerodactyl\n|-status|p2a: Aerodactyl|tox\n|\n|-heal|p1a: Toxapex|38\/100|[from] item: Black Sludge\n|-damage|p2a: Aerodactyl|70\/100 tox|[from] psn\n|upkeep\n|turn|18\n|\n|t:|1699057746\n|switch|p1a: Corviknight|Corviknight, M|100\/100\n|-ability|p1a: Corviknight|Pressure\n|move|p2a: Aerodactyl|Dual Wingbeat|p1a: Corviknight\n|-resisted|p1a: Corviknight\n|-damage|p1a: Corviknight|92\/100\n|-damage|p2a: Aerodactyl|53\/100 tox|[from] item: Rocky Helmet|[of] p1a: Corviknight\n|-resisted|p1a: Corviknight\n|-damage|p1a: Corviknight|83\/100\n|-damage|p2a: Aerodactyl|36\/100 tox|[from] item: Rocky Helmet|[of] p1a: Corviknight\n|-hitcount|p1a: Corviknight|2\n|\n|-damage|p2a: Aerodactyl|24\/100 tox|[from] psn\n|upkeep\n|turn|19\n|\n|t:|1699057765\n|switch|p2a: Carracosta|Carracosta, M|63\/100\n|-damage|p2a: Carracosta|50\/100|[from] Stealth Rock\n|-damage|p2a: Carracosta|34\/100|[from] Spikes\n|move|p1a: Corviknight|Body Press|p2a: Carracosta\n|-supereffective|p2a: Carracosta\n|-damage|p2a: Carracosta|0 fnt\n|faint|p2a: Carracosta\n|\n|upkeep\n|\n|t:|1699057775\n|switch|p2a: Aerodactyl|Aerodactyl-Mega, M|100\/100\n|-damage|p2a: Aerodactyl|88\/100|[from] Stealth Rock\n|-damage|p2a: Aerodactyl|72\/100|[from] Spikes\n|turn|20\n|\n|t:|1699057784\n|move|p2a: Aerodactyl|Flamethrower|p1a: Corviknight\n|-supereffective|p1a: Corviknight\n|-damage|p1a: Corviknight|15\/100\n|move|p1a: Corviknight|U-turn|p2a: Aerodactyl\n|-resisted|p2a: Aerodactyl\n|-damage|p2a: Aerodactyl|57\/100\n|replace|p2a: Zoroark|Zoroark-Hisui, F\n|-end|p2a: Zoroark|Illusion\n|\n|t:|1699057793\n|switch|p1a: Chi-Yu|Chi-Yu|38\/100|[from] U-turn\n|-ability|p1a: Chi-Yu|Beads of Ruin\n|\n|upkeep\n|turn|21\n|\n|t:|1699057801\n|move|p2a: Zoroark|Focus Blast|p1a: Chi-Yu\n|-supereffective|p1a: Chi-Yu\n|-damage|p1a: Chi-Yu|0 fnt\n|faint|p1a: Chi-Yu\n|\n|upkeep\n|\n|t:|1699057811\n|switch|p1a: Dragapult|Dragapult, F|100\/100\n|turn|22\n|\n|t:|1699057818\n|move|p1a: Dragapult|Sucker Punch|p2a: Zoroark\n|-supereffective|p2a: Zoroark\n|-damage|p2a: Zoroark|0 fnt\n|faint|p2a: Zoroark\n|\n|upkeep\n|\n|t:|1699057824\n|switch|p2a: Aerodactyl|Aerodactyl-Mega, M|24\/100 tox\n|-damage|p2a: Aerodactyl|0 fnt|[from] Stealth Rock\n|faint|p2a: Aerodactyl\n|\n|t:|1699057828\n|switch|p2a: Reshiram|Reshiram|53\/100\n|-damage|p2a: Reshiram|28\/100|[from] Stealth Rock\n|-damage|p2a: Reshiram|12\/100|[from] Spikes\n|-ability|p2a: Reshiram|Turboblaze\n|turn|23\n|\n|t:|1699057835\n|move|p1a: Dragapult|Sucker Punch|p2a: Reshiram\n|-damage|p2a: Reshiram|0 fnt\n|faint|p2a: Reshiram\n|\n|win|Liftedz_ero\n|raw|Liftedz_ero's rating: 1068 &rarr; <strong>1098<\/strong><br \/>(+30 for winning)\n|raw|XD100001's rating: 1075 &rarr; <strong>1053<\/strong><br \/>(-22 for losing)\n|l|\u2606XD100001\n","uploadtime":1699057849,"views":6,"p1id":"liftedzero","p2id":"xd100001","formatid":"gen9nationaldexubers","rating":1053,"private":0,"password":""}