{"id":"gen9nationaldexubers-1982517619","p1":"Moonz_e","p2":"Malice Incarnate","format":"[Gen 9] National Dex Ubers","log":"|j|\u2606Moonz_e\n|j|\u2606Malice Incarnate\n|t:|1699022136\n|gametype|singles\n|player|p1|Moonz_e|courtney|\n|player|p2|Malice Incarnate|palmer|\n|teamsize|p1|6\n|teamsize|p2|6\n|gen|9\n|tier|[Gen 9] National Dex Ubers\n|rule|HP Percentage Mod: HP is shown in percentages\n|rule|Endless Battle Clause: Forcing endless battles is banned\n|rule|OHKO Clause: OHKO moves are banned\n|rule|Evasion Moves Clause: Evasion moves are banned\n|rule|Evasion Items Clause: Evasion items are banned\n|rule|Species Clause: Limit one of each Pok\u00e9mon\n|rule|Sleep Clause Mod: Limit one foe put to sleep\n|rule|Mega Rayquaza Clause: You cannot mega evolve Rayquaza\n|clearpoke\n|poke|p1|Ogerpon-Hearthflame, F|\n|poke|p1|Torkoal, M|\n|poke|p1|Charizard, M|\n|poke|p1|Volcanion|\n|poke|p1|Typhlosion-Hisui, M|\n|poke|p1|Moltres|\n|poke|p2|Hippowdon, F|\n|poke|p2|Skarmory, M|\n|poke|p2|Garganacl, F|\n|poke|p2|Lopunny, F|\n|poke|p2|Toxapex, F|\n|poke|p2|Mandibuzz, F|\n|teampreview\n|inactive|Battle timer is ON: inactive players will automatically lose when time's up. (requested by Malice Incarnate)\n|c|\u2606Moonz_e|Glhf\n|c|\u2606Malice Incarnate|u\n|c|\u2606Malice Incarnate|2\n|j| Standardbandard23\n|\n|t:|1699022165\n|start\n|switch|p1a: Growing Older|Torkoal, M|100\/100\n|switch|p2a: #8B572A|Lopunny, F|100\/100\n|-weather|SunnyDay|[from] ability: Drought|[of] p1a: Growing Older\n|turn|1\n|c| Standardbandard23|Frick semi-stall\n|j| Astro Rifk\n|\n|t:|1699022174\n|detailschange|p2a: #8B572A|Lopunny-Mega, F\n|-mega|p2a: #8B572A|Lopunny|Lopunnite\n|move|p2a: #8B572A|Fake Out|p1a: Growing Older\n|-damage|p1a: Growing Older|89\/100\n|cant|p1a: Growing Older|flinch\n|\n|-weather|SunnyDay|[upkeep]\n|upkeep\n|turn|2\n|c| Astro Rifk|nah\n|\n|t:|1699022186\n|switch|p2a: BALLHOG|Hippowdon, F|100\/100\n|-weather|Sandstorm|[from] ability: Sand Stream|[of] p2a: BALLHOG\n|move|p1a: Growing Older|Stealth Rock|p2a: BALLHOG\n|-sidestart|p2: Malice Incarnate|move: Stealth Rock\n|\n|-weather|Sandstorm|[upkeep]\n|-damage|p1a: Growing Older|83\/100|[from] Sandstorm\n|upkeep\n|turn|3\n|c| Astro Rifk|semistall >>>>>>>>>> everythihg else\n|c| Standardbandard23|False\n|c| Standardbandard23|Lies\n|c| Astro Rifk|proof??\n|inactive|Moonz_e has 270 seconds left.\n|\n|t:|1699022226\n|move|p2a: BALLHOG|Stealth Rock|p1a: Growing Older\n|-sidestart|p1: Moonz_e|move: Stealth Rock\n|move|p1a: Growing Older|Rapid Spin|p2a: BALLHOG\n|-damage|p2a: BALLHOG|93\/100\n|-boost|p1a: Growing Older|spe|1\n|-sideend|p1: Moonz_e|Stealth Rock|[from] move: Rapid Spin|[of] p1a: Growing Older\n|\n|-weather|Sandstorm|[upkeep]\n|-damage|p1a: Growing Older|77\/100|[from] Sandstorm\n|-heal|p2a: BALLHOG|99\/100|[from] item: Leftovers\n|upkeep\n|turn|4\n|c| Standardbandard23|Semistall is one of the reasons I'm out of this tournament\n|\n|t:|1699022237\n|move|p2a: BALLHOG|Toxic|p1a: Growing Older\n|-status|p1a: Growing Older|tox\n|move|p1a: Growing Older|Yawn|p2a: BALLHOG\n|-start|p2a: BALLHOG|move: Yawn|[of] p1a: Growing Older\n|\n|-weather|Sandstorm|[upkeep]\n|-damage|p1a: Growing Older|71\/100 tox|[from] Sandstorm\n|-heal|p2a: BALLHOG|100\/100|[from] item: Leftovers\n|-damage|p1a: Growing Older|65\/100 tox|[from] psn\n|upkeep\n|turn|5\n|c| Astro Rifk|so\n|\n|t:|1699022251\n|switch|p2a: GROGNAR RUBBLE|Garganacl, F|100\/100\n|-damage|p2a: GROGNAR RUBBLE|88\/100|[from] Stealth Rock\n|switch|p1a: I Need A Surgeon|Moltres|100\/100\n|\n|-weather|Sandstorm|[upkeep]\n|-damage|p1a: I Need A Surgeon|94\/100|[from] Sandstorm\n|-heal|p2a: GROGNAR RUBBLE|94\/100|[from] item: Leftovers\n|upkeep\n|turn|6\n|\n|t:|1699022263\n|move|p1a: I Need A Surgeon|U-turn|p2a: GROGNAR RUBBLE\n|-damage|p2a: GROGNAR RUBBLE|84\/100\n|\n|t:|1699022267\n|switch|p1a: Growing Older|Torkoal, M|65\/100 tox|[from] U-turn\n|-weather|SunnyDay|[from] ability: Drought|[of] p1a: Growing Older\n|move|p2a: GROGNAR RUBBLE|Salt Cure|p1a: Growing Older\n|-supereffective|p1a: Growing Older\n|-damage|p1a: Growing Older|49\/100 tox\n|-start|p1a: Growing Older|Salt Cure\n|\n|-weather|SunnyDay|[upkeep]\n|-heal|p2a: GROGNAR RUBBLE|91\/100|[from] item: Leftovers\n|-damage|p1a: Growing Older|43\/100 tox|[from] psn\n|-damage|p1a: Growing Older|31\/100 tox|[from] Salt Cure\n|upkeep\n|turn|7\n|inactive|Moonz_e has 270 seconds left.\n|c| Standardbandard23|Why did I just expect moltres to cause sun on switch-in\n|c| Standardbandard23|I blame shared power\n|inactive|Moonz_e has 240 seconds left.\n|c| Astro Rifk|brother\n|c| Astro Rifk|in\n|c| Astro Rifk|oms rotting our brains\n|c| Astro Rifk|\ud83d\udc4d\n|\n|t:|1699022327\n|switch|p2a: BALLHOG|Hippowdon, F|100\/100\n|-damage|p2a: BALLHOG|94\/100|[from] Stealth Rock\n|-weather|Sandstorm|[from] ability: Sand Stream|[of] p2a: BALLHOG\n|switch|p1a: Not An Option|Typhlosion-Hisui, M|100\/100\n|\n|-weather|Sandstorm|[upkeep]\n|-damage|p1a: Not An Option|95\/100|[from] Sandstorm\n|-heal|p2a: BALLHOG|100\/100|[from] item: Leftovers\n|upkeep\n|turn|8\n|inactive|Moonz_e has 210 seconds left.\n|c| Astro Rifk|when i still played mnm super often i always expected golisopod to cast primlordial sea\n|c| Astro Rifk|so this one time i played regular gen 7 ubers\n|c| Standardbandard23|Fair\n|c| Astro Rifk|i saw a golis\n|c| Astro Rifk|and usually\n|inactive|Moonz_e has 180 seconds left.\n|c| Astro Rifk|thats extremely weird for gen 7 ubers\n|c| Astro Rifk|but im like\n|\n|t:|1699022396\n|switch|p2a: GROGNAR RUBBLE|Garganacl, F|91\/100\n|-damage|p2a: GROGNAR RUBBLE|78\/100|[from] Stealth Rock\n|-terastallize|p1a: Not An Option|Fire\n|move|p1a: Not An Option|Eruption|p2a: GROGNAR RUBBLE\n|-resisted|p2a: GROGNAR RUBBLE\n|-damage|p2a: GROGNAR RUBBLE|57\/100\n|\n|-weather|Sandstorm|[upkeep]\n|-damage|p1a: Not An Option|89\/100|[from] Sandstorm\n|-heal|p2a: GROGNAR RUBBLE|64\/100|[from] item: Leftovers\n|upkeep\n|turn|9\n|c| Astro Rifk|\"oh shit im 6-0d by this\"\n|\n|t:|1699022415\n|switch|p1a: Growing Older|Torkoal, M|31\/100 tox\n|-weather|SunnyDay|[from] ability: Drought|[of] p1a: Growing Older\n|move|p2a: GROGNAR RUBBLE|Recover|p2a: GROGNAR RUBBLE\n|-heal|p2a: GROGNAR RUBBLE|100\/100\n|\n|-weather|SunnyDay|[upkeep]\n|-damage|p1a: Growing Older|24\/100 tox|[from] psn\n|upkeep\n|turn|10\n|inactive|Moonz_e has 150 seconds left.\n|\n|t:|1699022448\n|switch|p1a: Everybody Knows|Ogerpon-Hearthflame, F|100\/100\n|-ability|p1a: Everybody Knows|Mold Breaker\n|move|p2a: GROGNAR RUBBLE|Salt Cure|p1a: Everybody Knows\n|-supereffective|p1a: Everybody Knows\n|-damage|p1a: Everybody Knows|67\/100\n|-start|p1a: Everybody Knows|Salt Cure\n|\n|-weather|SunnyDay|[upkeep]\n|-damage|p1a: Everybody Knows|54\/100|[from] Salt Cure\n|upkeep\n|turn|11\n|\n|t:|1699022459\n|switch|p2a: 7 INCH CUBANS|Toxapex, F, shiny|100\/100\n|move|p1a: Everybody Knows|Horn Leech|p2a: 7 INCH CUBANS\n|-damage|p2a: 7 INCH CUBANS|71\/100\n|-heal|p1a: Everybody Knows|69\/100|[from] drain|[of] p2a: 7 INCH CUBANS\n|\n|-weather|SunnyDay|[upkeep]\n|-damage|p1a: Everybody Knows|57\/100|[from] Salt Cure\n|upkeep\n|turn|12\n|c|\u2606Malice Incarnate|garg is tera water btw\n|c|\u2606Malice Incarnate|forgot to mention\n|\n|t:|1699022470\n|switch|p1a: Revolt|Volcanion|100\/100\n|move|p2a: 7 INCH CUBANS|Recover|p2a: 7 INCH CUBANS\n|-heal|p2a: 7 INCH CUBANS|100\/100\n|\n|-weather|SunnyDay|[upkeep]\n|upkeep\n|turn|13\n|\n|t:|1699022486\n|switch|p1a: Villain|Charizard, M|100\/100\n|move|p2a: 7 INCH CUBANS|Toxic|p1a: Villain\n|-status|p1a: Villain|tox\n|\n|-weather|SunnyDay|[upkeep]\n|-damage|p1a: Villain|94\/100 tox|[from] psn\n|upkeep\n|turn|14\n|c| Standardbandard23|Yea groudon and sun in general is SUPER good in Shared power so I'm very used to sun being set every time a mon comes in\n|\n|t:|1699022498\n|switch|p2a: BALLHOG|Hippowdon, F|100\/100\n|-damage|p2a: BALLHOG|94\/100|[from] Stealth Rock\n|-weather|Sandstorm|[from] ability: Sand Stream|[of] p2a: BALLHOG\n|detailschange|p1a: Villain|Charizard-Mega-X, M\n|-mega|p1a: Villain|Charizard|Charizardite X\n|move|p1a: Villain|Dragon Dance|p1a: Villain\n|-boost|p1a: Villain|atk|1\n|-boost|p1a: Villain|spe|1\n|\n|-weather|Sandstorm|[upkeep]\n|-damage|p1a: Villain|88\/100 tox|[from] Sandstorm\n|-heal|p2a: BALLHOG|100\/100|[from] item: Leftovers\n|-damage|p1a: Villain|76\/100 tox|[from] psn\n|upkeep\n|turn|15\n|c| Astro Rifk|im super used to like\n|\n|t:|1699022520\n|move|p1a: Villain|Blaze Kick|p2a: BALLHOG\n|-damage|p2a: BALLHOG|36\/100\n|move|p2a: BALLHOG|Earthquake|p1a: Villain\n|-supereffective|p1a: Villain\n|-damage|p1a: Villain|0 fnt\n|faint|p1a: Villain\n|\n|-weather|Sandstorm|[upkeep]\n|-heal|p2a: BALLHOG|42\/100|[from] item: Leftovers\n|upkeep\n|c| Astro Rifk|mandibuzz popping sablenite\n|c| Astro Rifk|blisseymtoo\n|inactive|Moonz_e has 120 seconds left.\n|\n|t:|1699022531\n|switch|p1a: Everybody Knows|Ogerpon-Hearthflame, F|57\/100\n|-ability|p1a: Everybody Knows|Mold Breaker\n|turn|16\n|\n|t:|1699022535\n|switch|p2a: 7 INCH CUBANS|Toxapex, F, shiny|100\/100\n|move|p1a: Everybody Knows|Swords Dance|p1a: Everybody Knows\n|-boost|p1a: Everybody Knows|atk|2\n|\n|-weather|Sandstorm|[upkeep]\n|-damage|p1a: Everybody Knows|51\/100|[from] Sandstorm\n|-damage|p2a: 7 INCH CUBANS|95\/100|[from] Sandstorm\n|upkeep\n|turn|17\n|\n|t:|1699022547\n|move|p1a: Everybody Knows|Horn Leech|p2a: 7 INCH CUBANS\n|-damage|p2a: 7 INCH CUBANS|45\/100\n|-heal|p1a: Everybody Knows|76\/100|[from] drain|[of] p2a: 7 INCH CUBANS\n|move|p2a: 7 INCH CUBANS|Haze|p2a: 7 INCH CUBANS\n|-clearallboost\n|\n|-weather|Sandstorm|[upkeep]\n|-damage|p1a: Everybody Knows|70\/100|[from] Sandstorm\n|-damage|p2a: 7 INCH CUBANS|39\/100|[from] Sandstorm\n|upkeep\n|turn|18\n|c| Astro Rifk|blissey w sable would so be banned from standard ou\n|\n|t:|1699022559\n|switch|p1a: Growing Older|Torkoal, M|24\/100 tox\n|-weather|SunnyDay|[from] ability: Drought|[of] p1a: Growing Older\n|switch|p2a: CHUCKLES|Mandibuzz, F|100\/100\n|\n|-weather|SunnyDay|[upkeep]\n|-damage|p1a: Growing Older|18\/100 tox|[from] psn\n|upkeep\n|turn|19\n|c| Standardbandard23|I think my mono Ice team has a 100% Winrate vs. Sun\n|\n|t:|1699022573\n|switch|p1a: Not An Option|Typhlosion-Hisui, M, tera:Fire|89\/100\n|move|p2a: CHUCKLES|Defog|p1a: Not An Option\n|-unboost|p1a: Not An Option|evasion|1\n|-sideend|p2: Malice Incarnate|Stealth Rock|[from] move: Defog|[of] p2a: CHUCKLES\n|\n|-weather|SunnyDay|[upkeep]\n|upkeep\n|turn|20\n|c| Astro Rifk|blissey\n|c| Astro Rifk|but\n|c| Astro Rifk|it has\n|c| Standardbandard23|Which is really funny\n|\n|t:|1699022582\n|switch|p2a: GROGNAR RUBBLE|Garganacl, F|100\/100\n|move|p1a: Not An Option|Solar Beam||[still]\n|-prepare|p1a: Not An Option|Solar Beam\n|-anim|p1a: Not An Option|Solar Beam|p2a: GROGNAR RUBBLE\n|-supereffective|p2a: GROGNAR RUBBLE\n|-damage|p2a: GROGNAR RUBBLE|48\/100\n|\n|-weather|SunnyDay|[upkeep]\n|-heal|p2a: GROGNAR RUBBLE|54\/100|[from] item: Leftovers\n|upkeep\n|turn|21\n|c| Astro Rifk|60\/185 defenses\n|\n|t:|1699022592\n|switch|p2a: IANBRANDONANDERSON|Skarmory, M|100\/100\n|move|p1a: Not An Option|Solar Beam||[still]\n|-prepare|p1a: Not An Option|Solar Beam\n|-anim|p1a: Not An Option|Solar Beam|p2a: IANBRANDONANDERSON\n|-resisted|p2a: IANBRANDONANDERSON\n|-damage|p2a: IANBRANDONANDERSON|88\/100\n|\n|-weather|SunnyDay|[upkeep]\n|upkeep\n|turn|22\n|c| Astro Rifk|so 60 defense\n|\n|t:|1699022601\n|switch|p1a: I Need A Surgeon|Moltres|94\/100\n|move|p2a: IANBRANDONANDERSON|Spikes|p1a: I Need A Surgeon\n|-sidestart|p1: Moonz_e|Spikes\n|\n|-weather|SunnyDay|[upkeep]\n|upkeep\n|turn|23\n|c| Standardbandard23|Brandon Sanderson\n|inactive|Moonz_e has 150 seconds left.\n|\n|t:|1699022609\n|switch|p2a: BALLHOG|Hippowdon, F|42\/100\n|-weather|Sandstorm|[from] ability: Sand Stream|[of] p2a: BALLHOG\n|move|p1a: I Need A Surgeon|Will-O-Wisp|p2a: BALLHOG\n|-status|p2a: BALLHOG|brn\n|\n|-weather|Sandstorm|[upkeep]\n|-damage|p1a: I Need A Surgeon|88\/100|[from] Sandstorm\n|-heal|p2a: BALLHOG|48\/100 brn|[from] item: Leftovers\n|-damage|p2a: BALLHOG|42\/100 brn|[from] brn\n|upkeep\n|turn|24\n|c| Standardbandard23|One of my favorite writers\n|inactive|Moonz_e has 150 seconds left.\n|\n|t:|1699022629\n|move|p1a: I Need A Surgeon|Defog|p2a: BALLHOG\n|-unboost|p2a: BALLHOG|evasion|1\n|-sideend|p1: Moonz_e|Spikes|[from] move: Defog|[of] p1a: I Need A Surgeon\n|move|p2a: BALLHOG|Slack Off|p2a: BALLHOG\n|-heal|p2a: BALLHOG|92\/100 brn\n|\n|-weather|Sandstorm|[upkeep]\n|-damage|p1a: I Need A Surgeon|82\/100|[from] Sandstorm\n|-heal|p2a: BALLHOG|99\/100 brn|[from] item: Leftovers\n|-damage|p2a: BALLHOG|92\/100 brn|[from] brn\n|upkeep\n|turn|25\n|inactive|Moonz_e has 150 seconds left.\n|\n|t:|1699022641\n|move|p1a: I Need A Surgeon|U-turn|p2a: BALLHOG\n|-damage|p2a: BALLHOG|83\/100 brn\n|\n|t:|1699022644\n|switch|p1a: Growing Older|Torkoal, M|18\/100 tox|[from] U-turn\n|-weather|SunnyDay|[from] ability: Drought|[of] p1a: Growing Older\n|move|p2a: BALLHOG|Stealth Rock|p1a: Growing Older\n|-sidestart|p1: Moonz_e|move: Stealth Rock\n|\n|-weather|SunnyDay|[upkeep]\n|-heal|p2a: BALLHOG|89\/100 brn|[from] item: Leftovers\n|-damage|p1a: Growing Older|12\/100 tox|[from] psn\n|-damage|p2a: BALLHOG|83\/100 brn|[from] brn\n|upkeep\n|turn|26\n|inactive|Moonz_e has 150 seconds left.\n|\n|t:|1699022661\n|switch|p2a: 7 INCH CUBANS|Toxapex, F, shiny|72\/100\n|switch|p1a: I Need A Surgeon|Moltres|82\/100\n|\n|-weather|SunnyDay|[upkeep]\n|upkeep\n|turn|27\n|inactive|Moonz_e has 150 seconds left.\n|\n|t:|1699022679\n|move|p1a: I Need A Surgeon|U-turn|p2a: 7 INCH CUBANS\n|-resisted|p2a: 7 INCH CUBANS\n|-damage|p2a: 7 INCH CUBANS|67\/100\n|\n|t:|1699022682\n|switch|p1a: Not An Option|Typhlosion-Hisui, M, tera:Fire|89\/100|[from] U-turn\n|-damage|p1a: Not An Option|64\/100|[from] Stealth Rock\n|move|p2a: 7 INCH CUBANS|Toxic|p1a: Not An Option\n|-status|p1a: Not An Option|tox\n|\n|-weather|SunnyDay|[upkeep]\n|-damage|p1a: Not An Option|58\/100 tox|[from] psn\n|upkeep\n|turn|28\n|inactive|Moonz_e has 150 seconds left.\n|\n|t:|1699022692\n|switch|p2a: BALLHOG|Hippowdon, F|83\/100 brn\n|-weather|Sandstorm|[from] ability: Sand Stream|[of] p2a: BALLHOG\n|move|p1a: Not An Option|Fire Blast|p2a: BALLHOG\n|-damage|p2a: BALLHOG|29\/100 brn\n|\n|-weather|Sandstorm|[upkeep]\n|-damage|p1a: Not An Option|52\/100 tox|[from] Sandstorm\n|-heal|p2a: BALLHOG|36\/100 brn|[from] item: Leftovers\n|-damage|p1a: Not An Option|40\/100 tox|[from] psn\n|-damage|p2a: BALLHOG|29\/100 brn|[from] brn\n|upkeep\n|turn|29\n|inactive|Moonz_e has 150 seconds left.\n|\n|t:|1699022707\n|switch|p1a: I Need A Surgeon|Moltres|82\/100\n|switch|p2a: GROGNAR RUBBLE|Garganacl, F|54\/100\n|\n|-weather|Sandstorm|[upkeep]\n|-damage|p1a: I Need A Surgeon|75\/100|[from] Sandstorm\n|-heal|p2a: GROGNAR RUBBLE|60\/100|[from] item: Leftovers\n|upkeep\n|turn|30\n|inactive|Moonz_e has 150 seconds left.\n|\n|t:|1699022725\n|move|p1a: I Need A Surgeon|Will-O-Wisp|p2a: GROGNAR RUBBLE\n|-immune|p2a: GROGNAR RUBBLE|[from] ability: Purifying Salt\n|move|p2a: GROGNAR RUBBLE|Salt Cure|p1a: I Need A Surgeon\n|-supereffective|p1a: I Need A Surgeon\n|-damage|p1a: I Need A Surgeon|18\/100\n|-start|p1a: I Need A Surgeon|Salt Cure\n|\n|-weather|Sandstorm|[upkeep]\n|-damage|p1a: I Need A Surgeon|12\/100|[from] Sandstorm\n|-heal|p2a: GROGNAR RUBBLE|67\/100|[from] item: Leftovers\n|-damage|p1a: I Need A Surgeon|0 fnt|[from] Salt Cure\n|faint|p1a: I Need A Surgeon\n|upkeep\n|c|\u2606Moonz_e|Right\n|c|\u2606Moonz_e|I forget abiut this\n|\n|t:|1699022740\n|switch|p1a: Everybody Knows|Ogerpon-Hearthflame, F|70\/100\n|-damage|p1a: Everybody Knows|45\/100|[from] Stealth Rock\n|-ability|p1a: Everybody Knows|Mold Breaker\n|turn|31\n|\n|t:|1699022749\n|switch|p2a: 7 INCH CUBANS|Toxapex, F, shiny|100\/100\n|move|p1a: Everybody Knows|Horn Leech|p2a: 7 INCH CUBANS\n|-damage|p2a: 7 INCH CUBANS|75\/100\n|-heal|p1a: Everybody Knows|58\/100|[from] drain|[of] p2a: 7 INCH CUBANS\n|\n|-weather|Sandstorm|[upkeep]\n|-damage|p1a: Everybody Knows|52\/100|[from] Sandstorm\n|-damage|p2a: 7 INCH CUBANS|69\/100|[from] Sandstorm\n|upkeep\n|turn|32\n|\n|t:|1699022764\n|move|p1a: Everybody Knows|Horn Leech|p2a: 7 INCH CUBANS\n|-damage|p2a: 7 INCH CUBANS|41\/100\n|-heal|p1a: Everybody Knows|66\/100|[from] drain|[of] p2a: 7 INCH CUBANS\n|move|p2a: 7 INCH CUBANS|Toxic|p1a: Everybody Knows\n|-status|p1a: Everybody Knows|tox\n|\n|-weather|none\n|-damage|p1a: Everybody Knows|60\/100 tox|[from] psn\n|upkeep\n|turn|33\n|\n|t:|1699022775\n|move|p1a: Everybody Knows|Swords Dance|p1a: Everybody Knows\n|-boost|p1a: Everybody Knows|atk|2\n|move|p2a: 7 INCH CUBANS|Recover|p2a: 7 INCH CUBANS\n|-heal|p2a: 7 INCH CUBANS|92\/100\n|\n|-damage|p1a: Everybody Knows|48\/100 tox|[from] psn\n|upkeep\n|turn|34\n|\n|t:|1699022783\n|move|p1a: Everybody Knows|Horn Leech|p2a: 7 INCH CUBANS\n|-damage|p2a: 7 INCH CUBANS|34\/100\n|-heal|p1a: Everybody Knows|77\/100 tox|[from] drain|[of] p2a: 7 INCH CUBANS\n|move|p2a: 7 INCH CUBANS|Haze|p2a: 7 INCH CUBANS\n|-clearallboost\n|\n|-damage|p1a: Everybody Knows|59\/100 tox|[from] psn\n|upkeep\n|turn|35\n|\n|t:|1699022796\n|move|p1a: Everybody Knows|Horn Leech|p2a: 7 INCH CUBANS\n|-damage|p2a: 7 INCH CUBANS|5\/100\n|-heal|p1a: Everybody Knows|74\/100 tox|[from] drain|[of] p2a: 7 INCH CUBANS\n|move|p2a: 7 INCH CUBANS|Recover|p2a: 7 INCH CUBANS\n|-heal|p2a: 7 INCH CUBANS|55\/100\n|\n|-damage|p1a: Everybody Knows|50\/100 tox|[from] psn\n|upkeep\n|turn|36\n|\n|t:|1699022819\n|switch|p1a: Not An Option|Typhlosion-Hisui, M, tera:Fire|40\/100 tox\n|-damage|p1a: Not An Option|15\/100 tox|[from] Stealth Rock\n|move|p2a: 7 INCH CUBANS|Recover|p2a: 7 INCH CUBANS\n|-heal|p2a: 7 INCH CUBANS|100\/100\n|\n|-damage|p1a: Not An Option|10\/100 tox|[from] psn\n|upkeep\n|turn|37\n|\n|t:|1699022830\n|move|p1a: Not An Option|Shadow Ball|p2a: 7 INCH CUBANS\n|-damage|p2a: 7 INCH CUBANS|65\/100\n|move|p2a: 7 INCH CUBANS|Toxic|p1a: Not An Option\n|-fail|p1a: Not An Option|tox\n|\n|-damage|p1a: Not An Option|0 fnt|[from] psn\n|faint|p1a: Not An Option\n|upkeep\n|\n|t:|1699022838\n|switch|p1a: Revolt|Volcanion|100\/100\n|-damage|p1a: Revolt|75\/100|[from] Stealth Rock\n|turn|38\n|\n|t:|1699022855\n|move|p1a: Revolt|Steam Eruption|p2a: 7 INCH CUBANS\n|-resisted|p2a: 7 INCH CUBANS\n|-damage|p2a: 7 INCH CUBANS|43\/100\n|move|p2a: 7 INCH CUBANS|Recover|p2a: 7 INCH CUBANS\n|-heal|p2a: 7 INCH CUBANS|93\/100\n|\n|-heal|p1a: Revolt|82\/100|[from] item: Leftovers\n|upkeep\n|turn|39\n|c|\u2606Moonz_e|You know what? I don't give a shit enough to suffer through this, next meme\n|-message|Moonz_e forfeited.\n|\n|win|Malice Incarnate\n|l| Standardbandard23\n|l| Astro Rifk\n|l|\u2606Malice Incarnate\n|c|\u2606Moonz_e|Gg tho\n|j| A_Gamer8414\n|l| A_Gamer8414\n","uploadtime":1699022877,"views":16,"p1id":"moonze","p2id":"maliceincarnate","formatid":"gen9nationaldexubers","rating":0,"private":0,"password":""}