{"id":"gen9nationaldexubers-1994190873","p1":"Pain x Siggymon","p2":"Kevko92","format":"[Gen 9] National Dex Ubers","log":"|j|\u2606Pain x Siggymon\n|j|\u2606Kevko92\n|t:|1700417164\n|gametype|singles\n|player|p1|Pain x Siggymon|guitarist|\n|player|p2|Kevko92|benga|\n|teamsize|p1|6\n|teamsize|p2|6\n|gen|9\n|tier|[Gen 9] National Dex Ubers\n|rule|HP Percentage Mod: HP is shown in percentages\n|rule|Endless Battle Clause: Forcing endless battles is banned\n|rule|OHKO Clause: OHKO moves are banned\n|rule|Evasion Moves Clause: Evasion moves are banned\n|rule|Evasion Items Clause: Evasion items are banned\n|rule|Species Clause: Limit one of each Pok\u00e9mon\n|rule|Sleep Clause Mod: Limit one foe put to sleep\n|rule|Mega Rayquaza Clause: You cannot mega evolve Rayquaza\n|clearpoke\n|poke|p1|Weezing-Galar, M|\n|poke|p1|Dragonair, M|\n|poke|p1|Quagsire, F|\n|poke|p1|Farigiraf, F|\n|poke|p1|Hitmonchan, M|\n|poke|p1|Lokix, F|\n|poke|p2|Greninja-*, M|\n|poke|p2|Arboliva, F|\n|poke|p2|Garbodor, F|\n|poke|p2|Eelektross, M|\n|poke|p2|Regidrago|\n|poke|p2|Camerupt, F|\n|teampreview\n|c|\u2606Kevko92|Gl hf\n|c|\u2606Pain x Siggymon|u2\n|\n|t:|1700417328\n|start\n|switch|p1a: Quaggie|Quagsire, F|100\/100\n|switch|p2a: Garbodor|Garbodor, F|100\/100\n|turn|1\n|\n|t:|1700417368\n|move|p2a: Garbodor|Toxic Spikes|p1a: Quaggie\n|-sidestart|p1: Pain x Siggymon|move: Toxic Spikes\n|move|p1a: Quaggie|Stealth Rock|p2a: Garbodor\n|-sidestart|p2: Kevko92|move: Stealth Rock\n|\n|upkeep\n|turn|2\n|\n|t:|1700417379\n|move|p2a: Garbodor|Gunk Shot|p1a: Quaggie\n|-resisted|p1a: Quaggie\n|-damage|p1a: Quaggie|82\/100\n|move|p1a: Quaggie|Earth Power|p2a: Garbodor\n|-supereffective|p2a: Garbodor\n|-damage|p2a: Garbodor|55\/100\n|\n|-heal|p2a: Garbodor|61\/100|[from] item: Black Sludge\n|upkeep\n|turn|3\n|\n|t:|1700417389\n|switch|p2a: Arboliva|Arboliva, F|100\/100\n|-damage|p2a: Arboliva|88\/100|[from] Stealth Rock\n|move|p1a: Quaggie|Earth Power|p2a: Arboliva\n|-resisted|p2a: Arboliva\n|-damage|p2a: Arboliva|80\/100\n|-fieldstart|move: Grassy Terrain|[from] ability: Seed Sower|[of] p2a: Arboliva\n|\n|-heal|p2a: Arboliva|87\/100|[from] Grassy Terrain\n|-heal|p2a: Arboliva|93\/100|[from] item: Leftovers\n|-heal|p1a: Quaggie|88\/100|[from] Grassy Terrain\n|upkeep\n|turn|4\n|\n|t:|1700417437\n|switch|p1a: Chefkoch.de|Weezing-Galar, M|100\/100\n|move|p2a: Arboliva|Leech Seed|p1a: Chefkoch.de\n|-start|p1a: Chefkoch.de|move: Leech Seed\n|\n|-heal|p2a: Arboliva|99\/100|[from] Grassy Terrain\n|-heal|p2a: Arboliva|100\/100|[from] item: Leftovers\n|-damage|p1a: Chefkoch.de|88\/100|[from] Leech Seed|[of] p2a: Arboliva\n|upkeep\n|turn|5\n|\n|t:|1700417455\n|move|p1a: Chefkoch.de|Defog|p2a: Arboliva\n|-unboost|p2a: Arboliva|evasion|1\n|-sideend|p2: Kevko92|Stealth Rock|[from] move: Defog|[of] p1a: Chefkoch.de\n|-sideend|p1: Pain x Siggymon|Toxic Spikes|[from] move: Defog|[of] p1a: Chefkoch.de\n|-fieldend|move: Grassy Terrain\n|move|p2a: Arboliva|Hyper Voice|p1a: Chefkoch.de\n|-damage|p1a: Chefkoch.de|51\/100\n|\n|-heal|p1a: Chefkoch.de|57\/100|[from] item: Black Sludge\n|-damage|p1a: Chefkoch.de|45\/100|[from] Leech Seed|[of] p2a: Arboliva\n|upkeep\n|turn|6\n|\n|t:|1700417468\n|move|p1a: Chefkoch.de|Pain Split|p2a: Arboliva\n|-sethp|p2a: Arboliva|71\/100|[from] move: Pain Split|[silent]\n|-sethp|p1a: Chefkoch.de|77\/100|[from] move: Pain Split\n|move|p2a: Arboliva|Hyper Voice|p1a: Chefkoch.de\n|-damage|p1a: Chefkoch.de|42\/100\n|\n|-heal|p1a: Chefkoch.de|48\/100|[from] item: Black Sludge\n|-heal|p2a: Arboliva|77\/100|[from] item: Leftovers\n|-damage|p1a: Chefkoch.de|35\/100|[from] Leech Seed|[of] p2a: Arboliva\n|-heal|p2a: Arboliva|89\/100|[silent]\n|upkeep\n|turn|7\n|\n|t:|1700417499\n|switch|p1a: Schlooong|Dragonair, M, shiny|100\/100\n|move|p2a: Arboliva|Hyper Voice|p1a: Schlooong\n|-damage|p1a: Schlooong|76\/100\n|\n|-heal|p2a: Arboliva|95\/100|[from] item: Leftovers\n|upkeep\n|turn|8\n|\n|t:|1700417513\n|move|p1a: Schlooong|Toxic|p2a: Arboliva\n|-status|p2a: Arboliva|tox\n|move|p2a: Arboliva|Leech Seed|p1a: Schlooong\n|-start|p1a: Schlooong|move: Leech Seed\n|\n|-heal|p2a: Arboliva|100\/100 tox|[from] item: Leftovers\n|-damage|p1a: Schlooong|64\/100|[from] Leech Seed|[of] p2a: Arboliva\n|-damage|p2a: Arboliva|94\/100 tox|[from] psn\n|upkeep\n|turn|9\n|\n|t:|1700417543\n|move|p1a: Schlooong|Whirlpool|p2a: Arboliva\n|-resisted|p2a: Arboliva\n|-damage|p2a: Arboliva|92\/100 tox\n|-activate|p2a: Arboliva|move: Whirlpool|[of] p1a: Schlooong\n|-fieldstart|move: Grassy Terrain|[from] ability: Seed Sower|[of] p2a: Arboliva\n|move|p2a: Arboliva|Hyper Voice|p1a: Schlooong\n|-damage|p1a: Schlooong|39\/100\n|\n|-heal|p1a: Schlooong|45\/100|[from] Grassy Terrain\n|-heal|p2a: Arboliva|99\/100 tox|[from] Grassy Terrain\n|-heal|p2a: Arboliva|100\/100 tox|[from] item: Leftovers\n|-damage|p1a: Schlooong|33\/100|[from] Leech Seed|[of] p2a: Arboliva\n|-damage|p2a: Arboliva|88\/100 tox|[from] psn\n|-damage|p2a: Arboliva|76\/100 tox|[from] move: Whirlpool|[partiallytrapped]\n|upkeep\n|turn|10\n|\n|t:|1700417558\n|move|p1a: Schlooong|Rest|p1a: Schlooong\n|-status|p1a: Schlooong|slp|[from] move: Rest\n|-heal|p1a: Schlooong|100\/100 slp|[silent]\n|move|p2a: Arboliva|Hyper Voice|p1a: Schlooong\n|-damage|p1a: Schlooong|78\/100 slp\n|\n|-heal|p1a: Schlooong|84\/100 slp|[from] Grassy Terrain\n|-heal|p2a: Arboliva|82\/100 tox|[from] Grassy Terrain\n|-heal|p2a: Arboliva|88\/100 tox|[from] item: Leftovers\n|-damage|p1a: Schlooong|72\/100 slp|[from] Leech Seed|[of] p2a: Arboliva\n|-heal|p2a: Arboliva|99\/100 tox|[silent]\n|-damage|p2a: Arboliva|81\/100 tox|[from] psn\n|-damage|p2a: Arboliva|69\/100 tox|[from] move: Whirlpool|[partiallytrapped]\n|upkeep\n|turn|11\n|\n|t:|1700417575\n|cant|p1a: Schlooong|slp\n|move|p2a: Arboliva|Hyper Voice|p1a: Schlooong\n|-damage|p1a: Schlooong|48\/100 slp\n|\n|-heal|p1a: Schlooong|54\/100 slp|[from] Grassy Terrain\n|-heal|p2a: Arboliva|75\/100 tox|[from] Grassy Terrain\n|-heal|p2a: Arboliva|81\/100 tox|[from] item: Leftovers\n|-damage|p1a: Schlooong|42\/100 slp|[from] Leech Seed|[of] p2a: Arboliva\n|-heal|p2a: Arboliva|92\/100 tox|[silent]\n|-damage|p2a: Arboliva|68\/100 tox|[from] psn\n|-damage|p2a: Arboliva|55\/100 tox|[from] move: Whirlpool|[partiallytrapped]\n|upkeep\n|turn|12\n|\n|t:|1700417594\n|cant|p1a: Schlooong|slp\n|move|p2a: Arboliva|Hyper Voice|p1a: Schlooong\n|-damage|p1a: Schlooong|20\/100 slp\n|\n|-heal|p1a: Schlooong|26\/100 slp|[from] Grassy Terrain\n|-heal|p2a: Arboliva|62\/100 tox|[from] Grassy Terrain\n|-heal|p2a: Arboliva|68\/100 tox|[from] item: Leftovers\n|-damage|p1a: Schlooong|13\/100 slp|[from] Leech Seed|[of] p2a: Arboliva\n|-heal|p2a: Arboliva|79\/100 tox|[silent]\n|-damage|p2a: Arboliva|48\/100 tox|[from] psn\n|-damage|p2a: Arboliva|36\/100 tox|[from] move: Whirlpool|[partiallytrapped]\n|upkeep\n|turn|13\n|\n|t:|1700417605\n|-curestatus|p1a: Schlooong|slp|[msg]\n|move|p1a: Schlooong|Rest|p1a: Schlooong\n|-status|p1a: Schlooong|slp|[from] move: Rest\n|-heal|p1a: Schlooong|100\/100 slp|[silent]\n|move|p2a: Arboliva|Hyper Voice|p1a: Schlooong\n|-damage|p1a: Schlooong|76\/100 slp\n|\n|-heal|p1a: Schlooong|82\/100 slp|[from] Grassy Terrain\n|-heal|p2a: Arboliva|42\/100 tox|[from] Grassy Terrain\n|-heal|p2a: Arboliva|48\/100 tox|[from] item: Leftovers\n|-damage|p1a: Schlooong|70\/100 slp|[from] Leech Seed|[of] p2a: Arboliva\n|-heal|p2a: Arboliva|59\/100 tox|[silent]\n|-damage|p2a: Arboliva|23\/100 tox|[from] psn\n|-damage|p2a: Arboliva|10\/100 tox|[from] move: Whirlpool|[partiallytrapped]\n|-fieldend|move: Grassy Terrain\n|upkeep\n|turn|14\n|\n|t:|1700417659\n|switch|p1a: Quaggie|Quagsire, F|88\/100\n|move|p2a: Arboliva|Hyper Voice|p1a: Quaggie\n|-damage|p1a: Quaggie|57\/100\n|\n|-heal|p2a: Arboliva|16\/100 tox|[from] item: Leftovers\n|-damage|p2a: Arboliva|0 fnt|[from] psn\n|faint|p2a: Arboliva\n|upkeep\n|\n|t:|1700417668\n|switch|p2a: Greninja|Greninja, M|100\/100\n|turn|15\n|\n|t:|1700417852\n|move|p2a: Greninja|Grass Knot|p1a: Quaggie\n|-supereffective|p1a: Quaggie\n|-enditem|p1a: Quaggie|Rindo Berry|[eat]\n|-enditem|p1a: Quaggie|Rindo Berry|[weaken]\n|-damage|p1a: Quaggie|10\/100\n|move|p1a: Quaggie|Recover|p1a: Quaggie\n|-heal|p1a: Quaggie|60\/100\n|\n|upkeep\n|turn|16\n|\n|t:|1700417906\n|switch|p1a: Flip|Lokix, F, shiny|100\/100\n|move|p2a: Greninja|U-turn|p1a: Flip\n|-supereffective|p1a: Flip\n|-damage|p1a: Flip|47\/100\n|\n|t:|1700417920\n|switch|p2a: Garbodor|Garbodor, F|61\/100|[from] U-turn\n|\n|-heal|p2a: Garbodor|67\/100|[from] item: Black Sludge\n|upkeep\n|turn|17\n|\n|t:|1700418006\n|switch|p1a: LagerregaL|Farigiraf, F|100\/100\n|move|p2a: Garbodor|Gunk Shot|p1a: LagerregaL\n|-damage|p1a: LagerregaL|61\/100\n|\n|-heal|p1a: LagerregaL|67\/100|[from] item: Leftovers\n|-heal|p2a: Garbodor|74\/100|[from] item: Black Sludge\n|upkeep\n|turn|18\n|\n|t:|1700418027\n|switch|p2a: Eelektross|Eelektross, M|100\/100\n|move|p1a: LagerregaL|Agility|p1a: LagerregaL\n|-boost|p1a: LagerregaL|spe|2\n|\n|-heal|p1a: LagerregaL|73\/100|[from] item: Leftovers\n|upkeep\n|turn|19\n|\n|t:|1700418129\n|switch|p1a: Quaggie|Quagsire, F|60\/100\n|move|p2a: Eelektross|Knock Off|p1a: Quaggie\n|-damage|p1a: Quaggie|43\/100\n|\n|upkeep\n|turn|20\n|\n|t:|1700418142\n|switch|p2a: Greninja|Greninja, M|100\/100\n|move|p1a: Quaggie|Toxic|p2a: Greninja\n|-status|p2a: Greninja|tox\n|\n|-damage|p2a: Greninja|95\/100 tox|[from] psn\n|upkeep\n|turn|21\n|\n|t:|1700418165\n|switch|p1a: Saitama|Hitmonchan, M|100\/100\n|move|p2a: Greninja|Grass Knot|p1a: Saitama\n|-damage|p1a: Saitama|74\/100\n|\n|-damage|p2a: Greninja|83\/100 tox|[from] psn\n|upkeep\n|turn|22\n|\n|t:|1700418287\n|switch|p2a: Garbodor|Garbodor, F|74\/100\n|move|p1a: Saitama|Earthquake|p2a: Garbodor\n|-supereffective|p2a: Garbodor\n|-damage|p2a: Garbodor|18\/100\n|\n|-heal|p2a: Garbodor|24\/100|[from] item: Black Sludge\n|upkeep\n|turn|23\n|\n|t:|1700418347\n|move|p1a: Saitama|Earthquake|p2a: Garbodor\n|-supereffective|p2a: Garbodor\n|-damage|p2a: Garbodor|0 fnt\n|faint|p2a: Garbodor\n|\n|upkeep\n|\n|t:|1700418357\n|switch|p2a: Eelektross|Eelektross, M|100\/100\n|turn|24\n|\n|t:|1700418365\n|switch|p1a: Quaggie|Quagsire, F|43\/100\n|switch|p2a: Greninja|Greninja, M|83\/100 tox\n|\n|-damage|p2a: Greninja|77\/100 tox|[from] psn\n|upkeep\n|turn|25\n|\n|t:|1700418400\n|move|p2a: Greninja|Scald|p1a: Quaggie\n|-heal|p1a: Quaggie|68\/100|[from] ability: Water Absorb|[of] p2a: Greninja\n|move|p1a: Quaggie|Recover|p1a: Quaggie\n|-heal|p1a: Quaggie|100\/100\n|\n|-damage|p2a: Greninja|65\/100 tox|[from] psn\n|upkeep\n|turn|26\n|c|\u2606Kevko92|Perfekt xD\n|\n|t:|1700418508\n|switch|p1a: Saitama|Hitmonchan, M|74\/100\n|move|p2a: Greninja|U-turn|p1a: Saitama\n|-resisted|p1a: Saitama\n|-crit|p1a: Saitama\n|-damage|p1a: Saitama|59\/100\n|\n|t:|1700418518\n|switch|p2a: Regidrago|Regidrago|100\/100|[from] U-turn\n|\n|upkeep\n|turn|27\n|\n|t:|1700418660\n|move|p1a: Saitama|Drain Punch|p2a: Regidrago\n|-damage|p2a: Regidrago|55\/100\n|-heal|p1a: Saitama|100\/100|[from] drain|[of] p2a: Regidrago\n|move|p2a: Regidrago|Dragon Dance|p2a: Regidrago\n|-boost|p2a: Regidrago|atk|1\n|-boost|p2a: Regidrago|spe|1\n|\n|upkeep\n|turn|28\n|\n|t:|1700418683\n|move|p2a: Regidrago|Earthquake|p1a: Saitama\n|-damage|p1a: Saitama|33\/100\n|move|p1a: Saitama|Drain Punch|p2a: Regidrago\n|-damage|p2a: Regidrago|8\/100\n|-heal|p1a: Saitama|80\/100|[from] drain|[of] p2a: Regidrago\n|\n|upkeep\n|turn|29\n|\n|t:|1700418749\n|switch|p1a: Chefkoch.de|Weezing-Galar, M|35\/100\n|move|p2a: Regidrago|Dragon Claw|p1a: Chefkoch.de\n|-immune|p1a: Chefkoch.de\n|\n|-heal|p1a: Chefkoch.de|41\/100|[from] item: Black Sludge\n|upkeep\n|turn|30\n|\n|t:|1700418763\n|move|p2a: Regidrago|Facade|p1a: Chefkoch.de\n|-damage|p1a: Chefkoch.de|13\/100\n|move|p1a: Chefkoch.de|Strange Steam|p2a: Regidrago\n|-supereffective|p2a: Regidrago\n|-damage|p2a: Regidrago|0 fnt\n|faint|p2a: Regidrago\n|\n|-heal|p1a: Chefkoch.de|19\/100|[from] item: Black Sludge\n|upkeep\n|\n|t:|1700418768\n|switch|p2a: Camerupt|Camerupt, F|100\/100\n|turn|31\n|\n|t:|1700418777\n|detailschange|p2a: Camerupt|Camerupt-Mega, F\n|-mega|p2a: Camerupt|Camerupt|Cameruptite\n|move|p1a: Chefkoch.de|Pain Split|p2a: Camerupt\n|-sethp|p2a: Camerupt|60\/100|[from] move: Pain Split|[silent]\n|-sethp|p1a: Chefkoch.de|61\/100|[from] move: Pain Split\n|move|p2a: Camerupt|Lava Plume|p1a: Chefkoch.de\n|-damage|p1a: Chefkoch.de|0 fnt\n|faint|p1a: Chefkoch.de\n|\n|upkeep\n|\n|t:|1700418881\n|switch|p1a: Saitama|Hitmonchan, M|80\/100\n|turn|32\n|\n|t:|1700419106\n|move|p1a: Saitama|Earthquake|p2a: Camerupt\n|-supereffective|p2a: Camerupt\n|-damage|p2a: Camerupt|0 fnt\n|faint|p2a: Camerupt\n|\n|upkeep\n|c|\u2606Kevko92|Sry\n|\n|t:|1700419112\n|switch|p2a: Greninja|Greninja, M|65\/100 tox\n|turn|33\n|c|\u2606Pain x Siggymon|alles gut\n|\n|t:|1700419146\n|switch|p1a: Schlooong|Dragonair, M, shiny|70\/100 slp\n|move|p2a: Greninja|Grass Knot|p1a: Schlooong\n|-resisted|p1a: Schlooong\n|-damage|p1a: Schlooong|66\/100 slp\n|\n|-damage|p2a: Greninja|59\/100 tox|[from] psn\n|upkeep\n|turn|34\n|\n|t:|1700419164\n|move|p2a: Greninja|U-turn|p1a: Schlooong\n|-damage|p1a: Schlooong|52\/100 slp\n|\n|t:|1700419169\n|switch|p2a: Eelektross|Eelektross, M|100\/100|[from] U-turn\n|cant|p1a: Schlooong|slp\n|\n|upkeep\n|turn|35\n|\n|t:|1700419204\n|switch|p1a: Quaggie|Quagsire, F|100\/100\n|switch|p2a: Greninja|Greninja, M|59\/100 tox\n|\n|-damage|p2a: Greninja|53\/100 tox|[from] psn\n|upkeep\n|turn|36\n|\n|t:|1700419216\n|switch|p1a: Schlooong|Dragonair, M, shiny|52\/100 slp\n|move|p2a: Greninja|Grass Knot|p1a: Schlooong\n|-resisted|p1a: Schlooong\n|-damage|p1a: Schlooong|48\/100 slp\n|\n|-damage|p2a: Greninja|41\/100 tox|[from] psn\n|upkeep\n|turn|37\n|\n|t:|1700419229\n|move|p2a: Greninja|Dark Pulse|p1a: Schlooong\n|-damage|p1a: Schlooong|25\/100 slp\n|cant|p1a: Schlooong|slp\n|\n|-activate|p1a: Schlooong|ability: Shed Skin\n|-curestatus|p1a: Schlooong|slp|[msg]\n|-damage|p2a: Greninja|23\/100 tox|[from] psn\n|upkeep\n|turn|38\n|\n|t:|1700419283\n|move|p2a: Greninja|Grass Knot|p1a: Schlooong\n|-resisted|p1a: Schlooong\n|-damage|p1a: Schlooong|21\/100\n|move|p1a: Schlooong|Rest|p1a: Schlooong\n|-status|p1a: Schlooong|slp|[from] move: Rest\n|-heal|p1a: Schlooong|100\/100 slp|[silent]\n|\n|-damage|p2a: Greninja|0 fnt|[from] psn\n|faint|p2a: Greninja\n|upkeep\n|\n|t:|1700419286\n|switch|p2a: Eelektross|Eelektross, M|100\/100\n|turn|39\n|\n|t:|1700419295\n|switch|p1a: Quaggie|Quagsire, F|100\/100\n|move|p2a: Eelektross|Knock Off|p1a: Quaggie\n|-damage|p1a: Quaggie|85\/100\n|\n|upkeep\n|turn|40\n|\n|t:|1700419341\n|move|p2a: Eelektross|Knock Off|p1a: Quaggie\n|-damage|p1a: Quaggie|67\/100\n|move|p1a: Quaggie|Toxic|p2a: Eelektross\n|-status|p2a: Eelektross|tox\n|\n|-damage|p2a: Eelektross|94\/100 tox|[from] psn\n|upkeep\n|turn|41\n|\n|t:|1700419347\n|move|p2a: Eelektross|Flash Cannon|p1a: Quaggie\n|-resisted|p1a: Quaggie\n|-damage|p1a: Quaggie|59\/100\n|move|p1a: Quaggie|Stealth Rock|p2a: Eelektross\n|-sidestart|p2: Kevko92|move: Stealth Rock\n|\n|-damage|p2a: Eelektross|82\/100 tox|[from] psn\n|upkeep\n|turn|42\n|\n|t:|1700419354\n|move|p2a: Eelektross|Flash Cannon|p1a: Quaggie\n|-resisted|p1a: Quaggie\n|-damage|p1a: Quaggie|51\/100\n|move|p1a: Quaggie|Recover|p1a: Quaggie\n|-heal|p1a: Quaggie|100\/100\n|\n|-damage|p2a: Eelektross|64\/100 tox|[from] psn\n|upkeep\n|turn|43\n|\n|t:|1700419364\n|move|p2a: Eelektross|Flash Cannon|p1a: Quaggie\n|-resisted|p1a: Quaggie\n|-crit|p1a: Quaggie\n|-damage|p1a: Quaggie|89\/100\n|move|p1a: Quaggie|Earth Power|p2a: Eelektross\n|-immune|p2a: Eelektross|[from] ability: Levitate\n|\n|-damage|p2a: Eelektross|39\/100 tox|[from] psn\n|upkeep\n|turn|44\n|\n|t:|1700419372\n|move|p2a: Eelektross|Flash Cannon|p1a: Quaggie\n|-resisted|p1a: Quaggie\n|-damage|p1a: Quaggie|81\/100\n|move|p1a: Quaggie|Recover|p1a: Quaggie\n|-heal|p1a: Quaggie|100\/100\n|\n|-damage|p2a: Eelektross|8\/100 tox|[from] psn\n|upkeep\n|turn|45\n|c|\u2606Kevko92|Gg:D\n|\n|t:|1700419375\n|move|p2a: Eelektross|Flash Cannon|p1a: Quaggie\n|-resisted|p1a: Quaggie\n|-damage|p1a: Quaggie|93\/100\n|-unboost|p1a: Quaggie|spd|1\n|move|p1a: Quaggie|Recover|p1a: Quaggie\n|-heal|p1a: Quaggie|100\/100\n|\n|-damage|p2a: Eelektross|0 fnt|[from] psn\n|faint|p2a: Eelektross\n|\n|win|Pain x Siggymon\n|upkeep\n|c|\u2606Pain x Siggymon|gg\n|c|\u2606Pain x Siggymon|sry, wegehn toxic\n|c|\u2606Pain x Siggymon|aber der hatte sonst nix xD\n","uploadtime":1700419392,"views":31,"p1id":"painxsiggymon","p2id":"kevko92","formatid":"gen9nationaldexubers","rating":0,"private":0,"password":""}