{"id":"gen9nationaldexubers-1988214289","p1":"Hazza193959","p2":"LuxrayDown","format":"[Gen 9] National Dex Ubers","log":"|j|\u2606Hazza193959\n|j|\u2606LuxrayDown\n|t:|1699686716\n|gametype|singles\n|player|p1|Hazza193959|101|\n|player|p2|LuxrayDown|brassius|\n|teamsize|p1|6\n|teamsize|p2|6\n|gen|9\n|tier|[Gen 9] National Dex Ubers\n|rule|HP Percentage Mod: HP is shown in percentages\n|rule|Endless Battle Clause: Forcing endless battles is banned\n|rule|OHKO Clause: OHKO moves are banned\n|rule|Evasion Moves Clause: Evasion moves are banned\n|rule|Evasion Items Clause: Evasion items are banned\n|rule|Species Clause: Limit one of each Pok\u00e9mon\n|rule|Sleep Clause Mod: Limit one foe put to sleep\n|rule|Mega Rayquaza Clause: You cannot mega evolve Rayquaza\n|clearpoke\n|poke|p1|Dialga-Origin|\n|poke|p1|Rotom-Heat|\n|poke|p1|Lapras, F|\n|poke|p1|Chi-Yu|\n|poke|p1|Raichu, F|\n|poke|p1|Ting-Lu|\n|poke|p2|Zygarde|\n|poke|p2|Necrozma-Dusk-Mane|\n|poke|p2|Palkia-Origin|\n|poke|p2|Ditto|\n|poke|p2|Ribombee, F|\n|poke|p2|Grimmsnarl, M|\n|teampreview\n|c|\u2606LuxrayDown|it is time\n|\n|t:|1699686744\n|start\n|switch|p1a: Lukey|Rotom-Heat, shiny|100\/100\n|switch|p2a: uwu bee|Ribombee, F, shiny|100\/100\n|turn|1\n|\n|t:|1699686777\n|move|p2a: uwu bee|Sticky Web|p1a: Lukey\n|-sidestart|p1: Hazza193959|move: Sticky Web\n|move|p1a: Lukey|Sunny Day|p1a: Lukey\n|-weather|SunnyDay\n|\n|-weather|SunnyDay|[upkeep]\n|upkeep\n|turn|2\n|\n|t:|1699686787\n|move|p2a: uwu bee|U-turn|p1a: Lukey\n|-resisted|p1a: Lukey\n|-damage|p1a: Lukey|95\/100\n|\n|t:|1699686791\n|switch|p2a: HARRY|Grimmsnarl, M, shiny|100\/100|[from] U-turn\n|move|p1a: Lukey|Volt Switch|p2a: HARRY\n|-damage|p2a: HARRY|71\/100\n|\n|t:|1699686819\n|switch|p1a: Dialga|Dialga-Origin, shiny|100\/100|[from] Volt Switch\n|-activate|p1a: Dialga|move: Sticky Web\n|-unboost|p1a: Dialga|spe|1\n|-ability|p1a: Dialga|Pressure\n|\n|-weather|SunnyDay|[upkeep]\n|upkeep\n|turn|3\n|\n|t:|1699686858\n|move|p2a: HARRY|Light Screen|p2a: HARRY\n|-sidestart|p2: LuxrayDown|move: Light Screen\n|move|p1a: Dialga|Aura Sphere|p2a: HARRY\n|-damage|p2a: HARRY|55\/100\n|\n|-weather|SunnyDay|[upkeep]\n|upkeep\n|turn|4\n|\n|t:|1699686884\n|switch|p1a: Ting-Lu|Ting-Lu|100\/100\n|-activate|p1a: Ting-Lu|move: Sticky Web\n|-unboost|p1a: Ting-Lu|spe|1\n|-ability|p1a: Ting-Lu|Vessel of Ruin\n|move|p2a: HARRY|Reflect|p2a: HARRY\n|-sidestart|p2: LuxrayDown|Reflect\n|\n|-weather|SunnyDay|[upkeep]\n|upkeep\n|turn|5\n|\n|t:|1699686903\n|move|p2a: HARRY|Parting Shot|p1a: Ting-Lu\n|-hint|Since gen 7, Dark is immune to Prankster moves.\n|-immune|p1a: Ting-Lu\n|move|p1a: Ting-Lu|Earthquake|p2a: HARRY\n|-damage|p2a: HARRY|35\/100\n|\n|-weather|none\n|upkeep\n|turn|6\n|c|\u2606LuxrayDown|o h\n|\n|t:|1699686928\n|switch|p2a: #T3: CENTAUR|Palkia-Origin, shiny|100\/100\n|-ability|p2a: #T3: CENTAUR|Pressure\n|move|p1a: Ting-Lu|Earthquake|p2a: #T3: CENTAUR\n|-damage|p2a: #T3: CENTAUR|74\/100\n|\n|upkeep\n|turn|7\n|\n|t:|1699686945\n|move|p2a: #T3: CENTAUR|Hydro Pump|p1a: Ting-Lu\n|-supereffective|p1a: Ting-Lu\n|-damage|p1a: Ting-Lu|0 fnt\n|faint|p1a: Ting-Lu\n|\n|upkeep\n|\n|t:|1699686958\n|switch|p1a: Franky|Lapras, F, shiny|100\/100\n|-activate|p1a: Franky|move: Sticky Web\n|-unboost|p1a: Franky|spe|1\n|turn|8\n|\n|t:|1699686970\n|move|p2a: #T3: CENTAUR|Spacial Rend|p1a: Franky|[miss]\n|-miss|p2a: #T3: CENTAUR|p1a: Franky\n|move|p1a: Franky|Freeze-Dry|p2a: #T3: CENTAUR\n|-supereffective|p2a: #T3: CENTAUR\n|-damage|p2a: #T3: CENTAUR|15\/100\n|-status|p2a: #T3: CENTAUR|frz\n|\n|upkeep\n|turn|9\n|c|\u2606LuxrayDown|bruh\n|\n|t:|1699686982\n|cant|p2a: #T3: CENTAUR|frz\n|move|p1a: Franky|Freeze-Dry|p2a: #T3: CENTAUR\n|-supereffective|p2a: #T3: CENTAUR\n|-damage|p2a: #T3: CENTAUR|0 fnt\n|faint|p2a: #T3: CENTAUR\n|\n|upkeep\n|\n|t:|1699686987\n|switch|p2a: #T2: STEELION|Necrozma-Dusk-Mane, shiny|100\/100\n|turn|10\n|\n|t:|1699687035\n|switch|p1a: Dialga|Dialga-Origin, shiny|100\/100\n|-activate|p1a: Dialga|move: Sticky Web\n|-unboost|p1a: Dialga|spe|1\n|-ability|p1a: Dialga|Pressure\n|move|p2a: #T2: STEELION|Dragon Dance|p2a: #T2: STEELION\n|-boost|p2a: #T2: STEELION|atk|1\n|-boost|p2a: #T2: STEELION|spe|1\n|\n|-sideend|p2: LuxrayDown|move: Light Screen\n|upkeep\n|turn|11\n|\n|t:|1699687049\n|move|p2a: #T2: STEELION|Earthquake|p1a: Dialga\n|-supereffective|p1a: Dialga\n|-damage|p1a: Dialga|0 fnt\n|faint|p1a: Dialga\n|\n|-sideend|p2: LuxrayDown|Reflect\n|upkeep\n|\n|t:|1699687067\n|switch|p1a: Lukey|Rotom-Heat, shiny|95\/100\n|turn|12\n|\n|t:|1699687149\n|switch|p2a: HARRY|Grimmsnarl, M, shiny|35\/100\n|move|p1a: Lukey|Will-O-Wisp|p2a: HARRY\n|-status|p2a: HARRY|brn\n|\n|-heal|p1a: Lukey|100\/100|[from] item: Leftovers\n|-damage|p2a: HARRY|29\/100 brn|[from] brn\n|upkeep\n|turn|13\n|\n|t:|1699687175\n|move|p2a: HARRY|Light Screen|p2a: HARRY\n|-sidestart|p2: LuxrayDown|move: Light Screen\n|move|p1a: Lukey|Reflect|p1a: Lukey\n|-sidestart|p1: Hazza193959|Reflect\n|\n|-damage|p2a: HARRY|23\/100 brn|[from] brn\n|upkeep\n|turn|14\n|\n|t:|1699687182\n|move|p2a: HARRY|Taunt|p1a: Lukey\n|-start|p1a: Lukey|move: Taunt\n|move|p1a: Lukey|Volt Switch|p2a: HARRY\n|-damage|p2a: HARRY|8\/100 brn\n|\n|t:|1699687251\n|switch|p1a: Chi-Yu|Chi-Yu|100\/100|[from] Volt Switch\n|-ability|p1a: Chi-Yu|Beads of Ruin\n|\n|-damage|p2a: HARRY|2\/100 brn|[from] brn\n|upkeep\n|turn|15\n|\n|t:|1699687292\n|switch|p1a: Lukey|Rotom-Heat, shiny|100\/100\n|switch|p2a: #T1: DRACOBRA|Zygarde, shiny|100\/100\n|\n|upkeep\n|turn|16\n|\n|t:|1699687304\n|move|p1a: Lukey|Will-O-Wisp|p2a: #T1: DRACOBRA\n|-status|p2a: #T1: DRACOBRA|brn\n|move|p2a: #T1: DRACOBRA|Substitute|p2a: #T1: DRACOBRA\n|-start|p2a: #T1: DRACOBRA|Substitute\n|-damage|p2a: #T1: DRACOBRA|76\/100 brn\n|\n|-heal|p2a: #T1: DRACOBRA|82\/100 brn|[from] item: Leftovers\n|-damage|p2a: #T1: DRACOBRA|76\/100 brn|[from] brn\n|upkeep\n|turn|17\n|\n|t:|1699687361\n|switch|p1a: Franky|Lapras, F, shiny|100\/100\n|-activate|p1a: Franky|move: Sticky Web\n|-unboost|p1a: Franky|spe|1\n|move|p2a: #T1: DRACOBRA|Dragon Dance|p2a: #T1: DRACOBRA\n|-boost|p2a: #T1: DRACOBRA|atk|1\n|-boost|p2a: #T1: DRACOBRA|spe|1\n|\n|-heal|p2a: #T1: DRACOBRA|82\/100 brn|[from] item: Leftovers\n|-damage|p2a: #T1: DRACOBRA|76\/100 brn|[from] brn\n|-sideend|p1: Hazza193959|Reflect\n|upkeep\n|turn|18\n|\n|t:|1699687381\n|move|p2a: #T1: DRACOBRA|Outrage|p1a: Franky\n|-damage|p1a: Franky|60\/100\n|move|p1a: Franky|Ice Beam|p2a: #T1: DRACOBRA\n|-supereffective|p2a: #T1: DRACOBRA\n|-end|p2a: #T1: DRACOBRA|Substitute\n|\n|-heal|p2a: #T1: DRACOBRA|82\/100 brn|[from] item: Leftovers\n|-damage|p2a: #T1: DRACOBRA|76\/100 brn|[from] brn\n|upkeep\n|turn|19\n|\n|t:|1699687409\n|move|p2a: #T1: DRACOBRA|Outrage|p1a: Franky|[from]lockedmove\n|-damage|p1a: Franky|21\/100\n|move|p1a: Franky|Ice Beam|p2a: #T1: DRACOBRA\n|-supereffective|p2a: #T1: DRACOBRA\n|-damage|p2a: #T1: DRACOBRA|2\/100 brn\n|\n|-heal|p2a: #T1: DRACOBRA|8\/100 brn|[from] item: Leftovers\n|-damage|p2a: #T1: DRACOBRA|2\/100 brn|[from] brn\n|-activate|p2a: #T1: DRACOBRA|ability: Power Construct\n|detailschange|p2a: #T1: DRACOBRA|Zygarde-Complete, shiny\n|-heal|p2a: #T1: DRACOBRA|37\/100 brn|[silent]\n|upkeep\n|turn|20\n|\n|t:|1699687457\n|move|p2a: #T1: DRACOBRA|Outrage|p1a: Franky|[from]lockedmove\n|-damage|p1a: Franky|0 fnt\n|faint|p1a: Franky\n|-start|p2a: #T1: DRACOBRA|confusion|[fatigue]\n|\n|-heal|p2a: #T1: DRACOBRA|43\/100 brn|[from] item: Leftovers\n|-damage|p2a: #T1: DRACOBRA|37\/100 brn|[from] brn\n|-sideend|p2: LuxrayDown|move: Light Screen\n|upkeep\n|\n|t:|1699687474\n|switch|p1a: Vinny|Raichu, F, shiny|100\/100\n|-activate|p1a: Vinny|move: Sticky Web\n|-unboost|p1a: Vinny|spe|1\n|turn|21\n|\n|t:|1699687499\n|switch|p2a: #T2: STEELION|Necrozma-Dusk-Mane, shiny|100\/100\n|-terastallize|p1a: Vinny|Grass\n|move|p1a: Vinny|Hidden Power|p2a: #T2: STEELION\n|-resisted|p2a: #T2: STEELION\n|-damage|p2a: #T2: STEELION|93\/100\n|\n|upkeep\n|turn|22\n|\n|t:|1699687527\n|move|p2a: #T2: STEELION|Dragon Dance|p2a: #T2: STEELION\n|-boost|p2a: #T2: STEELION|atk|1\n|-boost|p2a: #T2: STEELION|spe|1\n|move|p1a: Vinny|Tera Blast|p2a: #T2: STEELION|[anim] Tera Blast Grass\n|-resisted|p2a: #T2: STEELION\n|-damage|p2a: #T2: STEELION|78\/100\n|\n|upkeep\n|turn|23\n|\n|t:|1699687561\n|switch|p1a: Lukey|Rotom-Heat, shiny|100\/100\n|move|p2a: #T2: STEELION|Dragon Dance|p2a: #T2: STEELION\n|-boost|p2a: #T2: STEELION|atk|1\n|-boost|p2a: #T2: STEELION|spe|1\n|\n|upkeep\n|turn|24\n|\n|t:|1699687569\n|move|p2a: #T2: STEELION|Photon Geyser|p1a: Lukey\n|-damage|p1a: Lukey|0 fnt\n|faint|p1a: Lukey\n|\n|upkeep\n|\n|t:|1699687576\n|switch|p1a: Chi-Yu|Chi-Yu|100\/100\n|-ability|p1a: Chi-Yu|Beads of Ruin\n|turn|25\n|\n|t:|1699687584\n|move|p2a: #T2: STEELION|Earthquake|p1a: Chi-Yu\n|-supereffective|p1a: Chi-Yu\n|-crit|p1a: Chi-Yu\n|-damage|p1a: Chi-Yu|0 fnt\n|faint|p1a: Chi-Yu\n|\n|upkeep\n|\n|t:|1699687590\n|switch|p1a: Vinny|Raichu, F, shiny, tera:Grass|100\/100\n|-activate|p1a: Vinny|move: Sticky Web\n|-unboost|p1a: Vinny|spe|1\n|turn|26\n|c|\u2606Hazza193959|ggs\n|\n|t:|1699687597\n|move|p2a: #T2: STEELION|Photon Geyser|p1a: Vinny\n|-damage|p1a: Vinny|0 fnt\n|faint|p1a: Vinny\n|\n|win|LuxrayDown\n|c|\u2606LuxrayDown|gg\n|l|\u2606Hazza193959\n","uploadtime":1699687634,"views":31,"p1id":"hazza193959","p2id":"luxraydown","formatid":"gen9nationaldexubers","rating":0,"private":0,"password":""}