{"id":"gen9nationaldexubers-1998623140","p1":"xikeso","p2":"jgoudyfvcc.edu","format":"[Gen 9] National Dex Ubers","log":"|j|\u2606xikeso\n|j|\u2606jgoudyfvcc.edu\n|t:|1700964227\n|gametype|singles\n|player|p1|xikeso|iono|1464\n|player|p2|jgoudyfvcc.edu|scientist-gen4dp|1375\n|teamsize|p1|6\n|teamsize|p2|6\n|gen|9\n|tier|[Gen 9] National Dex Ubers\n|rated|\n|rule|HP Percentage Mod: HP is shown in percentages\n|rule|Endless Battle Clause: Forcing endless battles is banned\n|rule|OHKO Clause: OHKO moves are banned\n|rule|Evasion Moves Clause: Evasion moves are banned\n|rule|Evasion Items Clause: Evasion items are banned\n|rule|Species Clause: Limit one of each Pok\u00e9mon\n|rule|Sleep Clause Mod: Limit one foe put to sleep\n|rule|Mega Rayquaza Clause: You cannot mega evolve Rayquaza\n|clearpoke\n|poke|p1|Yveltal|\n|poke|p1|Xerneas-*|\n|poke|p1|Ho-Oh|\n|poke|p1|Necrozma-Dusk-Mane|\n|poke|p1|Groudon|\n|poke|p1|Kyogre|\n|poke|p2|Ditto|\n|poke|p2|Aerodactyl, F|\n|poke|p2|Sableye, F|\n|poke|p2|Porygon2|\n|poke|p2|Venusaur, F|\n|poke|p2|Groudon|\n|teampreview\n|inactive|Battle timer is ON: inactive players will automatically lose when time's up. (requested by xikeso)\n|\n|t:|1700964239\n|start\n|switch|p1a: Groudon|Groudon, shiny|100\/100\n|switch|p2a: Groudon|Groudon|100\/100\n|detailschange|p1a: Groudon|Groudon-Primal, shiny\n|-primal|p1a: Groudon|Red Orb\n|-weather|DesolateLand|[from] ability: Desolate Land|[of] p1a: Groudon\n|detailschange|p2a: Groudon|Groudon-Primal\n|-primal|p2a: Groudon|Red Orb\n|turn|1\n|\n|t:|1700964253\n|switch|p1a: Yveltal|Yveltal|100\/100\n|-ability|p1a: Yveltal|Dark Aura\n|move|p2a: Groudon|Precipice Blades|p1a: Yveltal\n|-immune|p1a: Yveltal\n|\n|-weather|DesolateLand|[upkeep]\n|upkeep\n|turn|2\n|\n|t:|1700964263\n|move|p1a: Yveltal|Taunt|p2a: Groudon\n|-start|p2a: Groudon|move: Taunt\n|move|p2a: Groudon|Stone Edge|p1a: Yveltal\n|-supereffective|p1a: Yveltal\n|-damage|p1a: Yveltal|16\/100\n|\n|-weather|DesolateLand|[upkeep]\n|upkeep\n|turn|3\n|\n|t:|1700964274\n|move|p1a: Yveltal|Dark Pulse|p2a: Groudon\n|-damage|p2a: Groudon|49\/100\n|move|p2a: Groudon|Heat Crash|p1a: Yveltal\n|-damage|p1a: Yveltal|0 fnt\n|faint|p1a: Yveltal\n|\n|-weather|DesolateLand|[upkeep]\n|upkeep\n|\n|t:|1700964290\n|switch|p1a: Kyogre|Kyogre, shiny|100\/100\n|detailschange|p1a: Kyogre|Kyogre-Primal, shiny\n|-primal|p1a: Kyogre|Blue Orb\n|-weather|PrimordialSea|[from] ability: Primordial Sea|[of] p1a: Kyogre\n|turn|4\n|\n|t:|1700964297\n|switch|p2a: Porygon2|Porygon2|100\/100\n|-ability|p2a: Porygon2|Primordial Sea|[from] ability: Trace|[of] p1a: Kyogre\n|move|p1a: Kyogre|Water Spout|p2a: Porygon2\n|-damage|p2a: Porygon2|18\/100\n|\n|-weather|PrimordialSea|[upkeep]\n|upkeep\n|turn|5\n|\n|t:|1700964310\n|move|p1a: Kyogre|Scald|p2a: Porygon2\n|-damage|p2a: Porygon2|0 fnt\n|faint|p2a: Porygon2\n|\n|-weather|PrimordialSea|[upkeep]\n|upkeep\n|\n|t:|1700964315\n|switch|p2a: Venusaur|Venusaur, F|100\/100\n|turn|6\n|\n|t:|1700964326\n|-weather|none\n|switch|p1a: Necrozma|Necrozma-Dusk-Mane, shiny|100\/100\n|move|p2a: Venusaur|Giga Drain|p1a: Necrozma\n|-resisted|p1a: Necrozma\n|-damage|p1a: Necrozma|85\/100\n|\n|upkeep\n|turn|7\n|\n|t:|1700964339\n|-terastallize|p2a: Venusaur|Ground\n|move|p1a: Necrozma|Photon Geyser|p2a: Venusaur\n|-damage|p2a: Venusaur|29\/100\n|move|p2a: Venusaur|Earth Power|p1a: Necrozma\n|-supereffective|p1a: Necrozma\n|-damage|p1a: Necrozma|26\/100\n|\n|upkeep\n|turn|8\n|\n|t:|1700964351\n|switch|p2a: Sableye|Sableye, F|100\/100\n|move|p1a: Necrozma|Photon Geyser|p2a: Sableye\n|-immune|p2a: Sableye\n|\n|upkeep\n|turn|9\n|\n|t:|1700964364\n|switch|p1a: Groudon|Groudon-Primal, shiny|100\/100\n|-weather|DesolateLand|[from] ability: Desolate Land|[of] p1a: Groudon\n|move|p2a: Sableye|Foul Play|p1a: Groudon\n|-damage|p1a: Groudon|57\/100\n|\n|-weather|DesolateLand|[upkeep]\n|upkeep\n|turn|10\n|\n|t:|1700964372\n|move|p1a: Groudon|Heat Crash|p2a: Sableye\n|-damage|p2a: Sableye|0 fnt\n|faint|p2a: Sableye\n|\n|-weather|DesolateLand|[upkeep]\n|upkeep\n|\n|t:|1700964381\n|switch|p2a: Venusaur|Venusaur, F, tera:Ground|29\/100\n|turn|11\n|\n|t:|1700964385\n|move|p2a: Venusaur|Sleep Powder|p1a: Groudon\n|-status|p1a: Groudon|slp|[from] move: Sleep Powder\n|cant|p1a: Groudon|slp\n|\n|-weather|DesolateLand|[upkeep]\n|upkeep\n|turn|12\n|\n|t:|1700964392\n|-weather|none\n|switch|p1a: Necrozma|Necrozma-Dusk-Mane, shiny|26\/100\n|move|p2a: Venusaur|Earth Power|p1a: Necrozma\n|-supereffective|p1a: Necrozma\n|-damage|p1a: Necrozma|0 fnt\n|faint|p1a: Necrozma\n|\n|upkeep\n|\n|t:|1700964407\n|switch|p1a: Xerneas|Xerneas|100\/100\n|-ability|p1a: Xerneas|Fairy Aura\n|turn|13\n|\n|t:|1700964415\n|move|p1a: Xerneas|Moonblast|p2a: Venusaur\n|-damage|p2a: Venusaur|0 fnt\n|faint|p2a: Venusaur\n|\n|upkeep\n|\n|t:|1700964420\n|switch|p2a: Groudon|Groudon-Primal|49\/100\n|-weather|DesolateLand|[from] ability: Desolate Land|[of] p2a: Groudon\n|turn|14\n|\n|t:|1700964427\n|-terastallize|p1a: Xerneas|Fairy\n|move|p1a: Xerneas|Moonblast|p2a: Groudon\n|-resisted|p2a: Groudon\n|-damage|p2a: Groudon|0 fnt\n|faint|p2a: Groudon\n|-weather|none\n|\n|upkeep\n|\n|t:|1700964439\n|switch|p2a: Ditto|Ditto, shiny|100\/100\n|-transform|p2a: Ditto|p1a: Xerneas|[from] ability: Imposter\n|-ability|p2a: Ditto|Fairy Aura\n|turn|15\n|\n|t:|1700964447\n|switch|p1a: Groudon|Groudon-Primal, shiny|57\/100 slp\n|-weather|DesolateLand|[from] ability: Desolate Land|[of] p1a: Groudon\n|move|p2a: Ditto|Moonblast|p1a: Groudon\n|-resisted|p1a: Groudon\n|-damage|p1a: Groudon|15\/100 slp\n|-unboost|p1a: Groudon|spa|1\n|\n|-weather|DesolateLand|[upkeep]\n|upkeep\n|turn|16\n|-activate|p2a: Ditto|item: Quick Claw\n|\n|t:|1700964458\n|move|p2a: Ditto|Geomancy||[still]\n|-prepare|p2a: Ditto|Geomancy\n|cant|p1a: Groudon|slp\n|\n|-weather|DesolateLand|[upkeep]\n|upkeep\n|turn|17\n|\n|t:|1700964465\n|cant|p1a: Groudon|slp\n|move|p2a: Ditto|Geomancy|p2a: Ditto|[from]lockedmove\n|-boost|p2a: Ditto|spa|2\n|-boost|p2a: Ditto|spd|2\n|-boost|p2a: Ditto|spe|2\n|\n|-weather|DesolateLand|[upkeep]\n|upkeep\n|turn|18\n|\n|t:|1700964472\n|move|p2a: Ditto|Moonblast|p1a: Groudon\n|-resisted|p1a: Groudon\n|-damage|p1a: Groudon|0 fnt\n|faint|p1a: Groudon\n|-weather|none\n|\n|upkeep\n|\n|t:|1700964475\n|switch|p1a: Ho-Oh|Ho-Oh, shiny|100\/100\n|turn|19\n|\n|t:|1700964483\n|move|p2a: Ditto|Thunderbolt|p1a: Ho-Oh\n|-supereffective|p1a: Ho-Oh\n|-damage|p1a: Ho-Oh|29\/100\n|move|p1a: Ho-Oh|Whirlwind|p2a: Ditto\n|drag|p2a: Aerodactyl|Aerodactyl, F|100\/100\n|-ability|p2a: Aerodactyl|Pressure\n|\n|upkeep\n|turn|20\n|\n|t:|1700964499\n|detailschange|p2a: Aerodactyl|Aerodactyl-Mega, F\n|-mega|p2a: Aerodactyl|Aerodactyl|Aerodactylite\n|move|p2a: Aerodactyl|Dual Wingbeat|p1a: Ho-Oh|[miss]\n|-miss|p2a: Aerodactyl|p1a: Ho-Oh\n|move|p1a: Ho-Oh|Sacred Fire|p2a: Aerodactyl\n|-resisted|p2a: Aerodactyl\n|-damage|p2a: Aerodactyl|73\/100\n|\n|upkeep\n|turn|21\n|\n|t:|1700964509\n|move|p2a: Aerodactyl|Dual Wingbeat|p1a: Ho-Oh\n|-damage|p1a: Ho-Oh|10\/100\n|-damage|p1a: Ho-Oh|0 fnt\n|faint|p1a: Ho-Oh\n|-hitcount|p1: Ho-Oh|2\n|\n|upkeep\n|\n|t:|1700964515\n|switch|p1a: Kyogre|Kyogre-Primal, shiny|100\/100\n|-weather|PrimordialSea|[from] ability: Primordial Sea|[of] p1a: Kyogre\n|turn|22\n|\n|t:|1700964523\n|move|p2a: Aerodactyl|Dual Wingbeat|p1a: Kyogre\n|-damage|p1a: Kyogre|71\/100\n|-damage|p1a: Kyogre|38\/100\n|-hitcount|p1a: Kyogre|2\n|move|p1a: Kyogre|Scald|p2a: Aerodactyl\n|-supereffective|p2a: Aerodactyl\n|-damage|p2a: Aerodactyl|0 fnt\n|faint|p2a: Aerodactyl\n|\n|-weather|PrimordialSea|[upkeep]\n|upkeep\n|\n|t:|1700964532\n|switch|p2a: Ditto|Ditto, shiny|100\/100\n|-transform|p2a: Ditto|p1a: Kyogre|[from] ability: Imposter\n|turn|23\n|\n|t:|1700964539\n|move|p1a: Kyogre|Thunder|p2a: Ditto\n|-supereffective|p2a: Ditto\n|-damage|p2a: Ditto|18\/100\n|move|p2a: Ditto|Thunder|p1a: Kyogre\n|-supereffective|p1a: Kyogre\n|-damage|p1a: Kyogre|0 fnt\n|faint|p1a: Kyogre\n|\n|-weather|PrimordialSea|[upkeep]\n|upkeep\n|\n|t:|1700964544\n|switch|p1a: Xerneas|Xerneas, tera:Fairy|100\/100\n|-ability|p1a: Xerneas|Fairy Aura\n|turn|24\n|-activate|p2a: Ditto|item: Quick Claw\n|\n|t:|1700964552\n|move|p2a: Ditto|Thunder|p1a: Xerneas\n|-damage|p1a: Xerneas|54\/100\n|move|p1a: Xerneas|Moonblast|p2a: Ditto\n|-damage|p2a: Ditto|0 fnt\n|faint|p2a: Ditto\n|-weather|none\n|\n|win|xikeso\n|raw|xikeso's rating: 1464 &rarr; <strong>1479<\/strong><br \/>(+15 for winning)\n|raw|jgoudyfvcc.edu's rating: 1375 &rarr; <strong>1360<\/strong><br \/>(-15 for losing)\n|l|\u2606jgoudyfvcc.edu\n","uploadtime":1700964568,"views":6,"p1id":"xikeso","p2id":"jgoudyfvccedu","formatid":"gen9nationaldexubers","rating":1360,"private":0,"password":""}