{"id":"gen9nationaldexubers-1998491806","p1":"yelseWVAL","p2":"Hatster401","format":"[Gen 9] National Dex Ubers","log":"|j|\u2606yelseWVAL\n|j|\u2606Hatster401\n|t:|1700948390\n|gametype|singles\n|player|p1|yelseWVAL|101|\n|player|p2|Hatster401|rocketgruntf|\n|teamsize|p1|6\n|teamsize|p2|6\n|gen|9\n|tier|[Gen 9] National Dex Ubers\n|rule|HP Percentage Mod: HP is shown in percentages\n|rule|Endless Battle Clause: Forcing endless battles is banned\n|rule|OHKO Clause: OHKO moves are banned\n|rule|Evasion Moves Clause: Evasion moves are banned\n|rule|Evasion Items Clause: Evasion items are banned\n|rule|Species Clause: Limit one of each Pok\u00e9mon\n|rule|Sleep Clause Mod: Limit one foe put to sleep\n|rule|Mega Rayquaza Clause: You cannot mega evolve Rayquaza\n|clearpoke\n|poke|p1|Mewtwo|\n|poke|p1|Corviknight, M|\n|poke|p1|Flutter Mane|\n|poke|p1|Reshiram|\n|poke|p1|Absol, F|\n|poke|p1|Zeraora|\n|poke|p2|Lunala|\n|poke|p2|Zygarde|\n|poke|p2|Scizor, M|\n|poke|p2|Zarude|\n|poke|p2|Heatran, F|\n|poke|p2|Slowbro, M|\n|teampreview\n|c|\u2606yelseWVAL|Gl hf!\n|c|\u2606Hatster401|glhf\n|\n|t:|1700948472\n|start\n|switch|p1a: Reshiram|Reshiram|100\/100\n|switch|p2a: Lunala|Lunala|100\/100\n|-ability|p1a: Reshiram|Turboblaze\n|turn|1\n|\n|t:|1700948487\n|move|p2a: Lunala|Moongeist Beam|p1a: Reshiram\n|-damage|p1a: Reshiram|66\/100\n|move|p1a: Reshiram|Earth Power|p2a: Lunala\n|-damage|p2a: Lunala|85\/100\n|-unboost|p2a: Lunala|spd|1\n|\n|upkeep\n|turn|2\n|\n|t:|1700948546\n|switch|p2a: Slowbro|Slowbro, M|100\/100\n|move|p1a: Reshiram|Draco Meteor|p2a: Slowbro\n|-damage|p2a: Slowbro|11\/100\n|-unboost|p1a: Reshiram|spa|2\n|\n|upkeep\n|turn|3\n|\n|t:|1700948557\n|move|p1a: Reshiram|Draco Meteor|p2a: Slowbro\n|-damage|p2a: Slowbro|0 fnt\n|-unboost|p1a: Reshiram|spa|2\n|faint|p2a: Slowbro\n|\n|upkeep\n|\n|t:|1700948590\n|switch|p2a: Zygarde|Zygarde|100\/100\n|turn|4\n|\n|t:|1700948598\n|switch|p1a: Flutter Mane|Flutter Mane|100\/100\n|move|p2a: Zygarde|Thousand Arrows|p1a: Flutter Mane\n|-damage|p1a: Flutter Mane|14\/100\n|\n|upkeep\n|turn|5\n|\n|t:|1700948620\n|switch|p2a: Heatran|Heatran, F|100\/100\n|move|p1a: Flutter Mane|Moonblast|p2a: Heatran\n|-resisted|p2a: Heatran\n|-damage|p2a: Heatran|80\/100\n|\n|-heal|p2a: Heatran|86\/100|[from] item: Leftovers\n|upkeep\n|turn|6\n|\n|t:|1700948639\n|-end|p1a: Flutter Mane|Protosynthesis|[silent]\n|switch|p1a: Mewtwo|Mewtwo|100\/100\n|-ability|p1a: Mewtwo|Pressure\n|move|p2a: Heatran|Stealth Rock|p1a: Mewtwo\n|-sidestart|p1: yelseWVAL|move: Stealth Rock\n|\n|-heal|p2a: Heatran|92\/100|[from] item: Leftovers\n|upkeep\n|turn|7\n|\n|t:|1700948654\n|switch|p2a: Lunala|Lunala|85\/100\n|detailschange|p1a: Mewtwo|Mewtwo-Mega-X\n|-mega|p1a: Mewtwo|Mewtwo|Mewtwonite X\n|move|p1a: Mewtwo|Knock Off|p2a: Lunala\n|-supereffective|p2a: Lunala\n|-damage|p2a: Lunala|0 fnt\n|-enditem|p2a: Lunala|Choice Scarf|[from] move: Knock Off|[of] p1a: Mewtwo\n|faint|p2a: Lunala\n|\n|upkeep\n|\n|t:|1700948682\n|switch|p2a: Zarude|Zarude|100\/100\n|turn|8\n|\n|t:|1700948691\n|move|p2a: Zarude|Darkest Lariat|p1a: Mewtwo\n|-damage|p1a: Mewtwo|59\/100\n|move|p1a: Mewtwo|Drain Punch|p2a: Zarude\n|-supereffective|p2a: Zarude\n|-damage|p2a: Zarude|2\/100\n|-heal|p1a: Mewtwo|100\/100|[from] drain|[of] p2a: Zarude\n|\n|upkeep\n|turn|9\n|\n|t:|1700948703\n|move|p2a: Zarude|Darkest Lariat|p1a: Mewtwo\n|-crit|p1a: Mewtwo\n|-damage|p1a: Mewtwo|34\/100\n|move|p1a: Mewtwo|Knock Off|p2a: Zarude\n|-resisted|p2a: Zarude\n|-damage|p2a: Zarude|0 fnt\n|-enditem|p2a: Zarude|Choice Scarf|[from] move: Knock Off|[of] p1a: Mewtwo\n|faint|p2a: Zarude\n|\n|upkeep\n|\n|t:|1700948722\n|switch|p2a: Scizor|Scizor, M|100\/100\n|turn|10\n|\n|t:|1700948734\n|detailschange|p2a: Scizor|Scizor-Mega, M\n|-mega|p2a: Scizor|Scizor|Scizorite\n|move|p1a: Mewtwo|Drain Punch|p2a: Scizor\n|-damage|p2a: Scizor|64\/100\n|-heal|p1a: Mewtwo|52\/100|[from] drain|[of] p2a: Scizor\n|move|p2a: Scizor|Swords Dance|p2a: Scizor\n|-boost|p2a: Scizor|atk|2\n|\n|upkeep\n|turn|11\n|\n|t:|1700948746\n|move|p2a: Scizor|Bullet Punch|p1a: Mewtwo\n|-damage|p1a: Mewtwo|0 fnt\n|faint|p1a: Mewtwo\n|\n|upkeep\n|\n|t:|1700948757\n|switch|p1a: Reshiram|Reshiram|66\/100\n|-damage|p1a: Reshiram|41\/100|[from] Stealth Rock\n|-ability|p1a: Reshiram|Turboblaze\n|turn|12\n|\n|t:|1700948794\n|switch|p2a: Heatran|Heatran, F|92\/100\n|move|p1a: Reshiram|Draco Meteor|p2a: Heatran\n|-resisted|p2a: Heatran\n|-damage|p2a: Heatran|53\/100\n|-unboost|p1a: Reshiram|spa|2\n|\n|-heal|p2a: Heatran|59\/100|[from] item: Leftovers\n|upkeep\n|turn|13\n|\n|t:|1700948811\n|switch|p1a: Zeraora|Zeraora|100\/100\n|-damage|p1a: Zeraora|88\/100|[from] Stealth Rock\n|move|p2a: Heatran|Earth Power|p1a: Zeraora\n|-supereffective|p1a: Zeraora\n|-damage|p1a: Zeraora|4\/100\n|\n|-heal|p2a: Heatran|65\/100|[from] item: Leftovers\n|upkeep\n|turn|14\n|\n|t:|1700948839\n|switch|p2a: Zygarde|Zygarde|100\/100\n|move|p1a: Zeraora|Play Rough|p2a: Zygarde\n|-supereffective|p2a: Zygarde\n|-damage|p2a: Zygarde|35\/100\n|-unboost|p2a: Zygarde|atk|1\n|\n|-heal|p2a: Zygarde|41\/100|[from] item: Leftovers\n|-activate|p2a: Zygarde|ability: Power Construct\n|detailschange|p2a: Zygarde|Zygarde-Complete\n|-heal|p2a: Zygarde|63\/100|[silent]\n|upkeep\n|turn|15\n|\n|t:|1700948875\n|move|p1a: Zeraora|Play Rough|p2a: Zygarde\n|-supereffective|p2a: Zygarde\n|-damage|p2a: Zygarde|21\/100\n|move|p2a: Zygarde|Substitute|p2a: Zygarde\n|-fail|p2a: Zygarde|move: Substitute|[weak]\n|\n|-heal|p2a: Zygarde|27\/100|[from] item: Leftovers\n|upkeep\n|turn|16\n|\n|t:|1700948894\n|switch|p2a: Heatran|Heatran, F|65\/100\n|move|p1a: Zeraora|Play Rough|p2a: Heatran\n|-resisted|p2a: Heatran\n|-damage|p2a: Heatran|54\/100\n|\n|-heal|p2a: Heatran|60\/100|[from] item: Leftovers\n|upkeep\n|turn|17\n|\n|t:|1700948906\n|move|p1a: Zeraora|Play Rough|p2a: Heatran\n|-resisted|p2a: Heatran\n|-damage|p2a: Heatran|48\/100\n|move|p2a: Heatran|Magma Storm|p1a: Zeraora\n|-damage|p1a: Zeraora|0 fnt\n|faint|p1a: Zeraora\n|\n|-heal|p2a: Heatran|55\/100|[from] item: Leftovers\n|upkeep\n|\n|t:|1700948934\n|switch|p1a: Reshiram|Reshiram|41\/100\n|-damage|p1a: Reshiram|16\/100|[from] Stealth Rock\n|-ability|p1a: Reshiram|Turboblaze\n|turn|18\n|\n|t:|1700948948\n|move|p1a: Reshiram|Earth Power|p2a: Heatran\n|-supereffective|p2a: Heatran\n|-damage|p2a: Heatran|0 fnt\n|faint|p2a: Heatran\n|\n|upkeep\n|\n|t:|1700948966\n|switch|p2a: Zygarde|Zygarde-Complete|27\/100\n|turn|19\n|\n|t:|1700948971\n|move|p1a: Reshiram|Draco Meteor|p2a: Zygarde\n|-supereffective|p2a: Zygarde\n|-damage|p2a: Zygarde|0 fnt\n|-unboost|p1a: Reshiram|spa|2\n|faint|p2a: Zygarde\n|\n|upkeep\n|\n|t:|1700948976\n|switch|p2a: Scizor|Scizor-Mega, M|64\/100\n|turn|20\n|\n|t:|1700948993\n|move|p1a: Reshiram|Flamethrower|p2a: Scizor\n|-supereffective|p2a: Scizor\n|-damage|p2a: Scizor|0 fnt\n|faint|p2a: Scizor\n|\n|win|yelseWVAL\n|c|\u2606Hatster401|gg\n|c|\u2606yelseWVAL|gg\n|l|\u2606yelseWVAL\n","uploadtime":1700949002,"views":29,"p1id":"yelsewval","p2id":"hatster401","formatid":"gen9nationaldexubers","rating":0,"private":0,"password":""}