{"id":"gen9nationaldexubers-1988469030","p1":"Welcometoearth420","p2":"Certified E Kitten","format":"[Gen 9] National Dex Ubers","log":"|j|\u2606Welcometoearth420\n|j|\u2606Certified E Kitten\n|t:|1699726233\n|gametype|singles\n|player|p1|Welcometoearth420|169|1457\n|player|p2|Certified E Kitten|wallace|1450\n|teamsize|p1|6\n|teamsize|p2|6\n|gen|9\n|tier|[Gen 9] National Dex Ubers\n|rated|\n|rule|HP Percentage Mod: HP is shown in percentages\n|rule|Endless Battle Clause: Forcing endless battles is banned\n|rule|OHKO Clause: OHKO moves are banned\n|rule|Evasion Moves Clause: Evasion moves are banned\n|rule|Evasion Items Clause: Evasion items are banned\n|rule|Species Clause: Limit one of each Pok\u00e9mon\n|rule|Sleep Clause Mod: Limit one foe put to sleep\n|rule|Mega Rayquaza Clause: You cannot mega evolve Rayquaza\n|clearpoke\n|poke|p1|Groudon|\n|poke|p1|Aegislash, M|\n|poke|p1|Eternatus|\n|poke|p1|Deoxys-Attack|\n|poke|p1|Arceus|\n|poke|p1|Ho-Oh|\n|poke|p2|Diancie|\n|poke|p2|Garganacl, M|\n|poke|p2|Glimmora, M|\n|poke|p2|Kleavor, M|\n|poke|p2|Terrakion|\n|poke|p2|Lycanroc-Dusk, M|\n|teampreview\n|inactive|Battle timer is ON: inactive players will automatically lose when time's up. (requested by Certified E Kitten)\n|\n|t:|1699726242\n|start\n|switch|p1a: Groudon|Groudon|100\/100\n|switch|p2a: Beheading Video|Kleavor, M|100\/100\n|detailschange|p1a: Groudon|Groudon-Primal\n|-primal|p1a: Groudon|Red Orb\n|-weather|DesolateLand|[from] ability: Desolate Land|[of] p1a: Groudon\n|turn|1\n|\n|t:|1699726247\n|move|p2a: Beheading Video|Stone Axe|p1a: Groudon\n|-damage|p1a: Groudon|72\/100\n|-sidestart|p1: Welcometoearth420|move: Stealth Rock\n|move|p1a: Groudon|Toxic|p2a: Beheading Video|[miss]\n|-miss|p1a: Groudon|p2a: Beheading Video\n|\n|-weather|DesolateLand|[upkeep]\n|upkeep\n|turn|2\n|\n|t:|1699726252\n|move|p2a: Beheading Video|Stone Axe|p1a: Groudon\n|-damage|p1a: Groudon|41\/100\n|move|p1a: Groudon|Toxic|p2a: Beheading Video\n|-status|p2a: Beheading Video|tox\n|\n|-weather|DesolateLand|[upkeep]\n|-damage|p2a: Beheading Video|94\/100 tox|[from] psn\n|upkeep\n|turn|3\n|\n|t:|1699726256\n|move|p2a: Beheading Video|Stone Axe|p1a: Groudon\n|-damage|p1a: Groudon|10\/100\n|move|p1a: Groudon|Spikes|p2a: Beheading Video\n|-sidestart|p2: Certified E Kitten|Spikes\n|\n|-weather|DesolateLand|[upkeep]\n|-damage|p2a: Beheading Video|82\/100 tox|[from] psn\n|upkeep\n|turn|4\n|\n|t:|1699726258\n|move|p2a: Beheading Video|Stone Axe|p1a: Groudon\n|-damage|p1a: Groudon|0 fnt\n|faint|p1a: Groudon\n|-weather|none\n|\n|-damage|p2a: Beheading Video|64\/100 tox|[from] psn\n|upkeep\n|\n|t:|1699726261\n|switch|p1a: Aegislash|Aegislash, M|100\/100\n|-damage|p1a: Aegislash|94\/100|[from] Stealth Rock\n|turn|5\n|\n|t:|1699726265\n|switch|p2a: Dodge RAM 1500|Terrakion|100\/100\n|-damage|p2a: Dodge RAM 1500|88\/100|[from] Spikes\n|move|p1a: Aegislash|Swords Dance|p1a: Aegislash\n|-boost|p1a: Aegislash|atk|2\n|\n|-heal|p1a: Aegislash|100\/100|[from] item: Leftovers\n|upkeep\n|turn|6\n|\n|t:|1699726270\n|move|p2a: Dodge RAM 1500|Earthquake|p1a: Aegislash\n|-supereffective|p1a: Aegislash\n|-damage|p1a: Aegislash|44\/100\n|-formechange|p1a: Aegislash|Aegislash-Blade||[from] ability: Stance Change\n|move|p1a: Aegislash|Iron Head|p2a: Dodge RAM 1500\n|-supereffective|p2a: Dodge RAM 1500\n|-damage|p2a: Dodge RAM 1500|0 fnt\n|faint|p2a: Dodge RAM 1500\n|\n|-heal|p1a: Aegislash|50\/100|[from] item: Leftovers\n|upkeep\n|\n|t:|1699726274\n|switch|p2a: Trans Wrongs|Diancie|100\/100\n|-damage|p2a: Trans Wrongs|88\/100|[from] Spikes\n|turn|7\n|\n|t:|1699726277\n|detailschange|p2a: Trans Wrongs|Diancie-Mega\n|-mega|p2a: Trans Wrongs|Diancie|Diancite\n|-formechange|p1a: Aegislash|Aegislash||[from] ability: Stance Change\n|move|p1a: Aegislash|King's Shield|p1a: Aegislash\n|-singleturn|p1a: Aegislash|Protect\n|move|p2a: Trans Wrongs|Mystical Fire|p1a: Aegislash\n|-activate|p1a: Aegislash|move: Protect\n|\n|-heal|p1a: Aegislash|56\/100|[from] item: Leftovers\n|upkeep\n|turn|8\n|\n|t:|1699726281\n|move|p2a: Trans Wrongs|Earth Power|p1a: Aegislash\n|-supereffective|p1a: Aegislash\n|-damage|p1a: Aegislash|4\/100\n|-formechange|p1a: Aegislash|Aegislash-Blade||[from] ability: Stance Change\n|move|p1a: Aegislash|Iron Head|p2a: Trans Wrongs\n|-supereffective|p2a: Trans Wrongs\n|-damage|p2a: Trans Wrongs|0 fnt\n|faint|p2a: Trans Wrongs\n|\n|-heal|p1a: Aegislash|10\/100|[from] item: Leftovers\n|upkeep\n|\n|t:|1699726286\n|switch|p2a: Dwayne|Garganacl, M|100\/100\n|-damage|p2a: Dwayne|88\/100|[from] Spikes\n|turn|9\n|\n|t:|1699726292\n|-terastallize|p2a: Dwayne|Ghost\n|move|p1a: Aegislash|Iron Head|p2a: Dwayne\n|-damage|p2a: Dwayne|42\/100\n|cant|p2a: Dwayne|flinch\n|\n|-heal|p1a: Aegislash|16\/100|[from] item: Leftovers\n|-heal|p2a: Dwayne|48\/100|[from] item: Leftovers\n|upkeep\n|turn|10\n|-message|Certified E Kitten forfeited.\n|\n|win|Welcometoearth420\n|raw|Welcometoearth420's rating: 1457 &rarr; <strong>1477<\/strong><br \/>(+20 for winning)\n|raw|Certified E Kitten's rating: 1450 &rarr; <strong>1430<\/strong><br \/>(-20 for losing)\n|l|\u2606Certified E Kitten\n","uploadtime":1699726301,"views":4,"p1id":"welcometoearth420","p2id":"certifiedekitten","formatid":"gen9nationaldexubers","rating":1430,"private":0,"password":""}