{"id":"gen9nationaldexubers-1994722564","p1":"omegashenronone","p2":"Bright_Little_Crow","format":"[Gen 9] National Dex Ubers","log":"|j|\u2606omegashenronone\n|j|\u2606Bright_Little_Crow\n|t:|1700485779\n|gametype|singles\n|player|p1|omegashenronone|hugh|\n|player|p2|Bright_Little_Crow|veteranf|\n|teamsize|p1|6\n|teamsize|p2|6\n|gen|9\n|tier|[Gen 9] National Dex Ubers\n|rule|HP Percentage Mod: HP is shown in percentages\n|rule|Endless Battle Clause: Forcing endless battles is banned\n|rule|OHKO Clause: OHKO moves are banned\n|rule|Evasion Moves Clause: Evasion moves are banned\n|rule|Evasion Items Clause: Evasion items are banned\n|rule|Species Clause: Limit one of each Pok\u00e9mon\n|rule|Sleep Clause Mod: Limit one foe put to sleep\n|rule|Mega Rayquaza Clause: You cannot mega evolve Rayquaza\n|clearpoke\n|poke|p1|Blaziken, F|\n|poke|p1|Serperior, F|\n|poke|p1|Skeledirge, F|\n|poke|p1|Greninja-*, F|\n|poke|p1|Swampert, F|\n|poke|p1|Rillaboom, M|\n|poke|p2|Corviknight, F|\n|poke|p2|Milotic, M|\n|poke|p2|Dragapult, M|\n|poke|p2|Gardevoir, M|\n|poke|p2|Coalossal, M|\n|poke|p2|Grafaiai, F|\n|teampreview\n|inactive|Battle timer is ON: inactive players will automatically lose when time's up. (requested by omegashenronone)\n|\n|t:|1700485791\n|start\n|switch|p1a: Greninja|Greninja, F|100\/100\n|switch|p2a: Dragapult|Dragapult, M|100\/100\n|turn|1\n|\n|t:|1700485819\n|switch|p2a: Gardevoir|Gardevoir, M|100\/100\n|-ability|p2a: Gardevoir|Protean|[from] ability: Trace|[of] p1a: Greninja\n|switch|p1a: Rillaboom|Rillaboom, M|100\/100\n|-fieldstart|move: Grassy Terrain|[from] ability: Grassy Surge|[of] p1a: Rillaboom\n|-enditem|p1a: Rillaboom|Grassy Seed\n|-boost|p1a: Rillaboom|def|1|[from] item: Grassy Seed\n|\n|upkeep\n|turn|2\n|c|\u2606omegashenronone|Ive figured out the perfect strat\n|inactive|Bright_Little_Crow has 270 seconds left.\n|\n|t:|1700485844\n|-terastallize|p1a: Rillaboom|Grass\n|move|p1a: Rillaboom|Grassy Glide|p2a: Gardevoir\n|-crit|p2a: Gardevoir\n|-damage|p2a: Gardevoir|0 fnt\n|faint|p2a: Gardevoir\n|\n|upkeep\n|\n|t:|1700485852\n|switch|p2a: Kurama|Corviknight, F|100\/100\n|turn|3\n|inactive|Bright_Little_Crow has 270 seconds left.\n|\n|t:|1700485866\n|switch|p1a: Skeledirge|Skeledirge, F|100\/100\n|move|p2a: Kurama|Bulk Up|p2a: Kurama\n|-boost|p2a: Kurama|atk|1\n|-boost|p2a: Kurama|def|1\n|\n|upkeep\n|turn|4\n|inactive|Bright_Little_Crow has 270 seconds left.\n|c|\u2606Bright_Little_Crow|Really, this is why I hate your encounters\n|\n|t:|1700485882\n|move|p2a: Kurama|Brave Bird|p1a: Skeledirge\n|-damage|p1a: Skeledirge|56\/100\n|-damage|p2a: Kurama|85\/100|[from] Recoil\n|move|p1a: Skeledirge|Will-O-Wisp|p2a: Kurama|[miss]\n|-miss|p1a: Skeledirge|p2a: Kurama\n|\n|-heal|p2a: Kurama|91\/100|[from] item: Leftovers\n|-heal|p1a: Skeledirge|62\/100|[from] Grassy Terrain\n|upkeep\n|turn|5\n|inactive|Bright_Little_Crow has 270 seconds left.\n|\n|t:|1700485895\n|move|p2a: Kurama|Brave Bird|p1a: Skeledirge\n|-damage|p1a: Skeledirge|18\/100\n|-enditem|p1a: Skeledirge|Sitrus Berry|[eat]\n|-heal|p1a: Skeledirge|43\/100|[from] item: Sitrus Berry\n|-damage|p2a: Kurama|77\/100|[from] Recoil\n|move|p1a: Skeledirge|Slack Off|p1a: Skeledirge\n|-heal|p1a: Skeledirge|93\/100\n|\n|-heal|p2a: Kurama|83\/100|[from] item: Leftovers\n|-heal|p1a: Skeledirge|99\/100|[from] Grassy Terrain\n|-fieldend|move: Grassy Terrain\n|upkeep\n|turn|6\n|inactive|Bright_Little_Crow has 270 seconds left.\n|\n|t:|1700485908\n|move|p2a: Kurama|Bulk Up|p2a: Kurama\n|-boost|p2a: Kurama|atk|1\n|-boost|p2a: Kurama|def|1\n|move|p1a: Skeledirge|Will-O-Wisp|p2a: Kurama|[miss]\n|-miss|p1a: Skeledirge|p2a: Kurama\n|\n|-heal|p2a: Kurama|89\/100|[from] item: Leftovers\n|upkeep\n|turn|7\n|inactive|Bright_Little_Crow has 270 seconds left.\n|c|\u2606omegashenronone|Bruh\n|c|\u2606omegashenronone|I keep on missing my 90% move\n|\n|t:|1700485927\n|move|p2a: Kurama|Brave Bird|p1a: Skeledirge\n|-damage|p1a: Skeledirge|55\/100\n|-damage|p2a: Kurama|73\/100|[from] Recoil\n|move|p1a: Skeledirge|Will-O-Wisp|p2a: Kurama\n|-status|p2a: Kurama|brn\n|\n|-heal|p2a: Kurama|79\/100 brn|[from] item: Leftovers\n|-damage|p2a: Kurama|73\/100 brn|[from] brn\n|upkeep\n|turn|8\n|inactive|Bright_Little_Crow has 270 seconds left.\n|\n|t:|1700485941\n|move|p2a: Kurama|Brave Bird|p1a: Skeledirge\n|-damage|p1a: Skeledirge|34\/100\n|-damage|p2a: Kurama|66\/100 brn|[from] Recoil\n|move|p1a: Skeledirge|Torch Song|p2a: Kurama\n|-supereffective|p2a: Kurama\n|-damage|p2a: Kurama|6\/100 brn\n|-boost|p1a: Skeledirge|spa|1\n|\n|-heal|p2a: Kurama|12\/100 brn|[from] item: Leftovers\n|-damage|p2a: Kurama|6\/100 brn|[from] brn\n|upkeep\n|turn|9\n|c|\u2606omegashenronone|Finally\n|inactive|Bright_Little_Crow has 270 seconds left.\n|\n|t:|1700485955\n|move|p2a: Kurama|Brave Bird|p1a: Skeledirge\n|-damage|p1a: Skeledirge|11\/100\n|-damage|p2a: Kurama|0 fnt|[from] Recoil\n|faint|p2a: Kurama\n|move|p1a: Skeledirge|Slack Off|p1a: Skeledirge\n|-heal|p1a: Skeledirge|61\/100\n|\n|upkeep\n|inactive|Bright_Little_Crow has 270 seconds left.\n|c|\u2606omegashenronone|Btw\n|c|\u2606omegashenronone|I had the unaware ability\n|c|\u2606omegashenronone|Boosting your stats didnt matter\n|\n|t:|1700485980\n|switch|p2a: Milotic|Milotic, M|100\/100\n|turn|10\n|\n|t:|1700485989\n|move|p2a: Milotic|Surf|p1a: Skeledirge\n|-supereffective|p1a: Skeledirge\n|-damage|p1a: Skeledirge|0 fnt\n|faint|p1a: Skeledirge\n|\n|upkeep\n|\n|t:|1700486001\n|switch|p1a: Serperior|Serperior, F|100\/100\n|turn|11\n|inactive|Bright_Little_Crow has 270 seconds left.\n|\n|t:|1700486008\n|switch|p2a: Coalossal|Coalossal, M|100\/100\n|move|p1a: Serperior|Leaf Storm|p2a: Coalossal\n|-damage|p2a: Coalossal|68\/100\n|-boost|p1a: Serperior|spa|2\n|\n|upkeep\n|turn|12\n|inactive|Bright_Little_Crow has 270 seconds left.\n|\n|t:|1700486033\n|switch|p1a: Swampert|Swampert, F|100\/100\n|move|p2a: Coalossal|Burn Up|p1a: Swampert\n|-resisted|p1a: Swampert\n|-damage|p1a: Swampert|85\/100\n|-start|p2a: Coalossal|typechange|Rock\/???|[from] move: Burn Up\n|\n|upkeep\n|turn|13\n|inactive|Bright_Little_Crow has 270 seconds left.\n|\n|t:|1700486044\n|switch|p2a: Milotic|Milotic, M|100\/100\n|move|p1a: Swampert|Earthquake|p2a: Milotic\n|-damage|p2a: Milotic|32\/100\n|\n|upkeep\n|turn|14\n|inactive|Bright_Little_Crow has 270 seconds left.\n|\n|t:|1700486057\n|switch|p1a: Rillaboom|Rillaboom, M, tera:Grass|100\/100\n|-fieldstart|move: Grassy Terrain|[from] ability: Grassy Surge|[of] p1a: Rillaboom\n|move|p2a: Milotic|Dragon Pulse|p1a: Rillaboom\n|-damage|p1a: Rillaboom|55\/100\n|\n|-heal|p1a: Rillaboom|61\/100|[from] Grassy Terrain\n|-heal|p2a: Milotic|38\/100|[from] Grassy Terrain\n|upkeep\n|turn|15\n|inactive|Bright_Little_Crow has 270 seconds left.\n|inactive|Bright_Little_Crow has 240 seconds left.\n|\n|t:|1700486107\n|move|p1a: Rillaboom|Grassy Glide|p2a: Milotic\n|-supereffective|p2a: Milotic\n|-damage|p2a: Milotic|0 fnt\n|faint|p2a: Milotic\n|\n|-heal|p1a: Rillaboom|68\/100|[from] Grassy Terrain\n|upkeep\n|\n|t:|1700486115\n|switch|p2a: Grafaiai|Grafaiai, F|100\/100\n|turn|16\n|\n|t:|1700486119\n|switch|p1a: Greninja|Greninja, F|100\/100\n|move|p2a: Grafaiai|Toxic|p1a: Greninja\n|-hint|Since gen 7, Dark is immune to Prankster moves.\n|-immune|p1a: Greninja\n|\n|upkeep\n|turn|17\n|\n|t:|1700486128\n|move|p2a: Grafaiai|Parting Shot|p1a: Greninja\n|-hint|Since gen 7, Dark is immune to Prankster moves.\n|-immune|p1a: Greninja\n|move|p1a: Greninja|Dark Pulse|p2a: Grafaiai\n|-start|p1a: Greninja|typechange|Dark|[from] ability: Protean\n|-damage|p2a: Grafaiai|59\/100\n|\n|-heal|p2a: Grafaiai|65\/100|[from] Grassy Terrain\n|-heal|p2a: Grafaiai|71\/100|[from] item: Leftovers\n|upkeep\n|turn|18\n|\n|t:|1700486143\n|switch|p2a: Coalossal|Coalossal, M|68\/100\n|move|p1a: Greninja|Dark Pulse|p2a: Coalossal\n|-damage|p2a: Coalossal|41\/100\n|\n|-heal|p2a: Coalossal|47\/100|[from] Grassy Terrain\n|-fieldend|move: Grassy Terrain\n|upkeep\n|turn|19\n|\n|t:|1700486152\n|move|p1a: Greninja|Scald|p2a: Coalossal\n|-supereffective|p2a: Coalossal\n|-damage|p2a: Coalossal|0 fnt\n|faint|p2a: Coalossal\n|\n|upkeep\n|\n|t:|1700486158\n|switch|p2a: Dragapult|Dragapult, M|100\/100\n|turn|20\n|\n|t:|1700486165\n|switch|p1a: Blaziken|Blaziken, F|100\/100\n|move|p2a: Dragapult|Dragon Rush|p1a: Blaziken\n|-damage|p1a: Blaziken|34\/100\n|\n|upkeep\n|turn|21\n|inactive|Bright_Little_Crow has 270 seconds left.\n|\n|t:|1700486173\n|move|p1a: Blaziken|Protect|p1a: Blaziken\n|-singleturn|p1a: Blaziken|Protect\n|move|p2a: Dragapult|Phantom Force||[still]\n|-prepare|p2a: Dragapult|Phantom Force\n|\n|-ability|p1a: Blaziken|Speed Boost|boost\n|-boost|p1a: Blaziken|spe|1\n|upkeep\n|turn|22\n|\n|t:|1700486184\n|switch|p1a: Rillaboom|Rillaboom, M, tera:Grass|68\/100\n|-fieldstart|move: Grassy Terrain|[from] ability: Grassy Surge|[of] p1a: Rillaboom\n|move|p2a: Dragapult|Phantom Force|p1a: Rillaboom|[from]lockedmove\n|-damage|p1a: Rillaboom|25\/100\n|\n|-heal|p1a: Rillaboom|31\/100|[from] Grassy Terrain\n|upkeep\n|turn|23\n|inactive|Bright_Little_Crow has 270 seconds left.\n|\n|t:|1700486201\n|move|p1a: Rillaboom|Grassy Glide|p2a: Dragapult\n|-resisted|p2a: Dragapult\n|-damage|p2a: Dragapult|67\/100\n|move|p2a: Dragapult|Shadow Ball|p1a: Rillaboom\n|-damage|p1a: Rillaboom|0 fnt\n|faint|p1a: Rillaboom\n|\n|-heal|p2a: Dragapult|73\/100|[from] Grassy Terrain\n|upkeep\n|\n|t:|1700486209\n|switch|p1a: Serperior|Serperior, F|100\/100\n|turn|24\n|inactive|Bright_Little_Crow has 270 seconds left.\n|\n|t:|1700486224\n|move|p2a: Dragapult|Phantom Force||[still]\n|-prepare|p2a: Dragapult|Phantom Force\n|move|p1a: Serperior|Glare|p2a: Dragapult|[miss]\n|-miss|p1a: Serperior|p2a: Dragapult\n|\n|upkeep\n|turn|25\n|\n|t:|1700486230\n|move|p2a: Dragapult|Phantom Force|p1a: Serperior|[from]lockedmove\n|-damage|p1a: Serperior|46\/100\n|move|p1a: Serperior|Glare|p2a: Dragapult\n|-status|p2a: Dragapult|par\n|\n|-heal|p1a: Serperior|52\/100|[from] Grassy Terrain\n|-heal|p2a: Dragapult|79\/100 par|[from] Grassy Terrain\n|upkeep\n|turn|26\n|inactive|Bright_Little_Crow has 270 seconds left.\n|\n|t:|1700486257\n|move|p1a: Serperior|Leaf Storm|p2a: Dragapult\n|-resisted|p2a: Dragapult\n|-damage|p2a: Dragapult|27\/100 par\n|-boost|p1a: Serperior|spa|2\n|move|p2a: Dragapult|Dragon Rush|p1a: Serperior|[miss]\n|-miss|p2a: Dragapult|p1a: Serperior\n|\n|-heal|p1a: Serperior|58\/100|[from] Grassy Terrain\n|-heal|p2a: Dragapult|33\/100 par|[from] Grassy Terrain\n|-fieldend|move: Grassy Terrain\n|upkeep\n|turn|27\n|\n|t:|1700486269\n|switch|p2a: Grafaiai|Grafaiai, F|71\/100\n|move|p1a: Serperior|Leaf Storm|p2a: Grafaiai\n|-resisted|p2a: Grafaiai\n|-damage|p2a: Grafaiai|17\/100\n|-boost|p1a: Serperior|spa|2\n|\n|-heal|p2a: Grafaiai|23\/100|[from] item: Leftovers\n|upkeep\n|turn|28\n|\n|t:|1700486280\n|move|p2a: Grafaiai|Protect|p2a: Grafaiai\n|-singleturn|p2a: Grafaiai|Protect\n|move|p1a: Serperior|Dragon Pulse|p2a: Grafaiai\n|-activate|p2a: Grafaiai|move: Protect\n|\n|-heal|p2a: Grafaiai|29\/100|[from] item: Leftovers\n|upkeep\n|turn|29\n|\n|t:|1700486288\n|move|p2a: Grafaiai|Toxic|p1a: Serperior\n|-status|p1a: Serperior|tox\n|move|p1a: Serperior|Glare|p2a: Grafaiai\n|-status|p2a: Grafaiai|par\n|\n|-heal|p2a: Grafaiai|35\/100 par|[from] item: Leftovers\n|-damage|p1a: Serperior|52\/100 tox|[from] psn\n|upkeep\n|turn|30\n|inactive|Bright_Little_Crow has 270 seconds left.\n|\n|t:|1700486298\n|move|p2a: Grafaiai|Protect|p2a: Grafaiai\n|-singleturn|p2a: Grafaiai|Protect\n|move|p1a: Serperior|Dragon Pulse|p2a: Grafaiai\n|-activate|p2a: Grafaiai|move: Protect\n|\n|-heal|p2a: Grafaiai|41\/100 par|[from] item: Leftovers\n|-damage|p1a: Serperior|40\/100 tox|[from] psn\n|upkeep\n|turn|31\n|\n|t:|1700486308\n|move|p2a: Grafaiai|Substitute|p2a: Grafaiai\n|-start|p2a: Grafaiai|Substitute\n|-damage|p2a: Grafaiai|16\/100 par\n|move|p1a: Serperior|Dragon Pulse|p2a: Grafaiai\n|-end|p2a: Grafaiai|Substitute\n|\n|-heal|p2a: Grafaiai|22\/100 par|[from] item: Leftovers\n|-damage|p1a: Serperior|21\/100 tox|[from] psn\n|upkeep\n|turn|32\n|\n|t:|1700486318\n|move|p2a: Grafaiai|Protect|p2a: Grafaiai\n|-singleturn|p2a: Grafaiai|Protect\n|move|p1a: Serperior|Dragon Pulse|p2a: Grafaiai\n|-activate|p2a: Grafaiai|move: Protect\n|\n|-heal|p2a: Grafaiai|28\/100 par|[from] item: Leftovers\n|-damage|p1a: Serperior|0 fnt|[from] psn\n|faint|p1a: Serperior\n|upkeep\n|\n|t:|1700486323\n|switch|p1a: Blaziken|Blaziken, F|34\/100\n|turn|33\n|\n|t:|1700486331\n|move|p2a: Grafaiai|Protect||[still]\n|-fail|p2a: Grafaiai\n|move|p1a: Blaziken|Protect||[still]\n|-fail|p1a: Blaziken\n|\n|-heal|p2a: Grafaiai|34\/100 par|[from] item: Leftovers\n|-ability|p1a: Blaziken|Speed Boost|boost\n|-boost|p1a: Blaziken|spe|1\n|upkeep\n|turn|34\n|\n|t:|1700486340\n|move|p1a: Blaziken|Protect|p1a: Blaziken\n|-singleturn|p1a: Blaziken|Protect\n|move|p2a: Grafaiai|Toxic|p1a: Blaziken\n|-activate|p1a: Blaziken|move: Protect\n|\n|-heal|p2a: Grafaiai|40\/100 par|[from] item: Leftovers\n|-ability|p1a: Blaziken|Speed Boost|boost\n|-boost|p1a: Blaziken|spe|1\n|upkeep\n|turn|35\n|\n|t:|1700486350\n|move|p2a: Grafaiai|Toxic|p1a: Blaziken\n|-status|p1a: Blaziken|tox\n|move|p1a: Blaziken|Close Combat|p2a: Grafaiai\n|-damage|p2a: Grafaiai|0 fnt\n|-unboost|p1a: Blaziken|def|1\n|-unboost|p1a: Blaziken|spd|1\n|-enditem|p1a: Blaziken|White Herb\n|-clearnegativeboost|p1a: Blaziken|[silent]\n|faint|p2a: Grafaiai\n|\n|-damage|p1a: Blaziken|28\/100 tox|[from] psn\n|-ability|p1a: Blaziken|Speed Boost|boost\n|-boost|p1a: Blaziken|spe|1\n|upkeep\n|\n|t:|1700486363\n|switch|p2a: Dragapult|Dragapult, M|33\/100 par\n|turn|36\n|\n|t:|1700486367\n|move|p1a: Blaziken|Flare Blitz|p2a: Dragapult\n|-resisted|p2a: Dragapult\n|-damage|p2a: Dragapult|0 fnt\n|faint|p2a: Dragapult\n|-damage|p1a: Blaziken|16\/100 tox|[from] Recoil\n|\n|win|omegashenronone\n","uploadtime":1700486375,"views":10,"p1id":"omegashenronone","p2id":"brightlittlecrow","formatid":"gen9nationaldexubers","rating":0,"private":0,"password":""}