{"id":"gen9nationaldexubers-1992069932","p1":"Mk120","p2":"Azzzulli","format":"[Gen 9] National Dex Ubers","log":"|j|\u2606Mk120\n|j|\u2606Azzzulli\n|t:|1700152544\n|gametype|singles\n|player|p1|Mk120|youngster-gen4dp|1205\n|player|p2|Azzzulli|fisherman-gen4|1121\n|teamsize|p1|6\n|teamsize|p2|6\n|gen|9\n|tier|[Gen 9] National Dex Ubers\n|rated|\n|rule|HP Percentage Mod: HP is shown in percentages\n|rule|Endless Battle Clause: Forcing endless battles is banned\n|rule|OHKO Clause: OHKO moves are banned\n|rule|Evasion Moves Clause: Evasion moves are banned\n|rule|Evasion Items Clause: Evasion items are banned\n|rule|Species Clause: Limit one of each Pok\u00e9mon\n|rule|Sleep Clause Mod: Limit one foe put to sleep\n|rule|Mega Rayquaza Clause: You cannot mega evolve Rayquaza\n|clearpoke\n|poke|p1|Dialga|\n|poke|p1|Palkia|\n|poke|p1|Giratina-Origin|\n|poke|p1|Arceus|\n|poke|p1|Darkrai|\n|poke|p1|Shaymin-Sky|\n|poke|p2|Rillaboom, M|\n|poke|p2|Obstagoon, M|\n|poke|p2|Toxtricity, M|\n|poke|p2|Excadrill, M|\n|poke|p2|Aegislash, M|\n|poke|p2|Kommo-o, M|\n|teampreview\n|\n|t:|1700152551\n|start\n|switch|p1a: Palkia|Palkia|100\/100\n|switch|p2a: Pedro|Obstagoon, M, shiny|100\/100\n|-ability|p1a: Palkia|Pressure\n|turn|1\n|\n|t:|1700152560\n|move|p1a: Palkia|Spacial Rend|p2a: Pedro\n|-damage|p2a: Pedro|9\/100\n|move|p2a: Pedro|Knock Off|p1a: Palkia\n|-damage|p1a: Palkia|57\/100\n|-enditem|p1a: Palkia|Lustrous Orb|[from] move: Knock Off|[of] p2a: Pedro\n|\n|-status|p2a: Pedro|brn|[from] item: Flame Orb\n|upkeep\n|turn|2\n|\n|t:|1700152571\n|move|p1a: Palkia|Flamethrower|p2a: Pedro\n|-damage|p2a: Pedro|0 fnt\n|faint|p2a: Pedro\n|\n|upkeep\n|\n|t:|1700152593\n|switch|p2a: Tox|Toxtricity, M, shiny|100\/100\n|turn|3\n|\n|t:|1700152602\n|move|p1a: Palkia|Hydro Pump|p2a: Tox\n|-damage|p2a: Tox|4\/100\n|move|p2a: Tox|Shift Gear|p2a: Tox\n|-boost|p2a: Tox|spe|2\n|-boost|p2a: Tox|atk|1\n|\n|upkeep\n|turn|4\n|\n|t:|1700152611\n|move|p2a: Tox|Overdrive|p1a: Palkia\n|-damage|p1a: Palkia|8\/100\n|-enditem|p2a: Tox|Throat Spray\n|-boost|p2a: Tox|spa|1|[from] item: Throat Spray\n|move|p1a: Palkia|Flamethrower|p2a: Tox\n|-damage|p2a: Tox|0 fnt\n|faint|p2a: Tox\n|\n|upkeep\n|\n|t:|1700152628\n|switch|p2a: Roland|Aegislash, M|100\/100\n|turn|5\n|\n|t:|1700152632\n|-formechange|p2a: Roland|Aegislash-Blade||[from] ability: Stance Change\n|move|p2a: Roland|Shadow Sneak|p1a: Palkia\n|-damage|p1a: Palkia|0 fnt\n|faint|p1a: Palkia\n|\n|upkeep\n|\n|t:|1700152639\n|switch|p1a: Giratina|Giratina-Origin|100\/100\n|turn|6\n|\n|t:|1700152648\n|-formechange|p2a: Roland|Aegislash||[from] ability: Stance Change\n|move|p2a: Roland|King's Shield|p2a: Roland\n|-singleturn|p2a: Roland|Protect\n|move|p1a: Giratina|Tailwind|p1a: Giratina\n|-sidestart|p1: Mk120|move: Tailwind\n|\n|upkeep\n|turn|7\n|\n|t:|1700152657\n|move|p1a: Giratina|Shadow Ball|p2a: Roland\n|-supereffective|p2a: Roland\n|-damage|p2a: Roland|4\/100\n|-enditem|p2a: Roland|Weakness Policy\n|-boost|p2a: Roland|atk|2|[from] item: Weakness Policy\n|-boost|p2a: Roland|spa|2|[from] item: Weakness Policy\n|move|p2a: Roland|Swords Dance|p2a: Roland\n|-boost|p2a: Roland|atk|2\n|\n|upkeep\n|turn|8\n|\n|t:|1700152666\n|-formechange|p2a: Roland|Aegislash-Blade||[from] ability: Stance Change\n|move|p2a: Roland|Shadow Sneak|p1a: Giratina\n|-supereffective|p1a: Giratina\n|-damage|p1a: Giratina|3\/100\n|move|p1a: Giratina|Shadow Ball|p2a: Roland\n|-supereffective|p2a: Roland\n|-damage|p2a: Roland|0 fnt\n|faint|p2a: Roland\n|\n|upkeep\n|\n|t:|1700152673\n|switch|p2a: Baterilla|Rillaboom, M, shiny|100\/100\n|-fieldstart|move: Grassy Terrain|[from] ability: Grassy Surge|[of] p2a: Baterilla\n|-enditem|p2a: Baterilla|Grassy Seed\n|-boost|p2a: Baterilla|def|1|[from] item: Grassy Seed\n|turn|9\n|\n|t:|1700152681\n|move|p2a: Baterilla|Grassy Glide|p1a: Giratina\n|-resisted|p1a: Giratina\n|-damage|p1a: Giratina|0 fnt\n|faint|p1a: Giratina\n|\n|-sideend|p1: Mk120|move: Tailwind\n|upkeep\n|\n|t:|1700152686\n|switch|p1a: Shaymin|Shaymin-Sky|100\/100\n|turn|10\n|\n|t:|1700152692\n|move|p1a: Shaymin|Air Slash|p2a: Baterilla\n|-supereffective|p2a: Baterilla\n|-crit|p2a: Baterilla\n|-damage|p2a: Baterilla|0 fnt\n|faint|p2a: Baterilla\n|-damage|p1a: Shaymin|91\/100|[from] item: Life Orb\n|\n|upkeep\n|\n|t:|1700152695\n|switch|p2a: Drew|Excadrill, M|100\/100\n|turn|11\n|\n|t:|1700152701\n|move|p1a: Shaymin|Earth Power|p2a: Drew\n|-supereffective|p2a: Drew\n|-enditem|p2a: Drew|Focus Sash\n|-damage|p2a: Drew|1\/100\n|-damage|p1a: Shaymin|81\/100|[from] item: Life Orb\n|move|p2a: Drew|Rock Tomb|p1a: Shaymin\n|-supereffective|p1a: Shaymin\n|-damage|p1a: Shaymin|17\/100\n|-unboost|p1a: Shaymin|spe|1\n|\n|-heal|p2a: Drew|7\/100|[from] Grassy Terrain\n|upkeep\n|turn|12\n|\n|t:|1700152714\n|move|p2a: Drew|Rock Tomb|p1a: Shaymin\n|-supereffective|p1a: Shaymin\n|-damage|p1a: Shaymin|0 fnt\n|faint|p1a: Shaymin\n|\n|-heal|p2a: Drew|13\/100|[from] Grassy Terrain\n|upkeep\n|\n|t:|1700152721\n|switch|p1a: Darkrai|Darkrai|100\/100\n|turn|13\n|\n|t:|1700152726\n|move|p1a: Darkrai|Shadow Ball|p2a: Drew\n|-damage|p2a: Drew|0 fnt\n|faint|p2a: Drew\n|\n|-fieldend|move: Grassy Terrain\n|upkeep\n|\n|t:|1700152729\n|switch|p2a: Clango'oul|Kommo-o, M|100\/100\n|turn|14\n|\n|t:|1700152734\n|move|p1a: Darkrai|Hypnosis|p2a: Clango'oul|[miss]\n|-miss|p1a: Darkrai|p2a: Clango'oul\n|move|p2a: Clango'oul|Clangorous Soul|p2a: Clango'oul\n|-boost|p2a: Clango'oul|atk|1\n|-boost|p2a: Clango'oul|def|1\n|-boost|p2a: Clango'oul|spa|1\n|-boost|p2a: Clango'oul|spd|1\n|-boost|p2a: Clango'oul|spe|1\n|-damage|p2a: Clango'oul|68\/100\n|-enditem|p2a: Clango'oul|Throat Spray\n|-boost|p2a: Clango'oul|spa|1|[from] item: Throat Spray\n|\n|upkeep\n|turn|15\n|\n|t:|1700152745\n|move|p2a: Clango'oul|Drain Punch|p1a: Darkrai\n|-supereffective|p1a: Darkrai\n|-damage|p1a: Darkrai|0 fnt\n|-heal|p2a: Clango'oul|100\/100|[from] drain|[of] p1a: Darkrai\n|faint|p1a: Darkrai\n|\n|upkeep\n|\n|t:|1700152752\n|switch|p1a: Arceus|Arceus|100\/100\n|turn|16\n|\n|t:|1700152759\n|-terastallize|p2a: Clango'oul|Normal\n|-terastallize|p1a: Arceus|Normal\n|move|p2a: Clango'oul|Boomburst|p1a: Arceus\n|-damage|p1a: Arceus|27\/100\n|move|p1a: Arceus|Giga Impact|p2a: Clango'oul\n|-damage|p2a: Clango'oul|35\/100\n|-mustrecharge|p1a: Arceus\n|\n|upkeep\n|turn|17\n|\n|t:|1700152770\n|move|p2a: Clango'oul|Drain Punch|p1a: Arceus\n|-supereffective|p1a: Arceus\n|-damage|p1a: Arceus|0 fnt\n|-heal|p2a: Clango'oul|55\/100|[from] drain|[of] p1a: Arceus\n|faint|p1a: Arceus\n|\n|upkeep\n|\n|t:|1700152776\n|switch|p1a: Dialga|Dialga|100\/100\n|-ability|p1a: Dialga|Pressure\n|turn|18\n|\n|t:|1700152785\n|move|p2a: Clango'oul|Drain Punch|p1a: Dialga\n|-supereffective|p1a: Dialga\n|-damage|p1a: Dialga|26\/100\n|-heal|p2a: Clango'oul|99\/100|[from] drain|[of] p1a: Dialga\n|move|p1a: Dialga|Aura Sphere|p2a: Clango'oul\n|-immune|p2a: Clango'oul|[from] ability: Bulletproof\n|\n|upkeep\n|turn|19\n|\n|t:|1700152794\n|move|p2a: Clango'oul|Drain Punch|p1a: Dialga\n|-supereffective|p1a: Dialga\n|-damage|p1a: Dialga|0 fnt\n|-heal|p2a: Clango'oul|100\/100|[from] drain|[of] p1a: Dialga\n|faint|p1a: Dialga\n|\n|win|Azzzulli\n|raw|Mk120's rating: 1205 &rarr; <strong>1174<\/strong><br \/>(-31 for losing)\n|raw|Azzzulli's rating: 1121 &rarr; <strong>1152<\/strong><br \/>(+31 for winning)\n|l|\u2606Mk120\n","uploadtime":1700152820,"views":15,"p1id":"mk120","p2id":"azzzulli","formatid":"gen9nationaldexubers","rating":1152,"private":0,"password":""}