{"id":"gen9nationaldexubers-1979640540","p1":"aquiles meo","p2":"Guess what I","format":"[Gen 9] National Dex Ubers","log":"|j|\u2606aquiles meo\n|j|\u2606Guess what I\n|t:|1698699051\n|gametype|singles\n|player|p1|aquiles meo|ethan|1005\n|player|p2|Guess what I|266|1000\n|teamsize|p1|6\n|teamsize|p2|6\n|gen|9\n|tier|[Gen 9] National Dex Ubers\n|rated|\n|rule|HP Percentage Mod: HP is shown in percentages\n|rule|Endless Battle Clause: Forcing endless battles is banned\n|rule|OHKO Clause: OHKO moves are banned\n|rule|Evasion Moves Clause: Evasion moves are banned\n|rule|Evasion Items Clause: Evasion items are banned\n|rule|Species Clause: Limit one of each Pok\u00e9mon\n|rule|Sleep Clause Mod: Limit one foe put to sleep\n|rule|Mega Rayquaza Clause: You cannot mega evolve Rayquaza\n|clearpoke\n|poke|p1|Jirachi|\n|poke|p1|Ho-Oh|\n|poke|p1|Rayquaza|\n|poke|p1|Pidgeot, M|\n|poke|p1|Lucario, M|\n|poke|p1|Luxray, M|\n|poke|p2|Dragapult, M|\n|poke|p2|Dragonite, F|\n|poke|p2|Walking Wake|\n|poke|p2|Arceus-Dragon|\n|poke|p2|Dragalge, F|\n|poke|p2|Garchomp, F|\n|teampreview\n|c|\u2606aquiles meo|not the fake suicune again\n|\n|t:|1698699072\n|start\n|switch|p1a: Jirachi|Jirachi, shiny|100\/100\n|switch|p2a: Dragapult|Dragapult, M, shiny|100\/100\n|turn|1\n|\n|t:|1698699088\n|-terastallize|p1a: Jirachi|Water\n|move|p2a: Dragapult|Phantom Force||[still]\n|-prepare|p2a: Dragapult|Phantom Force\n|move|p1a: Jirachi|Iron Head|p2a: Dragapult|[miss]\n|-miss|p1a: Jirachi|p2a: Dragapult\n|\n|upkeep\n|turn|2\n|\n|t:|1698699099\n|move|p2a: Dragapult|Phantom Force|p1a: Jirachi|[from]lockedmove\n|-damage|p1a: Jirachi|70\/100\n|move|p1a: Jirachi|Doom Desire|p2a: Dragapult\n|-start|p1a: Jirachi|Doom Desire\n|\n|-heal|p1a: Jirachi|76\/100|[from] item: Leftovers\n|upkeep\n|turn|3\n|\n|t:|1698699107\n|move|p2a: Dragapult|Draco Meteor|p1a: Jirachi\n|-damage|p1a: Jirachi|33\/100\n|-unboost|p2a: Dragapult|spa|2\n|move|p1a: Jirachi|Wish|p1a: Jirachi\n|\n|-heal|p1a: Jirachi|39\/100|[from] item: Leftovers\n|upkeep\n|turn|4\n|\n|t:|1698699123\n|move|p2a: Dragapult|Dragon Dance|p2a: Dragapult\n|-boost|p2a: Dragapult|atk|1\n|-boost|p2a: Dragapult|spe|1\n|move|p1a: Jirachi|Iron Head|p2a: Dragapult\n|-damage|p2a: Dragapult|67\/100\n|-damage|p1a: Jirachi|22\/100|[from] item: Rocky Helmet|[of] p2a: Dragapult\n|\n|-end|p2a: Dragapult|move: Doom Desire\n|-crit|p2a: Dragapult\n|-damage|p2a: Dragapult|0 fnt\n|faint|p2a: Dragapult\n|-heal|p1a: Jirachi|72\/100|[from] move: Wish|[wisher] Jirachi\n|-heal|p1a: Jirachi|78\/100|[from] item: Leftovers\n|upkeep\n|\n|t:|1698699140\n|switch|p2a: Dragalge|Dragalge, F, shiny|100\/100\n|turn|5\n|\n|t:|1698699149\n|switch|p1a: Luxray|Luxray, M, shiny|100\/100\n|move|p2a: Dragalge|Acid Armor|p2a: Dragalge\n|-boost|p2a: Dragalge|def|2\n|\n|upkeep\n|turn|6\n|\n|t:|1698699162\n|switch|p2a: Garchomp|Garchomp, F, shiny|100\/100\n|move|p1a: Luxray|Psychic Fangs|p2a: Garchomp\n|-damage|p2a: Garchomp|79\/100\n|-damage|p1a: Luxray|88\/100|[from] ability: Rough Skin|[of] p2a: Garchomp\n|\n|upkeep\n|turn|7\n|\n|t:|1698699174\n|switch|p1a: Ho-Oh|Ho-Oh, shiny|100\/100\n|move|p2a: Garchomp|Earthquake|p1a: Ho-Oh\n|-immune|p1a: Ho-Oh\n|\n|upkeep\n|turn|8\n|\n|t:|1698699192\n|move|p2a: Garchomp|Outrage|p1a: Ho-Oh\n|-damage|p1a: Ho-Oh|45\/100\n|move|p1a: Ho-Oh|Burn Up|p2a: Garchomp\n|-resisted|p2a: Garchomp\n|-crit|p2a: Garchomp\n|-damage|p2a: Garchomp|28\/100\n|-start|p1a: Ho-Oh|typechange|???\/Flying|[from] move: Burn Up\n|\n|upkeep\n|turn|9\n|\n|t:|1698699214\n|switch|p1a: Jirachi|Jirachi, shiny, tera:Water|78\/100\n|move|p2a: Garchomp|Outrage|p1a: Jirachi|[from]lockedmove\n|-damage|p1a: Jirachi|37\/100\n|\n|-heal|p1a: Jirachi|43\/100|[from] item: Leftovers\n|upkeep\n|turn|10\n|\n|t:|1698699231\n|move|p1a: Jirachi|Iron Head|p2a: Garchomp\n|-damage|p2a: Garchomp|3\/100\n|-damage|p1a: Jirachi|30\/100|[from] ability: Rough Skin|[of] p2a: Garchomp\n|cant|p2a: Garchomp|flinch\n|\n|-heal|p1a: Jirachi|37\/100|[from] item: Leftovers\n|-start|p2a: Garchomp|confusion|[fatigue]\n|upkeep\n|turn|11\n|\n|t:|1698699254\n|switch|p2a: Dragalge|Dragalge, F, shiny|100\/100\n|move|p1a: Jirachi|Doom Desire|p2a: Dragalge\n|-start|p1a: Jirachi|Doom Desire\n|\n|-heal|p1a: Jirachi|43\/100|[from] item: Leftovers\n|upkeep\n|turn|12\n|\n|t:|1698699294\n|move|p1a: Jirachi|Iron Head|p2a: Dragalge\n|-crit|p2a: Dragalge\n|-damage|p2a: Dragalge|53\/100\n|cant|p2a: Dragalge|flinch\n|\n|-heal|p1a: Jirachi|49\/100|[from] item: Leftovers\n|-heal|p2a: Dragalge|59\/100|[from] item: Black Sludge\n|upkeep\n|turn|13\n|-message|Guess what I forfeited.\n|\n|win|aquiles meo\n|raw|aquiles meo's rating: 1005 &rarr; <strong>1044<\/strong><br \/>(+39 for winning)\n|raw|Guess what I's rating: 1000 &rarr; <strong>1000<\/strong><br \/>(+0 for losing)\n|l|\u2606Guess what I\n|c|\u2606aquiles meo|guess what you did\n","uploadtime":1698699315,"views":4,"p1id":"aquilesmeo","p2id":"guesswhati","formatid":"gen9nationaldexubers","rating":1000,"private":0,"password":""}