{"id":"gen9nationaldexubers-1986467284","p1":"magic mike gif","p2":"King\/corvin","format":"[Gen 9] National Dex Ubers","log":"|j|\u2606magic mike gif\n|j|\u2606King\/corvin\n|t:|1699482031\n|gametype|singles\n|player|p1|magic mike gif|kieran|1063\n|player|p2|King\/corvin|flannery|1126\n|teamsize|p1|6\n|teamsize|p2|6\n|gen|9\n|tier|[Gen 9] National Dex Ubers\n|rated|\n|rule|HP Percentage Mod: HP is shown in percentages\n|rule|Endless Battle Clause: Forcing endless battles is banned\n|rule|OHKO Clause: OHKO moves are banned\n|rule|Evasion Moves Clause: Evasion moves are banned\n|rule|Evasion Items Clause: Evasion items are banned\n|rule|Species Clause: Limit one of each Pok\u00e9mon\n|rule|Sleep Clause Mod: Limit one foe put to sleep\n|rule|Mega Rayquaza Clause: You cannot mega evolve Rayquaza\n|clearpoke\n|poke|p1|Ivysaur, F|\n|poke|p1|Okidogi, M|\n|poke|p1|Regirock|\n|poke|p1|Mewtwo|\n|poke|p1|Tranquill, F|\n|poke|p1|Bisharp, F|\n|poke|p2|Gallade, M|\n|poke|p2|Sandy Shocks|\n|poke|p2|Kleavor, F|\n|poke|p2|Mimikyu, F|\n|poke|p2|Walking Wake|\n|poke|p2|Bisharp, M|\n|teampreview\n|inactive|Battle timer is ON: inactive players will automatically lose when time's up. (requested by magic mike gif)\n|j| StupidusRex\n|\n|t:|1699482043\n|start\n|switch|p1a: Bisharp|Bisharp, F, shiny|100\/100\n|switch|p2a: Kleavor|Kleavor, F|100\/100\n|-ability|p1a: Bisharp|Pressure\n|turn|1\n|\n|t:|1699482050\n|move|p2a: Kleavor|Stone Axe|p1a: Bisharp\n|-resisted|p1a: Bisharp\n|-damage|p1a: Bisharp|81\/100\n|-sidestart|p1: magic mike gif|move: Stealth Rock\n|move|p1a: Bisharp|Mean Look|p2a: Kleavor\n|-activate|p2a: Kleavor|trapped\n|\n|upkeep\n|turn|2\n|\n|t:|1699482057\n|move|p2a: Kleavor|Tailwind|p2a: Kleavor\n|-sidestart|p2: King\/corvin|move: Tailwind\n|move|p1a: Bisharp|Iron Defense|p1a: Bisharp\n|-boost|p1a: Bisharp|def|2\n|\n|upkeep\n|turn|3\n|\n|t:|1699482060\n|move|p2a: Kleavor|X-Scissor|p1a: Bisharp\n|-damage|p1a: Bisharp|54\/100\n|move|p1a: Bisharp|Iron Defense|p1a: Bisharp\n|-boost|p1a: Bisharp|def|2\n|\n|upkeep\n|turn|4\n|\n|t:|1699482065\n|move|p2a: Kleavor|X-Scissor|p1a: Bisharp\n|-damage|p1a: Bisharp|39\/100\n|move|p1a: Bisharp|Iron Defense|p1a: Bisharp\n|-boost|p1a: Bisharp|def|2\n|\n|upkeep\n|turn|5\n|\n|t:|1699482076\n|move|p2a: Kleavor|Stone Axe|p1a: Bisharp\n|-resisted|p1a: Bisharp\n|-damage|p1a: Bisharp|35\/100\n|move|p1a: Bisharp|Rest|p1a: Bisharp\n|-status|p1a: Bisharp|slp|[from] move: Rest\n|-heal|p1a: Bisharp|100\/100 slp|[silent]\n|\n|-sideend|p2: King\/corvin|move: Tailwind\n|upkeep\n|turn|6\n|\n|t:|1699482097\n|move|p2a: Kleavor|X-Scissor|p1a: Bisharp\n|-damage|p1a: Bisharp|88\/100 slp\n|cant|p1a: Bisharp|slp\n|\n|upkeep\n|turn|7\n|\n|t:|1699482104\n|move|p2a: Kleavor|X-Scissor|p1a: Bisharp\n|-damage|p1a: Bisharp|75\/100 slp\n|cant|p1a: Bisharp|slp\n|\n|upkeep\n|turn|8\n|\n|t:|1699482109\n|move|p2a: Kleavor|Tailwind|p2a: Kleavor\n|-sidestart|p2: King\/corvin|move: Tailwind\n|-curestatus|p1a: Bisharp|slp|[msg]\n|move|p1a: Bisharp|Spite|p2a: Kleavor\n|-activate|p2a: Kleavor|move: Spite|Tailwind|4\n|\n|upkeep\n|turn|9\n|\n|t:|1699482118\n|move|p2a: Kleavor|X-Scissor|p1a: Bisharp\n|-damage|p1a: Bisharp|63\/100\n|move|p1a: Bisharp|Spite|p2a: Kleavor\n|-activate|p2a: Kleavor|move: Spite|X-Scissor|4\n|\n|upkeep\n|turn|10\n|\n|t:|1699482131\n|move|p2a: Kleavor|Stone Axe|p1a: Bisharp\n|-resisted|p1a: Bisharp\n|-damage|p1a: Bisharp|58\/100\n|move|p1a: Bisharp|Spite|p2a: Kleavor\n|-activate|p2a: Kleavor|move: Spite|Stone Axe|4\n|\n|upkeep\n|turn|11\n|\n|t:|1699482140\n|move|p2a: Kleavor|Stone Axe|p1a: Bisharp\n|-resisted|p1a: Bisharp\n|-damage|p1a: Bisharp|53\/100\n|move|p1a: Bisharp|Spite|p2a: Kleavor\n|-activate|p2a: Kleavor|move: Spite|Stone Axe|4\n|\n|-sideend|p2: King\/corvin|move: Tailwind\n|upkeep\n|turn|12\n|\n|t:|1699482148\n|move|p2a: Kleavor|Tailwind|p2a: Kleavor\n|-sidestart|p2: King\/corvin|move: Tailwind\n|move|p1a: Bisharp|Rest|p1a: Bisharp\n|-status|p1a: Bisharp|slp|[from] move: Rest\n|-heal|p1a: Bisharp|100\/100 slp|[silent]\n|\n|upkeep\n|turn|13\n|\n|t:|1699482175\n|move|p2a: Kleavor|Stone Axe|p1a: Bisharp\n|-resisted|p1a: Bisharp\n|-damage|p1a: Bisharp|95\/100 slp\n|cant|p1a: Bisharp|slp\n|\n|upkeep\n|turn|14\n|\n|t:|1699482187\n|move|p2a: Kleavor|X-Scissor|p1a: Bisharp\n|-damage|p1a: Bisharp|82\/100 slp\n|cant|p1a: Bisharp|slp\n|\n|upkeep\n|turn|15\n|\n|t:|1699482194\n|move|p2a: Kleavor|X-Scissor|p1a: Bisharp\n|-damage|p1a: Bisharp|70\/100 slp\n|-curestatus|p1a: Bisharp|slp|[msg]\n|move|p1a: Bisharp|Spite|p2a: Kleavor\n|-activate|p2a: Kleavor|move: Spite|X-Scissor|4\n|\n|-sideend|p2: King\/corvin|move: Tailwind\n|upkeep\n|turn|16\n|\n|t:|1699482206\n|move|p2a: Kleavor|X-Scissor|p1a: Bisharp\n|-damage|p1a: Bisharp|58\/100\n|move|p1a: Bisharp|Iron Defense|p1a: Bisharp\n|-boost|p1a: Bisharp|def|0\n|\n|upkeep\n|turn|17\n|\n|t:|1699482214\n|move|p2a: Kleavor|Stone Axe|p1a: Bisharp\n|-resisted|p1a: Bisharp\n|-damage|p1a: Bisharp|53\/100\n|move|p1a: Bisharp|Spite|p2a: Kleavor\n|-activate|p2a: Kleavor|move: Spite|Stone Axe|4\n|\n|upkeep\n|turn|18\n|\n|t:|1699482222\n|move|p2a: Kleavor|Defog|p1a: Bisharp\n|-unboost|p1a: Bisharp|evasion|1\n|-sideend|p1: magic mike gif|Stealth Rock|[from] move: Defog|[of] p2a: Kleavor\n|move|p1a: Bisharp|Spite|p2a: Kleavor\n|-activate|p2a: Kleavor|move: Spite|Defog|4\n|\n|upkeep\n|turn|19\n|\n|t:|1699482228\n|move|p2a: Kleavor|Tailwind|p2a: Kleavor\n|-sidestart|p2: King\/corvin|move: Tailwind\n|move|p1a: Bisharp|Spite|p2a: Kleavor\n|-activate|p2a: Kleavor|move: Spite|Tailwind|4\n|\n|upkeep\n|turn|20\n|-message|King\/corvin forfeited.\n|\n|win|magic mike gif\n|raw|magic mike gif's rating: 1063 &rarr; <strong>1099<\/strong><br \/>(+36 for winning)\n|raw|King&#x2f;corvin's rating: 1126 &rarr; <strong>1097<\/strong><br \/>(-29 for losing)\n|l|\u2606King\/corvin\n","uploadtime":1699482241,"views":7,"p1id":"magicmikegif","p2id":"kingcorvin","formatid":"gen9nationaldexubers","rating":1097,"private":0,"password":""}