{"id":"gen9nationaldexubers-1997957306","p1":"TheStroker","p2":"fhruihvruiva","format":"[Gen 9] National Dex Ubers","log":"|j|\u2606TheStroker\n|j|\u2606fhruihvruiva\n|t:|1700872051\n|gametype|singles\n|player|p1|TheStroker|janitor|1461\n|player|p2|fhruihvruiva|hiker|1563\n|teamsize|p1|6\n|teamsize|p2|6\n|gen|9\n|tier|[Gen 9] National Dex Ubers\n|rated|\n|rule|HP Percentage Mod: HP is shown in percentages\n|rule|Endless Battle Clause: Forcing endless battles is banned\n|rule|OHKO Clause: OHKO moves are banned\n|rule|Evasion Moves Clause: Evasion moves are banned\n|rule|Evasion Items Clause: Evasion items are banned\n|rule|Species Clause: Limit one of each Pok\u00e9mon\n|rule|Sleep Clause Mod: Limit one foe put to sleep\n|rule|Mega Rayquaza Clause: You cannot mega evolve Rayquaza\n|clearpoke\n|poke|p1|Necrozma-Dusk-Mane|\n|poke|p1|Smeargle, F|\n|poke|p1|Ferrothorn, M|\n|poke|p1|Ho-Oh|\n|poke|p1|Annihilape, M|\n|poke|p1|Ditto|\n|poke|p2|Necrozma-Dusk-Mane|\n|poke|p2|Groudon|\n|poke|p2|Arceus|\n|poke|p2|Kingambit, F|\n|poke|p2|Salamence, F|\n|poke|p2|Zygarde|\n|teampreview\n|inactive|Battle timer is ON: inactive players will automatically lose when time's up. (requested by fhruihvruiva)\n|j| kung fu pokechu\n|j| Lonsol\n|\n|t:|1700872063\n|start\n|switch|p1a: Gastmon|Annihilape, M|100\/100\n|switch|p2a: Salamence|Salamence, F|100\/100\n|-ability|p2a: Salamence|Intimidate|boost\n|-unboost|p1a: Gastmon|atk|1\n|turn|1\n|\n|t:|1700872071\n|detailschange|p2a: Salamence|Salamence-Mega, F\n|-mega|p2a: Salamence|Salamence|Salamencite\n|move|p1a: Gastmon|Final Gambit|p2a: Salamence\n|-damage|p2a: Salamence|0 fnt\n|faint|p1a: Gastmon\n|faint|p2a: Salamence\n|\n|upkeep\n|\n|t:|1700872079\n|switch|p2a: Groudon|Groudon, shiny|100\/100\n|switch|p1a: Surely|Smeargle, F|100\/100\n|detailschange|p2a: Groudon|Groudon-Primal, shiny\n|-primal|p2a: Groudon|Red Orb\n|-weather|DesolateLand|[from] ability: Desolate Land|[of] p2a: Groudon\n|turn|2\n|\n|t:|1700872085\n|move|p2a: Groudon|Eruption|p1a: Surely\n|-crit|p1a: Surely\n|-damage|p1a: Surely|0 fnt\n|faint|p1a: Surely\n|\n|-weather|DesolateLand|[upkeep]\n|upkeep\n|j| mistahmerrikuu\n|\n|t:|1700872095\n|switch|p1a: Shellphone|Ditto|100\/100\n|-transform|p1a: Shellphone|p2a: Groudon|[from] ability: Imposter\n|turn|3\n|\n|t:|1700872124\n|move|p1a: Shellphone|Earth Power|p2a: Groudon\n|-supereffective|p2a: Groudon\n|-damage|p2a: Groudon|0 fnt\n|faint|p2a: Groudon\n|\n|-weather|DesolateLand|[upkeep]\n|upkeep\n|c|\u2606fhruihvruiva|special gordon\n|\n|t:|1700872130\n|switch|p2a: Zygarde|Zygarde|100\/100\n|turn|4\n|\n|t:|1700872143\n|-weather|none\n|switch|p1a: One day|Ferrothorn, M|100\/100\n|move|p2a: Zygarde|Thousand Arrows|p1a: One day\n|-damage|p1a: One day|68\/100\n|\n|-heal|p1a: One day|74\/100|[from] item: Leftovers\n|upkeep\n|turn|5\n|\n|t:|1700872161\n|switch|p2a: Necrozma|Necrozma-Dusk-Mane|100\/100\n|move|p1a: One day|Leech Seed|p2a: Necrozma\n|-start|p2a: Necrozma|move: Leech Seed\n|\n|-heal|p1a: One day|80\/100|[from] item: Leftovers\n|-damage|p2a: Necrozma|88\/100|[from] Leech Seed|[of] p1a: One day\n|-heal|p1a: One day|92\/100|[silent]\n|upkeep\n|turn|6\n|\n|t:|1700872169\n|detailschange|p2a: Necrozma|Necrozma-Ultra\n|-burst|p2a: Necrozma|Necrozma|Ultranecrozium Z\n|move|p2a: Necrozma|Photon Geyser|p1a: One day\n|-resisted|p1a: One day\n|-damage|p1a: One day|69\/100\n|move|p1a: One day|Stealth Rock|p2a: Necrozma\n|-sidestart|p2: fhruihvruiva|move: Stealth Rock\n|\n|-heal|p1a: One day|75\/100|[from] item: Leftovers\n|-damage|p2a: Necrozma|75\/100|[from] Leech Seed|[of] p1a: One day\n|-heal|p1a: One day|87\/100|[silent]\n|upkeep\n|turn|7\n|\n|t:|1700872181\n|-zpower|p2a: Necrozma\n|move|p2a: Necrozma|Light That Burns the Sky|p1a: One day|[zeffect]\n|-resisted|p1a: One day\n|-damage|p1a: One day|42\/100\n|move|p1a: One day|Gyro Ball|p2a: Necrozma\n|-damage|p2a: Necrozma|25\/100\n|\n|-heal|p1a: One day|48\/100|[from] item: Leftovers\n|-damage|p2a: Necrozma|13\/100|[from] Leech Seed|[of] p1a: One day\n|-heal|p1a: One day|60\/100|[silent]\n|upkeep\n|turn|8\n|\n|t:|1700872193\n|switch|p2a: Zygarde|Zygarde|100\/100\n|-damage|p2a: Zygarde|94\/100|[from] Stealth Rock\n|move|p1a: One day|Protect||[still]\n|-fail|p1a: One day\n|\n|-heal|p1a: One day|66\/100|[from] item: Leftovers\n|upkeep\n|turn|9\n|\n|t:|1700872203\n|move|p2a: Zygarde|Thousand Arrows|p1a: One day\n|-damage|p1a: One day|35\/100\n|move|p1a: One day|Leech Seed|p2a: Zygarde\n|-start|p2a: Zygarde|move: Leech Seed\n|\n|-heal|p1a: One day|42\/100|[from] item: Leftovers\n|-damage|p2a: Zygarde|82\/100|[from] Leech Seed|[of] p1a: One day\n|-heal|p1a: One day|54\/100|[silent]\n|upkeep\n|turn|10\n|\n|t:|1700872214\n|switch|p2a: Arceus|Arceus|100\/100\n|-damage|p2a: Arceus|88\/100|[from] Stealth Rock\n|move|p1a: One day|Leech Seed|p2a: Arceus\n|-start|p2a: Arceus|move: Leech Seed\n|\n|-heal|p1a: One day|60\/100|[from] item: Leftovers\n|-damage|p2a: Arceus|76\/100|[from] Leech Seed|[of] p1a: One day\n|-heal|p1a: One day|74\/100|[silent]\n|upkeep\n|turn|11\n|\n|t:|1700872222\n|move|p2a: Arceus|Swords Dance|p2a: Arceus\n|-boost|p2a: Arceus|atk|2\n|move|p1a: One day|Gyro Ball|p2a: Arceus\n|-damage|p2a: Arceus|40\/100\n|\n|-heal|p1a: One day|80\/100|[from] item: Leftovers\n|-damage|p2a: Arceus|27\/100|[from] Leech Seed|[of] p1a: One day\n|-heal|p1a: One day|93\/100|[silent]\n|upkeep\n|turn|12\n|\n|t:|1700872231\n|move|p2a: Arceus|Frustration|p1a: One day\n|-resisted|p1a: One day\n|-damage|p1a: One day|53\/100\n|-damage|p2a: Arceus|15\/100|[from] ability: Iron Barbs|[of] p1a: One day\n|move|p1a: One day|Gyro Ball|p2a: Arceus\n|-damage|p2a: Arceus|0 fnt\n|faint|p2a: Arceus\n|\n|-heal|p1a: One day|59\/100|[from] item: Leftovers\n|upkeep\n|\n|t:|1700872237\n|switch|p2a: Kingambit|Kingambit, F, shiny|100\/100\n|-damage|p2a: Kingambit|94\/100|[from] Stealth Rock\n|-activate|p2a: Kingambit|ability: Supreme Overlord\n|-start|p2a: Kingambit|fallen3|[silent]\n|turn|13\n|\n|t:|1700872252\n|switch|p1a: Benefitted|Ho-Oh|100\/100\n|-terastallize|p2a: Kingambit|Dark\n|move|p2a: Kingambit|Kowtow Cleave|p1a: Benefitted\n|-damage|p1a: Benefitted|47\/100\n|\n|upkeep\n|turn|14\n|\n|t:|1700872263\n|-end|p2a: Kingambit|fallen3|[silent]\n|switch|p2a: Zygarde|Zygarde|82\/100\n|-damage|p2a: Zygarde|76\/100|[from] Stealth Rock\n|move|p1a: Benefitted|Recover|p1a: Benefitted\n|-heal|p1a: Benefitted|98\/100\n|\n|upkeep\n|turn|15\n|\n|t:|1700872267\n|move|p2a: Zygarde|Thousand Arrows|p1a: Benefitted\n|-damage|p1a: Benefitted|72\/100\n|-start|p1a: Benefitted|Smack Down\n|move|p1a: Benefitted|Toxic|p2a: Zygarde\n|-status|p2a: Zygarde|tox\n|\n|-damage|p2a: Zygarde|70\/100 tox|[from] psn\n|upkeep\n|turn|16\n|\n|t:|1700872283\n|switch|p1a: Shellphone|Ditto|100\/100\n|-transform|p1a: Shellphone|p2a: Zygarde|[from] ability: Imposter\n|move|p2a: Zygarde|Outrage|p1a: Shellphone\n|-supereffective|p1a: Shellphone\n|-damage|p1a: Shellphone|0 fnt\n|faint|p1a: Shellphone\n|\n|-damage|p2a: Zygarde|57\/100 tox|[from] psn\n|upkeep\n|inactive|TheStroker has 120 seconds left.\n|\n|t:|1700872310\n|switch|p1a: One day|Ferrothorn, M|59\/100\n|turn|17\n|inactive|TheStroker has 120 seconds left.\n|\n|t:|1700872316\n|move|p2a: Zygarde|Outrage|p1a: One day|[from]lockedmove\n|-resisted|p1a: One day\n|-damage|p1a: One day|40\/100\n|-damage|p2a: Zygarde|45\/100 tox|[from] ability: Iron Barbs|[of] p1a: One day\n|-start|p2a: Zygarde|confusion|[fatigue]\n|move|p1a: One day|Leech Seed|p2a: Zygarde|[miss]\n|-miss|p1a: One day|p2a: Zygarde\n|\n|-heal|p1a: One day|46\/100|[from] item: Leftovers\n|-damage|p2a: Zygarde|27\/100 tox|[from] psn\n|-activate|p2a: Zygarde|ability: Power Construct\n|detailschange|p2a: Zygarde|Zygarde-Complete\n|-heal|p2a: Zygarde|54\/100 tox|[silent]\n|upkeep\n|turn|18\n|\n|t:|1700872329\n|-activate|p2a: Zygarde|confusion\n|move|p2a: Zygarde|Thousand Arrows|p1a: One day\n|-damage|p1a: One day|18\/100\n|move|p1a: One day|Leech Seed|p2a: Zygarde\n|-start|p2a: Zygarde|move: Leech Seed\n|\n|-heal|p1a: One day|25\/100|[from] item: Leftovers\n|-damage|p2a: Zygarde|42\/100 tox|[from] Leech Seed|[of] p1a: One day\n|-heal|p1a: One day|45\/100|[silent]\n|-damage|p2a: Zygarde|18\/100 tox|[from] psn\n|upkeep\n|turn|19\n|inactive|TheStroker has 120 seconds left.\n|\n|t:|1700872345\n|-activate|p2a: Zygarde|confusion\n|-damage|p2a: Zygarde|11\/100 tox|[from] confusion\n|move|p1a: One day|Leech Seed||[still]\n|-fail|p1a: One day\n|\n|-heal|p1a: One day|51\/100|[from] item: Leftovers\n|-damage|p2a: Zygarde|0 fnt|[from] Leech Seed|[of] p1a: One day\n|-heal|p1a: One day|68\/100|[silent]\n|faint|p2a: Zygarde\n|upkeep\n|\n|t:|1700872349\n|switch|p2a: Kingambit|Kingambit, F, shiny, tera:Dark|94\/100\n|-damage|p2a: Kingambit|82\/100|[from] Stealth Rock\n|-activate|p2a: Kingambit|ability: Supreme Overlord\n|-start|p2a: Kingambit|fallen4|[silent]\n|turn|20\n|\n|t:|1700872363\n|move|p2a: Kingambit|Kowtow Cleave|p1a: One day\n|-damage|p1a: One day|2\/100\n|-damage|p2a: Kingambit|70\/100|[from] ability: Iron Barbs|[of] p1a: One day\n|move|p1a: One day|Leech Seed|p2a: Kingambit\n|-start|p2a: Kingambit|move: Leech Seed\n|\n|-heal|p1a: One day|8\/100|[from] item: Leftovers\n|-damage|p2a: Kingambit|57\/100|[from] Leech Seed|[of] p1a: One day\n|-heal|p1a: One day|22\/100|[silent]\n|upkeep\n|turn|21\n|\n|t:|1700872372\n|move|p2a: Kingambit|Kowtow Cleave|p1a: One day\n|-damage|p1a: One day|0 fnt\n|-damage|p2a: Kingambit|45\/100|[from] ability: Iron Barbs|[of] p1a: One day\n|faint|p1a: One day\n|\n|upkeep\n|inactive|TheStroker has 120 seconds left.\n|\n|t:|1700872404\n|switch|p1a: Benefitted|Ho-Oh|100\/100\n|turn|22\n|\n|t:|1700872409\n|move|p2a: Kingambit|Sucker Punch|p1a: Benefitted\n|-damage|p1a: Benefitted|54\/100\n|move|p1a: Benefitted|Sacred Fire|p2a: Kingambit\n|-damage|p2a: Kingambit|11\/100\n|-status|p2a: Kingambit|brn\n|\n|-damage|p2a: Kingambit|0 fnt|[from] Leech Seed|[of] p1a: Benefitted\n|-heal|p1a: Benefitted|64\/100|[silent]\n|faint|p2a: Kingambit\n|-end|p2a: Kingambit|fallen4|[silent]\n|upkeep\n|\n|t:|1700872412\n|switch|p2a: Necrozma|Necrozma-Ultra|13\/100\n|-damage|p2a: Necrozma|0 fnt|[from] Stealth Rock\n|faint|p2a: Necrozma\n|\n|win|TheStroker\n|raw|TheStroker's rating: 1461 &rarr; <strong>1487<\/strong><br \/>(+26 for winning)\n|raw|fhruihvruiva's rating: 1563 &rarr; <strong>1537<\/strong><br \/>(-26 for losing)\n|l|\u2606fhruihvruiva\n|l| kung fu pokechu\n|l|\u2606TheStroker\n|j| kung fu pokechu\n","uploadtime":1700872423,"views":1,"p1id":"thestroker","p2id":"fhruihvruiva","formatid":"gen9nationaldexubers","rating":1487,"private":0,"password":""}