{"id":"gen9nationaldexubers-1998363833","p1":"Xanvoir","p2":"MrTRB","format":"[Gen 9] National Dex Ubers","log":"|j|\u2606Xanvoir\n|j|\u2606MrTRB\n|t:|1700934051\n|gametype|singles\n|player|p1|Xanvoir|grimsley|\n|player|p2|MrTRB|benga|\n|teamsize|p1|6\n|teamsize|p2|6\n|gen|9\n|tier|[Gen 9] National Dex Ubers\n|rule|HP Percentage Mod: HP is shown in percentages\n|rule|Endless Battle Clause: Forcing endless battles is banned\n|rule|OHKO Clause: OHKO moves are banned\n|rule|Evasion Moves Clause: Evasion moves are banned\n|rule|Evasion Items Clause: Evasion items are banned\n|rule|Species Clause: Limit one of each Pok\u00e9mon\n|rule|Sleep Clause Mod: Limit one foe put to sleep\n|rule|Mega Rayquaza Clause: You cannot mega evolve Rayquaza\n|clearpoke\n|poke|p1|Sableye, M|\n|poke|p1|Weavile, F|\n|poke|p1|Mandibuzz, F|\n|poke|p1|Meowscarada, M|\n|poke|p1|Roaring Moon|\n|poke|p1|Kingambit, M|\n|poke|p2|Seismitoad, F|\n|poke|p2|Pelipper, M|\n|poke|p2|Gholdengo|\n|poke|p2|Garganacl, F|\n|poke|p2|Serperior, F|\n|poke|p2|Baxcalibur, F|\n|teampreview\n|l|\u2606Xanvoir\n|player|p1|\n|j|\u2606Xanvoir\n|player|p1|Xanvoir|grimsley\n|\n|t:|1700934085\n|start\n|switch|p1a: Mandibuzz|Mandibuzz, F|100\/100\n|switch|p2a: Pelipper|Pelipper, M, shiny|100\/100\n|-weather|RainDance|[from] ability: Drizzle|[of] p2a: Pelipper\n|turn|1\n|\n|t:|1700934094\n|move|p2a: Pelipper|Tailwind|p2a: Pelipper\n|-sidestart|p2: MrTRB|move: Tailwind\n|move|p1a: Mandibuzz|Toxic|p2a: Pelipper|[miss]\n|-miss|p1a: Mandibuzz|p2a: Pelipper\n|\n|-weather|RainDance|[upkeep]\n|upkeep\n|turn|2\n|c|\u2606Xanvoir|Damn it really\n|\n|t:|1700934104\n|move|p2a: Pelipper|U-turn|p1a: Mandibuzz\n|-damage|p1a: Mandibuzz|95\/100\n|\n|t:|1700934107\n|switch|p2a: Garganacl|Garganacl, F|100\/100|[from] U-turn\n|move|p1a: Mandibuzz|Toxic|p2a: Garganacl\n|-immune|p2a: Garganacl|[from] ability: Purifying Salt\n|\n|-weather|RainDance|[upkeep]\n|upkeep\n|turn|3\n|\n|t:|1700934120\n|move|p2a: Garganacl|Iron Defense|p2a: Garganacl\n|-boost|p2a: Garganacl|def|2\n|move|p1a: Mandibuzz|U-turn|p2a: Garganacl\n|-damage|p2a: Garganacl|96\/100\n|\n|t:|1700934121\n|switch|p1a: Meowscarada|Meowscarada, M|100\/100|[from] U-turn\n|\n|-weather|RainDance|[upkeep]\n|-heal|p2a: Garganacl|100\/100|[from] item: Leftovers\n|upkeep\n|turn|4\n|\n|t:|1700934133\n|move|p1a: Meowscarada|Flower Trick|p2a: Garganacl\n|-start|p1a: Meowscarada|typechange|Grass|[from] ability: Protean\n|-supereffective|p2a: Garganacl\n|-crit|p2a: Garganacl\n|-damage|p2a: Garganacl|32\/100\n|move|p2a: Garganacl|Body Press|p1a: Meowscarada\n|-damage|p1a: Meowscarada|25\/100\n|\n|-weather|RainDance|[upkeep]\n|-heal|p2a: Garganacl|38\/100|[from] item: Leftovers\n|-sideend|p2: MrTRB|move: Tailwind\n|upkeep\n|turn|5\n|\n|t:|1700934151\n|move|p1a: Meowscarada|Flower Trick|p2a: Garganacl\n|-supereffective|p2a: Garganacl\n|-crit|p2a: Garganacl\n|-damage|p2a: Garganacl|0 fnt\n|faint|p2a: Garganacl\n|\n|-weather|RainDance|[upkeep]\n|upkeep\n|\n|t:|1700934165\n|switch|p2a: Baxcalibur|Baxcalibur, F|100\/100\n|turn|6\n|\n|t:|1700934172\n|switch|p1a: Sableye|Sableye, M|100\/100\n|move|p2a: Baxcalibur|Swords Dance|p2a: Baxcalibur\n|-boost|p2a: Baxcalibur|atk|2\n|\n|-weather|RainDance|[upkeep]\n|upkeep\n|turn|7\n|\n|t:|1700934182\n|move|p1a: Sableye|Reflect|p1a: Sableye\n|-sidestart|p1: Xanvoir|Reflect\n|move|p2a: Baxcalibur|Scale Shot|p1a: Sableye|[miss]\n|-miss|p2a: Baxcalibur|p1a: Sableye\n|\n|-weather|RainDance|[upkeep]\n|upkeep\n|turn|8\n|\n|t:|1700934188\n|detailschange|p1a: Sableye|Sableye-Mega, M\n|-mega|p1a: Sableye|Sableye|Sablenite\n|move|p2a: Baxcalibur|Icicle Spear|p1a: Sableye\n|-damage|p1a: Sableye|87\/100\n|-damage|p1a: Sableye|75\/100\n|-damage|p1a: Sableye|62\/100\n|-damage|p1a: Sableye|50\/100\n|-damage|p1a: Sableye|39\/100\n|-hitcount|p1a: Sableye|5\n|move|p1a: Sableye|Foul Play|p2a: Baxcalibur\n|-damage|p2a: Baxcalibur|0 fnt\n|faint|p2a: Baxcalibur\n|\n|-weather|none\n|upkeep\n|\n|t:|1700934205\n|switch|p2a: Serperior|Serperior, F, shiny|100\/100\n|turn|9\n|\n|t:|1700934214\n|move|p2a: Serperior|Substitute|p2a: Serperior\n|-start|p2a: Serperior|Substitute\n|-damage|p2a: Serperior|76\/100\n|move|p1a: Sableye|Light Screen|p1a: Sableye\n|-sidestart|p1: Xanvoir|move: Light Screen\n|\n|-heal|p2a: Serperior|82\/100|[from] item: Leftovers\n|upkeep\n|turn|10\n|\n|t:|1700934225\n|move|p2a: Serperior|Leaf Storm|p1a: Sableye\n|-damage|p1a: Sableye|26\/100\n|-boost|p2a: Serperior|spa|2\n|move|p1a: Sableye|Foul Play|p2a: Serperior\n|-activate|p2a: Serperior|move: Substitute|[damage]\n|\n|-heal|p2a: Serperior|88\/100|[from] item: Leftovers\n|upkeep\n|turn|11\n|\n|t:|1700934239\n|move|p2a: Serperior|Leaf Storm|p1a: Sableye\n|-damage|p1a: Sableye|0 fnt\n|-boost|p2a: Serperior|spa|2\n|faint|p1a: Sableye\n|\n|-heal|p2a: Serperior|94\/100|[from] item: Leftovers\n|-sideend|p1: Xanvoir|Reflect\n|upkeep\n|\n|t:|1700934242\n|switch|p1a: Meowscarada|Meowscarada, M|25\/100\n|turn|12\n|\n|t:|1700934252\n|move|p1a: Meowscarada|Knock Off|p2a: Serperior\n|-start|p1a: Meowscarada|typechange|Dark|[from] ability: Protean\n|-end|p2a: Serperior|Substitute\n|move|p2a: Serperior|Leaf Storm|p1a: Meowscarada\n|-damage|p1a: Meowscarada|0 fnt\n|-boost|p2a: Serperior|spa|2\n|faint|p1a: Meowscarada\n|\n|-heal|p2a: Serperior|100\/100|[from] item: Leftovers\n|upkeep\n|\n|t:|1700934255\n|switch|p1a: Roaring Moon|Roaring Moon|100\/100\n|-enditem|p1a: Roaring Moon|Booster Energy\n|-activate|p1a: Roaring Moon|ability: Protosynthesis|[fromitem]\n|-start|p1a: Roaring Moon|protosynthesisatk\n|turn|13\n|\n|t:|1700934270\n|move|p2a: Serperior|Glare|p1a: Roaring Moon\n|-status|p1a: Roaring Moon|par\n|cant|p1a: Roaring Moon|par\n|\n|-sideend|p1: Xanvoir|move: Light Screen\n|upkeep\n|turn|14\n|\n|t:|1700934277\n|move|p2a: Serperior|Leaf Storm|p1a: Roaring Moon\n|-resisted|p1a: Roaring Moon\n|-damage|p1a: Roaring Moon|36\/100 par\n|move|p1a: Roaring Moon|Acrobatics|p2a: Serperior\n|-supereffective|p2a: Serperior\n|-damage|p2a: Serperior|0 fnt\n|faint|p2a: Serperior\n|\n|upkeep\n|\n|t:|1700934286\n|switch|p2a: Pelipper|Pelipper, M, shiny|100\/100\n|-weather|RainDance|[from] ability: Drizzle|[of] p2a: Pelipper\n|turn|15\n|\n|t:|1700934291\n|move|p1a: Roaring Moon|Dragon Dance|p1a: Roaring Moon\n|-boost|p1a: Roaring Moon|atk|1\n|-boost|p1a: Roaring Moon|spe|1\n|move|p2a: Pelipper|Tailwind|p2a: Pelipper\n|-sidestart|p2: MrTRB|move: Tailwind\n|\n|-weather|RainDance|[upkeep]\n|upkeep\n|turn|16\n|\n|t:|1700934303\n|move|p2a: Pelipper|U-turn|p1a: Roaring Moon\n|-supereffective|p1a: Roaring Moon\n|-damage|p1a: Roaring Moon|15\/100 par\n|\n|t:|1700934308\n|switch|p2a: Gholdengo|Gholdengo|100\/100|[from] U-turn\n|move|p1a: Roaring Moon|Dragon Dance|p1a: Roaring Moon\n|-boost|p1a: Roaring Moon|atk|1\n|-boost|p1a: Roaring Moon|spe|1\n|\n|-weather|RainDance|[upkeep]\n|upkeep\n|turn|17\n|\n|t:|1700934321\n|move|p2a: Gholdengo|Make It Rain|p1a: Roaring Moon\n|-damage|p1a: Roaring Moon|0 fnt\n|-unboost|p2a: Gholdengo|spa|1\n|faint|p1a: Roaring Moon\n|-end|p1a: Roaring Moon|Protosynthesis|[silent]\n|\n|-weather|RainDance|[upkeep]\n|upkeep\n|\n|t:|1700934324\n|switch|p1a: Weavile|Weavile, F|100\/100\n|turn|18\n|\n|t:|1700934328\n|move|p2a: Gholdengo|Focus Blast|p1a: Weavile\n|-supereffective|p1a: Weavile\n|-enditem|p1a: Weavile|Focus Sash\n|-damage|p1a: Weavile|1\/100\n|move|p1a: Weavile|Swords Dance|p1a: Weavile\n|-boost|p1a: Weavile|atk|2\n|\n|-weather|RainDance|[upkeep]\n|-sideend|p2: MrTRB|move: Tailwind\n|upkeep\n|turn|19\n|\n|t:|1700934335\n|move|p1a: Weavile|Knock Off|p2a: Gholdengo\n|-supereffective|p2a: Gholdengo\n|-damage|p2a: Gholdengo|0 fnt\n|-enditem|p2a: Gholdengo|Covert Cloak|[from] move: Knock Off|[of] p1a: Weavile\n|faint|p2a: Gholdengo\n|\n|-weather|RainDance|[upkeep]\n|upkeep\n|\n|t:|1700934343\n|switch|p2a: Seismitoad|Seismitoad, F, shiny|100\/100\n|turn|20\n|\n|t:|1700934353\n|move|p1a: Weavile|Ice Shard|p2a: Seismitoad\n|-damage|p2a: Seismitoad|51\/100\n|move|p2a: Seismitoad|Ice Punch|p1a: Weavile\n|-resisted|p1a: Weavile\n|-damage|p1a: Weavile|0 fnt\n|faint|p1a: Weavile\n|\n|-weather|RainDance|[upkeep]\n|upkeep\n|\n|t:|1700934359\n|switch|p1a: Mandibuzz|Mandibuzz, F|95\/100\n|turn|21\n|\n|t:|1700934369\n|move|p2a: Seismitoad|Liquidation|p1a: Mandibuzz\n|-damage|p1a: Mandibuzz|60\/100\n|-unboost|p1a: Mandibuzz|def|1\n|move|p1a: Mandibuzz|Foul Play|p2a: Seismitoad\n|-damage|p2a: Seismitoad|0 fnt\n|faint|p2a: Seismitoad\n|\n|-weather|RainDance|[upkeep]\n|upkeep\n|\n|t:|1700934378\n|switch|p2a: Pelipper|Pelipper, M, shiny|100\/100\n|turn|22\n|\n|t:|1700934384\n|move|p2a: Pelipper|Hurricane|p1a: Mandibuzz\n|-damage|p1a: Mandibuzz|18\/100\n|move|p1a: Mandibuzz|Toxic|p2a: Pelipper\n|-status|p2a: Pelipper|tox\n|\n|-weather|none\n|-damage|p2a: Pelipper|94\/100 tox|[from] psn\n|upkeep\n|turn|23\n|\n|t:|1700934390\n|move|p2a: Pelipper|Scald|p1a: Mandibuzz\n|-damage|p1a: Mandibuzz|0 fnt\n|faint|p1a: Mandibuzz\n|\n|-damage|p2a: Pelipper|82\/100 tox|[from] psn\n|upkeep\n|\n|t:|1700934391\n|switch|p1a: Kingambit|Kingambit, M|100\/100\n|-activate|p1a: Kingambit|ability: Supreme Overlord\n|-start|p1a: Kingambit|fallen5|[silent]\n|turn|24\n|\n|t:|1700934399\n|-terastallize|p1a: Kingambit|Dark\n|move|p2a: Pelipper|Hurricane|p1a: Kingambit\n|-damage|p1a: Kingambit|48\/100\n|-start|p1a: Kingambit|confusion\n|-activate|p1a: Kingambit|confusion\n|-damage|p1a: Kingambit|36\/100|[from] confusion\n|\n|-damage|p2a: Pelipper|63\/100 tox|[from] psn\n|upkeep\n|turn|25\n|c|\u2606Xanvoir|Nah\n|\n|t:|1700934412\n|-activate|p1a: Kingambit|confusion\n|move|p1a: Kingambit|Sucker Punch|p2a: Pelipper\n|-damage|p2a: Pelipper|0 fnt\n|faint|p2a: Pelipper\n|\n|win|Xanvoir\n|c|\u2606Xanvoir|Gg\n","uploadtime":1700934428,"views":14,"p1id":"xanvoir","p2id":"mrtrb","formatid":"gen9nationaldexubers","rating":0,"private":0,"password":""}