{"id":"gen9nationaldexubers-1991771274","p1":"OnlyPyper","p2":"Corazonmorado27","format":"[Gen 9] National Dex Ubers","log":"|j|\u2606OnlyPyper\n|j|\u2606Corazonmorado27\n|t:|1700114348\n|gametype|singles\n|player|p1|OnlyPyper|shauntal|\n|player|p2|Corazonmorado27|parasollady|\n|teamsize|p1|6\n|teamsize|p2|6\n|gen|9\n|tier|[Gen 9] National Dex Ubers\n|rule|HP Percentage Mod: HP is shown in percentages\n|rule|Endless Battle Clause: Forcing endless battles is banned\n|rule|OHKO Clause: OHKO moves are banned\n|rule|Evasion Moves Clause: Evasion moves are banned\n|rule|Evasion Items Clause: Evasion items are banned\n|rule|Species Clause: Limit one of each Pok\u00e9mon\n|rule|Sleep Clause Mod: Limit one foe put to sleep\n|rule|Mega Rayquaza Clause: You cannot mega evolve Rayquaza\n|clearpoke\n|poke|p1|Ceruledge, F|\n|poke|p1|Espathra, F|\n|poke|p1|Slither Wing|\n|poke|p1|Farigiraf, F|\n|poke|p1|Arboliva, F|\n|poke|p1|Bombirdier, F|\n|poke|p2|Typhlosion, F|\n|poke|p2|Jumpluff, F|\n|poke|p2|Quagsire, F|\n|poke|p2|Espeon, M|\n|poke|p2|Heracross, M|\n|poke|p2|Weavile, M|\n|teampreview\n|c|\u2606Corazonmorado27|suerte wapa uwu\n|c|\u2606OnlyPyper|Suerte qlona uwu\n|j| mixco\n|c|\u2606OnlyPyper|Odet l\u00edder moment\u00e1nea ekisde\n|c|\u2606Corazonmorado27|lels\n|c| mixco|Lol le pusieron el modelo 3D a la oliva\n|c|\u2606OnlyPyper|Es pq no hab\u00eda otra opci\u00f3n\n|\n|t:|1700114437\n|start\n|switch|p1a: Slither Wing|Slither Wing|100\/100\n|switch|p2a: Miss. Typhlosion|Typhlosion, F|100\/100\n|-enditem|p1a: Slither Wing|Booster Energy\n|-activate|p1a: Slither Wing|ability: Protosynthesis|[fromitem]\n|-start|p1a: Slither Wing|protosynthesisatk\n|turn|1\n|c| mixco|Alm\n|c|\u2606OnlyPyper|En un mundo de ciegos el rey es un tuerno\n|c|\u2606Corazonmorado27|XDXD\n|\n|t:|1700114465\n|-terastallize|p1a: Slither Wing|Fire\n|move|p2a: Miss. Typhlosion|Burn Up|p1a: Slither Wing\n|-resisted|p1a: Slither Wing\n|-damage|p1a: Slither Wing|68\/100\n|-start|p2a: Miss. Typhlosion|typechange|???|[from] move: Burn Up\n|move|p1a: Slither Wing|Close Combat|p2a: Miss. Typhlosion\n|-damage|p2a: Miss. Typhlosion|0 fnt\n|-unboost|p1a: Slither Wing|def|1\n|-unboost|p1a: Slither Wing|spd|1\n|faint|p2a: Miss. Typhlosion\n|\n|upkeep\n|\n|t:|1700114479\n|switch|p2a: Miss. Quagsire|Quagsire, F|100\/100\n|turn|2\n|c|\u2606Corazonmorado27|A\n|\n|t:|1700114490\n|move|p1a: Slither Wing|Close Combat|p2a: Miss. Quagsire\n|-damage|p2a: Miss. Quagsire|20\/100\n|-unboost|p1a: Slither Wing|def|1\n|-unboost|p1a: Slither Wing|spd|1\n|move|p2a: Miss. Quagsire|Stealth Rock|p1a: Slither Wing\n|-sidestart|p1: OnlyPyper|move: Stealth Rock\n|\n|-heal|p2a: Miss. Quagsire|26\/100|[from] item: Leftovers\n|upkeep\n|turn|3\n|\n|t:|1700114510\n|switch|p2a: Miss. Jumpluff|Jumpluff, F|100\/100\n|move|p1a: Slither Wing|Leech Life|p2a: Miss. Jumpluff\n|-damage|p2a: Miss. Jumpluff|33\/100\n|-heal|p1a: Slither Wing|100\/100|[from] drain|[of] p2a: Miss. Jumpluff\n|\n|-heal|p2a: Miss. Jumpluff|39\/100|[from] item: Leftovers\n|upkeep\n|turn|4\n|c| mixco|Se me hace que esa cosa ya te mato xd\n|c|\u2606Corazonmorado27|es posible\n|c|\u2606Corazonmorado27|XDXD\n|c|\u2606OnlyPyper|Se supone que esto es para que se conozca el Bingus y la loquita no para que te humille la polilla\n|\n|t:|1700114539\n|move|p2a: Miss. Jumpluff|Strength Sap|p1a: Slither Wing\n|-unboost|p1a: Slither Wing|atk|1\n|-heal|p2a: Miss. Jumpluff|100\/100\n|move|p1a: Slither Wing|Leech Life|p2a: Miss. Jumpluff\n|-damage|p2a: Miss. Jumpluff|50\/100\n|\n|-heal|p2a: Miss. Jumpluff|56\/100|[from] item: Leftovers\n|upkeep\n|turn|5\n|\n|t:|1700114550\n|move|p2a: Miss. Jumpluff|Strength Sap|p1a: Slither Wing\n|-unboost|p1a: Slither Wing|atk|1\n|-heal|p2a: Miss. Jumpluff|100\/100\n|move|p1a: Slither Wing|Flame Charge|p2a: Miss. Jumpluff\n|-supereffective|p2a: Miss. Jumpluff\n|-damage|p2a: Miss. Jumpluff|47\/100\n|-boost|p1a: Slither Wing|spe|1\n|\n|-heal|p2a: Miss. Jumpluff|54\/100|[from] item: Leftovers\n|upkeep\n|turn|6\n|c|\u2606Corazonmorado27|la jumpluff: yo resuelvo\n|\n|t:|1700114567\n|move|p1a: Slither Wing|Flame Charge|p2a: Miss. Jumpluff\n|-supereffective|p2a: Miss. Jumpluff\n|-crit|p2a: Miss. Jumpluff\n|-damage|p2a: Miss. Jumpluff|0 fnt\n|-boost|p1a: Slither Wing|spe|1\n|faint|p2a: Miss. Jumpluff\n|\n|upkeep\n|c|\u2606Corazonmorado27|noooooooo\n|c|\u2606OnlyPyper|Ya no\n|c| mixco|Resolvia\n|c|\u2606OnlyPyper|XD\n|\n|t:|1700114583\n|switch|p2a: Mr. Weavile|Weavile, M|100\/100\n|-ability|p2a: Mr. Weavile|Pressure\n|turn|7\n|c|\u2606OnlyPyper|Dios est\u00e1 potente la polilla\n|c|\u2606Corazonmorado27|no pos GG\n|c|\u2606Corazonmorado27|demasiado\n|c|\u2606OnlyPyper|No quiero que el combate sea as\u00ed\n|c|\u2606OnlyPyper|No tiene gracia as\u00ed xd\n|c| mixco|Johto viendo el powercrep:\n|c|\u2606Corazonmorado27|yoyahabiadichoquemeculeabasXD\n|c|\u2606Corazonmorado27|y si XD\n|c|\u2606Corazonmorado27|johto en plan: debimos de hablarle a la mawile :morision:\n|c| mixco|Esto es como poner a pelear al jodido goku con yamcha xdddd\n|c|\u2606Corazonmorado27|XDXD\n|\n|t:|1700114669\n|-terastallize|p2a: Mr. Weavile|Dark\n|move|p1a: Slither Wing|Bulk Up|p1a: Slither Wing\n|-boost|p1a: Slither Wing|atk|1\n|-boost|p1a: Slither Wing|def|1\n|move|p2a: Mr. Weavile|Knock Off|p1a: Slither Wing\n|-damage|p1a: Slither Wing|19\/100\n|\n|upkeep\n|turn|8\n|c|\u2606OnlyPyper|Johto viendo c\u00f3mo es tan cari\u00f1osa la polilla que los acaba de violar:\n|c|\u2606Corazonmorado27|XDXD\n|c|\u2606OnlyPyper|Y si, la voy a dejar morir xd\n|\n|t:|1700114689\n|move|p1a: Slither Wing|Close Combat|p2a: Mr. Weavile\n|-supereffective|p2a: Mr. Weavile\n|-enditem|p2a: Mr. Weavile|Focus Sash\n|-damage|p2a: Mr. Weavile|1\/100\n|-unboost|p1a: Slither Wing|def|1\n|-unboost|p1a: Slither Wing|spd|1\n|move|p2a: Mr. Weavile|Knock Off|p1a: Slither Wing\n|-damage|p1a: Slither Wing|0 fnt\n|faint|p1a: Slither Wing\n|-end|p1a: Slither Wing|Protosynthesis|[silent]\n|\n|upkeep\n|j| JuzOzuj\n|c|\u2606OnlyPyper|Pero me llevo la sash ekisde\n|c| mixco|Mucho mas no puede hacer igual ekisde\n|c| JuzOzuj|a\n|c| JuzOzuj|oda\n|c|\u2606OnlyPyper|Oda\n|\n|t:|1700114721\n|switch|p1a: Cleo|Espathra, F|100\/100\n|-damage|p1a: Cleo|88\/100|[from] Stealth Rock\n|turn|9\n|c|\u2606Corazonmorado27|esto esta perdidijillo\n|c| mixco|Si ekisde\n|c| JuzOzuj|Suerte a ambas\n|c| JuzOzuj|alv\n|c| JuzOzuj|si cora esta aki\n|c| JuzOzuj|XD\n|c|\u2606OnlyPyper|Pendeja ya no tengo protect xdddd\n|c|\u2606OnlyPyper|Dios que hice\n|c|\u2606Corazonmorado27|a, ekisde\n|c|\u2606OnlyPyper|Sjsksnzjsb\n|c| JuzOzuj|ALV\n|c|\u2606OnlyPyper|Lo peor es que pierdo por pndeja\n|c| JuzOzuj|SI ESTA JUGANDO CONTRA CORA KASHGDASUDAD\n|c| JuzOzuj|dios\n|c| JuzOzuj|mi nivel de atencion potente XDDD\n|\n|t:|1700114796\n|switch|p1a: Aziza|Farigiraf, F|100\/100\n|move|p2a: Mr. Weavile|Knock Off|p1a: Aziza\n|-supereffective|p1a: Aziza\n|-damage|p1a: Aziza|0 fnt\n|-enditem|p1a: Aziza|Heavy-Duty Boots|[from] move: Knock Off|[of] p2a: Mr. Weavile\n|faint|p1a: Aziza\n|\n|upkeep\n|c| mixco|En lugar de matar la polilla la que mato fue el weavil\n|c| mixco|Eso es mejor o peor(?\n|c|\u2606Corazonmorado27|XDXD\n|c|\u2606OnlyPyper|No s\u00e9 que hacer ahora ekisde\n|c|\u2606OnlyPyper|Yo digo que peor\n|c|\u2606OnlyPyper|La polilla te da un abrazo al final\n|c|\u2606OnlyPyper|Este wey nom\u00e1s te navajea\n|c|\u2606Corazonmorado27|XDXD\n|c|\u2606Corazonmorado27|y te invita una chela\n|c|\u2606Corazonmorado27|XD\n|c| JuzOzuj|looooooool\n|\n|t:|1700114852\n|switch|p1a: Toriat|Bombirdier, F|100\/100\n|-damage|p1a: Toriat|76\/100|[from] Stealth Rock\n|turn|10\n|c| JuzOzuj|como pone en hacke el weavile\n|c|\u2606OnlyPyper|Che que mrd el grito de est\u00e1 mensa\n|c|\u2606Corazonmorado27|dime que no tienes prioridad plis\n|c|\u2606OnlyPyper|Super raro xd\n|c|\u2606Corazonmorado27|XD\n|c|\u2606OnlyPyper|Si tengo\n|c|\u2606OnlyPyper|As\u00ed que cambia\n|c| mixco|Notiene\n|c| JuzOzuj|xddd\n|c|\u2606OnlyPyper|Con Odet si xd\n|c| JuzOzuj|bombardier sucker punch xd\n|c|\u2606OnlyPyper|Pero soy scarf con esta ekisde\n|c| mixco|Ahoratienedeprioridadquickatattack\n|c|\u2606Corazonmorado27|XDXD\n|c| JuzOzuj|XDXDXD\n|\n|t:|1700114928\n|switch|p2a: Miss. Quagsire|Quagsire, F|26\/100\n|move|p1a: Toriat|Brave Bird|p2a: Miss. Quagsire\n|-damage|p2a: Miss. Quagsire|0 fnt\n|faint|p2a: Miss. Quagsire\n|-damage|p1a: Toriat|66\/100|[from] Recoil\n|\n|upkeep\n|\n|t:|1700114939\n|switch|p2a: Mr. Espeon|Espeon, M|100\/100\n|turn|11\n|c| mixco|Y valio verdura otra vez xdd\n|\n|t:|1700114945\n|switch|p1a: Cleo|Espathra, F|88\/100\n|-damage|p1a: Cleo|76\/100|[from] Stealth Rock\n|-zpower|p2a: Mr. Espeon\n|move|p2a: Mr. Espeon|Z-Celebrate|p2a: Mr. Espeon|[anim]Celebrate\n|-boost|p2a: Mr. Espeon|atk|1|[zeffect]\n|-boost|p2a: Mr. Espeon|def|1|[zeffect]\n|-boost|p2a: Mr. Espeon|spa|1|[zeffect]\n|-boost|p2a: Mr. Espeon|spd|1|[zeffect]\n|-boost|p2a: Mr. Espeon|spe|1|[zeffect]\n|-activate|p2a: Mr. Espeon|move: Celebrate\n|\n|-heal|p1a: Cleo|82\/100|[from] item: Leftovers\n|upkeep\n|turn|12\n|c|\u2606Corazonmorado27|va a tener opportunist\n|c|\u2606Corazonmorado27|a, no\n|c| JuzOzuj|No pos\n|c|\u2606Corazonmorado27|ekisde\n|c| JuzOzuj|xD\n|c|\u2606OnlyPyper|Speed boost mensa xd\n|c|\u2606Corazonmorado27|ya\n|c|\u2606Corazonmorado27|XD\n|\n|t:|1700115001\n|move|p2a: Mr. Espeon|Stored Power|p1a: Cleo\n|-resisted|p1a: Cleo\n|-damage|p1a: Cleo|14\/100\n|move|p1a: Cleo|Roost|p1a: Cleo\n|-heal|p1a: Cleo|64\/100\n|-singleturn|p1a: Cleo|move: Roost\n|\n|-heal|p1a: Cleo|70\/100|[from] item: Leftovers\n|-ability|p1a: Cleo|Speed Boost|boost\n|-boost|p1a: Cleo|spe|1\n|upkeep\n|turn|13\n|c| mixco|Un poder reserva no la mata no?\n|c|\u2606Corazonmorado27|no, pero casi\n|c| JuzOzuj|si tiene calm mind\n|c| JuzOzuj|ripeaste\n|\n|t:|1700115027\n|move|p2a: Mr. Espeon|Stored Power|p1a: Cleo\n|-resisted|p1a: Cleo\n|-damage|p1a: Cleo|0 fnt\n|faint|p1a: Cleo\n|\n|upkeep\n|c| JuzOzuj|ALV\n|c|\u2606OnlyPyper|Muri\u00f3\n|c|\u2606Corazonmorado27|max damage\n|c|\u2606Corazonmorado27|supondr\u00e9\n|c|\u2606OnlyPyper|Sip\n|c| JuzOzuj|yep\n|c| mixco|Eso o lo otro fue minum xd\n|c| JuzOzuj|tmb xD\n|c|\u2606Corazonmorado27|tmb puede ser\n|c|\u2606Corazonmorado27|XD\n|c|\u2606OnlyPyper|Me hubiera dejado de mmdas y hubiera sweepeado con la polilla mejor xd\n|\n|t:|1700115070\n|switch|p1a: Seina|Arboliva, F|100\/100\n|-damage|p1a: Seina|88\/100|[from] Stealth Rock\n|turn|14\n|c| JuzOzuj|loooool\n|c| JuzOzuj|el modelo 3d de arboliva\n|c| JuzOzuj|:0\n|\n|t:|1700115094\n|move|p2a: Mr. Espeon|Psyshock|p1a: Seina\n|-damage|p1a: Seina|29\/100\n|-fieldstart|move: Grassy Terrain|[from] ability: Seed Sower|[of] p1a: Seina\n|move|p1a: Seina|Leaf Storm|p2a: Mr. Espeon|[miss]\n|-miss|p1a: Seina|p2a: Mr. Espeon\n|\n|-heal|p1a: Seina|35\/100|[from] Grassy Terrain\n|upkeep\n|turn|15\n|c|\u2606OnlyPyper|Enserio\n|c|\u2606Corazonmorado27|voy a cambiar\n|c|\u2606OnlyPyper|Saca al weavile\n|c|\u2606Corazonmorado27|aunque probablemente pierda XD\n|c| mixco|Este combate es una cosa xd\n|c|\u2606OnlyPyper|Todo es bien ekisde\n|c|\u2606Corazonmorado27|bien ekisde\n|c| JuzOzuj|ekisde\n|\n|t:|1700115139\n|switch|p2a: Mr. Weavile|Weavile, M, tera:Dark|1\/100\n|-ability|p2a: Mr. Weavile|Pressure\n|move|p1a: Seina|Leaf Storm|p2a: Mr. Weavile|[miss]\n|-miss|p1a: Seina|p2a: Mr. Weavile\n|\n|-heal|p2a: Mr. Weavile|7\/100|[from] Grassy Terrain\n|-heal|p1a: Seina|41\/100|[from] Grassy Terrain\n|upkeep\n|turn|16\n|c| JuzOzuj|XDDDDDD\n|c|\u2606Corazonmorado27|nombre\n|c|\u2606OnlyPyper|Nomejodas\n|c| mixco|Ni el sinnoh vs sinnoh y resita estaba tan guinizado\n|c|\u2606Corazonmorado27|tiro sd\n|c|\u2606Corazonmorado27|hasta que le mate\n|c| mixco|Rosita*\n|c|\u2606Corazonmorado27|XDXDXD\n|c| JuzOzuj|XDXDXD\n|\n|t:|1700115174\n|move|p2a: Mr. Weavile|Swords Dance|p2a: Mr. Weavile\n|-boost|p2a: Mr. Weavile|atk|2\n|move|p1a: Seina|Leaf Storm|p2a: Mr. Weavile\n|-damage|p2a: Mr. Weavile|0 fnt\n|-unboost|p1a: Seina|spa|2\n|faint|p2a: Mr. Weavile\n|\n|-heal|p1a: Seina|47\/100|[from] Grassy Terrain\n|upkeep\n|c|\u2606OnlyPyper|*c queda sin pp *\n|c|\u2606Corazonmorado27|ya me joder\u00eda\n|\n|t:|1700115190\n|switch|p2a: Mr. Heracross|Heracross, M|100\/100\n|turn|17\n|\n|t:|1700115203\n|detailschange|p2a: Mr. Heracross|Heracross-Mega, M\n|-mega|p2a: Mr. Heracross|Heracross|Heracronite\n|move|p2a: Mr. Heracross|Substitute|p2a: Mr. Heracross\n|-start|p2a: Mr. Heracross|Substitute\n|-damage|p2a: Mr. Heracross|76\/100\n|move|p1a: Seina|Leaf Storm|p2a: Mr. Heracross\n|-resisted|p2a: Mr. Heracross\n|-end|p2a: Mr. Heracross|Substitute\n|-unboost|p1a: Seina|spa|2\n|\n|-heal|p2a: Mr. Heracross|82\/100|[from] Grassy Terrain\n|-heal|p1a: Seina|53\/100|[from] Grassy Terrain\n|upkeep\n|turn|18\n|c|\u2606OnlyPyper|Duro\n|\n|t:|1700115225\n|switch|p1a: Odet|Ceruledge, F|100\/100\n|move|p2a: Mr. Heracross|Substitute|p2a: Mr. Heracross\n|-start|p2a: Mr. Heracross|Substitute\n|-damage|p2a: Mr. Heracross|57\/100\n|\n|-heal|p2a: Mr. Heracross|63\/100|[from] Grassy Terrain\n|-fieldend|move: Grassy Terrain\n|upkeep\n|turn|19\n|c|\u2606Corazonmorado27|pega rico a\u00fan as\u00ed\n|c| JuzOzuj|dios lo que pega el arbolito\n|\n|t:|1700115241\n|switch|p1a: Seina|Arboliva, F|53\/100\n|-damage|p1a: Seina|41\/100|[from] Stealth Rock\n|move|p2a: Mr. Heracross|Rock Blast|p1a: Seina\n|-damage|p1a: Seina|29\/100\n|-fieldstart|move: Grassy Terrain|[from] ability: Seed Sower|[of] p1a: Seina\n|-damage|p1a: Seina|18\/100\n|-damage|p1a: Seina|5\/100\n|-damage|p1a: Seina|0 fnt\n|faint|p1a: Seina\n|-hitcount|p1: Seina|4\n|\n|-heal|p2a: Mr. Heracross|69\/100|[from] Grassy Terrain\n|upkeep\n|\n|t:|1700115249\n|switch|p1a: Toriat|Bombirdier, F|66\/100\n|-damage|p1a: Toriat|41\/100|[from] Stealth Rock\n|turn|20\n|\n|t:|1700115259\n|move|p1a: Toriat|Brave Bird|p2a: Mr. Heracross\n|-supereffective|p2a: Mr. Heracross\n|-end|p2a: Mr. Heracross|Substitute\n|-damage|p1a: Toriat|32\/100|[from] Recoil|[of] p2a: Mr. Heracross\n|move|p2a: Mr. Heracross|Rock Blast|p1a: Toriat\n|-supereffective|p1a: Toriat\n|-damage|p1a: Toriat|0 fnt\n|faint|p1a: Toriat\n|-hitcount|p1: Toriat|1\n|\n|-heal|p2a: Mr. Heracross|75\/100|[from] Grassy Terrain\n|upkeep\n|\n|t:|1700115263\n|switch|p1a: Odet|Ceruledge, F|100\/100\n|turn|21\n|\n|t:|1700115281\n|move|p1a: Odet|Bitter Blade|p2a: Mr. Heracross\n|-supereffective|p2a: Mr. Heracross\n|-damage|p2a: Mr. Heracross|0 fnt\n|faint|p2a: Mr. Heracross\n|\n|upkeep\n|\n|t:|1700115286\n|switch|p2a: Mr. Espeon|Espeon, M|100\/100\n|turn|22\n|c|\u2606Corazonmorado27|no pos gg\n|\n|t:|1700115296\n|move|p2a: Mr. Espeon|Psyshock|p1a: Odet\n|-damage|p1a: Odet|32\/100\n|move|p1a: Odet|Poltergeist|p2a: Mr. Espeon|[miss]\n|-miss|p1a: Odet|p2a: Mr. Espeon\n|\n|-heal|p1a: Odet|38\/100|[from] Grassy Terrain\n|upkeep\n|turn|23\n|c| JuzOzuj|XDDDDDDD\n|c|\u2606Corazonmorado27|noooooooo\n|c|\u2606OnlyPyper|Odio mi vida\n|c|\u2606Corazonmorado27|merecias ganar\n|c|\u2606Corazonmorado27|tiro celebrate\n|c|\u2606OnlyPyper|Pero no lo hice ekisde\n|\n|t:|1700115322\n|move|p2a: Mr. Espeon|Celebrate|p2a: Mr. Espeon\n|-activate|p2a: Mr. Espeon|move: Celebrate\n|move|p1a: Odet|Poltergeist|p2a: Mr. Espeon\n|-activate|p2a: Mr. Espeon|move: Poltergeist|Normalium Z\n|-supereffective|p2a: Mr. Espeon\n|-damage|p2a: Mr. Espeon|0 fnt\n|faint|p2a: Mr. Espeon\n|\n|win|OnlyPyper\n|c|\u2606Corazonmorado27|me culeabas solo con la polilla\n|c|\u2606Corazonmorado27|XD\n|c|\u2606OnlyPyper|Hubieras rematado y ya xd\n|c|\u2606Corazonmorado27|debi tirar eq cuando pude\n|c|\u2606Corazonmorado27|naaa\n","uploadtime":1700115344,"views":17,"p1id":"onlypyper","p2id":"corazonmorado27","formatid":"gen9nationaldexubers","rating":0,"private":0,"password":""}