{"id":"gen9nationaldexubers-1991684387","p1":"ThiccTeddyBo","p2":"GeorgiaEternatuss","format":"[Gen 9] National Dex Ubers","log":"|j|\u2606ThiccTeddyBo\n|j|\u2606GeorgiaEternatuss\n|t:|1700102376\n|gametype|singles\n|player|p1|ThiccTeddyBo|red|1384\n|player|p2|GeorgiaEternatuss|steven|1321\n|teamsize|p1|6\n|teamsize|p2|6\n|gen|9\n|tier|[Gen 9] National Dex Ubers\n|rated|\n|rule|HP Percentage Mod: HP is shown in percentages\n|rule|Endless Battle Clause: Forcing endless battles is banned\n|rule|OHKO Clause: OHKO moves are banned\n|rule|Evasion Moves Clause: Evasion moves are banned\n|rule|Evasion Items Clause: Evasion items are banned\n|rule|Species Clause: Limit one of each Pok\u00e9mon\n|rule|Sleep Clause Mod: Limit one foe put to sleep\n|rule|Mega Rayquaza Clause: You cannot mega evolve Rayquaza\n|clearpoke\n|poke|p1|Espathra, F|\n|poke|p1|Skeledirge, F|\n|poke|p1|Toxapex, M|\n|poke|p1|Necrozma-Dusk-Mane|\n|poke|p1|Xerneas-*|\n|poke|p1|Arceus|\n|poke|p2|Xerneas-*|\n|poke|p2|Zapdos|\n|poke|p2|Umbreon, F|\n|poke|p2|Marshadow|\n|poke|p2|Diancie|\n|poke|p2|Celesteela|\n|teampreview\n|\n|t:|1700102409\n|start\n|switch|p1a: Arceus|Arceus|100\/100\n|switch|p2a: Celesteela|Celesteela|100\/100\n|turn|1\n|inactive|Battle timer is ON: inactive players will automatically lose when time's up. (requested by ThiccTeddyBo)\n|\n|t:|1700102426\n|switch|p1a: Espathra|Espathra, F|100\/100\n|move|p2a: Celesteela|Autotomize|p2a: Celesteela\n|-boost|p2a: Celesteela|spe|2\n|-start|p2a: Celesteela|Autotomize\n|\n|upkeep\n|turn|2\n|\n|t:|1700102436\n|move|p2a: Celesteela|Flash Cannon|p1a: Espathra\n|-damage|p1a: Espathra|55\/100\n|move|p1a: Espathra|Calm Mind|p1a: Espathra\n|-boost|p1a: Espathra|spa|1\n|-boost|p1a: Espathra|spd|1\n|\n|-heal|p1a: Espathra|61\/100|[from] item: Leftovers\n|-ability|p1a: Espathra|Speed Boost|boost\n|-boost|p1a: Espathra|spe|1\n|upkeep\n|turn|3\n|\n|t:|1700102446\n|move|p1a: Espathra|Protect|p1a: Espathra\n|-singleturn|p1a: Espathra|Protect\n|move|p2a: Celesteela|Flash Cannon|p1a: Espathra\n|-activate|p1a: Espathra|move: Protect\n|\n|-heal|p1a: Espathra|68\/100|[from] item: Leftovers\n|-ability|p1a: Espathra|Speed Boost|boost\n|-boost|p1a: Espathra|spe|1\n|upkeep\n|turn|4\n|\n|t:|1700102466\n|switch|p2a: Umbreon|Umbreon, F|100\/100\n|move|p1a: Espathra|Calm Mind|p1a: Espathra\n|-boost|p1a: Espathra|spa|1\n|-boost|p1a: Espathra|spd|1\n|\n|-heal|p1a: Espathra|74\/100|[from] item: Leftovers\n|-ability|p1a: Espathra|Speed Boost|boost\n|-boost|p1a: Espathra|spe|1\n|upkeep\n|turn|5\n|\n|t:|1700102477\n|move|p1a: Espathra|Calm Mind|p1a: Espathra\n|-boost|p1a: Espathra|spa|1\n|-boost|p1a: Espathra|spd|1\n|move|p2a: Umbreon|Toxic|p1a: Espathra\n|-status|p1a: Espathra|tox\n|\n|-heal|p1a: Espathra|80\/100 tox|[from] item: Leftovers\n|-damage|p1a: Espathra|74\/100 tox|[from] psn\n|-ability|p1a: Espathra|Speed Boost|boost\n|-boost|p1a: Espathra|spe|1\n|upkeep\n|turn|6\n|\n|t:|1700102496\n|-terastallize|p1a: Espathra|Fire\n|move|p2a: Umbreon|Protect|p2a: Umbreon\n|-singleturn|p2a: Umbreon|Protect\n|move|p1a: Espathra|Tera Blast|p2a: Umbreon|[anim] Tera Blast Fire\n|-activate|p2a: Umbreon|move: Protect\n|\n|-heal|p1a: Espathra|80\/100 tox|[from] item: Leftovers\n|-damage|p1a: Espathra|68\/100 tox|[from] psn\n|-ability|p1a: Espathra|Speed Boost|boost\n|-boost|p1a: Espathra|spe|1\n|upkeep\n|turn|7\n|\n|t:|1700102511\n|move|p1a: Espathra|Tera Blast|p2a: Umbreon|[anim] Tera Blast Fire\n|-damage|p2a: Umbreon|65\/100\n|move|p2a: Umbreon|Wish|p2a: Umbreon\n|\n|-heal|p1a: Espathra|74\/100 tox|[from] item: Leftovers\n|-heal|p2a: Umbreon|71\/100|[from] item: Leftovers\n|-damage|p1a: Espathra|55\/100 tox|[from] psn\n|-ability|p1a: Espathra|Speed Boost|boost\n|-boost|p1a: Espathra|spe|1\n|upkeep\n|turn|8\n|\n|t:|1700102524\n|move|p2a: Umbreon|Protect|p2a: Umbreon\n|-singleturn|p2a: Umbreon|Protect\n|move|p1a: Espathra|Calm Mind|p1a: Espathra\n|-boost|p1a: Espathra|spa|1\n|-boost|p1a: Espathra|spd|1\n|\n|-heal|p2a: Umbreon|100\/100|[from] move: Wish|[wisher] Umbreon\n|-heal|p1a: Espathra|61\/100 tox|[from] item: Leftovers\n|-damage|p1a: Espathra|37\/100 tox|[from] psn\n|upkeep\n|turn|9\n|inactive|GeorgiaEternatuss has 120 seconds left.\n|\n|t:|1700102542\n|move|p1a: Espathra|Tera Blast|p2a: Umbreon|[anim] Tera Blast Fire\n|-damage|p2a: Umbreon|61\/100\n|move|p2a: Umbreon|Wish|p2a: Umbreon\n|\n|-heal|p1a: Espathra|43\/100 tox|[from] item: Leftovers\n|-heal|p2a: Umbreon|67\/100|[from] item: Leftovers\n|-damage|p1a: Espathra|13\/100 tox|[from] psn\n|upkeep\n|turn|10\n|\n|t:|1700102552\n|move|p2a: Umbreon|Protect|p2a: Umbreon\n|-singleturn|p2a: Umbreon|Protect\n|move|p1a: Espathra|Tera Blast|p2a: Umbreon|[anim] Tera Blast Fire\n|-activate|p2a: Umbreon|move: Protect\n|\n|-heal|p2a: Umbreon|100\/100|[from] move: Wish|[wisher] Umbreon\n|-heal|p1a: Espathra|19\/100 tox|[from] item: Leftovers\n|-damage|p1a: Espathra|0 fnt|[from] psn\n|faint|p1a: Espathra\n|upkeep\n|\n|t:|1700102554\n|switch|p1a: Toxapex|Toxapex, M|100\/100\n|turn|11\n|\n|t:|1700102573\n|switch|p2a: Celesteela|Celesteela|100\/100\n|move|p1a: Toxapex|Infestation|p2a: Celesteela\n|-resisted|p2a: Celesteela\n|-damage|p2a: Celesteela|99\/100\n|-activate|p2a: Celesteela|move: Infestation|[of] p1a: Toxapex\n|\n|-heal|p2a: Celesteela|100\/100|[from] item: Leftovers\n|-damage|p2a: Celesteela|88\/100|[from] move: Infestation|[partiallytrapped]\n|upkeep\n|turn|12\n|\n|t:|1700102583\n|move|p2a: Celesteela|Flash Cannon|p1a: Toxapex\n|-resisted|p1a: Toxapex\n|-damage|p1a: Toxapex|87\/100\n|move|p1a: Toxapex|Haze|p1a: Toxapex\n|-clearallboost\n|\n|-heal|p2a: Celesteela|94\/100|[from] item: Leftovers\n|-damage|p2a: Celesteela|82\/100|[from] move: Infestation|[partiallytrapped]\n|upkeep\n|turn|13\n|\n|t:|1700102593\n|move|p2a: Celesteela|Air Slash|p1a: Toxapex\n|-damage|p1a: Toxapex|62\/100\n|move|p1a: Toxapex|Infestation|p2a: Celesteela\n|-resisted|p2a: Celesteela\n|-damage|p2a: Celesteela|81\/100\n|\n|-heal|p2a: Celesteela|87\/100|[from] item: Leftovers\n|-damage|p2a: Celesteela|75\/100|[from] move: Infestation|[partiallytrapped]\n|upkeep\n|turn|14\n|\n|t:|1700102603\n|move|p2a: Celesteela|Air Slash|p1a: Toxapex\n|-damage|p1a: Toxapex|37\/100\n|cant|p1a: Toxapex|flinch\n|\n|-heal|p2a: Celesteela|81\/100|[from] item: Leftovers\n|-damage|p2a: Celesteela|69\/100|[from] move: Infestation|[partiallytrapped]\n|upkeep\n|turn|15\n|\n|t:|1700102612\n|move|p2a: Celesteela|Air Slash|p1a: Toxapex\n|-damage|p1a: Toxapex|15\/100\n|move|p1a: Toxapex|Recover|p1a: Toxapex\n|-heal|p1a: Toxapex|65\/100\n|\n|-heal|p2a: Celesteela|75\/100|[from] item: Leftovers\n|-end|p2a: Celesteela|Infestation|[partiallytrapped]\n|upkeep\n|turn|16\n|\n|t:|1700102625\n|switch|p2a: Zapdos|Zapdos|100\/100\n|move|p1a: Toxapex|Recover|p1a: Toxapex\n|-heal|p1a: Toxapex|100\/100\n|\n|upkeep\n|turn|17\n|\n|t:|1700102634\n|move|p2a: Zapdos|Volt Switch|p1a: Toxapex\n|-supereffective|p1a: Toxapex\n|-damage|p1a: Toxapex|64\/100\n|\n|t:|1700102639\n|switch|p2a: Celesteela|Celesteela|75\/100|[from] Volt Switch\n|move|p1a: Toxapex|Toxic|p2a: Celesteela\n|-immune|p2a: Celesteela\n|\n|-heal|p2a: Celesteela|81\/100|[from] item: Leftovers\n|upkeep\n|turn|18\n|-message|ThiccTeddyBo forfeited.\n|\n|win|GeorgiaEternatuss\n|raw|ThiccTeddyBo's rating: 1384 &rarr; <strong>1360<\/strong><br \/>(-24 for losing)\n|raw|GeorgiaEternatuss's rating: 1321 &rarr; <strong>1345<\/strong><br \/>(+24 for winning)\n|l|\u2606ThiccTeddyBo\n","uploadtime":1700102652,"views":11,"p1id":"thiccteddybo","p2id":"georgiaeternatuss","formatid":"gen9nationaldexubers","rating":1345,"private":0,"password":""}