{"id":"gen9nationaldexubers-1995517124","p1":"Rainer367","p2":"Weirdful","format":"[Gen 9] National Dex Ubers","log":"|j|\u2606Rainer367\n|j|\u203dWeirdful\n|t:|1700579054\n|gametype|singles\n|player|p1|Rainer367|will|\n|player|p2|Weirdful|102|\n|teamsize|p1|6\n|teamsize|p2|6\n|gen|9\n|tier|[Gen 9] National Dex Ubers\n|rule|HP Percentage Mod: HP is shown in percentages\n|rule|Endless Battle Clause: Forcing endless battles is banned\n|rule|OHKO Clause: OHKO moves are banned\n|rule|Evasion Moves Clause: Evasion moves are banned\n|rule|Evasion Items Clause: Evasion items are banned\n|rule|Species Clause: Limit one of each Pok\u00e9mon\n|rule|Sleep Clause Mod: Limit one foe put to sleep\n|rule|Mega Rayquaza Clause: You cannot mega evolve Rayquaza\n|clearpoke\n|poke|p1|Polteageist|\n|poke|p1|Dragapult, F|\n|poke|p1|Mimikyu, F|\n|poke|p1|Basculegion, M|\n|poke|p1|Annihilape, M|\n|poke|p1|Gastrodon, F|\n|poke|p2|Blaziken, M|\n|poke|p2|Gyarados, M|\n|poke|p2|Rotom-Wash|\n|poke|p2|Ferrothorn, F|\n|poke|p2|Mimikyu, M|\n|poke|p2|Toxapex, M|\n|teampreview\n|\n|t:|1700579065\n|start\n|switch|p1a: Hawk T1|Mimikyu, F, shiny|100\/100\n|switch|p2a: Mimikyu|Mimikyu, M|100\/100\n|turn|1\n|\n|t:|1700579076\n|move|p1a: Hawk T1|Swords Dance|p1a: Hawk T1\n|-boost|p1a: Hawk T1|atk|2\n|move|p2a: Mimikyu|Swords Dance|p2a: Mimikyu\n|-boost|p2a: Mimikyu|atk|2\n|\n|upkeep\n|turn|2\n|\n|t:|1700579079\n|move|p1a: Hawk T1|Swords Dance|p1a: Hawk T1\n|-boost|p1a: Hawk T1|atk|2\n|move|p2a: Mimikyu|Swords Dance|p2a: Mimikyu\n|-boost|p2a: Mimikyu|atk|2\n|\n|upkeep\n|turn|3\n|\n|t:|1700579092\n|move|p2a: Mimikyu|Shadow Sneak|p1a: Hawk T1\n|-activate|p1a: Hawk T1|ability: Disguise\n|-damage|p1a: Hawk T1|100\/100\n|detailschange|p1a: Hawk T1|Mimikyu-Busted, F, shiny\n|-damage|p1a: Hawk T1|88\/100|[from] pokemon: Mimikyu-Busted\n|-damage|p2a: Mimikyu|91\/100|[from] item: Life Orb\n|move|p1a: Hawk T1|Swords Dance|p1a: Hawk T1\n|-boost|p1a: Hawk T1|atk|2\n|\n|upkeep\n|turn|4\n|\n|t:|1700579099\n|move|p2a: Mimikyu|Shadow Sneak|p1a: Hawk T1\n|-supereffective|p1a: Hawk T1\n|-damage|p1a: Hawk T1|0 fnt\n|faint|p1a: Hawk T1\n|-damage|p2a: Mimikyu|81\/100|[from] item: Life Orb\n|\n|upkeep\n|\n|t:|1700579116\n|switch|p1a: WS-51 Dragonfly|Basculegion, M, shiny|100\/100\n|turn|5\n|\n|t:|1700579128\n|move|p2a: Mimikyu|Shadow Sneak|p1a: WS-51 Dragonfly\n|-supereffective|p1a: WS-51 Dragonfly\n|-damage|p1a: WS-51 Dragonfly|0 fnt\n|faint|p1a: WS-51 Dragonfly\n|-damage|p2a: Mimikyu|71\/100|[from] item: Life Orb\n|\n|upkeep\n|\n|t:|1700579131\n|switch|p1a: PBY Catalina|Gastrodon, F, shiny|100\/100\n|turn|6\n|\n|t:|1700579142\n|-terastallize|p1a: PBY Catalina|Ghost\n|move|p2a: Mimikyu|Play Rough|p1a: PBY Catalina\n|-damage|p1a: PBY Catalina|0 fnt\n|faint|p1a: PBY Catalina\n|-damage|p2a: Mimikyu|61\/100|[from] item: Life Orb\n|\n|upkeep\n|\n|t:|1700579150\n|switch|p1a: C-5 Galaxy|Polteageist, shiny|100\/100\n|turn|7\n|\n|t:|1700579156\n|move|p2a: Mimikyu|Shadow Sneak|p1a: C-5 Galaxy\n|-supereffective|p1a: C-5 Galaxy\n|-damage|p1a: C-5 Galaxy|0 fnt\n|faint|p1a: C-5 Galaxy\n|-damage|p2a: Mimikyu|51\/100|[from] item: Life Orb\n|\n|upkeep\n|\n|t:|1700579160\n|switch|p1a: B-2 Spirit|Dragapult, F, shiny|100\/100\n|turn|8\n|\n|t:|1700579169\n|move|p2a: Mimikyu|Shadow Sneak|p1a: B-2 Spirit\n|-supereffective|p1a: B-2 Spirit\n|-damage|p1a: B-2 Spirit|0 fnt\n|faint|p1a: B-2 Spirit\n|-damage|p2a: Mimikyu|41\/100|[from] item: Life Orb\n|\n|upkeep\n|\n|t:|1700579171\n|switch|p1a: F-15 Eagle|Annihilape, M, shiny|100\/100\n|turn|9\n|\n|t:|1700579180\n|move|p2a: Mimikyu|Shadow Sneak|p1a: F-15 Eagle\n|-supereffective|p1a: F-15 Eagle\n|-damage|p1a: F-15 Eagle|0 fnt\n|faint|p1a: F-15 Eagle\n|-damage|p2a: Mimikyu|31\/100|[from] item: Life Orb\n|\n|win|Weirdful\n","uploadtime":1700579184,"views":0,"p1id":"rainer367","p2id":"weirdful","formatid":"gen9nationaldexubers","rating":0,"private":0,"password":""}