{"id":"gen9nationaldexubers-1987002655","p1":"3eveeJ","p2":"Sacha77500","format":"[Gen 9] National Dex Ubers","log":"|j|\u26063eveeJ\n|j|\u2606Sacha77500\n|t:|1699548132\n|gametype|singles\n|player|p1|3eveeJ|cheryl|\n|player|p2|Sacha77500|ghetsis|\n|teamsize|p1|6\n|teamsize|p2|6\n|gen|9\n|tier|[Gen 9] National Dex Ubers\n|rule|HP Percentage Mod: HP is shown in percentages\n|rule|Endless Battle Clause: Forcing endless battles is banned\n|rule|OHKO Clause: OHKO moves are banned\n|rule|Evasion Moves Clause: Evasion moves are banned\n|rule|Evasion Items Clause: Evasion items are banned\n|rule|Species Clause: Limit one of each Pok\u00e9mon\n|rule|Sleep Clause Mod: Limit one foe put to sleep\n|rule|Mega Rayquaza Clause: You cannot mega evolve Rayquaza\n|clearpoke\n|poke|p1|Maushold-Four|\n|poke|p1|Ursaluna-Bloodmoon, M|\n|poke|p1|Kingambit, F|\n|poke|p1|Hatterene, F|\n|poke|p1|Ceruledge, F|\n|poke|p1|Ditto|\n|poke|p2|Aggron, M|\n|poke|p2|Darmanitan-Galar, M|\n|poke|p2|Clodsire, F|\n|poke|p2|Golisopod, M|\n|poke|p2|Ceruledge, F|\n|poke|p2|Zoroark-Hisui, F|\n|teampreview\n|inactive|Battle timer is ON: inactive players will automatically lose when time's up. (requested by Sacha77500)\n|inactive|Sacha77500 has 270 seconds left.\n|c|\u26063eveeJ|this was the first team I made before I started learning competetive. lol\n|c|\u2606Sacha77500|ok\n|\n|t:|1699548188\n|start\n|switch|p1a: Maushold|Maushold-Four|100\/100\n|switch|p2a: ATTACK!!!|Golisopod, M|100\/100\n|turn|1\n|\n|t:|1699548195\n|move|p1a: Maushold|Population Bomb|p2a: ATTACK!!!\n|-immune|p2a: ATTACK!!!\n|move|p2a: ATTACK!!!|Focus Blast|p1a: Maushold\n|-supereffective|p1a: Maushold\n|-damage|p1a: Maushold|0 fnt\n|faint|p1a: Maushold\n|\n|upkeep\n|\n|t:|1699548212\n|switch|p1a: Hatterene|Hatterene, F|100\/100\n|turn|2\n|c|\u2606Sacha77500|i just killed an entire mice famiky without remorse\n|c|\u2606Sacha77500|*family\n|\n|t:|1699548223\n|switch|p2a: ATTACK!!!|Golisopod, M|100\/100\n|move|p1a: Hatterene|Nuzzle|p2a: ATTACK!!!\n|-supereffective|p2a: ATTACK!!!\n|-damage|p2a: ATTACK!!!|94\/100\n|-status|p2a: ATTACK!!!|par\n|\n|upkeep\n|turn|3\n|c|\u26063eveeJ|I do that all the time irl. very soothing\n|\n|t:|1699548232\n|move|p2a: ATTACK!!!|First Impression|p1a: Hatterene\n|-damage|p1a: Hatterene|45\/100\n|move|p1a: Hatterene|Calm Mind|p1a: Hatterene\n|-boost|p1a: Hatterene|spa|1\n|-boost|p1a: Hatterene|spd|1\n|\n|upkeep\n|turn|4\n|c|\u2606Sacha77500|WHAT THE\n|c|\u2606Sacha77500|ME TOO\n|inactive|Sacha77500 has 270 seconds left.\n|\n|t:|1699548273\n|move|p1a: Hatterene|Draining Kiss|p2a: ATTACK!!!\n|-damage|p2a: ATTACK!!!|57\/100 par\n|-heal|p1a: Hatterene|70\/100|[from] drain|[of] p2a: ATTACK!!!\n|cant|p2a: ATTACK!!!|par\n|\n|upkeep\n|turn|5\n|c|\u2606Sacha77500|bruh\n|\n|t:|1699548281\n|move|p1a: Hatterene|Draining Kiss|p2a: ATTACK!!!\n|-damage|p2a: ATTACK!!!|25\/100 par\n|-heal|p1a: Hatterene|92\/100|[from] drain|[of] p2a: ATTACK!!!\n|-activate|p2a: ATTACK!!!|ability: Emergency Exit\n|\n|t:|1699548287\n|switch|p2a: :3|Clodsire, F|100\/100\n|\n|upkeep\n|turn|6\n|\n|t:|1699548292\n|move|p1a: Hatterene|Calm Mind|p1a: Hatterene\n|-boost|p1a: Hatterene|spa|1\n|-boost|p1a: Hatterene|spd|1\n|move|p2a: :3|Stealth Rock|p1a: Hatterene\n|move|p1a: Hatterene|Stealth Rock|p2a: :3|[from]ability: Magic Bounce\n|-sidestart|p2: Sacha77500|move: Stealth Rock\n|\n|upkeep\n|turn|7\n|c|\u2606Sacha77500|i'm the dumbest person alive\n|\n|t:|1699548304\n|switch|p2a: Rise of Kong|Darmanitan-Galar, M|100\/100\n|move|p1a: Hatterene|Stored Power|p2a: Rise of Kong\n|-damage|p2a: Rise of Kong|0 fnt\n|faint|p2a: Rise of Kong\n|\n|upkeep\n|\n|t:|1699548313\n|switch|p2a: The Rock|Aggron, M|100\/100\n|-damage|p2a: The Rock|88\/100|[from] Stealth Rock\n|turn|8\n|\n|t:|1699548323\n|move|p2a: The Rock|Bitter Malice|p1a: Hatterene\n|-supereffective|p1a: Hatterene\n|-damage|p1a: Hatterene|35\/100\n|-unboost|p1a: Hatterene|atk|1\n|move|p1a: Hatterene|Nuzzle|p2a: The Rock\n|-damage|p2a: The Rock|82\/100\n|-status|p2a: The Rock|par\n|replace|p2a: Smooth Criminal|Zoroark-Hisui, F, shiny\n|-end|p2a: Smooth Criminal|Illusion\n|\n|upkeep\n|turn|9\n|\n|t:|1699548336\n|cant|p2a: Smooth Criminal|par\n|move|p1a: Hatterene|Stored Power|p2a: Smooth Criminal\n|-damage|p2a: Smooth Criminal|0 fnt\n|faint|p2a: Smooth Criminal\n|\n|upkeep\n|c|\u2606Sacha77500|IUHYGHJUIUYHGTFDXSD\n|\n|t:|1699548342\n|switch|p2a: ATTACK!!!|Golisopod, M|25\/100 par\n|-damage|p2a: ATTACK!!!|0 fnt|[from] Stealth Rock\n|faint|p2a: ATTACK!!!\n|\n|t:|1699548347\n|switch|p2a: Battle Tendencies|Ceruledge, F|100\/100\n|-damage|p2a: Battle Tendencies|76\/100|[from] Stealth Rock\n|turn|10\n|\n|t:|1699548354\n|move|p2a: Battle Tendencies|Poltergeist|p1a: Hatterene\n|-activate|p1a: Hatterene|move: Poltergeist|Heavy-Duty Boots\n|-supereffective|p1a: Hatterene\n|-damage|p1a: Hatterene|0 fnt\n|faint|p1a: Hatterene\n|\n|upkeep\n|\n|t:|1699548365\n|switch|p1a: Ursaluna|Ursaluna-Bloodmoon, M|100\/100\n|turn|11\n|\n|t:|1699548371\n|move|p2a: Battle Tendencies|Swords Dance|p2a: Battle Tendencies\n|-boost|p2a: Battle Tendencies|atk|2\n|move|p1a: Ursaluna|Earth Power|p2a: Battle Tendencies\n|-supereffective|p2a: Battle Tendencies\n|-damage|p2a: Battle Tendencies|0 fnt\n|faint|p2a: Battle Tendencies\n|\n|upkeep\n|\n|t:|1699548376\n|switch|p2a: :3|Clodsire, F|100\/100\n|-damage|p2a: :3|94\/100|[from] Stealth Rock\n|turn|12\n|\n|t:|1699548382\n|move|p1a: Ursaluna|Earth Power|p2a: :3\n|-supereffective|p2a: :3\n|-damage|p2a: :3|40\/100\n|move|p2a: :3|Stealth Rock|p1a: Ursaluna\n|-sidestart|p1: 3eveeJ|move: Stealth Rock\n|\n|-heal|p2a: :3|46\/100|[from] item: Leftovers\n|upkeep\n|turn|13\n|\n|t:|1699548389\n|move|p1a: Ursaluna|Earth Power|p2a: :3\n|-supereffective|p2a: :3\n|-damage|p2a: :3|0 fnt\n|faint|p2a: :3\n|\n|upkeep\n|\n|t:|1699548391\n|switch|p2a: The Rock|Aggron, M|100\/100\n|-damage|p2a: The Rock|94\/100|[from] Stealth Rock\n|turn|14\n|\n|t:|1699548398\n|detailschange|p2a: The Rock|Aggron-Mega, M\n|-mega|p2a: The Rock|Aggron|Aggronite\n|move|p1a: Ursaluna|Earth Power|p2a: The Rock\n|-supereffective|p2a: The Rock\n|-damage|p2a: The Rock|0 fnt\n|faint|p2a: The Rock\n|\n|win|3eveeJ\n|c|\u2606Sacha77500|ggwp\n|c|\u26063eveeJ|gg\n|l|\u2606Sacha77500\n|j|\u2606Sacha77500\n|player|p2|Sacha77500|ghetsis\n","uploadtime":1699548411,"views":26,"p1id":"3eveej","p2id":"sacha77500","formatid":"gen9nationaldexubers","rating":0,"private":0,"password":""}