{"id":"gen9nationaldexubers-1980038095","p1":"09-10a","p2":"85792195wwww","format":"[Gen 9] National Dex Ubers","log":"|j|\u260609-10a\n|j|\u203d85792195wwww\n|t:|1698750089\n|gametype|singles\n|player|p1|09-10a|schoolkid-gen4dp|1773\n|player|p2|85792195wwww|lady|1696\n|teamsize|p1|6\n|teamsize|p2|6\n|gen|9\n|tier|[Gen 9] National Dex Ubers\n|rated|\n|rule|HP Percentage Mod: HP is shown in percentages\n|rule|Endless Battle Clause: Forcing endless battles is banned\n|rule|OHKO Clause: OHKO moves are banned\n|rule|Evasion Moves Clause: Evasion moves are banned\n|rule|Evasion Items Clause: Evasion items are banned\n|rule|Species Clause: Limit one of each Pok\u00e9mon\n|rule|Sleep Clause Mod: Limit one foe put to sleep\n|rule|Mega Rayquaza Clause: You cannot mega evolve Rayquaza\n|clearpoke\n|poke|p1|Eternatus|\n|poke|p1|Arceus-Fairy|\n|poke|p1|Necrozma-Dusk-Mane|\n|poke|p1|Groudon, L99|\n|poke|p1|Marshadow|\n|poke|p1|Zygarde|\n|poke|p2|Zacian-*|\n|poke|p2|Kyogre|\n|poke|p2|Xerneas-*|\n|poke|p2|Deoxys-Speed|\n|poke|p2|Groudon|\n|poke|p2|Arceus|\n|teampreview\n|inactive|Battle timer is ON: inactive players will automatically lose when time's up. (requested by 09-10a)\n|\n|t:|1698750112\n|start\n|switch|p1a: Marshadow|Marshadow|100\/100\n|switch|p2a: Deoxys|Deoxys-Speed|100\/100\n|-ability|p2a: Deoxys|Pressure\n|turn|1\n|\n|t:|1698750120\n|move|p1a: Marshadow|Shadow Sneak|p2a: Deoxys\n|-supereffective|p2a: Deoxys\n|-damage|p2a: Deoxys|6\/100\n|-damage|p1a: Marshadow|84\/100|[from] item: Rocky Helmet|[of] p2a: Deoxys\n|move|p2a: Deoxys|Spikes|p1a: Marshadow\n|-sidestart|p1: 09-10a|Spikes\n|\n|upkeep\n|turn|2\n|\n|t:|1698750133\n|switch|p2a: Arceus|Arceus|100\/100\n|move|p1a: Marshadow|Shadow Sneak|p2a: Arceus\n|-immune|p2a: Arceus\n|\n|upkeep\n|turn|3\n|\n|t:|1698750140\n|switch|p1a: Arceus|Arceus-Fairy|100\/100\n|-damage|p1a: Arceus|88\/100|[from] Spikes\n|switch|p2a: Deoxys|Deoxys-Speed|6\/100\n|-ability|p2a: Deoxys|Pressure\n|\n|upkeep\n|turn|4\n|\n|t:|1698750149\n|move|p2a: Deoxys|Spikes|p1a: Arceus\n|-sidestart|p1: 09-10a|Spikes\n|move|p1a: Arceus|Judgment|p2a: Deoxys\n|-damage|p2a: Deoxys|0 fnt\n|faint|p2a: Deoxys\n|\n|upkeep\n|j| shamatetuanzhang\n|\n|t:|1698750156\n|switch|p2a: Zacian|Zacian-Crowned|100\/100\n|-ability|p2a: Zacian|Intrepid Sword|boost\n|-boost|p2a: Zacian|atk|1\n|turn|5\n|\n|t:|1698750180\n|-terastallize|p1a: Arceus|Water\n|move|p2a: Zacian|Swords Dance|p2a: Zacian\n|-boost|p2a: Zacian|atk|2\n|move|p1a: Arceus|Will-O-Wisp|p2a: Zacian\n|-status|p2a: Zacian|brn\n|\n|-damage|p2a: Zacian|94\/100 brn|[from] brn\n|upkeep\n|turn|6\n|\n|t:|1698750191\n|move|p2a: Zacian|Swords Dance|p2a: Zacian\n|-boost|p2a: Zacian|atk|2\n|move|p1a: Arceus|Roar|p2a: Zacian\n|drag|p2a: Arceus|Arceus|100\/100\n|\n|upkeep\n|turn|7\n|\n|t:|1698750202\n|switch|p2a: Kyogre|Kyogre|100\/100\n|detailschange|p2a: Kyogre|Kyogre-Primal\n|-primal|p2a: Kyogre|Blue Orb\n|-weather|PrimordialSea|[from] ability: Primordial Sea|[of] p2a: Kyogre\n|move|p1a: Arceus|Will-O-Wisp|p2a: Kyogre\n|-status|p2a: Kyogre|brn\n|\n|-weather|PrimordialSea|[upkeep]\n|-damage|p2a: Kyogre|94\/100 brn|[from] brn\n|upkeep\n|turn|8\n|\n|t:|1698750221\n|switch|p1a: Eternatus|Eternatus|100\/100\n|-ability|p1a: Eternatus|Pressure\n|move|p2a: Kyogre|Water Spout|p1a: Eternatus\n|-resisted|p1a: Eternatus\n|-damage|p1a: Eternatus|59\/100\n|\n|-weather|PrimordialSea|[upkeep]\n|-damage|p2a: Kyogre|88\/100 brn|[from] brn\n|upkeep\n|turn|9\n|\n|t:|1698750232\n|move|p1a: Eternatus|Toxic Spikes|p2a: Kyogre\n|-sidestart|p2: 85792195wwww|move: Toxic Spikes\n|move|p2a: Kyogre|Ice Beam|p1a: Eternatus\n|-supereffective|p1a: Eternatus\n|-damage|p1a: Eternatus|6\/100\n|\n|-weather|PrimordialSea|[upkeep]\n|-damage|p2a: Kyogre|82\/100 brn|[from] brn\n|upkeep\n|turn|10\n|\n|t:|1698750240\n|move|p1a: Eternatus|Toxic Spikes|p2a: Kyogre\n|-sidestart|p2: 85792195wwww|move: Toxic Spikes\n|move|p2a: Kyogre|Ice Beam|p1a: Eternatus\n|-supereffective|p1a: Eternatus\n|-damage|p1a: Eternatus|0 fnt\n|faint|p1a: Eternatus\n|\n|-weather|PrimordialSea|[upkeep]\n|-damage|p2a: Kyogre|76\/100 brn|[from] brn\n|upkeep\n|\n|t:|1698750247\n|switch|p1a: Marshadow|Marshadow|84\/100\n|-damage|p1a: Marshadow|67\/100|[from] Spikes\n|turn|11\n|\n|t:|1698750253\n|-weather|none\n|switch|p2a: Zacian|Zacian-Crowned|94\/100 brn\n|move|p1a: Marshadow|Close Combat|p2a: Zacian\n|-damage|p2a: Zacian|1\/100 brn\n|-unboost|p1a: Marshadow|def|1\n|-unboost|p1a: Marshadow|spd|1\n|\n|-damage|p2a: Zacian|0 fnt|[from] brn\n|faint|p2a: Zacian\n|upkeep\n|\n|t:|1698750271\n|switch|p2a: Arceus|Arceus|100\/100\n|-status|p2a: Arceus|tox\n|turn|12\n|\n|t:|1698750284\n|move|p1a: Marshadow|Close Combat|p2a: Arceus\n|-supereffective|p2a: Arceus\n|-damage|p2a: Arceus|0 fnt\n|-unboost|p1a: Marshadow|def|1\n|-unboost|p1a: Marshadow|spd|1\n|faint|p2a: Arceus\n|\n|upkeep\n|\n|t:|1698750295\n|switch|p2a: Groudon|Groudon|100\/100\n|-status|p2a: Groudon|tox\n|detailschange|p2a: Groudon|Groudon-Primal\n|-primal|p2a: Groudon|Red Orb\n|-weather|DesolateLand|[from] ability: Desolate Land|[of] p2a: Groudon\n|turn|13\n|\n|t:|1698750302\n|switch|p1a: Zygarde|Zygarde, shiny|100\/100\n|-damage|p1a: Zygarde|84\/100|[from] Spikes\n|move|p2a: Groudon|Heat Crash|p1a: Zygarde\n|-resisted|p1a: Zygarde\n|-damage|p1a: Zygarde|53\/100\n|\n|-weather|DesolateLand|[upkeep]\n|-heal|p1a: Zygarde|59\/100|[from] item: Leftovers\n|-damage|p2a: Groudon|94\/100 tox|[from] psn\n|upkeep\n|turn|14\n|\n|t:|1698750313\n|-weather|none\n|switch|p2a: Kyogre|Kyogre-Primal|76\/100 brn\n|-weather|PrimordialSea|[from] ability: Primordial Sea|[of] p2a: Kyogre\n|move|p1a: Zygarde|Substitute|p1a: Zygarde\n|-start|p1a: Zygarde|Substitute\n|-damage|p1a: Zygarde|34\/100\n|\n|-weather|PrimordialSea|[upkeep]\n|-heal|p1a: Zygarde|40\/100|[from] item: Leftovers\n|-damage|p2a: Kyogre|70\/100 brn|[from] brn\n|-activate|p1a: Zygarde|ability: Power Construct\n|detailschange|p1a: Zygarde|Zygarde-Complete, shiny\n|-heal|p1a: Zygarde|63\/100|[silent]\n|upkeep\n|turn|15\n|\n|t:|1698750340\n|move|p1a: Zygarde|Thousand Arrows|p2a: Kyogre\n|-damage|p2a: Kyogre|33\/100 brn\n|move|p2a: Kyogre|Ice Beam|p1a: Zygarde\n|-supereffective|p1a: Zygarde\n|-end|p1a: Zygarde|Substitute\n|\n|-weather|PrimordialSea|[upkeep]\n|-heal|p1a: Zygarde|69\/100|[from] item: Leftovers\n|-damage|p2a: Kyogre|27\/100 brn|[from] brn\n|upkeep\n|turn|16\n|\n|t:|1698750351\n|move|p1a: Zygarde|Thousand Arrows|p2a: Kyogre\n|-damage|p2a: Kyogre|0 fnt\n|faint|p2a: Kyogre\n|-weather|none\n|\n|-heal|p1a: Zygarde|75\/100|[from] item: Leftovers\n|upkeep\n|\n|t:|1698750359\n|switch|p2a: Xerneas|Xerneas|100\/100\n|-status|p2a: Xerneas|tox\n|-ability|p2a: Xerneas|Fairy Aura\n|turn|17\n|\n|t:|1698750372\n|switch|p1a: Groudon|Groudon, L99, shiny|100\/100\n|-damage|p1a: Groudon|84\/100|[from] Spikes\n|detailschange|p1a: Groudon|Groudon-Primal, L99, shiny\n|-primal|p1a: Groudon|Red Orb\n|-weather|DesolateLand|[from] ability: Desolate Land|[of] p1a: Groudon\n|move|p2a: Xerneas|Geomancy||[still]\n|-prepare|p2a: Xerneas|Geomancy\n|-enditem|p2a: Xerneas|Power Herb\n|-anim|p2a: Xerneas|Geomancy|p2a: Xerneas\n|-boost|p2a: Xerneas|spa|2\n|-boost|p2a: Xerneas|spd|2\n|-boost|p2a: Xerneas|spe|2\n|\n|-weather|DesolateLand|[upkeep]\n|-damage|p2a: Xerneas|94\/100 tox|[from] psn\n|upkeep\n|turn|18\n|\n|t:|1698750388\n|-terastallize|p2a: Xerneas|Fairy\n|move|p2a: Xerneas|Moonblast|p1a: Groudon\n|-resisted|p1a: Groudon\n|-damage|p1a: Groudon|21\/100\n|move|p1a: Groudon|Precipice Blades|p2a: Xerneas|[miss]\n|-miss|p1a: Groudon|p2a: Xerneas\n|\n|-weather|DesolateLand|[upkeep]\n|-damage|p2a: Xerneas|82\/100 tox|[from] psn\n|upkeep\n|turn|19\n|\n|t:|1698750411\n|move|p2a: Xerneas|Moonblast|p1a: Groudon\n|-resisted|p1a: Groudon\n|-damage|p1a: Groudon|0 fnt\n|faint|p1a: Groudon\n|-weather|none\n|\n|-damage|p2a: Xerneas|64\/100 tox|[from] psn\n|upkeep\n|\n|t:|1698750413\n|switch|p1a: Necrozma|Necrozma-Dusk-Mane, shiny|100\/100\n|-damage|p1a: Necrozma|84\/100|[from] Spikes\n|turn|20\n|\n|t:|1698750422\n|move|p2a: Xerneas|Moonblast|p1a: Necrozma\n|-resisted|p1a: Necrozma\n|-damage|p1a: Necrozma|20\/100\n|move|p1a: Necrozma|Sunsteel Strike|p2a: Xerneas\n|-supereffective|p2a: Xerneas\n|-damage|p2a: Xerneas|0 fnt\n|faint|p2a: Xerneas\n|\n|upkeep\n|\n|t:|1698750433\n|switch|p2a: Groudon|Groudon-Primal|94\/100 tox\n|-weather|DesolateLand|[from] ability: Desolate Land|[of] p2a: Groudon\n|turn|21\n|inactive|09-10a has 120 seconds left.\n|\n|t:|1698750488\n|-zpower|p1a: Necrozma\n|move|p1a: Necrozma|Searing Sunraze Smash|p2a: Groudon|[zeffect]\n|-resisted|p2a: Groudon\n|-damage|p2a: Groudon|63\/100 tox\n|move|p2a: Groudon|Precipice Blades|p1a: Necrozma\n|-supereffective|p1a: Necrozma\n|-crit|p1a: Necrozma\n|-damage|p1a: Necrozma|0 fnt\n|faint|p1a: Necrozma\n|\n|-weather|DesolateLand|[upkeep]\n|-damage|p2a: Groudon|56\/100 tox|[from] psn\n|upkeep\n|\n|t:|1698750490\n|switch|p1a: Zygarde|Zygarde-Complete, shiny|75\/100\n|-damage|p1a: Zygarde|58\/100|[from] Spikes\n|turn|22\n|-message|85792195wwww forfeited.\n|\n|win|09-10a\n|raw|09-10a's rating: 1760 &rarr; <strong>1776<\/strong><br \/>(+16 for winning)\n|raw|85792195wwww's rating: 1696 &rarr; <strong>1680<\/strong><br \/>(-16 for losing)\n|l|\u203d85792195wwww\n","uploadtime":1698750654,"views":9,"p1id":"0910a","p2id":"85792195wwww","formatid":"gen9nationaldexubers","rating":1680,"private":0,"password":""}