{"id":"gen9nationaldexubers-1991700550","p1":"Waikiki Woopers","p2":"Boston Blisseys","format":"[Gen 9] National Dex Ubers","log":"|j|\u2606Waikiki Woopers\n|j|\u2606Boston Blisseys\n|t:|1700104264\n|gametype|singles\n|player|p1|Waikiki Woopers|swimmer|\n|player|p2|Boston Blisseys|hiker-gen4|\n|teamsize|p1|6\n|teamsize|p2|6\n|gen|9\n|tier|[Gen 9] National Dex Ubers\n|rule|HP Percentage Mod: HP is shown in percentages\n|rule|Endless Battle Clause: Forcing endless battles is banned\n|rule|OHKO Clause: OHKO moves are banned\n|rule|Evasion Moves Clause: Evasion moves are banned\n|rule|Evasion Items Clause: Evasion items are banned\n|rule|Species Clause: Limit one of each Pok\u00e9mon\n|rule|Sleep Clause Mod: Limit one foe put to sleep\n|rule|Mega Rayquaza Clause: You cannot mega evolve Rayquaza\n|clearpoke\n|poke|p1|Iron Bundle|\n|poke|p1|Iron Valiant|\n|poke|p1|Tapu Koko|\n|poke|p1|Gyarados, M|\n|poke|p1|Iron Treads|\n|poke|p1|Arcanine, F|\n|poke|p2|Magearna|\n|poke|p2|Arcanine-Hisui, M|\n|poke|p2|Rillaboom, F|\n|poke|p2|Umbreon, M|\n|poke|p2|Dragapult, M|\n|poke|p2|Quaquaval, M|\n|teampreview\n|j| BoyzArbokInTown03\n|j| cincinnaticynda\n|j| lelza\n|c| cincinnaticynda|gl to both!\n|c| lelza|gl hf to you both!\n|\n|t:|1700104329\n|start\n|switch|p1a: Galladiator|Iron Valiant, shiny|100\/100\n|switch|p2a: Say Hello|Dragapult, M|100\/100\n|turn|1\n|c|\u2606Waikiki Woopers|glhf!\n|c|\u2606Boston Blisseys|glhf\n|c|\u2606Boston Blisseys|g1\n|\n|t:|1700104344\n|move|p1a: Galladiator|Moonblast|p2a: Say Hello\n|-supereffective|p2a: Say Hello\n|-damage|p2a: Say Hello|0 fnt\n|faint|p2a: Say Hello\n|\n|upkeep\n|\n|t:|1700104355\n|switch|p2a: 2|Umbreon, M|100\/100\n|turn|2\n|c|\u2606Waikiki Woopers|no Dragapults allowed\n|j| medi34\n|c| medi34|hello my friends\n|inactive|Battle timer is ON: inactive players will automatically lose when time's up. (requested by Boston Blisseys)\n|\n|t:|1700104460\n|move|p2a: 2|Detect|p2a: 2\n|-singleturn|p2a: 2|Protect\n|move|p1a: Galladiator|Moonblast|p2a: 2\n|-activate|p2a: 2|move: Protect\n|\n|upkeep\n|turn|3\n|inactiveoff|Battle timer is now OFF.\n|\n|t:|1700104479\n|switch|p2a: Wakiki|Arcanine-Hisui, M|100\/100\n|move|p1a: Galladiator|Moonblast|p2a: Wakiki\n|-resisted|p2a: Wakiki\n|-damage|p2a: Wakiki|67\/100\n|\n|upkeep\n|turn|4\n|j| PokeHaint\n|j| RNG_G0D\n|c| RNG_G0D|Blessed be\n|\n|t:|1700104595\n|-end|p1a: Galladiator|Quark Drive|[silent]\n|switch|p1a: Granny Tzu|Arcanine, F, shiny|100\/100\n|-ability|p1a: Granny Tzu|Intimidate|boost\n|-unboost|p2a: Wakiki|atk|1\n|move|p2a: Wakiki|Head Smash|p1a: Granny Tzu\n|-supereffective|p1a: Granny Tzu\n|-damage|p1a: Granny Tzu|33\/100\n|-damage|p2a: Wakiki|50\/100|[from] item: Rocky Helmet|[of] p1a: Granny Tzu\n|\n|upkeep\n|turn|5\n|c|\u2606Waikiki Woopers|I'm so scared of this thing rn\n|\n|t:|1700104616\n|switch|p1a: Free Hugs|Iron Treads|100\/100\n|move|p2a: Wakiki|Head Smash|p1a: Free Hugs\n|-resisted|p1a: Free Hugs\n|-damage|p1a: Free Hugs|90\/100\n|\n|upkeep\n|turn|6\n|c| medi34|RNG, blessed be thy name\n|\n|t:|1700104632\n|switch|p2a: Tyrrany|Rillaboom, F|100\/100\n|-fieldstart|move: Grassy Terrain|[from] ability: Grassy Surge|[of] p2a: Tyrrany\n|-end|p1a: Free Hugs|Quark Drive|[silent]\n|switch|p1a: Granny Tzu|Arcanine, F, shiny|33\/100\n|-ability|p1a: Granny Tzu|Intimidate|boost\n|-fail|p2a: Tyrrany|unboost|[from] item: Clear Amulet|[of] p2a: Tyrrany\n|\n|-heal|p1a: Granny Tzu|40\/100|[from] Grassy Terrain\n|upkeep\n|turn|7\n|\n|t:|1700104646\n|move|p2a: Tyrrany|Swords Dance|p2a: Tyrrany\n|-boost|p2a: Tyrrany|atk|2\n|move|p1a: Granny Tzu|Morning Sun|p1a: Granny Tzu\n|-heal|p1a: Granny Tzu|90\/100\n|\n|-heal|p1a: Granny Tzu|96\/100|[from] Grassy Terrain\n|upkeep\n|turn|8\n|\n|t:|1700104654\n|move|p2a: Tyrrany|High Horsepower|p1a: Granny Tzu\n|-supereffective|p1a: Granny Tzu\n|-damage|p1a: Granny Tzu|8\/100\n|-damage|p2a: Tyrrany|84\/100|[from] item: Rocky Helmet|[of] p1a: Granny Tzu\n|move|p1a: Granny Tzu|Will-O-Wisp|p2a: Tyrrany\n|-status|p2a: Tyrrany|brn\n|\n|-heal|p2a: Tyrrany|90\/100 brn|[from] Grassy Terrain\n|-heal|p1a: Granny Tzu|15\/100|[from] Grassy Terrain\n|-damage|p2a: Tyrrany|84\/100 brn|[from] brn\n|upkeep\n|turn|9\n|\n|t:|1700104675\n|switch|p1a: The Santa Clause 2|Gyarados, M, shiny|100\/100\n|-ability|p1a: The Santa Clause 2|Intimidate|boost\n|-fail|p2a: Tyrrany|unboost|[from] item: Clear Amulet|[of] p2a: Tyrrany\n|move|p2a: Tyrrany|Swords Dance|p2a: Tyrrany\n|-boost|p2a: Tyrrany|atk|2\n|\n|-heal|p2a: Tyrrany|90\/100 brn|[from] Grassy Terrain\n|-damage|p2a: Tyrrany|84\/100 brn|[from] brn\n|upkeep\n|turn|10\n|c|\u2606Waikiki Woopers|Zach is currently recovering from an assassination attempt and will be back momentarily\n|c|\u2606Waikiki Woopers|in the meantime, how's everyone's night been?\n|l| RNG_G0D\n|j| RNG_G0D\n|l| RNG_G0D\n|\n|t:|1700104861\n|switch|p1a: Granny Tzu|Arcanine, F, shiny|15\/100\n|-ability|p1a: Granny Tzu|Intimidate|boost\n|-fail|p2a: Tyrrany|unboost|[from] item: Clear Amulet|[of] p2a: Tyrrany\n|move|p2a: Tyrrany|U-turn|p1a: Granny Tzu\n|-resisted|p1a: Granny Tzu\n|-damage|p1a: Granny Tzu|2\/100\n|-damage|p2a: Tyrrany|68\/100 brn|[from] item: Rocky Helmet|[of] p1a: Granny Tzu\n|\n|t:|1700104880\n|switch|p2a: Wakiki|Arcanine-Hisui, M|50\/100|[from] U-turn\n|\n|-heal|p2a: Wakiki|57\/100|[from] Grassy Terrain\n|-heal|p1a: Granny Tzu|8\/100|[from] Grassy Terrain\n|-fieldend|move: Grassy Terrain\n|upkeep\n|turn|11\n|\n|t:|1700104896\n|move|p2a: Wakiki|Wild Charge|p1a: Granny Tzu\n|-damage|p1a: Granny Tzu|0 fnt\n|-damage|p2a: Wakiki|40\/100|[from] item: Rocky Helmet|[of] p1a: Granny Tzu\n|faint|p1a: Granny Tzu\n|\n|upkeep\n|\n|t:|1700104904\n|switch|p1a: The Santa Clause 1|Iron Bundle|100\/100\n|turn|12\n|\n|t:|1700104916\n|switch|p2a: 2|Umbreon, M|100\/100\n|move|p1a: The Santa Clause 1|Flip Turn|p2a: 2\n|-damage|p2a: 2|88\/100\n|j| RNG_G0D\n|\n|t:|1700104922\n|-end|p1a: The Santa Clause 1|Quark Drive|[silent]\n|switch|p1a: Tim|Tapu Koko, shiny|100\/100|[from] Flip Turn\n|-fieldstart|move: Electric Terrain|[from] ability: Electric Surge|[of] p1a: Tim\n|\n|upkeep\n|turn|13\n|\n|t:|1700104936\n|switch|p1a: Galladiator|Iron Valiant, shiny|100\/100\n|-activate|p1a: Galladiator|ability: Quark Drive\n|-start|p1a: Galladiator|quarkdrivespa\n|move|p2a: 2|Detect||[still]\n|-fail|p2a: 2\n|\n|upkeep\n|turn|14\n|\n|t:|1700104953\n|-terastallize|p2a: 2|Ghost\n|move|p1a: Galladiator|Moonblast|p2a: 2\n|-damage|p2a: 2|49\/100\n|move|p2a: 2|Curse|p1a: Galladiator\n|-start|p1a: Galladiator|Curse|[of] p2a: 2\n|-damage|p2a: 2|0 fnt\n|faint|p2a: 2\n|\n|-damage|p1a: Galladiator|76\/100|[from] Curse\n|upkeep\n|\n|t:|1700104971\n|switch|p2a: Tyrrany|Rillaboom, F|68\/100 brn\n|-fieldstart|move: Grassy Terrain|[from] ability: Grassy Surge|[of] p2a: Tyrrany\n|-end|p1a: Galladiator|Quark Drive\n|turn|15\n|\n|t:|1700104979\n|-end|p1a: Galladiator|Quark Drive|[silent]\n|switch|p1a: Tim|Tapu Koko, shiny|100\/100\n|-fieldstart|move: Electric Terrain|[from] ability: Electric Surge|[of] p1a: Tim\n|move|p2a: Tyrrany|Swords Dance|p2a: Tyrrany\n|-boost|p2a: Tyrrany|atk|2\n|\n|-damage|p2a: Tyrrany|61\/100 brn|[from] brn\n|upkeep\n|turn|16\n|\n|t:|1700105013\n|switch|p1a: The Santa Clause 2|Gyarados, M, shiny|100\/100\n|-ability|p1a: The Santa Clause 2|Intimidate|boost\n|-fail|p2a: Tyrrany|unboost|[from] item: Clear Amulet|[of] p2a: Tyrrany\n|move|p2a: Tyrrany|High Horsepower|p1a: The Santa Clause 2\n|-immune|p1a: The Santa Clause 2\n|\n|-damage|p2a: Tyrrany|55\/100 brn|[from] brn\n|upkeep\n|turn|17\n|c| RNG_G0D|If I weren't a being of a higher plane of existence, I would be having war flashbacks to the hoenn elite 4\n|\n|t:|1700105027\n|move|p2a: Tyrrany|U-turn|p1a: The Santa Clause 2\n|-resisted|p1a: The Santa Clause 2\n|-damage|p1a: The Santa Clause 2|89\/100\n|c|\u2606Waikiki Woopers|xD\n|\n|t:|1700105043\n|switch|p2a: Wakiki|Arcanine-Hisui, M|40\/100|[from] U-turn\n|move|p1a: The Santa Clause 2|Earthquake|p2a: Wakiki\n|-supereffective|p2a: Wakiki\n|-damage|p2a: Wakiki|0 fnt\n|faint|p2a: Wakiki\n|\n|-heal|p1a: The Santa Clause 2|95\/100|[from] item: Leftovers\n|upkeep\n|\n|t:|1700105053\n|switch|p2a: Death|Quaquaval, M|100\/100\n|turn|18\n|\n|t:|1700105066\n|move|p2a: Death|Aqua Step|p1a: The Santa Clause 2\n|-resisted|p1a: The Santa Clause 2\n|-damage|p1a: The Santa Clause 2|78\/100\n|-boost|p2a: Death|spe|1\n|move|p1a: The Santa Clause 2|Toxic|p2a: Death\n|-status|p2a: Death|tox\n|\n|-heal|p1a: The Santa Clause 2|85\/100|[from] item: Leftovers\n|-damage|p2a: Death|94\/100 tox|[from] psn\n|upkeep\n|turn|19\n|\n|t:|1700105079\n|move|p2a: Death|Knock Off|p1a: The Santa Clause 2\n|-damage|p1a: The Santa Clause 2|56\/100\n|-enditem|p1a: The Santa Clause 2|Leftovers|[from] move: Knock Off|[of] p2a: Death\n|move|p1a: The Santa Clause 2|Roar|p2a: Death\n|drag|p2a: Tyrrany|Rillaboom, F|55\/100 brn\n|-fieldstart|move: Grassy Terrain|[from] ability: Grassy Surge|[of] p2a: Tyrrany\n|\n|-heal|p2a: Tyrrany|61\/100 brn|[from] Grassy Terrain\n|-damage|p2a: Tyrrany|55\/100 brn|[from] brn\n|upkeep\n|turn|20\n|\n|t:|1700105111\n|switch|p1a: The Santa Clause 1|Iron Bundle|100\/100\n|move|p2a: Tyrrany|U-turn|p1a: The Santa Clause 1\n|-damage|p1a: The Santa Clause 1|85\/100\n|\n|t:|1700105122\n|switch|p2a: Little Friend|Magearna|100\/100|[from] U-turn\n|\n|-heal|p1a: The Santa Clause 1|91\/100|[from] Grassy Terrain\n|upkeep\n|turn|21\n|\n|t:|1700105137\n|move|p1a: The Santa Clause 1|Taunt|p2a: Little Friend\n|-start|p2a: Little Friend|move: Taunt\n|cant|p2a: Little Friend|move: Taunt|Iron Defense\n|\n|-heal|p1a: The Santa Clause 1|97\/100|[from] Grassy Terrain\n|upkeep\n|turn|22\n|\n|t:|1700105154\n|move|p1a: The Santa Clause 1|Flip Turn|p2a: Little Friend\n|-damage|p2a: Little Friend|91\/100\n|\n|t:|1700105158\n|-end|p1a: The Santa Clause 1|Quark Drive|[silent]\n|switch|p1a: Free Hugs|Iron Treads|90\/100|[from] Flip Turn\n|move|p2a: Little Friend|Draining Kiss|p1a: Free Hugs\n|-resisted|p1a: Free Hugs\n|-damage|p1a: Free Hugs|79\/100\n|-heal|p2a: Little Friend|98\/100|[from] drain|[of] p1a: Free Hugs\n|\n|-heal|p1a: Free Hugs|86\/100|[from] Grassy Terrain\n|-heal|p2a: Little Friend|100\/100|[from] Grassy Terrain\n|upkeep\n|turn|23\n|\n|t:|1700105182\n|-end|p1a: Free Hugs|Quark Drive|[silent]\n|switch|p1a: Tim|Tapu Koko, shiny|100\/100\n|-fieldstart|move: Electric Terrain|[from] ability: Electric Surge|[of] p1a: Tim\n|switch|p2a: Tyrrany|Rillaboom, F|55\/100 brn\n|-fieldstart|move: Grassy Terrain|[from] ability: Grassy Surge|[of] p2a: Tyrrany\n|\n|-heal|p2a: Tyrrany|61\/100 brn|[from] Grassy Terrain\n|-damage|p2a: Tyrrany|55\/100 brn|[from] brn\n|upkeep\n|turn|24\n|c| RNG_G0D|Also even though I'm omniscient, I don't understand what gyrados has to do with xmas\n|c|\u2606Waikiki Woopers|Sounds like you have some studying to do\n|c| RNG_G0D|You have been cursed with bad rng for this insult\n|c|\u2606Waikiki Woopers|:O\n|c|\u2606Waikiki Woopers|rude\n|l| RNG_G0D\n|\n|t:|1700105264\n|switch|p1a: Galladiator|Iron Valiant, shiny|76\/100\n|move|p2a: Tyrrany|Swords Dance|p2a: Tyrrany\n|-boost|p2a: Tyrrany|atk|2\n|\n|-heal|p1a: Galladiator|82\/100|[from] Grassy Terrain\n|-heal|p2a: Tyrrany|61\/100 brn|[from] Grassy Terrain\n|-damage|p2a: Tyrrany|55\/100 brn|[from] brn\n|upkeep\n|turn|25\n|j| RNG_G0D\n|\n|t:|1700105274\n|move|p2a: Tyrrany|Grassy Glide|p1a: Galladiator\n|-damage|p1a: Galladiator|36\/100\n|move|p1a: Galladiator|Moonblast|p2a: Tyrrany\n|-damage|p2a: Tyrrany|0 fnt\n|faint|p2a: Tyrrany\n|\n|-heal|p1a: Galladiator|42\/100|[from] Grassy Terrain\n|upkeep\n|\n|t:|1700105285\n|switch|p2a: Little Friend|Magearna|100\/100\n|turn|26\n|\n|t:|1700105290\n|-end|p1a: Galladiator|Quark Drive|[silent]\n|switch|p1a: The Santa Clause 2|Gyarados, M, shiny|56\/100\n|-ability|p1a: The Santa Clause 2|Intimidate|boost\n|-unboost|p2a: Little Friend|atk|1\n|move|p2a: Little Friend|Calm Mind|p2a: Little Friend\n|-boost|p2a: Little Friend|spa|1\n|-boost|p2a: Little Friend|spd|1\n|\n|upkeep\n|turn|27\n|\n|t:|1700105305\n|move|p2a: Little Friend|Iron Defense|p2a: Little Friend\n|-boost|p2a: Little Friend|def|2\n|move|p1a: The Santa Clause 2|Roar|p2a: Little Friend\n|drag|p2a: Death|Quaquaval, M|94\/100 tox\n|\n|-heal|p2a: Death|100\/100 tox|[from] Grassy Terrain\n|-damage|p2a: Death|94\/100 tox|[from] psn\n|-fieldend|move: Grassy Terrain\n|upkeep\n|turn|28\n|l| RNG_G0D\n|c| medi34|RNG god is moody\n|\n|t:|1700105332\n|move|p2a: Death|Aqua Step|p1a: The Santa Clause 2\n|-resisted|p1a: The Santa Clause 2\n|-damage|p1a: The Santa Clause 2|40\/100\n|-boost|p2a: Death|spe|1\n|move|p1a: The Santa Clause 2|Earthquake|p2a: Death\n|-damage|p2a: Death|62\/100 tox\n|\n|-damage|p2a: Death|50\/100 tox|[from] psn\n|upkeep\n|turn|29\n|c|\u2606Boston Blisseys|No thats smeargle\n|j| RNG_G0D\n|c| medi34|lol\n|\n|t:|1700105357\n|switch|p1a: Galladiator|Iron Valiant, shiny|42\/100\n|move|p2a: Death|Close Combat|p1a: Galladiator\n|-resisted|p1a: Galladiator\n|-damage|p1a: Galladiator|11\/100\n|-unboost|p2a: Death|def|1\n|-unboost|p2a: Death|spd|1\n|\n|-damage|p2a: Death|32\/100 tox|[from] psn\n|upkeep\n|turn|30\n|\n|t:|1700105365\n|-end|p1a: Galladiator|Quark Drive|[silent]\n|switch|p1a: The Santa Clause 1|Iron Bundle|97\/100\n|move|p2a: Death|Aqua Step|p1a: The Santa Clause 1\n|-resisted|p1a: The Santa Clause 1\n|-damage|p1a: The Santa Clause 1|78\/100\n|-boost|p2a: Death|spe|1\n|\n|-damage|p2a: Death|7\/100 tox|[from] psn\n|upkeep\n|turn|31\n|\n|t:|1700105371\n|move|p2a: Death|Close Combat|p1a: The Santa Clause 1\n|-supereffective|p1a: The Santa Clause 1\n|-damage|p1a: The Santa Clause 1|0 fnt\n|-unboost|p2a: Death|def|1\n|-unboost|p2a: Death|spd|1\n|faint|p1a: The Santa Clause 1\n|-end|p1a: The Santa Clause 1|Quark Drive|[silent]\n|-ability|p2a: Death|Moxie|boost\n|-boost|p2a: Death|atk|1\n|\n|-damage|p2a: Death|0 fnt|[from] psn\n|faint|p2a: Death\n|upkeep\n|\n|t:|1700105378\n|switch|p1a: Galladiator|Iron Valiant, shiny|11\/100\n|switch|p2a: Little Friend|Magearna|100\/100\n|turn|32\n|\n|t:|1700105386\n|move|p1a: Galladiator|Trick|p2a: Little Friend\n|-activate|p1a: Galladiator|move: Trick|[of] p2a: Little Friend\n|-item|p2a: Little Friend|Choice Scarf|[from] move: Trick\n|-item|p1a: Galladiator|Leftovers|[from] move: Trick\n|move|p2a: Little Friend|Iron Defense|p2a: Little Friend\n|-boost|p2a: Little Friend|def|2\n|\n|-heal|p1a: Galladiator|17\/100|[from] item: Leftovers\n|upkeep\n|turn|33\n|-message|Boston Blisseys forfeited.\n|\n|win|Waikiki Woopers\n|l|\u2606Boston Blisseys\n|c|\u2606Waikiki Woopers|gg!\n","uploadtime":1700105418,"views":23,"p1id":"waikikiwoopers","p2id":"bostonblisseys","formatid":"gen9nationaldexubers","rating":0,"private":0,"password":""}