{"id":"gen9nationaldexubers-1992633807","p1":"ShadowkingAs","p2":"KarmaNightraide","format":"[Gen 9] National Dex Ubers","log":"|j|\u2606ShadowkingAs\n|j|\u2606KarmaNightraide\n|t:|1700217997\n|gametype|singles\n|player|p1|ShadowkingAs|102|1063\n|player|p2|KarmaNightraide|unknown|1241\n|teamsize|p1|6\n|teamsize|p2|6\n|gen|9\n|tier|[Gen 9] National Dex Ubers\n|rated|\n|rule|HP Percentage Mod: HP is shown in percentages\n|rule|Endless Battle Clause: Forcing endless battles is banned\n|rule|OHKO Clause: OHKO moves are banned\n|rule|Evasion Moves Clause: Evasion moves are banned\n|rule|Evasion Items Clause: Evasion items are banned\n|rule|Species Clause: Limit one of each Pok\u00e9mon\n|rule|Sleep Clause Mod: Limit one foe put to sleep\n|rule|Mega Rayquaza Clause: You cannot mega evolve Rayquaza\n|clearpoke\n|poke|p1|Salamence, F|\n|poke|p1|Darkrai|\n|poke|p1|Dialga|\n|poke|p1|Zacian-*|\n|poke|p1|Dragapult, F|\n|poke|p1|Yveltal|\n|poke|p2|Mimikyu, M|\n|poke|p2|Banette, F|\n|poke|p2|Polteageist-Antique|\n|poke|p2|Skeledirge, M|\n|poke|p2|Gourgeist-*, F|\n|poke|p2|Basculegion, M|\n|teampreview\n|\n|t:|1700218007\n|start\n|switch|p1a: Yveltal|Yveltal|100\/100\n|switch|p2a: Pumpin|Gourgeist-Small, F|100\/100\n|-ability|p1a: Yveltal|Dark Aura\n|turn|1\n|\n|t:|1700218019\n|-zpower|p2a: Pumpin\n|move|p2a: Pumpin|Z-Trick-or-Treat|p1a: Yveltal|[anim]Trick-or-Treat\n|-boost|p2a: Pumpin|atk|1|[zeffect]\n|-boost|p2a: Pumpin|def|1|[zeffect]\n|-boost|p2a: Pumpin|spa|1|[zeffect]\n|-boost|p2a: Pumpin|spd|1|[zeffect]\n|-boost|p2a: Pumpin|spe|1|[zeffect]\n|-start|p1a: Yveltal|typeadd|Ghost|[from] move: Trick-or-Treat\n|move|p1a: Yveltal|Oblivion Wing|p2a: Pumpin\n|-supereffective|p2a: Pumpin\n|-damage|p2a: Pumpin|0 fnt\n|faint|p2a: Pumpin\n|\n|upkeep\n|\n|t:|1700218037\n|switch|p2a: Wanna sip?|Polteageist-Antique|100\/100\n|turn|2\n|\n|t:|1700218041\n|move|p2a: Wanna sip?|Shell Smash|p2a: Wanna sip?\n|-unboost|p2a: Wanna sip?|def|1\n|-unboost|p2a: Wanna sip?|spd|1\n|-boost|p2a: Wanna sip?|atk|2\n|-boost|p2a: Wanna sip?|spa|2\n|-boost|p2a: Wanna sip?|spe|2\n|move|p1a: Yveltal|Dark Pulse|p2a: Wanna sip?\n|-supereffective|p2a: Wanna sip?\n|-enditem|p2a: Wanna sip?|Focus Sash\n|-damage|p2a: Wanna sip?|1\/100\n|\n|upkeep\n|turn|3\n|\n|t:|1700218052\n|move|p2a: Wanna sip?|Shadow Ball|p1a: Yveltal\n|-damage|p1a: Yveltal|24\/100\n|move|p1a: Yveltal|Roost|p1a: Yveltal\n|-heal|p1a: Yveltal|74\/100\n|-singleturn|p1a: Yveltal|move: Roost\n|\n|-heal|p1a: Yveltal|80\/100|[from] item: Leftovers\n|upkeep\n|turn|4\n|\n|t:|1700218062\n|-terastallize|p2a: Wanna sip?|Ghost\n|move|p2a: Wanna sip?|Shadow Ball|p1a: Yveltal\n|-damage|p1a: Yveltal|0 fnt\n|faint|p1a: Yveltal\n|\n|upkeep\n|\n|t:|1700218069\n|switch|p1a: Zacian|Zacian-Crowned|100\/100\n|-ability|p1a: Zacian|Intrepid Sword|boost\n|-boost|p1a: Zacian|atk|1\n|turn|5\n|\n|t:|1700218086\n|move|p2a: Wanna sip?|Shadow Ball|p1a: Zacian\n|-damage|p1a: Zacian|0 fnt\n|faint|p1a: Zacian\n|\n|upkeep\n|\n|t:|1700218091\n|switch|p1a: Darkrai|Darkrai|100\/100\n|turn|6\n|\n|t:|1700218109\n|move|p2a: Wanna sip?|Giga Drain|p1a: Darkrai\n|-damage|p1a: Darkrai|28\/100\n|-heal|p2a: Wanna sip?|40\/100|[from] drain|[of] p1a: Darkrai\n|move|p1a: Darkrai|Dark Pulse|p2a: Wanna sip?\n|-supereffective|p2a: Wanna sip?\n|-damage|p2a: Wanna sip?|0 fnt\n|faint|p2a: Wanna sip?\n|\n|upkeep\n|\n|t:|1700218123\n|switch|p2a: Lil guy my man|Mimikyu, M|100\/100\n|turn|7\n|\n|t:|1700218127\n|move|p1a: Darkrai|Hypnosis|p2a: Lil guy my man\n|-status|p2a: Lil guy my man|slp|[from] move: Hypnosis\n|cant|p2a: Lil guy my man|slp\n|\n|-damage|p2a: Lil guy my man|88\/100 slp|[from] ability: Bad Dreams|[of] p1a: Darkrai\n|upkeep\n|turn|8\n|\n|t:|1700218135\n|move|p1a: Darkrai|Nasty Plot|p1a: Darkrai\n|-boost|p1a: Darkrai|spa|2\n|-curestatus|p2a: Lil guy my man|slp|[msg]\n|move|p2a: Lil guy my man|Drain Punch|p1a: Darkrai\n|-supereffective|p1a: Darkrai\n|-damage|p1a: Darkrai|0 fnt\n|-heal|p2a: Lil guy my man|100\/100|[from] drain|[of] p1a: Darkrai\n|faint|p1a: Darkrai\n|-damage|p2a: Lil guy my man|91\/100|[from] item: Life Orb\n|\n|upkeep\n|c|\u2606KarmaNightraide|One OU and a few UU and RU vs almost all Ubers\n|\n|t:|1700218188\n|switch|p1a: Dialga|Dialga|100\/100\n|-ability|p1a: Dialga|Pressure\n|turn|9\n|\n|t:|1700218200\n|move|p2a: Lil guy my man|Swords Dance|p2a: Lil guy my man\n|-boost|p2a: Lil guy my man|atk|2\n|move|p1a: Dialga|Iron Head|p2a: Lil guy my man\n|-activate|p2a: Lil guy my man|ability: Disguise\n|-damage|p2a: Lil guy my man|91\/100\n|detailschange|p2a: Lil guy my man|Mimikyu-Busted, M\n|-damage|p2a: Lil guy my man|78\/100|[from] pokemon: Mimikyu-Busted\n|\n|upkeep\n|turn|10\n|\n|t:|1700218224\n|move|p2a: Lil guy my man|Drain Punch|p1a: Dialga\n|-supereffective|p1a: Dialga\n|-damage|p1a: Dialga|14\/100\n|-heal|p2a: Lil guy my man|100\/100|[from] drain|[of] p1a: Dialga\n|-damage|p2a: Lil guy my man|91\/100|[from] item: Life Orb\n|move|p1a: Dialga|Iron Head|p2a: Lil guy my man\n|-supereffective|p2a: Lil guy my man\n|-damage|p2a: Lil guy my man|0 fnt\n|faint|p2a: Lil guy my man\n|\n|upkeep\n|\n|t:|1700218236\n|switch|p2a: Dundy|Skeledirge, M|100\/100\n|turn|11\n|\n|t:|1700218242\n|move|p1a: Dialga|Roar of Time|p2a: Dundy\n|-damage|p2a: Dundy|0 fnt\n|-mustrecharge|p1a: Dialga\n|faint|p2a: Dundy\n|\n|upkeep\n|\n|t:|1700218248\n|switch|p2a: Go to sleep...|Banette, F|100\/100\n|turn|12\n|\n|t:|1700218259\n|detailschange|p2a: Go to sleep...|Banette-Mega, F\n|-mega|p2a: Go to sleep...|Banette|Banettite\n|cant|p1a: Dialga|recharge\n|move|p2a: Go to sleep...|Poltergeist|p1a: Dialga\n|-activate|p1a: Dialga|move: Poltergeist|Adamant Orb\n|-damage|p1a: Dialga|0 fnt\n|faint|p1a: Dialga\n|\n|upkeep\n|\n|t:|1700218269\n|switch|p1a: Salamence|Salamence, F|100\/100\n|-ability|p1a: Salamence|Intimidate|boost\n|-unboost|p2a: Go to sleep...|atk|1\n|turn|13\n|\n|t:|1700218274\n|detailschange|p1a: Salamence|Salamence-Mega, F\n|-mega|p1a: Salamence|Salamence|Salamencite\n|move|p2a: Go to sleep...|Destiny Bond|p2a: Go to sleep...\n|-singlemove|p2a: Go to sleep...|Destiny Bond\n|move|p1a: Salamence|Return|p2a: Go to sleep...\n|-damage|p2a: Go to sleep...|0 fnt\n|faint|p2a: Go to sleep...\n|-activate|p2a: Go to sleep...|move: Destiny Bond\n|faint|p1a: Salamence\n|\n|upkeep\n|\n|t:|1700218285\n|switch|p1a: Dragapult|Dragapult, F|100\/100\n|switch|p2a: Fish|Basculegion, M|100\/100\n|turn|14\n|\n|t:|1700218290\n|-terastallize|p1a: Dragapult|Dragon\n|move|p1a: Dragapult|Dragon Dance|p1a: Dragapult\n|-boost|p1a: Dragapult|atk|1\n|-boost|p1a: Dragapult|spe|1\n|move|p2a: Fish|Last Respects|p1a: Dragapult\n|-damage|p1a: Dragapult|0 fnt\n|faint|p1a: Dragapult\n|\n|win|KarmaNightraide\n|raw|ShadowkingAs's rating: 1063 &rarr; <strong>1053<\/strong><br \/>(-10 for losing)\n|raw|KarmaNightraide's rating: 1241 &rarr; <strong>1254<\/strong><br \/>(+13 for winning)\n|c|\u2606ShadowkingAs|Gg\n|c|\u2606KarmaNightraide|Gg\n|c|\u2606KarmaNightraide|For a mono ghost team with no ubers, its a good team\n|c|\u2606KarmaNightraide|I only ever use ghosts\n","uploadtime":1700218362,"views":8,"p1id":"shadowkingas","p2id":"karmanightraide","formatid":"gen9nationaldexubers","rating":1053,"private":0,"password":""}