{"id":"gen9nationaldexubers-1982569968","p1":"Gtg g u2","p2":"PenguinLover3000","format":"[Gen 9] National Dex Ubers","log":"|j|\u2606Gtg g u2\n|j|\u2606PenguinLover3000\n|t:|1699026381\n|gametype|singles\n|player|p1|Gtg g u2|red-masters|1161\n|player|p2|PenguinLover3000|brycen|1096\n|teamsize|p1|6\n|teamsize|p2|6\n|gen|9\n|tier|[Gen 9] National Dex Ubers\n|rated|\n|rule|HP Percentage Mod: HP is shown in percentages\n|rule|Endless Battle Clause: Forcing endless battles is banned\n|rule|OHKO Clause: OHKO moves are banned\n|rule|Evasion Moves Clause: Evasion moves are banned\n|rule|Evasion Items Clause: Evasion items are banned\n|rule|Species Clause: Limit one of each Pok\u00e9mon\n|rule|Sleep Clause Mod: Limit one foe put to sleep\n|rule|Mega Rayquaza Clause: You cannot mega evolve Rayquaza\n|clearpoke\n|poke|p1|Pikachu, M|\n|poke|p1|Rillaboom, M|\n|poke|p1|Cramorant, M|\n|poke|p1|Grapploct, M|\n|poke|p1|Centiskorch, M|\n|poke|p1|Runerigus, F|\n|poke|p2|Hitmonlee, M|\n|poke|p2|Enamorus-Therian, F|\n|poke|p2|Necrozma|\n|poke|p2|Aerodactyl, F|\n|poke|p2|Arceus|\n|poke|p2|Coalossal, F|\n|teampreview\n|inactive|Battle timer is ON: inactive players will automatically lose when time's up. (requested by Gtg g u2)\n|\n|t:|1699026388\n|start\n|switch|p1a: Rillaboom|Rillaboom, M|100\/100\n|switch|p2a: Arceus|Arceus|100\/100\n|-fieldstart|move: Grassy Terrain|[from] ability: Grassy Surge|[of] p1a: Rillaboom\n|turn|1\n|\n|t:|1699026392\n|move|p1a: Rillaboom|Drain Punch|p2a: Arceus\n|-supereffective|p2a: Arceus\n|-damage|p2a: Arceus|55\/100\n|-damage|p1a: Rillaboom|91\/100|[from] item: Life Orb\n|move|p2a: Arceus|Stealth Rock|p1a: Rillaboom\n|-sidestart|p1: Gtg g u2|move: Stealth Rock\n|\n|-heal|p1a: Rillaboom|97\/100|[from] Grassy Terrain\n|-heal|p2a: Arceus|61\/100|[from] Grassy Terrain\n|upkeep\n|turn|2\n|\n|t:|1699026402\n|move|p1a: Rillaboom|Knock Off|p2a: Arceus\n|-damage|p2a: Arceus|30\/100\n|-enditem|p2a: Arceus|Heavy-Duty Boots|[from] move: Knock Off|[of] p1a: Rillaboom\n|-damage|p1a: Rillaboom|87\/100|[from] item: Life Orb\n|move|p2a: Arceus|Defog|p1a: Rillaboom\n|-unboost|p1a: Rillaboom|evasion|1\n|-sideend|p1: Gtg g u2|Stealth Rock|[from] move: Defog|[of] p2a: Arceus\n|-fieldend|move: Grassy Terrain\n|\n|upkeep\n|turn|3\n|\n|t:|1699026406\n|move|p1a: Rillaboom|Grassy Glide|p2a: Arceus\n|-damage|p2a: Arceus|5\/100\n|-damage|p1a: Rillaboom|77\/100|[from] item: Life Orb\n|move|p2a: Arceus|Stealth Rock|p1a: Rillaboom\n|-sidestart|p1: Gtg g u2|move: Stealth Rock\n|\n|upkeep\n|turn|4\n|\n|t:|1699026412\n|move|p1a: Rillaboom|Drain Punch|p2a: Arceus\n|-supereffective|p2a: Arceus\n|-damage|p2a: Arceus|0 fnt\n|-heal|p1a: Rillaboom|80\/100|[from] drain|[of] p2a: Arceus\n|faint|p2a: Arceus\n|-damage|p1a: Rillaboom|70\/100|[from] item: Life Orb\n|\n|upkeep\n|\n|t:|1699026432\n|switch|p2a: Enamorus|Enamorus-Therian, F|100\/100\n|turn|5\n|\n|t:|1699026440\n|switch|p1a: Pikachu|Pikachu, M|100\/100\n|-damage|p1a: Pikachu|88\/100|[from] Stealth Rock\n|move|p2a: Enamorus|Mystical Fire|p1a: Pikachu\n|-damage|p1a: Pikachu|9\/100\n|-unboost|p1a: Pikachu|spa|1\n|\n|upkeep\n|turn|6\n|\n|t:|1699026446\n|move|p1a: Pikachu|Iron Tail|p2a: Enamorus\n|-supereffective|p2a: Enamorus\n|-damage|p2a: Enamorus|24\/100\n|-unboost|p2a: Enamorus|def|1\n|move|p2a: Enamorus|Mystical Fire|p1a: Pikachu\n|-damage|p1a: Pikachu|0 fnt\n|faint|p1a: Pikachu\n|\n|-heal|p2a: Enamorus|31\/100|[from] item: Leftovers\n|upkeep\n|\n|t:|1699026448\n|switch|p1a: Cramorant|Cramorant, M|100\/100\n|turn|7\n|\n|t:|1699026461\n|move|p1a: Cramorant|Defog|p2a: Enamorus\n|-unboost|p2a: Enamorus|evasion|1\n|-sideend|p1: Gtg g u2|Stealth Rock|[from] move: Defog|[of] p1a: Cramorant\n|move|p2a: Enamorus|Draining Kiss|p1a: Cramorant\n|-damage|p1a: Cramorant|66\/100\n|-heal|p2a: Enamorus|51\/100|[from] drain|[of] p1a: Cramorant\n|\n|-heal|p2a: Enamorus|58\/100|[from] item: Leftovers\n|upkeep\n|turn|8\n|\n|t:|1699026466\n|move|p1a: Cramorant|Surf|p2a: Enamorus\n|-formechange|p1a: Cramorant|Cramorant-Gulping|\n|-damage|p2a: Enamorus|23\/100\n|move|p2a: Enamorus|Draining Kiss|p1a: Cramorant\n|-damage|p1a: Cramorant|25\/100\n|-heal|p2a: Enamorus|48\/100|[from] drain|[of] p1a: Cramorant\n|-damage|p2a: Enamorus|23\/100|[from] ability: Gulp Missile|[of] p1a: Cramorant\n|-unboost|p2a: Enamorus|def|1\n|-formechange|p1a: Cramorant|Cramorant|\n|\n|-heal|p2a: Enamorus|29\/100|[from] item: Leftovers\n|upkeep\n|turn|9\n|\n|t:|1699026470\n|move|p1a: Cramorant|Hurricane|p2a: Enamorus\n|-damage|p2a: Enamorus|0 fnt\n|faint|p2a: Enamorus\n|\n|upkeep\n|\n|t:|1699026481\n|switch|p2a: Necrozma|Necrozma|100\/100\n|turn|10\n|\n|t:|1699026493\n|move|p2a: Necrozma|Photon Geyser|p1a: Cramorant\n|-damage|p1a: Cramorant|0 fnt\n|faint|p1a: Cramorant\n|\n|upkeep\n|\n|t:|1699026494\n|switch|p1a: Centiskorch|Centiskorch, M|100\/100\n|turn|11\n|\n|t:|1699026501\n|switch|p2a: Coalossal|Coalossal, F|100\/100\n|move|p1a: Centiskorch|Leech Life|p2a: Coalossal\n|-resisted|p2a: Coalossal\n|-damage|p2a: Coalossal|85\/100\n|\n|upkeep\n|turn|12\n|\n|t:|1699026505\n|switch|p1a: Grapploct|Grapploct, M|100\/100\n|move|p2a: Coalossal|Explosion|p1a: Grapploct\n|-damage|p1a: Grapploct|36\/100\n|faint|p2a: Coalossal\n|\n|-heal|p1a: Grapploct|42\/100|[from] item: Leftovers\n|upkeep\n|\n|t:|1699026512\n|switch|p2a: Aerodactyl|Aerodactyl, F|100\/100\n|-ability|p2a: Aerodactyl|Unnerve\n|turn|13\n|\n|t:|1699026514\n|detailschange|p2a: Aerodactyl|Aerodactyl-Mega, F\n|-mega|p2a: Aerodactyl|Aerodactyl|Aerodactylite\n|move|p2a: Aerodactyl|Psychic Fangs|p1a: Grapploct\n|-supereffective|p1a: Grapploct\n|-damage|p1a: Grapploct|0 fnt\n|faint|p1a: Grapploct\n|\n|upkeep\n|\n|t:|1699026516\n|switch|p1a: Runerigus|Runerigus, F, shiny|100\/100\n|turn|14\n|\n|t:|1699026521\n|switch|p2a: Necrozma|Necrozma|100\/100\n|move|p1a: Runerigus|Will-O-Wisp|p2a: Necrozma\n|-status|p2a: Necrozma|brn\n|\n|-damage|p2a: Necrozma|95\/100 brn|[from] brn\n|upkeep\n|turn|15\n|\n|t:|1699026531\n|switch|p1a: Rillaboom|Rillaboom, M|70\/100\n|-fieldstart|move: Grassy Terrain|[from] ability: Grassy Surge|[of] p1a: Rillaboom\n|move|p2a: Necrozma|Photon Geyser|p1a: Rillaboom\n|-damage|p1a: Rillaboom|0 fnt\n|faint|p1a: Rillaboom\n|\n|-heal|p2a: Necrozma|100\/100 brn|[from] Grassy Terrain\n|-damage|p2a: Necrozma|95\/100 brn|[from] brn\n|upkeep\n|\n|t:|1699026533\n|switch|p1a: Centiskorch|Centiskorch, M|100\/100\n|turn|16\n|\n|t:|1699026538\n|move|p2a: Necrozma|Photon Geyser|p1a: Centiskorch\n|-crit|p1a: Centiskorch\n|-damage|p1a: Centiskorch|32\/100\n|move|p1a: Centiskorch|Power Whip|p2a: Necrozma\n|-damage|p2a: Necrozma|44\/100 brn\n|\n|-heal|p2a: Necrozma|50\/100 brn|[from] Grassy Terrain\n|-heal|p1a: Centiskorch|38\/100|[from] Grassy Terrain\n|-damage|p2a: Necrozma|44\/100 brn|[from] brn\n|upkeep\n|turn|17\n|\n|t:|1699026541\n|move|p2a: Necrozma|Photon Geyser|p1a: Centiskorch\n|-damage|p1a: Centiskorch|0 fnt\n|faint|p1a: Centiskorch\n|\n|-heal|p2a: Necrozma|50\/100 brn|[from] Grassy Terrain\n|-damage|p2a: Necrozma|44\/100 brn|[from] brn\n|upkeep\n|\n|t:|1699026543\n|switch|p1a: Runerigus|Runerigus, F, shiny|100\/100\n|turn|18\n|\n|t:|1699026546\n|move|p2a: Necrozma|Photon Geyser|p1a: Runerigus\n|-damage|p1a: Runerigus|47\/100\n|move|p1a: Runerigus|Poltergeist|p2a: Necrozma\n|-activate|p2a: Necrozma|move: Poltergeist|Choice Scarf\n|-supereffective|p2a: Necrozma\n|-damage|p2a: Necrozma|0 fnt\n|faint|p2a: Necrozma\n|\n|-heal|p1a: Runerigus|53\/100|[from] Grassy Terrain\n|-heal|p1a: Runerigus|59\/100|[from] item: Leftovers\n|upkeep\n|\n|t:|1699026559\n|switch|p2a: Aerodactyl|Aerodactyl-Mega, F|100\/100\n|turn|19\n|\n|t:|1699026567\n|move|p2a: Aerodactyl|Dual Wingbeat|p1a: Runerigus|[miss]\n|-miss|p2a: Aerodactyl|p1a: Runerigus\n|move|p1a: Runerigus|Will-O-Wisp|p2a: Aerodactyl\n|-status|p2a: Aerodactyl|brn\n|\n|-heal|p1a: Runerigus|65\/100|[from] Grassy Terrain\n|-heal|p1a: Runerigus|72\/100|[from] item: Leftovers\n|-damage|p2a: Aerodactyl|95\/100 brn|[from] brn\n|-fieldend|move: Grassy Terrain\n|upkeep\n|turn|20\n|\n|t:|1699026571\n|move|p2a: Aerodactyl|Dual Wingbeat|p1a: Runerigus\n|-damage|p1a: Runerigus|60\/100\n|-activate|p1a: Runerigus|ability: Wandering Spirit|Tough Claws|Wandering Spirit|[of] p2a: Aerodactyl\n|-damage|p1a: Runerigus|53\/100\n|-hitcount|p1a: Runerigus|2\n|move|p1a: Runerigus|Stone Edge|p2a: Aerodactyl\n|-supereffective|p2a: Aerodactyl\n|-crit|p2a: Aerodactyl\n|-damage|p2a: Aerodactyl|0 fnt\n|faint|p2a: Aerodactyl\n|\n|-heal|p1a: Runerigus|59\/100|[from] item: Leftovers\n|upkeep\n|\n|t:|1699026575\n|switch|p2a: Hitmonlee|Hitmonlee, M|100\/100\n|turn|21\n|\n|t:|1699026583\n|-terastallize|p2a: Hitmonlee|Fighting\n|move|p2a: Hitmonlee|Endure|p2a: Hitmonlee\n|-singleturn|p2a: Hitmonlee|move: Endure\n|move|p1a: Runerigus|Will-O-Wisp|p2a: Hitmonlee\n|-status|p2a: Hitmonlee|brn\n|\n|-heal|p1a: Runerigus|65\/100|[from] item: Leftovers\n|-damage|p2a: Hitmonlee|94\/100 brn|[from] brn\n|upkeep\n|turn|22\n|\n|t:|1699026586\n|-terastallize|p1a: Runerigus|Ghost\n|move|p2a: Hitmonlee|Knock Off|p1a: Runerigus\n|-supereffective|p1a: Runerigus\n|-damage|p1a: Runerigus|39\/100\n|-enditem|p1a: Runerigus|Leftovers|[from] move: Knock Off|[of] p2a: Hitmonlee\n|move|p1a: Runerigus|Poltergeist|p2a: Hitmonlee\n|-activate|p2a: Hitmonlee|move: Poltergeist|Liechi Berry\n|-damage|p2a: Hitmonlee|0 fnt\n|faint|p2a: Hitmonlee\n|\n|win|Gtg g u2\n|raw|Gtg g u2's rating: 1161 &rarr; <strong>1181<\/strong><br \/>(+20 for winning)\n|raw|PenguinLover3000's rating: 1096 &rarr; <strong>1076<\/strong><br \/>(-20 for losing)\n","uploadtime":1699026593,"views":4,"p1id":"gtggu2","p2id":"penguinlover3000","formatid":"gen9nationaldexubers","rating":1076,"private":0,"password":""}