{"id":"gen9nationaldexubers-1989433935","p1":"GeorgiaEternatuss","p2":"avfalcon45","format":"[Gen 9] National Dex Ubers","log":"|j|\u2606GeorgiaEternatuss\n|j|\u2606avfalcon45\n|t:|1699849854\n|gametype|singles\n|player|p1|GeorgiaEternatuss|steven|1226\n|player|p2|avfalcon45|firebreather|1252\n|teamsize|p1|6\n|teamsize|p2|6\n|gen|9\n|tier|[Gen 9] National Dex Ubers\n|rated|\n|rule|HP Percentage Mod: HP is shown in percentages\n|rule|Endless Battle Clause: Forcing endless battles is banned\n|rule|OHKO Clause: OHKO moves are banned\n|rule|Evasion Moves Clause: Evasion moves are banned\n|rule|Evasion Items Clause: Evasion items are banned\n|rule|Species Clause: Limit one of each Pok\u00e9mon\n|rule|Sleep Clause Mod: Limit one foe put to sleep\n|rule|Mega Rayquaza Clause: You cannot mega evolve Rayquaza\n|clearpoke\n|poke|p1|Melmetal|\n|poke|p1|Porygon2|\n|poke|p1|Umbreon, F|\n|poke|p1|Zapdos|\n|poke|p1|Ninetales-Alola, M|\n|poke|p1|Diancie|\n|poke|p2|Charizard, F|\n|poke|p2|Suicune|\n|poke|p2|Darmanitan-Galar, F|\n|poke|p2|Talonflame, M|\n|poke|p2|Marowak-Alola, M|\n|poke|p2|Naganadel|\n|teampreview\n|inactive|Battle timer is ON: inactive players will automatically lose when time's up. (requested by avfalcon45)\n|\n|t:|1699849859\n|start\n|switch|p1a: Melmetal|Melmetal|100\/100\n|switch|p2a: Suicune|Suicune|100\/100\n|-ability|p2a: Suicune|Pressure\n|turn|1\n|\n|t:|1699849869\n|move|p2a: Suicune|Scald|p1a: Melmetal\n|-damage|p1a: Melmetal|84\/100\n|move|p1a: Melmetal|Thunder Punch|p2a: Suicune\n|-supereffective|p2a: Suicune\n|-damage|p2a: Suicune|63\/100\n|\n|-heal|p2a: Suicune|69\/100|[from] item: Leftovers\n|upkeep\n|turn|2\n|\n|t:|1699849883\n|switch|p1a: Umbreon|Umbreon, F|100\/100\n|move|p2a: Suicune|Scald|p1a: Umbreon\n|-crit|p1a: Umbreon\n|-damage|p1a: Umbreon|80\/100\n|-status|p1a: Umbreon|brn\n|-activate|p1a: Umbreon|ability: Synchronize\n|-status|p2a: Suicune|brn\n|\n|-heal|p2a: Suicune|75\/100 brn|[from] item: Leftovers\n|-heal|p1a: Umbreon|86\/100 brn|[from] item: Leftovers\n|-damage|p2a: Suicune|69\/100 brn|[from] brn\n|-damage|p1a: Umbreon|80\/100 brn|[from] brn\n|upkeep\n|turn|3\n|\n|t:|1699849898\n|move|p2a: Suicune|Calm Mind|p2a: Suicune\n|-boost|p2a: Suicune|spa|1\n|-boost|p2a: Suicune|spd|1\n|move|p1a: Umbreon|Wish|p1a: Umbreon\n|\n|-heal|p2a: Suicune|75\/100 brn|[from] item: Leftovers\n|-heal|p1a: Umbreon|86\/100 brn|[from] item: Leftovers\n|-damage|p2a: Suicune|69\/100 brn|[from] brn\n|-damage|p1a: Umbreon|80\/100 brn|[from] brn\n|upkeep\n|turn|4\n|\n|t:|1699849910\n|switch|p1a: Ninetales|Ninetales-Alola, M|100\/100\n|-weather|Snow|[from] ability: Snow Warning|[of] p1a: Ninetales\n|move|p2a: Suicune|Calm Mind|p2a: Suicune\n|-boost|p2a: Suicune|spa|1\n|-boost|p2a: Suicune|spd|1\n|\n|-weather|Snow|[upkeep]\n|-heal|p2a: Suicune|75\/100 brn|[from] item: Leftovers\n|-damage|p2a: Suicune|69\/100 brn|[from] brn\n|upkeep\n|turn|5\n|\n|t:|1699849935\n|move|p1a: Ninetales|Aurora Veil|p1a: Ninetales\n|-sidestart|p1: GeorgiaEternatuss|move: Aurora Veil\n|move|p2a: Suicune|Calm Mind|p2a: Suicune\n|-boost|p2a: Suicune|spa|1\n|-boost|p2a: Suicune|spd|1\n|\n|-weather|Snow|[upkeep]\n|-heal|p2a: Suicune|75\/100 brn|[from] item: Leftovers\n|-damage|p2a: Suicune|69\/100 brn|[from] brn\n|upkeep\n|turn|6\n|\n|t:|1699849946\n|switch|p1a: Melmetal|Melmetal|84\/100\n|move|p2a: Suicune|Calm Mind|p2a: Suicune\n|-boost|p2a: Suicune|spa|1\n|-boost|p2a: Suicune|spd|1\n|\n|-weather|Snow|[upkeep]\n|-heal|p2a: Suicune|75\/100 brn|[from] item: Leftovers\n|-damage|p2a: Suicune|69\/100 brn|[from] brn\n|upkeep\n|turn|7\n|\n|t:|1699849973\n|move|p2a: Suicune|Calm Mind|p2a: Suicune\n|-boost|p2a: Suicune|spa|1\n|-boost|p2a: Suicune|spd|1\n|move|p1a: Melmetal|Thunder Punch|p2a: Suicune\n|-supereffective|p2a: Suicune\n|-damage|p2a: Suicune|30\/100 brn\n|\n|-weather|Snow|[upkeep]\n|-heal|p2a: Suicune|37\/100 brn|[from] item: Leftovers\n|-damage|p2a: Suicune|30\/100 brn|[from] brn\n|upkeep\n|turn|8\n|\n|t:|1699849984\n|move|p2a: Suicune|Rest|p2a: Suicune\n|-status|p2a: Suicune|slp|[from] move: Rest\n|-heal|p2a: Suicune|100\/100 slp|[silent]\n|move|p1a: Melmetal|Thunder Punch|p2a: Suicune\n|-supereffective|p2a: Suicune\n|-damage|p2a: Suicune|62\/100 slp\n|\n|-weather|none\n|-heal|p2a: Suicune|69\/100 slp|[from] item: Leftovers\n|upkeep\n|turn|9\n|\n|t:|1699849995\n|cant|p2a: Suicune|slp\n|move|p1a: Melmetal|Thunder Punch|p2a: Suicune\n|-supereffective|p2a: Suicune\n|-damage|p2a: Suicune|28\/100 slp\n|\n|-heal|p2a: Suicune|35\/100 slp|[from] item: Leftovers\n|upkeep\n|turn|10\n|\n|t:|1699850003\n|switch|p2a: Marowak|Marowak-Alola, M|100\/100\n|move|p1a: Melmetal|Thunder Punch|p2a: Marowak\n|-ability|p2a: Marowak|Lightning Rod|boost\n|-boost|p2a: Marowak|spa|1\n|\n|upkeep\n|turn|11\n|\n|t:|1699850014\n|move|p1a: Melmetal|Darkest Lariat|p2a: Marowak\n|-supereffective|p2a: Marowak\n|-damage|p2a: Marowak|27\/100\n|move|p2a: Marowak|Low Kick|p1a: Melmetal\n|-supereffective|p1a: Melmetal\n|-damage|p1a: Melmetal|46\/100\n|\n|upkeep\n|turn|12\n|\n|t:|1699850027\n|switch|p2a: Charizard|Charizard, F, shiny|100\/100\n|move|p1a: Melmetal|Darkest Lariat|p2a: Charizard\n|-damage|p2a: Charizard|49\/100\n|\n|-sideend|p1: GeorgiaEternatuss|move: Aurora Veil\n|upkeep\n|turn|13\n|\n|t:|1699850039\n|switch|p1a: Porygon2|Porygon2|100\/100\n|move|p2a: Charizard|Flamethrower|p1a: Porygon2\n|-damage|p1a: Porygon2|80\/100\n|\n|upkeep\n|turn|14\n|\n|t:|1699850048\n|switch|p2a: Naganadel|Naganadel, shiny|100\/100\n|move|p1a: Porygon2|Tri Attack|p2a: Naganadel\n|-damage|p2a: Naganadel|46\/100\n|\n|upkeep\n|turn|15\n|\n|t:|1699850056\n|-zpower|p2a: Naganadel\n|move|p2a: Naganadel|Devastating Drake|p1a: Porygon2|[zeffect]\n|-damage|p1a: Porygon2|37\/100\n|move|p1a: Porygon2|Tri Attack|p2a: Naganadel\n|-damage|p2a: Naganadel|0 fnt\n|faint|p2a: Naganadel\n|\n|upkeep\n|inactive|avfalcon45 has 120 seconds left.\n|\n|t:|1699850090\n|switch|p2a: Talonflame|Talonflame, M|100\/100\n|turn|16\n|\n|t:|1699850096\n|switch|p1a: Zapdos|Zapdos|100\/100\n|move|p2a: Talonflame|Flare Blitz|p1a: Zapdos\n|-damage|p1a: Zapdos|65\/100\n|-damage|p2a: Talonflame|84\/100|[from] item: Rocky Helmet|[of] p1a: Zapdos\n|-damage|p2a: Talonflame|69\/100|[from] Recoil\n|\n|upkeep\n|turn|17\n|\n|t:|1699850104\n|switch|p2a: Marowak|Marowak-Alola, M|27\/100\n|move|p1a: Zapdos|Roost|p1a: Zapdos\n|-heal|p1a: Zapdos|100\/100\n|-singleturn|p1a: Zapdos|move: Roost\n|\n|upkeep\n|turn|18\n|\n|t:|1699850112\n|move|p2a: Marowak|Shadow Bone|p1a: Zapdos\n|-damage|p1a: Zapdos|54\/100\n|move|p1a: Zapdos|Whirlwind|p2a: Marowak\n|drag|p2a: Darmanitan|Darmanitan-Galar, F|100\/100\n|\n|upkeep\n|turn|19\n|\n|t:|1699850122\n|move|p2a: Darmanitan|Icicle Crash|p1a: Zapdos\n|-supereffective|p1a: Zapdos\n|-damage|p1a: Zapdos|0 fnt\n|faint|p1a: Zapdos\n|\n|upkeep\n|\n|t:|1699850131\n|switch|p1a: Ninetales|Ninetales-Alola, M|100\/100\n|-weather|Snow|[from] ability: Snow Warning|[of] p1a: Ninetales\n|turn|20\n|\n|t:|1699850138\n|move|p1a: Ninetales|Aurora Veil|p1a: Ninetales\n|-sidestart|p1: GeorgiaEternatuss|move: Aurora Veil\n|move|p2a: Darmanitan|U-turn|p1a: Ninetales\n|-resisted|p1a: Ninetales\n|-damage|p1a: Ninetales|95\/100\n|\n|t:|1699850141\n|switch|p2a: Charizard|Charizard, F, shiny|49\/100|[from] U-turn\n|\n|-weather|Snow|[upkeep]\n|upkeep\n|turn|21\n|\n|t:|1699850151\n|detailschange|p2a: Charizard|Charizard-Mega-Y, F, shiny\n|-mega|p2a: Charizard|Charizard|Charizardite Y\n|-weather|SunnyDay|[from] ability: Drought|[of] p2a: Charizard\n|move|p1a: Ninetales|Hypnosis|p2a: Charizard|[miss]\n|-miss|p1a: Ninetales|p2a: Charizard\n|move|p2a: Charizard|Flamethrower|p1a: Ninetales\n|-supereffective|p1a: Ninetales\n|-damage|p1a: Ninetales|16\/100\n|\n|-weather|SunnyDay|[upkeep]\n|upkeep\n|turn|22\n|\n|t:|1699850162\n|move|p1a: Ninetales|Hypnosis|p2a: Charizard\n|-status|p2a: Charizard|slp|[from] move: Hypnosis\n|cant|p2a: Charizard|slp\n|\n|-weather|SunnyDay|[upkeep]\n|upkeep\n|turn|23\n|\n|t:|1699850169\n|move|p1a: Ninetales|Freeze-Dry|p2a: Charizard\n|-damage|p2a: Charizard|28\/100 slp\n|cant|p2a: Charizard|slp\n|\n|-weather|SunnyDay|[upkeep]\n|upkeep\n|turn|24\n|\n|t:|1699850176\n|move|p1a: Ninetales|Moonblast|p2a: Charizard\n|-resisted|p2a: Charizard\n|-damage|p2a: Charizard|13\/100 slp\n|cant|p2a: Charizard|slp\n|\n|-weather|SunnyDay|[upkeep]\n|upkeep\n|turn|25\n|\n|t:|1699850186\n|switch|p2a: Talonflame|Talonflame, M|69\/100\n|move|p1a: Ninetales|Freeze-Dry|p2a: Talonflame\n|-damage|p2a: Talonflame|36\/100\n|\n|-weather|none\n|upkeep\n|turn|26\n|\n|t:|1699850196\n|switch|p1a: Diancie|Diancie|100\/100\n|move|p2a: Talonflame|Flare Blitz|p1a: Diancie\n|-resisted|p1a: Diancie\n|-damage|p1a: Diancie|88\/100\n|-status|p1a: Diancie|brn\n|-damage|p2a: Talonflame|33\/100|[from] Recoil\n|\n|-damage|p1a: Diancie|82\/100 brn|[from] brn\n|upkeep\n|turn|27\n|\n|t:|1699850209\n|detailschange|p1a: Diancie|Diancie-Mega\n|-mega|p1a: Diancie|Diancie|Diancite\n|move|p2a: Talonflame|Defog|p1a: Diancie\n|move|p1a: Diancie|Defog|p2a: Talonflame|[from]ability: Magic Bounce\n|-unboost|p2a: Talonflame|evasion|1\n|move|p1a: Diancie|Diamond Storm|p2a: Talonflame\n|-supereffective|p2a: Talonflame\n|-damage|p2a: Talonflame|0 fnt\n|faint|p2a: Talonflame\n|\n|-damage|p1a: Diancie|76\/100 brn|[from] brn\n|-sideend|p1: GeorgiaEternatuss|move: Aurora Veil\n|upkeep\n|\n|t:|1699850231\n|switch|p2a: Suicune|Suicune|35\/100 slp\n|-ability|p2a: Suicune|Pressure\n|turn|28\n|\n|t:|1699850236\n|move|p1a: Diancie|Moonblast|p2a: Suicune\n|-damage|p2a: Suicune|0 fnt\n|faint|p2a: Suicune\n|\n|-damage|p1a: Diancie|69\/100 brn|[from] brn\n|upkeep\n|\n|t:|1699850255\n|switch|p2a: Darmanitan|Darmanitan-Galar, F|100\/100\n|turn|29\n|\n|t:|1699850262\n|-terastallize|p2a: Darmanitan|Ground\n|move|p1a: Diancie|Body Press|p2a: Darmanitan\n|-damage|p2a: Darmanitan|86\/100\n|move|p2a: Darmanitan|Earthquake|p1a: Diancie\n|-supereffective|p1a: Diancie\n|-damage|p1a: Diancie|0 fnt\n|faint|p1a: Diancie\n|\n|upkeep\n|\n|t:|1699850277\n|switch|p1a: Ninetales|Ninetales-Alola, M|16\/100\n|-weather|Snow|[from] ability: Snow Warning|[of] p1a: Ninetales\n|turn|30\n|\n|t:|1699850283\n|switch|p2a: Charizard|Charizard-Mega-Y, F, shiny|13\/100 slp\n|-weather|SunnyDay|[from] ability: Drought|[of] p2a: Charizard\n|move|p1a: Ninetales|Aurora Veil||[still]\n|-fail|p1a: Ninetales\n|\n|-weather|SunnyDay|[upkeep]\n|upkeep\n|turn|31\n|\n|t:|1699850292\n|move|p1a: Ninetales|Moonblast|p2a: Charizard\n|-resisted|p2a: Charizard\n|-damage|p2a: Charizard|0 fnt\n|faint|p2a: Charizard\n|\n|-weather|SunnyDay|[upkeep]\n|upkeep\n|\n|t:|1699850297\n|switch|p2a: Marowak|Marowak-Alola, M|27\/100\n|turn|32\n|\n|t:|1699850305\n|switch|p1a: Melmetal|Melmetal|46\/100\n|move|p2a: Marowak|Flare Blitz|p1a: Melmetal\n|-supereffective|p1a: Melmetal\n|-damage|p1a: Melmetal|0 fnt\n|faint|p1a: Melmetal\n|-damage|p2a: Marowak|8\/100|[from] Recoil\n|\n|-weather|SunnyDay|[upkeep]\n|upkeep\n|\n|t:|1699850316\n|switch|p1a: Ninetales|Ninetales-Alola, M|16\/100\n|-weather|Snow|[from] ability: Snow Warning|[of] p1a: Ninetales\n|turn|33\n|\n|t:|1699850321\n|move|p1a: Ninetales|Moonblast|p2a: Marowak\n|-resisted|p2a: Marowak\n|-damage|p2a: Marowak|0 fnt\n|faint|p2a: Marowak\n|\n|-weather|Snow|[upkeep]\n|upkeep\n|\n|t:|1699850323\n|switch|p2a: Darmanitan|Darmanitan-Galar, F, tera:Ground|86\/100\n|turn|34\n|\n|t:|1699850330\n|move|p1a: Ninetales|Freeze-Dry|p2a: Darmanitan\n|-supereffective|p2a: Darmanitan\n|-damage|p2a: Darmanitan|20\/100\n|move|p2a: Darmanitan|Earthquake|p1a: Ninetales\n|-crit|p1a: Ninetales\n|-damage|p1a: Ninetales|0 fnt\n|faint|p1a: Ninetales\n|\n|-weather|Snow|[upkeep]\n|-formechange|p2a: Darmanitan|Darmanitan-Galar-Zen|\n|upkeep\n|\n|t:|1699850342\n|switch|p1a: Umbreon|Umbreon, F|80\/100 brn\n|turn|35\n|\n|t:|1699850351\n|move|p2a: Darmanitan|Earthquake|p1a: Umbreon\n|-damage|p1a: Umbreon|34\/100 brn\n|move|p1a: Umbreon|Foul Play|p2a: Darmanitan\n|-damage|p2a: Darmanitan|0 fnt\n|faint|p2a: Darmanitan\n|\n|win|GeorgiaEternatuss\n|raw|GeorgiaEternatuss's rating: 1226 &rarr; <strong>1253<\/strong><br \/>(+27 for winning)\n|raw|avfalcon45's rating: 1252 &rarr; <strong>1225<\/strong><br \/>(-27 for losing)\n|l|\u2606avfalcon45\n","uploadtime":1699850360,"views":10,"p1id":"georgiaeternatuss","p2id":"avfalcon45","formatid":"gen9nationaldexubers","rating":1225,"private":0,"password":""}