{"id":"gen9nationaldexubers-1990611742","p1":"Dontoutpizzathehut","p2":"flatzissmurfed \u269d\u5f61","format":"[Gen 9] National Dex Ubers","log":"|j|\u2606Dontoutpizzathehut\n|j|\u2606flatzissmurfed \u269d\u5f61\n|t:|1699985635\n|gametype|singles\n|player|p1|Dontoutpizzathehut|101|1124\n|player|p2|flatzissmurfed \u269d\u5f61|kieran|1079\n|teamsize|p1|6\n|teamsize|p2|6\n|gen|9\n|tier|[Gen 9] National Dex Ubers\n|rated|\n|rule|HP Percentage Mod: HP is shown in percentages\n|rule|Endless Battle Clause: Forcing endless battles is banned\n|rule|OHKO Clause: OHKO moves are banned\n|rule|Evasion Moves Clause: Evasion moves are banned\n|rule|Evasion Items Clause: Evasion items are banned\n|rule|Species Clause: Limit one of each Pok\u00e9mon\n|rule|Sleep Clause Mod: Limit one foe put to sleep\n|rule|Mega Rayquaza Clause: You cannot mega evolve Rayquaza\n|clearpoke\n|poke|p1|Zygarde-10%|\n|poke|p1|Ursaluna-Bloodmoon, M|\n|poke|p1|Durant, F|\n|poke|p1|Gothitelle, F|\n|poke|p1|Murkrow, F|\n|poke|p1|Dugtrio, F|\n|poke|p2|Electrode-Hisui|\n|poke|p2|Blissey, F|\n|poke|p2|Kyogre|\n|poke|p2|Swoobat, M|\n|poke|p2|Ho-Oh|\n|poke|p2|Zacian-*|\n|teampreview\n|inactive|Battle timer is ON: inactive players will automatically lose when time's up. (requested by flatzissmurfed \u269d\u5f61)\n|inactive|Dontoutpizzathehut also wants the timer to be on.\n|\n|t:|1699985650\n|start\n|switch|p1a: Murkrow|Murkrow, F|100\/100\n|switch|p2a: turbo star|Electrode-Hisui|100\/100\n|turn|1\n|\n|t:|1699985660\n|move|p1a: Murkrow|Perish Song|p1a: Murkrow\n|-start|p1a: Murkrow|perish3|[silent]\n|-immune|p2a: turbo star|[from] ability: Soundproof\n|-fieldactivate|move: Perish Song\n|move|p2a: turbo star|Substitute|p2a: turbo star\n|-start|p2a: turbo star|Substitute\n|-damage|p2a: turbo star|76\/100\n|\n|-heal|p2a: turbo star|82\/100|[from] item: Leftovers\n|-start|p1a: Murkrow|perish3\n|upkeep\n|turn|2\n|\n|t:|1699985674\n|switch|p1a: Durant|Durant, F|100\/100\n|move|p2a: turbo star|Leech Seed|p1a: Durant\n|-start|p1a: Durant|move: Leech Seed\n|\n|-heal|p2a: turbo star|88\/100|[from] item: Leftovers\n|-damage|p1a: Durant|88\/100|[from] Leech Seed|[of] p2a: turbo star\n|-heal|p2a: turbo star|98\/100|[silent]\n|upkeep\n|turn|3\n|\n|t:|1699985679\n|move|p2a: turbo star|Protect|p2a: turbo star\n|-singleturn|p2a: turbo star|Protect\n|move|p1a: Durant|Entrainment|p2a: turbo star\n|-activate|p2a: turbo star|move: Protect\n|\n|-heal|p2a: turbo star|100\/100|[from] item: Leftovers\n|-damage|p1a: Durant|76\/100|[from] Leech Seed|[of] p2a: turbo star\n|upkeep\n|turn|4\n|\n|t:|1699985686\n|cant|p1a: Durant|ability: Truant\n|move|p2a: turbo star|Leech Seed||[still]\n|-fail|p2a: turbo star\n|\n|-damage|p1a: Durant|63\/100|[from] Leech Seed|[of] p2a: turbo star\n|upkeep\n|turn|5\n|\n|t:|1699985695\n|move|p2a: turbo star|Protect|p2a: turbo star\n|-singleturn|p2a: turbo star|Protect\n|move|p1a: Durant|Entrainment|p2a: turbo star\n|-activate|p2a: turbo star|move: Protect\n|\n|-damage|p1a: Durant|51\/100|[from] Leech Seed|[of] p2a: turbo star\n|upkeep\n|turn|6\n|\n|t:|1699985701\n|switch|p1a: Ursaluna|Ursaluna-Bloodmoon, M|100\/100\n|move|p2a: turbo star|Giga Drain|p1a: Ursaluna\n|-supereffective|p1a: Ursaluna\n|-damage|p1a: Ursaluna|56\/100\n|\n|upkeep\n|turn|7\n|\n|t:|1699985704\n|move|p2a: turbo star|Giga Drain|p1a: Ursaluna\n|-supereffective|p1a: Ursaluna\n|-damage|p1a: Ursaluna|14\/100\n|move|p1a: Ursaluna|Blood Moon|p2a: turbo star\n|-end|p2a: turbo star|Substitute\n|\n|upkeep\n|turn|8\n|\n|t:|1699985713\n|move|p2a: turbo star|Substitute|p2a: turbo star\n|-start|p2a: turbo star|Substitute\n|-damage|p2a: turbo star|76\/100\n|-activate|p1a: Ursaluna|move: Struggle\n|move|p1a: Ursaluna|Struggle|p2a: turbo star\n|-activate|p2a: turbo star|move: Substitute|[damage]\n|-damage|p1a: Ursaluna|0 fnt|[from] recoil\n|faint|p1a: Ursaluna\n|\n|-heal|p2a: turbo star|82\/100|[from] item: Leftovers\n|upkeep\n|\n|t:|1699985724\n|switch|p1a: Zygarde|Zygarde-10%|100\/100\n|turn|9\n|\n|t:|1699985727\n|move|p2a: turbo star|Leech Seed|p1a: Zygarde\n|-start|p1a: Zygarde|move: Leech Seed\n|move|p1a: Zygarde|Dragon Dance|p1a: Zygarde\n|-boost|p1a: Zygarde|atk|1\n|-boost|p1a: Zygarde|spe|1\n|\n|-heal|p2a: turbo star|88\/100|[from] item: Leftovers\n|-damage|p1a: Zygarde|88\/100|[from] Leech Seed|[of] p2a: turbo star\n|-heal|p2a: turbo star|98\/100|[silent]\n|upkeep\n|turn|10\n|\n|t:|1699985733\n|move|p1a: Zygarde|Thousand Arrows|p2a: turbo star\n|-end|p2a: turbo star|Substitute\n|move|p2a: turbo star|Giga Drain|p1a: Zygarde\n|-damage|p1a: Zygarde|52\/100\n|-heal|p2a: turbo star|100\/100|[from] drain|[of] p1a: Zygarde\n|\n|-damage|p1a: Zygarde|40\/100|[from] Leech Seed|[of] p2a: turbo star\n|-activate|p1a: Zygarde|ability: Power Construct\n|detailschange|p1a: Zygarde|Zygarde-Complete\n|-heal|p1a: Zygarde|74\/100|[silent]\n|upkeep\n|turn|11\n|\n|t:|1699985738\n|move|p2a: turbo star|Protect|p2a: turbo star\n|-singleturn|p2a: turbo star|Protect\n|move|p1a: Zygarde|Outrage|p2a: turbo star\n|-activate|p2a: turbo star|move: Protect\n|\n|-damage|p1a: Zygarde|62\/100|[from] Leech Seed|[of] p2a: turbo star\n|upkeep\n|turn|12\n|\n|t:|1699985743\n|switch|p2a: hydra|Zacian|100\/100\n|-ability|p2a: hydra|Intrepid Sword|boost\n|-boost|p2a: hydra|atk|1\n|move|p1a: Zygarde|Outrage|p2a: hydra\n|-immune|p2a: hydra\n|\n|-damage|p1a: Zygarde|49\/100|[from] Leech Seed|[of] p2a: hydra\n|upkeep\n|turn|13\n|\n|t:|1699985750\n|move|p1a: Zygarde|Thousand Arrows|p2a: hydra\n|-damage|p2a: hydra|41\/100\n|move|p2a: hydra|Play Rough|p1a: Zygarde|[miss]\n|-miss|p2a: hydra|p1a: Zygarde\n|\n|-damage|p1a: Zygarde|37\/100|[from] Leech Seed|[of] p2a: hydra\n|-heal|p2a: hydra|63\/100|[silent]\n|upkeep\n|turn|14\n|\n|t:|1699985753\n|-terastallize|p1a: Zygarde|Steel\n|move|p1a: Zygarde|Iron Tail|p2a: hydra|[miss]\n|-miss|p1a: Zygarde|p2a: hydra\n|move|p2a: hydra|Play Rough|p1a: Zygarde\n|-resisted|p1a: Zygarde\n|-damage|p1a: Zygarde|20\/100\n|-unboost|p1a: Zygarde|atk|1\n|\n|-damage|p1a: Zygarde|7\/100|[from] Leech Seed|[of] p2a: hydra\n|-heal|p2a: hydra|85\/100|[silent]\n|upkeep\n|turn|15\n|\n|t:|1699985760\n|move|p1a: Zygarde|Iron Tail|p2a: hydra|[miss]\n|-miss|p1a: Zygarde|p2a: hydra\n|move|p2a: hydra|Close Combat|p1a: Zygarde\n|-supereffective|p1a: Zygarde\n|-damage|p1a: Zygarde|0 fnt\n|-unboost|p2a: hydra|def|1\n|-unboost|p2a: hydra|spd|1\n|faint|p1a: Zygarde\n|\n|upkeep\n|\n|t:|1699985767\n|switch|p1a: Durant|Durant, F|51\/100\n|turn|16\n|\n|t:|1699985773\n|switch|p2a: dragoon|Ho-Oh|100\/100\n|-ability|p2a: dragoon|Pressure\n|move|p1a: Durant|Entrainment|p2a: dragoon\n|-endability|p2a: dragoon|Pressure|[from] move: Entrainment\n|-ability|p2a: dragoon|Truant|[from] move: Entrainment\n|\n|upkeep\n|turn|17\n|\n|t:|1699985781\n|switch|p1a: Gothitelle|Gothitelle, F|100\/100\n|switch|p2a: slick star|Swoobat, M|100\/100\n|\n|upkeep\n|turn|18\n|\n|t:|1699985788\n|switch|p1a: Murkrow|Murkrow, F|100\/100\n|move|p2a: slick star|Substitute|p2a: slick star\n|-start|p2a: slick star|Substitute\n|-damage|p2a: slick star|75\/100\n|\n|upkeep\n|turn|19\n|\n|t:|1699985792\n|switch|p2a: turbo star|Electrode-Hisui|100\/100\n|move|p1a: Murkrow|Perish Song|p1a: Murkrow\n|-start|p1a: Murkrow|perish3|[silent]\n|-immune|p2a: turbo star|[from] ability: Soundproof\n|-fieldactivate|move: Perish Song\n|\n|-start|p1a: Murkrow|perish3\n|upkeep\n|turn|20\n|l|\u2606Dontoutpizzathehut\n|inactive|Dontoutpizzathehut disconnected and has a minute to reconnect!\n|player|p1|\n|n|\u2606flatzissmurfed \u269d\u5f61|flatzissmurfed\n|c|\u2606flatzissmurfed \u269d\u5f61|L\n|inactive|Dontoutpizzathehut has 30 seconds to reconnect!\n|inactive|Dontoutpizzathehut has 20 seconds to reconnect!\n|inactive|Dontoutpizzathehut has 15 seconds to reconnect!\n|inactive|Dontoutpizzathehut has 10 seconds to reconnect!\n|inactive|Dontoutpizzathehut has 5 seconds to reconnect!\n|-message|Dontoutpizzathehut lost due to inactivity.\n|\n|win|flatzissmurfed \u269d\u5f61\n|raw|Dontoutpizzathehut's rating: 1124 &rarr; <strong>1096<\/strong><br \/>(-28 for losing)\n|raw|flatzissmurfed \u269d\u5f61's rating: 1079 &rarr; <strong>1111<\/strong><br \/>(+32 for winning)\n","uploadtime":1699986077,"views":7,"p1id":"dontoutpizzathehut","p2id":"flatzissmurfed","formatid":"gen9nationaldexubers","rating":1096,"private":0,"password":""}