{"id":"gen9nationaldexubers-1995909443","p1":"Rhyfinn1.1.1","p2":"m0055","format":"[Gen 9] National Dex Ubers","log":"|j|\u2606Rhyfinn1.1.1\n|j|\u2606m0055\n|t:|1700616296\n|gametype|singles\n|player|p1|Rhyfinn1.1.1|ninjaboy|1283\n|player|p2|m0055|roxanne|1322\n|teamsize|p1|6\n|teamsize|p2|6\n|gen|9\n|tier|[Gen 9] National Dex Ubers\n|rated|\n|rule|HP Percentage Mod: HP is shown in percentages\n|rule|Endless Battle Clause: Forcing endless battles is banned\n|rule|OHKO Clause: OHKO moves are banned\n|rule|Evasion Moves Clause: Evasion moves are banned\n|rule|Evasion Items Clause: Evasion items are banned\n|rule|Species Clause: Limit one of each Pok\u00e9mon\n|rule|Sleep Clause Mod: Limit one foe put to sleep\n|rule|Mega Rayquaza Clause: You cannot mega evolve Rayquaza\n|clearpoke\n|poke|p1|Xerneas-*|\n|poke|p1|Marshadow|\n|poke|p1|Groudon|\n|poke|p1|Deoxys-Speed|\n|poke|p1|Necrozma-Dusk-Mane|\n|poke|p1|Pheromosa|\n|poke|p2|Incineroar, M|\n|poke|p2|Deoxys-Attack|\n|poke|p2|Gyarados, F|\n|poke|p2|Ferrothorn, M|\n|poke|p2|Aggron, F|\n|poke|p2|Gliscor, M|\n|teampreview\n|inactive|Battle timer is ON: inactive players will automatically lose when time's up. (requested by Rhyfinn1.1.1)\n|inactive|m0055 also wants the timer to be on.\n|\n|t:|1700616314\n|start\n|switch|p1a: Deoxys|Deoxys-Speed, shiny|100\/100\n|switch|p2a: Incineroar|Incineroar, M|100\/100\n|-ability|p1a: Deoxys|Pressure\n|-ability|p2a: Incineroar|Intimidate|boost\n|-unboost|p1a: Deoxys|atk|1\n|turn|1\n|\n|t:|1700616328\n|move|p2a: Incineroar|Fake Out|p1a: Deoxys\n|-damage|p1a: Deoxys|87\/100\n|cant|p1a: Deoxys|flinch\n|\n|upkeep\n|turn|2\n|\n|t:|1700616334\n|move|p1a: Deoxys|Stealth Rock|p2a: Incineroar\n|-sidestart|p2: m0055|move: Stealth Rock\n|move|p2a: Incineroar|Flare Blitz|p1a: Deoxys\n|-damage|p1a: Deoxys|25\/100\n|-damage|p2a: Incineroar|83\/100|[from] Recoil\n|\n|upkeep\n|turn|3\n|\n|t:|1700616345\n|move|p1a: Deoxys|Taunt|p2a: Incineroar\n|-start|p2a: Incineroar|move: Taunt\n|move|p2a: Incineroar|U-turn|p1a: Deoxys\n|-supereffective|p1a: Deoxys\n|-damage|p1a: Deoxys|0 fnt\n|faint|p1a: Deoxys\n|\n|t:|1700616353\n|switch|p2a: Gliscor|Gliscor, M|100\/100|[from] U-turn\n|-damage|p2a: Gliscor|88\/100|[from] Stealth Rock\n|\n|-status|p2a: Gliscor|tox|[from] item: Toxic Orb\n|upkeep\n|\n|t:|1700616357\n|switch|p1a: Pheromosa|Pheromosa, shiny|100\/100\n|turn|4\n|\n|t:|1700616363\n|move|p1a: Pheromosa|Ice Beam|p2a: Gliscor\n|-supereffective|p2a: Gliscor\n|-damage|p2a: Gliscor|0 fnt\n|faint|p2a: Gliscor\n|-ability|p1a: Pheromosa|Beast Boost|boost\n|-boost|p1a: Pheromosa|spe|1\n|-damage|p1a: Pheromosa|91\/100|[from] item: Life Orb\n|\n|upkeep\n|\n|t:|1700616372\n|switch|p2a: Deoxys|Deoxys-Attack|100\/100\n|-damage|p2a: Deoxys|88\/100|[from] Stealth Rock\n|-ability|p2a: Deoxys|Pressure\n|turn|5\n|\n|t:|1700616378\n|-terastallize|p2a: Deoxys|Normal\n|move|p2a: Deoxys|Extreme Speed|p1a: Pheromosa\n|-damage|p1a: Pheromosa|0 fnt\n|faint|p1a: Pheromosa\n|\n|upkeep\n|\n|t:|1700616401\n|switch|p1a: Groudon|Groudon, shiny|100\/100\n|detailschange|p1a: Groudon|Groudon-Primal, shiny\n|-primal|p1a: Groudon|Red Orb\n|-weather|DesolateLand|[from] ability: Desolate Land|[of] p1a: Groudon\n|turn|6\n|\n|t:|1700616410\n|switch|p2a: Incineroar|Incineroar, M|83\/100\n|-damage|p2a: Incineroar|59\/100|[from] Stealth Rock\n|-ability|p2a: Incineroar|Intimidate|boost\n|-unboost|p1a: Groudon|atk|1\n|move|p1a: Groudon|Rock Polish|p1a: Groudon\n|-boost|p1a: Groudon|spe|2\n|\n|-weather|DesolateLand|[upkeep]\n|upkeep\n|turn|7\n|\n|t:|1700616424\n|move|p2a: Incineroar|Fake Out|p1a: Groudon\n|-damage|p1a: Groudon|92\/100\n|cant|p1a: Groudon|flinch\n|\n|-weather|DesolateLand|[upkeep]\n|upkeep\n|turn|8\n|\n|t:|1700616430\n|move|p1a: Groudon|Earth Power|p2a: Incineroar\n|-supereffective|p2a: Incineroar\n|-damage|p2a: Incineroar|0 fnt\n|faint|p2a: Incineroar\n|\n|-weather|DesolateLand|[upkeep]\n|upkeep\n|\n|t:|1700616438\n|switch|p2a: Gyarados|Gyarados, F|100\/100\n|-damage|p2a: Gyarados|76\/100|[from] Stealth Rock\n|-ability|p2a: Gyarados|Intimidate|boost\n|-unboost|p1a: Groudon|atk|1\n|turn|9\n|\n|t:|1700616447\n|move|p1a: Groudon|Solar Beam||[still]\n|-prepare|p1a: Groudon|Solar Beam\n|-anim|p1a: Groudon|Solar Beam|p2a: Gyarados\n|-damage|p2a: Gyarados|19\/100\n|move|p2a: Gyarados|Dragon Dance|p2a: Gyarados\n|-boost|p2a: Gyarados|atk|1\n|-boost|p2a: Gyarados|spe|1\n|\n|-weather|DesolateLand|[upkeep]\n|upkeep\n|turn|10\n|\n|t:|1700616461\n|detailschange|p2a: Gyarados|Gyarados-Mega, F\n|-mega|p2a: Gyarados|Gyarados|Gyaradosite\n|-ability|p2a: Gyarados|Mold Breaker\n|move|p1a: Groudon|Solar Beam||[still]\n|-prepare|p1a: Groudon|Solar Beam\n|-anim|p1a: Groudon|Solar Beam|p2a: Gyarados\n|-supereffective|p2a: Gyarados\n|-damage|p2a: Gyarados|0 fnt\n|faint|p2a: Gyarados\n|\n|-weather|DesolateLand|[upkeep]\n|upkeep\n|-message|m0055 forfeited.\n|\n|win|Rhyfinn1.1.1\n|raw|Rhyfinn1.1.1's rating: 1283 &rarr; <strong>1311<\/strong><br \/>(+28 for winning)\n|raw|m0055's rating: 1322 &rarr; <strong>1300<\/strong><br \/>(-22 for losing)\n|l|\u2606m0055\n","uploadtime":1700616471,"views":0,"p1id":"rhyfinn111","p2id":"m0055","formatid":"gen9nationaldexubers","rating":1300,"private":0,"password":""}