{"id":"gen9nationaldexubers-1993867145","p1":"vaperon gae cex","p2":"Vinh612","format":"[Gen 9] National Dex Ubers","log":"|j|\u2606vaperon gae cex\n|j|\u2606Vinh612\n|t:|1700367406\n|gametype|singles\n|player|p1|vaperon gae cex|170|1087\n|player|p2|Vinh612|lucas|1000\n|teamsize|p1|6\n|teamsize|p2|6\n|gen|9\n|tier|[Gen 9] National Dex Ubers\n|rated|\n|rule|HP Percentage Mod: HP is shown in percentages\n|rule|Endless Battle Clause: Forcing endless battles is banned\n|rule|OHKO Clause: OHKO moves are banned\n|rule|Evasion Moves Clause: Evasion moves are banned\n|rule|Evasion Items Clause: Evasion items are banned\n|rule|Species Clause: Limit one of each Pok\u00e9mon\n|rule|Sleep Clause Mod: Limit one foe put to sleep\n|rule|Mega Rayquaza Clause: You cannot mega evolve Rayquaza\n|clearpoke\n|poke|p1|Dracovish|\n|poke|p1|Groudon|\n|poke|p1|Necrozma-Dusk-Mane|\n|poke|p1|Vaporeon, M|\n|poke|p1|Furret, F|\n|poke|p1|Calyrex-Ice|\n|poke|p2|Arceus|\n|poke|p2|Darkrai|\n|poke|p2|Groudon|\n|poke|p2|Kyurem-Black|\n|poke|p2|Pikachu-Alola, M|\n|poke|p2|Melmetal|\n|teampreview\n|\n|t:|1700367413\n|start\n|switch|p1a: Abomination|Dracovish|100\/100\n|switch|p2a: Melmetal|Melmetal|100\/100\n|turn|1\n|\n|t:|1700367421\n|-terastallize|p1a: Abomination|Water\n|move|p1a: Abomination|Draco Meteor|p2a: Melmetal\n|-resisted|p2a: Melmetal\n|-crit|p2a: Melmetal\n|-damage|p2a: Melmetal|75\/100\n|-unboost|p1a: Abomination|spa|2\n|move|p2a: Melmetal|Toxic|p1a: Abomination\n|-status|p1a: Abomination|tox\n|\n|-damage|p1a: Abomination|94\/100 tox|[from] psn\n|upkeep\n|turn|2\n|\n|t:|1700367433\n|switch|p1a: Uwu|Groudon|100\/100\n|detailschange|p1a: Uwu|Groudon-Primal\n|-primal|p1a: Uwu|Red Orb\n|-weather|DesolateLand|[from] ability: Desolate Land|[of] p1a: Uwu\n|move|p2a: Melmetal|Double Iron Bash|p1a: Uwu\n|-resisted|p1a: Uwu\n|-damage|p1a: Uwu|88\/100\n|-resisted|p1a: Uwu\n|-damage|p1a: Uwu|73\/100\n|-hitcount|p1a: Uwu|2\n|\n|-weather|DesolateLand|[upkeep]\n|upkeep\n|turn|3\n|\n|t:|1700367446\n|switch|p2a: Groudon|Groudon|100\/100\n|detailschange|p2a: Groudon|Groudon-Primal\n|-primal|p2a: Groudon|Red Orb\n|move|p1a: Uwu|Eruption|p2a: Groudon\n|-resisted|p2a: Groudon\n|-damage|p2a: Groudon|57\/100\n|\n|-weather|DesolateLand|[upkeep]\n|upkeep\n|turn|4\n|\n|t:|1700367454\n|move|p1a: Uwu|Precipice Blades|p2a: Groudon|[miss]\n|-miss|p1a: Uwu|p2a: Groudon\n|move|p2a: Groudon|Precipice Blades|p1a: Uwu\n|-supereffective|p1a: Uwu\n|-damage|p1a: Uwu|0 fnt\n|faint|p1a: Uwu\n|\n|-weather|DesolateLand|[upkeep]\n|upkeep\n|\n|t:|1700367461\n|switch|p1a: Ferret|Furret, F|100\/100\n|turn|5\n|\n|t:|1700367465\n|move|p1a: Ferret|Quick Attack|p2a: Groudon\n|-damage|p2a: Groudon|50\/100\n|move|p2a: Groudon|Stealth Rock|p1a: Ferret\n|-sidestart|p1: vaperon gae cex|move: Stealth Rock\n|\n|-weather|DesolateLand|[upkeep]\n|upkeep\n|turn|6\n|\n|t:|1700367471\n|move|p1a: Ferret|Tidy Up|p1a: Ferret\n|-sideend|p1: vaperon gae cex|Stealth Rock\n|-activate|p1a: Ferret|move: Tidy Up\n|-boost|p1a: Ferret|atk|1\n|-boost|p1a: Ferret|spe|1\n|move|p2a: Groudon|Rock Tomb|p1a: Ferret\n|-crit|p1a: Ferret\n|-damage|p1a: Ferret|51\/100\n|-unboost|p1a: Ferret|spe|1\n|\n|-weather|DesolateLand|[upkeep]\n|upkeep\n|turn|7\n|\n|t:|1700367482\n|move|p1a: Ferret|Zen Headbutt|p2a: Groudon\n|-damage|p2a: Groudon|36\/100\n|move|p2a: Groudon|Stealth Rock|p1a: Ferret\n|-sidestart|p1: vaperon gae cex|move: Stealth Rock\n|\n|-weather|DesolateLand|[upkeep]\n|upkeep\n|turn|8\n|\n|t:|1700367490\n|move|p1a: Ferret|Tidy Up|p1a: Ferret\n|-sideend|p1: vaperon gae cex|Stealth Rock\n|-activate|p1a: Ferret|move: Tidy Up\n|-boost|p1a: Ferret|atk|1\n|-boost|p1a: Ferret|spe|1\n|move|p2a: Groudon|Precipice Blades|p1a: Ferret\n|-damage|p1a: Ferret|0 fnt\n|faint|p1a: Ferret\n|\n|-weather|DesolateLand|[upkeep]\n|upkeep\n|\n|t:|1700367500\n|switch|p1a: Juan|Calyrex-Ice|100\/100\n|-ability|p1a: Juan|As One\n|-ability|p1a: Juan|Unnerve\n|turn|9\n|\n|t:|1700367510\n|move|p2a: Groudon|Stealth Rock|p1a: Juan\n|-sidestart|p1: vaperon gae cex|move: Stealth Rock\n|move|p1a: Juan|Trick Room|p1a: Juan\n|-fieldstart|move: Trick Room|[of] p1a: Juan\n|\n|-weather|DesolateLand|[upkeep]\n|upkeep\n|turn|10\n|\n|t:|1700367518\n|move|p1a: Juan|Glacial Lance|p2a: Groudon\n|-damage|p2a: Groudon|0 fnt\n|faint|p2a: Groudon\n|-weather|none\n|-ability|p1a: Juan|Chilling Neigh|boost\n|-boost|p1a: Juan|atk|1\n|\n|upkeep\n|\n|t:|1700367525\n|switch|p2a: Melmetal|Melmetal|75\/100\n|turn|11\n|\n|t:|1700367534\n|move|p2a: Melmetal|Toxic|p1a: Juan\n|-status|p1a: Juan|tox\n|move|p1a: Juan|Glacial Lance|p2a: Melmetal\n|-resisted|p2a: Melmetal\n|-crit|p2a: Melmetal\n|-damage|p2a: Melmetal|29\/100\n|\n|-damage|p1a: Juan|94\/100 tox|[from] psn\n|upkeep\n|turn|12\n|\n|t:|1700367543\n|move|p2a: Melmetal|Double Iron Bash|p1a: Juan\n|-supereffective|p1a: Juan\n|-damage|p1a: Juan|47\/100 tox\n|-supereffective|p1a: Juan\n|-damage|p1a: Juan|2\/100 tox\n|-hitcount|p1a: Juan|2\n|move|p1a: Juan|Aromatherapy|p1a: Juan\n|-activate|p1a: Juan|move: Aromatherapy\n|-curestatus|p1a: Juan|tox|[msg]\n|-curestatus|p1: Abomination|tox|[msg]\n|\n|upkeep\n|turn|13\n|\n|t:|1700367555\n|move|p2a: Melmetal|Ice Punch|p1a: Juan\n|-resisted|p1a: Juan\n|-damage|p1a: Juan|0 fnt\n|faint|p1a: Juan\n|\n|-fieldend|move: Trick Room\n|upkeep\n|\n|t:|1700367562\n|switch|p1a: Abomination|Dracovish, tera:Water|94\/100\n|-damage|p1a: Abomination|82\/100|[from] Stealth Rock\n|turn|14\n|\n|t:|1700367568\n|move|p1a: Abomination|Fishious Rend|p2a: Melmetal\n|-damage|p2a: Melmetal|0 fnt\n|faint|p2a: Melmetal\n|\n|upkeep\n|\n|t:|1700367576\n|switch|p2a: Pikachu|Pikachu-Alola, M|100\/100\n|turn|15\n|\n|t:|1700367581\n|move|p1a: Abomination|Fishious Rend|p2a: Pikachu\n|-damage|p2a: Pikachu|0 fnt\n|faint|p2a: Pikachu\n|\n|upkeep\n|\n|t:|1700367586\n|switch|p2a: Darkrai|Darkrai|100\/100\n|turn|16\n|\n|t:|1700367591\n|move|p1a: Abomination|Fishious Rend|p2a: Darkrai\n|-damage|p2a: Darkrai|0 fnt\n|faint|p2a: Darkrai\n|\n|upkeep\n|\n|t:|1700367595\n|switch|p2a: Kyurem|Kyurem-Black|100\/100\n|-ability|p2a: Kyurem|Teravolt\n|turn|17\n|\n|t:|1700367602\n|move|p1a: Abomination|Fishious Rend|p2a: Kyurem\n|-resisted|p2a: Kyurem\n|-damage|p2a: Kyurem|46\/100\n|-zpower|p2a: Kyurem\n|move|p2a: Kyurem|Subzero Slammer|p1a: Abomination|[zeffect]\n|-resisted|p1a: Abomination\n|-damage|p1a: Abomination|20\/100\n|\n|upkeep\n|turn|18\n|\n|t:|1700367611\n|move|p1a: Abomination|Fishious Rend|p2a: Kyurem\n|-resisted|p2a: Kyurem\n|-crit|p2a: Kyurem\n|-damage|p2a: Kyurem|0 fnt\n|faint|p2a: Kyurem\n|\n|upkeep\n|\n|t:|1700367617\n|switch|p2a: Arceus|Arceus|100\/100\n|turn|19\n|\n|t:|1700367623\n|-terastallize|p2a: Arceus|Normal\n|move|p1a: Abomination|Fishious Rend|p2a: Arceus\n|-damage|p2a: Arceus|13\/100\n|move|p2a: Arceus|Shadow Ball|p1a: Abomination\n|-damage|p1a: Abomination|0 fnt\n|faint|p1a: Abomination\n|\n|-heal|p2a: Arceus|19\/100|[from] item: Leftovers\n|upkeep\n|\n|t:|1700367634\n|switch|p1a: Long Live The King|Necrozma-Dusk-Mane|100\/100\n|-damage|p1a: Long Live The King|94\/100|[from] Stealth Rock\n|turn|20\n|\n|t:|1700367643\n|detailschange|p1a: Long Live The King|Necrozma-Ultra\n|-burst|p1a: Long Live The King|Necrozma|Ultranecrozium Z\n|move|p2a: Arceus|Recover|p2a: Arceus\n|-heal|p2a: Arceus|69\/100\n|move|p1a: Long Live The King|Photon Geyser|p2a: Arceus\n|-damage|p2a: Arceus|35\/100\n|\n|-heal|p2a: Arceus|41\/100|[from] item: Leftovers\n|upkeep\n|turn|21\n|\n|t:|1700367654\n|move|p2a: Arceus|Extreme Speed|p1a: Long Live The King\n|-damage|p1a: Long Live The King|54\/100\n|-zpower|p1a: Long Live The King\n|move|p1a: Long Live The King|Light That Burns the Sky|p2a: Arceus|[zeffect]\n|-damage|p2a: Arceus|0 fnt\n|faint|p2a: Arceus\n|\n|win|vaperon gae cex\n|raw|vaperon gae cex's rating: 1087 &rarr; <strong>1107<\/strong><br \/>(+20 for winning)\n|raw|Vinh612's rating: 1000 &rarr; <strong>1000<\/strong><br \/>(+0 for losing)\n","uploadtime":1700367665,"views":8,"p1id":"vaperongaecex","p2id":"vinh612","formatid":"gen9nationaldexubers","rating":1000,"private":0,"password":""}