{"id":"gen9nationaldexubers-1991657184","p1":"Smackey_5","p2":"speedykidyo","format":"[Gen 9] National Dex Ubers","log":"|j|\u2606Smackey_5\n|j|\u2606speedykidyo\n|t:|1700099243\n|gametype|singles\n|player|p1|Smackey_5|silver|\n|player|p2|speedykidyo|1|\n|teamsize|p1|6\n|teamsize|p2|6\n|gen|9\n|tier|[Gen 9] National Dex Ubers\n|rule|HP Percentage Mod: HP is shown in percentages\n|rule|Endless Battle Clause: Forcing endless battles is banned\n|rule|OHKO Clause: OHKO moves are banned\n|rule|Evasion Moves Clause: Evasion moves are banned\n|rule|Evasion Items Clause: Evasion items are banned\n|rule|Species Clause: Limit one of each Pok\u00e9mon\n|rule|Sleep Clause Mod: Limit one foe put to sleep\n|rule|Mega Rayquaza Clause: You cannot mega evolve Rayquaza\n|clearpoke\n|poke|p1|Kingambit, F|\n|poke|p1|Cresselia, F|\n|poke|p1|Kommo-o, M|\n|poke|p1|Donphan, F|\n|poke|p1|Charizard, M|\n|poke|p1|Quagsire, F|\n|poke|p2|Ting-Lu|\n|poke|p2|Urshifu-*, F|\n|poke|p2|Typhlosion, M|\n|poke|p2|Crobat, M|\n|poke|p2|Tyranitar, F|\n|poke|p2|Dracozolt|\n|teampreview\n|j| Lunar Sloth\n|c| Lunar Sloth|First\n|j| VoIteon\n|c|\u2606speedykidyo|wanna wait for people to join?\n|c|\u2606Smackey_5|yea wait till 750\n|c|\u2606speedykidyo|ok\n|c|\u2606Smackey_5|ready?\n|c|\u2606speedykidyo|yeah sure\n|inactive|Battle timer is ON: inactive players will automatically lose when time's up. (requested by Smackey_5)\n|\n|t:|1700099416\n|start\n|switch|p1a: Charizard|Charizard, M|100\/100\n|switch|p2a: haha fissure go br|Ting-Lu|100\/100\n|-ability|p2a: haha fissure go br|Vessel of Ruin\n|turn|1\n|\n|t:|1700099427\n|detailschange|p1a: Charizard|Charizard-Mega-Y, M\n|-mega|p1a: Charizard|Charizard|Charizardite Y\n|-weather|SunnyDay|[from] ability: Drought|[of] p1a: Charizard\n|move|p1a: Charizard|Scorching Sands|p2a: haha fissure go br\n|-damage|p2a: haha fissure go br|88\/100\n|-status|p2a: haha fissure go br|brn\n|move|p2a: haha fissure go br|Stealth Rock|p1a: Charizard\n|-sidestart|p1: Smackey_5|move: Stealth Rock\n|\n|-weather|SunnyDay|[upkeep]\n|-heal|p2a: haha fissure go br|94\/100 brn|[from] item: Leftovers\n|-damage|p2a: haha fissure go br|88\/100 brn|[from] brn\n|upkeep\n|turn|2\n|\n|t:|1700099446\n|switch|p1a: Donphan|Donphan, F|100\/100\n|move|p2a: haha fissure go br|Ruination|p1a: Donphan\n|-damage|p1a: Donphan|51\/100\n|\n|-weather|SunnyDay|[upkeep]\n|-heal|p2a: haha fissure go br|94\/100 brn|[from] item: Leftovers\n|-damage|p2a: haha fissure go br|88\/100 brn|[from] brn\n|upkeep\n|turn|3\n|\n|t:|1700099461\n|move|p1a: Donphan|Rapid Spin|p2a: haha fissure go br\n|-damage|p2a: haha fissure go br|78\/100 brn\n|-boost|p1a: Donphan|spe|1\n|-sideend|p1: Smackey_5|Stealth Rock|[from] move: Rapid Spin|[of] p1a: Donphan\n|move|p2a: haha fissure go br|Whirlwind|p1a: Donphan\n|drag|p1a: Kommo-o|Kommo-o, M|100\/100\n|\n|-weather|SunnyDay|[upkeep]\n|-heal|p2a: haha fissure go br|84\/100 brn|[from] item: Leftovers\n|-damage|p2a: haha fissure go br|78\/100 brn|[from] brn\n|upkeep\n|turn|4\n|inactive|speedykidyo has 270 seconds left.\n|\n|t:|1700099485\n|switch|p2a: funny bear|Urshifu-Rapid-Strike, F|100\/100\n|-zpower|p1a: Kommo-o\n|move|p1a: Kommo-o|Clangorous Soulblaze|p2a: funny bear|[zeffect]\n|-damage|p2a: funny bear|1\/100\n|-boost|p1a: Kommo-o|atk|1\n|-boost|p1a: Kommo-o|def|1\n|-boost|p1a: Kommo-o|spa|1\n|-boost|p1a: Kommo-o|spd|1\n|-boost|p1a: Kommo-o|spe|1\n|\n|-weather|SunnyDay|[upkeep]\n|upkeep\n|turn|5\n|inactive|speedykidyo has 270 seconds left.\n|\n|t:|1700099504\n|move|p2a: funny bear|Close Combat|p1a: Kommo-o\n|-damage|p1a: Kommo-o|63\/100\n|-unboost|p2a: funny bear|def|1\n|-unboost|p2a: funny bear|spd|1\n|move|p1a: Kommo-o|Dragon Claw|p2a: funny bear\n|-damage|p2a: funny bear|0 fnt\n|faint|p2a: funny bear\n|\n|-weather|none\n|upkeep\n|inactive|speedykidyo has 240 seconds left.\n|\n|t:|1700099541\n|switch|p2a: fwiend|Crobat, M|100\/100\n|turn|6\n|inactive|speedykidyo has 240 seconds left.\n|\n|t:|1700099567\n|move|p1a: Kommo-o|Dragon Claw|p2a: fwiend\n|-damage|p2a: fwiend|33\/100\n|move|p2a: fwiend|Super Fang|p1a: Kommo-o\n|-damage|p1a: Kommo-o|32\/100\n|\n|upkeep\n|turn|7\n|inactive|speedykidyo has 210 seconds left.\n|\n|t:|1700099601\n|switch|p2a: haha fissure go br|Ting-Lu|78\/100 brn\n|-ability|p2a: haha fissure go br|Vessel of Ruin\n|move|p1a: Kommo-o|Dragon Claw|p2a: haha fissure go br\n|-damage|p2a: haha fissure go br|50\/100 brn\n|\n|-heal|p2a: haha fissure go br|56\/100 brn|[from] item: Leftovers\n|-damage|p2a: haha fissure go br|50\/100 brn|[from] brn\n|upkeep\n|turn|8\n|\n|t:|1700099613\n|move|p1a: Kommo-o|Drain Punch|p2a: haha fissure go br\n|-supereffective|p2a: haha fissure go br\n|-damage|p2a: haha fissure go br|0 fnt\n|-heal|p1a: Kommo-o|74\/100|[from] drain|[of] p2a: haha fissure go br\n|faint|p2a: haha fissure go br\n|\n|upkeep\n|c|\u2606speedykidyo|shit\n|inactive|speedykidyo has 180 seconds left.\n|inactive|speedykidyo has 150 seconds left.\n|\n|t:|1700099697\n|switch|p2a: fwiend|Crobat, M|33\/100\n|turn|9\n|inactive|speedykidyo has 120 seconds left.\n|\n|t:|1700099729\n|move|p1a: Kommo-o|Dragon Claw|p2a: fwiend\n|-damage|p2a: fwiend|0 fnt\n|faint|p2a: fwiend\n|\n|upkeep\n|inactive|speedykidyo has 90 seconds left.\n|\n|t:|1700099773\n|switch|p2a: tier 4 btw|Typhlosion, M|100\/100\n|turn|10\n|inactive|speedykidyo has 60 seconds left.\n|\n|t:|1700099802\n|-terastallize|p2a: tier 4 btw|Fire\n|move|p2a: tier 4 btw|Eruption|p1a: Kommo-o\n|-resisted|p1a: Kommo-o\n|-damage|p1a: Kommo-o|37\/100\n|move|p1a: Kommo-o|Drain Punch|p2a: tier 4 btw\n|-damage|p2a: tier 4 btw|22\/100\n|-heal|p1a: Kommo-o|77\/100|[from] drain|[of] p2a: tier 4 btw\n|\n|upkeep\n|turn|11\n|inactive|speedykidyo has 60 seconds left.\n|j| pawket\n|l| pawket\n|\n|t:|1700099814\n|move|p2a: tier 4 btw|Eruption|p1a: Kommo-o\n|-resisted|p1a: Kommo-o\n|-damage|p1a: Kommo-o|69\/100\n|move|p1a: Kommo-o|Drain Punch|p2a: tier 4 btw\n|-damage|p2a: tier 4 btw|0 fnt\n|-heal|p1a: Kommo-o|80\/100|[from] drain|[of] p2a: tier 4 btw\n|faint|p2a: tier 4 btw\n|\n|upkeep\n|j| pawket\n|\n|t:|1700099832\n|switch|p2a: Tyranitar|Tyranitar, F|100\/100\n|-weather|Sandstorm|[from] ability: Sand Stream|[of] p2a: Tyranitar\n|turn|12\n|inactive|speedykidyo has 30 seconds left.\n|inactive|speedykidyo has 20 seconds left.\n|\n|t:|1700099869\n|detailschange|p2a: Tyranitar|Tyranitar-Mega, F\n|-mega|p2a: Tyranitar|Tyranitar|Tyranitarite\n|move|p1a: Kommo-o|Drain Punch|p2a: Tyranitar\n|-supereffective|p2a: Tyranitar\n|-damage|p2a: Tyranitar|0 fnt\n|-heal|p1a: Kommo-o|100\/100|[from] drain|[of] p2a: Tyranitar\n|faint|p2a: Tyranitar\n|\n|-weather|Sandstorm|[upkeep]\n|upkeep\n|inactive|speedykidyo has 25 seconds left this turn.\n|inactive|speedykidyo has 20 seconds left.\n|\n|t:|1700099876\n|switch|p2a: Dracozolt|Dracozolt|100\/100\n|turn|13\n|inactive|speedykidyo has 30 seconds left this turn.\n|inactive|speedykidyo has 20 seconds left.\n|\n|t:|1700099887\n|move|p2a: Dracozolt|Draco Meteor|p1a: Kommo-o\n|-supereffective|p1a: Kommo-o\n|-damage|p1a: Kommo-o|20\/100\n|-unboost|p2a: Dracozolt|spa|2\n|-damage|p2a: Dracozolt|91\/100|[from] item: Life Orb\n|move|p1a: Kommo-o|Dragon Claw|p2a: Dracozolt\n|-supereffective|p2a: Dracozolt\n|-damage|p2a: Dracozolt|0 fnt\n|faint|p2a: Dracozolt\n|\n|win|Smackey_5\n|inactive|speedykidyo has 25 seconds left this turn.\n|c|\u2606speedykidyo|gg\n","uploadtime":1700099901,"views":28,"p1id":"smackey5","p2id":"speedykidyo","formatid":"gen9nationaldexubers","rating":0,"private":0,"password":""}