{"id":"gen9nationaldexubers-1983646345","p1":"Naz0337","p2":"Pologg","format":"[Gen 9] National Dex Ubers","log":"|j|\u2606Naz0337\n|j|\u2606Pologg\n|t:|1699153468\n|gametype|singles\n|player|p1|Naz0337|2|1057\n|player|p2|Pologg|burglar|1105\n|teamsize|p1|6\n|teamsize|p2|6\n|gen|9\n|tier|[Gen 9] National Dex Ubers\n|rated|\n|rule|HP Percentage Mod: HP is shown in percentages\n|rule|Endless Battle Clause: Forcing endless battles is banned\n|rule|OHKO Clause: OHKO moves are banned\n|rule|Evasion Moves Clause: Evasion moves are banned\n|rule|Evasion Items Clause: Evasion items are banned\n|rule|Species Clause: Limit one of each Pok\u00e9mon\n|rule|Sleep Clause Mod: Limit one foe put to sleep\n|rule|Mega Rayquaza Clause: You cannot mega evolve Rayquaza\n|clearpoke\n|poke|p1|Flutter Mane|\n|poke|p1|Genesect|\n|poke|p1|Galvantula, F|\n|poke|p1|Beedrill, M|\n|poke|p1|Volcarona, F|\n|poke|p1|Scolipede, F|\n|poke|p2|Pikachu, F|\n|poke|p2|Pachirisu, F|\n|poke|p2|Morpeko, M|\n|poke|p2|Pawmot, M|\n|poke|p2|Dedenne, M|\n|poke|p2|Emolga, F|\n|teampreview\n|c|\u2606Naz0337|hi\n|\n|t:|1699153483\n|start\n|switch|p1a: Galvantula|Galvantula, F, shiny|100\/100\n|switch|p2a: Pachirisu|Pachirisu, F|100\/100\n|turn|1\n|\n|t:|1699153494\n|move|p1a: Galvantula|Sticky Web|p2a: Pachirisu\n|-sidestart|p2: Pologg|move: Sticky Web\n|move|p2a: Pachirisu|Encore|p1a: Galvantula\n|-start|p1a: Galvantula|Encore\n|\n|upkeep\n|turn|2\n|\n|t:|1699153506\n|switch|p1a: Genesect|Genesect|100\/100\n|-ability|p1a: Genesect|Download|boost\n|-boost|p1a: Genesect|atk|1\n|switch|p2a: Morpeko|Morpeko, M|100\/100\n|\n|-formechange|p2a: Morpeko|Morpeko-Hangry||[from] ability: Hunger Switch\n|upkeep\n|turn|3\n|c|\u2606Pologg|hi\n|\n|t:|1699153518\n|move|p2a: Morpeko|Fake Out|p1a: Genesect\n|-resisted|p1a: Genesect\n|-crit|p1a: Genesect\n|-damage|p1a: Genesect|88\/100\n|cant|p1a: Genesect|flinch\n|\n|-formechange|p2a: Morpeko|Morpeko||[from] ability: Hunger Switch\n|upkeep\n|turn|4\n|\n|t:|1699153528\n|move|p1a: Genesect|U-turn|p2a: Morpeko\n|-supereffective|p2a: Morpeko\n|-damage|p2a: Morpeko|0 fnt\n|faint|p2a: Morpeko\n|\n|t:|1699153536\n|switch|p1a: Galvantula|Galvantula, F, shiny|100\/100|[from] U-turn\n|\n|upkeep\n|\n|t:|1699153540\n|switch|p2a: Emolga|Emolga, F|100\/100\n|turn|5\n|\n|t:|1699153546\n|move|p1a: Galvantula|Toxic|p2a: Emolga\n|-status|p2a: Emolga|tox\n|move|p2a: Emolga|Air Slash|p1a: Galvantula\n|-damage|p1a: Galvantula|24\/100\n|\n|-damage|p2a: Emolga|95\/100 tox|[from] psn\n|upkeep\n|turn|6\n|\n|t:|1699153555\n|move|p1a: Galvantula|Infestation|p2a: Emolga\n|-resisted|p2a: Emolga\n|-damage|p2a: Emolga|85\/100 tox\n|-activate|p2a: Emolga|move: Infestation|[of] p1a: Galvantula\n|move|p2a: Emolga|Air Slash|p1a: Galvantula\n|-damage|p1a: Galvantula|0 fnt\n|faint|p1a: Galvantula\n|\n|-damage|p2a: Emolga|73\/100 tox|[from] psn\n|-end|p2a: Emolga|Infestation|[partiallytrapped]|[silent]\n|upkeep\n|\n|t:|1699153561\n|switch|p1a: Genesect|Genesect|88\/100\n|-ability|p1a: Genesect|Download|boost\n|-boost|p1a: Genesect|atk|1\n|turn|7\n|\n|t:|1699153571\n|move|p1a: Genesect|U-turn|p2a: Emolga\n|-resisted|p2a: Emolga\n|-damage|p2a: Emolga|33\/100 tox\n|\n|t:|1699153576\n|switch|p1a: Scolipede|Scolipede, F|100\/100|[from] U-turn\n|move|p2a: Emolga|Air Slash|p1a: Scolipede\n|-supereffective|p1a: Scolipede\n|-damage|p1a: Scolipede|0 fnt\n|faint|p1a: Scolipede\n|\n|-damage|p2a: Emolga|15\/100 tox|[from] psn\n|upkeep\n|\n|t:|1699153581\n|switch|p1a: Beedrill|Beedrill, M|100\/100\n|turn|8\n|\n|t:|1699153588\n|detailschange|p1a: Beedrill|Beedrill-Mega, M\n|-mega|p1a: Beedrill|Beedrill|Beedrillite\n|move|p1a: Beedrill|Knock Off|p2a: Emolga\n|-damage|p2a: Emolga|0 fnt\n|-enditem|p2a: Emolga|Choice Specs|[from] move: Knock Off|[of] p1a: Beedrill\n|faint|p2a: Emolga\n|\n|upkeep\n|\n|t:|1699153598\n|switch|p2a: Pachirisu|Pachirisu, F|100\/100\n|-activate|p2a: Pachirisu|move: Sticky Web\n|-unboost|p2a: Pachirisu|spe|1\n|turn|9\n|\n|t:|1699153604\n|move|p1a: Beedrill|Drill Run|p2a: Pachirisu\n|-supereffective|p2a: Pachirisu\n|-damage|p2a: Pachirisu|14\/100\n|-enditem|p2a: Pachirisu|Aguav Berry|[eat]\n|-heal|p2a: Pachirisu|47\/100|[from] item: Aguav Berry\n|move|p2a: Pachirisu|Nuzzle|p1a: Beedrill\n|-damage|p1a: Beedrill|91\/100\n|-status|p1a: Beedrill|par\n|\n|upkeep\n|turn|10\n|\n|t:|1699153617\n|move|p1a: Beedrill|Drill Run|p2a: Pachirisu\n|-supereffective|p2a: Pachirisu\n|-damage|p2a: Pachirisu|0 fnt\n|faint|p2a: Pachirisu\n|\n|upkeep\n|\n|t:|1699153620\n|switch|p2a: Pawmot|Pawmot, M|100\/100\n|-activate|p2a: Pawmot|move: Sticky Web\n|-unboost|p2a: Pawmot|spe|1\n|turn|11\n|\n|t:|1699153625\n|move|p2a: Pawmot|Revival Blessing|p2a: Pawmot\n|\n|t:|1699153628\n|-heal|p2: Morpeko|50\/100|[from] move: Revival Blessing\n|move|p1a: Beedrill|Drill Run|p2a: Pawmot\n|-supereffective|p2a: Pawmot\n|-damage|p2a: Pawmot|6\/100\n|\n|upkeep\n|turn|12\n|\n|t:|1699153639\n|move|p2a: Pawmot|Thunder Punch|p1a: Beedrill\n|-damage|p1a: Beedrill|0 fnt\n|faint|p1a: Beedrill\n|\n|upkeep\n|\n|t:|1699153643\n|switch|p1a: Genesect|Genesect|88\/100\n|-ability|p1a: Genesect|Download|boost\n|-boost|p1a: Genesect|spa|1\n|turn|13\n|\n|t:|1699153647\n|move|p2a: Pawmot|Mach Punch|p1a: Genesect\n|-damage|p1a: Genesect|56\/100\n|move|p1a: Genesect|U-turn|p2a: Pawmot\n|-resisted|p2a: Pawmot\n|-damage|p2a: Pawmot|0 fnt\n|faint|p2a: Pawmot\n|\n|t:|1699153653\n|switch|p1a: Flutter Mane|Flutter Mane|100\/100|[from] U-turn\n|\n|upkeep\n|\n|t:|1699153664\n|switch|p2a: Dedenne|Dedenne, M|100\/100\n|-activate|p2a: Dedenne|move: Sticky Web\n|-unboost|p2a: Dedenne|spe|1\n|turn|14\n|\n|t:|1699153675\n|-terastallize|p1a: Flutter Mane|Bug\n|move|p1a: Flutter Mane|Calm Mind|p1a: Flutter Mane\n|-boost|p1a: Flutter Mane|spa|1\n|-boost|p1a: Flutter Mane|spd|1\n|move|p2a: Dedenne|Thunderbolt|p1a: Flutter Mane\n|-damage|p1a: Flutter Mane|76\/100\n|\n|upkeep\n|turn|15\n|\n|t:|1699153684\n|move|p1a: Flutter Mane|Shadow Ball|p2a: Dedenne\n|-damage|p2a: Dedenne|0 fnt\n|faint|p2a: Dedenne\n|-damage|p1a: Flutter Mane|66\/100|[from] item: Life Orb\n|\n|upkeep\n|\n|t:|1699153692\n|switch|p2a: Morpeko|Morpeko, M|50\/100\n|turn|16\n|\n|t:|1699153696\n|move|p2a: Morpeko|Fake Out|p1a: Flutter Mane\n|-damage|p1a: Flutter Mane|38\/100\n|cant|p1a: Flutter Mane|flinch\n|\n|-formechange|p2a: Morpeko|Morpeko-Hangry||[from] ability: Hunger Switch\n|upkeep\n|turn|17\n|\n|t:|1699153702\n|-end|p1a: Flutter Mane|Protosynthesis|[silent]\n|switch|p1a: Genesect|Genesect|56\/100\n|-ability|p1a: Genesect|Download|boost\n|-boost|p1a: Genesect|spa|1\n|-terastallize|p2a: Morpeko|Electric\n|move|p2a: Morpeko|Rapid Spin|p1a: Genesect\n|-resisted|p1a: Genesect\n|-damage|p1a: Genesect|47\/100\n|-boost|p2a: Morpeko|spe|1\n|-sideend|p2: Pologg|Sticky Web|[from] move: Rapid Spin|[of] p2a: Morpeko\n|\n|upkeep\n|turn|18\n|\n|t:|1699153719\n|move|p1a: Genesect|Ice Beam|p2a: Morpeko\n|-damage|p2a: Morpeko|0 fnt\n|faint|p2a: Morpeko\n|\n|upkeep\n|\n|t:|1699153721\n|switch|p2a: Pikachu|Pikachu, F|100\/100\n|turn|19\n|\n|t:|1699153725\n|move|p2a: Pikachu|Fake Out|p1a: Genesect\n|-resisted|p1a: Genesect\n|-crit|p1a: Genesect\n|-damage|p1a: Genesect|30\/100\n|cant|p1a: Genesect|flinch\n|\n|upkeep\n|turn|20\n|\n|t:|1699153736\n|switch|p1a: Volcarona|Volcarona, F|100\/100\n|move|p2a: Pikachu|Extreme Speed|p1a: Volcarona\n|-damage|p1a: Volcarona|52\/100\n|-status|p2a: Pikachu|brn|[from] ability: Flame Body|[of] p1a: Volcarona\n|\n|-damage|p2a: Pikachu|94\/100 brn|[from] brn\n|upkeep\n|turn|21\n|\n|t:|1699153744\n|move|p2a: Pikachu|Trailblaze|p1a: Volcarona\n|-resisted|p1a: Volcarona\n|-damage|p1a: Volcarona|47\/100\n|-boost|p2a: Pikachu|spe|1\n|move|p1a: Volcarona|Sunny Day|p1a: Volcarona\n|-weather|SunnyDay\n|\n|-weather|SunnyDay|[upkeep]\n|-damage|p2a: Pikachu|88\/100 brn|[from] brn\n|upkeep\n|turn|22\n|\n|t:|1699153755\n|move|p2a: Pikachu|Volt Tackle|p1a: Volcarona\n|-damage|p1a: Volcarona|0 fnt\n|faint|p1a: Volcarona\n|-damage|p2a: Pikachu|63\/100 brn|[from] Recoil\n|\n|-weather|SunnyDay|[upkeep]\n|-damage|p2a: Pikachu|56\/100 brn|[from] brn\n|upkeep\n|\n|t:|1699153760\n|switch|p1a: Flutter Mane|Flutter Mane, tera:Bug|38\/100\n|-activate|p1a: Flutter Mane|ability: Protosynthesis\n|-start|p1a: Flutter Mane|protosynthesisspe\n|turn|23\n|\n|t:|1699153771\n|move|p2a: Pikachu|Extreme Speed|p1a: Flutter Mane\n|-damage|p1a: Flutter Mane|0 fnt\n|faint|p1a: Flutter Mane\n|-end|p1a: Flutter Mane|Protosynthesis|[silent]\n|\n|-weather|SunnyDay|[upkeep]\n|-damage|p2a: Pikachu|50\/100 brn|[from] brn\n|upkeep\n|\n|t:|1699153777\n|switch|p1a: Genesect|Genesect|30\/100\n|-ability|p1a: Genesect|Download|boost\n|-boost|p1a: Genesect|atk|1\n|turn|24\n|\n|t:|1699153783\n|move|p1a: Genesect|Ice Beam|p2a: Pikachu\n|-damage|p2a: Pikachu|0 fnt\n|faint|p2a: Pikachu\n|\n|win|Naz0337\n|raw|Naz0337's rating: 1057 &rarr; <strong>1093<\/strong><br \/>(+36 for winning)\n|raw|Pologg's rating: 1105 &rarr; <strong>1077<\/strong><br \/>(-28 for losing)\n|l|\u2606Pologg\n","uploadtime":1699153798,"views":6,"p1id":"naz0337","p2id":"pologg","formatid":"gen9nationaldexubers","rating":1077,"private":0,"password":""}