{"id":"gen9nationaldexubers-1981821256","p1":"Dbxocb","p2":"Gtg g u2","format":"[Gen 9] National Dex Ubers","log":"|j|\u2606Dbxocb\n|j|\u2606Gtg g u2\n|t:|1698944140\n|gametype|singles\n|player|p1|Dbxocb|169|1040\n|player|p2|Gtg g u2|red-masters|1127\n|teamsize|p1|6\n|teamsize|p2|6\n|gen|9\n|tier|[Gen 9] National Dex Ubers\n|rated|\n|rule|HP Percentage Mod: HP is shown in percentages\n|rule|Endless Battle Clause: Forcing endless battles is banned\n|rule|OHKO Clause: OHKO moves are banned\n|rule|Evasion Moves Clause: Evasion moves are banned\n|rule|Evasion Items Clause: Evasion items are banned\n|rule|Species Clause: Limit one of each Pok\u00e9mon\n|rule|Sleep Clause Mod: Limit one foe put to sleep\n|rule|Mega Rayquaza Clause: You cannot mega evolve Rayquaza\n|clearpoke\n|poke|p1|Diancie|\n|poke|p1|Arcanine-Hisui, M|\n|poke|p1|Greninja-*, M|\n|poke|p1|Decidueye-Hisui, M|\n|poke|p1|Toxapex, F|\n|poke|p1|Eternatus|\n|poke|p2|Pikachu, M|\n|poke|p2|Rillaboom, M|\n|poke|p2|Cramorant, M|\n|poke|p2|Grapploct, M|\n|poke|p2|Centiskorch, M|\n|poke|p2|Runerigus, F|\n|teampreview\n|\n|t:|1698944145\n|start\n|switch|p1a: Toxapex|Toxapex, F|100\/100\n|switch|p2a: Runerigus|Runerigus, F, shiny|100\/100\n|turn|1\n|inactive|Battle timer is ON: inactive players will automatically lose when time's up. (requested by Gtg g u2)\n|\n|t:|1698944153\n|move|p1a: Toxapex|Toxic Spikes|p2a: Runerigus\n|-sidestart|p2: Gtg g u2|move: Toxic Spikes\n|move|p2a: Runerigus|Earthquake|p1a: Toxapex\n|-supereffective|p1a: Toxapex\n|-damage|p1a: Toxapex|45\/100\n|\n|upkeep\n|turn|2\n|\n|t:|1698944159\n|move|p1a: Toxapex|Baneful Bunker|p1a: Toxapex\n|-singleturn|p1a: Toxapex|move: Protect\n|move|p2a: Runerigus|Earthquake|p1a: Toxapex\n|-activate|p1a: Toxapex|move: Protect\n|\n|upkeep\n|turn|3\n|\n|t:|1698944166\n|move|p1a: Toxapex|Recover|p1a: Toxapex\n|-heal|p1a: Toxapex|95\/100\n|move|p2a: Runerigus|Earthquake|p1a: Toxapex\n|-supereffective|p1a: Toxapex\n|-damage|p1a: Toxapex|35\/100\n|\n|upkeep\n|turn|4\n|\n|t:|1698944173\n|move|p1a: Toxapex|Recover|p1a: Toxapex\n|-heal|p1a: Toxapex|85\/100\n|move|p2a: Runerigus|Earthquake|p1a: Toxapex\n|-supereffective|p1a: Toxapex\n|-damage|p1a: Toxapex|26\/100\n|\n|upkeep\n|turn|5\n|\n|t:|1698944182\n|move|p1a: Toxapex|Toxic Spikes|p2a: Runerigus\n|-sidestart|p2: Gtg g u2|move: Toxic Spikes\n|move|p2a: Runerigus|Poltergeist|p1a: Toxapex\n|-activate|p1a: Toxapex|move: Poltergeist|Rocky Helmet\n|-damage|p1a: Toxapex|0 fnt\n|faint|p1a: Toxapex\n|\n|upkeep\n|\n|t:|1698944191\n|switch|p1a: Decidueye|Decidueye-Hisui, M|100\/100\n|turn|6\n|\n|t:|1698944195\n|move|p1a: Decidueye|Triple Arrows|p2a: Runerigus\n|-damage|p2a: Runerigus|65\/100\n|cant|p2a: Runerigus|flinch\n|\n|-heal|p2a: Runerigus|71\/100|[from] item: Leftovers\n|upkeep\n|turn|7\n|\n|t:|1698944205\n|move|p1a: Decidueye|Shadow Claw|p2a: Runerigus\n|-supereffective|p2a: Runerigus\n|-damage|p2a: Runerigus|31\/100\n|-activate|p2a: Runerigus|ability: Wandering Spirit|Scrappy|Wandering Spirit|[of] p1a: Decidueye\n|move|p2a: Runerigus|Will-O-Wisp|p1a: Decidueye|[miss]\n|-miss|p2a: Runerigus|p1a: Decidueye\n|\n|-heal|p2a: Runerigus|37\/100|[from] item: Leftovers\n|upkeep\n|turn|8\n|\n|t:|1698944216\n|move|p1a: Decidueye|Shadow Claw|p2a: Runerigus\n|-supereffective|p2a: Runerigus\n|-damage|p2a: Runerigus|0 fnt\n|faint|p2a: Runerigus\n|\n|upkeep\n|\n|t:|1698944219\n|switch|p2a: Cramorant|Cramorant, M|100\/100\n|turn|9\n|\n|t:|1698944230\n|move|p2a: Cramorant|Defog|p1a: Decidueye\n|-unboost|p1a: Decidueye|evasion|1\n|-sideend|p2: Gtg g u2|Toxic Spikes|[from] move: Defog|[of] p2a: Cramorant\n|move|p1a: Decidueye|Leaf Blade|p2a: Cramorant\n|-damage|p2a: Cramorant|0 fnt\n|faint|p2a: Cramorant\n|\n|upkeep\n|\n|t:|1698944239\n|switch|p2a: Centiskorch|Centiskorch, M|100\/100\n|turn|10\n|\n|t:|1698944254\n|move|p2a: Centiskorch|Fire Lash|p1a: Decidueye\n|-supereffective|p1a: Decidueye\n|-damage|p1a: Decidueye|5\/100\n|-unboost|p1a: Decidueye|def|1\n|-activate|p1a: Decidueye|ability: Wandering Spirit|Flash Fire|Wandering Spirit|[of] p2a: Centiskorch\n|move|p1a: Decidueye|Triple Arrows|p2a: Centiskorch\n|-resisted|p2a: Centiskorch\n|-crit|p2a: Centiskorch\n|-damage|p2a: Centiskorch|58\/100\n|\n|upkeep\n|turn|11\n|\n|t:|1698944266\n|move|p2a: Centiskorch|Power Whip|p1a: Decidueye\n|-resisted|p1a: Decidueye\n|-damage|p1a: Decidueye|0 fnt\n|faint|p1a: Decidueye\n|\n|upkeep\n|\n|t:|1698944278\n|switch|p1a: Greninja|Greninja, M|100\/100\n|turn|12\n|\n|t:|1698944283\n|switch|p2a: Pikachu|Pikachu, M|100\/100\n|move|p1a: Greninja|Surf|p2a: Pikachu\n|-damage|p2a: Pikachu|0 fnt\n|faint|p2a: Pikachu\n|-ability|p1a: Greninja|Battle Bond|boost\n|-boost|p1a: Greninja|atk|1\n|-boost|p1a: Greninja|spa|1\n|-boost|p1a: Greninja|spe|1\n|-activate|p1a: Greninja|ability: Battle Bond\n|\n|upkeep\n|\n|t:|1698944287\n|switch|p2a: Grapploct|Grapploct, M|100\/100\n|turn|13\n|\n|t:|1698944298\n|move|p1a: Greninja|Extrasensory|p2a: Grapploct\n|-supereffective|p2a: Grapploct\n|-damage|p2a: Grapploct|25\/100\n|move|p2a: Grapploct|Circle Throw|p1a: Greninja\n|-supereffective|p1a: Greninja\n|-damage|p1a: Greninja|0 fnt\n|faint|p1a: Greninja\n|\n|-heal|p2a: Grapploct|31\/100|[from] item: Leftovers\n|upkeep\n|\n|t:|1698944312\n|switch|p1a: Arcanine|Arcanine-Hisui, M|100\/100\n|turn|14\n|\n|t:|1698944315\n|move|p1a: Arcanine|Extreme Speed|p2a: Grapploct\n|-damage|p2a: Grapploct|4\/100\n|move|p2a: Grapploct|Drain Punch|p1a: Arcanine\n|-supereffective|p1a: Arcanine\n|-damage|p1a: Arcanine|4\/100\n|-heal|p2a: Grapploct|48\/100|[from] drain|[of] p1a: Arcanine\n|\n|-heal|p2a: Grapploct|54\/100|[from] item: Leftovers\n|upkeep\n|turn|15\n|\n|t:|1698944327\n|move|p1a: Arcanine|Wild Charge|p2a: Grapploct\n|-damage|p2a: Grapploct|27\/100\n|move|p2a: Grapploct|Drain Punch|p1a: Arcanine\n|-supereffective|p1a: Arcanine\n|-crit|p1a: Arcanine\n|-damage|p1a: Arcanine|0 fnt\n|-heal|p2a: Grapploct|29\/100|[from] drain|[of] p1a: Arcanine\n|faint|p1a: Arcanine\n|\n|-heal|p2a: Grapploct|35\/100|[from] item: Leftovers\n|upkeep\n|\n|t:|1698944339\n|switch|p1a: Eternatus|Eternatus|100\/100\n|-ability|p1a: Eternatus|Pressure\n|turn|16\n|\n|t:|1698944351\n|-terastallize|p2a: Grapploct|Water\n|move|p1a: Eternatus|Dynamax Cannon|p2a: Grapploct\n|-damage|p2a: Grapploct|0 fnt\n|faint|p2a: Grapploct\n|\n|upkeep\n|\n|t:|1698944356\n|switch|p2a: Centiskorch|Centiskorch, M|58\/100\n|turn|17\n|\n|t:|1698944364\n|move|p1a: Eternatus|Dynamax Cannon|p2a: Centiskorch\n|-damage|p2a: Centiskorch|0 fnt\n|faint|p2a: Centiskorch\n|\n|upkeep\n|\n|t:|1698944367\n|switch|p2a: Rillaboom|Rillaboom, M|100\/100\n|-fieldstart|move: Grassy Terrain|[from] ability: Grassy Surge|[of] p2a: Rillaboom\n|turn|18\n|\n|t:|1698944376\n|move|p1a: Eternatus|Eternabeam|p2a: Rillaboom\n|-damage|p2a: Rillaboom|0 fnt\n|-mustrecharge|p1a: Eternatus\n|faint|p2a: Rillaboom\n|\n|win|Dbxocb\n|raw|Dbxocb's rating: 1040 &rarr; <strong>1082<\/strong><br \/>(+42 for winning)\n|raw|Gtg g u2's rating: 1127 &rarr; <strong>1096<\/strong><br \/>(-31 for losing)\n","uploadtime":1698944380,"views":7,"p1id":"dbxocb","p2id":"gtggu2","formatid":"gen9nationaldexubers","rating":1082,"private":0,"password":""}