{"id":"gen9nationaldexubers-1988767287","p1":"Draconami","p2":"Kai Zomei","format":"[Gen 9] National Dex Ubers","log":"|j|\u2606Draconami\n|j|\u2606Kai Zomei\n|t:|1699760505\n|gametype|singles\n|player|p1|Draconami|dahlia|\n|player|p2|Kai Zomei|gambler|\n|teamsize|p1|6\n|teamsize|p2|6\n|gen|9\n|tier|[Gen 9] National Dex Ubers\n|rule|HP Percentage Mod: HP is shown in percentages\n|rule|Endless Battle Clause: Forcing endless battles is banned\n|rule|OHKO Clause: OHKO moves are banned\n|rule|Evasion Moves Clause: Evasion moves are banned\n|rule|Evasion Items Clause: Evasion items are banned\n|rule|Species Clause: Limit one of each Pok\u00e9mon\n|rule|Sleep Clause Mod: Limit one foe put to sleep\n|rule|Mega Rayquaza Clause: You cannot mega evolve Rayquaza\n|clearpoke\n|poke|p1|Glalie, M|\n|poke|p1|Golisopod, M|\n|poke|p1|Galvantula, F|\n|poke|p1|Obstagoon, F|\n|poke|p1|Lycanroc-Dusk, F|\n|poke|p1|Tapu Lele|\n|poke|p2|Aerodactyl, M|\n|poke|p2|Landorus-Therian, M|\n|poke|p2|Ninetales-Alola, F|\n|poke|p2|Meloetta|\n|poke|p2|Slither Wing|\n|poke|p2|Typhlosion-Hisui, M|\n|teampreview\n|j| VantaZack\n|\n|t:|1699760527\n|start\n|switch|p1a: Recluse|Galvantula, F, shiny|100\/100\n|switch|p2a: Snowy|Ninetales-Alola, F|100\/100\n|-weather|Snow|[from] ability: Snow Warning|[of] p2a: Snowy\n|turn|1\n|j| igphhangout\n|j| Oakin64\n|j| dcmrulz\n|j| BaraTheUmbraKing\n|\n|t:|1699760539\n|move|p2a: Snowy|Aurora Veil|p2a: Snowy\n|-sidestart|p2: Kai Zomei|move: Aurora Veil\n|move|p1a: Recluse|Thunder Wave|p2a: Snowy\n|-status|p2a: Snowy|par\n|\n|-weather|Snow|[upkeep]\n|upkeep\n|turn|2\n|j| Saradominphat\n|\n|t:|1699760545\n|move|p1a: Recluse|Sticky Web|p2a: Snowy\n|-sidestart|p2: Kai Zomei|move: Sticky Web\n|cant|p2a: Snowy|par\n|\n|-weather|Snow|[upkeep]\n|upkeep\n|turn|3\n|\n|t:|1699760551\n|move|p1a: Recluse|Thunderbolt|p2a: Snowy\n|-damage|p2a: Snowy|76\/100 par\n|move|p2a: Snowy|Blizzard|p1a: Recluse\n|-damage|p1a: Recluse|20\/100\n|\n|-weather|Snow|[upkeep]\n|upkeep\n|turn|4\n|\n|t:|1699760557\n|move|p1a: Recluse|Thunderbolt|p2a: Snowy\n|-damage|p2a: Snowy|52\/100 par\n|move|p2a: Snowy|Blizzard|p1a: Recluse\n|-damage|p1a: Recluse|0 fnt\n|faint|p1a: Recluse\n|\n|-weather|Snow|[upkeep]\n|upkeep\n|\n|t:|1699760567\n|switch|p1a: Emiko|Lycanroc-Dusk, F|100\/100\n|turn|5\n|\n|t:|1699760577\n|switch|p2a: Shere Khan|Landorus-Therian, M|100\/100\n|-ability|p2a: Shere Khan|Intimidate|boost\n|-unboost|p1a: Emiko|atk|1\n|move|p1a: Emiko|Psychic Fangs|p2a: Shere Khan\n|-sideend|p2: Kai Zomei|move: Aurora Veil\n|-damage|p2a: Shere Khan|73\/100\n|\n|-weather|none\n|upkeep\n|turn|6\n|\n|t:|1699760591\n|switch|p1a: Yancy|Obstagoon, F, shiny|100\/100\n|move|p2a: Shere Khan|Defog|p1a: Yancy\n|-unboost|p1a: Yancy|evasion|1\n|-sideend|p2: Kai Zomei|Sticky Web|[from] move: Defog|[of] p2a: Shere Khan\n|\n|-status|p1a: Yancy|brn|[from] item: Flame Orb\n|upkeep\n|turn|7\n|\n|t:|1699760602\n|move|p1a: Yancy|Knock Off|p2a: Shere Khan\n|-damage|p2a: Shere Khan|4\/100\n|-enditem|p2a: Shere Khan|Heavy-Duty Boots|[from] move: Knock Off|[of] p1a: Yancy\n|move|p2a: Shere Khan|Stealth Rock|p1a: Yancy\n|-sidestart|p1: Draconami|move: Stealth Rock\n|\n|-damage|p1a: Yancy|94\/100 brn|[from] brn\n|upkeep\n|turn|8\n|\n|t:|1699760613\n|move|p1a: Yancy|Knock Off|p2a: Shere Khan\n|-damage|p2a: Shere Khan|0 fnt\n|faint|p2a: Shere Khan\n|\n|-damage|p1a: Yancy|88\/100 brn|[from] brn\n|upkeep\n|\n|t:|1699760640\n|switch|p2a: Onibi|Typhlosion-Hisui, M|100\/100\n|-item|p1a: Yancy|Flame Orb|[from] ability: Frisk|[of] p2a: Onibi|[identify]\n|turn|9\n|\n|t:|1699760648\n|move|p2a: Onibi|Focus Blast|p1a: Yancy\n|-supereffective|p1a: Yancy\n|-damage|p1a: Yancy|0 fnt\n|faint|p1a: Yancy\n|\n|upkeep\n|\n|t:|1699760656\n|switch|p1a: Emiko|Lycanroc-Dusk, F|100\/100\n|-damage|p1a: Emiko|88\/100|[from] Stealth Rock\n|turn|10\n|\n|t:|1699760662\n|move|p1a: Emiko|Stone Edge|p2a: Onibi\n|-supereffective|p2a: Onibi\n|-damage|p2a: Onibi|0 fnt\n|faint|p2a: Onibi\n|\n|upkeep\n|\n|t:|1699760698\n|switch|p2a: Petrie|Aerodactyl, M, shiny|100\/100\n|turn|11\n|\n|t:|1699760706\n|detailschange|p2a: Petrie|Aerodactyl-Mega, M, shiny\n|-mega|p2a: Petrie|Aerodactyl|Aerodactylite\n|move|p1a: Emiko|Stone Edge|p2a: Petrie\n|-supereffective|p2a: Petrie\n|-damage|p2a: Petrie|0 fnt\n|faint|p2a: Petrie\n|\n|upkeep\n|\n|t:|1699760712\n|switch|p2a: arianne|Meloetta|100\/100\n|turn|12\n|\n|t:|1699760715\n|move|p1a: Emiko|Stone Edge|p2a: arianne\n|-damage|p2a: arianne|40\/100\n|move|p2a: arianne|Focus Blast|p1a: Emiko|[miss]\n|-miss|p2a: arianne|p1a: Emiko\n|\n|upkeep\n|turn|13\n|\n|t:|1699760722\n|move|p1a: Emiko|Stone Edge|p2a: arianne\n|-crit|p2a: arianne\n|-damage|p2a: arianne|0 fnt\n|faint|p2a: arianne\n|\n|upkeep\n|\n|t:|1699760727\n|switch|p2a: Buggeron|Slither Wing|100\/100\n|turn|14\n|\n|t:|1699760731\n|move|p1a: Emiko|Stone Edge|p2a: Buggeron\n|-damage|p2a: Buggeron|37\/100\n|move|p2a: Buggeron|Close Combat|p1a: Emiko\n|-supereffective|p1a: Emiko\n|-damage|p1a: Emiko|0 fnt\n|-unboost|p2a: Buggeron|def|1\n|-unboost|p2a: Buggeron|spd|1\n|faint|p1a: Emiko\n|-damage|p2a: Buggeron|28\/100|[from] item: Life Orb\n|\n|upkeep\n|\n|t:|1699760736\n|switch|p1a: Ryuga|Glalie, M, shiny|100\/100\n|-damage|p1a: Ryuga|76\/100|[from] Stealth Rock\n|turn|15\n|\n|t:|1699760744\n|detailschange|p1a: Ryuga|Glalie-Mega, M, shiny\n|-mega|p1a: Ryuga|Glalie|Glalitite\n|move|p1a: Ryuga|Return|p2a: Buggeron\n|-damage|p2a: Buggeron|0 fnt\n|faint|p2a: Buggeron\n|-end|p2a: Buggeron|Protosynthesis|[silent]\n|\n|upkeep\n|\n|t:|1699760749\n|switch|p2a: Snowy|Ninetales-Alola, F|52\/100 par\n|-weather|Snow|[from] ability: Snow Warning|[of] p2a: Snowy\n|turn|16\n|\n|t:|1699760756\n|move|p1a: Ryuga|Explosion|p2a: Snowy\n|-resisted|p2a: Snowy\n|-damage|p2a: Snowy|0 fnt\n|faint|p1a: Ryuga\n|faint|p2a: Snowy\n|\n|win|Draconami\n|l| igphhangout\n","uploadtime":1699760762,"views":11,"p1id":"draconami","p2id":"kaizomei","formatid":"gen9nationaldexubers","rating":0,"private":0,"password":""}