{"id":"gen9nationaldexubers-1989942250","p1":"Himbus","p2":"Krishy2007","format":"[Gen 9] National Dex Ubers","log":"|j|\u2606Himbus\n|j|\u203dKrishy2007\n|t:|1699908733\n|gametype|singles\n|player|p1|Himbus|kimonogirl-gen2|1318\n|player|p2|Krishy2007|102|1396\n|teamsize|p1|6\n|teamsize|p2|6\n|gen|9\n|tier|[Gen 9] National Dex Ubers\n|rated|\n|rule|HP Percentage Mod: HP is shown in percentages\n|rule|Endless Battle Clause: Forcing endless battles is banned\n|rule|OHKO Clause: OHKO moves are banned\n|rule|Evasion Moves Clause: Evasion moves are banned\n|rule|Evasion Items Clause: Evasion items are banned\n|rule|Species Clause: Limit one of each Pok\u00e9mon\n|rule|Sleep Clause Mod: Limit one foe put to sleep\n|rule|Mega Rayquaza Clause: You cannot mega evolve Rayquaza\n|clearpoke\n|poke|p1|Melmetal|\n|poke|p1|Landorus-Therian, M|\n|poke|p1|Xerneas-*|\n|poke|p1|Gardevoir, M|\n|poke|p1|Blacephalon|\n|poke|p1|Gigalith, F|\n|poke|p2|Groudon|\n|poke|p2|Ho-Oh|\n|poke|p2|Necrozma-Dusk-Mane|\n|poke|p2|Kyogre|\n|poke|p2|Xerneas-*|\n|poke|p2|Zygarde|\n|teampreview\n|inactive|Battle timer is ON: inactive players will automatically lose when time's up. (requested by Himbus)\n|inactive|Himbus has 120 seconds left.\n|inactive|Himbus has 90 seconds left.\n|inactive|Himbus has 60 seconds left.\n|inactive|Himbus has 30 seconds left.\n|inactive|Himbus has 20 seconds left.\n|inactive|Himbus has 15 seconds left.\n|inactive|Himbus has 10 seconds left.\n|\n|t:|1699908875\n|start\n|switch|p1a: Imbouta..|Gigalith, F, shiny|100\/100\n|switch|p2a: Kyogre|Kyogre, shiny|100\/100\n|detailschange|p2a: Kyogre|Kyogre-Primal, shiny\n|-primal|p2a: Kyogre|Blue Orb\n|-weather|PrimordialSea|[from] ability: Primordial Sea|[of] p2a: Kyogre\n|turn|1\n|\n|t:|1699908884\n|move|p2a: Kyogre|Origin Pulse|p1a: Imbouta..\n|-supereffective|p1a: Imbouta..\n|-ability|p1a: Imbouta..|Sturdy\n|-damage|p1a: Imbouta..|1\/100\n|move|p1a: Imbouta..|Explosion|p2a: Kyogre\n|-enditem|p1a: Imbouta..|Normal Gem|[from] gem\n|-damage|p2a: Kyogre|0 fnt\n|faint|p1a: Imbouta..\n|faint|p2a: Kyogre\n|-weather|none\n|\n|upkeep\n|\n|t:|1699908895\n|switch|p2a: Zygarde|Zygarde, shiny|100\/100\n|switch|p1a: Nah.|Landorus-Therian, M|100\/100\n|-ability|p1a: Nah.|Intimidate|boost\n|-unboost|p2a: Zygarde|atk|1\n|turn|2\n|\n|t:|1699908901\n|-terastallize|p1a: Nah.|Normal\n|move|p1a: Nah.|Explosion|p2a: Zygarde\n|-damage|p2a: Zygarde|0 fnt\n|faint|p1a: Nah.\n|faint|p2a: Zygarde\n|\n|upkeep\n|inactive|Himbus has 90 seconds left.\n|\n|t:|1699908916\n|switch|p2a: Necrozma|Necrozma-Dusk-Mane, shiny|100\/100\n|switch|p1a: Nana Boom Boom|Gardevoir, M|100\/100\n|turn|3\n|\n|t:|1699908921\n|detailschange|p1a: Nana Boom Boom|Gardevoir-Mega, M\n|-mega|p1a: Nana Boom Boom|Gardevoir|Gardevoirite\n|move|p1a: Nana Boom Boom|Shadow Ball|p2a: Necrozma\n|-supereffective|p2a: Necrozma\n|-damage|p2a: Necrozma|60\/100\n|-unboost|p2a: Necrozma|spd|1\n|move|p2a: Necrozma|Dragon Dance|p2a: Necrozma\n|-boost|p2a: Necrozma|atk|1\n|-boost|p2a: Necrozma|spe|1\n|\n|upkeep\n|turn|4\n|\n|t:|1699908928\n|move|p2a: Necrozma|Sunsteel Strike|p1a: Nana Boom Boom\n|-supereffective|p1a: Nana Boom Boom\n|-damage|p1a: Nana Boom Boom|0 fnt\n|faint|p1a: Nana Boom Boom\n|\n|upkeep\n|\n|t:|1699908931\n|switch|p1a: Tsar Bomba?\ud83d\udca3|Blacephalon|100\/100\n|turn|5\n|\n|t:|1699908936\n|move|p2a: Necrozma|Earthquake|p1a: Tsar Bomba?\ud83d\udca3\n|-supereffective|p1a: Tsar Bomba?\ud83d\udca3\n|-enditem|p1a: Tsar Bomba?\ud83d\udca3|Focus Sash\n|-damage|p1a: Tsar Bomba?\ud83d\udca3|1\/100\n|move|p1a: Tsar Bomba?\ud83d\udca3|Shadow Ball|p2a: Necrozma\n|-supereffective|p2a: Necrozma\n|-crit|p2a: Necrozma\n|-damage|p2a: Necrozma|0 fnt\n|faint|p2a: Necrozma\n|-ability|p1a: Tsar Bomba?\ud83d\udca3|Beast Boost|boost\n|-boost|p1a: Tsar Bomba?\ud83d\udca3|spa|1\n|\n|upkeep\n|\n|t:|1699908942\n|switch|p2a: Groudon|Groudon, shiny|100\/100\n|detailschange|p2a: Groudon|Groudon-Primal, shiny\n|-primal|p2a: Groudon|Red Orb\n|-weather|DesolateLand|[from] ability: Desolate Land|[of] p2a: Groudon\n|turn|6\n|\n|t:|1699908953\n|move|p1a: Tsar Bomba?\ud83d\udca3|Mind Blown|p2a: Groudon\n|-resisted|p2a: Groudon\n|-damage|p2a: Groudon|17\/100\n|-damage|p1a: Tsar Bomba?\ud83d\udca3|0 fnt|[from] mindblown\n|faint|p1a: Tsar Bomba?\ud83d\udca3\n|move|p2a: Groudon|Precipice Blades|p1: Tsar Bomba?\ud83d\udca3|[notarget]\n|-fail|p2a: Groudon\n|\n|-weather|DesolateLand|[upkeep]\n|upkeep\n|\n|t:|1699908960\n|switch|p1a: Oppenheimer\ud83d\ude28|Xerneas, shiny|100\/100\n|-ability|p1a: Oppenheimer\ud83d\ude28|Fairy Aura\n|turn|7\n|\n|t:|1699908964\n|move|p2a: Groudon|Heat Crash|p1a: Oppenheimer\ud83d\ude28\n|-damage|p1a: Oppenheimer\ud83d\ude28|32\/100\n|move|p1a: Oppenheimer\ud83d\ude28|Geomancy||[still]\n|-prepare|p1a: Oppenheimer\ud83d\ude28|Geomancy\n|-enditem|p1a: Oppenheimer\ud83d\ude28|Power Herb\n|-anim|p1a: Oppenheimer\ud83d\ude28|Geomancy|p1a: Oppenheimer\ud83d\ude28\n|-boost|p1a: Oppenheimer\ud83d\ude28|spa|2\n|-boost|p1a: Oppenheimer\ud83d\ude28|spd|2\n|-boost|p1a: Oppenheimer\ud83d\ude28|spe|2\n|\n|-weather|DesolateLand|[upkeep]\n|upkeep\n|turn|8\n|\n|t:|1699908969\n|move|p1a: Oppenheimer\ud83d\ude28|Moonblast|p2a: Groudon\n|-resisted|p2a: Groudon\n|-damage|p2a: Groudon|0 fnt\n|faint|p2a: Groudon\n|-weather|none\n|\n|upkeep\n|\n|t:|1699908971\n|switch|p2a: Ho-Oh|Ho-Oh, shiny|100\/100\n|turn|9\n|\n|t:|1699908975\n|move|p1a: Oppenheimer\ud83d\ude28|Thunderbolt|p2a: Ho-Oh\n|-supereffective|p2a: Ho-Oh\n|-damage|p2a: Ho-Oh|22\/100\n|move|p2a: Ho-Oh|Whirlwind|p1a: Oppenheimer\ud83d\ude28\n|drag|p1a: Kaboom?|Melmetal|100\/100\n|\n|upkeep\n|turn|10\n|\n|t:|1699908981\n|move|p2a: Ho-Oh|Sacred Fire|p1a: Kaboom?\n|-supereffective|p1a: Kaboom?\n|-damage|p1a: Kaboom?|52\/100\n|-status|p1a: Kaboom?|brn\n|move|p1a: Kaboom?|Double Iron Bash|p2a: Ho-Oh\n|-resisted|p2a: Ho-Oh\n|-damage|p2a: Ho-Oh|14\/100\n|-resisted|p2a: Ho-Oh\n|-damage|p2a: Ho-Oh|7\/100\n|-hitcount|p2a: Ho-Oh|2\n|\n|-damage|p1a: Kaboom?|46\/100 brn|[from] brn\n|upkeep\n|turn|11\n|\n|t:|1699908991\n|move|p2a: Ho-Oh|Sacred Fire|p1a: Kaboom?\n|-supereffective|p1a: Kaboom?\n|-damage|p1a: Kaboom?|0 fnt\n|faint|p1a: Kaboom?\n|\n|upkeep\n|\n|t:|1699908994\n|switch|p1a: Oppenheimer\ud83d\ude28|Xerneas, shiny|32\/100\n|-ability|p1a: Oppenheimer\ud83d\ude28|Fairy Aura\n|turn|12\n|-message|Himbus forfeited.\n|\n|win|Krishy2007\n|raw|Himbus's rating: 1318 &rarr; <strong>1302<\/strong><br \/>(-16 for losing)\n|raw|Krishy2007's rating: 1396 &rarr; <strong>1412<\/strong><br \/>(+16 for winning)\n|l|\u2606Himbus\n","uploadtime":1699909005,"views":6,"p1id":"himbus","p2id":"krishy2007","formatid":"gen9nationaldexubers","rating":1302,"private":0,"password":""}