{"id":"gen9nationaldexubers-1997268534","p1":"harmony6","p2":"Big Chungus irl","format":"[Gen 9] National Dex Ubers","log":"|j|\u2606harmony6\n|j|\u2606Big Chungus irl\n|t:|1700782597\n|gametype|singles\n|player|p1|harmony6|lass-gen4dp|\n|player|p2|Big Chungus irl|firebreather|\n|teamsize|p1|6\n|teamsize|p2|6\n|gen|9\n|tier|[Gen 9] National Dex Ubers\n|rule|HP Percentage Mod: HP is shown in percentages\n|rule|Endless Battle Clause: Forcing endless battles is banned\n|rule|OHKO Clause: OHKO moves are banned\n|rule|Evasion Moves Clause: Evasion moves are banned\n|rule|Evasion Items Clause: Evasion items are banned\n|rule|Species Clause: Limit one of each Pok\u00e9mon\n|rule|Sleep Clause Mod: Limit one foe put to sleep\n|rule|Mega Rayquaza Clause: You cannot mega evolve Rayquaza\n|clearpoke\n|poke|p1|Lopunny, M|\n|poke|p1|Zapdos|\n|poke|p1|Skeledirge, M|\n|poke|p1|Muk-Alola, F|\n|poke|p1|Hatterene, F|\n|poke|p1|Ferrothorn, F|\n|poke|p2|Charizard, F|\n|poke|p2|Moltres|\n|poke|p2|Zapdos|\n|poke|p2|Thundurus-Therian, M|\n|poke|p2|Landorus-Therian, M|\n|poke|p2|Enamorus, F|\n|teampreview\n|c|\u2606Big Chungus irl|gl and hf\n|c|\u2606harmony6|u2\n|\n|t:|1700782717\n|start\n|switch|p1a: Lopunny|Lopunny, M|100\/100\n|switch|p2a: Zapdos|Zapdos|100\/100\n|turn|1\n|\n|t:|1700782725\n|switch|p1a: Muk|Muk-Alola, F|100\/100\n|switch|p2a: Moltres|Moltres|100\/100\n|\n|upkeep\n|turn|2\n|\n|t:|1700782736\n|move|p2a: Moltres|U-turn|p1a: Muk\n|-damage|p1a: Muk|86\/100\n|\n|t:|1700782740\n|switch|p2a: Landorus|Landorus-Therian, M|100\/100|[from] U-turn\n|-ability|p2a: Landorus|Intimidate|boost\n|-unboost|p1a: Muk|atk|1\n|move|p1a: Muk|Poison Jab|p2a: Landorus\n|-resisted|p2a: Landorus\n|-damage|p2a: Landorus|94\/100\n|\n|-heal|p2a: Landorus|99\/100|[from] item: Leftovers\n|upkeep\n|turn|3\n|\n|t:|1700782763\n|switch|p1a: Hatterene|Hatterene, F|100\/100\n|move|p2a: Landorus|U-turn|p1a: Hatterene\n|-damage|p1a: Hatterene|81\/100\n|\n|t:|1700782771\n|switch|p2a: Charizard|Charizard, F|100\/100|[from] U-turn\n|\n|-heal|p1a: Hatterene|87\/100|[from] item: Leftovers\n|upkeep\n|turn|4\n|\n|t:|1700782779\n|switch|p1a: Muk|Muk-Alola, F|86\/100\n|detailschange|p2a: Charizard|Charizard-Mega-Y, F\n|-mega|p2a: Charizard|Charizard|Charizardite Y\n|-weather|SunnyDay|[from] ability: Drought|[of] p2a: Charizard\n|move|p2a: Charizard|Weather Ball|p1a: Muk\n|-damage|p1a: Muk|50\/100\n|\n|-weather|SunnyDay|[upkeep]\n|upkeep\n|turn|5\n|\n|t:|1700782787\n|switch|p2a: Landorus|Landorus-Therian, M|99\/100\n|-ability|p2a: Landorus|Intimidate|boost\n|-unboost|p1a: Muk|atk|1\n|move|p1a: Muk|Poison Jab|p2a: Landorus\n|-resisted|p2a: Landorus\n|-damage|p2a: Landorus|93\/100\n|-status|p2a: Landorus|psn\n|\n|-weather|SunnyDay|[upkeep]\n|-heal|p2a: Landorus|99\/100 psn|[from] item: Leftovers\n|-damage|p2a: Landorus|87\/100 psn|[from] psn\n|upkeep\n|turn|6\n|j| Praisethelordkarp\n|\n|t:|1700782795\n|switch|p1a: Skeledirge|Skeledirge, M|100\/100\n|move|p2a: Landorus|U-turn|p1a: Skeledirge\n|-resisted|p1a: Skeledirge\n|-damage|p1a: Skeledirge|97\/100\n|l| Praisethelordkarp\n|\n|t:|1700782806\n|switch|p2a: Zapdos|Zapdos|100\/100|[from] U-turn\n|\n|-weather|SunnyDay|[upkeep]\n|upkeep\n|turn|7\n|c|\u2606harmony6|i regret leaving gastro\n|\n|t:|1700782812\n|move|p2a: Zapdos|Volt Switch|p1a: Skeledirge\n|-damage|p1a: Skeledirge|43\/100\n|\n|t:|1700782815\n|switch|p2a: Charizard|Charizard-Mega-Y, F|100\/100|[from] Volt Switch\n|move|p1a: Skeledirge|Torch Song|p2a: Charizard\n|-resisted|p2a: Charizard\n|-damage|p2a: Charizard|77\/100\n|-boost|p1a: Skeledirge|spa|1\n|\n|-weather|SunnyDay|[upkeep]\n|upkeep\n|turn|8\n|\n|t:|1700782830\n|move|p2a: Charizard|Scorching Sands|p1a: Skeledirge\n|-supereffective|p1a: Skeledirge\n|-damage|p1a: Skeledirge|0 fnt\n|faint|p1a: Skeledirge\n|\n|-weather|none\n|upkeep\n|\n|t:|1700782833\n|switch|p1a: Lopunny|Lopunny, M|100\/100\n|turn|9\n|c|\u2606Big Chungus irl|yeah, the set on it is unfortunate for you\n|j| Praisethelordkarp\n|c|\u2606Big Chungus irl|since spikes are kinda useless\n|l| Praisethelordkarp\n|\n|t:|1700782852\n|switch|p2a: Moltres|Moltres|100\/100\n|detailschange|p1a: Lopunny|Lopunny-Mega, M\n|-mega|p1a: Lopunny|Lopunny|Lopunnite\n|move|p1a: Lopunny|Return|p2a: Moltres\n|-crit|p2a: Moltres\n|-damage|p2a: Moltres|43\/100\n|\n|upkeep\n|turn|10\n|c|\u2606harmony6|i need a zap switchin : (\n|\n|t:|1700782862\n|switch|p1a: Zapdos|Zapdos|100\/100\n|move|p2a: Moltres|Roost|p2a: Moltres\n|-heal|p2a: Moltres|93\/100\n|-singleturn|p2a: Moltres|move: Roost\n|\n|upkeep\n|turn|11\n|\n|t:|1700782867\n|switch|p2a: Thundurus|Thundurus-Therian, M|100\/100\n|move|p1a: Zapdos|Discharge|p2a: Thundurus\n|-immune|p2a: Thundurus|[from] ability: Volt Absorb\n|\n|upkeep\n|turn|12\n|\n|t:|1700782882\n|switch|p1a: Muk|Muk-Alola, F|50\/100\n|move|p2a: Thundurus|Thunderbolt|p1a: Muk\n|-damage|p1a: Muk|28\/100\n|\n|upkeep\n|turn|13\n|\n|t:|1700782888\n|switch|p2a: Landorus|Landorus-Therian, M|87\/100 psn\n|-ability|p2a: Landorus|Intimidate|boost\n|-unboost|p1a: Muk|atk|1\n|move|p1a: Muk|Poison Jab|p2a: Landorus\n|-resisted|p2a: Landorus\n|-damage|p2a: Landorus|80\/100 psn\n|\n|-heal|p2a: Landorus|86\/100 psn|[from] item: Leftovers\n|-damage|p2a: Landorus|73\/100 psn|[from] psn\n|upkeep\n|turn|14\n|\n|t:|1700782900\n|switch|p1a: Zapdos|Zapdos|100\/100\n|move|p2a: Landorus|Stealth Rock|p1a: Zapdos\n|-sidestart|p1: harmony6|move: Stealth Rock\n|\n|-heal|p2a: Landorus|80\/100 psn|[from] item: Leftovers\n|-damage|p2a: Landorus|67\/100 psn|[from] psn\n|upkeep\n|turn|15\n|\n|t:|1700782906\n|move|p1a: Zapdos|Defog|p2a: Landorus\n|-unboost|p2a: Landorus|evasion|1\n|-sideend|p1: harmony6|Stealth Rock|[from] move: Defog|[of] p1a: Zapdos\n|move|p2a: Landorus|U-turn|p1a: Zapdos\n|-resisted|p1a: Zapdos\n|-damage|p1a: Zapdos|93\/100\n|\n|t:|1700782912\n|switch|p2a: Thundurus|Thundurus-Therian, M|100\/100|[from] U-turn\n|\n|upkeep\n|turn|16\n|\n|t:|1700782921\n|switch|p1a: Lopunny|Lopunny-Mega, M|100\/100\n|move|p2a: Thundurus|Thunderbolt|p1a: Lopunny\n|-damage|p1a: Lopunny|35\/100\n|\n|upkeep\n|turn|17\n|\n|t:|1700782929\n|switch|p2a: Moltres|Moltres|93\/100\n|move|p1a: Lopunny|Return|p2a: Moltres\n|-damage|p2a: Moltres|58\/100\n|\n|upkeep\n|turn|18\n|\n|t:|1700782932\n|move|p1a: Lopunny|Return|p2a: Moltres\n|-damage|p2a: Moltres|21\/100\n|-status|p1a: Lopunny|brn|[from] ability: Flame Body|[of] p2a: Moltres\n|move|p2a: Moltres|Roost|p2a: Moltres\n|-heal|p2a: Moltres|71\/100\n|-singleturn|p2a: Moltres|move: Roost\n|\n|-damage|p1a: Lopunny|29\/100 brn|[from] brn\n|upkeep\n|turn|19\n|\n|t:|1700782938\n|move|p1a: Lopunny|Return|p2a: Moltres\n|-damage|p2a: Moltres|51\/100\n|move|p2a: Moltres|Roost|p2a: Moltres\n|-heal|p2a: Moltres|100\/100\n|-singleturn|p2a: Moltres|move: Roost\n|\n|-damage|p1a: Lopunny|23\/100 brn|[from] brn\n|upkeep\n|turn|20\n|-message|harmony6 forfeited.\n|\n|win|Big Chungus irl\n|c|\u2606Big Chungus irl|damn\n|c|\u2606Big Chungus irl|gg\n|c|\u2606harmony6|ggs\n|c|\u2606harmony6|lmao\n|l|\u2606harmony6\n|c|\u2606Big Chungus irl|yeah the double electric is really hard for you\n","uploadtime":1700782973,"views":30,"p1id":"harmony6","p2id":"bigchungusirl","formatid":"gen9nationaldexubers","rating":0,"private":0,"password":""}