{"id":"gen9nationaldexubers-1998231058","p1":"nkjhgijoijhb","p2":"xikeso","format":"[Gen 9] National Dex Ubers","log":"|j|\u2606nkjhgijoijhb\n|j|\u2606xikeso\n|t:|1700916780\n|gametype|singles\n|player|p1|nkjhgijoijhb|red|1451\n|player|p2|xikeso|iono|1487\n|teamsize|p1|6\n|teamsize|p2|6\n|gen|9\n|tier|[Gen 9] National Dex Ubers\n|rated|\n|rule|HP Percentage Mod: HP is shown in percentages\n|rule|Endless Battle Clause: Forcing endless battles is banned\n|rule|OHKO Clause: OHKO moves are banned\n|rule|Evasion Moves Clause: Evasion moves are banned\n|rule|Evasion Items Clause: Evasion items are banned\n|rule|Species Clause: Limit one of each Pok\u00e9mon\n|rule|Sleep Clause Mod: Limit one foe put to sleep\n|rule|Mega Rayquaza Clause: You cannot mega evolve Rayquaza\n|clearpoke\n|poke|p1|Kyurem-White|\n|poke|p1|Chi-Yu|\n|poke|p1|Urshifu-*, M|\n|poke|p1|Shuckle, F|\n|poke|p1|Gholdengo|\n|poke|p1|Lopunny, F|\n|poke|p2|Yveltal|\n|poke|p2|Necrozma-Dusk-Mane|\n|poke|p2|Groudon|\n|poke|p2|Ho-Oh|\n|poke|p2|Umbreon, M|\n|poke|p2|Gastrodon, F|\n|teampreview\n|inactive|Battle timer is ON: inactive players will automatically lose when time's up. (requested by nkjhgijoijhb)\n|inactive|xikeso also wants the timer to be on.\n|\n|t:|1700916793\n|start\n|switch|p1a: taunt :)|Shuckle, F|100\/100\n|switch|p2a: Yveltal|Yveltal|100\/100\n|-ability|p2a: Yveltal|Dark Aura\n|turn|1\n|\n|t:|1700916802\n|move|p2a: Yveltal|Taunt|p1a: taunt :)\n|-start|p1a: taunt :)|move: Taunt\n|-enditem|p1a: taunt :)|Mental Herb\n|-end|p1a: taunt :)|move: Taunt\n|move|p1a: taunt :)|Toxic|p2a: Yveltal\n|-status|p2a: Yveltal|tox\n|\n|-damage|p2a: Yveltal|94\/100 tox|[from] psn\n|upkeep\n|turn|2\n|\n|t:|1700916813\n|switch|p1a: Lopunny|Lopunny, F|100\/100\n|move|p2a: Yveltal|Taunt|p1a: Lopunny\n|-start|p1a: Lopunny|move: Taunt\n|\n|-damage|p2a: Yveltal|82\/100 tox|[from] psn\n|upkeep\n|turn|3\n|\n|t:|1700916837\n|switch|p2a: Ho-Oh|Ho-Oh, shiny|100\/100\n|detailschange|p1a: Lopunny|Lopunny-Mega, F\n|-mega|p1a: Lopunny|Lopunny|Lopunnite\n|move|p1a: Lopunny|Fake Out|p2a: Ho-Oh\n|-damage|p2a: Ho-Oh|87\/100\n|\n|upkeep\n|turn|4\n|\n|t:|1700916850\n|switch|p1a: Chi-Yu|Chi-Yu|100\/100\n|-ability|p1a: Chi-Yu|Beads of Ruin\n|move|p2a: Ho-Oh|Whirlwind|p1a: Chi-Yu\n|drag|p1a: taunt :)|Shuckle, F|100\/100\n|\n|upkeep\n|turn|5\n|\n|t:|1700916871\n|move|p1a: taunt :)|Stealth Rock|p2a: Ho-Oh\n|-sidestart|p2: xikeso|move: Stealth Rock\n|move|p2a: Ho-Oh|Whirlwind|p1a: taunt :)\n|drag|p1a: kyurem raciste :)|Kyurem-White|100\/100\n|-ability|p1a: kyurem raciste :)|Turboblaze\n|\n|upkeep\n|turn|6\n|\n|t:|1700916886\n|move|p1a: kyurem raciste :)|Ice Beam|p2a: Ho-Oh\n|-damage|p2a: Ho-Oh|42\/100\n|move|p2a: Ho-Oh|Defog|p1a: kyurem raciste :)\n|-unboost|p1a: kyurem raciste :)|evasion|1\n|-sideend|p2: xikeso|Stealth Rock|[from] move: Defog|[of] p2a: Ho-Oh\n|\n|upkeep\n|turn|7\n|\n|t:|1700916904\n|switch|p2a: Umbreon|Umbreon, M, shiny|100\/100\n|move|p1a: kyurem raciste :)|Ice Beam|p2a: Umbreon\n|-damage|p2a: Umbreon|44\/100\n|\n|-heal|p2a: Umbreon|50\/100|[from] item: Leftovers\n|upkeep\n|turn|8\n|inactive|xikeso has 120 seconds left.\n|\n|t:|1700916946\n|-terastallize|p2a: Umbreon|Steel\n|move|p1a: kyurem raciste :)|Ice Beam|p2a: Umbreon\n|-resisted|p2a: Umbreon\n|-damage|p2a: Umbreon|23\/100\n|move|p2a: Umbreon|Moonlight|p2a: Umbreon\n|-heal|p2a: Umbreon|73\/100\n|\n|-heal|p2a: Umbreon|79\/100|[from] item: Leftovers\n|upkeep\n|turn|9\n|\n|t:|1700916959\n|switch|p1a: taunt :)|Shuckle, F|100\/100\n|switch|p2a: Ho-Oh|Ho-Oh, shiny|75\/100\n|\n|upkeep\n|turn|10\n|\n|t:|1700916972\n|switch|p2a: Gastrodon|Gastrodon, F|100\/100\n|move|p1a: taunt :)|Toxic|p2a: Gastrodon\n|-status|p2a: Gastrodon|tox\n|\n|-damage|p2a: Gastrodon|94\/100 tox|[from] psn\n|upkeep\n|turn|11\n|\n|t:|1700916981\n|move|p2a: Gastrodon|Toxic|p1a: taunt :)\n|-status|p1a: taunt :)|tox\n|move|p1a: taunt :)|Sticky Web|p2a: Gastrodon\n|-sidestart|p2: xikeso|move: Sticky Web\n|\n|-heal|p2a: Gastrodon|100\/100 tox|[from] item: Leftovers\n|-damage|p2a: Gastrodon|88\/100 tox|[from] psn\n|-damage|p1a: taunt :)|94\/100 tox|[from] psn\n|upkeep\n|turn|12\n|\n|t:|1700916991\n|switch|p2a: Umbreon|Umbreon, M, shiny, tera:Steel|79\/100\n|-activate|p2a: Umbreon|move: Sticky Web\n|-unboost|p2a: Umbreon|spe|1\n|move|p1a: taunt :)|Stealth Rock|p2a: Umbreon\n|-sidestart|p2: xikeso|move: Stealth Rock\n|\n|-heal|p2a: Umbreon|86\/100|[from] item: Leftovers\n|-damage|p1a: taunt :)|82\/100 tox|[from] psn\n|upkeep\n|turn|13\n|\n|t:|1700917002\n|move|p2a: Umbreon|Heal Bell|p2a: Umbreon\n|-activate|p2a: Umbreon|move: Heal Bell\n|-curestatus|p2: Yveltal|tox|[msg]\n|-curestatus|p2: Gastrodon|tox|[msg]\n|move|p1a: taunt :)|Encore|p2a: Umbreon\n|-start|p2a: Umbreon|Encore\n|\n|-heal|p2a: Umbreon|92\/100|[from] item: Leftovers\n|-damage|p1a: taunt :)|64\/100 tox|[from] psn\n|upkeep\n|turn|14\n|\n|t:|1700917025\n|switch|p2a: Ho-Oh|Ho-Oh, shiny|100\/100\n|switch|p1a: type fairy:)|Urshifu, M|100\/100\n|\n|upkeep\n|turn|15\n|inactive|xikeso has 90 seconds left.\n|\n|t:|1700917044\n|switch|p2a: Gastrodon|Gastrodon, F|88\/100\n|-activate|p2a: Gastrodon|move: Sticky Web\n|-unboost|p2a: Gastrodon|spe|1\n|-damage|p2a: Gastrodon|82\/100|[from] Stealth Rock\n|move|p1a: type fairy:)|Wicked Blow|p2a: Gastrodon\n|-crit|p2a: Gastrodon\n|-damage|p2a: Gastrodon|0 fnt\n|faint|p2a: Gastrodon\n|-damage|p1a: type fairy:)|91\/100|[from] item: Life Orb\n|\n|upkeep\n|inactive|xikeso has 90 seconds left.\n|\n|t:|1700917068\n|switch|p2a: Ho-Oh|Ho-Oh, shiny|100\/100\n|turn|16\n|\n|t:|1700917073\n|move|p1a: type fairy:)|Wicked Blow|p2a: Ho-Oh\n|-crit|p2a: Ho-Oh\n|-damage|p2a: Ho-Oh|49\/100\n|-damage|p1a: type fairy:)|81\/100|[from] item: Life Orb\n|move|p2a: Ho-Oh|Defog|p1a: type fairy:)\n|-unboost|p1a: type fairy:)|evasion|1\n|-sideend|p2: xikeso|Stealth Rock|[from] move: Defog|[of] p2a: Ho-Oh\n|-sideend|p2: xikeso|Sticky Web|[from] move: Defog|[of] p2a: Ho-Oh\n|\n|upkeep\n|turn|17\n|inactive|xikeso has 90 seconds left.\n|\n|t:|1700917095\n|switch|p2a: Yveltal|Yveltal|82\/100\n|-ability|p2a: Yveltal|Dark Aura\n|move|p1a: type fairy:)|Swords Dance|p1a: type fairy:)\n|-boost|p1a: type fairy:)|atk|2\n|\n|upkeep\n|turn|18\n|\n|t:|1700917107\n|move|p2a: Yveltal|Oblivion Wing|p1a: type fairy:)\n|-supereffective|p1a: type fairy:)\n|-damage|p1a: type fairy:)|0 fnt\n|-heal|p2a: Yveltal|100\/100|[from] drain|[of] p1a: type fairy:)\n|faint|p1a: type fairy:)\n|\n|upkeep\n|\n|t:|1700917115\n|switch|p1a: taunt :)|Shuckle, F|64\/100 tox\n|turn|19\n|\n|t:|1700917119\n|move|p2a: Yveltal|Taunt|p1a: taunt :)\n|-start|p1a: taunt :)|move: Taunt\n|cant|p1a: taunt :)|move: Taunt|Stealth Rock\n|\n|-damage|p1a: taunt :)|57\/100 tox|[from] psn\n|upkeep\n|turn|20\n|\n|t:|1700917128\n|switch|p1a: Lopunny|Lopunny-Mega, F|100\/100\n|move|p2a: Yveltal|Oblivion Wing|p1a: Lopunny\n|-supereffective|p1a: Lopunny\n|-damage|p1a: Lopunny|0 fnt\n|faint|p1a: Lopunny\n|\n|upkeep\n|\n|t:|1700917130\n|switch|p1a: kyurem raciste :)|Kyurem-White|100\/100\n|-ability|p1a: kyurem raciste :)|Turboblaze\n|turn|21\n|\n|t:|1700917147\n|switch|p2a: Ho-Oh|Ho-Oh, shiny|82\/100\n|move|p1a: kyurem raciste :)|Fusion Flare|p2a: Ho-Oh\n|-resisted|p2a: Ho-Oh\n|-damage|p2a: Ho-Oh|66\/100\n|\n|upkeep\n|turn|22\n|\n|t:|1700917155\n|switch|p1a: taunt :)|Shuckle, F|57\/100 tox\n|move|p2a: Ho-Oh|Recover|p2a: Ho-Oh\n|-heal|p2a: Ho-Oh|100\/100\n|\n|-damage|p1a: taunt :)|51\/100 tox|[from] psn\n|upkeep\n|turn|23\n|\n|t:|1700917171\n|switch|p2a: Yveltal|Yveltal|100\/100\n|-ability|p2a: Yveltal|Dark Aura\n|move|p1a: taunt :)|Toxic|p2a: Yveltal|[miss]\n|-miss|p1a: taunt :)|p2a: Yveltal\n|\n|-damage|p1a: taunt :)|39\/100 tox|[from] psn\n|upkeep\n|turn|24\n|\n|t:|1700917183\n|switch|p1a: kyurem raciste :)|Kyurem-White|100\/100\n|-ability|p1a: kyurem raciste :)|Turboblaze\n|move|p2a: Yveltal|Dark Pulse|p1a: kyurem raciste :)\n|-damage|p1a: kyurem raciste :)|52\/100\n|\n|upkeep\n|turn|25\n|inactive|xikeso has 90 seconds left.\n|\n|t:|1700917199\n|switch|p2a: Ho-Oh|Ho-Oh, shiny|100\/100\n|-terastallize|p1a: kyurem raciste :)|Ice\n|move|p1a: kyurem raciste :)|Ice Beam|p2a: Ho-Oh\n|-damage|p2a: Ho-Oh|36\/100\n|\n|upkeep\n|turn|26\n|\n|t:|1700917208\n|switch|p1a: Chi-Yu|Chi-Yu|100\/100\n|-ability|p1a: Chi-Yu|Beads of Ruin\n|switch|p2a: Umbreon|Umbreon, M, shiny, tera:Steel|92\/100\n|\n|-heal|p2a: Umbreon|98\/100|[from] item: Leftovers\n|upkeep\n|turn|27\n|\n|t:|1700917221\n|switch|p2a: Ho-Oh|Ho-Oh, shiny|69\/100\n|move|p1a: Chi-Yu|Fire Blast|p2a: Ho-Oh\n|-resisted|p2a: Ho-Oh\n|-damage|p2a: Ho-Oh|48\/100\n|\n|upkeep\n|turn|28\n|\n|t:|1700917229\n|switch|p1a: taunt :)|Shuckle, F|39\/100 tox\n|move|p2a: Ho-Oh|Sacred Fire|p1a: taunt :)\n|-damage|p1a: taunt :)|12\/100 tox\n|\n|-damage|p1a: taunt :)|6\/100 tox|[from] psn\n|upkeep\n|turn|29\n|\n|t:|1700917239\n|move|p2a: Ho-Oh|Sacred Fire|p1a: taunt :)|[miss]\n|-miss|p2a: Ho-Oh|p1a: taunt :)\n|move|p1a: taunt :)|Toxic|p2a: Ho-Oh\n|-status|p2a: Ho-Oh|tox\n|\n|-damage|p2a: Ho-Oh|42\/100 tox|[from] psn\n|-damage|p1a: taunt :)|0 fnt|[from] psn\n|faint|p1a: taunt :)\n|upkeep\n|\n|t:|1700917251\n|switch|p1a: Chi-Yu|Chi-Yu|100\/100\n|-ability|p1a: Chi-Yu|Beads of Ruin\n|turn|30\n|\n|t:|1700917261\n|move|p1a: Chi-Yu|Fire Blast|p2a: Ho-Oh\n|-resisted|p2a: Ho-Oh\n|-damage|p2a: Ho-Oh|19\/100 tox\n|move|p2a: Ho-Oh|Recover|p2a: Ho-Oh\n|-heal|p2a: Ho-Oh|69\/100 tox\n|\n|-damage|p2a: Ho-Oh|57\/100 tox|[from] psn\n|upkeep\n|turn|31\n|inactive|xikeso has 120 seconds left.\n|\n|t:|1700917272\n|switch|p2a: Yveltal|Yveltal|100\/100\n|-ability|p2a: Yveltal|Dark Aura\n|move|p1a: Chi-Yu|Fire Blast|p2a: Yveltal|[miss]\n|-miss|p1a: Chi-Yu|p2a: Yveltal\n|\n|upkeep\n|turn|32\n|inactive|xikeso has 120 seconds left.\n|\n|t:|1700917282\n|move|p1a: Chi-Yu|Fire Blast|p2a: Yveltal|[miss]\n|-miss|p1a: Chi-Yu|p2a: Yveltal\n|move|p2a: Yveltal|Oblivion Wing|p1a: Chi-Yu\n|-damage|p1a: Chi-Yu|53\/100\n|\n|upkeep\n|turn|33\n|-message|nkjhgijoijhb forfeited.\n|\n|win|xikeso\n|raw|nkjhgijoijhb's rating: 1451 &rarr; <strong>1433<\/strong><br \/>(-18 for losing)\n|raw|xikeso's rating: 1487 &rarr; <strong>1505<\/strong><br \/>(+18 for winning)\n|l|\u2606nkjhgijoijhb\n","uploadtime":1700917299,"views":6,"p1id":"nkjhgijoijhb","p2id":"xikeso","formatid":"gen9nationaldexubers","rating":1433,"private":0,"password":""}