{"id":"gen9nationaldexubers-1994990094","p1":"D3finity","p2":"ChaniBoy","format":"[Gen 9] National Dex Ubers","log":"|j|\u2606D3finity\n|j|\u2606ChaniBoy\n|t:|1700511079\n|gametype|singles\n|player|p1|D3finity|roark|1000\n|player|p2|ChaniBoy|palmer|1031\n|teamsize|p1|6\n|teamsize|p2|6\n|gen|9\n|tier|[Gen 9] National Dex Ubers\n|rated|\n|rule|HP Percentage Mod: HP is shown in percentages\n|rule|Endless Battle Clause: Forcing endless battles is banned\n|rule|OHKO Clause: OHKO moves are banned\n|rule|Evasion Moves Clause: Evasion moves are banned\n|rule|Evasion Items Clause: Evasion items are banned\n|rule|Species Clause: Limit one of each Pok\u00e9mon\n|rule|Sleep Clause Mod: Limit one foe put to sleep\n|rule|Mega Rayquaza Clause: You cannot mega evolve Rayquaza\n|clearpoke\n|poke|p1|Deoxys-Speed|\n|poke|p1|Arceus-Dark|\n|poke|p1|Necrozma-Dawn-Wings|\n|poke|p1|Lugia|\n|poke|p1|Zygarde|\n|poke|p1|Pheromosa|\n|poke|p2|Goodra-Hisui, F|\n|poke|p2|Kyurem|\n|poke|p2|Garchomp, F|\n|poke|p2|Kommo-o, F|\n|poke|p2|Hydreigon, M|\n|poke|p2|Latias, F|\n|teampreview\n|inactive|Battle timer is ON: inactive players will automatically lose when time's up. (requested by D3finity)\n|\n|t:|1700511105\n|start\n|switch|p1a: Deoxys|Deoxys-Speed|100\/100\n|switch|p2a: Milo J|Hydreigon, M|100\/100\n|-ability|p1a: Deoxys|Pressure\n|turn|1\n|\n|t:|1700511130\n|move|p1a: Deoxys|Psycho Boost|p2a: Milo J\n|-immune|p2a: Milo J\n|move|p2a: Milo J|Dark Pulse|p1a: Deoxys\n|-supereffective|p1a: Deoxys\n|-damage|p1a: Deoxys|10\/100\n|\n|upkeep\n|turn|2\n|c|\u2606D3finity|Hello\n|\n|t:|1700511143\n|move|p1a: Deoxys|Grass Knot|p2a: Milo J\n|-resisted|p2a: Milo J\n|-damage|p2a: Milo J|84\/100\n|move|p2a: Milo J|Dark Pulse|p1a: Deoxys\n|-supereffective|p1a: Deoxys\n|-damage|p1a: Deoxys|0 fnt\n|faint|p1a: Deoxys\n|\n|upkeep\n|inactive|D3finity has 120 seconds left.\n|\n|t:|1700511161\n|switch|p1a: Pheromosa|Pheromosa, shiny|100\/100\n|turn|3\n|inactive|D3finity has 120 seconds left.\n|\n|t:|1700511177\n|switch|p2a: Taylor Swift|Latias, F, shiny|100\/100\n|move|p1a: Pheromosa|Icy Wind|p2a: Taylor Swift\n|-supereffective|p2a: Taylor Swift\n|-damage|p2a: Taylor Swift|67\/100\n|-unboost|p2a: Taylor Swift|spe|1\n|\n|upkeep\n|turn|4\n|inactive|D3finity has 120 seconds left.\n|\n|t:|1700511198\n|detailschange|p2a: Taylor Swift|Latias-Mega, F, shiny\n|-mega|p2a: Taylor Swift|Latias|Latiasite\n|move|p1a: Pheromosa|Lunge|p2a: Taylor Swift\n|-supereffective|p2a: Taylor Swift\n|-damage|p2a: Taylor Swift|1\/100\n|-unboost|p2a: Taylor Swift|atk|1\n|move|p2a: Taylor Swift|Aura Sphere|p1a: Pheromosa\n|-resisted|p1a: Pheromosa\n|-damage|p1a: Pheromosa|67\/100\n|\n|upkeep\n|turn|5\n|inactive|D3finity has 120 seconds left.\n|\n|t:|1700511216\n|move|p1a: Pheromosa|Icy Wind|p2a: Taylor Swift\n|-supereffective|p2a: Taylor Swift\n|-damage|p2a: Taylor Swift|0 fnt\n|faint|p2a: Taylor Swift\n|-ability|p1a: Pheromosa|Beast Boost|boost\n|-boost|p1a: Pheromosa|spe|1\n|\n|upkeep\n|\n|t:|1700511225\n|switch|p2a: The \"H\"|Goodra-Hisui, F|100\/100\n|turn|6\n|inactive|D3finity has 120 seconds left.\n|\n|t:|1700511233\n|move|p1a: Pheromosa|Focus Blast|p2a: The \"H\"|[miss]\n|-miss|p1a: Pheromosa|p2a: The \"H\"\n|move|p2a: The \"H\"|Flamethrower|p1a: Pheromosa\n|-supereffective|p1a: Pheromosa\n|-damage|p1a: Pheromosa|0 fnt\n|faint|p1a: Pheromosa\n|\n|upkeep\n|inactive|D3finity has 120 seconds left.\n|\n|t:|1700511247\n|switch|p1a: Lugia|Lugia|100\/100\n|turn|7\n|inactive|D3finity has 120 seconds left.\n|\n|t:|1700511259\n|move|p1a: Lugia|Blizzard|p2a: The \"H\"|[miss]\n|-miss|p1a: Lugia|p2a: The \"H\"\n|move|p2a: The \"H\"|Flamethrower|p1a: Lugia\n|-crit|p1a: Lugia\n|-damage|p1a: Lugia|88\/100\n|\n|-heal|p1a: Lugia|94\/100|[from] item: Leftovers\n|upkeep\n|turn|8\n|\n|t:|1700511268\n|move|p1a: Lugia|Blizzard|p2a: The \"H\"\n|-damage|p2a: The \"H\"|82\/100\n|move|p2a: The \"H\"|Dragon Pulse|p1a: Lugia\n|-damage|p1a: Lugia|71\/100\n|\n|-heal|p1a: Lugia|77\/100|[from] item: Leftovers\n|-heal|p2a: The \"H\"|88\/100|[from] item: Leftovers\n|upkeep\n|turn|9\n|inactive|D3finity has 120 seconds left.\n|\n|t:|1700511285\n|move|p1a: Lugia|Psyshock|p2a: The \"H\"\n|-resisted|p2a: The \"H\"\n|-damage|p2a: The \"H\"|72\/100\n|move|p2a: The \"H\"|Dragon Pulse|p1a: Lugia\n|-damage|p1a: Lugia|51\/100\n|\n|-heal|p1a: Lugia|57\/100|[from] item: Leftovers\n|-heal|p2a: The \"H\"|78\/100|[from] item: Leftovers\n|upkeep\n|turn|10\n|\n|t:|1700511296\n|move|p1a: Lugia|Hurricane|p2a: The \"H\"\n|-resisted|p2a: The \"H\"\n|-damage|p2a: The \"H\"|63\/100\n|-start|p2a: The \"H\"|confusion\n|-activate|p2a: The \"H\"|confusion\n|move|p2a: The \"H\"|Dragon Pulse|p1a: Lugia\n|-damage|p1a: Lugia|30\/100\n|\n|-heal|p1a: Lugia|37\/100|[from] item: Leftovers\n|-heal|p2a: The \"H\"|69\/100|[from] item: Leftovers\n|upkeep\n|turn|11\n|inactive|D3finity has 120 seconds left.\n|\n|t:|1700511325\n|move|p1a: Lugia|Blizzard|p2a: The \"H\"|[miss]\n|-miss|p1a: Lugia|p2a: The \"H\"\n|-activate|p2a: The \"H\"|confusion\n|move|p2a: The \"H\"|Dragon Pulse|p1a: Lugia\n|-crit|p1a: Lugia\n|-damage|p1a: Lugia|0 fnt\n|faint|p1a: Lugia\n|\n|-heal|p2a: The \"H\"|75\/100|[from] item: Leftovers\n|upkeep\n|\n|t:|1700511332\n|switch|p1a: Zygarde|Zygarde|100\/100\n|turn|12\n|inactive|D3finity has 120 seconds left.\n|\n|t:|1700511351\n|-terastallize|p2a: The \"H\"|Ground\n|move|p1a: Zygarde|Earthquake|p2a: The \"H\"\n|-damage|p2a: The \"H\"|30\/100\n|-activate|p2a: The \"H\"|confusion\n|move|p2a: The \"H\"|Dragon Pulse|p1a: Zygarde\n|-supereffective|p1a: Zygarde\n|-damage|p1a: Zygarde|26\/100\n|\n|-heal|p1a: Zygarde|32\/100|[from] item: Leftovers\n|-heal|p2a: The \"H\"|36\/100|[from] item: Leftovers\n|-activate|p1a: Zygarde|ability: Power Construct\n|detailschange|p1a: Zygarde|Zygarde-Complete\n|-heal|p1a: Zygarde|55\/100|[silent]\n|upkeep\n|turn|13\n|\n|t:|1700511368\n|move|p1a: Zygarde|Coil|p1a: Zygarde\n|-boost|p1a: Zygarde|atk|1\n|-boost|p1a: Zygarde|def|1\n|-boost|p1a: Zygarde|accuracy|1\n|-activate|p2a: The \"H\"|confusion\n|-damage|p2a: The \"H\"|28\/100|[from] confusion\n|\n|-heal|p1a: Zygarde|61\/100|[from] item: Leftovers\n|-heal|p2a: The \"H\"|34\/100|[from] item: Leftovers\n|upkeep\n|turn|14\n|\n|t:|1700511379\n|move|p1a: Zygarde|Coil|p1a: Zygarde\n|-boost|p1a: Zygarde|atk|1\n|-boost|p1a: Zygarde|def|1\n|-boost|p1a: Zygarde|accuracy|1\n|-end|p2a: The \"H\"|confusion\n|move|p2a: The \"H\"|Dragon Pulse|p1a: Zygarde\n|-supereffective|p1a: Zygarde\n|-damage|p1a: Zygarde|15\/100\n|\n|-heal|p1a: Zygarde|21\/100|[from] item: Leftovers\n|-heal|p2a: The \"H\"|40\/100|[from] item: Leftovers\n|upkeep\n|turn|15\n|inactive|D3finity has 120 seconds left.\n|\n|t:|1700511389\n|move|p1a: Zygarde|Earthquake|p2a: The \"H\"\n|-damage|p2a: The \"H\"|0 fnt\n|faint|p2a: The \"H\"\n|\n|-heal|p1a: Zygarde|27\/100|[from] item: Leftovers\n|upkeep\n|\n|t:|1700511400\n|switch|p2a: Mamuth|Kyurem|100\/100\n|-ability|p2a: Mamuth|Pressure\n|turn|16\n|inactive|D3finity has 120 seconds left.\n|\n|t:|1700511418\n|move|p2a: Mamuth|Earth Power|p1a: Zygarde\n|-damage|p1a: Zygarde|11\/100\n|move|p1a: Zygarde|Core Enforcer|p2a: Mamuth\n|-supereffective|p2a: Mamuth\n|-damage|p2a: Mamuth|43\/100\n|-endability|p2a: Mamuth\n|\n|-heal|p1a: Zygarde|17\/100|[from] item: Leftovers\n|upkeep\n|turn|17\n|inactive|D3finity has 120 seconds left.\n|\n|t:|1700511445\n|move|p2a: Mamuth|Ice Beam|p1a: Zygarde\n|-supereffective|p1a: Zygarde\n|-damage|p1a: Zygarde|0 fnt\n|faint|p1a: Zygarde\n|\n|upkeep\n|\n|t:|1700511457\n|switch|p1a: Necrozma|Necrozma-Dawn-Wings|100\/100\n|turn|18\n|\n|t:|1700511471\n|move|p2a: Mamuth|Ice Beam|p1a: Necrozma\n|-damage|p1a: Necrozma|59\/100\n|move|p1a: Necrozma|Earthquake|p2a: Mamuth\n|-damage|p2a: Mamuth|19\/100\n|\n|upkeep\n|turn|19\n|\n|t:|1700511479\n|move|p2a: Mamuth|Ice Beam|p1a: Necrozma\n|-damage|p1a: Necrozma|19\/100\n|move|p1a: Necrozma|Earthquake|p2a: Mamuth\n|-damage|p2a: Mamuth|0 fnt\n|faint|p2a: Mamuth\n|\n|upkeep\n|\n|t:|1700511489\n|switch|p2a: El Cinto|Garchomp, F|100\/100\n|turn|20\n|\n|t:|1700511499\n|move|p1a: Necrozma|Earthquake|p2a: El Cinto\n|-damage|p2a: El Cinto|82\/100\n|move|p2a: El Cinto|Earthquake|p1a: Necrozma\n|-damage|p1a: Necrozma|0 fnt\n|faint|p1a: Necrozma\n|\n|upkeep\n|\n|t:|1700511502\n|switch|p1a: Arceus|Arceus-Dark|100\/100\n|turn|21\n|\n|t:|1700511518\n|-zpower|p1a: Arceus\n|move|p1a: Arceus|Black Hole Eclipse|p2a: El Cinto|[zeffect]\n|-damage|p2a: El Cinto|16\/100\n|move|p2a: El Cinto|Toxic|p1a: Arceus\n|-status|p1a: Arceus|tox\n|\n|-damage|p1a: Arceus|94\/100 tox|[from] psn\n|upkeep\n|turn|22\n|inactive|D3finity has 120 seconds left.\n|\n|t:|1700511538\n|move|p1a: Arceus|Dark Pulse|p2a: El Cinto\n|-damage|p2a: El Cinto|0 fnt\n|faint|p2a: El Cinto\n|\n|-damage|p1a: Arceus|82\/100 tox|[from] psn\n|upkeep\n|\n|t:|1700511548\n|switch|p2a: Kozmo|Kommo-o, F, shiny|100\/100\n|turn|23\n|\n|t:|1700511561\n|move|p1a: Arceus|Shadow Force||[still]\n|-prepare|p1a: Arceus|Shadow Force\n|move|p2a: Kozmo|Drain Punch|p1a: Arceus|[miss]\n|-miss|p2a: Kozmo|p1a: Arceus\n|\n|-damage|p1a: Arceus|64\/100 tox|[from] psn\n|upkeep\n|turn|24\n|\n|t:|1700511570\n|move|p1a: Arceus|Shadow Force|p2a: Kozmo|[from]lockedmove\n|-damage|p2a: Kozmo|68\/100\n|move|p2a: Kozmo|Drain Punch|p1a: Arceus\n|-supereffective|p1a: Arceus\n|-damage|p1a: Arceus|23\/100 tox\n|-heal|p2a: Kozmo|95\/100|[from] drain|[of] p1a: Arceus\n|\n|-damage|p1a: Arceus|0 fnt|[from] psn\n|faint|p1a: Arceus\n|\n|win|ChaniBoy\n|upkeep\n|raw|D3finity's rating: 1000 &rarr; <strong>1000<\/strong><br \/>(+0 for losing)\n|raw|ChaniBoy's rating: 1031 &rarr; <strong>1063<\/strong><br \/>(+32 for winning)\n|c|\u2606D3finity|gg\n|l|\u2606D3finity\n","uploadtime":1700511594,"views":26,"p1id":"d3finity","p2id":"chaniboy","formatid":"gen9nationaldexubers","rating":1000,"private":0,"password":""}