{"id":"gen9nationaldexubers-1982795594","p1":"pkrokune","p2":"Not_Taken_Name637","format":"[Gen 9] National Dex Ubers","log":"|j|\u2606pkrokune\n|j|\u2606Not_Taken_Name637\n|t:|1699045667\n|gametype|singles\n|player|p1|pkrokune|alec-anime|1446\n|player|p2|Not_Taken_Name637|richboy-gen4|1503\n|teamsize|p1|6\n|teamsize|p2|6\n|gen|9\n|tier|[Gen 9] National Dex Ubers\n|rated|\n|rule|HP Percentage Mod: HP is shown in percentages\n|rule|Endless Battle Clause: Forcing endless battles is banned\n|rule|OHKO Clause: OHKO moves are banned\n|rule|Evasion Moves Clause: Evasion moves are banned\n|rule|Evasion Items Clause: Evasion items are banned\n|rule|Species Clause: Limit one of each Pok\u00e9mon\n|rule|Sleep Clause Mod: Limit one foe put to sleep\n|rule|Mega Rayquaza Clause: You cannot mega evolve Rayquaza\n|clearpoke\n|poke|p1|Xerneas-*|\n|poke|p1|Yveltal|\n|poke|p1|Ho-Oh|\n|poke|p1|Groudon|\n|poke|p1|Mewtwo|\n|poke|p1|Basculegion, M|\n|poke|p2|Groudon|\n|poke|p2|Flutter Mane|\n|poke|p2|Necrozma-Dusk-Mane|\n|poke|p2|Yveltal|\n|poke|p2|Giratina-Origin|\n|poke|p2|Lucario, F|\n|teampreview\n|inactive|Battle timer is ON: inactive players will automatically lose when time's up. (requested by pkrokune)\n|\n|t:|1699045676\n|start\n|switch|p1a: Mewtwo|Mewtwo, shiny|100\/100\n|switch|p2a: Lucario|Lucario, F|100\/100\n|-ability|p1a: Mewtwo|Pressure\n|turn|1\n|\n|t:|1699045687\n|detailschange|p1a: Mewtwo|Mewtwo-Mega-X, shiny\n|-mega|p1a: Mewtwo|Mewtwo|Mewtwonite X\n|detailschange|p2a: Lucario|Lucario-Mega, F\n|-mega|p2a: Lucario|Lucario|Lucarionite\n|move|p1a: Mewtwo|Drain Punch|p2a: Lucario\n|-supereffective|p2a: Lucario\n|-damage|p2a: Lucario|0 fnt\n|faint|p2a: Lucario\n|\n|upkeep\n|\n|t:|1699045694\n|switch|p2a: Flutter Mane|Flutter Mane|100\/100\n|turn|2\n|\n|t:|1699045699\n|switch|p1a: Ho-Oh|Ho-Oh|100\/100\n|move|p2a: Flutter Mane|Shadow Ball|p1a: Ho-Oh\n|-damage|p1a: Ho-Oh|77\/100\n|\n|upkeep\n|turn|3\n|\n|t:|1699045705\n|-end|p2a: Flutter Mane|Protosynthesis|[silent]\n|switch|p2a: Yveltal|Yveltal, shiny|100\/100\n|-ability|p2a: Yveltal|Dark Aura\n|move|p1a: Ho-Oh|Sacred Fire|p2a: Yveltal\n|-damage|p2a: Yveltal|65\/100\n|\n|upkeep\n|turn|4\n|\n|t:|1699045710\n|move|p2a: Yveltal|Knock Off|p1a: Ho-Oh\n|-damage|p1a: Ho-Oh|19\/100\n|-enditem|p1a: Ho-Oh|Heavy-Duty Boots|[from] move: Knock Off|[of] p2a: Yveltal\n|move|p1a: Ho-Oh|Toxic|p2a: Yveltal\n|-status|p2a: Yveltal|tox\n|\n|-damage|p2a: Yveltal|59\/100 tox|[from] psn\n|upkeep\n|turn|5\n|\n|t:|1699045715\n|switch|p1a: Yveltal|Yveltal, shiny|100\/100\n|-ability|p1a: Yveltal|Dark Aura\n|move|p2a: Yveltal|Knock Off|p1a: Yveltal\n|-resisted|p1a: Yveltal\n|-damage|p1a: Yveltal|60\/100\n|-enditem|p1a: Yveltal|Heavy-Duty Boots|[from] move: Knock Off|[of] p2a: Yveltal\n|\n|-damage|p2a: Yveltal|46\/100 tox|[from] psn\n|upkeep\n|turn|6\n|\n|t:|1699045721\n|move|p2a: Yveltal|Sucker Punch|p1a: Yveltal\n|-resisted|p1a: Yveltal\n|-damage|p1a: Yveltal|34\/100\n|move|p1a: Yveltal|Oblivion Wing|p2a: Yveltal\n|-damage|p2a: Yveltal|14\/100 tox\n|-heal|p1a: Yveltal|60\/100|[from] drain|[of] p2a: Yveltal\n|\n|-damage|p2a: Yveltal|0 fnt|[from] psn\n|faint|p2a: Yveltal\n|upkeep\n|\n|t:|1699045727\n|switch|p2a: Flutter Mane|Flutter Mane|100\/100\n|turn|7\n|\n|t:|1699045735\n|switch|p1a: Ho-Oh|Ho-Oh|53\/100\n|-zpower|p2a: Flutter Mane\n|move|p2a: Flutter Mane|Twinkle Tackle|p1a: Ho-Oh|[zeffect]\n|-resisted|p1a: Ho-Oh\n|-damage|p1a: Ho-Oh|25\/100\n|\n|upkeep\n|turn|8\n|\n|t:|1699045739\n|move|p2a: Flutter Mane|Shadow Ball|p1a: Ho-Oh\n|-damage|p1a: Ho-Oh|1\/100\n|-unboost|p1a: Ho-Oh|spd|1\n|move|p1a: Ho-Oh|Roost|p1a: Ho-Oh\n|-heal|p1a: Ho-Oh|51\/100\n|-singleturn|p1a: Ho-Oh|move: Roost\n|\n|upkeep\n|turn|9\n|\n|t:|1699045742\n|switch|p1a: Yveltal|Yveltal, shiny|60\/100\n|-ability|p1a: Yveltal|Dark Aura\n|move|p2a: Flutter Mane|Shadow Ball|p1a: Yveltal\n|-resisted|p1a: Yveltal\n|-damage|p1a: Yveltal|41\/100\n|\n|upkeep\n|turn|10\n|\n|t:|1699045745\n|move|p1a: Yveltal|Sucker Punch|p2a: Flutter Mane\n|-damage|p2a: Flutter Mane|0 fnt\n|faint|p2a: Flutter Mane\n|-end|p2a: Flutter Mane|Protosynthesis|[silent]\n|\n|upkeep\n|\n|t:|1699045748\n|switch|p2a: Necrozma|Necrozma-Dusk-Mane|100\/100\n|turn|11\n|-message|Not_Taken_Name637 forfeited.\n|\n|win|pkrokune\n|raw|pkrokune's rating: 1446 &rarr; <strong>1469<\/strong><br \/>(+23 for winning)\n|raw|Not_Taken_Name637's rating: 1503 &rarr; <strong>1480<\/strong><br \/>(-23 for losing)\n|l|\u2606Not_Taken_Name637\n","uploadtime":1699045759,"views":9,"p1id":"pkrokune","p2id":"nottakenname637","formatid":"gen9nationaldexubers","rating":1469,"private":0,"password":""}