{"id":"gen9nationaldexubers-1979040765","p1":"Guj Genera","p2":"Neil278","format":"[Gen 9] National Dex Ubers","log":"|j|\u2606Guj Genera\n|j|\u2606Neil278\n|t:|1698624614\n|gametype|singles\n|player|p1|Guj Genera|red|\n|player|p2|Neil278|hilbert-wonderlauncher|\n|teamsize|p1|6\n|teamsize|p2|6\n|gen|9\n|tier|[Gen 9] National Dex Ubers\n|rule|HP Percentage Mod: HP is shown in percentages\n|rule|Endless Battle Clause: Forcing endless battles is banned\n|rule|OHKO Clause: OHKO moves are banned\n|rule|Evasion Moves Clause: Evasion moves are banned\n|rule|Evasion Items Clause: Evasion items are banned\n|rule|Species Clause: Limit one of each Pok\u00e9mon\n|rule|Sleep Clause Mod: Limit one foe put to sleep\n|rule|Mega Rayquaza Clause: You cannot mega evolve Rayquaza\n|clearpoke\n|poke|p1|Zeraora|\n|poke|p1|Inteleon, M|\n|poke|p1|Kartana|\n|poke|p1|Cinderace, M|\n|poke|p1|Kommo-o, M|\n|poke|p1|Landorus-Therian, M|\n|poke|p2|Gholdengo|\n|poke|p2|Heatran, M|\n|poke|p2|Kingambit, M|\n|poke|p2|Celesteela|\n|poke|p2|Scizor, F|\n|poke|p2|Kartana|\n|teampreview\n|inactive|Battle timer is ON: inactive players will automatically lose when time's up. (requested by Guj Genera)\n|c|\u2606Neil278|GLHF!\n|\n|t:|1698624637\n|start\n|switch|p1a: Landorus|Landorus-Therian, M, shiny|100\/100\n|switch|p2a: BlastingOffAgain!|Celesteela|100\/100\n|-ability|p1a: Landorus|Intimidate|boost\n|-unboost|p2a: BlastingOffAgain!|atk|1\n|turn|1\n|\n|t:|1698624650\n|move|p1a: Landorus|Stealth Rock|p2a: BlastingOffAgain!\n|-sidestart|p2: Neil278|move: Stealth Rock\n|move|p2a: BlastingOffAgain!|Autotomize|p2a: BlastingOffAgain!\n|-boost|p2a: BlastingOffAgain!|spe|2\n|-start|p2a: BlastingOffAgain!|Autotomize\n|\n|upkeep\n|turn|2\n|\n|t:|1698624662\n|move|p2a: BlastingOffAgain!|Meteor Beam||[still]\n|-prepare|p2a: BlastingOffAgain!|Meteor Beam\n|-boost|p2a: BlastingOffAgain!|spa|1\n|-enditem|p2a: BlastingOffAgain!|Power Herb\n|-anim|p2a: BlastingOffAgain!|Meteor Beam|p1a: Landorus\n|-damage|p1a: Landorus|38\/100\n|move|p1a: Landorus|U-turn|p2a: BlastingOffAgain!\n|-resisted|p2a: BlastingOffAgain!\n|-damage|p2a: BlastingOffAgain!|95\/100\n|\n|t:|1698624667\n|switch|p1a: Zeraora|Zeraora, shiny|100\/100|[from] U-turn\n|\n|upkeep\n|turn|3\n|\n|t:|1698624676\n|move|p2a: BlastingOffAgain!|Flamethrower|p1a: Zeraora\n|-damage|p1a: Zeraora|39\/100\n|move|p1a: Zeraora|Plasma Fists|p2a: BlastingOffAgain!\n|-supereffective|p2a: BlastingOffAgain!\n|-damage|p2a: BlastingOffAgain!|0 fnt\n|-fieldactivate|move: Ion Deluge\n|-hint|Normal-type moves become Electric-type after using Plasma Fists.\n|faint|p2a: BlastingOffAgain!\n|\n|upkeep\n|\n|t:|1698624696\n|switch|p2a: spider|Heatran, M|100\/100\n|-damage|p2a: spider|88\/100|[from] Stealth Rock\n|turn|4\n|\n|t:|1698624706\n|move|p1a: Zeraora|Close Combat|p2a: spider\n|-supereffective|p2a: spider\n|-damage|p2a: spider|0 fnt\n|-unboost|p1a: Zeraora|def|1\n|-unboost|p1a: Zeraora|spd|1\n|faint|p2a: spider\n|\n|upkeep\n|\n|t:|1698624711\n|switch|p2a: Chess opening|Kingambit, M|100\/100\n|-damage|p2a: Chess opening|94\/100|[from] Stealth Rock\n|-activate|p2a: Chess opening|ability: Supreme Overlord\n|-start|p2a: Chess opening|fallen2|[silent]\n|turn|5\n|\n|t:|1698624716\n|move|p2a: Chess opening|Sucker Punch|p1a: Zeraora\n|-damage|p1a: Zeraora|0 fnt\n|faint|p1a: Zeraora\n|\n|upkeep\n|\n|t:|1698624719\n|switch|p1a: Kommo-o|Kommo-o, M, shiny|100\/100\n|turn|6\n|\n|t:|1698624731\n|-end|p2a: Chess opening|fallen2|[silent]\n|switch|p2a: String cheese|Gholdengo|100\/100\n|-damage|p2a: String cheese|94\/100|[from] Stealth Rock\n|-zpower|p1a: Kommo-o\n|move|p1a: Kommo-o|Clangorous Soulblaze|p2a: String cheese|[zeffect]\n|-resisted|p2a: String cheese\n|-damage|p2a: String cheese|57\/100\n|-boost|p1a: Kommo-o|atk|1\n|-boost|p1a: Kommo-o|def|1\n|-boost|p1a: Kommo-o|spa|1\n|-boost|p1a: Kommo-o|spd|1\n|-boost|p1a: Kommo-o|spe|1\n|\n|upkeep\n|turn|7\n|\n|t:|1698624739\n|move|p2a: String cheese|Make It Rain|p1a: Kommo-o\n|-damage|p1a: Kommo-o|42\/100\n|-unboost|p2a: String cheese|spa|1\n|move|p1a: Kommo-o|Earthquake|p2a: String cheese\n|-supereffective|p2a: String cheese\n|-damage|p2a: String cheese|0 fnt\n|faint|p2a: String cheese\n|\n|upkeep\n|l|\u2606Guj Genera\n|inactive|Guj Genera disconnected and has 300 seconds to reconnect!\n|player|p1|\n|\n|t:|1698624752\n|switch|p2a: Still short...|Scizor, F|100\/100\n|-damage|p2a: Still short...|88\/100|[from] Stealth Rock\n|turn|8\n|j|\u2606Guj Genera\n|inactive|Guj Genera reconnected and has 300 seconds left.\n|player|p1|Guj Genera|red\n|\n|t:|1698624765\n|detailschange|p2a: Still short...|Scizor-Mega, F\n|-mega|p2a: Still short...|Scizor|Scizorite\n|move|p1a: Kommo-o|Close Combat|p2a: Still short...\n|-damage|p2a: Still short...|23\/100\n|-unboost|p1a: Kommo-o|def|1\n|-unboost|p1a: Kommo-o|spd|1\n|move|p2a: Still short...|Swords Dance|p2a: Still short...\n|-boost|p2a: Still short...|atk|2\n|\n|upkeep\n|turn|9\n|\n|t:|1698624771\n|move|p2a: Still short...|Bullet Punch|p1a: Kommo-o\n|-damage|p1a: Kommo-o|0 fnt\n|faint|p1a: Kommo-o\n|\n|upkeep\n|\n|t:|1698624774\n|switch|p1a: Landorus|Landorus-Therian, M, shiny|38\/100\n|-ability|p1a: Landorus|Intimidate|boost\n|-unboost|p2a: Still short...|atk|1\n|turn|10\n|\n|t:|1698624778\n|switch|p1a: Inteleon|Inteleon, M, shiny|100\/100\n|move|p2a: Still short...|Bullet Punch|p1a: Inteleon\n|-resisted|p1a: Inteleon\n|-damage|p1a: Inteleon|54\/100\n|\n|upkeep\n|turn|11\n|\n|t:|1698624784\n|switch|p2a: Chess opening|Kingambit, M|94\/100\n|-damage|p2a: Chess opening|88\/100|[from] Stealth Rock\n|-activate|p2a: Chess opening|ability: Supreme Overlord\n|-start|p2a: Chess opening|fallen3|[silent]\n|move|p1a: Inteleon|Snipe Shot|p2a: Chess opening\n|-damage|p2a: Chess opening|49\/100\n|\n|upkeep\n|turn|12\n|\n|t:|1698624788\n|move|p2a: Chess opening|Sucker Punch|p1a: Inteleon\n|-damage|p1a: Inteleon|0 fnt\n|faint|p1a: Inteleon\n|\n|upkeep\n|\n|t:|1698624792\n|switch|p1a: Kartana|Kartana, shiny|100\/100\n|turn|13\n|\n|t:|1698624809\n|-end|p2a: Chess opening|fallen3|[silent]\n|switch|p2a: Still short...|Scizor-Mega, F|23\/100\n|-damage|p2a: Still short...|11\/100|[from] Stealth Rock\n|move|p1a: Kartana|Sacred Sword|p2a: Still short...\n|-damage|p2a: Still short...|0 fnt\n|faint|p2a: Still short...\n|-ability|p1a: Kartana|Beast Boost|boost\n|-boost|p1a: Kartana|atk|1\n|\n|upkeep\n|\n|t:|1698624817\n|switch|p2a: Paper cuts|Kartana|100\/100\n|-damage|p2a: Paper cuts|94\/100|[from] Stealth Rock\n|turn|14\n|\n|t:|1698624820\n|move|p2a: Paper cuts|Sacred Sword|p1a: Kartana\n|-supereffective|p1a: Kartana\n|-damage|p1a: Kartana|14\/100\n|move|p1a: Kartana|Sacred Sword|p2a: Paper cuts\n|-supereffective|p2a: Paper cuts\n|-damage|p2a: Paper cuts|0 fnt\n|faint|p2a: Paper cuts\n|-ability|p1a: Kartana|Beast Boost|boost\n|-boost|p1a: Kartana|atk|1\n|\n|upkeep\n|\n|t:|1698624826\n|switch|p2a: Chess opening|Kingambit, M|49\/100\n|-damage|p2a: Chess opening|43\/100|[from] Stealth Rock\n|-activate|p2a: Chess opening|ability: Supreme Overlord\n|-start|p2a: Chess opening|fallen5|[silent]\n|turn|15\n|\n|t:|1698624830\n|move|p2a: Chess opening|Sucker Punch|p1a: Kartana\n|-damage|p1a: Kartana|0 fnt\n|faint|p1a: Kartana\n|\n|upkeep\n|\n|t:|1698624831\n|switch|p1a: Landorus|Landorus-Therian, M, shiny|38\/100\n|-ability|p1a: Landorus|Intimidate|boost\n|-unboost|p2a: Chess opening|atk|1\n|turn|16\n|\n|t:|1698624835\n|move|p2a: Chess opening|Sucker Punch||[still]\n|-fail|p2a: Chess opening\n|move|p1a: Landorus|Toxic|p2a: Chess opening\n|-immune|p2a: Chess opening\n|\n|upkeep\n|turn|17\n|\n|t:|1698624837\n|move|p2a: Chess opening|Sucker Punch|p1a: Landorus\n|-damage|p1a: Landorus|7\/100\n|-damage|p2a: Chess opening|26\/100|[from] item: Rocky Helmet|[of] p1a: Landorus\n|move|p1a: Landorus|Earthquake|p2a: Chess opening\n|-supereffective|p2a: Chess opening\n|-damage|p2a: Chess opening|0 fnt\n|faint|p2a: Chess opening\n|-end|p2a: Chess opening|fallen5|[silent]\n|\n|win|Guj Genera\n|c|\u2606Guj Genera|Ggwp\n|l|\u2606Neil278\n|l|\u2606Guj Genera\n|j|\u2606Guj Genera\n|player|p1|Guj Genera|red\n","uploadtime":1698625149,"views":26,"p1id":"gujgenera","p2id":"neil278","formatid":"gen9nationaldexubers","rating":0,"private":0,"password":""}