{"id":"gen9nationaldexubers-1984062924","p1":"Malice Incarnate","p2":"Destinum","format":"[Gen 9] National Dex Ubers","log":"|j|\u2606Malice Incarnate\n|j|\u2606Destinum\n|t:|1699214831\n|gametype|singles\n|player|p1|Malice Incarnate|palmer|\n|player|p2|Destinum|colress|\n|teamsize|p1|6\n|teamsize|p2|6\n|gen|9\n|tier|[Gen 9] National Dex Ubers\n|rule|HP Percentage Mod: HP is shown in percentages\n|rule|Endless Battle Clause: Forcing endless battles is banned\n|rule|OHKO Clause: OHKO moves are banned\n|rule|Evasion Moves Clause: Evasion moves are banned\n|rule|Evasion Items Clause: Evasion items are banned\n|rule|Species Clause: Limit one of each Pok\u00e9mon\n|rule|Sleep Clause Mod: Limit one foe put to sleep\n|rule|Mega Rayquaza Clause: You cannot mega evolve Rayquaza\n|clearpoke\n|poke|p1|Scizor, F|\n|poke|p1|Landorus-Therian, M|\n|poke|p1|Greninja-*, M|\n|poke|p1|Conkeldurr, M|\n|poke|p1|Blissey, F|\n|poke|p1|Corviknight, F|\n|poke|p2|Ninetales-Alola, F|\n|poke|p2|Darmanitan-Galar, M|\n|poke|p2|Avalugg, M|\n|poke|p2|Piloswine, M|\n|poke|p2|Calyrex-Ice|\n|poke|p2|Kyurem-White|\n|teampreview\n|inactive|Battle timer is ON: inactive players will automatically lose when time's up. (requested by Malice Incarnate)\n|c|\u2606Malice Incarnate|Dragon corv\n|inactive|Destinum has 270 seconds left.\n|\n|t:|1699214868\n|start\n|switch|p1a: Scizor|Scizor, F|100\/100\n|switch|p2a: A Madafaking T-Rex|Kyurem-White|100\/100\n|-ability|p2a: A Madafaking T-Rex|Turboblaze\n|turn|1\n|\n|t:|1699214873\n|switch|p1a: Blissey|Blissey, F|100\/100\n|-terastallize|p2a: A Madafaking T-Rex|Dragon\n|move|p2a: A Madafaking T-Rex|Fusion Flare|p1a: Blissey\n|-damage|p1a: Blissey|75\/100\n|\n|upkeep\n|turn|2\n|j| Astro Rifk\n|\n|t:|1699214879\n|switch|p2a: Chris P. Bacon|Piloswine, M|100\/100\n|move|p1a: Blissey|Teleport|p1a: Blissey\n|\n|t:|1699214885\n|switch|p1a: Conkeldurr|Conkeldurr, M|100\/100|[from] Teleport\n|\n|-status|p1a: Conkeldurr|brn|[from] item: Flame Orb\n|upkeep\n|turn|3\n|\n|t:|1699214897\n|move|p2a: Chris P. Bacon|Stealth Rock|p1a: Conkeldurr\n|-sidestart|p1: Malice Incarnate|move: Stealth Rock\n|move|p1a: Conkeldurr|Knock Off|p2a: Chris P. Bacon\n|-damage|p2a: Chris P. Bacon|61\/100\n|-enditem|p2a: Chris P. Bacon|Eviolite|[from] move: Knock Off|[of] p1a: Conkeldurr\n|\n|-damage|p1a: Conkeldurr|94\/100 brn|[from] brn\n|upkeep\n|turn|4\n|\n|t:|1699214904\n|switch|p2a: Let It Go|Ninetales-Alola, F|100\/100\n|-weather|Snow|[from] ability: Snow Warning|[of] p2a: Let It Go\n|move|p1a: Conkeldurr|Close Combat|p2a: Let It Go\n|-damage|p2a: Let It Go|0 fnt\n|-unboost|p1a: Conkeldurr|def|1\n|-unboost|p1a: Conkeldurr|spd|1\n|faint|p2a: Let It Go\n|\n|-weather|Snow|[upkeep]\n|-damage|p1a: Conkeldurr|88\/100 brn|[from] brn\n|upkeep\n|\n|t:|1699214920\n|switch|p2a: Carolus Rex|Calyrex-Ice|100\/100\n|-ability|p2a: Carolus Rex|As One\n|-ability|p2a: Carolus Rex|Unnerve\n|turn|5\n|\n|t:|1699214923\n|move|p1a: Conkeldurr|Knock Off|p2a: Carolus Rex\n|-supereffective|p2a: Carolus Rex\n|-damage|p2a: Carolus Rex|52\/100\n|-enditem|p2a: Carolus Rex|Heavy-Duty Boots|[from] move: Knock Off|[of] p1a: Conkeldurr\n|move|p2a: Carolus Rex|Glacial Lance|p1a: Conkeldurr\n|-damage|p1a: Conkeldurr|0 fnt\n|faint|p1a: Conkeldurr\n|-ability|p2a: Carolus Rex|Chilling Neigh|boost\n|-boost|p2a: Carolus Rex|atk|1\n|\n|-weather|Snow|[upkeep]\n|upkeep\n|\n|t:|1699214932\n|switch|p1a: Greninja|Greninja, M|100\/100\n|-damage|p1a: Greninja|88\/100|[from] Stealth Rock\n|turn|6\n|\n|t:|1699214949\n|switch|p2a: Chris P. Bacon|Piloswine, M|61\/100\n|move|p1a: Greninja|Dark Pulse|p2a: Chris P. Bacon\n|-start|p1a: Greninja|typechange|Dark|[from] ability: Protean\n|-damage|p2a: Chris P. Bacon|36\/100\n|\n|-weather|Snow|[upkeep]\n|upkeep\n|turn|7\n|\n|t:|1699214961\n|switch|p1a: Scizor|Scizor, F|100\/100\n|-damage|p1a: Scizor|88\/100|[from] Stealth Rock\n|move|p2a: Chris P. Bacon|Earthquake|p1a: Scizor\n|-damage|p1a: Scizor|59\/100\n|\n|-weather|Snow|[upkeep]\n|upkeep\n|turn|8\n|\n|t:|1699214966\n|switch|p2a: A Madafaking T-Rex|Kyurem-White, tera:Dragon|100\/100\n|-ability|p2a: A Madafaking T-Rex|Turboblaze\n|detailschange|p1a: Scizor|Scizor-Mega, F\n|-mega|p1a: Scizor|Scizor|Scizorite\n|move|p1a: Scizor|Roost|p1a: Scizor\n|-heal|p1a: Scizor|100\/100\n|-singleturn|p1a: Scizor|move: Roost\n|\n|-weather|none\n|upkeep\n|turn|9\n|\n|t:|1699214972\n|switch|p1a: Blissey|Blissey, F|75\/100\n|move|p2a: A Madafaking T-Rex|Fusion Flare|p1a: Blissey\n|-damage|p1a: Blissey|50\/100\n|\n|upkeep\n|turn|10\n|\n|t:|1699214974\n|move|p2a: A Madafaking T-Rex|Fusion Flare|p1a: Blissey\n|-damage|p1a: Blissey|25\/100\n|move|p1a: Blissey|Soft-Boiled|p1a: Blissey\n|-heal|p1a: Blissey|75\/100\n|\n|upkeep\n|turn|11\n|\n|t:|1699214981\n|move|p2a: A Madafaking T-Rex|Fusion Flare|p1a: Blissey\n|-damage|p1a: Blissey|51\/100\n|move|p1a: Blissey|Soft-Boiled|p1a: Blissey\n|-heal|p1a: Blissey|100\/100\n|\n|upkeep\n|turn|12\n|\n|t:|1699214987\n|switch|p2a: I Choose Violence|Darmanitan-Galar, M|100\/100\n|move|p1a: Blissey|Teleport|p1a: Blissey\n|\n|t:|1699214989\n|switch|p1a: Scizor|Scizor-Mega, F|100\/100|[from] Teleport\n|-damage|p1a: Scizor|88\/100|[from] Stealth Rock\n|\n|upkeep\n|turn|13\n|inactive|Destinum has 270 seconds left.\n|\n|t:|1699215025\n|switch|p2a: A Madafaking T-Rex|Kyurem-White, tera:Dragon|100\/100\n|-ability|p2a: A Madafaking T-Rex|Turboblaze\n|move|p1a: Scizor|Bullet Punch|p2a: A Madafaking T-Rex\n|-damage|p2a: A Madafaking T-Rex|71\/100\n|\n|upkeep\n|turn|14\n|inactive|Destinum has 270 seconds left.\n|\n|t:|1699215031\n|switch|p2a: Carolus Rex|Calyrex-Ice|52\/100\n|-ability|p2a: Carolus Rex|As One\n|-ability|p2a: Carolus Rex|Unnerve\n|switch|p1a: Blissey|Blissey, F|100\/100\n|\n|upkeep\n|turn|15\n|inactive|Destinum has 270 seconds left.\n|\n|t:|1699215043\n|switch|p1a: Landorus|Landorus-Therian, M|100\/100\n|-damage|p1a: Landorus|88\/100|[from] Stealth Rock\n|-ability|p1a: Landorus|Intimidate|boost\n|-unboost|p2a: Carolus Rex|atk|1\n|move|p2a: Carolus Rex|Close Combat|p1a: Landorus\n|-resisted|p1a: Landorus\n|-damage|p1a: Landorus|68\/100\n|-unboost|p2a: Carolus Rex|def|1\n|-unboost|p2a: Carolus Rex|spd|1\n|\n|upkeep\n|turn|16\n|\n|t:|1699215050\n|switch|p2a: Titanic Terminator|Avalugg, M|100\/100\n|-zpower|p1a: Landorus\n|move|p1a: Landorus|Continental Crush|p2a: Titanic Terminator|[zeffect]\n|-supereffective|p2a: Titanic Terminator\n|-damage|p2a: Titanic Terminator|48\/100\n|\n|upkeep\n|turn|17\n|\n|t:|1699215063\n|move|p1a: Landorus|Stealth Rock|p2a: Titanic Terminator\n|-sidestart|p2: Destinum|move: Stealth Rock\n|move|p2a: Titanic Terminator|Recover|p2a: Titanic Terminator\n|-heal|p2a: Titanic Terminator|98\/100\n|\n|upkeep\n|turn|18\n|\n|t:|1699215071\n|switch|p1a: Corviknight|Corviknight, F|100\/100\n|-damage|p1a: Corviknight|88\/100|[from] Stealth Rock\n|-ability|p1a: Corviknight|Pressure\n|move|p2a: Titanic Terminator|Rapid Spin|p1a: Corviknight\n|-resisted|p1a: Corviknight\n|-damage|p1a: Corviknight|84\/100\n|-boost|p2a: Titanic Terminator|spe|1\n|-damage|p2a: Titanic Terminator|82\/100|[from] item: Rocky Helmet|[of] p1a: Corviknight\n|-sideend|p2: Destinum|Stealth Rock|[from] move: Rapid Spin|[of] p2a: Titanic Terminator\n|\n|upkeep\n|turn|19\n|c|\u2606Malice Incarnate|Fuck\n|\n|t:|1699215085\n|switch|p2a: I Choose Violence|Darmanitan-Galar, M|100\/100\n|move|p1a: Corviknight|U-turn|p2a: I Choose Violence\n|-damage|p2a: I Choose Violence|77\/100\n|\n|t:|1699215091\n|switch|p1a: Scizor|Scizor-Mega, F|88\/100|[from] U-turn\n|-damage|p1a: Scizor|76\/100|[from] Stealth Rock\n|\n|upkeep\n|turn|20\n|\n|t:|1699215103\n|move|p1a: Scizor|Bullet Punch|p2a: I Choose Violence\n|-supereffective|p2a: I Choose Violence\n|-damage|p2a: I Choose Violence|0 fnt\n|faint|p2a: I Choose Violence\n|\n|upkeep\n|\n|t:|1699215106\n|switch|p2a: A Madafaking T-Rex|Kyurem-White, tera:Dragon|71\/100\n|-ability|p2a: A Madafaking T-Rex|Turboblaze\n|turn|21\n|c|\u2606Malice Incarnate|I made a monumental fuck up\n|\n|t:|1699215115\n|switch|p1a: Blissey|Blissey, F|100\/100\n|move|p2a: A Madafaking T-Rex|Fusion Flare|p1a: Blissey\n|-damage|p1a: Blissey|76\/100\n|\n|upkeep\n|turn|22\n|c|\u2606Destinum|I think you're good; I've messed up a lot too.\n|inactive|Destinum has 270 seconds left.\n|\n|t:|1699215145\n|switch|p2a: Carolus Rex|Calyrex-Ice|52\/100\n|-ability|p2a: Carolus Rex|As One\n|-ability|p2a: Carolus Rex|Unnerve\n|move|p1a: Blissey|Seismic Toss|p2a: Carolus Rex\n|-damage|p2a: Carolus Rex|27\/100\n|\n|upkeep\n|turn|23\n|c|\u2606Malice Incarnate|It was in the builder\n|inactive|Destinum has 270 seconds left.\n|\n|t:|1699215160\n|switch|p1a: Landorus|Landorus-Therian, M|68\/100\n|-damage|p1a: Landorus|56\/100|[from] Stealth Rock\n|-ability|p1a: Landorus|Intimidate|boost\n|-unboost|p2a: Carolus Rex|atk|1\n|move|p2a: Carolus Rex|Glacial Lance|p1a: Landorus\n|-supereffective|p1a: Landorus\n|-damage|p1a: Landorus|0 fnt\n|faint|p1a: Landorus\n|-ability|p2a: Carolus Rex|Chilling Neigh|boost\n|-boost|p2a: Carolus Rex|atk|1\n|\n|upkeep\n|\n|t:|1699215172\n|switch|p1a: Greninja|Greninja, M|88\/100\n|-damage|p1a: Greninja|76\/100|[from] Stealth Rock\n|turn|24\n|inactive|Destinum has 270 seconds left.\n|\n|t:|1699215201\n|switch|p2a: Chris P. Bacon|Piloswine, M|36\/100\n|move|p1a: Greninja|Dark Pulse|p2a: Chris P. Bacon\n|-start|p1a: Greninja|typechange|Dark|[from] ability: Protean\n|-damage|p2a: Chris P. Bacon|11\/100\n|\n|upkeep\n|turn|25\n|\n|t:|1699215205\n|move|p2a: Chris P. Bacon|Ice Shard|p1a: Greninja\n|-damage|p1a: Greninja|49\/100\n|move|p1a: Greninja|Dark Pulse|p2a: Chris P. Bacon\n|-damage|p2a: Chris P. Bacon|0 fnt\n|faint|p2a: Chris P. Bacon\n|\n|upkeep\n|inactive|Destinum has 270 seconds left.\n|\n|t:|1699215213\n|switch|p2a: A Madafaking T-Rex|Kyurem-White, tera:Dragon|71\/100\n|-ability|p2a: A Madafaking T-Rex|Turboblaze\n|turn|26\n|\n|t:|1699215223\n|move|p1a: Greninja|Dark Pulse|p2a: A Madafaking T-Rex\n|-crit|p2a: A Madafaking T-Rex\n|-damage|p2a: A Madafaking T-Rex|27\/100\n|cant|p2a: A Madafaking T-Rex|flinch\n|\n|upkeep\n|turn|27\n|\n|t:|1699215230\n|move|p1a: Greninja|Dark Pulse|p2a: A Madafaking T-Rex\n|-damage|p2a: A Madafaking T-Rex|2\/100\n|move|p2a: A Madafaking T-Rex|Freeze-Dry|p1a: Greninja\n|-damage|p1a: Greninja|0 fnt\n|faint|p1a: Greninja\n|\n|upkeep\n|c|\u2606Malice Incarnate|Dang\n|c|\u2606Destinum|It's over anyways.\n|\n|t:|1699215241\n|switch|p1a: Scizor|Scizor-Mega, F|76\/100\n|-damage|p1a: Scizor|64\/100|[from] Stealth Rock\n|turn|28\n|\n|t:|1699215245\n|switch|p2a: Titanic Terminator|Avalugg, M|82\/100\n|move|p1a: Scizor|Bullet Punch|p2a: Titanic Terminator\n|-supereffective|p2a: Titanic Terminator\n|-damage|p2a: Titanic Terminator|56\/100\n|\n|upkeep\n|turn|29\n|\n|t:|1699215253\n|move|p1a: Scizor|Roost|p1a: Scizor\n|-heal|p1a: Scizor|100\/100\n|-singleturn|p1a: Scizor|move: Roost\n|move|p2a: Titanic Terminator|Body Press|p1a: Scizor\n|-damage|p1a: Scizor|77\/100\n|\n|upkeep\n|turn|30\n|\n|t:|1699215259\n|move|p1a: Scizor|Swords Dance|p1a: Scizor\n|-boost|p1a: Scizor|atk|2\n|move|p2a: Titanic Terminator|Body Press|p1a: Scizor\n|-crit|p1a: Scizor\n|-damage|p1a: Scizor|39\/100\n|\n|upkeep\n|turn|31\n|\n|t:|1699215262\n|move|p1a: Scizor|Roost|p1a: Scizor\n|-heal|p1a: Scizor|89\/100\n|-singleturn|p1a: Scizor|move: Roost\n|move|p2a: Titanic Terminator|Body Press|p1a: Scizor\n|-crit|p1a: Scizor\n|-damage|p1a: Scizor|54\/100\n|\n|upkeep\n|turn|32\n|\n|t:|1699215266\n|move|p1a: Scizor|Roost|p1a: Scizor\n|-heal|p1a: Scizor|100\/100\n|-singleturn|p1a: Scizor|move: Roost\n|move|p2a: Titanic Terminator|Body Press|p1a: Scizor\n|-damage|p1a: Scizor|74\/100\n|\n|upkeep\n|turn|33\n|\n|t:|1699215274\n|move|p1a: Scizor|Bullet Punch|p2a: Titanic Terminator\n|-supereffective|p2a: Titanic Terminator\n|-damage|p2a: Titanic Terminator|6\/100\n|move|p2a: Titanic Terminator|Body Press|p1a: Scizor\n|-damage|p1a: Scizor|49\/100\n|\n|upkeep\n|turn|34\n|\n|t:|1699215281\n|move|p1a: Scizor|Roost|p1a: Scizor\n|-heal|p1a: Scizor|99\/100\n|-singleturn|p1a: Scizor|move: Roost\n|move|p2a: Titanic Terminator|Body Press|p1a: Scizor\n|-crit|p1a: Scizor\n|-damage|p1a: Scizor|62\/100\n|\n|upkeep\n|turn|35\n|\n|t:|1699215286\n|move|p1a: Scizor|Swords Dance|p1a: Scizor\n|-boost|p1a: Scizor|atk|2\n|move|p2a: Titanic Terminator|Body Press|p1a: Scizor\n|-damage|p1a: Scizor|38\/100\n|\n|upkeep\n|turn|36\n|c|\u2606Destinum|Bruh, just end it.\n|\n|t:|1699215292\n|move|p1a: Scizor|Roost|p1a: Scizor\n|-heal|p1a: Scizor|88\/100\n|-singleturn|p1a: Scizor|move: Roost\n|move|p2a: Titanic Terminator|Body Press|p1a: Scizor\n|-damage|p1a: Scizor|63\/100\n|\n|upkeep\n|turn|37\n|\n|t:|1699215295\n|move|p1a: Scizor|Bullet Punch|p2a: Titanic Terminator\n|-supereffective|p2a: Titanic Terminator\n|-damage|p2a: Titanic Terminator|0 fnt\n|faint|p2a: Titanic Terminator\n|\n|upkeep\n|\n|t:|1699215300\n|switch|p2a: A Madafaking T-Rex|Kyurem-White, tera:Dragon|2\/100\n|-ability|p2a: A Madafaking T-Rex|Turboblaze\n|turn|38\n|c|\u2606Malice Incarnate|I am not taking chances\n|\n|t:|1699215307\n|move|p1a: Scizor|Bullet Punch|p2a: A Madafaking T-Rex\n|-damage|p2a: A Madafaking T-Rex|0 fnt\n|faint|p2a: A Madafaking T-Rex\n|\n|upkeep\n|c|\u2606Destinum|What kind of chance was there to take?\n|\n|t:|1699215314\n|switch|p2a: Carolus Rex|Calyrex-Ice|27\/100\n|-ability|p2a: Carolus Rex|As One\n|-ability|p2a: Carolus Rex|Unnerve\n|turn|39\n|\n|t:|1699215319\n|move|p1a: Scizor|Bullet Punch|p2a: Carolus Rex\n|-supereffective|p2a: Carolus Rex\n|-damage|p2a: Carolus Rex|0 fnt\n|faint|p2a: Carolus Rex\n|\n|win|Malice Incarnate\n","uploadtime":1699215322,"views":7,"p1id":"maliceincarnate","p2id":"destinum","formatid":"gen9nationaldexubers","rating":0,"private":0,"password":""}