{"id":"gen9nationaldexubers-2000240317","p1":"Soyeon is a cutie","p2":"Hayer","format":"[Gen 9] National Dex Ubers","log":"|j|\u2606Soyeon is a cutie\n|j|\u2606Hayer\n|t:|1701176380\n|gametype|singles\n|player|p1|Soyeon is a cutie|idol|1768\n|player|p2|Hayer|blue-gen1|1746\n|teamsize|p1|6\n|teamsize|p2|6\n|gen|9\n|tier|[Gen 9] National Dex Ubers\n|rated|\n|rule|HP Percentage Mod: HP is shown in percentages\n|rule|Endless Battle Clause: Forcing endless battles is banned\n|rule|OHKO Clause: OHKO moves are banned\n|rule|Evasion Moves Clause: Evasion moves are banned\n|rule|Evasion Items Clause: Evasion items are banned\n|rule|Species Clause: Limit one of each Pok\u00e9mon\n|rule|Sleep Clause Mod: Limit one foe put to sleep\n|rule|Mega Rayquaza Clause: You cannot mega evolve Rayquaza\n|clearpoke\n|poke|p1|Ho-Oh|\n|poke|p1|Arceus-Water|\n|poke|p1|Ditto|\n|poke|p1|Eternatus|\n|poke|p1|Deoxys-Speed|\n|poke|p1|Giratina-Origin|\n|poke|p2|Magearna|\n|poke|p2|Dondozo, M|\n|poke|p2|Ho-Oh|\n|poke|p2|Groudon|\n|poke|p2|Arceus-Ground|\n|poke|p2|Yveltal|\n|teampreview\n|inactive|Battle timer is ON: inactive players will automatically lose when time's up. (requested by Soyeon is a cutie)\n|\n|t:|1701176401\n|start\n|switch|p1a: Arceus|Arceus-Water|100\/100\n|switch|p2a: \u0637\u0627\u0626\u0631 \u0623\u0633\u0648\u062f|Yveltal|100\/100\n|-ability|p2a: \u0637\u0627\u0626\u0631 \u0623\u0633\u0648\u062f|Dark Aura\n|turn|1\n|\n|t:|1701176412\n|switch|p2a: \u0625\u0646\u0633\u0627\u0646 \u0622\u0644\u064a|Magearna|100\/100\n|move|p1a: Arceus|Toxic|p2a: \u0625\u0646\u0633\u0627\u0646 \u0622\u0644\u064a\n|-immune|p2a: \u0625\u0646\u0633\u0627\u0646 \u0622\u0644\u064a\n|\n|upkeep\n|turn|2\n|\n|t:|1701176417\n|switch|p1a: Ho-Oh|Ho-Oh|100\/100\n|switch|p2a: \u0643\u0631\u064a\u062a|Groudon|100\/100\n|detailschange|p2a: \u0643\u0631\u064a\u062a|Groudon-Primal\n|-primal|p2a: \u0643\u0631\u064a\u062a|Red Orb\n|-weather|DesolateLand|[from] ability: Desolate Land|[of] p2a: \u0643\u0631\u064a\u062a\n|\n|-weather|DesolateLand|[upkeep]\n|upkeep\n|turn|3\n|\n|t:|1701176425\n|-terastallize|p1a: Ho-Oh|Ground\n|move|p1a: Ho-Oh|Earthquake|p2a: \u0643\u0631\u064a\u062a\n|-supereffective|p2a: \u0643\u0631\u064a\u062a\n|-damage|p2a: \u0643\u0631\u064a\u062a|19\/100\n|move|p2a: \u0643\u0631\u064a\u062a|Stealth Rock|p1a: Ho-Oh\n|-sidestart|p1: Soyeon is a cutie|move: Stealth Rock\n|\n|-weather|DesolateLand|[upkeep]\n|upkeep\n|turn|4\n|\n|t:|1701176430\n|switch|p1a: Arceus|Arceus-Water|100\/100\n|-damage|p1a: Arceus|88\/100|[from] Stealth Rock\n|-weather|none\n|switch|p2a: \u0637\u0627\u0626\u0631|Ho-Oh|100\/100\n|\n|upkeep\n|turn|5\n|\n|t:|1701176435\n|move|p1a: Arceus|Taunt|p2a: \u0637\u0627\u0626\u0631\n|-start|p2a: \u0637\u0627\u0626\u0631|move: Taunt\n|cant|p2a: \u0637\u0627\u0626\u0631|move: Taunt|Toxic\n|\n|upkeep\n|turn|6\n|\n|t:|1701176443\n|switch|p2a: \u0625\u0646\u0633\u0627\u0646 \u0622\u0644\u064a|Magearna|100\/100\n|move|p1a: Arceus|Toxic|p2a: \u0625\u0646\u0633\u0627\u0646 \u0622\u0644\u064a\n|-immune|p2a: \u0625\u0646\u0633\u0627\u0646 \u0622\u0644\u064a\n|\n|upkeep\n|turn|7\n|\n|t:|1701176446\n|move|p1a: Arceus|Taunt|p2a: \u0625\u0646\u0633\u0627\u0646 \u0622\u0644\u064a\n|-start|p2a: \u0625\u0646\u0633\u0627\u0646 \u0622\u0644\u064a|move: Taunt\n|move|p2a: \u0625\u0646\u0633\u0627\u0646 \u0622\u0644\u064a|Fleur Cannon|p1a: Arceus\n|-damage|p1a: Arceus|48\/100\n|-unboost|p2a: \u0625\u0646\u0633\u0627\u0646 \u0622\u0644\u064a|spa|2\n|\n|upkeep\n|turn|8\n|\n|t:|1701176452\n|switch|p2a: \u0637\u0627\u0626\u0631|Ho-Oh|100\/100\n|move|p1a: Arceus|Recover|p1a: Arceus\n|-heal|p1a: Arceus|98\/100\n|\n|upkeep\n|turn|9\n|\n|t:|1701176461\n|switch|p1a: Eternatus|Eternatus|100\/100\n|-damage|p1a: Eternatus|88\/100|[from] Stealth Rock\n|-ability|p1a: Eternatus|Pressure\n|move|p2a: \u0637\u0627\u0626\u0631|Brave Bird|p1a: Eternatus\n|-damage|p1a: Eternatus|39\/100\n|-damage|p2a: \u0637\u0627\u0626\u0631|82\/100|[from] Recoil\n|\n|-heal|p1a: Eternatus|45\/100|[from] item: Leftovers\n|upkeep\n|turn|10\n|\n|t:|1701176465\n|move|p1a: Eternatus|Recover|p1a: Eternatus\n|-heal|p1a: Eternatus|95\/100\n|move|p2a: \u0637\u0627\u0626\u0631|Brave Bird|p1a: Eternatus\n|-damage|p1a: Eternatus|42\/100\n|-damage|p2a: \u0637\u0627\u0626\u0631|61\/100|[from] Recoil\n|\n|-heal|p1a: Eternatus|48\/100|[from] item: Leftovers\n|upkeep\n|turn|11\n|\n|t:|1701176471\n|move|p1a: Eternatus|Recover|p1a: Eternatus\n|-heal|p1a: Eternatus|98\/100\n|move|p2a: \u0637\u0627\u0626\u0631|Sacred Fire|p1a: Eternatus\n|-resisted|p1a: Eternatus\n|-damage|p1a: Eternatus|77\/100\n|-status|p1a: Eternatus|brn\n|\n|-heal|p1a: Eternatus|83\/100 brn|[from] item: Leftovers\n|-damage|p1a: Eternatus|77\/100 brn|[from] brn\n|upkeep\n|turn|12\n|\n|t:|1701176474\n|switch|p2a: \u0627\u0644\u0628\u0637\u0627\u0637\u0633|Arceus-Ground|100\/100\n|move|p1a: Eternatus|Toxic Spikes|p2a: \u0627\u0644\u0628\u0637\u0627\u0637\u0633\n|-sidestart|p2: Hayer|move: Toxic Spikes\n|\n|-heal|p1a: Eternatus|83\/100 brn|[from] item: Leftovers\n|-damage|p1a: Eternatus|77\/100 brn|[from] brn\n|upkeep\n|turn|13\n|\n|t:|1701176490\n|move|p1a: Eternatus|Toxic Spikes|p2a: \u0627\u0644\u0628\u0637\u0627\u0637\u0633\n|-sidestart|p2: Hayer|move: Toxic Spikes\n|move|p2a: \u0627\u0644\u0628\u0637\u0627\u0637\u0633|Judgment|p1a: Eternatus\n|-supereffective|p1a: Eternatus\n|-damage|p1a: Eternatus|6\/100 brn\n|\n|-heal|p1a: Eternatus|12\/100 brn|[from] item: Leftovers\n|-damage|p1a: Eternatus|6\/100 brn|[from] brn\n|upkeep\n|turn|14\n|j| Baemaxx3\n|\n|t:|1701176495\n|move|p1a: Eternatus|Recover|p1a: Eternatus\n|-heal|p1a: Eternatus|56\/100 brn\n|move|p2a: \u0627\u0644\u0628\u0637\u0627\u0637\u0633|Judgment|p1a: Eternatus\n|-supereffective|p1a: Eternatus\n|-damage|p1a: Eternatus|0 fnt\n|faint|p1a: Eternatus\n|\n|upkeep\n|\n|t:|1701176500\n|switch|p1a: Deoxys|Deoxys-Speed, shiny|100\/100\n|-damage|p1a: Deoxys|88\/100|[from] Stealth Rock\n|-ability|p1a: Deoxys|Pressure\n|turn|15\n|\n|t:|1701176503\n|move|p1a: Deoxys|Taunt|p2a: \u0627\u0644\u0628\u0637\u0627\u0637\u0633\n|-start|p2a: \u0627\u0644\u0628\u0637\u0627\u0637\u0633|move: Taunt\n|move|p2a: \u0627\u0644\u0628\u0637\u0627\u0637\u0633|Judgment|p1a: Deoxys\n|-damage|p1a: Deoxys|38\/100\n|\n|-heal|p1a: Deoxys|44\/100|[from] item: Leftovers\n|upkeep\n|turn|16\n|\n|t:|1701176505\n|move|p1a: Deoxys|Recover|p1a: Deoxys\n|-heal|p1a: Deoxys|94\/100\n|move|p2a: \u0627\u0644\u0628\u0637\u0627\u0637\u0633|Judgment|p1a: Deoxys\n|-damage|p1a: Deoxys|42\/100\n|\n|-heal|p1a: Deoxys|48\/100|[from] item: Leftovers\n|upkeep\n|turn|17\n|\n|t:|1701176512\n|switch|p2a: \u0625\u0646\u0633\u0627\u0646 \u0622\u0644\u064a|Magearna|100\/100\n|move|p1a: Deoxys|Recover|p1a: Deoxys\n|-heal|p1a: Deoxys|98\/100\n|\n|-heal|p1a: Deoxys|100\/100|[from] item: Leftovers\n|upkeep\n|turn|18\n|\n|t:|1701176514\n|move|p1a: Deoxys|Taunt|p2a: \u0625\u0646\u0633\u0627\u0646 \u0622\u0644\u064a\n|-start|p2a: \u0625\u0646\u0633\u0627\u0646 \u0622\u0644\u064a|move: Taunt\n|move|p2a: \u0625\u0646\u0633\u0627\u0646 \u0622\u0644\u064a|Fleur Cannon|p1a: Deoxys\n|-damage|p1a: Deoxys|41\/100\n|-unboost|p2a: \u0625\u0646\u0633\u0627\u0646 \u0622\u0644\u064a|spa|2\n|\n|-heal|p1a: Deoxys|48\/100|[from] item: Leftovers\n|upkeep\n|turn|19\n|\n|t:|1701176524\n|switch|p2a: \u0637\u0627\u0626\u0631 \u0623\u0633\u0648\u062f|Yveltal|100\/100\n|-ability|p2a: \u0637\u0627\u0626\u0631 \u0623\u0633\u0648\u062f|Dark Aura\n|move|p1a: Deoxys|Recover|p1a: Deoxys\n|-heal|p1a: Deoxys|98\/100\n|\n|-heal|p1a: Deoxys|100\/100|[from] item: Leftovers\n|upkeep\n|turn|20\n|\n|t:|1701176532\n|switch|p1a: Arceus|Arceus-Water|98\/100\n|-damage|p1a: Arceus|86\/100|[from] Stealth Rock\n|move|p2a: \u0637\u0627\u0626\u0631 \u0623\u0633\u0648\u062f|Knock Off|p1a: Arceus\n|-damage|p1a: Arceus|62\/100\n|\n|upkeep\n|turn|21\n|\n|t:|1701176537\n|move|p1a: Arceus|Recover|p1a: Arceus\n|-heal|p1a: Arceus|100\/100\n|move|p2a: \u0637\u0627\u0626\u0631 \u0623\u0633\u0648\u062f|U-turn|p1a: Arceus\n|-crit|p1a: Arceus\n|-damage|p1a: Arceus|82\/100\n|\n|t:|1701176538\n|switch|p2a: \u0643\u0631\u064a\u062a|Groudon-Primal|19\/100|[from] U-turn\n|-status|p2a: \u0643\u0631\u064a\u062a|tox\n|-weather|DesolateLand|[from] ability: Desolate Land|[of] p2a: \u0643\u0631\u064a\u062a\n|\n|-weather|DesolateLand|[upkeep]\n|-damage|p2a: \u0643\u0631\u064a\u062a|13\/100 tox|[from] psn\n|upkeep\n|turn|22\n|\n|t:|1701176543\n|switch|p1a: Giratina|Giratina-Origin|100\/100\n|-damage|p1a: Giratina|88\/100|[from] Stealth Rock\n|move|p2a: \u0643\u0631\u064a\u062a|Rest|p2a: \u0643\u0631\u064a\u062a\n|-status|p2a: \u0643\u0631\u064a\u062a|slp|[from] move: Rest\n|-heal|p2a: \u0643\u0631\u064a\u062a|100\/100 slp|[silent]\n|\n|-weather|DesolateLand|[upkeep]\n|upkeep\n|turn|23\n|\n|t:|1701176549\n|switch|p1a: Ho-Oh|Ho-Oh, tera:Ground|100\/100\n|-damage|p1a: Ho-Oh|94\/100|[from] Stealth Rock\n|-weather|none\n|switch|p2a: \u0625\u0646\u0633\u0627\u0646 \u0622\u0644\u064a|Magearna|100\/100\n|\n|upkeep\n|turn|24\n|\n|t:|1701176552\n|switch|p2a: \u0637\u0627\u0626\u0631|Ho-Oh|94\/100\n|move|p1a: Ho-Oh|Sacred Fire|p2a: \u0637\u0627\u0626\u0631\n|-resisted|p2a: \u0637\u0627\u0626\u0631\n|-damage|p2a: \u0637\u0627\u0626\u0631|58\/100\n|\n|upkeep\n|turn|25\n|\n|t:|1701176557\n|move|p1a: Ho-Oh|Sacred Fire|p2a: \u0637\u0627\u0626\u0631\n|-resisted|p2a: \u0637\u0627\u0626\u0631\n|-damage|p2a: \u0637\u0627\u0626\u0631|26\/100\n|move|p2a: \u0637\u0627\u0626\u0631|Sacred Fire|p1a: Ho-Oh\n|-damage|p1a: Ho-Oh|36\/100\n|\n|upkeep\n|turn|26\n|\n|t:|1701176564\n|switch|p2a: \u0637\u0627\u0626\u0631 \u0623\u0633\u0648\u062f|Yveltal|100\/100\n|-ability|p2a: \u0637\u0627\u0626\u0631 \u0623\u0633\u0648\u062f|Dark Aura\n|move|p1a: Ho-Oh|Sacred Fire|p2a: \u0637\u0627\u0626\u0631 \u0623\u0633\u0648\u062f\n|-damage|p2a: \u0637\u0627\u0626\u0631 \u0623\u0633\u0648\u062f|48\/100\n|\n|upkeep\n|turn|27\n|\n|t:|1701176567\n|move|p1a: Ho-Oh|Sacred Fire|p2a: \u0637\u0627\u0626\u0631 \u0623\u0633\u0648\u062f\n|-damage|p2a: \u0637\u0627\u0626\u0631 \u0623\u0633\u0648\u062f|0 fnt\n|faint|p2a: \u0637\u0627\u0626\u0631 \u0623\u0633\u0648\u062f\n|\n|upkeep\n|\n|t:|1701176570\n|switch|p2a: \u0637\u0627\u0626\u0631|Ho-Oh|59\/100\n|turn|28\n|\n|t:|1701176581\n|switch|p1a: Deoxys|Deoxys-Speed, shiny|100\/100\n|-damage|p1a: Deoxys|88\/100|[from] Stealth Rock\n|-ability|p1a: Deoxys|Pressure\n|move|p2a: \u0637\u0627\u0626\u0631|Toxic|p1a: Deoxys\n|-status|p1a: Deoxys|tox\n|\n|-heal|p1a: Deoxys|94\/100 tox|[from] item: Leftovers\n|-damage|p1a: Deoxys|88\/100 tox|[from] psn\n|upkeep\n|turn|29\n|\n|t:|1701176585\n|switch|p2a: \u0625\u0646\u0633\u0627\u0646 \u0622\u0644\u064a|Magearna|100\/100\n|move|p1a: Deoxys|Taunt|p2a: \u0625\u0646\u0633\u0627\u0646 \u0622\u0644\u064a\n|-start|p2a: \u0625\u0646\u0633\u0627\u0646 \u0622\u0644\u064a|move: Taunt\n|\n|-heal|p1a: Deoxys|94\/100 tox|[from] item: Leftovers\n|-damage|p1a: Deoxys|82\/100 tox|[from] psn\n|upkeep\n|turn|30\n|\n|t:|1701176590\n|switch|p1a: Ditto|Ditto, shiny|100\/100\n|-damage|p1a: Ditto|88\/100|[from] Stealth Rock\n|-transform|p1a: Ditto|p2a: \u0625\u0646\u0633\u0627\u0646 \u0622\u0644\u064a|[from] ability: Imposter\n|move|p2a: \u0625\u0646\u0633\u0627\u0646 \u0622\u0644\u064a|Fleur Cannon|p1a: Ditto\n|-resisted|p1a: Ditto\n|-damage|p1a: Ditto|67\/100\n|-unboost|p2a: \u0625\u0646\u0633\u0627\u0646 \u0622\u0644\u064a|spa|2\n|\n|upkeep\n|turn|31\n|\n|t:|1701176592\n|switch|p2a: \u0637\u0627\u0626\u0631|Ho-Oh|92\/100\n|move|p1a: Ditto|Heal Bell|p1a: Ditto\n|-activate|p1a: Ditto|move: Heal Bell\n|-curestatus|p1: Deoxys|tox|[msg]\n|\n|upkeep\n|turn|32\n|\n|t:|1701176597\n|switch|p1a: Deoxys|Deoxys-Speed, shiny|82\/100\n|-damage|p1a: Deoxys|69\/100|[from] Stealth Rock\n|-ability|p1a: Deoxys|Pressure\n|move|p2a: \u0637\u0627\u0626\u0631|Brave Bird|p1a: Deoxys\n|-damage|p1a: Deoxys|0 fnt\n|faint|p1a: Deoxys\n|-damage|p2a: \u0637\u0627\u0626\u0631|75\/100|[from] Recoil\n|\n|upkeep\n|\n|t:|1701176603\n|switch|p1a: Ho-Oh|Ho-Oh, tera:Ground|70\/100\n|-damage|p1a: Ho-Oh|63\/100|[from] Stealth Rock\n|turn|33\n|\n|t:|1701176606\n|move|p1a: Ho-Oh|Brave Bird|p2a: \u0637\u0627\u0626\u0631\n|-damage|p2a: \u0637\u0627\u0626\u0631|0 fnt\n|faint|p2a: \u0637\u0627\u0626\u0631\n|-damage|p1a: Ho-Oh|34\/100|[from] Recoil\n|\n|upkeep\n|\n|t:|1701176621\n|switch|p2a: \u0625\u0646\u0633\u0627\u0646 \u0622\u0644\u064a|Magearna|100\/100\n|turn|34\n|\n|t:|1701176627\n|switch|p1a: Arceus|Arceus-Water|82\/100\n|-damage|p1a: Arceus|69\/100|[from] Stealth Rock\n|move|p2a: \u0625\u0646\u0633\u0627\u0646 \u0622\u0644\u064a|Heal Bell|p2a: \u0625\u0646\u0633\u0627\u0646 \u0622\u0644\u064a\n|-activate|p2a: \u0625\u0646\u0633\u0627\u0646 \u0622\u0644\u064a|move: Heal Bell\n|-curestatus|p2: \u0643\u0631\u064a\u062a|slp|[msg]\n|\n|upkeep\n|turn|35\n|\n|t:|1701176639\n|switch|p2a: \u0643\u0631\u064a\u062a|Groudon-Primal|100\/100\n|-status|p2a: \u0643\u0631\u064a\u062a|tox\n|-weather|DesolateLand|[from] ability: Desolate Land|[of] p2a: \u0643\u0631\u064a\u062a\n|move|p1a: Arceus|Judgment||[still]\n|-fail|p1a: Arceus|Judgment|[from] Desolate Land\n|\n|-weather|DesolateLand|[upkeep]\n|-damage|p2a: \u0643\u0631\u064a\u062a|94\/100 tox|[from] psn\n|upkeep\n|turn|36\n|\n|t:|1701176644\n|move|p1a: Arceus|Taunt|p2a: \u0643\u0631\u064a\u062a\n|-start|p2a: \u0643\u0631\u064a\u062a|move: Taunt\n|move|p2a: \u0643\u0631\u064a\u062a|Precipice Blades|p1a: Arceus\n|-damage|p1a: Arceus|23\/100\n|\n|-weather|DesolateLand|[upkeep]\n|-damage|p2a: \u0643\u0631\u064a\u062a|82\/100 tox|[from] psn\n|upkeep\n|turn|37\n|\n|t:|1701176652\n|-weather|none\n|switch|p2a: \u0627\u0644\u0628\u0637\u0627\u0637\u0633|Arceus-Ground|100\/100\n|-status|p2a: \u0627\u0644\u0628\u0637\u0627\u0637\u0633|tox\n|move|p1a: Arceus|Recover|p1a: Arceus\n|-heal|p1a: Arceus|73\/100\n|\n|-damage|p2a: \u0627\u0644\u0628\u0637\u0627\u0637\u0633|94\/100 tox|[from] psn\n|upkeep\n|turn|38\n|\n|t:|1701176656\n|move|p2a: \u0627\u0644\u0628\u0637\u0627\u0637\u0633|Toxic|p1a: Arceus\n|-status|p1a: Arceus|tox\n|move|p1a: Arceus|Taunt|p2a: \u0627\u0644\u0628\u0637\u0627\u0637\u0633\n|-start|p2a: \u0627\u0644\u0628\u0637\u0627\u0637\u0633|move: Taunt\n|\n|-damage|p1a: Arceus|66\/100 tox|[from] psn\n|-damage|p2a: \u0627\u0644\u0628\u0637\u0627\u0637\u0633|82\/100 tox|[from] psn\n|upkeep\n|turn|39\n|\n|t:|1701176659\n|switch|p2a: \u0625\u0646\u0633\u0627\u0646 \u0622\u0644\u064a|Magearna|100\/100\n|switch|p1a: Giratina|Giratina-Origin|88\/100\n|-damage|p1a: Giratina|76\/100|[from] Stealth Rock\n|\n|upkeep\n|turn|40\n|\n|t:|1701176671\n|switch|p1a: Ditto|Ditto, shiny|67\/100\n|-damage|p1a: Ditto|55\/100|[from] Stealth Rock\n|-transform|p1a: Ditto|p2a: \u0625\u0646\u0633\u0627\u0646 \u0622\u0644\u064a|[from] ability: Imposter\n|move|p2a: \u0625\u0646\u0633\u0627\u0646 \u0622\u0644\u064a|Heal Bell|p2a: \u0625\u0646\u0633\u0627\u0646 \u0622\u0644\u064a\n|-activate|p2a: \u0625\u0646\u0633\u0627\u0646 \u0622\u0644\u064a|move: Heal Bell\n|-curestatus|p2: \u0643\u0631\u064a\u062a|tox|[msg]\n|-curestatus|p2: \u0627\u0644\u0628\u0637\u0627\u0637\u0633|tox|[msg]\n|\n|upkeep\n|turn|41\n|\n|t:|1701176676\n|move|p1a: Ditto|Heal Bell|p1a: Ditto\n|-activate|p1a: Ditto|move: Heal Bell\n|-curestatus|p1: Arceus|tox|[msg]\n|move|p2a: \u0625\u0646\u0633\u0627\u0646 \u0622\u0644\u064a|Fleur Cannon|p1a: Ditto|[miss]\n|-miss|p2a: \u0625\u0646\u0633\u0627\u0646 \u0622\u0644\u064a|p1a: Ditto\n|\n|upkeep\n|turn|42\n|\n|t:|1701176685\n|switch|p1a: Ho-Oh|Ho-Oh, tera:Ground|67\/100\n|-damage|p1a: Ho-Oh|61\/100|[from] Stealth Rock\n|switch|p2a: \u0643\u0631\u064a\u062a|Groudon-Primal|82\/100\n|-status|p2a: \u0643\u0631\u064a\u062a|tox\n|-weather|DesolateLand|[from] ability: Desolate Land|[of] p2a: \u0643\u0631\u064a\u062a\n|\n|-weather|DesolateLand|[upkeep]\n|-damage|p2a: \u0643\u0631\u064a\u062a|76\/100 tox|[from] psn\n|upkeep\n|turn|43\n|\n|t:|1701176696\n|-weather|none\n|switch|p2a: \u062d\u0648\u062a|Dondozo, M|100\/100\n|-status|p2a: \u062d\u0648\u062a|tox\n|move|p1a: Ho-Oh|Earthquake|p2a: \u062d\u0648\u062a\n|-damage|p2a: \u062d\u0648\u062a|64\/100 tox\n|\n|-heal|p2a: \u062d\u0648\u062a|70\/100 tox|[from] item: Leftovers\n|-damage|p2a: \u062d\u0648\u062a|64\/100 tox|[from] psn\n|upkeep\n|turn|44\n|\n|t:|1701176704\n|switch|p1a: Arceus|Arceus-Water|66\/100\n|-damage|p1a: Arceus|54\/100|[from] Stealth Rock\n|move|p2a: \u062d\u0648\u062a|Rest|p2a: \u062d\u0648\u062a\n|-status|p2a: \u062d\u0648\u062a|slp|[from] move: Rest\n|-heal|p2a: \u062d\u0648\u062a|100\/100 slp|[silent]\n|\n|upkeep\n|turn|45\n|\n|t:|1701176708\n|move|p1a: Arceus|Recover|p1a: Arceus\n|-heal|p1a: Arceus|100\/100\n|cant|p2a: \u062d\u0648\u062a|slp\n|\n|upkeep\n|turn|46\n|\n|t:|1701176711\n|switch|p1a: Giratina|Giratina-Origin|76\/100\n|-damage|p1a: Giratina|63\/100|[from] Stealth Rock\n|cant|p2a: \u062d\u0648\u062a|slp\n|\n|upkeep\n|turn|47\n|\n|t:|1701176716\n|switch|p1a: Ho-Oh|Ho-Oh, tera:Ground|94\/100\n|-damage|p1a: Ho-Oh|88\/100|[from] Stealth Rock\n|switch|p2a: \u0625\u0646\u0633\u0627\u0646 \u0622\u0644\u064a|Magearna|100\/100\n|\n|upkeep\n|turn|48\n|\n|t:|1701176720\n|switch|p2a: \u062d\u0648\u062a|Dondozo, M|100\/100 slp\n|move|p1a: Ho-Oh|Earthquake|p2a: \u062d\u0648\u062a\n|-damage|p2a: \u062d\u0648\u062a|66\/100 slp\n|\n|-heal|p2a: \u062d\u0648\u062a|72\/100 slp|[from] item: Leftovers\n|upkeep\n|turn|49\n|\n|t:|1701176727\n|switch|p1a: Arceus|Arceus-Water|100\/100\n|-damage|p1a: Arceus|88\/100|[from] Stealth Rock\n|-curestatus|p2a: \u062d\u0648\u062a|slp|[msg]\n|move|p2a: \u062d\u0648\u062a|Curse|p2a: \u062d\u0648\u062a\n|-unboost|p2a: \u062d\u0648\u062a|spe|1\n|-boost|p2a: \u062d\u0648\u062a|atk|1\n|-boost|p2a: \u062d\u0648\u062a|def|1\n|\n|-heal|p2a: \u062d\u0648\u062a|78\/100|[from] item: Leftovers\n|upkeep\n|turn|50\n|\n|t:|1701176746\n|move|p1a: Arceus|Taunt|p2a: \u062d\u0648\u062a\n|-start|p2a: \u062d\u0648\u062a|move: Taunt\n|cant|p2a: \u062d\u0648\u062a|move: Taunt|Curse\n|\n|-heal|p2a: \u062d\u0648\u062a|84\/100|[from] item: Leftovers\n|upkeep\n|turn|51\n|\n|t:|1701176752\n|switch|p2a: \u0643\u0631\u064a\u062a|Groudon-Primal|76\/100 tox\n|-weather|DesolateLand|[from] ability: Desolate Land|[of] p2a: \u0643\u0631\u064a\u062a\n|move|p1a: Arceus|Judgment||[still]\n|-fail|p1a: Arceus|Judgment|[from] Desolate Land\n|\n|-weather|DesolateLand|[upkeep]\n|-damage|p2a: \u0643\u0631\u064a\u062a|70\/100 tox|[from] psn\n|upkeep\n|turn|52\n|\n|t:|1701176760\n|move|p1a: Arceus|Taunt|p2a: \u0643\u0631\u064a\u062a\n|-start|p2a: \u0643\u0631\u064a\u062a|move: Taunt\n|move|p2a: \u0643\u0631\u064a\u062a|Precipice Blades|p1a: Arceus\n|-damage|p1a: Arceus|40\/100\n|\n|-weather|DesolateLand|[upkeep]\n|-damage|p2a: \u0643\u0631\u064a\u062a|57\/100 tox|[from] psn\n|upkeep\n|turn|53\n|\n|t:|1701176766\n|-weather|none\n|switch|p2a: \u0625\u0646\u0633\u0627\u0646 \u0622\u0644\u064a|Magearna|100\/100\n|move|p1a: Arceus|Recover|p1a: Arceus\n|-heal|p1a: Arceus|90\/100\n|\n|upkeep\n|turn|54\n|\n|t:|1701176771\n|switch|p2a: \u0643\u0631\u064a\u062a|Groudon-Primal|57\/100 tox\n|-weather|DesolateLand|[from] ability: Desolate Land|[of] p2a: \u0643\u0631\u064a\u062a\n|move|p1a: Arceus|Taunt|p2a: \u0643\u0631\u064a\u062a\n|-start|p2a: \u0643\u0631\u064a\u062a|move: Taunt\n|\n|-weather|DesolateLand|[upkeep]\n|-damage|p2a: \u0643\u0631\u064a\u062a|51\/100 tox|[from] psn\n|upkeep\n|turn|55\n|\n|t:|1701176776\n|-weather|none\n|switch|p2a: \u0625\u0646\u0633\u0627\u0646 \u0622\u0644\u064a|Magearna|100\/100\n|move|p1a: Arceus|Judgment|p2a: \u0625\u0646\u0633\u0627\u0646 \u0622\u0644\u064a\n|-damage|p2a: \u0625\u0646\u0633\u0627\u0646 \u0622\u0644\u064a|70\/100\n|\n|-heal|p2a: \u0625\u0646\u0633\u0627\u0646 \u0622\u0644\u064a|76\/100|[from] item: Leftovers\n|upkeep\n|turn|56\n|\n|t:|1701176781\n|move|p1a: Arceus|Taunt|p2a: \u0625\u0646\u0633\u0627\u0646 \u0622\u0644\u064a\n|-start|p2a: \u0625\u0646\u0633\u0627\u0646 \u0622\u0644\u064a|move: Taunt\n|cant|p2a: \u0625\u0646\u0633\u0627\u0646 \u0622\u0644\u064a|move: Taunt|Pain Split\n|\n|-heal|p2a: \u0625\u0646\u0633\u0627\u0646 \u0622\u0644\u064a|82\/100|[from] item: Leftovers\n|upkeep\n|turn|57\n|\n|t:|1701176788\n|move|p1a: Arceus|Judgment|p2a: \u0625\u0646\u0633\u0627\u0646 \u0622\u0644\u064a\n|-damage|p2a: \u0625\u0646\u0633\u0627\u0646 \u0622\u0644\u064a|52\/100\n|move|p2a: \u0625\u0646\u0633\u0627\u0646 \u0622\u0644\u064a|Fleur Cannon|p1a: Arceus\n|-damage|p1a: Arceus|53\/100\n|-unboost|p2a: \u0625\u0646\u0633\u0627\u0646 \u0622\u0644\u064a|spa|2\n|\n|-heal|p2a: \u0625\u0646\u0633\u0627\u0646 \u0622\u0644\u064a|58\/100|[from] item: Leftovers\n|upkeep\n|turn|58\n|\n|t:|1701176796\n|switch|p2a: \u062d\u0648\u062a|Dondozo, M|84\/100\n|-status|p2a: \u062d\u0648\u062a|tox\n|move|p1a: Arceus|Recover|p1a: Arceus\n|-heal|p1a: Arceus|100\/100\n|\n|-heal|p2a: \u062d\u0648\u062a|91\/100 tox|[from] item: Leftovers\n|-damage|p2a: \u062d\u0648\u062a|84\/100 tox|[from] psn\n|upkeep\n|turn|59\n|\n|t:|1701176798\n|switch|p2a: \u0643\u0631\u064a\u062a|Groudon-Primal|51\/100 tox\n|-weather|DesolateLand|[from] ability: Desolate Land|[of] p2a: \u0643\u0631\u064a\u062a\n|move|p1a: Arceus|Taunt|p2a: \u0643\u0631\u064a\u062a\n|-start|p2a: \u0643\u0631\u064a\u062a|move: Taunt\n|\n|-weather|DesolateLand|[upkeep]\n|-damage|p2a: \u0643\u0631\u064a\u062a|45\/100 tox|[from] psn\n|upkeep\n|turn|60\n|\n|t:|1701176807\n|move|p1a: Arceus|Judgment||[still]\n|-fail|p1a: Arceus|Judgment|[from] Desolate Land\n|move|p2a: \u0643\u0631\u064a\u062a|Precipice Blades|p1a: Arceus|[miss]\n|-miss|p2a: \u0643\u0631\u064a\u062a|p1a: Arceus\n|\n|-weather|DesolateLand|[upkeep]\n|-damage|p2a: \u0643\u0631\u064a\u062a|32\/100 tox|[from] psn\n|upkeep\n|turn|61\n|\n|t:|1701176811\n|-weather|none\n|switch|p2a: \u0625\u0646\u0633\u0627\u0646 \u0622\u0644\u064a|Magearna|58\/100\n|move|p1a: Arceus|Judgment|p2a: \u0625\u0646\u0633\u0627\u0646 \u0622\u0644\u064a\n|-damage|p2a: \u0625\u0646\u0633\u0627\u0646 \u0622\u0644\u064a|30\/100\n|\n|-heal|p2a: \u0625\u0646\u0633\u0627\u0646 \u0622\u0644\u064a|36\/100|[from] item: Leftovers\n|upkeep\n|turn|62\n|\n|t:|1701176816\n|move|p1a: Arceus|Taunt|p2a: \u0625\u0646\u0633\u0627\u0646 \u0622\u0644\u064a\n|-start|p2a: \u0625\u0646\u0633\u0627\u0646 \u0622\u0644\u064a|move: Taunt\n|cant|p2a: \u0625\u0646\u0633\u0627\u0646 \u0622\u0644\u064a|move: Taunt|Pain Split\n|\n|-heal|p2a: \u0625\u0646\u0633\u0627\u0646 \u0622\u0644\u064a|43\/100|[from] item: Leftovers\n|upkeep\n|turn|63\n|\n|t:|1701176818\n|move|p1a: Arceus|Judgment|p2a: \u0625\u0646\u0633\u0627\u0646 \u0622\u0644\u064a\n|-crit|p2a: \u0625\u0646\u0633\u0627\u0646 \u0622\u0644\u064a\n|-damage|p2a: \u0625\u0646\u0633\u0627\u0646 \u0622\u0644\u064a|0 fnt\n|faint|p2a: \u0625\u0646\u0633\u0627\u0646 \u0622\u0644\u064a\n|\n|upkeep\n|c|\u2606Hayer|lmao\n|-message|Hayer forfeited.\n|\n|win|Soyeon is a cutie\n|raw|Soyeon is a cutie's rating: 1768 &rarr; <strong>1787<\/strong><br \/>(+19 for winning)\n|raw|Hayer's rating: 1746 &rarr; <strong>1727<\/strong><br \/>(-19 for losing)\n|l|\u2606Hayer\n|c|\u2606Soyeon is a cutie|Bye\n","uploadtime":1701176835,"views":6,"p1id":"soyeonisacutie","p2id":"hayer","formatid":"gen9nationaldexubers","rating":1727,"private":0,"password":""}