{"id":"gen9nationaldexubers-1988507256","p1":"DiosPanzer","p2":"ricardo gomez","format":"[Gen 9] National Dex Ubers","log":"|j|\u2606DiosPanzer\n|j|\u2606ricardo gomez\n|t:|1699730330\n|gametype|singles\n|player|p1|DiosPanzer|102|\n|player|p2|ricardo gomez|ltsurge|\n|teamsize|p1|6\n|teamsize|p2|6\n|gen|9\n|tier|[Gen 9] National Dex Ubers\n|rule|HP Percentage Mod: HP is shown in percentages\n|rule|Endless Battle Clause: Forcing endless battles is banned\n|rule|OHKO Clause: OHKO moves are banned\n|rule|Evasion Moves Clause: Evasion moves are banned\n|rule|Evasion Items Clause: Evasion items are banned\n|rule|Species Clause: Limit one of each Pok\u00e9mon\n|rule|Sleep Clause Mod: Limit one foe put to sleep\n|rule|Mega Rayquaza Clause: You cannot mega evolve Rayquaza\n|clearpoke\n|poke|p1|Diancie|\n|poke|p1|Grimmsnarl, M|\n|poke|p1|Tapu Lele|\n|poke|p1|Clefable, F|\n|poke|p1|Ribombee, F|\n|poke|p1|Rapidash-Galar, M|\n|poke|p2|Talonflame, M|\n|poke|p2|Sharpedo, M|\n|poke|p2|Scolipede, M|\n|poke|p2|Mimikyu, M|\n|poke|p2|Duraludon, F|\n|poke|p2|Meganium, F|\n|teampreview\n|c|\u2606ricardo gomez|uh la concha\n|c|\u2606ricardo gomez|no era este team\n|c|\u2606DiosPanzer|Waos\n|c|\u2606DiosPanzer|Waos\n|c|\u2606DiosPanzer|Waos\n|c|\u2606DiosPanzer|Waos\n|c|\u2606DiosPanzer|Waos\n|c|\u2606DiosPanzer|Buena suerte\n|c|\u2606ricardo gomez|ohno\n|\n|t:|1699730368\n|start\n|switch|p1a: Ribombee|Ribombee, F, shiny|100\/100\n|switch|p2a: Scolipede|Scolipede, M|100\/100\n|turn|1\n|c|\u2606DiosPanzer|Vas a caer\n|\n|t:|1699730375\n|move|p2a: Scolipede|Protect|p2a: Scolipede\n|-singleturn|p2a: Scolipede|Protect\n|move|p1a: Ribombee|Sticky Web|p2a: Scolipede\n|-sidestart|p2: ricardo gomez|move: Sticky Web\n|\n|-ability|p2a: Scolipede|Speed Boost|boost\n|-boost|p2a: Scolipede|spe|1\n|upkeep\n|turn|2\n|\n|t:|1699730385\n|switch|p1a: Grimmsnarl|Grimmsnarl, M|100\/100\n|move|p2a: Scolipede|Swords Dance|p2a: Scolipede\n|-boost|p2a: Scolipede|atk|2\n|\n|-ability|p2a: Scolipede|Speed Boost|boost\n|-boost|p2a: Scolipede|spe|1\n|upkeep\n|turn|3\n|\n|t:|1699730393\n|move|p1a: Grimmsnarl|Taunt|p2a: Scolipede\n|-start|p2a: Scolipede|move: Taunt\n|move|p2a: Scolipede|Poison Jab|p1a: Grimmsnarl\n|-supereffective|p1a: Grimmsnarl\n|-damage|p1a: Grimmsnarl|0 fnt\n|faint|p1a: Grimmsnarl\n|\n|-ability|p2a: Scolipede|Speed Boost|boost\n|-boost|p2a: Scolipede|spe|1\n|upkeep\n|\n|t:|1699730415\n|switch|p1a: Tapu Lele|Tapu Lele, shiny|100\/100\n|-fieldstart|move: Psychic Terrain|[from] ability: Psychic Surge|[of] p1a: Tapu Lele\n|turn|4\n|\n|t:|1699730420\n|-terastallize|p1a: Tapu Lele|Fighting\n|move|p2a: Scolipede|Megahorn|p1a: Tapu Lele\n|-resisted|p1a: Tapu Lele\n|-damage|p1a: Tapu Lele|12\/100\n|move|p1a: Tapu Lele|Psychic|p2a: Scolipede\n|-supereffective|p2a: Scolipede\n|-enditem|p2a: Scolipede|Focus Sash\n|-damage|p2a: Scolipede|1\/100\n|\n|-ability|p2a: Scolipede|Speed Boost|boost\n|-boost|p2a: Scolipede|spe|1\n|upkeep\n|turn|5\n|\n|t:|1699730431\n|move|p2a: Scolipede|Poison Jab|p1a: Tapu Lele\n|-damage|p1a: Tapu Lele|0 fnt\n|faint|p1a: Tapu Lele\n|\n|-end|p2a: Scolipede|move: Taunt\n|-ability|p2a: Scolipede|Speed Boost|boost\n|-boost|p2a: Scolipede|spe|1\n|upkeep\n|c|\u2606DiosPanzer|XD\n|c|\u2606DiosPanzer|Me van a matar\n|c|\u2606ricardo gomez|scolipede god\n|\n|t:|1699730443\n|switch|p1a: Diancie|Diancie, shiny|100\/100\n|turn|6\n|\n|t:|1699730463\n|detailschange|p1a: Diancie|Diancie-Mega, shiny\n|-mega|p1a: Diancie|Diancie|Diancite\n|move|p2a: Scolipede|Megahorn|p1a: Diancie|[miss]\n|-miss|p2a: Scolipede|p1a: Diancie\n|move|p1a: Diancie|Diamond Storm|p2a: Scolipede\n|-supereffective|p2a: Scolipede\n|-damage|p2a: Scolipede|0 fnt\n|-boost|p1a: Diancie|def|2\n|faint|p2a: Scolipede\n|\n|upkeep\n|c|\u2606ricardo gomez|LRPM\n|c|\u2606ricardo gomez|LA CONCHA\n|c|\u2606DiosPanzer|XD\n|\n|t:|1699730474\n|switch|p2a: Sharpedo|Sharpedo, M|100\/100\n|-activate|p2a: Sharpedo|move: Sticky Web\n|-unboost|p2a: Sharpedo|spe|1\n|turn|7\n|c|\u2606DiosPanzer|Doble defensa\n|\n|t:|1699730479\n|move|p2a: Sharpedo|Protect|p2a: Sharpedo\n|-singleturn|p2a: Sharpedo|Protect\n|move|p1a: Diancie|Moonblast|p2a: Sharpedo\n|-activate|p2a: Sharpedo|move: Protect\n|\n|-ability|p2a: Sharpedo|Speed Boost|boost\n|-boost|p2a: Sharpedo|spe|1\n|upkeep\n|turn|8\n|c|\u2606ricardo gomez|Toca usar a shar\n|\n|t:|1699730489\n|detailschange|p2a: Sharpedo|Sharpedo-Mega, M\n|-mega|p2a: Sharpedo|Sharpedo|Sharpedonite\n|move|p1a: Diancie|Moonblast|p2a: Sharpedo\n|-supereffective|p2a: Sharpedo\n|-damage|p2a: Sharpedo|0 fnt\n|faint|p2a: Sharpedo\n|\n|-fieldend|move: Psychic Terrain\n|upkeep\n|c|\u2606DiosPanzer|Que crazy\n|\n|t:|1699730503\n|switch|p2a: Mimikyu|Mimikyu, M|100\/100\n|-activate|p2a: Mimikyu|move: Sticky Web\n|-unboost|p2a: Mimikyu|spe|1\n|turn|9\n|\n|t:|1699730512\n|move|p1a: Diancie|Earth Power|p2a: Mimikyu\n|-activate|p2a: Mimikyu|ability: Disguise\n|-damage|p2a: Mimikyu|100\/100\n|detailschange|p2a: Mimikyu|Mimikyu-Busted, M\n|-damage|p2a: Mimikyu|88\/100|[from] pokemon: Mimikyu-Busted\n|move|p2a: Mimikyu|Drain Punch|p1a: Diancie\n|-damage|p1a: Diancie|88\/100\n|-heal|p2a: Mimikyu|94\/100|[from] drain|[of] p1a: Diancie\n|\n|upkeep\n|turn|10\n|\n|t:|1699730525\n|move|p2a: Mimikyu|Shadow Sneak|p1a: Diancie\n|-damage|p1a: Diancie|78\/100\n|move|p1a: Diancie|Moonblast|p2a: Mimikyu\n|-damage|p2a: Mimikyu|14\/100\n|\n|upkeep\n|turn|11\n|c|\u2606ricardo gomez|la hice re mal\n|\n|t:|1699730532\n|move|p2a: Mimikyu|Shadow Sneak|p1a: Diancie\n|-damage|p1a: Diancie|66\/100\n|move|p1a: Diancie|Diamond Storm|p2a: Mimikyu\n|-damage|p2a: Mimikyu|0 fnt\n|faint|p2a: Mimikyu\n|\n|upkeep\n|c|\u2606DiosPanzer|A huevo puta\n|c|\u2606ricardo gomez|el otro team era el bueno\n|\n|t:|1699730539\n|switch|p2a: Meganium|Meganium, F|100\/100\n|-activate|p2a: Meganium|move: Sticky Web\n|-unboost|p2a: Meganium|spe|1\n|turn|12\n|c|\u2606DiosPanzer|El sweep no me gana\n|\n|t:|1699730546\n|move|p1a: Diancie|Mystical Fire|p2a: Meganium\n|-supereffective|p2a: Meganium\n|-damage|p2a: Meganium|32\/100\n|-unboost|p2a: Meganium|spa|1\n|move|p2a: Meganium|Aromatherapy||[still]\n|-activate|p2a: Meganium|move: Aromatherapy\n|-fail|p2a: Meganium\n|\n|-heal|p2a: Meganium|38\/100|[from] item: Leftovers\n|upkeep\n|turn|13\n|\n|t:|1699730556\n|move|p1a: Diancie|Mystical Fire|p2a: Meganium\n|-supereffective|p2a: Meganium\n|-damage|p2a: Meganium|0 fnt\n|faint|p2a: Meganium\n|\n|upkeep\n|\n|t:|1699730564\n|switch|p2a: Talonflame|Talonflame, M|100\/100\n|turn|14\n|\n|t:|1699730568\n|move|p2a: Talonflame|Brave Bird|p1a: Diancie\n|-resisted|p1a: Diancie\n|-damage|p1a: Diancie|52\/100\n|-damage|p2a: Talonflame|97\/100|[from] Recoil\n|move|p1a: Diancie|Diamond Storm|p2a: Talonflame\n|-supereffective|p2a: Talonflame\n|-damage|p2a: Talonflame|0 fnt\n|faint|p2a: Talonflame\n|\n|upkeep\n|c|\u2606ricardo gomez|si scolipede no hubiera fallado\n|\n|t:|1699730576\n|switch|p2a: Duraludon|Duraludon, F|100\/100\n|-activate|p2a: Duraludon|move: Sticky Web\n|-unboost|p2a: Duraludon|spe|1\n|turn|15\n|\n|t:|1699730581\n|move|p1a: Diancie|Earth Power|p2a: Duraludon\n|-supereffective|p2a: Duraludon\n|-enditem|p2a: Duraludon|Focus Sash\n|-damage|p2a: Duraludon|1\/100\n|move|p2a: Duraludon|Flash Cannon|p1a: Diancie\n|-supereffective|p1a: Diancie\n|-damage|p1a: Diancie|0 fnt\n|faint|p1a: Diancie\n|\n|upkeep\n|\n|t:|1699730589\n|switch|p1a: Rapidash|Rapidash-Galar, M|100\/100\n|turn|16\n|\n|t:|1699730594\n|move|p1a: Rapidash|High Horsepower|p2a: Duraludon\n|-supereffective|p2a: Duraludon\n|-damage|p2a: Duraludon|0 fnt\n|faint|p2a: Duraludon\n|\n|win|DiosPanzer\n|c|\u2606ricardo gomez|gg\n|c|\u2606DiosPanzer|gg\n","uploadtime":1699730609,"views":8,"p1id":"diospanzer","p2id":"ricardogomez","formatid":"gen9nationaldexubers","rating":0,"private":0,"password":""}