{"id":"gen9nationaldexubers-1984372025","p1":"justznic","p2":"Incredible Gassy","format":"[Gen 9] National Dex Ubers","log":"|j|\u2606justznic\n|j|\u2606Incredible Gassy\n|t:|1699251485\n|gametype|singles\n|player|p1|justznic|preschooler|1619\n|player|p2|Incredible Gassy|kieran|1621\n|teamsize|p1|6\n|teamsize|p2|6\n|gen|9\n|tier|[Gen 9] National Dex Ubers\n|rated|\n|rule|HP Percentage Mod: HP is shown in percentages\n|rule|Endless Battle Clause: Forcing endless battles is banned\n|rule|OHKO Clause: OHKO moves are banned\n|rule|Evasion Moves Clause: Evasion moves are banned\n|rule|Evasion Items Clause: Evasion items are banned\n|rule|Species Clause: Limit one of each Pok\u00e9mon\n|rule|Sleep Clause Mod: Limit one foe put to sleep\n|rule|Mega Rayquaza Clause: You cannot mega evolve Rayquaza\n|clearpoke\n|poke|p1|Mewtwo|\n|poke|p1|Orthworm, M|\n|poke|p1|Klefki, M|\n|poke|p1|Ditto|\n|poke|p1|Kyurem-Black|\n|poke|p1|Mew|\n|poke|p2|Groudon|\n|poke|p2|Arceus-Ground|\n|poke|p2|Magearna|\n|poke|p2|Chansey, F|\n|poke|p2|Marshadow|\n|poke|p2|Ho-Oh|\n|teampreview\n|inactive|Battle timer is ON: inactive players will automatically lose when time's up. (requested by Incredible Gassy)\n|inactive|justznic also wants the timer to be on.\n|inactive|justznic has 120 seconds left.\n|\n|t:|1699251541\n|start\n|switch|p1a: Kyurem|Kyurem-Black|100\/100\n|switch|p2a: Groudon|Groudon|100\/100\n|-ability|p1a: Kyurem|Teravolt\n|detailschange|p2a: Groudon|Groudon-Primal\n|-primal|p2a: Groudon|Red Orb\n|-weather|DesolateLand|[from] ability: Desolate Land|[of] p2a: Groudon\n|turn|1\n|\n|t:|1699251551\n|move|p1a: Kyurem|Icicle Spear|p2a: Groudon\n|-damage|p2a: Groudon|94\/100\n|-damage|p2a: Groudon|86\/100\n|-damage|p2a: Groudon|78\/100\n|-damage|p2a: Groudon|71\/100\n|-hitcount|p2a: Groudon|4\n|move|p2a: Groudon|Lava Plume|p1a: Kyurem\n|-damage|p1a: Kyurem|48\/100\n|\n|-weather|DesolateLand|[upkeep]\n|upkeep\n|turn|2\n|\n|t:|1699251558\n|move|p1a: Kyurem|Icicle Spear|p2a: Groudon\n|-damage|p2a: Groudon|63\/100\n|-damage|p2a: Groudon|56\/100\n|-damage|p2a: Groudon|49\/100\n|-damage|p2a: Groudon|42\/100\n|-hitcount|p2a: Groudon|4\n|move|p2a: Groudon|Lava Plume|p1a: Kyurem\n|-damage|p1a: Kyurem|0 fnt\n|faint|p1a: Kyurem\n|\n|-weather|DesolateLand|[upkeep]\n|upkeep\n|c|\u2606Incredible Gassy|are you throwing on purpose\n|\n|t:|1699251567\n|switch|p1a: Ditto|Ditto|100\/100\n|-transform|p1a: Ditto|p2a: Groudon|[from] ability: Imposter\n|turn|3\n|\n|t:|1699251573\n|switch|p2a: Arceus|Arceus-Ground|100\/100\n|move|p1a: Ditto|Lava Plume|p2a: Arceus\n|-damage|p2a: Arceus|65\/100\n|\n|-weather|DesolateLand|[upkeep]\n|upkeep\n|turn|4\n|j| 1 em trach thu\n|\n|t:|1699251584\n|move|p2a: Arceus|Earthquake|p1a: Ditto\n|-supereffective|p1a: Ditto\n|-damage|p1a: Ditto|38\/100\n|move|p1a: Ditto|Lava Plume|p2a: Arceus\n|-damage|p2a: Arceus|23\/100\n|\n|-weather|DesolateLand|[upkeep]\n|upkeep\n|turn|5\n|\n|t:|1699251600\n|move|p2a: Arceus|Recover|p2a: Arceus\n|-heal|p2a: Arceus|73\/100\n|move|p1a: Ditto|Lava Plume|p2a: Arceus\n|-damage|p2a: Arceus|34\/100\n|-status|p2a: Arceus|brn\n|\n|-weather|DesolateLand|[upkeep]\n|-damage|p2a: Arceus|28\/100 brn|[from] brn\n|upkeep\n|turn|6\n|\n|t:|1699251607\n|-weather|none\n|switch|p1a: Orthworm|Orthworm, M|100\/100\n|move|p2a: Arceus|Recover|p2a: Arceus\n|-heal|p2a: Arceus|78\/100 brn\n|\n|-damage|p2a: Arceus|72\/100 brn|[from] brn\n|upkeep\n|turn|7\n|\n|t:|1699251612\n|switch|p2a: Chansey|Chansey, F|100\/100\n|move|p1a: Orthworm|Stealth Rock|p2a: Chansey\n|-sidestart|p2: Incredible Gassy|move: Stealth Rock\n|\n|upkeep\n|turn|8\n|\n|t:|1699251616\n|move|p1a: Orthworm|Shed Tail|p1a: Orthworm\n|-start|p1a: Orthworm|Substitute|[from] move: Shed Tail\n|-damage|p1a: Orthworm|50\/100\n|-enditem|p1a: Orthworm|Sitrus Berry|[eat]\n|-heal|p1a: Orthworm|75\/100|[from] item: Sitrus Berry\n|\n|t:|1699251619\n|switch|p1a: Mew|Mew|100\/100|[from] Shed Tail\n|move|p2a: Chansey|Heal Bell|p2a: Chansey\n|-activate|p2a: Chansey|move: Heal Bell\n|-curestatus|p2: Arceus|brn|[msg]\n|\n|upkeep\n|turn|9\n|\n|t:|1699251622\n|move|p1a: Mew|Block|p2a: Chansey\n|-activate|p2a: Chansey|trapped\n|move|p2a: Chansey|Seismic Toss|p1a: Mew\n|-end|p1a: Mew|Substitute\n|\n|upkeep\n|turn|10\n|\n|t:|1699251626\n|move|p1a: Mew|Imprison|p1a: Mew\n|-start|p1a: Mew|move: Imprison\n|move|p2a: Chansey|Seismic Toss|p1a: Mew\n|-damage|p1a: Mew|76\/100\n|\n|upkeep\n|turn|11\n|\n|t:|1699251634\n|move|p1a: Mew|Transform|p2a: Chansey\n|-transform|p1a: Mew|p2a: Chansey\n|cant|p2a: Chansey|move: Imprison|Seismic Toss\n|\n|upkeep\n|turn|12\n|\n|t:|1699251640\n|move|p1a: Mew|Wish|p1a: Mew\n|-activate|p2a: Chansey|move: Struggle\n|move|p2a: Chansey|Struggle|p1a: Mew\n|-damage|p1a: Mew|75\/100\n|-damage|p2a: Chansey|75\/100|[from] recoil\n|\n|upkeep\n|turn|13\n|\n|t:|1699251650\n|-activate|p2a: Chansey|move: Struggle\n|move|p2a: Chansey|Struggle|p1a: Mew\n|-damage|p1a: Mew|73\/100\n|-damage|p2a: Chansey|50\/100|[from] recoil\n|move|p1a: Mew|Seismic Toss|p2a: Chansey\n|-damage|p2a: Chansey|36\/100\n|\n|-heal|p1a: Mew|100\/100|[from] move: Wish|[wisher] Mew\n|upkeep\n|turn|14\n|\n|t:|1699251653\n|move|p1a: Mew|Soft-Boiled||[still]\n|-fail|p1a: Mew|heal\n|-activate|p2a: Chansey|move: Struggle\n|move|p2a: Chansey|Struggle|p1a: Mew\n|-damage|p1a: Mew|99\/100\n|-damage|p2a: Chansey|11\/100|[from] recoil\n|\n|upkeep\n|turn|15\n|\n|t:|1699251661\n|switch|p1a: Klefki|Klefki, M|100\/100\n|-activate|p2a: Chansey|move: Struggle\n|move|p2a: Chansey|Struggle|p1a: Klefki\n|-damage|p1a: Klefki|99\/100\n|-damage|p2a: Chansey|0 fnt|[from] recoil\n|faint|p2a: Chansey\n|\n|-status|p1a: Klefki|brn|[from] item: Flame Orb\n|upkeep\n|\n|t:|1699251672\n|switch|p2a: Groudon|Groudon-Primal|42\/100\n|-damage|p2a: Groudon|30\/100|[from] Stealth Rock\n|-weather|DesolateLand|[from] ability: Desolate Land|[of] p2a: Groudon\n|turn|16\n|\n|t:|1699251697\n|move|p1a: Klefki|Reflect|p1a: Klefki\n|-sidestart|p1: justznic|Reflect\n|move|p2a: Groudon|Stealth Rock|p1a: Klefki\n|-sidestart|p1: justznic|move: Stealth Rock\n|\n|-weather|DesolateLand|[upkeep]\n|-damage|p1a: Klefki|94\/100 brn|[from] brn\n|upkeep\n|turn|17\n|\n|t:|1699251708\n|move|p1a: Klefki|Toxic|p2a: Groudon\n|-status|p2a: Groudon|tox\n|move|p2a: Groudon|Spikes|p1a: Klefki\n|-sidestart|p1: justznic|Spikes\n|\n|-weather|DesolateLand|[upkeep]\n|-damage|p2a: Groudon|24\/100 tox|[from] psn\n|-damage|p1a: Klefki|88\/100 brn|[from] brn\n|upkeep\n|turn|18\n|\n|t:|1699251713\n|move|p1a: Klefki|Spikes|p2a: Groudon\n|-sidestart|p2: Incredible Gassy|Spikes\n|move|p2a: Groudon|Spikes|p1a: Klefki\n|-sidestart|p1: justznic|Spikes\n|\n|-weather|DesolateLand|[upkeep]\n|-damage|p2a: Groudon|11\/100 tox|[from] psn\n|-damage|p1a: Klefki|82\/100 brn|[from] brn\n|upkeep\n|turn|19\n|\n|t:|1699251716\n|move|p1a: Klefki|Spikes|p2a: Groudon\n|-sidestart|p2: Incredible Gassy|Spikes\n|move|p2a: Groudon|Spikes|p1a: Klefki\n|-sidestart|p1: justznic|Spikes\n|\n|-weather|DesolateLand|[upkeep]\n|-damage|p2a: Groudon|0 fnt|[from] psn\n|faint|p2a: Groudon\n|-weather|none\n|-damage|p1a: Klefki|76\/100 brn|[from] brn\n|upkeep\n|\n|t:|1699251724\n|switch|p2a: Magearna|Magearna|100\/100\n|-damage|p2a: Magearna|94\/100|[from] Stealth Rock\n|-damage|p2a: Magearna|78\/100|[from] Spikes\n|turn|20\n|inactive|justznic has 120 seconds left.\n|\n|t:|1699251757\n|move|p1a: Klefki|Switcheroo|p2a: Magearna\n|-activate|p1a: Klefki|move: Trick|[of] p2a: Magearna\n|-item|p2a: Magearna|Flame Orb|[from] move: Switcheroo\n|-item|p1a: Klefki|Leftovers|[from] move: Switcheroo\n|move|p2a: Magearna|Calm Mind|p2a: Magearna\n|-boost|p2a: Magearna|spa|1\n|-boost|p2a: Magearna|spd|1\n|\n|-heal|p1a: Klefki|82\/100 brn|[from] item: Leftovers\n|-damage|p1a: Klefki|76\/100 brn|[from] brn\n|-sideend|p1: justznic|Reflect\n|-status|p2a: Magearna|brn|[from] item: Flame Orb\n|upkeep\n|turn|21\n|\n|t:|1699251764\n|move|p1a: Klefki|Spikes|p2a: Magearna\n|-sidestart|p2: Incredible Gassy|Spikes\n|move|p2a: Magearna|Trick Room|p2a: Magearna\n|-fieldstart|move: Trick Room|[of] p2a: Magearna\n|\n|-heal|p1a: Klefki|82\/100 brn|[from] item: Leftovers\n|-damage|p2a: Magearna|72\/100 brn|[from] brn\n|-damage|p1a: Klefki|76\/100 brn|[from] brn\n|upkeep\n|turn|22\n|\n|t:|1699251769\n|switch|p1a: Orthworm|Orthworm, M|75\/100\n|-damage|p1a: Orthworm|69\/100|[from] Stealth Rock\n|-damage|p1a: Orthworm|44\/100|[from] Spikes\n|move|p2a: Magearna|Calm Mind|p2a: Magearna\n|-boost|p2a: Magearna|spa|1\n|-boost|p2a: Magearna|spd|1\n|\n|-damage|p2a: Magearna|66\/100 brn|[from] brn\n|upkeep\n|turn|23\n|\n|t:|1699251773\n|move|p1a: Orthworm|Body Press|p2a: Magearna\n|-damage|p2a: Magearna|38\/100 brn\n|move|p2a: Magearna|Flash Cannon|p1a: Orthworm\n|-resisted|p1a: Orthworm\n|-damage|p1a: Orthworm|0 fnt\n|faint|p1a: Orthworm\n|-ability|p2a: Magearna|Soul-Heart|boost\n|-boost|p2a: Magearna|spa|1\n|\n|-damage|p2a: Magearna|32\/100 brn|[from] brn\n|upkeep\n|\n|t:|1699251785\n|switch|p1a: Klefki|Klefki, M|76\/100 brn\n|-damage|p1a: Klefki|70\/100 brn|[from] Stealth Rock\n|-damage|p1a: Klefki|45\/100 brn|[from] Spikes\n|turn|24\n|\n|t:|1699251788\n|move|p1a: Klefki|Reflect|p1a: Klefki\n|-sidestart|p1: justznic|Reflect\n|move|p2a: Magearna|Trick Room|p2a: Magearna\n|-fieldend|move: Trick Room\n|\n|-heal|p1a: Klefki|51\/100 brn|[from] item: Leftovers\n|-damage|p1a: Klefki|45\/100 brn|[from] brn\n|-damage|p2a: Magearna|26\/100 brn|[from] brn\n|upkeep\n|turn|25\n|\n|t:|1699251798\n|switch|p1a: Ditto|Ditto|38\/100\n|-damage|p1a: Ditto|25\/100|[from] Stealth Rock\n|-damage|p1a: Ditto|0 fnt|[from] Spikes\n|faint|p1a: Ditto\n|-ability|p2a: Magearna|Soul-Heart|boost\n|-boost|p2a: Magearna|spa|1\n|move|p2a: Magearna|Trick Room|p2a: Magearna\n|-fieldstart|move: Trick Room|[of] p2a: Magearna\n|\n|-damage|p2a: Magearna|20\/100 brn|[from] brn\n|upkeep\n|\n|t:|1699251804\n|switch|p1a: Klefki|Klefki, M|45\/100 brn\n|-damage|p1a: Klefki|39\/100 brn|[from] Stealth Rock\n|-damage|p1a: Klefki|14\/100 brn|[from] Spikes\n|turn|26\n|\n|t:|1699251813\n|move|p1a: Klefki|Spikes||[still]\n|-fail|p1a: Klefki\n|move|p2a: Magearna|Flash Cannon|p1a: Klefki\n|-damage|p1a: Klefki|0 fnt\n|faint|p1a: Klefki\n|-ability|p2a: Magearna|Soul-Heart|boost\n|-boost|p2a: Magearna|spa|1\n|\n|-damage|p2a: Magearna|14\/100 brn|[from] brn\n|upkeep\n|\n|t:|1699251822\n|switch|p1a: Mewtwo|Mewtwo|100\/100\n|-ability|p1a: Mewtwo|Unnerve\n|-damage|p1a: Mewtwo|88\/100|[from] Stealth Rock\n|-damage|p1a: Mewtwo|63\/100|[from] Spikes\n|turn|27\n|\n|t:|1699251826\n|move|p2a: Magearna|Flash Cannon|p1a: Mewtwo\n|-damage|p1a: Mewtwo|0 fnt\n|faint|p1a: Mewtwo\n|-ability|p2a: Magearna|Soul-Heart|boost\n|-boost|p2a: Magearna|spa|1\n|\n|-damage|p2a: Magearna|8\/100 brn|[from] brn\n|upkeep\n|\n|t:|1699251829\n|switch|p1a: Mew|Mew|99\/100\n|-damage|p1a: Mew|87\/100|[from] Stealth Rock\n|-damage|p1a: Mew|62\/100|[from] Spikes\n|turn|28\n|\n|t:|1699251833\n|move|p2a: Magearna|Flash Cannon|p1a: Mew\n|-damage|p1a: Mew|0 fnt\n|faint|p1a: Mew\n|\n|win|Incredible Gassy\n|raw|justznic's rating: 1619 &rarr; <strong>1599<\/strong><br \/>(-20 for losing)\n|raw|Incredible Gassy's rating: 1621 &rarr; <strong>1641<\/strong><br \/>(+20 for winning)\n|l|\u2606justznic\n","uploadtime":1699251842,"views":7,"p1id":"justznic","p2id":"incrediblegassy","formatid":"gen9nationaldexubers","rating":1599,"private":0,"password":""}