{"id":"gen9nationaldexubers-1996726665","p1":"dreepy airlines","p2":"85792195wwww","format":"[Gen 9] National Dex Ubers","log":"|j|\u2606dreepy airlines\n|j|\u260685792195wwww\n|t:|1700715181\n|gametype|singles\n|player|p1|dreepy airlines|waitress-gen6|1519\n|player|p2|85792195wwww|mira|1758\n|teamsize|p1|6\n|teamsize|p2|6\n|gen|9\n|tier|[Gen 9] National Dex Ubers\n|rated|\n|rule|HP Percentage Mod: HP is shown in percentages\n|rule|Endless Battle Clause: Forcing endless battles is banned\n|rule|OHKO Clause: OHKO moves are banned\n|rule|Evasion Moves Clause: Evasion moves are banned\n|rule|Evasion Items Clause: Evasion items are banned\n|rule|Species Clause: Limit one of each Pok\u00e9mon\n|rule|Sleep Clause Mod: Limit one foe put to sleep\n|rule|Mega Rayquaza Clause: You cannot mega evolve Rayquaza\n|clearpoke\n|poke|p1|Deoxys-Speed|\n|poke|p1|Groudon|\n|poke|p1|Yveltal|\n|poke|p1|Arceus|\n|poke|p1|Zacian-*|\n|poke|p1|Salamence, M|\n|poke|p2|Arceus|\n|poke|p2|Zacian-*|\n|poke|p2|Xerneas-*|\n|poke|p2|Kyogre|\n|poke|p2|Groudon|\n|poke|p2|Deoxys-Speed|\n|teampreview\n|inactive|Battle timer is ON: inactive players will automatically lose when time's up. (requested by dreepy airlines)\n|\n|t:|1700715189\n|start\n|switch|p1a: Deoxys|Deoxys-Speed|100\/100\n|switch|p2a: Zacian|Zacian-Crowned|100\/100\n|-ability|p1a: Deoxys|Pressure\n|-ability|p2a: Zacian|Intrepid Sword|boost\n|-boost|p2a: Zacian|atk|1\n|turn|1\n|\n|t:|1700715198\n|move|p1a: Deoxys|Taunt|p2a: Zacian\n|-start|p2a: Zacian|move: Taunt\n|move|p2a: Zacian|Behemoth Blade|p1a: Deoxys\n|-enditem|p1a: Deoxys|Focus Sash\n|-damage|p1a: Deoxys|1\/100\n|\n|upkeep\n|turn|2\n|\n|t:|1700715207\n|move|p1a: Deoxys|Spikes|p2a: Zacian\n|-sidestart|p2: 85792195wwww|Spikes\n|move|p2a: Zacian|Behemoth Blade|p1a: Deoxys\n|-crit|p1a: Deoxys\n|-damage|p1a: Deoxys|0 fnt\n|faint|p1a: Deoxys\n|\n|upkeep\n|\n|t:|1700715213\n|switch|p1a: Groudon|Groudon|100\/100\n|detailschange|p1a: Groudon|Groudon-Primal\n|-primal|p1a: Groudon|Red Orb\n|-weather|DesolateLand|[from] ability: Desolate Land|[of] p1a: Groudon\n|turn|3\n|\n|t:|1700715220\n|-terastallize|p2a: Zacian|Ground\n|move|p2a: Zacian|Tera Blast|p1a: Groudon|[anim] Tera Blast Ground\n|-supereffective|p1a: Groudon\n|-damage|p1a: Groudon|14\/100\n|move|p1a: Groudon|Rock Polish|p1a: Groudon\n|-boost|p1a: Groudon|spe|2\n|\n|-weather|DesolateLand|[upkeep]\n|-end|p2a: Zacian|move: Taunt\n|upkeep\n|turn|4\n|\n|t:|1700715231\n|move|p1a: Groudon|Precipice Blades|p2a: Zacian\n|-damage|p2a: Zacian|21\/100\n|move|p2a: Zacian|Behemoth Blade|p1a: Groudon\n|-resisted|p1a: Groudon\n|-damage|p1a: Groudon|0 fnt\n|faint|p1a: Groudon\n|-weather|none\n|\n|upkeep\n|\n|t:|1700715250\n|switch|p1a: Arceus|Arceus|100\/100\n|turn|5\n|\n|t:|1700715254\n|move|p1a: Arceus|Extreme Speed|p2a: Zacian\n|-damage|p2a: Zacian|0 fnt\n|faint|p2a: Zacian\n|\n|upkeep\n|\n|t:|1700715263\n|switch|p2a: Deoxys|Deoxys-Speed|100\/100\n|-damage|p2a: Deoxys|88\/100|[from] Spikes\n|-ability|p2a: Deoxys|Pressure\n|turn|6\n|\n|t:|1700715272\n|move|p2a: Deoxys|Stealth Rock|p1a: Arceus\n|-sidestart|p1: dreepy airlines|move: Stealth Rock\n|move|p1a: Arceus|Swords Dance|p1a: Arceus\n|-boost|p1a: Arceus|atk|2\n|\n|upkeep\n|turn|7\n|\n|t:|1700715279\n|move|p1a: Arceus|Extreme Speed|p2a: Deoxys\n|-damage|p2a: Deoxys|0 fnt\n|-damage|p1a: Arceus|84\/100|[from] item: Rocky Helmet|[of] p2a: Deoxys\n|faint|p2a: Deoxys\n|\n|upkeep\n|\n|t:|1700715289\n|switch|p2a: Arceus|Arceus|100\/100\n|-damage|p2a: Arceus|88\/100|[from] Spikes\n|turn|8\n|\n|t:|1700715295\n|-terastallize|p1a: Arceus|Normal\n|move|p1a: Arceus|Extreme Speed|p2a: Arceus\n|-damage|p2a: Arceus|0 fnt\n|faint|p2a: Arceus\n|\n|upkeep\n|-message|85792195wwww forfeited.\n|\n|win|dreepy airlines\n|raw|dreepy airlines's rating: 1519 &rarr; <strong>1551<\/strong><br \/>(+32 for winning)\n|raw|85792195wwww's rating: 1758 &rarr; <strong>1726<\/strong><br \/>(-32 for losing)\n|l|\u260685792195wwww\n","uploadtime":1700715348,"views":2,"p1id":"dreepyairlines","p2id":"85792195wwww","formatid":"gen9nationaldexubers","rating":1551,"private":0,"password":""}