{"id":"gen9nationaldexubers-1997816073","p1":"pegusas","p2":"chengza","format":"[Gen 9] National Dex Ubers","log":"|j|\u2606pegusas\n|j|\u2606chengza\n|t:|1700855762\n|gametype|singles\n|player|p1|pegusas|ghetsis|\n|player|p2|chengza|cynthia-gen4|\n|teamsize|p1|6\n|teamsize|p2|6\n|gen|9\n|tier|[Gen 9] National Dex Ubers\n|rule|HP Percentage Mod: HP is shown in percentages\n|rule|Endless Battle Clause: Forcing endless battles is banned\n|rule|OHKO Clause: OHKO moves are banned\n|rule|Evasion Moves Clause: Evasion moves are banned\n|rule|Evasion Items Clause: Evasion items are banned\n|rule|Species Clause: Limit one of each Pok\u00e9mon\n|rule|Sleep Clause Mod: Limit one foe put to sleep\n|rule|Mega Rayquaza Clause: You cannot mega evolve Rayquaza\n|clearpoke\n|poke|p1|Dialga|\n|poke|p1|Palkia|\n|poke|p1|Weavile, M|\n|poke|p1|Honchkrow, F|\n|poke|p1|Crobat, F|\n|poke|p1|Houndoom, F|\n|poke|p2|Dragonite, F|\n|poke|p2|Greninja-*, M|\n|poke|p2|Blaziken, M|\n|poke|p2|Tapu Lele|\n|poke|p2|Ninetales-Alola, F|\n|poke|p2|Celesteela|\n|teampreview\n|\n|t:|1700855775\n|start\n|switch|p1a: Crobat|Crobat, F|100\/100\n|switch|p2a: Tapu Lele|Tapu Lele, shiny|100\/100\n|-fieldstart|move: Psychic Terrain|[from] ability: Psychic Surge|[of] p2a: Tapu Lele\n|turn|1\n|\n|t:|1700855799\n|switch|p1a: Houndoom|Houndoom, F|100\/100\n|move|p2a: Tapu Lele|Thunderbolt|p1a: Houndoom\n|-damage|p1a: Houndoom|54\/100\n|\n|upkeep\n|turn|2\n|j| hurenkebi\n|\n|t:|1700855816\n|switch|p2a: Dragonite|Dragonite, F, shiny|100\/100\n|detailschange|p1a: Houndoom|Houndoom-Mega, F\n|-mega|p1a: Houndoom|Houndoom|Houndoominite\n|move|p1a: Houndoom|Dark Pulse|p2a: Dragonite\n|-damage|p2a: Dragonite|75\/100\n|\n|upkeep\n|turn|3\n|\n|t:|1700855825\n|move|p1a: Houndoom|Dark Pulse|p2a: Dragonite\n|-damage|p2a: Dragonite|21\/100\n|move|p2a: Dragonite|Earthquake|p1a: Houndoom\n|-supereffective|p1a: Houndoom\n|-damage|p1a: Houndoom|0 fnt\n|faint|p1a: Houndoom\n|\n|upkeep\n|\n|t:|1700855835\n|switch|p1a: Crobat|Crobat, F|100\/100\n|turn|4\n|\n|t:|1700855845\n|move|p1a: Crobat|Brave Bird|p2a: Dragonite\n|-damage|p2a: Dragonite|0 fnt\n|faint|p2a: Dragonite\n|-damage|p1a: Crobat|95\/100|[from] Recoil\n|\n|upkeep\n|\n|t:|1700855853\n|switch|p2a: Ninetales|Ninetales-Alola, F, shiny|100\/100\n|-weather|Snow|[from] ability: Snow Warning|[of] p2a: Ninetales\n|turn|5\n|\n|t:|1700855858\n|move|p2a: Ninetales|Aurora Veil|p2a: Ninetales\n|-sidestart|p2: chengza|move: Aurora Veil\n|move|p1a: Crobat|Taunt|p2a: Ninetales\n|-start|p2a: Ninetales|move: Taunt\n|\n|-weather|Snow|[upkeep]\n|-fieldend|move: Psychic Terrain\n|upkeep\n|turn|6\n|\n|t:|1700855872\n|move|p2a: Ninetales|Freeze-Dry|p1a: Crobat\n|-supereffective|p1a: Crobat\n|-damage|p1a: Crobat|49\/100\n|move|p1a: Crobat|Super Fang|p2a: Ninetales\n|-damage|p2a: Ninetales|50\/100\n|\n|-weather|Snow|[upkeep]\n|upkeep\n|turn|7\n|\n|t:|1700855880\n|move|p2a: Ninetales|Freeze-Dry|p1a: Crobat\n|-supereffective|p1a: Crobat\n|-damage|p1a: Crobat|5\/100\n|move|p1a: Crobat|Roost|p1a: Crobat\n|-heal|p1a: Crobat|55\/100\n|-singleturn|p1a: Crobat|move: Roost\n|\n|-weather|Snow|[upkeep]\n|upkeep\n|turn|8\n|\n|t:|1700855899\n|switch|p2a: Blaziken|Blaziken, M, shiny|100\/100\n|move|p1a: Crobat|Roost|p1a: Crobat\n|-heal|p1a: Crobat|100\/100\n|-singleturn|p1a: Crobat|move: Roost\n|\n|-weather|Snow|[upkeep]\n|upkeep\n|turn|9\n|inactive|Battle timer is ON: inactive players will automatically lose when time's up. (requested by chengza)\n|\n|t:|1700855910\n|detailschange|p2a: Blaziken|Blaziken-Mega, M, shiny\n|-mega|p2a: Blaziken|Blaziken|Blazikenite\n|move|p1a: Crobat|Brave Bird|p2a: Blaziken\n|-supereffective|p2a: Blaziken\n|-damage|p2a: Blaziken|0 fnt\n|faint|p2a: Blaziken\n|-damage|p1a: Crobat|74\/100|[from] Recoil\n|\n|-weather|none\n|upkeep\n|\n|t:|1700855920\n|switch|p2a: Celesteela|Celesteela, shiny|100\/100\n|turn|10\n|\n|t:|1700855928\n|move|p1a: Crobat|Super Fang|p2a: Celesteela\n|-damage|p2a: Celesteela|51\/100\n|move|p2a: Celesteela|Meteor Beam||[still]\n|-prepare|p2a: Celesteela|Meteor Beam\n|-boost|p2a: Celesteela|spa|1\n|-enditem|p2a: Celesteela|Power Herb\n|-anim|p2a: Celesteela|Meteor Beam|p1a: Crobat\n|-supereffective|p1a: Crobat\n|-damage|p1a: Crobat|0 fnt\n|faint|p1a: Crobat\n|-ability|p2a: Celesteela|Beast Boost|boost\n|-boost|p2a: Celesteela|spa|1\n|\n|upkeep\n|\n|t:|1700855941\n|switch|p1a: Dialga|Dialga|100\/100\n|-ability|p1a: Dialga|Pressure\n|turn|11\n|\n|t:|1700855952\n|move|p1a: Dialga|Fire Blast|p2a: Celesteela\n|-supereffective|p2a: Celesteela\n|-damage|p2a: Celesteela|6\/100\n|move|p2a: Celesteela|Flamethrower|p1a: Dialga\n|-damage|p1a: Dialga|64\/100\n|\n|upkeep\n|turn|12\n|\n|t:|1700855961\n|move|p1a: Dialga|Fire Blast|p2a: Celesteela\n|-supereffective|p2a: Celesteela\n|-damage|p2a: Celesteela|0 fnt\n|faint|p2a: Celesteela\n|\n|-sideend|p2: chengza|move: Aurora Veil\n|upkeep\n|\n|t:|1700855968\n|switch|p2a: Tapu Lele|Tapu Lele, shiny|100\/100\n|-fieldstart|move: Psychic Terrain|[from] ability: Psychic Surge|[of] p2a: Tapu Lele\n|turn|13\n|\n|t:|1700855974\n|move|p2a: Tapu Lele|Moonblast|p1a: Dialga\n|-damage|p1a: Dialga|34\/100\n|move|p1a: Dialga|Steel Beam|p2a: Tapu Lele\n|-supereffective|p2a: Tapu Lele\n|-damage|p2a: Tapu Lele|0 fnt\n|-damage|p1a: Dialga|0 fnt|[from] steelbeam\n|faint|p1a: Dialga\n|faint|p2a: Tapu Lele\n|\n|upkeep\n|\n|t:|1700855988\n|switch|p2a: Greninja|Greninja, M, shiny|100\/100\n|switch|p1a: Palkia|Palkia|100\/100\n|-ability|p1a: Palkia|Pressure\n|turn|14\n|\n|t:|1700855999\n|-terastallize|p1a: Palkia|Steel\n|move|p2a: Greninja|Ice Beam|p1a: Palkia\n|-start|p2a: Greninja|typechange|Ice|[from] ability: Protean\n|-resisted|p1a: Palkia\n|-damage|p1a: Palkia|83\/100\n|move|p1a: Palkia|Substitute|p1a: Palkia\n|-start|p1a: Palkia|Substitute\n|-damage|p1a: Palkia|58\/100\n|\n|-heal|p1a: Palkia|64\/100|[from] item: Leftovers\n|upkeep\n|turn|15\n|\n|t:|1700856013\n|switch|p2a: Ninetales|Ninetales-Alola, F, shiny|50\/100\n|-weather|Snow|[from] ability: Snow Warning|[of] p2a: Ninetales\n|move|p1a: Palkia|Flamethrower|p2a: Ninetales\n|-supereffective|p2a: Ninetales\n|-damage|p2a: Ninetales|0 fnt\n|faint|p2a: Ninetales\n|\n|-weather|Snow|[upkeep]\n|-heal|p1a: Palkia|70\/100|[from] item: Leftovers\n|upkeep\n|\n|t:|1700856025\n|switch|p2a: Greninja|Greninja, M, shiny|100\/100\n|turn|16\n|\n|t:|1700856035\n|move|p2a: Greninja|Ice Beam|p1a: Palkia\n|-start|p2a: Greninja|typechange|Ice|[from] ability: Protean\n|-resisted|p1a: Palkia\n|-activate|p1a: Palkia|move: Substitute|[damage]\n|move|p1a: Palkia|Flamethrower|p2a: Greninja\n|-supereffective|p2a: Greninja\n|-crit|p2a: Greninja\n|-damage|p2a: Greninja|0 fnt\n|faint|p2a: Greninja\n|\n|win|pegusas\n|l|\u2606chengza\n","uploadtime":1700856041,"views":9,"p1id":"pegusas","p2id":"chengza","formatid":"gen9nationaldexubers","rating":0,"private":0,"password":""}