{"id":"gen9nationaldexubers-1993892294","p1":"danish13","p2":"Rhyfinn08","format":"[Gen 9] National Dex Ubers","log":"|j|\u2606danish13\n|j|\u2606Rhyfinn08\n|t:|1700371058\n|gametype|singles\n|player|p1|danish13|lance|1416\n|player|p2|Rhyfinn08|ninjaboy|1322\n|teamsize|p1|6\n|teamsize|p2|6\n|gen|9\n|tier|[Gen 9] National Dex Ubers\n|rated|\n|rule|HP Percentage Mod: HP is shown in percentages\n|rule|Endless Battle Clause: Forcing endless battles is banned\n|rule|OHKO Clause: OHKO moves are banned\n|rule|Evasion Moves Clause: Evasion moves are banned\n|rule|Evasion Items Clause: Evasion items are banned\n|rule|Species Clause: Limit one of each Pok\u00e9mon\n|rule|Sleep Clause Mod: Limit one foe put to sleep\n|rule|Mega Rayquaza Clause: You cannot mega evolve Rayquaza\n|clearpoke\n|poke|p1|Salamence, M|\n|poke|p1|Yveltal|\n|poke|p1|Arceus|\n|poke|p1|Garganacl, M|\n|poke|p1|Necrozma-Dawn-Wings|\n|poke|p1|Garchomp, M|\n|poke|p2|Xerneas-*|\n|poke|p2|Marshadow|\n|poke|p2|Groudon|\n|poke|p2|Deoxys-Speed|\n|poke|p2|Necrozma-Dusk-Mane|\n|poke|p2|Pheromosa|\n|teampreview\n|inactive|Battle timer is ON: inactive players will automatically lose when time's up. (requested by Rhyfinn08)\n|\n|t:|1700371073\n|start\n|switch|p1a: Garchomp|Garchomp, M|100\/100\n|switch|p2a: Deoxys|Deoxys-Speed, shiny|100\/100\n|-ability|p2a: Deoxys|Pressure\n|turn|1\n|\n|t:|1700371094\n|move|p2a: Deoxys|Taunt|p1a: Garchomp\n|-start|p1a: Garchomp|move: Taunt\n|move|p1a: Garchomp|Dragon Tail|p2a: Deoxys\n|-damage|p2a: Deoxys|67\/100\n|drag|p2a: Pheromosa|Pheromosa, shiny|100\/100\n|\n|upkeep\n|turn|2\n|\n|t:|1700371103\n|-terastallize|p1a: Garchomp|Fire\n|move|p2a: Pheromosa|Ice Beam|p1a: Garchomp\n|-resisted|p1a: Garchomp\n|-damage|p1a: Garchomp|78\/100\n|-damage|p2a: Pheromosa|91\/100|[from] item: Life Orb\n|move|p1a: Garchomp|Dragon Tail|p2a: Pheromosa\n|-damage|p2a: Pheromosa|17\/100\n|drag|p2a: Deoxys|Deoxys-Speed, shiny|67\/100\n|-ability|p2a: Deoxys|Pressure\n|\n|upkeep\n|turn|3\n|\n|t:|1700371116\n|move|p2a: Deoxys|Stealth Rock|p1a: Garchomp\n|-sidestart|p1: danish13|move: Stealth Rock\n|move|p1a: Garchomp|Earthquake|p2a: Deoxys\n|-damage|p2a: Deoxys|8\/100\n|\n|-end|p1a: Garchomp|move: Taunt\n|upkeep\n|turn|4\n|\n|t:|1700371123\n|move|p2a: Deoxys|Taunt|p1a: Garchomp\n|-start|p1a: Garchomp|move: Taunt\n|move|p1a: Garchomp|Dragon Tail|p2a: Deoxys\n|-damage|p2a: Deoxys|0 fnt\n|faint|p2a: Deoxys\n|\n|upkeep\n|inactive|Rhyfinn08 has 120 seconds left.\n|inactive|Rhyfinn08 has 90 seconds left.\n|\n|t:|1700371184\n|switch|p2a: Pheromosa|Pheromosa, shiny|17\/100\n|turn|5\n|inactive|danish13 has 120 seconds left.\n|\n|t:|1700371235\n|move|p2a: Pheromosa|Close Combat|p1a: Garchomp\n|-damage|p1a: Garchomp|23\/100\n|-unboost|p2a: Pheromosa|def|1\n|-unboost|p2a: Pheromosa|spd|1\n|-damage|p2a: Pheromosa|5\/100|[from] ability: Rough Skin|[of] p1a: Garchomp\n|-damage|p2a: Pheromosa|0 fnt|[from] item: Rocky Helmet|[of] p1a: Garchomp\n|faint|p2a: Pheromosa\n|move|p1a: Garchomp|Earthquake|p2: Pheromosa|[notarget]\n|-fail|p1a: Garchomp\n|\n|upkeep\n|inactive|Rhyfinn08 has 90 seconds left.\n|\n|t:|1700371261\n|switch|p2a: Necrozma|Necrozma-Dusk-Mane, shiny|100\/100\n|turn|6\n|\n|t:|1700371265\n|detailschange|p2a: Necrozma|Necrozma-Ultra, shiny\n|-burst|p2a: Necrozma|Necrozma|Ultranecrozium Z\n|move|p2a: Necrozma|Dragon Dance|p2a: Necrozma\n|-boost|p2a: Necrozma|atk|1\n|-boost|p2a: Necrozma|spe|1\n|move|p1a: Garchomp|Dragon Tail|p2a: Necrozma\n|-supereffective|p2a: Necrozma\n|-damage|p2a: Necrozma|43\/100\n|drag|p2a: Groudon|Groudon, shiny|100\/100\n|detailschange|p2a: Groudon|Groudon-Primal, shiny\n|-primal|p2a: Groudon|Red Orb\n|-weather|DesolateLand|[from] ability: Desolate Land|[of] p2a: Groudon\n|\n|-weather|DesolateLand|[upkeep]\n|-end|p1a: Garchomp|move: Taunt\n|upkeep\n|turn|7\n|inactive|danish13 has 120 seconds left.\n|\n|t:|1700371282\n|move|p1a: Garchomp|Earthquake|p2a: Groudon\n|-supereffective|p2a: Groudon\n|-damage|p2a: Groudon|39\/100\n|move|p2a: Groudon|Earth Power|p1a: Garchomp\n|-supereffective|p1a: Garchomp\n|-damage|p1a: Garchomp|0 fnt\n|faint|p1a: Garchomp\n|\n|-weather|DesolateLand|[upkeep]\n|upkeep\n|\n|t:|1700371307\n|switch|p1a: Arceus|Arceus|100\/100\n|-damage|p1a: Arceus|88\/100|[from] Stealth Rock\n|turn|8\n|inactive|danish13 has 90 seconds left.\n|\n|t:|1700371331\n|move|p1a: Arceus|Earthquake|p2a: Groudon\n|-supereffective|p2a: Groudon\n|-damage|p2a: Groudon|0 fnt\n|faint|p2a: Groudon\n|-weather|none\n|\n|upkeep\n|\n|t:|1700371347\n|switch|p2a: Xerneas|Xerneas|100\/100\n|-ability|p2a: Xerneas|Fairy Aura\n|turn|9\n|inactive|danish13 has 90 seconds left.\n|\n|t:|1700371362\n|move|p1a: Arceus|Dragon Dance|p1a: Arceus\n|-boost|p1a: Arceus|atk|1\n|-boost|p1a: Arceus|spe|1\n|move|p2a: Xerneas|Geomancy||[still]\n|-prepare|p2a: Xerneas|Geomancy\n|-enditem|p2a: Xerneas|Power Herb\n|-anim|p2a: Xerneas|Geomancy|p2a: Xerneas\n|-boost|p2a: Xerneas|spa|2\n|-boost|p2a: Xerneas|spd|2\n|-boost|p2a: Xerneas|spe|2\n|\n|upkeep\n|turn|10\n|inactive|danish13 has 90 seconds left.\n|inactive|danish13 has 60 seconds left.\n|\n|t:|1700371406\n|move|p1a: Arceus|Extreme Speed|p2a: Xerneas\n|-damage|p2a: Xerneas|37\/100\n|move|p2a: Xerneas|Moonblast|p1a: Arceus\n|-damage|p1a: Arceus|0 fnt\n|faint|p1a: Arceus\n|\n|upkeep\n|inactive|danish13 has 60 seconds left.\n|\n|t:|1700371424\n|switch|p1a: Yveltal|Yveltal|100\/100\n|-damage|p1a: Yveltal|76\/100|[from] Stealth Rock\n|-ability|p1a: Yveltal|Dark Aura\n|turn|11\n|\n|t:|1700371433\n|move|p2a: Xerneas|Moonblast|p1a: Yveltal\n|-supereffective|p1a: Yveltal\n|-damage|p1a: Yveltal|0 fnt\n|faint|p1a: Yveltal\n|\n|upkeep\n|-message|danish13 forfeited.\n|\n|win|Rhyfinn08\n|raw|danish13's rating: 1416 &rarr; <strong>1391<\/strong><br \/>(-25 for losing)\n|raw|Rhyfinn08's rating: 1322 &rarr; <strong>1347<\/strong><br \/>(+25 for winning)\n|l|\u2606danish13\n","uploadtime":1700371449,"views":14,"p1id":"danish13","p2id":"rhyfinn08","formatid":"gen9nationaldexubers","rating":1347,"private":0,"password":""}