{"id":"gen9nationaldexubers-1979161581","p1":"memes haha","p2":"Kingsmen19","format":"[Gen 9] National Dex Ubers","log":"|j|\u2606memes haha\n|j|\u2606Kingsmen19\n|t:|1698641473\n|gametype|singles\n|player|p1|memes haha|smasher|1116\n|player|p2|Kingsmen19|gambler|1127\n|teamsize|p1|6\n|teamsize|p2|6\n|gen|9\n|tier|[Gen 9] National Dex Ubers\n|rated|\n|rule|HP Percentage Mod: HP is shown in percentages\n|rule|Endless Battle Clause: Forcing endless battles is banned\n|rule|OHKO Clause: OHKO moves are banned\n|rule|Evasion Moves Clause: Evasion moves are banned\n|rule|Evasion Items Clause: Evasion items are banned\n|rule|Species Clause: Limit one of each Pok\u00e9mon\n|rule|Sleep Clause Mod: Limit one foe put to sleep\n|rule|Mega Rayquaza Clause: You cannot mega evolve Rayquaza\n|clearpoke\n|poke|p1|Ribombee, M|\n|poke|p1|Grimmsnarl, M|\n|poke|p1|Kommo-o, M|\n|poke|p1|Swellow, M|\n|poke|p1|Garganacl, M|\n|poke|p1|Absol, M|\n|poke|p2|Ninetales-Alola, F|\n|poke|p2|Keldeo-Resolute|\n|poke|p2|Salamence, F|\n|poke|p2|Rhyperior, M|\n|poke|p2|Cresselia, F|\n|poke|p2|Ogerpon, F|\n|teampreview\n|inactive|Battle timer is ON: inactive players will automatically lose when time's up. (requested by memes haha)\n|\n|t:|1698641478\n|start\n|switch|p1a: Ribombee|Ribombee, M|100\/100\n|switch|p2a: Keldeo|Keldeo-Resolute|100\/100\n|turn|1\n|\n|t:|1698641484\n|move|p1a: Ribombee|Sticky Web|p2a: Keldeo\n|-sidestart|p2: Kingsmen19|move: Sticky Web\n|move|p2a: Keldeo|Calm Mind|p2a: Keldeo\n|-boost|p2a: Keldeo|spa|1\n|-boost|p2a: Keldeo|spd|1\n|\n|upkeep\n|turn|2\n|\n|t:|1698641488\n|move|p1a: Ribombee|Toxic|p2a: Keldeo\n|-status|p2a: Keldeo|tox\n|move|p2a: Keldeo|Air Slash|p1a: Ribombee\n|-supereffective|p1a: Ribombee\n|-enditem|p1a: Ribombee|Focus Sash\n|-damage|p1a: Ribombee|1\/100\n|\n|-damage|p2a: Keldeo|94\/100 tox|[from] psn\n|upkeep\n|turn|3\n|\n|t:|1698641492\n|move|p1a: Ribombee|Moonblast|p2a: Keldeo\n|-supereffective|p2a: Keldeo\n|-damage|p2a: Keldeo|35\/100 tox\n|move|p2a: Keldeo|Scald|p1a: Ribombee\n|-damage|p1a: Ribombee|0 fnt\n|faint|p1a: Ribombee\n|\n|-damage|p2a: Keldeo|22\/100 tox|[from] psn\n|upkeep\n|\n|t:|1698641497\n|switch|p1a: Swellow|Swellow, M|100\/100\n|turn|4\n|\n|t:|1698641502\n|move|p1a: Swellow|Air Slash|p2a: Keldeo\n|-supereffective|p2a: Keldeo\n|-damage|p2a: Keldeo|0 fnt\n|faint|p2a: Keldeo\n|\n|upkeep\n|\n|t:|1698641505\n|switch|p2a: Rhyperior|Rhyperior, M|100\/100\n|-activate|p2a: Rhyperior|move: Sticky Web\n|-unboost|p2a: Rhyperior|spe|1\n|turn|5\n|\n|t:|1698641509\n|switch|p1a: Garganacl|Garganacl, M|100\/100\n|move|p2a: Rhyperior|Iron Defense|p2a: Rhyperior\n|-boost|p2a: Rhyperior|def|2\n|\n|upkeep\n|turn|6\n|\n|t:|1698641516\n|move|p1a: Garganacl|Body Press|p2a: Rhyperior\n|-supereffective|p2a: Rhyperior\n|-damage|p2a: Rhyperior|91\/100\n|move|p2a: Rhyperior|Iron Defense|p2a: Rhyperior\n|-boost|p2a: Rhyperior|def|2\n|\n|upkeep\n|turn|7\n|\n|t:|1698641519\n|move|p1a: Garganacl|Iron Defense|p1a: Garganacl\n|-boost|p1a: Garganacl|def|2\n|move|p2a: Rhyperior|Body Press|p1a: Garganacl\n|-supereffective|p1a: Garganacl\n|-damage|p1a: Garganacl|42\/100\n|\n|-heal|p1a: Garganacl|48\/100|[from] item: Leftovers\n|upkeep\n|turn|8\n|\n|t:|1698641521\n|move|p1a: Garganacl|Iron Defense|p1a: Garganacl\n|-boost|p1a: Garganacl|def|2\n|move|p2a: Rhyperior|Body Press|p1a: Garganacl\n|-supereffective|p1a: Garganacl\n|-damage|p1a: Garganacl|5\/100\n|\n|-heal|p1a: Garganacl|11\/100|[from] item: Leftovers\n|upkeep\n|turn|9\n|\n|t:|1698641527\n|move|p1a: Garganacl|Recover|p1a: Garganacl\n|-heal|p1a: Garganacl|61\/100\n|move|p2a: Rhyperior|Earthquake|p1a: Garganacl\n|-supereffective|p1a: Garganacl\n|-damage|p1a: Garganacl|40\/100\n|\n|-heal|p1a: Garganacl|46\/100|[from] item: Leftovers\n|upkeep\n|turn|10\n|\n|t:|1698641531\n|move|p1a: Garganacl|Recover|p1a: Garganacl\n|-heal|p1a: Garganacl|96\/100\n|move|p2a: Rhyperior|Iron Defense|p2a: Rhyperior\n|-boost|p2a: Rhyperior|def|2\n|\n|-heal|p1a: Garganacl|100\/100|[from] item: Leftovers\n|upkeep\n|turn|11\n|\n|t:|1698641534\n|move|p1a: Garganacl|Iron Defense|p1a: Garganacl\n|-boost|p1a: Garganacl|def|2\n|move|p2a: Rhyperior|Body Press|p1a: Garganacl\n|-supereffective|p1a: Garganacl\n|-damage|p1a: Garganacl|58\/100\n|\n|-heal|p1a: Garganacl|65\/100|[from] item: Leftovers\n|upkeep\n|turn|12\n|\n|t:|1698641539\n|move|p1a: Garganacl|Body Press|p2a: Rhyperior\n|-supereffective|p2a: Rhyperior\n|-damage|p2a: Rhyperior|73\/100\n|move|p2a: Rhyperior|Body Press|p1a: Garganacl\n|-supereffective|p1a: Garganacl\n|-damage|p1a: Garganacl|26\/100\n|\n|-heal|p1a: Garganacl|33\/100|[from] item: Leftovers\n|upkeep\n|turn|13\n|\n|t:|1698641544\n|move|p1a: Garganacl|Salt Cure|p2a: Rhyperior\n|-resisted|p2a: Rhyperior\n|-damage|p2a: Rhyperior|72\/100\n|-start|p2a: Rhyperior|Salt Cure\n|move|p2a: Rhyperior|Body Press|p1a: Garganacl\n|-supereffective|p1a: Garganacl\n|-damage|p1a: Garganacl|0 fnt\n|faint|p1a: Garganacl\n|\n|-damage|p2a: Rhyperior|59\/100|[from] Salt Cure\n|upkeep\n|\n|t:|1698641556\n|switch|p1a: Kommo-o|Kommo-o, M|100\/100\n|turn|14\n|\n|t:|1698641559\n|-terastallize|p1a: Kommo-o|Poison\n|move|p1a: Kommo-o|Clangorous Soul|p1a: Kommo-o\n|-boost|p1a: Kommo-o|atk|1\n|-boost|p1a: Kommo-o|def|1\n|-boost|p1a: Kommo-o|spa|1\n|-boost|p1a: Kommo-o|spd|1\n|-boost|p1a: Kommo-o|spe|1\n|-damage|p1a: Kommo-o|68\/100\n|move|p2a: Rhyperior|Body Press|p1a: Kommo-o\n|-resisted|p1a: Kommo-o\n|-damage|p1a: Kommo-o|29\/100\n|\n|-heal|p1a: Kommo-o|36\/100|[from] item: Leftovers\n|-damage|p2a: Rhyperior|47\/100|[from] Salt Cure\n|upkeep\n|turn|15\n|\n|t:|1698641571\n|move|p1a: Kommo-o|Drain Punch|p2a: Rhyperior\n|-supereffective|p2a: Rhyperior\n|-damage|p2a: Rhyperior|38\/100\n|-heal|p1a: Kommo-o|42\/100|[from] drain|[of] p2a: Rhyperior\n|move|p2a: Rhyperior|Earthquake|p1a: Kommo-o\n|-supereffective|p1a: Kommo-o\n|-damage|p1a: Kommo-o|0 fnt\n|faint|p1a: Kommo-o\n|\n|-damage|p2a: Rhyperior|25\/100|[from] Salt Cure\n|upkeep\n|\n|t:|1698641575\n|switch|p1a: Swellow|Swellow, M|100\/100\n|turn|16\n|\n|t:|1698641580\n|move|p1a: Swellow|Boomburst|p2a: Rhyperior\n|-resisted|p2a: Rhyperior\n|-damage|p2a: Rhyperior|0 fnt\n|faint|p2a: Rhyperior\n|\n|upkeep\n|\n|t:|1698641591\n|switch|p2a: Ninetales|Ninetales-Alola, F|100\/100\n|-activate|p2a: Ninetales|move: Sticky Web\n|-unboost|p2a: Ninetales|spe|1\n|-weather|Snow|[from] ability: Snow Warning|[of] p2a: Ninetales\n|turn|17\n|\n|t:|1698641603\n|move|p1a: Swellow|Boomburst|p2a: Ninetales\n|-damage|p2a: Ninetales|9\/100\n|move|p2a: Ninetales|Freeze-Dry|p1a: Swellow\n|-supereffective|p1a: Swellow\n|-damage|p1a: Swellow|0 fnt\n|faint|p1a: Swellow\n|\n|-weather|Snow|[upkeep]\n|upkeep\n|\n|t:|1698641608\n|switch|p1a: Absol|Absol, M|100\/100\n|-ability|p1a: Absol|Pressure\n|turn|18\n|\n|t:|1698641612\n|move|p1a: Absol|Flamethrower|p2a: Ninetales\n|-supereffective|p2a: Ninetales\n|-damage|p2a: Ninetales|0 fnt\n|faint|p2a: Ninetales\n|\n|-weather|Snow|[upkeep]\n|upkeep\n|\n|t:|1698641616\n|switch|p2a: Ogerpon|Ogerpon, F|100\/100\n|-activate|p2a: Ogerpon|move: Sticky Web\n|-unboost|p2a: Ogerpon|spe|1\n|-ability|p2a: Ogerpon|Defiant|boost\n|-boost|p2a: Ogerpon|atk|2\n|turn|19\n|\n|t:|1698641621\n|detailschange|p1a: Absol|Absol-Mega, M\n|-mega|p1a: Absol|Absol|Absolite\n|move|p1a: Absol|Flamethrower|p2a: Ogerpon\n|-supereffective|p2a: Ogerpon\n|-damage|p2a: Ogerpon|31\/100\n|move|p2a: Ogerpon|Ivy Cudgel|p1a: Absol\n|-damage|p1a: Absol|0 fnt\n|faint|p1a: Absol\n|\n|-weather|Snow|[upkeep]\n|upkeep\n|\n|t:|1698641626\n|switch|p1a: Grimmsnarl|Grimmsnarl, M|100\/100\n|turn|20\n|\n|t:|1698641633\n|-terastallize|p2a: Ogerpon|Grass\n|detailschange|p2a: Ogerpon|Ogerpon-Teal-Tera, F, tera:Grass\n|-ability|p2a: Ogerpon|Embody Aspect (Teal)|boost\n|-boost|p2a: Ogerpon|spe|1\n|move|p2a: Ogerpon|Horn Leech|p1a: Grimmsnarl\n|-damage|p1a: Grimmsnarl|0 fnt\n|-heal|p2a: Ogerpon|86\/100|[from] drain|[of] p1a: Grimmsnarl\n|faint|p1a: Grimmsnarl\n|\n|win|Kingsmen19\n|raw|memes haha's rating: 1116 &rarr; <strong>1092<\/strong><br \/>(-24 for losing)\n|raw|Kingsmen19's rating: 1127 &rarr; <strong>1151<\/strong><br \/>(+24 for winning)\n|l|\u2606memes haha\n","uploadtime":1698641644,"views":11,"p1id":"memeshaha","p2id":"kingsmen19","formatid":"gen9nationaldexubers","rating":1092,"private":0,"password":""}