{"id":"gen9nationaldexubers-1999778363","p1":"Dinosaurio456","p2":"pacmaster000","format":"[Gen 9] National Dex Ubers","log":"|j|\u2606Dinosaurio456\n|j|\u2606pacmaster000\n|t:|1701115845\n|gametype|singles\n|player|p1|Dinosaurio456|waiter-gen4|1142\n|player|p2|pacmaster000|acetrainer-gen4dp|1125\n|teamsize|p1|6\n|teamsize|p2|6\n|gen|9\n|tier|[Gen 9] National Dex Ubers\n|rated|\n|rule|HP Percentage Mod: HP is shown in percentages\n|rule|Endless Battle Clause: Forcing endless battles is banned\n|rule|OHKO Clause: OHKO moves are banned\n|rule|Evasion Moves Clause: Evasion moves are banned\n|rule|Evasion Items Clause: Evasion items are banned\n|rule|Species Clause: Limit one of each Pok\u00e9mon\n|rule|Sleep Clause Mod: Limit one foe put to sleep\n|rule|Mega Rayquaza Clause: You cannot mega evolve Rayquaza\n|clearpoke\n|poke|p1|Scizor, M|\n|poke|p1|Flamigo, M|\n|poke|p1|Great Tusk|\n|poke|p1|Magnezone|\n|poke|p1|Chien-Pao|\n|poke|p1|Bombirdier, F|\n|poke|p2|Dragapult, M|\n|poke|p2|Heatran, M|\n|poke|p2|Tyranitar, M|\n|poke|p2|Marshadow|\n|poke|p2|Toxapex, F|\n|poke|p2|Landorus, M|\n|teampreview\n|\n|t:|1701115862\n|start\n|switch|p1a: Scizor|Scizor, M|100\/100\n|switch|p2a: Dragapult|Dragapult, M|100\/100\n|turn|1\n|\n|t:|1701115873\n|move|p2a: Dragapult|U-turn|p1a: Scizor\n|-resisted|p1a: Scizor\n|-damage|p1a: Scizor|89\/100\n|\n|t:|1701115875\n|switch|p2a: Heatran|Heatran, M|100\/100|[from] U-turn\n|-item|p2a: Heatran|Air Balloon\n|move|p1a: Scizor|Swords Dance|p1a: Scizor\n|-boost|p1a: Scizor|atk|2\n|\n|upkeep\n|turn|2\n|\n|t:|1701115885\n|move|p2a: Heatran|Magma Storm|p1a: Scizor\n|-supereffective|p1a: Scizor\n|-damage|p1a: Scizor|0 fnt\n|faint|p1a: Scizor\n|\n|upkeep\n|inactive|Battle timer is ON: inactive players will automatically lose when time's up. (requested by Dinosaurio456)\n|\n|t:|1701115901\n|switch|p1a: Great Tusk|Great Tusk|100\/100\n|turn|3\n|\n|t:|1701115909\n|move|p1a: Great Tusk|Knock Off|p2a: Heatran\n|-damage|p2a: Heatran|76\/100\n|-enditem|p2a: Heatran|Air Balloon\n|move|p2a: Heatran|Toxic|p1a: Great Tusk\n|-status|p1a: Great Tusk|tox\n|\n|-damage|p1a: Great Tusk|94\/100 tox|[from] psn\n|upkeep\n|turn|4\n|\n|t:|1701115920\n|move|p1a: Great Tusk|Headlong Rush|p2a: Heatran\n|-supereffective|p2a: Heatran\n|-damage|p2a: Heatran|0 fnt\n|-unboost|p1a: Great Tusk|def|1\n|-unboost|p1a: Great Tusk|spd|1\n|faint|p2a: Heatran\n|\n|-damage|p1a: Great Tusk|82\/100 tox|[from] psn\n|upkeep\n|\n|t:|1701115933\n|switch|p2a: Dragapult|Dragapult, M|100\/100\n|turn|5\n|\n|t:|1701115958\n|move|p2a: Dragapult|Phantom Force||[still]\n|-prepare|p2a: Dragapult|Phantom Force\n|move|p1a: Great Tusk|Knock Off|p2a: Dragapult|[miss]\n|-miss|p1a: Great Tusk|p2a: Dragapult\n|\n|-damage|p1a: Great Tusk|63\/100 tox|[from] psn\n|upkeep\n|turn|6\n|\n|t:|1701115966\n|move|p2a: Dragapult|Phantom Force|p1a: Great Tusk|[from]lockedmove\n|-damage|p1a: Great Tusk|11\/100 tox\n|move|p1a: Great Tusk|Knock Off|p2a: Dragapult\n|-supereffective|p2a: Dragapult\n|-damage|p2a: Dragapult|8\/100\n|-enditem|p2a: Dragapult|Focus Sash|[from] move: Knock Off|[of] p1a: Great Tusk\n|\n|-damage|p1a: Great Tusk|0 fnt|[from] psn\n|faint|p1a: Great Tusk\n|-end|p1a: Great Tusk|Protosynthesis|[silent]\n|upkeep\n|\n|t:|1701115972\n|switch|p1a: Bombirdier|Bombirdier, F|100\/100\n|turn|7\n|\n|t:|1701115978\n|move|p1a: Bombirdier|Sucker Punch|p2a: Dragapult\n|-supereffective|p2a: Dragapult\n|-damage|p2a: Dragapult|0 fnt\n|faint|p2a: Dragapult\n|\n|upkeep\n|\n|t:|1701115981\n|switch|p2a: Tyranitar|Tyranitar, M|100\/100\n|-ability|p2a: Tyranitar|Unnerve\n|turn|8\n|\n|t:|1701115990\n|switch|p1a: Magnezone|Magnezone|100\/100\n|detailschange|p2a: Tyranitar|Tyranitar-Mega, M\n|-mega|p2a: Tyranitar|Tyranitar|Tyranitarite\n|-weather|Sandstorm|[from] ability: Sand Stream|[of] p2a: Tyranitar\n|move|p2a: Tyranitar|Rock Slide|p1a: Magnezone\n|-resisted|p1a: Magnezone\n|-damage|p1a: Magnezone|82\/100\n|\n|-weather|Sandstorm|[upkeep]\n|upkeep\n|turn|9\n|\n|t:|1701115996\n|move|p2a: Tyranitar|Earthquake|p1a: Magnezone\n|-supereffective|p1a: Magnezone\n|-damage|p1a: Magnezone|0 fnt\n|faint|p1a: Magnezone\n|\n|-weather|Sandstorm|[upkeep]\n|upkeep\n|\n|t:|1701116004\n|switch|p1a: Flamigo|Flamigo, M|100\/100\n|turn|10\n|\n|t:|1701116011\n|switch|p2a: Landorus|Landorus, M|100\/100\n|move|p1a: Flamigo|Close Combat|p2a: Landorus\n|-resisted|p2a: Landorus\n|-damage|p2a: Landorus|67\/100\n|-unboost|p1a: Flamigo|def|1\n|-unboost|p1a: Flamigo|spd|1\n|\n|-weather|Sandstorm|[upkeep]\n|-damage|p1a: Flamigo|94\/100|[from] Sandstorm\n|upkeep\n|turn|11\n|inactive|Dinosaurio456 has 120 seconds left.\n|\n|t:|1701116062\n|switch|p1a: Chien-Pao|Chien-Pao|100\/100\n|-ability|p1a: Chien-Pao|Sword of Ruin\n|move|p2a: Landorus|Rock Slide|p1a: Chien-Pao\n|-supereffective|p1a: Chien-Pao\n|-damage|p1a: Chien-Pao|0 fnt\n|faint|p1a: Chien-Pao\n|\n|-weather|Sandstorm|[upkeep]\n|upkeep\n|\n|t:|1701116067\n|switch|p1a: Bombirdier|Bombirdier, F|100\/100\n|turn|12\n|\n|t:|1701116076\n|move|p1a: Bombirdier|Stone Edge|p2a: Landorus\n|-damage|p2a: Landorus|19\/100\n|move|p2a: Landorus|Rock Slide|p1a: Bombirdier\n|-supereffective|p1a: Bombirdier\n|-damage|p1a: Bombirdier|0 fnt\n|faint|p1a: Bombirdier\n|\n|-weather|none\n|upkeep\n|\n|t:|1701116082\n|switch|p1a: Flamigo|Flamigo, M|94\/100\n|turn|13\n|inactive|Dinosaurio456 has 90 seconds left.\n|inactive|Dinosaurio456 has 60 seconds left.\n|inactive|Dinosaurio456 has 30 seconds left.\n|inactive|Dinosaurio456 has 20 seconds left.\n|inactive|Dinosaurio456 has 15 seconds left.\n|inactive|Dinosaurio456 has 10 seconds left.\n|inactive|Dinosaurio456 has 5 seconds left.\n|-message|Dinosaurio456 lost due to inactivity.\n|\n|win|pacmaster000\n|raw|Dinosaurio456's rating: 1142 &rarr; <strong>1116<\/strong><br \/>(-26 for losing)\n|raw|pacmaster000's rating: 1125 &rarr; <strong>1151<\/strong><br \/>(+26 for winning)\n","uploadtime":1701116367,"views":2,"p1id":"dinosaurio456","p2id":"pacmaster000","formatid":"gen9nationaldexubers","rating":1116,"private":0,"password":""}