{"id":"gen9nationaldexubers-1985034696","p1":"Jake30Tuddy!","p2":"plug-up","format":"[Gen 9] National Dex Ubers","log":"|j|\u2606Jake30Tuddy!\n|j|\u2606plug-up\n|t:|1699323028\n|gametype|singles\n|player|p1|Jake30Tuddy!|2|1145\n|player|p2|plug-up|plasmagrunt-gen5bw|1220\n|teamsize|p1|6\n|teamsize|p2|6\n|gen|9\n|tier|[Gen 9] National Dex Ubers\n|rated|\n|rule|HP Percentage Mod: HP is shown in percentages\n|rule|Endless Battle Clause: Forcing endless battles is banned\n|rule|OHKO Clause: OHKO moves are banned\n|rule|Evasion Moves Clause: Evasion moves are banned\n|rule|Evasion Items Clause: Evasion items are banned\n|rule|Species Clause: Limit one of each Pok\u00e9mon\n|rule|Sleep Clause Mod: Limit one foe put to sleep\n|rule|Mega Rayquaza Clause: You cannot mega evolve Rayquaza\n|clearpoke\n|poke|p1|Blaziken, M|\n|poke|p1|Genesect|\n|poke|p1|Hoopa-Unbound|\n|poke|p1|Lugia|\n|poke|p1|Garchomp, M|\n|poke|p1|Toxapex, M|\n|poke|p2|Shuckle, F|\n|poke|p2|Zacian-*|\n|poke|p2|Arceus|\n|poke|p2|Xerneas-*|\n|poke|p2|Spectrier|\n|poke|p2|Basculegion, M|\n|teampreview\n|inactive|Battle timer is ON: inactive players will automatically lose when time's up. (requested by plug-up)\n|\n|t:|1699323049\n|start\n|switch|p1a: Blaziken|Blaziken, M|100\/100\n|switch|p2a: Shuckle|Shuckle, F|100\/100\n|turn|1\n|\n|t:|1699323061\n|detailschange|p1a: Blaziken|Blaziken-Mega, M\n|-mega|p1a: Blaziken|Blaziken|Blazikenite\n|move|p1a: Blaziken|Swords Dance|p1a: Blaziken\n|-boost|p1a: Blaziken|atk|2\n|move|p2a: Shuckle|Sticky Web|p1a: Blaziken\n|-sidestart|p1: Jake30Tuddy!|move: Sticky Web\n|\n|-ability|p1a: Blaziken|Speed Boost|boost\n|-boost|p1a: Blaziken|spe|1\n|upkeep\n|turn|2\n|\n|t:|1699323073\n|move|p1a: Blaziken|Blaze Kick|p2a: Shuckle\n|-damage|p2a: Shuckle|45\/100\n|-status|p2a: Shuckle|brn\n|move|p2a: Shuckle|Stealth Rock|p1a: Blaziken\n|-sidestart|p1: Jake30Tuddy!|move: Stealth Rock\n|\n|-damage|p2a: Shuckle|39\/100 brn|[from] brn\n|-ability|p1a: Blaziken|Speed Boost|boost\n|-boost|p1a: Blaziken|spe|1\n|upkeep\n|turn|3\n|\n|t:|1699323084\n|move|p1a: Blaziken|Blaze Kick|p2a: Shuckle\n|-damage|p2a: Shuckle|0 fnt\n|faint|p2a: Shuckle\n|\n|-ability|p1a: Blaziken|Speed Boost|boost\n|-boost|p1a: Blaziken|spe|1\n|upkeep\n|\n|t:|1699323103\n|switch|p2a: Arceus|Arceus|100\/100\n|turn|4\n|\n|t:|1699323116\n|move|p2a: Arceus|Extreme Speed|p1a: Blaziken\n|-damage|p1a: Blaziken|39\/100\n|move|p1a: Blaziken|High Jump Kick|p2a: Arceus\n|-supereffective|p2a: Arceus\n|-damage|p2a: Arceus|0 fnt\n|faint|p2a: Arceus\n|\n|-ability|p1a: Blaziken|Speed Boost|boost\n|-boost|p1a: Blaziken|spe|1\n|upkeep\n|inactive|plug-up has 120 seconds left.\n|\n|t:|1699323135\n|switch|p2a: Zacian|Zacian-Crowned|100\/100\n|-ability|p2a: Zacian|Intrepid Sword|boost\n|-boost|p2a: Zacian|atk|1\n|turn|5\n|inactive|plug-up has 120 seconds left.\n|\n|t:|1699323154\n|-terastallize|p2a: Zacian|Steel\n|move|p1a: Blaziken|Blaze Kick|p2a: Zacian\n|-supereffective|p2a: Zacian\n|-damage|p2a: Zacian|0 fnt\n|faint|p2a: Zacian\n|\n|-ability|p1a: Blaziken|Speed Boost|boost\n|-boost|p1a: Blaziken|spe|1\n|upkeep\n|\n|t:|1699323164\n|switch|p2a: Spectrier|Spectrier|100\/100\n|turn|6\n|inactive|plug-up has 120 seconds left.\n|\n|t:|1699323176\n|move|p1a: Blaziken|Blaze Kick|p2a: Spectrier\n|-damage|p2a: Spectrier|0 fnt\n|faint|p2a: Spectrier\n|\n|-ability|p1a: Blaziken|Speed Boost|boost\n|-boost|p1a: Blaziken|spe|1\n|upkeep\n|\n|t:|1699323183\n|switch|p2a: Xerneas|Xerneas|100\/100\n|-ability|p2a: Xerneas|Fairy Aura\n|turn|7\n|inactive|plug-up has 120 seconds left.\n|\n|t:|1699323188\n|move|p1a: Blaziken|Blaze Kick|p2a: Xerneas\n|-damage|p2a: Xerneas|0 fnt\n|faint|p2a: Xerneas\n|\n|upkeep\n|\n|t:|1699323193\n|switch|p2a: Basculegion|Basculegion, M|100\/100\n|turn|8\n|\n|t:|1699323199\n|move|p1a: Blaziken|Blaze Kick|p2a: Basculegion\n|-resisted|p2a: Basculegion\n|-damage|p2a: Basculegion|23\/100\n|move|p2a: Basculegion|Last Respects|p1a: Blaziken\n|-damage|p1a: Blaziken|0 fnt\n|faint|p1a: Blaziken\n|\n|upkeep\n|\n|t:|1699323208\n|switch|p1a: Toxapex|Toxapex, M|100\/100\n|-activate|p1a: Toxapex|move: Sticky Web\n|-unboost|p1a: Toxapex|spe|1\n|-damage|p1a: Toxapex|88\/100|[from] Stealth Rock\n|turn|9\n|\n|t:|1699323214\n|move|p1a: Toxapex|Protect|p1a: Toxapex\n|-singleturn|p1a: Toxapex|Protect\n|move|p2a: Basculegion|Last Respects|p1a: Toxapex\n|-activate|p1a: Toxapex|move: Protect\n|\n|-heal|p1a: Toxapex|94\/100|[from] item: Black Sludge\n|upkeep\n|turn|10\n|\n|t:|1699323222\n|move|p2a: Basculegion|Last Respects|p1a: Toxapex\n|-damage|p1a: Toxapex|0 fnt\n|faint|p1a: Toxapex\n|\n|upkeep\n|\n|t:|1699323228\n|switch|p1a: Lugia|Lugia|100\/100\n|-damage|p1a: Lugia|75\/100|[from] Stealth Rock\n|turn|11\n|\n|t:|1699323232\n|move|p2a: Basculegion|Last Respects|p1a: Lugia\n|-supereffective|p1a: Lugia\n|-damage|p1a: Lugia|0 fnt\n|faint|p1a: Lugia\n|\n|upkeep\n|\n|t:|1699323236\n|switch|p1a: Garchomp|Garchomp, M|100\/100\n|-activate|p1a: Garchomp|move: Sticky Web\n|-unboost|p1a: Garchomp|spe|1\n|-damage|p1a: Garchomp|94\/100|[from] Stealth Rock\n|turn|12\n|\n|t:|1699323241\n|move|p2a: Basculegion|Last Respects|p1a: Garchomp\n|-damage|p1a: Garchomp|0 fnt\n|faint|p1a: Garchomp\n|\n|upkeep\n|\n|t:|1699323244\n|switch|p1a: Hoopa|Hoopa-Unbound|100\/100\n|-activate|p1a: Hoopa|move: Sticky Web\n|-unboost|p1a: Hoopa|spe|1\n|-damage|p1a: Hoopa|88\/100|[from] Stealth Rock\n|turn|13\n|\n|t:|1699323250\n|move|p2a: Basculegion|Last Respects|p1a: Hoopa\n|-damage|p1a: Hoopa|0 fnt\n|faint|p1a: Hoopa\n|\n|upkeep\n|-message|Jake30Tuddy! forfeited.\n|\n|win|plug-up\n|raw|Jake30Tuddy!'s rating: 1145 &rarr; <strong>1125<\/strong><br \/>(-20 for losing)\n|raw|plug-up's rating: 1220 &rarr; <strong>1240<\/strong><br \/>(+20 for winning)\n|l|\u2606Jake30Tuddy!\n","uploadtime":1699323271,"views":9,"p1id":"jake30tuddy","p2id":"plugup","formatid":"gen9nationaldexubers","rating":1125,"private":0,"password":""}