{"id":"gen9nationaldexubers-1982312373","p1":"ddchrw","p2":"Paradox-Apollyon","format":"[Gen 9] National Dex Ubers","log":"|j|\u2606ddchrw\n|j|\u2606Paradox-Apollyon\n|t:|1698995222\n|gametype|singles\n|player|p1|ddchrw|falkner|1077\n|player|p2|Paradox-Apollyon|n|1138\n|teamsize|p1|6\n|teamsize|p2|6\n|gen|9\n|tier|[Gen 9] National Dex Ubers\n|rated|\n|rule|HP Percentage Mod: HP is shown in percentages\n|rule|Endless Battle Clause: Forcing endless battles is banned\n|rule|OHKO Clause: OHKO moves are banned\n|rule|Evasion Moves Clause: Evasion moves are banned\n|rule|Evasion Items Clause: Evasion items are banned\n|rule|Species Clause: Limit one of each Pok\u00e9mon\n|rule|Sleep Clause Mod: Limit one foe put to sleep\n|rule|Mega Rayquaza Clause: You cannot mega evolve Rayquaza\n|clearpoke\n|poke|p1|Weavile, M|\n|poke|p1|Whimsicott, F|\n|poke|p1|Hatterene, F|\n|poke|p1|Landorus-Therian, M|\n|poke|p1|Vaporeon, F|\n|poke|p1|Sinistcha|\n|poke|p2|Smeargle, F|\n|poke|p2|Xerneas-*|\n|poke|p2|Arceus|\n|poke|p2|Kyogre|\n|poke|p2|Necrozma-Dusk-Mane|\n|poke|p2|Zygarde|\n|teampreview\n|inactive|Battle timer is ON: inactive players will automatically lose when time's up. (requested by Paradox-Apollyon)\n|\n|t:|1698995241\n|start\n|switch|p1a: Whimsicott|Whimsicott, F|100\/100\n|switch|p2a: Smeargle|Smeargle, F|100\/100\n|turn|1\n|\n|t:|1698995255\n|move|p1a: Whimsicott|Encore||[still]\n|-fail|p1a: Whimsicott\n|move|p2a: Smeargle|Nuzzle|p1a: Whimsicott\n|-resisted|p1a: Whimsicott\n|-damage|p1a: Whimsicott|99\/100\n|-status|p1a: Whimsicott|par\n|-enditem|p1a: Whimsicott|Eject Button\n|\n|t:|1698995269\n|switch|p1a: Landorus|Landorus-Therian, M|100\/100\n|-ability|p1a: Landorus|Intimidate|boost\n|-fail|p2a: Smeargle|unboost|Attack|[from] ability: Own Tempo|[of] p2a: Smeargle\n|\n|upkeep\n|turn|2\n|\n|t:|1698995280\n|move|p1a: Landorus|U-turn|p2a: Smeargle\n|-damage|p2a: Smeargle|27\/100\n|\n|t:|1698995284\n|switch|p1a: Sinistcha|Sinistcha|100\/100|[from] U-turn\n|move|p2a: Smeargle|Sticky Web|p1a: Sinistcha\n|-sidestart|p1: ddchrw|move: Sticky Web\n|\n|upkeep\n|turn|3\n|inactive|ddchrw has 120 seconds left.\n|\n|t:|1698995322\n|move|p2a: Smeargle|Nuzzle|p1a: Sinistcha\n|-resisted|p1a: Sinistcha\n|-damage|p1a: Sinistcha|99\/100\n|-status|p1a: Sinistcha|par\n|move|p1a: Sinistcha|Substitute|p1a: Sinistcha\n|-start|p1a: Sinistcha|Substitute\n|-damage|p1a: Sinistcha|75\/100 par\n|\n|upkeep\n|turn|4\n|inactive|ddchrw has 120 seconds left.\n|\n|t:|1698995331\n|move|p1a: Sinistcha|Matcha Gotcha|p2a: Smeargle|[miss]\n|-miss|p1a: Sinistcha|p2a: Smeargle\n|move|p2a: Smeargle|Whirlwind|p1a: Sinistcha\n|drag|p1a: Weavile|Weavile, M|100\/100\n|-activate|p1a: Weavile|move: Sticky Web\n|-unboost|p1a: Weavile|spe|1\n|\n|upkeep\n|turn|5\n|inactive|ddchrw has 120 seconds left.\n|\n|t:|1698995351\n|switch|p1a: Whimsicott|Whimsicott, F|99\/100 par\n|-activate|p1a: Whimsicott|move: Sticky Web\n|-unboost|p1a: Whimsicott|spe|1\n|move|p2a: Smeargle|Nuzzle|p1a: Whimsicott\n|-resisted|p1a: Whimsicott\n|-damage|p1a: Whimsicott|99\/100 par\n|\n|upkeep\n|turn|6\n|inactive|ddchrw has 120 seconds left.\n|\n|t:|1698995360\n|cant|p1a: Whimsicott|par\n|move|p2a: Smeargle|Taunt|p1a: Whimsicott\n|-start|p1a: Whimsicott|move: Taunt\n|\n|upkeep\n|turn|7\n|inactive|ddchrw has 120 seconds left.\n|\n|t:|1698995378\n|switch|p2a: Xerneas|Xerneas|100\/100\n|-ability|p2a: Xerneas|Fairy Aura\n|switch|p1a: Sinistcha|Sinistcha|75\/100 par\n|-activate|p1a: Sinistcha|move: Sticky Web\n|-unboost|p1a: Sinistcha|spe|1\n|\n|upkeep\n|turn|8\n|inactive|ddchrw has 120 seconds left.\n|inactive|Paradox-Apollyon has 120 seconds left.\n|\n|t:|1698995410\n|move|p2a: Xerneas|Geomancy||[still]\n|-prepare|p2a: Xerneas|Geomancy\n|-enditem|p2a: Xerneas|Power Herb\n|-anim|p2a: Xerneas|Geomancy|p2a: Xerneas\n|-boost|p2a: Xerneas|spa|2\n|-boost|p2a: Xerneas|spd|2\n|-boost|p2a: Xerneas|spe|2\n|move|p1a: Sinistcha|Shadow Ball|p2a: Xerneas\n|-damage|p2a: Xerneas|88\/100\n|\n|upkeep\n|turn|9\n|inactive|ddchrw has 120 seconds left.\n|inactive|Paradox-Apollyon has 120 seconds left.\n|\n|t:|1698995425\n|switch|p1a: Vaporeon|Vaporeon, F|100\/100\n|-activate|p1a: Vaporeon|move: Sticky Web\n|-unboost|p1a: Vaporeon|spe|1\n|-terastallize|p2a: Xerneas|Fairy\n|move|p2a: Xerneas|Moonblast|p1a: Vaporeon\n|-damage|p1a: Vaporeon|0 fnt\n|faint|p1a: Vaporeon\n|\n|upkeep\n|\n|t:|1698995436\n|switch|p1a: Whimsicott|Whimsicott, F|99\/100 par\n|-activate|p1a: Whimsicott|move: Sticky Web\n|-unboost|p1a: Whimsicott|spe|1\n|turn|10\n|\n|t:|1698995442\n|move|p1a: Whimsicott|Stun Spore|p2a: Xerneas\n|-status|p2a: Xerneas|par\n|move|p2a: Xerneas|Moonblast|p1a: Whimsicott\n|-damage|p1a: Whimsicott|0 fnt\n|faint|p1a: Whimsicott\n|\n|upkeep\n|\n|t:|1698995457\n|switch|p1a: Landorus|Landorus-Therian, M|100\/100\n|-ability|p1a: Landorus|Intimidate|boost\n|-unboost|p2a: Xerneas|atk|1\n|turn|11\n|\n|t:|1698995463\n|move|p1a: Landorus|Stealth Rock|p2a: Xerneas\n|-sidestart|p2: Paradox-Apollyon|move: Stealth Rock\n|move|p2a: Xerneas|Moonblast|p1a: Landorus\n|-crit|p1a: Landorus\n|-damage|p1a: Landorus|0 fnt\n|faint|p1a: Landorus\n|\n|upkeep\n|\n|t:|1698995469\n|switch|p1a: Hatterene|Hatterene, F|100\/100\n|turn|12\n|\n|t:|1698995476\n|move|p2a: Xerneas|Moonblast|p1a: Hatterene\n|-damage|p1a: Hatterene|0 fnt\n|faint|p1a: Hatterene\n|\n|upkeep\n|\n|t:|1698995481\n|switch|p1a: Sinistcha|Sinistcha|75\/100 par\n|-activate|p1a: Sinistcha|move: Sticky Web\n|-unboost|p1a: Sinistcha|spe|1\n|turn|13\n|\n|t:|1698995485\n|move|p2a: Xerneas|Moonblast|p1a: Sinistcha\n|-damage|p1a: Sinistcha|0 fnt\n|faint|p1a: Sinistcha\n|\n|upkeep\n|\n|t:|1698995489\n|switch|p1a: Weavile|Weavile, M|100\/100\n|-activate|p1a: Weavile|move: Sticky Web\n|-unboost|p1a: Weavile|spe|1\n|turn|14\n|\n|t:|1698995494\n|move|p2a: Xerneas|Moonblast|p1a: Weavile\n|-supereffective|p1a: Weavile\n|-enditem|p1a: Weavile|Focus Sash\n|-damage|p1a: Weavile|1\/100\n|move|p1a: Weavile|Triple Axel|p2a: Xerneas\n|-damage|p2a: Xerneas|79\/100 par\n|-damage|p2a: Xerneas|63\/100 par\n|-damage|p2a: Xerneas|39\/100 par\n|-hitcount|p2a: Xerneas|3\n|\n|upkeep\n|turn|15\n|\n|t:|1698995506\n|move|p2a: Xerneas|Moonblast|p1a: Weavile\n|-supereffective|p1a: Weavile\n|-damage|p1a: Weavile|0 fnt\n|faint|p1a: Weavile\n|\n|win|Paradox-Apollyon\n|raw|ddchrw's rating: 1077 &rarr; <strong>1059<\/strong><br \/>(-18 for losing)\n|raw|Paradox-Apollyon's rating: 1138 &rarr; <strong>1159<\/strong><br \/>(+21 for winning)\n|l|\u2606ddchrw\n","uploadtime":1698995518,"views":9,"p1id":"ddchrw","p2id":"paradoxapollyon","formatid":"gen9nationaldexubers","rating":1059,"private":0,"password":""}