{"id":"gen9nationaldexubers-1987346439","p1":"Rhyfinn sr.","p2":"85792195wwww","format":"[Gen 9] National Dex Ubers","log":"|j|\u2606Rhyfinn sr.\n|j|\u260685792195wwww\n|t:|1699580106\n|gametype|singles\n|player|p1|Rhyfinn sr.|alder|1392\n|player|p2|85792195wwww|mira|1517\n|teamsize|p1|6\n|teamsize|p2|6\n|gen|9\n|tier|[Gen 9] National Dex Ubers\n|rated|\n|rule|HP Percentage Mod: HP is shown in percentages\n|rule|Endless Battle Clause: Forcing endless battles is banned\n|rule|OHKO Clause: OHKO moves are banned\n|rule|Evasion Moves Clause: Evasion moves are banned\n|rule|Evasion Items Clause: Evasion items are banned\n|rule|Species Clause: Limit one of each Pok\u00e9mon\n|rule|Sleep Clause Mod: Limit one foe put to sleep\n|rule|Mega Rayquaza Clause: You cannot mega evolve Rayquaza\n|clearpoke\n|poke|p1|Groudon|\n|poke|p1|Ho-Oh|\n|poke|p1|Xerneas-*|\n|poke|p1|Marshadow|\n|poke|p1|Necrozma-Dusk-Mane|\n|poke|p1|Alakazam, M|\n|poke|p2|Kyurem-Black|\n|poke|p2|Krookodile, F|\n|poke|p2|Gholdengo|\n|poke|p2|Groudon|\n|poke|p2|Arceus-Ground|\n|poke|p2|Ribombee, M|\n|teampreview\n|inactive|Battle timer is ON: inactive players will automatically lose when time's up. (requested by Rhyfinn sr.)\n|inactive|85792195wwww has 120 seconds left.\n|\n|t:|1699580140\n|start\n|switch|p1a: Alakazam|Alakazam, M|100\/100\n|switch|p2a: Ribombee|Ribombee, M|100\/100\n|turn|1\n|\n|t:|1699580151\n|detailschange|p1a: Alakazam|Alakazam-Mega, M\n|-mega|p1a: Alakazam|Alakazam|Alakazite\n|-ability|p1a: Alakazam|Shield Dust|[from] ability: Trace|[of] p2a: Ribombee\n|move|p1a: Alakazam|Taunt|p2a: Ribombee\n|-start|p2a: Ribombee|move: Taunt\n|cant|p2a: Ribombee|move: Taunt|Sticky Web\n|\n|upkeep\n|turn|2\n|\n|t:|1699580173\n|switch|p1a: Groudon|Groudon, shiny|100\/100\n|detailschange|p1a: Groudon|Groudon-Primal, shiny\n|-primal|p1a: Groudon|Red Orb\n|-weather|DesolateLand|[from] ability: Desolate Land|[of] p1a: Groudon\n|switch|p2a: Krookodile|Krookodile, F|100\/100\n|-ability|p2a: Krookodile|Intimidate|boost\n|-unboost|p1a: Groudon|atk|1\n|\n|-weather|DesolateLand|[upkeep]\n|upkeep\n|turn|3\n|inactive|85792195wwww has 120 seconds left.\n|\n|t:|1699580209\n|switch|p2a: Ribombee|Ribombee, M|100\/100\n|move|p1a: Groudon|Solar Beam||[still]\n|-prepare|p1a: Groudon|Solar Beam\n|-anim|p1a: Groudon|Solar Beam|p2a: Ribombee\n|-resisted|p2a: Ribombee\n|-damage|p2a: Ribombee|53\/100\n|\n|-weather|DesolateLand|[upkeep]\n|upkeep\n|turn|4\n|inactive|85792195wwww has 120 seconds left.\n|\n|t:|1699580218\n|-weather|none\n|switch|p1a: Ho-Oh|Ho-Oh, shiny|100\/100\n|move|p2a: Ribombee|Sticky Web|p1a: Ho-Oh\n|-sidestart|p1: Rhyfinn sr.|move: Sticky Web\n|\n|upkeep\n|turn|5\n|\n|t:|1699580229\n|move|p2a: Ribombee|Switcheroo|p1a: Ho-Oh\n|-activate|p2a: Ribombee|move: Trick|[of] p1a: Ho-Oh\n|-item|p1a: Ho-Oh|Focus Sash|[from] move: Switcheroo\n|-item|p2a: Ribombee|Heavy-Duty Boots|[from] move: Switcheroo\n|move|p1a: Ho-Oh|Sacred Fire|p2a: Ribombee\n|-supereffective|p2a: Ribombee\n|-damage|p2a: Ribombee|0 fnt\n|faint|p2a: Ribombee\n|\n|upkeep\n|\n|t:|1699580238\n|switch|p2a: Krookodile|Krookodile, F|100\/100\n|-ability|p2a: Krookodile|Intimidate|boost\n|-unboost|p1a: Ho-Oh|atk|1\n|turn|6\n|\n|t:|1699580252\n|switch|p1a: Groudon|Groudon-Primal, shiny|100\/100\n|-activate|p1a: Groudon|move: Sticky Web\n|-unboost|p1a: Groudon|spe|1\n|-weather|DesolateLand|[from] ability: Desolate Land|[of] p1a: Groudon\n|move|p2a: Krookodile|Taunt|p1a: Groudon\n|-start|p1a: Groudon|move: Taunt\n|\n|-weather|DesolateLand|[upkeep]\n|upkeep\n|turn|7\n|\n|t:|1699580262\n|move|p2a: Krookodile|Stealth Rock|p1a: Groudon\n|-sidestart|p1: Rhyfinn sr.|move: Stealth Rock\n|move|p1a: Groudon|Solar Beam||[still]\n|-prepare|p1a: Groudon|Solar Beam\n|-anim|p1a: Groudon|Solar Beam|p2a: Krookodile\n|-supereffective|p2a: Krookodile\n|-enditem|p2a: Krookodile|Focus Sash\n|-damage|p2a: Krookodile|1\/100\n|\n|-weather|DesolateLand|[upkeep]\n|upkeep\n|turn|8\n|\n|t:|1699580271\n|move|p2a: Krookodile|Bulldoze|p1a: Groudon\n|-supereffective|p1a: Groudon\n|-damage|p1a: Groudon|61\/100\n|-unboost|p1a: Groudon|spe|1\n|move|p1a: Groudon|Flamethrower|p2a: Krookodile\n|-damage|p2a: Krookodile|0 fnt\n|faint|p2a: Krookodile\n|\n|-weather|DesolateLand|[upkeep]\n|-end|p1a: Groudon|move: Taunt\n|upkeep\n|\n|t:|1699580283\n|switch|p2a: Groudon|Groudon|100\/100\n|detailschange|p2a: Groudon|Groudon-Primal\n|-primal|p2a: Groudon|Red Orb\n|turn|9\n|\n|t:|1699580288\n|switch|p1a: Ho-Oh|Ho-Oh, shiny|100\/100\n|-damage|p1a: Ho-Oh|51\/100|[from] Stealth Rock\n|move|p2a: Groudon|Eruption|p1a: Ho-Oh\n|-resisted|p1a: Ho-Oh\n|-damage|p1a: Ho-Oh|20\/100\n|\n|-weather|DesolateLand|[upkeep]\n|upkeep\n|turn|10\n|\n|t:|1699580297\n|move|p2a: Groudon|Eruption|p1a: Ho-Oh\n|-resisted|p1a: Ho-Oh\n|-damage|p1a: Ho-Oh|0 fnt\n|faint|p1a: Ho-Oh\n|\n|-weather|DesolateLand|[upkeep]\n|upkeep\n|\n|t:|1699580316\n|switch|p1a: Necrozma|Necrozma-Dusk-Mane, shiny|100\/100\n|-activate|p1a: Necrozma|move: Sticky Web\n|-unboost|p1a: Necrozma|spe|1\n|-damage|p1a: Necrozma|95\/100|[from] Stealth Rock\n|turn|11\n|\n|t:|1699580334\n|detailschange|p1a: Necrozma|Necrozma-Ultra, shiny\n|-burst|p1a: Necrozma|Necrozma|Ultranecrozium Z\n|move|p2a: Groudon|Eruption|p1a: Necrozma\n|-resisted|p1a: Necrozma\n|-damage|p1a: Necrozma|23\/100\n|move|p1a: Necrozma|Dragon Dance|p1a: Necrozma\n|-boost|p1a: Necrozma|atk|1\n|-boost|p1a: Necrozma|spe|1\n|\n|-weather|DesolateLand|[upkeep]\n|upkeep\n|turn|12\n|\n|t:|1699580347\n|-weather|none\n|switch|p2a: Gholdengo|Gholdengo|100\/100\n|-item|p2a: Gholdengo|Air Balloon\n|move|p1a: Necrozma|Earthquake|p2a: Gholdengo\n|-immune|p2a: Gholdengo\n|\n|upkeep\n|turn|13\n|\n|t:|1699580362\n|switch|p2a: Kyurem|Kyurem-Black|100\/100\n|-ability|p2a: Kyurem|Teravolt\n|-zpower|p1a: Necrozma\n|move|p1a: Necrozma|Light That Burns the Sky|p2a: Kyurem|[zeffect]\n|-damage|p2a: Kyurem|0 fnt\n|faint|p2a: Kyurem\n|\n|upkeep\n|\n|t:|1699580379\n|switch|p2a: Arceus|Arceus-Ground|100\/100\n|turn|14\n|\n|t:|1699580395\n|switch|p1a: Marshadow|Marshadow|100\/100\n|-activate|p1a: Marshadow|move: Sticky Web\n|-unboost|p1a: Marshadow|spe|1\n|-damage|p1a: Marshadow|94\/100|[from] Stealth Rock\n|move|p2a: Arceus|Earthquake|p1a: Marshadow\n|-damage|p1a: Marshadow|21\/100\n|\n|upkeep\n|turn|15\n|\n|t:|1699580416\n|move|p1a: Marshadow|Shadow Sneak|p2a: Arceus\n|-damage|p2a: Arceus|80\/100\n|move|p2a: Arceus|Earthquake|p1a: Marshadow\n|-damage|p1a: Marshadow|0 fnt\n|faint|p1a: Marshadow\n|\n|upkeep\n|\n|t:|1699580421\n|switch|p1a: Xerneas|Xerneas|100\/100\n|-activate|p1a: Xerneas|move: Sticky Web\n|-unboost|p1a: Xerneas|spe|1\n|-damage|p1a: Xerneas|88\/100|[from] Stealth Rock\n|-ability|p1a: Xerneas|Fairy Aura\n|turn|16\n|\n|t:|1699580430\n|move|p2a: Arceus|Taunt|p1a: Xerneas\n|-start|p1a: Xerneas|move: Taunt\n|cant|p1a: Xerneas|move: Taunt|Geomancy\n|\n|upkeep\n|turn|17\n|\n|t:|1699580436\n|switch|p1a: Groudon|Groudon-Primal, shiny|61\/100\n|-activate|p1a: Groudon|move: Sticky Web\n|-unboost|p1a: Groudon|spe|1\n|-damage|p1a: Groudon|49\/100|[from] Stealth Rock\n|-weather|DesolateLand|[from] ability: Desolate Land|[of] p1a: Groudon\n|move|p2a: Arceus|Swords Dance|p2a: Arceus\n|-boost|p2a: Arceus|atk|2\n|\n|-weather|DesolateLand|[upkeep]\n|upkeep\n|turn|18\n|-message|Rhyfinn sr. forfeited.\n|\n|win|85792195wwww\n|raw|Rhyfinn sr.'s rating: 1392 &rarr; <strong>1377<\/strong><br \/>(-15 for losing)\n|raw|85792195wwww's rating: 1487 &rarr; <strong>1502<\/strong><br \/>(+15 for winning)\n|l|\u2606Rhyfinn sr.\n","uploadtime":1699580449,"views":5,"p1id":"rhyfinnsr","p2id":"85792195wwww","formatid":"gen9nationaldexubers","rating":1377,"private":0,"password":""}