{"id":"gen9nationaldexubers-1981177649","p1":"Techvast","p2":"Aleix565","format":"[Gen 9] National Dex Ubers","log":"|j|\u2606Techvast\n|j|\u2606Aleix565\n|t:|1698869946\n|gametype|singles\n|player|p1|Techvast|169|1318\n|player|p2|Aleix565|colress|1448\n|teamsize|p1|6\n|teamsize|p2|6\n|gen|9\n|tier|[Gen 9] National Dex Ubers\n|rated|\n|rule|HP Percentage Mod: HP is shown in percentages\n|rule|Endless Battle Clause: Forcing endless battles is banned\n|rule|OHKO Clause: OHKO moves are banned\n|rule|Evasion Moves Clause: Evasion moves are banned\n|rule|Evasion Items Clause: Evasion items are banned\n|rule|Species Clause: Limit one of each Pok\u00e9mon\n|rule|Sleep Clause Mod: Limit one foe put to sleep\n|rule|Mega Rayquaza Clause: You cannot mega evolve Rayquaza\n|clearpoke\n|poke|p1|Volcarona, M|\n|poke|p1|Ferrothorn, M|\n|poke|p1|Sableye, F|\n|poke|p1|Rotom-Wash|\n|poke|p1|Dragapult, M|\n|poke|p1|Toxapex, M|\n|poke|p2|Chien-Pao|\n|poke|p2|Blastoise, M|\n|poke|p2|Kyogre|\n|poke|p2|Melmetal|\n|poke|p2|Zygarde|\n|poke|p2|Xerneas-*|\n|teampreview\n|\n|t:|1698869958\n|start\n|switch|p1a: Dragapult|Dragapult, M|100\/100\n|switch|p2a: Chien-Pao|Chien-Pao|100\/100\n|-ability|p2a: Chien-Pao|Sword of Ruin\n|turn|1\n|\n|t:|1698869996\n|move|p1a: Dragapult|Draco Meteor|p2a: Chien-Pao\n|-crit|p2a: Chien-Pao\n|-damage|p2a: Chien-Pao|0 fnt\n|-unboost|p1a: Dragapult|spa|2\n|faint|p2a: Chien-Pao\n|\n|upkeep\n|\n|t:|1698870005\n|switch|p2a: Blastoise|Blastoise, M|100\/100\n|turn|2\n|\n|t:|1698870012\n|switch|p1a: Ferrothorn|Ferrothorn, M|100\/100\n|detailschange|p2a: Blastoise|Blastoise-Mega, M\n|-mega|p2a: Blastoise|Blastoise|Blastoisinite\n|move|p2a: Blastoise|Dragon Pulse|p1a: Ferrothorn\n|-resisted|p1a: Ferrothorn\n|-damage|p1a: Ferrothorn|81\/100\n|\n|-heal|p1a: Ferrothorn|87\/100|[from] item: Leftovers\n|upkeep\n|turn|3\n|\n|t:|1698870038\n|move|p2a: Blastoise|Aura Sphere|p1a: Ferrothorn\n|-supereffective|p1a: Ferrothorn\n|-damage|p1a: Ferrothorn|11\/100\n|move|p1a: Ferrothorn|Leech Seed|p2a: Blastoise\n|-start|p2a: Blastoise|move: Leech Seed\n|\n|-heal|p1a: Ferrothorn|17\/100|[from] item: Leftovers\n|-damage|p2a: Blastoise|88\/100|[from] Leech Seed|[of] p1a: Ferrothorn\n|-heal|p1a: Ferrothorn|30\/100|[silent]\n|upkeep\n|turn|4\n|\n|t:|1698870043\n|move|p1a: Ferrothorn|Protect|p1a: Ferrothorn\n|-singleturn|p1a: Ferrothorn|Protect\n|move|p2a: Blastoise|Aura Sphere|p1a: Ferrothorn\n|-activate|p1a: Ferrothorn|move: Protect\n|\n|-heal|p1a: Ferrothorn|36\/100|[from] item: Leftovers\n|-damage|p2a: Blastoise|76\/100|[from] Leech Seed|[of] p1a: Ferrothorn\n|-heal|p1a: Ferrothorn|49\/100|[silent]\n|upkeep\n|turn|5\n|\n|t:|1698870048\n|switch|p1a: Sableye|Sableye, F|100\/100\n|move|p2a: Blastoise|Aura Sphere|p1a: Sableye\n|-immune|p1a: Sableye\n|\n|-damage|p2a: Blastoise|63\/100|[from] Leech Seed|[of] p1a: Sableye\n|upkeep\n|turn|6\n|\n|t:|1698870059\n|switch|p2a: Kyogre|Kyogre, shiny|100\/100\n|detailschange|p2a: Kyogre|Kyogre-Primal, shiny\n|-primal|p2a: Kyogre|Blue Orb\n|-weather|PrimordialSea|[from] ability: Primordial Sea|[of] p2a: Kyogre\n|detailschange|p1a: Sableye|Sableye-Mega, F\n|-mega|p1a: Sableye|Sableye|Sablenite\n|move|p1a: Sableye|Protect||[still]\n|-fail|p1a: Sableye\n|\n|-weather|PrimordialSea|[upkeep]\n|upkeep\n|turn|7\n|\n|t:|1698870085\n|switch|p1a: Toxapex|Toxapex, M|100\/100\n|move|p2a: Kyogre|Water Spout|p1a: Toxapex\n|-resisted|p1a: Toxapex\n|-damage|p1a: Toxapex|38\/100\n|\n|-weather|PrimordialSea|[upkeep]\n|-heal|p1a: Toxapex|44\/100|[from] item: Leftovers\n|upkeep\n|turn|8\n|\n|t:|1698870098\n|move|p2a: Kyogre|Thunder|p1a: Toxapex\n|-supereffective|p1a: Toxapex\n|-damage|p1a: Toxapex|0 fnt\n|faint|p1a: Toxapex\n|\n|-weather|PrimordialSea|[upkeep]\n|upkeep\n|\n|t:|1698870105\n|switch|p1a: Dragapult|Dragapult, M|100\/100\n|turn|9\n|\n|t:|1698870119\n|move|p1a: Dragapult|Draco Meteor|p2a: Kyogre\n|-damage|p2a: Kyogre|48\/100\n|-unboost|p1a: Dragapult|spa|2\n|move|p2a: Kyogre|Ice Beam|p1a: Dragapult\n|-supereffective|p1a: Dragapult\n|-damage|p1a: Dragapult|0 fnt\n|faint|p1a: Dragapult\n|\n|-weather|PrimordialSea|[upkeep]\n|upkeep\n|\n|t:|1698870128\n|switch|p1a: Ferrothorn|Ferrothorn, M|49\/100\n|turn|10\n|\n|t:|1698870138\n|move|p2a: Kyogre|Ice Beam|p1a: Ferrothorn\n|-damage|p1a: Ferrothorn|16\/100\n|move|p1a: Ferrothorn|Leech Seed|p2a: Kyogre\n|-start|p2a: Kyogre|move: Leech Seed\n|\n|-weather|PrimordialSea|[upkeep]\n|-heal|p1a: Ferrothorn|22\/100|[from] item: Leftovers\n|-damage|p2a: Kyogre|35\/100|[from] Leech Seed|[of] p1a: Ferrothorn\n|-heal|p1a: Ferrothorn|34\/100|[silent]\n|upkeep\n|turn|11\n|\n|t:|1698870147\n|-weather|none\n|switch|p2a: Melmetal|Melmetal|100\/100\n|move|p1a: Ferrothorn|Protect||[still]\n|-fail|p1a: Ferrothorn\n|\n|-heal|p1a: Ferrothorn|40\/100|[from] item: Leftovers\n|upkeep\n|turn|12\n|\n|t:|1698870158\n|switch|p1a: Volcarona|Volcarona, M|100\/100\n|move|p2a: Melmetal|Body Press|p1a: Volcarona\n|-resisted|p1a: Volcarona\n|-damage|p1a: Volcarona|86\/100\n|\n|upkeep\n|turn|13\n|\n|t:|1698870167\n|switch|p2a: Kyogre|Kyogre-Primal, shiny|35\/100\n|-weather|PrimordialSea|[from] ability: Primordial Sea|[of] p2a: Kyogre\n|move|p1a: Volcarona|Quiver Dance|p1a: Volcarona\n|-boost|p1a: Volcarona|spa|1\n|-boost|p1a: Volcarona|spd|1\n|-boost|p1a: Volcarona|spe|1\n|\n|-weather|PrimordialSea|[upkeep]\n|upkeep\n|turn|14\n|\n|t:|1698870177\n|-terastallize|p1a: Volcarona|Fairy\n|move|p1a: Volcarona|Tera Blast|p2a: Kyogre|[anim] Tera Blast Fairy\n|-damage|p2a: Kyogre|0 fnt\n|faint|p2a: Kyogre\n|-weather|none\n|\n|upkeep\n|\n|t:|1698870187\n|switch|p2a: Melmetal|Melmetal|100\/100\n|turn|15\n|\n|t:|1698870190\n|move|p1a: Volcarona|Flamethrower|p2a: Melmetal\n|-supereffective|p2a: Melmetal\n|-damage|p2a: Melmetal|0 fnt\n|faint|p2a: Melmetal\n|\n|upkeep\n|\n|t:|1698870195\n|switch|p2a: Blastoise|Blastoise-Mega, M|63\/100\n|turn|16\n|\n|t:|1698870205\n|move|p1a: Volcarona|Tera Blast|p2a: Blastoise|[anim] Tera Blast Fairy\n|-damage|p2a: Blastoise|18\/100\n|move|p2a: Blastoise|Water Pulse|p1a: Volcarona\n|-damage|p1a: Volcarona|53\/100\n|\n|upkeep\n|turn|17\n|\n|t:|1698870210\n|move|p1a: Volcarona|Tera Blast|p2a: Blastoise|[anim] Tera Blast Fairy\n|-crit|p2a: Blastoise\n|-damage|p2a: Blastoise|0 fnt\n|faint|p2a: Blastoise\n|\n|upkeep\n|\n|t:|1698870214\n|switch|p2a: Zygarde|Zygarde, shiny|100\/100\n|turn|18\n|\n|t:|1698870220\n|move|p1a: Volcarona|Tera Blast|p2a: Zygarde|[anim] Tera Blast Fairy\n|-supereffective|p2a: Zygarde\n|-damage|p2a: Zygarde|0 fnt\n|faint|p2a: Zygarde\n|\n|upkeep\n|\n|t:|1698870223\n|switch|p2a: Xerneas|Xerneas, shiny|100\/100\n|-ability|p2a: Xerneas|Fairy Aura\n|turn|19\n|\n|t:|1698870241\n|move|p1a: Volcarona|Tera Blast|p2a: Xerneas|[anim] Tera Blast Fairy\n|-damage|p2a: Xerneas|34\/100\n|move|p2a: Xerneas|Flash Cannon|p1a: Volcarona\n|-supereffective|p1a: Volcarona\n|-damage|p1a: Volcarona|0 fnt\n|faint|p1a: Volcarona\n|\n|upkeep\n|-message|Aleix565 forfeited.\n|\n|win|Techvast\n|raw|Techvast's rating: 1318 &rarr; <strong>1345<\/strong><br \/>(+27 for winning)\n|raw|Aleix565's rating: 1448 &rarr; <strong>1421<\/strong><br \/>(-27 for losing)\n|l|\u2606Aleix565\n","uploadtime":1698870252,"views":7,"p1id":"techvast","p2id":"aleix565","formatid":"gen9nationaldexubers","rating":1345,"private":0,"password":""}