{"id":"gen9nationaldexubers-1996572707","p1":"Szymszym134","p2":"85792195wwww","format":"[Gen 9] National Dex Ubers","log":"|j|\u2606Szymszym134\n|j|\u260685792195wwww\n|t:|1700695787\n|gametype|singles\n|player|p1|Szymszym134|elesa|1705\n|player|p2|85792195wwww|mira|1728\n|teamsize|p1|6\n|teamsize|p2|6\n|gen|9\n|tier|[Gen 9] National Dex Ubers\n|rated|\n|rule|HP Percentage Mod: HP is shown in percentages\n|rule|Endless Battle Clause: Forcing endless battles is banned\n|rule|OHKO Clause: OHKO moves are banned\n|rule|Evasion Moves Clause: Evasion moves are banned\n|rule|Evasion Items Clause: Evasion items are banned\n|rule|Species Clause: Limit one of each Pok\u00e9mon\n|rule|Sleep Clause Mod: Limit one foe put to sleep\n|rule|Mega Rayquaza Clause: You cannot mega evolve Rayquaza\n|clearpoke\n|poke|p1|Magearna|\n|poke|p1|Arceus-Dark|\n|poke|p1|Ho-Oh|\n|poke|p1|Ditto|\n|poke|p1|Garganacl, M|\n|poke|p1|Zygarde|\n|poke|p2|Arceus|\n|poke|p2|Zacian-*|\n|poke|p2|Xerneas-*|\n|poke|p2|Kyurem-Black|\n|poke|p2|Groudon|\n|poke|p2|Deoxys-Speed|\n|teampreview\n|inactive|Battle timer is ON: inactive players will automatically lose when time's up. (requested by Szymszym134)\n|\n|t:|1700695797\n|start\n|switch|p1a: Arceus|Arceus-Dark|100\/100\n|switch|p2a: Deoxys|Deoxys-Speed|100\/100\n|-ability|p2a: Deoxys|Pressure\n|turn|1\n|\n|t:|1700695805\n|move|p2a: Deoxys|Stealth Rock|p1a: Arceus\n|-sidestart|p1: Szymszym134|move: Stealth Rock\n|move|p1a: Arceus|Foul Play|p2a: Deoxys\n|-supereffective|p2a: Deoxys\n|-damage|p2a: Deoxys|46\/100\n|-damage|p1a: Arceus|84\/100|[from] item: Rocky Helmet|[of] p2a: Deoxys\n|\n|upkeep\n|turn|2\n|\n|t:|1700695812\n|move|p2a: Deoxys|Thunder Wave|p1a: Arceus\n|-status|p1a: Arceus|par\n|move|p1a: Arceus|Foul Play|p2a: Deoxys\n|-supereffective|p2a: Deoxys\n|-damage|p2a: Deoxys|0 fnt\n|-damage|p1a: Arceus|67\/100 par|[from] item: Rocky Helmet|[of] p2a: Deoxys\n|faint|p2a: Deoxys\n|\n|upkeep\n|\n|t:|1700695833\n|switch|p2a: Zacian|Zacian-Crowned|100\/100\n|-ability|p2a: Zacian|Intrepid Sword|boost\n|-boost|p2a: Zacian|atk|1\n|turn|3\n|\n|t:|1700695838\n|switch|p1a: Ho-Oh|Ho-Oh|100\/100\n|move|p2a: Zacian|Behemoth Blade|p1a: Ho-Oh\n|-resisted|p1a: Ho-Oh\n|-damage|p1a: Ho-Oh|72\/100\n|\n|upkeep\n|turn|4\n|\n|t:|1700695846\n|move|p2a: Zacian|Wild Charge|p1a: Ho-Oh\n|-supereffective|p1a: Ho-Oh\n|-damage|p1a: Ho-Oh|4\/100\n|-damage|p2a: Zacian|79\/100|[from] Recoil\n|move|p1a: Ho-Oh|Sacred Fire|p2a: Zacian\n|-supereffective|p2a: Zacian\n|-damage|p2a: Zacian|4\/100\n|\n|upkeep\n|turn|5\n|\n|t:|1700695856\n|switch|p1a: Arceus|Arceus-Dark|67\/100 par\n|-damage|p1a: Arceus|55\/100 par|[from] Stealth Rock\n|move|p2a: Zacian|Behemoth Blade|p1a: Arceus\n|-damage|p1a: Arceus|0 fnt\n|faint|p1a: Arceus\n|\n|upkeep\n|\n|t:|1700695859\n|switch|p1a: Ditto|Ditto|100\/100\n|-damage|p1a: Ditto|88\/100|[from] Stealth Rock\n|-transform|p1a: Ditto|p2a: Zacian|[from] ability: Imposter\n|-ability|p1a: Ditto|Intrepid Sword|boost\n|-boost|p1a: Ditto|atk|1\n|turn|6\n|\n|t:|1700695871\n|move|p1a: Ditto|Behemoth Blade|p2a: Zacian\n|-damage|p2a: Zacian|0 fnt\n|faint|p2a: Zacian\n|\n|upkeep\n|\n|t:|1700695877\n|switch|p2a: Groudon|Groudon|100\/100\n|detailschange|p2a: Groudon|Groudon-Primal\n|-primal|p2a: Groudon|Red Orb\n|-weather|DesolateLand|[from] ability: Desolate Land|[of] p2a: Groudon\n|turn|7\n|\n|t:|1700695885\n|switch|p1a: Zygarde|Zygarde|100\/100\n|-damage|p1a: Zygarde|94\/100|[from] Stealth Rock\n|move|p2a: Groudon|Earthquake|p1a: Zygarde\n|-damage|p1a: Zygarde|47\/100\n|\n|-weather|DesolateLand|[upkeep]\n|-heal|p1a: Zygarde|53\/100|[from] item: Leftovers\n|upkeep\n|turn|8\n|\n|t:|1700695899\n|-weather|none\n|switch|p2a: Arceus|Arceus|100\/100\n|move|p1a: Zygarde|Coil|p1a: Zygarde\n|-boost|p1a: Zygarde|atk|1\n|-boost|p1a: Zygarde|def|1\n|-boost|p1a: Zygarde|accuracy|1\n|\n|-heal|p1a: Zygarde|60\/100|[from] item: Leftovers\n|upkeep\n|turn|9\n|\n|t:|1700695909\n|move|p2a: Arceus|Taunt|p1a: Zygarde\n|-start|p1a: Zygarde|move: Taunt\n|cant|p1a: Zygarde|move: Taunt|Coil\n|\n|-heal|p1a: Zygarde|66\/100|[from] item: Leftovers\n|upkeep\n|turn|10\n|\n|t:|1700695917\n|switch|p2a: Kyurem|Kyurem-Black|100\/100\n|-ability|p2a: Kyurem|Teravolt\n|move|p1a: Zygarde|Thousand Arrows|p2a: Kyurem\n|-damage|p2a: Kyurem|60\/100\n|\n|-heal|p1a: Zygarde|72\/100|[from] item: Leftovers\n|upkeep\n|turn|11\n|\n|t:|1700695927\n|-terastallize|p1a: Zygarde|Normal\n|move|p1a: Zygarde|Extreme Speed|p2a: Kyurem\n|-damage|p2a: Kyurem|27\/100\n|move|p2a: Kyurem|Icicle Spear|p1a: Zygarde\n|-damage|p1a: Zygarde|64\/100\n|-damage|p1a: Zygarde|57\/100\n|-damage|p1a: Zygarde|49\/100\n|-damage|p1a: Zygarde|41\/100\n|-hitcount|p1a: Zygarde|4\n|\n|-heal|p1a: Zygarde|48\/100|[from] item: Leftovers\n|-end|p1a: Zygarde|move: Taunt\n|-activate|p1a: Zygarde|ability: Power Construct\n|detailschange|p1a: Zygarde|Zygarde-Complete, tera:Normal\n|-heal|p1a: Zygarde|66\/100|[silent]\n|upkeep\n|turn|12\n|\n|t:|1700695945\n|move|p2a: Kyurem|Icicle Spear|p1a: Zygarde\n|-damage|p1a: Zygarde|61\/100\n|-crit|p1a: Zygarde\n|-damage|p1a: Zygarde|50\/100\n|-damage|p1a: Zygarde|45\/100\n|-damage|p1a: Zygarde|40\/100\n|-hitcount|p1a: Zygarde|4\n|move|p1a: Zygarde|Coil|p1a: Zygarde\n|-boost|p1a: Zygarde|atk|1\n|-boost|p1a: Zygarde|def|1\n|-boost|p1a: Zygarde|accuracy|1\n|\n|-heal|p1a: Zygarde|46\/100|[from] item: Leftovers\n|upkeep\n|turn|13\n|\n|t:|1700695958\n|move|p2a: Kyurem|Icicle Spear|p1a: Zygarde\n|-damage|p1a: Zygarde|42\/100\n|-damage|p1a: Zygarde|39\/100\n|-damage|p1a: Zygarde|35\/100\n|-damage|p1a: Zygarde|31\/100\n|-hitcount|p1a: Zygarde|4\n|move|p1a: Zygarde|Coil|p1a: Zygarde\n|-boost|p1a: Zygarde|atk|1\n|-boost|p1a: Zygarde|def|1\n|-boost|p1a: Zygarde|accuracy|1\n|\n|-heal|p1a: Zygarde|37\/100|[from] item: Leftovers\n|upkeep\n|turn|14\n|\n|t:|1700695971\n|switch|p2a: Xerneas|Xerneas|100\/100\n|-ability|p2a: Xerneas|Fairy Aura\n|move|p1a: Zygarde|Extreme Speed|p2a: Xerneas\n|-damage|p2a: Xerneas|49\/100\n|\n|-heal|p1a: Zygarde|43\/100|[from] item: Leftovers\n|upkeep\n|turn|15\n|\n|t:|1700695987\n|move|p1a: Zygarde|Extreme Speed|p2a: Xerneas\n|-damage|p2a: Xerneas|4\/100\n|move|p2a: Xerneas|Moonblast|p1a: Zygarde\n|-crit|p1a: Zygarde\n|-damage|p1a: Zygarde|0 fnt\n|faint|p1a: Zygarde\n|\n|upkeep\n|\n|t:|1700695993\n|switch|p1a: Ditto|Ditto|88\/100\n|-damage|p1a: Ditto|76\/100|[from] Stealth Rock\n|-transform|p1a: Ditto|p2a: Xerneas|[from] ability: Imposter\n|-ability|p1a: Ditto|Fairy Aura\n|turn|16\n|\n|t:|1700696005\n|switch|p2a: Kyurem|Kyurem-Black|27\/100\n|-ability|p2a: Kyurem|Teravolt\n|move|p1a: Ditto|Hidden Power|p2a: Kyurem\n|-damage|p2a: Kyurem|5\/100\n|\n|upkeep\n|turn|17\n|\n|t:|1700696017\n|move|p1a: Ditto|Hidden Power|p2a: Kyurem\n|-damage|p2a: Kyurem|0 fnt\n|faint|p2a: Kyurem\n|\n|upkeep\n|\n|t:|1700696023\n|switch|p2a: Groudon|Groudon-Primal|100\/100\n|-weather|DesolateLand|[from] ability: Desolate Land|[of] p2a: Groudon\n|turn|18\n|\n|t:|1700696028\n|switch|p1a: Ho-Oh|Ho-Oh|38\/100\n|move|p2a: Groudon|Heat Crash|p1a: Ho-Oh\n|-resisted|p1a: Ho-Oh\n|-damage|p1a: Ho-Oh|0 fnt\n|faint|p1a: Ho-Oh\n|\n|-weather|DesolateLand|[upkeep]\n|upkeep\n|\n|t:|1700696035\n|switch|p1a: Ditto|Ditto|76\/100\n|-damage|p1a: Ditto|63\/100|[from] Stealth Rock\n|-transform|p1a: Ditto|p2a: Groudon|[from] ability: Imposter\n|turn|19\n|\n|t:|1700696042\n|switch|p2a: Xerneas|Xerneas|4\/100\n|-ability|p2a: Xerneas|Fairy Aura\n|move|p1a: Ditto|Earthquake|p2a: Xerneas\n|-damage|p2a: Xerneas|0 fnt\n|faint|p2a: Xerneas\n|\n|-weather|DesolateLand|[upkeep]\n|upkeep\n|\n|t:|1700696051\n|switch|p2a: Arceus|Arceus|100\/100\n|turn|20\n|\n|t:|1700696054\n|-weather|none\n|switch|p1a: Garganacl|Garganacl, M|100\/100\n|-damage|p1a: Garganacl|88\/100|[from] Stealth Rock\n|move|p2a: Arceus|Earthquake|p1a: Garganacl\n|-supereffective|p1a: Garganacl\n|-damage|p1a: Garganacl|37\/100\n|-damage|p2a: Arceus|91\/100|[from] item: Life Orb\n|\n|-heal|p1a: Garganacl|44\/100|[from] item: Leftovers\n|upkeep\n|turn|21\n|\n|t:|1700696067\n|switch|p2a: Groudon|Groudon-Primal|100\/100\n|-weather|DesolateLand|[from] ability: Desolate Land|[of] p2a: Groudon\n|move|p1a: Garganacl|Salt Cure|p2a: Groudon\n|-damage|p2a: Groudon|93\/100\n|-start|p2a: Groudon|Salt Cure\n|\n|-weather|DesolateLand|[upkeep]\n|-heal|p1a: Garganacl|50\/100|[from] item: Leftovers\n|-damage|p2a: Groudon|80\/100|[from] Salt Cure\n|upkeep\n|turn|22\n|\n|t:|1700696079\n|move|p1a: Garganacl|Protect|p1a: Garganacl\n|-singleturn|p1a: Garganacl|Protect\n|move|p2a: Groudon|Earthquake|p1a: Garganacl\n|-activate|p1a: Garganacl|move: Protect\n|\n|-weather|DesolateLand|[upkeep]\n|-heal|p1a: Garganacl|56\/100|[from] item: Leftovers\n|-damage|p2a: Groudon|68\/100|[from] Salt Cure\n|upkeep\n|turn|23\n|\n|t:|1700696088\n|switch|p1a: Magearna|Magearna|100\/100\n|-damage|p1a: Magearna|94\/100|[from] Stealth Rock\n|move|p2a: Groudon|Earthquake|p1a: Magearna\n|-supereffective|p1a: Magearna\n|-damage|p1a: Magearna|0 fnt\n|faint|p1a: Magearna\n|\n|-weather|DesolateLand|[upkeep]\n|-damage|p2a: Groudon|55\/100|[from] Salt Cure\n|upkeep\n|\n|t:|1700696098\n|switch|p1a: Ditto|Ditto|63\/100\n|-damage|p1a: Ditto|51\/100|[from] Stealth Rock\n|-transform|p1a: Ditto|p2a: Groudon|[from] ability: Imposter\n|turn|24\n|\n|t:|1700696105\n|move|p1a: Ditto|Earthquake|p2a: Groudon\n|-supereffective|p2a: Groudon\n|-damage|p2a: Groudon|0 fnt\n|faint|p2a: Groudon\n|\n|-weather|DesolateLand|[upkeep]\n|upkeep\n|\n|t:|1700696110\n|switch|p2a: Arceus|Arceus|91\/100\n|turn|25\n|\n|t:|1700696120\n|move|p1a: Ditto|Earthquake|p2a: Arceus\n|-damage|p2a: Arceus|38\/100\n|move|p2a: Arceus|Earthquake|p1a: Ditto\n|-supereffective|p1a: Ditto\n|-damage|p1a: Ditto|0 fnt\n|faint|p1a: Ditto\n|-weather|none\n|-damage|p2a: Arceus|28\/100|[from] item: Life Orb\n|\n|upkeep\n|\n|t:|1700696123\n|switch|p1a: Garganacl|Garganacl, M|56\/100\n|-damage|p1a: Garganacl|44\/100|[from] Stealth Rock\n|turn|26\n|\n|t:|1700696134\n|move|p2a: Arceus|Earthquake|p1a: Garganacl\n|-supereffective|p1a: Garganacl\n|-damage|p1a: Garganacl|0 fnt\n|faint|p1a: Garganacl\n|-damage|p2a: Arceus|18\/100|[from] item: Life Orb\n|\n|win|85792195wwww\n|raw|Szymszym134's rating: 1705 &rarr; <strong>1686<\/strong><br \/>(-19 for losing)\n|raw|85792195wwww's rating: 1728 &rarr; <strong>1747<\/strong><br \/>(+19 for winning)\n|l|\u2606Szymszym134\n","uploadtime":1700696142,"views":5,"p1id":"szymszym134","p2id":"85792195wwww","formatid":"gen9nationaldexubers","rating":1686,"private":0,"password":""}