{"id":"gen9nationaldexubers-1997042248","p1":"AlastorTheOverlord","p2":"elpepealvarado","format":"[Gen 9] National Dex Ubers","log":"|j|\u2606AlastorTheOverlord\n|j|\u2606elpepealvarado\n|t:|1700758674\n|gametype|singles\n|player|p1|AlastorTheOverlord|n|\n|player|p2|elpepealvarado|ghetsis|\n|teamsize|p1|6\n|teamsize|p2|6\n|gen|9\n|tier|[Gen 9] National Dex Ubers\n|rule|HP Percentage Mod: HP is shown in percentages\n|rule|Endless Battle Clause: Forcing endless battles is banned\n|rule|OHKO Clause: OHKO moves are banned\n|rule|Evasion Moves Clause: Evasion moves are banned\n|rule|Evasion Items Clause: Evasion items are banned\n|rule|Species Clause: Limit one of each Pok\u00e9mon\n|rule|Sleep Clause Mod: Limit one foe put to sleep\n|rule|Mega Rayquaza Clause: You cannot mega evolve Rayquaza\n|clearpoke\n|poke|p1|Blastoise, M|\n|poke|p1|Nidoking, M|\n|poke|p1|Snorlax, M|\n|poke|p1|Scizor, M|\n|poke|p1|Venusaur, M|\n|poke|p1|Dragonite, M|\n|poke|p2|Charizard, M|\n|poke|p2|Garganacl, M|\n|poke|p2|Rillaboom, M|\n|poke|p2|Toxapex, F|\n|poke|p2|Dragonite, M|\n|poke|p2|Iron Valiant|\n|teampreview\n|inactive|Battle timer is ON: inactive players will automatically lose when time's up. (requested by AlastorTheOverlord)\n|\n|t:|1700758687\n|start\n|switch|p1a: Baragon|Nidoking, M|100\/100\n|switch|p2a: Garganacl|Garganacl, M|100\/100\n|turn|1\n|j| RedFRLG2004\n|\n|t:|1700758696\n|move|p1a: Baragon|Earth Power|p2a: Garganacl\n|-supereffective|p2a: Garganacl\n|-damage|p2a: Garganacl|0 fnt\n|faint|p2a: Garganacl\n|\n|upkeep\n|\n|t:|1700758703\n|switch|p2a: Charizard|Charizard, M|100\/100\n|turn|2\n|\n|t:|1700758710\n|detailschange|p2a: Charizard|Charizard-Mega-Y, M\n|-mega|p2a: Charizard|Charizard|Charizardite Y\n|-weather|SunnyDay|[from] ability: Drought|[of] p2a: Charizard\n|move|p2a: Charizard|Scorching Sands|p1a: Baragon\n|-supereffective|p1a: Baragon\n|-damage|p1a: Baragon|17\/100\n|move|p1a: Baragon|Sludge Wave|p2a: Charizard\n|-crit|p2a: Charizard\n|-damage|p2a: Charizard|0 fnt\n|faint|p2a: Charizard\n|\n|-weather|SunnyDay|[upkeep]\n|upkeep\n|\n|t:|1700758723\n|switch|p2a: Dragonite|Dragonite, M|100\/100\n|turn|3\n|\n|t:|1700758729\n|move|p1a: Baragon|Ice Beam|p2a: Dragonite\n|-supereffective|p2a: Dragonite\n|-damage|p2a: Dragonite|28\/100\n|move|p2a: Dragonite|Dragon Dance|p2a: Dragonite\n|-boost|p2a: Dragonite|atk|1\n|-boost|p2a: Dragonite|spe|1\n|\n|-weather|SunnyDay|[upkeep]\n|upkeep\n|turn|4\n|\n|t:|1700758738\n|-terastallize|p2a: Dragonite|Normal\n|move|p2a: Dragonite|Extreme Speed|p1a: Baragon\n|-damage|p1a: Baragon|0 fnt\n|faint|p1a: Baragon\n|\n|-weather|SunnyDay|[upkeep]\n|upkeep\n|\n|t:|1700758749\n|switch|p1a: William Afton|Scizor, M|100\/100\n|turn|5\n|\n|t:|1700758754\n|switch|p2a: Toxapex|Toxapex, F|100\/100\n|move|p1a: William Afton|Swords Dance|p1a: William Afton\n|-boost|p1a: William Afton|atk|2\n|\n|-weather|SunnyDay|[upkeep]\n|upkeep\n|turn|6\n|\n|t:|1700758760\n|switch|p2a: Rillaboom|Rillaboom, M|100\/100\n|move|p1a: William Afton|Swords Dance|p1a: William Afton\n|-boost|p1a: William Afton|atk|2\n|\n|-weather|none\n|upkeep\n|turn|7\n|\n|t:|1700758772\n|switch|p2a: Iron Valiant|Iron Valiant|100\/100\n|-enditem|p2a: Iron Valiant|Booster Energy\n|-activate|p2a: Iron Valiant|ability: Quark Drive|[fromitem]\n|-start|p2a: Iron Valiant|quarkdrivespe\n|move|p1a: William Afton|Lunge|p2a: Iron Valiant\n|-resisted|p2a: Iron Valiant\n|-damage|p2a: Iron Valiant|56\/100\n|-unboost|p2a: Iron Valiant|atk|1\n|\n|upkeep\n|turn|8\n|\n|t:|1700758779\n|move|p1a: William Afton|Bullet Punch|p2a: Iron Valiant\n|-supereffective|p2a: Iron Valiant\n|-damage|p2a: Iron Valiant|0 fnt\n|faint|p2a: Iron Valiant\n|-end|p2a: Iron Valiant|Quark Drive|[silent]\n|\n|upkeep\n|\n|t:|1700758783\n|switch|p2a: Dragonite|Dragonite, M, tera:Normal|28\/100\n|turn|9\n|\n|t:|1700758794\n|move|p2a: Dragonite|Extreme Speed|p1a: William Afton\n|-resisted|p1a: William Afton\n|-damage|p1a: William Afton|77\/100\n|move|p1a: William Afton|Bullet Punch|p2a: Dragonite\n|-damage|p2a: Dragonite|0 fnt\n|faint|p2a: Dragonite\n|\n|upkeep\n|\n|t:|1700758804\n|switch|p2a: Toxapex|Toxapex, F|100\/100\n|turn|10\n|\n|t:|1700758809\n|move|p1a: William Afton|Bullet Punch|p2a: Toxapex\n|-resisted|p2a: Toxapex\n|-damage|p2a: Toxapex|63\/100\n|move|p2a: Toxapex|Scald|p1a: William Afton\n|-damage|p1a: William Afton|57\/100\n|-status|p1a: William Afton|brn\n|\n|-heal|p2a: Toxapex|70\/100|[from] item: Leftovers\n|-damage|p1a: William Afton|51\/100 brn|[from] brn\n|upkeep\n|turn|11\n|\n|t:|1700758819\n|move|p1a: William Afton|Swords Dance|p1a: William Afton\n|-boost|p1a: William Afton|atk|2\n|move|p2a: Toxapex|Recover|p2a: Toxapex\n|-heal|p2a: Toxapex|100\/100\n|\n|-damage|p1a: William Afton|45\/100 brn|[from] brn\n|upkeep\n|turn|12\n|\n|t:|1700758829\n|move|p1a: William Afton|Lunge|p2a: Toxapex\n|-resisted|p2a: Toxapex\n|-damage|p2a: Toxapex|67\/100\n|-unboost|p2a: Toxapex|atk|1\n|move|p2a: Toxapex|Toxic||[still]\n|-fail|p2a: Toxapex\n|\n|-heal|p2a: Toxapex|74\/100|[from] item: Leftovers\n|-damage|p1a: William Afton|38\/100 brn|[from] brn\n|upkeep\n|turn|13\n|\n|t:|1700758842\n|move|p2a: Toxapex|Baneful Bunker|p2a: Toxapex\n|-singleturn|p2a: Toxapex|move: Protect\n|move|p1a: William Afton|Bullet Punch|p2a: Toxapex\n|-activate|p2a: Toxapex|move: Protect\n|\n|-heal|p2a: Toxapex|80\/100|[from] item: Leftovers\n|-damage|p1a: William Afton|32\/100 brn|[from] brn\n|upkeep\n|turn|14\n|\n|t:|1700758856\n|move|p1a: William Afton|Bullet Punch|p2a: Toxapex\n|-resisted|p2a: Toxapex\n|-damage|p2a: Toxapex|54\/100\n|move|p2a: Toxapex|Scald|p1a: William Afton\n|-damage|p1a: William Afton|11\/100 brn\n|\n|-heal|p2a: Toxapex|60\/100|[from] item: Leftovers\n|-damage|p1a: William Afton|5\/100 brn|[from] brn\n|upkeep\n|turn|15\n|\n|t:|1700758861\n|move|p1a: William Afton|Bullet Punch|p2a: Toxapex\n|-resisted|p2a: Toxapex\n|-damage|p2a: Toxapex|32\/100\n|move|p2a: Toxapex|Recover|p2a: Toxapex\n|-heal|p2a: Toxapex|82\/100\n|\n|-heal|p2a: Toxapex|89\/100|[from] item: Leftovers\n|-damage|p1a: William Afton|0 fnt|[from] brn\n|faint|p1a: William Afton\n|upkeep\n|\n|t:|1700758867\n|switch|p1a: Sprig|Venusaur, M|100\/100\n|turn|16\n|\n|t:|1700758873\n|switch|p2a: Rillaboom|Rillaboom, M|100\/100\n|move|p1a: Sprig|Leech Seed|p2a: Rillaboom\n|-immune|p2a: Rillaboom\n|\n|upkeep\n|turn|17\n|\n|t:|1700758879\n|move|p2a: Rillaboom|Knock Off|p1a: Sprig\n|-damage|p1a: Sprig|52\/100\n|-enditem|p1a: Sprig|Life Orb|[from] move: Knock Off|[of] p2a: Rillaboom\n|-damage|p2a: Rillaboom|91\/100|[from] item: Life Orb\n|move|p1a: Sprig|Sludge Bomb|p2a: Rillaboom\n|-supereffective|p2a: Rillaboom\n|-damage|p2a: Rillaboom|0 fnt\n|faint|p2a: Rillaboom\n|\n|upkeep\n|\n|t:|1700758888\n|switch|p2a: Toxapex|Toxapex, F|100\/100\n|turn|18\n|\n|t:|1700758893\n|move|p1a: Sprig|Leech Seed|p2a: Toxapex\n|-start|p2a: Toxapex|move: Leech Seed\n|move|p2a: Toxapex|Scald|p1a: Sprig\n|-resisted|p1a: Sprig\n|-damage|p1a: Sprig|44\/100\n|\n|-damage|p2a: Toxapex|88\/100|[from] Leech Seed|[of] p1a: Sprig\n|-heal|p1a: Sprig|56\/100|[silent]\n|upkeep\n|turn|19\n|\n|t:|1700758909\n|move|p2a: Toxapex|Baneful Bunker|p2a: Toxapex\n|-singleturn|p2a: Toxapex|move: Protect\n|move|p1a: Sprig|Giga Drain|p2a: Toxapex\n|-activate|p2a: Toxapex|move: Protect\n|\n|-heal|p2a: Toxapex|94\/100|[from] item: Leftovers\n|-damage|p2a: Toxapex|82\/100|[from] Leech Seed|[of] p1a: Sprig\n|-heal|p1a: Sprig|69\/100|[silent]\n|upkeep\n|turn|20\n|l|\u2606AlastorTheOverlord\n|inactive|AlastorTheOverlord disconnected and has 300 seconds to reconnect!\n|player|p1|\n|l| RedFRLG2004\n|l|\u2606elpepealvarado\n|inactive|elpepealvarado disconnected and has 300 seconds to reconnect!\n|player|p2|\n|inactive|AlastorTheOverlord has 270 seconds to reconnect!\n|j| RedFRLG2004\n|j|\u2606elpepealvarado\n|inactive|elpepealvarado reconnected.\n|player|p2|elpepealvarado|ghetsis\n|inactive|elpepealvarado has 270 seconds left.\n|inactive|AlastorTheOverlord has 240 seconds to reconnect!\n|l| RedFRLG2004\n|j| RedFRLG2004\n|inactive|elpepealvarado has 240 seconds left.\n|inactive|AlastorTheOverlord has 210 seconds to reconnect!\n|l|\u2606elpepealvarado\n|inactive|elpepealvarado disconnected and has 300 seconds to reconnect!\n|player|p2|\n|inactive|AlastorTheOverlord has 180 seconds to reconnect!\n|inactive|elpepealvarado has 270 seconds to reconnect!\n|l| RedFRLG2004\n|j| RedFRLG2004\n|inactive|AlastorTheOverlord has 150 seconds to reconnect!\n|inactive|elpepealvarado has 240 seconds to reconnect!\n|j|\u2606AlastorTheOverlord\n|inactive|AlastorTheOverlord reconnected and has 295 seconds left.\n|player|p1|AlastorTheOverlord|n\n|inactive|elpepealvarado has 210 seconds to reconnect!\n|c| RedFRLG2004|El intrne e como el hoyo\n|inactive|elpepealvarado has 180 seconds to reconnect!\n|inactive|elpepealvarado has 150 seconds to reconnect!\n|inactive|elpepealvarado has 120 seconds to reconnect!\n|c|\u2606AlastorTheOverlord|si\n|inactive|elpepealvarado has 90 seconds to reconnect!\n|c|\u2606AlastorTheOverlord|brooooooooooooooo\n|c| RedFRLG2004|Ka\n|c|\u2606AlastorTheOverlord|batalla??\n|c| RedFRLG2004|Seh\n|inactive|elpepealvarado has 60 seconds to reconnect!\n|inactive|elpepealvarado has 30 seconds to reconnect!\n|l| RedFRLG2004\n|inactive|elpepealvarado has 20 seconds to reconnect!\n|inactive|elpepealvarado has 15 seconds to reconnect!\n|inactive|elpepealvarado has 10 seconds to reconnect!\n|inactive|elpepealvarado has 5 seconds to reconnect!\n|-message|elpepealvarado lost due to inactivity.\n|\n|win|AlastorTheOverlord\n","uploadtime":1700759336,"views":3,"p1id":"alastortheoverlord","p2id":"elpepealvarado","formatid":"gen9nationaldexubers","rating":0,"private":0,"password":""}