{"id":"gen9nationaldexubers-1993688251","p1":"Foopus Muhammad","p2":"FierceFlamethrower","format":"[Gen 9] National Dex Ubers","log":"|j|\u2606Foopus Muhammad\n|j|\u2606FierceFlamethrower\n|t:|1700345718\n|gametype|singles\n|player|p1|Foopus Muhammad|worker-gen4|\n|player|p2|FierceFlamethrower|101|\n|teamsize|p1|6\n|teamsize|p2|6\n|gen|9\n|tier|[Gen 9] National Dex Ubers\n|rule|HP Percentage Mod: HP is shown in percentages\n|rule|Endless Battle Clause: Forcing endless battles is banned\n|rule|OHKO Clause: OHKO moves are banned\n|rule|Evasion Moves Clause: Evasion moves are banned\n|rule|Evasion Items Clause: Evasion items are banned\n|rule|Species Clause: Limit one of each Pok\u00e9mon\n|rule|Sleep Clause Mod: Limit one foe put to sleep\n|rule|Mega Rayquaza Clause: You cannot mega evolve Rayquaza\n|clearpoke\n|poke|p1|Melmetal|\n|poke|p1|Trapinch, M|\n|poke|p1|Palkia|\n|poke|p1|Necrozma-Dawn-Wings|\n|poke|p1|Porygon2|\n|poke|p1|Raichu-Alola, M|\n|poke|p2|Ampharos, M|\n|poke|p2|Nidoqueen, F|\n|poke|p2|Chien-Pao|\n|poke|p2|Zacian-*|\n|poke|p2|Alomomola, M|\n|poke|p2|Reshiram|\n|teampreview\n|\n|t:|1700345763\n|start\n|switch|p1a: Trapinch|Trapinch, M|100\/100\n|switch|p2a: Chien-Pao|Chien-Pao|100\/100\n|-ability|p2a: Chien-Pao|Sword of Ruin\n|turn|1\n|\n|t:|1700345774\n|switch|p2a: Alomomola|Alomomola, M|100\/100\n|move|p1a: Trapinch|First Impression|p2a: Alomomola\n|-damage|p2a: Alomomola|86\/100\n|-damage|p1a: Trapinch|84\/100|[from] item: Rocky Helmet|[of] p2a: Alomomola\n|\n|upkeep\n|turn|2\n|\n|t:|1700345797\n|switch|p1a: Porygon2|Porygon2|100\/100\n|-ability|p1a: Porygon2|Regenerator|[from] ability: Trace|[of] p2a: Alomomola\n|move|p2a: Alomomola|Flip Turn|p1a: Porygon2\n|-damage|p1a: Porygon2|93\/100\n|j| The Prime Mime\n|\n|t:|1700345812\n|switch|p2a: Nidoqueen|Nidoqueen, F|100\/100|[from] Flip Turn\n|\n|upkeep\n|turn|3\n|\n|t:|1700345823\n|move|p2a: Nidoqueen|Toxic Spikes|p1a: Porygon2\n|-sidestart|p1: Foopus Muhammad|move: Toxic Spikes\n|move|p1a: Porygon2|Trick Room|p1a: Porygon2\n|-fieldstart|move: Trick Room|[of] p1a: Porygon2\n|\n|upkeep\n|turn|4\n|\n|t:|1700345829\n|move|p2a: Nidoqueen|Stealth Rock|p1a: Porygon2\n|-sidestart|p1: Foopus Muhammad|move: Stealth Rock\n|move|p1a: Porygon2|Teleport|p1a: Porygon2\n|\n|t:|1700345833\n|switch|p1a: Trapinch|Trapinch, M|84\/100|[from] Teleport\n|-status|p1a: Trapinch|psn\n|-damage|p1a: Trapinch|78\/100 psn|[from] Stealth Rock\n|\n|-damage|p1a: Trapinch|65\/100 psn|[from] psn\n|upkeep\n|turn|5\n|\n|t:|1700345841\n|move|p1a: Trapinch|Earthquake|p2a: Nidoqueen\n|-supereffective|p2a: Nidoqueen\n|-crit|p2a: Nidoqueen\n|-damage|p2a: Nidoqueen|0 fnt\n|faint|p2a: Nidoqueen\n|\n|-damage|p1a: Trapinch|53\/100 psn|[from] psn\n|upkeep\n|\n|t:|1700345858\n|switch|p2a: Alomomola|Alomomola, M|100\/100\n|turn|6\n|c| The Prime Mime|fierce u fool\n|c| The Prime Mime|u let a whole ass nidoqueen die\n|\n|t:|1700345869\n|move|p1a: Trapinch|Earthquake|p2a: Alomomola\n|-damage|p2a: Alomomola|76\/100\n|move|p2a: Alomomola|Flip Turn|p1a: Trapinch\n|-supereffective|p1a: Trapinch\n|-damage|p1a: Trapinch|0 fnt\n|faint|p1a: Trapinch\n|\n|t:|1700345879\n|switch|p2a: Ampharos|Ampharos, M|100\/100|[from] Flip Turn\n|\n|upkeep\n|\n|t:|1700345897\n|switch|p1a: Necrozma|Necrozma-Dawn-Wings|100\/100\n|-status|p1a: Necrozma|psn\n|-damage|p1a: Necrozma|88\/100 psn|[from] Stealth Rock\n|turn|7\n|\n|t:|1700345921\n|-terastallize|p2a: Ampharos|Fairy\n|move|p1a: Necrozma|Calm Mind|p1a: Necrozma\n|-boost|p1a: Necrozma|spa|1\n|-boost|p1a: Necrozma|spd|1\n|move|p2a: Ampharos|Dazzling Gleam|p1a: Necrozma\n|-damage|p1a: Necrozma|65\/100 psn\n|\n|-damage|p1a: Necrozma|52\/100 psn|[from] psn\n|-fieldend|move: Trick Room\n|upkeep\n|turn|8\n|c| The Prime Mime|crazy\n|\n|t:|1700345954\n|move|p2a: Ampharos|Dazzling Gleam|p1a: Necrozma\n|-damage|p1a: Necrozma|30\/100 psn\n|move|p1a: Necrozma|Trick Room|p1a: Necrozma\n|-fieldstart|move: Trick Room|[of] p1a: Necrozma\n|\n|-damage|p1a: Necrozma|18\/100 psn|[from] psn\n|upkeep\n|turn|9\n|\n|t:|1700345968\n|move|p1a: Necrozma|Moongeist Beam|p2a: Ampharos\n|-damage|p2a: Ampharos|0 fnt\n|faint|p2a: Ampharos\n|\n|-damage|p1a: Necrozma|6\/100 psn|[from] psn\n|upkeep\n|c| The Prime Mime|LMAO\n|\n|t:|1700345977\n|switch|p2a: Chien-Pao|Chien-Pao|100\/100\n|-ability|p2a: Chien-Pao|Sword of Ruin\n|turn|10\n|\n|t:|1700345985\n|switch|p1a: Melmetal|Melmetal|100\/100\n|-damage|p1a: Melmetal|94\/100|[from] Stealth Rock\n|move|p2a: Chien-Pao|Sucker Punch||[still]\n|-fail|p2a: Chien-Pao\n|\n|-heal|p1a: Melmetal|100\/100|[from] item: Leftovers\n|upkeep\n|turn|11\n|c| The Prime Mime|its joever\n|\n|t:|1700345996\n|switch|p2a: Alomomola|Alomomola, M|100\/100\n|move|p1a: Melmetal|Toxic|p2a: Alomomola\n|-status|p2a: Alomomola|tox\n|\n|-damage|p2a: Alomomola|94\/100 tox|[from] psn\n|upkeep\n|turn|12\n|\n|t:|1700346003\n|move|p1a: Melmetal|Earthquake|p2a: Alomomola\n|-damage|p2a: Alomomola|73\/100 tox\n|move|p2a: Alomomola|Flip Turn|p1a: Melmetal\n|-damage|p1a: Melmetal|91\/100\n|\n|t:|1700346009\n|switch|p2a: Reshiram|Reshiram|100\/100|[from] Flip Turn\n|-ability|p2a: Reshiram|Turboblaze\n|\n|-heal|p1a: Melmetal|98\/100|[from] item: Leftovers\n|-fieldend|move: Trick Room\n|upkeep\n|turn|13\n|\n|t:|1700346015\n|switch|p1a: Necrozma|Necrozma-Dawn-Wings|6\/100 psn\n|-damage|p1a: Necrozma|0 fnt|[from] Stealth Rock\n|faint|p1a: Necrozma\n|move|p2a: Reshiram|Blue Flare|p1: Necrozma|[notarget]\n|-fail|p2a: Reshiram\n|\n|upkeep\n|\n|t:|1700346028\n|switch|p1a: Porygon2|Porygon2|100\/100\n|-status|p1a: Porygon2|psn\n|-damage|p1a: Porygon2|88\/100 psn|[from] Stealth Rock\n|-ability|p1a: Porygon2|Turboblaze\n|-ability|p1a: Porygon2|Turboblaze|[from] ability: Trace|[of] p2a: Reshiram\n|turn|14\n|\n|t:|1700346041\n|-terastallize|p1a: Porygon2|Fairy\n|move|p2a: Reshiram|Blue Flare|p1a: Porygon2\n|-damage|p1a: Porygon2|40\/100 psn\n|move|p1a: Porygon2|Trick Room|p1a: Porygon2\n|-fieldstart|move: Trick Room|[of] p1a: Porygon2\n|\n|-damage|p1a: Porygon2|28\/100 psn|[from] psn\n|upkeep\n|turn|15\n|\n|t:|1700346051\n|move|p1a: Porygon2|Tri Attack|p2a: Reshiram\n|-damage|p2a: Reshiram|74\/100\n|move|p2a: Reshiram|Blue Flare|p1a: Porygon2\n|-damage|p1a: Porygon2|0 fnt\n|faint|p1a: Porygon2\n|\n|upkeep\n|\n|t:|1700346057\n|switch|p1a: Palkia|Palkia|100\/100\n|-status|p1a: Palkia|psn\n|-damage|p1a: Palkia|88\/100 psn|[from] Stealth Rock\n|-ability|p1a: Palkia|Pressure\n|turn|16\n|\n|t:|1700346076\n|switch|p2a: Chien-Pao|Chien-Pao|100\/100\n|-ability|p2a: Chien-Pao|Sword of Ruin\n|move|p1a: Palkia|Hydro Pump|p2a: Chien-Pao\n|-damage|p2a: Chien-Pao|0 fnt\n|faint|p2a: Chien-Pao\n|\n|-damage|p1a: Palkia|75\/100 psn|[from] psn\n|upkeep\n|\n|t:|1700346086\n|switch|p2a: Alomomola|Alomomola, M|100\/100 tox\n|turn|17\n|\n|t:|1700346091\n|move|p2a: Alomomola|Protect|p2a: Alomomola\n|-singleturn|p2a: Alomomola|Protect\n|move|p1a: Palkia|Spacial Rend|p2a: Alomomola\n|-activate|p2a: Alomomola|move: Protect\n|\n|-damage|p2a: Alomomola|94\/100 tox|[from] psn\n|-damage|p1a: Palkia|63\/100 psn|[from] psn\n|upkeep\n|turn|18\n|\n|t:|1700346107\n|move|p2a: Alomomola|Flip Turn|p1a: Palkia\n|-resisted|p1a: Palkia\n|-damage|p1a: Palkia|60\/100 psn\n|c| The Prime Mime|crazy\n|\n|t:|1700346160\n|switch|p2a: Reshiram|Reshiram|74\/100|[from] Flip Turn\n|-ability|p2a: Reshiram|Turboblaze\n|move|p1a: Palkia|Hydro Pump|p2a: Reshiram|[miss]\n|-miss|p1a: Palkia|p2a: Reshiram\n|\n|-damage|p1a: Palkia|47\/100 psn|[from] psn\n|-fieldend|move: Trick Room\n|upkeep\n|turn|19\n|\n|t:|1700346172\n|move|p2a: Reshiram|Draco Meteor|p1a: Palkia\n|-supereffective|p1a: Palkia\n|-damage|p1a: Palkia|0 fnt\n|-unboost|p2a: Reshiram|spa|2\n|faint|p1a: Palkia\n|\n|upkeep\n|\n|t:|1700346183\n|switch|p1a: Raichu|Raichu-Alola, M|100\/100\n|-status|p1a: Raichu|psn\n|-damage|p1a: Raichu|88\/100 psn|[from] Stealth Rock\n|turn|20\n|\n|t:|1700346190\n|move|p2a: Reshiram|Draco Meteor|p1a: Raichu\n|-damage|p1a: Raichu|34\/100 psn\n|-unboost|p2a: Reshiram|spa|2\n|move|p1a: Raichu|Psychic|p2a: Reshiram\n|-damage|p2a: Reshiram|42\/100\n|\n|-damage|p1a: Raichu|22\/100 psn|[from] psn\n|upkeep\n|turn|21\n|\n|t:|1700346199\n|move|p2a: Reshiram|Draco Meteor|p1a: Raichu\n|-damage|p1a: Raichu|0 fnt\n|-unboost|p2a: Reshiram|spa|2\n|faint|p1a: Raichu\n|\n|upkeep\n|\n|t:|1700346202\n|switch|p1a: Melmetal|Melmetal|98\/100\n|-damage|p1a: Melmetal|91\/100|[from] Stealth Rock\n|turn|22\n|\n|t:|1700346208\n|switch|p2a: Alomomola|Alomomola, M|100\/100 tox\n|move|p1a: Melmetal|Earthquake|p2a: Alomomola\n|-damage|p2a: Alomomola|80\/100 tox\n|\n|-heal|p1a: Melmetal|98\/100|[from] item: Leftovers\n|-damage|p2a: Alomomola|74\/100 tox|[from] psn\n|upkeep\n|turn|23\n|\n|t:|1700346213\n|move|p2a: Alomomola|Knock Off|p1a: Melmetal\n|-damage|p1a: Melmetal|88\/100\n|-enditem|p1a: Melmetal|Leftovers|[from] move: Knock Off|[of] p2a: Alomomola\n|move|p1a: Melmetal|Earthquake|p2a: Alomomola\n|-damage|p2a: Alomomola|53\/100 tox\n|\n|-damage|p2a: Alomomola|41\/100 tox|[from] psn\n|upkeep\n|turn|24\n|c| The Prime Mime|scald burn\n|c| The Prime Mime|oh wow\n|\n|t:|1700346229\n|move|p2a: Alomomola|Wish|p2a: Alomomola\n|move|p1a: Melmetal|Double Iron Bash|p2a: Alomomola\n|-resisted|p2a: Alomomola\n|-damage|p2a: Alomomola|30\/100 tox\n|-damage|p1a: Melmetal|72\/100|[from] item: Rocky Helmet|[of] p2a: Alomomola\n|-resisted|p2a: Alomomola\n|-damage|p2a: Alomomola|18\/100 tox\n|-damage|p1a: Melmetal|55\/100|[from] item: Rocky Helmet|[of] p2a: Alomomola\n|-hitcount|p2a: Alomomola|2\n|\n|-damage|p2a: Alomomola|0 fnt|[from] psn\n|faint|p2a: Alomomola\n|upkeep\n|\n|t:|1700346235\n|switch|p2a: Reshiram|Reshiram|42\/100\n|-ability|p2a: Reshiram|Turboblaze\n|turn|25\n|\n|t:|1700346239\n|move|p2a: Reshiram|Blue Flare|p1a: Melmetal\n|-supereffective|p1a: Melmetal\n|-damage|p1a: Melmetal|0 fnt\n|faint|p1a: Melmetal\n|\n|win|FierceFlamethrower\n|c|\u2606Foopus Muhammad|gg\n|c|\u2606FierceFlamethrower|gg\n","uploadtime":1700346245,"views":41,"p1id":"foopusmuhammad","p2id":"fierceflamethrower","formatid":"gen9nationaldexubers","rating":0,"private":0,"password":""}