{"id":"gen9nationaldexubers-1987993338","p1":"ambatusmurf","p2":"NoWay360","format":"[Gen 9] National Dex Ubers","log":"|j|\u2606ambatusmurf\n|j|\u2606NoWay360\n|t:|1699656907\n|gametype|singles\n|player|p1|ambatusmurf|rocker-gen3|1166\n|player|p2|NoWay360|hiker-gen4|1235\n|teamsize|p1|6\n|teamsize|p2|6\n|gen|9\n|tier|[Gen 9] National Dex Ubers\n|rated|\n|rule|HP Percentage Mod: HP is shown in percentages\n|rule|Endless Battle Clause: Forcing endless battles is banned\n|rule|OHKO Clause: OHKO moves are banned\n|rule|Evasion Moves Clause: Evasion moves are banned\n|rule|Evasion Items Clause: Evasion items are banned\n|rule|Species Clause: Limit one of each Pok\u00e9mon\n|rule|Sleep Clause Mod: Limit one foe put to sleep\n|rule|Mega Rayquaza Clause: You cannot mega evolve Rayquaza\n|clearpoke\n|poke|p1|Ledyba, F|\n|poke|p1|Diggersby, M|\n|poke|p1|Bisharp, M|\n|poke|p1|Giratina-Origin|\n|poke|p1|Druddigon, M|\n|poke|p1|Salamence, M|\n|poke|p2|Kangaskhan, F|\n|poke|p2|Ursaluna, M|\n|poke|p2|Porygon-Z|\n|poke|p2|Zoroark-Hisui, M|\n|poke|p2|Bewear, M|\n|poke|p2|Meloetta|\n|teampreview\n|inactive|Battle timer is ON: inactive players will automatically lose when time's up. (requested by NoWay360)\n|inactive|ambatusmurf also wants the timer to be on.\n|j| StupidusRex\n|\n|t:|1699656924\n|start\n|switch|p1a: Diggersby|Diggersby, M, shiny|100\/100\n|switch|p2a: BoomaBooma|Kangaskhan, F, shiny|100\/100\n|turn|1\n|c|\u2606ambatusmurf|why not use this squad in natdex monotype??\n|\n|t:|1699656931\n|detailschange|p2a: BoomaBooma|Kangaskhan-Mega, F, shiny\n|-mega|p2a: BoomaBooma|Kangaskhan|Kangaskhanite\n|move|p1a: Diggersby|U-turn|p2a: BoomaBooma\n|-crit|p2a: BoomaBooma\n|-damage|p2a: BoomaBooma|58\/100\n|\n|t:|1699656934\n|switch|p1a: Giratina|Giratina-Origin|100\/100|[from] U-turn\n|move|p2a: BoomaBooma|Power-Up Punch|p1a: Giratina\n|-immune|p1a: Giratina\n|\n|upkeep\n|turn|2\n|\n|t:|1699656948\n|switch|p2a: Words|Meloetta|100\/100\n|move|p1a: Giratina|Will-O-Wisp|p2a: Words\n|-status|p2a: Words|brn\n|\n|-damage|p2a: Words|95\/100 brn|[from] brn\n|upkeep\n|turn|3\n|c| StupidusRex|the eternal worm has come for conneticut\n|\n|t:|1699656963\n|switch|p1a: Diggersby|Diggersby, M, shiny|100\/100\n|move|p2a: Words|Bitter Malice|p1a: Diggersby\n|-immune|p1a: Diggersby\n|\n|-damage|p2a: Words|89\/100 brn|[from] brn\n|upkeep\n|turn|4\n|c|\u2606ambatusmurf|most obvious hisuiark of all time\n|c|\u2606ambatusmurf|knew it\n|c|\u2606ambatusmurf|least obvious hisuiark\n|c|\u2606ambatusmurf|quit the fucking game\n|\n|t:|1699656974\n|move|p1a: Diggersby|U-turn|p2a: Words\n|-resisted|p2a: Words\n|-damage|p2a: Words|58\/100 brn\n|replace|p2a: Bamboozled|Zoroark-Hisui, M, shiny\n|-end|p2a: Bamboozled|Illusion\n|c|\u2606ambatusmurf|unplug ur controller\n|\n|t:|1699656979\n|switch|p1a: Giratina|Giratina-Origin|100\/100|[from] U-turn\n|move|p2a: Bamboozled|Grass Knot|p1a: Giratina\n|-resisted|p1a: Giratina\n|-damage|p1a: Giratina|87\/100\n|-damage|p2a: Bamboozled|48\/100 brn|[from] item: Life Orb\n|\n|-damage|p2a: Bamboozled|42\/100 brn|[from] brn\n|upkeep\n|turn|5\n|c|\u2606ambatusmurf|LOL life orb\n|c|\u2606ambatusmurf|brb\n|c| StupidusRex|bamboozled got bamboozled\n|inactive|ambatusmurf has 120 seconds left.\n|c|\u2606ambatusmurf|ill take it from here\n|\n|t:|1699657011\n|switch|p2a: Hurl|Ursaluna, M, shiny|100\/100\n|switch|p1a: super hornio bros|Bisharp, M, shiny|100\/100\n|-ability|p1a: super hornio bros|Pressure\n|\n|-status|p2a: Hurl|brn|[from] item: Flame Orb\n|upkeep\n|turn|6\n|\n|t:|1699657030\n|switch|p1a: Giratina|Giratina-Origin|87\/100\n|move|p2a: Hurl|Earthquake|p1a: Giratina\n|-immune|p1a: Giratina|[from] ability: Levitate\n|\n|-damage|p2a: Hurl|94\/100 brn|[from] brn\n|upkeep\n|turn|7\n|inactive|ambatusmurf has 120 seconds left.\n|\n|t:|1699657049\n|-terastallize|p1a: Giratina|Steel\n|move|p2a: Hurl|Fling|p1a: Giratina\n|-damage|p1a: Giratina|74\/100\n|-status|p1a: Giratina|brn\n|-enditem|p2a: Hurl|Flame Orb|[from] move: Fling\n|move|p1a: Giratina|Dragon Tail|p2a: Hurl\n|-damage|p2a: Hurl|84\/100 brn\n|drag|p2a: Teddy|Bewear, M, shiny|100\/100\n|-ability|p2a: Teddy|Unnerve\n|\n|-damage|p1a: Giratina|68\/100 brn|[from] brn\n|upkeep\n|turn|8\n|c| StupidusRex|whar?\n|c|\u2606ambatusmurf|lol fling\n|inactive|ambatusmurf has 120 seconds left.\n|\n|t:|1699657067\n|switch|p1a: bimmy|Ledyba, F|100\/100\n|move|p2a: Teddy|Swords Dance|p2a: Teddy\n|-boost|p2a: Teddy|atk|2\n|\n|upkeep\n|turn|9\n|\n|t:|1699657076\n|move|p2a: Teddy|Drain Punch|p1a: bimmy\n|-resisted|p1a: bimmy\n|-damage|p1a: bimmy|44\/100\n|move|p1a: bimmy|Encore|p2a: Teddy\n|-start|p2a: Teddy|Encore\n|\n|upkeep\n|turn|10\n|\n|t:|1699657083\n|move|p2a: Teddy|Drain Punch|p1a: bimmy\n|-resisted|p1a: bimmy\n|-damage|p1a: bimmy|0 fnt\n|faint|p1a: bimmy\n|\n|upkeep\n|\n|t:|1699657093\n|switch|p1a: Salamence|Salamence, M, shiny|100\/100\n|-ability|p1a: Salamence|Intimidate|boost\n|-unboost|p2a: Teddy|atk|1\n|turn|11\n|\n|t:|1699657098\n|detailschange|p1a: Salamence|Salamence-Mega, M, shiny\n|-mega|p1a: Salamence|Salamence|Salamencite\n|move|p1a: Salamence|Dragon Dance|p1a: Salamence\n|-boost|p1a: Salamence|atk|1\n|-boost|p1a: Salamence|spe|1\n|move|p2a: Teddy|Drain Punch|p1a: Salamence\n|-resisted|p1a: Salamence\n|-damage|p1a: Salamence|76\/100\n|\n|upkeep\n|turn|12\n|\n|t:|1699657107\n|move|p1a: Salamence|Dragon Dance|p1a: Salamence\n|-boost|p1a: Salamence|atk|1\n|-boost|p1a: Salamence|spe|1\n|move|p2a: Teddy|Drain Punch|p1a: Salamence\n|-resisted|p1a: Salamence\n|-damage|p1a: Salamence|52\/100\n|\n|-end|p2a: Teddy|Encore\n|upkeep\n|turn|13\n|\n|t:|1699657121\n|move|p1a: Salamence|Facade|p2a: Teddy\n|-supereffective|p2a: Teddy\n|-damage|p2a: Teddy|0 fnt\n|faint|p2a: Teddy\n|\n|upkeep\n|\n|t:|1699657133\n|switch|p2a: BoomaBooma|Kangaskhan-Mega, F, shiny|58\/100\n|turn|14\n|\n|t:|1699657140\n|move|p2a: BoomaBooma|Fake Out|p1a: Salamence\n|-damage|p1a: Salamence|33\/100\n|-damage|p1a: Salamence|30\/100\n|-hitcount|p1a: Salamence|2\n|cant|p1a: Salamence|flinch\n|\n|upkeep\n|turn|15\n|\n|t:|1699657148\n|move|p1a: Salamence|Roost|p1a: Salamence\n|-heal|p1a: Salamence|80\/100\n|-singleturn|p1a: Salamence|move: Roost\n|move|p2a: BoomaBooma|Body Slam|p1a: Salamence\n|-damage|p1a: Salamence|44\/100\n|-status|p1a: Salamence|par\n|-damage|p1a: Salamence|36\/100 par\n|-hitcount|p1a: Salamence|2\n|\n|upkeep\n|turn|16\n|\n|t:|1699657164\n|move|p1a: Salamence|Facade|p2a: BoomaBooma\n|-damage|p2a: BoomaBooma|0 fnt\n|faint|p2a: BoomaBooma\n|\n|upkeep\n|\n|t:|1699657177\n|switch|p2a: PYTHON::ERROR|Porygon-Z, shiny|100\/100\n|turn|17\n|\n|t:|1699657187\n|move|p2a: PYTHON::ERROR|Dark Pulse|p1a: Salamence\n|-damage|p1a: Salamence|6\/100 par\n|move|p1a: Salamence|Facade|p2a: PYTHON::ERROR\n|-damage|p2a: PYTHON::ERROR|0 fnt\n|faint|p2a: PYTHON::ERROR\n|\n|upkeep\n|\n|t:|1699657195\n|switch|p2a: Hurl|Ursaluna, M, shiny|84\/100 brn\n|turn|18\n|\n|t:|1699657211\n|move|p1a: Salamence|Facade|p2a: Hurl\n|-damage|p2a: Hurl|0 fnt\n|faint|p2a: Hurl\n|\n|upkeep\n|\n|t:|1699657221\n|switch|p2a: Words|Meloetta|42\/100 brn\n|turn|19\n|c|\u2606ambatusmurf|hmm\n|\n|t:|1699657228\n|move|p2a: Words|Bitter Malice|p1a: Salamence\n|-crit|p1a: Salamence\n|-damage|p1a: Salamence|0 fnt\n|faint|p1a: Salamence\n|-damage|p2a: Words|32\/100 brn|[from] item: Life Orb\n|\n|-damage|p2a: Words|26\/100 brn|[from] brn\n|upkeep\n|c|\u2606ambatusmurf|i wonder what that is\n|c|\u2606ambatusmurf|WHAT\n|\n|t:|1699657240\n|switch|p1a: Diggersby|Diggersby, M, shiny|100\/100\n|turn|20\n|\n|t:|1699657249\n|move|p1a: Diggersby|Earthquake|p2a: Words\n|-damage|p2a: Words|0 fnt\n|replace|p2a: Bamboozled|Zoroark-Hisui, M, shiny\n|-end|p2a: Bamboozled|Illusion\n|faint|p2a: Bamboozled\n|\n|upkeep\n|\n|t:|1699657254\n|switch|p2a: Words|Meloetta|100\/100\n|turn|21\n|\n|t:|1699657258\n|move|p1a: Diggersby|Earthquake|p2a: Words\n|-damage|p2a: Words|13\/100\n|move|p2a: Words|Relic Song|p1a: Diggersby\n|-damage|p1a: Diggersby|49\/100\n|-status|p1a: Diggersby|slp|[from] move: Relic Song\n|-formechange|p2a: Words|Meloetta-Pirouette|[msg]\n|\n|upkeep\n|turn|22\n|\n|t:|1699657267\n|cant|p1a: Diggersby|slp\n|move|p2a: Words|Drain Punch|p1a: Diggersby\n|-supereffective|p1a: Diggersby\n|-damage|p1a: Diggersby|0 fnt\n|-heal|p2a: Words|36\/100|[from] drain|[of] p1a: Diggersby\n|faint|p1a: Diggersby\n|\n|upkeep\n|\n|t:|1699657272\n|switch|p1a: Giratina|Giratina-Origin, tera:Steel|68\/100 brn\n|turn|23\n|\n|t:|1699657279\n|switch|p1a: halloweenie|Druddigon, M, shiny|100\/100\n|move|p2a: Words|Dazzling Gleam|p1a: halloweenie\n|-supereffective|p1a: halloweenie\n|-damage|p1a: halloweenie|59\/100\n|\n|upkeep\n|turn|24\n|\n|t:|1699657287\n|move|p2a: Words|Drain Punch|p1a: halloweenie\n|-damage|p1a: halloweenie|35\/100\n|-heal|p2a: Words|48\/100|[from] drain|[of] p1a: halloweenie\n|-damage|p2a: Words|36\/100|[from] ability: Rough Skin|[of] p1a: halloweenie\n|-damage|p2a: Words|20\/100|[from] item: Rocky Helmet|[of] p1a: halloweenie\n|move|p1a: halloweenie|Dragon Claw|p2a: Words\n|-crit|p2a: Words\n|-damage|p2a: Words|0 fnt\n|faint|p2a: Words\n|\n|win|ambatusmurf\n|raw|ambatusmurf's rating: 1166 &rarr; <strong>1196<\/strong><br \/>(+30 for winning)\n|raw|NoWay360's rating: 1235 &rarr; <strong>1205<\/strong><br \/>(-30 for losing)\n","uploadtime":1699657291,"views":6,"p1id":"ambatusmurf","p2id":"noway360","formatid":"gen9nationaldexubers","rating":1196,"private":0,"password":""}