{"id":"gen9nationaldexubers-1977777422","p1":"BankaiBleachGeek","p2":"Eternal Dancraft","format":"[Gen 9] National Dex Ubers","log":"|j|\u2606BankaiBleachGeek\n|j|\u2606Eternal Dancraft\n|t:|1698448379\n|gametype|singles\n|player|p1|BankaiBleachGeek|palmer|1067\n|player|p2|Eternal Dancraft|benga|1081\n|teamsize|p1|6\n|teamsize|p2|6\n|gen|9\n|tier|[Gen 9] National Dex Ubers\n|rated|\n|rule|HP Percentage Mod: HP is shown in percentages\n|rule|Endless Battle Clause: Forcing endless battles is banned\n|rule|OHKO Clause: OHKO moves are banned\n|rule|Evasion Moves Clause: Evasion moves are banned\n|rule|Evasion Items Clause: Evasion items are banned\n|rule|Species Clause: Limit one of each Pok\u00e9mon\n|rule|Sleep Clause Mod: Limit one foe put to sleep\n|rule|Mega Rayquaza Clause: You cannot mega evolve Rayquaza\n|clearpoke\n|poke|p1|Sceptile, M|\n|poke|p1|Arboliva, F|\n|poke|p1|Electrode-Hisui|\n|poke|p1|Ferrothorn, M|\n|poke|p1|Ludicolo, M|\n|poke|p1|Torterra, M|\n|poke|p2|Darkrai|\n|poke|p2|Latios, M|\n|poke|p2|Latias, F|\n|poke|p2|Heatran, M|\n|poke|p2|Shaymin-Sky|\n|poke|p2|Mew|\n|teampreview\n|\n|t:|1698448384\n|start\n|switch|p1a: Electrode|Electrode-Hisui|100\/100\n|switch|p2a: Darkrai|Darkrai|100\/100\n|turn|1\n|\n|t:|1698448390\n|move|p1a: Electrode|Rain Dance|p1a: Electrode\n|-weather|RainDance\n|move|p2a: Darkrai|Hypnosis|p1a: Electrode\n|-status|p1a: Electrode|slp|[from] move: Hypnosis\n|\n|-weather|RainDance|[upkeep]\n|-damage|p1a: Electrode|88\/100 slp|[from] ability: Bad Dreams|[of] p2a: Darkrai\n|upkeep\n|turn|2\n|\n|t:|1698448398\n|cant|p1a: Electrode|slp\n|move|p2a: Darkrai|Dark Pulse|p1a: Electrode\n|-damage|p1a: Electrode|0 fnt\n|faint|p1a: Electrode\n|-damage|p2a: Darkrai|91\/100|[from] item: Life Orb\n|\n|-weather|RainDance|[upkeep]\n|upkeep\n|\n|t:|1698448405\n|switch|p1a: Ludicolo|Ludicolo, M|100\/100\n|turn|3\n|\n|t:|1698448410\n|move|p1a: Ludicolo|Weather Ball|p2a: Darkrai\n|-crit|p2a: Darkrai\n|-damage|p2a: Darkrai|0 fnt\n|faint|p2a: Darkrai\n|-damage|p1a: Ludicolo|91\/100|[from] item: Life Orb\n|\n|-weather|RainDance|[upkeep]\n|upkeep\n|\n|t:|1698448423\n|switch|p2a: Mew|Mew|100\/100\n|turn|4\n|\n|t:|1698448429\n|move|p1a: Ludicolo|Weather Ball|p2a: Mew\n|-damage|p2a: Mew|21\/100\n|-damage|p1a: Ludicolo|81\/100|[from] item: Life Orb\n|move|p2a: Mew|Psychic|p1a: Ludicolo\n|-damage|p1a: Ludicolo|34\/100\n|-unboost|p1a: Ludicolo|spd|1\n|\n|-weather|RainDance|[upkeep]\n|-heal|p2a: Mew|27\/100|[from] item: Leftovers\n|upkeep\n|turn|5\n|\n|t:|1698448441\n|switch|p2a: Latios|Latios, M|100\/100\n|move|p1a: Ludicolo|Weather Ball|p2a: Latios\n|-resisted|p2a: Latios\n|-damage|p2a: Latios|63\/100\n|-damage|p1a: Ludicolo|24\/100|[from] item: Life Orb\n|\n|-weather|RainDance|[upkeep]\n|upkeep\n|turn|6\n|\n|t:|1698448449\n|move|p1a: Ludicolo|Ice Beam|p2a: Latios\n|-supereffective|p2a: Latios\n|-damage|p2a: Latios|0 fnt\n|faint|p2a: Latios\n|-damage|p1a: Ludicolo|14\/100|[from] item: Life Orb\n|\n|-weather|RainDance|[upkeep]\n|upkeep\n|\n|t:|1698448458\n|switch|p2a: Mew|Mew|27\/100\n|turn|7\n|\n|t:|1698448462\n|move|p1a: Ludicolo|Weather Ball|p2a: Mew\n|-damage|p2a: Mew|0 fnt\n|faint|p2a: Mew\n|-damage|p1a: Ludicolo|4\/100|[from] item: Life Orb\n|\n|-weather|RainDance|[upkeep]\n|upkeep\n|\n|t:|1698448473\n|switch|p2a: Shaymin|Shaymin-Sky|100\/100\n|turn|8\n|\n|t:|1698448477\n|switch|p2a: Heatran|Heatran, M|100\/100\n|-item|p2a: Heatran|Air Balloon\n|move|p1a: Ludicolo|Ice Beam|p2a: Heatran\n|-resisted|p2a: Heatran\n|-damage|p2a: Heatran|92\/100\n|-enditem|p2a: Heatran|Air Balloon\n|-damage|p1a: Ludicolo|0 fnt|[from] item: Life Orb\n|faint|p1a: Ludicolo\n|\n|-weather|none\n|upkeep\n|\n|t:|1698448487\n|switch|p1a: Arboliva|Arboliva, F|100\/100\n|turn|9\n|\n|t:|1698448492\n|-terastallize|p2a: Heatran|Fire\n|move|p2a: Heatran|Magma Storm|p1a: Arboliva\n|-supereffective|p1a: Arboliva\n|-damage|p1a: Arboliva|2\/100\n|-activate|p1a: Arboliva|move: Magma Storm|[of] p2a: Heatran\n|-fieldstart|move: Grassy Terrain|[from] ability: Seed Sower|[of] p1a: Arboliva\n|move|p1a: Arboliva|Earth Power|p2a: Heatran\n|-supereffective|p2a: Heatran\n|-damage|p2a: Heatran|48\/100\n|\n|-heal|p2a: Heatran|54\/100|[from] Grassy Terrain\n|-heal|p1a: Arboliva|8\/100|[from] Grassy Terrain\n|-heal|p1a: Arboliva|14\/100|[from] item: Leftovers\n|-damage|p1a: Arboliva|1\/100|[from] move: Magma Storm|[partiallytrapped]\n|upkeep\n|turn|10\n|\n|t:|1698448509\n|switch|p2a: Shaymin|Shaymin-Sky|100\/100\n|move|p1a: Arboliva|Earth Power|p2a: Shaymin\n|-immune|p2a: Shaymin\n|\n|-heal|p1a: Arboliva|7\/100|[from] Grassy Terrain\n|-heal|p1a: Arboliva|14\/100|[from] item: Leftovers\n|-end|p1a: Arboliva|Magma Storm|[partiallytrapped]|[silent]\n|upkeep\n|turn|11\n|\n|t:|1698448519\n|move|p2a: Shaymin|Tailwind|p2a: Shaymin\n|-sidestart|p2: Eternal Dancraft|move: Tailwind\n|move|p1a: Arboliva|Hyper Voice|p2a: Shaymin\n|-damage|p2a: Shaymin|51\/100\n|\n|-heal|p1a: Arboliva|20\/100|[from] Grassy Terrain\n|-heal|p1a: Arboliva|26\/100|[from] item: Leftovers\n|upkeep\n|turn|12\n|\n|t:|1698448527\n|move|p2a: Shaymin|Air Slash|p1a: Arboliva\n|-supereffective|p1a: Arboliva\n|-damage|p1a: Arboliva|0 fnt\n|faint|p1a: Arboliva\n|\n|upkeep\n|\n|t:|1698448532\n|switch|p1a: Ferrothorn|Ferrothorn, M|100\/100\n|turn|13\n|\n|t:|1698448535\n|move|p2a: Shaymin|Earth Power|p1a: Ferrothorn\n|-damage|p1a: Ferrothorn|76\/100\n|move|p1a: Ferrothorn|Gyro Ball|p2a: Shaymin\n|-damage|p2a: Shaymin|0 fnt\n|faint|p2a: Shaymin\n|\n|-heal|p1a: Ferrothorn|82\/100|[from] Grassy Terrain\n|-fieldend|move: Grassy Terrain\n|upkeep\n|\n|t:|1698448543\n|switch|p2a: Heatran|Heatran, M, tera:Fire|54\/100\n|turn|14\n|\n|t:|1698448556\n|move|p2a: Heatran|Magma Storm|p1a: Ferrothorn\n|-supereffective|p1a: Ferrothorn\n|-damage|p1a: Ferrothorn|0 fnt\n|faint|p1a: Ferrothorn\n|\n|-sideend|p2: Eternal Dancraft|move: Tailwind\n|upkeep\n|\n|t:|1698448562\n|switch|p1a: Torterra|Torterra, M|100\/100\n|turn|15\n|\n|t:|1698448569\n|switch|p2a: Latias|Latias, F|100\/100\n|move|p1a: Torterra|Rock Blast|p2a: Latias|[miss]\n|-miss|p1a: Torterra|p2a: Latias\n|\n|upkeep\n|turn|16\n|\n|t:|1698448577\n|move|p2a: Latias|Air Slash|p1a: Torterra\n|-supereffective|p1a: Torterra\n|-damage|p1a: Torterra|58\/100\n|move|p1a: Torterra|Rock Blast|p2a: Latias\n|-damage|p2a: Latias|93\/100\n|-damage|p2a: Latias|85\/100\n|-damage|p2a: Latias|77\/100\n|-damage|p2a: Latias|68\/100\n|-hitcount|p2a: Latias|4\n|\n|upkeep\n|turn|17\n|\n|t:|1698448589\n|move|p2a: Latias|Dragon Pulse|p1a: Torterra\n|-damage|p1a: Torterra|9\/100\n|move|p1a: Torterra|Headlong Rush|p2a: Latias\n|-immune|p2a: Latias|[from] ability: Levitate\n|\n|upkeep\n|turn|18\n|\n|t:|1698448595\n|move|p2a: Latias|Mist Ball|p1a: Torterra\n|-damage|p1a: Torterra|0 fnt\n|faint|p1a: Torterra\n|\n|upkeep\n|\n|t:|1698448600\n|switch|p1a: Sceptile|Sceptile, M|100\/100\n|turn|19\n|\n|t:|1698448603\n|detailschange|p1a: Sceptile|Sceptile-Mega, M\n|-mega|p1a: Sceptile|Sceptile|Sceptilite\n|move|p1a: Sceptile|Dragon Claw|p2a: Latias\n|-supereffective|p2a: Latias\n|-crit|p2a: Latias\n|-damage|p2a: Latias|0 fnt\n|faint|p2a: Latias\n|\n|upkeep\n|\n|t:|1698448609\n|switch|p2a: Heatran|Heatran, M, tera:Fire|54\/100\n|turn|20\n|\n|t:|1698448615\n|move|p1a: Sceptile|Earthquake|p2a: Heatran\n|-supereffective|p2a: Heatran\n|-damage|p2a: Heatran|0 fnt\n|faint|p2a: Heatran\n|\n|win|BankaiBleachGeek\n|raw|BankaiBleachGeek's rating: 1067 &rarr; <strong>1098<\/strong><br \/>(+31 for winning)\n|raw|Eternal Dancraft's rating: 1081 &rarr; <strong>1058<\/strong><br \/>(-23 for losing)\n","uploadtime":1698448623,"views":8,"p1id":"bankaibleachgeek","p2id":"eternaldancraft","formatid":"gen9nationaldexubers","rating":1058,"private":0,"password":""}