{"id":"gen9nationaldexubers-1978249787","p1":"Pweenween","p2":"t0kotoro","format":"[Gen 9] National Dex Ubers","log":"|j|\u2606Pweenween\n|j|\u2606t0kotoro\n|t:|1698517058\n|gametype|singles\n|player|p1|Pweenween|102|\n|player|p2|t0kotoro|boarder|\n|teamsize|p1|6\n|teamsize|p2|6\n|gen|9\n|tier|[Gen 9] National Dex Ubers\n|rule|HP Percentage Mod: HP is shown in percentages\n|rule|Endless Battle Clause: Forcing endless battles is banned\n|rule|OHKO Clause: OHKO moves are banned\n|rule|Evasion Moves Clause: Evasion moves are banned\n|rule|Evasion Items Clause: Evasion items are banned\n|rule|Species Clause: Limit one of each Pok\u00e9mon\n|rule|Sleep Clause Mod: Limit one foe put to sleep\n|rule|Mega Rayquaza Clause: You cannot mega evolve Rayquaza\n|clearpoke\n|poke|p1|Tyranitar, M|\n|poke|p1|Excadrill, F|\n|poke|p1|Skarmory, M|\n|poke|p1|Gardevoir, M|\n|poke|p1|Serperior, F|\n|poke|p1|Rotom-Heat|\n|poke|p2|Pelipper, M|\n|poke|p2|Swampert, F|\n|poke|p2|Qwilfish, M|\n|poke|p2|Goodra-Hisui, M|\n|poke|p2|Ferrothorn, M|\n|poke|p2|Thundurus, M|\n|teampreview\n|\n|t:|1698517078\n|start\n|switch|p1a: Bro let's go out|Tyranitar, M|100\/100\n|switch|p2a: Swampert|Swampert, F|100\/100\n|-weather|Sandstorm|[from] ability: Sand Stream|[of] p1a: Bro let's go out\n|turn|1\n|\n|t:|1698517096\n|switch|p1a: There's a crazy|Skarmory, M|100\/100\n|detailschange|p2a: Swampert|Swampert-Mega, F\n|-mega|p2a: Swampert|Swampert|Swampertite\n|move|p2a: Swampert|Flip Turn|p1a: There's a crazy\n|-damage|p1a: There's a crazy|77\/100\n|-damage|p2a: Swampert|84\/100|[from] item: Rocky Helmet|[of] p1a: There's a crazy\n|\n|t:|1698517116\n|switch|p2a: Pelipper|Pelipper, M|100\/100|[from] Flip Turn\n|-weather|RainDance|[from] ability: Drizzle|[of] p2a: Pelipper\n|\n|-weather|RainDance|[upkeep]\n|upkeep\n|turn|2\n|\n|t:|1698517124\n|move|p1a: There's a crazy|Stealth Rock|p2a: Pelipper\n|-sidestart|p2: t0kotoro|move: Stealth Rock\n|move|p2a: Pelipper|Knock Off|p1a: There's a crazy\n|-damage|p1a: There's a crazy|70\/100\n|-damage|p2a: Pelipper|84\/100|[from] item: Rocky Helmet|[of] p1a: There's a crazy\n|-enditem|p1a: There's a crazy|Rocky Helmet|[from] move: Knock Off|[of] p2a: Pelipper\n|\n|-weather|RainDance|[upkeep]\n|upkeep\n|turn|3\n|\n|t:|1698517135\n|move|p2a: Pelipper|Weather Ball|p1a: There's a crazy\n|-damage|p1a: There's a crazy|0 fnt\n|faint|p1a: There's a crazy\n|\n|-weather|RainDance|[upkeep]\n|upkeep\n|\n|t:|1698517147\n|switch|p1a: Letsjustgohavefun|Rotom-Heat|100\/100\n|turn|4\n|\n|t:|1698517164\n|switch|p2a: Goodra|Goodra-Hisui, M|100\/100\n|-damage|p2a: Goodra|94\/100|[from] Stealth Rock\n|-item|p2a: Goodra|Air Balloon\n|move|p1a: Letsjustgohavefun|Will-O-Wisp|p2a: Goodra\n|-status|p2a: Goodra|brn\n|\n|-weather|RainDance|[upkeep]\n|-damage|p2a: Goodra|88\/100 brn|[from] brn\n|upkeep\n|turn|5\n|\n|t:|1698517177\n|move|p1a: Letsjustgohavefun|Volt Switch|p2a: Goodra\n|-resisted|p2a: Goodra\n|-damage|p2a: Goodra|82\/100 brn\n|-enditem|p2a: Goodra|Air Balloon\n|\n|t:|1698517188\n|switch|p1a: happening there'll|Gardevoir, M|100\/100|[from] Volt Switch\n|-ability|p1a: happening there'll|Sap Sipper|[from] ability: Trace|[of] p2a: Goodra\n|move|p2a: Goodra|Surf|p1a: happening there'll\n|-damage|p1a: happening there'll|66\/100\n|\n|-weather|none\n|-heal|p1a: happening there'll|72\/100|[from] item: Leftovers\n|-damage|p2a: Goodra|76\/100 brn|[from] brn\n|upkeep\n|turn|6\n|\n|t:|1698517215\n|switch|p2a: Ferrothorn|Ferrothorn, M|100\/100\n|-damage|p2a: Ferrothorn|95\/100|[from] Stealth Rock\n|move|p1a: happening there'll|Rest|p1a: happening there'll\n|-status|p1a: happening there'll|slp|[from] move: Rest\n|-heal|p1a: happening there'll|100\/100 slp|[silent]\n|\n|upkeep\n|turn|7\n|\n|t:|1698517225\n|cant|p1a: happening there'll|slp\n|move|p1a: happening there'll|Sleep Talk|p1a: happening there'll\n|move|p1a: happening there'll|Rest||[from]move: Sleep Talk|[still]\n|-fail|p1a: happening there'll\n|move|p2a: Ferrothorn|Stealth Rock|p1a: happening there'll\n|-sidestart|p1: Pweenween|move: Stealth Rock\n|\n|upkeep\n|turn|8\n|\n|t:|1698517233\n|cant|p1a: happening there'll|slp\n|move|p1a: happening there'll|Sleep Talk|p1a: happening there'll\n|move|p1a: happening there'll|Rest||[from]move: Sleep Talk|[still]\n|-fail|p1a: happening there'll\n|move|p2a: Ferrothorn|Leech Seed|p1a: happening there'll\n|-ability|p1a: happening there'll|Sap Sipper|boost\n|-boost|p1a: happening there'll|atk|1\n|\n|upkeep\n|turn|9\n|\n|t:|1698517246\n|switch|p2a: Qwilfish|Qwilfish, M|100\/100\n|-damage|p2a: Qwilfish|88\/100|[from] Stealth Rock\n|-ability|p2a: Qwilfish|Intimidate|boost\n|-unboost|p1a: happening there'll|atk|1\n|-curestatus|p1a: happening there'll|slp|[msg]\n|move|p1a: happening there'll|Moonblast|p2a: Qwilfish\n|-resisted|p2a: Qwilfish\n|-damage|p2a: Qwilfish|46\/100\n|\n|upkeep\n|turn|10\n|\n|t:|1698517267\n|switch|p2a: Goodra|Goodra-Hisui, M|76\/100 brn\n|-damage|p2a: Goodra|70\/100 brn|[from] Stealth Rock\n|move|p1a: happening there'll|Psyshock|p2a: Goodra\n|-resisted|p2a: Goodra\n|-damage|p2a: Goodra|52\/100 brn\n|\n|-damage|p2a: Goodra|46\/100 brn|[from] brn\n|upkeep\n|turn|11\n|\n|t:|1698517281\n|move|p1a: happening there'll|Moonblast|p2a: Goodra\n|-damage|p2a: Goodra|24\/100 brn\n|move|p2a: Goodra|Life Dew|p2a: Goodra\n|-heal|p2a: Goodra|49\/100 brn\n|\n|-damage|p2a: Goodra|43\/100 brn|[from] brn\n|upkeep\n|turn|12\n|\n|t:|1698517290\n|move|p1a: happening there'll|Moonblast|p2a: Goodra\n|-damage|p2a: Goodra|20\/100 brn\n|-unboost|p2a: Goodra|spa|1\n|move|p2a: Goodra|Flash Cannon|p1a: happening there'll\n|-supereffective|p1a: happening there'll\n|-damage|p1a: happening there'll|53\/100\n|\n|-heal|p1a: happening there'll|59\/100|[from] item: Leftovers\n|-damage|p2a: Goodra|14\/100 brn|[from] brn\n|upkeep\n|turn|13\n|\n|t:|1698517306\n|switch|p2a: Pelipper|Pelipper, M|84\/100\n|-weather|RainDance|[from] ability: Drizzle|[of] p2a: Pelipper\n|move|p1a: happening there'll|Moonblast|p2a: Pelipper\n|-damage|p2a: Pelipper|12\/100\n|\n|-weather|RainDance|[upkeep]\n|-heal|p1a: happening there'll|65\/100|[from] item: Leftovers\n|upkeep\n|turn|14\n|\n|t:|1698517323\n|move|p1a: happening there'll|Psyshock|p2a: Pelipper\n|-damage|p2a: Pelipper|0 fnt\n|faint|p2a: Pelipper\n|\n|-weather|RainDance|[upkeep]\n|-heal|p1a: happening there'll|71\/100|[from] item: Leftovers\n|upkeep\n|\n|t:|1698517331\n|switch|p2a: Swampert|Swampert-Mega, F|84\/100\n|-damage|p2a: Swampert|78\/100|[from] Stealth Rock\n|turn|15\n|\n|t:|1698517340\n|move|p2a: Swampert|Liquidation|p1a: happening there'll\n|-damage|p1a: happening there'll|0 fnt\n|faint|p1a: happening there'll\n|\n|-weather|RainDance|[upkeep]\n|upkeep\n|\n|t:|1698517345\n|switch|p1a: be a ton of chicks|Serperior, F|100\/100\n|-damage|p1a: be a ton of chicks|88\/100|[from] Stealth Rock\n|turn|16\n|\n|t:|1698517362\n|switch|p2a: Goodra|Goodra-Hisui, M|14\/100 brn\n|-damage|p2a: Goodra|8\/100 brn|[from] Stealth Rock\n|move|p1a: be a ton of chicks|Hidden Power|p2a: Goodra\n|-damage|p2a: Goodra|4\/100 brn\n|\n|-weather|RainDance|[upkeep]\n|-damage|p2a: Goodra|0 fnt|[from] brn\n|faint|p2a: Goodra\n|upkeep\n|\n|t:|1698517385\n|switch|p2a: Thundurus|Thundurus, M|100\/100\n|turn|17\n|\n|t:|1698517397\n|switch|p1a: Letsjustgohavefun|Rotom-Heat|100\/100\n|-damage|p1a: Letsjustgohavefun|75\/100|[from] Stealth Rock\n|move|p2a: Thundurus|Wildbolt Storm|p1a: Letsjustgohavefun\n|-resisted|p1a: Letsjustgohavefun\n|-damage|p1a: Letsjustgohavefun|53\/100\n|\n|-weather|none\n|-heal|p1a: Letsjustgohavefun|59\/100|[from] item: Leftovers\n|upkeep\n|turn|18\n|\n|t:|1698517412\n|move|p2a: Thundurus|Volt Switch|p1a: Letsjustgohavefun\n|-resisted|p1a: Letsjustgohavefun\n|-damage|p1a: Letsjustgohavefun|43\/100\n|\n|t:|1698517419\n|switch|p2a: Qwilfish|Qwilfish, M|46\/100|[from] Volt Switch\n|-damage|p2a: Qwilfish|34\/100|[from] Stealth Rock\n|-ability|p2a: Qwilfish|Intimidate|boost\n|-unboost|p1a: Letsjustgohavefun|atk|1\n|move|p1a: Letsjustgohavefun|Volt Switch|p2a: Qwilfish\n|-supereffective|p2a: Qwilfish\n|-damage|p2a: Qwilfish|0 fnt\n|faint|p2a: Qwilfish\n|\n|t:|1698517433\n|switch|p1a: this weekend.|Excadrill, F|100\/100|[from] Volt Switch\n|-damage|p1a: this weekend.|97\/100|[from] Stealth Rock\n|\n|-heal|p1a: this weekend.|100\/100|[from] item: Leftovers\n|upkeep\n|\n|t:|1698517446\n|switch|p2a: Ferrothorn|Ferrothorn, M|95\/100\n|-damage|p2a: Ferrothorn|89\/100|[from] Stealth Rock\n|turn|19\n|\n|t:|1698517454\n|move|p1a: this weekend.|Earthquake|p2a: Ferrothorn\n|-damage|p2a: Ferrothorn|58\/100\n|move|p2a: Ferrothorn|Body Press|p1a: this weekend.\n|-supereffective|p1a: this weekend.\n|-damage|p1a: this weekend.|6\/100\n|\n|-heal|p1a: this weekend.|12\/100|[from] item: Leftovers\n|upkeep\n|turn|20\n|\n|t:|1698517474\n|switch|p1a: Letsjustgohavefun|Rotom-Heat|43\/100\n|-damage|p1a: Letsjustgohavefun|18\/100|[from] Stealth Rock\n|move|p2a: Ferrothorn|Leech Seed|p1a: Letsjustgohavefun\n|-start|p1a: Letsjustgohavefun|move: Leech Seed\n|\n|-heal|p1a: Letsjustgohavefun|24\/100|[from] item: Leftovers\n|-damage|p1a: Letsjustgohavefun|11\/100|[from] Leech Seed|[of] p2a: Ferrothorn\n|-heal|p2a: Ferrothorn|69\/100|[silent]\n|upkeep\n|turn|21\n|\n|t:|1698517484\n|switch|p2a: Swampert|Swampert-Mega, F|78\/100\n|-damage|p2a: Swampert|72\/100|[from] Stealth Rock\n|move|p1a: Letsjustgohavefun|Overheat|p2a: Swampert\n|-resisted|p2a: Swampert\n|-damage|p2a: Swampert|49\/100\n|-unboost|p1a: Letsjustgohavefun|spa|2\n|\n|-heal|p1a: Letsjustgohavefun|17\/100|[from] item: Leftovers\n|-damage|p1a: Letsjustgohavefun|5\/100|[from] Leech Seed|[of] p2a: Swampert\n|-heal|p2a: Swampert|60\/100|[silent]\n|upkeep\n|turn|22\n|\n|t:|1698517498\n|move|p2a: Swampert|Liquidation|p1a: Letsjustgohavefun\n|-supereffective|p1a: Letsjustgohavefun\n|-damage|p1a: Letsjustgohavefun|0 fnt\n|faint|p1a: Letsjustgohavefun\n|\n|upkeep\n|\n|t:|1698517504\n|switch|p1a: be a ton of chicks|Serperior, F|88\/100\n|-damage|p1a: be a ton of chicks|76\/100|[from] Stealth Rock\n|turn|23\n|\n|t:|1698517511\n|switch|p2a: Thundurus|Thundurus, M|100\/100\n|move|p1a: be a ton of chicks|Leaf Storm|p2a: Thundurus\n|-resisted|p2a: Thundurus\n|-damage|p2a: Thundurus|67\/100\n|-boost|p1a: be a ton of chicks|spa|2\n|\n|upkeep\n|turn|24\n|\n|t:|1698517528\n|switch|p1a: this weekend.|Excadrill, F|12\/100\n|-damage|p1a: this weekend.|9\/100|[from] Stealth Rock\n|switch|p2a: Ferrothorn|Ferrothorn, M|69\/100\n|-damage|p2a: Ferrothorn|63\/100|[from] Stealth Rock\n|\n|-heal|p1a: this weekend.|15\/100|[from] item: Leftovers\n|upkeep\n|turn|25\n|\n|t:|1698517540\n|move|p1a: this weekend.|Earthquake|p2a: Ferrothorn\n|-damage|p2a: Ferrothorn|29\/100\n|move|p2a: Ferrothorn|Body Press|p1a: this weekend.\n|-supereffective|p1a: this weekend.\n|-damage|p1a: this weekend.|0 fnt\n|faint|p1a: this weekend.\n|\n|upkeep\n|\n|t:|1698517547\n|switch|p1a: Bro let's go out|Tyranitar, M|100\/100\n|-damage|p1a: Bro let's go out|88\/100|[from] Stealth Rock\n|-weather|Sandstorm|[from] ability: Sand Stream|[of] p1a: Bro let's go out\n|turn|26\n|\n|t:|1698517561\n|detailschange|p1a: Bro let's go out|Tyranitar-Mega, M\n|-mega|p1a: Bro let's go out|Tyranitar|Tyranitarite\n|move|p1a: Bro let's go out|Ice Punch|p2a: Ferrothorn\n|-damage|p2a: Ferrothorn|8\/100\n|-damage|p1a: Bro let's go out|76\/100|[from] ability: Iron Barbs|[of] p2a: Ferrothorn\n|-damage|p1a: Bro let's go out|59\/100|[from] item: Rocky Helmet|[of] p2a: Ferrothorn\n|move|p2a: Ferrothorn|Body Press|p1a: Bro let's go out\n|-supereffective|p1a: Bro let's go out\n|-damage|p1a: Bro let's go out|0 fnt\n|faint|p1a: Bro let's go out\n|\n|-weather|Sandstorm|[upkeep]\n|upkeep\n|\n|t:|1698517572\n|switch|p1a: be a ton of chicks|Serperior, F|76\/100\n|-damage|p1a: be a ton of chicks|63\/100|[from] Stealth Rock\n|turn|27\n|\n|t:|1698517577\n|move|p1a: be a ton of chicks|Leaf Storm|p2a: Ferrothorn\n|-resisted|p2a: Ferrothorn\n|-damage|p2a: Ferrothorn|0 fnt\n|-boost|p1a: be a ton of chicks|spa|2\n|faint|p2a: Ferrothorn\n|\n|-weather|Sandstorm|[upkeep]\n|-damage|p1a: be a ton of chicks|57\/100|[from] Sandstorm\n|upkeep\n|\n|t:|1698517587\n|switch|p2a: Thundurus|Thundurus, M|67\/100\n|turn|28\n|\n|t:|1698517607\n|move|p1a: be a ton of chicks|Leaf Storm|p2a: Thundurus|[miss]\n|-miss|p1a: be a ton of chicks|p2a: Thundurus\n|move|p2a: Thundurus|Weather Ball|p1a: be a ton of chicks\n|-damage|p1a: be a ton of chicks|17\/100\n|\n|-weather|Sandstorm|[upkeep]\n|-damage|p1a: be a ton of chicks|11\/100|[from] Sandstorm\n|-damage|p2a: Thundurus|61\/100|[from] Sandstorm\n|upkeep\n|turn|29\n|\n|t:|1698517619\n|move|p1a: be a ton of chicks|Leaf Storm|p2a: Thundurus\n|-resisted|p2a: Thundurus\n|-damage|p2a: Thundurus|2\/100\n|-boost|p1a: be a ton of chicks|spa|2\n|move|p2a: Thundurus|Weather Ball|p1a: be a ton of chicks\n|-damage|p1a: be a ton of chicks|0 fnt\n|faint|p1a: be a ton of chicks\n|\n|win|t0kotoro\n|c|\u2606t0kotoro|damn gg\n|c|\u2606t0kotoro|super close\n|l|\u2606t0kotoro\n","uploadtime":1698517725,"views":16,"p1id":"pweenween","p2id":"t0kotoro","formatid":"gen9nationaldexubers","rating":0,"private":0,"password":""}