{"id":"gen9nationaldexubers-1989868737","p1":"TRIPLE RILABOOM","p2":"Zoroark12000","format":"[Gen 9] National Dex Ubers","log":"|j|\u2606TRIPLE RILABOOM\n|j|\u2606Zoroark12000\n|t:|1699902475\n|gametype|singles\n|player|p1|TRIPLE RILABOOM|265|1137\n|player|p2|Zoroark12000|gambler|1000\n|teamsize|p1|6\n|teamsize|p2|6\n|gen|9\n|tier|[Gen 9] National Dex Ubers\n|rated|\n|rule|HP Percentage Mod: HP is shown in percentages\n|rule|Endless Battle Clause: Forcing endless battles is banned\n|rule|OHKO Clause: OHKO moves are banned\n|rule|Evasion Moves Clause: Evasion moves are banned\n|rule|Evasion Items Clause: Evasion items are banned\n|rule|Species Clause: Limit one of each Pok\u00e9mon\n|rule|Sleep Clause Mod: Limit one foe put to sleep\n|rule|Mega Rayquaza Clause: You cannot mega evolve Rayquaza\n|clearpoke\n|poke|p1|Marshadow|\n|poke|p1|Darmanitan-Galar, M|\n|poke|p1|Gholdengo|\n|poke|p1|Galvantula, M|\n|poke|p1|Zarude|\n|poke|p1|Marowak-Alola, M|\n|poke|p2|Zacian-*|\n|poke|p2|Deoxys-Attack|\n|poke|p2|Eternatus|\n|poke|p2|Giratina|\n|poke|p2|Arceus-Dark|\n|poke|p2|Kyurem-Black|\n|teampreview\n|\n|t:|1699902508\n|start\n|switch|p1a: Galvantula|Galvantula, M|100\/100\n|switch|p2a: Zacian|Zacian-Crowned|100\/100\n|-ability|p2a: Zacian|Intrepid Sword|boost\n|-boost|p2a: Zacian|atk|1\n|turn|1\n|\n|t:|1699902517\n|move|p2a: Zacian|Close Combat|p1a: Galvantula\n|-resisted|p1a: Galvantula\n|-damage|p1a: Galvantula|33\/100\n|-unboost|p2a: Zacian|def|1\n|-unboost|p2a: Zacian|spd|1\n|move|p1a: Galvantula|Sticky Web|p2a: Zacian\n|-sidestart|p2: Zoroark12000|move: Sticky Web\n|\n|upkeep\n|turn|2\n|\n|t:|1699902527\n|move|p2a: Zacian|Close Combat|p1a: Galvantula\n|-resisted|p1a: Galvantula\n|-damage|p1a: Galvantula|0 fnt\n|-unboost|p2a: Zacian|def|1\n|-unboost|p2a: Zacian|spd|1\n|faint|p1a: Galvantula\n|\n|upkeep\n|\n|t:|1699902544\n|switch|p1a: Gholdengo|Gholdengo|100\/100\n|turn|3\n|inactive|Battle timer is ON: inactive players will automatically lose when time's up. (requested by Zoroark12000)\n|\n|t:|1699902551\n|move|p2a: Zacian|Close Combat|p1a: Gholdengo\n|-immune|p1a: Gholdengo\n|move|p1a: Gholdengo|Shadow Ball|p2a: Zacian\n|-damage|p2a: Zacian|11\/100\n|\n|upkeep\n|turn|4\n|\n|t:|1699902566\n|move|p2a: Zacian|Behemoth Blade|p1a: Gholdengo\n|-resisted|p1a: Gholdengo\n|-damage|p1a: Gholdengo|62\/100\n|move|p1a: Gholdengo|Shadow Ball|p2a: Zacian\n|-damage|p2a: Zacian|0 fnt\n|faint|p2a: Zacian\n|\n|-heal|p1a: Gholdengo|68\/100|[from] item: Leftovers\n|upkeep\n|\n|t:|1699902579\n|switch|p2a: Giratina|Giratina|100\/100\n|-activate|p2a: Giratina|move: Sticky Web\n|-unboost|p2a: Giratina|spe|1\n|-ability|p2a: Giratina|Pressure\n|turn|5\n|\n|t:|1699902591\n|move|p1a: Gholdengo|Shadow Ball|p2a: Giratina\n|-supereffective|p2a: Giratina\n|-crit|p2a: Giratina\n|-damage|p2a: Giratina|13\/100\n|move|p2a: Giratina|Dark Pulse|p1a: Gholdengo\n|-supereffective|p1a: Gholdengo\n|-damage|p1a: Gholdengo|16\/100\n|\n|-heal|p1a: Gholdengo|22\/100|[from] item: Leftovers\n|upkeep\n|turn|6\n|\n|t:|1699902613\n|move|p1a: Gholdengo|Recover|p1a: Gholdengo\n|-heal|p1a: Gholdengo|72\/100\n|move|p2a: Giratina|Dark Pulse|p1a: Gholdengo\n|-supereffective|p1a: Gholdengo\n|-crit|p1a: Gholdengo\n|-damage|p1a: Gholdengo|2\/100\n|\n|-heal|p1a: Gholdengo|8\/100|[from] item: Leftovers\n|upkeep\n|turn|7\n|\n|t:|1699902625\n|move|p1a: Gholdengo|Shadow Ball|p2a: Giratina\n|-supereffective|p2a: Giratina\n|-damage|p2a: Giratina|0 fnt\n|faint|p2a: Giratina\n|\n|-heal|p1a: Gholdengo|14\/100|[from] item: Leftovers\n|upkeep\n|\n|t:|1699902638\n|switch|p2a: Kyurem|Kyurem-Black, shiny|100\/100\n|-activate|p2a: Kyurem|move: Sticky Web\n|-unboost|p2a: Kyurem|spe|1\n|-ability|p2a: Kyurem|Teravolt\n|turn|8\n|\n|t:|1699902653\n|move|p1a: Gholdengo|Make It Rain|p2a: Kyurem\n|-supereffective|p2a: Kyurem\n|-enditem|p2a: Kyurem|Focus Sash\n|-damage|p2a: Kyurem|1\/100\n|-unboost|p1a: Gholdengo|spa|1\n|move|p2a: Kyurem|Fusion Bolt|p1a: Gholdengo\n|-damage|p1a: Gholdengo|0 fnt\n|faint|p1a: Gholdengo\n|\n|upkeep\n|\n|t:|1699902663\n|switch|p1a: Marshadow|Marshadow|100\/100\n|turn|9\n|\n|t:|1699902671\n|move|p1a: Marshadow|Shadow Sneak|p2a: Kyurem\n|-damage|p2a: Kyurem|0 fnt\n|faint|p2a: Kyurem\n|\n|upkeep\n|\n|t:|1699902678\n|switch|p2a: Deoxys|Deoxys-Attack|100\/100\n|-activate|p2a: Deoxys|move: Sticky Web\n|-unboost|p2a: Deoxys|spe|1\n|-ability|p2a: Deoxys|Pressure\n|turn|10\n|\n|t:|1699902703\n|move|p2a: Deoxys|Extreme Speed|p1a: Marshadow\n|-immune|p1a: Marshadow\n|move|p1a: Marshadow|Swagger|p2a: Deoxys\n|-boost|p2a: Deoxys|atk|2\n|-enditem|p1a: Marshadow|Mirror Herb\n|-boost|p1a: Marshadow|atk|2|[from] item: Mirror Herb\n|-start|p2a: Deoxys|confusion\n|\n|upkeep\n|turn|11\n|\n|t:|1699902716\n|move|p1a: Marshadow|Spectral Thief||[still]\n|-clearpositiveboost|p2a: Deoxys|p1a: Marshadow|move: Spectral Thief\n|-boost|p1a: Marshadow|atk|2\n|-anim|p1a: Marshadow|Spectral Thief|p2a: Deoxys\n|-supereffective|p2a: Deoxys\n|-enditem|p2a: Deoxys|Focus Sash\n|-damage|p2a: Deoxys|1\/100\n|-activate|p2a: Deoxys|confusion\n|move|p2a: Deoxys|Agility|p2a: Deoxys\n|-boost|p2a: Deoxys|spe|2\n|\n|upkeep\n|turn|12\n|\n|t:|1699902733\n|move|p1a: Marshadow|Shadow Sneak|p2a: Deoxys\n|-supereffective|p2a: Deoxys\n|-damage|p2a: Deoxys|0 fnt\n|faint|p2a: Deoxys\n|\n|upkeep\n|\n|t:|1699902738\n|switch|p2a: Arceus|Arceus-Dark|100\/100\n|-activate|p2a: Arceus|move: Sticky Web\n|-unboost|p2a: Arceus|spe|1\n|turn|13\n|\n|t:|1699902744\n|move|p1a: Marshadow|Close Combat|p2a: Arceus\n|-supereffective|p2a: Arceus\n|-damage|p2a: Arceus|0 fnt\n|-unboost|p1a: Marshadow|def|1\n|-unboost|p1a: Marshadow|spd|1\n|faint|p2a: Arceus\n|\n|upkeep\n|\n|t:|1699902751\n|switch|p2a: Eternatus|Eternatus|100\/100\n|-activate|p2a: Eternatus|move: Sticky Web\n|-unboost|p2a: Eternatus|spe|1\n|-ability|p2a: Eternatus|Pressure\n|turn|14\n|\n|t:|1699902761\n|move|p1a: Marshadow|Spectral Thief|p2a: Eternatus\n|-enditem|p2a: Eternatus|Focus Sash\n|-damage|p2a: Eternatus|1\/100\n|move|p2a: Eternatus|Dynamax Cannon|p1a: Marshadow\n|-damage|p1a: Marshadow|0 fnt\n|faint|p1a: Marshadow\n|\n|upkeep\n|\n|t:|1699902778\n|switch|p1a: Zarude|Zarude|100\/100\n|turn|15\n|\n|t:|1699902784\n|move|p1a: Zarude|Darkest Lariat|p2a: Eternatus\n|-damage|p2a: Eternatus|0 fnt\n|faint|p2a: Eternatus\n|\n|win|TRIPLE RILABOOM\n|raw|TRIPLE RILABOOM's rating: 1137 &rarr; <strong>1153<\/strong><br \/>(+16 for winning)\n|raw|Zoroark12000's rating: 1000 &rarr; <strong>1000<\/strong><br \/>(+0 for losing)\n","uploadtime":1699902789,"views":15,"p1id":"triplerilaboom","p2id":"zoroark12000","formatid":"gen9nationaldexubers","rating":1000,"private":0,"password":""}