{"id":"gen9nationaldexubers-1995996214","p1":"SCARCITY25","p2":"Just B3A$T","format":"[Gen 9] National Dex Ubers","log":"|j|\u2606SCARCITY25\n|j|\u2606Just B3A$T\n|t:|1700626928\n|gametype|singles\n|player|p1|SCARCITY25|cynthia-gen4|\n|player|p2|Just B3A$T|dawn|\n|teamsize|p1|6\n|teamsize|p2|6\n|gen|9\n|tier|[Gen 9] National Dex Ubers\n|rule|HP Percentage Mod: HP is shown in percentages\n|rule|Endless Battle Clause: Forcing endless battles is banned\n|rule|OHKO Clause: OHKO moves are banned\n|rule|Evasion Moves Clause: Evasion moves are banned\n|rule|Evasion Items Clause: Evasion items are banned\n|rule|Species Clause: Limit one of each Pok\u00e9mon\n|rule|Sleep Clause Mod: Limit one foe put to sleep\n|rule|Mega Rayquaza Clause: You cannot mega evolve Rayquaza\n|clearpoke\n|poke|p1|Tapu Koko|\n|poke|p1|Iron Valiant|\n|poke|p1|Urshifu-*, F|\n|poke|p1|Garchomp, M|\n|poke|p1|Corviknight, F|\n|poke|p1|Rotom-Wash|\n|poke|p2|Aegislash, M|\n|poke|p2|Genesect-Douse|\n|poke|p2|Celesteela|\n|poke|p2|Gardevoir, F|\n|poke|p2|Magnezone|\n|poke|p2|Heatran, M|\n|teampreview\n|inactive|Battle timer is ON: inactive players will automatically lose when time's up. (requested by Just B3A$T)\n|c|\u2606Just B3A$T|Hmm...\n|c|\u2606SCARCITY25|glhf\n|c|\u2606Just B3A$T|U2\n|c|\u2606Just B3A$T|Taste my steeled fangs of vengeance!\n|inactive|SCARCITY25 has 270 seconds left.\n|inactive|Just B3A$T has 270 seconds left.\n|c|\u2606Just B3A$T|(I'm the only one who does this gym leader bit)\n|c|\u2606SCARCITY25|dans was better\n|c|\u2606SCARCITY25|he said dont let the darkness consume you\n|c|\u2606SCARCITY25|or smth like that\n|inactive|SCARCITY25 has 240 seconds left.\n|inactive|Just B3A$T has 240 seconds left.\n|\n|t:|1700627007\n|start\n|switch|p1a: Rotom|Rotom-Wash|100\/100\n|switch|p2a: burning up!|Heatran, M, shiny|100\/100\n|-item|p2a: burning up!|Air Balloon\n|turn|1\n|\n|t:|1700627020\n|switch|p2a: Cyclops|Magnezone, shiny|100\/100\n|move|p1a: Rotom|Volt Switch|p2a: Cyclops\n|-resisted|p2a: Cyclops\n|-damage|p2a: Cyclops|85\/100\n|\n|t:|1700627023\n|switch|p1a: Garchomp|Garchomp, M|100\/100|[from] Volt Switch\n|\n|upkeep\n|turn|2\n|\n|t:|1700627030\n|move|p2a: Cyclops|Hidden Power|p1a: Garchomp\n|-supereffective|p1a: Garchomp\n|-damage|p1a: Garchomp|8\/100\n|move|p1a: Garchomp|Spikes|p2a: Cyclops\n|-sidestart|p2: Just B3A$T|Spikes\n|\n|-heal|p1a: Garchomp|14\/100|[from] item: Leftovers\n|upkeep\n|turn|3\n|\n|t:|1700627038\n|switch|p1a: Rotom|Rotom-Wash|100\/100\n|move|p2a: Cyclops|Hidden Power|p1a: Rotom\n|-resisted|p1a: Rotom\n|-damage|p1a: Rotom|93\/100\n|\n|-heal|p1a: Rotom|99\/100|[from] item: Leftovers\n|upkeep\n|turn|4\n|\n|t:|1700627044\n|move|p2a: Cyclops|Hidden Power|p1a: Rotom\n|-resisted|p1a: Rotom\n|-damage|p1a: Rotom|90\/100\n|move|p1a: Rotom|Thunder Wave|p2a: Cyclops\n|-immune|p2a: Cyclops\n|\n|-heal|p1a: Rotom|96\/100|[from] item: Leftovers\n|upkeep\n|turn|5\n|\n|t:|1700627049\n|move|p2a: Cyclops|Hidden Power|p1a: Rotom\n|-resisted|p1a: Rotom\n|-damage|p1a: Rotom|88\/100\n|move|p1a: Rotom|Thunder Wave|p2a: Cyclops\n|-immune|p2a: Cyclops\n|\n|-heal|p1a: Rotom|94\/100|[from] item: Leftovers\n|upkeep\n|turn|6\n|\n|t:|1700627054\n|move|p2a: Cyclops|Hidden Power|p1a: Rotom\n|-resisted|p1a: Rotom\n|-damage|p1a: Rotom|85\/100\n|move|p1a: Rotom|Thunder Wave|p2a: Cyclops\n|-immune|p2a: Cyclops\n|\n|-heal|p1a: Rotom|92\/100|[from] item: Leftovers\n|upkeep\n|turn|7\n|c|\u2606Just B3A$T|yo\n|\n|t:|1700627064\n|move|p2a: Cyclops|Hidden Power|p1a: Rotom\n|-resisted|p1a: Rotom\n|-damage|p1a: Rotom|83\/100\n|move|p1a: Rotom|Thunder Wave|p2a: Cyclops\n|-immune|p2a: Cyclops\n|\n|-heal|p1a: Rotom|90\/100|[from] item: Leftovers\n|upkeep\n|turn|8\n|c|\u2606SCARCITY25|i have more pp i can do this all day\n|c|\u2606Just B3A$T|same\n|\n|t:|1700627075\n|move|p2a: Cyclops|Hidden Power|p1a: Rotom\n|-resisted|p1a: Rotom\n|-crit|p1a: Rotom\n|-damage|p1a: Rotom|78\/100\n|move|p1a: Rotom|Thunder Wave|p2a: Cyclops\n|-immune|p2a: Cyclops\n|\n|-heal|p1a: Rotom|84\/100|[from] item: Leftovers\n|upkeep\n|turn|9\n|\n|t:|1700627077\n|move|p2a: Cyclops|Hidden Power|p1a: Rotom\n|-resisted|p1a: Rotom\n|-damage|p1a: Rotom|75\/100\n|move|p1a: Rotom|Hydro Pump|p2a: Cyclops|[miss]\n|-miss|p1a: Rotom|p2a: Cyclops\n|\n|-heal|p1a: Rotom|82\/100|[from] item: Leftovers\n|upkeep\n|turn|10\n|\n|t:|1700627082\n|move|p2a: Cyclops|Hidden Power|p1a: Rotom\n|-resisted|p1a: Rotom\n|-damage|p1a: Rotom|74\/100\n|move|p1a: Rotom|Thunder Wave|p2a: Cyclops\n|-immune|p2a: Cyclops\n|\n|-heal|p1a: Rotom|80\/100|[from] item: Leftovers\n|upkeep\n|turn|11\n|inactive|Just B3A$T has 270 seconds left.\n|\n|t:|1700627139\n|move|p2a: Cyclops|Hidden Power|p1a: Rotom\n|-resisted|p1a: Rotom\n|-damage|p1a: Rotom|71\/100\n|move|p1a: Rotom|Thunder Wave|p2a: Cyclops\n|-immune|p2a: Cyclops\n|\n|-heal|p1a: Rotom|77\/100|[from] item: Leftovers\n|upkeep\n|turn|12\n|\n|t:|1700627156\n|move|p2a: Cyclops|Hidden Power|p1a: Rotom\n|-resisted|p1a: Rotom\n|-damage|p1a: Rotom|68\/100\n|move|p1a: Rotom|Thunder Wave|p2a: Cyclops\n|-immune|p2a: Cyclops\n|\n|-heal|p1a: Rotom|74\/100|[from] item: Leftovers\n|upkeep\n|turn|13\n|\n|t:|1700627160\n|move|p2a: Cyclops|Hidden Power|p1a: Rotom\n|-resisted|p1a: Rotom\n|-damage|p1a: Rotom|65\/100\n|move|p1a: Rotom|Thunder Wave|p2a: Cyclops\n|-immune|p2a: Cyclops\n|\n|-heal|p1a: Rotom|71\/100|[from] item: Leftovers\n|upkeep\n|turn|14\n|\n|t:|1700627162\n|move|p2a: Cyclops|Hidden Power|p1a: Rotom\n|-resisted|p1a: Rotom\n|-damage|p1a: Rotom|63\/100\n|move|p1a: Rotom|Hydro Pump|p2a: Cyclops\n|-damage|p2a: Cyclops|37\/100\n|\n|-heal|p1a: Rotom|70\/100|[from] item: Leftovers\n|upkeep\n|turn|15\n|inactive|Just B3A$T has 270 seconds left.\n|\n|t:|1700627168\n|move|p2a: Cyclops|Hidden Power|p1a: Rotom\n|-resisted|p1a: Rotom\n|-damage|p1a: Rotom|60\/100\n|move|p1a: Rotom|Thunder Wave|p2a: Cyclops\n|-immune|p2a: Cyclops\n|\n|-heal|p1a: Rotom|67\/100|[from] item: Leftovers\n|upkeep\n|turn|16\n|inactive|Just B3A$T has 270 seconds left.\n|\n|t:|1700627185\n|switch|p2a: Aegis|Aegislash, M, shiny|100\/100\n|-damage|p2a: Aegis|88\/100|[from] Spikes\n|move|p1a: Rotom|Thunder Wave|p2a: Aegis\n|-status|p2a: Aegis|par\n|\n|-heal|p1a: Rotom|73\/100|[from] item: Leftovers\n|upkeep\n|turn|17\n|inactive|Just B3A$T has 270 seconds left.\n|c|\u2606Just B3A$T|need it alive\n|\n|t:|1700627195\n|move|p1a: Rotom|Volt Switch|p2a: Aegis\n|-damage|p2a: Aegis|67\/100 par\n|\n|t:|1700627204\n|switch|p1a: Garchomp|Garchomp, M|14\/100|[from] Volt Switch\n|move|p2a: Aegis|Swords Dance|p2a: Aegis\n|-boost|p2a: Aegis|atk|2\n|\n|-heal|p1a: Garchomp|20\/100|[from] item: Leftovers\n|upkeep\n|turn|18\n|\n|t:|1700627211\n|switch|p1a: Urshifu|Urshifu, F|100\/100\n|-formechange|p2a: Aegis|Aegislash-Blade||[from] ability: Stance Change\n|move|p2a: Aegis|Shadow Sneak|p1a: Urshifu\n|-resisted|p1a: Urshifu\n|-damage|p1a: Urshifu|77\/100\n|\n|upkeep\n|turn|19\n|\n|t:|1700627219\n|move|p2a: Aegis|Shadow Sneak|p1a: Urshifu\n|-resisted|p1a: Urshifu\n|-damage|p1a: Urshifu|50\/100\n|move|p1a: Urshifu|Wicked Blow|p2a: Aegis\n|-supereffective|p2a: Aegis\n|-crit|p2a: Aegis\n|-damage|p2a: Aegis|0 fnt\n|faint|p2a: Aegis\n|\n|upkeep\n|\n|t:|1700627239\n|switch|p2a: Spaceship!!!|Celesteela, shiny|100\/100\n|turn|20\n|\n|t:|1700627251\n|switch|p1a: Garchomp|Garchomp, M|20\/100\n|move|p2a: Spaceship!!!|Autotomize|p2a: Spaceship!!!\n|-boost|p2a: Spaceship!!!|spe|2\n|-start|p2a: Spaceship!!!|Autotomize\n|\n|-heal|p1a: Garchomp|26\/100|[from] item: Leftovers\n|upkeep\n|turn|21\n|\n|t:|1700627256\n|move|p2a: Spaceship!!!|Meteor Beam||[still]\n|-prepare|p2a: Spaceship!!!|Meteor Beam\n|-boost|p2a: Spaceship!!!|spa|1\n|-enditem|p2a: Spaceship!!!|Power Herb\n|-anim|p2a: Spaceship!!!|Meteor Beam|p1a: Garchomp\n|-resisted|p1a: Garchomp\n|-damage|p1a: Garchomp|0 fnt\n|faint|p1a: Garchomp\n|-ability|p2a: Spaceship!!!|Beast Boost|boost\n|-boost|p2a: Spaceship!!!|spa|1\n|\n|upkeep\n|inactive|SCARCITY25 has 270 seconds left.\n|\n|t:|1700627287\n|switch|p1a: Rotom|Rotom-Wash|73\/100\n|turn|22\n|\n|t:|1700627294\n|move|p2a: Spaceship!!!|Air Slash|p1a: Rotom\n|-resisted|p1a: Rotom\n|-damage|p1a: Rotom|44\/100\n|move|p1a: Rotom|Thunder Wave|p2a: Spaceship!!!|[miss]\n|-miss|p1a: Rotom|p2a: Spaceship!!!\n|\n|-heal|p1a: Rotom|50\/100|[from] item: Leftovers\n|upkeep\n|turn|23\n|\n|t:|1700627302\n|move|p2a: Spaceship!!!|Air Slash|p1a: Rotom\n|-resisted|p1a: Rotom\n|-damage|p1a: Rotom|19\/100\n|move|p1a: Rotom|Thunder Wave|p2a: Spaceship!!!\n|-status|p2a: Spaceship!!!|par\n|\n|-heal|p1a: Rotom|25\/100|[from] item: Leftovers\n|upkeep\n|turn|24\n|\n|t:|1700627313\n|move|p1a: Rotom|Volt Switch|p2a: Spaceship!!!\n|-supereffective|p2a: Spaceship!!!\n|-damage|p2a: Spaceship!!!|59\/100 par\n|\n|t:|1700627319\n|switch|p1a: Tapu Koko|Tapu Koko|100\/100|[from] Volt Switch\n|move|p2a: Spaceship!!!|Autotomize|p2a: Spaceship!!!\n|-boost|p2a: Spaceship!!!|spe|2\n|-start|p2a: Spaceship!!!|Autotomize\n|\n|upkeep\n|turn|25\n|\n|t:|1700627326\n|move|p1a: Tapu Koko|Thunderbolt|p2a: Spaceship!!!\n|-supereffective|p2a: Spaceship!!!\n|-damage|p2a: Spaceship!!!|0 fnt\n|faint|p2a: Spaceship!!!\n|\n|upkeep\n|\n|t:|1700627332\n|switch|p2a: burning up!|Heatran, M, shiny|100\/100\n|-item|p2a: burning up!|Air Balloon\n|turn|26\n|\n|t:|1700627345\n|move|p1a: Tapu Koko|U-turn|p2a: burning up!\n|-resisted|p2a: burning up!\n|-damage|p2a: burning up!|97\/100\n|-enditem|p2a: burning up!|Air Balloon\n|inactive|SCARCITY25 has 270 seconds left.\n|\n|t:|1700627371\n|switch|p1a: Corviknight|Corviknight, F|100\/100|[from] U-turn\n|-ability|p1a: Corviknight|Pressure\n|move|p2a: burning up!|Magma Storm|p1a: Corviknight\n|-supereffective|p1a: Corviknight\n|-damage|p1a: Corviknight|16\/100\n|-activate|p1a: Corviknight|move: Magma Storm|[of] p2a: burning up!\n|\n|-damage|p1a: Corviknight|4\/100|[from] move: Magma Storm|[partiallytrapped]\n|upkeep\n|turn|27\n|\n|t:|1700627374\n|move|p2a: burning up!|Stealth Rock|p1a: Corviknight\n|-sidestart|p1: SCARCITY25|move: Stealth Rock\n|move|p1a: Corviknight|Body Press|p2a: burning up!\n|-supereffective|p2a: burning up!\n|-damage|p2a: burning up!|51\/100\n|\n|-damage|p1a: Corviknight|0 fnt|[from] move: Magma Storm|[partiallytrapped]\n|faint|p1a: Corviknight\n|upkeep\n|\n|t:|1700627381\n|switch|p1a: Urshifu|Urshifu, F|50\/100\n|-damage|p1a: Urshifu|44\/100|[from] Stealth Rock\n|turn|28\n|inactive|SCARCITY25 has 270 seconds left.\n|inactive|SCARCITY25 has 240 seconds left.\n|\n|t:|1700627440\n|move|p1a: Urshifu|Wicked Blow|p2a: burning up!\n|-crit|p2a: burning up!\n|-damage|p2a: burning up!|0 fnt\n|faint|p2a: burning up!\n|\n|upkeep\n|inactive|Just B3A$T has 270 seconds left.\n|inactive|Just B3A$T has 240 seconds left.\n|inactive|Just B3A$T has 210 seconds left.\n|\n|t:|1700627514\n|switch|p2a: Cyclops|Magnezone, shiny|37\/100\n|-damage|p2a: Cyclops|24\/100|[from] Spikes\n|turn|29\n|\n|t:|1700627520\n|move|p1a: Urshifu|Wicked Blow|p2a: Cyclops\n|-crit|p2a: Cyclops\n|-damage|p2a: Cyclops|0 fnt\n|faint|p2a: Cyclops\n|\n|upkeep\n|c|\u2606Just B3A$T|oh\n|c|\u2606Just B3A$T|Scarfed\n|\n|t:|1700627535\n|switch|p2a: Bionic|Genesect-Douse, shiny|100\/100\n|-damage|p2a: Bionic|88\/100|[from] Spikes\n|-ability|p2a: Bionic|Download|boost\n|-boost|p2a: Bionic|spa|1\n|turn|30\n|c|\u2606SCARCITY25|yeah ive been scarf in most of my challenges\n|\n|t:|1700627546\n|move|p2a: Bionic|Extreme Speed|p1a: Urshifu\n|-damage|p1a: Urshifu|17\/100\n|move|p1a: Urshifu|Wicked Blow|p2a: Bionic\n|-crit|p2a: Bionic\n|-damage|p2a: Bionic|9\/100\n|\n|upkeep\n|turn|31\n|\n|t:|1700627553\n|move|p2a: Bionic|Extreme Speed|p1a: Urshifu\n|-damage|p1a: Urshifu|0 fnt\n|faint|p1a: Urshifu\n|\n|upkeep\n|\n|t:|1700627556\n|switch|p1a: Iron Valiant|Iron Valiant|100\/100\n|-damage|p1a: Iron Valiant|94\/100|[from] Stealth Rock\n|-enditem|p1a: Iron Valiant|Booster Energy\n|-activate|p1a: Iron Valiant|ability: Quark Drive|[fromitem]\n|-start|p1a: Iron Valiant|quarkdrivespe\n|turn|32\n|inactive|Just B3A$T has 240 seconds left.\n|\n|t:|1700627570\n|-terastallize|p1a: Iron Valiant|Steel\n|move|p2a: Bionic|Extreme Speed|p1a: Iron Valiant\n|-resisted|p1a: Iron Valiant\n|-damage|p1a: Iron Valiant|77\/100\n|move|p1a: Iron Valiant|Swords Dance|p1a: Iron Valiant\n|-boost|p1a: Iron Valiant|atk|2\n|\n|upkeep\n|turn|33\n|\n|t:|1700627576\n|move|p1a: Iron Valiant|Fire Punch|p2a: Bionic\n|-supereffective|p2a: Bionic\n|-damage|p2a: Bionic|0 fnt\n|faint|p2a: Bionic\n|\n|upkeep\n|\n|t:|1700627578\n|switch|p2a: furry bait|Gardevoir, F, shiny|100\/100\n|-damage|p2a: furry bait|88\/100|[from] Spikes\n|turn|34\n|c|\u2606Just B3A$T|gg\n|\n|t:|1700627585\n|detailschange|p2a: furry bait|Gardevoir-Mega, F, shiny\n|-mega|p2a: furry bait|Gardevoir|Gardevoirite\n|move|p1a: Iron Valiant|Fire Punch|p2a: furry bait\n|-damage|p2a: furry bait|0 fnt\n|faint|p2a: furry bait\n|\n|win|SCARCITY25\n|c|\u2606SCARCITY25|gg\n|c|\u2606Just B3A$T|looks like a cteam\n|c|\u2606Just B3A$T|with Fire Punch\n|c|\u2606Just B3A$T|lmao\n|c|\u2606SCARCITY25|i figured fire punch hits all the steels cc cant\n","uploadtime":1700627635,"views":1,"p1id":"scarcity25","p2id":"justb3at","formatid":"gen9nationaldexubers","rating":0,"private":0,"password":""}