{"id":"gen9nationaldexubers-1985225223","p1":"ReDread47","p2":"Samosn","format":"[Gen 9] National Dex Ubers","log":"|j|\u2606ReDread47\n|j|\u2606Samosn\n|t:|1699351637\n|gametype|singles\n|player|p1|ReDread47|2|1064\n|player|p2|Samosn|169|1081\n|teamsize|p1|6\n|teamsize|p2|6\n|gen|9\n|tier|[Gen 9] National Dex Ubers\n|rated|\n|rule|HP Percentage Mod: HP is shown in percentages\n|rule|Endless Battle Clause: Forcing endless battles is banned\n|rule|OHKO Clause: OHKO moves are banned\n|rule|Evasion Moves Clause: Evasion moves are banned\n|rule|Evasion Items Clause: Evasion items are banned\n|rule|Species Clause: Limit one of each Pok\u00e9mon\n|rule|Sleep Clause Mod: Limit one foe put to sleep\n|rule|Mega Rayquaza Clause: You cannot mega evolve Rayquaza\n|clearpoke\n|poke|p1|Corsola-Galar, M|\n|poke|p1|Blacephalon|\n|poke|p1|Dottler, M|\n|poke|p1|Rampardos, M|\n|poke|p1|Tyranitar, F|\n|poke|p1|Whimsicott, L1, M|\n|poke|p2|Gigalith, F|\n|poke|p2|Houndstone, F|\n|poke|p2|Dracovish|\n|poke|p2|Regieleki|\n|poke|p2|Corviknight, M|\n|poke|p2|Maushold-Four|\n|teampreview\n|\n|t:|1699351645\n|start\n|switch|p1a: Dottler|Dottler, M|100\/100\n|switch|p2a: Maushold|Maushold-Four|100\/100\n|turn|1\n|\n|t:|1699351653\n|move|p2a: Maushold|Population Bomb|p1a: Dottler\n|-damage|p1a: Dottler|83\/100\n|-damage|p1a: Dottler|67\/100\n|-damage|p1a: Dottler|51\/100\n|-damage|p1a: Dottler|35\/100\n|-damage|p1a: Dottler|20\/100\n|-damage|p1a: Dottler|5\/100\n|-damage|p1a: Dottler|0 fnt\n|faint|p1a: Dottler\n|-hitcount|p1: Dottler|7\n|\n|upkeep\n|\n|t:|1699351666\n|switch|p1a: Corsola|Corsola-Galar, M|100\/100\n|turn|2\n|inactive|Battle timer is ON: inactive players will automatically lose when time's up. (requested by ReDread47)\n|\n|t:|1699351680\n|move|p2a: Maushold|Tidy Up|p2a: Maushold\n|-boost|p2a: Maushold|atk|1\n|-boost|p2a: Maushold|spe|1\n|move|p1a: Corsola|Will-O-Wisp|p2a: Maushold\n|-status|p2a: Maushold|brn\n|\n|-damage|p2a: Maushold|94\/100 brn|[from] brn\n|upkeep\n|turn|3\n|\n|t:|1699351689\n|move|p2a: Maushold|Shadow Claw|p1a: Corsola\n|-supereffective|p1a: Corsola\n|-damage|p1a: Corsola|86\/100\n|move|p1a: Corsola|Strength Sap|p2a: Maushold\n|-unboost|p2a: Maushold|atk|1\n|-heal|p1a: Corsola|100\/100\n|\n|-damage|p2a: Maushold|88\/100 brn|[from] brn\n|upkeep\n|turn|4\n|\n|t:|1699351704\n|move|p2a: Maushold|Tidy Up|p2a: Maushold\n|-boost|p2a: Maushold|atk|1\n|-boost|p2a: Maushold|spe|1\n|move|p1a: Corsola|Haze|p1a: Corsola\n|-clearallboost\n|\n|-damage|p2a: Maushold|82\/100 brn|[from] brn\n|upkeep\n|turn|5\n|\n|t:|1699351714\n|move|p2a: Maushold|Tidy Up|p2a: Maushold\n|-boost|p2a: Maushold|atk|1\n|-boost|p2a: Maushold|spe|1\n|move|p1a: Corsola|Strength Sap|p2a: Maushold\n|-unboost|p2a: Maushold|atk|1\n|\n|-damage|p2a: Maushold|76\/100 brn|[from] brn\n|upkeep\n|turn|6\n|\n|t:|1699351724\n|move|p2a: Maushold|Tidy Up|p2a: Maushold\n|-boost|p2a: Maushold|atk|1\n|-boost|p2a: Maushold|spe|1\n|move|p1a: Corsola|Curse|p2a: Maushold\n|-start|p2a: Maushold|Curse|[of] p1a: Corsola\n|-damage|p1a: Corsola|50\/100\n|\n|-damage|p2a: Maushold|69\/100 brn|[from] brn\n|-damage|p2a: Maushold|45\/100 brn|[from] Curse\n|upkeep\n|turn|7\n|\n|t:|1699351739\n|switch|p2a: Dracovish|Dracovish|100\/100\n|move|p1a: Corsola|Strength Sap|p2a: Dracovish\n|-unboost|p2a: Dracovish|atk|1\n|-heal|p1a: Corsola|100\/100\n|\n|upkeep\n|turn|8\n|\n|t:|1699351747\n|move|p2a: Dracovish|Fishious Rend|p1a: Corsola\n|-crit|p1a: Corsola\n|-damage|p1a: Corsola|46\/100\n|move|p1a: Corsola|Will-O-Wisp|p2a: Dracovish|[miss]\n|-miss|p1a: Corsola|p2a: Dracovish\n|\n|upkeep\n|turn|9\n|\n|t:|1699351753\n|move|p2a: Dracovish|Fishious Rend|p1a: Corsola\n|-damage|p1a: Corsola|21\/100\n|move|p1a: Corsola|Strength Sap|p2a: Dracovish\n|-unboost|p2a: Dracovish|atk|1\n|-heal|p1a: Corsola|78\/100\n|\n|upkeep\n|turn|10\n|\n|t:|1699351763\n|switch|p2a: Regieleki|Regieleki|100\/100\n|move|p1a: Corsola|Will-O-Wisp|p2a: Regieleki|[miss]\n|-miss|p1a: Corsola|p2a: Regieleki\n|\n|upkeep\n|turn|11\n|\n|t:|1699351770\n|move|p2a: Regieleki|Wild Charge|p1a: Corsola\n|-damage|p1a: Corsola|52\/100\n|-damage|p2a: Regieleki|94\/100|[from] Recoil\n|move|p1a: Corsola|Will-O-Wisp|p2a: Regieleki\n|-status|p2a: Regieleki|brn\n|\n|-damage|p2a: Regieleki|88\/100 brn|[from] brn\n|upkeep\n|turn|12\n|\n|t:|1699351779\n|move|p2a: Regieleki|Wild Charge|p1a: Corsola\n|-damage|p1a: Corsola|38\/100\n|-start|p2a: Regieleki|Disable|Wild Charge|[from] ability: Cursed Body|[of] p1a: Corsola\n|-damage|p2a: Regieleki|84\/100 brn|[from] Recoil\n|move|p1a: Corsola|Strength Sap|p2a: Regieleki\n|-unboost|p2a: Regieleki|atk|1\n|-heal|p1a: Corsola|100\/100\n|\n|-damage|p2a: Regieleki|78\/100 brn|[from] brn\n|upkeep\n|turn|13\n|\n|t:|1699351794\n|switch|p2a: Dracovish|Dracovish|100\/100\n|move|p1a: Corsola|Curse|p2a: Dracovish\n|-start|p2a: Dracovish|Curse|[of] p1a: Corsola\n|-damage|p1a: Corsola|50\/100\n|\n|-damage|p2a: Dracovish|76\/100|[from] Curse\n|upkeep\n|turn|14\n|\n|t:|1699351803\n|move|p2a: Dracovish|Fishious Rend|p1a: Corsola\n|-damage|p1a: Corsola|16\/100\n|move|p1a: Corsola|Strength Sap|p2a: Dracovish\n|-unboost|p2a: Dracovish|atk|1\n|-heal|p1a: Corsola|100\/100\n|\n|-damage|p2a: Dracovish|51\/100|[from] Curse\n|upkeep\n|turn|15\n|\n|t:|1699351813\n|move|p2a: Dracovish|Fishious Rend|p1a: Corsola\n|-damage|p1a: Corsola|76\/100\n|move|p1a: Corsola|Will-O-Wisp|p2a: Dracovish\n|-status|p2a: Dracovish|brn\n|\n|-damage|p2a: Dracovish|45\/100 brn|[from] brn\n|-damage|p2a: Dracovish|20\/100 brn|[from] Curse\n|upkeep\n|turn|16\n|\n|t:|1699351822\n|move|p2a: Dracovish|Fishious Rend|p1a: Corsola\n|-damage|p1a: Corsola|64\/100\n|-start|p2a: Dracovish|Disable|Fishious Rend|[from] ability: Cursed Body|[of] p1a: Corsola\n|move|p1a: Corsola|Strength Sap|p2a: Dracovish\n|-unboost|p2a: Dracovish|atk|1\n|-heal|p1a: Corsola|100\/100\n|\n|-damage|p2a: Dracovish|14\/100 brn|[from] brn\n|-damage|p2a: Dracovish|0 fnt|[from] Curse\n|faint|p2a: Dracovish\n|upkeep\n|\n|t:|1699351837\n|switch|p2a: Regieleki|Regieleki|78\/100 brn\n|turn|17\n|\n|t:|1699351855\n|move|p2a: Regieleki|Wild Charge|p1a: Corsola\n|-damage|p1a: Corsola|87\/100\n|-damage|p2a: Regieleki|74\/100 brn|[from] Recoil\n|move|p1a: Corsola|Curse|p2a: Regieleki\n|-start|p2a: Regieleki|Curse|[of] p1a: Corsola\n|-damage|p1a: Corsola|37\/100\n|\n|-damage|p2a: Regieleki|68\/100 brn|[from] brn\n|-damage|p2a: Regieleki|44\/100 brn|[from] Curse\n|upkeep\n|turn|18\n|\n|t:|1699351866\n|move|p2a: Regieleki|Wild Charge|p1a: Corsola\n|-damage|p1a: Corsola|23\/100\n|-start|p2a: Regieleki|Disable|Wild Charge|[from] ability: Cursed Body|[of] p1a: Corsola\n|-damage|p2a: Regieleki|40\/100 brn|[from] Recoil\n|move|p1a: Corsola|Strength Sap|p2a: Regieleki\n|-unboost|p2a: Regieleki|atk|1\n|-heal|p1a: Corsola|100\/100\n|\n|-damage|p2a: Regieleki|34\/100 brn|[from] brn\n|-damage|p2a: Regieleki|9\/100 brn|[from] Curse\n|upkeep\n|turn|19\n|\n|t:|1699351881\n|-activate|p2a: Regieleki|move: Struggle\n|move|p2a: Regieleki|Struggle|p1a: Corsola\n|-damage|p1a: Corsola|98\/100\n|-damage|p2a: Regieleki|0 fnt|[from] recoil\n|faint|p2a: Regieleki\n|move|p1a: Corsola|Strength Sap|p2: Regieleki|[notarget]\n|-fail|p1a: Corsola\n|\n|upkeep\n|\n|t:|1699351890\n|switch|p2a: Corviknight|Corviknight, M|100\/100\n|turn|20\n|\n|t:|1699351898\n|move|p2a: Corviknight|Brave Bird|p1a: Corsola\n|-damage|p1a: Corsola|80\/100\n|-damage|p2a: Corviknight|96\/100|[from] Recoil\n|move|p1a: Corsola|Will-O-Wisp|p2a: Corviknight\n|-status|p2a: Corviknight|brn\n|\n|-heal|p2a: Corviknight|100\/100 brn|[from] item: Leftovers\n|-damage|p2a: Corviknight|94\/100 brn|[from] brn\n|upkeep\n|turn|21\n|\n|t:|1699351909\n|move|p2a: Corviknight|Reflect|p2a: Corviknight\n|-sidestart|p2: Samosn|Reflect\n|move|p1a: Corsola|Curse|p2a: Corviknight\n|-start|p2a: Corviknight|Curse|[of] p1a: Corsola\n|-damage|p1a: Corsola|30\/100\n|\n|-heal|p2a: Corviknight|100\/100 brn|[from] item: Leftovers\n|-damage|p2a: Corviknight|94\/100 brn|[from] brn\n|-damage|p2a: Corviknight|69\/100 brn|[from] Curse\n|upkeep\n|turn|22\n|\n|t:|1699351919\n|move|p2a: Corviknight|Brave Bird|p1a: Corsola\n|-damage|p1a: Corsola|20\/100\n|-damage|p2a: Corviknight|66\/100 brn|[from] Recoil\n|move|p1a: Corsola|Strength Sap|p2a: Corviknight\n|-ability|p2a: Corviknight|Mirror Armor\n|-unboost|p1a: Corsola|atk|1\n|-heal|p1a: Corsola|85\/100\n|\n|-heal|p2a: Corviknight|73\/100 brn|[from] item: Leftovers\n|-damage|p2a: Corviknight|66\/100 brn|[from] brn\n|-damage|p2a: Corviknight|41\/100 brn|[from] Curse\n|upkeep\n|turn|23\n|\n|t:|1699351933\n|switch|p2a: Maushold|Maushold-Four|45\/100 brn\n|move|p1a: Corsola|Haze|p1a: Corsola\n|-clearallboost\n|\n|-damage|p2a: Maushold|38\/100 brn|[from] brn\n|upkeep\n|turn|24\n|\n|t:|1699351942\n|move|p2a: Maushold|Shadow Claw|p1a: Corsola\n|-supereffective|p1a: Corsola\n|-damage|p1a: Corsola|76\/100\n|move|p1a: Corsola|Curse|p2a: Maushold\n|-start|p2a: Maushold|Curse|[of] p1a: Corsola\n|-damage|p1a: Corsola|26\/100\n|\n|-damage|p2a: Maushold|32\/100 brn|[from] brn\n|-damage|p2a: Maushold|7\/100 brn|[from] Curse\n|upkeep\n|turn|25\n|\n|t:|1699351955\n|move|p2a: Maushold|Shadow Claw|p1a: Corsola\n|-supereffective|p1a: Corsola\n|-damage|p1a: Corsola|17\/100\n|move|p1a: Corsola|Strength Sap|p2a: Maushold\n|-unboost|p2a: Maushold|atk|1\n|-heal|p1a: Corsola|94\/100\n|\n|-damage|p2a: Maushold|1\/100 brn|[from] brn\n|-damage|p2a: Maushold|0 fnt|[from] Curse\n|faint|p2a: Maushold\n|-sideend|p2: Samosn|Reflect\n|upkeep\n|\n|t:|1699351968\n|switch|p2a: Corviknight|Corviknight, M|41\/100 brn\n|turn|26\n|\n|t:|1699351973\n|move|p2a: Corviknight|Brave Bird|p1a: Corsola\n|-damage|p1a: Corsola|85\/100\n|-start|p2a: Corviknight|Disable|Brave Bird|[from] ability: Cursed Body|[of] p1a: Corsola\n|-damage|p2a: Corviknight|39\/100 brn|[from] Recoil\n|move|p1a: Corsola|Curse|p2a: Corviknight\n|-start|p2a: Corviknight|Curse|[of] p1a: Corsola\n|-damage|p1a: Corsola|35\/100\n|\n|-heal|p2a: Corviknight|45\/100 brn|[from] item: Leftovers\n|-damage|p2a: Corviknight|39\/100 brn|[from] brn\n|-damage|p2a: Corviknight|14\/100 brn|[from] Curse\n|upkeep\n|turn|27\n|\n|t:|1699351988\n|move|p2a: Corviknight|Reflect|p2a: Corviknight\n|-sidestart|p2: Samosn|Reflect\n|move|p1a: Corsola|Strength Sap|p2a: Corviknight\n|-ability|p2a: Corviknight|Mirror Armor\n|-unboost|p1a: Corsola|atk|1\n|-heal|p1a: Corsola|99\/100\n|\n|-heal|p2a: Corviknight|20\/100 brn|[from] item: Leftovers\n|-damage|p2a: Corviknight|14\/100 brn|[from] brn\n|-damage|p2a: Corviknight|0 fnt|[from] Curse\n|faint|p2a: Corviknight\n|upkeep\n|\n|t:|1699352000\n|switch|p2a: Gigalith|Gigalith, F|100\/100\n|-weather|Sandstorm|[from] ability: Sand Stream|[of] p2a: Gigalith\n|turn|28\n|\n|t:|1699352009\n|move|p2a: Gigalith|Explosion|p1a: Corsola\n|-immune|p1a: Corsola\n|faint|p2a: Gigalith\n|move|p1a: Corsola|Will-O-Wisp|p2: Gigalith|[notarget]\n|-fail|p1a: Corsola\n|\n|-weather|Sandstorm|[upkeep]\n|-damage|p1a: Corsola|93\/100|[from] Sandstorm\n|upkeep\n|\n|t:|1699352017\n|switch|p2a: Houndstone|Houndstone, F|100\/100\n|turn|29\n|\n|t:|1699352021\n|move|p2a: Houndstone|Last Respects|p1a: Corsola\n|-supereffective|p1a: Corsola\n|-damage|p1a: Corsola|0 fnt\n|faint|p1a: Corsola\n|\n|-weather|Sandstorm|[upkeep]\n|upkeep\n|\n|t:|1699352028\n|switch|p1a: Blacephalon|Blacephalon|100\/100\n|turn|30\n|\n|t:|1699352031\n|move|p2a: Houndstone|Last Respects|p1a: Blacephalon\n|-supereffective|p1a: Blacephalon\n|-damage|p1a: Blacephalon|0 fnt\n|faint|p1a: Blacephalon\n|\n|-weather|Sandstorm|[upkeep]\n|upkeep\n|\n|t:|1699352046\n|switch|p1a: Whimsicott|Whimsicott, L1, M|100\/100\n|turn|31\n|\n|t:|1699352051\n|move|p1a: Whimsicott|Leech Seed|p2a: Houndstone\n|-start|p2a: Houndstone|move: Leech Seed\n|move|p2a: Houndstone|Last Respects|p1a: Whimsicott\n|-enditem|p1a: Whimsicott|Focus Sash\n|-damage|p1a: Whimsicott|8\/100\n|\n|-weather|Sandstorm|[upkeep]\n|-damage|p1a: Whimsicott|0 fnt|[from] Sandstorm\n|faint|p1a: Whimsicott\n|-sideend|p2: Samosn|Reflect\n|upkeep\n|\n|t:|1699352059\n|switch|p1a: Tyranitar|Tyranitar, F|100\/100\n|turn|32\n|\n|t:|1699352063\n|detailschange|p1a: Tyranitar|Tyranitar-Mega, F\n|-mega|p1a: Tyranitar|Tyranitar|Tyranitarite\n|move|p2a: Houndstone|Last Respects|p1a: Tyranitar\n|-resisted|p1a: Tyranitar\n|-damage|p1a: Tyranitar|43\/100\n|move|p1a: Tyranitar|Stone Edge|p2a: Houndstone\n|-damage|p2a: Houndstone|23\/100\n|\n|-weather|none\n|-damage|p2a: Houndstone|10\/100|[from] Leech Seed|[of] p1a: Tyranitar\n|-heal|p1a: Tyranitar|52\/100|[silent]\n|upkeep\n|turn|33\n|\n|t:|1699352076\n|move|p2a: Houndstone|Last Respects|p1a: Tyranitar\n|-resisted|p1a: Tyranitar\n|-damage|p1a: Tyranitar|0 fnt\n|faint|p1a: Tyranitar\n|\n|upkeep\n|\n|t:|1699352081\n|switch|p1a: Rampardos|Rampardos, M|100\/100\n|-ability|p1a: Rampardos|Mold Breaker\n|turn|34\n|\n|t:|1699352085\n|move|p1a: Rampardos|Endure|p1a: Rampardos\n|-singleturn|p1a: Rampardos|move: Endure\n|move|p2a: Houndstone|Last Respects|p1a: Rampardos\n|-activate|p1a: Rampardos|move: Endure\n|-damage|p1a: Rampardos|1\/100\n|\n|-damage|p2a: Houndstone|0 fnt|[from] Leech Seed|[of] p1a: Rampardos\n|-heal|p1a: Rampardos|8\/100|[silent]\n|faint|p2a: Houndstone\n|\n|win|ReDread47\n|upkeep\n|raw|ReDread47's rating: 1064 &rarr; <strong>1096<\/strong><br \/>(+32 for winning)\n|raw|Samosn's rating: 1081 &rarr; <strong>1058<\/strong><br \/>(-23 for losing)\n|c|\u2606ReDread47|gg\n|c|\u2606ReDread47|had me sweating on that last one\n|l|\u2606Samosn\n","uploadtime":1699352112,"views":7,"p1id":"redread47","p2id":"samosn","formatid":"gen9nationaldexubers","rating":1058,"private":0,"password":""}