{"id":"gen9nationaldexubers-1979110744","p1":"A Shining Sylveon","p2":"asdfjklajfkl","format":"[Gen 9] National Dex Ubers","log":"|j|\u2606A Shining Sylveon\n|j|\u2606asdfjklajfkl\n|t:|1698633599\n|gametype|singles\n|player|p1|A Shining Sylveon|alec-anime|1086\n|player|p2|asdfjklajfkl|gentleman-gen4|1139\n|teamsize|p1|6\n|teamsize|p2|6\n|gen|9\n|tier|[Gen 9] National Dex Ubers\n|rated|\n|rule|HP Percentage Mod: HP is shown in percentages\n|rule|Endless Battle Clause: Forcing endless battles is banned\n|rule|OHKO Clause: OHKO moves are banned\n|rule|Evasion Moves Clause: Evasion moves are banned\n|rule|Evasion Items Clause: Evasion items are banned\n|rule|Species Clause: Limit one of each Pok\u00e9mon\n|rule|Sleep Clause Mod: Limit one foe put to sleep\n|rule|Mega Rayquaza Clause: You cannot mega evolve Rayquaza\n|clearpoke\n|poke|p1|Groudon|\n|poke|p1|Iron Hands|\n|poke|p1|Venusaur, M|\n|poke|p1|Dondozo, F|\n|poke|p1|Braviary-Hisui, M|\n|poke|p1|Bastiodon, M|\n|poke|p2|Ho-Oh|\n|poke|p2|Zygarde|\n|poke|p2|Marshadow|\n|poke|p2|Groudon|\n|poke|p2|Arceus-Dark|\n|poke|p2|Kyogre|\n|teampreview\n|inactive|Battle timer is ON: inactive players will automatically lose when time's up. (requested by asdfjklajfkl)\n|\n|t:|1698633616\n|start\n|switch|p1a: boowomp|Bastiodon, M|100\/100\n|switch|p2a: goldfish crackers|Kyogre|100\/100\n|detailschange|p2a: goldfish crackers|Kyogre-Primal\n|-primal|p2a: goldfish crackers|Blue Orb\n|-weather|PrimordialSea|[from] ability: Primordial Sea|[of] p2a: goldfish crackers\n|turn|1\n|\n|t:|1698633624\n|switch|p1a: mukbang|Venusaur, M, shiny|100\/100\n|move|p2a: goldfish crackers|Origin Pulse|p1a: mukbang\n|-resisted|p1a: mukbang\n|-damage|p1a: mukbang|57\/100\n|\n|-weather|PrimordialSea|[upkeep]\n|upkeep\n|turn|2\n|\n|t:|1698633629\n|move|p2a: goldfish crackers|Ice Beam|p1a: mukbang\n|-supereffective|p1a: mukbang\n|-damage|p1a: mukbang|0 fnt\n|faint|p1a: mukbang\n|\n|-weather|PrimordialSea|[upkeep]\n|upkeep\n|\n|t:|1698633638\n|switch|p1a: rabbitoid|Groudon, shiny|100\/100\n|detailschange|p1a: rabbitoid|Groudon-Primal, shiny\n|-primal|p1a: rabbitoid|Red Orb\n|-weather|DesolateLand|[from] ability: Desolate Land|[of] p1a: rabbitoid\n|turn|3\n|\n|t:|1698633646\n|switch|p2a: birdspam|Ho-Oh|100\/100\n|move|p1a: rabbitoid|Rock Polish|p1a: rabbitoid\n|-boost|p1a: rabbitoid|spe|2\n|\n|-weather|DesolateLand|[upkeep]\n|upkeep\n|turn|4\n|\n|t:|1698633650\n|move|p1a: rabbitoid|Swords Dance|p1a: rabbitoid\n|-boost|p1a: rabbitoid|atk|2\n|move|p2a: birdspam|Toxic|p1a: rabbitoid\n|-status|p1a: rabbitoid|tox\n|\n|-weather|DesolateLand|[upkeep]\n|-damage|p1a: rabbitoid|94\/100 tox|[from] psn\n|upkeep\n|turn|5\n|\n|t:|1698633658\n|switch|p2a: toothpaste|Zygarde, shiny|100\/100\n|move|p1a: rabbitoid|Precipice Blades|p2a: toothpaste\n|-crit|p2a: toothpaste\n|-damage|p2a: toothpaste|0 fnt\n|faint|p2a: toothpaste\n|\n|-weather|DesolateLand|[upkeep]\n|-damage|p1a: rabbitoid|82\/100 tox|[from] psn\n|upkeep\n|\n|t:|1698633663\n|switch|p2a: birdspam|Ho-Oh|100\/100\n|turn|6\n|\n|t:|1698633666\n|move|p1a: rabbitoid|Heat Crash|p2a: birdspam\n|-resisted|p2a: birdspam\n|-damage|p2a: birdspam|29\/100\n|move|p2a: birdspam|Sacred Fire|p1a: rabbitoid\n|-resisted|p1a: rabbitoid\n|-damage|p1a: rabbitoid|60\/100 tox\n|\n|-weather|DesolateLand|[upkeep]\n|-damage|p1a: rabbitoid|42\/100 tox|[from] psn\n|upkeep\n|turn|7\n|\n|t:|1698633671\n|switch|p2a: goldfish crackers|Kyogre-Primal|100\/100\n|-weather|PrimordialSea|[from] ability: Primordial Sea|[of] p2a: goldfish crackers\n|move|p1a: rabbitoid|Heat Crash||[still]\n|-fail|p1a: rabbitoid|Heat Crash|[from] Primordial Sea\n|\n|-weather|PrimordialSea|[upkeep]\n|-damage|p1a: rabbitoid|17\/100 tox|[from] psn\n|upkeep\n|turn|8\n|\n|t:|1698633680\n|-weather|none\n|switch|p2a: birdspam|Ho-Oh|62\/100\n|move|p1a: rabbitoid|Precipice Blades|p2a: birdspam\n|-immune|p2a: birdspam\n|\n|-damage|p1a: rabbitoid|0 fnt|[from] psn\n|faint|p1a: rabbitoid\n|upkeep\n|\n|t:|1698633685\n|switch|p1a: gloink queen|Dondozo, F|100\/100\n|turn|9\n|\n|t:|1698633689\n|switch|p2a: kid named eruption|Groudon|100\/100\n|detailschange|p2a: kid named eruption|Groudon-Primal\n|-primal|p2a: kid named eruption|Red Orb\n|-weather|DesolateLand|[from] ability: Desolate Land|[of] p2a: kid named eruption\n|move|p1a: gloink queen|Curse|p1a: gloink queen\n|-unboost|p1a: gloink queen|spe|1\n|-boost|p1a: gloink queen|atk|1\n|-boost|p1a: gloink queen|def|1\n|\n|-weather|DesolateLand|[upkeep]\n|upkeep\n|turn|10\n|\n|t:|1698633693\n|move|p2a: kid named eruption|Precipice Blades|p1a: gloink queen\n|-damage|p1a: gloink queen|69\/100\n|move|p1a: gloink queen|Earthquake|p2a: kid named eruption\n|-supereffective|p2a: kid named eruption\n|-damage|p2a: kid named eruption|58\/100\n|\n|-weather|DesolateLand|[upkeep]\n|-heal|p1a: gloink queen|75\/100|[from] item: Leftovers\n|upkeep\n|turn|11\n|\n|t:|1698633701\n|-weather|none\n|switch|p2a: birdspam|Ho-Oh|95\/100\n|move|p1a: gloink queen|Curse|p1a: gloink queen\n|-unboost|p1a: gloink queen|spe|1\n|-boost|p1a: gloink queen|atk|1\n|-boost|p1a: gloink queen|def|1\n|\n|-heal|p1a: gloink queen|82\/100|[from] item: Leftovers\n|upkeep\n|turn|12\n|\n|t:|1698633704\n|move|p2a: birdspam|Toxic|p1a: gloink queen\n|-status|p1a: gloink queen|tox\n|move|p1a: gloink queen|Liquidation|p2a: birdspam\n|-supereffective|p2a: birdspam\n|-damage|p2a: birdspam|14\/100\n|\n|-heal|p1a: gloink queen|88\/100 tox|[from] item: Leftovers\n|-damage|p1a: gloink queen|82\/100 tox|[from] psn\n|upkeep\n|turn|13\n|\n|t:|1698633715\n|switch|p2a: kid named eruption|Groudon-Primal|58\/100\n|-weather|DesolateLand|[from] ability: Desolate Land|[of] p2a: kid named eruption\n|move|p1a: gloink queen|Liquidation||[still]\n|-fail|p1a: gloink queen|Liquidation|[from] Desolate Land\n|\n|-weather|DesolateLand|[upkeep]\n|-heal|p1a: gloink queen|88\/100 tox|[from] item: Leftovers\n|-damage|p1a: gloink queen|75\/100 tox|[from] psn\n|upkeep\n|turn|14\n|\n|t:|1698633722\n|-weather|none\n|switch|p2a: goldfish crackers|Kyogre-Primal|100\/100\n|-weather|PrimordialSea|[from] ability: Primordial Sea|[of] p2a: goldfish crackers\n|move|p1a: gloink queen|Earthquake|p2a: goldfish crackers\n|-damage|p2a: goldfish crackers|66\/100\n|\n|-weather|PrimordialSea|[upkeep]\n|-heal|p1a: gloink queen|82\/100 tox|[from] item: Leftovers\n|-damage|p1a: gloink queen|63\/100 tox|[from] psn\n|upkeep\n|turn|15\n|\n|t:|1698633731\n|switch|p1a: boowomp|Bastiodon, M|100\/100\n|move|p2a: goldfish crackers|Thunder|p1a: boowomp\n|-damage|p1a: boowomp|64\/100\n|\n|-weather|PrimordialSea|[upkeep]\n|-heal|p1a: boowomp|70\/100|[from] item: Leftovers\n|upkeep\n|turn|16\n|\n|t:|1698633736\n|switch|p1a: errrm ackshually|Braviary-Hisui, M|100\/100\n|move|p2a: goldfish crackers|Origin Pulse|p1a: errrm ackshually\n|-damage|p1a: errrm ackshually|0 fnt\n|faint|p1a: errrm ackshually\n|\n|-weather|PrimordialSea|[upkeep]\n|upkeep\n|\n|t:|1698633740\n|switch|p1a: joe swanson|Iron Hands|100\/100\n|turn|17\n|\n|t:|1698633743\n|-weather|none\n|switch|p2a: kid named eruption|Groudon-Primal|58\/100\n|-weather|DesolateLand|[from] ability: Desolate Land|[of] p2a: kid named eruption\n|move|p1a: joe swanson|Swords Dance|p1a: joe swanson\n|-boost|p1a: joe swanson|atk|2\n|\n|-weather|DesolateLand|[upkeep]\n|upkeep\n|turn|18\n|\n|t:|1698633747\n|move|p2a: kid named eruption|Precipice Blades|p1a: joe swanson\n|-supereffective|p1a: joe swanson\n|-damage|p1a: joe swanson|0 fnt\n|faint|p1a: joe swanson\n|-end|p1a: joe swanson|Quark Drive|[silent]\n|\n|-weather|DesolateLand|[upkeep]\n|upkeep\n|\n|t:|1698633751\n|switch|p1a: gloink queen|Dondozo, F|63\/100 tox\n|turn|19\n|-message|A Shining Sylveon forfeited.\n|\n|win|asdfjklajfkl\n|raw|A Shining Sylveon's rating: 1086 &rarr; <strong>1067<\/strong><br \/>(-19 for losing)\n|raw|asdfjklajfkl's rating: 1139 &rarr; <strong>1160<\/strong><br \/>(+21 for winning)\n|l|\u2606A Shining Sylveon\n","uploadtime":1698633759,"views":13,"p1id":"ashiningsylveon","p2id":"asdfjklajfkl","formatid":"gen9nationaldexubers","rating":1067,"private":0,"password":""}