{"id":"gen9nationaldexubers-1981896273","p1":"Bug Maniac Swaggy","p2":"ArcticIzagi","format":"[Gen 9] National Dex Ubers","log":"|j|\u2606Bug Maniac Swaggy\n|j|\u2606ArcticIzagi\n|t:|1698949861\n|gametype|singles\n|player|p1|Bug Maniac Swaggy|whitney|\n|player|p2|ArcticIzagi|sycamore|\n|teamsize|p1|6\n|teamsize|p2|6\n|gen|9\n|tier|[Gen 9] National Dex Ubers\n|rule|HP Percentage Mod: HP is shown in percentages\n|rule|Endless Battle Clause: Forcing endless battles is banned\n|rule|OHKO Clause: OHKO moves are banned\n|rule|Evasion Moves Clause: Evasion moves are banned\n|rule|Evasion Items Clause: Evasion items are banned\n|rule|Species Clause: Limit one of each Pok\u00e9mon\n|rule|Sleep Clause Mod: Limit one foe put to sleep\n|rule|Mega Rayquaza Clause: You cannot mega evolve Rayquaza\n|clearpoke\n|poke|p1|Araquanid, F|\n|poke|p1|Forretress, M|\n|poke|p1|Scizor, M|\n|poke|p1|Buzzwole|\n|poke|p1|Volcarona, F|\n|poke|p1|Galvantula, F|\n|poke|p2|Tapu Koko|\n|poke|p2|Iron Valiant|\n|poke|p2|Sneasler, M|\n|poke|p2|Iron Moth|\n|poke|p2|Landorus-Therian, M|\n|poke|p2|Diancie|\n|teampreview\n|c|\u2606ArcticIzagi|glhf\n|c|\u2606ArcticIzagi|elec val\n|c|\u2606Bug Maniac Swaggy|u2\n|j| Destinum\n|\n|t:|1698949927\n|start\n|switch|p1a: Juggernaut|Buzzwole|100\/100\n|switch|p2a: Shock|Tapu Koko|100\/100\n|-fieldstart|move: Electric Terrain|[from] ability: Electric Surge|[of] p2a: Shock\n|turn|1\n|\n|t:|1698949936\n|move|p1a: Juggernaut|Earthquake|p2a: Shock\n|-supereffective|p2a: Shock\n|-damage|p2a: Shock|0 fnt\n|faint|p2a: Shock\n|-ability|p1a: Juggernaut|Beast Boost|boost\n|-boost|p1a: Juggernaut|atk|1\n|\n|upkeep\n|j| Astro Rifk\n|\n|t:|1698949945\n|switch|p2a: Tabun Kaze|Landorus-Therian, M|100\/100\n|-ability|p2a: Tabun Kaze|Intimidate|boost\n|-unboost|p1a: Juggernaut|atk|1\n|turn|2\n|\n|t:|1698949955\n|switch|p1a: Fissure|Forretress, M|100\/100\n|move|p2a: Tabun Kaze|Toxic|p1a: Fissure\n|-immune|p1a: Fissure\n|\n|upkeep\n|turn|3\n|\n|t:|1698949967\n|move|p2a: Tabun Kaze|Earthquake|p1a: Fissure\n|-damage|p1a: Fissure|72\/100\n|move|p1a: Fissure|Spikes|p2a: Tabun Kaze\n|-sidestart|p2: ArcticIzagi|Spikes\n|\n|upkeep\n|turn|4\n|\n|t:|1698949980\n|move|p2a: Tabun Kaze|U-turn|p1a: Fissure\n|-resisted|p1a: Fissure\n|-damage|p1a: Fissure|66\/100\n|\n|t:|1698949984\n|switch|p2a: Moth|Iron Moth|100\/100|[from] U-turn\n|-activate|p2a: Moth|ability: Quark Drive\n|-start|p2a: Moth|quarkdrivespe\n|move|p1a: Fissure|Stealth Rock|p2a: Moth\n|-sidestart|p2: ArcticIzagi|move: Stealth Rock\n|\n|upkeep\n|turn|5\n|\n|t:|1698950037\n|switch|p1a: River of Despair|Araquanid, F|100\/100\n|move|p2a: Moth|Energy Ball|p1a: River of Despair\n|-damage|p1a: River of Despair|81\/100\n|\n|-fieldend|move: Electric Terrain\n|-end|p2a: Moth|Quark Drive\n|upkeep\n|turn|6\n|\n|t:|1698950046\n|move|p2a: Moth|U-turn|p1a: River of Despair\n|-damage|p1a: River of Despair|70\/100\n|\n|t:|1698950050\n|-end|p2a: Moth|Quark Drive|[silent]\n|switch|p2a: Plateau|Iron Valiant|100\/100|[from] U-turn\n|-damage|p2a: Plateau|88\/100|[from] Spikes\n|-damage|p2a: Plateau|82\/100|[from] Stealth Rock\n|move|p1a: River of Despair|Sticky Web|p2a: Plateau\n|-sidestart|p2: ArcticIzagi|move: Sticky Web\n|\n|upkeep\n|turn|7\n|c| Destinum|Would be a shame if someone used Court Change right about now.\n|c|\u2606ArcticIzagi|truly\n|\n|t:|1698950104\n|move|p2a: Plateau|Psyshock|p1a: River of Despair\n|-damage|p1a: River of Despair|35\/100\n|-damage|p2a: Plateau|72\/100|[from] item: Life Orb\n|move|p1a: River of Despair|Liquidation|p2a: Plateau\n|-damage|p2a: Plateau|15\/100\n|\n|upkeep\n|turn|8\n|\n|t:|1698950158\n|switch|p1a: Fissure|Forretress, M|66\/100\n|move|p2a: Plateau|Psyshock|p1a: Fissure\n|-resisted|p1a: Fissure\n|-damage|p1a: Fissure|57\/100\n|-damage|p2a: Plateau|5\/100|[from] item: Life Orb\n|\n|upkeep\n|turn|9\n|\n|t:|1698950169\n|-end|p2a: Plateau|Quark Drive|[silent]\n|switch|p2a: Moth|Iron Moth|100\/100\n|move|p1a: Fissure|Spikes|p2a: Moth\n|-sidestart|p2: ArcticIzagi|Spikes\n|\n|upkeep\n|turn|10\n|\n|t:|1698950190\n|move|p2a: Moth|Fiery Dance|p1a: Fissure\n|-supereffective|p1a: Fissure\n|-damage|p1a: Fissure|0 fnt\n|-boost|p2a: Moth|spa|1\n|faint|p1a: Fissure\n|\n|upkeep\n|\n|t:|1698950204\n|switch|p1a: Juggernaut|Buzzwole|100\/100\n|turn|11\n|\n|t:|1698950220\n|move|p1a: Juggernaut|Ice Punch|p2a: Moth\n|-resisted|p2a: Moth\n|-damage|p2a: Moth|78\/100\n|move|p2a: Moth|Fiery Dance|p1a: Juggernaut\n|-supereffective|p1a: Juggernaut\n|-damage|p1a: Juggernaut|0 fnt\n|-boost|p2a: Moth|spa|1\n|faint|p1a: Juggernaut\n|\n|upkeep\n|c|\u2606ArcticIzagi|misclick?\n|c|\u2606Bug Maniac Swaggy|nah i thought youd switch into lando\n|\n|t:|1698950261\n|switch|p1a: Morning Star|Volcarona, F|100\/100\n|turn|12\n|\n|t:|1698950284\n|move|p2a: Moth|Sludge Wave|p1a: Morning Star\n|-damage|p1a: Morning Star|2\/100\n|-status|p1a: Morning Star|psn\n|move|p1a: Morning Star|Quiver Dance|p1a: Morning Star\n|-boost|p1a: Morning Star|spa|1\n|-boost|p1a: Morning Star|spd|1\n|-boost|p1a: Morning Star|spe|1\n|\n|-damage|p1a: Morning Star|0 fnt|[from] psn\n|faint|p1a: Morning Star\n|upkeep\n|c| Destinum|The 10% poison chance.\n|c|\u2606ArcticIzagi|lady luck's lucky boy\n|c| Astro Rifk|he reversed from here too\n|c| Astro Rifk|unfort\n|c|\u2606Bug Maniac Swaggy|should have played it safe and clicked eq sadge\n|\n|t:|1698950376\n|switch|p1a: Stargazer|Galvantula, F|100\/100\n|turn|13\n|\n|t:|1698950386\n|move|p2a: Moth|Fiery Dance|p1a: Stargazer\n|-supereffective|p1a: Stargazer\n|-damage|p1a: Stargazer|0 fnt\n|faint|p1a: Stargazer\n|\n|upkeep\n|\n|t:|1698950390\n|switch|p1a: River of Despair|Araquanid, F|35\/100\n|turn|14\n|\n|t:|1698950414\n|-terastallize|p1a: River of Despair|Water\n|move|p2a: Moth|Sludge Wave|p1a: River of Despair\n|-damage|p1a: River of Despair|0 fnt\n|faint|p1a: River of Despair\n|\n|upkeep\n|\n|t:|1698950418\n|switch|p1a: Revelations 13-1|Scizor, M|100\/100\n|turn|15\n|c|\u2606ArcticIzagi|gg\n|\n|t:|1698950440\n|detailschange|p1a: Revelations 13-1|Scizor-Mega, M\n|-mega|p1a: Revelations 13-1|Scizor|Scizorite\n|move|p1a: Revelations 13-1|Bullet Punch|p2a: Moth\n|-resisted|p2a: Moth\n|-damage|p2a: Moth|46\/100\n|move|p2a: Moth|Fiery Dance|p1a: Revelations 13-1\n|-supereffective|p1a: Revelations 13-1\n|-damage|p1a: Revelations 13-1|0 fnt\n|-boost|p2a: Moth|spa|1\n|faint|p1a: Revelations 13-1\n|\n|win|ArcticIzagi\n|c|\u2606Bug Maniac Swaggy|gg\n|l| Astro Rifk\n|l|\u2606Bug Maniac Swaggy\n|l|\u2606ArcticIzagi\n|j|\u2606Bug Maniac Swaggy\n|player|p1|Bug Maniac Swaggy|whitney\n","uploadtime":1698950561,"views":15,"p1id":"bugmaniacswaggy","p2id":"arcticizagi","formatid":"gen9nationaldexubers","rating":0,"private":0,"password":""}