{"id":"gen9nationaldexubers-1996076418","p1":"KarmaNightraide","p2":"Su5","format":"[Gen 9] National Dex Ubers","log":"|j|\u2606KarmaNightraide\n|j|\u2606Su5\n|t:|1700640186\n|gametype|singles\n|player|p1|KarmaNightraide|unknown|\n|player|p2|Su5|lance|\n|teamsize|p1|6\n|teamsize|p2|6\n|gen|9\n|tier|[Gen 9] National Dex Ubers\n|rule|HP Percentage Mod: HP is shown in percentages\n|rule|Endless Battle Clause: Forcing endless battles is banned\n|rule|OHKO Clause: OHKO moves are banned\n|rule|Evasion Moves Clause: Evasion moves are banned\n|rule|Evasion Items Clause: Evasion items are banned\n|rule|Species Clause: Limit one of each Pok\u00e9mon\n|rule|Sleep Clause Mod: Limit one foe put to sleep\n|rule|Mega Rayquaza Clause: You cannot mega evolve Rayquaza\n|clearpoke\n|poke|p1|Mimikyu, M|\n|poke|p1|Banette, F|\n|poke|p1|Polteageist-Antique|\n|poke|p1|Basculegion, M|\n|poke|p1|Ceruledge, F|\n|poke|p1|Aegislash, F|\n|poke|p2|Klefki, F|\n|poke|p2|Tarountula, F|\n|poke|p2|Ogerpon, F|\n|poke|p2|Cottonee, L1, M|\n|poke|p2|Incineroar, F|\n|poke|p2|Basculegion, M|\n|teampreview\n|c|\u2606Su5|lol why ubers\n|inactive|Battle timer is ON: inactive players will automatically lose when time's up. (requested by Su5)\n|c|\u2606KarmaNightraide|Cause I wanted to show how I sweep metas with mostly RUs\n|c|\u2606KarmaNightraide|And only ghosts\n|c|\u2606Su5|i use LCs\n|c|\u2606Su5|XDDDDD\n|c|\u2606KarmaNightraide|Babies\n|inactive|KarmaNightraide has 270 seconds left.\n|c|\u2606KarmaNightraide|Nice\n|\n|t:|1700640236\n|start\n|switch|p1a: Go to sleep...|Banette, F|100\/100\n|switch|p2a: Klefki|Klefki, F|100\/100\n|turn|1\n|\n|t:|1700640243\n|detailschange|p1a: Go to sleep...|Banette-Mega, F\n|-mega|p1a: Go to sleep...|Banette|Banettite\n|move|p1a: Go to sleep...|Taunt|p2a: Klefki\n|-start|p2a: Klefki|move: Taunt\n|cant|p2a: Klefki|move: Taunt|Thunder Wave\n|\n|upkeep\n|turn|2\n|\n|t:|1700640250\n|switch|p2a: Burning Claws|Incineroar, F|100\/100\n|-ability|p2a: Burning Claws|Intimidate|boost\n|-unboost|p1a: Go to sleep...|atk|1\n|move|p1a: Go to sleep...|Gunk Shot|p2a: Burning Claws\n|-damage|p2a: Burning Claws|68\/100\n|\n|-heal|p2a: Burning Claws|74\/100|[from] item: Leftovers\n|upkeep\n|turn|3\n|\n|t:|1700640275\n|move|p1a: Go to sleep...|Destiny Bond|p1a: Go to sleep...\n|-singlemove|p1a: Go to sleep...|Destiny Bond\n|move|p2a: Burning Claws|Parting Shot|p1a: Go to sleep...\n|-unboost|p1a: Go to sleep...|atk|1\n|-unboost|p1a: Go to sleep...|spa|1\n|\n|t:|1700640277\n|switch|p2a: Klefki|Klefki, F|100\/100|[from] Parting Shot\n|\n|upkeep\n|turn|4\n|\n|t:|1700640287\n|move|p1a: Go to sleep...|Taunt|p2a: Klefki\n|-start|p2a: Klefki|move: Taunt\n|cant|p2a: Klefki|move: Taunt|Reflect\n|\n|upkeep\n|turn|5\n|c|\u2606Su5|can u not\n|c|\u2606KarmaNightraide|Lmao\n|c|\u2606Su5|lol\n|c|\u2606KarmaNightraide|No screens for you\n|c|\u2606Su5|ok then\n|\n|t:|1700640312\n|switch|p2a: Burning Claws|Incineroar, F|74\/100\n|-ability|p2a: Burning Claws|Intimidate|boost\n|-unboost|p1a: Go to sleep...|atk|1\n|move|p1a: Go to sleep...|Poltergeist|p2a: Burning Claws\n|-activate|p2a: Burning Claws|move: Poltergeist|Leftovers\n|-resisted|p2a: Burning Claws\n|-damage|p2a: Burning Claws|59\/100\n|\n|-heal|p2a: Burning Claws|65\/100|[from] item: Leftovers\n|upkeep\n|turn|6\n|c|\u2606Su5|no attack for u\n|\n|t:|1700640325\n|switch|p1a: Widowmaker|Ceruledge, F, shiny|100\/100\n|move|p2a: Burning Claws|Parting Shot|p1a: Widowmaker\n|-unboost|p1a: Widowmaker|atk|1\n|-unboost|p1a: Widowmaker|spa|1\n|\n|t:|1700640328\n|switch|p2a: Klefki|Klefki, F|100\/100|[from] Parting Shot\n|\n|upkeep\n|turn|7\n|c|\u2606Su5|yay screen time\n|\n|t:|1700640337\n|move|p2a: Klefki|Reflect|p2a: Klefki\n|-sidestart|p2: Su5|Reflect\n|move|p1a: Widowmaker|Swords Dance|p1a: Widowmaker\n|-boost|p1a: Widowmaker|atk|2\n|\n|upkeep\n|turn|8\n|\n|t:|1700640343\n|move|p2a: Klefki|Thunder Wave|p1a: Widowmaker\n|-status|p1a: Widowmaker|par\n|move|p1a: Widowmaker|Bitter Blade|p2a: Klefki\n|-supereffective|p2a: Klefki\n|-damage|p2a: Klefki|32\/100\n|\n|upkeep\n|turn|9\n|\n|t:|1700640357\n|switch|p2a: Burning Claws|Incineroar, F|65\/100\n|-ability|p2a: Burning Claws|Intimidate|boost\n|-unboost|p1a: Widowmaker|atk|1\n|move|p1a: Widowmaker|Bitter Blade|p2a: Burning Claws\n|-resisted|p2a: Burning Claws\n|-damage|p2a: Burning Claws|54\/100\n|\n|-heal|p2a: Burning Claws|60\/100|[from] item: Leftovers\n|upkeep\n|turn|10\n|inactive|KarmaNightraide has 270 seconds left.\n|\n|t:|1700640388\n|move|p2a: Burning Claws|Parting Shot|p1a: Widowmaker\n|-unboost|p1a: Widowmaker|atk|1\n|-unboost|p1a: Widowmaker|spa|1\n|\n|t:|1700640391\n|switch|p2a: Tarountula|Tarountula, F|100\/100|[from] Parting Shot\n|move|p1a: Widowmaker|Swords Dance|p1a: Widowmaker\n|-boost|p1a: Widowmaker|atk|2\n|\n|upkeep\n|turn|11\n|\n|t:|1700640399\n|move|p2a: Tarountula|Sticky Web|p1a: Widowmaker\n|-sidestart|p1: KarmaNightraide|move: Sticky Web\n|cant|p1a: Widowmaker|par\n|\n|upkeep\n|turn|12\n|\n|t:|1700640405\n|move|p2a: Tarountula|Toxic Spikes|p1a: Widowmaker\n|-sidestart|p1: KarmaNightraide|move: Toxic Spikes\n|move|p1a: Widowmaker|Bitter Blade|p2a: Tarountula\n|-supereffective|p2a: Tarountula\n|-enditem|p2a: Tarountula|Focus Sash\n|-damage|p2a: Tarountula|1\/100\n|\n|upkeep\n|turn|13\n|\n|t:|1700640416\n|move|p2a: Tarountula|Memento|p1a: Widowmaker\n|-unboost|p1a: Widowmaker|atk|2\n|-unboost|p1a: Widowmaker|spa|2\n|faint|p2a: Tarountula\n|cant|p1a: Widowmaker|par\n|\n|upkeep\n|c|\u2606Su5|lmfao\n|\n|t:|1700640425\n|switch|p2a: Ogerpon|Ogerpon, F|100\/100\n|turn|14\n|c|\u2606KarmaNightraide|I hate hazard teams\n|\n|t:|1700640442\n|move|p2a: Ogerpon|Swords Dance|p2a: Ogerpon\n|-boost|p2a: Ogerpon|atk|2\n|move|p1a: Widowmaker|Swords Dance|p1a: Widowmaker\n|-boost|p1a: Widowmaker|atk|2\n|\n|-sideend|p2: Su5|Reflect\n|upkeep\n|turn|15\n|c|\u2606Su5|nah i use debuffs\n|\n|t:|1700640450\n|-terastallize|p1a: Widowmaker|Fire\n|move|p2a: Ogerpon|Knock Off|p1a: Widowmaker\n|-enditem|p1a: Widowmaker|Focus Sash\n|-damage|p1a: Widowmaker|1\/100 par\n|-ability|p1a: Widowmaker|Weak Armor|boost\n|-unboost|p1a: Widowmaker|def|1\n|-boost|p1a: Widowmaker|spe|2\n|-damage|p2a: Ogerpon|91\/100|[from] item: Life Orb\n|cant|p1a: Widowmaker|par\n|\n|upkeep\n|turn|16\n|c|\u2606KarmaNightraide|Omfg\n|\n|t:|1700640465\n|move|p2a: Ogerpon|Knock Off|p1a: Widowmaker\n|-damage|p1a: Widowmaker|0 fnt\n|faint|p1a: Widowmaker\n|-damage|p2a: Ogerpon|81\/100|[from] item: Life Orb\n|\n|upkeep\n|c|\u2606Su5|rip window maker\n|c|\u2606Su5|XDDDD\n|c|\u2606KarmaNightraide|I hate debuffed\n|inactive|KarmaNightraide has 270 seconds left.\n|c|\u2606KarmaNightraide|Where's mismagius and Drifblim when I need them\n|c|\u2606Su5|i'm so sorry, i have a dark type move\n|c|\u2606KarmaNightraide|Nobody does this in ubers\n|c|\u2606Su5|i'm an odd ball :DDD\n|inactive|KarmaNightraide has 240 seconds left.\n|c|\u2606KarmaNightraide|My normal nat dex team has Drifblim for this hs\n|c|\u2606KarmaNightraide|*bs\n|\n|t:|1700640524\n|switch|p1a: Go to sleep...|Banette-Mega, F|100\/100\n|-activate|p1a: Go to sleep...|move: Sticky Web\n|-unboost|p1a: Go to sleep...|spe|1\n|-status|p1a: Go to sleep...|psn\n|turn|17\n|inactive|KarmaNightraide has 240 seconds left.\n|c|\u2606Su5|i heard they recently banned minimize\n|c|\u2606Su5|u sure it still works?\n|\n|t:|1700640547\n|move|p1a: Go to sleep...|Destiny Bond|p1a: Go to sleep...\n|-singlemove|p1a: Go to sleep...|Destiny Bond\n|move|p2a: Ogerpon|Knock Off|p1a: Go to sleep...\n|-supereffective|p1a: Go to sleep...\n|-damage|p1a: Go to sleep...|0 fnt\n|faint|p1a: Go to sleep...\n|-activate|p1a: Go to sleep...|move: Destiny Bond\n|faint|p2a: Ogerpon\n|\n|upkeep\n|c|\u2606KarmaNightraide|I don't use it\n|c|\u2606Su5|oh\n|inactive|KarmaNightraide has 240 seconds left.\n|\n|t:|1700640572\n|switch|p2a: Klefki|Klefki, F|32\/100\n|switch|p1a: Excalacey|Aegislash, F|100\/100\n|-activate|p1a: Excalacey|move: Sticky Web\n|-unboost|p1a: Excalacey|spe|1\n|turn|18\n|c|\u2606Su5|eyy my old boi\n|inactive|KarmaNightraide has 210 seconds left.\n|c|\u2606Su5|the Aegis\n|\n|t:|1700640611\n|move|p2a: Klefki|Reflect|p2a: Klefki\n|-sidestart|p2: Su5|Reflect\n|-formechange|p1a: Excalacey|Aegislash-Blade||[from] ability: Stance Change\n|move|p1a: Excalacey|Flash Cannon|p2a: Klefki\n|-damage|p2a: Klefki|0 fnt\n|faint|p2a: Klefki\n|\n|upkeep\n|c|\u2606Su5|spatk?\n|c|\u2606Su5|wow\n|\n|t:|1700640625\n|switch|p2a: FEAR ME!|Cottonee, L1, M|100\/100\n|turn|19\n|c|\u2606KarmaNightraide|Nobody expects it\n|inactive|KarmaNightraide has 210 seconds left.\n|c|\u2606Su5|ye cuz its a sword\n|c|\u2606Su5|not a gun\n|\n|t:|1700640652\n|move|p2a: FEAR ME!|Leech Seed|p1a: Excalacey\n|-start|p1a: Excalacey|move: Leech Seed\n|move|p1a: Excalacey|Air Slash|p2a: FEAR ME!|[miss]\n|-miss|p1a: Excalacey|p2a: FEAR ME!\n|\n|-damage|p1a: Excalacey|88\/100|[from] Leech Seed|[of] p2a: FEAR ME!\n|upkeep\n|turn|20\n|c|\u2606KarmaNightraide|My luck is the best\n|c|\u2606Su5|BUT CAN U BEAT THIS!?\n|inactive|KarmaNightraide has 180 seconds left.\n|c|\u2606KarmaNightraide|Para before erasing ogerpon and now missing\n|c|\u2606Su5|THE LEGENARY LC\n|\n|t:|1700640687\n|move|p2a: FEAR ME!|Protect|p2a: FEAR ME!\n|-singleturn|p2a: FEAR ME!|Protect\n|move|p1a: Excalacey|Shadow Sneak|p2a: FEAR ME!\n|-activate|p2a: FEAR ME!|move: Protect\n|\n|-damage|p1a: Excalacey|76\/100|[from] Leech Seed|[of] p2a: FEAR ME!\n|upkeep\n|turn|21\n|\n|t:|1700640698\n|switch|p1a: Fish|Basculegion, M|100\/100\n|-activate|p1a: Fish|move: Sticky Web\n|-unboost|p1a: Fish|spe|1\n|-status|p1a: Fish|psn\n|move|p2a: FEAR ME!|Protect||[still]\n|-fail|p2a: FEAR ME!\n|\n|-damage|p1a: Fish|88\/100 psn|[from] psn\n|upkeep\n|turn|22\n|c|\u2606Su5|priorty moves are useless XDDD\n|c|\u2606Su5|oh hello Mr Fish\n|c|\u2606KarmaNightraide|Mother fucker youre a fairy\n|c|\u2606KarmaNightraide|Scale shot won't work\n|inactive|KarmaNightraide has 150 seconds left.\n|c|\u2606Su5|you trying to dragon me?\n|c|\u2606Su5|XD\n|c|\u2606KarmaNightraide|And of course the one time I don't have Gourgeist is when I need her\n|c|\u2606Su5|this is why cottonee is a try legend\n|c|\u2606KarmaNightraide|People don't do this shit in ubers\n|c|\u2606Su5|u haven't seen true shit yet\n|inactive|KarmaNightraide has 120 seconds left.\n|c|\u2606Su5|this is only 3% of my absolute shitiness i pull\n|\n|t:|1700640777\n|switch|p1a: Excalacey|Aegislash, F|76\/100\n|-activate|p1a: Excalacey|move: Sticky Web\n|-unboost|p1a: Excalacey|spe|1\n|move|p2a: FEAR ME!|Leech Seed|p1a: Excalacey\n|-start|p1a: Excalacey|move: Leech Seed\n|\n|-damage|p1a: Excalacey|64\/100|[from] Leech Seed|[of] p2a: FEAR ME!\n|upkeep\n|turn|23\n|\n|t:|1700640792\n|move|p2a: FEAR ME!|Substitute|p2a: FEAR ME!\n|-start|p2a: FEAR ME!|Substitute\n|-damage|p2a: FEAR ME!|82\/100\n|-formechange|p1a: Excalacey|Aegislash-Blade||[from] ability: Stance Change\n|move|p1a: Excalacey|Air Slash|p2a: FEAR ME!\n|-supereffective|p2a: FEAR ME!\n|-end|p2a: FEAR ME!|Substitute\n|\n|-damage|p1a: Excalacey|51\/100|[from] Leech Seed|[of] p2a: FEAR ME!\n|-heal|p2a: FEAR ME!|100\/100|[silent]\n|upkeep\n|turn|24\n|\n|t:|1700640802\n|move|p2a: FEAR ME!|Protect|p2a: FEAR ME!\n|-singleturn|p2a: FEAR ME!|Protect\n|move|p1a: Excalacey|Air Slash|p2a: FEAR ME!\n|-activate|p2a: FEAR ME!|move: Protect\n|\n|-damage|p1a: Excalacey|39\/100|[from] Leech Seed|[of] p2a: FEAR ME!\n|upkeep\n|turn|25\n|\n|t:|1700640810\n|move|p2a: FEAR ME!|Substitute|p2a: FEAR ME!\n|-start|p2a: FEAR ME!|Substitute\n|-damage|p2a: FEAR ME!|82\/100\n|move|p1a: Excalacey|Flash Cannon|p2a: FEAR ME!\n|-supereffective|p2a: FEAR ME!\n|-end|p2a: FEAR ME!|Substitute\n|\n|-damage|p1a: Excalacey|27\/100|[from] Leech Seed|[of] p2a: FEAR ME!\n|-heal|p2a: FEAR ME!|100\/100|[silent]\n|-sideend|p2: Su5|Reflect\n|upkeep\n|turn|26\n|\n|t:|1700640820\n|move|p2a: FEAR ME!|Protect|p2a: FEAR ME!\n|-singleturn|p2a: FEAR ME!|Protect\n|move|p1a: Excalacey|Shadow Sneak|p2a: FEAR ME!\n|-activate|p2a: FEAR ME!|move: Protect\n|\n|-damage|p1a: Excalacey|15\/100|[from] Leech Seed|[of] p2a: FEAR ME!\n|upkeep\n|turn|27\n|c|\u2606Su5|both physical and special\n|c|\u2606Su5|wow\n|c|\u2606KarmaNightraide|This is the lamest shit I have ever seen\n|c|\u2606Su5|but which one do u priority EVs on?\n|\n|t:|1700640849\n|move|p1a: Excalacey|Shadow Sneak|p2a: FEAR ME!\n|-enditem|p2a: FEAR ME!|Focus Sash\n|-damage|p2a: FEAR ME!|10\/100\n|move|p2a: FEAR ME!|Substitute|p2a: FEAR ME!\n|-fail|p2a: FEAR ME!|move: Substitute|[weak]\n|\n|-damage|p1a: Excalacey|2\/100|[from] Leech Seed|[of] p2a: FEAR ME!\n|-heal|p2a: FEAR ME!|100\/100|[silent]\n|upkeep\n|turn|28\n|inactive|KarmaNightraide has 120 seconds left.\n|c|\u2606KarmaNightraide|Everybody I need isn't here\n|c|\u2606Su5|lmao sorry\n|\n|t:|1700640865\n|move|p2a: FEAR ME!|Protect|p2a: FEAR ME!\n|-singleturn|p2a: FEAR ME!|Protect\n|move|p1a: Excalacey|Shadow Sneak|p2a: FEAR ME!\n|-activate|p2a: FEAR ME!|move: Protect\n|\n|-damage|p1a: Excalacey|0 fnt|[from] Leech Seed|[of] p2a: FEAR ME!\n|faint|p1a: Excalacey\n|upkeep\n|c|\u2606Su5|i mean, monotypes like never win\n|c|\u2606Su5|why do u think Pokemon Gyms in the games are so easy\n|c|\u2606KarmaNightraide|I win all the time\n|inactive|KarmaNightraide has 90 seconds left.\n|c|\u2606KarmaNightraide|I literally need only Gourgeist\n|c|\u2606KarmaNightraide|But I'm testing Aegislash\n|c|\u2606Su5|z-trick-o-treat eh\n|c|\u2606KarmaNightraide|This isn't my main team\n|c|\u2606Su5|Aegislash is OP\n|inactive|KarmaNightraide has 60 seconds left.\n|c|\u2606KarmaNightraide|I told you before I'm testing things\n|c|\u2606KarmaNightraide|I'm testing special builds\n|c|\u2606Su5|i'm testing too\n|\n|t:|1700640936\n|switch|p1a: Lil guy my man|Mimikyu, M|100\/100\n|-activate|p1a: Lil guy my man|move: Sticky Web\n|-unboost|p1a: Lil guy my man|spe|1\n|-status|p1a: Lil guy my man|psn\n|turn|29\n|c|\u2606Su5|my real team is something worse lol\n|\n|t:|1700640953\n|move|p2a: FEAR ME!|Leech Seed|p1a: Lil guy my man\n|-start|p1a: Lil guy my man|move: Leech Seed\n|move|p1a: Lil guy my man|Drain Punch|p2a: FEAR ME!\n|-resisted|p2a: FEAR ME!\n|-damage|p2a: FEAR ME!|0 fnt\n|faint|p2a: FEAR ME!\n|-damage|p1a: Lil guy my man|91\/100 psn|[from] item: Life Orb\n|\n|-damage|p1a: Lil guy my man|78\/100 psn|[from] psn\n|upkeep\n|\n|t:|1700640958\n|switch|p2a: Burning Claws|Incineroar, F|60\/100\n|-ability|p2a: Burning Claws|Intimidate|boost\n|-unboost|p1a: Lil guy my man|atk|1\n|turn|30\n|inactive|KarmaNightraide has 60 seconds left.\n|\n|t:|1700640982\n|move|p1a: Lil guy my man|Drain Punch|p2a: Burning Claws\n|-supereffective|p2a: Burning Claws\n|-crit|p2a: Burning Claws\n|-damage|p2a: Burning Claws|0 fnt\n|-heal|p1a: Lil guy my man|100\/100 psn|[from] drain|[of] p2a: Burning Claws\n|faint|p2a: Burning Claws\n|-damage|p1a: Lil guy my man|91\/100 psn|[from] item: Life Orb\n|\n|-damage|p1a: Lil guy my man|78\/100 psn|[from] psn\n|upkeep\n|\n|t:|1700640986\n|switch|p2a: Basculegion|Basculegion, M|100\/100\n|turn|31\n|c|\u2606KarmaNightraide|I wonder\n|c|\u2606KarmaNightraide|Scarf or swift swim\n|c|\u2606Su5|u might win maybe\n|inactive|KarmaNightraide has 30 seconds left.\n|\n|t:|1700641018\n|move|p1a: Lil guy my man|Shadow Sneak|p2a: Basculegion\n|-supereffective|p2a: Basculegion\n|-damage|p2a: Basculegion|65\/100\n|-damage|p1a: Lil guy my man|68\/100 psn|[from] item: Life Orb\n|move|p2a: Basculegion|Last Respects|p1a: Lil guy my man\n|-activate|p1a: Lil guy my man|ability: Disguise\n|-damage|p1a: Lil guy my man|68\/100 psn\n|detailschange|p1a: Lil guy my man|Mimikyu-Busted, M\n|-damage|p1a: Lil guy my man|56\/100 psn|[from] pokemon: Mimikyu-Busted\n|\n|-damage|p1a: Lil guy my man|44\/100 psn|[from] Leech Seed|[of] p2a: Basculegion\n|-heal|p2a: Basculegion|73\/100|[silent]\n|-damage|p1a: Lil guy my man|31\/100 psn|[from] psn\n|upkeep\n|turn|32\n|inactive|KarmaNightraide has 30 seconds left.\n|c|\u2606Su5|swiftswim with no rain?\n|c|\u2606KarmaNightraide|Oh I am\n|\n|t:|1700641035\n|-terastallize|p2a: Basculegion|Ghost\n|move|p1a: Lil guy my man|Shadow Sneak|p2a: Basculegion\n|-supereffective|p2a: Basculegion\n|-damage|p2a: Basculegion|36\/100\n|-damage|p1a: Lil guy my man|22\/100 psn|[from] item: Life Orb\n|move|p2a: Basculegion|Last Respects|p1a: Lil guy my man\n|-supereffective|p1a: Lil guy my man\n|-crit|p1a: Lil guy my man\n|-damage|p1a: Lil guy my man|0 fnt\n|faint|p1a: Lil guy my man\n|\n|upkeep\n|inactive|KarmaNightraide has 30 seconds left this turn.\n|inactive|KarmaNightraide has 20 seconds left.\n|\n|t:|1700641045\n|switch|p1a: Wanna sip?|Polteageist-Antique|100\/100\n|-activate|p1a: Wanna sip?|move: Sticky Web\n|-unboost|p1a: Wanna sip?|spe|1\n|-status|p1a: Wanna sip?|psn\n|turn|33\n|inactive|KarmaNightraide has 30 seconds left this turn.\n|\n|t:|1700641051\n|move|p2a: Basculegion|Last Respects|p1a: Wanna sip?\n|-supereffective|p1a: Wanna sip?\n|-enditem|p1a: Wanna sip?|Focus Sash\n|-damage|p1a: Wanna sip?|1\/100 psn\n|-ability|p1a: Wanna sip?|Weak Armor|boost\n|-unboost|p1a: Wanna sip?|def|1\n|-boost|p1a: Wanna sip?|spe|2\n|move|p1a: Wanna sip?|Shadow Ball|p2a: Basculegion\n|-supereffective|p2a: Basculegion\n|-damage|p2a: Basculegion|0 fnt\n|faint|p2a: Basculegion\n|\n|win|KarmaNightraide\n|inactive|KarmaNightraide has 30 seconds left this turn.\n|c|\u2606Su5|or not....\n|c|\u2606Su5|lol gg\n|c|\u2606KarmaNightraide|What's that about monotypes never winning?\n|c|\u2606Su5|you'll see\n|c|\u2606Su5|if i had my serious team lol\n|c|\u2606KarmaNightraide|You killed aegislash because a 90% accuracy move missed\n|c|\u2606Su5|lmao\n|c|\u2606KarmaNightraide|This is also a test team\n","uploadtime":1700641125,"views":14,"p1id":"karmanightraide","p2id":"su5","formatid":"gen9nationaldexubers","rating":0,"private":0,"password":""}