{"id":"gen9nationaldexubers-1989108595","p1":"patobatata4","p2":"ralca 1","format":"[Gen 9] National Dex Ubers","log":"|j|\u2606patobatata4\n|j|\u2606ralca 1\n|t:|1699813117\n|gametype|singles\n|player|p1|patobatata4|clown|1013\n|player|p2|ralca 1|steven|1040\n|teamsize|p1|6\n|teamsize|p2|6\n|gen|9\n|tier|[Gen 9] National Dex Ubers\n|rated|\n|rule|HP Percentage Mod: HP is shown in percentages\n|rule|Endless Battle Clause: Forcing endless battles is banned\n|rule|OHKO Clause: OHKO moves are banned\n|rule|Evasion Moves Clause: Evasion moves are banned\n|rule|Evasion Items Clause: Evasion items are banned\n|rule|Species Clause: Limit one of each Pok\u00e9mon\n|rule|Sleep Clause Mod: Limit one foe put to sleep\n|rule|Mega Rayquaza Clause: You cannot mega evolve Rayquaza\n|clearpoke\n|poke|p1|Flutter Mane|\n|poke|p1|Cloyster, F|\n|poke|p1|Shuckle, F|\n|poke|p1|Clodsire, M|\n|poke|p1|Bisharp, F|\n|poke|p1|Kilowattrel, M|\n|poke|p2|Samurott, M|\n|poke|p2|Emboar, M|\n|poke|p2|Serperior, F|\n|poke|p2|Unfezant, F|\n|poke|p2|Haxorus, F|\n|poke|p2|Hydreigon, F|\n|teampreview\n|\n|t:|1699813130\n|start\n|switch|p1a: Shuckle|Shuckle, F|100\/100\n|switch|p2a: Unfezant|Unfezant, F|100\/100\n|turn|1\n|\n|t:|1699813139\n|move|p2a: Unfezant|Tailwind|p2a: Unfezant\n|-sidestart|p2: ralca 1|move: Tailwind\n|move|p1a: Shuckle|Sticky Web|p2a: Unfezant\n|-sidestart|p2: ralca 1|move: Sticky Web\n|\n|upkeep\n|turn|2\n|\n|t:|1699813147\n|move|p2a: Unfezant|Brave Bird|p1a: Shuckle\n|-damage|p1a: Shuckle|36\/100\n|-enditem|p1a: Shuckle|Sitrus Berry|[eat]\n|-heal|p1a: Shuckle|61\/100|[from] item: Sitrus Berry\n|-damage|p2a: Unfezant|84\/100|[from] Recoil\n|move|p1a: Shuckle|Stealth Rock|p2a: Unfezant\n|-sidestart|p2: ralca 1|move: Stealth Rock\n|\n|upkeep\n|turn|3\n|\n|t:|1699813162\n|move|p2a: Unfezant|Brave Bird|p1a: Shuckle\n|-damage|p1a: Shuckle|0 fnt\n|faint|p1a: Shuckle\n|-damage|p2a: Unfezant|67\/100|[from] Recoil\n|\n|upkeep\n|\n|t:|1699813170\n|switch|p1a: Cloyster|Cloyster, F|100\/100\n|turn|4\n|\n|t:|1699813173\n|move|p2a: Unfezant|Defog|p1a: Cloyster\n|-unboost|p1a: Cloyster|evasion|1\n|-sideend|p2: ralca 1|Stealth Rock|[from] move: Defog|[of] p2a: Unfezant\n|-sideend|p2: ralca 1|Sticky Web|[from] move: Defog|[of] p2a: Unfezant\n|-enditem|p1a: Cloyster|White Herb\n|-clearnegativeboost|p1a: Cloyster|[silent]\n|move|p1a: Cloyster|Shell Smash|p1a: Cloyster\n|-unboost|p1a: Cloyster|def|1\n|-unboost|p1a: Cloyster|spd|1\n|-boost|p1a: Cloyster|atk|2\n|-boost|p1a: Cloyster|spa|2\n|-boost|p1a: Cloyster|spe|2\n|\n|-sideend|p2: ralca 1|move: Tailwind\n|upkeep\n|turn|5\n|\n|t:|1699813192\n|move|p1a: Cloyster|Icicle Spear|p2a: Unfezant\n|-supereffective|p2a: Unfezant\n|-damage|p2a: Unfezant|4\/100\n|-supereffective|p2a: Unfezant\n|-damage|p2a: Unfezant|0 fnt\n|faint|p2a: Unfezant\n|-hitcount|p2: Unfezant|2\n|\n|upkeep\n|inactive|Battle timer is ON: inactive players will automatically lose when time's up. (requested by patobatata4)\n|\n|t:|1699813210\n|switch|p2a: Samurott|Samurott, M|100\/100\n|turn|6\n|\n|t:|1699813217\n|move|p2a: Samurott|Aqua Jet|p1a: Cloyster\n|-resisted|p1a: Cloyster\n|-damage|p1a: Cloyster|87\/100\n|move|p1a: Cloyster|Icicle Spear|p2a: Samurott\n|-resisted|p2a: Samurott\n|-damage|p2a: Samurott|89\/100\n|-resisted|p2a: Samurott\n|-damage|p2a: Samurott|77\/100\n|-resisted|p2a: Samurott\n|-damage|p2a: Samurott|65\/100\n|-resisted|p2a: Samurott\n|-damage|p2a: Samurott|54\/100\n|-resisted|p2a: Samurott\n|-damage|p2a: Samurott|42\/100\n|-hitcount|p2a: Samurott|5\n|\n|upkeep\n|turn|7\n|\n|t:|1699813229\n|move|p2a: Samurott|Aqua Jet|p1a: Cloyster\n|-resisted|p1a: Cloyster\n|-damage|p1a: Cloyster|74\/100\n|move|p1a: Cloyster|Icicle Spear|p2a: Samurott\n|-resisted|p2a: Samurott\n|-damage|p2a: Samurott|31\/100\n|-resisted|p2a: Samurott\n|-damage|p2a: Samurott|18\/100\n|-resisted|p2a: Samurott\n|-damage|p2a: Samurott|6\/100\n|-resisted|p2a: Samurott\n|-damage|p2a: Samurott|0 fnt\n|faint|p2a: Samurott\n|-hitcount|p2: Samurott|4\n|\n|upkeep\n|\n|t:|1699813233\n|switch|p2a: Emboar|Emboar, M|100\/100\n|turn|8\n|\n|t:|1699813242\n|-terastallize|p2a: Emboar|Fire\n|move|p1a: Cloyster|Rock Blast|p2a: Emboar\n|-supereffective|p2a: Emboar\n|-damage|p2a: Emboar|66\/100\n|-supereffective|p2a: Emboar\n|-damage|p2a: Emboar|34\/100\n|-supereffective|p2a: Emboar\n|-damage|p2a: Emboar|0 fnt\n|faint|p2a: Emboar\n|-hitcount|p2: Emboar|3\n|\n|upkeep\n|\n|t:|1699813253\n|switch|p2a: Serperior|Serperior, F|100\/100\n|turn|9\n|\n|t:|1699813256\n|move|p1a: Cloyster|Icicle Spear|p2a: Serperior\n|-supereffective|p2a: Serperior\n|-damage|p2a: Serperior|45\/100\n|-supereffective|p2a: Serperior\n|-damage|p2a: Serperior|0 fnt\n|faint|p2a: Serperior\n|-hitcount|p2: Serperior|2\n|\n|upkeep\n|\n|t:|1699813261\n|switch|p2a: Hydreigon|Hydreigon, F|100\/100\n|turn|10\n|\n|t:|1699813267\n|move|p1a: Cloyster|Icicle Spear|p2a: Hydreigon\n|-supereffective|p2a: Hydreigon\n|-damage|p2a: Hydreigon|43\/100\n|-supereffective|p2a: Hydreigon\n|-damage|p2a: Hydreigon|0 fnt\n|faint|p2a: Hydreigon\n|-hitcount|p2: Hydreigon|2\n|\n|upkeep\n|-message|ralca 1 forfeited.\n|\n|win|patobatata4\n|raw|patobatata4's rating: 1013 &rarr; <strong>1054<\/strong><br \/>(+41 for winning)\n|raw|ralca 1's rating: 1040 &rarr; <strong>1023<\/strong><br \/>(-17 for losing)\n|l|\u2606ralca 1\n","uploadtime":1699813278,"views":5,"p1id":"patobatata4","p2id":"ralca1","formatid":"gen9nationaldexubers","rating":1023,"private":0,"password":""}