{"id":"gen9nationaldexubers-1986130479","p1":"JMTypoNgYT","p2":"KarmaNightraide","format":"[Gen 9] National Dex Ubers","log":"|j|\u2606JMTypoNgYT\n|j|\u2606KarmaNightraide\n|t:|1699453125\n|gametype|singles\n|player|p1|JMTypoNgYT|n|1284\n|player|p2|KarmaNightraide|unknown|1209\n|teamsize|p1|6\n|teamsize|p2|6\n|gen|9\n|tier|[Gen 9] National Dex Ubers\n|rated|\n|rule|HP Percentage Mod: HP is shown in percentages\n|rule|Endless Battle Clause: Forcing endless battles is banned\n|rule|OHKO Clause: OHKO moves are banned\n|rule|Evasion Moves Clause: Evasion moves are banned\n|rule|Evasion Items Clause: Evasion items are banned\n|rule|Species Clause: Limit one of each Pok\u00e9mon\n|rule|Sleep Clause Mod: Limit one foe put to sleep\n|rule|Mega Rayquaza Clause: You cannot mega evolve Rayquaza\n|clearpoke\n|poke|p1|Salamence, M|\n|poke|p1|Chi-Yu|\n|poke|p1|Marshadow|\n|poke|p1|Garchomp, F|\n|poke|p1|Necrozma-Dusk-Mane|\n|poke|p1|Iron Hands|\n|poke|p2|Ceruledge, F|\n|poke|p2|Basculegion, M|\n|poke|p2|Mimikyu, M|\n|poke|p2|Gourgeist-*, F|\n|poke|p2|Banette, F|\n|poke|p2|Mismagius, F|\n|teampreview\n|\n|t:|1699453132\n|start\n|switch|p1a: Iron Hands|Iron Hands|100\/100\n|switch|p2a: Go to sleep...|Banette, F|100\/100\n|turn|1\n|inactive|Battle timer is ON: inactive players will automatically lose when time's up. (requested by KarmaNightraide)\n|inactive|KarmaNightraide has 120 seconds left.\n|\n|t:|1699453170\n|detailschange|p2a: Go to sleep...|Banette-Mega, F\n|-mega|p2a: Go to sleep...|Banette|Banettite\n|move|p2a: Go to sleep...|Poltergeist|p1a: Iron Hands\n|-activate|p1a: Iron Hands|move: Poltergeist|Leftovers\n|-damage|p1a: Iron Hands|52\/100\n|move|p1a: Iron Hands|Iron Defense|p1a: Iron Hands\n|-boost|p1a: Iron Hands|def|2\n|\n|-heal|p1a: Iron Hands|59\/100|[from] item: Leftovers\n|upkeep\n|turn|2\n|\n|t:|1699453192\n|move|p2a: Go to sleep...|Poltergeist|p1a: Iron Hands\n|-activate|p1a: Iron Hands|move: Poltergeist|Leftovers\n|-damage|p1a: Iron Hands|33\/100\n|move|p1a: Iron Hands|Thunder Punch|p2a: Go to sleep...\n|-damage|p2a: Go to sleep...|43\/100\n|\n|-heal|p1a: Iron Hands|39\/100|[from] item: Leftovers\n|upkeep\n|turn|3\n|\n|t:|1699453203\n|move|p2a: Go to sleep...|Destiny Bond|p2a: Go to sleep...\n|-singlemove|p2a: Go to sleep...|Destiny Bond\n|move|p1a: Iron Hands|Thunder Punch|p2a: Go to sleep...\n|-damage|p2a: Go to sleep...|0 fnt\n|faint|p2a: Go to sleep...\n|-activate|p2a: Go to sleep...|move: Destiny Bond\n|faint|p1a: Iron Hands\n|-end|p1a: Iron Hands|Quark Drive|[silent]\n|\n|upkeep\n|\n|t:|1699453219\n|switch|p2a: Pumpin|Gourgeist-Small, F|100\/100\n|switch|p1a: Necrozma|Necrozma-Dusk-Mane|100\/100\n|-item|p1a: Necrozma|Leftovers|[from] ability: Frisk|[of] p2a: Pumpin|[identify]\n|turn|4\n|\n|t:|1699453227\n|-zpower|p2a: Pumpin\n|move|p2a: Pumpin|Z-Trick-or-Treat|p1a: Necrozma|[anim]Trick-or-Treat\n|-boost|p2a: Pumpin|atk|1|[zeffect]\n|-boost|p2a: Pumpin|def|1|[zeffect]\n|-boost|p2a: Pumpin|spa|1|[zeffect]\n|-boost|p2a: Pumpin|spd|1|[zeffect]\n|-boost|p2a: Pumpin|spe|1|[zeffect]\n|-start|p1a: Necrozma|typeadd|Ghost|[from] move: Trick-or-Treat\n|move|p1a: Necrozma|Dragon Dance|p1a: Necrozma\n|-boost|p1a: Necrozma|atk|1\n|-boost|p1a: Necrozma|spe|1\n|\n|upkeep\n|turn|5\n|\n|t:|1699453250\n|move|p2a: Pumpin|Poltergeist|p1a: Necrozma\n|-activate|p1a: Necrozma|move: Poltergeist|Leftovers\n|-supereffective|p1a: Necrozma\n|-damage|p1a: Necrozma|0 fnt\n|faint|p1a: Necrozma\n|\n|upkeep\n|inactive|JMTypoNgYT has 120 seconds left.\n|l|\u2606JMTypoNgYT\n|inactive|JMTypoNgYT disconnected and has a minute to reconnect!\n|player|p1|\n|c|\u2606KarmaNightraide|P u m p i n\n|j|\u2606JMTypoNgYT\n|inactive|JMTypoNgYT reconnected and has 110 seconds left.\n|player|p1|JMTypoNgYT|n\n|\n|t:|1699453285\n|switch|p1a: Salamence|Salamence, M|100\/100\n|-ability|p1a: Salamence|Intimidate|boost\n|-unboost|p2a: Pumpin|atk|1\n|turn|6\n|\n|t:|1699453303\n|detailschange|p1a: Salamence|Salamence-Mega, M\n|-mega|p1a: Salamence|Salamence|Salamencite\n|move|p2a: Pumpin|Poltergeist|p1a: Salamence\n|-activate|p1a: Salamence|move: Poltergeist|Salamencite\n|-damage|p1a: Salamence|68\/100\n|move|p1a: Salamence|Dragon Dance|p1a: Salamence\n|-boost|p1a: Salamence|atk|1\n|-boost|p1a: Salamence|spe|1\n|\n|upkeep\n|turn|7\n|\n|t:|1699453318\n|move|p2a: Pumpin|Poltergeist|p1a: Salamence\n|-activate|p1a: Salamence|move: Poltergeist|Salamencite\n|-damage|p1a: Salamence|37\/100\n|move|p1a: Salamence|Body Slam|p2a: Pumpin\n|-supereffective|p2a: Pumpin\n|-damage|p2a: Pumpin|0 fnt\n|faint|p2a: Pumpin\n|\n|upkeep\n|\n|t:|1699453332\n|switch|p2a: Lil guy my man|Mimikyu, M|100\/100\n|turn|8\n|l|\u2606JMTypoNgYT\n|inactive|JMTypoNgYT disconnected and has a minute to reconnect!\n|player|p1|\n|j|\u2606JMTypoNgYT\n|inactive|JMTypoNgYT reconnected and has 125 seconds left.\n|player|p1|JMTypoNgYT|n\n|inactive|JMTypoNgYT has 120 seconds left.\n|\n|t:|1699453352\n|move|p1a: Salamence|Body Slam|p2a: Lil guy my man\n|-activate|p2a: Lil guy my man|ability: Disguise\n|-damage|p2a: Lil guy my man|100\/100\n|-status|p2a: Lil guy my man|par\n|detailschange|p2a: Lil guy my man|Mimikyu-Busted, M\n|-damage|p2a: Lil guy my man|88\/100 par|[from] pokemon: Mimikyu-Busted\n|move|p2a: Lil guy my man|Play Rough|p1a: Salamence\n|-supereffective|p1a: Salamence\n|-damage|p1a: Salamence|0 fnt\n|faint|p1a: Salamence\n|-damage|p2a: Lil guy my man|78\/100 par|[from] item: Life Orb\n|\n|upkeep\n|\n|t:|1699453367\n|switch|p1a: Marshadow|Marshadow|100\/100\n|turn|9\n|\n|t:|1699453372\n|move|p2a: Lil guy my man|Shadow Sneak|p1a: Marshadow\n|-supereffective|p1a: Marshadow\n|-crit|p1a: Marshadow\n|-damage|p1a: Marshadow|18\/100\n|-damage|p2a: Lil guy my man|68\/100 par|[from] item: Life Orb\n|move|p1a: Marshadow|Spectral Thief|p2a: Lil guy my man\n|-supereffective|p2a: Lil guy my man\n|-damage|p2a: Lil guy my man|0 fnt\n|faint|p2a: Lil guy my man\n|\n|upkeep\n|inactive|KarmaNightraide has 120 seconds left.\n|\n|t:|1699453406\n|switch|p2a: Witch|Mismagius, F|100\/100\n|turn|10\n|\n|t:|1699453410\n|move|p1a: Marshadow|Shadow Sneak|p2a: Witch\n|-supereffective|p2a: Witch\n|-enditem|p2a: Witch|Focus Sash\n|-damage|p2a: Witch|1\/100\n|move|p2a: Witch|Psychic|p1a: Marshadow\n|-supereffective|p1a: Marshadow\n|-crit|p1a: Marshadow\n|-damage|p1a: Marshadow|0 fnt\n|faint|p1a: Marshadow\n|\n|upkeep\n|\n|t:|1699453420\n|switch|p1a: Chi-Yu|Chi-Yu|100\/100\n|-ability|p1a: Chi-Yu|Beads of Ruin\n|turn|11\n|\n|t:|1699453439\n|move|p1a: Chi-Yu|Dark Pulse|p2a: Witch\n|-supereffective|p2a: Witch\n|-damage|p2a: Witch|0 fnt\n|faint|p2a: Witch\n|\n|upkeep\n|\n|t:|1699453453\n|switch|p2a: Widowmaker|Ceruledge, F|100\/100\n|turn|12\n|\n|t:|1699453460\n|move|p1a: Chi-Yu|Dark Pulse|p2a: Widowmaker\n|-supereffective|p2a: Widowmaker\n|-enditem|p2a: Widowmaker|Focus Sash\n|-damage|p2a: Widowmaker|1\/100\n|move|p2a: Widowmaker|Close Combat|p1a: Chi-Yu\n|-supereffective|p1a: Chi-Yu\n|-damage|p1a: Chi-Yu|0 fnt\n|-unboost|p2a: Widowmaker|def|1\n|-unboost|p2a: Widowmaker|spd|1\n|faint|p1a: Chi-Yu\n|\n|upkeep\n|\n|t:|1699453471\n|switch|p1a: Garchomp|Garchomp, F|100\/100\n|turn|13\n|\n|t:|1699453481\n|move|p1a: Garchomp|Scale Shot|p2a: Widowmaker\n|-damage|p2a: Widowmaker|0 fnt\n|faint|p2a: Widowmaker\n|-hitcount|p2: Widowmaker|1\n|-unboost|p1a: Garchomp|def|1\n|-boost|p1a: Garchomp|spe|1\n|\n|upkeep\n|\n|t:|1699453488\n|switch|p2a: Fish|Basculegion, M|100\/100\n|turn|14\n|\n|t:|1699453507\n|move|p1a: Garchomp|Scale Shot|p2a: Fish\n|-damage|p2a: Fish|83\/100\n|-damage|p2a: Fish|66\/100\n|-damage|p2a: Fish|50\/100\n|-damage|p2a: Fish|32\/100\n|-damage|p2a: Fish|16\/100\n|-hitcount|p2a: Fish|5\n|-unboost|p1a: Garchomp|def|1\n|-boost|p1a: Garchomp|spe|1\n|move|p2a: Fish|Last Respects|p1a: Garchomp\n|-damage|p1a: Garchomp|0 fnt\n|faint|p1a: Garchomp\n|\n|win|KarmaNightraide\n|raw|JMTypoNgYT's rating: 1284 &rarr; <strong>1254<\/strong><br \/>(-30 for losing)\n|raw|KarmaNightraide's rating: 1209 &rarr; <strong>1239<\/strong><br \/>(+30 for winning)\n","uploadtime":1699453523,"views":6,"p1id":"jmtypongyt","p2id":"karmanightraide","formatid":"gen9nationaldexubers","rating":1239,"private":0,"password":""}