{"id":"gen9nationaldexubers-1989461647","p1":"ANinjaDude","p2":"Just B3A$T","format":"[Gen 9] National Dex Ubers","log":"|j|\u2606ANinjaDude\n|j|\u2606Just B3A$T\n|t:|1699854142\n|gametype|singles\n|player|p1|ANinjaDude|volkner|\n|player|p2|Just B3A$T|noland|\n|teamsize|p1|6\n|teamsize|p2|6\n|gen|9\n|tier|[Gen 9] National Dex Ubers\n|rule|HP Percentage Mod: HP is shown in percentages\n|rule|Endless Battle Clause: Forcing endless battles is banned\n|rule|OHKO Clause: OHKO moves are banned\n|rule|Evasion Moves Clause: Evasion moves are banned\n|rule|Evasion Items Clause: Evasion items are banned\n|rule|Species Clause: Limit one of each Pok\u00e9mon\n|rule|Sleep Clause Mod: Limit one foe put to sleep\n|rule|Mega Rayquaza Clause: You cannot mega evolve Rayquaza\n|clearpoke\n|poke|p1|Landorus-Therian, M|\n|poke|p1|Celesteela|\n|poke|p1|Thundurus-Therian, M|\n|poke|p1|Dragonite, F|\n|poke|p1|Shaymin-Sky|\n|poke|p1|Iron Valiant|\n|poke|p2|Ogerpon-Wellspring, F|\n|poke|p2|Gallade, M|\n|poke|p2|Dragapult, M|\n|poke|p2|Heatran, M|\n|poke|p2|Ting-Lu|\n|poke|p2|Rotom-Fan|\n|teampreview\n|inactive|Battle timer is ON: inactive players will automatically lose when time's up. (requested by ANinjaDude)\n|inactive|Just B3A$T also wants the timer to be on.\n|c|\u2606ANinjaDude|glhf\n|inactive|ANinjaDude has 270 seconds left.\n|inactive|Just B3A$T has 270 seconds left.\n|c|\u2606Just B3A$T|u2\n|inactive|Just B3A$T has 240 seconds left.\n|\n|t:|1699854203\n|start\n|switch|p1a: Landorus|Landorus-Therian, M|100\/100\n|switch|p2a: spinner!!!|Rotom-Fan|100\/100\n|-ability|p1a: Landorus|Intimidate|boost\n|-unboost|p2a: spinner!!!|atk|1\n|turn|1\n|j| Lucarigon\n|j| dreepy airlines\n|\n|t:|1699854212\n|move|p2a: spinner!!!|Air Slash|p1a: Landorus\n|-damage|p1a: Landorus|60\/100\n|move|p1a: Landorus|Stealth Rock|p2a: spinner!!!\n|-sidestart|p2: Just B3A$T|move: Stealth Rock\n|\n|upkeep\n|turn|2\n|l| Lucarigon\n|\n|t:|1699854223\n|move|p2a: spinner!!!|Air Slash|p1a: Landorus\n|-damage|p1a: Landorus|17\/100\n|move|p1a: Landorus|Knock Off|p2a: spinner!!!\n|-damage|p2a: spinner!!!|47\/100\n|-enditem|p2a: spinner!!!|Choice Scarf|[from] move: Knock Off|[of] p1a: Landorus\n|\n|upkeep\n|turn|3\n|\n|t:|1699854228\n|move|p1a: Landorus|Knock Off|p2a: spinner!!!\n|-damage|p2a: spinner!!!|17\/100\n|move|p2a: spinner!!!|Air Slash|p1a: Landorus\n|-damage|p1a: Landorus|0 fnt\n|faint|p1a: Landorus\n|\n|upkeep\n|c|\u2606Just B3A$T|whoa\n|\n|t:|1699854233\n|switch|p1a: Celesteela|Celesteela|100\/100\n|turn|4\n|c|\u2606Just B3A$T|speedy Lando\n|\n|t:|1699854240\n|move|p2a: spinner!!!|Volt Switch|p1a: Celesteela\n|-supereffective|p1a: Celesteela\n|-crit|p1a: Celesteela\n|-damage|p1a: Celesteela|0 fnt\n|faint|p1a: Celesteela\n|c|\u2606ANinjaDude|max speed\n|c|\u2606Just B3A$T|WHOA\n|c|\u2606Just B3A$T|FUCK\n|c|\u2606Just B3A$T|HOLU\n|c|\u2606Just B3A$T|*HOLY\n|c|\u2606ANinjaDude|that crit was necessary most likely\n|c|\u2606Just B3A$T|yes\n|c|\u2606Just B3A$T|definitely\n|c|\u2606ANinjaDude|on the plus side\n|c|\u2606ANinjaDude|you're now down a mon\n|\n|t:|1699854269\n|switch|p2a: Steampunk|Heatran, M|100\/100|[from] Volt Switch\n|-damage|p2a: Steampunk|88\/100|[from] Stealth Rock\n|-item|p2a: Steampunk|Air Balloon\n|\n|upkeep\n|\n|t:|1699854279\n|switch|p1a: Shaymin|Shaymin-Sky|100\/100\n|turn|5\n|\n|t:|1699854282\n|move|p1a: Shaymin|Air Slash|p2a: Steampunk|[miss]\n|-miss|p1a: Shaymin|p2a: Steampunk\n|move|p2a: Steampunk|Lava Plume|p1a: Shaymin\n|-supereffective|p1a: Shaymin\n|-damage|p1a: Shaymin|10\/100\n|\n|upkeep\n|turn|6\n|c|\u2606Just B3A$T|pain\n|c|\u2606Just B3A$T|I feel it\n|\n|t:|1699854291\n|move|p1a: Shaymin|Air Slash|p2a: Steampunk\n|-resisted|p2a: Steampunk\n|-damage|p2a: Steampunk|76\/100\n|-enditem|p2a: Steampunk|Air Balloon\n|cant|p2a: Steampunk|flinch\n|\n|upkeep\n|turn|7\n|c|\u2606ANinjaDude|unfort lol\n|\n|t:|1699854295\n|move|p1a: Shaymin|Air Slash|p2a: Steampunk\n|-resisted|p2a: Steampunk\n|-damage|p2a: Steampunk|63\/100\n|cant|p2a: Steampunk|flinch\n|\n|upkeep\n|turn|8\n|\n|t:|1699854297\n|move|p1a: Shaymin|Air Slash|p2a: Steampunk\n|-resisted|p2a: Steampunk\n|-damage|p2a: Steampunk|50\/100\n|move|p2a: Steampunk|Lava Plume|p1a: Shaymin\n|-supereffective|p1a: Shaymin\n|-damage|p1a: Shaymin|0 fnt\n|faint|p1a: Shaymin\n|\n|upkeep\n|c|\u2606Just B3A$T|uhhh\n|\n|t:|1699854301\n|switch|p1a: Iron Valiant|Iron Valiant|100\/100\n|-enditem|p1a: Iron Valiant|Booster Energy\n|-activate|p1a: Iron Valiant|ability: Quark Drive|[fromitem]\n|-start|p1a: Iron Valiant|quarkdrivespe\n|turn|9\n|c|\u2606Just B3A$T|Pk\n|c|\u2606Just B3A$T|*ok\n|\n|t:|1699854315\n|switch|p2a: spinner!!!|Rotom-Fan|17\/100\n|-damage|p2a: spinner!!!|0 fnt|[from] Stealth Rock\n|faint|p2a: spinner!!!\n|move|p1a: Iron Valiant|Calm Mind|p1a: Iron Valiant\n|-boost|p1a: Iron Valiant|spa|1\n|-boost|p1a: Iron Valiant|spd|1\n|\n|upkeep\n|\n|t:|1699854321\n|switch|p2a: cauldron bull|Ting-Lu|100\/100\n|-damage|p2a: cauldron bull|94\/100|[from] Stealth Rock\n|-ability|p2a: cauldron bull|Vessel of Ruin\n|turn|10\n|\n|t:|1699854325\n|-terastallize|p2a: cauldron bull|Fairy\n|move|p1a: Iron Valiant|Moonblast|p2a: cauldron bull\n|-damage|p2a: cauldron bull|56\/100\n|-unboost|p2a: cauldron bull|spa|1\n|move|p2a: cauldron bull|Whirlwind|p1a: Iron Valiant\n|-end|p1a: Iron Valiant|Quark Drive|[silent]\n|drag|p1a: Dragonite|Dragonite, F|100\/100\n|\n|upkeep\n|turn|11\n|\n|t:|1699854333\n|move|p1a: Dragonite|Earthquake|p2a: cauldron bull\n|-damage|p2a: cauldron bull|41\/100\n|move|p2a: cauldron bull|Whirlwind|p1a: Dragonite\n|drag|p1a: Thundurus|Thundurus-Therian, M|100\/100\n|\n|upkeep\n|turn|12\n|\n|t:|1699854340\n|move|p1a: Thundurus|Thunderbolt|p2a: cauldron bull\n|-damage|p2a: cauldron bull|9\/100\n|move|p2a: cauldron bull|Stealth Rock|p1a: Thundurus\n|-sidestart|p1: ANinjaDude|move: Stealth Rock\n|\n|upkeep\n|turn|13\n|\n|t:|1699854345\n|move|p1a: Thundurus|Substitute|p1a: Thundurus\n|-start|p1a: Thundurus|Substitute\n|-damage|p1a: Thundurus|76\/100\n|move|p2a: cauldron bull|Spikes|p1a: Thundurus\n|-sidestart|p1: ANinjaDude|Spikes\n|\n|upkeep\n|turn|14\n|\n|t:|1699854352\n|move|p1a: Thundurus|Thunderbolt|p2a: cauldron bull\n|-damage|p2a: cauldron bull|0 fnt\n|faint|p2a: cauldron bull\n|\n|upkeep\n|\n|t:|1699854354\n|switch|p2a: Ronin|Gallade, M, shiny|100\/100\n|-damage|p2a: Ronin|94\/100|[from] Stealth Rock\n|turn|15\n|l| dreepy airlines\n|\n|t:|1699854358\n|detailschange|p2a: Ronin|Gallade-Mega, M, shiny\n|-mega|p2a: Ronin|Gallade|Galladite\n|move|p2a: Ronin|Ice Punch|p1a: Thundurus\n|-supereffective|p1a: Thundurus\n|-crit|p1a: Thundurus\n|-end|p1a: Thundurus|Substitute\n|move|p1a: Thundurus|Thunderbolt|p2a: Ronin\n|-damage|p2a: Ronin|39\/100\n|\n|upkeep\n|turn|16\n|\n|t:|1699854363\n|move|p2a: Ronin|Ice Punch|p1a: Thundurus\n|-supereffective|p1a: Thundurus\n|-damage|p1a: Thundurus|0 fnt\n|faint|p1a: Thundurus\n|\n|upkeep\n|\n|t:|1699854365\n|switch|p1a: Iron Valiant|Iron Valiant|100\/100\n|-damage|p1a: Iron Valiant|94\/100|[from] Stealth Rock\n|-damage|p1a: Iron Valiant|82\/100|[from] Spikes\n|turn|17\n|\n|t:|1699854369\n|switch|p2a: Steampunk|Heatran, M|50\/100\n|-damage|p2a: Steampunk|38\/100|[from] Stealth Rock\n|move|p1a: Iron Valiant|Encore||[still]\n|-fail|p1a: Iron Valiant\n|\n|upkeep\n|turn|18\n|\n|t:|1699854374\n|move|p1a: Iron Valiant|Calm Mind|p1a: Iron Valiant\n|-boost|p1a: Iron Valiant|spa|1\n|-boost|p1a: Iron Valiant|spd|1\n|move|p2a: Steampunk|Lava Plume|p1a: Iron Valiant\n|-damage|p1a: Iron Valiant|43\/100\n|-status|p1a: Iron Valiant|brn\n|\n|-damage|p1a: Iron Valiant|37\/100 brn|[from] brn\n|upkeep\n|turn|19\n|\n|t:|1699854379\n|move|p1a: Iron Valiant|Vacuum Wave|p2a: Steampunk\n|-supereffective|p2a: Steampunk\n|-damage|p2a: Steampunk|0 fnt\n|faint|p2a: Steampunk\n|\n|-damage|p1a: Iron Valiant|31\/100 brn|[from] brn\n|upkeep\n|\n|t:|1699854386\n|switch|p2a: child exploiter|Dragapult, M, shiny|100\/100\n|-damage|p2a: child exploiter|88\/100|[from] Stealth Rock\n|turn|20\n|\n|t:|1699854389\n|move|p2a: child exploiter|Shadow Ball|p1a: Iron Valiant\n|-damage|p1a: Iron Valiant|0 fnt\n|faint|p1a: Iron Valiant\n|-end|p1a: Iron Valiant|Quark Drive|[silent]\n|\n|upkeep\n|\n|t:|1699854392\n|switch|p1a: Dragonite|Dragonite, F|100\/100\n|turn|21\n|c|\u2606Just B3A$T|welp\n|c|\u2606Just B3A$T|gg\n|\n|t:|1699854397\n|switch|p2a: Ronin|Gallade-Mega, M, shiny|39\/100\n|-damage|p2a: Ronin|33\/100|[from] Stealth Rock\n|-terastallize|p1a: Dragonite|Normal\n|move|p1a: Dragonite|Dragon Dance|p1a: Dragonite\n|-boost|p1a: Dragonite|atk|1\n|-boost|p1a: Dragonite|spe|1\n|\n|upkeep\n|turn|22\n|\n|t:|1699854404\n|move|p1a: Dragonite|Extreme Speed|p2a: Ronin\n|-damage|p2a: Ronin|0 fnt\n|faint|p2a: Ronin\n|\n|upkeep\n|\n|t:|1699854411\n|switch|p2a: child exploiter|Dragapult, M, shiny|88\/100\n|-damage|p2a: child exploiter|76\/100|[from] Stealth Rock\n|turn|23\n|\n|t:|1699854418\n|move|p1a: Dragonite|Earthquake|p2a: child exploiter\n|-damage|p2a: child exploiter|0 fnt\n|faint|p2a: child exploiter\n|\n|upkeep\n|c|\u2606Just B3A$T|unless...\n|\n|t:|1699854424\n|switch|p2a: It's Oger For You!|Ogerpon-Wellspring, F|100\/100\n|-damage|p2a: It's Oger For You!|88\/100|[from] Stealth Rock\n|turn|24\n|\n|t:|1699854427\n|move|p1a: Dragonite|Extreme Speed|p2a: It's Oger For You!\n|-crit|p2a: It's Oger For You!\n|-damage|p2a: It's Oger For You!|0 fnt\n|faint|p2a: It's Oger For You!\n|\n|win|ANinjaDude\n|c|\u2606ANinjaDude|ggs\n|c|\u2606ANinjaDude|dnite the goat\n|c|\u2606Just B3A$T|WHAT....\n","uploadtime":1699854435,"views":7,"p1id":"aninjadude","p2id":"justb3at","formatid":"gen9nationaldexubers","rating":0,"private":0,"password":""}