{"id":"gen9nationaldexubers-1978666395","p1":"Penter","p2":"spaslak dodo","format":"[Gen 9] National Dex Ubers","log":"|j|\u2606Penter\n|j|\u2606spaslak dodo\n|inactive|Battle timer is ON: inactive players will automatically lose when time's up.\n|t:|1698577851\n|gametype|singles\n|player|p1|Penter|n|\n|player|p2|spaslak dodo|hero2-conquest|\n|teamsize|p1|6\n|teamsize|p2|6\n|gen|9\n|tier|[Gen 9] National Dex Ubers\n|rated|Tournament battle\n|rule|HP Percentage Mod: HP is shown in percentages\n|rule|Endless Battle Clause: Forcing endless battles is banned\n|rule|OHKO Clause: OHKO moves are banned\n|rule|Evasion Moves Clause: Evasion moves are banned\n|rule|Evasion Items Clause: Evasion items are banned\n|rule|Species Clause: Limit one of each Pok\u00e9mon\n|rule|Sleep Clause Mod: Limit one foe put to sleep\n|rule|Mega Rayquaza Clause: You cannot mega evolve Rayquaza\n|clearpoke\n|poke|p1|Chien-Pao|\n|poke|p1|Zygarde-Complete|\n|poke|p1|Scizor-Mega, M|\n|poke|p1|Urshifu-*, M|\n|poke|p1|Dracovish|\n|poke|p1|Darmanitan-Galar, F|\n|poke|p2|Chien-Pao|\n|poke|p2|Arceus-Fairy|\n|poke|p2|Annihilape, M|\n|poke|p2|Ursaluna, M|\n|poke|p2|Magearna|\n|poke|p2|Weavile, M|\n|teampreview\n|j|*Lady Monita \u263d\n|inactive|Penter has 120 seconds left.\n|c|\u2606Penter|my team isn't finished so idk\n|\n|t:|1698577897\n|start\n|switch|p1a: Dracovish|Dracovish|100\/100\n|switch|p2a: Arceus|Arceus-Fairy|100\/100\n|turn|1\n|\n|t:|1698577906\n|switch|p1a: Scizor|Scizor-Mega, M|100\/100\n|move|p2a: Arceus|Judgment|p1a: Scizor\n|-resisted|p1a: Scizor\n|-damage|p1a: Scizor|73\/100\n|\n|upkeep\n|turn|2\n|\n|t:|1698577914\n|move|p2a: Arceus|Flamethrower|p1a: Scizor\n|-supereffective|p1a: Scizor\n|-damage|p1a: Scizor|0 fnt\n|faint|p1a: Scizor\n|\n|upkeep\n|\n|t:|1698577922\n|switch|p1a: Darmanitan|Darmanitan-Galar, F|100\/100\n|turn|3\n|\n|t:|1698577929\n|move|p1a: Darmanitan|Flare Blitz|p2a: Arceus\n|-damage|p2a: Arceus|57\/100\n|-damage|p1a: Darmanitan|82\/100|[from] Recoil\n|move|p2a: Arceus|Flamethrower|p1a: Darmanitan\n|-supereffective|p1a: Darmanitan\n|-damage|p1a: Darmanitan|0 fnt\n|faint|p1a: Darmanitan\n|\n|upkeep\n|\n|t:|1698577949\n|switch|p1a: Dracovish|Dracovish|100\/100\n|turn|4\n|\n|t:|1698577958\n|-terastallize|p1a: Dracovish|Water\n|move|p2a: Arceus|Judgment|p1a: Dracovish\n|-damage|p1a: Dracovish|21\/100\n|move|p1a: Dracovish|Fishious Rend|p2a: Arceus\n|-damage|p2a: Arceus|0 fnt\n|faint|p2a: Arceus\n|\n|upkeep\n|\n|t:|1698577968\n|switch|p2a: Chien-Pao|Chien-Pao|100\/100\n|-ability|p2a: Chien-Pao|Sword of Ruin\n|turn|5\n|\n|t:|1698577980\n|switch|p1a: Urshifu|Urshifu, M|100\/100\n|move|p2a: Chien-Pao|Crunch|p1a: Urshifu\n|-resisted|p1a: Urshifu\n|-damage|p1a: Urshifu|83\/100\n|-damage|p2a: Chien-Pao|91\/100|[from] item: Life Orb\n|\n|upkeep\n|turn|6\n|\n|t:|1698578010\n|switch|p2a: Magearna|Magearna|100\/100\n|switch|p1a: Chien-Pao|Chien-Pao|100\/100\n|-ability|p1a: Chien-Pao|Sword of Ruin\n|\n|upkeep\n|turn|7\n|\n|t:|1698578021\n|switch|p1a: Dracovish|Dracovish, tera:Water|21\/100\n|move|p2a: Magearna|Fleur Cannon|p1a: Dracovish\n|-damage|p1a: Dracovish|0 fnt\n|-unboost|p2a: Magearna|spa|2\n|faint|p1a: Dracovish\n|-ability|p2a: Magearna|Soul-Heart|boost\n|-boost|p2a: Magearna|spa|1\n|\n|upkeep\n|inactive|Penter has 120 seconds left.\n|\n|t:|1698578032\n|switch|p1a: Zygarde|Zygarde-Complete|100\/100\n|turn|8\n|\n|t:|1698578042\n|switch|p2a: Weavile|Weavile, M|100\/100\n|-ability|p2a: Weavile|Pressure\n|move|p1a: Zygarde|Coil|p1a: Zygarde\n|-boost|p1a: Zygarde|atk|1\n|-boost|p1a: Zygarde|def|1\n|-boost|p1a: Zygarde|accuracy|1\n|\n|upkeep\n|turn|9\n|\n|t:|1698578056\n|move|p2a: Weavile|Fake Out|p1a: Zygarde\n|-damage|p1a: Zygarde|96\/100\n|cant|p1a: Zygarde|flinch\n|\n|-heal|p1a: Zygarde|100\/100|[from] item: Leftovers\n|upkeep\n|turn|10\n|\n|t:|1698578060\n|move|p2a: Weavile|Ice Shard|p1a: Zygarde\n|-supereffective|p1a: Zygarde\n|-damage|p1a: Zygarde|75\/100\n|move|p1a: Zygarde|Thousand Arrows|p2a: Weavile\n|-damage|p2a: Weavile|0 fnt\n|faint|p2a: Weavile\n|\n|-heal|p1a: Zygarde|81\/100|[from] item: Leftovers\n|upkeep\n|\n|t:|1698578066\n|switch|p2a: Magearna|Magearna|100\/100\n|turn|11\n|\n|t:|1698578073\n|-terastallize|p2a: Magearna|Ground\n|move|p1a: Zygarde|Thousand Arrows|p2a: Magearna\n|-damage|p2a: Magearna|44\/100\n|move|p2a: Magearna|Ice Beam|p1a: Zygarde\n|-supereffective|p1a: Zygarde\n|-damage|p1a: Zygarde|0 fnt\n|faint|p1a: Zygarde\n|-ability|p2a: Magearna|Soul-Heart|boost\n|-boost|p2a: Magearna|spa|1\n|\n|upkeep\n|\n|t:|1698578080\n|switch|p1a: Chien-Pao|Chien-Pao|100\/100\n|-ability|p1a: Chien-Pao|Sword of Ruin\n|turn|12\n|\n|t:|1698578090\n|switch|p2a: Annihilape|Annihilape, M|100\/100\n|move|p1a: Chien-Pao|Ice Spinner|p2a: Annihilape\n|-damage|p2a: Annihilape|46\/100\n|\n|upkeep\n|turn|13\n|\n|t:|1698578099\n|move|p1a: Chien-Pao|Ice Spinner|p2a: Annihilape\n|-damage|p2a: Annihilape|0 fnt\n|faint|p2a: Annihilape\n|\n|upkeep\n|\n|t:|1698578105\n|switch|p2a: Ursaluna|Ursaluna, M|100\/100\n|turn|14\n|\n|t:|1698578112\n|move|p1a: Chien-Pao|Ice Spinner|p2a: Ursaluna\n|-supereffective|p2a: Ursaluna\n|-damage|p2a: Ursaluna|25\/100\n|move|p2a: Ursaluna|Facade|p1a: Chien-Pao\n|-crit|p1a: Chien-Pao\n|-damage|p1a: Chien-Pao|15\/100\n|\n|-status|p2a: Ursaluna|brn|[from] item: Flame Orb\n|upkeep\n|turn|15\n|\n|t:|1698578126\n|move|p1a: Chien-Pao|Ice Shard|p2a: Ursaluna\n|-supereffective|p2a: Ursaluna\n|-damage|p2a: Ursaluna|0 fnt\n|faint|p2a: Ursaluna\n|\n|upkeep\n|\n|t:|1698578128\n|switch|p2a: Chien-Pao|Chien-Pao|91\/100\n|-ability|p2a: Chien-Pao|Sword of Ruin\n|turn|16\n|\n|t:|1698578132\n|move|p1a: Chien-Pao|Protect|p1a: Chien-Pao\n|-singleturn|p1a: Chien-Pao|Protect\n|move|p2a: Chien-Pao|Crunch|p1a: Chien-Pao\n|-activate|p1a: Chien-Pao|move: Protect\n|\n|upkeep\n|turn|17\n|\n|t:|1698578140\n|move|p1a: Chien-Pao|Sucker Punch|p2a: Chien-Pao\n|-resisted|p2a: Chien-Pao\n|-damage|p2a: Chien-Pao|66\/100\n|move|p2a: Chien-Pao|Crunch|p1a: Chien-Pao\n|-resisted|p1a: Chien-Pao\n|-damage|p1a: Chien-Pao|0 fnt\n|faint|p1a: Chien-Pao\n|-damage|p2a: Chien-Pao|56\/100|[from] item: Life Orb\n|\n|upkeep\n|\n|t:|1698578142\n|switch|p1a: Urshifu|Urshifu, M|83\/100\n|turn|18\n|\n|t:|1698578148\n|move|p2a: Chien-Pao|Ice Spinner|p1a: Urshifu\n|-damage|p1a: Urshifu|13\/100\n|-damage|p2a: Chien-Pao|46\/100|[from] item: Life Orb\n|move|p1a: Urshifu|Drain Punch|p2a: Chien-Pao\n|-supereffective|p2a: Chien-Pao\n|-damage|p2a: Chien-Pao|0 fnt\n|-heal|p1a: Urshifu|32\/100|[from] drain|[of] p2a: Chien-Pao\n|faint|p2a: Chien-Pao\n|\n|upkeep\n|\n|t:|1698578154\n|switch|p2a: Magearna|Magearna, tera:Ground|44\/100\n|turn|19\n|\n|t:|1698578170\n|move|p1a: Urshifu|Wicked Blow|p2a: Magearna\n|-crit|p2a: Magearna\n|-damage|p2a: Magearna|0 fnt\n|faint|p2a: Magearna\n|\n|win|Penter\n|n|\u2606Penter|penter\n|n|\u2606spaslak dodo|spaslakdodo\n|n|*Lady Monita \u263d|ladymonita\n|l|*Lady Monita \u263d\n|l|\u2606spaslak dodo\n|j| RUMYMOME\n|l| RUMYMOME\n|j| RUMYMOME\n","uploadtime":1698578439,"views":14,"p1id":"penter","p2id":"spaslakdodo","formatid":"gen9nationaldexubers","rating":0,"private":0,"password":""}