{"id":"gen9nationaldexubers-1987343976","p1":"cheren vgc","p2":"Rhyfinn sr.","format":"[Gen 9] National Dex Ubers","log":"|j|\u2606cheren vgc\n|j|\u2606Rhyfinn sr.\n|t:|1699579825\n|gametype|singles\n|player|p1|cheren vgc|266|1346\n|player|p2|Rhyfinn sr.|alder|1374\n|teamsize|p1|6\n|teamsize|p2|6\n|gen|9\n|tier|[Gen 9] National Dex Ubers\n|rated|\n|rule|HP Percentage Mod: HP is shown in percentages\n|rule|Endless Battle Clause: Forcing endless battles is banned\n|rule|OHKO Clause: OHKO moves are banned\n|rule|Evasion Moves Clause: Evasion moves are banned\n|rule|Evasion Items Clause: Evasion items are banned\n|rule|Species Clause: Limit one of each Pok\u00e9mon\n|rule|Sleep Clause Mod: Limit one foe put to sleep\n|rule|Mega Rayquaza Clause: You cannot mega evolve Rayquaza\n|clearpoke\n|poke|p1|Kyurem-White|\n|poke|p1|Thundurus, M|\n|poke|p1|Mewtwo|\n|poke|p1|Zacian-*|\n|poke|p1|Rotom-Wash|\n|poke|p1|Kyogre|\n|poke|p2|Groudon|\n|poke|p2|Ho-Oh|\n|poke|p2|Xerneas-*|\n|poke|p2|Marshadow|\n|poke|p2|Necrozma-Dusk-Mane|\n|poke|p2|Alakazam, M|\n|teampreview\n|inactive|Battle timer is ON: inactive players will automatically lose when time's up. (requested by cheren vgc)\n|inactive|Rhyfinn sr. also wants the timer to be on.\n|\n|t:|1699579844\n|start\n|switch|p1a: Rotom|Rotom-Wash|100\/100\n|switch|p2a: Groudon|Groudon, shiny|100\/100\n|detailschange|p2a: Groudon|Groudon-Primal, shiny\n|-primal|p2a: Groudon|Red Orb\n|-weather|DesolateLand|[from] ability: Desolate Land|[of] p2a: Groudon\n|turn|1\n|\n|t:|1699579858\n|switch|p1a: Thundurus|Thundurus, M|100\/100\n|move|p2a: Groudon|Rock Polish|p2a: Groudon\n|-boost|p2a: Groudon|spe|2\n|\n|-weather|DesolateLand|[upkeep]\n|upkeep\n|turn|2\n|\n|t:|1699579866\n|move|p1a: Thundurus|Taunt|p2a: Groudon\n|-start|p2a: Groudon|move: Taunt\n|move|p2a: Groudon|Flamethrower|p1a: Thundurus\n|-damage|p1a: Thundurus|10\/100\n|-status|p1a: Thundurus|brn\n|-enditem|p1a: Thundurus|Sitrus Berry|[eat]\n|-heal|p1a: Thundurus|35\/100 brn|[from] item: Sitrus Berry\n|\n|-weather|DesolateLand|[upkeep]\n|-damage|p1a: Thundurus|29\/100 brn|[from] brn\n|upkeep\n|turn|3\n|\n|t:|1699579877\n|move|p2a: Groudon|Flamethrower|p1a: Thundurus\n|-damage|p1a: Thundurus|0 fnt\n|faint|p1a: Thundurus\n|\n|-weather|DesolateLand|[upkeep]\n|upkeep\n|\n|t:|1699579894\n|switch|p1a: Mewtwo|Mewtwo|100\/100\n|-ability|p1a: Mewtwo|Unnerve\n|turn|4\n|\n|t:|1699579902\n|detailschange|p1a: Mewtwo|Mewtwo-Mega-Y\n|-mega|p1a: Mewtwo|Mewtwo|Mewtwonite Y\n|move|p2a: Groudon|Flamethrower|p1a: Mewtwo\n|-damage|p1a: Mewtwo|24\/100\n|move|p1a: Mewtwo|Earth Power|p2a: Groudon\n|-supereffective|p2a: Groudon\n|-damage|p2a: Groudon|0 fnt\n|faint|p2a: Groudon\n|-weather|none\n|\n|upkeep\n|\n|t:|1699579924\n|switch|p2a: Alakazam|Alakazam, M|100\/100\n|turn|5\n|\n|t:|1699579933\n|detailschange|p2a: Alakazam|Alakazam-Mega, M\n|-mega|p2a: Alakazam|Alakazam|Alakazite\n|-ability|p2a: Alakazam|Insomnia|[from] ability: Trace|[of] p1a: Mewtwo\n|move|p2a: Alakazam|Dazzling Gleam|p1a: Mewtwo\n|-damage|p1a: Mewtwo|0 fnt\n|faint|p1a: Mewtwo\n|\n|upkeep\n|\n|t:|1699579951\n|switch|p1a: Kyogre|Kyogre|100\/100\n|detailschange|p1a: Kyogre|Kyogre-Primal\n|-primal|p1a: Kyogre|Blue Orb\n|-weather|PrimordialSea|[from] ability: Primordial Sea|[of] p1a: Kyogre\n|turn|6\n|\n|t:|1699579968\n|move|p2a: Alakazam|Nasty Plot|p2a: Alakazam\n|-boost|p2a: Alakazam|spa|2\n|move|p1a: Kyogre|Origin Pulse|p2a: Alakazam\n|-damage|p2a: Alakazam|0 fnt\n|faint|p2a: Alakazam\n|\n|-weather|PrimordialSea|[upkeep]\n|upkeep\n|\n|t:|1699579979\n|switch|p2a: Xerneas|Xerneas|100\/100\n|-ability|p2a: Xerneas|Fairy Aura\n|turn|7\n|\n|t:|1699579984\n|-weather|none\n|switch|p1a: Zacian|Zacian-Crowned|100\/100\n|-ability|p1a: Zacian|Intrepid Sword|boost\n|-boost|p1a: Zacian|atk|1\n|move|p2a: Xerneas|Geomancy||[still]\n|-prepare|p2a: Xerneas|Geomancy\n|-enditem|p2a: Xerneas|Power Herb\n|-anim|p2a: Xerneas|Geomancy|p2a: Xerneas\n|-boost|p2a: Xerneas|spa|2\n|-boost|p2a: Xerneas|spd|2\n|-boost|p2a: Xerneas|spe|2\n|\n|upkeep\n|turn|8\n|\n|t:|1699579997\n|-terastallize|p2a: Xerneas|Fire\n|move|p2a: Xerneas|Hidden Power|p1a: Zacian\n|-supereffective|p1a: Zacian\n|-damage|p1a: Zacian|0 fnt\n|faint|p1a: Zacian\n|\n|upkeep\n|\n|t:|1699580005\n|switch|p1a: Kyogre|Kyogre-Primal|100\/100\n|-weather|PrimordialSea|[from] ability: Primordial Sea|[of] p1a: Kyogre\n|turn|9\n|\n|t:|1699580014\n|move|p2a: Xerneas|Moonblast|p1a: Kyogre\n|-damage|p1a: Kyogre|18\/100\n|move|p1a: Kyogre|Origin Pulse|p2a: Xerneas\n|-supereffective|p2a: Xerneas\n|-damage|p2a: Xerneas|1\/100\n|\n|-weather|PrimordialSea|[upkeep]\n|upkeep\n|turn|10\n|\n|t:|1699580025\n|move|p2a: Xerneas|Moonblast|p1a: Kyogre\n|-damage|p1a: Kyogre|0 fnt\n|faint|p1a: Kyogre\n|-weather|none\n|\n|upkeep\n|c|\u2606Rhyfinn sr.|oh\n|c|\u2606Rhyfinn sr.|wow\n|\n|t:|1699580036\n|switch|p1a: Rotom|Rotom-Wash|100\/100\n|turn|11\n|\n|t:|1699580043\n|move|p2a: Xerneas|Moonblast|p1a: Rotom\n|-damage|p1a: Rotom|0 fnt\n|faint|p1a: Rotom\n|\n|upkeep\n|\n|t:|1699580047\n|switch|p1a: Kyurem|Kyurem-White, shiny|100\/100\n|-ability|p1a: Kyurem|Turboblaze\n|turn|12\n|c|\u2606Rhyfinn sr.|4hp\n|c|\u2606Rhyfinn sr.|bruh\n|\n|t:|1699580057\n|-terastallize|p1a: Kyurem|Fire\n|move|p2a: Xerneas|Moonblast|p1a: Kyurem\n|-resisted|p1a: Kyurem\n|-damage|p1a: Kyurem|47\/100\n|move|p1a: Kyurem|Ice Beam|p2a: Xerneas\n|-resisted|p2a: Xerneas\n|-damage|p2a: Xerneas|0 fnt\n|faint|p2a: Xerneas\n|\n|upkeep\n|\n|t:|1699580068\n|switch|p2a: Marshadow|Marshadow|100\/100\n|turn|13\n|\n|t:|1699580077\n|move|p2a: Marshadow|Rock Tomb|p1a: Kyurem\n|-supereffective|p1a: Kyurem\n|-damage|p1a: Kyurem|2\/100\n|-unboost|p1a: Kyurem|spe|1\n|move|p1a: Kyurem|Fusion Flare|p2a: Marshadow\n|-damage|p2a: Marshadow|25\/100\n|\n|upkeep\n|turn|14\n|\n|t:|1699580087\n|move|p2a: Marshadow|Shadow Sneak|p1a: Kyurem\n|-damage|p1a: Kyurem|0 fnt\n|-damage|p2a: Marshadow|8\/100|[from] item: Rocky Helmet|[of] p1a: Kyurem\n|faint|p1a: Kyurem\n|\n|win|Rhyfinn sr.\n|raw|cheren vgc's rating: 1346 &rarr; <strong>1328<\/strong><br \/>(-18 for losing)\n|raw|Rhyfinn sr.'s rating: 1374 &rarr; <strong>1392<\/strong><br \/>(+18 for winning)\n|c|\u2606Rhyfinn sr.|gg\n|l|\u2606cheren vgc\n","uploadtime":1699580095,"views":5,"p1id":"cherenvgc","p2id":"rhyfinnsr","formatid":"gen9nationaldexubers","rating":1328,"private":0,"password":""}