{"id":"gen9nationaldexubers-1982147952","p1":"Jazzpunk07","p2":"Saigostar","format":"[Gen 9] National Dex Ubers","log":"|j|\u2606Jazzpunk07\n|j|\u2606Saigostar\n|t:|1698972794\n|gametype|singles\n|player|p1|Jazzpunk07|bellelba|\n|player|p2|Saigostar|colress|\n|teamsize|p1|6\n|teamsize|p2|1\n|gen|9\n|tier|[Gen 9] National Dex Ubers\n|rule|HP Percentage Mod: HP is shown in percentages\n|rule|Endless Battle Clause: Forcing endless battles is banned\n|rule|OHKO Clause: OHKO moves are banned\n|rule|Evasion Moves Clause: Evasion moves are banned\n|rule|Evasion Items Clause: Evasion items are banned\n|rule|Species Clause: Limit one of each Pok\u00e9mon\n|rule|Sleep Clause Mod: Limit one foe put to sleep\n|rule|Mega Rayquaza Clause: You cannot mega evolve Rayquaza\n|clearpoke\n|poke|p1|Timburr, M|\n|poke|p1|Wynaut, M|\n|poke|p1|Greavard, F|\n|poke|p1|Numel, M|\n|poke|p1|Glimmet, M|\n|poke|p1|Bulbasaur, M|\n|poke|p2|Annihilape, M|\n|teampreview\n|j| SteamSkull9137\n|\n|t:|1698972813\n|start\n|switch|p1a: Bulbasaur|Bulbasaur, M|100\/100\n|switch|p2a: Annihilape|Annihilape, M|100\/100\n|turn|1\n|\n|t:|1698972826\n|move|p2a: Annihilape|Taunt|p1a: Bulbasaur\n|-start|p1a: Bulbasaur|move: Taunt\n|cant|p1a: Bulbasaur|move: Taunt|Sleep Powder\n|\n|upkeep\n|turn|2\n|\n|t:|1698972834\n|move|p2a: Annihilape|Rage Fist|p1a: Bulbasaur\n|-damage|p1a: Bulbasaur|64\/100\n|move|p1a: Bulbasaur|Sludge Bomb|p2a: Annihilape\n|-resisted|p2a: Annihilape\n|-damage|p2a: Annihilape|90\/100\n|\n|upkeep\n|turn|3\n|\n|t:|1698972841\n|move|p2a: Annihilape|Rage Fist|p1a: Bulbasaur\n|-damage|p1a: Bulbasaur|0 fnt\n|faint|p1a: Bulbasaur\n|\n|upkeep\n|\n|t:|1698972860\n|switch|p1a: Wynaut|Wynaut, M|100\/100\n|turn|4\n|\n|t:|1698972865\n|move|p2a: Annihilape|Taunt|p1a: Wynaut\n|-start|p1a: Wynaut|move: Taunt\n|cant|p1a: Wynaut|move: Taunt|Encore\n|\n|upkeep\n|turn|5\n|\n|t:|1698972888\n|move|p2a: Annihilape|Rage Fist|p1a: Wynaut\n|-supereffective|p1a: Wynaut\n|-damage|p1a: Wynaut|0 fnt\n|faint|p1a: Wynaut\n|\n|upkeep\n|\n|t:|1698972895\n|switch|p1a: Glimmet|Glimmet, M|100\/100\n|turn|6\n|\n|t:|1698972928\n|move|p2a: Annihilape|Rage Fist|p1a: Glimmet\n|-damage|p1a: Glimmet|12\/100\n|-activate|p1a: Glimmet|ability: Toxic Debris\n|-sidestart|p2: Saigostar|move: Toxic Spikes\n|move|p1a: Glimmet|Explosion|p2a: Annihilape\n|-immune|p2a: Annihilape\n|faint|p1a: Glimmet\n|\n|upkeep\n|\n|t:|1698972936\n|switch|p1a: Timburr|Timburr, M|100\/100\n|turn|7\n|\n|t:|1698972942\n|move|p2a: Annihilape|Rage Fist|p1a: Timburr\n|-damage|p1a: Timburr|58\/100\n|move|p1a: Timburr|Knock Off|p2a: Annihilape\n|-damage|p2a: Annihilape|67\/100\n|-enditem|p2a: Annihilape|Chesto Berry|[from] move: Knock Off|[of] p1a: Timburr\n|\n|upkeep\n|turn|8\n|\n|t:|1698972949\n|move|p2a: Annihilape|Drain Punch|p1a: Timburr\n|-damage|p1a: Timburr|26\/100\n|-heal|p2a: Annihilape|83\/100|[from] drain|[of] p1a: Timburr\n|move|p1a: Timburr|Drain Punch|p2a: Annihilape\n|-immune|p2a: Annihilape\n|\n|upkeep\n|turn|9\n|\n|t:|1698972952\n|move|p2a: Annihilape|Rage Fist|p1a: Timburr\n|-damage|p1a: Timburr|0 fnt\n|faint|p1a: Timburr\n|\n|upkeep\n|\n|t:|1698972955\n|switch|p1a: Numel|Numel, M|100\/100\n|turn|10\n|\n|t:|1698972966\n|move|p2a: Annihilape|Rage Fist|p1a: Numel\n|-damage|p1a: Numel|17\/100\n|move|p1a: Numel|Will-O-Wisp|p2a: Annihilape\n|-status|p2a: Annihilape|brn\n|\n|-damage|p2a: Annihilape|76\/100 brn|[from] brn\n|upkeep\n|turn|11\n|\n|t:|1698972974\n|move|p1a: Numel|Protect|p1a: Numel\n|-singleturn|p1a: Numel|Protect\n|move|p2a: Annihilape|Rage Fist|p1a: Numel\n|-activate|p1a: Numel|move: Protect\n|\n|-damage|p2a: Annihilape|70\/100 brn|[from] brn\n|upkeep\n|turn|12\n|\n|t:|1698972987\n|move|p2a: Annihilape|Rage Fist|p1a: Numel\n|-damage|p1a: Numel|0 fnt\n|faint|p1a: Numel\n|\n|-damage|p2a: Annihilape|64\/100 brn|[from] brn\n|upkeep\n|\n|t:|1698972993\n|switch|p1a: Greavard|Greavard, F|100\/100\n|turn|13\n|\n|t:|1698973008\n|-terastallize|p2a: Annihilape|Fighting\n|move|p1a: Greavard|Endure|p1a: Greavard\n|-singleturn|p1a: Greavard|move: Endure\n|move|p2a: Annihilape|Rest|p2a: Annihilape\n|-status|p2a: Annihilape|slp|[from] move: Rest\n|-heal|p2a: Annihilape|100\/100 slp|[silent]\n|\n|upkeep\n|turn|14\n|\n|t:|1698973023\n|cant|p2a: Annihilape|slp\n|move|p1a: Greavard|Hex|p2a: Annihilape\n|-damage|p2a: Annihilape|81\/100 slp\n|\n|upkeep\n|turn|15\n|-activate|p1a: Greavard|item: Quick Claw\n|\n|t:|1698973033\n|move|p1a: Greavard|Hex|p2a: Annihilape\n|-damage|p2a: Annihilape|63\/100 slp\n|cant|p2a: Annihilape|slp\n|\n|upkeep\n|turn|16\n|\n|t:|1698973039\n|-curestatus|p2a: Annihilape|slp|[msg]\n|move|p2a: Annihilape|Rage Fist|p1a: Greavard\n|-supereffective|p1a: Greavard\n|-damage|p1a: Greavard|0 fnt\n|faint|p1a: Greavard\n|\n|win|Saigostar\n","uploadtime":1698973050,"views":10,"p1id":"jazzpunk07","p2id":"saigostar","formatid":"gen9nationaldexubers","rating":0,"private":0,"password":""}