{"id":"gen9nationaldexubers-1988682669","p1":"The_Opposum","p2":"basilcheer","format":"[Gen 9] National Dex Ubers","log":"|j|\u2606The_Opposum\n|j|\u2606basilcheer\n|t:|1699750115\n|gametype|singles\n|player|p1|The_Opposum|cynthia-masters3|\n|player|p2|basilcheer|marnie|\n|teamsize|p1|6\n|teamsize|p2|6\n|gen|9\n|tier|[Gen 9] National Dex Ubers\n|rule|HP Percentage Mod: HP is shown in percentages\n|rule|Endless Battle Clause: Forcing endless battles is banned\n|rule|OHKO Clause: OHKO moves are banned\n|rule|Evasion Moves Clause: Evasion moves are banned\n|rule|Evasion Items Clause: Evasion items are banned\n|rule|Species Clause: Limit one of each Pok\u00e9mon\n|rule|Sleep Clause Mod: Limit one foe put to sleep\n|rule|Mega Rayquaza Clause: You cannot mega evolve Rayquaza\n|clearpoke\n|poke|p1|Whimsicott, M|\n|poke|p1|Charizard, M|\n|poke|p1|Heatran, M|\n|poke|p1|Great Tusk|\n|poke|p1|Mimikyu, M|\n|poke|p1|Absol, M|\n|poke|p2|Feraligatr, M|\n|poke|p2|Mawile, F|\n|poke|p2|Victini|\n|poke|p2|Klinklang|\n|poke|p2|Haxorus, F|\n|poke|p2|Azelf|\n|teampreview\n|\n|t:|1699750128\n|start\n|switch|p1a: Whimsicott|Whimsicott, M|100\/100\n|switch|p2a: Azelf|Azelf|100\/100\n|turn|1\n|j| palestjade\n|c| palestjade|Gaming\n|\n|t:|1699750138\n|move|p1a: Whimsicott|Moonblast|p2a: Azelf\n|-damage|p2a: Azelf|49\/100\n|move|p2a: Azelf|Stealth Rock|p1a: Whimsicott\n|-sidestart|p1: The_Opposum|move: Stealth Rock\n|\n|upkeep\n|turn|2\n|\n|t:|1699750145\n|move|p1a: Whimsicott|Moonblast|p2a: Azelf\n|-damage|p2a: Azelf|0 fnt\n|faint|p2a: Azelf\n|\n|upkeep\n|j| fairlylame\n|\n|t:|1699750160\n|switch|p2a: Klinklang|Klinklang|100\/100\n|turn|3\n|\n|t:|1699750164\n|move|p1a: Whimsicott|Light Screen|p1a: Whimsicott\n|-sidestart|p1: The_Opposum|move: Light Screen\n|move|p2a: Klinklang|Shift Gear|p2a: Klinklang\n|-boost|p2a: Klinklang|spe|2\n|-boost|p2a: Klinklang|atk|1\n|\n|upkeep\n|turn|4\n|c| palestjade|consider the rocks up\n|\n|t:|1699750171\n|move|p1a: Whimsicott|Encore|p2a: Klinklang\n|-start|p2a: Klinklang|Encore\n|move|p2a: Klinklang|Shift Gear|p2a: Klinklang\n|-boost|p2a: Klinklang|spe|2\n|-boost|p2a: Klinklang|atk|1\n|\n|upkeep\n|turn|5\n|\n|t:|1699750186\n|switch|p2a: Victini|Victini|100\/100\n|move|p1a: Whimsicott|Moonblast|p2a: Victini\n|-resisted|p2a: Victini\n|-damage|p2a: Victini|82\/100\n|\n|upkeep\n|turn|6\n|\n|t:|1699750195\n|move|p1a: Whimsicott|Moonblast|p2a: Victini\n|-resisted|p2a: Victini\n|-damage|p2a: Victini|65\/100\n|move|p2a: Victini|V-create|p1a: Whimsicott\n|-supereffective|p1a: Whimsicott\n|-enditem|p1a: Whimsicott|Focus Sash\n|-damage|p1a: Whimsicott|1\/100\n|-unboost|p2a: Victini|spe|1\n|-unboost|p2a: Victini|def|1\n|-unboost|p2a: Victini|spd|1\n|\n|upkeep\n|turn|7\n|c| palestjade|wham bam bam\n|\n|t:|1699750208\n|move|p1a: Whimsicott|Sunny Day|p1a: Whimsicott\n|-weather|SunnyDay\n|move|p2a: Victini|V-create|p1a: Whimsicott\n|-supereffective|p1a: Whimsicott\n|-damage|p1a: Whimsicott|0 fnt\n|-unboost|p2a: Victini|spe|1\n|-unboost|p2a: Victini|def|1\n|-unboost|p2a: Victini|spd|1\n|faint|p1a: Whimsicott\n|\n|-weather|SunnyDay|[upkeep]\n|-sideend|p1: The_Opposum|move: Light Screen\n|upkeep\n|c| palestjade|NICE JOB MAKING THE V CREATE STRONGER LOL\n|\n|t:|1699750226\n|switch|p1a: Charizard|Charizard, M|100\/100\n|-damage|p1a: Charizard|51\/100|[from] Stealth Rock\n|turn|8\n|c|\u2606basilcheer|I have no speed or def so doesn't matter lol\n|c| palestjade|50%\n|\n|t:|1699750238\n|switch|p2a: Feraligatr|Feraligatr, M|100\/100\n|detailschange|p1a: Charizard|Charizard-Mega-X, M\n|-mega|p1a: Charizard|Charizard|Charizardite X\n|move|p1a: Charizard|Dragon Claw|p2a: Feraligatr\n|-damage|p2a: Feraligatr|37\/100\n|\n|-weather|SunnyDay|[upkeep]\n|upkeep\n|turn|9\n|\n|t:|1699750249\n|move|p1a: Charizard|Dragon Claw|p2a: Feraligatr\n|-damage|p2a: Feraligatr|0 fnt\n|faint|p2a: Feraligatr\n|\n|-weather|SunnyDay|[upkeep]\n|upkeep\n|c| palestjade|rocks \ud83d\ude14\n|c| palestjade|what\n|\n|t:|1699750297\n|switch|p2a: Victini|Victini|65\/100\n|turn|10\n|c| palestjade|Let's play a game\n|c| palestjade|does v create somehow kill\n|\n|t:|1699750314\n|move|p2a: Victini|Zen Headbutt|p1a: Charizard\n|-damage|p1a: Charizard|0 fnt\n|faint|p1a: Charizard\n|\n|-weather|SunnyDay|[upkeep]\n|upkeep\n|\n|t:|1699750325\n|switch|p1a: Great Tusk|Great Tusk|100\/100\n|-damage|p1a: Great Tusk|98\/100|[from] Stealth Rock\n|-activate|p1a: Great Tusk|ability: Protosynthesis\n|-start|p1a: Great Tusk|protosynthesisspe\n|turn|11\n|l| palestjade\n|\n|t:|1699750343\n|move|p1a: Great Tusk|Headlong Rush|p2a: Victini\n|-supereffective|p2a: Victini\n|-damage|p2a: Victini|0 fnt\n|-unboost|p1a: Great Tusk|def|1\n|-unboost|p1a: Great Tusk|spd|1\n|faint|p2a: Victini\n|\n|-weather|none\n|-end|p1a: Great Tusk|Protosynthesis\n|upkeep\n|-enditem|p1a: Great Tusk|Booster Energy\n|-activate|p1a: Great Tusk|ability: Protosynthesis|[fromitem]\n|-start|p1a: Great Tusk|protosynthesisspe\n|j| palestjade\n|\n|t:|1699750393\n|switch|p2a: Mawile|Mawile, F|100\/100\n|-ability|p2a: Mawile|Intimidate|boost\n|-unboost|p1a: Great Tusk|atk|1\n|turn|12\n|\n|t:|1699750418\n|detailschange|p2a: Mawile|Mawile-Mega, F\n|-mega|p2a: Mawile|Mawile|Mawilite\n|move|p2a: Mawile|Sucker Punch||[still]\n|-fail|p2a: Mawile\n|move|p1a: Great Tusk|Bulk Up|p1a: Great Tusk\n|-boost|p1a: Great Tusk|atk|1\n|-boost|p1a: Great Tusk|def|1\n|\n|upkeep\n|turn|13\n|\n|t:|1699750439\n|move|p1a: Great Tusk|Body Press|p2a: Mawile\n|-damage|p2a: Mawile|70\/100\n|move|p2a: Mawile|Swords Dance|p2a: Mawile\n|-boost|p2a: Mawile|atk|2\n|\n|upkeep\n|turn|14\n|\n|t:|1699750454\n|move|p2a: Mawile|Sucker Punch|p1a: Great Tusk\n|-resisted|p1a: Great Tusk\n|-crit|p1a: Great Tusk\n|-damage|p1a: Great Tusk|55\/100\n|move|p1a: Great Tusk|Headlong Rush|p2a: Mawile\n|-supereffective|p2a: Mawile\n|-damage|p2a: Mawile|0 fnt\n|-unboost|p1a: Great Tusk|def|1\n|-unboost|p1a: Great Tusk|spd|1\n|faint|p2a: Mawile\n|\n|upkeep\n|\n|t:|1699750465\n|switch|p2a: Haxorus|Haxorus, F|100\/100\n|-ability|p2a: Haxorus|Mold Breaker\n|turn|15\n|\n|t:|1699750486\n|move|p1a: Great Tusk|Headlong Rush|p2a: Haxorus\n|-damage|p2a: Haxorus|37\/100\n|-unboost|p1a: Great Tusk|def|1\n|-unboost|p1a: Great Tusk|spd|1\n|move|p2a: Haxorus|Dragon Dance|p2a: Haxorus\n|-boost|p2a: Haxorus|atk|1\n|-boost|p2a: Haxorus|spe|1\n|\n|upkeep\n|turn|16\n|\n|t:|1699750500\n|move|p1a: Great Tusk|Headlong Rush|p2a: Haxorus\n|-damage|p2a: Haxorus|0 fnt\n|-unboost|p1a: Great Tusk|def|1\n|-unboost|p1a: Great Tusk|spd|1\n|faint|p2a: Haxorus\n|\n|upkeep\n|\n|t:|1699750507\n|switch|p2a: Klinklang|Klinklang|100\/100\n|turn|17\n|l| palestjade\n|\n|t:|1699750514\n|move|p1a: Great Tusk|Body Press|p2a: Klinklang\n|-supereffective|p2a: Klinklang\n|-damage|p2a: Klinklang|64\/100\n|move|p2a: Klinklang|Magnet Rise|p2a: Klinklang\n|-start|p2a: Klinklang|Magnet Rise\n|\n|-heal|p2a: Klinklang|70\/100|[from] item: Leftovers\n|upkeep\n|turn|18\n|\n|t:|1699750527\n|-terastallize|p2a: Klinklang|Steel\n|move|p1a: Great Tusk|Body Press|p2a: Klinklang\n|-supereffective|p2a: Klinklang\n|-damage|p2a: Klinklang|33\/100\n|move|p2a: Klinklang|Gear Grind|p1a: Great Tusk\n|-damage|p1a: Great Tusk|7\/100\n|-damage|p1a: Great Tusk|0 fnt\n|faint|p1a: Great Tusk\n|-end|p1a: Great Tusk|Protosynthesis|[silent]\n|-hitcount|p1: Great Tusk|2\n|\n|-heal|p2a: Klinklang|39\/100|[from] item: Leftovers\n|upkeep\n|\n|t:|1699750538\n|switch|p1a: Coldstop|Heatran, M|100\/100\n|-damage|p1a: Coldstop|88\/100|[from] Stealth Rock\n|turn|19\n|\n|t:|1699750542\n|move|p1a: Coldstop|Eruption|p2a: Klinklang\n|-supereffective|p2a: Klinklang\n|-damage|p2a: Klinklang|0 fnt\n|faint|p2a: Klinklang\n|\n|win|The_Opposum\n|l|\u2606The_Opposum\n|j|\u2606The_Opposum\n|player|p1|The_Opposum|cynthia-masters3\n","uploadtime":1699750562,"views":5,"p1id":"theopposum","p2id":"basilcheer","formatid":"gen9nationaldexubers","rating":0,"private":0,"password":""}